{"id":"gen9anythinggoes-1988927226","p1":"Dezinator","p2":"eurybie","format":"[Gen 9] Anything Goes","log":"|j|\u2606Dezinator\n|j|\u2606eurybie\n|t:|1699789265\n|gametype|singles\n|player|p1|Dezinator|dancer|1483\n|player|p2|eurybie|102|1901\n|teamsize|p1|6\n|teamsize|p2|6\n|gen|9\n|tier|[Gen 9] Anything Goes\n|rated|\n|rule|HP Percentage Mod: HP is shown in percentages\n|rule|Endless Battle Clause: Forcing endless battles is banned\n|clearpoke\n|poke|p1|Calyrex-Shadow|\n|poke|p1|Chien-Pao|\n|poke|p1|Arceus|\n|poke|p1|Regieleki|\n|poke|p1|Gliscor, M|\n|poke|p1|Zamazenta-*|\n|poke|p2|Miraidon|\n|poke|p2|Grimmsnarl, M|\n|poke|p2|Skeledirge, M|\n|poke|p2|Blissey, F|\n|poke|p2|Moltres|\n|poke|p2|Calyrex-Ice|\n|teampreview\n|inactive|Battle timer is ON: inactive players will automatically lose when time's up. (requested by Dezinator)\n|\n|t:|1699789299\n|start\n|switch|p1a: mr krabbs|Gliscor, M|100\/100\n|switch|p2a: Miraidon|Miraidon|100\/100\n|-fieldstart|move: Electric Terrain|[from] ability: Hadron Engine|[of] p2a: Miraidon\n|turn|1\n|\n|t:|1699789309\n|move|p2a: Miraidon|U-turn|p1a: mr krabbs\n|-resisted|p1a: mr krabbs\n|-damage|p1a: mr krabbs|97\/100\n|\n|t:|1699789312\n|switch|p2a: Moltres|Moltres|100\/100|[from] U-turn\n|move|p1a: mr krabbs|Toxic|p2a: Moltres\n|-status|p2a: Moltres|tox\n|\n|-damage|p2a: Moltres|94\/100 tox|[from] psn\n|-status|p1a: mr krabbs|tox|[from] item: Toxic Orb\n|upkeep\n|turn|2\n|\n|t:|1699789335\n|move|p1a: mr krabbs|Protect|p1a: mr krabbs\n|-singleturn|p1a: mr krabbs|Protect\n|move|p2a: Moltres|U-turn|p1a: mr krabbs\n|-activate|p1a: mr krabbs|move: Protect\n|\n|-heal|p1a: mr krabbs|100\/100 tox|[from] ability: Poison Heal\n|-damage|p2a: Moltres|82\/100 tox|[from] psn\n|upkeep\n|turn|3\n|\n|t:|1699789364\n|move|p1a: mr krabbs|Spikes|p2a: Moltres\n|-sidestart|p2: eurybie|Spikes\n|move|p2a: Moltres|U-turn|p1a: mr krabbs\n|-resisted|p1a: mr krabbs\n|-damage|p1a: mr krabbs|97\/100 tox\n|\n|t:|1699789370\n|switch|p2a: Calyrex|Calyrex-Ice|100\/100|[from] U-turn\n|-ability|p2a: Calyrex|As One\n|-ability|p2a: Calyrex|Unnerve\n|\n|-heal|p1a: mr krabbs|100\/100 tox|[from] ability: Poison Heal\n|upkeep\n|turn|4\n|inactive|Dezinator has 120 seconds left.\n|\n|t:|1699789423\n|move|p1a: mr krabbs|Toxic|p2a: Calyrex\n|-status|p2a: Calyrex|tox\n|move|p2a: Calyrex|Glacial Lance|p1a: mr krabbs\n|-supereffective|p1a: mr krabbs\n|-damage|p1a: mr krabbs|0 fnt\n|faint|p1a: mr krabbs\n|-ability|p2a: Calyrex|Chilling Neigh|boost\n|-boost|p2a: Calyrex|atk|1\n|\n|-damage|p2a: Calyrex|94\/100 tox|[from] psn\n|upkeep\n|inactive|Dezinator has 90 seconds left.\n|inactive|Dezinator has 60 seconds left.\n|\n|t:|1699789464\n|switch|p1a: god|Arceus|100\/100\n|turn|5\n|\n|t:|1699789474\n|switch|p2a: Skeledirge|Skeledirge, M|100\/100\n|move|p1a: god|Protect||[still]\n|-fail|p1a: god\n|\n|-fieldend|move: Electric Terrain\n|upkeep\n|turn|6\n|inactive|Dezinator has 60 seconds left.\n|\n|t:|1699789516\n|-terastallize|p1a: god|Ghost\n|move|p1a: god|Shadow Claw|p2a: Skeledirge\n|-supereffective|p2a: Skeledirge\n|-crit|p2a: Skeledirge\n|-damage|p2a: Skeledirge|30\/100\n|move|p2a: Skeledirge|Will-O-Wisp|p1a: god\n|-status|p1a: god|brn\n|\n|-damage|p1a: god|94\/100 brn|[from] brn\n|upkeep\n|turn|7\n|inactive|eurybie has 120 seconds left.\n|\n|t:|1699789548\n|switch|p2a: Blissey|Blissey, F|100\/100\n|move|p1a: god|Shadow Claw|p2a: Blissey\n|-immune|p2a: Blissey\n|\n|-damage|p1a: god|88\/100 brn|[from] brn\n|upkeep\n|turn|8\n|inactive|eurybie has 120 seconds left.\n|\n|t:|1699789556\n|switch|p2a: Moltres|Moltres|82\/100 tox\n|move|p1a: god|Swords Dance|p1a: god\n|-boost|p1a: god|atk|2\n|\n|-damage|p2a: Moltres|75\/100 tox|[from] psn\n|-damage|p1a: god|82\/100 brn|[from] brn\n|upkeep\n|turn|9\n|inactive|eurybie has 120 seconds left.\n|\n|t:|1699789572\n|move|p1a: god|Protect|p1a: god\n|-singleturn|p1a: god|Protect\n|move|p2a: Moltres|U-turn|p1a: god\n|-activate|p1a: god|move: Protect\n|\n|-damage|p2a: Moltres|63\/100 tox|[from] psn\n|-damage|p1a: god|76\/100 brn|[from] brn\n|upkeep\n|turn|10\n|inactive|eurybie has 120 seconds left.\n|\n|t:|1699789586\n|move|p1a: god|Extreme Speed|p2a: Moltres\n|-damage|p2a: Moltres|32\/100 tox\n|move|p2a: Moltres|U-turn|p1a: god\n|-resisted|p1a: god\n|-damage|p1a: god|71\/100 brn\n|\n|t:|1699789592\n|switch|p2a: Skeledirge|Skeledirge, M|30\/100|[from] U-turn\n|\n|-damage|p1a: god|65\/100 brn|[from] brn\n|upkeep\n|turn|11\n|inactive|eurybie has 120 seconds left.\n|\n|t:|1699789600\n|-terastallize|p2a: Skeledirge|Flying\n|move|p1a: god|Shadow Claw|p2a: Skeledirge\n|-damage|p2a: Skeledirge|18\/100\n|move|p2a: Skeledirge|Slack Off|p2a: Skeledirge\n|-heal|p2a: Skeledirge|68\/100\n|\n|-damage|p1a: god|59\/100 brn|[from] brn\n|upkeep\n|turn|12\n|inactive|eurybie has 120 seconds left.\n|inactive|Dezinator has 60 seconds left.\n|inactive|eurybie has 90 seconds left.\n|\n|t:|1699789645\n|move|p1a: god|Swords Dance|p1a: god\n|-boost|p1a: god|atk|2\n|move|p2a: Skeledirge|Slack Off|p2a: Skeledirge\n|-heal|p2a: Skeledirge|100\/100\n|\n|-damage|p1a: god|53\/100 brn|[from] brn\n|upkeep\n|turn|13\n|inactive|Dezinator has 60 seconds left.\n|inactive|eurybie has 90 seconds left.\n|\n|t:|1699789662\n|move|p1a: god|Extreme Speed|p2a: Skeledirge\n|-damage|p2a: Skeledirge|88\/100\n|move|p2a: Skeledirge|Hex|p1a: god\n|-supereffective|p1a: god\n|-damage|p1a: god|0 fnt\n|faint|p1a: god\n|\n|upkeep\n|\n|t:|1699789669\n|switch|p1a: energizer bunny|Regieleki|100\/100\n|turn|14\n|\n|t:|1699789679\n|switch|p2a: Blissey|Blissey, F|100\/100\n|move|p1a: energizer bunny|Thunderbolt|p2a: Blissey\n|-damage|p2a: Blissey|87\/100\n|-damage|p1a: energizer bunny|91\/100|[from] item: Life Orb\n|\n|upkeep\n|turn|15\n|\n|t:|1699789692\n|switch|p1a: dog|Zamazenta-Crowned|100\/100\n|-ability|p1a: dog|Dauntless Shield|boost\n|-boost|p1a: dog|def|1\n|move|p2a: Blissey|Heal Bell|p2a: Blissey\n|-activate|p2a: Blissey|move: Heal Bell\n|-curestatus|p2: Calyrex|tox|[msg]\n|-curestatus|p2: Moltres|tox|[msg]\n|\n|upkeep\n|turn|16\n|inactive|Dezinator has 60 seconds left.\n|inactive|eurybie has 90 seconds left.\n|\n|t:|1699789724\n|switch|p2a: Skeledirge|Skeledirge, M, tera:Flying|88\/100\n|move|p1a: dog|Iron Defense|p1a: dog\n|-boost|p1a: dog|def|2\n|\n|upkeep\n|turn|17\n|inactive|Dezinator has 60 seconds left.\n|\n|t:|1699789731\n|move|p1a: dog|Behemoth Bash|p2a: Skeledirge\n|-damage|p2a: Skeledirge|63\/100\n|move|p2a: Skeledirge|Will-O-Wisp|p1a: dog\n|-status|p1a: dog|brn\n|\n|-damage|p1a: dog|94\/100 brn|[from] brn\n|upkeep\n|turn|18\n|inactive|eurybie has 90 seconds left.\n|inactive|Dezinator has 60 seconds left.\n|\n|t:|1699789745\n|move|p1a: dog|Body Press|p2a: Skeledirge\n|-resisted|p2a: Skeledirge\n|-damage|p2a: Skeledirge|57\/100\n|move|p2a: Skeledirge|Will-O-Wisp|p1a: dog\n|-fail|p1a: dog|brn\n|\n|-damage|p1a: dog|88\/100 brn|[from] brn\n|upkeep\n|turn|19\n|inactive|eurybie has 90 seconds left.\n|\n|t:|1699789753\n|switch|p1a: energizer bunny|Regieleki|91\/100\n|move|p2a: Skeledirge|Slack Off|p2a: Skeledirge\n|-heal|p2a: Skeledirge|100\/100\n|\n|upkeep\n|turn|20\n|inactive|eurybie has 90 seconds left.\n|\n|t:|1699789766\n|switch|p2a: Blissey|Blissey, F|87\/100\n|move|p1a: energizer bunny|Thunderbolt|p2a: Blissey\n|-crit|p2a: Blissey\n|-damage|p2a: Blissey|63\/100\n|-damage|p1a: energizer bunny|81\/100|[from] item: Life Orb\n|\n|upkeep\n|turn|21\n|\n|t:|1699789774\n|move|p1a: energizer bunny|Thunderbolt|p2a: Blissey\n|-damage|p2a: Blissey|47\/100\n|-damage|p1a: energizer bunny|71\/100|[from] item: Life Orb\n|move|p2a: Blissey|Stealth Rock|p1a: energizer bunny\n|-sidestart|p1: Dezinator|move: Stealth Rock\n|\n|upkeep\n|turn|22\n|\n|t:|1699789782\n|move|p1a: energizer bunny|Rapid Spin|p2a: Blissey\n|-damage|p2a: Blissey|18\/100\n|-boost|p1a: energizer bunny|spe|1\n|-sideend|p1: Dezinator|Stealth Rock|[from] move: Rapid Spin|[of] p1a: energizer bunny\n|-damage|p1a: energizer bunny|61\/100|[from] item: Life Orb\n|move|p2a: Blissey|Soft-Boiled|p2a: Blissey\n|-heal|p2a: Blissey|68\/100\n|\n|upkeep\n|turn|23\n|inactive|eurybie has 90 seconds left.\n|\n|t:|1699789829\n|move|p1a: energizer bunny|Extreme Speed|p2a: Blissey\n|-damage|p2a: Blissey|17\/100\n|-damage|p1a: energizer bunny|51\/100|[from] item: Life Orb\n|move|p2a: Blissey|Seismic Toss|p1a: energizer bunny\n|-damage|p1a: energizer bunny|24\/100\n|\n|upkeep\n|turn|24\n|\n|t:|1699789837\n|switch|p2a: Grimmsnarl|Grimmsnarl, M|100\/100\n|move|p1a: energizer bunny|Extreme Speed|p2a: Grimmsnarl\n|-damage|p2a: Grimmsnarl|69\/100\n|-damage|p1a: energizer bunny|14\/100|[from] item: Life Orb\n|\n|upkeep\n|turn|25\n|\n|t:|1699789851\n|switch|p1a: dog|Zamazenta-Crowned|88\/100 brn\n|move|p2a: Grimmsnarl|Sucker Punch||[still]\n|-fail|p2a: Grimmsnarl\n|\n|-damage|p1a: dog|82\/100 brn|[from] brn\n|upkeep\n|turn|26\n|\n|t:|1699789860\n|move|p2a: Grimmsnarl|Parting Shot|p1a: dog\n|-unboost|p1a: dog|atk|1\n|-unboost|p1a: dog|spa|1\n|\n|t:|1699789875\n|switch|p2a: Moltres|Moltres|32\/100|[from] Parting Shot\n|move|p1a: dog|Behemoth Bash|p2a: Moltres\n|-resisted|p2a: Moltres\n|-damage|p2a: Moltres|27\/100\n|\n|-damage|p1a: dog|76\/100 brn|[from] brn\n|upkeep\n|turn|27\n|inactive|Dezinator has 90 seconds left.\n|\n|t:|1699789893\n|switch|p1a: horse|Calyrex-Shadow|100\/100\n|-ability|p1a: horse|As One\n|-ability|p1a: horse|Unnerve\n|move|p2a: Moltres|Roost|p2a: Moltres\n|-heal|p2a: Moltres|77\/100\n|-singleturn|p2a: Moltres|move: Roost\n|\n|upkeep\n|turn|28\n|\n|t:|1699789917\n|switch|p2a: Grimmsnarl|Grimmsnarl, M|69\/100\n|move|p1a: horse|Astral Barrage|p2a: Grimmsnarl\n|-resisted|p2a: Grimmsnarl\n|-damage|p2a: Grimmsnarl|25\/100\n|\n|upkeep\n|turn|29\n|inactive|eurybie has 90 seconds left.\n|\n|t:|1699789935\n|move|p2a: Grimmsnarl|Thunder Wave|p1a: horse\n|-status|p1a: horse|par\n|move|p1a: horse|Astral Barrage|p2a: Grimmsnarl\n|-resisted|p2a: Grimmsnarl\n|-damage|p2a: Grimmsnarl|0 fnt\n|faint|p2a: Grimmsnarl\n|-ability|p1a: horse|Grim Neigh|boost\n|-boost|p1a: horse|spa|1\n|\n|upkeep\n|\n|t:|1699789944\n|switch|p2a: Blissey|Blissey, F|17\/100\n|turn|30\n|\n|t:|1699789948\n|move|p1a: horse|Astral Barrage|p2a: Blissey\n|-immune|p2a: Blissey\n|move|p2a: Blissey|Stealth Rock|p1a: horse\n|-sidestart|p1: Dezinator|move: Stealth Rock\n|\n|upkeep\n|turn|31\n|inactive|Dezinator has 90 seconds left.\n|\n|t:|1699789973\n|switch|p1a: dog|Zamazenta-Crowned|76\/100 brn\n|-damage|p1a: dog|73\/100 brn|[from] Stealth Rock\n|move|p2a: Blissey|Seismic Toss|p1a: dog\n|-damage|p1a: dog|47\/100 brn\n|\n|-damage|p1a: dog|41\/100 brn|[from] brn\n|upkeep\n|turn|32\n|\n|t:|1699789982\n|switch|p2a: Moltres|Moltres|77\/100\n|move|p1a: dog|Iron Defense|p1a: dog\n|-boost|p1a: dog|def|2\n|\n|-damage|p1a: dog|35\/100 brn|[from] brn\n|upkeep\n|turn|33\n|inactive|Dezinator has 90 seconds left.\n|\n|t:|1699789994\n|switch|p1a: horse|Calyrex-Shadow|100\/100 par\n|-ability|p1a: horse|As One\n|-ability|p1a: horse|Unnerve\n|-damage|p1a: horse|88\/100 par|[from] Stealth Rock\n|move|p2a: Moltres|Burning Jealousy|p1a: horse\n|-damage|p1a: horse|57\/100 par\n|\n|upkeep\n|turn|34\n|inactive|Dezinator has 90 seconds left.\n|\n|t:|1699790014\n|move|p1a: horse|Psyshock|p2a: Moltres\n|-damage|p2a: Moltres|29\/100\n|move|p2a: Moltres|Roost|p2a: Moltres\n|-heal|p2a: Moltres|79\/100\n|-singleturn|p2a: Moltres|move: Roost\n|\n|upkeep\n|turn|35\n|\n|t:|1699790022\n|switch|p2a: Calyrex|Calyrex-Ice|94\/100\n|-ability|p2a: Calyrex|As One\n|-ability|p2a: Calyrex|Unnerve\n|cant|p1a: horse|par\n|\n|upkeep\n|turn|36\n|inactive|Dezinator has 90 seconds left.\n|inactive|eurybie has 120 seconds left.\n|\n|t:|1699790039\n|switch|p1a: cat|Chien-Pao|100\/100\n|-ability|p1a: cat|Sword of Ruin\n|move|p2a: Calyrex|Glacial Lance|p1a: cat\n|-resisted|p1a: cat\n|-damage|p1a: cat|41\/100\n|\n|upkeep\n|turn|37\n|inactive|eurybie has 120 seconds left.\n|\n|t:|1699790047\n|move|p1a: cat|Sucker Punch|p2a: Calyrex\n|-supereffective|p2a: Calyrex\n|-damage|p2a: Calyrex|36\/100\n|move|p2a: Calyrex|Glacial Lance|p1a: cat\n|-resisted|p1a: cat\n|-damage|p1a: cat|0 fnt\n|faint|p1a: cat\n|-ability|p2a: Calyrex|Chilling Neigh|boost\n|-boost|p2a: Calyrex|atk|1\n|\n|upkeep\n|\n|t:|1699790066\n|switch|p1a: energizer bunny|Regieleki|14\/100\n|-damage|p1a: energizer bunny|1\/100|[from] Stealth Rock\n|turn|38\n|inactive|eurybie has 120 seconds left.\n|\n|t:|1699790086\n|move|p1a: energizer bunny|Thunderbolt|p2a: Calyrex\n|-damage|p2a: Calyrex|0 fnt\n|faint|p2a: Calyrex\n|-damage|p1a: energizer bunny|0 fnt|[from] item: Life Orb\n|faint|p1a: energizer bunny\n|\n|upkeep\n|inactive|eurybie has 120 seconds left.\n|\n|t:|1699790097\n|switch|p1a: horse|Calyrex-Shadow|57\/100 par\n|switch|p2a: Miraidon|Miraidon|100\/100\n|-ability|p1a: horse|As One\n|-ability|p1a: horse|Unnerve\n|-fieldstart|move: Electric Terrain|[from] ability: Hadron Engine|[of] p2a: Miraidon\n|-damage|p1a: horse|45\/100 par|[from] Stealth Rock\n|turn|39\n|inactive|eurybie has 120 seconds left.\n|\n|t:|1699790114\n|move|p2a: Miraidon|Protect|p2a: Miraidon\n|-singleturn|p2a: Miraidon|Protect\n|move|p1a: horse|Psyshock|p2a: Miraidon\n|-activate|p2a: Miraidon|move: Protect\n|\n|upkeep\n|turn|40\n|inactive|eurybie has 120 seconds left.\n|\n|t:|1699790120\n|move|p2a: Miraidon|Electro Drift|p1a: horse\n|-damage|p1a: horse|0 fnt\n|faint|p1a: horse\n|\n|upkeep\n|\n|t:|1699790124\n|switch|p1a: dog|Zamazenta-Crowned|35\/100 brn\n|-damage|p1a: dog|31\/100 brn|[from] Stealth Rock\n|turn|41\n|\n|t:|1699790128\n|move|p2a: Miraidon|Electro Drift|p1a: dog\n|-damage|p1a: dog|0 fnt\n|faint|p1a: dog\n|\n|win|eurybie\n|raw|Dezinator's rating: 1483 &rarr; <strong>1480<\/strong><br \/>(-3 for losing)\n|raw|eurybie's rating: 1901 &rarr; <strong>1904<\/strong><br \/>(+3 for winning)\n|l|\u2606Dezinator\n","uploadtime":1699790216,"views":20,"p1id":"dezinator","p2id":"eurybie","formatid":"gen9anythinggoes","rating":1480,"private":0,"password":""}