{"id":"gen9anythinggoes-1995155714","p1":"SonicSpeedKaleb","p2":"Shade_Vinatieri","format":"[Gen 9] Anything Goes","log":"|j|\u2606SonicSpeedKaleb\n|j|\u2606Shade_Vinatieri\n|t:|1700528788\n|gametype|singles\n|player|p1|SonicSpeedKaleb|101|1214\n|player|p2|Shade_Vinatieri|acerola|1178\n|teamsize|p1|6\n|teamsize|p2|6\n|gen|9\n|tier|[Gen 9] Anything Goes\n|rated|\n|rule|HP Percentage Mod: HP is shown in percentages\n|rule|Endless Battle Clause: Forcing endless battles is banned\n|clearpoke\n|poke|p1|Skeledirge, M|\n|poke|p1|Pawmot, M|\n|poke|p1|Gardevoir, F|\n|poke|p1|Gliscor, F|\n|poke|p1|Lycanroc, M|\n|poke|p1|Koraidon|\n|poke|p2|Ribombee, F|\n|poke|p2|Gliscor, F|\n|poke|p2|Lurantis, F|\n|poke|p2|Empoleon, F|\n|poke|p2|Toxapex, F|\n|poke|p2|Iron Valiant|\n|teampreview\n|c|\u2606SonicSpeedKaleb|Let's rock with strats that don't spam unfair move pools!\n|\n|t:|1700528799\n|start\n|switch|p1a: Gliscor|Gliscor, F|100\/100\n|switch|p2a: Empoleon|Empoleon, F|100\/100\n|turn|1\n|inactive|Battle timer is ON: inactive players will automatically lose when time's up. (requested by SonicSpeedKaleb)\n|\n|t:|1700528811\n|move|p1a: Gliscor|Swords Dance|p1a: Gliscor\n|-boost|p1a: Gliscor|atk|2\n|move|p2a: Empoleon|Ice Beam|p1a: Gliscor\n|-supereffective|p1a: Gliscor\n|-enditem|p1a: Gliscor|Focus Sash\n|-damage|p1a: Gliscor|1\/100\n|\n|upkeep\n|turn|2\n|\n|t:|1700528817\n|move|p1a: Gliscor|Baton Pass|p1a: Gliscor\n|\n|t:|1700528819\n|switch|p1a: Koraidon|Koraidon|100\/100|[from] Baton Pass\n|-weather|SunnyDay|[from] ability: Orichalcum Pulse|[of] p1a: Koraidon\n|-activate|p1a: Koraidon|Orichalcum Pulse|[source]\n|move|p2a: Empoleon|Ice Beam|p1a: Koraidon\n|-supereffective|p1a: Koraidon\n|-damage|p1a: Koraidon|58\/100\n|\n|-weather|SunnyDay|[upkeep]\n|upkeep\n|turn|3\n|\n|t:|1700528828\n|move|p1a: Koraidon|Collision Course|p2a: Empoleon\n|-supereffective|p2a: Empoleon\n|-damage|p2a: Empoleon|0 fnt\n|faint|p2a: Empoleon\n|\n|-weather|SunnyDay|[upkeep]\n|upkeep\n|\n|t:|1700528843\n|switch|p2a: Iron Valiant|Iron Valiant|100\/100\n|-enditem|p2a: Iron Valiant|Booster Energy\n|-activate|p2a: Iron Valiant|ability: Quark Drive|[fromitem]\n|-start|p2a: Iron Valiant|quarkdrivespe\n|turn|4\n|c|\u2606SonicSpeedKaleb|Behold the power of non spike related strats!\n|\n|t:|1700528849\n|move|p2a: Iron Valiant|Moonblast|p1a: Koraidon\n|-supereffective|p1a: Koraidon\n|-damage|p1a: Koraidon|0 fnt\n|faint|p1a: Koraidon\n|\n|-weather|SunnyDay|[upkeep]\n|upkeep\n|c|\u2606SonicSpeedKaleb|SPEED CHEATER!\n|\n|t:|1700528856\n|switch|p1a: Pawmot|Pawmot, M|100\/100\n|turn|5\n|c|\u2606Shade_Vinatieri|Ok\n|\n|t:|1700528863\n|move|p2a: Iron Valiant|Moonblast|p1a: Pawmot\n|-supereffective|p1a: Pawmot\n|-enditem|p1a: Pawmot|Focus Sash\n|-damage|p1a: Pawmot|1\/100\n|-unboost|p1a: Pawmot|spa|1\n|move|p1a: Pawmot|Revival Blessing|p1a: Pawmot\n|\n|t:|1700528866\n|-heal|p1: Koraidon|50\/100|[from] move: Revival Blessing\n|\n|-weather|SunnyDay|[upkeep]\n|upkeep\n|turn|6\n|c|\u2606SonicSpeedKaleb|I should've known you were a cheater!\n|\n|t:|1700528875\n|move|p2a: Iron Valiant|Moonblast|p1a: Pawmot\n|-supereffective|p1a: Pawmot\n|-damage|p1a: Pawmot|0 fnt\n|faint|p1a: Pawmot\n|\n|-weather|none\n|upkeep\n|\n|t:|1700528883\n|switch|p1a: Lycanroc|Lycanroc, M|100\/100\n|turn|7\n|c|\u2606Shade_Vinatieri|Booster Energy go brrrr\n|\n|t:|1700528893\n|move|p2a: Iron Valiant|Liquidation|p1a: Lycanroc\n|-supereffective|p1a: Lycanroc\n|-damage|p1a: Lycanroc|5\/100\n|move|p1a: Lycanroc|Stealth Rock|p2a: Iron Valiant\n|-sidestart|p2: Shade_Vinatieri|move: Stealth Rock\n|\n|upkeep\n|turn|8\n|c|\u2606SonicSpeedKaleb|Booster energy can die.\n|\n|t:|1700528899\n|move|p1a: Lycanroc|Accelerock|p2a: Iron Valiant\n|-resisted|p2a: Iron Valiant\n|-damage|p2a: Iron Valiant|88\/100\n|move|p2a: Iron Valiant|Liquidation|p1a: Lycanroc\n|-supereffective|p1a: Lycanroc\n|-damage|p1a: Lycanroc|0 fnt\n|faint|p1a: Lycanroc\n|\n|upkeep\n|\n|t:|1700528903\n|switch|p1a: Skeledirge|Skeledirge, M|100\/100\n|turn|9\n|-activate|p1a: Skeledirge|item: Quick Claw\n|\n|t:|1700528912\n|-terastallize|p1a: Skeledirge|Fire\n|move|p1a: Skeledirge|Torch Song|p2a: Iron Valiant\n|-damage|p2a: Iron Valiant|0 fnt\n|-boost|p1a: Skeledirge|spa|1\n|faint|p2a: Iron Valiant\n|-end|p2a: Iron Valiant|Quark Drive|[silent]\n|\n|upkeep\n|c|\u2606SonicSpeedKaleb|Behold the Undead Alligator who will, N O T, get one shot even if the world depends on it!\n|\n|t:|1700528930\n|switch|p2a: Toxapex|Toxapex, F|100\/100\n|-damage|p2a: Toxapex|88\/100|[from] Stealth Rock\n|turn|10\n|\n|t:|1700528939\n|move|p1a: Skeledirge|Shadow Ball|p2a: Toxapex\n|-damage|p2a: Toxapex|43\/100\n|move|p2a: Toxapex|Toxic|p1a: Skeledirge\n|-status|p1a: Skeledirge|tox\n|\n|-heal|p2a: Toxapex|49\/100|[from] item: Black Sludge\n|-damage|p1a: Skeledirge|94\/100 tox|[from] psn\n|upkeep\n|turn|11\n|\n|t:|1700528945\n|move|p1a: Skeledirge|Torch Song|p2a: Toxapex\n|-resisted|p2a: Toxapex\n|-damage|p2a: Toxapex|14\/100\n|-boost|p1a: Skeledirge|spa|1\n|move|p2a: Toxapex|Recover|p2a: Toxapex\n|-heal|p2a: Toxapex|64\/100\n|\n|-heal|p2a: Toxapex|70\/100|[from] item: Black Sludge\n|-damage|p1a: Skeledirge|82\/100 tox|[from] psn\n|upkeep\n|turn|12\n|\n|t:|1700528955\n|-terastallize|p2a: Toxapex|Ground\n|move|p1a: Skeledirge|Shadow Ball|p2a: Toxapex\n|-damage|p2a: Toxapex|6\/100\n|move|p2a: Toxapex|Haze|p2a: Toxapex\n|-clearallboost\n|\n|-damage|p2a: Toxapex|0 fnt|[from] item: Black Sludge\n|faint|p2a: Toxapex\n|-damage|p1a: Skeledirge|64\/100 tox|[from] psn\n|upkeep\n|c|\u2606SonicSpeedKaleb|Lol what were you trying to do there?\n|\n|t:|1700528978\n|switch|p2a: Gliscor|Gliscor, F|100\/100\n|-damage|p2a: Gliscor|88\/100|[from] Stealth Rock\n|turn|13\n|\n|t:|1700528982\n|move|p2a: Gliscor|Earthquake|p1a: Skeledirge\n|-supereffective|p1a: Skeledirge\n|-damage|p1a: Skeledirge|1\/100 tox\n|move|p1a: Skeledirge|Torch Song|p2a: Gliscor\n|-crit|p2a: Gliscor\n|-damage|p2a: Gliscor|0 fnt\n|-boost|p1a: Skeledirge|spa|1\n|faint|p2a: Gliscor\n|\n|-damage|p1a: Skeledirge|0 fnt|[from] psn\n|faint|p1a: Skeledirge\n|upkeep\n|c|\u2606SonicSpeedKaleb|yay for surviving long enough to win!\n|\n|t:|1700529001\n|switch|p2a: Lurantis|Lurantis, F|100\/100\n|switch|p1a: Gardevoir|Gardevoir, F|100\/100\n|-ability|p1a: Gardevoir|Contrary|[from] ability: Trace|[of] p2a: Lurantis\n|-damage|p2a: Lurantis|88\/100|[from] Stealth Rock\n|turn|14\n|\n|t:|1700529012\n|move|p1a: Gardevoir|Moonblast|p2a: Lurantis\n|-damage|p2a: Lurantis|38\/100\n|move|p2a: Lurantis|Knock Off|p1a: Gardevoir\n|-damage|p1a: Gardevoir|52\/100\n|-enditem|p1a: Gardevoir|Focus Sash|[from] move: Knock Off|[of] p2a: Lurantis\n|\n|-heal|p2a: Lurantis|44\/100|[from] item: Leftovers\n|upkeep\n|turn|15\n|\n|t:|1700529022\n|move|p1a: Gardevoir|Moonblast|p2a: Lurantis\n|-damage|p2a: Lurantis|0 fnt\n|faint|p2a: Lurantis\n|\n|upkeep\n|\n|t:|1700529026\n|switch|p2a: Ribombee|Ribombee, F, shiny|100\/100\n|-damage|p2a: Ribombee|76\/100|[from] Stealth Rock\n|turn|16\n|c|\u2606SonicSpeedKaleb|Quiver Fart?\n|\n|t:|1700529032\n|switch|p1a: Gliscor|Gliscor, F|1\/100\n|move|p2a: Ribombee|Quiver Dance|p2a: Ribombee\n|-boost|p2a: Ribombee|spa|1\n|-boost|p2a: Ribombee|spd|1\n|-boost|p2a: Ribombee|spe|1\n|\n|upkeep\n|turn|17\n|\n|t:|1700529039\n|move|p2a: Ribombee|Draining Kiss|p1a: Gliscor\n|-damage|p1a: Gliscor|0 fnt\n|-heal|p2a: Ribombee|76\/100|[from] drain|[of] p1a: Gliscor\n|faint|p1a: Gliscor\n|\n|upkeep\n|\n|t:|1700529043\n|switch|p1a: Koraidon|Koraidon|50\/100\n|-weather|SunnyDay|[from] ability: Orichalcum Pulse|[of] p1a: Koraidon\n|-activate|p1a: Koraidon|Orichalcum Pulse|[source]\n|turn|18\n|c|\u2606SonicSpeedKaleb|Don't you dare.\n|\n|t:|1700529049\n|move|p2a: Ribombee|Draining Kiss|p1a: Koraidon\n|-supereffective|p1a: Koraidon\n|-damage|p1a: Koraidon|0 fnt\n|-heal|p2a: Ribombee|100\/100|[from] drain|[of] p1a: Koraidon\n|faint|p1a: Koraidon\n|\n|-weather|SunnyDay|[upkeep]\n|upkeep\n|c|\u2606SonicSpeedKaleb|YOU DARE!\n|c|\u2606SonicSpeedKaleb|DIE!#\n|c|\u2606Shade_Vinatieri|Gg\n|-message|SonicSpeedKaleb forfeited.\n|\n|win|Shade_Vinatieri\n|raw|SonicSpeedKaleb's rating: 1214 &rarr; <strong>1186<\/strong><br \/>(-28 for losing)\n|raw|Shade_Vinatieri's rating: 1178 &rarr; <strong>1206<\/strong><br \/>(+28 for winning)\n|l|\u2606SonicSpeedKaleb\n","uploadtime":1700529069,"views":11,"p1id":"sonicspeedkaleb","p2id":"shadevinatieri","formatid":"gen9anythinggoes","rating":1186,"private":0,"password":""}