{"id":"gen9anythinggoes-1992009955","p1":"Blaz_69","p2":"milesforhire","format":"[Gen 9] Anything Goes","log":"|j|\u2606Blaz_69\n|j|\u2606milesforhire\n|t:|1700147434\n|gametype|singles\n|player|p1|Blaz_69|marlon|1118\n|player|p2|milesforhire|rosa-masters2|1249\n|teamsize|p1|6\n|teamsize|p2|6\n|gen|9\n|tier|[Gen 9] Anything Goes\n|rated|\n|rule|HP Percentage Mod: HP is shown in percentages\n|rule|Endless Battle Clause: Forcing endless battles is banned\n|clearpoke\n|poke|p1|Quagsire, F|\n|poke|p1|Quagsire, M|\n|poke|p1|Quagsire, F|\n|poke|p1|Quagsire, F|\n|poke|p1|Quagsire, M|\n|poke|p1|Quagsire, M|\n|poke|p2|Gothitelle, F|\n|poke|p2|Skeledirge, M|\n|poke|p2|Froslass, F|\n|poke|p2|Iron Valiant|\n|poke|p2|Miraidon|\n|poke|p2|Alomomola, F|\n|teampreview\n|inactive|Battle timer is ON: inactive players will automatically lose when time's up. (requested by Blaz_69)\n|c|\u2606milesforhire|fantastic team\n|c|\u2606Blaz_69|Quagsire\n|\n|t:|1700147453\n|start\n|switch|p1a: Friend ^w^|Quagsire, F|100\/100\n|switch|p2a: Tomie|Froslass, F, shiny|100\/100\n|turn|1\n|\n|t:|1700147462\n|move|p2a: Tomie|Icy Wind|p1a: Friend ^w^\n|-damage|p1a: Friend ^w^|77\/100\n|-unboost|p1a: Friend ^w^|spe|1\n|move|p1a: Friend ^w^|Stealth Rock|p2a: Tomie\n|-sidestart|p2: milesforhire|move: Stealth Rock\n|\n|upkeep\n|turn|2\n|\n|t:|1700147468\n|move|p2a: Tomie|Spikes|p1a: Friend ^w^\n|-sidestart|p1: Blaz_69|Spikes\n|move|p1a: Friend ^w^|Spikes|p2a: Tomie\n|-sidestart|p2: milesforhire|Spikes\n|\n|upkeep\n|turn|3\n|\n|t:|1700147486\n|move|p2a: Tomie|Spikes|p1a: Friend ^w^\n|-sidestart|p1: Blaz_69|Spikes\n|move|p1a: Friend ^w^|Spikes|p2a: Tomie\n|-sidestart|p2: milesforhire|Spikes\n|\n|upkeep\n|turn|4\n|\n|t:|1700147494\n|move|p2a: Tomie|Spikes|p1a: Friend ^w^\n|-sidestart|p1: Blaz_69|Spikes\n|move|p1a: Friend ^w^|Encore|p2a: Tomie\n|-start|p2a: Tomie|Encore\n|\n|upkeep\n|turn|5\n|\n|t:|1700147504\n|switch|p2a: Chili|Skeledirge, M, shiny|100\/100\n|move|p1a: Friend ^w^|Spikes|p2a: Chili\n|-sidestart|p2: milesforhire|Spikes\n|\n|upkeep\n|turn|6\n|\n|t:|1700147517\n|switch|p2a: Tomie|Froslass, F, shiny|100\/100\n|-damage|p2a: Tomie|76\/100|[from] Stealth Rock\n|-damage|p2a: Tomie|51\/100|[from] Spikes\n|switch|p1a: Friend ;^w^|Quagsire, M|100\/100\n|-damage|p1a: Friend ;^w^|76\/100|[from] Spikes\n|\n|upkeep\n|turn|7\n|\n|t:|1700147529\n|move|p2a: Tomie|Icy Wind|p1a: Friend ;^w^\n|-damage|p1a: Friend ;^w^|48\/100\n|-unboost|p1a: Friend ;^w^|spe|1\n|move|p1a: Friend ;^w^|Surf|p2a: Tomie\n|-damage|p2a: Tomie|0 fnt\n|-start|p1a: Friend ;^w^|Disable|Surf|[from] ability: Cursed Body|[of] p2a: Tomie\n|faint|p2a: Tomie\n|\n|upkeep\n|\n|t:|1700147538\n|switch|p2a: Celeste|Gothitelle, F, shiny|100\/100\n|-damage|p2a: Celeste|88\/100|[from] Stealth Rock\n|-damage|p2a: Celeste|63\/100|[from] Spikes\n|turn|8\n|\n|t:|1700147548\n|-terastallize|p2a: Celeste|Grass\n|move|p2a: Celeste|Grass Knot|p1a: Friend ;^w^\n|-supereffective|p1a: Friend ;^w^\n|-damage|p1a: Friend ;^w^|0 fnt\n|-damage|p2a: Celeste|47\/100|[from] item: Rocky Helmet|[of] p1a: Friend ;^w^\n|faint|p1a: Friend ;^w^\n|\n|upkeep\n|\n|t:|1700147554\n|switch|p1a: Friend ^w^|Quagsire, F|100\/100\n|-damage|p1a: Friend ^w^|76\/100|[from] Spikes\n|turn|9\n|\n|t:|1700147558\n|-terastallize|p1a: Friend ^w^|Dragon\n|move|p1a: Friend ^w^|Ice Punch|p2a: Celeste\n|-supereffective|p2a: Celeste\n|-damage|p2a: Celeste|0 fnt\n|faint|p2a: Celeste\n|\n|upkeep\n|\n|t:|1700147564\n|switch|p2a: Knight|Iron Valiant, shiny|100\/100\n|-damage|p2a: Knight|94\/100|[from] Stealth Rock\n|-damage|p2a: Knight|69\/100|[from] Spikes\n|turn|10\n|\n|t:|1700147573\n|switch|p1a: Friend ^w^|Quagsire, F|77\/100\n|-damage|p1a: Friend ^w^|52\/100|[from] Spikes\n|move|p2a: Knight|Moonblast|p1a: Friend ^w^\n|-damage|p1a: Friend ^w^|0 fnt\n|faint|p1a: Friend ^w^\n|-damage|p2a: Knight|60\/100|[from] item: Life Orb\n|\n|upkeep\n|\n|t:|1700147580\n|switch|p1a: Friend ^w^|Quagsire, M|100\/100\n|-damage|p1a: Friend ^w^|76\/100|[from] Spikes\n|turn|11\n|\n|t:|1700147591\n|move|p2a: Knight|Knock Off|p1a: Friend ^w^\n|-damage|p1a: Friend ^w^|47\/100\n|-enditem|p1a: Friend ^w^|Assault Vest|[from] move: Knock Off|[of] p2a: Knight\n|-damage|p2a: Knight|50\/100|[from] item: Life Orb\n|move|p1a: Friend ^w^|Liquidation|p2a: Knight\n|-damage|p2a: Knight|12\/100\n|\n|upkeep\n|turn|12\n|\n|t:|1700147601\n|move|p2a: Knight|Knock Off|p1a: Friend ^w^\n|-damage|p1a: Friend ^w^|27\/100\n|-damage|p2a: Knight|2\/100|[from] item: Life Orb\n|move|p1a: Friend ^w^|Liquidation|p2a: Knight\n|-damage|p2a: Knight|0 fnt\n|faint|p2a: Knight\n|-end|p2a: Knight|Quark Drive|[silent]\n|\n|upkeep\n|\n|t:|1700147614\n|switch|p2a: Chili|Skeledirge, M, shiny|100\/100\n|turn|13\n|\n|t:|1700147622\n|switch|p2a: Eros|Alomomola, F, shiny|100\/100\n|-damage|p2a: Eros|88\/100|[from] Stealth Rock\n|-damage|p2a: Eros|63\/100|[from] Spikes\n|switch|p1a: Friend ^w^|Quagsire, F|100\/100\n|-damage|p1a: Friend ^w^|76\/100|[from] Spikes\n|\n|-heal|p1a: Friend ^w^|82\/100|[from] item: Leftovers\n|upkeep\n|turn|14\n|\n|t:|1700147633\n|move|p2a: Eros|Whirlpool|p1a: Friend ^w^\n|-damage|p1a: Friend ^w^|76\/100\n|-activate|p1a: Friend ^w^|move: Whirlpool|[of] p2a: Eros\n|move|p1a: Friend ^w^|Toxic|p2a: Eros\n|-status|p2a: Eros|tox\n|\n|-heal|p1a: Friend ^w^|82\/100|[from] item: Leftovers\n|-damage|p2a: Eros|57\/100 tox|[from] psn\n|-damage|p1a: Friend ^w^|70\/100|[from] move: Whirlpool|[partiallytrapped]\n|upkeep\n|turn|15\n|\n|t:|1700147643\n|move|p2a: Eros|Play Rough|p1a: Friend ^w^\n|-damage|p1a: Friend ^w^|55\/100\n|move|p1a: Friend ^w^|Icy Wind|p2a: Eros\n|-resisted|p2a: Eros\n|-damage|p2a: Eros|52\/100 tox\n|-unboost|p2a: Eros|spe|1\n|\n|-heal|p1a: Friend ^w^|62\/100|[from] item: Leftovers\n|-damage|p2a: Eros|40\/100 tox|[from] psn\n|-damage|p1a: Friend ^w^|49\/100|[from] move: Whirlpool|[partiallytrapped]\n|upkeep\n|turn|16\n|\n|t:|1700147654\n|move|p1a: Friend ^w^|Recover|p1a: Friend ^w^\n|-heal|p1a: Friend ^w^|99\/100\n|move|p2a: Eros|Wish|p2a: Eros\n|\n|-heal|p1a: Friend ^w^|100\/100|[from] item: Leftovers\n|-damage|p2a: Eros|21\/100 tox|[from] psn\n|-damage|p1a: Friend ^w^|88\/100|[from] move: Whirlpool|[partiallytrapped]\n|upkeep\n|turn|17\n|\n|t:|1700147662\n|move|p2a: Eros|Protect|p2a: Eros\n|-singleturn|p2a: Eros|Protect\n|move|p1a: Friend ^w^|Icy Wind|p2a: Eros\n|-activate|p2a: Eros|move: Protect\n|\n|-heal|p2a: Eros|71\/100 tox|[from] move: Wish|[wisher] Eros\n|-heal|p1a: Friend ^w^|94\/100|[from] item: Leftovers\n|-damage|p2a: Eros|46\/100 tox|[from] psn\n|-damage|p1a: Friend ^w^|82\/100|[from] move: Whirlpool|[partiallytrapped]\n|upkeep\n|turn|18\n|\n|t:|1700147673\n|move|p1a: Friend ^w^|Protect|p1a: Friend ^w^\n|-singleturn|p1a: Friend ^w^|Protect\n|move|p2a: Eros|Whirlpool|p1a: Friend ^w^\n|-activate|p1a: Friend ^w^|move: Protect\n|\n|-heal|p1a: Friend ^w^|88\/100|[from] item: Leftovers\n|-damage|p2a: Eros|15\/100 tox|[from] psn\n|-damage|p1a: Friend ^w^|76\/100|[from] move: Whirlpool|[partiallytrapped]\n|upkeep\n|turn|19\n|c|\u2606Blaz_69|They are all friend\n|\n|t:|1700147694\n|move|p1a: Friend ^w^|Icy Wind|p2a: Eros\n|-resisted|p2a: Eros\n|-damage|p2a: Eros|10\/100 tox\n|-unboost|p2a: Eros|spe|1\n|move|p2a: Eros|Play Rough|p1a: Friend ^w^\n|-damage|p1a: Friend ^w^|61\/100\n|\n|-heal|p1a: Friend ^w^|67\/100|[from] item: Leftovers\n|-damage|p2a: Eros|0 fnt|[from] psn\n|faint|p2a: Eros\n|-end|p1a: Friend ^w^|Whirlpool|[partiallytrapped]\n|upkeep\n|\n|t:|1700147709\n|switch|p2a: Downshift|Miraidon|100\/100\n|-damage|p2a: Downshift|88\/100|[from] Stealth Rock\n|-damage|p2a: Downshift|63\/100|[from] Spikes\n|-fieldstart|move: Electric Terrain|[from] ability: Hadron Engine|[of] p2a: Downshift\n|turn|20\n|\n|t:|1700147715\n|move|p2a: Downshift|Draco Meteor|p1a: Friend ^w^\n|-damage|p1a: Friend ^w^|0 fnt\n|-unboost|p2a: Downshift|spa|2\n|faint|p1a: Friend ^w^\n|\n|upkeep\n|\n|t:|1700147725\n|switch|p1a: Friend ^w^|Quagsire, F, tera:Dragon|76\/100\n|-damage|p1a: Friend ^w^|51\/100|[from] Spikes\n|turn|21\n|\n|t:|1700147729\n|switch|p2a: Chili|Skeledirge, M, shiny|100\/100\n|move|p1a: Friend ^w^|Ice Punch|p2a: Chili\n|-resisted|p2a: Chili\n|-damage|p2a: Chili|95\/100\n|\n|upkeep\n|turn|22\n|\n|t:|1700147736\n|switch|p1a: Friend ^w^|Quagsire, M|100\/100\n|-damage|p1a: Friend ^w^|75\/100|[from] Spikes\n|move|p2a: Chili|Torch Song|p1a: Friend ^w^\n|-resisted|p1a: Friend ^w^\n|-damage|p1a: Friend ^w^|59\/100\n|-boost|p2a: Chili|spa|1\n|\n|upkeep\n|turn|23\n|\n|t:|1700147744\n|move|p2a: Chili|Torch Song|p1a: Friend ^w^\n|-resisted|p1a: Friend ^w^\n|-damage|p1a: Friend ^w^|44\/100\n|-boost|p2a: Chili|spa|1\n|move|p1a: Friend ^w^|Chilling Water|p2a: Chili\n|-supereffective|p2a: Chili\n|-crit|p2a: Chili\n|-damage|p2a: Chili|51\/100\n|-unboost|p2a: Chili|atk|1\n|\n|upkeep\n|turn|24\n|\n|t:|1700147753\n|move|p2a: Chili|Slack Off|p2a: Chili\n|-heal|p2a: Chili|100\/100\n|move|p1a: Friend ^w^|Chilling Water|p2a: Chili\n|-supereffective|p2a: Chili\n|-damage|p2a: Chili|71\/100\n|-unboost|p2a: Chili|atk|1\n|\n|-fieldend|move: Electric Terrain\n|upkeep\n|turn|25\n|\n|t:|1700147760\n|move|p2a: Chili|Torch Song|p1a: Friend ^w^\n|-resisted|p1a: Friend ^w^\n|-damage|p1a: Friend ^w^|30\/100\n|-boost|p2a: Chili|spa|1\n|move|p1a: Friend ^w^|Rest|p1a: Friend ^w^\n|-status|p1a: Friend ^w^|slp|[from] move: Rest\n|-enditem|p1a: Friend ^w^|Lum Berry|[eat]\n|-curestatus|p1a: Friend ^w^|slp|[msg]\n|-heal|p1a: Friend ^w^|100\/100|[silent]\n|\n|upkeep\n|turn|26\n|\n|t:|1700147772\n|move|p2a: Chili|Torch Song|p1a: Friend ^w^\n|-resisted|p1a: Friend ^w^\n|-damage|p1a: Friend ^w^|85\/100\n|-boost|p2a: Chili|spa|1\n|move|p1a: Friend ^w^|Ancient Power|p2a: Chili\n|-supereffective|p2a: Chili\n|-damage|p2a: Chili|50\/100\n|\n|upkeep\n|turn|27\n|\n|t:|1700147781\n|move|p2a: Chili|Slack Off|p2a: Chili\n|-heal|p2a: Chili|100\/100\n|move|p1a: Friend ^w^|Ancient Power|p2a: Chili\n|-supereffective|p2a: Chili\n|-damage|p2a: Chili|79\/100\n|\n|upkeep\n|turn|28\n|\n|t:|1700147787\n|move|p2a: Chili|Will-O-Wisp|p1a: Friend ^w^\n|-status|p1a: Friend ^w^|brn\n|move|p1a: Friend ^w^|Ancient Power|p2a: Chili\n|-supereffective|p2a: Chili\n|-damage|p2a: Chili|56\/100\n|\n|-damage|p1a: Friend ^w^|79\/100 brn|[from] brn\n|upkeep\n|turn|29\n|\n|t:|1700147794\n|move|p2a: Chili|Hex|p1a: Friend ^w^\n|-damage|p1a: Friend ^w^|27\/100 brn\n|move|p1a: Friend ^w^|Ancient Power|p2a: Chili\n|-supereffective|p2a: Chili\n|-damage|p2a: Chili|33\/100\n|\n|-damage|p1a: Friend ^w^|21\/100 brn|[from] brn\n|upkeep\n|turn|30\n|\n|t:|1700147801\n|move|p2a: Chili|Slack Off|p2a: Chili\n|-heal|p2a: Chili|83\/100\n|move|p1a: Friend ^w^|Rest|p1a: Friend ^w^\n|-status|p1a: Friend ^w^|slp|[from] move: Rest\n|-heal|p1a: Friend ^w^|100\/100 slp|[silent]\n|\n|upkeep\n|turn|31\n|\n|t:|1700147808\n|move|p2a: Chili|Hex|p1a: Friend ^w^\n|-damage|p1a: Friend ^w^|51\/100 slp\n|cant|p1a: Friend ^w^|slp\n|\n|upkeep\n|turn|32\n|\n|t:|1700147812\n|move|p2a: Chili|Hex|p1a: Friend ^w^\n|-damage|p1a: Friend ^w^|5\/100 slp\n|cant|p1a: Friend ^w^|slp\n|\n|upkeep\n|turn|33\n|\n|t:|1700147817\n|move|p2a: Chili|Hex|p1a: Friend ^w^\n|-damage|p1a: Friend ^w^|0 fnt\n|faint|p1a: Friend ^w^\n|\n|upkeep\n|\n|t:|1700147822\n|switch|p1a: Friend ^w^|Quagsire, F, tera:Dragon|51\/100\n|-damage|p1a: Friend ^w^|26\/100|[from] Spikes\n|turn|34\n|\n|t:|1700147826\n|move|p1a: Friend ^w^|Earthquake|p2a: Chili\n|-supereffective|p2a: Chili\n|-damage|p2a: Chili|32\/100\n|move|p2a: Chili|Torch Song|p1a: Friend ^w^\n|-resisted|p1a: Friend ^w^\n|-damage|p1a: Friend ^w^|6\/100\n|-boost|p2a: Chili|spa|1\n|\n|upkeep\n|turn|35\n|\n|t:|1700147833\n|move|p1a: Friend ^w^|Earthquake|p2a: Chili\n|-supereffective|p2a: Chili\n|-crit|p2a: Chili\n|-damage|p2a: Chili|0 fnt\n|faint|p2a: Chili\n|\n|upkeep\n|\n|t:|1700147839\n|switch|p2a: Downshift|Miraidon|63\/100\n|-damage|p2a: Downshift|51\/100|[from] Stealth Rock\n|-damage|p2a: Downshift|26\/100|[from] Spikes\n|-fieldstart|move: Electric Terrain|[from] ability: Hadron Engine|[of] p2a: Downshift\n|turn|36\n|\n|t:|1700147846\n|move|p2a: Downshift|Draco Meteor|p1a: Friend ^w^\n|-supereffective|p1a: Friend ^w^\n|-damage|p1a: Friend ^w^|0 fnt\n|-unboost|p2a: Downshift|spa|2\n|faint|p1a: Friend ^w^\n|\n|upkeep\n|\n|t:|1700147849\n|switch|p1a: Friend ^w^|Quagsire, M|27\/100\n|-damage|p1a: Friend ^w^|2\/100|[from] Spikes\n|turn|37\n|\n|t:|1700147858\n|move|p2a: Downshift|Draco Meteor|p1a: Friend ^w^\n|-damage|p1a: Friend ^w^|0 fnt\n|-unboost|p2a: Downshift|spa|2\n|faint|p1a: Friend ^w^\n|\n|win|milesforhire\n|raw|Blaz_69's rating: 1118 &rarr; <strong>1102<\/strong><br \/>(-16 for losing)\n|raw|milesforhire's rating: 1249 &rarr; <strong>1265<\/strong><br \/>(+16 for winning)\n|c|\u2606milesforhire|gg man\n|c|\u2606Blaz_69|Gg\n","uploadtime":1700147882,"views":5,"p1id":"blaz69","p2id":"milesforhire","formatid":"gen9anythinggoes","rating":1102,"private":0,"password":""}