{"id":"gen9anythinggoes-1974990766","p1":"Iq is 100","p2":"Captain Carbs","format":"[Gen 9] Anything Goes","log":"|j|\u2606Iq is 100\n|j|\u2606Captain Carbs\n|t:|1698152824\n|gametype|singles\n|player|p1|Iq is 100|biker-gen4|1273\n|player|p2|Captain Carbs|hiker-gen4|1288\n|teamsize|p1|6\n|teamsize|p2|6\n|gen|9\n|tier|[Gen 9] Anything Goes\n|rated|\n|rule|HP Percentage Mod: HP is shown in percentages\n|rule|Endless Battle Clause: Forcing endless battles is banned\n|clearpoke\n|poke|p1|Quaquaval, M|\n|poke|p1|Hatterene, F|\n|poke|p1|Skeledirge, M|\n|poke|p1|Meowscarada, M|\n|poke|p1|Calyrex-Shadow|\n|poke|p1|Corviknight, M|\n|poke|p2|Shaymin-Sky|\n|poke|p2|Shaymin-Sky|\n|poke|p2|Shaymin-Sky|\n|poke|p2|Ditto|\n|poke|p2|Ditto|\n|poke|p2|Ditto|\n|teampreview\n|inactive|Battle timer is ON: inactive players will automatically lose when time's up. (requested by Captain Carbs)\n|\n|t:|1698152836\n|start\n|switch|p1a: Steel birb|Corviknight, M, shiny|100\/100\n|switch|p2a: Shiny|Shaymin-Sky, shiny|100\/100\n|turn|1\n|\n|t:|1698152847\n|move|p2a: Shiny|Air Slash|p1a: Steel birb\n|-resisted|p1a: Steel birb\n|-damage|p1a: Steel birb|83\/100\n|move|p1a: Steel birb|Bulk Up|p1a: Steel birb\n|-boost|p1a: Steel birb|atk|1\n|-boost|p1a: Steel birb|def|1\n|\n|upkeep\n|turn|2\n|\n|t:|1698152852\n|move|p2a: Shiny|Air Slash|p1a: Steel birb\n|-resisted|p1a: Steel birb\n|-damage|p1a: Steel birb|67\/100\n|cant|p1a: Steel birb|flinch\n|\n|upkeep\n|turn|3\n|\n|t:|1698152857\n|move|p2a: Shiny|Air Slash|p1a: Steel birb\n|-resisted|p1a: Steel birb\n|-damage|p1a: Steel birb|52\/100\n|cant|p1a: Steel birb|flinch\n|\n|upkeep\n|turn|4\n|\n|t:|1698152862\n|move|p2a: Shiny|Air Slash|p1a: Steel birb\n|-resisted|p1a: Steel birb\n|-damage|p1a: Steel birb|34\/100\n|cant|p1a: Steel birb|flinch\n|\n|upkeep\n|turn|5\n|\n|t:|1698152868\n|move|p2a: Shiny|Air Slash|p1a: Steel birb\n|-resisted|p1a: Steel birb\n|-damage|p1a: Steel birb|19\/100\n|-enditem|p1a: Steel birb|Salac Berry|[eat]\n|-boost|p1a: Steel birb|spe|1|[from] item: Salac Berry\n|cant|p1a: Steel birb|flinch\n|\n|upkeep\n|turn|6\n|\n|t:|1698152875\n|move|p2a: Shiny|Air Slash|p1a: Steel birb\n|-resisted|p1a: Steel birb\n|-damage|p1a: Steel birb|5\/100\n|cant|p1a: Steel birb|flinch\n|\n|upkeep\n|turn|7\n|c|\u2606Captain Carbs|any last words? :D\n|c|\u2606Captain Carbs|RIP birb\n|\n|t:|1698152891\n|move|p2a: Shiny|Air Slash|p1a: Steel birb\n|-resisted|p1a: Steel birb\n|-damage|p1a: Steel birb|0 fnt\n|faint|p1a: Steel birb\n|\n|upkeep\n|c|\u2606Iq is 100|f*ck you\n|c|\u2606Captain Carbs|lmao\n|\n|t:|1698152900\n|switch|p1a: Duck|Quaquaval, M, shiny|100\/100\n|turn|8\n|c|\u2606Iq is 100|duck got this :)\n|\n|t:|1698152912\n|-terastallize|p1a: Duck|Water\n|move|p2a: Shiny|Air Slash|p1a: Duck\n|-damage|p1a: Duck|65\/100\n|cant|p1a: Duck|flinch\n|\n|upkeep\n|turn|9\n|\n|t:|1698152919\n|move|p2a: Shiny|Air Slash|p1a: Duck\n|-damage|p1a: Duck|30\/100\n|cant|p1a: Duck|flinch\n|\n|upkeep\n|turn|10\n|\n|t:|1698152924\n|move|p2a: Shiny|Air Slash|p1a: Duck\n|-damage|p1a: Duck|0 fnt\n|faint|p1a: Duck\n|\n|upkeep\n|\n|t:|1698152931\n|switch|p1a: Sing me boi!|Skeledirge, M, shiny|100\/100\n|turn|11\n|\n|t:|1698152934\n|move|p2a: Shiny|Air Slash|p1a: Sing me boi!\n|-damage|p1a: Sing me boi!|67\/100\n|cant|p1a: Sing me boi!|flinch\n|\n|upkeep\n|turn|12\n|\n|t:|1698152939\n|move|p2a: Shiny|Air Slash|p1a: Sing me boi!\n|-damage|p1a: Sing me boi!|33\/100\n|move|p1a: Sing me boi!|Torch Song|p2a: Shiny\n|-supereffective|p2a: Shiny\n|-damage|p2a: Shiny|25\/100\n|-boost|p1a: Sing me boi!|spa|1\n|\n|upkeep\n|turn|13\n|\n|t:|1698152945\n|move|p2a: Shiny|Air Slash|p1a: Sing me boi!\n|-damage|p1a: Sing me boi!|2\/100\n|cant|p1a: Sing me boi!|flinch\n|\n|upkeep\n|turn|14\n|\n|t:|1698152951\n|move|p2a: Shiny|Air Slash|p1a: Sing me boi!\n|-damage|p1a: Sing me boi!|0 fnt\n|faint|p1a: Sing me boi!\n|\n|upkeep\n|\n|t:|1698152954\n|switch|p1a: Magic trick|Meowscarada, M, shiny|100\/100\n|turn|15\n|c|\u2606Captain Carbs|socker punch\n|c|\u2606Iq is 100|nope :)\n|inactive|Iq is 100 has 120 seconds left.\n|\n|t:|1698152986\n|move|p2a: Shiny|Air Slash|p1a: Magic trick\n|-supereffective|p1a: Magic trick\n|-damage|p1a: Magic trick|16\/100\n|move|p1a: Magic trick|U-turn|p2a: Shiny\n|-start|p1a: Magic trick|typechange|Bug|[from] ability: Protean\n|-damage|p2a: Shiny|0 fnt\n|faint|p2a: Shiny\n|inactive|Iq is 100 has 120 seconds left.\n|c|\u2606Captain Carbs|omg\n|c|\u2606Captain Carbs|it's... dead\n|c|\u2606Captain Carbs|you.... you!!!!\n|c|\u2606Iq is 100|im scarfed,HOW!?\n|\n|t:|1698153010\n|switch|p1a: Horse|Calyrex-Shadow|100\/100|[from] U-turn\n|-ability|p1a: Horse|As One\n|-ability|p1a: Horse|Unnerve\n|\n|upkeep\n|c|\u2606Captain Carbs|shaymin is 540 with choice scarf\n|\n|t:|1698153022\n|switch|p2a: Ditto|Ditto|100\/100\n|-transform|p2a: Ditto|p1a: Horse|[from] ability: Imposter\n|turn|16\n|\n|t:|1698153028\n|-terastallize|p2a: Ditto|Normal\n|move|p2a: Ditto|Leech Seed|p1a: Horse\n|-start|p1a: Horse|move: Leech Seed\n|move|p1a: Horse|Leech Seed|p2a: Ditto\n|-start|p2a: Ditto|move: Leech Seed\n|\n|-damage|p2a: Ditto|88\/100|[from] Leech Seed|[of] p1a: Horse\n|-damage|p1a: Horse|88\/100|[from] Leech Seed|[of] p2a: Ditto\n|-heal|p2a: Ditto|100\/100|[silent]\n|upkeep\n|turn|17\n|\n|t:|1698153036\n|switch|p2a: Ditto|Ditto|100\/100\n|-transform|p2a: Ditto|p1a: Horse|[from] ability: Imposter\n|move|p1a: Horse|Calm Mind|p1a: Horse\n|-boost|p1a: Horse|spa|1\n|-boost|p1a: Horse|spd|1\n|\n|-damage|p1a: Horse|76\/100|[from] Leech Seed|[of] p2a: Ditto\n|upkeep\n|turn|18\n|\n|t:|1698153045\n|move|p2a: Ditto|Astral Barrage|p1a: Horse\n|-supereffective|p1a: Horse\n|-damage|p1a: Horse|0 fnt\n|faint|p1a: Horse\n|-ability|p2a: Ditto|Grim Neigh|boost\n|-boost|p2a: Ditto|spa|1\n|\n|upkeep\n|\n|t:|1698153053\n|switch|p1a: Magic trick|Meowscarada, M, shiny|16\/100\n|turn|19\n|\n|t:|1698153059\n|move|p2a: Ditto|Astral Barrage|p1a: Magic trick\n|-resisted|p1a: Magic trick\n|-damage|p1a: Magic trick|0 fnt\n|faint|p1a: Magic trick\n|-ability|p2a: Ditto|Grim Neigh|boost\n|-boost|p2a: Ditto|spa|1\n|\n|upkeep\n|\n|t:|1698153063\n|switch|p1a: Annoying|Hatterene, F, shiny|100\/100\n|turn|20\n|c|\u2606Iq is 100|bruh gg\n|\n|t:|1698153071\n|switch|p2a: Shiny|Shaymin-Sky, shiny|100\/100\n|move|p1a: Annoying|Shadow Ball|p2a: Shiny\n|-damage|p2a: Shiny|73\/100\n|\n|upkeep\n|turn|21\n|c|\u2606Captain Carbs|gg\n|\n|t:|1698153078\n|switch|p2a: Ditto|Ditto, tera:Normal|100\/100\n|-transform|p2a: Ditto|p1a: Annoying|[from] ability: Imposter\n|move|p1a: Annoying|Calm Mind|p1a: Annoying\n|-boost|p1a: Annoying|spa|1\n|-boost|p1a: Annoying|spd|1\n|\n|upkeep\n|turn|22\n|\n|t:|1698153086\n|move|p2a: Ditto|Nuzzle|p1a: Annoying\n|-damage|p1a: Annoying|96\/100\n|-status|p1a: Annoying|par\n|cant|p1a: Annoying|par\n|\n|-heal|p1a: Annoying|100\/100 par|[from] item: Leftovers\n|upkeep\n|turn|23\n|\n|t:|1698153090\n|move|p2a: Ditto|Nuzzle|p1a: Annoying\n|-damage|p1a: Annoying|96\/100 par\n|move|p1a: Annoying|Nuzzle|p2a: Ditto\n|-damage|p2a: Ditto|95\/100\n|-status|p2a: Ditto|par\n|\n|-heal|p1a: Annoying|100\/100 par|[from] item: Leftovers\n|upkeep\n|turn|24\n|-message|Iq is 100 forfeited.\n|\n|win|Captain Carbs\n|raw|Iq is 100's rating: 1273 &rarr; <strong>1249<\/strong><br \/>(-24 for losing)\n|raw|Captain Carbs's rating: 1288 &rarr; <strong>1312<\/strong><br \/>(+24 for winning)\n|l|\u2606Iq is 100\n","uploadtime":1698152893,"views":9,"p1id":"iqis100","p2id":"captaincarbs","formatid":"gen9anythinggoes","rating":1249,"private":0,"password":""}