{"id":"gen9anythinggoes-1980746855","p1":"XYStarshone.\u661f\u8000","p2":"mesanoob","format":"[Gen 9] Anything Goes","log":"|j|\u2606XYStarshone.\u661f\u8000\n|j|\u2606mesanoob\n|t:|1698824833\n|gametype|singles\n|player|p1|XYStarshone.\u661f\u8000|psychic-lgpe|1045\n|player|p2|mesanoob|swimmerf-gen4|1137\n|teamsize|p1|6\n|teamsize|p2|3\n|gen|9\n|tier|[Gen 9] Anything Goes\n|rated|\n|rule|HP Percentage Mod: HP is shown in percentages\n|rule|Endless Battle Clause: Forcing endless battles is banned\n|clearpoke\n|poke|p1|Ting-Lu|\n|poke|p1|Koraidon|\n|poke|p1|Calyrex-Shadow|\n|poke|p1|Zacian-*|\n|poke|p1|Arceus|\n|poke|p1|Arceus-Fairy|\n|poke|p2|Flareon, M|\n|poke|p2|Ariados, M|\n|poke|p2|Ninetales-Alola, M|\n|teampreview\n|\n|t:|1698824855\n|start\n|switch|p1a: Koraidon|Koraidon|100\/100\n|switch|p2a: Ninetales|Ninetales-Alola, M|100\/100\n|-weather|SunnyDay|[from] ability: Orichalcum Pulse|[of] p1a: Koraidon\n|-activate|p1a: Koraidon|Orichalcum Pulse|[source]\n|-weather|Snow|[from] ability: Snow Warning|[of] p2a: Ninetales\n|turn|1\n|\n|t:|1698824865\n|move|p1a: Koraidon|U-turn|p2a: Ninetales\n|-resisted|p2a: Ninetales\n|-damage|p2a: Ninetales|90\/100\n|\n|t:|1698824868\n|switch|p1a: Zacian|Zacian-Crowned|100\/100|[from] U-turn\n|-ability|p1a: Zacian|Intrepid Sword|boost\n|-boost|p1a: Zacian|atk|1\n|move|p2a: Ninetales|Aurora Veil|p2a: Ninetales\n|-sidestart|p2: mesanoob|move: Aurora Veil\n|\n|-weather|Snow|[upkeep]\n|-heal|p2a: Ninetales|96\/100|[from] item: Leftovers\n|upkeep\n|turn|2\n|\n|t:|1698824876\n|move|p1a: Zacian|Behemoth Blade|p2a: Ninetales\n|-supereffective|p2a: Ninetales\n|-damage|p2a: Ninetales|0 fnt\n|faint|p2a: Ninetales\n|\n|-weather|Snow|[upkeep]\n|upkeep\n|\n|t:|1698824881\n|switch|p2a: Ariados|Ariados, M|100\/100\n|turn|3\n|\n|t:|1698824899\n|move|p1a: Zacian|Behemoth Blade|p2a: Ariados\n|-damage|p2a: Ariados|62\/100\n|move|p2a: Ariados|Sticky Web|p1a: Zacian\n|-sidestart|p1: XYStarshone.\u661f\u8000|move: Sticky Web\n|\n|-weather|Snow|[upkeep]\n|-heal|p2a: Ariados|68\/100|[from] item: Leftovers\n|upkeep\n|turn|4\n|\n|t:|1698824907\n|move|p1a: Zacian|Swords Dance|p1a: Zacian\n|-boost|p1a: Zacian|atk|2\n|move|p2a: Ariados|Swords Dance|p2a: Ariados\n|-boost|p2a: Ariados|atk|2\n|\n|-weather|Snow|[upkeep]\n|-heal|p2a: Ariados|74\/100|[from] item: Leftovers\n|upkeep\n|turn|5\n|\n|t:|1698824915\n|move|p1a: Zacian|Swords Dance|p1a: Zacian\n|-boost|p1a: Zacian|atk|2\n|move|p2a: Ariados|Substitute|p2a: Ariados\n|-start|p2a: Ariados|Substitute\n|-damage|p2a: Ariados|49\/100\n|\n|-weather|none\n|-heal|p2a: Ariados|55\/100|[from] item: Leftovers\n|-sideend|p2: mesanoob|move: Aurora Veil\n|upkeep\n|turn|6\n|\n|t:|1698824924\n|move|p1a: Zacian|Behemoth Blade|p2a: Ariados\n|-end|p2a: Ariados|Substitute\n|move|p2a: Ariados|Baton Pass|p2a: Ariados\n|\n|t:|1698824928\n|switch|p2a: Flareon|Flareon, M|100\/100|[from] Baton Pass\n|\n|upkeep\n|turn|7\n|\n|t:|1698824935\n|move|p1a: Zacian|Close Combat|p2a: Flareon\n|-damage|p2a: Flareon|0 fnt\n|-unboost|p1a: Zacian|def|1\n|-unboost|p1a: Zacian|spd|1\n|faint|p2a: Flareon\n|\n|upkeep\n|c|\u2606mesanoob|gg\n|-message|mesanoob forfeited.\n|\n|win|XYStarshone.\u661f\u8000\n|raw|XYStarshone.\u661f\u8000's rating: 1045 &rarr; <strong>1087<\/strong><br \/>(+42 for winning)\n|raw|mesanoob's rating: 1137 &rarr; <strong>1106<\/strong><br \/>(-31 for losing)\n|l|\u2606mesanoob\n","uploadtime":1698824953,"views":7,"p1id":"xystarshone","p2id":"mesanoob","formatid":"gen9anythinggoes","rating":1087,"private":0,"password":""}