{"id":"gen9anythinggoes-1974209033","p1":"YureAzure","p2":"Emily Bodoo","format":"[Gen 9] Anything Goes","log":"|j|\u2606YureAzure\n|j|\u2606Emily Bodoo\n|t:|1698068504\n|gametype|singles\n|player|p1|YureAzure|wallace|1289\n|player|p2|Emily Bodoo|iris|1189\n|teamsize|p1|6\n|teamsize|p2|6\n|gen|9\n|tier|[Gen 9] Anything Goes\n|rated|\n|rule|HP Percentage Mod: HP is shown in percentages\n|rule|Endless Battle Clause: Forcing endless battles is banned\n|clearpoke\n|poke|p1|Ursaluna-Bloodmoon, M|\n|poke|p1|Quaquaval, M|\n|poke|p1|Meowscarada, F|\n|poke|p1|Zoroark-Hisui, M|\n|poke|p1|Scovillain, F|\n|poke|p1|Espathra, F|\n|poke|p2|Palossand, M|\n|poke|p2|Mismagius, M|\n|poke|p2|Gengar, M|\n|poke|p2|Weezing-Galar, M|\n|poke|p2|Dusknoir, M|\n|poke|p2|Snorlax, M|\n|teampreview\n|\n|t:|1698068514\n|start\n|switch|p1a: Espathra|Espathra, F|100\/100\n|switch|p2a: Dusknoir|Dusknoir, M|100\/100\n|-item|p1a: Espathra|Leftovers|[from] ability: Frisk|[of] p2a: Dusknoir|[identify]\n|turn|1\n|\n|t:|1698068522\n|move|p1a: Espathra|Substitute|p1a: Espathra\n|-start|p1a: Espathra|Substitute\n|-damage|p1a: Espathra|76\/100\n|move|p2a: Dusknoir|Trick Room|p2a: Dusknoir\n|-fieldstart|move: Trick Room|[of] p2a: Dusknoir\n|\n|-heal|p1a: Espathra|82\/100|[from] item: Leftovers\n|-ability|p1a: Espathra|Speed Boost|boost\n|-boost|p1a: Espathra|spe|1\n|upkeep\n|turn|2\n|\n|t:|1698068540\n|switch|p2a: Mismagius|Mismagius, M|100\/100\n|move|p1a: Espathra|Calm Mind|p1a: Espathra\n|-boost|p1a: Espathra|spa|1\n|-boost|p1a: Espathra|spd|1\n|\n|-heal|p1a: Espathra|88\/100|[from] item: Leftovers\n|-ability|p1a: Espathra|Speed Boost|boost\n|-boost|p1a: Espathra|spe|1\n|upkeep\n|turn|3\n|\n|t:|1698068551\n|move|p2a: Mismagius|Perish Song|p2a: Mismagius\n|-start|p1a: Espathra|perish3|[silent]\n|-start|p2a: Mismagius|perish3|[silent]\n|-fieldactivate|move: Perish Song\n|move|p1a: Espathra|Lumina Crash|p2a: Mismagius\n|-damage|p2a: Mismagius|23\/100\n|-unboost|p2a: Mismagius|spd|2\n|-enditem|p2a: Mismagius|Mago Berry|[eat]\n|-heal|p2a: Mismagius|56\/100|[from] item: Mago Berry\n|\n|-heal|p1a: Espathra|94\/100|[from] item: Leftovers\n|-start|p2a: Mismagius|perish3\n|-start|p1a: Espathra|perish3\n|-ability|p1a: Espathra|Speed Boost|boost\n|-boost|p1a: Espathra|spe|1\n|upkeep\n|turn|4\n|\n|t:|1698068574\n|switch|p2a: Snorlax|Snorlax, M|100\/100\n|move|p1a: Espathra|Lumina Crash|p2a: Snorlax\n|-damage|p2a: Snorlax|69\/100\n|-unboost|p2a: Snorlax|spd|2\n|\n|-heal|p2a: Snorlax|75\/100|[from] item: Leftovers\n|-heal|p1a: Espathra|99\/100|[from] item: Leftovers\n|-start|p1a: Espathra|perish2\n|-ability|p1a: Espathra|Speed Boost|boost\n|-boost|p1a: Espathra|spe|1\n|upkeep\n|turn|5\n|\n|t:|1698068588\n|move|p2a: Snorlax|Body Slam|p1a: Espathra\n|-end|p1a: Espathra|Substitute\n|move|p1a: Espathra|Lumina Crash|p2a: Snorlax\n|-crit|p2a: Snorlax\n|-damage|p2a: Snorlax|0 fnt\n|faint|p2a: Snorlax\n|\n|-heal|p1a: Espathra|100\/100|[from] item: Leftovers\n|-start|p1a: Espathra|perish1\n|-fieldend|move: Trick Room\n|-ability|p1a: Espathra|Speed Boost|boost\n|-boost|p1a: Espathra|spe|1\n|upkeep\n|\n|t:|1698068606\n|switch|p2a: Dusknoir|Dusknoir, M|100\/100\n|-item|p1a: Espathra|Leftovers|[from] ability: Frisk|[of] p2a: Dusknoir|[identify]\n|turn|6\n|\n|t:|1698068611\n|move|p1a: Espathra|Lumina Crash|p2a: Dusknoir\n|-damage|p2a: Dusknoir|44\/100\n|-unboost|p2a: Dusknoir|spd|2\n|move|p2a: Dusknoir|Trick Room|p2a: Dusknoir\n|-fieldstart|move: Trick Room|[of] p2a: Dusknoir\n|\n|-start|p1a: Espathra|perish0\n|faint|p1a: Espathra\n|upkeep\n|\n|t:|1698068619\n|switch|p1a: Ursaluna|Ursaluna-Bloodmoon, M|100\/100\n|turn|7\n|\n|t:|1698068631\n|move|p2a: Dusknoir|Destiny Bond|p2a: Dusknoir\n|-singlemove|p2a: Dusknoir|Destiny Bond\n|move|p1a: Ursaluna|Earth Power|p2a: Dusknoir\n|-crit|p2a: Dusknoir\n|-damage|p2a: Dusknoir|0 fnt\n|faint|p2a: Dusknoir\n|-activate|p2a: Dusknoir|move: Destiny Bond\n|faint|p1a: Ursaluna\n|\n|upkeep\n|\n|t:|1698068645\n|switch|p2a: Palossand|Palossand, M|100\/100\n|switch|p1a: Scovillain|Scovillain, F|100\/100\n|turn|8\n|\n|t:|1698068655\n|switch|p1a: Quaquaval|Quaquaval, M|100\/100\n|move|p2a: Palossand|Shadow Ball|p1a: Quaquaval\n|-damage|p1a: Quaquaval|54\/100\n|-unboost|p1a: Quaquaval|spd|1\n|-enditem|p1a: Quaquaval|White Herb\n|-clearnegativeboost|p1a: Quaquaval|[silent]\n|\n|upkeep\n|turn|9\n|\n|t:|1698068666\n|move|p2a: Palossand|Psychic|p1a: Quaquaval\n|-supereffective|p1a: Quaquaval\n|-damage|p1a: Quaquaval|0 fnt\n|faint|p1a: Quaquaval\n|\n|upkeep\n|\n|t:|1698068674\n|switch|p1a: Meowscarada|Meowscarada, F|100\/100\n|turn|10\n|\n|t:|1698068693\n|move|p2a: Palossand|Destiny Bond|p2a: Palossand\n|-singlemove|p2a: Palossand|Destiny Bond\n|move|p1a: Meowscarada|Nasty Plot|p1a: Meowscarada\n|-boost|p1a: Meowscarada|spa|2\n|\n|-fieldend|move: Trick Room\n|upkeep\n|turn|11\n|\n|t:|1698068710\n|move|p1a: Meowscarada|Nasty Plot|p1a: Meowscarada\n|-boost|p1a: Meowscarada|spa|2\n|move|p2a: Palossand|Earth Power|p1a: Meowscarada\n|-damage|p1a: Meowscarada|22\/100\n|replace|p1a: Zoroark|Zoroark-Hisui, M\n|-end|p1a: Zoroark|Illusion\n|\n|upkeep\n|turn|12\n|\n|t:|1698068719\n|-terastallize|p2a: Palossand|Normal\n|move|p1a: Zoroark|Bitter Malice|p2a: Palossand\n|-immune|p2a: Palossand\n|move|p2a: Palossand|Earth Power|p1a: Zoroark\n|-damage|p1a: Zoroark|0 fnt\n|faint|p1a: Zoroark\n|\n|upkeep\n|c|\u2606YureAzure|nice read\n|\n|t:|1698068737\n|switch|p1a: Meowscarada|Meowscarada, F|100\/100\n|turn|13\n|\n|t:|1698068759\n|move|p1a: Meowscarada|Flower Trick|p2a: Palossand\n|-start|p1a: Meowscarada|typechange|Grass|[from] ability: Protean\n|-crit|p2a: Palossand\n|-damage|p2a: Palossand|50\/100\n|move|p2a: Palossand|Earth Power|p1a: Meowscarada\n|-resisted|p1a: Meowscarada\n|-damage|p1a: Meowscarada|71\/100\n|\n|upkeep\n|turn|14\n|\n|t:|1698068776\n|switch|p2a: Weezing|Weezing-Galar, M|100\/100\n|move|p1a: Meowscarada|Flower Trick|p2a: Weezing\n|-resisted|p2a: Weezing\n|-crit|p2a: Weezing\n|-damage|p2a: Weezing|81\/100\n|-heal|p1a: Meowscarada|74\/100|[from] item: Shell Bell|[of] p2a: Weezing\n|\n|-heal|p2a: Weezing|87\/100|[from] item: Leftovers\n|upkeep\n|turn|15\n|\n|t:|1698068792\n|move|p1a: Meowscarada|U-turn|p2a: Weezing\n|-resisted|p2a: Weezing\n|-damage|p2a: Weezing|83\/100\n|-heal|p1a: Meowscarada|74\/100|[from] item: Shell Bell|[of] p2a: Weezing\n|\n|t:|1698068796\n|switch|p1a: Scovillain|Scovillain, F|100\/100|[from] U-turn\n|move|p2a: Weezing|Dazzling Gleam|p1a: Scovillain\n|-resisted|p1a: Scovillain\n|-damage|p1a: Scovillain|88\/100\n|\n|-heal|p2a: Weezing|89\/100|[from] item: Leftovers\n|-heal|p1a: Scovillain|94\/100|[from] item: Leftovers\n|-ability|p1a: Scovillain|Moody|boost\n|-boost|p1a: Scovillain|def|2\n|-unboost|p1a: Scovillain|spd|1\n|upkeep\n|turn|16\n|\n|t:|1698068810\n|switch|p2a: Gengar|Gengar, M|100\/100\n|move|p1a: Scovillain|Protect||[still]\n|-fail|p1a: Scovillain\n|\n|-heal|p1a: Scovillain|99\/100|[from] item: Leftovers\n|-ability|p1a: Scovillain|Moody|boost\n|-boost|p1a: Scovillain|spe|2\n|-unboost|p1a: Scovillain|def|1\n|upkeep\n|turn|17\n|\n|t:|1698068823\n|move|p1a: Scovillain|Substitute|p1a: Scovillain\n|-start|p1a: Scovillain|Substitute\n|-damage|p1a: Scovillain|75\/100\n|move|p2a: Gengar|Perish Song|p2a: Gengar\n|-start|p1a: Scovillain|perish3|[silent]\n|-start|p2a: Gengar|perish3|[silent]\n|-fieldactivate|move: Perish Song\n|\n|-heal|p1a: Scovillain|81\/100|[from] item: Leftovers\n|-start|p1a: Scovillain|perish3\n|-start|p2a: Gengar|perish3\n|-ability|p1a: Scovillain|Moody|boost\n|-boost|p1a: Scovillain|spa|2\n|-unboost|p1a: Scovillain|spe|1\n|upkeep\n|turn|18\n|\n|t:|1698068836\n|move|p2a: Gengar|Mean Look||[still]\n|-fail|p2a: Gengar\n|move|p1a: Scovillain|Flamethrower|p2a: Gengar\n|-damage|p2a: Gengar|0 fnt\n|faint|p2a: Gengar\n|\n|-heal|p1a: Scovillain|87\/100|[from] item: Leftovers\n|-start|p1a: Scovillain|perish2\n|-ability|p1a: Scovillain|Moody|boost\n|-boost|p1a: Scovillain|atk|2\n|-unboost|p1a: Scovillain|spa|1\n|upkeep\n|\n|t:|1698068851\n|switch|p2a: Weezing|Weezing-Galar, M|89\/100\n|turn|19\n|\n|t:|1698068859\n|move|p1a: Scovillain|Leech Seed|p2a: Weezing|[miss]\n|-miss|p1a: Scovillain|p2a: Weezing\n|move|p2a: Weezing|Curse|p2a: Weezing\n|-unboost|p2a: Weezing|spe|1\n|-boost|p2a: Weezing|atk|1\n|-boost|p2a: Weezing|def|1\n|\n|-heal|p1a: Scovillain|93\/100|[from] item: Leftovers\n|-heal|p2a: Weezing|95\/100|[from] item: Leftovers\n|-start|p1a: Scovillain|perish1\n|-ability|p1a: Scovillain|Moody|boost\n|-boost|p1a: Scovillain|spd|2\n|-unboost|p1a: Scovillain|spe|1\n|upkeep\n|turn|20\n|\n|t:|1698068874\n|switch|p1a: Meowscarada|Meowscarada, F|74\/100\n|move|p2a: Weezing|Curse|p2a: Weezing\n|-unboost|p2a: Weezing|spe|1\n|-boost|p2a: Weezing|atk|1\n|-boost|p2a: Weezing|def|1\n|\n|-heal|p2a: Weezing|100\/100|[from] item: Leftovers\n|upkeep\n|turn|21\n|\n|t:|1698068889\n|-terastallize|p1a: Meowscarada|Fairy\n|move|p1a: Meowscarada|Foul Play|p2a: Weezing\n|-resisted|p2a: Weezing\n|-damage|p2a: Weezing|90\/100\n|-heal|p1a: Meowscarada|75\/100|[from] item: Shell Bell|[of] p2a: Weezing\n|move|p2a: Weezing|Dazzling Gleam|p1a: Meowscarada\n|-damage|p1a: Meowscarada|40\/100\n|\n|-heal|p2a: Weezing|96\/100|[from] item: Leftovers\n|upkeep\n|turn|22\n|\n|t:|1698068902\n|move|p1a: Meowscarada|Play Rough|p2a: Weezing\n|-resisted|p2a: Weezing\n|-damage|p2a: Weezing|87\/100\n|-heal|p1a: Meowscarada|41\/100|[from] item: Shell Bell|[of] p2a: Weezing\n|move|p2a: Weezing|Dazzling Gleam|p1a: Meowscarada\n|-damage|p1a: Meowscarada|3\/100\n|\n|-heal|p2a: Weezing|93\/100|[from] item: Leftovers\n|upkeep\n|turn|23\n|\n|t:|1698068914\n|move|p1a: Meowscarada|Flower Trick|p2a: Weezing\n|-resisted|p2a: Weezing\n|-crit|p2a: Weezing\n|-damage|p2a: Weezing|70\/100\n|-heal|p1a: Meowscarada|6\/100|[from] item: Shell Bell|[of] p2a: Weezing\n|move|p2a: Weezing|Dazzling Gleam|p1a: Meowscarada\n|-damage|p1a: Meowscarada|0 fnt\n|faint|p1a: Meowscarada\n|\n|-heal|p2a: Weezing|76\/100|[from] item: Leftovers\n|upkeep\n|\n|t:|1698068929\n|switch|p1a: Scovillain|Scovillain, F|93\/100\n|turn|24\n|\n|t:|1698068937\n|move|p1a: Scovillain|Flamethrower|p2a: Weezing\n|-damage|p2a: Weezing|27\/100\n|move|p2a: Weezing|Dazzling Gleam|p1a: Scovillain\n|-resisted|p1a: Scovillain\n|-damage|p1a: Scovillain|81\/100\n|\n|-heal|p1a: Scovillain|87\/100|[from] item: Leftovers\n|-heal|p2a: Weezing|33\/100|[from] item: Leftovers\n|-ability|p1a: Scovillain|Moody|boost\n|-boost|p1a: Scovillain|spd|2\n|-unboost|p1a: Scovillain|spe|1\n|upkeep\n|turn|25\n|\n|t:|1698068950\n|move|p1a: Scovillain|Flamethrower|p2a: Weezing\n|-damage|p2a: Weezing|0 fnt\n|faint|p2a: Weezing\n|\n|-heal|p1a: Scovillain|93\/100|[from] item: Leftovers\n|-ability|p1a: Scovillain|Moody|boost\n|-boost|p1a: Scovillain|atk|2\n|-unboost|p1a: Scovillain|spa|1\n|upkeep\n|\n|t:|1698068961\n|switch|p2a: Mismagius|Mismagius, M|56\/100\n|turn|26\n|\n|t:|1698068966\n|move|p2a: Mismagius|Perish Song|p2a: Mismagius\n|-start|p1a: Scovillain|perish3|[silent]\n|-start|p2a: Mismagius|perish3|[silent]\n|-fieldactivate|move: Perish Song\n|move|p1a: Scovillain|Substitute|p1a: Scovillain\n|-start|p1a: Scovillain|Substitute\n|-damage|p1a: Scovillain|68\/100\n|\n|-heal|p1a: Scovillain|74\/100|[from] item: Leftovers\n|-start|p2a: Mismagius|perish3\n|-start|p1a: Scovillain|perish3\n|-ability|p1a: Scovillain|Moody|boost\n|-boost|p1a: Scovillain|atk|2\n|-unboost|p1a: Scovillain|spa|1\n|upkeep\n|turn|27\n|c|\u2606YureAzure|gg\n|\n|t:|1698068985\n|move|p2a: Mismagius|Destiny Bond|p2a: Mismagius\n|-singlemove|p2a: Mismagius|Destiny Bond\n|move|p1a: Scovillain|Flamethrower|p2a: Mismagius\n|-crit|p2a: Mismagius\n|-damage|p2a: Mismagius|0 fnt\n|faint|p2a: Mismagius\n|-activate|p2a: Mismagius|move: Destiny Bond\n|faint|p1a: Scovillain\n|\n|win|Emily Bodoo\n|raw|YureAzure's rating: 1289 &rarr; <strong>1257<\/strong><br \/>(-32 for losing)\n|raw|Emily Bodoo's rating: 1189 &rarr; <strong>1221<\/strong><br \/>(+32 for winning)\n|l|\u2606YureAzure\n","uploadtime":1698069014,"views":12,"p1id":"yureazure","p2id":"emilybodoo","formatid":"gen9anythinggoes","rating":1221,"private":0,"password":""}