{"id":"gen9anythinggoes-1999078826","p1":"person13","p2":"Slender235","format":"[Gen 9] Anything Goes","log":"|j|\u2606person13\n|j|\u2606Slender235\n|t:|1701030887\n|gametype|singles\n|player|p1|person13|pokekid|1554\n|player|p2|Slender235|ingo|1483\n|teamsize|p1|6\n|teamsize|p2|6\n|gen|9\n|tier|[Gen 9] Anything Goes\n|rated|\n|rule|HP Percentage Mod: HP is shown in percentages\n|rule|Endless Battle Clause: Forcing endless battles is banned\n|clearpoke\n|poke|p1|Flutter Mane|\n|poke|p1|Alomomola, F|\n|poke|p1|Koraidon|\n|poke|p1|Ditto|\n|poke|p1|Kingambit, F|\n|poke|p1|Glimmora, F|\n|poke|p2|Koraidon|\n|poke|p2|Chi-Yu|\n|poke|p2|Chi-Yu|\n|poke|p2|Calyrex-Shadow|\n|poke|p2|Dialga|\n|poke|p2|Sandy Shocks|\n|teampreview\n|c|\u2606Slender235|bro why is flutter mane so small\n|\n|t:|1701030919\n|start\n|switch|p1a: Glimmora|Glimmora, F|100\/100\n|switch|p2a: Koraidon|Koraidon|100\/100\n|-weather|SunnyDay|[from] ability: Orichalcum Pulse|[of] p2a: Koraidon\n|-activate|p2a: Koraidon|Orichalcum Pulse|[source]\n|turn|1\n|\n|t:|1701030926\n|move|p2a: Koraidon|U-turn|p1a: Glimmora\n|-resisted|p1a: Glimmora\n|-damage|p1a: Glimmora|79\/100\n|-activate|p1a: Glimmora|ability: Toxic Debris\n|-sidestart|p2: Slender235|move: Toxic Spikes\n|\n|t:|1701030929\n|switch|p2a: Sandy Shocks|Sandy Shocks|100\/100|[from] U-turn\n|-status|p2a: Sandy Shocks|psn\n|-activate|p2a: Sandy Shocks|ability: Protosynthesis\n|-start|p2a: Sandy Shocks|protosynthesisspe\n|move|p1a: Glimmora|Stealth Rock|p2a: Sandy Shocks\n|-sidestart|p2: Slender235|move: Stealth Rock\n|\n|-weather|SunnyDay|[upkeep]\n|-damage|p2a: Sandy Shocks|88\/100 psn|[from] psn\n|upkeep\n|turn|2\n|\n|t:|1701030947\n|switch|p1a: Flutter Mane|Flutter Mane, shiny|100\/100\n|-activate|p1a: Flutter Mane|ability: Protosynthesis\n|-start|p1a: Flutter Mane|protosynthesisspe\n|move|p2a: Sandy Shocks|Stealth Rock|p1a: Flutter Mane\n|-sidestart|p1: person13|move: Stealth Rock\n|\n|-weather|SunnyDay|[upkeep]\n|-damage|p2a: Sandy Shocks|76\/100 psn|[from] psn\n|upkeep\n|turn|3\n|\n|t:|1701030953\n|move|p1a: Flutter Mane|Moonblast|p2a: Sandy Shocks\n|-damage|p2a: Sandy Shocks|0 fnt\n|faint|p2a: Sandy Shocks\n|-end|p2a: Sandy Shocks|Protosynthesis|[silent]\n|-damage|p1a: Flutter Mane|91\/100|[from] item: Life Orb\n|\n|-weather|SunnyDay|[upkeep]\n|upkeep\n|\n|t:|1701030958\n|switch|p2a: Dialga|Dialga|100\/100\n|-damage|p2a: Dialga|94\/100|[from] Stealth Rock\n|-ability|p2a: Dialga|Pressure\n|turn|4\n|\n|t:|1701030964\n|-terastallize|p1a: Flutter Mane|Fairy\n|move|p1a: Flutter Mane|Moonblast|p2a: Dialga\n|-damage|p2a: Dialga|46\/100\n|-damage|p1a: Flutter Mane|81\/100|[from] item: Life Orb\n|move|p2a: Dialga|Flash Cannon|p1a: Flutter Mane\n|-supereffective|p1a: Flutter Mane\n|-damage|p1a: Flutter Mane|0 fnt\n|faint|p1a: Flutter Mane\n|-end|p1a: Flutter Mane|Protosynthesis|[silent]\n|\n|-weather|SunnyDay|[upkeep]\n|upkeep\n|\n|t:|1701030973\n|switch|p1a: Glimmora|Glimmora, F|79\/100\n|-damage|p1a: Glimmora|66\/100|[from] Stealth Rock\n|turn|5\n|\n|t:|1701030978\n|switch|p1a: Ditto|Ditto|100\/100\n|-damage|p1a: Ditto|88\/100|[from] Stealth Rock\n|-transform|p1a: Ditto|p2a: Dialga|[from] ability: Imposter\n|-ability|p1a: Ditto|Pressure\n|move|p2a: Dialga|Flash Cannon|p1a: Ditto\n|-resisted|p1a: Ditto\n|-damage|p1a: Ditto|69\/100\n|\n|-weather|SunnyDay|[upkeep]\n|upkeep\n|turn|6\n|\n|t:|1701030987\n|move|p1a: Ditto|Draco Meteor|p2a: Dialga\n|-damage|p2a: Dialga|11\/100\n|-unboost|p1a: Ditto|spa|2\n|move|p2a: Dialga|Draco Meteor|p1a: Ditto\n|-damage|p1a: Ditto|6\/100\n|-unboost|p2a: Dialga|spa|2\n|\n|-weather|SunnyDay|[upkeep]\n|upkeep\n|turn|7\n|\n|t:|1701030992\n|move|p1a: Ditto|Draco Meteor|p2a: Dialga|[miss]\n|-miss|p1a: Ditto|p2a: Dialga\n|move|p2a: Dialga|Flamethrower|p1a: Ditto\n|-damage|p1a: Ditto|0 fnt\n|faint|p1a: Ditto\n|\n|-weather|SunnyDay|[upkeep]\n|upkeep\n|\n|t:|1701030996\n|switch|p1a: Glimmora|Glimmora, F|66\/100\n|-damage|p1a: Glimmora|54\/100|[from] Stealth Rock\n|turn|8\n|\n|t:|1701031004\n|move|p1a: Glimmora|Power Gem|p2a: Dialga\n|-resisted|p2a: Dialga\n|-damage|p2a: Dialga|0 fnt\n|faint|p2a: Dialga\n|\n|-weather|none\n|upkeep\n|\n|t:|1701031037\n|switch|p2a: friendly chi yu|Chi-Yu|100\/100\n|-status|p2a: friendly chi yu|psn\n|-damage|p2a: friendly chi yu|76\/100 psn|[from] Stealth Rock\n|-ability|p2a: friendly chi yu|Beads of Ruin\n|turn|9\n|\n|t:|1701031053\n|move|p2a: friendly chi yu|Flamethrower|p1a: Glimmora\n|-resisted|p1a: Glimmora\n|-damage|p1a: Glimmora|10\/100\n|move|p1a: Glimmora|Mortal Spin|p2a: friendly chi yu\n|-damage|p2a: friendly chi yu|66\/100 psn\n|-sideend|p1: person13|Stealth Rock|[from] move: Mortal Spin|[of] p1a: Glimmora\n|\n|-damage|p2a: friendly chi yu|53\/100 psn|[from] psn\n|upkeep\n|turn|10\n|c|\u2606person13|Idk\n|\n|t:|1701031071\n|switch|p2a: OHKO|Chi-Yu|100\/100\n|-status|p2a: OHKO|psn\n|-damage|p2a: OHKO|76\/100 psn|[from] Stealth Rock\n|-ability|p2a: OHKO|Beads of Ruin\n|move|p1a: Glimmora|Power Gem|p2a: OHKO\n|-supereffective|p2a: OHKO\n|-damage|p2a: OHKO|0 fnt\n|faint|p2a: OHKO\n|\n|upkeep\n|\n|t:|1701031072\n|switch|p2a: Calyrex|Calyrex-Shadow|100\/100\n|-ability|p2a: Calyrex|As One\n|-ability|p2a: Calyrex|Unnerve\n|-status|p2a: Calyrex|psn\n|-damage|p2a: Calyrex|88\/100 psn|[from] Stealth Rock\n|turn|11\n|\n|t:|1701031080\n|move|p2a: Calyrex|Astral Barrage|p1a: Glimmora\n|-damage|p1a: Glimmora|0 fnt\n|faint|p1a: Glimmora\n|-ability|p2a: Calyrex|Grim Neigh|boost\n|-boost|p2a: Calyrex|spa|1\n|-damage|p2a: Calyrex|78\/100 psn|[from] item: Life Orb\n|\n|-damage|p2a: Calyrex|66\/100 psn|[from] psn\n|upkeep\n|\n|t:|1701031082\n|switch|p1a: Kingambit|Kingambit, F|100\/100\n|-activate|p1a: Kingambit|ability: Supreme Overlord\n|-start|p1a: Kingambit|fallen3|[silent]\n|turn|12\n|\n|t:|1701031085\n|-terastallize|p2a: Calyrex|Fighting\n|move|p2a: Calyrex|Tera Blast|p1a: Kingambit|[anim] Tera Blast Fighting\n|-supereffective|p1a: Kingambit\n|-damage|p1a: Kingambit|0 fnt\n|faint|p1a: Kingambit\n|-end|p1a: Kingambit|fallen3|[silent]\n|-ability|p2a: Calyrex|Grim Neigh|boost\n|-boost|p2a: Calyrex|spa|1\n|-damage|p2a: Calyrex|56\/100 psn|[from] item: Life Orb\n|\n|-damage|p2a: Calyrex|44\/100 psn|[from] psn\n|upkeep\n|\n|t:|1701031091\n|switch|p1a: Alomomola|Alomomola, F|100\/100\n|turn|13\n|\n|t:|1701031111\n|move|p1a: Alomomola|Protect|p1a: Alomomola\n|-singleturn|p1a: Alomomola|Protect\n|move|p2a: Calyrex|Astral Barrage|p1a: Alomomola\n|-activate|p1a: Alomomola|move: Protect\n|\n|-damage|p2a: Calyrex|31\/100 psn|[from] psn\n|upkeep\n|turn|14\n|\n|t:|1701031116\n|move|p2a: Calyrex|Astral Barrage|p1a: Alomomola\n|-damage|p1a: Alomomola|0 fnt\n|faint|p1a: Alomomola\n|-ability|p2a: Calyrex|Grim Neigh|boost\n|-boost|p2a: Calyrex|spa|1\n|-damage|p2a: Calyrex|21\/100 psn|[from] item: Life Orb\n|\n|-damage|p2a: Calyrex|9\/100 psn|[from] psn\n|upkeep\n|\n|t:|1701031119\n|switch|p1a: Koraidon|Koraidon|100\/100\n|-weather|SunnyDay|[from] ability: Orichalcum Pulse|[of] p1a: Koraidon\n|-activate|p1a: Koraidon|Orichalcum Pulse|[source]\n|turn|15\n|c|\u2606person13|Gg\n|\n|t:|1701031127\n|move|p2a: Calyrex|Astral Barrage|p1a: Koraidon\n|-damage|p1a: Koraidon|0 fnt\n|faint|p1a: Koraidon\n|-damage|p2a: Calyrex|0 fnt|[from] item: Life Orb\n|faint|p2a: Calyrex\n|\n|win|Slender235\n|raw|person13's rating: 1554 &rarr; <strong>1530<\/strong><br \/>(-24 for losing)\n|raw|Slender235's rating: 1483 &rarr; <strong>1507<\/strong><br \/>(+24 for winning)\n|l|\u2606person13\n|c|\u2606Slender235|Gg\n","uploadtime":1701031142,"views":15,"p1id":"person13","p2id":"slender235","formatid":"gen9anythinggoes","rating":1507,"private":0,"password":""}