{"id":"gen9anythinggoes-1982084079","p1":"sendfreegifttome","p2":"SpectacularLoser","format":"[Gen 9] Anything Goes","log":"|j|\u2606sendfreegifttome\n|j|\u2606SpectacularLoser\n|t:|1698966219\n|gametype|singles\n|player|p1|sendfreegifttome|nate|1495\n|player|p2|SpectacularLoser|shadowtriad|1419\n|teamsize|p1|6\n|teamsize|p2|6\n|gen|9\n|tier|[Gen 9] Anything Goes\n|rated|\n|rule|HP Percentage Mod: HP is shown in percentages\n|rule|Endless Battle Clause: Forcing endless battles is banned\n|clearpoke\n|poke|p1|Calyrex-Shadow|\n|poke|p1|Kyogre|\n|poke|p1|Zacian-*|\n|poke|p1|Miraidon|\n|poke|p1|Arceus|\n|poke|p1|Pawmot, F|\n|poke|p2|Palafin, F|\n|poke|p2|Roaring Moon|\n|poke|p2|Iron Treads|\n|poke|p2|Koraidon|\n|poke|p2|Flutter Mane|\n|poke|p2|Ditto|\n|teampreview\n|inactive|Battle timer is ON: inactive players will automatically lose when time's up. (requested by sendfreegifttome)\n|\n|t:|1698966226\n|start\n|switch|p1a: Kyogre|Kyogre, shiny|100\/100\n|switch|p2a: Iron Treads|Iron Treads|100\/100\n|-weather|RainDance|[from] ability: Drizzle|[of] p1a: Kyogre\n|turn|1\n|\n|t:|1698966235\n|move|p2a: Iron Treads|Stealth Rock|p1a: Kyogre\n|-sidestart|p1: sendfreegifttome|move: Stealth Rock\n|move|p1a: Kyogre|Ice Beam|p2a: Iron Treads\n|-damage|p2a: Iron Treads|53\/100\n|\n|-weather|RainDance|[upkeep]\n|-heal|p2a: Iron Treads|59\/100|[from] item: Leftovers\n|upkeep\n|turn|2\n|\n|t:|1698966242\n|move|p2a: Iron Treads|Volt Switch|p1a: Kyogre\n|-supereffective|p1a: Kyogre\n|-damage|p1a: Kyogre|85\/100\n|\n|t:|1698966245\n|-end|p2a: Iron Treads|Quark Drive|[silent]\n|switch|p2a: Palafin|Palafin, F, shiny|100\/100|[from] Volt Switch\n|move|p1a: Kyogre|Water Spout|p2a: Palafin\n|-resisted|p2a: Palafin\n|-damage|p2a: Palafin|5\/100\n|\n|-weather|RainDance|[upkeep]\n|upkeep\n|turn|3\n|\n|t:|1698966254\n|move|p2a: Palafin|Close Combat|p1a: Kyogre\n|-damage|p1a: Kyogre|57\/100\n|-unboost|p2a: Palafin|def|1\n|-unboost|p2a: Palafin|spd|1\n|move|p1a: Kyogre|Water Spout|p2a: Palafin\n|-resisted|p2a: Palafin\n|-damage|p2a: Palafin|0 fnt\n|faint|p2a: Palafin\n|\n|-weather|RainDance|[upkeep]\n|upkeep\n|\n|t:|1698966257\n|switch|p2a: Koraidon|Koraidon|100\/100\n|-weather|SunnyDay|[from] ability: Orichalcum Pulse|[of] p2a: Koraidon\n|-activate|p2a: Koraidon|Orichalcum Pulse|[source]\n|turn|4\n|\n|t:|1698966271\n|move|p2a: Koraidon|Swords Dance|p2a: Koraidon\n|-boost|p2a: Koraidon|atk|2\n|move|p1a: Kyogre|Rest|p1a: Kyogre\n|-status|p1a: Kyogre|slp|[from] move: Rest\n|-heal|p1a: Kyogre|100\/100 slp|[silent]\n|-enditem|p1a: Kyogre|Chesto Berry|[eat]\n|-curestatus|p1a: Kyogre|slp|[msg]\n|\n|-weather|SunnyDay|[upkeep]\n|upkeep\n|turn|5\n|\n|t:|1698966278\n|move|p2a: Koraidon|Flame Charge|p1a: Kyogre\n|-resisted|p1a: Kyogre\n|-damage|p1a: Kyogre|63\/100\n|-boost|p2a: Koraidon|spe|1\n|move|p1a: Kyogre|Ice Beam|p2a: Koraidon\n|-supereffective|p2a: Koraidon\n|-damage|p2a: Koraidon|23\/100\n|\n|-weather|SunnyDay|[upkeep]\n|upkeep\n|turn|6\n|\n|t:|1698966287\n|move|p2a: Koraidon|Collision Course|p1a: Kyogre\n|-damage|p1a: Kyogre|0 fnt\n|faint|p1a: Kyogre\n|\n|-weather|SunnyDay|[upkeep]\n|upkeep\n|\n|t:|1698966294\n|switch|p1a: Arceus|Arceus|100\/100\n|-damage|p1a: Arceus|88\/100|[from] Stealth Rock\n|turn|7\n|\n|t:|1698966299\n|move|p1a: Arceus|Extreme Speed|p2a: Koraidon\n|-damage|p2a: Koraidon|0 fnt\n|faint|p2a: Koraidon\n|\n|-weather|SunnyDay|[upkeep]\n|upkeep\n|\n|t:|1698966302\n|switch|p2a: Flutter Mane|Flutter Mane, shiny|100\/100\n|-activate|p2a: Flutter Mane|ability: Protosynthesis\n|-start|p2a: Flutter Mane|protosynthesisspe\n|turn|8\n|\n|t:|1698966311\n|move|p2a: Flutter Mane|Moonblast|p1a: Arceus\n|-damage|p1a: Arceus|35\/100\n|-unboost|p1a: Arceus|spa|1\n|move|p1a: Arceus|Dazzling Gleam|p2a: Flutter Mane\n|-damage|p2a: Flutter Mane|87\/100\n|\n|-weather|none\n|-end|p2a: Flutter Mane|Protosynthesis\n|upkeep\n|turn|9\n|\n|t:|1698966320\n|move|p2a: Flutter Mane|Moonblast|p1a: Arceus\n|-damage|p1a: Arceus|0 fnt\n|faint|p1a: Arceus\n|\n|upkeep\n|\n|t:|1698966323\n|switch|p1a: Zacian|Zacian-Crowned, shiny|100\/100\n|-damage|p1a: Zacian|94\/100|[from] Stealth Rock\n|-ability|p1a: Zacian|Intrepid Sword|boost\n|-boost|p1a: Zacian|atk|1\n|turn|10\n|\n|t:|1698966327\n|-end|p2a: Flutter Mane|Protosynthesis|[silent]\n|switch|p2a: Iron Treads|Iron Treads|59\/100\n|move|p1a: Zacian|Swords Dance|p1a: Zacian\n|-boost|p1a: Zacian|atk|2\n|\n|-heal|p2a: Iron Treads|65\/100|[from] item: Leftovers\n|upkeep\n|turn|11\n|\n|t:|1698966336\n|move|p1a: Zacian|Close Combat|p2a: Iron Treads\n|-supereffective|p2a: Iron Treads\n|-damage|p2a: Iron Treads|0 fnt\n|-unboost|p1a: Zacian|def|1\n|-unboost|p1a: Zacian|spd|1\n|faint|p2a: Iron Treads\n|-end|p2a: Iron Treads|Quark Drive|[silent]\n|\n|upkeep\n|\n|t:|1698966339\n|switch|p2a: Ditto|Ditto|100\/100\n|-transform|p2a: Ditto|p1a: Zacian|[from] ability: Imposter\n|-ability|p2a: Ditto|Intrepid Sword|boost\n|-boost|p2a: Ditto|atk|1\n|turn|12\n|\n|t:|1698966350\n|move|p2a: Ditto|Behemoth Blade|p1a: Zacian\n|-damage|p1a: Zacian|0 fnt\n|faint|p1a: Zacian\n|\n|upkeep\n|\n|t:|1698966355\n|switch|p1a: Pawmot|Pawmot, F|100\/100\n|-damage|p1a: Pawmot|95\/100|[from] Stealth Rock\n|turn|13\n|\n|t:|1698966361\n|move|p1a: Pawmot|Fake Out|p2a: Ditto\n|-resisted|p2a: Ditto\n|-damage|p2a: Ditto|93\/100\n|cant|p2a: Ditto|flinch\n|\n|upkeep\n|turn|14\n|\n|t:|1698966366\n|move|p2a: Ditto|Behemoth Blade|p1a: Pawmot\n|-resisted|p1a: Pawmot\n|-damage|p1a: Pawmot|0 fnt\n|faint|p1a: Pawmot\n|\n|upkeep\n|\n|t:|1698966373\n|switch|p1a: Calyrex|Calyrex-Shadow|100\/100\n|-ability|p1a: Calyrex|As One\n|-ability|p1a: Calyrex|Unnerve\n|-damage|p1a: Calyrex|88\/100|[from] Stealth Rock\n|turn|15\n|\n|t:|1698966377\n|move|p2a: Ditto|Behemoth Blade|p1a: Calyrex\n|-damage|p1a: Calyrex|0 fnt\n|faint|p1a: Calyrex\n|\n|upkeep\n|\n|t:|1698966380\n|switch|p1a: Miraidon|Miraidon|100\/100\n|-damage|p1a: Miraidon|88\/100|[from] Stealth Rock\n|-fieldstart|move: Electric Terrain|[from] ability: Hadron Engine|[of] p1a: Miraidon\n|turn|16\n|\n|t:|1698966388\n|move|p2a: Ditto|Behemoth Blade|p1a: Miraidon\n|-resisted|p1a: Miraidon\n|-damage|p1a: Miraidon|5\/100\n|move|p1a: Miraidon|Agility|p1a: Miraidon\n|-boost|p1a: Miraidon|spe|2\n|\n|upkeep\n|turn|17\n|c|\u2606SpectacularLoser|gg\n|inactive|SpectacularLoser has 120 seconds left.\n|\n|t:|1698966458\n|switch|p2a: Flutter Mane|Flutter Mane, shiny|87\/100\n|move|p1a: Miraidon|Electro Drift|p2a: Flutter Mane\n|-damage|p2a: Flutter Mane|0 fnt\n|faint|p2a: Flutter Mane\n|-end|p2a: Flutter Mane|Protosynthesis|[silent]\n|\n|upkeep\n|\n|t:|1698966460\n|switch|p2a: Ditto|Ditto|93\/100\n|-transform|p2a: Ditto|p1a: Miraidon|[from] ability: Imposter\n|-activate|p2a: Ditto|ability: Hadron Engine\n|turn|18\n|\n|t:|1698966470\n|-terastallize|p1a: Miraidon|Fairy\n|move|p2a: Ditto|Dragon Pulse|p1a: Miraidon\n|-immune|p1a: Miraidon\n|move|p1a: Miraidon|Dragon Pulse|p2a: Ditto\n|-supereffective|p2a: Ditto\n|-damage|p2a: Ditto|0 fnt\n|faint|p2a: Ditto\n|\n|upkeep\n|\n|t:|1698966476\n|switch|p2a: Roaring Moon|Roaring Moon|100\/100\n|-enditem|p2a: Roaring Moon|Booster Energy\n|-activate|p2a: Roaring Moon|ability: Protosynthesis|[fromitem]\n|-start|p2a: Roaring Moon|protosynthesisatk\n|turn|19\n|\n|t:|1698966484\n|move|p1a: Miraidon|Dragon Pulse|p2a: Roaring Moon\n|-supereffective|p2a: Roaring Moon\n|-damage|p2a: Roaring Moon|0 fnt\n|faint|p2a: Roaring Moon\n|-end|p2a: Roaring Moon|Protosynthesis|[silent]\n|\n|win|sendfreegifttome\n|raw|sendfreegifttome's rating: 1495 &rarr; <strong>1511<\/strong><br \/>(+16 for winning)\n|raw|SpectacularLoser's rating: 1419 &rarr; <strong>1403<\/strong><br \/>(-16 for losing)\n|c|\u2606sendfreegifttome|Gg\n|l|\u2606SpectacularLoser\n","uploadtime":1698966494,"views":8,"p1id":"sendfreegifttome","p2id":"spectacularloser","formatid":"gen9anythinggoes","rating":1403,"private":0,"password":""}