{"id":"gen9anythinggoes-1983129356","p1":"Exceperojo","p2":"Zantxl","format":"[Gen 9] Anything Goes","log":"|j|\u2606Exceperojo\n|j|\u2606Zantxl\n|t:|1699092422\n|gametype|singles\n|player|p1|Exceperojo|acetrainersnowf|1031\n|player|p2|Zantxl|169|1030\n|teamsize|p1|4\n|teamsize|p2|6\n|gen|9\n|tier|[Gen 9] Anything Goes\n|rated|\n|rule|HP Percentage Mod: HP is shown in percentages\n|rule|Endless Battle Clause: Forcing endless battles is banned\n|clearpoke\n|poke|p1|Glaceon, M|\n|poke|p1|Drifblim, M|\n|poke|p1|Cyclizar, F|\n|poke|p1|Venomoth, F|\n|poke|p2|Amoonguss, F|\n|poke|p2|Gardevoir, F|\n|poke|p2|Spiritomb, M|\n|poke|p2|Cinderace, M|\n|poke|p2|Gyarados, M|\n|poke|p2|Mimikyu, M|\n|teampreview\n|inactive|Battle timer is ON: inactive players will automatically lose when time's up. (requested by Exceperojo)\n|c|\u2606Exceperojo|gl\n|inactiveoff|Battle timer is now OFF.\n|\n|t:|1699092437\n|start\n|switch|p1a: Cyclizar|Cyclizar, F|100\/100\n|switch|p2a: Cinderace|Cinderace, M|100\/100\n|turn|1\n|\n|t:|1699092445\n|move|p1a: Cyclizar|Shed Tail|p1a: Cyclizar\n|-start|p1a: Cyclizar|Substitute|[from] move: Shed Tail\n|-damage|p1a: Cyclizar|50\/100\n|\n|t:|1699092451\n|switch|p1a: Drifblim|Drifblim, M|100\/100|[from] Shed Tail\n|move|p2a: Cinderace|U-turn|p1a: Drifblim\n|-start|p2a: Cinderace|typechange|Bug|[from] ability: Libero\n|-resisted|p1a: Drifblim\n|-activate|p1a: Drifblim|move: Substitute|[damage]\n|\n|t:|1699092461\n|switch|p2a: Gyarados|Gyarados, M|100\/100|[from] U-turn\n|-ability|p2a: Gyarados|Intimidate|boost\n|-immune|p1a: Drifblim\n|\n|upkeep\n|turn|2\n|\n|t:|1699092469\n|move|p2a: Gyarados|Dragon Dance|p2a: Gyarados\n|-boost|p2a: Gyarados|atk|1\n|-boost|p2a: Gyarados|spe|1\n|move|p1a: Drifblim|Minimize|p1a: Drifblim\n|-boost|p1a: Drifblim|evasion|2\n|\n|upkeep\n|turn|3\n|\n|t:|1699092477\n|move|p2a: Gyarados|Ice Fang|p1a: Drifblim|[miss]\n|-miss|p2a: Gyarados|p1a: Drifblim\n|move|p1a: Drifblim|Minimize|p1a: Drifblim\n|-boost|p1a: Drifblim|evasion|2\n|\n|upkeep\n|turn|4\n|\n|t:|1699092484\n|move|p2a: Gyarados|Ice Fang|p1a: Drifblim|[miss]\n|-miss|p2a: Gyarados|p1a: Drifblim\n|move|p1a: Drifblim|Minimize|p1a: Drifblim\n|-boost|p1a: Drifblim|evasion|2\n|\n|upkeep\n|turn|5\n|\n|t:|1699092491\n|move|p2a: Gyarados|Ice Fang|p1a: Drifblim|[miss]\n|-miss|p2a: Gyarados|p1a: Drifblim\n|move|p1a: Drifblim|Calm Mind|p1a: Drifblim\n|-boost|p1a: Drifblim|spa|1\n|-boost|p1a: Drifblim|spd|1\n|\n|upkeep\n|turn|6\n|\n|t:|1699092498\n|move|p2a: Gyarados|Ice Fang|p1a: Drifblim|[miss]\n|-miss|p2a: Gyarados|p1a: Drifblim\n|move|p1a: Drifblim|Calm Mind|p1a: Drifblim\n|-boost|p1a: Drifblim|spa|1\n|-boost|p1a: Drifblim|spd|1\n|\n|upkeep\n|turn|7\n|\n|t:|1699092505\n|move|p2a: Gyarados|Ice Fang|p1a: Drifblim\n|-supereffective|p1a: Drifblim\n|-end|p1a: Drifblim|Substitute\n|move|p1a: Drifblim|Calm Mind|p1a: Drifblim\n|-boost|p1a: Drifblim|spa|1\n|-boost|p1a: Drifblim|spd|1\n|\n|upkeep\n|turn|8\n|\n|t:|1699092512\n|move|p2a: Gyarados|Ice Fang|p1a: Drifblim|[miss]\n|-miss|p2a: Gyarados|p1a: Drifblim\n|move|p1a: Drifblim|Calm Mind|p1a: Drifblim\n|-boost|p1a: Drifblim|spa|1\n|-boost|p1a: Drifblim|spd|1\n|\n|upkeep\n|turn|9\n|\n|t:|1699092519\n|move|p2a: Gyarados|Ice Fang|p1a: Drifblim|[miss]\n|-miss|p2a: Gyarados|p1a: Drifblim\n|move|p1a: Drifblim|Baton Pass|p1a: Drifblim\n|\n|t:|1699092524\n|switch|p1a: Glaceon|Glaceon, M|100\/100|[from] Baton Pass\n|\n|upkeep\n|turn|10\n|\n|t:|1699092529\n|move|p2a: Gyarados|Waterfall|p1a: Glaceon\n|-damage|p1a: Glaceon|36\/100\n|move|p1a: Glaceon|Stored Power|p2a: Gyarados\n|-damage|p2a: Gyarados|0 fnt\n|faint|p2a: Gyarados\n|\n|-heal|p1a: Glaceon|42\/100|[from] item: Leftovers\n|upkeep\n|\n|t:|1699092540\n|switch|p2a: Cinderace|Cinderace, M|100\/100\n|turn|11\n|inactive|Battle timer is ON: inactive players will automatically lose when time's up. (requested by Exceperojo)\n|\n|t:|1699092548\n|-terastallize|p1a: Glaceon|Ground\n|move|p2a: Cinderace|U-turn|p1a: Glaceon|[miss]\n|-start|p2a: Cinderace|typechange|Bug|[from] ability: Libero\n|-miss|p2a: Cinderace|p1a: Glaceon\n|move|p1a: Glaceon|Tera Blast|p2a: Cinderace|[anim] Tera Blast Ground\n|-resisted|p2a: Cinderace\n|-damage|p2a: Cinderace|5\/100\n|\n|-heal|p1a: Glaceon|48\/100|[from] item: Leftovers\n|upkeep\n|turn|12\n|\n|t:|1699092559\n|move|p2a: Cinderace|U-turn|p1a: Glaceon|[miss]\n|-miss|p2a: Cinderace|p1a: Glaceon\n|move|p1a: Glaceon|Shadow Ball|p2a: Cinderace\n|-damage|p2a: Cinderace|0 fnt\n|faint|p2a: Cinderace\n|\n|-heal|p1a: Glaceon|54\/100|[from] item: Leftovers\n|upkeep\n|\n|t:|1699092569\n|switch|p2a: Mimikyu|Mimikyu, M|100\/100\n|turn|13\n|\n|t:|1699092581\n|move|p2a: Mimikyu|Will-O-Wisp|p1a: Glaceon|[miss]\n|-miss|p2a: Mimikyu|p1a: Glaceon\n|move|p1a: Glaceon|Shadow Ball|p2a: Mimikyu\n|-activate|p2a: Mimikyu|ability: Disguise\n|-damage|p2a: Mimikyu|100\/100\n|detailschange|p2a: Mimikyu|Mimikyu-Busted, M\n|-damage|p2a: Mimikyu|88\/100|[from] pokemon: Mimikyu-Busted\n|\n|-heal|p2a: Mimikyu|94\/100|[from] item: Leftovers\n|-heal|p1a: Glaceon|61\/100|[from] item: Leftovers\n|upkeep\n|turn|14\n|\n|t:|1699092594\n|move|p2a: Mimikyu|Will-O-Wisp|p1a: Glaceon|[miss]\n|-miss|p2a: Mimikyu|p1a: Glaceon\n|move|p1a: Glaceon|Shadow Ball|p2a: Mimikyu\n|-supereffective|p2a: Mimikyu\n|-damage|p2a: Mimikyu|0 fnt\n|faint|p2a: Mimikyu\n|\n|-heal|p1a: Glaceon|67\/100|[from] item: Leftovers\n|upkeep\n|\n|t:|1699092604\n|switch|p2a: Gardevoir|Gardevoir, F|100\/100\n|turn|15\n|\n|t:|1699092608\n|move|p2a: Gardevoir|Destiny Bond|p2a: Gardevoir\n|-singlemove|p2a: Gardevoir|Destiny Bond\n|move|p1a: Glaceon|Shadow Ball|p2a: Gardevoir\n|-supereffective|p2a: Gardevoir\n|-damage|p2a: Gardevoir|0 fnt\n|faint|p2a: Gardevoir\n|-activate|p2a: Gardevoir|move: Destiny Bond\n|faint|p1a: Glaceon\n|\n|upkeep\n|\n|t:|1699092621\n|switch|p2a: Spiritomb|Spiritomb, M|100\/100\n|switch|p1a: Drifblim|Drifblim, M|100\/100\n|turn|16\n|\n|t:|1699092628\n|move|p1a: Drifblim|Minimize|p1a: Drifblim\n|-boost|p1a: Drifblim|evasion|2\n|move|p2a: Spiritomb|Trick Room|p2a: Spiritomb\n|-fieldstart|move: Trick Room|[of] p2a: Spiritomb\n|\n|upkeep\n|turn|17\n|\n|t:|1699092634\n|move|p2a: Spiritomb|Shadow Ball|p1a: Drifblim\n|-supereffective|p1a: Drifblim\n|-damage|p1a: Drifblim|45\/100\n|move|p1a: Drifblim|Minimize|p1a: Drifblim\n|-boost|p1a: Drifblim|evasion|2\n|\n|upkeep\n|turn|18\n|\n|t:|1699092643\n|move|p2a: Spiritomb|Shadow Ball|p1a: Drifblim|[miss]\n|-miss|p2a: Spiritomb|p1a: Drifblim\n|move|p1a: Drifblim|Minimize|p1a: Drifblim\n|-boost|p1a: Drifblim|evasion|2\n|\n|upkeep\n|turn|19\n|\n|t:|1699092655\n|move|p2a: Spiritomb|Shadow Ball|p1a: Drifblim\n|-supereffective|p1a: Drifblim\n|-damage|p1a: Drifblim|0 fnt\n|faint|p1a: Drifblim\n|\n|upkeep\n|\n|t:|1699092666\n|switch|p1a: Cyclizar|Cyclizar, F|84\/100\n|turn|20\n|\n|t:|1699092672\n|move|p2a: Spiritomb|Destiny Bond|p2a: Spiritomb\n|-singlemove|p2a: Spiritomb|Destiny Bond\n|move|p1a: Cyclizar|U-turn|p2a: Spiritomb\n|-damage|p2a: Spiritomb|84\/100\n|\n|t:|1699092677\n|switch|p1a: Venomoth|Venomoth, F|100\/100|[from] U-turn\n|\n|-fieldend|move: Trick Room\n|upkeep\n|turn|21\n|\n|t:|1699092688\n|-terastallize|p2a: Spiritomb|Fairy\n|move|p1a: Venomoth|Sleep Powder|p2a: Spiritomb\n|-status|p2a: Spiritomb|slp|[from] move: Sleep Powder\n|cant|p2a: Spiritomb|slp\n|\n|upkeep\n|turn|22\n|\n|t:|1699092697\n|switch|p1a: Cyclizar|Cyclizar, F|100\/100\n|-curestatus|p2a: Spiritomb|slp|[msg]\n|move|p2a: Spiritomb|Shadow Ball|p1a: Cyclizar\n|-immune|p1a: Cyclizar\n|\n|upkeep\n|turn|23\n|\n|t:|1699092709\n|switch|p2a: Amoonguss|Amoonguss, F|100\/100\n|move|p1a: Cyclizar|Shed Tail|p1a: Cyclizar\n|-start|p1a: Cyclizar|Substitute|[from] move: Shed Tail\n|-damage|p1a: Cyclizar|50\/100\n|\n|t:|1699092711\n|switch|p1a: Venomoth|Venomoth, F|100\/100|[from] Shed Tail\n|\n|upkeep\n|turn|24\n|\n|t:|1699092720\n|move|p1a: Venomoth|Baton Pass|p1a: Venomoth\n|\n|t:|1699092722\n|switch|p1a: Cyclizar|Cyclizar, F|84\/100|[from] Baton Pass\n|move|p2a: Amoonguss|Giga Drain|p1a: Cyclizar\n|-resisted|p1a: Cyclizar\n|-activate|p1a: Cyclizar|move: Substitute|[damage]\n|\n|upkeep\n|turn|25\n|\n|t:|1699092739\n|move|p1a: Cyclizar|U-turn|p2a: Amoonguss\n|-damage|p2a: Amoonguss|86\/100\n|-damage|p1a: Cyclizar|67\/100|[from] item: Rocky Helmet|[of] p2a: Amoonguss\n|\n|t:|1699092744\n|switch|p1a: Venomoth|Venomoth, F|100\/100|[from] U-turn\n|move|p2a: Amoonguss|Giga Drain|p1a: Venomoth\n|-resisted|p1a: Venomoth\n|-damage|p1a: Venomoth|93\/100\n|-heal|p2a: Amoonguss|90\/100|[from] drain|[of] p1a: Venomoth\n|\n|upkeep\n|turn|26\n|\n|t:|1699092760\n|move|p1a: Venomoth|Protect|p1a: Venomoth\n|-singleturn|p1a: Venomoth|Protect\n|move|p2a: Amoonguss|Spore|p1a: Venomoth\n|-activate|p1a: Venomoth|move: Protect\n|\n|upkeep\n|turn|27\n|\n|t:|1699092775\n|move|p1a: Venomoth|Sleep Powder|p2a: Amoonguss\n|-immune|p2a: Amoonguss\n|move|p2a: Amoonguss|Spore|p1a: Venomoth|[miss]\n|-miss|p2a: Amoonguss|p1a: Venomoth\n|\n|upkeep\n|turn|28\n|\n|t:|1699092782\n|switch|p1a: Cyclizar|Cyclizar, F|99\/100\n|move|p2a: Amoonguss|Spore|p1a: Cyclizar\n|-status|p1a: Cyclizar|slp|[from] move: Spore\n|\n|upkeep\n|turn|29\n|\n|t:|1699092789\n|cant|p1a: Cyclizar|slp\n|move|p2a: Amoonguss|Giga Drain|p1a: Cyclizar\n|-resisted|p1a: Cyclizar\n|-damage|p1a: Cyclizar|82\/100 slp\n|-heal|p2a: Amoonguss|99\/100|[from] drain|[of] p1a: Cyclizar\n|\n|upkeep\n|turn|30\n|\n|t:|1699092797\n|cant|p1a: Cyclizar|slp\n|move|p2a: Amoonguss|Giga Drain|p1a: Cyclizar\n|-resisted|p1a: Cyclizar\n|-damage|p1a: Cyclizar|64\/100 slp\n|-heal|p2a: Amoonguss|100\/100|[from] drain|[of] p1a: Cyclizar\n|\n|upkeep\n|turn|31\n|\n|t:|1699092805\n|cant|p1a: Cyclizar|slp\n|move|p2a: Amoonguss|Giga Drain|p1a: Cyclizar\n|-resisted|p1a: Cyclizar\n|-damage|p1a: Cyclizar|46\/100 slp\n|\n|upkeep\n|turn|32\n|\n|t:|1699092811\n|-curestatus|p1a: Cyclizar|slp|[msg]\n|move|p1a: Cyclizar|Knock Off|p2a: Amoonguss\n|-damage|p2a: Amoonguss|81\/100\n|-damage|p1a: Cyclizar|29\/100|[from] item: Rocky Helmet|[of] p2a: Amoonguss\n|-enditem|p2a: Amoonguss|Rocky Helmet|[from] move: Knock Off|[of] p1a: Cyclizar\n|move|p2a: Amoonguss|Giga Drain|p1a: Cyclizar\n|-resisted|p1a: Cyclizar\n|-damage|p1a: Cyclizar|12\/100\n|-heal|p2a: Amoonguss|89\/100|[from] drain|[of] p1a: Cyclizar\n|\n|upkeep\n|turn|33\n|\n|t:|1699092823\n|switch|p1a: Venomoth|Venomoth, F|93\/100\n|move|p2a: Amoonguss|Spore|p1a: Venomoth|[miss]\n|-miss|p2a: Amoonguss|p1a: Venomoth\n|\n|upkeep\n|turn|34\n|\n|t:|1699092832\n|move|p1a: Venomoth|Sleep Powder|p2a: Amoonguss\n|-immune|p2a: Amoonguss\n|move|p2a: Amoonguss|Spore|p1a: Venomoth|[miss]\n|-miss|p2a: Amoonguss|p1a: Venomoth\n|\n|upkeep\n|turn|35\n|\n|t:|1699092839\n|move|p1a: Venomoth|Morning Sun|p1a: Venomoth\n|-heal|p1a: Venomoth|100\/100\n|move|p2a: Amoonguss|Giga Drain|p1a: Venomoth\n|-resisted|p1a: Venomoth\n|-damage|p1a: Venomoth|94\/100\n|-heal|p2a: Amoonguss|92\/100|[from] drain|[of] p1a: Venomoth\n|\n|upkeep\n|turn|36\n|\n|t:|1699092849\n|move|p1a: Venomoth|Protect|p1a: Venomoth\n|-singleturn|p1a: Venomoth|Protect\n|move|p2a: Amoonguss|Spore|p1a: Venomoth\n|-activate|p1a: Venomoth|move: Protect\n|\n|upkeep\n|turn|37\n|\n|t:|1699092856\n|move|p1a: Venomoth|Sleep Powder|p2a: Amoonguss\n|-immune|p2a: Amoonguss\n|move|p2a: Amoonguss|Spore|p1a: Venomoth|[miss]\n|-miss|p2a: Amoonguss|p1a: Venomoth\n|\n|upkeep\n|turn|38\n|\n|t:|1699092873\n|switch|p2a: Spiritomb|Spiritomb, M, tera:Fairy|84\/100\n|move|p1a: Venomoth|Sleep Powder|p2a: Spiritomb|[miss]\n|-miss|p1a: Venomoth|p2a: Spiritomb\n|\n|upkeep\n|turn|39\n|\n|t:|1699092888\n|move|p1a: Venomoth|Sleep Powder|p2a: Spiritomb\n|-status|p2a: Spiritomb|slp|[from] move: Sleep Powder\n|cant|p2a: Spiritomb|slp\n|\n|upkeep\n|turn|40\n|\n|t:|1699092893\n|switch|p1a: Cyclizar|Cyclizar, F|45\/100\n|cant|p2a: Spiritomb|slp\n|\n|upkeep\n|turn|41\n|\n|t:|1699092899\n|switch|p1a: Venomoth|Venomoth, F|94\/100\n|switch|p2a: Amoonguss|Amoonguss, F|100\/100\n|\n|upkeep\n|turn|42\n|\n|t:|1699092908\n|move|p1a: Venomoth|Sleep Powder|p2a: Amoonguss\n|-immune|p2a: Amoonguss\n|move|p2a: Amoonguss|Giga Drain|p1a: Venomoth\n|-resisted|p1a: Venomoth\n|-damage|p1a: Venomoth|88\/100\n|\n|upkeep\n|turn|43\n|c|\u2606Exceperojo|so we just gonna keep doing this?\n|\n|t:|1699092934\n|move|p1a: Venomoth|Protect|p1a: Venomoth\n|-singleturn|p1a: Venomoth|Protect\n|move|p2a: Amoonguss|Giga Drain|p1a: Venomoth\n|-activate|p1a: Venomoth|move: Protect\n|\n|upkeep\n|turn|44\n|\n|t:|1699092945\n|move|p2a: Amoonguss|Protect|p2a: Amoonguss\n|-singleturn|p2a: Amoonguss|Protect\n|move|p1a: Venomoth|Sleep Powder|p2a: Amoonguss\n|-activate|p2a: Amoonguss|move: Protect\n|\n|upkeep\n|turn|45\n|\n|t:|1699092953\n|switch|p2a: Spiritomb|Spiritomb, M, tera:Fairy|84\/100 slp\n|move|p1a: Venomoth|Protect||[still]\n|-fail|p1a: Venomoth\n|\n|upkeep\n|turn|46\n|\n|t:|1699092961\n|switch|p1a: Cyclizar|Cyclizar, F|78\/100\n|-curestatus|p2a: Spiritomb|slp|[msg]\n|move|p2a: Spiritomb|Phantom Force||[still]\n|-prepare|p2a: Spiritomb|Phantom Force\n|\n|upkeep\n|turn|47\n|\n|t:|1699092978\n|move|p1a: Cyclizar|Rapid Spin|p2a: Spiritomb|[miss]\n|-miss|p1a: Cyclizar|p2a: Spiritomb\n|move|p2a: Spiritomb|Phantom Force|p1a: Cyclizar|[from]lockedmove\n|-immune|p1a: Cyclizar\n|\n|upkeep\n|turn|48\n|\n|t:|1699092990\n|move|p1a: Cyclizar|Rapid Spin|p2a: Spiritomb\n|-crit|p2a: Spiritomb\n|-damage|p2a: Spiritomb|58\/100\n|-boost|p1a: Cyclizar|spe|1\n|move|p2a: Spiritomb|Destiny Bond|p2a: Spiritomb\n|-singlemove|p2a: Spiritomb|Destiny Bond\n|\n|upkeep\n|turn|49\n|\n|t:|1699092999\n|move|p1a: Cyclizar|Rapid Spin|p2a: Spiritomb\n|-crit|p2a: Spiritomb\n|-damage|p2a: Spiritomb|30\/100\n|-boost|p1a: Cyclizar|spe|1\n|move|p2a: Spiritomb|Trick Room|p2a: Spiritomb\n|-fieldstart|move: Trick Room|[of] p2a: Spiritomb\n|\n|upkeep\n|turn|50\n|\n|t:|1699093006\n|move|p2a: Spiritomb|Destiny Bond|p2a: Spiritomb\n|-singlemove|p2a: Spiritomb|Destiny Bond\n|move|p1a: Cyclizar|Rapid Spin|p2a: Spiritomb\n|-damage|p2a: Spiritomb|13\/100\n|-boost|p1a: Cyclizar|spe|1\n|\n|upkeep\n|turn|51\n|\n|t:|1699093016\n|switch|p2a: Amoonguss|Amoonguss, F|100\/100\n|move|p1a: Cyclizar|Rapid Spin|p2a: Amoonguss\n|-damage|p2a: Amoonguss|84\/100\n|-boost|p1a: Cyclizar|spe|1\n|\n|upkeep\n|turn|52\n|\n|t:|1699093024\n|move|p2a: Amoonguss|Spore|p1a: Cyclizar\n|-status|p1a: Cyclizar|slp|[from] move: Spore\n|cant|p1a: Cyclizar|slp\n|\n|upkeep\n|turn|53\n|\n|t:|1699093031\n|switch|p1a: Venomoth|Venomoth, F|88\/100\n|move|p2a: Amoonguss|Giga Drain|p1a: Venomoth\n|-resisted|p1a: Venomoth\n|-damage|p1a: Venomoth|81\/100\n|-heal|p2a: Amoonguss|87\/100|[from] drain|[of] p1a: Venomoth\n|\n|-fieldend|move: Trick Room\n|upkeep\n|turn|54\n|\n|t:|1699093045\n|move|p1a: Venomoth|Sleep Powder|p2a: Amoonguss\n|-immune|p2a: Amoonguss\n|move|p2a: Amoonguss|Giga Drain|p1a: Venomoth\n|-resisted|p1a: Venomoth\n|-damage|p1a: Venomoth|74\/100\n|-heal|p2a: Amoonguss|91\/100|[from] drain|[of] p1a: Venomoth\n|\n|upkeep\n|turn|55\n|\n|t:|1699093055\n|move|p1a: Venomoth|Morning Sun|p1a: Venomoth\n|-heal|p1a: Venomoth|100\/100\n|move|p2a: Amoonguss|Synthesis|p2a: Amoonguss\n|-heal|p2a: Amoonguss|100\/100\n|\n|upkeep\n|turn|56\n|\n|t:|1699093065\n|switch|p1a: Cyclizar|Cyclizar, F|100\/100 slp\n|move|p2a: Amoonguss|Spore|p1a: Cyclizar\n|-fail|p1a: Cyclizar|slp\n|\n|upkeep\n|turn|57\n|\n|t:|1699093074\n|switch|p2a: Spiritomb|Spiritomb, M, tera:Fairy|13\/100\n|-curestatus|p1a: Cyclizar|slp|[msg]\n|move|p1a: Cyclizar|Shed Tail|p1a: Cyclizar\n|-start|p1a: Cyclizar|Substitute|[from] move: Shed Tail\n|-damage|p1a: Cyclizar|50\/100\n|\n|t:|1699093077\n|switch|p1a: Venomoth|Venomoth, F|100\/100|[from] Shed Tail\n|\n|upkeep\n|turn|58\n|\n|t:|1699093090\n|switch|p2a: Amoonguss|Amoonguss, F|100\/100\n|move|p1a: Venomoth|Baton Pass|p1a: Venomoth\n|\n|t:|1699093092\n|switch|p1a: Cyclizar|Cyclizar, F|84\/100|[from] Baton Pass\n|\n|upkeep\n|turn|59\n|\n|t:|1699093101\n|move|p1a: Cyclizar|Rapid Spin|p2a: Amoonguss\n|-crit|p2a: Amoonguss\n|-damage|p2a: Amoonguss|78\/100\n|-boost|p1a: Cyclizar|spe|1\n|move|p2a: Amoonguss|Spore||[still]\n|-fail|p2a: Amoonguss\n|\n|upkeep\n|turn|60\n|\n|t:|1699093109\n|move|p1a: Cyclizar|Rapid Spin|p2a: Amoonguss\n|-damage|p2a: Amoonguss|64\/100\n|-boost|p1a: Cyclizar|spe|1\n|move|p2a: Amoonguss|Giga Drain|p1a: Cyclizar\n|-resisted|p1a: Cyclizar\n|-activate|p1a: Cyclizar|move: Substitute|[damage]\n|-heal|p2a: Amoonguss|72\/100|[from] drain|[of] p1a: Cyclizar\n|\n|upkeep\n|turn|61\n|\n|t:|1699093118\n|move|p1a: Cyclizar|Rapid Spin|p2a: Amoonguss\n|-damage|p2a: Amoonguss|56\/100\n|-boost|p1a: Cyclizar|spe|1\n|move|p2a: Amoonguss|Giga Drain|p1a: Cyclizar\n|-resisted|p1a: Cyclizar\n|-end|p1a: Cyclizar|Substitute\n|-heal|p2a: Amoonguss|59\/100|[from] drain|[of] p1a: Cyclizar\n|\n|upkeep\n|turn|62\n|\n|t:|1699093128\n|move|p1a: Cyclizar|Rapid Spin|p2a: Amoonguss\n|-damage|p2a: Amoonguss|45\/100\n|-boost|p1a: Cyclizar|spe|1\n|move|p2a: Amoonguss|Giga Drain|p1a: Cyclizar\n|-resisted|p1a: Cyclizar\n|-damage|p1a: Cyclizar|67\/100\n|-heal|p2a: Amoonguss|53\/100|[from] drain|[of] p1a: Cyclizar\n|\n|upkeep\n|turn|63\n|\n|t:|1699093137\n|move|p1a: Cyclizar|Rapid Spin|p2a: Amoonguss\n|-damage|p2a: Amoonguss|38\/100\n|-boost|p1a: Cyclizar|spe|1\n|move|p2a: Amoonguss|Synthesis|p2a: Amoonguss\n|-heal|p2a: Amoonguss|88\/100\n|\n|upkeep\n|turn|64\n|\n|t:|1699093144\n|switch|p1a: Venomoth|Venomoth, F|100\/100\n|move|p2a: Amoonguss|Spore|p1a: Venomoth\n|-status|p1a: Venomoth|slp|[from] move: Spore\n|\n|upkeep\n|turn|65\n|\n|t:|1699093153\n|switch|p2a: Spiritomb|Spiritomb, M, tera:Fairy|13\/100\n|cant|p1a: Venomoth|slp\n|\n|upkeep\n|turn|66\n|\n|t:|1699093159\n|switch|p1a: Cyclizar|Cyclizar, F|99\/100\n|move|p2a: Spiritomb|Shadow Ball|p1a: Cyclizar\n|-immune|p1a: Cyclizar\n|\n|upkeep\n|turn|67\n|\n|t:|1699093166\n|switch|p2a: Amoonguss|Amoonguss, F|100\/100\n|move|p1a: Cyclizar|Rapid Spin|p2a: Amoonguss\n|-damage|p2a: Amoonguss|86\/100\n|-boost|p1a: Cyclizar|spe|1\n|\n|upkeep\n|turn|68\n|\n|t:|1699093174\n|switch|p1a: Venomoth|Venomoth, F|100\/100 slp\n|move|p2a: Amoonguss|Spore|p1a: Venomoth|[miss]\n|-miss|p2a: Amoonguss|p1a: Venomoth\n|\n|upkeep\n|turn|69\n|\n|t:|1699093185\n|cant|p1a: Venomoth|slp\n|move|p2a: Amoonguss|Synthesis|p2a: Amoonguss\n|-heal|p2a: Amoonguss|100\/100\n|\n|upkeep\n|turn|70\n|\n|t:|1699093195\n|move|p2a: Amoonguss|Protect|p2a: Amoonguss\n|-singleturn|p2a: Amoonguss|Protect\n|-curestatus|p1a: Venomoth|slp|[msg]\n|move|p1a: Venomoth|Sleep Powder|p2a: Amoonguss\n|-activate|p2a: Amoonguss|move: Protect\n|\n|upkeep\n|turn|71\n|\n|t:|1699093205\n|move|p1a: Venomoth|Protect|p1a: Venomoth\n|-singleturn|p1a: Venomoth|Protect\n|move|p2a: Amoonguss|Spore|p1a: Venomoth\n|-activate|p1a: Venomoth|move: Protect\n|\n|upkeep\n|turn|72\n|\n|t:|1699093213\n|move|p1a: Venomoth|Sleep Powder|p2a: Amoonguss\n|-immune|p2a: Amoonguss\n|move|p2a: Amoonguss|Spore|p1a: Venomoth|[miss]\n|-miss|p2a: Amoonguss|p1a: Venomoth\n|\n|upkeep\n|turn|73\n|\n|t:|1699093221\n|move|p1a: Venomoth|Protect|p1a: Venomoth\n|-singleturn|p1a: Venomoth|Protect\n|move|p2a: Amoonguss|Spore|p1a: Venomoth\n|-activate|p1a: Venomoth|move: Protect\n|\n|upkeep\n|turn|74\n|\n|t:|1699093228\n|move|p1a: Venomoth|Sleep Powder|p2a: Amoonguss\n|-immune|p2a: Amoonguss\n|move|p2a: Amoonguss|Spore|p1a: Venomoth\n|-status|p1a: Venomoth|slp|[from] move: Spore\n|\n|upkeep\n|turn|75\n|\n|t:|1699093239\n|move|p2a: Amoonguss|Protect|p2a: Amoonguss\n|-singleturn|p2a: Amoonguss|Protect\n|cant|p1a: Venomoth|slp\n|\n|upkeep\n|turn|76\n|\n|t:|1699093246\n|move|p2a: Amoonguss|Protect||[still]\n|-fail|p2a: Amoonguss\n|cant|p1a: Venomoth|slp\n|\n|upkeep\n|turn|77\n|\n|t:|1699093253\n|move|p2a: Amoonguss|Protect|p2a: Amoonguss\n|-singleturn|p2a: Amoonguss|Protect\n|-curestatus|p1a: Venomoth|slp|[msg]\n|move|p1a: Venomoth|Sleep Powder|p2a: Amoonguss\n|-activate|p2a: Amoonguss|move: Protect\n|\n|upkeep\n|turn|78\n|\n|t:|1699093261\n|move|p1a: Venomoth|Protect|p1a: Venomoth\n|-singleturn|p1a: Venomoth|Protect\n|move|p2a: Amoonguss|Spore|p1a: Venomoth\n|-activate|p1a: Venomoth|move: Protect\n|\n|upkeep\n|turn|79\n|\n|t:|1699093267\n|move|p1a: Venomoth|Sleep Powder|p2a: Amoonguss\n|-immune|p2a: Amoonguss\n|move|p2a: Amoonguss|Spore|p1a: Venomoth|[miss]\n|-miss|p2a: Amoonguss|p1a: Venomoth\n|\n|upkeep\n|turn|80\n|\n|t:|1699093276\n|move|p1a: Venomoth|Protect|p1a: Venomoth\n|-singleturn|p1a: Venomoth|Protect\n|move|p2a: Amoonguss|Spore|p1a: Venomoth\n|-activate|p1a: Venomoth|move: Protect\n|\n|upkeep\n|turn|81\n|\n|t:|1699093282\n|move|p1a: Venomoth|Sleep Powder|p2a: Amoonguss\n|-immune|p2a: Amoonguss\n|move|p2a: Amoonguss|Spore|p1a: Venomoth|[miss]\n|-miss|p2a: Amoonguss|p1a: Venomoth\n|\n|upkeep\n|turn|82\n|\n|t:|1699093289\n|move|p1a: Venomoth|Protect|p1a: Venomoth\n|-singleturn|p1a: Venomoth|Protect\n|move|p2a: Amoonguss|Synthesis|p2a: Amoonguss\n|-fail|p2a: Amoonguss|heal\n|\n|upkeep\n|turn|83\n|\n|t:|1699093297\n|move|p1a: Venomoth|Sleep Powder|p2a: Amoonguss\n|-immune|p2a: Amoonguss\n|move|p2a: Amoonguss|Spore|p1a: Venomoth|[miss]\n|-miss|p2a: Amoonguss|p1a: Venomoth\n|\n|upkeep\n|turn|84\n|\n|t:|1699093304\n|move|p1a: Venomoth|Protect|p1a: Venomoth\n|-singleturn|p1a: Venomoth|Protect\n|move|p2a: Amoonguss|Synthesis|p2a: Amoonguss\n|-fail|p2a: Amoonguss|heal\n|\n|upkeep\n|turn|85\n|\n|t:|1699093316\n|move|p1a: Venomoth|Sleep Powder|p2a: Amoonguss\n|-immune|p2a: Amoonguss\n|move|p2a: Amoonguss|Spore|p1a: Venomoth\n|-status|p1a: Venomoth|slp|[from] move: Spore\n|\n|upkeep\n|turn|86\n|\n|t:|1699093324\n|switch|p2a: Spiritomb|Spiritomb, M, tera:Fairy|13\/100\n|cant|p1a: Venomoth|slp\n|\n|upkeep\n|turn|87\n|\n|t:|1699093331\n|switch|p1a: Cyclizar|Cyclizar, F|100\/100\n|move|p2a: Spiritomb|Trick Room|p2a: Spiritomb\n|-fieldstart|move: Trick Room|[of] p2a: Spiritomb\n|\n|upkeep\n|turn|88\n|\n|t:|1699093339\n|move|p2a: Spiritomb|Destiny Bond|p2a: Spiritomb\n|-singlemove|p2a: Spiritomb|Destiny Bond\n|move|p1a: Cyclizar|Rapid Spin|p2a: Spiritomb\n|-damage|p2a: Spiritomb|0 fnt\n|-boost|p1a: Cyclizar|spe|1\n|faint|p2a: Spiritomb\n|-activate|p2a: Spiritomb|move: Destiny Bond\n|faint|p1a: Cyclizar\n|\n|upkeep\n|\n|t:|1699093351\n|switch|p2a: Amoonguss|Amoonguss, F|100\/100\n|switch|p1a: Venomoth|Venomoth, F|100\/100 slp\n|turn|89\n|c|\u2606Exceperojo|yeah it's over, gg\n|\n|t:|1699093362\n|move|p2a: Amoonguss|Giga Drain|p1a: Venomoth\n|-resisted|p1a: Venomoth\n|-damage|p1a: Venomoth|93\/100 slp\n|cant|p1a: Venomoth|slp\n|\n|upkeep\n|turn|90\n|\n|t:|1699093370\n|move|p2a: Amoonguss|Protect|p2a: Amoonguss\n|-singleturn|p2a: Amoonguss|Protect\n|-curestatus|p1a: Venomoth|slp|[msg]\n|move|p1a: Venomoth|Sleep Powder|p2a: Amoonguss\n|-activate|p2a: Amoonguss|move: Protect\n|\n|upkeep\n|turn|91\n|\n|t:|1699093381\n|move|p1a: Venomoth|Protect|p1a: Venomoth\n|-singleturn|p1a: Venomoth|Protect\n|move|p2a: Amoonguss|Spore|p1a: Venomoth\n|-activate|p1a: Venomoth|move: Protect\n|\n|-fieldend|move: Trick Room\n|upkeep\n|turn|92\n|\n|t:|1699093392\n|move|p1a: Venomoth|Sleep Powder|p2a: Amoonguss\n|-immune|p2a: Amoonguss\n|move|p2a: Amoonguss|Spore|p1a: Venomoth|[miss]\n|-miss|p2a: Amoonguss|p1a: Venomoth\n|\n|upkeep\n|turn|93\n|\n|t:|1699093402\n|move|p2a: Amoonguss|Protect|p2a: Amoonguss\n|-singleturn|p2a: Amoonguss|Protect\n|move|p1a: Venomoth|Baton Pass||[still]\n|-fail|p1a: Venomoth\n|\n|upkeep\n|turn|94\n|\n|t:|1699093409\n|move|p2a: Amoonguss|Protect||[still]\n|-fail|p2a: Amoonguss\n|move|p1a: Venomoth|Baton Pass||[still]\n|-fail|p1a: Venomoth\n|\n|upkeep\n|turn|95\n|\n|t:|1699093415\n|move|p2a: Amoonguss|Protect|p2a: Amoonguss\n|-singleturn|p2a: Amoonguss|Protect\n|move|p1a: Venomoth|Baton Pass||[still]\n|-fail|p1a: Venomoth\n|\n|upkeep\n|turn|96\n|\n|t:|1699093422\n|move|p2a: Amoonguss|Protect||[still]\n|-fail|p2a: Amoonguss\n|move|p1a: Venomoth|Baton Pass||[still]\n|-fail|p1a: Venomoth\n|\n|upkeep\n|turn|97\n|\n|t:|1699093429\n|move|p1a: Venomoth|Baton Pass||[still]\n|-fail|p1a: Venomoth\n|move|p2a: Amoonguss|Giga Drain|p1a: Venomoth\n|-resisted|p1a: Venomoth\n|-damage|p1a: Venomoth|86\/100\n|\n|upkeep\n|turn|98\n|\n|t:|1699093436\n|move|p2a: Amoonguss|Protect|p2a: Amoonguss\n|-singleturn|p2a: Amoonguss|Protect\n|move|p1a: Venomoth|Baton Pass||[still]\n|-fail|p1a: Venomoth\n|\n|upkeep\n|turn|99\n|\n|t:|1699093446\n|move|p2a: Amoonguss|Protect||[still]\n|-fail|p2a: Amoonguss\n|move|p1a: Venomoth|Baton Pass||[still]\n|-fail|p1a: Venomoth\n|\n|upkeep\n|turn|100\n|\n|t:|1699093457\n|move|p2a: Amoonguss|Protect|p2a: Amoonguss\n|-singleturn|p2a: Amoonguss|Protect\n|move|p1a: Venomoth|Baton Pass||[still]\n|-fail|p1a: Venomoth\n|\n|upkeep\n|turn|101\n|\n|t:|1699093463\n|move|p2a: Amoonguss|Protect||[still]\n|-fail|p2a: Amoonguss\n|move|p1a: Venomoth|Baton Pass||[still]\n|-fail|p1a: Venomoth\n|\n|upkeep\n|turn|102\n|\n|t:|1699093469\n|move|p2a: Amoonguss|Protect|p2a: Amoonguss\n|-singleturn|p2a: Amoonguss|Protect\n|move|p1a: Venomoth|Baton Pass||[still]\n|-fail|p1a: Venomoth\n|\n|upkeep\n|turn|103\n|\n|t:|1699093477\n|move|p1a: Venomoth|Baton Pass||[still]\n|-fail|p1a: Venomoth\n|move|p2a: Amoonguss|Synthesis|p2a: Amoonguss\n|-fail|p2a: Amoonguss|heal\n|\n|upkeep\n|turn|104\n|\n|t:|1699093486\n|move|p1a: Venomoth|Baton Pass||[still]\n|-fail|p1a: Venomoth\n|move|p2a: Amoonguss|Synthesis|p2a: Amoonguss\n|-fail|p2a: Amoonguss|heal\n|\n|upkeep\n|turn|105\n|\n|t:|1699093493\n|move|p2a: Amoonguss|Protect|p2a: Amoonguss\n|-singleturn|p2a: Amoonguss|Protect\n|move|p1a: Venomoth|Baton Pass||[still]\n|-fail|p1a: Venomoth\n|\n|upkeep\n|turn|106\n|\n|t:|1699093499\n|move|p1a: Venomoth|Baton Pass||[still]\n|-fail|p1a: Venomoth\n|move|p2a: Amoonguss|Synthesis|p2a: Amoonguss\n|-fail|p2a: Amoonguss|heal\n|\n|upkeep\n|turn|107\n|\n|t:|1699093506\n|move|p1a: Venomoth|Morning Sun|p1a: Venomoth\n|-heal|p1a: Venomoth|100\/100\n|-activate|p2a: Amoonguss|move: Struggle\n|move|p2a: Amoonguss|Struggle|p1a: Venomoth\n|-damage|p1a: Venomoth|88\/100\n|-damage|p2a: Amoonguss|75\/100|[from] recoil\n|\n|upkeep\n|turn|108\n|\n|t:|1699093514\n|move|p1a: Venomoth|Baton Pass||[still]\n|-fail|p1a: Venomoth\n|-activate|p2a: Amoonguss|move: Struggle\n|move|p2a: Amoonguss|Struggle|p1a: Venomoth\n|-damage|p1a: Venomoth|75\/100\n|-damage|p2a: Amoonguss|50\/100|[from] recoil\n|\n|upkeep\n|turn|109\n|\n|t:|1699093522\n|move|p1a: Venomoth|Morning Sun|p1a: Venomoth\n|-heal|p1a: Venomoth|100\/100\n|-activate|p2a: Amoonguss|move: Struggle\n|move|p2a: Amoonguss|Struggle|p1a: Venomoth\n|-damage|p1a: Venomoth|87\/100\n|-damage|p2a: Amoonguss|25\/100|[from] recoil\n|\n|upkeep\n|turn|110\n|c|\u2606Exceperojo|gg\n|\n|t:|1699093532\n|move|p1a: Venomoth|Morning Sun|p1a: Venomoth\n|-heal|p1a: Venomoth|100\/100\n|-activate|p2a: Amoonguss|move: Struggle\n|move|p2a: Amoonguss|Struggle|p1a: Venomoth\n|-damage|p1a: Venomoth|88\/100\n|-damage|p2a: Amoonguss|0 fnt|[from] recoil\n|faint|p2a: Amoonguss\n|\n|win|Exceperojo\n|raw|Exceperojo's rating: 1031 &rarr; <strong>1066<\/strong><br \/>(+35 for winning)\n|raw|Zantxl's rating: 1030 &rarr; <strong>1016<\/strong><br \/>(-14 for losing)\n|l|\u2606Zantxl\n","uploadtime":1699093552,"views":10,"p1id":"exceperojo","p2id":"zantxl","formatid":"gen9anythinggoes","rating":1016,"private":0,"password":""}