{"id":"gen9anythinggoes-1974531845","p1":"Sakaki-boy","p2":"DAM1000","format":"[Gen 9] Anything Goes","log":"|j|\u2606Sakaki-boy\n|j|\u2606DAM1000\n|t:|1698094819\n|gametype|singles\n|player|p1|Sakaki-boy|1|1109\n|player|p2|DAM1000|riley|1130\n|teamsize|p1|6\n|teamsize|p2|6\n|gen|9\n|tier|[Gen 9] Anything Goes\n|rated|\n|rule|HP Percentage Mod: HP is shown in percentages\n|rule|Endless Battle Clause: Forcing endless battles is banned\n|clearpoke\n|poke|p1|Abomasnow, M|\n|poke|p1|Glalie, F|\n|poke|p1|Rillaboom, M|\n|poke|p1|Slowking-Galar, M|\n|poke|p1|Espathra, M|\n|poke|p1|Bellibolt, M|\n|poke|p2|Mimikyu, F|\n|poke|p2|Orthworm, M|\n|poke|p2|Maushold-Four|\n|poke|p2|Floatzel, M|\n|poke|p2|Pelipper, F|\n|poke|p2|Flutter Mane|\n|teampreview\n|inactive|Battle timer is ON: inactive players will automatically lose when time's up. (requested by DAM1000)\n|\n|t:|1698094826\n|start\n|switch|p1a: Espathra|Espathra, M|100\/100\n|switch|p2a: Orthworm|Orthworm, M|100\/100\n|turn|1\n|\n|t:|1698094834\n|move|p1a: Espathra|Protect|p1a: Espathra\n|-singleturn|p1a: Espathra|Protect\n|move|p2a: Orthworm|Shed Tail|p2a: Orthworm\n|-start|p2a: Orthworm|Substitute|[from] move: Shed Tail\n|-damage|p2a: Orthworm|50\/100\n|-enditem|p2a: Orthworm|Sitrus Berry|[eat]\n|-heal|p2a: Orthworm|75\/100|[from] item: Sitrus Berry\n|\n|t:|1698094838\n|switch|p2a: Mimikyu|Mimikyu, F|100\/100|[from] Shed Tail\n|\n|-ability|p1a: Espathra|Speed Boost|boost\n|-boost|p1a: Espathra|spe|1\n|upkeep\n|turn|2\n|\n|t:|1698094859\n|move|p1a: Espathra|Lumina Crash|p2a: Mimikyu\n|-end|p2a: Mimikyu|Substitute\n|move|p2a: Mimikyu|Swords Dance|p2a: Mimikyu\n|-boost|p2a: Mimikyu|atk|2\n|-enditem|p1a: Espathra|Mirror Herb\n|-boost|p1a: Espathra|atk|2|[from] item: Mirror Herb\n|\n|-ability|p1a: Espathra|Speed Boost|boost\n|-boost|p1a: Espathra|spe|1\n|upkeep\n|turn|3\n|\n|t:|1698094869\n|-terastallize|p2a: Mimikyu|Ghost\n|move|p1a: Espathra|Protect|p1a: Espathra\n|-singleturn|p1a: Espathra|Protect\n|move|p2a: Mimikyu|Shadow Sneak|p1a: Espathra\n|-activate|p1a: Espathra|move: Protect\n|\n|-ability|p1a: Espathra|Speed Boost|boost\n|-boost|p1a: Espathra|spe|1\n|upkeep\n|turn|4\n|inactive|Sakaki-boy has 120 seconds left.\n|\n|t:|1698094900\n|move|p2a: Mimikyu|Shadow Sneak|p1a: Espathra\n|-supereffective|p1a: Espathra\n|-damage|p1a: Espathra|0 fnt\n|faint|p1a: Espathra\n|-damage|p2a: Mimikyu|91\/100|[from] item: Life Orb\n|\n|upkeep\n|\n|t:|1698094915\n|switch|p1a: Rillaboom|Rillaboom, M|100\/100\n|-fieldstart|move: Grassy Terrain|[from] ability: Grassy Surge|[of] p1a: Rillaboom\n|turn|5\n|\n|t:|1698094922\n|move|p2a: Mimikyu|Swords Dance|p2a: Mimikyu\n|-boost|p2a: Mimikyu|atk|2\n|move|p1a: Rillaboom|Knock Off|p2a: Mimikyu\n|-activate|p2a: Mimikyu|ability: Disguise\n|-damage|p2a: Mimikyu|91\/100\n|-enditem|p2a: Mimikyu|Life Orb|[from] move: Knock Off|[of] p1a: Rillaboom\n|detailschange|p2a: Mimikyu|Mimikyu-Busted, F, tera:Ghost\n|-damage|p2a: Mimikyu|78\/100|[from] pokemon: Mimikyu-Busted\n|\n|-heal|p2a: Mimikyu|84\/100|[from] Grassy Terrain\n|upkeep\n|turn|6\n|\n|t:|1698094939\n|-terastallize|p1a: Rillaboom|Grass\n|move|p1a: Rillaboom|Grassy Glide|p2a: Mimikyu\n|-damage|p2a: Mimikyu|0 fnt\n|faint|p2a: Mimikyu\n|\n|upkeep\n|\n|t:|1698094947\n|switch|p2a: Maushold|Maushold-Four|100\/100\n|turn|7\n|\n|t:|1698094952\n|move|p1a: Rillaboom|Grassy Glide|p2a: Maushold\n|-damage|p2a: Maushold|19\/100\n|move|p2a: Maushold|Population Bomb|p1a: Rillaboom\n|-damage|p1a: Rillaboom|88\/100\n|-damage|p1a: Rillaboom|76\/100\n|-damage|p1a: Rillaboom|63\/100\n|-damage|p1a: Rillaboom|50\/100\n|-damage|p1a: Rillaboom|37\/100\n|-damage|p1a: Rillaboom|25\/100\n|-damage|p1a: Rillaboom|13\/100\n|-damage|p1a: Rillaboom|2\/100\n|-damage|p1a: Rillaboom|0 fnt\n|faint|p1a: Rillaboom\n|-hitcount|p1: Rillaboom|9\n|\n|-heal|p2a: Maushold|25\/100|[from] Grassy Terrain\n|upkeep\n|\n|t:|1698094976\n|switch|p1a: Abomasnow|Abomasnow, M|100\/100\n|-weather|Snow|[from] ability: Snow Warning|[of] p1a: Abomasnow\n|-enditem|p1a: Abomasnow|Grassy Seed\n|-boost|p1a: Abomasnow|def|1|[from] item: Grassy Seed\n|turn|8\n|\n|t:|1698094987\n|move|p2a: Maushold|Population Bomb|p1a: Abomasnow\n|-damage|p1a: Abomasnow|96\/100\n|-damage|p1a: Abomasnow|90\/100\n|-damage|p1a: Abomasnow|85\/100\n|-damage|p1a: Abomasnow|80\/100\n|-damage|p1a: Abomasnow|74\/100\n|-damage|p1a: Abomasnow|69\/100\n|-damage|p1a: Abomasnow|63\/100\n|-damage|p1a: Abomasnow|58\/100\n|-crit|p1a: Abomasnow\n|-damage|p1a: Abomasnow|46\/100\n|-hitcount|p1a: Abomasnow|9\n|cant|p1a: Abomasnow|flinch\n|\n|-weather|Snow|[upkeep]\n|-heal|p2a: Maushold|32\/100|[from] Grassy Terrain\n|-heal|p1a: Abomasnow|53\/100|[from] Grassy Terrain\n|upkeep\n|turn|9\n|inactive|Sakaki-boy has 90 seconds left.\n|\n|t:|1698095011\n|move|p2a: Maushold|Population Bomb|p1a: Abomasnow\n|-crit|p1a: Abomasnow\n|-damage|p1a: Abomasnow|42\/100\n|-damage|p1a: Abomasnow|36\/100\n|-damage|p1a: Abomasnow|31\/100\n|-damage|p1a: Abomasnow|26\/100\n|-damage|p1a: Abomasnow|20\/100\n|-damage|p1a: Abomasnow|15\/100\n|-damage|p1a: Abomasnow|10\/100\n|-damage|p1a: Abomasnow|4\/100\n|-damage|p1a: Abomasnow|0 fnt\n|faint|p1a: Abomasnow\n|-hitcount|p1: Abomasnow|9\n|\n|-weather|Snow|[upkeep]\n|-heal|p2a: Maushold|38\/100|[from] Grassy Terrain\n|upkeep\n|inactive|Sakaki-boy has 90 seconds left.\n|\n|t:|1698095032\n|switch|p1a: Glalie|Glalie, F|100\/100\n|turn|10\n|\n|t:|1698095041\n|move|p1a: Glalie|Protect|p1a: Glalie\n|-singleturn|p1a: Glalie|Protect\n|move|p2a: Maushold|Population Bomb|p1a: Glalie\n|-activate|p1a: Glalie|move: Protect\n|\n|-weather|Snow|[upkeep]\n|-heal|p2a: Maushold|44\/100|[from] Grassy Terrain\n|-ability|p1a: Glalie|Moody|boost\n|-boost|p1a: Glalie|atk|2\n|-unboost|p1a: Glalie|spd|1\n|upkeep\n|turn|11\n|\n|t:|1698095062\n|move|p2a: Maushold|Population Bomb|p1a: Glalie\n|-damage|p1a: Glalie|92\/100\n|-hitcount|p1a: Glalie|1\n|move|p1a: Glalie|Substitute|p1a: Glalie\n|-start|p1a: Glalie|Substitute\n|-damage|p1a: Glalie|67\/100\n|\n|-weather|Snow|[upkeep]\n|-heal|p2a: Maushold|50\/100|[from] Grassy Terrain\n|-heal|p1a: Glalie|73\/100|[from] Grassy Terrain\n|-heal|p1a: Glalie|79\/100|[from] item: Leftovers\n|-ability|p1a: Glalie|Moody|boost\n|-boost|p1a: Glalie|spa|2\n|-unboost|p1a: Glalie|spe|1\n|upkeep\n|turn|12\n|\n|t:|1698095077\n|move|p1a: Glalie|Protect|p1a: Glalie\n|-singleturn|p1a: Glalie|Protect\n|move|p2a: Maushold|Population Bomb|p1a: Glalie\n|-activate|p1a: Glalie|move: Protect\n|\n|-weather|none\n|-heal|p2a: Maushold|56\/100|[from] Grassy Terrain\n|-heal|p1a: Glalie|85\/100|[from] Grassy Terrain\n|-heal|p1a: Glalie|91\/100|[from] item: Leftovers\n|-fieldend|move: Grassy Terrain\n|-ability|p1a: Glalie|Moody|boost\n|-boost|p1a: Glalie|spd|2\n|-unboost|p1a: Glalie|spa|1\n|upkeep\n|turn|13\n|inactive|Sakaki-boy has 60 seconds left.\n|\n|t:|1698095093\n|move|p1a: Glalie|Ice Shard|p2a: Maushold\n|-damage|p2a: Maushold|19\/100\n|move|p2a: Maushold|Population Bomb|p1a: Glalie\n|-activate|p1a: Glalie|move: Substitute|[damage]\n|-activate|p1a: Glalie|move: Substitute|[damage]\n|-crit|p1a: Glalie\n|-end|p1a: Glalie|Substitute\n|-damage|p1a: Glalie|79\/100\n|-damage|p1a: Glalie|68\/100\n|-damage|p1a: Glalie|56\/100\n|-damage|p1a: Glalie|44\/100\n|-damage|p1a: Glalie|33\/100\n|-damage|p1a: Glalie|22\/100\n|-damage|p1a: Glalie|10\/100\n|-hitcount|p1a: Glalie|10\n|\n|-heal|p1a: Glalie|16\/100|[from] item: Leftovers\n|-ability|p1a: Glalie|Moody|boost\n|-boost|p1a: Glalie|spa|2\n|-unboost|p1a: Glalie|spe|1\n|upkeep\n|turn|14\n|inactive|Sakaki-boy has 60 seconds left.\n|\n|t:|1698095116\n|move|p1a: Glalie|Ice Shard|p2a: Maushold\n|-damage|p2a: Maushold|0 fnt\n|faint|p2a: Maushold\n|\n|-heal|p1a: Glalie|22\/100|[from] item: Leftovers\n|-ability|p1a: Glalie|Moody|boost\n|-boost|p1a: Glalie|spa|2\n|-unboost|p1a: Glalie|spe|1\n|upkeep\n|\n|t:|1698095120\n|switch|p2a: Flutter Mane|Flutter Mane|100\/100\n|turn|15\n|inactive|Sakaki-boy has 60 seconds left.\n|\n|t:|1698095129\n|move|p1a: Glalie|Protect|p1a: Glalie\n|-singleturn|p1a: Glalie|Protect\n|move|p2a: Flutter Mane|Dazzling Gleam|p1a: Glalie\n|-activate|p1a: Glalie|move: Protect\n|\n|-heal|p1a: Glalie|28\/100|[from] item: Leftovers\n|-ability|p1a: Glalie|Moody|boost\n|-boost|p1a: Glalie|atk|2\n|-unboost|p1a: Glalie|spa|1\n|upkeep\n|turn|16\n|inactive|Sakaki-boy has 60 seconds left.\n|\n|t:|1698095148\n|move|p1a: Glalie|Ice Shard|p2a: Flutter Mane\n|-damage|p2a: Flutter Mane|20\/100\n|move|p2a: Flutter Mane|Dazzling Gleam|p1a: Glalie\n|-damage|p1a: Glalie|2\/100\n|\n|-heal|p1a: Glalie|8\/100|[from] item: Leftovers\n|-ability|p1a: Glalie|Moody|boost\n|-boost|p1a: Glalie|spe|2\n|-unboost|p1a: Glalie|def|1\n|upkeep\n|turn|17\n|inactive|Sakaki-boy has 60 seconds left.\n|\n|t:|1698095159\n|move|p1a: Glalie|Protect|p1a: Glalie\n|-singleturn|p1a: Glalie|Protect\n|move|p2a: Flutter Mane|Dazzling Gleam|p1a: Glalie\n|-activate|p1a: Glalie|move: Protect\n|\n|-heal|p1a: Glalie|14\/100|[from] item: Leftovers\n|-ability|p1a: Glalie|Moody|boost\n|-boost|p1a: Glalie|spe|2\n|-unboost|p1a: Glalie|spd|1\n|upkeep\n|turn|18\n|inactive|Sakaki-boy has 60 seconds left.\n|\n|t:|1698095171\n|move|p1a: Glalie|Ice Shard|p2a: Flutter Mane\n|-damage|p2a: Flutter Mane|0 fnt\n|faint|p2a: Flutter Mane\n|-end|p2a: Flutter Mane|Protosynthesis|[silent]\n|\n|-heal|p1a: Glalie|20\/100|[from] item: Leftovers\n|-ability|p1a: Glalie|Moody|boost\n|-boost|p1a: Glalie|def|2\n|-unboost|p1a: Glalie|atk|1\n|upkeep\n|\n|t:|1698095182\n|switch|p2a: Pelipper|Pelipper, F, shiny|100\/100\n|-weather|RainDance|[from] ability: Drizzle|[of] p2a: Pelipper\n|turn|19\n|\n|t:|1698095187\n|move|p1a: Glalie|Protect|p1a: Glalie\n|-singleturn|p1a: Glalie|Protect\n|move|p2a: Pelipper|Tailwind|p2a: Pelipper\n|-sidestart|p2: DAM1000|move: Tailwind\n|\n|-weather|RainDance|[upkeep]\n|-heal|p1a: Glalie|26\/100|[from] item: Leftovers\n|-ability|p1a: Glalie|Moody|boost\n|-boost|p1a: Glalie|def|2\n|-unboost|p1a: Glalie|atk|1\n|upkeep\n|turn|20\n|\n|t:|1698095199\n|move|p1a: Glalie|Ice Shard|p2a: Pelipper\n|-damage|p2a: Pelipper|79\/100\n|move|p2a: Pelipper|U-turn|p1a: Glalie\n|-damage|p1a: Glalie|22\/100\n|\n|t:|1698095204\n|switch|p2a: Orthworm|Orthworm, M|75\/100|[from] U-turn\n|\n|-weather|RainDance|[upkeep]\n|-heal|p1a: Glalie|28\/100|[from] item: Leftovers\n|-ability|p1a: Glalie|Moody|boost\n|-boost|p1a: Glalie|def|2\n|-unboost|p1a: Glalie|spa|1\n|upkeep\n|turn|21\n|\n|t:|1698095215\n|move|p1a: Glalie|Protect|p1a: Glalie\n|-singleturn|p1a: Glalie|Protect\n|move|p2a: Orthworm|Shed Tail|p2a: Orthworm\n|-start|p2a: Orthworm|Substitute|[from] move: Shed Tail\n|-damage|p2a: Orthworm|25\/100\n|\n|t:|1698095218\n|switch|p2a: Floatzel|Floatzel, M, shiny|100\/100|[from] Shed Tail\n|\n|-weather|RainDance|[upkeep]\n|-heal|p1a: Glalie|34\/100|[from] item: Leftovers\n|-ability|p1a: Glalie|Moody|boost\n|-boost|p1a: Glalie|spd|2\n|-unboost|p1a: Glalie|atk|1\n|upkeep\n|turn|22\n|\n|t:|1698095233\n|move|p2a: Floatzel|Wave Crash|p1a: Glalie\n|-damage|p1a: Glalie|0 fnt\n|faint|p1a: Glalie\n|-damage|p2a: Floatzel|90\/100|[from] Recoil\n|\n|-weather|RainDance|[upkeep]\n|-sideend|p2: DAM1000|move: Tailwind\n|upkeep\n|\n|t:|1698095242\n|switch|p1a: Slowking|Slowking-Galar, M|100\/100\n|turn|23\n|\n|t:|1698095247\n|move|p2a: Floatzel|Wave Crash|p1a: Slowking\n|-damage|p1a: Slowking|0 fnt\n|faint|p1a: Slowking\n|-damage|p2a: Floatzel|55\/100|[from] Recoil\n|\n|-weather|RainDance|[upkeep]\n|upkeep\n|\n|t:|1698095255\n|switch|p1a: Bellibolt|Bellibolt, M|100\/100\n|turn|24\n|\n|t:|1698095266\n|move|p2a: Floatzel|Wave Crash|p1a: Bellibolt\n|-damage|p1a: Bellibolt|0 fnt\n|faint|p1a: Bellibolt\n|-damage|p2a: Floatzel|17\/100|[from] Recoil\n|\n|win|DAM1000\n|raw|Sakaki-boy's rating: 1092 &rarr; <strong>1071<\/strong><br \/>(-21 for losing)\n|raw|DAM1000's rating: 1130 &rarr; <strong>1152<\/strong><br \/>(+22 for winning)\n|l|\u2606Sakaki-boy\n|c|\u2606DAM1000|Gg\n","uploadtime":1698095280,"views":11,"p1id":"sakakiboy","p2id":"dam1000","formatid":"gen9anythinggoes","rating":1071,"private":0,"password":""}