{"id":"gen9anythinggoes-1979343103","p1":"yessir4444","p2":"Memefu","format":"[Gen 9] Anything Goes","log":"|j|\u2606yessir4444\n|j|\u2606Memefu\n|t:|1698673351\n|gametype|singles\n|player|p1|yessir4444|169|1000\n|player|p2|Memefu|266|1000\n|teamsize|p1|2\n|teamsize|p2|6\n|gen|9\n|tier|[Gen 9] Anything Goes\n|rated|\n|rule|HP Percentage Mod: HP is shown in percentages\n|rule|Endless Battle Clause: Forcing endless battles is banned\n|clearpoke\n|poke|p1|Medicham, F|\n|poke|p1|Mew|\n|poke|p2|Wigglytuff, F|\n|poke|p2|Ambipom, M|\n|poke|p2|Clodsire, F|\n|poke|p2|Greninja-*, M|\n|poke|p2|Pawmot, F|\n|poke|p2|Zoroark-Hisui, M|\n|teampreview\n|\n|t:|1698673362\n|start\n|switch|p1a: Mew|Mew|100\/100\n|switch|p2a: ice|Greninja, M|100\/100\n|turn|1\n|\n|t:|1698673371\n|move|p2a: ice|Dark Pulse|p1a: Mew\n|-supereffective|p1a: Mew\n|-damage|p1a: Mew|54\/100\n|move|p1a: Mew|Toxic Spikes|p2a: ice\n|-sidestart|p2: Memefu|move: Toxic Spikes\n|\n|upkeep\n|turn|2\n|\n|t:|1698673377\n|move|p2a: ice|Dark Pulse|p1a: Mew\n|-supereffective|p1a: Mew\n|-damage|p1a: Mew|10\/100\n|move|p1a: Mew|Toxic Spikes|p2a: ice\n|-sidestart|p2: Memefu|move: Toxic Spikes\n|\n|upkeep\n|turn|3\n|\n|t:|1698673384\n|move|p2a: ice|Quick Attack|p1a: Mew\n|-damage|p1a: Mew|3\/100\n|move|p1a: Mew|Stealth Rock|p2a: ice\n|-sidestart|p2: Memefu|move: Stealth Rock\n|\n|upkeep\n|turn|4\n|\n|t:|1698673390\n|move|p2a: ice|Ice Punch|p1a: Mew\n|-damage|p1a: Mew|0 fnt\n|faint|p1a: Mew\n|-ability|p2a: ice|Battle Bond|boost\n|-boost|p2a: ice|atk|1\n|-boost|p2a: ice|spa|1\n|-boost|p2a: ice|spe|1\n|-activate|p2a: ice|ability: Battle Bond\n|\n|upkeep\n|\n|t:|1698673397\n|switch|p1a: Medicham|Medicham, F|100\/100\n|turn|5\n|\n|t:|1698673405\n|move|p2a: ice|Dark Pulse|p1a: Medicham\n|-damage|p1a: Medicham|50\/100\n|move|p1a: Medicham|Acupressure|p1a: Medicham\n|-boost|p1a: Medicham|spa|2\n|\n|-heal|p1a: Medicham|56\/100|[from] item: Leftovers\n|upkeep\n|turn|6\n|\n|t:|1698673412\n|move|p2a: ice|Ice Punch|p1a: Medicham\n|-damage|p1a: Medicham|24\/100\n|move|p1a: Medicham|Recover|p1a: Medicham\n|-heal|p1a: Medicham|74\/100\n|\n|-heal|p1a: Medicham|80\/100|[from] item: Leftovers\n|upkeep\n|turn|7\n|\n|t:|1698673419\n|move|p2a: ice|Dark Pulse|p1a: Medicham\n|-damage|p1a: Medicham|36\/100\n|move|p1a: Medicham|Acupressure|p1a: Medicham\n|-boost|p1a: Medicham|def|2\n|\n|-heal|p1a: Medicham|42\/100|[from] item: Leftovers\n|upkeep\n|turn|8\n|\n|t:|1698673426\n|move|p2a: ice|Ice Punch|p1a: Medicham\n|-damage|p1a: Medicham|26\/100\n|move|p1a: Medicham|Recover|p1a: Medicham\n|-heal|p1a: Medicham|76\/100\n|\n|-heal|p1a: Medicham|83\/100|[from] item: Leftovers\n|upkeep\n|turn|9\n|\n|t:|1698673433\n|move|p2a: ice|Dark Pulse|p1a: Medicham\n|-damage|p1a: Medicham|36\/100\n|move|p1a: Medicham|Acupressure|p1a: Medicham\n|-boost|p1a: Medicham|def|2\n|\n|-heal|p1a: Medicham|42\/100|[from] item: Leftovers\n|upkeep\n|turn|10\n|\n|t:|1698673441\n|move|p2a: ice|Dark Pulse|p1a: Medicham\n|-damage|p1a: Medicham|0 fnt\n|faint|p1a: Medicham\n|\n|win|Memefu\n|raw|yessir4444's rating: 1000 &rarr; <strong>1000<\/strong><br \/>(+0 for losing)\n|raw|Memefu's rating: 1000 &rarr; <strong>1040<\/strong><br \/>(+40 for winning)\n|l|\u2606yessir4444\n|l|\u2606Memefu\n","uploadtime":1698675124,"views":7,"p1id":"yessir4444","p2id":"memefu","formatid":"gen9anythinggoes","rating":1000,"private":0,"password":""}