{"id":"gen9anythinggoes-1973240051","p1":"MagicLava","p2":"1303xP","format":"[Gen 9] Anything Goes","log":"|j|\u2606MagicLava\n|j|\u26061303xP\n|t:|1697943179\n|gametype|singles\n|player|p1|MagicLava|lass|1173\n|player|p2|1303xP|2|1250\n|teamsize|p1|6\n|teamsize|p2|6\n|gen|9\n|tier|[Gen 9] Anything Goes\n|rated|\n|rule|HP Percentage Mod: HP is shown in percentages\n|rule|Endless Battle Clause: Forcing endless battles is banned\n|clearpoke\n|poke|p1|Gholdengo|\n|poke|p1|Glimmora, F|\n|poke|p1|Gliscor, F|\n|poke|p1|Ninetales-Alola, F|\n|poke|p1|Garchomp, M|\n|poke|p1|Dondozo, F|\n|poke|p2|Rotom-Wash|\n|poke|p2|Ursaluna-Bloodmoon, M|\n|poke|p2|Zacian-*|\n|poke|p2|Garganacl, M|\n|poke|p2|Dragapult, M|\n|poke|p2|Maushold-Four|\n|teampreview\n|inactive|Battle timer is ON: inactive players will automatically lose when time's up. (requested by MagicLava)\n|\n|t:|1697943189\n|start\n|switch|p1a: Glimmora|Glimmora, F|100\/100\n|switch|p2a: Zoinks|Zacian-Crowned|100\/100\n|-ability|p2a: Zoinks|Intrepid Sword|boost\n|-boost|p2a: Zoinks|atk|1\n|turn|1\n|\n|t:|1697943196\n|move|p2a: Zoinks|Sacred Sword|p1a: Glimmora\n|-damage|p1a: Glimmora|46\/100\n|-activate|p1a: Glimmora|ability: Toxic Debris\n|-sidestart|p2: 1303xP|move: Toxic Spikes\n|move|p1a: Glimmora|Stealth Rock|p2a: Zoinks\n|-sidestart|p2: 1303xP|move: Stealth Rock\n|\n|upkeep\n|turn|2\n|\n|t:|1697943204\n|move|p2a: Zoinks|Sacred Sword|p1a: Glimmora\n|-damage|p1a: Glimmora|0 fnt\n|-activate|p1a: Glimmora|ability: Toxic Debris\n|-sidestart|p2: 1303xP|move: Toxic Spikes\n|faint|p1a: Glimmora\n|\n|upkeep\n|\n|t:|1697943208\n|switch|p1a: Ninetales|Ninetales-Alola, F, shiny|100\/100\n|-weather|Snow|[from] ability: Snow Warning|[of] p1a: Ninetales\n|turn|3\n|\n|t:|1697943215\n|move|p2a: Zoinks|Fire Fang|p1a: Ninetales\n|-supereffective|p1a: Ninetales\n|-damage|p1a: Ninetales|27\/100\n|-status|p1a: Ninetales|brn\n|move|p1a: Ninetales|Aurora Veil|p1a: Ninetales\n|-sidestart|p1: MagicLava|move: Aurora Veil\n|\n|-weather|Snow|[upkeep]\n|-damage|p1a: Ninetales|21\/100 brn|[from] brn\n|upkeep\n|turn|4\n|\n|t:|1697943224\n|move|p2a: Zoinks|Fire Fang|p1a: Ninetales\n|-supereffective|p1a: Ninetales\n|-damage|p1a: Ninetales|0 fnt\n|faint|p1a: Ninetales\n|\n|-weather|Snow|[upkeep]\n|upkeep\n|\n|t:|1697943228\n|switch|p1a: Gliscor|Gliscor, F, shiny|100\/100\n|turn|5\n|\n|t:|1697943234\n|move|p2a: Zoinks|Ice Fang|p1a: Gliscor|[miss]\n|-miss|p2a: Zoinks|p1a: Gliscor\n|move|p1a: Gliscor|Swords Dance|p1a: Gliscor\n|-boost|p1a: Gliscor|atk|2\n|\n|-weather|Snow|[upkeep]\n|-status|p1a: Gliscor|tox|[from] item: Toxic Orb\n|upkeep\n|turn|6\n|\n|t:|1697943242\n|move|p2a: Zoinks|Ice Fang|p1a: Gliscor\n|-supereffective|p1a: Gliscor\n|-damage|p1a: Gliscor|19\/100 tox\n|move|p1a: Gliscor|Knock Off|p2a: Zoinks\n|-resisted|p2a: Zoinks\n|-damage|p2a: Zoinks|85\/100\n|\n|-weather|Snow|[upkeep]\n|-heal|p1a: Gliscor|31\/100 tox|[from] ability: Poison Heal\n|upkeep\n|turn|7\n|\n|t:|1697943251\n|move|p1a: Gliscor|Protect|p1a: Gliscor\n|-singleturn|p1a: Gliscor|Protect\n|move|p2a: Zoinks|Ice Fang|p1a: Gliscor\n|-activate|p1a: Gliscor|move: Protect\n|\n|-weather|none\n|-heal|p1a: Gliscor|43\/100 tox|[from] ability: Poison Heal\n|upkeep\n|turn|8\n|\n|t:|1697943260\n|switch|p1a: Gholdengo|Gholdengo|100\/100\n|-item|p1a: Gholdengo|Air Balloon\n|move|p2a: Zoinks|Ice Fang|p1a: Gholdengo\n|-resisted|p1a: Gholdengo\n|-damage|p1a: Gholdengo|93\/100\n|-enditem|p1a: Gholdengo|Air Balloon\n|\n|upkeep\n|turn|9\n|\n|t:|1697943268\n|switch|p1a: Gliscor|Gliscor, F, shiny|43\/100 tox\n|move|p2a: Zoinks|Fire Fang|p1a: Gliscor\n|-damage|p1a: Gliscor|24\/100 tox\n|\n|-heal|p1a: Gliscor|37\/100 tox|[from] ability: Poison Heal\n|upkeep\n|turn|10\n|\n|t:|1697943277\n|move|p1a: Gliscor|Protect|p1a: Gliscor\n|-singleturn|p1a: Gliscor|Protect\n|move|p2a: Zoinks|Ice Fang|p1a: Gliscor\n|-activate|p1a: Gliscor|move: Protect\n|\n|-heal|p1a: Gliscor|49\/100 tox|[from] ability: Poison Heal\n|-sideend|p1: MagicLava|move: Aurora Veil\n|upkeep\n|turn|11\n|\n|t:|1697943288\n|switch|p1a: Dondozo|Dondozo, F|100\/100\n|move|p2a: Zoinks|Fire Fang|p1a: Dondozo\n|-resisted|p1a: Dondozo\n|-damage|p1a: Dondozo|91\/100\n|\n|-heal|p1a: Dondozo|97\/100|[from] item: Leftovers\n|upkeep\n|turn|12\n|\n|t:|1697943297\n|move|p2a: Zoinks|Thunder Fang|p1a: Dondozo\n|-supereffective|p1a: Dondozo\n|-damage|p1a: Dondozo|58\/100\n|cant|p1a: Dondozo|flinch\n|\n|-heal|p1a: Dondozo|64\/100|[from] item: Leftovers\n|upkeep\n|turn|13\n|\n|t:|1697943305\n|move|p2a: Zoinks|Thunder Fang|p1a: Dondozo\n|-supereffective|p1a: Dondozo\n|-damage|p1a: Dondozo|28\/100\n|move|p1a: Dondozo|Curse|p1a: Dondozo\n|-unboost|p1a: Dondozo|spe|1\n|-boost|p1a: Dondozo|atk|1\n|-boost|p1a: Dondozo|def|1\n|\n|-heal|p1a: Dondozo|34\/100|[from] item: Leftovers\n|upkeep\n|turn|14\n|\n|t:|1697943315\n|move|p2a: Zoinks|Thunder Fang|p1a: Dondozo\n|-supereffective|p1a: Dondozo\n|-damage|p1a: Dondozo|8\/100\n|move|p1a: Dondozo|Rest|p1a: Dondozo\n|-status|p1a: Dondozo|slp|[from] move: Rest\n|-heal|p1a: Dondozo|100\/100 slp|[silent]\n|\n|upkeep\n|turn|15\n|\n|t:|1697943323\n|switch|p2a: Ermac|Maushold-Four, shiny|100\/100\n|-status|p2a: Ermac|tox\n|-damage|p2a: Ermac|88\/100 tox|[from] Stealth Rock\n|cant|p1a: Dondozo|slp\n|\n|-damage|p2a: Ermac|82\/100 tox|[from] psn\n|upkeep\n|turn|16\n|\n|t:|1697943332\n|move|p2a: Ermac|Tidy Up|p2a: Ermac\n|-sideend|p2: 1303xP|Toxic Spikes\n|-sideend|p2: 1303xP|Stealth Rock\n|-activate|p2a: Ermac|move: Tidy Up\n|-boost|p2a: Ermac|atk|1\n|-boost|p2a: Ermac|spe|1\n|cant|p1a: Dondozo|slp\n|\n|-damage|p2a: Ermac|70\/100 tox|[from] psn\n|upkeep\n|turn|17\n|\n|t:|1697943342\n|move|p2a: Ermac|Population Bomb|p1a: Dondozo\n|-damage|p1a: Dondozo|96\/100 slp\n|-damage|p1a: Dondozo|92\/100 slp\n|-damage|p1a: Dondozo|88\/100 slp\n|-damage|p1a: Dondozo|83\/100 slp\n|-damage|p1a: Dondozo|79\/100 slp\n|-damage|p1a: Dondozo|74\/100 slp\n|-damage|p1a: Dondozo|70\/100 slp\n|-damage|p1a: Dondozo|65\/100 slp\n|-hitcount|p1a: Dondozo|8\n|-curestatus|p1a: Dondozo|slp|[msg]\n|move|p1a: Dondozo|Curse|p1a: Dondozo\n|-unboost|p1a: Dondozo|spe|1\n|-boost|p1a: Dondozo|atk|1\n|-boost|p1a: Dondozo|def|1\n|\n|-heal|p1a: Dondozo|71\/100|[from] item: Leftovers\n|-damage|p2a: Ermac|51\/100 tox|[from] psn\n|upkeep\n|turn|18\n|\n|t:|1697943371\n|switch|p2a: Cliff|Dragapult, M, shiny|100\/100\n|move|p1a: Dondozo|Curse|p1a: Dondozo\n|-unboost|p1a: Dondozo|spe|1\n|-boost|p1a: Dondozo|atk|1\n|-boost|p1a: Dondozo|def|1\n|\n|-heal|p1a: Dondozo|77\/100|[from] item: Leftovers\n|upkeep\n|turn|19\n|\n|t:|1697943381\n|move|p1a: Dondozo|Liquidation|p2a: Cliff\n|-resisted|p2a: Cliff\n|-damage|p2a: Cliff|46\/100\n|move|p2a: Cliff|Dragon Tail|p1a: Dondozo\n|-damage|p1a: Dondozo|70\/100\n|drag|p1a: Garchomp|Garchomp, M|100\/100\n|\n|upkeep\n|turn|20\n|\n|t:|1697943390\n|move|p2a: Cliff|Dragon Darts|p1a: Garchomp\n|-supereffective|p1a: Garchomp\n|-damage|p1a: Garchomp|55\/100\n|-anim|p2a: Cliff|Dragon Darts|p1a: Garchomp\n|-supereffective|p1a: Garchomp\n|-damage|p1a: Garchomp|11\/100\n|move|p1a: Garchomp|Substitute|p1a: Garchomp\n|-fail|p1a: Garchomp|move: Substitute|[weak]\n|\n|upkeep\n|turn|21\n|\n|t:|1697943398\n|-terastallize|p1a: Garchomp|Fairy\n|move|p2a: Cliff|Dragon Darts|p1a: Garchomp\n|-immune|p1a: Garchomp\n|move|p1a: Garchomp|Scale Shot|p2a: Cliff\n|-supereffective|p2a: Cliff\n|-damage|p2a: Cliff|12\/100\n|-supereffective|p2a: Cliff\n|-damage|p2a: Cliff|0 fnt\n|faint|p2a: Cliff\n|-hitcount|p2: Cliff|2\n|-unboost|p1a: Garchomp|def|1\n|-boost|p1a: Garchomp|spe|1\n|\n|upkeep\n|\n|t:|1697943415\n|switch|p2a: Zoinks|Zacian-Crowned|85\/100\n|turn|22\n|\n|t:|1697943427\n|move|p1a: Garchomp|Crunch|p2a: Zoinks\n|-resisted|p2a: Zoinks\n|-damage|p2a: Zoinks|75\/100\n|move|p2a: Zoinks|Fire Fang|p1a: Garchomp\n|-damage|p1a: Garchomp|0 fnt\n|-damage|p2a: Zoinks|62\/100|[from] ability: Rough Skin|[of] p1a: Garchomp\n|faint|p1a: Garchomp\n|\n|upkeep\n|\n|t:|1697943431\n|switch|p1a: Gholdengo|Gholdengo|93\/100\n|turn|23\n|\n|t:|1697943438\n|move|p2a: Zoinks|Fire Fang|p1a: Gholdengo\n|-supereffective|p1a: Gholdengo\n|-damage|p1a: Gholdengo|49\/100\n|move|p1a: Gholdengo|Nasty Plot|p1a: Gholdengo\n|-boost|p1a: Gholdengo|spa|2\n|\n|upkeep\n|turn|24\n|\n|t:|1697943451\n|move|p2a: Zoinks|Fire Fang|p1a: Gholdengo\n|-supereffective|p1a: Gholdengo\n|-damage|p1a: Gholdengo|9\/100\n|move|p1a: Gholdengo|Make It Rain|p2a: Zoinks\n|-damage|p2a: Zoinks|0 fnt\n|-unboost|p1a: Gholdengo|spa|1\n|faint|p2a: Zoinks\n|\n|upkeep\n|\n|t:|1697943462\n|switch|p2a: Ermac|Maushold-Four, shiny|51\/100 tox\n|turn|25\n|\n|t:|1697943468\n|move|p2a: Ermac|Beat Up|p1a: Gholdengo\n|-supereffective|p1a: Gholdengo\n|-damage|p1a: Gholdengo|2\/100\n|-supereffective|p1a: Gholdengo\n|-damage|p1a: Gholdengo|0 fnt\n|faint|p1a: Gholdengo\n|-hitcount|p1: Gholdengo|2\n|\n|-damage|p2a: Ermac|45\/100 tox|[from] psn\n|upkeep\n|\n|t:|1697943472\n|switch|p1a: Dondozo|Dondozo, F|70\/100\n|turn|26\n|\n|t:|1697943481\n|switch|p1a: Gliscor|Gliscor, F, shiny|49\/100 tox\n|move|p2a: Ermac|Bullet Seed|p1a: Gliscor\n|-damage|p1a: Gliscor|41\/100 tox\n|-damage|p1a: Gliscor|32\/100 tox\n|-damage|p1a: Gliscor|25\/100 tox\n|-damage|p1a: Gliscor|17\/100 tox\n|-hitcount|p1a: Gliscor|4\n|\n|-heal|p1a: Gliscor|29\/100 tox|[from] ability: Poison Heal\n|-damage|p2a: Ermac|33\/100 tox|[from] psn\n|upkeep\n|turn|27\n|\n|t:|1697943493\n|move|p1a: Gliscor|Protect|p1a: Gliscor\n|-singleturn|p1a: Gliscor|Protect\n|move|p2a: Ermac|Population Bomb|p1a: Gliscor\n|-activate|p1a: Gliscor|move: Protect\n|\n|-damage|p2a: Ermac|15\/100 tox|[from] psn\n|-heal|p1a: Gliscor|42\/100 tox|[from] ability: Poison Heal\n|upkeep\n|turn|28\n|\n|t:|1697943506\n|switch|p1a: Dondozo|Dondozo, F|70\/100\n|move|p2a: Ermac|Bullet Seed|p1a: Dondozo\n|-supereffective|p1a: Dondozo\n|-damage|p1a: Dondozo|58\/100\n|-supereffective|p1a: Dondozo\n|-damage|p1a: Dondozo|48\/100\n|-supereffective|p1a: Dondozo\n|-damage|p1a: Dondozo|37\/100\n|-supereffective|p1a: Dondozo\n|-damage|p1a: Dondozo|25\/100\n|-hitcount|p1a: Dondozo|4\n|\n|-heal|p1a: Dondozo|31\/100|[from] item: Leftovers\n|-damage|p2a: Ermac|0 fnt|[from] psn\n|faint|p2a: Ermac\n|upkeep\n|\n|t:|1697943521\n|switch|p2a: Woshua|Rotom-Wash|100\/100\n|turn|29\n|\n|t:|1697943532\n|switch|p1a: Gliscor|Gliscor, F, shiny|42\/100 tox\n|move|p2a: Woshua|Dark Pulse|p1a: Gliscor\n|-damage|p1a: Gliscor|7\/100 tox\n|\n|-heal|p1a: Gliscor|19\/100 tox|[from] ability: Poison Heal\n|upkeep\n|turn|30\n|\n|t:|1697943541\n|move|p1a: Gliscor|Protect|p1a: Gliscor\n|-singleturn|p1a: Gliscor|Protect\n|move|p2a: Woshua|Dark Pulse|p1a: Gliscor\n|-activate|p1a: Gliscor|move: Protect\n|\n|-heal|p1a: Gliscor|31\/100 tox|[from] ability: Poison Heal\n|upkeep\n|turn|31\n|\n|t:|1697943551\n|move|p1a: Gliscor|Protect||[still]\n|-fail|p1a: Gliscor\n|move|p2a: Woshua|Double Team|p2a: Woshua\n|-boost|p2a: Woshua|evasion|1\n|\n|-heal|p1a: Gliscor|44\/100 tox|[from] ability: Poison Heal\n|upkeep\n|turn|32\n|\n|t:|1697943559\n|move|p1a: Gliscor|Protect|p1a: Gliscor\n|-singleturn|p1a: Gliscor|Protect\n|move|p2a: Woshua|Double Team|p2a: Woshua\n|-boost|p2a: Woshua|evasion|1\n|\n|-heal|p1a: Gliscor|56\/100 tox|[from] ability: Poison Heal\n|upkeep\n|turn|33\n|\n|t:|1697943569\n|move|p1a: Gliscor|Protect||[still]\n|-fail|p1a: Gliscor\n|move|p2a: Woshua|Hydro Pump|p1a: Gliscor\n|-supereffective|p1a: Gliscor\n|-damage|p1a: Gliscor|0 fnt\n|faint|p1a: Gliscor\n|\n|upkeep\n|\n|t:|1697943576\n|switch|p1a: Dondozo|Dondozo, F|31\/100\n|turn|34\n|\n|t:|1697943580\n|move|p2a: Woshua|Dark Pulse|p1a: Dondozo\n|-damage|p1a: Dondozo|13\/100\n|move|p1a: Dondozo|Rest|p1a: Dondozo\n|-status|p1a: Dondozo|slp|[from] move: Rest\n|-heal|p1a: Dondozo|100\/100 slp|[silent]\n|\n|upkeep\n|turn|35\n|\n|t:|1697943587\n|move|p2a: Woshua|Double Team|p2a: Woshua\n|-boost|p2a: Woshua|evasion|1\n|cant|p1a: Dondozo|slp\n|\n|upkeep\n|turn|36\n|\n|t:|1697943593\n|move|p2a: Woshua|Double Team|p2a: Woshua\n|-boost|p2a: Woshua|evasion|1\n|cant|p1a: Dondozo|slp\n|\n|upkeep\n|turn|37\n|\n|t:|1697943598\n|move|p2a: Woshua|Double Team|p2a: Woshua\n|-boost|p2a: Woshua|evasion|1\n|-curestatus|p1a: Dondozo|slp|[msg]\n|move|p1a: Dondozo|Curse|p1a: Dondozo\n|-unboost|p1a: Dondozo|spe|1\n|-boost|p1a: Dondozo|atk|1\n|-boost|p1a: Dondozo|def|1\n|\n|upkeep\n|turn|38\n|\n|t:|1697943606\n|move|p2a: Woshua|Shadow Ball|p1a: Dondozo\n|-damage|p1a: Dondozo|82\/100\n|move|p1a: Dondozo|Curse|p1a: Dondozo\n|-unboost|p1a: Dondozo|spe|1\n|-boost|p1a: Dondozo|atk|1\n|-boost|p1a: Dondozo|def|1\n|\n|-heal|p1a: Dondozo|88\/100|[from] item: Leftovers\n|upkeep\n|turn|39\n|\n|t:|1697943618\n|switch|p2a: Steve|Garganacl, M|100\/100\n|move|p1a: Dondozo|Curse|p1a: Dondozo\n|-unboost|p1a: Dondozo|spe|1\n|-boost|p1a: Dondozo|atk|1\n|-boost|p1a: Dondozo|def|1\n|\n|-heal|p1a: Dondozo|94\/100|[from] item: Leftovers\n|upkeep\n|turn|40\n|\n|t:|1697943630\n|-terastallize|p2a: Steve|Ghost\n|move|p2a: Steve|Curse|p1a: Dondozo\n|-start|p1a: Dondozo|Curse|[of] p2a: Steve\n|-damage|p2a: Steve|50\/100\n|move|p1a: Dondozo|Liquidation|p2a: Steve\n|-damage|p2a: Steve|0 fnt\n|faint|p2a: Steve\n|\n|-heal|p1a: Dondozo|100\/100|[from] item: Leftovers\n|-damage|p1a: Dondozo|76\/100|[from] Curse\n|upkeep\n|\n|t:|1697943645\n|switch|p2a: Woshua|Rotom-Wash|100\/100\n|turn|41\n|\n|t:|1697943649\n|move|p2a: Woshua|Double Team|p2a: Woshua\n|-boost|p2a: Woshua|evasion|1\n|move|p1a: Dondozo|Outrage|p2a: Woshua\n|-damage|p2a: Woshua|0 fnt\n|faint|p2a: Woshua\n|\n|-heal|p1a: Dondozo|82\/100|[from] item: Leftovers\n|-damage|p1a: Dondozo|57\/100|[from] Curse\n|upkeep\n|\n|t:|1697943663\n|switch|p2a: Tucker|Ursaluna-Bloodmoon, M|100\/100\n|turn|42\n|-activate|p2a: Tucker|item: Quick Claw\n|\n|t:|1697943667\n|move|p2a: Tucker|Blood Moon|p1a: Dondozo\n|-damage|p1a: Dondozo|0 fnt\n|faint|p1a: Dondozo\n|\n|win|1303xP\n|raw|MagicLava's rating: 1173 &rarr; <strong>1153<\/strong><br \/>(-20 for losing)\n|raw|1303xP's rating: 1250 &rarr; <strong>1270<\/strong><br \/>(+20 for winning)\n|l|\u2606MagicLava\n","uploadtime":1697943728,"views":8,"p1id":"magiclava","p2id":"1303xp","formatid":"gen9anythinggoes","rating":1153,"private":0,"password":""}