{"id":"gen9anythinggoes-1980947084","p1":"TaxFraud094","p2":"AGisgood","format":"[Gen 9] Anything Goes","log":"|j|\u2606TaxFraud094\n|j|\u2606AGisgood\n|inactive|Battle timer is ON: inactive players will automatically lose when time's up.\n|t:|1698851353\n|gametype|singles\n|player|p1|TaxFraud094|acetrainerf-gen4|\n|player|p2|AGisgood|cynthia-gen4|\n|teamsize|p1|6\n|teamsize|p2|6\n|gen|9\n|tier|[Gen 9] Anything Goes\n|rated|Tournament battle\n|rule|HP Percentage Mod: HP is shown in percentages\n|rule|Endless Battle Clause: Forcing endless battles is banned\n|clearpoke\n|poke|p1|Arceus-Ground|\n|poke|p1|Arceus|\n|poke|p1|Calyrex-Shadow|\n|poke|p1|Kingambit, M|\n|poke|p1|Koraidon|\n|poke|p1|Miraidon|\n|poke|p2|Arceus|\n|poke|p2|Calyrex-Shadow|\n|poke|p2|Koraidon|\n|poke|p2|Ting-Lu|\n|poke|p2|Zacian-*|\n|poke|p2|Arceus-Ground|\n|teampreview\n|inactive|AGisgood also wants the timer to be on.\n|inactive|TaxFraud094 also wants the timer to be on.\n|j|+Primordiallite\n|\n|t:|1698851368\n|start\n|switch|p1a: Koraidon|Koraidon|100\/100\n|switch|p2a: Arceus|Arceus-Ground|100\/100\n|-weather|SunnyDay|[from] ability: Orichalcum Pulse|[of] p1a: Koraidon\n|-activate|p1a: Koraidon|Orichalcum Pulse|[source]\n|turn|1\n|\n|t:|1698851373\n|move|p1a: Koraidon|U-turn|p2a: Arceus\n|-damage|p2a: Arceus|78\/100\n|\n|t:|1698851376\n|switch|p1a: Arceus|Arceus-Ground|100\/100|[from] U-turn\n|move|p2a: Arceus|Will-O-Wisp|p1a: Arceus\n|-status|p1a: Arceus|brn\n|\n|-weather|SunnyDay|[upkeep]\n|-damage|p1a: Arceus|94\/100 brn|[from] brn\n|upkeep\n|turn|2\n|\n|t:|1698851394\n|switch|p1a: Arceus|Arceus|100\/100\n|move|p2a: Arceus|Recover|p2a: Arceus\n|-heal|p2a: Arceus|100\/100\n|\n|-weather|SunnyDay|[upkeep]\n|upkeep\n|turn|3\n|\n|t:|1698851402\n|move|p2a: Arceus|Will-O-Wisp|p1a: Arceus|[miss]\n|-miss|p2a: Arceus|p1a: Arceus\n|move|p1a: Arceus|Taunt|p2a: Arceus\n|-start|p2a: Arceus|move: Taunt\n|\n|-weather|SunnyDay|[upkeep]\n|upkeep\n|turn|4\n|j| artemisery\n|\n|t:|1698851408\n|switch|p2a: Koraidon|Koraidon|100\/100\n|-activate|p2a: Koraidon|ability: Orichalcum Pulse\n|move|p1a: Arceus|Swords Dance|p1a: Arceus\n|-boost|p1a: Arceus|atk|2\n|\n|-weather|SunnyDay|[upkeep]\n|upkeep\n|turn|5\n|\n|t:|1698851420\n|switch|p1a: Arceus|Arceus-Ground|94\/100 brn\n|move|p2a: Koraidon|Low Kick|p1a: Arceus\n|-damage|p1a: Arceus|51\/100 brn\n|\n|-weather|none\n|-damage|p1a: Arceus|45\/100 brn|[from] brn\n|upkeep\n|turn|6\n|\n|t:|1698851427\n|switch|p2a: Arceus|Arceus-Ground|100\/100\n|move|p1a: Arceus|Recover|p1a: Arceus\n|-heal|p1a: Arceus|95\/100 brn\n|\n|-damage|p1a: Arceus|89\/100 brn|[from] brn\n|upkeep\n|turn|7\n|\n|t:|1698851432\n|move|p2a: Arceus|Judgment|p1a: Arceus\n|-damage|p1a: Arceus|58\/100 brn\n|move|p1a: Arceus|Calm Mind|p1a: Arceus\n|-boost|p1a: Arceus|spa|1\n|-boost|p1a: Arceus|spd|1\n|\n|-damage|p1a: Arceus|52\/100 brn|[from] brn\n|upkeep\n|turn|8\n|\n|t:|1698851437\n|switch|p2a: Calyrex|Calyrex-Shadow|100\/100\n|-ability|p2a: Calyrex|As One\n|-ability|p2a: Calyrex|Unnerve\n|move|p1a: Arceus|Recover|p1a: Arceus\n|-heal|p1a: Arceus|100\/100 brn\n|\n|-damage|p1a: Arceus|94\/100 brn|[from] brn\n|upkeep\n|turn|9\n|\n|t:|1698851441\n|switch|p1a: Arceus|Arceus|100\/100\n|move|p2a: Calyrex|Grass Knot|p1a: Arceus\n|-damage|p1a: Arceus|66\/100\n|\n|upkeep\n|turn|10\n|\n|t:|1698851455\n|switch|p2a: Arceus|Arceus-Ground|100\/100\n|move|p1a: Arceus|Shadow Claw|p2a: Arceus\n|-crit|p2a: Arceus\n|-damage|p2a: Arceus|78\/100\n|\n|upkeep\n|turn|11\n|\n|t:|1698851465\n|switch|p1a: Arceus|Arceus-Ground|94\/100 brn\n|move|p2a: Arceus|Will-O-Wisp|p1a: Arceus\n|-fail|p1a: Arceus|brn\n|\n|-damage|p1a: Arceus|88\/100 brn|[from] brn\n|upkeep\n|turn|12\n|\n|t:|1698851470\n|switch|p2a: Calyrex|Calyrex-Shadow|100\/100\n|-ability|p2a: Calyrex|As One\n|-ability|p2a: Calyrex|Unnerve\n|move|p1a: Arceus|Judgment|p2a: Calyrex\n|-damage|p2a: Calyrex|52\/100\n|\n|-damage|p1a: Arceus|82\/100 brn|[from] brn\n|upkeep\n|turn|13\n|j| jzhuc1841\n|\n|t:|1698851474\n|switch|p1a: Kingambit|Kingambit, M|100\/100\n|move|p2a: Calyrex|Nasty Plot|p2a: Calyrex\n|-boost|p2a: Calyrex|spa|2\n|\n|upkeep\n|turn|14\n|\n|t:|1698851481\n|switch|p2a: Koraidon|Koraidon|100\/100\n|-weather|SunnyDay|[from] ability: Orichalcum Pulse|[of] p2a: Koraidon\n|-activate|p2a: Koraidon|Orichalcum Pulse|[source]\n|move|p1a: Kingambit|Iron Head|p2a: Koraidon\n|-damage|p2a: Koraidon|59\/100\n|\n|-weather|SunnyDay|[upkeep]\n|upkeep\n|turn|15\n|\n|t:|1698851494\n|-end|p1a: Kingambit|fallenundefined|[silent]\n|switch|p1a: Arceus|Arceus-Ground|82\/100 brn\n|move|p2a: Koraidon|Low Kick|p1a: Arceus\n|-damage|p1a: Arceus|41\/100 brn\n|\n|-weather|SunnyDay|[upkeep]\n|-damage|p1a: Arceus|35\/100 brn|[from] brn\n|upkeep\n|turn|16\n|l| jzhuc1841\n|\n|t:|1698851497\n|switch|p1a: Calyrex|Calyrex-Shadow|100\/100\n|-ability|p1a: Calyrex|As One\n|-ability|p1a: Calyrex|Unnerve\n|move|p2a: Koraidon|Low Kick|p1a: Calyrex\n|-immune|p1a: Calyrex\n|\n|-weather|SunnyDay|[upkeep]\n|upkeep\n|turn|17\n|\n|t:|1698851504\n|switch|p2a: Arceus|Arceus|100\/100\n|move|p1a: Calyrex|Grass Knot|p2a: Arceus\n|-damage|p2a: Arceus|48\/100\n|\n|-weather|SunnyDay|[upkeep]\n|-heal|p2a: Arceus|55\/100|[from] item: Leftovers\n|upkeep\n|turn|18\n|j| eavo\n|c|\u2606AGisgood|its cc\n|\n|t:|1698851532\n|switch|p2a: Zacian|Zacian-Crowned|100\/100\n|-ability|p2a: Zacian|Intrepid Sword|boost\n|-boost|p2a: Zacian|atk|1\n|move|p1a: Calyrex|Grass Knot|p2a: Zacian\n|-resisted|p2a: Zacian\n|-damage|p2a: Zacian|66\/100\n|\n|-weather|none\n|upkeep\n|turn|19\n|\n|t:|1698851544\n|switch|p1a: Arceus|Arceus-Ground|35\/100 brn\n|move|p2a: Zacian|Behemoth Blade|p1a: Arceus\n|-crit|p1a: Arceus\n|-damage|p1a: Arceus|0 fnt\n|faint|p1a: Arceus\n|\n|upkeep\n|l| artemisery\n|inactive|TaxFraud094 has 120 seconds left.\n|\n|t:|1698851557\n|switch|p1a: Koraidon|Koraidon|100\/100\n|-weather|SunnyDay|[from] ability: Orichalcum Pulse|[of] p1a: Koraidon\n|-activate|p1a: Koraidon|Orichalcum Pulse|[source]\n|turn|20\n|\n|t:|1698851567\n|switch|p2a: Arceus|Arceus-Ground|78\/100\n|move|p1a: Koraidon|Flare Blitz|p2a: Arceus\n|-damage|p2a: Arceus|20\/100\n|-damage|p1a: Koraidon|76\/100|[from] Recoil\n|\n|-weather|SunnyDay|[upkeep]\n|upkeep\n|turn|21\n|\n|t:|1698851573\n|switch|p1a: Calyrex|Calyrex-Shadow|100\/100\n|-ability|p1a: Calyrex|As One\n|-ability|p1a: Calyrex|Unnerve\n|move|p2a: Arceus|Recover|p2a: Arceus\n|-heal|p2a: Arceus|70\/100\n|\n|-weather|SunnyDay|[upkeep]\n|upkeep\n|turn|22\n|\n|t:|1698851584\n|switch|p2a: Arceus|Arceus|55\/100\n|move|p1a: Calyrex|Grass Knot|p2a: Arceus\n|-damage|p2a: Arceus|1\/100\n|\n|-weather|SunnyDay|[upkeep]\n|-heal|p2a: Arceus|8\/100|[from] item: Leftovers\n|upkeep\n|turn|23\n|\n|t:|1698851590\n|move|p1a: Calyrex|Grass Knot|p2a: Arceus\n|-damage|p2a: Arceus|0 fnt\n|faint|p2a: Arceus\n|-ability|p1a: Calyrex|Grim Neigh|boost\n|-boost|p1a: Calyrex|spa|1\n|\n|-weather|SunnyDay|[upkeep]\n|upkeep\n|\n|t:|1698851592\n|switch|p2a: Calyrex|Calyrex-Shadow|52\/100\n|-ability|p2a: Calyrex|As One\n|-ability|p2a: Calyrex|Unnerve\n|turn|24\n|l| eavo\n|\n|t:|1698851617\n|switch|p1a: Arceus|Arceus|66\/100\n|move|p2a: Calyrex|Astral Barrage|p1a: Arceus\n|-immune|p1a: Arceus\n|\n|-weather|none\n|upkeep\n|turn|25\n|\n|t:|1698851636\n|switch|p2a: Ting-Lu|Ting-Lu|100\/100\n|-ability|p2a: Ting-Lu|Vessel of Ruin\n|move|p1a: Arceus|Shadow Claw|p2a: Ting-Lu\n|-resisted|p2a: Ting-Lu\n|-damage|p2a: Ting-Lu|93\/100\n|\n|-heal|p2a: Ting-Lu|99\/100|[from] item: Leftovers\n|upkeep\n|turn|26\n|\n|t:|1698851641\n|move|p1a: Arceus|Taunt|p2a: Ting-Lu\n|-start|p2a: Ting-Lu|move: Taunt\n|cant|p2a: Ting-Lu|move: Taunt|Spikes\n|\n|-heal|p2a: Ting-Lu|100\/100|[from] item: Leftovers\n|upkeep\n|turn|27\n|\n|t:|1698851646\n|move|p1a: Arceus|Swords Dance|p1a: Arceus\n|-boost|p1a: Arceus|atk|2\n|move|p2a: Ting-Lu|Fissure|p1a: Arceus|[miss]\n|-miss|p2a: Ting-Lu|p1a: Arceus\n|\n|upkeep\n|turn|28\n|j| MrCatKing07\n|\n|t:|1698851651\n|move|p1a: Arceus|Extreme Speed|p2a: Ting-Lu\n|-damage|p2a: Ting-Lu|52\/100\n|move|p2a: Ting-Lu|Earthquake|p1a: Arceus\n|-damage|p1a: Arceus|40\/100\n|\n|-heal|p2a: Ting-Lu|58\/100|[from] item: Leftovers\n|-end|p2a: Ting-Lu|move: Taunt\n|upkeep\n|turn|29\n|\n|t:|1698851656\n|switch|p2a: Calyrex|Calyrex-Shadow|52\/100\n|-ability|p2a: Calyrex|As One\n|-ability|p2a: Calyrex|Unnerve\n|move|p1a: Arceus|Taunt|p2a: Calyrex\n|-start|p2a: Calyrex|move: Taunt\n|\n|upkeep\n|turn|30\n|\n|t:|1698851662\n|move|p2a: Calyrex|Grass Knot|p1a: Arceus\n|-damage|p1a: Arceus|6\/100\n|move|p1a: Arceus|Shadow Claw|p2a: Calyrex\n|-supereffective|p2a: Calyrex\n|-damage|p2a: Calyrex|0 fnt\n|faint|p2a: Calyrex\n|\n|upkeep\n|l|+Primordiallite\n|\n|t:|1698851672\n|switch|p2a: Zacian|Zacian-Crowned|66\/100\n|turn|31\n|\n|t:|1698851674\n|move|p1a: Arceus|Extreme Speed|p2a: Zacian\n|-resisted|p2a: Zacian\n|-damage|p2a: Zacian|30\/100\n|move|p2a: Zacian|Play Rough|p1a: Arceus\n|-damage|p1a: Arceus|0 fnt\n|faint|p1a: Arceus\n|\n|upkeep\n|\n|t:|1698851679\n|switch|p1a: Calyrex|Calyrex-Shadow|100\/100\n|-ability|p1a: Calyrex|As One\n|-ability|p1a: Calyrex|Unnerve\n|turn|32\n|\n|t:|1698851686\n|switch|p2a: Ting-Lu|Ting-Lu|58\/100\n|-ability|p2a: Ting-Lu|Vessel of Ruin\n|move|p1a: Calyrex|Grass Knot|p2a: Ting-Lu\n|-supereffective|p2a: Ting-Lu\n|-damage|p2a: Ting-Lu|0 fnt\n|faint|p2a: Ting-Lu\n|-ability|p1a: Calyrex|Grim Neigh|boost\n|-boost|p1a: Calyrex|spa|1\n|\n|upkeep\n|\n|t:|1698851688\n|switch|p2a: Koraidon|Koraidon|59\/100\n|-weather|SunnyDay|[from] ability: Orichalcum Pulse|[of] p2a: Koraidon\n|-activate|p2a: Koraidon|Orichalcum Pulse|[source]\n|turn|33\n|\n|t:|1698851694\n|-terastallize|p2a: Koraidon|Fire\n|move|p2a: Koraidon|Flare Blitz|p1a: Calyrex\n|-damage|p1a: Calyrex|0 fnt\n|faint|p1a: Calyrex\n|-damage|p2a: Koraidon|26\/100|[from] Recoil\n|\n|-weather|SunnyDay|[upkeep]\n|upkeep\n|\n|t:|1698851702\n|switch|p1a: Miraidon|Miraidon|100\/100\n|-fieldstart|move: Electric Terrain|[from] ability: Hadron Engine|[of] p1a: Miraidon\n|turn|34\n|\n|t:|1698851706\n|switch|p2a: Arceus|Arceus-Ground|70\/100\n|move|p1a: Miraidon|Agility|p1a: Miraidon\n|-boost|p1a: Miraidon|spe|2\n|\n|-weather|SunnyDay|[upkeep]\n|upkeep\n|turn|35\n|\n|t:|1698851709\n|move|p1a: Miraidon|Solar Beam||[still]\n|-prepare|p1a: Miraidon|Solar Beam\n|-anim|p1a: Miraidon|Solar Beam|p2a: Arceus\n|-supereffective|p2a: Arceus\n|-damage|p2a: Arceus|0 fnt\n|faint|p2a: Arceus\n|-damage|p1a: Miraidon|91\/100|[from] item: Life Orb\n|\n|-weather|SunnyDay|[upkeep]\n|upkeep\n|c|\u2606AGisgood|gg\n|-message|AGisgood forfeited.\n|\n|win|TaxFraud094\n|n|\u2606TaxFraud094|taxfraud094\n|n|\u2606AGisgood|agisgood\n|n| MrCatKing07|mrcatking07\n","uploadtime":1698851721,"views":10,"p1id":"taxfraud094","p2id":"agisgood","formatid":"gen9anythinggoes","rating":0,"private":0,"password":""}