{"id":"gen9anythinggoes-1993487596","p1":"MiseryRaven","p2":"WollyWillsWissenTV","format":"[Gen 9] Anything Goes","log":"|j|\u2606MiseryRaven\n|j|\u2606WollyWillsWissenTV\n|t:|1700323821\n|gametype|singles\n|player|p1|MiseryRaven|n|\n|player|p2|WollyWillsWissenTV|li|\n|teamsize|p1|6\n|teamsize|p2|6\n|gen|9\n|tier|[Gen 9] Anything Goes\n|rule|HP Percentage Mod: HP is shown in percentages\n|rule|Endless Battle Clause: Forcing endless battles is banned\n|clearpoke\n|poke|p1|Calyrex-Ice|\n|poke|p1|Fezandipiti, M|\n|poke|p1|Milotic, F|\n|poke|p1|Pincurchin, F|\n|poke|p1|Iron Jugulis|\n|poke|p1|Giratina-Origin|\n|poke|p2|Landorus, M|\n|poke|p2|Zapdos|\n|poke|p2|Chi-Yu|\n|poke|p2|Sylveon, F|\n|poke|p2|Mewtwo|\n|poke|p2|Torkoal, M|\n|teampreview\n|c|\u2606WollyWillsWissenTV|hf :)\n|c|\u2606MiseryRaven|hf\n|\n|t:|1700323845\n|start\n|switch|p1a: Ate|Pincurchin, F, shiny|100\/100\n|switch|p2a: Landorus|Landorus, M|100\/100\n|-fieldstart|move: Electric Terrain|[from] ability: Electric Surge|[of] p1a: Ate\n|turn|1\n|\n|t:|1700323966\n|switch|p1a: Athene|Milotic, F, shiny|100\/100\n|move|p2a: Landorus|Smack Down|p1a: Athene\n|-damage|p1a: Athene|84\/100\n|-damage|p2a: Landorus|91\/100|[from] item: Life Orb\n|\n|upkeep\n|turn|2\n|\n|t:|1700324004\n|switch|p2a: Torkoal|Torkoal, M|100\/100\n|-weather|SunnyDay|[from] ability: Drought|[of] p2a: Torkoal\n|move|p1a: Athene|Flip Turn|p2a: Torkoal\n|-supereffective|p2a: Torkoal\n|-damage|p2a: Torkoal|92\/100\n|\n|t:|1700324019\n|switch|p1a: Anemoi|Iron Jugulis|100\/100|[from] Flip Turn\n|-activate|p1a: Anemoi|ability: Quark Drive\n|-start|p1a: Anemoi|quarkdrivespa\n|\n|-weather|SunnyDay|[upkeep]\n|upkeep\n|turn|3\n|\n|t:|1700324083\n|move|p1a: Anemoi|Earth Power|p2a: Torkoal\n|-supereffective|p2a: Torkoal\n|-damage|p2a: Torkoal|14\/100\n|move|p2a: Torkoal|Flamethrower|p1a: Anemoi\n|-damage|p1a: Anemoi|58\/100\n|\n|-weather|SunnyDay|[upkeep]\n|upkeep\n|turn|4\n|\n|t:|1700324131\n|switch|p2a: Zapdos|Zapdos|100\/100\n|move|p1a: Anemoi|Earth Power|p2a: Zapdos\n|-immune|p2a: Zapdos\n|\n|-weather|SunnyDay|[upkeep]\n|upkeep\n|turn|5\n|\n|t:|1700324143\n|-end|p1a: Anemoi|Quark Drive|[silent]\n|switch|p1a: Ate|Pincurchin, F, shiny|100\/100\n|move|p2a: Zapdos|Volt Switch|p1a: Ate\n|-resisted|p1a: Ate\n|-damage|p1a: Ate|87\/100\n|\n|t:|1700324151\n|switch|p2a: Chi-Yu|Chi-Yu|100\/100|[from] Volt Switch\n|-ability|p2a: Chi-Yu|Beads of Ruin\n|\n|-weather|SunnyDay|[upkeep]\n|upkeep\n|turn|6\n|\n|t:|1700324239\n|switch|p1a: Athene|Milotic, F, shiny|84\/100\n|move|p2a: Chi-Yu|Dark Pulse|p1a: Athene\n|-damage|p1a: Athene|47\/100\n|\n|-weather|none\n|upkeep\n|turn|7\n|\n|t:|1700324261\n|switch|p2a: Sylveon|Sylveon, F, shiny|100\/100\n|move|p1a: Athene|Scald|p2a: Sylveon\n|-damage|p2a: Sylveon|79\/100\n|-status|p2a: Sylveon|brn\n|\n|-heal|p2a: Sylveon|85\/100 brn|[from] item: Leftovers\n|-damage|p2a: Sylveon|79\/100 brn|[from] brn\n|upkeep\n|turn|8\n|\n|t:|1700324273\n|move|p1a: Athene|Flip Turn|p2a: Sylveon\n|-damage|p2a: Sylveon|68\/100 brn\n|\n|t:|1700324288\n|switch|p1a: Aphrodite|Fezandipiti, M|100\/100|[from] Flip Turn\n|move|p2a: Sylveon|Wish|p2a: Sylveon\n|\n|-heal|p2a: Sylveon|74\/100 brn|[from] item: Leftovers\n|-damage|p2a: Sylveon|68\/100 brn|[from] brn\n|-fieldend|move: Electric Terrain\n|upkeep\n|turn|9\n|\n|t:|1700324391\n|switch|p2a: Landorus|Landorus, M|91\/100\n|move|p1a: Aphrodite|Cross Poison|p2a: Landorus\n|-resisted|p2a: Landorus\n|-damage|p2a: Landorus|66\/100\n|\n|-heal|p2a: Landorus|100\/100|[from] move: Wish|[wisher] Sylveon\n|upkeep\n|turn|10\n|\n|t:|1700324426\n|switch|p1a: Persephone|Giratina-Origin, shiny|100\/100\n|move|p2a: Landorus|U-turn|p1a: Persephone\n|-resisted|p1a: Persephone\n|-damage|p1a: Persephone|95\/100\n|-damage|p2a: Landorus|91\/100|[from] item: Life Orb\n|\n|t:|1700324506\n|switch|p2a: Chi-Yu|Chi-Yu|100\/100|[from] U-turn\n|-ability|p2a: Chi-Yu|Beads of Ruin\n|\n|upkeep\n|turn|11\n|\n|t:|1700324746\n|switch|p1a: Aphrodite|Fezandipiti, M|100\/100\n|move|p2a: Chi-Yu|Dark Pulse|p1a: Aphrodite\n|-resisted|p1a: Aphrodite\n|-damage|p1a: Aphrodite|65\/100\n|\n|upkeep\n|turn|12\n|\n|t:|1700324768\n|switch|p2a: Landorus|Landorus, M|91\/100\n|move|p1a: Aphrodite|U-turn|p2a: Landorus\n|-resisted|p2a: Landorus\n|-damage|p2a: Landorus|73\/100\n|\n|t:|1700324804\n|switch|p1a: Persephone|Giratina-Origin, shiny|95\/100|[from] U-turn\n|\n|upkeep\n|turn|13\n|\n|t:|1700324811\n|move|p2a: Landorus|Crunch|p1a: Persephone\n|-supereffective|p1a: Persephone\n|-damage|p1a: Persephone|64\/100\n|move|p1a: Persephone|Substitute|p1a: Persephone\n|-start|p1a: Persephone|Substitute\n|-damage|p1a: Persephone|39\/100\n|\n|upkeep\n|turn|14\n|\n|t:|1700324821\n|move|p2a: Landorus|Crunch|p1a: Persephone\n|-supereffective|p1a: Persephone\n|-end|p1a: Persephone|Substitute\n|move|p1a: Persephone|Calm Mind|p1a: Persephone\n|-boost|p1a: Persephone|spa|1\n|-boost|p1a: Persephone|spd|1\n|\n|upkeep\n|turn|15\n|\n|t:|1700324831\n|move|p2a: Landorus|Crunch|p1a: Persephone\n|-supereffective|p1a: Persephone\n|-damage|p1a: Persephone|8\/100\n|move|p1a: Persephone|Dragon Pulse|p2a: Landorus\n|-damage|p2a: Landorus|0 fnt\n|faint|p2a: Landorus\n|\n|upkeep\n|\n|t:|1700324843\n|switch|p2a: Chi-Yu|Chi-Yu|100\/100\n|-ability|p2a: Chi-Yu|Beads of Ruin\n|turn|16\n|\n|t:|1700324863\n|move|p2a: Chi-Yu|Dark Pulse|p1a: Persephone\n|-supereffective|p1a: Persephone\n|-damage|p1a: Persephone|0 fnt\n|faint|p1a: Persephone\n|\n|upkeep\n|\n|t:|1700324871\n|switch|p1a: Anemoi|Iron Jugulis|58\/100\n|turn|17\n|\n|t:|1700324889\n|switch|p2a: Torkoal|Torkoal, M|14\/100\n|-weather|SunnyDay|[from] ability: Drought|[of] p2a: Torkoal\n|move|p1a: Anemoi|Earth Power|p2a: Torkoal\n|-supereffective|p2a: Torkoal\n|-damage|p2a: Torkoal|0 fnt\n|faint|p2a: Torkoal\n|\n|-weather|SunnyDay|[upkeep]\n|upkeep\n|\n|t:|1700324900\n|switch|p2a: Zapdos|Zapdos|100\/100\n|turn|18\n|\n|t:|1700324904\n|-end|p1a: Anemoi|Quark Drive|[silent]\n|switch|p1a: Ate|Pincurchin, F, shiny|87\/100\n|-fieldstart|move: Electric Terrain|[from] ability: Electric Surge|[of] p1a: Ate\n|move|p2a: Zapdos|Volt Switch|p1a: Ate\n|-resisted|p1a: Ate\n|-damage|p1a: Ate|75\/100\n|\n|t:|1700324911\n|switch|p2a: Chi-Yu|Chi-Yu|100\/100|[from] Volt Switch\n|-ability|p2a: Chi-Yu|Beads of Ruin\n|\n|-weather|SunnyDay|[upkeep]\n|upkeep\n|turn|19\n|\n|t:|1700324957\n|move|p2a: Chi-Yu|Flamethrower|p1a: Ate\n|-damage|p1a: Ate|0 fnt\n|faint|p1a: Ate\n|\n|-weather|SunnyDay|[upkeep]\n|upkeep\n|\n|t:|1700324983\n|switch|p1a: Athene|Milotic, F, shiny|47\/100\n|turn|20\n|\n|t:|1700325008\n|switch|p2a: Sylveon|Sylveon, F, shiny|68\/100 brn\n|move|p1a: Athene|Flip Turn|p2a: Sylveon\n|-damage|p2a: Sylveon|63\/100 brn\n|\n|t:|1700325014\n|switch|p1a: Aphrodite|Fezandipiti, M|65\/100|[from] Flip Turn\n|\n|-weather|SunnyDay|[upkeep]\n|-heal|p2a: Sylveon|69\/100 brn|[from] item: Leftovers\n|-damage|p2a: Sylveon|63\/100 brn|[from] brn\n|upkeep\n|turn|21\n|\n|t:|1700325027\n|move|p1a: Aphrodite|Cross Poison|p2a: Sylveon\n|-supereffective|p2a: Sylveon\n|-crit|p2a: Sylveon\n|-damage|p2a: Sylveon|0 fnt\n|faint|p2a: Sylveon\n|\n|-weather|none\n|upkeep\n|\n|t:|1700325037\n|switch|p2a: Chi-Yu|Chi-Yu|100\/100\n|-ability|p2a: Chi-Yu|Beads of Ruin\n|turn|22\n|\n|t:|1700325139\n|switch|p1a: Athene|Milotic, F, shiny|47\/100\n|move|p2a: Chi-Yu|Flamethrower|p1a: Athene\n|-resisted|p1a: Athene\n|-damage|p1a: Athene|29\/100\n|\n|upkeep\n|turn|23\n|\n|t:|1700325169\n|move|p2a: Chi-Yu|Flamethrower|p1a: Athene\n|-resisted|p1a: Athene\n|-damage|p1a: Athene|11\/100\n|move|p1a: Athene|Scald|p2a: Chi-Yu\n|-supereffective|p2a: Chi-Yu\n|-damage|p2a: Chi-Yu|29\/100\n|\n|upkeep\n|turn|24\n|\n|t:|1700325178\n|move|p2a: Chi-Yu|Flamethrower|p1a: Athene\n|-resisted|p1a: Athene\n|-damage|p1a: Athene|0 fnt\n|faint|p1a: Athene\n|\n|upkeep\n|\n|t:|1700325185\n|switch|p1a: Anemoi|Iron Jugulis|58\/100\n|-activate|p1a: Anemoi|ability: Quark Drive\n|-start|p1a: Anemoi|quarkdrivespa\n|turn|25\n|\n|t:|1700325201\n|switch|p2a: Zapdos|Zapdos|100\/100\n|move|p1a: Anemoi|Air Slash|p2a: Zapdos\n|-resisted|p2a: Zapdos\n|-damage|p2a: Zapdos|73\/100\n|\n|-fieldend|move: Electric Terrain\n|-end|p1a: Anemoi|Quark Drive\n|upkeep\n|turn|26\n|\n|t:|1700325327\n|-end|p1a: Anemoi|Quark Drive|[silent]\n|switch|p1a: Hermes|Calyrex-Ice|100\/100\n|-ability|p1a: Hermes|As One\n|-ability|p1a: Hermes|Unnerve\n|move|p2a: Zapdos|Volt Switch|p1a: Hermes\n|-damage|p1a: Hermes|81\/100\n|\n|t:|1700325348\n|switch|p2a: Chi-Yu|Chi-Yu|29\/100|[from] Volt Switch\n|-ability|p2a: Chi-Yu|Beads of Ruin\n|\n|upkeep\n|turn|27\n|\n|t:|1700325390\n|switch|p1a: Aphrodite|Fezandipiti, M|65\/100\n|move|p2a: Chi-Yu|Flamethrower|p1a: Aphrodite\n|-damage|p1a: Aphrodite|0 fnt\n|faint|p1a: Aphrodite\n|\n|upkeep\n|\n|t:|1700325396\n|switch|p1a: Anemoi|Iron Jugulis|58\/100\n|turn|28\n|\n|t:|1700325414\n|switch|p2a: Zapdos|Zapdos|73\/100\n|move|p1a: Anemoi|Air Slash|p2a: Zapdos\n|-resisted|p2a: Zapdos\n|-damage|p2a: Zapdos|53\/100\n|\n|upkeep\n|turn|29\n|\n|t:|1700325434\n|-end|p1a: Anemoi|Quark Drive|[silent]\n|switch|p1a: Hermes|Calyrex-Ice|81\/100\n|-ability|p1a: Hermes|As One\n|-ability|p1a: Hermes|Unnerve\n|move|p2a: Zapdos|Volt Switch|p1a: Hermes\n|-damage|p1a: Hermes|59\/100\n|\n|t:|1700325448\n|switch|p2a: Chi-Yu|Chi-Yu|29\/100|[from] Volt Switch\n|-ability|p2a: Chi-Yu|Beads of Ruin\n|\n|upkeep\n|turn|30\n|\n|t:|1700325460\n|move|p2a: Chi-Yu|Flamethrower|p1a: Hermes\n|-supereffective|p1a: Hermes\n|-enditem|p1a: Hermes|Occa Berry|[eat]\n|-enditem|p1a: Hermes|Occa Berry|[weaken]\n|-damage|p1a: Hermes|0 fnt\n|faint|p1a: Hermes\n|\n|upkeep\n|\n|t:|1700325466\n|switch|p1a: Anemoi|Iron Jugulis|58\/100\n|turn|31\n|\n|t:|1700325533\n|move|p1a: Anemoi|Dark Pulse|p2a: Chi-Yu\n|-resisted|p2a: Chi-Yu\n|-damage|p2a: Chi-Yu|2\/100\n|cant|p2a: Chi-Yu|flinch\n|\n|upkeep\n|turn|32\n|l|\u2606WollyWillsWissenTV\n|player|p2|\n|j|\u2606WollyWillsWissenTV\n|player|p2|WollyWillsWissenTV|li\n|l|\u2606WollyWillsWissenTV\n|player|p2|\n|j|\u2606WollyWillsWissenTV\n|player|p2|WollyWillsWissenTV|li\n|\n|t:|1700325595\n|move|p1a: Anemoi|Dark Pulse|p2a: Chi-Yu\n|-resisted|p2a: Chi-Yu\n|-crit|p2a: Chi-Yu\n|-damage|p2a: Chi-Yu|0 fnt\n|faint|p2a: Chi-Yu\n|\n|upkeep\n|c|\u2606WollyWillsWissenTV|wow. ich glaube der flinch hat dir das game geholt\n|\n|t:|1700325669\n|switch|p2a: Zapdos|Zapdos|53\/100\n|turn|33\n|c|\u2606MiseryRaven|kommt drauf an\n|\n|t:|1700325675\n|move|p1a: Anemoi|Dark Pulse|p2a: Zapdos\n|-damage|p2a: Zapdos|7\/100\n|move|p2a: Zapdos|Discharge|p1a: Anemoi\n|-supereffective|p1a: Anemoi\n|-damage|p1a: Anemoi|0 fnt\n|faint|p1a: Anemoi\n|-end|p1a: Anemoi|Quark Drive|[silent]\n|\n|win|WollyWillsWissenTV\n|c|\u2606MiseryRaven|n\u00f6\n|c|\u2606WollyWillsWissenTV|warte\n|c|\u2606WollyWillsWissenTV|wie war dein iron investiert\n|c|\u2606WollyWillsWissenTV|ach du warst timid oder\n|c|\u2606WollyWillsWissenTV|auf jeden fall gg\n|c|\u2606MiseryRaven|gg\n|c|\u2606MiseryRaven|leider tankt full hp zapdos das knapp.\n|c|\u2606MiseryRaven|und ich hab schon die max roll getroffen\n","uploadtime":1700325739,"views":23,"p1id":"miseryraven","p2id":"wollywillswissentv","formatid":"gen9anythinggoes","rating":0,"private":0,"password":""}