{"id":"gen9anythinggoes-1981533559","p1":"ItzAndyPlayz","p2":"fletchermed","format":"[Gen 9] Anything Goes","log":"|j|\u2606ItzAndyPlayz\n|j|\u2606fletchermed\n|t:|1698913826\n|gametype|singles\n|player|p1|ItzAndyPlayz|101|1072\n|player|p2|fletchermed|maid|1162\n|teamsize|p1|6\n|teamsize|p2|6\n|gen|9\n|tier|[Gen 9] Anything Goes\n|rated|\n|rule|HP Percentage Mod: HP is shown in percentages\n|rule|Endless Battle Clause: Forcing endless battles is banned\n|clearpoke\n|poke|p1|Palafin, M|\n|poke|p1|Kilowattrel, M|\n|poke|p1|Zacian-*|\n|poke|p1|Toxapex, F|\n|poke|p1|Rayquaza|\n|poke|p1|Regieleki|\n|poke|p2|Iron Valiant|\n|poke|p2|Lurantis, F|\n|poke|p2|Toxapex, F|\n|poke|p2|Clefable, F|\n|poke|p2|Ting-Lu|\n|poke|p2|Jirachi|\n|teampreview\n|\n|t:|1698913833\n|start\n|switch|p1a: Regieleki|Regieleki, shiny|100\/100\n|switch|p2a: \ud83d\udc79|Clefable, F|100\/100\n|turn|1\n|\n|t:|1698913841\n|move|p1a: Regieleki|Thunderbolt|p2a: \ud83d\udc79\n|-damage|p2a: \ud83d\udc79|55\/100\n|move|p2a: \ud83d\udc79|Cosmic Power|p2a: \ud83d\udc79\n|-boost|p2a: \ud83d\udc79|def|1\n|-boost|p2a: \ud83d\udc79|spd|1\n|\n|-heal|p2a: \ud83d\udc79|61\/100|[from] item: Leftovers\n|upkeep\n|turn|2\n|\n|t:|1698913854\n|move|p1a: Regieleki|Thunderbolt|p2a: \ud83d\udc79\n|-damage|p2a: \ud83d\udc79|30\/100\n|move|p2a: \ud83d\udc79|Moonlight|p2a: \ud83d\udc79\n|-heal|p2a: \ud83d\udc79|80\/100\n|\n|-heal|p2a: \ud83d\udc79|86\/100|[from] item: Leftovers\n|upkeep\n|turn|3\n|\n|t:|1698913873\n|move|p1a: Regieleki|Thunderbolt|p2a: \ud83d\udc79\n|-damage|p2a: \ud83d\udc79|52\/100\n|move|p2a: \ud83d\udc79|Calm Mind|p2a: \ud83d\udc79\n|-boost|p2a: \ud83d\udc79|spa|1\n|-boost|p2a: \ud83d\udc79|spd|1\n|\n|-heal|p2a: \ud83d\udc79|58\/100|[from] item: Leftovers\n|upkeep\n|turn|4\n|\n|t:|1698913884\n|move|p1a: Regieleki|Thunderbolt|p2a: \ud83d\udc79\n|-damage|p2a: \ud83d\udc79|33\/100\n|move|p2a: \ud83d\udc79|Moonlight|p2a: \ud83d\udc79\n|-heal|p2a: \ud83d\udc79|83\/100\n|\n|-heal|p2a: \ud83d\udc79|89\/100|[from] item: Leftovers\n|upkeep\n|turn|5\n|\n|t:|1698913893\n|move|p1a: Regieleki|Thunderbolt|p2a: \ud83d\udc79\n|-damage|p2a: \ud83d\udc79|66\/100\n|move|p2a: \ud83d\udc79|Calm Mind|p2a: \ud83d\udc79\n|-boost|p2a: \ud83d\udc79|spa|1\n|-boost|p2a: \ud83d\udc79|spd|1\n|\n|-heal|p2a: \ud83d\udc79|72\/100|[from] item: Leftovers\n|upkeep\n|turn|6\n|\n|t:|1698913903\n|-terastallize|p1a: Regieleki|Ground\n|move|p1a: Regieleki|Tera Blast|p2a: \ud83d\udc79|[anim] Tera Blast Ground\n|-damage|p2a: \ud83d\udc79|59\/100\n|move|p2a: \ud83d\udc79|Calm Mind|p2a: \ud83d\udc79\n|-boost|p2a: \ud83d\udc79|spa|1\n|-boost|p2a: \ud83d\udc79|spd|1\n|\n|-heal|p2a: \ud83d\udc79|65\/100|[from] item: Leftovers\n|upkeep\n|turn|7\n|\n|t:|1698913913\n|move|p1a: Regieleki|Volt Switch|p2a: \ud83d\udc79\n|-damage|p2a: \ud83d\udc79|52\/100\n|\n|t:|1698913919\n|switch|p1a: Palafin|Palafin, M|100\/100|[from] Volt Switch\n|move|p2a: \ud83d\udc79|Calm Mind|p2a: \ud83d\udc79\n|-boost|p2a: \ud83d\udc79|spa|1\n|-boost|p2a: \ud83d\udc79|spd|1\n|\n|-heal|p2a: \ud83d\udc79|58\/100|[from] item: Leftovers\n|upkeep\n|turn|8\n|\n|t:|1698913929\n|move|p1a: Palafin|Flip Turn|p2a: \ud83d\udc79\n|-damage|p2a: \ud83d\udc79|39\/100\n|-damage|p1a: Palafin|91\/100|[from] item: Life Orb\n|\n|t:|1698913934\n|detailschange|p1a: Palafin|Palafin-Hero, M\n|switch|p1a: Zacian|Zacian-Crowned, shiny|100\/100|[from] Flip Turn\n|-ability|p1a: Zacian|Intrepid Sword|boost\n|-boost|p1a: Zacian|atk|1\n|move|p2a: \ud83d\udc79|Cosmic Power|p2a: \ud83d\udc79\n|-boost|p2a: \ud83d\udc79|def|1\n|-boost|p2a: \ud83d\udc79|spd|1\n|\n|-heal|p2a: \ud83d\udc79|45\/100|[from] item: Leftovers\n|upkeep\n|turn|9\n|\n|t:|1698913959\n|-terastallize|p2a: \ud83d\udc79|Water\n|move|p1a: Zacian|Close Combat|p2a: \ud83d\udc79\n|-damage|p2a: \ud83d\udc79|1\/100\n|-unboost|p1a: Zacian|def|1\n|-unboost|p1a: Zacian|spd|1\n|move|p2a: \ud83d\udc79|Moonlight|p2a: \ud83d\udc79\n|-heal|p2a: \ud83d\udc79|51\/100\n|\n|-heal|p2a: \ud83d\udc79|57\/100|[from] item: Leftovers\n|upkeep\n|turn|10\n|\n|t:|1698913975\n|move|p1a: Zacian|Behemoth Blade|p2a: \ud83d\udc79\n|-resisted|p2a: \ud83d\udc79\n|-damage|p2a: \ud83d\udc79|32\/100\n|move|p2a: \ud83d\udc79|Moonlight|p2a: \ud83d\udc79\n|-heal|p2a: \ud83d\udc79|82\/100\n|\n|-heal|p2a: \ud83d\udc79|88\/100|[from] item: Leftovers\n|upkeep\n|turn|11\n|\n|t:|1698913986\n|move|p1a: Zacian|Poison Jab|p2a: \ud83d\udc79\n|-damage|p2a: \ud83d\udc79|60\/100\n|move|p2a: \ud83d\udc79|Dazzling Gleam|p1a: Zacian\n|-resisted|p1a: Zacian\n|-damage|p1a: Zacian|28\/100\n|\n|-heal|p2a: \ud83d\udc79|66\/100|[from] item: Leftovers\n|upkeep\n|turn|12\n|\n|t:|1698914002\n|move|p1a: Zacian|Poison Jab|p2a: \ud83d\udc79\n|-damage|p2a: \ud83d\udc79|40\/100\n|move|p2a: \ud83d\udc79|Dazzling Gleam|p1a: Zacian\n|-resisted|p1a: Zacian\n|-damage|p1a: Zacian|0 fnt\n|faint|p1a: Zacian\n|\n|-heal|p2a: \ud83d\udc79|46\/100|[from] item: Leftovers\n|upkeep\n|\n|t:|1698914013\n|switch|p1a: Kilowattrel|Kilowattrel, M|100\/100\n|turn|13\n|\n|t:|1698914020\n|move|p1a: Kilowattrel|Tailwind|p1a: Kilowattrel\n|-sidestart|p1: ItzAndyPlayz|move: Tailwind\n|move|p2a: \ud83d\udc79|Dazzling Gleam|p1a: Kilowattrel\n|-enditem|p1a: Kilowattrel|Focus Sash\n|-damage|p1a: Kilowattrel|1\/100\n|\n|-heal|p2a: \ud83d\udc79|53\/100|[from] item: Leftovers\n|upkeep\n|turn|14\n|\n|t:|1698914030\n|move|p1a: Kilowattrel|Discharge|p2a: \ud83d\udc79\n|-supereffective|p2a: \ud83d\udc79\n|-damage|p2a: \ud83d\udc79|37\/100\n|-status|p2a: \ud83d\udc79|par\n|move|p2a: \ud83d\udc79|Dazzling Gleam|p1a: Kilowattrel\n|-damage|p1a: Kilowattrel|0 fnt\n|faint|p1a: Kilowattrel\n|\n|-heal|p2a: \ud83d\udc79|43\/100 par|[from] item: Leftovers\n|upkeep\n|\n|t:|1698914045\n|switch|p1a: Palafin|Palafin-Hero, M|91\/100\n|-activate|p1a: Palafin|ability: Zero to Hero\n|turn|15\n|j| Agustin jedi\n|l| Agustin jedi\n|\n|t:|1698914052\n|move|p1a: Palafin|Drain Punch|p2a: \ud83d\udc79\n|-damage|p2a: \ud83d\udc79|21\/100 par\n|-heal|p1a: Palafin|100\/100|[from] drain|[of] p2a: \ud83d\udc79\n|-damage|p1a: Palafin|91\/100|[from] item: Life Orb\n|cant|p2a: \ud83d\udc79|par\n|\n|-heal|p2a: \ud83d\udc79|27\/100 par|[from] item: Leftovers\n|upkeep\n|turn|16\n|\n|t:|1698914064\n|move|p1a: Palafin|Waterfall|p2a: \ud83d\udc79\n|-resisted|p2a: \ud83d\udc79\n|-damage|p2a: \ud83d\udc79|8\/100 par\n|-damage|p1a: Palafin|81\/100|[from] item: Life Orb\n|move|p2a: \ud83d\udc79|Moonlight|p2a: \ud83d\udc79\n|-heal|p2a: \ud83d\udc79|58\/100 par\n|\n|-heal|p2a: \ud83d\udc79|64\/100 par|[from] item: Leftovers\n|-sideend|p1: ItzAndyPlayz|move: Tailwind\n|upkeep\n|turn|17\n|\n|t:|1698914080\n|switch|p1a: Toxapex|Toxapex, F|100\/100\n|move|p2a: \ud83d\udc79|Dazzling Gleam|p1a: Toxapex\n|-resisted|p1a: Toxapex\n|-damage|p1a: Toxapex|69\/100\n|\n|-heal|p2a: \ud83d\udc79|71\/100 par|[from] item: Leftovers\n|upkeep\n|turn|18\n|\n|t:|1698914092\n|move|p1a: Toxapex|Lunge|p2a: \ud83d\udc79\n|-damage|p2a: \ud83d\udc79|64\/100 par\n|-unboost|p2a: \ud83d\udc79|atk|1\n|cant|p2a: \ud83d\udc79|par\n|\n|-heal|p2a: \ud83d\udc79|70\/100 par|[from] item: Leftovers\n|upkeep\n|turn|19\n|\n|t:|1698914101\n|move|p1a: Toxapex|Chilling Water|p2a: \ud83d\udc79\n|-resisted|p2a: \ud83d\udc79\n|-damage|p2a: \ud83d\udc79|69\/100 par\n|-unboost|p2a: \ud83d\udc79|atk|1\n|move|p2a: \ud83d\udc79|Calm Mind|p2a: \ud83d\udc79\n|-boost|p2a: \ud83d\udc79|spa|1\n|-boost|p2a: \ud83d\udc79|spd|0\n|\n|-heal|p2a: \ud83d\udc79|75\/100 par|[from] item: Leftovers\n|upkeep\n|turn|20\n|\n|t:|1698914111\n|move|p1a: Toxapex|Chilling Water|p2a: \ud83d\udc79\n|-resisted|p2a: \ud83d\udc79\n|-damage|p2a: \ud83d\udc79|74\/100 par\n|-unboost|p2a: \ud83d\udc79|atk|1\n|move|p2a: \ud83d\udc79|Calm Mind|p2a: \ud83d\udc79\n|-boost|p2a: \ud83d\udc79|spa|1\n|-boost|p2a: \ud83d\udc79|spd|0\n|\n|-heal|p2a: \ud83d\udc79|80\/100 par|[from] item: Leftovers\n|upkeep\n|turn|21\n|\n|t:|1698914122\n|switch|p1a: Regieleki|Regieleki, shiny, tera:Ground|100\/100\n|cant|p2a: \ud83d\udc79|par\n|\n|-heal|p2a: \ud83d\udc79|86\/100 par|[from] item: Leftovers\n|upkeep\n|turn|22\n|\n|t:|1698914132\n|move|p1a: Regieleki|Thunderbolt|p2a: \ud83d\udc79\n|-supereffective|p2a: \ud83d\udc79\n|-damage|p2a: \ud83d\udc79|61\/100 par\n|cant|p2a: \ud83d\udc79|par\n|\n|-heal|p2a: \ud83d\udc79|67\/100 par|[from] item: Leftovers\n|upkeep\n|turn|23\n|\n|t:|1698914140\n|move|p1a: Regieleki|Thunderbolt|p2a: \ud83d\udc79\n|-supereffective|p2a: \ud83d\udc79\n|-damage|p2a: \ud83d\udc79|44\/100 par\n|move|p2a: \ud83d\udc79|Dazzling Gleam|p1a: Regieleki\n|-enditem|p1a: Regieleki|Focus Sash\n|-damage|p1a: Regieleki|1\/100\n|\n|-heal|p2a: \ud83d\udc79|50\/100 par|[from] item: Leftovers\n|upkeep\n|turn|24\n|\n|t:|1698914150\n|move|p1a: Regieleki|Thunderbolt|p2a: \ud83d\udc79\n|-supereffective|p2a: \ud83d\udc79\n|-damage|p2a: \ud83d\udc79|28\/100 par\n|move|p2a: \ud83d\udc79|Moonlight|p2a: \ud83d\udc79\n|-heal|p2a: \ud83d\udc79|78\/100 par\n|\n|-heal|p2a: \ud83d\udc79|84\/100 par|[from] item: Leftovers\n|upkeep\n|turn|25\n|\n|t:|1698914159\n|move|p1a: Regieleki|Thunderbolt|p2a: \ud83d\udc79\n|-supereffective|p2a: \ud83d\udc79\n|-damage|p2a: \ud83d\udc79|61\/100 par\n|cant|p2a: \ud83d\udc79|par\n|\n|-heal|p2a: \ud83d\udc79|67\/100 par|[from] item: Leftovers\n|upkeep\n|turn|26\n|\n|t:|1698914168\n|move|p1a: Regieleki|Thunderbolt|p2a: \ud83d\udc79\n|-supereffective|p2a: \ud83d\udc79\n|-damage|p2a: \ud83d\udc79|42\/100 par\n|move|p2a: \ud83d\udc79|Dazzling Gleam|p1a: Regieleki\n|-damage|p1a: Regieleki|0 fnt\n|faint|p1a: Regieleki\n|\n|-heal|p2a: \ud83d\udc79|48\/100 par|[from] item: Leftovers\n|upkeep\n|\n|t:|1698914182\n|switch|p1a: Palafin|Palafin-Hero, M|81\/100\n|turn|27\n|l|\u2606ItzAndyPlayz\n|player|p1|\n|inactive|Battle timer is ON: inactive players will automatically lose when time's up. (requested by fletchermed)\n|inactive|ItzAndyPlayz has 30 seconds to reconnect!\n|inactive|ItzAndyPlayz has 20 seconds to reconnect!\n|inactive|ItzAndyPlayz has 15 seconds to reconnect!\n|inactive|ItzAndyPlayz has 10 seconds to reconnect!\n|inactive|ItzAndyPlayz has 5 seconds to reconnect!\n|-message|ItzAndyPlayz lost due to inactivity.\n|\n|win|fletchermed\n|raw|ItzAndyPlayz's rating: 1072 &rarr; <strong>1056<\/strong><br \/>(-16 for losing)\n|raw|fletchermed's rating: 1162 &rarr; <strong>1181<\/strong><br \/>(+19 for winning)\n","uploadtime":1698914269,"views":10,"p1id":"itzandyplayz","p2id":"fletchermed","formatid":"gen9anythinggoes","rating":1056,"private":0,"password":""}