{"id":"gen9anythinggoes-1997235386","p1":"LJDARKTHUNDER","p2":"technom88","format":"[Gen 9] Anything Goes","log":"|j|\u2606LJDARKTHUNDER\n|j|\u2606technom88\n|t:|1700778704\n|gametype|singles\n|player|p1|LJDARKTHUNDER|psychicf-gen4|1287\n|player|p2|technom88|169|1174\n|teamsize|p1|6\n|teamsize|p2|6\n|gen|9\n|tier|[Gen 9] Anything Goes\n|rated|\n|rule|HP Percentage Mod: HP is shown in percentages\n|rule|Endless Battle Clause: Forcing endless battles is banned\n|clearpoke\n|poke|p1|Skeledirge, M|\n|poke|p1|Meowscarada, M|\n|poke|p1|Voltorb|\n|poke|p1|Braviary-Hisui, M|\n|poke|p1|Forretress, F|\n|poke|p1|Mimikyu, M|\n|poke|p2|Ninetales-Alola, M|\n|poke|p2|Scyther, F|\n|poke|p2|Great Tusk|\n|poke|p2|Annihilape, F|\n|poke|p2|Rillaboom, F|\n|poke|p2|Coalossal, M|\n|teampreview\n|l|\u2606LJDARKTHUNDER\n|player|p1|\n|j|\u2606LJDARKTHUNDER\n|player|p1|LJDARKTHUNDER|psychicf-gen4\n|inactive|Battle timer is ON: inactive players will automatically lose when time's up. (requested by technom88)\n|\n|t:|1700778740\n|start\n|switch|p1a: Braviary|Braviary-Hisui, M, shiny|100\/100\n|switch|p2a: Ninetales|Ninetales-Alola, M|100\/100\n|-weather|Snow|[from] ability: Snow Warning|[of] p2a: Ninetales\n|turn|1\n|\n|t:|1700778747\n|switch|p1a: Forretress|Forretress, F|100\/100\n|move|p2a: Ninetales|Aurora Veil|p2a: Ninetales\n|-sidestart|p2: technom88|move: Aurora Veil\n|\n|-weather|Snow|[upkeep]\n|upkeep\n|turn|2\n|\n|t:|1700778753\n|move|p1a: Forretress|Toxic Spikes|p2a: Ninetales\n|-sidestart|p2: technom88|move: Toxic Spikes\n|move|p2a: Ninetales|Roar|p1a: Forretress\n|drag|p1a: Voltorb|Voltorb|100\/100\n|\n|-weather|Snow|[upkeep]\n|upkeep\n|turn|3\n|\n|t:|1700778761\n|switch|p1a: Forretress|Forretress, F|100\/100\n|move|p2a: Ninetales|Freeze-Dry|p1a: Forretress\n|-resisted|p1a: Forretress\n|-damage|p1a: Forretress|89\/100\n|\n|-weather|Snow|[upkeep]\n|-heal|p1a: Forretress|95\/100|[from] item: Leftovers\n|upkeep\n|turn|4\n|\n|t:|1700778768\n|move|p1a: Forretress|Toxic Spikes|p2a: Ninetales\n|-sidestart|p2: technom88|move: Toxic Spikes\n|move|p2a: Ninetales|Roar|p1a: Forretress\n|drag|p1a: Braviary|Braviary-Hisui, M, shiny|100\/100\n|\n|-weather|Snow|[upkeep]\n|upkeep\n|turn|5\n|\n|t:|1700778776\n|switch|p1a: Forretress|Forretress, F|95\/100\n|move|p2a: Ninetales|Freeze-Dry|p1a: Forretress\n|-resisted|p1a: Forretress\n|-damage|p1a: Forretress|84\/100\n|\n|-weather|none\n|-heal|p1a: Forretress|90\/100|[from] item: Leftovers\n|upkeep\n|turn|6\n|\n|t:|1700778785\n|switch|p2a: Great Tusk|Great Tusk|100\/100\n|-status|p2a: Great Tusk|tox\n|-enditem|p2a: Great Tusk|Booster Energy\n|-activate|p2a: Great Tusk|ability: Protosynthesis|[fromitem]\n|-start|p2a: Great Tusk|protosynthesisatk\n|move|p1a: Forretress|Stealth Rock|p2a: Great Tusk\n|-sidestart|p2: technom88|move: Stealth Rock\n|\n|-heal|p1a: Forretress|96\/100|[from] item: Leftovers\n|-damage|p2a: Great Tusk|94\/100 tox|[from] psn\n|upkeep\n|turn|7\n|\n|t:|1700778801\n|switch|p1a: Meowscarada|Meowscarada, M|100\/100\n|move|p2a: Great Tusk|Rapid Spin|p1a: Meowscarada\n|-damage|p1a: Meowscarada|64\/100\n|-boost|p2a: Great Tusk|spe|1\n|-sideend|p2: technom88|Toxic Spikes|[from] move: Rapid Spin|[of] p2a: Great Tusk\n|-sideend|p2: technom88|Stealth Rock|[from] move: Rapid Spin|[of] p2a: Great Tusk\n|\n|-damage|p2a: Great Tusk|82\/100 tox|[from] psn\n|upkeep\n|turn|8\n|\n|t:|1700778822\n|-end|p2a: Great Tusk|Protosynthesis|[silent]\n|switch|p2a: Rillaboom|Rillaboom, F|100\/100\n|-fieldstart|move: Grassy Terrain|[from] ability: Grassy Surge|[of] p2a: Rillaboom\n|move|p1a: Meowscarada|Flower Trick|p2a: Rillaboom\n|-resisted|p2a: Rillaboom\n|-crit|p2a: Rillaboom\n|-damage|p2a: Rillaboom|70\/100\n|\n|-heal|p1a: Meowscarada|70\/100|[from] Grassy Terrain\n|-heal|p2a: Rillaboom|76\/100|[from] Grassy Terrain\n|-sideend|p2: technom88|move: Aurora Veil\n|upkeep\n|turn|9\n|\n|t:|1700778838\n|move|p1a: Meowscarada|Knock Off|p2a: Rillaboom\n|-crit|p2a: Rillaboom\n|-damage|p2a: Rillaboom|19\/100\n|-enditem|p2a: Rillaboom|Assault Vest|[from] move: Knock Off|[of] p1a: Meowscarada\n|move|p2a: Rillaboom|Drain Punch|p1a: Meowscarada\n|-supereffective|p1a: Meowscarada\n|-damage|p1a: Meowscarada|0 fnt\n|-heal|p2a: Rillaboom|44\/100|[from] drain|[of] p1a: Meowscarada\n|faint|p1a: Meowscarada\n|\n|-heal|p2a: Rillaboom|50\/100|[from] Grassy Terrain\n|upkeep\n|\n|t:|1700778849\n|switch|p1a: Skeledirge|Skeledirge, M|100\/100\n|turn|10\n|\n|t:|1700778852\n|switch|p2a: Coalossal|Coalossal, M|100\/100\n|move|p1a: Skeledirge|Torch Song|p2a: Coalossal\n|-resisted|p2a: Coalossal\n|-damage|p2a: Coalossal|95\/100\n|-boost|p1a: Skeledirge|spa|1\n|-ability|p2a: Coalossal|Steam Engine|boost\n|-boost|p2a: Coalossal|spe|6\n|\n|-heal|p2a: Coalossal|100\/100|[from] Grassy Terrain\n|upkeep\n|turn|11\n|\n|t:|1700778864\n|move|p2a: Coalossal|Stone Edge|p1a: Skeledirge\n|-supereffective|p1a: Skeledirge\n|-damage|p1a: Skeledirge|60\/100\n|move|p1a: Skeledirge|Earth Power|p2a: Coalossal\n|-supereffective|p2a: Coalossal\n|-damage|p2a: Coalossal|0 fnt\n|faint|p2a: Coalossal\n|\n|-heal|p1a: Skeledirge|66\/100|[from] Grassy Terrain\n|upkeep\n|\n|t:|1700778876\n|switch|p2a: Great Tusk|Great Tusk|82\/100 tox\n|turn|12\n|\n|t:|1700778886\n|-terastallize|p1a: Skeledirge|Water\n|move|p2a: Great Tusk|Earthquake|p1a: Skeledirge\n|-damage|p1a: Skeledirge|48\/100\n|move|p1a: Skeledirge|Slack Off|p1a: Skeledirge\n|-heal|p1a: Skeledirge|98\/100\n|\n|-heal|p2a: Great Tusk|88\/100 tox|[from] Grassy Terrain\n|-heal|p1a: Skeledirge|100\/100|[from] Grassy Terrain\n|-damage|p2a: Great Tusk|82\/100 tox|[from] psn\n|-fieldend|move: Grassy Terrain\n|upkeep\n|turn|13\n|-message|technom88 forfeited.\n|\n|win|LJDARKTHUNDER\n|raw|LJDARKTHUNDER's rating: 1287 &rarr; <strong>1304<\/strong><br \/>(+17 for winning)\n|raw|technom88's rating: 1174 &rarr; <strong>1157<\/strong><br \/>(-17 for losing)\n|l|\u2606technom88\n|c|\u2606LJDARKTHUNDER|Gg\n","uploadtime":1700778904,"views":0,"p1id":"ljdarkthunder","p2id":"technom88","formatid":"gen9anythinggoes","rating":1157,"private":0,"password":""}