{"id":"gen9anythinggoes-1993905437","p1":"Jojospicydong","p2":"jeezus1023","format":"[Gen 9] Anything Goes","log":"|j|\u2606Jojospicydong\n|j|\u2606jeezus1023\n|t:|1700373121\n|gametype|singles\n|player|p1|Jojospicydong|cameraman|\n|player|p2|jeezus1023|clair|\n|teamsize|p1|6\n|teamsize|p2|6\n|gen|9\n|tier|[Gen 9] Anything Goes\n|rule|HP Percentage Mod: HP is shown in percentages\n|rule|Endless Battle Clause: Forcing endless battles is banned\n|clearpoke\n|poke|p1|Glaceon, F|\n|poke|p1|Avalugg, M|\n|poke|p1|Medicham, F|\n|poke|p1|Slowking-Galar, M|\n|poke|p1|Azumarill, M|\n|poke|p1|Flutter Mane|\n|poke|p2|Walking Wake|\n|poke|p2|Mimikyu, M|\n|poke|p2|Garchomp, M|\n|poke|p2|Oricorio, M|\n|poke|p2|Muk-Alola, M|\n|poke|p2|Annihilape, M|\n|teampreview\n|\n|t:|1700373128\n|start\n|switch|p1a: Medicham|Medicham, F|100\/100\n|switch|p2a: Tommy Devito|Annihilape, M|100\/100\n|turn|1\n|\n|t:|1700373138\n|move|p1a: Medicham|Psycho Cut|p2a: Tommy Devito\n|-supereffective|p2a: Tommy Devito\n|-damage|p2a: Tommy Devito|0 fnt\n|faint|p2a: Tommy Devito\n|\n|upkeep\n|\n|t:|1700373160\n|switch|p2a: Diable Jambe|Oricorio, M, shiny|100\/100\n|turn|2\n|\n|t:|1700373167\n|switch|p1a: Slowking|Slowking-Galar, M|100\/100\n|move|p2a: Diable Jambe|Air Slash|p1a: Slowking\n|-damage|p1a: Slowking|87\/100\n|\n|-heal|p1a: Slowking|93\/100|[from] item: Black Sludge\n|upkeep\n|turn|3\n|\n|t:|1700373179\n|move|p2a: Diable Jambe|U-turn|p1a: Slowking\n|-damage|p1a: Slowking|81\/100\n|\n|t:|1700373189\n|switch|p2a: Demon|Garchomp, M|100\/100|[from] U-turn\n|move|p1a: Slowking|Future Sight|p2a: Demon\n|-start|p1a: Slowking|move: Future Sight\n|\n|-heal|p1a: Slowking|87\/100|[from] item: Black Sludge\n|upkeep\n|turn|4\n|\n|t:|1700373201\n|switch|p1a: Glaceon|Glaceon, F|100\/100\n|move|p2a: Demon|Stealth Rock|p1a: Glaceon\n|-sidestart|p1: Jojospicydong|move: Stealth Rock\n|\n|upkeep\n|turn|5\n|\n|t:|1700373222\n|switch|p2a: LSD|Muk-Alola, M|100\/100\n|move|p1a: Glaceon|Snowscape|p1a: Glaceon\n|-weather|Snow\n|\n|-weather|Snow|[upkeep]\n|-end|p2a: LSD|move: Future Sight\n|-immune|p2a: LSD\n|upkeep\n|turn|6\n|\n|t:|1700373232\n|switch|p1a: Avalugg|Avalugg, M|100\/100\n|-damage|p1a: Avalugg|76\/100|[from] Stealth Rock\n|move|p2a: LSD|Knock Off|p1a: Avalugg\n|-damage|p1a: Avalugg|64\/100\n|-damage|p2a: LSD|84\/100|[from] item: Rocky Helmet|[of] p1a: Avalugg\n|-status|p1a: Avalugg|psn|[from] ability: Poison Touch|[of] p2a: LSD\n|-enditem|p1a: Avalugg|Rocky Helmet|[from] move: Knock Off|[of] p2a: LSD\n|\n|-weather|Snow|[upkeep]\n|-heal|p1a: Avalugg|70\/100 psn|[from] ability: Ice Body\n|-damage|p1a: Avalugg|58\/100 psn|[from] psn\n|upkeep\n|turn|7\n|\n|t:|1700373265\n|switch|p2a: Diable Jambe|Oricorio, M, shiny|100\/100\n|move|p1a: Avalugg|Rapid Spin|p2a: Diable Jambe\n|-crit|p2a: Diable Jambe\n|-damage|p2a: Diable Jambe|77\/100\n|-boost|p1a: Avalugg|spe|1\n|-sideend|p1: Jojospicydong|Stealth Rock|[from] move: Rapid Spin|[of] p1a: Avalugg\n|\n|-weather|Snow|[upkeep]\n|-heal|p1a: Avalugg|64\/100 psn|[from] ability: Ice Body\n|-damage|p1a: Avalugg|52\/100 psn|[from] psn\n|upkeep\n|turn|8\n|\n|t:|1700373279\n|move|p2a: Diable Jambe|Air Slash|p1a: Avalugg\n|-damage|p1a: Avalugg|9\/100 psn\n|move|p1a: Avalugg|Ice Fang|p2a: Diable Jambe\n|-damage|p2a: Diable Jambe|43\/100\n|\n|-weather|Snow|[upkeep]\n|-heal|p1a: Avalugg|15\/100 psn|[from] ability: Ice Body\n|-damage|p1a: Avalugg|2\/100 psn|[from] psn\n|upkeep\n|turn|9\n|\n|t:|1700373291\n|move|p2a: Diable Jambe|Roost|p2a: Diable Jambe\n|-heal|p2a: Diable Jambe|93\/100\n|-singleturn|p2a: Diable Jambe|move: Roost\n|move|p1a: Avalugg|Ice Fang|p2a: Diable Jambe\n|-resisted|p2a: Diable Jambe\n|-damage|p2a: Diable Jambe|78\/100\n|\n|-weather|none\n|-damage|p1a: Avalugg|0 fnt|[from] psn\n|faint|p1a: Avalugg\n|upkeep\n|\n|t:|1700373313\n|switch|p1a: Azumarill|Azumarill, M|100\/100\n|turn|10\n|\n|t:|1700373336\n|switch|p2a: Demon|Garchomp, M|100\/100\n|move|p1a: Azumarill|Trailblaze|p2a: Demon\n|-damage|p2a: Demon|80\/100\n|-boost|p1a: Azumarill|spe|1\n|-damage|p1a: Azumarill|88\/100|[from] ability: Rough Skin|[of] p2a: Demon\n|\n|upkeep\n|turn|11\n|\n|t:|1700373365\n|switch|p2a: Diable Jambe|Oricorio, M, shiny|78\/100\n|move|p1a: Azumarill|Play Rough|p2a: Diable Jambe|[miss]\n|-miss|p1a: Azumarill|p2a: Diable Jambe\n|\n|upkeep\n|turn|12\n|\n|t:|1700373377\n|move|p2a: Diable Jambe|Air Slash|p1a: Azumarill\n|-damage|p1a: Azumarill|60\/100\n|move|p1a: Azumarill|Play Rough|p2a: Diable Jambe\n|-resisted|p2a: Diable Jambe\n|-damage|p2a: Diable Jambe|40\/100\n|\n|upkeep\n|turn|13\n|\n|t:|1700373385\n|move|p1a: Azumarill|Aqua Jet|p2a: Diable Jambe\n|-supereffective|p2a: Diable Jambe\n|-damage|p2a: Diable Jambe|0 fnt\n|faint|p2a: Diable Jambe\n|\n|upkeep\n|\n|t:|1700373390\n|switch|p2a: LSD|Muk-Alola, M|84\/100\n|turn|14\n|\n|t:|1700373407\n|move|p1a: Azumarill|Play Rough|p2a: LSD\n|-damage|p2a: LSD|21\/100\n|move|p2a: LSD|Poison Jab|p1a: Azumarill\n|-supereffective|p1a: Azumarill\n|-damage|p1a: Azumarill|0 fnt\n|faint|p1a: Azumarill\n|\n|upkeep\n|\n|t:|1700373419\n|switch|p1a: Medicham|Medicham, F|100\/100\n|turn|15\n|\n|t:|1700373432\n|move|p1a: Medicham|Drain Punch|p2a: LSD\n|-damage|p2a: LSD|0 fnt\n|faint|p2a: LSD\n|\n|upkeep\n|\n|t:|1700373442\n|switch|p2a: Demon|Garchomp, M|80\/100\n|turn|16\n|\n|t:|1700373449\n|switch|p1a: Glaceon|Glaceon, F|100\/100\n|move|p2a: Demon|Earthquake|p1a: Glaceon\n|-damage|p1a: Glaceon|39\/100\n|-damage|p2a: Demon|70\/100|[from] item: Life Orb\n|\n|-heal|p1a: Glaceon|45\/100|[from] item: Leftovers\n|upkeep\n|turn|17\n|\n|t:|1700373458\n|move|p2a: Demon|Earthquake|p1a: Glaceon\n|-damage|p1a: Glaceon|0 fnt\n|faint|p1a: Glaceon\n|-damage|p2a: Demon|60\/100|[from] item: Life Orb\n|\n|upkeep\n|\n|t:|1700373472\n|switch|p1a: Flutter Mane|Flutter Mane|100\/100\n|-enditem|p1a: Flutter Mane|Booster Energy\n|-activate|p1a: Flutter Mane|ability: Protosynthesis|[fromitem]\n|-start|p1a: Flutter Mane|protosynthesisspe\n|turn|18\n|\n|t:|1700373486\n|move|p1a: Flutter Mane|Moonblast|p2a: Demon\n|-supereffective|p2a: Demon\n|-damage|p2a: Demon|0 fnt\n|faint|p2a: Demon\n|\n|upkeep\n|\n|t:|1700373491\n|switch|p2a: Eldritch Horror|Mimikyu, M, shiny|100\/100\n|turn|19\n|\n|t:|1700373514\n|move|p1a: Flutter Mane|Shadow Ball|p2a: Eldritch Horror\n|-activate|p2a: Eldritch Horror|ability: Disguise\n|-damage|p2a: Eldritch Horror|100\/100\n|-unboost|p2a: Eldritch Horror|spd|1\n|detailschange|p2a: Eldritch Horror|Mimikyu-Busted, M, shiny\n|-damage|p2a: Eldritch Horror|88\/100|[from] pokemon: Mimikyu-Busted\n|move|p2a: Eldritch Horror|Swords Dance|p2a: Eldritch Horror\n|-boost|p2a: Eldritch Horror|atk|2\n|\n|upkeep\n|turn|20\n|\n|t:|1700373526\n|move|p2a: Eldritch Horror|Shadow Sneak|p1a: Flutter Mane\n|-supereffective|p1a: Flutter Mane\n|-damage|p1a: Flutter Mane|0 fnt\n|faint|p1a: Flutter Mane\n|-end|p1a: Flutter Mane|Protosynthesis|[silent]\n|\n|upkeep\n|\n|t:|1700373535\n|switch|p1a: Medicham|Medicham, F|100\/100\n|turn|21\n|\n|t:|1700373539\n|move|p1a: Medicham|Bullet Punch|p2a: Eldritch Horror\n|-supereffective|p2a: Eldritch Horror\n|-damage|p2a: Eldritch Horror|24\/100\n|move|p2a: Eldritch Horror|Shadow Sneak|p1a: Medicham\n|-supereffective|p1a: Medicham\n|-damage|p1a: Medicham|0 fnt\n|faint|p1a: Medicham\n|\n|upkeep\n|\n|t:|1700373547\n|switch|p1a: Slowking|Slowking-Galar, M|100\/100\n|turn|22\n|\n|t:|1700373553\n|move|p2a: Eldritch Horror|Shadow Sneak|p1a: Slowking\n|-supereffective|p1a: Slowking\n|-crit|p1a: Slowking\n|-damage|p1a: Slowking|0 fnt\n|faint|p1a: Slowking\n|\n|win|jeezus1023\n|c|\u2606jeezus1023|gg\n|c|\u2606Jojospicydong|Gg\n","uploadtime":1700373561,"views":27,"p1id":"jojospicydong","p2id":"jeezus1023","formatid":"gen9anythinggoes","rating":0,"private":0,"password":""}