{"id":"gen9anythinggoes-1998669639","p1":"Kolton23","p2":"Trevizard","format":"[Gen 9] Anything Goes","log":"|j|\u2606Kolton23\n|j|\u2606Trevizard\n|t:|1700970162\n|gametype|singles\n|player|p1|Kolton23|266|\n|player|p2|Trevizard|lucas|\n|teamsize|p1|6\n|teamsize|p2|6\n|gen|9\n|tier|[Gen 9] Anything Goes\n|rule|HP Percentage Mod: HP is shown in percentages\n|rule|Endless Battle Clause: Forcing endless battles is banned\n|clearpoke\n|poke|p1|Calyrex-Shadow|\n|poke|p1|Flutter Mane|\n|poke|p1|Maushold-Four|\n|poke|p1|Annihilape, F|\n|poke|p1|Sneasler, F|\n|poke|p1|Nacli, L1, M|\n|poke|p2|Calyrex-Shadow|\n|poke|p2|Rillaboom, M|\n|poke|p2|Skeledirge, M|\n|poke|p2|Kingambit, M|\n|poke|p2|Farigiraf, F|\n|poke|p2|Hydreigon, F|\n|teampreview\n|\n|t:|1700970184\n|start\n|switch|p1a: Nacli|Nacli, L1, M|100\/100\n|switch|p2a: Calyrex|Calyrex-Shadow|100\/100\n|-ability|p2a: Calyrex|As One\n|-ability|p2a: Calyrex|Unnerve\n|turn|1\n|\n|t:|1700970197\n|move|p1a: Nacli|Endure|p1a: Nacli\n|-singleturn|p1a: Nacli|move: Endure\n|move|p2a: Calyrex|Tera Blast|p1a: Nacli\n|-resisted|p1a: Nacli\n|-activate|p1a: Nacli|move: Endure\n|-damage|p1a: Nacli|9\/100\n|\n|upkeep\n|turn|2\n|\n|t:|1700970206\n|move|p1a: Nacli|Endure|p1a: Nacli\n|-singleturn|p1a: Nacli|move: Endure\n|move|p2a: Calyrex|Astral Barrage|p1a: Nacli\n|-activate|p1a: Nacli|move: Endure\n|-damage|p1a: Nacli|9\/100\n|\n|upkeep\n|turn|3\n|\n|t:|1700970220\n|move|p1a: Nacli|Endure||[still]\n|-fail|p1a: Nacli\n|move|p2a: Calyrex|Astral Barrage|p1a: Nacli\n|-damage|p1a: Nacli|0 fnt\n|faint|p1a: Nacli\n|-ability|p2a: Calyrex|Grim Neigh|boost\n|-boost|p2a: Calyrex|spa|1\n|\n|upkeep\n|\n|t:|1700970237\n|switch|p1a: Maushold|Maushold-Four|100\/100\n|turn|4\n|\n|t:|1700970241\n|-terastallize|p2a: Calyrex|Fairy\n|move|p2a: Calyrex|Draining Kiss|p1a: Maushold\n|-damage|p1a: Maushold|33\/100\n|move|p1a: Maushold|Tidy Up|p1a: Maushold\n|-boost|p1a: Maushold|atk|1\n|-boost|p1a: Maushold|spe|1\n|\n|upkeep\n|turn|5\n|\n|t:|1700970249\n|move|p1a: Maushold|Protect|p1a: Maushold\n|-singleturn|p1a: Maushold|Protect\n|move|p2a: Calyrex|Tera Blast|p1a: Maushold|[anim] Tera Blast Fairy\n|-activate|p1a: Maushold|move: Protect\n|\n|upkeep\n|turn|6\n|\n|t:|1700970267\n|move|p1a: Maushold|Protect|p1a: Maushold\n|-singleturn|p1a: Maushold|Protect\n|move|p2a: Calyrex|Tera Blast|p1a: Maushold|[anim] Tera Blast Fairy\n|-activate|p1a: Maushold|move: Protect\n|\n|upkeep\n|turn|7\n|\n|t:|1700970296\n|move|p1a: Maushold|Bite|p2a: Calyrex\n|-resisted|p2a: Calyrex\n|-damage|p2a: Calyrex|86\/100\n|move|p2a: Calyrex|Tera Blast|p1a: Maushold|[anim] Tera Blast Fairy\n|-damage|p1a: Maushold|0 fnt\n|faint|p1a: Maushold\n|-ability|p2a: Calyrex|Grim Neigh|boost\n|-boost|p2a: Calyrex|spa|1\n|\n|upkeep\n|\n|t:|1700970305\n|switch|p1a: Annihilape|Annihilape, F|100\/100\n|turn|8\n|\n|t:|1700970316\n|move|p2a: Calyrex|Draining Kiss|p1a: Annihilape\n|-supereffective|p1a: Annihilape\n|-damage|p1a: Annihilape|0 fnt\n|-heal|p2a: Calyrex|100\/100|[from] drain|[of] p1a: Annihilape\n|faint|p1a: Annihilape\n|-ability|p2a: Calyrex|Grim Neigh|boost\n|-boost|p2a: Calyrex|spa|1\n|\n|upkeep\n|\n|t:|1700970326\n|switch|p1a: Sneasler|Sneasler, F|100\/100\n|turn|9\n|\n|t:|1700970333\n|move|p2a: Calyrex|Astral Barrage|p1a: Sneasler\n|-damage|p1a: Sneasler|0 fnt\n|faint|p1a: Sneasler\n|-ability|p2a: Calyrex|Grim Neigh|boost\n|-boost|p2a: Calyrex|spa|1\n|\n|upkeep\n|\n|t:|1700970339\n|switch|p1a: Flutter Mane|Flutter Mane|100\/100\n|turn|10\n|\n|t:|1700970343\n|move|p2a: Calyrex|Astral Barrage|p1a: Flutter Mane\n|-supereffective|p1a: Flutter Mane\n|-enditem|p1a: Flutter Mane|Focus Sash\n|-damage|p1a: Flutter Mane|1\/100\n|move|p1a: Flutter Mane|Draining Kiss|p2a: Calyrex\n|-damage|p2a: Calyrex|77\/100\n|-heal|p1a: Flutter Mane|20\/100|[from] drain|[of] p2a: Calyrex\n|\n|upkeep\n|turn|11\n|\n|t:|1700970353\n|move|p1a: Flutter Mane|Protect|p1a: Flutter Mane\n|-singleturn|p1a: Flutter Mane|Protect\n|move|p2a: Calyrex|Draining Kiss|p1a: Flutter Mane\n|-activate|p1a: Flutter Mane|move: Protect\n|\n|upkeep\n|turn|12\n|\n|t:|1700970359\n|move|p2a: Calyrex|Astral Barrage|p1a: Flutter Mane\n|-supereffective|p1a: Flutter Mane\n|-damage|p1a: Flutter Mane|0 fnt\n|faint|p1a: Flutter Mane\n|-end|p1a: Flutter Mane|Protosynthesis|[silent]\n|-ability|p2a: Calyrex|Grim Neigh|boost\n|-boost|p2a: Calyrex|spa|1\n|\n|upkeep\n|\n|t:|1700970365\n|switch|p1a: Calyrex|Calyrex-Shadow|100\/100\n|-ability|p1a: Calyrex|As One\n|-ability|p1a: Calyrex|Unnerve\n|turn|13\n|\n|t:|1700970371\n|move|p2a: Calyrex|Astral Barrage|p1a: Calyrex\n|-supereffective|p1a: Calyrex\n|-damage|p1a: Calyrex|0 fnt\n|faint|p1a: Calyrex\n|\n|win|Trevizard\n|c|\u2606Kolton23|wow\n","uploadtime":1700970380,"views":0,"p1id":"kolton23","p2id":"trevizard","formatid":"gen9anythinggoes","rating":0,"private":0,"password":""}