{"id":"gen9anythinggoes-1987845366","p1":"Cute3765ondiscord","p2":"Dagon7259ondiscord","format":"[Gen 9] Anything Goes","log":"|j|\u2606Cute3765ondiscord\n|j|\u2606Dagon7259ondiscord\n|t:|1699642138\n|gametype|singles\n|player|p1|Cute3765ondiscord|barry|\n|player|p2|Dagon7259ondiscord|1|\n|teamsize|p1|6\n|teamsize|p2|6\n|gen|9\n|tier|[Gen 9] Anything Goes\n|rule|HP Percentage Mod: HP is shown in percentages\n|rule|Endless Battle Clause: Forcing endless battles is banned\n|clearpoke\n|poke|p1|Landorus, M|\n|poke|p1|Conkeldurr, M|\n|poke|p1|Ninetales, M|\n|poke|p1|Sinistcha|\n|poke|p1|Kingambit, M|\n|poke|p1|Palafin, M|\n|poke|p2|Tyranitar, M|\n|poke|p2|Quagsire, M|\n|poke|p2|Arbok, M|\n|poke|p2|Slowking-Galar, M|\n|poke|p2|Coalossal, M|\n|poke|p2|Palkia|\n|teampreview\n|\n|t:|1699642144\n|start\n|switch|p1a: Sinistcha|Sinistcha, shiny|100\/100\n|switch|p2a: Arbok|Arbok, M, shiny|100\/100\n|turn|1\n|\n|t:|1699642155\n|move|p1a: Sinistcha|Calm Mind|p1a: Sinistcha\n|-boost|p1a: Sinistcha|spa|1\n|-boost|p1a: Sinistcha|spd|1\n|move|p2a: Arbok|Dragon Tail|p1a: Sinistcha|[miss]\n|-miss|p2a: Arbok|p1a: Sinistcha\n|\n|upkeep\n|turn|2\n|\n|t:|1699642162\n|move|p2a: Arbok|Earthquake|p1a: Sinistcha\n|-resisted|p1a: Sinistcha\n|-damage|p1a: Sinistcha|91\/100\n|move|p1a: Sinistcha|Strength Sap|p2a: Arbok\n|-unboost|p2a: Arbok|atk|1\n|-heal|p1a: Sinistcha|100\/100\n|\n|upkeep\n|turn|3\n|\n|t:|1699642171\n|move|p2a: Arbok|Gunk Shot|p1a: Sinistcha\n|-damage|p1a: Sinistcha|77\/100\n|move|p1a: Sinistcha|Matcha Gotcha|p2a: Arbok\n|-resisted|p2a: Arbok\n|-damage|p2a: Arbok|64\/100\n|-heal|p1a: Sinistcha|91\/100|[from] drain|[of] p2a: Arbok\n|\n|-heal|p1a: Sinistcha|97\/100|[from] item: Leftovers\n|upkeep\n|turn|4\n|\n|t:|1699642181\n|move|p2a: Arbok|Gunk Shot|p1a: Sinistcha|[miss]\n|-miss|p2a: Arbok|p1a: Sinistcha\n|move|p1a: Sinistcha|Shadow Ball|p2a: Arbok\n|-damage|p2a: Arbok|0 fnt\n|faint|p2a: Arbok\n|\n|-heal|p1a: Sinistcha|100\/100|[from] item: Leftovers\n|upkeep\n|inactive|Battle timer is ON: inactive players will automatically lose when time's up. (requested by Cute3765ondiscord)\n|\n|t:|1699642191\n|switch|p2a: Quagsire|Quagsire, M, shiny|100\/100\n|turn|5\n|\n|t:|1699642196\n|move|p1a: Sinistcha|Matcha Gotcha|p2a: Quagsire\n|-supereffective|p2a: Quagsire\n|-damage|p2a: Quagsire|0 fnt\n|faint|p2a: Quagsire\n|\n|upkeep\n|\n|t:|1699642201\n|switch|p2a: Coalossal|Coalossal, M, shiny|100\/100\n|turn|6\n|\n|t:|1699642208\n|-terastallize|p2a: Coalossal|Ice\n|move|p1a: Sinistcha|Shadow Ball|p2a: Coalossal\n|-damage|p2a: Coalossal|56\/100\n|-unboost|p2a: Coalossal|spd|1\n|move|p2a: Coalossal|Power Gem|p1a: Sinistcha\n|-damage|p1a: Sinistcha|81\/100\n|\n|-heal|p1a: Sinistcha|87\/100|[from] item: Leftovers\n|upkeep\n|turn|7\n|\n|t:|1699642220\n|move|p1a: Sinistcha|Strength Sap|p2a: Coalossal\n|-unboost|p2a: Coalossal|atk|1\n|-heal|p1a: Sinistcha|100\/100\n|move|p2a: Coalossal|Gyro Ball|p1a: Sinistcha\n|-damage|p1a: Sinistcha|88\/100\n|\n|-heal|p1a: Sinistcha|94\/100|[from] item: Leftovers\n|upkeep\n|turn|8\n|\n|t:|1699642230\n|move|p1a: Sinistcha|Calm Mind|p1a: Sinistcha\n|-boost|p1a: Sinistcha|spa|1\n|-boost|p1a: Sinistcha|spd|1\n|move|p2a: Coalossal|High Horsepower|p1a: Sinistcha\n|-resisted|p1a: Sinistcha\n|-damage|p1a: Sinistcha|88\/100\n|\n|-heal|p1a: Sinistcha|94\/100|[from] item: Leftovers\n|upkeep\n|turn|9\n|\n|t:|1699642240\n|move|p1a: Sinistcha|Matcha Gotcha|p2a: Coalossal\n|-damage|p2a: Coalossal|0 fnt\n|-heal|p1a: Sinistcha|100\/100|[from] drain|[of] p2a: Coalossal\n|faint|p2a: Coalossal\n|\n|upkeep\n|\n|t:|1699642246\n|switch|p2a: Slowking|Slowking-Galar, M, shiny|100\/100\n|turn|10\n|\n|t:|1699642250\n|move|p1a: Sinistcha|Matcha Gotcha|p2a: Slowking|[miss]\n|-miss|p1a: Sinistcha|p2a: Slowking\n|move|p2a: Slowking|Fire Blast|p1a: Sinistcha\n|-supereffective|p1a: Sinistcha\n|-damage|p1a: Sinistcha|79\/100\n|\n|-heal|p1a: Sinistcha|85\/100|[from] item: Leftovers\n|upkeep\n|turn|11\n|\n|t:|1699642259\n|move|p1a: Sinistcha|Matcha Gotcha|p2a: Slowking\n|-resisted|p2a: Slowking\n|-damage|p2a: Slowking|73\/100\n|-heal|p1a: Sinistcha|99\/100|[from] drain|[of] p2a: Slowking\n|move|p2a: Slowking|Power Gem|p1a: Sinistcha\n|-damage|p1a: Sinistcha|83\/100\n|\n|-heal|p1a: Sinistcha|90\/100|[from] item: Leftovers\n|-heal|p2a: Slowking|79\/100|[from] item: Leftovers\n|upkeep\n|turn|12\n|\n|t:|1699642271\n|move|p1a: Sinistcha|Shadow Ball|p2a: Slowking\n|-supereffective|p2a: Slowking\n|-damage|p2a: Slowking|0 fnt\n|faint|p2a: Slowking\n|\n|-heal|p1a: Sinistcha|96\/100|[from] item: Leftovers\n|upkeep\n|\n|t:|1699642278\n|switch|p2a: Palkia|Palkia, shiny|100\/100\n|-ability|p2a: Palkia|Pressure\n|turn|13\n|\n|t:|1699642284\n|move|p2a: Palkia|Fire Blast|p1a: Sinistcha\n|-supereffective|p1a: Sinistcha\n|-damage|p1a: Sinistcha|68\/100\n|move|p1a: Sinistcha|Matcha Gotcha|p2a: Palkia\n|-damage|p2a: Palkia|39\/100\n|-heal|p1a: Sinistcha|97\/100|[from] drain|[of] p2a: Palkia\n|-status|p2a: Palkia|brn\n|\n|-heal|p1a: Sinistcha|100\/100|[from] item: Leftovers\n|-damage|p2a: Palkia|33\/100 brn|[from] brn\n|upkeep\n|turn|14\n|\n|t:|1699642300\n|move|p2a: Palkia|Fire Blast|p1a: Sinistcha|[miss]\n|-miss|p2a: Palkia|p1a: Sinistcha\n|move|p1a: Sinistcha|Calm Mind|p1a: Sinistcha\n|-boost|p1a: Sinistcha|spa|1\n|-boost|p1a: Sinistcha|spd|1\n|\n|-damage|p2a: Palkia|27\/100 brn|[from] brn\n|upkeep\n|turn|15\n|\n|t:|1699642308\n|move|p2a: Palkia|Fire Blast|p1a: Sinistcha\n|-supereffective|p1a: Sinistcha\n|-damage|p1a: Sinistcha|81\/100\n|move|p1a: Sinistcha|Calm Mind|p1a: Sinistcha\n|-boost|p1a: Sinistcha|spa|1\n|-boost|p1a: Sinistcha|spd|1\n|\n|-heal|p1a: Sinistcha|87\/100|[from] item: Leftovers\n|-damage|p2a: Palkia|21\/100 brn|[from] brn\n|upkeep\n|turn|16\n|\n|t:|1699642334\n|move|p2a: Palkia|Fire Blast|p1a: Sinistcha\n|-supereffective|p1a: Sinistcha\n|-damage|p1a: Sinistcha|69\/100\n|move|p1a: Sinistcha|Matcha Gotcha|p2a: Palkia\n|-damage|p2a: Palkia|0 fnt\n|-heal|p1a: Sinistcha|79\/100|[from] drain|[of] p2a: Palkia\n|faint|p2a: Palkia\n|\n|-heal|p1a: Sinistcha|85\/100|[from] item: Leftovers\n|upkeep\n|\n|t:|1699642338\n|switch|p2a: Tyranitar|Tyranitar, M, shiny|100\/100\n|-weather|Sandstorm|[from] ability: Sand Stream|[of] p2a: Tyranitar\n|turn|17\n|\n|t:|1699642346\n|move|p1a: Sinistcha|Matcha Gotcha|p2a: Tyranitar\n|-supereffective|p2a: Tyranitar\n|-damage|p2a: Tyranitar|26\/100\n|-heal|p1a: Sinistcha|100\/100|[from] drain|[of] p2a: Tyranitar\n|move|p2a: Tyranitar|Fire Punch|p1a: Sinistcha\n|-supereffective|p1a: Sinistcha\n|-damage|p1a: Sinistcha|78\/100\n|\n|-weather|Sandstorm|[upkeep]\n|-damage|p1a: Sinistcha|72\/100|[from] Sandstorm\n|-heal|p1a: Sinistcha|78\/100|[from] item: Leftovers\n|upkeep\n|turn|18\n|\n|t:|1699642357\n|move|p1a: Sinistcha|Matcha Gotcha|p2a: Tyranitar\n|-supereffective|p2a: Tyranitar\n|-damage|p2a: Tyranitar|0 fnt\n|-heal|p1a: Sinistcha|93\/100|[from] drain|[of] p2a: Tyranitar\n|faint|p2a: Tyranitar\n|\n|win|Cute3765ondiscord\n","uploadtime":1699642366,"views":14,"p1id":"cute3765ondiscord","p2id":"dagon7259ondiscord","formatid":"gen9anythinggoes","rating":0,"private":0,"password":""}