{"id":"gen9anythinggoes-2000108034","p1":"starlight2626","p2":"MEME\/\/BRAIN","format":"[Gen 9] Anything Goes","log":"|j|\u2606starlight2626\n|j|\u2606MEME\/\/BRAIN\n|t:|1701156264\n|gametype|singles\n|player|p1|starlight2626|102|1000\n|player|p2|MEME\/\/BRAIN|guitarist|1227\n|teamsize|p1|6\n|teamsize|p2|6\n|gen|9\n|tier|[Gen 9] Anything Goes\n|rated|\n|rule|HP Percentage Mod: HP is shown in percentages\n|rule|Endless Battle Clause: Forcing endless battles is banned\n|clearpoke\n|poke|p1|Giratina-Origin|\n|poke|p1|Arceus|\n|poke|p1|Dialga|\n|poke|p1|Palkia|\n|poke|p1|Mew|\n|poke|p1|Rayquaza|\n|poke|p2|Cyclizar, M|\n|poke|p2|Espathra, F|\n|poke|p2|Cloyster, F|\n|poke|p2|Drifblim, F|\n|poke|p2|Skeledirge, M|\n|poke|p2|Mew|\n|teampreview\n|\n|t:|1701156273\n|start\n|switch|p1a: Arceus|Arceus|100\/100\n|switch|p2a: Cycle|Cyclizar, M|100\/100\n|turn|1\n|inactive|Battle timer is ON: inactive players will automatically lose when time's up. (requested by MEME\/\/BRAIN)\n|\n|t:|1701156292\n|move|p2a: Cycle|Shed Tail|p2a: Cycle\n|-start|p2a: Cycle|Substitute|[from] move: Shed Tail\n|-damage|p2a: Cycle|50\/100\n|\n|t:|1701156299\n|switch|p2a: B A L L O O N|Drifblim, F|100\/100|[from] Shed Tail\n|move|p1a: Arceus|Earthquake|p2a: B A L L O O N\n|-immune|p2a: B A L L O O N\n|\n|upkeep\n|turn|2\n|\n|t:|1701156309\n|move|p2a: B A L L O O N|Minimize|p2a: B A L L O O N\n|-boost|p2a: B A L L O O N|evasion|2\n|move|p1a: Arceus|Dazzling Gleam|p2a: B A L L O O N|[miss]\n|-miss|p1a: Arceus|p2a: B A L L O O N\n|\n|upkeep\n|turn|3\n|\n|t:|1701156320\n|-terastallize|p1a: Arceus|Normal\n|move|p2a: B A L L O O N|Minimize|p2a: B A L L O O N\n|-boost|p2a: B A L L O O N|evasion|2\n|move|p1a: Arceus|Blizzard|p2a: B A L L O O N|[miss]\n|-miss|p1a: Arceus|p2a: B A L L O O N\n|\n|upkeep\n|turn|4\n|\n|t:|1701156330\n|switch|p1a: Mew|Mew, shiny|100\/100\n|move|p2a: B A L L O O N|Minimize|p2a: B A L L O O N\n|-boost|p2a: B A L L O O N|evasion|2\n|\n|upkeep\n|turn|5\n|\n|t:|1701156338\n|move|p1a: Mew|Brave Bird|p2a: B A L L O O N|[miss]\n|-miss|p1a: Mew|p2a: B A L L O O N\n|move|p2a: B A L L O O N|Knock Off|p1a: Mew\n|-supereffective|p1a: Mew\n|-damage|p1a: Mew|72\/100\n|\n|upkeep\n|turn|6\n|\n|t:|1701156347\n|move|p1a: Mew|Giga Drain|p2a: B A L L O O N\n|-resisted|p2a: B A L L O O N\n|-crit|p2a: B A L L O O N\n|-activate|p2a: B A L L O O N|move: Substitute|[damage]\n|-heal|p1a: Mew|82\/100|[from] drain|[of] p2a: B A L L O O N\n|move|p2a: B A L L O O N|Baton Pass|p2a: B A L L O O N\n|\n|t:|1701156353\n|switch|p2a: BirB|Espathra, F|100\/100|[from] Baton Pass\n|\n|upkeep\n|turn|7\n|\n|t:|1701156360\n|-singleturn|p1a: Mew|move: Focus Punch\n|move|p2a: BirB|Calm Mind|p2a: BirB\n|-boost|p2a: BirB|spa|1\n|-boost|p2a: BirB|spd|1\n|move|p1a: Mew|Focus Punch|p2a: BirB\n|-resisted|p2a: BirB\n|-end|p2a: BirB|Substitute\n|\n|-ability|p2a: BirB|Speed Boost|boost\n|-boost|p2a: BirB|spe|1\n|upkeep\n|turn|8\n|\n|t:|1701156374\n|move|p2a: BirB|Calm Mind|p2a: BirB\n|-boost|p2a: BirB|spa|1\n|-boost|p2a: BirB|spd|1\n|move|p1a: Mew|Brave Bird|p2a: BirB|[miss]\n|-miss|p1a: Mew|p2a: BirB\n|\n|-ability|p2a: BirB|Speed Boost|boost\n|-boost|p2a: BirB|spe|1\n|upkeep\n|turn|9\n|\n|t:|1701156383\n|move|p2a: BirB|Stored Power|p1a: Mew\n|-resisted|p1a: Mew\n|-damage|p1a: Mew|0 fnt\n|faint|p1a: Mew\n|\n|-ability|p2a: BirB|Speed Boost|boost\n|-boost|p2a: BirB|spe|1\n|upkeep\n|\n|t:|1701156390\n|switch|p1a: Giratina|Giratina-Origin|100\/100\n|turn|10\n|\n|t:|1701156394\n|move|p2a: BirB|Stored Power|p1a: Giratina\n|-damage|p1a: Giratina|0 fnt\n|faint|p1a: Giratina\n|\n|-ability|p2a: BirB|Speed Boost|boost\n|-boost|p2a: BirB|spe|1\n|upkeep\n|\n|t:|1701156400\n|switch|p1a: Arceus|Arceus, tera:Normal|100\/100\n|turn|11\n|c|\u2606MEME\/\/BRAIN|My ostrich > your legends\n|\n|t:|1701156416\n|move|p2a: BirB|Stored Power|p1a: Arceus\n|-damage|p1a: Arceus|0 fnt\n|faint|p1a: Arceus\n|\n|-ability|p2a: BirB|Speed Boost|boost\n|-boost|p2a: BirB|spe|1\n|upkeep\n|\n|t:|1701156426\n|switch|p1a: Rayquaza|Rayquaza|100\/100\n|-ability|p1a: Rayquaza|Air Lock\n|turn|12\n|\n|t:|1701156431\n|move|p2a: BirB|Stored Power|p1a: Rayquaza\n|-damage|p1a: Rayquaza|0 fnt\n|faint|p1a: Rayquaza\n|\n|-ability|p2a: BirB|Speed Boost|boost\n|-boost|p2a: BirB|spe|1\n|upkeep\n|\n|t:|1701156437\n|switch|p1a: Dialga|Dialga|100\/100\n|-ability|p1a: Dialga|Pressure\n|turn|13\n|\n|t:|1701156445\n|move|p2a: BirB|Stored Power|p1a: Dialga\n|-resisted|p1a: Dialga\n|-damage|p1a: Dialga|30\/100\n|move|p1a: Dialga|Steel Beam|p2a: BirB|[miss]\n|-miss|p1a: Dialga|p2a: BirB\n|-damage|p1a: Dialga|0 fnt|[from] steelbeam\n|faint|p1a: Dialga\n|\n|upkeep\n|\n|t:|1701156453\n|switch|p1a: Palkia|Palkia|100\/100\n|turn|14\n|\n|t:|1701156458\n|-terastallize|p2a: BirB|Dark\n|move|p2a: BirB|Stored Power|p1a: Palkia\n|-damage|p1a: Palkia|0 fnt\n|faint|p1a: Palkia\n|\n|win|MEME\/\/BRAIN\n|raw|starlight2626's rating: 1000 &rarr; <strong>1000<\/strong><br \/>(+0 for losing)\n|raw|MEME&#x2f;&#x2f;BRAIN's rating: 1227 &rarr; <strong>1238<\/strong><br \/>(+11 for winning)\n|l|\u2606starlight2626\n","uploadtime":1701156484,"views":0,"p1id":"starlight2626","p2id":"memebrain","formatid":"gen9anythinggoes","rating":1000,"private":0,"password":""}