{"id":"gen9anythinggoes-1988767271","p1":"Rayth22","p2":"Janitoor","format":"[Gen 9] Anything Goes","log":"|j|\u2606Rayth22\n|j|\u2606Janitoor\n|t:|1699760504\n|gametype|singles\n|player|p1|Rayth22|wallace|\n|player|p2|Janitoor|tuber-gen6|\n|teamsize|p1|6\n|teamsize|p2|6\n|gen|9\n|tier|[Gen 9] Anything Goes\n|rule|HP Percentage Mod: HP is shown in percentages\n|rule|Endless Battle Clause: Forcing endless battles is banned\n|clearpoke\n|poke|p1|Dialga|\n|poke|p1|Arceus-Fighting|\n|poke|p1|Eternatus|\n|poke|p1|Miraidon|\n|poke|p1|Rayquaza|\n|poke|p1|Groudon|\n|poke|p2|Roaring Moon|\n|poke|p2|Calyrex-Shadow|\n|poke|p2|Miraidon|\n|poke|p2|Chien-Pao|\n|poke|p2|Flutter Mane|\n|poke|p2|Gastrodon, M|\n|teampreview\n|\n|t:|1699760516\n|start\n|switch|p1a: Groudon|Groudon, shiny|100\/100\n|switch|p2a: Gastrodon|Gastrodon, M|100\/100\n|-weather|SunnyDay|[from] ability: Drought|[of] p1a: Groudon\n|turn|1\n|c|\u2606Janitoor|glhf!\n|c|\u2606Rayth22|what?\n|c|\u2606Janitoor|good luck, have fun?\n|\n|t:|1699760540\n|move|p1a: Groudon|Brick Break|p2a: Gastrodon\n|-damage|p2a: Gastrodon|69\/100\n|move|p2a: Gastrodon|Yawn|p1a: Groudon\n|-start|p1a: Groudon|move: Yawn|[of] p2a: Gastrodon\n|\n|-weather|SunnyDay|[upkeep]\n|upkeep\n|turn|2\n|c|\u2606Rayth22|What do you mean by that? Sneaky BOI\n|\n|t:|1699760566\n|move|p1a: Groudon|Ancient Power|p2a: Gastrodon\n|-resisted|p2a: Gastrodon\n|-damage|p2a: Gastrodon|64\/100\n|move|p2a: Gastrodon|Spikes|p1a: Groudon\n|-sidestart|p1: Rayth22|Spikes\n|\n|-weather|SunnyDay|[upkeep]\n|-end|p1a: Groudon|move: Yawn|[silent]\n|-status|p1a: Groudon|slp\n|upkeep\n|turn|3\n|\n|t:|1699760586\n|cant|p1a: Groudon|slp\n|move|p2a: Gastrodon|Spikes|p1a: Groudon\n|-sidestart|p1: Rayth22|Spikes\n|\n|-weather|SunnyDay|[upkeep]\n|upkeep\n|turn|4\n|c|\u2606Janitoor|?\n|\n|t:|1699760592\n|-curestatus|p1a: Groudon|slp|[msg]\n|move|p1a: Groudon|Brick Break|p2a: Gastrodon\n|-damage|p2a: Gastrodon|34\/100\n|move|p2a: Gastrodon|Spikes|p1a: Groudon\n|-sidestart|p1: Rayth22|Spikes\n|\n|-weather|SunnyDay|[upkeep]\n|upkeep\n|turn|5\n|c|\u2606Rayth22|what do you mean\n|c|\u2606Janitoor|it's just a generally nice thing to say before a battle\n|c|\u2606Janitoor|good sportsmanship\n|\n|t:|1699760613\n|move|p1a: Groudon|Brick Break|p2a: Gastrodon\n|-damage|p2a: Gastrodon|4\/100\n|move|p2a: Gastrodon|Counter|p1a: Groudon\n|-damage|p1a: Groudon|24\/100\n|\n|-weather|none\n|-heal|p1a: Groudon|30\/100|[from] item: Leftovers\n|upkeep\n|turn|6\n|\n|t:|1699760624\n|switch|p2a: Flutter Mane|Flutter Mane|100\/100\n|-enditem|p2a: Flutter Mane|Booster Energy\n|-activate|p2a: Flutter Mane|ability: Protosynthesis|[fromitem]\n|-start|p2a: Flutter Mane|protosynthesisspe\n|move|p1a: Groudon|Brick Break|p2a: Flutter Mane\n|-immune|p2a: Flutter Mane\n|\n|-heal|p1a: Groudon|37\/100|[from] item: Leftovers\n|upkeep\n|turn|7\n|\n|t:|1699760665\n|move|p2a: Flutter Mane|Energy Ball|p1a: Groudon\n|-supereffective|p1a: Groudon\n|-damage|p1a: Groudon|0 fnt\n|faint|p1a: Groudon\n|\n|upkeep\n|\n|t:|1699760677\n|switch|p1a: Rayquaza|Rayquaza|100\/100\n|-ability|p1a: Rayquaza|Air Lock\n|turn|8\n|\n|t:|1699760683\n|move|p2a: Flutter Mane|Moonblast|p1a: Rayquaza\n|-supereffective|p1a: Rayquaza\n|-damage|p1a: Rayquaza|0 fnt\n|faint|p1a: Rayquaza\n|\n|upkeep\n|\n|t:|1699760687\n|switch|p1a: Eternatus|Eternatus, shiny|100\/100\n|-damage|p1a: Eternatus|76\/100|[from] Spikes\n|-ability|p1a: Eternatus|Pressure\n|turn|9\n|\n|t:|1699760696\n|-terastallize|p1a: Eternatus|Fairy\n|move|p2a: Flutter Mane|Moonblast|p1a: Eternatus\n|-damage|p1a: Eternatus|35\/100\n|move|p1a: Eternatus|Dynamax Cannon|p2a: Flutter Mane\n|-immune|p2a: Flutter Mane\n|\n|upkeep\n|turn|10\n|c|\u2606Rayth22|HOW ARE YOU IMMUNE\n|c|\u2606Janitoor|flutter mane is fairy\/ghost type\n|c|\u2606Rayth22|BUT HOW\n|c|\u2606Janitoor|hacks\n|\n|t:|1699760720\n|switch|p1a: Dialga|Dialga, shiny|100\/100\n|-damage|p1a: Dialga|76\/100|[from] Spikes\n|-ability|p1a: Dialga|Pressure\n|move|p2a: Flutter Mane|Moonblast|p1a: Dialga\n|-crit|p1a: Dialga\n|-damage|p1a: Dialga|6\/100\n|\n|upkeep\n|turn|11\n|c|\u2606Janitoor|;)\n|\n|t:|1699760750\n|move|p2a: Flutter Mane|Energy Ball|p1a: Dialga\n|-resisted|p1a: Dialga\n|-damage|p1a: Dialga|0 fnt\n|faint|p1a: Dialga\n|\n|upkeep\n|\n|t:|1699760753\n|switch|p1a: Eternatus|Eternatus, shiny, tera:Fairy|35\/100\n|-damage|p1a: Eternatus|10\/100|[from] Spikes\n|-ability|p1a: Eternatus|Pressure\n|turn|12\n|\n|t:|1699760757\n|move|p2a: Flutter Mane|Moonblast|p1a: Eternatus\n|-damage|p1a: Eternatus|0 fnt\n|faint|p1a: Eternatus\n|\n|upkeep\n|\n|t:|1699760758\n|switch|p1a: Arceus|Arceus-Fighting, shiny|100\/100\n|-damage|p1a: Arceus|76\/100|[from] Spikes\n|turn|13\n|\n|t:|1699760764\n|move|p2a: Flutter Mane|Moonblast|p1a: Arceus\n|-supereffective|p1a: Arceus\n|-damage|p1a: Arceus|0 fnt\n|faint|p1a: Arceus\n|\n|upkeep\n|\n|t:|1699760767\n|switch|p1a: Miraidon|Miraidon|100\/100\n|-damage|p1a: Miraidon|76\/100|[from] Spikes\n|-fieldstart|move: Electric Terrain|[from] ability: Hadron Engine|[of] p1a: Miraidon\n|turn|14\n|\n|t:|1699760774\n|move|p2a: Flutter Mane|Moonblast|p1a: Miraidon\n|-supereffective|p1a: Miraidon\n|-damage|p1a: Miraidon|0 fnt\n|faint|p1a: Miraidon\n|\n|win|Janitoor\n|c|\u2606Janitoor|gg wp\n","uploadtime":1699760782,"views":5,"p1id":"rayth22","p2id":"janitoor","formatid":"gen9anythinggoes","rating":0,"private":0,"password":""}