{"id":"gen9anythinggoes-1984954250","p1":"ajcowart","p2":"DaAceBandit","format":"[Gen 9] Anything Goes","log":"|j|\u2606ajcowart\n|j|\u2606DaAceBandit\n|t:|1699314389\n|gametype|singles\n|player|p1|ajcowart|101|1098\n|player|p2|DaAceBandit|gambler|1203\n|teamsize|p1|6\n|teamsize|p2|6\n|gen|9\n|tier|[Gen 9] Anything Goes\n|rated|\n|rule|HP Percentage Mod: HP is shown in percentages\n|rule|Endless Battle Clause: Forcing endless battles is banned\n|clearpoke\n|poke|p1|Calyrex-Shadow|\n|poke|p1|Espathra, M|\n|poke|p1|Espeon, F|\n|poke|p1|Shaymin-Sky|\n|poke|p1|Poliwrath, M|\n|poke|p1|Dusknoir, F|\n|poke|p2|Komala, M|\n|poke|p2|Carbink|\n|poke|p2|Overqwil, M|\n|poke|p2|Sinistcha-Masterpiece|\n|poke|p2|Noivern, M|\n|poke|p2|Mew|\n|teampreview\n|inactive|Battle timer is ON: inactive players will automatically lose when time's up. (requested by ajcowart)\n|\n|t:|1699314399\n|start\n|switch|p1a: Poliwrath|Poliwrath, M|100\/100\n|switch|p2a: Overqwil|Overqwil, M|100\/100\n|turn|1\n|\n|t:|1699314406\n|move|p2a: Overqwil|Toxic Spikes|p1a: Poliwrath\n|-sidestart|p1: ajcowart|move: Toxic Spikes\n|move|p1a: Poliwrath|Belly Drum|p1a: Poliwrath\n|-damage|p1a: Poliwrath|51\/100\n|-setboost|p1a: Poliwrath|atk|6|[from] move: Belly Drum\n|\n|upkeep\n|turn|2\n|\n|t:|1699314419\n|switch|p2a: Sinistcha|Sinistcha-Masterpiece|100\/100\n|move|p1a: Poliwrath|Baton Pass|p1a: Poliwrath\n|\n|t:|1699314425\n|switch|p1a: Dusknoir|Dusknoir, F|100\/100|[from] Baton Pass\n|-status|p1a: Dusknoir|psn\n|-item|p2a: Sinistcha|Leftovers|[from] ability: Frisk|[of] p1a: Dusknoir|[identify]\n|\n|-damage|p1a: Dusknoir|88\/100 psn|[from] psn\n|upkeep\n|turn|3\n|c|\u2606DaAceBandit|man you really mastered that\n|\n|t:|1699314437\n|move|p1a: Dusknoir|Shadow Sneak|p2a: Sinistcha\n|-supereffective|p2a: Sinistcha\n|-damage|p2a: Sinistcha|0 fnt\n|faint|p2a: Sinistcha\n|\n|-damage|p1a: Dusknoir|76\/100 psn|[from] psn\n|upkeep\n|\n|t:|1699314444\n|switch|p2a: Overqwil|Overqwil, M|100\/100\n|turn|4\n|\n|t:|1699314460\n|move|p2a: Overqwil|Swords Dance|p2a: Overqwil\n|-boost|p2a: Overqwil|atk|2\n|move|p1a: Dusknoir|Fire Punch|p2a: Overqwil\n|-damage|p2a: Overqwil|0 fnt\n|-damage|p1a: Dusknoir|60\/100 psn|[from] item: Rocky Helmet|[of] p2a: Overqwil\n|faint|p2a: Overqwil\n|\n|-damage|p1a: Dusknoir|48\/100 psn|[from] psn\n|upkeep\n|\n|t:|1699314468\n|switch|p2a: Carbink|Carbink|100\/100\n|turn|5\n|\n|t:|1699314475\n|move|p1a: Dusknoir|Thunder Punch|p2a: Carbink\n|-damage|p2a: Carbink|40\/100\n|move|p2a: Carbink|Iron Defense|p2a: Carbink\n|-boost|p2a: Carbink|def|2\n|\n|-damage|p1a: Dusknoir|36\/100 psn|[from] psn\n|upkeep\n|turn|6\n|\n|t:|1699314484\n|move|p1a: Dusknoir|Shadow Punch|p2a: Carbink\n|-damage|p2a: Carbink|7\/100\n|move|p2a: Carbink|Stealth Rock|p1a: Dusknoir\n|-sidestart|p1: ajcowart|move: Stealth Rock\n|\n|-damage|p1a: Dusknoir|23\/100 psn|[from] psn\n|upkeep\n|turn|7\n|\n|t:|1699314491\n|switch|p2a: Komala|Komala, M|100\/100\n|-ability|p2a: Komala|Comatose\n|move|p1a: Dusknoir|Fire Punch|p2a: Komala\n|-damage|p2a: Komala|0 fnt\n|faint|p2a: Komala\n|\n|-damage|p1a: Dusknoir|11\/100 psn|[from] psn\n|upkeep\n|\n|t:|1699314498\n|switch|p2a: Carbink|Carbink|7\/100\n|turn|8\n|\n|t:|1699314502\n|move|p1a: Dusknoir|Fire Punch|p2a: Carbink\n|-resisted|p2a: Carbink\n|-crit|p2a: Carbink\n|-damage|p2a: Carbink|0 fnt\n|faint|p2a: Carbink\n|\n|-damage|p1a: Dusknoir|0 fnt|[from] psn\n|faint|p1a: Dusknoir\n|upkeep\n|\n|t:|1699314517\n|switch|p1a: Poliwrath|Poliwrath, M|51\/100\n|switch|p2a: Mew|Mew, shiny|100\/100\n|-status|p1a: Poliwrath|psn\n|-damage|p1a: Poliwrath|44\/100 psn|[from] Stealth Rock\n|turn|9\n|\n|t:|1699314536\n|move|p1a: Poliwrath|Bulk Up|p1a: Poliwrath\n|-boost|p1a: Poliwrath|atk|1\n|-boost|p1a: Poliwrath|def|1\n|move|p2a: Mew|Psyshock|p1a: Poliwrath\n|-supereffective|p1a: Poliwrath\n|-damage|p1a: Poliwrath|9\/100 psn\n|\n|-damage|p1a: Poliwrath|0 fnt|[from] psn\n|faint|p1a: Poliwrath\n|upkeep\n|\n|t:|1699314545\n|switch|p1a: Espathra|Espathra, M|100\/100\n|-status|p1a: Espathra|psn\n|-damage|p1a: Espathra|88\/100 psn|[from] Stealth Rock\n|turn|10\n|\n|t:|1699314557\n|move|p1a: Espathra|Protect|p1a: Espathra\n|-singleturn|p1a: Espathra|Protect\n|move|p2a: Mew|Substitute|p2a: Mew\n|-start|p2a: Mew|Substitute\n|-damage|p2a: Mew|75\/100\n|\n|-damage|p1a: Espathra|76\/100 psn|[from] psn\n|-ability|p1a: Espathra|Speed Boost|boost\n|-boost|p1a: Espathra|spe|1\n|upkeep\n|turn|11\n|\n|t:|1699314565\n|move|p1a: Espathra|Calm Mind|p1a: Espathra\n|-boost|p1a: Espathra|spa|1\n|-boost|p1a: Espathra|spd|1\n|move|p2a: Mew|Imprison|p2a: Mew\n|-start|p2a: Mew|move: Imprison\n|\n|-damage|p1a: Espathra|63\/100 psn|[from] psn\n|-ability|p1a: Espathra|Speed Boost|boost\n|-boost|p1a: Espathra|spe|1\n|upkeep\n|turn|12\n|c|\u2606DaAceBandit|stored power or baton pass\n|inactive|ajcowart has 120 seconds left.\n|\n|t:|1699314623\n|move|p1a: Espathra|Calm Mind|p1a: Espathra\n|-boost|p1a: Espathra|spa|1\n|-boost|p1a: Espathra|spd|1\n|move|p2a: Mew|Psyshock|p1a: Espathra\n|-resisted|p1a: Espathra\n|-damage|p1a: Espathra|41\/100 psn\n|\n|-damage|p1a: Espathra|29\/100 psn|[from] psn\n|-ability|p1a: Espathra|Speed Boost|boost\n|-boost|p1a: Espathra|spe|1\n|upkeep\n|turn|13\n|inactive|ajcowart has 90 seconds left.\n|\n|t:|1699314641\n|move|p1a: Espathra|Protect|p1a: Espathra\n|-singleturn|p1a: Espathra|Protect\n|move|p2a: Mew|Psyshock|p1a: Espathra\n|-activate|p1a: Espathra|move: Protect\n|\n|-damage|p1a: Espathra|16\/100 psn|[from] psn\n|-ability|p1a: Espathra|Speed Boost|boost\n|-boost|p1a: Espathra|spe|1\n|upkeep\n|turn|14\n|inactive|ajcowart has 90 seconds left.\n|c|\u2606DaAceBandit|you gonna do your move\n|\n|t:|1699314679\n|move|p1a: Espathra|Baton Pass|p1a: Espathra\n|c|\u2606DaAceBandit|knew it gg\n|inactive|ajcowart has 60 seconds left.\n|\n|t:|1699314690\n|switch|p1a: Calyrex|Calyrex-Shadow|100\/100|[from] Baton Pass\n|-ability|p1a: Calyrex|As One\n|-ability|p1a: Calyrex|Unnerve\n|-status|p1a: Calyrex|psn\n|-damage|p1a: Calyrex|88\/100 psn|[from] Stealth Rock\n|move|p2a: Mew|Psyshock|p1a: Calyrex\n|-resisted|p1a: Calyrex\n|-damage|p1a: Calyrex|71\/100 psn\n|\n|-damage|p1a: Calyrex|59\/100 psn|[from] psn\n|upkeep\n|turn|15\n|inactive|ajcowart has 60 seconds left.\n|\n|t:|1699314709\n|move|p1a: Calyrex|Astral Barrage|p2a: Mew\n|-supereffective|p2a: Mew\n|-end|p2a: Mew|Substitute\n|move|p2a: Mew|Transform|p1a: Calyrex\n|-transform|p2a: Mew|p1a: Calyrex\n|\n|-damage|p1a: Calyrex|47\/100 psn|[from] psn\n|upkeep\n|turn|16\n|inactive|ajcowart has 60 seconds left.\n|\n|t:|1699314729\n|move|p2a: Mew|Draining Kiss|p1a: Calyrex\n|-damage|p1a: Calyrex|26\/100 psn\n|-heal|p2a: Mew|89\/100|[from] drain|[of] p1a: Calyrex\n|-activate|p1a: Calyrex|move: Struggle\n|move|p1a: Calyrex|Struggle|p2a: Mew\n|-damage|p2a: Mew|81\/100\n|-damage|p1a: Calyrex|1\/100 psn|[from] recoil\n|\n|-damage|p1a: Calyrex|0 fnt|[from] psn\n|faint|p1a: Calyrex\n|upkeep\n|\n|t:|1699314744\n|switch|p1a: Espathra|Espathra, M|16\/100 psn\n|-damage|p1a: Espathra|4\/100 psn|[from] Stealth Rock\n|turn|17\n|c|\u2606DaAceBandit|told you so man\n|\n|t:|1699314754\n|move|p2a: Mew|Draining Kiss|p1a: Espathra\n|-damage|p1a: Espathra|0 fnt\n|-heal|p2a: Mew|83\/100|[from] drain|[of] p1a: Espathra\n|faint|p1a: Espathra\n|-ability|p2a: Mew|Grim Neigh|boost\n|-boost|p2a: Mew|spa|1\n|\n|upkeep\n|inactive|ajcowart has 30 seconds left.\n|c|\u2606DaAceBandit|imprison transform mew is beyond broken\n|\n|t:|1699314776\n|switch|p1a: Espeon|Espeon, F|100\/100\n|-status|p1a: Espeon|psn\n|-damage|p1a: Espeon|88\/100 psn|[from] Stealth Rock\n|turn|18\n|inactive|ajcowart has 30 seconds left.\n|\n|t:|1699314789\n|move|p2a: Mew|Astral Barrage|p1a: Espeon\n|-supereffective|p1a: Espeon\n|-damage|p1a: Espeon|0 fnt\n|faint|p1a: Espeon\n|-ability|p2a: Mew|Grim Neigh|boost\n|-boost|p2a: Mew|spa|1\n|\n|upkeep\n|inactive|ajcowart has 30 seconds left.\n|\n|t:|1699314797\n|switch|p1a: Shaymin|Shaymin-Sky|100\/100\n|-damage|p1a: Shaymin|76\/100|[from] Stealth Rock\n|turn|19\n|inactive|ajcowart has 30 seconds left.\n|inactive|ajcowart has 20 seconds left.\n|inactive|ajcowart has 15 seconds left.\n|inactive|ajcowart has 10 seconds left.\n|\n|t:|1699314831\n|move|p2a: Mew|Astral Barrage|p1a: Shaymin\n|-damage|p1a: Shaymin|0 fnt\n|faint|p1a: Shaymin\n|\n|win|DaAceBandit\n|inactive|ajcowart has 15 seconds left this turn.\n|raw|ajcowart's rating: 1098 &rarr; <strong>1081<\/strong><br \/>(-17 for losing)\n|raw|DaAceBandit's rating: 1203 &rarr; <strong>1221<\/strong><br \/>(+18 for winning)\n|c|\u2606DaAceBandit|dude you cant come back\n|c|\u2606DaAceBandit|gg\n|l|\u2606ajcowart\n","uploadtime":1699314851,"views":4,"p1id":"ajcowart","p2id":"daacebandit","formatid":"gen9anythinggoes","rating":1081,"private":0,"password":""}