{"id":"gen9anythinggoes-1982665341","p1":"TreBucet","p2":"wareyu","format":"[Gen 9] Anything Goes","log":"|j|\u2606TreBucet\n|j|\u2606wareyu\n|t:|1699034021\n|gametype|singles\n|player|p1|TreBucet|grimsley|1135\n|player|p2|wareyu|102|1088\n|teamsize|p1|6\n|teamsize|p2|6\n|gen|9\n|tier|[Gen 9] Anything Goes\n|rated|\n|rule|HP Percentage Mod: HP is shown in percentages\n|rule|Endless Battle Clause: Forcing endless battles is banned\n|clearpoke\n|poke|p1|Houndstone, M|\n|poke|p1|Tyranitar, F|\n|poke|p1|Glimmora, M|\n|poke|p1|Flutter Mane|\n|poke|p1|Eternatus|\n|poke|p1|Zoroark, F|\n|poke|p2|Gholdengo|\n|poke|p2|Jolteon, M|\n|poke|p2|Dragonite, M|\n|poke|p2|Mimikyu, F|\n|poke|p2|Arcanine, M|\n|poke|p2|Hypno, F|\n|teampreview\n|inactive|Battle timer is ON: inactive players will automatically lose when time's up. (requested by wareyu)\n|\n|t:|1699034028\n|start\n|switch|p1a: funny rock|Glimmora, M|100\/100\n|switch|p2a: Hypno|Hypno, F|100\/100\n|turn|1\n|\n|t:|1699034035\n|move|p1a: funny rock|Earth Power|p2a: Hypno\n|-damage|p2a: Hypno|79\/100\n|-damage|p1a: funny rock|90\/100|[from] item: Life Orb\n|move|p2a: Hypno|Switcheroo|p1a: funny rock\n|-activate|p2a: Hypno|move: Trick|[of] p1a: funny rock\n|-item|p1a: funny rock|Flame Orb|[from] move: Switcheroo\n|-item|p2a: Hypno|Life Orb|[from] move: Switcheroo\n|\n|-status|p1a: funny rock|brn|[from] item: Flame Orb\n|upkeep\n|turn|2\n|\n|t:|1699034047\n|move|p1a: funny rock|Mortal Spin|p2a: Hypno\n|-damage|p2a: Hypno|75\/100\n|-status|p2a: Hypno|psn\n|move|p2a: Hypno|Encore|p1a: funny rock\n|-start|p1a: funny rock|Encore\n|\n|-damage|p2a: Hypno|63\/100 psn|[from] psn\n|-damage|p1a: funny rock|84\/100 brn|[from] brn\n|upkeep\n|turn|3\n|\n|t:|1699034058\n|move|p1a: funny rock|Mortal Spin|p2a: Hypno\n|-crit|p2a: Hypno\n|-damage|p2a: Hypno|57\/100 psn\n|move|p2a: Hypno|Hex|p1a: funny rock\n|-damage|p1a: funny rock|47\/100 brn\n|-damage|p2a: Hypno|47\/100 psn|[from] item: Life Orb\n|\n|-damage|p2a: Hypno|35\/100 psn|[from] psn\n|-damage|p1a: funny rock|41\/100 brn|[from] brn\n|upkeep\n|turn|4\n|\n|t:|1699034071\n|move|p1a: funny rock|Mortal Spin|p2a: Hypno\n|-damage|p2a: Hypno|31\/100 psn\n|move|p2a: Hypno|Psychic|p1a: funny rock\n|-supereffective|p1a: funny rock\n|-damage|p1a: funny rock|0 fnt\n|faint|p1a: funny rock\n|-damage|p2a: Hypno|21\/100 psn|[from] item: Life Orb\n|\n|-damage|p2a: Hypno|9\/100 psn|[from] psn\n|upkeep\n|\n|t:|1699034080\n|switch|p1a: hehe|Flutter Mane|100\/100\n|turn|5\n|\n|t:|1699034087\n|move|p1a: hehe|Moonblast|p2a: Hypno\n|-damage|p2a: Hypno|0 fnt\n|faint|p2a: Hypno\n|\n|upkeep\n|\n|t:|1699034097\n|switch|p2a: Gholdengo|Gholdengo|100\/100\n|turn|6\n|\n|t:|1699034101\n|-end|p1a: hehe|Protosynthesis|[silent]\n|switch|p1a: the hound|Houndstone, M|100\/100\n|move|p2a: Gholdengo|Make It Rain|p1a: the hound\n|-crit|p1a: the hound\n|-enditem|p1a: the hound|Focus Sash\n|-damage|p1a: the hound|1\/100\n|-unboost|p2a: Gholdengo|spa|1\n|replace|p1a: uh oh|Zoroark, F\n|-end|p1a: uh oh|Illusion\n|-damage|p2a: Gholdengo|91\/100|[from] item: Life Orb\n|\n|upkeep\n|turn|7\n|\n|t:|1699034118\n|switch|p2a: Dragonite|Dragonite, M|100\/100\n|move|p1a: uh oh|Flamethrower|p2a: Dragonite\n|-resisted|p2a: Dragonite\n|-damage|p2a: Dragonite|93\/100\n|-status|p2a: Dragonite|brn\n|\n|-damage|p2a: Dragonite|87\/100 brn|[from] brn\n|upkeep\n|turn|8\n|\n|t:|1699034129\n|move|p2a: Dragonite|Extreme Speed|p1a: uh oh\n|-damage|p1a: uh oh|0 fnt\n|faint|p1a: uh oh\n|\n|-damage|p2a: Dragonite|81\/100 brn|[from] brn\n|upkeep\n|\n|t:|1699034135\n|switch|p1a: hehe|Flutter Mane|100\/100\n|turn|9\n|\n|t:|1699034141\n|move|p1a: hehe|Moonblast|p2a: Dragonite\n|-supereffective|p2a: Dragonite\n|-damage|p2a: Dragonite|0 fnt\n|faint|p2a: Dragonite\n|\n|upkeep\n|\n|t:|1699034148\n|switch|p2a: Gholdengo|Gholdengo|91\/100\n|turn|10\n|\n|t:|1699034153\n|move|p1a: hehe|Memento|p2a: Gholdengo\n|-immune|p2a: Gholdengo|[from] ability: Good as Gold\n|move|p2a: Gholdengo|Make It Rain|p1a: hehe\n|-supereffective|p1a: hehe\n|-damage|p1a: hehe|0 fnt\n|-unboost|p2a: Gholdengo|spa|1\n|faint|p1a: hehe\n|-end|p1a: hehe|Protosynthesis|[silent]\n|-damage|p2a: Gholdengo|81\/100|[from] item: Life Orb\n|\n|upkeep\n|\n|t:|1699034164\n|switch|p1a: big man|Tyranitar, F|100\/100\n|-weather|Sandstorm|[from] ability: Sand Stream|[of] p1a: big man\n|turn|11\n|\n|t:|1699034172\n|switch|p1a: the hound|Houndstone, M|100\/100\n|switch|p2a: Arcanine|Arcanine, M, shiny|100\/100\n|-item|p2a: Arcanine|Air Balloon\n|\n|-weather|Sandstorm|[upkeep]\n|-damage|p2a: Arcanine|94\/100|[from] Sandstorm\n|upkeep\n|turn|12\n|\n|t:|1699034183\n|-terastallize|p1a: the hound|Normal\n|move|p1a: the hound|Last Respects|p2a: Arcanine\n|-damage|p2a: Arcanine|1\/100\n|-enditem|p2a: Arcanine|Air Balloon\n|move|p2a: Arcanine|Heat Wave|p1a: the hound\n|-damage|p1a: the hound|42\/100\n|\n|-weather|Sandstorm|[upkeep]\n|-damage|p2a: Arcanine|0 fnt|[from] Sandstorm\n|faint|p2a: Arcanine\n|upkeep\n|\n|t:|1699034195\n|switch|p2a: Jolteon|Jolteon, M|100\/100\n|turn|13\n|\n|t:|1699034202\n|move|p1a: the hound|Last Respects|p2a: Jolteon\n|-damage|p2a: Jolteon|0 fnt\n|faint|p2a: Jolteon\n|\n|-weather|Sandstorm|[upkeep]\n|upkeep\n|\n|t:|1699034211\n|switch|p2a: Gholdengo|Gholdengo|81\/100\n|turn|14\n|\n|t:|1699034216\n|move|p1a: the hound|Last Respects|p2a: Gholdengo\n|-supereffective|p2a: Gholdengo\n|-damage|p2a: Gholdengo|0 fnt\n|faint|p2a: Gholdengo\n|\n|-weather|Sandstorm|[upkeep]\n|upkeep\n|\n|t:|1699034222\n|switch|p2a: Mimikyu|Mimikyu, F|100\/100\n|turn|15\n|c|\u2606TreBucet|gg\n|\n|t:|1699034228\n|-terastallize|p2a: Mimikyu|Ghost\n|move|p2a: Mimikyu|Shadow Sneak|p1a: the hound\n|-immune|p1a: the hound\n|move|p1a: the hound|Last Respects|p2a: Mimikyu\n|-activate|p2a: Mimikyu|ability: Disguise\n|-damage|p2a: Mimikyu|100\/100\n|detailschange|p2a: Mimikyu|Mimikyu-Busted, F, tera:Ghost\n|-damage|p2a: Mimikyu|88\/100|[from] pokemon: Mimikyu-Busted\n|\n|-weather|none\n|upkeep\n|turn|16\n|c|\u2606TreBucet|?\n|\n|t:|1699034239\n|move|p1a: the hound|Last Respects|p2a: Mimikyu\n|-supereffective|p2a: Mimikyu\n|-damage|p2a: Mimikyu|0 fnt\n|faint|p2a: Mimikyu\n|\n|win|TreBucet\n|raw|TreBucet's rating: 1135 &rarr; <strong>1157<\/strong><br \/>(+22 for winning)\n|raw|wareyu's rating: 1088 &rarr; <strong>1068<\/strong><br \/>(-20 for losing)\n|l|\u2606wareyu\n|c|\u2606TreBucet|why shadow sneak i was tera normal?\n","uploadtime":1699034258,"views":7,"p1id":"trebucet","p2id":"wareyu","formatid":"gen9anythinggoes","rating":1068,"private":0,"password":""}