{"id":"gen9anythinggoes-1977514033","p1":"AkumaVerses","p2":"vexsff","format":"[Gen 9] Anything Goes","log":"|j|\u2606AkumaVerses\n|j|\u2606vexsff\n|t:|1698423514\n|gametype|singles\n|player|p1|AkumaVerses|cynthia|1087\n|player|p2|vexsff|clown|1160\n|teamsize|p1|6\n|teamsize|p2|6\n|gen|9\n|tier|[Gen 9] Anything Goes\n|rated|\n|rule|HP Percentage Mod: HP is shown in percentages\n|rule|Endless Battle Clause: Forcing endless battles is banned\n|clearpoke\n|poke|p1|Sylveon, F|\n|poke|p1|Glaceon, F|\n|poke|p1|Umbreon, F|\n|poke|p1|Espeon, F|\n|poke|p1|Vaporeon, F|\n|poke|p1|Jolteon, F|\n|poke|p2|Ditto|\n|poke|p2|Ditto|\n|poke|p2|Ditto|\n|poke|p2|Ditto|\n|poke|p2|Ditto|\n|poke|p2|Ditto|\n|teampreview\n|c|\u2606AkumaVerses|i hate this\n|\n|t:|1698423530\n|start\n|switch|p1a: Espeon|Espeon, F, shiny|100\/100\n|switch|p2a: funny ditto squad|Ditto|100\/100\n|-transform|p2a: funny ditto squad|p1a: Espeon|[from] ability: Imposter\n|turn|1\n|\n|t:|1698423542\n|move|p1a: Espeon|Future Sight|p2a: funny ditto squad\n|-start|p1a: Espeon|move: Future Sight\n|move|p2a: funny ditto squad|Future Sight|p1a: Espeon\n|-start|p2a: funny ditto squad|move: Future Sight\n|\n|upkeep\n|turn|2\n|\n|t:|1698423554\n|move|p2a: funny ditto squad|Power Gem|p1a: Espeon\n|-damage|p1a: Espeon|74\/100\n|move|p1a: Espeon|Power Gem|p2a: funny ditto squad\n|-damage|p2a: funny ditto squad|72\/100\n|\n|-heal|p1a: Espeon|80\/100|[from] item: Leftovers\n|-heal|p2a: funny ditto squad|78\/100|[from] item: Leftovers\n|upkeep\n|turn|3\n|\n|t:|1698423572\n|switch|p1a: Umbreon|Umbreon, F, shiny|100\/100\n|move|p2a: funny ditto squad|Power Gem|p1a: Umbreon\n|-damage|p1a: Umbreon|85\/100\n|\n|-end|p1a: Umbreon|move: Future Sight\n|-immune|p1a: Umbreon\n|-end|p2a: funny ditto squad|move: Future Sight\n|-resisted|p2a: funny ditto squad\n|-damage|p2a: funny ditto squad|48\/100\n|-heal|p2a: funny ditto squad|54\/100|[from] item: Leftovers\n|upkeep\n|turn|4\n|\n|t:|1698423586\n|move|p2a: funny ditto squad|Power Gem|p1a: Umbreon\n|-damage|p1a: Umbreon|70\/100\n|move|p1a: Umbreon|Toxic|p2a: funny ditto squad\n|move|p2a: funny ditto squad|Toxic|p1a: Umbreon|[from]ability: Magic Bounce\n|-status|p1a: Umbreon|tox\n|-activate|p1a: Umbreon|ability: Synchronize\n|-status|p2a: funny ditto squad|tox\n|\n|-heal|p2a: funny ditto squad|60\/100 tox|[from] item: Leftovers\n|-damage|p2a: funny ditto squad|54\/100 tox|[from] psn\n|-damage|p1a: Umbreon|64\/100 tox|[from] psn\n|upkeep\n|turn|5\n|\n|t:|1698423601\n|switch|p1a: Espeon|Espeon, F, shiny|80\/100\n|move|p2a: funny ditto squad|Power Gem|p1a: Espeon\n|-damage|p1a: Espeon|53\/100\n|\n|-heal|p2a: funny ditto squad|60\/100 tox|[from] item: Leftovers\n|-heal|p1a: Espeon|59\/100|[from] item: Leftovers\n|-damage|p2a: funny ditto squad|48\/100 tox|[from] psn\n|upkeep\n|turn|6\n|\n|t:|1698423612\n|move|p1a: Espeon|Future Sight|p2a: funny ditto squad\n|-start|p1a: Espeon|move: Future Sight\n|move|p2a: funny ditto squad|Power Gem|p1a: Espeon\n|-damage|p1a: Espeon|33\/100\n|\n|-heal|p2a: funny ditto squad|54\/100 tox|[from] item: Leftovers\n|-heal|p1a: Espeon|39\/100|[from] item: Leftovers\n|-damage|p2a: funny ditto squad|36\/100 tox|[from] psn\n|upkeep\n|turn|7\n|\n|t:|1698423628\n|move|p1a: Espeon|Protect|p1a: Espeon\n|-singleturn|p1a: Espeon|Protect\n|move|p2a: funny ditto squad|Future Sight|p1a: Espeon\n|-start|p2a: funny ditto squad|move: Future Sight\n|\n|-heal|p1a: Espeon|45\/100|[from] item: Leftovers\n|-heal|p2a: funny ditto squad|42\/100 tox|[from] item: Leftovers\n|-damage|p2a: funny ditto squad|18\/100 tox|[from] psn\n|upkeep\n|turn|8\n|\n|t:|1698423639\n|switch|p1a: Umbreon|Umbreon, F, shiny|64\/100 tox\n|move|p2a: funny ditto squad|Protect||[still]\n|-fail|p2a: funny ditto squad\n|\n|-end|p2a: funny ditto squad|move: Future Sight\n|-resisted|p2a: funny ditto squad\n|-damage|p2a: funny ditto squad|0 fnt\n|faint|p2a: funny ditto squad\n|-damage|p1a: Umbreon|58\/100 tox|[from] psn\n|upkeep\n|\n|t:|1698423651\n|switch|p2a: bob.|Ditto|100\/100\n|-transform|p2a: bob.|p1a: Umbreon|[from] ability: Imposter\n|turn|9\n|\n|t:|1698423670\n|move|p2a: bob.|Stored Power|p1a: Umbreon\n|-immune|p1a: Umbreon\n|move|p1a: Umbreon|Toxic|p2a: bob.\n|-status|p2a: bob.|tox\n|-activate|p2a: bob.|ability: Synchronize\n|-fail|p1a: Umbreon|tox\n|\n|-end|p1a: Umbreon|move: Future Sight\n|-immune|p1a: Umbreon\n|-damage|p2a: bob.|94\/100 tox|[from] psn\n|-damage|p1a: Umbreon|45\/100 tox|[from] psn\n|upkeep\n|turn|10\n|\n|t:|1698423691\n|switch|p1a: Sussy|Vaporeon, F, shiny|100\/100\n|move|p2a: bob.|Calm Mind|p2a: bob.\n|-boost|p2a: bob.|spa|1\n|-boost|p2a: bob.|spd|1\n|\n|-heal|p2a: bob.|100\/100 tox|[from] item: Leftovers\n|-damage|p2a: bob.|88\/100 tox|[from] psn\n|upkeep\n|turn|11\n|\n|t:|1698423700\n|move|p1a: Sussy|Acid Armor|p1a: Sussy\n|-boost|p1a: Sussy|def|2\n|move|p2a: bob.|Toxic|p1a: Sussy\n|-status|p1a: Sussy|tox\n|\n|-heal|p2a: bob.|94\/100 tox|[from] item: Leftovers\n|-damage|p2a: bob.|76\/100 tox|[from] psn\n|-damage|p1a: Sussy|94\/100 tox|[from] psn\n|upkeep\n|turn|12\n|\n|t:|1698423712\n|move|p2a: bob.|Calm Mind|p2a: bob.\n|-boost|p2a: bob.|spa|1\n|-boost|p2a: bob.|spd|1\n|move|p1a: Sussy|Rain Dance|p1a: Sussy\n|-weather|RainDance\n|\n|-weather|RainDance|[upkeep]\n|-activate|p1a: Sussy|ability: Hydration\n|-curestatus|p1a: Sussy|tox|[msg]\n|-heal|p2a: bob.|82\/100 tox|[from] item: Leftovers\n|-damage|p2a: bob.|58\/100 tox|[from] psn\n|upkeep\n|turn|13\n|\n|t:|1698423725\n|switch|p1a: Umbreon|Umbreon, F, shiny|45\/100 tox\n|move|p2a: bob.|Toxic|p1a: Umbreon\n|-fail|p1a: Umbreon|tox\n|\n|-weather|RainDance|[upkeep]\n|-heal|p2a: bob.|64\/100 tox|[from] item: Leftovers\n|-damage|p1a: Umbreon|39\/100 tox|[from] psn\n|-damage|p2a: bob.|34\/100 tox|[from] psn\n|upkeep\n|turn|14\n|\n|t:|1698423741\n|move|p1a: Umbreon|Moonlight|p1a: Umbreon\n|-heal|p1a: Umbreon|64\/100 tox\n|move|p2a: bob.|Moonlight|p2a: bob.\n|-heal|p2a: bob.|59\/100 tox\n|\n|-weather|RainDance|[upkeep]\n|-heal|p2a: bob.|65\/100 tox|[from] item: Leftovers\n|-damage|p1a: Umbreon|52\/100 tox|[from] psn\n|-damage|p2a: bob.|29\/100 tox|[from] psn\n|upkeep\n|turn|15\n|c|\u2606AkumaVerses|this team is bullshit why all dittos\n|\n|t:|1698423753\n|move|p2a: bob.|Moonlight|p2a: bob.\n|-heal|p2a: bob.|54\/100 tox\n|move|p1a: Umbreon|Moonlight|p1a: Umbreon\n|-heal|p1a: Umbreon|77\/100 tox\n|\n|-weather|RainDance|[upkeep]\n|-heal|p2a: bob.|60\/100 tox|[from] item: Leftovers\n|-damage|p1a: Umbreon|59\/100 tox|[from] psn\n|-damage|p2a: bob.|18\/100 tox|[from] psn\n|upkeep\n|turn|16\n|\n|t:|1698423773\n|move|p2a: bob.|Moonlight|p2a: bob.\n|-heal|p2a: bob.|43\/100 tox\n|move|p1a: Umbreon|Moonlight|p1a: Umbreon\n|-heal|p1a: Umbreon|83\/100 tox\n|\n|-weather|none\n|-heal|p2a: bob.|49\/100 tox|[from] item: Leftovers\n|-damage|p1a: Umbreon|59\/100 tox|[from] psn\n|-damage|p2a: bob.|1\/100 tox|[from] psn\n|upkeep\n|turn|17\n|\n|t:|1698423790\n|move|p2a: bob.|Moonlight|p2a: bob.\n|-heal|p2a: bob.|51\/100 tox\n|move|p1a: Umbreon|Moonlight|p1a: Umbreon\n|-heal|p1a: Umbreon|100\/100 tox\n|\n|-heal|p2a: bob.|57\/100 tox|[from] item: Leftovers\n|-damage|p1a: Umbreon|70\/100 tox|[from] psn\n|-damage|p2a: bob.|3\/100 tox|[from] psn\n|upkeep\n|turn|18\n|\n|t:|1698423799\n|move|p2a: bob.|Moonlight|p2a: bob.\n|-heal|p2a: bob.|53\/100 tox\n|move|p1a: Umbreon|Moonlight|p1a: Umbreon\n|-heal|p1a: Umbreon|100\/100 tox\n|\n|-heal|p2a: bob.|59\/100 tox|[from] item: Leftovers\n|-damage|p1a: Umbreon|64\/100 tox|[from] psn\n|-damage|p2a: bob.|0 fnt|[from] psn\n|faint|p2a: bob.\n|upkeep\n|\n|t:|1698423809\n|switch|p2a: imposter|Ditto|100\/100\n|-transform|p2a: imposter|p1a: Umbreon|[from] ability: Imposter\n|turn|19\n|c|\u2606AkumaVerses|fucking die ong\n|c|\u2606vexsff|its your own team\n|c|\u2606vexsff|dont complain\n|\n|t:|1698423822\n|move|p1a: Umbreon|Toxic|p2a: imposter\n|-status|p2a: imposter|tox\n|-activate|p2a: imposter|ability: Synchronize\n|-fail|p1a: Umbreon|tox\n|move|p2a: imposter|Calm Mind|p2a: imposter\n|-boost|p2a: imposter|spa|1\n|-boost|p2a: imposter|spd|1\n|\n|-damage|p1a: Umbreon|21\/100 tox|[from] psn\n|-damage|p2a: imposter|94\/100 tox|[from] psn\n|upkeep\n|turn|20\n|c|\u2606AkumaVerses|yea but dittos is fucking annoying\n|c|\u2606vexsff|its only as annoying as your own team is\n|\n|t:|1698423841\n|switch|p1a: Jolteon|Jolteon, F, shiny|100\/100\n|move|p2a: imposter|Calm Mind|p2a: imposter\n|-boost|p2a: imposter|spa|1\n|-boost|p2a: imposter|spd|1\n|\n|-heal|p2a: imposter|100\/100 tox|[from] item: Leftovers\n|-damage|p2a: imposter|88\/100 tox|[from] psn\n|upkeep\n|turn|21\n|c|\u2606AkumaVerses|you just copy other strats\n|\n|t:|1698423851\n|move|p1a: Jolteon|Agility|p1a: Jolteon\n|-boost|p1a: Jolteon|spe|2\n|move|p2a: imposter|Toxic|p1a: Jolteon\n|-status|p1a: Jolteon|tox\n|\n|-heal|p2a: imposter|94\/100 tox|[from] item: Leftovers\n|-damage|p1a: Jolteon|95\/100 tox|[from] psn\n|-damage|p2a: imposter|76\/100 tox|[from] psn\n|upkeep\n|turn|22\n|c|\u2606vexsff|yeah. that tway you have to put up with your own bs\n|\n|t:|1698423869\n|move|p1a: Jolteon|Agility|p1a: Jolteon\n|-boost|p1a: Jolteon|spe|2\n|move|p2a: imposter|Calm Mind|p2a: imposter\n|-boost|p2a: imposter|spa|1\n|-boost|p2a: imposter|spd|1\n|\n|-heal|p2a: imposter|82\/100 tox|[from] item: Leftovers\n|-damage|p1a: Jolteon|83\/100 tox|[from] psn\n|-damage|p2a: imposter|58\/100 tox|[from] psn\n|upkeep\n|turn|23\n|c|\u2606AkumaVerses|so you admit you can't stratigize?\n|inactive|Battle timer is ON: inactive players will automatically lose when time's up. (requested by AkumaVerses)\n|c|\u2606vexsff|no. i admit i have fun makeing people fight there own horribly annoying fights\n|\n|t:|1698423895\n|move|p1a: Jolteon|Baton Pass|p1a: Jolteon\n|\n|t:|1698423900\n|switch|p1a: Glaceon|Glaceon, F, shiny|100\/100|[from] Baton Pass\n|move|p2a: imposter|Moonlight|p2a: imposter\n|-heal|p2a: imposter|100\/100 tox\n|\n|-damage|p2a: imposter|70\/100 tox|[from] psn\n|upkeep\n|turn|24\n|\n|t:|1698423909\n|move|p1a: Glaceon|Snowscape|p1a: Glaceon\n|-weather|Snow\n|move|p2a: imposter|Toxic|p1a: Glaceon|[miss]\n|-miss|p2a: imposter|p1a: Glaceon\n|\n|-weather|Snow|[upkeep]\n|-heal|p2a: imposter|76\/100 tox|[from] item: Leftovers\n|-damage|p2a: imposter|40\/100 tox|[from] psn\n|upkeep\n|turn|25\n|\n|t:|1698423918\n|switch|p2a: among us|Ditto|100\/100\n|-transform|p2a: among us|p1a: Glaceon|[from] ability: Imposter\n|move|p1a: Glaceon|Stored Power|p2a: among us\n|-damage|p2a: among us|67\/100\n|\n|-weather|Snow|[upkeep]\n|-heal|p2a: among us|73\/100|[from] item: Leftovers\n|upkeep\n|turn|26\n|\n|t:|1698423936\n|move|p1a: Glaceon|Stored Power|p2a: among us\n|-damage|p2a: among us|41\/100\n|move|p2a: among us|Blizzard|p1a: Glaceon\n|-resisted|p1a: Glaceon\n|-damage|p1a: Glaceon|74\/100\n|\n|-weather|Snow|[upkeep]\n|-heal|p2a: among us|47\/100|[from] item: Leftovers\n|upkeep\n|turn|27\n|\n|t:|1698423951\n|move|p1a: Glaceon|Stored Power|p2a: among us\n|-damage|p2a: among us|13\/100\n|move|p2a: among us|Stored Power|p1a: Glaceon\n|-damage|p1a: Glaceon|45\/100\n|\n|-weather|Snow|[upkeep]\n|-heal|p2a: among us|19\/100|[from] item: Leftovers\n|upkeep\n|turn|28\n|\n|t:|1698423962\n|move|p1a: Glaceon|Stored Power|p2a: among us|[miss]\n|-miss|p1a: Glaceon|p2a: among us\n|move|p2a: among us|Stored Power|p1a: Glaceon\n|-damage|p1a: Glaceon|11\/100\n|\n|-weather|Snow|[upkeep]\n|-heal|p2a: among us|25\/100|[from] item: Leftovers\n|upkeep\n|turn|29\n|\n|t:|1698423969\n|move|p2a: among us|Stored Power|p1a: Glaceon\n|-damage|p1a: Glaceon|0 fnt\n|faint|p1a: Glaceon\n|\n|-weather|Snow|[upkeep]\n|-heal|p2a: among us|31\/100|[from] item: Leftovers\n|upkeep\n|\n|t:|1698423977\n|switch|p1a: Umbreon|Umbreon, F, shiny|21\/100 tox\n|turn|30\n|\n|t:|1698423980\n|move|p2a: among us|Stored Power|p1a: Umbreon\n|-immune|p1a: Umbreon\n|move|p1a: Umbreon|Toxic|p2a: among us|[miss]\n|-miss|p1a: Umbreon|p2a: among us\n|\n|-weather|Snow|[upkeep]\n|-heal|p2a: among us|37\/100|[from] item: Leftovers\n|-damage|p1a: Umbreon|15\/100 tox|[from] psn\n|upkeep\n|turn|31\n|\n|t:|1698423990\n|move|p2a: among us|Blizzard|p1a: Umbreon\n|-damage|p1a: Umbreon|0 fnt\n|faint|p1a: Umbreon\n|\n|-weather|none\n|-heal|p2a: among us|43\/100|[from] item: Leftovers\n|upkeep\n|\n|t:|1698423996\n|switch|p1a: Sussy|Vaporeon, F, shiny|94\/100\n|turn|32\n|\n|t:|1698424003\n|move|p2a: among us|Stored Power|p1a: Sussy\n|-damage|p1a: Sussy|70\/100\n|move|p1a: Sussy|Acid Armor|p1a: Sussy\n|-boost|p1a: Sussy|def|2\n|\n|-heal|p2a: among us|49\/100|[from] item: Leftovers\n|upkeep\n|turn|33\n|\n|t:|1698424011\n|move|p2a: among us|Blizzard|p1a: Sussy|[miss]\n|-miss|p2a: among us|p1a: Sussy\n|move|p1a: Sussy|Baton Pass|p1a: Sussy\n|\n|t:|1698424020\n|switch|p1a: Jolteon|Jolteon, F, shiny|83\/100 tox|[from] Baton Pass\n|\n|-heal|p2a: among us|56\/100|[from] item: Leftovers\n|-damage|p1a: Jolteon|77\/100 tox|[from] psn\n|upkeep\n|turn|34\n|\n|t:|1698424028\n|-terastallize|p1a: Jolteon|Ghost\n|move|p2a: among us|Snowscape|p2a: among us\n|-weather|Snow\n|move|p1a: Jolteon|Curse|p2a: among us\n|-start|p2a: among us|Curse|[of] p1a: Jolteon\n|-damage|p1a: Jolteon|27\/100 tox\n|\n|-weather|Snow|[upkeep]\n|-heal|p2a: among us|61\/100|[from] item: Leftovers\n|-damage|p1a: Jolteon|15\/100 tox|[from] psn\n|-damage|p2a: among us|36\/100|[from] Curse\n|upkeep\n|turn|35\n|\n|t:|1698424040\n|move|p2a: among us|Blizzard|p1a: Jolteon\n|-damage|p1a: Jolteon|0 fnt\n|faint|p1a: Jolteon\n|\n|-weather|Snow|[upkeep]\n|-heal|p2a: among us|42\/100|[from] item: Leftovers\n|-damage|p2a: among us|17\/100|[from] Curse\n|upkeep\n|\n|t:|1698424047\n|switch|p1a: Sussy|Vaporeon, F, shiny|70\/100\n|turn|36\n|\n|t:|1698424051\n|move|p2a: among us|Blizzard|p1a: Sussy\n|-resisted|p1a: Sussy\n|-damage|p1a: Sussy|53\/100\n|move|p1a: Sussy|Rain Dance|p1a: Sussy\n|-weather|RainDance\n|\n|-weather|RainDance|[upkeep]\n|-heal|p2a: among us|23\/100|[from] item: Leftovers\n|-damage|p2a: among us|0 fnt|[from] Curse\n|faint|p2a: among us\n|upkeep\n|\n|t:|1698424062\n|switch|p2a: imposter|Ditto|40\/100 tox\n|-transform|p2a: imposter|p1a: Sussy|[from] ability: Imposter\n|turn|37\n|\n|t:|1698424068\n|move|p2a: imposter|Hydro Pump|p1a: Sussy\n|-resisted|p1a: Sussy\n|-damage|p1a: Sussy|31\/100\n|move|p1a: Sussy|Acid Armor|p1a: Sussy\n|-boost|p1a: Sussy|def|2\n|\n|-weather|RainDance|[upkeep]\n|-activate|p2a: imposter|ability: Hydration\n|-curestatus|p2a: imposter|tox|[msg]\n|-heal|p2a: imposter|46\/100|[from] item: Leftovers\n|upkeep\n|turn|38\n|\n|t:|1698424081\n|move|p1a: Sussy|Acid Armor|p1a: Sussy\n|-boost|p1a: Sussy|def|2\n|move|p2a: imposter|Hydro Pump|p1a: Sussy|[miss]\n|-miss|p2a: imposter|p1a: Sussy\n|\n|-weather|RainDance|[upkeep]\n|-heal|p2a: imposter|52\/100|[from] item: Leftovers\n|upkeep\n|turn|39\n|\n|t:|1698424089\n|switch|p2a: jerry.|Ditto|100\/100\n|-transform|p2a: jerry.|p1a: Sussy|[from] ability: Imposter\n|move|p1a: Sussy|Baton Pass|p1a: Sussy\n|\n|t:|1698424097\n|switch|p1a: Sylveon|Sylveon, F, shiny|100\/100|[from] Baton Pass\n|\n|-weather|RainDance|[upkeep]\n|upkeep\n|turn|40\n|\n|t:|1698424103\n|move|p2a: jerry.|Hydro Pump|p1a: Sylveon\n|-damage|p1a: Sylveon|61\/100\n|move|p1a: Sylveon|Calm Mind|p1a: Sylveon\n|-boost|p1a: Sylveon|spa|1\n|-boost|p1a: Sylveon|spd|1\n|\n|-weather|none\n|upkeep\n|turn|41\n|\n|t:|1698424111\n|move|p2a: jerry.|Hydro Pump|p1a: Sylveon\n|-damage|p1a: Sylveon|43\/100\n|move|p1a: Sylveon|Draining Kiss|p2a: jerry.\n|-damage|p2a: jerry.|64\/100\n|-heal|p1a: Sylveon|64\/100|[from] drain|[of] p2a: jerry.\n|\n|-heal|p2a: jerry.|70\/100|[from] item: Leftovers\n|upkeep\n|turn|42\n|\n|t:|1698424121\n|switch|p2a: jeff.|Ditto|100\/100\n|-transform|p2a: jeff.|p1a: Sylveon|[from] ability: Imposter\n|move|p1a: Sylveon|Draining Kiss|p2a: jeff.\n|-damage|p2a: jeff.|84\/100\n|-heal|p1a: Sylveon|73\/100|[from] drain|[of] p2a: jeff.\n|\n|-heal|p2a: jeff.|90\/100|[from] item: Leftovers\n|upkeep\n|turn|43\n|\n|t:|1698424134\n|move|p2a: jeff.|Hyper Voice|p1a: Sylveon\n|-damage|p1a: Sylveon|44\/100\n|move|p1a: Sylveon|Calm Mind|p1a: Sylveon\n|-boost|p1a: Sylveon|spa|1\n|-boost|p1a: Sylveon|spd|1\n|\n|-heal|p2a: jeff.|96\/100|[from] item: Leftovers\n|upkeep\n|turn|44\n|\n|t:|1698424141\n|move|p1a: Sylveon|Draining Kiss|p2a: jeff.\n|-damage|p2a: jeff.|71\/100\n|-heal|p1a: Sylveon|58\/100|[from] drain|[of] p2a: jeff.\n|move|p2a: jeff.|Hyper Voice|p1a: Sylveon\n|-damage|p1a: Sylveon|36\/100\n|\n|-heal|p2a: jeff.|77\/100|[from] item: Leftovers\n|upkeep\n|turn|45\n|\n|t:|1698424150\n|move|p1a: Sylveon|Draining Kiss|p2a: jeff.\n|-damage|p2a: jeff.|53\/100\n|-heal|p1a: Sylveon|50\/100|[from] drain|[of] p2a: jeff.\n|move|p2a: jeff.|Hyper Voice|p1a: Sylveon\n|-damage|p1a: Sylveon|29\/100\n|\n|-heal|p2a: jeff.|59\/100|[from] item: Leftovers\n|upkeep\n|turn|46\n|\n|t:|1698424160\n|move|p1a: Sylveon|Baton Pass|p1a: Sylveon\n|\n|t:|1698424161\n|switch|p1a: Espeon|Espeon, F, shiny|45\/100|[from] Baton Pass\n|move|p2a: jeff.|Draining Kiss|p1a: Espeon\n|-damage|p1a: Espeon|31\/100\n|-heal|p2a: jeff.|71\/100|[from] drain|[of] p1a: Espeon\n|\n|-heal|p1a: Espeon|37\/100|[from] item: Leftovers\n|-heal|p2a: jeff.|77\/100|[from] item: Leftovers\n|upkeep\n|turn|47\n|\n|t:|1698424172\n|move|p1a: Espeon|Stored Power|p2a: jeff.\n|-damage|p2a: jeff.|0 fnt\n|faint|p2a: jeff.\n|\n|-heal|p1a: Espeon|43\/100|[from] item: Leftovers\n|upkeep\n|\n|t:|1698424178\n|switch|p2a: jerry.|Ditto|70\/100\n|-transform|p2a: jerry.|p1a: Espeon|[from] ability: Imposter\n|turn|48\n|\n|t:|1698424187\n|move|p1a: Espeon|Protect|p1a: Espeon\n|-singleturn|p1a: Espeon|Protect\n|move|p2a: jerry.|Future Sight|p1a: Espeon\n|-start|p2a: jerry.|move: Future Sight\n|\n|-heal|p2a: jerry.|76\/100|[from] item: Leftovers\n|-heal|p1a: Espeon|49\/100|[from] item: Leftovers\n|upkeep\n|turn|49\n|\n|t:|1698424195\n|move|p2a: jerry.|Power Gem|p1a: Espeon\n|-damage|p1a: Espeon|24\/100\n|move|p1a: Espeon|Future Sight|p2a: jerry.\n|-start|p1a: Espeon|move: Future Sight\n|\n|-heal|p2a: jerry.|82\/100|[from] item: Leftovers\n|-heal|p1a: Espeon|30\/100|[from] item: Leftovers\n|upkeep\n|turn|50\n|\n|t:|1698424202\n|move|p1a: Espeon|Protect|p1a: Espeon\n|-singleturn|p1a: Espeon|Protect\n|move|p2a: jerry.|Protect||[still]\n|-fail|p2a: jerry.\n|\n|-end|p1a: Espeon|move: Future Sight\n|-resisted|p1a: Espeon\n|-crit|p1a: Espeon\n|-damage|p1a: Espeon|0 fnt\n|faint|p1a: Espeon\n|-heal|p2a: jerry.|88\/100|[from] item: Leftovers\n|upkeep\n|\n|t:|1698424212\n|switch|p1a: Sylveon|Sylveon, F, shiny|29\/100\n|turn|51\n|\n|t:|1698424217\n|move|p2a: jerry.|Power Gem|p1a: Sylveon\n|-damage|p1a: Sylveon|0 fnt\n|faint|p1a: Sylveon\n|\n|-end|p2a: jerry.|move: Future Sight\n|-resisted|p2a: jerry.\n|-damage|p2a: jerry.|72\/100\n|-heal|p2a: jerry.|78\/100|[from] item: Leftovers\n|upkeep\n|-message|AkumaVerses forfeited.\n|\n|win|vexsff\n|raw|AkumaVerses's rating: 1113 &rarr; <strong>1093<\/strong><br \/>(-20 for losing)\n|raw|vexsff's rating: 1181 &rarr; <strong>1201<\/strong><br \/>(+20 for winning)\n","uploadtime":1698423811,"views":3,"p1id":"akumaverses","p2id":"vexsff","formatid":"gen9anythinggoes","rating":1093,"private":0,"password":""}