{"id":"gen9anythinggoes-1980192763","p1":"pokeauraburst$-&","p2":"GigaBytes7","format":"[Gen 9] Anything Goes","log":"|j|\u2606pokeauraburst$-&\n|j|\u2606GigaBytes7\n|t:|1698765197\n|gametype|singles\n|player|p1|pokeauraburst$-&|red|1643\n|player|p2|GigaBytes7|elaine|1760\n|teamsize|p1|6\n|teamsize|p2|6\n|gen|9\n|tier|[Gen 9] Anything Goes\n|rated|\n|rule|HP Percentage Mod: HP is shown in percentages\n|rule|Endless Battle Clause: Forcing endless battles is banned\n|clearpoke\n|poke|p1|Miraidon|\n|poke|p1|Koraidon|\n|poke|p1|Ting-Lu|\n|poke|p1|Skeledirge, M|\n|poke|p1|Calyrex-Shadow|\n|poke|p1|Arceus-Poison|\n|poke|p2|Koraidon|\n|poke|p2|Miraidon|\n|poke|p2|Ting-Lu|\n|poke|p2|Calyrex-Shadow|\n|poke|p2|Arceus|\n|poke|p2|Arceus-Water|\n|teampreview\n|inactive|Battle timer is ON: inactive players will automatically lose when time's up. (requested by GigaBytes7)\n|j| GastrodonRosa\n|c|\u2606pokeauraburst$-&|Glhf\n|c|\u2606GigaBytes7|u2\n|c|\u2606pokeauraburst$-&|Wait it's you l\n|c|\u2606GigaBytes7|what about me\n|\n|t:|1698765220\n|start\n|switch|p1a: Koraidon|Koraidon|100\/100\n|switch|p2a: Koraidon|Koraidon|100\/100\n|-weather|SunnyDay|[from] ability: Orichalcum Pulse|[of] p2a: Koraidon\n|-activate|p2a: Koraidon|Orichalcum Pulse|[source]\n|-activate|p1a: Koraidon|ability: Orichalcum Pulse\n|turn|1\n|\n|t:|1698765232\n|switch|p1a: Skeledirge|Skeledirge, M|100\/100\n|move|p2a: Koraidon|U-turn|p1a: Skeledirge\n|-resisted|p1a: Skeledirge\n|-damage|p1a: Skeledirge|95\/100\n|\n|t:|1698765234\n|switch|p2a: Calyrex|Calyrex-Shadow|100\/100|[from] U-turn\n|-ability|p2a: Calyrex|As One\n|-ability|p2a: Calyrex|Unnerve\n|\n|-weather|SunnyDay|[upkeep]\n|upkeep\n|turn|2\n|\n|t:|1698765239\n|switch|p1a: Ting-Lu|Ting-Lu|100\/100\n|-ability|p1a: Ting-Lu|Vessel of Ruin\n|move|p2a: Calyrex|Grass Knot|p1a: Ting-Lu\n|-supereffective|p1a: Ting-Lu\n|-damage|p1a: Ting-Lu|59\/100\n|\n|-weather|SunnyDay|[upkeep]\n|-heal|p1a: Ting-Lu|65\/100|[from] item: Leftovers\n|upkeep\n|turn|3\n|\n|t:|1698765243\n|switch|p2a: Koraidon|Koraidon|100\/100\n|-activate|p2a: Koraidon|ability: Orichalcum Pulse\n|switch|p1a: Arceus|Arceus-Poison|100\/100\n|\n|-weather|SunnyDay|[upkeep]\n|upkeep\n|turn|4\n|\n|t:|1698765246\n|move|p2a: Koraidon|U-turn|p1a: Arceus\n|-resisted|p1a: Arceus\n|-damage|p1a: Arceus|90\/100\n|\n|t:|1698765248\n|switch|p2a: Miraidon|Miraidon|100\/100|[from] U-turn\n|-fieldstart|move: Electric Terrain|[from] ability: Hadron Engine|[of] p2a: Miraidon\n|move|p1a: Arceus|Will-O-Wisp|p2a: Miraidon\n|-status|p2a: Miraidon|brn\n|\n|-weather|SunnyDay|[upkeep]\n|-damage|p2a: Miraidon|94\/100 brn|[from] brn\n|upkeep\n|turn|5\n|\n|t:|1698765255\n|move|p2a: Miraidon|Draco Meteor|p1a: Arceus\n|-damage|p1a: Arceus|21\/100\n|-unboost|p2a: Miraidon|spa|2\n|move|p1a: Arceus|Stealth Rock|p2a: Miraidon\n|-sidestart|p2: GigaBytes7|move: Stealth Rock\n|\n|-weather|none\n|-damage|p2a: Miraidon|88\/100 brn|[from] brn\n|upkeep\n|turn|6\n|\n|t:|1698765263\n|move|p2a: Miraidon|Draco Meteor|p1a: Arceus\n|-damage|p1a: Arceus|0 fnt\n|-unboost|p2a: Miraidon|spa|2\n|faint|p1a: Arceus\n|\n|-damage|p2a: Miraidon|82\/100 brn|[from] brn\n|upkeep\n|\n|t:|1698765270\n|switch|p1a: Ting-Lu|Ting-Lu|65\/100\n|-ability|p1a: Ting-Lu|Vessel of Ruin\n|turn|7\n|\n|t:|1698765273\n|switch|p2a: Koraidon|Koraidon|100\/100\n|-damage|p2a: Koraidon|94\/100|[from] Stealth Rock\n|-weather|SunnyDay|[from] ability: Orichalcum Pulse|[of] p2a: Koraidon\n|-activate|p2a: Koraidon|Orichalcum Pulse|[source]\n|move|p1a: Ting-Lu|Spikes|p2a: Koraidon\n|-sidestart|p2: GigaBytes7|Spikes\n|\n|-weather|SunnyDay|[upkeep]\n|-heal|p1a: Ting-Lu|71\/100|[from] item: Leftovers\n|upkeep\n|turn|8\n|\n|t:|1698765279\n|-terastallize|p1a: Ting-Lu|Poison\n|move|p2a: Koraidon|U-turn|p1a: Ting-Lu\n|-resisted|p1a: Ting-Lu\n|-crit|p1a: Ting-Lu\n|-damage|p1a: Ting-Lu|58\/100\n|\n|t:|1698765282\n|switch|p2a: Calyrex|Calyrex-Shadow|100\/100|[from] U-turn\n|-ability|p2a: Calyrex|As One\n|-ability|p2a: Calyrex|Unnerve\n|move|p1a: Ting-Lu|Spikes|p2a: Calyrex\n|-sidestart|p2: GigaBytes7|Spikes\n|\n|-weather|SunnyDay|[upkeep]\n|-heal|p1a: Ting-Lu|64\/100|[from] item: Leftovers\n|-fieldend|move: Electric Terrain\n|upkeep\n|turn|9\n|\n|t:|1698765289\n|move|p2a: Calyrex|Psyshock|p1a: Ting-Lu\n|-supereffective|p1a: Ting-Lu\n|-damage|p1a: Ting-Lu|23\/100\n|move|p1a: Ting-Lu|Spikes|p2a: Calyrex\n|-sidestart|p2: GigaBytes7|Spikes\n|\n|-weather|SunnyDay|[upkeep]\n|-heal|p1a: Ting-Lu|29\/100|[from] item: Leftovers\n|upkeep\n|turn|10\n|\n|t:|1698765294\n|switch|p1a: Calyrex|Calyrex-Shadow|100\/100\n|-ability|p1a: Calyrex|As One\n|-ability|p1a: Calyrex|Unnerve\n|move|p2a: Calyrex|Psyshock|p1a: Calyrex\n|-resisted|p1a: Calyrex\n|-damage|p1a: Calyrex|71\/100\n|\n|-weather|SunnyDay|[upkeep]\n|upkeep\n|turn|11\n|\n|t:|1698765302\n|switch|p2a: Ting-Lu|Ting-Lu|100\/100\n|-damage|p2a: Ting-Lu|94\/100|[from] Stealth Rock\n|-damage|p2a: Ting-Lu|69\/100|[from] Spikes\n|-ability|p2a: Ting-Lu|Vessel of Ruin\n|switch|p1a: Ting-Lu|Ting-Lu, tera:Poison|29\/100\n|-ability|p1a: Ting-Lu|Vessel of Ruin\n|\n|-weather|none\n|-heal|p2a: Ting-Lu|76\/100|[from] item: Leftovers\n|-heal|p1a: Ting-Lu|35\/100|[from] item: Leftovers\n|upkeep\n|turn|12\n|\n|t:|1698765308\n|switch|p1a: Koraidon|Koraidon|100\/100\n|-weather|SunnyDay|[from] ability: Orichalcum Pulse|[of] p1a: Koraidon\n|-activate|p1a: Koraidon|Orichalcum Pulse|[source]\n|move|p2a: Ting-Lu|Earthquake|p1a: Koraidon\n|-crit|p1a: Koraidon\n|-damage|p1a: Koraidon|52\/100\n|\n|-weather|SunnyDay|[upkeep]\n|-heal|p2a: Ting-Lu|82\/100|[from] item: Leftovers\n|upkeep\n|turn|13\n|\n|t:|1698765321\n|switch|p2a: Arceus|Arceus-Water|100\/100\n|-damage|p2a: Arceus|88\/100|[from] Stealth Rock\n|-damage|p2a: Arceus|63\/100|[from] Spikes\n|move|p1a: Koraidon|U-turn|p2a: Arceus\n|-damage|p2a: Arceus|47\/100\n|\n|t:|1698765327\n|switch|p1a: Miraidon|Miraidon|100\/100|[from] U-turn\n|-fieldstart|move: Electric Terrain|[from] ability: Hadron Engine|[of] p1a: Miraidon\n|\n|-weather|SunnyDay|[upkeep]\n|upkeep\n|turn|14\n|\n|t:|1698765333\n|switch|p2a: Ting-Lu|Ting-Lu|82\/100\n|-damage|p2a: Ting-Lu|76\/100|[from] Stealth Rock\n|-damage|p2a: Ting-Lu|51\/100|[from] Spikes\n|-ability|p2a: Ting-Lu|Vessel of Ruin\n|move|p1a: Miraidon|Solar Beam||[still]\n|-prepare|p1a: Miraidon|Solar Beam\n|-anim|p1a: Miraidon|Solar Beam|p2a: Ting-Lu\n|-supereffective|p2a: Ting-Lu\n|-damage|p2a: Ting-Lu|1\/100\n|\n|-weather|SunnyDay|[upkeep]\n|-heal|p2a: Ting-Lu|7\/100|[from] item: Leftovers\n|upkeep\n|turn|15\n|c|\u2606pokeauraburst$-&|Hehe\n|c|\u2606GigaBytes7|ow\n|\n|t:|1698765343\n|switch|p2a: Koraidon|Koraidon|94\/100\n|-damage|p2a: Koraidon|88\/100|[from] Stealth Rock\n|-damage|p2a: Koraidon|63\/100|[from] Spikes\n|-activate|p2a: Koraidon|ability: Orichalcum Pulse\n|move|p1a: Miraidon|Solar Beam||[still]\n|-prepare|p1a: Miraidon|Solar Beam\n|-anim|p1a: Miraidon|Solar Beam|p2a: Koraidon\n|-resisted|p2a: Koraidon\n|-damage|p2a: Koraidon|33\/100\n|\n|-weather|SunnyDay|[upkeep]\n|upkeep\n|turn|16\n|c|\u2606GigaBytes7|i really need hazard controlk\n|\n|t:|1698765361\n|switch|p1a: Skeledirge|Skeledirge, M|95\/100\n|move|p2a: Koraidon|Outrage|p1a: Skeledirge\n|-damage|p1a: Skeledirge|40\/100\n|\n|-weather|none\n|upkeep\n|turn|17\n|\n|t:|1698765374\n|move|p2a: Koraidon|Outrage|p1a: Skeledirge|[from]lockedmove\n|-damage|p1a: Skeledirge|5\/100\n|move|p1a: Skeledirge|Will-O-Wisp|p2a: Koraidon\n|-status|p2a: Koraidon|brn\n|\n|-damage|p2a: Koraidon|27\/100 brn|[from] brn\n|-fieldend|move: Electric Terrain\n|upkeep\n|turn|18\n|c|\u2606GigaBytes7|damn\n|c|\u2606GigaBytes7|low roll\n|\n|t:|1698765380\n|move|p2a: Koraidon|Outrage|p1a: Skeledirge|[from]lockedmove\n|-damage|p1a: Skeledirge|0 fnt\n|faint|p1a: Skeledirge\n|-start|p2a: Koraidon|confusion|[fatigue]\n|\n|-damage|p2a: Koraidon|21\/100 brn|[from] brn\n|upkeep\n|\n|t:|1698765389\n|switch|p1a: Calyrex|Calyrex-Shadow|71\/100\n|-ability|p1a: Calyrex|As One\n|-ability|p1a: Calyrex|Unnerve\n|turn|19\n|\n|t:|1698765396\n|-activate|p2a: Koraidon|confusion\n|move|p2a: Koraidon|Outrage|p1a: Calyrex\n|-damage|p1a: Calyrex|30\/100\n|move|p1a: Calyrex|Grass Knot|p2a: Koraidon\n|-resisted|p2a: Koraidon\n|-damage|p2a: Koraidon|0 fnt\n|faint|p2a: Koraidon\n|-ability|p1a: Calyrex|Grim Neigh|boost\n|-boost|p1a: Calyrex|spa|1\n|\n|upkeep\n|\n|t:|1698765399\n|switch|p2a: Arceus|Arceus|100\/100\n|turn|20\n|\n|t:|1698765404\n|move|p1a: Calyrex|Grass Knot|p2a: Arceus\n|-damage|p2a: Arceus|54\/100\n|move|p2a: Arceus|Shadow Claw|p1a: Calyrex\n|-supereffective|p1a: Calyrex\n|-damage|p1a: Calyrex|0 fnt\n|faint|p1a: Calyrex\n|\n|upkeep\n|\n|t:|1698765410\n|switch|p1a: Miraidon|Miraidon|100\/100\n|-fieldstart|move: Electric Terrain|[from] ability: Hadron Engine|[of] p1a: Miraidon\n|turn|21\n|\n|t:|1698765414\n|switch|p2a: Ting-Lu|Ting-Lu|7\/100\n|-damage|p2a: Ting-Lu|1\/100|[from] Stealth Rock\n|-damage|p2a: Ting-Lu|0 fnt|[from] Spikes\n|faint|p2a: Ting-Lu\n|move|p1a: Miraidon|Electro Drift|p2: Ting-Lu|[notarget]\n|-fail|p1a: Miraidon\n|\n|upkeep\n|\n|t:|1698765420\n|switch|p2a: Miraidon|Miraidon|82\/100 brn\n|-damage|p2a: Miraidon|70\/100 brn|[from] Stealth Rock\n|-damage|p2a: Miraidon|45\/100 brn|[from] Spikes\n|-activate|p2a: Miraidon|ability: Hadron Engine\n|turn|22\n|\n|t:|1698765425\n|switch|p1a: Ting-Lu|Ting-Lu, tera:Poison|35\/100\n|-ability|p1a: Ting-Lu|Vessel of Ruin\n|move|p2a: Miraidon|Volt Switch|p1a: Ting-Lu\n|-damage|p1a: Ting-Lu|0 fnt\n|faint|p1a: Ting-Lu\n|\n|t:|1698765430\n|switch|p2a: Arceus|Arceus-Water|47\/100|[from] Volt Switch\n|-damage|p2a: Arceus|34\/100|[from] Stealth Rock\n|-damage|p2a: Arceus|9\/100|[from] Spikes\n|\n|upkeep\n|\n|t:|1698765434\n|switch|p1a: Koraidon|Koraidon|52\/100\n|-weather|SunnyDay|[from] ability: Orichalcum Pulse|[of] p1a: Koraidon\n|-activate|p1a: Koraidon|Orichalcum Pulse|[source]\n|turn|23\n|\n|t:|1698765440\n|move|p1a: Koraidon|U-turn|p2a: Arceus\n|-damage|p2a: Arceus|0 fnt\n|faint|p2a: Arceus\n|\n|t:|1698765442\n|switch|p1a: Miraidon|Miraidon|100\/100|[from] U-turn\n|-activate|p1a: Miraidon|ability: Hadron Engine\n|\n|-weather|SunnyDay|[upkeep]\n|upkeep\n|\n|t:|1698765451\n|switch|p2a: Calyrex|Calyrex-Shadow|100\/100\n|-ability|p2a: Calyrex|As One\n|-ability|p2a: Calyrex|Unnerve\n|turn|24\n|\n|t:|1698765460\n|move|p2a: Calyrex|Astral Barrage|p1a: Miraidon\n|-damage|p1a: Miraidon|38\/100\n|move|p1a: Miraidon|Electro Drift|p2a: Calyrex\n|-damage|p2a: Calyrex|12\/100\n|\n|-weather|SunnyDay|[upkeep]\n|upkeep\n|turn|25\n|\n|t:|1698765464\n|move|p2a: Calyrex|Astral Barrage|p1a: Miraidon\n|-damage|p1a: Miraidon|0 fnt\n|faint|p1a: Miraidon\n|-ability|p2a: Calyrex|Grim Neigh|boost\n|-boost|p2a: Calyrex|spa|1\n|\n|-weather|SunnyDay|[upkeep]\n|-fieldend|move: Electric Terrain\n|upkeep\n|\n|t:|1698765466\n|switch|p1a: Koraidon|Koraidon|52\/100\n|-activate|p1a: Koraidon|ability: Orichalcum Pulse\n|turn|26\n|\n|t:|1698765484\n|move|p1a: Koraidon|Flare Blitz|p2a: Calyrex\n|-damage|p2a: Calyrex|0 fnt\n|faint|p2a: Calyrex\n|-damage|p1a: Koraidon|48\/100|[from] Recoil\n|\n|-weather|SunnyDay|[upkeep]\n|upkeep\n|\n|t:|1698765487\n|switch|p2a: Miraidon|Miraidon|45\/100 brn\n|-damage|p2a: Miraidon|32\/100 brn|[from] Stealth Rock\n|-damage|p2a: Miraidon|8\/100 brn|[from] Spikes\n|-fieldstart|move: Electric Terrain|[from] ability: Hadron Engine|[of] p2a: Miraidon\n|turn|27\n|\n|t:|1698765490\n|move|p1a: Koraidon|Flare Blitz|p2a: Miraidon\n|-resisted|p2a: Miraidon\n|-damage|p2a: Miraidon|0 fnt\n|faint|p2a: Miraidon\n|-damage|p1a: Koraidon|46\/100|[from] Recoil\n|\n|-weather|none\n|upkeep\n|\n|t:|1698765493\n|switch|p2a: Arceus|Arceus|54\/100\n|turn|28\n|\n|t:|1698765495\n|move|p1a: Koraidon|Flare Blitz|p2a: Arceus\n|-damage|p2a: Arceus|24\/100\n|-damage|p1a: Koraidon|33\/100|[from] Recoil\n|move|p2a: Arceus|Recover|p2a: Arceus\n|-heal|p2a: Arceus|74\/100\n|\n|upkeep\n|turn|29\n|\n|t:|1698765500\n|move|p2a: Arceus|Extreme Speed|p1a: Koraidon\n|-damage|p1a: Koraidon|0 fnt\n|faint|p1a: Koraidon\n|\n|win|GigaBytes7\n|raw|pokeauraburst$-&amp;'s rating: 1643 &rarr; <strong>1629<\/strong><br \/>(-14 for losing)\n|raw|GigaBytes7's rating: 1760 &rarr; <strong>1774<\/strong><br \/>(+14 for winning)\n|c|\u2606GigaBytes7|gg\n|c|\u2606pokeauraburst$-&|Wp\n|c|\u2606GigaBytes7|u2\n","uploadtime":1698765508,"views":8,"p1id":"pokeauraburst","p2id":"gigabytes7","formatid":"gen9anythinggoes","rating":1629,"private":0,"password":""}