{"id":"gen9anythinggoes-1973940484","p1":"BillTheThrill42","p2":"ValidJohnSmith","format":"[Gen 9] Anything Goes","log":"|j|\u2606BillTheThrill42\n|j|\u2606ValidJohnSmith\n|t:|1698030657\n|gametype|singles\n|player|p1|BillTheThrill42|red|\n|player|p2|ValidJohnSmith|n|\n|teamsize|p1|6\n|teamsize|p2|6\n|gen|9\n|tier|[Gen 9] Anything Goes\n|rule|HP Percentage Mod: HP is shown in percentages\n|rule|Endless Battle Clause: Forcing endless battles is banned\n|clearpoke\n|poke|p1|Iron Valiant|\n|poke|p1|Palafin, M|\n|poke|p1|Pelipper, F|\n|poke|p1|Overqwil, M|\n|poke|p1|Donphan, M|\n|poke|p1|Perrserker, M|\n|poke|p2|Great Tusk|\n|poke|p2|Gholdengo|\n|poke|p2|Samurott-Hisui, F|\n|poke|p2|Slowbro-Galar, M|\n|poke|p2|Dudunsparce-*, F|\n|poke|p2|Revavroom, M|\n|teampreview\n|\n|t:|1698030718\n|start\n|switch|p1a: Phyllis|Pelipper, F|100\/100\n|switch|p2a: Samurott|Samurott-Hisui, F, shiny|100\/100\n|-weather|RainDance|[from] ability: Drizzle|[of] p1a: Phyllis\n|turn|1\n|\n|t:|1698030728\n|move|p2a: Samurott|Ceaseless Edge|p1a: Phyllis\n|-damage|p1a: Phyllis|66\/100\n|-sidestart|p1: BillTheThrill42|Spikes\n|move|p1a: Phyllis|U-turn|p2a: Samurott\n|-supereffective|p2a: Samurott\n|-damage|p2a: Samurott|81\/100\n|\n|t:|1698030755\n|switch|p1a: Delfender|Palafin, M|100\/100|[from] U-turn\n|-damage|p1a: Delfender|88\/100|[from] Spikes\n|\n|-weather|RainDance|[upkeep]\n|upkeep\n|turn|2\n|\n|t:|1698030765\n|move|p1a: Delfender|Drain Punch|p2a: Samurott\n|-supereffective|p2a: Samurott\n|-damage|p2a: Samurott|9\/100\n|-heal|p1a: Delfender|100\/100|[from] drain|[of] p2a: Samurott\n|move|p2a: Samurott|Ceaseless Edge|p1a: Delfender|[miss]\n|-miss|p2a: Samurott|p1a: Delfender\n|\n|-weather|RainDance|[upkeep]\n|upkeep\n|turn|3\n|\n|t:|1698030776\n|detailschange|p1a: Delfender|Palafin-Hero, M\n|switch|p1a: Hardrada|Perrserker, M|100\/100\n|-damage|p1a: Hardrada|88\/100|[from] Spikes\n|move|p2a: Samurott|Sucker Punch||[still]\n|-fail|p2a: Samurott\n|\n|-weather|RainDance|[upkeep]\n|upkeep\n|turn|4\n|\n|t:|1698030801\n|switch|p2a: Gholdengo|Gholdengo|100\/100\n|-item|p2a: Gholdengo|Air Balloon\n|move|p1a: Hardrada|Fake Out|p2a: Gholdengo\n|-immune|p2a: Gholdengo\n|\n|-weather|RainDance|[upkeep]\n|upkeep\n|turn|5\n|\n|t:|1698030825\n|switch|p2a: Great Tusk|Great Tusk|100\/100\n|-enditem|p2a: Great Tusk|Booster Energy\n|-activate|p2a: Great Tusk|ability: Protosynthesis|[fromitem]\n|-start|p2a: Great Tusk|protosynthesisatk\n|move|p1a: Hardrada|U-turn|p2a: Great Tusk\n|-resisted|p2a: Great Tusk\n|-damage|p2a: Great Tusk|88\/100\n|\n|t:|1698030836\n|switch|p1a: Delfender|Palafin-Hero, M|100\/100|[from] U-turn\n|-damage|p1a: Delfender|88\/100|[from] Spikes\n|-activate|p1a: Delfender|ability: Zero to Hero\n|\n|-weather|RainDance|[upkeep]\n|upkeep\n|turn|6\n|\n|t:|1698030867\n|-end|p2a: Great Tusk|Protosynthesis|[silent]\n|switch|p2a: Samurott|Samurott-Hisui, F, shiny|9\/100\n|move|p1a: Delfender|Jet Punch|p2a: Samurott\n|-resisted|p2a: Samurott\n|-damage|p2a: Samurott|0 fnt\n|faint|p2a: Samurott\n|\n|-weather|RainDance|[upkeep]\n|upkeep\n|\n|t:|1698030896\n|switch|p2a: Revavroom|Revavroom, M|100\/100\n|turn|7\n|\n|t:|1698030900\n|move|p1a: Delfender|Jet Punch|p2a: Revavroom\n|-damage|p2a: Revavroom|9\/100\n|move|p2a: Revavroom|Toxic|p1a: Delfender\n|-status|p1a: Delfender|tox\n|\n|-weather|RainDance|[upkeep]\n|-heal|p2a: Revavroom|15\/100|[from] item: Black Sludge\n|-damage|p1a: Delfender|82\/100 tox|[from] psn\n|upkeep\n|turn|8\n|\n|t:|1698030918\n|move|p1a: Delfender|Jet Punch|p2a: Revavroom\n|-damage|p2a: Revavroom|0 fnt\n|faint|p2a: Revavroom\n|\n|-weather|none\n|-damage|p1a: Delfender|70\/100 tox|[from] psn\n|upkeep\n|\n|t:|1698030931\n|switch|p2a: Gholdengo|Gholdengo|100\/100\n|-item|p2a: Gholdengo|Air Balloon\n|turn|9\n|\n|t:|1698030967\n|switch|p1a: Phyllis|Pelipper, F|66\/100\n|-weather|RainDance|[from] ability: Drizzle|[of] p1a: Phyllis\n|move|p2a: Gholdengo|Thunderbolt|p1a: Phyllis\n|-supereffective|p1a: Phyllis\n|-damage|p1a: Phyllis|0 fnt\n|faint|p1a: Phyllis\n|\n|-weather|RainDance|[upkeep]\n|upkeep\n|\n|t:|1698030980\n|switch|p1a: Hertz|Overqwil, M|100\/100\n|-damage|p1a: Hertz|88\/100|[from] Spikes\n|turn|10\n|\n|t:|1698030999\n|move|p1a: Hertz|Crunch|p2a: Gholdengo\n|-supereffective|p2a: Gholdengo\n|-damage|p2a: Gholdengo|0 fnt\n|-enditem|p2a: Gholdengo|Air Balloon\n|faint|p2a: Gholdengo\n|-damage|p1a: Hertz|78\/100|[from] item: Life Orb\n|\n|-weather|RainDance|[upkeep]\n|upkeep\n|\n|t:|1698031027\n|switch|p2a: Dudunsparce|Dudunsparce-Three-Segment, F, shiny|100\/100\n|turn|11\n|\n|t:|1698031040\n|switch|p1a: Hardrada|Perrserker, M|88\/100\n|-damage|p1a: Hardrada|76\/100|[from] Spikes\n|move|p2a: Dudunsparce|Glare|p1a: Hardrada\n|-status|p1a: Hardrada|par\n|\n|-weather|RainDance|[upkeep]\n|upkeep\n|turn|12\n|\n|t:|1698031083\n|move|p2a: Dudunsparce|Coil|p2a: Dudunsparce\n|-boost|p2a: Dudunsparce|atk|1\n|-boost|p2a: Dudunsparce|def|1\n|-boost|p2a: Dudunsparce|accuracy|1\n|move|p1a: Hardrada|Close Combat|p2a: Dudunsparce\n|-supereffective|p2a: Dudunsparce\n|-damage|p2a: Dudunsparce|43\/100\n|-unboost|p1a: Hardrada|def|1\n|-unboost|p1a: Hardrada|spd|1\n|\n|-weather|RainDance|[upkeep]\n|-heal|p2a: Dudunsparce|49\/100|[from] item: Leftovers\n|upkeep\n|turn|13\n|\n|t:|1698031095\n|move|p2a: Dudunsparce|Coil|p2a: Dudunsparce\n|-boost|p2a: Dudunsparce|atk|1\n|-boost|p2a: Dudunsparce|def|1\n|-boost|p2a: Dudunsparce|accuracy|1\n|move|p1a: Hardrada|Close Combat|p2a: Dudunsparce\n|-supereffective|p2a: Dudunsparce\n|-damage|p2a: Dudunsparce|7\/100\n|-unboost|p1a: Hardrada|def|1\n|-unboost|p1a: Hardrada|spd|1\n|\n|-weather|RainDance|[upkeep]\n|-heal|p2a: Dudunsparce|13\/100|[from] item: Leftovers\n|upkeep\n|turn|14\n|\n|t:|1698031106\n|move|p2a: Dudunsparce|Headbutt|p1a: Hardrada\n|-resisted|p1a: Hardrada\n|-damage|p1a: Hardrada|17\/100 par\n|move|p1a: Hardrada|U-turn|p2a: Dudunsparce\n|-damage|p2a: Dudunsparce|1\/100\n|\n|t:|1698031113\n|switch|p1a: Hertz|Overqwil, M|78\/100|[from] U-turn\n|-damage|p1a: Hertz|66\/100|[from] Spikes\n|\n|-weather|RainDance|[upkeep]\n|-heal|p2a: Dudunsparce|7\/100|[from] item: Leftovers\n|upkeep\n|turn|15\n|\n|t:|1698031134\n|move|p1a: Hertz|Aqua Jet|p2a: Dudunsparce\n|-damage|p2a: Dudunsparce|0 fnt\n|faint|p2a: Dudunsparce\n|-damage|p1a: Hertz|56\/100|[from] item: Life Orb\n|\n|-weather|RainDance|[upkeep]\n|upkeep\n|\n|t:|1698031142\n|switch|p2a: Great Tusk|Great Tusk|88\/100\n|turn|16\n|\n|t:|1698031146\n|move|p1a: Hertz|Waterfall|p2a: Great Tusk\n|-supereffective|p2a: Great Tusk\n|-damage|p2a: Great Tusk|9\/100\n|-damage|p1a: Hertz|46\/100|[from] item: Life Orb\n|move|p2a: Great Tusk|Earthquake|p1a: Hertz\n|-supereffective|p1a: Hertz\n|-damage|p1a: Hertz|0 fnt\n|faint|p1a: Hertz\n|\n|-weather|none\n|upkeep\n|\n|t:|1698031164\n|switch|p1a: Hardrada|Perrserker, M|17\/100 par\n|-damage|p1a: Hardrada|5\/100 par|[from] Spikes\n|turn|17\n|\n|t:|1698031173\n|cant|p1a: Hardrada|par\n|move|p2a: Great Tusk|Earthquake|p1a: Hardrada\n|-supereffective|p1a: Hardrada\n|-damage|p1a: Hardrada|0 fnt\n|faint|p1a: Hardrada\n|\n|upkeep\n|\n|t:|1698031179\n|switch|p1a: Radobaan|Donphan, M, shiny|100\/100\n|turn|18\n|\n|t:|1698031184\n|move|p1a: Radobaan|Ice Shard|p2a: Great Tusk\n|-supereffective|p2a: Great Tusk\n|-damage|p2a: Great Tusk|0 fnt\n|faint|p2a: Great Tusk\n|-end|p2a: Great Tusk|Protosynthesis|[silent]\n|\n|upkeep\n|\n|t:|1698031189\n|switch|p2a: Slowbro|Slowbro-Galar, M, shiny|100\/100\n|turn|19\n|\n|t:|1698031194\n|move|p1a: Radobaan|Earthquake|p2a: Slowbro\n|-supereffective|p2a: Slowbro\n|-damage|p2a: Slowbro|14\/100\n|move|p2a: Slowbro|Ice Beam|p1a: Radobaan\n|-supereffective|p1a: Radobaan\n|-damage|p1a: Radobaan|35\/100\n|\n|upkeep\n|turn|20\n|\n|t:|1698031202\n|move|p1a: Radobaan|Earthquake|p2a: Slowbro\n|-supereffective|p2a: Slowbro\n|-damage|p2a: Slowbro|0 fnt\n|faint|p2a: Slowbro\n|\n|win|BillTheThrill42\n|c|\u2606BillTheThrill42|Gg\n","uploadtime":1698031210,"views":10,"p1id":"billthethrill42","p2id":"validjohnsmith","formatid":"gen9anythinggoes","rating":0,"private":0,"password":""}