{"id":"gen9anythinggoes-1983842049","p1":"ekur000","p2":"hshhhdhduhc","format":"[Gen 9] Anything Goes","log":"|j|\u2606ekur000\n|j|\u2606hshhhdhduhc\n|t:|1699190414\n|gametype|singles\n|player|p1|ekur000|pokefanf-gen4|1149\n|player|p2|hshhhdhduhc|silver|1109\n|teamsize|p1|6\n|teamsize|p2|6\n|gen|9\n|tier|[Gen 9] Anything Goes\n|rated|\n|rule|HP Percentage Mod: HP is shown in percentages\n|rule|Endless Battle Clause: Forcing endless battles is banned\n|clearpoke\n|poke|p1|Mimikyu, M|\n|poke|p1|Dragonite, F|\n|poke|p1|Alomomola, M|\n|poke|p1|Orthworm, M|\n|poke|p1|Mew|\n|poke|p1|Lechonk, L1, F|\n|poke|p2|Milotic, F|\n|poke|p2|Gliscor, F|\n|poke|p2|Ceruledge, M|\n|poke|p2|Calyrex-Ice|\n|poke|p2|Breloom, F|\n|poke|p2|Clodsire, M|\n|teampreview\n|inactive|Battle timer is ON: inactive players will automatically lose when time's up. (requested by ekur000)\n|\n|t:|1699190428\n|start\n|switch|p1a: Orthworm|Orthworm, M|100\/100\n|switch|p2a: Milo|Milotic, F, shiny|100\/100\n|turn|1\n|inactiveoff|Battle timer is now OFF.\n|inactive|Battle timer is ON: inactive players will automatically lose when time's up. (requested by ekur000)\n|\n|t:|1699190457\n|move|p2a: Milo|Ice Beam|p1a: Orthworm\n|-resisted|p1a: Orthworm\n|-damage|p1a: Orthworm|83\/100\n|move|p1a: Orthworm|Stealth Rock|p2a: Milo\n|-sidestart|p2: hshhhdhduhc|move: Stealth Rock\n|\n|upkeep\n|turn|2\n|inactiveoff|Battle timer is now OFF.\n|\n|t:|1699190468\n|move|p2a: Milo|Ice Beam|p1a: Orthworm\n|-resisted|p1a: Orthworm\n|-damage|p1a: Orthworm|67\/100\n|move|p1a: Orthworm|Shed Tail|p1a: Orthworm\n|-start|p1a: Orthworm|Substitute|[from] move: Shed Tail\n|-damage|p1a: Orthworm|17\/100\n|\n|t:|1699190486\n|switch|p1a: Mimikyu|Mimikyu, M|100\/100|[from] Shed Tail\n|\n|upkeep\n|turn|3\n|\n|t:|1699190492\n|move|p1a: Mimikyu|Swords Dance|p1a: Mimikyu\n|-boost|p1a: Mimikyu|atk|2\n|move|p2a: Milo|Ice Beam|p1a: Mimikyu\n|-activate|p1a: Mimikyu|move: Substitute|[damage]\n|\n|upkeep\n|turn|4\n|\n|t:|1699190501\n|move|p1a: Mimikyu|Swords Dance|p1a: Mimikyu\n|-boost|p1a: Mimikyu|atk|2\n|move|p2a: Milo|Haze|p2a: Milo\n|-clearallboost\n|\n|upkeep\n|turn|5\n|\n|t:|1699190511\n|move|p1a: Mimikyu|Play Rough|p2a: Milo\n|-damage|p2a: Milo|65\/100\n|-damage|p1a: Mimikyu|91\/100|[from] item: Life Orb\n|move|p2a: Milo|Ice Beam|p1a: Mimikyu\n|-end|p1a: Mimikyu|Substitute\n|\n|-heal|p2a: Milo|72\/100|[from] item: Leftovers\n|upkeep\n|turn|6\n|\n|t:|1699190524\n|move|p1a: Mimikyu|Swords Dance|p1a: Mimikyu\n|-boost|p1a: Mimikyu|atk|2\n|move|p2a: Milo|Scald|p1a: Mimikyu\n|-activate|p1a: Mimikyu|ability: Disguise\n|-damage|p1a: Mimikyu|91\/100\n|detailschange|p1a: Mimikyu|Mimikyu-Busted, M\n|-damage|p1a: Mimikyu|78\/100|[from] pokemon: Mimikyu-Busted\n|\n|-heal|p2a: Milo|78\/100|[from] item: Leftovers\n|upkeep\n|turn|7\n|\n|t:|1699190535\n|move|p1a: Mimikyu|Play Rough|p2a: Milo\n|-damage|p2a: Milo|3\/100\n|-damage|p1a: Mimikyu|68\/100|[from] item: Life Orb\n|move|p2a: Milo|Haze|p2a: Milo\n|-clearallboost\n|\n|-heal|p2a: Milo|9\/100|[from] item: Leftovers\n|upkeep\n|turn|8\n|\n|t:|1699190544\n|move|p1a: Mimikyu|Play Rough|p2a: Milo\n|-damage|p2a: Milo|0 fnt\n|faint|p2a: Milo\n|-damage|p1a: Mimikyu|58\/100|[from] item: Life Orb\n|\n|upkeep\n|\n|t:|1699190567\n|switch|p2a: Cerbian|Ceruledge, M, shiny|100\/100\n|-damage|p2a: Cerbian|76\/100|[from] Stealth Rock\n|turn|9\n|\n|t:|1699190573\n|move|p1a: Mimikyu|Shadow Claw|p2a: Cerbian\n|-supereffective|p2a: Cerbian\n|-damage|p2a: Cerbian|0 fnt\n|faint|p2a: Cerbian\n|-damage|p1a: Mimikyu|48\/100|[from] item: Life Orb\n|\n|upkeep\n|\n|t:|1699190584\n|switch|p2a: Clyde|Clodsire, M, shiny|100\/100\n|-damage|p2a: Clyde|94\/100|[from] Stealth Rock\n|turn|10\n|\n|t:|1699190598\n|move|p1a: Mimikyu|Swords Dance|p1a: Mimikyu\n|-boost|p1a: Mimikyu|atk|2\n|move|p2a: Clyde|Toxic|p1a: Mimikyu\n|-status|p1a: Mimikyu|tox\n|\n|-heal|p2a: Clyde|100\/100|[from] item: Black Sludge\n|-damage|p1a: Mimikyu|42\/100 tox|[from] psn\n|upkeep\n|turn|11\n|\n|t:|1699190607\n|move|p1a: Mimikyu|Shadow Claw|p2a: Clyde\n|-crit|p2a: Clyde\n|-damage|p2a: Clyde|58\/100\n|-damage|p1a: Mimikyu|32\/100 tox|[from] item: Life Orb\n|move|p2a: Clyde|Stockpile|p2a: Clyde\n|-start|p2a: Clyde|stockpile1\n|-boost|p2a: Clyde|def|1\n|-boost|p2a: Clyde|spd|1\n|\n|-heal|p2a: Clyde|65\/100|[from] item: Black Sludge\n|-damage|p1a: Mimikyu|20\/100 tox|[from] psn\n|upkeep\n|turn|12\n|\n|t:|1699190619\n|move|p1a: Mimikyu|Shadow Claw|p2a: Clyde\n|-damage|p2a: Clyde|44\/100\n|-damage|p1a: Mimikyu|10\/100 tox|[from] item: Life Orb\n|move|p2a: Clyde|Recover|p2a: Clyde\n|-heal|p2a: Clyde|94\/100\n|\n|-heal|p2a: Clyde|100\/100|[from] item: Black Sludge\n|-damage|p1a: Mimikyu|0 fnt|[from] psn\n|faint|p1a: Mimikyu\n|upkeep\n|\n|t:|1699190629\n|switch|p1a: Alomomola|Alomomola, M|100\/100\n|turn|13\n|\n|t:|1699190634\n|move|p1a: Alomomola|Aqua Ring|p1a: Alomomola\n|-start|p1a: Alomomola|Aqua Ring\n|move|p2a: Clyde|Toxic|p1a: Alomomola\n|-status|p1a: Alomomola|tox\n|\n|-damage|p1a: Alomomola|94\/100 tox|[from] psn\n|upkeep\n|turn|14\n|\n|t:|1699190644\n|move|p1a: Alomomola|Aqua Jet|p2a: Clyde\n|-supereffective|p2a: Clyde\n|-damage|p2a: Clyde|89\/100\n|move|p2a: Clyde|Stockpile|p2a: Clyde\n|-start|p2a: Clyde|stockpile2\n|-boost|p2a: Clyde|def|1\n|-boost|p2a: Clyde|spd|1\n|\n|-heal|p2a: Clyde|95\/100|[from] item: Black Sludge\n|-heal|p1a: Alomomola|100\/100 tox|[from] Aqua Ring\n|-damage|p1a: Alomomola|88\/100 tox|[from] psn\n|upkeep\n|turn|15\n|\n|t:|1699190658\n|switch|p1a: Lechonk|Lechonk, L1, F|100\/100\n|move|p2a: Clyde|Stockpile|p2a: Clyde\n|-start|p2a: Clyde|stockpile3\n|-boost|p2a: Clyde|def|1\n|-boost|p2a: Clyde|spd|1\n|\n|-heal|p2a: Clyde|100\/100|[from] item: Black Sludge\n|upkeep\n|turn|16\n|\n|t:|1699190666\n|move|p2a: Clyde|Bulldoze|p1a: Lechonk\n|-enditem|p1a: Lechonk|Focus Sash\n|-damage|p1a: Lechonk|9\/100\n|-unboost|p1a: Lechonk|spe|1\n|move|p1a: Lechonk|Endeavor|p2a: Clyde\n|-damage|p2a: Clyde|1\/100\n|\n|-heal|p2a: Clyde|7\/100|[from] item: Black Sludge\n|upkeep\n|turn|17\n|\n|t:|1699190676\n|move|p2a: Clyde|Bulldoze|p1a: Lechonk\n|-damage|p1a: Lechonk|0 fnt\n|faint|p1a: Lechonk\n|\n|-heal|p2a: Clyde|13\/100|[from] item: Black Sludge\n|upkeep\n|\n|t:|1699190682\n|switch|p1a: Mew|Mew, shiny|100\/100\n|turn|18\n|c|\u2606hshhhdhduhc|thats so bullshit bro\n|\n|t:|1699190691\n|move|p1a: Mew|Earthquake|p2a: Clyde\n|-supereffective|p2a: Clyde\n|-damage|p2a: Clyde|0 fnt\n|faint|p2a: Clyde\n|\n|upkeep\n|c|\u2606ekur000|ok\n|c|\u2606ekur000|if u say so\n|c|\u2606hshhhdhduhc|i would of swept u aswell\n|c|\u2606hshhhdhduhc|Smh\n|c|\u2606ekur000|ur just spamming stat upgrates\n|c|\u2606ekur000|upgrades*\n|c|\u2606hshhhdhduhc|dawg its called stalling\n|c|\u2606hshhhdhduhc|get good\n|c|\u2606ekur000|its called outplayed\n|c|\u2606ekur000|:)\n|c|\u2606hshhhdhduhc|u used swords dance like 3 times\n|c|\u2606hshhhdhduhc|And said im spamming\n|c|\u2606ekur000|outplayed\n|c|\u2606ekur000|:)\n|c|\u2606hshhhdhduhc|ur garbage\n|c|\u2606ekur000|outplayed\n|c|\u2606hshhhdhduhc|Garbage\n|c|\u2606ekur000|:)\n|c|\u2606hshhhdhduhc|garbage\n|c|\u2606ekur000|outplayed\n|c|\u2606hshhhdhduhc|garbage\n|inactive|Battle timer is ON: inactive players will automatically lose when time's up. (requested by ekur000)\n|\n|t:|1699190780\n|switch|p2a: Callie|Calyrex-Ice|100\/100\n|-ability|p2a: Callie|As One\n|-ability|p2a: Callie|Unnerve\n|-damage|p2a: Callie|76\/100|[from] Stealth Rock\n|turn|19\n|c|\u2606ekur000|:)\n|c|\u2606hshhhdhduhc|Garbage\n|inactive|hshhhdhduhc has 120 seconds left.\n|\n|t:|1699190812\n|move|p1a: Mew|Bulk Up|p1a: Mew\n|-boost|p1a: Mew|atk|1\n|-boost|p1a: Mew|def|1\n|move|p2a: Callie|Psychic|p1a: Mew\n|-resisted|p1a: Mew\n|-damage|p1a: Mew|86\/100\n|\n|upkeep\n|turn|20\n|inactive|hshhhdhduhc has 120 seconds left.\n|c|\u2606hshhhdhduhc|\"spamming boost attacks\"\n|c|\u2606ekur000|:)\n|c|\u2606hshhhdhduhc|i wonder what ur doing\n|c|\u2606ekur000|outplayed\n|c|\u2606hshhhdhduhc|dumbo\n|\n|t:|1699190844\n|move|p1a: Mew|Bulk Up|p1a: Mew\n|-boost|p1a: Mew|atk|1\n|-boost|p1a: Mew|def|1\n|move|p2a: Callie|Psychic|p1a: Mew\n|-resisted|p1a: Mew\n|-damage|p1a: Mew|69\/100\n|\n|upkeep\n|turn|21\n|\n|t:|1699190859\n|move|p1a: Mew|Baton Pass|p1a: Mew\n|\n|t:|1699190862\n|switch|p1a: Dragonite|Dragonite, F|100\/100|[from] Baton Pass\n|move|p2a: Callie|Ice Beam|p1a: Dragonite\n|-supereffective|p1a: Dragonite\n|-damage|p1a: Dragonite|49\/100\n|-enditem|p1a: Dragonite|Weakness Policy\n|-boost|p1a: Dragonite|atk|2|[from] item: Weakness Policy\n|-boost|p1a: Dragonite|spa|2|[from] item: Weakness Policy\n|\n|upkeep\n|turn|22\n|\n|t:|1699190871\n|move|p1a: Dragonite|Flamethrower|p2a: Callie\n|-supereffective|p2a: Callie\n|-damage|p2a: Callie|2\/100\n|-enditem|p2a: Callie|Weakness Policy\n|-boost|p2a: Callie|atk|2|[from] item: Weakness Policy\n|-boost|p2a: Callie|spa|2|[from] item: Weakness Policy\n|move|p2a: Callie|Ice Beam|p1a: Dragonite\n|-supereffective|p1a: Dragonite\n|-damage|p1a: Dragonite|0 fnt\n|faint|p1a: Dragonite\n|-ability|p2a: Callie|Chilling Neigh|boost\n|-boost|p2a: Callie|atk|1\n|\n|upkeep\n|c|\u2606hshhhdhduhc|garbage\n|c|\u2606hshhhdhduhc|LOLOLOLOL\n|c|\u2606ekur000|:)\n|\n|t:|1699190883\n|switch|p1a: Alomomola|Alomomola, M|100\/100 tox\n|turn|23\n|c|\u2606hshhhdhduhc|OUTPLAYED\n|inactive|hshhhdhduhc has 120 seconds left.\n|c|\u2606hshhhdhduhc|OUTPLAYED LOLOLOL\n|\n|t:|1699190893\n|move|p1a: Alomomola|Aqua Jet|p2a: Callie\n|-damage|p2a: Callie|0 fnt\n|faint|p2a: Callie\n|\n|-damage|p1a: Alomomola|94\/100 tox|[from] psn\n|upkeep\n|c|\u2606hshhhdhduhc|IDC I TOOK OUT UT TANK\n|c|\u2606hshhhdhduhc|LOLOLOLOL\n|\n|t:|1699190906\n|switch|p2a: Ramen|Breloom, F, shiny|100\/100\n|-damage|p2a: Ramen|94\/100|[from] Stealth Rock\n|turn|24\n|c|\u2606ekur000|that aint my tank\n|c|\u2606ekur000|this is funny guy\n|\n|t:|1699190916\n|move|p1a: Alomomola|Protect|p1a: Alomomola\n|-singleturn|p1a: Alomomola|Protect\n|move|p2a: Ramen|Thunder Punch|p1a: Alomomola\n|-activate|p1a: Alomomola|move: Protect\n|\n|-damage|p1a: Alomomola|82\/100 tox|[from] psn\n|-status|p2a: Ramen|tox|[from] item: Toxic Orb\n|upkeep\n|turn|25\n|inactive|hshhhdhduhc has 120 seconds left.\n|c|\u2606hshhhdhduhc|shutup\n|c|\u2606hshhhdhduhc|U suck lol\n|c|\u2606hshhhdhduhc|ez\n|\n|t:|1699190931\n|move|p2a: Ramen|Giga Drain|p1a: Alomomola\n|-supereffective|p1a: Alomomola\n|-damage|p1a: Alomomola|42\/100 tox\n|-heal|p2a: Ramen|100\/100 tox|[from] drain|[of] p1a: Alomomola\n|move|p1a: Alomomola|Aqua Ring|p1a: Alomomola\n|-start|p1a: Alomomola|Aqua Ring\n|\n|-heal|p1a: Alomomola|48\/100 tox|[from] Aqua Ring\n|-damage|p1a: Alomomola|29\/100 tox|[from] psn\n|upkeep\n|turn|26\n|inactive|hshhhdhduhc has 120 seconds left.\n|\n|t:|1699190943\n|move|p1a: Alomomola|Protect|p1a: Alomomola\n|-singleturn|p1a: Alomomola|Protect\n|move|p2a: Ramen|Giga Drain|p1a: Alomomola\n|-activate|p1a: Alomomola|move: Protect\n|\n|-heal|p1a: Alomomola|35\/100 tox|[from] Aqua Ring\n|-damage|p1a: Alomomola|11\/100 tox|[from] psn\n|upkeep\n|turn|27\n|inactive|hshhhdhduhc has 120 seconds left.\n|c|\u2606hshhhdhduhc|ty clyde for toxic\n|\n|t:|1699190954\n|move|p2a: Ramen|Giga Drain|p1a: Alomomola\n|-supereffective|p1a: Alomomola\n|-damage|p1a: Alomomola|0 fnt\n|faint|p1a: Alomomola\n|\n|upkeep\n|c|\u2606hshhhdhduhc|ez\n|c|\u2606ekur000|oh no\n|\n|t:|1699190961\n|switch|p1a: Mew|Mew, shiny|69\/100\n|turn|28\n|\n|t:|1699190967\n|move|p1a: Mew|Brave Bird|p2a: Ramen\n|-supereffective|p2a: Ramen\n|-damage|p2a: Ramen|0 fnt\n|faint|p2a: Ramen\n|-damage|p1a: Mew|44\/100|[from] Recoil\n|\n|upkeep\n|\n|t:|1699190973\n|switch|p2a: Glacier|Gliscor, F, shiny|100\/100\n|-damage|p2a: Glacier|88\/100|[from] Stealth Rock\n|turn|29\n|inactive|hshhhdhduhc has 120 seconds left.\n|\n|t:|1699190989\n|move|p1a: Mew|Brave Bird|p2a: Glacier\n|-damage|p2a: Glacier|61\/100\n|-damage|p1a: Mew|35\/100|[from] Recoil\n|move|p2a: Glacier|Dual Wingbeat|p1a: Mew\n|-damage|p1a: Mew|21\/100\n|-damage|p1a: Mew|7\/100\n|-hitcount|p1a: Mew|2\n|\n|-status|p2a: Glacier|tox|[from] item: Toxic Orb\n|upkeep\n|turn|30\n|inactive|hshhhdhduhc has 120 seconds left.\n|\n|t:|1699190999\n|move|p1a: Mew|Brave Bird|p2a: Glacier\n|-damage|p2a: Glacier|34\/100 tox\n|-damage|p1a: Mew|0 fnt|[from] Recoil\n|faint|p1a: Mew\n|move|p2a: Glacier|Dual Wingbeat|p1: Mew|[notarget]\n|-fail|p2a: Glacier\n|\n|-heal|p2a: Glacier|47\/100 tox|[from] ability: Poison Heal\n|upkeep\n|\n|t:|1699191008\n|switch|p1a: Orthworm|Orthworm, M|17\/100\n|turn|31\n|c|\u2606hshhhdhduhc|gg\n|\n|t:|1699191014\n|move|p2a: Glacier|Dual Wingbeat|p1a: Orthworm\n|-resisted|p1a: Orthworm\n|-damage|p1a: Orthworm|12\/100\n|-resisted|p1a: Orthworm\n|-damage|p1a: Orthworm|6\/100\n|-hitcount|p1a: Orthworm|2\n|move|p1a: Orthworm|Heavy Slam|p2a: Glacier\n|-damage|p2a: Glacier|7\/100 tox\n|\n|-heal|p2a: Glacier|20\/100 tox|[from] ability: Poison Heal\n|upkeep\n|turn|32\n|c|\u2606hshhhdhduhc|gg\n|\n|t:|1699191026\n|move|p2a: Glacier|Dual Wingbeat|p1a: Orthworm\n|-resisted|p1a: Orthworm\n|-damage|p1a: Orthworm|1\/100\n|-resisted|p1a: Orthworm\n|-damage|p1a: Orthworm|0 fnt\n|faint|p1a: Orthworm\n|-hitcount|p1: Orthworm|2\n|\n|win|hshhhdhduhc\n|raw|ekur000's rating: 1149 &rarr; <strong>1121<\/strong><br \/>(-28 for losing)\n|raw|hshhhdhduhc's rating: 1109 &rarr; <strong>1137<\/strong><br \/>(+28 for winning)\n|c|\u2606hshhhdhduhc|YOU SUCK\n|c|\u2606ekur000|ok\n","uploadtime":1699191038,"views":5,"p1id":"ekur000","p2id":"hshhhdhduhc","formatid":"gen9anythinggoes","rating":1121,"private":0,"password":""}