{"id":"gen9anythinggoes-1978453392","p1":"LudoThePumpkinBro","p2":"Athocus","format":"[Gen 9] Anything Goes","log":"|j|\u2606LudoThePumpkinBro\n|j|\u2606Athocus\n|t:|1698540951\n|gametype|singles\n|player|p1|LudoThePumpkinBro|2|1111\n|player|p2|Athocus|265|1113\n|teamsize|p1|6\n|teamsize|p2|6\n|gen|9\n|tier|[Gen 9] Anything Goes\n|rated|\n|rule|HP Percentage Mod: HP is shown in percentages\n|rule|Endless Battle Clause: Forcing endless battles is banned\n|clearpoke\n|poke|p1|Trevenant, F|\n|poke|p1|Maushold|\n|poke|p1|Cloyster, M|\n|poke|p1|Klefki, F|\n|poke|p1|Drifblim, M|\n|poke|p1|Darkrai|\n|poke|p2|Scizor, M|\n|poke|p2|Ampharos, F|\n|poke|p2|Primeape, M|\n|poke|p2|Typhlosion, M|\n|poke|p2|Leafeon, F|\n|poke|p2|Politoed, M|\n|teampreview\n|\n|t:|1698540958\n|start\n|switch|p1a: Trevenant|Trevenant, F, shiny|100\/100\n|switch|p2a: Politoed|Politoed, M|100\/100\n|-weather|RainDance|[from] ability: Drizzle|[of] p2a: Politoed\n|turn|1\n|\n|t:|1698540965\n|move|p1a: Trevenant|Sunny Day|p1a: Trevenant\n|-weather|SunnyDay\n|move|p2a: Politoed|Ice Beam|p1a: Trevenant\n|-supereffective|p1a: Trevenant\n|-damage|p1a: Trevenant|64\/100\n|\n|-weather|SunnyDay|[upkeep]\n|upkeep\n|turn|2\n|\n|t:|1698540972\n|move|p1a: Trevenant|Curse|p2a: Politoed\n|-start|p2a: Politoed|Curse|[of] p1a: Trevenant\n|-damage|p1a: Trevenant|14\/100\n|-enditem|p1a: Trevenant|Sitrus Berry|[eat]\n|-heal|p1a: Trevenant|39\/100|[from] item: Sitrus Berry\n|move|p2a: Politoed|Ice Beam|p1a: Trevenant\n|-supereffective|p1a: Trevenant\n|-damage|p1a: Trevenant|0 fnt\n|faint|p1a: Trevenant\n|\n|-weather|SunnyDay|[upkeep]\n|-damage|p2a: Politoed|75\/100|[from] Curse\n|upkeep\n|\n|t:|1698540976\n|switch|p1a: Kleffy|Klefki, F, shiny|100\/100\n|turn|3\n|\n|t:|1698540986\n|switch|p2a: Typhlosion|Typhlosion, M|100\/100\n|move|p1a: Kleffy|Light Screen|p1a: Kleffy\n|-sidestart|p1: LudoThePumpkinBro|move: Light Screen\n|\n|-weather|SunnyDay|[upkeep]\n|upkeep\n|turn|4\n|\n|t:|1698540996\n|switch|p1a: condom balloon|Drifblim, M, shiny|100\/100\n|move|p2a: Typhlosion|Eruption|p1a: condom balloon\n|-damage|p1a: condom balloon|51\/100\n|\n|-weather|SunnyDay|[upkeep]\n|-heal|p1a: condom balloon|58\/100|[from] item: Leftovers\n|upkeep\n|turn|5\n|\n|t:|1698541004\n|switch|p2a: Politoed|Politoed, M|75\/100\n|-weather|RainDance|[from] ability: Drizzle|[of] p2a: Politoed\n|move|p1a: condom balloon|Minimize|p1a: condom balloon\n|-boost|p1a: condom balloon|evasion|2\n|\n|-weather|RainDance|[upkeep]\n|-heal|p1a: condom balloon|64\/100|[from] item: Leftovers\n|-heal|p2a: Politoed|82\/100|[from] item: Leftovers\n|upkeep\n|turn|6\n|\n|t:|1698541016\n|switch|p2a: Ampharos|Ampharos, F|100\/100\n|move|p1a: condom balloon|Minimize|p1a: condom balloon\n|-boost|p1a: condom balloon|evasion|2\n|\n|-weather|RainDance|[upkeep]\n|-heal|p1a: condom balloon|70\/100|[from] item: Leftovers\n|upkeep\n|turn|7\n|\n|t:|1698541024\n|move|p1a: condom balloon|Minimize|p1a: condom balloon\n|-boost|p1a: condom balloon|evasion|2\n|move|p2a: Ampharos|Thunder|p1a: condom balloon\n|-supereffective|p1a: condom balloon\n|-damage|p1a: condom balloon|0 fnt\n|faint|p1a: condom balloon\n|\n|-weather|RainDance|[upkeep]\n|-sideend|p1: LudoThePumpkinBro|move: Light Screen\n|upkeep\n|c|\u2606Athocus|I love minimize\n|c|\u2606LudoThePumpkinBro|me too it's a good move\n|c|\u2606LudoThePumpkinBro|i hoped to use baton pass onto something but you killed it before I had the possibility to do so, unfortunately.\n|c|\u2606Athocus|I love rolling the dice too\n|inactive|Battle timer is ON: inactive players will automatically lose when time's up. (requested by Athocus)\n|c|\u2606LudoThePumpkinBro|There is a\n|c|\u2606LudoThePumpkinBro|card for forretress\n|c|\u2606LudoThePumpkinBro|with the move\n|c|\u2606LudoThePumpkinBro|\"everyone explode now\"\n|inactive|LudoThePumpkinBro has 120 seconds left.\n|\n|t:|1698541165\n|switch|p1a: Kleffy|Klefki, F, shiny|100\/100\n|turn|8\n|c|\u2606Athocus|lol\n|c|\u2606LudoThePumpkinBro|you can have this\n|\n|t:|1698541188\n|switch|p2a: Scizor|Scizor, M|100\/100\n|move|p1a: Kleffy|Switcheroo|p2a: Scizor\n|-activate|p1a: Kleffy|move: Trick|[of] p2a: Scizor\n|-item|p2a: Scizor|Choice Specs|[from] move: Switcheroo\n|-item|p1a: Kleffy|Choice Band|[from] move: Switcheroo\n|\n|-weather|RainDance|[upkeep]\n|upkeep\n|turn|9\n|c|\u2606LudoThePumpkinBro|Because I honestly do not want it\n|c|\u2606LudoThePumpkinBro|OH FUCK\n|c|\u2606LudoThePumpkinBro|Take that back\n|\n|t:|1698541203\n|move|p1a: Kleffy|Switcheroo|p2a: Scizor\n|-activate|p1a: Kleffy|move: Trick|[of] p2a: Scizor\n|-item|p2a: Scizor|Choice Band|[from] move: Switcheroo\n|-item|p1a: Kleffy|Choice Specs|[from] move: Switcheroo\n|move|p2a: Scizor|Close Combat|p1a: Kleffy\n|-damage|p1a: Kleffy|26\/100\n|-unboost|p2a: Scizor|def|1\n|-unboost|p2a: Scizor|spd|1\n|\n|-weather|none\n|upkeep\n|turn|10\n|c|\u2606LudoThePumpkinBro|well I have no pokemon that can survive a close combat\n|\n|t:|1698541235\n|switch|p2a: Ampharos|Ampharos, F|100\/100\n|move|p1a: Kleffy|Thunder Wave|p2a: Ampharos\n|-immune|p2a: Ampharos\n|\n|upkeep\n|turn|11\n|c|\u2606LudoThePumpkinBro|you snide bitch\n|inactive|Athocus has 120 seconds left.\n|\n|t:|1698541251\n|switch|p1a: Assbeata|Maushold|100\/100\n|move|p2a: Ampharos|Thunder|p1a: Assbeata\n|-damage|p1a: Assbeata|0 fnt\n|faint|p1a: Assbeata\n|\n|upkeep\n|inactive|LudoThePumpkinBro has 120 seconds left.\n|c|\u2606LudoThePumpkinBro|DAANNGG\n|c|\u2606Athocus|I just didn't want specs again\n|c|\u2606Athocus|tbh\n|\n|t:|1698541270\n|switch|p1a: Kleffy|Klefki, F, shiny|26\/100\n|turn|12\n|\n|t:|1698541273\n|move|p1a: Kleffy|Switcheroo|p2a: Ampharos\n|-activate|p1a: Kleffy|move: Trick|[of] p2a: Ampharos\n|-item|p2a: Ampharos|Choice Specs|[from] move: Switcheroo\n|-item|p1a: Kleffy|Choice Specs|[from] move: Switcheroo\n|move|p2a: Ampharos|Thunder|p1a: Kleffy\n|-damage|p1a: Kleffy|0 fnt\n|faint|p1a: Kleffy\n|\n|upkeep\n|c|\u2606LudoThePumpkinBro|i wanted\n|c|\u2606LudoThePumpkinBro|your choice specs\n|inactive|LudoThePumpkinBro has 120 seconds left.\n|c|\u2606Athocus|lol\n|\n|t:|1698541292\n|switch|p1a: Night Knight|Darkrai, shiny|100\/100\n|turn|13\n|inactive|LudoThePumpkinBro has 120 seconds left.\n|\n|t:|1698541302\n|move|p1a: Night Knight|Knock Off|p2a: Ampharos\n|-damage|p2a: Ampharos|57\/100\n|-enditem|p2a: Ampharos|Choice Specs|[from] move: Knock Off|[of] p1a: Night Knight\n|move|p2a: Ampharos|Thunder|p1a: Night Knight|[miss]\n|-miss|p2a: Ampharos|p1a: Night Knight\n|\n|upkeep\n|turn|14\n|c|\u2606Athocus|dang\n|inactive|LudoThePumpkinBro has 120 seconds left.\n|\n|t:|1698541312\n|move|p1a: Night Knight|Swords Dance|p1a: Night Knight\n|-boost|p1a: Night Knight|atk|2\n|move|p2a: Ampharos|Dazzling Gleam|p1a: Night Knight\n|-supereffective|p1a: Night Knight\n|-damage|p1a: Night Knight|31\/100\n|\n|-heal|p1a: Night Knight|37\/100|[from] item: Leftovers\n|upkeep\n|turn|15\n|inactive|LudoThePumpkinBro has 120 seconds left.\n|\n|t:|1698541325\n|move|p1a: Night Knight|Knock Off|p2a: Ampharos\n|-damage|p2a: Ampharos|0 fnt\n|faint|p2a: Ampharos\n|\n|-heal|p1a: Night Knight|44\/100|[from] item: Leftovers\n|upkeep\n|\n|t:|1698541335\n|switch|p2a: Scizor|Scizor, M|100\/100\n|turn|16\n|\n|t:|1698541340\n|move|p2a: Scizor|Bullet Punch|p1a: Night Knight\n|-damage|p1a: Night Knight|0 fnt\n|faint|p1a: Night Knight\n|\n|upkeep\n|\n|t:|1698541345\n|switch|p1a: Clitster|Cloyster, M|100\/100\n|turn|17\n|\n|t:|1698541352\n|-terastallize|p1a: Clitster|Water\n|move|p2a: Scizor|Bullet Punch|p1a: Clitster\n|-resisted|p1a: Clitster\n|-crit|p1a: Clitster\n|-damage|p1a: Clitster|69\/100\n|move|p1a: Clitster|Shell Smash|p1a: Clitster\n|-unboost|p1a: Clitster|def|1\n|-unboost|p1a: Clitster|spd|1\n|-boost|p1a: Clitster|atk|2\n|-boost|p1a: Clitster|spa|2\n|-boost|p1a: Clitster|spe|2\n|\n|upkeep\n|turn|18\n|\n|t:|1698541381\n|switch|p2a: Primeape|Primeape, M|100\/100\n|move|p1a: Clitster|Icicle Spear|p2a: Primeape\n|-damage|p2a: Primeape|69\/100\n|-damage|p2a: Primeape|38\/100\n|-damage|p2a: Primeape|10\/100\n|-damage|p2a: Primeape|0 fnt\n|faint|p2a: Primeape\n|-hitcount|p2: Primeape|4\n|\n|upkeep\n|\n|t:|1698541390\n|switch|p2a: Scizor|Scizor, M|100\/100\n|turn|19\n|\n|t:|1698541395\n|move|p1a: Clitster|Icicle Spear|p2a: Scizor\n|-resisted|p2a: Scizor\n|-damage|p2a: Scizor|90\/100\n|-resisted|p2a: Scizor\n|-damage|p2a: Scizor|81\/100\n|-resisted|p2a: Scizor\n|-damage|p2a: Scizor|71\/100\n|-resisted|p2a: Scizor\n|-damage|p2a: Scizor|61\/100\n|-resisted|p2a: Scizor\n|-crit|p2a: Scizor\n|-damage|p2a: Scizor|45\/100\n|-hitcount|p2a: Scizor|5\n|cant|p2a: Scizor|flinch\n|\n|upkeep\n|turn|20\n|\n|t:|1698541411\n|move|p1a: Clitster|Icicle Spear|p2a: Scizor\n|-resisted|p2a: Scizor\n|-damage|p2a: Scizor|35\/100\n|-resisted|p2a: Scizor\n|-damage|p2a: Scizor|24\/100\n|-resisted|p2a: Scizor\n|-damage|p2a: Scizor|15\/100\n|-resisted|p2a: Scizor\n|-damage|p2a: Scizor|5\/100\n|-resisted|p2a: Scizor\n|-damage|p2a: Scizor|0 fnt\n|faint|p2a: Scizor\n|-hitcount|p2: Scizor|5\n|\n|upkeep\n|\n|t:|1698541425\n|switch|p2a: Typhlosion|Typhlosion, M|100\/100\n|turn|21\n|\n|t:|1698541428\n|move|p1a: Clitster|Rock Blast|p2a: Typhlosion\n|-supereffective|p2a: Typhlosion\n|-damage|p2a: Typhlosion|68\/100\n|-supereffective|p2a: Typhlosion\n|-damage|p2a: Typhlosion|35\/100\n|-supereffective|p2a: Typhlosion\n|-crit|p2a: Typhlosion\n|-damage|p2a: Typhlosion|0 fnt\n|faint|p2a: Typhlosion\n|-hitcount|p2: Typhlosion|3\n|\n|upkeep\n|\n|t:|1698541441\n|switch|p2a: Leafeon|Leafeon, F|100\/100\n|turn|22\n|c|\u2606LudoThePumpkinBro|dang dude a female leafeon how am I supposed to play this with one hand\n|c|\u2606LudoThePumpkinBro|well, pretty easily I guess but\n|c|\u2606LudoThePumpkinBro|shut up\n|\n|t:|1698541465\n|-terastallize|p2a: Leafeon|Grass\n|move|p1a: Clitster|Icicle Spear|p2a: Leafeon\n|-supereffective|p2a: Leafeon\n|-damage|p2a: Leafeon|78\/100\n|-supereffective|p2a: Leafeon\n|-damage|p2a: Leafeon|57\/100\n|-supereffective|p2a: Leafeon\n|-damage|p2a: Leafeon|35\/100\n|-supereffective|p2a: Leafeon\n|-damage|p2a: Leafeon|14\/100\n|-supereffective|p2a: Leafeon\n|-damage|p2a: Leafeon|0 fnt\n|faint|p2a: Leafeon\n|-hitcount|p2: Leafeon|5\n|\n|upkeep\n|\n|t:|1698541479\n|switch|p2a: Politoed|Politoed, M|82\/100\n|-weather|RainDance|[from] ability: Drizzle|[of] p2a: Politoed\n|turn|23\n|c|\u2606LudoThePumpkinBro|if I use explode do we tie\n|\n|t:|1698541496\n|move|p1a: Clitster|Icicle Spear|p2a: Politoed\n|-resisted|p2a: Politoed\n|-damage|p2a: Politoed|73\/100\n|-resisted|p2a: Politoed\n|-damage|p2a: Politoed|63\/100\n|-resisted|p2a: Politoed\n|-damage|p2a: Politoed|54\/100\n|-resisted|p2a: Politoed\n|-damage|p2a: Politoed|44\/100\n|-resisted|p2a: Politoed\n|-damage|p2a: Politoed|36\/100\n|-hitcount|p2a: Politoed|5\n|move|p2a: Politoed|Surf|p1a: Clitster\n|-resisted|p1a: Clitster\n|-damage|p1a: Clitster|0 fnt\n|faint|p1a: Clitster\n|\n|win|Athocus\n|raw|LudoThePumpkinBro's rating: 1111 &rarr; <strong>1086<\/strong><br \/>(-25 for losing)\n|raw|Athocus's rating: 1113 &rarr; <strong>1138<\/strong><br \/>(+25 for winning)\n","uploadtime":1698541243,"views":5,"p1id":"ludothepumpkinbro","p2id":"athocus","formatid":"gen9anythinggoes","rating":1086,"private":0,"password":""}