{"id":"gen9anythinggoes-1991997099","p1":"shinytanktank","p2":"Mattattac","format":"[Gen 9] Anything Goes","log":"|j|\u2606shinytanktank\n|j|\u203dMattattac\n|t:|1700146274\n|gametype|singles\n|player|p1|shinytanktank|1|1246\n|player|p2|Mattattac|nate|1288\n|teamsize|p1|6\n|teamsize|p2|6\n|gen|9\n|tier|[Gen 9] Anything Goes\n|rated|\n|rule|HP Percentage Mod: HP is shown in percentages\n|rule|Endless Battle Clause: Forcing endless battles is banned\n|clearpoke\n|poke|p1|Polteageist-Antique|\n|poke|p1|Maushold-Four|\n|poke|p1|Ditto|\n|poke|p1|Basculegion, M|\n|poke|p1|Ceruledge, F|\n|poke|p1|Glimmora, M|\n|poke|p2|Calyrex-Shadow|\n|poke|p2|Great Tusk|\n|poke|p2|Volcarona, M|\n|poke|p2|Darkrai|\n|poke|p2|Ogerpon-Hearthflame, F|\n|poke|p2|Greninja-*, M|\n|teampreview\n|inactive|Battle timer is ON: inactive players will automatically lose when time's up. (requested by shinytanktank)\n|\n|t:|1700146295\n|start\n|switch|p1a: Trap Card|Glimmora, M|100\/100\n|switch|p2a: Greninja|Greninja, M, shiny|100\/100\n|turn|1\n|\n|t:|1700146302\n|move|p2a: Greninja|Surf|p1a: Trap Card\n|-start|p2a: Greninja|typechange|Water|[from] ability: Protean\n|-supereffective|p1a: Trap Card\n|-damage|p1a: Trap Card|11\/100\n|move|p1a: Trap Card|Stealth Rock|p2a: Greninja\n|-sidestart|p2: Mattattac|move: Stealth Rock\n|\n|upkeep\n|turn|2\n|\n|t:|1700146308\n|move|p2a: Greninja|Surf|p1a: Trap Card\n|-supereffective|p1a: Trap Card\n|-damage|p1a: Trap Card|0 fnt\n|faint|p1a: Trap Card\n|\n|upkeep\n|\n|t:|1700146315\n|switch|p1a: Small Dealbreaker|Maushold-Four|100\/100\n|turn|3\n|\n|t:|1700146320\n|move|p2a: Greninja|Dark Pulse|p1a: Small Dealbreaker\n|-damage|p1a: Small Dealbreaker|65\/100\n|move|p1a: Small Dealbreaker|Tidy Up|p1a: Small Dealbreaker\n|-sideend|p2: Mattattac|Stealth Rock\n|-activate|p1a: Small Dealbreaker|move: Tidy Up\n|-boost|p1a: Small Dealbreaker|atk|1\n|-boost|p1a: Small Dealbreaker|spe|1\n|\n|upkeep\n|turn|4\n|\n|t:|1700146324\n|move|p1a: Small Dealbreaker|Population Bomb|p2a: Greninja\n|-damage|p2a: Greninja|70\/100\n|-damage|p2a: Greninja|42\/100\n|-damage|p2a: Greninja|14\/100\n|-damage|p2a: Greninja|0 fnt\n|faint|p2a: Greninja\n|-hitcount|p2: Greninja|4\n|\n|upkeep\n|\n|t:|1700146328\n|switch|p2a: Great Tusk|Great Tusk, shiny|100\/100\n|turn|5\n|\n|t:|1700146334\n|-terastallize|p2a: Great Tusk|Steel\n|move|p1a: Small Dealbreaker|Population Bomb|p2a: Great Tusk\n|-resisted|p2a: Great Tusk\n|-damage|p2a: Great Tusk|95\/100\n|-resisted|p2a: Great Tusk\n|-damage|p2a: Great Tusk|89\/100\n|-resisted|p2a: Great Tusk\n|-damage|p2a: Great Tusk|84\/100\n|-resisted|p2a: Great Tusk\n|-damage|p2a: Great Tusk|78\/100\n|-resisted|p2a: Great Tusk\n|-damage|p2a: Great Tusk|73\/100\n|-resisted|p2a: Great Tusk\n|-damage|p2a: Great Tusk|67\/100\n|-resisted|p2a: Great Tusk\n|-damage|p2a: Great Tusk|62\/100\n|-resisted|p2a: Great Tusk\n|-damage|p2a: Great Tusk|55\/100\n|-resisted|p2a: Great Tusk\n|-damage|p2a: Great Tusk|50\/100\n|-resisted|p2a: Great Tusk\n|-damage|p2a: Great Tusk|44\/100\n|-hitcount|p2a: Great Tusk|10\n|move|p2a: Great Tusk|Body Press|p1a: Small Dealbreaker\n|-supereffective|p1a: Small Dealbreaker\n|-crit|p1a: Small Dealbreaker\n|-damage|p1a: Small Dealbreaker|0 fnt\n|faint|p1a: Small Dealbreaker\n|\n|upkeep\n|\n|t:|1700146340\n|switch|p1a: First Impression|Polteageist-Antique|100\/100\n|turn|6\n|\n|t:|1700146344\n|move|p1a: First Impression|Shell Smash|p1a: First Impression\n|-unboost|p1a: First Impression|def|1\n|-unboost|p1a: First Impression|spd|1\n|-boost|p1a: First Impression|atk|2\n|-boost|p1a: First Impression|spa|2\n|-boost|p1a: First Impression|spe|2\n|move|p2a: Great Tusk|Headlong Rush|p1a: First Impression\n|-enditem|p1a: First Impression|Focus Sash\n|-damage|p1a: First Impression|1\/100\n|-unboost|p2a: Great Tusk|def|1\n|-unboost|p2a: Great Tusk|spd|1\n|-ability|p1a: First Impression|Weak Armor|boost\n|-unboost|p1a: First Impression|def|1\n|-boost|p1a: First Impression|spe|2\n|\n|upkeep\n|turn|7\n|\n|t:|1700146353\n|-terastallize|p1a: First Impression|Fighting\n|move|p1a: First Impression|Tera Blast|p2a: Great Tusk|[anim] Tera Blast Fighting\n|-supereffective|p2a: Great Tusk\n|-damage|p2a: Great Tusk|0 fnt\n|faint|p2a: Great Tusk\n|-end|p2a: Great Tusk|Protosynthesis|[silent]\n|\n|upkeep\n|\n|t:|1700146361\n|switch|p2a: Volcarona|Volcarona, M, shiny|100\/100\n|turn|8\n|\n|t:|1700146364\n|move|p1a: First Impression|Stored Power|p2a: Volcarona\n|-damage|p2a: Volcarona|0 fnt\n|faint|p2a: Volcarona\n|\n|upkeep\n|\n|t:|1700146375\n|switch|p2a: Darkrai|Darkrai, shiny|100\/100\n|turn|9\n|\n|t:|1700146377\n|switch|p2a: Calyrex|Calyrex-Shadow|100\/100\n|-ability|p2a: Calyrex|As One\n|-ability|p2a: Calyrex|Unnerve\n|move|p1a: First Impression|Tera Blast|p2a: Calyrex|[anim] Tera Blast Fighting\n|-immune|p2a: Calyrex\n|\n|upkeep\n|turn|10\n|\n|t:|1700146381\n|switch|p2a: Darkrai|Darkrai, shiny|100\/100\n|move|p1a: First Impression|Stored Power|p2a: Darkrai\n|-immune|p2a: Darkrai\n|\n|upkeep\n|turn|11\n|\n|t:|1700146387\n|move|p1a: First Impression|Tera Blast|p2a: Darkrai|[anim] Tera Blast Fighting\n|-supereffective|p2a: Darkrai\n|-damage|p2a: Darkrai|0 fnt\n|faint|p2a: Darkrai\n|\n|upkeep\n|\n|t:|1700146395\n|switch|p2a: Ogerpon|Ogerpon-Hearthflame, F|100\/100\n|-ability|p2a: Ogerpon|Mold Breaker\n|turn|12\n|\n|t:|1700146401\n|move|p1a: First Impression|Stored Power|p2a: Ogerpon\n|-damage|p2a: Ogerpon|0 fnt\n|faint|p2a: Ogerpon\n|\n|upkeep\n|\n|t:|1700146402\n|switch|p2a: Calyrex|Calyrex-Shadow|100\/100\n|-ability|p2a: Calyrex|As One\n|-ability|p2a: Calyrex|Unnerve\n|turn|13\n|\n|t:|1700146406\n|move|p1a: First Impression|Stored Power|p2a: Calyrex\n|-resisted|p2a: Calyrex\n|-damage|p2a: Calyrex|41\/100\n|move|p2a: Calyrex|Psychic|p1a: First Impression\n|-supereffective|p1a: First Impression\n|-crit|p1a: First Impression\n|-damage|p1a: First Impression|0 fnt\n|faint|p1a: First Impression\n|-ability|p2a: Calyrex|Grim Neigh|boost\n|-boost|p2a: Calyrex|spa|1\n|\n|upkeep\n|\n|t:|1700146409\n|switch|p1a: Uno-Reverse|Ditto|100\/100\n|-transform|p1a: Uno-Reverse|p2a: Calyrex|[from] ability: Imposter\n|turn|14\n|\n|t:|1700146412\n|move|p1a: Uno-Reverse|Astral Barrage|p2a: Calyrex\n|-supereffective|p2a: Calyrex\n|-damage|p2a: Calyrex|0 fnt\n|faint|p2a: Calyrex\n|\n|win|shinytanktank\n|raw|shinytanktank's rating: 1246 &rarr; <strong>1274<\/strong><br \/>(+28 for winning)\n|raw|Mattattac's rating: 1288 &rarr; <strong>1260<\/strong><br \/>(-28 for losing)\n","uploadtime":1700146415,"views":6,"p1id":"shinytanktank","p2id":"mattattac","formatid":"gen9anythinggoes","rating":1260,"private":0,"password":""}