{"id":"gen9anythinggoes-1981404385","p1":"americanboi69","p2":"person13","format":"[Gen 9] Anything Goes","log":"|j|\u2606americanboi69\n|j|\u2606person13\n|t:|1698892063\n|gametype|singles\n|player|p1|americanboi69|lucas|1547\n|player|p2|person13|pokekid|1685\n|teamsize|p1|6\n|teamsize|p2|6\n|gen|9\n|tier|[Gen 9] Anything Goes\n|rated|\n|rule|HP Percentage Mod: HP is shown in percentages\n|rule|Endless Battle Clause: Forcing endless battles is banned\n|clearpoke\n|poke|p1|Calyrex-Shadow|\n|poke|p1|Pawmot, M|\n|poke|p1|Kyogre|\n|poke|p1|Houndstone, F|\n|poke|p1|Zacian-*|\n|poke|p1|Urshifu-*, F|\n|poke|p2|Flutter Mane|\n|poke|p2|Skeledirge, M|\n|poke|p2|Koraidon|\n|poke|p2|Toxapex, F|\n|poke|p2|Kingambit, M|\n|poke|p2|Glimmora, M|\n|teampreview\n|inactive|Battle timer is ON: inactive players will automatically lose when time's up. (requested by americanboi69)\n|\n|t:|1698892066\n|start\n|switch|p1a: Urshifu|Urshifu, F|100\/100\n|switch|p2a: Glimmora|Glimmora, M|100\/100\n|turn|1\n|\n|t:|1698892071\n|move|p1a: Urshifu|Taunt|p2a: Glimmora\n|-start|p2a: Glimmora|move: Taunt\n|cant|p2a: Glimmora|move: Taunt|Stealth Rock\n|\n|upkeep\n|turn|2\n|\n|t:|1698892075\n|move|p1a: Urshifu|Swords Dance|p1a: Urshifu\n|-boost|p1a: Urshifu|atk|2\n|move|p2a: Glimmora|Power Gem|p1a: Urshifu\n|-resisted|p1a: Urshifu\n|-damage|p1a: Urshifu|69\/100\n|\n|upkeep\n|turn|3\n|\n|t:|1698892081\n|move|p1a: Urshifu|Sucker Punch|p2a: Glimmora\n|-damage|p2a: Glimmora|10\/100\n|-activate|p2a: Glimmora|ability: Toxic Debris\n|-sidestart|p1: americanboi69|move: Toxic Spikes\n|move|p2a: Glimmora|Mortal Spin|p1a: Urshifu\n|-damage|p1a: Urshifu|63\/100\n|-status|p1a: Urshifu|psn\n|\n|-damage|p1a: Urshifu|51\/100 psn|[from] psn\n|-end|p2a: Glimmora|move: Taunt\n|upkeep\n|turn|4\n|\n|t:|1698892088\n|move|p1a: Urshifu|Sucker Punch|p2a: Glimmora\n|-damage|p2a: Glimmora|0 fnt\n|-activate|p2a: Glimmora|ability: Toxic Debris\n|-sidestart|p1: americanboi69|move: Toxic Spikes\n|faint|p2a: Glimmora\n|\n|-damage|p1a: Urshifu|38\/100 psn|[from] psn\n|upkeep\n|\n|t:|1698892101\n|switch|p2a: Toxapex|Toxapex, F|100\/100\n|turn|5\n|\n|t:|1698892104\n|move|p2a: Toxapex|Baneful Bunker|p2a: Toxapex\n|-singleturn|p2a: Toxapex|move: Protect\n|move|p1a: Urshifu|Wicked Blow|p2a: Toxapex\n|-crit|p2a: Toxapex\n|-damage|p2a: Toxapex|17\/100\n|\n|-heal|p2a: Toxapex|23\/100|[from] item: Leftovers\n|-damage|p1a: Urshifu|26\/100 psn|[from] psn\n|upkeep\n|turn|6\n|\n|t:|1698892111\n|switch|p2a: Koraidon|Koraidon|100\/100\n|-weather|SunnyDay|[from] ability: Orichalcum Pulse|[of] p2a: Koraidon\n|-activate|p2a: Koraidon|Orichalcum Pulse|[source]\n|move|p1a: Urshifu|Wicked Blow|p2a: Koraidon\n|-resisted|p2a: Koraidon\n|-crit|p2a: Koraidon\n|-damage|p2a: Koraidon|45\/100\n|\n|-weather|SunnyDay|[upkeep]\n|-damage|p1a: Urshifu|14\/100 psn|[from] psn\n|upkeep\n|turn|7\n|\n|t:|1698892121\n|move|p1a: Urshifu|Sucker Punch|p2a: Koraidon\n|-resisted|p2a: Koraidon\n|-damage|p2a: Koraidon|15\/100\n|move|p2a: Koraidon|U-turn|p1a: Urshifu\n|-crit|p1a: Urshifu\n|-damage|p1a: Urshifu|0 fnt\n|faint|p1a: Urshifu\n|\n|t:|1698892123\n|switch|p2a: Flutter Mane|Flutter Mane, shiny|100\/100|[from] U-turn\n|-activate|p2a: Flutter Mane|ability: Protosynthesis\n|-start|p2a: Flutter Mane|protosynthesisspe\n|\n|-weather|SunnyDay|[upkeep]\n|upkeep\n|\n|t:|1698892126\n|switch|p1a: BREAKING BAD|Houndstone, F|100\/100\n|-status|p1a: BREAKING BAD|tox\n|turn|8\n|\n|t:|1698892130\n|move|p1a: BREAKING BAD|Shadow Sneak|p2a: Flutter Mane\n|-supereffective|p2a: Flutter Mane\n|-damage|p2a: Flutter Mane|17\/100\n|move|p2a: Flutter Mane|Shadow Ball|p1a: BREAKING BAD\n|-supereffective|p1a: BREAKING BAD\n|-enditem|p1a: BREAKING BAD|Focus Sash\n|-damage|p1a: BREAKING BAD|1\/100 tox\n|-unboost|p1a: BREAKING BAD|spd|1\n|\n|-weather|SunnyDay|[upkeep]\n|-damage|p1a: BREAKING BAD|0 fnt|[from] psn\n|faint|p1a: BREAKING BAD\n|upkeep\n|\n|t:|1698892143\n|switch|p1a: WANNABE DOG|Zacian-Crowned|100\/100\n|-ability|p1a: WANNABE DOG|Intrepid Sword|boost\n|-boost|p1a: WANNABE DOG|atk|1\n|turn|9\n|\n|t:|1698892149\n|-end|p2a: Flutter Mane|Protosynthesis|[silent]\n|switch|p2a: Toxapex|Toxapex, F|57\/100\n|-terastallize|p1a: WANNABE DOG|Fairy\n|move|p1a: WANNABE DOG|Play Rough|p2a: Toxapex\n|-resisted|p2a: Toxapex\n|-damage|p2a: Toxapex|20\/100\n|\n|-weather|SunnyDay|[upkeep]\n|-heal|p2a: Toxapex|26\/100|[from] item: Leftovers\n|upkeep\n|turn|10\n|\n|t:|1698892158\n|move|p2a: Toxapex|Baneful Bunker|p2a: Toxapex\n|-singleturn|p2a: Toxapex|move: Protect\n|move|p1a: WANNABE DOG|Play Rough|p2a: Toxapex\n|-activate|p2a: Toxapex|move: Protect\n|-status|p1a: WANNABE DOG|psn\n|\n|-weather|none\n|-heal|p2a: Toxapex|32\/100|[from] item: Leftovers\n|-damage|p1a: WANNABE DOG|88\/100 psn|[from] psn\n|upkeep\n|turn|11\n|\n|t:|1698892163\n|move|p1a: WANNABE DOG|Play Rough|p2a: Toxapex\n|-resisted|p2a: Toxapex\n|-damage|p2a: Toxapex|0 fnt\n|faint|p2a: Toxapex\n|\n|-damage|p1a: WANNABE DOG|76\/100 psn|[from] psn\n|upkeep\n|\n|t:|1698892168\n|switch|p2a: Koraidon|Koraidon|15\/100\n|-weather|SunnyDay|[from] ability: Orichalcum Pulse|[of] p2a: Koraidon\n|-activate|p2a: Koraidon|Orichalcum Pulse|[source]\n|turn|12\n|\n|t:|1698892172\n|move|p1a: WANNABE DOG|Play Rough|p2a: Koraidon\n|-supereffective|p2a: Koraidon\n|-damage|p2a: Koraidon|0 fnt\n|faint|p2a: Koraidon\n|\n|-weather|SunnyDay|[upkeep]\n|-damage|p1a: WANNABE DOG|64\/100 psn|[from] psn\n|upkeep\n|\n|t:|1698892175\n|switch|p2a: Flutter Mane|Flutter Mane, shiny|17\/100\n|-activate|p2a: Flutter Mane|ability: Protosynthesis\n|-start|p2a: Flutter Mane|protosynthesisspe\n|turn|13\n|\n|t:|1698892182\n|move|p2a: Flutter Mane|Moonblast|p1a: WANNABE DOG\n|-damage|p1a: WANNABE DOG|0 fnt\n|faint|p1a: WANNABE DOG\n|\n|-weather|SunnyDay|[upkeep]\n|upkeep\n|\n|t:|1698892194\n|switch|p1a: Im Random|Pawmot, M|100\/100\n|-status|p1a: Im Random|tox\n|turn|14\n|\n|t:|1698892198\n|move|p2a: Flutter Mane|Moonblast|p1a: Im Random\n|-supereffective|p1a: Im Random\n|-enditem|p1a: Im Random|Focus Sash\n|-damage|p1a: Im Random|1\/100 tox\n|move|p1a: Im Random|Revival Blessing|p1a: Im Random\n|\n|t:|1698892205\n|-heal|p1: Urshifu|50\/100|[from] move: Revival Blessing\n|\n|-weather|SunnyDay|[upkeep]\n|-damage|p1a: Im Random|0 fnt|[from] psn\n|faint|p1a: Im Random\n|upkeep\n|\n|t:|1698892211\n|switch|p1a: Urshifu|Urshifu, F|50\/100\n|-status|p1a: Urshifu|tox\n|turn|15\n|\n|t:|1698892213\n|-end|p2a: Flutter Mane|Protosynthesis|[silent]\n|switch|p2a: Kingambit|Kingambit, M|100\/100\n|-activate|p2a: Kingambit|ability: Supreme Overlord\n|-start|p2a: Kingambit|fallen3|[silent]\n|move|p1a: Urshifu|Sucker Punch||[still]\n|-fail|p1a: Urshifu\n|\n|-weather|SunnyDay|[upkeep]\n|-damage|p1a: Urshifu|44\/100 tox|[from] psn\n|upkeep\n|turn|16\n|\n|t:|1698892223\n|-terastallize|p2a: Kingambit|Ghost\n|move|p1a: Urshifu|Sucker Punch|p2a: Kingambit\n|-supereffective|p2a: Kingambit\n|-damage|p2a: Kingambit|43\/100\n|move|p2a: Kingambit|Iron Head|p1a: Urshifu\n|-damage|p1a: Urshifu|0 fnt\n|faint|p1a: Urshifu\n|\n|-weather|none\n|upkeep\n|\n|t:|1698892232\n|switch|p1a: Emo Kid|Calyrex-Shadow|100\/100\n|-ability|p1a: Emo Kid|As One\n|-ability|p1a: Emo Kid|Unnerve\n|-status|p1a: Emo Kid|tox\n|turn|17\n|\n|t:|1698892233\n|move|p2a: Kingambit|Sucker Punch|p1a: Emo Kid\n|-supereffective|p1a: Emo Kid\n|-enditem|p1a: Emo Kid|Focus Sash\n|-damage|p1a: Emo Kid|1\/100 tox\n|move|p1a: Emo Kid|Astral Barrage|p2a: Kingambit\n|-supereffective|p2a: Kingambit\n|-damage|p2a: Kingambit|0 fnt\n|faint|p2a: Kingambit\n|-end|p2a: Kingambit|fallen3|[silent]\n|-ability|p1a: Emo Kid|Grim Neigh|boost\n|-boost|p1a: Emo Kid|spa|1\n|\n|-damage|p1a: Emo Kid|0 fnt|[from] psn\n|faint|p1a: Emo Kid\n|upkeep\n|\n|t:|1698892246\n|switch|p1a: FAT WHALE|Kyogre|100\/100\n|switch|p2a: Flutter Mane|Flutter Mane, shiny|17\/100\n|-status|p1a: FAT WHALE|tox\n|-weather|RainDance|[from] ability: Drizzle|[of] p1a: FAT WHALE\n|turn|18\n|\n|t:|1698892248\n|move|p1a: FAT WHALE|Origin Pulse|p2a: Flutter Mane|[miss]\n|-miss|p1a: FAT WHALE|p2a: Flutter Mane\n|move|p2a: Flutter Mane|Moonblast|p1a: FAT WHALE\n|-damage|p1a: FAT WHALE|45\/100 tox\n|\n|-weather|RainDance|[upkeep]\n|-damage|p1a: FAT WHALE|39\/100 tox|[from] psn\n|upkeep\n|turn|19\n|\n|t:|1698892252\n|move|p1a: FAT WHALE|Origin Pulse|p2a: Flutter Mane\n|-damage|p2a: Flutter Mane|0 fnt\n|faint|p2a: Flutter Mane\n|-end|p2a: Flutter Mane|Protosynthesis|[silent]\n|\n|-weather|RainDance|[upkeep]\n|-damage|p1a: FAT WHALE|27\/100 tox|[from] psn\n|upkeep\n|\n|t:|1698892254\n|switch|p2a: Skeledirge|Skeledirge, M|100\/100\n|turn|20\n|\n|t:|1698892257\n|move|p1a: FAT WHALE|Origin Pulse|p2a: Skeledirge\n|-supereffective|p2a: Skeledirge\n|-damage|p2a: Skeledirge|0 fnt\n|faint|p2a: Skeledirge\n|\n|win|americanboi69\n|raw|americanboi69's rating: 1547 &rarr; <strong>1575<\/strong><br \/>(+28 for winning)\n|raw|person13's rating: 1685 &rarr; <strong>1657<\/strong><br \/>(-28 for losing)\n|l|\u2606person13\n|c|\u2606americanboi69|gg\n","uploadtime":1698892270,"views":7,"p1id":"americanboi69","p2id":"person13","formatid":"gen9anythinggoes","rating":1575,"private":0,"password":""}