{"id":"gen9anythinggoes-1984667643","p1":"Jojos is pipi","p2":"eurybie","format":"[Gen 9] Anything Goes","log":"|j|\u2606Jojos is pipi\n|j|\u2606eurybie\n|t:|1699289264\n|gametype|singles\n|player|p1|Jojos is pipi|peonia|1771\n|player|p2|eurybie|169|1891\n|teamsize|p1|6\n|teamsize|p2|6\n|gen|9\n|tier|[Gen 9] Anything Goes\n|rated|\n|rule|HP Percentage Mod: HP is shown in percentages\n|rule|Endless Battle Clause: Forcing endless battles is banned\n|clearpoke\n|poke|p1|Grimmsnarl, M|\n|poke|p1|Glimmora, M|\n|poke|p1|Arceus|\n|poke|p1|Arceus-Ground|\n|poke|p1|Koraidon|\n|poke|p1|Calyrex-Shadow|\n|poke|p2|Miraidon|\n|poke|p2|Grimmsnarl, M|\n|poke|p2|Skeledirge, F|\n|poke|p2|Blissey, F|\n|poke|p2|Moltres|\n|poke|p2|Calyrex-Ice|\n|teampreview\n|inactive|Battle timer is ON: inactive players will automatically lose when time's up. (requested by Jojos is pipi)\n|\n|t:|1699289279\n|start\n|switch|p1a: Glimmora|Glimmora, M|100\/100\n|switch|p2a: Miraidon|Miraidon|100\/100\n|-fieldstart|move: Electric Terrain|[from] ability: Hadron Engine|[of] p2a: Miraidon\n|turn|1\n|inactive|Jojos is pipi has 120 seconds left.\n|\n|t:|1699289311\n|move|p2a: Miraidon|Dragon Pulse|p1a: Glimmora\n|-damage|p1a: Glimmora|26\/100\n|move|p1a: Glimmora|Mortal Spin|p2a: Miraidon\n|-damage|p2a: Miraidon|95\/100\n|-status|p2a: Miraidon|psn\n|\n|-damage|p2a: Miraidon|83\/100 psn|[from] psn\n|upkeep\n|turn|2\n|\n|t:|1699289321\n|move|p2a: Miraidon|Electro Drift|p1a: Glimmora\n|-damage|p1a: Glimmora|0 fnt\n|faint|p1a: Glimmora\n|\n|-damage|p2a: Miraidon|70\/100 psn|[from] psn\n|upkeep\n|inactive|Jojos is pipi has 120 seconds left.\n|\n|t:|1699289333\n|switch|p1a: Koraidon|Koraidon|100\/100\n|-weather|SunnyDay|[from] ability: Orichalcum Pulse|[of] p1a: Koraidon\n|-activate|p1a: Koraidon|Orichalcum Pulse|[source]\n|turn|3\n|\n|t:|1699289346\n|-terastallize|p2a: Miraidon|Fairy\n|move|p1a: Koraidon|Scale Shot|p2a: Miraidon\n|-immune|p2a: Miraidon\n|move|p2a: Miraidon|Dragon Pulse|p1a: Koraidon\n|-supereffective|p1a: Koraidon\n|-damage|p1a: Koraidon|0 fnt\n|faint|p1a: Koraidon\n|\n|-weather|SunnyDay|[upkeep]\n|-damage|p2a: Miraidon|58\/100 psn|[from] psn\n|upkeep\n|\n|t:|1699289357\n|switch|p1a: Calyrex|Calyrex-Shadow|100\/100\n|-ability|p1a: Calyrex|As One\n|-ability|p1a: Calyrex|Unnerve\n|turn|4\n|inactive|Jojos is pipi has 120 seconds left.\n|\n|t:|1699289374\n|switch|p2a: Grimmsnarl|Grimmsnarl, M|100\/100\n|move|p1a: Calyrex|Nasty Plot|p1a: Calyrex\n|-boost|p1a: Calyrex|spa|2\n|\n|-weather|SunnyDay|[upkeep]\n|upkeep\n|turn|5\n|\n|t:|1699289381\n|-terastallize|p1a: Calyrex|Fairy\n|move|p1a: Calyrex|Draining Kiss|p2a: Grimmsnarl\n|-supereffective|p2a: Grimmsnarl\n|-damage|p2a: Grimmsnarl|1\/100\n|move|p2a: Grimmsnarl|Spirit Break|p1a: Calyrex\n|-damage|p1a: Calyrex|69\/100\n|-unboost|p1a: Calyrex|spa|1\n|\n|-weather|SunnyDay|[upkeep]\n|-heal|p1a: Calyrex|75\/100|[from] item: Leftovers\n|-fieldend|move: Electric Terrain\n|upkeep\n|turn|6\n|\n|t:|1699289393\n|move|p2a: Grimmsnarl|Thunder Wave|p1a: Calyrex\n|-status|p1a: Calyrex|par\n|move|p1a: Calyrex|Draining Kiss|p2a: Grimmsnarl\n|-supereffective|p2a: Grimmsnarl\n|-damage|p2a: Grimmsnarl|0 fnt\n|-heal|p1a: Calyrex|75\/100 par|[from] drain|[of] p2a: Grimmsnarl\n|faint|p2a: Grimmsnarl\n|-ability|p1a: Calyrex|Grim Neigh|boost\n|-boost|p1a: Calyrex|spa|1\n|\n|-weather|SunnyDay|[upkeep]\n|-heal|p1a: Calyrex|81\/100 par|[from] item: Leftovers\n|upkeep\n|\n|t:|1699289404\n|switch|p2a: Miraidon|Miraidon, tera:Fairy|58\/100 psn\n|-fieldstart|move: Electric Terrain|[from] ability: Hadron Engine|[of] p2a: Miraidon\n|turn|7\n|\n|t:|1699289410\n|move|p2a: Miraidon|Electro Drift|p1a: Calyrex\n|-damage|p1a: Calyrex|0 fnt\n|faint|p1a: Calyrex\n|\n|-weather|none\n|-damage|p2a: Miraidon|46\/100 psn|[from] psn\n|upkeep\n|-message|Jojos is pipi forfeited.\n|\n|win|eurybie\n|raw|Jojos is pipi's rating: 1771 &rarr; <strong>1758<\/strong><br \/>(-13 for losing)\n|raw|eurybie's rating: 1891 &rarr; <strong>1904<\/strong><br \/>(+13 for winning)\n|l|\u2606Jojos is pipi\n","uploadtime":1699289432,"views":6,"p1id":"jojosispipi","p2id":"eurybie","formatid":"gen9anythinggoes","rating":1758,"private":0,"password":""}