{"id":"gen9anythinggoes-1993861739","p1":"mkind","p2":"R2D2t","format":"[Gen 9] Anything Goes","log":"|j|\u2606mkind\n|j|\u2606R2D2t\n|t:|1700366662\n|gametype|singles\n|player|p1|mkind|lucas|1254\n|player|p2|R2D2t|shadowtriad|1302\n|teamsize|p1|6\n|teamsize|p2|6\n|gen|9\n|tier|[Gen 9] Anything Goes\n|rated|\n|rule|HP Percentage Mod: HP is shown in percentages\n|rule|Endless Battle Clause: Forcing endless battles is banned\n|clearpoke\n|poke|p1|Arceus|\n|poke|p1|Arceus-Fairy|\n|poke|p1|Calyrex-Shadow|\n|poke|p1|Koraidon|\n|poke|p1|Zacian-*|\n|poke|p1|Ting-Lu|\n|poke|p2|Giratina-Origin|\n|poke|p2|Dragapult, F|\n|poke|p2|Gholdengo|\n|poke|p2|Gengar, M|\n|poke|p2|Skeledirge, F|\n|poke|p2|Chien-Pao|\n|teampreview\n|inactive|Battle timer is ON: inactive players will automatically lose when time's up. (requested by mkind)\n|\n|t:|1700366670\n|start\n|switch|p1a: Calyrex|Calyrex-Shadow|100\/100\n|switch|p2a: Fast Gold|Gholdengo|100\/100\n|-ability|p1a: Calyrex|As One\n|-ability|p1a: Calyrex|Unnerve\n|turn|1\n|\n|t:|1700366683\n|switch|p2a: Spooky Man|Gengar, M|100\/100\n|-terastallize|p1a: Calyrex|Normal\n|move|p1a: Calyrex|Nasty Plot|p1a: Calyrex\n|-boost|p1a: Calyrex|spa|2\n|\n|upkeep\n|turn|2\n|\n|t:|1700366694\n|move|p1a: Calyrex|Psychic|p2a: Spooky Man\n|-supereffective|p2a: Spooky Man\n|-enditem|p2a: Spooky Man|Focus Sash\n|-damage|p2a: Spooky Man|1\/100\n|move|p2a: Spooky Man|Destiny Bond|p2a: Spooky Man\n|-singlemove|p2a: Spooky Man|Destiny Bond\n|\n|upkeep\n|turn|3\n|\n|t:|1700366720\n|switch|p1a: Arceus|Arceus|100\/100\n|move|p2a: Spooky Man|Haze|p2a: Spooky Man\n|-clearallboost\n|\n|upkeep\n|turn|4\n|\n|t:|1700366728\n|move|p2a: Spooky Man|Will-O-Wisp|p1a: Arceus\n|-status|p1a: Arceus|brn\n|move|p1a: Arceus|Earthquake|p2a: Spooky Man\n|-supereffective|p2a: Spooky Man\n|-damage|p2a: Spooky Man|0 fnt\n|faint|p2a: Spooky Man\n|\n|-damage|p1a: Arceus|94\/100 brn|[from] brn\n|upkeep\n|\n|t:|1700366739\n|switch|p2a: The Devil|Giratina-Origin, shiny|100\/100\n|turn|5\n|\n|t:|1700366747\n|switch|p1a: Arceus|Arceus-Fairy|100\/100\n|move|p2a: The Devil|Dragon Tail|p1a: Arceus\n|-immune|p1a: Arceus\n|\n|upkeep\n|turn|6\n|\n|t:|1700366756\n|-terastallize|p2a: The Devil|Electric\n|move|p1a: Arceus|Calm Mind|p1a: Arceus\n|-boost|p1a: Arceus|spa|1\n|-boost|p1a: Arceus|spd|1\n|move|p2a: The Devil|Thunderbolt|p1a: Arceus\n|-damage|p1a: Arceus|82\/100\n|\n|upkeep\n|turn|7\n|\n|t:|1700366765\n|move|p1a: Arceus|Calm Mind|p1a: Arceus\n|-boost|p1a: Arceus|spa|1\n|-boost|p1a: Arceus|spd|1\n|move|p2a: The Devil|Dragon Tail|p1a: Arceus\n|-immune|p1a: Arceus\n|\n|upkeep\n|turn|8\n|\n|t:|1700366773\n|move|p1a: Arceus|Judgment|p2a: The Devil\n|-damage|p2a: The Devil|25\/100\n|move|p2a: The Devil|Earthquake|p1a: Arceus\n|-damage|p1a: Arceus|56\/100\n|\n|upkeep\n|turn|9\n|\n|t:|1700366794\n|switch|p2a: Spooky Flames|Skeledirge, F, shiny|100\/100\n|move|p1a: Arceus|Recover|p1a: Arceus\n|-heal|p1a: Arceus|100\/100\n|\n|upkeep\n|turn|10\n|\n|t:|1700366802\n|move|p1a: Arceus|Earth Power|p2a: Spooky Flames\n|-supereffective|p2a: Spooky Flames\n|-damage|p2a: Spooky Flames|38\/100\n|move|p2a: Spooky Flames|Yawn|p1a: Arceus\n|-start|p1a: Arceus|move: Yawn|[of] p2a: Spooky Flames\n|\n|upkeep\n|turn|11\n|\n|t:|1700366809\n|move|p1a: Arceus|Earth Power|p2a: Spooky Flames\n|-supereffective|p2a: Spooky Flames\n|-damage|p2a: Spooky Flames|0 fnt\n|faint|p2a: Spooky Flames\n|\n|-end|p1a: Arceus|move: Yawn|[silent]\n|-status|p1a: Arceus|slp\n|upkeep\n|\n|t:|1700366820\n|switch|p2a: Bast Father|Dragapult, F|100\/100\n|turn|12\n|\n|t:|1700366827\n|move|p2a: Bast Father|Dragon Darts|p1a: Arceus\n|-immune|p1a: Arceus\n|cant|p1a: Arceus|slp\n|\n|upkeep\n|turn|13\n|\n|t:|1700366833\n|move|p2a: Bast Father|Flamethrower|p1a: Arceus\n|-damage|p1a: Arceus|93\/100 slp\n|cant|p1a: Arceus|slp\n|\n|upkeep\n|turn|14\n|\n|t:|1700366843\n|move|p2a: Bast Father|U-turn|p1a: Arceus\n|-resisted|p1a: Arceus\n|-damage|p1a: Arceus|84\/100 slp\n|\n|t:|1700366847\n|switch|p2a: Fast Gold|Gholdengo|100\/100|[from] U-turn\n|cant|p1a: Arceus|slp\n|\n|upkeep\n|turn|15\n|\n|t:|1700366855\n|-curestatus|p1a: Arceus|slp|[msg]\n|move|p1a: Arceus|Earth Power|p2a: Fast Gold\n|-supereffective|p2a: Fast Gold\n|-damage|p2a: Fast Gold|19\/100\n|move|p2a: Fast Gold|Make It Rain|p1a: Arceus\n|-supereffective|p1a: Arceus\n|-damage|p1a: Arceus|43\/100\n|-unboost|p2a: Fast Gold|spa|1\n|\n|upkeep\n|turn|16\n|\n|t:|1700366868\n|move|p1a: Arceus|Earth Power|p2a: Fast Gold\n|-supereffective|p2a: Fast Gold\n|-damage|p2a: Fast Gold|0 fnt\n|faint|p2a: Fast Gold\n|\n|upkeep\n|-message|R2D2t forfeited.\n|\n|win|mkind\n|raw|mkind's rating: 1254 &rarr; <strong>1282<\/strong><br \/>(+28 for winning)\n|raw|R2D2t's rating: 1302 &rarr; <strong>1279<\/strong><br \/>(-23 for losing)\n|l|\u2606R2D2t\n","uploadtime":1700366880,"views":2,"p1id":"mkind","p2id":"r2d2t","formatid":"gen9anythinggoes","rating":1279,"private":0,"password":""}