{"id":"gen9anythinggoes-1999758465","p1":"nvybds","p2":"flyingscotsman22","format":"[Gen 9] Anything Goes","log":"|j|\u2606nvybds\n|j|\u2606flyingscotsman22\n|t:|1701114078\n|gametype|singles\n|player|p1|nvybds|170|1164\n|player|p2|flyingscotsman22|170|1083\n|teamsize|p1|6\n|teamsize|p2|6\n|gen|9\n|tier|[Gen 9] Anything Goes\n|rated|\n|rule|HP Percentage Mod: HP is shown in percentages\n|rule|Endless Battle Clause: Forcing endless battles is banned\n|clearpoke\n|poke|p1|Regieleki|\n|poke|p1|Gliscor, F|\n|poke|p1|Zamazenta-*|\n|poke|p1|Maushold-Four|\n|poke|p1|Drifblim, M|\n|poke|p1|Mienshao, M|\n|poke|p2|Samurott, M|\n|poke|p2|Gardevoir, M|\n|poke|p2|Dialga|\n|poke|p2|Volcarona, F|\n|poke|p2|Haxorus, F|\n|poke|p2|Kyogre|\n|teampreview\n|\n|t:|1701114082\n|start\n|switch|p1a: Gliscor|Gliscor, F|100\/100\n|switch|p2a: Gardevoir|Gardevoir, M|100\/100\n|turn|1\n|\n|t:|1701114095\n|move|p2a: Gardevoir|Psychic|p1a: Gliscor\n|-damage|p1a: Gliscor|60\/100\n|move|p1a: Gliscor|Stealth Rock|p2a: Gardevoir\n|-sidestart|p2: flyingscotsman22|move: Stealth Rock\n|\n|-status|p1a: Gliscor|tox|[from] item: Toxic Orb\n|upkeep\n|turn|2\n|\n|t:|1701114102\n|move|p2a: Gardevoir|Psychic|p1a: Gliscor\n|-damage|p1a: Gliscor|18\/100 tox\n|-unboost|p1a: Gliscor|spd|1\n|move|p1a: Gliscor|Spikes|p2a: Gardevoir\n|-sidestart|p2: flyingscotsman22|Spikes\n|\n|-heal|p1a: Gliscor|30\/100 tox|[from] ability: Poison Heal\n|upkeep\n|turn|3\n|\n|t:|1701114109\n|move|p2a: Gardevoir|Psychic|p1a: Gliscor\n|-damage|p1a: Gliscor|0 fnt\n|faint|p1a: Gliscor\n|\n|upkeep\n|\n|t:|1701114113\n|switch|p1a: Regieleki|Regieleki|100\/100\n|turn|4\n|\n|t:|1701114119\n|move|p1a: Regieleki|Volt Switch|p2a: Gardevoir\n|-damage|p2a: Gardevoir|54\/100\n|\n|t:|1701114123\n|switch|p1a: Zamazenta|Zamazenta-Crowned|100\/100|[from] Volt Switch\n|-ability|p1a: Zamazenta|Dauntless Shield|boost\n|-boost|p1a: Zamazenta|def|1\n|move|p2a: Gardevoir|Energy Ball|p1a: Zamazenta\n|-resisted|p1a: Zamazenta\n|-damage|p1a: Zamazenta|91\/100\n|\n|upkeep\n|turn|5\n|\n|t:|1701114133\n|move|p1a: Zamazenta|Iron Defense|p1a: Zamazenta\n|-boost|p1a: Zamazenta|def|2\n|move|p2a: Gardevoir|Psychic|p1a: Zamazenta\n|-damage|p1a: Zamazenta|60\/100\n|\n|upkeep\n|turn|6\n|\n|t:|1701114144\n|move|p1a: Zamazenta|Body Press|p2a: Gardevoir\n|-resisted|p2a: Gardevoir\n|-damage|p2a: Gardevoir|4\/100\n|move|p2a: Gardevoir|Psychic|p1a: Zamazenta\n|-damage|p1a: Zamazenta|28\/100\n|\n|upkeep\n|turn|7\n|\n|t:|1701114151\n|move|p1a: Zamazenta|Body Press|p2a: Gardevoir\n|-resisted|p2a: Gardevoir\n|-damage|p2a: Gardevoir|0 fnt\n|faint|p2a: Gardevoir\n|\n|upkeep\n|\n|t:|1701114160\n|switch|p2a: Volcarona|Volcarona, F|100\/100\n|-damage|p2a: Volcarona|51\/100|[from] Stealth Rock\n|-damage|p2a: Volcarona|38\/100|[from] Spikes\n|turn|8\n|\n|t:|1701114167\n|move|p2a: Volcarona|Flamethrower|p1a: Zamazenta\n|-supereffective|p1a: Zamazenta\n|-damage|p1a: Zamazenta|0 fnt\n|faint|p1a: Zamazenta\n|\n|upkeep\n|\n|t:|1701114172\n|switch|p1a: Mienshao|Mienshao, M|100\/100\n|turn|9\n|\n|t:|1701114178\n|move|p1a: Mienshao|Fake Out|p2a: Volcarona\n|-damage|p2a: Volcarona|17\/100\n|-status|p1a: Mienshao|brn|[from] ability: Flame Body|[of] p2a: Volcarona\n|cant|p2a: Volcarona|flinch\n|\n|-damage|p1a: Mienshao|95\/100 brn|[from] brn\n|upkeep\n|turn|10\n|\n|t:|1701114190\n|move|p2a: Volcarona|Air Slash|p1a: Mienshao\n|-supereffective|p1a: Mienshao\n|-crit|p1a: Mienshao\n|-damage|p1a: Mienshao|0 fnt\n|faint|p1a: Mienshao\n|\n|upkeep\n|\n|t:|1701114195\n|switch|p1a: Drifblim|Drifblim, M|100\/100\n|turn|11\n|\n|t:|1701114200\n|move|p2a: Volcarona|Will-O-Wisp|p1a: Drifblim\n|-status|p1a: Drifblim|brn\n|move|p1a: Drifblim|Knock Off|p2a: Volcarona\n|-damage|p2a: Volcarona|2\/100\n|-enditem|p2a: Volcarona|Flame Plate|[from] move: Knock Off|[of] p1a: Drifblim\n|\n|-damage|p1a: Drifblim|94\/100 brn|[from] brn\n|upkeep\n|turn|12\n|\n|t:|1701114209\n|move|p2a: Volcarona|Air Slash|p1a: Drifblim\n|-damage|p1a: Drifblim|69\/100 brn\n|move|p1a: Drifblim|Knock Off|p2a: Volcarona\n|-damage|p2a: Volcarona|0 fnt\n|faint|p2a: Volcarona\n|\n|-damage|p1a: Drifblim|62\/100 brn|[from] brn\n|upkeep\n|\n|t:|1701114223\n|switch|p2a: Haxorus|Haxorus, F, shiny|100\/100\n|-damage|p2a: Haxorus|88\/100|[from] Stealth Rock\n|-damage|p2a: Haxorus|76\/100|[from] Spikes\n|turn|13\n|\n|t:|1701114228\n|move|p2a: Haxorus|Rock Slide|p1a: Drifblim\n|-supereffective|p1a: Drifblim\n|-damage|p1a: Drifblim|18\/100 brn\n|move|p1a: Drifblim|Minimize|p1a: Drifblim\n|-boost|p1a: Drifblim|evasion|2\n|\n|-damage|p1a: Drifblim|12\/100 brn|[from] brn\n|upkeep\n|turn|14\n|\n|t:|1701114238\n|move|p2a: Haxorus|Dragon Dance|p2a: Haxorus\n|-boost|p2a: Haxorus|atk|1\n|-boost|p2a: Haxorus|spe|1\n|move|p1a: Drifblim|Minimize|p1a: Drifblim\n|-boost|p1a: Drifblim|evasion|2\n|\n|-damage|p1a: Drifblim|6\/100 brn|[from] brn\n|upkeep\n|turn|15\n|\n|t:|1701114246\n|move|p2a: Haxorus|Dragon Dance|p2a: Haxorus\n|-boost|p2a: Haxorus|atk|1\n|-boost|p2a: Haxorus|spe|1\n|move|p1a: Drifblim|Baton Pass|p1a: Drifblim\n|\n|t:|1701114254\n|switch|p1a: Regieleki|Regieleki|100\/100|[from] Baton Pass\n|\n|upkeep\n|turn|16\n|\n|t:|1701114263\n|-terastallize|p1a: Regieleki|Ground\n|move|p2a: Haxorus|Earthquake|p1a: Regieleki|[miss]\n|-miss|p2a: Haxorus|p1a: Regieleki\n|move|p1a: Regieleki|Tera Blast|p2a: Haxorus|[anim] Tera Blast Ground\n|-damage|p2a: Haxorus|10\/100\n|\n|upkeep\n|turn|17\n|c|\u2606flyingscotsman22|oh no\n|\n|t:|1701114278\n|move|p1a: Regieleki|Extreme Speed|p2a: Haxorus\n|-damage|p2a: Haxorus|0 fnt\n|faint|p2a: Haxorus\n|\n|upkeep\n|\n|t:|1701114286\n|switch|p2a: Kyogre|Kyogre|100\/100\n|-damage|p2a: Kyogre|88\/100|[from] Stealth Rock\n|-damage|p2a: Kyogre|76\/100|[from] Spikes\n|-weather|RainDance|[from] ability: Drizzle|[of] p2a: Kyogre\n|turn|18\n|\n|t:|1701114293\n|-terastallize|p2a: Kyogre|Water\n|move|p1a: Regieleki|Volt Switch|p2a: Kyogre\n|-supereffective|p2a: Kyogre\n|-damage|p2a: Kyogre|9\/100\n|\n|t:|1701114299\n|switch|p1a: Drifblim|Drifblim, M|6\/100 brn|[from] Volt Switch\n|move|p2a: Kyogre|Origin Pulse|p1a: Drifblim\n|-damage|p1a: Drifblim|0 fnt\n|faint|p1a: Drifblim\n|\n|-weather|RainDance|[upkeep]\n|-heal|p2a: Kyogre|15\/100|[from] item: Leftovers\n|upkeep\n|\n|t:|1701114307\n|switch|p1a: Maushold|Maushold-Four|100\/100\n|turn|19\n|\n|t:|1701114318\n|move|p1a: Maushold|Population Bomb|p2a: Kyogre\n|-damage|p2a: Kyogre|0 fnt\n|faint|p2a: Kyogre\n|-hitcount|p2: Kyogre|1\n|-damage|p1a: Maushold|90\/100|[from] item: Life Orb\n|\n|-weather|RainDance|[upkeep]\n|upkeep\n|\n|t:|1701114327\n|switch|p2a: shelly boi|Samurott, M|100\/100\n|-damage|p2a: shelly boi|88\/100|[from] Stealth Rock\n|-damage|p2a: shelly boi|76\/100|[from] Spikes\n|turn|20\n|\n|t:|1701114332\n|move|p1a: Maushold|Population Bomb|p2a: shelly boi\n|-damage|p2a: shelly boi|61\/100\n|-damage|p1a: Maushold|74\/100|[from] item: Rocky Helmet|[of] p2a: shelly boi\n|-damage|p2a: shelly boi|45\/100\n|-damage|p1a: Maushold|57\/100|[from] item: Rocky Helmet|[of] p2a: shelly boi\n|-damage|p2a: shelly boi|30\/100\n|-damage|p1a: Maushold|41\/100|[from] item: Rocky Helmet|[of] p2a: shelly boi\n|-damage|p2a: shelly boi|15\/100\n|-damage|p1a: Maushold|24\/100|[from] item: Rocky Helmet|[of] p2a: shelly boi\n|-damage|p2a: shelly boi|0 fnt\n|-damage|p1a: Maushold|8\/100|[from] item: Rocky Helmet|[of] p2a: shelly boi\n|faint|p2a: shelly boi\n|-hitcount|p2: shelly boi|5\n|-damage|p1a: Maushold|0 fnt|[from] item: Life Orb\n|faint|p1a: Maushold\n|\n|-weather|RainDance|[upkeep]\n|upkeep\n|\n|t:|1701114349\n|switch|p1a: Regieleki|Regieleki, tera:Ground|100\/100\n|switch|p2a: Dialga|Dialga, shiny|100\/100\n|-damage|p2a: Dialga|94\/100|[from] Stealth Rock\n|-damage|p2a: Dialga|82\/100|[from] Spikes\n|-ability|p2a: Dialga|Pressure\n|turn|21\n|\n|t:|1701114360\n|move|p1a: Regieleki|Tera Blast|p2a: Dialga|[anim] Tera Blast Ground\n|-supereffective|p2a: Dialga\n|-damage|p2a: Dialga|1\/100\n|move|p2a: Dialga|Roar of Time|p1a: Regieleki\n|-damage|p1a: Regieleki|0 fnt\n|-mustrecharge|p2a: Dialga\n|faint|p1a: Regieleki\n|\n|win|flyingscotsman22\n|raw|nvybds's rating: 1164 &rarr; <strong>1133<\/strong><br \/>(-31 for losing)\n|raw|flyingscotsman22's rating: 1083 &rarr; <strong>1117<\/strong><br \/>(+34 for winning)\n|c|\u2606flyingscotsman22|GG\n|l|\u2606nvybds\n","uploadtime":1701114764,"views":2,"p1id":"nvybds","p2id":"flyingscotsman22","formatid":"gen9anythinggoes","rating":1117,"private":0,"password":""}