{"id":"gen9anythinggoes-1976242300","p1":"Sly Killdex 2","p2":"brandcn","format":"[Gen 9] Anything Goes","log":"|j|\u2606Sly Killdex 2\n|j|\u2606brandcn\n|t:|1698277611\n|gametype|singles\n|player|p1|Sly Killdex 2|volkner|1107\n|player|p2|brandcn|unknown|1050\n|teamsize|p1|6\n|teamsize|p2|6\n|gen|9\n|tier|[Gen 9] Anything Goes\n|rated|\n|rule|HP Percentage Mod: HP is shown in percentages\n|rule|Endless Battle Clause: Forcing endless battles is banned\n|clearpoke\n|poke|p1|Sneasel-Hisui, M|\n|poke|p1|Voltorb-Hisui|\n|poke|p1|Glastrier|\n|poke|p1|Regidrago|\n|poke|p1|Calyrex-Shadow|\n|poke|p1|Spectrier|\n|poke|p2|Dragapult, F|\n|poke|p2|Iron Valiant|\n|poke|p2|Roaring Moon|\n|poke|p2|Sneasler, F|\n|poke|p2|Ninetales-Alola, F|\n|poke|p2|Great Tusk|\n|teampreview\n|inactive|Battle timer is ON: inactive players will automatically lose when time's up. (requested by brandcn)\n|inactive|Sly Killdex 2 has 120 seconds left.\n|\n|t:|1698277668\n|start\n|switch|p1a: Voltorb|Voltorb-Hisui|100\/100\n|switch|p2a: Iron Valiant|Iron Valiant|100\/100\n|-enditem|p2a: Iron Valiant|Booster Energy\n|-activate|p2a: Iron Valiant|ability: Quark Drive|[fromitem]\n|-start|p2a: Iron Valiant|quarkdrivespe\n|turn|1\n|\n|t:|1698277679\n|move|p2a: Iron Valiant|Swords Dance|p2a: Iron Valiant\n|-boost|p2a: Iron Valiant|atk|2\n|move|p1a: Voltorb|Thunderbolt|p2a: Iron Valiant\n|-damage|p2a: Iron Valiant|27\/100\n|\n|upkeep\n|turn|2\n|\n|t:|1698277686\n|move|p2a: Iron Valiant|Knock Off|p1a: Voltorb\n|-damage|p1a: Voltorb|0 fnt\n|-damage|p2a: Iron Valiant|3\/100|[from] ability: Aftermath|[of] p1a: Voltorb\n|-enditem|p1a: Voltorb|Choice Specs|[from] move: Knock Off|[of] p2a: Iron Valiant\n|faint|p1a: Voltorb\n|\n|upkeep\n|\n|t:|1698277695\n|switch|p1a: Sneasel|Sneasel-Hisui, M|100\/100\n|turn|3\n|\n|t:|1698277706\n|move|p2a: Iron Valiant|Knock Off|p1a: Sneasel\n|-resisted|p1a: Sneasel\n|-damage|p1a: Sneasel|32\/100\n|-enditem|p1a: Sneasel|Focus Sash|[from] move: Knock Off|[of] p2a: Iron Valiant\n|move|p1a: Sneasel|Trailblaze|p2a: Iron Valiant\n|-damage|p2a: Iron Valiant|0 fnt\n|-boost|p1a: Sneasel|spe|1\n|faint|p2a: Iron Valiant\n|-end|p2a: Iron Valiant|Quark Drive|[silent]\n|\n|upkeep\n|\n|t:|1698277725\n|switch|p2a: Ninetales|Ninetales-Alola, F|100\/100\n|-weather|Snow|[from] ability: Snow Warning|[of] p2a: Ninetales\n|turn|4\n|\n|t:|1698277731\n|move|p1a: Sneasel|Poison Jab|p2a: Ninetales\n|-supereffective|p2a: Ninetales\n|-damage|p2a: Ninetales|42\/100\n|-status|p2a: Ninetales|psn\n|move|p2a: Ninetales|Moonblast|p1a: Sneasel\n|-damage|p1a: Sneasel|0 fnt\n|faint|p1a: Sneasel\n|\n|-weather|Snow|[upkeep]\n|-damage|p2a: Ninetales|29\/100 psn|[from] psn\n|upkeep\n|\n|t:|1698277745\n|switch|p1a: Spectrier|Spectrier|100\/100\n|turn|5\n|\n|t:|1698277750\n|move|p1a: Spectrier|Shadow Ball|p2a: Ninetales\n|-damage|p2a: Ninetales|0 fnt\n|faint|p2a: Ninetales\n|-ability|p1a: Spectrier|Grim Neigh|boost\n|-boost|p1a: Spectrier|spa|1\n|-damage|p1a: Spectrier|91\/100|[from] item: Life Orb\n|\n|-weather|Snow|[upkeep]\n|upkeep\n|\n|t:|1698277757\n|switch|p2a: Dragapult|Dragapult, F|100\/100\n|turn|6\n|\n|t:|1698277772\n|move|p2a: Dragapult|Shadow Ball|p1a: Spectrier\n|-supereffective|p1a: Spectrier\n|-damage|p1a: Spectrier|0 fnt\n|faint|p1a: Spectrier\n|\n|-weather|Snow|[upkeep]\n|upkeep\n|\n|t:|1698277781\n|switch|p1a: Glastrier|Glastrier|100\/100\n|turn|7\n|\n|t:|1698277793\n|-terastallize|p2a: Dragapult|Ghost\n|move|p2a: Dragapult|Shadow Ball|p1a: Glastrier\n|-damage|p1a: Glastrier|43\/100\n|-unboost|p1a: Glastrier|spd|1\n|move|p1a: Glastrier|Icicle Crash|p2a: Dragapult\n|-damage|p2a: Dragapult|27\/100\n|\n|-weather|Snow|[upkeep]\n|upkeep\n|turn|8\n|\n|t:|1698277803\n|move|p2a: Dragapult|Shadow Ball|p1a: Glastrier\n|-damage|p1a: Glastrier|0 fnt\n|faint|p1a: Glastrier\n|\n|-weather|none\n|upkeep\n|\n|t:|1698277806\n|switch|p1a: Calyrex|Calyrex-Shadow|100\/100\n|-ability|p1a: Calyrex|As One\n|-ability|p1a: Calyrex|Unnerve\n|turn|9\n|\n|t:|1698277827\n|move|p1a: Calyrex|Astral Barrage|p2a: Dragapult\n|-supereffective|p2a: Dragapult\n|-damage|p2a: Dragapult|0 fnt\n|faint|p2a: Dragapult\n|-ability|p1a: Calyrex|Grim Neigh|boost\n|-boost|p1a: Calyrex|spa|1\n|\n|upkeep\n|\n|t:|1698277834\n|switch|p2a: Great Tusk|Great Tusk|100\/100\n|-enditem|p2a: Great Tusk|Booster Energy\n|-activate|p2a: Great Tusk|ability: Protosynthesis|[fromitem]\n|-start|p2a: Great Tusk|protosynthesisspe\n|turn|10\n|\n|t:|1698277845\n|-terastallize|p1a: Calyrex|Ghost\n|move|p2a: Great Tusk|Headlong Rush|p1a: Calyrex\n|-damage|p1a: Calyrex|37\/100\n|-unboost|p2a: Great Tusk|def|1\n|-unboost|p2a: Great Tusk|spd|1\n|move|p1a: Calyrex|Astral Barrage|p2a: Great Tusk\n|-damage|p2a: Great Tusk|0 fnt\n|faint|p2a: Great Tusk\n|-end|p2a: Great Tusk|Protosynthesis|[silent]\n|-ability|p1a: Calyrex|Grim Neigh|boost\n|-boost|p1a: Calyrex|spa|1\n|\n|upkeep\n|\n|t:|1698277857\n|switch|p2a: Roaring Moon|Roaring Moon|100\/100\n|turn|11\n|\n|t:|1698277868\n|move|p1a: Calyrex|Astral Barrage|p2a: Roaring Moon\n|-resisted|p2a: Roaring Moon\n|-damage|p2a: Roaring Moon|0 fnt\n|faint|p2a: Roaring Moon\n|-end|p2a: Roaring Moon|Protosynthesis|[silent]\n|-ability|p1a: Calyrex|Grim Neigh|boost\n|-boost|p1a: Calyrex|spa|1\n|\n|upkeep\n|\n|t:|1698277873\n|switch|p2a: Sneasler|Sneasler, F|100\/100\n|-item|p2a: Sneasler|Air Balloon\n|turn|12\n|\n|t:|1698277881\n|move|p1a: Calyrex|Astral Barrage|p2a: Sneasler\n|-damage|p2a: Sneasler|0 fnt\n|-enditem|p2a: Sneasler|Air Balloon\n|faint|p2a: Sneasler\n|\n|win|Sly Killdex 2\n|raw|Sly Killdex 2's rating: 1107 &rarr; <strong>1128<\/strong><br \/>(+21 for winning)\n|raw|brandcn's rating: 1050 &rarr; <strong>1035<\/strong><br \/>(-15 for losing)\n|l|\u2606brandcn\n","uploadtime":1698277911,"views":7,"p1id":"slykilldex2","p2id":"brandcn","formatid":"gen9anythinggoes","rating":1035,"private":0,"password":""}