{"id":"gen9anythinggoes-1983214502","p1":"Mesprit20","p2":"Aitkens40499","format":"[Gen 9] Anything Goes","log":"|j|\u2606Mesprit20\n|j|\u2606Aitkens40499\n|t:|1699106129\n|gametype|singles\n|player|p1|Mesprit20|gentleman-gen4|1252\n|player|p2|Aitkens40499|cyclist|1158\n|teamsize|p1|6\n|teamsize|p2|6\n|gen|9\n|tier|[Gen 9] Anything Goes\n|rated|\n|rule|HP Percentage Mod: HP is shown in percentages\n|rule|Endless Battle Clause: Forcing endless battles is banned\n|clearpoke\n|poke|p1|Ceruledge, M|\n|poke|p1|Basculegion, M|\n|poke|p1|Annihilape, F|\n|poke|p1|Gengar, F|\n|poke|p1|Drifblim, M|\n|poke|p1|Jirachi|\n|poke|p2|Torterra, M|\n|poke|p2|Skeledirge, M|\n|poke|p2|Walking Wake|\n|poke|p2|Rayquaza|\n|poke|p2|Gliscor, M|\n|poke|p2|Ninetales-Alola, F|\n|teampreview\n|inactive|Battle timer is ON: inactive players will automatically lose when time's up. (requested by Mesprit20)\n|\n|t:|1699106135\n|start\n|switch|p1a: Drifblim|Drifblim, M|100\/100\n|switch|p2a: Skeledirge|Skeledirge, M|100\/100\n|turn|1\n|\n|t:|1699106145\n|move|p1a: Drifblim|Minimize|p1a: Drifblim\n|-boost|p1a: Drifblim|evasion|2\n|move|p2a: Skeledirge|Shadow Ball|p1a: Drifblim|[miss]\n|-miss|p2a: Skeledirge|p1a: Drifblim\n|\n|upkeep\n|turn|2\n|\n|t:|1699106154\n|move|p1a: Drifblim|Minimize|p1a: Drifblim\n|-boost|p1a: Drifblim|evasion|2\n|move|p2a: Skeledirge|Shadow Ball|p1a: Drifblim|[miss]\n|-miss|p2a: Skeledirge|p1a: Drifblim\n|\n|upkeep\n|turn|3\n|\n|t:|1699106162\n|move|p1a: Drifblim|Minimize|p1a: Drifblim\n|-boost|p1a: Drifblim|evasion|2\n|move|p2a: Skeledirge|Shadow Ball|p1a: Drifblim\n|-supereffective|p1a: Drifblim\n|-crit|p1a: Drifblim\n|-enditem|p1a: Drifblim|Focus Sash\n|-damage|p1a: Drifblim|1\/100\n|-unboost|p1a: Drifblim|spd|1\n|\n|upkeep\n|turn|4\n|\n|t:|1699106175\n|move|p1a: Drifblim|Calm Mind|p1a: Drifblim\n|-boost|p1a: Drifblim|spa|1\n|-boost|p1a: Drifblim|spd|1\n|move|p2a: Skeledirge|Torch Song|p1a: Drifblim|[miss]\n|-miss|p2a: Skeledirge|p1a: Drifblim\n|\n|upkeep\n|turn|5\n|\n|t:|1699106185\n|move|p1a: Drifblim|Baton Pass|p1a: Drifblim\n|\n|t:|1699106188\n|switch|p1a: Jirachi|Jirachi|100\/100|[from] Baton Pass\n|move|p2a: Skeledirge|Torch Song|p1a: Jirachi|[miss]\n|-miss|p2a: Skeledirge|p1a: Jirachi\n|\n|upkeep\n|turn|6\n|\n|t:|1699106200\n|move|p1a: Jirachi|Cosmic Power|p1a: Jirachi\n|-boost|p1a: Jirachi|def|1\n|-boost|p1a: Jirachi|spd|1\n|move|p2a: Skeledirge|Torch Song|p1a: Jirachi\n|-supereffective|p1a: Jirachi\n|-damage|p1a: Jirachi|61\/100\n|-boost|p2a: Skeledirge|spa|1\n|\n|-heal|p1a: Jirachi|68\/100|[from] item: Leftovers\n|upkeep\n|turn|7\n|\n|t:|1699106213\n|move|p1a: Jirachi|Wish|p1a: Jirachi\n|move|p2a: Skeledirge|Torch Song|p1a: Jirachi|[miss]\n|-miss|p2a: Skeledirge|p1a: Jirachi\n|\n|-heal|p1a: Jirachi|74\/100|[from] item: Leftovers\n|upkeep\n|turn|8\n|\n|t:|1699106221\n|move|p1a: Jirachi|Cosmic Power|p1a: Jirachi\n|-boost|p1a: Jirachi|def|1\n|-boost|p1a: Jirachi|spd|1\n|move|p2a: Skeledirge|Torch Song|p1a: Jirachi|[miss]\n|-miss|p2a: Skeledirge|p1a: Jirachi\n|\n|-heal|p1a: Jirachi|100\/100|[from] move: Wish|[wisher] Jirachi\n|upkeep\n|turn|9\n|\n|t:|1699106235\n|move|p1a: Jirachi|Cosmic Power|p1a: Jirachi\n|-boost|p1a: Jirachi|def|1\n|-boost|p1a: Jirachi|spd|1\n|move|p2a: Skeledirge|Torch Song|p1a: Jirachi|[miss]\n|-miss|p2a: Skeledirge|p1a: Jirachi\n|\n|upkeep\n|turn|10\n|\n|t:|1699106244\n|move|p1a: Jirachi|Cosmic Power|p1a: Jirachi\n|-boost|p1a: Jirachi|def|1\n|-boost|p1a: Jirachi|spd|1\n|move|p2a: Skeledirge|Torch Song|p1a: Jirachi|[miss]\n|-miss|p2a: Skeledirge|p1a: Jirachi\n|\n|upkeep\n|turn|11\n|\n|t:|1699106252\n|move|p1a: Jirachi|Cosmic Power|p1a: Jirachi\n|-boost|p1a: Jirachi|def|1\n|-boost|p1a: Jirachi|spd|1\n|move|p2a: Skeledirge|Torch Song|p1a: Jirachi\n|-supereffective|p1a: Jirachi\n|-damage|p1a: Jirachi|72\/100\n|-boost|p2a: Skeledirge|spa|1\n|\n|-heal|p1a: Jirachi|78\/100|[from] item: Leftovers\n|upkeep\n|turn|12\n|\n|t:|1699106263\n|move|p1a: Jirachi|Wish|p1a: Jirachi\n|move|p2a: Skeledirge|Torch Song|p1a: Jirachi|[miss]\n|-miss|p2a: Skeledirge|p1a: Jirachi\n|\n|-heal|p1a: Jirachi|84\/100|[from] item: Leftovers\n|upkeep\n|turn|13\n|\n|t:|1699106272\n|move|p1a: Jirachi|Cosmic Power|p1a: Jirachi\n|-boost|p1a: Jirachi|def|1\n|-boost|p1a: Jirachi|spd|1\n|move|p2a: Skeledirge|Torch Song|p1a: Jirachi|[miss]\n|-miss|p2a: Skeledirge|p1a: Jirachi\n|\n|-heal|p1a: Jirachi|100\/100|[from] move: Wish|[wisher] Jirachi\n|upkeep\n|turn|14\n|\n|t:|1699106290\n|move|p1a: Jirachi|Wish|p1a: Jirachi\n|move|p2a: Skeledirge|Torch Song|p1a: Jirachi|[miss]\n|-miss|p2a: Skeledirge|p1a: Jirachi\n|\n|upkeep\n|turn|15\n|\n|t:|1699106296\n|move|p1a: Jirachi|Baton Pass|p1a: Jirachi\n|\n|t:|1699106318\n|switch|p1a: Ceruledge|Ceruledge, M|100\/100|[from] Baton Pass\n|move|p2a: Skeledirge|Torch Song|p1a: Ceruledge|[miss]\n|-miss|p2a: Skeledirge|p1a: Ceruledge\n|\n|upkeep\n|turn|16\n|\n|t:|1699106327\n|move|p1a: Ceruledge|Swords Dance|p1a: Ceruledge\n|-boost|p1a: Ceruledge|atk|2\n|move|p2a: Skeledirge|Shadow Ball|p1a: Ceruledge\n|-supereffective|p1a: Ceruledge\n|-damage|p1a: Ceruledge|48\/100\n|\n|upkeep\n|turn|17\n|\n|t:|1699106338\n|move|p1a: Ceruledge|Shadow Sneak|p2a: Skeledirge\n|-supereffective|p2a: Skeledirge\n|-damage|p2a: Skeledirge|16\/100\n|move|p2a: Skeledirge|Shadow Ball|p1a: Ceruledge|[miss]\n|-miss|p2a: Skeledirge|p1a: Ceruledge\n|\n|upkeep\n|turn|18\n|\n|t:|1699106347\n|move|p1a: Ceruledge|Bitter Blade|p2a: Skeledirge\n|-resisted|p2a: Skeledirge\n|-damage|p2a: Skeledirge|0 fnt\n|-heal|p1a: Ceruledge|57\/100|[from] drain|[of] p2a: Skeledirge\n|faint|p2a: Skeledirge\n|\n|upkeep\n|\n|t:|1699106354\n|switch|p2a: Rayquaza|Rayquaza|100\/100\n|-ability|p2a: Rayquaza|Air Lock\n|turn|19\n|\n|t:|1699106362\n|move|p1a: Ceruledge|Swords Dance|p1a: Ceruledge\n|-boost|p1a: Ceruledge|atk|2\n|move|p2a: Rayquaza|Dragon Ascent|p1a: Ceruledge|[miss]\n|-miss|p2a: Rayquaza|p1a: Ceruledge\n|\n|upkeep\n|turn|20\n|\n|t:|1699106370\n|move|p1a: Ceruledge|Bitter Blade|p2a: Rayquaza\n|-resisted|p2a: Rayquaza\n|-damage|p2a: Rayquaza|30\/100\n|-heal|p1a: Ceruledge|99\/100|[from] drain|[of] p2a: Rayquaza\n|move|p2a: Rayquaza|Dragon Ascent|p1a: Ceruledge|[miss]\n|-miss|p2a: Rayquaza|p1a: Ceruledge\n|\n|upkeep\n|turn|21\n|\n|t:|1699106380\n|move|p1a: Ceruledge|Swords Dance|p1a: Ceruledge\n|-boost|p1a: Ceruledge|atk|2\n|move|p2a: Rayquaza|Dragon Ascent|p1a: Ceruledge\n|-damage|p1a: Ceruledge|75\/100\n|-unboost|p2a: Rayquaza|def|1\n|-unboost|p2a: Rayquaza|spd|1\n|-ability|p1a: Ceruledge|Weak Armor|boost\n|-unboost|p1a: Ceruledge|def|1\n|-boost|p1a: Ceruledge|spe|2\n|\n|upkeep\n|turn|22\n|\n|t:|1699106392\n|move|p1a: Ceruledge|Bitter Blade|p2a: Rayquaza\n|-resisted|p2a: Rayquaza\n|-damage|p2a: Rayquaza|0 fnt\n|-heal|p1a: Ceruledge|93\/100|[from] drain|[of] p2a: Rayquaza\n|faint|p2a: Rayquaza\n|\n|upkeep\n|\n|t:|1699106398\n|switch|p2a: Gliscor|Gliscor, M, shiny|100\/100\n|turn|23\n|\n|t:|1699106404\n|move|p1a: Ceruledge|Shadow Sneak|p2a: Gliscor\n|-damage|p2a: Gliscor|17\/100\n|move|p2a: Gliscor|Earthquake|p1a: Ceruledge|[miss]\n|-miss|p2a: Gliscor|p1a: Ceruledge\n|\n|upkeep\n|turn|24\n|\n|t:|1699106410\n|move|p1a: Ceruledge|Shadow Sneak|p2a: Gliscor\n|-damage|p2a: Gliscor|0 fnt\n|faint|p2a: Gliscor\n|\n|upkeep\n|\n|t:|1699106414\n|switch|p2a: Torterra|Torterra, M|100\/100\n|turn|25\n|inactive|Mesprit20 has 120 seconds left.\n|inactiveoff|Battle timer is now OFF.\n|inactive|Battle timer is ON: inactive players will automatically lose when time's up. (requested by Aitkens40499)\n|c|\u2606Aitkens40499|Fuck\n|\n|t:|1699106474\n|move|p1a: Ceruledge|Bitter Blade|p2a: Torterra\n|-supereffective|p2a: Torterra\n|-damage|p2a: Torterra|0 fnt\n|-heal|p1a: Ceruledge|100\/100|[from] drain|[of] p2a: Torterra\n|faint|p2a: Torterra\n|\n|upkeep\n|\n|t:|1699106479\n|switch|p2a: Walking Wake|Walking Wake|100\/100\n|turn|26\n|\n|t:|1699106485\n|-terastallize|p2a: Walking Wake|Water\n|move|p1a: Ceruledge|Bitter Blade|p2a: Walking Wake\n|-resisted|p2a: Walking Wake\n|-damage|p2a: Walking Wake|3\/100\n|move|p2a: Walking Wake|Hydro Steam|p1a: Ceruledge|[miss]\n|-miss|p2a: Walking Wake|p1a: Ceruledge\n|\n|upkeep\n|turn|27\n|inactive|Mesprit20 has 120 seconds left.\n|\n|t:|1699106495\n|move|p1a: Ceruledge|Shadow Sneak|p2a: Walking Wake\n|-damage|p2a: Walking Wake|0 fnt\n|faint|p2a: Walking Wake\n|-end|p2a: Walking Wake|Protosynthesis|[silent]\n|\n|upkeep\n|\n|t:|1699106499\n|switch|p2a: Ninetales|Ninetales-Alola, F, shiny|100\/100\n|-weather|Snow|[from] ability: Snow Warning|[of] p2a: Ninetales\n|turn|28\n|\n|t:|1699106504\n|move|p1a: Ceruledge|Bitter Blade|p2a: Ninetales\n|-supereffective|p2a: Ninetales\n|-damage|p2a: Ninetales|0 fnt\n|faint|p2a: Ninetales\n|\n|win|Mesprit20\n|raw|Mesprit20's rating: 1252 &rarr; <strong>1270<\/strong><br \/>(+18 for winning)\n|raw|Aitkens40499's rating: 1158 &rarr; <strong>1140<\/strong><br \/>(-18 for losing)\n|l|\u2606Aitkens40499\n","uploadtime":1699106522,"views":18,"p1id":"mesprit20","p2id":"aitkens40499","formatid":"gen9anythinggoes","rating":1140,"private":0,"password":""}