{"id":"gen9anythinggoes-1972856313","p1":"Gauzic","p2":"SnakesAndCakes","format":"[Gen 9] Anything Goes","log":"|j|\u2606Gauzic\n|j|\u2606SnakesAndCakes\n|t:|1697902679\n|gametype|singles\n|player|p1|Gauzic|rocketgrunt|1166\n|player|p2|SnakesAndCakes|n|1188\n|teamsize|p1|6\n|teamsize|p2|6\n|gen|9\n|tier|[Gen 9] Anything Goes\n|rated|\n|rule|HP Percentage Mod: HP is shown in percentages\n|rule|Endless Battle Clause: Forcing endless battles is banned\n|clearpoke\n|poke|p1|Rotom|\n|poke|p1|Rotom-Fan|\n|poke|p1|Rotom-Frost|\n|poke|p1|Rotom-Heat|\n|poke|p1|Rotom-Mow|\n|poke|p1|Rotom-Wash|\n|poke|p2|Corviknight, F|\n|poke|p2|Zapdos-Galar|\n|poke|p2|Rayquaza|\n|poke|p2|Braviary-Hisui, M|\n|poke|p2|Landorus-Therian, M|\n|poke|p2|Drifblim, M|\n|teampreview\n|\n|t:|1697902696\n|start\n|switch|p1a: Watt|Rotom|100\/100\n|switch|p2a: Bloon boi|Drifblim, M, shiny|100\/100\n|turn|1\n|\n|t:|1697902702\n|move|p1a: Watt|Volt Switch|p2a: Bloon boi\n|-supereffective|p2a: Bloon boi\n|-damage|p2a: Bloon boi|46\/100\n|\n|t:|1697902707\n|switch|p1a: Tide Pod|Rotom-Wash|100\/100|[from] Volt Switch\n|move|p2a: Bloon boi|Minimize|p2a: Bloon boi\n|-boost|p2a: Bloon boi|evasion|2\n|\n|upkeep\n|turn|2\n|\n|t:|1697902713\n|move|p1a: Tide Pod|Thunderbolt|p2a: Bloon boi|[miss]\n|-miss|p1a: Tide Pod|p2a: Bloon boi\n|move|p2a: Bloon boi|Minimize|p2a: Bloon boi\n|-boost|p2a: Bloon boi|evasion|2\n|\n|upkeep\n|turn|3\n|\n|t:|1697902719\n|move|p1a: Tide Pod|Thunderbolt|p2a: Bloon boi\n|-supereffective|p2a: Bloon boi\n|-damage|p2a: Bloon boi|0 fnt\n|faint|p2a: Bloon boi\n|\n|upkeep\n|\n|t:|1697902730\n|switch|p2a: Revenant|Braviary-Hisui, M, shiny|100\/100\n|turn|4\n|\n|t:|1697902739\n|-terastallize|p2a: Revenant|Dark\n|move|p1a: Tide Pod|Thunderbolt|p2a: Revenant\n|-damage|p2a: Revenant|52\/100\n|move|p2a: Revenant|Substitute|p2a: Revenant\n|-start|p2a: Revenant|Substitute\n|-damage|p2a: Revenant|27\/100\n|\n|upkeep\n|turn|5\n|\n|t:|1697902747\n|move|p1a: Tide Pod|Thunderbolt|p2a: Revenant\n|-end|p2a: Revenant|Substitute\n|move|p2a: Revenant|Calm Mind|p2a: Revenant\n|-boost|p2a: Revenant|spa|1\n|-boost|p2a: Revenant|spd|1\n|\n|upkeep\n|turn|6\n|\n|t:|1697902754\n|move|p1a: Tide Pod|Hydro Pump|p2a: Revenant\n|-damage|p2a: Revenant|0 fnt\n|faint|p2a: Revenant\n|\n|upkeep\n|\n|t:|1697902759\n|switch|p2a: Primal Zapdos|Zapdos-Galar, shiny|100\/100\n|turn|7\n|\n|t:|1697902765\n|move|p2a: Primal Zapdos|Thunderous Kick|p1a: Tide Pod\n|-damage|p1a: Tide Pod|38\/100\n|-unboost|p1a: Tide Pod|def|1\n|move|p1a: Tide Pod|Thunderbolt|p2a: Primal Zapdos\n|-supereffective|p2a: Primal Zapdos\n|-damage|p2a: Primal Zapdos|6\/100\n|-status|p2a: Primal Zapdos|par\n|\n|upkeep\n|turn|8\n|c|\u2606Gauzic|ow\n|\n|t:|1697902776\n|move|p1a: Tide Pod|Thunderbolt|p2a: Primal Zapdos\n|-supereffective|p2a: Primal Zapdos\n|-damage|p2a: Primal Zapdos|0 fnt\n|faint|p2a: Primal Zapdos\n|\n|upkeep\n|-message|SnakesAndCakes forfeited.\n|\n|win|Gauzic\n|raw|Gauzic's rating: 1166 &rarr; <strong>1193<\/strong><br \/>(+27 for winning)\n|raw|SnakesAndCakes's rating: 1188 &rarr; <strong>1161<\/strong><br \/>(-27 for losing)\n|l|\u2606SnakesAndCakes\n","uploadtime":1697902785,"views":7,"p1id":"gauzic","p2id":"snakesandcakes","formatid":"gen9anythinggoes","rating":1161,"private":0,"password":""}