{"id":"gen9anythinggoes-1986312113","p1":"astroblastyt","p2":"Steeltachi","format":"[Gen 9] Anything Goes","log":"|j|\u2606astroblastyt\n|j|\u2606Steeltachi\n|t:|1699468354\n|gametype|singles\n|player|p1|astroblastyt|wattson|1097\n|player|p2|Steeltachi|clown|1141\n|teamsize|p1|6\n|teamsize|p2|6\n|gen|9\n|tier|[Gen 9] Anything Goes\n|rated|\n|rule|HP Percentage Mod: HP is shown in percentages\n|rule|Endless Battle Clause: Forcing endless battles is banned\n|clearpoke\n|poke|p1|Oricorio-Sensu, F|\n|poke|p1|Oricorio, M|\n|poke|p1|Oricorio-Pom-Pom, M|\n|poke|p1|Oricorio-Pa'u, M|\n|poke|p1|Sableye, F|\n|poke|p1|Shaymin-Sky|\n|poke|p2|Ditto|\n|poke|p2|Zoroark-Hisui, F|\n|poke|p2|Zoroark, F|\n|poke|p2|Ursaluna-Bloodmoon, M|\n|poke|p2|Mew|\n|poke|p2|Heracross, M|\n|teampreview\n|c|\u2606astroblastyt|this\n|c|\u2606astroblastyt|oh god\n|c|\u2606Steeltachi|hello :)\n|c|\u2606astroblastyt|this is gonna fuck me up\n|\n|t:|1699468369\n|start\n|switch|p1a: the goat|Sableye, F|100\/100\n|switch|p2a: Not Zoroark|Ditto|100\/100\n|-transform|p2a: Not Zoroark|p1a: the goat|[from] ability: Imposter\n|turn|1\n|c|\u2606astroblastyt|i can tell\n|c|\u2606astroblastyt|hm\n|c|\u2606Steeltachi|probably not\n|c|\u2606Steeltachi|tbh\n|c|\u2606Steeltachi|you have dancing on your side\n|c|\u2606astroblastyt|we cant d anything to eachother lol\n|inactive|Battle timer is ON: inactive players will automatically lose when time's up. (requested by astroblastyt)\n|\n|t:|1699468395\n|move|p1a: the goat|Will-O-Wisp|p2a: Not Zoroark\n|-hint|Since gen 7, Dark is immune to Prankster moves.\n|-immune|p2a: Not Zoroark\n|move|p2a: Not Zoroark|Will-O-Wisp|p1a: the goat\n|-hint|Since gen 7, Dark is immune to Prankster moves.\n|-immune|p1a: the goat\n|\n|upkeep\n|turn|2\n|c|\u2606Steeltachi|HAHA\n|c|\u2606astroblastyt|yea....\n|\n|t:|1699468414\n|move|p1a: the goat|Recover||[still]\n|-fail|p1a: the goat|heal\n|move|p2a: Not Zoroark|Disable|p1a: the goat\n|-hint|Since gen 7, Dark is immune to Prankster moves.\n|-immune|p1a: the goat\n|\n|upkeep\n|turn|3\n|\n|t:|1699468440\n|move|p2a: Not Zoroark|Thunder Wave|p1a: the goat\n|-hint|Since gen 7, Dark is immune to Prankster moves.\n|-immune|p1a: the goat\n|move|p1a: the goat|Disable|p2a: Not Zoroark\n|-hint|Since gen 7, Dark is immune to Prankster moves.\n|-immune|p2a: Not Zoroark\n|\n|upkeep\n|turn|4\n|\n|t:|1699468450\n|move|p2a: Not Zoroark|Thunder Wave|p1a: the goat\n|-hint|Since gen 7, Dark is immune to Prankster moves.\n|-immune|p1a: the goat\n|move|p1a: the goat|Disable|p2a: Not Zoroark\n|-hint|Since gen 7, Dark is immune to Prankster moves.\n|-immune|p2a: Not Zoroark\n|\n|upkeep\n|turn|5\n|c|\u2606astroblastyt|they nerfed ditto bad by making all moves have 5 pp\n|\n|t:|1699468464\n|move|p1a: the goat|Disable|p2a: Not Zoroark\n|-hint|Since gen 7, Dark is immune to Prankster moves.\n|-immune|p2a: Not Zoroark\n|move|p2a: Not Zoroark|Disable|p1a: the goat\n|-hint|Since gen 7, Dark is immune to Prankster moves.\n|-immune|p1a: the goat\n|\n|upkeep\n|turn|6\n|c|\u2606Steeltachi|ye\n|c|\u2606astroblastyt|they should change that tbh\n|c|\u2606astroblastyt|main reason hes not used much\n|inactive|Steeltachi has 120 seconds left.\n|c|\u2606Steeltachi|eh, honestly struggle can come in clutch sometimes with too much pp it could be annoying\n|\n|t:|1699468510\n|move|p1a: the goat|Disable|p2a: Not Zoroark\n|-hint|Since gen 7, Dark is immune to Prankster moves.\n|-immune|p2a: Not Zoroark\n|move|p2a: Not Zoroark|Disable|p1a: the goat\n|-hint|Since gen 7, Dark is immune to Prankster moves.\n|-immune|p1a: the goat\n|\n|upkeep\n|turn|7\n|c|\u2606astroblastyt|OH WAIT\n|c|\u2606astroblastyt|LMAO\n|c|\u2606astroblastyt|struggle also wont work\n|c|\u2606Steeltachi|wait\n|c|\u2606astroblastyt|i literally walled myself\n|inactive|astroblastyt has 120 seconds left.\n|\n|t:|1699468541\n|move|p2a: Not Zoroark|Will-O-Wisp|p1a: the goat\n|-hint|Since gen 7, Dark is immune to Prankster moves.\n|-immune|p1a: the goat\n|move|p1a: the goat|Disable|p2a: Not Zoroark\n|-hint|Since gen 7, Dark is immune to Prankster moves.\n|-immune|p2a: Not Zoroark\n|\n|upkeep\n|turn|8\n|c|\u2606astroblastyt|i fuckin trapped myself oh my god\n|\n|t:|1699468559\n|switch|p1a: Oricorio|Oricorio, M|100\/100\n|move|p2a: Not Zoroark|Recover||[still]\n|-fail|p2a: Not Zoroark|heal\n|\n|upkeep\n|turn|9\n|c|\u2606astroblastyt|fuck it\n|c|\u2606Steeltachi|nice\n|c|\u2606Steeltachi|I will switch too\n|\n|t:|1699468577\n|switch|p2a: Bugman|Heracross, M|100\/100\n|move|p1a: Oricorio|Quiver Dance|p1a: Oricorio\n|-boost|p1a: Oricorio|spa|1\n|-boost|p1a: Oricorio|spd|1\n|-boost|p1a: Oricorio|spe|1\n|\n|upkeep\n|turn|10\n|\n|t:|1699468583\n|move|p1a: Oricorio|Feather Dance|p2a: Bugman\n|-unboost|p2a: Bugman|atk|2\n|move|p2a: Bugman|Knock Off|p1a: Oricorio\n|-damage|p1a: Oricorio|64\/100\n|-enditem|p1a: Oricorio|Life Orb|[from] move: Knock Off|[of] p2a: Bugman\n|\n|upkeep\n|turn|11\n|inactive|astroblastyt has 120 seconds left.\n|c|\u2606astroblastyt|holy\n|c|\u2606astroblastyt|dude herracross would have one shot\n|c|\u2606astroblastyt|if it wasnt for that\n|c|\u2606astroblastyt|wtfff\n|\n|t:|1699468610\n|move|p1a: Oricorio|Revelation Dance|p2a: Bugman\n|-damage|p2a: Bugman|0 fnt\n|replace|p2a: Probably Zoroark|Zoroark, F\n|-end|p2a: Probably Zoroark|Illusion\n|faint|p2a: Probably Zoroark\n|\n|upkeep\n|c|\u2606Steeltachi|hehe\n|c|\u2606astroblastyt|...\n|\n|t:|1699468620\n|switch|p2a: Not Zoroark|Ditto|100\/100\n|-transform|p2a: Not Zoroark|p1a: Oricorio|[from] ability: Imposter\n|turn|12\n|c|\u2606astroblastyt|god illusion fucks me up so badly\n|\n|t:|1699468630\n|move|p1a: Oricorio|Revelation Dance|p2a: Not Zoroark\n|-resisted|p2a: Not Zoroark\n|-damage|p2a: Not Zoroark|70\/100\n|-enditem|p2a: Not Zoroark|Red Card|[of] p1a: Oricorio\n|-activate|p2a: Not Zoroark|ability: Dancer\n|move|p2a: Not Zoroark|Revelation Dance|p1a: Oricorio|[from]ability: Dancer\n|-resisted|p1a: Oricorio\n|-damage|p1a: Oricorio|31\/100\n|drag|p1a: Oricorio|Oricorio-Pa'u, M|100\/100\n|move|p2a: Not Zoroark|U-turn|p1a: Oricorio\n|-damage|p1a: Oricorio|84\/100\n|c|\u2606astroblastyt|wait fuck\n|\n|t:|1699468651\n|switch|p2a: Bugman|Heracross, M|100\/100|[from] U-turn\n|\n|-heal|p1a: Oricorio|91\/100|[from] item: Leftovers\n|upkeep\n|turn|13\n|inactive|astroblastyt has 120 seconds left.\n|c|\u2606astroblastyt|god ditto is actually a really good counter for me\n|\n|t:|1699468666\n|switch|p1a: the goat|Sableye, F|100\/100\n|move|p2a: Bugman|Shadow Ball|p1a: the goat\n|-damage|p1a: the goat|43\/100\n|-damage|p2a: Bugman|91\/100|[from] item: Life Orb\n|\n|upkeep\n|turn|14\n|inactive|astroblastyt has 120 seconds left.\n|\n|t:|1699468677\n|move|p1a: the goat|Will-O-Wisp|p2a: Bugman|[miss]\n|-miss|p1a: the goat|p2a: Bugman\n|move|p2a: Bugman|Shadow Ball|p1a: the goat\n|-damage|p1a: the goat|0 fnt\n|faint|p1a: the goat\n|-damage|p2a: Bugman|81\/100|[from] item: Life Orb\n|\n|upkeep\n|inactive|astroblastyt has 120 seconds left.\n|c|\u2606astroblastyt|ngl im about to drop this stupid fucking goblin\n|c|\u2606astroblastyt|85%\n|c|\u2606Steeltachi|lol\n|\n|t:|1699468695\n|switch|p1a: Oricorio|Oricorio-Pom-Pom, M|100\/100\n|turn|15\n|c|\u2606astroblastyt|also zoroark 2 hm?\n|c|\u2606Steeltachi|wouldn't disable have worked?\n|c|\u2606astroblastyt|it took me that long to realize\n|inactive|Steeltachi has 90 seconds left.\n|c|\u2606astroblastyt|\"why is heracross using shadow ball?\"\n|\n|t:|1699468730\n|move|p2a: Bugman|U-turn|p1a: Oricorio\n|-resisted|p1a: Oricorio\n|-damage|p1a: Oricorio|85\/100\n|-enditem|p1a: Oricorio|Red Card|[of] p2a: Bugman\n|drag|p2a: Maybe Zoroark|Ursaluna-Bloodmoon, M|100\/100\n|move|p1a: Oricorio|Quiver Dance|p1a: Oricorio\n|-boost|p1a: Oricorio|spa|1\n|-boost|p1a: Oricorio|spd|1\n|-boost|p1a: Oricorio|spe|1\n|\n|upkeep\n|turn|16\n|c|\u2606Steeltachi|new metah\n|inactive|astroblastyt has 120 seconds left.\n|inactive|Steeltachi has 90 seconds left.\n|\n|t:|1699468754\n|move|p1a: Oricorio|Taunt|p2a: Maybe Zoroark\n|-start|p2a: Maybe Zoroark|move: Taunt\n|cant|p2a: Maybe Zoroark|move: Taunt|Calm Mind\n|\n|upkeep\n|turn|17\n|c|\u2606Steeltachi|ack\n|\n|t:|1699468764\n|move|p1a: Oricorio|Baton Pass|p1a: Oricorio\n|c|\u2606astroblastyt|very risky shouldnt have done that\n|\n|t:|1699468770\n|switch|p1a: Shaymin|Shaymin-Sky|100\/100|[from] Baton Pass\n|move|p2a: Maybe Zoroark|Blood Moon|p1a: Shaymin\n|-damage|p1a: Shaymin|31\/100\n|\n|-heal|p1a: Shaymin|37\/100|[from] item: Leftovers\n|upkeep\n|turn|18\n|inactive|Steeltachi has 90 seconds left.\n|\n|t:|1699468781\n|switch|p2a: Not Zoroark|Ditto|70\/100\n|-transform|p2a: Not Zoroark|p1a: Shaymin|[from] ability: Imposter\n|-terastallize|p1a: Shaymin|Grass\n|move|p1a: Shaymin|Seed Flare|p2a: Not Zoroark\n|-resisted|p2a: Not Zoroark\n|-damage|p2a: Not Zoroark|44\/100\n|-unboost|p2a: Not Zoroark|spd|2\n|\n|-heal|p1a: Shaymin|43\/100|[from] item: Leftovers\n|upkeep\n|turn|19\n|inactive|Steeltachi has 90 seconds left.\n|\n|t:|1699468794\n|move|p2a: Not Zoroark|Air Slash|p1a: Shaymin\n|-supereffective|p1a: Shaymin\n|-damage|p1a: Shaymin|0 fnt\n|faint|p1a: Shaymin\n|\n|upkeep\n|c|\u2606astroblastyt|this blob lowkey won you the game\n|c|\u2606astroblastyt|i forget ditto is actually\n|c|\u2606astroblastyt|good\n|c|\u2606Steeltachi|I love him\n|inactive|astroblastyt has 120 seconds left.\n|\n|t:|1699468809\n|switch|p1a: Oricorio|Oricorio-Pom-Pom, M|85\/100\n|turn|20\n|\n|t:|1699468815\n|move|p2a: Not Zoroark|Air Slash|p1a: Oricorio\n|-resisted|p1a: Oricorio\n|-damage|p1a: Oricorio|44\/100\n|cant|p1a: Oricorio|flinch\n|\n|upkeep\n|turn|21\n|c|\u2606astroblastyt|LMAO\n|c|\u2606astroblastyt|fuuuck\n|c|\u2606Steeltachi|oof\n|\n|t:|1699468826\n|move|p2a: Not Zoroark|Air Slash|p1a: Oricorio\n|-resisted|p1a: Oricorio\n|-damage|p1a: Oricorio|0 fnt\n|faint|p1a: Oricorio\n|\n|upkeep\n|c|\u2606Steeltachi|sorry bout that one\n|c|\u2606astroblastyt|gg\n|-message|astroblastyt forfeited.\n|\n|win|Steeltachi\n|raw|astroblastyt's rating: 1097 &rarr; <strong>1076<\/strong><br \/>(-21 for losing)\n|raw|Steeltachi's rating: 1141 &rarr; <strong>1163<\/strong><br \/>(+22 for winning)\n|l|\u2606astroblastyt\n","uploadtime":1699468690,"views":4,"p1id":"astroblastyt","p2id":"steeltachi","formatid":"gen9anythinggoes","rating":1076,"private":0,"password":""}