{"id":"gen9anythinggoes-1985135254","p1":"InsertCoolName983","p2":"Fred64303","format":"[Gen 9] Anything Goes","log":"|j|\u2606InsertCoolName983\n|j|\u2606Fred64303\n|t:|1699336130\n|gametype|singles\n|player|p1|InsertCoolName983|volkner|1106\n|player|p2|Fred64303|lucas|1048\n|teamsize|p1|6\n|teamsize|p2|6\n|gen|9\n|tier|[Gen 9] Anything Goes\n|rated|\n|rule|HP Percentage Mod: HP is shown in percentages\n|rule|Endless Battle Clause: Forcing endless battles is banned\n|clearpoke\n|poke|p1|Greninja-*, M|\n|poke|p1|Tyranitar, M|\n|poke|p1|Urshifu-*, M|\n|poke|p1|Gallade, M|\n|poke|p1|Kingambit, M|\n|poke|p1|Iron Thorns|\n|poke|p2|Talonflame, F|\n|poke|p2|Heracross, M|\n|poke|p2|Empoleon, M|\n|poke|p2|Garchomp, M|\n|poke|p2|Orthworm, M|\n|poke|p2|Darkrai|\n|teampreview\n|inactive|Battle timer is ON: inactive players will automatically lose when time's up. (requested by Fred64303)\n|\n|t:|1699336140\n|start\n|switch|p1a: sir punch alot|Urshifu-Rapid-Strike, M|100\/100\n|switch|p2a: Darkrai|Darkrai|100\/100\n|turn|1\n|\n|t:|1699336149\n|move|p2a: Darkrai|Hypnosis|p1a: sir punch alot\n|-status|p1a: sir punch alot|slp|[from] move: Hypnosis\n|cant|p1a: sir punch alot|slp\n|\n|-damage|p1a: sir punch alot|88\/100 slp|[from] ability: Bad Dreams|[of] p2a: Darkrai\n|upkeep\n|turn|2\n|\n|t:|1699336158\n|move|p2a: Darkrai|Swords Dance|p2a: Darkrai\n|-boost|p2a: Darkrai|atk|2\n|cant|p1a: sir punch alot|slp\n|\n|-damage|p1a: sir punch alot|76\/100 slp|[from] ability: Bad Dreams|[of] p2a: Darkrai\n|upkeep\n|turn|3\n|\n|t:|1699336169\n|move|p2a: Darkrai|Hex|p1a: sir punch alot\n|-damage|p1a: sir punch alot|13\/100 slp\n|cant|p1a: sir punch alot|slp\n|\n|-damage|p1a: sir punch alot|0 fnt|[from] ability: Bad Dreams|[of] p2a: Darkrai\n|faint|p1a: sir punch alot\n|upkeep\n|\n|t:|1699336176\n|switch|p1a: roborex|Iron Thorns, shiny|100\/100\n|turn|4\n|\n|t:|1699336186\n|move|p2a: Darkrai|Hypnosis|p1a: roborex|[miss]\n|-miss|p2a: Darkrai|p1a: roborex\n|move|p1a: roborex|Rock Slide|p2a: Darkrai\n|-damage|p2a: Darkrai|36\/100\n|-damage|p1a: roborex|91\/100|[from] item: Life Orb\n|\n|-heal|p2a: Darkrai|42\/100|[from] item: Leftovers\n|upkeep\n|turn|5\n|\n|t:|1699336198\n|move|p2a: Darkrai|Hypnosis|p1a: roborex\n|-status|p1a: roborex|slp|[from] move: Hypnosis\n|cant|p1a: roborex|slp\n|\n|-heal|p2a: Darkrai|48\/100|[from] item: Leftovers\n|-damage|p1a: roborex|78\/100 slp|[from] ability: Bad Dreams|[of] p2a: Darkrai\n|upkeep\n|turn|6\n|\n|t:|1699336220\n|move|p2a: Darkrai|Swords Dance|p2a: Darkrai\n|-boost|p2a: Darkrai|atk|2\n|-curestatus|p1a: roborex|slp|[msg]\n|move|p1a: roborex|Rock Slide|p2a: Darkrai\n|-damage|p2a: Darkrai|0 fnt\n|faint|p2a: Darkrai\n|-damage|p1a: roborex|68\/100|[from] item: Life Orb\n|\n|upkeep\n|inactive|Fred64303 has 120 seconds left.\n|\n|t:|1699336238\n|switch|p2a: Heracross|Heracross, M|100\/100\n|turn|7\n|\n|t:|1699336243\n|move|p2a: Heracross|Close Combat|p1a: roborex\n|-supereffective|p1a: roborex\n|-damage|p1a: roborex|0 fnt\n|-unboost|p2a: Heracross|def|1\n|-unboost|p2a: Heracross|spd|1\n|faint|p1a: roborex\n|-end|p1a: roborex|Quark Drive|[silent]\n|\n|-status|p2a: Heracross|brn|[from] item: Flame Orb\n|upkeep\n|\n|t:|1699336251\n|switch|p1a: rex|Tyranitar, M|100\/100\n|-weather|Sandstorm|[from] ability: Sand Stream|[of] p1a: rex\n|turn|8\n|\n|t:|1699336260\n|move|p2a: Heracross|Close Combat|p1a: rex\n|-supereffective|p1a: rex\n|-damage|p1a: rex|0 fnt\n|-unboost|p2a: Heracross|def|1\n|-unboost|p2a: Heracross|spd|1\n|faint|p1a: rex\n|\n|-weather|Sandstorm|[upkeep]\n|-damage|p2a: Heracross|95\/100 brn|[from] Sandstorm\n|-damage|p2a: Heracross|89\/100 brn|[from] brn\n|upkeep\n|\n|t:|1699336270\n|switch|p1a: hero|Gallade, M, shiny|100\/100\n|turn|9\n|\n|t:|1699336280\n|-terastallize|p2a: Heracross|Water\n|move|p2a: Heracross|Facade|p1a: hero\n|-damage|p1a: hero|0 fnt\n|faint|p1a: hero\n|\n|-weather|Sandstorm|[upkeep]\n|-damage|p2a: Heracross|83\/100 brn|[from] Sandstorm\n|-damage|p2a: Heracross|77\/100 brn|[from] brn\n|upkeep\n|\n|t:|1699336290\n|switch|p1a: king|Kingambit, M, shiny|100\/100\n|-activate|p1a: king|ability: Supreme Overlord\n|-start|p1a: king|fallen4|[silent]\n|turn|10\n|\n|t:|1699336296\n|move|p2a: Heracross|Close Combat|p1a: king\n|-supereffective|p1a: king\n|-enditem|p1a: king|Focus Sash\n|-damage|p1a: king|1\/100\n|-unboost|p2a: Heracross|def|1\n|-unboost|p2a: Heracross|spd|1\n|move|p1a: king|Iron Head|p2a: Heracross\n|-resisted|p2a: Heracross\n|-damage|p2a: Heracross|0 fnt\n|faint|p2a: Heracross\n|\n|-weather|Sandstorm|[upkeep]\n|upkeep\n|\n|t:|1699336310\n|switch|p2a: Big Bird|Talonflame, F|100\/100\n|turn|11\n|\n|t:|1699336315\n|move|p2a: Big Bird|Air Slash|p1a: king\n|-resisted|p1a: king\n|-damage|p1a: king|0 fnt\n|faint|p1a: king\n|-end|p1a: king|fallen4|[silent]\n|\n|-weather|Sandstorm|[upkeep]\n|-damage|p2a: Big Bird|94\/100|[from] Sandstorm\n|upkeep\n|\n|t:|1699336321\n|switch|p1a: frog ninja|Greninja, M|100\/100\n|turn|12\n|\n|t:|1699336341\n|-terastallize|p1a: frog ninja|Flying\n|move|p2a: Big Bird|Will-O-Wisp|p1a: frog ninja\n|-status|p1a: frog ninja|brn\n|move|p1a: frog ninja|Acrobatics|p2a: Big Bird\n|-damage|p2a: Big Bird|59\/100\n|\n|-weather|none\n|-damage|p1a: frog ninja|95\/100 brn|[from] brn\n|upkeep\n|turn|13\n|\n|t:|1699336355\n|move|p1a: frog ninja|Water Shuriken|p2a: Big Bird\n|-supereffective|p2a: Big Bird\n|-damage|p2a: Big Bird|41\/100\n|-supereffective|p2a: Big Bird\n|-damage|p2a: Big Bird|22\/100\n|-supereffective|p2a: Big Bird\n|-crit|p2a: Big Bird\n|-damage|p2a: Big Bird|0 fnt\n|faint|p2a: Big Bird\n|-ability|p1a: frog ninja|Battle Bond|boost\n|-boost|p1a: frog ninja|atk|1\n|-boost|p1a: frog ninja|spa|1\n|-boost|p1a: frog ninja|spe|1\n|-activate|p1a: frog ninja|ability: Battle Bond\n|-hitcount|p2: Big Bird|3\n|\n|-damage|p1a: frog ninja|89\/100 brn|[from] brn\n|upkeep\n|\n|t:|1699336373\n|switch|p2a: Empoleon|Empoleon, M, shiny|100\/100\n|turn|14\n|\n|t:|1699336380\n|move|p1a: frog ninja|Acrobatics|p2a: Empoleon\n|-resisted|p2a: Empoleon\n|-damage|p2a: Empoleon|83\/100\n|move|p2a: Empoleon|Ice Beam|p1a: frog ninja\n|-supereffective|p1a: frog ninja\n|-damage|p1a: frog ninja|0 fnt\n|faint|p1a: frog ninja\n|\n|win|Fred64303\n|raw|InsertCoolName983's rating: 1106 &rarr; <strong>1077<\/strong><br \/>(-29 for losing)\n|raw|Fred64303's rating: 1048 &rarr; <strong>1086<\/strong><br \/>(+38 for winning)\n|l|\u2606InsertCoolName983\n","uploadtime":1699336397,"views":7,"p1id":"insertcoolname983","p2id":"fred64303","formatid":"gen9anythinggoes","rating":1077,"private":0,"password":""}