{"id":"gen9anythinggoes-1975813342","p1":"Justice0492","p2":"xXRareAbsolXx","format":"[Gen 9] Anything Goes","log":"|j|\u2606Justice0492\n|j|\u2606xXRareAbsolXx\n|t:|1698240514\n|gametype|singles\n|player|p1|Justice0492|cynthia-gen4|\n|player|p2|xXRareAbsolXx|palmer|\n|teamsize|p1|6\n|teamsize|p2|6\n|gen|9\n|tier|[Gen 9] Anything Goes\n|rule|HP Percentage Mod: HP is shown in percentages\n|rule|Endless Battle Clause: Forcing endless battles is banned\n|clearpoke\n|poke|p1|Shaymin|\n|poke|p1|Haxorus, M|\n|poke|p1|Scyther, F|\n|poke|p1|Iron Valiant|\n|poke|p1|Kilowattrel, M|\n|poke|p1|Zoroark-Hisui, M|\n|poke|p2|Gholdengo|\n|poke|p2|Amoonguss, F|\n|poke|p2|Thundurus-Therian, M|\n|poke|p2|Cetitan, M|\n|poke|p2|Samurott, M|\n|poke|p2|Zangoose, F|\n|teampreview\n|\n|t:|1698240546\n|start\n|switch|p1a: Scyther|Scyther, F|100\/100\n|switch|p2a: Gholdengo|Gholdengo|100\/100\n|turn|1\n|\n|t:|1698240573\n|-terastallize|p1a: Scyther|Ground\n|move|p2a: Gholdengo|Make It Rain|p1a: Scyther\n|-damage|p1a: Scyther|1\/100\n|-unboost|p2a: Gholdengo|spa|1\n|move|p1a: Scyther|Tera Blast|p2a: Gholdengo|[anim] Tera Blast Ground\n|-supereffective|p2a: Gholdengo\n|-damage|p2a: Gholdengo|17\/100\n|\n|upkeep\n|turn|2\n|\n|t:|1698240585\n|move|p2a: Gholdengo|Make It Rain|p1a: Scyther\n|-damage|p1a: Scyther|0 fnt\n|-unboost|p2a: Gholdengo|spa|1\n|faint|p1a: Scyther\n|\n|upkeep\n|\n|t:|1698240600\n|switch|p1a: Iron Valiant|Iron Valiant|100\/100\n|-enditem|p1a: Iron Valiant|Booster Energy\n|-activate|p1a: Iron Valiant|ability: Quark Drive|[fromitem]\n|-start|p1a: Iron Valiant|quarkdrivespe\n|turn|3\n|\n|t:|1698240610\n|move|p1a: Iron Valiant|Shadow Ball|p2a: Gholdengo\n|-supereffective|p2a: Gholdengo\n|-damage|p2a: Gholdengo|0 fnt\n|faint|p2a: Gholdengo\n|\n|upkeep\n|\n|t:|1698240630\n|switch|p2a: Thundurus|Thundurus-Therian, M|100\/100\n|turn|4\n|\n|t:|1698240655\n|move|p1a: Iron Valiant|Spirit Break|p2a: Thundurus\n|-damage|p2a: Thundurus|56\/100\n|-unboost|p2a: Thundurus|spa|1\n|move|p2a: Thundurus|Focus Blast|p1a: Iron Valiant|[miss]\n|-miss|p2a: Thundurus|p1a: Iron Valiant\n|\n|upkeep\n|turn|5\n|\n|t:|1698240668\n|move|p1a: Iron Valiant|Spirit Break|p2a: Thundurus\n|-damage|p2a: Thundurus|12\/100\n|-unboost|p2a: Thundurus|spa|1\n|move|p2a: Thundurus|Grass Knot|p1a: Iron Valiant\n|-damage|p1a: Iron Valiant|80\/100\n|\n|upkeep\n|turn|6\n|\n|t:|1698240680\n|move|p1a: Iron Valiant|Spirit Break|p2a: Thundurus\n|-damage|p2a: Thundurus|0 fnt\n|faint|p2a: Thundurus\n|\n|upkeep\n|\n|t:|1698240685\n|switch|p2a: Cetitan|Cetitan, M|100\/100\n|turn|7\n|\n|t:|1698240692\n|move|p1a: Iron Valiant|Aura Sphere|p2a: Cetitan\n|-supereffective|p2a: Cetitan\n|-damage|p2a: Cetitan|8\/100\n|-enditem|p2a: Cetitan|Sitrus Berry|[eat]\n|-heal|p2a: Cetitan|33\/100|[from] item: Sitrus Berry\n|move|p2a: Cetitan|Play Rough|p1a: Iron Valiant\n|-supereffective|p1a: Iron Valiant\n|-damage|p1a: Iron Valiant|3\/100\n|\n|upkeep\n|turn|8\n|\n|t:|1698240708\n|switch|p2a: Amoonguss|Amoonguss, F|100\/100\n|move|p1a: Iron Valiant|Aura Sphere|p2a: Amoonguss\n|-resisted|p2a: Amoonguss\n|-damage|p2a: Amoonguss|85\/100\n|\n|upkeep\n|turn|9\n|\n|t:|1698240716\n|move|p1a: Iron Valiant|Psychic|p2a: Amoonguss\n|-supereffective|p2a: Amoonguss\n|-damage|p2a: Amoonguss|38\/100\n|move|p2a: Amoonguss|Sludge Bomb|p1a: Iron Valiant\n|-supereffective|p1a: Iron Valiant\n|-damage|p1a: Iron Valiant|0 fnt\n|faint|p1a: Iron Valiant\n|-end|p1a: Iron Valiant|Quark Drive|[silent]\n|\n|upkeep\n|\n|t:|1698240725\n|switch|p1a: Kilowattrel|Kilowattrel, M|100\/100\n|turn|10\n|\n|t:|1698240742\n|switch|p2a: Cetitan|Cetitan, M|33\/100\n|move|p1a: Kilowattrel|Air Slash|p2a: Cetitan\n|-damage|p2a: Cetitan|0 fnt\n|faint|p2a: Cetitan\n|\n|upkeep\n|\n|t:|1698240749\n|switch|p2a: Zangoose|Zangoose, F|100\/100\n|turn|11\n|\n|t:|1698240755\n|move|p1a: Kilowattrel|Tailwind|p1a: Kilowattrel\n|-sidestart|p1: Justice0492|move: Tailwind\n|-start|p1a: Kilowattrel|Charge|Tailwind|[from] ability: Wind Power\n|move|p2a: Zangoose|Swords Dance|p2a: Zangoose\n|-boost|p2a: Zangoose|atk|2\n|\n|-status|p2a: Zangoose|tox|[from] item: Toxic Orb\n|upkeep\n|turn|12\n|\n|t:|1698240766\n|move|p1a: Kilowattrel|Electro Ball|p2a: Zangoose\n|-damage|p2a: Zangoose|0 fnt\n|faint|p2a: Zangoose\n|-end|p1a: Kilowattrel|Charge|[silent]\n|\n|upkeep\n|\n|t:|1698240771\n|switch|p2a: Amoonguss|Amoonguss, F|71\/100\n|turn|13\n|\n|t:|1698240778\n|move|p1a: Kilowattrel|Air Slash|p2a: Amoonguss\n|-supereffective|p2a: Amoonguss\n|-damage|p2a: Amoonguss|18\/100\n|cant|p2a: Amoonguss|flinch\n|\n|upkeep\n|turn|14\n|\n|t:|1698240785\n|move|p1a: Kilowattrel|Air Slash|p2a: Amoonguss\n|-supereffective|p2a: Amoonguss\n|-damage|p2a: Amoonguss|0 fnt\n|faint|p2a: Amoonguss\n|\n|-sideend|p1: Justice0492|move: Tailwind\n|upkeep\n|\n|t:|1698240791\n|switch|p2a: Samurott|Samurott, M|100\/100\n|turn|15\n|\n|t:|1698240808\n|-terastallize|p2a: Samurott|Ground\n|move|p1a: Kilowattrel|Electro Ball|p2a: Samurott\n|-immune|p2a: Samurott\n|move|p2a: Samurott|Sacred Sword|p1a: Kilowattrel\n|-resisted|p1a: Kilowattrel\n|-damage|p1a: Kilowattrel|74\/100\n|-damage|p2a: Samurott|91\/100|[from] item: Life Orb\n|\n|upkeep\n|turn|16\n|\n|t:|1698240824\n|switch|p1a: Shaymin|Shaymin|100\/100\n|move|p2a: Samurott|Megahorn|p1a: Shaymin\n|-supereffective|p1a: Shaymin\n|-damage|p1a: Shaymin|22\/100\n|-damage|p2a: Samurott|81\/100|[from] item: Life Orb\n|\n|upkeep\n|turn|17\n|\n|t:|1698240832\n|move|p1a: Shaymin|Seed Flare|p2a: Samurott\n|-supereffective|p2a: Samurott\n|-damage|p2a: Samurott|0 fnt\n|faint|p2a: Samurott\n|\n|win|Justice0492\n|c|\u2606Justice0492|Gg\n","uploadtime":1698240842,"views":19,"p1id":"justice0492","p2id":"xxrareabsolxx","formatid":"gen9anythinggoes","rating":0,"private":0,"password":""}