{"id":"gen9anythinggoes-1981280354","p1":"NightWave7777","p2":"chrisi021","format":"[Gen 9] Anything Goes","log":"|j|\u2606NightWave7777\n|j|\u2606chrisi021\n|t:|1698879265\n|gametype|singles\n|player|p1|NightWave7777|unknown|1186\n|player|p2|chrisi021|1|1158\n|teamsize|p1|6\n|teamsize|p2|6\n|gen|9\n|tier|[Gen 9] Anything Goes\n|rated|\n|rule|HP Percentage Mod: HP is shown in percentages\n|rule|Endless Battle Clause: Forcing endless battles is banned\n|clearpoke\n|poke|p1|Scream Tail|\n|poke|p1|Espathra, F|\n|poke|p1|Drifblim, M|\n|poke|p1|Sylveon, M|\n|poke|p1|Dudunsparce-*, M|\n|poke|p1|Annihilape, F|\n|poke|p2|Gliscor, F|\n|poke|p2|Empoleon, M|\n|poke|p2|Ursaluna, M|\n|poke|p2|Kommo-o, M|\n|poke|p2|Amoonguss, F|\n|poke|p2|Decidueye, M|\n|teampreview\n|\n|t:|1698879272\n|start\n|switch|p1a: Scream Tail|Scream Tail|100\/100\n|switch|p2a: Kommo-o|Kommo-o, M|100\/100\n|turn|1\n|\n|t:|1698879286\n|switch|p2a: Amoonguss|Amoonguss, F|100\/100\n|move|p1a: Scream Tail|Bulk Up|p1a: Scream Tail\n|-boost|p1a: Scream Tail|atk|1\n|-boost|p1a: Scream Tail|def|1\n|\n|upkeep\n|turn|2\n|\n|t:|1698879302\n|move|p1a: Scream Tail|Substitute|p1a: Scream Tail\n|-start|p1a: Scream Tail|Substitute\n|-damage|p1a: Scream Tail|76\/100\n|move|p2a: Amoonguss|Toxic||[still]\n|-fail|p2a: Amoonguss\n|\n|-heal|p1a: Scream Tail|82\/100|[from] item: Leftovers\n|upkeep\n|turn|3\n|\n|t:|1698879321\n|switch|p2a: Ursaluna|Ursaluna, M|100\/100\n|move|p1a: Scream Tail|Amnesia|p1a: Scream Tail\n|-boost|p1a: Scream Tail|spd|2\n|\n|-heal|p1a: Scream Tail|88\/100|[from] item: Leftovers\n|-status|p2a: Ursaluna|brn|[from] item: Flame Orb\n|upkeep\n|turn|4\n|\n|t:|1698879333\n|move|p1a: Scream Tail|Bulk Up|p1a: Scream Tail\n|-boost|p1a: Scream Tail|atk|1\n|-boost|p1a: Scream Tail|def|1\n|move|p2a: Ursaluna|Earthquake|p1a: Scream Tail\n|-activate|p1a: Scream Tail|move: Substitute|[damage]\n|\n|-heal|p1a: Scream Tail|94\/100|[from] item: Leftovers\n|-damage|p2a: Ursaluna|94\/100 brn|[from] brn\n|upkeep\n|turn|5\n|\n|t:|1698879342\n|move|p1a: Scream Tail|Bulk Up|p1a: Scream Tail\n|-boost|p1a: Scream Tail|atk|1\n|-boost|p1a: Scream Tail|def|1\n|move|p2a: Ursaluna|Earthquake|p1a: Scream Tail\n|-end|p1a: Scream Tail|Substitute\n|\n|-heal|p1a: Scream Tail|100\/100|[from] item: Leftovers\n|-damage|p2a: Ursaluna|88\/100 brn|[from] brn\n|upkeep\n|turn|6\n|\n|t:|1698879357\n|move|p1a: Scream Tail|Substitute|p1a: Scream Tail\n|-start|p1a: Scream Tail|Substitute\n|-damage|p1a: Scream Tail|76\/100\n|move|p2a: Ursaluna|Bulk Up|p2a: Ursaluna\n|-boost|p2a: Ursaluna|atk|1\n|-boost|p2a: Ursaluna|def|1\n|\n|-heal|p1a: Scream Tail|82\/100|[from] item: Leftovers\n|-damage|p2a: Ursaluna|82\/100 brn|[from] brn\n|upkeep\n|turn|7\n|\n|t:|1698879365\n|move|p1a: Scream Tail|Bulk Up|p1a: Scream Tail\n|-boost|p1a: Scream Tail|atk|1\n|-boost|p1a: Scream Tail|def|1\n|move|p2a: Ursaluna|Bulk Up|p2a: Ursaluna\n|-boost|p2a: Ursaluna|atk|1\n|-boost|p2a: Ursaluna|def|1\n|\n|-heal|p1a: Scream Tail|88\/100|[from] item: Leftovers\n|-damage|p2a: Ursaluna|75\/100 brn|[from] brn\n|upkeep\n|turn|8\n|\n|t:|1698879375\n|move|p1a: Scream Tail|Bulk Up|p1a: Scream Tail\n|-boost|p1a: Scream Tail|atk|1\n|-boost|p1a: Scream Tail|def|1\n|move|p2a: Ursaluna|Earthquake|p1a: Scream Tail\n|-end|p1a: Scream Tail|Substitute\n|\n|-heal|p1a: Scream Tail|94\/100|[from] item: Leftovers\n|-damage|p2a: Ursaluna|69\/100 brn|[from] brn\n|upkeep\n|turn|9\n|\n|t:|1698879384\n|move|p1a: Scream Tail|Bulk Up|p1a: Scream Tail\n|-boost|p1a: Scream Tail|atk|1\n|-boost|p1a: Scream Tail|def|1\n|move|p2a: Ursaluna|Earthquake|p1a: Scream Tail\n|-damage|p1a: Scream Tail|72\/100\n|\n|-heal|p1a: Scream Tail|78\/100|[from] item: Leftovers\n|-damage|p2a: Ursaluna|63\/100 brn|[from] brn\n|upkeep\n|turn|10\n|\n|t:|1698879393\n|move|p1a: Scream Tail|Substitute|p1a: Scream Tail\n|-start|p1a: Scream Tail|Substitute\n|-damage|p1a: Scream Tail|53\/100\n|move|p2a: Ursaluna|Earthquake|p1a: Scream Tail\n|-activate|p1a: Scream Tail|move: Substitute|[damage]\n|\n|-heal|p1a: Scream Tail|60\/100|[from] item: Leftovers\n|-damage|p2a: Ursaluna|57\/100 brn|[from] brn\n|upkeep\n|turn|11\n|\n|t:|1698879401\n|move|p1a: Scream Tail|Amnesia|p1a: Scream Tail\n|-boost|p1a: Scream Tail|spd|2\n|move|p2a: Ursaluna|Bulk Up|p2a: Ursaluna\n|-boost|p2a: Ursaluna|atk|1\n|-boost|p2a: Ursaluna|def|1\n|\n|-heal|p1a: Scream Tail|66\/100|[from] item: Leftovers\n|-damage|p2a: Ursaluna|50\/100 brn|[from] brn\n|upkeep\n|turn|12\n|\n|t:|1698879412\n|move|p1a: Scream Tail|Amnesia|p1a: Scream Tail\n|-boost|p1a: Scream Tail|spd|2\n|move|p2a: Ursaluna|Earthquake|p1a: Scream Tail\n|-end|p1a: Scream Tail|Substitute\n|\n|-heal|p1a: Scream Tail|72\/100|[from] item: Leftovers\n|-damage|p2a: Ursaluna|44\/100 brn|[from] brn\n|upkeep\n|turn|13\n|\n|t:|1698879420\n|move|p1a: Scream Tail|Substitute|p1a: Scream Tail\n|-start|p1a: Scream Tail|Substitute\n|-damage|p1a: Scream Tail|47\/100\n|move|p2a: Ursaluna|Earthquake|p1a: Scream Tail\n|-end|p1a: Scream Tail|Substitute\n|\n|-heal|p1a: Scream Tail|53\/100|[from] item: Leftovers\n|-damage|p2a: Ursaluna|38\/100 brn|[from] brn\n|upkeep\n|turn|14\n|\n|t:|1698879428\n|move|p1a: Scream Tail|Baton Pass|p1a: Scream Tail\n|\n|t:|1698879430\n|-end|p1a: Scream Tail|Protosynthesis|[silent]\n|switch|p1a: Drifblim|Drifblim, M, shiny|100\/100|[from] Baton Pass\n|move|p2a: Ursaluna|Earthquake|p1a: Drifblim\n|-immune|p1a: Drifblim\n|\n|-damage|p2a: Ursaluna|32\/100 brn|[from] brn\n|upkeep\n|turn|15\n|\n|t:|1698879438\n|move|p1a: Drifblim|Minimize|p1a: Drifblim\n|-boost|p1a: Drifblim|evasion|2\n|move|p2a: Ursaluna|Ice Punch|p1a: Drifblim\n|-supereffective|p1a: Drifblim\n|-damage|p1a: Drifblim|47\/100\n|-enditem|p1a: Drifblim|Sitrus Berry|[eat]\n|-heal|p1a: Drifblim|72\/100|[from] item: Sitrus Berry\n|\n|-damage|p2a: Ursaluna|25\/100 brn|[from] brn\n|upkeep\n|turn|16\n|\n|t:|1698879461\n|move|p1a: Drifblim|Minimize|p1a: Drifblim\n|-boost|p1a: Drifblim|evasion|2\n|move|p2a: Ursaluna|Ice Punch|p1a: Drifblim|[miss]\n|-miss|p2a: Ursaluna|p1a: Drifblim\n|\n|-damage|p2a: Ursaluna|19\/100 brn|[from] brn\n|upkeep\n|turn|17\n|\n|t:|1698879468\n|move|p1a: Drifblim|Minimize|p1a: Drifblim\n|-boost|p1a: Drifblim|evasion|2\n|move|p2a: Ursaluna|Ice Punch|p1a: Drifblim|[miss]\n|-miss|p2a: Ursaluna|p1a: Drifblim\n|\n|-damage|p2a: Ursaluna|13\/100 brn|[from] brn\n|upkeep\n|turn|18\n|\n|t:|1698879476\n|move|p1a: Drifblim|Calm Mind|p1a: Drifblim\n|-boost|p1a: Drifblim|spa|1\n|-boost|p1a: Drifblim|spd|0\n|move|p2a: Ursaluna|Ice Punch|p1a: Drifblim|[miss]\n|-miss|p2a: Ursaluna|p1a: Drifblim\n|\n|-damage|p2a: Ursaluna|7\/100 brn|[from] brn\n|upkeep\n|turn|19\n|\n|t:|1698879483\n|move|p1a: Drifblim|Calm Mind|p1a: Drifblim\n|-boost|p1a: Drifblim|spa|1\n|-boost|p1a: Drifblim|spd|0\n|move|p2a: Ursaluna|Ice Punch|p1a: Drifblim\n|-supereffective|p1a: Drifblim\n|-damage|p1a: Drifblim|17\/100\n|-status|p1a: Drifblim|frz\n|\n|-damage|p2a: Ursaluna|0 fnt|[from] brn\n|faint|p2a: Ursaluna\n|upkeep\n|c|\u2606NightWave7777|bro\n|c|\u2606NightWave7777|how\n|\n|t:|1698879511\n|switch|p2a: Empoleon|Empoleon, M|100\/100\n|turn|20\n|\n|t:|1698879520\n|cant|p1a: Drifblim|frz\n|move|p2a: Empoleon|Ice Beam|p1a: Drifblim|[miss]\n|-miss|p2a: Empoleon|p1a: Drifblim\n|\n|upkeep\n|turn|21\n|\n|t:|1698879525\n|-curestatus|p1a: Drifblim|frz|[msg]\n|move|p1a: Drifblim|Strength Sap|p2a: Empoleon\n|-unboost|p2a: Empoleon|atk|1\n|-ability|p2a: Empoleon|Competitive|boost\n|-boost|p2a: Empoleon|spa|2\n|-heal|p1a: Drifblim|48\/100\n|move|p2a: Empoleon|Ice Beam|p1a: Drifblim|[miss]\n|-miss|p2a: Empoleon|p1a: Drifblim\n|\n|upkeep\n|turn|22\n|\n|t:|1698879538\n|move|p1a: Drifblim|Baton Pass|p1a: Drifblim\n|\n|t:|1698879544\n|switch|p1a: Espathra|Espathra, F|100\/100|[from] Baton Pass\n|move|p2a: Empoleon|Ice Beam|p1a: Espathra|[miss]\n|-miss|p2a: Empoleon|p1a: Espathra\n|\n|upkeep\n|turn|23\n|\n|t:|1698879558\n|move|p1a: Espathra|Protect|p1a: Espathra\n|-singleturn|p1a: Espathra|Protect\n|move|p2a: Empoleon|Surf|p1a: Espathra\n|-activate|p1a: Espathra|move: Protect\n|\n|-ability|p1a: Espathra|Speed Boost|boost\n|-boost|p1a: Espathra|spe|1\n|upkeep\n|turn|24\n|\n|t:|1698879565\n|move|p1a: Espathra|Substitute|p1a: Espathra\n|-start|p1a: Espathra|Substitute\n|-damage|p1a: Espathra|76\/100\n|move|p2a: Empoleon|Surf|p1a: Espathra\n|-end|p1a: Espathra|Substitute\n|\n|-ability|p1a: Espathra|Speed Boost|boost\n|-boost|p1a: Espathra|spe|1\n|upkeep\n|turn|25\n|\n|t:|1698879572\n|switch|p2a: Decidueye|Decidueye, M, shiny|100\/100\n|move|p1a: Espathra|Protect||[still]\n|-fail|p1a: Espathra\n|\n|-ability|p1a: Espathra|Speed Boost|boost\n|-boost|p1a: Espathra|spe|1\n|upkeep\n|turn|26\n|\n|t:|1698879586\n|move|p1a: Espathra|Protect|p1a: Espathra\n|-singleturn|p1a: Espathra|Protect\n|move|p2a: Decidueye|Poltergeist|p1a: Espathra\n|-activate|p1a: Espathra|move: Protect\n|\n|-ability|p1a: Espathra|Speed Boost|boost\n|-boost|p1a: Espathra|spe|1\n|upkeep\n|turn|27\n|\n|t:|1698879593\n|move|p1a: Espathra|Substitute|p1a: Espathra\n|-start|p1a: Espathra|Substitute\n|-damage|p1a: Espathra|51\/100\n|move|p2a: Decidueye|Poltergeist|p1a: Espathra|[miss]\n|-miss|p2a: Decidueye|p1a: Espathra\n|\n|-ability|p1a: Espathra|Speed Boost|boost\n|-boost|p1a: Espathra|spe|1\n|upkeep\n|turn|28\n|\n|t:|1698879602\n|move|p1a: Espathra|Protect|p1a: Espathra\n|-singleturn|p1a: Espathra|Protect\n|move|p2a: Decidueye|Poltergeist|p1a: Espathra\n|-activate|p1a: Espathra|move: Protect\n|\n|-ability|p1a: Espathra|Speed Boost|boost\n|-boost|p1a: Espathra|spe|1\n|upkeep\n|turn|29\n|\n|t:|1698879614\n|move|p1a: Espathra|Baton Pass|p1a: Espathra\n|\n|t:|1698879616\n|switch|p1a: Sylveon|Sylveon, M, shiny|100\/100|[from] Baton Pass\n|move|p2a: Decidueye|Poltergeist|p1a: Sylveon\n|-activate|p1a: Sylveon|move: Poltergeist|Leftovers\n|-activate|p1a: Sylveon|move: Substitute|[damage]\n|\n|upkeep\n|turn|30\n|c|\u2606NightWave7777|gg\n|\n|t:|1698879626\n|move|p1a: Sylveon|Stored Power|p2a: Decidueye\n|-damage|p2a: Decidueye|0 fnt\n|faint|p2a: Decidueye\n|\n|upkeep\n|\n|t:|1698879633\n|switch|p2a: Empoleon|Empoleon, M|100\/100\n|turn|31\n|\n|t:|1698879636\n|move|p1a: Sylveon|Stored Power|p2a: Empoleon\n|-resisted|p2a: Empoleon\n|-damage|p2a: Empoleon|0 fnt\n|faint|p2a: Empoleon\n|\n|upkeep\n|\n|t:|1698879641\n|switch|p2a: Amoonguss|Amoonguss, F|100\/100\n|turn|32\n|\n|t:|1698879653\n|move|p1a: Sylveon|Stored Power|p2a: Amoonguss\n|-supereffective|p2a: Amoonguss\n|-damage|p2a: Amoonguss|0 fnt\n|faint|p2a: Amoonguss\n|\n|upkeep\n|\n|t:|1698879658\n|switch|p2a: Kommo-o|Kommo-o, M|100\/100\n|turn|33\n|\n|t:|1698879660\n|move|p1a: Sylveon|Stored Power|p2a: Kommo-o\n|-supereffective|p2a: Kommo-o\n|-damage|p2a: Kommo-o|0 fnt\n|faint|p2a: Kommo-o\n|\n|upkeep\n|\n|t:|1698879665\n|switch|p2a: Gliscor|Gliscor, F|100\/100\n|turn|34\n|c|\u2606chrisi021|had you fun?\n|\n|t:|1698879672\n|move|p1a: Sylveon|Stored Power|p2a: Gliscor\n|-damage|p2a: Gliscor|0 fnt\n|faint|p2a: Gliscor\n|\n|win|NightWave7777\n|raw|NightWave7777's rating: 1186 &rarr; <strong>1209<\/strong><br \/>(+23 for winning)\n|raw|chrisi021's rating: 1158 &rarr; <strong>1135<\/strong><br \/>(-23 for losing)\n|c|\u2606NightWave7777|yep\n|c|\u2606NightWave7777|gg\n|c|\u2606chrisi021|then great\n|c|\u2606chrisi021|but it was really boring\n|c|\u2606chrisi021|gg\n|c|\u2606NightWave7777|ok\n|c|\u2606NightWave7777|gg\n|l|\u2606chrisi021\n","uploadtime":1698879718,"views":3,"p1id":"nightwave7777","p2id":"chrisi021","formatid":"gen9anythinggoes","rating":1135,"private":0,"password":""}