{"id":"gen9anythinggoes-1979925420","p1":"baku2800","p2":"Bakitaladelbarrio","format":"[Gen 9] Anything Goes","log":"|j|\u2606baku2800\n|j|\u2606Bakitaladelbarrio\n|t:|1698730531\n|gametype|singles\n|player|p1|baku2800|102|1069\n|player|p2|Bakitaladelbarrio|colress|1256\n|teamsize|p1|6\n|teamsize|p2|6\n|gen|9\n|tier|[Gen 9] Anything Goes\n|rated|\n|rule|HP Percentage Mod: HP is shown in percentages\n|rule|Endless Battle Clause: Forcing endless battles is banned\n|clearpoke\n|poke|p1|Palkia|\n|poke|p1|Giratina-Origin|\n|poke|p1|Darkrai|\n|poke|p1|Blissey, F|\n|poke|p1|Weavile, M|\n|poke|p1|Typhlosion, M|\n|poke|p2|Espathra, M|\n|poke|p2|Drifblim, M|\n|poke|p2|Espeon, M|\n|poke|p2|Manaphy|\n|poke|p2|Clefable, M|\n|poke|p2|Basculegion, M|\n|teampreview\n|inactive|Battle timer is ON: inactive players will automatically lose when time's up. (requested by Bakitaladelbarrio)\n|\n|t:|1698730539\n|start\n|switch|p1a: Blissey|Blissey, F|100\/100\n|switch|p2a: Espathra|Espathra, M|100\/100\n|turn|1\n|\n|t:|1698730547\n|move|p2a: Espathra|Protect|p2a: Espathra\n|-singleturn|p2a: Espathra|Protect\n|move|p1a: Blissey|Body Slam|p2a: Espathra\n|-activate|p2a: Espathra|move: Protect\n|\n|-ability|p2a: Espathra|Speed Boost|boost\n|-boost|p2a: Espathra|spe|1\n|upkeep\n|turn|2\n|\n|t:|1698730556\n|move|p2a: Espathra|Baton Pass|p2a: Espathra\n|\n|t:|1698730557\n|switch|p2a: Drifblim|Drifblim, M|100\/100|[from] Baton Pass\n|move|p1a: Blissey|Body Slam|p2a: Drifblim\n|-immune|p2a: Drifblim\n|\n|upkeep\n|turn|3\n|\n|t:|1698730568\n|move|p2a: Drifblim|Minimize|p2a: Drifblim\n|-boost|p2a: Drifblim|evasion|2\n|move|p1a: Blissey|Charm|p2a: Drifblim\n|-unboost|p2a: Drifblim|atk|2\n|\n|upkeep\n|turn|4\n|\n|t:|1698730577\n|switch|p1a: Weavile|Weavile, M|100\/100\n|move|p2a: Drifblim|Minimize|p2a: Drifblim\n|-boost|p2a: Drifblim|evasion|2\n|\n|upkeep\n|turn|5\n|\n|t:|1698730585\n|move|p1a: Weavile|Ice Punch|p2a: Drifblim\n|-supereffective|p2a: Drifblim\n|-damage|p2a: Drifblim|33\/100\n|move|p2a: Drifblim|Baton Pass|p2a: Drifblim\n|\n|t:|1698730590\n|switch|p2a: Espathra|Espathra, M|100\/100|[from] Baton Pass\n|\n|upkeep\n|turn|6\n|\n|t:|1698730602\n|switch|p1a: Blissey|Blissey, F|100\/100\n|move|p2a: Espathra|Protect||[still]\n|-fail|p2a: Espathra\n|\n|-ability|p2a: Espathra|Speed Boost|boost\n|-boost|p2a: Espathra|spe|1\n|upkeep\n|turn|7\n|\n|t:|1698730611\n|move|p2a: Espathra|Protect|p2a: Espathra\n|-singleturn|p2a: Espathra|Protect\n|move|p1a: Blissey|Body Slam|p2a: Espathra\n|-activate|p2a: Espathra|move: Protect\n|\n|-ability|p2a: Espathra|Speed Boost|boost\n|-boost|p2a: Espathra|spe|1\n|upkeep\n|turn|8\n|\n|t:|1698730620\n|move|p2a: Espathra|Baton Pass|p2a: Espathra\n|\n|t:|1698730621\n|switch|p2a: Drifblim|Drifblim, M|33\/100|[from] Baton Pass\n|move|p1a: Blissey|Body Slam|p2a: Drifblim\n|-immune|p2a: Drifblim\n|\n|upkeep\n|turn|9\n|\n|t:|1698730629\n|switch|p1a: Weavile|Weavile, M|100\/100\n|move|p2a: Drifblim|Minimize|p2a: Drifblim\n|-boost|p2a: Drifblim|evasion|2\n|\n|upkeep\n|turn|10\n|\n|t:|1698730635\n|move|p2a: Drifblim|Baton Pass|p2a: Drifblim\n|\n|t:|1698730639\n|switch|p2a: Manaphy|Manaphy|100\/100|[from] Baton Pass\n|move|p1a: Weavile|Ice Punch|p2a: Manaphy|[miss]\n|-miss|p1a: Weavile|p2a: Manaphy\n|\n|upkeep\n|turn|11\n|\n|t:|1698730650\n|switch|p1a: Blissey|Blissey, F|100\/100\n|move|p2a: Manaphy|Acid Armor|p2a: Manaphy\n|-boost|p2a: Manaphy|def|2\n|\n|upkeep\n|turn|12\n|\n|t:|1698730657\n|move|p2a: Manaphy|Take Heart|p2a: Manaphy\n|-boost|p2a: Manaphy|spa|1\n|-boost|p2a: Manaphy|spd|1\n|move|p1a: Blissey|Body Slam|p2a: Manaphy\n|-damage|p2a: Manaphy|97\/100\n|-status|p2a: Manaphy|par\n|\n|-heal|p2a: Manaphy|100\/100 par|[from] item: Leftovers\n|upkeep\n|turn|13\n|\n|t:|1698730667\n|move|p2a: Manaphy|Take Heart|p2a: Manaphy\n|-boost|p2a: Manaphy|spa|1\n|-boost|p2a: Manaphy|spd|1\n|-curestatus|p2a: Manaphy|par|[msg]\n|move|p1a: Blissey|Charm|p2a: Manaphy|[miss]\n|-miss|p1a: Blissey|p2a: Manaphy\n|\n|upkeep\n|turn|14\n|\n|t:|1698730678\n|move|p2a: Manaphy|Acid Armor|p2a: Manaphy\n|-boost|p2a: Manaphy|def|2\n|move|p1a: Blissey|Body Slam|p2a: Manaphy|[miss]\n|-miss|p1a: Blissey|p2a: Manaphy\n|\n|upkeep\n|turn|15\n|\n|t:|1698730689\n|move|p2a: Manaphy|Take Heart|p2a: Manaphy\n|-boost|p2a: Manaphy|spa|1\n|-boost|p2a: Manaphy|spd|1\n|move|p1a: Blissey|Charm|p2a: Manaphy\n|-unboost|p2a: Manaphy|atk|2\n|\n|upkeep\n|turn|16\n|\n|t:|1698730696\n|move|p2a: Manaphy|Stored Power|p1a: Blissey\n|-damage|p1a: Blissey|12\/100\n|move|p1a: Blissey|Charm|p2a: Manaphy\n|-unboost|p2a: Manaphy|atk|2\n|\n|-heal|p1a: Blissey|18\/100|[from] item: Leftovers\n|upkeep\n|turn|17\n|\n|t:|1698730704\n|move|p2a: Manaphy|Scald|p1a: Blissey\n|-damage|p1a: Blissey|0 fnt\n|faint|p1a: Blissey\n|\n|upkeep\n|\n|t:|1698730712\n|switch|p1a: Darkrai|Darkrai|100\/100\n|turn|18\n|\n|t:|1698730717\n|move|p2a: Manaphy|Scald|p1a: Darkrai\n|-damage|p1a: Darkrai|0 fnt\n|faint|p1a: Darkrai\n|\n|upkeep\n|\n|t:|1698730721\n|switch|p1a: Palkia|Palkia|100\/100\n|-ability|p1a: Palkia|Pressure\n|turn|19\n|\n|t:|1698730726\n|-terastallize|p1a: Palkia|Water\n|move|p2a: Manaphy|Stored Power|p1a: Palkia\n|-crit|p1a: Palkia\n|-damage|p1a: Palkia|0 fnt\n|faint|p1a: Palkia\n|\n|upkeep\n|-message|baku2800 forfeited.\n|\n|win|Bakitaladelbarrio\n|raw|baku2800's rating: 1069 &rarr; <strong>1059<\/strong><br \/>(-10 for losing)\n|raw|Bakitaladelbarrio's rating: 1256 &rarr; <strong>1269<\/strong><br \/>(+13 for winning)\n|l|\u2606baku2800\n","uploadtime":1698730736,"views":12,"p1id":"baku2800","p2id":"bakitaladelbarrio","formatid":"gen9anythinggoes","rating":1059,"private":0,"password":""}