{"id":"gen9anythinggoes-1989452475","p1":"DR4N","p2":"EpicoEnderman","format":"[Gen 9] Anything Goes","log":"|j|\u2606DR4N\n|j|\u2606EpicoEnderman\n|t:|1699852645\n|gametype|singles\n|player|p1|DR4N|lucas-gen4pt|1095\n|player|p2|EpicoEnderman|169|1096\n|teamsize|p1|6\n|teamsize|p2|6\n|gen|9\n|tier|[Gen 9] Anything Goes\n|rated|\n|rule|HP Percentage Mod: HP is shown in percentages\n|rule|Endless Battle Clause: Forcing endless battles is banned\n|clearpoke\n|poke|p1|Umbreon, M|\n|poke|p1|Lycanroc-Dusk, M|\n|poke|p1|Pawmot, F|\n|poke|p1|Clodsire, M|\n|poke|p1|Gogoat, M|\n|poke|p1|Arcanine, M|\n|poke|p2|Scyther, M|\n|poke|p2|Salamence, M|\n|poke|p2|Ceruledge, M|\n|poke|p2|Mewtwo|\n|poke|p2|Charizard, F|\n|poke|p2|Haxorus, M|\n|teampreview\n|c|\u2606DR4N|Im scared of scyther\n|c|\u2606DR4N|It was my former team member\n|c|\u2606EpicoEnderman|lol\n|c|\u2606DR4N|With dual wingbeat\n|c|\u2606DR4N|Technician\n|c|\u2606DR4N|Trailblaze\n|\n|t:|1699852698\n|start\n|switch|p1a: Hilal|Umbreon, M, shiny|100\/100\n|switch|p2a: Haxorus|Haxorus, M, shiny|100\/100\n|-ability|p2a: Haxorus|Mold Breaker\n|turn|1\n|c|\u2606EpicoEnderman|nice\n|\n|t:|1699852711\n|move|p2a: Haxorus|Dragon Dance|p2a: Haxorus\n|-boost|p2a: Haxorus|atk|1\n|-boost|p2a: Haxorus|spe|1\n|move|p1a: Hilal|Foul Play|p2a: Haxorus\n|-damage|p2a: Haxorus|22\/100\n|\n|upkeep\n|turn|2\n|\n|t:|1699852719\n|-terastallize|p2a: Haxorus|Steel\n|move|p2a: Haxorus|Dragon Claw|p1a: Hilal\n|-damage|p1a: Hilal|62\/100\n|move|p1a: Hilal|Foul Play|p2a: Haxorus\n|-damage|p2a: Haxorus|0 fnt\n|faint|p2a: Haxorus\n|\n|upkeep\n|\n|t:|1699852732\n|switch|p2a: Scyther|Scyther, M, shiny|100\/100\n|turn|3\n|\n|t:|1699852735\n|-terastallize|p1a: Hilal|Steel\n|move|p2a: Scyther|X-Scissor|p1a: Hilal\n|-resisted|p1a: Hilal\n|-damage|p1a: Hilal|54\/100\n|move|p1a: Hilal|Foul Play|p2a: Scyther\n|-damage|p2a: Scyther|65\/100\n|\n|upkeep\n|turn|4\n|c|\u2606DR4N|Das bad.\n|\n|t:|1699852748\n|switch|p2a: Ceruledge|Ceruledge, M|100\/100\n|move|p1a: Hilal|Wish|p1a: Hilal\n|\n|upkeep\n|turn|5\n|\n|t:|1699852757\n|switch|p1a: Mick|Arcanine, M, shiny|100\/100\n|move|p2a: Ceruledge|Shadow Claw|p1a: Mick\n|-damage|p1a: Mick|48\/100\n|-damage|p2a: Ceruledge|91\/100|[from] item: Life Orb\n|\n|-heal|p1a: Mick|100\/100|[from] move: Wish|[wisher] Hilal\n|upkeep\n|turn|6\n|\n|t:|1699852770\n|switch|p1a: Bobby|Clodsire, M, shiny|100\/100\n|move|p2a: Ceruledge|Poison Jab|p1a: Bobby\n|-resisted|p1a: Bobby\n|-damage|p1a: Bobby|92\/100\n|-damage|p2a: Ceruledge|81\/100|[from] item: Life Orb\n|\n|-heal|p1a: Bobby|99\/100|[from] item: Leftovers\n|upkeep\n|turn|7\n|\n|t:|1699852782\n|switch|p2a: Mewtwo|Mewtwo|100\/100\n|-ability|p2a: Mewtwo|Pressure\n|move|p1a: Bobby|Yawn|p2a: Mewtwo\n|-start|p2a: Mewtwo|move: Yawn|[of] p1a: Bobby\n|\n|-heal|p1a: Bobby|100\/100|[from] item: Leftovers\n|upkeep\n|turn|8\n|\n|t:|1699852792\n|move|p2a: Mewtwo|Psystrike|p1a: Bobby\n|-supereffective|p1a: Bobby\n|-damage|p1a: Bobby|0 fnt\n|faint|p1a: Bobby\n|\n|-end|p2a: Mewtwo|move: Yawn|[silent]\n|-status|p2a: Mewtwo|slp\n|upkeep\n|\n|t:|1699852797\n|switch|p1a: Hilal|Umbreon, M, shiny, tera:Steel|54\/100\n|turn|9\n|\n|t:|1699852809\n|switch|p2a: Charizard|Charizard, F, shiny|100\/100\n|move|p1a: Hilal|Substitute|p1a: Hilal\n|-start|p1a: Hilal|Substitute\n|-damage|p1a: Hilal|29\/100\n|\n|upkeep\n|turn|10\n|\n|t:|1699852819\n|move|p1a: Hilal|Wish|p1a: Hilal\n|move|p2a: Charizard|Dragon Tail|p1a: Hilal\n|-resisted|p1a: Hilal\n|-activate|p1a: Hilal|move: Substitute|[damage]\n|\n|upkeep\n|turn|11\n|\n|t:|1699852828\n|move|p2a: Charizard|Thunder Punch|p1a: Hilal\n|-activate|p1a: Hilal|move: Substitute|[damage]\n|move|p1a: Hilal|Foul Play|p2a: Charizard\n|-damage|p2a: Charizard|75\/100\n|\n|-heal|p1a: Hilal|79\/100|[from] move: Wish|[wisher] Hilal\n|-heal|p2a: Charizard|81\/100|[from] item: Leftovers\n|upkeep\n|turn|12\n|\n|t:|1699852839\n|move|p2a: Charizard|Thunder Punch|p1a: Hilal\n|-crit|p1a: Hilal\n|-end|p1a: Hilal|Substitute\n|move|p1a: Hilal|Wish|p1a: Hilal\n|\n|-heal|p2a: Charizard|87\/100|[from] item: Leftovers\n|upkeep\n|turn|13\n|\n|t:|1699852848\n|move|p1a: Hilal|Substitute|p1a: Hilal\n|-start|p1a: Hilal|Substitute\n|-damage|p1a: Hilal|54\/100\n|move|p2a: Charizard|Dragon Tail|p1a: Hilal\n|-resisted|p1a: Hilal\n|-activate|p1a: Hilal|move: Substitute|[damage]\n|\n|-heal|p1a: Hilal|100\/100|[from] move: Wish|[wisher] Hilal\n|-heal|p2a: Charizard|93\/100|[from] item: Leftovers\n|upkeep\n|turn|14\n|\n|t:|1699852861\n|switch|p2a: Ceruledge|Ceruledge, M|81\/100\n|move|p1a: Hilal|Baton Pass|p1a: Hilal\n|\n|t:|1699852870\n|switch|p1a: Sonic|Lycanroc-Dusk, M, shiny|100\/100|[from] Baton Pass\n|\n|upkeep\n|turn|15\n|\n|t:|1699852877\n|move|p1a: Sonic|Swords Dance|p1a: Sonic\n|-boost|p1a: Sonic|atk|2\n|move|p2a: Ceruledge|Shadow Claw|p1a: Sonic\n|-end|p1a: Sonic|Substitute\n|-damage|p2a: Ceruledge|71\/100|[from] item: Life Orb\n|\n|upkeep\n|turn|16\n|\n|t:|1699852885\n|move|p1a: Sonic|Accelerock|p2a: Ceruledge\n|-supereffective|p2a: Ceruledge\n|-damage|p2a: Ceruledge|0 fnt\n|faint|p2a: Ceruledge\n|-damage|p1a: Sonic|91\/100|[from] item: Life Orb\n|\n|upkeep\n|\n|t:|1699852896\n|switch|p2a: Melamence|Salamence, M, shiny|100\/100\n|turn|17\n|\n|t:|1699852907\n|move|p1a: Sonic|Accelerock|p2a: Melamence\n|-supereffective|p2a: Melamence\n|-damage|p2a: Melamence|0 fnt\n|faint|p2a: Melamence\n|-damage|p1a: Sonic|81\/100|[from] item: Life Orb\n|\n|upkeep\n|\n|t:|1699852914\n|switch|p2a: Charizard|Charizard, F, shiny|93\/100\n|turn|18\n|\n|t:|1699852923\n|move|p1a: Sonic|Accelerock|p2a: Charizard\n|-supereffective|p2a: Charizard\n|-damage|p2a: Charizard|0 fnt\n|faint|p2a: Charizard\n|-damage|p1a: Sonic|71\/100|[from] item: Life Orb\n|\n|upkeep\n|\n|t:|1699852930\n|switch|p2a: Mewtwo|Mewtwo|100\/100 slp\n|-ability|p2a: Mewtwo|Pressure\n|turn|19\n|c|\u2606DR4N|U wasted your tera\n|\n|t:|1699852939\n|move|p1a: Sonic|Swords Dance|p1a: Sonic\n|-boost|p1a: Sonic|atk|2\n|cant|p2a: Mewtwo|slp\n|\n|upkeep\n|turn|20\n|\n|t:|1699852947\n|move|p1a: Sonic|Iron Head|p2a: Mewtwo\n|-crit|p2a: Mewtwo\n|-damage|p2a: Mewtwo|0 fnt\n|faint|p2a: Mewtwo\n|-damage|p1a: Sonic|61\/100|[from] item: Life Orb\n|\n|upkeep\n|inactive|Battle timer is ON: inactive players will automatically lose when time's up. (requested by DR4N)\n|\n|t:|1699852962\n|switch|p2a: Scyther|Scyther, M, shiny|65\/100\n|turn|21\n|c|\u2606DR4N|Gg\n|c|\u2606EpicoEnderman|gg\n|\n|t:|1699852977\n|move|p1a: Sonic|Accelerock|p2a: Scyther\n|-supereffective|p2a: Scyther\n|-damage|p2a: Scyther|0 fnt\n|faint|p2a: Scyther\n|-damage|p1a: Sonic|51\/100|[from] item: Life Orb\n|\n|win|DR4N\n|raw|DR4N's rating: 1095 &rarr; <strong>1121<\/strong><br \/>(+26 for winning)\n|raw|EpicoEnderman's rating: 1096 &rarr; <strong>1072<\/strong><br \/>(-24 for losing)\n","uploadtime":1699852987,"views":6,"p1id":"dr4n","p2id":"epicoenderman","formatid":"gen9anythinggoes","rating":1072,"private":0,"password":""}