{"id":"gen9anythinggoes-1975775065","p1":"Glaceran","p2":"harrimarron 2","format":"[Gen 9] Anything Goes","log":"|j|\u2606Glaceran\n|j|\u2606harrimarron 2\n|t:|1698236685\n|gametype|singles\n|player|p1|Glaceran|wally-gen3|1525\n|player|p2|harrimarron 2|twins-gen4dp|1570\n|teamsize|p1|6\n|teamsize|p2|6\n|gen|9\n|tier|[Gen 9] Anything Goes\n|rated|\n|rule|HP Percentage Mod: HP is shown in percentages\n|rule|Endless Battle Clause: Forcing endless battles is banned\n|clearpoke\n|poke|p1|Ceruledge, M|\n|poke|p1|Calyrex-Shadow|\n|poke|p1|Baxcalibur, F|\n|poke|p1|Skeledirge, F|\n|poke|p1|Corviknight, M|\n|poke|p1|Cyclizar, M|\n|poke|p2|Calyrex-Shadow|\n|poke|p2|Landorus-Therian, M|\n|poke|p2|Arceus|\n|poke|p2|Arceus|\n|poke|p2|Koraidon|\n|poke|p2|Koraidon|\n|teampreview\n|\n|t:|1698236706\n|start\n|switch|p1a: Cyclizar|Cyclizar, M|100\/100\n|switch|p2a: Koraidon|Koraidon|100\/100\n|-weather|SunnyDay|[from] ability: Orichalcum Pulse|[of] p2a: Koraidon\n|-activate|p2a: Koraidon|Orichalcum Pulse|[source]\n|turn|1\n|\n|t:|1698236721\n|move|p2a: Koraidon|Dragon Claw|p1a: Cyclizar\n|-supereffective|p1a: Cyclizar\n|-crit|p1a: Cyclizar\n|-damage|p1a: Cyclizar|0 fnt\n|faint|p1a: Cyclizar\n|\n|-weather|SunnyDay|[upkeep]\n|upkeep\n|c|\u2606Glaceran|scarf dude?\n|\n|t:|1698236732\n|switch|p1a: Corviknight|Corviknight, M|100\/100\n|-ability|p1a: Corviknight|Pressure\n|turn|2\n|\n|t:|1698236738\n|switch|p2a: Landorus|Landorus-Therian, M|100\/100\n|-ability|p2a: Landorus|Intimidate|boost\n|-unboost|p1a: Corviknight|atk|1\n|move|p1a: Corviknight|U-turn|p2a: Landorus\n|-resisted|p2a: Landorus\n|-damage|p2a: Landorus|97\/100\n|-damage|p1a: Corviknight|84\/100|[from] item: Rocky Helmet|[of] p2a: Landorus\n|\n|t:|1698236747\n|switch|p1a: Baxcalibur|Baxcalibur, F|100\/100|[from] U-turn\n|\n|-weather|SunnyDay|[upkeep]\n|upkeep\n|turn|3\n|\n|t:|1698236774\n|move|p1a: Baxcalibur|Scale Shot|p2a: Landorus\n|-damage|p2a: Landorus|88\/100\n|-damage|p2a: Landorus|77\/100\n|-damage|p2a: Landorus|68\/100\n|-damage|p2a: Landorus|57\/100\n|-hitcount|p2a: Landorus|4\n|-unboost|p1a: Baxcalibur|def|1\n|-boost|p1a: Baxcalibur|spe|1\n|move|p2a: Landorus|U-turn|p1a: Baxcalibur\n|-damage|p1a: Baxcalibur|65\/100\n|\n|t:|1698236778\n|switch|p2a: Koraidon|Koraidon|100\/100|[from] U-turn\n|-activate|p2a: Koraidon|ability: Orichalcum Pulse\n|\n|-weather|SunnyDay|[upkeep]\n|upkeep\n|turn|4\n|c|\u2606Glaceran|sometimes high ladder logic confuses me more then low ladder logic\n|\n|t:|1698236794\n|switch|p1a: Skeledirge|Skeledirge, F|100\/100\n|move|p2a: Koraidon|Dragon Claw|p1a: Skeledirge\n|-damage|p1a: Skeledirge|64\/100\n|\n|-weather|SunnyDay|[upkeep]\n|upkeep\n|turn|5\n|\n|t:|1698236804\n|switch|p2a: Landorus|Landorus-Therian, M|57\/100\n|-ability|p2a: Landorus|Intimidate|boost\n|-unboost|p1a: Skeledirge|atk|1\n|move|p1a: Skeledirge|Sing|p2a: Landorus\n|-status|p2a: Landorus|slp|[from] move: Sing\n|\n|-weather|none\n|upkeep\n|turn|6\n|\n|t:|1698236813\n|switch|p1a: Calyrex|Calyrex-Shadow|100\/100\n|-ability|p1a: Calyrex|As One\n|-ability|p1a: Calyrex|Unnerve\n|cant|p2a: Landorus|slp\n|\n|upkeep\n|turn|7\n|\n|t:|1698236820\n|switch|p2a: Arceus|Arceus|100\/100\n|move|p1a: Calyrex|Psyshock|p2a: Arceus\n|-damage|p2a: Arceus|63\/100\n|\n|upkeep\n|turn|8\n|\n|t:|1698236827\n|switch|p1a: Corviknight|Corviknight, M|84\/100\n|-ability|p1a: Corviknight|Pressure\n|move|p2a: Arceus|Dragon Dance|p2a: Arceus\n|-boost|p2a: Arceus|atk|1\n|-boost|p2a: Arceus|spe|1\n|\n|-heal|p1a: Corviknight|90\/100|[from] item: Leftovers\n|upkeep\n|turn|9\n|\n|t:|1698236833\n|-terastallize|p2a: Arceus|Fire\n|move|p2a: Arceus|Flare Blitz|p1a: Corviknight\n|-supereffective|p1a: Corviknight\n|-damage|p1a: Corviknight|0 fnt\n|faint|p1a: Corviknight\n|-damage|p2a: Arceus|36\/100|[from] Recoil\n|\n|upkeep\n|\n|t:|1698236838\n|switch|p1a: Skeledirge|Skeledirge, F|64\/100\n|turn|10\n|\n|t:|1698236844\n|move|p2a: Arceus|Shadow Claw|p1a: Skeledirge\n|-supereffective|p1a: Skeledirge\n|-damage|p1a: Skeledirge|29\/100\n|move|p1a: Skeledirge|Sing|p2a: Arceus\n|-status|p2a: Arceus|slp|[from] move: Sing\n|\n|upkeep\n|turn|11\n|\n|t:|1698236851\n|cant|p2a: Arceus|slp\n|move|p1a: Skeledirge|Slack Off|p1a: Skeledirge\n|-heal|p1a: Skeledirge|79\/100\n|\n|upkeep\n|turn|12\n|\n|t:|1698236858\n|switch|p1a: Ceruledge|Ceruledge, M|100\/100\n|cant|p2a: Arceus|slp\n|\n|upkeep\n|turn|13\n|\n|t:|1698236864\n|switch|p2a: Calyrex|Calyrex-Shadow|100\/100\n|-ability|p2a: Calyrex|As One\n|-ability|p2a: Calyrex|Unnerve\n|move|p1a: Ceruledge|Close Combat|p2a: Calyrex\n|-immune|p2a: Calyrex\n|\n|upkeep\n|turn|14\n|\n|t:|1698236868\n|move|p2a: Calyrex|Encore|p1a: Ceruledge\n|-start|p1a: Ceruledge|Encore\n|move|p1a: Ceruledge|Close Combat|p2a: Calyrex\n|-immune|p2a: Calyrex\n|\n|upkeep\n|turn|15\n|\n|t:|1698236872\n|switch|p1a: Baxcalibur|Baxcalibur, F|65\/100\n|move|p2a: Calyrex|Astral Barrage|p1a: Baxcalibur\n|-damage|p1a: Baxcalibur|0 fnt\n|faint|p1a: Baxcalibur\n|-ability|p2a: Calyrex|Grim Neigh|boost\n|-boost|p2a: Calyrex|spa|1\n|\n|upkeep\n|\n|t:|1698236874\n|switch|p1a: Ceruledge|Ceruledge, M|100\/100\n|turn|16\n|\n|t:|1698236881\n|switch|p2a: Arceus|Arceus|100\/100\n|move|p1a: Ceruledge|Bitter Blade|p2a: Arceus\n|-damage|p2a: Arceus|68\/100\n|\n|-heal|p2a: Arceus|74\/100|[from] item: Leftovers\n|upkeep\n|turn|17\n|\n|t:|1698236886\n|move|p1a: Ceruledge|Swords Dance|p1a: Ceruledge\n|-boost|p1a: Ceruledge|atk|2\n|move|p2a: Arceus|Taunt|p1a: Ceruledge\n|-start|p1a: Ceruledge|move: Taunt\n|\n|-heal|p2a: Arceus|80\/100|[from] item: Leftovers\n|upkeep\n|turn|18\n|\n|t:|1698236892\n|switch|p2a: Landorus|Landorus-Therian, M|57\/100 slp\n|-ability|p2a: Landorus|Intimidate|boost\n|-unboost|p1a: Ceruledge|atk|1\n|move|p1a: Ceruledge|Bitter Blade|p2a: Landorus\n|-damage|p2a: Landorus|8\/100 slp\n|-damage|p1a: Ceruledge|84\/100|[from] item: Rocky Helmet|[of] p2a: Landorus\n|\n|upkeep\n|turn|19\n|\n|t:|1698236903\n|move|p1a: Ceruledge|Bitter Blade|p2a: Landorus\n|-damage|p2a: Landorus|0 fnt\n|-heal|p1a: Ceruledge|89\/100|[from] drain|[of] p2a: Landorus\n|-damage|p1a: Ceruledge|72\/100|[from] item: Rocky Helmet|[of] p2a: Landorus\n|faint|p2a: Landorus\n|\n|upkeep\n|\n|t:|1698236908\n|switch|p2a: Calyrex|Calyrex-Shadow|100\/100\n|-ability|p2a: Calyrex|As One\n|-ability|p2a: Calyrex|Unnerve\n|turn|20\n|\n|t:|1698236913\n|move|p2a: Calyrex|Astral Barrage|p1a: Ceruledge\n|-supereffective|p1a: Ceruledge\n|-damage|p1a: Ceruledge|0 fnt\n|faint|p1a: Ceruledge\n|-ability|p2a: Calyrex|Grim Neigh|boost\n|-boost|p2a: Calyrex|spa|1\n|\n|upkeep\n|-message|Glaceran forfeited.\n|\n|win|harrimarron 2\n|raw|Glaceran's rating: 1536 &rarr; <strong>1518<\/strong><br \/>(-18 for losing)\n|raw|harrimarron 2's rating: 1570 &rarr; <strong>1588<\/strong><br \/>(+18 for winning)\n|l|\u2606Glaceran\n","uploadtime":1698236926,"views":6,"p1id":"glaceran","p2id":"harrimarron2","formatid":"gen9anythinggoes","rating":1518,"private":0,"password":""}