{"id":"gen9anythinggoes-1988627031","p1":"LingLing007","p2":"Juancho71410","format":"[Gen 9] Anything Goes","log":"|j|\u2606LingLing007\n|j|\u2606Juancho71410\n|t:|1699743564\n|gametype|singles\n|player|p1|LingLing007|cynthia-masters2|1317\n|player|p2|Juancho71410|nate|1233\n|teamsize|p1|6\n|teamsize|p2|6\n|gen|9\n|tier|[Gen 9] Anything Goes\n|rated|\n|rule|HP Percentage Mod: HP is shown in percentages\n|rule|Endless Battle Clause: Forcing endless battles is banned\n|clearpoke\n|poke|p1|Spiritomb, F|\n|poke|p1|Milotic, F|\n|poke|p1|Lucario, M|\n|poke|p1|Garchomp, F|\n|poke|p1|Gastrodon, F|\n|poke|p1|Kommo-o, M|\n|poke|p2|Decidueye, M|\n|poke|p2|Armarouge, M|\n|poke|p2|Umbreon, M|\n|poke|p2|Quaquaval, M|\n|poke|p2|Noivern, M|\n|poke|p2|Garganacl, F|\n|teampreview\n|inactive|Battle timer is ON: inactive players will automatically lose when time's up. (requested by LingLing007)\n|\n|t:|1699743589\n|start\n|switch|p1a: Spiritomb|Spiritomb, F|100\/100\n|switch|p2a: Quaquaval|Quaquaval, M|100\/100\n|-ability|p1a: Spiritomb|Pressure\n|turn|1\n|\n|t:|1699743599\n|move|p2a: Quaquaval|Swords Dance|p2a: Quaquaval\n|-boost|p2a: Quaquaval|atk|2\n|move|p1a: Spiritomb|Will-O-Wisp|p2a: Quaquaval\n|-status|p2a: Quaquaval|brn\n|\n|-damage|p2a: Quaquaval|94\/100 brn|[from] brn\n|upkeep\n|turn|2\n|\n|t:|1699743607\n|switch|p1a: Gastrodon|Gastrodon, F|100\/100\n|move|p2a: Quaquaval|Aqua Step|p1a: Gastrodon\n|-ability|p1a: Gastrodon|Storm Drain|boost\n|-boost|p1a: Gastrodon|spa|1\n|\n|-damage|p2a: Quaquaval|88\/100 brn|[from] brn\n|upkeep\n|turn|3\n|\n|t:|1699743618\n|move|p2a: Quaquaval|Ice Spinner|p1a: Gastrodon\n|-crit|p1a: Gastrodon\n|-damage|p1a: Gastrodon|74\/100\n|move|p1a: Gastrodon|Ice Beam|p2a: Quaquaval\n|-resisted|p2a: Quaquaval\n|-damage|p2a: Quaquaval|67\/100 brn\n|\n|-heal|p1a: Gastrodon|80\/100|[from] item: Leftovers\n|-damage|p2a: Quaquaval|61\/100 brn|[from] brn\n|upkeep\n|turn|4\n|\n|t:|1699743629\n|switch|p2a: Decidueye|Decidueye, M|100\/100\n|move|p1a: Gastrodon|Chilling Water|p2a: Decidueye\n|-resisted|p2a: Decidueye\n|-damage|p2a: Decidueye|90\/100\n|-unboost|p2a: Decidueye|atk|1\n|\n|-heal|p1a: Gastrodon|86\/100|[from] item: Leftovers\n|upkeep\n|turn|5\n|\n|t:|1699743638\n|-terastallize|p1a: Gastrodon|Grass\n|move|p2a: Decidueye|Leaf Blade|p1a: Gastrodon\n|-resisted|p1a: Gastrodon\n|-damage|p1a: Gastrodon|77\/100\n|move|p1a: Gastrodon|Ice Beam|p2a: Decidueye\n|-supereffective|p2a: Decidueye\n|-damage|p2a: Decidueye|49\/100\n|\n|-heal|p1a: Gastrodon|83\/100|[from] item: Leftovers\n|upkeep\n|turn|6\n|\n|t:|1699743647\n|move|p2a: Decidueye|U-turn|p1a: Gastrodon\n|-supereffective|p1a: Gastrodon\n|-damage|p1a: Gastrodon|63\/100\n|\n|t:|1699743659\n|switch|p2a: Umbreon|Umbreon, M|100\/100|[from] U-turn\n|move|p1a: Gastrodon|Ice Beam|p2a: Umbreon\n|-damage|p2a: Umbreon|81\/100\n|\n|-heal|p2a: Umbreon|87\/100|[from] item: Leftovers\n|-heal|p1a: Gastrodon|69\/100|[from] item: Leftovers\n|upkeep\n|turn|7\n|\n|t:|1699743672\n|switch|p1a: Lucario|Lucario, M|100\/100\n|move|p2a: Umbreon|Yawn|p1a: Lucario\n|-start|p1a: Lucario|move: Yawn|[of] p2a: Umbreon\n|\n|-heal|p2a: Umbreon|93\/100|[from] item: Leftovers\n|upkeep\n|turn|8\n|\n|t:|1699743688\n|switch|p1a: Milotic|Milotic, F|100\/100\n|switch|p2a: Armarouge|Armarouge, M|100\/100\n|\n|upkeep\n|turn|9\n|\n|t:|1699743694\n|-terastallize|p2a: Armarouge|Grass\n|move|p2a: Armarouge|Energy Ball|p1a: Milotic\n|-supereffective|p1a: Milotic\n|-damage|p1a: Milotic|36\/100\n|move|p1a: Milotic|Scald|p2a: Armarouge\n|-resisted|p2a: Armarouge\n|-damage|p2a: Armarouge|83\/100\n|\n|-heal|p1a: Milotic|42\/100|[from] item: Leftovers\n|upkeep\n|turn|10\n|\n|t:|1699743704\n|switch|p1a: Gastrodon|Gastrodon, F, tera:Grass|69\/100\n|move|p2a: Armarouge|Energy Ball|p1a: Gastrodon\n|-resisted|p1a: Gastrodon\n|-damage|p1a: Gastrodon|47\/100\n|\n|-heal|p1a: Gastrodon|53\/100|[from] item: Leftovers\n|upkeep\n|turn|11\n|\n|t:|1699743717\n|move|p2a: Armarouge|Psyshock|p1a: Gastrodon\n|-damage|p1a: Gastrodon|25\/100\n|move|p1a: Gastrodon|Amnesia|p1a: Gastrodon\n|-boost|p1a: Gastrodon|spd|2\n|\n|-heal|p1a: Gastrodon|31\/100|[from] item: Leftovers\n|upkeep\n|turn|12\n|\n|t:|1699743723\n|move|p2a: Armarouge|Clear Smog|p1a: Gastrodon\n|-supereffective|p1a: Gastrodon\n|-damage|p1a: Gastrodon|15\/100\n|-clearboost|p1a: Gastrodon\n|move|p1a: Gastrodon|Recover|p1a: Gastrodon\n|-heal|p1a: Gastrodon|65\/100\n|\n|-heal|p1a: Gastrodon|71\/100|[from] item: Leftovers\n|upkeep\n|turn|13\n|\n|t:|1699743731\n|move|p2a: Armarouge|Clear Smog|p1a: Gastrodon\n|-supereffective|p1a: Gastrodon\n|-damage|p1a: Gastrodon|40\/100\n|-clearboost|p1a: Gastrodon\n|move|p1a: Gastrodon|Ice Beam|p2a: Armarouge\n|-supereffective|p2a: Armarouge\n|-damage|p2a: Armarouge|33\/100\n|\n|-heal|p1a: Gastrodon|47\/100|[from] item: Leftovers\n|upkeep\n|turn|14\n|\n|t:|1699743741\n|switch|p2a: Umbreon|Umbreon, M|93\/100\n|move|p1a: Gastrodon|Recover|p1a: Gastrodon\n|-heal|p1a: Gastrodon|97\/100\n|\n|-heal|p2a: Umbreon|99\/100|[from] item: Leftovers\n|-heal|p1a: Gastrodon|100\/100|[from] item: Leftovers\n|upkeep\n|turn|15\n|\n|t:|1699743752\n|move|p2a: Umbreon|Yawn|p1a: Gastrodon\n|-start|p1a: Gastrodon|move: Yawn|[of] p2a: Umbreon\n|move|p1a: Gastrodon|Ice Beam|p2a: Umbreon\n|-damage|p2a: Umbreon|86\/100\n|-status|p2a: Umbreon|frz\n|\n|-heal|p2a: Umbreon|92\/100 frz|[from] item: Leftovers\n|upkeep\n|turn|16\n|\n|t:|1699743760\n|switch|p1a: Garchomp|Garchomp, F|100\/100\n|-curestatus|p2a: Umbreon|frz|[msg]\n|move|p2a: Umbreon|Wish|p2a: Umbreon\n|\n|-heal|p2a: Umbreon|98\/100|[from] item: Leftovers\n|upkeep\n|turn|17\n|\n|t:|1699743769\n|move|p1a: Garchomp|Stealth Rock|p2a: Umbreon\n|-sidestart|p2: Juancho71410|move: Stealth Rock\n|move|p2a: Umbreon|Yawn|p1a: Garchomp\n|-start|p1a: Garchomp|move: Yawn|[of] p2a: Umbreon\n|\n|-heal|p2a: Umbreon|100\/100|[from] move: Wish|[wisher] Umbreon\n|upkeep\n|turn|18\n|\n|t:|1699743776\n|switch|p1a: Lucario|Lucario, M|100\/100\n|move|p2a: Umbreon|Wish|p2a: Umbreon\n|\n|upkeep\n|turn|19\n|\n|t:|1699743785\n|switch|p2a: Quaquaval|Quaquaval, M|61\/100 brn\n|-damage|p2a: Quaquaval|55\/100 brn|[from] Stealth Rock\n|move|p1a: Lucario|Meteor Mash|p2a: Quaquaval\n|-resisted|p2a: Quaquaval\n|-damage|p2a: Quaquaval|27\/100 brn\n|\n|-heal|p2a: Quaquaval|85\/100 brn|[from] move: Wish|[wisher] Umbreon\n|-damage|p2a: Quaquaval|79\/100 brn|[from] brn\n|upkeep\n|turn|20\n|\n|t:|1699743804\n|move|p1a: Lucario|Swords Dance|p1a: Lucario\n|-boost|p1a: Lucario|atk|2\n|move|p2a: Quaquaval|Close Combat|p1a: Lucario\n|-supereffective|p1a: Lucario\n|-damage|p1a: Lucario|2\/100\n|-unboost|p2a: Quaquaval|def|1\n|-unboost|p2a: Quaquaval|spd|1\n|\n|-damage|p2a: Quaquaval|73\/100 brn|[from] brn\n|upkeep\n|turn|21\n|\n|t:|1699743828\n|switch|p2a: Umbreon|Umbreon, M|100\/100\n|-damage|p2a: Umbreon|88\/100|[from] Stealth Rock\n|move|p1a: Lucario|Extreme Speed|p2a: Umbreon\n|-damage|p2a: Umbreon|57\/100\n|\n|-heal|p2a: Umbreon|63\/100|[from] item: Leftovers\n|upkeep\n|turn|22\n|\n|t:|1699743839\n|switch|p2a: Garganacl|Garganacl, F|100\/100\n|-damage|p2a: Garganacl|88\/100|[from] Stealth Rock\n|move|p1a: Lucario|Meteor Mash|p2a: Garganacl\n|-supereffective|p2a: Garganacl\n|-damage|p2a: Garganacl|0 fnt\n|-boost|p1a: Lucario|atk|1\n|-damage|p1a: Lucario|0 fnt|[from] item: Rocky Helmet|[of] p2a: Garganacl\n|faint|p2a: Garganacl\n|faint|p1a: Lucario\n|\n|upkeep\n|\n|t:|1699743853\n|switch|p1a: Garchomp|Garchomp, F|100\/100\n|switch|p2a: Umbreon|Umbreon, M|63\/100\n|-damage|p2a: Umbreon|51\/100|[from] Stealth Rock\n|turn|23\n|\n|t:|1699743861\n|move|p1a: Garchomp|Earthquake|p2a: Umbreon\n|-damage|p2a: Umbreon|17\/100\n|move|p2a: Umbreon|Yawn|p1a: Garchomp\n|-start|p1a: Garchomp|move: Yawn|[of] p2a: Umbreon\n|\n|-heal|p2a: Umbreon|23\/100|[from] item: Leftovers\n|upkeep\n|turn|24\n|\n|t:|1699743875\n|switch|p1a: Milotic|Milotic, F|42\/100\n|switch|p2a: Noivern|Noivern, M|100\/100\n|-damage|p2a: Noivern|75\/100|[from] Stealth Rock\n|\n|-heal|p1a: Milotic|48\/100|[from] item: Leftovers\n|upkeep\n|turn|25\n|\n|t:|1699743887\n|move|p2a: Noivern|Draco Meteor|p1a: Milotic\n|-damage|p1a: Milotic|0 fnt\n|-unboost|p2a: Noivern|spa|2\n|faint|p1a: Milotic\n|-damage|p2a: Noivern|66\/100|[from] item: Life Orb\n|\n|upkeep\n|\n|t:|1699743892\n|switch|p1a: Kommo-o|Kommo-o, M|100\/100\n|turn|26\n|\n|t:|1699743903\n|switch|p2a: Armarouge|Armarouge, M, tera:Grass|33\/100\n|move|p1a: Kommo-o|Clangorous Soul|p1a: Kommo-o\n|-boost|p1a: Kommo-o|atk|1\n|-boost|p1a: Kommo-o|def|1\n|-boost|p1a: Kommo-o|spa|1\n|-boost|p1a: Kommo-o|spd|1\n|-boost|p1a: Kommo-o|spe|1\n|-damage|p1a: Kommo-o|68\/100\n|-enditem|p1a: Kommo-o|Throat Spray\n|-boost|p1a: Kommo-o|spa|1|[from] item: Throat Spray\n|\n|upkeep\n|turn|27\n|\n|t:|1699743913\n|move|p1a: Kommo-o|Boomburst|p2a: Armarouge\n|-damage|p2a: Armarouge|0 fnt\n|faint|p2a: Armarouge\n|\n|upkeep\n|\n|t:|1699743931\n|switch|p2a: Noivern|Noivern, M|66\/100\n|-damage|p2a: Noivern|41\/100|[from] Stealth Rock\n|turn|28\n|\n|t:|1699743939\n|move|p1a: Kommo-o|Clanging Scales|p2a: Noivern\n|-supereffective|p2a: Noivern\n|-damage|p2a: Noivern|0 fnt\n|faint|p2a: Noivern\n|-unboost|p1a: Kommo-o|def|1\n|\n|upkeep\n|\n|t:|1699743945\n|switch|p2a: Quaquaval|Quaquaval, M|73\/100 brn\n|-damage|p2a: Quaquaval|67\/100 brn|[from] Stealth Rock\n|turn|29\n|\n|t:|1699743952\n|move|p1a: Kommo-o|Boomburst|p2a: Quaquaval\n|-damage|p2a: Quaquaval|0 fnt\n|faint|p2a: Quaquaval\n|\n|upkeep\n|\n|t:|1699743956\n|switch|p2a: Decidueye|Decidueye, M|49\/100\n|-damage|p2a: Decidueye|36\/100|[from] Stealth Rock\n|turn|30\n|\n|t:|1699743961\n|move|p1a: Kommo-o|Clanging Scales|p2a: Decidueye\n|-damage|p2a: Decidueye|0 fnt\n|faint|p2a: Decidueye\n|-unboost|p1a: Kommo-o|def|1\n|\n|upkeep\n|\n|t:|1699743966\n|switch|p2a: Umbreon|Umbreon, M|23\/100\n|-damage|p2a: Umbreon|10\/100|[from] Stealth Rock\n|turn|31\n|\n|t:|1699743971\n|move|p1a: Kommo-o|Drain Punch|p2a: Umbreon\n|-supereffective|p2a: Umbreon\n|-damage|p2a: Umbreon|0 fnt\n|-heal|p1a: Kommo-o|74\/100|[from] drain|[of] p2a: Umbreon\n|faint|p2a: Umbreon\n|\n|win|LingLing007\n|raw|LingLing007's rating: 1317 &rarr; <strong>1332<\/strong><br \/>(+15 for winning)\n|raw|Juancho71410's rating: 1233 &rarr; <strong>1214<\/strong><br \/>(-19 for losing)\n|c|\u2606LingLing007|gg\n","uploadtime":1699743978,"views":11,"p1id":"lingling007","p2id":"juancho71410","formatid":"gen9anythinggoes","rating":1214,"private":0,"password":""}