{"id":"gen9anythinggoes-1985274304","p1":"theSega","p2":"Glaire","format":"[Gen 9] Anything Goes","log":"|j|\u2606theSega\n|j|\u2606Glaire\n|t:|1699358650\n|gametype|singles\n|player|p1|theSega|169|1208\n|player|p2|Glaire|backersf|1179\n|teamsize|p1|6\n|teamsize|p2|6\n|gen|9\n|tier|[Gen 9] Anything Goes\n|rated|\n|rule|HP Percentage Mod: HP is shown in percentages\n|rule|Endless Battle Clause: Forcing endless battles is banned\n|clearpoke\n|poke|p1|Crawdaunt, M|\n|poke|p1|Gastrodon, F|\n|poke|p1|Barraskewda, M|\n|poke|p1|Tatsugiri, F|\n|poke|p1|Bruxish, F|\n|poke|p1|Toxapex, F|\n|poke|p2|Yanmega, F|\n|poke|p2|Brute Bonnet|\n|poke|p2|Dudunsparce-*, F|\n|poke|p2|Arcanine, F|\n|poke|p2|Bronzong|\n|poke|p2|Mandibuzz, F|\n|teampreview\n|\n|t:|1699358660\n|start\n|switch|p1a: Bruxish|Bruxish, F|100\/100\n|switch|p2a: Mandibuzz|Mandibuzz, F|100\/100\n|turn|1\n|\n|t:|1699358669\n|move|p1a: Bruxish|Ice Fang|p2a: Mandibuzz\n|-supereffective|p2a: Mandibuzz\n|-damage|p2a: Mandibuzz|54\/100\n|move|p2a: Mandibuzz|Knock Off|p1a: Bruxish\n|-supereffective|p1a: Bruxish\n|-damage|p1a: Bruxish|18\/100\n|-enditem|p1a: Bruxish|Choice Scarf|[from] move: Knock Off|[of] p2a: Mandibuzz\n|\n|upkeep\n|turn|2\n|\n|t:|1699358682\n|move|p1a: Bruxish|Ice Fang|p2a: Mandibuzz\n|-supereffective|p2a: Mandibuzz\n|-damage|p2a: Mandibuzz|2\/100\n|move|p2a: Mandibuzz|Knock Off|p1a: Bruxish\n|-supereffective|p1a: Bruxish\n|-damage|p1a: Bruxish|0 fnt\n|faint|p1a: Bruxish\n|\n|upkeep\n|\n|t:|1699358694\n|switch|p1a: Crawdaunt|Crawdaunt, M|100\/100\n|turn|3\n|\n|t:|1699358699\n|move|p2a: Mandibuzz|Roost|p2a: Mandibuzz\n|-heal|p2a: Mandibuzz|52\/100\n|-singleturn|p2a: Mandibuzz|move: Roost\n|move|p1a: Crawdaunt|Dragon Dance|p1a: Crawdaunt\n|-boost|p1a: Crawdaunt|atk|1\n|-boost|p1a: Crawdaunt|spe|1\n|\n|upkeep\n|turn|4\n|\n|t:|1699358706\n|move|p1a: Crawdaunt|Dragon Dance|p1a: Crawdaunt\n|-boost|p1a: Crawdaunt|atk|1\n|-boost|p1a: Crawdaunt|spe|1\n|move|p2a: Mandibuzz|Knock Off|p1a: Crawdaunt\n|-resisted|p1a: Crawdaunt\n|-damage|p1a: Crawdaunt|84\/100\n|-enditem|p1a: Crawdaunt|Focus Sash|[from] move: Knock Off|[of] p2a: Mandibuzz\n|\n|upkeep\n|turn|5\n|\n|t:|1699358713\n|switch|p2a: Bronzong|Bronzong|100\/100\n|move|p1a: Crawdaunt|Dragon Dance|p1a: Crawdaunt\n|-boost|p1a: Crawdaunt|atk|1\n|-boost|p1a: Crawdaunt|spe|1\n|\n|upkeep\n|turn|6\n|\n|t:|1699358719\n|move|p1a: Crawdaunt|Knock Off|p2a: Bronzong\n|-supereffective|p2a: Bronzong\n|-damage|p2a: Bronzong|0 fnt\n|-damage|p1a: Crawdaunt|68\/100|[from] item: Rocky Helmet|[of] p2a: Bronzong\n|-enditem|p2a: Bronzong|Rocky Helmet|[from] move: Knock Off|[of] p1a: Crawdaunt\n|faint|p2a: Bronzong\n|\n|upkeep\n|\n|t:|1699358740\n|switch|p2a: Arcanine|Arcanine, F|100\/100\n|-ability|p2a: Arcanine|Intimidate|boost\n|-unboost|p1a: Crawdaunt|atk|1\n|turn|7\n|\n|t:|1699358744\n|-terastallize|p2a: Arcanine|Normal\n|move|p2a: Arcanine|Extreme Speed|p1a: Crawdaunt\n|-damage|p1a: Crawdaunt|2\/100\n|-damage|p2a: Arcanine|91\/100|[from] item: Life Orb\n|move|p1a: Crawdaunt|Waterfall|p2a: Arcanine\n|-damage|p2a: Arcanine|0 fnt\n|faint|p2a: Arcanine\n|\n|upkeep\n|\n|t:|1699358749\n|switch|p2a: Brute Bonnet|Brute Bonnet|100\/100\n|-enditem|p2a: Brute Bonnet|Booster Energy\n|-activate|p2a: Brute Bonnet|ability: Protosynthesis|[fromitem]\n|-start|p2a: Brute Bonnet|protosynthesisatk\n|turn|8\n|\n|t:|1699358757\n|move|p2a: Brute Bonnet|Sucker Punch|p1a: Crawdaunt\n|-resisted|p1a: Crawdaunt\n|-damage|p1a: Crawdaunt|0 fnt\n|faint|p1a: Crawdaunt\n|\n|upkeep\n|\n|t:|1699358775\n|switch|p1a: Toxapex|Toxapex, F|100\/100\n|turn|9\n|\n|t:|1699358807\n|move|p2a: Brute Bonnet|Spore|p1a: Toxapex\n|-status|p1a: Toxapex|slp|[from] move: Spore\n|cant|p1a: Toxapex|slp\n|\n|upkeep\n|turn|10\n|inactive|Battle timer is ON: inactive players will automatically lose when time's up. (requested by Glaire)\n|\n|t:|1699358844\n|move|p2a: Brute Bonnet|Seed Bomb|p1a: Toxapex\n|-damage|p1a: Toxapex|67\/100 slp\n|-curestatus|p1a: Toxapex|slp|[msg]\n|move|p1a: Toxapex|Lunge|p2a: Brute Bonnet\n|-supereffective|p2a: Brute Bonnet\n|-damage|p2a: Brute Bonnet|57\/100\n|-unboost|p2a: Brute Bonnet|atk|1\n|\n|upkeep\n|turn|11\n|\n|t:|1699358859\n|move|p2a: Brute Bonnet|Spore|p1a: Toxapex\n|-status|p1a: Toxapex|slp|[from] move: Spore\n|cant|p1a: Toxapex|slp\n|\n|upkeep\n|turn|12\n|\n|t:|1699358877\n|-end|p2a: Brute Bonnet|Protosynthesis|[silent]\n|switch|p2a: Yanmega|Yanmega, F|100\/100\n|cant|p1a: Toxapex|slp\n|\n|upkeep\n|turn|13\n|inactive|theSega has 120 seconds left.\n|\n|t:|1699358899\n|cant|p1a: Toxapex|slp\n|move|p2a: Yanmega|Psychic|p1a: Toxapex\n|-supereffective|p1a: Toxapex\n|-damage|p1a: Toxapex|5\/100 slp\n|-damage|p2a: Yanmega|91\/100|[from] item: Life Orb\n|\n|upkeep\n|turn|14\n|inactive|theSega has 120 seconds left.\n|inactive|theSega has 90 seconds left.\n|\n|t:|1699358949\n|move|p2a: Yanmega|Bug Buzz|p1a: Toxapex\n|-resisted|p1a: Toxapex\n|-damage|p1a: Toxapex|0 fnt\n|faint|p1a: Toxapex\n|-damage|p2a: Yanmega|81\/100|[from] item: Life Orb\n|\n|upkeep\n|inactive|theSega has 60 seconds left.\n|\n|t:|1699358979\n|switch|p1a: Tatsugiri|Tatsugiri, F, shiny|100\/100\n|turn|15\n|\n|t:|1699358983\n|-terastallize|p1a: Tatsugiri|Fire\n|move|p2a: Yanmega|Air Slash|p1a: Tatsugiri\n|-damage|p1a: Tatsugiri|53\/100\n|-damage|p2a: Yanmega|71\/100|[from] item: Life Orb\n|move|p1a: Tatsugiri|Tera Blast|p2a: Yanmega|[anim] Tera Blast Fire\n|-supereffective|p2a: Yanmega\n|-damage|p2a: Yanmega|0 fnt\n|faint|p2a: Yanmega\n|\n|upkeep\n|\n|t:|1699358998\n|switch|p2a: Dudunsparce|Dudunsparce, F|100\/100\n|turn|16\n|inactive|theSega has 60 seconds left.\n|\n|t:|1699359031\n|move|p1a: Tatsugiri|Tera Blast|p2a: Dudunsparce|[anim] Tera Blast Fire\n|-damage|p2a: Dudunsparce|58\/100\n|move|p2a: Dudunsparce|Boomburst|p1a: Tatsugiri\n|-damage|p1a: Tatsugiri|7\/100\n|\n|upkeep\n|turn|17\n|inactive|theSega has 60 seconds left.\n|\n|t:|1699359038\n|move|p1a: Tatsugiri|Dragon Pulse|p2a: Dudunsparce\n|-damage|p2a: Dudunsparce|10\/100\n|move|p2a: Dudunsparce|Boomburst|p1a: Tatsugiri\n|-damage|p1a: Tatsugiri|0 fnt\n|faint|p1a: Tatsugiri\n|\n|upkeep\n|inactive|theSega has 60 seconds left.\n|\n|t:|1699359049\n|switch|p1a: Barraskewda|Barraskewda, M|100\/100\n|turn|18\n|\n|t:|1699359054\n|move|p1a: Barraskewda|Close Combat|p2a: Dudunsparce\n|-supereffective|p2a: Dudunsparce\n|-damage|p2a: Dudunsparce|0 fnt\n|-unboost|p1a: Barraskewda|def|1\n|-unboost|p1a: Barraskewda|spd|1\n|faint|p2a: Dudunsparce\n|\n|upkeep\n|\n|t:|1699359057\n|switch|p2a: Mandibuzz|Mandibuzz, F|52\/100\n|turn|19\n|\n|t:|1699359068\n|move|p1a: Barraskewda|Close Combat|p2a: Mandibuzz\n|-damage|p2a: Mandibuzz|4\/100\n|-unboost|p1a: Barraskewda|def|1\n|-unboost|p1a: Barraskewda|spd|1\n|move|p2a: Mandibuzz|Knock Off|p1a: Barraskewda\n|-damage|p1a: Barraskewda|10\/100\n|-enditem|p1a: Barraskewda|Choice Band|[from] move: Knock Off|[of] p2a: Mandibuzz\n|\n|upkeep\n|turn|20\n|\n|t:|1699359079\n|move|p1a: Barraskewda|Close Combat|p2a: Mandibuzz\n|-damage|p2a: Mandibuzz|0 fnt\n|-unboost|p1a: Barraskewda|def|1\n|-unboost|p1a: Barraskewda|spd|1\n|faint|p2a: Mandibuzz\n|\n|upkeep\n|\n|t:|1699359081\n|switch|p2a: Brute Bonnet|Brute Bonnet|57\/100\n|turn|21\n|inactive|theSega has 60 seconds left.\n|\n|t:|1699359136\n|move|p2a: Brute Bonnet|Sucker Punch|p1a: Barraskewda\n|-damage|p1a: Barraskewda|0 fnt\n|faint|p1a: Barraskewda\n|\n|upkeep\n|\n|t:|1699359140\n|switch|p1a: Gastrodon|Gastrodon, F|100\/100\n|turn|22\n|\n|t:|1699359145\n|move|p2a: Brute Bonnet|Spore|p1a: Gastrodon\n|-status|p1a: Gastrodon|slp|[from] move: Spore\n|cant|p1a: Gastrodon|slp\n|\n|upkeep\n|turn|23\n|c|\u2606theSega|gg\n|c|\u2606Glaire|gg\n|c|\u2606Glaire|i might still lose\n|\n|t:|1699359166\n|move|p2a: Brute Bonnet|Seed Bomb|p1a: Gastrodon\n|-supereffective|p1a: Gastrodon\n|-damage|p1a: Gastrodon|0 fnt\n|faint|p1a: Gastrodon\n|\n|win|Glaire\n|raw|theSega's rating: 1208 &rarr; <strong>1181<\/strong><br \/>(-27 for losing)\n|raw|Glaire's rating: 1179 &rarr; <strong>1206<\/strong><br \/>(+27 for winning)\n|c|\u2606Glaire|idk what u have on your gastrodon\n|c|\u2606Glaire|oh gg\n|l|\u2606theSega\n|c|\u2606Glaire|close\n","uploadtime":1699359176,"views":6,"p1id":"thesega","p2id":"glaire","formatid":"gen9anythinggoes","rating":1181,"private":0,"password":""}