{"id":"gen9anythinggoes-1999572572","p1":"loquesea27","p2":"kittycatpurr","format":"[Gen 9] Anything Goes","log":"|j|\u2606loquesea27\n|j|\u2606kittycatpurr\n|t:|1701097425\n|gametype|singles\n|player|p1|loquesea27|roxie|1092\n|player|p2|kittycatpurr|parasollady|1000\n|teamsize|p1|6\n|teamsize|p2|6\n|gen|9\n|tier|[Gen 9] Anything Goes\n|rated|\n|rule|HP Percentage Mod: HP is shown in percentages\n|rule|Endless Battle Clause: Forcing endless battles is banned\n|clearpoke\n|poke|p1|Rabsca, M|\n|poke|p1|Clawitzer, M|\n|poke|p1|Revavroom, M|\n|poke|p1|Forretress, M|\n|poke|p1|Heracross, M|\n|poke|p1|Lokix, F|\n|poke|p2|Pelipper, M|\n|poke|p2|Floatzel, M|\n|poke|p2|Tsareena, F|\n|poke|p2|Masquerain, M|\n|poke|p2|Haxorus, F|\n|poke|p2|Toxicroak, F|\n|teampreview\n|inactive|Battle timer is ON: inactive players will automatically lose when time's up. (requested by kittycatpurr)\n|\n|t:|1701097435\n|start\n|switch|p1a: Forretress|Forretress, M|100\/100\n|switch|p2a: Pelipper|Pelipper, M|100\/100\n|-weather|RainDance|[from] ability: Drizzle|[of] p2a: Pelipper\n|turn|1\n|\n|t:|1701097445\n|move|p2a: Pelipper|Hurricane|p1a: Forretress\n|-damage|p1a: Forretress|49\/100\n|move|p1a: Forretress|Stealth Rock|p2a: Pelipper\n|-sidestart|p2: kittycatpurr|move: Stealth Rock\n|\n|-weather|RainDance|[upkeep]\n|upkeep\n|turn|2\n|\n|t:|1701097453\n|switch|p1a: Revavroom|Revavroom, M|100\/100\n|move|p2a: Pelipper|Hurricane|p1a: Revavroom\n|-resisted|p1a: Revavroom\n|-damage|p1a: Revavroom|70\/100\n|\n|-weather|RainDance|[upkeep]\n|-heal|p1a: Revavroom|76\/100|[from] item: Leftovers\n|upkeep\n|turn|3\n|\n|t:|1701097468\n|switch|p2a: Masquerain|Masquerain, M|100\/100\n|-damage|p2a: Masquerain|50\/100|[from] Stealth Rock\n|-ability|p2a: Masquerain|Intimidate|boost\n|-unboost|p1a: Revavroom|atk|1\n|move|p1a: Revavroom|Shift Gear|p1a: Revavroom\n|-boost|p1a: Revavroom|spe|2\n|-boost|p1a: Revavroom|atk|1\n|\n|-weather|RainDance|[upkeep]\n|-heal|p1a: Revavroom|82\/100|[from] item: Leftovers\n|upkeep\n|turn|4\n|\n|t:|1701097478\n|move|p1a: Revavroom|Gunk Shot|p2a: Masquerain\n|-damage|p2a: Masquerain|0 fnt\n|faint|p2a: Masquerain\n|\n|-weather|RainDance|[upkeep]\n|-heal|p1a: Revavroom|88\/100|[from] item: Leftovers\n|upkeep\n|\n|t:|1701097485\n|switch|p2a: Tsareena|Tsareena, F|100\/100\n|turn|5\n|\n|t:|1701097489\n|move|p1a: Revavroom|Shift Gear|p1a: Revavroom\n|-boost|p1a: Revavroom|spe|2\n|-boost|p1a: Revavroom|atk|1\n|move|p2a: Tsareena|Rapid Spin|p1a: Revavroom\n|-resisted|p1a: Revavroom\n|-damage|p1a: Revavroom|79\/100\n|-boost|p2a: Tsareena|spe|1\n|-sideend|p2: kittycatpurr|Stealth Rock|[from] move: Rapid Spin|[of] p2a: Tsareena\n|\n|-weather|RainDance|[upkeep]\n|-heal|p1a: Revavroom|85\/100|[from] item: Leftovers\n|upkeep\n|turn|6\n|\n|t:|1701097498\n|move|p1a: Revavroom|Gunk Shot|p2a: Tsareena\n|-supereffective|p2a: Tsareena\n|-crit|p2a: Tsareena\n|-damage|p2a: Tsareena|0 fnt\n|faint|p2a: Tsareena\n|\n|-weather|RainDance|[upkeep]\n|-heal|p1a: Revavroom|91\/100|[from] item: Leftovers\n|upkeep\n|\n|t:|1701097501\n|switch|p2a: Floatzel|Floatzel, M|100\/100\n|turn|7\n|\n|t:|1701097508\n|move|p1a: Revavroom|Gunk Shot|p2a: Floatzel\n|-damage|p2a: Floatzel|0 fnt\n|faint|p2a: Floatzel\n|\n|-weather|RainDance|[upkeep]\n|-heal|p1a: Revavroom|97\/100|[from] item: Leftovers\n|upkeep\n|\n|t:|1701097512\n|switch|p2a: Toxicroak|Toxicroak, F|100\/100\n|turn|8\n|\n|t:|1701097516\n|move|p2a: Toxicroak|Sucker Punch|p1a: Revavroom\n|-damage|p1a: Revavroom|62\/100\n|-damage|p2a: Toxicroak|91\/100|[from] item: Life Orb\n|move|p1a: Revavroom|High Horsepower|p2a: Toxicroak\n|-supereffective|p2a: Toxicroak\n|-damage|p2a: Toxicroak|0 fnt\n|faint|p2a: Toxicroak\n|\n|-weather|none\n|-heal|p1a: Revavroom|68\/100|[from] item: Leftovers\n|upkeep\n|\n|t:|1701097524\n|switch|p2a: Haxorus|Haxorus, F|100\/100\n|-ability|p2a: Haxorus|Mold Breaker\n|turn|9\n|\n|t:|1701097534\n|-terastallize|p2a: Haxorus|Steel\n|move|p1a: Revavroom|Gunk Shot|p2a: Haxorus\n|-immune|p2a: Haxorus\n|move|p2a: Haxorus|Earthquake|p1a: Revavroom\n|-supereffective|p1a: Revavroom\n|-damage|p1a: Revavroom|0 fnt\n|faint|p1a: Revavroom\n|\n|upkeep\n|\n|t:|1701097543\n|switch|p1a: Forretress|Forretress, M|49\/100\n|turn|10\n|\n|t:|1701097546\n|move|p2a: Haxorus|Dragon Dance|p2a: Haxorus\n|-boost|p2a: Haxorus|atk|1\n|-boost|p2a: Haxorus|spe|1\n|move|p1a: Forretress|Counter||[still]\n|-fail|p1a: Forretress\n|\n|upkeep\n|turn|11\n|\n|t:|1701097556\n|move|p2a: Haxorus|Dragon Dance|p2a: Haxorus\n|-boost|p2a: Haxorus|atk|1\n|-boost|p2a: Haxorus|spe|1\n|move|p1a: Forretress|Counter||[still]\n|-fail|p1a: Forretress\n|\n|upkeep\n|turn|12\n|\n|t:|1701097559\n|move|p2a: Haxorus|Dragon Dance|p2a: Haxorus\n|-boost|p2a: Haxorus|atk|1\n|-boost|p2a: Haxorus|spe|1\n|move|p1a: Forretress|Counter||[still]\n|-fail|p1a: Forretress\n|\n|upkeep\n|turn|13\n|\n|t:|1701097561\n|move|p2a: Haxorus|Dragon Dance|p2a: Haxorus\n|-boost|p2a: Haxorus|atk|1\n|-boost|p2a: Haxorus|spe|1\n|move|p1a: Forretress|Counter||[still]\n|-fail|p1a: Forretress\n|\n|upkeep\n|turn|14\n|\n|t:|1701097564\n|move|p2a: Haxorus|Dragon Dance|p2a: Haxorus\n|-boost|p2a: Haxorus|atk|1\n|-boost|p2a: Haxorus|spe|1\n|move|p1a: Forretress|Counter||[still]\n|-fail|p1a: Forretress\n|\n|upkeep\n|turn|15\n|\n|t:|1701097568\n|move|p2a: Haxorus|Dragon Dance|p2a: Haxorus\n|-boost|p2a: Haxorus|atk|1\n|-boost|p2a: Haxorus|spe|1\n|move|p1a: Forretress|Ice Spinner|p2a: Haxorus\n|-resisted|p2a: Haxorus\n|-damage|p2a: Haxorus|87\/100\n|\n|upkeep\n|turn|16\n|\n|t:|1701097572\n|move|p2a: Haxorus|Earthquake|p1a: Forretress\n|-damage|p1a: Forretress|0 fnt\n|faint|p1a: Forretress\n|\n|upkeep\n|\n|t:|1701097576\n|switch|p1a: Rabsca|Rabsca, M|100\/100\n|turn|17\n|\n|t:|1701097581\n|move|p2a: Haxorus|Dragon Claw|p1a: Rabsca\n|-crit|p1a: Rabsca\n|-enditem|p1a: Rabsca|Focus Sash\n|-damage|p1a: Rabsca|1\/100\n|move|p1a: Rabsca|Trick Room|p1a: Rabsca\n|-fieldstart|move: Trick Room|[of] p1a: Rabsca\n|\n|upkeep\n|turn|18\n|\n|t:|1701097587\n|move|p1a: Rabsca|Dazzling Gleam|p2a: Haxorus\n|-resisted|p2a: Haxorus\n|-damage|p2a: Haxorus|65\/100\n|move|p2a: Haxorus|Earthquake|p1a: Rabsca\n|-resisted|p1a: Rabsca\n|-crit|p1a: Rabsca\n|-damage|p1a: Rabsca|0 fnt\n|faint|p1a: Rabsca\n|\n|upkeep\n|\n|t:|1701097591\n|switch|p1a: Clawitzer|Clawitzer, M|100\/100\n|turn|19\n|\n|t:|1701097595\n|move|p1a: Clawitzer|Focus Blast|p2a: Haxorus\n|-supereffective|p2a: Haxorus\n|-damage|p2a: Haxorus|0 fnt\n|faint|p2a: Haxorus\n|\n|upkeep\n|\n|t:|1701097598\n|switch|p2a: Pelipper|Pelipper, M|100\/100\n|-weather|RainDance|[from] ability: Drizzle|[of] p2a: Pelipper\n|turn|20\n|\n|t:|1701097606\n|move|p1a: Clawitzer|Focus Blast|p2a: Pelipper\n|-resisted|p2a: Pelipper\n|-damage|p2a: Pelipper|53\/100\n|move|p2a: Pelipper|Hurricane|p1a: Clawitzer\n|-damage|p1a: Clawitzer|59\/100\n|\n|-weather|RainDance|[upkeep]\n|upkeep\n|turn|21\n|\n|t:|1701097611\n|move|p1a: Clawitzer|Focus Blast|p2a: Pelipper\n|-resisted|p2a: Pelipper\n|-damage|p2a: Pelipper|7\/100\n|move|p2a: Pelipper|Roost|p2a: Pelipper\n|-heal|p2a: Pelipper|57\/100\n|-singleturn|p2a: Pelipper|move: Roost\n|\n|-weather|RainDance|[upkeep]\n|-fieldend|move: Trick Room\n|upkeep\n|turn|22\n|\n|t:|1701097616\n|move|p2a: Pelipper|Hurricane|p1a: Clawitzer\n|-damage|p1a: Clawitzer|18\/100\n|-start|p1a: Clawitzer|confusion\n|-activate|p1a: Clawitzer|confusion\n|-damage|p1a: Clawitzer|12\/100|[from] confusion\n|\n|-weather|RainDance|[upkeep]\n|upkeep\n|turn|23\n|\n|t:|1701097624\n|move|p2a: Pelipper|Hurricane|p1a: Clawitzer\n|-damage|p1a: Clawitzer|0 fnt\n|faint|p1a: Clawitzer\n|\n|-weather|RainDance|[upkeep]\n|upkeep\n|\n|t:|1701097630\n|switch|p1a: Heracross|Heracross, M|100\/100\n|turn|24\n|\n|t:|1701097634\n|-terastallize|p1a: Heracross|Normal\n|move|p1a: Heracross|Bulk Up|p1a: Heracross\n|-boost|p1a: Heracross|atk|1\n|-boost|p1a: Heracross|def|1\n|move|p2a: Pelipper|Hurricane|p1a: Heracross\n|-damage|p1a: Heracross|59\/100\n|-start|p1a: Heracross|confusion\n|\n|-weather|RainDance|[upkeep]\n|-status|p1a: Heracross|brn|[from] item: Flame Orb\n|upkeep\n|turn|25\n|\n|t:|1701097644\n|-activate|p1a: Heracross|confusion\n|-damage|p1a: Heracross|39\/100 brn|[from] confusion\n|move|p2a: Pelipper|Hurricane|p1a: Heracross\n|-damage|p1a: Heracross|0 fnt\n|faint|p1a: Heracross\n|\n|-weather|RainDance|[upkeep]\n|upkeep\n|\n|t:|1701097647\n|switch|p1a: Lokix|Lokix, F|100\/100\n|turn|26\n|\n|t:|1701097649\n|move|p1a: Lokix|First Impression|p2a: Pelipper\n|-resisted|p2a: Pelipper\n|-damage|p2a: Pelipper|28\/100\n|move|p2a: Pelipper|Hurricane|p1a: Lokix\n|-supereffective|p1a: Lokix\n|-damage|p1a: Lokix|0 fnt\n|faint|p1a: Lokix\n|\n|win|kittycatpurr\n|raw|loquesea27's rating: 1092 &rarr; <strong>1062<\/strong><br \/>(-30 for losing)\n|raw|kittycatpurr's rating: 1000 &rarr; <strong>1050<\/strong><br \/>(+50 for winning)\n|l|\u2606loquesea27\n","uploadtime":1701097658,"views":2,"p1id":"loquesea27","p2id":"kittycatpurr","formatid":"gen9anythinggoes","rating":1050,"private":0,"password":""}