{"id":"gen9anythinggoes-1989945992","p1":"4rcad1a","p2":"Rokketfear","format":"[Gen 9] Anything Goes","log":"|j|\u26064rcad1a\n|j|\u2606Rokketfear\n|t:|1699909068\n|gametype|singles\n|player|p1|4rcad1a|burglar|1101\n|player|p2|Rokketfear|ingo|1000\n|teamsize|p1|6\n|teamsize|p2|6\n|gen|9\n|tier|[Gen 9] Anything Goes\n|rated|\n|rule|HP Percentage Mod: HP is shown in percentages\n|rule|Endless Battle Clause: Forcing endless battles is banned\n|clearpoke\n|poke|p1|Ribombee, M|\n|poke|p1|Gliscor, F|\n|poke|p1|Umbreon, F|\n|poke|p1|Decidueye, F|\n|poke|p1|Espathra, F|\n|poke|p1|Pikachu-Sinnoh, M|\n|poke|p2|Arcanine, M|\n|poke|p2|Gengar, M|\n|poke|p2|Garganacl, F|\n|poke|p2|Annihilape, M|\n|poke|p2|Kyogre|\n|poke|p2|Zacian-*|\n|teampreview\n|\n|t:|1699909074\n|start\n|switch|p1a: Gliscor|Gliscor, F|100\/100\n|switch|p2a: Arcanine|Arcanine, M|100\/100\n|-ability|p2a: Arcanine|Intimidate|boost\n|-unboost|p1a: Gliscor|atk|1\n|turn|1\n|\n|t:|1699909084\n|move|p2a: Arcanine|Flamethrower|p1a: Gliscor\n|-damage|p1a: Gliscor|67\/100\n|move|p1a: Gliscor|Stealth Rock|p2a: Arcanine\n|-sidestart|p2: Rokketfear|move: Stealth Rock\n|\n|-status|p1a: Gliscor|tox|[from] item: Toxic Orb\n|upkeep\n|turn|2\n|\n|t:|1699909094\n|move|p2a: Arcanine|Heat Wave|p1a: Gliscor\n|-damage|p1a: Gliscor|33\/100 tox\n|move|p1a: Gliscor|Agility|p1a: Gliscor\n|-boost|p1a: Gliscor|spe|2\n|\n|-heal|p1a: Gliscor|46\/100 tox|[from] ability: Poison Heal\n|upkeep\n|turn|3\n|\n|t:|1699909104\n|move|p1a: Gliscor|Agility|p1a: Gliscor\n|-boost|p1a: Gliscor|spe|2\n|move|p2a: Arcanine|Flamethrower|p1a: Gliscor\n|-crit|p1a: Gliscor\n|-damage|p1a: Gliscor|0 fnt\n|faint|p1a: Gliscor\n|\n|upkeep\n|\n|t:|1699909117\n|switch|p1a: Umbreon|Umbreon, F|100\/100\n|turn|4\n|\n|t:|1699909123\n|move|p2a: Arcanine|Dig||[still]\n|-prepare|p2a: Arcanine|Dig\n|move|p1a: Umbreon|Substitute|p1a: Umbreon\n|-start|p1a: Umbreon|Substitute\n|-damage|p1a: Umbreon|75\/100\n|\n|-heal|p1a: Umbreon|82\/100|[from] item: Leftovers\n|upkeep\n|turn|5\n|\n|t:|1699909131\n|move|p2a: Arcanine|Dig|p1a: Umbreon|[from]lockedmove\n|-activate|p1a: Umbreon|move: Substitute|[damage]\n|move|p1a: Umbreon|Wish|p1a: Umbreon\n|\n|-heal|p1a: Umbreon|88\/100|[from] item: Leftovers\n|upkeep\n|turn|6\n|\n|t:|1699909143\n|move|p2a: Arcanine|Flamethrower|p1a: Umbreon\n|-end|p1a: Umbreon|Substitute\n|move|p1a: Umbreon|Calm Mind|p1a: Umbreon\n|-boost|p1a: Umbreon|spa|1\n|-boost|p1a: Umbreon|spd|1\n|\n|-heal|p1a: Umbreon|100\/100|[from] move: Wish|[wisher] Umbreon\n|upkeep\n|turn|7\n|\n|t:|1699909152\n|move|p2a: Arcanine|Flamethrower|p1a: Umbreon\n|-damage|p1a: Umbreon|87\/100\n|-status|p1a: Umbreon|brn\n|-activate|p1a: Umbreon|ability: Synchronize\n|-immune|p2a: Arcanine\n|move|p1a: Umbreon|Substitute|p1a: Umbreon\n|-start|p1a: Umbreon|Substitute\n|-damage|p1a: Umbreon|62\/100 brn\n|\n|-heal|p1a: Umbreon|68\/100 brn|[from] item: Leftovers\n|-damage|p1a: Umbreon|62\/100 brn|[from] brn\n|upkeep\n|turn|8\n|\n|t:|1699909174\n|move|p2a: Arcanine|Heat Wave|p1a: Umbreon\n|-activate|p1a: Umbreon|move: Substitute|[damage]\n|move|p1a: Umbreon|Wish|p1a: Umbreon\n|\n|-heal|p1a: Umbreon|68\/100 brn|[from] item: Leftovers\n|-damage|p1a: Umbreon|62\/100 brn|[from] brn\n|upkeep\n|turn|9\n|\n|t:|1699909183\n|move|p2a: Arcanine|Fire Blast|p1a: Umbreon\n|-end|p1a: Umbreon|Substitute\n|move|p1a: Umbreon|Calm Mind|p1a: Umbreon\n|-boost|p1a: Umbreon|spa|1\n|-boost|p1a: Umbreon|spd|1\n|\n|-heal|p1a: Umbreon|100\/100 brn|[from] move: Wish|[wisher] Umbreon\n|-damage|p1a: Umbreon|94\/100 brn|[from] brn\n|upkeep\n|turn|10\n|\n|t:|1699909193\n|move|p2a: Arcanine|Fire Blast|p1a: Umbreon\n|-damage|p1a: Umbreon|81\/100 brn\n|move|p1a: Umbreon|Substitute|p1a: Umbreon\n|-start|p1a: Umbreon|Substitute\n|-damage|p1a: Umbreon|56\/100 brn\n|\n|-heal|p1a: Umbreon|62\/100 brn|[from] item: Leftovers\n|-damage|p1a: Umbreon|56\/100 brn|[from] brn\n|upkeep\n|turn|11\n|\n|t:|1699909203\n|move|p2a: Arcanine|Fire Blast|p1a: Umbreon\n|-activate|p1a: Umbreon|move: Substitute|[damage]\n|move|p1a: Umbreon|Wish|p1a: Umbreon\n|\n|-heal|p1a: Umbreon|62\/100 brn|[from] item: Leftovers\n|-damage|p1a: Umbreon|56\/100 brn|[from] brn\n|upkeep\n|turn|12\n|\n|t:|1699909215\n|switch|p2a: Gengar|Gengar, M|100\/100\n|-damage|p2a: Gengar|88\/100|[from] Stealth Rock\n|move|p1a: Umbreon|Calm Mind|p1a: Umbreon\n|-boost|p1a: Umbreon|spa|1\n|-boost|p1a: Umbreon|spd|1\n|\n|-heal|p1a: Umbreon|100\/100 brn|[from] move: Wish|[wisher] Umbreon\n|-damage|p1a: Umbreon|94\/100 brn|[from] brn\n|upkeep\n|turn|13\n|\n|t:|1699909229\n|move|p2a: Gengar|Brick Break|p1a: Umbreon\n|-supereffective|p1a: Umbreon\n|-end|p1a: Umbreon|Substitute\n|move|p1a: Umbreon|Baton Pass|p1a: Umbreon\n|\n|t:|1699909236\n|switch|p1a: Ribombee|Ribombee, M|100\/100|[from] Baton Pass\n|\n|upkeep\n|turn|14\n|\n|t:|1699909243\n|move|p1a: Ribombee|Stored Power|p2a: Gengar\n|-supereffective|p2a: Gengar\n|-damage|p2a: Gengar|0 fnt\n|faint|p2a: Gengar\n|\n|upkeep\n|\n|t:|1699909255\n|switch|p2a: Arcanine|Arcanine, M|100\/100\n|-damage|p2a: Arcanine|75\/100|[from] Stealth Rock\n|-ability|p2a: Arcanine|Intimidate|boost\n|-unboost|p1a: Ribombee|atk|1\n|turn|15\n|\n|t:|1699909263\n|move|p1a: Ribombee|Stored Power|p2a: Arcanine\n|-damage|p2a: Arcanine|0 fnt\n|faint|p2a: Arcanine\n|\n|upkeep\n|\n|t:|1699909269\n|switch|p2a: Zacian|Zacian-Crowned|100\/100\n|-damage|p2a: Zacian|94\/100|[from] Stealth Rock\n|-ability|p2a: Zacian|Intrepid Sword|boost\n|-boost|p2a: Zacian|atk|1\n|turn|16\n|\n|t:|1699909277\n|move|p2a: Zacian|Behemoth Blade|p1a: Ribombee\n|-supereffective|p1a: Ribombee\n|-damage|p1a: Ribombee|0 fnt\n|faint|p1a: Ribombee\n|\n|upkeep\n|\n|t:|1699909284\n|switch|p1a: Espathra|Espathra, F|100\/100\n|turn|17\n|\n|t:|1699909294\n|move|p2a: Zacian|Behemoth Blade|p1a: Espathra\n|-damage|p1a: Espathra|0 fnt\n|faint|p1a: Espathra\n|\n|upkeep\n|inactive|Battle timer is ON: inactive players will automatically lose when time's up. (requested by 4rcad1a)\n|\n|t:|1699909300\n|switch|p1a: Decidueye|Decidueye, F|100\/100\n|turn|18\n|\n|t:|1699909306\n|move|p2a: Zacian|Behemoth Blade|p1a: Decidueye\n|-damage|p1a: Decidueye|0 fnt\n|faint|p1a: Decidueye\n|\n|upkeep\n|\n|t:|1699909311\n|switch|p1a: Umbreon|Umbreon, F|94\/100 brn\n|turn|19\n|\n|t:|1699909315\n|move|p2a: Zacian|Behemoth Blade|p1a: Umbreon\n|-damage|p1a: Umbreon|31\/100 brn\n|move|p1a: Umbreon|Substitute|p1a: Umbreon\n|-start|p1a: Umbreon|Substitute\n|-damage|p1a: Umbreon|6\/100 brn\n|\n|-heal|p1a: Umbreon|12\/100 brn|[from] item: Leftovers\n|-damage|p1a: Umbreon|6\/100 brn|[from] brn\n|upkeep\n|turn|20\n|\n|t:|1699909328\n|move|p2a: Zacian|Close Combat|p1a: Umbreon\n|-supereffective|p1a: Umbreon\n|-end|p1a: Umbreon|Substitute\n|-unboost|p2a: Zacian|def|1\n|-unboost|p2a: Zacian|spd|1\n|move|p1a: Umbreon|Wish|p1a: Umbreon\n|\n|-heal|p1a: Umbreon|12\/100 brn|[from] item: Leftovers\n|-damage|p1a: Umbreon|6\/100 brn|[from] brn\n|upkeep\n|turn|21\n|\n|t:|1699909340\n|move|p2a: Zacian|Behemoth Blade|p1a: Umbreon\n|-damage|p1a: Umbreon|0 fnt\n|faint|p1a: Umbreon\n|\n|upkeep\n|\n|t:|1699909345\n|switch|p1a: Pikachu|Pikachu-Sinnoh, M|100\/100\n|turn|22\n|\n|t:|1699909352\n|move|p2a: Zacian|Behemoth Blade|p1a: Pikachu\n|-resisted|p1a: Pikachu\n|-damage|p1a: Pikachu|0 fnt\n|-status|p2a: Zacian|par|[from] ability: Static|[of] p1a: Pikachu\n|faint|p1a: Pikachu\n|\n|win|Rokketfear\n|raw|4rcad1a's rating: 1101 &rarr; <strong>1069<\/strong><br \/>(-32 for losing)\n|raw|Rokketfear's rating: 1000 &rarr; <strong>1051<\/strong><br \/>(+51 for winning)\n|c|\u2606Rokketfear|gg\n|l|\u26064rcad1a\n|c|\u2606Rokketfear|that tactic dosent work on me twice\n","uploadtime":1699909383,"views":4,"p1id":"4rcad1a","p2id":"rokketfear","formatid":"gen9anythinggoes","rating":1051,"private":0,"password":""}