{"id":"gen9anythinggoes-1980690364","p1":"Tvrtko420","p2":"puddingss","format":"[Gen 9] Anything Goes","log":"|j|\u2606Tvrtko420\n|j|\u2606puddingss\n|t:|1698813534\n|gametype|singles\n|player|p1|Tvrtko420|red-masters2|1769\n|player|p2|puddingss|steven|1685\n|teamsize|p1|6\n|teamsize|p2|6\n|gen|9\n|tier|[Gen 9] Anything Goes\n|rated|\n|rule|HP Percentage Mod: HP is shown in percentages\n|rule|Endless Battle Clause: Forcing endless battles is banned\n|clearpoke\n|poke|p1|Calyrex-Shadow|\n|poke|p1|Arceus|\n|poke|p1|Zacian-*|\n|poke|p1|Koraidon|\n|poke|p1|Leavanny, M|\n|poke|p1|Roaring Moon|\n|poke|p2|Arceus|\n|poke|p2|Calyrex-Ice|\n|poke|p2|Arceus-Fairy|\n|poke|p2|Ursaluna-Bloodmoon, M|\n|poke|p2|Rayquaza|\n|poke|p2|Koraidon|\n|teampreview\n|inactive|Battle timer is ON: inactive players will automatically lose when time's up. (requested by puddingss)\n|\n|t:|1698813548\n|start\n|switch|p1a: Koraidon|Koraidon|100\/100\n|switch|p2a: Rayquaza|Rayquaza|100\/100\n|-weather|SunnyDay|[from] ability: Orichalcum Pulse|[of] p1a: Koraidon\n|-activate|p1a: Koraidon|Orichalcum Pulse|[source]\n|-ability|p2a: Rayquaza|Air Lock\n|turn|1\n|\n|t:|1698813559\n|switch|p2a: Arceus|Arceus-Fairy|100\/100\n|move|p1a: Koraidon|U-turn|p2a: Arceus\n|-resisted|p2a: Arceus\n|-damage|p2a: Arceus|90\/100\n|\n|t:|1698813567\n|switch|p1a: Leavanny|Leavanny, M, shiny|100\/100|[from] U-turn\n|\n|-weather|SunnyDay|[upkeep]\n|upkeep\n|turn|2\n|\n|t:|1698813575\n|switch|p2a: Rayquaza|Rayquaza|100\/100\n|-ability|p2a: Rayquaza|Air Lock\n|move|p1a: Leavanny|Sticky Web|p2a: Rayquaza\n|-sidestart|p2: puddingss|move: Sticky Web\n|\n|-weather|SunnyDay|[upkeep]\n|upkeep\n|turn|3\n|\n|t:|1698813584\n|move|p2a: Rayquaza|Stealth Rock|p1a: Leavanny\n|-sidestart|p1: Tvrtko420|move: Stealth Rock\n|move|p1a: Leavanny|Knock Off|p2a: Rayquaza\n|-damage|p2a: Rayquaza|72\/100\n|-enditem|p2a: Rayquaza|Focus Sash|[from] move: Knock Off|[of] p1a: Leavanny\n|\n|-weather|SunnyDay|[upkeep]\n|upkeep\n|turn|4\n|\n|t:|1698813590\n|move|p2a: Rayquaza|Dragon Ascent|p1a: Leavanny\n|-supereffective|p1a: Leavanny\n|-enditem|p1a: Leavanny|Focus Sash\n|-damage|p1a: Leavanny|1\/100\n|-unboost|p2a: Rayquaza|def|1\n|-unboost|p2a: Rayquaza|spd|1\n|move|p1a: Leavanny|String Shot|p2a: Rayquaza\n|-unboost|p2a: Rayquaza|spe|2\n|\n|-weather|SunnyDay|[upkeep]\n|upkeep\n|turn|5\n|\n|t:|1698813595\n|move|p2a: Rayquaza|Extreme Speed|p1a: Leavanny\n|-damage|p1a: Leavanny|0 fnt\n|faint|p1a: Leavanny\n|\n|-weather|none\n|upkeep\n|inactive|Tvrtko420 has 120 seconds left.\n|inactive|Tvrtko420 has 90 seconds left.\n|\n|t:|1698813659\n|switch|p1a: Zacian|Zacian-Crowned|100\/100\n|-damage|p1a: Zacian|95\/100|[from] Stealth Rock\n|-ability|p1a: Zacian|Intrepid Sword|boost\n|-boost|p1a: Zacian|atk|1\n|turn|6\n|\n|t:|1698813668\n|move|p1a: Zacian|Play Rough|p2a: Rayquaza|[miss]\n|-miss|p1a: Zacian|p2a: Rayquaza\n|move|p2a: Rayquaza|Earth Power|p1a: Zacian\n|-supereffective|p1a: Zacian\n|-damage|p1a: Zacian|42\/100\n|\n|upkeep\n|turn|7\n|\n|t:|1698813674\n|move|p2a: Rayquaza|Extreme Speed|p1a: Zacian\n|-resisted|p1a: Zacian\n|-damage|p1a: Zacian|30\/100\n|move|p1a: Zacian|Play Rough|p2a: Rayquaza\n|-supereffective|p2a: Rayquaza\n|-damage|p2a: Rayquaza|0 fnt\n|faint|p2a: Rayquaza\n|\n|upkeep\n|\n|t:|1698813681\n|switch|p2a: Arceus|Arceus|100\/100\n|-activate|p2a: Arceus|move: Sticky Web\n|-unboost|p2a: Arceus|spe|1\n|turn|8\n|\n|t:|1698813698\n|move|p1a: Zacian|Substitute|p1a: Zacian\n|-start|p1a: Zacian|Substitute\n|-damage|p1a: Zacian|5\/100\n|move|p2a: Arceus|Trick Room|p2a: Arceus\n|-fieldstart|move: Trick Room|[of] p2a: Arceus\n|\n|upkeep\n|turn|9\n|j| GUESSWHOTPRADO\n|\n|t:|1698813712\n|move|p2a: Arceus|Healing Wish|p2a: Arceus\n|faint|p2a: Arceus\n|move|p1a: Zacian|Behemoth Blade|p2: Arceus|[notarget]\n|-fail|p1a: Zacian\n|\n|upkeep\n|\n|t:|1698813713\n|switch|p2a: Ursaluna|Ursaluna-Bloodmoon, M|100\/100\n|-activate|p2a: Ursaluna|move: Sticky Web\n|-unboost|p2a: Ursaluna|spe|1\n|turn|10\n|inactive|Tvrtko420 has 120 seconds left.\n|\n|t:|1698813731\n|move|p2a: Ursaluna|Earth Power|p1a: Zacian\n|-supereffective|p1a: Zacian\n|-end|p1a: Zacian|Substitute\n|-damage|p2a: Ursaluna|90\/100|[from] item: Life Orb\n|move|p1a: Zacian|Behemoth Blade|p2a: Ursaluna\n|-damage|p2a: Ursaluna|26\/100\n|\n|upkeep\n|turn|11\n|inactive|Tvrtko420 has 120 seconds left.\n|l| GUESSWHOTPRADO\n|\n|t:|1698813746\n|move|p2a: Ursaluna|Earth Power|p1a: Zacian\n|-supereffective|p1a: Zacian\n|-damage|p1a: Zacian|0 fnt\n|faint|p1a: Zacian\n|-damage|p2a: Ursaluna|16\/100|[from] item: Life Orb\n|\n|upkeep\n|\n|t:|1698813749\n|switch|p1a: Arceus|Arceus|100\/100\n|-damage|p1a: Arceus|88\/100|[from] Stealth Rock\n|turn|12\n|\n|t:|1698813766\n|move|p1a: Arceus|Extreme Speed|p2a: Ursaluna\n|-damage|p2a: Ursaluna|0 fnt\n|faint|p2a: Ursaluna\n|\n|-heal|p1a: Arceus|94\/100|[from] item: Leftovers\n|-fieldend|move: Trick Room\n|upkeep\n|\n|t:|1698813782\n|switch|p2a: Calyrex|Calyrex-Ice|100\/100\n|-ability|p2a: Calyrex|As One\n|-ability|p2a: Calyrex|Unnerve\n|-activate|p2a: Calyrex|move: Sticky Web\n|-unboost|p2a: Calyrex|spe|1\n|turn|13\n|inactive|Tvrtko420 has 120 seconds left.\n|\n|t:|1698813815\n|-terastallize|p2a: Calyrex|Ice\n|move|p1a: Arceus|Taunt|p2a: Calyrex\n|-start|p2a: Calyrex|move: Taunt\n|move|p2a: Calyrex|Glacial Lance|p1a: Arceus\n|-damage|p1a: Arceus|0 fnt\n|faint|p1a: Arceus\n|-ability|p2a: Calyrex|Chilling Neigh|boost\n|-boost|p2a: Calyrex|atk|1\n|\n|upkeep\n|\n|t:|1698813830\n|switch|p1a: Koraidon|Koraidon|100\/100\n|-damage|p1a: Koraidon|94\/100|[from] Stealth Rock\n|-weather|SunnyDay|[from] ability: Orichalcum Pulse|[of] p1a: Koraidon\n|-activate|p1a: Koraidon|Orichalcum Pulse|[source]\n|turn|14\n|\n|t:|1698813842\n|switch|p2a: Koraidon|Koraidon|100\/100\n|-activate|p2a: Koraidon|move: Sticky Web\n|-unboost|p2a: Koraidon|spe|1\n|-activate|p2a: Koraidon|ability: Orichalcum Pulse\n|move|p1a: Koraidon|Flare Blitz|p2a: Koraidon\n|-resisted|p2a: Koraidon\n|-damage|p2a: Koraidon|62\/100\n|-damage|p1a: Koraidon|82\/100|[from] Recoil\n|\n|-weather|SunnyDay|[upkeep]\n|upkeep\n|turn|15\n|\n|t:|1698813846\n|move|p2a: Koraidon|Dragon Claw|p1a: Koraidon\n|-supereffective|p1a: Koraidon\n|-damage|p1a: Koraidon|0 fnt\n|faint|p1a: Koraidon\n|\n|-weather|SunnyDay|[upkeep]\n|upkeep\n|\n|t:|1698813856\n|switch|p1a: Calyrex|Calyrex-Shadow|100\/100\n|-ability|p1a: Calyrex|As One\n|-ability|p1a: Calyrex|Unnerve\n|-damage|p1a: Calyrex|88\/100|[from] Stealth Rock\n|turn|16\n|\n|t:|1698813858\n|move|p1a: Calyrex|Astral Barrage|p2a: Koraidon\n|-damage|p2a: Koraidon|0 fnt\n|faint|p2a: Koraidon\n|-ability|p1a: Calyrex|Grim Neigh|boost\n|-boost|p1a: Calyrex|spa|1\n|\n|-weather|SunnyDay|[upkeep]\n|-heal|p1a: Calyrex|94\/100|[from] item: Leftovers\n|upkeep\n|\n|t:|1698813861\n|switch|p2a: Arceus|Arceus-Fairy|90\/100\n|-heal|p2a: Arceus|100\/100|[from] move: Healing Wish\n|-activate|p2a: Arceus|move: Sticky Web\n|-unboost|p2a: Arceus|spe|1\n|turn|17\n|\n|t:|1698813867\n|-terastallize|p1a: Calyrex|Grass\n|move|p1a: Calyrex|Taunt|p2a: Arceus\n|-start|p2a: Arceus|move: Taunt\n|cant|p2a: Arceus|move: Taunt|Trick Room\n|\n|-weather|SunnyDay|[upkeep]\n|-heal|p1a: Calyrex|99\/100|[from] item: Leftovers\n|upkeep\n|turn|18\n|\n|t:|1698813876\n|move|p1a: Calyrex|Nasty Plot|p1a: Calyrex\n|-boost|p1a: Calyrex|spa|2\n|move|p2a: Arceus|Judgment|p1a: Calyrex\n|-damage|p1a: Calyrex|51\/100\n|\n|-weather|none\n|-heal|p1a: Calyrex|57\/100|[from] item: Leftovers\n|upkeep\n|turn|19\n|\n|t:|1698813879\n|move|p1a: Calyrex|Giga Drain|p2a: Arceus\n|-damage|p2a: Arceus|42\/100\n|-heal|p1a: Calyrex|95\/100|[from] drain|[of] p2a: Arceus\n|move|p2a: Arceus|Judgment|p1a: Calyrex\n|-damage|p1a: Calyrex|44\/100\n|\n|-heal|p1a: Calyrex|50\/100|[from] item: Leftovers\n|-end|p2a: Arceus|move: Taunt\n|upkeep\n|turn|20\n|\n|t:|1698813888\n|switch|p2a: Calyrex|Calyrex-Ice, tera:Ice|100\/100\n|-ability|p2a: Calyrex|As One\n|-ability|p2a: Calyrex|Unnerve\n|-activate|p2a: Calyrex|move: Sticky Web\n|-unboost|p2a: Calyrex|spe|1\n|move|p1a: Calyrex|Giga Drain|p2a: Calyrex\n|-damage|p2a: Calyrex|25\/100\n|-heal|p1a: Calyrex|95\/100|[from] drain|[of] p2a: Calyrex\n|\n|-heal|p1a: Calyrex|100\/100|[from] item: Leftovers\n|upkeep\n|turn|21\n|-message|puddingss forfeited.\n|\n|win|Tvrtko420\n|raw|Tvrtko420's rating: 1769 &rarr; <strong>1784<\/strong><br \/>(+15 for winning)\n|raw|puddingss's rating: 1685 &rarr; <strong>1670<\/strong><br \/>(-15 for losing)\n|l|\u2606puddingss\n|l|\u2606Tvrtko420\n","uploadtime":1698813929,"views":12,"p1id":"tvrtko420","p2id":"puddingss","formatid":"gen9anythinggoes","rating":1670,"private":0,"password":""}