{"id":"gen9anythinggoes-1981751022","p1":"Ataki","p2":"ILikeToTouchGrass","format":"[Gen 9] Anything Goes","log":"|j|\u2606Ataki\n|j|\u2606ILikeToTouchGrass\n|t:|1698938854\n|gametype|singles\n|player|p1|Ataki|turo-ai|\n|player|p2|ILikeToTouchGrass|depotagent|\n|teamsize|p1|6\n|teamsize|p2|6\n|gen|9\n|tier|[Gen 9] Anything Goes\n|rated|Tournament battle\n|rule|HP Percentage Mod: HP is shown in percentages\n|rule|Endless Battle Clause: Forcing endless battles is banned\n|rule|Frantic Fusions Mod: Pok\u00e9mon nicknamed after another Pok\u00e9mon get buffed stats and more abilities.\n|rule|Sleep Moves Clause: Sleep-inducing moves are banned\n|rule|Species Clause: Limit one of each Pok\u00e9mon\n|rule|OHKO Clause: OHKO moves are banned\n|rule|Evasion Moves Clause: Evasion moves are banned\n|rule|Terastal Clause: You cannot Terastallize\n|clearpoke\n|poke|p1|Flutter Mane|\n|poke|p1|Koraidon|\n|poke|p1|Mewtwo|\n|poke|p1|Ting-Lu|\n|poke|p1|Giratina|\n|poke|p1|Arceus-Poison|\n|poke|p2|Slaking, F|\n|poke|p2|Flutter Mane|\n|poke|p2|Calyrex-Ice|\n|poke|p2|Dialga|\n|poke|p2|Eternatus|\n|poke|p2|Garchomp, F|\n|teampreview\n|j|%Iolanthe\n|inactive|Battle timer is ON: inactive players will automatically lose when time's up. (requested by ILikeToTouchGrass)\n|c|\u2606ILikeToTouchGrass|Alr time for testing\n|inactiveoff|Battle timer is now OFF.\n|c|\u2606Ataki|hf\n|c|\u2606ILikeToTouchGrass|u2\n|\n|t:|1698938894\n|start\n|switch|p1a: Slaking|Koraidon|100\/100\n|switch|p2a: Garchomp|Garchomp, F|100\/100\n|-weather|SunnyDay|[from] ability: Orichalcum Pulse|[of] p1a: Slaking\n|-activate|p1a: Slaking|Orichalcum Pulse|[source]\n|turn|1\n|l|%Iolanthe\n|c|\u2606Ataki|uh\n|\n|t:|1698938903\n|move|p1a: Slaking|Dragon Claw|p2a: Garchomp\n|-supereffective|p2a: Garchomp\n|-damage|p2a: Garchomp|0 fnt\n|-damage|p1a: Slaking|88\/100|[from] ability: Rough Skin|[of] p2a: Garchomp\n|-damage|p1a: Slaking|72\/100|[from] item: Rocky Helmet|[of] p2a: Garchomp\n|faint|p2a: Garchomp\n|\n|-weather|SunnyDay|[upkeep]\n|upkeep\n|\n|t:|1698938920\n|switch|p2a: Landorus|Flutter Mane|100\/100\n|turn|2\n|\n|t:|1698938934\n|switch|p1a: Persian-Alola|Arceus-Poison|100\/100\n|move|p2a: Landorus|Calm Mind|p2a: Landorus\n|-boost|p2a: Landorus|spa|1\n|-boost|p2a: Landorus|spd|1\n|\n|-weather|SunnyDay|[upkeep]\n|upkeep\n|turn|3\n|\n|t:|1698938978\n|move|p2a: Landorus|Shadow Ball|p1a: Persian-Alola\n|-damage|p1a: Persian-Alola|23\/100\n|move|p1a: Persian-Alola|Sludge Bomb|p2a: Landorus\n|-damage|p2a: Landorus|73\/100\n|\n|-weather|SunnyDay|[upkeep]\n|upkeep\n|turn|4\n|\n|t:|1698939016\n|switch|p1a: Toxapex|Ting-Lu|100\/100\n|move|p2a: Landorus|Shadow Ball|p1a: Toxapex\n|-resisted|p1a: Toxapex\n|-damage|p1a: Toxapex|72\/100\n|\n|-weather|SunnyDay|[upkeep]\n|-heal|p1a: Toxapex|78\/100|[from] item: Leftovers\n|upkeep\n|turn|5\n|\n|t:|1698939071\n|move|p2a: Landorus|Moonblast|p1a: Toxapex\n|-supereffective|p1a: Toxapex\n|-damage|p1a: Toxapex|0 fnt\n|faint|p1a: Toxapex\n|\n|-weather|none\n|upkeep\n|\n|t:|1698939078\n|switch|p1a: Slaking|Koraidon|72\/100\n|-weather|SunnyDay|[from] ability: Orichalcum Pulse|[of] p1a: Slaking\n|-activate|p1a: Slaking|Orichalcum Pulse|[source]\n|turn|6\n|\n|t:|1698939085\n|move|p1a: Slaking|Flare Blitz|p2a: Landorus\n|-damage|p2a: Landorus|0 fnt\n|faint|p2a: Landorus\n|-damage|p1a: Slaking|54\/100|[from] Recoil\n|\n|-weather|SunnyDay|[upkeep]\n|upkeep\n|\n|t:|1698939097\n|switch|p2a: Slowbro|Eternatus|100\/100\n|turn|7\n|\n|t:|1698939118\n|switch|p1a: Slowking|Giratina|100\/100\n|switch|p2a: Toxapex|Dialga|100\/100\n|\n|-weather|SunnyDay|[upkeep]\n|upkeep\n|turn|8\n|\n|t:|1698939123\n|move|p2a: Toxapex|Draco Meteor|p1a: Slowking\n|-supereffective|p1a: Slowking\n|-damage|p1a: Slowking|35\/100\n|-unboost|p2a: Toxapex|spa|2\n|move|p1a: Slowking|Will-O-Wisp|p2a: Toxapex\n|-status|p2a: Toxapex|brn\n|\n|-weather|SunnyDay|[upkeep]\n|-damage|p2a: Toxapex|94\/100 brn|[from] brn\n|upkeep\n|turn|9\n|\n|t:|1698939130\n|switch|p1a: Landorus|Flutter Mane|100\/100\n|move|p2a: Toxapex|Draco Meteor|p1a: Landorus\n|-immune|p1a: Landorus\n|\n|-weather|SunnyDay|[upkeep]\n|-damage|p2a: Toxapex|88\/100 brn|[from] brn\n|upkeep\n|turn|10\n|\n|t:|1698939170\n|switch|p2a: Breloom|Slaking, F|100\/100\n|move|p1a: Landorus|Moonblast|p2a: Breloom\n|-damage|p2a: Breloom|48\/100\n|\n|-weather|none\n|-status|p2a: Breloom|tox|[from] item: Toxic Orb\n|upkeep\n|turn|11\n|\n|t:|1698939205\n|switch|p1a: Persian-Alola|Arceus-Poison|23\/100\n|move|p2a: Breloom|Knock Off|p1a: Persian-Alola\n|-damage|p1a: Persian-Alola|12\/100\n|-damage|p2a: Breloom|32\/100 tox|[from] item: Rocky Helmet|[of] p1a: Persian-Alola\n|-enditem|p1a: Persian-Alola|Rocky Helmet|[from] move: Knock Off|[of] p2a: Breloom\n|\n|-heal|p2a: Breloom|44\/100 tox|[from] ability: Poison Heal\n|upkeep\n|turn|12\n|\n|t:|1698939222\n|move|p1a: Persian-Alola|Recover|p1a: Persian-Alola\n|-heal|p1a: Persian-Alola|62\/100\n|move|p2a: Breloom|Drain Punch|p1a: Persian-Alola\n|-resisted|p1a: Persian-Alola\n|-damage|p1a: Persian-Alola|57\/100\n|-heal|p2a: Breloom|46\/100 tox|[from] drain|[of] p1a: Persian-Alola\n|\n|-heal|p2a: Breloom|59\/100 tox|[from] ability: Poison Heal\n|upkeep\n|turn|13\n|\n|t:|1698939226\n|move|p1a: Persian-Alola|Iron Defense|p1a: Persian-Alola\n|-boost|p1a: Persian-Alola|def|2\n|move|p2a: Breloom|Facade|p1a: Persian-Alola\n|-damage|p1a: Persian-Alola|45\/100\n|\n|-heal|p2a: Breloom|71\/100 tox|[from] ability: Poison Heal\n|upkeep\n|turn|14\n|\n|t:|1698939231\n|move|p1a: Persian-Alola|Body Press|p2a: Breloom\n|-supereffective|p2a: Breloom\n|-damage|p2a: Breloom|17\/100 tox\n|move|p2a: Breloom|Bulk Up|p2a: Breloom\n|-boost|p2a: Breloom|atk|1\n|-boost|p2a: Breloom|def|1\n|\n|-heal|p2a: Breloom|30\/100 tox|[from] ability: Poison Heal\n|upkeep\n|turn|15\n|\n|t:|1698939234\n|move|p1a: Persian-Alola|Body Press|p2a: Breloom\n|-supereffective|p2a: Breloom\n|-damage|p2a: Breloom|0 fnt\n|faint|p2a: Breloom\n|\n|upkeep\n|\n|t:|1698939241\n|switch|p2a: Chien-Pao|Calyrex-Ice|100\/100\n|-ability|p2a: Chien-Pao|Sword of Ruin\n|turn|16\n|\n|t:|1698939245\n|move|p1a: Persian-Alola|Body Press|p2a: Chien-Pao\n|-damage|p2a: Chien-Pao|72\/100\n|move|p2a: Chien-Pao|Agility|p2a: Chien-Pao\n|-boost|p2a: Chien-Pao|spe|2\n|\n|upkeep\n|turn|17\n|\n|t:|1698939251\n|move|p2a: Chien-Pao|High Horsepower|p1a: Persian-Alola\n|-supereffective|p1a: Persian-Alola\n|-damage|p1a: Persian-Alola|20\/100\n|-damage|p2a: Chien-Pao|62\/100|[from] item: Life Orb\n|move|p1a: Persian-Alola|Sludge Bomb|p2a: Chien-Pao\n|-damage|p2a: Chien-Pao|34\/100\n|\n|upkeep\n|turn|18\n|\n|t:|1698939273\n|switch|p1a: Slowking|Giratina|68\/100\n|move|p2a: Chien-Pao|High Horsepower|p1a: Slowking\n|-damage|p1a: Slowking|40\/100\n|-damage|p2a: Chien-Pao|24\/100|[from] item: Life Orb\n|\n|upkeep\n|turn|19\n|c|\u2606ILikeToTouchGrass|I wanted to fit hoopa-u but Idk what ability should it get\n|\n|t:|1698939282\n|switch|p1a: Persian-Alola|Arceus-Poison|20\/100\n|move|p2a: Chien-Pao|Glacial Lance|p1a: Persian-Alola\n|-damage|p1a: Persian-Alola|0 fnt\n|faint|p1a: Persian-Alola\n|-damage|p2a: Chien-Pao|14\/100|[from] item: Life Orb\n|\n|upkeep\n|c|\u2606Ataki|the mon\n|c|\u2606Ataki|probably miraidon's hadron engine\n|c|\u2606Ataki|ig beads also works\n|c|\u2606Ataki|but hoopau seems like a webs mon\n|c|\u2606Ataki|landorus's sheer force also works on hoopa\n|\n|t:|1698939351\n|switch|p1a: Slowking|Giratina|74\/100\n|turn|20\n|\n|t:|1698939358\n|switch|p1a: Basculegion-F|Mewtwo|100\/100\n|-ability|p1a: Basculegion-F|Mold Breaker\n|move|p2a: Chien-Pao|Glacial Lance|p1a: Basculegion-F\n|-damage|p1a: Basculegion-F|0 fnt\n|faint|p1a: Basculegion-F\n|-damage|p2a: Chien-Pao|4\/100|[from] item: Life Orb\n|\n|upkeep\n|\n|t:|1698939368\n|switch|p1a: Slaking|Koraidon|54\/100\n|-weather|SunnyDay|[from] ability: Orichalcum Pulse|[of] p1a: Slaking\n|-activate|p1a: Slaking|Orichalcum Pulse|[source]\n|turn|21\n|c|\u2606ILikeToTouchGrass|Man this is a threatening set\n|\n|t:|1698939374\n|move|p1a: Slaking|U-turn|p2a: Chien-Pao\n|-supereffective|p2a: Chien-Pao\n|-damage|p2a: Chien-Pao|0 fnt\n|faint|p2a: Chien-Pao\n|\n|t:|1698939386\n|switch|p1a: Slowking|Giratina|100\/100|[from] U-turn\n|\n|-weather|SunnyDay|[upkeep]\n|upkeep\n|\n|t:|1698939394\n|switch|p2a: Toxapex|Dialga|100\/100 brn\n|turn|22\n|\n|t:|1698939399\n|move|p2a: Toxapex|Flash Cannon|p1a: Slowking\n|-damage|p1a: Slowking|80\/100\n|move|p1a: Slowking|Hex|p2a: Toxapex\n|-crit|p2a: Toxapex\n|-damage|p2a: Toxapex|74\/100 brn\n|\n|-weather|SunnyDay|[upkeep]\n|-damage|p2a: Toxapex|68\/100 brn|[from] brn\n|upkeep\n|turn|23\n|\n|t:|1698939410\n|move|p2a: Toxapex|Draco Meteor|p1a: Slowking|[miss]\n|-miss|p2a: Toxapex|p1a: Slowking\n|move|p1a: Slowking|Hex|p2a: Toxapex\n|-damage|p2a: Toxapex|50\/100 brn\n|\n|-weather|SunnyDay|[upkeep]\n|-damage|p2a: Toxapex|44\/100 brn|[from] brn\n|upkeep\n|turn|24\n|\n|t:|1698939437\n|switch|p1a: Landorus|Flutter Mane|100\/100\n|move|p2a: Toxapex|Draco Meteor|p1a: Landorus\n|-immune|p1a: Landorus\n|\n|-weather|SunnyDay|[upkeep]\n|-damage|p2a: Toxapex|38\/100 brn|[from] brn\n|upkeep\n|turn|25\n|\n|t:|1698939463\n|move|p1a: Landorus|Moonblast|p2a: Toxapex\n|-damage|p2a: Toxapex|6\/100 brn\n|move|p2a: Toxapex|Draco Meteor|p1a: Landorus\n|-immune|p1a: Landorus\n|\n|-weather|none\n|-damage|p2a: Toxapex|0 fnt|[from] brn\n|faint|p2a: Toxapex\n|upkeep\n|\n|t:|1698939472\n|switch|p2a: Slowbro|Eternatus|100\/100\n|turn|26\n|c|\u2606ILikeToTouchGrass|I expected a switch for some reason\n|-message|ILikeToTouchGrass forfeited.\n|\n|win|Ataki\n|n|\u2606Ataki|ataki\n|n|\u2606ILikeToTouchGrass|iliketotouchgrass\n","uploadtime":1698939487,"views":11,"p1id":"ataki","p2id":"iliketotouchgrass","formatid":"gen9anythinggoes","rating":0,"private":0,"password":""}