{"id":"gen9anythinggoes-1979660023","p1":"hoenn militian","p2":"poodawoopa","format":"[Gen 9] Anything Goes","log":"|j|\u2606hoenn militian\n|j|\u203dpoodawoopa\n|t:|1698700788\n|gametype|singles\n|player|p1|hoenn militian|266|1754\n|player|p2|poodawoopa|102|1539\n|teamsize|p1|6\n|teamsize|p2|6\n|gen|9\n|tier|[Gen 9] Anything Goes\n|rated|\n|rule|HP Percentage Mod: HP is shown in percentages\n|rule|Endless Battle Clause: Forcing endless battles is banned\n|clearpoke\n|poke|p1|Miraidon|\n|poke|p1|Grimmsnarl, M|\n|poke|p1|Skeledirge, M|\n|poke|p1|Blissey, F|\n|poke|p1|Moltres|\n|poke|p1|Calyrex-Ice|\n|poke|p2|Clodsire, F|\n|poke|p2|Dragapult, M|\n|poke|p2|Zacian-*|\n|poke|p2|Cloyster, F|\n|poke|p2|Miraidon|\n|poke|p2|Donphan, M|\n|teampreview\n|\n|t:|1698700805\n|start\n|switch|p1a: Calyrex|Calyrex-Ice|100\/100\n|switch|p2a: Clodsire|Clodsire, F|100\/100\n|-ability|p1a: Calyrex|As One\n|-ability|p1a: Calyrex|Unnerve\n|turn|1\n|\n|t:|1698700823\n|move|p1a: Calyrex|Glacial Lance|p2a: Clodsire\n|-supereffective|p2a: Clodsire\n|-enditem|p2a: Clodsire|Focus Sash\n|-damage|p2a: Clodsire|1\/100\n|move|p2a: Clodsire|Gunk Shot|p1a: Calyrex\n|-damage|p1a: Calyrex|72\/100\n|\n|upkeep\n|turn|2\n|\n|t:|1698700832\n|move|p1a: Calyrex|Tera Blast|p2a: Clodsire\n|-damage|p2a: Clodsire|0 fnt\n|faint|p2a: Clodsire\n|-ability|p1a: Calyrex|Chilling Neigh|boost\n|-boost|p1a: Calyrex|atk|1\n|\n|upkeep\n|\n|t:|1698700837\n|switch|p2a: Zacian|Zacian-Crowned|100\/100\n|-ability|p2a: Zacian|Intrepid Sword|boost\n|-boost|p2a: Zacian|atk|1\n|turn|3\n|\n|t:|1698700845\n|switch|p1a: Skeledirge|Skeledirge, M|100\/100\n|move|p2a: Zacian|Behemoth Blade|p1a: Skeledirge\n|-resisted|p1a: Skeledirge\n|-damage|p1a: Skeledirge|84\/100\n|\n|upkeep\n|turn|4\n|\n|t:|1698700852\n|switch|p2a: Donphan|Donphan, M|100\/100\n|move|p1a: Skeledirge|Will-O-Wisp|p2a: Donphan\n|-status|p2a: Donphan|brn\n|\n|-damage|p2a: Donphan|94\/100 brn|[from] brn\n|upkeep\n|turn|5\n|\n|t:|1698700860\n|move|p2a: Donphan|Earthquake|p1a: Skeledirge\n|-supereffective|p1a: Skeledirge\n|-damage|p1a: Skeledirge|54\/100\n|move|p1a: Skeledirge|Torch Song|p2a: Donphan\n|-damage|p2a: Donphan|45\/100 brn\n|-boost|p1a: Skeledirge|spa|1\n|\n|-damage|p2a: Donphan|39\/100 brn|[from] brn\n|upkeep\n|turn|6\n|\n|t:|1698700868\n|move|p2a: Donphan|Fissure|p1a: Skeledirge|[miss]\n|-miss|p2a: Donphan|p1a: Skeledirge\n|move|p1a: Skeledirge|Slack Off|p1a: Skeledirge\n|-heal|p1a: Skeledirge|100\/100\n|\n|-damage|p2a: Donphan|32\/100 brn|[from] brn\n|upkeep\n|turn|7\n|\n|t:|1698700875\n|switch|p1a: Moltres|Moltres|100\/100\n|move|p2a: Donphan|Fissure|p1a: Moltres\n|-immune|p1a: Moltres\n|\n|-damage|p2a: Donphan|26\/100 brn|[from] brn\n|upkeep\n|turn|8\n|\n|t:|1698700884\n|move|p2a: Donphan|Rapid Spin|p1a: Moltres\n|-damage|p1a: Moltres|95\/100\n|-boost|p2a: Donphan|spe|1\n|move|p1a: Moltres|Burning Jealousy|p2a: Donphan\n|-damage|p2a: Donphan|0 fnt\n|faint|p2a: Donphan\n|\n|upkeep\n|\n|t:|1698700887\n|switch|p2a: Miraidon|Miraidon|100\/100\n|-fieldstart|move: Electric Terrain|[from] ability: Hadron Engine|[of] p2a: Miraidon\n|turn|9\n|\n|t:|1698700895\n|switch|p1a: Blissey|Blissey, F|100\/100\n|-terastallize|p2a: Miraidon|Electric\n|move|p2a: Miraidon|Electro Drift|p1a: Blissey\n|-damage|p1a: Blissey|67\/100\n|\n|upkeep\n|turn|10\n|\n|t:|1698700905\n|move|p2a: Miraidon|Electro Drift|p1a: Blissey\n|-damage|p1a: Blissey|33\/100\n|move|p1a: Blissey|Stealth Rock|p2a: Miraidon\n|-sidestart|p2: poodawoopa|move: Stealth Rock\n|\n|upkeep\n|turn|11\n|\n|t:|1698700913\n|-terastallize|p1a: Blissey|Ground\n|move|p2a: Miraidon|Electro Drift|p1a: Blissey\n|-immune|p1a: Blissey\n|move|p1a: Blissey|Soft-Boiled|p1a: Blissey\n|-heal|p1a: Blissey|83\/100\n|\n|upkeep\n|turn|12\n|\n|t:|1698700923\n|switch|p1a: Miraidon|Miraidon|100\/100\n|-activate|p1a: Miraidon|ability: Hadron Engine\n|move|p2a: Miraidon|Calm Mind|p2a: Miraidon\n|-boost|p2a: Miraidon|spa|1\n|-boost|p2a: Miraidon|spd|1\n|\n|upkeep\n|turn|13\n|\n|t:|1698700936\n|move|p1a: Miraidon|Dragon Pulse|p2a: Miraidon\n|-damage|p2a: Miraidon|64\/100\n|move|p2a: Miraidon|Dragon Pulse|p1a: Miraidon\n|-supereffective|p1a: Miraidon\n|-damage|p1a: Miraidon|0 fnt\n|faint|p1a: Miraidon\n|\n|-fieldend|move: Electric Terrain\n|upkeep\n|\n|t:|1698700944\n|switch|p1a: Blissey|Blissey, F, tera:Ground|83\/100\n|turn|14\n|\n|t:|1698700947\n|move|p2a: Miraidon|Calm Mind|p2a: Miraidon\n|-boost|p2a: Miraidon|spa|1\n|-boost|p2a: Miraidon|spd|1\n|move|p1a: Blissey|Seismic Toss|p2a: Miraidon\n|-damage|p2a: Miraidon|34\/100\n|\n|upkeep\n|turn|15\n|\n|t:|1698700956\n|move|p2a: Miraidon|Dragon Pulse|p1a: Blissey\n|-damage|p1a: Blissey|56\/100\n|move|p1a: Blissey|Seismic Toss|p2a: Miraidon\n|-damage|p2a: Miraidon|5\/100\n|\n|upkeep\n|turn|16\n|\n|t:|1698700963\n|move|p2a: Miraidon|Dragon Pulse|p1a: Blissey\n|-damage|p1a: Blissey|29\/100\n|move|p1a: Blissey|Seismic Toss|p2a: Miraidon\n|-damage|p2a: Miraidon|0 fnt\n|faint|p2a: Miraidon\n|\n|upkeep\n|\n|t:|1698700966\n|switch|p2a: Dragapult|Dragapult, M|100\/100\n|-damage|p2a: Dragapult|88\/100|[from] Stealth Rock\n|turn|17\n|\n|t:|1698700973\n|switch|p1a: Moltres|Moltres|95\/100\n|move|p2a: Dragapult|Dragon Dance|p2a: Dragapult\n|-boost|p2a: Dragapult|atk|1\n|-boost|p2a: Dragapult|spe|1\n|\n|upkeep\n|turn|18\n|\n|t:|1698700979\n|move|p2a: Dragapult|Dragon Darts|p1a: Moltres\n|-damage|p1a: Moltres|68\/100\n|-anim|p2a: Dragapult|Dragon Darts|p1a: Moltres\n|-crit|p1a: Moltres\n|-damage|p1a: Moltres|31\/100\n|move|p1a: Moltres|Will-O-Wisp|p2a: Dragapult\n|-status|p2a: Dragapult|brn\n|\n|-damage|p2a: Dragapult|82\/100 brn|[from] brn\n|upkeep\n|turn|19\n|\n|t:|1698700989\n|switch|p1a: Grimmsnarl|Grimmsnarl, M|100\/100\n|move|p2a: Dragapult|Dragon Dance|p2a: Dragapult\n|-boost|p2a: Dragapult|atk|1\n|-boost|p2a: Dragapult|spe|1\n|\n|-damage|p2a: Dragapult|76\/100 brn|[from] brn\n|upkeep\n|turn|20\n|\n|t:|1698701000\n|move|p2a: Dragapult|Dragon Dance|p2a: Dragapult\n|-boost|p2a: Dragapult|atk|1\n|-boost|p2a: Dragapult|spe|1\n|move|p1a: Grimmsnarl|Foul Play|p2a: Dragapult\n|-supereffective|p2a: Dragapult\n|-damage|p2a: Dragapult|0 fnt\n|faint|p2a: Dragapult\n|\n|upkeep\n|\n|t:|1698701004\n|switch|p2a: Zacian|Zacian-Crowned|100\/100\n|-damage|p2a: Zacian|94\/100|[from] Stealth Rock\n|turn|21\n|\n|t:|1698701011\n|move|p1a: Grimmsnarl|Parting Shot|p2a: Zacian\n|-unboost|p2a: Zacian|atk|1\n|-unboost|p2a: Zacian|spa|1\n|-message|poodawoopa forfeited.\n|\n|win|hoenn militian\n|raw|hoenn militian's rating: 1754 &rarr; <strong>1763<\/strong><br \/>(+9 for winning)\n|raw|poodawoopa's rating: 1539 &rarr; <strong>1530<\/strong><br \/>(-9 for losing)\n|l|\u203dpoodawoopa\n","uploadtime":1698701038,"views":9,"p1id":"hoennmilitian","p2id":"poodawoopa","formatid":"gen9anythinggoes","rating":1530,"private":0,"password":""}