{"id":"gen9anythinggoes-1978484613","p1":"YoungsterJoey_LOL","p2":"Zman145","format":"[Gen 9] Anything Goes","log":"|j|\u2606YoungsterJoey_LOL\n|j|\u2606Zman145\n|t:|1698544991\n|gametype|singles\n|player|p1|YoungsterJoey_LOL|blue|1140\n|player|p2|Zman145|pokekid|1098\n|teamsize|p1|6\n|teamsize|p2|6\n|gen|9\n|tier|[Gen 9] Anything Goes\n|rated|\n|rule|HP Percentage Mod: HP is shown in percentages\n|rule|Endless Battle Clause: Forcing endless battles is banned\n|clearpoke\n|poke|p1|Gliscor, F|\n|poke|p1|Quaquaval, M|\n|poke|p1|Espathra, F|\n|poke|p1|Drifblim, M|\n|poke|p1|Zacian-*|\n|poke|p1|Poliwrath, F|\n|poke|p2|Muk, M|\n|poke|p2|Hattrem, F|\n|poke|p2|Jolteon, F|\n|poke|p2|Passimian, M|\n|poke|p2|Sandaconda, F|\n|poke|p2|Typhlosion, M|\n|teampreview\n|inactive|Battle timer is ON: inactive players will automatically lose when time's up. (requested by YoungsterJoey_LOL)\n|\n|t:|1698544996\n|start\n|switch|p1a: Espathra|Espathra, F, shiny|100\/100\n|switch|p2a: Jolteon|Jolteon, F, shiny|100\/100\n|turn|1\n|\n|t:|1698545002\n|move|p2a: Jolteon|Thunder Wave|p1a: Espathra\n|-status|p1a: Espathra|par\n|move|p1a: Espathra|Calm Mind|p1a: Espathra\n|-boost|p1a: Espathra|spa|1\n|-boost|p1a: Espathra|spd|1\n|\n|-ability|p1a: Espathra|Speed Boost|boost\n|-boost|p1a: Espathra|spe|1\n|upkeep\n|turn|2\n|\n|t:|1698545009\n|move|p2a: Jolteon|Calm Mind|p2a: Jolteon\n|-boost|p2a: Jolteon|spa|1\n|-boost|p2a: Jolteon|spd|1\n|move|p1a: Espathra|Calm Mind|p1a: Espathra\n|-boost|p1a: Espathra|spa|1\n|-boost|p1a: Espathra|spd|1\n|\n|-ability|p1a: Espathra|Speed Boost|boost\n|-boost|p1a: Espathra|spe|1\n|upkeep\n|turn|3\n|\n|t:|1698545016\n|move|p2a: Jolteon|Calm Mind|p2a: Jolteon\n|-boost|p2a: Jolteon|spa|1\n|-boost|p2a: Jolteon|spd|1\n|move|p1a: Espathra|Calm Mind|p1a: Espathra\n|-boost|p1a: Espathra|spa|1\n|-boost|p1a: Espathra|spd|1\n|\n|-ability|p1a: Espathra|Speed Boost|boost\n|-boost|p1a: Espathra|spe|1\n|upkeep\n|turn|4\n|\n|t:|1698545026\n|move|p2a: Jolteon|Discharge|p1a: Espathra\n|-damage|p1a: Espathra|58\/100 par\n|cant|p1a: Espathra|par\n|\n|-ability|p1a: Espathra|Speed Boost|boost\n|-boost|p1a: Espathra|spe|1\n|upkeep\n|turn|5\n|\n|t:|1698545033\n|move|p1a: Espathra|Baton Pass|p1a: Espathra\n|\n|t:|1698545038\n|switch|p1a: Gliscor|Gliscor, F, shiny|100\/100|[from] Baton Pass\n|move|p2a: Jolteon|Thunderbolt|p1a: Gliscor\n|-immune|p1a: Gliscor\n|\n|-status|p1a: Gliscor|tox|[from] item: Toxic Orb\n|upkeep\n|turn|6\n|\n|t:|1698545050\n|switch|p2a: Hattrem|Hattrem, F, shiny|100\/100\n|move|p1a: Gliscor|Knock Off|p2a: Hattrem\n|-supereffective|p2a: Hattrem\n|-damage|p2a: Hattrem|14\/100\n|-enditem|p2a: Hattrem|Metronome|[from] move: Knock Off|[of] p1a: Gliscor\n|\n|upkeep\n|turn|7\n|\n|t:|1698545058\n|move|p1a: Gliscor|Facade|p2a: Hattrem\n|-damage|p2a: Hattrem|0 fnt\n|faint|p2a: Hattrem\n|\n|upkeep\n|\n|t:|1698545064\n|switch|p2a: Sandaconda|Sandaconda, F, shiny|100\/100\n|turn|8\n|\n|t:|1698545071\n|move|p1a: Gliscor|Toxic Spikes|p2a: Sandaconda\n|-sidestart|p2: Zman145|move: Toxic Spikes\n|move|p2a: Sandaconda|Stealth Rock|p1a: Gliscor\n|-sidestart|p1: YoungsterJoey_LOL|move: Stealth Rock\n|\n|upkeep\n|turn|9\n|\n|t:|1698545076\n|move|p1a: Gliscor|Toxic Spikes|p2a: Sandaconda\n|-sidestart|p2: Zman145|move: Toxic Spikes\n|move|p2a: Sandaconda|Stealth Rock||[still]\n|-fail|p2a: Sandaconda\n|\n|upkeep\n|turn|10\n|\n|t:|1698545083\n|move|p1a: Gliscor|Knock Off|p2a: Sandaconda\n|-damage|p2a: Sandaconda|84\/100\n|-enditem|p2a: Sandaconda|Smooth Rock|[from] move: Knock Off|[of] p1a: Gliscor\n|move|p2a: Sandaconda|Sandstorm|p2a: Sandaconda\n|-weather|Sandstorm\n|\n|-weather|Sandstorm|[upkeep]\n|upkeep\n|turn|11\n|\n|t:|1698545091\n|move|p1a: Gliscor|Facade|p2a: Sandaconda|[miss]\n|-miss|p1a: Gliscor|p2a: Sandaconda\n|move|p2a: Sandaconda|Earthquake|p1a: Gliscor\n|-immune|p1a: Gliscor\n|\n|-weather|Sandstorm|[upkeep]\n|upkeep\n|turn|12\n|\n|t:|1698545099\n|move|p1a: Gliscor|Baton Pass|p1a: Gliscor\n|\n|t:|1698545101\n|switch|p1a: Drifblim|Drifblim, M, shiny|100\/100|[from] Baton Pass\n|move|p2a: Sandaconda|Glare|p1a: Drifblim\n|-status|p1a: Drifblim|par\n|\n|-weather|Sandstorm|[upkeep]\n|-damage|p1a: Drifblim|94\/100 par|[from] Sandstorm\n|upkeep\n|turn|13\n|\n|t:|1698545116\n|switch|p2a: Typhlosion|Typhlosion, M, shiny|100\/100\n|-status|p2a: Typhlosion|tox\n|move|p1a: Drifblim|Minimize|p1a: Drifblim\n|-boost|p1a: Drifblim|evasion|2\n|\n|-weather|Sandstorm|[upkeep]\n|-damage|p1a: Drifblim|88\/100 par|[from] Sandstorm\n|-damage|p2a: Typhlosion|94\/100 tox|[from] Sandstorm\n|-damage|p2a: Typhlosion|88\/100 tox|[from] psn\n|upkeep\n|turn|14\n|\n|t:|1698545126\n|move|p1a: Drifblim|Minimize|p1a: Drifblim\n|-boost|p1a: Drifblim|evasion|2\n|move|p2a: Typhlosion|Flame Charge|p1a: Drifblim|[miss]\n|-miss|p2a: Typhlosion|p1a: Drifblim\n|\n|-weather|none\n|-damage|p2a: Typhlosion|76\/100 tox|[from] psn\n|upkeep\n|turn|15\n|\n|t:|1698545134\n|move|p1a: Drifblim|Minimize|p1a: Drifblim\n|-boost|p1a: Drifblim|evasion|2\n|move|p2a: Typhlosion|Defense Curl|p2a: Typhlosion\n|-boost|p2a: Typhlosion|def|1\n|\n|-damage|p2a: Typhlosion|58\/100 tox|[from] psn\n|upkeep\n|turn|16\n|\n|t:|1698545143\n|move|p1a: Drifblim|Strength Sap|p2a: Typhlosion\n|-unboost|p2a: Typhlosion|atk|1\n|-heal|p1a: Drifblim|100\/100 par\n|move|p2a: Typhlosion|Sunny Day|p2a: Typhlosion\n|-weather|SunnyDay\n|\n|-weather|SunnyDay|[upkeep]\n|-damage|p2a: Typhlosion|33\/100 tox|[from] psn\n|upkeep\n|turn|17\n|\n|t:|1698545153\n|cant|p1a: Drifblim|par\n|move|p2a: Typhlosion|Defense Curl|p2a: Typhlosion\n|-boost|p2a: Typhlosion|def|1\n|\n|-weather|SunnyDay|[upkeep]\n|-damage|p2a: Typhlosion|2\/100 tox|[from] psn\n|upkeep\n|turn|18\n|\n|t:|1698545159\n|move|p1a: Drifblim|Baton Pass|p1a: Drifblim\n|\n|t:|1698545163\n|switch|p1a: Poliwrath|Poliwrath, F, shiny|100\/100|[from] Baton Pass\n|-damage|p1a: Poliwrath|94\/100|[from] Stealth Rock\n|move|p2a: Typhlosion|Flame Charge|p1a: Poliwrath\n|-resisted|p1a: Poliwrath\n|-crit|p1a: Poliwrath\n|-damage|p1a: Poliwrath|75\/100\n|-boost|p2a: Typhlosion|spe|1\n|\n|-weather|SunnyDay|[upkeep]\n|-heal|p1a: Poliwrath|81\/100|[from] item: Leftovers\n|-damage|p2a: Typhlosion|0 fnt|[from] psn\n|faint|p2a: Typhlosion\n|upkeep\n|\n|t:|1698545167\n|switch|p2a: Muk|Muk, M, shiny|100\/100\n|-sideend|p2: Zman145|move: Toxic Spikes|[of] p2a: Muk\n|turn|19\n|\n|t:|1698545178\n|move|p1a: Poliwrath|Belly Drum|p1a: Poliwrath\n|-damage|p1a: Poliwrath|31\/100\n|-setboost|p1a: Poliwrath|atk|6|[from] move: Belly Drum\n|move|p2a: Muk|Toxic|p1a: Poliwrath\n|-status|p1a: Poliwrath|tox\n|\n|-weather|SunnyDay|[upkeep]\n|-heal|p1a: Poliwrath|37\/100 tox|[from] item: Leftovers\n|-damage|p1a: Poliwrath|31\/100 tox|[from] psn\n|upkeep\n|turn|20\n|\n|t:|1698545187\n|move|p1a: Poliwrath|Baton Pass|p1a: Poliwrath\n|\n|t:|1698545190\n|switch|p1a: Quaquaval|Quaquaval, M, shiny|100\/100|[from] Baton Pass\n|-damage|p1a: Quaquaval|94\/100|[from] Stealth Rock\n|move|p2a: Muk|Toxic Spikes|p1a: Quaquaval\n|-sidestart|p1: YoungsterJoey_LOL|move: Toxic Spikes\n|\n|-weather|SunnyDay|[upkeep]\n|upkeep\n|turn|21\n|c|\u2606YoungsterJoey_LOL|Sweep time\n|\n|t:|1698545198\n|move|p1a: Quaquaval|Aqua Step|p2a: Muk\n|-damage|p2a: Muk|18\/100\n|-boost|p1a: Quaquaval|spe|1\n|move|p2a: Muk|Toxic Spikes|p1a: Quaquaval\n|-sidestart|p1: YoungsterJoey_LOL|move: Toxic Spikes\n|\n|-weather|SunnyDay|[upkeep]\n|-heal|p2a: Muk|24\/100|[from] item: Black Sludge\n|upkeep\n|turn|22\n|\n|t:|1698545206\n|move|p1a: Quaquaval|Aqua Step|p2a: Muk\n|-damage|p2a: Muk|0 fnt\n|-boost|p1a: Quaquaval|spe|1\n|faint|p2a: Muk\n|\n|-weather|SunnyDay|[upkeep]\n|upkeep\n|\n|t:|1698545211\n|switch|p2a: Passimian|Passimian, M|100\/100\n|turn|23\n|\n|t:|1698545220\n|move|p1a: Quaquaval|Aqua Step|p2a: Passimian\n|-damage|p2a: Passimian|25\/100\n|move|p2a: Passimian|Drain Punch|p1a: Quaquaval|[miss]\n|-miss|p2a: Passimian|p1a: Quaquaval\n|\n|-weather|none\n|-heal|p2a: Passimian|32\/100|[from] item: Leftovers\n|upkeep\n|turn|24\n|\n|t:|1698545228\n|move|p1a: Quaquaval|Aqua Step|p2a: Passimian\n|-damage|p2a: Passimian|0 fnt\n|faint|p2a: Passimian\n|\n|upkeep\n|\n|t:|1698545231\n|switch|p2a: Sandaconda|Sandaconda, F, shiny|84\/100\n|turn|25\n|\n|t:|1698545242\n|move|p1a: Quaquaval|Aqua Step|p2a: Sandaconda\n|-supereffective|p2a: Sandaconda\n|-damage|p2a: Sandaconda|0 fnt\n|faint|p2a: Sandaconda\n|\n|upkeep\n|\n|t:|1698545244\n|switch|p2a: Jolteon|Jolteon, F, shiny|100\/100\n|turn|26\n|\n|t:|1698545248\n|move|p1a: Quaquaval|Aqua Step|p2a: Jolteon\n|-damage|p2a: Jolteon|0 fnt\n|faint|p2a: Jolteon\n|\n|win|YoungsterJoey_LOL\n|raw|YoungsterJoey_LOL's rating: 1140 &rarr; <strong>1162<\/strong><br \/>(+22 for winning)\n|raw|Zman145's rating: 1098 &rarr; <strong>1076<\/strong><br \/>(-22 for losing)\n","uploadtime":1698545254,"views":7,"p1id":"youngsterjoeylol","p2id":"zman145","formatid":"gen9anythinggoes","rating":1076,"private":0,"password":""}