{"id":"gen9anythinggoes-1999913558","p1":"Majinleak2Nicee","p2":"coodie","format":"[Gen 9] Anything Goes","log":"|j|\u2606Majinleak2Nicee\n|j|\u2606coodie\n|t:|1701129403\n|gametype|singles\n|player|p1|Majinleak2Nicee|red|1243\n|player|p2|coodie|fisherman-gen4|1148\n|teamsize|p1|6\n|teamsize|p2|6\n|gen|9\n|tier|[Gen 9] Anything Goes\n|rated|\n|rule|HP Percentage Mod: HP is shown in percentages\n|rule|Endless Battle Clause: Forcing endless battles is banned\n|clearpoke\n|poke|p1|Shaymin-Sky|\n|poke|p1|Urshifu-*, M|\n|poke|p1|Dragonite, F|\n|poke|p1|Chi-Yu|\n|poke|p1|Grimmsnarl, M|\n|poke|p1|Regieleki|\n|poke|p2|Vivillon-Pokeball, M|\n|poke|p2|Toxicroak, F|\n|poke|p2|Clefable, M|\n|poke|p2|Drifblim, M|\n|poke|p2|Pyroar, F|\n|poke|p2|Espeon, M|\n|teampreview\n|\n|t:|1701129411\n|start\n|switch|p1a: kevin|Regieleki|100\/100\n|switch|p2a: Drifblim|Drifblim, M|100\/100\n|turn|1\n|\n|t:|1701129419\n|move|p1a: kevin|Thunderbolt|p2a: Drifblim\n|-supereffective|p2a: Drifblim\n|-damage|p2a: Drifblim|31\/100\n|move|p2a: Drifblim|Minimize|p2a: Drifblim\n|-boost|p2a: Drifblim|evasion|2\n|\n|-heal|p2a: Drifblim|37\/100|[from] item: Leftovers\n|upkeep\n|turn|2\n|\n|t:|1701129424\n|move|p1a: kevin|Thunderbolt|p2a: Drifblim\n|-supereffective|p2a: Drifblim\n|-damage|p2a: Drifblim|0 fnt\n|faint|p2a: Drifblim\n|\n|upkeep\n|\n|t:|1701129433\n|switch|p2a: Vivillon|Vivillon-Pokeball, M|100\/100\n|turn|3\n|\n|t:|1701129436\n|move|p1a: kevin|Thunderbolt|p2a: Vivillon\n|-supereffective|p2a: Vivillon\n|-damage|p2a: Vivillon|0 fnt\n|faint|p2a: Vivillon\n|\n|upkeep\n|n|!coodie|coodie\n|\n|t:|1701129467\n|switch|p2a: Espeon|Espeon, M|100\/100\n|turn|4\n|\n|t:|1701129471\n|-terastallize|p2a: Espeon|Psychic\n|move|p1a: kevin|Volt Switch|p2a: Espeon\n|-damage|p2a: Espeon|74\/100\n|\n|t:|1701129480\n|switch|p1a: hunter|Grimmsnarl, M, shiny|100\/100|[from] Volt Switch\n|move|p2a: Espeon|Draining Kiss|p1a: hunter\n|-supereffective|p1a: hunter\n|-damage|p1a: hunter|71\/100\n|-heal|p2a: Espeon|100\/100|[from] drain|[of] p1a: hunter\n|\n|-heal|p1a: hunter|77\/100|[from] item: Leftovers\n|upkeep\n|turn|5\n|\n|t:|1701129486\n|move|p1a: hunter|Fake Out|p2a: Espeon\n|-damage|p2a: Espeon|79\/100\n|cant|p2a: Espeon|flinch\n|\n|-heal|p1a: hunter|83\/100|[from] item: Leftovers\n|upkeep\n|turn|6\n|\n|t:|1701129510\n|switch|p2a: Clefable|Clefable, M|100\/100\n|move|p1a: hunter|Parting Shot|p2a: Clefable\n|-unboost|p2a: Clefable|atk|1\n|-unboost|p2a: Clefable|spa|1\n|\n|t:|1701129515\n|switch|p1a: chuck|Urshifu-Rapid-Strike, M|100\/100|[from] Parting Shot\n|\n|upkeep\n|turn|7\n|\n|t:|1701129520\n|move|p1a: chuck|Poison Jab|p2a: Clefable\n|-supereffective|p2a: Clefable\n|-damage|p2a: Clefable|42\/100\n|-status|p2a: Clefable|psn\n|-damage|p1a: chuck|91\/100|[from] item: Life Orb\n|move|p2a: Clefable|Calm Mind|p2a: Clefable\n|-boost|p2a: Clefable|spa|1\n|-boost|p2a: Clefable|spd|1\n|\n|-damage|p2a: Clefable|30\/100 psn|[from] psn\n|upkeep\n|turn|8\n|-message|coodie forfeited.\n|\n|win|Majinleak2Nicee\n|raw|Majinleak2Nicee's rating: 1243 &rarr; <strong>1261<\/strong><br \/>(+18 for winning)\n|raw|coodie's rating: 1148 &rarr; <strong>1130<\/strong><br \/>(-18 for losing)\n|l|!coodie\n","uploadtime":1701129444,"views":0,"p1id":"majinleak2nicee","p2id":"coodie","formatid":"gen9anythinggoes","rating":1130,"private":0,"password":""}