{"id":"gen9anythinggoes-1973903287","p1":"poulpws","p2":"PKMNMasterBaylee","format":"[Gen 9] Anything Goes","log":"|j|\u2606poulpws\n|j|\u2606PKMNMasterBaylee\n|t:|1698026282\n|gametype|singles\n|player|p1|poulpws|janitor|1191\n|player|p2|PKMNMasterBaylee|wattson|1192\n|teamsize|p1|6\n|teamsize|p2|6\n|gen|9\n|tier|[Gen 9] Anything Goes\n|rated|\n|rule|HP Percentage Mod: HP is shown in percentages\n|rule|Endless Battle Clause: Forcing endless battles is banned\n|clearpoke\n|poke|p1|Basculegion, M|\n|poke|p1|Pelipper, M|\n|poke|p1|Gastrodon, F|\n|poke|p1|Overqwil, F|\n|poke|p1|Flutter Mane|\n|poke|p1|Goodra, F|\n|poke|p2|Gliscor, F|\n|poke|p2|Quaquaval, M|\n|poke|p2|Iron Moth|\n|poke|p2|Blissey, F|\n|poke|p2|Ribombee, M|\n|poke|p2|Regieleki|\n|teampreview\n|inactive|Battle timer is ON: inactive players will automatically lose when time's up. (requested by PKMNMasterBaylee)\n|\n|t:|1698026287\n|start\n|switch|p1a: Pelipper|Pelipper, M|100\/100\n|switch|p2a: Gliscor|Gliscor, F|100\/100\n|-weather|RainDance|[from] ability: Drizzle|[of] p1a: Pelipper\n|turn|1\n|\n|t:|1698026297\n|move|p2a: Gliscor|Swords Dance|p2a: Gliscor\n|-boost|p2a: Gliscor|atk|2\n|move|p1a: Pelipper|Weather Ball|p2a: Gliscor\n|-supereffective|p2a: Gliscor\n|-damage|p2a: Gliscor|0 fnt\n|faint|p2a: Gliscor\n|\n|-weather|RainDance|[upkeep]\n|upkeep\n|\n|t:|1698026305\n|switch|p2a: Regieleki|Regieleki|100\/100\n|turn|2\n|\n|t:|1698026314\n|switch|p1a: Gastrodon|Gastrodon, F|100\/100\n|move|p2a: Regieleki|Thunderbolt|p1a: Gastrodon\n|-immune|p1a: Gastrodon\n|\n|-weather|RainDance|[upkeep]\n|upkeep\n|turn|3\n|\n|t:|1698026324\n|switch|p2a: Blissey|Blissey, F|100\/100\n|move|p1a: Gastrodon|Spikes|p2a: Blissey\n|-sidestart|p2: PKMNMasterBaylee|Spikes\n|\n|-weather|RainDance|[upkeep]\n|upkeep\n|turn|4\n|\n|t:|1698026334\n|move|p2a: Blissey|Seismic Toss|p1a: Gastrodon\n|-damage|p1a: Gastrodon|77\/100\n|move|p1a: Gastrodon|Spikes|p2a: Blissey\n|-sidestart|p2: PKMNMasterBaylee|Spikes\n|\n|-weather|RainDance|[upkeep]\n|-heal|p1a: Gastrodon|83\/100|[from] item: Leftovers\n|upkeep\n|turn|5\n|\n|t:|1698026343\n|move|p2a: Blissey|Seismic Toss|p1a: Gastrodon\n|-damage|p1a: Gastrodon|60\/100\n|move|p1a: Gastrodon|Spikes|p2a: Blissey\n|-sidestart|p2: PKMNMasterBaylee|Spikes\n|\n|-weather|RainDance|[upkeep]\n|-heal|p1a: Gastrodon|66\/100|[from] item: Leftovers\n|upkeep\n|turn|6\n|\n|t:|1698026352\n|move|p2a: Blissey|Seismic Toss|p1a: Gastrodon\n|-damage|p1a: Gastrodon|42\/100\n|move|p1a: Gastrodon|Recover|p1a: Gastrodon\n|-heal|p1a: Gastrodon|92\/100\n|\n|-weather|RainDance|[upkeep]\n|-heal|p1a: Gastrodon|98\/100|[from] item: Leftovers\n|upkeep\n|turn|7\n|\n|t:|1698026365\n|switch|p1a: Overqwil|Overqwil, F|100\/100\n|move|p2a: Blissey|Seismic Toss|p1a: Overqwil\n|-damage|p1a: Overqwil|68\/100\n|\n|-weather|RainDance|[upkeep]\n|upkeep\n|turn|8\n|\n|t:|1698026373\n|move|p1a: Overqwil|Gunk Shot|p2a: Blissey\n|-damage|p2a: Blissey|0 fnt\n|faint|p2a: Blissey\n|\n|-weather|none\n|upkeep\n|\n|t:|1698026380\n|switch|p2a: Quaquaval|Quaquaval, M|100\/100\n|-damage|p2a: Quaquaval|75\/100|[from] Spikes\n|turn|9\n|\n|t:|1698026387\n|switch|p1a: Pelipper|Pelipper, M|100\/100\n|-weather|RainDance|[from] ability: Drizzle|[of] p1a: Pelipper\n|move|p2a: Quaquaval|Aqua Step|p1a: Pelipper\n|-resisted|p1a: Pelipper\n|-damage|p1a: Pelipper|72\/100\n|-boost|p2a: Quaquaval|spe|1\n|\n|-weather|RainDance|[upkeep]\n|upkeep\n|turn|10\n|\n|t:|1698026416\n|move|p2a: Quaquaval|Ice Spinner|p1a: Pelipper\n|-damage|p1a: Pelipper|49\/100\n|move|p1a: Pelipper|Hurricane|p2a: Quaquaval\n|-supereffective|p2a: Quaquaval\n|-damage|p2a: Quaquaval|0 fnt\n|faint|p2a: Quaquaval\n|\n|-weather|RainDance|[upkeep]\n|upkeep\n|\n|t:|1698026428\n|switch|p2a: Ribombee|Ribombee, M|100\/100\n|turn|11\n|\n|t:|1698026436\n|move|p2a: Ribombee|Quiver Dance|p2a: Ribombee\n|-boost|p2a: Ribombee|spa|1\n|-boost|p2a: Ribombee|spd|1\n|-boost|p2a: Ribombee|spe|1\n|move|p1a: Pelipper|Hurricane|p2a: Ribombee\n|-supereffective|p2a: Ribombee\n|-damage|p2a: Ribombee|8\/100\n|\n|-weather|RainDance|[upkeep]\n|upkeep\n|turn|12\n|\n|t:|1698026450\n|switch|p1a: Overqwil|Overqwil, F|68\/100\n|move|p2a: Ribombee|Moonblast|p1a: Overqwil\n|-damage|p1a: Overqwil|0 fnt\n|faint|p1a: Overqwil\n|\n|-weather|RainDance|[upkeep]\n|upkeep\n|\n|t:|1698026459\n|switch|p1a: Flutter Mane|Flutter Mane|100\/100\n|turn|13\n|\n|t:|1698026468\n|move|p2a: Ribombee|Moonblast|p1a: Flutter Mane\n|-damage|p1a: Flutter Mane|37\/100\n|move|p1a: Flutter Mane|Moonblast|p2a: Ribombee\n|-damage|p2a: Ribombee|0 fnt\n|faint|p2a: Ribombee\n|\n|-weather|RainDance|[upkeep]\n|upkeep\n|\n|t:|1698026475\n|switch|p2a: Regieleki|Regieleki|100\/100\n|-damage|p2a: Regieleki|76\/100|[from] Spikes\n|turn|14\n|\n|t:|1698026496\n|-terastallize|p2a: Regieleki|Psychic\n|move|p2a: Regieleki|Tera Blast|p1a: Flutter Mane|[anim] Tera Blast Psychic\n|-crit|p1a: Flutter Mane\n|-damage|p1a: Flutter Mane|0 fnt\n|faint|p1a: Flutter Mane\n|-end|p1a: Flutter Mane|Protosynthesis|[silent]\n|\n|-weather|RainDance|[upkeep]\n|upkeep\n|\n|t:|1698026506\n|switch|p1a: Goodra|Goodra, F|100\/100\n|turn|15\n|\n|t:|1698026512\n|move|p2a: Regieleki|Tera Blast|p1a: Goodra|[anim] Tera Blast Psychic\n|-damage|p1a: Goodra|81\/100\n|move|p1a: Goodra|Hydro Pump|p2a: Regieleki\n|-damage|p2a: Regieleki|0 fnt\n|faint|p2a: Regieleki\n|\n|-weather|RainDance|[upkeep]\n|-heal|p1a: Goodra|87\/100|[from] item: Leftovers\n|upkeep\n|\n|t:|1698026518\n|switch|p2a: Iron Moth|Iron Moth|100\/100\n|-damage|p2a: Iron Moth|76\/100|[from] Spikes\n|turn|16\n|\n|t:|1698026527\n|move|p2a: Iron Moth|Fiery Dance|p1a: Goodra\n|-resisted|p1a: Goodra\n|-damage|p1a: Goodra|80\/100\n|-boost|p2a: Iron Moth|spa|1\n|move|p1a: Goodra|Hydro Pump|p2a: Iron Moth\n|-supereffective|p2a: Iron Moth\n|-damage|p2a: Iron Moth|0 fnt\n|faint|p2a: Iron Moth\n|-end|p2a: Iron Moth|Quark Drive|[silent]\n|\n|win|poulpws\n|raw|poulpws's rating: 1191 &rarr; <strong>1216<\/strong><br \/>(+25 for winning)\n|raw|PKMNMasterBaylee's rating: 1192 &rarr; <strong>1167<\/strong><br \/>(-25 for losing)\n|c|\u2606PKMNMasterBaylee|Gg\n|l|\u2606PKMNMasterBaylee\n","uploadtime":1698026546,"views":11,"p1id":"poulpws","p2id":"pkmnmasterbaylee","formatid":"gen9anythinggoes","rating":1167,"private":0,"password":""}