{"id":"gen9anythinggoes-1980091324","p1":"Lostmyacc72","p2":"11223344556677889C","format":"[Gen 9] Anything Goes","log":"|j|\u2606Lostmyacc72\n|j|\u260611223344556677889C\n|t:|1698756340\n|gametype|singles\n|player|p1|Lostmyacc72|giovanni|\n|player|p2|11223344556677889C|265|\n|teamsize|p1|6\n|teamsize|p2|6\n|gen|9\n|tier|[Gen 9] Anything Goes\n|rule|HP Percentage Mod: HP is shown in percentages\n|rule|Endless Battle Clause: Forcing endless battles is banned\n|clearpoke\n|poke|p1|Baxcalibur, F|\n|poke|p1|Koraidon|\n|poke|p1|Corviknight, F|\n|poke|p1|Ursaluna-Bloodmoon, M|\n|poke|p1|Zapdos|\n|poke|p1|Iron Valiant|\n|poke|p2|Koraidon|\n|poke|p2|Ting-Lu|\n|poke|p2|Arceus|\n|poke|p2|Calyrex-Shadow|\n|poke|p2|Zacian-*|\n|poke|p2|Skeledirge, M|\n|teampreview\n|\n|t:|1698756360\n|start\n|switch|p1a: Baxcalibur|Baxcalibur, F|100\/100\n|switch|p2a: Skeledirge|Skeledirge, M|100\/100\n|turn|1\n|c|\u2606Lostmyacc72|og team bozo\n|c|\u260611223344556677889C|i know\n|\n|t:|1698756374\n|move|p2a: Skeledirge|Flare Blitz|p1a: Baxcalibur\n|-damage|p1a: Baxcalibur|67\/100\n|-ability|p1a: Baxcalibur|Thermal Exchange|boost\n|-boost|p1a: Baxcalibur|atk|1\n|-damage|p2a: Skeledirge|89\/100|[from] Recoil\n|move|p1a: Baxcalibur|Earthquake|p2a: Skeledirge\n|-supereffective|p2a: Skeledirge\n|-damage|p2a: Skeledirge|2\/100\n|\n|upkeep\n|turn|2\n|j| Deltaruined\n|l| Deltaruined\n|\n|t:|1698756386\n|move|p2a: Skeledirge|Earthquake|p1a: Baxcalibur\n|-damage|p1a: Baxcalibur|50\/100\n|move|p1a: Baxcalibur|Earthquake|p2a: Skeledirge\n|-supereffective|p2a: Skeledirge\n|-damage|p2a: Skeledirge|0 fnt\n|faint|p2a: Skeledirge\n|\n|upkeep\n|\n|t:|1698756396\n|switch|p2a: Zacian|Zacian-Crowned|100\/100\n|-ability|p2a: Zacian|Intrepid Sword|boost\n|-boost|p2a: Zacian|atk|1\n|turn|3\n|\n|t:|1698756409\n|move|p2a: Zacian|Play Rough|p1a: Baxcalibur\n|-supereffective|p1a: Baxcalibur\n|-damage|p1a: Baxcalibur|0 fnt\n|faint|p1a: Baxcalibur\n|\n|upkeep\n|\n|t:|1698756413\n|switch|p1a: Koraidon|Koraidon|100\/100\n|-weather|SunnyDay|[from] ability: Orichalcum Pulse|[of] p1a: Koraidon\n|-activate|p1a: Koraidon|Orichalcum Pulse|[source]\n|turn|4\n|\n|t:|1698756423\n|move|p1a: Koraidon|Flare Blitz|p2a: Zacian\n|-supereffective|p2a: Zacian\n|-damage|p2a: Zacian|0 fnt\n|faint|p2a: Zacian\n|-damage|p1a: Koraidon|69\/100|[from] Recoil\n|\n|-weather|SunnyDay|[upkeep]\n|upkeep\n|\n|t:|1698756433\n|switch|p2a: Calyrex|Calyrex-Shadow|100\/100\n|-ability|p2a: Calyrex|As One\n|-ability|p2a: Calyrex|Unnerve\n|turn|5\n|\n|t:|1698756443\n|switch|p1a: Ursaluna|Ursaluna-Bloodmoon, M|100\/100\n|move|p2a: Calyrex|Astral Barrage|p1a: Ursaluna\n|-immune|p1a: Ursaluna\n|\n|-weather|SunnyDay|[upkeep]\n|upkeep\n|turn|6\n|\n|t:|1698756456\n|switch|p2a: Koraidon|Koraidon|100\/100\n|-activate|p2a: Koraidon|ability: Orichalcum Pulse\n|move|p1a: Ursaluna|Calm Mind|p1a: Ursaluna\n|-boost|p1a: Ursaluna|spa|1\n|-boost|p1a: Ursaluna|spd|1\n|\n|-weather|SunnyDay|[upkeep]\n|upkeep\n|turn|7\n|inactive|Battle timer is ON: inactive players will automatically lose when time's up. (requested by Lostmyacc72)\n|\n|t:|1698756495\n|move|p2a: Koraidon|Low Kick|p1a: Ursaluna\n|-supereffective|p1a: Ursaluna\n|-damage|p1a: Ursaluna|12\/100\n|move|p1a: Ursaluna|Calm Mind|p1a: Ursaluna\n|-boost|p1a: Ursaluna|spa|1\n|-boost|p1a: Ursaluna|spd|1\n|\n|-weather|SunnyDay|[upkeep]\n|-heal|p1a: Ursaluna|18\/100|[from] item: Leftovers\n|upkeep\n|turn|8\n|\n|t:|1698756504\n|move|p2a: Koraidon|Low Kick|p1a: Ursaluna\n|-supereffective|p1a: Ursaluna\n|-damage|p1a: Ursaluna|0 fnt\n|faint|p1a: Ursaluna\n|\n|-weather|SunnyDay|[upkeep]\n|upkeep\n|\n|t:|1698756506\n|switch|p1a: Koraidon|Koraidon|69\/100\n|-activate|p1a: Koraidon|ability: Orichalcum Pulse\n|turn|9\n|\n|t:|1698756514\n|move|p2a: Koraidon|Low Kick|p1a: Koraidon\n|-damage|p1a: Koraidon|10\/100\n|move|p1a: Koraidon|Scale Shot|p2a: Koraidon\n|-supereffective|p2a: Koraidon\n|-damage|p2a: Koraidon|66\/100\n|-supereffective|p2a: Koraidon\n|-damage|p2a: Koraidon|37\/100\n|-hitcount|p2a: Koraidon|2\n|-unboost|p1a: Koraidon|def|1\n|-boost|p1a: Koraidon|spe|1\n|\n|-weather|SunnyDay|[upkeep]\n|upkeep\n|turn|10\n|\n|t:|1698756525\n|move|p1a: Koraidon|Scale Shot|p2a: Koraidon|[miss]\n|-miss|p1a: Koraidon|p2a: Koraidon\n|move|p2a: Koraidon|Low Kick|p1a: Koraidon\n|-damage|p1a: Koraidon|0 fnt\n|faint|p1a: Koraidon\n|\n|-weather|SunnyDay|[upkeep]\n|upkeep\n|c|\u2606Lostmyacc72|it's 5 gg\n|\n|t:|1698756531\n|switch|p1a: Zapdos|Zapdos|100\/100\n|turn|11\n|c|\u260611223344556677889C|huh\n|c|\u2606Lostmyacc72|lol gg\n|\n|t:|1698756544\n|move|p2a: Koraidon|Low Kick|p1a: Zapdos\n|-resisted|p1a: Zapdos\n|-damage|p1a: Zapdos|78\/100\n|move|p1a: Zapdos|Hurricane|p2a: Koraidon\n|-supereffective|p2a: Koraidon\n|-damage|p2a: Koraidon|0 fnt\n|faint|p2a: Koraidon\n|\n|-weather|none\n|upkeep\n|\n|t:|1698756553\n|switch|p2a: Calyrex|Calyrex-Shadow|100\/100\n|-ability|p2a: Calyrex|As One\n|-ability|p2a: Calyrex|Unnerve\n|turn|12\n|\n|t:|1698756570\n|move|p2a: Calyrex|Astral Barrage|p1a: Zapdos\n|-damage|p1a: Zapdos|17\/100\n|move|p1a: Zapdos|Roost|p1a: Zapdos\n|-heal|p1a: Zapdos|67\/100\n|-singleturn|p1a: Zapdos|move: Roost\n|\n|upkeep\n|turn|13\n|\n|t:|1698756579\n|move|p2a: Calyrex|Astral Barrage|p1a: Zapdos\n|-damage|p1a: Zapdos|4\/100\n|move|p1a: Zapdos|Hurricane|p2a: Calyrex|[miss]\n|-miss|p1a: Zapdos|p2a: Calyrex\n|\n|upkeep\n|turn|14\n|\n|t:|1698756586\n|move|p2a: Calyrex|Astral Barrage|p1a: Zapdos\n|-damage|p1a: Zapdos|0 fnt\n|faint|p1a: Zapdos\n|-ability|p2a: Calyrex|Grim Neigh|boost\n|-boost|p2a: Calyrex|spa|1\n|\n|upkeep\n|\n|t:|1698756589\n|switch|p1a: Iron Valiant|Iron Valiant|100\/100\n|turn|15\n|\n|t:|1698756594\n|move|p2a: Calyrex|Astral Barrage|p1a: Iron Valiant\n|-damage|p1a: Iron Valiant|0 fnt\n|faint|p1a: Iron Valiant\n|-end|p1a: Iron Valiant|Quark Drive|[silent]\n|-ability|p2a: Calyrex|Grim Neigh|boost\n|-boost|p2a: Calyrex|spa|1\n|\n|upkeep\n|\n|t:|1698756599\n|switch|p1a: Corviknight|Corviknight, F|100\/100\n|-ability|p1a: Corviknight|Pressure\n|turn|16\n|\n|t:|1698756616\n|move|p2a: Calyrex|Astral Barrage|p1a: Corviknight\n|-damage|p1a: Corviknight|0 fnt\n|faint|p1a: Corviknight\n|\n|win|11223344556677889C\n|c|\u2606Lostmyacc72|gg\n|l|\u2606Lostmyacc72\n|c|\u260611223344556677889C|gg\n","uploadtime":1698756629,"views":4,"p1id":"lostmyacc72","p2id":"11223344556677889c","formatid":"gen9anythinggoes","rating":0,"private":0,"password":""}