{"id":"gen9anythinggoes-1987617350","p1":"wellericepick","p2":"Yugi Ogami","format":"[Gen 9] Anything Goes","log":"|j|\u2606wellericepick\n|j|\u2606Yugi Ogami\n|t:|1699620146\n|gametype|singles\n|player|p1|wellericepick|scientist|1023\n|player|p2|Yugi Ogami|nurse|1126\n|teamsize|p1|6\n|teamsize|p2|6\n|gen|9\n|tier|[Gen 9] Anything Goes\n|rated|\n|rule|HP Percentage Mod: HP is shown in percentages\n|rule|Endless Battle Clause: Forcing endless battles is banned\n|clearpoke\n|poke|p1|Kingambit, F|\n|poke|p1|Kingambit, M|\n|poke|p1|Kingambit, F|\n|poke|p1|Kingambit, M|\n|poke|p1|Kingambit, M|\n|poke|p1|Kingambit, F|\n|poke|p2|Zoroark, M|\n|poke|p2|Zoroark-Hisui, F|\n|poke|p2|Ditto|\n|poke|p2|Ditto|\n|poke|p2|Mimikyu, M|\n|poke|p2|Meowscarada, F|\n|teampreview\n|inactive|Battle timer is ON: inactive players will automatically lose when time's up. (requested by wellericepick)\n|\n|t:|1699620173\n|start\n|switch|p1a: Kingambit|Kingambit, F|100\/100\n|switch|p2a: Zoroark-dono|Mimikyu, M|100\/100\n|turn|1\n|\n|t:|1699620187\n|move|p2a: Zoroark-dono|Bulk Up|p2a: Zoroark-dono\n|-boost|p2a: Zoroark-dono|atk|1\n|-boost|p2a: Zoroark-dono|def|1\n|move|p1a: Kingambit|Iron Head|p2a: Zoroark-dono\n|-activate|p2a: Zoroark-dono|ability: Disguise\n|-damage|p2a: Zoroark-dono|100\/100\n|detailschange|p2a: Zoroark-dono|Mimikyu-Busted, M\n|-damage|p2a: Zoroark-dono|88\/100|[from] pokemon: Mimikyu-Busted\n|\n|upkeep\n|turn|2\n|-activate|p1a: Kingambit|item: Quick Claw\n|\n|t:|1699620214\n|move|p1a: Kingambit|Iron Head|p2a: Zoroark-dono\n|-supereffective|p2a: Zoroark-dono\n|-damage|p2a: Zoroark-dono|10\/100\n|-enditem|p2a: Zoroark-dono|Iapapa Berry|[eat]\n|-heal|p2a: Zoroark-dono|43\/100|[from] item: Iapapa Berry\n|move|p2a: Zoroark-dono|Play Rough|p1a: Kingambit\n|-crit|p1a: Kingambit\n|-damage|p1a: Kingambit|32\/100\n|\n|upkeep\n|turn|3\n|\n|t:|1699620225\n|move|p2a: Zoroark-dono|Play Rough|p1a: Kingambit|[miss]\n|-miss|p2a: Zoroark-dono|p1a: Kingambit\n|move|p1a: Kingambit|Iron Head|p2a: Zoroark-dono\n|-supereffective|p2a: Zoroark-dono\n|-damage|p2a: Zoroark-dono|0 fnt\n|faint|p2a: Zoroark-dono\n|\n|upkeep\n|\n|t:|1699620231\n|switch|p2a: Zoroark-kun|Zoroark, M|100\/100\n|turn|4\n|\n|t:|1699620239\n|move|p2a: Zoroark-kun|Nasty Plot|p2a: Zoroark-kun\n|-boost|p2a: Zoroark-kun|spa|2\n|move|p1a: Kingambit|Low Kick|p2a: Zoroark-kun\n|-immune|p2a: Zoroark-kun\n|\n|upkeep\n|turn|5\n|\n|t:|1699620252\n|move|p1a: Kingambit|Sucker Punch|p2a: Zoroark-kun\n|-supereffective|p2a: Zoroark-kun\n|-damage|p2a: Zoroark-kun|0 fnt\n|replace|p2a: Zoroark-san|Zoroark-Hisui, F\n|-end|p2a: Zoroark-san|Illusion\n|faint|p2a: Zoroark-san\n|\n|upkeep\n|\n|t:|1699620259\n|switch|p2a: Zoroark-sama|Meowscarada, F|100\/100\n|turn|6\n|\n|t:|1699620263\n|move|p2a: Zoroark-sama|Brick Break|p1a: Kingambit\n|-start|p2a: Zoroark-sama|typechange|Fighting|[from] ability: Protean\n|-supereffective|p1a: Kingambit\n|-damage|p1a: Kingambit|0 fnt\n|faint|p1a: Kingambit\n|-end|p1a: Kingambit|fallenundefined|[silent]\n|\n|upkeep\n|\n|t:|1699620272\n|switch|p1a: Kingambit|Kingambit, F|100\/100\n|-activate|p1a: Kingambit|ability: Supreme Overlord\n|-start|p1a: Kingambit|fallen1|[silent]\n|turn|7\n|inactive|Yugi Ogami has 120 seconds left.\n|\n|t:|1699620309\n|move|p2a: Zoroark-sama|Brick Break|p1a: Kingambit\n|-supereffective|p1a: Kingambit\n|-damage|p1a: Kingambit|0 fnt\n|faint|p1a: Kingambit\n|-end|p1a: Kingambit|fallen1|[silent]\n|\n|upkeep\n|inactive|wellericepick has 120 seconds left.\n|\n|t:|1699620355\n|switch|p1a: Kingambit|Kingambit, F|100\/100\n|-activate|p1a: Kingambit|ability: Supreme Overlord\n|-start|p1a: Kingambit|fallen2|[silent]\n|turn|8\n|inactive|Yugi Ogami has 120 seconds left.\n|\n|t:|1699620365\n|-terastallize|p1a: Kingambit|Dragon\n|move|p2a: Zoroark-sama|Brick Break|p1a: Kingambit\n|-damage|p1a: Kingambit|64\/100\n|move|p1a: Kingambit|Iron Head|p2a: Zoroark-sama\n|-damage|p2a: Zoroark-sama|19\/100\n|\n|upkeep\n|turn|9\n|\n|t:|1699620373\n|move|p2a: Zoroark-sama|Brick Break|p1a: Kingambit\n|-damage|p1a: Kingambit|27\/100\n|move|p1a: Kingambit|Iron Head|p2a: Zoroark-sama\n|-damage|p2a: Zoroark-sama|0 fnt\n|faint|p2a: Zoroark-sama\n|\n|upkeep\n|inactive|Yugi Ogami has 120 seconds left.\n|\n|t:|1699620389\n|switch|p2a: Zoroark-chan|Ditto|100\/100\n|-transform|p2a: Zoroark-chan|p1a: Kingambit|[from] ability: Imposter\n|-activate|p2a: Zoroark-chan|ability: Supreme Overlord\n|-start|p2a: Zoroark-chan|fallen3|[silent]\n|-start|p2a: Zoroark-chan|typechange|Dark\/Steel|[silent]\n|turn|10\n|inactive|wellericepick has 120 seconds left.\n|\n|t:|1699620396\n|move|p2a: Zoroark-chan|Low Kick|p1a: Kingambit\n|-damage|p1a: Kingambit|0 fnt\n|faint|p1a: Kingambit\n|-end|p1a: Kingambit|fallen2|[silent]\n|\n|upkeep\n|inactive|wellericepick has 120 seconds left.\n|\n|t:|1699620404\n|switch|p1a: Kingambit|Kingambit, M, shiny|100\/100\n|-activate|p1a: Kingambit|ability: Supreme Overlord\n|-start|p1a: Kingambit|fallen3|[silent]\n|turn|11\n|c|\u2606wellericepick|UWU\n|inactive|Yugi Ogami has 120 seconds left.\n|\n|t:|1699620443\n|move|p2a: Zoroark-chan|Low Kick|p1a: Kingambit\n|-supereffective|p1a: Kingambit\n|-damage|p1a: Kingambit|0 fnt\n|faint|p1a: Kingambit\n|-end|p1a: Kingambit|fallen3|[silent]\n|\n|upkeep\n|-message|wellericepick forfeited.\n|\n|win|Yugi Ogami\n|raw|wellericepick's rating: 1023 &rarr; <strong>1013<\/strong><br \/>(-10 for losing)\n|raw|Yugi Ogami's rating: 1126 &rarr; <strong>1144<\/strong><br \/>(+18 for winning)\n|l|\u2606wellericepick\n","uploadtime":1699620461,"views":33,"p1id":"wellericepick","p2id":"yugiogami","formatid":"gen9anythinggoes","rating":1013,"private":0,"password":""}