{"id":"gen9anythinggoes-1994672019","p1":"Lalagristling","p2":"msemd","format":"[Gen 9] Anything Goes","log":"|j|\u2606Lalagristling\n|j|\u2606msemd\n|t:|1700478880\n|gametype|singles\n|player|p1|Lalagristling|169|1144\n|player|p2|msemd|guitarist-gen4|1124\n|teamsize|p1|6\n|teamsize|p2|6\n|gen|9\n|tier|[Gen 9] Anything Goes\n|rated|\n|rule|HP Percentage Mod: HP is shown in percentages\n|rule|Endless Battle Clause: Forcing endless battles is banned\n|clearpoke\n|poke|p1|Gallade, M|\n|poke|p1|Bisharp, F|\n|poke|p1|Tsareena, F|\n|poke|p1|Sandslash-Alola, F|\n|poke|p1|Dragapult, F|\n|poke|p1|Vivillon-Pokeball, M|\n|poke|p2|Arceus|\n|poke|p2|Calyrex-Shadow|\n|poke|p2|Koraidon|\n|poke|p2|Zacian-*|\n|poke|p2|Ting-Lu|\n|poke|p2|Masquerain, M|\n|teampreview\n|inactive|Battle timer is ON: inactive players will automatically lose when time's up. (requested by Lalagristling)\n|\n|t:|1700478889\n|start\n|switch|p1a: Evillord|Vivillon-Pokeball, M|100\/100\n|switch|p2a: Bug Mask|Masquerain, M|100\/100\n|-ability|p2a: Bug Mask|Intimidate|boost\n|-unboost|p1a: Evillord|atk|1\n|turn|1\n|\n|t:|1700478898\n|move|p2a: Bug Mask|Sticky Web|p1a: Evillord\n|-sidestart|p1: Lalagristling|move: Sticky Web\n|move|p1a: Evillord|Sleep Powder|p2a: Bug Mask\n|-status|p2a: Bug Mask|slp|[from] move: Sleep Powder\n|\n|upkeep\n|turn|2\n|inactive|msemd has 120 seconds left.\n|\n|t:|1700478930\n|cant|p2a: Bug Mask|slp\n|move|p1a: Evillord|Quiver Dance|p1a: Evillord\n|-boost|p1a: Evillord|spa|1\n|-boost|p1a: Evillord|spd|1\n|-boost|p1a: Evillord|spe|1\n|\n|upkeep\n|turn|3\n|inactive|Lalagristling has 120 seconds left.\n|\n|t:|1700478966\n|move|p1a: Evillord|Quiver Dance|p1a: Evillord\n|-boost|p1a: Evillord|spa|1\n|-boost|p1a: Evillord|spd|1\n|-boost|p1a: Evillord|spe|1\n|-curestatus|p2a: Bug Mask|slp|[msg]\n|move|p2a: Bug Mask|U-turn|p1a: Evillord\n|-resisted|p1a: Evillord\n|-damage|p1a: Evillord|89\/100\n|inactive|msemd has 120 seconds left.\n|\n|t:|1700478986\n|switch|p2a: Koraidon|Koraidon|100\/100|[from] U-turn\n|-weather|SunnyDay|[from] ability: Orichalcum Pulse|[of] p2a: Koraidon\n|-activate|p2a: Koraidon|Orichalcum Pulse|[source]\n|\n|-weather|SunnyDay|[upkeep]\n|upkeep\n|turn|4\n|\n|t:|1700478994\n|move|p2a: Koraidon|Flare Blitz|p1a: Evillord\n|-supereffective|p1a: Evillord\n|-damage|p1a: Evillord|0 fnt\n|faint|p1a: Evillord\n|-damage|p2a: Koraidon|69\/100|[from] Recoil\n|\n|-weather|SunnyDay|[upkeep]\n|upkeep\n|\n|t:|1700479001\n|switch|p1a: Vengance|Sandslash-Alola, F|100\/100\n|-activate|p1a: Vengance|move: Sticky Web\n|-unboost|p1a: Vengance|spe|1\n|turn|5\n|\n|t:|1700479007\n|move|p2a: Koraidon|Flare Blitz|p1a: Vengance\n|-supereffective|p1a: Vengance\n|-enditem|p1a: Vengance|Focus Sash\n|-damage|p1a: Vengance|1\/100\n|-damage|p2a: Koraidon|35\/100|[from] Recoil\n|move|p1a: Vengance|Metal Burst|p2a: Koraidon\n|-damage|p2a: Koraidon|0 fnt\n|faint|p2a: Koraidon\n|\n|-weather|SunnyDay|[upkeep]\n|upkeep\n|\n|t:|1700479027\n|switch|p2a: Bug Mask|Masquerain, M|100\/100\n|-ability|p2a: Bug Mask|Intimidate|boost\n|-unboost|p1a: Vengance|atk|1\n|turn|6\n|\n|t:|1700479039\n|move|p1a: Vengance|Ice Shard|p2a: Bug Mask\n|-supereffective|p2a: Bug Mask\n|-damage|p2a: Bug Mask|51\/100\n|move|p2a: Bug Mask|Tailwind|p2a: Bug Mask\n|-sidestart|p2: msemd|move: Tailwind\n|\n|-weather|SunnyDay|[upkeep]\n|upkeep\n|turn|7\n|\n|t:|1700479044\n|move|p2a: Bug Mask|U-turn|p1a: Vengance\n|-resisted|p1a: Vengance\n|-damage|p1a: Vengance|0 fnt\n|faint|p1a: Vengance\n|\n|t:|1700479050\n|switch|p2a: Bullwinkle|Ting-Lu|100\/100|[from] U-turn\n|-ability|p2a: Bullwinkle|Vessel of Ruin\n|\n|-weather|none\n|upkeep\n|\n|t:|1700479058\n|switch|p1a: Gallahan|Gallade, M|100\/100\n|-activate|p1a: Gallahan|move: Sticky Web\n|-unboost|p1a: Gallahan|spe|1\n|turn|8\n|\n|t:|1700479067\n|-terastallize|p2a: Bullwinkle|Grass\n|move|p2a: Bullwinkle|Spikes|p1a: Gallahan\n|-sidestart|p1: Lalagristling|Spikes\n|move|p1a: Gallahan|Sacred Sword|p2a: Bullwinkle\n|-damage|p2a: Bullwinkle|60\/100\n|\n|-heal|p2a: Bullwinkle|66\/100|[from] item: Leftovers\n|upkeep\n|turn|9\n|l|\u2606Lalagristling\n|inactive|Lalagristling disconnected and has a minute to reconnect!\n|player|p1|\n|inactive|Lalagristling has 30 seconds to reconnect!\n|inactive|Lalagristling has 20 seconds to reconnect!\n|inactive|Lalagristling has 15 seconds to reconnect!\n|inactive|Lalagristling has 10 seconds to reconnect!\n|inactive|Lalagristling has 5 seconds to reconnect!\n|-message|Lalagristling lost due to inactivity.\n|\n|win|msemd\n|raw|Lalagristling's rating: 1144 &rarr; <strong>1118<\/strong><br \/>(-26 for losing)\n|raw|msemd's rating: 1124 &rarr; <strong>1150<\/strong><br \/>(+26 for winning)\n","uploadtime":1700479153,"views":2,"p1id":"lalagristling","p2id":"msemd","formatid":"gen9anythinggoes","rating":1118,"private":0,"password":""}