{"id":"gen9anythinggoes-1981130008","p1":"RUMYMOME","p2":"happysh","format":"[Gen 9] Anything Goes","log":"|j|\u2606RUMYMOME\n|j|\u2606happysh\n|inactive|Battle timer is ON: inactive players will automatically lose when time's up.\n|t:|1698865950\n|gametype|singles\n|player|p1|RUMYMOME|marshal|\n|player|p2|happysh|1|\n|teamsize|p1|6\n|teamsize|p2|6\n|gen|9\n|tier|[Gen 9] Anything Goes\n|rated|Tournament battle\n|rule|HP Percentage Mod: HP is shown in percentages\n|rule|Endless Battle Clause: Forcing endless battles is banned\n|rule|Camomons Mod: Pok\u00e9mon have their types set to match their first two moves.\n|clearpoke\n|poke|p1|Calyrex-Shadow|\n|poke|p1|Arceus|\n|poke|p1|Zacian-*|\n|poke|p1|Rayquaza|\n|poke|p1|Kyogre|\n|poke|p1|Regieleki|\n|poke|p2|Arceus|\n|poke|p2|Koraidon|\n|poke|p2|Arceus|\n|poke|p2|Calyrex-Shadow|\n|poke|p2|Samurott-Hisui, F|\n|poke|p2|Eternatus|\n|teampreview\n|j|*Lady Monita \u263d\n|inactive|happysh also wants the timer to be on.\n|inactive|happysh has 120 seconds left.\n|j| llamamedeusted\n|\n|t:|1698865985\n|start\n|switch|p1a: Kyogre|Kyogre|100\/100\n|switch|p2a: Samurott|Samurott-Hisui, F|100\/100\n|-start|p1a: Kyogre|typechange|Water|[silent]\n|-weather|RainDance|[from] ability: Drizzle|[of] p1a: Kyogre\n|-start|p2a: Samurott|typechange|Dark|[silent]\n|-start|p2a: Samurott|typechange|Dark|[silent]\n|turn|1\n|\n|t:|1698865993\n|move|p1a: Kyogre|Water Spout|p2a: Samurott\n|-enditem|p2a: Samurott|Focus Sash\n|-damage|p2a: Samurott|1\/100\n|move|p2a: Samurott|Ceaseless Edge|p1a: Kyogre\n|-damage|p1a: Kyogre|50\/100\n|-sidestart|p1: RUMYMOME|Spikes\n|\n|-weather|RainDance|[upkeep]\n|upkeep\n|turn|2\n|\n|t:|1698865997\n|move|p2a: Samurott|Sucker Punch|p1a: Kyogre\n|-damage|p1a: Kyogre|15\/100\n|move|p1a: Kyogre|Water Spout|p2a: Samurott\n|-damage|p2a: Samurott|0 fnt\n|faint|p2a: Samurott\n|\n|-weather|RainDance|[upkeep]\n|upkeep\n|\n|t:|1698866001\n|switch|p2a: Arceus|Arceus|100\/100\n|-start|p2a: Arceus|typechange|Normal|[silent]\n|turn|3\n|\n|t:|1698866013\n|move|p2a: Arceus|Extreme Speed|p1a: Kyogre\n|-damage|p1a: Kyogre|0 fnt\n|faint|p1a: Kyogre\n|\n|-weather|RainDance|[upkeep]\n|upkeep\n|\n|t:|1698866018\n|switch|p1a: Regieleki|Regieleki|100\/100\n|-start|p1a: Regieleki|typechange|Electric|[silent]\n|-item|p1a: Regieleki|Air Balloon\n|turn|4\n|\n|t:|1698866023\n|move|p2a: Arceus|Extreme Speed|p1a: Regieleki\n|-damage|p1a: Regieleki|11\/100\n|-enditem|p1a: Regieleki|Air Balloon\n|move|p1a: Regieleki|Rapid Spin|p2a: Arceus\n|-damage|p2a: Arceus|93\/100\n|-boost|p1a: Regieleki|spe|1\n|-sideend|p1: RUMYMOME|Spikes|[from] move: Rapid Spin|[of] p1a: Regieleki\n|\n|-weather|RainDance|[upkeep]\n|upkeep\n|turn|5\n|\n|t:|1698866029\n|move|p1a: Regieleki|Explosion|p2a: Arceus\n|-damage|p2a: Arceus|55\/100\n|faint|p1a: Regieleki\n|move|p2a: Arceus|Shadow Claw|p1: Regieleki|[notarget]\n|-fail|p2a: Arceus\n|\n|-weather|none\n|upkeep\n|\n|t:|1698866057\n|switch|p1a: Arceus|Arceus|100\/100\n|-start|p1a: Arceus|typechange|Normal|[silent]\n|turn|6\n|inactive|RUMYMOME has 120 seconds left.\n|\n|t:|1698866072\n|switch|p2a: Calyrex|Calyrex-Shadow|100\/100\n|-ability|p2a: Calyrex|As One\n|-ability|p2a: Calyrex|Unnerve\n|-start|p2a: Calyrex|typechange|Ghost\/Normal|[silent]\n|move|p1a: Arceus|Swords Dance|p1a: Arceus\n|-boost|p1a: Arceus|atk|2\n|\n|upkeep\n|-start|p2a: Calyrex|typechange|Ghost\/Normal|[silent]\n|turn|7\n|\n|t:|1698866081\n|switch|p1a: Zacian|Zacian-Crowned|100\/100\n|-start|p1a: Zacian|typechange|Steel\/Fairy|[silent]\n|-ability|p1a: Zacian|Intrepid Sword|boost\n|-boost|p1a: Zacian|atk|1\n|move|p2a: Calyrex|Encore||[still]\n|-fail|p2a: Calyrex\n|\n|upkeep\n|-start|p1a: Zacian|typechange|Steel\/Fairy|[silent]\n|turn|8\n|\n|t:|1698866091\n|switch|p2a: Arceus|Arceus|55\/100\n|-start|p2a: Arceus|typechange|Normal|[silent]\n|move|p1a: Zacian|Behemoth Blade|p2a: Arceus\n|-damage|p2a: Arceus|0 fnt\n|faint|p2a: Arceus\n|\n|upkeep\n|\n|t:|1698866095\n|switch|p2a: Koraidon|Koraidon|100\/100\n|-start|p2a: Koraidon|typechange|Fighting\/Fire|[silent]\n|-weather|SunnyDay|[from] ability: Orichalcum Pulse|[of] p2a: Koraidon\n|-activate|p2a: Koraidon|Orichalcum Pulse|[source]\n|-start|p2a: Koraidon|typechange|Fighting\/Fire|[silent]\n|turn|9\n|inactive|RUMYMOME has 120 seconds left.\n|\n|t:|1698866122\n|move|p2a: Koraidon|Flare Blitz|p1a: Zacian\n|-supereffective|p1a: Zacian\n|-damage|p1a: Zacian|0 fnt\n|faint|p1a: Zacian\n|-damage|p2a: Koraidon|69\/100|[from] Recoil\n|\n|-weather|SunnyDay|[upkeep]\n|upkeep\n|\n|t:|1698866125\n|switch|p1a: Rayquaza|Rayquaza|100\/100\n|-start|p1a: Rayquaza|typechange|Flying\/Dragon|[silent]\n|-ability|p1a: Rayquaza|Air Lock\n|-start|p1a: Rayquaza|typechange|Flying\/Dragon|[silent]\n|turn|10\n|\n|t:|1698866130\n|switch|p2a: Arceus|Arceus|100\/100\n|-start|p2a: Arceus|typechange|Normal|[silent]\n|move|p1a: Rayquaza|Dragon Dance|p1a: Rayquaza\n|-boost|p1a: Rayquaza|atk|1\n|-boost|p1a: Rayquaza|spe|1\n|\n|-weather|SunnyDay|[upkeep]\n|upkeep\n|turn|11\n|\n|t:|1698866141\n|move|p2a: Arceus|Extreme Speed|p1a: Rayquaza\n|-damage|p1a: Rayquaza|42\/100\n|-damage|p2a: Arceus|91\/100|[from] item: Life Orb\n|move|p1a: Rayquaza|Dragon Ascent|p2a: Arceus\n|-damage|p2a: Arceus|14\/100\n|-unboost|p1a: Rayquaza|def|1\n|-unboost|p1a: Rayquaza|spd|1\n|\n|-weather|SunnyDay|[upkeep]\n|upkeep\n|turn|12\n|\n|t:|1698866150\n|move|p1a: Rayquaza|Extreme Speed|p2a: Arceus\n|-damage|p2a: Arceus|0 fnt\n|faint|p2a: Arceus\n|\n|-weather|SunnyDay|[upkeep]\n|upkeep\n|\n|t:|1698866152\n|switch|p2a: Koraidon|Koraidon|69\/100\n|-start|p2a: Koraidon|typechange|Fighting\/Fire|[silent]\n|-start|p2a: Koraidon|typechange|Fighting\/Fire|[silent]\n|turn|13\n|\n|t:|1698866163\n|-terastallize|p2a: Koraidon|Ghost\n|move|p1a: Rayquaza|Extreme Speed|p2a: Koraidon\n|-immune|p2a: Koraidon\n|move|p2a: Koraidon|Dragon Claw|p1a: Rayquaza\n|-supereffective|p1a: Rayquaza\n|-damage|p1a: Rayquaza|0 fnt\n|faint|p1a: Rayquaza\n|\n|-weather|none\n|upkeep\n|\n|t:|1698866168\n|switch|p1a: Arceus|Arceus|100\/100\n|-start|p1a: Arceus|typechange|Normal|[silent]\n|turn|14\n|\n|t:|1698866174\n|switch|p2a: Calyrex|Calyrex-Shadow|100\/100\n|-ability|p2a: Calyrex|As One\n|-ability|p2a: Calyrex|Unnerve\n|-start|p2a: Calyrex|typechange|Ghost\/Normal|[silent]\n|move|p1a: Arceus|Swords Dance|p1a: Arceus\n|-boost|p1a: Arceus|atk|2\n|\n|upkeep\n|-start|p2a: Calyrex|typechange|Ghost\/Normal|[silent]\n|turn|15\n|\n|t:|1698866179\n|switch|p1a: Calyrex|Calyrex-Shadow|100\/100\n|-ability|p1a: Calyrex|As One\n|-ability|p1a: Calyrex|Unnerve\n|-start|p1a: Calyrex|typechange|Dark\/Ghost|[silent]\n|move|p2a: Calyrex|Encore||[still]\n|-fail|p2a: Calyrex\n|\n|upkeep\n|-start|p1a: Calyrex|typechange|Dark\/Ghost|[silent]\n|turn|16\n|\n|t:|1698866186\n|move|p2a: Calyrex|Astral Barrage|p1a: Calyrex\n|-damage|p1a: Calyrex|30\/100\n|move|p1a: Calyrex|Dark Pulse|p2a: Calyrex\n|-supereffective|p2a: Calyrex\n|-damage|p2a: Calyrex|0 fnt\n|faint|p2a: Calyrex\n|-ability|p1a: Calyrex|Grim Neigh|boost\n|-boost|p1a: Calyrex|spa|1\n|\n|upkeep\n|\n|t:|1698866190\n|switch|p2a: Koraidon|Koraidon, tera:Ghost|69\/100\n|-start|p2a: Koraidon|typechange|Ghost|[silent]\n|-weather|SunnyDay|[from] ability: Orichalcum Pulse|[of] p2a: Koraidon\n|-activate|p2a: Koraidon|Orichalcum Pulse|[source]\n|turn|17\n|\n|t:|1698866204\n|move|p2a: Koraidon|U-turn|p1a: Calyrex\n|-damage|p1a: Calyrex|0 fnt\n|faint|p1a: Calyrex\n|\n|t:|1698866206\n|switch|p2a: Chi-yu|Eternatus|100\/100|[from] U-turn\n|-start|p2a: Chi-yu|typechange|Dragon\/Fire|[silent]\n|-ability|p2a: Chi-yu|Pressure\n|\n|-weather|SunnyDay|[upkeep]\n|upkeep\n|\n|t:|1698866210\n|switch|p1a: Arceus|Arceus|100\/100\n|-start|p1a: Arceus|typechange|Normal|[silent]\n|-start|p2a: Chi-yu|typechange|Dragon\/Fire|[silent]\n|turn|18\n|\n|t:|1698866215\n|move|p2a: Chi-yu|Dynamax Cannon|p1a: Arceus\n|-crit|p1a: Arceus\n|-damage|p1a: Arceus|12\/100\n|-damage|p2a: Chi-yu|91\/100|[from] item: Life Orb\n|move|p1a: Arceus|Swords Dance|p1a: Arceus\n|-boost|p1a: Arceus|atk|2\n|\n|-weather|SunnyDay|[upkeep]\n|upkeep\n|turn|19\n|\n|t:|1698866228\n|-terastallize|p1a: Arceus|Normal\n|move|p1a: Arceus|Extreme Speed|p2a: Chi-yu\n|-damage|p2a: Chi-yu|0 fnt\n|faint|p2a: Chi-yu\n|-damage|p1a: Arceus|2\/100|[from] item: Life Orb\n|\n|-weather|SunnyDay|[upkeep]\n|upkeep\n|\n|t:|1698866232\n|switch|p2a: Koraidon|Koraidon, tera:Ghost|69\/100\n|-start|p2a: Koraidon|typechange|Ghost|[silent]\n|-activate|p2a: Koraidon|ability: Orichalcum Pulse\n|turn|20\n|\n|t:|1698866237\n|move|p2a: Koraidon|Flare Blitz|p1a: Arceus\n|-damage|p1a: Arceus|0 fnt\n|faint|p1a: Arceus\n|-damage|p2a: Koraidon|69\/100|[from] Recoil\n|\n|win|happysh\n|n|\u2606RUMYMOME|rumymome\n|n|\u2606happysh|happysh\n|n|*Lady Monita \u263d|ladymonita\n|n| llamamedeusted|llamamedeusted\n|l|*Lady Monita \u263d\n|c|\u2606RUMYMOME|Gg\n|c|\u2606happysh|gg\n","uploadtime":1698866265,"views":7,"p1id":"rumymome","p2id":"happysh","formatid":"gen9anythinggoes","rating":0,"private":0,"password":""}