{"id":"gen9anythinggoes-1986615451","p1":"Dhdubsysj","p2":"nescalazedo","format":"[Gen 9] Anything Goes","log":"|j|\u2606Dhdubsysj\n|j|\u2606nescalazedo\n|t:|1699498187\n|gametype|singles\n|player|p1|Dhdubsysj|blackbelt-gen4dp|1000\n|player|p2|nescalazedo|shadowtriad|1000\n|teamsize|p1|6\n|teamsize|p2|6\n|gen|9\n|tier|[Gen 9] Anything Goes\n|rated|\n|rule|HP Percentage Mod: HP is shown in percentages\n|rule|Endless Battle Clause: Forcing endless battles is banned\n|clearpoke\n|poke|p1|Roaring Moon|\n|poke|p1|Ninetales-Alola, M|\n|poke|p1|Zoroark-Hisui, M|\n|poke|p1|Clodsire, M|\n|poke|p1|Breloom, F|\n|poke|p1|Slaking, M|\n|poke|p2|Giratina-Origin|\n|poke|p2|Zamazenta-*|\n|poke|p2|Dragonite, F|\n|poke|p2|Clefable, F|\n|poke|p2|Calyrex-Shadow|\n|poke|p2|Greninja-*, M|\n|teampreview\n|inactive|Battle timer is ON: inactive players will automatically lose when time's up. (requested by Dhdubsysj)\n|inactive|nescalazedo has 120 seconds left.\n|\n|t:|1699498267\n|start\n|switch|p1a: No more dragon >:(|Ninetales-Alola, M, shiny|100\/100\n|switch|p2a: Giratina|Giratina-Origin|100\/100\n|turn|1\n|\n|t:|1699498280\n|move|p1a: No more dragon >:(|Agility|p1a: No more dragon >:(\n|-boost|p1a: No more dragon >:(|spe|2\n|move|p2a: Giratina|Dragon Claw|p1a: No more dragon >:(\n|-damage|p1a: No more dragon >:(|27\/100\n|replace|p1a: JEBAITED|Zoroark-Hisui, M, shiny\n|-end|p1a: JEBAITED|Illusion\n|\n|-heal|p1a: JEBAITED|33\/100|[from] item: Leftovers\n|upkeep\n|turn|2\n|\n|t:|1699498293\n|move|p1a: JEBAITED|Extrasensory|p2a: Giratina\n|-damage|p2a: Giratina|86\/100\n|move|p2a: Giratina|Dragon Claw|p1a: JEBAITED\n|-damage|p1a: JEBAITED|0 fnt\n|faint|p1a: JEBAITED\n|\n|upkeep\n|\n|t:|1699498301\n|switch|p1a: No more dragon >:(|Ninetales-Alola, M, shiny|100\/100\n|turn|3\n|inactive|nescalazedo has 120 seconds left.\n|\n|t:|1699498332\n|move|p1a: No more dragon >:(|Moonblast|p2a: Giratina\n|-supereffective|p2a: Giratina\n|-damage|p2a: Giratina|48\/100\n|move|p2a: Giratina|Dragon Claw|p1a: No more dragon >:(\n|-immune|p1a: No more dragon >:(\n|\n|upkeep\n|turn|4\n|inactive|nescalazedo has 120 seconds left.\n|\n|t:|1699498345\n|move|p1a: No more dragon >:(|Ice Beam|p2a: Giratina\n|-supereffective|p2a: Giratina\n|-damage|p2a: Giratina|12\/100\n|move|p2a: Giratina|Shadow Force||[still]\n|-prepare|p2a: Giratina|Shadow Force\n|\n|upkeep\n|turn|5\n|\n|t:|1699498352\n|move|p1a: No more dragon >:(|Moonblast|p2a: Giratina|[miss]\n|-miss|p1a: No more dragon >:(|p2a: Giratina\n|move|p2a: Giratina|Shadow Force|p1a: No more dragon >:(|[from]lockedmove\n|-damage|p1a: No more dragon >:(|11\/100\n|\n|-heal|p1a: No more dragon >:(|17\/100|[from] item: Leftovers\n|upkeep\n|turn|6\n|\n|t:|1699498366\n|move|p1a: No more dragon >:(|Draining Kiss|p2a: Giratina\n|-supereffective|p2a: Giratina\n|-damage|p2a: Giratina|0 fnt\n|-heal|p1a: No more dragon >:(|30\/100|[from] drain|[of] p2a: Giratina\n|faint|p2a: Giratina\n|\n|-heal|p1a: No more dragon >:(|36\/100|[from] item: Leftovers\n|upkeep\n|inactive|nescalazedo has 120 seconds left.\n|\n|t:|1699498397\n|switch|p2a: Zamazenta|Zamazenta-Crowned, shiny|100\/100\n|-ability|p2a: Zamazenta|Dauntless Shield|boost\n|-boost|p2a: Zamazenta|def|1\n|turn|7\n|\n|t:|1699498410\n|switch|p1a: Dragon Deez Nuts|Roaring Moon, shiny|100\/100\n|move|p2a: Zamazenta|Focus Blast|p1a: Dragon Deez Nuts|[miss]\n|-miss|p2a: Zamazenta|p1a: Dragon Deez Nuts\n|\n|upkeep\n|turn|8\n|\n|t:|1699498431\n|move|p1a: Dragon Deez Nuts|Fire Blast|p2a: Zamazenta\n|-supereffective|p2a: Zamazenta\n|-damage|p2a: Zamazenta|76\/100\n|move|p2a: Zamazenta|Focus Blast|p1a: Dragon Deez Nuts|[miss]\n|-miss|p2a: Zamazenta|p1a: Dragon Deez Nuts\n|\n|upkeep\n|turn|9\n|\n|t:|1699498443\n|move|p1a: Dragon Deez Nuts|Fire Blast|p2a: Zamazenta\n|-supereffective|p2a: Zamazenta\n|-damage|p2a: Zamazenta|49\/100\n|move|p2a: Zamazenta|Close Combat|p1a: Dragon Deez Nuts\n|-supereffective|p1a: Dragon Deez Nuts\n|-damage|p1a: Dragon Deez Nuts|0 fnt\n|-unboost|p2a: Zamazenta|def|1\n|-unboost|p2a: Zamazenta|spd|1\n|faint|p1a: Dragon Deez Nuts\n|-end|p1a: Dragon Deez Nuts|Protosynthesis|[silent]\n|\n|upkeep\n|\n|t:|1699498456\n|switch|p1a: Bonk|Breloom, F, shiny|100\/100\n|turn|10\n|\n|t:|1699498460\n|move|p2a: Zamazenta|Protect|p2a: Zamazenta\n|-singleturn|p2a: Zamazenta|Protect\n|move|p1a: Bonk|Brick Break|p2a: Zamazenta\n|-activate|p2a: Zamazenta|move: Protect\n|\n|upkeep\n|turn|11\n|\n|t:|1699498468\n|move|p2a: Zamazenta|Moonblast|p1a: Bonk\n|-supereffective|p1a: Bonk\n|-damage|p1a: Bonk|22\/100\n|-unboost|p1a: Bonk|spa|1\n|move|p1a: Bonk|Brick Break|p2a: Zamazenta\n|-supereffective|p2a: Zamazenta\n|-damage|p2a: Zamazenta|0 fnt\n|faint|p2a: Zamazenta\n|\n|-heal|p1a: Bonk|28\/100|[from] item: Leftovers\n|upkeep\n|inactive|nescalazedo has 90 seconds left.\n|\n|t:|1699498501\n|switch|p2a: Calyrex|Calyrex-Shadow|100\/100\n|-ability|p2a: Calyrex|As One\n|-ability|p2a: Calyrex|Unnerve\n|turn|12\n|\n|t:|1699498509\n|move|p1a: Bonk|Protect|p1a: Bonk\n|-singleturn|p1a: Bonk|Protect\n|move|p2a: Calyrex|Body Press|p1a: Bonk\n|-activate|p1a: Bonk|move: Protect\n|\n|-heal|p1a: Bonk|34\/100|[from] item: Leftovers\n|upkeep\n|turn|13\n|\n|t:|1699498520\n|move|p2a: Calyrex|Body Press|p1a: Bonk\n|-damage|p1a: Bonk|9\/100\n|move|p1a: Bonk|Brick Break|p2a: Calyrex\n|-immune|p2a: Calyrex\n|\n|-heal|p1a: Bonk|15\/100|[from] item: Leftovers\n|upkeep\n|turn|14\n|\n|t:|1699498529\n|move|p1a: Bonk|Protect|p1a: Bonk\n|-singleturn|p1a: Bonk|Protect\n|move|p2a: Calyrex|Body Press|p1a: Bonk\n|-activate|p1a: Bonk|move: Protect\n|\n|-heal|p1a: Bonk|21\/100|[from] item: Leftovers\n|upkeep\n|turn|15\n|\n|t:|1699498539\n|move|p2a: Calyrex|Shadow Ball|p1a: Bonk\n|-damage|p1a: Bonk|0 fnt\n|faint|p1a: Bonk\n|-ability|p2a: Calyrex|Grim Neigh|boost\n|-boost|p2a: Calyrex|spa|1\n|\n|upkeep\n|\n|t:|1699498546\n|switch|p1a: MY MAN|Clodsire, M|100\/100\n|turn|16\n|\n|t:|1699498550\n|move|p2a: Calyrex|Shadow Ball|p1a: MY MAN\n|-damage|p1a: MY MAN|41\/100\n|-unboost|p1a: MY MAN|spd|1\n|move|p1a: MY MAN|Toxic Spikes|p2a: Calyrex\n|-sidestart|p2: nescalazedo|move: Toxic Spikes\n|\n|-heal|p1a: MY MAN|47\/100|[from] item: Leftovers\n|upkeep\n|turn|17\n|\n|t:|1699498560\n|move|p2a: Calyrex|Shadow Ball|p1a: MY MAN\n|-damage|p1a: MY MAN|0 fnt\n|faint|p1a: MY MAN\n|-ability|p2a: Calyrex|Grim Neigh|boost\n|-boost|p2a: Calyrex|spa|1\n|\n|upkeep\n|\n|t:|1699498567\n|switch|p1a: TANK|Slaking, M|100\/100\n|turn|18\n|\n|t:|1699498576\n|move|p2a: Calyrex|Shadow Ball|p1a: TANK\n|-immune|p1a: TANK\n|move|p1a: TANK|Bulk Up|p1a: TANK\n|-boost|p1a: TANK|atk|1\n|-boost|p1a: TANK|def|1\n|\n|upkeep\n|turn|19\n|\n|t:|1699498585\n|move|p2a: Calyrex|Body Press|p1a: TANK\n|-supereffective|p1a: TANK\n|-damage|p1a: TANK|85\/100\n|cant|p1a: TANK|ability: Truant\n|\n|-heal|p1a: TANK|91\/100|[from] item: Leftovers\n|upkeep\n|turn|20\n|\n|t:|1699498594\n|move|p2a: Calyrex|Future Sight|p1a: TANK\n|-start|p2a: Calyrex|move: Future Sight\n|move|p1a: TANK|Bulk Up|p1a: TANK\n|-boost|p1a: TANK|atk|1\n|-boost|p1a: TANK|def|1\n|\n|-heal|p1a: TANK|97\/100|[from] item: Leftovers\n|upkeep\n|turn|21\n|\n|t:|1699498604\n|cant|p1a: TANK|ability: Truant\n|move|p2a: Calyrex|Future Sight||[still]\n|-fail|p2a: Calyrex\n|\n|-heal|p1a: TANK|100\/100|[from] item: Leftovers\n|upkeep\n|turn|22\n|\n|t:|1699498611\n|move|p2a: Calyrex|Future Sight||[still]\n|-fail|p2a: Calyrex\n|move|p1a: TANK|Body Slam|p2a: Calyrex\n|-immune|p2a: Calyrex\n|\n|-end|p1a: TANK|move: Future Sight\n|-damage|p1a: TANK|0 fnt\n|faint|p1a: TANK\n|-ability|p2a: Calyrex|Grim Neigh|boost\n|-boost|p2a: Calyrex|spa|1\n|upkeep\n|\n|t:|1699498622\n|switch|p1a: No more dragon >:(|Ninetales-Alola, M, shiny|36\/100\n|turn|23\n|\n|t:|1699498627\n|move|p2a: Calyrex|Body Press|p1a: No more dragon >:(\n|-damage|p1a: No more dragon >:(|10\/100\n|move|p1a: No more dragon >:(|Draining Kiss|p2a: Calyrex\n|-damage|p2a: Calyrex|83\/100\n|-heal|p1a: No more dragon >:(|25\/100|[from] drain|[of] p2a: Calyrex\n|\n|-heal|p1a: No more dragon >:(|31\/100|[from] item: Leftovers\n|upkeep\n|turn|24\n|\n|t:|1699498640\n|-terastallize|p1a: No more dragon >:(|Ice\n|move|p2a: Calyrex|Shadow Ball|p1a: No more dragon >:(\n|-damage|p1a: No more dragon >:(|0 fnt\n|faint|p1a: No more dragon >:(\n|\n|win|nescalazedo\n|raw|Dhdubsysj's rating: 1000 &rarr; <strong>1000<\/strong><br \/>(+0 for losing)\n|raw|nescalazedo's rating: 1000 &rarr; <strong>1040<\/strong><br \/>(+40 for winning)\n|l|\u2606Dhdubsysj\n","uploadtime":1699498675,"views":13,"p1id":"dhdubsysj","p2id":"nescalazedo","formatid":"gen9anythinggoes","rating":1000,"private":0,"password":""}