{"id":"gen9anythinggoes-1985489686","p1":"Ohsnappity","p2":"Danithuzinsky","format":"[Gen 9] Anything Goes","log":"|j|\u2606Ohsnappity\n|j|\u2606Danithuzinsky\n|t:|1699378910\n|gametype|singles\n|player|p1|Ohsnappity|firebreather|1072\n|player|p2|Danithuzinsky|2|1041\n|teamsize|p1|6\n|teamsize|p2|6\n|gen|9\n|tier|[Gen 9] Anything Goes\n|rated|\n|rule|HP Percentage Mod: HP is shown in percentages\n|rule|Endless Battle Clause: Forcing endless battles is banned\n|clearpoke\n|poke|p1|Mew|\n|poke|p1|Cramorant, M|\n|poke|p1|Morpeko, F|\n|poke|p1|Grimmsnarl, M|\n|poke|p1|Tauros-Paldea-Blaze, M|\n|poke|p1|Zoroark-Hisui, F|\n|poke|p2|Salamence, M|\n|poke|p2|Annihilape, F|\n|poke|p2|Gardevoir, F|\n|poke|p2|Charizard, M|\n|poke|p2|Darkrai|\n|poke|p2|Mewtwo|\n|teampreview\n|\n|t:|1699378919\n|start\n|switch|p1a: Morpeko|Morpeko, F, shiny|100\/100\n|switch|p2a: Gardevoir|Gardevoir, F|100\/100\n|-item|p1a: Morpeko|Air Balloon\n|turn|1\n|\n|t:|1699378935\n|move|p1a: Morpeko|Aura Wheel|p2a: Gardevoir\n|-damage|p2a: Gardevoir|21\/100\n|-boost|p1a: Morpeko|spe|1\n|move|p2a: Gardevoir|Moonblast|p1a: Morpeko\n|-supereffective|p1a: Morpeko\n|-damage|p1a: Morpeko|0 fnt\n|-enditem|p1a: Morpeko|Air Balloon\n|faint|p1a: Morpeko\n|\n|upkeep\n|\n|t:|1699378952\n|switch|p1a: Mew|Mew, shiny|100\/100\n|turn|2\n|\n|t:|1699378955\n|move|p1a: Mew|Hyper Voice|p2a: Gardevoir\n|-damage|p2a: Gardevoir|0 fnt\n|faint|p2a: Gardevoir\n|\n|upkeep\n|\n|t:|1699378966\n|switch|p2a: Darkrai|Darkrai|100\/100\n|turn|3\n|\n|t:|1699378973\n|switch|p1a: Tauros|Tauros-Paldea-Blaze, M|100\/100\n|-ability|p1a: Tauros|Intimidate|boost\n|-unboost|p2a: Darkrai|atk|1\n|move|p2a: Darkrai|Hypnosis|p1a: Tauros\n|-status|p1a: Tauros|slp|[from] move: Hypnosis\n|\n|-damage|p1a: Tauros|88\/100 slp|[from] ability: Bad Dreams|[of] p2a: Darkrai\n|upkeep\n|turn|4\n|\n|t:|1699378982\n|move|p2a: Darkrai|Dream Eater|p1a: Tauros\n|-supereffective|p1a: Tauros\n|-damage|p1a: Tauros|11\/100 slp\n|cant|p1a: Tauros|slp\n|\n|-damage|p1a: Tauros|0 fnt|[from] ability: Bad Dreams|[of] p2a: Darkrai\n|faint|p1a: Tauros\n|upkeep\n|\n|t:|1699378988\n|switch|p1a: Grimmsnarl|Grimmsnarl, M, shiny|100\/100\n|turn|5\n|\n|t:|1699378997\n|move|p2a: Darkrai|Hypnosis|p1a: Grimmsnarl|[miss]\n|-miss|p2a: Darkrai|p1a: Grimmsnarl\n|move|p1a: Grimmsnarl|Spirit Break|p2a: Darkrai\n|-supereffective|p2a: Darkrai\n|-damage|p2a: Darkrai|0 fnt\n|faint|p2a: Darkrai\n|\n|upkeep\n|\n|t:|1699379014\n|switch|p2a: Charizard|Charizard, M|100\/100\n|turn|6\n|\n|t:|1699379026\n|move|p2a: Charizard|Protect|p2a: Charizard\n|-singleturn|p2a: Charizard|Protect\n|move|p1a: Grimmsnarl|Metronome|p1a: Grimmsnarl\n|move|p1a: Grimmsnarl|Solar Beam||[from]move: Metronome|[still]\n|-prepare|p1a: Grimmsnarl|Solar Beam\n|\n|upkeep\n|turn|7\n|\n|t:|1699379036\n|move|p2a: Charizard|Flamethrower|p1a: Grimmsnarl\n|-damage|p1a: Grimmsnarl|63\/100\n|-status|p1a: Grimmsnarl|brn\n|move|p1a: Grimmsnarl|Solar Beam|p2a: Charizard|[from]lockedmove\n|-resisted|p2a: Charizard\n|-damage|p2a: Charizard|92\/100\n|\n|-damage|p1a: Grimmsnarl|57\/100 brn|[from] brn\n|upkeep\n|turn|8\n|\n|t:|1699379046\n|move|p1a: Grimmsnarl|Trick|p2a: Charizard\n|-activate|p1a: Grimmsnarl|move: Trick|[of] p2a: Charizard\n|-item|p2a: Charizard|Lagging Tail|[from] move: Trick\n|-item|p1a: Grimmsnarl|Focus Sash|[from] move: Trick\n|move|p2a: Charizard|Ancient Power|p1a: Grimmsnarl\n|-damage|p1a: Grimmsnarl|38\/100 brn\n|\n|-damage|p1a: Grimmsnarl|32\/100 brn|[from] brn\n|upkeep\n|turn|9\n|\n|t:|1699379055\n|move|p1a: Grimmsnarl|Spirit Break|p2a: Charizard\n|-resisted|p2a: Charizard\n|-damage|p2a: Charizard|79\/100\n|-unboost|p2a: Charizard|spa|1\n|move|p2a: Charizard|Ancient Power|p1a: Grimmsnarl\n|-damage|p1a: Grimmsnarl|19\/100 brn\n|\n|-damage|p1a: Grimmsnarl|13\/100 brn|[from] brn\n|upkeep\n|turn|10\n|\n|t:|1699379066\n|move|p1a: Grimmsnarl|Metronome|p1a: Grimmsnarl\n|move|p1a: Grimmsnarl|Baton Pass|p1a: Grimmsnarl|[from]move: Metronome\n|\n|t:|1699379074\n|switch|p1a: Mew|Mew, shiny|100\/100|[from] Baton Pass\n|move|p2a: Charizard|Ancient Power|p1a: Mew\n|-damage|p1a: Mew|91\/100\n|\n|-heal|p1a: Mew|97\/100|[from] item: Leftovers\n|upkeep\n|turn|11\n|\n|t:|1699379084\n|move|p1a: Mew|Fire Spin|p2a: Charizard\n|-resisted|p2a: Charizard\n|-damage|p2a: Charizard|74\/100\n|-activate|p2a: Charizard|move: Fire Spin|[of] p1a: Mew\n|move|p2a: Charizard|Flamethrower|p1a: Mew\n|-damage|p1a: Mew|76\/100\n|\n|-heal|p1a: Mew|82\/100|[from] item: Leftovers\n|-damage|p2a: Charizard|61\/100|[from] move: Fire Spin|[partiallytrapped]\n|upkeep\n|turn|12\n|\n|t:|1699379096\n|move|p1a: Mew|Imprison|p1a: Mew\n|-start|p1a: Mew|move: Imprison\n|move|p2a: Charizard|Ancient Power|p1a: Mew\n|-damage|p1a: Mew|73\/100\n|\n|-heal|p1a: Mew|79\/100|[from] item: Leftovers\n|-damage|p2a: Charizard|49\/100|[from] move: Fire Spin|[partiallytrapped]\n|upkeep\n|turn|13\n|\n|t:|1699379119\n|move|p1a: Mew|Transform|p2a: Charizard\n|-transform|p1a: Mew|p2a: Charizard\n|cant|p2a: Charizard|move: Imprison|Flamethrower\n|\n|-heal|p1a: Mew|85\/100|[from] item: Leftovers\n|-damage|p2a: Charizard|36\/100|[from] move: Fire Spin|[partiallytrapped]\n|upkeep\n|turn|14\n|\n|t:|1699379128\n|move|p1a: Mew|Ancient Power|p2a: Charizard\n|-supereffective|p2a: Charizard\n|-damage|p2a: Charizard|0 fnt\n|-boost|p1a: Mew|atk|1\n|-boost|p1a: Mew|def|1\n|-boost|p1a: Mew|spa|1\n|-boost|p1a: Mew|spd|1\n|-boost|p1a: Mew|spe|1\n|faint|p2a: Charizard\n|\n|-heal|p1a: Mew|91\/100|[from] item: Leftovers\n|upkeep\n|\n|t:|1699379140\n|switch|p2a: Salamence|Salamence, M|100\/100\n|turn|15\n|\n|t:|1699379149\n|move|p1a: Mew|Ancient Power|p2a: Salamence\n|-supereffective|p2a: Salamence\n|-damage|p2a: Salamence|60\/100\n|-boost|p1a: Mew|atk|1\n|-boost|p1a: Mew|def|1\n|-boost|p1a: Mew|spa|1\n|-boost|p1a: Mew|spd|1\n|-boost|p1a: Mew|spe|1\n|move|p2a: Salamence|Dragon Dance|p2a: Salamence\n|-boost|p2a: Salamence|atk|1\n|-boost|p2a: Salamence|spe|1\n|\n|-heal|p1a: Mew|97\/100|[from] item: Leftovers\n|upkeep\n|turn|16\n|\n|t:|1699379161\n|move|p1a: Mew|Ancient Power|p2a: Salamence\n|-supereffective|p2a: Salamence\n|-damage|p2a: Salamence|0 fnt\n|-boost|p1a: Mew|atk|1\n|-boost|p1a: Mew|def|1\n|-boost|p1a: Mew|spa|1\n|-boost|p1a: Mew|spd|1\n|-boost|p1a: Mew|spe|1\n|faint|p2a: Salamence\n|\n|-heal|p1a: Mew|100\/100|[from] item: Leftovers\n|upkeep\n|c|\u2606Ohsnappity|No way\n|c|\u2606Ohsnappity|3\n|\n|t:|1699379179\n|switch|p2a: Annihilape|Annihilape, F|100\/100\n|turn|17\n|\n|t:|1699379188\n|move|p1a: Mew|Air Slash|p2a: Annihilape\n|-supereffective|p2a: Annihilape\n|-damage|p2a: Annihilape|0 fnt\n|faint|p2a: Annihilape\n|\n|upkeep\n|\n|t:|1699379195\n|switch|p2a: Mewtwo|Mewtwo|100\/100\n|-ability|p2a: Mewtwo|Unnerve\n|turn|18\n|\n|t:|1699379201\n|move|p1a: Mew|Flamethrower|p2a: Mewtwo\n|-damage|p2a: Mewtwo|27\/100\n|move|p2a: Mewtwo|Psystrike|p1a: Mew\n|-damage|p1a: Mew|72\/100\n|\n|-heal|p1a: Mew|78\/100|[from] item: Leftovers\n|upkeep\n|turn|19\n|c|\u2606Ohsnappity|GG\n|\n|t:|1699379213\n|move|p1a: Mew|Flamethrower|p2a: Mewtwo\n|-damage|p2a: Mewtwo|0 fnt\n|faint|p2a: Mewtwo\n|\n|win|Ohsnappity\n|raw|Ohsnappity's rating: 1072 &rarr; <strong>1099<\/strong><br \/>(+27 for winning)\n|raw|Danithuzinsky's rating: 1041 &rarr; <strong>1026<\/strong><br \/>(-15 for losing)\n|l|\u2606Danithuzinsky\n","uploadtime":1699379239,"views":6,"p1id":"ohsnappity","p2id":"danithuzinsky","formatid":"gen9anythinggoes","rating":1026,"private":0,"password":""}