{"id":"gen9anythinggoes-1981836387","p1":"KingB3e","p2":"PokeManZay","format":"[Gen 9] Anything Goes","log":"|j|\u2606KingB3e\n|j|\u2606PokeManZay\n|t:|1698945283\n|gametype|singles\n|player|p1|KingB3e|blackbelt-gen4dp|\n|player|p2|PokeManZay|alder|\n|teamsize|p1|6\n|teamsize|p2|6\n|gen|9\n|tier|[Gen 9] Anything Goes\n|rule|HP Percentage Mod: HP is shown in percentages\n|rule|Endless Battle Clause: Forcing endless battles is banned\n|clearpoke\n|poke|p1|Armarouge, F|\n|poke|p1|Koraidon|\n|poke|p1|Cyclizar, F|\n|poke|p1|Glimmora, M|\n|poke|p1|Flutter Mane|\n|poke|p1|Houndstone, F|\n|poke|p2|Grafaiai, F|\n|poke|p2|Chien-Pao|\n|poke|p2|Dragonite, F|\n|poke|p2|Pawmot, M|\n|poke|p2|Cyclizar, M|\n|poke|p2|Ceruledge, M|\n|teampreview\n|\n|t:|1698945289\n|start\n|switch|p1a: Glimmora|Glimmora, M|100\/100\n|switch|p2a: Wheelee|Cyclizar, M, shiny|100\/100\n|turn|1\n|\n|t:|1698945303\n|move|p2a: Wheelee|Shed Tail|p2a: Wheelee\n|-start|p2a: Wheelee|Substitute|[from] move: Shed Tail\n|-damage|p2a: Wheelee|50\/100\n|\n|t:|1698945306\n|switch|p2a: She-Hulk|Dragonite, F, shiny|100\/100|[from] Shed Tail\n|move|p1a: Glimmora|Stealth Rock|p2a: She-Hulk\n|-sidestart|p2: PokeManZay|move: Stealth Rock\n|\n|upkeep\n|turn|2\n|\n|t:|1698945324\n|switch|p1a: Flutter Mane|Flutter Mane|100\/100\n|-enditem|p1a: Flutter Mane|Booster Energy\n|-activate|p1a: Flutter Mane|ability: Protosynthesis|[fromitem]\n|-start|p1a: Flutter Mane|protosynthesisspe\n|move|p2a: She-Hulk|Dragon Dance|p2a: She-Hulk\n|-boost|p2a: She-Hulk|atk|1\n|-boost|p2a: She-Hulk|spe|1\n|\n|upkeep\n|turn|3\n|\n|t:|1698945339\n|move|p1a: Flutter Mane|Moonblast|p2a: She-Hulk\n|-supereffective|p2a: She-Hulk\n|-end|p2a: She-Hulk|Substitute\n|move|p2a: She-Hulk|Dragon Dance|p2a: She-Hulk\n|-boost|p2a: She-Hulk|atk|1\n|-boost|p2a: She-Hulk|spe|1\n|\n|upkeep\n|turn|4\n|\n|t:|1698945355\n|-terastallize|p2a: She-Hulk|Ghost\n|move|p1a: Flutter Mane|Moonblast|p2a: She-Hulk\n|-damage|p2a: She-Hulk|74\/100\n|move|p2a: She-Hulk|Fly||[still]\n|-prepare|p2a: She-Hulk|Fly\n|\n|upkeep\n|turn|5\n|\n|t:|1698945365\n|move|p1a: Flutter Mane|Calm Mind|p1a: Flutter Mane\n|-boost|p1a: Flutter Mane|spa|1\n|-boost|p1a: Flutter Mane|spd|1\n|move|p2a: She-Hulk|Fly|p1a: Flutter Mane|[from]lockedmove\n|-damage|p1a: Flutter Mane|0 fnt\n|faint|p1a: Flutter Mane\n|-end|p1a: Flutter Mane|Protosynthesis|[silent]\n|\n|upkeep\n|\n|t:|1698945374\n|switch|p1a: Cyclizar|Cyclizar, F|100\/100\n|turn|6\n|\n|t:|1698945380\n|move|p1a: Cyclizar|Shed Tail|p1a: Cyclizar\n|-start|p1a: Cyclizar|Substitute|[from] move: Shed Tail\n|-damage|p1a: Cyclizar|50\/100\n|\n|t:|1698945386\n|switch|p1a: Koraidon|Koraidon|100\/100|[from] Shed Tail\n|-weather|SunnyDay|[from] ability: Orichalcum Pulse|[of] p1a: Koraidon\n|-activate|p1a: Koraidon|Orichalcum Pulse|[source]\n|move|p2a: She-Hulk|Dragon Rush|p1a: Koraidon\n|-supereffective|p1a: Koraidon\n|-end|p1a: Koraidon|Substitute\n|\n|-weather|SunnyDay|[upkeep]\n|upkeep\n|turn|7\n|\n|t:|1698945402\n|-terastallize|p1a: Koraidon|Fire\n|move|p2a: She-Hulk|Fly||[still]\n|-prepare|p2a: She-Hulk|Fly\n|move|p1a: Koraidon|Fire Fang|p2a: She-Hulk|[miss]\n|-miss|p1a: Koraidon|p2a: She-Hulk\n|\n|-weather|SunnyDay|[upkeep]\n|upkeep\n|turn|8\n|\n|t:|1698945411\n|move|p2a: She-Hulk|Fly|p1a: Koraidon|[from]lockedmove\n|-damage|p1a: Koraidon|1\/100\n|move|p1a: Koraidon|Fire Fang|p2a: She-Hulk\n|-damage|p2a: She-Hulk|0 fnt\n|faint|p2a: She-Hulk\n|-damage|p1a: Koraidon|0 fnt|[from] item: Life Orb\n|faint|p1a: Koraidon\n|\n|-weather|SunnyDay|[upkeep]\n|upkeep\n|\n|t:|1698945431\n|switch|p1a: Glimmora|Glimmora, M|100\/100\n|switch|p2a: Hampter|Pawmot, M, shiny|100\/100\n|-damage|p2a: Hampter|94\/100|[from] Stealth Rock\n|turn|9\n|\n|t:|1698945441\n|move|p2a: Hampter|Revival Blessing|p2a: Hampter\n|\n|t:|1698945451\n|-heal|p2: She-Hulk|50\/100|[from] move: Revival Blessing\n|move|p1a: Glimmora|Earth Power|p2a: Hampter\n|-supereffective|p2a: Hampter\n|-crit|p2a: Hampter\n|-damage|p2a: Hampter|0 fnt\n|faint|p2a: Hampter\n|\n|-weather|SunnyDay|[upkeep]\n|upkeep\n|\n|t:|1698945469\n|switch|p2a: Wheelee|Cyclizar, M, shiny|83\/100\n|-damage|p2a: Wheelee|71\/100|[from] Stealth Rock\n|turn|10\n|\n|t:|1698945480\n|switch|p1a: Armarouge|Armarouge, F|100\/100\n|move|p2a: Wheelee|Shed Tail|p2a: Wheelee\n|-start|p2a: Wheelee|Substitute|[from] move: Shed Tail\n|-damage|p2a: Wheelee|21\/100\n|-enditem|p2a: Wheelee|Figy Berry|[eat]\n|-heal|p2a: Wheelee|54\/100|[from] item: Figy Berry\n|\n|t:|1698945487\n|switch|p2a: Ceruledge|Ceruledge, M, shiny|100\/100|[from] Shed Tail\n|-damage|p2a: Ceruledge|76\/100|[from] Stealth Rock\n|\n|-weather|none\n|upkeep\n|turn|11\n|\n|t:|1698945501\n|move|p2a: Ceruledge|Night Slash|p1a: Armarouge\n|-supereffective|p1a: Armarouge\n|-damage|p1a: Armarouge|61\/100\n|-enditem|p1a: Armarouge|Weakness Policy\n|-boost|p1a: Armarouge|atk|2|[from] item: Weakness Policy\n|-boost|p1a: Armarouge|spa|2|[from] item: Weakness Policy\n|move|p1a: Armarouge|Expanding Force|p2a: Ceruledge\n|-end|p2a: Ceruledge|Substitute\n|\n|upkeep\n|turn|12\n|\n|t:|1698945514\n|move|p2a: Ceruledge|Poltergeist||[still]\n|-fail|p2a: Ceruledge\n|move|p1a: Armarouge|Expanding Force|p2a: Ceruledge\n|-damage|p2a: Ceruledge|0 fnt\n|faint|p2a: Ceruledge\n|\n|upkeep\n|\n|t:|1698945527\n|switch|p2a: Venom|Grafaiai, F, shiny|100\/100\n|-damage|p2a: Venom|88\/100|[from] Stealth Rock\n|turn|13\n|\n|t:|1698945532\n|move|p2a: Venom|Toxic|p1a: Armarouge\n|-status|p1a: Armarouge|tox\n|move|p1a: Armarouge|Expanding Force|p2a: Venom\n|-supereffective|p2a: Venom\n|-damage|p2a: Venom|0 fnt\n|faint|p2a: Venom\n|\n|-damage|p1a: Armarouge|55\/100 tox|[from] psn\n|upkeep\n|\n|t:|1698945547\n|switch|p2a: Chien-Pao|Chien-Pao|100\/100\n|-damage|p2a: Chien-Pao|76\/100|[from] Stealth Rock\n|-ability|p2a: Chien-Pao|Sword of Ruin\n|turn|14\n|\n|t:|1698945557\n|move|p2a: Chien-Pao|Crunch|p1a: Armarouge\n|-supereffective|p1a: Armarouge\n|-damage|p1a: Armarouge|0 fnt\n|faint|p1a: Armarouge\n|\n|upkeep\n|\n|t:|1698945575\n|switch|p1a: Glimmora|Glimmora, M|100\/100\n|turn|15\n|\n|t:|1698945586\n|move|p2a: Chien-Pao|Crunch|p1a: Glimmora\n|-damage|p1a: Glimmora|27\/100\n|-activate|p1a: Glimmora|ability: Toxic Debris\n|-sidestart|p2: PokeManZay|move: Toxic Spikes\n|move|p1a: Glimmora|Earth Power|p2a: Chien-Pao\n|-damage|p2a: Chien-Pao|21\/100\n|\n|upkeep\n|turn|16\n|\n|t:|1698945595\n|move|p2a: Chien-Pao|Crunch|p1a: Glimmora\n|-damage|p1a: Glimmora|0 fnt\n|-activate|p1a: Glimmora|ability: Toxic Debris\n|-sidestart|p2: PokeManZay|move: Toxic Spikes\n|faint|p1a: Glimmora\n|\n|upkeep\n|\n|t:|1698945603\n|switch|p1a: Cyclizar|Cyclizar, F|84\/100\n|turn|17\n|\n|t:|1698945610\n|move|p1a: Cyclizar|Shed Tail|p1a: Cyclizar\n|-start|p1a: Cyclizar|Substitute|[from] move: Shed Tail\n|-damage|p1a: Cyclizar|34\/100\n|\n|t:|1698945613\n|switch|p1a: Houndstone|Houndstone, F|100\/100|[from] Shed Tail\n|move|p2a: Chien-Pao|Ice Fang|p1a: Houndstone\n|-end|p1a: Houndstone|Substitute\n|\n|upkeep\n|turn|18\n|\n|t:|1698945622\n|move|p2a: Chien-Pao|Crunch|p1a: Houndstone\n|-supereffective|p1a: Houndstone\n|-damage|p1a: Houndstone|0 fnt\n|faint|p1a: Houndstone\n|\n|upkeep\n|\n|t:|1698945629\n|switch|p1a: Cyclizar|Cyclizar, F|67\/100\n|turn|19\n|\n|t:|1698945635\n|move|p1a: Cyclizar|Draco Meteor|p2a: Chien-Pao\n|-damage|p2a: Chien-Pao|0 fnt\n|-unboost|p1a: Cyclizar|spa|2\n|faint|p2a: Chien-Pao\n|\n|upkeep\n|\n|t:|1698945645\n|switch|p2a: She-Hulk|Dragonite, F, shiny|50\/100\n|-damage|p2a: She-Hulk|26\/100|[from] Stealth Rock\n|turn|20\n|\n|t:|1698945658\n|move|p1a: Cyclizar|Draco Meteor|p2a: She-Hulk|[miss]\n|-miss|p1a: Cyclizar|p2a: She-Hulk\n|move|p2a: She-Hulk|Dragon Rush|p1a: Cyclizar\n|-supereffective|p1a: Cyclizar\n|-damage|p1a: Cyclizar|0 fnt\n|faint|p1a: Cyclizar\n|\n|win|PokeManZay\n|l|\u2606KingB3e\n","uploadtime":1698945698,"views":13,"p1id":"kingb3e","p2id":"pokemanzay","formatid":"gen9anythinggoes","rating":0,"private":0,"password":""}