{"id":"gen9anythinggoes-1989324234","p1":"Soggy3773","p2":"JokeTeamMaker","format":"[Gen 9] Anything Goes","log":"|j|\u2606Soggy3773\n|j|\u2606JokeTeamMaker\n|t:|1699836443\n|gametype|singles\n|player|p1|Soggy3773|170|1000\n|player|p2|JokeTeamMaker|maid|1088\n|teamsize|p1|6\n|teamsize|p2|6\n|gen|9\n|tier|[Gen 9] Anything Goes\n|rated|\n|rule|HP Percentage Mod: HP is shown in percentages\n|rule|Endless Battle Clause: Forcing endless battles is banned\n|clearpoke\n|poke|p1|Maushold-Four|\n|poke|p1|Maushold-Four|\n|poke|p1|Maushold-Four|\n|poke|p1|Maushold-Four|\n|poke|p1|Maushold-Four|\n|poke|p1|Maushold-Four|\n|poke|p2|Weavile, F|\n|poke|p2|Slowking, M|\n|poke|p2|Sandy Shocks|\n|poke|p2|Alomomola, F|\n|poke|p2|Azumarill, F|\n|poke|p2|Cresselia, F|\n|teampreview\n|\n|t:|1699836447\n|start\n|switch|p1a: Maushold|Maushold-Four|100\/100\n|switch|p2a: Random Weavile|Weavile, F|100\/100\n|-ability|p2a: Random Weavile|Pressure\n|turn|1\n|\n|t:|1699836457\n|move|p1a: Maushold|Population Bomb|p2a: Random Weavile\n|-damage|p2a: Random Weavile|80\/100\n|-damage|p2a: Random Weavile|59\/100\n|-damage|p2a: Random Weavile|40\/100\n|-damage|p2a: Random Weavile|19\/100\n|-damage|p2a: Random Weavile|0 fnt\n|faint|p2a: Random Weavile\n|-hitcount|p2: Random Weavile|5\n|\n|upkeep\n|\n|t:|1699836467\n|switch|p2a: Random Slowking|Slowking, M|100\/100\n|turn|2\n|\n|t:|1699836472\n|move|p1a: Maushold|Population Bomb|p2a: Random Slowking\n|-damage|p2a: Random Slowking|92\/100\n|-damage|p2a: Random Slowking|83\/100\n|-damage|p2a: Random Slowking|74\/100\n|-damage|p2a: Random Slowking|65\/100\n|-damage|p2a: Random Slowking|55\/100\n|-damage|p2a: Random Slowking|46\/100\n|-damage|p2a: Random Slowking|37\/100\n|-crit|p2a: Random Slowking\n|-damage|p2a: Random Slowking|24\/100\n|-damage|p2a: Random Slowking|15\/100\n|-damage|p2a: Random Slowking|7\/100\n|-hitcount|p2a: Random Slowking|10\n|move|p2a: Random Slowking|Future Sight|p1a: Maushold\n|-start|p2a: Random Slowking|move: Future Sight\n|\n|upkeep\n|turn|3\n|\n|t:|1699836489\n|move|p1a: Maushold|Population Bomb|p2a: Random Slowking\n|-damage|p2a: Random Slowking|0 fnt\n|faint|p2a: Random Slowking\n|-hitcount|p2: Random Slowking|1\n|\n|upkeep\n|\n|t:|1699836498\n|switch|p2a: Random Shocks|Sandy Shocks|100\/100\n|-enditem|p2a: Random Shocks|Booster Energy\n|-activate|p2a: Random Shocks|ability: Protosynthesis|[fromitem]\n|-start|p2a: Random Shocks|protosynthesisspa\n|turn|4\n|\n|t:|1699836518\n|move|p1a: Maushold|Population Bomb|p2a: Random Shocks\n|-damage|p2a: Random Shocks|87\/100\n|-damage|p2a: Random Shocks|73\/100\n|-damage|p2a: Random Shocks|59\/100\n|-damage|p2a: Random Shocks|45\/100\n|-damage|p2a: Random Shocks|32\/100\n|-damage|p2a: Random Shocks|19\/100\n|-damage|p2a: Random Shocks|5\/100\n|-damage|p2a: Random Shocks|0 fnt\n|faint|p2a: Random Shocks\n|-end|p2a: Random Shocks|Protosynthesis|[silent]\n|-hitcount|p2: Random Shocks|8\n|\n|-end|p1a: Maushold|move: Future Sight\n|-damage|p1a: Maushold|35\/100\n|upkeep\n|\n|t:|1699836534\n|switch|p2a: Random Fish|Alomomola, F|100\/100\n|turn|5\n|\n|t:|1699836538\n|move|p1a: Maushold|Population Bomb|p2a: Random Fish\n|-damage|p2a: Random Fish|94\/100\n|-damage|p1a: Maushold|19\/100|[from] item: Rocky Helmet|[of] p2a: Random Fish\n|-damage|p2a: Random Fish|88\/100\n|-damage|p1a: Maushold|2\/100|[from] item: Rocky Helmet|[of] p2a: Random Fish\n|-damage|p2a: Random Fish|81\/100\n|-damage|p1a: Maushold|0 fnt|[from] item: Rocky Helmet|[of] p2a: Random Fish\n|faint|p1a: Maushold\n|-hitcount|p2a: Random Fish|3\n|move|p2a: Random Fish|Wish|p2a: Random Fish\n|\n|upkeep\n|\n|t:|1699836551\n|switch|p1a: Maushold|Maushold-Four|100\/100\n|turn|6\n|\n|t:|1699836557\n|move|p2a: Random Fish|Protect|p2a: Random Fish\n|-singleturn|p2a: Random Fish|Protect\n|move|p1a: Maushold|Population Bomb|p2a: Random Fish\n|-activate|p2a: Random Fish|move: Protect\n|\n|-heal|p2a: Random Fish|100\/100|[from] move: Wish|[wisher] Random Fish\n|upkeep\n|turn|7\n|\n|t:|1699836567\n|move|p1a: Maushold|Population Bomb|p2a: Random Fish\n|-damage|p2a: Random Fish|94\/100\n|-damage|p1a: Maushold|84\/100|[from] item: Rocky Helmet|[of] p2a: Random Fish\n|-damage|p2a: Random Fish|87\/100\n|-damage|p1a: Maushold|67\/100|[from] item: Rocky Helmet|[of] p2a: Random Fish\n|-damage|p2a: Random Fish|81\/100\n|-damage|p1a: Maushold|51\/100|[from] item: Rocky Helmet|[of] p2a: Random Fish\n|-damage|p2a: Random Fish|74\/100\n|-damage|p1a: Maushold|34\/100|[from] item: Rocky Helmet|[of] p2a: Random Fish\n|-crit|p2a: Random Fish\n|-damage|p2a: Random Fish|64\/100\n|-damage|p1a: Maushold|18\/100|[from] item: Rocky Helmet|[of] p2a: Random Fish\n|-hitcount|p2a: Random Fish|5\n|move|p2a: Random Fish|Wish|p2a: Random Fish\n|\n|upkeep\n|turn|8\n|\n|t:|1699836585\n|move|p2a: Random Fish|Protect|p2a: Random Fish\n|-singleturn|p2a: Random Fish|Protect\n|move|p1a: Maushold|Population Bomb|p2a: Random Fish\n|-activate|p2a: Random Fish|move: Protect\n|\n|-heal|p2a: Random Fish|100\/100|[from] move: Wish|[wisher] Random Fish\n|upkeep\n|turn|9\n|\n|t:|1699836594\n|move|p1a: Maushold|Population Bomb|p2a: Random Fish|[miss]\n|-miss|p1a: Maushold|p2a: Random Fish\n|move|p2a: Random Fish|Wish|p2a: Random Fish\n|\n|upkeep\n|turn|10\n|\n|t:|1699836600\n|move|p1a: Maushold|Population Bomb|p2a: Random Fish\n|-damage|p2a: Random Fish|94\/100\n|-damage|p1a: Maushold|1\/100|[from] item: Rocky Helmet|[of] p2a: Random Fish\n|-damage|p2a: Random Fish|88\/100\n|-damage|p1a: Maushold|0 fnt|[from] item: Rocky Helmet|[of] p2a: Random Fish\n|faint|p1a: Maushold\n|-hitcount|p2a: Random Fish|2\n|move|p2a: Random Fish|Scald|p1: Maushold|[notarget]\n|-fail|p2a: Random Fish\n|\n|-heal|p2a: Random Fish|100\/100|[from] move: Wish|[wisher] Random Fish\n|upkeep\n|\n|t:|1699836613\n|switch|p1a: Maushold|Maushold-Four|100\/100\n|turn|11\n|\n|t:|1699836625\n|move|p1a: Maushold|Low Kick|p2a: Random Fish\n|-crit|p2a: Random Fish\n|-damage|p2a: Random Fish|83\/100\n|-damage|p1a: Maushold|84\/100|[from] item: Rocky Helmet|[of] p2a: Random Fish\n|move|p2a: Random Fish|Wish|p2a: Random Fish\n|\n|upkeep\n|turn|12\n|\n|t:|1699836632\n|move|p2a: Random Fish|Protect|p2a: Random Fish\n|-singleturn|p2a: Random Fish|Protect\n|move|p1a: Maushold|Low Kick|p2a: Random Fish\n|-activate|p2a: Random Fish|move: Protect\n|\n|-heal|p2a: Random Fish|100\/100|[from] move: Wish|[wisher] Random Fish\n|upkeep\n|turn|13\n|\n|t:|1699836639\n|move|p1a: Maushold|Low Kick|p2a: Random Fish\n|-damage|p2a: Random Fish|88\/100\n|-damage|p1a: Maushold|67\/100|[from] item: Rocky Helmet|[of] p2a: Random Fish\n|move|p2a: Random Fish|Wish|p2a: Random Fish\n|\n|upkeep\n|turn|14\n|\n|t:|1699836647\n|move|p1a: Maushold|Low Kick|p2a: Random Fish\n|-damage|p2a: Random Fish|76\/100\n|-damage|p1a: Maushold|51\/100|[from] item: Rocky Helmet|[of] p2a: Random Fish\n|move|p2a: Random Fish|Scald|p1a: Maushold\n|-damage|p1a: Maushold|29\/100\n|\n|-heal|p2a: Random Fish|100\/100|[from] move: Wish|[wisher] Random Fish\n|upkeep\n|turn|15\n|\n|t:|1699836657\n|move|p1a: Maushold|Low Kick|p2a: Random Fish\n|-damage|p2a: Random Fish|89\/100\n|-damage|p1a: Maushold|13\/100|[from] item: Rocky Helmet|[of] p2a: Random Fish\n|move|p2a: Random Fish|Wish|p2a: Random Fish\n|\n|upkeep\n|turn|16\n|\n|t:|1699836665\n|move|p1a: Maushold|Low Kick|p2a: Random Fish\n|-damage|p2a: Random Fish|77\/100\n|-damage|p1a: Maushold|0 fnt|[from] item: Rocky Helmet|[of] p2a: Random Fish\n|faint|p1a: Maushold\n|move|p2a: Random Fish|Scald|p1: Maushold|[notarget]\n|-fail|p2a: Random Fish\n|\n|-heal|p2a: Random Fish|100\/100|[from] move: Wish|[wisher] Random Fish\n|upkeep\n|\n|t:|1699836675\n|switch|p1a: Maushold|Maushold-Four|100\/100\n|turn|17\n|\n|t:|1699836682\n|move|p1a: Maushold|Aerial Ace|p2a: Random Fish\n|-damage|p2a: Random Fish|87\/100\n|-damage|p1a: Maushold|84\/100|[from] item: Rocky Helmet|[of] p2a: Random Fish\n|move|p2a: Random Fish|Wish|p2a: Random Fish\n|\n|upkeep\n|turn|18\n|\n|t:|1699836692\n|move|p1a: Maushold|Aerial Ace|p2a: Random Fish\n|-damage|p2a: Random Fish|74\/100\n|-damage|p1a: Maushold|67\/100|[from] item: Rocky Helmet|[of] p2a: Random Fish\n|move|p2a: Random Fish|Scald|p1a: Maushold\n|-damage|p1a: Maushold|48\/100\n|\n|-heal|p2a: Random Fish|100\/100|[from] move: Wish|[wisher] Random Fish\n|upkeep\n|turn|19\n|-message|Soggy3773 forfeited.\n|\n|win|JokeTeamMaker\n|raw|Soggy3773's rating: 1000 &rarr; <strong>1000<\/strong><br \/>(+0 for losing)\n|raw|JokeTeamMaker's rating: 1088 &rarr; <strong>1108<\/strong><br \/>(+20 for winning)\n|l|\u2606Soggy3773\n","uploadtime":1699836718,"views":15,"p1id":"soggy3773","p2id":"joketeammaker","formatid":"gen9anythinggoes","rating":1000,"private":0,"password":""}