{"id":"gen9anythinggoes-1993108597","p1":"Kadodis","p2":"Selfmade77","format":"[Gen 9] Anything Goes","log":"|j|\u2606Kadodis\n|j|\u2606Selfmade77\n|t:|1700265745\n|gametype|singles\n|player|p1|Kadodis|pokemonranger|1109\n|player|p2|Selfmade77|lance|1197\n|teamsize|p1|6\n|teamsize|p2|6\n|gen|9\n|tier|[Gen 9] Anything Goes\n|rated|\n|rule|HP Percentage Mod: HP is shown in percentages\n|rule|Endless Battle Clause: Forcing endless battles is banned\n|clearpoke\n|poke|p1|Weavile, F|\n|poke|p1|Kommo-o, M|\n|poke|p1|Sandaconda, F|\n|poke|p1|Salamence, M|\n|poke|p1|Cloyster, M|\n|poke|p1|Basculegion, M|\n|poke|p2|Mandibuzz, F|\n|poke|p2|Gliscor, M|\n|poke|p2|Sneasler, M|\n|poke|p2|Miraidon|\n|poke|p2|Calyrex-Shadow|\n|poke|p2|Koraidon|\n|teampreview\n|\n|t:|1700265762\n|start\n|switch|p1a: Dragondezznutz|Salamence, M|100\/100\n|switch|p2a: Sneasler|Sneasler, M|100\/100\n|turn|1\n|\n|t:|1700265785\n|move|p2a: Sneasler|Swords Dance|p2a: Sneasler\n|-boost|p2a: Sneasler|atk|2\n|move|p1a: Dragondezznutz|Dragon Dance|p1a: Dragondezznutz\n|-boost|p1a: Dragondezznutz|atk|1\n|-boost|p1a: Dragondezznutz|spe|1\n|\n|upkeep\n|turn|2\n|\n|t:|1700265801\n|move|p1a: Dragondezznutz|Dragon Dance|p1a: Dragondezznutz\n|-boost|p1a: Dragondezznutz|atk|1\n|-boost|p1a: Dragondezznutz|spe|1\n|move|p2a: Sneasler|Dire Claw|p1a: Dragondezznutz\n|-damage|p1a: Dragondezznutz|22\/100\n|-damage|p2a: Sneasler|84\/100|[from] item: Rocky Helmet|[of] p1a: Dragondezznutz\n|\n|upkeep\n|turn|3\n|\n|t:|1700265809\n|move|p1a: Dragondezznutz|Dual Wingbeat|p2a: Sneasler|[miss]\n|-miss|p1a: Dragondezznutz|p2a: Sneasler\n|move|p2a: Sneasler|Dire Claw|p1a: Dragondezznutz\n|-damage|p1a: Dragondezznutz|0 fnt\n|-damage|p2a: Sneasler|67\/100|[from] item: Rocky Helmet|[of] p1a: Dragondezznutz\n|faint|p1a: Dragondezznutz\n|\n|upkeep\n|\n|t:|1700265818\n|switch|p1a: Sandaconda|Sandaconda, F|100\/100\n|turn|4\n|\n|t:|1700265829\n|move|p2a: Sneasler|Close Combat|p1a: Sandaconda\n|-damage|p1a: Sandaconda|5\/100\n|-unboost|p2a: Sneasler|def|1\n|-unboost|p2a: Sneasler|spd|1\n|move|p1a: Sandaconda|Coil|p1a: Sandaconda\n|-boost|p1a: Sandaconda|atk|1\n|-boost|p1a: Sandaconda|def|1\n|-boost|p1a: Sandaconda|accuracy|1\n|\n|-heal|p1a: Sandaconda|11\/100|[from] item: Leftovers\n|upkeep\n|turn|5\n|\n|t:|1700265838\n|move|p2a: Sneasler|Dire Claw|p1a: Sandaconda\n|-resisted|p1a: Sandaconda\n|-damage|p1a: Sandaconda|0 fnt\n|faint|p1a: Sandaconda\n|\n|upkeep\n|\n|t:|1700265843\n|switch|p1a: Cool shiny|Kommo-o, M, shiny|100\/100\n|turn|6\n|\n|t:|1700265847\n|move|p2a: Sneasler|Dire Claw|p1a: Cool shiny\n|-damage|p1a: Cool shiny|36\/100\n|move|p1a: Cool shiny|Earthquake|p2a: Sneasler\n|-supereffective|p2a: Sneasler\n|-damage|p2a: Sneasler|0 fnt\n|faint|p2a: Sneasler\n|\n|upkeep\n|\n|t:|1700265854\n|switch|p2a: Miraidon|Miraidon|100\/100\n|-fieldstart|move: Electric Terrain|[from] ability: Hadron Engine|[of] p2a: Miraidon\n|turn|7\n|\n|t:|1700265865\n|-terastallize|p2a: Miraidon|Fairy\n|move|p2a: Miraidon|Agility|p2a: Miraidon\n|-boost|p2a: Miraidon|spe|2\n|move|p1a: Cool shiny|Earthquake|p2a: Miraidon\n|-damage|p2a: Miraidon|76\/100\n|\n|-heal|p2a: Miraidon|82\/100|[from] item: Leftovers\n|upkeep\n|turn|8\n|\n|t:|1700265874\n|move|p2a: Miraidon|Calm Mind|p2a: Miraidon\n|-boost|p2a: Miraidon|spa|1\n|-boost|p2a: Miraidon|spd|1\n|move|p1a: Cool shiny|Dragon Tail|p2a: Miraidon\n|-immune|p2a: Miraidon\n|\n|-heal|p2a: Miraidon|88\/100|[from] item: Leftovers\n|upkeep\n|turn|9\n|\n|t:|1700265880\n|move|p2a: Miraidon|Dazzling Gleam|p1a: Cool shiny\n|-supereffective|p1a: Cool shiny\n|-damage|p1a: Cool shiny|0 fnt\n|faint|p1a: Cool shiny\n|\n|-heal|p2a: Miraidon|94\/100|[from] item: Leftovers\n|upkeep\n|\n|t:|1700265886\n|switch|p1a: Barney|Weavile, F, shiny|100\/100\n|-ability|p1a: Barney|Pressure\n|turn|10\n|\n|t:|1700265892\n|move|p2a: Miraidon|Parabolic Charge|p1a: Barney\n|-damage|p1a: Barney|0 fnt\n|-heal|p2a: Miraidon|100\/100|[from] drain|[of] p1a: Barney\n|faint|p1a: Barney\n|\n|upkeep\n|\n|t:|1700265901\n|switch|p1a: She\u2019ll|Cloyster, M, shiny|100\/100\n|turn|11\n|c|\u2606Selfmade77|I am yawning bro\n|c|\u2606Selfmade77|play better\n|\n|t:|1700265910\n|move|p2a: Miraidon|Parabolic Charge|p1a: She\u2019ll\n|-supereffective|p1a: She\u2019ll\n|-damage|p1a: She\u2019ll|0 fnt\n|faint|p1a: She\u2019ll\n|\n|-fieldend|move: Electric Terrain\n|upkeep\n|l|\u2606Kadodis\n|player|p1|\n|j|\u2606Kadodis\n|player|p1|Kadodis|pokemonranger\n|c|\u2606Kadodis|Shut the fuck up you little toxic piece of shit\n|c|\u2606Kadodis|im just trying my new team\n|\n|t:|1700265951\n|switch|p1a: Basculegion|Basculegion, M, shiny|100\/100\n|turn|12\n|c|\u2606Selfmade77|bad player bro\n|c|\u2606Selfmade77|its okay\n|c|\u2606Selfmade77|nobody is perfect\n|c|\u2606Selfmade77|lick my milk now pls\n|\n|t:|1700265975\n|-terastallize|p1a: Basculegion|Ghost\n|move|p2a: Miraidon|Parabolic Charge|p1a: Basculegion\n|-damage|p1a: Basculegion|39\/100\n|move|p1a: Basculegion|Last Respects|p2a: Miraidon\n|-damage|p2a: Miraidon|0 fnt\n|faint|p2a: Miraidon\n|\n|upkeep\n|\n|t:|1700265981\n|switch|p2a: Mandibuzz|Mandibuzz, F|100\/100\n|turn|13\n|\n|t:|1700265985\n|move|p1a: Basculegion|Last Respects|p2a: Mandibuzz\n|-resisted|p2a: Mandibuzz\n|-damage|p2a: Mandibuzz|53\/100\n|move|p2a: Mandibuzz|Knock Off|p1a: Basculegion\n|-supereffective|p1a: Basculegion\n|-damage|p1a: Basculegion|0 fnt\n|-enditem|p1a: Basculegion|Choice Scarf|[from] move: Knock Off|[of] p2a: Mandibuzz\n|faint|p1a: Basculegion\n|\n|win|Selfmade77\n|raw|Kadodis's rating: 1109 &rarr; <strong>1090<\/strong><br \/>(-19 for losing)\n|raw|Selfmade77's rating: 1197 &rarr; <strong>1216<\/strong><br \/>(+19 for winning)\n","uploadtime":1700265940,"views":7,"p1id":"kadodis","p2id":"selfmade77","formatid":"gen9anythinggoes","rating":1090,"private":0,"password":""}