{"id":"gen9anythinggoes-1987921770","p1":"Pizzahead36","p2":"lutherblac","format":"[Gen 9] Anything Goes","log":"|j|\u2606Pizzahead36\n|j|\u2606lutherblac\n|t:|1699649394\n|gametype|singles\n|player|p1|Pizzahead36|169|1058\n|player|p2|lutherblac|lance|1111\n|teamsize|p1|6\n|teamsize|p2|6\n|gen|9\n|tier|[Gen 9] Anything Goes\n|rated|\n|rule|HP Percentage Mod: HP is shown in percentages\n|rule|Endless Battle Clause: Forcing endless battles is banned\n|clearpoke\n|poke|p1|Ninetales, M|\n|poke|p1|Shinx, M|\n|poke|p1|Salandit, M|\n|poke|p1|Falinks|\n|poke|p1|Frigibax, M|\n|poke|p1|Brambleghast, F|\n|poke|p2|Gyarados, M|\n|poke|p2|Perrserker, M|\n|poke|p2|Eternatus|\n|poke|p2|Regieleki|\n|poke|p2|Perrserker, M|\n|poke|p2|Gyarados, F|\n|teampreview\n|inactive|Battle timer is ON: inactive players will automatically lose when time's up. (requested by Pizzahead36)\n|c|\u2606lutherblac|fuck me mommy\n|\n|t:|1699649405\n|start\n|switch|p1a: Frigibax|Frigibax, M, shiny|100\/100\n|switch|p2a: Eternatus|Eternatus|100\/100\n|-ability|p2a: Eternatus|Pressure\n|turn|1\n|\n|t:|1699649413\n|move|p2a: Eternatus|Flamethrower|p1a: Frigibax\n|-damage|p1a: Frigibax|54\/100\n|move|p1a: Frigibax|Snowscape|p1a: Frigibax\n|-weather|Snow\n|\n|-weather|Snow|[upkeep]\n|-heal|p1a: Frigibax|60\/100|[from] ability: Ice Body\n|upkeep\n|turn|2\n|\n|t:|1699649420\n|move|p2a: Eternatus|Dynamax Cannon|p1a: Frigibax\n|-supereffective|p1a: Frigibax\n|-damage|p1a: Frigibax|0 fnt\n|faint|p1a: Frigibax\n|\n|-weather|Snow|[upkeep]\n|upkeep\n|\n|t:|1699649433\n|switch|p1a: Shinx|Shinx, M, shiny|100\/100\n|turn|3\n|\n|t:|1699649437\n|move|p1a: Shinx|Protect|p1a: Shinx\n|-singleturn|p1a: Shinx|Protect\n|move|p2a: Eternatus|Dynamax Cannon|p1a: Shinx\n|-activate|p1a: Shinx|move: Protect\n|\n|-weather|Snow|[upkeep]\n|-status|p1a: Shinx|brn|[from] item: Flame Orb\n|upkeep\n|turn|4\n|\n|t:|1699649448\n|move|p2a: Eternatus|Dynamax Cannon|p1a: Shinx\n|-damage|p1a: Shinx|0 fnt\n|faint|p1a: Shinx\n|\n|-weather|Snow|[upkeep]\n|upkeep\n|\n|t:|1699649455\n|switch|p1a: Salandit|Salandit, M, shiny|100\/100\n|turn|5\n|\n|t:|1699649459\n|move|p2a: Eternatus|Dynamax Cannon|p1a: Salandit\n|-damage|p1a: Salandit|27\/100\n|move|p1a: Salandit|Foul Play|p2a: Eternatus\n|-damage|p2a: Eternatus|90\/100\n|\n|-weather|none\n|-heal|p2a: Eternatus|96\/100|[from] item: Leftovers\n|upkeep\n|turn|6\n|\n|t:|1699649467\n|move|p2a: Eternatus|Dynamax Cannon|p1a: Salandit\n|-damage|p1a: Salandit|0 fnt\n|faint|p1a: Salandit\n|\n|-heal|p2a: Eternatus|100\/100|[from] item: Leftovers\n|upkeep\n|-message|Pizzahead36 forfeited.\n|\n|win|lutherblac\n|raw|Pizzahead36's rating: 1058 &rarr; <strong>1042<\/strong><br \/>(-16 for losing)\n|raw|lutherblac's rating: 1111 &rarr; <strong>1132<\/strong><br \/>(+21 for winning)\n|l|\u2606Pizzahead36\n","uploadtime":1699649403,"views":4,"p1id":"pizzahead36","p2id":"lutherblac","formatid":"gen9anythinggoes","rating":1042,"private":0,"password":""}