{"id":"gen9anythinggoes-1980444235","p1":"Almondega115","p2":"grass knot zygarde","format":"[Gen 9] Anything Goes","log":"|j|\u2606Almondega115\n|j|\u2606grass knot zygarde\n|t:|1698785489\n|gametype|singles\n|player|p1|Almondega115|170|1173\n|player|p2|grass knot zygarde|dawn|1268\n|teamsize|p1|6\n|teamsize|p2|6\n|gen|9\n|tier|[Gen 9] Anything Goes\n|rated|\n|rule|HP Percentage Mod: HP is shown in percentages\n|rule|Endless Battle Clause: Forcing endless battles is banned\n|clearpoke\n|poke|p1|Toxapex, M|\n|poke|p1|Hoopa-Unbound|\n|poke|p1|Zoroark-Hisui, F|\n|poke|p1|Morpeko, M|\n|poke|p1|Glimmora, M|\n|poke|p1|Meowscarada, F|\n|poke|p2|Ursaluna-Bloodmoon, M|\n|poke|p2|Calyrex-Ice|\n|poke|p2|Arceus|\n|poke|p2|Arceus-Grass|\n|poke|p2|Koraidon|\n|poke|p2|Rayquaza|\n|teampreview\n|inactive|Battle timer is ON: inactive players will automatically lose when time's up. (requested by grass knot zygarde)\n|\n|t:|1698785502\n|start\n|switch|p1a: cucucu|Glimmora, M, shiny|100\/100\n|switch|p2a: Rayquaza|Rayquaza|100\/100\n|-ability|p2a: Rayquaza|Air Lock\n|turn|1\n|j| incrediblebraps\n|\n|t:|1698785516\n|switch|p2a: Arceus|Arceus-Grass|100\/100\n|move|p1a: cucucu|Reflect|p1a: cucucu\n|-sidestart|p1: Almondega115|Reflect\n|\n|upkeep\n|turn|2\n|c| incrediblebraps|that looks really fun cory\n|\n|t:|1698785521\n|move|p2a: Arceus|Taunt|p1a: cucucu\n|-start|p1a: cucucu|move: Taunt\n|cant|p1a: cucucu|move: Taunt|Reflect\n|\n|upkeep\n|turn|3\n|\n|t:|1698785529\n|move|p2a: Arceus|Judgment|p1a: cucucu\n|-damage|p1a: cucucu|58\/100\n|move|p1a: cucucu|Mortal Spin|p2a: Arceus\n|-supereffective|p2a: Arceus\n|-damage|p2a: Arceus|92\/100\n|-status|p2a: Arceus|psn\n|\n|-damage|p2a: Arceus|80\/100 psn|[from] psn\n|upkeep\n|turn|4\n|c| incrediblebraps|bro wanted that DOUBLE reflect\n|\n|t:|1698785549\n|switch|p1a: Eita gloria|Toxapex, M, shiny|100\/100\n|move|p2a: Arceus|Judgment|p1a: Eita gloria\n|-damage|p1a: Eita gloria|53\/100\n|\n|-damage|p2a: Arceus|67\/100 psn|[from] psn\n|upkeep\n|turn|5\n|\n|t:|1698785564\n|move|p2a: Arceus|Taunt|p1a: Eita gloria\n|-start|p1a: Eita gloria|move: Taunt\n|move|p1a: Eita gloria|Gunk Shot|p2a: Arceus\n|-supereffective|p2a: Arceus\n|-damage|p2a: Arceus|0 fnt\n|faint|p2a: Arceus\n|\n|upkeep\n|c|\u2606grass knot zygarde|why\n|c| incrediblebraps|NICE ONE XERTAII\n|c| incrediblebraps|NICE ONEEE\n|c| incrediblebraps|NICE ONEE DUDEE\n|\n|t:|1698785582\n|switch|p2a: Rayquaza|Rayquaza|100\/100\n|-ability|p2a: Rayquaza|Air Lock\n|turn|6\n|\n|t:|1698785592\n|move|p2a: Rayquaza|Stealth Rock|p1a: Eita gloria\n|-sidestart|p1: Almondega115|move: Stealth Rock\n|move|p1a: Eita gloria|Gunk Shot|p2a: Rayquaza\n|-damage|p2a: Rayquaza|34\/100\n|\n|upkeep\n|turn|7\n|\n|t:|1698785600\n|move|p2a: Rayquaza|Earthquake|p1a: Eita gloria\n|-supereffective|p1a: Eita gloria\n|-damage|p1a: Eita gloria|16\/100\n|move|p1a: Eita gloria|Gunk Shot|p2a: Rayquaza|[miss]\n|-miss|p1a: Eita gloria|p2a: Rayquaza\n|\n|-end|p1a: Eita gloria|move: Taunt\n|upkeep\n|turn|8\n|c| incrediblebraps|the man without ursaluna blood moon\n|\n|t:|1698785609\n|switch|p1a: cucucu|Glimmora, M, shiny|58\/100\n|-damage|p1a: cucucu|46\/100|[from] Stealth Rock\n|move|p2a: Rayquaza|Earthquake|p1a: cucucu\n|-supereffective|p1a: cucucu\n|-damage|p1a: cucucu|0 fnt\n|-activate|p1a: cucucu|ability: Toxic Debris\n|-sidestart|p2: grass knot zygarde|move: Toxic Spikes\n|faint|p1a: cucucu\n|\n|-sideend|p1: Almondega115|Reflect\n|upkeep\n|\n|t:|1698785618\n|switch|p1a: aham|Morpeko, M|100\/100\n|-damage|p1a: aham|88\/100|[from] Stealth Rock\n|turn|9\n|\n|t:|1698785625\n|move|p2a: Rayquaza|Earthquake|p1a: aham\n|-supereffective|p1a: aham\n|-damage|p1a: aham|0 fnt\n|faint|p1a: aham\n|\n|upkeep\n|\n|t:|1698785643\n|switch|p1a: awa salgada|Meowscarada, F, shiny|100\/100\n|-damage|p1a: awa salgada|88\/100|[from] Stealth Rock\n|turn|10\n|\n|t:|1698785651\n|switch|p2a: Arceus|Arceus|100\/100\n|-status|p2a: Arceus|psn\n|move|p1a: awa salgada|Thunder Punch|p2a: Arceus\n|-start|p1a: awa salgada|typechange|Electric|[from] ability: Protean\n|-damage|p2a: Arceus|83\/100 psn\n|\n|-damage|p2a: Arceus|70\/100 psn|[from] psn\n|upkeep\n|turn|11\n|\n|t:|1698785665\n|switch|p1a: Boa noite grupo|Hoopa-Unbound|100\/100\n|-damage|p1a: Boa noite grupo|88\/100|[from] Stealth Rock\n|move|p2a: Arceus|Trick Room|p2a: Arceus\n|-fieldstart|move: Trick Room|[of] p2a: Arceus\n|\n|-damage|p2a: Arceus|58\/100 psn|[from] psn\n|upkeep\n|turn|12\n|inactive|Almondega115 has 120 seconds left.\n|\n|t:|1698785702\n|move|p2a: Arceus|Healing Wish|p2a: Arceus\n|faint|p2a: Arceus\n|move|p1a: Boa noite grupo|Dark Pulse|p2: Arceus|[notarget]\n|-fail|p1a: Boa noite grupo\n|\n|upkeep\n|\n|t:|1698785711\n|switch|p2a: Ursaluna|Ursaluna-Bloodmoon, M|100\/100\n|-status|p2a: Ursaluna|psn\n|turn|13\n|\n|t:|1698785718\n|-terastallize|p2a: Ursaluna|Normal\n|move|p2a: Ursaluna|Blood Moon|p1a: Boa noite grupo\n|-damage|p1a: Boa noite grupo|0 fnt\n|replace|p1a: Picanha Simulator|Zoroark-Hisui, F, shiny\n|-end|p1a: Picanha Simulator|Illusion\n|faint|p1a: Picanha Simulator\n|\n|-damage|p2a: Ursaluna|88\/100 psn|[from] psn\n|upkeep\n|inactive|Almondega115 has 120 seconds left.\n|inactive|Almondega115 has 90 seconds left.\n|inactive|Almondega115 has 60 seconds left.\n|c|\u2606grass knot zygarde|yerp\n|\n|t:|1698785803\n|switch|p1a: Boa noite grupo|Hoopa-Unbound|100\/100\n|-damage|p1a: Boa noite grupo|88\/100|[from] Stealth Rock\n|turn|14\n|\n|t:|1698785813\n|move|p2a: Ursaluna|Hyper Voice|p1a: Boa noite grupo\n|-damage|p1a: Boa noite grupo|38\/100\n|move|p1a: Boa noite grupo|Drain Punch|p2a: Ursaluna\n|-supereffective|p2a: Ursaluna\n|-damage|p2a: Ursaluna|48\/100 psn\n|-heal|p1a: Boa noite grupo|61\/100|[from] drain|[of] p2a: Ursaluna\n|\n|-damage|p2a: Ursaluna|35\/100 psn|[from] psn\n|upkeep\n|turn|15\n|\n|t:|1698785832\n|move|p2a: Ursaluna|Blood Moon|p1a: Boa noite grupo\n|-damage|p1a: Boa noite grupo|0 fnt\n|faint|p1a: Boa noite grupo\n|\n|-damage|p2a: Ursaluna|23\/100 psn|[from] psn\n|-fieldend|move: Trick Room\n|upkeep\n|c|\u2606grass knot zygarde|2020 but i cant see nobody\n|\n|t:|1698785839\n|switch|p1a: awa salgada|Meowscarada, F, shiny|88\/100\n|-damage|p1a: awa salgada|76\/100|[from] Stealth Rock\n|turn|16\n|c| incrediblebraps|well it's 2023\n|\n|t:|1698785853\n|move|p1a: awa salgada|Brick Break|p2a: Ursaluna\n|-start|p1a: awa salgada|typechange|Fighting|[from] ability: Protean\n|-supereffective|p2a: Ursaluna\n|-damage|p2a: Ursaluna|0 fnt\n|faint|p2a: Ursaluna\n|\n|upkeep\n|\n|t:|1698785860\n|switch|p2a: Koraidon|Koraidon|100\/100\n|-status|p2a: Koraidon|psn\n|-weather|SunnyDay|[from] ability: Orichalcum Pulse|[of] p2a: Koraidon\n|-activate|p2a: Koraidon|Orichalcum Pulse|[source]\n|turn|17\n|\n|t:|1698785873\n|move|p2a: Koraidon|Outrage|p1a: awa salgada\n|-damage|p1a: awa salgada|0 fnt\n|faint|p1a: awa salgada\n|\n|-weather|SunnyDay|[upkeep]\n|-damage|p2a: Koraidon|88\/100 psn|[from] psn\n|upkeep\n|c|\u2606grass knot zygarde|brick break meowscarada aint it mane\n|\n|t:|1698785884\n|switch|p1a: Eita gloria|Toxapex, M, shiny|49\/100\n|-damage|p1a: Eita gloria|37\/100|[from] Stealth Rock\n|turn|18\n|c|\u2606grass knot zygarde|use low kicl\n|\n|t:|1698785891\n|move|p2a: Koraidon|Outrage|p1a: Eita gloria|[from]lockedmove\n|-damage|p1a: Eita gloria|0 fnt\n|faint|p1a: Eita gloria\n|\n|win|grass knot zygarde\n|raw|Almondega115's rating: 1173 &rarr; <strong>1155<\/strong><br \/>(-18 for losing)\n|raw|grass knot zygarde's rating: 1268 &rarr; <strong>1286<\/strong><br \/>(+18 for winning)\n|c| incrediblebraps|he lost to like\n","uploadtime":1698785900,"views":6,"p1id":"almondega115","p2id":"grassknotzygarde","formatid":"gen9anythinggoes","rating":1155,"private":0,"password":""}