{"id":"gen9anythinggoes-1971615412","p1":"Tryorse","p2":"hicks220","format":"[Gen 9] Anything Goes","log":"|j|\u2606Tryorse\n|j|\u203dhicks220\n|t:|1697753614\n|gametype|singles\n|player|p1|Tryorse|hilbert|1053\n|player|p2|hicks220|265|1075\n|teamsize|p1|6\n|teamsize|p2|6\n|gen|9\n|tier|[Gen 9] Anything Goes\n|rated|\n|rule|HP Percentage Mod: HP is shown in percentages\n|rule|Endless Battle Clause: Forcing endless battles is banned\n|clearpoke\n|poke|p1|Chandelure, F|\n|poke|p1|Eelektross, M|\n|poke|p1|Milotic, M|\n|poke|p1|Sableye, M|\n|poke|p1|Hippowdon, M|\n|poke|p1|Cramorant, M|\n|poke|p2|Ogerpon-Hearthflame, F|\n|poke|p2|Miraidon|\n|poke|p2|Dondozo, F|\n|poke|p2|Mewtwo|\n|poke|p2|Dialga-Origin|\n|poke|p2|Grimmsnarl, M|\n|teampreview\n|\n|t:|1697753620\n|start\n|switch|p1a: Milotic|Milotic, M, shiny|100\/100\n|switch|p2a: Grimmsnarl|Grimmsnarl, M|100\/100\n|turn|1\n|\n|t:|1697753630\n|move|p2a: Grimmsnarl|Light Screen|p2a: Grimmsnarl\n|-sidestart|p2: hicks220|move: Light Screen\n|move|p1a: Milotic|Ice Beam|p2a: Grimmsnarl\n|-damage|p2a: Grimmsnarl|87\/100\n|-damage|p1a: Milotic|91\/100|[from] item: Life Orb\n|\n|upkeep\n|turn|2\n|\n|t:|1697753636\n|switch|p1a: Eelektross|Eelektross, M|100\/100\n|move|p2a: Grimmsnarl|Reflect|p2a: Grimmsnarl\n|-sidestart|p2: hicks220|Reflect\n|\n|upkeep\n|turn|3\n|\n|t:|1697753642\n|move|p2a: Grimmsnarl|Parting Shot|p1a: Eelektross\n|-unboost|p1a: Eelektross|atk|1\n|-unboost|p1a: Eelektross|spa|1\n|\n|t:|1697753650\n|switch|p2a: Mewtwo|Mewtwo|100\/100|[from] Parting Shot\n|-ability|p2a: Mewtwo|Pressure\n|move|p1a: Eelektross|Brick Break|p2a: Mewtwo\n|-sideend|p2: hicks220|Reflect\n|-sideend|p2: hicks220|move: Light Screen\n|-resisted|p2a: Mewtwo\n|-damage|p2a: Mewtwo|91\/100\n|\n|upkeep\n|turn|4\n|\n|t:|1697753665\n|switch|p1a: Chandelure|Chandelure, F, shiny|100\/100\n|move|p2a: Mewtwo|Nasty Plot|p2a: Mewtwo\n|-boost|p2a: Mewtwo|spa|2\n|\n|upkeep\n|turn|5\n|\n|t:|1697753676\n|move|p2a: Mewtwo|Psystrike|p1a: Chandelure\n|-damage|p1a: Chandelure|0 fnt\n|faint|p1a: Chandelure\n|-damage|p2a: Mewtwo|82\/100|[from] item: Life Orb\n|\n|upkeep\n|\n|t:|1697753684\n|switch|p1a: Milotic|Milotic, M, shiny|91\/100\n|turn|6\n|\n|t:|1697753689\n|move|p2a: Mewtwo|Thunderbolt|p1a: Milotic\n|-supereffective|p1a: Milotic\n|-damage|p1a: Milotic|0 fnt\n|faint|p1a: Milotic\n|-damage|p2a: Mewtwo|72\/100|[from] item: Life Orb\n|\n|upkeep\n|\n|t:|1697753698\n|switch|p1a: Hippowdon|Hippowdon, M, shiny|100\/100\n|-weather|Sandstorm|[from] ability: Sand Stream|[of] p1a: Hippowdon\n|turn|7\n|\n|t:|1697753704\n|move|p2a: Mewtwo|Ice Beam|p1a: Hippowdon\n|-supereffective|p1a: Hippowdon\n|-damage|p1a: Hippowdon|4\/100\n|-damage|p2a: Mewtwo|62\/100|[from] item: Life Orb\n|move|p1a: Hippowdon|Earthquake|p2a: Mewtwo\n|-damage|p2a: Mewtwo|13\/100\n|\n|-weather|Sandstorm|[upkeep]\n|-damage|p2a: Mewtwo|7\/100|[from] Sandstorm\n|upkeep\n|turn|8\n|\n|t:|1697753714\n|move|p2a: Mewtwo|Ice Beam|p1a: Hippowdon\n|-supereffective|p1a: Hippowdon\n|-damage|p1a: Hippowdon|0 fnt\n|faint|p1a: Hippowdon\n|-damage|p2a: Mewtwo|0 fnt|[from] item: Life Orb\n|faint|p2a: Mewtwo\n|\n|-weather|Sandstorm|[upkeep]\n|upkeep\n|\n|t:|1697753730\n|switch|p2a: Miraidon|Miraidon|100\/100\n|switch|p1a: Cramorant|Cramorant, M|100\/100\n|-fieldstart|move: Electric Terrain|[from] ability: Hadron Engine|[of] p2a: Miraidon\n|turn|9\n|\n|t:|1697753742\n|-terastallize|p1a: Cramorant|Ground\n|move|p2a: Miraidon|Electro Drift|p1a: Cramorant\n|-immune|p1a: Cramorant\n|move|p1a: Cramorant|Tera Blast|p2a: Miraidon|[anim] Tera Blast Ground\n|-supereffective|p2a: Miraidon\n|-damage|p2a: Miraidon|46\/100\n|\n|-weather|Sandstorm|[upkeep]\n|-damage|p2a: Miraidon|40\/100|[from] Sandstorm\n|upkeep\n|turn|10\n|\n|t:|1697753753\n|switch|p2a: Grimmsnarl|Grimmsnarl, M|87\/100\n|move|p1a: Cramorant|Surf|p2a: Grimmsnarl\n|-formechange|p1a: Cramorant|Cramorant-Gulping|\n|-damage|p2a: Grimmsnarl|61\/100\n|\n|-weather|Sandstorm|[upkeep]\n|-damage|p2a: Grimmsnarl|55\/100|[from] Sandstorm\n|upkeep\n|turn|11\n|\n|t:|1697753772\n|move|p2a: Grimmsnarl|Light Screen|p2a: Grimmsnarl\n|-sidestart|p2: hicks220|move: Light Screen\n|move|p1a: Cramorant|Tera Blast|p2a: Grimmsnarl|[anim] Tera Blast Ground\n|-damage|p2a: Grimmsnarl|43\/100\n|\n|-weather|none\n|upkeep\n|turn|12\n|\n|t:|1697753779\n|switch|p1a: Eelektross|Eelektross, M|100\/100\n|move|p2a: Grimmsnarl|Reflect|p2a: Grimmsnarl\n|-sidestart|p2: hicks220|Reflect\n|\n|upkeep\n|turn|13\n|-activate|p1a: Eelektross|item: Quick Claw\n|\n|t:|1697753792\n|move|p2a: Grimmsnarl|Parting Shot|p1a: Eelektross\n|-unboost|p1a: Eelektross|atk|1\n|-unboost|p1a: Eelektross|spa|1\n|\n|t:|1697753795\n|switch|p2a: Ogerpon|Ogerpon-Hearthflame, F|100\/100|[from] Parting Shot\n|-ability|p2a: Ogerpon|Mold Breaker\n|move|p1a: Eelektross|Brick Break|p2a: Ogerpon\n|-sideend|p2: hicks220|Reflect\n|-sideend|p2: hicks220|move: Light Screen\n|-damage|p2a: Ogerpon|77\/100\n|\n|-fieldend|move: Electric Terrain\n|upkeep\n|turn|14\n|\n|t:|1697753812\n|switch|p1a: Sableye|Sableye, M, shiny|100\/100\n|-terastallize|p2a: Ogerpon|Fire\n|detailschange|p2a: Ogerpon|Ogerpon-Hearthflame-Tera, F, tera:Fire\n|-ability|p2a: Ogerpon|Embody Aspect (Hearthflame)|boost\n|-boost|p2a: Ogerpon|atk|1\n|move|p2a: Ogerpon|Swords Dance|p2a: Ogerpon\n|-boost|p2a: Ogerpon|atk|2\n|\n|upkeep\n|turn|15\n|\n|t:|1697753823\n|move|p1a: Sableye|Fake Out|p2a: Ogerpon\n|-damage|p2a: Ogerpon|67\/100\n|cant|p2a: Ogerpon|flinch\n|\n|upkeep\n|turn|16\n|\n|t:|1697753832\n|move|p2a: Ogerpon|Horn Leech|p1a: Sableye\n|-damage|p1a: Sableye|0 fnt\n|-heal|p2a: Ogerpon|100\/100|[from] drain|[of] p1a: Sableye\n|faint|p1a: Sableye\n|\n|upkeep\n|\n|t:|1697753843\n|switch|p1a: Eelektross|Eelektross, M|100\/100\n|turn|17\n|\n|t:|1697753851\n|move|p2a: Ogerpon|Ivy Cudgel|p1a: Eelektross\n|-damage|p1a: Eelektross|0 fnt\n|faint|p1a: Eelektross\n|\n|upkeep\n|\n|t:|1697753856\n|switch|p1a: Cramorant|Cramorant, M, tera:Ground|100\/100\n|turn|18\n|\n|t:|1697753861\n|move|p1a: Cramorant|Protect|p1a: Cramorant\n|-singleturn|p1a: Cramorant|Protect\n|move|p2a: Ogerpon|Horn Leech|p1a: Cramorant\n|-activate|p1a: Cramorant|move: Protect\n|\n|upkeep\n|turn|19\n|\n|t:|1697753872\n|move|p2a: Ogerpon|Horn Leech|p1a: Cramorant\n|-supereffective|p1a: Cramorant\n|-enditem|p1a: Cramorant|Focus Sash\n|-damage|p1a: Cramorant|1\/100\n|move|p1a: Cramorant|Surf|p2a: Ogerpon\n|-formechange|p1a: Cramorant|Cramorant-Gorging|\n|-supereffective|p2a: Ogerpon\n|-damage|p2a: Ogerpon|24\/100\n|\n|upkeep\n|turn|20\n|\n|t:|1697753882\n|move|p1a: Cramorant|Protect|p1a: Cramorant\n|-singleturn|p1a: Cramorant|Protect\n|move|p2a: Ogerpon|Horn Leech|p1a: Cramorant\n|-activate|p1a: Cramorant|move: Protect\n|\n|upkeep\n|turn|21\n|\n|t:|1697753889\n|move|p2a: Ogerpon|Horn Leech|p1a: Cramorant\n|-supereffective|p1a: Cramorant\n|-crit|p1a: Cramorant\n|-damage|p1a: Cramorant|0 fnt\n|-heal|p2a: Ogerpon|24\/100|[from] drain|[of] p1a: Cramorant\n|-damage|p2a: Ogerpon|0 fnt|[from] ability: Gulp Missile|[of] p1a: Cramorant\n|-formechange|p1a: Cramorant|Cramorant|\n|faint|p1a: Cramorant\n|faint|p2a: Ogerpon\n|\n|win|hicks220\n|raw|Tryorse's rating: 1053 &rarr; <strong>1036<\/strong><br \/>(-17 for losing)\n|raw|hicks220's rating: 1075 &rarr; <strong>1102<\/strong><br \/>(+27 for winning)\n","uploadtime":1697753901,"views":13,"p1id":"tryorse","p2id":"hicks220","formatid":"gen9anythinggoes","rating":1036,"private":0,"password":""}