{"id":"gen9anythinggoes-1987455324","p1":"Kayleb1718","p2":"xxswedishmanxx","format":"[Gen 9] Anything Goes","log":"|j|\u2606Kayleb1718\n|j|\u2606xxswedishmanxx\n|t:|1699594219\n|gametype|singles\n|player|p1|Kayleb1718|lucas-gen4pt|1412\n|player|p2|xxswedishmanxx|depotagent|1493\n|teamsize|p1|6\n|teamsize|p2|6\n|gen|9\n|tier|[Gen 9] Anything Goes\n|rated|\n|rule|HP Percentage Mod: HP is shown in percentages\n|rule|Endless Battle Clause: Forcing endless battles is banned\n|clearpoke\n|poke|p1|Zacian-*|\n|poke|p1|Calyrex-Shadow|\n|poke|p1|Urshifu-*, F|\n|poke|p1|Kingambit, M|\n|poke|p1|Miraidon|\n|poke|p1|Arceus-Fire|\n|poke|p2|Staraptor, M|\n|poke|p2|Samurott-Hisui, M|\n|poke|p2|Kleavor, M|\n|poke|p2|Iron Moth|\n|poke|p2|Volcarona, F|\n|poke|p2|Slither Wing|\n|teampreview\n|inactive|Battle timer is ON: inactive players will automatically lose when time's up. (requested by Kayleb1718)\n|\n|t:|1699594255\n|start\n|switch|p1a: Arceus|Arceus-Fire|100\/100\n|switch|p2a: Kleavor|Kleavor, M|100\/100\n|turn|1\n|\n|t:|1699594262\n|move|p1a: Arceus|Stealth Rock|p2a: Kleavor\n|-sidestart|p2: xxswedishmanxx|move: Stealth Rock\n|move|p2a: Kleavor|Stone Axe|p1a: Arceus\n|-supereffective|p1a: Arceus\n|-damage|p1a: Arceus|17\/100\n|-sidestart|p1: Kayleb1718|move: Stealth Rock\n|\n|upkeep\n|turn|2\n|j| jaeminds\n|\n|t:|1699594268\n|move|p1a: Arceus|Flamethrower|p2a: Kleavor\n|-damage|p2a: Kleavor|17\/100\n|-status|p2a: Kleavor|brn\n|move|p2a: Kleavor|Agility|p2a: Kleavor\n|-boost|p2a: Kleavor|spe|2\n|\n|-damage|p2a: Kleavor|11\/100 brn|[from] brn\n|upkeep\n|turn|3\n|\n|t:|1699594275\n|move|p2a: Kleavor|Stone Axe|p1a: Arceus|[miss]\n|-miss|p2a: Kleavor|p1a: Arceus\n|move|p1a: Arceus|Stealth Rock||[still]\n|-fail|p1a: Arceus\n|\n|-damage|p2a: Kleavor|5\/100 brn|[from] brn\n|upkeep\n|turn|4\n|\n|t:|1699594280\n|move|p1a: Arceus|Extreme Speed|p2a: Kleavor\n|-resisted|p2a: Kleavor\n|-damage|p2a: Kleavor|0 fnt\n|faint|p2a: Kleavor\n|\n|upkeep\n|\n|t:|1699594290\n|switch|p2a: Samurott|Samurott-Hisui, M|100\/100\n|-damage|p2a: Samurott|88\/100|[from] Stealth Rock\n|turn|5\n|\n|t:|1699594295\n|move|p1a: Arceus|Extreme Speed|p2a: Samurott\n|-damage|p2a: Samurott|61\/100\n|move|p2a: Samurott|Ceaseless Edge|p1a: Arceus\n|-damage|p1a: Arceus|0 fnt\n|-sidestart|p1: Kayleb1718|Spikes\n|faint|p1a: Arceus\n|\n|upkeep\n|\n|t:|1699594305\n|switch|p1a: Urshifu|Urshifu-Rapid-Strike, F|100\/100\n|-damage|p1a: Urshifu|94\/100|[from] Stealth Rock\n|-damage|p1a: Urshifu|82\/100|[from] Spikes\n|turn|6\n|\n|t:|1699594309\n|move|p2a: Samurott|Encore||[still]\n|-fail|p2a: Samurott\n|move|p1a: Urshifu|Trailblaze|p2a: Samurott\n|-supereffective|p2a: Samurott\n|-damage|p2a: Samurott|16\/100\n|-boost|p1a: Urshifu|spe|1\n|\n|-heal|p1a: Urshifu|88\/100|[from] item: Leftovers\n|upkeep\n|turn|7\n|\n|t:|1699594320\n|move|p2a: Samurott|Sucker Punch|p1a: Urshifu\n|-resisted|p1a: Urshifu\n|-damage|p1a: Urshifu|71\/100\n|move|p1a: Urshifu|Trailblaze|p2a: Samurott\n|-supereffective|p2a: Samurott\n|-damage|p2a: Samurott|0 fnt\n|-boost|p1a: Urshifu|spe|1\n|faint|p2a: Samurott\n|\n|-heal|p1a: Urshifu|78\/100|[from] item: Leftovers\n|upkeep\n|\n|t:|1699594345\n|switch|p2a: Volcarona|Volcarona, F|100\/100\n|turn|8\n|\n|t:|1699594351\n|move|p1a: Urshifu|Surging Strikes|p2a: Volcarona\n|-supereffective|p2a: Volcarona\n|-crit|p2a: Volcarona\n|-damage|p2a: Volcarona|38\/100\n|-supereffective|p2a: Volcarona\n|-crit|p2a: Volcarona\n|-damage|p2a: Volcarona|0 fnt\n|-status|p1a: Urshifu|brn|[from] ability: Flame Body|[of] p2a: Volcarona\n|faint|p2a: Volcarona\n|-hitcount|p2: Volcarona|2\n|\n|-heal|p1a: Urshifu|84\/100 brn|[from] item: Leftovers\n|-damage|p1a: Urshifu|78\/100 brn|[from] brn\n|upkeep\n|\n|t:|1699594359\n|switch|p2a: Slither Wing|Slither Wing|100\/100\n|-damage|p2a: Slither Wing|88\/100|[from] Stealth Rock\n|turn|9\n|\n|t:|1699594368\n|move|p1a: Urshifu|Surging Strikes|p2a: Slither Wing\n|-crit|p2a: Slither Wing\n|-damage|p2a: Slither Wing|76\/100\n|-crit|p2a: Slither Wing\n|-damage|p2a: Slither Wing|63\/100\n|-crit|p2a: Slither Wing\n|-damage|p2a: Slither Wing|49\/100\n|-hitcount|p2a: Slither Wing|3\n|move|p2a: Slither Wing|Close Combat|p1a: Urshifu\n|-damage|p1a: Urshifu|0 fnt\n|-unboost|p2a: Slither Wing|def|1\n|-unboost|p2a: Slither Wing|spd|1\n|faint|p1a: Urshifu\n|-damage|p2a: Slither Wing|39\/100|[from] item: Life Orb\n|\n|upkeep\n|\n|t:|1699594383\n|switch|p1a: Zacian|Zacian-Crowned, shiny|100\/100\n|-damage|p1a: Zacian|94\/100|[from] Stealth Rock\n|-damage|p1a: Zacian|82\/100|[from] Spikes\n|-ability|p1a: Zacian|Intrepid Sword|boost\n|-boost|p1a: Zacian|atk|1\n|turn|10\n|\n|t:|1699594389\n|-end|p2a: Slither Wing|Protosynthesis|[silent]\n|switch|p2a: Iron Moth|Iron Moth|100\/100\n|-damage|p2a: Iron Moth|75\/100|[from] Stealth Rock\n|-enditem|p2a: Iron Moth|Booster Energy\n|-activate|p2a: Iron Moth|ability: Quark Drive|[fromitem]\n|-start|p2a: Iron Moth|quarkdrivespe\n|move|p1a: Zacian|Behemoth Blade|p2a: Iron Moth\n|-resisted|p2a: Iron Moth\n|-damage|p2a: Iron Moth|7\/100\n|\n|upkeep\n|turn|11\n|\n|t:|1699594399\n|move|p2a: Iron Moth|Fiery Dance|p1a: Zacian\n|-supereffective|p1a: Zacian\n|-damage|p1a: Zacian|11\/100\n|-boost|p2a: Iron Moth|spa|1\n|move|p1a: Zacian|Sacred Sword|p2a: Iron Moth\n|-resisted|p2a: Iron Moth\n|-damage|p2a: Iron Moth|0 fnt\n|faint|p2a: Iron Moth\n|-end|p2a: Iron Moth|Quark Drive|[silent]\n|\n|upkeep\n|\n|t:|1699594413\n|switch|p2a: Staraptor|Staraptor, M, shiny|100\/100\n|-damage|p2a: Staraptor|76\/100|[from] Stealth Rock\n|turn|12\n|\n|t:|1699594419\n|move|p2a: Staraptor|Brave Bird|p1a: Zacian\n|-resisted|p1a: Zacian\n|-crit|p1a: Zacian\n|-damage|p1a: Zacian|0 fnt\n|faint|p1a: Zacian\n|-damage|p2a: Staraptor|72\/100|[from] Recoil\n|\n|upkeep\n|\n|t:|1699594424\n|switch|p1a: Miraidon|Miraidon|100\/100\n|-damage|p1a: Miraidon|88\/100|[from] Stealth Rock\n|-damage|p1a: Miraidon|76\/100|[from] Spikes\n|-fieldstart|move: Electric Terrain|[from] ability: Hadron Engine|[of] p1a: Miraidon\n|turn|13\n|\n|t:|1699594443\n|move|p2a: Staraptor|Brave Bird|p1a: Miraidon\n|-resisted|p1a: Miraidon\n|-crit|p1a: Miraidon\n|-damage|p1a: Miraidon|24\/100\n|-damage|p2a: Staraptor|53\/100|[from] Recoil\n|move|p1a: Miraidon|Electro Drift|p2a: Staraptor\n|-supereffective|p2a: Staraptor\n|-damage|p2a: Staraptor|0 fnt\n|faint|p2a: Staraptor\n|\n|-heal|p1a: Miraidon|30\/100|[from] item: Leftovers\n|upkeep\n|\n|t:|1699594447\n|switch|p2a: Slither Wing|Slither Wing|39\/100\n|-damage|p2a: Slither Wing|27\/100|[from] Stealth Rock\n|turn|14\n|\n|t:|1699594468\n|move|p2a: Slither Wing|First Impression|p1a: Miraidon\n|-damage|p1a: Miraidon|0 fnt\n|faint|p1a: Miraidon\n|-damage|p2a: Slither Wing|17\/100|[from] item: Life Orb\n|\n|upkeep\n|-message|xxswedishmanxx forfeited.\n|\n|win|Kayleb1718\n|raw|Kayleb1718's rating: 1412 &rarr; <strong>1437<\/strong><br \/>(+25 for winning)\n|raw|xxswedishmanxx's rating: 1493 &rarr; <strong>1468<\/strong><br \/>(-25 for losing)\n|l|\u2606xxswedishmanxx\n","uploadtime":1699594479,"views":6,"p1id":"kayleb1718","p2id":"xxswedishmanxx","formatid":"gen9anythinggoes","rating":1437,"private":0,"password":""}