{"id":"gen9anythinggoes-1984028171","p1":"TanPadeusz","p2":"Wixu","format":"[Gen 9] Anything Goes","log":"|j|\u2606TanPadeusz\n|j|\u2606Wixu\n|t:|1699211298\n|gametype|singles\n|player|p1|TanPadeusz|giovanni|\n|player|p2|Wixu|102|\n|teamsize|p1|6\n|teamsize|p2|6\n|gen|9\n|tier|[Gen 9] Anything Goes\n|rule|HP Percentage Mod: HP is shown in percentages\n|rule|Endless Battle Clause: Forcing endless battles is banned\n|clearpoke\n|poke|p1|Gallade, M|\n|poke|p1|Tinkaton, F|\n|poke|p1|Toxapex, M|\n|poke|p1|Gliscor, M|\n|poke|p1|Zoroark-Hisui, M|\n|poke|p1|Hydreigon, M|\n|poke|p2|Mewtwo|\n|poke|p2|Rayquaza|\n|poke|p2|Giratina|\n|poke|p2|Dialga|\n|poke|p2|Arceus|\n|poke|p2|Groudon|\n|teampreview\n|\n|t:|1699211318\n|start\n|switch|p1a: Hydreigon|Hydreigon, M|100\/100\n|switch|p2a: Giratina|Giratina|100\/100\n|turn|1\n|\n|t:|1699211330\n|switch|p1a: Toxapex|Toxapex, M|100\/100\n|move|p2a: Giratina|Shadow Force||[still]\n|-prepare|p2a: Giratina|Shadow Force\n|\n|upkeep\n|turn|2\n|\n|t:|1699211336\n|move|p1a: Toxapex|Baneful Bunker|p1a: Toxapex\n|-singleturn|p1a: Toxapex|move: Protect\n|move|p2a: Giratina|Shadow Force|p1a: Toxapex|[from]lockedmove\n|-activate|p1a: Toxapex|move: Shadow Force|[broken]\n|-damage|p1a: Toxapex|64\/100\n|\n|-heal|p1a: Toxapex|70\/100|[from] item: Black Sludge\n|upkeep\n|turn|3\n|\n|t:|1699211349\n|move|p2a: Giratina|Dragon Breath|p1a: Toxapex\n|-damage|p1a: Toxapex|44\/100\n|move|p1a: Toxapex|Toxic|p2a: Giratina\n|-status|p2a: Giratina|tox\n|\n|-heal|p1a: Toxapex|50\/100|[from] item: Black Sludge\n|-damage|p2a: Giratina|94\/100 tox|[from] psn\n|upkeep\n|turn|4\n|\n|t:|1699211360\n|move|p1a: Toxapex|Baneful Bunker|p1a: Toxapex\n|-singleturn|p1a: Toxapex|move: Protect\n|move|p2a: Giratina|Dragon Claw|p1a: Toxapex\n|-activate|p1a: Toxapex|move: Protect\n|\n|-heal|p1a: Toxapex|56\/100|[from] item: Black Sludge\n|-damage|p2a: Giratina|82\/100 tox|[from] psn\n|upkeep\n|turn|5\n|\n|t:|1699211368\n|move|p2a: Giratina|Shadow Force||[still]\n|-prepare|p2a: Giratina|Shadow Force\n|move|p1a: Toxapex|Recover|p1a: Toxapex\n|-heal|p1a: Toxapex|100\/100\n|\n|-damage|p2a: Giratina|63\/100 tox|[from] psn\n|upkeep\n|turn|6\n|\n|t:|1699211374\n|switch|p1a: Gallade|Gallade, M|100\/100\n|move|p2a: Giratina|Shadow Force|p1a: Gallade|[from]lockedmove\n|-immune|p1a: Gallade\n|\n|-damage|p2a: Giratina|38\/100 tox|[from] psn\n|upkeep\n|turn|7\n|\n|t:|1699211386\n|switch|p2a: Dialga|Dialga|100\/100\n|move|p1a: Gallade|Agility|p1a: Gallade\n|-boost|p1a: Gallade|spe|2\n|\n|upkeep\n|turn|8\n|\n|t:|1699211397\n|switch|p1a: Toxapex|Toxapex, M|100\/100\n|move|p2a: Dialga|Draco Meteor|p1a: Toxapex\n|-damage|p1a: Toxapex|17\/100\n|-unboost|p2a: Dialga|spa|2\n|\n|-heal|p1a: Toxapex|24\/100|[from] item: Black Sludge\n|upkeep\n|turn|9\n|\n|t:|1699211409\n|move|p1a: Toxapex|Baneful Bunker|p1a: Toxapex\n|-singleturn|p1a: Toxapex|move: Protect\n|move|p2a: Dialga|Aura Sphere|p1a: Toxapex\n|-activate|p1a: Toxapex|move: Protect\n|\n|-heal|p1a: Toxapex|30\/100|[from] item: Black Sludge\n|upkeep\n|turn|10\n|\n|t:|1699211417\n|switch|p1a: Tinkaton|Tinkaton, F|100\/100\n|move|p2a: Dialga|Draco Meteor|p1a: Tinkaton\n|-immune|p1a: Tinkaton\n|\n|upkeep\n|turn|11\n|\n|t:|1699211426\n|switch|p2a: Rayquaza|Rayquaza|100\/100\n|-ability|p2a: Rayquaza|Air Lock\n|move|p1a: Tinkaton|Swords Dance|p1a: Tinkaton\n|-boost|p1a: Tinkaton|atk|2\n|\n|upkeep\n|turn|12\n|\n|t:|1699211434\n|move|p1a: Tinkaton|Gigaton Hammer|p2a: Rayquaza\n|-damage|p2a: Rayquaza|0 fnt\n|faint|p2a: Rayquaza\n|\n|upkeep\n|\n|t:|1699211440\n|switch|p2a: Groudon|Groudon|100\/100\n|-weather|SunnyDay|[from] ability: Drought|[of] p2a: Groudon\n|turn|13\n|\n|t:|1699211445\n|move|p1a: Tinkaton|Play Rough|p2a: Groudon\n|-damage|p2a: Groudon|65\/100\n|move|p2a: Groudon|Giga Impact|p1a: Tinkaton\n|-resisted|p1a: Tinkaton\n|-damage|p1a: Tinkaton|61\/100\n|-mustrecharge|p2a: Groudon\n|\n|-weather|SunnyDay|[upkeep]\n|-heal|p2a: Groudon|71\/100|[from] item: Leftovers\n|upkeep\n|turn|14\n|\n|t:|1699211456\n|switch|p1a: Gliscor|Gliscor, M|100\/100\n|cant|p2a: Groudon|recharge\n|\n|-weather|SunnyDay|[upkeep]\n|-heal|p2a: Groudon|77\/100|[from] item: Leftovers\n|-status|p1a: Gliscor|tox|[from] item: Toxic Orb\n|upkeep\n|turn|15\n|\n|t:|1699211466\n|move|p1a: Gliscor|Swords Dance|p1a: Gliscor\n|-boost|p1a: Gliscor|atk|2\n|move|p2a: Groudon|Giga Impact|p1a: Gliscor\n|-damage|p1a: Gliscor|39\/100 tox\n|-mustrecharge|p2a: Groudon\n|\n|-weather|SunnyDay|[upkeep]\n|-heal|p2a: Groudon|83\/100|[from] item: Leftovers\n|-heal|p1a: Gliscor|51\/100 tox|[from] ability: Poison Heal\n|upkeep\n|turn|16\n|\n|t:|1699211476\n|move|p1a: Gliscor|Dual Wingbeat|p2a: Groudon\n|-damage|p2a: Groudon|63\/100\n|-damage|p2a: Groudon|42\/100\n|-hitcount|p2a: Groudon|2\n|cant|p2a: Groudon|recharge\n|\n|-weather|SunnyDay|[upkeep]\n|-heal|p2a: Groudon|48\/100|[from] item: Leftovers\n|-heal|p1a: Gliscor|64\/100 tox|[from] ability: Poison Heal\n|upkeep\n|turn|17\n|\n|t:|1699211488\n|switch|p2a: Mewtwo|Mewtwo|100\/100\n|-ability|p2a: Mewtwo|Unnerve\n|move|p1a: Gliscor|Dual Wingbeat|p2a: Mewtwo\n|-damage|p2a: Mewtwo|69\/100\n|-damage|p2a: Mewtwo|38\/100\n|-hitcount|p2a: Mewtwo|2\n|\n|-weather|none\n|-heal|p1a: Gliscor|76\/100 tox|[from] ability: Poison Heal\n|upkeep\n|turn|18\n|\n|t:|1699211505\n|move|p2a: Mewtwo|Psystrike|p1a: Gliscor\n|-damage|p1a: Gliscor|21\/100 tox\n|move|p1a: Gliscor|Earthquake|p2a: Mewtwo\n|-damage|p2a: Mewtwo|0 fnt\n|faint|p2a: Mewtwo\n|\n|-heal|p1a: Gliscor|33\/100 tox|[from] ability: Poison Heal\n|upkeep\n|\n|t:|1699211515\n|switch|p2a: Dialga|Dialga|100\/100\n|turn|19\n|\n|t:|1699211520\n|switch|p1a: Tinkaton|Tinkaton, F|61\/100\n|move|p2a: Dialga|Draco Meteor|p1a: Tinkaton\n|-immune|p1a: Tinkaton\n|\n|upkeep\n|turn|20\n|\n|t:|1699211533\n|-terastallize|p2a: Dialga|Steel\n|move|p1a: Tinkaton|Swords Dance|p1a: Tinkaton\n|-boost|p1a: Tinkaton|atk|2\n|move|p2a: Dialga|Iron Head|p1a: Tinkaton\n|-damage|p1a: Tinkaton|2\/100\n|\n|upkeep\n|turn|21\n|\n|t:|1699211549\n|move|p1a: Tinkaton|Gigaton Hammer|p2a: Dialga\n|-resisted|p2a: Dialga\n|-damage|p2a: Dialga|61\/100\n|move|p2a: Dialga|Draco Meteor|p1a: Tinkaton\n|-immune|p1a: Tinkaton\n|\n|upkeep\n|turn|22\n|\n|t:|1699211559\n|-terastallize|p1a: Tinkaton|Fairy\n|move|p1a: Tinkaton|Play Rough|p2a: Dialga\n|-resisted|p2a: Dialga\n|-damage|p2a: Dialga|32\/100\n|move|p2a: Dialga|Dragon Breath|p1a: Tinkaton\n|-immune|p1a: Tinkaton\n|\n|upkeep\n|turn|23\n|\n|t:|1699211569\n|move|p1a: Tinkaton|Play Rough|p2a: Dialga|[miss]\n|-miss|p1a: Tinkaton|p2a: Dialga\n|move|p2a: Dialga|Iron Head|p1a: Tinkaton\n|-supereffective|p1a: Tinkaton\n|-damage|p1a: Tinkaton|0 fnt\n|faint|p1a: Tinkaton\n|\n|upkeep\n|\n|t:|1699211581\n|switch|p1a: Gallade|Gallade, M|100\/100\n|turn|24\n|\n|t:|1699211595\n|switch|p2a: Arceus|Arceus|100\/100\n|move|p1a: Gallade|Sacred Sword|p2a: Arceus\n|-supereffective|p2a: Arceus\n|-damage|p2a: Arceus|0 fnt\n|faint|p2a: Arceus\n|-damage|p1a: Gallade|91\/100|[from] item: Life Orb\n|\n|upkeep\n|\n|t:|1699211609\n|switch|p2a: Giratina|Giratina|38\/100 tox\n|turn|25\n|\n|t:|1699211615\n|move|p1a: Gallade|Swords Dance|p1a: Gallade\n|-boost|p1a: Gallade|atk|2\n|move|p2a: Giratina|Shadow Force||[still]\n|-prepare|p2a: Giratina|Shadow Force\n|\n|-damage|p2a: Giratina|32\/100 tox|[from] psn\n|upkeep\n|turn|26\n|\n|t:|1699211621\n|move|p1a: Gallade|Agility|p1a: Gallade\n|-boost|p1a: Gallade|spe|2\n|move|p2a: Giratina|Shadow Force|p1a: Gallade|[from]lockedmove\n|-supereffective|p1a: Gallade\n|-damage|p1a: Gallade|0 fnt\n|faint|p1a: Gallade\n|\n|-damage|p2a: Giratina|19\/100 tox|[from] psn\n|upkeep\n|\n|t:|1699211632\n|switch|p1a: Toxapex|Toxapex, M|63\/100\n|turn|27\n|\n|t:|1699211636\n|move|p1a: Toxapex|Baneful Bunker|p1a: Toxapex\n|-singleturn|p1a: Toxapex|move: Protect\n|move|p2a: Giratina|Shadow Force||[still]\n|-prepare|p2a: Giratina|Shadow Force\n|\n|-heal|p1a: Toxapex|69\/100|[from] item: Black Sludge\n|-damage|p2a: Giratina|0 fnt|[from] psn\n|faint|p2a: Giratina\n|upkeep\n|\n|t:|1699211646\n|switch|p2a: Dialga|Dialga, tera:Steel|32\/100\n|turn|28\n|\n|t:|1699211676\n|switch|p1a: Toxapex|Toxapex, M|100\/100\n|move|p2a: Dialga|Draco Meteor|p1a: Toxapex|[miss]\n|-miss|p2a: Dialga|p1a: Toxapex\n|\n|upkeep\n|turn|29\n|\n|t:|1699211696\n|move|p1a: Toxapex|Bitter Malice|p2a: Dialga\n|-damage|p2a: Dialga|0 fnt\n|faint|p2a: Dialga\n|\n|upkeep\n|\n|t:|1699211702\n|switch|p2a: Groudon|Groudon|48\/100\n|-weather|SunnyDay|[from] ability: Drought|[of] p2a: Groudon\n|turn|30\n|\n|t:|1699211709\n|move|p1a: Toxapex|Bitter Malice|p2a: Groudon\n|-damage|p2a: Groudon|12\/100\n|-unboost|p2a: Groudon|atk|1\n|move|p2a: Groudon|Rest|p2a: Groudon\n|-status|p2a: Groudon|slp|[from] move: Rest\n|-heal|p2a: Groudon|100\/100 slp|[silent]\n|\n|-weather|SunnyDay|[upkeep]\n|upkeep\n|turn|31\n|\n|t:|1699211726\n|move|p1a: Toxapex|Calm Mind|p1a: Toxapex\n|-boost|p1a: Toxapex|spa|1\n|-boost|p1a: Toxapex|spd|1\n|cant|p2a: Groudon|slp\n|move|p2a: Groudon|Sleep Talk|p2a: Groudon\n|move|p2a: Groudon|Giga Impact|p1a: Toxapex|[from]move: Sleep Talk\n|-immune|p1a: Toxapex\n|\n|-weather|SunnyDay|[upkeep]\n|upkeep\n|turn|32\n|\n|t:|1699211737\n|move|p1a: Toxapex|Calm Mind|p1a: Toxapex\n|-boost|p1a: Toxapex|spa|1\n|-boost|p1a: Toxapex|spd|1\n|cant|p2a: Groudon|slp\n|move|p2a: Groudon|Sleep Talk|p2a: Groudon\n|move|p2a: Groudon|Rest||[from]move: Sleep Talk|[still]\n|-fail|p2a: Groudon\n|\n|-weather|SunnyDay|[upkeep]\n|upkeep\n|turn|33\n|\n|t:|1699211749\n|-curestatus|p2a: Groudon|slp|[msg]\n|move|p2a: Groudon|Protect|p2a: Groudon\n|-singleturn|p2a: Groudon|Protect\n|move|p1a: Toxapex|Bitter Malice|p2a: Groudon\n|-activate|p2a: Groudon|move: Protect\n|\n|-weather|SunnyDay|[upkeep]\n|upkeep\n|turn|34\n|\n|t:|1699211762\n|move|p1a: Toxapex|Calm Mind|p1a: Toxapex\n|-boost|p1a: Toxapex|spa|1\n|-boost|p1a: Toxapex|spd|1\n|move|p2a: Groudon|Giga Impact|p1a: Toxapex\n|-immune|p1a: Toxapex\n|\n|-weather|none\n|upkeep\n|turn|35\n|\n|t:|1699211775\n|move|p2a: Groudon|Protect|p2a: Groudon\n|-singleturn|p2a: Groudon|Protect\n|move|p1a: Toxapex|Calm Mind|p1a: Toxapex\n|-boost|p1a: Toxapex|spa|1\n|-boost|p1a: Toxapex|spd|1\n|\n|upkeep\n|turn|36\n|\n|t:|1699211781\n|move|p2a: Groudon|Protect|p2a: Groudon\n|-singleturn|p2a: Groudon|Protect\n|move|p1a: Toxapex|Calm Mind|p1a: Toxapex\n|-boost|p1a: Toxapex|spa|1\n|-boost|p1a: Toxapex|spd|1\n|\n|upkeep\n|turn|37\n|\n|t:|1699211788\n|move|p1a: Toxapex|Calm Mind|p1a: Toxapex\n|-boost|p1a: Toxapex|spa|1\n|-boost|p1a: Toxapex|spd|1\n|move|p2a: Groudon|Giga Impact|p1a: Toxapex\n|-immune|p1a: Toxapex\n|\n|upkeep\n|turn|38\n|\n|t:|1699211798\n|move|p2a: Groudon|Protect|p2a: Groudon\n|-singleturn|p2a: Groudon|Protect\n|move|p1a: Toxapex|Bitter Malice|p2a: Groudon\n|-activate|p2a: Groudon|move: Protect\n|\n|upkeep\n|turn|39\n|\n|t:|1699211806\n|move|p2a: Groudon|Protect|p2a: Groudon\n|-singleturn|p2a: Groudon|Protect\n|move|p1a: Toxapex|Bitter Malice|p2a: Groudon\n|-activate|p2a: Groudon|move: Protect\n|\n|upkeep\n|turn|40\n|\n|t:|1699211813\n|move|p2a: Groudon|Protect|p2a: Groudon\n|-singleturn|p2a: Groudon|Protect\n|move|p1a: Toxapex|Bitter Malice|p2a: Groudon\n|-activate|p2a: Groudon|move: Protect\n|\n|upkeep\n|turn|41\n|\n|t:|1699211820\n|move|p2a: Groudon|Protect||[still]\n|-fail|p2a: Groudon\n|move|p1a: Toxapex|Bitter Malice|p2a: Groudon\n|-damage|p2a: Groudon|0 fnt\n|faint|p2a: Groudon\n|\n|win|TanPadeusz\n","uploadtime":1699211831,"views":4,"p1id":"tanpadeusz","p2id":"wixu","formatid":"gen9anythinggoes","rating":0,"private":0,"password":""}