{"id":"gen9anythinggoes-1976514944","p1":"masterofmonkio","p2":"JayoticNL","format":"[Gen 9] Anything Goes","log":"|j|\u2606masterofmonkio\n|j|\u2606JayoticNL\n|t:|1698315772\n|gametype|singles\n|player|p1|masterofmonkio|266|1026\n|player|p2|JayoticNL|emmet|1137\n|teamsize|p1|6\n|teamsize|p2|6\n|gen|9\n|tier|[Gen 9] Anything Goes\n|rated|\n|rule|HP Percentage Mod: HP is shown in percentages\n|rule|Endless Battle Clause: Forcing endless battles is banned\n|clearpoke\n|poke|p1|Dipplin, F|\n|poke|p1|Regieleki|\n|poke|p1|Gyarados, F|\n|poke|p1|Ninetales-Alola, F|\n|poke|p1|Baxcalibur, F|\n|poke|p1|Kingambit, M|\n|poke|p2|Ditto|\n|poke|p2|Ditto|\n|poke|p2|Ditto|\n|poke|p2|Ditto|\n|poke|p2|Ditto|\n|poke|p2|Ditto|\n|teampreview\n|inactive|Battle timer is ON: inactive players will automatically lose when time's up. (requested by masterofmonkio)\n|\n|t:|1698315775\n|start\n|switch|p1a: Dripplin|Dipplin, F, shiny|100\/100\n|switch|p2a: Ditto|Ditto|100\/100\n|-transform|p2a: Ditto|p1a: Dripplin|[from] ability: Imposter\n|-ability|p2a: Ditto|Supersweet Syrup\n|-ability|p2a: Ditto|Supersweet Syrup|boost\n|-unboost|p1a: Dripplin|evasion|1\n|-ability|p1a: Dripplin|Supersweet Syrup\n|-ability|p1a: Dripplin|Supersweet Syrup|boost\n|-unboost|p2a: Ditto|evasion|1\n|turn|1\n|\n|t:|1698315783\n|switch|p1a: the speed|Regieleki|100\/100\n|move|p2a: Ditto|Dragon Pulse|p1a: the speed\n|-damage|p1a: the speed|50\/100\n|\n|upkeep\n|turn|2\n|\n|t:|1698315795\n|move|p1a: the speed|Thunder Cage|p2a: Ditto\n|-resisted|p2a: Ditto\n|-damage|p2a: Ditto|83\/100\n|-activate|p2a: Ditto|move: Thunder Cage|[of] p1a: the speed\n|move|p2a: Ditto|Dragon Pulse|p1a: the speed\n|-damage|p1a: the speed|0 fnt\n|faint|p1a: the speed\n|\n|-end|p2a: Ditto|Thunder Cage|[partiallytrapped]|[silent]\n|upkeep\n|\n|t:|1698315799\n|switch|p1a: Dripplin|Dipplin, F, shiny|100\/100\n|turn|3\n|\n|t:|1698315803\n|move|p2a: Ditto|Dragon Pulse|p1a: Dripplin\n|-supereffective|p1a: Dripplin\n|-damage|p1a: Dripplin|59\/100\n|move|p1a: Dripplin|Syrup Bomb|p2a: Ditto\n|-resisted|p2a: Ditto\n|-damage|p2a: Ditto|77\/100\n|-start|p2a: Ditto|Syrup Bomb\n|\n|-unboost|p2a: Ditto|spe|1\n|upkeep\n|turn|4\n|\n|t:|1698315809\n|move|p1a: Dripplin|Dragon Pulse|p2a: Ditto\n|-supereffective|p2a: Ditto\n|-damage|p2a: Ditto|3\/100\n|move|p2a: Ditto|Dragon Pulse|p1a: Dripplin\n|-supereffective|p1a: Dripplin\n|-damage|p1a: Dripplin|19\/100\n|\n|-unboost|p2a: Ditto|spe|1\n|upkeep\n|turn|5\n|\n|t:|1698315812\n|move|p1a: Dripplin|Protect|p1a: Dripplin\n|-singleturn|p1a: Dripplin|Protect\n|move|p2a: Ditto|Dragon Pulse|p1a: Dripplin\n|-activate|p1a: Dripplin|move: Protect\n|\n|-unboost|p2a: Ditto|spe|1\n|upkeep\n|turn|6\n|\n|t:|1698315816\n|switch|p2a: Ditto|Ditto|100\/100\n|-transform|p2a: Ditto|p1a: Dripplin|[from] ability: Imposter\n|-ability|p2a: Ditto|Supersweet Syrup\n|-ability|p2a: Ditto|Supersweet Syrup|boost\n|-unboost|p1a: Dripplin|evasion|1\n|move|p1a: Dripplin|Recover|p1a: Dripplin\n|-heal|p1a: Dripplin|69\/100\n|\n|upkeep\n|turn|7\n|\n|t:|1698315820\n|move|p2a: Ditto|Dragon Pulse|p1a: Dripplin\n|-supereffective|p1a: Dripplin\n|-damage|p1a: Dripplin|27\/100\n|move|p1a: Dripplin|Dragon Pulse|p2a: Ditto\n|-supereffective|p2a: Ditto\n|-damage|p2a: Ditto|18\/100\n|\n|upkeep\n|turn|8\n|\n|t:|1698315825\n|move|p1a: Dripplin|Protect|p1a: Dripplin\n|-singleturn|p1a: Dripplin|Protect\n|move|p2a: Ditto|Dragon Pulse|p1a: Dripplin\n|-activate|p1a: Dripplin|move: Protect\n|\n|upkeep\n|turn|9\n|\n|t:|1698315828\n|move|p2a: Ditto|Dragon Pulse|p1a: Dripplin\n|-supereffective|p1a: Dripplin\n|-damage|p1a: Dripplin|0 fnt\n|faint|p1a: Dripplin\n|\n|upkeep\n|\n|t:|1698315830\n|switch|p1a: the dragon|Gyarados, F|100\/100\n|turn|10\n|\n|t:|1698315837\n|switch|p2a: Ditto|Ditto|100\/100\n|-transform|p2a: Ditto|p1a: the dragon|[from] ability: Imposter\n|move|p1a: the dragon|Stone Edge|p2a: Ditto\n|-supereffective|p2a: Ditto\n|-damage|p2a: Ditto|4\/100\n|\n|upkeep\n|turn|11\n|\n|t:|1698315845\n|move|p2a: Ditto|Stone Edge|p1a: the dragon|[miss]\n|-miss|p2a: Ditto|p1a: the dragon\n|move|p1a: the dragon|Stone Edge|p2a: Ditto\n|-supereffective|p2a: Ditto\n|-damage|p2a: Ditto|0 fnt\n|faint|p2a: Ditto\n|-ability|p1a: the dragon|Moxie|boost\n|-boost|p1a: the dragon|atk|1\n|\n|upkeep\n|\n|t:|1698315848\n|switch|p2a: Ditto|Ditto|100\/100\n|-transform|p2a: Ditto|p1a: the dragon|[from] ability: Imposter\n|turn|12\n|\n|t:|1698315853\n|move|p2a: Ditto|Stone Edge|p1a: the dragon\n|-supereffective|p1a: the dragon\n|-damage|p1a: the dragon|0 fnt\n|faint|p1a: the dragon\n|-ability|p2a: Ditto|Moxie|boost\n|-boost|p2a: Ditto|atk|1\n|\n|upkeep\n|\n|t:|1698315855\n|switch|p1a: Icey days|Ninetales-Alola, F|100\/100\n|-weather|Snow|[from] ability: Snow Warning|[of] p1a: Icey days\n|turn|13\n|\n|t:|1698315858\n|move|p2a: Ditto|Stone Edge|p1a: Icey days\n|-supereffective|p1a: Icey days\n|-damage|p1a: Icey days|0 fnt\n|faint|p1a: Icey days\n|-ability|p2a: Ditto|Moxie|boost\n|-boost|p2a: Ditto|atk|1\n|\n|-weather|Snow|[upkeep]\n|upkeep\n|\n|t:|1698315860\n|switch|p1a: HAHAHAHA|Baxcalibur, F|100\/100\n|turn|14\n|\n|t:|1698315862\n|move|p2a: Ditto|Stone Edge|p1a: HAHAHAHA\n|-supereffective|p1a: HAHAHAHA\n|-damage|p1a: HAHAHAHA|0 fnt\n|faint|p1a: HAHAHAHA\n|-ability|p2a: Ditto|Moxie|boost\n|-boost|p2a: Ditto|atk|1\n|\n|-weather|Snow|[upkeep]\n|upkeep\n|\n|t:|1698315864\n|switch|p1a: last resort|Kingambit, M|100\/100\n|-activate|p1a: last resort|ability: Supreme Overlord\n|-start|p1a: last resort|fallen5|[silent]\n|turn|15\n|\n|t:|1698315866\n|move|p1a: last resort|Sucker Punch|p2a: Ditto\n|-damage|p2a: Ditto|0 fnt\n|faint|p2a: Ditto\n|\n|-weather|Snow|[upkeep]\n|upkeep\n|\n|t:|1698315870\n|switch|p2a: Ditto|Ditto|18\/100\n|-transform|p2a: Ditto|p1a: last resort|[from] ability: Imposter\n|-activate|p2a: Ditto|ability: Supreme Overlord\n|-start|p2a: Ditto|fallen2|[silent]\n|turn|16\n|\n|t:|1698315876\n|move|p2a: Ditto|Kowtow Cleave|p1a: last resort\n|-resisted|p1a: last resort\n|-damage|p1a: last resort|77\/100\n|move|p1a: last resort|Swords Dance|p1a: last resort\n|-boost|p1a: last resort|atk|2\n|\n|-weather|Snow|[upkeep]\n|upkeep\n|turn|17\n|\n|t:|1698315881\n|move|p2a: Ditto|Kowtow Cleave|p1a: last resort\n|-resisted|p1a: last resort\n|-damage|p1a: last resort|58\/100\n|move|p1a: last resort|Kowtow Cleave|p2a: Ditto\n|-resisted|p2a: Ditto\n|-damage|p2a: Ditto|0 fnt\n|faint|p2a: Ditto\n|-end|p2a: Ditto|fallen2|[silent]\n|\n|-weather|none\n|upkeep\n|\n|t:|1698315887\n|switch|p2a: Ditto|Ditto|3\/100\n|-transform|p2a: Ditto|p1a: last resort|[from] ability: Imposter\n|-activate|p2a: Ditto|ability: Supreme Overlord\n|-start|p2a: Ditto|fallen3|[silent]\n|turn|18\n|\n|t:|1698315891\n|move|p2a: Ditto|Sucker Punch|p1a: last resort\n|-resisted|p1a: last resort\n|-damage|p1a: last resort|20\/100\n|move|p1a: last resort|Kowtow Cleave|p2a: Ditto\n|-resisted|p2a: Ditto\n|-damage|p2a: Ditto|0 fnt\n|faint|p2a: Ditto\n|-end|p2a: Ditto|fallen3|[silent]\n|\n|upkeep\n|\n|t:|1698315897\n|switch|p2a: Ditto|Ditto|100\/100\n|-transform|p2a: Ditto|p1a: last resort|[from] ability: Imposter\n|-activate|p2a: Ditto|ability: Supreme Overlord\n|-start|p2a: Ditto|fallen4|[silent]\n|turn|19\n|\n|t:|1698315899\n|move|p2a: Ditto|Sucker Punch|p1a: last resort\n|-resisted|p1a: last resort\n|-damage|p1a: last resort|0 fnt\n|faint|p1a: last resort\n|-end|p1a: last resort|fallen5|[silent]\n|\n|win|JayoticNL\n|raw|masterofmonkio's rating: 1026 &rarr; <strong>1016<\/strong><br \/>(-10 for losing)\n|raw|JayoticNL's rating: 1137 &rarr; <strong>1154<\/strong><br \/>(+17 for winning)\n|l|\u2606masterofmonkio\n","uploadtime":1698315919,"views":8,"p1id":"masterofmonkio","p2id":"jayoticnl","formatid":"gen9anythinggoes","rating":1016,"private":0,"password":""}