{"id":"gen9anythinggoes-1980721829","p1":"ImNob190","p2":"Jbug777","format":"[Gen 9] Anything Goes","log":"|j|\u2606ImNob190\n|j|\u2606Jbug777\n|t:|1698819327\n|gametype|singles\n|player|p1|ImNob190|colress|1000\n|player|p2|Jbug777|palmer|1099\n|teamsize|p1|6\n|teamsize|p2|6\n|gen|9\n|tier|[Gen 9] Anything Goes\n|rated|\n|rule|HP Percentage Mod: HP is shown in percentages\n|rule|Endless Battle Clause: Forcing endless battles is banned\n|clearpoke\n|poke|p1|Cloyster, M|\n|poke|p1|Samurott-Hisui, F|\n|poke|p1|Zoroark-Hisui, M|\n|poke|p1|Grimmsnarl, M|\n|poke|p1|Gliscor, M|\n|poke|p1|Ditto|\n|poke|p2|Ludicolo, M|\n|poke|p2|Ludicolo, M|\n|poke|p2|Ludicolo, F|\n|poke|p2|Ludicolo, F|\n|poke|p2|Pelipper, F|\n|poke|p2|Politoed, M|\n|teampreview\n|\n|t:|1698819344\n|start\n|switch|p1a: Grimmsnarl|Grimmsnarl, M|100\/100\n|switch|p2a: Politoed|Politoed, M, shiny|100\/100\n|-weather|RainDance|[from] ability: Drizzle|[of] p2a: Politoed\n|turn|1\n|\n|t:|1698819361\n|switch|p2a: Ludicolo|Ludicolo, F, shiny|100\/100\n|move|p1a: Grimmsnarl|Reflect|p1a: Grimmsnarl\n|-sidestart|p1: ImNob190|Reflect\n|\n|-weather|RainDance|[upkeep]\n|upkeep\n|turn|2\n|\n|t:|1698819368\n|move|p1a: Grimmsnarl|Light Screen|p1a: Grimmsnarl\n|-sidestart|p1: ImNob190|move: Light Screen\n|move|p2a: Ludicolo|Hydro Pump|p1a: Grimmsnarl|[miss]\n|-miss|p2a: Ludicolo|p1a: Grimmsnarl\n|\n|-weather|RainDance|[upkeep]\n|upkeep\n|turn|3\n|\n|t:|1698819376\n|move|p2a: Ludicolo|Hydro Pump|p1a: Grimmsnarl\n|-damage|p1a: Grimmsnarl|54\/100\n|-damage|p2a: Ludicolo|91\/100|[from] item: Life Orb\n|move|p1a: Grimmsnarl|Spirit Break|p2a: Ludicolo\n|-damage|p2a: Ludicolo|46\/100\n|-unboost|p2a: Ludicolo|spa|1\n|\n|-weather|RainDance|[upkeep]\n|upkeep\n|turn|4\n|\n|t:|1698819386\n|move|p1a: Grimmsnarl|Parting Shot|p2a: Ludicolo\n|-unboost|p2a: Ludicolo|atk|1\n|-unboost|p2a: Ludicolo|spa|1\n|\n|t:|1698819391\n|switch|p1a: Samurott|Samurott-Hisui, F, shiny|100\/100|[from] Parting Shot\n|move|p2a: Ludicolo|Hydro Pump|p1a: Samurott\n|-resisted|p1a: Samurott\n|-damage|p1a: Samurott|83\/100\n|-damage|p2a: Ludicolo|36\/100|[from] item: Life Orb\n|\n|-weather|RainDance|[upkeep]\n|upkeep\n|turn|5\n|\n|t:|1698819403\n|switch|p2a: Ludicolo|Ludicolo, M|100\/100\n|move|p1a: Samurott|Swords Dance|p1a: Samurott\n|-boost|p1a: Samurott|atk|2\n|\n|-weather|RainDance|[upkeep]\n|upkeep\n|turn|6\n|\n|t:|1698819430\n|switch|p1a: Gliscor|Gliscor, M|100\/100\n|-terastallize|p2a: Ludicolo|Steel\n|move|p2a: Ludicolo|Teeter Dance|p1a: Gliscor\n|-start|p1a: Gliscor|confusion\n|\n|-weather|RainDance|[upkeep]\n|upkeep\n|turn|7\n|\n|t:|1698819447\n|move|p2a: Ludicolo|Leech Seed|p1a: Gliscor\n|-start|p1a: Gliscor|move: Leech Seed\n|-activate|p1a: Gliscor|confusion\n|move|p1a: Gliscor|Calm Mind|p1a: Gliscor\n|-boost|p1a: Gliscor|spa|1\n|-boost|p1a: Gliscor|spd|1\n|\n|-weather|RainDance|[upkeep]\n|-damage|p1a: Gliscor|88\/100|[from] Leech Seed|[of] p2a: Ludicolo\n|upkeep\n|turn|8\n|\n|t:|1698819456\n|move|p2a: Ludicolo|Amnesia|p2a: Ludicolo\n|-boost|p2a: Ludicolo|spd|2\n|-end|p1a: Gliscor|confusion\n|move|p1a: Gliscor|Flamethrower|p2a: Ludicolo\n|-supereffective|p2a: Ludicolo\n|-damage|p2a: Ludicolo|73\/100\n|-damage|p1a: Gliscor|78\/100|[from] item: Life Orb\n|\n|-weather|none\n|-heal|p2a: Ludicolo|79\/100|[from] item: Leftovers\n|-damage|p1a: Gliscor|66\/100|[from] Leech Seed|[of] p2a: Ludicolo\n|-heal|p2a: Ludicolo|87\/100|[silent]\n|-sideend|p1: ImNob190|Reflect\n|upkeep\n|turn|9\n|\n|t:|1698819470\n|move|p1a: Gliscor|Flamethrower|p2a: Ludicolo\n|-supereffective|p2a: Ludicolo\n|-damage|p2a: Ludicolo|34\/100\n|-damage|p1a: Gliscor|56\/100|[from] item: Life Orb\n|move|p2a: Ludicolo|Teeter Dance|p1a: Gliscor\n|-start|p1a: Gliscor|confusion\n|\n|-heal|p2a: Ludicolo|40\/100|[from] item: Leftovers\n|-damage|p1a: Gliscor|44\/100|[from] Leech Seed|[of] p2a: Ludicolo\n|-heal|p2a: Ludicolo|48\/100|[silent]\n|-sideend|p1: ImNob190|move: Light Screen\n|upkeep\n|turn|10\n|\n|t:|1698819488\n|switch|p2a: Pelipper|Pelipper, F|100\/100\n|-weather|RainDance|[from] ability: Drizzle|[of] p2a: Pelipper\n|-activate|p1a: Gliscor|confusion\n|move|p1a: Gliscor|Flamethrower|p2a: Pelipper\n|-resisted|p2a: Pelipper\n|-damage|p2a: Pelipper|79\/100\n|-damage|p1a: Gliscor|34\/100|[from] item: Life Orb\n|\n|-weather|RainDance|[upkeep]\n|-damage|p1a: Gliscor|22\/100|[from] Leech Seed|[of] p2a: Pelipper\n|-heal|p2a: Pelipper|89\/100|[silent]\n|upkeep\n|turn|11\n|\n|t:|1698819508\n|-activate|p1a: Gliscor|confusion\n|move|p1a: Gliscor|Dark Pulse|p2a: Pelipper\n|-damage|p2a: Pelipper|14\/100\n|-damage|p1a: Gliscor|12\/100|[from] item: Life Orb\n|move|p2a: Pelipper|Hurricane|p1a: Gliscor\n|-damage|p1a: Gliscor|0 fnt\n|replace|p1a: Zoroark|Zoroark-Hisui, M, shiny\n|-end|p1a: Zoroark|Illusion\n|faint|p1a: Zoroark\n|\n|-weather|RainDance|[upkeep]\n|upkeep\n|\n|t:|1698819521\n|switch|p1a: Samurott|Samurott-Hisui, F, shiny|83\/100\n|turn|12\n|\n|t:|1698819528\n|move|p1a: Samurott|Ceaseless Edge|p2a: Pelipper\n|-damage|p2a: Pelipper|0 fnt\n|-sidestart|p2: Jbug777|Spikes\n|faint|p2a: Pelipper\n|\n|-weather|RainDance|[upkeep]\n|upkeep\n|\n|t:|1698819536\n|switch|p2a: Ludicolo|Ludicolo, F, shiny|36\/100\n|-damage|p2a: Ludicolo|24\/100|[from] Spikes\n|turn|13\n|\n|t:|1698819541\n|move|p2a: Ludicolo|Giga Drain|p1a: Samurott\n|-supereffective|p1a: Samurott\n|-damage|p1a: Samurott|0 fnt\n|-heal|p2a: Ludicolo|68\/100|[from] drain|[of] p1a: Samurott\n|faint|p1a: Samurott\n|-damage|p2a: Ludicolo|58\/100|[from] item: Life Orb\n|\n|-weather|RainDance|[upkeep]\n|upkeep\n|\n|t:|1698819549\n|switch|p1a: Ditto|Ditto, shiny|100\/100\n|-transform|p1a: Ditto|p2a: Ludicolo|[from] ability: Imposter\n|turn|14\n|\n|t:|1698819559\n|move|p2a: Ludicolo|Giga Drain|p1a: Ditto\n|-damage|p1a: Ditto|36\/100\n|-heal|p2a: Ludicolo|83\/100|[from] drain|[of] p1a: Ditto\n|-damage|p2a: Ludicolo|73\/100|[from] item: Life Orb\n|move|p1a: Ditto|Giga Drain|p2a: Ludicolo\n|-damage|p2a: Ludicolo|32\/100\n|-heal|p1a: Ditto|63\/100|[from] drain|[of] p2a: Ludicolo\n|\n|-weather|none\n|upkeep\n|turn|15\n|\n|t:|1698819573\n|move|p2a: Ludicolo|Giga Drain|p1a: Ditto\n|-damage|p1a: Ditto|0 fnt\n|-heal|p2a: Ludicolo|57\/100|[from] drain|[of] p1a: Ditto\n|faint|p1a: Ditto\n|-damage|p2a: Ludicolo|47\/100|[from] item: Life Orb\n|\n|upkeep\n|\n|t:|1698819581\n|switch|p1a: Grimmsnarl|Grimmsnarl, M|54\/100\n|turn|16\n|\n|t:|1698819590\n|move|p1a: Grimmsnarl|Reflect|p1a: Grimmsnarl\n|-sidestart|p1: ImNob190|Reflect\n|move|p2a: Ludicolo|Hydro Pump|p1a: Grimmsnarl\n|-damage|p1a: Grimmsnarl|0 fnt\n|faint|p1a: Grimmsnarl\n|-damage|p2a: Ludicolo|37\/100|[from] item: Life Orb\n|\n|upkeep\n|\n|t:|1698819600\n|switch|p1a: Cloyster|Cloyster, M, shiny|100\/100\n|turn|17\n|\n|t:|1698819605\n|move|p2a: Ludicolo|Leaf Storm|p1a: Cloyster\n|-supereffective|p1a: Cloyster\n|-damage|p1a: Cloyster|0 fnt\n|-unboost|p2a: Ludicolo|spa|2\n|faint|p1a: Cloyster\n|-damage|p2a: Ludicolo|27\/100|[from] item: Life Orb\n|\n|upkeep\n|\n|t:|1698819609\n|switch|p1a: Gliscor|Gliscor, M|100\/100\n|turn|18\n|\n|t:|1698819623\n|switch|p2a: Ludicolo|Ludicolo, F|100\/100\n|-damage|p2a: Ludicolo|88\/100|[from] Spikes\n|move|p1a: Gliscor|Knock Off|p2a: Ludicolo\n|-damage|p2a: Ludicolo|56\/100\n|-enditem|p2a: Ludicolo|Focus Sash|[from] move: Knock Off|[of] p1a: Gliscor\n|\n|-status|p1a: Gliscor|tox|[from] item: Toxic Orb\n|upkeep\n|turn|19\n|\n|t:|1698819635\n|move|p2a: Ludicolo|Fake Out|p1a: Gliscor\n|-damage|p1a: Gliscor|96\/100 tox\n|cant|p1a: Gliscor|flinch\n|\n|-heal|p1a: Gliscor|100\/100 tox|[from] ability: Poison Heal\n|upkeep\n|turn|20\n|\n|t:|1698819643\n|move|p2a: Ludicolo|Swords Dance|p2a: Ludicolo\n|-boost|p2a: Ludicolo|atk|2\n|move|p1a: Gliscor|Earthquake|p2a: Ludicolo\n|-resisted|p2a: Ludicolo\n|-damage|p2a: Ludicolo|27\/100\n|\n|upkeep\n|turn|21\n|\n|t:|1698819653\n|-terastallize|p1a: Gliscor|Ground\n|move|p2a: Ludicolo|Waterfall|p1a: Gliscor\n|-supereffective|p1a: Gliscor\n|-damage|p1a: Gliscor|50\/100 tox\n|move|p1a: Gliscor|Earthquake|p2a: Ludicolo\n|-resisted|p2a: Ludicolo\n|-damage|p2a: Ludicolo|0 fnt\n|faint|p2a: Ludicolo\n|\n|-heal|p1a: Gliscor|62\/100 tox|[from] ability: Poison Heal\n|upkeep\n|\n|t:|1698819659\n|switch|p2a: Politoed|Politoed, M, shiny|100\/100\n|-damage|p2a: Politoed|88\/100|[from] Spikes\n|-weather|RainDance|[from] ability: Drizzle|[of] p2a: Politoed\n|turn|22\n|\n|t:|1698819670\n|move|p1a: Gliscor|Earthquake|p2a: Politoed\n|-damage|p2a: Politoed|38\/100\n|move|p2a: Politoed|Blizzard|p1a: Gliscor|[miss]\n|-miss|p2a: Politoed|p1a: Gliscor\n|\n|-weather|RainDance|[upkeep]\n|-heal|p1a: Gliscor|75\/100 tox|[from] ability: Poison Heal\n|upkeep\n|turn|23\n|\n|t:|1698819680\n|move|p1a: Gliscor|Earthquake|p2a: Politoed\n|-damage|p2a: Politoed|0 fnt\n|faint|p2a: Politoed\n|\n|-weather|RainDance|[upkeep]\n|-heal|p1a: Gliscor|87\/100 tox|[from] ability: Poison Heal\n|-sideend|p1: ImNob190|Reflect\n|upkeep\n|\n|t:|1698819685\n|switch|p2a: Ludicolo|Ludicolo, F, shiny|27\/100\n|-damage|p2a: Ludicolo|15\/100|[from] Spikes\n|turn|24\n|\n|t:|1698819691\n|move|p2a: Ludicolo|Hydro Pump|p1a: Gliscor\n|-supereffective|p1a: Gliscor\n|-damage|p1a: Gliscor|0 fnt\n|faint|p1a: Gliscor\n|-damage|p2a: Ludicolo|5\/100|[from] item: Life Orb\n|\n|win|Jbug777\n|raw|ImNob190's rating: 1000 &rarr; <strong>1000<\/strong><br \/>(+0 for losing)\n|raw|Jbug777's rating: 1099 &rarr; <strong>1117<\/strong><br \/>(+18 for winning)\n|c|\u2606Jbug777|gg\n|l|\u2606ImNob190\n","uploadtime":1698819716,"views":9,"p1id":"imnob190","p2id":"jbug777","formatid":"gen9anythinggoes","rating":1000,"private":0,"password":""}