{"id":"gen9anythinggoes-1990125509","p1":"Khryce","p2":"Puscruna","format":"[Gen 9] Anything Goes","log":"|j|\u2606Khryce\n|j|\u2606Puscruna\n|t:|1699927281\n|gametype|singles\n|player|p1|Khryce|preschooler|1102\n|player|p2|Puscruna|elesa|1087\n|teamsize|p1|6\n|teamsize|p2|6\n|gen|9\n|tier|[Gen 9] Anything Goes\n|rated|\n|rule|HP Percentage Mod: HP is shown in percentages\n|rule|Endless Battle Clause: Forcing endless battles is banned\n|clearpoke\n|poke|p1|Sneasler, M|\n|poke|p1|Hawlucha, M|\n|poke|p1|Drifblim, F|\n|poke|p1|Grafaiai, F|\n|poke|p1|Farigiraf, M|\n|poke|p1|Tsareena, F|\n|poke|p2|Toxapex, F|\n|poke|p2|Lilligant, F|\n|poke|p2|Gallade, M|\n|poke|p2|Kommo-o, M|\n|poke|p2|Chandelure, F|\n|poke|p2|Mismagius, F|\n|teampreview\n|\n|t:|1699927286\n|start\n|switch|p1a: Tsareena|Tsareena, F|100\/100\n|switch|p2a: Rokakaka|Toxapex, F, shiny|100\/100\n|turn|1\n|\n|t:|1699927295\n|switch|p1a: Grafaiai|Grafaiai, F|100\/100\n|move|p2a: Rokakaka|Stockpile|p2a: Rokakaka\n|-start|p2a: Rokakaka|stockpile1\n|-boost|p2a: Rokakaka|def|1\n|-boost|p2a: Rokakaka|spd|1\n|\n|upkeep\n|turn|2\n|\n|t:|1699927301\n|move|p1a: Grafaiai|Knock Off|p2a: Rokakaka\n|-damage|p2a: Rokakaka|92\/100\n|-enditem|p2a: Rokakaka|Leftovers|[from] move: Knock Off|[of] p1a: Grafaiai\n|move|p2a: Rokakaka|Stockpile|p2a: Rokakaka\n|-start|p2a: Rokakaka|stockpile2\n|-boost|p2a: Rokakaka|def|1\n|-boost|p2a: Rokakaka|spd|1\n|\n|upkeep\n|turn|3\n|\n|t:|1699927310\n|move|p1a: Grafaiai|Parting Shot|p2a: Rokakaka\n|-unboost|p2a: Rokakaka|atk|1\n|-unboost|p2a: Rokakaka|spa|1\n|\n|t:|1699927314\n|switch|p1a: Farigiraf|Farigiraf, M|100\/100|[from] Parting Shot\n|move|p2a: Rokakaka|Stockpile|p2a: Rokakaka\n|-start|p2a: Rokakaka|stockpile3\n|-boost|p2a: Rokakaka|def|1\n|-boost|p2a: Rokakaka|spd|1\n|\n|upkeep\n|turn|4\n|\n|t:|1699927320\n|move|p2a: Rokakaka|Toxic|p1a: Farigiraf\n|-status|p1a: Farigiraf|tox\n|move|p1a: Farigiraf|Trick Room|p1a: Farigiraf\n|-fieldstart|move: Trick Room|[of] p1a: Farigiraf\n|\n|-damage|p1a: Farigiraf|94\/100 tox|[from] psn\n|upkeep\n|turn|5\n|\n|t:|1699927329\n|move|p2a: Rokakaka|Recover|p2a: Rokakaka\n|-heal|p2a: Rokakaka|100\/100\n|move|p1a: Farigiraf|Roar|p2a: Rokakaka\n|drag|p2a: Zelda|Chandelure, F, shiny|100\/100\n|\n|-damage|p1a: Farigiraf|82\/100 tox|[from] psn\n|upkeep\n|turn|6\n|\n|t:|1699927362\n|switch|p2a: Rokakaka|Toxapex, F, shiny|100\/100\n|move|p1a: Farigiraf|Twin Beam|p2a: Rokakaka\n|-supereffective|p2a: Rokakaka\n|-damage|p2a: Rokakaka|68\/100\n|-supereffective|p2a: Rokakaka\n|-damage|p2a: Rokakaka|37\/100\n|-hitcount|p2a: Rokakaka|2\n|\n|-damage|p1a: Farigiraf|64\/100 tox|[from] psn\n|upkeep\n|turn|7\n|\n|t:|1699927370\n|move|p2a: Rokakaka|Recover|p2a: Rokakaka\n|-heal|p2a: Rokakaka|87\/100\n|move|p1a: Farigiraf|Twin Beam|p2a: Rokakaka\n|-supereffective|p2a: Rokakaka\n|-damage|p2a: Rokakaka|52\/100\n|-supereffective|p2a: Rokakaka\n|-damage|p2a: Rokakaka|17\/100\n|-hitcount|p2a: Rokakaka|2\n|\n|-damage|p1a: Farigiraf|40\/100 tox|[from] psn\n|upkeep\n|turn|8\n|\n|t:|1699927395\n|switch|p1a: Grafaiai|Grafaiai, F|100\/100\n|move|p2a: Rokakaka|Recover|p2a: Rokakaka\n|-heal|p2a: Rokakaka|67\/100\n|\n|-fieldend|move: Trick Room\n|upkeep\n|turn|9\n|\n|t:|1699927409\n|switch|p2a: Sandman|Kommo-o, M|100\/100\n|move|p1a: Grafaiai|Foul Play|p2a: Sandman\n|-resisted|p2a: Sandman\n|-damage|p2a: Sandman|87\/100\n|\n|-heal|p2a: Sandman|93\/100|[from] item: Leftovers\n|upkeep\n|turn|10\n|\n|t:|1699927419\n|move|p1a: Grafaiai|Parting Shot|p2a: Sandman\n|-unboost|p2a: Sandman|atk|1\n|-unboost|p2a: Sandman|spa|1\n|\n|t:|1699927424\n|switch|p1a: Drifblim|Drifblim, F|100\/100|[from] Parting Shot\n|move|p2a: Sandman|Clangorous Soul|p2a: Sandman\n|-boost|p2a: Sandman|atk|1\n|-boost|p2a: Sandman|def|1\n|-boost|p2a: Sandman|spa|1\n|-boost|p2a: Sandman|spd|1\n|-boost|p2a: Sandman|spe|1\n|-damage|p2a: Sandman|60\/100\n|\n|-heal|p2a: Sandman|66\/100|[from] item: Leftovers\n|-status|p1a: Drifblim|brn|[from] item: Flame Orb\n|upkeep\n|turn|11\n|\n|t:|1699927439\n|move|p2a: Sandman|Clanging Scales|p1a: Drifblim\n|-damage|p1a: Drifblim|55\/100 brn\n|-unboost|p2a: Sandman|def|1\n|move|p1a: Drifblim|Strength Sap|p2a: Sandman\n|-unboost|p2a: Sandman|atk|1\n|-heal|p1a: Drifblim|100\/100 brn\n|\n|-heal|p2a: Sandman|72\/100|[from] item: Leftovers\n|-damage|p1a: Drifblim|94\/100 brn|[from] brn\n|upkeep\n|turn|12\n|\n|t:|1699927470\n|switch|p2a: Zelda|Chandelure, F, shiny|100\/100\n|move|p1a: Drifblim|Clear Smog|p2a: Zelda\n|-resisted|p2a: Zelda\n|-damage|p2a: Zelda|85\/100\n|-clearboost|p2a: Zelda\n|\n|-heal|p2a: Zelda|91\/100|[from] item: Leftovers\n|-damage|p1a: Drifblim|88\/100 brn|[from] brn\n|upkeep\n|turn|13\n|\n|t:|1699927482\n|move|p2a: Zelda|Minimize|p2a: Zelda\n|-boost|p2a: Zelda|evasion|2\n|move|p1a: Drifblim|Shadow Ball|p2a: Zelda\n|-supereffective|p2a: Zelda\n|-damage|p2a: Zelda|0 fnt\n|faint|p2a: Zelda\n|\n|-damage|p1a: Drifblim|82\/100 brn|[from] brn\n|upkeep\n|\n|t:|1699927498\n|switch|p2a: Valentine|Mismagius, F|100\/100\n|turn|14\n|\n|t:|1699927501\n|move|p2a: Valentine|Thunderbolt|p1a: Drifblim\n|-supereffective|p1a: Drifblim\n|-damage|p1a: Drifblim|24\/100 brn\n|move|p1a: Drifblim|Shadow Ball|p2a: Valentine\n|-supereffective|p2a: Valentine\n|-damage|p2a: Valentine|0 fnt\n|faint|p2a: Valentine\n|\n|-damage|p1a: Drifblim|18\/100 brn|[from] brn\n|upkeep\n|\n|t:|1699927517\n|switch|p2a: Kars|Gallade, M, shiny|100\/100\n|turn|15\n|\n|t:|1699927528\n|move|p2a: Kars|Night Slash|p1a: Drifblim\n|-supereffective|p1a: Drifblim\n|-crit|p1a: Drifblim\n|-damage|p1a: Drifblim|0 fnt\n|faint|p1a: Drifblim\n|-damage|p2a: Kars|91\/100|[from] item: Life Orb\n|\n|upkeep\n|\n|t:|1699927538\n|switch|p1a: Farigiraf|Farigiraf, M|40\/100 tox\n|turn|16\n|\n|t:|1699927548\n|-terastallize|p1a: Farigiraf|Fairy\n|move|p2a: Kars|Drain Punch|p1a: Farigiraf\n|-resisted|p1a: Farigiraf\n|-damage|p1a: Farigiraf|15\/100 tox\n|-heal|p2a: Kars|100\/100|[from] drain|[of] p1a: Farigiraf\n|-damage|p2a: Kars|84\/100|[from] item: Rocky Helmet|[of] p1a: Farigiraf\n|-damage|p2a: Kars|74\/100|[from] item: Life Orb\n|move|p1a: Farigiraf|Tera Blast|p2a: Kars|[anim] Tera Blast Fairy\n|-supereffective|p2a: Kars\n|-damage|p2a: Kars|0 fnt\n|faint|p2a: Kars\n|\n|-damage|p1a: Farigiraf|9\/100 tox|[from] psn\n|upkeep\n|\n|t:|1699927561\n|switch|p2a: Elodie|Lilligant, F, shiny|100\/100\n|turn|17\n|\n|t:|1699927569\n|move|p2a: Elodie|Quiver Dance|p2a: Elodie\n|-boost|p2a: Elodie|spa|1\n|-boost|p2a: Elodie|spd|1\n|-boost|p2a: Elodie|spe|1\n|move|p1a: Farigiraf|Trick Room|p1a: Farigiraf\n|-fieldstart|move: Trick Room|[of] p1a: Farigiraf\n|\n|-damage|p1a: Farigiraf|0 fnt|[from] psn\n|faint|p1a: Farigiraf\n|upkeep\n|\n|t:|1699927577\n|switch|p1a: Grafaiai|Grafaiai, F|100\/100\n|turn|18\n|\n|t:|1699927645\n|move|p1a: Grafaiai|Parting Shot|p2a: Elodie\n|-unboost|p2a: Elodie|atk|1\n|-unboost|p2a: Elodie|spa|1\n|\n|t:|1699927650\n|switch|p1a: Hawlucha|Hawlucha, M|100\/100|[from] Parting Shot\n|move|p2a: Elodie|Quiver Dance|p2a: Elodie\n|-boost|p2a: Elodie|spa|1\n|-boost|p2a: Elodie|spd|1\n|-boost|p2a: Elodie|spe|1\n|\n|upkeep\n|turn|19\n|\n|t:|1699927662\n|move|p1a: Hawlucha|Acrobatics|p2a: Elodie\n|-supereffective|p2a: Elodie\n|-damage|p2a: Elodie|24\/100\n|move|p2a: Elodie|Petal Dance|p1a: Hawlucha\n|-resisted|p1a: Hawlucha\n|-damage|p1a: Hawlucha|11\/100\n|-enditem|p1a: Hawlucha|Liechi Berry|[eat]\n|-boost|p1a: Hawlucha|atk|1|[from] item: Liechi Berry\n|\n|upkeep\n|turn|20\n|\n|t:|1699927679\n|move|p2a: Elodie|Petal Dance|p1a: Hawlucha|[from]lockedmove\n|-resisted|p1a: Hawlucha\n|-damage|p1a: Hawlucha|0 fnt\n|faint|p1a: Hawlucha\n|-start|p2a: Elodie|confusion|[fatigue]\n|\n|upkeep\n|\n|t:|1699927694\n|switch|p1a: Sneasler|Sneasler, M|100\/100\n|turn|21\n|\n|t:|1699927698\n|move|p1a: Sneasler|Dire Claw|p2a: Elodie\n|-supereffective|p2a: Elodie\n|-damage|p2a: Elodie|0 fnt\n|faint|p2a: Elodie\n|\n|-fieldend|move: Trick Room\n|upkeep\n|\n|t:|1699927709\n|switch|p2a: Sandman|Kommo-o, M|72\/100\n|turn|22\n|\n|t:|1699927718\n|move|p1a: Sneasler|Acrobatics|p2a: Sandman\n|-supereffective|p2a: Sandman\n|-damage|p2a: Sandman|30\/100\n|move|p2a: Sandman|Earthquake|p1a: Sneasler\n|-supereffective|p1a: Sneasler\n|-damage|p1a: Sneasler|0 fnt\n|faint|p1a: Sneasler\n|\n|-heal|p2a: Sandman|37\/100|[from] item: Leftovers\n|upkeep\n|\n|t:|1699927734\n|switch|p1a: Tsareena|Tsareena, F|100\/100\n|turn|23\n|\n|t:|1699927740\n|move|p2a: Sandman|Drain Punch|p1a: Tsareena\n|-damage|p1a: Tsareena|69\/100\n|-heal|p2a: Sandman|56\/100|[from] drain|[of] p1a: Tsareena\n|move|p1a: Tsareena|Play Rough|p2a: Sandman\n|-supereffective|p2a: Sandman\n|-damage|p2a: Sandman|0 fnt\n|faint|p2a: Sandman\n|\n|upkeep\n|\n|t:|1699927748\n|switch|p2a: Rokakaka|Toxapex, F, shiny|67\/100\n|turn|24\n|\n|t:|1699927752\n|switch|p1a: Grafaiai|Grafaiai, F|100\/100\n|move|p2a: Rokakaka|Recover|p2a: Rokakaka\n|-heal|p2a: Rokakaka|100\/100\n|\n|upkeep\n|turn|25\n|\n|t:|1699927759\n|move|p1a: Grafaiai|Knock Off|p2a: Rokakaka\n|-damage|p2a: Rokakaka|92\/100\n|move|p2a: Rokakaka|Stockpile|p2a: Rokakaka\n|-start|p2a: Rokakaka|stockpile1\n|-boost|p2a: Rokakaka|def|1\n|-boost|p2a: Rokakaka|spd|1\n|\n|upkeep\n|turn|26\n|\n|t:|1699927766\n|move|p1a: Grafaiai|Parting Shot|p2a: Rokakaka\n|-unboost|p2a: Rokakaka|atk|1\n|-unboost|p2a: Rokakaka|spa|1\n|\n|t:|1699927769\n|switch|p1a: Tsareena|Tsareena, F|69\/100|[from] Parting Shot\n|move|p2a: Rokakaka|Stockpile|p2a: Rokakaka\n|-start|p2a: Rokakaka|stockpile2\n|-boost|p2a: Rokakaka|def|1\n|-boost|p2a: Rokakaka|spd|1\n|\n|upkeep\n|turn|27\n|\n|t:|1699927784\n|move|p1a: Tsareena|Trop Kick|p2a: Rokakaka\n|-damage|p2a: Rokakaka|80\/100\n|-unboost|p2a: Rokakaka|atk|1\n|move|p2a: Rokakaka|Toxic|p1a: Tsareena\n|-status|p1a: Tsareena|tox\n|\n|-damage|p1a: Tsareena|63\/100 tox|[from] psn\n|upkeep\n|turn|28\n|\n|t:|1699927796\n|switch|p1a: Grafaiai|Grafaiai, F|100\/100\n|move|p2a: Rokakaka|Stockpile|p2a: Rokakaka\n|-start|p2a: Rokakaka|stockpile3\n|-boost|p2a: Rokakaka|def|1\n|-boost|p2a: Rokakaka|spd|1\n|\n|upkeep\n|turn|29\n|\n|t:|1699927805\n|move|p1a: Grafaiai|Parting Shot|p2a: Rokakaka\n|-unboost|p2a: Rokakaka|atk|1\n|-unboost|p2a: Rokakaka|spa|1\n|\n|t:|1699927808\n|switch|p1a: Tsareena|Tsareena, F|63\/100 tox|[from] Parting Shot\n|move|p2a: Rokakaka|Toxic|p1a: Tsareena\n|-fail|p1a: Tsareena|tox\n|\n|-damage|p1a: Tsareena|57\/100 tox|[from] psn\n|upkeep\n|turn|30\n|\n|t:|1699927819\n|switch|p1a: Grafaiai|Grafaiai, F|100\/100\n|move|p2a: Rokakaka|Toxic|p1a: Grafaiai\n|-immune|p1a: Grafaiai\n|\n|upkeep\n|turn|31\n|\n|t:|1699927827\n|move|p1a: Grafaiai|Parting Shot|p2a: Rokakaka\n|-unboost|p2a: Rokakaka|atk|1\n|-unboost|p2a: Rokakaka|spa|1\n|\n|t:|1699927830\n|switch|p1a: Tsareena|Tsareena, F|57\/100 tox|[from] Parting Shot\n|move|p2a: Rokakaka|Stockpile||[still]\n|-fail|p2a: Rokakaka\n|\n|-damage|p1a: Tsareena|50\/100 tox|[from] psn\n|upkeep\n|turn|32\n|\n|t:|1699927839\n|switch|p1a: Grafaiai|Grafaiai, F|100\/100\n|move|p2a: Rokakaka|Stockpile||[still]\n|-fail|p2a: Rokakaka\n|\n|upkeep\n|turn|33\n|\n|t:|1699927845\n|move|p1a: Grafaiai|Parting Shot|p2a: Rokakaka\n|-unboost|p2a: Rokakaka|atk|1\n|-unboost|p2a: Rokakaka|spa|1\n|\n|t:|1699927848\n|switch|p1a: Tsareena|Tsareena, F|50\/100 tox|[from] Parting Shot\n|move|p2a: Rokakaka|Stockpile||[still]\n|-fail|p2a: Rokakaka\n|\n|-damage|p1a: Tsareena|44\/100 tox|[from] psn\n|upkeep\n|turn|34\n|\n|t:|1699927855\n|switch|p1a: Grafaiai|Grafaiai, F|100\/100\n|move|p2a: Rokakaka|Stockpile||[still]\n|-fail|p2a: Rokakaka\n|\n|upkeep\n|turn|35\n|\n|t:|1699927860\n|move|p1a: Grafaiai|Parting Shot|p2a: Rokakaka\n|-unboost|p2a: Rokakaka|atk|1\n|-unboost|p2a: Rokakaka|spa|1\n|\n|t:|1699927863\n|switch|p1a: Tsareena|Tsareena, F|44\/100 tox|[from] Parting Shot\n|move|p2a: Rokakaka|Stockpile||[still]\n|-fail|p2a: Rokakaka\n|\n|-damage|p1a: Tsareena|38\/100 tox|[from] psn\n|upkeep\n|turn|36\n|\n|t:|1699927873\n|switch|p1a: Grafaiai|Grafaiai, F|100\/100\n|move|p2a: Rokakaka|Stockpile||[still]\n|-fail|p2a: Rokakaka\n|\n|upkeep\n|turn|37\n|\n|t:|1699927879\n|move|p1a: Grafaiai|Parting Shot|p2a: Rokakaka\n|-unboost|p2a: Rokakaka|atk|0\n|-unboost|p2a: Rokakaka|spa|1\n|\n|t:|1699927882\n|switch|p1a: Tsareena|Tsareena, F|38\/100 tox|[from] Parting Shot\n|move|p2a: Rokakaka|Stockpile||[still]\n|-fail|p2a: Rokakaka\n|\n|-damage|p1a: Tsareena|32\/100 tox|[from] psn\n|upkeep\n|turn|38\n|\n|t:|1699927890\n|switch|p1a: Grafaiai|Grafaiai, F|100\/100\n|move|p2a: Rokakaka|Stockpile||[still]\n|-fail|p2a: Rokakaka\n|\n|upkeep\n|turn|39\n|\n|t:|1699927899\n|move|p1a: Grafaiai|Knock Off|p2a: Rokakaka\n|-damage|p2a: Rokakaka|76\/100\n|move|p2a: Rokakaka|Stockpile||[still]\n|-fail|p2a: Rokakaka\n|\n|upkeep\n|turn|40\n|\n|t:|1699927907\n|move|p1a: Grafaiai|Knock Off|p2a: Rokakaka\n|-damage|p2a: Rokakaka|73\/100\n|move|p2a: Rokakaka|Stockpile||[still]\n|-fail|p2a: Rokakaka\n|\n|upkeep\n|turn|41\n|\n|t:|1699927913\n|move|p1a: Grafaiai|Knock Off|p2a: Rokakaka\n|-damage|p2a: Rokakaka|69\/100\n|move|p2a: Rokakaka|Stockpile||[still]\n|-fail|p2a: Rokakaka\n|\n|upkeep\n|turn|42\n|\n|t:|1699927917\n|move|p1a: Grafaiai|Knock Off|p2a: Rokakaka\n|-damage|p2a: Rokakaka|65\/100\n|move|p2a: Rokakaka|Stockpile||[still]\n|-fail|p2a: Rokakaka\n|\n|upkeep\n|turn|43\n|\n|t:|1699927923\n|move|p1a: Grafaiai|Knock Off|p2a: Rokakaka\n|-crit|p2a: Rokakaka\n|-damage|p2a: Rokakaka|53\/100\n|move|p2a: Rokakaka|Stockpile||[still]\n|-fail|p2a: Rokakaka\n|\n|upkeep\n|turn|44\n|\n|t:|1699927928\n|move|p1a: Grafaiai|Foul Play|p2a: Rokakaka\n|-damage|p2a: Rokakaka|52\/100\n|move|p2a: Rokakaka|Recover|p2a: Rokakaka\n|-heal|p2a: Rokakaka|100\/100\n|\n|upkeep\n|turn|45\n|\n|t:|1699927934\n|move|p1a: Grafaiai|Foul Play|p2a: Rokakaka\n|-damage|p2a: Rokakaka|99\/100\n|move|p2a: Rokakaka|Stockpile||[still]\n|-fail|p2a: Rokakaka\n|\n|upkeep\n|turn|46\n|\n|t:|1699927942\n|move|p1a: Grafaiai|Foul Play|p2a: Rokakaka\n|-damage|p2a: Rokakaka|99\/100\n|move|p2a: Rokakaka|Stockpile||[still]\n|-fail|p2a: Rokakaka\n|\n|upkeep\n|turn|47\n|\n|t:|1699927955\n|move|p1a: Grafaiai|Toxic|p2a: Rokakaka\n|-immune|p2a: Rokakaka\n|move|p2a: Rokakaka|Stockpile||[still]\n|-fail|p2a: Rokakaka\n|\n|upkeep\n|turn|48\n|\n|t:|1699927960\n|move|p1a: Grafaiai|Toxic|p2a: Rokakaka\n|-immune|p2a: Rokakaka\n|move|p2a: Rokakaka|Stockpile||[still]\n|-fail|p2a: Rokakaka\n|\n|upkeep\n|turn|49\n|\n|t:|1699927965\n|move|p1a: Grafaiai|Toxic|p2a: Rokakaka\n|-immune|p2a: Rokakaka\n|move|p2a: Rokakaka|Stockpile||[still]\n|-fail|p2a: Rokakaka\n|\n|upkeep\n|turn|50\n|\n|t:|1699927971\n|move|p1a: Grafaiai|Toxic|p2a: Rokakaka\n|-immune|p2a: Rokakaka\n|move|p2a: Rokakaka|Stockpile||[still]\n|-fail|p2a: Rokakaka\n|\n|upkeep\n|turn|51\n|\n|t:|1699927976\n|move|p1a: Grafaiai|Toxic|p2a: Rokakaka\n|-immune|p2a: Rokakaka\n|move|p2a: Rokakaka|Stockpile||[still]\n|-fail|p2a: Rokakaka\n|\n|upkeep\n|turn|52\n|\n|t:|1699927980\n|move|p1a: Grafaiai|Toxic|p2a: Rokakaka\n|-immune|p2a: Rokakaka\n|move|p2a: Rokakaka|Stockpile||[still]\n|-fail|p2a: Rokakaka\n|\n|upkeep\n|turn|53\n|\n|t:|1699927985\n|move|p1a: Grafaiai|Toxic|p2a: Rokakaka\n|-immune|p2a: Rokakaka\n|move|p2a: Rokakaka|Stockpile||[still]\n|-fail|p2a: Rokakaka\n|\n|upkeep\n|turn|54\n|\n|t:|1699927990\n|move|p1a: Grafaiai|Toxic|p2a: Rokakaka\n|-immune|p2a: Rokakaka\n|move|p2a: Rokakaka|Stockpile||[still]\n|-fail|p2a: Rokakaka\n|\n|upkeep\n|turn|55\n|\n|t:|1699927994\n|move|p1a: Grafaiai|Toxic|p2a: Rokakaka\n|-immune|p2a: Rokakaka\n|move|p2a: Rokakaka|Stockpile||[still]\n|-fail|p2a: Rokakaka\n|\n|upkeep\n|turn|56\n|\n|t:|1699927999\n|move|p1a: Grafaiai|Toxic|p2a: Rokakaka\n|-immune|p2a: Rokakaka\n|move|p2a: Rokakaka|Stockpile||[still]\n|-fail|p2a: Rokakaka\n|\n|upkeep\n|turn|57\n|\n|t:|1699928004\n|move|p1a: Grafaiai|Toxic|p2a: Rokakaka\n|-immune|p2a: Rokakaka\n|move|p2a: Rokakaka|Stockpile||[still]\n|-fail|p2a: Rokakaka\n|\n|upkeep\n|turn|58\n|\n|t:|1699928015\n|move|p1a: Grafaiai|Toxic|p2a: Rokakaka\n|-immune|p2a: Rokakaka\n|move|p2a: Rokakaka|Toxic|p1a: Grafaiai\n|-immune|p1a: Grafaiai\n|\n|upkeep\n|turn|59\n|\n|t:|1699928033\n|move|p1a: Grafaiai|Parting Shot|p2a: Rokakaka\n|-unboost|p2a: Rokakaka|atk|0\n|-unboost|p2a: Rokakaka|spa|0\n|move|p2a: Rokakaka|Toxic|p1a: Grafaiai\n|-immune|p1a: Grafaiai\n|\n|upkeep\n|turn|60\n|\n|t:|1699928043\n|move|p1a: Grafaiai|Parting Shot|p2a: Rokakaka\n|-unboost|p2a: Rokakaka|atk|0\n|-unboost|p2a: Rokakaka|spa|0\n|move|p2a: Rokakaka|Toxic|p1a: Grafaiai\n|-immune|p1a: Grafaiai\n|\n|upkeep\n|turn|61\n|\n|t:|1699928051\n|move|p1a: Grafaiai|Parting Shot|p2a: Rokakaka\n|-unboost|p2a: Rokakaka|atk|0\n|-unboost|p2a: Rokakaka|spa|0\n|move|p2a: Rokakaka|Toxic|p1a: Grafaiai\n|-immune|p1a: Grafaiai\n|\n|upkeep\n|turn|62\n|\n|t:|1699928057\n|move|p1a: Grafaiai|Parting Shot|p2a: Rokakaka\n|-unboost|p2a: Rokakaka|atk|0\n|-unboost|p2a: Rokakaka|spa|0\n|move|p2a: Rokakaka|Toxic|p1a: Grafaiai\n|-immune|p1a: Grafaiai\n|\n|upkeep\n|turn|63\n|\n|t:|1699928062\n|move|p1a: Grafaiai|Parting Shot|p2a: Rokakaka\n|-unboost|p2a: Rokakaka|atk|0\n|-unboost|p2a: Rokakaka|spa|0\n|move|p2a: Rokakaka|Toxic|p1a: Grafaiai\n|-immune|p1a: Grafaiai\n|\n|upkeep\n|turn|64\n|\n|t:|1699928068\n|switch|p1a: Tsareena|Tsareena, F|32\/100 tox\n|move|p2a: Rokakaka|Toxic|p1a: Tsareena\n|-fail|p1a: Tsareena|tox\n|\n|-damage|p1a: Tsareena|26\/100 tox|[from] psn\n|upkeep\n|turn|65\n|\n|t:|1699928082\n|move|p1a: Tsareena|Trop Kick|p2a: Rokakaka\n|-damage|p2a: Rokakaka|90\/100\n|move|p2a: Rokakaka|Toxic|p1a: Tsareena\n|-fail|p1a: Tsareena|tox\n|\n|-damage|p1a: Tsareena|14\/100 tox|[from] psn\n|upkeep\n|turn|66\n|\n|t:|1699928092\n|move|p1a: Tsareena|Trop Kick|p2a: Rokakaka\n|-damage|p2a: Rokakaka|80\/100\n|move|p2a: Rokakaka|Toxic|p1a: Tsareena\n|-fail|p1a: Tsareena|tox\n|\n|-damage|p1a: Tsareena|0 fnt|[from] psn\n|faint|p1a: Tsareena\n|upkeep\n|\n|t:|1699928099\n|switch|p1a: Grafaiai|Grafaiai, F|100\/100\n|turn|67\n|\n|t:|1699928103\n|move|p1a: Grafaiai|Toxic|p2a: Rokakaka\n|-immune|p2a: Rokakaka\n|move|p2a: Rokakaka|Toxic|p1a: Grafaiai\n|-immune|p1a: Grafaiai\n|\n|upkeep\n|turn|68\n|\n|t:|1699928108\n|move|p1a: Grafaiai|Toxic|p2a: Rokakaka\n|-immune|p2a: Rokakaka\n|move|p2a: Rokakaka|Toxic|p1a: Grafaiai\n|-immune|p1a: Grafaiai\n|\n|upkeep\n|turn|69\n|\n|t:|1699928118\n|move|p1a: Grafaiai|Toxic|p2a: Rokakaka\n|-immune|p2a: Rokakaka\n|move|p2a: Rokakaka|Toxic|p1a: Grafaiai\n|-immune|p1a: Grafaiai\n|\n|upkeep\n|turn|70\n|inactive|Battle timer is ON: inactive players will automatically lose when time's up. (requested by Khryce)\n|\n|t:|1699928141\n|move|p1a: Grafaiai|Toxic|p2a: Rokakaka\n|-immune|p2a: Rokakaka\n|move|p2a: Rokakaka|Haze|p2a: Rokakaka\n|-clearallboost\n|\n|upkeep\n|turn|71\n|\n|t:|1699928147\n|move|p1a: Grafaiai|Parting Shot|p2a: Rokakaka\n|-unboost|p2a: Rokakaka|atk|1\n|-unboost|p2a: Rokakaka|spa|1\n|move|p2a: Rokakaka|Haze|p2a: Rokakaka\n|-clearallboost\n|\n|upkeep\n|turn|72\n|\n|t:|1699928155\n|move|p1a: Grafaiai|Parting Shot|p2a: Rokakaka\n|-unboost|p2a: Rokakaka|atk|1\n|-unboost|p2a: Rokakaka|spa|1\n|move|p2a: Rokakaka|Haze|p2a: Rokakaka\n|-clearallboost\n|\n|upkeep\n|turn|73\n|\n|t:|1699928160\n|move|p1a: Grafaiai|Knock Off|p2a: Rokakaka\n|-damage|p2a: Rokakaka|72\/100\n|move|p2a: Rokakaka|Haze|p2a: Rokakaka\n|-clearallboost\n|\n|upkeep\n|turn|74\n|\n|t:|1699928165\n|move|p1a: Grafaiai|Foul Play|p2a: Rokakaka\n|-damage|p2a: Rokakaka|64\/100\n|move|p2a: Rokakaka|Haze|p2a: Rokakaka\n|-clearallboost\n|\n|upkeep\n|turn|75\n|\n|t:|1699928171\n|move|p1a: Grafaiai|Knock Off|p2a: Rokakaka\n|-damage|p2a: Rokakaka|55\/100\n|move|p2a: Rokakaka|Haze|p2a: Rokakaka\n|-clearallboost\n|\n|upkeep\n|turn|76\n|\n|t:|1699928176\n|move|p1a: Grafaiai|Knock Off|p2a: Rokakaka\n|-damage|p2a: Rokakaka|46\/100\n|move|p2a: Rokakaka|Recover|p2a: Rokakaka\n|-heal|p2a: Rokakaka|96\/100\n|\n|upkeep\n|turn|77\n|\n|t:|1699928182\n|move|p1a: Grafaiai|Knock Off|p2a: Rokakaka\n|-damage|p2a: Rokakaka|87\/100\n|move|p2a: Rokakaka|Haze|p2a: Rokakaka\n|-clearallboost\n|\n|upkeep\n|turn|78\n|\n|t:|1699928188\n|move|p1a: Grafaiai|Foul Play|p2a: Rokakaka\n|-damage|p2a: Rokakaka|80\/100\n|move|p2a: Rokakaka|Haze|p2a: Rokakaka\n|-clearallboost\n|\n|upkeep\n|turn|79\n|\n|t:|1699928194\n|move|p1a: Grafaiai|Knock Off|p2a: Rokakaka\n|-damage|p2a: Rokakaka|72\/100\n|move|p2a: Rokakaka|Haze|p2a: Rokakaka\n|-clearallboost\n|\n|upkeep\n|turn|80\n|\n|t:|1699928208\n|move|p1a: Grafaiai|Parting Shot|p2a: Rokakaka\n|-unboost|p2a: Rokakaka|atk|1\n|-unboost|p2a: Rokakaka|spa|1\n|move|p2a: Rokakaka|Haze|p2a: Rokakaka\n|-clearallboost\n|\n|upkeep\n|turn|81\n|\n|t:|1699928215\n|move|p1a: Grafaiai|Parting Shot|p2a: Rokakaka\n|-unboost|p2a: Rokakaka|atk|1\n|-unboost|p2a: Rokakaka|spa|1\n|move|p2a: Rokakaka|Haze|p2a: Rokakaka\n|-clearallboost\n|\n|upkeep\n|turn|82\n|\n|t:|1699928223\n|move|p1a: Grafaiai|Parting Shot|p2a: Rokakaka\n|-unboost|p2a: Rokakaka|atk|1\n|-unboost|p2a: Rokakaka|spa|1\n|move|p2a: Rokakaka|Haze|p2a: Rokakaka\n|-clearallboost\n|\n|upkeep\n|turn|83\n|\n|t:|1699928229\n|move|p1a: Grafaiai|Parting Shot|p2a: Rokakaka\n|-unboost|p2a: Rokakaka|atk|1\n|-unboost|p2a: Rokakaka|spa|1\n|move|p2a: Rokakaka|Haze|p2a: Rokakaka\n|-clearallboost\n|\n|upkeep\n|turn|84\n|\n|t:|1699928235\n|move|p1a: Grafaiai|Parting Shot|p2a: Rokakaka\n|-unboost|p2a: Rokakaka|atk|1\n|-unboost|p2a: Rokakaka|spa|1\n|move|p2a: Rokakaka|Haze|p2a: Rokakaka\n|-clearallboost\n|\n|upkeep\n|turn|85\n|\n|t:|1699928242\n|move|p1a: Grafaiai|Knock Off|p2a: Rokakaka\n|-damage|p2a: Rokakaka|63\/100\n|move|p2a: Rokakaka|Haze|p2a: Rokakaka\n|-clearallboost\n|\n|upkeep\n|turn|86\n|\n|t:|1699928247\n|move|p1a: Grafaiai|Foul Play|p2a: Rokakaka\n|-damage|p2a: Rokakaka|55\/100\n|move|p2a: Rokakaka|Haze|p2a: Rokakaka\n|-clearallboost\n|\n|upkeep\n|turn|87\n|\n|t:|1699928253\n|move|p1a: Grafaiai|Knock Off|p2a: Rokakaka\n|-damage|p2a: Rokakaka|47\/100\n|move|p2a: Rokakaka|Haze|p2a: Rokakaka\n|-clearallboost\n|\n|upkeep\n|turn|88\n|\n|t:|1699928259\n|move|p1a: Grafaiai|Foul Play|p2a: Rokakaka\n|-damage|p2a: Rokakaka|40\/100\n|move|p2a: Rokakaka|Recover|p2a: Rokakaka\n|-heal|p2a: Rokakaka|90\/100\n|\n|upkeep\n|turn|89\n|\n|t:|1699928264\n|move|p1a: Grafaiai|Parting Shot|p2a: Rokakaka\n|-unboost|p2a: Rokakaka|atk|1\n|-unboost|p2a: Rokakaka|spa|1\n|move|p2a: Rokakaka|Haze|p2a: Rokakaka\n|-clearallboost\n|\n|upkeep\n|turn|90\n|\n|t:|1699928271\n|move|p1a: Grafaiai|Knock Off|p2a: Rokakaka\n|-damage|p2a: Rokakaka|82\/100\n|move|p2a: Rokakaka|Haze|p2a: Rokakaka\n|-clearallboost\n|\n|upkeep\n|turn|91\n|\n|t:|1699928276\n|move|p1a: Grafaiai|Foul Play|p2a: Rokakaka\n|-damage|p2a: Rokakaka|74\/100\n|move|p2a: Rokakaka|Haze|p2a: Rokakaka\n|-clearallboost\n|\n|upkeep\n|turn|92\n|\n|t:|1699928283\n|move|p1a: Grafaiai|Knock Off|p2a: Rokakaka\n|-damage|p2a: Rokakaka|66\/100\n|move|p2a: Rokakaka|Haze|p2a: Rokakaka\n|-clearallboost\n|\n|upkeep\n|turn|93\n|\n|t:|1699928288\n|move|p1a: Grafaiai|Parting Shot|p2a: Rokakaka\n|-unboost|p2a: Rokakaka|atk|1\n|-unboost|p2a: Rokakaka|spa|1\n|move|p2a: Rokakaka|Haze|p2a: Rokakaka\n|-clearallboost\n|\n|upkeep\n|turn|94\n|\n|t:|1699928294\n|move|p1a: Grafaiai|Knock Off|p2a: Rokakaka\n|-damage|p2a: Rokakaka|57\/100\n|move|p2a: Rokakaka|Haze|p2a: Rokakaka\n|-clearallboost\n|\n|upkeep\n|turn|95\n|\n|t:|1699928299\n|move|p1a: Grafaiai|Foul Play|p2a: Rokakaka\n|-damage|p2a: Rokakaka|49\/100\n|move|p2a: Rokakaka|Haze|p2a: Rokakaka\n|-clearallboost\n|\n|upkeep\n|turn|96\n|\n|t:|1699928305\n|move|p1a: Grafaiai|Knock Off|p2a: Rokakaka\n|-damage|p2a: Rokakaka|41\/100\n|move|p2a: Rokakaka|Haze|p2a: Rokakaka\n|-clearallboost\n|\n|upkeep\n|turn|97\n|\n|t:|1699928311\n|move|p1a: Grafaiai|Knock Off|p2a: Rokakaka\n|-damage|p2a: Rokakaka|32\/100\n|move|p2a: Rokakaka|Haze|p2a: Rokakaka\n|-clearallboost\n|\n|upkeep\n|turn|98\n|\n|t:|1699928322\n|move|p1a: Grafaiai|Knock Off|p2a: Rokakaka\n|-damage|p2a: Rokakaka|23\/100\n|move|p2a: Rokakaka|Recover|p2a: Rokakaka\n|-heal|p2a: Rokakaka|73\/100\n|\n|upkeep\n|turn|99\n|\n|t:|1699928327\n|move|p1a: Grafaiai|Foul Play|p2a: Rokakaka\n|-damage|p2a: Rokakaka|65\/100\n|move|p2a: Rokakaka|Haze|p2a: Rokakaka\n|-clearallboost\n|\n|upkeep\n|turn|100\n|\n|t:|1699928336\n|-terastallize|p2a: Rokakaka|Poison\n|move|p1a: Grafaiai|Parting Shot|p2a: Rokakaka\n|-unboost|p2a: Rokakaka|atk|1\n|-unboost|p2a: Rokakaka|spa|1\n|move|p2a: Rokakaka|Haze|p2a: Rokakaka\n|-clearallboost\n|\n|upkeep\n|turn|101\n|\n|t:|1699928345\n|move|p1a: Grafaiai|Parting Shot|p2a: Rokakaka\n|-unboost|p2a: Rokakaka|atk|1\n|-unboost|p2a: Rokakaka|spa|1\n|move|p2a: Rokakaka|Haze|p2a: Rokakaka\n|-clearallboost\n|\n|upkeep\n|turn|102\n|\n|t:|1699928353\n|move|p1a: Grafaiai|Foul Play|p2a: Rokakaka\n|-damage|p2a: Rokakaka|58\/100\n|move|p2a: Rokakaka|Haze|p2a: Rokakaka\n|-clearallboost\n|\n|upkeep\n|turn|103\n|\n|t:|1699928359\n|move|p1a: Grafaiai|Parting Shot|p2a: Rokakaka\n|-unboost|p2a: Rokakaka|atk|1\n|-unboost|p2a: Rokakaka|spa|1\n|move|p2a: Rokakaka|Haze|p2a: Rokakaka\n|-clearallboost\n|\n|upkeep\n|turn|104\n|\n|t:|1699928370\n|move|p1a: Grafaiai|Parting Shot|p2a: Rokakaka\n|-unboost|p2a: Rokakaka|atk|1\n|-unboost|p2a: Rokakaka|spa|1\n|move|p2a: Rokakaka|Haze|p2a: Rokakaka\n|-clearallboost\n|\n|upkeep\n|turn|105\n|\n|t:|1699928380\n|move|p1a: Grafaiai|Parting Shot|p2a: Rokakaka\n|-unboost|p2a: Rokakaka|atk|1\n|-unboost|p2a: Rokakaka|spa|1\n|move|p2a: Rokakaka|Haze|p2a: Rokakaka\n|-clearallboost\n|\n|upkeep\n|turn|106\n|\n|t:|1699928386\n|move|p1a: Grafaiai|Parting Shot|p2a: Rokakaka\n|-unboost|p2a: Rokakaka|atk|1\n|-unboost|p2a: Rokakaka|spa|1\n|move|p2a: Rokakaka|Haze|p2a: Rokakaka\n|-clearallboost\n|\n|upkeep\n|turn|107\n|\n|t:|1699928393\n|move|p1a: Grafaiai|Parting Shot|p2a: Rokakaka\n|-unboost|p2a: Rokakaka|atk|1\n|-unboost|p2a: Rokakaka|spa|1\n|move|p2a: Rokakaka|Haze|p2a: Rokakaka\n|-clearallboost\n|\n|upkeep\n|turn|108\n|\n|t:|1699928399\n|move|p1a: Grafaiai|Foul Play|p2a: Rokakaka\n|-damage|p2a: Rokakaka|51\/100\n|move|p2a: Rokakaka|Haze|p2a: Rokakaka\n|-clearallboost\n|\n|upkeep\n|turn|109\n|\n|t:|1699928405\n|move|p1a: Grafaiai|Foul Play|p2a: Rokakaka\n|-damage|p2a: Rokakaka|43\/100\n|move|p2a: Rokakaka|Haze|p2a: Rokakaka\n|-clearallboost\n|\n|upkeep\n|turn|110\n|\n|t:|1699928410\n|move|p1a: Grafaiai|Foul Play|p2a: Rokakaka\n|-damage|p2a: Rokakaka|34\/100\n|move|p2a: Rokakaka|Haze|p2a: Rokakaka\n|-clearallboost\n|\n|upkeep\n|turn|111\n|\n|t:|1699928416\n|move|p1a: Grafaiai|Knock Off|p2a: Rokakaka\n|-damage|p2a: Rokakaka|26\/100\n|move|p2a: Rokakaka|Haze|p2a: Rokakaka\n|-clearallboost\n|\n|upkeep\n|turn|112\n|\n|t:|1699928421\n|move|p1a: Grafaiai|Knock Off|p2a: Rokakaka\n|-damage|p2a: Rokakaka|18\/100\n|move|p2a: Rokakaka|Haze|p2a: Rokakaka\n|-clearallboost\n|\n|upkeep\n|turn|113\n|\n|t:|1699928426\n|move|p1a: Grafaiai|Knock Off|p2a: Rokakaka\n|-damage|p2a: Rokakaka|8\/100\n|move|p2a: Rokakaka|Haze|p2a: Rokakaka\n|-clearallboost\n|\n|upkeep\n|turn|114\n|\n|t:|1699928432\n|move|p1a: Grafaiai|Knock Off|p2a: Rokakaka\n|-damage|p2a: Rokakaka|0 fnt\n|faint|p2a: Rokakaka\n|\n|win|Khryce\n|raw|Khryce's rating: 1102 &rarr; <strong>1126<\/strong><br \/>(+24 for winning)\n|raw|Puscruna's rating: 1087 &rarr; <strong>1065<\/strong><br \/>(-22 for losing)\n","uploadtime":1699928438,"views":5,"p1id":"khryce","p2id":"puscruna","formatid":"gen9anythinggoes","rating":1065,"private":0,"password":""}