{"id":"gen9anythinggoes-1971949988","p1":"Shadowkipz13","p2":"KarasuDruyaga","format":"[Gen 9] Anything Goes","log":"|j|\u2606Shadowkipz13\n|j|\u2606KarasuDruyaga\n|t:|1697796604\n|gametype|singles\n|player|p1|Shadowkipz13|petrel|1279\n|player|p2|KarasuDruyaga|ginchiyo-conquest|1341\n|teamsize|p1|6\n|teamsize|p2|6\n|gen|9\n|tier|[Gen 9] Anything Goes\n|rated|\n|rule|HP Percentage Mod: HP is shown in percentages\n|rule|Endless Battle Clause: Forcing endless battles is banned\n|clearpoke\n|poke|p1|Infernape, F|\n|poke|p1|Ogerpon-Wellspring, F|\n|poke|p1|Ribombee, M|\n|poke|p1|Ursaluna-Bloodmoon, M|\n|poke|p1|Dondozo, M|\n|poke|p1|Maushold|\n|poke|p2|Gholdengo|\n|poke|p2|Flutter Mane|\n|poke|p2|Annihilape, M|\n|poke|p2|Sinistcha-Masterpiece|\n|poke|p2|Skeledirge, M|\n|poke|p2|Darkrai|\n|teampreview\n|inactive|Battle timer is ON: inactive players will automatically lose when time's up. (requested by KarasuDruyaga)\n|\n|t:|1697796614\n|start\n|switch|p1a: Faye|Ribombee, M|100\/100\n|switch|p2a: Matcharoshi|Sinistcha-Masterpiece, shiny|100\/100\n|turn|1\n|\n|t:|1697796620\n|move|p1a: Faye|Sticky Web|p2a: Matcharoshi\n|-sidestart|p2: KarasuDruyaga|move: Sticky Web\n|move|p2a: Matcharoshi|Scald|p1a: Faye\n|-damage|p1a: Faye|46\/100\n|-status|p1a: Faye|brn\n|\n|-damage|p1a: Faye|40\/100 brn|[from] brn\n|upkeep\n|turn|2\n|\n|t:|1697796627\n|move|p1a: Faye|Moonblast|p2a: Matcharoshi\n|-damage|p2a: Matcharoshi|50\/100\n|move|p2a: Matcharoshi|Hex|p1a: Faye\n|-damage|p1a: Faye|0 fnt\n|faint|p1a: Faye\n|\n|-heal|p2a: Matcharoshi|56\/100|[from] item: Leftovers\n|upkeep\n|inactive|Shadowkipz13 has 120 seconds left.\n|c|\u2606Shadowkipz13|Lol\n|c|\u2606Shadowkipz13|I might actually be in trouble here...\n|\n|t:|1697796674\n|switch|p1a: Majora|Ogerpon-Wellspring, F|100\/100\n|turn|3\n|c|\u2606KarasuDruyaga|Nothing is ever certain in battle\n|\n|t:|1697796682\n|move|p1a: Majora|Knock Off|p2a: Matcharoshi\n|-supereffective|p2a: Matcharoshi\n|-damage|p2a: Matcharoshi|0 fnt\n|-enditem|p2a: Matcharoshi|Leftovers|[from] move: Knock Off|[of] p1a: Majora\n|faint|p2a: Matcharoshi\n|\n|upkeep\n|c|\u2606KarasuDruyaga|See?\n|c|\u2606Shadowkipz13|True\n|\n|t:|1697796694\n|switch|p2a: Ryuk|Darkrai, shiny|100\/100\n|-activate|p2a: Ryuk|move: Sticky Web\n|-unboost|p2a: Ryuk|spe|1\n|turn|4\n|c|\u2606Shadowkipz13|You are right.\n|inactive|Shadowkipz13 has 120 seconds left.\n|\n|t:|1697796705\n|switch|p1a: Big The Catfish|Dondozo, M|100\/100\n|move|p2a: Ryuk|Sludge Bomb|p1a: Big The Catfish\n|-damage|p1a: Big The Catfish|76\/100\n|\n|upkeep\n|turn|5\n|\n|t:|1697796714\n|move|p2a: Ryuk|Sludge Bomb|p1a: Big The Catfish\n|-damage|p1a: Big The Catfish|52\/100\n|move|p1a: Big The Catfish|Curse|p1a: Big The Catfish\n|-unboost|p1a: Big The Catfish|spe|1\n|-boost|p1a: Big The Catfish|atk|1\n|-boost|p1a: Big The Catfish|def|1\n|\n|upkeep\n|turn|6\n|\n|t:|1697796721\n|move|p2a: Ryuk|Sludge Bomb|p1a: Big The Catfish\n|-damage|p1a: Big The Catfish|27\/100\n|move|p1a: Big The Catfish|Rest|p1a: Big The Catfish\n|-status|p1a: Big The Catfish|slp|[from] move: Rest\n|-heal|p1a: Big The Catfish|100\/100 slp|[silent]\n|-enditem|p1a: Big The Catfish|Chesto Berry|[eat]\n|-curestatus|p1a: Big The Catfish|slp|[msg]\n|\n|upkeep\n|turn|7\n|\n|t:|1697796729\n|move|p2a: Ryuk|Sludge Bomb|p1a: Big The Catfish\n|-damage|p1a: Big The Catfish|76\/100\n|move|p1a: Big The Catfish|Liquidation|p2a: Ryuk\n|-damage|p2a: Ryuk|44\/100\n|\n|upkeep\n|turn|8\n|\n|t:|1697796735\n|move|p2a: Ryuk|Sludge Bomb|p1a: Big The Catfish\n|-damage|p1a: Big The Catfish|49\/100\n|-status|p1a: Big The Catfish|psn\n|move|p1a: Big The Catfish|Liquidation|p2a: Ryuk\n|-damage|p2a: Ryuk|0 fnt\n|faint|p2a: Ryuk\n|\n|-damage|p1a: Big The Catfish|36\/100 psn|[from] psn\n|upkeep\n|\n|t:|1697796744\n|switch|p2a: Rajang|Annihilape, M, shiny|100\/100\n|-activate|p2a: Rajang|move: Sticky Web\n|-unboost|p2a: Rajang|spe|1\n|-ability|p2a: Rajang|Defiant|boost\n|-boost|p2a: Rajang|atk|2\n|turn|9\n|\n|t:|1697796751\n|move|p2a: Rajang|Rage Fist|p1a: Big The Catfish\n|-damage|p1a: Big The Catfish|25\/100 psn\n|move|p1a: Big The Catfish|Avalanche|p2a: Rajang\n|-crit|p2a: Rajang\n|-damage|p2a: Rajang|42\/100\n|\n|-damage|p1a: Big The Catfish|13\/100 psn|[from] psn\n|upkeep\n|turn|10\n|\n|t:|1697796759\n|move|p2a: Rajang|Rage Fist|p1a: Big The Catfish\n|-damage|p1a: Big The Catfish|0 fnt\n|faint|p1a: Big The Catfish\n|\n|upkeep\n|\n|t:|1697796785\n|switch|p1a: Freddy Fazbear|Ursaluna-Bloodmoon, M|100\/100\n|turn|11\n|\n|t:|1697796788\n|-terastallize|p1a: Freddy Fazbear|Ghost\n|move|p2a: Rajang|Drain Punch|p1a: Freddy Fazbear\n|-immune|p1a: Freddy Fazbear\n|move|p1a: Freddy Fazbear|Blood Moon|p2a: Rajang\n|-damage|p2a: Rajang|0 fnt\n|faint|p2a: Rajang\n|\n|upkeep\n|\n|t:|1697796801\n|switch|p2a: Mysterivous|Flutter Mane, shiny|100\/100\n|-activate|p2a: Mysterivous|move: Sticky Web\n|-unboost|p2a: Mysterivous|spe|1\n|-enditem|p2a: Mysterivous|Booster Energy\n|-activate|p2a: Mysterivous|ability: Protosynthesis|[fromitem]\n|-start|p2a: Mysterivous|protosynthesisspa\n|turn|12\n|\n|t:|1697796815\n|switch|p1a: The Family|Maushold|100\/100\n|move|p2a: Mysterivous|Mystical Fire|p1a: The Family\n|-damage|p1a: The Family|49\/100\n|-unboost|p1a: The Family|spa|1\n|\n|upkeep\n|turn|13\n|\n|t:|1697796823\n|move|p1a: The Family|Bite|p2a: Mysterivous\n|-damage|p2a: Mysterivous|55\/100\n|cant|p2a: Mysterivous|flinch\n|\n|upkeep\n|turn|14\n|\n|t:|1697796831\n|move|p1a: The Family|Bite|p2a: Mysterivous\n|-damage|p2a: Mysterivous|8\/100\n|cant|p2a: Mysterivous|flinch\n|\n|upkeep\n|turn|15\n|\n|t:|1697796835\n|move|p1a: The Family|Bite|p2a: Mysterivous\n|-damage|p2a: Mysterivous|0 fnt\n|faint|p2a: Mysterivous\n|-end|p2a: Mysterivous|Protosynthesis|[silent]\n|\n|upkeep\n|\n|t:|1697796841\n|switch|p2a: Bitcoin|Gholdengo, shiny|100\/100\n|-activate|p2a: Bitcoin|move: Sticky Web\n|-unboost|p2a: Bitcoin|spe|1\n|turn|16\n|\n|t:|1697796848\n|move|p1a: The Family|Bite|p2a: Bitcoin\n|-supereffective|p2a: Bitcoin\n|-damage|p2a: Bitcoin|55\/100\n|-damage|p1a: The Family|32\/100|[from] item: Rocky Helmet|[of] p2a: Bitcoin\n|move|p2a: Bitcoin|Flash Cannon|p1a: The Family\n|-damage|p1a: The Family|0 fnt\n|faint|p1a: The Family\n|\n|upkeep\n|\n|t:|1697796862\n|switch|p1a: Gogeta|Infernape, F|100\/100\n|turn|17\n|\n|t:|1697796868\n|move|p1a: Gogeta|Fire Punch|p2a: Bitcoin\n|-supereffective|p2a: Bitcoin\n|-damage|p2a: Bitcoin|0 fnt\n|faint|p2a: Bitcoin\n|\n|upkeep\n|\n|t:|1697796873\n|switch|p2a: Crocovera|Skeledirge, M|100\/100\n|-activate|p2a: Crocovera|move: Sticky Web\n|-unboost|p2a: Crocovera|spe|1\n|turn|18\n|\n|t:|1697796879\n|-terastallize|p2a: Crocovera|Fairy\n|move|p1a: Gogeta|Thunder Punch|p2a: Crocovera\n|-damage|p2a: Crocovera|77\/100\n|move|p2a: Crocovera|Torch Song|p1a: Gogeta\n|-resisted|p1a: Gogeta\n|-damage|p1a: Gogeta|70\/100\n|-boost|p2a: Crocovera|spa|1\n|\n|upkeep\n|turn|19\n|\n|t:|1697796887\n|move|p1a: Gogeta|Fire Punch|p2a: Crocovera\n|-damage|p2a: Crocovera|36\/100\n|move|p2a: Crocovera|Earth Power|p1a: Gogeta\n|-supereffective|p1a: Gogeta\n|-damage|p1a: Gogeta|0 fnt\n|faint|p1a: Gogeta\n|\n|upkeep\n|\n|t:|1697796896\n|switch|p1a: Freddy Fazbear|Ursaluna-Bloodmoon, M, tera:Ghost|100\/100\n|turn|20\n|\n|t:|1697796900\n|move|p1a: Freddy Fazbear|Blood Moon|p2a: Crocovera\n|-damage|p2a: Crocovera|0 fnt\n|faint|p2a: Crocovera\n|\n|win|Shadowkipz13\n|raw|Shadowkipz13's rating: 1279 &rarr; <strong>1308<\/strong><br \/>(+29 for winning)\n|raw|KarasuDruyaga's rating: 1341 &rarr; <strong>1317<\/strong><br \/>(-24 for losing)\n|l|\u2606KarasuDruyaga\n|c|\u2606Shadowkipz13|Gg, you played well.\n","uploadtime":1697796912,"views":11,"p1id":"shadowkipz13","p2id":"karasudruyaga","formatid":"gen9anythinggoes","rating":1308,"private":0,"password":""}