{"id":"gen9anythinggoes-1999052849","p1":"roblox coil sound","p2":"im a sleepy girl","format":"[Gen 9] Anything Goes","log":"|j|\u2606roblox coil sound\n|j|\u2606im a sleepy girl\n|t:|1701028088\n|gametype|singles\n|player|p1|roblox coil sound|1|1059\n|player|p2|im a sleepy girl|beauty|1000\n|teamsize|p1|6\n|teamsize|p2|6\n|gen|9\n|tier|[Gen 9] Anything Goes\n|rated|\n|rule|HP Percentage Mod: HP is shown in percentages\n|rule|Endless Battle Clause: Forcing endless battles is banned\n|clearpoke\n|poke|p1|Kingambit, M|\n|poke|p1|Wattrel, L1, M|\n|poke|p1|Meowscarada, F|\n|poke|p1|Drifblim, F|\n|poke|p1|Flutter Mane|\n|poke|p1|Espathra, F|\n|poke|p2|Skuntank, M|\n|poke|p2|Lumineon, M|\n|poke|p2|Swalot, M|\n|poke|p2|Jumpluff, M|\n|poke|p2|Overqwil, F|\n|poke|p2|Frosmoth, F|\n|teampreview\n|inactive|Battle timer is ON: inactive players will automatically lose when time's up. (requested by im a sleepy girl)\n|\n|t:|1701028100\n|start\n|switch|p1a: Meowscarada|Meowscarada, F|100\/100\n|switch|p2a: Jumpluff|Jumpluff, M|100\/100\n|turn|1\n|\n|t:|1701028108\n|move|p1a: Meowscarada|Spikes|p2a: Jumpluff\n|-start|p1a: Meowscarada|typechange|Ground|[from] ability: Protean\n|-sidestart|p2: im a sleepy girl|Spikes\n|move|p2a: Jumpluff|Cotton Guard|p2a: Jumpluff\n|-boost|p2a: Jumpluff|def|3\n|\n|upkeep\n|turn|2\n|\n|t:|1701028114\n|move|p1a: Meowscarada|Spikes|p2a: Jumpluff\n|-sidestart|p2: im a sleepy girl|Spikes\n|move|p2a: Jumpluff|Cotton Guard|p2a: Jumpluff\n|-boost|p2a: Jumpluff|def|3\n|\n|upkeep\n|turn|3\n|\n|t:|1701028120\n|move|p1a: Meowscarada|Spikes|p2a: Jumpluff\n|-sidestart|p2: im a sleepy girl|Spikes\n|move|p2a: Jumpluff|Thief|p1a: Meowscarada\n|-damage|p1a: Meowscarada|88\/100\n|\n|upkeep\n|turn|4\n|\n|t:|1701028133\n|switch|p1a: Kingambit|Kingambit, M|100\/100\n|move|p2a: Jumpluff|Thief|p1a: Kingambit\n|-resisted|p1a: Kingambit\n|-damage|p1a: Kingambit|97\/100\n|\n|-heal|p1a: Kingambit|100\/100|[from] item: Leftovers\n|upkeep\n|turn|5\n|\n|t:|1701028141\n|-end|p1a: Kingambit|fallenundefined|[silent]\n|switch|p1a: Meowscarada|Meowscarada, F|88\/100\n|move|p2a: Jumpluff|Sleep Powder|p1a: Meowscarada\n|-immune|p1a: Meowscarada\n|\n|upkeep\n|turn|6\n|\n|t:|1701028146\n|move|p1a: Meowscarada|Flower Trick|p2a: Jumpluff\n|-start|p1a: Meowscarada|typechange|Grass|[from] ability: Protean\n|-resisted|p2a: Jumpluff\n|-crit|p2a: Jumpluff\n|-damage|p2a: Jumpluff|88\/100\n|move|p2a: Jumpluff|Thief|p1a: Meowscarada\n|-damage|p1a: Meowscarada|78\/100\n|\n|upkeep\n|turn|7\n|\n|t:|1701028156\n|switch|p1a: Kingambit|Kingambit, M|100\/100\n|move|p2a: Jumpluff|Thief|p1a: Kingambit\n|-resisted|p1a: Kingambit\n|-damage|p1a: Kingambit|97\/100\n|\n|-heal|p1a: Kingambit|100\/100|[from] item: Leftovers\n|upkeep\n|turn|8\n|\n|t:|1701028162\n|move|p1a: Kingambit|Sucker Punch|p2a: Jumpluff\n|-damage|p2a: Jumpluff|75\/100\n|move|p2a: Jumpluff|Thief|p1a: Kingambit\n|-resisted|p1a: Kingambit\n|-damage|p1a: Kingambit|97\/100\n|\n|-heal|p1a: Kingambit|100\/100|[from] item: Leftovers\n|upkeep\n|turn|9\n|\n|t:|1701028169\n|move|p2a: Jumpluff|Sleep Powder|p1a: Kingambit|[miss]\n|-miss|p2a: Jumpluff|p1a: Kingambit\n|move|p1a: Kingambit|Kowtow Cleave|p2a: Jumpluff\n|-damage|p2a: Jumpluff|58\/100\n|\n|upkeep\n|turn|10\n|\n|t:|1701028176\n|-end|p1a: Kingambit|fallenundefined|[silent]\n|switch|p1a: Meowscarada|Meowscarada, F|78\/100\n|move|p2a: Jumpluff|Sleep Powder|p1a: Meowscarada\n|-immune|p1a: Meowscarada\n|\n|upkeep\n|turn|11\n|-message|im a sleepy girl forfeited.\n|\n|win|roblox coil sound\n|raw|roblox coil sound's rating: 1059 &rarr; <strong>1085<\/strong><br \/>(+26 for winning)\n|raw|im a sleepy girl's rating: 1000 &rarr; <strong>1000<\/strong><br \/>(+0 for losing)\n|l|\u2606im a sleepy girl\n","uploadtime":1701028187,"views":10,"p1id":"robloxcoilsound","p2id":"imasleepygirl","formatid":"gen9anythinggoes","rating":1000,"private":0,"password":""}