{"id":"gen9anythinggoes-1974034413","p1":"trotman","p2":"B2enForce","format":"[Gen 9] Anything Goes","log":"|j|\u2606trotman\n|j|\u2606B2enForce\n|t:|1698045546\n|gametype|singles\n|player|p1|trotman|brycenman|1380\n|player|p2|B2enForce|1|1339\n|teamsize|p1|6\n|teamsize|p2|6\n|gen|9\n|tier|[Gen 9] Anything Goes\n|rated|\n|rule|HP Percentage Mod: HP is shown in percentages\n|rule|Endless Battle Clause: Forcing endless battles is banned\n|clearpoke\n|poke|p1|Ogerpon, F|\n|poke|p1|Munkidori, M|\n|poke|p1|Zamazenta-*|\n|poke|p1|Great Tusk|\n|poke|p1|Regidrago|\n|poke|p1|Gholdengo|\n|poke|p2|Ting-Lu|\n|poke|p2|Koraidon|\n|poke|p2|Calyrex-Shadow|\n|poke|p2|Arceus-Fairy|\n|poke|p2|Skeledirge, M|\n|poke|p2|Corviknight, F|\n|teampreview\n|inactive|Battle timer is ON: inactive players will automatically lose when time's up. (requested by trotman)\n|inactive|B2enForce has 120 seconds left.\n|\n|t:|1698045619\n|start\n|switch|p1a: Ogerpon|Ogerpon, F|100\/100\n|switch|p2a: Arceus|Arceus-Fairy|100\/100\n|turn|1\n|\n|t:|1698045641\n|switch|p2a: Corviknight|Corviknight, F|100\/100\n|move|p1a: Ogerpon|Leech Seed|p2a: Corviknight\n|-start|p2a: Corviknight|move: Leech Seed\n|\n|-damage|p2a: Corviknight|88\/100|[from] Leech Seed|[of] p1a: Ogerpon\n|upkeep\n|turn|2\n|\n|t:|1698045653\n|switch|p2a: Skeledirge|Skeledirge, M|100\/100\n|move|p1a: Ogerpon|Taunt|p2a: Skeledirge\n|-start|p2a: Skeledirge|move: Taunt\n|\n|upkeep\n|turn|3\n|\n|t:|1698045666\n|move|p1a: Ogerpon|Spikes|p2a: Skeledirge\n|-sidestart|p2: B2enForce|Spikes\n|move|p2a: Skeledirge|Torch Song|p1a: Ogerpon\n|-supereffective|p1a: Ogerpon\n|-damage|p1a: Ogerpon|44\/100\n|-boost|p2a: Skeledirge|spa|1\n|\n|-heal|p1a: Ogerpon|50\/100|[from] item: Leftovers\n|upkeep\n|turn|4\n|\n|t:|1698045674\n|move|p1a: Ogerpon|Spikes|p2a: Skeledirge\n|-sidestart|p2: B2enForce|Spikes\n|move|p2a: Skeledirge|Torch Song|p1a: Ogerpon\n|-supereffective|p1a: Ogerpon\n|-damage|p1a: Ogerpon|0 fnt\n|-boost|p2a: Skeledirge|spa|1\n|faint|p1a: Ogerpon\n|\n|-end|p2a: Skeledirge|move: Taunt\n|upkeep\n|\n|t:|1698045683\n|switch|p1a: Regidrago|Regidrago, shiny|100\/100\n|turn|5\n|\n|t:|1698045713\n|-terastallize|p1a: Regidrago|Dragon\n|move|p1a: Regidrago|Dragon Energy|p2a: Skeledirge\n|-damage|p2a: Skeledirge|0 fnt\n|faint|p2a: Skeledirge\n|\n|upkeep\n|\n|t:|1698045723\n|switch|p2a: Arceus|Arceus-Fairy|100\/100\n|-damage|p2a: Arceus|84\/100|[from] Spikes\n|turn|6\n|inactive|B2enForce has 120 seconds left.\n|\n|t:|1698045753\n|switch|p1a: Gholdengo|Gholdengo, shiny|100\/100\n|move|p2a: Arceus|Judgment|p1a: Gholdengo\n|-resisted|p1a: Gholdengo\n|-damage|p1a: Gholdengo|70\/100\n|\n|-heal|p1a: Gholdengo|76\/100|[from] item: Leftovers\n|upkeep\n|turn|7\n|\n|t:|1698045775\n|switch|p2a: Ting-Lu|Ting-Lu|100\/100\n|-damage|p2a: Ting-Lu|84\/100|[from] Spikes\n|-ability|p2a: Ting-Lu|Vessel of Ruin\n|move|p1a: Gholdengo|Thunder Wave|p2a: Ting-Lu\n|-immune|p2a: Ting-Lu\n|\n|-heal|p1a: Gholdengo|82\/100|[from] item: Leftovers\n|-heal|p2a: Ting-Lu|90\/100|[from] item: Leftovers\n|upkeep\n|turn|8\n|\n|t:|1698045788\n|switch|p1a: Great Tusk|Great Tusk, shiny|100\/100\n|move|p2a: Ting-Lu|Stealth Rock|p1a: Great Tusk\n|-sidestart|p1: trotman|move: Stealth Rock\n|\n|-heal|p2a: Ting-Lu|96\/100|[from] item: Leftovers\n|upkeep\n|turn|9\n|inactive|B2enForce has 90 seconds left.\n|\n|t:|1698045822\n|switch|p2a: Corviknight|Corviknight, F|88\/100\n|move|p1a: Great Tusk|Rapid Spin|p2a: Corviknight\n|-resisted|p2a: Corviknight\n|-damage|p2a: Corviknight|81\/100\n|-boost|p1a: Great Tusk|spe|1\n|-sideend|p1: trotman|Stealth Rock|[from] move: Rapid Spin|[of] p1a: Great Tusk\n|\n|-heal|p2a: Corviknight|87\/100|[from] item: Leftovers\n|upkeep\n|turn|10\n|\n|t:|1698045831\n|-end|p1a: Great Tusk|Protosynthesis|[silent]\n|switch|p1a: Gholdengo|Gholdengo, shiny|82\/100\n|move|p2a: Corviknight|Defog|p1a: Gholdengo\n|-immune|p1a: Gholdengo|[from] ability: Good as Gold\n|\n|-heal|p1a: Gholdengo|88\/100|[from] item: Leftovers\n|-heal|p2a: Corviknight|93\/100|[from] item: Leftovers\n|upkeep\n|turn|11\n|\n|t:|1698045842\n|switch|p2a: Ting-Lu|Ting-Lu|96\/100\n|-damage|p2a: Ting-Lu|80\/100|[from] Spikes\n|-ability|p2a: Ting-Lu|Vessel of Ruin\n|move|p1a: Gholdengo|Hex|p2a: Ting-Lu\n|-resisted|p2a: Ting-Lu\n|-damage|p2a: Ting-Lu|74\/100\n|\n|-heal|p1a: Gholdengo|94\/100|[from] item: Leftovers\n|-heal|p2a: Ting-Lu|80\/100|[from] item: Leftovers\n|upkeep\n|turn|12\n|\n|t:|1698045859\n|switch|p1a: Munkidori|Munkidori, M|100\/100\n|move|p2a: Ting-Lu|Ruination|p1a: Munkidori\n|-damage|p1a: Munkidori|51\/100\n|\n|-heal|p2a: Ting-Lu|86\/100|[from] item: Leftovers\n|upkeep\n|turn|13\n|\n|t:|1698045867\n|move|p1a: Munkidori|Tera Blast|p2a: Ting-Lu\n|-damage|p2a: Ting-Lu|71\/100\n|-status|p2a: Ting-Lu|tox|[from] ability: Toxic Chain|[of] p1a: Munkidori\n|-damage|p1a: Munkidori|41\/100|[from] item: Life Orb\n|move|p2a: Ting-Lu|Earthquake|p1a: Munkidori\n|-supereffective|p1a: Munkidori\n|-damage|p1a: Munkidori|0 fnt\n|faint|p1a: Munkidori\n|\n|-heal|p2a: Ting-Lu|77\/100 tox|[from] item: Leftovers\n|-damage|p2a: Ting-Lu|71\/100 tox|[from] psn\n|upkeep\n|\n|t:|1698045878\n|switch|p1a: Great Tusk|Great Tusk, shiny|100\/100\n|turn|14\n|\n|t:|1698045889\n|switch|p2a: Corviknight|Corviknight, F|93\/100\n|move|p1a: Great Tusk|Close Combat|p2a: Corviknight\n|-damage|p2a: Corviknight|37\/100\n|-unboost|p1a: Great Tusk|def|1\n|-unboost|p1a: Great Tusk|spd|1\n|\n|-heal|p2a: Corviknight|44\/100|[from] item: Leftovers\n|upkeep\n|turn|15\n|\n|t:|1698045897\n|move|p1a: Great Tusk|Close Combat|p2a: Corviknight\n|-crit|p2a: Corviknight\n|-damage|p2a: Corviknight|0 fnt\n|-unboost|p1a: Great Tusk|def|1\n|-unboost|p1a: Great Tusk|spd|1\n|faint|p2a: Corviknight\n|\n|upkeep\n|inactive|B2enForce has 120 seconds left.\n|inactive|B2enForce has 90 seconds left.\n|\n|t:|1698045952\n|switch|p2a: Arceus|Arceus-Fairy|84\/100\n|-damage|p2a: Arceus|67\/100|[from] Spikes\n|turn|16\n|inactive|B2enForce has 60 seconds left.\n|\n|t:|1698045977\n|move|p1a: Great Tusk|Headlong Rush|p2a: Arceus\n|-crit|p2a: Arceus\n|-damage|p2a: Arceus|10\/100\n|-unboost|p1a: Great Tusk|def|1\n|-unboost|p1a: Great Tusk|spd|1\n|move|p2a: Arceus|Calm Mind|p2a: Arceus\n|-boost|p2a: Arceus|spa|1\n|-boost|p2a: Arceus|spd|1\n|\n|upkeep\n|turn|17\n|inactive|B2enForce has 60 seconds left.\n|\n|t:|1698045988\n|move|p1a: Great Tusk|Headlong Rush|p2a: Arceus\n|-damage|p2a: Arceus|0 fnt\n|-unboost|p1a: Great Tusk|def|1\n|-unboost|p1a: Great Tusk|spd|1\n|faint|p2a: Arceus\n|\n|upkeep\n|\n|t:|1698045992\n|switch|p2a: Calyrex|Calyrex-Shadow|100\/100\n|-ability|p2a: Calyrex|As One\n|-ability|p2a: Calyrex|Unnerve\n|-damage|p2a: Calyrex|84\/100|[from] Spikes\n|turn|18\n|inactive|B2enForce has 60 seconds left.\n|inactive|trotman has 120 seconds left.\n|\n|t:|1698046034\n|-end|p1a: Great Tusk|Protosynthesis|[silent]\n|switch|p1a: Zamazenta|Zamazenta-Crowned, shiny|100\/100\n|-ability|p1a: Zamazenta|Dauntless Shield|boost\n|-boost|p1a: Zamazenta|def|1\n|-terastallize|p2a: Calyrex|Fairy\n|move|p2a: Calyrex|Draining Kiss|p1a: Zamazenta\n|-damage|p1a: Zamazenta|82\/100\n|-heal|p2a: Calyrex|99\/100|[from] drain|[of] p1a: Zamazenta\n|\n|upkeep\n|turn|19\n|inactive|trotman has 120 seconds left.\n|\n|t:|1698046045\n|move|p2a: Calyrex|Astral Barrage|p1a: Zamazenta\n|-damage|p1a: Zamazenta|44\/100\n|move|p1a: Zamazenta|Behemoth Bash|p2a: Calyrex\n|-supereffective|p2a: Calyrex\n|-damage|p2a: Calyrex|3\/100\n|\n|upkeep\n|turn|20\n|inactive|trotman has 120 seconds left.\n|inactive|B2enForce has 60 seconds left.\n|\n|t:|1698046057\n|move|p2a: Calyrex|Astral Barrage|p1a: Zamazenta\n|-damage|p1a: Zamazenta|6\/100\n|move|p1a: Zamazenta|Trailblaze|p2a: Calyrex\n|-damage|p2a: Calyrex|0 fnt\n|-boost|p1a: Zamazenta|spe|1\n|faint|p2a: Calyrex\n|\n|upkeep\n|\n|t:|1698046064\n|switch|p2a: Koraidon|Koraidon|100\/100\n|-weather|SunnyDay|[from] ability: Orichalcum Pulse|[of] p2a: Koraidon\n|-activate|p2a: Koraidon|Orichalcum Pulse|[source]\n|turn|21\n|inactive|B2enForce has 60 seconds left.\n|\n|t:|1698046098\n|move|p1a: Zamazenta|Body Press|p2a: Koraidon\n|-damage|p2a: Koraidon|52\/100\n|move|p2a: Koraidon|Flame Charge|p1a: Zamazenta\n|-supereffective|p1a: Zamazenta\n|-damage|p1a: Zamazenta|0 fnt\n|-boost|p2a: Koraidon|spe|1\n|faint|p1a: Zamazenta\n|\n|-weather|SunnyDay|[upkeep]\n|upkeep\n|inactive|trotman has 120 seconds left.\n|\n|t:|1698046109\n|switch|p1a: Great Tusk|Great Tusk, shiny|100\/100\n|-activate|p1a: Great Tusk|ability: Protosynthesis\n|-start|p1a: Great Tusk|protosynthesisatk\n|turn|22\n|inactive|B2enForce has 30 seconds left.\n|\n|t:|1698046136\n|move|p2a: Koraidon|Swords Dance|p2a: Koraidon\n|-boost|p2a: Koraidon|atk|2\n|move|p1a: Great Tusk|Ice Spinner|p2a: Koraidon\n|-supereffective|p2a: Koraidon\n|-damage|p2a: Koraidon|0 fnt\n|faint|p2a: Koraidon\n|\n|-weather|SunnyDay|[upkeep]\n|upkeep\n|inactive|B2enForce has 30 seconds left this turn.\n|\n|t:|1698046143\n|switch|p2a: Ting-Lu|Ting-Lu|71\/100 tox\n|-damage|p2a: Ting-Lu|54\/100 tox|[from] Spikes\n|-ability|p2a: Ting-Lu|Vessel of Ruin\n|turn|23\n|\n|t:|1698046148\n|move|p1a: Great Tusk|Close Combat|p2a: Ting-Lu\n|-supereffective|p2a: Ting-Lu\n|-damage|p2a: Ting-Lu|0 fnt\n|-unboost|p1a: Great Tusk|def|1\n|-unboost|p1a: Great Tusk|spd|1\n|faint|p2a: Ting-Lu\n|\n|win|trotman\n|raw|trotman's rating: 1380 &rarr; <strong>1398<\/strong><br \/>(+18 for winning)\n|raw|B2enForce's rating: 1339 &rarr; <strong>1321<\/strong><br \/>(-18 for losing)\n","uploadtime":1698046156,"views":15,"p1id":"trotman","p2id":"b2enforce","formatid":"gen9anythinggoes","rating":1321,"private":0,"password":""}