{"id":"gen9anythinggoes-1983442490","p1":"Jisisz","p2":"pixelmaster1412","format":"[Gen 9] Anything Goes","log":"|j|\u2606Jisisz\n|j|\u2606pixelmaster1412\n|t:|1699130619\n|gametype|singles\n|player|p1|Jisisz|101|1064\n|player|p2|pixelmaster1412|266|1143\n|teamsize|p1|6\n|teamsize|p2|6\n|gen|9\n|tier|[Gen 9] Anything Goes\n|rated|\n|rule|HP Percentage Mod: HP is shown in percentages\n|rule|Endless Battle Clause: Forcing endless battles is banned\n|clearpoke\n|poke|p1|Arcanine-Hisui, F|\n|poke|p1|Samurott-Hisui, F|\n|poke|p1|Gliscor, F|\n|poke|p1|Clefable, M|\n|poke|p1|Kingambit, M|\n|poke|p1|Roaring Moon|\n|poke|p2|Milotic, F|\n|poke|p2|Ninetales-Alola, F|\n|poke|p2|Glaceon, M|\n|poke|p2|Baxcalibur, F|\n|poke|p2|Mamoswine, F|\n|poke|p2|Froslass, F|\n|teampreview\n|inactive|Battle timer is ON: inactive players will automatically lose when time's up. (requested by pixelmaster1412)\n|\n|t:|1699130625\n|start\n|switch|p1a: Samurott|Samurott-Hisui, F|100\/100\n|switch|p2a: Ninetales|Ninetales-Alola, F|100\/100\n|-weather|Snow|[from] ability: Snow Warning|[of] p2a: Ninetales\n|turn|1\n|\n|t:|1699130635\n|move|p2a: Ninetales|Aurora Veil|p2a: Ninetales\n|-sidestart|p2: pixelmaster1412|move: Aurora Veil\n|move|p1a: Samurott|Ceaseless Edge|p2a: Ninetales\n|-resisted|p2a: Ninetales\n|-damage|p2a: Ninetales|91\/100\n|-sidestart|p2: pixelmaster1412|Spikes\n|\n|-weather|Snow|[upkeep]\n|upkeep\n|turn|2\n|\n|t:|1699130645\n|move|p2a: Ninetales|Moonblast|p1a: Samurott\n|-supereffective|p1a: Samurott\n|-damage|p1a: Samurott|10\/100\n|move|p1a: Samurott|Knock Off|p2a: Ninetales\n|-resisted|p2a: Ninetales\n|-damage|p2a: Ninetales|82\/100\n|-enditem|p2a: Ninetales|Light Clay|[from] move: Knock Off|[of] p1a: Samurott\n|\n|-weather|Snow|[upkeep]\n|upkeep\n|turn|3\n|\n|t:|1699130656\n|move|p2a: Ninetales|Moonblast|p1a: Samurott\n|-supereffective|p1a: Samurott\n|-damage|p1a: Samurott|0 fnt\n|faint|p1a: Samurott\n|\n|-weather|Snow|[upkeep]\n|upkeep\n|\n|t:|1699130670\n|switch|p1a: Arcanine|Arcanine-Hisui, F|100\/100\n|turn|4\n|\n|t:|1699130674\n|switch|p2a: Milotic|Milotic, F|100\/100\n|-damage|p2a: Milotic|88\/100|[from] Spikes\n|move|p1a: Arcanine|Flare Blitz|p2a: Milotic\n|-resisted|p2a: Milotic\n|-damage|p2a: Milotic|78\/100\n|\n|-weather|Snow|[upkeep]\n|-heal|p2a: Milotic|85\/100|[from] item: Leftovers\n|upkeep\n|turn|5\n|\n|t:|1699130686\n|switch|p1a: Clefable|Clefable, M|100\/100\n|move|p2a: Milotic|Scald|p1a: Clefable\n|-damage|p1a: Clefable|73\/100\n|\n|-weather|none\n|-heal|p2a: Milotic|91\/100|[from] item: Leftovers\n|-heal|p1a: Clefable|79\/100|[from] item: Leftovers\n|upkeep\n|turn|6\n|\n|t:|1699130699\n|switch|p2a: Ninetales|Ninetales-Alola, F|82\/100\n|-damage|p2a: Ninetales|70\/100|[from] Spikes\n|-weather|Snow|[from] ability: Snow Warning|[of] p2a: Ninetales\n|move|p1a: Clefable|Wish|p1a: Clefable\n|\n|-weather|Snow|[upkeep]\n|-heal|p1a: Clefable|85\/100|[from] item: Leftovers\n|upkeep\n|turn|7\n|\n|t:|1699130717\n|switch|p1a: Kingambit|Kingambit, M|100\/100\n|-activate|p1a: Kingambit|ability: Supreme Overlord\n|-start|p1a: Kingambit|fallen1|[silent]\n|move|p2a: Ninetales|Encore||[still]\n|-fail|p2a: Ninetales\n|\n|-weather|Snow|[upkeep]\n|upkeep\n|turn|8\n|\n|t:|1699130734\n|switch|p2a: Mamoswine|Mamoswine, F|100\/100\n|-damage|p2a: Mamoswine|88\/100|[from] Spikes\n|move|p1a: Kingambit|Iron Head|p2a: Mamoswine\n|-supereffective|p2a: Mamoswine\n|-damage|p2a: Mamoswine|52\/100\n|\n|-weather|Snow|[upkeep]\n|-sideend|p2: pixelmaster1412|move: Aurora Veil\n|upkeep\n|turn|9\n|\n|t:|1699130744\n|move|p2a: Mamoswine|Earthquake|p1a: Kingambit\n|-supereffective|p1a: Kingambit\n|-damage|p1a: Kingambit|7\/100\n|move|p1a: Kingambit|Iron Head|p2a: Mamoswine\n|-supereffective|p2a: Mamoswine\n|-damage|p2a: Mamoswine|0 fnt\n|faint|p2a: Mamoswine\n|\n|-weather|Snow|[upkeep]\n|-heal|p1a: Kingambit|13\/100|[from] item: Leftovers\n|upkeep\n|\n|t:|1699130753\n|switch|p2a: Baxcalibur|Baxcalibur, F|100\/100\n|-damage|p2a: Baxcalibur|88\/100|[from] Spikes\n|turn|10\n|\n|t:|1699130776\n|-terastallize|p2a: Baxcalibur|Dragon\n|move|p2a: Baxcalibur|Dragon Dance|p2a: Baxcalibur\n|-boost|p2a: Baxcalibur|atk|1\n|-boost|p2a: Baxcalibur|spe|1\n|move|p1a: Kingambit|Iron Head|p2a: Baxcalibur\n|-damage|p2a: Baxcalibur|39\/100\n|\n|-weather|none\n|-heal|p1a: Kingambit|20\/100|[from] item: Leftovers\n|upkeep\n|turn|11\n|\n|t:|1699130788\n|move|p1a: Kingambit|Sucker Punch|p2a: Baxcalibur\n|-damage|p2a: Baxcalibur|0 fnt\n|faint|p2a: Baxcalibur\n|\n|-heal|p1a: Kingambit|26\/100|[from] item: Leftovers\n|upkeep\n|\n|t:|1699130792\n|switch|p2a: Ninetales|Ninetales-Alola, F|70\/100\n|-damage|p2a: Ninetales|57\/100|[from] Spikes\n|-weather|Snow|[from] ability: Snow Warning|[of] p2a: Ninetales\n|turn|12\n|\n|t:|1699130803\n|-end|p1a: Kingambit|fallen1|[silent]\n|switch|p1a: Clefable|Clefable, M|85\/100\n|move|p2a: Ninetales|Freeze-Dry|p1a: Clefable\n|-damage|p1a: Clefable|65\/100\n|\n|-weather|Snow|[upkeep]\n|-heal|p1a: Clefable|71\/100|[from] item: Leftovers\n|upkeep\n|turn|13\n|\n|t:|1699130811\n|move|p2a: Ninetales|Aurora Veil|p2a: Ninetales\n|-sidestart|p2: pixelmaster1412|move: Aurora Veil\n|move|p1a: Clefable|Wish|p1a: Clefable\n|\n|-weather|Snow|[upkeep]\n|-heal|p1a: Clefable|77\/100|[from] item: Leftovers\n|upkeep\n|turn|14\n|\n|t:|1699130821\n|switch|p2a: Froslass|Froslass, F|100\/100\n|-damage|p2a: Froslass|88\/100|[from] Spikes\n|move|p1a: Clefable|Stealth Rock|p2a: Froslass\n|-sidestart|p2: pixelmaster1412|move: Stealth Rock\n|\n|-weather|Snow|[upkeep]\n|-heal|p1a: Clefable|100\/100|[from] move: Wish|[wisher] Clefable\n|upkeep\n|turn|15\n|\n|t:|1699130831\n|move|p2a: Froslass|Will-O-Wisp|p1a: Clefable|[miss]\n|-miss|p2a: Froslass|p1a: Clefable\n|move|p1a: Clefable|Moonblast|p2a: Froslass\n|-damage|p2a: Froslass|63\/100\n|\n|-weather|Snow|[upkeep]\n|upkeep\n|turn|16\n|\n|t:|1699130841\n|move|p2a: Froslass|Shadow Ball|p1a: Clefable\n|-damage|p1a: Clefable|71\/100\n|move|p1a: Clefable|Moonblast|p2a: Froslass\n|-damage|p2a: Froslass|37\/100\n|\n|-weather|none\n|-heal|p1a: Clefable|77\/100|[from] item: Leftovers\n|upkeep\n|turn|17\n|\n|t:|1699130850\n|move|p2a: Froslass|Shadow Ball|p1a: Clefable\n|-damage|p1a: Clefable|50\/100\n|move|p1a: Clefable|Wish|p1a: Clefable\n|\n|-heal|p1a: Clefable|56\/100|[from] item: Leftovers\n|-sideend|p2: pixelmaster1412|move: Aurora Veil\n|upkeep\n|turn|18\n|\n|t:|1699130859\n|move|p1a: Clefable|Protect|p1a: Clefable\n|-singleturn|p1a: Clefable|Protect\n|move|p2a: Froslass|Shadow Ball|p1a: Clefable\n|-activate|p1a: Clefable|move: Protect\n|\n|-heal|p1a: Clefable|100\/100|[from] move: Wish|[wisher] Clefable\n|upkeep\n|turn|19\n|\n|t:|1699130868\n|move|p2a: Froslass|Destiny Bond|p2a: Froslass\n|-singlemove|p2a: Froslass|Destiny Bond\n|move|p1a: Clefable|Moonblast|p2a: Froslass\n|-damage|p2a: Froslass|0 fnt\n|faint|p2a: Froslass\n|-activate|p2a: Froslass|move: Destiny Bond\n|faint|p1a: Clefable\n|\n|upkeep\n|\n|t:|1699130889\n|switch|p2a: Milotic|Milotic, F|91\/100\n|switch|p1a: Arcanine|Arcanine-Hisui, F|100\/100\n|-damage|p2a: Milotic|78\/100|[from] Spikes\n|-damage|p2a: Milotic|66\/100|[from] Stealth Rock\n|turn|20\n|\n|t:|1699130901\n|move|p1a: Arcanine|Head Smash|p2a: Milotic\n|-damage|p2a: Milotic|13\/100\n|move|p2a: Milotic|Scald|p1a: Arcanine\n|-supereffective|p1a: Arcanine\n|-damage|p1a: Arcanine|0 fnt\n|faint|p1a: Arcanine\n|\n|-heal|p2a: Milotic|19\/100|[from] item: Leftovers\n|upkeep\n|inactive|Jisisz has 120 seconds left.\n|\n|t:|1699130916\n|switch|p1a: Roaring Moon|Roaring Moon|100\/100\n|-enditem|p1a: Roaring Moon|Booster Energy\n|-activate|p1a: Roaring Moon|ability: Protosynthesis|[fromitem]\n|-start|p1a: Roaring Moon|protosynthesisatk\n|turn|21\n|inactive|Jisisz has 120 seconds left.\n|\n|t:|1699130935\n|move|p1a: Roaring Moon|Acrobatics|p2a: Milotic\n|-damage|p2a: Milotic|0 fnt\n|faint|p2a: Milotic\n|\n|upkeep\n|\n|t:|1699130939\n|switch|p2a: Ninetales|Ninetales-Alola, F|57\/100\n|-damage|p2a: Ninetales|45\/100|[from] Spikes\n|-damage|p2a: Ninetales|20\/100|[from] Stealth Rock\n|-weather|Snow|[from] ability: Snow Warning|[of] p2a: Ninetales\n|turn|22\n|inactive|Jisisz has 120 seconds left.\n|\n|t:|1699130950\n|move|p2a: Ninetales|Aurora Veil|p2a: Ninetales\n|-sidestart|p2: pixelmaster1412|move: Aurora Veil\n|move|p1a: Roaring Moon|Acrobatics|p2a: Ninetales\n|-damage|p2a: Ninetales|0 fnt\n|faint|p2a: Ninetales\n|\n|-weather|Snow|[upkeep]\n|upkeep\n|\n|t:|1699130953\n|switch|p2a: Glaceon|Glaceon, M|100\/100\n|-damage|p2a: Glaceon|88\/100|[from] Spikes\n|-damage|p2a: Glaceon|63\/100|[from] Stealth Rock\n|turn|23\n|inactive|Jisisz has 120 seconds left.\n|\n|t:|1699130969\n|-terastallize|p1a: Roaring Moon|Flying\n|move|p1a: Roaring Moon|Jaw Lock|p2a: Glaceon\n|-damage|p2a: Glaceon|45\/100\n|-activate|p1a: Roaring Moon|trapped\n|-activate|p2a: Glaceon|trapped\n|move|p2a: Glaceon|Blizzard|p1a: Roaring Moon\n|-supereffective|p1a: Roaring Moon\n|-damage|p1a: Roaring Moon|0 fnt\n|faint|p1a: Roaring Moon\n|-end|p1a: Roaring Moon|Protosynthesis|[silent]\n|\n|-weather|Snow|[upkeep]\n|-heal|p2a: Glaceon|50\/100|[from] ability: Ice Body\n|-heal|p2a: Glaceon|56\/100|[from] item: Leftovers\n|upkeep\n|inactive|Jisisz has 120 seconds left.\n|\n|t:|1699130987\n|switch|p1a: Kingambit|Kingambit, M|26\/100\n|-activate|p1a: Kingambit|ability: Supreme Overlord\n|-start|p1a: Kingambit|fallen4|[silent]\n|turn|24\n|\n|t:|1699130998\n|move|p2a: Glaceon|Blizzard|p1a: Kingambit\n|-resisted|p1a: Kingambit\n|-damage|p1a: Kingambit|0 fnt\n|faint|p1a: Kingambit\n|-end|p1a: Kingambit|fallen4|[silent]\n|\n|-weather|Snow|[upkeep]\n|-heal|p2a: Glaceon|62\/100|[from] ability: Ice Body\n|-heal|p2a: Glaceon|68\/100|[from] item: Leftovers\n|upkeep\n|inactive|Jisisz has 120 seconds left.\n|\n|t:|1699131006\n|switch|p1a: Gliscor|Gliscor, F|100\/100\n|turn|25\n|\n|t:|1699131012\n|move|p1a: Gliscor|Protect|p1a: Gliscor\n|-singleturn|p1a: Gliscor|Protect\n|move|p2a: Glaceon|Blizzard|p1a: Gliscor\n|-activate|p1a: Gliscor|move: Protect\n|\n|-weather|Snow|[upkeep]\n|-heal|p2a: Glaceon|74\/100|[from] ability: Ice Body\n|-heal|p2a: Glaceon|80\/100|[from] item: Leftovers\n|-status|p1a: Gliscor|tox|[from] item: Toxic Orb\n|upkeep\n|turn|26\n|\n|t:|1699131024\n|move|p1a: Gliscor|Facade|p2a: Glaceon\n|-damage|p2a: Glaceon|70\/100\n|move|p2a: Glaceon|Blizzard|p1a: Gliscor\n|-supereffective|p1a: Gliscor\n|-damage|p1a: Gliscor|0 fnt\n|faint|p1a: Gliscor\n|\n|win|pixelmaster1412\n|raw|Jisisz's rating: 1064 &rarr; <strong>1049<\/strong><br \/>(-15 for losing)\n|raw|pixelmaster1412's rating: 1143 &rarr; <strong>1162<\/strong><br \/>(+19 for winning)\n|l|\u2606Jisisz\n","uploadtime":1699131032,"views":7,"p1id":"jisisz","p2id":"pixelmaster1412","formatid":"gen9anythinggoes","rating":1049,"private":0,"password":""}