{"id":"gen9anythinggoes-1992479015","p1":"queeneliz6ftunder","p2":"LumineonFinneon","format":"[Gen 9] Anything Goes","log":"|j|\u2606queeneliz6ftunder\n|j|\u2606LumineonFinneon\n|t:|1700192652\n|gametype|singles\n|player|p1|queeneliz6ftunder|2|1073\n|player|p2|LumineonFinneon|barry|1064\n|teamsize|p1|6\n|teamsize|p2|6\n|gen|9\n|tier|[Gen 9] Anything Goes\n|rated|\n|rule|HP Percentage Mod: HP is shown in percentages\n|rule|Endless Battle Clause: Forcing endless battles is banned\n|clearpoke\n|poke|p1|Maushold-Four|\n|poke|p1|Maushold-Four|\n|poke|p1|Maushold-Four|\n|poke|p1|Maushold-Four|\n|poke|p1|Bisharp, F|\n|poke|p1|Gengar, M|\n|poke|p2|Dragapult, F|\n|poke|p2|Venomoth, M|\n|poke|p2|Kingambit, F|\n|poke|p2|Calyrex-Shadow|\n|poke|p2|Jirachi|\n|poke|p2|Drifblim, F|\n|teampreview\n|\n|t:|1700192662\n|start\n|switch|p1a: nilsson's|Maushold-Four|100\/100\n|switch|p2a: driffy|Drifblim, F|100\/100\n|turn|1\n|c|\u2606queeneliz6ftunder|go nillssons!\n|\n|t:|1700192669\n|move|p2a: driffy|Minimize|p2a: driffy\n|-boost|p2a: driffy|evasion|2\n|move|p1a: nilsson's|Population Bomb|p2a: driffy\n|-immune|p2a: driffy\n|\n|upkeep\n|turn|2\n|c|\u2606LumineonFinneon|oh no\n|c|\u2606LumineonFinneon|nvm\n|c|\u2606queeneliz6ftunder|my maushold made world war 2 begin\n|c|\u2606queeneliz6ftunder|i will begin world war 3.\n|c|\u2606LumineonFinneon|I hope no shadow claw\n|\n|t:|1700192704\n|move|p2a: driffy|Minimize|p2a: driffy\n|-boost|p2a: driffy|evasion|2\n|move|p1a: nilsson's|Facade|p2a: driffy\n|-immune|p2a: driffy\n|\n|upkeep\n|turn|3\n|c|\u2606LumineonFinneon|or smth\n|c|\u2606queeneliz6ftunder|oh dang\n|c|\u2606LumineonFinneon|a\n|c|\u2606LumineonFinneon|im a ghost \ud83d\udc80\n|\n|t:|1700192723\n|move|p2a: driffy|Minimize|p2a: driffy\n|-boost|p2a: driffy|evasion|2\n|move|p1a: nilsson's|Shadow Claw|p2a: driffy\n|-supereffective|p2a: driffy\n|-damage|p2a: driffy|53\/100\n|\n|-heal|p2a: driffy|59\/100|[from] item: Leftovers\n|upkeep\n|turn|4\n|\n|t:|1700192733\n|move|p2a: driffy|Baton Pass|p2a: driffy\n|\n|t:|1700192735\n|switch|p2a: mothy|Venomoth, M|100\/100|[from] Baton Pass\n|move|p1a: nilsson's|Shadow Claw|p2a: mothy|[miss]\n|-miss|p1a: nilsson's|p2a: mothy\n|\n|upkeep\n|turn|5\n|c|\u2606queeneliz6ftunder|i will bomb u\n|\n|t:|1700192745\n|move|p2a: mothy|Quiver Dance|p2a: mothy\n|-boost|p2a: mothy|spa|1\n|-boost|p2a: mothy|spd|1\n|-boost|p2a: mothy|spe|1\n|move|p1a: nilsson's|Population Bomb|p2a: mothy|[miss]\n|-miss|p1a: nilsson's|p2a: mothy\n|\n|upkeep\n|turn|6\n|c|\u2606LumineonFinneon|u shall quiver in fear\n|c|\u2606queeneliz6ftunder|im going to murder my happy family myself\n|c|\u2606LumineonFinneon|wai wh-\n|\n|t:|1700192775\n|move|p2a: mothy|Quiver Dance|p2a: mothy\n|-boost|p2a: mothy|spa|1\n|-boost|p2a: mothy|spd|1\n|-boost|p2a: mothy|spe|1\n|move|p1a: nilsson's|Shadow Claw|p2a: mothy\n|-damage|p2a: mothy|67\/100\n|\n|-heal|p2a: mothy|73\/100|[from] item: Leftovers\n|upkeep\n|turn|7\n|\n|t:|1700192783\n|move|p2a: mothy|Quiver Dance|p2a: mothy\n|-boost|p2a: mothy|spa|1\n|-boost|p2a: mothy|spd|1\n|-boost|p2a: mothy|spe|1\n|move|p1a: nilsson's|Shadow Claw|p2a: mothy\n|-damage|p2a: mothy|44\/100\n|\n|-heal|p2a: mothy|50\/100|[from] item: Leftovers\n|upkeep\n|turn|8\n|\n|t:|1700192792\n|move|p2a: mothy|Quiver Dance|p2a: mothy\n|-boost|p2a: mothy|spa|1\n|-boost|p2a: mothy|spd|1\n|-boost|p2a: mothy|spe|1\n|move|p1a: nilsson's|Shadow Claw|p2a: mothy|[miss]\n|-miss|p1a: nilsson's|p2a: mothy\n|\n|-heal|p2a: mothy|56\/100|[from] item: Leftovers\n|upkeep\n|turn|9\n|\n|t:|1700192801\n|move|p2a: mothy|Quiver Dance|p2a: mothy\n|-boost|p2a: mothy|spa|1\n|-boost|p2a: mothy|spd|1\n|-boost|p2a: mothy|spe|1\n|move|p1a: nilsson's|Shadow Claw|p2a: mothy|[miss]\n|-miss|p1a: nilsson's|p2a: mothy\n|\n|-heal|p2a: mothy|62\/100|[from] item: Leftovers\n|upkeep\n|turn|10\n|\n|t:|1700192812\n|move|p2a: mothy|Quiver Dance|p2a: mothy\n|-boost|p2a: mothy|spa|1\n|-boost|p2a: mothy|spd|1\n|-boost|p2a: mothy|spe|1\n|move|p1a: nilsson's|Facade|p2a: mothy|[miss]\n|-miss|p1a: nilsson's|p2a: mothy\n|\n|-heal|p2a: mothy|68\/100|[from] item: Leftovers\n|upkeep\n|turn|11\n|c|\u2606queeneliz6ftunder|FINE\n|c|\u2606queeneliz6ftunder|GO BOB!!!\n|c|\u2606LumineonFinneon|a\n|\n|t:|1700192827\n|switch|p1a: bob|Bisharp, F|100\/100\n|move|p2a: mothy|Baton Pass|p2a: mothy\n|\n|t:|1700192831\n|switch|p2a: yellow and blue|Jirachi|100\/100|[from] Baton Pass\n|\n|upkeep\n|turn|12\n|\n|t:|1700192842\n|move|p2a: yellow and blue|Iron Defense|p2a: yellow and blue\n|-boost|p2a: yellow and blue|def|2\n|move|p1a: bob|Flash Cannon|p2a: yellow and blue|[miss]\n|-miss|p1a: bob|p2a: yellow and blue\n|\n|upkeep\n|turn|13\n|\n|t:|1700192850\n|move|p2a: yellow and blue|Iron Defense|p2a: yellow and blue\n|-boost|p2a: yellow and blue|def|2\n|move|p1a: bob|Swords Dance|p1a: bob\n|-boost|p1a: bob|atk|2\n|\n|upkeep\n|turn|14\n|c|\u2606queeneliz6ftunder|o\n|\n|t:|1700192858\n|move|p2a: yellow and blue|Iron Defense|p2a: yellow and blue\n|-boost|p2a: yellow and blue|def|2\n|move|p1a: bob|Flash Cannon|p2a: yellow and blue\n|-resisted|p2a: yellow and blue\n|-crit|p2a: yellow and blue\n|-damage|p2a: yellow and blue|89\/100\n|\n|upkeep\n|turn|15\n|\n|t:|1700192864\n|move|p2a: yellow and blue|Metronome|p2a: yellow and blue\n|move|p2a: yellow and blue|Sweet Scent|p1a: bob|[from]move: Metronome\n|-unboost|p1a: bob|evasion|2\n|-ability|p1a: bob|Defiant|boost\n|-boost|p1a: bob|atk|2\n|move|p1a: bob|Flash Cannon|p2a: yellow and blue\n|-resisted|p2a: yellow and blue\n|-damage|p2a: yellow and blue|87\/100\n|\n|upkeep\n|turn|16\n|\n|t:|1700192872\n|move|p2a: yellow and blue|Baton Pass|p2a: yellow and blue\n|\n|t:|1700192875\n|switch|p2a: driffy|Drifblim, F|59\/100|[from] Baton Pass\n|move|p1a: bob|Flash Cannon|p2a: driffy\n|-damage|p2a: driffy|54\/100\n|-unboost|p2a: driffy|spd|1\n|\n|-heal|p2a: driffy|60\/100|[from] item: Leftovers\n|upkeep\n|turn|17\n|c|\u2606queeneliz6ftunder|u kill meh gengar it kills u\n|\n|t:|1700192891\n|switch|p1a: Gengar|Gengar, M|100\/100\n|move|p2a: driffy|Clear Smog|p1a: Gengar\n|-resisted|p1a: Gengar\n|-damage|p1a: Gengar|83\/100\n|-clearboost|p1a: Gengar\n|\n|-heal|p2a: driffy|66\/100|[from] item: Leftovers\n|-heal|p1a: Gengar|89\/100|[from] item: Leftovers\n|upkeep\n|turn|18\n|c|\u2606LumineonFinneon|oh no\n|\n|t:|1700192903\n|move|p2a: driffy|Baton Pass|p2a: driffy\n|\n|t:|1700192907\n|switch|p2a: caly|Calyrex-Shadow|100\/100|[from] Baton Pass\n|-ability|p2a: caly|As One\n|-ability|p2a: caly|Unnerve\n|move|p1a: Gengar|Hypnosis|p2a: caly|[miss]\n|-miss|p1a: Gengar|p2a: caly\n|\n|-heal|p1a: Gengar|95\/100|[from] item: Leftovers\n|upkeep\n|turn|19\n|c|\u2606queeneliz6ftunder|go to sleeep\n|\n|t:|1700192919\n|move|p2a: caly|Astral Barrage|p1a: Gengar\n|-supereffective|p1a: Gengar\n|-damage|p1a: Gengar|0 fnt\n|faint|p1a: Gengar\n|\n|upkeep\n|c|\u2606queeneliz6ftunder|SLEEP\n|c|\u2606queeneliz6ftunder|oh\n|c|\u2606LumineonFinneon|u going to die now \ud83d\ude14\n|c|\u2606queeneliz6ftunder|i should have used destiny bond there\n|c|\u2606queeneliz6ftunder|I GOT AN IDEA\n|c|\u2606queeneliz6ftunder|ILL MAKE A TEAM OF GENGARS WITH ONLY DESTINY BOND\n|c|\u2606queeneliz6ftunder|im literally so evil and stuff\n|\n|t:|1700192957\n|switch|p1a: john's|Maushold-Four|100\/100\n|turn|20\n|\n|t:|1700192961\n|move|p2a: caly|Stored Power|p1a: john's\n|-damage|p1a: john's|0 fnt\n|faint|p1a: john's\n|\n|upkeep\n|\n|t:|1700192966\n|switch|p1a: bob|Bisharp, F|100\/100\n|turn|21\n|c|\u2606LumineonFinneon|I am more evil\n|\n|t:|1700192972\n|move|p2a: caly|Astral Barrage|p1a: bob\n|-resisted|p1a: bob\n|-damage|p1a: bob|0 fnt\n|faint|p1a: bob\n|\n|upkeep\n|c|\u2606queeneliz6ftunder|Im literally going to make a team of destiny bond gengars what u finna do thats worser\n|\n|t:|1700192996\n|switch|p1a: nilsson's|Maushold-Four|100\/100\n|turn|22\n|c|\u2606LumineonFinneon|idk get byffs\n|c|\u2606LumineonFinneon|idk how destiny bond works\n|\n|t:|1700193009\n|move|p2a: caly|Stored Power|p1a: nilsson's\n|-damage|p1a: nilsson's|0 fnt\n|faint|p1a: nilsson's\n|\n|upkeep\n|c|\u2606queeneliz6ftunder|destiny bond is that if the pokemon u are dies the enemies pokemon dies too\n|c|\u2606LumineonFinneon|ok\n|c|\u2606queeneliz6ftunder|so im goig to make and uno reverse card genagr team\n|c|\u2606queeneliz6ftunder|anyways u can win baba\n|c|\u2606queeneliz6ftunder|gg\n|c|\u2606LumineonFinneon|u might get rekt by\n|c|\u2606LumineonFinneon|dark pulse or knock off\n|c|\u2606queeneliz6ftunder|?\n|c|\u2606queeneliz6ftunder|dang\n|c|\u2606LumineonFinneon|i think\n|c|\u2606LumineonFinneon|idk\n|-message|queeneliz6ftunder forfeited.\n|\n|win|LumineonFinneon\n|raw|queeneliz6ftunder's rating: 1073 &rarr; <strong>1052<\/strong><br \/>(-21 for losing)\n|raw|LumineonFinneon's rating: 1064 &rarr; <strong>1095<\/strong><br \/>(+31 for winning)\n|l|\u2606queeneliz6ftunder\n","uploadtime":1700192762,"views":5,"p1id":"queeneliz6ftunder","p2id":"lumineonfinneon","formatid":"gen9anythinggoes","rating":1052,"private":0,"password":""}