{"id":"gen9anythinggoes-1988050573","p1":"Ryno5311","p2":"TheJoeyGuy","format":"[Gen 9] Anything Goes","log":"|j|\u2606Ryno5311\n|j|\u2606TheJoeyGuy\n|t:|1699663477\n|gametype|singles\n|player|p1|Ryno5311|jasmine-masters2|\n|player|p2|TheJoeyGuy|170|\n|teamsize|p1|6\n|teamsize|p2|6\n|gen|9\n|tier|[Gen 9] Anything Goes\n|rule|HP Percentage Mod: HP is shown in percentages\n|rule|Endless Battle Clause: Forcing endless battles is banned\n|clearpoke\n|poke|p1|Appletun, F|\n|poke|p1|Ogerpon-Wellspring, F|\n|poke|p1|Jirachi|\n|poke|p1|Quaquaval, F|\n|poke|p1|Scream Tail|\n|poke|p1|Fezandipiti, M|\n|poke|p2|Revavroom, F|\n|poke|p2|Chien-Pao|\n|poke|p2|Basculegion-F, F|\n|poke|p2|Glimmora, F|\n|poke|p2|Hatterene, F|\n|poke|p2|Hawlucha, M|\n|teampreview\n|\n|t:|1699663516\n|start\n|switch|p1a: Thorn|Fezandipiti, M|100\/100\n|switch|p2a: Glimmora|Glimmora, F|100\/100\n|turn|1\n|\n|t:|1699663535\n|move|p1a: Thorn|U-turn|p2a: Glimmora\n|-resisted|p2a: Glimmora\n|-damage|p2a: Glimmora|92\/100\n|-damage|p1a: Thorn|84\/100|[from] item: Rocky Helmet|[of] p2a: Glimmora\n|\n|t:|1699663543\n|switch|p1a: Quaquaval|Quaquaval, F|100\/100|[from] U-turn\n|move|p2a: Glimmora|Rock Polish|p2a: Glimmora\n|-boost|p2a: Glimmora|spe|2\n|\n|upkeep\n|turn|2\n|\n|t:|1699663602\n|move|p2a: Glimmora|Substitute|p2a: Glimmora\n|-start|p2a: Glimmora|Substitute\n|-damage|p2a: Glimmora|67\/100\n|move|p1a: Quaquaval|Knock Off|p2a: Glimmora\n|-crit|p2a: Glimmora\n|-end|p2a: Glimmora|Substitute\n|\n|upkeep\n|turn|3\n|\n|t:|1699663618\n|move|p2a: Glimmora|Sludge Bomb|p1a: Quaquaval\n|-damage|p1a: Quaquaval|40\/100\n|move|p1a: Quaquaval|Flip Turn|p2a: Glimmora\n|-supereffective|p2a: Glimmora\n|-damage|p2a: Glimmora|9\/100\n|-damage|p1a: Quaquaval|23\/100|[from] item: Rocky Helmet|[of] p2a: Glimmora\n|\n|t:|1699663630\n|switch|p1a: Arcturus|Jirachi|100\/100|[from] Flip Turn\n|\n|upkeep\n|turn|4\n|\n|t:|1699663639\n|move|p2a: Glimmora|Earth Power|p1a: Arcturus\n|-supereffective|p1a: Arcturus\n|-damage|p1a: Arcturus|53\/100\n|move|p1a: Arcturus|Doom Desire|p2a: Glimmora\n|-start|p1a: Arcturus|Doom Desire\n|\n|-heal|p1a: Arcturus|60\/100|[from] item: Leftovers\n|upkeep\n|turn|5\n|j| FLOOR IT\n|\n|t:|1699663648\n|move|p2a: Glimmora|Earth Power|p1a: Arcturus\n|-supereffective|p1a: Arcturus\n|-damage|p1a: Arcturus|14\/100\n|move|p1a: Arcturus|Wish|p1a: Arcturus\n|\n|-heal|p1a: Arcturus|20\/100|[from] item: Leftovers\n|upkeep\n|turn|6\n|\n|t:|1699663708\n|switch|p1a: Thorn|Fezandipiti, M|84\/100\n|move|p2a: Glimmora|Sludge Bomb|p1a: Thorn\n|-damage|p1a: Thorn|47\/100\n|\n|-end|p2a: Glimmora|move: Doom Desire\n|-supereffective|p2a: Glimmora\n|-damage|p2a: Glimmora|0 fnt\n|faint|p2a: Glimmora\n|-heal|p1a: Thorn|99\/100|[from] move: Wish|[wisher] Arcturus\n|upkeep\n|\n|t:|1699663733\n|switch|p2a: Revavroom|Revavroom, F|100\/100\n|turn|7\n|\n|t:|1699663750\n|move|p1a: Thorn|Heat Wave|p2a: Revavroom|[miss]\n|-miss|p1a: Thorn|p2a: Revavroom\n|move|p2a: Revavroom|High Horsepower|p1a: Thorn\n|-supereffective|p1a: Thorn\n|-damage|p1a: Thorn|24\/100\n|\n|upkeep\n|turn|8\n|\n|t:|1699663767\n|move|p1a: Thorn|U-turn|p2a: Revavroom\n|-resisted|p2a: Revavroom\n|-damage|p2a: Revavroom|96\/100\n|\n|t:|1699663773\n|switch|p1a: Quaquaval|Quaquaval, F|23\/100|[from] U-turn\n|move|p2a: Revavroom|Gunk Shot|p1a: Quaquaval\n|-damage|p1a: Quaquaval|0 fnt\n|faint|p1a: Quaquaval\n|\n|upkeep\n|\n|t:|1699663790\n|switch|p1a: Lucina|Ogerpon-Wellspring, F|100\/100\n|turn|9\n|j| Penguinator7\n|\n|t:|1699663805\n|move|p1a: Lucina|Leech Seed|p2a: Revavroom|[miss]\n|-miss|p1a: Lucina|p2a: Revavroom\n|move|p2a: Revavroom|Gunk Shot|p1a: Lucina\n|-supereffective|p1a: Lucina\n|-crit|p1a: Lucina\n|-damage|p1a: Lucina|0 fnt\n|faint|p1a: Lucina\n|\n|upkeep\n|\n|t:|1699663817\n|switch|p1a: Arcturus|Jirachi|20\/100\n|turn|10\n|\n|t:|1699663827\n|move|p2a: Revavroom|High Horsepower|p1a: Arcturus\n|-supereffective|p1a: Arcturus\n|-damage|p1a: Arcturus|0 fnt\n|faint|p1a: Arcturus\n|\n|upkeep\n|\n|t:|1699663839\n|switch|p1a: Thorn|Fezandipiti, M|24\/100\n|turn|11\n|\n|t:|1699663862\n|move|p1a: Thorn|Heat Wave|p2a: Revavroom\n|-supereffective|p2a: Revavroom\n|-damage|p2a: Revavroom|39\/100\n|move|p2a: Revavroom|High Horsepower|p1a: Thorn\n|-supereffective|p1a: Thorn\n|-damage|p1a: Thorn|0 fnt\n|faint|p1a: Thorn\n|\n|upkeep\n|\n|t:|1699663869\n|switch|p1a: Scream Tail|Scream Tail|100\/100\n|-enditem|p1a: Scream Tail|Booster Energy\n|-activate|p1a: Scream Tail|ability: Protosynthesis|[fromitem]\n|-start|p1a: Scream Tail|protosynthesisspe\n|turn|12\n|\n|t:|1699663883\n|move|p1a: Scream Tail|Stomping Tantrum|p2a: Revavroom\n|-supereffective|p2a: Revavroom\n|-damage|p2a: Revavroom|0 fnt\n|faint|p2a: Revavroom\n|\n|upkeep\n|\n|t:|1699663906\n|switch|p2a: Hatterene|Hatterene, F|100\/100\n|turn|13\n|\n|t:|1699663922\n|move|p1a: Scream Tail|Bulk Up|p1a: Scream Tail\n|-boost|p1a: Scream Tail|atk|1\n|-boost|p1a: Scream Tail|def|1\n|-enditem|p2a: Hatterene|Mirror Herb\n|-boost|p2a: Hatterene|atk|1|[from] item: Mirror Herb\n|-boost|p2a: Hatterene|def|1|[from] item: Mirror Herb\n|move|p2a: Hatterene|Shadow Ball|p1a: Scream Tail\n|-supereffective|p1a: Scream Tail\n|-damage|p1a: Scream Tail|53\/100\n|\n|upkeep\n|turn|14\n|\n|t:|1699663943\n|move|p1a: Scream Tail|Bulk Up|p1a: Scream Tail\n|-boost|p1a: Scream Tail|atk|1\n|-boost|p1a: Scream Tail|def|1\n|move|p2a: Hatterene|Shadow Ball|p1a: Scream Tail\n|-supereffective|p1a: Scream Tail\n|-crit|p1a: Scream Tail\n|-damage|p1a: Scream Tail|0 fnt\n|faint|p1a: Scream Tail\n|-end|p1a: Scream Tail|Protosynthesis|[silent]\n|\n|upkeep\n|\n|t:|1699663951\n|switch|p1a: Crabble|Appletun, F|100\/100\n|turn|15\n|\n|t:|1699663959\n|-terastallize|p1a: Crabble|Fairy\n|move|p1a: Crabble|Apple Acid|p2a: Hatterene\n|-damage|p2a: Hatterene|72\/100\n|-unboost|p2a: Hatterene|spd|1\n|move|p2a: Hatterene|Psychic|p1a: Crabble\n|-crit|p1a: Crabble\n|-damage|p1a: Crabble|29\/100\n|\n|upkeep\n|turn|16\n|\n|t:|1699663973\n|move|p1a: Crabble|Recover|p1a: Crabble\n|-heal|p1a: Crabble|79\/100\n|move|p2a: Hatterene|Psychic|p1a: Crabble\n|-damage|p1a: Crabble|28\/100\n|\n|upkeep\n|turn|17\n|\n|t:|1699663987\n|move|p1a: Crabble|Leech Seed|p2a: Hatterene\n|move|p2a: Hatterene|Leech Seed|p1a: Crabble|[from]ability: Magic Bounce\n|-start|p1a: Crabble|move: Leech Seed\n|move|p2a: Hatterene|Thunder Wave|p1a: Crabble\n|-status|p1a: Crabble|par\n|\n|-damage|p1a: Crabble|16\/100 par|[from] Leech Seed|[of] p2a: Hatterene\n|-heal|p2a: Hatterene|89\/100|[silent]\n|upkeep\n|turn|18\n|\n|t:|1699663996\n|move|p1a: Crabble|Dragon Tail|p2a: Hatterene\n|-immune|p2a: Hatterene\n|move|p2a: Hatterene|Trick Room|p2a: Hatterene\n|-fieldstart|move: Trick Room|[of] p2a: Hatterene\n|\n|-damage|p1a: Crabble|3\/100 par|[from] Leech Seed|[of] p2a: Hatterene\n|-heal|p2a: Hatterene|100\/100|[silent]\n|upkeep\n|turn|19\n|\n|t:|1699664003\n|move|p1a: Crabble|Dragon Tail|p2a: Hatterene\n|-immune|p2a: Hatterene\n|move|p2a: Hatterene|Trick Room|p2a: Hatterene\n|-fieldend|move: Trick Room\n|\n|-damage|p1a: Crabble|0 fnt|[from] Leech Seed|[of] p2a: Hatterene\n|faint|p1a: Crabble\n|\n|win|TheJoeyGuy\n|upkeep\n|l| FLOOR IT\n|l| Penguinator7\n","uploadtime":1699664051,"views":16,"p1id":"ryno5311","p2id":"thejoeyguy","formatid":"gen9anythinggoes","rating":0,"private":0,"password":""}