{"id":"gen9anythinggoes-1989247992","p1":"Testingnewstratfr","p2":"Ellippo","format":"[Gen 9] Anything Goes","log":"|j|\u2606Testingnewstratfr\n|j|\u2606Ellippo\n|t:|1699827779\n|gametype|singles\n|player|p1|Testingnewstratfr|janitor|1539\n|player|p2|Ellippo|lance|1568\n|teamsize|p1|6\n|teamsize|p2|6\n|gen|9\n|tier|[Gen 9] Anything Goes\n|rated|\n|rule|HP Percentage Mod: HP is shown in percentages\n|rule|Endless Battle Clause: Forcing endless battles is banned\n|clearpoke\n|poke|p1|Polteageist|\n|poke|p1|Calyrex-Shadow|\n|poke|p1|Arceus-Fire|\n|poke|p1|Mandibuzz, F|\n|poke|p1|Miraidon|\n|poke|p1|Ditto|\n|poke|p2|Sneasler, M|\n|poke|p2|Koraidon|\n|poke|p2|Calyrex-Shadow|\n|poke|p2|Koraidon|\n|poke|p2|Arceus|\n|poke|p2|Miraidon|\n|teampreview\n|inactive|Battle timer is ON: inactive players will automatically lose when time's up. (requested by Testingnewstratfr)\n|\n|t:|1699827797\n|start\n|switch|p1a: Polteageist|Polteageist|100\/100\n|switch|p2a: Miraidon|Miraidon|100\/100\n|-fieldstart|move: Electric Terrain|[from] ability: Hadron Engine|[of] p2a: Miraidon\n|turn|1\n|\n|t:|1699827816\n|switch|p1a: Ditto|Ditto|100\/100\n|-transform|p1a: Ditto|p2a: Miraidon|[from] ability: Imposter\n|-activate|p1a: Ditto|ability: Hadron Engine\n|move|p2a: Miraidon|Agility|p2a: Miraidon\n|-boost|p2a: Miraidon|spe|2\n|\n|upkeep\n|turn|2\n|\n|t:|1699827826\n|-terastallize|p2a: Miraidon|Fairy\n|move|p2a: Miraidon|Calm Mind|p2a: Miraidon\n|-boost|p2a: Miraidon|spa|1\n|-boost|p2a: Miraidon|spd|1\n|move|p1a: Ditto|Dazzling Gleam|p2a: Miraidon\n|-damage|p2a: Miraidon|77\/100\n|\n|-heal|p2a: Miraidon|83\/100|[from] item: Leftovers\n|upkeep\n|turn|3\n|\n|t:|1699827843\n|switch|p1a: Arceus|Arceus-Fire|100\/100\n|move|p2a: Miraidon|Dazzling Gleam|p1a: Arceus\n|-resisted|p1a: Arceus\n|-damage|p1a: Arceus|71\/100\n|\n|-heal|p2a: Miraidon|90\/100|[from] item: Leftovers\n|upkeep\n|turn|4\n|\n|t:|1699827865\n|move|p2a: Miraidon|Parabolic Charge|p1a: Arceus\n|-damage|p1a: Arceus|6\/100\n|-heal|p2a: Miraidon|100\/100|[from] drain|[of] p1a: Arceus\n|move|p1a: Arceus|Calm Mind|p1a: Arceus\n|-boost|p1a: Arceus|spa|1\n|-boost|p1a: Arceus|spd|1\n|\n|upkeep\n|turn|5\n|\n|t:|1699827871\n|move|p2a: Miraidon|Parabolic Charge|p1a: Arceus\n|-damage|p1a: Arceus|0 fnt\n|faint|p1a: Arceus\n|\n|-fieldend|move: Electric Terrain\n|upkeep\n|\n|t:|1699827879\n|switch|p1a: Miraidon|Miraidon|100\/100\n|-fieldstart|move: Electric Terrain|[from] ability: Hadron Engine|[of] p1a: Miraidon\n|turn|6\n|\n|t:|1699827883\n|-terastallize|p1a: Miraidon|Electric\n|move|p2a: Miraidon|Dazzling Gleam|p1a: Miraidon\n|-damage|p1a: Miraidon|21\/100\n|move|p1a: Miraidon|Electro Drift|p2a: Miraidon\n|-damage|p2a: Miraidon|0 fnt\n|faint|p2a: Miraidon\n|\n|upkeep\n|\n|t:|1699827893\n|switch|p2a: Calyrex|Calyrex-Shadow|100\/100\n|-ability|p2a: Calyrex|As One\n|-ability|p2a: Calyrex|Unnerve\n|turn|7\n|\n|t:|1699827901\n|switch|p1a: Mandibuzz|Mandibuzz, F|100\/100\n|move|p2a: Calyrex|Nasty Plot|p2a: Calyrex\n|-boost|p2a: Calyrex|spa|2\n|\n|upkeep\n|turn|8\n|\n|t:|1699827906\n|move|p2a: Calyrex|Nasty Plot|p2a: Calyrex\n|-boost|p2a: Calyrex|spa|2\n|move|p1a: Mandibuzz|U-turn|p2a: Calyrex\n|-damage|p2a: Calyrex|88\/100\n|\n|t:|1699827909\n|switch|p1a: Ditto|Ditto|100\/100|[from] U-turn\n|-transform|p1a: Ditto|p2a: Calyrex|[from] ability: Imposter\n|\n|upkeep\n|turn|9\n|\n|t:|1699827918\n|move|p1a: Ditto|Giga Drain|p2a: Calyrex\n|-damage|p2a: Calyrex|0 fnt\n|faint|p2a: Calyrex\n|-ability|p1a: Ditto|Grim Neigh|boost\n|-boost|p1a: Ditto|spa|1\n|\n|upkeep\n|\n|t:|1699827926\n|switch|p2a: Arceus|Arceus|100\/100\n|turn|10\n|\n|t:|1699827929\n|move|p1a: Ditto|Giga Drain|p2a: Arceus\n|-damage|p2a: Arceus|29\/100\n|move|p2a: Arceus|Shadow Claw|p1a: Ditto\n|-supereffective|p1a: Ditto\n|-damage|p1a: Ditto|0 fnt\n|faint|p1a: Ditto\n|\n|-fieldend|move: Electric Terrain\n|upkeep\n|\n|t:|1699827935\n|switch|p1a: Polteageist|Polteageist|100\/100\n|turn|11\n|\n|t:|1699827941\n|move|p2a: Arceus|Dragon Dance|p2a: Arceus\n|-boost|p2a: Arceus|atk|1\n|-boost|p2a: Arceus|spe|1\n|move|p1a: Polteageist|Shell Smash|p1a: Polteageist\n|-unboost|p1a: Polteageist|def|1\n|-unboost|p1a: Polteageist|spd|1\n|-boost|p1a: Polteageist|atk|2\n|-boost|p1a: Polteageist|spa|2\n|-boost|p1a: Polteageist|spe|2\n|\n|upkeep\n|turn|12\n|\n|t:|1699827952\n|move|p1a: Polteageist|Stored Power|p2a: Arceus\n|-damage|p2a: Arceus|0 fnt\n|faint|p2a: Arceus\n|\n|upkeep\n|\n|t:|1699827958\n|switch|p2a: Koraidon|Koraidon|100\/100\n|-weather|SunnyDay|[from] ability: Orichalcum Pulse|[of] p2a: Koraidon\n|-activate|p2a: Koraidon|Orichalcum Pulse|[source]\n|turn|13\n|\n|t:|1699827962\n|move|p2a: Koraidon|Flare Blitz|p1a: Polteageist\n|-enditem|p1a: Polteageist|Focus Sash\n|-damage|p1a: Polteageist|1\/100\n|-ability|p1a: Polteageist|Weak Armor|boost\n|-unboost|p1a: Polteageist|def|1\n|-boost|p1a: Polteageist|spe|2\n|-damage|p2a: Koraidon|75\/100|[from] Recoil\n|move|p1a: Polteageist|Stored Power|p2a: Koraidon\n|-supereffective|p2a: Koraidon\n|-damage|p2a: Koraidon|0 fnt\n|faint|p2a: Koraidon\n|\n|-weather|SunnyDay|[upkeep]\n|upkeep\n|\n|t:|1699827984\n|switch|p2a: Koraidon|Koraidon|100\/100\n|-activate|p2a: Koraidon|ability: Orichalcum Pulse\n|turn|14\n|\n|t:|1699827989\n|move|p1a: Polteageist|Stored Power|p2a: Koraidon\n|-supereffective|p2a: Koraidon\n|-damage|p2a: Koraidon|0 fnt\n|faint|p2a: Koraidon\n|\n|-weather|SunnyDay|[upkeep]\n|upkeep\n|\n|t:|1699827994\n|switch|p2a: Sneasler|Sneasler, M|100\/100\n|turn|15\n|\n|t:|1699827998\n|move|p2a: Sneasler|Fake Out|p1a: Polteageist\n|-immune|p1a: Polteageist\n|move|p1a: Polteageist|Stored Power|p2a: Sneasler\n|-supereffective|p2a: Sneasler\n|-damage|p2a: Sneasler|0 fnt\n|faint|p2a: Sneasler\n|\n|win|Testingnewstratfr\n|raw|Testingnewstratfr's rating: 1539 &rarr; <strong>1561<\/strong><br \/>(+22 for winning)\n|raw|Ellippo's rating: 1568 &rarr; <strong>1546<\/strong><br \/>(-22 for losing)\n|l|\u2606Ellippo\n|l|\u2606Testingnewstratfr\n|j|\u2606Testingnewstratfr\n|player|p1|Testingnewstratfr|janitor\n","uploadtime":1699828017,"views":9,"p1id":"testingnewstratfr","p2id":"ellippo","formatid":"gen9anythinggoes","rating":1546,"private":0,"password":""}