{"id":"gen9anythinggoes-1975402881","p1":"deGale","p2":"manofsteel1992","format":"[Gen 9] Anything Goes","log":"|j|\u2606deGale\n|j|\u203dmanofsteel1992\n|t:|1698187485\n|gametype|singles\n|player|p1|deGale|red|1059\n|player|p2|manofsteel1992|swimmerf-gen4|1000\n|teamsize|p1|6\n|teamsize|p2|1\n|gen|9\n|tier|[Gen 9] Anything Goes\n|rated|\n|rule|HP Percentage Mod: HP is shown in percentages\n|rule|Endless Battle Clause: Forcing endless battles is banned\n|clearpoke\n|poke|p1|Infernape, F|\n|poke|p1|Salamence, F|\n|poke|p1|Heatran, F|\n|poke|p1|Sandy Shocks|\n|poke|p1|Ogerpon, F|\n|poke|p1|Alomomola, M|\n|poke|p2|Dragonite, F|\n|teampreview\n|inactive|Battle timer is ON: inactive players will automatically lose when time's up. (requested by manofsteel1992)\n|\n|t:|1698187492\n|start\n|switch|p1a: Sandy Shocks|Sandy Shocks|100\/100\n|switch|p2a: Dragonite|Dragonite, F, shiny|100\/100\n|turn|1\n|\n|t:|1698187499\n|move|p1a: Sandy Shocks|Power Gem|p2a: Dragonite\n|-supereffective|p2a: Dragonite\n|-damage|p2a: Dragonite|77\/100\n|-enditem|p2a: Dragonite|Weakness Policy\n|-boost|p2a: Dragonite|atk|2|[from] item: Weakness Policy\n|-boost|p2a: Dragonite|spa|2|[from] item: Weakness Policy\n|move|p2a: Dragonite|Dragon Dance|p2a: Dragonite\n|-boost|p2a: Dragonite|atk|1\n|-boost|p2a: Dragonite|spe|1\n|\n|upkeep\n|turn|2\n|\n|t:|1698187508\n|move|p2a: Dragonite|Ice Spinner|p1a: Sandy Shocks\n|-supereffective|p1a: Sandy Shocks\n|-damage|p1a: Sandy Shocks|0 fnt\n|-damage|p2a: Dragonite|60\/100|[from] item: Rocky Helmet|[of] p1a: Sandy Shocks\n|faint|p1a: Sandy Shocks\n|-end|p1a: Sandy Shocks|Protosynthesis|[silent]\n|\n|upkeep\n|\n|t:|1698187517\n|switch|p1a: Heatran|Heatran, F|100\/100\n|turn|3\n|\n|t:|1698187522\n|move|p2a: Dragonite|Earthquake|p1a: Heatran\n|-supereffective|p1a: Heatran\n|-damage|p1a: Heatran|0 fnt\n|faint|p1a: Heatran\n|\n|upkeep\n|\n|t:|1698187526\n|switch|p1a: Ogerpon|Ogerpon, F|100\/100\n|turn|4\n|\n|t:|1698187529\n|move|p1a: Ogerpon|Spiky Shield|p1a: Ogerpon\n|-singleturn|p1a: Ogerpon|move: Protect\n|move|p2a: Dragonite|Ice Spinner|p1a: Ogerpon\n|-activate|p1a: Ogerpon|move: Protect\n|-damage|p2a: Dragonite|48\/100|[from] Spiky Shield|[of] p1a: Ogerpon\n|\n|upkeep\n|turn|5\n|\n|t:|1698187541\n|switch|p1a: Alomomola|Alomomola, M|100\/100\n|move|p2a: Dragonite|Ice Spinner|p1a: Alomomola\n|-resisted|p1a: Alomomola\n|-damage|p1a: Alomomola|78\/100\n|-damage|p2a: Dragonite|31\/100|[from] item: Rocky Helmet|[of] p1a: Alomomola\n|\n|upkeep\n|turn|6\n|\n|t:|1698187550\n|move|p2a: Dragonite|Earthquake|p1a: Alomomola\n|-damage|p1a: Alomomola|15\/100\n|move|p1a: Alomomola|Wish|p1a: Alomomola\n|\n|upkeep\n|turn|7\n|\n|t:|1698187557\n|switch|p1a: Ogerpon|Ogerpon, F|100\/100\n|move|p2a: Dragonite|Ice Spinner|p1a: Ogerpon\n|-supereffective|p1a: Ogerpon\n|-damage|p1a: Ogerpon|0 fnt\n|faint|p1a: Ogerpon\n|\n|upkeep\n|\n|t:|1698187565\n|switch|p1a: Alomomola|Alomomola, M|48\/100\n|turn|8\n|\n|t:|1698187575\n|move|p2a: Dragonite|Earthquake|p1a: Alomomola\n|-damage|p1a: Alomomola|0 fnt\n|faint|p1a: Alomomola\n|\n|upkeep\n|\n|t:|1698187579\n|switch|p1a: Salamence|Salamence, F|100\/100\n|turn|9\n|\n|t:|1698187583\n|move|p2a: Dragonite|Ice Spinner|p1a: Salamence\n|-supereffective|p1a: Salamence\n|-damage|p1a: Salamence|0 fnt\n|faint|p1a: Salamence\n|\n|upkeep\n|\n|t:|1698187589\n|switch|p1a: Infernape|Infernape, F|100\/100\n|turn|10\n|\n|t:|1698187592\n|move|p2a: Dragonite|Earthquake|p1a: Infernape\n|-supereffective|p1a: Infernape\n|-damage|p1a: Infernape|0 fnt\n|faint|p1a: Infernape\n|\n|win|manofsteel1992\n|raw|deGale's rating: 1059 &rarr; <strong>1037<\/strong><br \/>(-22 for losing)\n|raw|manofsteel1992's rating: 1000 &rarr; <strong>1047<\/strong><br \/>(+47 for winning)\n|l|\u2606deGale\n","uploadtime":1698187613,"views":12,"p1id":"degale","p2id":"manofsteel1992","formatid":"gen9anythinggoes","rating":1037,"private":0,"password":""}