{"id":"gen9anythinggoes-1972771616","p1":"Da1ba Nana","p2":"Sportaflops","format":"[Gen 9] Anything Goes","log":"|j|\u2606Da1ba Nana\n|j|\u2606Sportaflops\n|t:|1697892798\n|gametype|singles\n|player|p1|Da1ba Nana|baker|\n|player|p2|Sportaflops|bruno|\n|teamsize|p1|6\n|teamsize|p2|6\n|gen|9\n|tier|[Gen 9] Anything Goes\n|rule|HP Percentage Mod: HP is shown in percentages\n|rule|Endless Battle Clause: Forcing endless battles is banned\n|clearpoke\n|poke|p1|Heracross, M|\n|poke|p1|Ceruledge, M|\n|poke|p1|Vigoroth, F|\n|poke|p1|Gliscor, F|\n|poke|p1|Rotom-Frost|\n|poke|p1|Infernape, M|\n|poke|p2|Great Tusk|\n|poke|p2|Samurott-Hisui, F|\n|poke|p2|Arcanine, F|\n|poke|p2|Decidueye, F|\n|poke|p2|Azelf|\n|poke|p2|Sylveon, M|\n|teampreview\n|j| El Rey Primo\n|\n|t:|1697892917\n|start\n|switch|p1a: Lumpus|Heracross, M|100\/100\n|switch|p2a: Biscuit Oliva|Arcanine, F|100\/100\n|-ability|p2a: Biscuit Oliva|Intimidate|boost\n|-unboost|p1a: Lumpus|atk|1\n|turn|1\n|\n|t:|1697892928\n|switch|p1a: Bananice|Ceruledge, M|100\/100\n|move|p2a: Biscuit Oliva|Flare Blitz|p1a: Bananice\n|-resisted|p1a: Bananice\n|-damage|p1a: Bananice|61\/100\n|-ability|p1a: Bananice|Weak Armor|boost\n|-unboost|p1a: Bananice|def|1\n|-boost|p1a: Bananice|spe|2\n|-damage|p2a: Biscuit Oliva|89\/100|[from] Recoil\n|\n|upkeep\n|turn|2\n|\n|t:|1697892965\n|move|p1a: Bananice|Poltergeist|p2a: Biscuit Oliva\n|-activate|p2a: Biscuit Oliva|move: Poltergeist|Assault Vest\n|-damage|p2a: Biscuit Oliva|20\/100\n|move|p2a: Biscuit Oliva|Crunch|p1a: Bananice\n|-supereffective|p1a: Bananice\n|-damage|p1a: Bananice|0 fnt\n|faint|p1a: Bananice\n|\n|upkeep\n|\n|t:|1697892971\n|switch|p1a: Enteng Kabisote|Infernape, M|100\/100\n|turn|3\n|\n|t:|1697893001\n|switch|p2a: Emi|Sylveon, M|100\/100\n|move|p1a: Enteng Kabisote|Aura Sphere|p2a: Emi\n|-resisted|p2a: Emi\n|-damage|p2a: Emi|91\/100\n|\n|-heal|p2a: Emi|97\/100|[from] item: Leftovers\n|upkeep\n|turn|4\n|\n|t:|1697893013\n|switch|p1a: Aokiji|Rotom-Frost|100\/100\n|move|p2a: Emi|Yawn|p1a: Aokiji\n|-start|p1a: Aokiji|move: Yawn|[of] p2a: Emi\n|\n|-heal|p2a: Emi|100\/100|[from] item: Leftovers\n|upkeep\n|turn|5\n|\n|t:|1697893039\n|switch|p1a: Domain Expansion|Gliscor, F|100\/100\n|switch|p2a: Barack Ozma|Azelf|100\/100\n|\n|-status|p1a: Domain Expansion|tox|[from] item: Toxic Orb\n|upkeep\n|turn|6\n|\n|t:|1697893078\n|switch|p2a: Decidueye|Decidueye, F|100\/100\n|move|p1a: Domain Expansion|Fling|p2a: Decidueye\n|-supereffective|p2a: Decidueye\n|-damage|p2a: Decidueye|76\/100\n|-status|p2a: Decidueye|tox\n|-enditem|p1a: Domain Expansion|Toxic Orb|[from] move: Fling\n|\n|-damage|p2a: Decidueye|70\/100 tox|[from] psn\n|upkeep\n|turn|7\n|\n|t:|1697893116\n|switch|p2a: Pickle|Great Tusk|100\/100\n|move|p1a: Domain Expansion|Toxic Spikes|p2a: Pickle\n|-sidestart|p2: Sportaflops|move: Toxic Spikes\n|\n|upkeep\n|turn|8\n|\n|t:|1697893134\n|move|p1a: Domain Expansion|Protect|p1a: Domain Expansion\n|-singleturn|p1a: Domain Expansion|Protect\n|move|p2a: Pickle|Ice Spinner|p1a: Domain Expansion\n|-activate|p1a: Domain Expansion|move: Protect\n|\n|upkeep\n|turn|9\n|\n|t:|1697893158\n|switch|p1a: Lumpus|Heracross, M|100\/100\n|move|p2a: Pickle|Bulk Up|p2a: Pickle\n|-boost|p2a: Pickle|atk|1\n|-boost|p2a: Pickle|def|1\n|\n|upkeep\n|turn|10\n|\n|t:|1697893165\n|move|p1a: Lumpus|Trailblaze|p2a: Pickle\n|-supereffective|p2a: Pickle\n|-damage|p2a: Pickle|86\/100\n|-boost|p1a: Lumpus|spe|1\n|move|p2a: Pickle|Play Rough|p1a: Lumpus\n|-supereffective|p1a: Lumpus\n|-damage|p1a: Lumpus|0 fnt\n|faint|p1a: Lumpus\n|\n|upkeep\n|\n|t:|1697893170\n|switch|p1a: Enteng Kabisote|Infernape, M|100\/100\n|turn|11\n|\n|t:|1697893175\n|move|p1a: Enteng Kabisote|Solar Beam||[still]\n|-prepare|p1a: Enteng Kabisote|Solar Beam\n|-enditem|p1a: Enteng Kabisote|Power Herb\n|-anim|p1a: Enteng Kabisote|Solar Beam|p2a: Pickle\n|-supereffective|p2a: Pickle\n|-damage|p2a: Pickle|0 fnt\n|faint|p2a: Pickle\n|-end|p2a: Pickle|Protosynthesis|[silent]\n|\n|upkeep\n|\n|t:|1697893189\n|switch|p2a: Baki|Samurott-Hisui, F|100\/100\n|-status|p2a: Baki|psn\n|turn|12\n|\n|t:|1697893196\n|move|p1a: Enteng Kabisote|Aura Sphere|p2a: Baki\n|-supereffective|p2a: Baki\n|-enditem|p2a: Baki|Focus Sash\n|-damage|p2a: Baki|1\/100 psn\n|move|p2a: Baki|Razor Shell|p1a: Enteng Kabisote\n|-supereffective|p1a: Enteng Kabisote\n|-damage|p1a: Enteng Kabisote|0 fnt\n|faint|p1a: Enteng Kabisote\n|\n|-damage|p2a: Baki|0 fnt|[from] psn\n|faint|p2a: Baki\n|upkeep\n|\n|t:|1697893230\n|switch|p1a: Aokiji|Rotom-Frost|100\/100\n|switch|p2a: Barack Ozma|Azelf|100\/100\n|turn|13\n|\n|t:|1697893241\n|move|p1a: Aokiji|Volt Switch|p2a: Barack Ozma\n|-damage|p2a: Barack Ozma|48\/100\n|\n|t:|1697893244\n|switch|p1a: Testicular Torsion|Vigoroth, F|100\/100|[from] Volt Switch\n|move|p2a: Barack Ozma|Flamethrower|p1a: Testicular Torsion\n|-damage|p1a: Testicular Torsion|82\/100\n|\n|upkeep\n|turn|14\n|\n|t:|1697893268\n|switch|p2a: Emi|Sylveon, M|100\/100\n|-status|p2a: Emi|psn\n|move|p1a: Testicular Torsion|Bulk Up|p1a: Testicular Torsion\n|-boost|p1a: Testicular Torsion|atk|1\n|-boost|p1a: Testicular Torsion|def|1\n|\n|-damage|p2a: Emi|88\/100 psn|[from] psn\n|upkeep\n|turn|15\n|\n|t:|1697893282\n|move|p1a: Testicular Torsion|Bulk Up|p1a: Testicular Torsion\n|-boost|p1a: Testicular Torsion|atk|1\n|-boost|p1a: Testicular Torsion|def|1\n|move|p2a: Emi|Yawn|p1a: Testicular Torsion\n|-immune|p1a: Testicular Torsion|[from] ability: Vital Spirit\n|\n|-heal|p2a: Emi|94\/100 psn|[from] item: Leftovers\n|-damage|p2a: Emi|82\/100 psn|[from] psn\n|upkeep\n|turn|16\n|\n|t:|1697893309\n|move|p2a: Emi|Protect|p2a: Emi\n|-singleturn|p2a: Emi|Protect\n|move|p1a: Testicular Torsion|Facade|p2a: Emi\n|-activate|p2a: Emi|move: Protect\n|\n|-heal|p2a: Emi|88\/100 psn|[from] item: Leftovers\n|-damage|p2a: Emi|75\/100 psn|[from] psn\n|upkeep\n|turn|17\n|\n|t:|1697893320\n|move|p1a: Testicular Torsion|Facade|p2a: Emi\n|-damage|p2a: Emi|30\/100 psn\n|move|p2a: Emi|Wish|p2a: Emi\n|\n|-heal|p2a: Emi|36\/100 psn|[from] item: Leftovers\n|-damage|p2a: Emi|24\/100 psn|[from] psn\n|upkeep\n|turn|18\n|\n|t:|1697893337\n|move|p1a: Testicular Torsion|Bulk Up|p1a: Testicular Torsion\n|-boost|p1a: Testicular Torsion|atk|1\n|-boost|p1a: Testicular Torsion|def|1\n|move|p2a: Emi|Moonblast|p1a: Testicular Torsion\n|-damage|p1a: Testicular Torsion|60\/100\n|\n|-heal|p2a: Emi|74\/100 psn|[from] move: Wish|[wisher] Emi\n|-heal|p2a: Emi|80\/100 psn|[from] item: Leftovers\n|-damage|p2a: Emi|68\/100 psn|[from] psn\n|upkeep\n|turn|19\n|\n|t:|1697893353\n|move|p1a: Testicular Torsion|Slack Off|p1a: Testicular Torsion\n|-heal|p1a: Testicular Torsion|100\/100\n|move|p2a: Emi|Moonblast|p1a: Testicular Torsion\n|-damage|p1a: Testicular Torsion|79\/100\n|-unboost|p1a: Testicular Torsion|spa|1\n|\n|-heal|p2a: Emi|74\/100 psn|[from] item: Leftovers\n|-damage|p2a: Emi|61\/100 psn|[from] psn\n|upkeep\n|turn|20\n|\n|t:|1697893380\n|move|p1a: Testicular Torsion|Facade|p2a: Emi\n|-damage|p2a: Emi|0 fnt\n|-start|p1a: Testicular Torsion|Attract|[from] ability: Cute Charm|[of] p2a: Emi\n|faint|p2a: Emi\n|-end|p1a: Testicular Torsion|Attract|[silent]\n|\n|upkeep\n|\n|t:|1697893391\n|switch|p2a: Biscuit Oliva|Arcanine, F|20\/100\n|-status|p2a: Biscuit Oliva|psn\n|-ability|p2a: Biscuit Oliva|Intimidate|boost\n|-unboost|p1a: Testicular Torsion|atk|1\n|turn|21\n|\n|t:|1697893409\n|move|p2a: Biscuit Oliva|Flare Blitz|p1a: Testicular Torsion\n|-damage|p1a: Testicular Torsion|62\/100\n|-damage|p2a: Biscuit Oliva|14\/100 psn|[from] Recoil\n|move|p1a: Testicular Torsion|Earthquake|p2a: Biscuit Oliva\n|-supereffective|p2a: Biscuit Oliva\n|-damage|p2a: Biscuit Oliva|0 fnt\n|faint|p2a: Biscuit Oliva\n|\n|upkeep\n|\n|t:|1697893460\n|switch|p2a: Decidueye|Decidueye, F|70\/100 tox\n|turn|22\n|\n|t:|1697893496\n|move|p2a: Decidueye|Shadow Sneak|p1a: Testicular Torsion\n|-immune|p1a: Testicular Torsion\n|move|p1a: Testicular Torsion|Slack Off|p1a: Testicular Torsion\n|-heal|p1a: Testicular Torsion|100\/100\n|\n|-damage|p2a: Decidueye|64\/100 tox|[from] psn\n|upkeep\n|turn|23\n|\n|t:|1697893518\n|switch|p2a: Barack Ozma|Azelf|48\/100\n|move|p1a: Testicular Torsion|Bulk Up|p1a: Testicular Torsion\n|-boost|p1a: Testicular Torsion|atk|1\n|-boost|p1a: Testicular Torsion|def|1\n|\n|upkeep\n|turn|24\n|\n|t:|1697893528\n|move|p2a: Barack Ozma|Psychic|p1a: Testicular Torsion\n|-damage|p1a: Testicular Torsion|70\/100\n|move|p1a: Testicular Torsion|Facade|p2a: Barack Ozma\n|-damage|p2a: Barack Ozma|0 fnt\n|faint|p2a: Barack Ozma\n|\n|upkeep\n|\n|t:|1697893534\n|switch|p2a: Decidueye|Decidueye, F|64\/100 tox\n|turn|25\n|\n|t:|1697893539\n|-terastallize|p2a: Decidueye|Flying\n|move|p2a: Decidueye|Brave Bird|p1a: Testicular Torsion\n|-damage|p1a: Testicular Torsion|48\/100\n|-damage|p2a: Decidueye|56\/100 tox|[from] Recoil\n|move|p1a: Testicular Torsion|Earthquake|p2a: Decidueye\n|-immune|p2a: Decidueye\n|\n|-damage|p2a: Decidueye|49\/100 tox|[from] psn\n|upkeep\n|turn|26\n|\n|t:|1697893549\n|move|p2a: Decidueye|Brave Bird|p1a: Testicular Torsion\n|-damage|p1a: Testicular Torsion|29\/100\n|-damage|p2a: Decidueye|41\/100 tox|[from] Recoil\n|move|p1a: Testicular Torsion|Slack Off|p1a: Testicular Torsion\n|-heal|p1a: Testicular Torsion|79\/100\n|\n|-damage|p2a: Decidueye|29\/100 tox|[from] psn\n|upkeep\n|turn|27\n|\n|t:|1697893558\n|move|p2a: Decidueye|Brave Bird|p1a: Testicular Torsion\n|-damage|p1a: Testicular Torsion|56\/100\n|-damage|p2a: Decidueye|20\/100 tox|[from] Recoil\n|move|p1a: Testicular Torsion|Facade|p2a: Decidueye\n|-crit|p2a: Decidueye\n|-damage|p2a: Decidueye|0 fnt\n|faint|p2a: Decidueye\n|\n|win|Da1ba Nana\n|l|\u2606Sportaflops\n","uploadtime":1697893568,"views":14,"p1id":"da1banana","p2id":"sportaflops","formatid":"gen9anythinggoes","rating":0,"private":0,"password":""}