{"id":"gen9anythinggoes-1976419754","p1":"Bobadilla4301","p2":"Kayleb1718","format":"[Gen 9] Anything Goes","log":"|j|\u2606Bobadilla4301\n|j|\u2606Kayleb1718\n|t:|1698300169\n|gametype|singles\n|player|p1|Bobadilla4301|hilbert|1286\n|player|p2|Kayleb1718|hilbert|1351\n|teamsize|p1|6\n|teamsize|p2|6\n|gen|9\n|tier|[Gen 9] Anything Goes\n|rated|\n|rule|HP Percentage Mod: HP is shown in percentages\n|rule|Endless Battle Clause: Forcing endless battles is banned\n|clearpoke\n|poke|p1|Magearna|\n|poke|p1|Polteageist-Antique|\n|poke|p1|Gyarados, M|\n|poke|p1|Dondozo, M|\n|poke|p1|Zacian-*|\n|poke|p1|Urshifu-*, F|\n|poke|p2|Zacian-*|\n|poke|p2|Calyrex-Shadow|\n|poke|p2|Urshifu-*, M|\n|poke|p2|Miraidon|\n|poke|p2|Quaquaval, F|\n|poke|p2|Regieleki|\n|teampreview\n|inactive|Battle timer is ON: inactive players will automatically lose when time's up. (requested by Bobadilla4301)\n|\n|t:|1698300182\n|start\n|switch|p1a: Magearna|Magearna|100\/100\n|switch|p2a: Quaquaval|Quaquaval, F|100\/100\n|turn|1\n|\n|t:|1698300190\n|move|p2a: Quaquaval|Aqua Step|p1a: Magearna\n|-damage|p1a: Magearna|66\/100\n|-boost|p2a: Quaquaval|spe|1\n|move|p1a: Magearna|Shift Gear|p1a: Magearna\n|-boost|p1a: Magearna|spe|2\n|-boost|p1a: Magearna|atk|1\n|\n|upkeep\n|turn|2\n|\n|t:|1698300202\n|move|p2a: Quaquaval|Aqua Step|p1a: Magearna\n|-damage|p1a: Magearna|33\/100\n|-boost|p2a: Quaquaval|spe|1\n|move|p1a: Magearna|Shift Gear|p1a: Magearna\n|-boost|p1a: Magearna|spe|2\n|-boost|p1a: Magearna|atk|1\n|\n|upkeep\n|turn|3\n|\n|t:|1698300215\n|move|p2a: Quaquaval|Aqua Step|p1a: Magearna\n|-damage|p1a: Magearna|0 fnt\n|-boost|p2a: Quaquaval|spe|1\n|faint|p1a: Magearna\n|-ability|p2a: Quaquaval|Moxie|boost\n|-boost|p2a: Quaquaval|atk|1\n|\n|upkeep\n|\n|t:|1698300218\n|switch|p1a: Polteageist|Polteageist-Antique|100\/100\n|turn|4\n|\n|t:|1698300227\n|move|p2a: Quaquaval|Aqua Step|p1a: Polteageist\n|-enditem|p1a: Polteageist|Focus Sash\n|-damage|p1a: Polteageist|1\/100\n|-boost|p2a: Quaquaval|spe|1\n|-start|p2a: Quaquaval|Disable|Aqua Step|[from] ability: Cursed Body|[of] p1a: Polteageist\n|move|p1a: Polteageist|Giga Drain|p2a: Quaquaval\n|-supereffective|p2a: Quaquaval\n|-damage|p2a: Quaquaval|27\/100\n|-heal|p1a: Polteageist|45\/100|[from] drain|[of] p2a: Quaquaval\n|\n|-heal|p2a: Quaquaval|33\/100|[from] item: Leftovers\n|upkeep\n|turn|5\n|\n|t:|1698300250\n|move|p2a: Quaquaval|Roost|p2a: Quaquaval\n|-heal|p2a: Quaquaval|83\/100\n|-singleturn|p2a: Quaquaval|move: Roost\n|move|p1a: Polteageist|Shell Smash|p1a: Polteageist\n|-unboost|p1a: Polteageist|def|1\n|-unboost|p1a: Polteageist|spd|1\n|-boost|p1a: Polteageist|atk|2\n|-boost|p1a: Polteageist|spa|2\n|-boost|p1a: Polteageist|spe|2\n|\n|-heal|p2a: Quaquaval|89\/100|[from] item: Leftovers\n|upkeep\n|turn|6\n|\n|t:|1698300268\n|switch|p2a: Miraidon|Miraidon|100\/100\n|-fieldstart|move: Electric Terrain|[from] ability: Hadron Engine|[of] p2a: Miraidon\n|move|p1a: Polteageist|Baton Pass|p1a: Polteageist\n|\n|t:|1698300284\n|switch|p1a: Zacian|Zacian-Crowned|100\/100|[from] Baton Pass\n|-ability|p1a: Zacian|Intrepid Sword|boost\n|-boost|p1a: Zacian|atk|1\n|\n|upkeep\n|turn|7\n|inactive|Kayleb1718 has 120 seconds left.\n|\n|t:|1698300309\n|switch|p2a: Regieleki|Regieleki|100\/100\n|move|p1a: Zacian|Play Rough|p2a: Regieleki\n|-damage|p2a: Regieleki|0 fnt\n|faint|p2a: Regieleki\n|\n|upkeep\n|inactive|Kayleb1718 has 120 seconds left.\n|\n|t:|1698300321\n|switch|p2a: Quaquaval|Quaquaval, F|89\/100\n|turn|8\n|\n|t:|1698300332\n|move|p1a: Zacian|Sacred Sword|p2a: Quaquaval\n|-damage|p2a: Quaquaval|0 fnt\n|faint|p2a: Quaquaval\n|\n|upkeep\n|inactive|Kayleb1718 has 120 seconds left.\n|\n|t:|1698300345\n|switch|p2a: Urshifu|Urshifu-Rapid-Strike, M|100\/100\n|turn|9\n|\n|t:|1698300351\n|move|p1a: Zacian|Sacred Sword|p2a: Urshifu\n|-damage|p2a: Urshifu|6\/100\n|move|p2a: Urshifu|Surging Strikes|p1a: Zacian\n|-crit|p1a: Zacian\n|-damage|p1a: Zacian|75\/100\n|-crit|p1a: Zacian\n|-damage|p1a: Zacian|49\/100\n|-crit|p1a: Zacian\n|-damage|p1a: Zacian|20\/100\n|-hitcount|p1a: Zacian|3\n|\n|-heal|p2a: Urshifu|13\/100|[from] item: Leftovers\n|upkeep\n|turn|10\n|inactive|Kayleb1718 has 120 seconds left.\n|\n|t:|1698300366\n|move|p1a: Zacian|Behemoth Blade|p2a: Urshifu\n|-resisted|p2a: Urshifu\n|-damage|p2a: Urshifu|0 fnt\n|faint|p2a: Urshifu\n|\n|-fieldend|move: Electric Terrain\n|upkeep\n|inactive|Kayleb1718 has 120 seconds left.\n|\n|t:|1698300375\n|switch|p2a: Zacian|Zacian-Crowned, shiny|100\/100\n|-ability|p2a: Zacian|Intrepid Sword|boost\n|-boost|p2a: Zacian|atk|1\n|turn|11\n|\n|t:|1698300393\n|move|p1a: Zacian|Sacred Sword|p2a: Zacian\n|-damage|p2a: Zacian|25\/100\n|move|p2a: Zacian|Behemoth Blade|p1a: Zacian\n|-damage|p1a: Zacian|0 fnt\n|faint|p1a: Zacian\n|\n|upkeep\n|\n|t:|1698300400\n|switch|p1a: Gyarados|Gyarados, M, shiny|100\/100\n|-ability|p1a: Gyarados|Intimidate|boost\n|-unboost|p2a: Zacian|atk|1\n|turn|12\n|\n|t:|1698300408\n|move|p2a: Zacian|Behemoth Blade|p1a: Gyarados\n|-resisted|p1a: Gyarados\n|-damage|p1a: Gyarados|66\/100\n|move|p1a: Gyarados|Earthquake|p2a: Zacian\n|-supereffective|p2a: Zacian\n|-damage|p2a: Zacian|0 fnt\n|faint|p2a: Zacian\n|\n|upkeep\n|\n|t:|1698300417\n|switch|p2a: Miraidon|Miraidon|100\/100\n|-fieldstart|move: Electric Terrain|[from] ability: Hadron Engine|[of] p2a: Miraidon\n|turn|13\n|\n|t:|1698300431\n|switch|p1a: Dondozo|Dondozo, M, shiny|100\/100\n|move|p2a: Miraidon|Electro Drift|p1a: Dondozo\n|-supereffective|p1a: Dondozo\n|-damage|p1a: Dondozo|0 fnt\n|faint|p1a: Dondozo\n|\n|upkeep\n|\n|t:|1698300446\n|switch|p1a: Polteageist|Polteageist-Antique|45\/100\n|turn|14\n|\n|t:|1698300456\n|move|p2a: Miraidon|Dragon Pulse|p1a: Polteageist\n|-damage|p1a: Polteageist|0 fnt\n|faint|p1a: Polteageist\n|\n|upkeep\n|\n|t:|1698300465\n|switch|p1a: Urshifu|Urshifu-Rapid-Strike, F|100\/100\n|turn|15\n|\n|t:|1698300470\n|move|p2a: Miraidon|Electro Drift|p1a: Urshifu\n|-supereffective|p1a: Urshifu\n|-damage|p1a: Urshifu|0 fnt\n|faint|p1a: Urshifu\n|\n|upkeep\n|\n|t:|1698300473\n|switch|p1a: Gyarados|Gyarados, M, shiny|66\/100\n|-ability|p1a: Gyarados|Intimidate|boost\n|-unboost|p2a: Miraidon|atk|1\n|turn|16\n|\n|t:|1698300480\n|-terastallize|p1a: Gyarados|Fire\n|move|p2a: Miraidon|Electro Drift|p1a: Gyarados\n|-damage|p1a: Gyarados|0 fnt\n|faint|p1a: Gyarados\n|\n|win|Kayleb1718\n|raw|Bobadilla4301's rating: 1286 &rarr; <strong>1266<\/strong><br \/>(-20 for losing)\n|raw|Kayleb1718's rating: 1351 &rarr; <strong>1367<\/strong><br \/>(+16 for winning)\n|l|\u2606Bobadilla4301\n","uploadtime":1698300496,"views":8,"p1id":"bobadilla4301","p2id":"kayleb1718","formatid":"gen9anythinggoes","rating":1266,"private":0,"password":""}