{"id":"gen9anythinggoes-1987315177","p1":"Kotalee","p2":"CroaterCroater","format":"[Gen 9] Anything Goes","log":"|j|\u2606Kotalee\n|j|\u2606CroaterCroater\n|t:|1699576562\n|gametype|singles\n|player|p1|Kotalee|swimmer|\n|player|p2|CroaterCroater|backers|\n|teamsize|p1|6\n|teamsize|p2|6\n|gen|9\n|tier|[Gen 9] Anything Goes\n|rule|HP Percentage Mod: HP is shown in percentages\n|rule|Endless Battle Clause: Forcing endless battles is banned\n|clearpoke\n|poke|p1|Articuno|\n|poke|p1|Great Tusk|\n|poke|p1|Armarouge, F|\n|poke|p1|Hydreigon, F|\n|poke|p1|Manaphy|\n|poke|p1|Kingambit, F|\n|poke|p2|Iron Valiant|\n|poke|p2|Thundurus-Therian, M|\n|poke|p2|Shaymin|\n|poke|p2|Walking Wake|\n|poke|p2|Torkoal, F|\n|poke|p2|Charizard, M|\n|teampreview\n|\n|t:|1699576581\n|start\n|switch|p1a: Breagle|Hydreigon, F|100\/100\n|switch|p2a: Better Hydreigon|Thundurus-Therian, M|100\/100\n|turn|1\n|\n|t:|1699576595\n|move|p1a: Breagle|Hydro Pump|p2a: Better Hydreigon|[miss]\n|-miss|p1a: Breagle|p2a: Better Hydreigon\n|move|p2a: Better Hydreigon|Volt Switch|p1a: Breagle\n|-resisted|p1a: Breagle\n|-damage|p1a: Breagle|71\/100\n|\n|t:|1699576600\n|switch|p2a: Mr. Roboto|Iron Valiant|100\/100|[from] Volt Switch\n|\n|upkeep\n|turn|2\n|\n|t:|1699576622\n|switch|p1a: Bread snatcher|Articuno|100\/100\n|-ability|p1a: Bread snatcher|Pressure\n|move|p2a: Mr. Roboto|Swords Dance|p2a: Mr. Roboto\n|-boost|p2a: Mr. Roboto|atk|2\n|\n|upkeep\n|turn|3\n|\n|t:|1699576632\n|move|p2a: Mr. Roboto|Close Combat|p1a: Bread snatcher\n|-damage|p1a: Bread snatcher|0 fnt\n|-unboost|p2a: Mr. Roboto|def|1\n|-unboost|p2a: Mr. Roboto|spd|1\n|faint|p1a: Bread snatcher\n|\n|upkeep\n|\n|t:|1699576640\n|switch|p1a: Matumba|Manaphy|100\/100\n|turn|4\n|\n|t:|1699576649\n|-end|p2a: Mr. Roboto|Quark Drive|[silent]\n|switch|p2a: a nice flower|Shaymin, shiny|100\/100\n|move|p1a: Matumba|Scald|p2a: a nice flower\n|-resisted|p2a: a nice flower\n|-damage|p2a: a nice flower|91\/100\n|\n|upkeep\n|turn|5\n|\n|t:|1699576666\n|switch|p1a: YEllow RoadMan|Armarouge, F|100\/100\n|-item|p1a: YEllow RoadMan|Air Balloon\n|move|p2a: a nice flower|Psychic|p1a: YEllow RoadMan\n|-resisted|p1a: YEllow RoadMan\n|-damage|p1a: YEllow RoadMan|86\/100\n|-enditem|p1a: YEllow RoadMan|Air Balloon\n|\n|upkeep\n|turn|6\n|\n|t:|1699576674\n|move|p2a: a nice flower|Earth Power|p1a: YEllow RoadMan\n|-supereffective|p1a: YEllow RoadMan\n|-damage|p1a: YEllow RoadMan|33\/100\n|move|p1a: YEllow RoadMan|Armor Cannon|p2a: a nice flower\n|-supereffective|p2a: a nice flower\n|-damage|p2a: a nice flower|18\/100\n|-unboost|p1a: YEllow RoadMan|def|1\n|-unboost|p1a: YEllow RoadMan|spd|1\n|\n|upkeep\n|turn|7\n|\n|t:|1699576699\n|switch|p1a: Breagle|Hydreigon, F|71\/100\n|move|p2a: a nice flower|Earth Power|p1a: Breagle\n|-immune|p1a: Breagle|[from] ability: Levitate\n|\n|upkeep\n|turn|8\n|\n|t:|1699576704\n|move|p1a: Breagle|Draco Meteor|p2a: a nice flower\n|-damage|p2a: a nice flower|0 fnt\n|-unboost|p1a: Breagle|spa|2\n|faint|p2a: a nice flower\n|\n|upkeep\n|\n|t:|1699576712\n|switch|p2a: Mr. Roboto|Iron Valiant|100\/100\n|turn|9\n|\n|t:|1699576717\n|move|p1a: Breagle|Draco Meteor|p2a: Mr. Roboto\n|-immune|p2a: Mr. Roboto\n|move|p2a: Mr. Roboto|Swords Dance|p2a: Mr. Roboto\n|-boost|p2a: Mr. Roboto|atk|2\n|\n|upkeep\n|turn|10\n|\n|t:|1699576734\n|switch|p1a: Matumba|Manaphy|100\/100\n|move|p2a: Mr. Roboto|Spirit Break|p1a: Matumba\n|-damage|p1a: Matumba|41\/100\n|-unboost|p1a: Matumba|spa|1\n|\n|upkeep\n|turn|11\n|\n|t:|1699576742\n|-end|p2a: Mr. Roboto|Quark Drive|[silent]\n|switch|p2a: Better Hydreigon|Thundurus-Therian, M|100\/100\n|move|p1a: Matumba|Ice Beam|p2a: Better Hydreigon\n|-supereffective|p2a: Better Hydreigon\n|-damage|p2a: Better Hydreigon|65\/100\n|\n|upkeep\n|turn|12\n|\n|t:|1699576761\n|move|p2a: Better Hydreigon|Volt Switch|p1a: Matumba\n|-supereffective|p1a: Matumba\n|-enditem|p1a: Matumba|Wacan Berry|[eat]\n|-enditem|p1a: Matumba|Wacan Berry|[weaken]\n|-damage|p1a: Matumba|0 fnt\n|faint|p1a: Matumba\n|\n|t:|1699576766\n|switch|p2a: Jacket Bonfire|Charizard, M|100\/100|[from] Volt Switch\n|\n|upkeep\n|\n|t:|1699576785\n|switch|p1a: Manny|Great Tusk|100\/100\n|-enditem|p1a: Manny|Booster Energy\n|-activate|p1a: Manny|ability: Protosynthesis|[fromitem]\n|-start|p1a: Manny|protosynthesisatk\n|turn|13\n|\n|t:|1699576805\n|switch|p2a: Problematic Granny|Torkoal, F|100\/100\n|-weather|SunnyDay|[from] ability: Drought|[of] p2a: Problematic Granny\n|move|p1a: Manny|Close Combat|p2a: Problematic Granny\n|-damage|p2a: Problematic Granny|43\/100\n|-unboost|p1a: Manny|def|1\n|-unboost|p1a: Manny|spd|1\n|\n|-weather|SunnyDay|[upkeep]\n|upkeep\n|turn|14\n|\n|t:|1699576816\n|move|p1a: Manny|Close Combat|p2a: Problematic Granny\n|-crit|p2a: Problematic Granny\n|-damage|p2a: Problematic Granny|0 fnt\n|-unboost|p1a: Manny|def|1\n|-unboost|p1a: Manny|spd|1\n|faint|p2a: Problematic Granny\n|\n|-weather|SunnyDay|[upkeep]\n|upkeep\n|\n|t:|1699576824\n|switch|p2a: Jacket Bonfire|Charizard, M|100\/100\n|turn|15\n|\n|t:|1699576826\n|move|p2a: Jacket Bonfire|Solar Beam||[still]\n|-prepare|p2a: Jacket Bonfire|Solar Beam\n|-anim|p2a: Jacket Bonfire|Solar Beam|p1a: Manny\n|-supereffective|p1a: Manny\n|-damage|p1a: Manny|0 fnt\n|faint|p1a: Manny\n|-end|p1a: Manny|Protosynthesis|[silent]\n|\n|-weather|SunnyDay|[upkeep]\n|-damage|p2a: Jacket Bonfire|88\/100|[from] ability: Solar Power|[of] p2a: Jacket Bonfire\n|upkeep\n|\n|t:|1699576836\n|switch|p1a: Breagle|Hydreigon, F|71\/100\n|turn|16\n|\n|t:|1699576840\n|switch|p2a: Mr. Roboto|Iron Valiant|100\/100\n|move|p1a: Breagle|Hydro Pump|p2a: Mr. Roboto|[miss]\n|-miss|p1a: Breagle|p2a: Mr. Roboto\n|\n|-weather|SunnyDay|[upkeep]\n|upkeep\n|turn|17\n|\n|t:|1699576879\n|switch|p1a: Jesus|Kingambit, F|100\/100\n|-activate|p1a: Jesus|ability: Supreme Overlord\n|-start|p1a: Jesus|fallen3|[silent]\n|-end|p2a: Mr. Roboto|Quark Drive|[silent]\n|switch|p2a: Jacket Bonfire|Charizard, M|88\/100\n|\n|-weather|SunnyDay|[upkeep]\n|-damage|p2a: Jacket Bonfire|76\/100|[from] ability: Solar Power|[of] p2a: Jacket Bonfire\n|upkeep\n|turn|18\n|\n|t:|1699576891\n|move|p2a: Jacket Bonfire|Flamethrower|p1a: Jesus\n|-supereffective|p1a: Jesus\n|-damage|p1a: Jesus|0 fnt\n|faint|p1a: Jesus\n|-end|p1a: Jesus|fallen3|[silent]\n|\n|-weather|SunnyDay|[upkeep]\n|-damage|p2a: Jacket Bonfire|63\/100|[from] ability: Solar Power|[of] p2a: Jacket Bonfire\n|upkeep\n|\n|t:|1699576893\n|switch|p1a: Breagle|Hydreigon, F|71\/100\n|turn|19\n|\n|t:|1699576899\n|move|p2a: Jacket Bonfire|Flamethrower|p1a: Breagle\n|-resisted|p1a: Breagle\n|-damage|p1a: Breagle|24\/100\n|move|p1a: Breagle|Draco Meteor|p2a: Jacket Bonfire\n|-damage|p2a: Jacket Bonfire|0 fnt\n|-unboost|p1a: Breagle|spa|2\n|faint|p2a: Jacket Bonfire\n|\n|-weather|SunnyDay|[upkeep]\n|upkeep\n|\n|t:|1699576910\n|switch|p2a: C-Dawg|Walking Wake|100\/100\n|-activate|p2a: C-Dawg|ability: Protosynthesis\n|-start|p2a: C-Dawg|protosynthesisspa\n|turn|20\n|\n|t:|1699576920\n|move|p1a: Breagle|Draco Meteor|p2a: C-Dawg\n|-supereffective|p2a: C-Dawg\n|-damage|p2a: C-Dawg|38\/100\n|-unboost|p1a: Breagle|spa|2\n|move|p2a: C-Dawg|Hydro Steam|p1a: Breagle\n|-resisted|p1a: Breagle\n|-damage|p1a: Breagle|0 fnt\n|faint|p1a: Breagle\n|-damage|p2a: C-Dawg|28\/100|[from] item: Life Orb\n|\n|-weather|none\n|-end|p2a: C-Dawg|Protosynthesis\n|upkeep\n|\n|t:|1699576924\n|switch|p1a: YEllow RoadMan|Armarouge, F|33\/100\n|turn|21\n|\n|t:|1699576956\n|move|p2a: C-Dawg|Flip Turn|p1a: YEllow RoadMan\n|-supereffective|p1a: YEllow RoadMan\n|-damage|p1a: YEllow RoadMan|0 fnt\n|faint|p1a: YEllow RoadMan\n|-damage|p2a: C-Dawg|18\/100|[from] item: Life Orb\n|\n|win|CroaterCroater\n","uploadtime":1699576976,"views":48,"p1id":"kotalee","p2id":"croatercroater","formatid":"gen9anythinggoes","rating":0,"private":0,"password":""}