{"id":"gen9anythinggoes-1975593483","p1":"suphasit","p2":"Blooperz1995","format":"[Gen 9] Anything Goes","log":"|j|\u2606suphasit\n|j|\u2606Blooperz1995\n|t:|1698209717\n|gametype|singles\n|player|p1|suphasit|nate|1223\n|player|p2|Blooperz1995|1|1149\n|teamsize|p1|6\n|teamsize|p2|6\n|gen|9\n|tier|[Gen 9] Anything Goes\n|rated|\n|rule|HP Percentage Mod: HP is shown in percentages\n|rule|Endless Battle Clause: Forcing endless battles is banned\n|clearpoke\n|poke|p1|Baxcalibur, M|\n|poke|p1|Manaphy|\n|poke|p1|Gliscor, M|\n|poke|p1|Jirachi|\n|poke|p1|Torterra, F|\n|poke|p1|Shiftry, F|\n|poke|p2|Maushold|\n|poke|p2|Maushold|\n|poke|p2|Maushold|\n|poke|p2|Maushold|\n|poke|p2|Maushold|\n|poke|p2|Maushold|\n|teampreview\n|inactive|Battle timer is ON: inactive players will automatically lose when time's up. (requested by suphasit)\n|\n|t:|1698209724\n|start\n|switch|p1a: Jirachi|Jirachi|100\/100\n|switch|p2a: Maushold|Maushold|100\/100\n|turn|1\n|\n|t:|1698209732\n|move|p1a: Jirachi|Iron Head|p2a: Maushold\n|-damage|p2a: Maushold|45\/100\n|move|p2a: Maushold|Tidy Up|p2a: Maushold\n|-boost|p2a: Maushold|atk|1\n|-boost|p2a: Maushold|spe|1\n|\n|upkeep\n|turn|2\n|\n|t:|1698209740\n|move|p2a: Maushold|Population Bomb|p1a: Jirachi\n|-resisted|p1a: Jirachi\n|-damage|p1a: Jirachi|92\/100\n|-resisted|p1a: Jirachi\n|-damage|p1a: Jirachi|84\/100\n|-resisted|p1a: Jirachi\n|-damage|p1a: Jirachi|76\/100\n|-resisted|p1a: Jirachi\n|-damage|p1a: Jirachi|68\/100\n|-resisted|p1a: Jirachi\n|-damage|p1a: Jirachi|60\/100\n|-resisted|p1a: Jirachi\n|-damage|p1a: Jirachi|52\/100\n|-resisted|p1a: Jirachi\n|-crit|p1a: Jirachi\n|-damage|p1a: Jirachi|40\/100\n|-resisted|p1a: Jirachi\n|-damage|p1a: Jirachi|31\/100\n|-resisted|p1a: Jirachi\n|-damage|p1a: Jirachi|23\/100\n|-resisted|p1a: Jirachi\n|-damage|p1a: Jirachi|16\/100\n|-hitcount|p1a: Jirachi|10\n|move|p1a: Jirachi|Iron Head|p2a: Maushold\n|-damage|p2a: Maushold|0 fnt\n|faint|p2a: Maushold\n|\n|upkeep\n|\n|t:|1698209749\n|switch|p2a: Maushold|Maushold|100\/100\n|turn|3\n|\n|t:|1698209753\n|move|p1a: Jirachi|Iron Head|p2a: Maushold\n|-damage|p2a: Maushold|44\/100\n|cant|p2a: Maushold|flinch\n|\n|upkeep\n|turn|4\n|\n|t:|1698209760\n|move|p1a: Jirachi|Iron Head|p2a: Maushold\n|-damage|p2a: Maushold|0 fnt\n|faint|p2a: Maushold\n|\n|upkeep\n|\n|t:|1698209765\n|switch|p2a: Maushold|Maushold|100\/100\n|turn|5\n|\n|t:|1698209781\n|move|p1a: Jirachi|Iron Head|p2a: Maushold\n|-damage|p2a: Maushold|42\/100\n|move|p2a: Maushold|Population Bomb|p1a: Jirachi\n|-resisted|p1a: Jirachi\n|-damage|p1a: Jirachi|11\/100\n|-resisted|p1a: Jirachi\n|-damage|p1a: Jirachi|5\/100\n|-resisted|p1a: Jirachi\n|-damage|p1a: Jirachi|0 fnt\n|faint|p1a: Jirachi\n|-hitcount|p1: Jirachi|3\n|\n|upkeep\n|\n|t:|1698209787\n|switch|p1a: Shiftry|Shiftry, F|100\/100\n|turn|6\n|\n|t:|1698209791\n|move|p2a: Maushold|Population Bomb|p1a: Shiftry\n|-damage|p1a: Shiftry|81\/100\n|-damage|p1a: Shiftry|61\/100\n|-damage|p1a: Shiftry|43\/100\n|-damage|p1a: Shiftry|24\/100\n|-damage|p1a: Shiftry|7\/100\n|-damage|p1a: Shiftry|0 fnt\n|faint|p1a: Shiftry\n|-hitcount|p1: Shiftry|6\n|\n|upkeep\n|\n|t:|1698209816\n|switch|p1a: Gliscor|Gliscor, M|100\/100\n|turn|7\n|\n|t:|1698209821\n|move|p2a: Maushold|Population Bomb|p1a: Gliscor\n|-crit|p1a: Gliscor\n|-damage|p1a: Gliscor|86\/100\n|-damage|p1a: Gliscor|76\/100\n|-damage|p1a: Gliscor|65\/100\n|-damage|p1a: Gliscor|56\/100\n|-damage|p1a: Gliscor|44\/100\n|-damage|p1a: Gliscor|34\/100\n|-damage|p1a: Gliscor|25\/100\n|-damage|p1a: Gliscor|14\/100\n|-damage|p1a: Gliscor|3\/100\n|-damage|p1a: Gliscor|0 fnt\n|faint|p1a: Gliscor\n|-hitcount|p1: Gliscor|10\n|\n|upkeep\n|-message|suphasit forfeited.\n|\n|win|Blooperz1995\n|raw|suphasit's rating: 1223 &rarr; <strong>1193<\/strong><br \/>(-30 for losing)\n|raw|Blooperz1995's rating: 1149 &rarr; <strong>1179<\/strong><br \/>(+30 for winning)\n|l|\u2606suphasit\n","uploadtime":1698209836,"views":10,"p1id":"suphasit","p2id":"blooperz1995","formatid":"gen9anythinggoes","rating":1179,"private":0,"password":""}