{"id":"gen9anythinggoes-1990559820","p1":"Willkid","p2":"aldrichofdeath","format":"[Gen 9] Anything Goes","log":"|j|\u2606Willkid\n|j|\u2606aldrichofdeath\n|t:|1699981444\n|gametype|singles\n|player|p1|Willkid|265|1111\n|player|p2|aldrichofdeath|guitarist|1084\n|teamsize|p1|6\n|teamsize|p2|6\n|gen|9\n|tier|[Gen 9] Anything Goes\n|rated|\n|rule|HP Percentage Mod: HP is shown in percentages\n|rule|Endless Battle Clause: Forcing endless battles is banned\n|clearpoke\n|poke|p1|Miraidon|\n|poke|p1|Walking Wake|\n|poke|p1|Polteageist-Antique|\n|poke|p1|Calyrex-Shadow|\n|poke|p1|Jirachi|\n|poke|p1|Cinderace, M|\n|poke|p2|Kingambit, F|\n|poke|p2|Avalugg-Hisui, F|\n|poke|p2|Salazzle, F|\n|poke|p2|Volcarona, F|\n|poke|p2|Haxorus, F|\n|poke|p2|Eelektross, F|\n|teampreview\n|inactive|Battle timer is ON: inactive players will automatically lose when time's up. (requested by Willkid)\n|c|\u2606aldrichofdeath|hello\n|c|\u2606Willkid|hello\n|\n|t:|1699981458\n|start\n|switch|p1a: Jirachi|Jirachi, shiny|100\/100\n|switch|p2a: Salazzle|Salazzle, F, shiny|100\/100\n|turn|1\n|\n|t:|1699981465\n|-terastallize|p1a: Jirachi|Steel\n|move|p1a: Jirachi|Iron Head|p2a: Salazzle\n|-resisted|p2a: Salazzle\n|-damage|p2a: Salazzle|62\/100\n|cant|p2a: Salazzle|flinch\n|\n|-heal|p2a: Salazzle|69\/100|[from] item: Black Sludge\n|upkeep\n|turn|2\n|\n|t:|1699981473\n|move|p1a: Jirachi|Iron Head|p2a: Salazzle\n|-resisted|p2a: Salazzle\n|-damage|p2a: Salazzle|29\/100\n|cant|p2a: Salazzle|flinch\n|\n|-heal|p2a: Salazzle|35\/100|[from] item: Black Sludge\n|upkeep\n|turn|3\n|\n|t:|1699981480\n|move|p1a: Jirachi|Iron Head|p2a: Salazzle\n|-resisted|p2a: Salazzle\n|-damage|p2a: Salazzle|0 fnt\n|faint|p2a: Salazzle\n|\n|upkeep\n|\n|t:|1699981485\n|switch|p2a: Eelektross|Eelektross, F|100\/100\n|turn|4\n|\n|t:|1699981490\n|move|p1a: Jirachi|Iron Head|p2a: Eelektross\n|-resisted|p2a: Eelektross\n|-damage|p2a: Eelektross|76\/100\n|cant|p2a: Eelektross|flinch\n|\n|upkeep\n|turn|5\n|\n|t:|1699981496\n|move|p1a: Jirachi|Iron Head|p2a: Eelektross\n|-resisted|p2a: Eelektross\n|-damage|p2a: Eelektross|52\/100\n|move|p2a: Eelektross|Flamethrower|p1a: Jirachi\n|-supereffective|p1a: Jirachi\n|-damage|p1a: Jirachi|52\/100\n|\n|upkeep\n|turn|6\n|\n|t:|1699981503\n|move|p1a: Jirachi|Iron Head|p2a: Eelektross\n|-resisted|p2a: Eelektross\n|-damage|p2a: Eelektross|30\/100\n|move|p2a: Eelektross|Flamethrower|p1a: Jirachi\n|-supereffective|p1a: Jirachi\n|-damage|p1a: Jirachi|6\/100\n|\n|upkeep\n|turn|7\n|\n|t:|1699981511\n|move|p1a: Jirachi|Iron Head|p2a: Eelektross\n|-resisted|p2a: Eelektross\n|-damage|p2a: Eelektross|5\/100\n|cant|p2a: Eelektross|flinch\n|\n|upkeep\n|turn|8\n|\n|t:|1699981520\n|move|p1a: Jirachi|Iron Head|p2a: Eelektross\n|-resisted|p2a: Eelektross\n|-damage|p2a: Eelektross|0 fnt\n|faint|p2a: Eelektross\n|\n|upkeep\n|\n|t:|1699981526\n|switch|p2a: Haxorus|Haxorus, F, shiny|100\/100\n|turn|9\n|\n|t:|1699981530\n|move|p1a: Jirachi|Iron Head|p2a: Haxorus\n|-damage|p2a: Haxorus|47\/100\n|cant|p2a: Haxorus|flinch\n|\n|upkeep\n|turn|10\n|\n|t:|1699981536\n|move|p1a: Jirachi|Iron Head|p2a: Haxorus\n|-damage|p2a: Haxorus|0 fnt\n|faint|p2a: Haxorus\n|\n|upkeep\n|\n|t:|1699981540\n|switch|p2a: Volcarona|Volcarona, F, shiny|100\/100\n|turn|11\n|c|\u2606aldrichofdeath|if you flinch me one more time\n|\n|t:|1699981552\n|move|p1a: Jirachi|Iron Head|p2a: Volcarona\n|-resisted|p2a: Volcarona\n|-damage|p2a: Volcarona|58\/100\n|cant|p2a: Volcarona|flinch\n|\n|upkeep\n|turn|12\n|c|\u2606aldrichofdeath|thats it. i quit\n|-message|aldrichofdeath forfeited.\n|\n|win|Willkid\n|raw|Willkid's rating: 1111 &rarr; <strong>1134<\/strong><br \/>(+23 for winning)\n|raw|aldrichofdeath's rating: 1084 &rarr; <strong>1063<\/strong><br \/>(-21 for losing)\n|l|\u2606aldrichofdeath\n","uploadtime":1699981616,"views":5,"p1id":"willkid","p2id":"aldrichofdeath","formatid":"gen9anythinggoes","rating":1063,"private":0,"password":""}