{"id":"gen9anythinggoes-1974717697","p1":"TDgarden","p2":"Dumbfudge","format":"[Gen 9] Anything Goes","log":"|j|\u203dTDgarden\n|j|\u2606Dumbfudge\n|t:|1698113757\n|gametype|singles\n|player|p1|TDgarden|265|1360\n|player|p2|Dumbfudge|blackbelt-gen4dp|1273\n|teamsize|p1|6\n|teamsize|p2|6\n|gen|9\n|tier|[Gen 9] Anything Goes\n|rated|\n|rule|HP Percentage Mod: HP is shown in percentages\n|rule|Endless Battle Clause: Forcing endless battles is banned\n|clearpoke\n|poke|p1|Calyrex-Shadow|\n|poke|p1|Zacian-*|\n|poke|p1|Arceus|\n|poke|p1|Eternatus|\n|poke|p1|Koraidon|\n|poke|p1|Miraidon|\n|poke|p2|Grimmsnarl, M|\n|poke|p2|Dudunsparce-*, F|\n|poke|p2|Zacian-*|\n|poke|p2|Calyrex-Shadow|\n|poke|p2|Drifblim, F|\n|poke|p2|Darkrai|\n|teampreview\n|c|\u2606Dumbfudge|Damn\n|c|\u2606Dumbfudge|Glhf\n|inactive|Battle timer is ON: inactive players will automatically lose when time's up. (requested by Dumbfudge)\n|\n|t:|1698113804\n|start\n|switch|p1a: Calyrex|Calyrex-Shadow|100\/100\n|switch|p2a: Dudunsparce|Dudunsparce, F|100\/100\n|-ability|p1a: Calyrex|As One\n|-ability|p1a: Calyrex|Unnerve\n|turn|1\n|\n|t:|1698113817\n|switch|p2a: Grimmsnarl|Grimmsnarl, M|100\/100\n|move|p1a: Calyrex|Psychic|p2a: Grimmsnarl\n|-immune|p2a: Grimmsnarl\n|\n|upkeep\n|turn|2\n|\n|t:|1698113824\n|move|p2a: Grimmsnarl|Light Screen|p2a: Grimmsnarl\n|-sidestart|p2: Dumbfudge|move: Light Screen\n|move|p1a: Calyrex|Draining Kiss|p2a: Grimmsnarl\n|-supereffective|p2a: Grimmsnarl\n|-damage|p2a: Grimmsnarl|79\/100\n|\n|upkeep\n|turn|3\n|\n|t:|1698113831\n|move|p2a: Grimmsnarl|Reflect|p2a: Grimmsnarl\n|-sidestart|p2: Dumbfudge|Reflect\n|move|p1a: Calyrex|Draining Kiss|p2a: Grimmsnarl\n|-supereffective|p2a: Grimmsnarl\n|-damage|p2a: Grimmsnarl|58\/100\n|\n|upkeep\n|turn|4\n|\n|t:|1698113837\n|move|p2a: Grimmsnarl|Taunt|p1a: Calyrex\n|-start|p1a: Calyrex|move: Taunt\n|move|p1a: Calyrex|Draining Kiss|p2a: Grimmsnarl\n|-supereffective|p2a: Grimmsnarl\n|-damage|p2a: Grimmsnarl|39\/100\n|\n|upkeep\n|turn|5\n|\n|t:|1698113848\n|move|p2a: Grimmsnarl|Sucker Punch|p1a: Calyrex\n|-supereffective|p1a: Calyrex\n|-crit|p1a: Calyrex\n|-enditem|p1a: Calyrex|Focus Sash\n|-damage|p1a: Calyrex|1\/100\n|move|p1a: Calyrex|Draining Kiss|p2a: Grimmsnarl\n|-supereffective|p2a: Grimmsnarl\n|-damage|p2a: Grimmsnarl|20\/100\n|-heal|p1a: Calyrex|15\/100|[from] drain|[of] p2a: Grimmsnarl\n|\n|upkeep\n|turn|6\n|\n|t:|1698113859\n|switch|p1a: Arceus|Arceus|100\/100\n|move|p2a: Grimmsnarl|Sucker Punch||[still]\n|-fail|p2a: Grimmsnarl\n|\n|upkeep\n|turn|7\n|\n|t:|1698113873\n|switch|p1a: Koraidon|Koraidon|100\/100\n|-weather|SunnyDay|[from] ability: Orichalcum Pulse|[of] p1a: Koraidon\n|-activate|p1a: Koraidon|Orichalcum Pulse|[source]\n|switch|p2a: Dudunsparce|Dudunsparce, F|100\/100\n|\n|-weather|SunnyDay|[upkeep]\n|upkeep\n|turn|8\n|\n|t:|1698113888\n|move|p2a: Dudunsparce|Coil|p2a: Dudunsparce\n|-boost|p2a: Dudunsparce|atk|1\n|-boost|p2a: Dudunsparce|def|1\n|-boost|p2a: Dudunsparce|accuracy|1\n|move|p1a: Koraidon|Dragon Tail|p2a: Dudunsparce\n|-damage|p2a: Dudunsparce|89\/100\n|-damage|p1a: Koraidon|84\/100|[from] item: Rocky Helmet|[of] p2a: Dudunsparce\n|drag|p2a: Grimmsnarl|Grimmsnarl, M|20\/100\n|\n|-weather|SunnyDay|[upkeep]\n|-heal|p1a: Koraidon|90\/100|[from] item: Leftovers\n|upkeep\n|turn|9\n|\n|t:|1698113900\n|switch|p2a: Dudunsparce|Dudunsparce, F|89\/100\n|move|p1a: Koraidon|Iron Head|p2a: Dudunsparce\n|-damage|p2a: Dudunsparce|74\/100\n|-damage|p1a: Koraidon|73\/100|[from] item: Rocky Helmet|[of] p2a: Dudunsparce\n|\n|-weather|SunnyDay|[upkeep]\n|-heal|p1a: Koraidon|79\/100|[from] item: Leftovers\n|-sideend|p2: Dumbfudge|move: Light Screen\n|upkeep\n|turn|10\n|\n|t:|1698113911\n|move|p2a: Dudunsparce|Yawn|p1a: Koraidon\n|-start|p1a: Koraidon|move: Yawn|[of] p2a: Dudunsparce\n|move|p1a: Koraidon|Dragon Tail|p2a: Dudunsparce\n|-damage|p2a: Dudunsparce|56\/100\n|-damage|p1a: Koraidon|63\/100|[from] item: Rocky Helmet|[of] p2a: Dudunsparce\n|drag|p2a: Calyrex|Calyrex-Shadow|100\/100\n|-ability|p2a: Calyrex|As One\n|-ability|p2a: Calyrex|Unnerve\n|\n|-weather|SunnyDay|[upkeep]\n|-heal|p1a: Koraidon|69\/100|[from] item: Leftovers\n|-sideend|p2: Dumbfudge|Reflect\n|upkeep\n|turn|11\n|\n|t:|1698113925\n|switch|p1a: Calyrex|Calyrex-Shadow|15\/100\n|-ability|p1a: Calyrex|As One\n|-ability|p1a: Calyrex|Unnerve\n|move|p2a: Calyrex|Astral Barrage|p1a: Calyrex\n|-supereffective|p1a: Calyrex\n|-damage|p1a: Calyrex|0 fnt\n|faint|p1a: Calyrex\n|-ability|p2a: Calyrex|Grim Neigh|boost\n|-boost|p2a: Calyrex|spa|1\n|\n|-weather|none\n|upkeep\n|\n|t:|1698113936\n|switch|p1a: Miraidon|Miraidon|100\/100\n|-fieldstart|move: Electric Terrain|[from] ability: Hadron Engine|[of] p1a: Miraidon\n|turn|12\n|\n|t:|1698113942\n|move|p1a: Miraidon|Electro Drift|p2a: Calyrex\n|-damage|p2a: Calyrex|9\/100\n|move|p2a: Calyrex|Astral Barrage|p1a: Miraidon\n|-damage|p1a: Miraidon|40\/100\n|\n|-heal|p2a: Calyrex|15\/100|[from] item: Leftovers\n|upkeep\n|turn|13\n|\n|t:|1698113957\n|move|p1a: Miraidon|Electro Drift|p2a: Calyrex\n|-damage|p2a: Calyrex|0 fnt\n|faint|p2a: Calyrex\n|\n|upkeep\n|\n|t:|1698113963\n|switch|p2a: Dudunsparce|Dudunsparce, F|56\/100\n|turn|14\n|\n|t:|1698113975\n|move|p1a: Miraidon|Electro Drift|p2a: Dudunsparce\n|-damage|p2a: Dudunsparce|0 fnt\n|-damage|p1a: Miraidon|23\/100|[from] item: Rocky Helmet|[of] p2a: Dudunsparce\n|faint|p2a: Dudunsparce\n|\n|upkeep\n|\n|t:|1698113985\n|switch|p2a: Zacian|Zacian-Crowned|100\/100\n|-ability|p2a: Zacian|Intrepid Sword|boost\n|-boost|p2a: Zacian|atk|1\n|turn|15\n|inactive|TDgarden has 120 seconds left.\n|\n|t:|1698114035\n|move|p2a: Zacian|Quick Attack|p1a: Miraidon\n|-damage|p1a: Miraidon|0 fnt\n|faint|p1a: Miraidon\n|\n|upkeep\n|\n|t:|1698114040\n|switch|p1a: Zacian|Zacian-Crowned|100\/100\n|-ability|p1a: Zacian|Intrepid Sword|boost\n|-boost|p1a: Zacian|atk|1\n|turn|16\n|\n|t:|1698114047\n|-terastallize|p2a: Zacian|Steel\n|move|p2a: Zacian|Behemoth Blade|p1a: Zacian\n|-crit|p1a: Zacian\n|-damage|p1a: Zacian|0 fnt\n|faint|p1a: Zacian\n|\n|-fieldend|move: Electric Terrain\n|upkeep\n|inactive|TDgarden has 120 seconds left.\n|\n|t:|1698114062\n|switch|p1a: Koraidon|Koraidon|69\/100\n|-weather|SunnyDay|[from] ability: Orichalcum Pulse|[of] p1a: Koraidon\n|-activate|p1a: Koraidon|Orichalcum Pulse|[source]\n|turn|17\n|\n|t:|1698114068\n|move|p2a: Zacian|Behemoth Blade|p1a: Koraidon\n|-damage|p1a: Koraidon|0 fnt\n|faint|p1a: Koraidon\n|\n|-weather|SunnyDay|[upkeep]\n|upkeep\n|\n|t:|1698114073\n|switch|p1a: Eternatus|Eternatus|100\/100\n|-ability|p1a: Eternatus|Pressure\n|turn|18\n|\n|t:|1698114089\n|switch|p2a: Darkrai|Darkrai|100\/100\n|move|p1a: Eternatus|Flamethrower|p2a: Darkrai\n|-damage|p2a: Darkrai|44\/100\n|\n|-weather|SunnyDay|[upkeep]\n|upkeep\n|turn|19\n|\n|t:|1698114098\n|move|p2a: Darkrai|Hypnosis|p1a: Eternatus\n|-status|p1a: Eternatus|slp|[from] move: Hypnosis\n|cant|p1a: Eternatus|slp\n|\n|-weather|SunnyDay|[upkeep]\n|-damage|p1a: Eternatus|88\/100 slp|[from] ability: Bad Dreams|[of] p2a: Darkrai\n|upkeep\n|turn|20\n|\n|t:|1698114107\n|move|p2a: Darkrai|Substitute|p2a: Darkrai\n|-start|p2a: Darkrai|Substitute\n|-damage|p2a: Darkrai|19\/100\n|cant|p1a: Eternatus|slp\n|\n|-weather|SunnyDay|[upkeep]\n|-heal|p1a: Eternatus|94\/100 slp|[from] item: Black Sludge\n|-damage|p1a: Eternatus|82\/100 slp|[from] ability: Bad Dreams|[of] p2a: Darkrai\n|upkeep\n|turn|21\n|inactive|TDgarden has 120 seconds left.\n|\n|t:|1698114149\n|switch|p1a: Arceus|Arceus|100\/100\n|move|p2a: Darkrai|Nasty Plot|p2a: Darkrai\n|-boost|p2a: Darkrai|spa|2\n|\n|-weather|none\n|upkeep\n|turn|22\n|\n|t:|1698114161\n|move|p1a: Arceus|Extreme Speed|p2a: Darkrai\n|-end|p2a: Darkrai|Substitute\n|move|p2a: Darkrai|Dark Pulse|p1a: Arceus\n|-damage|p1a: Arceus|54\/100\n|\n|-heal|p1a: Arceus|60\/100|[from] item: Leftovers\n|upkeep\n|turn|23\n|\n|t:|1698114191\n|switch|p2a: Zacian|Zacian-Crowned, tera:Steel|100\/100\n|move|p1a: Arceus|Extreme Speed|p2a: Zacian\n|-resisted|p2a: Zacian\n|-damage|p2a: Zacian|79\/100\n|\n|-heal|p1a: Arceus|66\/100|[from] item: Leftovers\n|upkeep\n|turn|24\n|inactive|TDgarden has 120 seconds left.\n|\n|t:|1698114201\n|move|p2a: Zacian|Behemoth Blade|p1a: Arceus\n|-damage|p1a: Arceus|15\/100\n|move|p1a: Arceus|Swords Dance|p1a: Arceus\n|-boost|p1a: Arceus|atk|2\n|\n|-heal|p1a: Arceus|21\/100|[from] item: Leftovers\n|upkeep\n|turn|25\n|\n|t:|1698114211\n|move|p1a: Arceus|Extreme Speed|p2a: Zacian\n|-resisted|p2a: Zacian\n|-damage|p2a: Zacian|41\/100\n|move|p2a: Zacian|Quick Attack|p1a: Arceus\n|-damage|p1a: Arceus|12\/100\n|\n|-heal|p1a: Arceus|18\/100|[from] item: Leftovers\n|upkeep\n|turn|26\n|\n|t:|1698114219\n|move|p1a: Arceus|Extreme Speed|p2a: Zacian\n|-resisted|p2a: Zacian\n|-damage|p2a: Zacian|4\/100\n|move|p2a: Zacian|Behemoth Blade|p1a: Arceus\n|-damage|p1a: Arceus|0 fnt\n|faint|p1a: Arceus\n|\n|upkeep\n|\n|t:|1698114228\n|switch|p1a: Eternatus|Eternatus|82\/100 slp\n|-ability|p1a: Eternatus|Pressure\n|turn|27\n|\n|t:|1698114232\n|move|p2a: Zacian|Behemoth Blade|p1a: Eternatus\n|-damage|p1a: Eternatus|19\/100 slp\n|cant|p1a: Eternatus|slp\n|\n|-heal|p1a: Eternatus|26\/100 slp|[from] item: Black Sludge\n|upkeep\n|turn|28\n|\n|t:|1698114240\n|move|p2a: Zacian|Behemoth Blade|p1a: Eternatus\n|-damage|p1a: Eternatus|0 fnt\n|faint|p1a: Eternatus\n|\n|win|Dumbfudge\n|raw|TDgarden's rating: 1360 &rarr; <strong>1335<\/strong><br \/>(-25 for losing)\n|raw|Dumbfudge's rating: 1273 &rarr; <strong>1304<\/strong><br \/>(+31 for winning)\n|l|\u203dTDgarden\n","uploadtime":1698114264,"views":9,"p1id":"tdgarden","p2id":"dumbfudge","formatid":"gen9anythinggoes","rating":1304,"private":0,"password":""}