{"id":"gen9anythinggoes-1986432497","p1":"a lil monster","p2":"zoethepenguin","format":"[Gen 9] Anything Goes","log":"|j|\u2606a lil monster\n|j|\u2606zoethepenguin\n|t:|1699478674\n|gametype|singles\n|player|p1|a lil monster|101|\n|player|p2|zoethepenguin|102|\n|teamsize|p1|6\n|teamsize|p2|6\n|gen|9\n|tier|[Gen 9] Anything Goes\n|rule|HP Percentage Mod: HP is shown in percentages\n|rule|Endless Battle Clause: Forcing endless battles is banned\n|clearpoke\n|poke|p1|Breloom, M|\n|poke|p1|Roaring Moon|\n|poke|p1|Toxapex, F|\n|poke|p1|Skeledirge, F|\n|poke|p1|Garganacl, F|\n|poke|p1|Espathra, F|\n|poke|p2|Iron Bundle|\n|poke|p2|Avalugg, F|\n|poke|p2|Chien-Pao|\n|poke|p2|Baxcalibur, F|\n|poke|p2|Abomasnow, F|\n|poke|p2|Eiscue, F|\n|teampreview\n|\n|t:|1699478687\n|start\n|switch|p1a: Toxapex|Toxapex, F, shiny|100\/100\n|switch|p2a: Abomasnow|Abomasnow, F|100\/100\n|-weather|Snow|[from] ability: Snow Warning|[of] p2a: Abomasnow\n|turn|1\n|\n|t:|1699478712\n|move|p2a: Abomasnow|Aurora Veil|p2a: Abomasnow\n|-sidestart|p2: zoethepenguin|move: Aurora Veil\n|move|p1a: Toxapex|Toxic Spikes|p2a: Abomasnow\n|-sidestart|p2: zoethepenguin|move: Toxic Spikes\n|\n|-weather|Snow|[upkeep]\n|upkeep\n|turn|2\n|\n|t:|1699478722\n|move|p2a: Abomasnow|Wood Hammer|p1a: Toxapex\n|-damage|p1a: Toxapex|68\/100\n|-damage|p2a: Abomasnow|92\/100|[from] Recoil\n|move|p1a: Toxapex|Toxic Spikes|p2a: Abomasnow\n|-sidestart|p2: zoethepenguin|move: Toxic Spikes\n|\n|-weather|Snow|[upkeep]\n|-heal|p1a: Toxapex|74\/100|[from] item: Leftovers\n|upkeep\n|turn|3\n|\n|t:|1699478738\n|move|p2a: Abomasnow|Wood Hammer|p1a: Toxapex\n|-damage|p1a: Toxapex|42\/100\n|-damage|p2a: Abomasnow|83\/100|[from] Recoil\n|move|p1a: Toxapex|Recover|p1a: Toxapex\n|-heal|p1a: Toxapex|92\/100\n|\n|-weather|Snow|[upkeep]\n|-heal|p1a: Toxapex|98\/100|[from] item: Leftovers\n|upkeep\n|turn|4\n|\n|t:|1699478749\n|switch|p2a: Iron Bundle|Iron Bundle|100\/100\n|-status|p2a: Iron Bundle|tox\n|-enditem|p2a: Iron Bundle|Booster Energy\n|-activate|p2a: Iron Bundle|ability: Quark Drive|[fromitem]\n|-start|p2a: Iron Bundle|quarkdrivespe\n|move|p1a: Toxapex|Surf|p2a: Iron Bundle\n|-resisted|p2a: Iron Bundle\n|-damage|p2a: Iron Bundle|92\/100 tox\n|\n|-weather|Snow|[upkeep]\n|-heal|p1a: Toxapex|100\/100|[from] item: Leftovers\n|-damage|p2a: Iron Bundle|86\/100 tox|[from] psn\n|upkeep\n|turn|5\n|\n|t:|1699478761\n|-terastallize|p2a: Iron Bundle|Electric\n|move|p2a: Iron Bundle|Tera Blast|p1a: Toxapex|[anim] Tera Blast Electric\n|-supereffective|p1a: Toxapex\n|-damage|p1a: Toxapex|37\/100\n|move|p1a: Toxapex|Recover|p1a: Toxapex\n|-heal|p1a: Toxapex|87\/100\n|\n|-weather|Snow|[upkeep]\n|-heal|p1a: Toxapex|94\/100|[from] item: Leftovers\n|-damage|p2a: Iron Bundle|74\/100 tox|[from] psn\n|-sideend|p2: zoethepenguin|move: Aurora Veil\n|upkeep\n|turn|6\n|\n|t:|1699478773\n|switch|p1a: Garganacl|Garganacl, F, shiny|100\/100\n|move|p2a: Iron Bundle|Tera Blast|p1a: Garganacl|[anim] Tera Blast Electric\n|-damage|p1a: Garganacl|75\/100\n|\n|-weather|Snow|[upkeep]\n|-heal|p1a: Garganacl|81\/100|[from] item: Leftovers\n|-damage|p2a: Iron Bundle|56\/100 tox|[from] psn\n|upkeep\n|turn|7\n|\n|t:|1699478789\n|move|p2a: Iron Bundle|Hydro Pump|p1a: Garganacl\n|-supereffective|p1a: Garganacl\n|-damage|p1a: Garganacl|6\/100\n|move|p1a: Garganacl|Iron Defense|p1a: Garganacl\n|-boost|p1a: Garganacl|def|2\n|\n|-weather|Snow|[upkeep]\n|-heal|p1a: Garganacl|12\/100|[from] item: Leftovers\n|-damage|p2a: Iron Bundle|33\/100 tox|[from] psn\n|upkeep\n|turn|8\n|\n|t:|1699478801\n|switch|p1a: Skeledirge|Skeledirge, F, shiny|100\/100\n|move|p2a: Iron Bundle|Blizzard|p1a: Skeledirge\n|-resisted|p1a: Skeledirge\n|-crit|p1a: Skeledirge\n|-damage|p1a: Skeledirge|70\/100\n|\n|-weather|none\n|-heal|p1a: Skeledirge|76\/100|[from] item: Leftovers\n|-damage|p2a: Iron Bundle|3\/100 tox|[from] psn\n|upkeep\n|turn|9\n|j| TaffyIsBad\n|\n|t:|1699478816\n|move|p2a: Iron Bundle|Hydro Pump|p1a: Skeledirge|[miss]\n|-miss|p2a: Iron Bundle|p1a: Skeledirge\n|move|p1a: Skeledirge|Torch Song|p2a: Iron Bundle\n|-damage|p2a: Iron Bundle|0 fnt\n|-boost|p1a: Skeledirge|spa|1\n|faint|p2a: Iron Bundle\n|-end|p2a: Iron Bundle|Quark Drive|[silent]\n|\n|-heal|p1a: Skeledirge|82\/100|[from] item: Leftovers\n|upkeep\n|c|\u2606zoethepenguin|*miss :sob:*\n|\n|t:|1699478827\n|switch|p2a: Baxcalibur|Baxcalibur, F|100\/100\n|-status|p2a: Baxcalibur|tox\n|turn|10\n|\n|t:|1699478835\n|move|p2a: Baxcalibur|Iron Head|p1a: Skeledirge\n|-resisted|p1a: Skeledirge\n|-damage|p1a: Skeledirge|69\/100\n|cant|p1a: Skeledirge|flinch\n|\n|-heal|p1a: Skeledirge|75\/100|[from] item: Leftovers\n|-damage|p2a: Baxcalibur|94\/100 tox|[from] psn\n|upkeep\n|turn|11\n|\n|t:|1699478843\n|move|p2a: Baxcalibur|Icicle Spear|p1a: Skeledirge\n|-resisted|p1a: Skeledirge\n|-damage|p1a: Skeledirge|69\/100\n|-resisted|p1a: Skeledirge\n|-damage|p1a: Skeledirge|63\/100\n|-resisted|p1a: Skeledirge\n|-damage|p1a: Skeledirge|57\/100\n|-resisted|p1a: Skeledirge\n|-damage|p1a: Skeledirge|51\/100\n|-hitcount|p1a: Skeledirge|4\n|move|p1a: Skeledirge|Hex|p2a: Baxcalibur\n|-damage|p2a: Baxcalibur|20\/100 tox\n|\n|-heal|p1a: Skeledirge|57\/100|[from] item: Leftovers\n|-damage|p2a: Baxcalibur|7\/100 tox|[from] psn\n|upkeep\n|turn|12\n|\n|t:|1699478856\n|move|p2a: Baxcalibur|Glaive Rush|p1a: Skeledirge\n|-damage|p1a: Skeledirge|0 fnt\n|-singlemove|p2a: Baxcalibur|Glaive Rush|[silent]\n|faint|p1a: Skeledirge\n|\n|-damage|p2a: Baxcalibur|0 fnt|[from] psn\n|faint|p2a: Baxcalibur\n|upkeep\n|\n|t:|1699478867\n|switch|p2a: Abomasnow|Abomasnow, F|83\/100\n|switch|p1a: Espathra|Espathra, F, shiny|100\/100\n|-status|p2a: Abomasnow|tox\n|-weather|Snow|[from] ability: Snow Warning|[of] p2a: Abomasnow\n|turn|13\n|c|\u2606a lil monster|damn I ran the wrong espathra lol\n|\n|t:|1699478893\n|move|p1a: Espathra|Calm Mind|p1a: Espathra\n|-boost|p1a: Espathra|spa|1\n|-boost|p1a: Espathra|spd|1\n|move|p2a: Abomasnow|Aurora Veil|p2a: Abomasnow\n|-sidestart|p2: zoethepenguin|move: Aurora Veil\n|\n|-weather|Snow|[upkeep]\n|-damage|p2a: Abomasnow|77\/100 tox|[from] psn\n|-ability|p1a: Espathra|Speed Boost|boost\n|-boost|p1a: Espathra|spe|1\n|upkeep\n|turn|14\n|\n|t:|1699478903\n|move|p1a: Espathra|Calm Mind|p1a: Espathra\n|-boost|p1a: Espathra|spa|1\n|-boost|p1a: Espathra|spd|1\n|move|p2a: Abomasnow|Blizzard|p1a: Espathra\n|-damage|p1a: Espathra|78\/100\n|\n|-weather|Snow|[upkeep]\n|-heal|p1a: Espathra|84\/100|[from] item: Leftovers\n|-damage|p2a: Abomasnow|65\/100 tox|[from] psn\n|-ability|p1a: Espathra|Speed Boost|boost\n|-boost|p1a: Espathra|spe|1\n|upkeep\n|turn|15\n|\n|t:|1699478915\n|move|p1a: Espathra|Substitute|p1a: Espathra\n|-start|p1a: Espathra|Substitute\n|-damage|p1a: Espathra|59\/100\n|move|p2a: Abomasnow|Wood Hammer|p1a: Espathra\n|-end|p1a: Espathra|Substitute\n|-damage|p2a: Abomasnow|57\/100 tox|[from] Recoil|[of] p1a: Espathra\n|\n|-weather|Snow|[upkeep]\n|-heal|p1a: Espathra|66\/100|[from] item: Leftovers\n|-damage|p2a: Abomasnow|39\/100 tox|[from] psn\n|-ability|p1a: Espathra|Speed Boost|boost\n|-boost|p1a: Espathra|spe|1\n|upkeep\n|turn|16\n|\n|t:|1699478927\n|move|p1a: Espathra|Calm Mind|p1a: Espathra\n|-boost|p1a: Espathra|spa|1\n|-boost|p1a: Espathra|spd|1\n|move|p2a: Abomasnow|Wood Hammer|p1a: Espathra\n|-damage|p1a: Espathra|19\/100\n|-damage|p2a: Abomasnow|23\/100 tox|[from] Recoil\n|\n|-weather|Snow|[upkeep]\n|-heal|p1a: Espathra|25\/100|[from] item: Leftovers\n|-damage|p2a: Abomasnow|0 fnt|[from] psn\n|faint|p2a: Abomasnow\n|-ability|p1a: Espathra|Speed Boost|boost\n|-boost|p1a: Espathra|spe|1\n|upkeep\n|\n|t:|1699478940\n|switch|p2a: Chien-Pao|Chien-Pao|100\/100\n|-status|p2a: Chien-Pao|tox\n|-ability|p2a: Chien-Pao|Sword of Ruin\n|turn|17\n|\n|t:|1699478946\n|move|p2a: Chien-Pao|Sucker Punch|p1a: Espathra\n|-supereffective|p1a: Espathra\n|-damage|p1a: Espathra|0 fnt\n|faint|p1a: Espathra\n|\n|-weather|Snow|[upkeep]\n|-damage|p2a: Chien-Pao|95\/100 tox|[from] psn\n|-sideend|p2: zoethepenguin|move: Aurora Veil\n|upkeep\n|\n|t:|1699478955\n|switch|p1a: Breloom|Breloom, M, shiny|100\/100\n|turn|18\n|\n|t:|1699478967\n|switch|p2a: Eiscue|Eiscue, F, shiny|100\/100\n|-status|p2a: Eiscue|tox\n|move|p1a: Breloom|Mach Punch|p2a: Eiscue\n|-activate|p2a: Eiscue|ability: Ice Face\n|-damage|p2a: Eiscue|100\/100 tox\n|detailschange|p2a: Eiscue|Eiscue-Noice, F, shiny\n|\n|-weather|Snow|[upkeep]\n|-damage|p2a: Eiscue|94\/100 tox|[from] psn\n|upkeep\n|turn|19\n|\n|t:|1699478979\n|move|p1a: Breloom|Mach Punch|p2a: Eiscue\n|-supereffective|p2a: Eiscue\n|-damage|p2a: Eiscue|0 fnt\n|faint|p2a: Eiscue\n|\n|-weather|Snow|[upkeep]\n|upkeep\n|\n|t:|1699479004\n|switch|p2a: Avalugg|Avalugg, F|100\/100\n|-status|p2a: Avalugg|tox\n|turn|20\n|\n|t:|1699479009\n|move|p1a: Breloom|Mach Punch|p2a: Avalugg\n|-supereffective|p2a: Avalugg\n|-damage|p2a: Avalugg|74\/100 tox\n|move|p2a: Avalugg|Body Press|p1a: Breloom\n|-damage|p1a: Breloom|36\/100\n|\n|-weather|none\n|-heal|p2a: Avalugg|80\/100 tox|[from] item: Leftovers\n|-damage|p2a: Avalugg|74\/100 tox|[from] psn\n|upkeep\n|turn|21\n|\n|t:|1699479025\n|switch|p1a: Toxapex|Toxapex, F, shiny|100\/100\n|move|p2a: Avalugg|Curse|p2a: Avalugg\n|-unboost|p2a: Avalugg|spe|1\n|-boost|p2a: Avalugg|atk|1\n|-boost|p2a: Avalugg|def|1\n|\n|-heal|p2a: Avalugg|80\/100 tox|[from] item: Leftovers\n|-damage|p2a: Avalugg|68\/100 tox|[from] psn\n|upkeep\n|turn|22\n|\n|t:|1699479051\n|move|p1a: Toxapex|Haze|p1a: Toxapex\n|-clearallboost\n|move|p2a: Avalugg|Body Press|p1a: Toxapex\n|-resisted|p1a: Toxapex\n|-damage|p1a: Toxapex|88\/100\n|\n|-heal|p1a: Toxapex|94\/100|[from] item: Leftovers\n|-heal|p2a: Avalugg|74\/100 tox|[from] item: Leftovers\n|-damage|p2a: Avalugg|56\/100 tox|[from] psn\n|upkeep\n|turn|23\n|\n|t:|1699479062\n|move|p1a: Toxapex|Surf|p2a: Avalugg\n|-damage|p2a: Avalugg|24\/100 tox\n|move|p2a: Avalugg|Recover|p2a: Avalugg\n|-heal|p2a: Avalugg|74\/100 tox\n|\n|-heal|p1a: Toxapex|100\/100|[from] item: Leftovers\n|-heal|p2a: Avalugg|80\/100 tox|[from] item: Leftovers\n|-damage|p2a: Avalugg|56\/100 tox|[from] psn\n|upkeep\n|turn|24\n|\n|t:|1699479070\n|move|p1a: Toxapex|Surf|p2a: Avalugg\n|-damage|p2a: Avalugg|23\/100 tox\n|move|p2a: Avalugg|Mirror Coat|p1a: Toxapex\n|-damage|p1a: Toxapex|17\/100\n|\n|-heal|p1a: Toxapex|23\/100|[from] item: Leftovers\n|-heal|p2a: Avalugg|29\/100 tox|[from] item: Leftovers\n|-damage|p2a: Avalugg|0 fnt|[from] psn\n|faint|p2a: Avalugg\n|upkeep\n|\n|t:|1699479080\n|switch|p2a: Chien-Pao|Chien-Pao|95\/100 tox\n|-ability|p2a: Chien-Pao|Sword of Ruin\n|turn|25\n|\n|t:|1699479096\n|move|p2a: Chien-Pao|Crunch|p1a: Toxapex\n|-damage|p1a: Toxapex|0 fnt\n|faint|p1a: Toxapex\n|\n|-damage|p2a: Chien-Pao|89\/100 tox|[from] psn\n|upkeep\n|\n|t:|1699479103\n|switch|p1a: Garganacl|Garganacl, F, shiny|12\/100\n|turn|26\n|\n|t:|1699479107\n|move|p2a: Chien-Pao|Crunch|p1a: Garganacl\n|-damage|p1a: Garganacl|0 fnt\n|faint|p1a: Garganacl\n|\n|-damage|p2a: Chien-Pao|77\/100 tox|[from] psn\n|upkeep\n|\n|t:|1699479113\n|switch|p1a: Breloom|Breloom, M, shiny|36\/100\n|turn|27\n|\n|t:|1699479116\n|move|p1a: Breloom|Mach Punch|p2a: Chien-Pao\n|-supereffective|p2a: Chien-Pao\n|-damage|p2a: Chien-Pao|0 fnt\n|faint|p2a: Chien-Pao\n|\n|win|a lil monster\n|c|\u2606a lil monster|gg\n","uploadtime":1699479129,"views":21,"p1id":"alilmonster","p2id":"zoethepenguin","formatid":"gen9anythinggoes","rating":0,"private":0,"password":""}