{"id":"gen9anythinggoes-1977941702","p1":"Naeval_Eco","p2":"Redregla","format":"[Gen 9] Anything Goes","log":"|j|\u2606Naeval_Eco\n|j|\u2606Redregla\n|t:|1698470065\n|gametype|singles\n|player|p1|Naeval_Eco|iris-gen5bw2|1180\n|player|p2|Redregla|266|1134\n|teamsize|p1|6\n|teamsize|p2|6\n|gen|9\n|tier|[Gen 9] Anything Goes\n|rated|\n|rule|HP Percentage Mod: HP is shown in percentages\n|rule|Endless Battle Clause: Forcing endless battles is banned\n|clearpoke\n|poke|p1|Espeon, M|\n|poke|p1|Glimmora, M|\n|poke|p1|Leafeon, F|\n|poke|p1|Walking Wake|\n|poke|p1|Polteageist|\n|poke|p1|Masquerain, M|\n|poke|p2|Darkrai|\n|poke|p2|Drifblim, M|\n|poke|p2|Drifblim, M|\n|poke|p2|Iron Valiant|\n|poke|p2|Scream Tail|\n|poke|p2|Arboliva, M|\n|teampreview\n|inactive|Battle timer is ON: inactive players will automatically lose when time's up. (requested by Redregla)\n|inactive|Naeval_Eco also wants the timer to be on.\n|\n|t:|1698470071\n|start\n|switch|p1a: Glimmora|Glimmora, M|100\/100\n|switch|p2a: Darkrai|Darkrai|100\/100\n|turn|1\n|\n|t:|1698470079\n|move|p2a: Darkrai|Hypnosis|p1a: Glimmora|[miss]\n|-miss|p2a: Darkrai|p1a: Glimmora\n|move|p1a: Glimmora|Stealth Rock|p2a: Darkrai\n|-sidestart|p2: Redregla|move: Stealth Rock\n|\n|upkeep\n|turn|2\n|\n|t:|1698470088\n|move|p2a: Darkrai|Double Team|p2a: Darkrai\n|-boost|p2a: Darkrai|evasion|1\n|move|p1a: Glimmora|Spikes|p2a: Darkrai\n|-sidestart|p2: Redregla|Spikes\n|\n|upkeep\n|turn|3\n|\n|t:|1698470094\n|move|p2a: Darkrai|Double Team|p2a: Darkrai\n|-boost|p2a: Darkrai|evasion|1\n|move|p1a: Glimmora|Spikes|p2a: Darkrai\n|-sidestart|p2: Redregla|Spikes\n|\n|upkeep\n|turn|4\n|\n|t:|1698470104\n|move|p2a: Darkrai|Double Team|p2a: Darkrai\n|-boost|p2a: Darkrai|evasion|1\n|move|p1a: Glimmora|Spikes|p2a: Darkrai\n|-sidestart|p2: Redregla|Spikes\n|\n|upkeep\n|turn|5\n|\n|t:|1698470109\n|move|p2a: Darkrai|Hypnosis|p1a: Glimmora\n|-status|p1a: Glimmora|slp|[from] move: Hypnosis\n|cant|p1a: Glimmora|slp\n|\n|-damage|p1a: Glimmora|88\/100 slp|[from] ability: Bad Dreams|[of] p2a: Darkrai\n|upkeep\n|turn|6\n|\n|t:|1698470117\n|move|p2a: Darkrai|Calm Mind|p2a: Darkrai\n|-boost|p2a: Darkrai|spa|1\n|-boost|p2a: Darkrai|spd|1\n|cant|p1a: Glimmora|slp\n|\n|-heal|p1a: Glimmora|94\/100 slp|[from] item: Leftovers\n|-damage|p1a: Glimmora|82\/100 slp|[from] ability: Bad Dreams|[of] p2a: Darkrai\n|upkeep\n|turn|7\n|\n|t:|1698470130\n|move|p2a: Darkrai|Calm Mind|p2a: Darkrai\n|-boost|p2a: Darkrai|spa|1\n|-boost|p2a: Darkrai|spd|1\n|cant|p1a: Glimmora|slp\n|\n|-heal|p1a: Glimmora|88\/100 slp|[from] item: Leftovers\n|-damage|p1a: Glimmora|76\/100 slp|[from] ability: Bad Dreams|[of] p2a: Darkrai\n|upkeep\n|turn|8\n|\n|t:|1698470140\n|move|p2a: Darkrai|Double Team|p2a: Darkrai\n|-boost|p2a: Darkrai|evasion|1\n|-curestatus|p1a: Glimmora|slp|[msg]\n|move|p1a: Glimmora|Toxic Spikes|p2a: Darkrai\n|-sidestart|p2: Redregla|move: Toxic Spikes\n|\n|-heal|p1a: Glimmora|82\/100|[from] item: Leftovers\n|upkeep\n|turn|9\n|\n|t:|1698470153\n|move|p2a: Darkrai|Double Team|p2a: Darkrai\n|-boost|p2a: Darkrai|evasion|1\n|move|p1a: Glimmora|Toxic Spikes|p2a: Darkrai\n|-sidestart|p2: Redregla|move: Toxic Spikes\n|\n|-heal|p1a: Glimmora|88\/100|[from] item: Leftovers\n|upkeep\n|turn|10\n|\n|t:|1698470161\n|move|p2a: Darkrai|Double Team|p2a: Darkrai\n|-boost|p2a: Darkrai|evasion|1\n|move|p1a: Glimmora|Sludge Wave|p2a: Darkrai|[miss]\n|-miss|p1a: Glimmora|p2a: Darkrai\n|\n|-heal|p1a: Glimmora|94\/100|[from] item: Leftovers\n|upkeep\n|turn|11\n|c|\u2606Redregla|Free set up\n|\n|t:|1698470177\n|move|p2a: Darkrai|Hypnosis|p1a: Glimmora\n|-status|p1a: Glimmora|slp|[from] move: Hypnosis\n|cant|p1a: Glimmora|slp\n|\n|-heal|p1a: Glimmora|99\/100 slp|[from] item: Leftovers\n|-damage|p1a: Glimmora|87\/100 slp|[from] ability: Bad Dreams|[of] p2a: Darkrai\n|upkeep\n|turn|12\n|\n|t:|1698470189\n|switch|p1a: Masquerain|Masquerain, M|100\/100\n|-ability|p1a: Masquerain|Intimidate|boost\n|-unboost|p2a: Darkrai|atk|1\n|move|p2a: Darkrai|Double Team|p2a: Darkrai\n|-boost|p2a: Darkrai|evasion|0\n|\n|upkeep\n|turn|13\n|\n|t:|1698470197\n|move|p2a: Darkrai|Hypnosis|p1a: Masquerain|[miss]\n|-miss|p2a: Darkrai|p1a: Masquerain\n|move|p1a: Masquerain|Whirlwind|p2a: Darkrai\n|drag|p2a: Drifblim|Drifblim, M|100\/100\n|-damage|p2a: Drifblim|75\/100|[from] Stealth Rock\n|\n|-heal|p2a: Drifblim|82\/100|[from] item: Leftovers\n|upkeep\n|turn|14\n|\n|t:|1698470209\n|move|p1a: Masquerain|Sticky Web|p2a: Drifblim\n|-sidestart|p2: Redregla|move: Sticky Web\n|move|p2a: Drifblim|Strength Sap|p1a: Masquerain\n|-unboost|p1a: Masquerain|atk|1\n|-heal|p2a: Drifblim|100\/100\n|\n|upkeep\n|turn|15\n|\n|t:|1698470219\n|move|p2a: Drifblim|Strength Sap|p1a: Masquerain\n|-unboost|p1a: Masquerain|atk|1\n|move|p1a: Masquerain|Whirlwind|p2a: Drifblim\n|drag|p2a: Scream Tail|Scream Tail|100\/100\n|-damage|p2a: Scream Tail|88\/100|[from] Stealth Rock\n|-damage|p2a: Scream Tail|63\/100|[from] Spikes\n|-status|p2a: Scream Tail|tox\n|-activate|p2a: Scream Tail|move: Sticky Web\n|-unboost|p2a: Scream Tail|spe|1\n|\n|-heal|p2a: Scream Tail|69\/100 tox|[from] item: Leftovers\n|-damage|p2a: Scream Tail|63\/100 tox|[from] psn\n|upkeep\n|turn|16\n|c|\u2606Redregla|LOL\n|\n|t:|1698470237\n|move|p1a: Masquerain|Bug Buzz|p2a: Scream Tail\n|-damage|p2a: Scream Tail|42\/100 tox\n|move|p2a: Scream Tail|Boomburst|p1a: Masquerain\n|-damage|p1a: Masquerain|58\/100\n|\n|-heal|p2a: Scream Tail|48\/100 tox|[from] item: Leftovers\n|-damage|p2a: Scream Tail|36\/100 tox|[from] psn\n|upkeep\n|turn|17\n|\n|t:|1698470247\n|move|p2a: Scream Tail|Sunny Day|p2a: Scream Tail\n|-weather|SunnyDay\n|-activate|p2a: Scream Tail|ability: Protosynthesis\n|-start|p2a: Scream Tail|protosynthesisspd\n|move|p1a: Masquerain|Whirlwind|p2a: Scream Tail\n|-end|p2a: Scream Tail|Protosynthesis|[silent]\n|drag|p2a: Arboliva|Arboliva, M|100\/100\n|-damage|p2a: Arboliva|88\/100|[from] Stealth Rock\n|-damage|p2a: Arboliva|63\/100|[from] Spikes\n|-status|p2a: Arboliva|tox\n|-activate|p2a: Arboliva|move: Sticky Web\n|-unboost|p2a: Arboliva|spe|1\n|\n|-weather|SunnyDay|[upkeep]\n|-damage|p2a: Arboliva|57\/100 tox|[from] psn\n|upkeep\n|turn|18\n|c|\u2606Redregla|LOL\n|\n|t:|1698470263\n|move|p2a: Arboliva|Leech Seed|p1a: Masquerain\n|-start|p1a: Masquerain|move: Leech Seed\n|move|p1a: Masquerain|Whirlwind|p2a: Arboliva\n|drag|p2a: Drifblim|Drifblim, M|100\/100\n|-damage|p2a: Drifblim|75\/100|[from] Stealth Rock\n|\n|-weather|SunnyDay|[upkeep]\n|-heal|p2a: Drifblim|82\/100|[from] item: Leftovers\n|-damage|p1a: Masquerain|45\/100|[from] Leech Seed|[of] p2a: Drifblim\n|-heal|p2a: Drifblim|89\/100|[silent]\n|upkeep\n|turn|19\n|\n|t:|1698470275\n|switch|p2a: Drifblim|Drifblim, M|100\/100\n|-damage|p2a: Drifblim|75\/100|[from] Stealth Rock\n|move|p1a: Masquerain|Whirlwind|p2a: Drifblim\n|drag|p2a: Darkrai|Darkrai|100\/100\n|-damage|p2a: Darkrai|88\/100|[from] Stealth Rock\n|-damage|p2a: Darkrai|63\/100|[from] Spikes\n|-status|p2a: Darkrai|tox\n|-activate|p2a: Darkrai|move: Sticky Web\n|-unboost|p2a: Darkrai|spe|1\n|\n|-weather|SunnyDay|[upkeep]\n|-heal|p2a: Darkrai|69\/100 tox|[from] item: Leftovers\n|-damage|p1a: Masquerain|33\/100|[from] Leech Seed|[of] p2a: Darkrai\n|-heal|p2a: Darkrai|82\/100 tox|[silent]\n|-damage|p2a: Darkrai|76\/100 tox|[from] psn\n|upkeep\n|turn|20\n|\n|t:|1698470292\n|move|p2a: Darkrai|Hypnosis|p1a: Masquerain\n|-status|p1a: Masquerain|slp|[from] move: Hypnosis\n|cant|p1a: Masquerain|slp\n|\n|-weather|SunnyDay|[upkeep]\n|-heal|p2a: Darkrai|82\/100 tox|[from] item: Leftovers\n|-damage|p1a: Masquerain|20\/100 slp|[from] Leech Seed|[of] p2a: Darkrai\n|-heal|p2a: Darkrai|96\/100 tox|[silent]\n|-damage|p2a: Darkrai|83\/100 tox|[from] psn\n|-damage|p1a: Masquerain|8\/100 slp|[from] ability: Bad Dreams|[of] p2a: Darkrai\n|upkeep\n|-enditem|p1a: Masquerain|Wiki Berry|[eat]\n|-heal|p1a: Masquerain|41\/100 slp|[from] item: Wiki Berry\n|turn|21\n|\n|t:|1698470308\n|move|p2a: Darkrai|Calm Mind|p2a: Darkrai\n|-boost|p2a: Darkrai|spa|1\n|-boost|p2a: Darkrai|spd|1\n|-curestatus|p1a: Masquerain|slp|[msg]\n|move|p1a: Masquerain|Whirlwind|p2a: Darkrai\n|drag|p2a: Arboliva|Arboliva, M|57\/100 tox\n|-damage|p2a: Arboliva|45\/100 tox|[from] Stealth Rock\n|-damage|p2a: Arboliva|20\/100 tox|[from] Spikes\n|-activate|p2a: Arboliva|move: Sticky Web\n|-unboost|p2a: Arboliva|spe|1\n|-enditem|p2a: Arboliva|Aguav Berry|[eat]\n|-heal|p2a: Arboliva|53\/100 tox|[from] item: Aguav Berry\n|\n|-weather|none\n|-damage|p1a: Masquerain|29\/100|[from] Leech Seed|[of] p2a: Arboliva\n|-heal|p2a: Arboliva|64\/100 tox|[silent]\n|-damage|p2a: Arboliva|58\/100 tox|[from] psn\n|upkeep\n|turn|22\n|inactive|Naeval_Eco has 120 seconds left.\n|\n|t:|1698470327\n|move|p2a: Arboliva|Weather Ball|p1a: Masquerain\n|-damage|p1a: Masquerain|2\/100\n|move|p1a: Masquerain|Whirlwind|p2a: Arboliva\n|drag|p2a: Iron Valiant|Iron Valiant|100\/100\n|-damage|p2a: Iron Valiant|94\/100|[from] Stealth Rock\n|-damage|p2a: Iron Valiant|69\/100|[from] Spikes\n|-status|p2a: Iron Valiant|tox\n|-activate|p2a: Iron Valiant|move: Sticky Web\n|-unboost|p2a: Iron Valiant|spe|1\n|\n|-heal|p2a: Iron Valiant|76\/100 tox|[from] item: Leftovers\n|-damage|p1a: Masquerain|0 fnt|[from] Leech Seed|[of] p2a: Iron Valiant\n|-heal|p2a: Iron Valiant|77\/100 tox|[silent]\n|faint|p1a: Masquerain\n|-damage|p2a: Iron Valiant|70\/100 tox|[from] psn\n|upkeep\n|inactive|Naeval_Eco has 120 seconds left.\n|\n|t:|1698470349\n|switch|p1a: Polteageist|Polteageist|100\/100\n|turn|23\n|\n|t:|1698470355\n|move|p2a: Iron Valiant|Calm Mind|p2a: Iron Valiant\n|-boost|p2a: Iron Valiant|spa|1\n|-boost|p2a: Iron Valiant|spd|1\n|move|p1a: Polteageist|Shell Smash|p1a: Polteageist\n|-unboost|p1a: Polteageist|def|1\n|-unboost|p1a: Polteageist|spd|1\n|-boost|p1a: Polteageist|atk|2\n|-boost|p1a: Polteageist|spa|2\n|-boost|p1a: Polteageist|spe|2\n|-enditem|p1a: Polteageist|White Herb\n|-clearnegativeboost|p1a: Polteageist|[silent]\n|\n|-heal|p2a: Iron Valiant|77\/100 tox|[from] item: Leftovers\n|-damage|p2a: Iron Valiant|64\/100 tox|[from] psn\n|upkeep\n|turn|24\n|inactive|Naeval_Eco has 120 seconds left.\n|\n|t:|1698470369\n|move|p1a: Polteageist|Psychic|p2a: Iron Valiant\n|-supereffective|p2a: Iron Valiant\n|-damage|p2a: Iron Valiant|0 fnt\n|faint|p2a: Iron Valiant\n|-end|p2a: Iron Valiant|Quark Drive|[silent]\n|\n|upkeep\n|\n|t:|1698470375\n|switch|p2a: Darkrai|Darkrai|83\/100 tox\n|-damage|p2a: Darkrai|71\/100 tox|[from] Stealth Rock\n|-damage|p2a: Darkrai|46\/100 tox|[from] Spikes\n|-activate|p2a: Darkrai|move: Sticky Web\n|-unboost|p2a: Darkrai|spe|1\n|turn|25\n|inactive|Naeval_Eco has 120 seconds left.\n|\n|t:|1698470394\n|move|p1a: Polteageist|Dark Pulse|p2a: Darkrai\n|-resisted|p2a: Darkrai\n|-damage|p2a: Darkrai|8\/100 tox\n|move|p2a: Darkrai|Hypnosis|p1a: Polteageist|[miss]\n|-miss|p2a: Darkrai|p1a: Polteageist\n|\n|-heal|p2a: Darkrai|14\/100 tox|[from] item: Leftovers\n|-damage|p2a: Darkrai|8\/100 tox|[from] psn\n|upkeep\n|turn|26\n|inactive|Naeval_Eco has 120 seconds left.\n|\n|t:|1698470406\n|move|p1a: Polteageist|Dark Pulse|p2a: Darkrai\n|-resisted|p2a: Darkrai\n|-damage|p2a: Darkrai|0 fnt\n|faint|p2a: Darkrai\n|\n|upkeep\n|\n|t:|1698470410\n|switch|p2a: Scream Tail|Scream Tail|36\/100 tox\n|-damage|p2a: Scream Tail|23\/100 tox|[from] Stealth Rock\n|-damage|p2a: Scream Tail|0 fnt|[from] Spikes\n|-activate|p2a: Scream Tail|move: Sticky Web\n|faint|p2a: Scream Tail\n|-end|p2a: Scream Tail|Protosynthesis|[silent]\n|\n|t:|1698470414\n|switch|p2a: Arboliva|Arboliva, M|58\/100 tox\n|-damage|p2a: Arboliva|45\/100 tox|[from] Stealth Rock\n|-damage|p2a: Arboliva|21\/100 tox|[from] Spikes\n|-activate|p2a: Arboliva|move: Sticky Web\n|-unboost|p2a: Arboliva|spe|1\n|turn|27\n|\n|t:|1698470423\n|move|p1a: Polteageist|Psychic|p2a: Arboliva\n|-damage|p2a: Arboliva|0 fnt\n|faint|p2a: Arboliva\n|\n|upkeep\n|\n|t:|1698470426\n|switch|p2a: Drifblim|Drifblim, M|89\/100\n|-damage|p2a: Drifblim|64\/100|[from] Stealth Rock\n|turn|28\n|\n|t:|1698470433\n|-terastallize|p2a: Drifblim|Fairy\n|move|p1a: Polteageist|Shadow Ball|p2a: Drifblim\n|-damage|p2a: Drifblim|0 fnt\n|faint|p2a: Drifblim\n|\n|upkeep\n|\n|t:|1698470438\n|switch|p2a: Drifblim|Drifblim, M|75\/100\n|-damage|p2a: Drifblim|50\/100|[from] Stealth Rock\n|turn|29\n|\n|t:|1698470445\n|move|p1a: Polteageist|Shadow Ball|p2a: Drifblim\n|-supereffective|p2a: Drifblim\n|-damage|p2a: Drifblim|0 fnt\n|faint|p2a: Drifblim\n|\n|win|Naeval_Eco\n|raw|Naeval_Eco's rating: 1180 &rarr; <strong>1202<\/strong><br \/>(+22 for winning)\n|raw|Redregla's rating: 1134 &rarr; <strong>1112<\/strong><br \/>(-22 for losing)\n|l|\u2606Redregla\n","uploadtime":1698470454,"views":11,"p1id":"naevaleco","p2id":"redregla","formatid":"gen9anythinggoes","rating":1112,"private":0,"password":""}