{"id":"gen9anythinggoes-1989280684","p1":"LingLing007","p2":"Pichulinox","format":"[Gen 9] Anything Goes","log":"|j|\u2606LingLing007\n|j|\u2606Pichulinox\n|t:|1699831368\n|gametype|singles\n|player|p1|LingLing007|hilbert-masters2|1323\n|player|p2|Pichulinox|red|1249\n|teamsize|p1|6\n|teamsize|p2|6\n|gen|9\n|tier|[Gen 9] Anything Goes\n|rated|\n|rule|HP Percentage Mod: HP is shown in percentages\n|rule|Endless Battle Clause: Forcing endless battles is banned\n|clearpoke\n|poke|p1|Gholdengo|\n|poke|p1|Gengar, M|\n|poke|p1|Skeledirge, M|\n|poke|p1|Sinistcha-Masterpiece|\n|poke|p1|Annihilape, M|\n|poke|p1|Roaring Moon|\n|poke|p2|Gliscor, F|\n|poke|p2|Mimikyu, M|\n|poke|p2|Maushold|\n|poke|p2|Vaporeon, M|\n|poke|p2|Muk-Alola, F|\n|poke|p2|Clefable, F|\n|teampreview\n|inactive|Battle timer is ON: inactive players will automatically lose when time's up. (requested by Pichulinox)\n|\n|t:|1699831385\n|start\n|switch|p1a: Gengar|Gengar, M|100\/100\n|switch|p2a: Clefable|Clefable, F|100\/100\n|turn|1\n|\n|t:|1699831393\n|move|p1a: Gengar|Mean Look|p2a: Clefable\n|-activate|p2a: Clefable|trapped\n|move|p2a: Clefable|Stealth Rock|p1a: Gengar\n|-sidestart|p1: LingLing007|move: Stealth Rock\n|\n|upkeep\n|turn|2\n|\n|t:|1699831397\n|move|p1a: Gengar|Encore|p2a: Clefable\n|-start|p2a: Clefable|Encore\n|move|p2a: Clefable|Stealth Rock||[still]\n|-fail|p2a: Clefable\n|\n|upkeep\n|turn|3\n|\n|t:|1699831403\n|move|p1a: Gengar|Perish Song|p1a: Gengar\n|-start|p1a: Gengar|perish3|[silent]\n|-start|p2a: Clefable|perish3|[silent]\n|-fieldactivate|move: Perish Song\n|move|p2a: Clefable|Stealth Rock||[still]\n|-fail|p2a: Clefable\n|\n|-start|p1a: Gengar|perish3\n|-start|p2a: Clefable|perish3\n|upkeep\n|turn|4\n|\n|t:|1699831411\n|move|p1a: Gengar|Destiny Bond|p1a: Gengar\n|-singlemove|p1a: Gengar|Destiny Bond\n|move|p2a: Clefable|Stealth Rock||[still]\n|-fail|p2a: Clefable\n|\n|-end|p2a: Clefable|Encore\n|-start|p1a: Gengar|perish2\n|-start|p2a: Clefable|perish2\n|upkeep\n|turn|5\n|\n|t:|1699831420\n|move|p1a: Gengar|Encore|p2a: Clefable\n|-start|p2a: Clefable|Encore\n|move|p2a: Clefable|Stealth Rock||[still]\n|-fail|p2a: Clefable\n|\n|-start|p1a: Gengar|perish1\n|-start|p2a: Clefable|perish1\n|upkeep\n|turn|6\n|\n|t:|1699831430\n|switch|p1a: Sinistcha|Sinistcha-Masterpiece|100\/100\n|-damage|p1a: Sinistcha|88\/100|[from] Stealth Rock\n|move|p2a: Clefable|Stealth Rock||[still]\n|-fail|p2a: Clefable\n|\n|-start|p2a: Clefable|perish0\n|-status|p1a: Sinistcha|brn|[from] item: Flame Orb\n|faint|p2a: Clefable\n|upkeep\n|\n|t:|1699831448\n|switch|p2a: Muk|Muk-Alola, F|100\/100\n|turn|7\n|\n|t:|1699831458\n|move|p1a: Sinistcha|Strength Sap|p2a: Muk\n|-unboost|p2a: Muk|atk|1\n|-heal|p1a: Sinistcha|100\/100 brn\n|move|p2a: Muk|Crunch|p1a: Sinistcha\n|-supereffective|p1a: Sinistcha\n|-damage|p1a: Sinistcha|70\/100 brn\n|\n|-damage|p1a: Sinistcha|68\/100 brn|[from] brn\n|upkeep\n|turn|8\n|\n|t:|1699831467\n|move|p1a: Sinistcha|Strength Sap|p2a: Muk\n|-unboost|p2a: Muk|atk|1\n|-heal|p1a: Sinistcha|100\/100 brn\n|move|p2a: Muk|Crunch|p1a: Sinistcha\n|-supereffective|p1a: Sinistcha\n|-damage|p1a: Sinistcha|76\/100 brn\n|\n|-damage|p1a: Sinistcha|73\/100 brn|[from] brn\n|upkeep\n|turn|9\n|\n|t:|1699831475\n|move|p1a: Sinistcha|Calm Mind|p1a: Sinistcha\n|-boost|p1a: Sinistcha|spa|1\n|-boost|p1a: Sinistcha|spd|1\n|move|p2a: Muk|Haze|p2a: Muk\n|-clearallboost\n|\n|-damage|p1a: Sinistcha|70\/100 brn|[from] brn\n|upkeep\n|turn|10\n|\n|t:|1699831483\n|move|p1a: Sinistcha|Strength Sap|p2a: Muk\n|-unboost|p2a: Muk|atk|1\n|-heal|p1a: Sinistcha|100\/100 brn\n|move|p2a: Muk|Crunch|p1a: Sinistcha\n|-supereffective|p1a: Sinistcha\n|-damage|p1a: Sinistcha|72\/100 brn\n|-unboost|p1a: Sinistcha|def|1\n|\n|-damage|p1a: Sinistcha|69\/100 brn|[from] brn\n|upkeep\n|turn|11\n|\n|t:|1699831492\n|move|p1a: Sinistcha|Matcha Gotcha|p2a: Muk\n|-resisted|p2a: Muk\n|-damage|p2a: Muk|92\/100\n|-heal|p1a: Sinistcha|74\/100 brn|[from] drain|[of] p2a: Muk\n|-status|p2a: Muk|brn\n|move|p2a: Muk|Crunch|p1a: Sinistcha\n|-supereffective|p1a: Sinistcha\n|-damage|p1a: Sinistcha|52\/100 brn\n|\n|-heal|p2a: Muk|98\/100 brn|[from] item: Black Sludge\n|-damage|p1a: Sinistcha|49\/100 brn|[from] brn\n|-damage|p2a: Muk|92\/100 brn|[from] brn\n|upkeep\n|turn|12\n|\n|t:|1699831507\n|move|p1a: Sinistcha|Strength Sap|p2a: Muk\n|-unboost|p2a: Muk|atk|1\n|-heal|p1a: Sinistcha|96\/100 brn\n|move|p2a: Muk|Crunch|p1a: Sinistcha\n|-supereffective|p1a: Sinistcha\n|-damage|p1a: Sinistcha|80\/100 brn\n|\n|-heal|p2a: Muk|98\/100 brn|[from] item: Black Sludge\n|-damage|p1a: Sinistcha|77\/100 brn|[from] brn\n|-damage|p2a: Muk|92\/100 brn|[from] brn\n|upkeep\n|turn|13\n|\n|t:|1699831522\n|switch|p2a: Gliscor|Gliscor, F|100\/100\n|move|p1a: Sinistcha|Hex|p2a: Gliscor\n|-damage|p2a: Gliscor|62\/100\n|\n|-damage|p1a: Sinistcha|74\/100 brn|[from] brn\n|-status|p2a: Gliscor|tox|[from] item: Toxic Orb\n|upkeep\n|turn|14\n|\n|t:|1699831539\n|switch|p1a: Gholdengo|Gholdengo|100\/100\n|-damage|p1a: Gholdengo|94\/100|[from] Stealth Rock\n|move|p2a: Gliscor|Dual Wingbeat|p1a: Gholdengo\n|-resisted|p1a: Gholdengo\n|-damage|p1a: Gholdengo|86\/100\n|-resisted|p1a: Gholdengo\n|-damage|p1a: Gholdengo|77\/100\n|-hitcount|p1a: Gholdengo|2\n|\n|-heal|p2a: Gliscor|75\/100 tox|[from] ability: Poison Heal\n|upkeep\n|turn|15\n|\n|t:|1699831563\n|switch|p2a: Vaporeon|Vaporeon, M|100\/100\n|move|p1a: Gholdengo|Trick|p2a: Vaporeon\n|-activate|p1a: Gholdengo|move: Trick|[of] p2a: Vaporeon\n|-item|p2a: Vaporeon|Choice Specs|[from] move: Trick\n|-item|p1a: Gholdengo|Leftovers|[from] move: Trick\n|\n|-heal|p1a: Gholdengo|83\/100|[from] item: Leftovers\n|upkeep\n|turn|16\n|\n|t:|1699831577\n|switch|p1a: Sinistcha|Sinistcha-Masterpiece|74\/100 brn\n|-damage|p1a: Sinistcha|61\/100 brn|[from] Stealth Rock\n|move|p2a: Vaporeon|Surf|p1a: Sinistcha\n|-resisted|p1a: Sinistcha\n|-damage|p1a: Sinistcha|33\/100 brn\n|\n|-damage|p1a: Sinistcha|30\/100 brn|[from] brn\n|upkeep\n|turn|17\n|\n|t:|1699831586\n|move|p1a: Sinistcha|Matcha Gotcha|p2a: Vaporeon\n|-supereffective|p2a: Vaporeon\n|-damage|p2a: Vaporeon|67\/100\n|-heal|p1a: Sinistcha|53\/100 brn|[from] drain|[of] p2a: Vaporeon\n|move|p2a: Vaporeon|Surf|p1a: Sinistcha\n|-resisted|p1a: Sinistcha\n|-damage|p1a: Sinistcha|24\/100 brn\n|\n|-damage|p1a: Sinistcha|21\/100 brn|[from] brn\n|upkeep\n|turn|18\n|\n|t:|1699831594\n|move|p1a: Sinistcha|Strength Sap|p2a: Vaporeon\n|-unboost|p2a: Vaporeon|atk|1\n|-heal|p1a: Sinistcha|56\/100 brn\n|move|p2a: Vaporeon|Surf|p1a: Sinistcha\n|-resisted|p1a: Sinistcha\n|-damage|p1a: Sinistcha|29\/100 brn\n|\n|-damage|p1a: Sinistcha|26\/100 brn|[from] brn\n|upkeep\n|turn|19\n|\n|t:|1699831604\n|-terastallize|p2a: Vaporeon|Ice\n|move|p1a: Sinistcha|Matcha Gotcha|p2a: Vaporeon\n|-damage|p2a: Vaporeon|49\/100\n|-heal|p1a: Sinistcha|38\/100 brn|[from] drain|[of] p2a: Vaporeon\n|move|p2a: Vaporeon|Surf|p1a: Sinistcha\n|-resisted|p1a: Sinistcha\n|-damage|p1a: Sinistcha|12\/100 brn\n|\n|-damage|p1a: Sinistcha|9\/100 brn|[from] brn\n|upkeep\n|turn|20\n|\n|t:|1699831614\n|switch|p1a: Roaring Moon|Roaring Moon|100\/100\n|-damage|p1a: Roaring Moon|88\/100|[from] Stealth Rock\n|-enditem|p1a: Roaring Moon|Booster Energy\n|-activate|p1a: Roaring Moon|ability: Protosynthesis|[fromitem]\n|-start|p1a: Roaring Moon|protosynthesisspe\n|move|p2a: Vaporeon|Surf|p1a: Roaring Moon\n|-resisted|p1a: Roaring Moon\n|-damage|p1a: Roaring Moon|63\/100\n|\n|upkeep\n|turn|21\n|\n|t:|1699831622\n|move|p1a: Roaring Moon|Dragon Dance|p1a: Roaring Moon\n|-boost|p1a: Roaring Moon|atk|1\n|-boost|p1a: Roaring Moon|spe|1\n|move|p2a: Vaporeon|Surf|p1a: Roaring Moon\n|-resisted|p1a: Roaring Moon\n|-damage|p1a: Roaring Moon|39\/100\n|\n|upkeep\n|turn|22\n|\n|t:|1699831630\n|move|p1a: Roaring Moon|Acrobatics|p2a: Vaporeon\n|-damage|p2a: Vaporeon|0 fnt\n|faint|p2a: Vaporeon\n|\n|upkeep\n|\n|t:|1699831647\n|switch|p2a: Maushold|Maushold|100\/100\n|turn|23\n|\n|t:|1699831662\n|move|p1a: Roaring Moon|Knock Off|p2a: Maushold\n|-damage|p2a: Maushold|0 fnt\n|-enditem|p2a: Maushold|Loaded Dice|[from] move: Knock Off|[of] p1a: Roaring Moon\n|faint|p2a: Maushold\n|\n|upkeep\n|\n|t:|1699831669\n|switch|p2a: Mimikyu|Mimikyu, M|100\/100\n|turn|24\n|\n|t:|1699831674\n|move|p1a: Roaring Moon|Knock Off|p2a: Mimikyu\n|-activate|p2a: Mimikyu|ability: Disguise\n|-damage|p2a: Mimikyu|100\/100\n|-enditem|p2a: Mimikyu|Expert Belt|[from] move: Knock Off|[of] p1a: Roaring Moon\n|detailschange|p2a: Mimikyu|Mimikyu-Busted, M\n|-damage|p2a: Mimikyu|88\/100|[from] pokemon: Mimikyu-Busted\n|move|p2a: Mimikyu|Play Rough|p1a: Roaring Moon\n|-supereffective|p1a: Roaring Moon\n|-damage|p1a: Roaring Moon|0 fnt\n|faint|p1a: Roaring Moon\n|-end|p1a: Roaring Moon|Protosynthesis|[silent]\n|\n|upkeep\n|\n|t:|1699831686\n|switch|p1a: Sinistcha|Sinistcha-Masterpiece|9\/100 brn\n|-damage|p1a: Sinistcha|0 fnt|[from] Stealth Rock\n|faint|p1a: Sinistcha\n|\n|t:|1699831696\n|switch|p1a: Gholdengo|Gholdengo|83\/100\n|-damage|p1a: Gholdengo|77\/100|[from] Stealth Rock\n|turn|25\n|\n|t:|1699831712\n|move|p2a: Mimikyu|Shadow Sneak|p1a: Gholdengo\n|-supereffective|p1a: Gholdengo\n|-damage|p1a: Gholdengo|41\/100\n|move|p1a: Gholdengo|Make It Rain|p2a: Mimikyu\n|-supereffective|p2a: Mimikyu\n|-damage|p2a: Mimikyu|0 fnt\n|-unboost|p1a: Gholdengo|spa|1\n|faint|p2a: Mimikyu\n|\n|-heal|p1a: Gholdengo|47\/100|[from] item: Leftovers\n|upkeep\n|\n|t:|1699831726\n|switch|p2a: Muk|Muk-Alola, F|92\/100 brn\n|turn|26\n|\n|t:|1699831733\n|move|p1a: Gholdengo|Focus Blast|p2a: Muk\n|-damage|p2a: Muk|74\/100 brn\n|move|p2a: Muk|Crunch|p1a: Gholdengo\n|-supereffective|p1a: Gholdengo\n|-crit|p1a: Gholdengo\n|-damage|p1a: Gholdengo|0 fnt\n|faint|p1a: Gholdengo\n|\n|-heal|p2a: Muk|80\/100 brn|[from] item: Black Sludge\n|-damage|p2a: Muk|74\/100 brn|[from] brn\n|upkeep\n|\n|t:|1699831743\n|switch|p1a: Annihilape|Annihilape, M|100\/100\n|turn|27\n|inactive|Pichulinox has 120 seconds left.\n|inactive|Pichulinox has 90 seconds left.\n|\n|t:|1699831805\n|-terastallize|p1a: Annihilape|Fighting\n|move|p1a: Annihilape|Bulk Up|p1a: Annihilape\n|-boost|p1a: Annihilape|atk|1\n|-boost|p1a: Annihilape|def|1\n|move|p2a: Muk|Toxic|p1a: Annihilape\n|-status|p1a: Annihilape|tox\n|\n|-heal|p2a: Muk|80\/100 brn|[from] item: Black Sludge\n|-damage|p1a: Annihilape|94\/100 tox|[from] psn\n|-damage|p2a: Muk|74\/100 brn|[from] brn\n|upkeep\n|turn|28\n|inactive|Pichulinox has 90 seconds left.\n|\n|t:|1699831825\n|move|p1a: Annihilape|Earthquake|p2a: Muk\n|-supereffective|p2a: Muk\n|-damage|p2a: Muk|0 fnt\n|faint|p2a: Muk\n|\n|-damage|p1a: Annihilape|82\/100 tox|[from] psn\n|upkeep\n|\n|t:|1699831831\n|switch|p2a: Gliscor|Gliscor, F|75\/100 tox\n|turn|29\n|inactive|Pichulinox has 90 seconds left.\n|\n|t:|1699831838\n|move|p2a: Gliscor|Dual Wingbeat|p1a: Annihilape\n|-supereffective|p1a: Annihilape\n|-damage|p1a: Annihilape|59\/100 tox\n|-supereffective|p1a: Annihilape\n|-damage|p1a: Annihilape|34\/100 tox\n|-hitcount|p1a: Annihilape|2\n|move|p1a: Annihilape|Rage Fist|p2a: Gliscor\n|-damage|p2a: Gliscor|0 fnt\n|faint|p2a: Gliscor\n|\n|win|LingLing007\n|raw|LingLing007's rating: 1323 &rarr; <strong>1339<\/strong><br \/>(+16 for winning)\n|raw|Pichulinox's rating: 1249 &rarr; <strong>1229<\/strong><br \/>(-20 for losing)\n|c|\u2606LingLing007|gg\n","uploadtime":1699831843,"views":11,"p1id":"lingling007","p2id":"pichulinox","formatid":"gen9anythinggoes","rating":1229,"private":0,"password":""}