{"id":"gen9anythinggoes-1984212565","p1":"Dumbfudge","p2":"jeefeycool","format":"[Gen 9] Anything Goes","log":"|j|\u2606Dumbfudge\n|j|\u2606jeefeycool\n|t:|1699230797\n|gametype|singles\n|player|p1|Dumbfudge|blackbelt-gen4dp|1326\n|player|p2|jeefeycool|2|1227\n|teamsize|p1|6\n|teamsize|p2|6\n|gen|9\n|tier|[Gen 9] Anything Goes\n|rated|\n|rule|HP Percentage Mod: HP is shown in percentages\n|rule|Endless Battle Clause: Forcing endless battles is banned\n|clearpoke\n|poke|p1|Espathra, F|\n|poke|p1|Giratina|\n|poke|p1|Shaymin-Sky|\n|poke|p1|Zacian-*|\n|poke|p1|Breloom, F|\n|poke|p1|Ditto|\n|poke|p2|Gholdengo|\n|poke|p2|Chien-Pao|\n|poke|p2|Tyranitar, F|\n|poke|p2|Quaquaval, M|\n|poke|p2|Amoonguss, F|\n|poke|p2|Iron Treads|\n|teampreview\n|inactive|Battle timer is ON: inactive players will automatically lose when time's up. (requested by jeefeycool)\n|\n|t:|1699230803\n|start\n|switch|p1a: Cancer|Shaymin-Sky|100\/100\n|switch|p2a: Chien-Pao|Chien-Pao|100\/100\n|-ability|p2a: Chien-Pao|Sword of Ruin\n|turn|1\n|\n|t:|1699230814\n|switch|p1a: Whooping cough|Zacian-Crowned|100\/100\n|-ability|p1a: Whooping cough|Intrepid Sword|boost\n|-boost|p1a: Whooping cough|atk|1\n|move|p2a: Chien-Pao|Ice Spinner|p1a: Whooping cough\n|-resisted|p1a: Whooping cough\n|-damage|p1a: Whooping cough|77\/100\n|\n|upkeep\n|turn|2\n|\n|t:|1699230824\n|-terastallize|p1a: Whooping cough|Steel\n|move|p1a: Whooping cough|Behemoth Blade|p2a: Chien-Pao\n|-supereffective|p2a: Chien-Pao\n|-enditem|p2a: Chien-Pao|Focus Sash\n|-damage|p2a: Chien-Pao|1\/100\n|move|p2a: Chien-Pao|Sacred Sword|p1a: Whooping cough\n|-supereffective|p1a: Whooping cough\n|-crit|p1a: Whooping cough\n|-damage|p1a: Whooping cough|0 fnt\n|faint|p1a: Whooping cough\n|\n|upkeep\n|\n|t:|1699230840\n|switch|p1a: Bed bug|Giratina|100\/100\n|-ability|p1a: Bed bug|Pressure\n|turn|3\n|\n|t:|1699230859\n|move|p1a: Bed bug|Shadow Sneak|p2a: Chien-Pao\n|-resisted|p2a: Chien-Pao\n|-damage|p2a: Chien-Pao|0 fnt\n|faint|p2a: Chien-Pao\n|\n|upkeep\n|\n|t:|1699230863\n|switch|p2a: Tyranitar|Tyranitar, F|100\/100\n|-weather|Sandstorm|[from] ability: Sand Stream|[of] p2a: Tyranitar\n|turn|4\n|\n|t:|1699230870\n|move|p1a: Bed bug|Outrage|p2a: Tyranitar\n|-damage|p2a: Tyranitar|49\/100\n|move|p2a: Tyranitar|Fire Punch|p1a: Bed bug\n|-resisted|p1a: Bed bug\n|-damage|p1a: Bed bug|93\/100\n|\n|-weather|Sandstorm|[upkeep]\n|-damage|p1a: Bed bug|87\/100|[from] Sandstorm\n|upkeep\n|turn|5\n|\n|t:|1699230879\n|switch|p2a: Iron Treads|Iron Treads|100\/100\n|move|p1a: Bed bug|Outrage|p2a: Iron Treads|[from]lockedmove\n|-resisted|p2a: Iron Treads\n|-damage|p2a: Iron Treads|83\/100\n|\n|-weather|Sandstorm|[upkeep]\n|-damage|p1a: Bed bug|81\/100|[from] Sandstorm\n|-heal|p2a: Iron Treads|89\/100|[from] item: Leftovers\n|upkeep\n|turn|6\n|\n|t:|1699230891\n|move|p2a: Iron Treads|Stealth Rock|p1a: Bed bug\n|-sidestart|p1: Dumbfudge|move: Stealth Rock\n|move|p1a: Bed bug|Outrage|p2a: Iron Treads|[from]lockedmove\n|-resisted|p2a: Iron Treads\n|-damage|p2a: Iron Treads|71\/100\n|-start|p1a: Bed bug|confusion|[fatigue]\n|\n|-weather|Sandstorm|[upkeep]\n|-damage|p1a: Bed bug|75\/100|[from] Sandstorm\n|-heal|p2a: Iron Treads|77\/100|[from] item: Leftovers\n|upkeep\n|turn|7\n|\n|t:|1699230905\n|move|p2a: Iron Treads|Heavy Slam|p1a: Bed bug\n|-damage|p1a: Bed bug|65\/100\n|-activate|p1a: Bed bug|confusion\n|move|p1a: Bed bug|Defog|p2a: Iron Treads\n|-unboost|p2a: Iron Treads|evasion|1\n|-sideend|p1: Dumbfudge|Stealth Rock|[from] move: Defog|[of] p1a: Bed bug\n|\n|-weather|Sandstorm|[upkeep]\n|-damage|p1a: Bed bug|59\/100|[from] Sandstorm\n|-heal|p2a: Iron Treads|84\/100|[from] item: Leftovers\n|upkeep\n|turn|8\n|\n|t:|1699230916\n|-end|p1a: Bed bug|confusion\n|move|p1a: Bed bug|Shadow Sneak|p2a: Iron Treads\n|-damage|p2a: Iron Treads|72\/100\n|move|p2a: Iron Treads|Earthquake|p1a: Bed bug\n|-damage|p1a: Bed bug|33\/100\n|\n|-weather|none\n|-heal|p2a: Iron Treads|78\/100|[from] item: Leftovers\n|upkeep\n|turn|9\n|\n|t:|1699230943\n|move|p2a: Iron Treads|Earthquake|p1a: Bed bug\n|-damage|p1a: Bed bug|10\/100\n|move|p1a: Bed bug|Roar|p2a: Iron Treads\n|-end|p2a: Iron Treads|Quark Drive|[silent]\n|drag|p2a: Gholdengo|Gholdengo|100\/100\n|\n|upkeep\n|turn|10\n|\n|t:|1699230953\n|switch|p2a: Iron Treads|Iron Treads|78\/100\n|move|p1a: Bed bug|Shadow Sneak|p2a: Iron Treads\n|-damage|p2a: Iron Treads|67\/100\n|\n|-heal|p2a: Iron Treads|73\/100|[from] item: Leftovers\n|upkeep\n|turn|11\n|\n|t:|1699230964\n|move|p1a: Bed bug|Shadow Sneak|p2a: Iron Treads\n|-crit|p2a: Iron Treads\n|-damage|p2a: Iron Treads|56\/100\n|move|p2a: Iron Treads|Earthquake|p1a: Bed bug\n|-damage|p1a: Bed bug|0 fnt\n|faint|p1a: Bed bug\n|\n|-heal|p2a: Iron Treads|63\/100|[from] item: Leftovers\n|upkeep\n|\n|t:|1699230973\n|switch|p1a: Chickenpox|Espathra, F|100\/100\n|turn|12\n|\n|t:|1699230984\n|-end|p2a: Iron Treads|Quark Drive|[silent]\n|switch|p2a: Gholdengo|Gholdengo|100\/100\n|move|p1a: Chickenpox|Protect||[still]\n|-fail|p1a: Chickenpox\n|\n|-ability|p1a: Chickenpox|Speed Boost|boost\n|-boost|p1a: Chickenpox|spe|1\n|upkeep\n|turn|13\n|\n|t:|1699230995\n|move|p1a: Chickenpox|Substitute|p1a: Chickenpox\n|-start|p1a: Chickenpox|Substitute\n|-damage|p1a: Chickenpox|76\/100\n|move|p2a: Gholdengo|Nasty Plot|p2a: Gholdengo\n|-boost|p2a: Gholdengo|spa|2\n|\n|-ability|p1a: Chickenpox|Speed Boost|boost\n|-boost|p1a: Chickenpox|spe|1\n|upkeep\n|turn|14\n|\n|t:|1699231005\n|move|p1a: Chickenpox|Baton Pass|p1a: Chickenpox\n|\n|t:|1699231008\n|switch|p1a: Cancer|Shaymin-Sky|100\/100|[from] Baton Pass\n|move|p2a: Gholdengo|Nasty Plot|p2a: Gholdengo\n|-boost|p2a: Gholdengo|spa|2\n|\n|upkeep\n|turn|15\n|\n|t:|1699231017\n|move|p1a: Cancer|Air Slash|p2a: Gholdengo\n|-resisted|p2a: Gholdengo\n|-damage|p2a: Gholdengo|82\/100\n|cant|p2a: Gholdengo|flinch\n|\n|-heal|p2a: Gholdengo|88\/100|[from] item: Leftovers\n|upkeep\n|turn|16\n|\n|t:|1699231024\n|move|p1a: Cancer|Air Slash|p2a: Gholdengo\n|-resisted|p2a: Gholdengo\n|-damage|p2a: Gholdengo|70\/100\n|cant|p2a: Gholdengo|flinch\n|\n|-heal|p2a: Gholdengo|76\/100|[from] item: Leftovers\n|upkeep\n|turn|17\n|\n|t:|1699231034\n|move|p1a: Cancer|Air Slash|p2a: Gholdengo\n|-resisted|p2a: Gholdengo\n|-damage|p2a: Gholdengo|59\/100\n|move|p2a: Gholdengo|Shadow Ball|p1a: Cancer\n|-end|p1a: Cancer|Substitute\n|\n|-heal|p2a: Gholdengo|65\/100|[from] item: Leftovers\n|upkeep\n|turn|18\n|\n|t:|1699231043\n|move|p1a: Cancer|Air Slash|p2a: Gholdengo\n|-resisted|p2a: Gholdengo\n|-damage|p2a: Gholdengo|47\/100\n|cant|p2a: Gholdengo|flinch\n|\n|-heal|p2a: Gholdengo|53\/100|[from] item: Leftovers\n|upkeep\n|turn|19\n|\n|t:|1699231051\n|move|p1a: Cancer|Air Slash|p2a: Gholdengo\n|-resisted|p2a: Gholdengo\n|-damage|p2a: Gholdengo|34\/100\n|cant|p2a: Gholdengo|flinch\n|\n|-heal|p2a: Gholdengo|40\/100|[from] item: Leftovers\n|upkeep\n|turn|20\n|\n|t:|1699231058\n|move|p1a: Cancer|Air Slash|p2a: Gholdengo\n|-resisted|p2a: Gholdengo\n|-damage|p2a: Gholdengo|23\/100\n|cant|p2a: Gholdengo|flinch\n|\n|-heal|p2a: Gholdengo|29\/100|[from] item: Leftovers\n|upkeep\n|turn|21\n|\n|t:|1699231070\n|move|p1a: Cancer|Air Slash|p2a: Gholdengo\n|-resisted|p2a: Gholdengo\n|-damage|p2a: Gholdengo|10\/100\n|cant|p2a: Gholdengo|flinch\n|\n|-heal|p2a: Gholdengo|16\/100|[from] item: Leftovers\n|upkeep\n|turn|22\n|\n|t:|1699231082\n|switch|p2a: Tyranitar|Tyranitar, F|49\/100\n|-weather|Sandstorm|[from] ability: Sand Stream|[of] p2a: Tyranitar\n|move|p1a: Cancer|Air Slash|p2a: Tyranitar\n|-resisted|p2a: Tyranitar\n|-damage|p2a: Tyranitar|44\/100\n|\n|-weather|Sandstorm|[upkeep]\n|-damage|p1a: Cancer|94\/100|[from] Sandstorm\n|upkeep\n|turn|23\n|\n|t:|1699231097\n|switch|p2a: Iron Treads|Iron Treads|63\/100\n|move|p1a: Cancer|Air Slash|p2a: Iron Treads\n|-resisted|p2a: Iron Treads\n|-damage|p2a: Iron Treads|39\/100\n|\n|-weather|Sandstorm|[upkeep]\n|-damage|p1a: Cancer|88\/100|[from] Sandstorm\n|-heal|p2a: Iron Treads|46\/100|[from] item: Leftovers\n|upkeep\n|turn|24\n|\n|t:|1699231114\n|move|p1a: Cancer|Air Slash|p2a: Iron Treads\n|-resisted|p2a: Iron Treads\n|-damage|p2a: Iron Treads|23\/100\n|cant|p2a: Iron Treads|flinch\n|\n|-weather|Sandstorm|[upkeep]\n|-damage|p1a: Cancer|82\/100|[from] Sandstorm\n|-heal|p2a: Iron Treads|30\/100|[from] item: Leftovers\n|upkeep\n|turn|25\n|\n|t:|1699231123\n|move|p1a: Cancer|Air Slash|p2a: Iron Treads\n|-resisted|p2a: Iron Treads\n|-damage|p2a: Iron Treads|6\/100\n|move|p2a: Iron Treads|Rapid Spin|p1a: Cancer\n|-damage|p1a: Cancer|67\/100\n|-boost|p2a: Iron Treads|spe|1\n|\n|-weather|Sandstorm|[upkeep]\n|-damage|p1a: Cancer|61\/100|[from] Sandstorm\n|-heal|p2a: Iron Treads|12\/100|[from] item: Leftovers\n|upkeep\n|turn|26\n|\n|t:|1699231134\n|move|p1a: Cancer|Air Slash|p2a: Iron Treads\n|-resisted|p2a: Iron Treads\n|-damage|p2a: Iron Treads|0 fnt\n|faint|p2a: Iron Treads\n|-end|p2a: Iron Treads|Quark Drive|[silent]\n|\n|-weather|none\n|upkeep\n|\n|t:|1699231138\n|switch|p2a: Quaquaval|Quaquaval, M|100\/100\n|turn|27\n|\n|t:|1699231142\n|move|p1a: Cancer|Air Slash|p2a: Quaquaval\n|-supereffective|p2a: Quaquaval\n|-damage|p2a: Quaquaval|4\/100\n|move|p2a: Quaquaval|Bulk Up|p2a: Quaquaval\n|-boost|p2a: Quaquaval|atk|1\n|-boost|p2a: Quaquaval|def|1\n|\n|upkeep\n|turn|28\n|\n|t:|1699231150\n|switch|p2a: Tyranitar|Tyranitar, F|44\/100\n|-weather|Sandstorm|[from] ability: Sand Stream|[of] p2a: Tyranitar\n|move|p1a: Cancer|Air Slash|p2a: Tyranitar\n|-resisted|p2a: Tyranitar\n|-damage|p2a: Tyranitar|39\/100\n|\n|-weather|Sandstorm|[upkeep]\n|-damage|p1a: Cancer|54\/100|[from] Sandstorm\n|upkeep\n|turn|29\n|\n|t:|1699231162\n|move|p1a: Cancer|Air Slash|p2a: Tyranitar\n|-resisted|p2a: Tyranitar\n|-damage|p2a: Tyranitar|35\/100\n|cant|p2a: Tyranitar|flinch\n|\n|-weather|Sandstorm|[upkeep]\n|-damage|p1a: Cancer|48\/100|[from] Sandstorm\n|upkeep\n|turn|30\n|\n|t:|1699231170\n|move|p1a: Cancer|Air Slash|p2a: Tyranitar|[miss]\n|-miss|p1a: Cancer|p2a: Tyranitar\n|move|p2a: Tyranitar|Fire Punch|p1a: Cancer\n|-supereffective|p1a: Cancer\n|-damage|p1a: Cancer|0 fnt\n|faint|p1a: Cancer\n|\n|-weather|Sandstorm|[upkeep]\n|upkeep\n|\n|t:|1699231186\n|switch|p1a: Ditto|Ditto|100\/100\n|-transform|p1a: Ditto|p2a: Tyranitar|[from] ability: Imposter\n|turn|31\n|\n|t:|1699231209\n|move|p1a: Ditto|Earthquake|p2a: Tyranitar\n|-supereffective|p2a: Tyranitar\n|-damage|p2a: Tyranitar|0 fnt\n|faint|p2a: Tyranitar\n|\n|-weather|Sandstorm|[upkeep]\n|upkeep\n|\n|t:|1699231213\n|switch|p2a: Amoonguss|Amoonguss, F|100\/100\n|turn|32\n|\n|t:|1699231224\n|switch|p1a: Flat out AIDS|Breloom, F|100\/100\n|move|p2a: Amoonguss|Giga Drain|p1a: Flat out AIDS\n|-resisted|p1a: Flat out AIDS\n|-damage|p1a: Flat out AIDS|77\/100\n|\n|-weather|none\n|upkeep\n|turn|33\n|\n|t:|1699231238\n|switch|p1a: Ditto|Ditto|100\/100\n|-transform|p1a: Ditto|p2a: Amoonguss|[from] ability: Imposter\n|move|p2a: Amoonguss|Toxic|p1a: Ditto\n|-immune|p1a: Ditto\n|\n|upkeep\n|turn|34\n|inactive|Dumbfudge has 120 seconds left.\n|\n|t:|1699231271\n|switch|p2a: Gholdengo|Gholdengo|16\/100\n|move|p1a: Ditto|Sludge Bomb|p2a: Gholdengo\n|-immune|p2a: Gholdengo\n|\n|-heal|p2a: Gholdengo|22\/100|[from] item: Leftovers\n|upkeep\n|turn|35\n|\n|t:|1699231290\n|switch|p1a: Chickenpox|Espathra, F|76\/100\n|move|p2a: Gholdengo|Recover|p2a: Gholdengo\n|-heal|p2a: Gholdengo|72\/100\n|\n|-heal|p2a: Gholdengo|79\/100|[from] item: Leftovers\n|upkeep\n|turn|36\n|\n|t:|1699231303\n|move|p1a: Chickenpox|Protect|p1a: Chickenpox\n|-singleturn|p1a: Chickenpox|Protect\n|move|p2a: Gholdengo|Nasty Plot|p2a: Gholdengo\n|-boost|p2a: Gholdengo|spa|2\n|\n|-heal|p2a: Gholdengo|85\/100|[from] item: Leftovers\n|-ability|p1a: Chickenpox|Speed Boost|boost\n|-boost|p1a: Chickenpox|spe|1\n|upkeep\n|turn|37\n|\n|t:|1699231314\n|move|p1a: Chickenpox|Substitute|p1a: Chickenpox\n|-start|p1a: Chickenpox|Substitute\n|-damage|p1a: Chickenpox|51\/100\n|move|p2a: Gholdengo|Shadow Ball|p1a: Chickenpox\n|-supereffective|p1a: Chickenpox\n|-end|p1a: Chickenpox|Substitute\n|\n|-heal|p2a: Gholdengo|91\/100|[from] item: Leftovers\n|-ability|p1a: Chickenpox|Speed Boost|boost\n|-boost|p1a: Chickenpox|spe|1\n|upkeep\n|turn|38\n|\n|t:|1699231325\n|move|p1a: Chickenpox|Baton Pass|p1a: Chickenpox\n|\n|t:|1699231329\n|switch|p1a: Ditto|Ditto|100\/100|[from] Baton Pass\n|-transform|p1a: Ditto|p2a: Gholdengo|[from] ability: Imposter\n|move|p2a: Gholdengo|Nasty Plot|p2a: Gholdengo\n|-boost|p2a: Gholdengo|spa|2\n|\n|-heal|p2a: Gholdengo|97\/100|[from] item: Leftovers\n|upkeep\n|turn|39\n|\n|t:|1699231351\n|-terastallize|p2a: Gholdengo|Steel\n|move|p1a: Ditto|Make It Rain|p2a: Gholdengo\n|-resisted|p2a: Gholdengo\n|-damage|p2a: Gholdengo|27\/100\n|-unboost|p1a: Ditto|spa|1\n|move|p2a: Gholdengo|Shadow Ball|p1a: Ditto\n|-supereffective|p1a: Ditto\n|-damage|p1a: Ditto|0 fnt\n|faint|p1a: Ditto\n|\n|-heal|p2a: Gholdengo|33\/100|[from] item: Leftovers\n|upkeep\n|inactive|Dumbfudge has 90 seconds left.\n|\n|t:|1699231374\n|switch|p1a: Chickenpox|Espathra, F|51\/100\n|turn|40\n|inactive|Dumbfudge has 90 seconds left.\n|\n|t:|1699231385\n|move|p1a: Chickenpox|Protect|p1a: Chickenpox\n|-singleturn|p1a: Chickenpox|Protect\n|move|p2a: Gholdengo|Recover|p2a: Gholdengo\n|-heal|p2a: Gholdengo|83\/100\n|\n|-heal|p2a: Gholdengo|89\/100|[from] item: Leftovers\n|-ability|p1a: Chickenpox|Speed Boost|boost\n|-boost|p1a: Chickenpox|spe|1\n|upkeep\n|turn|41\n|inactive|Dumbfudge has 90 seconds left.\n|\n|t:|1699231395\n|move|p1a: Chickenpox|Substitute|p1a: Chickenpox\n|-start|p1a: Chickenpox|Substitute\n|-damage|p1a: Chickenpox|26\/100\n|move|p2a: Gholdengo|Shadow Ball|p1a: Chickenpox\n|-supereffective|p1a: Chickenpox\n|-end|p1a: Chickenpox|Substitute\n|\n|-heal|p2a: Gholdengo|95\/100|[from] item: Leftovers\n|-ability|p1a: Chickenpox|Speed Boost|boost\n|-boost|p1a: Chickenpox|spe|1\n|upkeep\n|turn|42\n|inactive|Dumbfudge has 90 seconds left.\n|\n|t:|1699231405\n|move|p1a: Chickenpox|Substitute|p1a: Chickenpox\n|-start|p1a: Chickenpox|Substitute\n|-damage|p1a: Chickenpox|1\/100\n|move|p2a: Gholdengo|Shadow Ball|p1a: Chickenpox\n|-supereffective|p1a: Chickenpox\n|-end|p1a: Chickenpox|Substitute\n|\n|-heal|p2a: Gholdengo|100\/100|[from] item: Leftovers\n|-ability|p1a: Chickenpox|Speed Boost|boost\n|-boost|p1a: Chickenpox|spe|1\n|upkeep\n|turn|43\n|inactive|Dumbfudge has 90 seconds left.\n|\n|t:|1699231416\n|move|p1a: Chickenpox|Baton Pass|p1a: Chickenpox\n|\n|t:|1699231417\n|switch|p1a: Flat out AIDS|Breloom, F|77\/100|[from] Baton Pass\n|move|p2a: Gholdengo|Shadow Ball|p1a: Flat out AIDS\n|-damage|p1a: Flat out AIDS|0 fnt\n|faint|p1a: Flat out AIDS\n|\n|upkeep\n|-message|Dumbfudge forfeited.\n|\n|win|jeefeycool\n|raw|Dumbfudge's rating: 1326 &rarr; <strong>1300<\/strong><br \/>(-26 for losing)\n|raw|jeefeycool's rating: 1227 &rarr; <strong>1259<\/strong><br \/>(+32 for winning)\n|l|\u2606Dumbfudge\n|c|\u2606jeefeycool|gg\n","uploadtime":1699231434,"views":18,"p1id":"dumbfudge","p2id":"jeefeycool","formatid":"gen9anythinggoes","rating":1259,"private":0,"password":""}