{"id":"gen9anythinggoes-1976241600","p1":"Kyropasta","p2":"MegaWill19","format":"[Gen 9] Anything Goes","log":"|j|\u2606Kyropasta\n|j|\u2606MegaWill19\n|t:|1698277535\n|gametype|singles\n|player|p1|Kyropasta|steven-masters|1118\n|player|p2|MegaWill19|265|1049\n|teamsize|p1|6\n|teamsize|p2|6\n|gen|9\n|tier|[Gen 9] Anything Goes\n|rated|\n|rule|HP Percentage Mod: HP is shown in percentages\n|rule|Endless Battle Clause: Forcing endless battles is banned\n|clearpoke\n|poke|p1|Calyrex-Shadow|\n|poke|p1|Mew|\n|poke|p1|Zacian-*|\n|poke|p1|Garchomp, F|\n|poke|p1|Azumarill, M|\n|poke|p1|Hoopa-Unbound|\n|poke|p2|Greninja-*, F|\n|poke|p2|Blissey, F|\n|poke|p2|Gholdengo|\n|poke|p2|Zacian-*|\n|poke|p2|Mewtwo|\n|poke|p2|Cinderace, M|\n|teampreview\n|\n|t:|1698277555\n|start\n|switch|p1a: Calyrex|Calyrex-Shadow|100\/100\n|switch|p2a: NINJA SPARKLE|Greninja, F, shiny|100\/100\n|-ability|p1a: Calyrex|As One\n|-ability|p1a: Calyrex|Unnerve\n|turn|1\n|\n|t:|1698277565\n|move|p1a: Calyrex|Astral Barrage|p2a: NINJA SPARKLE\n|-resisted|p2a: NINJA SPARKLE\n|-crit|p2a: NINJA SPARKLE\n|-damage|p2a: NINJA SPARKLE|10\/100\n|move|p2a: NINJA SPARKLE|Dark Pulse|p1a: Calyrex\n|-supereffective|p1a: Calyrex\n|-crit|p1a: Calyrex\n|-damage|p1a: Calyrex|0 fnt\n|faint|p1a: Calyrex\n|\n|-heal|p2a: NINJA SPARKLE|16\/100|[from] item: Leftovers\n|upkeep\n|\n|t:|1698277572\n|switch|p1a: Zacian|Zacian-Crowned|100\/100\n|-ability|p1a: Zacian|Intrepid Sword|boost\n|-boost|p1a: Zacian|atk|1\n|turn|2\n|\n|t:|1698277600\n|switch|p2a: Ronaldo|Cinderace, M, shiny|100\/100\n|move|p1a: Zacian|Play Rough|p2a: Ronaldo\n|-resisted|p2a: Ronaldo\n|-damage|p2a: Ronaldo|42\/100\n|\n|upkeep\n|turn|3\n|\n|t:|1698277610\n|move|p1a: Zacian|Play Rough|p2a: Ronaldo\n|-resisted|p2a: Ronaldo\n|-damage|p2a: Ronaldo|0 fnt\n|faint|p2a: Ronaldo\n|\n|upkeep\n|\n|t:|1698277617\n|switch|p2a: The chosen sword|Zacian-Crowned, shiny|100\/100\n|-ability|p2a: The chosen sword|Intrepid Sword|boost\n|-boost|p2a: The chosen sword|atk|1\n|turn|4\n|\n|t:|1698277626\n|move|p1a: Zacian|Behemoth Blade|p2a: The chosen sword\n|-damage|p2a: The chosen sword|17\/100\n|move|p2a: The chosen sword|Swords Dance|p2a: The chosen sword\n|-boost|p2a: The chosen sword|atk|2\n|\n|upkeep\n|turn|5\n|\n|t:|1698277634\n|move|p1a: Zacian|Behemoth Blade|p2a: The chosen sword\n|-damage|p2a: The chosen sword|0 fnt\n|faint|p2a: The chosen sword\n|\n|upkeep\n|\n|t:|1698277643\n|switch|p2a: Glitter TANK|Blissey, F, shiny|100\/100\n|turn|6\n|\n|t:|1698277646\n|move|p1a: Zacian|Behemoth Blade|p2a: Glitter TANK\n|-crit|p2a: Glitter TANK\n|-damage|p2a: Glitter TANK|0 fnt\n|-damage|p1a: Zacian|84\/100|[from] item: Rocky Helmet|[of] p2a: Glitter TANK\n|faint|p2a: Glitter TANK\n|\n|upkeep\n|\n|t:|1698277654\n|switch|p2a: Gold boy|Gholdengo, shiny|100\/100\n|turn|7\n|\n|t:|1698277662\n|move|p1a: Zacian|Behemoth Blade|p2a: Gold boy\n|-resisted|p2a: Gold boy\n|-damage|p2a: Gold boy|55\/100\n|move|p2a: Gold boy|Flash Cannon|p1a: Zacian\n|-damage|p1a: Zacian|47\/100\n|\n|upkeep\n|turn|8\n|\n|t:|1698277669\n|-terastallize|p1a: Zacian|Steel\n|move|p1a: Zacian|Play Rough|p2a: Gold boy|[miss]\n|-miss|p1a: Zacian|p2a: Gold boy\n|move|p2a: Gold boy|Flash Cannon|p1a: Zacian\n|-resisted|p1a: Zacian\n|-damage|p1a: Zacian|25\/100\n|\n|upkeep\n|turn|9\n|\n|t:|1698277678\n|move|p1a: Zacian|Play Rough|p2a: Gold boy\n|-resisted|p2a: Gold boy\n|-damage|p2a: Gold boy|12\/100\n|move|p2a: Gold boy|Flash Cannon|p1a: Zacian\n|-resisted|p1a: Zacian\n|-damage|p1a: Zacian|4\/100\n|\n|upkeep\n|turn|10\n|\n|t:|1698277688\n|move|p1a: Zacian|Play Rough|p2a: Gold boy\n|-resisted|p2a: Gold boy\n|-damage|p2a: Gold boy|0 fnt\n|faint|p2a: Gold boy\n|\n|upkeep\n|\n|t:|1698277694\n|switch|p2a: NINJA SPARKLE|Greninja, F, shiny|16\/100\n|turn|11\n|\n|t:|1698277703\n|move|p1a: Zacian|Behemoth Blade|p2a: NINJA SPARKLE\n|-resisted|p2a: NINJA SPARKLE\n|-damage|p2a: NINJA SPARKLE|0 fnt\n|faint|p2a: NINJA SPARKLE\n|\n|upkeep\n|\n|t:|1698277709\n|switch|p2a: Devil|Mewtwo, shiny|100\/100\n|-ability|p2a: Devil|Pressure\n|turn|12\n|\n|t:|1698277715\n|move|p1a: Zacian|Behemoth Blade|p2a: Devil\n|-damage|p2a: Devil|0 fnt\n|faint|p2a: Devil\n|\n|win|Kyropasta\n|raw|Kyropasta's rating: 1118 &rarr; <strong>1138<\/strong><br \/>(+20 for winning)\n|raw|MegaWill19's rating: 1049 &rarr; <strong>1035<\/strong><br \/>(-14 for losing)\n|l|\u2606MegaWill19\n","uploadtime":1698277724,"views":10,"p1id":"kyropasta","p2id":"megawill19","formatid":"gen9anythinggoes","rating":1035,"private":0,"password":""}