{"id":"gen9anythinggoes-2000006936","p1":"YoungEsq","p2":"Netsu5","format":"[Gen 9] Anything Goes","log":"|j|\u2606YoungEsq\n|j|\u2606Netsu5\n|t:|1701140389\n|gametype|singles\n|player|p1|YoungEsq|1|1212\n|player|p2|Netsu5|red|1084\n|teamsize|p1|6\n|teamsize|p2|6\n|gen|9\n|tier|[Gen 9] Anything Goes\n|rated|\n|rule|HP Percentage Mod: HP is shown in percentages\n|rule|Endless Battle Clause: Forcing endless battles is banned\n|clearpoke\n|poke|p1|Ting-Lu|\n|poke|p1|Gholdengo|\n|poke|p1|Roaring Moon|\n|poke|p1|Chi-Yu|\n|poke|p1|Samurott-Hisui, M|\n|poke|p1|Mandibuzz, F|\n|poke|p2|Palafin, M|\n|poke|p2|Pelipper, M|\n|poke|p2|Polteageist|\n|poke|p2|Polteageist|\n|poke|p2|Polteageist|\n|poke|p2|Torkoal, M|\n|teampreview\n|inactive|Battle timer is ON: inactive players will automatically lose when time's up. (requested by Netsu5)\n|\n|t:|1701140398\n|start\n|switch|p1a: Ting-Lu|Ting-Lu|100\/100\n|switch|p2a: Polteageist|Polteageist|100\/100\n|-ability|p1a: Ting-Lu|Vessel of Ruin\n|turn|1\n|\n|t:|1701140404\n|move|p2a: Polteageist|Trick|p1a: Ting-Lu\n|-activate|p2a: Polteageist|move: Trick|[of] p1a: Ting-Lu\n|-item|p1a: Ting-Lu|Sticky Barb|[from] move: Trick\n|-item|p2a: Polteageist|Leftovers|[from] move: Trick\n|move|p1a: Ting-Lu|Whirlwind|p2a: Polteageist\n|drag|p2a: Pelipper|Pelipper, M, shiny|100\/100\n|-weather|RainDance|[from] ability: Drizzle|[of] p2a: Pelipper\n|\n|-weather|RainDance|[upkeep]\n|-damage|p1a: Ting-Lu|88\/100|[from] item: Sticky Barb\n|upkeep\n|turn|2\n|\n|t:|1701140419\n|switch|p2a: Torkoal|Torkoal, M|100\/100\n|move|p1a: Ting-Lu|Stealth Rock|p2a: Torkoal\n|-sidestart|p2: Netsu5|move: Stealth Rock\n|\n|-weather|RainDance|[upkeep]\n|-damage|p1a: Ting-Lu|76\/100|[from] item: Sticky Barb\n|upkeep\n|turn|3\n|\n|t:|1701140427\n|move|p1a: Ting-Lu|Earthquake|p2a: Torkoal\n|-supereffective|p2a: Torkoal\n|-damage|p2a: Torkoal|47\/100\n|move|p2a: Torkoal|Will-O-Wisp|p1a: Ting-Lu\n|-status|p1a: Ting-Lu|brn\n|\n|-weather|RainDance|[upkeep]\n|-heal|p2a: Torkoal|54\/100|[from] item: Leftovers\n|-damage|p1a: Ting-Lu|69\/100 brn|[from] brn\n|-damage|p1a: Ting-Lu|57\/100 brn|[from] item: Sticky Barb\n|upkeep\n|turn|4\n|\n|t:|1701140437\n|switch|p1a: Samurott|Samurott-Hisui, M|100\/100\n|move|p2a: Torkoal|Rapid Spin|p1a: Samurott\n|-damage|p1a: Samurott|89\/100\n|-boost|p2a: Torkoal|spe|1\n|-sideend|p2: Netsu5|Stealth Rock|[from] move: Rapid Spin|[of] p2a: Torkoal\n|\n|-weather|RainDance|[upkeep]\n|-heal|p2a: Torkoal|60\/100|[from] item: Leftovers\n|upkeep\n|turn|5\n|\n|t:|1701140447\n|move|p1a: Samurott|Ceaseless Edge|p2a: Torkoal\n|-damage|p2a: Torkoal|28\/100\n|-sidestart|p2: Netsu5|Spikes\n|move|p2a: Torkoal|Will-O-Wisp|p1a: Samurott\n|-status|p1a: Samurott|brn\n|\n|-weather|RainDance|[upkeep]\n|-heal|p2a: Torkoal|34\/100|[from] item: Leftovers\n|-damage|p1a: Samurott|83\/100 brn|[from] brn\n|upkeep\n|turn|6\n|\n|t:|1701140456\n|move|p1a: Samurott|Razor Shell|p2a: Torkoal\n|-supereffective|p2a: Torkoal\n|-damage|p2a: Torkoal|0 fnt\n|faint|p2a: Torkoal\n|\n|-weather|RainDance|[upkeep]\n|-damage|p1a: Samurott|77\/100 brn|[from] brn\n|upkeep\n|\n|t:|1701140463\n|switch|p2a: Polteageist|Polteageist|100\/100\n|-damage|p2a: Polteageist|88\/100|[from] Spikes\n|turn|7\n|\n|t:|1701140469\n|move|p1a: Samurott|Ceaseless Edge|p2a: Polteageist\n|-supereffective|p2a: Polteageist\n|-damage|p2a: Polteageist|23\/100\n|-sidestart|p2: Netsu5|Spikes\n|move|p2a: Polteageist|Trick|p1a: Samurott\n|-activate|p2a: Polteageist|move: Trick|[of] p1a: Samurott\n|-item|p1a: Samurott|Sticky Barb|[from] move: Trick\n|-item|p2a: Polteageist|Roseli Berry|[from] move: Trick\n|\n|-weather|RainDance|[upkeep]\n|-damage|p1a: Samurott|71\/100 brn|[from] brn\n|-damage|p1a: Samurott|58\/100 brn|[from] item: Sticky Barb\n|upkeep\n|turn|8\n|\n|t:|1701140480\n|move|p1a: Samurott|Ceaseless Edge|p2a: Polteageist|[miss]\n|-miss|p1a: Samurott|p2a: Polteageist\n|move|p2a: Polteageist|Curse|p1a: Samurott\n|-start|p1a: Samurott|Curse|[of] p2a: Polteageist\n|-damage|p2a: Polteageist|0 fnt\n|faint|p2a: Polteageist\n|\n|-weather|none\n|-damage|p1a: Samurott|52\/100 brn|[from] brn\n|-damage|p1a: Samurott|27\/100 brn|[from] Curse\n|-damage|p1a: Samurott|15\/100 brn|[from] item: Sticky Barb\n|upkeep\n|\n|t:|1701140492\n|switch|p2a: Palafin|Palafin, M, shiny|100\/100\n|-damage|p2a: Palafin|84\/100|[from] Spikes\n|turn|9\n|\n|t:|1701140502\n|detailschange|p2a: Palafin|Palafin-Hero, M, shiny\n|switch|p2a: Pelipper|Pelipper, M, shiny|100\/100\n|-weather|RainDance|[from] ability: Drizzle|[of] p2a: Pelipper\n|move|p1a: Samurott|Ceaseless Edge|p2a: Pelipper\n|-damage|p2a: Pelipper|77\/100\n|-sidestart|p2: Netsu5|Spikes\n|\n|-weather|RainDance|[upkeep]\n|-damage|p1a: Samurott|8\/100 brn|[from] brn\n|-damage|p1a: Samurott|0 fnt|[from] Curse\n|faint|p1a: Samurott\n|upkeep\n|\n|t:|1701140521\n|switch|p1a: Mandibuzz|Mandibuzz, F|100\/100\n|turn|10\n|\n|t:|1701140529\n|move|p1a: Mandibuzz|Toxic|p2a: Pelipper\n|-status|p2a: Pelipper|tox\n|move|p2a: Pelipper|Knock Off|p1a: Mandibuzz\n|-resisted|p1a: Mandibuzz\n|-damage|p1a: Mandibuzz|92\/100\n|-enditem|p1a: Mandibuzz|Heavy-Duty Boots|[from] move: Knock Off|[of] p2a: Pelipper\n|\n|-weather|RainDance|[upkeep]\n|-damage|p2a: Pelipper|71\/100 tox|[from] psn\n|upkeep\n|turn|11\n|\n|t:|1701140545\n|move|p1a: Mandibuzz|Foul Play|p2a: Pelipper\n|-damage|p2a: Pelipper|39\/100 tox\n|move|p2a: Pelipper|Weather Ball|p1a: Mandibuzz\n|-damage|p1a: Mandibuzz|59\/100\n|\n|-weather|RainDance|[upkeep]\n|-damage|p2a: Pelipper|27\/100 tox|[from] psn\n|upkeep\n|turn|12\n|\n|t:|1701140554\n|move|p1a: Mandibuzz|Roost|p1a: Mandibuzz\n|-heal|p1a: Mandibuzz|100\/100\n|-singleturn|p1a: Mandibuzz|move: Roost\n|move|p2a: Pelipper|Weather Ball|p1a: Mandibuzz\n|-damage|p1a: Mandibuzz|71\/100\n|\n|-weather|RainDance|[upkeep]\n|-damage|p2a: Pelipper|8\/100 tox|[from] psn\n|upkeep\n|turn|13\n|\n|t:|1701140565\n|move|p1a: Mandibuzz|Roost|p1a: Mandibuzz\n|-heal|p1a: Mandibuzz|100\/100\n|-singleturn|p1a: Mandibuzz|move: Roost\n|move|p2a: Pelipper|Supersonic|p1a: Mandibuzz|[miss]\n|-miss|p2a: Pelipper|p1a: Mandibuzz\n|\n|-weather|RainDance|[upkeep]\n|-damage|p2a: Pelipper|0 fnt|[from] psn\n|faint|p2a: Pelipper\n|upkeep\n|\n|t:|1701140574\n|switch|p2a: Palafin|Palafin-Hero, M, shiny|84\/100\n|-damage|p2a: Palafin|59\/100|[from] Spikes\n|-activate|p2a: Palafin|ability: Zero to Hero\n|turn|14\n|\n|t:|1701140580\n|move|p2a: Palafin|Jet Punch|p1a: Mandibuzz\n|-damage|p1a: Mandibuzz|39\/100\n|move|p1a: Mandibuzz|Toxic|p2a: Palafin\n|-status|p2a: Palafin|tox\n|\n|-weather|RainDance|[upkeep]\n|-damage|p2a: Palafin|53\/100 tox|[from] psn\n|upkeep\n|turn|15\n|\n|t:|1701140586\n|-terastallize|p1a: Mandibuzz|Grass\n|move|p2a: Palafin|Jet Punch|p1a: Mandibuzz\n|-resisted|p1a: Mandibuzz\n|-damage|p1a: Mandibuzz|7\/100\n|move|p1a: Mandibuzz|Roost|p1a: Mandibuzz\n|-heal|p1a: Mandibuzz|57\/100\n|\n|-weather|RainDance|[upkeep]\n|-damage|p2a: Palafin|41\/100 tox|[from] psn\n|upkeep\n|turn|16\n|\n|t:|1701140590\n|move|p2a: Palafin|Jet Punch|p1a: Mandibuzz\n|-resisted|p1a: Mandibuzz\n|-damage|p1a: Mandibuzz|27\/100\n|move|p1a: Mandibuzz|Roost|p1a: Mandibuzz\n|-heal|p1a: Mandibuzz|77\/100\n|\n|-weather|none\n|-damage|p2a: Palafin|22\/100 tox|[from] psn\n|upkeep\n|turn|17\n|\n|t:|1701140593\n|move|p2a: Palafin|Jet Punch|p1a: Mandibuzz\n|-resisted|p1a: Mandibuzz\n|-damage|p1a: Mandibuzz|55\/100\n|move|p1a: Mandibuzz|Roost|p1a: Mandibuzz\n|-heal|p1a: Mandibuzz|100\/100\n|\n|-damage|p2a: Palafin|0 fnt|[from] psn\n|faint|p2a: Palafin\n|upkeep\n|-message|Netsu5 forfeited.\n|\n|win|YoungEsq\n|raw|YoungEsq's rating: 1212 &rarr; <strong>1228<\/strong><br \/>(+16 for winning)\n|raw|Netsu5's rating: 1084 &rarr; <strong>1069<\/strong><br \/>(-15 for losing)\n|l|\u2606Netsu5\n","uploadtime":1701140601,"views":0,"p1id":"youngesq","p2id":"netsu5","formatid":"gen9anythinggoes","rating":1069,"private":0,"password":""}