{"id":"gen9anythinggoes-1992990213","p1":"hggjhgj","p2":"Species Enthusiast","format":"[Gen 9] Anything Goes","log":"|j|\u2606hggjhgj\n|j|\u2606Species Enthusiast\n|t:|1700253276\n|gametype|singles\n|player|p1|hggjhgj|102|1245\n|player|p2|Species Enthusiast|hilda|1300\n|teamsize|p1|6\n|teamsize|p2|6\n|gen|9\n|tier|[Gen 9] Anything Goes\n|rated|\n|rule|HP Percentage Mod: HP is shown in percentages\n|rule|Endless Battle Clause: Forcing endless battles is banned\n|clearpoke\n|poke|p1|Iron Bundle|\n|poke|p1|Iron Bundle|\n|poke|p1|Iron Bundle|\n|poke|p1|Iron Bundle|\n|poke|p1|Iron Bundle|\n|poke|p1|Iron Bundle|\n|poke|p2|Baxcalibur, M|\n|poke|p2|Baxcalibur, M|\n|poke|p2|Baxcalibur, M|\n|poke|p2|Baxcalibur, M|\n|poke|p2|Baxcalibur, M|\n|poke|p2|Baxcalibur, M|\n|teampreview\n|inactive|Battle timer is ON: inactive players will automatically lose when time's up. (requested by hggjhgj)\n|inactive|hggjhgj has 120 seconds left.\n|\n|t:|1700253311\n|start\n|switch|p1a: tera normal|Iron Bundle|100\/100\n|switch|p2a: Halberd|Baxcalibur, M|100\/100\n|turn|1\n|\n|t:|1700253330\n|move|p1a: tera normal|Freeze-Dry|p2a: Halberd\n|-damage|p2a: Halberd|59\/100\n|move|p2a: Halberd|Dragon Dance|p2a: Halberd\n|-boost|p2a: Halberd|atk|1\n|-boost|p2a: Halberd|spe|1\n|\n|upkeep\n|turn|2\n|\n|t:|1700253344\n|move|p2a: Halberd|Brick Break|p1a: tera normal\n|-supereffective|p1a: tera normal\n|-enditem|p1a: tera normal|Focus Sash\n|-damage|p1a: tera normal|1\/100\n|move|p1a: tera normal|Freeze-Dry|p2a: Halberd\n|-damage|p2a: Halberd|19\/100\n|\n|upkeep\n|turn|3\n|\n|t:|1700253353\n|move|p2a: Halberd|Dragon Claw|p1a: tera normal\n|-crit|p1a: tera normal\n|-damage|p1a: tera normal|0 fnt\n|faint|p1a: tera normal\n|-end|p1a: tera normal|Quark Drive|[silent]\n|\n|upkeep\n|\n|t:|1700253360\n|switch|p1a: tera water|Iron Bundle|100\/100\n|-enditem|p1a: tera water|Booster Energy\n|-activate|p1a: tera water|ability: Quark Drive|[fromitem]\n|-start|p1a: tera water|quarkdrivespe\n|turn|4\n|\n|t:|1700253365\n|move|p1a: tera water|Freeze-Dry|p2a: Halberd\n|-damage|p2a: Halberd|0 fnt\n|faint|p2a: Halberd\n|\n|upkeep\n|\n|t:|1700253371\n|switch|p2a: Double Bit|Baxcalibur, M|100\/100\n|turn|5\n|\n|t:|1700253377\n|move|p1a: tera water|Substitute|p1a: tera water\n|-start|p1a: tera water|Substitute\n|-damage|p1a: tera water|76\/100\n|move|p2a: Double Bit|Dragon Tail|p1a: tera water\n|-end|p1a: tera water|Substitute\n|\n|upkeep\n|turn|6\n|\n|t:|1700253385\n|move|p1a: tera water|Substitute|p1a: tera water\n|-start|p1a: tera water|Substitute\n|-damage|p1a: tera water|51\/100\n|move|p2a: Double Bit|Thunder Fang|p1a: tera water\n|-supereffective|p1a: tera water\n|-end|p1a: tera water|Substitute\n|\n|upkeep\n|turn|7\n|\n|t:|1700253391\n|move|p1a: tera water|Freeze-Dry|p2a: Double Bit\n|-damage|p2a: Double Bit|73\/100\n|move|p2a: Double Bit|Thunder Fang|p1a: tera water\n|-supereffective|p1a: tera water\n|-damage|p1a: tera water|0 fnt\n|faint|p1a: tera water\n|-end|p1a: tera water|Quark Drive|[silent]\n|\n|-heal|p2a: Double Bit|79\/100|[from] item: Leftovers\n|upkeep\n|\n|t:|1700253403\n|switch|p1a: tera ice|Iron Bundle|100\/100\n|turn|8\n|\n|t:|1700253407\n|move|p1a: tera ice|Blizzard|p2a: Double Bit\n|-crit|p2a: Double Bit\n|-damage|p2a: Double Bit|0 fnt\n|faint|p2a: Double Bit\n|\n|upkeep\n|\n|t:|1700253417\n|switch|p2a: Bardiche|Baxcalibur, M|100\/100\n|turn|9\n|\n|t:|1700253420\n|move|p1a: tera ice|Blizzard|p2a: Bardiche|[miss]\n|-miss|p1a: tera ice|p2a: Bardiche\n|move|p2a: Bardiche|Focus Energy|p2a: Bardiche\n|-start|p2a: Bardiche|move: Focus Energy\n|\n|upkeep\n|turn|10\n|\n|t:|1700253426\n|move|p1a: tera ice|Blizzard|p2a: Bardiche\n|-damage|p2a: Bardiche|36\/100\n|move|p2a: Bardiche|Substitute|p2a: Bardiche\n|-start|p2a: Bardiche|Substitute\n|-damage|p2a: Bardiche|11\/100\n|\n|-heal|p2a: Bardiche|17\/100|[from] item: Leftovers\n|upkeep\n|turn|11\n|\n|t:|1700253444\n|move|p1a: tera ice|Blizzard|p2a: Bardiche\n|-end|p2a: Bardiche|Substitute\n|move|p2a: Bardiche|Breaking Swipe|p1a: tera ice\n|-crit|p1a: tera ice\n|-damage|p1a: tera ice|53\/100\n|-unboost|p1a: tera ice|atk|1\n|\n|-heal|p2a: Bardiche|23\/100|[from] item: Leftovers\n|upkeep\n|turn|12\n|\n|t:|1700253452\n|move|p1a: tera ice|Blizzard|p2a: Bardiche\n|-damage|p2a: Bardiche|0 fnt\n|faint|p2a: Bardiche\n|\n|upkeep\n|\n|t:|1700253457\n|switch|p2a: Francisca|Baxcalibur, M|100\/100\n|turn|13\n|\n|t:|1700253469\n|move|p1a: tera ice|Blizzard|p2a: Francisca\n|-damage|p2a: Francisca|11\/100\n|move|p2a: Francisca|Scale Shot|p1a: tera ice\n|-damage|p1a: tera ice|37\/100\n|-damage|p1a: tera ice|19\/100\n|-damage|p1a: tera ice|2\/100\n|-hitcount|p1a: tera ice|3\n|-unboost|p2a: Francisca|def|1\n|-boost|p2a: Francisca|spe|1\n|\n|upkeep\n|turn|14\n|\n|t:|1700253482\n|move|p2a: Francisca|Crunch|p1a: tera ice\n|-damage|p1a: tera ice|0 fnt\n|faint|p1a: tera ice\n|-end|p1a: tera ice|Quark Drive|[silent]\n|\n|upkeep\n|\n|t:|1700253510\n|switch|p1a: tera ground|Iron Bundle|100\/100\n|turn|15\n|\n|t:|1700253516\n|move|p2a: Francisca|Zen Headbutt|p1a: tera ground\n|-damage|p1a: tera ground|66\/100\n|move|p1a: tera ground|Freeze-Dry|p2a: Francisca\n|-damage|p2a: Francisca|0 fnt\n|faint|p2a: Francisca\n|\n|-heal|p1a: tera ground|72\/100|[from] item: Leftovers\n|upkeep\n|\n|t:|1700253526\n|switch|p2a: Huntsman|Baxcalibur, M|100\/100\n|turn|16\n|\n|t:|1700253537\n|move|p1a: tera ground|Taunt|p2a: Huntsman\n|-start|p2a: Huntsman|move: Taunt\n|move|p2a: Huntsman|Outrage|p1a: tera ground\n|-damage|p1a: tera ground|1\/100\n|\n|-heal|p1a: tera ground|7\/100|[from] item: Leftovers\n|upkeep\n|turn|17\n|\n|t:|1700253546\n|move|p1a: tera ground|Freeze-Dry|p2a: Huntsman\n|-damage|p2a: Huntsman|61\/100\n|move|p2a: Huntsman|Outrage|p1a: tera ground|[from]lockedmove\n|-damage|p1a: tera ground|0 fnt\n|faint|p1a: tera ground\n|-end|p1a: tera ground|Quark Drive|[silent]\n|-start|p2a: Huntsman|confusion|[fatigue]\n|\n|upkeep\n|\n|t:|1700253553\n|switch|p1a: tera ghost|Iron Bundle|100\/100\n|turn|18\n|\n|t:|1700253557\n|move|p1a: tera ghost|Freeze-Dry|p2a: Huntsman\n|-damage|p2a: Huntsman|26\/100\n|-activate|p2a: Huntsman|confusion\n|move|p2a: Huntsman|Outrage|p1a: tera ghost\n|-damage|p1a: tera ghost|29\/100\n|\n|-end|p2a: Huntsman|move: Taunt\n|upkeep\n|turn|19\n|\n|t:|1700253566\n|move|p1a: tera ghost|Freeze-Dry|p2a: Huntsman\n|-damage|p2a: Huntsman|0 fnt\n|faint|p2a: Huntsman\n|\n|upkeep\n|\n|t:|1700253571\n|switch|p2a: Tomahawk|Baxcalibur, M|100\/100\n|turn|20\n|\n|t:|1700253581\n|-terastallize|p2a: Tomahawk|Steel\n|move|p1a: tera ghost|Freeze-Dry|p2a: Tomahawk\n|-resisted|p2a: Tomahawk\n|-damage|p2a: Tomahawk|81\/100\n|move|p2a: Tomahawk|Iron Head|p1a: tera ghost\n|-damage|p1a: tera ghost|0 fnt\n|faint|p1a: tera ghost\n|-end|p1a: tera ghost|Quark Drive|[silent]\n|\n|upkeep\n|\n|t:|1700253583\n|switch|p1a: tera fire|Iron Bundle|100\/100\n|-enditem|p1a: tera fire|Booster Energy\n|-activate|p1a: tera fire|ability: Quark Drive|[fromitem]\n|-start|p1a: tera fire|quarkdrivespa\n|turn|21\n|\n|t:|1700253593\n|-terastallize|p1a: tera fire|Fire\n|move|p1a: tera fire|Tera Blast|p2a: Tomahawk|[anim] Tera Blast Fire\n|-supereffective|p2a: Tomahawk\n|-damage|p2a: Tomahawk|0 fnt\n|faint|p2a: Tomahawk\n|\n|win|hggjhgj\n|raw|hggjhgj's rating: 1245 &rarr; <strong>1274<\/strong><br \/>(+29 for winning)\n|raw|Species Enthusiast's rating: 1300 &rarr; <strong>1271<\/strong><br \/>(-29 for losing)\n","uploadtime":1700253601,"views":4,"p1id":"hggjhgj","p2id":"speciesenthusiast","formatid":"gen9anythinggoes","rating":1271,"private":0,"password":""}