{"id":"gen9anythinggoes-1981485370","p1":"Kotalee","p2":"Hex Offenders","format":"[Gen 9] Anything Goes","log":"|j|\u2606Kotalee\n|j|\u2606Hex Offenders\n|t:|1698904576\n|gametype|singles\n|player|p1|Kotalee|swimmer|\n|player|p2|Hex Offenders|medium|\n|teamsize|p1|6\n|teamsize|p2|6\n|gen|9\n|tier|[Gen 9] Anything Goes\n|rule|HP Percentage Mod: HP is shown in percentages\n|rule|Endless Battle Clause: Forcing endless battles is banned\n|clearpoke\n|poke|p1|Haxorus, M|\n|poke|p1|Volcarona, M|\n|poke|p1|Cresselia, F|\n|poke|p1|Grimmsnarl, M|\n|poke|p1|Iron Treads|\n|poke|p1|Gastrodon, M|\n|poke|p2|Corviknight, F|\n|poke|p2|Lokix, M|\n|poke|p2|Snorlax, F|\n|poke|p2|Infernape, M|\n|poke|p2|Baxcalibur, M|\n|poke|p2|Azumarill, F|\n|teampreview\n|\n|t:|1698904601\n|start\n|switch|p1a: Haxorus|Haxorus, M|100\/100\n|switch|p2a: Thanos|Snorlax, F|100\/100\n|-ability|p1a: Haxorus|Mold Breaker\n|turn|1\n|\n|t:|1698904653\n|move|p1a: Haxorus|First Impression|p2a: Thanos\n|-damage|p2a: Thanos|68\/100\n|move|p2a: Thanos|Giga Impact|p1a: Haxorus\n|-damage|p1a: Haxorus|28\/100\n|-mustrecharge|p2a: Thanos\n|\n|-heal|p2a: Thanos|74\/100|[from] item: Leftovers\n|upkeep\n|turn|2\n|\n|t:|1698904660\n|move|p1a: Haxorus|Draco Meteor|p2a: Thanos\n|-damage|p2a: Thanos|54\/100\n|-unboost|p1a: Haxorus|spa|2\n|-enditem|p1a: Haxorus|Eject Pack\n|\n|t:|1698904683\n|switch|p1a: Iron Treads|Iron Treads|100\/100\n|-enditem|p1a: Iron Treads|Booster Energy\n|-activate|p1a: Iron Treads|ability: Quark Drive|[fromitem]\n|-start|p1a: Iron Treads|quarkdrivedef\n|cant|p2a: Thanos|recharge\n|\n|-heal|p2a: Thanos|60\/100|[from] item: Leftovers\n|upkeep\n|turn|3\n|\n|t:|1698904694\n|switch|p2a: Dark Knight|Corviknight, F, shiny|100\/100\n|move|p1a: Iron Treads|Body Press|p2a: Dark Knight\n|-damage|p2a: Dark Knight|81\/100\n|-damage|p1a: Iron Treads|84\/100|[from] item: Rocky Helmet|[of] p2a: Dark Knight\n|\n|upkeep\n|turn|4\n|\n|t:|1698904703\n|move|p1a: Iron Treads|Thunder|p2a: Dark Knight\n|-supereffective|p2a: Dark Knight\n|-damage|p2a: Dark Knight|35\/100\n|move|p2a: Dark Knight|Substitute|p2a: Dark Knight\n|-start|p2a: Dark Knight|Substitute\n|-damage|p2a: Dark Knight|10\/100\n|\n|upkeep\n|turn|5\n|\n|t:|1698904710\n|move|p1a: Iron Treads|Thunder|p2a: Dark Knight|[miss]\n|-miss|p1a: Iron Treads|p2a: Dark Knight\n|move|p2a: Dark Knight|Roost|p2a: Dark Knight\n|-heal|p2a: Dark Knight|60\/100\n|-singleturn|p2a: Dark Knight|move: Roost\n|\n|upkeep\n|turn|6\n|\n|t:|1698904721\n|move|p1a: Iron Treads|Ice Spinner|p2a: Dark Knight\n|-activate|p2a: Dark Knight|move: Substitute|[damage]\n|move|p2a: Dark Knight|Brave Bird|p1a: Iron Treads\n|-resisted|p1a: Iron Treads\n|-damage|p1a: Iron Treads|70\/100\n|-damage|p2a: Dark Knight|55\/100|[from] Recoil\n|\n|upkeep\n|turn|7\n|\n|t:|1698904730\n|-end|p1a: Iron Treads|Quark Drive|[silent]\n|switch|p1a: Grimmsnarl|Grimmsnarl, M|100\/100\n|move|p2a: Dark Knight|Roost|p2a: Dark Knight\n|-heal|p2a: Dark Knight|100\/100\n|-singleturn|p2a: Dark Knight|move: Roost\n|\n|upkeep\n|turn|8\n|\n|t:|1698904771\n|switch|p1a: Volcarona|Volcarona, M|100\/100\n|switch|p2a: Monkey D Luffy|Infernape, M, shiny|100\/100\n|\n|upkeep\n|turn|9\n|\n|t:|1698904783\n|switch|p1a: Gastrodon|Gastrodon, M|100\/100\n|move|p2a: Monkey D Luffy|Vacuum Wave|p1a: Gastrodon\n|-damage|p1a: Gastrodon|89\/100\n|\n|upkeep\n|turn|10\n|\n|t:|1698904805\n|switch|p2a: Thanos|Snorlax, F|60\/100\n|move|p1a: Gastrodon|Earthquake|p2a: Thanos\n|-damage|p2a: Thanos|31\/100\n|\n|-heal|p2a: Thanos|37\/100|[from] item: Leftovers\n|upkeep\n|turn|11\n|\n|t:|1698904813\n|move|p1a: Gastrodon|Earthquake|p2a: Thanos\n|-crit|p2a: Thanos\n|-damage|p2a: Thanos|0 fnt\n|faint|p2a: Thanos\n|\n|upkeep\n|\n|t:|1698904820\n|switch|p2a: Icecalibur|Baxcalibur, M|100\/100\n|turn|12\n|\n|t:|1698904828\n|move|p1a: Gastrodon|Stone Edge|p2a: Icecalibur\n|-supereffective|p2a: Icecalibur\n|-damage|p2a: Icecalibur|63\/100\n|move|p2a: Icecalibur|Dragon Tail|p1a: Gastrodon\n|-damage|p1a: Gastrodon|50\/100\n|drag|p1a: Haxorus|Haxorus, M|28\/100\n|-ability|p1a: Haxorus|Mold Breaker\n|\n|upkeep\n|turn|13\n|\n|t:|1698904859\n|switch|p2a: Twinkie|Azumarill, F, shiny|100\/100\n|move|p1a: Haxorus|Draco Meteor|p2a: Twinkie\n|-immune|p2a: Twinkie\n|\n|upkeep\n|turn|14\n|\n|t:|1698904878\n|switch|p1a: Gastrodon|Gastrodon, M|50\/100\n|move|p2a: Twinkie|Liquidation|p1a: Gastrodon\n|-crit|p1a: Gastrodon\n|-damage|p1a: Gastrodon|0 fnt\n|faint|p1a: Gastrodon\n|\n|upkeep\n|\n|t:|1698904885\n|switch|p1a: Iron Treads|Iron Treads|70\/100\n|turn|15\n|\n|t:|1698904888\n|move|p1a: Iron Treads|Thunder|p2a: Twinkie\n|-supereffective|p2a: Twinkie\n|-crit|p2a: Twinkie\n|-damage|p2a: Twinkie|36\/100\n|-enditem|p2a: Twinkie|Sitrus Berry|[eat]\n|-heal|p2a: Twinkie|61\/100|[from] item: Sitrus Berry\n|move|p2a: Twinkie|Liquidation|p1a: Iron Treads\n|-supereffective|p1a: Iron Treads\n|-damage|p1a: Iron Treads|13\/100\n|\n|upkeep\n|turn|16\n|\n|t:|1698904916\n|switch|p2a: Monkey D Luffy|Infernape, M, shiny|100\/100\n|move|p1a: Iron Treads|Thunder|p2a: Monkey D Luffy\n|-damage|p2a: Monkey D Luffy|71\/100\n|-status|p2a: Monkey D Luffy|par\n|\n|upkeep\n|turn|17\n|\n|t:|1698904926\n|move|p2a: Monkey D Luffy|Vacuum Wave|p1a: Iron Treads\n|-supereffective|p1a: Iron Treads\n|-damage|p1a: Iron Treads|0 fnt\n|faint|p1a: Iron Treads\n|-end|p1a: Iron Treads|Quark Drive|[silent]\n|\n|upkeep\n|\n|t:|1698904929\n|switch|p1a: Haxorus|Haxorus, M|28\/100\n|-ability|p1a: Haxorus|Mold Breaker\n|turn|18\n|\n|t:|1698904935\n|switch|p2a: Twinkie|Azumarill, F, shiny|61\/100\n|move|p1a: Haxorus|Draco Meteor|p2a: Twinkie\n|-immune|p2a: Twinkie\n|\n|upkeep\n|turn|19\n|\n|t:|1698904944\n|switch|p1a: Grimmsnarl|Grimmsnarl, M|100\/100\n|move|p2a: Twinkie|Play Rough|p1a: Grimmsnarl\n|-supereffective|p1a: Grimmsnarl\n|-damage|p1a: Grimmsnarl|3\/100\n|\n|upkeep\n|turn|20\n|\n|t:|1698904952\n|move|p1a: Grimmsnarl|Draining Kiss|p2a: Twinkie\n|-damage|p2a: Twinkie|42\/100\n|-heal|p1a: Grimmsnarl|17\/100|[from] drain|[of] p2a: Twinkie\n|move|p2a: Twinkie|Knock Off|p1a: Grimmsnarl\n|-resisted|p1a: Grimmsnarl\n|-damage|p1a: Grimmsnarl|7\/100\n|-enditem|p1a: Grimmsnarl|Choice Scarf|[from] move: Knock Off|[of] p2a: Twinkie\n|\n|upkeep\n|turn|21\n|\n|t:|1698904962\n|move|p1a: Grimmsnarl|Draining Kiss|p2a: Twinkie\n|-damage|p2a: Twinkie|22\/100\n|-heal|p1a: Grimmsnarl|23\/100|[from] drain|[of] p2a: Twinkie\n|move|p2a: Twinkie|Play Rough|p1a: Grimmsnarl\n|-supereffective|p1a: Grimmsnarl\n|-crit|p1a: Grimmsnarl\n|-damage|p1a: Grimmsnarl|0 fnt\n|faint|p1a: Grimmsnarl\n|\n|upkeep\n|\n|t:|1698904973\n|switch|p1a: Cresselia|Cresselia, F|100\/100\n|turn|22\n|\n|t:|1698905003\n|switch|p2a: Icecalibur|Baxcalibur, M|63\/100\n|move|p1a: Cresselia|Psyshock|p2a: Icecalibur\n|-damage|p2a: Icecalibur|43\/100\n|\n|upkeep\n|turn|23\n|\n|t:|1698905027\n|switch|p1a: Volcarona|Volcarona, M|100\/100\n|move|p2a: Icecalibur|Dragon Tail|p1a: Volcarona\n|-damage|p1a: Volcarona|58\/100\n|drag|p1a: Haxorus|Haxorus, M|28\/100\n|-ability|p1a: Haxorus|Mold Breaker\n|\n|upkeep\n|turn|24\n|\n|t:|1698905044\n|switch|p2a: Twinkie|Azumarill, F, shiny|22\/100\n|move|p1a: Haxorus|Draco Meteor|p2a: Twinkie\n|-immune|p2a: Twinkie\n|\n|upkeep\n|turn|25\n|\n|t:|1698905068\n|switch|p1a: Cresselia|Cresselia, F|100\/100\n|switch|p2a: Monkey D Luffy|Infernape, M, shiny|71\/100 par\n|\n|upkeep\n|turn|26\n|\n|t:|1698905093\n|switch|p2a: Lokix|Lokix, M|100\/100\n|move|p1a: Cresselia|Psyshock|p2a: Lokix\n|-immune|p2a: Lokix\n|\n|upkeep\n|turn|27\n|\n|t:|1698905109\n|switch|p1a: Volcarona|Volcarona, M|58\/100\n|move|p2a: Lokix|First Impression|p1a: Volcarona\n|-resisted|p1a: Volcarona\n|-damage|p1a: Volcarona|0 fnt\n|faint|p1a: Volcarona\n|-damage|p2a: Lokix|91\/100|[from] item: Life Orb\n|\n|upkeep\n|\n|t:|1698905112\n|switch|p1a: Haxorus|Haxorus, M|28\/100\n|-ability|p1a: Haxorus|Mold Breaker\n|turn|28\n|\n|t:|1698905124\n|switch|p2a: Twinkie|Azumarill, F, shiny|22\/100\n|move|p1a: Haxorus|Draco Meteor|p2a: Twinkie\n|-immune|p2a: Twinkie\n|\n|upkeep\n|turn|29\n|\n|t:|1698905143\n|switch|p1a: Cresselia|Cresselia, F|100\/100\n|switch|p2a: Lokix|Lokix, M|91\/100\n|\n|upkeep\n|turn|30\n|\n|t:|1698905152\n|move|p1a: Cresselia|Moonblast|p2a: Lokix\n|-supereffective|p2a: Lokix\n|-damage|p2a: Lokix|28\/100\n|move|p2a: Lokix|U-turn|p1a: Cresselia\n|-supereffective|p1a: Cresselia\n|-damage|p1a: Cresselia|49\/100\n|-damage|p2a: Lokix|19\/100|[from] item: Life Orb\n|\n|t:|1698905169\n|switch|p2a: Dark Knight|Corviknight, F, shiny|100\/100|[from] U-turn\n|\n|upkeep\n|turn|31\n|\n|t:|1698905174\n|move|p1a: Cresselia|Moonblast|p2a: Dark Knight\n|-resisted|p2a: Dark Knight\n|-damage|p2a: Dark Knight|90\/100\n|move|p2a: Dark Knight|Bulk Up|p2a: Dark Knight\n|-boost|p2a: Dark Knight|atk|1\n|-boost|p2a: Dark Knight|def|1\n|\n|upkeep\n|turn|32\n|\n|t:|1698905182\n|move|p1a: Cresselia|Moonblast|p2a: Dark Knight\n|-resisted|p2a: Dark Knight\n|-damage|p2a: Dark Knight|80\/100\n|move|p2a: Dark Knight|Substitute|p2a: Dark Knight\n|-start|p2a: Dark Knight|Substitute\n|-damage|p2a: Dark Knight|55\/100\n|\n|upkeep\n|turn|33\n|\n|t:|1698905188\n|move|p1a: Cresselia|Moonblast|p2a: Dark Knight\n|-resisted|p2a: Dark Knight\n|-activate|p2a: Dark Knight|move: Substitute|[damage]\n|move|p2a: Dark Knight|Roost|p2a: Dark Knight\n|-heal|p2a: Dark Knight|100\/100\n|-singleturn|p2a: Dark Knight|move: Roost\n|\n|upkeep\n|turn|34\n|\n|t:|1698905195\n|move|p1a: Cresselia|Moonblast|p2a: Dark Knight\n|-resisted|p2a: Dark Knight\n|-activate|p2a: Dark Knight|move: Substitute|[damage]\n|move|p2a: Dark Knight|Brave Bird|p1a: Cresselia\n|-crit|p1a: Cresselia\n|-damage|p1a: Cresselia|0 fnt\n|faint|p1a: Cresselia\n|-damage|p2a: Dark Knight|83\/100|[from] Recoil\n|\n|upkeep\n|\n|t:|1698905198\n|switch|p1a: Haxorus|Haxorus, M|28\/100\n|-ability|p1a: Haxorus|Mold Breaker\n|turn|35\n|\n|t:|1698905206\n|move|p1a: Haxorus|Draco Meteor|p2a: Dark Knight\n|-resisted|p2a: Dark Knight\n|-end|p2a: Dark Knight|Substitute\n|-unboost|p1a: Haxorus|spa|2\n|move|p2a: Dark Knight|Brave Bird|p1a: Haxorus\n|-damage|p1a: Haxorus|0 fnt\n|faint|p1a: Haxorus\n|-damage|p2a: Dark Knight|75\/100|[from] Recoil\n|\n|win|Hex Offenders\n|l|\u2606Hex Offenders\n|l|\u2606Kotalee\n|j|\u2606Kotalee\n|player|p1|Kotalee|swimmer\n","uploadtime":1698905298,"views":10,"p1id":"kotalee","p2id":"hexoffenders","formatid":"gen9anythinggoes","rating":0,"private":0,"password":""}