{"id":"gen9anythinggoes-1981788028","p1":"Quaxamillion","p2":"testingaccount85","format":"[Gen 9] Anything Goes","log":"|j|\u2606Quaxamillion\n|j|\u2606testingaccount85\n|t:|1698941656\n|gametype|singles\n|player|p1|Quaxamillion|psychicf-gen4|1206\n|player|p2|testingaccount85|blackbelt-gen4dp|1273\n|teamsize|p1|6\n|teamsize|p2|6\n|gen|9\n|tier|[Gen 9] Anything Goes\n|rated|\n|rule|HP Percentage Mod: HP is shown in percentages\n|rule|Endless Battle Clause: Forcing endless battles is banned\n|clearpoke\n|poke|p1|Amoonguss, M|\n|poke|p1|Toxapex, M|\n|poke|p1|Espeon, M|\n|poke|p1|Zacian-*|\n|poke|p1|Manaphy|\n|poke|p1|Volcarona, M|\n|poke|p2|Urshifu-*, F|\n|poke|p2|Annihilape, F|\n|poke|p2|Volcarona, M|\n|poke|p2|Landorus, M|\n|poke|p2|Ogerpon-Hearthflame, F|\n|poke|p2|Okidogi, M|\n|teampreview\n|inactive|Battle timer is ON: inactive players will automatically lose when time's up. (requested by testingaccount85)\n|\n|t:|1698941661\n|start\n|switch|p1a: Amoonguss|Amoonguss, M, shiny|100\/100\n|switch|p2a: Ogerpon|Ogerpon-Hearthflame, F|100\/100\n|-ability|p2a: Ogerpon|Mold Breaker\n|turn|1\n|\n|t:|1698941666\n|move|p2a: Ogerpon|Trailblaze|p1a: Amoonguss\n|-resisted|p1a: Amoonguss\n|-damage|p1a: Amoonguss|95\/100\n|-boost|p2a: Ogerpon|spe|1\n|move|p1a: Amoonguss|Spore|p2a: Ogerpon\n|-immune|p2a: Ogerpon\n|\n|-heal|p1a: Amoonguss|100\/100|[from] item: Black Sludge\n|upkeep\n|turn|2\n|c|\u2606Quaxamillion|oops\n|\n|t:|1698941678\n|switch|p1a: Espeon|Espeon, M|100\/100\n|-terastallize|p2a: Ogerpon|Fire\n|detailschange|p2a: Ogerpon|Ogerpon-Hearthflame-Tera, F, tera:Fire\n|-ability|p2a: Ogerpon|Embody Aspect (Hearthflame)|boost\n|-boost|p2a: Ogerpon|atk|1\n|move|p2a: Ogerpon|Ivy Cudgel|p1a: Espeon\n|-damage|p1a: Espeon|0 fnt\n|faint|p1a: Espeon\n|\n|upkeep\n|c|\u2606testingaccount85|well\n|\n|t:|1698941687\n|switch|p1a: Manaphy|Manaphy|100\/100\n|turn|3\n|\n|t:|1698941691\n|move|p2a: Ogerpon|Horn Leech|p1a: Manaphy\n|-supereffective|p1a: Manaphy\n|-damage|p1a: Manaphy|0 fnt\n|faint|p1a: Manaphy\n|\n|upkeep\n|c|\u2606Quaxamillion|well\n|\n|t:|1698941698\n|switch|p1a: Toxapex|Toxapex, M|100\/100\n|turn|4\n|c|\u2606testingaccount85|gg?\n|\n|t:|1698941702\n|move|p1a: Toxapex|Baneful Bunker|p1a: Toxapex\n|-singleturn|p1a: Toxapex|move: Protect\n|move|p2a: Ogerpon|Ivy Cudgel|p1a: Toxapex\n|-activate|p1a: Toxapex|move: Protect\n|\n|upkeep\n|turn|5\n|\n|t:|1698941708\n|move|p2a: Ogerpon|Ivy Cudgel|p1a: Toxapex\n|-resisted|p1a: Toxapex\n|-damage|p1a: Toxapex|66\/100\n|move|p1a: Toxapex|Haze|p1a: Toxapex\n|-clearallboost\n|\n|-heal|p1a: Toxapex|72\/100|[from] item: Black Sludge\n|upkeep\n|turn|6\n|\n|t:|1698941716\n|switch|p2a: Okidogi|Okidogi, M|100\/100\n|move|p1a: Toxapex|Liquidation|p2a: Okidogi\n|-crit|p2a: Okidogi\n|-damage|p2a: Okidogi|75\/100\n|\n|-heal|p1a: Toxapex|78\/100|[from] item: Black Sludge\n|upkeep\n|turn|7\n|\n|t:|1698941725\n|move|p2a: Okidogi|Knock Off|p1a: Toxapex\n|-damage|p1a: Toxapex|58\/100\n|-enditem|p1a: Toxapex|Black Sludge|[from] move: Knock Off|[of] p2a: Okidogi\n|move|p1a: Toxapex|Toxic|p2a: Okidogi\n|-immune|p2a: Okidogi\n|\n|upkeep\n|turn|8\n|c|\u2606Quaxamillion|im so stupid\n|\n|t:|1698941736\n|move|p1a: Toxapex|Baneful Bunker|p1a: Toxapex\n|-singleturn|p1a: Toxapex|move: Protect\n|move|p2a: Okidogi|Poison Jab|p1a: Toxapex\n|-activate|p1a: Toxapex|move: Protect\n|\n|upkeep\n|turn|9\n|c|\u2606testingaccount85|you a bit rusty?\n|c|\u2606Quaxamillion|nope\n|\n|t:|1698941748\n|switch|p1a: Zacian|Zacian-Crowned|100\/100\n|-ability|p1a: Zacian|Intrepid Sword|boost\n|-boost|p1a: Zacian|atk|1\n|move|p2a: Okidogi|Knock Off|p1a: Zacian\n|-resisted|p1a: Zacian\n|-damage|p1a: Zacian|90\/100\n|\n|upkeep\n|turn|10\n|c|\u2606Quaxamillion|im just stupid\n|c|\u2606Quaxamillion|never seen the new gen 9 mons\n|\n|t:|1698941760\n|move|p1a: Zacian|Swords Dance|p1a: Zacian\n|-boost|p1a: Zacian|atk|2\n|move|p2a: Okidogi|Drain Punch|p1a: Zacian\n|-damage|p1a: Zacian|56\/100\n|-heal|p2a: Okidogi|91\/100|[from] drain|[of] p1a: Zacian\n|\n|upkeep\n|turn|11\n|c|\u2606testingaccount85|don't say that\n|\n|t:|1698941767\n|move|p1a: Zacian|Swords Dance|p1a: Zacian\n|-boost|p1a: Zacian|atk|2\n|move|p2a: Okidogi|Drain Punch|p1a: Zacian\n|-damage|p1a: Zacian|16\/100\n|-heal|p2a: Okidogi|100\/100|[from] drain|[of] p1a: Zacian\n|\n|upkeep\n|turn|12\n|c|\u2606testingaccount85|your not stupid\n|\n|t:|1698941774\n|move|p1a: Zacian|Behemoth Blade|p2a: Okidogi\n|-damage|p2a: Okidogi|0 fnt\n|faint|p2a: Okidogi\n|\n|upkeep\n|c|\u2606testingaccount85|btw you die to a sucking punch\n|\n|t:|1698941782\n|switch|p2a: Urshifu|Urshifu, F|100\/100\n|turn|13\n|c|\u2606Quaxamillion|but here me out\n|c|\u2606testingaccount85|sucker*\n|c|\u2606Quaxamillion|what if\n|c|\u2606Quaxamillion|i didnt\n|c|\u2606testingaccount85|i got a clac\n|c|\u2606testingaccount85|calc*\n|c|\u2606Quaxamillion|but\n|c|\u2606testingaccount85|50% or more\n|c|\u2606Quaxamillion|here me out\n|\n|t:|1698941808\n|switch|p1a: Amoonguss|Amoonguss, M, shiny|100\/100\n|move|p2a: Urshifu|Sucker Punch||[still]\n|-fail|p2a: Urshifu\n|\n|upkeep\n|turn|14\n|c|\u2606Quaxamillion|what if\n|\n|t:|1698941820\n|switch|p2a: Annihilape|Annihilape, F|100\/100\n|move|p1a: Amoonguss|Spore|p2a: Annihilape\n|-status|p2a: Annihilape|slp|[from] move: Spore\n|\n|upkeep\n|turn|15\n|\n|t:|1698941827\n|switch|p1a: Zacian|Zacian-Crowned|16\/100\n|cant|p2a: Annihilape|slp\n|\n|upkeep\n|turn|16\n|\n|t:|1698941833\n|switch|p1a: Toxapex|Toxapex, M|91\/100\n|cant|p2a: Annihilape|slp\n|\n|upkeep\n|turn|17\n|\n|t:|1698941841\n|-curestatus|p2a: Annihilape|slp|[msg]\n|move|p2a: Annihilape|Bulk Up|p2a: Annihilape\n|-boost|p2a: Annihilape|atk|1\n|-boost|p2a: Annihilape|def|1\n|move|p1a: Toxapex|Liquidation|p2a: Annihilape\n|-damage|p2a: Annihilape|88\/100\n|\n|-heal|p2a: Annihilape|94\/100|[from] item: Leftovers\n|upkeep\n|turn|18\n|c|\u2606testingaccount85|it would be nice to wakeup\n|c|\u2606testingaccount85|thanks game\n|\n|t:|1698941851\n|move|p2a: Annihilape|Bulk Up|p2a: Annihilape\n|-boost|p2a: Annihilape|atk|1\n|-boost|p2a: Annihilape|def|1\n|move|p1a: Toxapex|Haze|p1a: Toxapex\n|-clearallboost\n|\n|-heal|p2a: Annihilape|99\/100|[from] item: Leftovers\n|upkeep\n|turn|19\n|\n|t:|1698941858\n|move|p2a: Annihilape|Stealth Rock|p1a: Toxapex\n|-sidestart|p1: Quaxamillion|move: Stealth Rock\n|move|p1a: Toxapex|Toxic|p2a: Annihilape\n|-status|p2a: Annihilape|tox\n|\n|-heal|p2a: Annihilape|100\/100 tox|[from] item: Leftovers\n|-damage|p2a: Annihilape|94\/100 tox|[from] psn\n|upkeep\n|turn|20\n|\n|t:|1698941866\n|move|p2a: Annihilape|Bulk Up|p2a: Annihilape\n|-boost|p2a: Annihilape|atk|1\n|-boost|p2a: Annihilape|def|1\n|move|p1a: Toxapex|Liquidation|p2a: Annihilape\n|-damage|p2a: Annihilape|80\/100 tox\n|-unboost|p2a: Annihilape|def|1\n|-ability|p2a: Annihilape|Defiant|boost\n|-boost|p2a: Annihilape|atk|2\n|\n|-heal|p2a: Annihilape|86\/100 tox|[from] item: Leftovers\n|-damage|p2a: Annihilape|74\/100 tox|[from] psn\n|upkeep\n|turn|21\n|c|\u2606testingaccount85|wonderful\n|\n|t:|1698941876\n|move|p2a: Annihilape|Rage Fist|p1a: Toxapex\n|-damage|p1a: Toxapex|0 fnt\n|faint|p1a: Toxapex\n|\n|-heal|p2a: Annihilape|80\/100 tox|[from] item: Leftovers\n|-damage|p2a: Annihilape|62\/100 tox|[from] psn\n|upkeep\n|c|\u2606Quaxamillion|ah\n|\n|t:|1698941884\n|switch|p1a: Zacian|Zacian-Crowned|16\/100\n|-damage|p1a: Zacian|10\/100|[from] Stealth Rock\n|turn|22\n|\n|t:|1698941890\n|move|p1a: Zacian|Behemoth Blade|p2a: Annihilape\n|-damage|p2a: Annihilape|0 fnt\n|faint|p2a: Annihilape\n|\n|upkeep\n|\n|t:|1698941894\n|switch|p2a: Volcarona|Volcarona, M|100\/100\n|turn|23\n|\n|t:|1698941901\n|move|p1a: Zacian|Close Combat|p2a: Volcarona\n|-resisted|p2a: Volcarona\n|-damage|p2a: Volcarona|60\/100\n|-unboost|p1a: Zacian|def|1\n|-unboost|p1a: Zacian|spd|1\n|-status|p1a: Zacian|brn|[from] ability: Flame Body|[of] p2a: Volcarona\n|move|p2a: Volcarona|Quiver Dance|p2a: Volcarona\n|-boost|p2a: Volcarona|spa|1\n|-boost|p2a: Volcarona|spd|1\n|-boost|p2a: Volcarona|spe|1\n|\n|-damage|p1a: Zacian|4\/100 brn|[from] brn\n|upkeep\n|turn|24\n|c|\u2606testingaccount85|i see\n|\n|t:|1698941914\n|move|p2a: Volcarona|Quiver Dance|p2a: Volcarona\n|-boost|p2a: Volcarona|spa|1\n|-boost|p2a: Volcarona|spd|1\n|-boost|p2a: Volcarona|spe|1\n|move|p1a: Zacian|Close Combat|p2a: Volcarona\n|-resisted|p2a: Volcarona\n|-damage|p2a: Volcarona|41\/100\n|-unboost|p1a: Zacian|def|1\n|-unboost|p1a: Zacian|spd|1\n|\n|-damage|p1a: Zacian|0 fnt|[from] brn\n|faint|p1a: Zacian\n|upkeep\n|c|\u2606testingaccount85|idk if you come out of this alive\n|\n|t:|1698941925\n|switch|p1a: Volcarona|Volcarona, M|100\/100\n|turn|25\n|\n|t:|1698941934\n|move|p2a: Volcarona|Quiver Dance|p2a: Volcarona\n|-boost|p2a: Volcarona|spa|1\n|-boost|p2a: Volcarona|spd|1\n|-boost|p2a: Volcarona|spe|1\n|move|p1a: Volcarona|Bug Buzz|p2a: Volcarona\n|-resisted|p2a: Volcarona\n|-damage|p2a: Volcarona|30\/100\n|\n|upkeep\n|turn|26\n|c|\u2606testingaccount85|i guess you still got tera\n|\n|t:|1698941945\n|move|p2a: Volcarona|Fiery Dance|p1a: Volcarona\n|-damage|p1a: Volcarona|0 fnt\n|-boost|p2a: Volcarona|spa|1\n|faint|p1a: Volcarona\n|\n|upkeep\n|c|\u2606Quaxamillion|welp\n|c|\u2606Quaxamillion|there i go\n|\n|t:|1698941952\n|switch|p1a: Amoonguss|Amoonguss, M, shiny|100\/100\n|-damage|p1a: Amoonguss|88\/100|[from] Stealth Rock\n|turn|27\n|c|\u2606testingaccount85|water tera?\n|c|\u2606Quaxamillion|grass :(\n|c|\u2606testingaccount85|use water\n|c|\u2606testingaccount85|water is so much better here\n|\n|t:|1698941978\n|move|p2a: Volcarona|Fiery Dance|p1a: Amoonguss\n|-supereffective|p1a: Amoonguss\n|-damage|p1a: Amoonguss|0 fnt\n|-boost|p2a: Volcarona|spa|1\n|faint|p1a: Amoonguss\n|\n|win|testingaccount85\n|raw|Quaxamillion's rating: 1206 &rarr; <strong>1186<\/strong><br \/>(-20 for losing)\n|raw|testingaccount85's rating: 1273 &rarr; <strong>1293<\/strong><br \/>(+20 for winning)\n","uploadtime":1698941781,"views":2,"p1id":"quaxamillion","p2id":"testingaccount85","formatid":"gen9anythinggoes","rating":1186,"private":0,"password":""}