{"id":"gen9anythinggoes-1977574324","p1":"11223344556677889C","p2":"JohnnyFeetForHands","format":"[Gen 9] Anything Goes","log":"|j|\u260611223344556677889C\n|j|\u2606JohnnyFeetForHands\n|t:|1698428547\n|gametype|singles\n|player|p1|11223344556677889C|101|1192\n|player|p2|JohnnyFeetForHands|hilda-wonderlauncher|1126\n|teamsize|p1|6\n|teamsize|p2|6\n|gen|9\n|tier|[Gen 9] Anything Goes\n|rated|\n|rule|HP Percentage Mod: HP is shown in percentages\n|rule|Endless Battle Clause: Forcing endless battles is banned\n|clearpoke\n|poke|p1|Koraidon|\n|poke|p1|Ting-Lu|\n|poke|p1|Arceus|\n|poke|p1|Calyrex-Shadow|\n|poke|p1|Zacian-*|\n|poke|p1|Skeledirge, F|\n|poke|p2|Bisharp, M|\n|poke|p2|Bisharp, M|\n|poke|p2|Bisharp, M|\n|poke|p2|Bisharp, M|\n|poke|p2|Bisharp, M|\n|poke|p2|Bisharp, M|\n|teampreview\n|\n|t:|1698428564\n|start\n|switch|p1a: Koraidon|Koraidon|100\/100\n|switch|p2a: Guillotine|Bisharp, M|100\/100\n|-weather|SunnyDay|[from] ability: Orichalcum Pulse|[of] p1a: Koraidon\n|-activate|p1a: Koraidon|Orichalcum Pulse|[source]\n|turn|1\n|\n|t:|1698428572\n|move|p1a: Koraidon|Low Kick|p2a: Guillotine\n|-supereffective|p2a: Guillotine\n|-damage|p2a: Guillotine|0 fnt\n|faint|p2a: Guillotine\n|\n|-weather|SunnyDay|[upkeep]\n|upkeep\n|\n|t:|1698428578\n|switch|p2a: Guillotine2|Bisharp, M|100\/100\n|turn|2\n|\n|t:|1698428585\n|move|p1a: Koraidon|Low Kick|p2a: Guillotine2\n|-supereffective|p2a: Guillotine2\n|-damage|p2a: Guillotine2|0 fnt\n|faint|p2a: Guillotine2\n|\n|-weather|SunnyDay|[upkeep]\n|upkeep\n|\n|t:|1698428590\n|switch|p2a: Guillotine3|Bisharp, M|100\/100\n|turn|3\n|\n|t:|1698428594\n|move|p1a: Koraidon|Low Kick|p2a: Guillotine3\n|-supereffective|p2a: Guillotine3\n|-damage|p2a: Guillotine3|0 fnt\n|faint|p2a: Guillotine3\n|\n|-weather|SunnyDay|[upkeep]\n|upkeep\n|\n|t:|1698428599\n|switch|p2a: Guillotine4|Bisharp, M|100\/100\n|turn|4\n|\n|t:|1698428607\n|move|p1a: Koraidon|Low Kick|p2a: Guillotine4\n|-supereffective|p2a: Guillotine4\n|-damage|p2a: Guillotine4|0 fnt\n|faint|p2a: Guillotine4\n|\n|-weather|SunnyDay|[upkeep]\n|upkeep\n|\n|t:|1698428612\n|switch|p2a: Guillotine5|Bisharp, M|100\/100\n|turn|5\n|\n|t:|1698428616\n|move|p1a: Koraidon|Low Kick|p2a: Guillotine5\n|-supereffective|p2a: Guillotine5\n|-damage|p2a: Guillotine5|0 fnt\n|faint|p2a: Guillotine5\n|\n|-weather|none\n|upkeep\n|\n|t:|1698428621\n|switch|p2a: Guillotine6|Bisharp, M|100\/100\n|turn|6\n|\n|t:|1698428624\n|-terastallize|p2a: Guillotine6|Dark\n|move|p2a: Guillotine6|Sucker Punch|p1a: Koraidon\n|-resisted|p1a: Koraidon\n|-damage|p1a: Koraidon|84\/100\n|move|p1a: Koraidon|Low Kick|p2a: Guillotine6\n|-supereffective|p2a: Guillotine6\n|-crit|p2a: Guillotine6\n|-damage|p2a: Guillotine6|0 fnt\n|faint|p2a: Guillotine6\n|\n|win|11223344556677889C\n|raw|11223344556677889C's rating: 1192 &rarr; <strong>1212<\/strong><br \/>(+20 for winning)\n|raw|JohnnyFeetForHands's rating: 1126 &rarr; <strong>1106<\/strong><br \/>(-20 for losing)\n|c|\u2606JohnnyFeetForHands|gotcha\n|l|\u2606JohnnyFeetForHands\n|c|\u260611223344556677889C|gg\n|l|\u260611223344556677889C\n|j|\u260611223344556677889C\n|player|p1|11223344556677889C|101\n","uploadtime":1698428642,"views":10,"p1id":"11223344556677889c","p2id":"johnnyfeetforhands","formatid":"gen9anythinggoes","rating":1106,"private":0,"password":""}