{"id":"gen9anythinggoes-1978483588","p1":"LudoThePumpkinBro","p2":"i'm drunk xd","format":"[Gen 9] Anything Goes","log":"|j|\u2606LudoThePumpkinBro\n|j|\u2606i'm drunk xd\n|t:|1698544847\n|gametype|singles\n|player|p1|LudoThePumpkinBro|2|1171\n|player|p2|i'm drunk xd|cynthia|1310\n|teamsize|p1|6\n|teamsize|p2|6\n|gen|9\n|tier|[Gen 9] Anything Goes\n|rated|\n|rule|HP Percentage Mod: HP is shown in percentages\n|rule|Endless Battle Clause: Forcing endless battles is banned\n|clearpoke\n|poke|p1|Volcanion|\n|poke|p1|Maushold|\n|poke|p1|Cloyster, M|\n|poke|p1|Klefki, F|\n|poke|p1|Drifblim, F|\n|poke|p1|Darkrai|\n|poke|p2|Ogerpon, F|\n|poke|p2|Tinkaton, F|\n|poke|p2|Iron Valiant|\n|poke|p2|Gholdengo|\n|poke|p2|Grimmsnarl, M|\n|poke|p2|Miraidon|\n|teampreview\n|\n|t:|1698544853\n|start\n|switch|p1a: condom balloon|Drifblim, F, shiny|100\/100\n|switch|p2a: e621|Miraidon|100\/100\n|-fieldstart|move: Electric Terrain|[from] ability: Hadron Engine|[of] p2a: e621\n|turn|1\n|c|\u2606LudoThePumpkinBro|fucking e621\n|c|\u2606i'm drunk xd|hahaha\n|c|\u2606LudoThePumpkinBro|what the fuck dude\n|\n|t:|1698544876\n|switch|p1a: Kleffy|Klefki, F, shiny|100\/100\n|move|p2a: e621|Volt Switch|p1a: Kleffy\n|-damage|p1a: Kleffy|38\/100\n|\n|t:|1698544882\n|switch|p2a: Murder Drone|Iron Valiant, shiny|100\/100|[from] Volt Switch\n|-activate|p2a: Murder Drone|ability: Quark Drive\n|-start|p2a: Murder Drone|quarkdrivespe\n|\n|upkeep\n|turn|2\n|\n|t:|1698544893\n|-terastallize|p2a: Murder Drone|Fairy\n|move|p1a: Kleffy|Switcheroo|p2a: Murder Drone\n|-activate|p1a: Kleffy|move: Trick|[of] p2a: Murder Drone\n|-item|p2a: Murder Drone|Choice Specs|[from] move: Switcheroo\n|-item|p1a: Kleffy|Focus Sash|[from] move: Switcheroo\n|move|p2a: Murder Drone|Moonblast|p1a: Kleffy\n|-resisted|p1a: Kleffy\n|-damage|p1a: Kleffy|0 fnt\n|faint|p1a: Kleffy\n|\n|upkeep\n|\n|t:|1698544898\n|switch|p1a: condom balloon|Drifblim, F, shiny|100\/100\n|turn|3\n|\n|t:|1698544903\n|move|p2a: Murder Drone|Moonblast|p1a: condom balloon\n|-damage|p1a: condom balloon|24\/100\n|move|p1a: condom balloon|Minimize|p1a: condom balloon\n|-boost|p1a: condom balloon|evasion|2\n|\n|-heal|p1a: condom balloon|30\/100|[from] item: Leftovers\n|upkeep\n|turn|4\n|\n|t:|1698544910\n|move|p2a: Murder Drone|Moonblast|p1a: condom balloon\n|-damage|p1a: condom balloon|0 fnt\n|faint|p1a: condom balloon\n|\n|upkeep\n|\n|t:|1698544924\n|switch|p1a: Assbeata|Maushold|100\/100\n|turn|5\n|c|\u2606i'm drunk xd|I broke the condom :<\n|c|\u2606LudoThePumpkinBro|uwu\n|\n|t:|1698544934\n|move|p2a: Murder Drone|Moonblast|p1a: Assbeata\n|-damage|p1a: Assbeata|0 fnt\n|faint|p1a: Assbeata\n|\n|-fieldend|move: Electric Terrain\n|-end|p2a: Murder Drone|Quark Drive\n|upkeep\n|\n|t:|1698544937\n|switch|p1a: Clitster|Cloyster, M|100\/100\n|turn|6\n|\n|t:|1698544943\n|move|p2a: Murder Drone|Moonblast|p1a: Clitster\n|-damage|p1a: Clitster|0 fnt\n|faint|p1a: Clitster\n|\n|upkeep\n|c|\u2606LudoThePumpkinBro|why did I give you choice specs\n|\n|t:|1698544960\n|switch|p1a: Volcanion|Volcanion|100\/100\n|-item|p1a: Volcanion|Air Balloon\n|turn|7\n|\n|t:|1698544967\n|-end|p2a: Murder Drone|Quark Drive|[silent]\n|switch|p2a: e621|Miraidon|100\/100\n|-fieldstart|move: Electric Terrain|[from] ability: Hadron Engine|[of] p2a: e621\n|move|p1a: Volcanion|Roar|p2a: e621\n|drag|p2a: Cannapon|Ogerpon, F|100\/100\n|\n|upkeep\n|turn|8\n|\n|t:|1698544975\n|move|p2a: Cannapon|Swords Dance|p2a: Cannapon\n|-boost|p2a: Cannapon|atk|2\n|move|p1a: Volcanion|Fire Blast|p2a: Cannapon\n|-supereffective|p2a: Cannapon\n|-damage|p2a: Cannapon|0 fnt\n|faint|p2a: Cannapon\n|\n|upkeep\n|\n|t:|1698544984\n|switch|p2a: Kain|Grimmsnarl, M, shiny|100\/100\n|turn|9\n|\n|t:|1698544991\n|move|p2a: Kain|Light Screen|p2a: Kain\n|-sidestart|p2: i'm drunk xd|move: Light Screen\n|move|p1a: Volcanion|Fire Blast|p2a: Kain\n|-damage|p2a: Kain|76\/100\n|\n|upkeep\n|turn|10\n|\n|t:|1698545009\n|move|p2a: Kain|Taunt|p1a: Volcanion\n|-start|p1a: Volcanion|move: Taunt\n|move|p1a: Volcanion|Steam Eruption|p2a: Kain\n|-damage|p2a: Kain|52\/100\n|\n|upkeep\n|turn|11\n|\n|t:|1698545015\n|move|p2a: Kain|Parting Shot|p1a: Volcanion\n|-unboost|p1a: Volcanion|atk|1\n|-unboost|p1a: Volcanion|spa|1\n|\n|t:|1698545019\n|switch|p2a: e621|Miraidon|100\/100|[from] Parting Shot\n|-activate|p2a: e621|ability: Hadron Engine\n|move|p1a: Volcanion|Steam Eruption|p2a: e621\n|-resisted|p2a: e621\n|-damage|p2a: e621|94\/100\n|-status|p2a: e621|brn\n|\n|-damage|p2a: e621|88\/100 brn|[from] brn\n|-fieldend|move: Electric Terrain\n|upkeep\n|turn|12\n|\n|t:|1698545032\n|switch|p1a: Night Knight|Darkrai, shiny|100\/100\n|move|p2a: e621|Volt Switch|p1a: Night Knight\n|-damage|p1a: Night Knight|54\/100\n|\n|t:|1698545037\n|switch|p2a: Murder Drone|Iron Valiant, shiny, tera:Fairy|100\/100|[from] Volt Switch\n|\n|-heal|p1a: Night Knight|60\/100|[from] item: Leftovers\n|upkeep\n|turn|13\n|c|\u2606LudoThePumpkinBro|if only your team wasn't so tight to the point it broke condom balloon\n|\n|t:|1698545051\n|move|p2a: Murder Drone|Moonblast|p1a: Night Knight\n|-supereffective|p1a: Night Knight\n|-damage|p1a: Night Knight|0 fnt\n|faint|p1a: Night Knight\n|\n|upkeep\n|c|\u2606LudoThePumpkinBro|goooood gaaaaameee..\n|\n|t:|1698545062\n|switch|p1a: Volcanion|Volcanion|100\/100\n|-item|p1a: Volcanion|Air Balloon\n|turn|14\n|c|\u2606i'm drunk xd|good game heuheu\n|\n|t:|1698545073\n|-end|p2a: Murder Drone|Quark Drive|[silent]\n|switch|p2a: e621|Miraidon|88\/100 brn\n|-fieldstart|move: Electric Terrain|[from] ability: Hadron Engine|[of] p2a: e621\n|move|p1a: Volcanion|Roar|p2a: e621\n|drag|p2a: Murder Drone|Iron Valiant, shiny, tera:Fairy|100\/100\n|-activate|p2a: Murder Drone|ability: Quark Drive\n|-start|p2a: Murder Drone|quarkdrivespe\n|\n|upkeep\n|turn|15\n|c|\u2606LudoThePumpkinBro|baibai unu\n|-message|LudoThePumpkinBro forfeited.\n|\n|win|i'm drunk xd\n|raw|LudoThePumpkinBro's rating: 1171 &rarr; <strong>1156<\/strong><br \/>(-15 for losing)\n|raw|i&apos;m drunk xd's rating: 1310 &rarr; <strong>1322<\/strong><br \/>(+12 for winning)\n|l|\u2606LudoThePumpkinBro\n","uploadtime":1698545092,"views":16,"p1id":"ludothepumpkinbro","p2id":"imdrunkxd","formatid":"gen9anythinggoes","rating":1156,"private":0,"password":""}