{"id":"gen9anythinggoes-1976513660","p1":"bigbadgoodsmall","p2":"Roxlife","format":"[Gen 9] Anything Goes","log":"|j|\u2606bigbadgoodsmall\n|j|\u2606Roxlife\n|t:|1698315585\n|gametype|singles\n|player|p1|bigbadgoodsmall|benga|1000\n|player|p2|Roxlife|lance|1107\n|teamsize|p1|6\n|teamsize|p2|6\n|gen|9\n|tier|[Gen 9] Anything Goes\n|rated|\n|rule|HP Percentage Mod: HP is shown in percentages\n|rule|Endless Battle Clause: Forcing endless battles is banned\n|clearpoke\n|poke|p1|Arceus|\n|poke|p1|Arceus|\n|poke|p1|Arceus|\n|poke|p1|Arceus|\n|poke|p1|Arceus|\n|poke|p1|Arceus|\n|poke|p2|Maushold-Four|\n|poke|p2|Maushold-Four|\n|poke|p2|Maushold-Four|\n|poke|p2|Maushold-Four|\n|poke|p2|Maushold-Four|\n|poke|p2|Maushold-Four|\n|teampreview\n|\n|t:|1698315591\n|start\n|switch|p1a: Arceus|Arceus|100\/100\n|switch|p2a: Maushold|Maushold-Four|100\/100\n|turn|1\n|\n|t:|1698315602\n|move|p1a: Arceus|Swords Dance|p1a: Arceus\n|-boost|p1a: Arceus|atk|2\n|move|p2a: Maushold|Population Bomb|p1a: Arceus\n|-damage|p1a: Arceus|92\/100\n|-damage|p1a: Arceus|83\/100\n|-damage|p1a: Arceus|73\/100\n|-damage|p1a: Arceus|64\/100\n|-damage|p1a: Arceus|55\/100\n|-damage|p1a: Arceus|46\/100\n|-damage|p1a: Arceus|36\/100\n|-damage|p1a: Arceus|26\/100\n|-damage|p1a: Arceus|18\/100\n|-damage|p1a: Arceus|9\/100\n|-hitcount|p1a: Arceus|10\n|\n|upkeep\n|turn|2\n|\n|t:|1698315620\n|move|p1a: Arceus|Extreme Speed|p2a: Maushold\n|-damage|p2a: Maushold|0 fnt\n|faint|p2a: Maushold\n|-damage|p1a: Arceus|0 fnt|[from] item: Life Orb\n|faint|p1a: Arceus\n|\n|upkeep\n|\n|t:|1698315632\n|switch|p1a: Arceus|Arceus|100\/100\n|switch|p2a: Maushold|Maushold-Four|100\/100\n|turn|3\n|\n|t:|1698315637\n|move|p1a: Arceus|Extreme Speed|p2a: Maushold\n|-damage|p2a: Maushold|13\/100\n|move|p2a: Maushold|Agility|p2a: Maushold\n|-boost|p2a: Maushold|spe|2\n|\n|upkeep\n|turn|4\n|\n|t:|1698315647\n|-terastallize|p2a: Maushold|Ghost\n|move|p1a: Arceus|Extreme Speed|p2a: Maushold\n|-immune|p2a: Maushold\n|move|p2a: Maushold|Population Bomb|p1a: Arceus\n|-damage|p1a: Arceus|91\/100\n|-damage|p1a: Arceus|81\/100\n|-damage|p1a: Arceus|72\/100\n|-hitcount|p1a: Arceus|3\n|\n|upkeep\n|turn|5\n|\n|t:|1698315661\n|move|p1a: Arceus|Extreme Speed|p2a: Maushold\n|-immune|p2a: Maushold\n|move|p2a: Maushold|Population Bomb|p1a: Arceus\n|-damage|p1a: Arceus|63\/100\n|-damage|p1a: Arceus|53\/100\n|-damage|p1a: Arceus|44\/100\n|-hitcount|p1a: Arceus|3\n|\n|upkeep\n|turn|6\n|c|\u2606Roxlife|Imunne bitch\n|\n|t:|1698315673\n|-terastallize|p1a: Arceus|Normal\n|move|p1a: Arceus|Extreme Speed|p2a: Maushold\n|-immune|p2a: Maushold\n|move|p2a: Maushold|Population Bomb|p1a: Arceus\n|-damage|p1a: Arceus|35\/100\n|-damage|p1a: Arceus|26\/100\n|-damage|p1a: Arceus|16\/100\n|-damage|p1a: Arceus|8\/100\n|-crit|p1a: Arceus\n|-damage|p1a: Arceus|0 fnt\n|faint|p1a: Arceus\n|-hitcount|p1: Arceus|5\n|\n|upkeep\n|\n|t:|1698315691\n|switch|p1a: Arceus|Arceus|100\/100\n|turn|7\n|\n|t:|1698315698\n|move|p2a: Maushold|Population Bomb|p1a: Arceus\n|-damage|p1a: Arceus|92\/100\n|-damage|p1a: Arceus|83\/100\n|-damage|p1a: Arceus|73\/100\n|-damage|p1a: Arceus|64\/100\n|-damage|p1a: Arceus|55\/100\n|-damage|p1a: Arceus|46\/100\n|-damage|p1a: Arceus|36\/100\n|-damage|p1a: Arceus|26\/100\n|-damage|p1a: Arceus|18\/100\n|-damage|p1a: Arceus|9\/100\n|-hitcount|p1a: Arceus|10\n|cant|p1a: Arceus|flinch\n|\n|upkeep\n|turn|8\n|l|\u2606bigbadgoodsmall\n|player|p1|\n|inactive|Battle timer is ON: inactive players will automatically lose when time's up. (requested by Roxlife)\n|inactive|bigbadgoodsmall has 30 seconds to reconnect!\n|inactive|bigbadgoodsmall has 20 seconds to reconnect!\n|inactive|bigbadgoodsmall has 15 seconds to reconnect!\n|inactive|bigbadgoodsmall has 10 seconds to reconnect!\n|inactive|bigbadgoodsmall has 5 seconds to reconnect!\n|-message|bigbadgoodsmall lost due to inactivity.\n|\n|win|Roxlife\n|raw|bigbadgoodsmall's rating: 1000 &rarr; <strong>1000<\/strong><br \/>(+0 for losing)\n|raw|Roxlife's rating: 1107 &rarr; <strong>1125<\/strong><br \/>(+18 for winning)\n","uploadtime":1698315670,"views":6,"p1id":"bigbadgoodsmall","p2id":"roxlife","formatid":"gen9anythinggoes","rating":1000,"private":0,"password":""}