{"id":"gen9anythinggoes-1999139977","p1":"Mr Lakewood","p2":"nightor","format":"[Gen 9] Anything Goes","log":"|j|\u2606Mr Lakewood\n|j|\u2606nightor\n|t:|1701037502\n|gametype|singles\n|player|p1|Mr Lakewood|169|1187\n|player|p2|nightor|2|1280\n|teamsize|p1|6\n|teamsize|p2|6\n|gen|9\n|tier|[Gen 9] Anything Goes\n|rated|\n|rule|HP Percentage Mod: HP is shown in percentages\n|rule|Endless Battle Clause: Forcing endless battles is banned\n|clearpoke\n|poke|p1|Maushold-Four|\n|poke|p1|Flutter Mane|\n|poke|p1|Miraidon|\n|poke|p1|Rabsca, M|\n|poke|p1|Garganacl, F|\n|poke|p1|Houndstone, M|\n|poke|p2|Dugtrio, F|\n|poke|p2|Enamorus, F|\n|poke|p2|Clodsire, M|\n|poke|p2|Bellibolt, M|\n|poke|p2|Avalugg-Hisui, F|\n|poke|p2|Heatran, F|\n|teampreview\n|\n|t:|1701037527\n|start\n|switch|p1a: Flutter Mane|Flutter Mane, shiny|100\/100\n|switch|p2a: Dugtrio|Dugtrio, F|100\/100\n|turn|1\n|\n|t:|1701037542\n|move|p2a: Dugtrio|Protect|p2a: Dugtrio\n|-singleturn|p2a: Dugtrio|Protect\n|move|p1a: Flutter Mane|Moonblast|p2a: Dugtrio\n|-activate|p2a: Dugtrio|move: Protect\n|\n|upkeep\n|turn|2\n|\n|t:|1701037546\n|switch|p2a: Heatran|Heatran, F|100\/100\n|move|p1a: Flutter Mane|Shadow Ball|p2a: Heatran\n|-damage|p2a: Heatran|69\/100\n|-damage|p1a: Flutter Mane|91\/100|[from] item: Life Orb\n|\n|-heal|p2a: Heatran|75\/100|[from] item: Leftovers\n|upkeep\n|turn|3\n|\n|t:|1701037555\n|-end|p1a: Flutter Mane|Protosynthesis|[silent]\n|switch|p1a: Maushold|Maushold-Four|100\/100\n|move|p2a: Heatran|Lava Plume|p1a: Maushold\n|-damage|p1a: Maushold|48\/100\n|-status|p1a: Maushold|brn\n|\n|-heal|p2a: Heatran|82\/100|[from] item: Leftovers\n|-damage|p1a: Maushold|42\/100 brn|[from] brn\n|upkeep\n|turn|4\n|\n|t:|1701037567\n|move|p1a: Maushold|Population Bomb|p2a: Heatran\n|-resisted|p2a: Heatran\n|-crit|p2a: Heatran\n|-damage|p2a: Heatran|78\/100\n|-resisted|p2a: Heatran\n|-damage|p2a: Heatran|76\/100\n|-resisted|p2a: Heatran\n|-damage|p2a: Heatran|74\/100\n|-hitcount|p2a: Heatran|3\n|move|p2a: Heatran|Lava Plume|p1a: Maushold\n|-damage|p1a: Maushold|0 fnt\n|faint|p1a: Maushold\n|\n|-heal|p2a: Heatran|80\/100|[from] item: Leftovers\n|upkeep\n|\n|t:|1701037581\n|switch|p1a: DeMarco|Miraidon|100\/100\n|-fieldstart|move: Electric Terrain|[from] ability: Hadron Engine|[of] p1a: DeMarco\n|turn|5\n|\n|t:|1701037588\n|move|p2a: Heatran|Protect|p2a: Heatran\n|-singleturn|p2a: Heatran|Protect\n|move|p1a: DeMarco|Power Gem|p2a: Heatran\n|-activate|p2a: Heatran|move: Protect\n|\n|-heal|p2a: Heatran|87\/100|[from] item: Leftovers\n|upkeep\n|turn|6\n|\n|t:|1701037601\n|switch|p2a: Clodsire|Clodsire, M|100\/100\n|move|p1a: DeMarco|Electro Drift|p2a: Clodsire\n|-immune|p2a: Clodsire\n|\n|upkeep\n|turn|7\n|inactive|Battle timer is ON: inactive players will automatically lose when time's up. (requested by Mr Lakewood)\n|\n|t:|1701037619\n|switch|p1a: SSSReplacement|Garganacl, F, shiny|100\/100\n|move|p2a: Clodsire|Toxic|p1a: SSSReplacement\n|-immune|p1a: SSSReplacement|[from] ability: Purifying Salt\n|\n|upkeep\n|turn|8\n|\n|t:|1701037623\n|move|p1a: SSSReplacement|Iron Defense|p1a: SSSReplacement\n|-boost|p1a: SSSReplacement|def|2\n|move|p2a: Clodsire|Toxic Spikes|p1a: SSSReplacement\n|-sidestart|p1: Mr Lakewood|move: Toxic Spikes\n|\n|upkeep\n|turn|9\n|\n|t:|1701037635\n|switch|p2a: Enamorus|Enamorus, F|100\/100\n|move|p1a: SSSReplacement|Salt Cure|p2a: Enamorus\n|-supereffective|p2a: Enamorus\n|-damage|p2a: Enamorus|62\/100\n|-start|p2a: Enamorus|Salt Cure\n|\n|-damage|p2a: Enamorus|50\/100|[from] Salt Cure\n|-fieldend|move: Electric Terrain\n|upkeep\n|turn|10\n|\n|t:|1701037646\n|move|p2a: Enamorus|Earth Power|p1a: SSSReplacement\n|-supereffective|p1a: SSSReplacement\n|-damage|p1a: SSSReplacement|55\/100\n|move|p1a: SSSReplacement|Salt Cure|p2a: Enamorus\n|-supereffective|p2a: Enamorus\n|-damage|p2a: Enamorus|10\/100\n|\n|-heal|p1a: SSSReplacement|61\/100|[from] item: Leftovers\n|-damage|p2a: Enamorus|0 fnt|[from] Salt Cure\n|faint|p2a: Enamorus\n|upkeep\n|\n|t:|1701037664\n|switch|p2a: Dugtrio|Dugtrio, F|100\/100\n|turn|11\n|\n|t:|1701037669\n|-terastallize|p1a: SSSReplacement|Fairy\n|move|p2a: Dugtrio|Earthquake|p1a: SSSReplacement\n|-damage|p1a: SSSReplacement|38\/100\n|move|p1a: SSSReplacement|Iron Defense|p1a: SSSReplacement\n|-boost|p1a: SSSReplacement|def|2\n|\n|-heal|p1a: SSSReplacement|44\/100|[from] item: Leftovers\n|upkeep\n|turn|12\n|\n|t:|1701037697\n|switch|p2a: Heatran|Heatran, F|87\/100\n|move|p1a: SSSReplacement|Recover|p1a: SSSReplacement\n|-heal|p1a: SSSReplacement|94\/100\n|\n|-heal|p2a: Heatran|93\/100|[from] item: Leftovers\n|-heal|p1a: SSSReplacement|99\/100|[from] item: Leftovers\n|upkeep\n|turn|13\n|\n|t:|1701037700\n|move|p2a: Heatran|Magma Storm|p1a: SSSReplacement\n|-damage|p1a: SSSReplacement|74\/100\n|-activate|p1a: SSSReplacement|move: Magma Storm|[of] p2a: Heatran\n|move|p1a: SSSReplacement|Body Press|p2a: Heatran\n|-supereffective|p2a: Heatran\n|-crit|p2a: Heatran\n|-damage|p2a: Heatran|0 fnt\n|faint|p2a: Heatran\n|\n|-heal|p1a: SSSReplacement|80\/100|[from] item: Leftovers\n|-end|p1a: SSSReplacement|Magma Storm|[partiallytrapped]|[silent]\n|upkeep\n|\n|t:|1701037707\n|switch|p2a: Avalugg|Avalugg-Hisui, F|100\/100\n|turn|14\n|\n|t:|1701037712\n|-terastallize|p2a: Avalugg|Fairy\n|move|p2a: Avalugg|Iron Defense|p2a: Avalugg\n|-boost|p2a: Avalugg|def|2\n|move|p1a: SSSReplacement|Body Press|p2a: Avalugg\n|-resisted|p2a: Avalugg\n|-damage|p2a: Avalugg|93\/100\n|\n|-heal|p1a: SSSReplacement|87\/100|[from] item: Leftovers\n|upkeep\n|turn|15\n|\n|t:|1701037720\n|move|p2a: Avalugg|Iron Defense|p2a: Avalugg\n|-boost|p2a: Avalugg|def|2\n|move|p1a: SSSReplacement|Salt Cure|p2a: Avalugg\n|-damage|p2a: Avalugg|91\/100\n|-start|p2a: Avalugg|Salt Cure\n|\n|-heal|p1a: SSSReplacement|93\/100|[from] item: Leftovers\n|-damage|p2a: Avalugg|78\/100|[from] Salt Cure\n|upkeep\n|turn|16\n|\n|t:|1701037722\n|move|p2a: Avalugg|Iron Defense|p2a: Avalugg\n|-boost|p2a: Avalugg|def|2\n|move|p1a: SSSReplacement|Recover|p1a: SSSReplacement\n|-heal|p1a: SSSReplacement|100\/100\n|\n|-damage|p2a: Avalugg|66\/100|[from] Salt Cure\n|upkeep\n|turn|17\n|\n|t:|1701037724\n|move|p2a: Avalugg|Body Press|p1a: SSSReplacement\n|-resisted|p1a: SSSReplacement\n|-damage|p1a: SSSReplacement|81\/100\n|move|p1a: SSSReplacement|Iron Defense|p1a: SSSReplacement\n|-boost|p1a: SSSReplacement|def|2\n|\n|-heal|p1a: SSSReplacement|87\/100|[from] item: Leftovers\n|-damage|p2a: Avalugg|54\/100|[from] Salt Cure\n|upkeep\n|turn|18\n|\n|t:|1701037730\n|move|p2a: Avalugg|Rapid Spin|p1a: SSSReplacement\n|-damage|p1a: SSSReplacement|85\/100\n|-boost|p2a: Avalugg|spe|1\n|move|p1a: SSSReplacement|Recover|p1a: SSSReplacement\n|-heal|p1a: SSSReplacement|100\/100\n|\n|-damage|p2a: Avalugg|41\/100|[from] Salt Cure\n|upkeep\n|turn|19\n|\n|t:|1701037732\n|move|p2a: Avalugg|Recover|p2a: Avalugg\n|-heal|p2a: Avalugg|91\/100\n|move|p1a: SSSReplacement|Salt Cure|p2a: Avalugg\n|-damage|p2a: Avalugg|90\/100\n|\n|-damage|p2a: Avalugg|77\/100|[from] Salt Cure\n|upkeep\n|turn|20\n|\n|t:|1701037737\n|move|p2a: Avalugg|Rapid Spin|p1a: SSSReplacement\n|-damage|p1a: SSSReplacement|98\/100\n|-boost|p2a: Avalugg|spe|1\n|move|p1a: SSSReplacement|Salt Cure|p2a: Avalugg\n|-damage|p2a: Avalugg|76\/100\n|\n|-heal|p1a: SSSReplacement|100\/100|[from] item: Leftovers\n|-damage|p2a: Avalugg|63\/100|[from] Salt Cure\n|upkeep\n|turn|21\n|\n|t:|1701037742\n|move|p2a: Avalugg|Rapid Spin|p1a: SSSReplacement\n|-damage|p1a: SSSReplacement|98\/100\n|-boost|p2a: Avalugg|spe|1\n|move|p1a: SSSReplacement|Body Press|p2a: Avalugg\n|-resisted|p2a: Avalugg\n|-damage|p2a: Avalugg|58\/100\n|\n|-heal|p1a: SSSReplacement|100\/100|[from] item: Leftovers\n|-damage|p2a: Avalugg|46\/100|[from] Salt Cure\n|upkeep\n|turn|22\n|\n|t:|1701037748\n|move|p2a: Avalugg|Recover|p2a: Avalugg\n|-heal|p2a: Avalugg|96\/100\n|move|p1a: SSSReplacement|Body Press|p2a: Avalugg\n|-resisted|p2a: Avalugg\n|-damage|p2a: Avalugg|91\/100\n|\n|-damage|p2a: Avalugg|79\/100|[from] Salt Cure\n|upkeep\n|turn|23\n|\n|t:|1701037751\n|move|p2a: Avalugg|Rapid Spin|p1a: SSSReplacement\n|-damage|p1a: SSSReplacement|98\/100\n|-boost|p2a: Avalugg|spe|1\n|move|p1a: SSSReplacement|Body Press|p2a: Avalugg\n|-resisted|p2a: Avalugg\n|-damage|p2a: Avalugg|75\/100\n|\n|-heal|p1a: SSSReplacement|100\/100|[from] item: Leftovers\n|-damage|p2a: Avalugg|62\/100|[from] Salt Cure\n|upkeep\n|turn|24\n|\n|t:|1701037754\n|move|p2a: Avalugg|Rapid Spin|p1a: SSSReplacement\n|-damage|p1a: SSSReplacement|98\/100\n|-boost|p2a: Avalugg|spe|1\n|move|p1a: SSSReplacement|Body Press|p2a: Avalugg\n|-resisted|p2a: Avalugg\n|-damage|p2a: Avalugg|57\/100\n|\n|-heal|p1a: SSSReplacement|100\/100|[from] item: Leftovers\n|-damage|p2a: Avalugg|45\/100|[from] Salt Cure\n|upkeep\n|turn|25\n|\n|t:|1701037764\n|move|p2a: Avalugg|Rapid Spin|p1a: SSSReplacement\n|-damage|p1a: SSSReplacement|98\/100\n|-boost|p2a: Avalugg|spe|1\n|move|p1a: SSSReplacement|Body Press|p2a: Avalugg\n|-resisted|p2a: Avalugg\n|-damage|p2a: Avalugg|41\/100\n|\n|-heal|p1a: SSSReplacement|100\/100|[from] item: Leftovers\n|-damage|p2a: Avalugg|28\/100|[from] Salt Cure\n|upkeep\n|turn|26\n|\n|t:|1701037767\n|move|p2a: Avalugg|Recover|p2a: Avalugg\n|-heal|p2a: Avalugg|78\/100\n|move|p1a: SSSReplacement|Body Press|p2a: Avalugg\n|-resisted|p2a: Avalugg\n|-damage|p2a: Avalugg|73\/100\n|\n|-damage|p2a: Avalugg|61\/100|[from] Salt Cure\n|upkeep\n|turn|27\n|\n|t:|1701037769\n|move|p2a: Avalugg|Body Press|p1a: SSSReplacement\n|-resisted|p1a: SSSReplacement\n|-damage|p1a: SSSReplacement|87\/100\n|move|p1a: SSSReplacement|Body Press|p2a: Avalugg\n|-resisted|p2a: Avalugg\n|-damage|p2a: Avalugg|57\/100\n|\n|-heal|p1a: SSSReplacement|94\/100|[from] item: Leftovers\n|-damage|p2a: Avalugg|44\/100|[from] Salt Cure\n|upkeep\n|turn|28\n|\n|t:|1701037776\n|move|p2a: Avalugg|Recover|p2a: Avalugg\n|-heal|p2a: Avalugg|94\/100\n|move|p1a: SSSReplacement|Body Press|p2a: Avalugg\n|-resisted|p2a: Avalugg\n|-damage|p2a: Avalugg|89\/100\n|\n|-heal|p1a: SSSReplacement|99\/100|[from] item: Leftovers\n|-damage|p2a: Avalugg|77\/100|[from] Salt Cure\n|upkeep\n|turn|29\n|\n|t:|1701037778\n|move|p2a: Avalugg|Body Press|p1a: SSSReplacement\n|-resisted|p1a: SSSReplacement\n|-damage|p1a: SSSReplacement|86\/100\n|move|p1a: SSSReplacement|Body Press|p2a: Avalugg\n|-resisted|p2a: Avalugg\n|-damage|p2a: Avalugg|72\/100\n|\n|-heal|p1a: SSSReplacement|93\/100|[from] item: Leftovers\n|-damage|p2a: Avalugg|60\/100|[from] Salt Cure\n|upkeep\n|turn|30\n|\n|t:|1701037786\n|move|p2a: Avalugg|Body Press|p1a: SSSReplacement\n|-resisted|p1a: SSSReplacement\n|-damage|p1a: SSSReplacement|79\/100\n|move|p1a: SSSReplacement|Body Press|p2a: Avalugg\n|-resisted|p2a: Avalugg\n|-damage|p2a: Avalugg|55\/100\n|\n|-heal|p1a: SSSReplacement|85\/100|[from] item: Leftovers\n|-damage|p2a: Avalugg|43\/100|[from] Salt Cure\n|upkeep\n|turn|31\n|\n|t:|1701037790\n|move|p2a: Avalugg|Recover|p2a: Avalugg\n|-heal|p2a: Avalugg|93\/100\n|move|p1a: SSSReplacement|Body Press|p2a: Avalugg\n|-resisted|p2a: Avalugg\n|-damage|p2a: Avalugg|88\/100\n|\n|-heal|p1a: SSSReplacement|91\/100|[from] item: Leftovers\n|-damage|p2a: Avalugg|76\/100|[from] Salt Cure\n|upkeep\n|turn|32\n|\n|t:|1701037793\n|move|p2a: Avalugg|Body Press|p1a: SSSReplacement\n|-resisted|p1a: SSSReplacement\n|-damage|p1a: SSSReplacement|77\/100\n|move|p1a: SSSReplacement|Body Press|p2a: Avalugg\n|-resisted|p2a: Avalugg\n|-crit|p2a: Avalugg\n|-damage|p2a: Avalugg|47\/100\n|\n|-heal|p1a: SSSReplacement|84\/100|[from] item: Leftovers\n|-damage|p2a: Avalugg|35\/100|[from] Salt Cure\n|upkeep\n|turn|33\n|\n|t:|1701037801\n|move|p2a: Avalugg|Recover|p2a: Avalugg\n|-heal|p2a: Avalugg|85\/100\n|move|p1a: SSSReplacement|Body Press|p2a: Avalugg\n|-resisted|p2a: Avalugg\n|-damage|p2a: Avalugg|80\/100\n|\n|-heal|p1a: SSSReplacement|90\/100|[from] item: Leftovers\n|-damage|p2a: Avalugg|68\/100|[from] Salt Cure\n|upkeep\n|turn|34\n|\n|t:|1701037806\n|move|p2a: Avalugg|Body Press|p1a: SSSReplacement\n|-resisted|p1a: SSSReplacement\n|-damage|p1a: SSSReplacement|77\/100\n|move|p1a: SSSReplacement|Salt Cure|p2a: Avalugg\n|-damage|p2a: Avalugg|66\/100\n|\n|-heal|p1a: SSSReplacement|84\/100|[from] item: Leftovers\n|-damage|p2a: Avalugg|54\/100|[from] Salt Cure\n|upkeep\n|turn|35\n|\n|t:|1701037811\n|move|p2a: Avalugg|Body Press|p1a: SSSReplacement\n|-resisted|p1a: SSSReplacement\n|-damage|p1a: SSSReplacement|71\/100\n|move|p1a: SSSReplacement|Salt Cure|p2a: Avalugg\n|-damage|p2a: Avalugg|52\/100\n|\n|-heal|p1a: SSSReplacement|77\/100|[from] item: Leftovers\n|-damage|p2a: Avalugg|40\/100|[from] Salt Cure\n|upkeep\n|turn|36\n|\n|t:|1701037818\n|move|p2a: Avalugg|Recover|p2a: Avalugg\n|-heal|p2a: Avalugg|90\/100\n|move|p1a: SSSReplacement|Salt Cure|p2a: Avalugg\n|-damage|p2a: Avalugg|88\/100\n|\n|-heal|p1a: SSSReplacement|83\/100|[from] item: Leftovers\n|-damage|p2a: Avalugg|76\/100|[from] Salt Cure\n|upkeep\n|turn|37\n|\n|t:|1701037826\n|move|p2a: Avalugg|Body Press|p1a: SSSReplacement\n|-resisted|p1a: SSSReplacement\n|-damage|p1a: SSSReplacement|70\/100\n|move|p1a: SSSReplacement|Salt Cure|p2a: Avalugg\n|-damage|p2a: Avalugg|74\/100\n|\n|-heal|p1a: SSSReplacement|76\/100|[from] item: Leftovers\n|-damage|p2a: Avalugg|62\/100|[from] Salt Cure\n|upkeep\n|turn|38\n|\n|t:|1701037833\n|move|p2a: Avalugg|Body Press|p1a: SSSReplacement\n|-resisted|p1a: SSSReplacement\n|-damage|p1a: SSSReplacement|62\/100\n|move|p1a: SSSReplacement|Salt Cure|p2a: Avalugg\n|-damage|p2a: Avalugg|60\/100\n|\n|-heal|p1a: SSSReplacement|68\/100|[from] item: Leftovers\n|-damage|p2a: Avalugg|48\/100|[from] Salt Cure\n|upkeep\n|turn|39\n|\n|t:|1701037839\n|move|p2a: Avalugg|Body Press|p1a: SSSReplacement\n|-resisted|p1a: SSSReplacement\n|-crit|p1a: SSSReplacement\n|-damage|p1a: SSSReplacement|0 fnt\n|faint|p1a: SSSReplacement\n|\n|-damage|p2a: Avalugg|36\/100|[from] Salt Cure\n|upkeep\n|c|\u2606nightor|oof\n|\n|t:|1701037852\n|switch|p1a: Houndstone|Houndstone, M|100\/100\n|-status|p1a: Houndstone|psn\n|turn|40\n|\n|t:|1701037859\n|move|p2a: Avalugg|Recover|p2a: Avalugg\n|-heal|p2a: Avalugg|86\/100\n|move|p1a: Houndstone|Last Respects|p2a: Avalugg\n|-damage|p2a: Avalugg|78\/100\n|\n|-damage|p1a: Houndstone|88\/100 psn|[from] psn\n|-damage|p2a: Avalugg|66\/100|[from] Salt Cure\n|upkeep\n|turn|41\n|\n|t:|1701037866\n|move|p2a: Avalugg|Iron Defense|p2a: Avalugg\n|-boost|p2a: Avalugg|def|0\n|move|p1a: Houndstone|Last Respects|p2a: Avalugg\n|-damage|p2a: Avalugg|59\/100\n|\n|-damage|p1a: Houndstone|76\/100 psn|[from] psn\n|-damage|p2a: Avalugg|47\/100|[from] Salt Cure\n|upkeep\n|turn|42\n|\n|t:|1701037877\n|switch|p2a: Clodsire|Clodsire, M|100\/100\n|move|p1a: Houndstone|Last Respects|p2a: Clodsire\n|-damage|p2a: Clodsire|22\/100\n|\n|-heal|p2a: Clodsire|28\/100|[from] item: Black Sludge\n|-damage|p1a: Houndstone|63\/100 psn|[from] psn\n|upkeep\n|turn|43\n|\n|t:|1701037882\n|move|p1a: Houndstone|Last Respects|p2a: Clodsire\n|-damage|p2a: Clodsire|0 fnt\n|faint|p2a: Clodsire\n|\n|-damage|p1a: Houndstone|51\/100 psn|[from] psn\n|upkeep\n|\n|t:|1701037891\n|switch|p2a: Dugtrio|Dugtrio, F|100\/100\n|turn|44\n|\n|t:|1701037895\n|move|p2a: Dugtrio|Sucker Punch|p1a: Houndstone\n|-supereffective|p1a: Houndstone\n|-damage|p1a: Houndstone|20\/100 psn\n|move|p1a: Houndstone|Last Respects|p2a: Dugtrio\n|-damage|p2a: Dugtrio|0 fnt\n|faint|p2a: Dugtrio\n|\n|-damage|p1a: Houndstone|8\/100 psn|[from] psn\n|upkeep\n|\n|t:|1701037902\n|switch|p2a: Avalugg|Avalugg-Hisui, F, tera:Fairy|47\/100\n|turn|45\n|\n|t:|1701037905\n|move|p1a: Houndstone|Last Respects|p2a: Avalugg\n|-crit|p2a: Avalugg\n|-damage|p2a: Avalugg|7\/100\n|move|p2a: Avalugg|Iron Defense|p2a: Avalugg\n|-boost|p2a: Avalugg|def|2\n|\n|-damage|p1a: Houndstone|0 fnt|[from] psn\n|faint|p1a: Houndstone\n|upkeep\n|\n|t:|1701037913\n|switch|p1a: Rabsca|Rabsca, M, shiny|100\/100\n|-status|p1a: Rabsca|psn\n|turn|46\n|\n|t:|1701037918\n|move|p1a: Rabsca|Revival Blessing|p1a: Rabsca\n|-enditem|p1a: Rabsca|Leppa Berry|[eat]\n|-activate|p1a: Rabsca|item: Leppa Berry|Revival Blessing|[consumed]\n|\n|t:|1701037925\n|-heal|p1: Maushold|50\/100|[from] move: Revival Blessing\n|move|p2a: Avalugg|Rapid Spin|p1a: Rabsca\n|-damage|p1a: Rabsca|89\/100 psn\n|-boost|p2a: Avalugg|spe|1\n|\n|-damage|p1a: Rabsca|77\/100 psn|[from] psn\n|upkeep\n|turn|47\n|\n|t:|1701037933\n|move|p2a: Avalugg|Rapid Spin|p1a: Rabsca\n|-crit|p1a: Rabsca\n|-damage|p1a: Rabsca|60\/100 psn\n|-boost|p2a: Avalugg|spe|1\n|move|p1a: Rabsca|Revival Blessing|p1a: Rabsca\n|\n|t:|1701037940\n|-heal|p1: SSSReplacement|50\/100|[from] move: Revival Blessing\n|\n|-damage|p1a: Rabsca|48\/100 psn|[from] psn\n|upkeep\n|turn|48\n|\n|t:|1701037958\n|move|p2a: Avalugg|Body Press|p1a: Rabsca\n|-resisted|p1a: Rabsca\n|-damage|p1a: Rabsca|32\/100 psn\n|move|p1a: Rabsca|Memento|p2a: Avalugg\n|-unboost|p2a: Avalugg|atk|2\n|-unboost|p2a: Avalugg|spa|2\n|faint|p1a: Rabsca\n|\n|upkeep\n|\n|t:|1701037967\n|switch|p1a: Maushold|Maushold-Four|50\/100\n|-status|p1a: Maushold|psn\n|turn|49\n|\n|t:|1701037971\n|move|p1a: Maushold|Tidy Up|p1a: Maushold\n|-sideend|p1: Mr Lakewood|Toxic Spikes\n|-activate|p1a: Maushold|move: Tidy Up\n|-boost|p1a: Maushold|atk|1\n|-boost|p1a: Maushold|spe|1\n|move|p2a: Avalugg|Body Press|p1a: Maushold\n|-supereffective|p1a: Maushold\n|-damage|p1a: Maushold|0 fnt\n|faint|p1a: Maushold\n|\n|upkeep\n|\n|t:|1701037975\n|switch|p1a: Flutter Mane|Flutter Mane, shiny|91\/100\n|turn|50\n|\n|t:|1701037981\n|move|p1a: Flutter Mane|Shadow Ball|p2a: Avalugg\n|-damage|p2a: Avalugg|0 fnt\n|faint|p2a: Avalugg\n|-damage|p1a: Flutter Mane|81\/100|[from] item: Life Orb\n|\n|upkeep\n|\n|t:|1701037983\n|switch|p2a: Bellibolt|Bellibolt, M|100\/100\n|turn|51\n|\n|t:|1701037989\n|move|p1a: Flutter Mane|Moonblast|p2a: Bellibolt\n|-damage|p2a: Bellibolt|37\/100\n|-start|p2a: Bellibolt|Charge|Moonblast|[from] ability: Electromorphosis\n|-damage|p1a: Flutter Mane|71\/100|[from] item: Life Orb\n|move|p2a: Bellibolt|Toxic|p1a: Flutter Mane\n|-status|p1a: Flutter Mane|tox\n|\n|-heal|p2a: Bellibolt|43\/100|[from] item: Leftovers\n|-damage|p1a: Flutter Mane|65\/100 tox|[from] psn\n|upkeep\n|turn|52\n|\n|t:|1701037993\n|move|p1a: Flutter Mane|Moonblast|p2a: Bellibolt\n|-damage|p2a: Bellibolt|0 fnt\n|faint|p2a: Bellibolt\n|-damage|p1a: Flutter Mane|55\/100 tox|[from] item: Life Orb\n|\n|win|Mr Lakewood\n|raw|Mr Lakewood's rating: 1187 &rarr; <strong>1219<\/strong><br \/>(+32 for winning)\n|raw|nightor's rating: 1280 &rarr; <strong>1248<\/strong><br \/>(-32 for losing)\n|l|\u2606nightor\n","uploadtime":1701038016,"views":1,"p1id":"mrlakewood","p2id":"nightor","formatid":"gen9anythinggoes","rating":1219,"private":0,"password":""}