{"id":"gen9anythinggoes-1993175253","p1":"young_drifty","p2":"Mattattac","format":"[Gen 9] Anything Goes","log":"|j|\u2606young_drifty\n|j|\u2606Mattattac\n|t:|1700273980\n|gametype|singles\n|player|p1|young_drifty|cynthia|1185\n|player|p2|Mattattac|nate|1303\n|teamsize|p1|6\n|teamsize|p2|6\n|gen|9\n|tier|[Gen 9] Anything Goes\n|rated|\n|rule|HP Percentage Mod: HP is shown in percentages\n|rule|Endless Battle Clause: Forcing endless battles is banned\n|clearpoke\n|poke|p1|Cinderace, M|\n|poke|p1|Hatterene, F|\n|poke|p1|Meowscarada, M|\n|poke|p1|Dragapult, M|\n|poke|p1|Ceruledge, F|\n|poke|p1|Tinkaton, F|\n|poke|p2|Calyrex-Shadow|\n|poke|p2|Volcarona, M|\n|poke|p2|Darkrai|\n|poke|p2|Espathra, F|\n|poke|p2|Kyogre|\n|poke|p2|Dragapult, M|\n|teampreview\n|c|\u2606Mattattac|yo\n|inactive|Battle timer is ON: inactive players will automatically lose when time's up. (requested by Mattattac)\n|\n|t:|1700273994\n|start\n|switch|p1a: Tinkaton|Tinkaton, F|100\/100\n|switch|p2a: Espathra|Espathra, F, shiny|100\/100\n|-ability|p1a: Tinkaton|Mold Breaker\n|turn|1\n|\n|t:|1700274007\n|move|p1a: Tinkaton|Fake Out|p2a: Espathra\n|-damage|p2a: Espathra|86\/100\n|cant|p2a: Espathra|flinch\n|\n|-ability|p2a: Espathra|Speed Boost|boost\n|-boost|p2a: Espathra|spe|1\n|upkeep\n|turn|2\n|\n|t:|1700274015\n|move|p2a: Espathra|Calm Mind|p2a: Espathra\n|-boost|p2a: Espathra|spa|1\n|-boost|p2a: Espathra|spd|1\n|move|p1a: Tinkaton|Knock Off|p2a: Espathra\n|-supereffective|p2a: Espathra\n|-damage|p2a: Espathra|16\/100\n|-enditem|p2a: Espathra|Weakness Policy\n|-boost|p2a: Espathra|atk|2|[from] item: Weakness Policy\n|-boost|p2a: Espathra|spa|2|[from] item: Weakness Policy\n|\n|-ability|p2a: Espathra|Speed Boost|boost\n|-boost|p2a: Espathra|spe|1\n|upkeep\n|turn|3\n|c|\u2606young_drifty|Ok so\n|\n|t:|1700274039\n|move|p2a: Espathra|Baton Pass|p2a: Espathra\n|c|\u2606young_drifty|Your team\n|c|\u2606young_drifty|Very op\n|c|\u2606Mattattac|yeah?\n|c|\u2606Mattattac|oh\n|c|\u2606Mattattac|yea\n|c|\u2606Mattattac|:)\n|c|\u2606Mattattac|not that op tho\n|inactive|Mattattac has 120 seconds left.\n|\n|t:|1700274065\n|switch|p2a: Kyogre|Kyogre, shiny|100\/100|[from] Baton Pass\n|-weather|RainDance|[from] ability: Drizzle|[of] p2a: Kyogre\n|move|p1a: Tinkaton|Knock Off|p2a: Kyogre\n|-damage|p2a: Kyogre|80\/100\n|-enditem|p2a: Kyogre|Damp Rock|[from] move: Knock Off|[of] p1a: Tinkaton\n|\n|-weather|RainDance|[upkeep]\n|upkeep\n|turn|4\n|inactive|Mattattac has 120 seconds left.\n|c|\u2606young_drifty|You have a shadow chalrex and a kyogre\n|\n|t:|1700274088\n|move|p2a: Kyogre|Calm Mind|p2a: Kyogre\n|-boost|p2a: Kyogre|spa|1\n|-boost|p2a: Kyogre|spd|1\n|move|p1a: Tinkaton|Gigaton Hammer|p2a: Kyogre\n|-resisted|p2a: Kyogre\n|-damage|p2a: Kyogre|54\/100\n|\n|-weather|RainDance|[upkeep]\n|upkeep\n|turn|5\n|c|\u2606Mattattac|ok\n|c|\u2606Mattattac|so?\n|inactive|Mattattac has 120 seconds left.\n|c|\u2606Mattattac|still not that op\n|\n|t:|1700274101\n|move|p2a: Kyogre|Surf|p1a: Tinkaton\n|-damage|p1a: Tinkaton|0 fnt\n|faint|p1a: Tinkaton\n|\n|-weather|RainDance|[upkeep]\n|upkeep\n|c|\u2606young_drifty|Says you\n|c|\u2606Mattattac|yeah\n|c|\u2606Mattattac|cuz it isn't\n|c|\u2606Mattattac|:)\n|\n|t:|1700274114\n|switch|p1a: Meowscarada|Meowscarada, M|100\/100\n|turn|6\n|\n|t:|1700274118\n|move|p2a: Kyogre|Ice Beam|p1a: Meowscarada\n|-supereffective|p1a: Meowscarada\n|-damage|p1a: Meowscarada|0 fnt\n|faint|p1a: Meowscarada\n|\n|-weather|RainDance|[upkeep]\n|upkeep\n|\n|t:|1700274125\n|switch|p1a: Hatterene|Hatterene, F|100\/100\n|turn|7\n|\n|t:|1700274129\n|move|p2a: Kyogre|Thunder|p1a: Hatterene\n|-damage|p1a: Hatterene|0 fnt\n|faint|p1a: Hatterene\n|\n|-weather|RainDance|[upkeep]\n|upkeep\n|\n|t:|1700274141\n|switch|p1a: Ceruledge|Ceruledge, F|100\/100\n|turn|8\n|\n|t:|1700274149\n|move|p1a: Ceruledge|Shadow Sneak|p2a: Kyogre\n|-damage|p2a: Kyogre|30\/100\n|-damage|p1a: Ceruledge|91\/100|[from] item: Life Orb\n|move|p2a: Kyogre|Surf|p1a: Ceruledge\n|-supereffective|p1a: Ceruledge\n|-damage|p1a: Ceruledge|0 fnt\n|faint|p1a: Ceruledge\n|\n|-weather|RainDance|[upkeep]\n|upkeep\n|c|\u2606young_drifty|So\n|c|\u2606young_drifty|Um\n|c|\u2606Mattattac|yeah?\n|c|\u2606young_drifty|Im in danger :)\n|\n|t:|1700274170\n|switch|p1a: Cinderace|Cinderace, M|100\/100\n|turn|9\n|c|\u2606Mattattac|nah\n|c|\u2606Mattattac|you'll be fine\n|c|\u2606Mattattac|:)\n|\n|t:|1700274176\n|move|p2a: Kyogre|Surf|p1a: Cinderace\n|-supereffective|p1a: Cinderace\n|-damage|p1a: Cinderace|0 fnt\n|faint|p1a: Cinderace\n|\n|-weather|RainDance|[upkeep]\n|upkeep\n|\n|t:|1700274185\n|switch|p1a: Dragapult|Dragapult, M, shiny|100\/100\n|turn|10\n|\n|t:|1700274190\n|-terastallize|p2a: Kyogre|Electric\n|-terastallize|p1a: Dragapult|Ghost\n|move|p2a: Kyogre|Thunder|p1a: Dragapult\n|-damage|p1a: Dragapult|0 fnt\n|faint|p1a: Dragapult\n|\n|win|Mattattac\n|raw|young_drifty's rating: 1185 &rarr; <strong>1168<\/strong><br \/>(-17 for losing)\n|raw|Mattattac's rating: 1303 &rarr; <strong>1316<\/strong><br \/>(+13 for winning)\n|c|\u2606Mattattac|gg\n|c|\u2606young_drifty|Gg\n|l|\u2606young_drifty\n","uploadtime":1700274230,"views":5,"p1id":"youngdrifty","p2id":"mattattac","formatid":"gen9anythinggoes","rating":1168,"private":0,"password":""}