{"id":"gen9anythinggoes-1997661709","p1":"Aziii","p2":"mentecapito","format":"[Gen 9] Anything Goes","log":"|j|\u2606Aziii\n|j|\u2606mentecapito\n|t:|1700838926\n|gametype|singles\n|player|p1|Aziii|266|1000\n|player|p2|mentecapito|cynthia-gen4|1052\n|teamsize|p1|6\n|teamsize|p2|6\n|gen|9\n|tier|[Gen 9] Anything Goes\n|rated|\n|rule|HP Percentage Mod: HP is shown in percentages\n|rule|Endless Battle Clause: Forcing endless battles is banned\n|clearpoke\n|poke|p1|Skeledirge, M|\n|poke|p1|Quaquaval, F|\n|poke|p1|Dunsparce, M|\n|poke|p1|Flamigo, F|\n|poke|p1|Annihilape, M|\n|poke|p1|Maushold-Four|\n|poke|p2|Dragapult, F|\n|poke|p2|Weavile, M|\n|poke|p2|Milotic, M|\n|poke|p2|Drifblim, M|\n|poke|p2|Volcarona, M|\n|poke|p2|Gallade, M|\n|teampreview\n|j| Gliitchhh\n|\n|t:|1700838937\n|start\n|switch|p1a: DUN POWER|Dunsparce, M|100\/100\n|switch|p2a: Drifblim|Drifblim, M|100\/100\n|turn|1\n|l| Gliitchhh\n|\n|t:|1700838947\n|move|p2a: Drifblim|Minimize|p2a: Drifblim\n|-boost|p2a: Drifblim|evasion|2\n|move|p1a: DUN POWER|Coil|p1a: DUN POWER\n|-boost|p1a: DUN POWER|atk|1\n|-boost|p1a: DUN POWER|def|1\n|-boost|p1a: DUN POWER|accuracy|1\n|\n|upkeep\n|turn|2\n|\n|t:|1700838956\n|move|p2a: Drifblim|Minimize|p2a: Drifblim\n|-boost|p2a: Drifblim|evasion|2\n|move|p1a: DUN POWER|Coil|p1a: DUN POWER\n|-boost|p1a: DUN POWER|atk|1\n|-boost|p1a: DUN POWER|def|1\n|-boost|p1a: DUN POWER|accuracy|1\n|\n|upkeep\n|turn|3\n|\n|t:|1700838966\n|move|p2a: Drifblim|Minimize|p2a: Drifblim\n|-boost|p2a: Drifblim|evasion|2\n|move|p1a: DUN POWER|Coil|p1a: DUN POWER\n|-boost|p1a: DUN POWER|atk|1\n|-boost|p1a: DUN POWER|def|1\n|-boost|p1a: DUN POWER|accuracy|1\n|\n|upkeep\n|turn|4\n|\n|t:|1700838976\n|move|p2a: Drifblim|Minimize|p2a: Drifblim\n|-boost|p2a: Drifblim|evasion|0\n|move|p1a: DUN POWER|Coil|p1a: DUN POWER\n|-boost|p1a: DUN POWER|atk|1\n|-boost|p1a: DUN POWER|def|1\n|-boost|p1a: DUN POWER|accuracy|1\n|\n|upkeep\n|turn|5\n|\n|t:|1700838986\n|move|p2a: Drifblim|Will-O-Wisp|p1a: DUN POWER\n|-status|p1a: DUN POWER|brn\n|move|p1a: DUN POWER|Coil|p1a: DUN POWER\n|-boost|p1a: DUN POWER|atk|1\n|-boost|p1a: DUN POWER|def|1\n|-boost|p1a: DUN POWER|accuracy|1\n|\n|-damage|p1a: DUN POWER|94\/100 brn|[from] brn\n|upkeep\n|turn|6\n|\n|t:|1700838999\n|move|p2a: Drifblim|Baton Pass|p2a: Drifblim\n|\n|t:|1700839004\n|switch|p2a: Dragapult|Dragapult, F|100\/100|[from] Baton Pass\n|move|p1a: DUN POWER|Coil|p1a: DUN POWER\n|-boost|p1a: DUN POWER|atk|1\n|-boost|p1a: DUN POWER|def|1\n|-boost|p1a: DUN POWER|accuracy|1\n|\n|-damage|p1a: DUN POWER|88\/100 brn|[from] brn\n|upkeep\n|turn|7\n|\n|t:|1700839016\n|move|p2a: Dragapult|Dragon Dance|p2a: Dragapult\n|-boost|p2a: Dragapult|atk|1\n|-boost|p2a: Dragapult|spe|1\n|move|p1a: DUN POWER|Baton Pass|p1a: DUN POWER\n|\n|t:|1700839037\n|switch|p1a: Annihilape|Annihilape, M|100\/100|[from] Baton Pass\n|\n|upkeep\n|turn|8\n|\n|t:|1700839060\n|-terastallize|p1a: Annihilape|Steel\n|move|p2a: Dragapult|Dragon Dance|p2a: Dragapult\n|-boost|p2a: Dragapult|atk|1\n|-boost|p2a: Dragapult|spe|1\n|move|p1a: Annihilape|Rage Fist|p2a: Dragapult\n|-supereffective|p2a: Dragapult\n|-crit|p2a: Dragapult\n|-damage|p2a: Dragapult|0 fnt\n|faint|p2a: Dragapult\n|\n|upkeep\n|\n|t:|1700839073\n|switch|p2a: Volcarona|Volcarona, M|100\/100\n|turn|9\n|\n|t:|1700839094\n|move|p1a: Annihilape|Body Slam|p2a: Volcarona\n|-damage|p2a: Volcarona|0 fnt\n|-status|p1a: Annihilape|brn|[from] ability: Flame Body|[of] p2a: Volcarona\n|faint|p2a: Volcarona\n|\n|-damage|p1a: Annihilape|94\/100 brn|[from] brn\n|upkeep\n|\n|t:|1700839103\n|switch|p2a: Drifblim|Drifblim, M|100\/100\n|turn|10\n|\n|t:|1700839108\n|move|p1a: Annihilape|Rage Fist|p2a: Drifblim\n|-supereffective|p2a: Drifblim\n|-enditem|p2a: Drifblim|Focus Sash\n|-damage|p2a: Drifblim|1\/100\n|move|p2a: Drifblim|Minimize|p2a: Drifblim\n|-boost|p2a: Drifblim|evasion|2\n|\n|-damage|p1a: Annihilape|88\/100 brn|[from] brn\n|upkeep\n|turn|11\n|\n|t:|1700839119\n|move|p2a: Drifblim|Baton Pass|p2a: Drifblim\n|\n|t:|1700839125\n|switch|p2a: Milotic|Milotic, M|100\/100|[from] Baton Pass\n|move|p1a: Annihilape|Rage Fist|p2a: Milotic\n|-damage|p2a: Milotic|52\/100\n|\n|-heal|p2a: Milotic|58\/100|[from] item: Leftovers\n|-damage|p1a: Annihilape|82\/100 brn|[from] brn\n|upkeep\n|turn|12\n|\n|t:|1700839147\n|move|p1a: Annihilape|Drain Punch|p2a: Milotic\n|-damage|p2a: Milotic|0 fnt\n|-heal|p1a: Annihilape|100\/100 brn|[from] drain|[of] p2a: Milotic\n|faint|p2a: Milotic\n|\n|-damage|p1a: Annihilape|94\/100 brn|[from] brn\n|upkeep\n|-message|mentecapito forfeited.\n|\n|win|Aziii\n|raw|Aziii's rating: 1000 &rarr; <strong>1046<\/strong><br \/>(+46 for winning)\n|raw|mentecapito's rating: 1052 &rarr; <strong>1032<\/strong><br \/>(-20 for losing)\n|l|\u2606mentecapito\n","uploadtime":1700839166,"views":0,"p1id":"aziii","p2id":"mentecapito","formatid":"gen9anythinggoes","rating":1032,"private":0,"password":""}