{"id":"gen9anythinggoes-1977578440","p1":"ijusttogoodddddd","p2":"JT's world","format":"[Gen 9] Anything Goes","log":"|j|\u2606ijusttogoodddddd\n|j|\u2606JT's world\n|t:|1698428895\n|gametype|singles\n|player|p1|ijusttogoodddddd|hiker-gen1|1000\n|player|p2|JT's world|hilbert-wonderlauncher|1000\n|teamsize|p1|6\n|teamsize|p2|6\n|gen|9\n|tier|[Gen 9] Anything Goes\n|rated|\n|rule|HP Percentage Mod: HP is shown in percentages\n|rule|Endless Battle Clause: Forcing endless battles is banned\n|clearpoke\n|poke|p1|Miraidon|\n|poke|p1|Chi-Yu|\n|poke|p1|Iron Bundle|\n|poke|p1|Zacian-*|\n|poke|p1|Calyrex-Shadow|\n|poke|p1|Drifblim, M|\n|poke|p2|Dragonite, M|\n|poke|p2|Lucario, M|\n|poke|p2|Raichu-Alola, M|\n|poke|p2|Tyranitar, M|\n|poke|p2|Ceruledge, M|\n|poke|p2|Samurott-Hisui, M|\n|teampreview\n|\n|t:|1698428932\n|start\n|switch|p1a: Drifblim|Drifblim, M|100\/100\n|switch|p2a: Tyranitar|Tyranitar, M, shiny|100\/100\n|-weather|Sandstorm|[from] ability: Sand Stream|[of] p2a: Tyranitar\n|turn|1\n|\n|t:|1698428957\n|move|p1a: Drifblim|Protect|p1a: Drifblim\n|-singleturn|p1a: Drifblim|Protect\n|move|p2a: Tyranitar|Stealth Rock|p1a: Drifblim\n|-sidestart|p1: ijusttogoodddddd|move: Stealth Rock\n|\n|-weather|Sandstorm|[upkeep]\n|-damage|p1a: Drifblim|94\/100|[from] Sandstorm\n|upkeep\n|turn|2\n|\n|t:|1698428964\n|move|p1a: Drifblim|Minimize|p1a: Drifblim\n|-boost|p1a: Drifblim|evasion|2\n|move|p2a: Tyranitar|Power Gem|p1a: Drifblim\n|-supereffective|p1a: Drifblim\n|-damage|p1a: Drifblim|35\/100\n|\n|-weather|Sandstorm|[upkeep]\n|-damage|p1a: Drifblim|29\/100|[from] Sandstorm\n|upkeep\n|turn|3\n|\n|t:|1698428973\n|move|p1a: Drifblim|Minimize|p1a: Drifblim\n|-boost|p1a: Drifblim|evasion|2\n|move|p2a: Tyranitar|Power Gem|p1a: Drifblim|[miss]\n|-miss|p2a: Tyranitar|p1a: Drifblim\n|\n|-weather|Sandstorm|[upkeep]\n|-damage|p1a: Drifblim|22\/100|[from] Sandstorm\n|upkeep\n|turn|4\n|\n|t:|1698429009\n|move|p1a: Drifblim|Baton Pass|p1a: Drifblim\n|\n|t:|1698429014\n|switch|p1a: Zacian|Zacian-Crowned|100\/100|[from] Baton Pass\n|-damage|p1a: Zacian|94\/100|[from] Stealth Rock\n|-ability|p1a: Zacian|Intrepid Sword|boost\n|-boost|p1a: Zacian|atk|1\n|move|p2a: Tyranitar|Power Gem|p1a: Zacian\n|-resisted|p1a: Zacian\n|-damage|p1a: Zacian|83\/100\n|\n|-weather|Sandstorm|[upkeep]\n|upkeep\n|turn|5\n|\n|t:|1698429026\n|move|p1a: Zacian|Swords Dance|p1a: Zacian\n|-boost|p1a: Zacian|atk|2\n|move|p2a: Tyranitar|Knock Off|p1a: Zacian|[miss]\n|-miss|p2a: Tyranitar|p1a: Zacian\n|\n|-weather|none\n|upkeep\n|turn|6\n|\n|t:|1698429045\n|switch|p2a: Flameprince|Ceruledge, M, shiny|100\/100\n|move|p1a: Zacian|Swords Dance|p1a: Zacian\n|-boost|p1a: Zacian|atk|2\n|\n|upkeep\n|turn|7\n|\n|t:|1698429052\n|move|p1a: Zacian|Behemoth Blade|p2a: Flameprince\n|-resisted|p2a: Flameprince\n|-damage|p2a: Flameprince|0 fnt\n|faint|p2a: Flameprince\n|\n|upkeep\n|\n|t:|1698429071\n|switch|p2a: Samurott|Samurott-Hisui, M, shiny|100\/100\n|turn|8\n|\n|t:|1698429113\n|move|p1a: Zacian|Play Rough|p2a: Samurott|[miss]\n|-miss|p1a: Zacian|p2a: Samurott\n|move|p2a: Samurott|Ceaseless Edge|p1a: Zacian|[miss]\n|-miss|p2a: Samurott|p1a: Zacian\n|\n|upkeep\n|turn|9\n|\n|t:|1698429124\n|move|p1a: Zacian|Play Rough|p2a: Samurott|[miss]\n|-miss|p1a: Zacian|p2a: Samurott\n|move|p2a: Samurott|Ceaseless Edge|p1a: Zacian|[miss]\n|-miss|p2a: Samurott|p1a: Zacian\n|\n|upkeep\n|turn|10\n|\n|t:|1698429133\n|move|p1a: Zacian|Behemoth Blade|p2a: Samurott\n|-resisted|p2a: Samurott\n|-damage|p2a: Samurott|0 fnt\n|faint|p2a: Samurott\n|\n|upkeep\n|\n|t:|1698429139\n|switch|p2a: Raichu|Raichu-Alola, M|100\/100\n|-item|p2a: Raichu|Air Balloon\n|turn|11\n|\n|t:|1698429145\n|move|p1a: Zacian|Behemoth Blade|p2a: Raichu\n|-resisted|p2a: Raichu\n|-damage|p2a: Raichu|0 fnt\n|-enditem|p2a: Raichu|Air Balloon\n|faint|p2a: Raichu\n|\n|upkeep\n|\n|t:|1698429152\n|switch|p2a: Jet|Dragonite, M, shiny|100\/100\n|turn|12\n|\n|t:|1698429202\n|move|p1a: Zacian|Play Rough|p2a: Jet|[miss]\n|-miss|p1a: Zacian|p2a: Jet\n|move|p2a: Jet|Flamethrower|p1a: Zacian|[miss]\n|-miss|p2a: Jet|p1a: Zacian\n|\n|upkeep\n|turn|13\n|\n|t:|1698429216\n|-terastallize|p2a: Jet|Ice\n|move|p1a: Zacian|Play Rough|p2a: Jet\n|-damage|p2a: Jet|0 fnt\n|faint|p2a: Jet\n|\n|upkeep\n|\n|t:|1698429240\n|switch|p2a: Tyranitar|Tyranitar, M, shiny|100\/100\n|-weather|Sandstorm|[from] ability: Sand Stream|[of] p2a: Tyranitar\n|turn|14\n|inactive|Battle timer is ON: inactive players will automatically lose when time's up. (requested by JT's world)\n|inactive|ijusttogoodddddd has 120 seconds left.\n|\n|t:|1698429334\n|move|p1a: Zacian|Behemoth Blade|p2a: Tyranitar\n|-supereffective|p2a: Tyranitar\n|-damage|p2a: Tyranitar|0 fnt\n|faint|p2a: Tyranitar\n|\n|-weather|Sandstorm|[upkeep]\n|upkeep\n|\n|t:|1698429343\n|switch|p2a: Ash|Lucario, M, shiny|100\/100\n|turn|15\n|\n|t:|1698429349\n|move|p1a: Zacian|Behemoth Blade|p2a: Ash\n|-resisted|p2a: Ash\n|-damage|p2a: Ash|0 fnt\n|-damage|p1a: Zacian|66\/100|[from] item: Rocky Helmet|[of] p2a: Ash\n|faint|p2a: Ash\n|\n|win|ijusttogoodddddd\n|raw|ijusttogoodddddd's rating: 1000 &rarr; <strong>1040<\/strong><br \/>(+40 for winning)\n|raw|JT&apos;s world's rating: 1000 &rarr; <strong>1000<\/strong><br \/>(+0 for losing)\n","uploadtime":1698429360,"views":8,"p1id":"ijusttogoodddddd","p2id":"jtsworld","formatid":"gen9anythinggoes","rating":1000,"private":0,"password":""}