{"id":"gen9anythinggoes-1971592854","p1":"Da_Tall_One","p2":"SacredTomba","format":"[Gen 9] Anything Goes","log":"|j|\u2606Da_Tall_One\n|j|\u2606SacredTomba\n|t:|1697751428\n|gametype|singles\n|player|p1|Da_Tall_One|clemont|\n|player|p2|SacredTomba|ethan|\n|teamsize|p1|6\n|teamsize|p2|6\n|gen|9\n|tier|[Gen 9] Anything Goes\n|rule|HP Percentage Mod: HP is shown in percentages\n|rule|Endless Battle Clause: Forcing endless battles is banned\n|clearpoke\n|poke|p1|Greninja-*, F|\n|poke|p1|Iron Moth|\n|poke|p1|Gengar, F|\n|poke|p1|Zapdos|\n|poke|p1|Sandaconda, F|\n|poke|p1|Espeon, M|\n|poke|p2|Glaceon, M|\n|poke|p2|Gallade, M|\n|poke|p2|Heatran, M|\n|poke|p2|Cresselia, F|\n|poke|p2|Walking Wake|\n|poke|p2|Sandy Shocks|\n|teampreview\n|j| PorygonTheBot\n|c| PorygonTheBot|This game looks fun!\n|c| PorygonTheBot|You got this!\n|j| Glistering Aeon\n|c|\u2606Da_Tall_One|glhf\n|c|\u2606SacredTomba|u2\n|\n|t:|1697751465\n|start\n|switch|p1a: Greninja|Greninja, F|100\/100\n|switch|p2a: Sandy Shocks|Sandy Shocks|100\/100\n|turn|1\n|\n|t:|1697751474\n|move|p1a: Greninja|Toxic Spikes|p2a: Sandy Shocks\n|-sidestart|p2: SacredTomba|move: Toxic Spikes\n|move|p2a: Sandy Shocks|Volt Switch|p1a: Greninja\n|-supereffective|p1a: Greninja\n|-damage|p1a: Greninja|3\/100\n|j| pollinosis\n|\n|t:|1697751495\n|-end|p2a: Sandy Shocks|Protosynthesis|[silent]\n|switch|p2a: Gallade|Gallade, M|100\/100|[from] Volt Switch\n|-status|p2a: Gallade|psn\n|\n|-damage|p2a: Gallade|88\/100 psn|[from] psn\n|upkeep\n|turn|2\n|\n|t:|1697751511\n|move|p1a: Greninja|Spikes|p2a: Gallade\n|-sidestart|p2: SacredTomba|Spikes\n|move|p2a: Gallade|Agility|p2a: Gallade\n|-boost|p2a: Gallade|spe|2\n|\n|-damage|p2a: Gallade|76\/100 psn|[from] psn\n|upkeep\n|turn|3\n|j| Sigtrick\n|\n|t:|1697751521\n|move|p2a: Gallade|Leaf Blade|p1a: Greninja\n|-supereffective|p1a: Greninja\n|-damage|p1a: Greninja|0 fnt\n|faint|p1a: Greninja\n|-damage|p2a: Gallade|66\/100 psn|[from] item: Life Orb\n|\n|-damage|p2a: Gallade|53\/100 psn|[from] psn\n|upkeep\n|\n|t:|1697751552\n|switch|p1a: weed|Espeon, M, shiny|100\/100\n|turn|4\n|\n|t:|1697751560\n|move|p2a: Gallade|Leaf Blade|p1a: weed\n|-damage|p1a: weed|0 fnt\n|faint|p1a: weed\n|-damage|p2a: Gallade|44\/100 psn|[from] item: Life Orb\n|\n|-damage|p2a: Gallade|31\/100 psn|[from] psn\n|upkeep\n|\n|t:|1697751597\n|switch|p1a: Zapdos|Zapdos|100\/100\n|turn|5\n|\n|t:|1697751600\n|move|p2a: Gallade|Psycho Cut|p1a: Zapdos\n|-damage|p1a: Zapdos|33\/100\n|-damage|p2a: Gallade|21\/100 psn|[from] item: Life Orb\n|move|p1a: Zapdos|Heat Wave|p2a: Gallade\n|-damage|p2a: Gallade|0 fnt\n|faint|p2a: Gallade\n|\n|upkeep\n|\n|t:|1697751632\n|switch|p2a: Walking Wake|Walking Wake|100\/100\n|-status|p2a: Walking Wake|psn\n|-damage|p2a: Walking Wake|88\/100 psn|[from] Spikes\n|turn|6\n|\n|t:|1697751667\n|move|p2a: Walking Wake|Hydro Steam|p1a: Zapdos\n|-damage|p1a: Zapdos|0 fnt\n|faint|p1a: Zapdos\n|\n|-damage|p2a: Walking Wake|76\/100 psn|[from] psn\n|upkeep\n|\n|t:|1697751675\n|switch|p1a: Iron Moth|Iron Moth|100\/100\n|-enditem|p1a: Iron Moth|Booster Energy\n|-activate|p1a: Iron Moth|ability: Quark Drive|[fromitem]\n|-start|p1a: Iron Moth|quarkdrivespe\n|turn|7\n|\n|t:|1697751682\n|-end|p2a: Walking Wake|Protosynthesis|[silent]\n|switch|p2a: Heatran|Heatran, M|100\/100\n|-damage|p2a: Heatran|88\/100|[from] Spikes\n|move|p1a: Iron Moth|Dazzling Gleam|p2a: Heatran\n|-resisted|p2a: Heatran\n|-damage|p2a: Heatran|85\/100\n|\n|upkeep\n|turn|8\n|\n|t:|1697751692\n|-end|p1a: Iron Moth|Quark Drive|[silent]\n|switch|p1a: Sandaconda|Sandaconda, F|100\/100\n|move|p2a: Heatran|Lava Plume|p1a: Sandaconda\n|-damage|p1a: Sandaconda|48\/100\n|-status|p1a: Sandaconda|brn\n|\n|-heal|p1a: Sandaconda|54\/100 brn|[from] item: Leftovers\n|-damage|p1a: Sandaconda|48\/100 brn|[from] brn\n|upkeep\n|turn|9\n|\n|t:|1697751710\n|move|p1a: Sandaconda|Earthquake|p2a: Heatran\n|-supereffective|p2a: Heatran\n|-damage|p2a: Heatran|11\/100\n|move|p2a: Heatran|Lava Plume|p1a: Sandaconda\n|-damage|p1a: Sandaconda|0 fnt\n|faint|p1a: Sandaconda\n|\n|upkeep\n|\n|t:|1697751730\n|switch|p1a: Gengar|Gengar, F|100\/100\n|turn|10\n|\n|t:|1697751733\n|move|p1a: Gengar|Hex|p2a: Heatran\n|-damage|p2a: Heatran|0 fnt\n|faint|p2a: Heatran\n|\n|upkeep\n|\n|t:|1697751744\n|switch|p2a: Cresselia|Cresselia, F|100\/100\n|turn|11\n|\n|t:|1697751790\n|move|p1a: Gengar|Will-O-Wisp|p2a: Cresselia|[miss]\n|-miss|p1a: Gengar|p2a: Cresselia\n|move|p2a: Cresselia|Light Screen|p2a: Cresselia\n|-sidestart|p2: SacredTomba|move: Light Screen\n|\n|upkeep\n|turn|12\n|\n|t:|1697751795\n|switch|p2a: Walking Wake|Walking Wake|76\/100 psn\n|-damage|p2a: Walking Wake|63\/100 psn|[from] Spikes\n|move|p1a: Gengar|Will-O-Wisp|p2a: Walking Wake|[miss]\n|-miss|p1a: Gengar|p2a: Walking Wake\n|\n|-damage|p2a: Walking Wake|51\/100 psn|[from] psn\n|upkeep\n|turn|13\n|c|\u2606Da_Tall_One|ar nar\n|\n|t:|1697751819\n|move|p1a: Gengar|Sludge Bomb|p2a: Walking Wake\n|-damage|p2a: Walking Wake|25\/100 psn\n|move|p2a: Walking Wake|Hydro Steam|p1a: Gengar\n|-damage|p1a: Gengar|0 fnt\n|-start|p2a: Walking Wake|Disable|Hydro Steam|[from] ability: Cursed Body|[of] p1a: Gengar\n|faint|p1a: Gengar\n|\n|-damage|p2a: Walking Wake|12\/100 psn|[from] psn\n|upkeep\n|\n|t:|1697751828\n|switch|p1a: Iron Moth|Iron Moth|100\/100\n|turn|14\n|\n|t:|1697751832\n|move|p1a: Iron Moth|Energy Ball|p2a: Walking Wake\n|-damage|p2a: Walking Wake|0 fnt\n|faint|p2a: Walking Wake\n|-end|p2a: Walking Wake|Protosynthesis|[silent]\n|\n|upkeep\n|\n|t:|1697751836\n|switch|p2a: Glaceon|Glaceon, M|100\/100\n|-status|p2a: Glaceon|psn\n|-damage|p2a: Glaceon|88\/100 psn|[from] Spikes\n|turn|15\n|\n|t:|1697751842\n|-terastallize|p2a: Glaceon|Ground\n|move|p1a: Iron Moth|Fiery Dance|p2a: Glaceon\n|-damage|p2a: Glaceon|60\/100 psn\n|move|p2a: Glaceon|Tera Blast|p1a: Iron Moth|[anim] Tera Blast Ground\n|-supereffective|p1a: Iron Moth\n|-damage|p1a: Iron Moth|0 fnt\n|faint|p1a: Iron Moth\n|-end|p1a: Iron Moth|Quark Drive|[silent]\n|\n|win|SacredTomba\n","uploadtime":1697751843,"views":19,"p1id":"datallone","p2id":"sacredtomba","formatid":"gen9anythinggoes","rating":0,"private":0,"password":null}