{"id":"gen9anythinggoes-2000672290","p1":"dancingnightmare","p2":"CertifiedDumbass1","format":"[Gen 9] Anything Goes","log":"|j|\u2606dancingnightmare\n|j|\u2606CertifiedDumbass1\n|t:|1701217114\n|gametype|singles\n|player|p1|dancingnightmare|n|\n|player|p2|CertifiedDumbass1|drayden|\n|teamsize|p1|6\n|teamsize|p2|6\n|gen|9\n|tier|[Gen 9] Anything Goes\n|rule|HP Percentage Mod: HP is shown in percentages\n|rule|Endless Battle Clause: Forcing endless battles is banned\n|clearpoke\n|poke|p1|Slither Wing|\n|poke|p1|Roaring Moon|\n|poke|p1|Ninetales, M|\n|poke|p1|Iron Moth|\n|poke|p1|Toxapex, M|\n|poke|p1|Tropius, M|\n|poke|p2|Urshifu-*, F|\n|poke|p2|Torterra, M|\n|poke|p2|Chandelure, F|\n|poke|p2|Ting-Lu|\n|poke|p2|Talonflame, M|\n|poke|p2|Munkidori, M|\n|teampreview\n|j| Ryno5311\n|c|\u2606dancingnightmare|glhf\n|\n|t:|1701217129\n|start\n|switch|p1a: Momo|Ninetales, M|100\/100\n|switch|p2a: Urshifu|Urshifu-Rapid-Strike, F|100\/100\n|-weather|SunnyDay|[from] ability: Drought|[of] p1a: Momo\n|turn|1\n|\n|t:|1701217140\n|switch|p1a: Mai|Tropius, M|100\/100\n|move|p2a: Urshifu|Bulk Up|p2a: Urshifu\n|-boost|p2a: Urshifu|atk|1\n|-boost|p2a: Urshifu|def|1\n|\n|-weather|SunnyDay|[upkeep]\n|upkeep\n|turn|2\n|\n|t:|1701217146\n|move|p2a: Urshifu|Thunder Punch|p1a: Mai\n|-damage|p1a: Mai|73\/100\n|move|p1a: Mai|Leech Seed|p2a: Urshifu\n|-start|p2a: Urshifu|move: Leech Seed\n|\n|-weather|SunnyDay|[upkeep]\n|-damage|p2a: Urshifu|88\/100|[from] Leech Seed|[of] p1a: Mai\n|-heal|p1a: Mai|84\/100|[silent]\n|upkeep\n|turn|3\n|j| gawd_bear\n|\n|t:|1701217171\n|switch|p2a: Munkidori|Munkidori, M|100\/100\n|move|p1a: Mai|Air Slash|p2a: Munkidori\n|-damage|p2a: Munkidori|77\/100\n|\n|-weather|SunnyDay|[upkeep]\n|upkeep\n|turn|4\n|\n|t:|1701217189\n|move|p2a: Munkidori|Nasty Plot|p2a: Munkidori\n|-boost|p2a: Munkidori|spa|2\n|move|p1a: Mai|Leech Seed|p2a: Munkidori|[miss]\n|-miss|p1a: Mai|p2a: Munkidori\n|\n|-weather|SunnyDay|[upkeep]\n|upkeep\n|turn|5\n|j| FLOOR IT\n|\n|t:|1701217198\n|switch|p1a: Yuji|Toxapex, M|100\/100\n|move|p2a: Munkidori|Sludge Bomb|p1a: Yuji\n|-resisted|p1a: Yuji\n|-damage|p1a: Yuji|63\/100\n|\n|-weather|SunnyDay|[upkeep]\n|-heal|p1a: Yuji|69\/100|[from] item: Black Sludge\n|upkeep\n|turn|6\n|\n|t:|1701217212\n|switch|p1a: Gojo|Roaring Moon|100\/100\n|-activate|p1a: Gojo|ability: Protosynthesis\n|-start|p1a: Gojo|protosynthesisspe\n|move|p2a: Munkidori|Nasty Plot|p2a: Munkidori\n|-boost|p2a: Munkidori|spa|2\n|\n|-weather|SunnyDay|[upkeep]\n|upkeep\n|turn|7\n|\n|t:|1701217221\n|move|p1a: Gojo|Outrage|p2a: Munkidori\n|-damage|p2a: Munkidori|0 fnt\n|faint|p2a: Munkidori\n|\n|-weather|SunnyDay|[upkeep]\n|upkeep\n|\n|t:|1701217224\n|switch|p2a: Torterra|Torterra, M|100\/100\n|turn|8\n|\n|t:|1701217228\n|-terastallize|p2a: Torterra|Fairy\n|move|p1a: Gojo|Outrage|p2a: Torterra|[from]lockedmove\n|-immune|p2a: Torterra\n|-start|p1a: Gojo|confusion|[fatigue]\n|move|p2a: Torterra|Tera Blast|p1a: Gojo|[anim] Tera Blast Fairy\n|-supereffective|p1a: Gojo\n|-damage|p1a: Gojo|0 fnt\n|faint|p1a: Gojo\n|-end|p1a: Gojo|Protosynthesis|[silent]\n|\n|-weather|none\n|upkeep\n|\n|t:|1701217238\n|switch|p1a: Shoko|Iron Moth|100\/100\n|turn|9\n|j| Alexwave55\n|\n|t:|1701217248\n|switch|p2a: Ting-Lu|Ting-Lu|100\/100\n|-ability|p2a: Ting-Lu|Vessel of Ruin\n|move|p1a: Shoko|Sludge Wave|p2a: Ting-Lu\n|-resisted|p2a: Ting-Lu\n|-damage|p2a: Ting-Lu|91\/100\n|\n|upkeep\n|turn|10\n|\n|t:|1701217259\n|-end|p1a: Shoko|Quark Drive|[silent]\n|switch|p1a: Mai|Tropius, M|84\/100\n|move|p2a: Ting-Lu|Rock Slide|p1a: Mai\n|-supereffective|p1a: Mai\n|-damage|p1a: Mai|49\/100\n|-enditem|p1a: Mai|Sitrus Berry|[eat]\n|-heal|p1a: Mai|74\/100|[from] item: Sitrus Berry\n|\n|-item|p1a: Mai|Sitrus Berry|[from] ability: Harvest\n|upkeep\n|turn|11\n|\n|t:|1701217278\n|move|p1a: Mai|Leech Seed|p2a: Ting-Lu\n|-start|p2a: Ting-Lu|move: Leech Seed\n|move|p2a: Ting-Lu|Ruination|p1a: Mai\n|-damage|p1a: Mai|37\/100\n|-enditem|p1a: Mai|Sitrus Berry|[eat]\n|-heal|p1a: Mai|62\/100|[from] item: Sitrus Berry\n|\n|-damage|p2a: Ting-Lu|78\/100|[from] Leech Seed|[of] p1a: Mai\n|-heal|p1a: Mai|78\/100|[silent]\n|-item|p1a: Mai|Sitrus Berry|[from] ability: Harvest\n|upkeep\n|turn|12\n|\n|t:|1701217288\n|switch|p2a: Chandelure|Chandelure, F|100\/100\n|move|p1a: Mai|Air Slash|p2a: Chandelure\n|-damage|p2a: Chandelure|71\/100\n|\n|upkeep\n|turn|13\n|\n|t:|1701217296\n|switch|p1a: Momo|Ninetales, M|100\/100\n|-weather|SunnyDay|[from] ability: Drought|[of] p1a: Momo\n|move|p2a: Chandelure|Shadow Ball|p1a: Momo\n|-damage|p1a: Momo|44\/100\n|\n|-weather|SunnyDay|[upkeep]\n|upkeep\n|turn|14\n|\n|t:|1701217308\n|move|p2a: Chandelure|Shadow Ball|p1a: Momo\n|-damage|p1a: Momo|0 fnt\n|faint|p1a: Momo\n|\n|-weather|SunnyDay|[upkeep]\n|upkeep\n|\n|t:|1701217331\n|switch|p1a: Yuji|Toxapex, M|100\/100\n|turn|15\n|\n|t:|1701217370\n|move|p2a: Chandelure|Shadow Ball|p1a: Yuji\n|-damage|p1a: Yuji|64\/100\n|move|p1a: Yuji|Toxic Spikes|p2a: Chandelure\n|-sidestart|p2: CertifiedDumbass1|move: Toxic Spikes\n|\n|-weather|SunnyDay|[upkeep]\n|-heal|p1a: Yuji|70\/100|[from] item: Black Sludge\n|upkeep\n|turn|16\n|\n|t:|1701217380\n|move|p2a: Chandelure|Shadow Ball|p1a: Yuji\n|-damage|p1a: Yuji|33\/100\n|-unboost|p1a: Yuji|spd|1\n|move|p1a: Yuji|Toxic Spikes|p2a: Chandelure\n|-sidestart|p2: CertifiedDumbass1|move: Toxic Spikes\n|\n|-weather|SunnyDay|[upkeep]\n|-heal|p1a: Yuji|39\/100|[from] item: Black Sludge\n|upkeep\n|turn|17\n|\n|t:|1701217388\n|switch|p1a: Mai|Tropius, M|78\/100\n|move|p2a: Chandelure|Shadow Ball|p1a: Mai\n|-damage|p1a: Mai|33\/100\n|-enditem|p1a: Mai|Sitrus Berry|[eat]\n|-heal|p1a: Mai|58\/100|[from] item: Sitrus Berry\n|\n|-weather|SunnyDay|[upkeep]\n|-item|p1a: Mai|Sitrus Berry|[from] ability: Harvest\n|upkeep\n|turn|18\n|\n|t:|1701217399\n|move|p2a: Chandelure|Shadow Ball|p1a: Mai\n|-damage|p1a: Mai|13\/100\n|-unboost|p1a: Mai|spd|1\n|-enditem|p1a: Mai|Sitrus Berry|[eat]\n|-heal|p1a: Mai|38\/100|[from] item: Sitrus Berry\n|move|p1a: Mai|Leech Seed|p2a: Chandelure\n|-start|p2a: Chandelure|move: Leech Seed\n|\n|-weather|SunnyDay|[upkeep]\n|-damage|p2a: Chandelure|58\/100|[from] Leech Seed|[of] p1a: Mai\n|-heal|p1a: Mai|46\/100|[silent]\n|-item|p1a: Mai|Sitrus Berry|[from] ability: Harvest\n|upkeep\n|-enditem|p1a: Mai|Sitrus Berry|[eat]\n|-heal|p1a: Mai|71\/100|[from] item: Sitrus Berry\n|turn|19\n|\n|t:|1701217414\n|switch|p2a: Torterra|Torterra, M, tera:Fairy|100\/100\n|-status|p2a: Torterra|tox\n|move|p1a: Mai|Protect||[still]\n|-fail|p1a: Mai\n|\n|-weather|SunnyDay|[upkeep]\n|-damage|p2a: Torterra|94\/100 tox|[from] psn\n|-item|p1a: Mai|Sitrus Berry|[from] ability: Harvest\n|upkeep\n|turn|20\n|\n|t:|1701217423\n|move|p2a: Torterra|Shell Smash|p2a: Torterra\n|-unboost|p2a: Torterra|def|1\n|-unboost|p2a: Torterra|spd|1\n|-boost|p2a: Torterra|atk|2\n|-boost|p2a: Torterra|spa|2\n|-boost|p2a: Torterra|spe|2\n|-enditem|p2a: Torterra|White Herb\n|-clearnegativeboost|p2a: Torterra|[silent]\n|move|p1a: Mai|Leech Seed|p2a: Torterra\n|-start|p2a: Torterra|move: Leech Seed\n|\n|-weather|none\n|-damage|p2a: Torterra|82\/100 tox|[from] Leech Seed|[of] p1a: Mai\n|-heal|p1a: Mai|81\/100|[silent]\n|-damage|p2a: Torterra|70\/100 tox|[from] psn\n|upkeep\n|turn|21\n|\n|t:|1701217435\n|move|p1a: Mai|Protect|p1a: Mai\n|-singleturn|p1a: Mai|Protect\n|move|p2a: Torterra|Tera Blast|p1a: Mai|[anim] Tera Blast Fairy\n|-activate|p1a: Mai|move: Protect\n|\n|-damage|p2a: Torterra|58\/100 tox|[from] Leech Seed|[of] p1a: Mai\n|-heal|p1a: Mai|91\/100|[silent]\n|-damage|p2a: Torterra|39\/100 tox|[from] psn\n|upkeep\n|turn|22\n|\n|t:|1701217446\n|move|p2a: Torterra|Tera Blast|p1a: Mai|[anim] Tera Blast Fairy\n|-damage|p1a: Mai|6\/100\n|-enditem|p1a: Mai|Sitrus Berry|[eat]\n|-heal|p1a: Mai|31\/100|[from] item: Sitrus Berry\n|move|p1a: Mai|Air Slash|p2a: Torterra\n|-damage|p2a: Torterra|17\/100 tox\n|\n|-damage|p2a: Torterra|4\/100 tox|[from] Leech Seed|[of] p1a: Mai\n|-heal|p1a: Mai|41\/100|[silent]\n|-damage|p2a: Torterra|0 fnt|[from] psn\n|faint|p2a: Torterra\n|upkeep\n|\n|t:|1701217451\n|switch|p2a: Talonflame|Talonflame, M|100\/100\n|turn|23\n|\n|t:|1701217462\n|switch|p1a: Yuji|Toxapex, M|72\/100\n|move|p2a: Talonflame|Dual Wingbeat|p1a: Yuji\n|-damage|p1a: Yuji|62\/100\n|-damage|p1a: Yuji|52\/100\n|-hitcount|p1a: Yuji|2\n|\n|-heal|p1a: Yuji|58\/100|[from] item: Black Sludge\n|upkeep\n|turn|24\n|\n|t:|1701217475\n|switch|p2a: Chandelure|Chandelure, F|58\/100\n|-status|p2a: Chandelure|tox\n|move|p1a: Yuji|Body Slam|p2a: Chandelure\n|-immune|p2a: Chandelure\n|\n|-heal|p1a: Yuji|65\/100|[from] item: Black Sludge\n|-damage|p2a: Chandelure|52\/100 tox|[from] psn\n|upkeep\n|turn|25\n|\n|t:|1701217487\n|move|p2a: Chandelure|Shadow Ball|p1a: Yuji\n|-damage|p1a: Yuji|26\/100\n|move|p1a: Yuji|Ice Beam|p2a: Chandelure\n|-resisted|p2a: Chandelure\n|-damage|p2a: Chandelure|44\/100 tox\n|\n|-heal|p1a: Yuji|32\/100|[from] item: Black Sludge\n|-damage|p2a: Chandelure|32\/100 tox|[from] psn\n|upkeep\n|turn|26\n|\n|t:|1701217518\n|switch|p1a: Kento|Slither Wing|100\/100\n|move|p2a: Chandelure|Shadow Ball|p1a: Kento\n|-damage|p1a: Kento|50\/100\n|\n|-damage|p2a: Chandelure|13\/100 tox|[from] psn\n|upkeep\n|turn|27\n|\n|t:|1701217529\n|move|p1a: Kento|First Impression|p2a: Chandelure\n|-resisted|p2a: Chandelure\n|-damage|p2a: Chandelure|0 fnt\n|faint|p2a: Chandelure\n|\n|upkeep\n|\n|t:|1701217531\n|switch|p2a: Talonflame|Talonflame, M|100\/100\n|turn|28\n|\n|t:|1701217535\n|-terastallize|p1a: Kento|Water\n|move|p2a: Talonflame|Dual Wingbeat|p1a: Kento\n|-damage|p1a: Kento|28\/100\n|-damage|p1a: Kento|7\/100\n|-hitcount|p1a: Kento|2\n|move|p1a: Kento|Tera Blast|p2a: Talonflame|[anim] Tera Blast Water\n|-supereffective|p2a: Talonflame\n|-damage|p2a: Talonflame|0 fnt\n|faint|p2a: Talonflame\n|\n|upkeep\n|\n|t:|1701217543\n|switch|p2a: Urshifu|Urshifu-Rapid-Strike, F|88\/100\n|-status|p2a: Urshifu|tox\n|turn|29\n|\n|t:|1701217549\n|-end|p1a: Kento|Protosynthesis|[silent]\n|switch|p1a: Mai|Tropius, M|41\/100\n|move|p2a: Urshifu|Thunder Punch|p1a: Mai\n|-damage|p1a: Mai|22\/100\n|\n|-damage|p2a: Urshifu|82\/100 tox|[from] psn\n|upkeep\n|turn|30\n|\n|t:|1701217559\n|move|p2a: Urshifu|Thunder Punch|p1a: Mai\n|-damage|p1a: Mai|0 fnt\n|faint|p1a: Mai\n|\n|-damage|p2a: Urshifu|70\/100 tox|[from] psn\n|upkeep\n|\n|t:|1701217574\n|switch|p1a: Shoko|Iron Moth|100\/100\n|turn|31\n|\n|t:|1701217580\n|switch|p2a: Ting-Lu|Ting-Lu|78\/100\n|-status|p2a: Ting-Lu|tox\n|-ability|p2a: Ting-Lu|Vessel of Ruin\n|move|p1a: Shoko|Dazzling Gleam|p2a: Ting-Lu\n|-supereffective|p2a: Ting-Lu\n|-damage|p2a: Ting-Lu|53\/100 tox\n|\n|-damage|p2a: Ting-Lu|47\/100 tox|[from] psn\n|upkeep\n|turn|32\n|\n|t:|1701217610\n|-end|p1a: Shoko|Quark Drive|[silent]\n|switch|p1a: Yuji|Toxapex, M|66\/100\n|move|p2a: Ting-Lu|Earthquake|p1a: Yuji\n|-supereffective|p1a: Yuji\n|-damage|p1a: Yuji|0 fnt\n|faint|p1a: Yuji\n|\n|-damage|p2a: Ting-Lu|35\/100 tox|[from] psn\n|upkeep\n|\n|t:|1701217618\n|switch|p1a: Shoko|Iron Moth|100\/100\n|turn|33\n|\n|t:|1701217622\n|move|p1a: Shoko|Dazzling Gleam|p2a: Ting-Lu\n|-supereffective|p2a: Ting-Lu\n|-damage|p2a: Ting-Lu|10\/100 tox\n|move|p2a: Ting-Lu|Earthquake|p1a: Shoko\n|-supereffective|p1a: Shoko\n|-damage|p1a: Shoko|0 fnt\n|faint|p1a: Shoko\n|-end|p1a: Shoko|Quark Drive|[silent]\n|\n|-damage|p2a: Ting-Lu|0 fnt|[from] psn\n|faint|p2a: Ting-Lu\n|upkeep\n|l| FLOOR IT\n|\n|t:|1701217630\n|switch|p1a: Kento|Slither Wing, tera:Water|7\/100\n|switch|p2a: Urshifu|Urshifu-Rapid-Strike, F|70\/100 tox\n|turn|34\n|\n|t:|1701217636\n|move|p1a: Kento|First Impression|p2a: Urshifu\n|-resisted|p2a: Urshifu\n|-damage|p2a: Urshifu|44\/100 tox\n|move|p2a: Urshifu|Thunder Punch|p1a: Kento\n|-supereffective|p1a: Kento\n|-damage|p1a: Kento|0 fnt\n|faint|p1a: Kento\n|-end|p1a: Kento|Protosynthesis|[silent]\n|\n|win|CertifiedDumbass1\n|c|\u2606dancingnightmare|ggs\n|c|\u2606CertifiedDumbass1|ggwp\n|l|\u2606dancingnightmare\n|l| gawd_bear\n","uploadtime":1701218159,"views":1,"p1id":"dancingnightmare","p2id":"certifieddumbass1","formatid":"gen9anythinggoes","rating":0,"private":0,"password":""}