{"id":"gen9anythinggoes-1971527700","p1":"Matrixmarion","p2":"nickmclawhorn","format":"[Gen 9] Anything Goes","log":"|j|\u2606Matrixmarion\n|j|\u2606nickmclawhorn\n|t:|1697745645\n|gametype|singles\n|player|p1|Matrixmarion|1|\n|player|p2|nickmclawhorn|volkner|\n|teamsize|p1|6\n|teamsize|p2|6\n|gen|9\n|tier|[Gen 9] Anything Goes\n|rule|HP Percentage Mod: HP is shown in percentages\n|rule|Endless Battle Clause: Forcing endless battles is banned\n|clearpoke\n|poke|p1|Volcarona, F|\n|poke|p1|Landorus-Therian, M|\n|poke|p1|Cloyster, M|\n|poke|p1|Spidops, M|\n|poke|p1|Espathra, F|\n|poke|p1|Hoopa-Unbound|\n|poke|p2|Pincurchin, M|\n|poke|p2|Raichu-Alola, M|\n|poke|p2|Garchomp, M|\n|poke|p2|Enamorus, F|\n|poke|p2|Volcanion|\n|poke|p2|Coalossal, M|\n|teampreview\n|j| Sigtrick\n|j| PorygonTheBot\n|c| PorygonTheBot|I hope I win!\n|j| ChainsPkmn\n|j| Kaiokaner\n|c| ChainsPkmn|no me\n|j| Dablizz0\n|j| Glistering Aeon\n|c| Dablizz0|woooooooooo\n|c| Dablizz0|pokemon\n|\n|t:|1697745713\n|start\n|switch|p1a: Spidops|Spidops, M|100\/100\n|switch|p2a: OffDaChainChomp|Garchomp, M|100\/100\n|turn|1\n|\n|t:|1697745725\n|move|p2a: OffDaChainChomp|Stealth Rock|p1a: Spidops\n|-sidestart|p1: Matrixmarion|move: Stealth Rock\n|move|p1a: Spidops|Sticky Web|p2a: OffDaChainChomp\n|-sidestart|p2: nickmclawhorn|move: Sticky Web\n|\n|upkeep\n|turn|2\n|\n|t:|1697745730\n|move|p2a: OffDaChainChomp|Spikes|p1a: Spidops\n|-sidestart|p1: Matrixmarion|Spikes\n|move|p1a: Spidops|Circle Throw|p2a: OffDaChainChomp\n|-damage|p2a: OffDaChainChomp|87\/100\n|-damage|p1a: Spidops|88\/100|[from] ability: Rough Skin|[of] p2a: OffDaChainChomp\n|-damage|p1a: Spidops|72\/100|[from] item: Rocky Helmet|[of] p2a: OffDaChainChomp\n|drag|p2a: Spikeball|Pincurchin, M|100\/100\n|-activate|p2a: Spikeball|move: Sticky Web\n|-unboost|p2a: Spikeball|spe|1\n|-fieldstart|move: Electric Terrain|[from] ability: Electric Surge|[of] p2a: Spikeball\n|\n|upkeep\n|turn|3\n|\n|t:|1697745741\n|move|p1a: Spidops|U-turn|p2a: Spikeball\n|-damage|p2a: Spikeball|75\/100\n|\n|t:|1697745744\n|switch|p1a: Landorus|Landorus-Therian, M|100\/100|[from] U-turn\n|-damage|p1a: Landorus|88\/100|[from] Stealth Rock\n|-ability|p1a: Landorus|Intimidate|boost\n|-unboost|p2a: Spikeball|atk|1\n|move|p2a: Spikeball|Toxic Spikes|p1a: Landorus\n|-sidestart|p1: Matrixmarion|move: Toxic Spikes\n|\n|-heal|p1a: Landorus|94\/100|[from] item: Leftovers\n|upkeep\n|turn|4\n|\n|t:|1697745756\n|move|p1a: Landorus|Swords Dance|p1a: Landorus\n|-boost|p1a: Landorus|atk|2\n|move|p2a: Spikeball|Hydro Pump|p1a: Landorus|[miss]\n|-miss|p2a: Spikeball|p1a: Landorus\n|\n|-heal|p1a: Landorus|99\/100|[from] item: Leftovers\n|upkeep\n|turn|5\n|c| ChainsPkmn|hazards galore\n|\n|t:|1697745762\n|move|p1a: Landorus|Earthquake|p2a: Spikeball\n|-supereffective|p2a: Spikeball\n|-enditem|p2a: Spikeball|Shuca Berry|[eat]\n|-enditem|p2a: Spikeball|Shuca Berry|[weaken]\n|-damage|p2a: Spikeball|0 fnt\n|faint|p2a: Spikeball\n|\n|-heal|p1a: Landorus|100\/100|[from] item: Leftovers\n|upkeep\n|\n|t:|1697745776\n|switch|p2a: The Quickster|Raichu-Alola, M|100\/100\n|-activate|p2a: The Quickster|move: Sticky Web\n|-unboost|p2a: The Quickster|spe|1\n|turn|6\n|j| SacredTomba\n|\n|t:|1697745781\n|move|p2a: The Quickster|Surf|p1a: Landorus\n|-supereffective|p1a: Landorus\n|-damage|p1a: Landorus|6\/100\n|move|p1a: Landorus|Earthquake|p2a: The Quickster\n|-supereffective|p2a: The Quickster\n|-damage|p2a: The Quickster|0 fnt\n|faint|p2a: The Quickster\n|\n|-heal|p1a: Landorus|12\/100|[from] item: Leftovers\n|-fieldend|move: Electric Terrain\n|upkeep\n|l| SacredTomba\n|\n|t:|1697745789\n|switch|p2a: Popular Loner|Enamorus, F, shiny|100\/100\n|turn|7\n|j| SacredTomba\n|\n|t:|1697745799\n|move|p2a: Popular Loner|Superpower|p1a: Landorus\n|-resisted|p1a: Landorus\n|-damage|p1a: Landorus|0 fnt\n|-boost|p2a: Popular Loner|atk|1\n|-boost|p2a: Popular Loner|def|1\n|faint|p1a: Landorus\n|\n|upkeep\n|\n|t:|1697745810\n|switch|p1a: Espathra|Espathra, F|100\/100\n|-damage|p1a: Espathra|88\/100|[from] Stealth Rock\n|-damage|p1a: Espathra|76\/100|[from] Spikes\n|-status|p1a: Espathra|psn\n|turn|8\n|\n|t:|1697745818\n|move|p2a: Popular Loner|Play Rough|p1a: Espathra\n|-damage|p1a: Espathra|0 fnt\n|faint|p1a: Espathra\n|\n|upkeep\n|\n|t:|1697745830\n|switch|p1a: Spidops|Spidops, M|72\/100\n|-damage|p1a: Spidops|47\/100|[from] Stealth Rock\n|-damage|p1a: Spidops|35\/100|[from] Spikes\n|-status|p1a: Spidops|psn\n|turn|9\n|\n|t:|1697745850\n|-terastallize|p1a: Spidops|Ghost\n|move|p2a: Popular Loner|Superpower|p1a: Spidops\n|-immune|p1a: Spidops\n|move|p1a: Spidops|Circle Throw|p2a: Popular Loner\n|-resisted|p2a: Popular Loner\n|-damage|p2a: Popular Loner|96\/100\n|drag|p2a: OffDaChainChomp|Garchomp, M|87\/100\n|-activate|p2a: OffDaChainChomp|move: Sticky Web\n|-unboost|p2a: OffDaChainChomp|spe|1\n|\n|-damage|p1a: Spidops|22\/100 psn|[from] psn\n|upkeep\n|turn|10\n|c| ChainsPkmn|holy shit\n|\n|t:|1697745859\n|move|p2a: OffDaChainChomp|Spikes|p1a: Spidops\n|-sidestart|p1: Matrixmarion|Spikes\n|move|p1a: Spidops|U-turn|p2a: OffDaChainChomp\n|-damage|p2a: OffDaChainChomp|60\/100\n|-damage|p1a: Spidops|10\/100 psn|[from] ability: Rough Skin|[of] p2a: OffDaChainChomp\n|-damage|p1a: Spidops|0 fnt|[from] item: Rocky Helmet|[of] p2a: OffDaChainChomp\n|faint|p1a: Spidops\n|\n|upkeep\n|\n|t:|1697745869\n|switch|p1a: Hoopa|Hoopa-Unbound|100\/100\n|-damage|p1a: Hoopa|88\/100|[from] Stealth Rock\n|-damage|p1a: Hoopa|72\/100|[from] Spikes\n|-status|p1a: Hoopa|psn\n|turn|11\n|\n|t:|1697745881\n|switch|p2a: Rock Roast|Coalossal, M|100\/100\n|-activate|p2a: Rock Roast|move: Sticky Web\n|-unboost|p2a: Rock Roast|spe|1\n|move|p1a: Hoopa|Psychic|p2a: Rock Roast\n|-damage|p2a: Rock Roast|79\/100\n|\n|-damage|p1a: Hoopa|59\/100 psn|[from] psn\n|upkeep\n|turn|12\n|\n|t:|1697745895\n|move|p1a: Hoopa|Drain Punch|p2a: Rock Roast\n|-supereffective|p2a: Rock Roast\n|-damage|p2a: Rock Roast|42\/100\n|-heal|p1a: Hoopa|85\/100 psn|[from] drain|[of] p2a: Rock Roast\n|move|p2a: Rock Roast|Rapid Spin|p1a: Hoopa\n|-damage|p1a: Hoopa|68\/100 psn\n|-boost|p2a: Rock Roast|spe|1\n|-sideend|p2: nickmclawhorn|Sticky Web|[from] move: Rapid Spin|[of] p2a: Rock Roast\n|\n|-damage|p1a: Hoopa|55\/100 psn|[from] psn\n|upkeep\n|turn|13\n|\n|t:|1697745911\n|-terastallize|p2a: Rock Roast|Flying\n|move|p1a: Hoopa|Drain Punch|p2a: Rock Roast\n|-resisted|p2a: Rock Roast\n|-damage|p2a: Rock Roast|33\/100\n|-heal|p1a: Hoopa|62\/100 psn|[from] drain|[of] p2a: Rock Roast\n|move|p2a: Rock Roast|Stone Edge|p1a: Hoopa|[miss]\n|-miss|p2a: Rock Roast|p1a: Hoopa\n|\n|-damage|p1a: Hoopa|49\/100 psn|[from] psn\n|upkeep\n|turn|14\n|\n|t:|1697745922\n|move|p1a: Hoopa|Thunderbolt|p2a: Rock Roast\n|-supereffective|p2a: Rock Roast\n|-damage|p2a: Rock Roast|0 fnt\n|faint|p2a: Rock Roast\n|\n|-damage|p1a: Hoopa|37\/100 psn|[from] psn\n|upkeep\n|\n|t:|1697745928\n|switch|p2a: OffDaChainChomp|Garchomp, M|60\/100\n|turn|15\n|\n|t:|1697745931\n|move|p2a: OffDaChainChomp|Earthquake|p1a: Hoopa\n|-damage|p1a: Hoopa|0 fnt\n|faint|p1a: Hoopa\n|\n|upkeep\n|\n|t:|1697745934\n|switch|p1a: Cloyster|Cloyster, M|100\/100\n|-damage|p1a: Cloyster|76\/100|[from] Stealth Rock\n|-damage|p1a: Cloyster|59\/100|[from] Spikes\n|-status|p1a: Cloyster|psn\n|turn|16\n|\n|t:|1697745942\n|move|p2a: OffDaChainChomp|Draco Meteor|p1a: Cloyster\n|-damage|p1a: Cloyster|0 fnt\n|-unboost|p2a: OffDaChainChomp|spa|2\n|faint|p1a: Cloyster\n|\n|upkeep\n|\n|t:|1697745946\n|switch|p1a: Volcarona|Volcarona, F|100\/100\n|turn|17\n|\n|t:|1697745989\n|move|p2a: OffDaChainChomp|Earthquake|p1a: Volcarona\n|-damage|p1a: Volcarona|34\/100\n|move|p1a: Volcarona|Quiver Dance|p1a: Volcarona\n|-boost|p1a: Volcarona|spa|1\n|-boost|p1a: Volcarona|spd|1\n|-boost|p1a: Volcarona|spe|1\n|\n|upkeep\n|turn|18\n|\n|t:|1697745996\n|move|p1a: Volcarona|Giga Drain|p2a: OffDaChainChomp\n|-damage|p2a: OffDaChainChomp|13\/100\n|-heal|p1a: Volcarona|66\/100|[from] drain|[of] p2a: OffDaChainChomp\n|move|p2a: OffDaChainChomp|Earthquake|p1a: Volcarona\n|-damage|p1a: Volcarona|0 fnt\n|faint|p1a: Volcarona\n|\n|win|nickmclawhorn\n|l| PorygonTheBot\n|c|\u2606nickmclawhorn|gg\n|l| SacredTomba\n|c|\u2606Matrixmarion|fu\n|c| ChainsPkmn|kane join back vc\n|c| Kaiokaner|in a sec\n|l| Dablizz0\n|l| Sigtrick\n|l| ChainsPkmn\n","uploadtime":1697745997,"views":19,"p1id":"matrixmarion","p2id":"nickmclawhorn","formatid":"gen9anythinggoes","rating":0,"private":0,"password":""}