{"id":"gen9anythinggoes-1976988316","p1":"Lolduck","p2":"jmf1234546","format":"[Gen 9] Anything Goes","log":"|j|\u2606Lolduck\n|j|\u2606jmf1234546\n|t:|1698359159\n|gametype|singles\n|player|p1|Lolduck|dancer|1243\n|player|p2|jmf1234546|ltsurge|1120\n|teamsize|p1|6\n|teamsize|p2|6\n|gen|9\n|tier|[Gen 9] Anything Goes\n|rated|\n|rule|HP Percentage Mod: HP is shown in percentages\n|rule|Endless Battle Clause: Forcing endless battles is banned\n|clearpoke\n|poke|p1|Calyrex-Shadow|\n|poke|p1|Miraidon|\n|poke|p1|Miraidon|\n|poke|p1|Miraidon|\n|poke|p1|Miraidon|\n|poke|p1|Miraidon|\n|poke|p2|Cinderace, M|\n|poke|p2|Breloom, M|\n|poke|p2|Dragapult, F|\n|poke|p2|Urshifu-*, M|\n|poke|p2|Greninja-*, F|\n|poke|p2|Kingambit, M|\n|teampreview\n|c|\u2606jmf1234546|lma\n|c|\u2606jmf1234546|lmao\n|\n|t:|1698359173\n|start\n|switch|p1a: Miraidon|Miraidon|100\/100\n|switch|p2a: Breloom|Breloom, M|100\/100\n|-fieldstart|move: Electric Terrain|[from] ability: Hadron Engine|[of] p1a: Miraidon\n|turn|1\n|inactive|Battle timer is ON: inactive players will automatically lose when time's up. (requested by jmf1234546)\n|\n|t:|1698359184\n|move|p1a: Miraidon|Overheat|p2a: Breloom\n|-supereffective|p2a: Breloom\n|-damage|p2a: Breloom|0 fnt\n|-unboost|p1a: Miraidon|spa|2\n|faint|p2a: Breloom\n|\n|upkeep\n|\n|t:|1698359193\n|switch|p2a: Dragapult|Dragapult, F|100\/100\n|turn|2\n|\n|t:|1698359199\n|switch|p1a: Miraidon|Miraidon|100\/100\n|-activate|p1a: Miraidon|ability: Hadron Engine\n|move|p2a: Dragapult|Draco Meteor|p1a: Miraidon\n|-supereffective|p1a: Miraidon\n|-damage|p1a: Miraidon|7\/100\n|-unboost|p2a: Dragapult|spa|2\n|-enditem|p2a: Dragapult|White Herb\n|-clearnegativeboost|p2a: Dragapult|[silent]\n|\n|upkeep\n|turn|3\n|\n|t:|1698359209\n|move|p2a: Dragapult|Shadow Ball|p1a: Miraidon\n|-damage|p1a: Miraidon|0 fnt\n|faint|p1a: Miraidon\n|\n|upkeep\n|\n|t:|1698359211\n|switch|p1a: Calyrex|Calyrex-Shadow|100\/100\n|-ability|p1a: Calyrex|As One\n|-ability|p1a: Calyrex|Unnerve\n|turn|4\n|\n|t:|1698359230\n|-terastallize|p1a: Calyrex|Fairy\n|move|p1a: Calyrex|Tera Blast|p2a: Dragapult|[anim] Tera Blast Fairy\n|-supereffective|p2a: Dragapult\n|-damage|p2a: Dragapult|0 fnt\n|faint|p2a: Dragapult\n|-ability|p1a: Calyrex|Grim Neigh|boost\n|-boost|p1a: Calyrex|spa|1\n|\n|upkeep\n|\n|t:|1698359238\n|switch|p2a: Kingambit|Kingambit, M|100\/100\n|-activate|p2a: Kingambit|ability: Supreme Overlord\n|-start|p2a: Kingambit|fallen2|[silent]\n|turn|5\n|\n|t:|1698359249\n|move|p1a: Calyrex|Tera Blast|p2a: Kingambit|[anim] Tera Blast Fairy\n|-damage|p2a: Kingambit|11\/100\n|move|p2a: Kingambit|Iron Head|p1a: Calyrex\n|-supereffective|p1a: Calyrex\n|-damage|p1a: Calyrex|0 fnt\n|faint|p1a: Calyrex\n|\n|-heal|p2a: Kingambit|17\/100|[from] item: Leftovers\n|-fieldend|move: Electric Terrain\n|upkeep\n|\n|t:|1698359258\n|switch|p1a: Miraidon|Miraidon|100\/100\n|-fieldstart|move: Electric Terrain|[from] ability: Hadron Engine|[of] p1a: Miraidon\n|turn|6\n|\n|t:|1698359263\n|move|p1a: Miraidon|Volt Switch|p2a: Kingambit\n|-damage|p2a: Kingambit|0 fnt\n|faint|p2a: Kingambit\n|-end|p2a: Kingambit|fallen2|[silent]\n|\n|t:|1698359265\n|switch|p1a: Miraidon|Miraidon|100\/100|[from] Volt Switch\n|-activate|p1a: Miraidon|ability: Hadron Engine\n|\n|upkeep\n|\n|t:|1698359273\n|switch|p2a: Urshifu|Urshifu-Rapid-Strike, M|100\/100\n|turn|7\n|\n|t:|1698359279\n|-terastallize|p2a: Urshifu|Fighting\n|move|p1a: Miraidon|Electro Drift|p2a: Urshifu\n|-damage|p2a: Urshifu|0 fnt\n|faint|p2a: Urshifu\n|\n|upkeep\n|-message|jmf1234546 forfeited.\n|\n|win|Lolduck\n|raw|Lolduck's rating: 1243 &rarr; <strong>1260<\/strong><br \/>(+17 for winning)\n|raw|jmf1234546's rating: 1120 &rarr; <strong>1103<\/strong><br \/>(-17 for losing)\n|l|\u2606jmf1234546\n|c|\u2606Lolduck|lol\n","uploadtime":1698359304,"views":4,"p1id":"lolduck","p2id":"jmf1234546","formatid":"gen9anythinggoes","rating":1103,"private":0,"password":""}