{"id":"gen9anythinggoes-1986392280","p1":"panicked frog200","p2":"Henzai","format":"[Gen 9] Anything Goes","log":"|j|\u2606panicked frog200\n|j|\u2606Henzai\n|t:|1699475060\n|gametype|singles\n|player|p1|panicked frog200|dawn|1063\n|player|p2|Henzai|allister|1164\n|teamsize|p1|4\n|teamsize|p2|6\n|gen|9\n|tier|[Gen 9] Anything Goes\n|rated|\n|rule|HP Percentage Mod: HP is shown in percentages\n|rule|Endless Battle Clause: Forcing endless battles is banned\n|clearpoke\n|poke|p1|Drifblim, F|\n|poke|p1|Farigiraf, F|\n|poke|p1|Hatterene, F|\n|poke|p1|Dachsbun, F|\n|poke|p2|Calyrex-Ice|\n|poke|p2|Weavile, M|\n|poke|p2|Espathra, M|\n|poke|p2|Drifblim, M|\n|poke|p2|Krookodile, M|\n|poke|p2|Mewtwo|\n|teampreview\n|\n|t:|1699475086\n|start\n|switch|p1a: Drifblim|Drifblim, F|100\/100\n|switch|p2a: Espathra|Espathra, M, shiny|100\/100\n|turn|1\n|\n|t:|1699475093\n|move|p2a: Espathra|Calm Mind|p2a: Espathra\n|-boost|p2a: Espathra|spa|1\n|-boost|p2a: Espathra|spd|1\n|move|p1a: Drifblim|Substitute|p1a: Drifblim\n|-start|p1a: Drifblim|Substitute\n|-damage|p1a: Drifblim|76\/100\n|\n|-heal|p1a: Drifblim|82\/100|[from] item: Leftovers\n|-ability|p2a: Espathra|Speed Boost|boost\n|-boost|p2a: Espathra|spe|1\n|upkeep\n|turn|2\n|\n|t:|1699475102\n|move|p2a: Espathra|Calm Mind|p2a: Espathra\n|-boost|p2a: Espathra|spa|1\n|-boost|p2a: Espathra|spd|1\n|move|p1a: Drifblim|Calm Mind|p1a: Drifblim\n|-boost|p1a: Drifblim|spa|1\n|-boost|p1a: Drifblim|spd|1\n|\n|-heal|p1a: Drifblim|88\/100|[from] item: Leftovers\n|-ability|p2a: Espathra|Speed Boost|boost\n|-boost|p2a: Espathra|spe|1\n|upkeep\n|turn|3\n|inactive|Battle timer is ON: inactive players will automatically lose when time's up. (requested by Henzai)\n|\n|t:|1699475110\n|move|p2a: Espathra|Calm Mind|p2a: Espathra\n|-boost|p2a: Espathra|spa|1\n|-boost|p2a: Espathra|spd|1\n|move|p1a: Drifblim|Calm Mind|p1a: Drifblim\n|-boost|p1a: Drifblim|spa|1\n|-boost|p1a: Drifblim|spd|1\n|\n|-heal|p1a: Drifblim|94\/100|[from] item: Leftovers\n|-ability|p2a: Espathra|Speed Boost|boost\n|-boost|p2a: Espathra|spe|1\n|upkeep\n|turn|4\n|\n|t:|1699475119\n|move|p2a: Espathra|Calm Mind|p2a: Espathra\n|-boost|p2a: Espathra|spa|1\n|-boost|p2a: Espathra|spd|1\n|move|p1a: Drifblim|Calm Mind|p1a: Drifblim\n|-boost|p1a: Drifblim|spa|1\n|-boost|p1a: Drifblim|spd|1\n|\n|-heal|p1a: Drifblim|99\/100|[from] item: Leftovers\n|-ability|p2a: Espathra|Speed Boost|boost\n|-boost|p2a: Espathra|spe|1\n|upkeep\n|turn|5\n|\n|t:|1699475127\n|move|p2a: Espathra|Calm Mind|p2a: Espathra\n|-boost|p2a: Espathra|spa|1\n|-boost|p2a: Espathra|spd|1\n|move|p1a: Drifblim|Calm Mind|p1a: Drifblim\n|-boost|p1a: Drifblim|spa|1\n|-boost|p1a: Drifblim|spd|1\n|\n|-heal|p1a: Drifblim|100\/100|[from] item: Leftovers\n|-ability|p2a: Espathra|Speed Boost|boost\n|-boost|p2a: Espathra|spe|1\n|upkeep\n|turn|6\n|\n|t:|1699475133\n|move|p2a: Espathra|Calm Mind|p2a: Espathra\n|-boost|p2a: Espathra|spa|1\n|-boost|p2a: Espathra|spd|1\n|move|p1a: Drifblim|Calm Mind|p1a: Drifblim\n|-boost|p1a: Drifblim|spa|1\n|-boost|p1a: Drifblim|spd|1\n|\n|-ability|p2a: Espathra|Speed Boost|boost\n|-boost|p2a: Espathra|spe|1\n|upkeep\n|turn|7\n|\n|t:|1699475143\n|move|p2a: Espathra|Baton Pass|p2a: Espathra\n|\n|t:|1699475145\n|switch|p2a: Drifblim|Drifblim, M, shiny|100\/100|[from] Baton Pass\n|move|p1a: Drifblim|Calm Mind|p1a: Drifblim\n|-boost|p1a: Drifblim|spa|1\n|-boost|p1a: Drifblim|spd|1\n|\n|upkeep\n|turn|8\n|\n|t:|1699475151\n|move|p2a: Drifblim|Minimize|p2a: Drifblim\n|-boost|p2a: Drifblim|evasion|2\n|move|p1a: Drifblim|Baton Pass|p1a: Drifblim\n|\n|t:|1699475155\n|switch|p1a: Farigiraf|Farigiraf, F|100\/100|[from] Baton Pass\n|\n|upkeep\n|turn|9\n|\n|t:|1699475159\n|move|p2a: Drifblim|Minimize|p2a: Drifblim\n|-boost|p2a: Drifblim|evasion|2\n|move|p1a: Farigiraf|Psychic Terrain|p1a: Farigiraf\n|-fieldstart|move: Psychic Terrain\n|\n|upkeep\n|turn|10\n|\n|t:|1699475165\n|move|p2a: Drifblim|Minimize|p2a: Drifblim\n|-boost|p2a: Drifblim|evasion|2\n|move|p1a: Farigiraf|Agility|p1a: Farigiraf\n|-boost|p1a: Farigiraf|spe|2\n|\n|upkeep\n|turn|11\n|\n|t:|1699475171\n|move|p2a: Drifblim|Defog||[still]\n|-fieldend|move: Psychic Terrain\n|-fail|p2a: Drifblim\n|move|p1a: Farigiraf|Agility|p1a: Farigiraf\n|-boost|p1a: Farigiraf|spe|2\n|\n|upkeep\n|turn|12\n|\n|t:|1699475177\n|move|p2a: Drifblim|Baton Pass|p2a: Drifblim\n|\n|t:|1699475179\n|switch|p2a: Weavile|Weavile, M, shiny|100\/100|[from] Baton Pass\n|-ability|p2a: Weavile|Pressure\n|move|p1a: Farigiraf|Agility|p1a: Farigiraf\n|-boost|p1a: Farigiraf|spe|2\n|\n|upkeep\n|turn|13\n|\n|t:|1699475188\n|move|p2a: Weavile|Hone Claws|p2a: Weavile\n|-boost|p2a: Weavile|atk|1\n|-boost|p2a: Weavile|accuracy|1\n|move|p1a: Farigiraf|Baton Pass|p1a: Farigiraf\n|\n|t:|1699475193\n|switch|p1a: Dachsbun|Dachsbun, F|100\/100|[from] Baton Pass\n|\n|upkeep\n|turn|14\n|\n|t:|1699475200\n|move|p2a: Weavile|Hone Claws|p2a: Weavile\n|-boost|p2a: Weavile|atk|1\n|-boost|p2a: Weavile|accuracy|1\n|move|p1a: Dachsbun|Work Up|p1a: Dachsbun\n|-boost|p1a: Dachsbun|atk|1\n|-boost|p1a: Dachsbun|spa|0\n|\n|upkeep\n|turn|15\n|\n|t:|1699475209\n|move|p2a: Weavile|Knock Off|p1a: Dachsbun\n|-resisted|p1a: Dachsbun\n|-activate|p1a: Dachsbun|move: Substitute|[damage]\n|move|p1a: Dachsbun|Work Up|p1a: Dachsbun\n|-boost|p1a: Dachsbun|atk|1\n|-boost|p1a: Dachsbun|spa|0\n|\n|upkeep\n|turn|16\n|\n|t:|1699475215\n|move|p2a: Weavile|Hone Claws|p2a: Weavile\n|-boost|p2a: Weavile|atk|1\n|-boost|p2a: Weavile|accuracy|1\n|move|p1a: Dachsbun|Work Up|p1a: Dachsbun\n|-boost|p1a: Dachsbun|atk|1\n|-boost|p1a: Dachsbun|spa|0\n|\n|upkeep\n|turn|17\n|\n|t:|1699475222\n|move|p2a: Weavile|Baton Pass|p2a: Weavile\n|\n|t:|1699475224\n|switch|p2a: Calyrex|Calyrex-Ice|100\/100|[from] Baton Pass\n|-ability|p2a: Calyrex|As One\n|-ability|p2a: Calyrex|Unnerve\n|move|p1a: Dachsbun|Work Up|p1a: Dachsbun\n|-boost|p1a: Dachsbun|atk|1\n|-boost|p1a: Dachsbun|spa|0\n|\n|upkeep\n|turn|18\n|\n|t:|1699475234\n|move|p1a: Dachsbun|Body Press|p2a: Calyrex|[miss]\n|-miss|p1a: Dachsbun|p2a: Calyrex\n|move|p2a: Calyrex|Iron Defense|p2a: Calyrex\n|-boost|p2a: Calyrex|def|2\n|\n|upkeep\n|turn|19\n|\n|t:|1699475239\n|move|p1a: Dachsbun|Body Press|p2a: Calyrex|[miss]\n|-miss|p1a: Dachsbun|p2a: Calyrex\n|move|p2a: Calyrex|Iron Defense|p2a: Calyrex\n|-boost|p2a: Calyrex|def|2\n|\n|upkeep\n|turn|20\n|\n|t:|1699475252\n|move|p1a: Dachsbun|Work Up|p1a: Dachsbun\n|-boost|p1a: Dachsbun|atk|1\n|-boost|p1a: Dachsbun|spa|0\n|move|p2a: Calyrex|Iron Defense|p2a: Calyrex\n|-boost|p2a: Calyrex|def|2\n|\n|upkeep\n|turn|21\n|\n|t:|1699475260\n|move|p1a: Dachsbun|Work Up|p1a: Dachsbun\n|-boost|p1a: Dachsbun|atk|1\n|-boost|p1a: Dachsbun|spa|0\n|move|p2a: Calyrex|Swords Dance|p2a: Calyrex\n|-boost|p2a: Calyrex|atk|2\n|\n|upkeep\n|turn|22\n|\n|t:|1699475266\n|move|p1a: Dachsbun|Baton Pass|p1a: Dachsbun\n|\n|t:|1699475268\n|switch|p1a: Hatterene|Hatterene, F, shiny|100\/100|[from] Baton Pass\n|move|p2a: Calyrex|Swords Dance|p2a: Calyrex\n|-boost|p2a: Calyrex|atk|1\n|\n|upkeep\n|turn|23\n|\n|t:|1699475276\n|move|p2a: Calyrex|Substitute|p2a: Calyrex\n|-start|p2a: Calyrex|Substitute\n|-damage|p2a: Calyrex|75\/100\n|move|p1a: Hatterene|Trick Room|p1a: Hatterene\n|-fieldstart|move: Trick Room|[of] p1a: Hatterene\n|\n|-heal|p2a: Calyrex|82\/100|[from] item: Leftovers\n|upkeep\n|turn|24\n|\n|t:|1699475289\n|move|p1a: Hatterene|Giga Drain|p2a: Calyrex|[miss]\n|-miss|p1a: Hatterene|p2a: Calyrex\n|move|p2a: Calyrex|Baton Pass|p2a: Calyrex\n|\n|t:|1699475301\n|switch|p2a: Krookodile|Krookodile, M, shiny|100\/100|[from] Baton Pass\n|\n|upkeep\n|turn|25\n|inactive|Henzai has 120 seconds left.\n|\n|t:|1699475331\n|move|p1a: Hatterene|Dazzling Gleam|p2a: Krookodile\n|-supereffective|p2a: Krookodile\n|-end|p2a: Krookodile|Substitute\n|move|p2a: Krookodile|Power Trip|p1a: Hatterene\n|-end|p1a: Hatterene|Substitute\n|\n|upkeep\n|turn|26\n|\n|t:|1699475339\n|move|p1a: Hatterene|Dazzling Gleam|p2a: Krookodile|[miss]\n|-miss|p1a: Hatterene|p2a: Krookodile\n|move|p2a: Krookodile|Power Trip|p1a: Hatterene\n|-damage|p1a: Hatterene|0 fnt\n|faint|p1a: Hatterene\n|\n|upkeep\n|-message|panicked frog200 forfeited.\n|\n|win|Henzai\n|raw|panicked frog200's rating: 1063 &rarr; <strong>1049<\/strong><br \/>(-14 for losing)\n|raw|Henzai's rating: 1164 &rarr; <strong>1182<\/strong><br \/>(+18 for winning)\n|l|\u2606panicked frog200\n","uploadtime":1699475419,"views":4,"p1id":"panickedfrog200","p2id":"henzai","formatid":"gen9anythinggoes","rating":1049,"private":0,"password":""}