{"id":"gen9anythinggoes-1991391568","p1":"CHIBI MAJIMA","p2":"weaselfish","format":"[Gen 9] Anything Goes","log":"|j|\u2606CHIBI MAJIMA\n|j|\u2606weaselfish\n|t:|1700073212\n|gametype|singles\n|player|p1|CHIBI MAJIMA|gambler|1081\n|player|p2|weaselfish|iris|1032\n|teamsize|p1|6\n|teamsize|p2|6\n|gen|9\n|tier|[Gen 9] Anything Goes\n|rated|\n|rule|HP Percentage Mod: HP is shown in percentages\n|rule|Endless Battle Clause: Forcing endless battles is banned\n|clearpoke\n|poke|p1|Landorus, M|\n|poke|p1|Landorus-Therian, M|\n|poke|p1|Thundurus, M|\n|poke|p1|Thundurus-Therian, M|\n|poke|p1|Tornadus, M|\n|poke|p1|Tornadus-Therian, M|\n|poke|p2|Torterra, M|\n|poke|p2|Furret, M|\n|poke|p2|Cetitan, F|\n|poke|p2|Ludicolo, M|\n|poke|p2|Vigoroth, M|\n|poke|p2|Quagsire, F|\n|teampreview\n|inactive|Battle timer is ON: inactive players will automatically lose when time's up. (requested by weaselfish)\n|\n|t:|1700073238\n|start\n|switch|p1a: Landorus|Landorus, M|100\/100\n|switch|p2a: Furret|Furret, M|100\/100\n|-item|p1a: Landorus|Leftovers|[from] ability: Frisk|[of] p2a: Furret|[identify]\n|turn|1\n|\n|t:|1700073245\n|move|p1a: Landorus|Bulk Up|p1a: Landorus\n|-boost|p1a: Landorus|atk|1\n|-boost|p1a: Landorus|def|1\n|move|p2a: Furret|Coil|p2a: Furret\n|-boost|p2a: Furret|atk|1\n|-boost|p2a: Furret|def|1\n|-boost|p2a: Furret|accuracy|1\n|\n|upkeep\n|turn|2\n|\n|t:|1700073256\n|move|p1a: Landorus|Fly||[still]\n|-prepare|p1a: Landorus|Fly\n|move|p2a: Furret|Coil|p2a: Furret\n|-boost|p2a: Furret|atk|1\n|-boost|p2a: Furret|def|1\n|-boost|p2a: Furret|accuracy|1\n|\n|upkeep\n|turn|3\n|\n|t:|1700073265\n|move|p1a: Landorus|Fly|p2a: Furret|[from]lockedmove\n|-damage|p2a: Furret|57\/100\n|move|p2a: Furret|Baton Pass|p2a: Furret\n|\n|t:|1700073269\n|switch|p2a: Torterra|Torterra, M|100\/100|[from] Baton Pass\n|\n|upkeep\n|turn|4\n|\n|t:|1700073273\n|move|p1a: Landorus|Fly||[still]\n|-prepare|p1a: Landorus|Fly\n|move|p2a: Torterra|Shell Smash|p2a: Torterra\n|-unboost|p2a: Torterra|def|1\n|-unboost|p2a: Torterra|spd|1\n|-boost|p2a: Torterra|atk|2\n|-boost|p2a: Torterra|spa|2\n|-boost|p2a: Torterra|spe|2\n|-enditem|p2a: Torterra|White Herb\n|-clearnegativeboost|p2a: Torterra|[silent]\n|\n|upkeep\n|turn|5\n|\n|t:|1700073281\n|move|p2a: Torterra|Iron Defense|p2a: Torterra\n|-boost|p2a: Torterra|def|2\n|move|p1a: Landorus|Fly|p2a: Torterra|[from]lockedmove\n|-supereffective|p2a: Torterra\n|-damage|p2a: Torterra|59\/100\n|\n|upkeep\n|turn|6\n|\n|t:|1700073287\n|move|p2a: Torterra|Leaf Storm|p1a: Landorus\n|-damage|p1a: Landorus|17\/100\n|-unboost|p2a: Torterra|spa|2\n|move|p1a: Landorus|Fly||[still]\n|-prepare|p1a: Landorus|Fly\n|\n|-heal|p1a: Landorus|23\/100|[from] item: Leftovers\n|upkeep\n|turn|7\n|\n|t:|1700073296\n|move|p2a: Torterra|Iron Defense|p2a: Torterra\n|-boost|p2a: Torterra|def|2\n|move|p1a: Landorus|Fly|p2a: Torterra|[from]lockedmove\n|-supereffective|p2a: Torterra\n|-damage|p2a: Torterra|28\/100\n|\n|-heal|p1a: Landorus|29\/100|[from] item: Leftovers\n|upkeep\n|turn|8\n|\n|t:|1700073304\n|move|p2a: Torterra|Leaf Storm|p1a: Landorus\n|-damage|p1a: Landorus|0 fnt\n|-unboost|p2a: Torterra|spa|2\n|faint|p1a: Landorus\n|\n|upkeep\n|\n|t:|1700073310\n|switch|p1a: Landorus|Landorus-Therian, M|100\/100\n|-ability|p1a: Landorus|Intimidate|boost\n|-unboost|p2a: Torterra|atk|1\n|turn|9\n|\n|t:|1700073317\n|move|p2a: Torterra|Leaf Storm|p1a: Landorus\n|-damage|p1a: Landorus|79\/100\n|-unboost|p2a: Torterra|spa|2\n|move|p1a: Landorus|Swords Dance|p1a: Landorus\n|-boost|p1a: Landorus|atk|2\n|\n|upkeep\n|turn|10\n|\n|t:|1700073324\n|move|p2a: Torterra|Leaf Storm|p1a: Landorus\n|-damage|p1a: Landorus|64\/100\n|-unboost|p2a: Torterra|spa|2\n|move|p1a: Landorus|Brick Break|p2a: Torterra\n|-damage|p2a: Torterra|16\/100\n|\n|upkeep\n|turn|11\n|inactive|CHIBI MAJIMA has 120 seconds left.\n|\n|t:|1700073363\n|move|p2a: Torterra|Leaf Storm|p1a: Landorus\n|-damage|p1a: Landorus|54\/100\n|move|p1a: Landorus|Brick Break|p2a: Torterra\n|-damage|p2a: Torterra|4\/100\n|\n|upkeep\n|turn|12\n|inactive|CHIBI MAJIMA has 120 seconds left.\n|\n|t:|1700073381\n|move|p2a: Torterra|Leaf Storm|p1a: Landorus\n|-damage|p1a: Landorus|43\/100\n|move|p1a: Landorus|Swords Dance|p1a: Landorus\n|-boost|p1a: Landorus|atk|2\n|\n|upkeep\n|turn|13\n|\n|t:|1700073388\n|move|p2a: Torterra|Leaf Storm|p1a: Landorus\n|-damage|p1a: Landorus|34\/100\n|move|p1a: Landorus|Swords Dance|p1a: Landorus\n|-boost|p1a: Landorus|atk|2\n|\n|upkeep\n|turn|14\n|\n|t:|1700073394\n|move|p2a: Torterra|Leaf Storm|p1a: Landorus\n|-damage|p1a: Landorus|24\/100\n|-enditem|p1a: Landorus|Salac Berry|[eat]\n|-boost|p1a: Landorus|spe|1|[from] item: Salac Berry\n|move|p1a: Landorus|Swords Dance|p1a: Landorus\n|-boost|p1a: Landorus|atk|0\n|\n|upkeep\n|turn|15\n|\n|t:|1700073404\n|move|p2a: Torterra|Iron Defense|p2a: Torterra\n|-boost|p2a: Torterra|def|1\n|move|p1a: Landorus|Brick Break|p2a: Torterra\n|-damage|p2a: Torterra|0 fnt\n|faint|p2a: Torterra\n|\n|upkeep\n|\n|t:|1700073409\n|switch|p2a: Ludicolo|Ludicolo, M|100\/100\n|turn|16\n|\n|t:|1700073414\n|move|p2a: Ludicolo|Fake Out|p1a: Landorus\n|-crit|p1a: Landorus\n|-damage|p1a: Landorus|12\/100\n|cant|p1a: Landorus|flinch\n|\n|upkeep\n|turn|17\n|\n|t:|1700073421\n|move|p1a: Landorus|Rock Slide|p2a: Ludicolo\n|-damage|p2a: Ludicolo|0 fnt\n|faint|p2a: Ludicolo\n|\n|upkeep\n|\n|t:|1700073427\n|switch|p2a: Furret|Furret, M|57\/100\n|turn|18\n|\n|t:|1700073444\n|move|p1a: Landorus|Brick Break|p2a: Furret\n|-supereffective|p2a: Furret\n|-damage|p2a: Furret|0 fnt\n|faint|p2a: Furret\n|\n|upkeep\n|\n|t:|1700073448\n|switch|p2a: Vigoroth|Vigoroth, M|100\/100\n|turn|19\n|\n|t:|1700073453\n|-terastallize|p2a: Vigoroth|Ghost\n|move|p1a: Landorus|Brick Break|p2a: Vigoroth\n|-immune|p2a: Vigoroth\n|move|p2a: Vigoroth|Encore|p1a: Landorus\n|-start|p1a: Landorus|Encore\n|\n|upkeep\n|turn|20\n|\n|t:|1700073461\n|-terastallize|p1a: Landorus|Ghost\n|move|p1a: Landorus|Brick Break|p2a: Vigoroth\n|-immune|p2a: Vigoroth\n|move|p2a: Vigoroth|Bulk Up|p2a: Vigoroth\n|-boost|p2a: Vigoroth|atk|1\n|-boost|p2a: Vigoroth|def|1\n|\n|upkeep\n|turn|21\n|\n|t:|1700073469\n|move|p1a: Landorus|Brick Break|p2a: Vigoroth\n|-immune|p2a: Vigoroth\n|move|p2a: Vigoroth|Knock Off|p1a: Landorus\n|-supereffective|p1a: Landorus\n|-damage|p1a: Landorus|0 fnt\n|faint|p1a: Landorus\n|\n|upkeep\n|\n|t:|1700073475\n|switch|p1a: Thundurus|Thundurus, M|100\/100\n|turn|22\n|\n|t:|1700073479\n|move|p1a: Thundurus|Substitute|p1a: Thundurus\n|-start|p1a: Thundurus|Substitute\n|-damage|p1a: Thundurus|76\/100\n|move|p2a: Vigoroth|Zen Headbutt|p1a: Thundurus\n|-end|p1a: Thundurus|Substitute\n|\n|-heal|p1a: Thundurus|82\/100|[from] item: Leftovers\n|upkeep\n|turn|23\n|\n|t:|1700073486\n|move|p1a: Thundurus|Substitute|p1a: Thundurus\n|-start|p1a: Thundurus|Substitute\n|-damage|p1a: Thundurus|57\/100\n|move|p2a: Vigoroth|Encore|p1a: Thundurus\n|-start|p1a: Thundurus|Encore\n|\n|-heal|p1a: Thundurus|63\/100|[from] item: Leftovers\n|upkeep\n|turn|24\n|\n|t:|1700073492\n|move|p1a: Thundurus|Substitute|p1a: Thundurus\n|-fail|p1a: Thundurus|move: Substitute\n|move|p2a: Vigoroth|Zen Headbutt|p1a: Thundurus\n|-end|p1a: Thundurus|Substitute\n|\n|-heal|p1a: Thundurus|69\/100|[from] item: Leftovers\n|upkeep\n|turn|25\n|\n|t:|1700073498\n|move|p1a: Thundurus|Substitute|p1a: Thundurus\n|-start|p1a: Thundurus|Substitute\n|-damage|p1a: Thundurus|44\/100\n|move|p2a: Vigoroth|Zen Headbutt|p1a: Thundurus\n|-end|p1a: Thundurus|Substitute\n|\n|-heal|p1a: Thundurus|50\/100|[from] item: Leftovers\n|upkeep\n|turn|26\n|\n|t:|1700073505\n|move|p1a: Thundurus|Substitute|p1a: Thundurus\n|-start|p1a: Thundurus|Substitute\n|-damage|p1a: Thundurus|26\/100\n|move|p2a: Vigoroth|Zen Headbutt|p1a: Thundurus\n|-end|p1a: Thundurus|Substitute\n|\n|-heal|p1a: Thundurus|32\/100|[from] item: Leftovers\n|-end|p1a: Thundurus|Encore\n|upkeep\n|turn|27\n|\n|t:|1700073516\n|move|p1a: Thundurus|Dark Pulse|p2a: Vigoroth\n|-supereffective|p2a: Vigoroth\n|-damage|p2a: Vigoroth|27\/100\n|move|p2a: Vigoroth|Zen Headbutt|p1a: Thundurus\n|-damage|p1a: Thundurus|0 fnt\n|faint|p1a: Thundurus\n|\n|upkeep\n|\n|t:|1700073522\n|switch|p1a: Thundurus|Thundurus-Therian, M|100\/100\n|turn|28\n|\n|t:|1700073526\n|move|p1a: Thundurus|Substitute|p1a: Thundurus\n|-start|p1a: Thundurus|Substitute\n|-damage|p1a: Thundurus|76\/100\n|move|p2a: Vigoroth|Knock Off|p1a: Thundurus\n|-end|p1a: Thundurus|Substitute\n|\n|-heal|p1a: Thundurus|82\/100|[from] item: Leftovers\n|upkeep\n|turn|29\n|\n|t:|1700073534\n|move|p1a: Thundurus|Charge Beam|p2a: Vigoroth|[miss]\n|-miss|p1a: Thundurus|p2a: Vigoroth\n|move|p2a: Vigoroth|Encore|p1a: Thundurus\n|-start|p1a: Thundurus|Encore\n|\n|-heal|p1a: Thundurus|88\/100|[from] item: Leftovers\n|upkeep\n|turn|30\n|\n|t:|1700073539\n|move|p1a: Thundurus|Charge Beam|p2a: Vigoroth\n|-damage|p2a: Vigoroth|0 fnt\n|faint|p2a: Vigoroth\n|\n|-heal|p1a: Thundurus|94\/100|[from] item: Leftovers\n|upkeep\n|\n|t:|1700073542\n|switch|p2a: Quagsire|Quagsire, F, shiny|100\/100\n|turn|31\n|\n|t:|1700073546\n|switch|p1a: Tornadus|Tornadus, M|100\/100\n|move|p2a: Quagsire|Yawn|p1a: Tornadus\n|-start|p1a: Tornadus|move: Yawn|[of] p2a: Quagsire\n|\n|upkeep\n|turn|32\n|\n|t:|1700073552\n|switch|p1a: Tornadus|Tornadus-Therian, M|100\/100\n|move|p2a: Quagsire|Stone Edge|p1a: Tornadus\n|-supereffective|p1a: Tornadus\n|-damage|p1a: Tornadus|36\/100\n|\n|-heal|p1a: Tornadus|42\/100|[from] item: Leftovers\n|upkeep\n|turn|33\n|\n|t:|1700073559\n|move|p1a: Tornadus|Substitute|p1a: Tornadus\n|-start|p1a: Tornadus|Substitute\n|-damage|p1a: Tornadus|18\/100\n|move|p2a: Quagsire|Stone Edge|p1a: Tornadus\n|-supereffective|p1a: Tornadus\n|-end|p1a: Tornadus|Substitute\n|\n|-heal|p1a: Tornadus|24\/100|[from] item: Leftovers\n|upkeep\n|turn|34\n|\n|t:|1700073567\n|move|p1a: Tornadus|Chilling Water|p2a: Quagsire\n|-immune|p2a: Quagsire|[from] ability: Water Absorb\n|move|p2a: Quagsire|Stone Edge|p1a: Tornadus\n|-supereffective|p1a: Tornadus\n|-damage|p1a: Tornadus|0 fnt\n|faint|p1a: Tornadus\n|\n|upkeep\n|\n|t:|1700073575\n|switch|p1a: Thundurus|Thundurus-Therian, M|94\/100\n|turn|35\n|\n|t:|1700073581\n|move|p1a: Thundurus|Flash Cannon|p2a: Quagsire\n|-resisted|p2a: Quagsire\n|-damage|p2a: Quagsire|82\/100\n|move|p2a: Quagsire|Stone Edge|p1a: Thundurus\n|-supereffective|p1a: Thundurus\n|-damage|p1a: Thundurus|21\/100\n|\n|-heal|p1a: Thundurus|27\/100|[from] item: Leftovers\n|-heal|p2a: Quagsire|88\/100|[from] item: Leftovers\n|upkeep\n|turn|36\n|\n|t:|1700073589\n|move|p1a: Thundurus|Flash Cannon|p2a: Quagsire\n|-resisted|p2a: Quagsire\n|-damage|p2a: Quagsire|70\/100\n|move|p2a: Quagsire|Stone Edge|p1a: Thundurus\n|-supereffective|p1a: Thundurus\n|-crit|p1a: Thundurus\n|-damage|p1a: Thundurus|0 fnt\n|faint|p1a: Thundurus\n|\n|-heal|p2a: Quagsire|76\/100|[from] item: Leftovers\n|upkeep\n|\n|t:|1700073598\n|switch|p1a: Tornadus|Tornadus, M|100\/100\n|turn|37\n|\n|t:|1700073601\n|move|p1a: Tornadus|Bulk Up|p1a: Tornadus\n|-boost|p1a: Tornadus|atk|1\n|-boost|p1a: Tornadus|def|1\n|move|p2a: Quagsire|Stone Edge|p1a: Tornadus\n|-supereffective|p1a: Tornadus\n|-damage|p1a: Tornadus|50\/100\n|\n|-heal|p1a: Tornadus|56\/100|[from] item: Leftovers\n|-heal|p2a: Quagsire|82\/100|[from] item: Leftovers\n|upkeep\n|turn|38\n|\n|t:|1700073610\n|move|p1a: Tornadus|Bulk Up|p1a: Tornadus\n|-boost|p1a: Tornadus|atk|1\n|-boost|p1a: Tornadus|def|1\n|move|p2a: Quagsire|Yawn|p1a: Tornadus\n|-start|p1a: Tornadus|move: Yawn|[of] p2a: Quagsire\n|\n|-heal|p1a: Tornadus|62\/100|[from] item: Leftovers\n|-heal|p2a: Quagsire|88\/100|[from] item: Leftovers\n|upkeep\n|turn|39\n|\n|t:|1700073623\n|move|p1a: Tornadus|Foul Play|p2a: Quagsire\n|-damage|p2a: Quagsire|68\/100\n|move|p2a: Quagsire|Drain Punch|p1a: Tornadus\n|-resisted|p1a: Tornadus\n|-damage|p1a: Tornadus|56\/100\n|-heal|p2a: Quagsire|71\/100|[from] drain|[of] p1a: Tornadus\n|\n|-heal|p1a: Tornadus|62\/100|[from] item: Leftovers\n|-heal|p2a: Quagsire|77\/100|[from] item: Leftovers\n|-end|p1a: Tornadus|move: Yawn|[silent]\n|-status|p1a: Tornadus|slp\n|upkeep\n|turn|40\n|\n|t:|1700073637\n|cant|p1a: Tornadus|slp\n|move|p2a: Quagsire|Stone Edge|p1a: Tornadus|[miss]\n|-miss|p2a: Quagsire|p1a: Tornadus\n|\n|-heal|p1a: Tornadus|68\/100 slp|[from] item: Leftovers\n|-heal|p2a: Quagsire|83\/100|[from] item: Leftovers\n|upkeep\n|turn|41\n|\n|t:|1700073644\n|cant|p1a: Tornadus|slp\n|move|p2a: Quagsire|Stone Edge|p1a: Tornadus\n|-supereffective|p1a: Tornadus\n|-damage|p1a: Tornadus|30\/100 slp\n|\n|-heal|p1a: Tornadus|36\/100 slp|[from] item: Leftovers\n|-heal|p2a: Quagsire|89\/100|[from] item: Leftovers\n|upkeep\n|turn|42\n|\n|t:|1700073651\n|cant|p1a: Tornadus|slp\n|move|p2a: Quagsire|Aqua Tail|p1a: Tornadus\n|-damage|p1a: Tornadus|10\/100 slp\n|\n|-heal|p1a: Tornadus|16\/100 slp|[from] item: Leftovers\n|-heal|p2a: Quagsire|95\/100|[from] item: Leftovers\n|upkeep\n|turn|43\n|\n|t:|1700073660\n|-curestatus|p1a: Tornadus|slp|[msg]\n|move|p1a: Tornadus|Acrobatics|p2a: Quagsire\n|-damage|p2a: Quagsire|56\/100\n|move|p2a: Quagsire|Aqua Tail|p1a: Tornadus\n|-damage|p1a: Tornadus|0 fnt\n|faint|p1a: Tornadus\n|\n|win|weaselfish\n|raw|CHIBI MAJIMA's rating: 1081 &rarr; <strong>1056<\/strong><br \/>(-25 for losing)\n|raw|weaselfish's rating: 1032 &rarr; <strong>1072<\/strong><br \/>(+40 for winning)\n|l|\u2606CHIBI MAJIMA\n","uploadtime":1700073753,"views":8,"p1id":"chibimajima","p2id":"weaselfish","formatid":"gen9anythinggoes","rating":1056,"private":0,"password":""}