{"id":"gen9anythinggoes-1988515637","p1":"meyers13","p2":"bigeg04","format":"[Gen 9] Anything Goes","log":"|j|\u2606meyers13\n|j|\u2606bigeg04\n|t:|1699731227\n|gametype|singles\n|player|p1|meyers13|leon-masters|\n|player|p2|bigeg04|170|\n|teamsize|p1|6\n|teamsize|p2|6\n|gen|9\n|tier|[Gen 9] Anything Goes\n|rule|HP Percentage Mod: HP is shown in percentages\n|rule|Endless Battle Clause: Forcing endless battles is banned\n|clearpoke\n|poke|p1|Cyclizar, F|\n|poke|p1|Enamorus, F|\n|poke|p1|Volcanion|\n|poke|p1|Clodsire, M|\n|poke|p1|Kleavor, M|\n|poke|p1|Polteageist|\n|poke|p2|Garchomp, F|\n|poke|p2|Moltres-Galar|\n|poke|p2|Typhlosion, M|\n|poke|p2|Rotom-Mow|\n|poke|p2|Scizor, M|\n|poke|p2|Gengar, F|\n|teampreview\n|\n|t:|1699731250\n|start\n|switch|p1a: SickLizard989|Cyclizar, F|100\/100\n|switch|p2a: Garchomp|Garchomp, F|100\/100\n|turn|1\n|j| patddontpee\n|\n|t:|1699731266\n|move|p1a: SickLizard989|Draco Meteor|p2a: Garchomp\n|-supereffective|p2a: Garchomp\n|-damage|p2a: Garchomp|0 fnt\n|-unboost|p1a: SickLizard989|spa|2\n|faint|p2a: Garchomp\n|\n|upkeep\n|\n|t:|1699731279\n|switch|p2a: Typhlosion|Typhlosion, M|100\/100\n|turn|2\n|\n|t:|1699731301\n|switch|p1a: Volcanion (Ze\/Zim)|Volcanion|100\/100\n|move|p2a: Typhlosion|Focus Blast|p1a: Volcanion (Ze\/Zim)\n|-damage|p1a: Volcanion (Ze\/Zim)|43\/100\n|-damage|p2a: Typhlosion|91\/100|[from] item: Life Orb\n|\n|upkeep\n|turn|3\n|\n|t:|1699731346\n|switch|p2a: Rotom|Rotom-Mow|100\/100\n|switch|p1a: fat fuck|Clodsire, M|100\/100\n|\n|upkeep\n|turn|4\n|\n|t:|1699731367\n|move|p2a: Rotom|Thunder Wave|p1a: fat fuck\n|-immune|p1a: fat fuck\n|move|p1a: fat fuck|Poison Jab|p2a: Rotom\n|-supereffective|p2a: Rotom\n|-damage|p2a: Rotom|57\/100\n|\n|-heal|p2a: Rotom|63\/100|[from] item: Leftovers\n|upkeep\n|turn|5\n|\n|t:|1699731403\n|move|p2a: Rotom|Volt Switch|p1a: fat fuck\n|-immune|p1a: fat fuck\n|move|p1a: fat fuck|Poison Jab|p2a: Rotom\n|-supereffective|p2a: Rotom\n|-damage|p2a: Rotom|12\/100\n|-status|p2a: Rotom|psn\n|\n|-heal|p2a: Rotom|18\/100 psn|[from] item: Leftovers\n|-damage|p2a: Rotom|6\/100 psn|[from] psn\n|upkeep\n|turn|6\n|\n|t:|1699731421\n|move|p2a: Rotom|Leaf Storm|p1a: fat fuck|[miss]\n|-miss|p2a: Rotom|p1a: fat fuck\n|move|p1a: fat fuck|Spikes|p2a: Rotom\n|-sidestart|p2: bigeg04|Spikes\n|\n|-heal|p2a: Rotom|12\/100 psn|[from] item: Leftovers\n|-damage|p2a: Rotom|0 fnt|[from] psn\n|faint|p2a: Rotom\n|upkeep\n|\n|t:|1699731431\n|switch|p2a: Scizor|Scizor, M|100\/100\n|-damage|p2a: Scizor|88\/100|[from] Spikes\n|turn|7\n|\n|t:|1699731468\n|move|p2a: Scizor|Defog|p1a: fat fuck\n|-unboost|p1a: fat fuck|evasion|1\n|-sideend|p2: bigeg04|Spikes|[from] move: Defog|[of] p2a: Scizor\n|move|p1a: fat fuck|Recover||[still]\n|-fail|p1a: fat fuck|heal\n|\n|upkeep\n|turn|8\n|\n|t:|1699731481\n|move|p2a: Scizor|Knock Off|p1a: fat fuck\n|-damage|p1a: fat fuck|68\/100\n|-enditem|p1a: fat fuck|Black Sludge|[from] move: Knock Off|[of] p2a: Scizor\n|move|p1a: fat fuck|Earthquake|p2a: Scizor\n|-damage|p2a: Scizor|61\/100\n|\n|upkeep\n|turn|9\n|\n|t:|1699731496\n|move|p2a: Scizor|Bullet Punch|p1a: fat fuck\n|-damage|p1a: fat fuck|41\/100\n|move|p1a: fat fuck|Recover|p1a: fat fuck\n|-heal|p1a: fat fuck|91\/100\n|\n|upkeep\n|turn|10\n|\n|t:|1699731509\n|move|p2a: Scizor|Bullet Punch|p1a: fat fuck\n|-damage|p1a: fat fuck|61\/100\n|move|p1a: fat fuck|Earthquake|p2a: Scizor\n|-damage|p2a: Scizor|34\/100\n|\n|upkeep\n|turn|11\n|\n|t:|1699731516\n|move|p2a: Scizor|Bullet Punch|p1a: fat fuck\n|-damage|p1a: fat fuck|34\/100\n|move|p1a: fat fuck|Recover|p1a: fat fuck\n|-heal|p1a: fat fuck|84\/100\n|\n|upkeep\n|turn|12\n|\n|t:|1699731544\n|move|p2a: Scizor|Bullet Punch|p1a: fat fuck\n|-damage|p1a: fat fuck|53\/100\n|move|p1a: fat fuck|Earthquake|p2a: Scizor\n|-damage|p2a: Scizor|6\/100\n|-enditem|p2a: Scizor|Aguav Berry|[eat]\n|-heal|p2a: Scizor|39\/100|[from] item: Aguav Berry\n|\n|upkeep\n|turn|13\n|\n|t:|1699731552\n|move|p2a: Scizor|Bullet Punch|p1a: fat fuck\n|-damage|p1a: fat fuck|25\/100\n|move|p1a: fat fuck|Recover|p1a: fat fuck\n|-heal|p1a: fat fuck|75\/100\n|\n|upkeep\n|turn|14\n|\n|t:|1699731564\n|switch|p1a: Volcanion (Ze\/Zim)|Volcanion|43\/100\n|move|p2a: Scizor|Bullet Punch|p1a: Volcanion (Ze\/Zim)\n|-resisted|p1a: Volcanion (Ze\/Zim)\n|-damage|p1a: Volcanion (Ze\/Zim)|39\/100\n|\n|upkeep\n|turn|15\n|\n|t:|1699731578\n|switch|p2a: Typhlosion|Typhlosion, M|91\/100\n|move|p1a: Volcanion (Ze\/Zim)|Steam Eruption|p2a: Typhlosion\n|-supereffective|p2a: Typhlosion\n|-damage|p2a: Typhlosion|0 fnt\n|faint|p2a: Typhlosion\n|\n|upkeep\n|\n|t:|1699731598\n|switch|p2a: Moltres|Moltres-Galar|100\/100\n|turn|16\n|\n|t:|1699731620\n|switch|p1a: fat fuck|Clodsire, M|75\/100\n|move|p2a: Moltres|Agility|p2a: Moltres\n|-boost|p2a: Moltres|spe|2\n|\n|upkeep\n|turn|17\n|\n|t:|1699731653\n|move|p2a: Moltres|Agility|p2a: Moltres\n|-boost|p2a: Moltres|spe|2\n|move|p1a: fat fuck|Recover|p1a: fat fuck\n|-heal|p1a: fat fuck|100\/100\n|\n|upkeep\n|turn|18\n|\n|t:|1699731685\n|move|p2a: Moltres|Agility|p2a: Moltres\n|-boost|p2a: Moltres|spe|2\n|move|p1a: fat fuck|Poison Jab|p2a: Moltres\n|-crit|p2a: Moltres\n|-damage|p2a: Moltres|70\/100\n|-status|p2a: Moltres|psn\n|\n|-damage|p2a: Moltres|57\/100 psn|[from] psn\n|upkeep\n|turn|19\n|\n|t:|1699731699\n|move|p2a: Moltres|Fiery Wrath|p1a: fat fuck\n|-damage|p1a: fat fuck|78\/100\n|move|p1a: fat fuck|Poison Jab|p2a: Moltres\n|-damage|p2a: Moltres|37\/100 psn\n|-ability|p2a: Moltres|Berserk|boost\n|-boost|p2a: Moltres|spa|1\n|\n|-damage|p2a: Moltres|25\/100 psn|[from] psn\n|upkeep\n|turn|20\n|\n|t:|1699731714\n|move|p2a: Moltres|Fiery Wrath|p1a: fat fuck\n|-damage|p1a: fat fuck|55\/100\n|move|p1a: fat fuck|Poison Jab|p2a: Moltres\n|-damage|p2a: Moltres|3\/100 psn\n|\n|-damage|p2a: Moltres|0 fnt|[from] psn\n|faint|p2a: Moltres\n|upkeep\n|\n|t:|1699731722\n|switch|p2a: Scizor|Scizor, M|39\/100\n|turn|21\n|\n|t:|1699731729\n|move|p2a: Scizor|Bullet Punch|p1a: fat fuck\n|-damage|p1a: fat fuck|28\/100\n|move|p1a: fat fuck|Recover|p1a: fat fuck\n|-heal|p1a: fat fuck|78\/100\n|\n|upkeep\n|turn|22\n|\n|t:|1699731738\n|switch|p1a: Volcanion (Ze\/Zim)|Volcanion|39\/100\n|move|p2a: Scizor|Bullet Punch|p1a: Volcanion (Ze\/Zim)\n|-resisted|p1a: Volcanion (Ze\/Zim)\n|-damage|p1a: Volcanion (Ze\/Zim)|35\/100\n|\n|upkeep\n|turn|23\n|\n|t:|1699731746\n|move|p1a: Volcanion (Ze\/Zim)|Steam Eruption|p2a: Scizor\n|-damage|p2a: Scizor|3\/100\n|move|p2a: Scizor|Knock Off|p1a: Volcanion (Ze\/Zim)\n|-damage|p1a: Volcanion (Ze\/Zim)|19\/100\n|-enditem|p1a: Volcanion (Ze\/Zim)|Heavy-Duty Boots|[from] move: Knock Off|[of] p2a: Scizor\n|\n|upkeep\n|turn|24\n|\n|t:|1699731755\n|move|p1a: Volcanion (Ze\/Zim)|Steam Eruption|p2a: Scizor\n|-damage|p2a: Scizor|0 fnt\n|faint|p2a: Scizor\n|\n|upkeep\n|\n|t:|1699731759\n|switch|p2a: Gengar|Gengar, F|100\/100\n|turn|25\n|\n|t:|1699731774\n|switch|p1a: fat fuck|Clodsire, M|78\/100\n|move|p2a: Gengar|Nasty Plot|p2a: Gengar\n|-boost|p2a: Gengar|spa|2\n|\n|upkeep\n|turn|26\n|\n|t:|1699731791\n|move|p2a: Gengar|Shadow Ball|p1a: fat fuck\n|-damage|p1a: fat fuck|57\/100\n|move|p1a: fat fuck|Earthquake|p2a: Gengar\n|-supereffective|p2a: Gengar\n|-enditem|p2a: Gengar|Focus Sash\n|-damage|p2a: Gengar|1\/100\n|-start|p1a: fat fuck|Disable|Earthquake|[from] ability: Cursed Body|[of] p2a: Gengar\n|\n|upkeep\n|turn|27\n|\n|t:|1699731805\n|move|p2a: Gengar|Shadow Ball|p1a: fat fuck\n|-damage|p1a: fat fuck|35\/100\n|move|p1a: fat fuck|Poison Jab|p2a: Gengar\n|-resisted|p2a: Gengar\n|-damage|p2a: Gengar|0 fnt\n|faint|p2a: Gengar\n|\n|win|meyers13\n|c|\u2606bigeg04|GGs\n|c| patddontpee|Gg wp\n|l|\u2606bigeg04\n|c|\u2606meyers13|gg\n|l| patddontpee\n","uploadtime":1699731839,"views":40,"p1id":"meyers13","p2id":"bigeg04","formatid":"gen9anythinggoes","rating":0,"private":0,"password":""}