{"id":"gen9anythinggoes-1998339404","p1":"sam00242 0","p2":"OmOhazards","format":"[Gen 9] Anything Goes","log":"|j|\u2606sam00242 0\n|j|\u2606OmOhazards\n|t:|1700931259\n|gametype|singles\n|player|p1|sam00242 0|ghetsis|1000\n|player|p2|OmOhazards|bruno|1144\n|teamsize|p1|6\n|teamsize|p2|6\n|gen|9\n|tier|[Gen 9] Anything Goes\n|rated|\n|rule|HP Percentage Mod: HP is shown in percentages\n|rule|Endless Battle Clause: Forcing endless battles is banned\n|clearpoke\n|poke|p1|Dialga-Origin|\n|poke|p1|Giratina-Origin|\n|poke|p1|Groudon|\n|poke|p1|Rayquaza|\n|poke|p1|Arceus|\n|poke|p1|Garchomp, M|\n|poke|p2|Arceus|\n|poke|p2|Calyrex-Shadow|\n|poke|p2|Chi-Yu|\n|poke|p2|Zacian-*|\n|poke|p2|Flutter Mane|\n|poke|p2|Gliscor, F|\n|teampreview\n|\n|t:|1700931272\n|start\n|switch|p1a: Arceus|Arceus|100\/100\n|switch|p2a: Zacian|Zacian-Crowned|100\/100\n|-ability|p2a: Zacian|Intrepid Sword|boost\n|-boost|p2a: Zacian|atk|1\n|turn|1\n|\n|t:|1700931280\n|move|p2a: Zacian|Behemoth Blade|p1a: Arceus\n|-damage|p1a: Arceus|39\/100\n|move|p1a: Arceus|Flamethrower|p2a: Zacian\n|-supereffective|p2a: Zacian\n|-damage|p2a: Zacian|53\/100\n|\n|upkeep\n|turn|2\n|\n|t:|1700931288\n|switch|p1a: Groudon|Groudon|100\/100\n|-weather|SunnyDay|[from] ability: Drought|[of] p1a: Groudon\n|move|p2a: Zacian|Behemoth Blade|p1a: Groudon\n|-damage|p1a: Groudon|51\/100\n|\n|-weather|SunnyDay|[upkeep]\n|-heal|p1a: Groudon|58\/100|[from] item: Leftovers\n|upkeep\n|turn|3\n|\n|t:|1700931302\n|switch|p2a: Calyrex|Calyrex-Shadow|100\/100\n|-ability|p2a: Calyrex|As One\n|-ability|p2a: Calyrex|Unnerve\n|move|p1a: Groudon|Earthquake|p2a: Calyrex\n|-damage|p2a: Calyrex|28\/100\n|\n|-weather|SunnyDay|[upkeep]\n|-heal|p1a: Groudon|64\/100|[from] item: Leftovers\n|upkeep\n|turn|4\n|\n|t:|1700931320\n|move|p2a: Calyrex|Astral Barrage|p1a: Groudon\n|-damage|p1a: Groudon|0 fnt\n|faint|p1a: Groudon\n|-ability|p2a: Calyrex|Grim Neigh|boost\n|-boost|p2a: Calyrex|spa|1\n|\n|-weather|SunnyDay|[upkeep]\n|upkeep\n|\n|t:|1700931328\n|switch|p1a: Rayquaza|Rayquaza|100\/100\n|-ability|p1a: Rayquaza|Air Lock\n|turn|5\n|\n|t:|1700931335\n|move|p2a: Calyrex|Astral Barrage|p1a: Rayquaza\n|-damage|p1a: Rayquaza|0 fnt\n|faint|p1a: Rayquaza\n|-ability|p2a: Calyrex|Grim Neigh|boost\n|-boost|p2a: Calyrex|spa|1\n|\n|-weather|SunnyDay|[upkeep]\n|upkeep\n|\n|t:|1700931342\n|switch|p1a: Garchomp|Garchomp, M|100\/100\n|turn|6\n|\n|t:|1700931346\n|move|p2a: Calyrex|Astral Barrage|p1a: Garchomp\n|-damage|p1a: Garchomp|0 fnt\n|faint|p1a: Garchomp\n|-ability|p2a: Calyrex|Grim Neigh|boost\n|-boost|p2a: Calyrex|spa|1\n|\n|-weather|none\n|upkeep\n|\n|t:|1700931353\n|switch|p1a: Arceus|Arceus|39\/100\n|turn|7\n|\n|t:|1700931360\n|switch|p2a: Zacian|Zacian-Crowned|53\/100\n|move|p1a: Arceus|Flamethrower|p2a: Zacian\n|-supereffective|p2a: Zacian\n|-damage|p2a: Zacian|3\/100\n|\n|upkeep\n|turn|8\n|\n|t:|1700931368\n|move|p2a: Zacian|Behemoth Blade|p1a: Arceus\n|-damage|p1a: Arceus|0 fnt\n|faint|p1a: Arceus\n|\n|upkeep\n|\n|t:|1700931374\n|switch|p1a: Dialga|Dialga-Origin|100\/100\n|-ability|p1a: Dialga|Pressure\n|turn|9\n|\n|t:|1700931380\n|move|p2a: Zacian|Play Rough|p1a: Dialga\n|-damage|p1a: Dialga|68\/100\n|move|p1a: Dialga|Draco Meteor|p2a: Zacian\n|-immune|p2a: Zacian\n|\n|upkeep\n|turn|10\n|\n|t:|1700931393\n|move|p2a: Zacian|Play Rough|p1a: Dialga\n|-damage|p1a: Dialga|40\/100\n|move|p1a: Dialga|Blizzard|p2a: Zacian\n|-resisted|p2a: Zacian\n|-damage|p2a: Zacian|0 fnt\n|faint|p2a: Zacian\n|\n|upkeep\n|\n|t:|1700931402\n|switch|p2a: Calyrex|Calyrex-Shadow|28\/100\n|-ability|p2a: Calyrex|As One\n|-ability|p2a: Calyrex|Unnerve\n|turn|11\n|\n|t:|1700931409\n|move|p2a: Calyrex|Astral Barrage|p1a: Dialga\n|-damage|p1a: Dialga|0 fnt\n|faint|p1a: Dialga\n|-ability|p2a: Calyrex|Grim Neigh|boost\n|-boost|p2a: Calyrex|spa|1\n|\n|upkeep\n|\n|t:|1700931429\n|switch|p1a: Giratina|Giratina-Origin|100\/100\n|turn|12\n|\n|t:|1700931439\n|-terastallize|p2a: Calyrex|Ghost\n|move|p2a: Calyrex|Astral Barrage|p1a: Giratina\n|-supereffective|p1a: Giratina\n|-damage|p1a: Giratina|0 fnt\n|faint|p1a: Giratina\n|\n|win|OmOhazards\n|raw|sam00242 0's rating: 1000 &rarr; <strong>1000<\/strong><br \/>(+0 for losing)\n|raw|OmOhazards's rating: 1144 &rarr; <strong>1159<\/strong><br \/>(+15 for winning)\n|l|\u2606sam00242 0\n","uploadtime":1700931453,"views":1,"p1id":"sam002420","p2id":"omohazards","formatid":"gen9anythinggoes","rating":1000,"private":0,"password":""}