{"id":"gen9anythinggoes-1990919344","p1":"CroaterCroater","p2":"Kotalee","format":"[Gen 9] Anything Goes","log":"|j|\u2606CroaterCroater\n|j|\u2606Kotalee\n|t:|1700015139\n|gametype|singles\n|player|p1|CroaterCroater|backers|\n|player|p2|Kotalee|swimmer|\n|teamsize|p1|6\n|teamsize|p2|6\n|gen|9\n|tier|[Gen 9] Anything Goes\n|rule|HP Percentage Mod: HP is shown in percentages\n|rule|Endless Battle Clause: Forcing endless battles is banned\n|clearpoke\n|poke|p1|Dragonite, M|\n|poke|p1|Cinderace, M|\n|poke|p1|Meowscarada, F|\n|poke|p1|Venomoth, F|\n|poke|p1|Greninja-*, M|\n|poke|p1|Arcanine-Hisui, M|\n|poke|p2|Weezing-Galar, F|\n|poke|p2|Armarouge, F|\n|poke|p2|Manaphy|\n|poke|p2|Articuno|\n|poke|p2|Hydreigon, M|\n|poke|p2|Okidogi, M|\n|teampreview\n|\n|t:|1700015152\n|start\n|switch|p1a: Norm|Venomoth, F|100\/100\n|switch|p2a: Hydreigon|Hydreigon, M|100\/100\n|turn|1\n|\n|t:|1700015165\n|move|p2a: Hydreigon|Draco Meteor|p1a: Norm\n|-damage|p1a: Norm|0 fnt\n|-unboost|p2a: Hydreigon|spa|2\n|faint|p1a: Norm\n|\n|upkeep\n|\n|t:|1700015174\n|switch|p1a: Drag Queen|Dragonite, M|100\/100\n|turn|2\n|\n|t:|1700015189\n|switch|p2a: Weezing|Weezing-Galar, F|100\/100\n|move|p1a: Drag Queen|Dragon Claw|p2a: Weezing\n|-immune|p2a: Weezing\n|\n|upkeep\n|turn|3\n|\n|t:|1700015208\n|move|p1a: Drag Queen|Earthquake|p2a: Weezing\n|-immune|p2a: Weezing|[from] ability: Levitate\n|move|p2a: Weezing|Will-O-Wisp|p1a: Drag Queen\n|-status|p1a: Drag Queen|brn\n|\n|-damage|p1a: Drag Queen|94\/100 brn|[from] brn\n|upkeep\n|turn|4\n|\n|t:|1700015259\n|switch|p1a: Lava Dog|Arcanine-Hisui, M|100\/100\n|move|p2a: Weezing|Strange Steam|p1a: Lava Dog\n|-resisted|p1a: Lava Dog\n|-damage|p1a: Lava Dog|83\/100\n|-start|p1a: Lava Dog|confusion\n|\n|upkeep\n|turn|5\n|\n|t:|1700015294\n|-activate|p1a: Lava Dog|confusion\n|move|p1a: Lava Dog|Close Combat|p2a: Weezing\n|-resisted|p2a: Weezing\n|-damage|p2a: Weezing|92\/100\n|-unboost|p1a: Lava Dog|def|1\n|-unboost|p1a: Lava Dog|spd|1\n|-damage|p1a: Lava Dog|66\/100|[from] item: Rocky Helmet|[of] p2a: Weezing\n|move|p2a: Weezing|Explosion|p1a: Lava Dog\n|-resisted|p1a: Lava Dog\n|-damage|p1a: Lava Dog|18\/100\n|faint|p2a: Weezing\n|\n|upkeep\n|\n|t:|1700015373\n|switch|p2a: Manaphy|Manaphy|100\/100\n|turn|6\n|\n|t:|1700015382\n|switch|p1a: Pussimon|Meowscarada, F|100\/100\n|move|p2a: Manaphy|Tail Glow|p2a: Manaphy\n|-boost|p2a: Manaphy|spa|3\n|\n|upkeep\n|turn|7\n|\n|t:|1700015401\n|move|p1a: Pussimon|Flower Trick|p2a: Manaphy\n|-start|p1a: Pussimon|typechange|Grass|[from] ability: Protean\n|-supereffective|p2a: Manaphy\n|-crit|p2a: Manaphy\n|-enditem|p2a: Manaphy|Focus Sash\n|-damage|p2a: Manaphy|1\/100\n|move|p2a: Manaphy|Dazzling Gleam|p1a: Pussimon\n|-damage|p1a: Pussimon|34\/100\n|\n|upkeep\n|turn|8\n|\n|t:|1700015459\n|move|p1a: Pussimon|Flower Trick|p2a: Manaphy\n|-supereffective|p2a: Manaphy\n|-crit|p2a: Manaphy\n|-damage|p2a: Manaphy|0 fnt\n|faint|p2a: Manaphy\n|\n|upkeep\n|\n|t:|1700015484\n|switch|p2a: Articuno|Articuno|100\/100\n|-ability|p2a: Articuno|Pressure\n|turn|9\n|\n|t:|1700015494\n|switch|p1a: Fire Mommy|Cinderace, M|100\/100\n|move|p2a: Articuno|Freeze-Dry|p1a: Fire Mommy\n|-resisted|p1a: Fire Mommy\n|-damage|p1a: Fire Mommy|84\/100\n|\n|upkeep\n|turn|10\n|\n|t:|1700015502\n|switch|p2a: Armarouge|Armarouge, F|100\/100\n|move|p1a: Fire Mommy|Pyro Ball|p2a: Armarouge\n|-start|p2a: Armarouge|ability: Flash Fire\n|\n|upkeep\n|turn|11\n|\n|t:|1700015519\n|move|p2a: Armarouge|Protect|p2a: Armarouge\n|-singleturn|p2a: Armarouge|Protect\n|move|p1a: Fire Mommy|U-turn|p2a: Armarouge\n|-activate|p2a: Armarouge|move: Protect\n|\n|upkeep\n|turn|12\n|\n|t:|1700015553\n|move|p1a: Fire Mommy|U-turn|p2a: Armarouge\n|-damage|p2a: Armarouge|81\/100\n|\n|t:|1700015557\n|switch|p1a: Smooth Brain|Greninja, M|100\/100|[from] U-turn\n|move|p2a: Armarouge|Focus Blast|p1a: Smooth Brain\n|-supereffective|p1a: Smooth Brain\n|-damage|p1a: Smooth Brain|0 fnt\n|faint|p1a: Smooth Brain\n|\n|upkeep\n|\n|t:|1700015576\n|switch|p1a: Lava Dog|Arcanine-Hisui, M|18\/100\n|turn|13\n|\n|t:|1700015594\n|move|p2a: Armarouge|Protect|p2a: Armarouge\n|-singleturn|p2a: Armarouge|Protect\n|move|p1a: Lava Dog|Head Smash|p2a: Armarouge\n|-activate|p2a: Armarouge|move: Protect\n|\n|upkeep\n|turn|14\n|\n|t:|1700015646\n|-end|p2a: Armarouge|ability: Flash Fire|[silent]\n|switch|p2a: Okidogi|Okidogi, M|100\/100\n|move|p1a: Lava Dog|Head Smash|p2a: Okidogi\n|-resisted|p2a: Okidogi\n|-crit|p2a: Okidogi\n|-damage|p2a: Okidogi|56\/100\n|\n|-heal|p2a: Okidogi|62\/100|[from] item: Leftovers\n|upkeep\n|turn|15\n|\n|t:|1700015686\n|move|p1a: Lava Dog|Head Smash|p2a: Okidogi|[miss]\n|-miss|p1a: Lava Dog|p2a: Okidogi\n|move|p2a: Okidogi|Gunk Shot|p1a: Lava Dog\n|-resisted|p1a: Lava Dog\n|-damage|p1a: Lava Dog|0 fnt\n|faint|p1a: Lava Dog\n|\n|-heal|p2a: Okidogi|68\/100|[from] item: Leftovers\n|upkeep\n|\n|t:|1700015697\n|switch|p1a: Fire Mommy|Cinderace, M|84\/100\n|turn|16\n|\n|t:|1700015707\n|switch|p2a: Armarouge|Armarouge, F|81\/100\n|move|p1a: Fire Mommy|Acrobatics|p2a: Armarouge\n|-damage|p2a: Armarouge|66\/100\n|\n|upkeep\n|turn|17\n|\n|t:|1700015715\n|move|p1a: Fire Mommy|U-turn|p2a: Armarouge\n|-damage|p2a: Armarouge|45\/100\n|\n|t:|1700015718\n|switch|p1a: Drag Queen|Dragonite, M|94\/100 brn|[from] U-turn\n|move|p2a: Armarouge|Focus Blast|p1a: Drag Queen\n|-resisted|p1a: Drag Queen\n|-damage|p1a: Drag Queen|75\/100 brn\n|\n|-damage|p1a: Drag Queen|69\/100 brn|[from] brn\n|upkeep\n|turn|18\n|\n|t:|1700015732\n|switch|p2a: Articuno|Articuno|100\/100\n|-ability|p2a: Articuno|Pressure\n|move|p1a: Drag Queen|Earthquake|p2a: Articuno\n|-immune|p2a: Articuno\n|\n|-damage|p1a: Drag Queen|63\/100 brn|[from] brn\n|upkeep\n|turn|19\n|l|\u2606CroaterCroater\n|player|p1|\n|j|\u2606CroaterCroater\n|player|p1|CroaterCroater|backers\n|\n|t:|1700015775\n|move|p2a: Articuno|Light Screen|p2a: Articuno\n|-sidestart|p2: Kotalee|move: Light Screen\n|move|p1a: Drag Queen|Roost|p1a: Drag Queen\n|-heal|p1a: Drag Queen|100\/100 brn\n|-singleturn|p1a: Drag Queen|move: Roost\n|\n|-damage|p1a: Drag Queen|94\/100 brn|[from] brn\n|upkeep\n|turn|20\n|\n|t:|1700015782\n|switch|p1a: Fire Mommy|Cinderace, M|84\/100\n|move|p2a: Articuno|Freeze-Dry|p1a: Fire Mommy\n|-resisted|p1a: Fire Mommy\n|-damage|p1a: Fire Mommy|66\/100\n|\n|upkeep\n|turn|21\n|\n|t:|1700015823\n|switch|p2a: Armarouge|Armarouge, F|45\/100\n|move|p1a: Fire Mommy|Pyro Ball|p2a: Armarouge\n|-start|p2a: Armarouge|ability: Flash Fire\n|\n|upkeep\n|turn|22\n|\n|t:|1700015830\n|move|p1a: Fire Mommy|U-turn|p2a: Armarouge\n|-damage|p2a: Armarouge|26\/100\n|\n|t:|1700015834\n|switch|p1a: Drag Queen|Dragonite, M|94\/100 brn|[from] U-turn\n|move|p2a: Armarouge|Focus Blast|p1a: Drag Queen|[miss]\n|-miss|p2a: Armarouge|p1a: Drag Queen\n|\n|-damage|p1a: Drag Queen|88\/100 brn|[from] brn\n|upkeep\n|turn|23\n|\n|t:|1700015852\n|move|p2a: Armarouge|Protect|p2a: Armarouge\n|-singleturn|p2a: Armarouge|Protect\n|move|p1a: Drag Queen|Earthquake|p2a: Armarouge\n|-activate|p2a: Armarouge|move: Protect\n|\n|-damage|p1a: Drag Queen|82\/100 brn|[from] brn\n|upkeep\n|turn|24\n|\n|t:|1700015860\n|-end|p2a: Armarouge|ability: Flash Fire|[silent]\n|switch|p2a: Articuno|Articuno|100\/100\n|-ability|p2a: Articuno|Pressure\n|move|p1a: Drag Queen|Earthquake|p2a: Articuno\n|-immune|p2a: Articuno\n|\n|-damage|p1a: Drag Queen|76\/100 brn|[from] brn\n|upkeep\n|turn|25\n|\n|t:|1700015868\n|move|p2a: Articuno|Freeze-Dry|p1a: Drag Queen\n|-supereffective|p1a: Drag Queen\n|-damage|p1a: Drag Queen|0 fnt\n|faint|p1a: Drag Queen\n|\n|upkeep\n|\n|t:|1700015873\n|switch|p1a: Fire Mommy|Cinderace, M|66\/100\n|turn|26\n|\n|t:|1700015896\n|switch|p2a: Armarouge|Armarouge, F|26\/100\n|move|p1a: Fire Mommy|Pyro Ball|p2a: Armarouge\n|-start|p2a: Armarouge|ability: Flash Fire\n|\n|-sideend|p2: Kotalee|move: Light Screen\n|upkeep\n|turn|27\n|\n|t:|1700015902\n|move|p2a: Armarouge|Protect|p2a: Armarouge\n|-singleturn|p2a: Armarouge|Protect\n|move|p1a: Fire Mommy|U-turn|p2a: Armarouge\n|-activate|p2a: Armarouge|move: Protect\n|\n|upkeep\n|turn|28\n|\n|t:|1700015921\n|move|p1a: Fire Mommy|U-turn|p2a: Armarouge\n|-damage|p2a: Armarouge|6\/100\n|\n|t:|1700015923\n|switch|p1a: Pussimon|Meowscarada, F|34\/100|[from] U-turn\n|move|p2a: Armarouge|Focus Blast|p1a: Pussimon\n|-supereffective|p1a: Pussimon\n|-damage|p1a: Pussimon|0 fnt\n|faint|p1a: Pussimon\n|\n|upkeep\n|\n|t:|1700015938\n|switch|p1a: Fire Mommy|Cinderace, M|66\/100\n|turn|29\n|\n|t:|1700015976\n|-end|p2a: Armarouge|ability: Flash Fire|[silent]\n|switch|p2a: Okidogi|Okidogi, M|68\/100\n|move|p1a: Fire Mommy|Bulk Up|p1a: Fire Mommy\n|-boost|p1a: Fire Mommy|atk|1\n|-boost|p1a: Fire Mommy|def|1\n|\n|-heal|p2a: Okidogi|74\/100|[from] item: Leftovers\n|upkeep\n|turn|30\n|\n|t:|1700015983\n|move|p1a: Fire Mommy|Pyro Ball|p2a: Okidogi|[miss]\n|-miss|p1a: Fire Mommy|p2a: Okidogi\n|move|p2a: Okidogi|Substitute|p2a: Okidogi\n|-start|p2a: Okidogi|Substitute\n|-damage|p2a: Okidogi|49\/100\n|\n|-heal|p2a: Okidogi|55\/100|[from] item: Leftovers\n|upkeep\n|turn|31\n|\n|t:|1700016010\n|-singleturn|p2a: Okidogi|move: Focus Punch\n|move|p1a: Fire Mommy|Pyro Ball|p2a: Okidogi\n|-end|p2a: Okidogi|Substitute\n|move|p2a: Okidogi|Focus Punch|p1a: Fire Mommy\n|-damage|p1a: Fire Mommy|4\/100\n|-damage|p2a: Okidogi|39\/100|[from] item: Rocky Helmet|[of] p1a: Fire Mommy\n|\n|-heal|p2a: Okidogi|45\/100|[from] item: Leftovers\n|upkeep\n|turn|32\n|\n|t:|1700016022\n|move|p2a: Okidogi|Protect|p2a: Okidogi\n|-singleturn|p2a: Okidogi|Protect\n|move|p1a: Fire Mommy|Pyro Ball|p2a: Okidogi\n|-activate|p2a: Okidogi|move: Protect\n|\n|-heal|p2a: Okidogi|51\/100|[from] item: Leftovers\n|upkeep\n|turn|33\n|\n|t:|1700016041\n|move|p1a: Fire Mommy|Pyro Ball|p2a: Okidogi\n|-damage|p2a: Okidogi|0 fnt\n|faint|p2a: Okidogi\n|\n|upkeep\n|\n|t:|1700016048\n|switch|p2a: Hydreigon|Hydreigon, M|100\/100\n|turn|34\n|\n|t:|1700016051\n|move|p1a: Fire Mommy|U-turn|p2a: Hydreigon\n|-supereffective|p2a: Hydreigon\n|-damage|p2a: Hydreigon|38\/100\n|move|p2a: Hydreigon|Draco Meteor|p1a: Fire Mommy\n|-damage|p1a: Fire Mommy|0 fnt\n|-unboost|p2a: Hydreigon|spa|2\n|faint|p1a: Fire Mommy\n|\n|win|Kotalee\n","uploadtime":1700016083,"views":5,"p1id":"croatercroater","p2id":"kotalee","formatid":"gen9anythinggoes","rating":0,"private":0,"password":""}