{"id":"gen9anythinggoes-1980860838","p1":"fodzjdlzbdyt!","p2":"Glaceran","format":"[Gen 9] Anything Goes","log":"|j|\u2606fodzjdlzbdyt!\n|j|\u2606Glaceran\n|t:|1698843368\n|gametype|singles\n|player|p1|fodzjdlzbdyt!|crasherwake|1442\n|player|p2|Glaceran|wally-gen3|1572\n|teamsize|p1|6\n|teamsize|p2|6\n|gen|9\n|tier|[Gen 9] Anything Goes\n|rated|\n|rule|HP Percentage Mod: HP is shown in percentages\n|rule|Endless Battle Clause: Forcing endless battles is banned\n|clearpoke\n|poke|p1|Corviknight, F|\n|poke|p1|Garganacl, F|\n|poke|p1|Clodsire, M|\n|poke|p1|Arceus|\n|poke|p1|Eternatus|\n|poke|p1|Calyrex-Shadow|\n|poke|p2|Ceruledge, F|\n|poke|p2|Calyrex-Shadow|\n|poke|p2|Baxcalibur, M|\n|poke|p2|Skeledirge, M|\n|poke|p2|Corviknight, M|\n|poke|p2|Cyclizar, F|\n|teampreview\n|inactive|Battle timer is ON: inactive players will automatically lose when time's up. (requested by fodzjdlzbdyt!)\n|inactive|fodzjdlzbdyt! has 120 seconds left.\n|\n|t:|1698843410\n|start\n|switch|p1a: Eternatus|Eternatus|100\/100\n|switch|p2a: Cyclizar|Cyclizar, F|100\/100\n|-ability|p1a: Eternatus|Pressure\n|turn|1\n|\n|t:|1698843416\n|move|p2a: Cyclizar|Shed Tail|p2a: Cyclizar\n|-start|p2a: Cyclizar|Substitute|[from] move: Shed Tail\n|-damage|p2a: Cyclizar|50\/100\n|\n|t:|1698843423\n|switch|p2a: Corviknight|Corviknight, M|100\/100|[from] Shed Tail\n|-ability|p2a: Corviknight|Pressure\n|move|p1a: Eternatus|Cosmic Power|p1a: Eternatus\n|-boost|p1a: Eternatus|def|1\n|-boost|p1a: Eternatus|spd|1\n|\n|upkeep\n|turn|2\n|\n|t:|1698843431\n|move|p1a: Eternatus|Flamethrower|p2a: Corviknight\n|-supereffective|p2a: Corviknight\n|-end|p2a: Corviknight|Substitute\n|move|p2a: Corviknight|U-turn|p1a: Eternatus\n|-resisted|p1a: Eternatus\n|-damage|p1a: Eternatus|97\/100\n|\n|t:|1698843439\n|switch|p2a: Skeledirge|Skeledirge, M|100\/100|[from] U-turn\n|\n|-heal|p1a: Eternatus|100\/100|[from] item: Leftovers\n|upkeep\n|turn|3\n|\n|t:|1698843458\n|move|p1a: Eternatus|Toxic|p2a: Skeledirge\n|-status|p2a: Skeledirge|tox\n|move|p2a: Skeledirge|Sing|p1a: Eternatus\n|-status|p1a: Eternatus|slp|[from] move: Sing\n|\n|-damage|p2a: Skeledirge|94\/100 tox|[from] psn\n|upkeep\n|turn|4\n|\n|t:|1698843468\n|switch|p2a: Cyclizar|Cyclizar, F|83\/100\n|cant|p1a: Eternatus|slp\n|\n|upkeep\n|turn|5\n|\n|t:|1698843477\n|move|p2a: Cyclizar|Shed Tail|p2a: Cyclizar\n|-start|p2a: Cyclizar|Substitute|[from] move: Shed Tail\n|-damage|p2a: Cyclizar|33\/100\n|\n|t:|1698843484\n|switch|p2a: Calyrex|Calyrex-Shadow|100\/100|[from] Shed Tail\n|-ability|p2a: Calyrex|As One\n|-ability|p2a: Calyrex|Unnerve\n|cant|p1a: Eternatus|slp\n|\n|upkeep\n|turn|6\n|\n|t:|1698843512\n|switch|p1a: Arceus|Arceus, shiny|100\/100\n|move|p2a: Calyrex|Psyshock|p1a: Arceus\n|-damage|p1a: Arceus|69\/100\n|\n|-heal|p1a: Arceus|75\/100|[from] item: Leftovers\n|upkeep\n|turn|7\n|\n|t:|1698843517\n|move|p2a: Calyrex|Psyshock|p1a: Arceus\n|-damage|p1a: Arceus|45\/100\n|move|p1a: Arceus|Earthquake|p2a: Calyrex\n|-end|p2a: Calyrex|Substitute\n|\n|-heal|p1a: Arceus|51\/100|[from] item: Leftovers\n|upkeep\n|turn|8\n|\n|t:|1698843540\n|move|p2a: Calyrex|Psyshock|p1a: Arceus\n|-damage|p1a: Arceus|16\/100\n|move|p1a: Arceus|Recover|p1a: Arceus\n|-heal|p1a: Arceus|66\/100\n|\n|-heal|p1a: Arceus|72\/100|[from] item: Leftovers\n|upkeep\n|turn|9\n|\n|t:|1698843548\n|switch|p2a: Ceruledge|Ceruledge, F|100\/100\n|move|p1a: Arceus|Recover|p1a: Arceus\n|-heal|p1a: Arceus|100\/100\n|\n|upkeep\n|turn|10\n|\n|t:|1698843555\n|switch|p1a: Garganacl|Garganacl, F, shiny|100\/100\n|move|p2a: Ceruledge|Swords Dance|p2a: Ceruledge\n|-boost|p2a: Ceruledge|atk|2\n|\n|upkeep\n|turn|11\n|\n|t:|1698843570\n|-terastallize|p2a: Ceruledge|Fighting\n|move|p2a: Ceruledge|Close Combat|p1a: Garganacl\n|-supereffective|p1a: Garganacl\n|-damage|p1a: Garganacl|0 fnt\n|-unboost|p2a: Ceruledge|def|1\n|-unboost|p2a: Ceruledge|spd|1\n|faint|p1a: Garganacl\n|\n|upkeep\n|\n|t:|1698843586\n|switch|p1a: Eternatus|Eternatus|100\/100 slp\n|-ability|p1a: Eternatus|Pressure\n|turn|12\n|\n|t:|1698843591\n|move|p2a: Ceruledge|Shadow Sneak|p1a: Eternatus\n|-damage|p1a: Eternatus|70\/100 slp\n|cant|p1a: Eternatus|slp\n|\n|-heal|p1a: Eternatus|76\/100 slp|[from] item: Leftovers\n|upkeep\n|turn|13\n|\n|t:|1698843621\n|move|p2a: Ceruledge|Shadow Sneak|p1a: Eternatus\n|-damage|p1a: Eternatus|49\/100 slp\n|-curestatus|p1a: Eternatus|slp|[msg]\n|move|p1a: Eternatus|Cosmic Power|p1a: Eternatus\n|-boost|p1a: Eternatus|def|1\n|-boost|p1a: Eternatus|spd|1\n|\n|-heal|p1a: Eternatus|55\/100|[from] item: Leftovers\n|upkeep\n|turn|14\n|\n|t:|1698843629\n|switch|p2a: Baxcalibur|Baxcalibur, M|100\/100\n|move|p1a: Eternatus|Cosmic Power|p1a: Eternatus\n|-boost|p1a: Eternatus|def|1\n|-boost|p1a: Eternatus|spd|1\n|\n|-heal|p1a: Eternatus|61\/100|[from] item: Leftovers\n|upkeep\n|turn|15\n|\n|t:|1698843634\n|move|p1a: Eternatus|Toxic|p2a: Baxcalibur\n|-status|p2a: Baxcalibur|tox\n|move|p2a: Baxcalibur|Scale Shot|p1a: Eternatus\n|-supereffective|p1a: Eternatus\n|-damage|p1a: Eternatus|49\/100\n|-supereffective|p1a: Eternatus\n|-damage|p1a: Eternatus|39\/100\n|-supereffective|p1a: Eternatus\n|-damage|p1a: Eternatus|28\/100\n|-supereffective|p1a: Eternatus\n|-damage|p1a: Eternatus|17\/100\n|-supereffective|p1a: Eternatus\n|-damage|p1a: Eternatus|6\/100\n|-hitcount|p1a: Eternatus|5\n|-unboost|p2a: Baxcalibur|def|1\n|-boost|p2a: Baxcalibur|spe|1\n|\n|-heal|p1a: Eternatus|12\/100|[from] item: Leftovers\n|-damage|p2a: Baxcalibur|94\/100 tox|[from] psn\n|upkeep\n|turn|16\n|\n|t:|1698843647\n|move|p2a: Baxcalibur|Swords Dance|p2a: Baxcalibur\n|-boost|p2a: Baxcalibur|atk|2\n|move|p1a: Eternatus|Recover|p1a: Eternatus\n|-heal|p1a: Eternatus|62\/100\n|\n|-heal|p1a: Eternatus|68\/100|[from] item: Leftovers\n|-damage|p2a: Baxcalibur|82\/100 tox|[from] psn\n|upkeep\n|turn|17\n|\n|t:|1698843663\n|switch|p1a: Corviknight|Corviknight, F, shiny|100\/100\n|-ability|p1a: Corviknight|Pressure\n|move|p2a: Baxcalibur|Icicle Spear|p1a: Corviknight\n|-damage|p1a: Corviknight|82\/100\n|-damage|p1a: Corviknight|64\/100\n|-damage|p1a: Corviknight|47\/100\n|-damage|p1a: Corviknight|30\/100\n|-hitcount|p1a: Corviknight|4\n|\n|-damage|p2a: Baxcalibur|63\/100 tox|[from] psn\n|upkeep\n|turn|18\n|\n|t:|1698843675\n|move|p2a: Baxcalibur|Scale Shot|p1a: Corviknight\n|-resisted|p1a: Corviknight\n|-damage|p1a: Corviknight|22\/100\n|-resisted|p1a: Corviknight\n|-damage|p1a: Corviknight|13\/100\n|-resisted|p1a: Corviknight\n|-damage|p1a: Corviknight|4\/100\n|-resisted|p1a: Corviknight\n|-damage|p1a: Corviknight|0 fnt\n|faint|p1a: Corviknight\n|-hitcount|p1: Corviknight|4\n|-unboost|p2a: Baxcalibur|def|1\n|-boost|p2a: Baxcalibur|spe|1\n|\n|-damage|p2a: Baxcalibur|39\/100 tox|[from] psn\n|upkeep\n|\n|t:|1698843697\n|switch|p1a: Arceus|Arceus, shiny|100\/100\n|turn|19\n|\n|t:|1698843700\n|switch|p2a: Ceruledge|Ceruledge, F, tera:Fighting|100\/100\n|move|p1a: Arceus|Extreme Speed|p2a: Ceruledge\n|-damage|p2a: Ceruledge|42\/100\n|-ability|p2a: Ceruledge|Weak Armor|boost\n|-unboost|p2a: Ceruledge|def|1\n|-boost|p2a: Ceruledge|spe|2\n|\n|upkeep\n|turn|20\n|\n|t:|1698843706\n|switch|p2a: Corviknight|Corviknight, M|100\/100\n|-ability|p2a: Corviknight|Pressure\n|move|p1a: Arceus|Extreme Speed|p2a: Corviknight\n|-resisted|p2a: Corviknight\n|-damage|p2a: Corviknight|85\/100\n|\n|-heal|p2a: Corviknight|92\/100|[from] item: Leftovers\n|upkeep\n|turn|21\n|\n|t:|1698843716\n|move|p1a: Arceus|Swords Dance|p1a: Arceus\n|-boost|p1a: Arceus|atk|2\n|move|p2a: Corviknight|U-turn|p1a: Arceus\n|-damage|p1a: Arceus|90\/100\n|\n|t:|1698843720\n|switch|p2a: Skeledirge|Skeledirge, M|94\/100 tox|[from] U-turn\n|\n|-heal|p1a: Arceus|96\/100|[from] item: Leftovers\n|-damage|p2a: Skeledirge|88\/100 tox|[from] psn\n|upkeep\n|turn|22\n|\n|t:|1698843727\n|move|p1a: Arceus|Earthquake|p2a: Skeledirge\n|-supereffective|p2a: Skeledirge\n|-damage|p2a: Skeledirge|43\/100 tox\n|move|p2a: Skeledirge|Sing|p1a: Arceus\n|-status|p1a: Arceus|slp|[from] move: Sing\n|\n|-heal|p1a: Arceus|100\/100 slp|[from] item: Leftovers\n|-damage|p2a: Skeledirge|31\/100 tox|[from] psn\n|upkeep\n|turn|23\n|\n|t:|1698843733\n|cant|p1a: Arceus|slp\n|move|p2a: Skeledirge|Torch Song|p1a: Arceus\n|-damage|p1a: Arceus|80\/100 slp\n|-boost|p2a: Skeledirge|spa|1\n|\n|-heal|p1a: Arceus|86\/100 slp|[from] item: Leftovers\n|-damage|p2a: Skeledirge|13\/100 tox|[from] psn\n|upkeep\n|turn|24\n|\n|t:|1698843743\n|cant|p1a: Arceus|slp\n|move|p2a: Skeledirge|Torch Song|p1a: Arceus\n|-damage|p1a: Arceus|54\/100 slp\n|-boost|p2a: Skeledirge|spa|1\n|\n|-heal|p1a: Arceus|60\/100 slp|[from] item: Leftovers\n|-damage|p2a: Skeledirge|0 fnt|[from] psn\n|faint|p2a: Skeledirge\n|upkeep\n|\n|t:|1698843748\n|switch|p2a: Cyclizar|Cyclizar, F|66\/100\n|turn|25\n|\n|t:|1698843750\n|cant|p1a: Arceus|slp\n|move|p2a: Cyclizar|Shed Tail|p2a: Cyclizar\n|-start|p2a: Cyclizar|Substitute|[from] move: Shed Tail\n|-damage|p2a: Cyclizar|16\/100\n|\n|t:|1698843759\n|switch|p2a: Ceruledge|Ceruledge, F, tera:Fighting|42\/100|[from] Shed Tail\n|\n|-heal|p1a: Arceus|66\/100 slp|[from] item: Leftovers\n|upkeep\n|turn|26\n|\n|t:|1698843768\n|move|p2a: Ceruledge|Close Combat|p1a: Arceus\n|-supereffective|p1a: Arceus\n|-damage|p1a: Arceus|0 fnt\n|-unboost|p2a: Ceruledge|def|1\n|-unboost|p2a: Ceruledge|spd|1\n|faint|p1a: Arceus\n|\n|upkeep\n|\n|t:|1698843778\n|switch|p1a: Clodsire|Clodsire, M|100\/100\n|turn|27\n|\n|t:|1698843782\n|move|p2a: Ceruledge|Bitter Blade|p1a: Clodsire\n|-damage|p1a: Clodsire|51\/100\n|-heal|p2a: Ceruledge|82\/100|[from] drain|[of] p1a: Clodsire\n|move|p1a: Clodsire|Earthquake|p2a: Ceruledge\n|-end|p2a: Ceruledge|Substitute\n|\n|-heal|p1a: Clodsire|58\/100|[from] item: Leftovers\n|upkeep\n|turn|28\n|\n|t:|1698843787\n|move|p2a: Ceruledge|Bitter Blade|p1a: Clodsire\n|-damage|p1a: Clodsire|8\/100\n|-heal|p2a: Ceruledge|100\/100|[from] drain|[of] p1a: Clodsire\n|move|p1a: Clodsire|Earthquake|p2a: Ceruledge\n|-damage|p2a: Ceruledge|43\/100\n|-ability|p2a: Ceruledge|Weak Armor|boost\n|-unboost|p2a: Ceruledge|def|1\n|-boost|p2a: Ceruledge|spe|2\n|\n|-heal|p1a: Clodsire|15\/100|[from] item: Leftovers\n|upkeep\n|turn|29\n|\n|t:|1698843794\n|move|p2a: Ceruledge|Swords Dance|p2a: Ceruledge\n|-boost|p2a: Ceruledge|atk|2\n|move|p1a: Clodsire|Recover|p1a: Clodsire\n|-heal|p1a: Clodsire|65\/100\n|\n|-heal|p1a: Clodsire|71\/100|[from] item: Leftovers\n|upkeep\n|turn|30\n|\n|t:|1698843797\n|move|p2a: Ceruledge|Bitter Blade|p1a: Clodsire\n|-damage|p1a: Clodsire|0 fnt\n|-heal|p2a: Ceruledge|99\/100|[from] drain|[of] p1a: Clodsire\n|faint|p1a: Clodsire\n|\n|upkeep\n|\n|t:|1698843801\n|switch|p1a: Calyrex|Calyrex-Shadow|100\/100\n|-ability|p1a: Calyrex|As One\n|-ability|p1a: Calyrex|Unnerve\n|turn|31\n|\n|t:|1698843805\n|move|p2a: Ceruledge|Bitter Blade|p1a: Calyrex\n|-enditem|p1a: Calyrex|Focus Sash\n|-damage|p1a: Calyrex|1\/100\n|-heal|p2a: Ceruledge|100\/100|[from] drain|[of] p1a: Calyrex\n|move|p1a: Calyrex|Psyshock|p2a: Ceruledge\n|-supereffective|p2a: Ceruledge\n|-enditem|p2a: Ceruledge|Focus Sash\n|-damage|p2a: Ceruledge|1\/100\n|\n|upkeep\n|turn|32\n|\n|t:|1698843815\n|move|p2a: Ceruledge|Bitter Blade|p1a: Calyrex\n|-damage|p1a: Calyrex|0 fnt\n|-heal|p2a: Ceruledge|1\/100|[from] drain|[of] p1a: Calyrex\n|faint|p1a: Calyrex\n|\n|upkeep\n|-message|fodzjdlzbdyt! forfeited.\n|\n|win|Glaceran\n|raw|fodzjdlzbdyt!'s rating: 1442 &rarr; <strong>1430<\/strong><br \/>(-12 for losing)\n|raw|Glaceran's rating: 1599 &rarr; <strong>1611<\/strong><br \/>(+12 for winning)\n|l|\u2606fodzjdlzbdyt!\n|j| STORM2384882\n|j| Marvynjunior\n|j| Truth N Ideals\n|j| myBgotmad\n|c| STORM2384882|Hey u\n|l| Marvynjunior\n|c| STORM2384882|How to share\n|j| whyrallnamesstolen\n|c| myBgotmad|copy the link\n|c| myBgotmad|they paste in lobby\n|c| STORM2384882|From where\n|c| whyrallnamesstolen|he was not him\n|l| whyrallnamesstolen\n|l| STORM2384882\n|l| myBgotmad\n|l| Truth N Ideals\n","uploadtime":1698844160,"views":14,"p1id":"fodzjdlzbdyt","p2id":"glaceran","formatid":"gen9anythinggoes","rating":1430,"private":0,"password":""}