{"id":"gen9anythinggoes-1998764824","p1":"sumitvs138","p2":"laprasplayer","format":"[Gen 9] Anything Goes","log":"|j|\u2606sumitvs138\n|j|\u2606laprasplayer\n|inactive|Battle timer is ON: inactive players will automatically lose when time's up.\n|t:|1700986060\n|gametype|singles\n|player|p1|sumitvs138|youngcouple-gen4dp|\n|player|p2|laprasplayer|waitress-gen4|\n|teamsize|p1|6\n|teamsize|p2|6\n|gen|9\n|tier|[Gen 9] Anything Goes\n|rated|Tournament battle\n|rule|HP Percentage Mod: HP is shown in percentages\n|rule|Endless Battle Clause: Forcing endless battles is banned\n|clearpoke\n|poke|p1|Calyrex-Shadow|\n|poke|p1|Basculegion, M|\n|poke|p1|Iron Leaves|\n|poke|p1|Glimmora, M|\n|poke|p1|Arceus|\n|poke|p1|Miraidon|\n|poke|p2|Mandibuzz, F|\n|poke|p2|Gliscor, M|\n|poke|p2|Blissey, F|\n|poke|p2|Alomomola, M|\n|poke|p2|Clodsire, M|\n|poke|p2|Dondozo, F|\n|teampreview\n|\n|t:|1700986078\n|start\n|switch|p1a: Glimmora|Glimmora, M|100\/100\n|switch|p2a: Malevolent Shrine|Gliscor, M, shiny|100\/100\n|turn|1\n|\n|t:|1700986098\n|switch|p1a: Calyrex|Calyrex-Shadow|100\/100\n|-ability|p1a: Calyrex|As One\n|-ability|p1a: Calyrex|Unnerve\n|move|p2a: Malevolent Shrine|Knock Off|p1a: Calyrex\n|-supereffective|p1a: Calyrex\n|-damage|p1a: Calyrex|7\/100\n|-enditem|p1a: Calyrex|Choice Scarf|[from] move: Knock Off|[of] p2a: Malevolent Shrine\n|\n|-status|p2a: Malevolent Shrine|tox|[from] item: Toxic Orb\n|upkeep\n|turn|2\n|inactive|sumitvs138 has 120 seconds left.\n|\n|t:|1700986136\n|switch|p2a: Den of The Lost|Mandibuzz, F|100\/100\n|move|p1a: Calyrex|Astral Barrage|p2a: Den of The Lost\n|-resisted|p2a: Den of The Lost\n|-damage|p2a: Den of The Lost|79\/100\n|\n|upkeep\n|turn|3\n|\n|t:|1700986145\n|move|p1a: Calyrex|Draining Kiss|p2a: Den of The Lost\n|-supereffective|p2a: Den of The Lost\n|-damage|p2a: Den of The Lost|54\/100\n|-heal|p1a: Calyrex|30\/100|[from] drain|[of] p2a: Den of The Lost\n|move|p2a: Den of The Lost|Knock Off|p1a: Calyrex\n|-supereffective|p1a: Calyrex\n|-damage|p1a: Calyrex|0 fnt\n|faint|p1a: Calyrex\n|\n|upkeep\n|l|\u2606sumitvs138\n|inactive|sumitvs138 disconnected and has a minute to reconnect!\n|player|p1|\n|j|\u2606sumitvs138\n|inactive|sumitvs138 reconnected and has 110 seconds left.\n|player|p1|sumitvs138|youngcouple-gen4dp\n|inactive|sumitvs138 has 90 seconds left.\n|\n|t:|1700986182\n|switch|p1a: Arceus|Arceus|100\/100\n|turn|4\n|inactive|sumitvs138 has 90 seconds left.\n|\n|t:|1700986192\n|move|p1a: Arceus|Swords Dance|p1a: Arceus\n|-boost|p1a: Arceus|atk|2\n|move|p2a: Den of The Lost|Toxic|p1a: Arceus\n|-status|p1a: Arceus|tox\n|\n|-damage|p1a: Arceus|94\/100 tox|[from] psn\n|upkeep\n|turn|5\n|inactive|sumitvs138 has 90 seconds left.\n|\n|t:|1700986210\n|switch|p2a: Wishing Stars|Alomomola, M|100\/100\n|move|p1a: Arceus|Extreme Speed|p2a: Wishing Stars\n|-damage|p2a: Wishing Stars|46\/100\n|\n|-damage|p1a: Arceus|82\/100 tox|[from] psn\n|upkeep\n|turn|6\n|\n|t:|1700986219\n|switch|p2a: Only Chance|Dondozo, F|100\/100\n|move|p1a: Arceus|Extreme Speed|p2a: Only Chance\n|-damage|p2a: Only Chance|80\/100\n|\n|-damage|p1a: Arceus|64\/100 tox|[from] psn\n|upkeep\n|turn|7\n|inactive|sumitvs138 has 90 seconds left.\n|inactive|sumitvs138 has 60 seconds left.\n|\n|t:|1700986257\n|switch|p1a: Glimmora|Glimmora, M|100\/100\n|switch|p2a: Wishing Stars|Alomomola, M|79\/100\n|\n|upkeep\n|turn|8\n|j| ZowwyCafe\u2764\n|inactive|sumitvs138 has 60 seconds left.\n|c|\u2606sumitvs138|Ur heaven burning light right?\n|\n|t:|1700986273\n|switch|p2a: Malevolent Shrine|Gliscor, M, shiny|100\/100 tox\n|move|p1a: Glimmora|Toxic|p2a: Malevolent Shrine\n|-fail|p2a: Malevolent Shrine|tox\n|\n|upkeep\n|turn|9\n|c|\u2606laprasplayer|yeah i am\n|inactive|sumitvs138 has 60 seconds left.\n|\n|t:|1700986282\n|switch|p1a: Basculegion|Basculegion, M|100\/100\n|move|p2a: Malevolent Shrine|Knock Off|p1a: Basculegion\n|-supereffective|p1a: Basculegion\n|-damage|p1a: Basculegion|51\/100\n|-enditem|p1a: Basculegion|Choice Scarf|[from] move: Knock Off|[of] p2a: Malevolent Shrine\n|\n|upkeep\n|turn|10\n|c| ZowwyCafe\u2764|LOL\n|\n|t:|1700986291\n|switch|p2a: Wishing Stars|Alomomola, M|100\/100\n|move|p1a: Basculegion|Wave Crash|p2a: Wishing Stars\n|-resisted|p2a: Wishing Stars\n|-damage|p2a: Wishing Stars|82\/100\n|-damage|p1a: Basculegion|42\/100|[from] Recoil\n|\n|upkeep\n|turn|11\n|c| ZowwyCafe\u2764|no heavenburninglight got the team from lappy\n|inactive|sumitvs138 has 60 seconds left.\n|c|\u2606laprasplayer|bro\n|c|\u2606laprasplayer|dont tell em\n|c| ZowwyCafe\u2764|:polistare:\n|\n|t:|1700986314\n|switch|p1a: Glimmora|Glimmora, M|100\/100\n|move|p2a: Wishing Stars|Wish|p2a: Wishing Stars\n|\n|upkeep\n|turn|12\n|inactive|sumitvs138 has 60 seconds left.\n|j| B14z6\n|\n|t:|1700986323\n|switch|p1a: Basculegion|Basculegion, M|42\/100\n|switch|p2a: Den of The Lost|Mandibuzz, F|54\/100\n|\n|-heal|p2a: Den of The Lost|100\/100|[from] move: Wish|[wisher] Wishing Stars\n|upkeep\n|turn|13\n|\n|t:|1700986332\n|switch|p2a: Wishing Stars|Alomomola, M|100\/100\n|move|p1a: Basculegion|Wave Crash|p2a: Wishing Stars\n|-resisted|p2a: Wishing Stars\n|-damage|p2a: Wishing Stars|80\/100\n|-damage|p1a: Basculegion|33\/100|[from] Recoil\n|\n|upkeep\n|turn|14\n|inactive|sumitvs138 has 60 seconds left.\n|\n|t:|1700986353\n|move|p1a: Basculegion|Last Respects|p2a: Wishing Stars\n|-damage|p2a: Wishing Stars|50\/100\n|move|p2a: Wishing Stars|Wish|p2a: Wishing Stars\n|\n|upkeep\n|turn|15\n|inactive|sumitvs138 has 60 seconds left.\n|\n|t:|1700986366\n|switch|p1a: Miraidon|Miraidon|100\/100\n|-fieldstart|move: Electric Terrain|[from] ability: Hadron Engine|[of] p1a: Miraidon\n|move|p2a: Wishing Stars|Scald|p1a: Miraidon\n|-resisted|p1a: Miraidon\n|-damage|p1a: Miraidon|94\/100\n|\n|-heal|p2a: Wishing Stars|99\/100|[from] move: Wish|[wisher] Wishing Stars\n|upkeep\n|turn|16\n|inactive|sumitvs138 has 60 seconds left.\n|\n|t:|1700986382\n|switch|p2a: Soothing Wetlands|Blissey, F|100\/100\n|move|p1a: Miraidon|Draco Meteor|p2a: Soothing Wetlands\n|-damage|p2a: Soothing Wetlands|74\/100\n|-unboost|p1a: Miraidon|spa|2\n|\n|upkeep\n|turn|17\n|\n|t:|1700986392\n|switch|p1a: Basculegion|Basculegion, M|33\/100\n|move|p2a: Soothing Wetlands|Seismic Toss|p1a: Basculegion\n|-immune|p1a: Basculegion\n|\n|upkeep\n|turn|18\n|inactive|sumitvs138 has 60 seconds left.\n|\n|t:|1700986402\n|switch|p1a: Iron Leaves|Iron Leaves|100\/100\n|-activate|p1a: Iron Leaves|ability: Quark Drive\n|-start|p1a: Iron Leaves|quarkdriveatk\n|switch|p2a: Wishing Stars|Alomomola, M|100\/100\n|\n|upkeep\n|turn|19\n|inactive|sumitvs138 has 60 seconds left.\n|\n|t:|1700986411\n|switch|p2a: Den of The Lost|Mandibuzz, F|100\/100\n|move|p1a: Iron Leaves|Leaf Blade|p2a: Den of The Lost\n|-resisted|p2a: Den of The Lost\n|-damage|p2a: Den of The Lost|74\/100\n|\n|-fieldend|move: Electric Terrain\n|-end|p1a: Iron Leaves|Quark Drive\n|upkeep\n|turn|20\n|inactive|sumitvs138 has 60 seconds left.\n|c|\u2606sumitvs138|I need a rematch fr\n|\n|t:|1700986427\n|-end|p1a: Iron Leaves|Quark Drive|[silent]\n|switch|p1a: Miraidon|Miraidon|94\/100\n|-fieldstart|move: Electric Terrain|[from] ability: Hadron Engine|[of] p1a: Miraidon\n|move|p2a: Den of The Lost|Knock Off|p1a: Miraidon\n|-damage|p1a: Miraidon|70\/100\n|-enditem|p1a: Miraidon|Choice Scarf|[from] move: Knock Off|[of] p2a: Den of The Lost\n|\n|upkeep\n|turn|21\n|inactive|sumitvs138 has 60 seconds left.\n|\n|t:|1700986437\n|switch|p2a: Soothing Wetlands|Blissey, F|74\/100\n|move|p1a: Miraidon|Electro Drift|p2a: Soothing Wetlands\n|-damage|p2a: Soothing Wetlands|45\/100\n|\n|upkeep\n|turn|22\n|inactive|sumitvs138 has 60 seconds left.\n|\n|t:|1700986450\n|-terastallize|p1a: Miraidon|Electric\n|move|p1a: Miraidon|Electro Drift|p2a: Soothing Wetlands\n|-damage|p2a: Soothing Wetlands|5\/100\n|move|p2a: Soothing Wetlands|Soft-Boiled|p2a: Soothing Wetlands\n|-heal|p2a: Soothing Wetlands|56\/100\n|\n|upkeep\n|turn|23\n|inactive|sumitvs138 has 60 seconds left.\n|c|\u2606sumitvs138|Ahhhh\n|\n|t:|1700986466\n|switch|p1a: Iron Leaves|Iron Leaves|100\/100\n|-activate|p1a: Iron Leaves|ability: Quark Drive\n|-start|p1a: Iron Leaves|quarkdriveatk\n|move|p2a: Soothing Wetlands|Soft-Boiled|p2a: Soothing Wetlands\n|-heal|p2a: Soothing Wetlands|100\/100\n|\n|upkeep\n|turn|24\n|c| B14z6|stall...\n|inactive|sumitvs138 has 60 seconds left.\n|c| ZowwyCafe\u2764|tera electric is sussy\n|\n|t:|1700986475\n|switch|p2a: Malevolent Shrine|Gliscor, M, shiny|100\/100 tox\n|move|p1a: Iron Leaves|Close Combat|p2a: Malevolent Shrine\n|-resisted|p2a: Malevolent Shrine\n|-damage|p2a: Malevolent Shrine|82\/100 tox\n|-unboost|p1a: Iron Leaves|def|1\n|-unboost|p1a: Iron Leaves|spd|1\n|\n|-heal|p2a: Malevolent Shrine|94\/100 tox|[from] ability: Poison Heal\n|-fieldend|move: Electric Terrain\n|-end|p1a: Iron Leaves|Quark Drive\n|upkeep\n|turn|25\n|inactive|sumitvs138 has 60 seconds left.\n|\n|t:|1700986488\n|-end|p1a: Iron Leaves|Quark Drive|[silent]\n|switch|p1a: Glimmora|Glimmora, M|100\/100\n|move|p2a: Malevolent Shrine|Spikes|p1a: Glimmora\n|-sidestart|p1: sumitvs138|Spikes\n|\n|-heal|p2a: Malevolent Shrine|100\/100 tox|[from] ability: Poison Heal\n|upkeep\n|turn|26\n|\n|t:|1700986497\n|move|p2a: Malevolent Shrine|Knock Off|p1a: Glimmora\n|-damage|p1a: Glimmora|81\/100\n|-enditem|p1a: Glimmora|Focus Sash|[from] move: Knock Off|[of] p2a: Malevolent Shrine\n|move|p1a: Glimmora|Mortal Spin|p2a: Malevolent Shrine\n|-resisted|p2a: Malevolent Shrine\n|-damage|p2a: Malevolent Shrine|99\/100 tox\n|-sideend|p1: sumitvs138|Spikes|[from] move: Mortal Spin|[of] p1a: Glimmora\n|\n|-heal|p2a: Malevolent Shrine|100\/100 tox|[from] ability: Poison Heal\n|upkeep\n|turn|27\n|c|\u2606laprasplayer|corrosion is sussy\n|inactive|sumitvs138 has 60 seconds left.\n|\n|t:|1700986515\n|move|p2a: Malevolent Shrine|Spikes|p1a: Glimmora\n|-sidestart|p1: sumitvs138|Spikes\n|move|p1a: Glimmora|Stealth Rock|p2a: Malevolent Shrine\n|-sidestart|p2: laprasplayer|move: Stealth Rock\n|\n|upkeep\n|turn|28\n|\n|t:|1700986520\n|move|p2a: Malevolent Shrine|Spikes|p1a: Glimmora\n|-sidestart|p1: sumitvs138|Spikes\n|move|p1a: Glimmora|Mortal Spin|p2a: Malevolent Shrine\n|-resisted|p2a: Malevolent Shrine\n|-damage|p2a: Malevolent Shrine|99\/100 tox\n|-sideend|p1: sumitvs138|Spikes|[from] move: Mortal Spin|[of] p1a: Glimmora\n|\n|-heal|p2a: Malevolent Shrine|100\/100 tox|[from] ability: Poison Heal\n|upkeep\n|turn|29\n|\n|t:|1700986529\n|move|p2a: Malevolent Shrine|Spikes|p1a: Glimmora\n|-sidestart|p1: sumitvs138|Spikes\n|move|p1a: Glimmora|Toxic Spikes|p2a: Malevolent Shrine\n|-sidestart|p2: laprasplayer|move: Toxic Spikes\n|\n|upkeep\n|turn|30\n|\n|t:|1700986534\n|move|p2a: Malevolent Shrine|Knock Off|p1a: Glimmora\n|-damage|p1a: Glimmora|69\/100\n|move|p1a: Glimmora|Mortal Spin|p2a: Malevolent Shrine\n|-resisted|p2a: Malevolent Shrine\n|-damage|p2a: Malevolent Shrine|99\/100 tox\n|-sideend|p1: sumitvs138|Spikes|[from] move: Mortal Spin|[of] p1a: Glimmora\n|\n|-heal|p2a: Malevolent Shrine|100\/100 tox|[from] ability: Poison Heal\n|upkeep\n|turn|31\n|\n|t:|1700986551\n|switch|p1a: Basculegion|Basculegion, M|33\/100\n|move|p2a: Malevolent Shrine|Spikes|p1a: Basculegion\n|-sidestart|p1: sumitvs138|Spikes\n|\n|upkeep\n|turn|32\n|l| ZowwyCafe\u2764\n|\n|t:|1700986558\n|switch|p2a: Wishing Stars|Alomomola, M|100\/100\n|move|p1a: Basculegion|Last Respects|p2a: Wishing Stars\n|-damage|p2a: Wishing Stars|68\/100\n|\n|upkeep\n|turn|33\n|\n|t:|1700986567\n|switch|p1a: Glimmora|Glimmora, M|69\/100\n|-damage|p1a: Glimmora|57\/100|[from] Spikes\n|move|p2a: Wishing Stars|Wish|p2a: Wishing Stars\n|\n|upkeep\n|turn|34\n|inactive|sumitvs138 has 90 seconds left.\n|\n|t:|1700986573\n|switch|p2a: Malevolent Shrine|Gliscor, M, shiny|100\/100 tox\n|-damage|p2a: Malevolent Shrine|88\/100 tox|[from] Stealth Rock\n|move|p1a: Glimmora|Mortal Spin|p2a: Malevolent Shrine\n|-resisted|p2a: Malevolent Shrine\n|-damage|p2a: Malevolent Shrine|86\/100 tox\n|-sideend|p1: sumitvs138|Spikes|[from] move: Mortal Spin|[of] p1a: Glimmora\n|\n|-heal|p2a: Malevolent Shrine|100\/100 tox|[from] move: Wish|[wisher] Wishing Stars\n|upkeep\n|turn|35\n|inactive|sumitvs138 has 90 seconds left.\n|\n|t:|1700986588\n|switch|p1a: Miraidon|Miraidon, tera:Electric|70\/100\n|-fieldstart|move: Electric Terrain|[from] ability: Hadron Engine|[of] p1a: Miraidon\n|move|p2a: Malevolent Shrine|Spikes|p1a: Miraidon\n|-sidestart|p1: sumitvs138|Spikes\n|\n|upkeep\n|turn|36\n|\n|t:|1700986596\n|switch|p2a: Soothing Wetlands|Blissey, F|100\/100\n|move|p1a: Miraidon|Electro Drift|p2a: Soothing Wetlands\n|-damage|p2a: Soothing Wetlands|60\/100\n|\n|upkeep\n|turn|37\n|\n|t:|1700986606\n|switch|p1a: Arceus|Arceus|64\/100 tox\n|-damage|p1a: Arceus|52\/100 tox|[from] Spikes\n|move|p2a: Soothing Wetlands|Soft-Boiled|p2a: Soothing Wetlands\n|-heal|p2a: Soothing Wetlands|100\/100\n|\n|-damage|p1a: Arceus|46\/100 tox|[from] psn\n|upkeep\n|turn|38\n|\n|t:|1700986617\n|switch|p1a: Iron Leaves|Iron Leaves|100\/100\n|-damage|p1a: Iron Leaves|88\/100|[from] Spikes\n|-activate|p1a: Iron Leaves|ability: Quark Drive\n|-start|p1a: Iron Leaves|quarkdriveatk\n|switch|p2a: Wishing Stars|Alomomola, M|100\/100\n|\n|upkeep\n|turn|39\n|\n|t:|1700986632\n|move|p2a: Wishing Stars|Protect|p2a: Wishing Stars\n|-singleturn|p2a: Wishing Stars|Protect\n|move|p1a: Iron Leaves|Close Combat|p2a: Wishing Stars\n|-activate|p2a: Wishing Stars|move: Protect\n|\n|-fieldend|move: Electric Terrain\n|-end|p1a: Iron Leaves|Quark Drive\n|upkeep\n|turn|40\n|inactive|sumitvs138 has 90 seconds left.\n|\n|t:|1700986651\n|-end|p1a: Iron Leaves|Quark Drive|[silent]\n|switch|p1a: Glimmora|Glimmora, M|57\/100\n|-damage|p1a: Glimmora|44\/100|[from] Spikes\n|move|p2a: Wishing Stars|Wish|p2a: Wishing Stars\n|\n|upkeep\n|turn|41\n|\n|t:|1700986657\n|switch|p2a: Malevolent Shrine|Gliscor, M, shiny|100\/100 tox\n|-damage|p2a: Malevolent Shrine|88\/100 tox|[from] Stealth Rock\n|move|p1a: Glimmora|Mortal Spin|p2a: Malevolent Shrine\n|-resisted|p2a: Malevolent Shrine\n|-damage|p2a: Malevolent Shrine|86\/100 tox\n|-sideend|p1: sumitvs138|Spikes|[from] move: Mortal Spin|[of] p1a: Glimmora\n|\n|-heal|p2a: Malevolent Shrine|100\/100 tox|[from] move: Wish|[wisher] Wishing Stars\n|upkeep\n|turn|42\n|\n|t:|1700986669\n|switch|p1a: Arceus|Arceus|46\/100 tox\n|move|p2a: Malevolent Shrine|Toxic|p1a: Arceus\n|-fail|p1a: Arceus|tox\n|\n|-damage|p1a: Arceus|40\/100 tox|[from] psn\n|upkeep\n|turn|43\n|\n|t:|1700986678\n|move|p1a: Arceus|Extreme Speed|p2a: Malevolent Shrine\n|-crit|p2a: Malevolent Shrine\n|-damage|p2a: Malevolent Shrine|56\/100 tox\n|move|p2a: Malevolent Shrine|Spikes|p1a: Arceus\n|-sidestart|p1: sumitvs138|Spikes\n|\n|-damage|p1a: Arceus|28\/100 tox|[from] psn\n|-heal|p2a: Malevolent Shrine|68\/100 tox|[from] ability: Poison Heal\n|upkeep\n|turn|44\n|\n|t:|1700986691\n|move|p2a: Malevolent Shrine|Protect|p2a: Malevolent Shrine\n|-singleturn|p2a: Malevolent Shrine|Protect\n|move|p1a: Arceus|Extreme Speed|p2a: Malevolent Shrine\n|-activate|p2a: Malevolent Shrine|move: Protect\n|\n|-damage|p1a: Arceus|10\/100 tox|[from] psn\n|-heal|p2a: Malevolent Shrine|80\/100 tox|[from] ability: Poison Heal\n|upkeep\n|turn|45\n|\n|t:|1700986701\n|switch|p2a: Wishing Stars|Alomomola, M|100\/100\n|move|p1a: Arceus|Extreme Speed|p2a: Wishing Stars\n|-damage|p2a: Wishing Stars|74\/100\n|\n|-damage|p1a: Arceus|0 fnt|[from] psn\n|faint|p1a: Arceus\n|upkeep\n|c| B14z6|poor guy's being read like a book\n|inactive|sumitvs138 has 90 seconds left.\n|\n|t:|1700986716\n|switch|p1a: Glimmora|Glimmora, M|44\/100\n|-damage|p1a: Glimmora|32\/100|[from] Spikes\n|turn|46\n|inactive|sumitvs138 has 90 seconds left.\n|\n|t:|1700986730\n|switch|p1a: Basculegion|Basculegion, M|33\/100\n|-damage|p1a: Basculegion|21\/100|[from] Spikes\n|switch|p2a: Malevolent Shrine|Gliscor, M, shiny|80\/100 tox\n|-damage|p2a: Malevolent Shrine|68\/100 tox|[from] Stealth Rock\n|\n|-heal|p2a: Malevolent Shrine|80\/100 tox|[from] ability: Poison Heal\n|upkeep\n|turn|47\n|inactive|sumitvs138 has 90 seconds left.\n|\n|t:|1700986741\n|move|p2a: Malevolent Shrine|Protect|p2a: Malevolent Shrine\n|-singleturn|p2a: Malevolent Shrine|Protect\n|move|p1a: Basculegion|Last Respects|p2a: Malevolent Shrine\n|-activate|p2a: Malevolent Shrine|move: Protect\n|\n|-heal|p2a: Malevolent Shrine|93\/100 tox|[from] ability: Poison Heal\n|upkeep\n|turn|48\n|\n|t:|1700986750\n|switch|p2a: Wishing Stars|Alomomola, M|100\/100\n|move|p1a: Basculegion|Wave Crash|p2a: Wishing Stars\n|-resisted|p2a: Wishing Stars\n|-damage|p2a: Wishing Stars|81\/100\n|-damage|p1a: Basculegion|12\/100|[from] Recoil\n|\n|upkeep\n|turn|49\n|\n|t:|1700986759\n|switch|p2a: Soothing Wetlands|Blissey, F|100\/100\n|move|p1a: Basculegion|Last Respects|p2a: Soothing Wetlands\n|-immune|p2a: Soothing Wetlands\n|\n|upkeep\n|turn|50\n|\n|t:|1700986765\n|switch|p2a: Wishing Stars|Alomomola, M|100\/100\n|move|p1a: Basculegion|Last Respects|p2a: Wishing Stars\n|-damage|p2a: Wishing Stars|48\/100\n|\n|upkeep\n|turn|51\n|\n|t:|1700986773\n|move|p2a: Wishing Stars|Protect|p2a: Wishing Stars\n|-singleturn|p2a: Wishing Stars|Protect\n|move|p1a: Basculegion|Last Respects|p2a: Wishing Stars\n|-activate|p2a: Wishing Stars|move: Protect\n|\n|upkeep\n|turn|52\n|\n|t:|1700986782\n|switch|p2a: Soothing Wetlands|Blissey, F|100\/100\n|move|p1a: Basculegion|Last Respects|p2a: Soothing Wetlands\n|-immune|p2a: Soothing Wetlands\n|\n|upkeep\n|turn|53\n|inactive|sumitvs138 has 120 seconds left.\n|\n|t:|1700986789\n|switch|p2a: Wishing Stars|Alomomola, M|81\/100\n|move|p1a: Basculegion|Wave Crash|p2a: Wishing Stars\n|-resisted|p2a: Wishing Stars\n|-damage|p2a: Wishing Stars|61\/100\n|-damage|p1a: Basculegion|3\/100|[from] Recoil\n|\n|upkeep\n|turn|54\n|\n|t:|1700986799\n|move|p1a: Basculegion|Last Respects|p2a: Wishing Stars\n|-damage|p2a: Wishing Stars|8\/100\n|move|p2a: Wishing Stars|Wish|p2a: Wishing Stars\n|\n|upkeep\n|turn|55\n|\n|t:|1700986810\n|move|p2a: Wishing Stars|Protect|p2a: Wishing Stars\n|-singleturn|p2a: Wishing Stars|Protect\n|move|p1a: Basculegion|Last Respects|p2a: Wishing Stars\n|-activate|p2a: Wishing Stars|move: Protect\n|\n|-heal|p2a: Wishing Stars|58\/100|[from] move: Wish|[wisher] Wishing Stars\n|upkeep\n|turn|56\n|\n|t:|1700986821\n|move|p1a: Basculegion|Last Respects|p2a: Wishing Stars\n|-damage|p2a: Wishing Stars|10\/100\n|move|p2a: Wishing Stars|Wish|p2a: Wishing Stars\n|\n|upkeep\n|turn|57\n|\n|t:|1700986831\n|move|p2a: Wishing Stars|Protect|p2a: Wishing Stars\n|-singleturn|p2a: Wishing Stars|Protect\n|move|p1a: Basculegion|Last Respects|p2a: Wishing Stars\n|-activate|p2a: Wishing Stars|move: Protect\n|\n|-heal|p2a: Wishing Stars|60\/100|[from] move: Wish|[wisher] Wishing Stars\n|upkeep\n|turn|58\n|j| AGLP 1\n|\n|t:|1700986842\n|switch|p2a: Soothing Wetlands|Blissey, F|100\/100\n|move|p1a: Basculegion|Last Respects|p2a: Soothing Wetlands\n|-immune|p2a: Soothing Wetlands\n|\n|upkeep\n|turn|59\n|\n|t:|1700986850\n|move|p1a: Basculegion|Last Respects|p2a: Soothing Wetlands\n|-immune|p2a: Soothing Wetlands\n|move|p2a: Soothing Wetlands|Shadow Ball|p1a: Basculegion\n|-supereffective|p1a: Basculegion\n|-damage|p1a: Basculegion|0 fnt\n|faint|p1a: Basculegion\n|\n|upkeep\n|\n|t:|1700986864\n|switch|p1a: Miraidon|Miraidon, tera:Electric|70\/100\n|-damage|p1a: Miraidon|58\/100|[from] Spikes\n|-fieldstart|move: Electric Terrain|[from] ability: Hadron Engine|[of] p1a: Miraidon\n|turn|60\n|j| ZowwyCafe\u2764\n|\n|t:|1700986873\n|move|p1a: Miraidon|Electro Drift|p2a: Soothing Wetlands\n|-damage|p2a: Soothing Wetlands|64\/100\n|move|p2a: Soothing Wetlands|Seismic Toss|p1a: Miraidon\n|-damage|p1a: Miraidon|29\/100\n|\n|upkeep\n|turn|61\n|c| ZowwyCafe\u2764|how is this till going on lol\n|\n|t:|1700986883\n|move|p1a: Miraidon|Electro Drift|p2a: Soothing Wetlands\n|-damage|p2a: Soothing Wetlands|28\/100\n|move|p2a: Soothing Wetlands|Seismic Toss|p1a: Miraidon\n|-damage|p1a: Miraidon|0 fnt\n|faint|p1a: Miraidon\n|\n|upkeep\n|j| ghostlyplanets\n|c| ZowwyCafe\u2764|still*\n|\n|t:|1700986892\n|switch|p1a: Iron Leaves|Iron Leaves|88\/100\n|-damage|p1a: Iron Leaves|76\/100|[from] Spikes\n|-activate|p1a: Iron Leaves|ability: Quark Drive\n|-start|p1a: Iron Leaves|quarkdriveatk\n|turn|62\n|c|\u2606laprasplayer|look at what I'm using man\n|\n|t:|1700986907\n|move|p1a: Iron Leaves|Close Combat|p2a: Soothing Wetlands\n|-supereffective|p2a: Soothing Wetlands\n|-damage|p2a: Soothing Wetlands|0 fnt\n|-unboost|p1a: Iron Leaves|def|1\n|-unboost|p1a: Iron Leaves|spd|1\n|faint|p2a: Soothing Wetlands\n|\n|upkeep\n|\n|t:|1700986911\n|switch|p2a: Malevolent Shrine|Gliscor, M, shiny|93\/100 tox\n|-damage|p2a: Malevolent Shrine|80\/100 tox|[from] Stealth Rock\n|turn|63\n|c| ZowwyCafe\u2764|look at what they're using\n|\n|t:|1700986921\n|-end|p1a: Iron Leaves|Quark Drive|[silent]\n|switch|p1a: Glimmora|Glimmora, M|32\/100\n|-damage|p1a: Glimmora|20\/100|[from] Spikes\n|move|p2a: Malevolent Shrine|Toxic|p1a: Glimmora\n|-immune|p1a: Glimmora\n|\n|-heal|p2a: Malevolent Shrine|93\/100 tox|[from] ability: Poison Heal\n|upkeep\n|turn|64\n|c| ZowwyCafe\u2764|\u00af\\_(\u30c4)_\/\u00af\n|\n|t:|1700986934\n|move|p2a: Malevolent Shrine|Knock Off|p1a: Glimmora\n|-damage|p1a: Glimmora|7\/100\n|move|p1a: Glimmora|Toxic Spikes|p2a: Malevolent Shrine\n|-sidestart|p2: laprasplayer|move: Toxic Spikes\n|\n|-heal|p2a: Malevolent Shrine|100\/100 tox|[from] ability: Poison Heal\n|-fieldend|move: Electric Terrain\n|upkeep\n|turn|65\n|\n|t:|1700986955\n|move|p2a: Malevolent Shrine|Spikes|p1a: Glimmora\n|-sidestart|p1: sumitvs138|Spikes\n|move|p1a: Glimmora|Toxic|p2a: Malevolent Shrine\n|-fail|p2a: Malevolent Shrine|tox\n|\n|upkeep\n|turn|66\n|\n|t:|1700986963\n|move|p2a: Malevolent Shrine|Knock Off|p1a: Glimmora\n|-damage|p1a: Glimmora|0 fnt\n|faint|p1a: Glimmora\n|\n|upkeep\n|\n|t:|1700986968\n|switch|p1a: Iron Leaves|Iron Leaves|76\/100\n|-damage|p1a: Iron Leaves|59\/100|[from] Spikes\n|turn|67\n|c|\u2606sumitvs138|Can I have a rematch Lapras after the tournament?\n|\n|t:|1700986988\n|move|p1a: Iron Leaves|Psyblade|p2a: Malevolent Shrine\n|-damage|p2a: Malevolent Shrine|73\/100 tox\n|move|p2a: Malevolent Shrine|Toxic|p1a: Iron Leaves\n|-status|p1a: Iron Leaves|tox\n|\n|-damage|p1a: Iron Leaves|53\/100 tox|[from] psn\n|-heal|p2a: Malevolent Shrine|86\/100 tox|[from] ability: Poison Heal\n|upkeep\n|turn|68\n|l| ZowwyCafe\u2764\n|\n|t:|1700986998\n|move|p2a: Malevolent Shrine|Protect|p2a: Malevolent Shrine\n|-singleturn|p2a: Malevolent Shrine|Protect\n|move|p1a: Iron Leaves|Psyblade|p2a: Malevolent Shrine\n|-activate|p2a: Malevolent Shrine|move: Protect\n|\n|-damage|p1a: Iron Leaves|41\/100 tox|[from] psn\n|-heal|p2a: Malevolent Shrine|98\/100 tox|[from] ability: Poison Heal\n|upkeep\n|turn|69\n|c|\u2606laprasplayer|no\n|\n|t:|1700987007\n|move|p1a: Iron Leaves|Psyblade|p2a: Malevolent Shrine\n|-damage|p2a: Malevolent Shrine|69\/100 tox\n|move|p2a: Malevolent Shrine|Spikes|p1a: Iron Leaves\n|-sidestart|p1: sumitvs138|Spikes\n|\n|-damage|p1a: Iron Leaves|22\/100 tox|[from] psn\n|-heal|p2a: Malevolent Shrine|82\/100 tox|[from] ability: Poison Heal\n|upkeep\n|turn|70\n|\n|t:|1700987016\n|switch|p2a: Den of The Lost|Mandibuzz, F|74\/100\n|move|p1a: Iron Leaves|Psyblade|p2a: Den of The Lost\n|-immune|p2a: Den of The Lost\n|\n|-damage|p1a: Iron Leaves|0 fnt|[from] psn\n|faint|p1a: Iron Leaves\n|-end|p1a: Iron Leaves|Quark Drive|[silent]\n|\n|win|laprasplayer\n|upkeep\n|n|\u2606laprasplayer|laprasplayer\n|n|\u2606sumitvs138|sumitvs138\n|n| B14z6|b14z6\n|n| AGLP 1|aglp1\n|n| ghostlyplanets|ghostlyplanets\n","uploadtime":1700987021,"views":6,"p1id":"sumitvs138","p2id":"laprasplayer","formatid":"gen9anythinggoes","rating":0,"private":0,"password":""}