{"id":"gen9anythinggoes-1980644857","p1":"qing_kong1423","p2":"happysh","format":"[Gen 9] Anything Goes","log":"|j|\u2606qing_kong1423\n|j|\u2606happysh\n|t:|1698807092\n|gametype|singles\n|player|p1|qing_kong1423|elesa-masters|1511\n|player|p2|happysh|266|1604\n|teamsize|p1|6\n|teamsize|p2|6\n|gen|9\n|tier|[Gen 9] Anything Goes\n|rated|\n|rule|HP Percentage Mod: HP is shown in percentages\n|rule|Endless Battle Clause: Forcing endless battles is banned\n|clearpoke\n|poke|p1|Ribombee, M|\n|poke|p1|Calyrex-Shadow|\n|poke|p1|Koraidon|\n|poke|p1|Vivillon, F|\n|poke|p1|Arceus|\n|poke|p1|Landorus-Therian, M|\n|poke|p2|Arceus|\n|poke|p2|Koraidon|\n|poke|p2|Arceus|\n|poke|p2|Calyrex-Shadow|\n|poke|p2|Samurott-Hisui, F|\n|poke|p2|Eternatus|\n|teampreview\n|inactive|Battle timer is ON: inactive players will automatically lose when time's up. (requested by happysh)\n|inactive|qing_kong1423 has 120 seconds left.\n|\n|t:|1698807127\n|start\n|switch|p1a: Ribombee|Ribombee, M|100\/100\n|switch|p2a: Arceus|Arceus|100\/100\n|turn|1\n|\n|t:|1698807133\n|move|p2a: Arceus|Extreme Speed|p1a: Ribombee\n|-damage|p1a: Ribombee|20\/100\n|move|p1a: Ribombee|Stun Spore|p2a: Arceus\n|-status|p2a: Arceus|par\n|\n|upkeep\n|turn|2\n|\n|t:|1698807139\n|move|p1a: Ribombee|Sticky Web|p2a: Arceus\n|-sidestart|p2: happysh|move: Sticky Web\n|move|p2a: Arceus|Shadow Claw|p1a: Ribombee\n|-crit|p1a: Ribombee\n|-damage|p1a: Ribombee|0 fnt\n|faint|p1a: Ribombee\n|\n|upkeep\n|\n|t:|1698807147\n|switch|p1a: Koraidon|Koraidon|100\/100\n|-weather|SunnyDay|[from] ability: Orichalcum Pulse|[of] p1a: Koraidon\n|-activate|p1a: Koraidon|Orichalcum Pulse|[source]\n|turn|3\n|\n|t:|1698807151\n|cant|p2a: Arceus|par\n|move|p1a: Koraidon|Swords Dance|p1a: Koraidon\n|-boost|p1a: Koraidon|atk|2\n|\n|-weather|SunnyDay|[upkeep]\n|upkeep\n|turn|4\n|\n|t:|1698807158\n|move|p2a: Arceus|Extreme Speed|p1a: Koraidon\n|-crit|p1a: Koraidon\n|-damage|p1a: Koraidon|46\/100\n|move|p1a: Koraidon|Scale Shot|p2a: Arceus\n|-damage|p2a: Arceus|76\/100 par\n|-damage|p2a: Arceus|50\/100 par\n|-damage|p2a: Arceus|27\/100 par\n|-damage|p2a: Arceus|4\/100 par\n|-hitcount|p2a: Arceus|4\n|-unboost|p1a: Koraidon|def|1\n|-boost|p1a: Koraidon|spe|1\n|\n|-weather|SunnyDay|[upkeep]\n|upkeep\n|turn|5\n|\n|t:|1698807170\n|-terastallize|p1a: Koraidon|Ghost\n|cant|p2a: Arceus|par\n|move|p1a: Koraidon|Low Kick|p2a: Arceus\n|-supereffective|p2a: Arceus\n|-damage|p2a: Arceus|0 fnt\n|faint|p2a: Arceus\n|\n|-weather|SunnyDay|[upkeep]\n|upkeep\n|\n|t:|1698807175\n|switch|p2a: Samurott|Samurott-Hisui, F|100\/100\n|-activate|p2a: Samurott|move: Sticky Web\n|-unboost|p2a: Samurott|spe|1\n|turn|6\n|\n|t:|1698807184\n|move|p2a: Samurott|Sucker Punch|p1a: Koraidon\n|-supereffective|p1a: Koraidon\n|-damage|p1a: Koraidon|0 fnt\n|faint|p1a: Koraidon\n|\n|-weather|SunnyDay|[upkeep]\n|upkeep\n|\n|t:|1698807189\n|switch|p1a: Vivillon|Vivillon, F|100\/100\n|turn|7\n|\n|t:|1698807197\n|move|p1a: Vivillon|Sleep Powder|p2a: Samurott\n|-status|p2a: Samurott|slp|[from] move: Sleep Powder\n|cant|p2a: Samurott|slp\n|\n|-weather|none\n|upkeep\n|turn|8\n|\n|t:|1698807200\n|move|p1a: Vivillon|Substitute|p1a: Vivillon\n|-start|p1a: Vivillon|Substitute\n|-damage|p1a: Vivillon|76\/100\n|cant|p2a: Samurott|slp\n|\n|upkeep\n|turn|9\n|\n|t:|1698807203\n|move|p1a: Vivillon|Quiver Dance|p1a: Vivillon\n|-boost|p1a: Vivillon|spa|1\n|-boost|p1a: Vivillon|spd|1\n|-boost|p1a: Vivillon|spe|1\n|cant|p2a: Samurott|slp\n|\n|upkeep\n|turn|10\n|\n|t:|1698807206\n|move|p1a: Vivillon|Quiver Dance|p1a: Vivillon\n|-boost|p1a: Vivillon|spa|1\n|-boost|p1a: Vivillon|spd|1\n|-boost|p1a: Vivillon|spe|1\n|-curestatus|p2a: Samurott|slp|[msg]\n|move|p2a: Samurott|Taunt|p1a: Vivillon\n|-start|p1a: Vivillon|move: Taunt\n|\n|upkeep\n|turn|11\n|\n|t:|1698807211\n|move|p1a: Vivillon|Hurricane|p2a: Samurott\n|-enditem|p2a: Samurott|Focus Sash\n|-damage|p2a: Samurott|1\/100\n|move|p2a: Samurott|Ceaseless Edge|p1a: Vivillon\n|-end|p1a: Vivillon|Substitute\n|-sidestart|p1: qing_kong1423|Spikes\n|\n|upkeep\n|turn|12\n|\n|t:|1698807215\n|move|p2a: Samurott|Sucker Punch|p1a: Vivillon\n|-damage|p1a: Vivillon|12\/100\n|move|p1a: Vivillon|Hurricane|p2a: Samurott\n|-damage|p2a: Samurott|0 fnt\n|faint|p2a: Samurott\n|\n|upkeep\n|\n|t:|1698807218\n|switch|p2a: Arceus|Arceus|100\/100\n|-activate|p2a: Arceus|move: Sticky Web\n|-unboost|p2a: Arceus|spe|1\n|turn|13\n|\n|t:|1698807225\n|move|p2a: Arceus|Extreme Speed|p1a: Vivillon\n|-damage|p1a: Vivillon|0 fnt\n|faint|p1a: Vivillon\n|-damage|p2a: Arceus|91\/100|[from] item: Life Orb\n|\n|upkeep\n|\n|t:|1698807228\n|switch|p1a: Calyrex|Calyrex-Shadow|100\/100\n|-ability|p1a: Calyrex|As One\n|-ability|p1a: Calyrex|Unnerve\n|turn|14\n|\n|t:|1698807240\n|switch|p2a: Koraidon|Koraidon|100\/100\n|-activate|p2a: Koraidon|move: Sticky Web\n|-unboost|p2a: Koraidon|spe|1\n|-weather|SunnyDay|[from] ability: Orichalcum Pulse|[of] p2a: Koraidon\n|-activate|p2a: Koraidon|Orichalcum Pulse|[source]\n|move|p1a: Calyrex|Psyshock|p2a: Koraidon\n|-supereffective|p2a: Koraidon\n|-damage|p2a: Koraidon|10\/100\n|\n|-weather|SunnyDay|[upkeep]\n|upkeep\n|turn|15\n|\n|t:|1698807249\n|switch|p1a: Landorus|Landorus-Therian, M|100\/100\n|-ability|p1a: Landorus|Intimidate|boost\n|-unboost|p2a: Koraidon|atk|1\n|move|p2a: Koraidon|Flare Blitz|p1a: Landorus\n|-damage|p1a: Landorus|60\/100\n|-damage|p2a: Koraidon|0 fnt|[from] item: Rocky Helmet|[of] p1a: Landorus\n|faint|p2a: Koraidon\n|\n|-weather|SunnyDay|[upkeep]\n|upkeep\n|\n|t:|1698807254\n|switch|p2a: Calyrex|Calyrex-Shadow|100\/100\n|-ability|p2a: Calyrex|As One\n|-ability|p2a: Calyrex|Unnerve\n|turn|16\n|\n|t:|1698807259\n|move|p2a: Calyrex|Psyshock|p1a: Landorus\n|-damage|p1a: Landorus|26\/100\n|move|p1a: Landorus|Earthquake|p2a: Calyrex\n|-damage|p2a: Calyrex|44\/100\n|\n|-weather|SunnyDay|[upkeep]\n|upkeep\n|turn|17\n|\n|t:|1698807268\n|move|p2a: Calyrex|Psyshock|p1a: Landorus\n|-damage|p1a: Landorus|0 fnt\n|faint|p1a: Landorus\n|-ability|p2a: Calyrex|Grim Neigh|boost\n|-boost|p2a: Calyrex|spa|1\n|\n|-weather|SunnyDay|[upkeep]\n|upkeep\n|\n|t:|1698807271\n|switch|p1a: Arceus|Arceus|100\/100\n|turn|18\n|\n|t:|1698807278\n|move|p2a: Calyrex|Psyshock|p1a: Arceus\n|-damage|p1a: Arceus|54\/100\n|move|p1a: Arceus|Shadow Claw|p2a: Calyrex\n|-supereffective|p2a: Calyrex\n|-damage|p2a: Calyrex|0 fnt\n|faint|p2a: Calyrex\n|\n|-weather|none\n|upkeep\n|\n|t:|1698807282\n|switch|p2a: Arceus|Arceus|91\/100\n|-activate|p2a: Arceus|move: Sticky Web\n|-unboost|p2a: Arceus|spe|1\n|turn|19\n|\n|t:|1698807285\n|-terastallize|p2a: Arceus|Normal\n|move|p2a: Arceus|Extreme Speed|p1a: Arceus\n|-damage|p1a: Arceus|6\/100\n|-damage|p2a: Arceus|81\/100|[from] item: Life Orb\n|move|p1a: Arceus|Bulk Up|p1a: Arceus\n|-boost|p1a: Arceus|atk|1\n|-boost|p1a: Arceus|def|1\n|\n|upkeep\n|turn|20\n|\n|t:|1698807297\n|switch|p2a: Chi-yu|Eternatus|100\/100\n|-activate|p2a: Chi-yu|move: Sticky Web\n|-unboost|p2a: Chi-yu|spe|1\n|-ability|p2a: Chi-yu|Pressure\n|move|p1a: Arceus|Extreme Speed|p2a: Chi-yu\n|-damage|p2a: Chi-yu|41\/100\n|\n|upkeep\n|turn|21\n|\n|t:|1698807306\n|move|p1a: Arceus|Extreme Speed|p2a: Chi-yu\n|-damage|p2a: Chi-yu|0 fnt\n|faint|p2a: Chi-yu\n|\n|upkeep\n|\n|t:|1698807309\n|switch|p2a: Arceus|Arceus, tera:Normal|81\/100\n|-activate|p2a: Arceus|move: Sticky Web\n|-unboost|p2a: Arceus|spe|1\n|turn|22\n|\n|t:|1698807313\n|move|p1a: Arceus|Extreme Speed|p2a: Arceus\n|-damage|p2a: Arceus|31\/100\n|move|p2a: Arceus|Extreme Speed|p1a: Arceus\n|-damage|p1a: Arceus|0 fnt\n|faint|p1a: Arceus\n|-damage|p2a: Arceus|21\/100|[from] item: Life Orb\n|\n|upkeep\n|\n|t:|1698807316\n|switch|p1a: Calyrex|Calyrex-Shadow|100\/100\n|-ability|p1a: Calyrex|As One\n|-ability|p1a: Calyrex|Unnerve\n|turn|23\n|\n|t:|1698807319\n|move|p1a: Calyrex|Psyshock|p2a: Arceus\n|-damage|p2a: Arceus|0 fnt\n|faint|p2a: Arceus\n|\n|win|qing_kong1423\n|raw|qing_kong1423's rating: 1511 &rarr; <strong>1536<\/strong><br \/>(+25 for winning)\n|raw|happysh's rating: 1604 &rarr; <strong>1579<\/strong><br \/>(-25 for losing)\n|l|\u2606happysh\n","uploadtime":1698807353,"views":13,"p1id":"qingkong1423","p2id":"happysh","formatid":"gen9anythinggoes","rating":1536,"private":0,"password":""}