{"id":"gen9anythinggoes-1976894122","p1":"YaBoiOz","p2":"Lucasoduncu","format":"[Gen 9] Anything Goes","log":"|j|\u203dYaBoiOz\n|j|\u2606Lucasoduncu\n|t:|1698350164\n|gametype|singles\n|player|p1|YaBoiOz|170|1000\n|player|p2|Lucasoduncu|cameraman|1000\n|teamsize|p1|6\n|teamsize|p2|5\n|gen|9\n|tier|[Gen 9] Anything Goes\n|rated|\n|rule|HP Percentage Mod: HP is shown in percentages\n|rule|Endless Battle Clause: Forcing endless battles is banned\n|clearpoke\n|poke|p1|Arceus-Fairy|\n|poke|p1|Hoopa-Unbound|\n|poke|p1|Infernape, M|\n|poke|p1|Cinderace, F|\n|poke|p1|Samurott, F|\n|poke|p1|Dragapult, M|\n|poke|p2|Cyndaquil, F|\n|poke|p2|Quilava, F|\n|poke|p2|Typhlosion, M|\n|poke|p2|Typhlosion-Hisui, F|\n|poke|p2|Magikarp, M|\n|teampreview\n|\n|t:|1698350167\n|start\n|switch|p1a: Hoopa|Hoopa-Unbound|100\/100\n|switch|p2a: Quilava|Quilava, F, shiny|100\/100\n|turn|1\n|\n|t:|1698350176\n|move|p2a: Quilava|Smokescreen|p1a: Hoopa\n|-unboost|p1a: Hoopa|accuracy|1\n|move|p1a: Hoopa|Knock Off|p2a: Quilava|[miss]\n|-miss|p1a: Hoopa|p2a: Quilava\n|\n|upkeep\n|turn|2\n|\n|t:|1698350185\n|move|p2a: Quilava|Substitute|p2a: Quilava\n|-start|p2a: Quilava|Substitute\n|-damage|p2a: Quilava|76\/100\n|move|p1a: Hoopa|Taunt|p2a: Quilava\n|-start|p2a: Quilava|move: Taunt\n|\n|upkeep\n|turn|3\n|inactive|Battle timer is ON: inactive players will automatically lose when time's up. (requested by Lucasoduncu)\n|\n|t:|1698350211\n|move|p2a: Quilava|Rollout|p1a: Hoopa\n|-damage|p1a: Hoopa|93\/100\n|move|p1a: Hoopa|Sunny Day|p1a: Hoopa\n|-weather|SunnyDay\n|\n|-weather|SunnyDay|[upkeep]\n|upkeep\n|turn|4\n|\n|t:|1698350220\n|move|p2a: Quilava|Rollout|p1a: Hoopa|[from]lockedmove\n|-damage|p1a: Hoopa|76\/100\n|move|p1a: Hoopa|Knock Off|p2a: Quilava\n|-end|p2a: Quilava|Substitute\n|-item|p1a: Hoopa|Eviolite|[from] ability: Magician|[of] p2a: Quilava\n|\n|-weather|SunnyDay|[upkeep]\n|upkeep\n|turn|5\n|inactive|YaBoiOz has 120 seconds left.\n|inactive|YaBoiOz has 90 seconds left.\n|\n|t:|1698350282\n|move|p2a: Quilava|Rollout|p1a: Hoopa|[from]lockedmove\n|-damage|p1a: Hoopa|47\/100\n|move|p1a: Hoopa|Sunny Day||[still]\n|-fail|p1a: Hoopa\n|\n|-weather|SunnyDay|[upkeep]\n|-end|p2a: Quilava|move: Taunt\n|upkeep\n|turn|6\n|\n|t:|1698350289\n|switch|p1a: Infernape|Infernape, M|100\/100\n|move|p2a: Quilava|Rollout|p1a: Infernape|[from]lockedmove|[miss]\n|-miss|p2a: Quilava|p1a: Infernape\n|\n|-weather|SunnyDay|[upkeep]\n|upkeep\n|turn|7\n|\n|t:|1698350295\n|move|p2a: Quilava|Defense Curl|p2a: Quilava\n|-boost|p2a: Quilava|def|1\n|move|p1a: Infernape|Fire Spin|p2a: Quilava\n|-resisted|p2a: Quilava\n|-crit|p2a: Quilava\n|-damage|p2a: Quilava|45\/100\n|-activate|p2a: Quilava|move: Fire Spin|[of] p1a: Infernape\n|\n|-weather|none\n|-damage|p2a: Quilava|32\/100|[from] move: Fire Spin|[partiallytrapped]\n|upkeep\n|turn|8\n|inactive|YaBoiOz has 90 seconds left.\n|\n|t:|1698350334\n|switch|p1a: Hoopa|Hoopa-Unbound|47\/100\n|move|p2a: Quilava|Rollout|p1a: Hoopa|[miss]\n|-miss|p2a: Quilava|p1a: Hoopa\n|\n|-end|p2a: Quilava|Fire Spin|[partiallytrapped]|[silent]\n|upkeep\n|turn|9\n|\n|t:|1698350340\n|move|p2a: Quilava|Rollout|p1a: Hoopa\n|-damage|p1a: Hoopa|33\/100\n|move|p1a: Hoopa|Sunny Day|p1a: Hoopa\n|-weather|SunnyDay\n|\n|-weather|SunnyDay|[upkeep]\n|upkeep\n|turn|10\n|\n|t:|1698350346\n|move|p2a: Quilava|Rollout|p1a: Hoopa|[from]lockedmove\n|-damage|p1a: Hoopa|0 fnt\n|faint|p1a: Hoopa\n|\n|-weather|SunnyDay|[upkeep]\n|upkeep\n|\n|t:|1698350352\n|switch|p1a: Cinderace|Cinderace, F, shiny|100\/100\n|turn|11\n|\n|t:|1698350355\n|move|p1a: Cinderace|Fire Spin|p2a: Quilava\n|-resisted|p2a: Quilava\n|-damage|p2a: Quilava|19\/100\n|-activate|p2a: Quilava|move: Fire Spin|[of] p1a: Cinderace\n|move|p2a: Quilava|Rollout|p1a: Cinderace|[from]lockedmove\n|-supereffective|p1a: Cinderace\n|-damage|p1a: Cinderace|0 fnt\n|faint|p1a: Cinderace\n|\n|-weather|SunnyDay|[upkeep]\n|-end|p2a: Quilava|Fire Spin|[partiallytrapped]|[silent]\n|upkeep\n|inactive|YaBoiOz has 90 seconds left.\n|\n|t:|1698350377\n|switch|p1a: Infernape|Infernape, M|100\/100\n|turn|12\n|\n|t:|1698350380\n|move|p2a: Quilava|Rollout|p1a: Infernape|[from]lockedmove\n|-damage|p1a: Infernape|0 fnt\n|faint|p1a: Infernape\n|\n|-weather|SunnyDay|[upkeep]\n|upkeep\n|inactive|YaBoiOz has 90 seconds left.\n|\n|t:|1698350388\n|switch|p1a: Arceus|Arceus-Fairy|100\/100\n|turn|13\n|\n|t:|1698350393\n|move|p2a: Quilava|Rollout|p1a: Arceus|[from]lockedmove\n|-damage|p1a: Arceus|0 fnt\n|faint|p1a: Arceus\n|\n|-weather|none\n|upkeep\n|\n|t:|1698350398\n|switch|p1a: Samurott|Samurott, F, shiny|100\/100\n|turn|14\n|\n|t:|1698350404\n|move|p2a: Quilava|Smokescreen|p1a: Samurott\n|-unboost|p1a: Samurott|accuracy|1\n|move|p1a: Samurott|Rain Dance|p1a: Samurott\n|-weather|RainDance\n|\n|-weather|RainDance|[upkeep]\n|upkeep\n|turn|15\n|\n|t:|1698350410\n|-terastallize|p2a: Quilava|Rock\n|move|p2a: Quilava|Rollout|p1a: Samurott\n|-damage|p1a: Samurott|83\/100\n|move|p1a: Samurott|Aqua Cutter|p2a: Quilava\n|-supereffective|p2a: Quilava\n|-damage|p2a: Quilava|0 fnt\n|faint|p2a: Quilava\n|\n|-weather|RainDance|[upkeep]\n|-heal|p1a: Samurott|89\/100|[from] item: Leftovers\n|upkeep\n|\n|t:|1698350418\n|switch|p2a: Cyndaquil|Cyndaquil, F, shiny|100\/100\n|turn|16\n|inactive|YaBoiOz has 120 seconds left.\n|\n|t:|1698350425\n|move|p2a: Cyndaquil|Endure|p2a: Cyndaquil\n|-singleturn|p2a: Cyndaquil|move: Endure\n|move|p1a: Samurott|Focus Energy|p1a: Samurott\n|-start|p1a: Samurott|move: Focus Energy\n|\n|-weather|RainDance|[upkeep]\n|-heal|p1a: Samurott|95\/100|[from] item: Leftovers\n|upkeep\n|turn|17\n|\n|t:|1698350432\n|switch|p2a: BorringContentNEXT|Magikarp, M|100\/100\n|move|p1a: Samurott|Aqua Cutter|p2a: BorringContentNEXT\n|-resisted|p2a: BorringContentNEXT\n|-crit|p2a: BorringContentNEXT\n|-damage|p2a: BorringContentNEXT|25\/100\n|\n|-weather|RainDance|[upkeep]\n|-heal|p1a: Samurott|100\/100|[from] item: Leftovers\n|upkeep\n|turn|18\n|inactive|YaBoiOz has 120 seconds left.\n|\n|t:|1698350451\n|move|p2a: BorringContentNEXT|Flail|p1a: Samurott\n|-damage|p1a: Samurott|92\/100\n|move|p1a: Samurott|Aqua Cutter|p2a: BorringContentNEXT\n|-resisted|p2a: BorringContentNEXT\n|-crit|p2a: BorringContentNEXT\n|-damage|p2a: BorringContentNEXT|0 fnt\n|faint|p2a: BorringContentNEXT\n|\n|-weather|none\n|-heal|p1a: Samurott|98\/100|[from] item: Leftovers\n|upkeep\n|\n|t:|1698350454\n|switch|p2a: Typhlosion|Typhlosion, M, shiny|100\/100\n|turn|19\n|\n|t:|1698350461\n|move|p2a: Typhlosion|Fire Spin|p1a: Samurott\n|-resisted|p1a: Samurott\n|-damage|p1a: Samurott|92\/100\n|-activate|p1a: Samurott|move: Fire Spin|[of] p2a: Typhlosion\n|move|p1a: Samurott|Rain Dance|p1a: Samurott\n|-weather|RainDance\n|\n|-weather|RainDance|[upkeep]\n|-heal|p1a: Samurott|98\/100|[from] item: Leftovers\n|-damage|p1a: Samurott|86\/100|[from] move: Fire Spin|[partiallytrapped]\n|upkeep\n|turn|20\n|\n|t:|1698350471\n|move|p2a: Typhlosion|Curse|p2a: Typhlosion\n|-unboost|p2a: Typhlosion|spe|1\n|-boost|p2a: Typhlosion|atk|1\n|-boost|p2a: Typhlosion|def|1\n|move|p1a: Samurott|Aqua Cutter|p2a: Typhlosion|[miss]\n|-miss|p1a: Samurott|p2a: Typhlosion\n|\n|-weather|RainDance|[upkeep]\n|-heal|p1a: Samurott|92\/100|[from] item: Leftovers\n|-damage|p1a: Samurott|80\/100|[from] move: Fire Spin|[partiallytrapped]\n|upkeep\n|turn|21\n|\n|t:|1698350481\n|move|p1a: Samurott|Aqua Cutter|p2a: Typhlosion\n|-supereffective|p2a: Typhlosion\n|-crit|p2a: Typhlosion\n|-damage|p2a: Typhlosion|0 fnt\n|faint|p2a: Typhlosion\n|\n|-weather|RainDance|[upkeep]\n|-heal|p1a: Samurott|86\/100|[from] item: Leftovers\n|-end|p1a: Samurott|Fire Spin|[partiallytrapped]|[silent]\n|upkeep\n|\n|t:|1698350486\n|switch|p2a: Cyndaquil|Cyndaquil, F, shiny|100\/100\n|turn|22\n|\n|t:|1698350492\n|move|p2a: Cyndaquil|Flame Charge|p1a: Samurott\n|-resisted|p1a: Samurott\n|-damage|p1a: Samurott|83\/100\n|-boost|p2a: Cyndaquil|spe|1\n|move|p1a: Samurott|Aqua Cutter|p2a: Cyndaquil\n|-supereffective|p2a: Cyndaquil\n|-crit|p2a: Cyndaquil\n|-damage|p2a: Cyndaquil|0 fnt\n|faint|p2a: Cyndaquil\n|\n|-weather|RainDance|[upkeep]\n|-heal|p1a: Samurott|89\/100|[from] item: Leftovers\n|upkeep\n|\n|t:|1698350494\n|switch|p2a: Typhlosion|Typhlosion-Hisui, F, shiny|100\/100\n|-item|p1a: Samurott|Leftovers|[from] ability: Frisk|[of] p2a: Typhlosion|[identify]\n|turn|23\n|\n|t:|1698350517\n|move|p2a: Typhlosion|Infernal Parade|p1a: Samurott\n|-damage|p1a: Samurott|58\/100\n|move|p1a: Samurott|Aqua Cutter|p2a: Typhlosion|[miss]\n|-miss|p1a: Samurott|p2a: Typhlosion\n|\n|-weather|none\n|-heal|p1a: Samurott|64\/100|[from] item: Leftovers\n|upkeep\n|turn|24\n|\n|t:|1698350529\n|move|p2a: Typhlosion|Infernal Parade|p1a: Samurott\n|-damage|p1a: Samurott|30\/100\n|move|p1a: Samurott|Aqua Cutter|p2a: Typhlosion\n|-supereffective|p2a: Typhlosion\n|-crit|p2a: Typhlosion\n|-damage|p2a: Typhlosion|0 fnt\n|faint|p2a: Typhlosion\n|\n|win|YaBoiOz\n|raw|YaBoiOz's rating: 1000 &rarr; <strong>1040<\/strong><br \/>(+40 for winning)\n|raw|Lucasoduncu's rating: 1000 &rarr; <strong>1000<\/strong><br \/>(+0 for losing)\n","uploadtime":1698350532,"views":10,"p1id":"yaboioz","p2id":"lucasoduncu","formatid":"gen9anythinggoes","rating":1000,"private":0,"password":""}