{"id":"gen9anythinggoes-1990643214","p1":"Rike 90s","p2":"EL145898","format":"[Gen 9] Anything Goes","log":"|j|\u2606Rike 90s\n|j|\u2606EL145898\n|t:|1699988172\n|gametype|singles\n|player|p1|Rike 90s|2|1209\n|player|p2|EL145898|265|1319\n|teamsize|p1|6\n|teamsize|p2|6\n|gen|9\n|tier|[Gen 9] Anything Goes\n|rated|\n|rule|HP Percentage Mod: HP is shown in percentages\n|rule|Endless Battle Clause: Forcing endless battles is banned\n|clearpoke\n|poke|p1|Drifblim, F|\n|poke|p1|Starly, L1, F|\n|poke|p1|Brute Bonnet|\n|poke|p1|Espathra, F|\n|poke|p1|Krookodile, M|\n|poke|p1|Chimecho, F|\n|poke|p2|Ribombee, F|\n|poke|p2|Ogerpon-Wellspring, F|\n|poke|p2|Cyclizar, M|\n|poke|p2|Baxcalibur, M|\n|poke|p2|Palafin, M|\n|poke|p2|Gholdengo|\n|teampreview\n|\n|t:|1699988176\n|start\n|switch|p1a: Brute Bonnet|Brute Bonnet|100\/100\n|switch|p2a: Ribombee|Ribombee, F|100\/100\n|turn|1\n|\n|t:|1699988181\n|move|p2a: Ribombee|Sticky Web|p1a: Brute Bonnet\n|-sidestart|p1: Rike 90s|move: Sticky Web\n|move|p1a: Brute Bonnet|Spore|p2a: Ribombee\n|-status|p2a: Ribombee|slp|[from] move: Spore\n|\n|upkeep\n|turn|2\n|\n|t:|1699988188\n|-end|p1a: Brute Bonnet|Protosynthesis|[silent]\n|switch|p1a: Espathra|Espathra, F|100\/100\n|-activate|p1a: Espathra|move: Sticky Web\n|-unboost|p1a: Espathra|spe|1\n|cant|p2a: Ribombee|slp\n|\n|upkeep\n|turn|3\n|\n|t:|1699988192\n|cant|p2a: Ribombee|slp\n|move|p1a: Espathra|Substitute|p1a: Espathra\n|-start|p1a: Espathra|Substitute\n|-damage|p1a: Espathra|76\/100\n|\n|-ability|p1a: Espathra|Speed Boost|boost\n|-boost|p1a: Espathra|spe|1\n|upkeep\n|turn|4\n|\n|t:|1699988196\n|cant|p2a: Ribombee|slp\n|move|p1a: Espathra|Calm Mind|p1a: Espathra\n|-boost|p1a: Espathra|spa|1\n|-boost|p1a: Espathra|spd|1\n|\n|-ability|p1a: Espathra|Speed Boost|boost\n|-boost|p1a: Espathra|spe|1\n|upkeep\n|turn|5\n|\n|t:|1699988199\n|move|p1a: Espathra|Calm Mind|p1a: Espathra\n|-boost|p1a: Espathra|spa|1\n|-boost|p1a: Espathra|spd|1\n|-curestatus|p2a: Ribombee|slp|[msg]\n|move|p2a: Ribombee|Bug Buzz|p1a: Espathra\n|-supereffective|p1a: Espathra\n|-damage|p1a: Espathra|29\/100\n|\n|-ability|p1a: Espathra|Speed Boost|boost\n|-boost|p1a: Espathra|spe|1\n|upkeep\n|turn|6\n|inactive|Battle timer is ON: inactive players will automatically lose when time's up. (requested by Rike 90s)\n|\n|t:|1699988206\n|move|p1a: Espathra|Protect|p1a: Espathra\n|-singleturn|p1a: Espathra|Protect\n|move|p2a: Ribombee|Bug Buzz|p1a: Espathra\n|-activate|p1a: Espathra|move: Protect\n|\n|-ability|p1a: Espathra|Speed Boost|boost\n|-boost|p1a: Espathra|spe|1\n|upkeep\n|turn|7\n|\n|t:|1699988211\n|move|p1a: Espathra|Baton Pass|p1a: Espathra\n|\n|t:|1699988220\n|switch|p1a: Drifblim|Drifblim, F|100\/100|[from] Baton Pass\n|move|p2a: Ribombee|Bug Buzz|p1a: Drifblim\n|-resisted|p1a: Drifblim\n|-damage|p1a: Drifblim|95\/100\n|\n|upkeep\n|turn|8\n|\n|t:|1699988229\n|switch|p2a: Baxcalibur|Baxcalibur, M|100\/100\n|move|p1a: Drifblim|Minimize|p1a: Drifblim\n|-boost|p1a: Drifblim|evasion|2\n|\n|upkeep\n|turn|9\n|\n|t:|1699988231\n|move|p1a: Drifblim|Minimize|p1a: Drifblim\n|-boost|p1a: Drifblim|evasion|2\n|move|p2a: Baxcalibur|Icicle Spear|p1a: Drifblim|[miss]\n|-miss|p2a: Baxcalibur|p1a: Drifblim\n|\n|upkeep\n|turn|10\n|\n|t:|1699988237\n|move|p1a: Drifblim|Minimize|p1a: Drifblim\n|-boost|p1a: Drifblim|evasion|2\n|move|p2a: Baxcalibur|Icicle Spear|p1a: Drifblim|[miss]\n|-miss|p2a: Baxcalibur|p1a: Drifblim\n|\n|upkeep\n|turn|11\n|\n|t:|1699988242\n|move|p1a: Drifblim|Calm Mind|p1a: Drifblim\n|-boost|p1a: Drifblim|spa|1\n|-boost|p1a: Drifblim|spd|1\n|move|p2a: Baxcalibur|Icicle Spear|p1a: Drifblim\n|-supereffective|p1a: Drifblim\n|-end|p1a: Drifblim|Substitute\n|-supereffective|p1a: Drifblim\n|-damage|p1a: Drifblim|51\/100\n|-supereffective|p1a: Drifblim\n|-damage|p1a: Drifblim|6\/100\n|-enditem|p1a: Drifblim|Sitrus Berry|[eat]\n|-heal|p1a: Drifblim|31\/100|[from] item: Sitrus Berry\n|-supereffective|p1a: Drifblim\n|-damage|p1a: Drifblim|0 fnt\n|faint|p1a: Drifblim\n|-hitcount|p1: Drifblim|4\n|\n|upkeep\n|inactive|Rike 90s has 120 seconds left.\n|inactive|Rike 90s has 90 seconds left.\n|\n|t:|1699988303\n|switch|p1a: Starly|Starly, L1, F|100\/100\n|turn|12\n|\n|t:|1699988306\n|move|p2a: Baxcalibur|Icicle Spear|p1a: Starly\n|-supereffective|p1a: Starly\n|-enditem|p1a: Starly|Focus Sash\n|-damage|p1a: Starly|9\/100\n|-supereffective|p1a: Starly\n|-damage|p1a: Starly|0 fnt\n|faint|p1a: Starly\n|-hitcount|p1: Starly|2\n|\n|upkeep\n|\n|t:|1699988311\n|switch|p1a: Brute Bonnet|Brute Bonnet|100\/100\n|-activate|p1a: Brute Bonnet|move: Sticky Web\n|-unboost|p1a: Brute Bonnet|spe|1\n|turn|13\n|\n|t:|1699988313\n|move|p2a: Baxcalibur|Swords Dance|p2a: Baxcalibur\n|-boost|p2a: Baxcalibur|atk|2\n|move|p1a: Brute Bonnet|Spore|p2a: Baxcalibur\n|-status|p2a: Baxcalibur|slp|[from] move: Spore\n|\n|upkeep\n|turn|14\n|inactive|Rike 90s has 120 seconds left.\n|\n|t:|1699988319\n|-end|p1a: Brute Bonnet|Protosynthesis|[silent]\n|switch|p1a: Espathra|Espathra, F|29\/100\n|-activate|p1a: Espathra|move: Sticky Web\n|-unboost|p1a: Espathra|spe|1\n|cant|p2a: Baxcalibur|slp\n|\n|upkeep\n|turn|15\n|\n|t:|1699988328\n|-curestatus|p2a: Baxcalibur|slp|[msg]\n|move|p2a: Baxcalibur|Scale Shot|p1a: Espathra\n|-crit|p1a: Espathra\n|-damage|p1a: Espathra|0 fnt\n|faint|p1a: Espathra\n|-hitcount|p1: Espathra|1\n|-unboost|p2a: Baxcalibur|def|1\n|-boost|p2a: Baxcalibur|spe|1\n|\n|upkeep\n|inactive|Rike 90s has 120 seconds left.\n|inactive|Rike 90s has 90 seconds left.\n|inactive|Rike 90s has 60 seconds left.\n|inactive|Rike 90s has 30 seconds left.\n|inactive|Rike 90s has 20 seconds left.\n|inactive|Rike 90s has 15 seconds left.\n|inactive|Rike 90s has 10 seconds left.\n|inactive|Rike 90s has 5 seconds left.\n|-message|Rike 90s lost due to inactivity.\n|\n|win|EL145898\n|raw|Rike 90s's rating: 1209 &rarr; <strong>1192<\/strong><br \/>(-17 for losing)\n|raw|EL145898's rating: 1319 &rarr; <strong>1333<\/strong><br \/>(+14 for winning)\n","uploadtime":1699988462,"views":4,"p1id":"rike90s","p2id":"el145898","formatid":"gen9anythinggoes","rating":1192,"private":0,"password":""}