{"id":"gen9anythinggoes-1984470574","p1":"eavo x","p2":"pikatchouk 2","format":"[Gen 9] Anything Goes","log":"|j|\u2606eavo x\n|j|\u2606pikatchouk 2\n|t:|1699268911\n|gametype|singles\n|player|p1|eavo x|erika-gen2|1677\n|player|p2|pikatchouk 2|169|1639\n|teamsize|p1|6\n|teamsize|p2|6\n|gen|9\n|tier|[Gen 9] Anything Goes\n|rated|\n|rule|HP Percentage Mod: HP is shown in percentages\n|rule|Endless Battle Clause: Forcing endless battles is banned\n|clearpoke\n|poke|p1|Kingambit, F|\n|poke|p1|Ting-Lu|\n|poke|p1|Eternatus|\n|poke|p1|Calyrex-Shadow|\n|poke|p1|Landorus-Therian, M|\n|poke|p1|Koraidon|\n|poke|p2|Miraidon|\n|poke|p2|Ting-Lu|\n|poke|p2|Calyrex-Shadow|\n|poke|p2|Toxapex, M|\n|poke|p2|Zacian-*|\n|poke|p2|Arceus|\n|teampreview\n|inactive|Battle timer is ON: inactive players will automatically lose when time's up. (requested by eavo x)\n|\n|t:|1699268923\n|start\n|switch|p1a: In The Clouds|Landorus-Therian, M, shiny|100\/100\n|switch|p2a: Arceus|Arceus|100\/100\n|-ability|p1a: In The Clouds|Intimidate|boost\n|-unboost|p2a: Arceus|atk|1\n|turn|1\n|\n|t:|1699268927\n|move|p2a: Arceus|Taunt|p1a: In The Clouds\n|-start|p1a: In The Clouds|move: Taunt\n|move|p1a: In The Clouds|U-turn|p2a: Arceus\n|-damage|p2a: Arceus|84\/100\n|\n|t:|1699268937\n|switch|p1a: Featured Today|Koraidon|100\/100|[from] U-turn\n|-weather|SunnyDay|[from] ability: Orichalcum Pulse|[of] p1a: Featured Today\n|-activate|p1a: Featured Today|Orichalcum Pulse|[source]\n|\n|-weather|SunnyDay|[upkeep]\n|-heal|p2a: Arceus|90\/100|[from] item: Leftovers\n|upkeep\n|turn|2\n|\n|t:|1699268943\n|switch|p2a: Toxapex|Toxapex, M|100\/100\n|move|p1a: Featured Today|U-turn|p2a: Toxapex\n|-resisted|p2a: Toxapex\n|-damage|p2a: Toxapex|90\/100\n|-damage|p1a: Featured Today|84\/100|[from] item: Rocky Helmet|[of] p2a: Toxapex\n|\n|t:|1699268946\n|switch|p1a: In The Clouds|Landorus-Therian, M, shiny|100\/100|[from] U-turn\n|-ability|p1a: In The Clouds|Intimidate|boost\n|-unboost|p2a: Toxapex|atk|1\n|\n|-weather|SunnyDay|[upkeep]\n|upkeep\n|turn|3\n|\n|t:|1699268951\n|move|p1a: In The Clouds|Taunt|p2a: Toxapex\n|-start|p2a: Toxapex|move: Taunt\n|cant|p2a: Toxapex|move: Taunt|Toxic\n|\n|-weather|SunnyDay|[upkeep]\n|upkeep\n|turn|4\n|\n|t:|1699268957\n|switch|p2a: Arceus|Arceus|90\/100\n|move|p1a: In The Clouds|Stealth Rock|p2a: Arceus\n|-sidestart|p2: pikatchouk 2|move: Stealth Rock\n|\n|-weather|SunnyDay|[upkeep]\n|-heal|p2a: Arceus|96\/100|[from] item: Leftovers\n|upkeep\n|turn|5\n|inactive|pikatchouk 2 has 120 seconds left.\n|\n|t:|1699268987\n|move|p2a: Arceus|Extreme Speed|p1a: In The Clouds\n|-damage|p1a: In The Clouds|71\/100\n|-damage|p2a: Arceus|79\/100|[from] item: Rocky Helmet|[of] p1a: In The Clouds\n|move|p1a: In The Clouds|U-turn|p2a: Arceus\n|-damage|p2a: Arceus|63\/100\n|\n|t:|1699268998\n|switch|p1a: The Dark Horse|Calyrex-Shadow|100\/100|[from] U-turn\n|-ability|p1a: The Dark Horse|As One\n|-ability|p1a: The Dark Horse|Unnerve\n|\n|-weather|none\n|-heal|p2a: Arceus|69\/100|[from] item: Leftovers\n|upkeep\n|turn|6\n|\n|t:|1699269006\n|switch|p2a: Ting-Lu|Ting-Lu|100\/100\n|-damage|p2a: Ting-Lu|94\/100|[from] Stealth Rock\n|-ability|p2a: Ting-Lu|Vessel of Ruin\n|move|p1a: The Dark Horse|Encore||[still]\n|-fail|p1a: The Dark Horse\n|\n|-heal|p2a: Ting-Lu|100\/100|[from] item: Leftovers\n|upkeep\n|turn|7\n|\n|t:|1699269016\n|switch|p1a: In The Clouds|Landorus-Therian, M, shiny|71\/100\n|-ability|p1a: In The Clouds|Intimidate|boost\n|-unboost|p2a: Ting-Lu|atk|1\n|move|p2a: Ting-Lu|Spikes|p1a: In The Clouds\n|-sidestart|p1: eavo x|Spikes\n|\n|upkeep\n|turn|8\n|\n|t:|1699269021\n|move|p1a: In The Clouds|Taunt|p2a: Ting-Lu\n|-start|p2a: Ting-Lu|move: Taunt\n|move|p2a: Ting-Lu|Ruination|p1a: In The Clouds\n|-damage|p1a: In The Clouds|36\/100\n|\n|upkeep\n|turn|9\n|\n|t:|1699269033\n|move|p1a: In The Clouds|U-turn|p2a: Ting-Lu\n|-supereffective|p2a: Ting-Lu\n|-damage|p2a: Ting-Lu|74\/100\n|\n|t:|1699269046\n|switch|p1a: Eternal Suffering|Eternatus, shiny|100\/100|[from] U-turn\n|-ability|p1a: Eternal Suffering|Pressure\n|move|p2a: Ting-Lu|Ruination|p1a: Eternal Suffering\n|-damage|p1a: Eternal Suffering|51\/100\n|\n|-heal|p2a: Ting-Lu|80\/100|[from] item: Leftovers\n|upkeep\n|turn|10\n|\n|t:|1699269056\n|switch|p1a: Featured Today|Koraidon|84\/100\n|-damage|p1a: Featured Today|71\/100|[from] Spikes\n|-weather|SunnyDay|[from] ability: Orichalcum Pulse|[of] p1a: Featured Today\n|-activate|p1a: Featured Today|Orichalcum Pulse|[source]\n|move|p2a: Ting-Lu|Earthquake|p1a: Featured Today\n|-damage|p1a: Featured Today|50\/100\n|\n|-weather|SunnyDay|[upkeep]\n|-heal|p2a: Ting-Lu|86\/100|[from] item: Leftovers\n|-end|p2a: Ting-Lu|move: Taunt\n|upkeep\n|turn|11\n|\n|t:|1699269067\n|switch|p2a: Toxapex|Toxapex, M|100\/100\n|-damage|p2a: Toxapex|88\/100|[from] Stealth Rock\n|move|p1a: Featured Today|Low Kick|p2a: Toxapex\n|-resisted|p2a: Toxapex\n|-damage|p2a: Toxapex|79\/100\n|-damage|p1a: Featured Today|33\/100|[from] item: Rocky Helmet|[of] p2a: Toxapex\n|\n|-weather|SunnyDay|[upkeep]\n|upkeep\n|turn|12\n|\n|t:|1699269078\n|switch|p1a: Eternal Suffering|Eternatus, shiny|51\/100\n|-ability|p1a: Eternal Suffering|Pressure\n|switch|p2a: Calyrex|Calyrex-Shadow|100\/100\n|-ability|p2a: Calyrex|As One\n|-ability|p2a: Calyrex|Unnerve\n|-damage|p2a: Calyrex|88\/100|[from] Stealth Rock\n|\n|-weather|SunnyDay|[upkeep]\n|upkeep\n|turn|13\n|\n|t:|1699269087\n|switch|p1a: The Botez Gambit|Kingambit, F, shiny|100\/100\n|-damage|p1a: The Botez Gambit|88\/100|[from] Spikes\n|move|p2a: Calyrex|Astral Barrage|p1a: The Botez Gambit\n|-resisted|p1a: The Botez Gambit\n|-damage|p1a: The Botez Gambit|55\/100\n|\n|-weather|SunnyDay|[upkeep]\n|-heal|p1a: The Botez Gambit|61\/100|[from] item: Leftovers\n|upkeep\n|turn|14\n|\n|t:|1699269099\n|move|p2a: Calyrex|Encore||[still]\n|-fail|p2a: Calyrex\n|move|p1a: The Botez Gambit|Kowtow Cleave|p2a: Calyrex\n|-supereffective|p2a: Calyrex\n|-damage|p2a: Calyrex|0 fnt\n|faint|p2a: Calyrex\n|\n|-weather|none\n|-heal|p1a: The Botez Gambit|67\/100|[from] item: Leftovers\n|upkeep\n|\n|t:|1699269109\n|switch|p2a: Miraidon|Miraidon|100\/100\n|-damage|p2a: Miraidon|88\/100|[from] Stealth Rock\n|-fieldstart|move: Electric Terrain|[from] ability: Hadron Engine|[of] p2a: Miraidon\n|turn|15\n|\n|t:|1699269113\n|-end|p1a: The Botez Gambit|fallenundefined|[silent]\n|switch|p1a: Desert Anchor|Ting-Lu|100\/100\n|-damage|p1a: Desert Anchor|88\/100|[from] Spikes\n|-ability|p1a: Desert Anchor|Vessel of Ruin\n|move|p2a: Miraidon|U-turn|p1a: Desert Anchor\n|-supereffective|p1a: Desert Anchor\n|-damage|p1a: Desert Anchor|73\/100\n|\n|t:|1699269123\n|switch|p2a: Zacian|Zacian-Crowned|100\/100|[from] U-turn\n|-damage|p2a: Zacian|94\/100|[from] Stealth Rock\n|-ability|p2a: Zacian|Intrepid Sword|boost\n|-boost|p2a: Zacian|atk|1\n|\n|-heal|p1a: Desert Anchor|79\/100|[from] item: Leftovers\n|upkeep\n|turn|16\n|\n|t:|1699269134\n|move|p2a: Zacian|Behemoth Blade|p1a: Desert Anchor\n|-damage|p1a: Desert Anchor|30\/100\n|move|p1a: Desert Anchor|Earthquake|p2a: Zacian\n|-supereffective|p2a: Zacian\n|-damage|p2a: Zacian|24\/100\n|\n|-heal|p1a: Desert Anchor|36\/100|[from] item: Leftovers\n|upkeep\n|turn|17\n|\n|t:|1699269140\n|switch|p1a: In The Clouds|Landorus-Therian, M, shiny|36\/100\n|-ability|p1a: In The Clouds|Intimidate|boost\n|-unboost|p2a: Zacian|atk|1\n|move|p2a: Zacian|Behemoth Blade|p1a: In The Clouds\n|-damage|p1a: In The Clouds|0 fnt\n|-damage|p2a: Zacian|7\/100|[from] item: Rocky Helmet|[of] p1a: In The Clouds\n|faint|p1a: In The Clouds\n|\n|upkeep\n|\n|t:|1699269151\n|switch|p1a: The Dark Horse|Calyrex-Shadow|100\/100\n|-ability|p1a: The Dark Horse|As One\n|-ability|p1a: The Dark Horse|Unnerve\n|turn|18\n|\n|t:|1699269160\n|move|p1a: The Dark Horse|Grass Knot|p2a: Zacian\n|-resisted|p2a: Zacian\n|-damage|p2a: Zacian|0 fnt\n|faint|p2a: Zacian\n|-ability|p1a: The Dark Horse|Grim Neigh|boost\n|-boost|p1a: The Dark Horse|spa|1\n|\n|upkeep\n|\n|t:|1699269163\n|switch|p2a: Miraidon|Miraidon|88\/100\n|-damage|p2a: Miraidon|76\/100|[from] Stealth Rock\n|-activate|p2a: Miraidon|ability: Hadron Engine\n|turn|19\n|\n|t:|1699269177\n|move|p2a: Miraidon|Volt Switch|p1a: The Dark Horse\n|-damage|p1a: The Dark Horse|33\/100\n|\n|t:|1699269183\n|switch|p2a: Ting-Lu|Ting-Lu|86\/100|[from] Volt Switch\n|-damage|p2a: Ting-Lu|80\/100|[from] Stealth Rock\n|-ability|p2a: Ting-Lu|Vessel of Ruin\n|move|p1a: The Dark Horse|Astral Barrage|p2a: Ting-Lu\n|-resisted|p2a: Ting-Lu\n|-damage|p2a: Ting-Lu|55\/100\n|\n|-heal|p2a: Ting-Lu|62\/100|[from] item: Leftovers\n|-fieldend|move: Electric Terrain\n|upkeep\n|turn|20\n|\n|t:|1699269195\n|-terastallize|p1a: The Dark Horse|Grass\n|move|p1a: The Dark Horse|Grass Knot|p2a: Ting-Lu\n|-supereffective|p2a: Ting-Lu\n|-damage|p2a: Ting-Lu|0 fnt\n|faint|p2a: Ting-Lu\n|-ability|p1a: The Dark Horse|Grim Neigh|boost\n|-boost|p1a: The Dark Horse|spa|1\n|\n|upkeep\n|\n|t:|1699269204\n|switch|p2a: Arceus|Arceus|69\/100\n|-damage|p2a: Arceus|57\/100|[from] Stealth Rock\n|turn|21\n|\n|t:|1699269208\n|move|p2a: Arceus|Extreme Speed|p1a: The Dark Horse\n|-damage|p1a: The Dark Horse|0 fnt\n|faint|p1a: The Dark Horse\n|\n|-heal|p2a: Arceus|63\/100|[from] item: Leftovers\n|upkeep\n|\n|t:|1699269212\n|switch|p1a: Featured Today|Koraidon|33\/100\n|-damage|p1a: Featured Today|21\/100|[from] Spikes\n|-weather|SunnyDay|[from] ability: Orichalcum Pulse|[of] p1a: Featured Today\n|-activate|p1a: Featured Today|Orichalcum Pulse|[source]\n|turn|22\n|\n|t:|1699269215\n|move|p2a: Arceus|Extreme Speed|p1a: Featured Today\n|-damage|p1a: Featured Today|0 fnt\n|faint|p1a: Featured Today\n|\n|-weather|SunnyDay|[upkeep]\n|-heal|p2a: Arceus|69\/100|[from] item: Leftovers\n|upkeep\n|\n|t:|1699269219\n|switch|p1a: The Botez Gambit|Kingambit, F, shiny|67\/100\n|-damage|p1a: The Botez Gambit|55\/100|[from] Spikes\n|-activate|p1a: The Botez Gambit|ability: Supreme Overlord\n|-start|p1a: The Botez Gambit|fallen3|[silent]\n|turn|23\n|\n|t:|1699269235\n|move|p2a: Arceus|Earthquake|p1a: The Botez Gambit\n|-supereffective|p1a: The Botez Gambit\n|-damage|p1a: The Botez Gambit|0 fnt\n|faint|p1a: The Botez Gambit\n|-end|p1a: The Botez Gambit|fallen3|[silent]\n|\n|-weather|SunnyDay|[upkeep]\n|-heal|p2a: Arceus|75\/100|[from] item: Leftovers\n|upkeep\n|\n|t:|1699269239\n|switch|p1a: Eternal Suffering|Eternatus, shiny|51\/100\n|-ability|p1a: Eternal Suffering|Pressure\n|turn|24\n|\n|t:|1699269247\n|move|p1a: Eternal Suffering|Recover|p1a: Eternal Suffering\n|-heal|p1a: Eternal Suffering|100\/100\n|move|p2a: Arceus|Swords Dance|p2a: Arceus\n|-boost|p2a: Arceus|atk|2\n|\n|-weather|SunnyDay|[upkeep]\n|-heal|p2a: Arceus|81\/100|[from] item: Leftovers\n|upkeep\n|turn|25\n|\n|t:|1699269259\n|move|p1a: Eternal Suffering|Dynamax Cannon|p2a: Arceus\n|-damage|p2a: Arceus|48\/100\n|move|p2a: Arceus|Swords Dance|p2a: Arceus\n|-boost|p2a: Arceus|atk|2\n|\n|-weather|SunnyDay|[upkeep]\n|-heal|p2a: Arceus|54\/100|[from] item: Leftovers\n|upkeep\n|turn|26\n|\n|t:|1699269264\n|move|p1a: Eternal Suffering|Dynamax Cannon|p2a: Arceus\n|-damage|p2a: Arceus|19\/100\n|move|p2a: Arceus|Earthquake|p1a: Eternal Suffering\n|-supereffective|p1a: Eternal Suffering\n|-damage|p1a: Eternal Suffering|0 fnt\n|faint|p1a: Eternal Suffering\n|\n|-weather|none\n|-heal|p2a: Arceus|25\/100|[from] item: Leftovers\n|upkeep\n|-message|eavo x forfeited.\n|\n|win|pikatchouk 2\n|raw|eavo x's rating: 1677 &rarr; <strong>1655<\/strong><br \/>(-22 for losing)\n|raw|pikatchouk 2's rating: 1639 &rarr; <strong>1661<\/strong><br \/>(+22 for winning)\n|l|\u2606eavo x\n","uploadtime":1699269305,"views":8,"p1id":"eavox","p2id":"pikatchouk2","formatid":"gen9anythinggoes","rating":1655,"private":0,"password":""}