{"id":"gen9anythinggoes-1978548764","p1":"HanzKrautsmann","p2":"Iamjjjpro","format":"[Gen 9] Anything Goes","log":"|j|\u2606HanzKrautsmann\n|j|\u2606Iamjjjpro\n|t:|1698554168\n|gametype|singles\n|player|p1|HanzKrautsmann|fisherman-gen4|1166\n|player|p2|Iamjjjpro|2|1184\n|teamsize|p1|6\n|teamsize|p2|6\n|gen|9\n|tier|[Gen 9] Anything Goes\n|rated|\n|rule|HP Percentage Mod: HP is shown in percentages\n|rule|Endless Battle Clause: Forcing endless battles is banned\n|clearpoke\n|poke|p1|Drifblim, M|\n|poke|p1|Clefable, F|\n|poke|p1|Calyrex-Shadow|\n|poke|p1|Shaymin-Sky|\n|poke|p1|Thundurus, M|\n|poke|p1|Espathra, F|\n|poke|p2|Maushold-Four|\n|poke|p2|Maushold-Four|\n|poke|p2|Maushold-Four|\n|poke|p2|Maushold-Four|\n|poke|p2|Maushold-Four|\n|poke|p2|Calyrex-Shadow|\n|teampreview\n|\n|t:|1698554184\n|start\n|switch|p1a: Espathra|Espathra, F, shiny|100\/100\n|switch|p2a: Maushold|Maushold-Four|100\/100\n|turn|1\n|\n|t:|1698554193\n|move|p2a: Maushold|Population Bomb|p1a: Espathra\n|-damage|p1a: Espathra|91\/100\n|-damage|p1a: Espathra|81\/100\n|-damage|p1a: Espathra|71\/100\n|-damage|p1a: Espathra|60\/100\n|-hitcount|p1a: Espathra|4\n|move|p1a: Espathra|Substitute|p1a: Espathra\n|-start|p1a: Espathra|Substitute\n|-damage|p1a: Espathra|36\/100\n|\n|-heal|p1a: Espathra|42\/100|[from] item: Leftovers\n|-ability|p1a: Espathra|Speed Boost|boost\n|-boost|p1a: Espathra|spe|1\n|upkeep\n|turn|2\n|\n|t:|1698554206\n|move|p1a: Espathra|Calm Mind|p1a: Espathra\n|-boost|p1a: Espathra|spa|1\n|-boost|p1a: Espathra|spd|1\n|move|p2a: Maushold|Population Bomb|p1a: Espathra|[miss]\n|-miss|p2a: Maushold|p1a: Espathra\n|\n|-heal|p1a: Espathra|48\/100|[from] item: Leftovers\n|-ability|p1a: Espathra|Speed Boost|boost\n|-boost|p1a: Espathra|spe|1\n|upkeep\n|turn|3\n|\n|t:|1698554215\n|move|p1a: Espathra|Calm Mind|p1a: Espathra\n|-boost|p1a: Espathra|spa|1\n|-boost|p1a: Espathra|spd|1\n|move|p2a: Maushold|Population Bomb|p1a: Espathra\n|-activate|p1a: Espathra|move: Substitute|[damage]\n|-hitcount|p1a: Espathra|1\n|\n|-heal|p1a: Espathra|54\/100|[from] item: Leftovers\n|-ability|p1a: Espathra|Speed Boost|boost\n|-boost|p1a: Espathra|spe|1\n|upkeep\n|turn|4\n|\n|t:|1698554225\n|move|p1a: Espathra|Calm Mind|p1a: Espathra\n|-boost|p1a: Espathra|spa|1\n|-boost|p1a: Espathra|spd|1\n|move|p2a: Maushold|Population Bomb|p1a: Espathra\n|-activate|p1a: Espathra|move: Substitute|[damage]\n|-end|p1a: Espathra|Substitute\n|-damage|p1a: Espathra|44\/100\n|-hitcount|p1a: Espathra|3\n|\n|-heal|p1a: Espathra|50\/100|[from] item: Leftovers\n|-ability|p1a: Espathra|Speed Boost|boost\n|-boost|p1a: Espathra|spe|1\n|upkeep\n|turn|5\n|\n|t:|1698554237\n|move|p1a: Espathra|Baton Pass|p1a: Espathra\n|\n|t:|1698554239\n|switch|p1a: Drifblim|Drifblim, M, shiny|100\/100|[from] Baton Pass\n|move|p2a: Maushold|Population Bomb|p1a: Drifblim\n|-immune|p1a: Drifblim\n|\n|upkeep\n|turn|6\n|c|\u2606HanzKrautsmann|L\n|\n|t:|1698554252\n|move|p1a: Drifblim|Substitute|p1a: Drifblim\n|-start|p1a: Drifblim|Substitute\n|-damage|p1a: Drifblim|75\/100\n|move|p2a: Maushold|Baton Pass|p2a: Maushold\n|\n|t:|1698554254\n|switch|p2a: Calyrex|Calyrex-Shadow|100\/100|[from] Baton Pass\n|-ability|p2a: Calyrex|As One\n|-ability|p2a: Calyrex|Unnerve\n|\n|upkeep\n|turn|7\n|\n|t:|1698554266\n|move|p1a: Drifblim|Minimize|p1a: Drifblim\n|-boost|p1a: Drifblim|evasion|2\n|move|p2a: Calyrex|Haze|p2a: Calyrex\n|-clearallboost\n|\n|upkeep\n|turn|8\n|\n|t:|1698554273\n|switch|p1a: Thundurus|Thundurus, M, shiny|100\/100\n|move|p2a: Calyrex|Astral Barrage|p1a: Thundurus\n|-enditem|p1a: Thundurus|Focus Sash\n|-damage|p1a: Thundurus|1\/100\n|\n|upkeep\n|turn|9\n|c|\u2606Iamjjjpro|L\n|\n|t:|1698554282\n|move|p1a: Thundurus|Taunt|p2a: Calyrex\n|-start|p2a: Calyrex|move: Taunt\n|move|p2a: Calyrex|Astral Barrage|p1a: Thundurus\n|-damage|p1a: Thundurus|0 fnt\n|faint|p1a: Thundurus\n|-ability|p2a: Calyrex|Grim Neigh|boost\n|-boost|p2a: Calyrex|spa|1\n|\n|upkeep\n|\n|t:|1698554289\n|switch|p1a: Drifblim|Drifblim, M, shiny|75\/100\n|turn|10\n|\n|t:|1698554292\n|move|p2a: Calyrex|Astral Barrage|p1a: Drifblim\n|-supereffective|p1a: Drifblim\n|-damage|p1a: Drifblim|0 fnt\n|faint|p1a: Drifblim\n|-ability|p2a: Calyrex|Grim Neigh|boost\n|-boost|p2a: Calyrex|spa|1\n|\n|upkeep\n|c|\u2606HanzKrautsmann|fucking bitch eat shit\n|-message|HanzKrautsmann forfeited.\n|\n|win|Iamjjjpro\n|raw|HanzKrautsmann's rating: 1166 &rarr; <strong>1142<\/strong><br \/>(-24 for losing)\n|raw|Iamjjjpro's rating: 1184 &rarr; <strong>1208<\/strong><br \/>(+24 for winning)\n","uploadtime":1698554304,"views":6,"p1id":"hanzkrautsmann","p2id":"iamjjjpro","formatid":"gen9anythinggoes","rating":1142,"private":0,"password":""}