{"id":"gen9anythinggoes-1980623751","p1":"FatYak","p2":"BusBus31","format":"[Gen 9] Anything Goes","log":"|j|\u2606FatYak\n|j|\u2606BusBus31\n|t:|1698804532\n|gametype|singles\n|player|p1|FatYak|workerice|\n|player|p2|BusBus31|2|\n|teamsize|p1|6\n|teamsize|p2|6\n|gen|9\n|tier|[Gen 9] Anything Goes\n|rule|HP Percentage Mod: HP is shown in percentages\n|rule|Endless Battle Clause: Forcing endless battles is banned\n|clearpoke\n|poke|p1|Goodra-Hisui, M|\n|poke|p1|Lokix, F|\n|poke|p1|Talonflame, F|\n|poke|p1|Alomomola, F|\n|poke|p1|Bellibolt, M|\n|poke|p1|Polteageist|\n|poke|p2|Gardevoir, F|\n|poke|p2|Heracross, M|\n|poke|p2|Gallade, M|\n|poke|p2|Greninja-*, F|\n|poke|p2|Tornadus-Therian, M|\n|poke|p2|Sneasler, M|\n|teampreview\n|c|\u2606FatYak|good luck king\n|\n|t:|1698804567\n|start\n|switch|p1a: Lokix|Lokix, F|100\/100\n|switch|p2a: Sneasler|Sneasler, M|100\/100\n|turn|1\n|\n|t:|1698804606\n|switch|p1a: Alomomola|Alomomola, F, shiny|100\/100\n|move|p2a: Sneasler|Sludge Bomb|p1a: Alomomola\n|-damage|p1a: Alomomola|81\/100\n|\n|upkeep\n|turn|2\n|j| CrazyMex23\n|l| CrazyMex23\n|\n|t:|1698804642\n|move|p2a: Sneasler|Dire Claw|p1a: Alomomola\n|-damage|p1a: Alomomola|63\/100\n|-damage|p2a: Sneasler|84\/100|[from] item: Rocky Helmet|[of] p1a: Alomomola\n|-status|p1a: Alomomola|psn|[from] ability: Poison Touch|[of] p2a: Sneasler\n|move|p1a: Alomomola|Whirlpool|p2a: Sneasler\n|-damage|p2a: Sneasler|75\/100\n|-activate|p2a: Sneasler|move: Whirlpool|[of] p1a: Alomomola\n|\n|-damage|p1a: Alomomola|50\/100 psn|[from] psn\n|-damage|p2a: Sneasler|63\/100|[from] move: Whirlpool|[partiallytrapped]\n|upkeep\n|turn|3\n|\n|t:|1698804657\n|move|p2a: Sneasler|Brick Break|p1a: Alomomola\n|-damage|p1a: Alomomola|32\/100 psn\n|-damage|p2a: Sneasler|46\/100|[from] item: Rocky Helmet|[of] p1a: Alomomola\n|move|p1a: Alomomola|Wish|p1a: Alomomola\n|\n|-damage|p1a: Alomomola|19\/100 psn|[from] psn\n|-damage|p2a: Sneasler|34\/100|[from] move: Whirlpool|[partiallytrapped]\n|upkeep\n|turn|4\n|\n|t:|1698804667\n|move|p1a: Alomomola|Protect|p1a: Alomomola\n|-singleturn|p1a: Alomomola|Protect\n|move|p2a: Sneasler|Dire Claw|p1a: Alomomola\n|-activate|p1a: Alomomola|move: Protect\n|\n|-heal|p1a: Alomomola|69\/100 psn|[from] move: Wish|[wisher] Alomomola\n|-damage|p1a: Alomomola|57\/100 psn|[from] psn\n|-damage|p2a: Sneasler|21\/100|[from] move: Whirlpool|[partiallytrapped]\n|upkeep\n|-enditem|p2a: Sneasler|Figy Berry|[eat]\n|-heal|p2a: Sneasler|55\/100|[from] item: Figy Berry\n|turn|5\n|j| CrazyMex23\n|\n|t:|1698804684\n|move|p2a: Sneasler|Protect|p2a: Sneasler\n|-singleturn|p2a: Sneasler|Protect\n|move|p1a: Alomomola|Wish|p1a: Alomomola\n|\n|-damage|p1a: Alomomola|45\/100 psn|[from] psn\n|-damage|p2a: Sneasler|42\/100|[from] move: Whirlpool|[partiallytrapped]\n|upkeep\n|turn|6\n|\n|t:|1698804691\n|move|p1a: Alomomola|Protect|p1a: Alomomola\n|-singleturn|p1a: Alomomola|Protect\n|move|p2a: Sneasler|Brick Break|p1a: Alomomola\n|-activate|p1a: Alomomola|move: Protect\n|\n|-heal|p1a: Alomomola|95\/100 psn|[from] move: Wish|[wisher] Alomomola\n|-damage|p1a: Alomomola|82\/100 psn|[from] psn\n|-damage|p2a: Sneasler|30\/100|[from] move: Whirlpool|[partiallytrapped]\n|upkeep\n|turn|7\n|\n|t:|1698804718\n|move|p2a: Sneasler|Sludge Bomb|p1a: Alomomola\n|-damage|p1a: Alomomola|64\/100 psn\n|move|p1a: Alomomola|Wish|p1a: Alomomola\n|\n|-damage|p1a: Alomomola|51\/100 psn|[from] psn\n|-end|p2a: Sneasler|Whirlpool|[partiallytrapped]\n|upkeep\n|turn|8\n|\n|t:|1698804728\n|move|p2a: Sneasler|Dire Claw|p1a: Alomomola\n|-damage|p1a: Alomomola|32\/100 psn\n|-damage|p2a: Sneasler|13\/100|[from] item: Rocky Helmet|[of] p1a: Alomomola\n|move|p1a: Alomomola|Whirlpool|p2a: Sneasler\n|-damage|p2a: Sneasler|5\/100\n|-activate|p2a: Sneasler|move: Whirlpool|[of] p1a: Alomomola\n|\n|-heal|p1a: Alomomola|82\/100 psn|[from] move: Wish|[wisher] Alomomola\n|-damage|p1a: Alomomola|70\/100 psn|[from] psn\n|-damage|p2a: Sneasler|0 fnt|[from] move: Whirlpool|[partiallytrapped]\n|faint|p2a: Sneasler\n|upkeep\n|\n|t:|1698804740\n|switch|p2a: Heracross|Heracross, M, shiny|100\/100\n|turn|9\n|\n|t:|1698804747\n|move|p2a: Heracross|Megahorn|p1a: Alomomola\n|-damage|p1a: Alomomola|45\/100 psn\n|-damage|p2a: Heracross|84\/100|[from] item: Rocky Helmet|[of] p1a: Alomomola\n|move|p1a: Alomomola|Play Rough|p2a: Heracross\n|-supereffective|p2a: Heracross\n|-damage|p2a: Heracross|34\/100\n|\n|-damage|p1a: Alomomola|32\/100 psn|[from] psn\n|upkeep\n|turn|10\n|\n|t:|1698804756\n|move|p2a: Heracross|Megahorn|p1a: Alomomola\n|-damage|p1a: Alomomola|5\/100 psn\n|-damage|p2a: Heracross|17\/100|[from] item: Rocky Helmet|[of] p1a: Alomomola\n|move|p1a: Alomomola|Wish|p1a: Alomomola\n|\n|-damage|p1a: Alomomola|0 fnt|[from] psn\n|faint|p1a: Alomomola\n|upkeep\n|\n|t:|1698804770\n|switch|p1a: Lokix|Lokix, F|100\/100\n|turn|11\n|\n|t:|1698804777\n|move|p1a: Lokix|U-turn|p2a: Heracross\n|-resisted|p2a: Heracross\n|-damage|p2a: Heracross|0 fnt\n|faint|p2a: Heracross\n|\n|t:|1698804782\n|switch|p1a: Bellibolt|Bellibolt, M|100\/100|[from] U-turn\n|\n|upkeep\n|\n|t:|1698804806\n|switch|p2a: Gallade|Gallade, M|100\/100\n|turn|12\n|\n|t:|1698804816\n|move|p2a: Gallade|Confuse Ray|p1a: Bellibolt\n|-start|p1a: Bellibolt|confusion\n|-activate|p1a: Bellibolt|confusion\n|move|p1a: Bellibolt|Toxic|p2a: Gallade\n|-status|p2a: Gallade|tox\n|\n|-damage|p2a: Gallade|94\/100 tox|[from] psn\n|upkeep\n|turn|13\n|\n|t:|1698804826\n|move|p2a: Gallade|Knock Off|p1a: Bellibolt\n|-damage|p1a: Bellibolt|84\/100\n|-enditem|p1a: Bellibolt|Leftovers|[from] move: Knock Off|[of] p2a: Gallade\n|-heal|p2a: Gallade|97\/100 tox|[from] item: Shell Bell|[of] p1a: Bellibolt\n|-activate|p1a: Bellibolt|confusion\n|move|p1a: Bellibolt|Volt Switch|p2a: Gallade\n|-damage|p2a: Gallade|71\/100 tox\n|\n|t:|1698804845\n|switch|p1a: Lokix|Lokix, F|100\/100|[from] Volt Switch\n|\n|-damage|p2a: Gallade|59\/100 tox|[from] psn\n|upkeep\n|turn|14\n|\n|t:|1698804861\n|move|p1a: Lokix|First Impression|p2a: Gallade\n|-damage|p2a: Gallade|0 fnt\n|faint|p2a: Gallade\n|\n|upkeep\n|\n|t:|1698804869\n|switch|p2a: Greninja|Greninja, F|100\/100\n|turn|15\n|\n|t:|1698804880\n|move|p1a: Lokix|U-turn|p2a: Greninja\n|-supereffective|p2a: Greninja\n|-crit|p2a: Greninja\n|-damage|p2a: Greninja|0 fnt\n|faint|p2a: Greninja\n|\n|t:|1698804889\n|switch|p1a: Goodra|Goodra-Hisui, M, shiny|100\/100|[from] U-turn\n|\n|upkeep\n|\n|t:|1698804898\n|switch|p2a: Gardevoir|Gardevoir, F|100\/100\n|turn|16\n|\n|t:|1698804901\n|move|p2a: Gardevoir|Ice Punch|p1a: Goodra\n|-damage|p1a: Goodra|91\/100\n|move|p1a: Goodra|Flash Cannon|p2a: Gardevoir\n|-supereffective|p2a: Gardevoir\n|-damage|p2a: Gardevoir|36\/100\n|\n|-heal|p1a: Goodra|97\/100|[from] item: Leftovers\n|upkeep\n|turn|17\n|\n|t:|1698804911\n|move|p2a: Gardevoir|Draining Kiss|p1a: Goodra\n|-damage|p1a: Goodra|82\/100\n|-heal|p2a: Gardevoir|50\/100|[from] drain|[of] p1a: Goodra\n|move|p1a: Goodra|Flash Cannon|p2a: Gardevoir\n|-supereffective|p2a: Gardevoir\n|-damage|p2a: Gardevoir|0 fnt\n|faint|p2a: Gardevoir\n|\n|-heal|p1a: Goodra|88\/100|[from] item: Leftovers\n|upkeep\n|\n|t:|1698804921\n|switch|p2a: Tornadus|Tornadus-Therian, M|100\/100\n|turn|18\n|\n|t:|1698804927\n|move|p2a: Tornadus|Agility|p2a: Tornadus\n|-boost|p2a: Tornadus|spe|2\n|move|p1a: Goodra|Draco Meteor|p2a: Tornadus|[miss]\n|-miss|p1a: Goodra|p2a: Tornadus\n|\n|-heal|p1a: Goodra|94\/100|[from] item: Leftovers\n|upkeep\n|turn|19\n|\n|t:|1698804935\n|move|p2a: Tornadus|Air Slash|p1a: Goodra\n|-resisted|p1a: Goodra\n|-damage|p1a: Goodra|86\/100\n|cant|p1a: Goodra|flinch\n|\n|-heal|p1a: Goodra|92\/100|[from] item: Leftovers\n|upkeep\n|turn|20\n|\n|t:|1698804942\n|move|p2a: Tornadus|Hurricane|p1a: Goodra\n|-resisted|p1a: Goodra\n|-damage|p1a: Goodra|80\/100\n|-start|p1a: Goodra|confusion\n|-activate|p1a: Goodra|confusion\n|-damage|p1a: Goodra|73\/100|[from] confusion\n|\n|-heal|p1a: Goodra|79\/100|[from] item: Leftovers\n|upkeep\n|turn|21\n|\n|t:|1698804957\n|move|p2a: Tornadus|Taunt|p1a: Goodra\n|-start|p1a: Goodra|move: Taunt\n|-activate|p1a: Goodra|confusion\n|-damage|p1a: Goodra|72\/100|[from] confusion\n|\n|-heal|p1a: Goodra|78\/100|[from] item: Leftovers\n|upkeep\n|turn|22\n|\n|t:|1698804968\n|move|p2a: Tornadus|Air Slash|p1a: Goodra\n|-resisted|p1a: Goodra\n|-damage|p1a: Goodra|70\/100\n|cant|p1a: Goodra|flinch\n|\n|-heal|p1a: Goodra|76\/100|[from] item: Leftovers\n|upkeep\n|turn|23\n|\n|t:|1698804975\n|move|p2a: Tornadus|Air Slash|p1a: Goodra\n|-resisted|p1a: Goodra\n|-damage|p1a: Goodra|68\/100\n|-activate|p1a: Goodra|confusion\n|-damage|p1a: Goodra|61\/100|[from] confusion\n|\n|-heal|p1a: Goodra|67\/100|[from] item: Leftovers\n|-end|p1a: Goodra|move: Taunt\n|upkeep\n|turn|24\n|\n|t:|1698804993\n|move|p2a: Tornadus|Hurricane|p1a: Goodra\n|-resisted|p1a: Goodra\n|-damage|p1a: Goodra|57\/100\n|-activate|p1a: Goodra|confusion\n|-damage|p1a: Goodra|50\/100|[from] confusion\n|\n|-heal|p1a: Goodra|56\/100|[from] item: Leftovers\n|upkeep\n|turn|25\n|\n|t:|1698805007\n|move|p2a: Tornadus|Air Slash|p1a: Goodra\n|-resisted|p1a: Goodra\n|-damage|p1a: Goodra|48\/100\n|-end|p1a: Goodra|confusion\n|move|p1a: Goodra|Draco Meteor|p2a: Tornadus\n|-damage|p2a: Tornadus|44\/100\n|-unboost|p1a: Goodra|spa|2\n|\n|-heal|p1a: Goodra|54\/100|[from] item: Leftovers\n|upkeep\n|turn|26\n|\n|t:|1698805020\n|switch|p1a: Bellibolt|Bellibolt, M|84\/100\n|move|p2a: Tornadus|Hurricane|p1a: Bellibolt\n|-resisted|p1a: Bellibolt\n|-damage|p1a: Bellibolt|65\/100\n|-start|p1a: Bellibolt|confusion\n|\n|upkeep\n|turn|27\n|\n|t:|1698805030\n|move|p2a: Tornadus|Agility|p2a: Tornadus\n|-boost|p2a: Tornadus|spe|2\n|-activate|p1a: Bellibolt|confusion\n|move|p1a: Bellibolt|Volt Switch|p2a: Tornadus\n|-supereffective|p2a: Tornadus\n|-damage|p2a: Tornadus|0 fnt\n|faint|p2a: Tornadus\n|\n|win|FatYak\n|c|\u2606FatYak|gg <3\n|l| CrazyMex23\n","uploadtime":1698805043,"views":10,"p1id":"fatyak","p2id":"busbus31","formatid":"gen9anythinggoes","rating":0,"private":0,"password":""}