{"id":"gen9anythinggoes-2000310255","p1":"The Duper","p2":"Rey palmiro","format":"[Gen 9] Anything Goes","log":"|j|\u203dThe Duper\n|j|\u2606Rey palmiro\n|t:|1701183743\n|gametype|singles\n|player|p1|The Duper|veteran|1161\n|player|p2|Rey palmiro|nate|1117\n|teamsize|p1|6\n|teamsize|p2|6\n|gen|9\n|tier|[Gen 9] Anything Goes\n|rated|\n|rule|HP Percentage Mod: HP is shown in percentages\n|rule|Endless Battle Clause: Forcing endless battles is banned\n|clearpoke\n|poke|p1|Snorlax, M|\n|poke|p1|Magcargo, M|\n|poke|p1|Sandy Shocks|\n|poke|p1|Grafaiai, F|\n|poke|p1|Slowbro-Galar, F|\n|poke|p1|Basculegion, M|\n|poke|p2|Gholdengo|\n|poke|p2|Clodsire, M|\n|poke|p2|Rayquaza|\n|poke|p2|Urshifu-*, M|\n|poke|p2|Conkeldurr, F|\n|poke|p2|Sandaconda, F|\n|teampreview\n|\n|t:|1701183755\n|start\n|switch|p1a: Magcargo|Magcargo, M|100\/100\n|switch|p2a: Gholdengo|Gholdengo|100\/100\n|turn|1\n|\n|t:|1701183762\n|move|p2a: Gholdengo|Light Screen|p2a: Gholdengo\n|-sidestart|p2: Rey palmiro|move: Light Screen\n|move|p1a: Magcargo|Shell Smash|p1a: Magcargo\n|-unboost|p1a: Magcargo|def|1\n|-unboost|p1a: Magcargo|spd|1\n|-boost|p1a: Magcargo|atk|2\n|-boost|p1a: Magcargo|spa|2\n|-boost|p1a: Magcargo|spe|2\n|-enditem|p1a: Magcargo|White Herb\n|-clearnegativeboost|p1a: Magcargo|[silent]\n|\n|upkeep\n|turn|2\n|\n|t:|1701183776\n|move|p1a: Magcargo|Shell Smash|p1a: Magcargo\n|-unboost|p1a: Magcargo|def|1\n|-unboost|p1a: Magcargo|spd|1\n|-boost|p1a: Magcargo|atk|2\n|-boost|p1a: Magcargo|spa|2\n|-boost|p1a: Magcargo|spe|2\n|move|p2a: Gholdengo|Reflect|p2a: Gholdengo\n|-sidestart|p2: Rey palmiro|Reflect\n|\n|upkeep\n|turn|3\n|\n|t:|1701183794\n|move|p1a: Magcargo|Lava Plume|p2a: Gholdengo\n|-supereffective|p2a: Gholdengo\n|-damage|p2a: Gholdengo|0 fnt\n|faint|p2a: Gholdengo\n|\n|upkeep\n|\n|t:|1701183798\n|switch|p2a: Sandaconda|Sandaconda, F|100\/100\n|turn|4\n|\n|t:|1701183802\n|-terastallize|p1a: Magcargo|Grass\n|move|p1a: Magcargo|Tera Blast|p2a: Sandaconda|[anim] Tera Blast Grass\n|-supereffective|p2a: Sandaconda\n|-crit|p2a: Sandaconda\n|-enditem|p2a: Sandaconda|Focus Sash\n|-damage|p2a: Sandaconda|1\/100\n|-weather|Sandstorm|[from] ability: Sand Spit|[of] p2a: Sandaconda\n|move|p2a: Sandaconda|Earthquake|p1a: Magcargo\n|-resisted|p1a: Magcargo\n|-damage|p1a: Magcargo|68\/100\n|-ability|p1a: Magcargo|Weak Armor|boost\n|-unboost|p1a: Magcargo|def|1\n|-boost|p1a: Magcargo|spe|2\n|\n|-weather|Sandstorm|[upkeep]\n|-damage|p1a: Magcargo|62\/100|[from] Sandstorm\n|upkeep\n|turn|5\n|\n|t:|1701183818\n|move|p1a: Magcargo|Tera Blast|p2a: Sandaconda|[anim] Tera Blast Grass\n|-supereffective|p2a: Sandaconda\n|-damage|p2a: Sandaconda|0 fnt\n|faint|p2a: Sandaconda\n|\n|-weather|Sandstorm|[upkeep]\n|-damage|p1a: Magcargo|56\/100|[from] Sandstorm\n|-sideend|p2: Rey palmiro|move: Light Screen\n|upkeep\n|\n|t:|1701183826\n|switch|p2a: Conkeldurr|Conkeldurr, F|100\/100\n|turn|6\n|\n|t:|1701183837\n|move|p1a: Magcargo|Lava Plume|p2a: Conkeldurr\n|-damage|p2a: Conkeldurr|11\/100\n|move|p2a: Conkeldurr|Drain Punch|p1a: Magcargo\n|-damage|p1a: Magcargo|0 fnt\n|-heal|p2a: Conkeldurr|32\/100|[from] drain|[of] p1a: Magcargo\n|faint|p1a: Magcargo\n|\n|-weather|Sandstorm|[upkeep]\n|-damage|p2a: Conkeldurr|25\/100|[from] Sandstorm\n|-sideend|p2: Rey palmiro|Reflect\n|upkeep\n|\n|t:|1701183853\n|switch|p1a: Slowbro|Slowbro-Galar, F|100\/100\n|turn|7\n|\n|t:|1701183861\n|move|p2a: Conkeldurr|Earthquake|p1a: Slowbro\n|-supereffective|p1a: Slowbro\n|-damage|p1a: Slowbro|43\/100\n|move|p1a: Slowbro|Nasty Plot|p1a: Slowbro\n|-boost|p1a: Slowbro|spa|2\n|\n|-weather|Sandstorm|[upkeep]\n|-damage|p2a: Conkeldurr|19\/100|[from] Sandstorm\n|-damage|p1a: Slowbro|37\/100|[from] Sandstorm\n|upkeep\n|turn|8\n|\n|t:|1701183870\n|move|p2a: Conkeldurr|Earthquake|p1a: Slowbro\n|-supereffective|p1a: Slowbro\n|-damage|p1a: Slowbro|0 fnt\n|faint|p1a: Slowbro\n|\n|-weather|none\n|upkeep\n|\n|t:|1701183877\n|switch|p1a: Sandy Shocks|Sandy Shocks|100\/100\n|turn|9\n|\n|t:|1701183886\n|move|p1a: Sandy Shocks|Discharge|p2a: Conkeldurr\n|-damage|p2a: Conkeldurr|0 fnt\n|faint|p2a: Conkeldurr\n|\n|upkeep\n|\n|t:|1701183893\n|switch|p2a: Clodsire|Clodsire, M|100\/100\n|turn|10\n|\n|t:|1701183898\n|move|p1a: Sandy Shocks|Earth Power|p2a: Clodsire\n|-supereffective|p2a: Clodsire\n|-damage|p2a: Clodsire|51\/100\n|move|p2a: Clodsire|Earthquake|p1a: Sandy Shocks\n|-supereffective|p1a: Sandy Shocks\n|-damage|p1a: Sandy Shocks|31\/100\n|\n|upkeep\n|turn|11\n|\n|t:|1701183906\n|move|p1a: Sandy Shocks|Earth Power|p2a: Clodsire\n|-supereffective|p2a: Clodsire\n|-damage|p2a: Clodsire|0 fnt\n|faint|p2a: Clodsire\n|\n|upkeep\n|\n|t:|1701183911\n|switch|p2a: Urshifu|Urshifu-Rapid-Strike, M|100\/100\n|turn|12\n|\n|t:|1701183922\n|move|p1a: Sandy Shocks|Discharge|p2a: Urshifu\n|-supereffective|p2a: Urshifu\n|-damage|p2a: Urshifu|0 fnt\n|faint|p2a: Urshifu\n|\n|upkeep\n|\n|t:|1701183925\n|switch|p2a: Rayquaza|Rayquaza, shiny|100\/100\n|-ability|p2a: Rayquaza|Air Lock\n|turn|13\n|\n|t:|1701183934\n|-terastallize|p2a: Rayquaza|Flying\n|move|p1a: Sandy Shocks|Discharge|p2a: Rayquaza\n|-supereffective|p2a: Rayquaza\n|-damage|p2a: Rayquaza|31\/100\n|-status|p2a: Rayquaza|par\n|move|p2a: Rayquaza|Dragon Pulse|p1a: Sandy Shocks\n|-damage|p1a: Sandy Shocks|0 fnt\n|faint|p1a: Sandy Shocks\n|-end|p1a: Sandy Shocks|Protosynthesis|[silent]\n|\n|-heal|p2a: Rayquaza|37\/100 par|[from] item: Leftovers\n|upkeep\n|\n|t:|1701183948\n|switch|p1a: Grafaiai|Grafaiai, F|100\/100\n|turn|14\n|\n|t:|1701183959\n|move|p1a: Grafaiai|Swagger|p2a: Rayquaza\n|-boost|p2a: Rayquaza|atk|2\n|-enditem|p1a: Grafaiai|Mirror Herb\n|-boost|p1a: Grafaiai|atk|2|[from] item: Mirror Herb\n|-start|p2a: Rayquaza|confusion\n|-activate|p2a: Rayquaza|confusion\n|-damage|p2a: Rayquaza|10\/100 par|[from] confusion\n|\n|-heal|p2a: Rayquaza|16\/100 par|[from] item: Leftovers\n|upkeep\n|turn|15\n|\n|t:|1701183969\n|move|p1a: Grafaiai|Knock Off|p2a: Rayquaza\n|-crit|p2a: Rayquaza\n|-damage|p2a: Rayquaza|0 fnt\n|-enditem|p2a: Rayquaza|Leftovers|[from] move: Knock Off|[of] p1a: Grafaiai\n|faint|p2a: Rayquaza\n|\n|win|The Duper\n|raw|The Duper's rating: 1161 &rarr; <strong>1183<\/strong><br \/>(+22 for winning)\n|raw|Rey palmiro's rating: 1117 &rarr; <strong>1095<\/strong><br \/>(-22 for losing)\n","uploadtime":1701183978,"views":0,"p1id":"theduper","p2id":"reypalmiro","formatid":"gen9anythinggoes","rating":1095,"private":0,"password":""}