{"id":"gen9anythinggoes-1983666338","p1":"RikkaKitt","p2":"Atin007","format":"[Gen 9] Anything Goes","log":"|j|\u2606RikkaKitt\n|j|\u2606Atin007\n|t:|1699156069\n|gametype|singles\n|player|p1|RikkaKitt|youngcouple|\n|player|p2|Atin007|elesa|\n|teamsize|p1|6\n|teamsize|p2|6\n|gen|9\n|tier|[Gen 9] Anything Goes\n|rule|HP Percentage Mod: HP is shown in percentages\n|rule|Endless Battle Clause: Forcing endless battles is banned\n|clearpoke\n|poke|p1|Azelf|\n|poke|p1|Raichu-Alola, F|\n|poke|p1|Azumarill, F|\n|poke|p1|Sylveon, F|\n|poke|p1|Ninetales-Alola, F|\n|poke|p1|Ribombee, F|\n|poke|p2|Iron Hands|\n|poke|p2|Munkidori, M|\n|poke|p2|Ceruledge, F|\n|poke|p2|Sinistcha|\n|poke|p2|Braviary, M|\n|poke|p2|Garganacl, F|\n|teampreview\n|\n|t:|1699156072\n|start\n|switch|p1a: Ninetales|Ninetales-Alola, F, shiny|100\/100\n|switch|p2a: Hands gonna carry|Iron Hands, shiny|100\/100\n|-weather|Snow|[from] ability: Snow Warning|[of] p1a: Ninetales\n|turn|1\n|\n|t:|1699156080\n|move|p1a: Ninetales|Aurora Veil|p1a: Ninetales\n|-sidestart|p1: RikkaKitt|move: Aurora Veil\n|move|p2a: Hands gonna carry|Heavy Slam|p1a: Ninetales\n|-supereffective|p1a: Ninetales\n|-damage|p1a: Ninetales|14\/100\n|\n|-weather|Snow|[upkeep]\n|upkeep\n|turn|2\n|\n|t:|1699156086\n|move|p1a: Ninetales|Moonblast|p2a: Hands gonna carry\n|-supereffective|p2a: Hands gonna carry\n|-damage|p2a: Hands gonna carry|23\/100\n|move|p2a: Hands gonna carry|Heavy Slam|p1a: Ninetales\n|-supereffective|p1a: Ninetales\n|-damage|p1a: Ninetales|0 fnt\n|faint|p1a: Ninetales\n|\n|-weather|Snow|[upkeep]\n|upkeep\n|\n|t:|1699156122\n|switch|p1a: Azumarill|Azumarill, F|100\/100\n|turn|3\n|\n|t:|1699156142\n|-end|p2a: Hands gonna carry|Quark Drive|[silent]\n|switch|p2a: AAAAAAAA|Sinistcha, shiny|100\/100\n|move|p1a: Azumarill|Aqua Jet|p2a: AAAAAAAA\n|-resisted|p2a: AAAAAAAA\n|-damage|p2a: AAAAAAAA|86\/100\n|\n|-weather|Snow|[upkeep]\n|-heal|p2a: AAAAAAAA|92\/100|[from] item: Leftovers\n|upkeep\n|turn|4\n|\n|t:|1699156153\n|switch|p1a: Ribombee|Ribombee, F, shiny|100\/100\n|move|p2a: AAAAAAAA|Matcha Gotcha|p1a: Ribombee|[miss]\n|-miss|p2a: AAAAAAAA|p1a: Ribombee\n|\n|-weather|Snow|[upkeep]\n|-heal|p2a: AAAAAAAA|98\/100|[from] item: Leftovers\n|upkeep\n|turn|5\n|\n|t:|1699156170\n|move|p1a: Ribombee|Bug Buzz|p2a: AAAAAAAA\n|-damage|p2a: AAAAAAAA|49\/100\n|move|p2a: AAAAAAAA|Shadow Ball|p1a: Ribombee\n|-damage|p1a: Ribombee|70\/100\n|\n|-weather|none\n|-heal|p2a: AAAAAAAA|55\/100|[from] item: Leftovers\n|upkeep\n|turn|6\n|\n|t:|1699156196\n|switch|p2a: Abu|Munkidori, M|100\/100\n|move|p1a: Ribombee|U-turn|p2a: Abu\n|-damage|p2a: Abu|80\/100\n|\n|t:|1699156202\n|switch|p1a: Azelf|Azelf, shiny|100\/100|[from] U-turn\n|\n|upkeep\n|turn|7\n|\n|t:|1699156217\n|move|p1a: Azelf|Shadow Ball|p2a: Abu\n|-supereffective|p2a: Abu\n|-damage|p2a: Abu|0 fnt\n|faint|p2a: Abu\n|\n|upkeep\n|\n|t:|1699156270\n|switch|p2a: I swing my sword!|Ceruledge, F, shiny|100\/100\n|turn|8\n|\n|t:|1699156288\n|move|p1a: Azelf|Shadow Ball|p2a: I swing my sword!\n|-supereffective|p2a: I swing my sword!\n|-damage|p2a: I swing my sword!|5\/100\n|move|p2a: I swing my sword!|Bitter Blade|p1a: Azelf\n|-damage|p1a: Azelf|68\/100\n|-heal|p2a: I swing my sword!|22\/100|[from] drain|[of] p1a: Azelf\n|\n|-sideend|p1: RikkaKitt|move: Aurora Veil\n|upkeep\n|turn|9\n|\n|t:|1699156297\n|move|p2a: I swing my sword!|Shadow Sneak|p1a: Azelf\n|-supereffective|p1a: Azelf\n|-damage|p1a: Azelf|9\/100\n|move|p1a: Azelf|Shadow Ball|p2a: I swing my sword!\n|-supereffective|p2a: I swing my sword!\n|-damage|p2a: I swing my sword!|0 fnt\n|faint|p2a: I swing my sword!\n|\n|upkeep\n|\n|t:|1699156314\n|switch|p2a: It's a Rock!|Garganacl, F|100\/100\n|turn|10\n|\n|t:|1699156338\n|switch|p1a: Azumarill|Azumarill, F|100\/100\n|move|p2a: It's a Rock!|Stealth Rock|p1a: Azumarill\n|-sidestart|p1: RikkaKitt|move: Stealth Rock\n|\n|upkeep\n|turn|11\n|\n|t:|1699156348\n|switch|p2a: AAAAAAAA|Sinistcha, shiny|55\/100\n|move|p1a: Azumarill|Liquidation|p2a: AAAAAAAA\n|-resisted|p2a: AAAAAAAA\n|-damage|p2a: AAAAAAAA|28\/100\n|-unboost|p2a: AAAAAAAA|def|1\n|\n|-heal|p2a: AAAAAAAA|34\/100|[from] item: Leftovers\n|upkeep\n|turn|12\n|\n|t:|1699156395\n|switch|p1a: Ribombee|Ribombee, F, shiny|70\/100\n|-damage|p1a: Ribombee|45\/100|[from] Stealth Rock\n|move|p2a: AAAAAAAA|Strength Sap|p1a: Ribombee\n|-unboost|p1a: Ribombee|atk|1\n|-heal|p2a: AAAAAAAA|72\/100\n|\n|-heal|p2a: AAAAAAAA|78\/100|[from] item: Leftovers\n|upkeep\n|turn|13\n|\n|t:|1699156407\n|move|p1a: Ribombee|Bug Buzz|p2a: AAAAAAAA\n|-damage|p2a: AAAAAAAA|35\/100\n|move|p2a: AAAAAAAA|Shadow Ball|p1a: Ribombee\n|-crit|p1a: Ribombee\n|-damage|p1a: Ribombee|0 fnt\n|faint|p1a: Ribombee\n|\n|-heal|p2a: AAAAAAAA|41\/100|[from] item: Leftovers\n|upkeep\n|\n|t:|1699156431\n|switch|p1a: Sylveon|Sylveon, F, shiny|100\/100\n|-damage|p1a: Sylveon|88\/100|[from] Stealth Rock\n|turn|14\n|\n|t:|1699156441\n|switch|p2a: Super Spicy Wargle|Braviary, M, shiny|100\/100\n|move|p1a: Sylveon|Hyper Voice|p2a: Super Spicy Wargle\n|-damage|p2a: Super Spicy Wargle|34\/100\n|\n|upkeep\n|turn|15\n|\n|t:|1699156456\n|-terastallize|p2a: Super Spicy Wargle|Poison\n|move|p1a: Sylveon|Hyper Voice|p2a: Super Spicy Wargle\n|-resisted|p2a: Super Spicy Wargle\n|-damage|p2a: Super Spicy Wargle|0 fnt\n|faint|p2a: Super Spicy Wargle\n|\n|upkeep\n|\n|t:|1699156467\n|switch|p2a: It's a Rock!|Garganacl, F|100\/100\n|turn|16\n|\n|t:|1699156470\n|move|p1a: Sylveon|Hyper Voice|p2a: It's a Rock!\n|-damage|p2a: It's a Rock!|54\/100\n|move|p2a: It's a Rock!|Salt Cure|p1a: Sylveon\n|-damage|p1a: Sylveon|68\/100\n|-start|p1a: Sylveon|Salt Cure\n|\n|-heal|p2a: It's a Rock!|61\/100|[from] item: Leftovers\n|-damage|p1a: Sylveon|56\/100|[from] Salt Cure\n|upkeep\n|turn|17\n|\n|t:|1699156479\n|move|p1a: Sylveon|Hyper Voice|p2a: It's a Rock!\n|-damage|p2a: It's a Rock!|14\/100\n|move|p2a: It's a Rock!|Recover|p2a: It's a Rock!\n|-heal|p2a: It's a Rock!|64\/100\n|\n|-heal|p2a: It's a Rock!|70\/100|[from] item: Leftovers\n|-damage|p1a: Sylveon|44\/100|[from] Salt Cure\n|upkeep\n|turn|18\n|\n|t:|1699156488\n|switch|p1a: Azumarill|Azumarill, F|100\/100\n|-damage|p1a: Azumarill|88\/100|[from] Stealth Rock\n|move|p2a: It's a Rock!|Recover|p2a: It's a Rock!\n|-heal|p2a: It's a Rock!|100\/100\n|\n|upkeep\n|turn|19\n|\n|t:|1699156498\n|move|p2a: It's a Rock!|Protect|p2a: It's a Rock!\n|-singleturn|p2a: It's a Rock!|Protect\n|move|p1a: Azumarill|Liquidation|p2a: It's a Rock!\n|-activate|p2a: It's a Rock!|move: Protect\n|\n|upkeep\n|turn|20\n|\n|t:|1699156516\n|switch|p2a: AAAAAAAA|Sinistcha, shiny|41\/100\n|move|p1a: Azumarill|Liquidation|p2a: AAAAAAAA\n|-resisted|p2a: AAAAAAAA\n|-damage|p2a: AAAAAAAA|10\/100\n|\n|-heal|p2a: AAAAAAAA|16\/100|[from] item: Leftovers\n|upkeep\n|turn|21\n|\n|t:|1699156528\n|switch|p1a: Azelf|Azelf, shiny|9\/100\n|-damage|p1a: Azelf|0 fnt|[from] Stealth Rock\n|faint|p1a: Azelf\n|move|p2a: AAAAAAAA|Strength Sap|p1: Azelf|[notarget]\n|-fail|p2a: AAAAAAAA\n|\n|-heal|p2a: AAAAAAAA|22\/100|[from] item: Leftovers\n|upkeep\n|\n|t:|1699156537\n|switch|p1a: Sylveon|Sylveon, F, shiny|44\/100\n|-damage|p1a: Sylveon|31\/100|[from] Stealth Rock\n|turn|22\n|\n|t:|1699156558\n|switch|p2a: It's a Rock!|Garganacl, F|100\/100\n|move|p1a: Sylveon|Draining Kiss|p2a: It's a Rock!\n|-damage|p2a: It's a Rock!|79\/100\n|-heal|p1a: Sylveon|51\/100|[from] drain|[of] p2a: It's a Rock!\n|\n|-heal|p2a: It's a Rock!|85\/100|[from] item: Leftovers\n|upkeep\n|turn|23\n|\n|t:|1699156571\n|move|p1a: Sylveon|Draining Kiss|p2a: It's a Rock!\n|-damage|p2a: It's a Rock!|65\/100\n|-heal|p1a: Sylveon|70\/100|[from] drain|[of] p2a: It's a Rock!\n|move|p2a: It's a Rock!|Salt Cure|p1a: Sylveon\n|-damage|p1a: Sylveon|50\/100\n|-start|p1a: Sylveon|Salt Cure\n|\n|-heal|p2a: It's a Rock!|71\/100|[from] item: Leftovers\n|-damage|p1a: Sylveon|38\/100|[from] Salt Cure\n|upkeep\n|turn|24\n|\n|t:|1699156582\n|switch|p1a: Azumarill|Azumarill, F|88\/100\n|-damage|p1a: Azumarill|76\/100|[from] Stealth Rock\n|move|p2a: It's a Rock!|Protect||[still]\n|-fail|p2a: It's a Rock!\n|\n|-heal|p2a: It's a Rock!|77\/100|[from] item: Leftovers\n|upkeep\n|turn|25\n|\n|t:|1699156611\n|move|p1a: Azumarill|Liquidation|p2a: It's a Rock!\n|-supereffective|p2a: It's a Rock!\n|-damage|p2a: It's a Rock!|0 fnt\n|faint|p2a: It's a Rock!\n|\n|upkeep\n|\n|t:|1699156615\n|switch|p2a: Hands gonna carry|Iron Hands, shiny|23\/100\n|turn|26\n|\n|t:|1699156618\n|move|p2a: Hands gonna carry|Wild Charge|p1a: Azumarill\n|-supereffective|p1a: Azumarill\n|-damage|p1a: Azumarill|0 fnt\n|faint|p1a: Azumarill\n|-damage|p2a: Hands gonna carry|9\/100|[from] Recoil\n|\n|upkeep\n|\n|t:|1699156624\n|switch|p1a: Raichu|Raichu-Alola, F, shiny|100\/100\n|-damage|p1a: Raichu|88\/100|[from] Stealth Rock\n|turn|27\n|\n|t:|1699156628\n|-end|p2a: Hands gonna carry|Quark Drive|[silent]\n|switch|p2a: AAAAAAAA|Sinistcha, shiny|22\/100\n|move|p1a: Raichu|Fake Out|p2a: AAAAAAAA\n|-immune|p2a: AAAAAAAA\n|\n|-heal|p2a: AAAAAAAA|28\/100|[from] item: Leftovers\n|upkeep\n|turn|28\n|\n|t:|1699156635\n|-terastallize|p1a: Raichu|Psychic\n|move|p1a: Raichu|Psychic|p2a: AAAAAAAA\n|-damage|p2a: AAAAAAAA|0 fnt\n|faint|p2a: AAAAAAAA\n|\n|upkeep\n|\n|t:|1699156640\n|switch|p2a: Hands gonna carry|Iron Hands, shiny|9\/100\n|turn|29\n|\n|t:|1699156665\n|move|p1a: Raichu|Psychic|p2a: Hands gonna carry\n|-supereffective|p2a: Hands gonna carry\n|-crit|p2a: Hands gonna carry\n|-damage|p2a: Hands gonna carry|0 fnt\n|faint|p2a: Hands gonna carry\n|-end|p2a: Hands gonna carry|Quark Drive|[silent]\n|\n|win|RikkaKitt\n|c|\u2606Atin007|gg\n|c|\u2606RikkaKitt|ggs\n","uploadtime":1699156681,"views":29,"p1id":"rikkakitt","p2id":"atin007","formatid":"gen9anythinggoes","rating":0,"private":0,"password":""}