{"id":"gen9anythinggoes-1995508173","p1":"ferchu007","p2":"GildedSapphire","format":"[Gen 9] Anything Goes","log":"|j|\u2606ferchu007\n|j|\u2606GildedSapphire\n|t:|1700578212\n|gametype|singles\n|player|p1|ferchu007|lance|1100\n|player|p2|GildedSapphire|wallace|1082\n|teamsize|p1|6\n|teamsize|p2|6\n|gen|9\n|tier|[Gen 9] Anything Goes\n|rated|\n|rule|HP Percentage Mod: HP is shown in percentages\n|rule|Endless Battle Clause: Forcing endless battles is banned\n|clearpoke\n|poke|p1|Ceruledge, M|\n|poke|p1|Greninja-*, M|\n|poke|p1|Toxapex, M|\n|poke|p1|Gliscor, M|\n|poke|p1|Scizor, F|\n|poke|p1|Rotom-Fan|\n|poke|p2|Espathra, F|\n|poke|p2|Drifblim, F|\n|poke|p2|Urshifu-*, F|\n|poke|p2|Zoroark-Hisui, M|\n|poke|p2|Flutter Mane|\n|poke|p2|Gliscor, F|\n|teampreview\n|\n|t:|1700578230\n|start\n|switch|p1a: Ceruledge|Ceruledge, M, shiny|100\/100\n|switch|p2a: Drifblim|Drifblim, F|100\/100\n|turn|1\n|\n|t:|1700578239\n|switch|p2a: Gliscor|Gliscor, F|100\/100\n|move|p1a: Ceruledge|Bitter Blade|p2a: Gliscor\n|-damage|p2a: Gliscor|52\/100\n|\n|-status|p2a: Gliscor|tox|[from] item: Toxic Orb\n|upkeep\n|turn|2\n|\n|t:|1700578247\n|move|p2a: Gliscor|Earthquake|p1a: Ceruledge\n|-supereffective|p1a: Ceruledge\n|-damage|p1a: Ceruledge|15\/100\n|move|p1a: Ceruledge|Bitter Blade|p2a: Gliscor\n|-damage|p2a: Gliscor|5\/100 tox\n|-heal|p1a: Ceruledge|44\/100|[from] drain|[of] p2a: Gliscor\n|\n|-heal|p2a: Gliscor|17\/100 tox|[from] ability: Poison Heal\n|upkeep\n|turn|3\n|\n|t:|1700578256\n|switch|p1a: Rotom|Rotom-Fan, shiny|100\/100\n|move|p2a: Gliscor|Earthquake|p1a: Rotom\n|-immune|p1a: Rotom\n|\n|-heal|p2a: Gliscor|30\/100 tox|[from] ability: Poison Heal\n|upkeep\n|turn|4\n|\n|t:|1700578266\n|move|p2a: Gliscor|Protect|p2a: Gliscor\n|-singleturn|p2a: Gliscor|Protect\n|move|p1a: Rotom|Shadow Ball|p2a: Gliscor\n|-activate|p2a: Gliscor|move: Protect\n|\n|-heal|p2a: Gliscor|42\/100 tox|[from] ability: Poison Heal\n|upkeep\n|turn|5\n|\n|t:|1700578275\n|move|p2a: Gliscor|Knock Off|p1a: Rotom\n|-damage|p1a: Rotom|79\/100\n|-enditem|p1a: Rotom|Expert Belt|[from] move: Knock Off|[of] p2a: Gliscor\n|move|p1a: Rotom|Shadow Ball|p2a: Gliscor\n|-damage|p2a: Gliscor|15\/100 tox\n|\n|-heal|p2a: Gliscor|27\/100 tox|[from] ability: Poison Heal\n|upkeep\n|turn|6\n|\n|t:|1700578294\n|move|p2a: Gliscor|Toxic|p1a: Rotom\n|-status|p1a: Rotom|tox\n|move|p1a: Rotom|Shadow Ball|p2a: Gliscor\n|-damage|p2a: Gliscor|0 fnt\n|faint|p2a: Gliscor\n|\n|-damage|p1a: Rotom|73\/100 tox|[from] psn\n|upkeep\n|\n|t:|1700578302\n|switch|p2a: Flutter Mane|Flutter Mane|100\/100\n|turn|7\n|\n|t:|1700578312\n|move|p2a: Flutter Mane|Shadow Ball|p1a: Rotom\n|-damage|p1a: Rotom|13\/100 tox\n|move|p1a: Rotom|Shadow Ball|p2a: Flutter Mane\n|-immune|p2a: Flutter Mane\n|\n|-damage|p1a: Rotom|1\/100 tox|[from] psn\n|upkeep\n|turn|8\n|\n|t:|1700578321\n|move|p2a: Flutter Mane|Shadow Ball|p1a: Rotom\n|-damage|p1a: Rotom|0 fnt\n|faint|p1a: Rotom\n|\n|upkeep\n|\n|t:|1700578329\n|switch|p1a: Greninja|Greninja, M|100\/100\n|turn|9\n|\n|t:|1700578342\n|move|p1a: Greninja|Dark Pulse|p2a: Flutter Mane\n|-start|p1a: Greninja|typechange|Dark|[from] ability: Protean\n|-supereffective|p2a: Flutter Mane\n|-damage|p2a: Flutter Mane|0 fnt\n|replace|p2a: Zoroark|Zoroark-Hisui, M, shiny\n|-end|p2a: Zoroark|Illusion\n|faint|p2a: Zoroark\n|\n|upkeep\n|\n|t:|1700578349\n|switch|p2a: Urshifu|Urshifu-Rapid-Strike, F|100\/100\n|turn|10\n|\n|t:|1700578359\n|-terastallize|p2a: Urshifu|Water\n|move|p1a: Greninja|Extrasensory|p2a: Urshifu\n|-damage|p2a: Urshifu|62\/100\n|move|p2a: Urshifu|Close Combat|p1a: Greninja\n|-supereffective|p1a: Greninja\n|-damage|p1a: Greninja|0 fnt\n|-unboost|p2a: Urshifu|def|1\n|-unboost|p2a: Urshifu|spd|1\n|faint|p1a: Greninja\n|\n|upkeep\n|\n|t:|1700578372\n|switch|p1a: Toxapex|Toxapex, M, shiny|100\/100\n|turn|11\n|\n|t:|1700578379\n|switch|p2a: Drifblim|Drifblim, F|100\/100\n|move|p1a: Toxapex|Sludge Bomb|p2a: Drifblim\n|-resisted|p2a: Drifblim\n|-damage|p2a: Drifblim|93\/100\n|-status|p2a: Drifblim|psn\n|\n|-heal|p2a: Drifblim|99\/100 psn|[from] item: Leftovers\n|-damage|p2a: Drifblim|87\/100 psn|[from] psn\n|upkeep\n|turn|12\n|\n|t:|1700578391\n|move|p2a: Drifblim|Minimize|p2a: Drifblim\n|-boost|p2a: Drifblim|evasion|2\n|move|p1a: Toxapex|Ice Beam|p2a: Drifblim|[miss]\n|-miss|p1a: Toxapex|p2a: Drifblim\n|\n|-heal|p2a: Drifblim|93\/100 psn|[from] item: Leftovers\n|-damage|p2a: Drifblim|81\/100 psn|[from] psn\n|upkeep\n|turn|13\n|\n|t:|1700578399\n|move|p2a: Drifblim|Minimize|p2a: Drifblim\n|-boost|p2a: Drifblim|evasion|2\n|move|p1a: Toxapex|Ice Beam|p2a: Drifblim\n|-supereffective|p2a: Drifblim\n|-crit|p2a: Drifblim\n|-damage|p2a: Drifblim|53\/100 psn\n|\n|-heal|p2a: Drifblim|59\/100 psn|[from] item: Leftovers\n|-damage|p2a: Drifblim|47\/100 psn|[from] psn\n|upkeep\n|turn|14\n|\n|t:|1700578420\n|move|p2a: Drifblim|Baton Pass|p2a: Drifblim\n|\n|t:|1700578422\n|switch|p2a: Espathra|Espathra, F|100\/100|[from] Baton Pass\n|move|p1a: Toxapex|Ice Beam|p2a: Espathra|[miss]\n|-miss|p1a: Toxapex|p2a: Espathra\n|\n|upkeep\n|turn|15\n|\n|t:|1700578430\n|move|p2a: Espathra|Lumina Crash|p1a: Toxapex\n|-supereffective|p1a: Toxapex\n|-damage|p1a: Toxapex|57\/100\n|-unboost|p1a: Toxapex|spd|2\n|move|p1a: Toxapex|Sludge Bomb|p2a: Espathra|[miss]\n|-miss|p1a: Toxapex|p2a: Espathra\n|\n|-heal|p1a: Toxapex|64\/100|[from] item: Leftovers\n|-ability|p2a: Espathra|Speed Boost|boost\n|-boost|p2a: Espathra|spe|1\n|upkeep\n|turn|16\n|\n|t:|1700578441\n|move|p2a: Espathra|Lumina Crash|p1a: Toxapex\n|-supereffective|p1a: Toxapex\n|-damage|p1a: Toxapex|0 fnt\n|faint|p1a: Toxapex\n|\n|-ability|p2a: Espathra|Speed Boost|boost\n|-boost|p2a: Espathra|spe|1\n|upkeep\n|\n|t:|1700578451\n|switch|p1a: Scizor|Scizor, F|100\/100\n|turn|17\n|\n|t:|1700578458\n|move|p2a: Espathra|Protect|p2a: Espathra\n|-singleturn|p2a: Espathra|Protect\n|move|p1a: Scizor|Bug Bite|p2a: Espathra\n|-activate|p2a: Espathra|move: Protect\n|\n|-ability|p2a: Espathra|Speed Boost|boost\n|-boost|p2a: Espathra|spe|1\n|upkeep\n|turn|18\n|\n|t:|1700578465\n|move|p2a: Espathra|Baton Pass|p2a: Espathra\n|\n|t:|1700578467\n|switch|p2a: Urshifu|Urshifu-Rapid-Strike, F, tera:Water|62\/100|[from] Baton Pass\n|move|p1a: Scizor|Bug Bite|p2a: Urshifu|[miss]\n|-miss|p1a: Scizor|p2a: Urshifu\n|\n|upkeep\n|turn|19\n|\n|t:|1700578473\n|move|p2a: Urshifu|Surging Strikes|p1a: Scizor\n|-crit|p1a: Scizor\n|-damage|p1a: Scizor|55\/100\n|-crit|p1a: Scizor\n|-damage|p1a: Scizor|6\/100\n|-crit|p1a: Scizor\n|-damage|p1a: Scizor|0 fnt\n|faint|p1a: Scizor\n|-hitcount|p1: Scizor|3\n|\n|upkeep\n|\n|t:|1700578483\n|switch|p1a: Gliscor|Gliscor, M|100\/100\n|turn|20\n|\n|t:|1700578495\n|move|p2a: Urshifu|Surging Strikes|p1a: Gliscor\n|-supereffective|p1a: Gliscor\n|-crit|p1a: Gliscor\n|-damage|p1a: Gliscor|19\/100\n|-supereffective|p1a: Gliscor\n|-crit|p1a: Gliscor\n|-damage|p1a: Gliscor|0 fnt\n|faint|p1a: Gliscor\n|-hitcount|p1: Gliscor|2\n|\n|upkeep\n|\n|t:|1700578503\n|switch|p1a: Ceruledge|Ceruledge, M, shiny|44\/100\n|turn|21\n|c|\u2606GildedSapphire|gg\n|\n|t:|1700578509\n|move|p2a: Urshifu|Surging Strikes|p1a: Ceruledge\n|-supereffective|p1a: Ceruledge\n|-crit|p1a: Ceruledge\n|-damage|p1a: Ceruledge|0 fnt\n|faint|p1a: Ceruledge\n|-hitcount|p1: Ceruledge|1\n|\n|win|GildedSapphire\n|raw|ferchu007's rating: 1100 &rarr; <strong>1074<\/strong><br \/>(-26 for losing)\n|raw|GildedSapphire's rating: 1082 &rarr; <strong>1111<\/strong><br \/>(+29 for winning)\n","uploadtime":1700578517,"views":0,"p1id":"ferchu007","p2id":"gildedsapphire","formatid":"gen9anythinggoes","rating":1074,"private":0,"password":""}