{"id":"gen9anythinggoes-1979043637","p1":"red12353","p2":"wilso.r","format":"[Gen 9] Anything Goes","log":"|j|\u2606red12353\n|j|\u2606wilso.r\n|t:|1698624979\n|gametype|singles\n|player|p1|red12353|nate|1105\n|player|p2|wilso.r|265|1064\n|teamsize|p1|6\n|teamsize|p2|6\n|gen|9\n|tier|[Gen 9] Anything Goes\n|rated|\n|rule|HP Percentage Mod: HP is shown in percentages\n|rule|Endless Battle Clause: Forcing endless battles is banned\n|clearpoke\n|poke|p1|Slaking, M|\n|poke|p1|Dragonite, M|\n|poke|p1|Darkrai|\n|poke|p1|Iron Valiant|\n|poke|p1|Landorus-Therian, M|\n|poke|p1|Garchomp, M|\n|poke|p2|Geodude, F|\n|poke|p2|Magnemite|\n|poke|p2|Pineco, F|\n|poke|p2|Geodude-Alola, M|\n|poke|p2|Stunky, F|\n|poke|p2|Kingambit, M|\n|teampreview\n|inactive|Battle timer is ON: inactive players will automatically lose when time's up. (requested by wilso.r)\n|\n|t:|1698624995\n|start\n|switch|p1a: Slaking|Slaking, M|100\/100\n|switch|p2a: Geodude|Geodude, F|100\/100\n|turn|1\n|\n|t:|1698625006\n|move|p2a: Geodude|Protect|p2a: Geodude\n|-singleturn|p2a: Geodude|Protect\n|move|p1a: Slaking|Drain Punch|p2a: Geodude\n|-activate|p2a: Geodude|move: Protect\n|\n|upkeep\n|turn|2\n|\n|t:|1698625018\n|switch|p2a: Geodude|Geodude-Alola, M|100\/100\n|cant|p1a: Slaking|ability: Truant\n|\n|upkeep\n|turn|3\n|\n|t:|1698625029\n|move|p2a: Geodude|Protect|p2a: Geodude\n|-singleturn|p2a: Geodude|Protect\n|move|p1a: Slaking|Drain Punch|p2a: Geodude\n|-activate|p2a: Geodude|move: Protect\n|\n|upkeep\n|turn|4\n|\n|t:|1698625043\n|switch|p1a: Iron Valiant|Iron Valiant|100\/100\n|switch|p2a: Geodude|Geodude, F|100\/100\n|\n|upkeep\n|turn|5\n|\n|t:|1698625051\n|move|p1a: Iron Valiant|Swords Dance|p1a: Iron Valiant\n|-boost|p1a: Iron Valiant|atk|2\n|move|p2a: Geodude|Explosion|p1a: Iron Valiant\n|-damage|p1a: Iron Valiant|0 fnt\n|faint|p2a: Geodude\n|faint|p1a: Iron Valiant\n|-end|p1a: Iron Valiant|Quark Drive|[silent]\n|\n|upkeep\n|\n|t:|1698625071\n|switch|p1a: Darkrai|Darkrai, shiny|100\/100\n|switch|p2a: Geodude|Geodude-Alola, M|100\/100\n|turn|6\n|\n|t:|1698625079\n|move|p1a: Darkrai|Dark Void|p2a: Geodude\n|-status|p2a: Geodude|slp|[from] move: Dark Void\n|cant|p2a: Geodude|slp\n|\n|-damage|p2a: Geodude|88\/100 slp|[from] ability: Bad Dreams|[of] p1a: Darkrai\n|upkeep\n|turn|7\n|\n|t:|1698625090\n|move|p1a: Darkrai|Nasty Plot|p1a: Darkrai\n|-boost|p1a: Darkrai|spa|2\n|cant|p2a: Geodude|slp\n|\n|-damage|p2a: Geodude|76\/100 slp|[from] ability: Bad Dreams|[of] p1a: Darkrai\n|upkeep\n|turn|8\n|\n|t:|1698625099\n|move|p1a: Darkrai|Nasty Plot|p1a: Darkrai\n|-boost|p1a: Darkrai|spa|2\n|-curestatus|p2a: Geodude|slp|[msg]\n|move|p2a: Geodude|Explosion|p1a: Darkrai\n|-damage|p1a: Darkrai|0 fnt\n|faint|p2a: Geodude\n|faint|p1a: Darkrai\n|\n|upkeep\n|c|\u2606wilso.r|he is coming\n|\n|t:|1698625121\n|switch|p1a: Slaking|Slaking, M|100\/100\n|switch|p2a: Magnemite|Magnemite|100\/100\n|turn|9\n|\n|t:|1698625130\n|move|p1a: Slaking|Drain Punch|p2a: Magnemite\n|-supereffective|p2a: Magnemite\n|-ability|p2a: Magnemite|Sturdy\n|-damage|p2a: Magnemite|1\/100\n|move|p2a: Magnemite|Explosion|p1a: Slaking\n|-damage|p1a: Slaking|50\/100\n|faint|p2a: Magnemite\n|\n|upkeep\n|\n|t:|1698625139\n|switch|p2a: Pineco|Pineco, F|100\/100\n|turn|10\n|\n|t:|1698625153\n|cant|p1a: Slaking|ability: Truant\n|move|p2a: Pineco|Explosion|p1a: Slaking\n|-damage|p1a: Slaking|0 fnt\n|faint|p2a: Pineco\n|faint|p1a: Slaking\n|\n|upkeep\n|\n|t:|1698625162\n|switch|p1a: Dragonite|Dragonite, M, shiny|100\/100\n|switch|p2a: Stunky|Stunky, F|100\/100\n|turn|11\n|\n|t:|1698625170\n|move|p1a: Dragonite|Dragon Dance|p1a: Dragonite\n|-boost|p1a: Dragonite|atk|1\n|-boost|p1a: Dragonite|spe|1\n|move|p2a: Stunky|Explosion|p1a: Dragonite\n|-damage|p1a: Dragonite|70\/100\n|faint|p2a: Stunky\n|\n|upkeep\n|\n|t:|1698625177\n|switch|p2a: Kingambit|Kingambit, M, shiny|100\/100\n|-activate|p2a: Kingambit|ability: Supreme Overlord\n|-start|p2a: Kingambit|fallen5|[silent]\n|turn|12\n|\n|t:|1698625188\n|move|p2a: Kingambit|Sucker Punch|p1a: Dragonite\n|-damage|p1a: Dragonite|0 fnt\n|faint|p1a: Dragonite\n|\n|upkeep\n|\n|t:|1698625194\n|switch|p1a: Landorus|Landorus-Therian, M|100\/100\n|-ability|p1a: Landorus|Intimidate|boost\n|-unboost|p2a: Kingambit|atk|1\n|turn|13\n|\n|t:|1698625212\n|-terastallize|p2a: Kingambit|Ghost\n|move|p2a: Kingambit|Sucker Punch|p1a: Landorus\n|-damage|p1a: Landorus|42\/100\n|move|p1a: Landorus|Earthquake|p2a: Kingambit\n|-damage|p2a: Kingambit|32\/100\n|\n|upkeep\n|turn|14\n|\n|t:|1698625222\n|move|p2a: Kingambit|Sucker Punch|p1a: Landorus\n|-damage|p1a: Landorus|0 fnt\n|faint|p1a: Landorus\n|\n|upkeep\n|\n|t:|1698625228\n|switch|p1a: Garchomp|Garchomp, M|100\/100\n|turn|15\n|\n|t:|1698625232\n|move|p2a: Kingambit|Sucker Punch|p1a: Garchomp\n|-damage|p1a: Garchomp|49\/100\n|-damage|p2a: Kingambit|20\/100|[from] ability: Rough Skin|[of] p1a: Garchomp\n|move|p1a: Garchomp|Earthquake|p2a: Kingambit\n|-damage|p2a: Kingambit|0 fnt\n|faint|p2a: Kingambit\n|-end|p2a: Kingambit|fallen5|[silent]\n|\n|win|red12353\n|raw|red12353's rating: 1105 &rarr; <strong>1127<\/strong><br \/>(+22 for winning)\n|raw|wilso.r's rating: 1064 &rarr; <strong>1047<\/strong><br \/>(-17 for losing)\n|l|\u2606red12353\n","uploadtime":1698625391,"views":10,"p1id":"red12353","p2id":"wilsor","formatid":"gen9anythinggoes","rating":1047,"private":0,"password":""}