{"id":"gen9anythinggoes-1997809313","p1":"setofleischer","p2":"dennis wa","format":"[Gen 9] Anything Goes","log":"|j|\u2606setofleischer\n|j|\u2606dennis wa\n|t:|1700855034\n|gametype|singles\n|player|p1|setofleischer|265|\n|player|p2|dennis wa|striker|\n|teamsize|p1|6\n|teamsize|p2|6\n|gen|9\n|tier|[Gen 9] Anything Goes\n|rule|HP Percentage Mod: HP is shown in percentages\n|rule|Endless Battle Clause: Forcing endless battles is banned\n|clearpoke\n|poke|p1|Urshifu-*, M|\n|poke|p1|Gliscor, F|\n|poke|p1|Gengar, M|\n|poke|p1|Gallade, M|\n|poke|p1|Goodra, F|\n|poke|p1|Talonflame, F|\n|poke|p2|Tinkaton, F|\n|poke|p2|Ogerpon-Hearthflame, F|\n|poke|p2|Maushold-Four|\n|poke|p2|Zoroark-Hisui, M|\n|poke|p2|Glaceon, F|\n|poke|p2|Bronzong|\n|teampreview\n|j| kai2805\n|j| KreativerNamee\n|j| Dave1200\n|j| Flaggx\n|l| Flaggx\n|j| Flaggx\n|l| Flaggx\n|j| Flaggx\n|c|\u2606dennis wa|GLHF m\u00f6ge der besser gewinnen.\n|c|\u2606setofleischer|jupp\n|c|\u2606setofleischer|dito lets goooo\n|c|\u2606dennis wa|Bleib geschmeidig\n|\n|t:|1700855381\n|start\n|switch|p1a: Talonflame|Talonflame, F|100\/100\n|switch|p2a: Tinkaton|Tinkaton, F|100\/100\n|turn|1\n|\n|t:|1700855434\n|move|p1a: Talonflame|U-turn|p2a: Tinkaton\n|-resisted|p2a: Tinkaton\n|-damage|p2a: Tinkaton|98\/100\n|\n|t:|1700855437\n|switch|p1a: Gliscor|Gliscor, F|100\/100|[from] U-turn\n|move|p2a: Tinkaton|Thunder Wave|p1a: Gliscor\n|-immune|p1a: Gliscor\n|\n|-status|p1a: Gliscor|tox|[from] item: Toxic Orb\n|upkeep\n|turn|2\n|\n|t:|1700855517\n|switch|p2a: Glaceon|Glaceon, F|100\/100\n|move|p1a: Gliscor|Earthquake|p2a: Glaceon\n|-damage|p2a: Glaceon|76\/100\n|\n|-heal|p2a: Glaceon|82\/100|[from] item: Leftovers\n|upkeep\n|turn|3\n|\n|t:|1700855591\n|move|p1a: Gliscor|U-turn|p2a: Glaceon\n|-damage|p2a: Glaceon|72\/100\n|\n|t:|1700855596\n|switch|p1a: Talonflame|Talonflame, F|100\/100|[from] U-turn\n|move|p2a: Glaceon|Calm Mind|p2a: Glaceon\n|-boost|p2a: Glaceon|spa|1\n|-boost|p2a: Glaceon|spd|1\n|\n|-heal|p2a: Glaceon|78\/100|[from] item: Leftovers\n|upkeep\n|turn|4\n|\n|t:|1700855623\n|-terastallize|p2a: Glaceon|Water\n|move|p1a: Talonflame|Brave Bird|p2a: Glaceon\n|-damage|p2a: Glaceon|53\/100\n|-damage|p1a: Talonflame|93\/100|[from] Recoil\n|move|p2a: Glaceon|Tera Blast|p1a: Talonflame|[anim] Tera Blast Water\n|-supereffective|p1a: Talonflame\n|-damage|p1a: Talonflame|0 fnt\n|faint|p1a: Talonflame\n|\n|-heal|p2a: Glaceon|59\/100|[from] item: Leftovers\n|upkeep\n|\n|t:|1700855695\n|switch|p1a: Gallade|Gallade, M|100\/100\n|turn|5\n|\n|t:|1700855830\n|switch|p2a: Tinkaton|Tinkaton, F|98\/100\n|move|p1a: Gallade|Swords Dance|p1a: Gallade\n|-boost|p1a: Gallade|atk|2\n|\n|upkeep\n|turn|6\n|\n|t:|1700855889\n|switch|p2a: Maushold|Maushold-Four|100\/100\n|move|p1a: Gallade|Sacred Sword|p2a: Maushold\n|-immune|p2a: Maushold\n|\n|-status|p2a: Maushold|brn|[from] item: Flame Orb\n|upkeep\n|turn|7\n|\n|t:|1700855957\n|move|p2a: Maushold|Facade|p1a: Gallade\n|-enditem|p1a: Gallade|Focus Sash\n|-damage|p1a: Gallade|1\/100\n|move|p1a: Gallade|Psycho Cut|p2a: Maushold\n|-damage|p2a: Maushold|0 fnt\n|replace|p2a: Zoroark|Zoroark-Hisui, M\n|-end|p2a: Zoroark|Illusion\n|faint|p2a: Zoroark\n|\n|upkeep\n|j| EnOfFla\n|\n|t:|1700856004\n|switch|p2a: Maushold|Maushold-Four|100\/100\n|turn|8\n|\n|t:|1700856013\n|move|p2a: Maushold|U-turn|p1a: Gallade\n|-damage|p1a: Gallade|0 fnt\n|faint|p1a: Gallade\n|\n|t:|1700856022\n|switch|p2a: Glaceon|Glaceon, F, tera:Water|59\/100|[from] U-turn\n|\n|-heal|p2a: Glaceon|65\/100|[from] item: Leftovers\n|upkeep\n|c| kai2805|auf auf meine m\u00e4use\n|c| EnOfFla|Gl Hf euch beiden\n|\n|t:|1700856085\n|switch|p1a: Gengar|Gengar, M|100\/100\n|turn|9\n|\n|t:|1700856163\n|switch|p2a: Bronzong|Bronzong|100\/100\n|move|p1a: Gengar|Sludge Bomb|p2a: Bronzong\n|-immune|p2a: Bronzong\n|\n|upkeep\n|turn|10\n|j| Nrox\n|\n|t:|1700856276\n|switch|p1a: Gliscor|Gliscor, F|100\/100 tox\n|move|p2a: Bronzong|Psychic|p1a: Gliscor\n|-damage|p1a: Gliscor|70\/100 tox\n|\n|-heal|p1a: Gliscor|82\/100 tox|[from] ability: Poison Heal\n|upkeep\n|turn|11\n|\n|t:|1700856326\n|move|p1a: Gliscor|Knock Off|p2a: Bronzong\n|-supereffective|p2a: Bronzong\n|-enditem|p2a: Bronzong|Colbur Berry|[eat]\n|-enditem|p2a: Bronzong|Colbur Berry|[weaken]\n|-damage|p2a: Bronzong|80\/100\n|move|p2a: Bronzong|Psychic|p1a: Gliscor\n|-damage|p1a: Gliscor|54\/100 tox\n|\n|-heal|p1a: Gliscor|66\/100 tox|[from] ability: Poison Heal\n|upkeep\n|turn|12\n|\n|t:|1700856355\n|switch|p2a: Tinkaton|Tinkaton, F|98\/100\n|move|p1a: Gliscor|U-turn|p2a: Tinkaton\n|-resisted|p2a: Tinkaton\n|-damage|p2a: Tinkaton|95\/100\n|\n|t:|1700856395\n|switch|p1a: Goodra|Goodra, F|100\/100|[from] U-turn\n|\n|upkeep\n|turn|13\n|\n|t:|1700856444\n|move|p2a: Tinkaton|Stealth Rock|p1a: Goodra\n|-sidestart|p1: setofleischer|move: Stealth Rock\n|move|p1a: Goodra|Flamethrower|p2a: Tinkaton\n|-supereffective|p2a: Tinkaton\n|-damage|p2a: Tinkaton|54\/100\n|-status|p2a: Tinkaton|brn\n|\n|-damage|p2a: Tinkaton|48\/100 brn|[from] brn\n|upkeep\n|-enditem|p2a: Tinkaton|Sitrus Berry|[eat]\n|-heal|p2a: Tinkaton|73\/100 brn|[from] item: Sitrus Berry\n|turn|14\n|\n|t:|1700856470\n|move|p2a: Tinkaton|Gigaton Hammer|p1a: Goodra\n|-damage|p1a: Goodra|75\/100\n|move|p1a: Goodra|Thunderbolt|p2a: Tinkaton\n|-damage|p2a: Tinkaton|54\/100 brn\n|\n|-heal|p1a: Goodra|82\/100|[from] item: Leftovers\n|-damage|p2a: Tinkaton|48\/100 brn|[from] brn\n|upkeep\n|turn|15\n|\n|t:|1700856491\n|move|p2a: Tinkaton|Play Rough|p1a: Goodra\n|-supereffective|p1a: Goodra\n|-damage|p1a: Goodra|51\/100\n|-ability|p1a: Goodra|Gooey\n|-unboost|p2a: Tinkaton|spe|1\n|move|p1a: Goodra|Flamethrower|p2a: Tinkaton\n|-supereffective|p2a: Tinkaton\n|-damage|p2a: Tinkaton|6\/100 brn\n|\n|-heal|p1a: Goodra|57\/100|[from] item: Leftovers\n|-damage|p2a: Tinkaton|0 fnt|[from] brn\n|faint|p2a: Tinkaton\n|upkeep\n|\n|t:|1700856513\n|switch|p2a: Maushold|Maushold-Four|100\/100\n|turn|16\n|l| EnOfFla\n|j| EnOfFla\n|\n|t:|1700856620\n|move|p2a: Maushold|Population Bomb|p1a: Goodra\n|-damage|p1a: Goodra|46\/100\n|-ability|p1a: Goodra|Gooey\n|-unboost|p2a: Maushold|spe|1\n|-damage|p1a: Goodra|34\/100\n|-ability|p1a: Goodra|Gooey\n|-unboost|p2a: Maushold|spe|1\n|-damage|p1a: Goodra|22\/100\n|-ability|p1a: Goodra|Gooey\n|-unboost|p2a: Maushold|spe|1\n|-damage|p1a: Goodra|11\/100\n|-ability|p1a: Goodra|Gooey\n|-unboost|p2a: Maushold|spe|1\n|-damage|p1a: Goodra|0 fnt\n|-ability|p1a: Goodra|Gooey\n|-unboost|p2a: Maushold|spe|1\n|faint|p1a: Goodra\n|-hitcount|p1: Goodra|5\n|\n|upkeep\n|c|\u2606setofleischer|die langsamste maus\n|c|\u2606setofleischer|aller zeiten\n|\n|t:|1700856657\n|switch|p1a: Urshifu|Urshifu-Rapid-Strike, M|100\/100\n|-damage|p1a: Urshifu|94\/100|[from] Stealth Rock\n|turn|17\n|c| EnOfFla|Speedy gonzales auf Crack \ud83d\ude02\n|c|\u2606setofleischer|eher betrunken\n|\n|t:|1700856818\n|switch|p2a: Bronzong|Bronzong|80\/100\n|move|p1a: Urshifu|Substitute|p1a: Urshifu\n|-start|p1a: Urshifu|Substitute\n|-damage|p1a: Urshifu|70\/100\n|\n|upkeep\n|turn|18\n|\n|t:|1700856840\n|move|p1a: Urshifu|Surging Strikes|p2a: Bronzong\n|-crit|p2a: Bronzong\n|-damage|p2a: Bronzong|64\/100\n|-crit|p2a: Bronzong\n|-damage|p2a: Bronzong|48\/100\n|-crit|p2a: Bronzong\n|-damage|p2a: Bronzong|29\/100\n|-hitcount|p2a: Bronzong|3\n|move|p2a: Bronzong|Psychic|p1a: Urshifu\n|-supereffective|p1a: Urshifu\n|-end|p1a: Urshifu|Substitute\n|\n|upkeep\n|turn|19\n|\n|t:|1700856881\n|move|p1a: Urshifu|Surging Strikes|p2a: Bronzong\n|-crit|p2a: Bronzong\n|-damage|p2a: Bronzong|12\/100\n|-crit|p2a: Bronzong\n|-damage|p2a: Bronzong|0 fnt\n|faint|p2a: Bronzong\n|-hitcount|p2: Bronzong|2\n|\n|upkeep\n|l| EnOfFla\n|j| EnOfFla\n|\n|t:|1700857013\n|switch|p2a: Ogerpon|Ogerpon-Hearthflame, F|100\/100\n|-ability|p2a: Ogerpon|Mold Breaker\n|turn|20\n|l| Flaggx\n|j| Flaggx\n|\n|t:|1700857080\n|move|p2a: Ogerpon|Trailblaze|p1a: Urshifu\n|-supereffective|p1a: Urshifu\n|-damage|p1a: Urshifu|22\/100\n|-boost|p2a: Ogerpon|spe|1\n|move|p1a: Urshifu|Surging Strikes|p2a: Ogerpon\n|-crit|p2a: Ogerpon\n|-damage|p2a: Ogerpon|77\/100\n|-crit|p2a: Ogerpon\n|-damage|p2a: Ogerpon|53\/100\n|-crit|p2a: Ogerpon\n|-damage|p2a: Ogerpon|30\/100\n|-hitcount|p2a: Ogerpon|3\n|\n|upkeep\n|turn|21\n|\n|t:|1700857119\n|move|p2a: Ogerpon|Trailblaze|p1a: Urshifu\n|-supereffective|p1a: Urshifu\n|-damage|p1a: Urshifu|0 fnt\n|-boost|p2a: Ogerpon|spe|1\n|faint|p1a: Urshifu\n|\n|upkeep\n|\n|t:|1700857125\n|switch|p1a: Gliscor|Gliscor, F|66\/100 tox\n|-damage|p1a: Gliscor|54\/100 tox|[from] Stealth Rock\n|turn|22\n|\n|t:|1700857164\n|move|p2a: Ogerpon|Ivy Cudgel|p1a: Gliscor|[anim] Ivy Cudgel Fire\n|-damage|p1a: Gliscor|25\/100 tox\n|move|p1a: Gliscor|Earthquake|p2a: Ogerpon\n|-damage|p2a: Ogerpon|0 fnt\n|faint|p2a: Ogerpon\n|\n|-heal|p1a: Gliscor|38\/100 tox|[from] ability: Poison Heal\n|upkeep\n|l| Flaggx\n|j| Flaggx\n|\n|t:|1700857255\n|switch|p2a: Maushold|Maushold-Four|100\/100\n|turn|23\n|c|\u2606dennis wa|50\/50?\n|c|\u2606setofleischer|schon seit ca 5 runden :)\n|l| Flaggx\n|\n|t:|1700857447\n|move|p2a: Maushold|Population Bomb|p1a: Gliscor\n|-damage|p1a: Gliscor|32\/100 tox\n|-damage|p1a: Gliscor|25\/100 tox\n|-damage|p1a: Gliscor|19\/100 tox\n|-damage|p1a: Gliscor|13\/100 tox\n|-damage|p1a: Gliscor|8\/100 tox\n|-damage|p1a: Gliscor|2\/100 tox\n|-damage|p1a: Gliscor|0 fnt\n|faint|p1a: Gliscor\n|-hitcount|p1: Gliscor|7\n|\n|upkeep\n|\n|t:|1700857459\n|switch|p1a: Gengar|Gengar, M|100\/100\n|-damage|p1a: Gengar|88\/100|[from] Stealth Rock\n|turn|24\n|\n|t:|1700857546\n|move|p1a: Gengar|Sludge Bomb|p2a: Maushold\n|-damage|p2a: Maushold|34\/100\n|move|p2a: Maushold|Tidy Up|p2a: Maushold\n|-sideend|p1: setofleischer|Stealth Rock\n|-activate|p2a: Maushold|move: Tidy Up\n|-boost|p2a: Maushold|atk|1\n|-boost|p2a: Maushold|spe|1\n|\n|upkeep\n|turn|25\n|\n|t:|1700857556\n|move|p2a: Maushold|Bite|p1a: Gengar\n|-supereffective|p1a: Gengar\n|-damage|p1a: Gengar|0 fnt\n|-start|p2a: Maushold|Disable|Bite|[from] ability: Cursed Body|[of] p1a: Gengar\n|faint|p1a: Gengar\n|\n|win|dennis wa\n|c|\u2606setofleischer|gg\n|c|\u2606dennis wa|good game\n|c| EnOfFla|Gg\n|c| Dave1200|gg\n|l| KreativerNamee\n|l| EnOfFla\n|l| Dave1200\n|l| Nrox\n","uploadtime":1700857643,"views":27,"p1id":"setofleischer","p2id":"denniswa","formatid":"gen9anythinggoes","rating":0,"private":0,"password":""}