{"id":"gen9anythinggoes-1989720662","p1":"Spartan-912","p2":"Zaya575","format":"[Gen 9] Anything Goes","log":"|j|\u2606Spartan-912\n|j|\u2606Zaya575\n|t:|1699889960\n|gametype|singles\n|player|p1|Spartan-912|skyla|1077\n|player|p2|Zaya575|veteran|1143\n|teamsize|p1|6\n|teamsize|p2|6\n|gen|9\n|tier|[Gen 9] Anything Goes\n|rated|\n|rule|HP Percentage Mod: HP is shown in percentages\n|rule|Endless Battle Clause: Forcing endless battles is banned\n|clearpoke\n|poke|p1|Iron Moth|\n|poke|p1|Iron Valiant|\n|poke|p1|Landorus-Therian, M|\n|poke|p1|Hatterene, F|\n|poke|p1|Dragonite, M|\n|poke|p1|Dragapult, M|\n|poke|p2|Greninja-*, M|\n|poke|p2|Zamazenta-*|\n|poke|p2|Zacian-*|\n|poke|p2|Koraidon|\n|poke|p2|Miraidon|\n|poke|p2|Kingambit, F|\n|teampreview\n|inactive|Battle timer is ON: inactive players will automatically lose when time's up. (requested by Zaya575)\n|\n|t:|1699889972\n|start\n|switch|p1a: Iron Moth|Iron Moth|100\/100\n|switch|p2a: Greninja|Greninja, M|100\/100\n|-enditem|p1a: Iron Moth|Booster Energy\n|-activate|p1a: Iron Moth|ability: Quark Drive|[fromitem]\n|-start|p1a: Iron Moth|quarkdrivespe\n|turn|1\n|\n|t:|1699889988\n|move|p1a: Iron Moth|Energy Ball|p2a: Greninja\n|-supereffective|p2a: Greninja\n|-damage|p2a: Greninja|0 fnt\n|faint|p2a: Greninja\n|\n|upkeep\n|\n|t:|1699889996\n|switch|p2a: Koraidon|Koraidon|100\/100\n|-weather|SunnyDay|[from] ability: Orichalcum Pulse|[of] p2a: Koraidon\n|-activate|p2a: Koraidon|Orichalcum Pulse|[source]\n|turn|2\n|\n|t:|1699890003\n|move|p1a: Iron Moth|Dazzling Gleam|p2a: Koraidon\n|-supereffective|p2a: Koraidon\n|-damage|p2a: Koraidon|9\/100\n|move|p2a: Koraidon|Collision Course|p1a: Iron Moth\n|-resisted|p1a: Iron Moth\n|-damage|p1a: Iron Moth|52\/100\n|\n|-weather|SunnyDay|[upkeep]\n|-heal|p2a: Koraidon|16\/100|[from] item: Leftovers\n|upkeep\n|turn|3\n|\n|t:|1699890015\n|move|p1a: Iron Moth|Dazzling Gleam|p2a: Koraidon\n|-supereffective|p2a: Koraidon\n|-damage|p2a: Koraidon|0 fnt\n|faint|p2a: Koraidon\n|\n|-weather|SunnyDay|[upkeep]\n|upkeep\n|\n|t:|1699890019\n|switch|p2a: Miraidon|Miraidon|100\/100\n|-fieldstart|move: Electric Terrain|[from] ability: Hadron Engine|[of] p2a: Miraidon\n|turn|4\n|\n|t:|1699890025\n|-terastallize|p1a: Iron Moth|Fairy\n|move|p1a: Iron Moth|Dazzling Gleam|p2a: Miraidon\n|-supereffective|p2a: Miraidon\n|-damage|p2a: Miraidon|37\/100\n|move|p2a: Miraidon|Electro Drift|p1a: Iron Moth\n|-damage|p1a: Iron Moth|0 fnt\n|faint|p1a: Iron Moth\n|-end|p1a: Iron Moth|Quark Drive|[silent]\n|\n|-weather|SunnyDay|[upkeep]\n|-heal|p2a: Miraidon|43\/100|[from] item: Leftovers\n|upkeep\n|\n|t:|1699890040\n|switch|p1a: Hatterene|Hatterene, F|100\/100\n|turn|5\n|\n|t:|1699890048\n|move|p2a: Miraidon|Draco Meteor|p1a: Hatterene\n|-immune|p1a: Hatterene\n|move|p1a: Hatterene|Dazzling Gleam|p2a: Miraidon\n|-supereffective|p2a: Miraidon\n|-damage|p2a: Miraidon|0 fnt\n|faint|p2a: Miraidon\n|\n|-weather|SunnyDay|[upkeep]\n|upkeep\n|\n|t:|1699890053\n|switch|p2a: Zamazenta|Zamazenta-Crowned, shiny|100\/100\n|-ability|p2a: Zamazenta|Dauntless Shield|boost\n|-boost|p2a: Zamazenta|def|1\n|turn|6\n|\n|t:|1699890069\n|move|p2a: Zamazenta|Brick Break|p1a: Hatterene\n|-resisted|p1a: Hatterene\n|-damage|p1a: Hatterene|93\/100\n|-enditem|p1a: Hatterene|Eject Button\n|\n|t:|1699890083\n|switch|p1a: Iron Valiant|Iron Valiant|100\/100\n|-activate|p1a: Iron Valiant|ability: Quark Drive\n|-start|p1a: Iron Valiant|quarkdrivespe\n|\n|-weather|none\n|upkeep\n|turn|7\n|\n|t:|1699890093\n|move|p1a: Iron Valiant|Close Combat|p2a: Zamazenta\n|-supereffective|p2a: Zamazenta\n|-damage|p2a: Zamazenta|46\/100\n|-unboost|p1a: Iron Valiant|def|1\n|-unboost|p1a: Iron Valiant|spd|1\n|move|p2a: Zamazenta|Behemoth Bash|p1a: Iron Valiant\n|-supereffective|p1a: Iron Valiant\n|-damage|p1a: Iron Valiant|0 fnt\n|faint|p1a: Iron Valiant\n|-end|p1a: Iron Valiant|Quark Drive|[silent]\n|\n|upkeep\n|\n|t:|1699890105\n|switch|p1a: Landorus|Landorus-Therian, M|100\/100\n|-ability|p1a: Landorus|Intimidate|boost\n|-unboost|p2a: Zamazenta|atk|1\n|turn|8\n|\n|t:|1699890114\n|move|p2a: Zamazenta|Brick Break|p1a: Landorus\n|-resisted|p1a: Landorus\n|-damage|p1a: Landorus|93\/100\n|-damage|p2a: Zamazenta|29\/100|[from] item: Rocky Helmet|[of] p1a: Landorus\n|move|p1a: Landorus|Earthquake|p2a: Zamazenta\n|-supereffective|p2a: Zamazenta\n|-damage|p2a: Zamazenta|0 fnt\n|faint|p2a: Zamazenta\n|\n|-fieldend|move: Electric Terrain\n|upkeep\n|\n|t:|1699890118\n|switch|p2a: Zacian|Zacian-Crowned, shiny|100\/100\n|-ability|p2a: Zacian|Intrepid Sword|boost\n|-boost|p2a: Zacian|atk|1\n|turn|9\n|\n|t:|1699890135\n|move|p2a: Zacian|Sacred Sword|p1a: Landorus\n|-resisted|p1a: Landorus\n|-damage|p1a: Landorus|75\/100\n|-damage|p2a: Zacian|84\/100|[from] item: Rocky Helmet|[of] p1a: Landorus\n|move|p1a: Landorus|Earthquake|p2a: Zacian\n|-supereffective|p2a: Zacian\n|-damage|p2a: Zacian|9\/100\n|\n|upkeep\n|turn|10\n|\n|t:|1699890145\n|move|p2a: Zacian|Wild Charge|p1a: Landorus\n|-immune|p1a: Landorus\n|move|p1a: Landorus|Earthquake|p2a: Zacian\n|-supereffective|p2a: Zacian\n|-damage|p2a: Zacian|0 fnt\n|faint|p2a: Zacian\n|\n|upkeep\n|\n|t:|1699890149\n|switch|p2a: Kingambit|Kingambit, F|100\/100\n|-activate|p2a: Kingambit|ability: Supreme Overlord\n|-start|p2a: Kingambit|fallen5|[silent]\n|turn|11\n|\n|t:|1699890159\n|move|p2a: Kingambit|Sucker Punch|p1a: Landorus\n|-damage|p1a: Landorus|41\/100\n|-damage|p2a: Kingambit|84\/100|[from] item: Rocky Helmet|[of] p1a: Landorus\n|move|p1a: Landorus|Earthquake|p2a: Kingambit\n|-supereffective|p2a: Kingambit\n|-damage|p2a: Kingambit|9\/100\n|\n|-heal|p2a: Kingambit|15\/100|[from] item: Leftovers\n|upkeep\n|turn|12\n|\n|t:|1699890170\n|move|p2a: Kingambit|Sucker Punch|p1a: Landorus\n|-damage|p1a: Landorus|4\/100\n|-damage|p2a: Kingambit|0 fnt|[from] item: Rocky Helmet|[of] p1a: Landorus\n|faint|p2a: Kingambit\n|-end|p2a: Kingambit|fallen5|[silent]\n|\n|win|Spartan-912\n|raw|Spartan-912's rating: 1077 &rarr; <strong>1111<\/strong><br \/>(+34 for winning)\n|raw|Zaya575's rating: 1143 &rarr; <strong>1113<\/strong><br \/>(-30 for losing)\n|l|\u2606Zaya575\n","uploadtime":1699890179,"views":14,"p1id":"spartan912","p2id":"zaya575","formatid":"gen9anythinggoes","rating":1111,"private":0,"password":""}