{"id":"gen9anythinggoes-1980171853","p1":"Futuure","p2":"diggerrqn1","format":"[Gen 9] Anything Goes","log":"|j|\u2606Futuure\n|j|\u2606diggerrqn1\n|t:|1698763504\n|gametype|singles\n|player|p1|Futuure|steven|1032\n|player|p2|diggerrqn1|ruinmaniac|1088\n|teamsize|p1|6\n|teamsize|p2|1\n|gen|9\n|tier|[Gen 9] Anything Goes\n|rated|\n|rule|HP Percentage Mod: HP is shown in percentages\n|rule|Endless Battle Clause: Forcing endless battles is banned\n|clearpoke\n|poke|p1|Rayquaza|\n|poke|p1|Charizard, M|\n|poke|p1|Espeon, F|\n|poke|p1|Ceruledge, M|\n|poke|p1|Gyarados, F|\n|poke|p1|Banette, F|\n|poke|p2|Calyrex-Shadow|\n|teampreview\n|inactive|Battle timer is ON: inactive players will automatically lose when time's up. (requested by diggerrqn1)\n|\n|t:|1698763512\n|start\n|switch|p1a: Banette|Banette, F|100\/100\n|switch|p2a: Calyrex|Calyrex-Shadow|100\/100\n|-ability|p2a: Calyrex|As One\n|-ability|p2a: Calyrex|Unnerve\n|turn|1\n|c|\u2606Futuure|one pokemon\n|c|\u2606Futuure|?\n|\n|t:|1698763524\n|-terastallize|p2a: Calyrex|Dark\n|move|p2a: Calyrex|Dark Pulse|p1a: Banette\n|-supereffective|p1a: Banette\n|-damage|p1a: Banette|0 fnt\n|faint|p1a: Banette\n|-ability|p2a: Calyrex|Grim Neigh|boost\n|-boost|p2a: Calyrex|spa|1\n|\n|upkeep\n|c|\u2606Futuure|ah hell nah\n|\n|t:|1698763535\n|switch|p1a: Ceruledge|Ceruledge, M|100\/100\n|turn|2\n|\n|t:|1698763538\n|move|p2a: Calyrex|Dark Pulse|p1a: Ceruledge\n|-supereffective|p1a: Ceruledge\n|-damage|p1a: Ceruledge|0 fnt\n|faint|p1a: Ceruledge\n|-ability|p2a: Calyrex|Grim Neigh|boost\n|-boost|p2a: Calyrex|spa|1\n|\n|upkeep\n|\n|t:|1698763545\n|switch|p1a: Charizard|Charizard, M|100\/100\n|turn|3\n|\n|t:|1698763552\n|-terastallize|p1a: Charizard|Fire\n|move|p2a: Calyrex|Dark Pulse|p1a: Charizard\n|-damage|p1a: Charizard|0 fnt\n|faint|p1a: Charizard\n|-ability|p2a: Calyrex|Grim Neigh|boost\n|-boost|p2a: Calyrex|spa|1\n|\n|upkeep\n|\n|t:|1698763561\n|switch|p1a: Gyarados|Gyarados, F|100\/100\n|-ability|p1a: Gyarados|Intimidate|boost\n|-unboost|p2a: Calyrex|atk|1\n|turn|4\n|c|\u2606Futuure|imagine using one move\n|\n|t:|1698763570\n|move|p2a: Calyrex|Dark Pulse|p1a: Gyarados\n|-damage|p1a: Gyarados|0 fnt\n|faint|p1a: Gyarados\n|-ability|p2a: Calyrex|Grim Neigh|boost\n|-boost|p2a: Calyrex|spa|1\n|\n|upkeep\n|c|\u2606Futuure|ur so weird\n|\n|t:|1698763577\n|switch|p1a: Espeon|Espeon, F|100\/100\n|turn|5\n|\n|t:|1698763584\n|move|p2a: Calyrex|Dark Pulse|p1a: Espeon\n|-supereffective|p1a: Espeon\n|-damage|p1a: Espeon|0 fnt\n|faint|p1a: Espeon\n|-ability|p2a: Calyrex|Grim Neigh|boost\n|-boost|p2a: Calyrex|spa|1\n|\n|upkeep\n|c|\u2606Futuure|I cant do shit\n|\n|t:|1698763594\n|switch|p1a: Rayquaza|Rayquaza|100\/100\n|-ability|p1a: Rayquaza|Air Lock\n|turn|6\n|\n|t:|1698763602\n|move|p2a: Calyrex|Dark Pulse|p1a: Rayquaza\n|-damage|p1a: Rayquaza|0 fnt\n|faint|p1a: Rayquaza\n|\n|win|diggerrqn1\n|raw|Futuure's rating: 1032 &rarr; <strong>1020<\/strong><br \/>(-12 for losing)\n|raw|diggerrqn1's rating: 1088 &rarr; <strong>1111<\/strong><br \/>(+23 for winning)\n","uploadtime":1698763618,"views":7,"p1id":"futuure","p2id":"diggerrqn1","formatid":"gen9anythinggoes","rating":1020,"private":0,"password":""}