{"id":"gen9anythinggoes-1984727389","p1":"Sft46","p2":"letsbegood","format":"[Gen 9] Anything Goes","log":"|j|\u2606Sft46\n|j|\u2606letsbegood\n|t:|1699294137\n|gametype|singles\n|player|p1|Sft46|bellelba|1072\n|player|p2|letsbegood|psychicf-gen4|1000\n|teamsize|p1|6\n|teamsize|p2|6\n|gen|9\n|tier|[Gen 9] Anything Goes\n|rated|\n|rule|HP Percentage Mod: HP is shown in percentages\n|rule|Endless Battle Clause: Forcing endless battles is banned\n|clearpoke\n|poke|p1|Basculegion, M|\n|poke|p1|Kyogre|\n|poke|p1|Pawmot, M|\n|poke|p1|Pawmot, M|\n|poke|p1|Arceus-Ground|\n|poke|p1|Arceus-Fire|\n|poke|p2|Zacian-*|\n|poke|p2|Regieleki|\n|poke|p2|Chien-Pao|\n|poke|p2|Pelipper, M|\n|poke|p2|Hawlucha, F|\n|poke|p2|Murkrow, M|\n|teampreview\n|inactive|Battle timer is ON: inactive players will automatically lose when time's up. (requested by letsbegood)\n|\n|t:|1699294149\n|start\n|switch|p1a: Worm God \ud83e\udeb1|Arceus-Ground|100\/100\n|switch|p2a: Pelipper|Pelipper, M|100\/100\n|-weather|RainDance|[from] ability: Drizzle|[of] p2a: Pelipper\n|turn|1\n|\n|t:|1699294177\n|switch|p1a: Fist Revive \ud83d\udc4a\u2764\ufe0f|Pawmot, M|100\/100\n|move|p2a: Pelipper|Weather Ball|p1a: Fist Revive \ud83d\udc4a\u2764\ufe0f\n|-damage|p1a: Fist Revive \ud83d\udc4a\u2764\ufe0f|0 fnt\n|faint|p1a: Fist Revive \ud83d\udc4a\u2764\ufe0f\n|\n|-weather|RainDance|[upkeep]\n|upkeep\n|inactive|Sft46 has 120 seconds left.\n|\n|t:|1699294207\n|switch|p1a: Worm God \ud83e\udeb1|Arceus-Ground|100\/100\n|turn|2\n|\n|t:|1699294218\n|move|p2a: Pelipper|Weather Ball|p1a: Worm God \ud83e\udeb1\n|-supereffective|p1a: Worm God \ud83e\udeb1\n|-damage|p1a: Worm God \ud83e\udeb1|0 fnt\n|faint|p1a: Worm God \ud83e\udeb1\n|\n|-weather|RainDance|[upkeep]\n|upkeep\n|\n|t:|1699294226\n|switch|p1a: Fire Elemental \ud83d\udd25|Arceus-Fire|100\/100\n|turn|3\n|\n|t:|1699294232\n|move|p2a: Pelipper|Weather Ball|p1a: Fire Elemental \ud83d\udd25\n|-supereffective|p1a: Fire Elemental \ud83d\udd25\n|-damage|p1a: Fire Elemental \ud83d\udd25|8\/100\n|move|p1a: Fire Elemental \ud83d\udd25|Earthquake|p2a: Pelipper\n|-immune|p2a: Pelipper\n|\n|-weather|RainDance|[upkeep]\n|upkeep\n|turn|4\n|\n|t:|1699294245\n|switch|p1a: Fist Revive \ud83d\udc4a\u2764\ufe0f|Pawmot, M|100\/100\n|move|p2a: Pelipper|Weather Ball|p1a: Fist Revive \ud83d\udc4a\u2764\ufe0f\n|-damage|p1a: Fist Revive \ud83d\udc4a\u2764\ufe0f|0 fnt\n|faint|p1a: Fist Revive \ud83d\udc4a\u2764\ufe0f\n|\n|-weather|RainDance|[upkeep]\n|upkeep\n|\n|t:|1699294256\n|switch|p1a: Fire Elemental \ud83d\udd25|Arceus-Fire|8\/100\n|turn|5\n|\n|t:|1699294262\n|move|p2a: Pelipper|Weather Ball|p1a: Fire Elemental \ud83d\udd25\n|-supereffective|p1a: Fire Elemental \ud83d\udd25\n|-damage|p1a: Fire Elemental \ud83d\udd25|0 fnt\n|faint|p1a: Fire Elemental \ud83d\udd25\n|\n|-weather|none\n|upkeep\n|\n|t:|1699294270\n|switch|p1a: Rainmaker \u2614\ud83c\udf27\ufe0f\ud83d\udca7|Kyogre|100\/100\n|-weather|RainDance|[from] ability: Drizzle|[of] p1a: Rainmaker \u2614\ud83c\udf27\ufe0f\ud83d\udca7\n|turn|6\n|\n|t:|1699294281\n|switch|p2a: Regieleki|Regieleki, shiny|100\/100\n|move|p1a: Rainmaker \u2614\ud83c\udf27\ufe0f\ud83d\udca7|Thunder|p2a: Regieleki\n|-resisted|p2a: Regieleki\n|-damage|p2a: Regieleki|55\/100\n|\n|-weather|RainDance|[upkeep]\n|upkeep\n|turn|7\n|\n|t:|1699294294\n|move|p2a: Regieleki|Thunder|p1a: Rainmaker \u2614\ud83c\udf27\ufe0f\ud83d\udca7\n|-supereffective|p1a: Rainmaker \u2614\ud83c\udf27\ufe0f\ud83d\udca7\n|-damage|p1a: Rainmaker \u2614\ud83c\udf27\ufe0f\ud83d\udca7|0 fnt\n|faint|p1a: Rainmaker \u2614\ud83c\udf27\ufe0f\ud83d\udca7\n|\n|-weather|RainDance|[upkeep]\n|upkeep\n|\n|t:|1699294302\n|switch|p1a: Gravepower \ud83e\udea6\ud83e\udea6\ud83e\udea6|Basculegion, M, shiny|100\/100\n|turn|8\n|\n|t:|1699294309\n|-terastallize|p1a: Gravepower \ud83e\udea6\ud83e\udea6\ud83e\udea6|Ghost\n|move|p1a: Gravepower \ud83e\udea6\ud83e\udea6\ud83e\udea6|Last Respects|p2a: Regieleki\n|-damage|p2a: Regieleki|0 fnt\n|faint|p2a: Regieleki\n|\n|-weather|RainDance|[upkeep]\n|upkeep\n|\n|t:|1699294321\n|switch|p2a: Chien-Pao|Chien-Pao|100\/100\n|-ability|p2a: Chien-Pao|Sword of Ruin\n|turn|9\n|\n|t:|1699294327\n|-terastallize|p2a: Chien-Pao|Dark\n|move|p2a: Chien-Pao|Sucker Punch|p1a: Gravepower \ud83e\udea6\ud83e\udea6\ud83e\udea6\n|-supereffective|p1a: Gravepower \ud83e\udea6\ud83e\udea6\ud83e\udea6\n|-damage|p1a: Gravepower \ud83e\udea6\ud83e\udea6\ud83e\udea6|0 fnt\n|faint|p1a: Gravepower \ud83e\udea6\ud83e\udea6\ud83e\udea6\n|\n|win|letsbegood\n|raw|Sft46's rating: 1072 &rarr; <strong>1047<\/strong><br \/>(-25 for losing)\n|raw|letsbegood's rating: 1000 &rarr; <strong>1048<\/strong><br \/>(+48 for winning)\n|l|\u2606Sft46\n","uploadtime":1699294342,"views":12,"p1id":"sft46","p2id":"letsbegood","formatid":"gen9anythinggoes","rating":1047,"private":0,"password":""}