{"id":"gen9anythinggoes-1973247657","p1":"Coomie1","p2":"Feraligators","format":"[Gen 9] Anything Goes","log":"|j|\u2606Coomie1\n|j|\u2606Feraligators\n|t:|1697944087\n|gametype|singles\n|player|p1|Coomie1|darach-caitlin|1593\n|player|p2|Feraligators|hooligans|1664\n|teamsize|p1|6\n|teamsize|p2|6\n|gen|9\n|tier|[Gen 9] Anything Goes\n|rated|\n|rule|HP Percentage Mod: HP is shown in percentages\n|rule|Endless Battle Clause: Forcing endless battles is banned\n|clearpoke\n|poke|p1|Arceus-Fairy|\n|poke|p1|Koraidon|\n|poke|p1|Ting-Lu|\n|poke|p1|Calyrex-Shadow|\n|poke|p1|Corviknight, F|\n|poke|p1|Skeledirge, M|\n|poke|p2|Calyrex-Shadow|\n|poke|p2|Arceus-Fairy|\n|poke|p2|Arceus|\n|poke|p2|Koraidon|\n|poke|p2|Ditto|\n|poke|p2|Miraidon|\n|teampreview\n|inactive|Battle timer is ON: inactive players will automatically lose when time's up. (requested by Coomie1)\n|c|\u2606Feraligators|Nice team\n|c|\u2606Coomie1|thanks\n|inactive|Coomie1 has 120 seconds left.\n|\n|t:|1697944128\n|start\n|switch|p1a: Corviknight|Corviknight, F, shiny|100\/100\n|switch|p2a: Dreadful Destroyer|Koraidon|100\/100\n|-weather|SunnyDay|[from] ability: Orichalcum Pulse|[of] p2a: Dreadful Destroyer\n|-activate|p2a: Dreadful Destroyer|Orichalcum Pulse|[source]\n|-ability|p1a: Corviknight|Pressure\n|turn|1\n|c|\u2606Feraligators|Just a heads up dont use will o on me\n|c|\u2606Coomie1|hm\n|\n|t:|1697944152\n|switch|p1a: Skeledirge|Skeledirge, M|100\/100\n|move|p2a: Dreadful Destroyer|Swords Dance|p2a: Dreadful Destroyer\n|-boost|p2a: Dreadful Destroyer|atk|2\n|\n|-weather|SunnyDay|[upkeep]\n|upkeep\n|turn|2\n|c|\u2606Feraligators|You dont listen\n|c|\u2606Coomie1|thats tru\n|inactive|Coomie1 has 120 seconds left.\n|c|\u2606Coomie1|who listens to the opp\n|\n|t:|1697944183\n|-terastallize|p2a: Dreadful Destroyer|Fire\n|move|p2a: Dreadful Destroyer|Swords Dance|p2a: Dreadful Destroyer\n|-boost|p2a: Dreadful Destroyer|atk|2\n|move|p1a: Skeledirge|Will-O-Wisp|p2a: Dreadful Destroyer|[miss]\n|-miss|p1a: Skeledirge|p2a: Dreadful Destroyer\n|\n|-weather|SunnyDay|[upkeep]\n|upkeep\n|turn|3\n|c|\u2606Feraligators|Thats allright just gave u an advice\n|\n|t:|1697944191\n|move|p2a: Dreadful Destroyer|Dragon Claw|p1a: Skeledirge\n|-damage|p1a: Skeledirge|62\/100\n|move|p1a: Skeledirge|Earth Power|p2a: Dreadful Destroyer\n|-supereffective|p2a: Dreadful Destroyer\n|-damage|p2a: Dreadful Destroyer|59\/100\n|\n|-weather|SunnyDay|[upkeep]\n|-heal|p2a: Dreadful Destroyer|66\/100|[from] item: Leftovers\n|upkeep\n|turn|4\n|inactive|Coomie1 has 120 seconds left.\n|\n|t:|1697944199\n|move|p2a: Dreadful Destroyer|Dragon Claw|p1a: Skeledirge\n|-damage|p1a: Skeledirge|27\/100\n|move|p1a: Skeledirge|Slack Off|p1a: Skeledirge\n|-heal|p1a: Skeledirge|77\/100\n|\n|-weather|SunnyDay|[upkeep]\n|-heal|p2a: Dreadful Destroyer|72\/100|[from] item: Leftovers\n|upkeep\n|turn|5\n|\n|t:|1697944207\n|move|p2a: Dreadful Destroyer|Flame Charge|p1a: Skeledirge\n|-resisted|p1a: Skeledirge\n|-damage|p1a: Skeledirge|55\/100\n|-boost|p2a: Dreadful Destroyer|spe|1\n|move|p1a: Skeledirge|Slack Off|p1a: Skeledirge\n|-heal|p1a: Skeledirge|100\/100\n|\n|-weather|none\n|-heal|p2a: Dreadful Destroyer|78\/100|[from] item: Leftovers\n|upkeep\n|turn|6\n|\n|t:|1697944216\n|move|p2a: Dreadful Destroyer|Dragon Claw|p1a: Skeledirge\n|-damage|p1a: Skeledirge|71\/100\n|move|p1a: Skeledirge|Earth Power|p2a: Dreadful Destroyer\n|-supereffective|p2a: Dreadful Destroyer\n|-damage|p2a: Dreadful Destroyer|43\/100\n|\n|-heal|p2a: Dreadful Destroyer|49\/100|[from] item: Leftovers\n|upkeep\n|turn|7\n|\n|t:|1697944226\n|move|p2a: Dreadful Destroyer|Swords Dance|p2a: Dreadful Destroyer\n|-boost|p2a: Dreadful Destroyer|atk|2\n|move|p1a: Skeledirge|Slack Off|p1a: Skeledirge\n|-heal|p1a: Skeledirge|100\/100\n|\n|-heal|p2a: Dreadful Destroyer|55\/100|[from] item: Leftovers\n|upkeep\n|turn|8\n|\n|t:|1697944233\n|move|p2a: Dreadful Destroyer|Dragon Claw|p1a: Skeledirge\n|-damage|p1a: Skeledirge|70\/100\n|move|p1a: Skeledirge|Earth Power|p2a: Dreadful Destroyer\n|-supereffective|p2a: Dreadful Destroyer\n|-damage|p2a: Dreadful Destroyer|19\/100\n|\n|-heal|p2a: Dreadful Destroyer|25\/100|[from] item: Leftovers\n|upkeep\n|turn|9\n|\n|t:|1697944242\n|move|p2a: Dreadful Destroyer|Dragon Claw|p1a: Skeledirge\n|-damage|p1a: Skeledirge|41\/100\n|move|p1a: Skeledirge|Slack Off|p1a: Skeledirge\n|-heal|p1a: Skeledirge|91\/100\n|\n|-heal|p2a: Dreadful Destroyer|31\/100|[from] item: Leftovers\n|upkeep\n|turn|10\n|\n|t:|1697944249\n|move|p2a: Dreadful Destroyer|Dragon Claw|p1a: Skeledirge\n|-damage|p1a: Skeledirge|63\/100\n|move|p1a: Skeledirge|Earth Power|p2a: Dreadful Destroyer\n|-supereffective|p2a: Dreadful Destroyer\n|-damage|p2a: Dreadful Destroyer|0 fnt\n|faint|p2a: Dreadful Destroyer\n|\n|upkeep\n|c|\u2606Coomie1|well\n|\n|t:|1697944261\n|switch|p2a: Fallen Angel|Arceus-Fairy|100\/100\n|turn|11\n|\n|t:|1697944268\n|switch|p1a: Corviknight|Corviknight, F, shiny|100\/100\n|-ability|p1a: Corviknight|Pressure\n|move|p2a: Fallen Angel|Cosmic Power|p2a: Fallen Angel\n|-boost|p2a: Fallen Angel|def|1\n|-boost|p2a: Fallen Angel|spd|1\n|\n|upkeep\n|turn|12\n|\n|t:|1697944282\n|move|p2a: Fallen Angel|Cosmic Power|p2a: Fallen Angel\n|-boost|p2a: Fallen Angel|def|1\n|-boost|p2a: Fallen Angel|spd|1\n|move|p1a: Corviknight|Iron Head|p2a: Fallen Angel\n|-supereffective|p2a: Fallen Angel\n|-damage|p2a: Fallen Angel|83\/100\n|\n|upkeep\n|turn|13\n|\n|t:|1697944285\n|move|p2a: Fallen Angel|Cosmic Power|p2a: Fallen Angel\n|-boost|p2a: Fallen Angel|def|1\n|-boost|p2a: Fallen Angel|spd|1\n|move|p1a: Corviknight|U-turn|p2a: Fallen Angel\n|-resisted|p2a: Fallen Angel\n|-damage|p2a: Fallen Angel|81\/100\n|\n|t:|1697944301\n|switch|p1a: Skeledirge|Skeledirge, M|63\/100|[from] U-turn\n|\n|upkeep\n|turn|14\n|c|\u2606Feraligators|You shouldnot use will o on me\n|\n|t:|1697944309\n|move|p2a: Fallen Angel|Judgment|p1a: Skeledirge\n|-resisted|p1a: Skeledirge\n|-damage|p1a: Skeledirge|36\/100\n|move|p1a: Skeledirge|Slack Off|p1a: Skeledirge\n|-heal|p1a: Skeledirge|86\/100\n|\n|upkeep\n|turn|15\n|\n|t:|1697944317\n|move|p2a: Fallen Angel|Cosmic Power|p2a: Fallen Angel\n|-boost|p2a: Fallen Angel|def|1\n|-boost|p2a: Fallen Angel|spd|1\n|move|p1a: Skeledirge|Torch Song|p2a: Fallen Angel\n|-damage|p2a: Fallen Angel|61\/100\n|-boost|p1a: Skeledirge|spa|1\n|\n|upkeep\n|turn|16\n|c|\u2606Feraligators|...\n|\n|t:|1697944326\n|move|p2a: Fallen Angel|Thunder Wave|p1a: Skeledirge\n|-status|p1a: Skeledirge|par\n|cant|p1a: Skeledirge|par\n|\n|upkeep\n|turn|17\n|c|\u2606Feraligators|I hate that song\n|\n|t:|1697944338\n|move|p2a: Fallen Angel|Cosmic Power|p2a: Fallen Angel\n|-boost|p2a: Fallen Angel|def|1\n|-boost|p2a: Fallen Angel|spd|1\n|move|p1a: Skeledirge|Torch Song|p2a: Fallen Angel\n|-damage|p2a: Fallen Angel|33\/100\n|-boost|p1a: Skeledirge|spa|1\n|\n|upkeep\n|turn|18\n|c|\u2606Coomie1|?\n|\n|t:|1697944347\n|move|p2a: Fallen Angel|Recover|p2a: Fallen Angel\n|-heal|p2a: Fallen Angel|83\/100\n|move|p1a: Skeledirge|Torch Song|p2a: Fallen Angel\n|-damage|p2a: Fallen Angel|43\/100\n|-boost|p1a: Skeledirge|spa|1\n|\n|upkeep\n|turn|19\n|\n|t:|1697944356\n|move|p2a: Fallen Angel|Cosmic Power|p2a: Fallen Angel\n|-boost|p2a: Fallen Angel|def|1\n|-boost|p2a: Fallen Angel|spd|1\n|cant|p1a: Skeledirge|par\n|\n|upkeep\n|turn|20\n|\n|t:|1697944362\n|move|p2a: Fallen Angel|Judgment|p1a: Skeledirge\n|-resisted|p1a: Skeledirge\n|-damage|p1a: Skeledirge|62\/100 par\n|move|p1a: Skeledirge|Torch Song|p2a: Fallen Angel\n|-damage|p2a: Fallen Angel|0 fnt\n|-boost|p1a: Skeledirge|spa|1\n|faint|p2a: Fallen Angel\n|\n|upkeep\n|\n|t:|1697944378\n|switch|p2a: Electrostatic Eel|Miraidon|100\/100\n|-fieldstart|move: Electric Terrain|[from] ability: Hadron Engine|[of] p2a: Electrostatic Eel\n|turn|21\n|inactive|Coomie1 has 120 seconds left.\n|\n|t:|1697944408\n|move|p2a: Electrostatic Eel|Draco Meteor|p1a: Skeledirge\n|-damage|p1a: Skeledirge|0 fnt\n|-unboost|p2a: Electrostatic Eel|spa|2\n|faint|p1a: Skeledirge\n|\n|upkeep\n|inactive|Coomie1 has 120 seconds left.\n|\n|t:|1697944422\n|switch|p1a: Koraidon|Koraidon|100\/100\n|-weather|SunnyDay|[from] ability: Orichalcum Pulse|[of] p1a: Koraidon\n|-activate|p1a: Koraidon|Orichalcum Pulse|[source]\n|turn|22\n|inactive|Coomie1 has 120 seconds left.\n|\n|t:|1697944433\n|switch|p2a: Light of Hope|Arceus|100\/100\n|move|p1a: Koraidon|Outrage|p2a: Light of Hope\n|-damage|p2a: Light of Hope|33\/100\n|\n|-weather|SunnyDay|[upkeep]\n|-heal|p2a: Light of Hope|39\/100|[from] item: Leftovers\n|upkeep\n|turn|23\n|\n|t:|1697944441\n|move|p2a: Light of Hope|Extreme Speed|p1a: Koraidon\n|-damage|p1a: Koraidon|63\/100\n|move|p1a: Koraidon|Outrage|p2a: Light of Hope|[from]lockedmove\n|-damage|p2a: Light of Hope|0 fnt\n|faint|p2a: Light of Hope\n|\n|-weather|SunnyDay|[upkeep]\n|upkeep\n|\n|t:|1697944448\n|switch|p2a: Disguise Da Limit|Ditto, shiny|100\/100\n|-transform|p2a: Disguise Da Limit|p1a: Koraidon|[from] ability: Imposter\n|-activate|p2a: Disguise Da Limit|ability: Orichalcum Pulse\n|turn|24\n|\n|t:|1697944459\n|move|p1a: Koraidon|Outrage|p2a: Disguise Da Limit|[from]lockedmove\n|-supereffective|p2a: Disguise Da Limit\n|-damage|p2a: Disguise Da Limit|0 fnt\n|faint|p2a: Disguise Da Limit\n|-start|p1a: Koraidon|confusion|[fatigue]\n|\n|-weather|SunnyDay|[upkeep]\n|upkeep\n|c|\u2606Feraligators|Scarf?\n|c|\u2606Coomie1|yes\n|\n|t:|1697944475\n|switch|p2a: Shadow Knight|Calyrex-Shadow|100\/100\n|-ability|p2a: Shadow Knight|As One\n|-ability|p2a: Shadow Knight|Unnerve\n|turn|25\n|\n|t:|1697944485\n|move|p2a: Shadow Knight|Astral Barrage|p1a: Koraidon\n|-damage|p1a: Koraidon|0 fnt\n|faint|p1a: Koraidon\n|-ability|p2a: Shadow Knight|Grim Neigh|boost\n|-boost|p2a: Shadow Knight|spa|1\n|\n|-weather|SunnyDay|[upkeep]\n|-fieldend|move: Electric Terrain\n|upkeep\n|c|\u2606Coomie1|le scarf\n|c|\u2606Feraligators|Yea i m sashed\n|j| GUESSWHOTPRADO\n|inactive|Coomie1 has 120 seconds left.\n|\n|t:|1697944531\n|switch|p1a: Ting-Lu|Ting-Lu|100\/100\n|-ability|p1a: Ting-Lu|Vessel of Ruin\n|turn|26\n|\n|t:|1697944545\n|move|p2a: Shadow Knight|Astral Barrage|p1a: Ting-Lu\n|-resisted|p1a: Ting-Lu\n|-damage|p1a: Ting-Lu|76\/100\n|move|p1a: Ting-Lu|Ruination|p2a: Shadow Knight\n|-damage|p2a: Shadow Knight|51\/100\n|\n|-weather|none\n|-heal|p1a: Ting-Lu|82\/100|[from] item: Leftovers\n|upkeep\n|turn|27\n|\n|t:|1697944557\n|switch|p2a: Electrostatic Eel|Miraidon|100\/100\n|-fieldstart|move: Electric Terrain|[from] ability: Hadron Engine|[of] p2a: Electrostatic Eel\n|move|p1a: Ting-Lu|Earthquake|p2a: Electrostatic Eel\n|-supereffective|p2a: Electrostatic Eel\n|-damage|p2a: Electrostatic Eel|21\/100\n|\n|-heal|p1a: Ting-Lu|89\/100|[from] item: Leftovers\n|upkeep\n|turn|28\n|c|\u2606Feraligators|Yea i lied\n|c|\u2606Coomie1|dude\n|c|\u2606Coomie1|I already knew\n|l| GUESSWHOTPRADO\n|c|\u2606Feraligators|How?\n|inactive|Coomie1 has 90 seconds left.\n|c|\u2606Feraligators|Oh wait\n|c|\u2606Feraligators|Yea i realise now\n|c|\u2606Coomie1|ye\n|j| GUESSWHOTPRADO\n|\n|t:|1697944604\n|switch|p1a: Arceus|Arceus-Fairy|100\/100\n|move|p2a: Electrostatic Eel|Draco Meteor|p1a: Arceus\n|-immune|p1a: Arceus\n|\n|upkeep\n|turn|29\n|l| GUESSWHOTPRADO\n|\n|t:|1697944613\n|move|p2a: Electrostatic Eel|Draco Meteor|p1a: Arceus\n|-immune|p1a: Arceus\n|move|p1a: Arceus|Judgment|p2a: Electrostatic Eel\n|-supereffective|p2a: Electrostatic Eel\n|-damage|p2a: Electrostatic Eel|0 fnt\n|faint|p2a: Electrostatic Eel\n|\n|upkeep\n|\n|t:|1697944616\n|switch|p2a: Shadow Knight|Calyrex-Shadow|51\/100\n|-ability|p2a: Shadow Knight|As One\n|-ability|p2a: Shadow Knight|Unnerve\n|turn|30\n|inactive|Coomie1 has 90 seconds left.\n|c|\u2606Feraligators|Gg..\n|c|\u2606Coomie1|this was a fun match tho\n|\n|t:|1697944641\n|move|p2a: Shadow Knight|Astral Barrage|p1a: Arceus\n|-damage|p1a: Arceus|48\/100\n|move|p1a: Arceus|Judgment|p2a: Shadow Knight\n|-damage|p2a: Shadow Knight|0 fnt\n|faint|p2a: Shadow Knight\n|\n|win|Coomie1\n|raw|Coomie1's rating: 1593 &rarr; <strong>1617<\/strong><br \/>(+24 for winning)\n|raw|Feraligators's rating: 1664 &rarr; <strong>1640<\/strong><br \/>(-24 for losing)\n|c|\u2606Feraligators|Yea i realised i was gonna lose the second kora lost\n|c|\u2606Coomie1|gg\n|c|\u2606Feraligators|Gg\n|l|\u2606Feraligators\n|c|\u2606Coomie1|the unawere got u\n","uploadtime":1697944671,"views":15,"p1id":"coomie1","p2id":"feraligators","formatid":"gen9anythinggoes","rating":1617,"private":0,"password":""}