{"id":"gen9anythinggoes-1980449202","p1":"just_installed54","p2":"ChimeBliss","format":"[Gen 9] Anything Goes","log":"|j|\u2606just_installed54\n|j|\u2606ChimeBliss\n|t:|1698785946\n|gametype|singles\n|player|p1|just_installed54|medium|1076\n|player|p2|ChimeBliss|dawn-gen4pt|1215\n|teamsize|p1|6\n|teamsize|p2|6\n|gen|9\n|tier|[Gen 9] Anything Goes\n|rated|\n|rule|HP Percentage Mod: HP is shown in percentages\n|rule|Endless Battle Clause: Forcing endless battles is banned\n|clearpoke\n|poke|p1|Volcarona, M|\n|poke|p1|Sneasler, M|\n|poke|p1|Florges-White, F|\n|poke|p1|Avalugg, M|\n|poke|p1|Yanmega, M|\n|poke|p1|Ursaring, M|\n|poke|p2|Grimmsnarl, M|\n|poke|p2|Glimmora, M|\n|poke|p2|Arceus|\n|poke|p2|Arceus-Ground|\n|poke|p2|Koraidon|\n|poke|p2|Calyrex-Shadow|\n|teampreview\n|inactive|Battle timer is ON: inactive players will automatically lose when time's up. (requested by ChimeBliss)\n|\n|t:|1698785957\n|start\n|switch|p1a: Volcarona|Volcarona, M|100\/100\n|switch|p2a: Glimmora|Glimmora, M|100\/100\n|turn|1\n|\n|t:|1698785962\n|move|p1a: Volcarona|Quiver Dance|p1a: Volcarona\n|-boost|p1a: Volcarona|spa|1\n|-boost|p1a: Volcarona|spd|1\n|-boost|p1a: Volcarona|spe|1\n|move|p2a: Glimmora|Mud Shot|p1a: Volcarona\n|-damage|p1a: Volcarona|87\/100\n|-unboost|p1a: Volcarona|spe|1\n|\n|upkeep\n|turn|2\n|\n|t:|1698785971\n|move|p1a: Volcarona|Quiver Dance|p1a: Volcarona\n|-boost|p1a: Volcarona|spa|1\n|-boost|p1a: Volcarona|spd|1\n|-boost|p1a: Volcarona|spe|1\n|move|p2a: Glimmora|Mortal Spin|p1a: Volcarona\n|-damage|p1a: Volcarona|78\/100\n|-status|p1a: Volcarona|psn\n|-status|p2a: Glimmora|brn|[from] ability: Flame Body|[of] p1a: Volcarona\n|\n|-damage|p1a: Volcarona|65\/100 psn|[from] psn\n|-damage|p2a: Glimmora|94\/100 brn|[from] brn\n|upkeep\n|turn|3\n|\n|t:|1698785984\n|move|p1a: Volcarona|Quiver Dance|p1a: Volcarona\n|-boost|p1a: Volcarona|spa|1\n|-boost|p1a: Volcarona|spd|1\n|-boost|p1a: Volcarona|spe|1\n|move|p2a: Glimmora|Mud Shot|p1a: Volcarona\n|-damage|p1a: Volcarona|56\/100 psn\n|-unboost|p1a: Volcarona|spe|1\n|\n|-damage|p1a: Volcarona|44\/100 psn|[from] psn\n|-damage|p2a: Glimmora|88\/100 brn|[from] brn\n|upkeep\n|turn|4\n|\n|t:|1698785995\n|move|p1a: Volcarona|Psychic|p2a: Glimmora\n|-supereffective|p2a: Glimmora\n|-crit|p2a: Glimmora\n|-damage|p2a: Glimmora|0 fnt\n|faint|p2a: Glimmora\n|\n|-damage|p1a: Volcarona|32\/100 psn|[from] psn\n|upkeep\n|\n|t:|1698786011\n|switch|p2a: Arceus|Arceus|100\/100\n|turn|5\n|\n|t:|1698786016\n|move|p2a: Arceus|Extreme Speed|p1a: Volcarona\n|-damage|p1a: Volcarona|0 fnt\n|faint|p1a: Volcarona\n|\n|upkeep\n|\n|t:|1698786027\n|switch|p1a: Yanmega|Yanmega, M|100\/100\n|turn|6\n|\n|t:|1698786038\n|move|p1a: Yanmega|Bug Buzz|p2a: Arceus\n|-crit|p2a: Arceus\n|-damage|p2a: Arceus|56\/100\n|move|p2a: Arceus|Bulk Up|p2a: Arceus\n|-boost|p2a: Arceus|atk|1\n|-boost|p2a: Arceus|def|1\n|\n|-heal|p2a: Arceus|62\/100|[from] item: Leftovers\n|upkeep\n|turn|7\n|\n|t:|1698786046\n|switch|p1a: Avalugg|Avalugg, M|100\/100\n|move|p2a: Arceus|Recover|p2a: Arceus\n|-heal|p2a: Arceus|100\/100\n|\n|upkeep\n|turn|8\n|\n|t:|1698786064\n|move|p2a: Arceus|Bulk Up|p2a: Arceus\n|-boost|p2a: Arceus|atk|1\n|-boost|p2a: Arceus|def|1\n|move|p1a: Avalugg|Avalanche|p2a: Arceus\n|-damage|p2a: Arceus|89\/100\n|\n|-heal|p2a: Arceus|96\/100|[from] item: Leftovers\n|upkeep\n|turn|9\n|\n|t:|1698786075\n|move|p2a: Arceus|Bulk Up|p2a: Arceus\n|-boost|p2a: Arceus|atk|1\n|-boost|p2a: Arceus|def|1\n|move|p1a: Avalugg|Surf|p2a: Arceus\n|-damage|p2a: Arceus|88\/100\n|\n|-heal|p2a: Arceus|94\/100|[from] item: Leftovers\n|upkeep\n|turn|10\n|\n|t:|1698786083\n|move|p2a: Arceus|Bulk Up|p2a: Arceus\n|-boost|p2a: Arceus|atk|1\n|-boost|p2a: Arceus|def|1\n|move|p1a: Avalugg|Surf|p2a: Arceus\n|-damage|p2a: Arceus|87\/100\n|\n|-heal|p2a: Arceus|93\/100|[from] item: Leftovers\n|upkeep\n|turn|11\n|\n|t:|1698786092\n|move|p2a: Arceus|Bulk Up|p2a: Arceus\n|-boost|p2a: Arceus|atk|1\n|-boost|p2a: Arceus|def|1\n|move|p1a: Avalugg|Crunch|p2a: Arceus\n|-damage|p2a: Arceus|88\/100\n|\n|-heal|p2a: Arceus|94\/100|[from] item: Leftovers\n|upkeep\n|turn|12\n|\n|t:|1698786101\n|move|p2a: Arceus|Bulk Up|p2a: Arceus\n|-boost|p2a: Arceus|atk|1\n|-boost|p2a: Arceus|def|1\n|move|p1a: Avalugg|Earthquake|p2a: Arceus\n|-damage|p2a: Arceus|88\/100\n|\n|-heal|p2a: Arceus|94\/100|[from] item: Leftovers\n|upkeep\n|turn|13\n|\n|t:|1698786109\n|move|p2a: Arceus|Shadow Claw|p1a: Avalugg\n|-damage|p1a: Avalugg|51\/100\n|move|p1a: Avalugg|Surf|p2a: Arceus\n|-damage|p2a: Arceus|87\/100\n|\n|-heal|p2a: Arceus|93\/100|[from] item: Leftovers\n|-heal|p1a: Avalugg|57\/100|[from] item: Leftovers\n|upkeep\n|turn|14\n|\n|t:|1698786116\n|move|p2a: Arceus|Shadow Claw|p1a: Avalugg\n|-crit|p1a: Avalugg\n|-damage|p1a: Avalugg|0 fnt\n|faint|p1a: Avalugg\n|\n|-heal|p2a: Arceus|99\/100|[from] item: Leftovers\n|upkeep\n|-message|just_installed54 forfeited.\n|\n|win|ChimeBliss\n|raw|just_installed54's rating: 1076 &rarr; <strong>1063<\/strong><br \/>(-13 for losing)\n|raw|ChimeBliss's rating: 1215 &rarr; <strong>1230<\/strong><br \/>(+15 for winning)\n|l|\u2606just_installed54\n","uploadtime":1698786668,"views":9,"p1id":"justinstalled54","p2id":"chimebliss","formatid":"gen9anythinggoes","rating":1063,"private":0,"password":""}