{"id":"gen9anythinggoes-1973853480","p1":"jimBagd","p2":"RSmile","format":"[Gen 9] Anything Goes","log":"|j|\u2606jimBagd\n|j|\u2606RSmile\n|t:|1698020738\n|gametype|singles\n|player|p1|jimBagd|101|\n|player|p2|RSmile|shauna-masters|\n|teamsize|p1|6\n|teamsize|p2|6\n|gen|9\n|tier|[Gen 9] Anything Goes\n|rule|HP Percentage Mod: HP is shown in percentages\n|rule|Endless Battle Clause: Forcing endless battles is banned\n|clearpoke\n|poke|p1|Chien-Pao|\n|poke|p1|Morgrem, M|\n|poke|p1|Darkrai|\n|poke|p1|Meloetta|\n|poke|p1|Cyclizar, M|\n|poke|p1|Magearna|\n|poke|p2|Miraidon|\n|poke|p2|Koraidon|\n|poke|p2|Ogerpon-Hearthflame, F|\n|poke|p2|Calyrex-Shadow|\n|poke|p2|Great Tusk|\n|poke|p2|Ditto|\n|teampreview\n|j| Deaxthzsx\n|inactive|Battle timer is ON: inactive players will automatically lose when time's up. (requested by RSmile)\n|\n|t:|1698020749\n|start\n|switch|p1a: D\u0101kurai|Darkrai|100\/100\n|switch|p2a: Koraidon|Koraidon|100\/100\n|-weather|SunnyDay|[from] ability: Orichalcum Pulse|[of] p2a: Koraidon\n|-activate|p2a: Koraidon|Orichalcum Pulse|[source]\n|turn|1\n|c| Deaxthzsx|Glhf\n|j| CarlosBeansGaming\n|\n|t:|1698020777\n|switch|p1a: \u014ctobaitokage|Cyclizar, M, shiny|100\/100\n|move|p2a: Koraidon|Collision Course|p1a: \u014ctobaitokage\n|-supereffective|p1a: \u014ctobaitokage\n|-damage|p1a: \u014ctobaitokage|0 fnt\n|faint|p1a: \u014ctobaitokage\n|\n|-weather|SunnyDay|[upkeep]\n|upkeep\n|\n|t:|1698020788\n|switch|p1a: G\u01d4ji\u00e0nb\u00e0o|Chien-Pao|100\/100\n|-ability|p1a: G\u01d4ji\u00e0nb\u00e0o|Sword of Ruin\n|turn|2\n|j| FelliBear\n|j| Ollure\n|c| Ollure|BEEP\n|inactive|RSmile has 270 seconds left.\n|l|\u2606RSmile\n|inactive|RSmile disconnected and has 300 seconds to reconnect!\n|player|p2|\n|c|\u2606jimBagd|uh oh\n|inactive|RSmile has 270 seconds to reconnect!\n|j|\u2606RSmile\n|inactive|RSmile reconnected and has 265 seconds left.\n|player|p2|RSmile|shauna-masters\n|c| FelliBear|discconnection\n|c|\u2606RSmile|Ah yes, this wouldn't be a tournament without my internet messing me up\n|\n|t:|1698020882\n|-terastallize|p1a: G\u01d4ji\u00e0nb\u00e0o|Ghost\n|move|p2a: Koraidon|Collision Course|p1a: G\u01d4ji\u00e0nb\u00e0o\n|-immune|p1a: G\u01d4ji\u00e0nb\u00e0o\n|move|p1a: G\u01d4ji\u00e0nb\u00e0o|Sheer Cold|p2a: Koraidon|[miss]\n|-miss|p1a: G\u01d4ji\u00e0nb\u00e0o|p2a: Koraidon\n|\n|-weather|SunnyDay|[upkeep]\n|upkeep\n|turn|3\n|\n|t:|1698020897\n|switch|p2a: Ditto|Ditto|100\/100\n|-transform|p2a: Ditto|p1a: G\u01d4ji\u00e0nb\u00e0o|[from] ability: Imposter\n|-ability|p2a: Ditto|Sword of Ruin\n|move|p1a: G\u01d4ji\u00e0nb\u00e0o|Mean Look|p2a: Ditto\n|-activate|p2a: Ditto|trapped\n|\n|-weather|SunnyDay|[upkeep]\n|upkeep\n|-start|p2a: Ditto|typechange|Dark\/Ice|[silent]\n|turn|4\n|\n|t:|1698020914\n|switch|p1a: D\u0101kurai|Darkrai|100\/100\n|move|p2a: Ditto|Sheer Cold|p1a: D\u0101kurai|[miss]\n|-miss|p2a: Ditto|p1a: D\u0101kurai\n|\n|-weather|SunnyDay|[upkeep]\n|upkeep\n|turn|5\n|l| FelliBear\n|\n|t:|1698020925\n|switch|p2a: Koraidon|Koraidon|100\/100\n|-activate|p2a: Koraidon|ability: Orichalcum Pulse\n|move|p1a: D\u0101kurai|Swords Dance|p1a: D\u0101kurai\n|-boost|p1a: D\u0101kurai|atk|2\n|\n|-weather|none\n|upkeep\n|turn|6\n|inactive|RSmile has 270 seconds left.\n|j| FelliBear\n|\n|t:|1698020950\n|switch|p1a: G\u01d4ji\u00e0nb\u00e0o|Chien-Pao, tera:Ghost|100\/100\n|-ability|p1a: G\u01d4ji\u00e0nb\u00e0o|Sword of Ruin\n|move|p2a: Koraidon|Collision Course|p1a: G\u01d4ji\u00e0nb\u00e0o\n|-immune|p1a: G\u01d4ji\u00e0nb\u00e0o\n|\n|upkeep\n|turn|7\n|\n|t:|1698020965\n|switch|p2a: Calyrex|Calyrex-Shadow|100\/100\n|-ability|p2a: Calyrex|As One\n|-ability|p2a: Calyrex|Unnerve\n|switch|p1a: D\u0101kurai|Darkrai|100\/100\n|\n|upkeep\n|turn|8\n|inactive|RSmile has 270 seconds left.\n|inactive|jimBagd has 270 seconds left.\n|\n|t:|1698020981\n|switch|p2a: Koraidon|Koraidon|100\/100\n|-weather|SunnyDay|[from] ability: Orichalcum Pulse|[of] p2a: Koraidon\n|-activate|p2a: Koraidon|Orichalcum Pulse|[source]\n|move|p1a: D\u0101kurai|Swords Dance|p1a: D\u0101kurai\n|-boost|p1a: D\u0101kurai|atk|2\n|\n|-weather|SunnyDay|[upkeep]\n|upkeep\n|turn|9\n|l| FelliBear\n|\n|t:|1698020989\n|switch|p1a: G\u01d4ji\u00e0nb\u00e0o|Chien-Pao, tera:Ghost|100\/100\n|-ability|p1a: G\u01d4ji\u00e0nb\u00e0o|Sword of Ruin\n|move|p2a: Koraidon|U-turn|p1a: G\u01d4ji\u00e0nb\u00e0o\n|-resisted|p1a: G\u01d4ji\u00e0nb\u00e0o\n|-damage|p1a: G\u01d4ji\u00e0nb\u00e0o|83\/100\n|inactive|RSmile has 270 seconds left.\n|\n|t:|1698021001\n|switch|p2a: Calyrex|Calyrex-Shadow|100\/100|[from] U-turn\n|-ability|p2a: Calyrex|As One\n|-ability|p2a: Calyrex|Unnerve\n|\n|-weather|SunnyDay|[upkeep]\n|upkeep\n|turn|10\n|inactive|jimBagd has 270 seconds left.\n|\n|t:|1698021026\n|move|p2a: Calyrex|Astral Barrage|p1a: G\u01d4ji\u00e0nb\u00e0o\n|-supereffective|p1a: G\u01d4ji\u00e0nb\u00e0o\n|-damage|p1a: G\u01d4ji\u00e0nb\u00e0o|0 fnt\n|faint|p1a: G\u01d4ji\u00e0nb\u00e0o\n|-ability|p2a: Calyrex|Grim Neigh|boost\n|-boost|p2a: Calyrex|spa|1\n|\n|-weather|SunnyDay|[upkeep]\n|upkeep\n|\n|t:|1698021038\n|switch|p1a: Pelzebub!|Morgrem, M, shiny|100\/100\n|turn|11\n|\n|t:|1698021045\n|switch|p2a: Ogerpon|Ogerpon-Hearthflame, F|100\/100\n|-ability|p2a: Ogerpon|Mold Breaker\n|move|p1a: Pelzebub!|Thunder Wave|p2a: Ogerpon|[miss]\n|-miss|p1a: Pelzebub!|p2a: Ogerpon\n|\n|-weather|SunnyDay|[upkeep]\n|upkeep\n|turn|12\n|inactive|jimBagd has 270 seconds left.\n|\n|t:|1698021061\n|switch|p2a: Great Tusk|Great Tusk|100\/100\n|-activate|p2a: Great Tusk|ability: Protosynthesis\n|-start|p2a: Great Tusk|protosynthesisdef\n|move|p1a: Pelzebub!|Substitute|p1a: Pelzebub!\n|-start|p1a: Pelzebub!|Substitute\n|-damage|p1a: Pelzebub!|76\/100\n|\n|-weather|none\n|-end|p2a: Great Tusk|Protosynthesis\n|upkeep\n|turn|13\n|inactive|jimBagd has 270 seconds left.\n|\n|t:|1698021075\n|move|p1a: Pelzebub!|Taunt|p2a: Great Tusk\n|-start|p2a: Great Tusk|move: Taunt\n|move|p2a: Great Tusk|Earthquake|p1a: Pelzebub!\n|-end|p1a: Pelzebub!|Substitute\n|\n|upkeep\n|turn|14\n|inactive|jimBagd has 270 seconds left.\n|\n|t:|1698021090\n|move|p1a: Pelzebub!|Metronome|p1a: Pelzebub!\n|move|p1a: Pelzebub!|Head Smash|p2a: Great Tusk|[from]move: Metronome\n|-resisted|p2a: Great Tusk\n|-damage|p2a: Great Tusk|98\/100\n|-damage|p1a: Pelzebub!|74\/100|[from] Recoil\n|move|p2a: Great Tusk|Earthquake|p1a: Pelzebub!\n|-damage|p1a: Pelzebub!|30\/100\n|\n|upkeep\n|turn|15\n|inactive|jimBagd has 270 seconds left.\n|\n|t:|1698021111\n|switch|p1a: D\u0101kurai|Darkrai|100\/100\n|move|p2a: Great Tusk|Rapid Spin|p1a: D\u0101kurai\n|-damage|p1a: D\u0101kurai|82\/100\n|-boost|p2a: Great Tusk|spe|1\n|\n|-end|p2a: Great Tusk|move: Taunt\n|upkeep\n|turn|16\n|\n|t:|1698021126\n|move|p2a: Great Tusk|Body Press|p1a: D\u0101kurai\n|-supereffective|p1a: D\u0101kurai\n|-damage|p1a: D\u0101kurai|0 fnt\n|faint|p1a: D\u0101kurai\n|\n|upkeep\n|\n|t:|1698021138\n|switch|p1a: Oh Mah Gearna!|Magearna|100\/100\n|turn|17\n|\n|t:|1698021146\n|-terastallize|p2a: Great Tusk|Flying\n|move|p2a: Great Tusk|Earthquake|p1a: Oh Mah Gearna!\n|-supereffective|p1a: Oh Mah Gearna!\n|-damage|p1a: Oh Mah Gearna!|31\/100\n|-enditem|p1a: Oh Mah Gearna!|Red Card|[of] p2a: Great Tusk\n|-end|p2a: Great Tusk|Protosynthesis|[silent]\n|drag|p2a: Ogerpon|Ogerpon-Hearthflame, F|100\/100\n|-ability|p2a: Ogerpon|Mold Breaker\n|move|p1a: Oh Mah Gearna!|Substitute|p1a: Oh Mah Gearna!\n|-start|p1a: Oh Mah Gearna!|Substitute\n|-damage|p1a: Oh Mah Gearna!|6\/100\n|\n|upkeep\n|turn|18\n|c|\u2606RSmile|I keep forgetting about the red card lmao\n|\n|t:|1698021165\n|move|p2a: Ogerpon|Ivy Cudgel|p1a: Oh Mah Gearna!\n|-supereffective|p1a: Oh Mah Gearna!\n|-end|p1a: Oh Mah Gearna!|Substitute\n|move|p1a: Oh Mah Gearna!|Baton Pass|p1a: Oh Mah Gearna!\n|\n|t:|1698021169\n|switch|p1a: Tenrei Senritsu|Meloetta|100\/100|[from] Baton Pass\n|\n|upkeep\n|turn|19\n|\n|t:|1698021180\n|move|p2a: Ogerpon|Ivy Cudgel|p1a: Tenrei Senritsu\n|-damage|p1a: Tenrei Senritsu|26\/100\n|move|p1a: Tenrei Senritsu|Relic Song|p2a: Ogerpon\n|-damage|p2a: Ogerpon|64\/100\n|-formechange|p1a: Tenrei Senritsu|Meloetta-Pirouette|[msg]\n|\n|upkeep\n|turn|20\n|\n|t:|1698021191\n|move|p1a: Tenrei Senritsu|Drain Punch|p2a: Ogerpon\n|-damage|p2a: Ogerpon|17\/100\n|-heal|p1a: Tenrei Senritsu|47\/100|[from] drain|[of] p2a: Ogerpon\n|move|p2a: Ogerpon|Trailblaze|p1a: Tenrei Senritsu\n|-damage|p1a: Tenrei Senritsu|13\/100\n|-boost|p2a: Ogerpon|spe|1\n|\n|upkeep\n|turn|21\n|\n|t:|1698021207\n|move|p2a: Ogerpon|Trailblaze|p1a: Tenrei Senritsu\n|-crit|p1a: Tenrei Senritsu\n|-damage|p1a: Tenrei Senritsu|0 fnt\n|-boost|p2a: Ogerpon|spe|1\n|faint|p1a: Tenrei Senritsu\n|\n|upkeep\n|\n|t:|1698021213\n|switch|p1a: Pelzebub!|Morgrem, M, shiny|30\/100\n|turn|22\n|\n|t:|1698021217\n|move|p1a: Pelzebub!|Thunder Wave|p2a: Ogerpon\n|-status|p2a: Ogerpon|par\n|move|p2a: Ogerpon|Ivy Cudgel|p1a: Pelzebub!\n|-damage|p1a: Pelzebub!|0 fnt\n|faint|p1a: Pelzebub!\n|\n|upkeep\n|\n|t:|1698021224\n|switch|p1a: Oh Mah Gearna!|Magearna|6\/100\n|turn|23\n|\n|t:|1698021241\n|switch|p2a: Calyrex|Calyrex-Shadow|100\/100\n|-ability|p2a: Calyrex|As One\n|-ability|p2a: Calyrex|Unnerve\n|move|p1a: Oh Mah Gearna!|Stored Power|p2a: Calyrex\n|-resisted|p2a: Calyrex\n|-damage|p2a: Calyrex|97\/100\n|\n|upkeep\n|turn|24\n|\n|t:|1698021250\n|move|p2a: Calyrex|Astral Barrage|p1a: Oh Mah Gearna!\n|-damage|p1a: Oh Mah Gearna!|0 fnt\n|faint|p1a: Oh Mah Gearna!\n|\n|win|RSmile\n|c|\u2606RSmile|GG!\n","uploadtime":1698021255,"views":7,"p1id":"jimbagd","p2id":"rsmile","formatid":"gen9anythinggoes","rating":0,"private":0,"password":""}