{"id":"gen9anythinggoes-1989315159","p1":"Saint_SIn68784611","p2":"LingLing007","format":"[Gen 9] Anything Goes","log":"|j|\u2606Saint_SIn68784611\n|j|\u2606LingLing007\n|t:|1699835390\n|gametype|singles\n|player|p1|Saint_SIn68784611|hilbert|1232\n|player|p2|LingLing007|hilbert-masters2|1333\n|teamsize|p1|6\n|teamsize|p2|6\n|gen|9\n|tier|[Gen 9] Anything Goes\n|rated|\n|rule|HP Percentage Mod: HP is shown in percentages\n|rule|Endless Battle Clause: Forcing endless battles is banned\n|clearpoke\n|poke|p1|Kingambit, M|\n|poke|p1|Typhlosion-Hisui, M|\n|poke|p1|Zoroark-Hisui, F|\n|poke|p1|Hatterene, F|\n|poke|p1|Urshifu-*, F|\n|poke|p1|Haxorus, M|\n|poke|p2|Roaring Moon|\n|poke|p2|Gengar, M|\n|poke|p2|Walking Wake|\n|poke|p2|Torkoal, M|\n|poke|p2|Ursaluna-Bloodmoon, M|\n|poke|p2|Toxapex, F|\n|teampreview\n|inactive|Battle timer is ON: inactive players will automatically lose when time's up. (requested by LingLing007)\n|\n|t:|1699835394\n|start\n|switch|p1a: Urshifu|Urshifu-Rapid-Strike, F|100\/100\n|switch|p2a: Ursaluna|Ursaluna-Bloodmoon, M|100\/100\n|turn|1\n|\n|t:|1699835402\n|-terastallize|p2a: Ursaluna|Fighting\n|move|p1a: Urshifu|Dark Pulse|p2a: Ursaluna\n|-resisted|p2a: Ursaluna\n|-damage|p2a: Ursaluna|87\/100\n|move|p2a: Ursaluna|Calm Mind|p2a: Ursaluna\n|-boost|p2a: Ursaluna|spa|1\n|-boost|p2a: Ursaluna|spd|1\n|\n|upkeep\n|turn|2\n|\n|t:|1699835412\n|move|p1a: Urshifu|Bitter Malice|p2a: Ursaluna\n|-damage|p2a: Ursaluna|61\/100\n|-unboost|p2a: Ursaluna|atk|1\n|move|p2a: Ursaluna|Blood Moon|p1a: Urshifu\n|-damage|p1a: Urshifu|0 fnt\n|replace|p1a: Zoroark|Zoroark-Hisui, F\n|-end|p1a: Zoroark|Illusion\n|faint|p1a: Zoroark\n|\n|upkeep\n|\n|t:|1699835422\n|switch|p1a: Typhlosion|Typhlosion-Hisui, M|100\/100\n|turn|3\n|\n|t:|1699835426\n|move|p1a: Typhlosion|Extrasensory|p2a: Ursaluna\n|-supereffective|p2a: Ursaluna\n|-crit|p2a: Ursaluna\n|-damage|p2a: Ursaluna|0 fnt\n|faint|p2a: Ursaluna\n|\n|upkeep\n|\n|t:|1699835434\n|switch|p2a: Torkoal|Torkoal, M|100\/100\n|-weather|SunnyDay|[from] ability: Drought|[of] p2a: Torkoal\n|turn|4\n|\n|t:|1699835437\n|move|p1a: Typhlosion|Infernal Parade|p2a: Torkoal\n|-damage|p2a: Torkoal|70\/100\n|move|p2a: Torkoal|Stealth Rock|p1a: Typhlosion\n|-sidestart|p1: Saint_SIn68784611|move: Stealth Rock\n|\n|-weather|SunnyDay|[upkeep]\n|upkeep\n|turn|5\n|\n|t:|1699835443\n|switch|p2a: Roaring Moon|Roaring Moon|100\/100\n|-activate|p2a: Roaring Moon|ability: Protosynthesis\n|-start|p2a: Roaring Moon|protosynthesisspe\n|move|p1a: Typhlosion|Infernal Parade|p2a: Roaring Moon\n|-resisted|p2a: Roaring Moon\n|-damage|p2a: Roaring Moon|84\/100\n|\n|-weather|SunnyDay|[upkeep]\n|upkeep\n|turn|6\n|\n|t:|1699835451\n|switch|p1a: Hatterene|Hatterene, F|100\/100\n|-damage|p1a: Hatterene|88\/100|[from] Stealth Rock\n|move|p2a: Roaring Moon|Dragon Dance|p2a: Roaring Moon\n|-boost|p2a: Roaring Moon|atk|1\n|-boost|p2a: Roaring Moon|spe|1\n|\n|-weather|SunnyDay|[upkeep]\n|-heal|p1a: Hatterene|94\/100|[from] item: Leftovers\n|upkeep\n|turn|7\n|\n|t:|1699835459\n|move|p2a: Roaring Moon|Knock Off|p1a: Hatterene\n|-damage|p1a: Hatterene|7\/100\n|-enditem|p1a: Hatterene|Leftovers|[from] move: Knock Off|[of] p2a: Roaring Moon\n|move|p1a: Hatterene|Draining Kiss|p2a: Roaring Moon\n|-supereffective|p2a: Roaring Moon\n|-damage|p2a: Roaring Moon|0 fnt\n|-heal|p1a: Hatterene|78\/100|[from] drain|[of] p2a: Roaring Moon\n|faint|p2a: Roaring Moon\n|-end|p2a: Roaring Moon|Protosynthesis|[silent]\n|\n|-weather|SunnyDay|[upkeep]\n|upkeep\n|\n|t:|1699835478\n|switch|p2a: Toxapex|Toxapex, F|100\/100\n|turn|8\n|\n|t:|1699835484\n|move|p2a: Toxapex|Chilling Water|p1a: Hatterene\n|-damage|p1a: Hatterene|72\/100\n|-unboost|p1a: Hatterene|atk|1\n|move|p1a: Hatterene|Psychic|p2a: Toxapex\n|-supereffective|p2a: Toxapex\n|-damage|p2a: Toxapex|35\/100\n|-unboost|p2a: Toxapex|spd|1\n|\n|-weather|none\n|upkeep\n|turn|9\n|\n|t:|1699835492\n|switch|p2a: Torkoal|Torkoal, M|70\/100\n|-weather|SunnyDay|[from] ability: Drought|[of] p2a: Torkoal\n|move|p1a: Hatterene|Psychic|p2a: Torkoal\n|-damage|p2a: Torkoal|24\/100\n|\n|-weather|SunnyDay|[upkeep]\n|upkeep\n|turn|10\n|\n|t:|1699835509\n|switch|p2a: Walking Wake|Walking Wake|100\/100\n|-activate|p2a: Walking Wake|ability: Protosynthesis\n|-start|p2a: Walking Wake|protosynthesisspa\n|move|p1a: Hatterene|Psychic|p2a: Walking Wake\n|-damage|p2a: Walking Wake|35\/100\n|\n|-weather|SunnyDay|[upkeep]\n|upkeep\n|turn|11\n|\n|t:|1699835517\n|move|p2a: Walking Wake|Hydro Steam|p1a: Hatterene\n|-damage|p1a: Hatterene|0 fnt\n|faint|p1a: Hatterene\n|\n|-weather|SunnyDay|[upkeep]\n|upkeep\n|\n|t:|1699835523\n|switch|p1a: Haxorus|Haxorus, M, shiny|100\/100\n|-damage|p1a: Haxorus|88\/100|[from] Stealth Rock\n|-ability|p1a: Haxorus|Mold Breaker\n|turn|12\n|\n|t:|1699835529\n|-terastallize|p1a: Haxorus|Fairy\n|move|p2a: Walking Wake|Hydro Steam|p1a: Haxorus\n|-damage|p1a: Haxorus|0 fnt\n|faint|p1a: Haxorus\n|\n|-weather|SunnyDay|[upkeep]\n|upkeep\n|\n|t:|1699835536\n|switch|p1a: Urshifu|Urshifu-Rapid-Strike, F|100\/100\n|-damage|p1a: Urshifu|94\/100|[from] Stealth Rock\n|turn|13\n|\n|t:|1699835541\n|move|p2a: Walking Wake|Hydro Steam|p1a: Urshifu\n|-resisted|p1a: Urshifu\n|-damage|p1a: Urshifu|0 fnt\n|faint|p1a: Urshifu\n|\n|-weather|none\n|-end|p2a: Walking Wake|Protosynthesis\n|upkeep\n|\n|t:|1699835547\n|switch|p1a: Typhlosion|Typhlosion-Hisui, M|100\/100\n|-damage|p1a: Typhlosion|75\/100|[from] Stealth Rock\n|turn|14\n|inactive|LingLing007 has 120 seconds left.\n|\n|t:|1699835581\n|-end|p2a: Walking Wake|Protosynthesis|[silent]\n|switch|p2a: Torkoal|Torkoal, M|24\/100\n|-weather|SunnyDay|[from] ability: Drought|[of] p2a: Torkoal\n|move|p1a: Typhlosion|Infernal Parade|p2a: Torkoal\n|-damage|p2a: Torkoal|0 fnt\n|faint|p2a: Torkoal\n|\n|-weather|SunnyDay|[upkeep]\n|-heal|p1a: Typhlosion|81\/100|[from] item: Leftovers\n|upkeep\n|\n|t:|1699835584\n|switch|p2a: Walking Wake|Walking Wake|35\/100\n|-activate|p2a: Walking Wake|ability: Protosynthesis\n|-start|p2a: Walking Wake|protosynthesisspa\n|turn|15\n|\n|t:|1699835595\n|move|p2a: Walking Wake|Hydro Steam|p1a: Typhlosion\n|-supereffective|p1a: Typhlosion\n|-damage|p1a: Typhlosion|0 fnt\n|faint|p1a: Typhlosion\n|\n|-weather|SunnyDay|[upkeep]\n|upkeep\n|\n|t:|1699835600\n|switch|p1a: Kingambit|Kingambit, M|100\/100\n|-damage|p1a: Kingambit|94\/100|[from] Stealth Rock\n|-activate|p1a: Kingambit|ability: Supreme Overlord\n|-start|p1a: Kingambit|fallen5|[silent]\n|turn|16\n|\n|t:|1699835606\n|move|p2a: Walking Wake|Hydro Steam|p1a: Kingambit\n|-damage|p1a: Kingambit|0 fnt\n|faint|p1a: Kingambit\n|-end|p1a: Kingambit|fallen5|[silent]\n|\n|win|LingLing007\n|raw|Saint_SIn68784611's rating: 1232 &rarr; <strong>1214<\/strong><br \/>(-18 for losing)\n|raw|LingLing007's rating: 1333 &rarr; <strong>1347<\/strong><br \/>(+14 for winning)\n|l|\u2606Saint_SIn68784611\n|c|\u2606LingLing007|gg\n","uploadtime":1699835613,"views":13,"p1id":"saintsin68784611","p2id":"lingling007","formatid":"gen9anythinggoes","rating":1214,"private":0,"password":""}