{"id":"gen9anythinggoes-1977777133","p1":"Artictheartist","p2":"Conscious Talk ENT","format":"[Gen 9] Anything Goes","log":"|j|\u2606Artictheartist\n|j|\u2606Conscious Talk ENT\n|t:|1698448345\n|gametype|singles\n|player|p1|Artictheartist|lucas|1278\n|player|p2|Conscious Talk ENT|169|1251\n|teamsize|p1|6\n|teamsize|p2|6\n|gen|9\n|tier|[Gen 9] Anything Goes\n|rated|\n|rule|HP Percentage Mod: HP is shown in percentages\n|rule|Endless Battle Clause: Forcing endless battles is banned\n|clearpoke\n|poke|p1|Zacian-*|\n|poke|p1|Flutter Mane|\n|poke|p1|Samurott-Hisui, M|\n|poke|p1|Garchomp, M|\n|poke|p1|Gengar, F|\n|poke|p1|Dragonite, F|\n|poke|p2|Calyrex-Shadow|\n|poke|p2|Lilligant-Hisui, F|\n|poke|p2|Koraidon|\n|poke|p2|Eternatus|\n|poke|p2|Chien-Pao|\n|poke|p2|Zacian-*|\n|teampreview\n|\n|t:|1698448357\n|start\n|switch|p1a: Captain rott|Samurott-Hisui, M, shiny|100\/100\n|switch|p2a: Chien-Pao|Chien-Pao|100\/100\n|-ability|p2a: Chien-Pao|Sword of Ruin\n|turn|1\n|\n|t:|1698448372\n|-terastallize|p1a: Captain rott|Water\n|move|p2a: Chien-Pao|Sacred Sword|p1a: Captain rott\n|-crit|p1a: Captain rott\n|-damage|p1a: Captain rott|18\/100\n|move|p1a: Captain rott|Sacred Sword|p2a: Chien-Pao\n|-supereffective|p2a: Chien-Pao\n|-damage|p2a: Chien-Pao|0 fnt\n|faint|p2a: Chien-Pao\n|\n|upkeep\n|c|\u2606Conscious Talk ENT|Nice\n|\n|t:|1698448402\n|switch|p2a: Lilligant|Lilligant-Hisui, F|100\/100\n|turn|2\n|\n|t:|1698448411\n|switch|p1a: Ghost|Flutter Mane|100\/100\n|move|p2a: Lilligant|Sleep Powder|p1a: Ghost|[miss]\n|-miss|p2a: Lilligant|p1a: Ghost\n|\n|upkeep\n|turn|3\n|\n|t:|1698448419\n|move|p1a: Ghost|Moonblast|p2a: Lilligant\n|-supereffective|p2a: Lilligant\n|-enditem|p2a: Lilligant|Focus Sash\n|-damage|p2a: Lilligant|1\/100\n|-unboost|p2a: Lilligant|spa|1\n|move|p2a: Lilligant|Sleep Powder|p1a: Ghost\n|-status|p1a: Ghost|slp|[from] move: Sleep Powder\n|\n|upkeep\n|turn|4\n|\n|t:|1698448436\n|-end|p1a: Ghost|Protosynthesis|[silent]\n|switch|p1a: Happy baby|Dragonite, F, shiny|100\/100\n|-terastallize|p2a: Lilligant|Grass\n|move|p2a: Lilligant|Leaf Blade|p1a: Happy baby\n|-resisted|p1a: Happy baby\n|-damage|p1a: Happy baby|93\/100\n|\n|-heal|p1a: Happy baby|99\/100|[from] item: Leftovers\n|upkeep\n|turn|5\n|c|\u2606Conscious Talk ENT|I suck\n|c|\u2606Conscious Talk ENT|I lose\n|\n|t:|1698448456\n|move|p2a: Lilligant|Ice Spinner|p1a: Happy baby\n|-supereffective|p1a: Happy baby\n|-damage|p1a: Happy baby|0 fnt\n|faint|p1a: Happy baby\n|\n|upkeep\n|\n|t:|1698448460\n|switch|p1a: Greg|Gengar, F, shiny|100\/100\n|turn|6\n|\n|t:|1698448482\n|move|p1a: Greg|Shadow Ball|p2a: Lilligant\n|-damage|p2a: Lilligant|0 fnt\n|faint|p2a: Lilligant\n|\n|upkeep\n|\n|t:|1698448504\n|switch|p2a: Calyrex|Calyrex-Shadow|100\/100\n|-ability|p2a: Calyrex|As One\n|-ability|p2a: Calyrex|Unnerve\n|turn|7\n|\n|t:|1698448512\n|move|p1a: Greg|Shadow Ball|p2a: Calyrex\n|-supereffective|p2a: Calyrex\n|-enditem|p2a: Calyrex|Focus Sash\n|-damage|p2a: Calyrex|1\/100\n|move|p2a: Calyrex|Astral Barrage|p1a: Greg\n|-supereffective|p1a: Greg\n|-damage|p1a: Greg|0 fnt\n|-start|p2a: Calyrex|Disable|Astral Barrage|[from] ability: Cursed Body|[of] p1a: Greg\n|faint|p1a: Greg\n|-ability|p2a: Calyrex|Grim Neigh|boost\n|-boost|p2a: Calyrex|spa|1\n|\n|upkeep\n|\n|t:|1698448524\n|switch|p1a: Captain rott|Samurott-Hisui, M, shiny, tera:Water|18\/100\n|turn|8\n|\n|t:|1698448532\n|move|p1a: Captain rott|Knock Off|p2a: Calyrex\n|-supereffective|p2a: Calyrex\n|-damage|p2a: Calyrex|0 fnt\n|faint|p2a: Calyrex\n|\n|upkeep\n|\n|t:|1698448556\n|switch|p2a: Eternatus|Eternatus|100\/100\n|-ability|p2a: Eternatus|Pressure\n|turn|9\n|\n|t:|1698448563\n|switch|p1a: Rocky|Zacian-Crowned, shiny|100\/100\n|-ability|p1a: Rocky|Intrepid Sword|boost\n|-boost|p1a: Rocky|atk|1\n|move|p2a: Eternatus|Sludge Bomb|p1a: Rocky\n|-immune|p1a: Rocky\n|\n|upkeep\n|turn|10\n|\n|t:|1698448576\n|switch|p2a: Koraidon|Koraidon|100\/100\n|-weather|SunnyDay|[from] ability: Orichalcum Pulse|[of] p2a: Koraidon\n|-activate|p2a: Koraidon|Orichalcum Pulse|[source]\n|move|p1a: Rocky|Behemoth Blade|p2a: Koraidon\n|-crit|p2a: Koraidon\n|-damage|p2a: Koraidon|0 fnt\n|faint|p2a: Koraidon\n|\n|-weather|SunnyDay|[upkeep]\n|upkeep\n|c|\u2606Conscious Talk ENT|,I lose\n|\n|t:|1698448600\n|switch|p2a: Eternatus|Eternatus|100\/100\n|-ability|p2a: Eternatus|Pressure\n|turn|11\n|\n|t:|1698448606\n|move|p2a: Eternatus|Flamethrower|p1a: Rocky\n|-supereffective|p1a: Rocky\n|-damage|p1a: Rocky|0 fnt\n|faint|p1a: Rocky\n|\n|-weather|SunnyDay|[upkeep]\n|upkeep\n|\n|t:|1698448611\n|switch|p1a: Captain rott|Samurott-Hisui, M, shiny, tera:Water|18\/100\n|turn|12\n|\n|t:|1698448619\n|move|p2a: Eternatus|Flamethrower|p1a: Captain rott\n|-resisted|p1a: Captain rott\n|-damage|p1a: Captain rott|0 fnt\n|faint|p1a: Captain rott\n|\n|-weather|SunnyDay|[upkeep]\n|upkeep\n|\n|t:|1698448625\n|switch|p1a: Dagon|Garchomp, M, shiny|100\/100\n|turn|13\n|c|\u2606Artictheartist|Nah you ain\u2019t gg you won\n|\n|t:|1698448650\n|switch|p2a: Zacian|Zacian-Crowned|100\/100\n|-ability|p2a: Zacian|Intrepid Sword|boost\n|-boost|p2a: Zacian|atk|1\n|move|p1a: Dagon|Dragon Claw|p2a: Zacian\n|-immune|p2a: Zacian\n|\n|-weather|SunnyDay|[upkeep]\n|upkeep\n|turn|14\n|\n|t:|1698448666\n|move|p2a: Zacian|Play Rough|p1a: Dagon\n|-supereffective|p1a: Dagon\n|-damage|p1a: Dagon|0 fnt\n|-damage|p2a: Zacian|88\/100|[from] ability: Rough Skin|[of] p1a: Dagon\n|faint|p1a: Dagon\n|\n|-weather|none\n|upkeep\n|\n|t:|1698448673\n|switch|p1a: Ghost|Flutter Mane|100\/100 slp\n|turn|15\n|c|\u2606Conscious Talk ENT|I may get lucky\n|\n|t:|1698448692\n|cant|p1a: Ghost|slp\n|move|p2a: Zacian|Play Rough|p1a: Ghost\n|-damage|p1a: Ghost|0 fnt\n|faint|p1a: Ghost\n|-end|p1a: Ghost|Protosynthesis|[silent]\n|\n|win|Conscious Talk ENT\n|raw|Artictheartist's rating: 1278 &rarr; <strong>1251<\/strong><br \/>(-27 for losing)\n|raw|Conscious Talk ENT's rating: 1251 &rarr; <strong>1278<\/strong><br \/>(+27 for winning)\n|c|\u2606Artictheartist|He\u2019s asleep T_T\n","uploadtime":1698448700,"views":9,"p1id":"artictheartist","p2id":"conscioustalkent","formatid":"gen9anythinggoes","rating":1251,"private":0,"password":""}