{"id":"gen9anythinggoes-1977536593","p1":"Best animal Cat","p2":"HanzKrautsmann","format":"[Gen 9] Anything Goes","log":"|j|\u2606Best animal Cat\n|j|\u2606HanzKrautsmann\n|t:|1698425368\n|gametype|singles\n|player|p1|Best animal Cat|rocketgrunt|1120\n|player|p2|HanzKrautsmann|fisherman-gen4|1124\n|teamsize|p1|6\n|teamsize|p2|6\n|gen|9\n|tier|[Gen 9] Anything Goes\n|rated|\n|rule|HP Percentage Mod: HP is shown in percentages\n|rule|Endless Battle Clause: Forcing endless battles is banned\n|clearpoke\n|poke|p1|Urshifu-*, M|\n|poke|p1|Torterra, M|\n|poke|p1|Donphan, L1, M|\n|poke|p1|Ogerpon-Hearthflame, F|\n|poke|p1|Iron Bundle|\n|poke|p1|Koraidon|\n|poke|p2|Drifblim, M|\n|poke|p2|Clefable, M|\n|poke|p2|Calyrex-Shadow|\n|poke|p2|Shaymin-Sky|\n|poke|p2|Thundurus, M|\n|poke|p2|Espathra, M|\n|teampreview\n|inactive|Battle timer is ON: inactive players will automatically lose when time's up. (requested by Best animal Cat)\n|\n|t:|1698425373\n|start\n|switch|p1a: Donphan|Donphan, L1, M, shiny|100\/100\n|switch|p2a: Espathra|Espathra, M, shiny|100\/100\n|turn|1\n|\n|t:|1698425380\n|move|p2a: Espathra|Substitute|p2a: Espathra\n|-start|p2a: Espathra|Substitute\n|-damage|p2a: Espathra|76\/100\n|move|p1a: Donphan|Endeavor|p2a: Espathra\n|-end|p2a: Espathra|Substitute\n|\n|-heal|p2a: Espathra|82\/100|[from] item: Leftovers\n|-ability|p2a: Espathra|Speed Boost|boost\n|-boost|p2a: Espathra|spe|1\n|upkeep\n|turn|2\n|\n|t:|1698425393\n|move|p2a: Espathra|Substitute|p2a: Espathra\n|-start|p2a: Espathra|Substitute\n|-damage|p2a: Espathra|57\/100\n|move|p1a: Donphan|Endeavor|p2a: Espathra\n|-end|p2a: Espathra|Substitute\n|\n|-heal|p2a: Espathra|63\/100|[from] item: Leftovers\n|-ability|p2a: Espathra|Speed Boost|boost\n|-boost|p2a: Espathra|spe|1\n|upkeep\n|turn|3\n|\n|t:|1698425417\n|move|p2a: Espathra|Baton Pass|p2a: Espathra\n|\n|t:|1698425422\n|switch|p2a: Drifblim|Drifblim, M, shiny|100\/100|[from] Baton Pass\n|move|p1a: Donphan|Endeavor|p2a: Drifblim\n|-immune|p2a: Drifblim\n|\n|upkeep\n|turn|4\n|c|\u2606HanzKrautsmann|you wildin you think youre just gonna do that to me\n|c|\u2606Best animal Cat|ya i did\n|\n|t:|1698425442\n|switch|p1a: Urshifu|Urshifu-Rapid-Strike, M|100\/100\n|move|p2a: Drifblim|Substitute|p2a: Drifblim\n|-start|p2a: Drifblim|Substitute\n|-damage|p2a: Drifblim|75\/100\n|\n|upkeep\n|turn|5\n|\n|t:|1698425449\n|move|p2a: Drifblim|Minimize|p2a: Drifblim\n|-boost|p2a: Drifblim|evasion|2\n|move|p1a: Urshifu|Surging Strikes|p2a: Drifblim|[miss]\n|-miss|p1a: Urshifu|p2a: Drifblim\n|\n|upkeep\n|turn|6\n|\n|t:|1698425456\n|move|p2a: Drifblim|Minimize|p2a: Drifblim\n|-boost|p2a: Drifblim|evasion|2\n|move|p1a: Urshifu|Surging Strikes|p2a: Drifblim|[miss]\n|-miss|p1a: Urshifu|p2a: Drifblim\n|\n|upkeep\n|turn|7\n|c|\u2606Best animal Cat|no no no no\n|\n|t:|1698425470\n|move|p2a: Drifblim|Minimize|p2a: Drifblim\n|-boost|p2a: Drifblim|evasion|2\n|move|p1a: Urshifu|Surging Strikes|p2a: Drifblim|[miss]\n|-miss|p1a: Urshifu|p2a: Drifblim\n|\n|upkeep\n|turn|8\n|c|\u2606HanzKrautsmann|yes yes yes yes\n|\n|t:|1698425478\n|move|p2a: Drifblim|Baton Pass|p2a: Drifblim\n|\n|t:|1698425483\n|switch|p2a: Espathra|Espathra, M, shiny|63\/100|[from] Baton Pass\n|move|p1a: Urshifu|Surging Strikes|p2a: Espathra\n|-crit|p2a: Espathra\n|-activate|p2a: Espathra|move: Substitute|[damage]\n|-crit|p2a: Espathra\n|-end|p2a: Espathra|Substitute\n|-crit|p2a: Espathra\n|-damage|p2a: Espathra|47\/100\n|-hitcount|p2a: Espathra|3\n|\n|-heal|p2a: Espathra|53\/100|[from] item: Leftovers\n|upkeep\n|turn|9\n|\n|t:|1698425502\n|move|p2a: Espathra|Roost|p2a: Espathra\n|-heal|p2a: Espathra|100\/100\n|-singleturn|p2a: Espathra|move: Roost\n|move|p1a: Urshifu|Surging Strikes|p2a: Espathra|[miss]\n|-miss|p1a: Urshifu|p2a: Espathra\n|\n|-ability|p2a: Espathra|Speed Boost|boost\n|-boost|p2a: Espathra|spe|1\n|upkeep\n|turn|10\n|\n|t:|1698425525\n|move|p2a: Espathra|Substitute|p2a: Espathra\n|-start|p2a: Espathra|Substitute\n|-damage|p2a: Espathra|76\/100\n|move|p1a: Urshifu|Ice Punch|p2a: Espathra|[miss]\n|-miss|p1a: Urshifu|p2a: Espathra\n|\n|-heal|p2a: Espathra|82\/100|[from] item: Leftovers\n|-ability|p2a: Espathra|Speed Boost|boost\n|-boost|p2a: Espathra|spe|1\n|upkeep\n|turn|11\n|\n|t:|1698425534\n|move|p2a: Espathra|Calm Mind|p2a: Espathra\n|-boost|p2a: Espathra|spa|1\n|-boost|p2a: Espathra|spd|1\n|move|p1a: Urshifu|Ice Punch|p2a: Espathra\n|-activate|p2a: Espathra|move: Substitute|[damage]\n|\n|-heal|p2a: Espathra|88\/100|[from] item: Leftovers\n|-ability|p2a: Espathra|Speed Boost|boost\n|-boost|p2a: Espathra|spe|1\n|upkeep\n|turn|12\n|c|\u2606Best animal Cat|wtf\n|\n|t:|1698425546\n|move|p2a: Espathra|Calm Mind|p2a: Espathra\n|-boost|p2a: Espathra|spa|1\n|-boost|p2a: Espathra|spd|1\n|move|p1a: Urshifu|Surging Strikes|p2a: Espathra\n|-crit|p2a: Espathra\n|-end|p2a: Espathra|Substitute\n|-crit|p2a: Espathra\n|-damage|p2a: Espathra|70\/100\n|-crit|p2a: Espathra\n|-damage|p2a: Espathra|54\/100\n|-hitcount|p2a: Espathra|3\n|\n|-heal|p2a: Espathra|60\/100|[from] item: Leftovers\n|-ability|p2a: Espathra|Speed Boost|boost\n|-boost|p2a: Espathra|spe|1\n|upkeep\n|turn|13\n|\n|t:|1698425562\n|move|p2a: Espathra|Substitute|p2a: Espathra\n|-start|p2a: Espathra|Substitute\n|-damage|p2a: Espathra|35\/100\n|move|p1a: Urshifu|Surging Strikes|p2a: Espathra\n|-crit|p2a: Espathra\n|-activate|p2a: Espathra|move: Substitute|[damage]\n|-crit|p2a: Espathra\n|-end|p2a: Espathra|Substitute\n|-crit|p2a: Espathra\n|-damage|p2a: Espathra|18\/100\n|-hitcount|p2a: Espathra|3\n|\n|-heal|p2a: Espathra|24\/100|[from] item: Leftovers\n|upkeep\n|turn|14\n|c|\u2606HanzKrautsmann|well thats not good\n|\n|t:|1698425579\n|move|p2a: Espathra|Roost|p2a: Espathra\n|-heal|p2a: Espathra|74\/100\n|-singleturn|p2a: Espathra|move: Roost\n|move|p1a: Urshifu|Ice Punch|p2a: Espathra\n|-damage|p2a: Espathra|54\/100\n|\n|-heal|p2a: Espathra|60\/100|[from] item: Leftovers\n|upkeep\n|turn|15\n|c|\u2606Best animal Cat|yes\n|c|\u2606Best animal Cat|fuck\n|\n|t:|1698425596\n|move|p2a: Espathra|Baton Pass|p2a: Espathra\n|\n|t:|1698425599\n|switch|p2a: Shaymin|Shaymin-Sky, shiny|100\/100|[from] Baton Pass\n|move|p1a: Urshifu|Ice Punch|p2a: Shaymin|[miss]\n|-miss|p1a: Urshifu|p2a: Shaymin\n|\n|upkeep\n|turn|16\n|c|\u2606Best animal Cat|stupid strat\n|\n|t:|1698425617\n|move|p2a: Shaymin|Seed Flare|p1a: Urshifu\n|-supereffective|p1a: Urshifu\n|-damage|p1a: Urshifu|0 fnt\n|faint|p1a: Urshifu\n|-damage|p2a: Shaymin|91\/100|[from] item: Life Orb\n|\n|upkeep\n|c|\u2606HanzKrautsmann|amazing strat\n|\n|t:|1698425624\n|switch|p1a: Donphan|Donphan, L1, M, shiny|100\/100\n|turn|17\n|\n|t:|1698425631\n|move|p2a: Shaymin|Baton Pass|p2a: Shaymin\n|\n|t:|1698425635\n|switch|p2a: Drifblim|Drifblim, M, shiny|75\/100|[from] Baton Pass\n|move|p1a: Donphan|Endeavor|p2a: Drifblim\n|-immune|p2a: Drifblim\n|\n|upkeep\n|turn|18\n|\n|t:|1698425647\n|switch|p1a: Ogerpon|Ogerpon-Hearthflame, F|100\/100\n|-ability|p1a: Ogerpon|Mold Breaker\n|move|p2a: Drifblim|Disable||[still]\n|-fail|p2a: Drifblim\n|\n|upkeep\n|turn|19\n|\n|t:|1698425659\n|move|p2a: Drifblim|Substitute|p2a: Drifblim\n|-start|p2a: Drifblim|Substitute\n|-damage|p2a: Drifblim|50\/100\n|move|p1a: Ogerpon|Swords Dance|p1a: Ogerpon\n|-boost|p1a: Ogerpon|atk|2\n|\n|upkeep\n|turn|20\n|\n|t:|1698425668\n|move|p2a: Drifblim|Baton Pass|p2a: Drifblim\n|c|\u2606HanzKrautsmann|now this is where the fun begins\n|\n|t:|1698425674\n|switch|p2a: Calyrex|Calyrex-Shadow|100\/100|[from] Baton Pass\n|-ability|p2a: Calyrex|As One\n|-ability|p2a: Calyrex|Unnerve\n|move|p1a: Ogerpon|Knock Off|p2a: Calyrex|[miss]\n|-miss|p1a: Ogerpon|p2a: Calyrex\n|\n|upkeep\n|turn|21\n|\n|t:|1698425687\n|move|p2a: Calyrex|Astral Barrage|p1a: Ogerpon\n|-damage|p1a: Ogerpon|0 fnt\n|faint|p1a: Ogerpon\n|-ability|p2a: Calyrex|Grim Neigh|boost\n|-boost|p2a: Calyrex|spa|1\n|\n|upkeep\n|\n|t:|1698425698\n|switch|p1a: Torterra|Torterra, M|100\/100\n|turn|22\n|\n|t:|1698425712\n|move|p2a: Calyrex|Stored Power|p1a: Torterra\n|-damage|p1a: Torterra|0 fnt\n|faint|p1a: Torterra\n|-ability|p2a: Calyrex|Grim Neigh|boost\n|-boost|p2a: Calyrex|spa|1\n|\n|upkeep\n|\n|t:|1698425721\n|switch|p1a: Koraidon|Koraidon|100\/100\n|-weather|SunnyDay|[from] ability: Orichalcum Pulse|[of] p1a: Koraidon\n|-activate|p1a: Koraidon|Orichalcum Pulse|[source]\n|turn|23\n|\n|t:|1698425733\n|move|p2a: Calyrex|Stored Power|p1a: Koraidon\n|-supereffective|p1a: Koraidon\n|-damage|p1a: Koraidon|0 fnt\n|faint|p1a: Koraidon\n|-ability|p2a: Calyrex|Grim Neigh|boost\n|-boost|p2a: Calyrex|spa|1\n|\n|-weather|SunnyDay|[upkeep]\n|upkeep\n|\n|t:|1698425740\n|switch|p1a: Iron Bundle|Iron Bundle, shiny|100\/100\n|-enditem|p1a: Iron Bundle|Booster Energy\n|-activate|p1a: Iron Bundle|ability: Quark Drive|[fromitem]\n|-start|p1a: Iron Bundle|quarkdrivespa\n|turn|24\n|c|\u2606Best animal Cat|FUCK!!!!\n|c|\u2606HanzKrautsmann|gg :)\n|c|\u2606Best animal Cat|bg\n|\n|t:|1698425765\n|move|p2a: Calyrex|Stored Power|p1a: Iron Bundle\n|-damage|p1a: Iron Bundle|0 fnt\n|faint|p1a: Iron Bundle\n|-end|p1a: Iron Bundle|Quark Drive|[silent]\n|-ability|p2a: Calyrex|Grim Neigh|boost\n|-boost|p2a: Calyrex|spa|1\n|\n|-weather|SunnyDay|[upkeep]\n|upkeep\n|\n|t:|1698425772\n|switch|p1a: Donphan|Donphan, L1, M, shiny|100\/100\n|turn|25\n|\n|t:|1698425781\n|-terastallize|p1a: Donphan|Ground\n|move|p2a: Calyrex|Stored Power|p1a: Donphan\n|-ability|p1a: Donphan|Sturdy\n|-damage|p1a: Donphan|8\/100\n|move|p1a: Donphan|Earthquake|p2a: Calyrex|[miss]\n|-miss|p1a: Donphan|p2a: Calyrex\n|\n|-weather|SunnyDay|[upkeep]\n|upkeep\n|turn|26\n|\n|t:|1698425790\n|move|p2a: Calyrex|Stored Power|p1a: Donphan\n|-damage|p1a: Donphan|0 fnt\n|faint|p1a: Donphan\n|\n|win|HanzKrautsmann\n|raw|Best animal Cat's rating: 1120 &rarr; <strong>1095<\/strong><br \/>(-25 for losing)\n|raw|HanzKrautsmann's rating: 1124 &rarr; <strong>1149<\/strong><br \/>(+25 for winning)\n|l|\u2606Best animal Cat\n","uploadtime":1698425754,"views":6,"p1id":"bestanimalcat","p2id":"hanzkrautsmann","formatid":"gen9anythinggoes","rating":1095,"private":0,"password":""}