{"id":"gen9anythinggoes-1996307595","p1":"YIPPEEEEEEEE","p2":"Grandburnsy 7","format":"[Gen 9] Anything Goes","log":"|j|\u2606YIPPEEEEEEEE\n|j|\u2606Grandburnsy 7\n|t:|1700669655\n|gametype|singles\n|player|p1|YIPPEEEEEEEE|brycenman|1228\n|player|p2|Grandburnsy 7|266|1360\n|teamsize|p1|6\n|teamsize|p2|6\n|gen|9\n|tier|[Gen 9] Anything Goes\n|rated|\n|rule|HP Percentage Mod: HP is shown in percentages\n|rule|Endless Battle Clause: Forcing endless battles is banned\n|clearpoke\n|poke|p1|Ursaluna, M|\n|poke|p1|Eternatus|\n|poke|p1|Arcanine-Hisui, M|\n|poke|p1|Walking Wake|\n|poke|p1|Cresselia, F|\n|poke|p1|Espathra, M|\n|poke|p2|Kyogre|\n|poke|p2|Groudon|\n|poke|p2|Ribombee, M|\n|poke|p2|Darkrai|\n|poke|p2|Koraidon|\n|poke|p2|Regieleki|\n|teampreview\n|inactive|Battle timer is ON: inactive players will automatically lose when time's up. (requested by Grandburnsy 7)\n|\n|t:|1700669672\n|start\n|switch|p1a: Eternatus|Eternatus|100\/100\n|switch|p2a: Ribombee|Ribombee, M|100\/100\n|-ability|p1a: Eternatus|Pressure\n|turn|1\n|\n|t:|1700669689\n|move|p1a: Eternatus|Sludge Bomb|p2a: Ribombee\n|-supereffective|p2a: Ribombee\n|-enditem|p2a: Ribombee|Focus Sash\n|-damage|p2a: Ribombee|1\/100\n|move|p2a: Ribombee|Tailwind|p2a: Ribombee\n|-sidestart|p2: Grandburnsy 7|move: Tailwind\n|\n|upkeep\n|turn|2\n|\n|t:|1700669696\n|move|p2a: Ribombee|Sticky Web|p1a: Eternatus\n|-sidestart|p1: YIPPEEEEEEEE|move: Sticky Web\n|move|p1a: Eternatus|Sludge Bomb|p2a: Ribombee\n|-supereffective|p2a: Ribombee\n|-damage|p2a: Ribombee|0 fnt\n|faint|p2a: Ribombee\n|\n|upkeep\n|\n|t:|1700669704\n|switch|p2a: Koraidon|Koraidon|100\/100\n|-weather|SunnyDay|[from] ability: Orichalcum Pulse|[of] p2a: Koraidon\n|-activate|p2a: Koraidon|Orichalcum Pulse|[source]\n|turn|3\n|\n|t:|1700669709\n|move|p2a: Koraidon|Outrage|p1a: Eternatus\n|-supereffective|p1a: Eternatus\n|-damage|p1a: Eternatus|0 fnt\n|faint|p1a: Eternatus\n|\n|-weather|SunnyDay|[upkeep]\n|upkeep\n|\n|t:|1700669715\n|switch|p1a: Cresselia|Cresselia, F, shiny|100\/100\n|turn|4\n|\n|t:|1700669720\n|-terastallize|p1a: Cresselia|Fairy\n|move|p2a: Koraidon|Outrage|p1a: Cresselia|[from]lockedmove\n|-immune|p1a: Cresselia\n|move|p1a: Cresselia|Moonblast|p2a: Koraidon\n|-supereffective|p2a: Koraidon\n|-damage|p2a: Koraidon|0 fnt\n|faint|p2a: Koraidon\n|\n|-weather|SunnyDay|[upkeep]\n|-sideend|p2: Grandburnsy 7|move: Tailwind\n|upkeep\n|\n|t:|1700669733\n|switch|p2a: Darkrai|Darkrai|100\/100\n|turn|5\n|\n|t:|1700669739\n|move|p2a: Darkrai|Hypnosis|p1a: Cresselia\n|-status|p1a: Cresselia|slp|[from] move: Hypnosis\n|cant|p1a: Cresselia|slp\n|\n|-weather|SunnyDay|[upkeep]\n|-damage|p1a: Cresselia|88\/100 slp|[from] ability: Bad Dreams|[of] p2a: Darkrai\n|upkeep\n|turn|6\n|\n|t:|1700669748\n|switch|p1a: Espathra|Espathra, M, shiny|100\/100\n|-activate|p1a: Espathra|move: Sticky Web\n|-unboost|p1a: Espathra|spe|1\n|move|p2a: Darkrai|Substitute|p2a: Darkrai\n|-start|p2a: Darkrai|Substitute\n|-damage|p2a: Darkrai|76\/100\n|\n|-weather|SunnyDay|[upkeep]\n|upkeep\n|turn|7\n|\n|t:|1700669757\n|move|p2a: Darkrai|Dark Pulse|p1a: Espathra\n|-supereffective|p1a: Espathra\n|-damage|p1a: Espathra|0 fnt\n|faint|p1a: Espathra\n|\n|-weather|none\n|upkeep\n|\n|t:|1700669766\n|switch|p1a: Walking Wake|Walking Wake|100\/100\n|-activate|p1a: Walking Wake|move: Sticky Web\n|-unboost|p1a: Walking Wake|spe|1\n|-enditem|p1a: Walking Wake|Booster Energy\n|-activate|p1a: Walking Wake|ability: Protosynthesis|[fromitem]\n|-start|p1a: Walking Wake|protosynthesisspa\n|turn|8\n|\n|t:|1700669778\n|move|p1a: Walking Wake|Aqua Jet|p2a: Darkrai\n|-activate|p2a: Darkrai|move: Substitute|[damage]\n|move|p2a: Darkrai|Hypnosis|p1a: Walking Wake\n|-status|p1a: Walking Wake|slp|[from] move: Hypnosis\n|\n|-damage|p1a: Walking Wake|88\/100 slp|[from] ability: Bad Dreams|[of] p2a: Darkrai\n|upkeep\n|turn|9\n|\n|t:|1700669793\n|-end|p1a: Walking Wake|Protosynthesis|[silent]\n|switch|p1a: Arcanine|Arcanine-Hisui, M, shiny|100\/100\n|-activate|p1a: Arcanine|move: Sticky Web\n|-unboost|p1a: Arcanine|spe|1\n|move|p2a: Darkrai|Dark Pulse|p1a: Arcanine\n|-damage|p1a: Arcanine|51\/100\n|\n|upkeep\n|turn|10\n|c|\u2606YIPPEEEEEEEE|Stop with the fucking hypnosis\n|\n|t:|1700669820\n|move|p2a: Darkrai|Dark Pulse|p1a: Arcanine\n|-damage|p1a: Arcanine|0 fnt\n|faint|p1a: Arcanine\n|\n|upkeep\n|\n|t:|1700669825\n|switch|p1a: Walking Wake|Walking Wake|88\/100 slp\n|-activate|p1a: Walking Wake|move: Sticky Web\n|-unboost|p1a: Walking Wake|spe|1\n|turn|11\n|c|\u2606YIPPEEEEEEEE|Go to hell motherfucker\n|-message|YIPPEEEEEEEE forfeited.\n|\n|win|Grandburnsy 7\n|raw|YIPPEEEEEEEE's rating: 1228 &rarr; <strong>1212<\/strong><br \/>(-16 for losing)\n|raw|Grandburnsy 7's rating: 1360 &rarr; <strong>1373<\/strong><br \/>(+13 for winning)\n|l|\u2606YIPPEEEEEEEE\n","uploadtime":1700669836,"views":0,"p1id":"yippeeeeeeee","p2id":"grandburnsy7","formatid":"gen9anythinggoes","rating":1212,"private":0,"password":""}