{"id":"gen9anythinggoes-1981963747","p1":"Daftkingett","p2":"hawkman100","format":"[Gen 9] Anything Goes","log":"|j|\u2606Daftkingett\n|j|\u2606hawkman100\n|t:|1698955370\n|gametype|singles\n|player|p1|Daftkingett|steven|1243\n|player|p2|hawkman100|102|1327\n|teamsize|p1|6\n|teamsize|p2|6\n|gen|9\n|tier|[Gen 9] Anything Goes\n|rated|\n|rule|HP Percentage Mod: HP is shown in percentages\n|rule|Endless Battle Clause: Forcing endless battles is banned\n|clearpoke\n|poke|p1|Charizard, F|\n|poke|p1|Magnezone|\n|poke|p1|Urshifu-*, M|\n|poke|p1|Meowscarada, F|\n|poke|p1|Blissey, F|\n|poke|p1|Dragapult, M|\n|poke|p2|Iron Bundle|\n|poke|p2|Corviknight, F|\n|poke|p2|Clodsire, M|\n|poke|p2|Calyrex-Shadow|\n|poke|p2|Arceus|\n|poke|p2|Miraidon|\n|teampreview\n|\n|t:|1698955387\n|start\n|switch|p1a: Charizard|Charizard, F, shiny|100\/100\n|switch|p2a: Clodsire|Clodsire, M|100\/100\n|turn|1\n|\n|t:|1698955394\n|switch|p1a: Meowscarada|Meowscarada, F|100\/100\n|move|p2a: Clodsire|Yawn|p1a: Meowscarada\n|-start|p1a: Meowscarada|move: Yawn|[of] p2a: Clodsire\n|\n|upkeep\n|turn|2\n|\n|t:|1698955410\n|move|p1a: Meowscarada|Flower Trick|p2a: Clodsire\n|-start|p1a: Meowscarada|typechange|Grass|[from] ability: Protean\n|-crit|p2a: Clodsire\n|-damage|p2a: Clodsire|45\/100\n|move|p2a: Clodsire|Earthquake|p1a: Meowscarada\n|-resisted|p1a: Meowscarada\n|-damage|p1a: Meowscarada|78\/100\n|\n|-heal|p2a: Clodsire|51\/100|[from] item: Black Sludge\n|-end|p1a: Meowscarada|move: Yawn|[silent]\n|-status|p1a: Meowscarada|slp\n|upkeep\n|turn|3\n|\n|t:|1698955425\n|switch|p2a: Iron Bundle|Iron Bundle|100\/100\n|-enditem|p2a: Iron Bundle|Booster Energy\n|-activate|p2a: Iron Bundle|ability: Quark Drive|[fromitem]\n|-start|p2a: Iron Bundle|quarkdrivespe\n|cant|p1a: Meowscarada|slp\n|\n|upkeep\n|turn|4\n|\n|t:|1698955436\n|switch|p1a: Charizard|Charizard, F, shiny|100\/100\n|move|p2a: Iron Bundle|Ice Beam|p1a: Charizard\n|-damage|p1a: Charizard|30\/100\n|\n|upkeep\n|turn|5\n|\n|t:|1698955444\n|-end|p2a: Iron Bundle|Quark Drive|[silent]\n|switch|p2a: Clodsire|Clodsire, M|51\/100\n|move|p1a: Charizard|Fire Blast|p2a: Clodsire\n|-damage|p2a: Clodsire|10\/100\n|\n|-heal|p2a: Clodsire|16\/100|[from] item: Black Sludge\n|upkeep\n|turn|6\n|\n|t:|1698955455\n|move|p1a: Charizard|Fire Blast|p2a: Clodsire\n|-damage|p2a: Clodsire|0 fnt\n|faint|p2a: Clodsire\n|\n|upkeep\n|\n|t:|1698955465\n|switch|p2a: Arceus|Arceus|100\/100\n|turn|7\n|\n|t:|1698955472\n|switch|p1a: Urshifu|Urshifu-Rapid-Strike, M|100\/100\n|move|p2a: Arceus|Extreme Speed|p1a: Urshifu\n|-damage|p1a: Urshifu|57\/100\n|\n|upkeep\n|turn|8\n|\n|t:|1698955483\n|switch|p2a: Calyrex|Calyrex-Shadow|100\/100\n|-ability|p2a: Calyrex|As One\n|-ability|p2a: Calyrex|Unnerve\n|move|p1a: Urshifu|Close Combat|p2a: Calyrex\n|-immune|p2a: Calyrex\n|\n|upkeep\n|turn|9\n|\n|t:|1698955492\n|switch|p1a: Meowscarada|Meowscarada, F|78\/100 slp\n|move|p2a: Calyrex|Psychic|p1a: Meowscarada\n|-immune|p1a: Meowscarada\n|\n|upkeep\n|turn|10\n|\n|t:|1698955500\n|move|p2a: Calyrex|Astral Barrage|p1a: Meowscarada\n|-resisted|p1a: Meowscarada\n|-damage|p1a: Meowscarada|22\/100 slp\n|cant|p1a: Meowscarada|slp\n|\n|upkeep\n|turn|11\n|\n|t:|1698955508\n|move|p2a: Calyrex|Dark Pulse|p1a: Meowscarada\n|-resisted|p1a: Meowscarada\n|-damage|p1a: Meowscarada|0 fnt\n|faint|p1a: Meowscarada\n|-ability|p2a: Calyrex|Grim Neigh|boost\n|-boost|p2a: Calyrex|spa|1\n|\n|upkeep\n|\n|t:|1698955514\n|switch|p1a: Dragapult|Dragapult, M|100\/100\n|turn|12\n|\n|t:|1698955523\n|-terastallize|p2a: Calyrex|Fairy\n|-terastallize|p1a: Dragapult|Fairy\n|move|p2a: Calyrex|Astral Barrage|p1a: Dragapult\n|-damage|p1a: Dragapult|0 fnt\n|faint|p1a: Dragapult\n|-ability|p2a: Calyrex|Grim Neigh|boost\n|-boost|p2a: Calyrex|spa|1\n|\n|upkeep\n|\n|t:|1698955530\n|switch|p1a: Charizard|Charizard, F, shiny|30\/100\n|turn|13\n|-message|Daftkingett forfeited.\n|\n|win|hawkman100\n|raw|Daftkingett's rating: 1243 &rarr; <strong>1224<\/strong><br \/>(-19 for losing)\n|raw|hawkman100's rating: 1327 &rarr; <strong>1342<\/strong><br \/>(+15 for winning)\n|l|\u2606Daftkingett\n","uploadtime":1698955541,"views":6,"p1id":"daftkingett","p2id":"hawkman100","formatid":"gen9anythinggoes","rating":1224,"private":0,"password":""}