{"id":"gen9anythinggoes-1979532448","p1":"dragonboy7000","p2":"meme2212","format":"[Gen 9] Anything Goes","log":"|j|\u2606dragonboy7000\n|j|\u2606meme2212\n|t:|1698690121\n|gametype|singles\n|player|p1|dragonboy7000|169|1441\n|player|p2|meme2212|265|1517\n|teamsize|p1|6\n|teamsize|p2|6\n|gen|9\n|tier|[Gen 9] Anything Goes\n|rated|\n|rule|HP Percentage Mod: HP is shown in percentages\n|rule|Endless Battle Clause: Forcing endless battles is banned\n|clearpoke\n|poke|p1|Koraidon|\n|poke|p1|Baxcalibur, F|\n|poke|p1|Miraidon|\n|poke|p1|Pawmot, F|\n|poke|p1|Arceus|\n|poke|p1|Glimmora, M|\n|poke|p2|Arceus|\n|poke|p2|Koraidon|\n|poke|p2|Miraidon|\n|poke|p2|Calyrex-Shadow|\n|poke|p2|Ting-Lu|\n|poke|p2|Farigiraf, F|\n|teampreview\n|\n|t:|1698690145\n|start\n|switch|p1a: Glimmora|Glimmora, M|100\/100\n|switch|p2a: Ting-Lu|Ting-Lu|100\/100\n|-ability|p2a: Ting-Lu|Vessel of Ruin\n|turn|1\n|inactive|Battle timer is ON: inactive players will automatically lose when time's up. (requested by dragonboy7000)\n|\n|t:|1698690159\n|move|p1a: Glimmora|Spikes|p2a: Ting-Lu\n|-sidestart|p2: meme2212|Spikes\n|move|p2a: Ting-Lu|Spikes|p1a: Glimmora\n|-sidestart|p1: dragonboy7000|Spikes\n|\n|upkeep\n|turn|2\n|\n|t:|1698690166\n|move|p1a: Glimmora|Spikes|p2a: Ting-Lu\n|-sidestart|p2: meme2212|Spikes\n|move|p2a: Ting-Lu|Whirlwind|p1a: Glimmora\n|drag|p1a: Baxcalibur|Baxcalibur, F|100\/100\n|-damage|p1a: Baxcalibur|88\/100|[from] Spikes\n|\n|upkeep\n|turn|3\n|inactive|dragonboy7000 has 120 seconds left.\n|\n|t:|1698690196\n|move|p1a: Baxcalibur|Dragon Dance|p1a: Baxcalibur\n|-boost|p1a: Baxcalibur|atk|1\n|-boost|p1a: Baxcalibur|spe|1\n|move|p2a: Ting-Lu|Whirlwind|p1a: Baxcalibur\n|drag|p1a: Arceus|Arceus|100\/100\n|-damage|p1a: Arceus|88\/100|[from] Spikes\n|\n|upkeep\n|turn|4\n|inactive|dragonboy7000 has 120 seconds left.\n|\n|t:|1698690210\n|move|p1a: Arceus|Swords Dance|p1a: Arceus\n|-boost|p1a: Arceus|atk|2\n|move|p2a: Ting-Lu|Spikes|p1a: Arceus\n|-sidestart|p1: dragonboy7000|Spikes\n|\n|upkeep\n|turn|5\n|inactive|dragonboy7000 has 120 seconds left.\n|\n|t:|1698690230\n|-terastallize|p1a: Arceus|Normal\n|move|p1a: Arceus|Extreme Speed|p2a: Ting-Lu\n|-damage|p2a: Ting-Lu|24\/100\n|move|p2a: Ting-Lu|Spikes|p1a: Arceus\n|-sidestart|p1: dragonboy7000|Spikes\n|\n|-heal|p2a: Ting-Lu|30\/100|[from] item: Leftovers\n|upkeep\n|turn|6\n|inactive|dragonboy7000 has 120 seconds left.\n|\n|t:|1698690244\n|move|p1a: Arceus|Extreme Speed|p2a: Ting-Lu\n|-damage|p2a: Ting-Lu|0 fnt\n|faint|p2a: Ting-Lu\n|\n|upkeep\n|\n|t:|1698690247\n|switch|p2a: Farigiraf|Farigiraf, F|100\/100\n|-item|p2a: Farigiraf|Air Balloon\n|turn|7\n|inactive|dragonboy7000 has 120 seconds left.\n|\n|t:|1698690271\n|move|p1a: Arceus|Extreme Speed||[still]\n|cant|p2a: Farigiraf|ability: Armor Tail|Extreme Speed|[of] p1a: Arceus\n|move|p2a: Farigiraf|Mean Look|p1a: Arceus\n|-activate|p1a: Arceus|trapped\n|\n|upkeep\n|turn|8\n|\n|t:|1698690280\n|move|p1a: Arceus|Shadow Claw|p2a: Farigiraf\n|-immune|p2a: Farigiraf\n|move|p2a: Farigiraf|Agility|p2a: Farigiraf\n|-boost|p2a: Farigiraf|spe|2\n|\n|upkeep\n|turn|9\n|inactive|dragonboy7000 has 120 seconds left.\n|\n|t:|1698690298\n|move|p1a: Arceus|Extreme Speed||[still]\n|cant|p2a: Farigiraf|ability: Armor Tail|Extreme Speed|[of] p1a: Arceus\n|move|p2a: Farigiraf|Calm Mind|p2a: Farigiraf\n|-boost|p2a: Farigiraf|spa|1\n|-boost|p2a: Farigiraf|spd|1\n|\n|upkeep\n|turn|10\n|\n|t:|1698690310\n|move|p2a: Farigiraf|Calm Mind|p2a: Farigiraf\n|-boost|p2a: Farigiraf|spa|1\n|-boost|p2a: Farigiraf|spd|1\n|move|p1a: Arceus|Swords Dance|p1a: Arceus\n|-boost|p1a: Arceus|atk|2\n|\n|upkeep\n|turn|11\n|\n|t:|1698690318\n|move|p2a: Farigiraf|Agility|p2a: Farigiraf\n|-boost|p2a: Farigiraf|spe|2\n|move|p1a: Arceus|Swords Dance|p1a: Arceus\n|-boost|p1a: Arceus|atk|2\n|\n|upkeep\n|turn|12\n|inactive|dragonboy7000 has 120 seconds left.\n|\n|t:|1698690327\n|move|p1a: Arceus|Extreme Speed||[still]\n|cant|p2a: Farigiraf|ability: Armor Tail|Extreme Speed|[of] p1a: Arceus\n|move|p2a: Farigiraf|Calm Mind|p2a: Farigiraf\n|-boost|p2a: Farigiraf|spa|1\n|-boost|p2a: Farigiraf|spd|1\n|\n|upkeep\n|turn|13\n|\n|t:|1698690339\n|move|p2a: Farigiraf|Stored Power|p1a: Arceus\n|-damage|p1a: Arceus|0 fnt\n|faint|p1a: Arceus\n|\n|upkeep\n|\n|t:|1698690345\n|switch|p1a: Glimmora|Glimmora, M|100\/100\n|-damage|p1a: Glimmora|76\/100|[from] Spikes\n|turn|14\n|\n|t:|1698690354\n|move|p1a: Glimmora|Protect|p1a: Glimmora\n|-singleturn|p1a: Glimmora|Protect\n|move|p2a: Farigiraf|Stored Power|p1a: Glimmora\n|-activate|p1a: Glimmora|move: Protect\n|\n|upkeep\n|turn|15\n|\n|t:|1698690366\n|move|p2a: Farigiraf|Stored Power|p1a: Glimmora\n|-supereffective|p1a: Glimmora\n|-damage|p1a: Glimmora|0 fnt\n|faint|p1a: Glimmora\n|\n|upkeep\n|\n|t:|1698690380\n|switch|p1a: Pawmot|Pawmot, F|100\/100\n|-damage|p1a: Pawmot|76\/100|[from] Spikes\n|turn|16\n|\n|t:|1698690390\n|move|p2a: Farigiraf|Stored Power|p1a: Pawmot\n|-supereffective|p1a: Pawmot\n|-damage|p1a: Pawmot|0 fnt\n|faint|p1a: Pawmot\n|\n|upkeep\n|\n|t:|1698690396\n|switch|p1a: Miraidon|Miraidon|100\/100\n|-damage|p1a: Miraidon|76\/100|[from] Spikes\n|-fieldstart|move: Electric Terrain|[from] ability: Hadron Engine|[of] p1a: Miraidon\n|turn|17\n|\n|t:|1698690404\n|move|p2a: Farigiraf|Stored Power|p1a: Miraidon\n|-damage|p1a: Miraidon|0 fnt\n|faint|p1a: Miraidon\n|\n|upkeep\n|\n|t:|1698690409\n|switch|p1a: Baxcalibur|Baxcalibur, F|88\/100\n|-damage|p1a: Baxcalibur|63\/100|[from] Spikes\n|turn|18\n|\n|t:|1698690415\n|move|p2a: Farigiraf|Stored Power|p1a: Baxcalibur\n|-damage|p1a: Baxcalibur|0 fnt\n|faint|p1a: Baxcalibur\n|\n|upkeep\n|\n|t:|1698690421\n|switch|p1a: Koraidon|Koraidon|100\/100\n|-damage|p1a: Koraidon|76\/100|[from] Spikes\n|-weather|SunnyDay|[from] ability: Orichalcum Pulse|[of] p1a: Koraidon\n|-activate|p1a: Koraidon|Orichalcum Pulse|[source]\n|turn|19\n|\n|t:|1698690429\n|move|p2a: Farigiraf|Stored Power|p1a: Koraidon\n|-supereffective|p1a: Koraidon\n|-damage|p1a: Koraidon|0 fnt\n|faint|p1a: Koraidon\n|\n|win|meme2212\n|raw|dragonboy7000's rating: 1441 &rarr; <strong>1425<\/strong><br \/>(-16 for losing)\n|raw|meme2212's rating: 1517 &rarr; <strong>1533<\/strong><br \/>(+16 for winning)\n|l|\u2606dragonboy7000\n","uploadtime":1698690444,"views":5,"p1id":"dragonboy7000","p2id":"meme2212","formatid":"gen9anythinggoes","rating":1425,"private":0,"password":""}