{"id":"gen9anythinggoes-1973851669","p1":"Skrumply","p2":"StoneBone","format":"[Gen 9] Anything Goes","log":"|j|\u2606Skrumply\n|j|\u2606StoneBone\n|t:|1698020541\n|gametype|singles\n|player|p1|Skrumply|lucy|\n|player|p2|StoneBone|pokemaniac|\n|teamsize|p1|6\n|teamsize|p2|6\n|gen|9\n|tier|[Gen 9] Anything Goes\n|rule|HP Percentage Mod: HP is shown in percentages\n|rule|Endless Battle Clause: Forcing endless battles is banned\n|clearpoke\n|poke|p1|Clodsire, M|\n|poke|p1|Moltres|\n|poke|p1|Ludicolo, F|\n|poke|p1|Cyclizar, M|\n|poke|p1|Iron Valiant|\n|poke|p1|Weezing, M|\n|poke|p2|Goodra-Hisui, F|\n|poke|p2|Houndstone, F|\n|poke|p2|Gligar, F|\n|poke|p2|Moltres-Galar|\n|poke|p2|Thundurus-Therian, M|\n|poke|p2|Rotom-Wash|\n|teampreview\n|\n|t:|1698020555\n|start\n|switch|p1a: Javelin|Clodsire, M|100\/100\n|switch|p2a: Gligar|Gligar, F|100\/100\n|turn|1\n|\n|t:|1698020566\n|move|p2a: Gligar|Stealth Rock|p1a: Javelin\n|-sidestart|p1: Skrumply|move: Stealth Rock\n|move|p1a: Javelin|Stealth Rock|p2a: Gligar\n|-sidestart|p2: StoneBone|move: Stealth Rock\n|\n|upkeep\n|turn|2\n|j| Doris.\n|c|\u2606Skrumply|I fucked up one of my sets I forgot a thing, this will be interesting\n|\n|t:|1698020601\n|switch|p1a: Moment of Truth|Ludicolo, F|100\/100\n|-damage|p1a: Moment of Truth|88\/100|[from] Stealth Rock\n|move|p2a: Gligar|Tailwind|p2a: Gligar\n|-sidestart|p2: StoneBone|move: Tailwind\n|\n|upkeep\n|turn|3\n|\n|t:|1698020614\n|move|p2a: Gligar|Earthquake|p1a: Moment of Truth\n|-resisted|p1a: Moment of Truth\n|-damage|p1a: Moment of Truth|58\/100\n|move|p1a: Moment of Truth|Ice Beam|p2a: Gligar\n|-supereffective|p2a: Gligar\n|-damage|p2a: Gligar|0 fnt\n|faint|p2a: Gligar\n|-damage|p1a: Moment of Truth|48\/100|[from] item: Life Orb\n|\n|upkeep\n|\n|t:|1698020626\n|switch|p2a: Moltres|Moltres-Galar|100\/100\n|-damage|p2a: Moltres|76\/100|[from] Stealth Rock\n|turn|4\n|\n|t:|1698020633\n|move|p1a: Moment of Truth|Protect|p1a: Moment of Truth\n|-singleturn|p1a: Moment of Truth|Protect\n|move|p2a: Moltres|Agility|p2a: Moltres\n|-boost|p2a: Moltres|spe|2\n|\n|upkeep\n|turn|5\n|\n|t:|1698020639\n|move|p2a: Moltres|Nasty Plot|p2a: Moltres\n|-boost|p2a: Moltres|spa|2\n|move|p1a: Moment of Truth|Ice Beam|p2a: Moltres\n|-supereffective|p2a: Moltres\n|-damage|p2a: Moltres|14\/100\n|-status|p2a: Moltres|frz\n|-ability|p2a: Moltres|Berserk|boost\n|-boost|p2a: Moltres|spa|1\n|-damage|p1a: Moment of Truth|38\/100|[from] item: Life Orb\n|\n|-sideend|p2: StoneBone|move: Tailwind\n|upkeep\n|turn|6\n|\n|t:|1698020651\n|cant|p2a: Moltres|frz\n|move|p1a: Moment of Truth|Ice Beam|p2a: Moltres\n|-supereffective|p2a: Moltres\n|-damage|p2a: Moltres|0 fnt\n|faint|p2a: Moltres\n|-damage|p1a: Moment of Truth|28\/100|[from] item: Life Orb\n|\n|upkeep\n|\n|t:|1698020658\n|switch|p2a: Rotom|Rotom-Wash|100\/100\n|-damage|p2a: Rotom|88\/100|[from] Stealth Rock\n|turn|7\n|\n|t:|1698020663\n|move|p1a: Moment of Truth|Giga Drain|p2a: Rotom\n|-supereffective|p2a: Rotom\n|-damage|p2a: Rotom|0 fnt\n|-heal|p1a: Moment of Truth|72\/100|[from] drain|[of] p2a: Rotom\n|faint|p2a: Rotom\n|-damage|p1a: Moment of Truth|62\/100|[from] item: Life Orb\n|\n|upkeep\n|\n|t:|1698020670\n|switch|p2a: Houndstone|Houndstone, F|100\/100\n|-damage|p2a: Houndstone|88\/100|[from] Stealth Rock\n|turn|8\n|\n|t:|1698020677\n|move|p1a: Moment of Truth|Protect|p1a: Moment of Truth\n|-singleturn|p1a: Moment of Truth|Protect\n|move|p2a: Houndstone|Destiny Bond|p2a: Houndstone\n|-singlemove|p2a: Houndstone|Destiny Bond\n|\n|-heal|p2a: Houndstone|94\/100|[from] item: Leftovers\n|upkeep\n|turn|9\n|\n|t:|1698020687\n|switch|p1a: Cave World|Weezing, M|100\/100\n|-ability|p1a: Cave World|Neutralizing Gas\n|-damage|p1a: Cave World|88\/100|[from] Stealth Rock\n|move|p2a: Houndstone|Rest|p2a: Houndstone\n|-status|p2a: Houndstone|slp|[from] move: Rest\n|-heal|p2a: Houndstone|100\/100 slp|[silent]\n|\n|-heal|p1a: Cave World|94\/100|[from] item: Leftovers\n|upkeep\n|turn|10\n|\n|t:|1698020696\n|-terastallize|p1a: Cave World|Dark\n|cant|p2a: Houndstone|slp\n|move|p2a: Houndstone|Sleep Talk|p2a: Houndstone\n|move|p2a: Houndstone|Rest||[from]move: Sleep Talk|[still]\n|-fail|p2a: Houndstone\n|move|p1a: Cave World|Dark Pulse|p2a: Houndstone\n|-supereffective|p2a: Houndstone\n|-crit|p2a: Houndstone\n|-damage|p2a: Houndstone|24\/100 slp\n|\n|-heal|p2a: Houndstone|30\/100 slp|[from] item: Leftovers\n|-heal|p1a: Cave World|99\/100|[from] item: Leftovers\n|upkeep\n|turn|11\n|\n|t:|1698020708\n|cant|p2a: Houndstone|slp\n|move|p2a: Houndstone|Sleep Talk|p2a: Houndstone\n|move|p2a: Houndstone|Destiny Bond|p2a: Houndstone|[from]move: Sleep Talk\n|-singlemove|p2a: Houndstone|Destiny Bond\n|move|p1a: Cave World|Dark Pulse|p2a: Houndstone\n|-supereffective|p2a: Houndstone\n|-damage|p2a: Houndstone|0 fnt\n|faint|p2a: Houndstone\n|-activate|p2a: Houndstone|move: Destiny Bond\n|faint|p1a: Cave World\n|-end|p1a: Cave World|ability: Neutralizing Gas\n|\n|upkeep\n|c|\u2606Skrumply|YO\n|\n|t:|1698020724\n|switch|p2a: Goodra|Goodra-Hisui, F|100\/100\n|switch|p1a: Javelin|Clodsire, M|100\/100\n|-damage|p2a: Goodra|94\/100|[from] Stealth Rock\n|-damage|p1a: Javelin|94\/100|[from] Stealth Rock\n|turn|12\n|\n|t:|1698020734\n|move|p2a: Goodra|Draco Meteor|p1a: Javelin\n|-damage|p1a: Javelin|61\/100\n|-unboost|p2a: Goodra|spa|2\n|move|p1a: Javelin|Earthquake|p2a: Goodra\n|-supereffective|p2a: Goodra\n|-damage|p2a: Goodra|44\/100\n|\n|-heal|p1a: Javelin|67\/100|[from] item: Black Sludge\n|upkeep\n|turn|13\n|\n|t:|1698020743\n|switch|p2a: Thundurus|Thundurus-Therian, M|100\/100\n|move|p1a: Javelin|Earthquake|p2a: Thundurus\n|-immune|p2a: Thundurus\n|\n|-heal|p1a: Javelin|74\/100|[from] item: Black Sludge\n|upkeep\n|turn|14\n|\n|t:|1698020754\n|move|p2a: Thundurus|Focus Blast|p1a: Javelin\n|-resisted|p1a: Javelin\n|-damage|p1a: Javelin|61\/100\n|move|p1a: Javelin|Toxic|p2a: Thundurus\n|-status|p2a: Thundurus|tox\n|\n|-heal|p1a: Javelin|67\/100|[from] item: Black Sludge\n|-damage|p2a: Thundurus|94\/100 tox|[from] psn\n|upkeep\n|turn|15\n|\n|t:|1698020763\n|move|p2a: Thundurus|Knock Off|p1a: Javelin\n|-damage|p1a: Javelin|44\/100\n|-enditem|p1a: Javelin|Black Sludge|[from] move: Knock Off|[of] p2a: Thundurus\n|move|p1a: Javelin|Recover|p1a: Javelin\n|-heal|p1a: Javelin|94\/100\n|\n|-damage|p2a: Thundurus|82\/100 tox|[from] psn\n|upkeep\n|turn|16\n|\n|t:|1698020771\n|switch|p1a: Him?|Iron Valiant|100\/100\n|-damage|p1a: Him?|94\/100|[from] Stealth Rock\n|-enditem|p1a: Him?|Booster Energy\n|-activate|p1a: Him?|ability: Quark Drive|[fromitem]\n|-start|p1a: Him?|quarkdrivespe\n|move|p2a: Thundurus|Volt Switch|p1a: Him?\n|-damage|p1a: Him?|29\/100\n|\n|t:|1698020780\n|switch|p2a: Goodra|Goodra-Hisui, F|44\/100|[from] Volt Switch\n|-damage|p2a: Goodra|38\/100|[from] Stealth Rock\n|\n|upkeep\n|turn|17\n|\n|t:|1698020786\n|move|p1a: Him?|Aura Sphere|p2a: Goodra\n|-supereffective|p2a: Goodra\n|-damage|p2a: Goodra|2\/100\n|move|p2a: Goodra|Earthquake|p1a: Him?\n|-damage|p1a: Him?|2\/100\n|\n|upkeep\n|turn|18\n|\n|t:|1698020794\n|move|p1a: Him?|Moonblast|p2a: Goodra\n|-damage|p2a: Goodra|0 fnt\n|faint|p2a: Goodra\n|\n|upkeep\n|\n|t:|1698020798\n|switch|p2a: Thundurus|Thundurus-Therian, M|82\/100 tox\n|turn|19\n|\n|t:|1698020801\n|move|p1a: Him?|Moonblast|p2a: Thundurus\n|-damage|p2a: Thundurus|19\/100 tox\n|move|p2a: Thundurus|Focus Blast|p1a: Him?\n|-resisted|p1a: Him?\n|-damage|p1a: Him?|0 fnt\n|faint|p1a: Him?\n|-end|p1a: Him?|Quark Drive|[silent]\n|\n|-damage|p2a: Thundurus|13\/100 tox|[from] psn\n|upkeep\n|c|\u2606Skrumply|this was my fuckup\n|\n|t:|1698020813\n|switch|p1a: Nutshell|Moltres|100\/100\n|-damage|p1a: Nutshell|51\/100|[from] Stealth Rock\n|turn|20\n|\n|t:|1698020820\n|move|p2a: Thundurus|Focus Blast|p1a: Nutshell\n|-resisted|p1a: Nutshell\n|-damage|p1a: Nutshell|28\/100\n|move|p1a: Nutshell|Heat Wave|p2a: Thundurus\n|-damage|p2a: Thundurus|0 fnt\n|faint|p2a: Thundurus\n|\n|win|Skrumply\n|c|\u2606Skrumply|gg\n|c|\u2606StoneBone|GGs!\n|l|\u2606Skrumply\n|l|\u2606StoneBone\n|j|\u2606Skrumply\n|player|p1|Skrumply|lucy\n","uploadtime":1698020846,"views":15,"p1id":"skrumply","p2id":"stonebone","formatid":"gen9anythinggoes","rating":0,"private":0,"password":""}