{"id":"gen9anythinggoes-1997709749","p1":"BruhMyNameIsDylan","p2":"Mr Armstead","format":"[Gen 9] Anything Goes","log":"|j|\u2606BruhMyNameIsDylan\n|j|\u2606Mr Armstead\n|t:|1700844310\n|gametype|singles\n|player|p1|BruhMyNameIsDylan|hugh|1141\n|player|p2|Mr Armstead|170|1213\n|teamsize|p1|6\n|teamsize|p2|6\n|gen|9\n|tier|[Gen 9] Anything Goes\n|rated|\n|rule|HP Percentage Mod: HP is shown in percentages\n|rule|Endless Battle Clause: Forcing endless battles is banned\n|clearpoke\n|poke|p1|Rillaboom, M|\n|poke|p1|Flutter Mane|\n|poke|p1|Ceruledge, M|\n|poke|p1|Chandelure, M|\n|poke|p1|Altaria, F|\n|poke|p1|Chien-Pao|\n|poke|p2|Maushold-Four|\n|poke|p2|Flutter Mane|\n|poke|p2|Miraidon|\n|poke|p2|Rabsca, M|\n|poke|p2|Garganacl, F|\n|poke|p2|Houndstone, M|\n|teampreview\n|j| ODfourneau\n|inactive|Battle timer is ON: inactive players will automatically lose when time's up. (requested by BruhMyNameIsDylan)\n|\n|t:|1700844332\n|start\n|switch|p1a: Rillaboom|Rillaboom, M, shiny|100\/100\n|switch|p2a: Flutter Mane|Flutter Mane, shiny|100\/100\n|-fieldstart|move: Grassy Terrain|[from] ability: Grassy Surge|[of] p1a: Rillaboom\n|turn|1\n|\n|t:|1700844340\n|move|p2a: Flutter Mane|Moonblast|p1a: Rillaboom\n|-damage|p1a: Rillaboom|19\/100\n|-damage|p2a: Flutter Mane|91\/100|[from] item: Life Orb\n|move|p1a: Rillaboom|Knock Off|p2a: Flutter Mane\n|-damage|p2a: Flutter Mane|19\/100\n|-enditem|p2a: Flutter Mane|Life Orb|[from] move: Knock Off|[of] p1a: Rillaboom\n|\n|-heal|p2a: Flutter Mane|25\/100|[from] Grassy Terrain\n|-heal|p1a: Rillaboom|25\/100|[from] Grassy Terrain\n|upkeep\n|turn|2\n|inactive|Mr Armstead has 120 seconds left.\n|l| ODfourneau\n|\n|t:|1700844374\n|move|p1a: Rillaboom|Grassy Glide|p2a: Flutter Mane\n|-damage|p2a: Flutter Mane|0 fnt\n|faint|p2a: Flutter Mane\n|-end|p2a: Flutter Mane|Protosynthesis|[silent]\n|\n|-heal|p1a: Rillaboom|32\/100|[from] Grassy Terrain\n|upkeep\n|inactive|Mr Armstead has 120 seconds left.\n|\n|t:|1700844381\n|switch|p2a: Maushold|Maushold-Four|100\/100\n|turn|3\n|\n|t:|1700844404\n|move|p2a: Maushold|Tidy Up|p2a: Maushold\n|-boost|p2a: Maushold|atk|1\n|-boost|p2a: Maushold|spe|1\n|move|p1a: Rillaboom|Brick Break|p2a: Maushold\n|-supereffective|p2a: Maushold\n|-damage|p2a: Maushold|14\/100\n|\n|-heal|p2a: Maushold|20\/100|[from] Grassy Terrain\n|-heal|p1a: Rillaboom|38\/100|[from] Grassy Terrain\n|upkeep\n|turn|4\n|\n|t:|1700844415\n|move|p1a: Rillaboom|Grassy Glide|p2a: Maushold\n|-damage|p2a: Maushold|0 fnt\n|faint|p2a: Maushold\n|\n|-heal|p1a: Rillaboom|44\/100|[from] Grassy Terrain\n|upkeep\n|\n|t:|1700844420\n|switch|p2a: Rabsca|Rabsca, M, shiny|100\/100\n|turn|5\n|\n|t:|1700844429\n|move|p1a: Rillaboom|Knock Off|p2a: Rabsca\n|-supereffective|p2a: Rabsca\n|-crit|p2a: Rabsca\n|-damage|p2a: Rabsca|19\/100\n|-enditem|p2a: Rabsca|Leppa Berry|[from] move: Knock Off|[of] p1a: Rillaboom\n|move|p2a: Rabsca|Trick Room|p2a: Rabsca\n|-fieldstart|move: Trick Room|[of] p2a: Rabsca\n|\n|-heal|p2a: Rabsca|25\/100|[from] Grassy Terrain\n|-heal|p1a: Rillaboom|50\/100|[from] Grassy Terrain\n|upkeep\n|turn|6\n|\n|t:|1700844440\n|move|p2a: Rabsca|Revival Blessing|p2a: Rabsca\n|\n|t:|1700844442\n|-heal|p2: Flutter Mane|50\/100|[from] move: Revival Blessing\n|move|p1a: Rillaboom|Knock Off|p2a: Rabsca\n|-supereffective|p2a: Rabsca\n|-damage|p2a: Rabsca|0 fnt\n|faint|p2a: Rabsca\n|\n|-heal|p1a: Rillaboom|56\/100|[from] Grassy Terrain\n|upkeep\n|\n|t:|1700844450\n|switch|p2a: Houndstone|Houndstone, M|100\/100\n|turn|7\n|\n|t:|1700844454\n|move|p2a: Houndstone|Last Respects|p1a: Rillaboom\n|-damage|p1a: Rillaboom|0 fnt\n|faint|p1a: Rillaboom\n|\n|upkeep\n|\n|t:|1700844471\n|switch|p1a: Chien-Pao|Chien-Pao|100\/100\n|-ability|p1a: Chien-Pao|Sword of Ruin\n|turn|8\n|\n|t:|1700844482\n|-terastallize|p2a: Houndstone|Fire\n|move|p1a: Chien-Pao|Sucker Punch|p2a: Houndstone\n|-damage|p2a: Houndstone|64\/100\n|move|p2a: Houndstone|Last Respects|p1a: Chien-Pao\n|-resisted|p1a: Chien-Pao\n|-damage|p1a: Chien-Pao|38\/100\n|\n|-heal|p2a: Houndstone|70\/100|[from] Grassy Terrain\n|-heal|p1a: Chien-Pao|44\/100|[from] Grassy Terrain\n|-fieldend|move: Grassy Terrain\n|upkeep\n|turn|9\n|\n|t:|1700844489\n|move|p1a: Chien-Pao|Sucker Punch|p2a: Houndstone\n|-damage|p2a: Houndstone|39\/100\n|move|p2a: Houndstone|Play Rough|p1a: Chien-Pao\n|-supereffective|p1a: Chien-Pao\n|-damage|p1a: Chien-Pao|0 fnt\n|faint|p1a: Chien-Pao\n|\n|-fieldend|move: Trick Room\n|upkeep\n|\n|t:|1700844498\n|switch|p1a: Ceruledge|Ceruledge, M|100\/100\n|turn|10\n|\n|t:|1700844506\n|-terastallize|p1a: Ceruledge|Fire\n|move|p1a: Ceruledge|Swords Dance|p1a: Ceruledge\n|-boost|p1a: Ceruledge|atk|2\n|move|p2a: Houndstone|Last Respects|p1a: Ceruledge\n|-damage|p1a: Ceruledge|0 fnt\n|faint|p1a: Ceruledge\n|\n|upkeep\n|-message|BruhMyNameIsDylan forfeited.\n|\n|win|Mr Armstead\n|raw|BruhMyNameIsDylan's rating: 1141 &rarr; <strong>1121<\/strong><br \/>(-20 for losing)\n|raw|Mr Armstead's rating: 1213 &rarr; <strong>1233<\/strong><br \/>(+20 for winning)\n|l|\u2606BruhMyNameIsDylan\n","uploadtime":1700844518,"views":0,"p1id":"bruhmynameisdylan","p2id":"mrarmstead","formatid":"gen9anythinggoes","rating":1121,"private":0,"password":""}