{"id":"gen9anythinggoes-1980126231","p1":"hklnl","p2":"StellarMudkip","format":"[Gen 9] Anything Goes","log":"|j|\u2606hklnl\n|j|\u2606StellarMudkip\n|t:|1698759645\n|gametype|singles\n|player|p1|hklnl|266|1000\n|player|p2|StellarMudkip|roark|1062\n|teamsize|p1|6\n|teamsize|p2|6\n|gen|9\n|tier|[Gen 9] Anything Goes\n|rated|\n|rule|HP Percentage Mod: HP is shown in percentages\n|rule|Endless Battle Clause: Forcing endless battles is banned\n|clearpoke\n|poke|p1|Snorlax, M|\n|poke|p1|Mudsdale, M|\n|poke|p1|Charizard, M|\n|poke|p1|Empoleon, M|\n|poke|p1|Gengar, F|\n|poke|p1|Lurantis, F|\n|poke|p2|Azumarill, F|\n|poke|p2|Electrode|\n|poke|p2|Pawmot, M|\n|poke|p2|Lurantis, M|\n|poke|p2|Iron Bundle|\n|poke|p2|Gliscor, M|\n|teampreview\n|inactive|Battle timer is ON: inactive players will automatically lose when time's up. (requested by StellarMudkip)\n|\n|t:|1698759656\n|start\n|switch|p1a: Charizard|Charizard, M|100\/100\n|switch|p2a: Kamikazi|Electrode, shiny|100\/100\n|turn|1\n|\n|t:|1698759662\n|move|p2a: Kamikazi|Wild Charge|p1a: Charizard\n|-supereffective|p1a: Charizard\n|-damage|p1a: Charizard|35\/100\n|-damage|p2a: Kamikazi|79\/100|[from] Recoil\n|move|p1a: Charizard|Flamethrower|p2a: Kamikazi\n|-damage|p2a: Kamikazi|16\/100\n|\n|upkeep\n|turn|2\n|\n|t:|1698759672\n|switch|p1a: Snorlax|Snorlax, M|100\/100\n|move|p2a: Kamikazi|Wild Charge|p1a: Snorlax\n|-damage|p1a: Snorlax|81\/100\n|-damage|p2a: Kamikazi|6\/100|[from] Recoil\n|\n|upkeep\n|turn|3\n|\n|t:|1698759681\n|move|p2a: Kamikazi|Explosion|p1a: Snorlax\n|-damage|p1a: Snorlax|37\/100\n|faint|p2a: Kamikazi\n|move|p1a: Snorlax|Crunch|p2: Kamikazi|[notarget]\n|-fail|p1a: Snorlax\n|\n|upkeep\n|\n|t:|1698759687\n|switch|p2a: Volt|Pawmot, M|100\/100\n|turn|4\n|\n|t:|1698759693\n|move|p2a: Volt|Close Combat|p1a: Snorlax\n|-supereffective|p1a: Snorlax\n|-damage|p1a: Snorlax|0 fnt\n|-unboost|p2a: Volt|def|1\n|-unboost|p2a: Volt|spd|1\n|faint|p1a: Snorlax\n|-damage|p2a: Volt|91\/100|[from] item: Life Orb\n|\n|upkeep\n|\n|t:|1698759700\n|switch|p1a: Gengar|Gengar, F|100\/100\n|turn|5\n|\n|t:|1698759706\n|move|p2a: Volt|Knock Off|p1a: Gengar\n|-supereffective|p1a: Gengar\n|-damage|p1a: Gengar|2\/100\n|-start|p2a: Volt|Disable|Knock Off|[from] ability: Cursed Body|[of] p1a: Gengar\n|-enditem|p1a: Gengar|Spell Tag|[from] move: Knock Off|[of] p2a: Volt\n|-damage|p2a: Volt|81\/100|[from] item: Life Orb\n|move|p1a: Gengar|Disable||[still]\n|-fail|p1a: Gengar\n|\n|upkeep\n|turn|6\n|\n|t:|1698759714\n|move|p2a: Volt|Revival Blessing|p2a: Volt\n|\n|t:|1698759716\n|-heal|p2: Kamikazi|50\/100|[from] move: Revival Blessing\n|move|p1a: Gengar|Toxic|p2a: Volt\n|-status|p2a: Volt|tox\n|\n|-damage|p2a: Volt|75\/100 tox|[from] psn\n|upkeep\n|turn|7\n|\n|t:|1698759724\n|move|p2a: Volt|Thunder Punch|p1a: Gengar\n|-damage|p1a: Gengar|0 fnt\n|faint|p1a: Gengar\n|-damage|p2a: Volt|65\/100 tox|[from] item: Life Orb\n|\n|-damage|p2a: Volt|52\/100 tox|[from] psn\n|upkeep\n|\n|t:|1698759734\n|switch|p1a: Mudsdale|Mudsdale, M|100\/100\n|turn|8\n|\n|t:|1698759737\n|move|p2a: Volt|Close Combat|p1a: Mudsdale\n|-damage|p1a: Mudsdale|33\/100\n|-unboost|p2a: Volt|def|1\n|-unboost|p2a: Volt|spd|1\n|-ability|p1a: Mudsdale|Stamina|boost\n|-boost|p1a: Mudsdale|def|1\n|-damage|p2a: Volt|42\/100 tox|[from] item: Life Orb\n|move|p1a: Mudsdale|Earthquake|p2a: Volt\n|-supereffective|p2a: Volt\n|-crit|p2a: Volt\n|-damage|p2a: Volt|0 fnt\n|faint|p2a: Volt\n|\n|-heal|p1a: Mudsdale|39\/100|[from] item: Leftovers\n|upkeep\n|\n|t:|1698759751\n|switch|p2a: Sakura|Lurantis, M|100\/100\n|turn|9\n|\n|t:|1698759760\n|switch|p1a: Lurantis|Lurantis, F|100\/100\n|move|p2a: Sakura|Superpower|p1a: Lurantis\n|-damage|p1a: Lurantis|53\/100\n|-boost|p2a: Sakura|atk|1\n|-boost|p2a: Sakura|def|1\n|\n|upkeep\n|turn|10\n|\n|t:|1698759777\n|switch|p1a: Empoleon|Empoleon, M|100\/100\n|move|p2a: Sakura|Superpower|p1a: Empoleon\n|-supereffective|p1a: Empoleon\n|-damage|p1a: Empoleon|0 fnt\n|-boost|p2a: Sakura|atk|1\n|-boost|p2a: Sakura|def|1\n|faint|p1a: Empoleon\n|\n|upkeep\n|inactive|hklnl has 120 seconds left.\n|\n|t:|1698759799\n|switch|p1a: Charizard|Charizard, M|35\/100\n|turn|11\n|\n|t:|1698759803\n|-terastallize|p1a: Charizard|Fire\n|-terastallize|p2a: Sakura|Fighting\n|move|p1a: Charizard|Flamethrower|p2a: Sakura\n|-damage|p2a: Sakura|39\/100\n|-enditem|p2a: Sakura|Sitrus Berry|[eat]\n|-heal|p2a: Sakura|63\/100|[from] item: Sitrus Berry\n|move|p2a: Sakura|Superpower|p1a: Charizard\n|-damage|p1a: Charizard|0 fnt\n|-boost|p2a: Sakura|atk|1\n|-boost|p2a: Sakura|def|1\n|faint|p1a: Charizard\n|\n|upkeep\n|\n|t:|1698759817\n|switch|p1a: Lurantis|Lurantis, F|53\/100\n|turn|12\n|\n|t:|1698759820\n|move|p2a: Sakura|Superpower|p1a: Lurantis\n|-damage|p1a: Lurantis|0 fnt\n|-boost|p2a: Sakura|atk|1\n|-boost|p2a: Sakura|def|1\n|faint|p1a: Lurantis\n|\n|upkeep\n|\n|t:|1698759825\n|switch|p1a: Mudsdale|Mudsdale, M|39\/100\n|turn|13\n|\n|t:|1698759828\n|move|p2a: Sakura|Superpower|p1a: Mudsdale\n|-damage|p1a: Mudsdale|0 fnt\n|-boost|p2a: Sakura|atk|1\n|-boost|p2a: Sakura|def|1\n|faint|p1a: Mudsdale\n|\n|win|StellarMudkip\n|raw|hklnl's rating: 1000 &rarr; <strong>1000<\/strong><br \/>(+0 for losing)\n|raw|StellarMudkip's rating: 1062 &rarr; <strong>1087<\/strong><br \/>(+25 for winning)\n|l|\u2606hklnl\n","uploadtime":1698759838,"views":7,"p1id":"hklnl","p2id":"stellarmudkip","formatid":"gen9anythinggoes","rating":1000,"private":0,"password":""}