{"id":"gen9anythinggoes-1976425606","p1":"bishopp9","p2":"Hex Offenders","format":"[Gen 9] Anything Goes","log":"|j|\u2606bishopp9\n|j|\u2606Hex Offenders\n|t:|1698301222\n|gametype|singles\n|player|p1|bishopp9|pokemaniac|1157\n|player|p2|Hex Offenders|1|1090\n|teamsize|p1|6\n|teamsize|p2|6\n|gen|9\n|tier|[Gen 9] Anything Goes\n|rated|\n|rule|HP Percentage Mod: HP is shown in percentages\n|rule|Endless Battle Clause: Forcing endless battles is banned\n|clearpoke\n|poke|p1|Naclstack, F|\n|poke|p1|Tatsugiri-Droopy, F|\n|poke|p1|Revavroom, F|\n|poke|p1|Sylveon, F|\n|poke|p1|Brambleghast, F|\n|poke|p1|Yanmega, F|\n|poke|p2|Decidueye, M|\n|poke|p2|Azumarill, F|\n|poke|p2|Snorlax, M|\n|poke|p2|Weavile, F|\n|poke|p2|Slowking-Galar, F|\n|poke|p2|Infernape, M|\n|teampreview\n|\n|t:|1698301227\n|start\n|switch|p1a: Naclstack|Naclstack, F, shiny|100\/100\n|switch|p2a: Slowking|Slowking-Galar, F|100\/100\n|turn|1\n|inactive|Battle timer is ON: inactive players will automatically lose when time's up. (requested by bishopp9)\n|\n|t:|1698301234\n|move|p1a: Naclstack|Stealth Rock|p2a: Slowking\n|-sidestart|p2: Hex Offenders|move: Stealth Rock\n|move|p2a: Slowking|Trick Room|p2a: Slowking\n|-fieldstart|move: Trick Room|[of] p2a: Slowking\n|\n|upkeep\n|turn|2\n|\n|t:|1698301238\n|move|p2a: Slowking|Chilly Reception|p2a: Slowking\n|-weather|Snow\n|\n|t:|1698301243\n|switch|p2a: Azumarill|Azumarill, F|100\/100|[from] Chilly Reception\n|-damage|p2a: Azumarill|88\/100|[from] Stealth Rock\n|move|p1a: Naclstack|Salt Cure|p2a: Azumarill\n|-damage|p2a: Azumarill|78\/100\n|-start|p2a: Azumarill|Salt Cure\n|\n|-weather|Snow|[upkeep]\n|-damage|p2a: Azumarill|53\/100|[from] Salt Cure\n|upkeep\n|turn|3\n|\n|t:|1698301253\n|move|p1a: Naclstack|Salt Cure|p2a: Azumarill\n|-damage|p2a: Azumarill|42\/100\n|-enditem|p2a: Azumarill|Sitrus Berry|[eat]\n|-heal|p2a: Azumarill|67\/100|[from] item: Sitrus Berry\n|move|p2a: Azumarill|Aqua Tail|p1a: Naclstack\n|-supereffective|p1a: Naclstack\n|-damage|p1a: Naclstack|82\/100\n|\n|-weather|Snow|[upkeep]\n|-damage|p2a: Azumarill|42\/100|[from] Salt Cure\n|upkeep\n|turn|4\n|\n|t:|1698301262\n|switch|p2a: Snorlax|Snorlax, M|100\/100\n|-damage|p2a: Snorlax|88\/100|[from] Stealth Rock\n|move|p1a: Naclstack|Salt Cure|p2a: Snorlax\n|-damage|p2a: Snorlax|78\/100\n|-start|p2a: Snorlax|Salt Cure\n|\n|-weather|Snow|[upkeep]\n|-damage|p2a: Snorlax|66\/100|[from] Salt Cure\n|upkeep\n|turn|5\n|\n|t:|1698301276\n|move|p2a: Snorlax|Body Slam|p1a: Naclstack\n|-resisted|p1a: Naclstack\n|-damage|p1a: Naclstack|73\/100\n|move|p1a: Naclstack|Salt Cure|p2a: Snorlax\n|-damage|p2a: Snorlax|56\/100\n|\n|-weather|Snow|[upkeep]\n|-damage|p2a: Snorlax|44\/100|[from] Salt Cure\n|-fieldend|move: Trick Room\n|upkeep\n|turn|6\n|\n|t:|1698301288\n|move|p1a: Naclstack|Salt Cure|p2a: Snorlax\n|-damage|p2a: Snorlax|35\/100\n|move|p2a: Snorlax|Earthquake|p1a: Naclstack\n|-supereffective|p1a: Naclstack\n|-damage|p1a: Naclstack|46\/100\n|\n|-weather|none\n|-damage|p2a: Snorlax|22\/100|[from] Salt Cure\n|upkeep\n|turn|7\n|\n|t:|1698301296\n|move|p1a: Naclstack|Recover|p1a: Naclstack\n|-heal|p1a: Naclstack|96\/100\n|move|p2a: Snorlax|Rest|p2a: Snorlax\n|-status|p2a: Snorlax|slp|[from] move: Rest\n|-heal|p2a: Snorlax|100\/100 slp|[silent]\n|-enditem|p2a: Snorlax|Chesto Berry|[eat]\n|-curestatus|p2a: Snorlax|slp|[msg]\n|\n|-damage|p2a: Snorlax|88\/100|[from] Salt Cure\n|upkeep\n|turn|8\n|\n|t:|1698301305\n|move|p1a: Naclstack|Salt Cure|p2a: Snorlax\n|-damage|p2a: Snorlax|79\/100\n|move|p2a: Snorlax|Earthquake|p1a: Naclstack\n|-supereffective|p1a: Naclstack\n|-damage|p1a: Naclstack|71\/100\n|\n|-damage|p2a: Snorlax|66\/100|[from] Salt Cure\n|upkeep\n|turn|9\n|\n|t:|1698301313\n|move|p1a: Naclstack|Salt Cure|p2a: Snorlax\n|-damage|p2a: Snorlax|57\/100\n|move|p2a: Snorlax|Earthquake|p1a: Naclstack\n|-supereffective|p1a: Naclstack\n|-damage|p1a: Naclstack|47\/100\n|\n|-damage|p2a: Snorlax|44\/100|[from] Salt Cure\n|upkeep\n|turn|10\n|\n|t:|1698301320\n|move|p1a: Naclstack|Recover|p1a: Naclstack\n|-heal|p1a: Naclstack|97\/100\n|move|p2a: Snorlax|Earthquake|p1a: Naclstack\n|-supereffective|p1a: Naclstack\n|-damage|p1a: Naclstack|71\/100\n|\n|-damage|p2a: Snorlax|32\/100|[from] Salt Cure\n|upkeep\n|turn|11\n|\n|t:|1698301328\n|move|p1a: Naclstack|Salt Cure|p2a: Snorlax\n|-damage|p2a: Snorlax|23\/100\n|move|p2a: Snorlax|Rest|p2a: Snorlax\n|-status|p2a: Snorlax|slp|[from] move: Rest\n|-heal|p2a: Snorlax|100\/100 slp|[silent]\n|\n|-damage|p2a: Snorlax|88\/100 slp|[from] Salt Cure\n|upkeep\n|turn|12\n|\n|t:|1698301341\n|switch|p1a: Revavroom|Revavroom, F|100\/100\n|switch|p2a: Infernape|Infernape, M|100\/100\n|-damage|p2a: Infernape|88\/100|[from] Stealth Rock\n|\n|upkeep\n|turn|13\n|c|\u2606bishopp9|oop\n|\n|t:|1698301350\n|-terastallize|p1a: Revavroom|Flying\n|move|p1a: Revavroom|Bulldoze|p2a: Infernape\n|-supereffective|p2a: Infernape\n|-damage|p2a: Infernape|20\/100\n|-unboost|p2a: Infernape|spe|1\n|move|p2a: Infernape|Fire Blast|p1a: Revavroom\n|-damage|p1a: Revavroom|40\/100\n|-status|p1a: Revavroom|brn\n|\n|-heal|p1a: Revavroom|46\/100 brn|[from] item: Leftovers\n|-damage|p1a: Revavroom|40\/100 brn|[from] brn\n|upkeep\n|turn|14\n|\n|t:|1698301372\n|switch|p2a: Snorlax|Snorlax, M|88\/100 slp\n|-damage|p2a: Snorlax|76\/100 slp|[from] Stealth Rock\n|move|p1a: Revavroom|Bulldoze|p2a: Snorlax\n|-damage|p2a: Snorlax|65\/100 slp\n|-unboost|p2a: Snorlax|spe|1\n|\n|-heal|p1a: Revavroom|46\/100 brn|[from] item: Leftovers\n|-damage|p1a: Revavroom|40\/100 brn|[from] brn\n|upkeep\n|turn|15\n|\n|t:|1698301383\n|move|p1a: Revavroom|Shift Gear|p1a: Revavroom\n|-boost|p1a: Revavroom|spe|2\n|-boost|p1a: Revavroom|atk|1\n|cant|p2a: Snorlax|slp\n|\n|-heal|p1a: Revavroom|46\/100 brn|[from] item: Leftovers\n|-damage|p1a: Revavroom|40\/100 brn|[from] brn\n|upkeep\n|turn|16\n|\n|t:|1698301390\n|move|p1a: Revavroom|Shift Gear|p1a: Revavroom\n|-boost|p1a: Revavroom|spe|2\n|-boost|p1a: Revavroom|atk|1\n|cant|p2a: Snorlax|slp\n|\n|-heal|p1a: Revavroom|46\/100 brn|[from] item: Leftovers\n|-damage|p1a: Revavroom|40\/100 brn|[from] brn\n|upkeep\n|turn|17\n|\n|t:|1698301408\n|move|p1a: Revavroom|Bulldoze|p2a: Snorlax\n|-damage|p2a: Snorlax|42\/100 slp\n|-unboost|p2a: Snorlax|spe|1\n|-curestatus|p2a: Snorlax|slp|[msg]\n|move|p2a: Snorlax|Blizzard|p1a: Revavroom\n|-supereffective|p1a: Revavroom\n|-damage|p1a: Revavroom|0 fnt\n|faint|p1a: Revavroom\n|\n|upkeep\n|\n|t:|1698301423\n|switch|p1a: Tatsugiri|Tatsugiri-Droopy, F|100\/100\n|turn|18\n|inactive|Hex Offenders has 120 seconds left.\n|\n|t:|1698301480\n|switch|p2a: Slowking|Slowking-Galar, F|100\/100\n|-damage|p2a: Slowking|88\/100|[from] Stealth Rock\n|move|p1a: Tatsugiri|Draco Meteor|p2a: Slowking\n|-damage|p2a: Slowking|27\/100\n|-unboost|p1a: Tatsugiri|spa|2\n|\n|-heal|p2a: Slowking|33\/100|[from] item: Black Sludge\n|upkeep\n|turn|19\n|inactive|bishopp9 has 120 seconds left.\n|\n|t:|1698301509\n|move|p1a: Tatsugiri|Draco Meteor|p2a: Slowking\n|-damage|p2a: Slowking|1\/100\n|-unboost|p1a: Tatsugiri|spa|2\n|move|p2a: Slowking|Chilly Reception|p2a: Slowking\n|-weather|Snow\n|inactive|Hex Offenders has 90 seconds left.\n|\n|t:|1698301519\n|switch|p2a: Decidueye|Decidueye, M|100\/100|[from] Chilly Reception\n|-damage|p2a: Decidueye|88\/100|[from] Stealth Rock\n|\n|-weather|Snow|[upkeep]\n|upkeep\n|turn|20\n|\n|t:|1698301526\n|switch|p1a: Naclstack|Naclstack, F, shiny|71\/100\n|move|p2a: Decidueye|Leaf Blade|p1a: Naclstack\n|-supereffective|p1a: Naclstack\n|-damage|p1a: Naclstack|27\/100\n|\n|-weather|Snow|[upkeep]\n|upkeep\n|turn|21\n|\n|t:|1698301536\n|move|p2a: Decidueye|Leaf Blade|p1a: Naclstack\n|-supereffective|p1a: Naclstack\n|-damage|p1a: Naclstack|0 fnt\n|faint|p1a: Naclstack\n|\n|-weather|Snow|[upkeep]\n|upkeep\n|\n|t:|1698301557\n|switch|p1a: Brambleghast|Brambleghast, F|100\/100\n|turn|22\n|\n|t:|1698301572\n|move|p1a: Brambleghast|Night Shade|p2a: Decidueye\n|-damage|p2a: Decidueye|54\/100\n|move|p2a: Decidueye|Poltergeist|p1a: Brambleghast|[miss]\n|-miss|p2a: Decidueye|p1a: Brambleghast\n|\n|-weather|Snow|[upkeep]\n|upkeep\n|turn|23\n|\n|t:|1698301585\n|move|p1a: Brambleghast|Shadow Sneak|p2a: Decidueye\n|-supereffective|p2a: Decidueye\n|-damage|p2a: Decidueye|7\/100\n|move|p2a: Decidueye|Poltergeist|p1a: Brambleghast\n|-activate|p1a: Brambleghast|move: Poltergeist|Heavy-Duty Boots\n|-supereffective|p1a: Brambleghast\n|-damage|p1a: Brambleghast|0 fnt\n|faint|p1a: Brambleghast\n|\n|-weather|none\n|upkeep\n|\n|t:|1698301593\n|switch|p1a: Yanmega|Yanmega, F, shiny|100\/100\n|turn|24\n|inactive|Hex Offenders has 90 seconds left.\n|\n|t:|1698301635\n|switch|p2a: Snorlax|Snorlax, M|42\/100\n|-damage|p2a: Snorlax|30\/100|[from] Stealth Rock\n|move|p1a: Yanmega|Protect||[still]\n|-fail|p1a: Yanmega\n|\n|-ability|p1a: Yanmega|Speed Boost|boost\n|-boost|p1a: Yanmega|spe|1\n|upkeep\n|turn|25\n|\n|t:|1698301642\n|move|p1a: Yanmega|Bug Buzz|p2a: Snorlax\n|-damage|p2a: Snorlax|0 fnt\n|faint|p2a: Snorlax\n|-enditem|p1a: Yanmega|Throat Spray\n|-boost|p1a: Yanmega|spa|1|[from] item: Throat Spray\n|\n|-ability|p1a: Yanmega|Speed Boost|boost\n|-boost|p1a: Yanmega|spe|1\n|upkeep\n|\n|t:|1698301660\n|switch|p2a: Infernape|Infernape, M|20\/100\n|-damage|p2a: Infernape|8\/100|[from] Stealth Rock\n|turn|26\n|\n|t:|1698301667\n|move|p1a: Yanmega|Air Slash|p2a: Infernape\n|-supereffective|p2a: Infernape\n|-damage|p2a: Infernape|0 fnt\n|faint|p2a: Infernape\n|\n|-ability|p1a: Yanmega|Speed Boost|boost\n|-boost|p1a: Yanmega|spe|1\n|upkeep\n|\n|t:|1698301679\n|switch|p2a: Azumarill|Azumarill, F|42\/100\n|-damage|p2a: Azumarill|30\/100|[from] Stealth Rock\n|turn|27\n|\n|t:|1698301687\n|move|p1a: Yanmega|Air Slash|p2a: Azumarill\n|-damage|p2a: Azumarill|0 fnt\n|faint|p2a: Azumarill\n|\n|-ability|p1a: Yanmega|Speed Boost|boost\n|-boost|p1a: Yanmega|spe|1\n|upkeep\n|\n|t:|1698301694\n|switch|p2a: Slowking|Slowking-Galar, F|35\/100\n|-damage|p2a: Slowking|22\/100|[from] Stealth Rock\n|turn|28\n|\n|t:|1698301699\n|move|p1a: Yanmega|Air Slash|p2a: Slowking\n|-damage|p2a: Slowking|0 fnt\n|faint|p2a: Slowking\n|\n|-ability|p1a: Yanmega|Speed Boost|boost\n|-boost|p1a: Yanmega|spe|1\n|upkeep\n|\n|t:|1698301704\n|switch|p2a: Weavile|Weavile, F|100\/100\n|-damage|p2a: Weavile|76\/100|[from] Stealth Rock\n|-ability|p2a: Weavile|Pressure\n|turn|29\n|inactive|Hex Offenders has 90 seconds left.\n|\n|t:|1698301729\n|move|p1a: Yanmega|Protect|p1a: Yanmega\n|-singleturn|p1a: Yanmega|Protect\n|move|p2a: Weavile|Fake Out|p1a: Yanmega\n|-activate|p1a: Yanmega|move: Protect\n|\n|-ability|p1a: Yanmega|Speed Boost|boost\n|-boost|p1a: Yanmega|spe|1\n|upkeep\n|turn|30\n|inactive|Hex Offenders has 90 seconds left.\n|\n|t:|1698301735\n|move|p2a: Weavile|Fake Out||[still]\n|-hint|Fake Out only works on your first turn out.\n|-fail|p2a: Weavile\n|move|p1a: Yanmega|Bug Buzz|p2a: Weavile\n|-supereffective|p2a: Weavile\n|-damage|p2a: Weavile|0 fnt\n|faint|p2a: Weavile\n|\n|upkeep\n|inactive|Hex Offenders has 90 seconds left.\n|\n|t:|1698301744\n|switch|p2a: Decidueye|Decidueye, M|7\/100\n|-damage|p2a: Decidueye|0 fnt|[from] Stealth Rock\n|faint|p2a: Decidueye\n|\n|win|bishopp9\n|raw|bishopp9's rating: 1157 &rarr; <strong>1177<\/strong><br \/>(+20 for winning)\n|raw|Hex Offenders's rating: 1090 &rarr; <strong>1071<\/strong><br \/>(-19 for losing)\n|l|\u2606Hex Offenders\n","uploadtime":1698301822,"views":13,"p1id":"bishopp9","p2id":"hexoffenders","formatid":"gen9anythinggoes","rating":1071,"private":0,"password":""}