{"id":"gen9anythinggoes-1995819196","p1":"acspina","p2":"Pokemh","format":"[Gen 9] Anything Goes","log":"|j|\u2606acspina\n|j|\u203dPokemh\n|t:|1700606246\n|gametype|singles\n|player|p1|acspina|265|1701\n|player|p2|Pokemh|170|1808\n|teamsize|p1|6\n|teamsize|p2|6\n|gen|9\n|tier|[Gen 9] Anything Goes\n|rated|\n|rule|HP Percentage Mod: HP is shown in percentages\n|rule|Endless Battle Clause: Forcing endless battles is banned\n|clearpoke\n|poke|p1|Miraidon|\n|poke|p1|Calyrex-Shadow|\n|poke|p1|Arceus|\n|poke|p1|Koraidon|\n|poke|p1|Ting-Lu|\n|poke|p1|Arceus-Fairy|\n|poke|p2|Mandibuzz, F|\n|poke|p2|Miraidon|\n|poke|p2|Arceus-Fairy|\n|poke|p2|Koraidon|\n|poke|p2|Clodsire, F|\n|poke|p2|Arceus-Water|\n|teampreview\n|inactive|Battle timer is ON: inactive players will automatically lose when time's up. (requested by Pokemh)\n|c|\u2606acspina|I auto lose against this kind of team\n|\n|t:|1700606269\n|start\n|switch|p1a: Calyrex|Calyrex-Shadow|100\/100\n|switch|p2a: Miraidon|Miraidon|100\/100\n|-ability|p1a: Calyrex|As One\n|-ability|p1a: Calyrex|Unnerve\n|-fieldstart|move: Electric Terrain|[from] ability: Hadron Engine|[of] p2a: Miraidon\n|turn|1\n|\n|t:|1700606273\n|switch|p1a: Arceus|Arceus-Fairy|100\/100\n|move|p2a: Miraidon|Electro Drift|p1a: Arceus\n|-damage|p1a: Arceus|7\/100\n|\n|upkeep\n|turn|2\n|\n|t:|1700606283\n|switch|p2a: Arceus|Arceus-Water|100\/100\n|move|p1a: Arceus|Recover|p1a: Arceus\n|-heal|p1a: Arceus|58\/100\n|\n|upkeep\n|turn|3\n|\n|t:|1700606286\n|switch|p1a: Miraidon|Miraidon|100\/100\n|-activate|p1a: Miraidon|ability: Hadron Engine\n|move|p2a: Arceus|Dragon Dance|p2a: Arceus\n|-boost|p2a: Arceus|atk|1\n|-boost|p2a: Arceus|spe|1\n|\n|upkeep\n|turn|4\n|\n|t:|1700606292\n|switch|p2a: Clodsire|Clodsire, F|100\/100\n|move|p1a: Miraidon|Parabolic Charge|p2a: Clodsire\n|-immune|p2a: Clodsire\n|\n|upkeep\n|turn|5\n|\n|t:|1700606297\n|switch|p1a: Ting-Lu|Ting-Lu|100\/100\n|-ability|p1a: Ting-Lu|Vessel of Ruin\n|move|p2a: Clodsire|Spikes|p1a: Ting-Lu\n|-sidestart|p1: acspina|Spikes\n|\n|-fieldend|move: Electric Terrain\n|upkeep\n|turn|6\n|\n|t:|1700606303\n|switch|p2a: Arceus|Arceus-Water|100\/100\n|move|p1a: Ting-Lu|Ruination|p2a: Arceus\n|-damage|p2a: Arceus|50\/100\n|\n|upkeep\n|turn|7\n|\n|t:|1700606306\n|switch|p1a: Miraidon|Miraidon|100\/100\n|-damage|p1a: Miraidon|88\/100|[from] Spikes\n|-fieldstart|move: Electric Terrain|[from] ability: Hadron Engine|[of] p1a: Miraidon\n|move|p2a: Arceus|Will-O-Wisp|p1a: Miraidon\n|-status|p1a: Miraidon|brn\n|\n|-damage|p1a: Miraidon|82\/100 brn|[from] brn\n|upkeep\n|turn|8\n|\n|t:|1700606312\n|switch|p2a: Clodsire|Clodsire, F|100\/100\n|move|p1a: Miraidon|Calm Mind|p1a: Miraidon\n|-boost|p1a: Miraidon|spa|1\n|-boost|p1a: Miraidon|spd|1\n|\n|-damage|p1a: Miraidon|76\/100 brn|[from] brn\n|upkeep\n|turn|9\n|\n|t:|1700606317\n|move|p1a: Miraidon|Draco Meteor|p2a: Clodsire\n|-damage|p2a: Clodsire|4\/100\n|-unboost|p1a: Miraidon|spa|2\n|-damage|p1a: Miraidon|66\/100 brn|[from] item: Life Orb\n|move|p2a: Clodsire|Earthquake|p1a: Miraidon\n|-supereffective|p1a: Miraidon\n|-damage|p1a: Miraidon|16\/100 brn\n|\n|-heal|p2a: Clodsire|10\/100|[from] item: Leftovers\n|-damage|p1a: Miraidon|10\/100 brn|[from] brn\n|upkeep\n|turn|10\n|\n|t:|1700606321\n|move|p1a: Miraidon|Dazzling Gleam|p2a: Clodsire\n|-resisted|p2a: Clodsire\n|-crit|p2a: Clodsire\n|-damage|p2a: Clodsire|0 fnt\n|faint|p2a: Clodsire\n|-damage|p1a: Miraidon|0 fnt|[from] item: Life Orb\n|faint|p1a: Miraidon\n|\n|upkeep\n|inactive|Pokemh has 120 seconds left.\n|\n|t:|1700606362\n|switch|p1a: Calyrex|Calyrex-Shadow|100\/100\n|switch|p2a: Koraidon|Koraidon|100\/100\n|-ability|p1a: Calyrex|As One\n|-ability|p1a: Calyrex|Unnerve\n|-weather|SunnyDay|[from] ability: Orichalcum Pulse|[of] p2a: Koraidon\n|-activate|p2a: Koraidon|Orichalcum Pulse|[source]\n|turn|11\n|\n|t:|1700606369\n|switch|p1a: Arceus|Arceus-Fairy|58\/100\n|-damage|p1a: Arceus|45\/100|[from] Spikes\n|move|p2a: Koraidon|U-turn|p1a: Arceus\n|-resisted|p1a: Arceus\n|-damage|p1a: Arceus|37\/100\n|inactive|Pokemh has 120 seconds left.\n|\n|t:|1700606376\n|switch|p2a: Miraidon|Miraidon|100\/100|[from] U-turn\n|-activate|p2a: Miraidon|ability: Hadron Engine\n|\n|-weather|SunnyDay|[upkeep]\n|-fieldend|move: Electric Terrain\n|upkeep\n|turn|12\n|\n|t:|1700606386\n|switch|p1a: Ting-Lu|Ting-Lu|100\/100\n|-damage|p1a: Ting-Lu|88\/100|[from] Spikes\n|-ability|p1a: Ting-Lu|Vessel of Ruin\n|move|p2a: Miraidon|Overheat|p1a: Ting-Lu\n|-damage|p1a: Ting-Lu|46\/100\n|-unboost|p2a: Miraidon|spa|2\n|\n|-weather|SunnyDay|[upkeep]\n|-heal|p1a: Ting-Lu|53\/100|[from] item: Leftovers\n|upkeep\n|turn|13\n|\n|t:|1700606391\n|switch|p2a: Koraidon|Koraidon|100\/100\n|-activate|p2a: Koraidon|ability: Orichalcum Pulse\n|switch|p1a: Arceus|Arceus-Fairy|37\/100\n|-damage|p1a: Arceus|25\/100|[from] Spikes\n|\n|-weather|SunnyDay|[upkeep]\n|upkeep\n|turn|14\n|\n|t:|1700606396\n|move|p2a: Koraidon|Flare Blitz|p1a: Arceus\n|-damage|p1a: Arceus|0 fnt\n|faint|p1a: Arceus\n|-damage|p2a: Koraidon|90\/100|[from] Recoil\n|\n|-weather|SunnyDay|[upkeep]\n|upkeep\n|\n|t:|1700606403\n|switch|p1a: Koraidon|Koraidon|100\/100\n|-damage|p1a: Koraidon|88\/100|[from] Spikes\n|-activate|p1a: Koraidon|ability: Orichalcum Pulse\n|turn|15\n|\n|t:|1700606413\n|switch|p2a: Arceus|Arceus-Fairy|100\/100\n|move|p1a: Koraidon|Flare Blitz|p2a: Arceus\n|-damage|p2a: Arceus|49\/100\n|-damage|p1a: Koraidon|66\/100|[from] Recoil\n|\n|-weather|none\n|upkeep\n|turn|16\n|\n|t:|1700606422\n|switch|p1a: Arceus|Arceus|100\/100\n|move|p2a: Arceus|Recover|p2a: Arceus\n|-heal|p2a: Arceus|99\/100\n|\n|upkeep\n|turn|17\n|c|\u2606acspina|Nice\n|\n|t:|1700606448\n|switch|p2a: Arceus|Arceus-Water|50\/100\n|switch|p1a: Ting-Lu|Ting-Lu|53\/100\n|-damage|p1a: Ting-Lu|40\/100|[from] Spikes\n|-ability|p1a: Ting-Lu|Vessel of Ruin\n|\n|-heal|p1a: Ting-Lu|46\/100|[from] item: Leftovers\n|upkeep\n|turn|18\n|\n|t:|1700606456\n|move|p2a: Arceus|Recover|p2a: Arceus\n|-heal|p2a: Arceus|100\/100\n|move|p1a: Ting-Lu|Ruination|p2a: Arceus\n|-damage|p2a: Arceus|50\/100\n|\n|-heal|p1a: Ting-Lu|53\/100|[from] item: Leftovers\n|upkeep\n|turn|19\n|\n|t:|1700606459\n|move|p2a: Arceus|Dragon Dance|p2a: Arceus\n|-boost|p2a: Arceus|atk|1\n|-boost|p2a: Arceus|spe|1\n|move|p1a: Ting-Lu|Ruination|p2a: Arceus\n|-damage|p2a: Arceus|25\/100\n|\n|-heal|p1a: Ting-Lu|59\/100|[from] item: Leftovers\n|upkeep\n|turn|20\n|\n|t:|1700606462\n|move|p2a: Arceus|Recover|p2a: Arceus\n|-heal|p2a: Arceus|75\/100\n|move|p1a: Ting-Lu|Whirlwind|p2a: Arceus\n|drag|p2a: Mandibuzz|Mandibuzz, F|100\/100\n|\n|-heal|p1a: Ting-Lu|65\/100|[from] item: Leftovers\n|upkeep\n|turn|21\n|\n|t:|1700606465\n|move|p2a: Mandibuzz|Knock Off|p1a: Ting-Lu\n|-resisted|p1a: Ting-Lu\n|-damage|p1a: Ting-Lu|59\/100\n|-enditem|p1a: Ting-Lu|Leftovers|[from] move: Knock Off|[of] p2a: Mandibuzz\n|move|p1a: Ting-Lu|Spikes|p2a: Mandibuzz\n|-sidestart|p2: Pokemh|Spikes\n|\n|upkeep\n|turn|22\n|\n|t:|1700606467\n|move|p2a: Mandibuzz|U-turn|p1a: Ting-Lu\n|-supereffective|p1a: Ting-Lu\n|-damage|p1a: Ting-Lu|47\/100\n|\n|t:|1700606475\n|switch|p2a: Koraidon|Koraidon|90\/100|[from] U-turn\n|-damage|p2a: Koraidon|78\/100|[from] Spikes\n|-weather|SunnyDay|[from] ability: Orichalcum Pulse|[of] p2a: Koraidon\n|-activate|p2a: Koraidon|Orichalcum Pulse|[source]\n|move|p1a: Ting-Lu|Spikes|p2a: Koraidon\n|-sidestart|p2: Pokemh|Spikes\n|\n|-weather|SunnyDay|[upkeep]\n|upkeep\n|turn|23\n|\n|t:|1700606484\n|switch|p1a: Calyrex|Calyrex-Shadow|100\/100\n|-ability|p1a: Calyrex|As One\n|-ability|p1a: Calyrex|Unnerve\n|move|p2a: Koraidon|U-turn|p1a: Calyrex\n|-damage|p1a: Calyrex|64\/100\n|\n|t:|1700606489\n|switch|p2a: Mandibuzz|Mandibuzz, F|100\/100|[from] U-turn\n|\n|-weather|SunnyDay|[upkeep]\n|upkeep\n|turn|24\n|\n|t:|1700606493\n|switch|p1a: Ting-Lu|Ting-Lu|47\/100\n|-damage|p1a: Ting-Lu|34\/100|[from] Spikes\n|-ability|p1a: Ting-Lu|Vessel of Ruin\n|move|p2a: Mandibuzz|Knock Off|p1a: Ting-Lu\n|-resisted|p1a: Ting-Lu\n|-damage|p1a: Ting-Lu|30\/100\n|\n|-weather|SunnyDay|[upkeep]\n|upkeep\n|turn|25\n|\n|t:|1700606496\n|move|p2a: Mandibuzz|U-turn|p1a: Ting-Lu\n|-supereffective|p1a: Ting-Lu\n|-damage|p1a: Ting-Lu|16\/100\n|\n|t:|1700606499\n|switch|p2a: Arceus|Arceus-Fairy|99\/100|[from] U-turn\n|-damage|p2a: Arceus|82\/100|[from] Spikes\n|move|p1a: Ting-Lu|Ruination|p2a: Arceus\n|-damage|p2a: Arceus|41\/100\n|\n|-weather|SunnyDay|[upkeep]\n|upkeep\n|turn|26\n|\n|t:|1700606507\n|move|p2a: Arceus|Recover|p2a: Arceus\n|-heal|p2a: Arceus|91\/100\n|move|p1a: Ting-Lu|Whirlwind|p2a: Arceus\n|drag|p2a: Mandibuzz|Mandibuzz, F|100\/100\n|\n|-weather|none\n|upkeep\n|turn|27\n|\n|t:|1700606511\n|move|p2a: Mandibuzz|U-turn|p1a: Ting-Lu\n|-supereffective|p1a: Ting-Lu\n|-damage|p1a: Ting-Lu|3\/100\n|\n|t:|1700606514\n|switch|p2a: Arceus|Arceus-Fairy|91\/100|[from] U-turn\n|-damage|p2a: Arceus|75\/100|[from] Spikes\n|move|p1a: Ting-Lu|Ruination|p2a: Arceus\n|-damage|p2a: Arceus|38\/100\n|\n|upkeep\n|turn|28\n|\n|t:|1700606520\n|move|p2a: Arceus|Recover|p2a: Arceus\n|-heal|p2a: Arceus|88\/100\n|move|p1a: Ting-Lu|Earthquake|p2a: Arceus\n|-damage|p2a: Arceus|65\/100\n|\n|upkeep\n|turn|29\n|\n|t:|1700606522\n|move|p2a: Arceus|Earth Power|p1a: Ting-Lu\n|-damage|p1a: Ting-Lu|0 fnt\n|faint|p1a: Ting-Lu\n|\n|upkeep\n|\n|t:|1700606531\n|switch|p1a: Koraidon|Koraidon|66\/100\n|-damage|p1a: Koraidon|54\/100|[from] Spikes\n|-weather|SunnyDay|[from] ability: Orichalcum Pulse|[of] p1a: Koraidon\n|-activate|p1a: Koraidon|Orichalcum Pulse|[source]\n|turn|30\n|\n|t:|1700606548\n|move|p1a: Koraidon|Flare Blitz|p2a: Arceus\n|-damage|p2a: Arceus|7\/100\n|-damage|p1a: Koraidon|29\/100|[from] Recoil\n|move|p2a: Arceus|Recover|p2a: Arceus\n|-heal|p2a: Arceus|57\/100\n|\n|-weather|SunnyDay|[upkeep]\n|upkeep\n|turn|31\n|\n|t:|1700606551\n|move|p1a: Koraidon|Flare Blitz|p2a: Arceus\n|-damage|p2a: Arceus|1\/100\n|-damage|p1a: Koraidon|5\/100|[from] Recoil\n|move|p2a: Arceus|Recover|p2a: Arceus\n|-heal|p2a: Arceus|52\/100\n|\n|-weather|SunnyDay|[upkeep]\n|upkeep\n|turn|32\n|\n|t:|1700606554\n|move|p1a: Koraidon|Flare Blitz|p2a: Arceus\n|-damage|p2a: Arceus|0 fnt\n|faint|p2a: Arceus\n|-damage|p1a: Koraidon|0 fnt|[from] Recoil\n|faint|p1a: Koraidon\n|\n|-weather|SunnyDay|[upkeep]\n|upkeep\n|\n|t:|1700606560\n|switch|p1a: Calyrex|Calyrex-Shadow|64\/100\n|switch|p2a: Koraidon|Koraidon|78\/100\n|-ability|p1a: Calyrex|As One\n|-ability|p1a: Calyrex|Unnerve\n|-damage|p2a: Koraidon|61\/100|[from] Spikes\n|-activate|p2a: Koraidon|ability: Orichalcum Pulse\n|turn|33\n|\n|t:|1700606569\n|move|p2a: Koraidon|Flare Blitz|p1a: Calyrex\n|-crit|p1a: Calyrex\n|-damage|p1a: Calyrex|0 fnt\n|faint|p1a: Calyrex\n|-damage|p2a: Koraidon|41\/100|[from] Recoil\n|\n|-weather|SunnyDay|[upkeep]\n|upkeep\n|\n|t:|1700606572\n|switch|p1a: Arceus|Arceus|100\/100\n|turn|34\n|\n|t:|1700606580\n|switch|p2a: Arceus|Arceus-Water|75\/100\n|-damage|p2a: Arceus|59\/100|[from] Spikes\n|move|p1a: Arceus|Extreme Speed|p2a: Arceus\n|-damage|p2a: Arceus|37\/100\n|\n|-weather|none\n|upkeep\n|turn|35\n|\n|t:|1700606583\n|move|p1a: Arceus|Extreme Speed|p2a: Arceus\n|-crit|p2a: Arceus\n|-damage|p2a: Arceus|6\/100\n|move|p2a: Arceus|Will-O-Wisp|p1a: Arceus\n|-status|p1a: Arceus|brn\n|\n|-damage|p1a: Arceus|94\/100 brn|[from] brn\n|upkeep\n|turn|36\n|\n|t:|1700606588\n|move|p1a: Arceus|Extreme Speed|p2a: Arceus\n|-damage|p2a: Arceus|0 fnt\n|faint|p2a: Arceus\n|\n|-damage|p1a: Arceus|88\/100 brn|[from] brn\n|upkeep\n|\n|t:|1700606590\n|switch|p2a: Miraidon|Miraidon|100\/100\n|-damage|p2a: Miraidon|84\/100|[from] Spikes\n|-fieldstart|move: Electric Terrain|[from] ability: Hadron Engine|[of] p2a: Miraidon\n|turn|37\n|\n|t:|1700606594\n|move|p2a: Miraidon|Electro Drift|p1a: Arceus\n|-damage|p1a: Arceus|0 fnt\n|faint|p1a: Arceus\n|\n|win|Pokemh\n|raw|acspina's rating: 1701 &rarr; <strong>1687<\/strong><br \/>(-14 for losing)\n|raw|Pokemh's rating: 1808 &rarr; <strong>1822<\/strong><br \/>(+14 for winning)\n|c|\u2606acspina|Ggwp\n","uploadtime":1700606618,"views":5,"p1id":"acspina","p2id":"pokemh","formatid":"gen9anythinggoes","rating":1687,"private":0,"password":""}