{"id":"gen9anythinggoes-1993304924","p1":"Xeo009","p2":"arafatr871","format":"[Gen 9] Anything Goes","log":"|j|\u2606Xeo009\n|j|\u2606arafatr871\n|t:|1700294350\n|gametype|singles\n|player|p1|Xeo009|ash-alola|1637\n|player|p2|arafatr871|ingo|1579\n|teamsize|p1|6\n|teamsize|p2|6\n|gen|9\n|tier|[Gen 9] Anything Goes\n|rated|\n|rule|HP Percentage Mod: HP is shown in percentages\n|rule|Endless Battle Clause: Forcing endless battles is banned\n|clearpoke\n|poke|p1|Ditto|\n|poke|p1|Pawmot, M|\n|poke|p1|Corviknight, F|\n|poke|p1|Zacian-*|\n|poke|p1|Calyrex-Shadow|\n|poke|p1|Koraidon|\n|poke|p2|Calyrex-Shadow|\n|poke|p2|Zacian-*|\n|poke|p2|Miraidon|\n|poke|p2|Koraidon|\n|poke|p2|Giratina-Origin|\n|poke|p2|Dondozo, M|\n|teampreview\n|inactive|Battle timer is ON: inactive players will automatically lose when time's up. (requested by arafatr871)\n|\n|t:|1700294379\n|start\n|switch|p1a: Koraidon|Koraidon|100\/100\n|switch|p2a: Koraidon|Koraidon|100\/100\n|-weather|SunnyDay|[from] ability: Orichalcum Pulse|[of] p1a: Koraidon\n|-activate|p1a: Koraidon|Orichalcum Pulse|[source]\n|-activate|p2a: Koraidon|ability: Orichalcum Pulse\n|turn|1\n|\n|t:|1700294384\n|move|p2a: Koraidon|Scale Shot|p1a: Koraidon\n|-supereffective|p1a: Koraidon\n|-damage|p1a: Koraidon|68\/100\n|-supereffective|p1a: Koraidon\n|-damage|p1a: Koraidon|36\/100\n|-hitcount|p1a: Koraidon|2\n|-unboost|p2a: Koraidon|def|1\n|-boost|p2a: Koraidon|spe|1\n|move|p1a: Koraidon|Outrage|p2a: Koraidon\n|-supereffective|p2a: Koraidon\n|-enditem|p2a: Koraidon|Focus Sash\n|-damage|p2a: Koraidon|1\/100\n|\n|-weather|SunnyDay|[upkeep]\n|upkeep\n|turn|2\n|\n|t:|1700294395\n|move|p2a: Koraidon|Scale Shot|p1a: Koraidon\n|-supereffective|p1a: Koraidon\n|-damage|p1a: Koraidon|6\/100\n|-supereffective|p1a: Koraidon\n|-damage|p1a: Koraidon|0 fnt\n|faint|p1a: Koraidon\n|-hitcount|p1: Koraidon|2\n|-unboost|p2a: Koraidon|def|1\n|-boost|p2a: Koraidon|spe|1\n|\n|-weather|SunnyDay|[upkeep]\n|upkeep\n|\n|t:|1700294403\n|switch|p1a: Ditto|Ditto|100\/100\n|-transform|p1a: Ditto|p2a: Koraidon|[from] ability: Imposter\n|-activate|p1a: Ditto|ability: Orichalcum Pulse\n|turn|3\n|\n|t:|1700294417\n|move|p1a: Ditto|Low Kick|p2a: Koraidon\n|-damage|p2a: Koraidon|0 fnt\n|faint|p2a: Koraidon\n|\n|-weather|SunnyDay|[upkeep]\n|upkeep\n|\n|t:|1700294425\n|switch|p2a: Calyrex|Calyrex-Shadow|100\/100\n|-ability|p2a: Calyrex|As One\n|-ability|p2a: Calyrex|Unnerve\n|turn|4\n|\n|t:|1700294431\n|switch|p1a: Corviknight|Corviknight, F|100\/100\n|-ability|p1a: Corviknight|Pressure\n|move|p2a: Calyrex|Astral Barrage|p1a: Corviknight\n|-damage|p1a: Corviknight|24\/100\n|\n|-weather|SunnyDay|[upkeep]\n|upkeep\n|turn|5\n|\n|t:|1700294436\n|move|p2a: Calyrex|Astral Barrage|p1a: Corviknight\n|-damage|p1a: Corviknight|0 fnt\n|faint|p1a: Corviknight\n|-ability|p2a: Calyrex|Grim Neigh|boost\n|-boost|p2a: Calyrex|spa|1\n|\n|-weather|none\n|upkeep\n|\n|t:|1700294466\n|switch|p1a: Calyrex|Calyrex-Shadow|100\/100\n|-ability|p1a: Calyrex|As One\n|-ability|p1a: Calyrex|Unnerve\n|turn|6\n|\n|t:|1700294478\n|move|p2a: Calyrex|Astral Barrage|p1a: Calyrex\n|-supereffective|p1a: Calyrex\n|-enditem|p1a: Calyrex|Focus Sash\n|-damage|p1a: Calyrex|1\/100\n|move|p1a: Calyrex|Psychic|p2a: Calyrex\n|-resisted|p2a: Calyrex\n|-damage|p2a: Calyrex|71\/100\n|\n|upkeep\n|turn|7\n|\n|t:|1700294486\n|move|p2a: Calyrex|Psychic|p1a: Calyrex\n|-resisted|p1a: Calyrex\n|-damage|p1a: Calyrex|0 fnt\n|faint|p1a: Calyrex\n|-ability|p2a: Calyrex|Grim Neigh|boost\n|-boost|p2a: Calyrex|spa|1\n|\n|upkeep\n|\n|t:|1700294489\n|switch|p1a: Ditto|Ditto|100\/100\n|-transform|p1a: Ditto|p2a: Calyrex|[from] ability: Imposter\n|turn|8\n|\n|t:|1700294507\n|-terastallize|p1a: Ditto|Normal\n|-terastallize|p2a: Calyrex|Normal\n|move|p1a: Ditto|Psychic|p2a: Calyrex\n|-damage|p2a: Calyrex|0 fnt\n|faint|p2a: Calyrex\n|-ability|p1a: Ditto|Grim Neigh|boost\n|-boost|p1a: Ditto|spa|1\n|\n|upkeep\n|\n|t:|1700294520\n|switch|p2a: Miraidon|Miraidon|100\/100\n|-fieldstart|move: Electric Terrain|[from] ability: Hadron Engine|[of] p2a: Miraidon\n|turn|9\n|\n|t:|1700294525\n|move|p1a: Ditto|Psychic|p2a: Miraidon\n|-damage|p2a: Miraidon|0 fnt\n|faint|p2a: Miraidon\n|-ability|p1a: Ditto|Grim Neigh|boost\n|-boost|p1a: Ditto|spa|1\n|\n|upkeep\n|\n|t:|1700294537\n|switch|p2a: Zacian|Zacian-Crowned, shiny|100\/100\n|-ability|p2a: Zacian|Intrepid Sword|boost\n|-boost|p2a: Zacian|atk|1\n|turn|10\n|\n|t:|1700294541\n|move|p1a: Ditto|Psychic|p2a: Zacian\n|-resisted|p2a: Zacian\n|-damage|p2a: Zacian|16\/100\n|move|p2a: Zacian|Close Combat|p1a: Ditto\n|-supereffective|p1a: Ditto\n|-damage|p1a: Ditto|0 fnt\n|-unboost|p2a: Zacian|def|1\n|-unboost|p2a: Zacian|spd|1\n|faint|p1a: Ditto\n|\n|upkeep\n|\n|t:|1700294549\n|switch|p1a: Pawmot|Pawmot, M|100\/100\n|turn|11\n|\n|t:|1700294553\n|move|p1a: Pawmot|Mach Punch|p2a: Zacian\n|-damage|p2a: Zacian|0 fnt\n|faint|p2a: Zacian\n|\n|upkeep\n|\n|t:|1700294558\n|switch|p2a: Giratina|Giratina-Origin, shiny|100\/100\n|turn|12\n|\n|t:|1700294577\n|move|p1a: Pawmot|Revival Blessing|p1a: Pawmot\n|\n|t:|1700294593\n|-heal|p1: Calyrex|50\/100|[from] move: Revival Blessing\n|move|p2a: Giratina|Will-O-Wisp|p1a: Pawmot\n|-status|p1a: Pawmot|brn\n|\n|-damage|p1a: Pawmot|94\/100 brn|[from] brn\n|upkeep\n|turn|13\n|j| GamerHew3333\n|\n|t:|1700294606\n|move|p1a: Pawmot|Ice Punch|p2a: Giratina\n|-supereffective|p2a: Giratina\n|-damage|p2a: Giratina|81\/100\n|move|p2a: Giratina|Dragon Tail|p1a: Pawmot\n|-damage|p1a: Pawmot|36\/100 brn\n|drag|p1a: Zacian|Zacian-Crowned|100\/100\n|-ability|p1a: Zacian|Intrepid Sword|boost\n|-boost|p1a: Zacian|atk|1\n|\n|-fieldend|move: Electric Terrain\n|upkeep\n|turn|14\n|\n|t:|1700294615\n|switch|p2a: Dondozo|Dondozo, M|100\/100\n|move|p1a: Zacian|Play Rough|p2a: Dondozo\n|-damage|p2a: Dondozo|68\/100\n|\n|-heal|p2a: Dondozo|74\/100|[from] item: Leftovers\n|upkeep\n|turn|15\n|\n|t:|1700294626\n|switch|p1a: Calyrex|Calyrex-Shadow|50\/100\n|-ability|p1a: Calyrex|As One\n|-ability|p1a: Calyrex|Unnerve\n|move|p2a: Dondozo|Earthquake|p1a: Calyrex\n|-damage|p1a: Calyrex|9\/100\n|\n|-heal|p2a: Dondozo|80\/100|[from] item: Leftovers\n|upkeep\n|turn|16\n|\n|t:|1700294638\n|move|p1a: Calyrex|Astral Barrage|p2a: Dondozo\n|-damage|p2a: Dondozo|12\/100\n|move|p2a: Dondozo|Liquidation|p1a: Calyrex\n|-damage|p1a: Calyrex|0 fnt\n|faint|p1a: Calyrex\n|\n|-heal|p2a: Dondozo|18\/100|[from] item: Leftovers\n|upkeep\n|\n|t:|1700294653\n|switch|p1a: Zacian|Zacian-Crowned|100\/100\n|turn|17\n|\n|t:|1700294656\n|move|p1a: Zacian|Behemoth Blade|p2a: Dondozo\n|-resisted|p2a: Dondozo\n|-damage|p2a: Dondozo|0 fnt\n|faint|p2a: Dondozo\n|\n|upkeep\n|\n|t:|1700294660\n|switch|p2a: Giratina|Giratina-Origin, shiny|81\/100\n|turn|18\n|\n|t:|1700294664\n|move|p1a: Zacian|Play Rough|p2a: Giratina\n|-supereffective|p2a: Giratina\n|-damage|p2a: Giratina|15\/100\n|move|p2a: Giratina|Will-O-Wisp|p1a: Zacian|[miss]\n|-miss|p2a: Giratina|p1a: Zacian\n|\n|upkeep\n|turn|19\n|\n|t:|1700294671\n|move|p2a: Giratina|Shadow Sneak|p1a: Zacian\n|-damage|p1a: Zacian|74\/100\n|move|p1a: Zacian|Behemoth Blade|p2a: Giratina\n|-damage|p2a: Giratina|0 fnt\n|faint|p2a: Giratina\n|\n|win|Xeo009\n|raw|Xeo009's rating: 1637 &rarr; <strong>1654<\/strong><br \/>(+17 for winning)\n|raw|arafatr871's rating: 1579 &rarr; <strong>1562<\/strong><br \/>(-17 for losing)\n|l|\u2606arafatr871\n|c|\u2606Xeo009|Gg\n","uploadtime":1700294706,"views":3,"p1id":"xeo009","p2id":"arafatr871","formatid":"gen9anythinggoes","rating":1562,"private":0,"password":""}