{"id":"gen9anythinggoes-1983128724","p1":"sp1918","p2":"Feraligators","format":"[Gen 9] Anything Goes","log":"|j|\u2606sp1918\n|j|\u2606Feraligators\n|t:|1699092292\n|gametype|singles\n|player|p1|sp1918|iris|1454\n|player|p2|Feraligators|hooligans|1749\n|teamsize|p1|6\n|teamsize|p2|6\n|gen|9\n|tier|[Gen 9] Anything Goes\n|rated|\n|rule|HP Percentage Mod: HP is shown in percentages\n|rule|Endless Battle Clause: Forcing endless battles is banned\n|clearpoke\n|poke|p1|Zacian-*|\n|poke|p1|Zacian-*|\n|poke|p1|Zacian-*|\n|poke|p1|Zacian-*|\n|poke|p1|Zoroark-Hisui, M|\n|poke|p1|Zacian-*|\n|poke|p2|Calyrex-Shadow|\n|poke|p2|Arceus|\n|poke|p2|Koraidon|\n|poke|p2|Ditto|\n|poke|p2|Ting-Lu|\n|poke|p2|Miraidon|\n|teampreview\n|inactive|Battle timer is ON: inactive players will automatically lose when time's up. (requested by sp1918)\n|c|\u2606Feraligators|Woooow\n|\n|t:|1699092317\n|start\n|switch|p1a: Sixth|Zacian-Crowned|100\/100\n|switch|p2a: Moose Of Ruin|Ting-Lu|100\/100\n|-ability|p1a: Sixth|Intrepid Sword|boost\n|-boost|p1a: Sixth|atk|1\n|-ability|p2a: Moose Of Ruin|Vessel of Ruin\n|turn|1\n|inactive|Feraligators has 120 seconds left.\n|\n|t:|1699092364\n|move|p1a: Sixth|Close Combat|p2a: Moose Of Ruin\n|-supereffective|p2a: Moose Of Ruin\n|-damage|p2a: Moose Of Ruin|21\/100\n|-unboost|p1a: Sixth|def|1\n|-unboost|p1a: Sixth|spd|1\n|move|p2a: Moose Of Ruin|Earthquake|p1a: Sixth\n|-supereffective|p1a: Sixth\n|-damage|p1a: Sixth|0 fnt\n|faint|p1a: Sixth\n|\n|-heal|p2a: Moose Of Ruin|27\/100|[from] item: Leftovers\n|upkeep\n|\n|t:|1699092372\n|switch|p1a: First|Zacian-Crowned|100\/100\n|turn|2\n|\n|t:|1699092402\n|move|p1a: First|Flamethrower|p2a: Moose Of Ruin\n|-damage|p2a: Moose Of Ruin|15\/100\n|move|p2a: Moose Of Ruin|Spikes|p1a: First\n|-sidestart|p1: sp1918|Spikes\n|\n|-heal|p2a: Moose Of Ruin|21\/100|[from] item: Leftovers\n|upkeep\n|turn|3\n|inactive|Feraligators has 120 seconds left.\n|\n|t:|1699092417\n|switch|p1a: Fourth|Zacian-Crowned|100\/100\n|-damage|p1a: Fourth|88\/100|[from] Spikes\n|-ability|p1a: Fourth|Intrepid Sword|boost\n|-boost|p1a: Fourth|atk|1\n|move|p2a: Moose Of Ruin|Earthquake|p1a: Fourth\n|-supereffective|p1a: Fourth\n|-damage|p1a: Fourth|16\/100\n|\n|-heal|p2a: Moose Of Ruin|27\/100|[from] item: Leftovers\n|upkeep\n|turn|4\n|\n|t:|1699092429\n|move|p1a: Fourth|Play Rough|p2a: Moose Of Ruin\n|-supereffective|p2a: Moose Of Ruin\n|-damage|p2a: Moose Of Ruin|0 fnt\n|faint|p2a: Moose Of Ruin\n|\n|upkeep\n|c|\u2606Feraligators|Ya know zac get sword. Boostright\n|\n|t:|1699092441\n|switch|p2a: Shadow Knight|Calyrex-Shadow|100\/100\n|-ability|p2a: Shadow Knight|As One\n|-ability|p2a: Shadow Knight|Unnerve\n|turn|5\n|c|\u2606sp1918|dym\n|\n|t:|1699092457\n|move|p2a: Shadow Knight|Grass Knot|p1a: Fourth\n|-resisted|p1a: Fourth\n|-damage|p1a: Fourth|0 fnt\n|faint|p1a: Fourth\n|-ability|p2a: Shadow Knight|Grim Neigh|boost\n|-boost|p2a: Shadow Knight|spa|1\n|\n|upkeep\n|\n|t:|1699092461\n|switch|p1a: First|Zacian-Crowned|100\/100\n|-damage|p1a: First|88\/100|[from] Spikes\n|turn|6\n|\n|t:|1699092465\n|-terastallize|p1a: First|Normal\n|move|p2a: Shadow Knight|Grass Knot|p1a: First\n|-damage|p1a: First|0 fnt\n|replace|p1a: Fifth|Zoroark-Hisui, M\n|-end|p1a: Fifth|Illusion\n|faint|p1a: Fifth\n|-ability|p2a: Shadow Knight|Grim Neigh|boost\n|-boost|p2a: Shadow Knight|spa|1\n|\n|upkeep\n|c|\u2606sp1918|grass knot caly??\n|c|\u2606Feraligators|Zac gets an attack boost\n|c|\u2606Feraligators|So its ez to tell\n|\n|t:|1699092486\n|switch|p1a: Second|Zacian-Crowned|100\/100\n|-damage|p1a: Second|88\/100|[from] Spikes\n|-ability|p1a: Second|Intrepid Sword|boost\n|-boost|p1a: Second|atk|1\n|turn|7\n|c|\u2606Feraligators|To counter tinglu arc etc\n|c|\u2606sp1918|what are you trying to say\n|\n|t:|1699092496\n|move|p2a: Shadow Knight|Grass Knot|p1a: Second\n|-resisted|p1a: Second\n|-damage|p1a: Second|44\/100\n|move|p1a: Second|Behemoth Blade|p2a: Shadow Knight\n|-damage|p2a: Shadow Knight|0 fnt\n|faint|p2a: Shadow Knight\n|\n|upkeep\n|c|\u2606Feraligators|People will know what your zoroark is\n|\n|t:|1699092511\n|switch|p2a: Disguise Da Limit|Ditto, shiny|100\/100\n|-transform|p2a: Disguise Da Limit|p1a: Second|[from] ability: Imposter\n|-ability|p2a: Disguise Da Limit|Intrepid Sword|boost\n|-boost|p2a: Disguise Da Limit|atk|1\n|turn|8\n|c|\u2606sp1918|thats not the point\n|\n|t:|1699092525\n|move|p2a: Disguise Da Limit|Behemoth Blade|p1a: Second\n|-damage|p1a: Second|0 fnt\n|faint|p1a: Second\n|\n|upkeep\n|c|\u2606sp1918|per se i need a pokemon that can counter toxapex\n|inactive|sp1918 has 120 seconds left.\n|c|\u2606sp1918|since its been a bit annoying\n|c|\u2606sp1918|but i cant destroy the zacian only clause\n|c|\u2606Feraligators|...\n|\n|t:|1699092555\n|switch|p1a: Third|Zacian-Crowned|100\/100\n|-damage|p1a: Third|88\/100|[from] Spikes\n|-ability|p1a: Third|Intrepid Sword|boost\n|-boost|p1a: Third|atk|1\n|turn|9\n|c|\u2606sp1918|therefore zoroark\n|c|\u2606Feraligators|Oh\n|\n|t:|1699092569\n|move|p2a: Disguise Da Limit|Behemoth Blade|p1a: Third\n|-damage|p1a: Third|0 fnt\n|faint|p1a: Third\n|\n|upkeep\n|\n|t:|1699092574\n|switch|p1a: First|Zacian-Crowned|100\/100\n|-damage|p1a: First|88\/100|[from] Spikes\n|-ability|p1a: First|Intrepid Sword|boost\n|-boost|p1a: First|atk|1\n|turn|10\n|inactive|Feraligators has 120 seconds left.\n|c|\u2606sp1918|can u make it quick\n|\n|t:|1699092625\n|move|p2a: Disguise Da Limit|Behemoth Blade|p1a: First\n|-damage|p1a: First|0 fnt\n|faint|p1a: First\n|\n|win|Feraligators\n|raw|sp1918's rating: 1454 &rarr; <strong>1448<\/strong><br \/>(-6 for losing)\n|raw|Feraligators's rating: 1749 &rarr; <strong>1755<\/strong><br \/>(+6 for winning)\n","uploadtime":1699092628,"views":5,"p1id":"sp1918","p2id":"feraligators","formatid":"gen9anythinggoes","rating":1448,"private":0,"password":""}