{"id":"gen9anythinggoes-1998263248","p1":"GalladeAggron","p2":"AGarcube0701","format":"[Gen 9] Anything Goes","log":"|j|\u2606GalladeAggron\n|j|\u2606AGarcube0701\n|t:|1700921733\n|gametype|singles\n|player|p1|GalladeAggron|1|1376\n|player|p2|AGarcube0701|crasherwake|1333\n|teamsize|p1|6\n|teamsize|p2|6\n|gen|9\n|tier|[Gen 9] Anything Goes\n|rated|\n|rule|HP Percentage Mod: HP is shown in percentages\n|rule|Endless Battle Clause: Forcing endless battles is banned\n|clearpoke\n|poke|p1|Miraidon|\n|poke|p1|Ting-Lu|\n|poke|p1|Calyrex-Shadow|\n|poke|p1|Toxapex, F|\n|poke|p1|Zacian-*|\n|poke|p1|Arceus|\n|poke|p2|Arceus|\n|poke|p2|Toxapex, M|\n|poke|p2|Calyrex-Shadow|\n|poke|p2|Ting-Lu|\n|poke|p2|Miraidon|\n|poke|p2|Koraidon|\n|teampreview\n|inactive|Battle timer is ON: inactive players will automatically lose when time's up. (requested by AGarcube0701)\n|\n|t:|1700921752\n|start\n|switch|p1a: Miraidon|Miraidon|100\/100\n|switch|p2a: Miraidon|Miraidon|100\/100\n|-fieldstart|move: Electric Terrain|[from] ability: Hadron Engine|[of] p1a: Miraidon\n|-activate|p2a: Miraidon|ability: Hadron Engine\n|turn|1\n|\n|t:|1700921762\n|-terastallize|p1a: Miraidon|Fairy\n|move|p1a: Miraidon|Dazzling Gleam|p2a: Miraidon\n|-supereffective|p2a: Miraidon\n|-damage|p2a: Miraidon|0 fnt\n|faint|p2a: Miraidon\n|\n|upkeep\n|\n|t:|1700921766\n|switch|p2a: Koraidon|Koraidon|100\/100\n|-weather|SunnyDay|[from] ability: Orichalcum Pulse|[of] p2a: Koraidon\n|-activate|p2a: Koraidon|Orichalcum Pulse|[source]\n|turn|2\n|\n|t:|1700921773\n|switch|p1a: Toxapex|Toxapex, F|100\/100\n|-terastallize|p2a: Koraidon|Steel\n|move|p2a: Koraidon|Swords Dance|p2a: Koraidon\n|-boost|p2a: Koraidon|atk|2\n|\n|-weather|SunnyDay|[upkeep]\n|upkeep\n|turn|3\n|\n|t:|1700921782\n|move|p2a: Koraidon|Scale Shot|p1a: Toxapex\n|-damage|p1a: Toxapex|77\/100\n|-damage|p1a: Toxapex|55\/100\n|-damage|p1a: Toxapex|34\/100\n|-damage|p1a: Toxapex|11\/100\n|-damage|p1a: Toxapex|0 fnt\n|faint|p1a: Toxapex\n|-hitcount|p1: Toxapex|5\n|-unboost|p2a: Koraidon|def|1\n|-boost|p2a: Koraidon|spe|1\n|\n|-weather|SunnyDay|[upkeep]\n|upkeep\n|l|\u2606AGarcube0701\n|inactive|AGarcube0701 disconnected and has a minute to reconnect!\n|player|p2|\n|\n|t:|1700921805\n|switch|p1a: Miraidon|Miraidon, tera:Fairy|100\/100\n|-activate|p1a: Miraidon|ability: Hadron Engine\n|turn|4\n|inactive|AGarcube0701 has 30 seconds to reconnect!\n|j|\u2606AGarcube0701\n|inactive|AGarcube0701 reconnected and has 120 seconds left.\n|player|p2|AGarcube0701|crasherwake\n|\n|t:|1700921839\n|move|p1a: Miraidon|Electro Drift|p2a: Koraidon\n|-damage|p2a: Koraidon|6\/100\n|move|p2a: Koraidon|Iron Head|p1a: Miraidon\n|-supereffective|p1a: Miraidon\n|-damage|p1a: Miraidon|0 fnt\n|faint|p1a: Miraidon\n|\n|-weather|SunnyDay|[upkeep]\n|upkeep\n|inactive|GalladeAggron has 120 seconds left.\n|inactive|GalladeAggron has 90 seconds left.\n|\n|t:|1700921904\n|switch|p1a: Arceus|Arceus|100\/100\n|turn|5\n|\n|t:|1700921919\n|switch|p2a: Calyrex|Calyrex-Shadow|100\/100\n|-ability|p2a: Calyrex|As One\n|-ability|p2a: Calyrex|Unnerve\n|move|p1a: Arceus|Extreme Speed|p2a: Calyrex\n|-immune|p2a: Calyrex\n|\n|-weather|SunnyDay|[upkeep]\n|-fieldend|move: Electric Terrain\n|upkeep\n|turn|6\n|inactive|GalladeAggron has 90 seconds left.\n|\n|t:|1700921931\n|move|p2a: Calyrex|Nasty Plot|p2a: Calyrex\n|-boost|p2a: Calyrex|spa|2\n|move|p1a: Arceus|Shadow Claw|p2a: Calyrex\n|-supereffective|p2a: Calyrex\n|-enditem|p2a: Calyrex|Focus Sash\n|-damage|p2a: Calyrex|1\/100\n|\n|-weather|none\n|upkeep\n|turn|7\n|inactive|GalladeAggron has 90 seconds left.\n|\n|t:|1700921942\n|move|p2a: Calyrex|Psyshock|p1a: Arceus\n|-damage|p1a: Arceus|31\/100\n|move|p1a: Arceus|Shadow Claw|p2a: Calyrex\n|-supereffective|p2a: Calyrex\n|-damage|p2a: Calyrex|0 fnt\n|faint|p2a: Calyrex\n|\n|-heal|p1a: Arceus|37\/100|[from] item: Leftovers\n|upkeep\n|\n|t:|1700921949\n|switch|p2a: Arceus|Arceus, shiny|100\/100\n|turn|8\n|\n|t:|1700921955\n|move|p1a: Arceus|Taunt|p2a: Arceus\n|-start|p2a: Arceus|move: Taunt\n|cant|p2a: Arceus|move: Taunt|Swords Dance\n|\n|-heal|p1a: Arceus|43\/100|[from] item: Leftovers\n|upkeep\n|turn|9\n|\n|t:|1700921962\n|move|p2a: Arceus|Extreme Speed|p1a: Arceus\n|-damage|p1a: Arceus|12\/100\n|move|p1a: Arceus|Swords Dance|p1a: Arceus\n|-boost|p1a: Arceus|atk|2\n|\n|-heal|p1a: Arceus|18\/100|[from] item: Leftovers\n|upkeep\n|turn|10\n|\n|t:|1700921972\n|switch|p1a: Calyrex|Calyrex-Shadow|100\/100\n|-ability|p1a: Calyrex|As One\n|-ability|p1a: Calyrex|Unnerve\n|move|p2a: Arceus|Earthquake|p1a: Calyrex\n|-damage|p1a: Calyrex|55\/100\n|\n|-end|p2a: Arceus|move: Taunt\n|upkeep\n|turn|11\n|\n|t:|1700921990\n|move|p1a: Calyrex|Encore|p2a: Arceus\n|-start|p2a: Arceus|Encore\n|move|p2a: Arceus|Earthquake|p1a: Calyrex\n|-damage|p1a: Calyrex|9\/100\n|\n|upkeep\n|turn|12\n|\n|t:|1700922000\n|move|p1a: Calyrex|Grass Knot|p2a: Arceus\n|-damage|p2a: Arceus|65\/100\n|move|p2a: Arceus|Earthquake|p1a: Calyrex\n|-damage|p1a: Calyrex|0 fnt\n|faint|p1a: Calyrex\n|\n|-heal|p2a: Arceus|71\/100|[from] item: Leftovers\n|upkeep\n|\n|t:|1700922010\n|switch|p1a: Ting-Lu|Ting-Lu|100\/100\n|-ability|p1a: Ting-Lu|Vessel of Ruin\n|turn|13\n|\n|t:|1700922025\n|switch|p2a: Koraidon|Koraidon, tera:Steel|6\/100\n|-weather|SunnyDay|[from] ability: Orichalcum Pulse|[of] p2a: Koraidon\n|-activate|p2a: Koraidon|Orichalcum Pulse|[source]\n|move|p1a: Ting-Lu|Spikes|p2a: Koraidon\n|-sidestart|p2: AGarcube0701|Spikes\n|\n|-weather|SunnyDay|[upkeep]\n|upkeep\n|turn|14\n|\n|t:|1700922033\n|move|p2a: Koraidon|Collision Course|p1a: Ting-Lu\n|-supereffective|p1a: Ting-Lu\n|-damage|p1a: Ting-Lu|0 fnt\n|faint|p1a: Ting-Lu\n|\n|-weather|SunnyDay|[upkeep]\n|upkeep\n|\n|t:|1700922041\n|switch|p1a: Arceus|Arceus|18\/100\n|turn|15\n|\n|t:|1700922045\n|move|p1a: Arceus|Extreme Speed|p2a: Koraidon\n|-resisted|p2a: Koraidon\n|-damage|p2a: Koraidon|0 fnt\n|faint|p2a: Koraidon\n|\n|-weather|SunnyDay|[upkeep]\n|-heal|p1a: Arceus|24\/100|[from] item: Leftovers\n|upkeep\n|\n|t:|1700922047\n|switch|p2a: Arceus|Arceus, shiny|71\/100\n|-damage|p2a: Arceus|59\/100|[from] Spikes\n|turn|16\n|\n|t:|1700922057\n|switch|p1a: Zacian|Zacian-Crowned|100\/100\n|-ability|p1a: Zacian|Intrepid Sword|boost\n|-boost|p1a: Zacian|atk|1\n|move|p2a: Arceus|Extreme Speed|p1a: Zacian\n|-resisted|p1a: Zacian\n|-damage|p1a: Zacian|81\/100\n|\n|-weather|SunnyDay|[upkeep]\n|-heal|p2a: Arceus|65\/100|[from] item: Leftovers\n|upkeep\n|turn|17\n|\n|t:|1700922071\n|switch|p2a: Toxapex|Toxapex, M, shiny|100\/100\n|-damage|p2a: Toxapex|88\/100|[from] Spikes\n|move|p1a: Zacian|Behemoth Blade|p2a: Toxapex\n|-resisted|p2a: Toxapex\n|-damage|p2a: Toxapex|62\/100\n|\n|-weather|none\n|-heal|p2a: Toxapex|68\/100|[from] item: Leftovers\n|upkeep\n|turn|18\n|\n|t:|1700922082\n|move|p1a: Zacian|Wild Charge|p2a: Toxapex\n|-supereffective|p2a: Toxapex\n|-damage|p2a: Toxapex|8\/100\n|-damage|p1a: Zacian|67\/100|[from] Recoil\n|move|p2a: Toxapex|Haze|p2a: Toxapex\n|-clearallboost\n|\n|-heal|p2a: Toxapex|14\/100|[from] item: Leftovers\n|upkeep\n|turn|19\n|\n|t:|1700922093\n|switch|p2a: Ting-Lu|Ting-Lu|100\/100\n|-damage|p2a: Ting-Lu|88\/100|[from] Spikes\n|-ability|p2a: Ting-Lu|Vessel of Ruin\n|move|p1a: Zacian|Swords Dance|p1a: Zacian\n|-boost|p1a: Zacian|atk|2\n|\n|-heal|p2a: Ting-Lu|94\/100|[from] item: Leftovers\n|upkeep\n|turn|20\n|\n|t:|1700922104\n|move|p1a: Zacian|Play Rough|p2a: Ting-Lu\n|-supereffective|p2a: Ting-Lu\n|-damage|p2a: Ting-Lu|0 fnt\n|faint|p2a: Ting-Lu\n|\n|upkeep\n|\n|t:|1700922113\n|switch|p2a: Toxapex|Toxapex, M, shiny|47\/100\n|-damage|p2a: Toxapex|35\/100|[from] Spikes\n|turn|21\n|\n|t:|1700922119\n|move|p1a: Zacian|Behemoth Blade|p2a: Toxapex\n|-resisted|p2a: Toxapex\n|-damage|p2a: Toxapex|0 fnt\n|faint|p2a: Toxapex\n|\n|upkeep\n|\n|t:|1700922125\n|switch|p2a: Arceus|Arceus, shiny|65\/100\n|-damage|p2a: Arceus|53\/100|[from] Spikes\n|turn|22\n|\n|t:|1700922133\n|move|p1a: Zacian|Behemoth Blade|p2a: Arceus\n|-damage|p2a: Arceus|0 fnt\n|faint|p2a: Arceus\n|\n|win|GalladeAggron\n|raw|GalladeAggron's rating: 1376 &rarr; <strong>1394<\/strong><br \/>(+18 for winning)\n|raw|AGarcube0701's rating: 1333 &rarr; <strong>1315<\/strong><br \/>(-18 for losing)\n|l|\u2606AGarcube0701\n","uploadtime":1700922140,"views":0,"p1id":"galladeaggron","p2id":"agarcube0701","formatid":"gen9anythinggoes","rating":1315,"private":0,"password":""}