{"id":"gen9anythinggoes-1977798340","p1":"godnotagain6","p2":"Necrovitor","format":"[Gen 9] Anything Goes","log":"|j|\u2606godnotagain6\n|j|\u2606Necrovitor\n|t:|1698450913\n|gametype|singles\n|player|p1|godnotagain6|2|1115\n|player|p2|Necrovitor|266|1053\n|teamsize|p1|6\n|teamsize|p2|6\n|gen|9\n|tier|[Gen 9] Anything Goes\n|rated|\n|rule|HP Percentage Mod: HP is shown in percentages\n|rule|Endless Battle Clause: Forcing endless battles is banned\n|clearpoke\n|poke|p1|Skeledirge, M|\n|poke|p1|Garganacl, F|\n|poke|p1|Kilowattrel, M|\n|poke|p1|Flutter Mane|\n|poke|p1|Ogerpon-Hearthflame, F|\n|poke|p1|Great Tusk|\n|poke|p2|Garganacl, M|\n|poke|p2|Glimmora, F|\n|poke|p2|Gholdengo|\n|poke|p2|Enamorus-Therian, F|\n|poke|p2|Kingambit, M|\n|poke|p2|Krookodile, F|\n|teampreview\n|\n|t:|1698450920\n|start\n|switch|p1a: Kilowattrel|Kilowattrel, M|100\/100\n|switch|p2a: Glimmora|Glimmora, F, shiny|100\/100\n|turn|1\n|\n|t:|1698450928\n|move|p1a: Kilowattrel|Thunderbolt|p2a: Glimmora\n|-damage|p2a: Glimmora|50\/100\n|move|p2a: Glimmora|Stealth Rock|p1a: Kilowattrel\n|-sidestart|p1: godnotagain6|move: Stealth Rock\n|\n|-heal|p2a: Glimmora|56\/100|[from] item: Black Sludge\n|upkeep\n|turn|2\n|inactive|Battle timer is ON: inactive players will automatically lose when time's up. (requested by godnotagain6)\n|\n|t:|1698450938\n|move|p2a: Glimmora|Spiky Shield|p2a: Glimmora\n|-singleturn|p2a: Glimmora|move: Protect\n|move|p1a: Kilowattrel|Thunderbolt|p2a: Glimmora\n|-activate|p2a: Glimmora|move: Protect\n|\n|-heal|p2a: Glimmora|62\/100|[from] item: Black Sludge\n|upkeep\n|turn|3\n|\n|t:|1698450947\n|move|p1a: Kilowattrel|Thunderbolt|p2a: Glimmora\n|-damage|p2a: Glimmora|5\/100\n|move|p2a: Glimmora|Power Gem|p1a: Kilowattrel\n|-supereffective|p1a: Kilowattrel\n|-damage|p1a: Kilowattrel|0 fnt\n|faint|p1a: Kilowattrel\n|\n|-heal|p2a: Glimmora|12\/100|[from] item: Black Sludge\n|upkeep\n|\n|t:|1698450954\n|switch|p1a: Great Tusk|Great Tusk|100\/100\n|turn|4\n|\n|t:|1698450958\n|move|p2a: Glimmora|Spiky Shield|p2a: Glimmora\n|-singleturn|p2a: Glimmora|move: Protect\n|move|p1a: Great Tusk|Rapid Spin|p2a: Glimmora\n|-activate|p2a: Glimmora|move: Protect\n|-damage|p1a: Great Tusk|88\/100|[from] Spiky Shield|[of] p2a: Glimmora\n|\n|-heal|p2a: Glimmora|18\/100|[from] item: Black Sludge\n|upkeep\n|turn|5\n|\n|t:|1698450966\n|switch|p2a: Gholdengo|Gholdengo|100\/100\n|move|p1a: Great Tusk|Knock Off|p2a: Gholdengo\n|-supereffective|p2a: Gholdengo\n|-damage|p2a: Gholdengo|27\/100\n|-enditem|p2a: Gholdengo|Bright Powder|[from] move: Knock Off|[of] p1a: Great Tusk\n|\n|upkeep\n|turn|6\n|\n|t:|1698450985\n|switch|p2a: Enamorus|Enamorus-Therian, F, shiny|100\/100\n|move|p1a: Great Tusk|Earthquake|p2a: Enamorus\n|-immune|p2a: Enamorus\n|\n|upkeep\n|turn|7\n|\n|t:|1698450993\n|move|p1a: Great Tusk|Rapid Spin|p2a: Enamorus\n|-damage|p2a: Enamorus|86\/100\n|-boost|p1a: Great Tusk|spe|1\n|-sideend|p1: godnotagain6|Stealth Rock|[from] move: Rapid Spin|[of] p1a: Great Tusk\n|move|p2a: Enamorus|Draining Kiss|p1a: Great Tusk\n|-supereffective|p1a: Great Tusk\n|-damage|p1a: Great Tusk|20\/100\n|-heal|p2a: Enamorus|100\/100|[from] drain|[of] p1a: Great Tusk\n|\n|upkeep\n|turn|8\n|\n|t:|1698451006\n|-end|p1a: Great Tusk|Protosynthesis|[silent]\n|switch|p1a: Skeledirge|Skeledirge, M, shiny|100\/100\n|move|p2a: Enamorus|Tailwind|p2a: Enamorus\n|-sidestart|p2: Necrovitor|move: Tailwind\n|\n|upkeep\n|turn|9\n|\n|t:|1698451021\n|move|p2a: Enamorus|Earth Power|p1a: Skeledirge\n|-supereffective|p1a: Skeledirge\n|-damage|p1a: Skeledirge|62\/100\n|move|p1a: Skeledirge|Torch Song|p2a: Enamorus\n|-damage|p2a: Enamorus|77\/100\n|-boost|p1a: Skeledirge|spa|1\n|\n|-heal|p1a: Skeledirge|68\/100|[from] item: Leftovers\n|upkeep\n|turn|10\n|\n|t:|1698451036\n|switch|p1a: Great Tusk|Great Tusk|20\/100\n|move|p2a: Enamorus|Earth Power|p1a: Great Tusk\n|-damage|p1a: Great Tusk|0 fnt\n|faint|p1a: Great Tusk\n|-end|p1a: Great Tusk|Protosynthesis|[silent]\n|\n|upkeep\n|\n|t:|1698451038\n|switch|p1a: Flutter Mane|Flutter Mane|100\/100\n|-enditem|p1a: Flutter Mane|Booster Energy\n|-activate|p1a: Flutter Mane|ability: Protosynthesis|[fromitem]\n|-start|p1a: Flutter Mane|protosynthesisspe\n|turn|11\n|\n|t:|1698451057\n|move|p1a: Flutter Mane|Calm Mind|p1a: Flutter Mane\n|-boost|p1a: Flutter Mane|spa|1\n|-boost|p1a: Flutter Mane|spd|1\n|move|p2a: Enamorus|Mystical Fire|p1a: Flutter Mane\n|-damage|p1a: Flutter Mane|86\/100\n|-unboost|p1a: Flutter Mane|spa|1\n|\n|-sideend|p2: Necrovitor|move: Tailwind\n|upkeep\n|turn|12\n|\n|t:|1698451067\n|move|p1a: Flutter Mane|Calm Mind|p1a: Flutter Mane\n|-boost|p1a: Flutter Mane|spa|1\n|-boost|p1a: Flutter Mane|spd|1\n|move|p2a: Enamorus|Tailwind|p2a: Enamorus\n|-sidestart|p2: Necrovitor|move: Tailwind\n|\n|upkeep\n|turn|13\n|\n|t:|1698451074\n|move|p1a: Flutter Mane|Moonblast|p2a: Enamorus\n|-damage|p2a: Enamorus|9\/100\n|move|p2a: Enamorus|Mystical Fire|p1a: Flutter Mane\n|-damage|p1a: Flutter Mane|73\/100\n|-unboost|p1a: Flutter Mane|spa|1\n|\n|upkeep\n|turn|14\n|\n|t:|1698451090\n|move|p1a: Flutter Mane|Calm Mind|p1a: Flutter Mane\n|-boost|p1a: Flutter Mane|spa|1\n|-boost|p1a: Flutter Mane|spd|1\n|move|p2a: Enamorus|Mystical Fire|p1a: Flutter Mane\n|-damage|p1a: Flutter Mane|63\/100\n|-unboost|p1a: Flutter Mane|spa|1\n|\n|upkeep\n|turn|15\n|\n|t:|1698451098\n|move|p1a: Flutter Mane|Shadow Ball|p2a: Enamorus\n|-damage|p2a: Enamorus|0 fnt\n|faint|p2a: Enamorus\n|\n|-sideend|p2: Necrovitor|move: Tailwind\n|upkeep\n|\n|t:|1698451108\n|switch|p2a: Kingambit|Kingambit, M, shiny|100\/100\n|-activate|p2a: Kingambit|ability: Supreme Overlord\n|-start|p2a: Kingambit|fallen1|[silent]\n|turn|16\n|\n|t:|1698451114\n|move|p1a: Flutter Mane|Moonblast|p2a: Kingambit\n|-damage|p2a: Kingambit|74\/100\n|move|p2a: Kingambit|Iron Head|p1a: Flutter Mane\n|-supereffective|p1a: Flutter Mane\n|-damage|p1a: Flutter Mane|0 fnt\n|faint|p1a: Flutter Mane\n|-end|p1a: Flutter Mane|Protosynthesis|[silent]\n|\n|upkeep\n|\n|t:|1698451118\n|switch|p1a: Ogerpon|Ogerpon-Hearthflame, F|100\/100\n|-ability|p1a: Ogerpon|Mold Breaker\n|turn|17\n|\n|t:|1698451129\n|move|p1a: Ogerpon|Ivy Cudgel|p2a: Kingambit\n|-supereffective|p2a: Kingambit\n|-damage|p2a: Kingambit|0 fnt\n|faint|p2a: Kingambit\n|-end|p2a: Kingambit|fallen1|[silent]\n|\n|upkeep\n|\n|t:|1698451137\n|switch|p2a: Garganacl|Garganacl, M, shiny|100\/100\n|turn|18\n|\n|t:|1698451146\n|-terastallize|p2a: Garganacl|Ghost\n|move|p1a: Ogerpon|Swords Dance|p1a: Ogerpon\n|-boost|p1a: Ogerpon|atk|2\n|move|p2a: Garganacl|Curse|p1a: Ogerpon\n|-start|p1a: Ogerpon|Curse|[of] p2a: Garganacl\n|-damage|p2a: Garganacl|50\/100\n|\n|-heal|p2a: Garganacl|57\/100|[from] item: Leftovers\n|-damage|p1a: Ogerpon|76\/100|[from] Curse\n|upkeep\n|turn|19\n|\n|t:|1698451160\n|move|p1a: Ogerpon|Knock Off|p2a: Garganacl\n|-supereffective|p2a: Garganacl\n|-damage|p2a: Garganacl|0 fnt\n|-enditem|p2a: Garganacl|Leftovers|[from] move: Knock Off|[of] p1a: Ogerpon\n|faint|p2a: Garganacl\n|\n|-damage|p1a: Ogerpon|51\/100|[from] Curse\n|upkeep\n|\n|t:|1698451171\n|switch|p2a: Glimmora|Glimmora, F, shiny|18\/100\n|turn|20\n|\n|t:|1698451175\n|move|p2a: Glimmora|Spiky Shield|p2a: Glimmora\n|-singleturn|p2a: Glimmora|move: Protect\n|move|p1a: Ogerpon|Ivy Cudgel|p2a: Glimmora\n|-activate|p2a: Glimmora|move: Protect\n|\n|-heal|p2a: Glimmora|24\/100|[from] item: Black Sludge\n|-damage|p1a: Ogerpon|26\/100|[from] Curse\n|upkeep\n|turn|21\n|\n|t:|1698451185\n|move|p1a: Ogerpon|Ivy Cudgel|p2a: Glimmora\n|-resisted|p2a: Glimmora\n|-damage|p2a: Glimmora|0 fnt\n|-activate|p2a: Glimmora|ability: Toxic Debris\n|-sidestart|p1: godnotagain6|move: Toxic Spikes\n|faint|p2a: Glimmora\n|\n|-damage|p1a: Ogerpon|1\/100|[from] Curse\n|upkeep\n|\n|t:|1698451195\n|switch|p2a: Gholdengo|Gholdengo|27\/100\n|turn|22\n|\n|t:|1698451202\n|move|p1a: Ogerpon|Ivy Cudgel|p2a: Gholdengo\n|-supereffective|p2a: Gholdengo\n|-damage|p2a: Gholdengo|0 fnt\n|faint|p2a: Gholdengo\n|\n|-damage|p1a: Ogerpon|0 fnt|[from] Curse\n|faint|p1a: Ogerpon\n|upkeep\n|\n|t:|1698451208\n|switch|p1a: Garganacl|Garganacl, F, shiny|100\/100\n|switch|p2a: Krookodile|Krookodile, F, shiny|100\/100\n|turn|23\n|\n|t:|1698451220\n|-terastallize|p1a: Garganacl|Water\n|move|p2a: Krookodile|Knock Off|p1a: Garganacl\n|-damage|p1a: Garganacl|65\/100\n|-enditem|p1a: Garganacl|Leftovers|[from] move: Knock Off|[of] p2a: Krookodile\n|-damage|p2a: Krookodile|91\/100|[from] item: Life Orb\n|move|p1a: Garganacl|Iron Defense|p1a: Garganacl\n|-boost|p1a: Garganacl|def|2\n|\n|upkeep\n|turn|24\n|\n|t:|1698451234\n|move|p2a: Krookodile|Knock Off|p1a: Garganacl\n|-damage|p1a: Garganacl|52\/100\n|-damage|p2a: Krookodile|81\/100|[from] item: Life Orb\n|move|p1a: Garganacl|Body Press|p2a: Krookodile\n|-supereffective|p2a: Krookodile\n|-damage|p2a: Krookodile|0 fnt\n|faint|p2a: Krookodile\n|\n|win|godnotagain6\n|raw|godnotagain6's rating: 1138 &rarr; <strong>1157<\/strong><br \/>(+19 for winning)\n|raw|Necrovitor's rating: 1053 &rarr; <strong>1039<\/strong><br \/>(-14 for losing)\n","uploadtime":1698451260,"views":9,"p1id":"godnotagain6","p2id":"necrovitor","formatid":"gen9anythinggoes","rating":1039,"private":0,"password":""}