{"id":"gen9anythinggoes-2000320001","p1":"Joeghondeez","p2":"Mikey McCabe","format":"[Gen 9] Anything Goes","log":"|j|\u2606Joeghondeez\n|j|\u2606Mikey McCabe\n|t:|1701184643\n|gametype|singles\n|player|p1|Joeghondeez|fisherman-gen4|1081\n|player|p2|Mikey McCabe|palmer|1033\n|teamsize|p1|6\n|teamsize|p2|6\n|gen|9\n|tier|[Gen 9] Anything Goes\n|rated|\n|rule|HP Percentage Mod: HP is shown in percentages\n|rule|Endless Battle Clause: Forcing endless battles is banned\n|clearpoke\n|poke|p1|Darkrai|\n|poke|p1|Hatterene, F|\n|poke|p1|Dialga-Origin|\n|poke|p1|Annihilape, F|\n|poke|p1|Ninetales-Alola, M|\n|poke|p1|Camerupt, F|\n|poke|p2|Gallade, M|\n|poke|p2|Dialga|\n|poke|p2|Palkia|\n|poke|p2|Giratina|\n|poke|p2|Mewtwo|\n|poke|p2|Miraidon|\n|teampreview\n|c|\u2606Joeghondeez|hi, how are you?\n|c|\u2606Joeghondeez|Bonjour, ca va?\n|inactive|Battle timer is ON: inactive players will automatically lose when time's up. (requested by Joeghondeez)\n|inactive|Mikey McCabe has 120 seconds left.\n|inactive|Mikey McCabe has 90 seconds left.\n|inactive|Mikey McCabe has 60 seconds left.\n|\n|t:|1701184771\n|start\n|switch|p1a: Hatterene|Hatterene, F|100\/100\n|switch|p2a: Miraidon|Miraidon|100\/100\n|-fieldstart|move: Electric Terrain|[from] ability: Hadron Engine|[of] p2a: Miraidon\n|turn|1\n|\n|t:|1701184792\n|move|p2a: Miraidon|Electro Drift|p1a: Hatterene\n|-damage|p1a: Hatterene|0 fnt\n|faint|p1a: Hatterene\n|\n|upkeep\n|\n|t:|1701184807\n|switch|p1a: Darkrai|Darkrai|100\/100\n|turn|2\n|inactive|Joeghondeez has 120 seconds left.\n|\n|t:|1701184824\n|move|p2a: Miraidon|Electro Drift|p1a: Darkrai\n|-damage|p1a: Darkrai|0 fnt\n|faint|p1a: Darkrai\n|\n|upkeep\n|inactive|Joeghondeez has 120 seconds left.\n|c|\u2606Joeghondeez|wow, this sucks dick\n|\n|t:|1701184849\n|switch|p1a: Camerupt|Camerupt, F|100\/100\n|turn|3\n|\n|t:|1701184858\n|move|p2a: Miraidon|Electro Drift|p1a: Camerupt\n|-immune|p1a: Camerupt\n|move|p1a: Camerupt|Earthquake|p2a: Miraidon\n|-supereffective|p2a: Miraidon\n|-damage|p2a: Miraidon|3\/100\n|\n|upkeep\n|turn|4\n|inactive|Joeghondeez has 90 seconds left.\n|\n|t:|1701184892\n|switch|p2a: Dialga|Dialga|100\/100\n|-ability|p2a: Dialga|Pressure\n|move|p1a: Camerupt|Earthquake|p2a: Dialga\n|-supereffective|p2a: Dialga\n|-damage|p2a: Dialga|21\/100\n|\n|upkeep\n|turn|5\n|inactive|Joeghondeez has 90 seconds left.\n|\n|t:|1701184901\n|move|p2a: Dialga|Dragon Claw|p1a: Camerupt\n|-damage|p1a: Camerupt|51\/100\n|move|p1a: Camerupt|Earthquake|p2a: Dialga\n|-supereffective|p2a: Dialga\n|-crit|p2a: Dialga\n|-damage|p2a: Dialga|0 fnt\n|faint|p2a: Dialga\n|\n|-heal|p1a: Camerupt|57\/100|[from] item: Leftovers\n|-fieldend|move: Electric Terrain\n|upkeep\n|\n|t:|1701184906\n|switch|p2a: Palkia|Palkia|100\/100\n|-ability|p2a: Palkia|Pressure\n|turn|6\n|\n|t:|1701184920\n|switch|p1a: Ninetales|Ninetales-Alola, M|100\/100\n|-weather|Snow|[from] ability: Snow Warning|[of] p1a: Ninetales\n|move|p2a: Palkia|Chilling Water|p1a: Ninetales\n|-damage|p1a: Ninetales|64\/100\n|-unboost|p1a: Ninetales|atk|1\n|\n|-weather|Snow|[upkeep]\n|upkeep\n|turn|7\n|\n|t:|1701184932\n|move|p2a: Palkia|Dragon Pulse|p1a: Ninetales\n|-immune|p1a: Ninetales\n|move|p1a: Ninetales|Blizzard|p2a: Palkia\n|-damage|p2a: Palkia|74\/100\n|\n|-weather|Snow|[upkeep]\n|upkeep\n|turn|8\n|\n|t:|1701184942\n|move|p2a: Palkia|Chilling Water|p1a: Ninetales\n|-damage|p1a: Ninetales|27\/100\n|-unboost|p1a: Ninetales|atk|1\n|move|p1a: Ninetales|Blizzard|p2a: Palkia\n|-damage|p2a: Palkia|46\/100\n|\n|-weather|Snow|[upkeep]\n|upkeep\n|turn|9\n|\n|t:|1701184961\n|move|p2a: Palkia|Chilling Water|p1a: Ninetales|[miss]\n|-miss|p2a: Palkia|p1a: Ninetales\n|move|p1a: Ninetales|Draining Kiss|p2a: Palkia\n|-supereffective|p2a: Palkia\n|-damage|p2a: Palkia|20\/100\n|-heal|p1a: Ninetales|45\/100|[from] drain|[of] p2a: Palkia\n|\n|-weather|Snow|[upkeep]\n|upkeep\n|turn|10\n|\n|t:|1701184968\n|move|p2a: Palkia|Chilling Water|p1a: Ninetales\n|-damage|p1a: Ninetales|11\/100\n|-unboost|p1a: Ninetales|atk|1\n|move|p1a: Ninetales|Draining Kiss|p2a: Palkia\n|-supereffective|p2a: Palkia\n|-damage|p2a: Palkia|0 fnt\n|-heal|p1a: Ninetales|24\/100|[from] drain|[of] p2a: Palkia\n|faint|p2a: Palkia\n|\n|-weather|none\n|upkeep\n|\n|t:|1701184973\n|switch|p2a: Gallade|Gallade, M|100\/100\n|turn|11\n|inactive|Joeghondeez has 90 seconds left.\n|inactive|Joeghondeez has 60 seconds left.\n|\n|t:|1701185031\n|move|p2a: Gallade|Aura Sphere|p1a: Ninetales\n|-damage|p1a: Ninetales|0 fnt\n|faint|p1a: Ninetales\n|\n|upkeep\n|inactive|Joeghondeez has 60 seconds left.\n|\n|t:|1701185065\n|switch|p1a: Dialga|Dialga-Origin|100\/100\n|-ability|p1a: Dialga|Pressure\n|turn|12\n|inactive|Joeghondeez has 30 seconds left.\n|\n|t:|1701185087\n|move|p2a: Gallade|Psybeam|p1a: Dialga\n|-resisted|p1a: Dialga\n|-damage|p1a: Dialga|91\/100\n|move|p1a: Dialga|Draco Meteor|p2a: Gallade\n|-damage|p2a: Gallade|0 fnt\n|-unboost|p1a: Dialga|spa|2\n|faint|p2a: Gallade\n|\n|upkeep\n|inactive|Joeghondeez has 30 seconds left this turn.\n|\n|t:|1701185091\n|switch|p2a: Giratina|Giratina|100\/100\n|-ability|p2a: Giratina|Pressure\n|turn|13\n|inactive|Joeghondeez has 30 seconds left.\n|inactive|Joeghondeez has 20 seconds left.\n|inactive|Joeghondeez has 15 seconds left.\n|inactive|Joeghondeez has 10 seconds left.\n|\n|t:|1701185124\n|move|p1a: Dialga|Iron Head|p2a: Giratina\n|-damage|p2a: Giratina|76\/100\n|cant|p2a: Giratina|flinch\n|\n|upkeep\n|turn|14\n|inactive|Joeghondeez has 20 seconds left this turn.\n|inactive|Joeghondeez has 15 seconds left.\n|inactive|Joeghondeez has 10 seconds left.\n|inactive|Joeghondeez has 5 seconds left.\n|\n|t:|1701185143\n|move|p1a: Dialga|Iron Head|p2a: Giratina\n|-damage|p2a: Giratina|50\/100\n|cant|p2a: Giratina|flinch\n|\n|upkeep\n|turn|15\n|inactive|Joeghondeez has 15 seconds left this turn.\n|inactiveoff|Battle timer is now OFF.\n|\n|t:|1701185149\n|move|p1a: Dialga|Iron Head|p2a: Giratina\n|-damage|p2a: Giratina|27\/100\n|cant|p2a: Giratina|flinch\n|\n|upkeep\n|turn|16\n|\n|t:|1701185193\n|switch|p2a: Miraidon|Miraidon|3\/100\n|-fieldstart|move: Electric Terrain|[from] ability: Hadron Engine|[of] p2a: Miraidon\n|move|p1a: Dialga|Iron Tail|p2a: Miraidon\n|-resisted|p2a: Miraidon\n|-damage|p2a: Miraidon|0 fnt\n|faint|p2a: Miraidon\n|\n|upkeep\n|\n|t:|1701185197\n|switch|p2a: Mewtwo|Mewtwo|100\/100\n|-ability|p2a: Mewtwo|Pressure\n|turn|17\n|\n|t:|1701185218\n|move|p2a: Mewtwo|Aura Sphere|p1a: Dialga\n|-supereffective|p1a: Dialga\n|-damage|p1a: Dialga|35\/100\n|move|p1a: Dialga|Draco Meteor|p2a: Mewtwo\n|-damage|p2a: Mewtwo|49\/100\n|-unboost|p1a: Dialga|spa|2\n|\n|upkeep\n|turn|18\n|\n|t:|1701185237\n|move|p2a: Mewtwo|Aura Sphere|p1a: Dialga\n|-supereffective|p1a: Dialga\n|-damage|p1a: Dialga|0 fnt\n|faint|p1a: Dialga\n|\n|upkeep\n|\n|t:|1701185262\n|switch|p1a: Annihilape|Annihilape, F|100\/100\n|turn|19\n|\n|t:|1701185297\n|move|p2a: Mewtwo|Aura Sphere|p1a: Annihilape\n|-immune|p1a: Annihilape\n|move|p1a: Annihilape|Close Combat|p2a: Mewtwo\n|-resisted|p2a: Mewtwo\n|-damage|p2a: Mewtwo|7\/100\n|-unboost|p1a: Annihilape|def|1\n|-unboost|p1a: Annihilape|spd|1\n|\n|upkeep\n|turn|20\n|\n|t:|1701185337\n|move|p2a: Mewtwo|Psyshock|p1a: Annihilape\n|-supereffective|p1a: Annihilape\n|-damage|p1a: Annihilape|0 fnt\n|faint|p1a: Annihilape\n|\n|-fieldend|move: Electric Terrain\n|upkeep\n|\n|t:|1701185412\n|switch|p1a: Camerupt|Camerupt, F|57\/100\n|turn|21\n|\n|t:|1701185446\n|move|p2a: Mewtwo|Aura Sphere|p1a: Camerupt\n|-damage|p1a: Camerupt|19\/100\n|move|p1a: Camerupt|Earthquake|p2a: Mewtwo\n|-crit|p2a: Mewtwo\n|-damage|p2a: Mewtwo|0 fnt\n|faint|p2a: Mewtwo\n|\n|-heal|p1a: Camerupt|25\/100|[from] item: Leftovers\n|upkeep\n|\n|t:|1701185449\n|switch|p2a: Giratina|Giratina|27\/100\n|-ability|p2a: Giratina|Pressure\n|turn|22\n|\n|t:|1701185500\n|-terastallize|p1a: Camerupt|Fire\n|move|p2a: Giratina|Dragon Pulse|p1a: Camerupt\n|-damage|p1a: Camerupt|0 fnt\n|faint|p1a: Camerupt\n|\n|win|Mikey McCabe\n|raw|Joeghondeez's rating: 1081 &rarr; <strong>1056<\/strong><br \/>(-25 for losing)\n|raw|Mikey McCabe's rating: 1033 &rarr; <strong>1073<\/strong><br \/>(+40 for winning)\n","uploadtime":1701184846,"views":0,"p1id":"joeghondeez","p2id":"mikeymccabe","formatid":"gen9anythinggoes","rating":1056,"private":0,"password":""}