{"id":"gen9anythinggoes-1988776734","p1":"YoungEsq","p2":"Nettle3","format":"[Gen 9] Anything Goes","log":"|j|\u2606YoungEsq\n|j|\u2606Nettle3\n|t:|1699761716\n|gametype|singles\n|player|p1|YoungEsq|102|1356\n|player|p2|Nettle3|battlegirl|1362\n|teamsize|p1|6\n|teamsize|p2|6\n|gen|9\n|tier|[Gen 9] Anything Goes\n|rated|\n|rule|HP Percentage Mod: HP is shown in percentages\n|rule|Endless Battle Clause: Forcing endless battles is banned\n|clearpoke\n|poke|p1|Ting-Lu|\n|poke|p1|Gholdengo|\n|poke|p1|Roaring Moon|\n|poke|p1|Chi-Yu|\n|poke|p1|Samurott-Hisui, F|\n|poke|p1|Mandibuzz, F|\n|poke|p2|Ceruledge, F|\n|poke|p2|Grafaiai, M|\n|poke|p2|Oricorio-Pom-Pom, F|\n|poke|p2|Quagsire, M|\n|poke|p2|Mudsdale, M|\n|poke|p2|Espeon, M|\n|teampreview\n|inactive|Battle timer is ON: inactive players will automatically lose when time's up. (requested by YoungEsq)\n|\n|t:|1699761725\n|start\n|switch|p1a: Ting-Lu|Ting-Lu|100\/100\n|switch|p2a: Horse|Mudsdale, M, shiny|100\/100\n|-ability|p1a: Ting-Lu|Vessel of Ruin\n|turn|1\n|\n|t:|1699761735\n|move|p1a: Ting-Lu|Stealth Rock|p2a: Horse\n|-sidestart|p2: Nettle3|move: Stealth Rock\n|move|p2a: Horse|Stealth Rock|p1a: Ting-Lu\n|-sidestart|p1: YoungEsq|move: Stealth Rock\n|\n|upkeep\n|turn|2\n|\n|t:|1699761740\n|move|p2a: Horse|Protect|p2a: Horse\n|-singleturn|p2a: Horse|Protect\n|move|p1a: Ting-Lu|Whirlwind|p2a: Horse\n|drag|p2a: Orei|Oricorio-Pom-Pom, F, shiny|100\/100\n|-damage|p2a: Orei|76\/100|[from] Stealth Rock\n|\n|upkeep\n|turn|3\n|\n|t:|1699761751\n|move|p2a: Orei|Defog|p1a: Ting-Lu\n|-unboost|p1a: Ting-Lu|evasion|1\n|-sideend|p1: YoungEsq|Stealth Rock|[from] move: Defog|[of] p2a: Orei\n|-sideend|p2: Nettle3|Stealth Rock|[from] move: Defog|[of] p2a: Orei\n|move|p1a: Ting-Lu|Ruination|p2a: Orei\n|-damage|p2a: Orei|38\/100\n|\n|upkeep\n|turn|4\n|\n|t:|1699761758\n|move|p2a: Orei|Roost|p2a: Orei\n|-heal|p2a: Orei|88\/100\n|-singleturn|p2a: Orei|move: Roost\n|move|p1a: Ting-Lu|Ruination|p2a: Orei\n|-damage|p2a: Orei|44\/100\n|\n|upkeep\n|turn|5\n|\n|t:|1699761777\n|move|p2a: Orei|Roost|p2a: Orei\n|-heal|p2a: Orei|94\/100\n|-singleturn|p2a: Orei|move: Roost\n|move|p1a: Ting-Lu|Earthquake|p2a: Orei\n|-supereffective|p2a: Orei\n|-damage|p2a: Orei|31\/100\n|\n|upkeep\n|turn|6\n|\n|t:|1699761794\n|switch|p2a: Horse|Mudsdale, M, shiny|100\/100\n|move|p1a: Ting-Lu|Ruination|p2a: Horse\n|-damage|p2a: Horse|50\/100\n|-ability|p2a: Horse|Stamina|boost\n|-boost|p2a: Horse|def|1\n|\n|-heal|p2a: Horse|57\/100|[from] item: Leftovers\n|upkeep\n|turn|7\n|\n|t:|1699761806\n|move|p2a: Horse|Body Press|p1a: Ting-Lu\n|-supereffective|p1a: Ting-Lu\n|-damage|p1a: Ting-Lu|58\/100\n|move|p1a: Ting-Lu|Whirlwind|p2a: Horse\n|drag|p2a: Sord|Ceruledge, F|100\/100\n|\n|-heal|p1a: Ting-Lu|65\/100|[from] item: Leftovers\n|upkeep\n|turn|8\n|\n|t:|1699761820\n|switch|p2a: Orei|Oricorio-Pom-Pom, F, shiny|31\/100\n|move|p1a: Ting-Lu|Ruination|p2a: Orei\n|-damage|p2a: Orei|16\/100\n|\n|-heal|p1a: Ting-Lu|71\/100|[from] item: Leftovers\n|upkeep\n|turn|9\n|\n|t:|1699761832\n|move|p2a: Orei|Quiver Dance|p2a: Orei\n|-boost|p2a: Orei|spa|1\n|-boost|p2a: Orei|spd|1\n|-boost|p2a: Orei|spe|1\n|move|p1a: Ting-Lu|Earthquake|p2a: Orei\n|-immune|p2a: Orei\n|\n|-heal|p1a: Ting-Lu|77\/100|[from] item: Leftovers\n|upkeep\n|turn|10\n|\n|t:|1699761837\n|move|p2a: Orei|Quiver Dance|p2a: Orei\n|-boost|p2a: Orei|spa|1\n|-boost|p2a: Orei|spd|1\n|-boost|p2a: Orei|spe|1\n|move|p1a: Ting-Lu|Earthquake|p2a: Orei\n|-immune|p2a: Orei\n|\n|-heal|p1a: Ting-Lu|83\/100|[from] item: Leftovers\n|upkeep\n|turn|11\n|\n|t:|1699761842\n|move|p2a: Orei|Quiver Dance|p2a: Orei\n|-boost|p2a: Orei|spa|1\n|-boost|p2a: Orei|spd|1\n|-boost|p2a: Orei|spe|1\n|move|p1a: Ting-Lu|Ruination|p2a: Orei\n|-damage|p2a: Orei|8\/100\n|\n|-heal|p1a: Ting-Lu|90\/100|[from] item: Leftovers\n|upkeep\n|turn|12\n|\n|t:|1699761848\n|move|p2a: Orei|Quiver Dance|p2a: Orei\n|-boost|p2a: Orei|spa|1\n|-boost|p2a: Orei|spd|1\n|-boost|p2a: Orei|spe|1\n|move|p1a: Ting-Lu|Earthquake|p2a: Orei\n|-immune|p2a: Orei\n|\n|-heal|p1a: Ting-Lu|96\/100|[from] item: Leftovers\n|upkeep\n|turn|13\n|\n|t:|1699761856\n|-terastallize|p2a: Orei|Flying\n|move|p2a: Orei|Revelation Dance|p1a: Ting-Lu\n|-damage|p1a: Ting-Lu|34\/100\n|move|p1a: Ting-Lu|Ruination|p2a: Orei|[miss]\n|-miss|p1a: Ting-Lu|p2a: Orei\n|\n|-heal|p1a: Ting-Lu|41\/100|[from] item: Leftovers\n|upkeep\n|turn|14\n|\n|t:|1699761867\n|move|p2a: Orei|Revelation Dance|p1a: Ting-Lu\n|-damage|p1a: Ting-Lu|0 fnt\n|faint|p1a: Ting-Lu\n|\n|upkeep\n|\n|t:|1699761871\n|switch|p1a: Samurott|Samurott-Hisui, F|100\/100\n|turn|15\n|\n|t:|1699761879\n|move|p1a: Samurott|Aqua Jet|p2a: Orei\n|-damage|p2a: Orei|0 fnt\n|faint|p2a: Orei\n|\n|upkeep\n|\n|t:|1699761894\n|switch|p2a: Horse|Mudsdale, M, shiny|57\/100\n|turn|16\n|\n|t:|1699761897\n|move|p1a: Samurott|Razor Shell|p2a: Horse\n|-supereffective|p2a: Horse\n|-damage|p2a: Horse|0 fnt\n|faint|p2a: Horse\n|\n|upkeep\n|\n|t:|1699761911\n|switch|p2a: The Sire|Quagsire, M|100\/100\n|turn|17\n|\n|t:|1699761917\n|move|p1a: Samurott|Ceaseless Edge|p2a: The Sire\n|-damage|p2a: The Sire|73\/100\n|-sidestart|p2: Nettle3|Spikes\n|move|p2a: The Sire|Toxic|p1a: Samurott\n|-status|p1a: Samurott|tox\n|\n|-damage|p1a: Samurott|94\/100 tox|[from] psn\n|upkeep\n|turn|18\n|\n|t:|1699761930\n|move|p1a: Samurott|Ceaseless Edge|p2a: The Sire\n|-damage|p2a: The Sire|45\/100\n|-sidestart|p2: Nettle3|Spikes\n|move|p2a: The Sire|Recover|p2a: The Sire\n|-heal|p2a: The Sire|95\/100\n|\n|-damage|p1a: Samurott|82\/100 tox|[from] psn\n|upkeep\n|turn|19\n|\n|t:|1699761944\n|switch|p1a: Mandibuzz|Mandibuzz, F|100\/100\n|move|p2a: The Sire|Earthquake|p1a: Mandibuzz\n|-immune|p1a: Mandibuzz\n|\n|upkeep\n|turn|20\n|\n|t:|1699761949\n|move|p1a: Mandibuzz|Toxic|p2a: The Sire\n|-status|p2a: The Sire|tox\n|move|p2a: The Sire|Toxic|p1a: Mandibuzz\n|-status|p1a: Mandibuzz|tox\n|\n|-damage|p1a: Mandibuzz|94\/100 tox|[from] psn\n|-damage|p2a: The Sire|89\/100 tox|[from] psn\n|upkeep\n|turn|21\n|\n|t:|1699761961\n|switch|p1a: Gholdengo|Gholdengo|100\/100\n|-item|p1a: Gholdengo|Air Balloon\n|switch|p2a: Sord|Ceruledge, F|100\/100\n|-damage|p2a: Sord|84\/100|[from] Spikes\n|\n|upkeep\n|turn|22\n|\n|t:|1699761974\n|switch|p1a: Samurott|Samurott-Hisui, F|82\/100 tox\n|switch|p2a: Guy 2|Grafaiai, M|100\/100\n|\n|-damage|p1a: Samurott|76\/100 tox|[from] psn\n|upkeep\n|turn|23\n|\n|t:|1699761981\n|move|p2a: Guy 2|Gunk Shot|p1a: Samurott\n|-damage|p1a: Samurott|28\/100 tox\n|move|p1a: Samurott|Knock Off|p2a: Guy 2\n|-damage|p2a: Guy 2|40\/100\n|-enditem|p2a: Guy 2|Heavy-Duty Boots|[from] move: Knock Off|[of] p1a: Samurott\n|\n|-damage|p1a: Samurott|15\/100 tox|[from] psn\n|upkeep\n|turn|24\n|\n|t:|1699761987\n|move|p1a: Samurott|Aqua Jet|p2a: Guy 2\n|-damage|p2a: Guy 2|12\/100\n|move|p2a: Guy 2|Gunk Shot|p1a: Samurott\n|-damage|p1a: Samurott|0 fnt\n|faint|p1a: Samurott\n|\n|upkeep\n|\n|t:|1699762008\n|switch|p1a: Chi-Yu|Chi-Yu|100\/100\n|-ability|p1a: Chi-Yu|Beads of Ruin\n|turn|25\n|\n|t:|1699762016\n|move|p1a: Chi-Yu|Dark Pulse|p2a: Guy 2\n|-damage|p2a: Guy 2|0 fnt\n|faint|p2a: Guy 2\n|\n|upkeep\n|\n|t:|1699762023\n|switch|p2a: The Sire|Quagsire, M|89\/100 tox\n|-damage|p2a: The Sire|73\/100 tox|[from] Spikes\n|turn|26\n|\n|t:|1699762033\n|move|p1a: Chi-Yu|Dark Pulse|p2a: The Sire\n|-damage|p2a: The Sire|0 fnt\n|faint|p2a: The Sire\n|\n|upkeep\n|\n|t:|1699762044\n|switch|p2a: Sord|Ceruledge, F|84\/100\n|-damage|p2a: Sord|67\/100|[from] Spikes\n|turn|27\n|\n|t:|1699762050\n|move|p1a: Chi-Yu|Dark Pulse|p2a: Sord\n|-supereffective|p2a: Sord\n|-damage|p2a: Sord|0 fnt\n|faint|p2a: Sord\n|\n|upkeep\n|\n|t:|1699762053\n|switch|p2a: Astounding|Espeon, M|100\/100\n|-damage|p2a: Astounding|84\/100|[from] Spikes\n|turn|28\n|\n|t:|1699762058\n|move|p1a: Chi-Yu|Dark Pulse|p2a: Astounding\n|-supereffective|p2a: Astounding\n|-damage|p2a: Astounding|0 fnt\n|faint|p2a: Astounding\n|\n|win|YoungEsq\n|raw|YoungEsq's rating: 1356 &rarr; <strong>1376<\/strong><br \/>(+20 for winning)\n|raw|Nettle3's rating: 1362 &rarr; <strong>1342<\/strong><br \/>(-20 for losing)\n|l|\u2606Nettle3\n","uploadtime":1699762073,"views":6,"p1id":"youngesq","p2id":"nettle3","formatid":"gen9anythinggoes","rating":1342,"private":0,"password":""}