{"id":"gen9anythinggoes-1984194198","p1":"Pokemachewy29","p2":"XChuckle762","format":"[Gen 9] Anything Goes","log":"|j|\u2606Pokemachewy29\n|j|\u2606XChuckle762\n|t:|1699228742\n|gametype|singles\n|player|p1|Pokemachewy29|2|\n|player|p2|XChuckle762|koga|\n|teamsize|p1|6\n|teamsize|p2|6\n|gen|9\n|tier|[Gen 9] Anything Goes\n|rule|HP Percentage Mod: HP is shown in percentages\n|rule|Endless Battle Clause: Forcing endless battles is banned\n|clearpoke\n|poke|p1|Kingambit, M|\n|poke|p1|Ursaluna, F|\n|poke|p1|Spidops, M|\n|poke|p1|Weavile, M|\n|poke|p1|Iron Bundle|\n|poke|p1|Toxapex, M|\n|poke|p2|Roaring Moon|\n|poke|p2|Goodra-Hisui, M|\n|poke|p2|Zangoose, M|\n|poke|p2|Gardevoir, M|\n|poke|p2|Dragonite, F|\n|poke|p2|Sneasler, F|\n|teampreview\n|inactive|Battle timer is ON: inactive players will automatically lose when time's up. (requested by XChuckle762)\n|\n|t:|1699228754\n|start\n|switch|p1a: Spidops|Spidops, M|100\/100\n|switch|p2a: Gardevoir|Gardevoir, M|100\/100\n|-ability|p2a: Gardevoir|Stakeout|[from] ability: Trace|[of] p1a: Spidops\n|turn|1\n|\n|t:|1699228763\n|move|p2a: Gardevoir|Trick|p1a: Spidops\n|-activate|p2a: Gardevoir|move: Trick|[of] p1a: Spidops\n|-item|p1a: Spidops|Choice Scarf|[from] move: Trick\n|-item|p2a: Gardevoir|Focus Sash|[from] move: Trick\n|move|p1a: Spidops|Sticky Web|p2a: Gardevoir\n|-sidestart|p2: XChuckle762|move: Sticky Web\n|\n|upkeep\n|turn|2\n|\n|t:|1699228781\n|switch|p1a: Toxapex|Toxapex, M|100\/100\n|move|p2a: Gardevoir|Moonblast|p1a: Toxapex\n|-resisted|p1a: Toxapex\n|-damage|p1a: Toxapex|62\/100\n|\n|upkeep\n|turn|3\n|\n|t:|1699228792\n|move|p1a: Toxapex|Protect|p1a: Toxapex\n|-singleturn|p1a: Toxapex|Protect\n|move|p2a: Gardevoir|Psychic|p1a: Toxapex\n|-activate|p1a: Toxapex|move: Protect\n|\n|upkeep\n|turn|4\n|j| BillTheThrill42\n|\n|t:|1699228813\n|move|p2a: Gardevoir|Psychic|p1a: Toxapex\n|-supereffective|p1a: Toxapex\n|-damage|p1a: Toxapex|0 fnt\n|faint|p1a: Toxapex\n|\n|upkeep\n|\n|t:|1699228819\n|switch|p1a: Spidops|Spidops, M|100\/100\n|turn|5\n|\n|t:|1699228827\n|move|p2a: Gardevoir|Moonblast|p1a: Spidops\n|-damage|p1a: Spidops|42\/100\n|-unboost|p1a: Spidops|spa|1\n|move|p1a: Spidops|Spikes|p2a: Gardevoir\n|-sidestart|p2: XChuckle762|Spikes\n|\n|upkeep\n|turn|6\n|\n|t:|1699228836\n|move|p2a: Gardevoir|Moonblast|p1a: Spidops\n|-damage|p1a: Spidops|0 fnt\n|faint|p1a: Spidops\n|\n|upkeep\n|\n|t:|1699228847\n|switch|p1a: Weavile|Weavile, M|100\/100\n|turn|7\n|\n|t:|1699228858\n|move|p1a: Weavile|Icicle Crash|p2a: Gardevoir\n|-enditem|p2a: Gardevoir|Focus Sash\n|-damage|p2a: Gardevoir|1\/100\n|move|p2a: Gardevoir|Psychic|p1a: Weavile\n|-immune|p1a: Weavile\n|\n|upkeep\n|turn|8\n|\n|t:|1699228868\n|move|p1a: Weavile|Icicle Crash|p2a: Gardevoir\n|-damage|p2a: Gardevoir|0 fnt\n|faint|p2a: Gardevoir\n|\n|upkeep\n|\n|t:|1699228882\n|switch|p2a: Zangoose|Zangoose, M, shiny|100\/100\n|-activate|p2a: Zangoose|move: Sticky Web\n|-unboost|p2a: Zangoose|spe|1\n|-damage|p2a: Zangoose|88\/100|[from] Spikes\n|turn|9\n|\n|t:|1699228891\n|move|p1a: Weavile|Icicle Crash|p2a: Zangoose\n|-damage|p2a: Zangoose|0 fnt\n|faint|p2a: Zangoose\n|\n|upkeep\n|\n|t:|1699228897\n|switch|p2a: Sneasler|Sneasler, F|100\/100\n|-activate|p2a: Sneasler|move: Sticky Web\n|-unboost|p2a: Sneasler|spe|1\n|-damage|p2a: Sneasler|88\/100|[from] Spikes\n|turn|10\n|\n|t:|1699228905\n|move|p1a: Weavile|Icicle Crash|p2a: Sneasler\n|-damage|p2a: Sneasler|0 fnt\n|faint|p2a: Sneasler\n|\n|upkeep\n|\n|t:|1699228911\n|switch|p2a: Goodra|Goodra-Hisui, M|100\/100\n|-activate|p2a: Goodra|move: Sticky Web\n|-unboost|p2a: Goodra|spe|1\n|-damage|p2a: Goodra|88\/100|[from] Spikes\n|turn|11\n|\n|t:|1699228917\n|move|p1a: Weavile|Icicle Crash|p2a: Goodra\n|-damage|p2a: Goodra|31\/100\n|move|p2a: Goodra|Flash Cannon|p1a: Weavile\n|-supereffective|p1a: Weavile\n|-damage|p1a: Weavile|0 fnt\n|faint|p1a: Weavile\n|\n|upkeep\n|\n|t:|1699228929\n|switch|p1a: Iron Bundle|Iron Bundle|100\/100\n|turn|12\n|\n|t:|1699228937\n|move|p1a: Iron Bundle|Ice Beam|p2a: Goodra\n|-damage|p2a: Goodra|1\/100\n|move|p2a: Goodra|Flash Cannon|p1a: Iron Bundle\n|-damage|p1a: Iron Bundle|21\/100\n|\n|upkeep\n|turn|13\n|\n|t:|1699228945\n|move|p1a: Iron Bundle|Ice Beam|p2a: Goodra\n|-damage|p2a: Goodra|0 fnt\n|faint|p2a: Goodra\n|\n|upkeep\n|\n|t:|1699228950\n|switch|p2a: Roaring Moon|Roaring Moon|100\/100\n|-activate|p2a: Roaring Moon|move: Sticky Web\n|-unboost|p2a: Roaring Moon|spe|1\n|-damage|p2a: Roaring Moon|88\/100|[from] Spikes\n|-enditem|p2a: Roaring Moon|Booster Energy\n|-activate|p2a: Roaring Moon|ability: Protosynthesis|[fromitem]\n|-start|p2a: Roaring Moon|protosynthesisatk\n|turn|14\n|\n|t:|1699228959\n|move|p1a: Iron Bundle|Ice Beam|p2a: Roaring Moon\n|-supereffective|p2a: Roaring Moon\n|-damage|p2a: Roaring Moon|0 fnt\n|faint|p2a: Roaring Moon\n|-end|p2a: Roaring Moon|Protosynthesis|[silent]\n|\n|upkeep\n|\n|t:|1699228964\n|switch|p2a: Dragonite|Dragonite, F|100\/100\n|turn|15\n|\n|t:|1699228972\n|move|p2a: Dragonite|Extreme Speed|p1a: Iron Bundle\n|-damage|p1a: Iron Bundle|0 fnt\n|faint|p1a: Iron Bundle\n|-end|p1a: Iron Bundle|Quark Drive|[silent]\n|\n|upkeep\n|\n|t:|1699228982\n|switch|p1a: Kingambit|Kingambit, M|100\/100\n|-activate|p1a: Kingambit|ability: Supreme Overlord\n|-start|p1a: Kingambit|fallen4|[silent]\n|turn|16\n|\n|t:|1699228988\n|move|p2a: Dragonite|Extreme Speed|p1a: Kingambit\n|-resisted|p1a: Kingambit\n|-damage|p1a: Kingambit|85\/100\n|move|p1a: Kingambit|Kowtow Cleave|p2a: Dragonite\n|-damage|p2a: Dragonite|58\/100\n|\n|upkeep\n|turn|17\n|\n|t:|1699228997\n|move|p2a: Dragonite|Extreme Speed|p1a: Kingambit\n|-resisted|p1a: Kingambit\n|-damage|p1a: Kingambit|68\/100\n|move|p1a: Kingambit|Kowtow Cleave|p2a: Dragonite\n|-damage|p2a: Dragonite|0 fnt\n|faint|p2a: Dragonite\n|\n|win|Pokemachewy29\n","uploadtime":1699229007,"views":5,"p1id":"pokemachewy29","p2id":"xchuckle762","formatid":"gen9anythinggoes","rating":0,"private":0,"password":""}