{"id":"gen9anythinggoes-1985779534","p1":"Testingnewstratfr","p2":"sendfreegifttome","format":"[Gen 9] Anything Goes","log":"|j|\u2606Testingnewstratfr\n|j|\u2606sendfreegifttome\n|t:|1699405287\n|gametype|singles\n|player|p1|Testingnewstratfr|janitor|\n|player|p2|sendfreegifttome|nate|\n|teamsize|p1|6\n|teamsize|p2|6\n|gen|9\n|tier|[Gen 9] Anything Goes\n|rule|HP Percentage Mod: HP is shown in percentages\n|rule|Endless Battle Clause: Forcing endless battles is banned\n|clearpoke\n|poke|p1|Ditto|\n|poke|p1|Calyrex-Shadow|\n|poke|p1|Scovillain, F|\n|poke|p1|Zacian-*|\n|poke|p1|Arceus|\n|poke|p1|Koraidon|\n|poke|p2|Calyrex-Shadow|\n|poke|p2|Kyogre|\n|poke|p2|Zacian-*|\n|poke|p2|Miraidon|\n|poke|p2|Arceus|\n|poke|p2|Eternatus|\n|teampreview\n|inactive|Battle timer is ON: inactive players will automatically lose when time's up. (requested by Testingnewstratfr)\n|inactive|sendfreegifttome also wants the timer to be on.\n|l|\u2606Testingnewstratfr\n|inactive|Testingnewstratfr disconnected and has 300 seconds to reconnect!\n|player|p1|\n|j|\u2606Testingnewstratfr\n|inactive|Testingnewstratfr reconnected and has 300 seconds left.\n|player|p1|Testingnewstratfr|janitor\n|\n|t:|1699405312\n|start\n|switch|p1a: Nuh uh|Ditto|100\/100\n|switch|p2a: Eternatus|Eternatus|100\/100\n|-ability|p2a: Eternatus|Pressure\n|-transform|p1a: Nuh uh|p2a: Eternatus|[from] ability: Imposter\n|-ability|p1a: Nuh uh|Pressure\n|turn|1\n|\n|t:|1699405321\n|move|p1a: Nuh uh|Dynamax Cannon|p2a: Eternatus\n|-supereffective|p2a: Eternatus\n|-damage|p2a: Eternatus|30\/100\n|move|p2a: Eternatus|Toxic Spikes|p1a: Nuh uh\n|-sidestart|p1: Testingnewstratfr|move: Toxic Spikes\n|\n|-heal|p2a: Eternatus|36\/100|[from] item: Leftovers\n|upkeep\n|turn|2\n|\n|t:|1699405328\n|switch|p2a: Zacian|Zacian-Crowned, shiny|100\/100\n|-ability|p2a: Zacian|Intrepid Sword|boost\n|-boost|p2a: Zacian|atk|1\n|move|p1a: Nuh uh|Dynamax Cannon|p2a: Zacian\n|-immune|p2a: Zacian\n|\n|upkeep\n|turn|3\n|\n|t:|1699405338\n|switch|p1a: Scovillain|Scovillain, F|100\/100\n|-status|p1a: Scovillain|psn\n|move|p2a: Zacian|Play Rough|p1a: Scovillain\n|-resisted|p1a: Scovillain\n|-damage|p1a: Scovillain|40\/100 psn\n|\n|-heal|p1a: Scovillain|46\/100 psn|[from] item: Leftovers\n|-damage|p1a: Scovillain|33\/100 psn|[from] psn\n|-ability|p1a: Scovillain|Moody|boost\n|-boost|p1a: Scovillain|spd|2\n|-unboost|p1a: Scovillain|atk|1\n|upkeep\n|turn|4\n|\n|t:|1699405353\n|move|p1a: Scovillain|Protect|p1a: Scovillain\n|-singleturn|p1a: Scovillain|Protect\n|move|p2a: Zacian|Behemoth Blade|p1a: Scovillain\n|-activate|p1a: Scovillain|move: Protect\n|\n|-heal|p1a: Scovillain|39\/100 psn|[from] item: Leftovers\n|-damage|p1a: Scovillain|27\/100 psn|[from] psn\n|-ability|p1a: Scovillain|Moody|boost\n|-boost|p1a: Scovillain|spd|2\n|-unboost|p1a: Scovillain|def|1\n|upkeep\n|turn|5\n|\n|t:|1699405356\n|move|p2a: Zacian|Behemoth Blade|p1a: Scovillain\n|-resisted|p1a: Scovillain\n|-damage|p1a: Scovillain|0 fnt\n|faint|p1a: Scovillain\n|\n|upkeep\n|\n|t:|1699405361\n|switch|p1a: Nuh uh|Ditto|100\/100\n|-status|p1a: Nuh uh|psn\n|-transform|p1a: Nuh uh|p2a: Zacian|[from] ability: Imposter\n|-ability|p1a: Nuh uh|Intrepid Sword|boost\n|-boost|p1a: Nuh uh|atk|1\n|turn|6\n|\n|t:|1699405372\n|move|p1a: Nuh uh|Close Combat|p2a: Zacian\n|-damage|p2a: Zacian|13\/100\n|-unboost|p1a: Nuh uh|def|1\n|-unboost|p1a: Nuh uh|spd|1\n|move|p2a: Zacian|Behemoth Blade|p1a: Nuh uh\n|-damage|p1a: Nuh uh|0 fnt\n|faint|p1a: Nuh uh\n|\n|upkeep\n|\n|t:|1699405376\n|switch|p1a: Calyrex|Calyrex-Shadow|100\/100\n|-ability|p1a: Calyrex|As One\n|-ability|p1a: Calyrex|Unnerve\n|turn|7\n|\n|t:|1699405389\n|move|p1a: Calyrex|Astral Barrage|p2a: Zacian\n|-damage|p2a: Zacian|0 fnt\n|faint|p2a: Zacian\n|-ability|p1a: Calyrex|Grim Neigh|boost\n|-boost|p1a: Calyrex|spa|1\n|\n|upkeep\n|\n|t:|1699405410\n|switch|p2a: Eternatus|Eternatus|36\/100\n|-ability|p2a: Eternatus|Pressure\n|turn|8\n|\n|t:|1699405415\n|move|p1a: Calyrex|Tera Blast|p2a: Eternatus\n|-damage|p2a: Eternatus|2\/100\n|move|p2a: Eternatus|Recover|p2a: Eternatus\n|-heal|p2a: Eternatus|52\/100\n|\n|-heal|p2a: Eternatus|58\/100|[from] item: Leftovers\n|upkeep\n|turn|9\n|\n|t:|1699405427\n|move|p1a: Calyrex|Encore|p2a: Eternatus\n|-start|p2a: Eternatus|Encore\n|move|p2a: Eternatus|Recover|p2a: Eternatus\n|-heal|p2a: Eternatus|100\/100\n|\n|upkeep\n|turn|10\n|\n|t:|1699405433\n|switch|p2a: Kyogre|Kyogre, shiny|100\/100\n|-weather|RainDance|[from] ability: Drizzle|[of] p2a: Kyogre\n|move|p1a: Calyrex|Nasty Plot|p1a: Calyrex\n|-boost|p1a: Calyrex|spa|2\n|\n|-weather|RainDance|[upkeep]\n|upkeep\n|turn|11\n|\n|t:|1699405451\n|move|p1a: Calyrex|Astral Barrage|p2a: Kyogre\n|-damage|p2a: Kyogre|0 fnt\n|faint|p2a: Kyogre\n|-ability|p1a: Calyrex|Grim Neigh|boost\n|-boost|p1a: Calyrex|spa|1\n|\n|-weather|RainDance|[upkeep]\n|upkeep\n|\n|t:|1699405459\n|switch|p2a: Arceus|Arceus|100\/100\n|turn|12\n|\n|t:|1699405463\n|switch|p2a: Eternatus|Eternatus|100\/100\n|-ability|p2a: Eternatus|Pressure\n|-terastallize|p1a: Calyrex|Fighting\n|move|p1a: Calyrex|Tera Blast|p2a: Eternatus|[anim] Tera Blast Fighting\n|-resisted|p2a: Eternatus\n|-damage|p2a: Eternatus|42\/100\n|\n|-weather|RainDance|[upkeep]\n|-heal|p2a: Eternatus|48\/100|[from] item: Leftovers\n|upkeep\n|turn|13\n|\n|t:|1699405479\n|move|p1a: Calyrex|Tera Blast|p2a: Eternatus|[anim] Tera Blast Fighting\n|-resisted|p2a: Eternatus\n|-damage|p2a: Eternatus|0 fnt\n|faint|p2a: Eternatus\n|-ability|p1a: Calyrex|Grim Neigh|boost\n|-boost|p1a: Calyrex|spa|1\n|\n|-weather|RainDance|[upkeep]\n|upkeep\n|\n|t:|1699405484\n|switch|p2a: Calyrex|Calyrex-Shadow|100\/100\n|-ability|p2a: Calyrex|As One\n|-ability|p2a: Calyrex|Unnerve\n|turn|14\n|\n|t:|1699405489\n|-terastallize|p2a: Calyrex|Normal\n|move|p2a: Calyrex|Astral Barrage|p1a: Calyrex\n|-damage|p1a: Calyrex|42\/100\n|move|p1a: Calyrex|Tera Blast|p2a: Calyrex|[anim] Tera Blast Fighting\n|-supereffective|p2a: Calyrex\n|-damage|p2a: Calyrex|0 fnt\n|faint|p2a: Calyrex\n|-ability|p1a: Calyrex|Grim Neigh|boost\n|-boost|p1a: Calyrex|spa|1\n|\n|-weather|none\n|upkeep\n|\n|t:|1699405513\n|switch|p2a: Miraidon|Miraidon|100\/100\n|-fieldstart|move: Electric Terrain|[from] ability: Hadron Engine|[of] p2a: Miraidon\n|turn|15\n|\n|t:|1699405519\n|move|p1a: Calyrex|Astral Barrage|p2a: Miraidon\n|-damage|p2a: Miraidon|0 fnt\n|faint|p2a: Miraidon\n|\n|upkeep\n|\n|t:|1699405522\n|switch|p2a: Arceus|Arceus|100\/100\n|turn|16\n|\n|t:|1699405525\n|move|p1a: Calyrex|Tera Blast|p2a: Arceus|[anim] Tera Blast Fighting\n|-supereffective|p2a: Arceus\n|-damage|p2a: Arceus|0 fnt\n|faint|p2a: Arceus\n|\n|win|Testingnewstratfr\n|l|\u2606sendfreegifttome\n","uploadtime":1699405533,"views":14,"p1id":"testingnewstratfr","p2id":"sendfreegifttome","formatid":"gen9anythinggoes","rating":0,"private":0,"password":""}