{"id":"gen9anythinggoes-1990890605","p1":"Ravens-team","p2":"NuclearParmesan","format":"[Gen 9] Anything Goes","log":"|j|\u2606Ravens-team\n|j|\u2606NuclearParmesan\n|t:|1700011914\n|gametype|singles\n|player|p1|Ravens-team|hilda|1098\n|player|p2|NuclearParmesan|palmer|1079\n|teamsize|p1|6\n|teamsize|p2|6\n|gen|9\n|tier|[Gen 9] Anything Goes\n|rated|\n|rule|HP Percentage Mod: HP is shown in percentages\n|rule|Endless Battle Clause: Forcing endless battles is banned\n|clearpoke\n|poke|p1|Roaring Moon|\n|poke|p1|Gliscor, F|\n|poke|p1|Iron Jugulis|\n|poke|p1|Staraptor, M|\n|poke|p1|Decidueye, F|\n|poke|p1|Klefki, F|\n|poke|p2|Alomomola, F|\n|poke|p2|Pelipper, F|\n|poke|p2|Cloyster, F|\n|poke|p2|Overqwil, M|\n|poke|p2|Goodra, F|\n|poke|p2|Thundurus-Therian, M|\n|teampreview\n|\n|t:|1700011920\n|start\n|switch|p1a: Staraptor|Staraptor, M|100\/100\n|switch|p2a: Alomomola|Alomomola, F|100\/100\n|-ability|p1a: Staraptor|Intimidate|boost\n|-unboost|p2a: Alomomola|atk|1\n|turn|1\n|c|\u2606Ravens-team|Greetings\n|c|\u2606Ravens-team|question, what\u2019s your favorite weird snack?\n|\n|t:|1700011942\n|move|p1a: Staraptor|Tailwind|p1a: Staraptor\n|-sidestart|p1: Ravens-team|move: Tailwind\n|move|p2a: Alomomola|Rain Dance|p2a: Alomomola\n|-weather|RainDance\n|\n|-weather|RainDance|[upkeep]\n|upkeep\n|turn|2\n|c|\u2606NuclearParmesan|define weird\n|\n|t:|1700011955\n|move|p1a: Staraptor|Acrobatics|p2a: Alomomola\n|-damage|p2a: Alomomola|59\/100\n|move|p2a: Alomomola|Flip Turn|p1a: Staraptor\n|-damage|p1a: Staraptor|78\/100\n|\n|t:|1700011966\n|switch|p2a: Overqwil|Overqwil, M|100\/100|[from] Flip Turn\n|\n|-weather|RainDance|[upkeep]\n|upkeep\n|turn|3\n|c|\u2606Ravens-team|What you cinder not normal, like how people like blu cheese\n|\n|t:|1700011982\n|move|p1a: Staraptor|Acrobatics|p2a: Overqwil\n|-damage|p2a: Overqwil|39\/100\n|move|p2a: Overqwil|Liquidation|p1a: Staraptor\n|-damage|p1a: Staraptor|31\/100\n|\n|-weather|RainDance|[upkeep]\n|upkeep\n|turn|4\n|c|\u2606NuclearParmesan|im a pretty basic guy but i love mixing sauces to go with my sammiches\n|\n|t:|1700012021\n|move|p1a: Staraptor|Fly||[still]\n|-prepare|p1a: Staraptor|Fly\n|move|p2a: Overqwil|Barb Barrage|p1a: Staraptor|[miss]\n|-miss|p2a: Overqwil|p1a: Staraptor\n|\n|-weather|RainDance|[upkeep]\n|-sideend|p1: Ravens-team|move: Tailwind\n|upkeep\n|turn|5\n|c|\u2606Ravens-team|Mine is what I\u2019m having now, chocolate covered apple slcies\n|\n|t:|1700012032\n|switch|p2a: Pelipper|Pelipper, F|100\/100\n|move|p1a: Staraptor|Fly|p2a: Pelipper|[from]lockedmove\n|-damage|p2a: Pelipper|51\/100\n|\n|-weather|RainDance|[upkeep]\n|-heal|p2a: Pelipper|57\/100|[from] ability: Rain Dish\n|-heal|p2a: Pelipper|63\/100|[from] item: Leftovers\n|upkeep\n|turn|6\n|\n|t:|1700012041\n|move|p1a: Staraptor|Tailwind|p1a: Staraptor\n|-sidestart|p1: Ravens-team|move: Tailwind\n|move|p2a: Pelipper|Surf|p1a: Staraptor\n|-damage|p1a: Staraptor|0 fnt\n|faint|p1a: Staraptor\n|\n|-weather|RainDance|[upkeep]\n|-heal|p2a: Pelipper|69\/100|[from] ability: Rain Dish\n|-heal|p2a: Pelipper|75\/100|[from] item: Leftovers\n|upkeep\n|\n|t:|1700012044\n|switch|p1a: Decidueye|Decidueye, F|100\/100\n|turn|7\n|c|\u2606NuclearParmesan|YOOO CHOCOLATE COVERED APPLE SLICES GO HARD\n|c|\u2606NuclearParmesan|wait i just thought of one\n|c|\u2606Ravens-team|Oh?\n|c|\u2606NuclearParmesan|spread peanut butter on an eggo waffle and put some banana slices on top\n|c|\u2606NuclearParmesan|its soooo good\n|\n|t:|1700012091\n|move|p1a: Decidueye|Trailblaze|p2a: Pelipper\n|-damage|p2a: Pelipper|45\/100\n|-boost|p1a: Decidueye|spe|1\n|move|p2a: Pelipper|Hurricane|p1a: Decidueye\n|-supereffective|p1a: Decidueye\n|-damage|p1a: Decidueye|7\/100\n|-start|p1a: Decidueye|confusion\n|\n|-weather|RainDance|[upkeep]\n|-heal|p2a: Pelipper|51\/100|[from] ability: Rain Dish\n|-heal|p2a: Pelipper|57\/100|[from] item: Leftovers\n|upkeep\n|turn|8\n|c|\u2606Ravens-team|sounds good, maybe I\u2019ll try it\n|c|\u2606NuclearParmesan|alr hope you enjoy man\n|\n|t:|1700012111\n|-activate|p1a: Decidueye|confusion\n|-damage|p1a: Decidueye|0 fnt|[from] confusion\n|faint|p1a: Decidueye\n|move|p2a: Pelipper|Roost|p2a: Pelipper\n|-heal|p2a: Pelipper|100\/100\n|-singleturn|p2a: Pelipper|move: Roost\n|\n|-weather|none\n|upkeep\n|c|\u2606Ravens-team|I\u2019m a girl lol\n|\n|t:|1700012118\n|switch|p1a: Klefki|Klefki, F|100\/100\n|turn|9\n|\n|t:|1700012134\n|switch|p2a: Alomomola|Alomomola, F|93\/100\n|move|p1a: Klefki|Foul Play|p2a: Alomomola\n|-damage|p2a: Alomomola|80\/100\n|\n|-sideend|p1: Ravens-team|move: Tailwind\n|upkeep\n|turn|10\n|c|\u2606NuclearParmesan|oh my bad i just call everyone man\n|l|\u2606Ravens-team\n|player|p1|\n|j|\u2606Ravens-team\n|player|p1|Ravens-team|hilda\n|c|\u2606Ravens-team|It\u2019s alright\n|\n|t:|1700012171\n|move|p1a: Klefki|Play Rough|p2a: Alomomola\n|-damage|p2a: Alomomola|63\/100\n|move|p2a: Alomomola|Rain Dance|p2a: Alomomola\n|-weather|RainDance\n|\n|-weather|RainDance|[upkeep]\n|upkeep\n|turn|11\n|\n|t:|1700012185\n|move|p1a: Klefki|Dazzling Gleam|p2a: Alomomola\n|-damage|p2a: Alomomola|34\/100\n|move|p2a: Alomomola|Flip Turn|p1a: Klefki\n|-damage|p1a: Klefki|72\/100\n|\n|t:|1700012201\n|switch|p2a: Pelipper|Pelipper, F|100\/100|[from] Flip Turn\n|\n|-weather|RainDance|[upkeep]\n|upkeep\n|turn|12\n|\n|t:|1700012210\n|-terastallize|p2a: Pelipper|Steel\n|move|p1a: Klefki|Dazzling Gleam|p2a: Pelipper\n|-resisted|p2a: Pelipper\n|-damage|p2a: Pelipper|77\/100\n|move|p2a: Pelipper|Tera Blast|p1a: Klefki|[anim] Tera Blast Steel\n|-damage|p1a: Klefki|26\/100\n|\n|-weather|RainDance|[upkeep]\n|-heal|p2a: Pelipper|83\/100|[from] ability: Rain Dish\n|-heal|p2a: Pelipper|89\/100|[from] item: Leftovers\n|upkeep\n|turn|13\n|\n|t:|1700012223\n|switch|p1a: Gliscor|Gliscor, F|100\/100\n|move|p2a: Pelipper|Tera Blast|p1a: Gliscor|[anim] Tera Blast Steel\n|-damage|p1a: Gliscor|51\/100\n|\n|-weather|RainDance|[upkeep]\n|-heal|p2a: Pelipper|95\/100|[from] ability: Rain Dish\n|-heal|p1a: Gliscor|57\/100|[from] item: Leftovers\n|-heal|p2a: Pelipper|100\/100|[from] item: Leftovers\n|upkeep\n|turn|14\n|\n|t:|1700012234\n|move|p1a: Gliscor|Earthquake|p2a: Pelipper\n|-supereffective|p2a: Pelipper\n|-damage|p2a: Pelipper|0 fnt\n|faint|p2a: Pelipper\n|\n|-weather|RainDance|[upkeep]\n|-heal|p1a: Gliscor|63\/100|[from] item: Leftovers\n|upkeep\n|\n|t:|1700012245\n|switch|p2a: Cloyster|Cloyster, F|100\/100\n|turn|15\n|\n|t:|1700012260\n|move|p1a: Gliscor|Earthquake|p2a: Cloyster\n|-damage|p2a: Cloyster|66\/100\n|move|p2a: Cloyster|Icicle Spear|p1a: Gliscor\n|-supereffective|p1a: Gliscor\n|-damage|p1a: Gliscor|14\/100\n|-supereffective|p1a: Gliscor\n|-damage|p1a: Gliscor|0 fnt\n|faint|p1a: Gliscor\n|-hitcount|p1: Gliscor|2\n|-heal|p2a: Cloyster|75\/100|[from] item: Shell Bell|[of] p1: Gliscor\n|\n|-weather|RainDance|[upkeep]\n|upkeep\n|\n|t:|1700012264\n|switch|p1a: Roaring Moon|Roaring Moon|100\/100\n|-enditem|p1a: Roaring Moon|Booster Energy\n|-activate|p1a: Roaring Moon|ability: Protosynthesis|[fromitem]\n|-start|p1a: Roaring Moon|protosynthesisatk\n|turn|16\n|\n|t:|1700012276\n|move|p1a: Roaring Moon|Rock Slide|p2a: Cloyster\n|-supereffective|p2a: Cloyster\n|-damage|p2a: Cloyster|8\/100\n|move|p2a: Cloyster|Icicle Spear|p1a: Roaring Moon\n|-supereffective|p1a: Roaring Moon\n|-damage|p1a: Roaring Moon|68\/100\n|-supereffective|p1a: Roaring Moon\n|-damage|p1a: Roaring Moon|36\/100\n|-supereffective|p1a: Roaring Moon\n|-damage|p1a: Roaring Moon|3\/100\n|-supereffective|p1a: Roaring Moon\n|-damage|p1a: Roaring Moon|0 fnt\n|faint|p1a: Roaring Moon\n|-end|p1a: Roaring Moon|Protosynthesis|[silent]\n|-hitcount|p1: Roaring Moon|4\n|-heal|p2a: Cloyster|26\/100|[from] item: Shell Bell|[of] p1: Roaring Moon\n|\n|-weather|RainDance|[upkeep]\n|upkeep\n|\n|t:|1700012287\n|switch|p1a: Iron Jugulis|Iron Jugulis|100\/100\n|-enditem|p1a: Iron Jugulis|Booster Energy\n|-activate|p1a: Iron Jugulis|ability: Quark Drive|[fromitem]\n|-start|p1a: Iron Jugulis|quarkdrivespe\n|turn|17\n|\n|t:|1700012293\n|move|p1a: Iron Jugulis|Earth Power|p2a: Cloyster\n|-damage|p2a: Cloyster|0 fnt\n|faint|p2a: Cloyster\n|\n|-weather|none\n|upkeep\n|\n|t:|1700012302\n|switch|p2a: Thundurus|Thundurus-Therian, M|100\/100\n|turn|18\n|\n|t:|1700012318\n|-terastallize|p1a: Iron Jugulis|Dark\n|move|p1a: Iron Jugulis|Knock Off|p2a: Thundurus\n|-damage|p2a: Thundurus|53\/100\n|-enditem|p2a: Thundurus|Life Orb|[from] move: Knock Off|[of] p1a: Iron Jugulis\n|move|p2a: Thundurus|Knock Off|p1a: Iron Jugulis\n|-resisted|p1a: Iron Jugulis\n|-damage|p1a: Iron Jugulis|93\/100\n|\n|upkeep\n|turn|19\n|c|\u2606NuclearParmesan|NO WAIT I MESSED UP\n|c|\u2606NuclearParmesan|Ripppp\n|\n|t:|1700012335\n|move|p1a: Iron Jugulis|Flash Cannon|p2a: Thundurus\n|-resisted|p2a: Thundurus\n|-damage|p2a: Thundurus|38\/100\n|move|p2a: Thundurus|Thunder|p1a: Iron Jugulis\n|-damage|p1a: Iron Jugulis|14\/100\n|\n|upkeep\n|turn|20\n|\n|t:|1700012349\n|move|p1a: Iron Jugulis|Flash Cannon|p2a: Thundurus\n|-resisted|p2a: Thundurus\n|-damage|p2a: Thundurus|22\/100\n|move|p2a: Thundurus|Grass Knot|p1a: Iron Jugulis\n|-damage|p1a: Iron Jugulis|0 fnt\n|faint|p1a: Iron Jugulis\n|-end|p1a: Iron Jugulis|Quark Drive|[silent]\n|\n|upkeep\n|\n|t:|1700012355\n|switch|p1a: Klefki|Klefki, F|26\/100\n|turn|21\n|\n|t:|1700012365\n|switch|p2a: Overqwil|Overqwil, M|39\/100\n|move|p1a: Klefki|Psychic|p2a: Overqwil\n|-immune|p2a: Overqwil\n|\n|upkeep\n|turn|22\n|\n|t:|1700012373\n|move|p2a: Overqwil|Liquidation|p1a: Klefki\n|-damage|p1a: Klefki|0 fnt\n|faint|p1a: Klefki\n|\n|win|NuclearParmesan\n|raw|Ravens-team's rating: 1098 &rarr; <strong>1072<\/strong><br \/>(-26 for losing)\n|raw|NuclearParmesan's rating: 1079 &rarr; <strong>1109<\/strong><br \/>(+30 for winning)\n|c|\u2606Ravens-team|Gg dude\n","uploadtime":1700012380,"views":15,"p1id":"ravensteam","p2id":"nuclearparmesan","formatid":"gen9anythinggoes","rating":1072,"private":0,"password":""}