{"id":"gen9anythinggoes-1982131317","p1":"Oonydevoony","p2":"Allanubs","format":"[Gen 9] Anything Goes","log":"|j|\u2606Oonydevoony\n|j|\u2606Allanubs\n|t:|1698971070\n|gametype|singles\n|player|p1|Oonydevoony|gentleman-gen4|1104\n|player|p2|Allanubs|dragontamer|1145\n|teamsize|p1|6\n|teamsize|p2|6\n|gen|9\n|tier|[Gen 9] Anything Goes\n|rated|\n|rule|HP Percentage Mod: HP is shown in percentages\n|rule|Endless Battle Clause: Forcing endless battles is banned\n|clearpoke\n|poke|p1|Ninetales-Alola, F|\n|poke|p1|Magneton|\n|poke|p1|Zapdos-Galar|\n|poke|p1|Hatterene, F|\n|poke|p1|Avalugg, F|\n|poke|p1|Salazzle, F|\n|poke|p2|Baxcalibur, F|\n|poke|p2|Great Tusk|\n|poke|p2|Glimmora, M|\n|poke|p2|Giratina|\n|poke|p2|Gholdengo|\n|poke|p2|Volcarona, F|\n|teampreview\n|inactive|Battle timer is ON: inactive players will automatically lose when time's up. (requested by Allanubs)\n|\n|t:|1698971081\n|start\n|switch|p1a: Salazzle|Salazzle, F|100\/100\n|switch|p2a: Glimmora|Glimmora, M|100\/100\n|turn|1\n|\n|t:|1698971088\n|move|p2a: Glimmora|Spiky Shield|p2a: Glimmora\n|-singleturn|p2a: Glimmora|move: Protect\n|move|p1a: Salazzle|Toxic|p2a: Glimmora\n|-activate|p2a: Glimmora|move: Protect\n|\n|upkeep\n|turn|2\n|\n|t:|1698971094\n|move|p1a: Salazzle|Toxic|p2a: Glimmora\n|-status|p2a: Glimmora|tox\n|move|p2a: Glimmora|Stealth Rock|p1a: Salazzle\n|-sidestart|p1: Oonydevoony|move: Stealth Rock\n|\n|-damage|p2a: Glimmora|94\/100 tox|[from] psn\n|upkeep\n|turn|3\n|\n|t:|1698971102\n|switch|p1a: Avalugg|Avalugg, F|100\/100\n|-damage|p1a: Avalugg|76\/100|[from] Stealth Rock\n|move|p2a: Glimmora|Spikes|p1a: Avalugg\n|-sidestart|p1: Oonydevoony|Spikes\n|\n|-damage|p2a: Glimmora|82\/100 tox|[from] psn\n|upkeep\n|turn|4\n|\n|t:|1698971111\n|move|p2a: Glimmora|Toxic|p1a: Avalugg\n|-status|p1a: Avalugg|tox\n|move|p1a: Avalugg|Earthquake|p2a: Glimmora\n|-supereffective|p2a: Glimmora\n|-damage|p2a: Glimmora|0 fnt\n|-activate|p2a: Glimmora|ability: Toxic Debris\n|-sidestart|p1: Oonydevoony|move: Toxic Spikes\n|faint|p2a: Glimmora\n|\n|-damage|p1a: Avalugg|70\/100 tox|[from] psn\n|upkeep\n|\n|t:|1698971116\n|switch|p2a: Gholdengo|Gholdengo|100\/100\n|-item|p2a: Gholdengo|Air Balloon\n|turn|5\n|j| vor10\n|\n|t:|1698971126\n|switch|p1a: Salazzle|Salazzle, F|100\/100\n|-damage|p1a: Salazzle|76\/100|[from] Stealth Rock\n|-damage|p1a: Salazzle|63\/100|[from] Spikes\n|-sideend|p1: Oonydevoony|move: Toxic Spikes|[of] p1a: Salazzle\n|move|p2a: Gholdengo|Shadow Ball|p1a: Salazzle\n|-damage|p1a: Salazzle|0 fnt\n|faint|p1a: Salazzle\n|\n|upkeep\n|\n|t:|1698971142\n|switch|p1a: Zapdos|Zapdos-Galar|100\/100\n|-damage|p1a: Zapdos|88\/100|[from] Stealth Rock\n|turn|6\n|\n|t:|1698971147\n|move|p1a: Zapdos|Knock Off|p2a: Gholdengo\n|-supereffective|p2a: Gholdengo\n|-damage|p2a: Gholdengo|22\/100\n|-enditem|p2a: Gholdengo|Air Balloon\n|move|p2a: Gholdengo|Make It Rain|p1a: Zapdos\n|-damage|p1a: Zapdos|8\/100\n|-unboost|p2a: Gholdengo|spa|1\n|\n|upkeep\n|turn|7\n|\n|t:|1698971156\n|switch|p2a: Giratina|Giratina|100\/100\n|-ability|p2a: Giratina|Pressure\n|move|p1a: Zapdos|Knock Off|p2a: Giratina\n|-supereffective|p2a: Giratina\n|-damage|p2a: Giratina|58\/100\n|-enditem|p2a: Giratina|Leftovers|[from] move: Knock Off|[of] p1a: Zapdos\n|\n|upkeep\n|turn|8\n|\n|t:|1698971164\n|move|p1a: Zapdos|U-turn|p2a: Giratina\n|-resisted|p2a: Giratina\n|-damage|p2a: Giratina|51\/100\n|\n|t:|1698971169\n|switch|p1a: Hatterene|Hatterene, F|100\/100|[from] U-turn\n|-damage|p1a: Hatterene|88\/100|[from] Stealth Rock\n|-damage|p1a: Hatterene|76\/100|[from] Spikes\n|move|p2a: Giratina|Pain Split|p1a: Hatterene\n|-sethp|p1a: Hatterene|78\/100|[from] move: Pain Split|[silent]\n|-sethp|p2a: Giratina|50\/100|[from] move: Pain Split\n|\n|upkeep\n|turn|9\n|\n|t:|1698971180\n|switch|p2a: Gholdengo|Gholdengo|22\/100\n|move|p1a: Hatterene|Dazzling Gleam|p2a: Gholdengo\n|-resisted|p2a: Gholdengo\n|-damage|p2a: Gholdengo|0 fnt\n|faint|p2a: Gholdengo\n|\n|upkeep\n|\n|t:|1698971188\n|switch|p2a: Baxcalibur|Baxcalibur, F|100\/100\n|turn|10\n|\n|t:|1698971195\n|-terastallize|p2a: Baxcalibur|Steel\n|move|p2a: Baxcalibur|Dragon Dance|p2a: Baxcalibur\n|-boost|p2a: Baxcalibur|atk|1\n|-boost|p2a: Baxcalibur|spe|1\n|move|p1a: Hatterene|Dazzling Gleam|p2a: Baxcalibur\n|-resisted|p2a: Baxcalibur\n|-damage|p2a: Baxcalibur|75\/100\n|\n|upkeep\n|turn|11\n|\n|t:|1698971206\n|-terastallize|p1a: Hatterene|Psychic\n|move|p2a: Baxcalibur|Iron Head|p1a: Hatterene\n|-damage|p1a: Hatterene|0 fnt\n|faint|p1a: Hatterene\n|\n|upkeep\n|\n|t:|1698971212\n|switch|p1a: Avalugg|Avalugg, F|70\/100 tox\n|-damage|p1a: Avalugg|45\/100 tox|[from] Stealth Rock\n|-damage|p1a: Avalugg|32\/100 tox|[from] Spikes\n|turn|12\n|\n|t:|1698971215\n|move|p2a: Baxcalibur|Iron Head|p1a: Avalugg\n|-supereffective|p1a: Avalugg\n|-crit|p1a: Avalugg\n|-damage|p1a: Avalugg|0 fnt\n|faint|p1a: Avalugg\n|\n|upkeep\n|\n|t:|1698971218\n|switch|p1a: Magneton|Magneton|100\/100\n|-damage|p1a: Magneton|95\/100|[from] Stealth Rock\n|-damage|p1a: Magneton|82\/100|[from] Spikes\n|turn|13\n|\n|t:|1698971223\n|move|p2a: Baxcalibur|Scale Shot|p1a: Magneton\n|-resisted|p1a: Magneton\n|-damage|p1a: Magneton|73\/100\n|-resisted|p1a: Magneton\n|-damage|p1a: Magneton|64\/100\n|-resisted|p1a: Magneton\n|-damage|p1a: Magneton|54\/100\n|-resisted|p1a: Magneton\n|-damage|p1a: Magneton|45\/100\n|-resisted|p1a: Magneton\n|-damage|p1a: Magneton|36\/100\n|-hitcount|p1a: Magneton|5\n|-unboost|p2a: Baxcalibur|def|1\n|-boost|p2a: Baxcalibur|spe|1\n|move|p1a: Magneton|Tri Attack|p2a: Baxcalibur\n|-resisted|p2a: Baxcalibur\n|-damage|p2a: Baxcalibur|55\/100\n|\n|upkeep\n|turn|14\n|\n|t:|1698971241\n|move|p2a: Baxcalibur|Scale Shot|p1a: Magneton\n|-resisted|p1a: Magneton\n|-damage|p1a: Magneton|28\/100\n|-resisted|p1a: Magneton\n|-damage|p1a: Magneton|19\/100\n|-resisted|p1a: Magneton\n|-damage|p1a: Magneton|9\/100\n|-resisted|p1a: Magneton\n|-damage|p1a: Magneton|0 fnt\n|faint|p1a: Magneton\n|-hitcount|p1: Magneton|4\n|-unboost|p2a: Baxcalibur|def|1\n|-boost|p2a: Baxcalibur|spe|1\n|\n|upkeep\n|\n|t:|1698971244\n|switch|p1a: Zapdos|Zapdos-Galar|8\/100\n|-damage|p1a: Zapdos|0 fnt|[from] Stealth Rock\n|faint|p1a: Zapdos\n|\n|t:|1698971245\n|switch|p1a: Ninetales|Ninetales-Alola, F|100\/100\n|-damage|p1a: Ninetales|76\/100|[from] Stealth Rock\n|-damage|p1a: Ninetales|64\/100|[from] Spikes\n|-weather|Snow|[from] ability: Snow Warning|[of] p1a: Ninetales\n|turn|15\n|\n|t:|1698971250\n|move|p2a: Baxcalibur|Iron Head|p1a: Ninetales\n|-supereffective|p1a: Ninetales\n|-damage|p1a: Ninetales|0 fnt\n|faint|p1a: Ninetales\n|\n|win|Allanubs\n|raw|Oonydevoony's rating: 1104 &rarr; <strong>1082<\/strong><br \/>(-22 for losing)\n|raw|Allanubs's rating: 1145 &rarr; <strong>1167<\/strong><br \/>(+22 for winning)\n|l|\u2606Oonydevoony\n","uploadtime":1698971256,"views":5,"p1id":"oonydevoony","p2id":"allanubs","formatid":"gen9anythinggoes","rating":1082,"private":0,"password":""}