{"id":"gen9anythinggoes-1990172681","p1":"Khryce","p2":"Scp999givehugz","format":"[Gen 9] Anything Goes","log":"|j|\u2606Khryce\n|j|\u2606Scp999givehugz\n|t:|1699932716\n|gametype|singles\n|player|p1|Khryce|preschooler|1114\n|player|p2|Scp999givehugz|170|1079\n|teamsize|p1|6\n|teamsize|p2|6\n|gen|9\n|tier|[Gen 9] Anything Goes\n|rated|\n|rule|HP Percentage Mod: HP is shown in percentages\n|rule|Endless Battle Clause: Forcing endless battles is banned\n|clearpoke\n|poke|p1|Sneasler, M|\n|poke|p1|Hawlucha, M|\n|poke|p1|Drifblim, M|\n|poke|p1|Grafaiai, M|\n|poke|p1|Farigiraf, F|\n|poke|p1|Tsareena, F|\n|poke|p2|Volcarona, M|\n|poke|p2|Garchomp, F|\n|poke|p2|Baxcalibur, F|\n|poke|p2|Blissey, F|\n|poke|p2|Rotom-Wash|\n|poke|p2|Amoonguss, M|\n|teampreview\n|\n|t:|1699932732\n|start\n|switch|p1a: Grafaiai|Grafaiai, M|100\/100\n|switch|p2a: Sawback|Baxcalibur, F|100\/100\n|turn|1\n|\n|t:|1699932741\n|move|p1a: Grafaiai|Knock Off|p2a: Sawback\n|-damage|p2a: Sawback|81\/100\n|-enditem|p2a: Sawback|Leftovers|[from] move: Knock Off|[of] p1a: Grafaiai\n|move|p2a: Sawback|Snowscape|p2a: Sawback\n|-weather|Snow\n|\n|-weather|Snow|[upkeep]\n|-heal|p2a: Sawback|87\/100|[from] ability: Ice Body\n|upkeep\n|turn|2\n|\n|t:|1699932751\n|move|p1a: Grafaiai|Parting Shot|p2a: Sawback\n|-unboost|p2a: Sawback|atk|1\n|-unboost|p2a: Sawback|spa|1\n|inactive|Battle timer is ON: inactive players will automatically lose when time's up. (requested by Scp999givehugz)\n|\n|t:|1699932766\n|switch|p1a: Drifblim|Drifblim, M|100\/100|[from] Parting Shot\n|move|p2a: Sawback|Blizzard|p1a: Drifblim\n|-supereffective|p1a: Drifblim\n|-damage|p1a: Drifblim|56\/100\n|\n|-weather|Snow|[upkeep]\n|-heal|p2a: Sawback|94\/100|[from] ability: Ice Body\n|-status|p1a: Drifblim|brn|[from] item: Flame Orb\n|upkeep\n|turn|3\n|\n|t:|1699932787\n|switch|p2a: Splish|Rotom-Wash|100\/100\n|move|p1a: Drifblim|Shadow Ball|p2a: Splish\n|-damage|p2a: Splish|40\/100\n|\n|-weather|Snow|[upkeep]\n|-heal|p2a: Splish|47\/100|[from] item: Leftovers\n|-damage|p1a: Drifblim|50\/100 brn|[from] brn\n|upkeep\n|turn|4\n|\n|t:|1699932798\n|-terastallize|p1a: Drifblim|Ghost\n|move|p1a: Drifblim|Strength Sap|p2a: Splish\n|-unboost|p2a: Splish|atk|1\n|-heal|p1a: Drifblim|83\/100 brn\n|move|p2a: Splish|Poltergeist|p1a: Drifblim|[miss]\n|-miss|p2a: Splish|p1a: Drifblim\n|\n|-weather|Snow|[upkeep]\n|-heal|p2a: Splish|53\/100|[from] item: Leftovers\n|-damage|p1a: Drifblim|77\/100 brn|[from] brn\n|upkeep\n|turn|5\n|\n|t:|1699932813\n|switch|p2a: Sawback|Baxcalibur, F|94\/100\n|move|p1a: Drifblim|Shadow Ball|p2a: Sawback\n|-crit|p2a: Sawback\n|-damage|p2a: Sawback|0 fnt\n|faint|p2a: Sawback\n|\n|-weather|none\n|-damage|p1a: Drifblim|71\/100 brn|[from] brn\n|upkeep\n|\n|t:|1699932825\n|switch|p2a: Blaze|Volcarona, M|100\/100\n|turn|6\n|\n|t:|1699932836\n|move|p2a: Blaze|Fire Blast|p1a: Drifblim\n|-damage|p1a: Drifblim|18\/100 brn\n|move|p1a: Drifblim|Clear Smog|p2a: Blaze\n|-damage|p2a: Blaze|80\/100\n|-clearboost|p2a: Blaze\n|\n|-heal|p2a: Blaze|87\/100|[from] item: Leftovers\n|-damage|p1a: Drifblim|12\/100 brn|[from] brn\n|upkeep\n|turn|7\n|\n|t:|1699932850\n|move|p2a: Blaze|Body Slam|p1a: Drifblim\n|-immune|p1a: Drifblim\n|move|p1a: Drifblim|Shadow Ball|p2a: Blaze\n|-damage|p2a: Blaze|26\/100\n|-unboost|p2a: Blaze|spd|1\n|\n|-heal|p2a: Blaze|32\/100|[from] item: Leftovers\n|-damage|p1a: Drifblim|6\/100 brn|[from] brn\n|upkeep\n|turn|8\n|\n|t:|1699932861\n|move|p2a: Blaze|Fire Blast|p1a: Drifblim\n|-damage|p1a: Drifblim|0 fnt\n|faint|p1a: Drifblim\n|\n|-heal|p2a: Blaze|39\/100|[from] item: Leftovers\n|upkeep\n|\n|t:|1699932869\n|switch|p1a: Grafaiai|Grafaiai, M|100\/100\n|turn|9\n|\n|t:|1699932876\n|switch|p2a: Among us|Amoonguss, M|100\/100\n|move|p1a: Grafaiai|Parting Shot|p2a: Among us\n|-unboost|p2a: Among us|atk|1\n|-unboost|p2a: Among us|spa|1\n|\n|t:|1699932887\n|switch|p1a: Farigiraf|Farigiraf, F|100\/100|[from] Parting Shot\n|\n|upkeep\n|turn|10\n|\n|t:|1699932894\n|move|p1a: Farigiraf|Twin Beam|p2a: Among us\n|-supereffective|p2a: Among us\n|-damage|p2a: Among us|54\/100\n|-supereffective|p2a: Among us\n|-damage|p2a: Among us|11\/100\n|-hitcount|p2a: Among us|2\n|move|p2a: Among us|Toxic|p1a: Farigiraf\n|-status|p1a: Farigiraf|tox\n|\n|-heal|p2a: Among us|17\/100|[from] item: Leftovers\n|-damage|p1a: Farigiraf|94\/100 tox|[from] psn\n|upkeep\n|turn|11\n|\n|t:|1699932914\n|switch|p2a: Chompers|Garchomp, F|100\/100\n|move|p1a: Farigiraf|Twin Beam|p2a: Chompers\n|-damage|p2a: Chompers|83\/100\n|-damage|p2a: Chompers|64\/100\n|-hitcount|p2a: Chompers|2\n|\n|-damage|p1a: Farigiraf|82\/100 tox|[from] psn\n|upkeep\n|turn|12\n|\n|t:|1699932926\n|switch|p1a: Tsareena|Tsareena, F|100\/100\n|move|p2a: Chompers|Body Slam|p1a: Tsareena\n|-damage|p1a: Tsareena|73\/100\n|\n|upkeep\n|turn|13\n|\n|t:|1699932934\n|move|p2a: Chompers|Flamethrower|p1a: Tsareena\n|-supereffective|p1a: Tsareena\n|-damage|p1a: Tsareena|51\/100\n|move|p1a: Tsareena|Play Rough|p2a: Chompers\n|-supereffective|p2a: Chompers\n|-damage|p2a: Chompers|12\/100\n|-damage|p1a: Tsareena|39\/100|[from] ability: Rough Skin|[of] p2a: Chompers\n|-damage|p1a: Tsareena|22\/100|[from] item: Rocky Helmet|[of] p2a: Chompers\n|\n|upkeep\n|turn|14\n|\n|t:|1699932951\n|switch|p2a: Blaze|Volcarona, M|39\/100\n|switch|p1a: Grafaiai|Grafaiai, M|100\/100\n|\n|-heal|p2a: Blaze|45\/100|[from] item: Leftovers\n|upkeep\n|turn|15\n|\n|t:|1699932962\n|switch|p2a: Splish|Rotom-Wash|53\/100\n|move|p1a: Grafaiai|Toxic|p2a: Splish\n|-status|p2a: Splish|tox\n|\n|-heal|p2a: Splish|59\/100 tox|[from] item: Leftovers\n|-damage|p2a: Splish|53\/100 tox|[from] psn\n|upkeep\n|turn|16\n|\n|t:|1699932981\n|move|p1a: Grafaiai|Parting Shot|p2a: Splish\n|-unboost|p2a: Splish|atk|1\n|-unboost|p2a: Splish|spa|1\n|\n|t:|1699932987\n|switch|p1a: Tsareena|Tsareena, F|22\/100|[from] Parting Shot\n|move|p2a: Splish|Discharge|p1a: Tsareena\n|-resisted|p1a: Tsareena\n|-damage|p1a: Tsareena|15\/100\n|\n|-heal|p2a: Splish|59\/100 tox|[from] item: Leftovers\n|-damage|p2a: Splish|47\/100 tox|[from] psn\n|upkeep\n|turn|17\n|\n|t:|1699933002\n|switch|p2a: Blaze|Volcarona, M|45\/100\n|move|p1a: Tsareena|Rapid Spin|p2a: Blaze\n|-damage|p2a: Blaze|29\/100\n|-boost|p1a: Tsareena|spe|1\n|\n|-heal|p2a: Blaze|35\/100|[from] item: Leftovers\n|upkeep\n|turn|18\n|\n|t:|1699933023\n|switch|p1a: Grafaiai|Grafaiai, M|100\/100\n|move|p2a: Blaze|Body Slam|p1a: Grafaiai\n|-damage|p1a: Grafaiai|84\/100\n|\n|-heal|p2a: Blaze|41\/100|[from] item: Leftovers\n|upkeep\n|turn|19\n|\n|t:|1699933036\n|switch|p2a: Bestone|Blissey, F|100\/100\n|move|p1a: Grafaiai|Knock Off|p2a: Bestone\n|-crit|p2a: Bestone\n|-damage|p2a: Bestone|42\/100\n|-enditem|p2a: Bestone|Heavy-Duty Boots|[from] move: Knock Off|[of] p1a: Grafaiai\n|\n|upkeep\n|turn|20\n|\n|t:|1699933047\n|move|p1a: Grafaiai|Knock Off|p2a: Bestone\n|-damage|p2a: Bestone|12\/100\n|move|p2a: Bestone|Thunder|p1a: Grafaiai|[miss]\n|-miss|p2a: Bestone|p1a: Grafaiai\n|\n|upkeep\n|turn|21\n|\n|t:|1699933056\n|switch|p2a: Splish|Rotom-Wash|47\/100 tox\n|move|p1a: Grafaiai|Knock Off|p2a: Splish\n|-damage|p2a: Splish|27\/100 tox\n|-enditem|p2a: Splish|Leftovers|[from] move: Knock Off|[of] p1a: Grafaiai\n|\n|-damage|p2a: Splish|21\/100 tox|[from] psn\n|upkeep\n|turn|22\n|\n|t:|1699933069\n|move|p1a: Grafaiai|Parting Shot|p2a: Splish\n|-unboost|p2a: Splish|atk|1\n|-unboost|p2a: Splish|spa|1\n|\n|t:|1699933073\n|switch|p1a: Sneasler|Sneasler, M|100\/100|[from] Parting Shot\n|move|p2a: Splish|Poltergeist|p1a: Sneasler\n|-activate|p1a: Sneasler|move: Poltergeist|Weakness Policy\n|-damage|p1a: Sneasler|81\/100\n|\n|-damage|p2a: Splish|9\/100 tox|[from] psn\n|upkeep\n|turn|23\n|\n|t:|1699933086\n|switch|p2a: Blaze|Volcarona, M|41\/100\n|move|p1a: Sneasler|Dire Claw|p2a: Blaze\n|-damage|p2a: Blaze|4\/100\n|-status|p1a: Sneasler|brn|[from] ability: Flame Body|[of] p2a: Blaze\n|\n|-heal|p2a: Blaze|10\/100|[from] item: Leftovers\n|-damage|p1a: Sneasler|75\/100 brn|[from] brn\n|upkeep\n|turn|24\n|\n|t:|1699933098\n|switch|p2a: Chompers|Garchomp, F|12\/100\n|move|p1a: Sneasler|Dire Claw|p2a: Chompers\n|-resisted|p2a: Chompers\n|-damage|p2a: Chompers|3\/100\n|-status|p2a: Chompers|psn\n|-damage|p1a: Sneasler|62\/100 brn|[from] ability: Rough Skin|[of] p2a: Chompers\n|-damage|p1a: Sneasler|46\/100 brn|[from] item: Rocky Helmet|[of] p2a: Chompers\n|\n|-damage|p2a: Chompers|0 fnt|[from] psn\n|faint|p2a: Chompers\n|-damage|p1a: Sneasler|40\/100 brn|[from] brn\n|upkeep\n|\n|t:|1699933114\n|switch|p2a: Splish|Rotom-Wash|9\/100 tox\n|turn|25\n|\n|t:|1699933120\n|move|p1a: Sneasler|Dire Claw|p2a: Splish\n|-damage|p2a: Splish|0 fnt\n|faint|p2a: Splish\n|\n|-damage|p1a: Sneasler|34\/100 brn|[from] brn\n|upkeep\n|\n|t:|1699933128\n|switch|p2a: Among us|Amoonguss, M|17\/100\n|turn|26\n|\n|t:|1699933133\n|move|p1a: Sneasler|Acrobatics|p2a: Among us\n|-supereffective|p2a: Among us\n|-damage|p2a: Among us|0 fnt\n|faint|p2a: Among us\n|\n|-damage|p1a: Sneasler|28\/100 brn|[from] brn\n|upkeep\n|\n|t:|1699933141\n|switch|p2a: Blaze|Volcarona, M|10\/100\n|turn|27\n|\n|t:|1699933146\n|move|p1a: Sneasler|Dire Claw|p2a: Blaze\n|-damage|p2a: Blaze|0 fnt\n|faint|p2a: Blaze\n|\n|-damage|p1a: Sneasler|22\/100 brn|[from] brn\n|upkeep\n|-message|Scp999givehugz forfeited.\n|\n|win|Khryce\n|raw|Khryce's rating: 1114 &rarr; <strong>1136<\/strong><br \/>(+22 for winning)\n|raw|Scp999givehugz's rating: 1079 &rarr; <strong>1059<\/strong><br \/>(-20 for losing)\n|l|\u2606Scp999givehugz\n","uploadtime":1699933157,"views":5,"p1id":"khryce","p2id":"scp999givehugz","formatid":"gen9anythinggoes","rating":1059,"private":0,"password":""}