{"id":"gen9anythinggoes-1977719542","p1":"DaddySampai","p2":"Darcia","format":"[Gen 9] Anything Goes","log":"|j|\u2606DaddySampai\n|j|\u2606Darcia\n|t:|1698441920\n|gametype|singles\n|player|p1|DaddySampai|flannery|\n|player|p2|Darcia|grimsley|\n|teamsize|p1|6\n|teamsize|p2|6\n|gen|9\n|tier|[Gen 9] Anything Goes\n|rule|HP Percentage Mod: HP is shown in percentages\n|rule|Endless Battle Clause: Forcing endless battles is banned\n|clearpoke\n|poke|p1|Sneasel-Hisui, M|\n|poke|p1|Bronzong|\n|poke|p1|Iron Bundle|\n|poke|p1|Sableye, F|\n|poke|p1|Avalugg, M|\n|poke|p1|Dachsbun, F|\n|poke|p2|Ribombee, F|\n|poke|p2|Zoroark-Hisui, F|\n|poke|p2|Baxcalibur, M|\n|poke|p2|Articuno-Galar|\n|poke|p2|Ogerpon-Wellspring, F|\n|poke|p2|Great Tusk|\n|teampreview\n|\n|t:|1698441965\n|start\n|switch|p1a: Bronzong|Bronzong|100\/100\n|switch|p2a: Titania|Ribombee, F|100\/100\n|turn|1\n|\n|t:|1698441972\n|move|p2a: Titania|Taunt|p1a: Bronzong\n|-start|p1a: Bronzong|move: Taunt\n|cant|p1a: Bronzong|move: Taunt|Stealth Rock\n|\n|upkeep\n|turn|2\n|\n|t:|1698441977\n|move|p2a: Titania|Shadow Ball|p1a: Bronzong\n|-supereffective|p1a: Bronzong\n|-damage|p1a: Bronzong|31\/100\n|-unboost|p1a: Bronzong|spd|1\n|move|p1a: Bronzong|Gyro Ball|p2a: Titania\n|-damage|p2a: Titania|10\/100\n|replace|p2a: Ace|Zoroark-Hisui, F\n|-end|p2a: Ace|Illusion\n|\n|-heal|p1a: Bronzong|37\/100|[from] item: Leftovers\n|upkeep\n|turn|3\n|\n|t:|1698442009\n|move|p2a: Ace|Shadow Ball|p1a: Bronzong\n|-supereffective|p1a: Bronzong\n|-damage|p1a: Bronzong|0 fnt\n|faint|p1a: Bronzong\n|\n|upkeep\n|\n|t:|1698442037\n|switch|p1a: Iron Bundle|Iron Bundle|100\/100\n|turn|4\n|\n|t:|1698442064\n|move|p1a: Iron Bundle|Freeze-Dry|p2a: Ace\n|-damage|p2a: Ace|0 fnt\n|faint|p2a: Ace\n|\n|upkeep\n|\n|t:|1698442070\n|switch|p2a: Shang Tsung|Articuno-Galar|100\/100\n|turn|5\n|\n|t:|1698442093\n|-end|p1a: Iron Bundle|Quark Drive|[silent]\n|switch|p1a: Avalugg|Avalugg, M|100\/100\n|-terastallize|p2a: Shang Tsung|Fairy\n|move|p2a: Shang Tsung|Calm Mind|p2a: Shang Tsung\n|-boost|p2a: Shang Tsung|spa|1\n|-boost|p2a: Shang Tsung|spd|1\n|\n|upkeep\n|turn|6\n|\n|t:|1698442104\n|move|p2a: Shang Tsung|Tera Blast|p1a: Avalugg|[anim] Tera Blast Fairy\n|-damage|p1a: Avalugg|64\/100\n|move|p1a: Avalugg|Avalanche|p2a: Shang Tsung\n|-damage|p2a: Shang Tsung|38\/100\n|\n|-heal|p2a: Shang Tsung|44\/100|[from] item: Leftovers\n|upkeep\n|turn|7\n|\n|t:|1698442123\n|move|p2a: Shang Tsung|Recover|p2a: Shang Tsung\n|-heal|p2a: Shang Tsung|94\/100\n|move|p1a: Avalugg|Avalanche|p2a: Shang Tsung\n|-damage|p2a: Shang Tsung|64\/100\n|\n|-heal|p2a: Shang Tsung|71\/100|[from] item: Leftovers\n|upkeep\n|turn|8\n|\n|t:|1698442132\n|move|p2a: Shang Tsung|Calm Mind|p2a: Shang Tsung\n|-boost|p2a: Shang Tsung|spa|1\n|-boost|p2a: Shang Tsung|spd|1\n|move|p1a: Avalugg|Avalanche|p2a: Shang Tsung\n|-damage|p2a: Shang Tsung|36\/100\n|\n|-heal|p2a: Shang Tsung|42\/100|[from] item: Leftovers\n|upkeep\n|turn|9\n|\n|t:|1698442142\n|switch|p1a: Sneasel|Sneasel-Hisui, M|100\/100\n|move|p2a: Shang Tsung|Recover|p2a: Shang Tsung\n|-heal|p2a: Shang Tsung|92\/100\n|\n|-heal|p2a: Shang Tsung|99\/100|[from] item: Leftovers\n|upkeep\n|turn|10\n|\n|t:|1698442151\n|move|p1a: Sneasel|Gunk Shot|p2a: Shang Tsung\n|-supereffective|p2a: Shang Tsung\n|-damage|p2a: Shang Tsung|0 fnt\n|faint|p2a: Shang Tsung\n|\n|upkeep\n|\n|t:|1698442159\n|switch|p2a: Titania|Ribombee, F|100\/100\n|turn|11\n|\n|t:|1698442185\n|switch|p1a: Avalugg|Avalugg, M|64\/100\n|move|p2a: Titania|Sticky Web|p1a: Avalugg\n|-sidestart|p1: DaddySampai|move: Sticky Web\n|\n|upkeep\n|turn|12\n|\n|t:|1698442191\n|move|p2a: Titania|Moonblast|p1a: Avalugg\n|-damage|p1a: Avalugg|39\/100\n|-unboost|p1a: Avalugg|spa|1\n|move|p1a: Avalugg|Rapid Spin|p2a: Titania\n|-damage|p2a: Titania|74\/100\n|-boost|p1a: Avalugg|spe|1\n|-sideend|p1: DaddySampai|Sticky Web|[from] move: Rapid Spin|[of] p1a: Avalugg\n|\n|upkeep\n|turn|13\n|\n|t:|1698442200\n|move|p2a: Titania|Moonblast|p1a: Avalugg\n|-damage|p1a: Avalugg|14\/100\n|move|p1a: Avalugg|Rapid Spin|p2a: Titania\n|-damage|p2a: Titania|48\/100\n|-boost|p1a: Avalugg|spe|1\n|\n|upkeep\n|turn|14\n|\n|t:|1698442209\n|move|p2a: Titania|Moonblast|p1a: Avalugg\n|-damage|p1a: Avalugg|0 fnt\n|faint|p1a: Avalugg\n|\n|upkeep\n|\n|t:|1698442217\n|switch|p1a: Iron Bundle|Iron Bundle|100\/100\n|turn|15\n|\n|t:|1698442254\n|move|p1a: Iron Bundle|Freeze-Dry|p2a: Titania\n|-damage|p2a: Titania|0 fnt\n|faint|p2a: Titania\n|\n|upkeep\n|\n|t:|1698442269\n|switch|p2a: Godzilla|Baxcalibur, M|100\/100\n|turn|16\n|\n|t:|1698442304\n|move|p1a: Iron Bundle|Freeze-Dry|p2a: Godzilla\n|-damage|p2a: Godzilla|49\/100\n|move|p2a: Godzilla|Scale Shot|p1a: Iron Bundle\n|-crit|p1a: Iron Bundle\n|-damage|p1a: Iron Bundle|77\/100\n|-damage|p1a: Iron Bundle|63\/100\n|-damage|p1a: Iron Bundle|48\/100\n|-damage|p1a: Iron Bundle|32\/100\n|-hitcount|p1a: Iron Bundle|4\n|-unboost|p2a: Godzilla|def|1\n|-boost|p2a: Godzilla|spe|1\n|\n|upkeep\n|turn|17\n|\n|t:|1698442334\n|-end|p1a: Iron Bundle|Quark Drive|[silent]\n|switch|p1a: Dachsbun|Dachsbun, F|100\/100\n|move|p2a: Godzilla|Icicle Spear|p1a: Dachsbun\n|-damage|p1a: Dachsbun|91\/100\n|-damage|p1a: Dachsbun|81\/100\n|-damage|p1a: Dachsbun|71\/100\n|-damage|p1a: Dachsbun|61\/100\n|-hitcount|p1a: Dachsbun|4\n|\n|-heal|p1a: Dachsbun|67\/100|[from] item: Leftovers\n|upkeep\n|turn|18\n|\n|t:|1698442356\n|move|p2a: Godzilla|Swords Dance|p2a: Godzilla\n|-boost|p2a: Godzilla|atk|2\n|move|p1a: Dachsbun|Play Rough|p2a: Godzilla\n|-supereffective|p2a: Godzilla\n|-damage|p2a: Godzilla|0 fnt\n|faint|p2a: Godzilla\n|\n|-heal|p1a: Dachsbun|73\/100|[from] item: Leftovers\n|upkeep\n|\n|t:|1698442367\n|switch|p2a: Behemoth|Great Tusk|100\/100\n|turn|19\n|\n|t:|1698442389\n|switch|p1a: Sableye|Sableye, F|100\/100\n|move|p2a: Behemoth|Rapid Spin|p1a: Sableye\n|-immune|p1a: Sableye\n|\n|upkeep\n|turn|20\n|\n|t:|1698442395\n|-end|p2a: Behemoth|Protosynthesis|[silent]\n|switch|p2a: Katara|Ogerpon-Wellspring, F|100\/100\n|move|p1a: Sableye|Knock Off|p2a: Katara\n|-damage|p2a: Katara|76\/100\n|\n|upkeep\n|turn|21\n|\n|t:|1698442407\n|move|p1a: Sableye|Thunder Wave|p2a: Katara\n|-status|p2a: Katara|par\n|move|p2a: Katara|Swords Dance|p2a: Katara\n|-boost|p2a: Katara|atk|2\n|\n|upkeep\n|turn|22\n|\n|t:|1698442418\n|switch|p1a: Dachsbun|Dachsbun, F|73\/100\n|move|p2a: Katara|Horn Leech|p1a: Dachsbun\n|-damage|p1a: Dachsbun|9\/100\n|-heal|p2a: Katara|100\/100 par|[from] drain|[of] p1a: Dachsbun\n|\n|-heal|p1a: Dachsbun|15\/100|[from] item: Leftovers\n|upkeep\n|turn|23\n|\n|t:|1698442428\n|move|p1a: Dachsbun|Baton Pass|p1a: Dachsbun\n|\n|t:|1698442441\n|switch|p1a: Sneasel|Sneasel-Hisui, M|100\/100|[from] Baton Pass\n|move|p2a: Katara|Horn Leech|p1a: Sneasel\n|-resisted|p1a: Sneasel\n|-damage|p1a: Sneasel|8\/100\n|\n|upkeep\n|turn|24\n|\n|t:|1698442449\n|switch|p2a: Behemoth|Great Tusk|100\/100\n|move|p1a: Sneasel|Gunk Shot|p2a: Behemoth\n|-resisted|p2a: Behemoth\n|-damage|p2a: Behemoth|78\/100\n|\n|upkeep\n|turn|25\n|\n|t:|1698442461\n|switch|p1a: Sableye|Sableye, F|100\/100\n|move|p2a: Behemoth|Knock Off|p1a: Sableye\n|-damage|p1a: Sableye|63\/100\n|-enditem|p1a: Sableye|Eject Button|[from] move: Knock Off|[of] p2a: Behemoth\n|\n|upkeep\n|turn|26\n|\n|t:|1698442474\n|move|p2a: Behemoth|Earthquake|p1a: Sableye\n|-damage|p1a: Sableye|5\/100\n|move|p1a: Sableye|Knock Off|p2a: Behemoth\n|-resisted|p2a: Behemoth\n|-damage|p2a: Behemoth|70\/100\n|-enditem|p2a: Behemoth|Assault Vest|[from] move: Knock Off|[of] p1a: Sableye\n|\n|upkeep\n|turn|27\n|\n|t:|1698442489\n|move|p1a: Sableye|Recover|p1a: Sableye\n|-heal|p1a: Sableye|55\/100\n|move|p2a: Behemoth|Rapid Spin|p1a: Sableye\n|-immune|p1a: Sableye\n|\n|upkeep\n|turn|28\n|\n|t:|1698442496\n|move|p1a: Sableye|Recover|p1a: Sableye\n|-heal|p1a: Sableye|100\/100\n|move|p2a: Behemoth|Earthquake|p1a: Sableye\n|-damage|p1a: Sableye|39\/100\n|\n|upkeep\n|turn|29\n|\n|t:|1698442528\n|move|p2a: Behemoth|Rapid Spin|p1a: Sableye\n|-immune|p1a: Sableye\n|move|p1a: Sableye|Knock Off|p2a: Behemoth\n|-resisted|p2a: Behemoth\n|-crit|p2a: Behemoth\n|-damage|p2a: Behemoth|61\/100\n|\n|upkeep\n|turn|30\n|\n|t:|1698442536\n|-end|p2a: Behemoth|Protosynthesis|[silent]\n|switch|p2a: Katara|Ogerpon-Wellspring, F|100\/100 par\n|move|p1a: Sableye|Recover|p1a: Sableye\n|-heal|p1a: Sableye|89\/100\n|\n|upkeep\n|turn|31\n|\n|t:|1698442547\n|switch|p1a: Dachsbun|Dachsbun, F|15\/100\n|move|p2a: Katara|Ivy Cudgel|p1a: Dachsbun\n|-damage|p1a: Dachsbun|0 fnt\n|faint|p1a: Dachsbun\n|\n|upkeep\n|\n|t:|1698442549\n|switch|p1a: Iron Bundle|Iron Bundle|32\/100\n|turn|32\n|\n|t:|1698442556\n|move|p1a: Iron Bundle|Freeze-Dry|p2a: Katara\n|-supereffective|p2a: Katara\n|-damage|p2a: Katara|0 fnt\n|faint|p2a: Katara\n|\n|upkeep\n|\n|t:|1698442561\n|switch|p2a: Behemoth|Great Tusk|61\/100\n|turn|33\n|\n|t:|1698442574\n|move|p1a: Iron Bundle|Freeze-Dry|p2a: Behemoth\n|-supereffective|p2a: Behemoth\n|-crit|p2a: Behemoth\n|-damage|p2a: Behemoth|0 fnt\n|faint|p2a: Behemoth\n|-end|p2a: Behemoth|Protosynthesis|[silent]\n|\n|win|DaddySampai\n|c|\u2606DaddySampai|ggs\n","uploadtime":1698442588,"views":38,"p1id":"daddysampai","p2id":"darcia","formatid":"gen9anythinggoes","rating":0,"private":0,"password":""}