{"id":"gen9anythinggoes-1982700061","p1":"DITTO HAS APPERARD","p2":"dershy","format":"[Gen 9] Anything Goes","log":"|j|\u2606DITTO HAS APPERARD\n|j|\u203ddershy\n|t:|1699036920\n|gametype|singles\n|player|p1|DITTO HAS APPERARD|plasmagrunt|1149\n|player|p2|dershy|102|1031\n|teamsize|p1|6\n|teamsize|p2|1\n|gen|9\n|tier|[Gen 9] Anything Goes\n|rated|\n|rule|HP Percentage Mod: HP is shown in percentages\n|rule|Endless Battle Clause: Forcing endless battles is banned\n|clearpoke\n|poke|p1|Arcanine, F|\n|poke|p1|Volcanion|\n|poke|p1|Gogoat, M|\n|poke|p1|Mudsdale, M|\n|poke|p1|Rayquaza|\n|poke|p1|Spectrier|\n|poke|p2|Polteageist-Antique|\n|teampreview\n|\n|t:|1699036928\n|start\n|switch|p1a: Blood bending-|Spectrier|100\/100\n|switch|p2a: Polteageist|Polteageist-Antique, shiny|100\/100\n|turn|1\n|\n|t:|1699036946\n|-terastallize|p1a: Blood bending-|Ghost\n|move|p1a: Blood bending-|Shadow Ball|p2a: Polteageist\n|-supereffective|p2a: Polteageist\n|-enditem|p2a: Polteageist|Focus Sash\n|-damage|p2a: Polteageist|1\/100\n|-unboost|p2a: Polteageist|spd|1\n|move|p2a: Polteageist|Shell Smash|p2a: Polteageist\n|-unboost|p2a: Polteageist|def|1\n|-unboost|p2a: Polteageist|spd|1\n|-boost|p2a: Polteageist|atk|2\n|-boost|p2a: Polteageist|spa|2\n|-boost|p2a: Polteageist|spe|2\n|\n|upkeep\n|turn|2\n|\n|t:|1699036964\n|move|p2a: Polteageist|Shadow Ball|p1a: Blood bending-\n|-supereffective|p1a: Blood bending-\n|-damage|p1a: Blood bending-|0 fnt\n|faint|p1a: Blood bending-\n|\n|upkeep\n|\n|t:|1699036969\n|switch|p1a: Air bender|Rayquaza|100\/100\n|-ability|p1a: Air bender|Air Lock\n|turn|3\n|\n|t:|1699036983\n|move|p2a: Polteageist|Stored Power|p1a: Air bender\n|-damage|p1a: Air bender|0 fnt\n|faint|p1a: Air bender\n|\n|upkeep\n|\n|t:|1699036988\n|switch|p1a: Water|Volcanion|100\/100\n|turn|4\n|\n|t:|1699036992\n|move|p2a: Polteageist|Stored Power|p1a: Water\n|-damage|p1a: Water|0 fnt\n|faint|p1a: Water\n|\n|upkeep\n|\n|t:|1699037000\n|switch|p1a: Grass|Gogoat, M|100\/100\n|turn|5\n|\n|t:|1699037004\n|move|p2a: Polteageist|Stored Power|p1a: Grass\n|-damage|p1a: Grass|0 fnt\n|faint|p1a: Grass\n|\n|upkeep\n|\n|t:|1699037009\n|switch|p1a: Earth|Mudsdale, M|100\/100\n|turn|6\n|\n|t:|1699037013\n|move|p2a: Polteageist|Stored Power|p1a: Earth\n|-damage|p1a: Earth|0 fnt\n|faint|p1a: Earth\n|\n|upkeep\n|\n|t:|1699037017\n|switch|p1a: Fire|Arcanine, F|100\/100\n|turn|7\n|c|\u2606DITTO HAS APPERARD|;-;\n|c|\u2606DITTO HAS APPERARD|my first loss\n|c|\u2606DITTO HAS APPERARD|to a teapot at that\n|c|\u2606DITTO HAS APPERARD|\ud83d\ude2d\n|c|\u2606DITTO HAS APPERARD|gg\n|\n|t:|1699037046\n|move|p2a: Polteageist|Stored Power|p1a: Fire\n|-damage|p1a: Fire|0 fnt\n|faint|p1a: Fire\n|\n|win|dershy\n|raw|DITTO HAS APPERARD's rating: 1149 &rarr; <strong>1116<\/strong><br \/>(-33 for losing)\n|raw|dershy's rating: 1031 &rarr; <strong>1078<\/strong><br \/>(+47 for winning)\n","uploadtime":1699037060,"views":6,"p1id":"dittohasapperard","p2id":"dershy","formatid":"gen9anythinggoes","rating":1078,"private":0,"password":""}