{"id":"gen9anythinggoes-1976666653","p1":"gmfvjgmv","p2":"Good_Loser_Rinku","format":"[Gen 9] Anything Goes","log":"|j|\u2606gmfvjgmv\n|j|\u2606Good_Loser_Rinku\n|t:|1698331806\n|gametype|singles\n|player|p1|gmfvjgmv|alder|\n|player|p2|Good_Loser_Rinku|silver|\n|teamsize|p1|6\n|teamsize|p2|6\n|gen|9\n|tier|[Gen 9] Anything Goes\n|rule|HP Percentage Mod: HP is shown in percentages\n|rule|Endless Battle Clause: Forcing endless battles is banned\n|clearpoke\n|poke|p1|Dragapult, M|\n|poke|p1|Walking Wake|\n|poke|p1|Ursaluna-Bloodmoon, M|\n|poke|p1|Ursaluna, F|\n|poke|p1|Landorus-Therian, M|\n|poke|p1|Raichu-Alola, M|\n|poke|p2|Skeledirge, M|\n|poke|p2|Maushold-Four|\n|poke|p2|Weavile, M|\n|poke|p2|Arceus-Ground|\n|poke|p2|Kingambit, M|\n|poke|p2|Amoonguss, F|\n|teampreview\n|inactive|Battle timer is ON: inactive players will automatically lose when time's up. (requested by Good_Loser_Rinku)\n|\n|t:|1698331818\n|start\n|switch|p1a: Walking Wake|Walking Wake|100\/100\n|switch|p2a: Amoonguss|Amoonguss, F, shiny|100\/100\n|turn|1\n|\n|t:|1698331832\n|-end|p1a: Walking Wake|Protosynthesis|[silent]\n|switch|p1a: Ursaluna|Ursaluna, F, shiny|100\/100\n|move|p2a: Amoonguss|Spore|p1a: Ursaluna\n|-status|p1a: Ursaluna|slp|[from] move: Spore\n|\n|upkeep\n|turn|2\n|\n|t:|1698331849\n|switch|p2a: Weavile|Weavile, M|100\/100\n|-ability|p2a: Weavile|Pressure\n|cant|p1a: Ursaluna|slp\n|move|p1a: Ursaluna|Sleep Talk|p1a: Ursaluna\n|move|p1a: Ursaluna|Bulk Up|p1a: Ursaluna|[from]move: Sleep Talk\n|-boost|p1a: Ursaluna|atk|1\n|-boost|p1a: Ursaluna|def|1\n|\n|upkeep\n|turn|3\n|\n|t:|1698331860\n|move|p2a: Weavile|Substitute|p2a: Weavile\n|-start|p2a: Weavile|Substitute\n|-damage|p2a: Weavile|76\/100\n|-curestatus|p1a: Ursaluna|slp|[msg]\n|move|p1a: Ursaluna|Sleep Talk||[still]\n|-fail|p1a: Ursaluna\n|\n|-status|p1a: Ursaluna|brn|[from] item: Flame Orb\n|upkeep\n|turn|4\n|c|\u2606gmfvjgmv|thanks now i can sleep talk\n|c|\u2606Good_Loser_Rinku|for 1 turn\n|c|\u2606Good_Loser_Rinku|._.\n|\n|t:|1698331885\n|move|p2a: Weavile|Hone Claws|p2a: Weavile\n|-boost|p2a: Weavile|atk|1\n|-boost|p2a: Weavile|accuracy|1\n|move|p1a: Ursaluna|Facade|p2a: Weavile\n|-end|p2a: Weavile|Substitute\n|\n|-damage|p1a: Ursaluna|94\/100 brn|[from] brn\n|upkeep\n|turn|5\n|\n|t:|1698331913\n|move|p2a: Weavile|Substitute|p2a: Weavile\n|-start|p2a: Weavile|Substitute\n|-damage|p2a: Weavile|51\/100\n|move|p1a: Ursaluna|Facade|p2a: Weavile\n|-end|p2a: Weavile|Substitute\n|\n|-damage|p1a: Ursaluna|88\/100 brn|[from] brn\n|upkeep\n|turn|6\n|inactive|gmfvjgmv has 270 seconds left.\n|\n|t:|1698331946\n|move|p2a: Weavile|Baton Pass|p2a: Weavile\n|\n|t:|1698331953\n|switch|p2a: Skeledirge|Skeledirge, M|100\/100|[from] Baton Pass\n|move|p1a: Ursaluna|Facade|p2a: Skeledirge\n|-immune|p2a: Skeledirge\n|\n|-damage|p1a: Ursaluna|82\/100 brn|[from] brn\n|upkeep\n|turn|7\n|inactive|gmfvjgmv has 270 seconds left.\n|\n|t:|1698331979\n|switch|p1a: Walking Wake|Walking Wake|100\/100\n|move|p2a: Skeledirge|Sing|p1a: Walking Wake\n|-status|p1a: Walking Wake|slp|[from] move: Sing\n|\n|upkeep\n|turn|8\n|inactive|Good_Loser_Rinku has 270 seconds left.\n|\n|t:|1698331996\n|-end|p1a: Walking Wake|Protosynthesis|[silent]\n|switch|p1a: Landorus|Landorus-Therian, M|100\/100\n|-ability|p1a: Landorus|Intimidate|boost\n|-unboost|p2a: Skeledirge|atk|1\n|switch|p2a: Weavile|Weavile, M|51\/100\n|-ability|p2a: Weavile|Pressure\n|\n|upkeep\n|turn|9\n|inactive|Good_Loser_Rinku has 270 seconds left.\n|\n|t:|1698332023\n|switch|p2a: Arceus|Arceus-Ground|100\/100\n|switch|p1a: Raichu|Raichu-Alola, M, shiny|100\/100\n|\n|upkeep\n|turn|10\n|\n|t:|1698332037\n|switch|p1a: Walking Wake|Walking Wake|100\/100 slp\n|move|p2a: Arceus|Judgment|p1a: Walking Wake\n|-damage|p1a: Walking Wake|65\/100 slp\n|\n|upkeep\n|turn|11\n|\n|t:|1698332052\n|switch|p2a: Weavile|Weavile, M|51\/100\n|-ability|p2a: Weavile|Pressure\n|cant|p1a: Walking Wake|slp\n|\n|upkeep\n|turn|12\n|\n|t:|1698332064\n|-end|p1a: Walking Wake|Protosynthesis|[silent]\n|switch|p1a: Raichu|Raichu-Alola, M, shiny|100\/100\n|move|p2a: Weavile|Substitute|p2a: Weavile\n|-start|p2a: Weavile|Substitute\n|-damage|p2a: Weavile|26\/100\n|\n|upkeep\n|turn|13\n|\n|t:|1698332078\n|move|p2a: Weavile|Hone Claws|p2a: Weavile\n|-boost|p2a: Weavile|atk|1\n|-boost|p2a: Weavile|accuracy|1\n|move|p1a: Raichu|Discharge|p2a: Weavile|[miss]\n|-miss|p1a: Raichu|p2a: Weavile\n|\n|upkeep\n|turn|14\n|inactive|Good_Loser_Rinku has 270 seconds left.\n|c|\u2606gmfvjgmv|youra good challenge\n|c|\u2606Good_Loser_Rinku|thanks,you too\n|inactive|gmfvjgmv has 240 seconds left.\n|\n|t:|1698332110\n|move|p2a: Weavile|Baton Pass|p2a: Weavile\n|\n|t:|1698332113\n|switch|p2a: Maushold|Maushold-Four|100\/100|[from] Baton Pass\n|move|p1a: Raichu|Discharge|p2a: Maushold\n|-end|p2a: Maushold|Substitute\n|\n|upkeep\n|turn|15\n|\n|t:|1698332122\n|move|p2a: Maushold|Tidy Up|p2a: Maushold\n|-boost|p2a: Maushold|atk|1\n|-boost|p2a: Maushold|spe|1\n|move|p1a: Raichu|Discharge|p2a: Maushold\n|-damage|p2a: Maushold|47\/100\n|\n|upkeep\n|turn|16\n|\n|t:|1698332132\n|move|p2a: Maushold|Population Bomb|p1a: Raichu\n|-damage|p1a: Raichu|66\/100\n|-damage|p1a: Raichu|33\/100\n|-damage|p1a: Raichu|2\/100\n|-damage|p1a: Raichu|0 fnt\n|faint|p1a: Raichu\n|-hitcount|p1: Raichu|4\n|\n|upkeep\n|\n|t:|1698332145\n|switch|p1a: Dragapult|Dragapult, M|100\/100\n|turn|17\n|\n|t:|1698332151\n|move|p2a: Maushold|Beat Up|p1a: Dragapult\n|-supereffective|p1a: Dragapult\n|-damage|p1a: Dragapult|85\/100\n|-supereffective|p1a: Dragapult\n|-damage|p1a: Dragapult|62\/100\n|-supereffective|p1a: Dragapult\n|-damage|p1a: Dragapult|43\/100\n|-supereffective|p1a: Dragapult\n|-damage|p1a: Dragapult|19\/100\n|-supereffective|p1a: Dragapult\n|-damage|p1a: Dragapult|0 fnt\n|faint|p1a: Dragapult\n|-hitcount|p1: Dragapult|5\n|\n|upkeep\n|inactive|gmfvjgmv has 240 seconds left.\n|\n|t:|1698332172\n|switch|p1a: Ursaluna|Ursaluna-Bloodmoon, M|100\/100\n|turn|18\n|inactive|gmfvjgmv has 240 seconds left.\n|\n|t:|1698332194\n|-terastallize|p2a: Maushold|Ghost\n|move|p2a: Maushold|Population Bomb|p1a: Ursaluna\n|-damage|p1a: Ursaluna|90\/100\n|-damage|p1a: Ursaluna|80\/100\n|-damage|p1a: Ursaluna|70\/100\n|-damage|p1a: Ursaluna|61\/100\n|-damage|p1a: Ursaluna|50\/100\n|-damage|p1a: Ursaluna|39\/100\n|-damage|p1a: Ursaluna|30\/100\n|-damage|p1a: Ursaluna|20\/100\n|-crit|p1a: Ursaluna\n|-damage|p1a: Ursaluna|5\/100\n|-damage|p1a: Ursaluna|0 fnt\n|faint|p1a: Ursaluna\n|-hitcount|p1: Ursaluna|10\n|\n|upkeep\n|\n|t:|1698332218\n|switch|p1a: Landorus|Landorus-Therian, M|100\/100\n|-ability|p1a: Landorus|Intimidate|boost\n|-unboost|p2a: Maushold|atk|1\n|turn|19\n|inactive|gmfvjgmv has 210 seconds left.\n|\n|t:|1698332237\n|move|p2a: Maushold|Population Bomb|p1a: Landorus\n|-damage|p1a: Landorus|87\/100\n|-damage|p1a: Landorus|75\/100\n|-damage|p1a: Landorus|64\/100\n|-damage|p1a: Landorus|51\/100\n|-damage|p1a: Landorus|39\/100\n|-crit|p1a: Landorus\n|-damage|p1a: Landorus|21\/100\n|-damage|p1a: Landorus|7\/100\n|-damage|p1a: Landorus|0 fnt\n|faint|p1a: Landorus\n|-hitcount|p1: Landorus|8\n|\n|upkeep\n|inactive|gmfvjgmv has 210 seconds left.\n|-message|gmfvjgmv forfeited.\n|\n|win|Good_Loser_Rinku\n|l|\u2606gmfvjgmv\n|c|\u2606Good_Loser_Rinku|g\n|c|\u2606Good_Loser_Rinku|g\n","uploadtime":1698332299,"views":9,"p1id":"gmfvjgmv","p2id":"goodloserrinku","formatid":"gen9anythinggoes","rating":0,"private":0,"password":""}