{"id":"gen9anythinggoes-1982859673","p1":"ClawitzerGaming20","p2":"Sokudo_Urai","format":"[Gen 9] Anything Goes","log":"|j|\u2606ClawitzerGaming20\n|j|\u2606Sokudo_Urai\n|t:|1699052116\n|gametype|singles\n|player|p1|ClawitzerGaming20|colress|1000\n|player|p2|Sokudo_Urai|blackbelt|1047\n|teamsize|p1|6\n|teamsize|p2|6\n|gen|9\n|tier|[Gen 9] Anything Goes\n|rated|\n|rule|HP Percentage Mod: HP is shown in percentages\n|rule|Endless Battle Clause: Forcing endless battles is banned\n|clearpoke\n|poke|p1|Cyclizar, F|\n|poke|p1|Clawitzer, M|\n|poke|p1|Delibird, M|\n|poke|p1|Great Tusk|\n|poke|p1|Gliscor, F|\n|poke|p1|Corviknight, F|\n|poke|p2|Gardevoir, F|\n|poke|p2|Urshifu-*, M|\n|poke|p2|Kingambit, M|\n|poke|p2|Thundurus, M|\n|poke|p2|Regieleki|\n|poke|p2|Lycanroc-Dusk, M|\n|teampreview\n|\n|t:|1699052124\n|start\n|switch|p1a: Ride on !!!|Cyclizar, F|100\/100\n|switch|p2a: Hermes|Regieleki, shiny|100\/100\n|turn|1\n|c|\u2606Sokudo_Urai|ride on\n|c|\u2606Sokudo_Urai|W\n|\n|t:|1699052138\n|move|p2a: Hermes|Electric Terrain|p2a: Hermes\n|-fieldstart|move: Electric Terrain\n|move|p1a: Ride on !!!|Shed Tail|p1a: Ride on !!!\n|-start|p1a: Ride on !!!|Substitute|[from] move: Shed Tail\n|-damage|p1a: Ride on !!!|50\/100\n|\n|t:|1699052143\n|switch|p1a: THE CLAW|Clawitzer, M|100\/100|[from] Shed Tail\n|\n|upkeep\n|turn|2\n|\n|t:|1699052150\n|move|p2a: Hermes|Thunder|p1a: THE CLAW|[miss]\n|-miss|p2a: Hermes|p1a: THE CLAW\n|move|p1a: THE CLAW|Muddy Water|p2a: Hermes\n|-damage|p2a: Hermes|28\/100\n|-unboost|p2a: Hermes|accuracy|1\n|\n|upkeep\n|turn|3\n|\n|t:|1699052159\n|switch|p2a: Zeus|Thundurus, M|100\/100\n|move|p1a: THE CLAW|Ice Beam|p2a: Zeus\n|-supereffective|p2a: Zeus\n|-damage|p2a: Zeus|26\/100\n|\n|upkeep\n|turn|4\n|\n|t:|1699052167\n|move|p2a: Zeus|Discharge|p1a: THE CLAW\n|-supereffective|p1a: THE CLAW\n|-crit|p1a: THE CLAW\n|-end|p1a: THE CLAW|Substitute\n|move|p1a: THE CLAW|Ice Beam|p2a: Zeus\n|-supereffective|p2a: Zeus\n|-damage|p2a: Zeus|0 fnt\n|faint|p2a: Zeus\n|\n|upkeep\n|c|\u2606Sokudo_Urai|breh\n|\n|t:|1699052175\n|switch|p2a: Hermes|Regieleki, shiny|28\/100\n|turn|5\n|\n|t:|1699052181\n|move|p2a: Hermes|Thunder Wave|p1a: THE CLAW\n|-status|p1a: THE CLAW|par\n|move|p1a: THE CLAW|Dark Pulse|p2a: Hermes\n|-damage|p2a: Hermes|0 fnt\n|faint|p2a: Hermes\n|\n|-fieldend|move: Electric Terrain\n|upkeep\n|\n|t:|1699052190\n|switch|p2a: White Fang|Lycanroc-Dusk, M|100\/100\n|turn|6\n|c|\u2606ClawitzerGaming20|Hello\n|-activate|p1a: THE CLAW|item: Quick Claw\n|\n|t:|1699052205\n|move|p2a: White Fang|Accelerock|p1a: THE CLAW\n|-damage|p1a: THE CLAW|77\/100 par\n|move|p1a: THE CLAW|Muddy Water|p2a: White Fang\n|-supereffective|p2a: White Fang\n|-damage|p2a: White Fang|0 fnt\n|faint|p2a: White Fang\n|\n|upkeep\n|\n|t:|1699052217\n|switch|p2a: Blair|Urshifu, M|100\/100\n|turn|7\n|\n|t:|1699052225\n|move|p1a: THE CLAW|Ice Beam|p2a: Blair\n|-damage|p2a: Blair|58\/100\n|move|p2a: Blair|Counter||[still]\n|-fail|p2a: Blair\n|\n|upkeep\n|turn|8\n|\n|t:|1699052232\n|move|p2a: Blair|Drain Punch|p1a: THE CLAW\n|-damage|p1a: THE CLAW|31\/100 par\n|-heal|p2a: Blair|77\/100|[from] drain|[of] p1a: THE CLAW\n|cant|p1a: THE CLAW|par\n|\n|upkeep\n|turn|9\n|-activate|p1a: THE CLAW|item: Quick Claw\n|\n|t:|1699052240\n|move|p1a: THE CLAW|Aura Sphere|p2a: Blair\n|-supereffective|p2a: Blair\n|-damage|p2a: Blair|0 fnt\n|faint|p2a: Blair\n|\n|upkeep\n|\n|t:|1699052249\n|switch|p2a: Nobunaga|Kingambit, M|100\/100\n|turn|10\n|\n|t:|1699052258\n|move|p2a: Nobunaga|Lash Out|p1a: THE CLAW\n|-damage|p1a: THE CLAW|0 fnt\n|faint|p1a: THE CLAW\n|\n|upkeep\n|\n|t:|1699052264\n|switch|p1a: IronWhite|Corviknight, F|100\/100\n|turn|11\n|\n|t:|1699052269\n|move|p1a: IronWhite|Drill Peck|p2a: Nobunaga\n|-resisted|p2a: Nobunaga\n|-damage|p2a: Nobunaga|82\/100\n|-damage|p1a: IronWhite|91\/100|[from] item: Life Orb\n|move|p2a: Nobunaga|Foul Play|p1a: IronWhite\n|-damage|p1a: IronWhite|49\/100\n|\n|upkeep\n|turn|12\n|inactive|Battle timer is ON: inactive players will automatically lose when time's up. (requested by ClawitzerGaming20)\n|\n|t:|1699052309\n|-terastallize|p2a: Nobunaga|Dark\n|move|p1a: IronWhite|Brave Bird|p2a: Nobunaga\n|-damage|p2a: Nobunaga|30\/100\n|-damage|p1a: IronWhite|32\/100|[from] Recoil\n|-damage|p1a: IronWhite|22\/100|[from] item: Life Orb\n|move|p2a: Nobunaga|Foul Play|p1a: IronWhite\n|-crit|p1a: IronWhite\n|-damage|p1a: IronWhite|0 fnt\n|faint|p1a: IronWhite\n|\n|upkeep\n|c|\u2606ClawitzerGaming20|Bruh\n|c|\u2606Sokudo_Urai|what\n|\n|t:|1699052326\n|switch|p1a: TrashIsGood|Gliscor, F|100\/100\n|turn|13\n|\n|t:|1699052336\n|-terastallize|p1a: TrashIsGood|Ground\n|move|p1a: TrashIsGood|Earthquake|p2a: Nobunaga\n|-damage|p2a: Nobunaga|0 fnt\n|faint|p2a: Nobunaga\n|\n|-status|p1a: TrashIsGood|tox|[from] item: Toxic Orb\n|upkeep\n|\n|t:|1699052344\n|switch|p2a: Skye|Gardevoir, F|100\/100\n|turn|14\n|\n|t:|1699052356\n|move|p2a: Skye|Future Sight|p1a: TrashIsGood\n|-start|p2a: Skye|move: Future Sight\n|move|p1a: TrashIsGood|Earthquake|p2a: Skye\n|-damage|p2a: Skye|6\/100\n|\n|upkeep\n|turn|15\n|\n|t:|1699052363\n|move|p2a: Skye|Draining Kiss|p1a: TrashIsGood\n|-damage|p1a: TrashIsGood|73\/100 tox\n|-heal|p2a: Skye|26\/100|[from] drain|[of] p1a: TrashIsGood\n|move|p1a: TrashIsGood|Brick Break|p2a: Skye\n|-resisted|p2a: Skye\n|-damage|p2a: Skye|17\/100\n|\n|-heal|p1a: TrashIsGood|85\/100 tox|[from] ability: Poison Heal\n|upkeep\n|turn|16\n|c|\u2606ClawitzerGaming20|Gg\n|\n|t:|1699052376\n|move|p2a: Skye|Draining Kiss|p1a: TrashIsGood\n|-damage|p1a: TrashIsGood|58\/100 tox\n|-heal|p2a: Skye|37\/100|[from] drain|[of] p1a: TrashIsGood\n|move|p1a: TrashIsGood|Brick Break|p2a: Skye\n|-resisted|p2a: Skye\n|-damage|p2a: Skye|28\/100\n|\n|-end|p1a: TrashIsGood|move: Future Sight\n|-damage|p1a: TrashIsGood|0 fnt\n|faint|p1a: TrashIsGood\n|upkeep\n|\n|t:|1699052387\n|switch|p1a: Great Copist|Great Tusk|100\/100\n|-enditem|p1a: Great Copist|Booster Energy\n|-activate|p1a: Great Copist|ability: Protosynthesis|[fromitem]\n|-start|p1a: Great Copist|protosynthesisatk\n|turn|17\n|\n|t:|1699052395\n|move|p2a: Skye|Draining Kiss|p1a: Great Copist\n|-supereffective|p1a: Great Copist\n|-damage|p1a: Great Copist|47\/100\n|-heal|p2a: Skye|80\/100|[from] drain|[of] p1a: Great Copist\n|move|p1a: Great Copist|Earthquake|p2a: Skye\n|-damage|p2a: Skye|0 fnt\n|faint|p2a: Skye\n|\n|win|ClawitzerGaming20\n|raw|ClawitzerGaming20's rating: 1000 &rarr; <strong>1045<\/strong><br \/>(+45 for winning)\n|raw|Sokudo_Urai's rating: 1047 &rarr; <strong>1028<\/strong><br \/>(-19 for losing)\n|c|\u2606Sokudo_Urai|gg\n","uploadtime":1699052405,"views":4,"p1id":"clawitzergaming20","p2id":"sokudourai","formatid":"gen9anythinggoes","rating":1028,"private":0,"password":""}