{"id":"gen9anythinggoes-1981342415","p1":"SuperJabroniBros","p2":"Lil_bryce","format":"[Gen 9] Anything Goes","log":"|j|\u2606SuperJabroniBros\n|j|\u2606Lil_bryce\n|t:|1698885558\n|gametype|singles\n|player|p1|SuperJabroniBros|plasmagrunt|1534\n|player|p2|Lil_bryce|2|1446\n|teamsize|p1|6\n|teamsize|p2|6\n|gen|9\n|tier|[Gen 9] Anything Goes\n|rated|\n|rule|HP Percentage Mod: HP is shown in percentages\n|rule|Endless Battle Clause: Forcing endless battles is banned\n|clearpoke\n|poke|p1|Calyrex-Shadow|\n|poke|p1|Koraidon|\n|poke|p1|Zamazenta-*|\n|poke|p1|Arceus-Fairy|\n|poke|p1|Kyogre|\n|poke|p1|Grimmsnarl, M|\n|poke|p2|Calyrex-Shadow|\n|poke|p2|Arceus|\n|poke|p2|Chien-Pao|\n|poke|p2|Zacian-*|\n|poke|p2|Giratina|\n|poke|p2|Miraidon|\n|teampreview\n|inactive|Battle timer is ON: inactive players will automatically lose when time's up. (requested by SuperJabroniBros)\n|\n|t:|1698885569\n|start\n|switch|p1a: Grimmsnarl|Grimmsnarl, M|100\/100\n|switch|p2a: Cheems|Zacian-Crowned|100\/100\n|-ability|p2a: Cheems|Intrepid Sword|boost\n|-boost|p2a: Cheems|atk|1\n|turn|1\n|\n|t:|1698885578\n|move|p1a: Grimmsnarl|Parting Shot|p2a: Cheems\n|-unboost|p2a: Cheems|atk|1\n|-unboost|p2a: Cheems|spa|1\n|\n|t:|1698885582\n|switch|p1a: Kyogre|Kyogre|100\/100|[from] Parting Shot\n|-weather|RainDance|[from] ability: Drizzle|[of] p1a: Kyogre\n|move|p2a: Cheems|Behemoth Blade|p1a: Kyogre\n|-resisted|p1a: Kyogre\n|-damage|p1a: Kyogre|71\/100\n|\n|-weather|RainDance|[upkeep]\n|upkeep\n|turn|2\n|\n|t:|1698885590\n|move|p1a: Kyogre|Origin Pulse|p2a: Cheems\n|-damage|p2a: Cheems|13\/100\n|move|p2a: Cheems|Play Rough|p1a: Kyogre\n|-damage|p1a: Kyogre|12\/100\n|\n|-weather|RainDance|[upkeep]\n|upkeep\n|turn|3\n|\n|t:|1698885599\n|switch|p2a: Maya Normous-kok|Miraidon|100\/100\n|-fieldstart|move: Electric Terrain|[from] ability: Hadron Engine|[of] p2a: Maya Normous-kok\n|move|p1a: Kyogre|Origin Pulse|p2a: Maya Normous-kok\n|-resisted|p2a: Maya Normous-kok\n|-damage|p2a: Maya Normous-kok|60\/100\n|\n|-weather|RainDance|[upkeep]\n|upkeep\n|turn|4\n|\n|t:|1698885610\n|move|p2a: Maya Normous-kok|Electro Drift|p1a: Kyogre\n|-supereffective|p1a: Kyogre\n|-damage|p1a: Kyogre|0 fnt\n|faint|p1a: Kyogre\n|\n|-weather|RainDance|[upkeep]\n|upkeep\n|\n|t:|1698885622\n|switch|p1a: Zamazenta|Zamazenta-Crowned|100\/100\n|-ability|p1a: Zamazenta|Dauntless Shield|boost\n|-boost|p1a: Zamazenta|def|1\n|turn|5\n|\n|t:|1698885627\n|move|p2a: Maya Normous-kok|Electro Drift|p1a: Zamazenta\n|-damage|p1a: Zamazenta|35\/100\n|move|p1a: Zamazenta|Play Rough|p2a: Maya Normous-kok\n|-supereffective|p2a: Maya Normous-kok\n|-damage|p2a: Maya Normous-kok|0 fnt\n|faint|p2a: Maya Normous-kok\n|\n|-weather|none\n|upkeep\n|\n|t:|1698885642\n|switch|p2a: Cheems|Zacian-Crowned|13\/100\n|turn|6\n|\n|t:|1698885652\n|move|p2a: Cheems|Sacred Sword|p1a: Zamazenta\n|-supereffective|p1a: Zamazenta\n|-damage|p1a: Zamazenta|0 fnt\n|faint|p1a: Zamazenta\n|\n|upkeep\n|\n|t:|1698885669\n|switch|p1a: Calyrex|Calyrex-Shadow|100\/100\n|-ability|p1a: Calyrex|As One\n|-ability|p1a: Calyrex|Unnerve\n|turn|7\n|\n|t:|1698885675\n|move|p1a: Calyrex|Giga Drain|p2a: Cheems\n|-resisted|p2a: Cheems\n|-damage|p2a: Cheems|0 fnt\n|faint|p2a: Cheems\n|-ability|p1a: Calyrex|Grim Neigh|boost\n|-boost|p1a: Calyrex|spa|1\n|\n|-fieldend|move: Electric Terrain\n|upkeep\n|\n|t:|1698885683\n|switch|p2a: On God|Arceus|100\/100\n|turn|8\n|\n|t:|1698885695\n|move|p1a: Calyrex|Dark Pulse|p2a: On God\n|-damage|p2a: On God|69\/100\n|cant|p2a: On God|flinch\n|\n|upkeep\n|turn|9\n|\n|t:|1698885701\n|move|p1a: Calyrex|Dark Pulse|p2a: On God\n|-damage|p2a: On God|37\/100\n|cant|p2a: On God|flinch\n|\n|upkeep\n|turn|10\n|c|\u2606Lil_bryce|HUH\n|\n|t:|1698885712\n|move|p1a: Calyrex|Dark Pulse|p2a: On God\n|-damage|p2a: On God|7\/100\n|cant|p2a: On God|flinch\n|\n|upkeep\n|turn|11\n|c|\u2606Lil_bryce|youre hacking bro omg\n|c|\u2606Lil_bryce|stop hacking\n|\n|t:|1698885725\n|move|p1a: Calyrex|Dark Pulse|p2a: On God\n|-damage|p2a: On God|0 fnt\n|faint|p2a: On God\n|-ability|p1a: Calyrex|Grim Neigh|boost\n|-boost|p1a: Calyrex|spa|1\n|\n|upkeep\n|\n|t:|1698885734\n|switch|p2a: Deep fryer|Calyrex-Shadow|100\/100\n|-ability|p2a: Deep fryer|As One\n|-ability|p2a: Deep fryer|Unnerve\n|turn|12\n|\n|t:|1698885739\n|move|p2a: Deep fryer|Astral Barrage|p1a: Calyrex\n|-supereffective|p1a: Calyrex\n|-crit|p1a: Calyrex\n|-enditem|p1a: Calyrex|Focus Sash\n|-damage|p1a: Calyrex|1\/100\n|move|p1a: Calyrex|Dark Pulse|p2a: Deep fryer\n|-supereffective|p2a: Deep fryer\n|-enditem|p2a: Deep fryer|Focus Sash\n|-damage|p2a: Deep fryer|1\/100\n|\n|upkeep\n|turn|13\n|\n|t:|1698885749\n|move|p2a: Deep fryer|Astral Barrage|p1a: Calyrex\n|-supereffective|p1a: Calyrex\n|-damage|p1a: Calyrex|0 fnt\n|faint|p1a: Calyrex\n|-ability|p2a: Deep fryer|Grim Neigh|boost\n|-boost|p2a: Deep fryer|spa|1\n|\n|upkeep\n|\n|t:|1698885754\n|switch|p1a: Grimmsnarl|Grimmsnarl, M|100\/100\n|turn|14\n|\n|t:|1698885763\n|move|p1a: Grimmsnarl|Sucker Punch|p2a: Deep fryer\n|-supereffective|p2a: Deep fryer\n|-crit|p2a: Deep fryer\n|-damage|p2a: Deep fryer|0 fnt\n|faint|p2a: Deep fryer\n|\n|upkeep\n|\n|t:|1698885776\n|switch|p2a: Spoopy skelo|Giratina|100\/100\n|-ability|p2a: Spoopy skelo|Pressure\n|turn|15\n|\n|t:|1698885784\n|move|p2a: Spoopy skelo|Confuse Ray|p1a: Grimmsnarl\n|-start|p1a: Grimmsnarl|confusion\n|-activate|p1a: Grimmsnarl|confusion\n|-damage|p1a: Grimmsnarl|88\/100|[from] confusion\n|\n|-heal|p1a: Grimmsnarl|94\/100|[from] item: Leftovers\n|upkeep\n|turn|16\n|\n|t:|1698885794\n|move|p2a: Spoopy skelo|Shadow Force||[still]\n|-prepare|p2a: Spoopy skelo|Shadow Force\n|-end|p1a: Grimmsnarl|confusion\n|move|p1a: Grimmsnarl|Spirit Break|p2a: Spoopy skelo|[miss]\n|-miss|p1a: Grimmsnarl|p2a: Spoopy skelo\n|\n|-heal|p1a: Grimmsnarl|99\/100|[from] item: Leftovers\n|upkeep\n|turn|17\n|\n|t:|1698885808\n|move|p1a: Grimmsnarl|Light Screen|p1a: Grimmsnarl\n|-sidestart|p1: SuperJabroniBros|move: Light Screen\n|move|p2a: Spoopy skelo|Shadow Force|p1a: Grimmsnarl|[from]lockedmove\n|-resisted|p1a: Grimmsnarl\n|-damage|p1a: Grimmsnarl|75\/100\n|\n|-heal|p1a: Grimmsnarl|81\/100|[from] item: Leftovers\n|upkeep\n|turn|18\n|\n|t:|1698885817\n|move|p1a: Grimmsnarl|Parting Shot|p2a: Spoopy skelo\n|-unboost|p2a: Spoopy skelo|atk|1\n|-unboost|p2a: Spoopy skelo|spa|1\n|\n|t:|1698885821\n|switch|p1a: Arceus|Arceus-Fairy|100\/100|[from] Parting Shot\n|move|p2a: Spoopy skelo|Confuse Ray|p1a: Arceus\n|-start|p1a: Arceus|confusion\n|\n|upkeep\n|turn|19\n|\n|t:|1698885829\n|-activate|p1a: Arceus|confusion\n|move|p1a: Arceus|Judgment|p2a: Spoopy skelo\n|-supereffective|p2a: Spoopy skelo\n|-damage|p2a: Spoopy skelo|43\/100\n|move|p2a: Spoopy skelo|Shadow Force||[still]\n|-prepare|p2a: Spoopy skelo|Shadow Force\n|\n|-heal|p2a: Spoopy skelo|50\/100|[from] item: Leftovers\n|upkeep\n|turn|20\n|\n|t:|1698885837\n|-end|p1a: Arceus|confusion\n|move|p1a: Arceus|Judgment|p2a: Spoopy skelo|[miss]\n|-miss|p1a: Arceus|p2a: Spoopy skelo\n|move|p2a: Spoopy skelo|Shadow Force|p1a: Arceus|[from]lockedmove\n|-crit|p1a: Arceus\n|-damage|p1a: Arceus|56\/100\n|\n|-heal|p2a: Spoopy skelo|56\/100|[from] item: Leftovers\n|upkeep\n|turn|21\n|\n|t:|1698885848\n|-terastallize|p2a: Spoopy skelo|Steel\n|move|p1a: Arceus|Judgment|p2a: Spoopy skelo\n|-resisted|p2a: Spoopy skelo\n|-damage|p2a: Spoopy skelo|40\/100\n|move|p2a: Spoopy skelo|Shadow Force||[still]\n|-prepare|p2a: Spoopy skelo|Shadow Force\n|\n|-heal|p2a: Spoopy skelo|47\/100|[from] item: Leftovers\n|-sideend|p1: SuperJabroniBros|move: Light Screen\n|upkeep\n|turn|22\n|\n|t:|1698885856\n|move|p1a: Arceus|Recover|p1a: Arceus\n|-heal|p1a: Arceus|100\/100\n|move|p2a: Spoopy skelo|Shadow Force|p1a: Arceus|[from]lockedmove\n|-damage|p1a: Arceus|81\/100\n|\n|-heal|p2a: Spoopy skelo|53\/100|[from] item: Leftovers\n|upkeep\n|turn|23\n|\n|t:|1698885865\n|move|p1a: Arceus|Earth Power|p2a: Spoopy skelo\n|-supereffective|p2a: Spoopy skelo\n|-damage|p2a: Spoopy skelo|21\/100\n|move|p2a: Spoopy skelo|Confuse Ray|p1a: Arceus\n|-start|p1a: Arceus|confusion\n|\n|-heal|p2a: Spoopy skelo|27\/100|[from] item: Leftovers\n|upkeep\n|turn|24\n|\n|t:|1698885874\n|-activate|p1a: Arceus|confusion\n|-damage|p1a: Arceus|74\/100|[from] confusion\n|move|p2a: Spoopy skelo|Destiny Bond|p2a: Spoopy skelo\n|-singlemove|p2a: Spoopy skelo|Destiny Bond\n|\n|-heal|p2a: Spoopy skelo|33\/100|[from] item: Leftovers\n|upkeep\n|turn|25\n|\n|t:|1698885882\n|-activate|p1a: Arceus|confusion\n|move|p1a: Arceus|Recover|p1a: Arceus\n|-heal|p1a: Arceus|100\/100\n|move|p2a: Spoopy skelo|Shadow Force||[still]\n|-prepare|p2a: Spoopy skelo|Shadow Force\n|\n|-heal|p2a: Spoopy skelo|39\/100|[from] item: Leftovers\n|upkeep\n|turn|26\n|\n|t:|1698885888\n|-activate|p1a: Arceus|confusion\n|move|p1a: Arceus|Earth Power|p2a: Spoopy skelo|[miss]\n|-miss|p1a: Arceus|p2a: Spoopy skelo\n|move|p2a: Spoopy skelo|Shadow Force|p1a: Arceus|[from]lockedmove\n|-damage|p1a: Arceus|80\/100\n|\n|-heal|p2a: Spoopy skelo|45\/100|[from] item: Leftovers\n|upkeep\n|turn|27\n|\n|t:|1698885899\n|-activate|p1a: Arceus|confusion\n|move|p1a: Arceus|Earth Power|p2a: Spoopy skelo\n|-supereffective|p2a: Spoopy skelo\n|-damage|p2a: Spoopy skelo|14\/100\n|move|p2a: Spoopy skelo|Shadow Force||[still]\n|-prepare|p2a: Spoopy skelo|Shadow Force\n|\n|-heal|p2a: Spoopy skelo|20\/100|[from] item: Leftovers\n|upkeep\n|turn|28\n|\n|t:|1698885907\n|-end|p1a: Arceus|confusion\n|move|p1a: Arceus|Calm Mind|p1a: Arceus\n|-boost|p1a: Arceus|spa|1\n|-boost|p1a: Arceus|spd|1\n|move|p2a: Spoopy skelo|Shadow Force|p1a: Arceus|[from]lockedmove\n|-damage|p1a: Arceus|60\/100\n|\n|-heal|p2a: Spoopy skelo|26\/100|[from] item: Leftovers\n|upkeep\n|turn|29\n|-message|Lil_bryce forfeited.\n|\n|win|SuperJabroniBros\n|raw|SuperJabroniBros's rating: 1534 &rarr; <strong>1549<\/strong><br \/>(+15 for winning)\n|raw|Lil_bryce's rating: 1446 &rarr; <strong>1431<\/strong><br \/>(-15 for losing)\n|l|\u2606Lil_bryce\n","uploadtime":1698885940,"views":8,"p1id":"superjabronibros","p2id":"lilbryce","formatid":"gen9anythinggoes","rating":1431,"private":0,"password":""}