{"id":"gen9anythinggoes-1973565833","p1":"Dyfttftfftftgt","p2":"ChimeBliss","format":"[Gen 9] Anything Goes","log":"|j|\u2606Dyfttftfftftgt\n|j|\u2606ChimeBliss\n|t:|1697991409\n|gametype|singles\n|player|p1|Dyfttftfftftgt|170|1039\n|player|p2|ChimeBliss|102|1045\n|teamsize|p1|6\n|teamsize|p2|6\n|gen|9\n|tier|[Gen 9] Anything Goes\n|rated|\n|rule|HP Percentage Mod: HP is shown in percentages\n|rule|Endless Battle Clause: Forcing endless battles is banned\n|clearpoke\n|poke|p1|Maushold-Four|\n|poke|p1|Annihilape, F|\n|poke|p1|Iron Moth|\n|poke|p1|Dipplin, F|\n|poke|p1|Kingambit, M|\n|poke|p1|Garganacl, M|\n|poke|p2|Grimmsnarl, M|\n|poke|p2|Glimmora, F|\n|poke|p2|Arceus|\n|poke|p2|Arceus-Ground|\n|poke|p2|Koraidon|\n|poke|p2|Calyrex-Shadow|\n|teampreview\n|inactive|Battle timer is ON: inactive players will automatically lose when time's up. (requested by ChimeBliss)\n|inactive|Dyfttftfftftgt also wants the timer to be on.\n|\n|t:|1697991417\n|start\n|switch|p1a: Iron Moth|Iron Moth|100\/100\n|switch|p2a: Glimmora|Glimmora, F|100\/100\n|turn|1\n|\n|t:|1697991424\n|move|p2a: Glimmora|Mud Shot|p1a: Iron Moth\n|-supereffective|p1a: Iron Moth\n|-damage|p1a: Iron Moth|38\/100\n|-unboost|p1a: Iron Moth|spe|1\n|move|p1a: Iron Moth|Toxic Spikes|p2a: Glimmora\n|-sidestart|p2: ChimeBliss|move: Toxic Spikes\n|\n|upkeep\n|turn|2\n|\n|t:|1697991436\n|-end|p1a: Iron Moth|Quark Drive|[silent]\n|switch|p1a: Garganacl|Garganacl, M|100\/100\n|move|p2a: Glimmora|Mortal Spin|p1a: Garganacl\n|-resisted|p1a: Garganacl\n|-damage|p1a: Garganacl|98\/100\n|-status|p1a: Garganacl|psn\n|-sideend|p2: ChimeBliss|Toxic Spikes|[from] move: Mortal Spin|[of] p2a: Glimmora\n|\n|-damage|p1a: Garganacl|86\/100 psn|[from] psn\n|upkeep\n|turn|3\n|\n|t:|1697991445\n|move|p2a: Glimmora|Spikes|p1a: Garganacl\n|-sidestart|p1: Dyfttftfftftgt|Spikes\n|move|p1a: Garganacl|Earthquake|p2a: Glimmora\n|-supereffective|p2a: Glimmora\n|-enditem|p2a: Glimmora|Focus Sash\n|-damage|p2a: Glimmora|1\/100\n|-activate|p2a: Glimmora|ability: Toxic Debris\n|-sidestart|p1: Dyfttftfftftgt|move: Toxic Spikes\n|\n|-damage|p1a: Garganacl|73\/100 psn|[from] psn\n|upkeep\n|turn|4\n|\n|t:|1697991461\n|switch|p2a: Grimmsnarl|Grimmsnarl, M|100\/100\n|move|p1a: Garganacl|Earthquake|p2a: Grimmsnarl\n|-damage|p2a: Grimmsnarl|60\/100\n|\n|-damage|p1a: Garganacl|61\/100 psn|[from] psn\n|upkeep\n|turn|5\n|inactive|Dyfttftfftftgt has 120 seconds left.\n|\n|t:|1697991494\n|switch|p1a: Annihilape|Annihilape, F|100\/100\n|-damage|p1a: Annihilape|88\/100|[from] Spikes\n|-status|p1a: Annihilape|psn\n|move|p2a: Grimmsnarl|Light Screen|p2a: Grimmsnarl\n|-sidestart|p2: ChimeBliss|move: Light Screen\n|\n|-damage|p1a: Annihilape|75\/100 psn|[from] psn\n|upkeep\n|turn|6\n|\n|t:|1697991504\n|move|p2a: Grimmsnarl|Taunt|p1a: Annihilape\n|-start|p1a: Annihilape|move: Taunt\n|move|p1a: Annihilape|Drain Punch|p2a: Grimmsnarl\n|-damage|p2a: Grimmsnarl|12\/100\n|-heal|p1a: Annihilape|98\/100 psn|[from] drain|[of] p2a: Grimmsnarl\n|\n|-damage|p1a: Annihilape|85\/100 psn|[from] psn\n|upkeep\n|turn|7\n|\n|t:|1697991513\n|move|p2a: Grimmsnarl|Reflect|p2a: Grimmsnarl\n|-sidestart|p2: ChimeBliss|Reflect\n|move|p1a: Annihilape|Drain Punch|p2a: Grimmsnarl\n|-damage|p2a: Grimmsnarl|0 fnt\n|-heal|p1a: Annihilape|91\/100 psn|[from] drain|[of] p2a: Grimmsnarl\n|faint|p2a: Grimmsnarl\n|\n|-damage|p1a: Annihilape|78\/100 psn|[from] psn\n|upkeep\n|\n|t:|1697991541\n|switch|p2a: Koraidon|Koraidon|100\/100\n|-weather|SunnyDay|[from] ability: Orichalcum Pulse|[of] p2a: Koraidon\n|-activate|p2a: Koraidon|Orichalcum Pulse|[source]\n|turn|8\n|inactive|Dyfttftfftftgt has 120 seconds left.\n|\n|t:|1697991573\n|move|p2a: Koraidon|Swords Dance|p2a: Koraidon\n|-boost|p2a: Koraidon|atk|2\n|move|p1a: Annihilape|Rage Fist|p2a: Koraidon\n|-damage|p2a: Koraidon|88\/100\n|\n|-weather|SunnyDay|[upkeep]\n|-heal|p2a: Koraidon|94\/100|[from] item: Leftovers\n|-damage|p1a: Annihilape|66\/100 psn|[from] psn\n|-end|p1a: Annihilape|move: Taunt\n|upkeep\n|turn|9\n|inactive|Dyfttftfftftgt has 120 seconds left.\n|\n|t:|1697991594\n|switch|p1a: Maushold|Maushold-Four|100\/100\n|-damage|p1a: Maushold|88\/100|[from] Spikes\n|-status|p1a: Maushold|psn\n|move|p2a: Koraidon|Dragon Claw|p1a: Maushold\n|-damage|p1a: Maushold|0 fnt\n|faint|p1a: Maushold\n|\n|-weather|SunnyDay|[upkeep]\n|-heal|p2a: Koraidon|99\/100|[from] item: Leftovers\n|upkeep\n|\n|t:|1697991603\n|switch|p1a: Dipplin|Dipplin, F|100\/100\n|-damage|p1a: Dipplin|88\/100|[from] Spikes\n|-status|p1a: Dipplin|psn\n|-ability|p1a: Dipplin|Supersweet Syrup\n|-ability|p1a: Dipplin|Supersweet Syrup|boost\n|-unboost|p2a: Koraidon|evasion|1\n|turn|10\n|\n|t:|1697991617\n|move|p2a: Koraidon|Dragon Claw|p1a: Dipplin\n|-supereffective|p1a: Dipplin\n|-damage|p1a: Dipplin|0 fnt\n|faint|p1a: Dipplin\n|\n|-weather|SunnyDay|[upkeep]\n|-heal|p2a: Koraidon|100\/100|[from] item: Leftovers\n|upkeep\n|\n|t:|1697991627\n|switch|p1a: Garganacl|Garganacl, M|61\/100 psn\n|turn|11\n|\n|t:|1697991636\n|move|p2a: Koraidon|Low Kick|p1a: Garganacl\n|-supereffective|p1a: Garganacl\n|-damage|p1a: Garganacl|0 fnt\n|faint|p1a: Garganacl\n|\n|-weather|SunnyDay|[upkeep]\n|upkeep\n|\n|t:|1697991642\n|switch|p1a: Annihilape|Annihilape, F|66\/100 psn\n|-damage|p1a: Annihilape|53\/100 psn|[from] Spikes\n|turn|12\n|\n|t:|1697991647\n|move|p2a: Koraidon|Dragon Claw|p1a: Annihilape\n|-damage|p1a: Annihilape|0 fnt\n|faint|p1a: Annihilape\n|\n|-weather|none\n|-sideend|p2: ChimeBliss|move: Light Screen\n|upkeep\n|inactive|Dyfttftfftftgt has 120 seconds left.\n|\n|t:|1697991652\n|switch|p1a: Kingambit|Kingambit, M|100\/100\n|-damage|p1a: Kingambit|88\/100|[from] Spikes\n|-activate|p1a: Kingambit|ability: Supreme Overlord\n|-start|p1a: Kingambit|fallen4|[silent]\n|turn|13\n|inactive|Dyfttftfftftgt has 120 seconds left.\n|\n|t:|1697991662\n|move|p2a: Koraidon|Low Kick|p1a: Kingambit\n|-supereffective|p1a: Kingambit\n|-damage|p1a: Kingambit|0 fnt\n|-damage|p2a: Koraidon|84\/100|[from] item: Rocky Helmet|[of] p1a: Kingambit\n|faint|p1a: Kingambit\n|-end|p1a: Kingambit|fallen4|[silent]\n|\n|-heal|p2a: Koraidon|90\/100|[from] item: Leftovers\n|upkeep\n|inactive|Dyfttftfftftgt has 120 seconds left.\n|\n|t:|1697991668\n|switch|p1a: Iron Moth|Iron Moth|38\/100\n|-damage|p1a: Iron Moth|25\/100|[from] Spikes\n|-sideend|p1: Dyfttftfftftgt|move: Toxic Spikes|[of] p1a: Iron Moth\n|turn|14\n|\n|t:|1697991675\n|move|p2a: Koraidon|Dragon Claw|p1a: Iron Moth\n|-damage|p1a: Iron Moth|0 fnt\n|faint|p1a: Iron Moth\n|-end|p1a: Iron Moth|Quark Drive|[silent]\n|\n|win|ChimeBliss\n|raw|Dyfttftfftftgt's rating: 1039 &rarr; <strong>1023<\/strong><br \/>(-16 for losing)\n|raw|ChimeBliss's rating: 1045 &rarr; <strong>1078<\/strong><br \/>(+33 for winning)\n","uploadtime":1697991679,"views":6,"p1id":"dyfttftfftftgt","p2id":"chimebliss","formatid":"gen9anythinggoes","rating":1023,"private":0,"password":""}