{"id":"gen9anythinggoes-1994656536","p1":"MrBoxhill","p2":"Race Is Bad12","format":"[Gen 9] Anything Goes","log":"|j|\u2606MrBoxhill\n|j|\u2606Race Is Bad12\n|t:|1700476503\n|gametype|singles\n|player|p1|MrBoxhill|riley|1080\n|player|p2|Race Is Bad12|veteran|1239\n|teamsize|p1|6\n|teamsize|p2|6\n|gen|9\n|tier|[Gen 9] Anything Goes\n|rated|\n|rule|HP Percentage Mod: HP is shown in percentages\n|rule|Endless Battle Clause: Forcing endless battles is banned\n|clearpoke\n|poke|p1|Maushold-Four|\n|poke|p1|Flutter Mane|\n|poke|p1|Miraidon|\n|poke|p1|Rabsca, M|\n|poke|p1|Garganacl, F|\n|poke|p1|Houndstone, M|\n|poke|p2|Zacian-*|\n|poke|p2|Miraidon|\n|poke|p2|Flutter Mane|\n|poke|p2|Calyrex-Shadow|\n|poke|p2|Magearna|\n|poke|p2|Grimmsnarl, M|\n|teampreview\n|inactive|Battle timer is ON: inactive players will automatically lose when time's up. (requested by Race Is Bad12)\n|\n|t:|1700476523\n|start\n|switch|p1a: DeMarco|Miraidon|100\/100\n|switch|p2a: Grimmsnarl|Grimmsnarl, M|100\/100\n|-fieldstart|move: Electric Terrain|[from] ability: Hadron Engine|[of] p1a: DeMarco\n|-item|p1a: DeMarco|Assault Vest|[from] ability: Frisk|[of] p2a: Grimmsnarl|[identify]\n|turn|1\n|\n|t:|1700476537\n|-terastallize|p1a: DeMarco|Electric\n|move|p1a: DeMarco|Electro Drift|p2a: Grimmsnarl\n|-damage|p2a: Grimmsnarl|0 fnt\n|faint|p2a: Grimmsnarl\n|\n|upkeep\n|\n|t:|1700476551\n|switch|p2a: Miraidon|Miraidon|100\/100\n|-activate|p2a: Miraidon|ability: Hadron Engine\n|turn|2\n|\n|t:|1700476559\n|move|p1a: DeMarco|Dragon Pulse|p2a: Miraidon\n|-supereffective|p2a: Miraidon\n|-enditem|p2a: Miraidon|Focus Sash\n|-damage|p2a: Miraidon|1\/100\n|move|p2a: Miraidon|Dragon Pulse|p1a: DeMarco\n|-damage|p1a: DeMarco|64\/100\n|\n|upkeep\n|turn|3\n|\n|t:|1700476577\n|move|p1a: DeMarco|Electro Drift|p2a: Miraidon\n|-resisted|p2a: Miraidon\n|-damage|p2a: Miraidon|0 fnt\n|faint|p2a: Miraidon\n|\n|upkeep\n|\n|t:|1700476580\n|switch|p2a: Calyrex|Calyrex-Shadow|100\/100\n|-ability|p2a: Calyrex|As One\n|-ability|p2a: Calyrex|Unnerve\n|turn|4\n|\n|t:|1700476586\n|move|p2a: Calyrex|Astral Barrage|p1a: DeMarco\n|-damage|p1a: DeMarco|17\/100\n|move|p1a: DeMarco|Electro Drift|p2a: Calyrex\n|-enditem|p2a: Calyrex|Focus Sash\n|-damage|p2a: Calyrex|1\/100\n|\n|upkeep\n|turn|5\n|\n|t:|1700476606\n|switch|p1a: Maushold|Maushold-Four|100\/100\n|move|p2a: Calyrex|Draining Kiss|p1a: Maushold\n|-damage|p1a: Maushold|70\/100\n|-heal|p2a: Calyrex|20\/100|[from] drain|[of] p1a: Maushold\n|\n|-fieldend|move: Electric Terrain\n|upkeep\n|turn|6\n|\n|t:|1700476623\n|move|p2a: Calyrex|Draining Kiss|p1a: Maushold\n|-damage|p1a: Maushold|39\/100\n|-heal|p2a: Calyrex|40\/100|[from] drain|[of] p1a: Maushold\n|move|p1a: Maushold|Tidy Up|p1a: Maushold\n|-boost|p1a: Maushold|atk|1\n|-boost|p1a: Maushold|spe|1\n|\n|upkeep\n|turn|7\n|\n|t:|1700476632\n|move|p1a: Maushold|Encore|p2a: Calyrex\n|-start|p2a: Calyrex|Encore\n|move|p2a: Calyrex|Draining Kiss|p1a: Maushold\n|-damage|p1a: Maushold|8\/100\n|-heal|p2a: Calyrex|60\/100|[from] drain|[of] p1a: Maushold\n|\n|upkeep\n|turn|8\n|\n|t:|1700476638\n|move|p1a: Maushold|Baton Pass|p1a: Maushold\n|\n|t:|1700476639\n|switch|p1a: Houndstone|Houndstone, M|100\/100|[from] Baton Pass\n|move|p2a: Calyrex|Draining Kiss|p1a: Houndstone\n|-damage|p1a: Houndstone|93\/100\n|-heal|p2a: Calyrex|66\/100|[from] drain|[of] p1a: Houndstone\n|\n|upkeep\n|turn|9\n|\n|t:|1700476653\n|switch|p2a: Magearna|Magearna|100\/100\n|move|p1a: Houndstone|Shadow Sneak|p2a: Magearna\n|-damage|p2a: Magearna|78\/100\n|\n|upkeep\n|turn|10\n|\n|t:|1700476666\n|switch|p1a: Maushold|Maushold-Four|8\/100\n|move|p2a: Magearna|Shift Gear|p2a: Magearna\n|-boost|p2a: Magearna|spe|2\n|-boost|p2a: Magearna|atk|1\n|\n|upkeep\n|turn|11\n|\n|t:|1700476680\n|move|p1a: Maushold|Encore|p2a: Magearna\n|-start|p2a: Magearna|Encore\n|move|p2a: Magearna|Shift Gear|p2a: Magearna\n|-boost|p2a: Magearna|spe|2\n|-boost|p2a: Magearna|atk|1\n|\n|upkeep\n|turn|12\n|\n|t:|1700476685\n|move|p2a: Magearna|Shift Gear|p2a: Magearna\n|-boost|p2a: Magearna|spe|2\n|-boost|p2a: Magearna|atk|1\n|move|p1a: Maushold|Tidy Up|p1a: Maushold\n|-boost|p1a: Maushold|atk|1\n|-boost|p1a: Maushold|spe|1\n|\n|upkeep\n|turn|13\n|\n|t:|1700476690\n|move|p2a: Magearna|Shift Gear|p2a: Magearna\n|-boost|p2a: Magearna|spe|0\n|-boost|p2a: Magearna|atk|1\n|move|p1a: Maushold|Tidy Up|p1a: Maushold\n|-boost|p1a: Maushold|atk|1\n|-boost|p1a: Maushold|spe|1\n|\n|-end|p2a: Magearna|Encore\n|upkeep\n|turn|14\n|\n|t:|1700476698\n|move|p1a: Maushold|Encore|p2a: Magearna\n|-start|p2a: Magearna|Encore\n|move|p2a: Magearna|Shift Gear|p2a: Magearna\n|-boost|p2a: Magearna|spe|0\n|-boost|p2a: Magearna|atk|1\n|\n|upkeep\n|turn|15\n|\n|t:|1700476703\n|move|p1a: Maushold|Tidy Up|p1a: Maushold\n|-boost|p1a: Maushold|atk|1\n|-boost|p1a: Maushold|spe|1\n|move|p2a: Magearna|Shift Gear|p2a: Magearna\n|-boost|p2a: Magearna|spe|0\n|-boost|p2a: Magearna|atk|1\n|\n|upkeep\n|turn|16\n|\n|t:|1700476707\n|move|p1a: Maushold|Tidy Up|p1a: Maushold\n|-boost|p1a: Maushold|atk|1\n|-boost|p1a: Maushold|spe|1\n|move|p2a: Magearna|Shift Gear|p2a: Magearna\n|-boost|p2a: Magearna|spe|0\n|-boost|p2a: Magearna|atk|0\n|\n|-end|p2a: Magearna|Encore\n|upkeep\n|turn|17\n|\n|t:|1700476715\n|move|p1a: Maushold|Encore|p2a: Magearna\n|-start|p2a: Magearna|Encore\n|move|p2a: Magearna|Shift Gear|p2a: Magearna\n|-boost|p2a: Magearna|spe|0\n|-boost|p2a: Magearna|atk|0\n|\n|upkeep\n|turn|18\n|\n|t:|1700476735\n|move|p1a: Maushold|Tidy Up|p1a: Maushold\n|-boost|p1a: Maushold|atk|1\n|-boost|p1a: Maushold|spe|1\n|move|p2a: Magearna|Shift Gear|p2a: Magearna\n|-boost|p2a: Magearna|spe|0\n|-boost|p2a: Magearna|atk|0\n|\n|upkeep\n|turn|19\n|\n|t:|1700476746\n|move|p1a: Maushold|Tidy Up|p1a: Maushold\n|-boost|p1a: Maushold|atk|1\n|-boost|p1a: Maushold|spe|1\n|move|p2a: Magearna|Shift Gear|p2a: Magearna\n|-boost|p2a: Magearna|spe|0\n|-boost|p2a: Magearna|atk|0\n|\n|-end|p2a: Magearna|Encore\n|upkeep\n|turn|20\n|\n|t:|1700476750\n|move|p1a: Maushold|Encore|p2a: Magearna\n|-start|p2a: Magearna|Encore\n|move|p2a: Magearna|Shift Gear|p2a: Magearna\n|-boost|p2a: Magearna|spe|0\n|-boost|p2a: Magearna|atk|0\n|\n|upkeep\n|turn|21\n|\n|t:|1700476759\n|move|p1a: Maushold|Baton Pass|p1a: Maushold\n|\n|t:|1700476760\n|switch|p1a: SSSReplacement|Garganacl, F, shiny|100\/100|[from] Baton Pass\n|move|p2a: Magearna|Shift Gear|p2a: Magearna\n|-boost|p2a: Magearna|spe|0\n|-boost|p2a: Magearna|atk|0\n|\n|upkeep\n|turn|22\n|\n|t:|1700476766\n|move|p2a: Magearna|Shift Gear|p2a: Magearna\n|-boost|p2a: Magearna|spe|0\n|-boost|p2a: Magearna|atk|0\n|move|p1a: SSSReplacement|Iron Defense|p1a: SSSReplacement\n|-boost|p1a: SSSReplacement|def|2\n|\n|-end|p2a: Magearna|Encore\n|upkeep\n|turn|23\n|\n|t:|1700476772\n|move|p2a: Magearna|Baton Pass|p2a: Magearna\n|\n|t:|1700476774\n|switch|p2a: Zacian|Zacian-Crowned|100\/100|[from] Baton Pass\n|move|p1a: SSSReplacement|Iron Defense|p1a: SSSReplacement\n|-boost|p1a: SSSReplacement|def|2\n|\n|upkeep\n|turn|24\n|\n|t:|1700476787\n|move|p2a: Zacian|Behemoth Blade|p1a: SSSReplacement\n|-supereffective|p1a: SSSReplacement\n|-damage|p1a: SSSReplacement|0 fnt\n|faint|p1a: SSSReplacement\n|\n|upkeep\n|\n|t:|1700476797\n|switch|p1a: Maushold|Maushold-Four|8\/100\n|turn|25\n|c|\u2606Race Is Bad12|Free win\n|\n|t:|1700476805\n|move|p2a: Zacian|Behemoth Blade|p1a: Maushold\n|-damage|p1a: Maushold|0 fnt\n|faint|p1a: Maushold\n|\n|upkeep\n|\n|t:|1700476811\n|switch|p1a: DeMarco|Miraidon, tera:Electric|17\/100\n|-fieldstart|move: Electric Terrain|[from] ability: Hadron Engine|[of] p1a: DeMarco\n|turn|26\n|\n|t:|1700476813\n|switch|p1a: Flutter Mane|Flutter Mane, shiny|100\/100\n|move|p2a: Zacian|Behemoth Blade|p1a: Flutter Mane\n|-supereffective|p1a: Flutter Mane\n|-damage|p1a: Flutter Mane|0 fnt\n|faint|p1a: Flutter Mane\n|-end|p1a: Flutter Mane|Protosynthesis|[silent]\n|\n|upkeep\n|\n|t:|1700476825\n|switch|p1a: DeMarco|Miraidon, tera:Electric|17\/100\n|-activate|p1a: DeMarco|ability: Hadron Engine\n|turn|27\n|inactive|Race Is Bad12 has 120 seconds left.\n|\n|t:|1700476862\n|move|p2a: Zacian|Behemoth Blade|p1a: DeMarco\n|-resisted|p1a: DeMarco\n|-damage|p1a: DeMarco|0 fnt\n|faint|p1a: DeMarco\n|\n|upkeep\n|\n|t:|1700476880\n|switch|p1a: Rabsca|Rabsca, M, shiny|100\/100\n|turn|28\n|inactive|Race Is Bad12 has 120 seconds left.\n|c|\u2606Race Is Bad12|Why did u iron defense\n|\n|t:|1700476895\n|move|p2a: Zacian|Behemoth Blade|p1a: Rabsca\n|-damage|p1a: Rabsca|0 fnt\n|faint|p1a: Rabsca\n|\n|upkeep\n|\n|t:|1700476898\n|switch|p1a: Houndstone|Houndstone, M|93\/100\n|turn|29\n|inactive|Race Is Bad12 has 120 seconds left.\n|\n|t:|1700476922\n|move|p2a: Zacian|Behemoth Blade|p1a: Houndstone\n|-damage|p1a: Houndstone|0 fnt\n|faint|p1a: Houndstone\n|\n|win|Race Is Bad12\n|raw|MrBoxhill's rating: 1124 &rarr; <strong>1107<\/strong><br \/>(-17 for losing)\n|raw|Race Is Bad12's rating: 1239 &rarr; <strong>1256<\/strong><br \/>(+17 for winning)\n","uploadtime":1700476937,"views":2,"p1id":"mrboxhill","p2id":"raceisbad12","formatid":"gen9anythinggoes","rating":1107,"private":0,"password":""}