{"id":"gen9anythinggoes-1978241502","p1":"pointedrebel1358","p2":"handsome Chinese","format":"[Gen 9] Anything Goes","log":"|j|\u2606pointedrebel1358\n|j|\u2606handsome Chinese\n|t:|1698516173\n|gametype|singles\n|player|p1|pointedrebel1358|pokekid|1586\n|player|p2|handsome Chinese|sabrina|1672\n|teamsize|p1|6\n|teamsize|p2|6\n|gen|9\n|tier|[Gen 9] Anything Goes\n|rated|\n|rule|HP Percentage Mod: HP is shown in percentages\n|rule|Endless Battle Clause: Forcing endless battles is banned\n|clearpoke\n|poke|p1|Koraidon|\n|poke|p1|Calyrex-Shadow|\n|poke|p1|Dragapult, F|\n|poke|p1|Torterra, F|\n|poke|p1|Zacian-*|\n|poke|p1|Cloyster, F|\n|poke|p2|Koraidon|\n|poke|p2|Koraidon|\n|poke|p2|Leavanny, F|\n|poke|p2|Koraidon|\n|poke|p2|Calyrex-Shadow|\n|poke|p2|Ditto|\n|teampreview\n|inactive|Battle timer is ON: inactive players will automatically lose when time's up. (requested by pointedrebel1358)\n|\n|t:|1698516184\n|start\n|switch|p1a: Cloyster|Cloyster, F|100\/100\n|switch|p2a: Koraidon|Koraidon|100\/100\n|-weather|SunnyDay|[from] ability: Orichalcum Pulse|[of] p2a: Koraidon\n|-activate|p2a: Koraidon|Orichalcum Pulse|[source]\n|turn|1\n|\n|t:|1698516189\n|move|p2a: Koraidon|Close Combat|p1a: Cloyster\n|-supereffective|p1a: Cloyster\n|-damage|p1a: Cloyster|0 fnt\n|-unboost|p2a: Koraidon|def|1\n|-unboost|p2a: Koraidon|spd|1\n|-enditem|p2a: Koraidon|Eject Pack\n|faint|p1a: Cloyster\n|\n|t:|1698516191\n|switch|p2a: Leavanny|Leavanny, F, shiny|100\/100\n|\n|-weather|SunnyDay|[upkeep]\n|upkeep\n|\n|t:|1698516194\n|switch|p1a: Koraidon|Koraidon|100\/100\n|-activate|p1a: Koraidon|ability: Orichalcum Pulse\n|turn|2\n|\n|t:|1698516204\n|move|p2a: Leavanny|Charm|p1a: Koraidon\n|-unboost|p1a: Koraidon|atk|2\n|move|p1a: Koraidon|Flame Charge|p2a: Leavanny\n|-supereffective|p2a: Leavanny\n|-enditem|p2a: Leavanny|Focus Sash\n|-damage|p2a: Leavanny|1\/100\n|-boost|p1a: Koraidon|spe|1\n|\n|-weather|SunnyDay|[upkeep]\n|upkeep\n|turn|3\n|\n|t:|1698516213\n|move|p1a: Koraidon|Swords Dance|p1a: Koraidon\n|-boost|p1a: Koraidon|atk|2\n|move|p2a: Leavanny|Sticky Web|p1a: Koraidon\n|-sidestart|p1: pointedrebel1358|move: Sticky Web\n|\n|-weather|SunnyDay|[upkeep]\n|upkeep\n|turn|4\n|\n|t:|1698516225\n|move|p1a: Koraidon|Flame Charge|p2a: Leavanny\n|-supereffective|p2a: Leavanny\n|-damage|p2a: Leavanny|0 fnt\n|-boost|p1a: Koraidon|spe|1\n|faint|p2a: Leavanny\n|\n|-weather|SunnyDay|[upkeep]\n|upkeep\n|\n|t:|1698516230\n|switch|p2a: Ditto|Ditto|100\/100\n|-transform|p2a: Ditto|p1a: Koraidon|[from] ability: Imposter\n|-activate|p2a: Ditto|ability: Orichalcum Pulse\n|turn|5\n|inactive|handsome Chinese has 120 seconds left.\n|\n|t:|1698516262\n|move|p2a: Ditto|Collision Course|p1a: Koraidon\n|-damage|p1a: Koraidon|35\/100\n|move|p1a: Koraidon|Scale Shot|p2a: Ditto\n|-supereffective|p2a: Ditto\n|-damage|p2a: Ditto|66\/100\n|-supereffective|p2a: Ditto\n|-damage|p2a: Ditto|30\/100\n|-supereffective|p2a: Ditto\n|-damage|p2a: Ditto|0 fnt\n|faint|p2a: Ditto\n|-hitcount|p2: Ditto|3\n|-unboost|p1a: Koraidon|def|1\n|-boost|p1a: Koraidon|spe|1\n|\n|-weather|none\n|upkeep\n|inactive|handsome Chinese has 120 seconds left.\n|\n|t:|1698516274\n|switch|p2a: Koraidon|Koraidon|100\/100\n|-weather|SunnyDay|[from] ability: Orichalcum Pulse|[of] p2a: Koraidon\n|-activate|p2a: Koraidon|Orichalcum Pulse|[source]\n|turn|6\n|inactive|handsome Chinese has 120 seconds left.\n|\n|t:|1698516283\n|-terastallize|p2a: Koraidon|Ghost\n|move|p1a: Koraidon|Scale Shot|p2a: Koraidon\n|-damage|p2a: Koraidon|86\/100\n|-damage|p2a: Koraidon|73\/100\n|-hitcount|p2a: Koraidon|2\n|-unboost|p1a: Koraidon|def|1\n|-boost|p1a: Koraidon|spe|1\n|move|p2a: Koraidon|Bulk Up|p2a: Koraidon\n|-boost|p2a: Koraidon|atk|1\n|-boost|p2a: Koraidon|def|1\n|\n|-weather|SunnyDay|[upkeep]\n|upkeep\n|turn|7\n|\n|t:|1698516289\n|move|p1a: Koraidon|Flame Charge|p2a: Koraidon\n|-damage|p2a: Koraidon|54\/100\n|-boost|p1a: Koraidon|spe|1\n|move|p2a: Koraidon|Drain Punch|p1a: Koraidon\n|-damage|p1a: Koraidon|0 fnt\n|-heal|p2a: Koraidon|69\/100|[from] drain|[of] p1a: Koraidon\n|faint|p1a: Koraidon\n|\n|-weather|SunnyDay|[upkeep]\n|upkeep\n|\n|t:|1698516298\n|switch|p1a: Dragapult|Dragapult, F, shiny|100\/100\n|-activate|p1a: Dragapult|move: Sticky Web\n|-unboost|p1a: Dragapult|spe|1\n|turn|8\n|\n|t:|1698516306\n|move|p2a: Koraidon|Flame Charge|p1a: Dragapult\n|-resisted|p1a: Dragapult\n|-damage|p1a: Dragapult|63\/100\n|-boost|p2a: Koraidon|spe|1\n|move|p1a: Dragapult|Dragon Dance|p1a: Dragapult\n|-boost|p1a: Dragapult|atk|1\n|-boost|p1a: Dragapult|spe|1\n|\n|-weather|SunnyDay|[upkeep]\n|upkeep\n|turn|9\n|\n|t:|1698516312\n|move|p2a: Koraidon|Dragon Claw|p1a: Dragapult\n|-supereffective|p1a: Dragapult\n|-damage|p1a: Dragapult|0 fnt\n|-start|p2a: Koraidon|Disable|Dragon Claw|[from] ability: Cursed Body|[of] p1a: Dragapult\n|faint|p1a: Dragapult\n|\n|-weather|SunnyDay|[upkeep]\n|upkeep\n|\n|t:|1698516326\n|switch|p1a: Calyrex|Calyrex-Shadow|100\/100\n|-ability|p1a: Calyrex|As One\n|-ability|p1a: Calyrex|Unnerve\n|-activate|p1a: Calyrex|move: Sticky Web\n|-unboost|p1a: Calyrex|spe|1\n|turn|10\n|\n|t:|1698516330\n|-terastallize|p1a: Calyrex|Normal\n|move|p2a: Koraidon|Flame Charge|p1a: Calyrex\n|-damage|p1a: Calyrex|32\/100\n|-boost|p2a: Koraidon|spe|1\n|move|p1a: Calyrex|Astral Barrage|p2a: Koraidon\n|-supereffective|p2a: Koraidon\n|-damage|p2a: Koraidon|0 fnt\n|faint|p2a: Koraidon\n|-ability|p1a: Calyrex|Grim Neigh|boost\n|-boost|p1a: Calyrex|spa|1\n|\n|-weather|none\n|upkeep\n|\n|t:|1698516342\n|switch|p2a: Koraidon|Koraidon|100\/100\n|-weather|SunnyDay|[from] ability: Orichalcum Pulse|[of] p2a: Koraidon\n|-activate|p2a: Koraidon|Orichalcum Pulse|[source]\n|turn|11\n|\n|t:|1698516347\n|move|p2a: Koraidon|Flame Charge|p1a: Calyrex\n|-damage|p1a: Calyrex|0 fnt\n|-boost|p2a: Koraidon|spe|1\n|faint|p1a: Calyrex\n|-damage|p2a: Koraidon|91\/100|[from] item: Life Orb\n|\n|-weather|SunnyDay|[upkeep]\n|upkeep\n|\n|t:|1698516349\n|switch|p1a: Torterra|Torterra, F|100\/100\n|-activate|p1a: Torterra|move: Sticky Web\n|-unboost|p1a: Torterra|spe|1\n|-enditem|p1a: Torterra|White Herb\n|-clearnegativeboost|p1a: Torterra|[silent]\n|turn|12\n|\n|t:|1698516355\n|move|p2a: Koraidon|Flare Blitz|p1a: Torterra\n|-supereffective|p1a: Torterra\n|-damage|p1a: Torterra|0 fnt\n|faint|p1a: Torterra\n|-damage|p2a: Koraidon|64\/100|[from] Recoil\n|-damage|p2a: Koraidon|54\/100|[from] item: Life Orb\n|\n|-weather|SunnyDay|[upkeep]\n|upkeep\n|\n|t:|1698516357\n|switch|p1a: Zacian|Zacian-Crowned, shiny|100\/100\n|-activate|p1a: Zacian|move: Sticky Web\n|-unboost|p1a: Zacian|spe|1\n|-ability|p1a: Zacian|Intrepid Sword|boost\n|-boost|p1a: Zacian|atk|1\n|turn|13\n|\n|t:|1698516360\n|move|p2a: Koraidon|Flare Blitz|p1a: Zacian\n|-supereffective|p1a: Zacian\n|-damage|p1a: Zacian|0 fnt\n|faint|p1a: Zacian\n|-damage|p2a: Koraidon|27\/100|[from] Recoil\n|-damage|p2a: Koraidon|17\/100|[from] item: Life Orb\n|\n|win|handsome Chinese\n|raw|pointedrebel1358's rating: 1586 &rarr; <strong>1571<\/strong><br \/>(-15 for losing)\n|raw|handsome Chinese's rating: 1672 &rarr; <strong>1687<\/strong><br \/>(+15 for winning)\n|l|\u2606handsome Chinese\n","uploadtime":1698516466,"views":9,"p1id":"pointedrebel1358","p2id":"handsomechinese","formatid":"gen9anythinggoes","rating":1571,"private":0,"password":""}