{"id":"gen9anythinggoes-1991873647","p1":"explosion4life","p2":"Leaftail4","format":"[Gen 9] Anything Goes","log":"|j|\u2606explosion4life\n|j|\u2606Leaftail4\n|t:|1700131843\n|gametype|singles\n|player|p1|explosion4life|hooligans|1083\n|player|p2|Leaftail4|170|1200\n|teamsize|p1|6\n|teamsize|p2|6\n|gen|9\n|tier|[Gen 9] Anything Goes\n|rated|\n|rule|HP Percentage Mod: HP is shown in percentages\n|rule|Endless Battle Clause: Forcing endless battles is banned\n|clearpoke\n|poke|p1|Calyrex-Shadow|\n|poke|p1|Miraidon|\n|poke|p1|Koraidon|\n|poke|p1|Zacian-*|\n|poke|p1|Arceus|\n|poke|p1|Great Tusk|\n|poke|p2|Arcanine-Hisui, M|\n|poke|p2|Sneasler, F|\n|poke|p2|Maushold-Four|\n|poke|p2|Meowscarada, F|\n|poke|p2|Chien-Pao|\n|poke|p2|Vaporeon, F|\n|teampreview\n|j| butcherbullet\n|\n|t:|1700131861\n|start\n|switch|p1a: Great Tusk|Great Tusk|100\/100\n|switch|p2a: Rippletail|Vaporeon, F|100\/100\n|turn|1\n|\n|t:|1700131873\n|-end|p1a: Great Tusk|Protosynthesis|[silent]\n|switch|p1a: Miraidon|Miraidon|100\/100\n|-fieldstart|move: Electric Terrain|[from] ability: Hadron Engine|[of] p1a: Miraidon\n|move|p2a: Rippletail|Yawn|p1a: Miraidon\n|-activate|p1a: Miraidon|move: Electric Terrain\n|\n|upkeep\n|turn|2\n|\n|t:|1700131885\n|move|p1a: Miraidon|Electro Drift|p2a: Rippletail\n|-supereffective|p2a: Rippletail\n|-damage|p2a: Rippletail|0 fnt\n|faint|p2a: Rippletail\n|-damage|p1a: Miraidon|91\/100|[from] item: Life Orb\n|\n|upkeep\n|\n|t:|1700131897\n|switch|p2a: Snowfang|Chien-Pao|100\/100\n|-ability|p2a: Snowfang|Sword of Ruin\n|turn|3\n|\n|t:|1700131901\n|move|p2a: Snowfang|Ice Shard|p1a: Miraidon\n|-supereffective|p1a: Miraidon\n|-damage|p1a: Miraidon|36\/100\n|move|p1a: Miraidon|Electro Drift|p2a: Snowfang\n|-damage|p2a: Snowfang|0 fnt\n|-damage|p1a: Miraidon|20\/100|[from] item: Rocky Helmet|[of] p2a: Snowfang\n|faint|p2a: Snowfang\n|-damage|p1a: Miraidon|10\/100|[from] item: Life Orb\n|\n|upkeep\n|\n|t:|1700131919\n|switch|p2a: Whitefur|Maushold-Four|100\/100\n|turn|4\n|\n|t:|1700131930\n|move|p1a: Miraidon|Electro Drift|p2a: Whitefur\n|-damage|p2a: Whitefur|0 fnt\n|faint|p2a: Whitefur\n|-damage|p1a: Miraidon|0 fnt|[from] item: Life Orb\n|faint|p1a: Miraidon\n|\n|upkeep\n|\n|t:|1700131946\n|switch|p1a: Koraidon|Koraidon|100\/100\n|switch|p2a: Bluepelt|Sneasler, F|100\/100\n|-weather|SunnyDay|[from] ability: Orichalcum Pulse|[of] p1a: Koraidon\n|-activate|p1a: Koraidon|Orichalcum Pulse|[source]\n|turn|5\n|\n|t:|1700131967\n|move|p1a: Koraidon|Flare Blitz|p2a: Bluepelt\n|-damage|p2a: Bluepelt|0 fnt\n|faint|p2a: Bluepelt\n|-damage|p1a: Koraidon|71\/100|[from] Recoil\n|\n|-weather|SunnyDay|[upkeep]\n|-fieldend|move: Electric Terrain\n|upkeep\n|\n|t:|1700131975\n|switch|p2a: Smoketalon|Arcanine-Hisui, M|100\/100\n|turn|6\n|\n|t:|1700131989\n|switch|p1a: Great Tusk|Great Tusk|100\/100\n|-activate|p1a: Great Tusk|ability: Protosynthesis\n|-start|p1a: Great Tusk|protosynthesisatk\n|-terastallize|p2a: Smoketalon|Grass\n|move|p2a: Smoketalon|Head Smash|p1a: Great Tusk|[miss]\n|-miss|p2a: Smoketalon|p1a: Great Tusk\n|\n|-weather|SunnyDay|[upkeep]\n|upkeep\n|turn|7\n|\n|t:|1700132004\n|move|p2a: Smoketalon|Head Smash|p1a: Great Tusk\n|-resisted|p1a: Great Tusk\n|-damage|p1a: Great Tusk|82\/100\n|move|p1a: Great Tusk|Rapid Spin|p2a: Smoketalon\n|-damage|p2a: Smoketalon|74\/100\n|-boost|p1a: Great Tusk|spe|1\n|\n|-weather|SunnyDay|[upkeep]\n|-heal|p1a: Great Tusk|89\/100|[from] item: Leftovers\n|upkeep\n|turn|8\n|\n|t:|1700132017\n|switch|p2a: Sleekwhisper|Meowscarada, F|100\/100\n|move|p1a: Great Tusk|Close Combat|p2a: Sleekwhisper\n|-supereffective|p2a: Sleekwhisper\n|-crit|p2a: Sleekwhisper\n|-damage|p2a: Sleekwhisper|0 fnt\n|-unboost|p1a: Great Tusk|def|1\n|-unboost|p1a: Great Tusk|spd|1\n|faint|p2a: Sleekwhisper\n|\n|-weather|SunnyDay|[upkeep]\n|-heal|p1a: Great Tusk|95\/100|[from] item: Leftovers\n|upkeep\n|\n|t:|1700132029\n|switch|p2a: Smoketalon|Arcanine-Hisui, M, tera:Grass|74\/100\n|turn|9\n|\n|t:|1700132036\n|move|p1a: Great Tusk|Close Combat|p2a: Smoketalon\n|-damage|p2a: Smoketalon|0 fnt\n|-unboost|p1a: Great Tusk|def|1\n|-unboost|p1a: Great Tusk|spd|1\n|faint|p2a: Smoketalon\n|\n|win|explosion4life\n|raw|explosion4life's rating: 1083 &rarr; <strong>1119<\/strong><br \/>(+36 for winning)\n|raw|Leaftail4's rating: 1200 &rarr; <strong>1167<\/strong><br \/>(-33 for losing)\n|l|\u2606explosion4life\n|j|\u2606explosion4life\n|player|p1|explosion4life|hooligans\n|c|\u2606Leaftail4|That was not fun lol\n|l| butcherbullet\n|c|\u2606explosion4life|Sorry\n|c|\u2606Leaftail4|People don't really like fighting against all legendary teams just as a heads up\n|c|\u2606Leaftail4|Getting like aggressively walled is effective but it's not fun to fight against\n|l|\u2606Leaftail4\n|j|\u2606Leaftail4\n|player|p2|Leaftail4|170\n|c|\u2606explosion4life|after reaching 1300-1400 it's all it is\n|c|\u2606Leaftail4|Fun!\n|c|\u2606explosion4life|Well ubers and baton pass\n|c|\u2606Leaftail4|glad to know that the competitive scene hates fun I guess lol\n|c|\u2606explosion4life|And last respects\n|c|\u2606Leaftail4|:\/\n|l|\u2606explosion4life\n|player|p1|\n","uploadtime":1700132200,"views":4,"p1id":"explosion4life","p2id":"leaftail4","formatid":"gen9anythinggoes","rating":1119,"private":0,"password":""}