{"id":"gen9anythinggoes-1989512012","p1":"Xeo009","p2":"Agastyaa","format":"[Gen 9] Anything Goes","log":"|j|\u2606Xeo009\n|j|\u2606Agastyaa\n|t:|1699863351\n|gametype|singles\n|player|p1|Xeo009|ash-alola|1647\n|player|p2|Agastyaa|101|1704\n|teamsize|p1|6\n|teamsize|p2|6\n|gen|9\n|tier|[Gen 9] Anything Goes\n|rated|\n|rule|HP Percentage Mod: HP is shown in percentages\n|rule|Endless Battle Clause: Forcing endless battles is banned\n|clearpoke\n|poke|p1|Ditto|\n|poke|p1|Pawmot, F|\n|poke|p1|Corviknight, F|\n|poke|p1|Zacian-*|\n|poke|p1|Calyrex-Shadow|\n|poke|p1|Koraidon|\n|poke|p2|Koraidon|\n|poke|p2|Arceus|\n|poke|p2|Calyrex-Shadow|\n|poke|p2|Miraidon|\n|poke|p2|Kyogre|\n|poke|p2|Giratina-Origin|\n|teampreview\n|\n|t:|1699863363\n|start\n|switch|p1a: Koraidon|Koraidon|100\/100\n|switch|p2a: Calyrex|Calyrex-Shadow|100\/100\n|-ability|p2a: Calyrex|As One\n|-ability|p2a: Calyrex|Unnerve\n|-weather|SunnyDay|[from] ability: Orichalcum Pulse|[of] p1a: Koraidon\n|-activate|p1a: Koraidon|Orichalcum Pulse|[source]\n|turn|1\n|\n|t:|1699863373\n|move|p2a: Calyrex|Astral Barrage|p1a: Koraidon\n|-damage|p1a: Koraidon|25\/100\n|move|p1a: Koraidon|Outrage|p2a: Calyrex\n|-enditem|p2a: Calyrex|Focus Sash\n|-damage|p2a: Calyrex|1\/100\n|\n|-weather|SunnyDay|[upkeep]\n|upkeep\n|turn|2\n|\n|t:|1699863383\n|move|p2a: Calyrex|Grass Knot|p1a: Koraidon\n|-resisted|p1a: Koraidon\n|-crit|p1a: Koraidon\n|-damage|p1a: Koraidon|0 fnt\n|faint|p1a: Koraidon\n|-ability|p2a: Calyrex|Grim Neigh|boost\n|-boost|p2a: Calyrex|spa|1\n|\n|-weather|SunnyDay|[upkeep]\n|upkeep\n|\n|t:|1699863394\n|switch|p1a: Ditto|Ditto|100\/100\n|-transform|p1a: Ditto|p2a: Calyrex|[from] ability: Imposter\n|turn|3\n|\n|t:|1699863402\n|switch|p2a: Arceus|Arceus|100\/100\n|move|p1a: Ditto|Astral Barrage|p2a: Arceus\n|-immune|p2a: Arceus\n|\n|-weather|SunnyDay|[upkeep]\n|upkeep\n|turn|4\n|\n|t:|1699863409\n|switch|p1a: Corviknight|Corviknight, F|100\/100\n|-ability|p1a: Corviknight|Pressure\n|move|p2a: Arceus|Shadow Claw|p1a: Corviknight\n|-crit|p1a: Corviknight\n|-damage|p1a: Corviknight|73\/100\n|-damage|p2a: Arceus|91\/100|[from] item: Life Orb\n|\n|-weather|SunnyDay|[upkeep]\n|upkeep\n|turn|5\n|\n|t:|1699863420\n|switch|p2a: Koraidon|Koraidon|100\/100\n|-activate|p2a: Koraidon|ability: Orichalcum Pulse\n|move|p1a: Corviknight|Body Press|p2a: Koraidon\n|-damage|p2a: Koraidon|77\/100\n|\n|-weather|none\n|upkeep\n|turn|6\n|\n|t:|1699863430\n|move|p2a: Koraidon|Flare Blitz|p1a: Corviknight\n|-supereffective|p1a: Corviknight\n|-damage|p1a: Corviknight|21\/100\n|-enditem|p1a: Corviknight|Weakness Policy\n|-boost|p1a: Corviknight|atk|2|[from] item: Weakness Policy\n|-boost|p1a: Corviknight|spa|2|[from] item: Weakness Policy\n|-damage|p2a: Koraidon|57\/100|[from] Recoil\n|move|p1a: Corviknight|Brave Bird|p2a: Koraidon\n|-supereffective|p2a: Koraidon\n|-damage|p2a: Koraidon|0 fnt\n|faint|p2a: Koraidon\n|-damage|p1a: Corviknight|6\/100|[from] Recoil\n|\n|upkeep\n|\n|t:|1699863442\n|switch|p2a: Arceus|Arceus|91\/100\n|turn|7\n|\n|t:|1699863445\n|move|p2a: Arceus|Extreme Speed|p1a: Corviknight\n|-resisted|p1a: Corviknight\n|-damage|p1a: Corviknight|0 fnt\n|faint|p1a: Corviknight\n|-damage|p2a: Arceus|81\/100|[from] item: Life Orb\n|\n|upkeep\n|\n|t:|1699863455\n|switch|p1a: Zacian|Zacian-Crowned|100\/100\n|-ability|p1a: Zacian|Intrepid Sword|boost\n|-boost|p1a: Zacian|atk|1\n|turn|8\n|\n|t:|1699863461\n|switch|p2a: Calyrex|Calyrex-Shadow|1\/100\n|-ability|p2a: Calyrex|As One\n|-ability|p2a: Calyrex|Unnerve\n|move|p1a: Zacian|Sacred Sword|p2a: Calyrex\n|-immune|p2a: Calyrex\n|\n|upkeep\n|turn|9\n|\n|t:|1699863470\n|move|p2a: Calyrex|Astral Barrage|p1a: Zacian\n|-damage|p1a: Zacian|29\/100\n|move|p1a: Zacian|Behemoth Blade|p2a: Calyrex\n|-damage|p2a: Calyrex|0 fnt\n|faint|p2a: Calyrex\n|\n|upkeep\n|\n|t:|1699863487\n|switch|p2a: Miraidon|Miraidon|100\/100\n|-fieldstart|move: Electric Terrain|[from] ability: Hadron Engine|[of] p2a: Miraidon\n|turn|10\n|\n|t:|1699863496\n|-terastallize|p1a: Zacian|Ground\n|move|p2a: Miraidon|Volt Switch|p1a: Zacian\n|-immune|p1a: Zacian\n|move|p1a: Zacian|Play Rough|p2a: Miraidon\n|-supereffective|p2a: Miraidon\n|-damage|p2a: Miraidon|0 fnt\n|faint|p2a: Miraidon\n|\n|upkeep\n|\n|t:|1699863506\n|switch|p2a: Kyogre|Kyogre|100\/100\n|-weather|RainDance|[from] ability: Drizzle|[of] p2a: Kyogre\n|turn|11\n|\n|t:|1699863513\n|switch|p1a: Ditto|Ditto|100\/100\n|-transform|p1a: Ditto|p2a: Kyogre|[from] ability: Imposter\n|move|p2a: Kyogre|Ice Beam|p1a: Ditto\n|-resisted|p1a: Ditto\n|-damage|p1a: Ditto|86\/100\n|\n|-weather|RainDance|[upkeep]\n|upkeep\n|turn|12\n|\n|t:|1699863519\n|switch|p2a: Giratina|Giratina-Origin|100\/100\n|move|p1a: Ditto|Thunder|p2a: Giratina\n|-resisted|p2a: Giratina\n|-damage|p2a: Giratina|83\/100\n|-status|p2a: Giratina|par\n|\n|-weather|RainDance|[upkeep]\n|upkeep\n|turn|13\n|\n|t:|1699863530\n|move|p1a: Ditto|Thunder|p2a: Giratina\n|-resisted|p2a: Giratina\n|-damage|p2a: Giratina|67\/100 par\n|move|p2a: Giratina|Dragon Tail|p1a: Ditto|[miss]\n|-miss|p2a: Giratina|p1a: Ditto\n|\n|-weather|RainDance|[upkeep]\n|upkeep\n|turn|14\n|c|\u2606Agastyaa|aint no way\n|c|\u2606Agastyaa|im so unlucky\n|\n|t:|1699863537\n|move|p1a: Ditto|Thunder|p2a: Giratina\n|-resisted|p2a: Giratina\n|-damage|p2a: Giratina|51\/100 par\n|cant|p2a: Giratina|par\n|\n|-weather|RainDance|[upkeep]\n|-fieldend|move: Electric Terrain\n|upkeep\n|turn|15\n|\n|t:|1699863544\n|move|p1a: Ditto|Thunder|p2a: Giratina\n|-resisted|p2a: Giratina\n|-damage|p2a: Giratina|37\/100 par\n|move|p2a: Giratina|Dragon Tail|p1a: Ditto|[miss]\n|-miss|p2a: Giratina|p1a: Ditto\n|\n|-weather|none\n|upkeep\n|turn|16\n|\n|t:|1699863550\n|move|p1a: Ditto|Thunder|p2a: Giratina\n|-resisted|p2a: Giratina\n|-damage|p2a: Giratina|24\/100 par\n|move|p2a: Giratina|Dragon Tail|p1a: Ditto\n|-damage|p1a: Ditto|51\/100\n|drag|p1a: Pawmot|Pawmot, F|100\/100\n|\n|upkeep\n|turn|17\n|\n|t:|1699863566\n|move|p1a: Pawmot|Ice Punch|p2a: Giratina\n|-supereffective|p2a: Giratina\n|-damage|p2a: Giratina|0 fnt\n|faint|p2a: Giratina\n|\n|upkeep\n|c|\u2606Agastyaa|kill me\n|\n|t:|1699863575\n|switch|p2a: Arceus|Arceus|81\/100\n|turn|18\n|\n|t:|1699863593\n|move|p1a: Pawmot|Revival Blessing|p1a: Pawmot\n|\n|t:|1699863595\n|-heal|p1: Koraidon|50\/100|[from] move: Revival Blessing\n|move|p2a: Arceus|Swords Dance|p2a: Arceus\n|-boost|p2a: Arceus|atk|2\n|\n|upkeep\n|turn|19\n|\n|t:|1699863606\n|switch|p1a: Calyrex|Calyrex-Shadow|100\/100\n|-ability|p1a: Calyrex|As One\n|-ability|p1a: Calyrex|Unnerve\n|move|p2a: Arceus|Extreme Speed|p1a: Calyrex\n|-immune|p1a: Calyrex\n|\n|upkeep\n|turn|20\n|\n|t:|1699863616\n|move|p1a: Calyrex|Psychic|p2a: Arceus\n|-damage|p2a: Arceus|42\/100\n|-unboost|p2a: Arceus|spd|1\n|move|p2a: Arceus|Shadow Claw|p1a: Calyrex\n|-supereffective|p1a: Calyrex\n|-enditem|p1a: Calyrex|Focus Sash\n|-damage|p1a: Calyrex|1\/100\n|-damage|p2a: Arceus|32\/100|[from] item: Life Orb\n|\n|upkeep\n|turn|21\n|\n|t:|1699863625\n|move|p1a: Calyrex|Psychic|p2a: Arceus\n|-damage|p2a: Arceus|0 fnt\n|faint|p2a: Arceus\n|-ability|p1a: Calyrex|Grim Neigh|boost\n|-boost|p1a: Calyrex|spa|1\n|\n|upkeep\n|\n|t:|1699863630\n|switch|p2a: Kyogre|Kyogre|100\/100\n|-weather|RainDance|[from] ability: Drizzle|[of] p2a: Kyogre\n|turn|22\n|\n|t:|1699863637\n|move|p2a: Kyogre|Water Spout|p1a: Calyrex\n|-damage|p1a: Calyrex|0 fnt\n|faint|p1a: Calyrex\n|\n|-weather|RainDance|[upkeep]\n|upkeep\n|\n|t:|1699863648\n|switch|p1a: Ditto|Ditto|51\/100\n|-transform|p1a: Ditto|p2a: Kyogre|[from] ability: Imposter\n|turn|23\n|c|\u2606Agastyaa|of course im so unlucky\n|\n|t:|1699863657\n|-terastallize|p2a: Kyogre|Ground\n|move|p1a: Ditto|Thunder|p2a: Kyogre\n|-immune|p2a: Kyogre\n|move|p2a: Kyogre|Water Spout|p1a: Ditto\n|-resisted|p1a: Ditto\n|-crit|p1a: Ditto\n|-damage|p1a: Ditto|0 fnt\n|faint|p1a: Ditto\n|\n|-weather|RainDance|[upkeep]\n|upkeep\n|\n|t:|1699863671\n|switch|p1a: Koraidon|Koraidon|50\/100\n|-weather|SunnyDay|[from] ability: Orichalcum Pulse|[of] p1a: Koraidon\n|-activate|p1a: Koraidon|Orichalcum Pulse|[source]\n|turn|24\n|\n|t:|1699863681\n|move|p2a: Kyogre|Water Spout|p1a: Koraidon\n|-resisted|p1a: Koraidon\n|-damage|p1a: Koraidon|28\/100\n|move|p1a: Koraidon|Outrage|p2a: Kyogre\n|-damage|p2a: Kyogre|3\/100\n|\n|-weather|SunnyDay|[upkeep]\n|upkeep\n|turn|25\n|-message|Agastyaa forfeited.\n|\n|win|Xeo009\n|raw|Xeo009's rating: 1647 &rarr; <strong>1670<\/strong><br \/>(+23 for winning)\n|raw|Agastyaa's rating: 1704 &rarr; <strong>1681<\/strong><br \/>(-23 for losing)\n|l|\u2606Agastyaa\n|c|\u2606Xeo009|Gg\n","uploadtime":1699863713,"views":4,"p1id":"xeo009","p2id":"agastyaa","formatid":"gen9anythinggoes","rating":1670,"private":0,"password":""}