{"id":"gen9anythinggoes-1973214157","p1":"Janblauweiss","p2":"GreatChoice","format":"[Gen 9] Anything Goes","log":"|j|\u2606Janblauweiss\n|j|\u2606GreatChoice\n|t:|1697940246\n|gametype|singles\n|player|p1|Janblauweiss|archer|1231\n|player|p2|GreatChoice|volkner|1206\n|teamsize|p1|6\n|teamsize|p2|6\n|gen|9\n|tier|[Gen 9] Anything Goes\n|rated|\n|rule|HP Percentage Mod: HP is shown in percentages\n|rule|Endless Battle Clause: Forcing endless battles is banned\n|clearpoke\n|poke|p1|Darkrai|\n|poke|p1|Mewtwo|\n|poke|p1|Zacian-*|\n|poke|p1|Kyogre|\n|poke|p1|Regieleki|\n|poke|p1|Tyranitar, F|\n|poke|p2|Dragapult, M|\n|poke|p2|Cinderace, F|\n|poke|p2|Palafin, F|\n|poke|p2|Landorus-Therian, M|\n|poke|p2|Revavroom, F|\n|poke|p2|Iron Valiant|\n|teampreview\n|inactive|Battle timer is ON: inactive players will automatically lose when time's up. (requested by GreatChoice)\n|\n|t:|1697940254\n|start\n|switch|p1a: Kyogre|Kyogre|100\/100\n|switch|p2a: Palafin|Palafin, F|100\/100\n|-weather|RainDance|[from] ability: Drizzle|[of] p1a: Kyogre\n|turn|1\n|\n|t:|1697940261\n|move|p2a: Palafin|Flip Turn|p1a: Kyogre\n|-resisted|p1a: Kyogre\n|-damage|p1a: Kyogre|77\/100\n|\n|t:|1697940267\n|detailschange|p2a: Palafin|Palafin-Hero, F\n|switch|p2a: Revavroom|Revavroom, F|100\/100|[from] Flip Turn\n|move|p1a: Kyogre|Thunder|p2a: Revavroom\n|-damage|p2a: Revavroom|21\/100\n|\n|-weather|RainDance|[upkeep]\n|-heal|p1a: Kyogre|84\/100|[from] item: Leftovers\n|upkeep\n|turn|2\n|inactive|Janblauweiss has 120 seconds left.\n|\n|t:|1697940312\n|move|p2a: Revavroom|Toxic|p1a: Kyogre\n|-status|p1a: Kyogre|tox\n|move|p1a: Kyogre|Surf|p2a: Revavroom\n|-damage|p2a: Revavroom|0 fnt\n|faint|p2a: Revavroom\n|\n|-weather|RainDance|[upkeep]\n|-heal|p1a: Kyogre|90\/100 tox|[from] item: Leftovers\n|-damage|p1a: Kyogre|84\/100 tox|[from] psn\n|upkeep\n|inactive|GreatChoice has 120 seconds left.\n|\n|t:|1697940346\n|switch|p2a: Dragapult|Dragapult, M|100\/100\n|turn|3\n|inactive|Janblauweiss has 120 seconds left.\n|\n|t:|1697940353\n|move|p2a: Dragapult|Dragon Dance|p2a: Dragapult\n|-boost|p2a: Dragapult|atk|1\n|-boost|p2a: Dragapult|spe|1\n|move|p1a: Kyogre|Ice Beam|p2a: Dragapult\n|-supereffective|p2a: Dragapult\n|-damage|p2a: Dragapult|4\/100\n|\n|-weather|RainDance|[upkeep]\n|-heal|p1a: Kyogre|90\/100 tox|[from] item: Leftovers\n|-damage|p1a: Kyogre|77\/100 tox|[from] psn\n|upkeep\n|turn|4\n|inactive|Janblauweiss has 120 seconds left.\n|inactive|GreatChoice has 120 seconds left.\n|\n|t:|1697940375\n|move|p2a: Dragapult|Dragon Darts|p1a: Kyogre\n|-damage|p1a: Kyogre|37\/100 tox\n|-anim|p2a: Dragapult|Dragon Darts|p1a: Kyogre\n|-damage|p1a: Kyogre|0 fnt\n|faint|p1a: Kyogre\n|\n|-weather|RainDance|[upkeep]\n|upkeep\n|inactive|Janblauweiss has 120 seconds left.\n|\n|t:|1697940381\n|switch|p1a: Regieleki|Regieleki, shiny|100\/100\n|turn|5\n|\n|t:|1697940392\n|move|p2a: Dragapult|Dragon Darts|p1a: Regieleki\n|-damage|p1a: Regieleki|35\/100\n|-anim|p2a: Dragapult|Dragon Darts|p1a: Regieleki\n|-damage|p1a: Regieleki|0 fnt\n|faint|p1a: Regieleki\n|\n|-weather|none\n|upkeep\n|inactive|Janblauweiss has 120 seconds left.\n|\n|t:|1697940403\n|switch|p1a: Mewtwo|Mewtwo, shiny|100\/100\n|-ability|p1a: Mewtwo|Unnerve\n|turn|6\n|\n|t:|1697940409\n|move|p2a: Dragapult|Dragon Darts|p1a: Mewtwo\n|-damage|p1a: Mewtwo|57\/100\n|-anim|p2a: Dragapult|Dragon Darts|p1a: Mewtwo\n|-crit|p1a: Mewtwo\n|-damage|p1a: Mewtwo|0 fnt\n|faint|p1a: Mewtwo\n|\n|upkeep\n|\n|t:|1697940417\n|switch|p1a: Darkrai|Darkrai, shiny|100\/100\n|turn|7\n|\n|t:|1697940422\n|move|p2a: Dragapult|Dragon Darts|p1a: Darkrai\n|-damage|p1a: Darkrai|50\/100\n|-anim|p2a: Dragapult|Dragon Darts|p1a: Darkrai\n|-damage|p1a: Darkrai|0 fnt\n|faint|p1a: Darkrai\n|\n|upkeep\n|\n|t:|1697940428\n|switch|p1a: Zacian|Zacian-Crowned, shiny|100\/100\n|-ability|p1a: Zacian|Intrepid Sword|boost\n|-boost|p1a: Zacian|atk|1\n|turn|8\n|\n|t:|1697940438\n|move|p2a: Dragapult|Acrobatics|p1a: Zacian\n|-resisted|p1a: Zacian\n|-damage|p1a: Zacian|85\/100\n|move|p1a: Zacian|Behemoth Blade|p2a: Dragapult\n|-damage|p2a: Dragapult|0 fnt\n|faint|p2a: Dragapult\n|\n|upkeep\n|\n|t:|1697940459\n|switch|p2a: Landorus|Landorus-Therian, M|100\/100\n|-ability|p2a: Landorus|Intimidate|boost\n|-unboost|p1a: Zacian|atk|1\n|turn|9\n|\n|t:|1697940475\n|move|p1a: Zacian|Close Combat|p2a: Landorus\n|-resisted|p2a: Landorus\n|-damage|p2a: Landorus|71\/100\n|-unboost|p1a: Zacian|def|1\n|-unboost|p1a: Zacian|spd|1\n|move|p2a: Landorus|Earthquake|p1a: Zacian\n|-supereffective|p1a: Zacian\n|-damage|p1a: Zacian|0 fnt\n|faint|p1a: Zacian\n|\n|upkeep\n|j| Mattattac\n|\n|t:|1697940483\n|switch|p1a: Tyranitar|Tyranitar, F, shiny|100\/100\n|-weather|Sandstorm|[from] ability: Sand Stream|[of] p1a: Tyranitar\n|turn|10\n|c|\u2606GreatChoice|gg\n|\n|t:|1697940494\n|move|p2a: Landorus|Earthquake|p1a: Tyranitar\n|-supereffective|p1a: Tyranitar\n|-damage|p1a: Tyranitar|0 fnt\n|faint|p1a: Tyranitar\n|\n|win|GreatChoice\n|raw|Janblauweiss's rating: 1231 &rarr; <strong>1204<\/strong><br \/>(-27 for losing)\n|raw|GreatChoice's rating: 1206 &rarr; <strong>1233<\/strong><br \/>(+27 for winning)\n|l|\u2606Janblauweiss\n|l|\u2606GreatChoice\n","uploadtime":1697940509,"views":7,"p1id":"janblauweiss","p2id":"greatchoice","formatid":"gen9anythinggoes","rating":1204,"private":0,"password":""}