{"id":"gen9anythinggoes-1997434964","p1":"Smallsmallrose","p2":"Natcrozma (\u25d5\u203f\u25d5\u273f)","format":"[Gen 9] Anything Goes","log":"|j|\u2606Smallsmallrose\n|j|\u2606Natcrozma (\u25d5\u203f\u25d5\u273f)\n|inactive|Battle timer is ON: inactive players will automatically lose when time's up.\n|t:|1700804649\n|gametype|singles\n|player|p1|Smallsmallrose|102|\n|player|p2|Natcrozma (\u25d5\u203f\u25d5\u273f)|penny|\n|teamsize|p1|6\n|teamsize|p2|6\n|gen|9\n|tier|[Gen 9] Anything Goes\n|rated|Tournament battle\n|rule|HP Percentage Mod: HP is shown in percentages\n|rule|Endless Battle Clause: Forcing endless battles is banned\n|rule|Species Clause: Limit one of each Pok\u00e9mon\n|rule|OHKO Clause: OHKO moves are banned\n|rule|Evasion Moves Clause: Evasion moves are banned\n|rule|Sleep Moves Clause: Sleep-inducing moves are banned\n|rule|Tier Shift Mod: Pok\u00e9mon get stat buffs depending on their tier, excluding HP.\n|rule|Terastal Clause: You cannot Terastallize\n|rule|Evasion Clause: Evasion abilities, items, and moves are banned\n|rule|Evasion Abilities Clause: Evasion abilities are banned\n|rule|Evasion Items Clause: Evasion items are banned\n|clearpoke\n|poke|p1|Hydreigon, F|\n|poke|p1|Iron Treads|\n|poke|p1|Alomomola, F|\n|poke|p1|Iron Hands|\n|poke|p1|Meowscarada, F|\n|poke|p1|Moltres|\n|poke|p2|Chansey, F|\n|poke|p2|Electrode-Hisui|\n|poke|p2|Talonflame, F|\n|poke|p2|Slither Wing|\n|poke|p2|Hippowdon, F|\n|poke|p2|Gengar, M|\n|teampreview\n|inactive|Natcrozma (\u25d5\u203f\u25d5\u273f) also wants the timer to be on.\n|j| Dogpraxis\n|j| FatherlessActivity\n|l| Dogpraxis\n|j| NWN\n|l| NWN\n|j| xnal\n|\n|t:|1700804677\n|start\n|switch|p1a: Hydreigon|Hydreigon, F|100\/100\n|switch|p2a: Chansey|Chansey, F|100\/100\n|turn|1\n|\n|t:|1700804687\n|move|p1a: Hydreigon|Substitute|p1a: Hydreigon\n|-start|p1a: Hydreigon|Substitute\n|-damage|p1a: Hydreigon|76\/100\n|move|p2a: Chansey|Stealth Rock|p1a: Hydreigon\n|-sidestart|p1: Smallsmallrose|move: Stealth Rock\n|\n|-heal|p1a: Hydreigon|82\/100|[from] item: Leftovers\n|upkeep\n|turn|2\n|\n|t:|1700804701\n|move|p1a: Hydreigon|Nasty Plot|p1a: Hydreigon\n|-boost|p1a: Hydreigon|spa|2\n|move|p2a: Chansey|Seismic Toss|p1a: Hydreigon\n|-end|p1a: Hydreigon|Substitute\n|\n|-heal|p1a: Hydreigon|88\/100|[from] item: Leftovers\n|upkeep\n|turn|3\n|\n|t:|1700804707\n|move|p1a: Hydreigon|Dark Pulse|p2a: Chansey\n|-damage|p2a: Chansey|80\/100\n|move|p2a: Chansey|Seismic Toss|p1a: Hydreigon\n|-damage|p1a: Hydreigon|57\/100\n|\n|-heal|p1a: Hydreigon|63\/100|[from] item: Leftovers\n|upkeep\n|turn|4\n|\n|t:|1700804715\n|switch|p1a: Iron Hands|Iron Hands|100\/100\n|-damage|p1a: Iron Hands|94\/100|[from] Stealth Rock\n|move|p2a: Chansey|Thunder Wave|p1a: Iron Hands\n|-immune|p1a: Iron Hands\n|\n|upkeep\n|turn|5\n|\n|t:|1700804730\n|switch|p2a: Hippowdon|Hippowdon, F|100\/100\n|-weather|Sandstorm|[from] ability: Sand Stream|[of] p2a: Hippowdon\n|move|p1a: Iron Hands|Ice Punch|p2a: Hippowdon\n|-supereffective|p2a: Hippowdon\n|-damage|p2a: Hippowdon|42\/100\n|-damage|p1a: Iron Hands|78\/100|[from] item: Rocky Helmet|[of] p2a: Hippowdon\n|\n|-weather|Sandstorm|[upkeep]\n|-damage|p1a: Iron Hands|72\/100|[from] Sandstorm\n|upkeep\n|turn|6\n|\n|t:|1700804740\n|-end|p1a: Iron Hands|Quark Drive|[silent]\n|switch|p1a: Alomomola|Alomomola, F|100\/100\n|-damage|p1a: Alomomola|88\/100|[from] Stealth Rock\n|switch|p2a: Talonflame|Talonflame, F|100\/100\n|\n|-weather|Sandstorm|[upkeep]\n|-damage|p2a: Talonflame|94\/100|[from] Sandstorm\n|-damage|p1a: Alomomola|82\/100|[from] Sandstorm\n|upkeep\n|turn|7\n|\n|t:|1700804744\n|move|p2a: Talonflame|Will-O-Wisp|p1a: Alomomola\n|-status|p1a: Alomomola|brn\n|move|p1a: Alomomola|Wish|p1a: Alomomola\n|\n|-weather|Sandstorm|[upkeep]\n|-damage|p2a: Talonflame|88\/100|[from] Sandstorm\n|-damage|p1a: Alomomola|76\/100 brn|[from] Sandstorm\n|-damage|p1a: Alomomola|69\/100 brn|[from] brn\n|upkeep\n|turn|8\n|\n|t:|1700804747\n|switch|p2a: Hippowdon|Hippowdon, F|42\/100\n|move|p1a: Alomomola|Flip Turn|p2a: Hippowdon\n|-supereffective|p2a: Hippowdon\n|-damage|p2a: Hippowdon|32\/100\n|-damage|p1a: Alomomola|53\/100 brn|[from] item: Rocky Helmet|[of] p2a: Hippowdon\n|\n|t:|1700804761\n|switch|p1a: Iron Hands|Iron Hands|72\/100|[from] Flip Turn\n|-damage|p1a: Iron Hands|65\/100|[from] Stealth Rock\n|\n|-weather|Sandstorm|[upkeep]\n|-damage|p1a: Iron Hands|59\/100|[from] Sandstorm\n|-heal|p1a: Iron Hands|100\/100|[from] move: Wish|[wisher] Alomomola\n|upkeep\n|turn|9\n|\n|t:|1700804773\n|move|p1a: Iron Hands|Earthquake|p2a: Hippowdon\n|-damage|p2a: Hippowdon|0 fnt\n|faint|p2a: Hippowdon\n|\n|-weather|none\n|upkeep\n|\n|t:|1700804793\n|switch|p2a: Talonflame|Talonflame, F|88\/100\n|turn|10\n|\n|t:|1700804798\n|-end|p1a: Iron Hands|Quark Drive|[silent]\n|switch|p1a: Alomomola|Alomomola, F|86\/100 brn\n|-damage|p1a: Alomomola|73\/100 brn|[from] Stealth Rock\n|move|p2a: Talonflame|Will-O-Wisp|p1a: Alomomola\n|-fail|p1a: Alomomola|brn\n|\n|-damage|p1a: Alomomola|67\/100 brn|[from] brn\n|upkeep\n|turn|11\n|\n|t:|1700804806\n|move|p2a: Talonflame|U-turn|p1a: Alomomola\n|-damage|p1a: Alomomola|57\/100 brn\n|-damage|p2a: Talonflame|72\/100|[from] item: Rocky Helmet|[of] p1a: Alomomola\n|\n|t:|1700804809\n|switch|p2a: Electrode|Electrode-Hisui|100\/100|[from] U-turn\n|move|p1a: Alomomola|Flip Turn|p2a: Electrode\n|-resisted|p2a: Electrode\n|-damage|p2a: Electrode|95\/100\n|\n|t:|1700804818\n|switch|p1a: Iron Treads|Iron Treads|100\/100|[from] Flip Turn\n|-damage|p1a: Iron Treads|97\/100|[from] Stealth Rock\n|\n|-heal|p1a: Iron Treads|100\/100|[from] item: Leftovers\n|upkeep\n|turn|12\n|\n|t:|1700804828\n|switch|p2a: Gengar|Gengar, M|100\/100\n|move|p1a: Iron Treads|Knock Off|p2a: Gengar\n|-supereffective|p2a: Gengar\n|-damage|p2a: Gengar|5\/100\n|-start|p1a: Iron Treads|Disable|Knock Off|[from] ability: Cursed Body|[of] p2a: Gengar\n|-enditem|p2a: Gengar|Choice Specs|[from] move: Knock Off|[of] p1a: Iron Treads\n|\n|upkeep\n|turn|13\n|\n|t:|1700804843\n|-end|p1a: Iron Treads|Quark Drive|[silent]\n|switch|p1a: Moltres|Moltres|100\/100\n|move|p2a: Gengar|Focus Blast|p1a: Moltres\n|-resisted|p1a: Moltres\n|-damage|p1a: Moltres|85\/100\n|\n|upkeep\n|turn|14\n|\n|t:|1700804849\n|move|p2a: Gengar|Thunderbolt|p1a: Moltres\n|-supereffective|p1a: Moltres\n|-damage|p1a: Moltres|41\/100\n|move|p1a: Moltres|U-turn|p2a: Gengar\n|-resisted|p2a: Gengar\n|-damage|p2a: Gengar|0 fnt\n|faint|p2a: Gengar\n|\n|t:|1700804871\n|switch|p1a: Iron Treads|Iron Treads|100\/100|[from] U-turn\n|-damage|p1a: Iron Treads|97\/100|[from] Stealth Rock\n|\n|-heal|p1a: Iron Treads|100\/100|[from] item: Leftovers\n|upkeep\n|\n|t:|1700804875\n|switch|p2a: Slither Wing|Slither Wing|100\/100\n|turn|15\n|\n|t:|1700804891\n|-end|p1a: Iron Treads|Quark Drive|[silent]\n|switch|p1a: Moltres|Moltres|41\/100\n|move|p2a: Slither Wing|Close Combat|p1a: Moltres\n|-resisted|p1a: Moltres\n|-damage|p1a: Moltres|0 fnt\n|-unboost|p2a: Slither Wing|def|1\n|-unboost|p2a: Slither Wing|spd|1\n|faint|p1a: Moltres\n|\n|upkeep\n|inactive|Smallsmallrose has 120 seconds left.\n|\n|t:|1700804911\n|switch|p1a: Meowscarada|Meowscarada, F|100\/100\n|-damage|p1a: Meowscarada|88\/100|[from] Stealth Rock\n|turn|16\n|inactive|Smallsmallrose has 120 seconds left.\n|\n|t:|1700804917\n|-end|p2a: Slither Wing|Protosynthesis|[silent]\n|switch|p2a: Talonflame|Talonflame, F|72\/100\n|move|p1a: Meowscarada|Play Rough|p2a: Talonflame|[miss]\n|-start|p1a: Meowscarada|typechange|Fairy|[from] ability: Protean\n|-miss|p1a: Meowscarada|p2a: Talonflame\n|\n|upkeep\n|turn|17\n|\n|t:|1700804921\n|switch|p1a: Alomomola|Alomomola, F|91\/100 brn\n|-damage|p1a: Alomomola|78\/100 brn|[from] Stealth Rock\n|move|p2a: Talonflame|U-turn|p1a: Alomomola\n|-damage|p1a: Alomomola|69\/100 brn\n|-damage|p2a: Talonflame|55\/100|[from] item: Rocky Helmet|[of] p1a: Alomomola\n|\n|t:|1700804924\n|switch|p2a: Slither Wing|Slither Wing|100\/100|[from] U-turn\n|\n|-damage|p1a: Alomomola|62\/100 brn|[from] brn\n|upkeep\n|turn|18\n|\n|t:|1700804933\n|move|p2a: Slither Wing|Close Combat|p1a: Alomomola\n|-damage|p1a: Alomomola|0 fnt\n|-unboost|p2a: Slither Wing|def|1\n|-unboost|p2a: Slither Wing|spd|1\n|-damage|p2a: Slither Wing|84\/100|[from] item: Rocky Helmet|[of] p1a: Alomomola\n|faint|p1a: Alomomola\n|\n|upkeep\n|\n|t:|1700804947\n|switch|p1a: Meowscarada|Meowscarada, F|88\/100\n|-damage|p1a: Meowscarada|76\/100|[from] Stealth Rock\n|turn|19\n|\n|t:|1700804958\n|-end|p2a: Slither Wing|Protosynthesis|[silent]\n|switch|p2a: Talonflame|Talonflame, F|55\/100\n|move|p1a: Meowscarada|Play Rough|p2a: Talonflame\n|-start|p1a: Meowscarada|typechange|Fairy|[from] ability: Protean\n|-resisted|p2a: Talonflame\n|-damage|p2a: Talonflame|34\/100\n|\n|upkeep\n|turn|20\n|\n|t:|1700804965\n|switch|p1a: Iron Hands|Iron Hands|100\/100\n|-damage|p1a: Iron Hands|94\/100|[from] Stealth Rock\n|move|p2a: Talonflame|Roost|p2a: Talonflame\n|-heal|p2a: Talonflame|84\/100\n|-singleturn|p2a: Talonflame|move: Roost\n|\n|upkeep\n|turn|21\n|\n|t:|1700804985\n|move|p2a: Talonflame|Will-O-Wisp|p1a: Iron Hands\n|-status|p1a: Iron Hands|brn\n|move|p1a: Iron Hands|Wild Charge|p2a: Talonflame\n|-supereffective|p2a: Talonflame\n|-damage|p2a: Talonflame|0 fnt\n|faint|p2a: Talonflame\n|-damage|p1a: Iron Hands|78\/100 brn|[from] Recoil\n|\n|-damage|p1a: Iron Hands|71\/100 brn|[from] brn\n|upkeep\n|\n|t:|1700804997\n|switch|p2a: Electrode|Electrode-Hisui|95\/100\n|turn|22\n|\n|t:|1700805006\n|-end|p1a: Iron Hands|Quark Drive|[silent]\n|switch|p1a: Hydreigon|Hydreigon, F|63\/100\n|-damage|p1a: Hydreigon|51\/100|[from] Stealth Rock\n|move|p2a: Electrode|Leaf Storm|p1a: Hydreigon\n|-resisted|p1a: Hydreigon\n|-crit|p1a: Hydreigon\n|-damage|p1a: Hydreigon|3\/100\n|-unboost|p2a: Electrode|spa|2\n|\n|-heal|p1a: Hydreigon|9\/100|[from] item: Leftovers\n|upkeep\n|turn|23\n|j|%Gimmickyasitgets\n|\n|t:|1700805025\n|switch|p1a: Iron Treads|Iron Treads|100\/100\n|-damage|p1a: Iron Treads|97\/100|[from] Stealth Rock\n|move|p2a: Electrode|Volt Switch|p1a: Iron Treads\n|-immune|p1a: Iron Treads\n|\n|-heal|p1a: Iron Treads|100\/100|[from] item: Leftovers\n|upkeep\n|turn|24\n|\n|t:|1700805033\n|switch|p2a: Slither Wing|Slither Wing|84\/100\n|move|p1a: Iron Treads|Rapid Spin|p2a: Slither Wing\n|-damage|p2a: Slither Wing|68\/100\n|-boost|p1a: Iron Treads|spe|1\n|-sideend|p1: Smallsmallrose|Stealth Rock|[from] move: Rapid Spin|[of] p1a: Iron Treads\n|\n|upkeep\n|turn|25\n|\n|t:|1700805036\n|-end|p1a: Iron Treads|Quark Drive|[silent]\n|switch|p1a: Hydreigon|Hydreigon, F|9\/100\n|move|p2a: Slither Wing|Close Combat|p1a: Hydreigon\n|-supereffective|p1a: Hydreigon\n|-damage|p1a: Hydreigon|0 fnt\n|-unboost|p2a: Slither Wing|def|1\n|-unboost|p2a: Slither Wing|spd|1\n|faint|p1a: Hydreigon\n|\n|upkeep\n|\n|t:|1700805043\n|switch|p1a: Meowscarada|Meowscarada, F|76\/100\n|turn|26\n|\n|t:|1700805048\n|-end|p2a: Slither Wing|Protosynthesis|[silent]\n|switch|p2a: Chansey|Chansey, F|80\/100\n|move|p1a: Meowscarada|Knock Off|p2a: Chansey\n|-start|p1a: Meowscarada|typechange|Dark|[from] ability: Protean\n|-damage|p2a: Chansey|61\/100\n|-enditem|p2a: Chansey|Eviolite|[from] move: Knock Off|[of] p1a: Meowscarada\n|\n|upkeep\n|turn|27\n|\n|t:|1700805058\n|switch|p1a: Iron Hands|Iron Hands|71\/100 brn\n|switch|p2a: Electrode|Electrode-Hisui|95\/100\n|\n|-damage|p1a: Iron Hands|65\/100 brn|[from] brn\n|upkeep\n|turn|28\n|\n|t:|1700805064\n|move|p2a: Electrode|Leaf Storm|p1a: Iron Hands\n|-damage|p1a: Iron Hands|19\/100 brn\n|-unboost|p2a: Electrode|spa|2\n|move|p1a: Iron Hands|Ice Punch|p2a: Electrode\n|-supereffective|p2a: Electrode\n|-damage|p2a: Electrode|32\/100\n|\n|-damage|p1a: Iron Hands|13\/100 brn|[from] brn\n|upkeep\n|turn|29\n|\n|t:|1700805086\n|-end|p1a: Iron Hands|Quark Drive|[silent]\n|switch|p1a: Iron Treads|Iron Treads|100\/100\n|move|p2a: Electrode|Leaf Storm|p1a: Iron Treads\n|-damage|p1a: Iron Treads|69\/100\n|-unboost|p2a: Electrode|spa|2\n|\n|-heal|p1a: Iron Treads|75\/100|[from] item: Leftovers\n|upkeep\n|turn|30\n|\n|t:|1700805096\n|switch|p2a: Chansey|Chansey, F|61\/100\n|move|p1a: Iron Treads|Stealth Rock|p2a: Chansey\n|-sidestart|p2: Natcrozma (\u25d5\u203f\u25d5\u273f)|move: Stealth Rock\n|\n|-heal|p1a: Iron Treads|81\/100|[from] item: Leftovers\n|upkeep\n|turn|31\n|\n|t:|1700805109\n|move|p1a: Iron Treads|Earthquake|p2a: Chansey\n|-damage|p2a: Chansey|34\/100\n|move|p2a: Chansey|Seismic Toss|p1a: Iron Treads\n|-damage|p1a: Iron Treads|55\/100\n|\n|-heal|p1a: Iron Treads|62\/100|[from] item: Leftovers\n|upkeep\n|turn|32\n|\n|t:|1700805117\n|-end|p1a: Iron Treads|Quark Drive|[silent]\n|switch|p1a: Iron Hands|Iron Hands|13\/100 brn\n|move|p2a: Chansey|Soft-Boiled|p2a: Chansey\n|-heal|p2a: Chansey|84\/100\n|\n|-damage|p1a: Iron Hands|7\/100 brn|[from] brn\n|upkeep\n|turn|33\n|\n|t:|1700805131\n|switch|p2a: Electrode|Electrode-Hisui|32\/100\n|move|p1a: Iron Hands|Close Combat|p2a: Electrode\n|-damage|p2a: Electrode|0 fnt\n|-unboost|p1a: Iron Hands|def|1\n|-unboost|p1a: Iron Hands|spd|1\n|faint|p2a: Electrode\n|\n|-damage|p1a: Iron Hands|0 fnt|[from] brn\n|faint|p1a: Iron Hands\n|-end|p1a: Iron Hands|Quark Drive|[silent]\n|upkeep\n|\n|t:|1700805138\n|switch|p2a: Slither Wing|Slither Wing|68\/100\n|switch|p1a: Meowscarada|Meowscarada, F|76\/100\n|-damage|p2a: Slither Wing|55\/100|[from] Stealth Rock\n|turn|34\n|\n|t:|1700805144\n|switch|p1a: Iron Treads|Iron Treads|62\/100\n|move|p2a: Slither Wing|First Impression|p1a: Iron Treads\n|-resisted|p1a: Iron Treads\n|-damage|p1a: Iron Treads|34\/100\n|\n|-heal|p1a: Iron Treads|40\/100|[from] item: Leftovers\n|upkeep\n|turn|35\n|\n|t:|1700805152\n|-end|p1a: Iron Treads|Quark Drive|[silent]\n|switch|p1a: Meowscarada|Meowscarada, F|76\/100\n|-end|p2a: Slither Wing|Protosynthesis|[silent]\n|switch|p2a: Chansey|Chansey, F|84\/100\n|-damage|p2a: Chansey|72\/100|[from] Stealth Rock\n|\n|upkeep\n|turn|36\n|\n|t:|1700805164\n|move|p1a: Meowscarada|Flower Trick|p2a: Chansey\n|-start|p1a: Meowscarada|typechange|Grass|[from] ability: Protean\n|-crit|p2a: Chansey\n|-damage|p2a: Chansey|37\/100\n|move|p2a: Chansey|Thunder Wave|p1a: Meowscarada\n|-status|p1a: Meowscarada|par\n|\n|upkeep\n|turn|37\n|\n|t:|1700805173\n|switch|p1a: Iron Treads|Iron Treads|40\/100\n|move|p2a: Chansey|Soft-Boiled|p2a: Chansey\n|-heal|p2a: Chansey|88\/100\n|\n|-heal|p1a: Iron Treads|46\/100|[from] item: Leftovers\n|upkeep\n|turn|38\n|\n|t:|1700805185\n|move|p1a: Iron Treads|Earthquake|p2a: Chansey\n|-damage|p2a: Chansey|62\/100\n|move|p2a: Chansey|Seismic Toss|p1a: Iron Treads\n|-damage|p1a: Iron Treads|20\/100\n|\n|-heal|p1a: Iron Treads|27\/100|[from] item: Leftovers\n|upkeep\n|turn|39\n|\n|t:|1700805193\n|-end|p1a: Iron Treads|Quark Drive|[silent]\n|switch|p1a: Meowscarada|Meowscarada, F|76\/100 par\n|move|p2a: Chansey|Seismic Toss|p1a: Meowscarada\n|-damage|p1a: Meowscarada|42\/100 par\n|\n|upkeep\n|turn|40\n|\n|t:|1700805197\n|move|p1a: Meowscarada|Flower Trick|p2a: Chansey\n|-start|p1a: Meowscarada|typechange|Grass|[from] ability: Protean\n|-crit|p2a: Chansey\n|-damage|p2a: Chansey|29\/100\n|move|p2a: Chansey|Soft-Boiled|p2a: Chansey\n|-heal|p2a: Chansey|79\/100\n|\n|upkeep\n|turn|41\n|l|%Gimmickyasitgets\n|\n|t:|1700805204\n|cant|p1a: Meowscarada|par\n|move|p2a: Chansey|Seismic Toss|p1a: Meowscarada\n|-damage|p1a: Meowscarada|8\/100 par\n|\n|upkeep\n|turn|42\n|\n|t:|1700805207\n|move|p1a: Meowscarada|Flower Trick|p2a: Chansey\n|-crit|p2a: Chansey\n|-damage|p2a: Chansey|45\/100\n|move|p2a: Chansey|Seismic Toss|p1a: Meowscarada\n|-damage|p1a: Meowscarada|0 fnt\n|faint|p1a: Meowscarada\n|\n|upkeep\n|\n|t:|1700805209\n|switch|p1a: Iron Treads|Iron Treads|27\/100\n|turn|43\n|\n|t:|1700805212\n|move|p1a: Iron Treads|Earthquake|p2a: Chansey\n|-damage|p2a: Chansey|18\/100\n|move|p2a: Chansey|Soft-Boiled|p2a: Chansey\n|-heal|p2a: Chansey|68\/100\n|\n|-heal|p1a: Iron Treads|33\/100|[from] item: Leftovers\n|upkeep\n|turn|44\n|\n|t:|1700805215\n|move|p1a: Iron Treads|Earthquake|p2a: Chansey\n|-damage|p2a: Chansey|43\/100\n|move|p2a: Chansey|Seismic Toss|p1a: Iron Treads\n|-damage|p1a: Iron Treads|7\/100\n|\n|-heal|p1a: Iron Treads|13\/100|[from] item: Leftovers\n|upkeep\n|turn|45\n|\n|t:|1700805218\n|move|p1a: Iron Treads|Earthquake|p2a: Chansey\n|-damage|p2a: Chansey|16\/100\n|move|p2a: Chansey|Seismic Toss|p1a: Iron Treads\n|-damage|p1a: Iron Treads|0 fnt\n|faint|p1a: Iron Treads\n|-end|p1a: Iron Treads|Quark Drive|[silent]\n|\n|win|Natcrozma (\u25d5\u203f\u25d5\u273f)\n|n|\u2606Smallsmallrose|smallsmallrose\n|n|\u2606Natcrozma (\u25d5\u203f\u25d5\u273f)|natcrozma\n|n| FatherlessActivity|fatherlessactivity\n|n| xnal|xnal\n","uploadtime":1700805219,"views":0,"p1id":"smallsmallrose","p2id":"natcrozma","formatid":"gen9anythinggoes","rating":0,"private":0,"password":""}