{"id":"gen9anythinggoes-1976323984","p1":"bigeg04","p2":"Swag1432","format":"[Gen 9] Anything Goes","log":"|j|\u2606bigeg04\n|j|\u2606Swag1432\n|t:|1698286679\n|gametype|singles\n|player|p1|bigeg04|2|\n|player|p2|Swag1432|265|\n|teamsize|p1|6\n|teamsize|p2|6\n|gen|9\n|tier|[Gen 9] Anything Goes\n|rule|HP Percentage Mod: HP is shown in percentages\n|rule|Endless Battle Clause: Forcing endless battles is banned\n|clearpoke\n|poke|p1|Garchomp, F|\n|poke|p1|Gardevoir, F|\n|poke|p1|Typhlosion, F|\n|poke|p1|Rotom-Mow|\n|poke|p1|Moltres-Galar|\n|poke|p1|Scizor, F|\n|poke|p2|Dragapult, F|\n|poke|p2|Ting-Lu|\n|poke|p2|Ceruledge, M|\n|poke|p2|Lurantis, F|\n|poke|p2|Tinkaton, F|\n|poke|p2|Espeon, F|\n|teampreview\n|j| patddontpee\n|\n|t:|1698286693\n|start\n|switch|p1a: Scizor|Scizor, F|100\/100\n|switch|p2a: Dragapult|Dragapult, F|100\/100\n|turn|1\n|c| patddontpee|LETS GO GLHF\n|\n|t:|1698286708\n|move|p2a: Dragapult|Flamethrower|p1a: Scizor\n|-supereffective|p1a: Scizor\n|-damage|p1a: Scizor|0 fnt\n|faint|p1a: Scizor\n|\n|upkeep\n|c| patddontpee|HUGE holy hell\n|\n|t:|1698286722\n|switch|p1a: Moltres|Moltres-Galar|100\/100\n|turn|2\n|\n|t:|1698286744\n|switch|p2a: Ting-Lu|Ting-Lu|100\/100\n|-ability|p2a: Ting-Lu|Vessel of Ruin\n|move|p1a: Moltres|Agility|p1a: Moltres\n|-boost|p1a: Moltres|spe|2\n|\n|upkeep\n|turn|3\n|c| patddontpee|joly jell\n|\n|t:|1698286802\n|move|p1a: Moltres|Fiery Wrath|p2a: Ting-Lu\n|-resisted|p2a: Ting-Lu\n|-damage|p2a: Ting-Lu|95\/100\n|move|p2a: Ting-Lu|Throat Chop|p1a: Moltres\n|-resisted|p1a: Moltres\n|-damage|p1a: Moltres|84\/100\n|-start|p1a: Moltres|Throat Chop|[silent]\n|\n|upkeep\n|turn|4\n|\n|t:|1698286832\n|switch|p1a: Rotom|Rotom-Mow|100\/100\n|move|p2a: Ting-Lu|Ruination|p1a: Rotom\n|-damage|p1a: Rotom|50\/100\n|\n|-heal|p1a: Rotom|57\/100|[from] item: Leftovers\n|upkeep\n|turn|5\n|\n|t:|1698286856\n|switch|p2a: Espeon|Espeon, F|100\/100\n|move|p1a: Rotom|Protect||[still]\n|-fail|p1a: Rotom\n|\n|-heal|p1a: Rotom|63\/100|[from] item: Leftovers\n|upkeep\n|turn|6\n|\n|t:|1698286878\n|switch|p1a: Moltres|Moltres-Galar|84\/100\n|move|p2a: Espeon|Psychic|p1a: Moltres\n|-immune|p1a: Moltres\n|\n|upkeep\n|turn|7\n|\n|t:|1698286889\n|switch|p2a: Ting-Lu|Ting-Lu|95\/100\n|-ability|p2a: Ting-Lu|Vessel of Ruin\n|move|p1a: Moltres|Agility|p1a: Moltres\n|-boost|p1a: Moltres|spe|2\n|\n|upkeep\n|turn|8\n|\n|t:|1698286901\n|move|p1a: Moltres|Sucker Punch|p2a: Ting-Lu\n|-resisted|p2a: Ting-Lu\n|-damage|p2a: Ting-Lu|90\/100\n|move|p2a: Ting-Lu|Ruination|p1a: Moltres\n|-damage|p1a: Moltres|42\/100\n|-ability|p1a: Moltres|Berserk|boost\n|-boost|p1a: Moltres|spa|1\n|\n|upkeep\n|turn|9\n|j| 50UP\n|\n|t:|1698286944\n|move|p1a: Moltres|Fiery Wrath|p2a: Ting-Lu\n|-resisted|p2a: Ting-Lu\n|-damage|p2a: Ting-Lu|81\/100\n|move|p2a: Ting-Lu|Earthquake|p1a: Moltres\n|-immune|p1a: Moltres\n|\n|upkeep\n|turn|10\n|c|\u2606Swag1432|failed read\n|\n|t:|1698286956\n|move|p1a: Moltres|Air Slash|p2a: Ting-Lu\n|-damage|p2a: Ting-Lu|69\/100\n|move|p2a: Ting-Lu|Throat Chop|p1a: Moltres\n|-resisted|p1a: Moltres\n|-damage|p1a: Moltres|24\/100\n|-start|p1a: Moltres|Throat Chop|[silent]\n|\n|upkeep\n|turn|11\n|\n|t:|1698286969\n|switch|p1a: Rotom|Rotom-Mow|63\/100\n|move|p2a: Ting-Lu|Heavy Slam|p1a: Rotom\n|-resisted|p1a: Rotom\n|-damage|p1a: Rotom|52\/100\n|\n|-heal|p1a: Rotom|58\/100|[from] item: Leftovers\n|upkeep\n|turn|12\n|c| patddontpee|i see the vision i think\n|\n|t:|1698286987\n|switch|p2a: Dragapult|Dragapult, F|100\/100\n|move|p1a: Rotom|Will-O-Wisp|p2a: Dragapult\n|-status|p2a: Dragapult|brn\n|\n|-heal|p1a: Rotom|65\/100|[from] item: Leftovers\n|-damage|p2a: Dragapult|95\/100 brn|[from] brn\n|upkeep\n|turn|13\n|\n|t:|1698287040\n|switch|p1a: Gardevoir|Gardevoir, F|100\/100\n|-ability|p1a: Gardevoir|Infiltrator|[from] ability: Trace|[of] p2a: Dragapult\n|move|p2a: Dragapult|Flamethrower|p1a: Gardevoir\n|-damage|p1a: Gardevoir|58\/100\n|\n|-damage|p2a: Dragapult|89\/100 brn|[from] brn\n|upkeep\n|turn|14\n|\n|t:|1698287058\n|switch|p2a: Ting-Lu|Ting-Lu|69\/100\n|-ability|p2a: Ting-Lu|Vessel of Ruin\n|move|p1a: Gardevoir|Moonblast|p2a: Ting-Lu\n|-supereffective|p2a: Ting-Lu\n|-damage|p2a: Ting-Lu|41\/100\n|\n|upkeep\n|turn|15\n|\n|t:|1698287075\n|switch|p1a: Rotom|Rotom-Mow|65\/100\n|move|p2a: Ting-Lu|Earthquake|p1a: Rotom\n|-immune|p1a: Rotom|[from] ability: Levitate\n|\n|-heal|p1a: Rotom|71\/100|[from] item: Leftovers\n|upkeep\n|turn|16\n|\n|t:|1698287094\n|switch|p2a: Dragapult|Dragapult, F|89\/100 brn\n|move|p1a: Rotom|Leaf Storm|p2a: Dragapult\n|-resisted|p2a: Dragapult\n|-damage|p2a: Dragapult|59\/100 brn\n|-unboost|p1a: Rotom|spa|2\n|\n|-heal|p1a: Rotom|77\/100|[from] item: Leftovers\n|-damage|p2a: Dragapult|53\/100 brn|[from] brn\n|upkeep\n|turn|17\n|\n|t:|1698287104\n|move|p1a: Rotom|Protect|p1a: Rotom\n|-singleturn|p1a: Rotom|Protect\n|move|p2a: Dragapult|Draco Meteor|p1a: Rotom\n|-activate|p1a: Rotom|move: Protect\n|\n|-heal|p1a: Rotom|83\/100|[from] item: Leftovers\n|-damage|p2a: Dragapult|47\/100 brn|[from] brn\n|upkeep\n|turn|18\n|c| patddontpee|huge protect\n|\n|t:|1698287123\n|switch|p1a: Gardevoir|Gardevoir, F|58\/100\n|-ability|p1a: Gardevoir|Infiltrator|[from] ability: Trace|[of] p2a: Dragapult\n|move|p2a: Dragapult|Draco Meteor|p1a: Gardevoir\n|-immune|p1a: Gardevoir\n|\n|-damage|p2a: Dragapult|41\/100 brn|[from] brn\n|upkeep\n|turn|19\n|\n|t:|1698287143\n|switch|p2a: Ceruledge|Ceruledge, M|100\/100\n|move|p1a: Gardevoir|Moonblast|p2a: Ceruledge\n|-resisted|p2a: Ceruledge\n|-damage|p2a: Ceruledge|73\/100\n|-unboost|p2a: Ceruledge|spa|1\n|\n|upkeep\n|turn|20\n|\n|t:|1698287167\n|switch|p1a: Garchomp|Garchomp, F|100\/100\n|move|p2a: Ceruledge|Shadow Sneak|p1a: Garchomp\n|-damage|p1a: Garchomp|82\/100\n|-damage|p2a: Ceruledge|60\/100|[from] ability: Rough Skin|[of] p1a: Garchomp\n|-damage|p2a: Ceruledge|44\/100|[from] item: Rocky Helmet|[of] p1a: Garchomp\n|\n|upkeep\n|turn|21\n|\n|t:|1698287188\n|switch|p2a: Espeon|Espeon, F|100\/100\n|move|p1a: Garchomp|Stealth Rock|p2a: Espeon\n|move|p2a: Espeon|Stealth Rock|p1a: Garchomp|[from]ability: Magic Bounce\n|-sidestart|p1: bigeg04|move: Stealth Rock\n|\n|upkeep\n|turn|22\n|c| patddontpee|tragic\n|\n|t:|1698287205\n|move|p2a: Espeon|Psychic|p1a: Garchomp\n|-damage|p1a: Garchomp|27\/100\n|-damage|p2a: Espeon|91\/100|[from] item: Life Orb\n|move|p1a: Garchomp|Crunch|p2a: Espeon\n|-supereffective|p2a: Espeon\n|-damage|p2a: Espeon|7\/100\n|\n|upkeep\n|turn|23\n|\n|t:|1698287236\n|switch|p1a: Moltres|Moltres-Galar|24\/100\n|-damage|p1a: Moltres|0 fnt|[from] Stealth Rock\n|faint|p1a: Moltres\n|move|p2a: Espeon|Draining Kiss|p1: Moltres|[notarget]\n|-fail|p2a: Espeon\n|\n|upkeep\n|\n|t:|1698287243\n|switch|p1a: Rotom|Rotom-Mow|83\/100\n|-damage|p1a: Rotom|71\/100|[from] Stealth Rock\n|turn|24\n|\n|t:|1698287254\n|move|p1a: Rotom|Protect|p1a: Rotom\n|-singleturn|p1a: Rotom|Protect\n|move|p2a: Espeon|Psychic|p1a: Rotom\n|-activate|p1a: Rotom|move: Protect\n|\n|-heal|p1a: Rotom|77\/100|[from] item: Leftovers\n|upkeep\n|turn|25\n|\n|t:|1698287290\n|switch|p2a: Ting-Lu|Ting-Lu|41\/100\n|-ability|p2a: Ting-Lu|Vessel of Ruin\n|move|p1a: Rotom|Thunderbolt|p2a: Ting-Lu\n|-immune|p2a: Ting-Lu\n|\n|-heal|p1a: Rotom|83\/100|[from] item: Leftovers\n|upkeep\n|turn|26\n|\n|t:|1698287302\n|move|p1a: Rotom|Leaf Storm|p2a: Ting-Lu\n|-supereffective|p2a: Ting-Lu\n|-damage|p2a: Ting-Lu|14\/100\n|-unboost|p1a: Rotom|spa|2\n|move|p2a: Ting-Lu|Ruination|p1a: Rotom\n|-damage|p1a: Rotom|42\/100\n|\n|-heal|p1a: Rotom|48\/100|[from] item: Leftovers\n|upkeep\n|turn|27\n|\n|t:|1698287318\n|switch|p2a: Dragapult|Dragapult, F|41\/100 brn\n|move|p1a: Rotom|Protect||[still]\n|-fail|p1a: Rotom\n|\n|-heal|p1a: Rotom|54\/100|[from] item: Leftovers\n|-damage|p2a: Dragapult|35\/100 brn|[from] brn\n|upkeep\n|turn|28\n|\n|t:|1698287341\n|switch|p1a: Gardevoir|Gardevoir, F|58\/100\n|-damage|p1a: Gardevoir|46\/100|[from] Stealth Rock\n|-ability|p1a: Gardevoir|Infiltrator|[from] ability: Trace|[of] p2a: Dragapult\n|move|p2a: Dragapult|Draco Meteor|p1a: Gardevoir\n|-immune|p1a: Gardevoir\n|\n|-damage|p2a: Dragapult|29\/100 brn|[from] brn\n|upkeep\n|turn|29\n|\n|t:|1698287358\n|switch|p2a: Tinkaton|Tinkaton, F|100\/100\n|-ability|p2a: Tinkaton|Mold Breaker\n|move|p1a: Gardevoir|Moonblast|p2a: Tinkaton\n|-resisted|p2a: Tinkaton\n|-damage|p2a: Tinkaton|80\/100\n|\n|-heal|p2a: Tinkaton|86\/100|[from] item: Leftovers\n|upkeep\n|turn|30\n|c| patddontpee|holy hell that was scary\n|\n|t:|1698287385\n|switch|p1a: Typhlosion|Typhlosion, F|100\/100\n|-damage|p1a: Typhlosion|76\/100|[from] Stealth Rock\n|move|p2a: Tinkaton|Gigaton Hammer|p1a: Typhlosion\n|-resisted|p1a: Typhlosion\n|-damage|p1a: Typhlosion|47\/100\n|\n|-heal|p2a: Tinkaton|92\/100|[from] item: Leftovers\n|upkeep\n|turn|31\n|\n|t:|1698287417\n|switch|p2a: Ting-Lu|Ting-Lu|14\/100\n|-ability|p2a: Ting-Lu|Vessel of Ruin\n|move|p1a: Typhlosion|Eruption|p2a: Ting-Lu\n|-damage|p2a: Ting-Lu|0 fnt\n|faint|p2a: Ting-Lu\n|\n|upkeep\n|\n|t:|1698287425\n|switch|p2a: Ceruledge|Ceruledge, M|44\/100\n|turn|32\n|\n|t:|1698287439\n|switch|p1a: Garchomp|Garchomp, F|27\/100\n|-damage|p1a: Garchomp|20\/100|[from] Stealth Rock\n|move|p2a: Ceruledge|Poltergeist|p1a: Garchomp\n|-activate|p1a: Garchomp|move: Poltergeist|Rocky Helmet\n|-damage|p1a: Garchomp|0 fnt\n|faint|p1a: Garchomp\n|\n|upkeep\n|\n|t:|1698287457\n|switch|p1a: Typhlosion|Typhlosion, F|47\/100\n|-damage|p1a: Typhlosion|22\/100|[from] Stealth Rock\n|turn|33\n|\n|t:|1698287470\n|switch|p2a: Tinkaton|Tinkaton, F|92\/100\n|-ability|p2a: Tinkaton|Mold Breaker\n|move|p1a: Typhlosion|Eruption|p2a: Tinkaton\n|-supereffective|p2a: Tinkaton\n|-damage|p2a: Tinkaton|36\/100\n|\n|-heal|p2a: Tinkaton|42\/100|[from] item: Leftovers\n|upkeep\n|turn|34\n|\n|t:|1698287484\n|move|p1a: Typhlosion|Eruption|p2a: Tinkaton\n|-supereffective|p2a: Tinkaton\n|-damage|p2a: Tinkaton|0 fnt\n|faint|p2a: Tinkaton\n|\n|upkeep\n|\n|t:|1698287507\n|switch|p2a: Lurantis|Lurantis, F|100\/100\n|turn|35\n|\n|t:|1698287512\n|move|p1a: Typhlosion|Eruption|p2a: Lurantis\n|-supereffective|p2a: Lurantis\n|-damage|p2a: Lurantis|32\/100\n|-enditem|p2a: Lurantis|Sitrus Berry|[eat]\n|-heal|p2a: Lurantis|57\/100|[from] item: Sitrus Berry\n|move|p2a: Lurantis|Leaf Storm|p1a: Typhlosion\n|-resisted|p1a: Typhlosion\n|-damage|p1a: Typhlosion|0 fnt\n|-boost|p2a: Lurantis|spa|2\n|faint|p1a: Typhlosion\n|\n|upkeep\n|\n|t:|1698287526\n|switch|p1a: Gardevoir|Gardevoir, F|46\/100\n|-damage|p1a: Gardevoir|34\/100|[from] Stealth Rock\n|-ability|p1a: Gardevoir|Contrary|[from] ability: Trace|[of] p2a: Lurantis\n|turn|36\n|\n|t:|1698287535\n|move|p1a: Gardevoir|Mystical Fire|p2a: Lurantis\n|-supereffective|p2a: Lurantis\n|-damage|p2a: Lurantis|6\/100\n|-boost|p2a: Lurantis|spa|1\n|move|p2a: Lurantis|Giga Drain|p1a: Gardevoir\n|-damage|p1a: Gardevoir|0 fnt\n|-heal|p2a: Lurantis|20\/100|[from] drain|[of] p1a: Gardevoir\n|faint|p1a: Gardevoir\n|\n|upkeep\n|\n|t:|1698287544\n|switch|p1a: Rotom|Rotom-Mow|54\/100\n|-damage|p1a: Rotom|42\/100|[from] Stealth Rock\n|turn|37\n|\n|t:|1698287558\n|switch|p2a: Ceruledge|Ceruledge, M|44\/100\n|move|p1a: Rotom|Protect||[still]\n|-fail|p1a: Rotom\n|\n|-heal|p1a: Rotom|48\/100|[from] item: Leftovers\n|upkeep\n|turn|38\n|\n|t:|1698287572\n|-terastallize|p1a: Rotom|Electric\n|move|p2a: Ceruledge|Bitter Blade|p1a: Rotom\n|-damage|p1a: Rotom|0 fnt\n|-heal|p2a: Ceruledge|69\/100|[from] drain|[of] p1a: Rotom\n|faint|p1a: Rotom\n|\n|win|Swag1432\n|c|\u2606Swag1432|ggs\n|c|\u2606bigeg04|GGs\n|c| patddontpee|gg well played\n","uploadtime":1698287584,"views":13,"p1id":"bigeg04","p2id":"swag1432","formatid":"gen9anythinggoes","rating":0,"private":0,"password":""}