{"id":"gen9anythinggoes-1978306492","p1":"Tinen","p2":"Bisexual bitch","format":"[Gen 9] Anything Goes","log":"|j|\u2606Tinen\n|j|\u2606Bisexual bitch\n|t:|1698523227\n|gametype|singles\n|player|p1|Tinen|dancer|1102\n|player|p2|Bisexual bitch|chili|1109\n|teamsize|p1|6\n|teamsize|p2|6\n|gen|9\n|tier|[Gen 9] Anything Goes\n|rated|\n|rule|HP Percentage Mod: HP is shown in percentages\n|rule|Endless Battle Clause: Forcing endless battles is banned\n|clearpoke\n|poke|p1|Slowbro-Galar, M|\n|poke|p1|Slowbro, M|\n|poke|p1|Slowbro-Galar, M|\n|poke|p1|Slowbro, M|\n|poke|p1|Slowbro-Galar, F|\n|poke|p1|Slowbro, F|\n|poke|p2|Urshifu-*, M|\n|poke|p2|Jigglypuff, F|\n|poke|p2|Golem, M|\n|poke|p2|Ampharos, M|\n|poke|p2|Arcanine, F|\n|poke|p2|Salamence, F|\n|teampreview\n|\n|t:|1698523238\n|start\n|switch|p1a: Slowbro|Slowbro-Galar, F, shiny|100\/100\n|switch|p2a: Ochako|Jigglypuff, F|100\/100\n|turn|1\n|\n|t:|1698523247\n|move|p2a: Ochako|Sing|p1a: Slowbro|[miss]\n|-miss|p2a: Ochako|p1a: Slowbro\n|move|p1a: Slowbro|Yawn|p2a: Ochako\n|-start|p2a: Ochako|move: Yawn|[of] p1a: Slowbro\n|\n|upkeep\n|turn|2\n|\n|t:|1698523255\n|move|p2a: Ochako|Sing|p1a: Slowbro|[miss]\n|-miss|p2a: Ochako|p1a: Slowbro\n|move|p1a: Slowbro|Calm Mind|p1a: Slowbro\n|-boost|p1a: Slowbro|spa|1\n|-boost|p1a: Slowbro|spd|1\n|\n|-end|p2a: Ochako|move: Yawn|[silent]\n|-status|p2a: Ochako|slp\n|upkeep\n|turn|3\n|c|\u2606Bisexual bitch|Im fucked. Arnt I?\n|\n|t:|1698523273\n|cant|p2a: Ochako|slp\n|move|p1a: Slowbro|Calm Mind|p1a: Slowbro\n|-boost|p1a: Slowbro|spa|1\n|-boost|p1a: Slowbro|spd|1\n|\n|upkeep\n|turn|4\n|c|\u2606Tinen|probably\n|\n|t:|1698523280\n|-curestatus|p2a: Ochako|slp|[msg]\n|move|p2a: Ochako|Sing|p1a: Slowbro|[miss]\n|-miss|p2a: Ochako|p1a: Slowbro\n|move|p1a: Slowbro|Calm Mind|p1a: Slowbro\n|-boost|p1a: Slowbro|spa|1\n|-boost|p1a: Slowbro|spd|1\n|\n|upkeep\n|turn|5\n|-activate|p1a: Slowbro|item: Quick Claw\n|\n|t:|1698523290\n|move|p1a: Slowbro|Calm Mind|p1a: Slowbro\n|-boost|p1a: Slowbro|spa|1\n|-boost|p1a: Slowbro|spd|1\n|move|p2a: Ochako|Sing|p1a: Slowbro\n|-status|p1a: Slowbro|slp|[from] move: Sing\n|\n|upkeep\n|turn|6\n|c|\u2606Tinen|oh no\n|-activate|p1a: Slowbro|item: Quick Claw\n|\n|t:|1698523300\n|cant|p1a: Slowbro|slp\n|move|p2a: Ochako|Flamethrower|p1a: Slowbro\n|-damage|p1a: Slowbro|95\/100 slp\n|\n|upkeep\n|turn|7\n|-activate|p1a: Slowbro|ability: Quick Draw\n|\n|t:|1698523313\n|switch|p2a: Kirishima|Golem, M, shiny|100\/100\n|cant|p1a: Slowbro|slp\n|\n|upkeep\n|turn|8\n|\n|t:|1698523322\n|move|p2a: Kirishima|Earthquake|p1a: Slowbro\n|-supereffective|p1a: Slowbro\n|-damage|p1a: Slowbro|39\/100 slp\n|-curestatus|p1a: Slowbro|slp|[msg]\n|move|p1a: Slowbro|Stored Power|p2a: Kirishima\n|-damage|p2a: Kirishima|0 fnt\n|faint|p2a: Kirishima\n|\n|upkeep\n|\n|t:|1698523330\n|switch|p2a: Ochako|Jigglypuff, F|100\/100\n|turn|9\n|-activate|p1a: Slowbro|item: Quick Claw\n|\n|t:|1698523336\n|move|p1a: Slowbro|Yawn|p2a: Ochako\n|-start|p2a: Ochako|move: Yawn|[of] p1a: Slowbro\n|move|p2a: Ochako|Sing|p1a: Slowbro\n|-status|p1a: Slowbro|slp|[from] move: Sing\n|\n|upkeep\n|turn|10\n|-activate|p1a: Slowbro|ability: Quick Draw\n|\n|t:|1698523347\n|switch|p2a: Bakugo|Arcanine, F|100\/100\n|-ability|p2a: Bakugo|Intimidate|boost\n|-unboost|p1a: Slowbro|atk|1\n|cant|p1a: Slowbro|slp\n|\n|upkeep\n|turn|11\n|-activate|p1a: Slowbro|item: Quick Claw\n|\n|t:|1698523358\n|move|p2a: Bakugo|Extreme Speed|p1a: Slowbro\n|-damage|p1a: Slowbro|15\/100 slp\n|-damage|p2a: Bakugo|91\/100|[from] item: Life Orb\n|cant|p1a: Slowbro|slp\n|\n|upkeep\n|turn|12\n|-activate|p1a: Slowbro|ability: Quick Draw\n|\n|t:|1698523366\n|move|p2a: Bakugo|Extreme Speed|p1a: Slowbro\n|-damage|p1a: Slowbro|0 fnt\n|faint|p1a: Slowbro\n|-damage|p2a: Bakugo|81\/100|[from] item: Life Orb\n|\n|upkeep\n|\n|t:|1698523374\n|switch|p1a: Slowbro|Slowbro, M, shiny|100\/100\n|turn|13\n|\n|t:|1698523381\n|move|p2a: Bakugo|Extreme Speed|p1a: Slowbro\n|-damage|p1a: Slowbro|75\/100\n|-damage|p2a: Bakugo|71\/100|[from] item: Life Orb\n|move|p1a: Slowbro|Iron Defense|p1a: Slowbro\n|-boost|p1a: Slowbro|def|2\n|\n|-heal|p1a: Slowbro|81\/100|[from] item: Leftovers\n|upkeep\n|turn|14\n|\n|t:|1698523392\n|switch|p2a: Denki|Ampharos, M|100\/100\n|move|p1a: Slowbro|Calm Mind|p1a: Slowbro\n|-boost|p1a: Slowbro|spa|1\n|-boost|p1a: Slowbro|spd|1\n|\n|-heal|p1a: Slowbro|88\/100|[from] item: Leftovers\n|upkeep\n|turn|15\n|\n|t:|1698523400\n|-terastallize|p1a: Slowbro|Fire\n|move|p2a: Denki|Discharge|p1a: Slowbro\n|-damage|p1a: Slowbro|75\/100\n|move|p1a: Slowbro|Calm Mind|p1a: Slowbro\n|-boost|p1a: Slowbro|spa|1\n|-boost|p1a: Slowbro|spd|1\n|\n|-heal|p1a: Slowbro|81\/100|[from] item: Leftovers\n|upkeep\n|turn|16\n|\n|t:|1698523414\n|switch|p2a: Izuku|Urshifu-Rapid-Strike, M|100\/100\n|move|p1a: Slowbro|Slack Off|p1a: Slowbro\n|-heal|p1a: Slowbro|100\/100\n|\n|upkeep\n|turn|17\n|\n|t:|1698523420\n|move|p2a: Izuku|Surging Strikes|p1a: Slowbro\n|-supereffective|p1a: Slowbro\n|-crit|p1a: Slowbro\n|-damage|p1a: Slowbro|66\/100\n|-supereffective|p1a: Slowbro\n|-crit|p1a: Slowbro\n|-damage|p1a: Slowbro|34\/100\n|-supereffective|p1a: Slowbro\n|-crit|p1a: Slowbro\n|-damage|p1a: Slowbro|0 fnt\n|faint|p1a: Slowbro\n|-hitcount|p1: Slowbro|3\n|\n|upkeep\n|\n|t:|1698523428\n|switch|p1a: Slowbro|Slowbro, M, shiny|100\/100\n|turn|18\n|\n|t:|1698523433\n|move|p2a: Izuku|Ice Punch|p1a: Slowbro\n|-resisted|p1a: Slowbro\n|-damage|p1a: Slowbro|90\/100\n|move|p1a: Slowbro|Iron Defense|p1a: Slowbro\n|-boost|p1a: Slowbro|def|2\n|\n|-heal|p1a: Slowbro|96\/100|[from] item: Leftovers\n|upkeep\n|turn|19\n|c|\u2606Bisexual bitch|I need the freeze\n|\n|t:|1698523448\n|move|p2a: Izuku|Ice Punch|p1a: Slowbro\n|-resisted|p1a: Slowbro\n|-damage|p1a: Slowbro|90\/100\n|move|p1a: Slowbro|Calm Mind|p1a: Slowbro\n|-boost|p1a: Slowbro|spa|1\n|-boost|p1a: Slowbro|spd|1\n|\n|-heal|p1a: Slowbro|96\/100|[from] item: Leftovers\n|upkeep\n|turn|20\n|c|\u2606Tinen|good luck\n|\n|t:|1698523460\n|move|p2a: Izuku|Ice Punch|p1a: Slowbro\n|-resisted|p1a: Slowbro\n|-damage|p1a: Slowbro|90\/100\n|move|p1a: Slowbro|Iron Defense|p1a: Slowbro\n|-boost|p1a: Slowbro|def|2\n|\n|-heal|p1a: Slowbro|96\/100|[from] item: Leftovers\n|upkeep\n|turn|21\n|c|\u2606Bisexual bitch|Thank you\n|\n|t:|1698523471\n|move|p2a: Izuku|Ice Punch|p1a: Slowbro\n|-resisted|p1a: Slowbro\n|-damage|p1a: Slowbro|92\/100\n|move|p1a: Slowbro|Flamethrower|p2a: Izuku\n|-resisted|p2a: Izuku\n|-damage|p2a: Izuku|78\/100\n|\n|-heal|p1a: Slowbro|98\/100|[from] item: Leftovers\n|upkeep\n|turn|22\n|\n|t:|1698523489\n|move|p2a: Izuku|Ice Punch|p1a: Slowbro\n|-resisted|p1a: Slowbro\n|-damage|p1a: Slowbro|94\/100\n|-status|p1a: Slowbro|frz\n|-curestatus|p1a: Slowbro|frz|[msg]\n|move|p1a: Slowbro|Calm Mind|p1a: Slowbro\n|-boost|p1a: Slowbro|spa|1\n|-boost|p1a: Slowbro|spd|1\n|\n|-heal|p1a: Slowbro|99\/100|[from] item: Leftovers\n|upkeep\n|turn|23\n|c|\u2606Bisexual bitch|Bru\n|\n|t:|1698523506\n|move|p2a: Izuku|Ice Punch|p1a: Slowbro\n|-resisted|p1a: Slowbro\n|-damage|p1a: Slowbro|96\/100\n|move|p1a: Slowbro|Calm Mind|p1a: Slowbro\n|-boost|p1a: Slowbro|spa|1\n|-boost|p1a: Slowbro|spd|1\n|\n|-heal|p1a: Slowbro|100\/100|[from] item: Leftovers\n|upkeep\n|turn|24\n|\n|t:|1698523515\n|move|p2a: Izuku|Ice Punch|p1a: Slowbro\n|-resisted|p1a: Slowbro\n|-damage|p1a: Slowbro|97\/100\n|move|p1a: Slowbro|Flamethrower|p2a: Izuku\n|-resisted|p2a: Izuku\n|-damage|p2a: Izuku|35\/100\n|\n|-heal|p1a: Slowbro|100\/100|[from] item: Leftovers\n|upkeep\n|turn|25\n|\n|t:|1698523524\n|move|p2a: Izuku|Ice Punch|p1a: Slowbro\n|-resisted|p1a: Slowbro\n|-damage|p1a: Slowbro|97\/100\n|move|p1a: Slowbro|Flamethrower|p2a: Izuku\n|-resisted|p2a: Izuku\n|-damage|p2a: Izuku|0 fnt\n|faint|p2a: Izuku\n|\n|-heal|p1a: Slowbro|100\/100|[from] item: Leftovers\n|upkeep\n|\n|t:|1698523534\n|switch|p2a: Denki|Ampharos, M|100\/100\n|turn|26\n|\n|t:|1698523538\n|move|p2a: Denki|Discharge|p1a: Slowbro\n|-supereffective|p1a: Slowbro\n|-crit|p1a: Slowbro\n|-damage|p1a: Slowbro|36\/100\n|move|p1a: Slowbro|Calm Mind|p1a: Slowbro\n|-boost|p1a: Slowbro|spa|1\n|-boost|p1a: Slowbro|spd|1\n|\n|-heal|p1a: Slowbro|42\/100|[from] item: Leftovers\n|upkeep\n|turn|27\n|c|\u2606Bisexual bitch|:0\n|c|\u2606Tinen|crit ignore settup\n|\n|t:|1698523550\n|move|p2a: Denki|Discharge|p1a: Slowbro\n|-supereffective|p1a: Slowbro\n|-damage|p1a: Slowbro|28\/100\n|-status|p1a: Slowbro|par\n|move|p1a: Slowbro|Slack Off|p1a: Slowbro\n|-heal|p1a: Slowbro|78\/100 par\n|\n|-heal|p1a: Slowbro|85\/100 par|[from] item: Leftovers\n|upkeep\n|turn|28\n|c|\u2606Bisexual bitch|I know\n|\n|t:|1698523564\n|move|p2a: Denki|Discharge|p1a: Slowbro\n|-supereffective|p1a: Slowbro\n|-damage|p1a: Slowbro|72\/100 par\n|cant|p1a: Slowbro|par\n|\n|-heal|p1a: Slowbro|78\/100 par|[from] item: Leftovers\n|upkeep\n|turn|29\n|c|\u2606Bisexual bitch|I just didn't expect Denki to get it\n|\n|t:|1698523582\n|move|p2a: Denki|Discharge|p1a: Slowbro\n|-supereffective|p1a: Slowbro\n|-damage|p1a: Slowbro|64\/100 par\n|move|p1a: Slowbro|Calm Mind|p1a: Slowbro\n|-boost|p1a: Slowbro|spa|1\n|-boost|p1a: Slowbro|spd|1\n|\n|-heal|p1a: Slowbro|70\/100 par|[from] item: Leftovers\n|upkeep\n|turn|30\n|c|\u2606Tinen|me too\n|\n|t:|1698523590\n|move|p2a: Denki|Discharge|p1a: Slowbro\n|-supereffective|p1a: Slowbro\n|-damage|p1a: Slowbro|57\/100 par\n|move|p1a: Slowbro|Slack Off|p1a: Slowbro\n|-heal|p1a: Slowbro|100\/100 par\n|\n|upkeep\n|turn|31\n|c|\u2606Bisexual bitch|If you watch MHA, you know\n|\n|t:|1698523609\n|move|p2a: Denki|Discharge|p1a: Slowbro\n|-supereffective|p1a: Slowbro\n|-damage|p1a: Slowbro|89\/100 par\n|move|p1a: Slowbro|Flamethrower|p2a: Denki\n|-damage|p2a: Denki|29\/100\n|\n|-heal|p1a: Slowbro|95\/100 par|[from] item: Leftovers\n|upkeep\n|turn|32\n|c|\u2606Tinen|the battle is balanced\n|c|\u2606Tinen|ah\n|\n|t:|1698523628\n|move|p2a: Denki|Discharge|p1a: Slowbro\n|-supereffective|p1a: Slowbro\n|-damage|p1a: Slowbro|84\/100 par\n|move|p1a: Slowbro|Flamethrower|p2a: Denki\n|-damage|p2a: Denki|0 fnt\n|faint|p2a: Denki\n|\n|-heal|p1a: Slowbro|90\/100 par|[from] item: Leftovers\n|upkeep\n|\n|t:|1698523637\n|switch|p2a: Ryoku|Salamence, F|100\/100\n|turn|33\n|\n|t:|1698523642\n|move|p2a: Ryoku|Dragon Dance|p2a: Ryoku\n|-boost|p2a: Ryoku|atk|1\n|-boost|p2a: Ryoku|spe|1\n|move|p1a: Slowbro|Flamethrower|p2a: Ryoku\n|-resisted|p2a: Ryoku\n|-damage|p2a: Ryoku|54\/100\n|\n|-heal|p1a: Slowbro|96\/100 par|[from] item: Leftovers\n|upkeep\n|turn|34\n|\n|t:|1698523653\n|move|p2a: Ryoku|Dual Wingbeat|p1a: Slowbro\n|-damage|p1a: Slowbro|87\/100 par\n|-damage|p1a: Slowbro|79\/100 par\n|-hitcount|p1a: Slowbro|2\n|move|p1a: Slowbro|Iron Defense|p1a: Slowbro\n|-boost|p1a: Slowbro|def|2\n|\n|-heal|p1a: Slowbro|85\/100 par|[from] item: Leftovers\n|upkeep\n|turn|35\n|\n|t:|1698523663\n|move|p2a: Ryoku|Dual Wingbeat|p1a: Slowbro|[miss]\n|-miss|p2a: Ryoku|p1a: Slowbro\n|move|p1a: Slowbro|Flamethrower|p2a: Ryoku\n|-resisted|p2a: Ryoku\n|-damage|p2a: Ryoku|13\/100\n|\n|-heal|p1a: Slowbro|91\/100 par|[from] item: Leftovers\n|upkeep\n|turn|36\n|\n|t:|1698523671\n|move|p2a: Ryoku|Dual Wingbeat|p1a: Slowbro\n|-damage|p1a: Slowbro|85\/100 par\n|-damage|p1a: Slowbro|78\/100 par\n|-hitcount|p1a: Slowbro|2\n|move|p1a: Slowbro|Flamethrower|p2a: Ryoku\n|-resisted|p2a: Ryoku\n|-damage|p2a: Ryoku|0 fnt\n|faint|p2a: Ryoku\n|\n|-heal|p1a: Slowbro|84\/100 par|[from] item: Leftovers\n|upkeep\n|c|\u2606Bisexual bitch|Yea, I'm done for\n|\n|t:|1698523684\n|switch|p2a: Ochako|Jigglypuff, F|100\/100\n|turn|37\n|c|\u2606Tinen|yes\n|\n|t:|1698523689\n|move|p2a: Ochako|Dazzling Gleam|p1a: Slowbro\n|-damage|p1a: Slowbro|80\/100 par\n|move|p1a: Slowbro|Calm Mind|p1a: Slowbro\n|-boost|p1a: Slowbro|spa|1\n|-boost|p1a: Slowbro|spd|1\n|\n|-heal|p1a: Slowbro|87\/100 par|[from] item: Leftovers\n|upkeep\n|turn|38\n|\n|t:|1698523699\n|move|p2a: Ochako|Dazzling Gleam|p1a: Slowbro\n|-damage|p1a: Slowbro|83\/100 par\n|move|p1a: Slowbro|Flamethrower|p2a: Ochako\n|-damage|p2a: Ochako|0 fnt\n|faint|p2a: Ochako\n|\n|-heal|p1a: Slowbro|90\/100 par|[from] item: Leftovers\n|upkeep\n|\n|t:|1698523708\n|switch|p2a: Bakugo|Arcanine, F|71\/100\n|-ability|p2a: Bakugo|Intimidate|boost\n|-fail|p1a: Slowbro|unboost|Attack|[from] ability: Oblivious|[of] p1a: Slowbro\n|turn|39\n|\n|t:|1698523718\n|move|p2a: Bakugo|Extreme Speed|p1a: Slowbro\n|-damage|p1a: Slowbro|83\/100 par\n|-damage|p2a: Bakugo|61\/100|[from] item: Life Orb\n|cant|p1a: Slowbro|par\n|\n|-heal|p1a: Slowbro|89\/100 par|[from] item: Leftovers\n|upkeep\n|turn|40\n|\n|t:|1698523726\n|move|p2a: Bakugo|Extreme Speed|p1a: Slowbro\n|-damage|p1a: Slowbro|81\/100 par\n|-damage|p2a: Bakugo|51\/100|[from] item: Life Orb\n|move|p1a: Slowbro|Flamethrower|p2a: Bakugo\n|-resisted|p2a: Bakugo\n|-damage|p2a: Bakugo|5\/100\n|\n|-heal|p1a: Slowbro|88\/100 par|[from] item: Leftovers\n|upkeep\n|turn|41\n|c|\u2606Bisexual bitch|gg\n|\n|t:|1698523737\n|move|p2a: Bakugo|Extreme Speed|p1a: Slowbro\n|-damage|p1a: Slowbro|80\/100 par\n|-damage|p2a: Bakugo|0 fnt|[from] item: Life Orb\n|faint|p2a: Bakugo\n|\n|win|Tinen\n|raw|Tinen's rating: 1102 &rarr; <strong>1128<\/strong><br \/>(+26 for winning)\n|raw|Bisexual bitch's rating: 1109 &rarr; <strong>1083<\/strong><br \/>(-26 for losing)\n|c|\u2606Tinen|gg\n","uploadtime":1698523746,"views":8,"p1id":"tinen","p2id":"bisexualbitch","formatid":"gen9anythinggoes","rating":1083,"private":0,"password":""}