{"id":"gen9anythinggoes-1980314690","p1":"aravshah1","p2":"artorias512","format":"[Gen 9] Anything Goes","log":"|j|\u2606aravshah1\n|j|\u2606artorias512\n|t:|1698774638\n|gametype|singles\n|player|p1|aravshah1|266|1356\n|player|p2|artorias512|hilbert-wonderlauncher|1284\n|teamsize|p1|6\n|teamsize|p2|6\n|gen|9\n|tier|[Gen 9] Anything Goes\n|rated|\n|rule|HP Percentage Mod: HP is shown in percentages\n|rule|Endless Battle Clause: Forcing endless battles is banned\n|clearpoke\n|poke|p1|Arceus|\n|poke|p1|Arceus|\n|poke|p1|Drifblim, M|\n|poke|p1|Arceus-Dark|\n|poke|p1|Arceus|\n|poke|p1|Arceus-Poison|\n|poke|p2|Scizor, M|\n|poke|p2|Flutter Mane|\n|poke|p2|Urshifu-*, F|\n|poke|p2|Toxapex, F|\n|poke|p2|Mudsdale, F|\n|poke|p2|Ogerpon-Hearthflame, F|\n|teampreview\n|inactive|Battle timer is ON: inactive players will automatically lose when time's up. (requested by artorias512)\n|\n|t:|1698774659\n|start\n|switch|p1a: Drifblim|Drifblim, M|100\/100\n|switch|p2a: Mudsdale|Mudsdale, F|100\/100\n|turn|1\n|\n|t:|1698774667\n|move|p1a: Drifblim|Minimize|p1a: Drifblim\n|-boost|p1a: Drifblim|evasion|2\n|move|p2a: Mudsdale|Smack Down|p1a: Drifblim|[miss]\n|-miss|p2a: Mudsdale|p1a: Drifblim\n|\n|upkeep\n|turn|2\n|\n|t:|1698774677\n|switch|p2a: Toxapex|Toxapex, F|100\/100\n|move|p1a: Drifblim|Minimize|p1a: Drifblim\n|-boost|p1a: Drifblim|evasion|2\n|\n|upkeep\n|turn|3\n|\n|t:|1698774690\n|move|p1a: Drifblim|Minimize|p1a: Drifblim\n|-boost|p1a: Drifblim|evasion|2\n|move|p2a: Toxapex|Haze|p2a: Toxapex\n|-clearallboost\n|\n|upkeep\n|turn|4\n|\n|t:|1698774702\n|switch|p1a: Arceus|Arceus|100\/100\n|move|p2a: Toxapex|Toxic Spikes|p1a: Arceus\n|-sidestart|p1: aravshah1|move: Toxic Spikes\n|\n|upkeep\n|turn|5\n|\n|t:|1698774712\n|switch|p1a: Arceus|Arceus-Poison|100\/100\n|-sideend|p1: aravshah1|move: Toxic Spikes|[of] p1a: Arceus\n|move|p2a: Toxapex|Haze|p2a: Toxapex\n|-clearallboost\n|\n|upkeep\n|turn|6\n|\n|t:|1698774726\n|-terastallize|p1a: Arceus|Poison\n|move|p1a: Arceus|Poison Jab|p2a: Toxapex\n|-resisted|p2a: Toxapex\n|-damage|p2a: Toxapex|77\/100\n|-damage|p1a: Arceus|84\/100|[from] item: Rocky Helmet|[of] p2a: Toxapex\n|move|p2a: Toxapex|Toxic Spikes|p1a: Arceus\n|-sidestart|p1: aravshah1|move: Toxic Spikes\n|\n|upkeep\n|turn|7\n|\n|t:|1698774738\n|switch|p2a: Rango|Scizor, M, shiny|100\/100\n|move|p1a: Arceus|Poison Jab|p2a: Rango\n|-immune|p2a: Rango\n|\n|upkeep\n|turn|8\n|\n|t:|1698774748\n|switch|p1a: Drifblim|Drifblim, M|100\/100\n|move|p2a: Rango|Swords Dance|p2a: Rango\n|-boost|p2a: Rango|atk|2\n|\n|upkeep\n|turn|9\n|\n|t:|1698774756\n|move|p2a: Rango|Bullet Punch|p1a: Drifblim\n|-crit|p1a: Drifblim\n|-enditem|p1a: Drifblim|Focus Sash\n|-damage|p1a: Drifblim|1\/100\n|move|p1a: Drifblim|Minimize|p1a: Drifblim\n|-boost|p1a: Drifblim|evasion|2\n|\n|upkeep\n|turn|10\n|\n|t:|1698774765\n|move|p2a: Rango|Bullet Punch|p1a: Drifblim|[miss]\n|-miss|p2a: Rango|p1a: Drifblim\n|move|p1a: Drifblim|Minimize|p1a: Drifblim\n|-boost|p1a: Drifblim|evasion|2\n|\n|upkeep\n|turn|11\n|\n|t:|1698774774\n|switch|p2a: Toxapex|Toxapex, F|100\/100\n|move|p1a: Drifblim|Minimize|p1a: Drifblim\n|-boost|p1a: Drifblim|evasion|2\n|\n|upkeep\n|turn|12\n|\n|t:|1698774781\n|move|p1a: Drifblim|Baton Pass|p1a: Drifblim\n|\n|t:|1698774786\n|switch|p1a: Arceus|Arceus-Poison, tera:Poison|84\/100|[from] Baton Pass\n|-sideend|p1: aravshah1|move: Toxic Spikes|[of] p1a: Arceus\n|move|p2a: Toxapex|Haze|p2a: Toxapex\n|-clearallboost\n|\n|upkeep\n|turn|13\n|\n|t:|1698774797\n|move|p1a: Arceus|Poison Jab|p2a: Toxapex\n|-resisted|p2a: Toxapex\n|-damage|p2a: Toxapex|76\/100\n|-damage|p1a: Arceus|67\/100|[from] item: Rocky Helmet|[of] p2a: Toxapex\n|move|p2a: Toxapex|Toxic Spikes|p1a: Arceus\n|-sidestart|p1: aravshah1|move: Toxic Spikes\n|\n|upkeep\n|turn|14\n|\n|t:|1698774806\n|move|p1a: Arceus|Poison Jab|p2a: Toxapex\n|-resisted|p2a: Toxapex\n|-crit|p2a: Toxapex\n|-damage|p2a: Toxapex|39\/100\n|-damage|p1a: Arceus|50\/100|[from] item: Rocky Helmet|[of] p2a: Toxapex\n|move|p2a: Toxapex|Chilling Water|p1a: Arceus\n|-damage|p1a: Arceus|42\/100\n|-unboost|p1a: Arceus|atk|1\n|\n|upkeep\n|turn|15\n|\n|t:|1698774818\n|switch|p2a: Rango|Scizor, M, shiny|100\/100\n|move|p1a: Arceus|Recover|p1a: Arceus\n|-heal|p1a: Arceus|92\/100\n|\n|upkeep\n|turn|16\n|\n|t:|1698774825\n|move|p1a: Arceus|Swords Dance|p1a: Arceus\n|-boost|p1a: Arceus|atk|2\n|move|p2a: Rango|Swords Dance|p2a: Rango\n|-boost|p2a: Rango|atk|2\n|\n|upkeep\n|turn|17\n|\n|t:|1698774835\n|switch|p1a: Arceus|Arceus-Dark|100\/100\n|-status|p1a: Arceus|psn\n|move|p2a: Rango|Dual Wingbeat|p1a: Arceus\n|-damage|p1a: Arceus|70\/100 psn\n|-damage|p1a: Arceus|43\/100 psn\n|-hitcount|p1a: Arceus|2\n|\n|-damage|p1a: Arceus|30\/100 psn|[from] psn\n|upkeep\n|turn|18\n|\n|t:|1698774847\n|move|p2a: Rango|Bullet Punch|p1a: Arceus\n|-damage|p1a: Arceus|0 fnt\n|faint|p1a: Arceus\n|\n|upkeep\n|\n|t:|1698774856\n|switch|p1a: Arceus|Arceus|100\/100\n|-status|p1a: Arceus|psn\n|turn|19\n|\n|t:|1698774864\n|move|p1a: Arceus|Earthquake|p2a: Rango\n|-damage|p2a: Rango|68\/100\n|move|p2a: Rango|Dual Wingbeat|p1a: Arceus|[miss]\n|-miss|p2a: Rango|p1a: Arceus\n|\n|-damage|p1a: Arceus|88\/100 psn|[from] psn\n|upkeep\n|turn|20\n|\n|t:|1698774878\n|move|p1a: Arceus|Earthquake|p2a: Rango\n|-damage|p2a: Rango|31\/100\n|move|p2a: Rango|Dual Wingbeat|p1a: Arceus\n|-damage|p1a: Arceus|60\/100 psn\n|-damage|p1a: Arceus|30\/100 psn\n|-hitcount|p1a: Arceus|2\n|\n|-heal|p1a: Arceus|37\/100 psn|[from] item: Leftovers\n|-damage|p1a: Arceus|24\/100 psn|[from] psn\n|upkeep\n|turn|21\n|\n|t:|1698774894\n|move|p2a: Rango|Bullet Punch|p1a: Arceus\n|-damage|p1a: Arceus|0 fnt\n|faint|p1a: Arceus\n|\n|upkeep\n|\n|t:|1698774904\n|switch|p1a: Arceus|Arceus|100\/100\n|-status|p1a: Arceus|psn\n|turn|22\n|\n|t:|1698774920\n|switch|p2a: Urshifu|Urshifu, F|100\/100\n|move|p1a: Arceus|Earthquake|p2a: Urshifu\n|-damage|p2a: Urshifu|73\/100\n|\n|-damage|p1a: Arceus|88\/100 psn|[from] psn\n|upkeep\n|turn|23\n|\n|t:|1698774930\n|move|p1a: Arceus|Extreme Speed|p2a: Urshifu\n|-damage|p2a: Urshifu|37\/100\n|move|p2a: Urshifu|Drain Punch|p1a: Arceus\n|-supereffective|p1a: Arceus\n|-crit|p1a: Arceus\n|-damage|p1a: Arceus|8\/100 psn\n|-heal|p2a: Urshifu|86\/100|[from] drain|[of] p1a: Arceus\n|\n|-heal|p1a: Arceus|14\/100 psn|[from] item: Leftovers\n|-damage|p1a: Arceus|2\/100 psn|[from] psn\n|upkeep\n|turn|24\n|\n|t:|1698774945\n|move|p1a: Arceus|Extreme Speed|p2a: Urshifu\n|-damage|p2a: Urshifu|51\/100\n|move|p2a: Urshifu|Sucker Punch||[still]\n|-fail|p2a: Urshifu\n|\n|-heal|p1a: Arceus|8\/100 psn|[from] item: Leftovers\n|-damage|p1a: Arceus|0 fnt|[from] psn\n|faint|p1a: Arceus\n|upkeep\n|\n|t:|1698774955\n|switch|p1a: Arceus|Arceus-Poison, tera:Poison|92\/100\n|-sideend|p1: aravshah1|move: Toxic Spikes|[of] p1a: Arceus\n|turn|25\n|\n|t:|1698774962\n|switch|p2a: Rango|Scizor, M, shiny|31\/100\n|move|p1a: Arceus|Swords Dance|p1a: Arceus\n|-boost|p1a: Arceus|atk|2\n|\n|upkeep\n|turn|26\n|\n|t:|1698774972\n|move|p1a: Arceus|Protect|p1a: Arceus\n|-singleturn|p1a: Arceus|Protect\n|move|p2a: Rango|Bullet Punch|p1a: Arceus\n|-activate|p1a: Arceus|move: Protect\n|\n|upkeep\n|turn|27\n|\n|t:|1698774979\n|switch|p1a: Arceus|Arceus|100\/100\n|move|p2a: Rango|Bullet Punch|p1a: Arceus\n|-damage|p1a: Arceus|79\/100\n|\n|-heal|p1a: Arceus|85\/100|[from] item: Leftovers\n|upkeep\n|turn|28\n|\n|t:|1698774989\n|move|p1a: Arceus|Body Press|p2a: Rango\n|-crit|p2a: Rango\n|-damage|p2a: Rango|0 fnt\n|faint|p2a: Rango\n|\n|-heal|p1a: Arceus|91\/100|[from] item: Leftovers\n|upkeep\n|\n|t:|1698774999\n|switch|p2a: Urshifu|Urshifu, F|51\/100\n|turn|29\n|\n|t:|1698775004\n|move|p2a: Urshifu|Drain Punch|p1a: Arceus\n|-supereffective|p1a: Arceus\n|-damage|p1a: Arceus|46\/100\n|-heal|p2a: Urshifu|78\/100|[from] drain|[of] p1a: Arceus\n|move|p1a: Arceus|Iron Defense|p1a: Arceus\n|-boost|p1a: Arceus|def|2\n|\n|-heal|p1a: Arceus|53\/100|[from] item: Leftovers\n|upkeep\n|turn|30\n|\n|t:|1698775015\n|move|p1a: Arceus|Protect|p1a: Arceus\n|-singleturn|p1a: Arceus|Protect\n|move|p2a: Urshifu|Wicked Blow|p1a: Arceus\n|-crit|p1a: Arceus\n|-damage|p1a: Arceus|26\/100\n|\n|-heal|p1a: Arceus|32\/100|[from] item: Leftovers\n|upkeep\n|turn|31\n|\n|t:|1698775032\n|move|p2a: Urshifu|Wicked Blow|p1a: Arceus\n|-crit|p1a: Arceus\n|-damage|p1a: Arceus|3\/100\n|move|p1a: Arceus|Recover|p1a: Arceus\n|-heal|p1a: Arceus|53\/100\n|\n|-heal|p1a: Arceus|60\/100|[from] item: Leftovers\n|upkeep\n|turn|32\n|\n|t:|1698775042\n|move|p2a: Urshifu|Drain Punch|p1a: Arceus\n|-supereffective|p1a: Arceus\n|-damage|p1a: Arceus|36\/100\n|-heal|p2a: Urshifu|92\/100|[from] drain|[of] p1a: Arceus\n|move|p1a: Arceus|Iron Defense|p1a: Arceus\n|-boost|p1a: Arceus|def|2\n|\n|-heal|p1a: Arceus|42\/100|[from] item: Leftovers\n|upkeep\n|turn|33\n|\n|t:|1698775056\n|switch|p2a: Toxapex|Toxapex, F|72\/100\n|move|p1a: Arceus|Recover|p1a: Arceus\n|-heal|p1a: Arceus|92\/100\n|\n|-heal|p1a: Arceus|98\/100|[from] item: Leftovers\n|upkeep\n|turn|34\n|\n|t:|1698775069\n|move|p1a: Arceus|Body Press|p2a: Toxapex\n|-resisted|p2a: Toxapex\n|-damage|p2a: Toxapex|40\/100\n|-damage|p1a: Arceus|82\/100|[from] item: Rocky Helmet|[of] p2a: Toxapex\n|move|p2a: Toxapex|Haze|p2a: Toxapex\n|-clearallboost\n|\n|-heal|p1a: Arceus|88\/100|[from] item: Leftovers\n|upkeep\n|turn|35\n|\n|t:|1698775083\n|switch|p1a: Arceus|Arceus-Poison, tera:Poison|92\/100\n|move|p2a: Toxapex|Baneful Bunker||[still]\n|-fail|p2a: Toxapex\n|\n|upkeep\n|turn|36\n|\n|t:|1698775092\n|move|p1a: Arceus|Swords Dance|p1a: Arceus\n|-boost|p1a: Arceus|atk|2\n|move|p2a: Toxapex|Toxic Spikes|p1a: Arceus\n|-sidestart|p1: aravshah1|move: Toxic Spikes\n|\n|upkeep\n|turn|37\n|\n|t:|1698775103\n|move|p1a: Arceus|Swords Dance|p1a: Arceus\n|-boost|p1a: Arceus|atk|2\n|move|p2a: Toxapex|Chilling Water|p1a: Arceus\n|-damage|p1a: Arceus|85\/100\n|-unboost|p1a: Arceus|atk|1\n|\n|upkeep\n|turn|38\n|\n|t:|1698775111\n|move|p1a: Arceus|Swords Dance|p1a: Arceus\n|-boost|p1a: Arceus|atk|2\n|move|p2a: Toxapex|Haze|p2a: Toxapex\n|-clearallboost\n|\n|upkeep\n|turn|39\n|\n|t:|1698775122\n|switch|p2a: Gorgona|Flutter Mane|100\/100\n|-enditem|p2a: Gorgona|Booster Energy\n|-activate|p2a: Gorgona|ability: Protosynthesis|[fromitem]\n|-start|p2a: Gorgona|protosynthesisspe\n|move|p1a: Arceus|Poison Jab|p2a: Gorgona\n|-damage|p2a: Gorgona|0 fnt\n|faint|p2a: Gorgona\n|-end|p2a: Gorgona|Protosynthesis|[silent]\n|\n|upkeep\n|\n|t:|1698775136\n|switch|p2a: Mudsdale|Mudsdale, F|100\/100\n|turn|40\n|\n|t:|1698775143\n|switch|p1a: Drifblim|Drifblim, M|1\/100\n|move|p2a: Mudsdale|Earthquake|p1a: Drifblim\n|-immune|p1a: Drifblim\n|\n|upkeep\n|turn|41\n|\n|t:|1698775151\n|move|p1a: Drifblim|Minimize|p1a: Drifblim\n|-boost|p1a: Drifblim|evasion|2\n|move|p2a: Mudsdale|Heavy Slam|p1a: Drifblim\n|-damage|p1a: Drifblim|0 fnt\n|-damage|p2a: Mudsdale|76\/100|[from] ability: Aftermath|[of] p1a: Drifblim\n|faint|p1a: Drifblim\n|\n|upkeep\n|\n|t:|1698775160\n|switch|p1a: Arceus|Arceus-Poison, tera:Poison|85\/100\n|-sideend|p1: aravshah1|move: Toxic Spikes|[of] p1a: Arceus\n|turn|42\n|\n|t:|1698775165\n|move|p1a: Arceus|Poison Jab|p2a: Mudsdale\n|-resisted|p2a: Mudsdale\n|-damage|p2a: Mudsdale|49\/100\n|-ability|p2a: Mudsdale|Stamina|boost\n|-boost|p2a: Mudsdale|def|1\n|move|p2a: Mudsdale|Earthquake|p1a: Arceus\n|-supereffective|p1a: Arceus\n|-damage|p1a: Arceus|14\/100\n|\n|upkeep\n|turn|43\n|\n|t:|1698775177\n|move|p1a: Arceus|Poison Jab|p2a: Mudsdale\n|-resisted|p2a: Mudsdale\n|-damage|p2a: Mudsdale|33\/100\n|-ability|p2a: Mudsdale|Stamina|boost\n|-boost|p2a: Mudsdale|def|1\n|move|p2a: Mudsdale|Body Press|p1a: Arceus\n|-resisted|p1a: Arceus\n|-damage|p1a: Arceus|2\/100\n|\n|upkeep\n|turn|44\n|\n|t:|1698775188\n|move|p1a: Arceus|Recover|p1a: Arceus\n|-heal|p1a: Arceus|52\/100\n|move|p2a: Mudsdale|Body Press|p1a: Arceus\n|-resisted|p1a: Arceus\n|-damage|p1a: Arceus|38\/100\n|\n|upkeep\n|turn|45\n|\n|t:|1698775196\n|move|p1a: Arceus|Recover|p1a: Arceus\n|-heal|p1a: Arceus|88\/100\n|move|p2a: Mudsdale|Earthquake|p1a: Arceus\n|-supereffective|p1a: Arceus\n|-damage|p1a: Arceus|16\/100\n|\n|upkeep\n|turn|46\n|\n|t:|1698775213\n|move|p1a: Arceus|Swords Dance|p1a: Arceus\n|-boost|p1a: Arceus|atk|2\n|move|p2a: Mudsdale|Earthquake|p1a: Arceus\n|-supereffective|p1a: Arceus\n|-damage|p1a: Arceus|0 fnt\n|faint|p1a: Arceus\n|\n|upkeep\n|\n|t:|1698775219\n|switch|p1a: Arceus|Arceus|88\/100\n|turn|47\n|\n|t:|1698775224\n|move|p1a: Arceus|Iron Defense|p1a: Arceus\n|-boost|p1a: Arceus|def|2\n|move|p2a: Mudsdale|Body Press|p1a: Arceus\n|-supereffective|p1a: Arceus\n|-crit|p1a: Arceus\n|-damage|p1a: Arceus|26\/100\n|\n|-heal|p1a: Arceus|32\/100|[from] item: Leftovers\n|upkeep\n|turn|48\n|\n|t:|1698775235\n|move|p1a: Arceus|Recover|p1a: Arceus\n|-heal|p1a: Arceus|82\/100\n|move|p2a: Mudsdale|Body Press|p1a: Arceus\n|-supereffective|p1a: Arceus\n|-damage|p1a: Arceus|60\/100\n|\n|-heal|p1a: Arceus|66\/100|[from] item: Leftovers\n|upkeep\n|turn|49\n|\n|t:|1698775247\n|move|p1a: Arceus|Iron Defense|p1a: Arceus\n|-boost|p1a: Arceus|def|2\n|move|p2a: Mudsdale|Body Press|p1a: Arceus\n|-supereffective|p1a: Arceus\n|-damage|p1a: Arceus|51\/100\n|\n|-heal|p1a: Arceus|57\/100|[from] item: Leftovers\n|upkeep\n|turn|50\n|\n|t:|1698775257\n|switch|p2a: Toxapex|Toxapex, F|73\/100\n|move|p1a: Arceus|Iron Defense|p1a: Arceus\n|-boost|p1a: Arceus|def|2\n|\n|-heal|p1a: Arceus|63\/100|[from] item: Leftovers\n|upkeep\n|turn|51\n|\n|t:|1698775266\n|move|p1a: Arceus|Body Press|p2a: Toxapex\n|-resisted|p2a: Toxapex\n|-damage|p2a: Toxapex|33\/100\n|-damage|p1a: Arceus|46\/100|[from] item: Rocky Helmet|[of] p2a: Toxapex\n|move|p2a: Toxapex|Haze|p2a: Toxapex\n|-clearallboost\n|\n|-heal|p1a: Arceus|53\/100|[from] item: Leftovers\n|upkeep\n|turn|52\n|\n|t:|1698775278\n|move|p2a: Toxapex|Baneful Bunker|p2a: Toxapex\n|-singleturn|p2a: Toxapex|move: Protect\n|move|p1a: Arceus|Recover|p1a: Arceus\n|-heal|p1a: Arceus|100\/100\n|\n|upkeep\n|turn|53\n|\n|t:|1698775286\n|move|p2a: Toxapex|Baneful Bunker|p2a: Toxapex\n|-singleturn|p2a: Toxapex|move: Protect\n|move|p1a: Arceus|Body Press|p2a: Toxapex\n|-activate|p2a: Toxapex|move: Protect\n|-status|p1a: Arceus|psn\n|\n|-damage|p1a: Arceus|88\/100 psn|[from] psn\n|upkeep\n|turn|54\n|\n|t:|1698775305\n|move|p1a: Arceus|Body Press|p2a: Toxapex\n|-resisted|p2a: Toxapex\n|-damage|p2a: Toxapex|23\/100\n|-damage|p1a: Arceus|71\/100 psn|[from] item: Rocky Helmet|[of] p2a: Toxapex\n|move|p2a: Toxapex|Chilling Water|p1a: Arceus\n|-damage|p1a: Arceus|64\/100 psn\n|-unboost|p1a: Arceus|atk|1\n|\n|-heal|p1a: Arceus|70\/100 psn|[from] item: Leftovers\n|-damage|p1a: Arceus|57\/100 psn|[from] psn\n|upkeep\n|turn|55\n|\n|t:|1698775318\n|switch|p2a: Mudsdale|Mudsdale, F|33\/100\n|move|p1a: Arceus|Body Press|p2a: Mudsdale\n|-damage|p2a: Mudsdale|11\/100\n|-ability|p2a: Mudsdale|Stamina|boost\n|-boost|p2a: Mudsdale|def|1\n|\n|-heal|p1a: Arceus|64\/100 psn|[from] item: Leftovers\n|-damage|p1a: Arceus|51\/100 psn|[from] psn\n|upkeep\n|turn|56\n|\n|t:|1698775330\n|move|p1a: Arceus|Body Press|p2a: Mudsdale\n|-damage|p2a: Mudsdale|0 fnt\n|faint|p2a: Mudsdale\n|\n|-heal|p1a: Arceus|57\/100 psn|[from] item: Leftovers\n|-damage|p1a: Arceus|45\/100 psn|[from] psn\n|upkeep\n|\n|t:|1698775339\n|switch|p2a: Urshifu|Urshifu, F|92\/100\n|turn|57\n|\n|t:|1698775343\n|move|p2a: Urshifu|Drain Punch|p1a: Arceus\n|-supereffective|p1a: Arceus\n|-damage|p1a: Arceus|0 fnt\n|-heal|p2a: Urshifu|100\/100|[from] drain|[of] p1a: Arceus\n|faint|p1a: Arceus\n|\n|win|artorias512\n|raw|aravshah1's rating: 1356 &rarr; <strong>1332<\/strong><br \/>(-24 for losing)\n|raw|artorias512's rating: 1284 &rarr; <strong>1314<\/strong><br \/>(+30 for winning)\n|l|\u2606aravshah1\n","uploadtime":1698775352,"views":10,"p1id":"aravshah1","p2id":"artorias512","formatid":"gen9anythinggoes","rating":1314,"private":0,"password":""}