{"id":"gen9anythinggoes-1973192862","p1":"xdTactician","p2":"ElFlamigo","format":"[Gen 9] Anything Goes","log":"|j|\u2606xdTactician\n|j|\u2606ElFlamigo\n|inactive|Battle timer is ON: inactive players will automatically lose when time's up.\n|t:|1697937871\n|gametype|singles\n|player|p1|xdTactician|1|\n|player|p2|ElFlamigo|volo|\n|teamsize|p1|5\n|teamsize|p2|5\n|gen|9\n|tier|[Gen 9] Anything Goes\n|rated|Tournament battle\n|rule|HP Percentage Mod: HP is shown in percentages\n|rule|Endless Battle Clause: Forcing endless battles is banned\n|rule|Species Clause: Limit one of each Pok\u00e9mon\n|rule|OHKO Clause: OHKO moves are banned\n|rule|Evasion Moves Clause: Evasion moves are banned\n|rule|1 Ability Clause: Limit 1 of each ability\n|rule|Sleep Moves Clause: Sleep-inducing moves are banned\n|rule|Terastal Clause: You cannot Terastallize\n|clearpoke\n|poke|p1|Coalossal, M|\n|poke|p1|Froslass, F|\n|poke|p1|Goodra-Hisui, F|\n|poke|p1|Hydreigon, F|\n|poke|p1|Lilligant-Hisui, F|\n|poke|p2|Lycanroc, F|\n|poke|p2|Whiscash, M|\n|poke|p2|Torterra, M|\n|poke|p2|Dragonite, M|\n|poke|p2|Crabominable, F|\n|teampreview\n|j|*Lady Monita \u263d\n|inactive|xdTactician also wants the timer to be on.\n|inactive|ElFlamigo also wants the timer to be on.\n|j| rickybobcoober\n|c|\u2606xdTactician|oof\n|c|\u2606xdTactician|hf\n|\n|t:|1697937904\n|start\n|switch|p1a: Coalossal|Coalossal, M|100\/100\n|switch|p2a: Crabominable|Crabominable, F|100\/100\n|-ability|p2a: Crabominable|Sword of Ruin\n|turn|1\n|c|\u2606xdTactician|well im getting sweeped\n|\n|t:|1697937919\n|move|p2a: Crabominable|Drain Punch|p1a: Coalossal\n|-supereffective|p1a: Coalossal\n|-damage|p1a: Coalossal|0 fnt\n|-activate|p1a: Coalossal|ability: Toxic Debris\n|-sidestart|p2: ElFlamigo|move: Toxic Spikes\n|faint|p1a: Coalossal\n|\n|upkeep\n|j| lowladderagent17\n|j| ThatBoyBobby\n|inactive|xdTactician has 120 seconds left.\n|\n|t:|1697937959\n|switch|p1a: Froslass|Froslass, F|100\/100\n|-ability|p1a: Froslass|Sword of Ruin\n|turn|2\n|\n|t:|1697937965\n|switch|p2a: Lycanroc|Lycanroc, F|100\/100\n|-status|p2a: Lycanroc|psn\n|move|p1a: Froslass|Shadow Force||[still]\n|-prepare|p1a: Froslass|Shadow Force\n|\n|-damage|p2a: Lycanroc|88\/100 psn|[from] psn\n|upkeep\n|turn|3\n|\n|t:|1697937972\n|move|p2a: Lycanroc|Rock Slide|p1a: Froslass|[miss]\n|-miss|p2a: Lycanroc|p1a: Froslass\n|move|p1a: Froslass|Shadow Force|p2a: Lycanroc|[from]lockedmove\n|-damage|p2a: Lycanroc|0 fnt\n|faint|p2a: Lycanroc\n|\n|upkeep\n|\n|t:|1697937983\n|switch|p2a: Whiscash|Whiscash, M|100\/100\n|-status|p2a: Whiscash|psn\n|turn|4\n|\n|t:|1697937990\n|move|p2a: Whiscash|Water Spout|p1a: Froslass\n|-damage|p1a: Froslass|9\/100\n|move|p1a: Froslass|Shadow Force||[still]\n|-prepare|p1a: Froslass|Shadow Force\n|\n|-damage|p2a: Whiscash|88\/100 psn|[from] psn\n|upkeep\n|turn|5\n|\n|t:|1697938000\n|switch|p2a: Torterra|Torterra, M|100\/100\n|-status|p2a: Torterra|psn\n|move|p1a: Froslass|Shadow Force|p2a: Torterra|[from]lockedmove\n|-damage|p2a: Torterra|52\/100 psn\n|\n|-damage|p2a: Torterra|40\/100 psn|[from] psn\n|upkeep\n|turn|6\n|\n|t:|1697938006\n|move|p1a: Froslass|Glacial Lance|p2a: Torterra\n|-supereffective|p2a: Torterra\n|-damage|p2a: Torterra|0 fnt\n|faint|p2a: Torterra\n|\n|upkeep\n|l| lowladderagent17\n|\n|t:|1697938009\n|switch|p2a: Whiscash|Whiscash, M|88\/100 psn\n|turn|7\n|\n|t:|1697938014\n|move|p2a: Whiscash|Surf|p1a: Froslass\n|-damage|p1a: Froslass|0 fnt\n|faint|p1a: Froslass\n|\n|-damage|p2a: Whiscash|76\/100 psn|[from] psn\n|upkeep\n|j| ZacianBoi101\n|\n|t:|1697938020\n|switch|p1a: Lilligant|Lilligant-Hisui, F|100\/100\n|-weather|SunnyDay|[from] ability: Drought|[of] p1a: Lilligant\n|turn|8\n|\n|t:|1697938025\n|switch|p2a: Crabominable|Crabominable, F|100\/100\n|-status|p2a: Crabominable|psn\n|-ability|p2a: Crabominable|Sword of Ruin\n|move|p1a: Lilligant|Victory Dance|p1a: Lilligant\n|-boost|p1a: Lilligant|atk|1\n|-boost|p1a: Lilligant|def|1\n|-boost|p1a: Lilligant|spe|1\n|\n|-weather|SunnyDay|[upkeep]\n|-damage|p2a: Crabominable|88\/100 psn|[from] psn\n|upkeep\n|turn|9\n|j| bleahey\n|j| lowladderagent17\n|\n|t:|1697938041\n|move|p2a: Crabominable|Ice Shard|p1a: Lilligant\n|-supereffective|p1a: Lilligant\n|-damage|p1a: Lilligant|4\/100\n|move|p1a: Lilligant|Triple Arrows|p2a: Crabominable\n|-supereffective|p2a: Crabominable\n|-damage|p2a: Crabominable|0 fnt\n|faint|p2a: Crabominable\n|\n|-weather|SunnyDay|[upkeep]\n|upkeep\n|\n|t:|1697938045\n|switch|p2a: Dragonite|Dragonite, M|100\/100\n|turn|10\n|\n|t:|1697938048\n|move|p2a: Dragonite|Extreme Speed|p1a: Lilligant\n|-damage|p1a: Lilligant|0 fnt\n|faint|p1a: Lilligant\n|\n|-weather|SunnyDay|[upkeep]\n|upkeep\n|c| ZacianBoi101|so close to koing\n|c| bleahey|xdtactician i'm regretting not running serene grace lilligant\n|\n|t:|1697938060\n|switch|p1a: Hydreigon|Hydreigon, F|100\/100\n|-ability|p1a: Hydreigon|Beads of Ruin\n|turn|11\n|c|\u2606xdTactician|that would be crazy good\n|\n|t:|1697938074\n|move|p1a: Hydreigon|Dragon Energy|p2a: Dragonite\n|-supereffective|p2a: Dragonite\n|-damage|p2a: Dragonite|0 fnt\n|faint|p2a: Dragonite\n|\n|-weather|SunnyDay|[upkeep]\n|upkeep\n|\n|t:|1697938076\n|switch|p2a: Whiscash|Whiscash, M|76\/100 psn\n|turn|12\n|c| ZacianBoi101|it would\n|c| bleahey|serene grace triple arrows is so evil lmfao\n|\n|t:|1697938080\n|move|p1a: Hydreigon|Dragon Energy|p2a: Whiscash\n|-damage|p2a: Whiscash|0 fnt\n|faint|p2a: Whiscash\n|\n|win|xdTactician\n|n|\u2606xdTactician|xdtactician\n|n|\u2606ElFlamigo|elflamigo\n|n|*Lady Monita \u263d|ladymonita\n|n| rickybobcoober|rickybobcoober\n|n| ThatBoyBobby|thatboybobby\n|n| ZacianBoi101|zacianboi101\n|n| bleahey|bleahey\n|n| lowladderagent17|lowladderagent17\n","uploadtime":1697938081,"views":8,"p1id":"xdtactician","p2id":"elflamigo","formatid":"gen9anythinggoes","rating":0,"private":0,"password":""}