{"id":"gen9anythinggoes-2000313663","p1":"Masterofallformats","p2":"BellsproutFan08","format":"[Gen 9] Anything Goes","log":"|j|\u2606Masterofallformats\n|j|\u2606BellsproutFan08\n|t:|1701184068\n|gametype|singles\n|player|p1|Masterofallformats|backersf|1140\n|player|p2|BellsproutFan08|scientist|1158\n|teamsize|p1|6\n|teamsize|p2|6\n|gen|9\n|tier|[Gen 9] Anything Goes\n|rated|\n|rule|HP Percentage Mod: HP is shown in percentages\n|rule|Endless Battle Clause: Forcing endless battles is banned\n|clearpoke\n|poke|p1|Calyrex-Shadow|\n|poke|p1|Koraidon|\n|poke|p1|Miraidon|\n|poke|p1|Ditto|\n|poke|p1|Kyogre|\n|poke|p1|Zacian-*|\n|poke|p2|Drifblim, M|\n|poke|p2|Bellsprout, M|\n|poke|p2|Drifblim, M|\n|poke|p2|Jirachi|\n|poke|p2|Calyrex-Ice|\n|poke|p2|Groudon|\n|teampreview\n|inactive|Battle timer is ON: inactive players will automatically lose when time's up. (requested by Masterofallformats)\n|\n|t:|1701184081\n|start\n|switch|p1a: Miraidon|Miraidon|100\/100\n|switch|p2a: Drifblim|Drifblim, M|100\/100\n|-fieldstart|move: Electric Terrain|[from] ability: Hadron Engine|[of] p1a: Miraidon\n|turn|1\n|\n|t:|1701184084\n|move|p1a: Miraidon|Taunt|p2a: Drifblim\n|-start|p2a: Drifblim|move: Taunt\n|cant|p2a: Drifblim|move: Taunt|Minimize\n|\n|upkeep\n|turn|2\n|\n|t:|1701184089\n|switch|p2a: Groudon|Groudon, shiny|100\/100\n|-weather|SunnyDay|[from] ability: Drought|[of] p2a: Groudon\n|move|p1a: Miraidon|Electro Drift|p2a: Groudon\n|-immune|p2a: Groudon\n|\n|-weather|SunnyDay|[upkeep]\n|upkeep\n|turn|3\n|\n|t:|1701184095\n|move|p1a: Miraidon|U-turn|p2a: Groudon\n|-damage|p2a: Groudon|94\/100\n|\n|t:|1701184099\n|switch|p1a: Kyogre|Kyogre|100\/100|[from] U-turn\n|-weather|RainDance|[from] ability: Drizzle|[of] p1a: Kyogre\n|move|p2a: Groudon|Fissure|p1a: Kyogre|[miss]\n|-miss|p2a: Groudon|p1a: Kyogre\n|\n|-weather|RainDance|[upkeep]\n|upkeep\n|turn|4\n|\n|t:|1701184110\n|move|p2a: Groudon|Fissure|p1a: Kyogre|[miss]\n|-miss|p2a: Groudon|p1a: Kyogre\n|move|p1a: Kyogre|Origin Pulse|p2a: Groudon\n|-supereffective|p2a: Groudon\n|-damage|p2a: Groudon|0 fnt\n|faint|p2a: Groudon\n|\n|-weather|RainDance|[upkeep]\n|upkeep\n|\n|t:|1701184121\n|switch|p2a: Drifblim|Drifblim, M|100\/100\n|turn|5\n|\n|t:|1701184124\n|move|p2a: Drifblim|Minimize|p2a: Drifblim\n|-boost|p2a: Drifblim|evasion|2\n|move|p1a: Kyogre|Origin Pulse|p2a: Drifblim|[miss]\n|-miss|p1a: Kyogre|p2a: Drifblim\n|\n|-weather|RainDance|[upkeep]\n|-fieldend|move: Electric Terrain\n|upkeep\n|turn|6\n|\n|t:|1701184128\n|move|p2a: Drifblim|Minimize|p2a: Drifblim\n|-boost|p2a: Drifblim|evasion|2\n|move|p1a: Kyogre|Origin Pulse|p2a: Drifblim|[miss]\n|-miss|p1a: Kyogre|p2a: Drifblim\n|\n|-weather|RainDance|[upkeep]\n|upkeep\n|turn|7\n|\n|t:|1701184131\n|move|p2a: Drifblim|Minimize|p2a: Drifblim\n|-boost|p2a: Drifblim|evasion|2\n|move|p1a: Kyogre|Origin Pulse|p2a: Drifblim\n|-enditem|p2a: Drifblim|Focus Sash\n|-damage|p2a: Drifblim|1\/100\n|\n|-weather|none\n|upkeep\n|turn|8\n|\n|t:|1701184139\n|move|p2a: Drifblim|Baton Pass|p2a: Drifblim\n|\n|t:|1701184146\n|switch|p2a: Jirachi|Jirachi|100\/100|[from] Baton Pass\n|move|p1a: Kyogre|Origin Pulse|p2a: Jirachi|[miss]\n|-miss|p1a: Kyogre|p2a: Jirachi\n|\n|upkeep\n|turn|9\n|\n|t:|1701184151\n|move|p2a: Jirachi|Cosmic Power|p2a: Jirachi\n|-boost|p2a: Jirachi|def|1\n|-boost|p2a: Jirachi|spd|1\n|move|p1a: Kyogre|Origin Pulse|p2a: Jirachi|[miss]\n|-miss|p1a: Kyogre|p2a: Jirachi\n|\n|upkeep\n|turn|10\n|\n|t:|1701184156\n|move|p2a: Jirachi|Cosmic Power|p2a: Jirachi\n|-boost|p2a: Jirachi|def|1\n|-boost|p2a: Jirachi|spd|1\n|move|p1a: Kyogre|Origin Pulse|p2a: Jirachi|[miss]\n|-miss|p1a: Kyogre|p2a: Jirachi\n|\n|upkeep\n|turn|11\n|\n|t:|1701184160\n|move|p2a: Jirachi|Cosmic Power|p2a: Jirachi\n|-boost|p2a: Jirachi|def|1\n|-boost|p2a: Jirachi|spd|1\n|move|p1a: Kyogre|Origin Pulse|p2a: Jirachi|[miss]\n|-miss|p1a: Kyogre|p2a: Jirachi\n|\n|upkeep\n|turn|12\n|\n|t:|1701184169\n|move|p2a: Jirachi|Cosmic Power|p2a: Jirachi\n|-boost|p2a: Jirachi|def|1\n|-boost|p2a: Jirachi|spd|1\n|move|p1a: Kyogre|Origin Pulse|p2a: Jirachi|[miss]\n|-miss|p1a: Kyogre|p2a: Jirachi\n|\n|upkeep\n|turn|13\n|\n|t:|1701184173\n|move|p2a: Jirachi|Cosmic Power|p2a: Jirachi\n|-boost|p2a: Jirachi|def|1\n|-boost|p2a: Jirachi|spd|1\n|move|p1a: Kyogre|Origin Pulse|p2a: Jirachi|[miss]\n|-miss|p1a: Kyogre|p2a: Jirachi\n|\n|upkeep\n|turn|14\n|\n|t:|1701184175\n|move|p2a: Jirachi|Cosmic Power|p2a: Jirachi\n|-boost|p2a: Jirachi|def|1\n|-boost|p2a: Jirachi|spd|1\n|move|p1a: Kyogre|Origin Pulse|p2a: Jirachi\n|-damage|p2a: Jirachi|83\/100\n|\n|upkeep\n|turn|15\n|\n|t:|1701184180\n|move|p2a: Jirachi|Substitute|p2a: Jirachi\n|-start|p2a: Jirachi|Substitute\n|-damage|p2a: Jirachi|58\/100\n|move|p1a: Kyogre|Origin Pulse|p2a: Jirachi\n|-activate|p2a: Jirachi|move: Substitute|[damage]\n|\n|upkeep\n|turn|16\n|\n|t:|1701184186\n|move|p2a: Jirachi|Baton Pass|p2a: Jirachi\n|\n|t:|1701184188\n|switch|p2a: Calyrex|Calyrex-Ice|100\/100|[from] Baton Pass\n|-ability|p2a: Calyrex|As One\n|-ability|p2a: Calyrex|Unnerve\n|move|p1a: Kyogre|Origin Pulse|p2a: Calyrex|[miss]\n|-miss|p1a: Kyogre|p2a: Calyrex\n|\n|upkeep\n|turn|17\n|\n|t:|1701184194\n|move|p1a: Kyogre|Origin Pulse|p2a: Calyrex\n|-end|p2a: Calyrex|Substitute\n|move|p2a: Calyrex|Leech Seed|p1a: Kyogre|[miss]\n|-miss|p2a: Calyrex|p1a: Kyogre\n|\n|upkeep\n|turn|18\n|\n|t:|1701184204\n|move|p1a: Kyogre|Origin Pulse|p2a: Calyrex\n|-damage|p2a: Calyrex|83\/100\n|move|p2a: Calyrex|Agility|p2a: Calyrex\n|-boost|p2a: Calyrex|spe|2\n|\n|upkeep\n|turn|19\n|\n|t:|1701184207\n|move|p2a: Calyrex|Agility|p2a: Calyrex\n|-boost|p2a: Calyrex|spe|2\n|move|p1a: Kyogre|Origin Pulse|p2a: Calyrex|[miss]\n|-miss|p1a: Kyogre|p2a: Calyrex\n|\n|upkeep\n|turn|20\n|\n|t:|1701184211\n|move|p2a: Calyrex|Agility|p2a: Calyrex\n|-boost|p2a: Calyrex|spe|2\n|-activate|p1a: Kyogre|move: Struggle\n|move|p1a: Kyogre|Struggle|p2a: Calyrex\n|-damage|p2a: Calyrex|82\/100\n|-damage|p1a: Kyogre|76\/100|[from] recoil\n|\n|upkeep\n|turn|21\n|\n|t:|1701184217\n|move|p2a: Calyrex|Swords Dance|p2a: Calyrex\n|-boost|p2a: Calyrex|atk|2\n|-activate|p1a: Kyogre|move: Struggle\n|move|p1a: Kyogre|Struggle|p2a: Calyrex\n|-damage|p2a: Calyrex|81\/100\n|-damage|p1a: Kyogre|51\/100|[from] recoil\n|\n|upkeep\n|turn|22\n|\n|t:|1701184221\n|move|p2a: Calyrex|Swords Dance|p2a: Calyrex\n|-boost|p2a: Calyrex|atk|2\n|-activate|p1a: Kyogre|move: Struggle\n|move|p1a: Kyogre|Struggle|p2a: Calyrex\n|-damage|p2a: Calyrex|80\/100\n|-damage|p1a: Kyogre|26\/100|[from] recoil\n|\n|upkeep\n|turn|23\n|\n|t:|1701184224\n|move|p2a: Calyrex|Baton Pass|p2a: Calyrex\n|\n|t:|1701184227\n|switch|p2a: Jirachi|Jirachi|58\/100|[from] Baton Pass\n|-activate|p1a: Kyogre|move: Struggle\n|move|p1a: Kyogre|Struggle|p2a: Jirachi\n|-damage|p2a: Jirachi|56\/100\n|-damage|p1a: Kyogre|1\/100|[from] recoil\n|\n|upkeep\n|turn|24\n|\n|t:|1701184229\n|move|p2a: Jirachi|Substitute|p2a: Jirachi\n|-start|p2a: Jirachi|Substitute\n|-damage|p2a: Jirachi|31\/100\n|-activate|p1a: Kyogre|move: Struggle\n|move|p1a: Kyogre|Struggle|p2a: Jirachi\n|-activate|p2a: Jirachi|move: Substitute|[damage]\n|-damage|p1a: Kyogre|0 fnt|[from] recoil\n|faint|p1a: Kyogre\n|\n|upkeep\n|\n|t:|1701184237\n|switch|p1a: Koraidon|Koraidon|100\/100\n|-weather|SunnyDay|[from] ability: Orichalcum Pulse|[of] p1a: Koraidon\n|-activate|p1a: Koraidon|Orichalcum Pulse|[source]\n|turn|25\n|\n|t:|1701184242\n|move|p2a: Jirachi|Baton Pass|p2a: Jirachi\n|\n|t:|1701184244\n|switch|p2a: Sprout|Bellsprout, M|100\/100|[from] Baton Pass\n|move|p1a: Koraidon|Flare Blitz|p2a: Sprout|[miss]\n|-miss|p1a: Koraidon|p2a: Sprout\n|\n|-weather|SunnyDay|[upkeep]\n|upkeep\n|turn|26\n|\n|t:|1701184266\n|move|p2a: Sprout|Poison Jab|p1a: Koraidon\n|-damage|p1a: Koraidon|10\/100\n|move|p1a: Koraidon|Flare Blitz|p2a: Sprout|[miss]\n|-miss|p1a: Koraidon|p2a: Sprout\n|\n|-weather|SunnyDay|[upkeep]\n|upkeep\n|turn|27\n|\n|t:|1701184271\n|move|p2a: Sprout|Poison Jab|p1a: Koraidon\n|-damage|p1a: Koraidon|0 fnt\n|faint|p1a: Koraidon\n|\n|-weather|SunnyDay|[upkeep]\n|upkeep\n|\n|t:|1701184275\n|switch|p1a: Miraidon|Miraidon|100\/100\n|-fieldstart|move: Electric Terrain|[from] ability: Hadron Engine|[of] p1a: Miraidon\n|turn|28\n|\n|t:|1701184290\n|move|p2a: Sprout|Poison Jab|p1a: Miraidon\n|-damage|p1a: Miraidon|2\/100\n|move|p1a: Miraidon|Electro Drift|p2a: Sprout|[miss]\n|-miss|p1a: Miraidon|p2a: Sprout\n|\n|-weather|SunnyDay|[upkeep]\n|upkeep\n|turn|29\n|\n|t:|1701184298\n|move|p2a: Sprout|Lunge|p1a: Miraidon\n|-damage|p1a: Miraidon|0 fnt\n|faint|p1a: Miraidon\n|\n|-weather|none\n|upkeep\n|\n|t:|1701184301\n|switch|p1a: Zacian|Zacian-Crowned, shiny|100\/100\n|-ability|p1a: Zacian|Intrepid Sword|boost\n|-boost|p1a: Zacian|atk|1\n|turn|30\n|\n|t:|1701184307\n|move|p2a: Sprout|Lunge|p1a: Zacian\n|-resisted|p1a: Zacian\n|-damage|p1a: Zacian|86\/100\n|-unboost|p1a: Zacian|atk|1\n|move|p1a: Zacian|Behemoth Blade|p2a: Sprout\n|-end|p2a: Sprout|Substitute\n|\n|upkeep\n|turn|31\n|\n|t:|1701184318\n|switch|p1a: Ditto|Ditto|100\/100\n|-transform|p1a: Ditto|p2a: Sprout|[from] ability: Imposter\n|move|p2a: Sprout|Power Whip|p1a: Ditto|[miss]\n|-miss|p2a: Sprout|p1a: Ditto\n|\n|upkeep\n|turn|32\n|\n|t:|1701184333\n|move|p1a: Ditto|Poison Jab|p2a: Sprout|[miss]\n|-miss|p1a: Ditto|p2a: Sprout\n|move|p2a: Sprout|Lunge|p1a: Ditto|[miss]\n|-miss|p2a: Sprout|p1a: Ditto\n|\n|-fieldend|move: Electric Terrain\n|upkeep\n|turn|33\n|\n|t:|1701184338\n|move|p1a: Ditto|Poison Jab|p2a: Sprout\n|-damage|p2a: Sprout|29\/100\n|move|p2a: Sprout|Lunge|p1a: Ditto|[miss]\n|-miss|p2a: Sprout|p1a: Ditto\n|\n|-heal|p2a: Sprout|35\/100|[from] item: Leftovers\n|upkeep\n|turn|34\n|\n|t:|1701184348\n|move|p1a: Ditto|Poison Jab|p2a: Sprout|[miss]\n|-miss|p1a: Ditto|p2a: Sprout\n|move|p2a: Sprout|Lunge|p1a: Ditto\n|-damage|p1a: Ditto|59\/100\n|-unboost|p1a: Ditto|atk|1\n|\n|-heal|p2a: Sprout|42\/100|[from] item: Leftovers\n|upkeep\n|turn|35\n|\n|t:|1701184365\n|move|p1a: Ditto|Poison Jab|p2a: Sprout\n|-damage|p2a: Sprout|0 fnt\n|faint|p2a: Sprout\n|\n|upkeep\n|c|\u2606BellsproutFan08|gg\n|-message|BellsproutFan08 forfeited.\n|\n|win|Masterofallformats\n|raw|Masterofallformats's rating: 1140 &rarr; <strong>1166<\/strong><br \/>(+26 for winning)\n|raw|BellsproutFan08's rating: 1158 &rarr; <strong>1132<\/strong><br \/>(-26 for losing)\n|l|\u2606BellsproutFan08\n","uploadtime":1701184376,"views":9,"p1id":"masterofallformats","p2id":"bellsproutfan08","formatid":"gen9anythinggoes","rating":1132,"private":0,"password":""}