{"id":"gen9anythinggoes-1992507786","p1":"Future king of ou","p2":"artemisery","format":"[Gen 9] Anything Goes","log":"|j|\u2606Future king of ou\n|j|\u2606artemisery\n|inactive|Battle timer is ON: inactive players will automatically lose when time's up.\n|t:|1700196742\n|gametype|singles\n|player|p1|Future king of ou|alec-anime|\n|player|p2|artemisery|alec-anime|\n|teamsize|p1|6\n|teamsize|p2|6\n|gen|9\n|tier|[Gen 9] Anything Goes\n|rated|Tournament battle\n|rule|HP Percentage Mod: HP is shown in percentages\n|rule|Endless Battle Clause: Forcing endless battles is banned\n|clearpoke\n|poke|p1|Annihilape, M|\n|poke|p1|Arceus-Bug|\n|poke|p1|Arceus|\n|poke|p1|Koraidon|\n|poke|p1|Arceus|\n|poke|p1|Miraidon|\n|poke|p2|Arceus|\n|poke|p2|Arceus-Grass|\n|poke|p2|Arceus-Ghost|\n|poke|p2|Arceus|\n|poke|p2|Zoroark-Hisui, M|\n|poke|p2|Arceus|\n|teampreview\n|\n|t:|1700196748\n|start\n|switch|p1a: Miraidon|Miraidon|100\/100\n|switch|p2a: Arceus|Arceus-Grass|100\/100\n|-fieldstart|move: Electric Terrain|[from] ability: Hadron Engine|[of] p1a: Miraidon\n|turn|1\n|\n|t:|1700196755\n|move|p1a: Miraidon|Dragon Energy|p2a: Arceus\n|-damage|p2a: Arceus|0 fnt\n|faint|p2a: Arceus\n|\n|upkeep\n|j| NoTollsNoRolls\n|\n|t:|1700196767\n|switch|p2a: Arceus|Arceus|100\/100\n|turn|2\n|\n|t:|1700196768\n|move|p1a: Miraidon|Dragon Energy|p2a: Arceus\n|-enditem|p2a: Arceus|Focus Sash\n|-damage|p2a: Arceus|1\/100\n|move|p2a: Arceus|Shell Smash|p2a: Arceus\n|-unboost|p2a: Arceus|def|1\n|-unboost|p2a: Arceus|spd|1\n|-boost|p2a: Arceus|atk|2\n|-boost|p2a: Arceus|spa|2\n|-boost|p2a: Arceus|spe|2\n|\n|upkeep\n|turn|3\n|\n|t:|1700196774\n|switch|p1a: Annihilape|Annihilape, M|100\/100\n|move|p2a: Arceus|Boomburst|p1a: Annihilape\n|-immune|p1a: Annihilape\n|\n|upkeep\n|turn|4\n|\n|t:|1700196781\n|-terastallize|p1a: Annihilape|Normal\n|move|p2a: Arceus|Power Trip|p1a: Annihilape\n|-damage|p1a: Annihilape|12\/100\n|move|p1a: Annihilape|Drain Punch|p2a: Arceus\n|-supereffective|p2a: Arceus\n|-damage|p2a: Arceus|0 fnt\n|-heal|p1a: Annihilape|12\/100|[from] drain|[of] p2a: Arceus\n|faint|p2a: Arceus\n|\n|-heal|p1a: Annihilape|18\/100|[from] item: Leftovers\n|upkeep\n|c|\u2606Future king of ou|Oh\n|\n|t:|1700196789\n|switch|p2a: Arceus|Arceus-Ghost|100\/100\n|turn|5\n|c|\u2606Future king of ou|I forgot\n|\n|t:|1700196794\n|move|p2a: Arceus|Collision Course|p1a: Annihilape\n|-supereffective|p1a: Annihilape\n|-damage|p1a: Annihilape|0 fnt\n|faint|p1a: Annihilape\n|\n|-fieldend|move: Electric Terrain\n|upkeep\n|\n|t:|1700196800\n|switch|p1a: Arceus|Arceus-Bug, shiny|100\/100\n|turn|6\n|\n|t:|1700196803\n|move|p2a: Arceus|Shell Smash|p2a: Arceus\n|-unboost|p2a: Arceus|def|1\n|-unboost|p2a: Arceus|spd|1\n|-boost|p2a: Arceus|atk|2\n|-boost|p2a: Arceus|spa|2\n|-boost|p2a: Arceus|spe|2\n|move|p1a: Arceus|Taunt|p2a: Arceus\n|-start|p2a: Arceus|move: Taunt\n|\n|upkeep\n|turn|7\n|\n|t:|1700196808\n|move|p2a: Arceus|Last Respects|p1a: Arceus\n|-damage|p1a: Arceus|0 fnt\n|faint|p1a: Arceus\n|\n|upkeep\n|\n|t:|1700196823\n|switch|p1a: Koraidon|Koraidon|100\/100\n|-weather|SunnyDay|[from] ability: Orichalcum Pulse|[of] p1a: Koraidon\n|-activate|p1a: Koraidon|Orichalcum Pulse|[source]\n|turn|8\n|\n|t:|1700196829\n|-terastallize|p2a: Arceus|Grass\n|move|p2a: Arceus|Last Respects|p1a: Koraidon\n|-damage|p1a: Koraidon|0 fnt\n|faint|p1a: Koraidon\n|\n|-weather|SunnyDay|[upkeep]\n|upkeep\n|\n|t:|1700196833\n|switch|p1a: Arceus|Arceus, shiny|100\/100\n|turn|9\n|c|\u2606artemisery|oh this isnt the ghost tera\n|\n|t:|1700196838\n|move|p2a: Arceus|Collision Course|p1a: Arceus\n|-supereffective|p1a: Arceus\n|-damage|p1a: Arceus|0 fnt\n|faint|p1a: Arceus\n|\n|-weather|SunnyDay|[upkeep]\n|-end|p2a: Arceus|move: Taunt\n|upkeep\n|\n|t:|1700196840\n|switch|p1a: Arceus|Arceus, shiny|100\/100\n|turn|10\n|c|\u2606artemisery|oopsie\n|c|\u2606Future king of ou|Ggs\n|c|\u2606artemisery|gg\n|c|\u2606Future king of ou|I didn't arceus\n|c|\u2606Future king of ou|Could learn those moves\n|c|\u2606Future king of ou|In stabmons\n|c|\u2606Future king of ou|I thought by stabmons is meant\n|c|\u2606Future king of ou|Related typing\n|inactive|Future king of ou has 120 seconds left.\n|c|\u2606Future king of ou|= moves\n|c|\u2606Future king of ou|Lmao\n|c|\u2606artemisery|moment\n|-message|Future king of ou forfeited.\n|\n|win|artemisery\n|n|\u2606Future king of ou|futurekingofou\n|n|\u2606artemisery|artemisery\n|n| NoTollsNoRolls|notollsnorolls\n","uploadtime":1700196881,"views":7,"p1id":"futurekingofou","p2id":"artemisery","formatid":"gen9anythinggoes","rating":0,"private":0,"password":""}