{"id":"gen9anythinggoes-1988297925","p1":"oosugsagnjkd","p2":"Mesprit20","format":"[Gen 9] Anything Goes","log":"|j|\u2606oosugsagnjkd\n|j|\u2606Mesprit20\n|t:|1699704091\n|gametype|singles\n|player|p1|oosugsagnjkd|pokemonrangerf|1433\n|player|p2|Mesprit20|101|1356\n|teamsize|p1|6\n|teamsize|p2|6\n|gen|9\n|tier|[Gen 9] Anything Goes\n|rated|\n|rule|HP Percentage Mod: HP is shown in percentages\n|rule|Endless Battle Clause: Forcing endless battles is banned\n|clearpoke\n|poke|p1|Sandaconda, M|\n|poke|p1|Scovillain, M|\n|poke|p1|Toxapex, F|\n|poke|p1|Gliscor, M|\n|poke|p1|Ditto|\n|poke|p1|Blissey, F|\n|poke|p2|Basculegion, M|\n|poke|p2|Gengar, F|\n|poke|p2|Jirachi|\n|poke|p2|Drifblim, F|\n|poke|p2|Drifblim, F|\n|poke|p2|Ursaluna-Bloodmoon, M|\n|teampreview\n|\n|t:|1699704096\n|start\n|switch|p1a: The Fortress|Toxapex, F|100\/100\n|switch|p2a: Drifblim|Drifblim, F|100\/100\n|turn|1\n|inactive|Battle timer is ON: inactive players will automatically lose when time's up. (requested by oosugsagnjkd)\n|\n|t:|1699704107\n|move|p2a: Drifblim|Will-O-Wisp|p1a: The Fortress\n|-status|p1a: The Fortress|brn\n|move|p1a: The Fortress|Toxic Spikes|p2a: Drifblim\n|-sidestart|p2: Mesprit20|move: Toxic Spikes\n|\n|-damage|p1a: The Fortress|94\/100 brn|[from] brn\n|upkeep\n|turn|2\n|\n|t:|1699704116\n|move|p2a: Drifblim|Minimize|p2a: Drifblim\n|-boost|p2a: Drifblim|evasion|2\n|move|p1a: The Fortress|Toxic Spikes|p2a: Drifblim\n|-sidestart|p2: Mesprit20|move: Toxic Spikes\n|\n|-heal|p1a: The Fortress|100\/100 brn|[from] item: Leftovers\n|-damage|p1a: The Fortress|94\/100 brn|[from] brn\n|upkeep\n|turn|3\n|\n|t:|1699704126\n|move|p2a: Drifblim|Minimize|p2a: Drifblim\n|-boost|p2a: Drifblim|evasion|2\n|move|p1a: The Fortress|Infestation|p2a: Drifblim|[miss]\n|-miss|p1a: The Fortress|p2a: Drifblim\n|\n|-heal|p1a: The Fortress|100\/100 brn|[from] item: Leftovers\n|-damage|p1a: The Fortress|94\/100 brn|[from] brn\n|upkeep\n|turn|4\n|\n|t:|1699704143\n|move|p2a: Drifblim|Minimize|p2a: Drifblim\n|-boost|p2a: Drifblim|evasion|2\n|move|p1a: The Fortress|Haze|p1a: The Fortress\n|-clearallboost\n|\n|-heal|p1a: The Fortress|100\/100 brn|[from] item: Leftovers\n|-damage|p1a: The Fortress|94\/100 brn|[from] brn\n|upkeep\n|turn|5\n|\n|t:|1699704159\n|switch|p2a: Gengar|Gengar, F|100\/100\n|-sideend|p2: Mesprit20|move: Toxic Spikes|[of] p2a: Gengar\n|move|p1a: The Fortress|Infestation|p2a: Gengar\n|-resisted|p2a: Gengar\n|-damage|p2a: Gengar|99\/100\n|-activate|p2a: Gengar|move: Infestation|[of] p1a: The Fortress\n|\n|-heal|p2a: Gengar|100\/100|[from] item: Leftovers\n|-heal|p1a: The Fortress|100\/100 brn|[from] item: Leftovers\n|-damage|p1a: The Fortress|94\/100 brn|[from] brn\n|-damage|p2a: Gengar|88\/100|[from] move: Infestation|[partiallytrapped]\n|upkeep\n|turn|6\n|\n|t:|1699704174\n|move|p2a: Gengar|Thunderbolt|p1a: The Fortress\n|-supereffective|p1a: The Fortress\n|-damage|p1a: The Fortress|49\/100 brn\n|move|p1a: The Fortress|Toxic Spikes|p2a: Gengar\n|-sidestart|p2: Mesprit20|move: Toxic Spikes\n|\n|-heal|p2a: Gengar|94\/100|[from] item: Leftovers\n|-heal|p1a: The Fortress|55\/100 brn|[from] item: Leftovers\n|-damage|p1a: The Fortress|49\/100 brn|[from] brn\n|-damage|p2a: Gengar|82\/100|[from] move: Infestation|[partiallytrapped]\n|upkeep\n|turn|7\n|\n|t:|1699704188\n|move|p1a: The Fortress|Baneful Bunker|p1a: The Fortress\n|-singleturn|p1a: The Fortress|move: Protect\n|move|p2a: Gengar|Thunderbolt|p1a: The Fortress\n|-activate|p1a: The Fortress|move: Protect\n|\n|-heal|p2a: Gengar|88\/100|[from] item: Leftovers\n|-heal|p1a: The Fortress|55\/100 brn|[from] item: Leftovers\n|-damage|p1a: The Fortress|49\/100 brn|[from] brn\n|-damage|p2a: Gengar|76\/100|[from] move: Infestation|[partiallytrapped]\n|upkeep\n|turn|8\n|\n|t:|1699704202\n|switch|p1a: The ghost surprise|Blissey, F|100\/100\n|move|p2a: Gengar|Thunderbolt|p1a: The ghost surprise\n|-damage|p1a: The ghost surprise|91\/100\n|\n|-heal|p2a: Gengar|82\/100|[from] item: Leftovers\n|-heal|p1a: The ghost surprise|97\/100|[from] item: Leftovers\n|-end|p2a: Gengar|Infestation|[partiallytrapped]|[silent]\n|upkeep\n|turn|9\n|\n|t:|1699704214\n|switch|p2a: Jirachi|Jirachi|100\/100\n|move|p1a: The ghost surprise|Ice Beam|p2a: Jirachi\n|-resisted|p2a: Jirachi\n|-damage|p2a: Jirachi|94\/100\n|\n|-heal|p2a: Jirachi|99\/100|[from] item: Leftovers\n|-heal|p1a: The ghost surprise|100\/100|[from] item: Leftovers\n|upkeep\n|turn|10\n|\n|t:|1699704227\n|move|p2a: Jirachi|Iron Defense|p2a: Jirachi\n|-boost|p2a: Jirachi|def|2\n|move|p1a: The ghost surprise|Body Slam|p2a: Jirachi\n|-resisted|p2a: Jirachi\n|-damage|p2a: Jirachi|98\/100\n|-status|p2a: Jirachi|par\n|\n|-heal|p2a: Jirachi|100\/100 par|[from] item: Leftovers\n|upkeep\n|turn|11\n|\n|t:|1699704238\n|move|p1a: The ghost surprise|Heal Bell|p1a: The ghost surprise\n|-activate|p1a: The ghost surprise|move: Heal Bell\n|-curestatus|p1: The Fortress|brn|[msg]\n|move|p2a: Jirachi|Iron Defense|p2a: Jirachi\n|-boost|p2a: Jirachi|def|2\n|\n|upkeep\n|turn|12\n|\n|t:|1699704249\n|switch|p1a: Thats you|Ditto|100\/100\n|-transform|p1a: Thats you|p2a: Jirachi|[from] ability: Imposter\n|cant|p2a: Jirachi|par\n|\n|upkeep\n|turn|13\n|\n|t:|1699704261\n|move|p1a: Thats you|Wish|p1a: Thats you\n|move|p2a: Jirachi|Iron Defense|p2a: Jirachi\n|-boost|p2a: Jirachi|def|2\n|\n|upkeep\n|turn|14\n|\n|t:|1699704275\n|move|p1a: Thats you|Baton Pass|p1a: Thats you\n|\n|t:|1699704284\n|switch|p1a: The Villain|Scovillain, M|100\/100|[from] Baton Pass\n|cant|p2a: Jirachi|par\n|\n|-ability|p1a: The Villain|Moody|boost\n|-boost|p1a: The Villain|atk|2\n|-unboost|p1a: The Villain|spd|1\n|upkeep\n|turn|15\n|\n|t:|1699704298\n|move|p1a: The Villain|Protect|p1a: The Villain\n|-singleturn|p1a: The Villain|Protect\n|cant|p2a: Jirachi|par\n|\n|-ability|p1a: The Villain|Moody|boost\n|-boost|p1a: The Villain|atk|2\n|-unboost|p1a: The Villain|spd|1\n|upkeep\n|turn|16\n|inactive|Mesprit20 has 120 seconds left.\n|\n|t:|1699704330\n|switch|p1a: The ghost surprise|Blissey, F|100\/100\n|cant|p2a: Jirachi|par\n|\n|upkeep\n|turn|17\n|inactive|Mesprit20 has 120 seconds left.\n|\n|t:|1699704343\n|switch|p1a: Thats you|Ditto|100\/100\n|-transform|p1a: Thats you|p2a: Jirachi|[from] ability: Imposter\n|move|p2a: Jirachi|Baton Pass|p2a: Jirachi\n|inactive|Mesprit20 has 120 seconds left.\n|\n|t:|1699704354\n|switch|p2a: Drifblim|Drifblim, F|100\/100|[from] Baton Pass\n|\n|upkeep\n|turn|18\n|inactive|Mesprit20 has 120 seconds left.\n|\n|t:|1699704362\n|move|p2a: Drifblim|Minimize|p2a: Drifblim\n|-boost|p2a: Drifblim|evasion|2\n|move|p1a: Thats you|Stored Power|p2a: Drifblim\n|-damage|p2a: Drifblim|54\/100\n|\n|upkeep\n|turn|19\n|inactive|Mesprit20 has 120 seconds left.\n|\n|t:|1699704379\n|move|p2a: Drifblim|Minimize|p2a: Drifblim\n|-boost|p2a: Drifblim|evasion|2\n|move|p1a: Thats you|Wish|p1a: Thats you\n|\n|upkeep\n|turn|20\n|inactive|Mesprit20 has 120 seconds left.\n|\n|t:|1699704393\n|move|p2a: Drifblim|Minimize|p2a: Drifblim\n|-boost|p2a: Drifblim|evasion|2\n|move|p1a: Thats you|Baton Pass|p1a: Thats you\n|j| cheese miestro\n|\n|t:|1699704398\n|switch|p1a: The Fortress|Toxapex, F|82\/100|[from] Baton Pass\n|\n|-heal|p1a: The Fortress|100\/100|[from] move: Wish|[wisher] Thats you\n|upkeep\n|turn|21\n|l| cheese miestro\n|\n|t:|1699704407\n|-terastallize|p1a: The Fortress|Dark\n|move|p2a: Drifblim|Stored Power|p1a: The Fortress\n|-immune|p1a: The Fortress\n|move|p1a: The Fortress|Haze|p1a: The Fortress\n|-clearallboost\n|\n|upkeep\n|turn|22\n|\n|t:|1699704420\n|switch|p2a: Gengar|Gengar, F|82\/100\n|-sideend|p2: Mesprit20|move: Toxic Spikes|[of] p2a: Gengar\n|move|p1a: The Fortress|Infestation|p2a: Gengar\n|-resisted|p2a: Gengar\n|-damage|p2a: Gengar|81\/100\n|-activate|p2a: Gengar|move: Infestation|[of] p1a: The Fortress\n|-start|p1a: The Fortress|Disable|Infestation|[from] ability: Cursed Body|[of] p2a: Gengar\n|\n|-heal|p2a: Gengar|87\/100|[from] item: Leftovers\n|-damage|p2a: Gengar|75\/100|[from] move: Infestation|[partiallytrapped]\n|upkeep\n|turn|23\n|\n|t:|1699704432\n|move|p2a: Gengar|Dazzling Gleam|p1a: The Fortress\n|-supereffective|p1a: The Fortress\n|-damage|p1a: The Fortress|62\/100\n|move|p1a: The Fortress|Toxic Spikes|p2a: Gengar\n|-sidestart|p2: Mesprit20|move: Toxic Spikes\n|\n|-heal|p2a: Gengar|81\/100|[from] item: Leftovers\n|-heal|p1a: The Fortress|68\/100|[from] item: Leftovers\n|-damage|p2a: Gengar|69\/100|[from] move: Infestation|[partiallytrapped]\n|upkeep\n|turn|24\n|\n|t:|1699704445\n|move|p1a: The Fortress|Baneful Bunker|p1a: The Fortress\n|-singleturn|p1a: The Fortress|move: Protect\n|move|p2a: Gengar|Dazzling Gleam|p1a: The Fortress\n|-activate|p1a: The Fortress|move: Protect\n|\n|-heal|p2a: Gengar|75\/100|[from] item: Leftovers\n|-heal|p1a: The Fortress|74\/100|[from] item: Leftovers\n|-damage|p2a: Gengar|63\/100|[from] move: Infestation|[partiallytrapped]\n|upkeep\n|turn|25\n|\n|t:|1699704459\n|switch|p1a: The ghost surprise|Blissey, F|100\/100\n|move|p2a: Gengar|Dazzling Gleam|p1a: The ghost surprise\n|-damage|p1a: The ghost surprise|91\/100\n|\n|-heal|p2a: Gengar|69\/100|[from] item: Leftovers\n|-heal|p1a: The ghost surprise|97\/100|[from] item: Leftovers\n|-end|p2a: Gengar|Infestation|[partiallytrapped]|[silent]\n|upkeep\n|turn|26\n|inactive|Mesprit20 has 120 seconds left.\n|\n|t:|1699704476\n|switch|p2a: Drifblim|Drifblim, F|100\/100\n|move|p1a: The ghost surprise|Ice Beam|p2a: Drifblim\n|-supereffective|p2a: Drifblim\n|-damage|p2a: Drifblim|58\/100\n|\n|-heal|p1a: The ghost surprise|100\/100|[from] item: Leftovers\n|upkeep\n|turn|27\n|inactive|Mesprit20 has 120 seconds left.\n|\n|t:|1699704489\n|move|p2a: Drifblim|Minimize|p2a: Drifblim\n|-boost|p2a: Drifblim|evasion|2\n|move|p1a: The ghost surprise|Ice Beam|p2a: Drifblim|[miss]\n|-miss|p1a: The ghost surprise|p2a: Drifblim\n|\n|upkeep\n|turn|28\n|inactive|Mesprit20 has 120 seconds left.\n|\n|t:|1699704500\n|switch|p1a: The Fortress|Toxapex, F, tera:Dark|100\/100\n|move|p2a: Drifblim|Minimize|p2a: Drifblim\n|-boost|p2a: Drifblim|evasion|2\n|\n|upkeep\n|turn|29\n|inactive|Mesprit20 has 120 seconds left.\n|\n|t:|1699704510\n|move|p2a: Drifblim|Baton Pass|p2a: Drifblim\n|inactive|Mesprit20 has 120 seconds left.\n|\n|t:|1699704522\n|switch|p2a: Ursaluna|Ursaluna-Bloodmoon, M|100\/100|[from] Baton Pass\n|-status|p2a: Ursaluna|psn\n|move|p1a: The Fortress|Haze|p1a: The Fortress\n|-clearallboost\n|\n|-damage|p2a: Ursaluna|88\/100 psn|[from] psn\n|upkeep\n|turn|30\n|inactive|Mesprit20 has 120 seconds left.\n|\n|t:|1699704534\n|switch|p1a: The ghost surprise|Blissey, F|100\/100\n|move|p2a: Ursaluna|Blood Moon|p1a: The ghost surprise\n|-damage|p1a: The ghost surprise|75\/100\n|\n|-heal|p1a: The ghost surprise|81\/100|[from] item: Leftovers\n|-heal|p2a: Ursaluna|94\/100 psn|[from] item: Leftovers\n|-damage|p2a: Ursaluna|82\/100 psn|[from] psn\n|upkeep\n|turn|31\n|inactive|Mesprit20 has 120 seconds left.\n|n|!Mesprit20|mesprit20\n|-message|Mesprit20 forfeited.\n|\n|win|oosugsagnjkd\n|raw|oosugsagnjkd's rating: 1433 &rarr; <strong>1449<\/strong><br \/>(+16 for winning)\n|raw|Mesprit20's rating: 1356 &rarr; <strong>1340<\/strong><br \/>(-16 for losing)\n|l|!Mesprit20\n","uploadtime":1699704560,"views":7,"p1id":"oosugsagnjkd","p2id":"mesprit20","formatid":"gen9anythinggoes","rating":1340,"private":0,"password":""}