{"id":"gen9anythinggoes-1999005603","p1":"rainydaysman","p2":"mystigen","format":"[Gen 9] Anything Goes","log":"|j|\u2606rainydaysman\n|j|\u2606mystigen\n|inactive|Battle timer is ON: inactive players will automatically lose when time's up.\n|t:|1701023058\n|gametype|singles\n|player|p1|rainydaysman|dawn|\n|player|p2|mystigen|lass-gen4dp|\n|teamsize|p1|6\n|teamsize|p2|6\n|gen|9\n|tier|[Gen 9] Anything Goes\n|rated|Tournament battle\n|rule|HP Percentage Mod: HP is shown in percentages\n|rule|Endless Battle Clause: Forcing endless battles is banned\n|clearpoke\n|poke|p1|Calyrex-Shadow|\n|poke|p1|Ribombee, M|\n|poke|p1|Great Tusk|\n|poke|p1|Arceus-Ground|\n|poke|p1|Zacian-*|\n|poke|p1|Miraidon|\n|poke|p2|Arceus-Fairy|\n|poke|p2|Ting-Lu|\n|poke|p2|Koraidon|\n|poke|p2|Arceus|\n|poke|p2|Calyrex-Shadow|\n|poke|p2|Toxapex, F|\n|teampreview\n|inactive|mystigen also wants the timer to be on.\n|inactive|rainydaysman also wants the timer to be on.\n|\n|t:|1701023069\n|start\n|switch|p1a: Ribombee|Ribombee, M, shiny|100\/100\n|switch|p2a: Arceus|Arceus-Fairy|100\/100\n|turn|1\n|\n|t:|1701023079\n|move|p1a: Ribombee|Sticky Web|p2a: Arceus\n|-sidestart|p2: mystigen|move: Sticky Web\n|move|p2a: Arceus|Calm Mind|p2a: Arceus\n|-boost|p2a: Arceus|spa|1\n|-boost|p2a: Arceus|spd|1\n|\n|upkeep\n|turn|2\n|\n|t:|1701023082\n|move|p1a: Ribombee|Stun Spore|p2a: Arceus\n|-status|p2a: Arceus|par\n|cant|p2a: Arceus|par\n|\n|upkeep\n|turn|3\n|j|+Primordiallite\n|\n|t:|1701023085\n|move|p1a: Ribombee|Moonblast|p2a: Arceus\n|-damage|p2a: Arceus|85\/100 par\n|-unboost|p2a: Arceus|spa|1\n|move|p2a: Arceus|Calm Mind|p2a: Arceus\n|-boost|p2a: Arceus|spa|1\n|-boost|p2a: Arceus|spd|1\n|\n|upkeep\n|turn|4\n|\n|t:|1701023088\n|move|p1a: Ribombee|Moonblast|p2a: Arceus\n|-damage|p2a: Arceus|75\/100 par\n|move|p2a: Arceus|Recover|p2a: Arceus\n|-heal|p2a: Arceus|100\/100 par\n|\n|upkeep\n|turn|5\n|\n|t:|1701023092\n|move|p1a: Ribombee|Moonblast|p2a: Arceus\n|-damage|p2a: Arceus|91\/100 par\n|-unboost|p2a: Arceus|spa|1\n|move|p2a: Arceus|Calm Mind|p2a: Arceus\n|-boost|p2a: Arceus|spa|1\n|-boost|p2a: Arceus|spd|1\n|\n|upkeep\n|turn|6\n|\n|t:|1701023096\n|move|p1a: Ribombee|U-turn|p2a: Arceus\n|-resisted|p2a: Arceus\n|-damage|p2a: Arceus|88\/100 par\n|\n|t:|1701023098\n|switch|p1a: Zacian|Zacian-Crowned, shiny|100\/100|[from] U-turn\n|-ability|p1a: Zacian|Intrepid Sword|boost\n|-boost|p1a: Zacian|atk|1\n|move|p2a: Arceus|Calm Mind|p2a: Arceus\n|-boost|p2a: Arceus|spa|1\n|-boost|p2a: Arceus|spd|1\n|\n|upkeep\n|turn|7\n|\n|t:|1701023101\n|-terastallize|p2a: Arceus|Poison\n|move|p1a: Zacian|Behemoth Blade|p2a: Arceus\n|-damage|p2a: Arceus|44\/100 par\n|cant|p2a: Arceus|par\n|\n|upkeep\n|turn|8\n|\n|t:|1701023105\n|move|p1a: Zacian|Behemoth Blade|p2a: Arceus\n|-damage|p2a: Arceus|1\/100 par\n|move|p2a: Arceus|Recover|p2a: Arceus\n|-heal|p2a: Arceus|51\/100 par\n|\n|upkeep\n|turn|9\n|\n|t:|1701023113\n|move|p1a: Zacian|Behemoth Blade|p2a: Arceus\n|-damage|p2a: Arceus|12\/100 par\n|move|p2a: Arceus|Will-O-Wisp|p1a: Zacian\n|-status|p1a: Zacian|brn\n|\n|-damage|p1a: Zacian|94\/100 brn|[from] brn\n|upkeep\n|turn|10\n|\n|t:|1701023119\n|move|p1a: Zacian|Behemoth Blade|p2a: Arceus\n|-damage|p2a: Arceus|0 fnt\n|faint|p2a: Arceus\n|\n|-damage|p1a: Zacian|88\/100 brn|[from] brn\n|upkeep\n|\n|t:|1701023123\n|switch|p2a: Toxapex|Toxapex, F|100\/100\n|-activate|p2a: Toxapex|move: Sticky Web\n|-unboost|p2a: Toxapex|spe|1\n|turn|11\n|\n|t:|1701023129\n|move|p1a: Zacian|Behemoth Blade|p2a: Toxapex\n|-resisted|p2a: Toxapex\n|-damage|p2a: Toxapex|87\/100\n|-damage|p1a: Zacian|72\/100 brn|[from] item: Rocky Helmet|[of] p2a: Toxapex\n|move|p2a: Toxapex|Infestation|p1a: Zacian\n|-resisted|p1a: Zacian\n|-damage|p1a: Zacian|71\/100 brn\n|-activate|p1a: Zacian|move: Infestation|[of] p2a: Toxapex\n|\n|-damage|p1a: Zacian|65\/100 brn|[from] brn\n|-damage|p1a: Zacian|52\/100 brn|[from] move: Infestation|[partiallytrapped]\n|upkeep\n|turn|12\n|\n|t:|1701023133\n|move|p1a: Zacian|Behemoth Blade|p2a: Toxapex\n|-resisted|p2a: Toxapex\n|-damage|p2a: Toxapex|74\/100\n|-damage|p1a: Zacian|36\/100 brn|[from] item: Rocky Helmet|[of] p2a: Toxapex\n|move|p2a: Toxapex|Haze|p2a: Toxapex\n|-clearallboost\n|\n|-damage|p1a: Zacian|30\/100 brn|[from] brn\n|-damage|p1a: Zacian|17\/100 brn|[from] move: Infestation|[partiallytrapped]\n|upkeep\n|turn|13\n|\n|t:|1701023137\n|move|p1a: Zacian|Behemoth Blade|p2a: Toxapex\n|-resisted|p2a: Toxapex\n|-damage|p2a: Toxapex|66\/100\n|-damage|p1a: Zacian|1\/100 brn|[from] item: Rocky Helmet|[of] p2a: Toxapex\n|move|p2a: Toxapex|Infestation|p1a: Zacian\n|-resisted|p1a: Zacian\n|-damage|p1a: Zacian|0 fnt\n|faint|p1a: Zacian\n|\n|upkeep\n|\n|t:|1701023143\n|switch|p1a: Ribombee|Ribombee, M, shiny|100\/100\n|turn|14\n|\n|t:|1701023148\n|move|p1a: Ribombee|Stun Spore|p2a: Toxapex\n|-status|p2a: Toxapex|par\n|move|p2a: Toxapex|Toxic|p1a: Ribombee\n|-status|p1a: Ribombee|tox\n|\n|-damage|p1a: Ribombee|94\/100 tox|[from] psn\n|upkeep\n|turn|15\n|l|+Primordiallite\n|\n|t:|1701023157\n|move|p1a: Ribombee|U-turn|p2a: Toxapex\n|-resisted|p2a: Toxapex\n|-damage|p2a: Toxapex|62\/100 par\n|-damage|p1a: Ribombee|78\/100 tox|[from] item: Rocky Helmet|[of] p2a: Toxapex\n|\n|t:|1701023160\n|switch|p1a: Great Tusk|Great Tusk|100\/100|[from] U-turn\n|move|p2a: Toxapex|Infestation|p1a: Great Tusk\n|-resisted|p1a: Great Tusk\n|-damage|p1a: Great Tusk|99\/100\n|-activate|p1a: Great Tusk|move: Infestation|[of] p2a: Toxapex\n|\n|-damage|p1a: Great Tusk|87\/100|[from] move: Infestation|[partiallytrapped]\n|upkeep\n|turn|16\n|\n|t:|1701023169\n|switch|p2a: Arceus|Arceus|100\/100\n|move|p1a: Great Tusk|Earthquake|p2a: Arceus\n|-damage|p2a: Arceus|72\/100\n|\n|-end|p1a: Great Tusk|Infestation|[partiallytrapped]|[silent]\n|upkeep\n|turn|17\n|j| HeavenBurningLight\n|\n|t:|1701023175\n|move|p2a: Arceus|Earthquake|p1a: Great Tusk\n|-damage|p1a: Great Tusk|68\/100\n|move|p1a: Great Tusk|Brick Break|p2a: Arceus\n|-supereffective|p2a: Arceus\n|-damage|p2a: Arceus|27\/100\n|\n|upkeep\n|turn|18\n|\n|t:|1701023179\n|move|p2a: Arceus|Earthquake|p1a: Great Tusk\n|-damage|p1a: Great Tusk|48\/100\n|move|p1a: Great Tusk|Knock Off|p2a: Arceus\n|-damage|p2a: Arceus|8\/100\n|-enditem|p2a: Arceus|Heavy-Duty Boots|[from] move: Knock Off|[of] p1a: Great Tusk\n|\n|upkeep\n|turn|19\n|\n|t:|1701023183\n|-end|p1a: Great Tusk|Protosynthesis|[silent]\n|switch|p1a: Ribombee|Ribombee, M, shiny|78\/100 tox\n|move|p2a: Arceus|Earthquake|p1a: Ribombee\n|-resisted|p1a: Ribombee\n|-damage|p1a: Ribombee|52\/100 tox\n|\n|-damage|p1a: Ribombee|46\/100 tox|[from] psn\n|upkeep\n|turn|20\n|\n|t:|1701023187\n|move|p2a: Arceus|Extreme Speed|p1a: Ribombee\n|-damage|p1a: Ribombee|0 fnt\n|faint|p1a: Ribombee\n|\n|upkeep\n|\n|t:|1701023193\n|switch|p1a: Arceus|Arceus-Ground, shiny|100\/100\n|turn|21\n|\n|t:|1701023196\n|move|p2a: Arceus|Extreme Speed|p1a: Arceus\n|-damage|p1a: Arceus|72\/100\n|move|p1a: Arceus|Dragon Dance|p1a: Arceus\n|-boost|p1a: Arceus|atk|1\n|-boost|p1a: Arceus|spe|1\n|\n|upkeep\n|turn|22\n|\n|t:|1701023200\n|move|p2a: Arceus|Extreme Speed|p1a: Arceus\n|-damage|p1a: Arceus|43\/100\n|move|p1a: Arceus|Recover|p1a: Arceus\n|-heal|p1a: Arceus|93\/100\n|\n|upkeep\n|turn|23\n|\n|t:|1701023203\n|move|p1a: Arceus|Tera Blast|p2a: Arceus\n|-damage|p2a: Arceus|0 fnt\n|faint|p2a: Arceus\n|\n|upkeep\n|\n|t:|1701023206\n|switch|p2a: Ting-Lu|Ting-Lu|100\/100\n|-activate|p2a: Ting-Lu|move: Sticky Web\n|-unboost|p2a: Ting-Lu|spe|1\n|-ability|p2a: Ting-Lu|Vessel of Ruin\n|turn|24\n|\n|t:|1701023213\n|move|p1a: Arceus|Earthquake|p2a: Ting-Lu\n|-damage|p2a: Ting-Lu|55\/100\n|move|p2a: Ting-Lu|Whirlwind|p1a: Arceus\n|drag|p1a: Great Tusk|Great Tusk|48\/100\n|\n|-heal|p2a: Ting-Lu|61\/100|[from] item: Leftovers\n|upkeep\n|turn|25\n|\n|t:|1701023219\n|move|p1a: Great Tusk|Knock Off|p2a: Ting-Lu\n|-resisted|p2a: Ting-Lu\n|-damage|p2a: Ting-Lu|54\/100\n|-enditem|p2a: Ting-Lu|Leftovers|[from] move: Knock Off|[of] p1a: Great Tusk\n|move|p2a: Ting-Lu|Stealth Rock|p1a: Great Tusk\n|-sidestart|p1: rainydaysman|move: Stealth Rock\n|\n|upkeep\n|turn|26\n|\n|t:|1701023225\n|move|p1a: Great Tusk|Rapid Spin|p2a: Ting-Lu\n|-damage|p2a: Ting-Lu|46\/100\n|-boost|p1a: Great Tusk|spe|1\n|-sideend|p1: rainydaysman|Stealth Rock|[from] move: Rapid Spin|[of] p1a: Great Tusk\n|move|p2a: Ting-Lu|Spikes|p1a: Great Tusk\n|-sidestart|p1: rainydaysman|Spikes\n|\n|upkeep\n|turn|27\n|\n|t:|1701023227\n|move|p1a: Great Tusk|Rapid Spin|p2a: Ting-Lu\n|-damage|p2a: Ting-Lu|37\/100\n|-boost|p1a: Great Tusk|spe|1\n|-sideend|p1: rainydaysman|Spikes|[from] move: Rapid Spin|[of] p1a: Great Tusk\n|move|p2a: Ting-Lu|Earthquake|p1a: Great Tusk\n|-damage|p1a: Great Tusk|25\/100\n|\n|upkeep\n|turn|28\n|\n|t:|1701023235\n|-end|p1a: Great Tusk|Protosynthesis|[silent]\n|switch|p1a: Arceus|Arceus-Ground, shiny|93\/100\n|move|p2a: Ting-Lu|Earthquake|p1a: Arceus\n|-damage|p1a: Arceus|66\/100\n|\n|upkeep\n|turn|29\n|\n|t:|1701023239\n|move|p1a: Arceus|Earthquake|p2a: Ting-Lu\n|-damage|p2a: Ting-Lu|5\/100\n|move|p2a: Ting-Lu|Stealth Rock|p1a: Arceus\n|-sidestart|p1: rainydaysman|move: Stealth Rock\n|\n|upkeep\n|turn|30\n|\n|t:|1701023242\n|move|p1a: Arceus|Earthquake|p2a: Ting-Lu\n|-damage|p2a: Ting-Lu|0 fnt\n|faint|p2a: Ting-Lu\n|\n|upkeep\n|\n|t:|1701023244\n|switch|p2a: Calyrex|Calyrex-Shadow|100\/100\n|-ability|p2a: Calyrex|As One\n|-ability|p2a: Calyrex|Unnerve\n|turn|31\n|\n|t:|1701023247\n|move|p2a: Calyrex|Astral Barrage|p1a: Arceus\n|-damage|p1a: Arceus|11\/100\n|move|p1a: Arceus|Earthquake|p2a: Calyrex\n|-damage|p2a: Calyrex|25\/100\n|\n|upkeep\n|turn|32\n|\n|t:|1701023250\n|move|p2a: Calyrex|Astral Barrage|p1a: Arceus\n|-damage|p1a: Arceus|0 fnt\n|faint|p1a: Arceus\n|-ability|p2a: Calyrex|Grim Neigh|boost\n|-boost|p2a: Calyrex|spa|1\n|\n|upkeep\n|\n|t:|1701023252\n|switch|p1a: Miraidon|Miraidon|100\/100\n|-damage|p1a: Miraidon|88\/100|[from] Stealth Rock\n|-fieldstart|move: Electric Terrain|[from] ability: Hadron Engine|[of] p1a: Miraidon\n|turn|33\n|\n|t:|1701023254\n|switch|p2a: Toxapex|Toxapex, F|95\/100 par\n|-activate|p2a: Toxapex|move: Sticky Web\n|-unboost|p2a: Toxapex|spe|1\n|move|p1a: Miraidon|Volt Switch|p2a: Toxapex\n|-supereffective|p2a: Toxapex\n|-damage|p2a: Toxapex|0 fnt\n|faint|p2a: Toxapex\n|\n|t:|1701023264\n|switch|p1a: Great Tusk|Great Tusk|25\/100|[from] Volt Switch\n|-damage|p1a: Great Tusk|22\/100|[from] Stealth Rock\n|\n|upkeep\n|\n|t:|1701023278\n|switch|p2a: Calyrex|Calyrex-Shadow|25\/100\n|-ability|p2a: Calyrex|As One\n|-ability|p2a: Calyrex|Unnerve\n|turn|34\n|\n|t:|1701023282\n|move|p2a: Calyrex|Astral Barrage|p1a: Great Tusk\n|-damage|p1a: Great Tusk|0 fnt\n|faint|p1a: Great Tusk\n|-end|p1a: Great Tusk|Protosynthesis|[silent]\n|-ability|p2a: Calyrex|Grim Neigh|boost\n|-boost|p2a: Calyrex|spa|1\n|\n|upkeep\n|\n|t:|1701023285\n|switch|p1a: Miraidon|Miraidon|88\/100\n|-damage|p1a: Miraidon|76\/100|[from] Stealth Rock\n|-activate|p1a: Miraidon|ability: Hadron Engine\n|turn|35\n|\n|t:|1701023300\n|move|p1a: Miraidon|Dazzling Gleam|p2a: Calyrex\n|-damage|p2a: Calyrex|0 fnt\n|faint|p2a: Calyrex\n|\n|upkeep\n|\n|t:|1701023302\n|switch|p2a: Koraidon|Koraidon|100\/100\n|-activate|p2a: Koraidon|move: Sticky Web\n|-unboost|p2a: Koraidon|spe|1\n|-weather|SunnyDay|[from] ability: Orichalcum Pulse|[of] p2a: Koraidon\n|-activate|p2a: Koraidon|Orichalcum Pulse|[source]\n|turn|36\n|\n|t:|1701023305\n|-terastallize|p1a: Miraidon|Fairy\n|move|p1a: Miraidon|Dazzling Gleam|p2a: Koraidon\n|-supereffective|p2a: Koraidon\n|-damage|p2a: Koraidon|0 fnt\n|faint|p2a: Koraidon\n|\n|win|rainydaysman\n|n|\u2606rainydaysman|rainydaysman\n|n|\u2606mystigen|mystigen\n|n| HeavenBurningLight|heavenburninglight\n","uploadtime":1701023306,"views":8,"p1id":"rainydaysman","p2id":"mystigen","formatid":"gen9anythinggoes","rating":0,"private":0,"password":""}