{"id":"gen9anythinggoes-1977759054","p1":"godnotagain2","p2":"Lass Veronica","format":"[Gen 9] Anything Goes","log":"|j|\u2606godnotagain2\n|j|\u2606Lass Veronica\n|t:|1698446229\n|gametype|singles\n|player|p1|godnotagain2|101|1053\n|player|p2|Lass Veronica|psychicf-gen4|1131\n|teamsize|p1|6\n|teamsize|p2|6\n|gen|9\n|tier|[Gen 9] Anything Goes\n|rated|\n|rule|HP Percentage Mod: HP is shown in percentages\n|rule|Endless Battle Clause: Forcing endless battles is banned\n|clearpoke\n|poke|p1|Skeledirge, M|\n|poke|p1|Garganacl, F|\n|poke|p1|Garchomp, F|\n|poke|p1|Kilowattrel, F|\n|poke|p1|Great Tusk|\n|poke|p1|Lilligant-Hisui, F|\n|poke|p2|Meloetta|\n|poke|p2|Skeledirge, F|\n|poke|p2|Scream Tail|\n|poke|p2|Toxtricity, M|\n|poke|p2|Oricorio-Sensu, F|\n|poke|p2|Oricorio-Pom-Pom, F|\n|teampreview\n|\n|t:|1698446238\n|start\n|switch|p1a: Kilowattrel|Kilowattrel, F|100\/100\n|switch|p2a: Toxtricity|Toxtricity, M|100\/100\n|turn|1\n|\n|t:|1698446244\n|move|p1a: Kilowattrel|Thunderbolt|p2a: Toxtricity\n|-resisted|p2a: Toxtricity\n|-damage|p2a: Toxtricity|61\/100\n|move|p2a: Toxtricity|Boomburst|p1a: Kilowattrel\n|-damage|p1a: Kilowattrel|0 fnt\n|faint|p1a: Kilowattrel\n|\n|upkeep\n|\n|t:|1698446249\n|switch|p1a: Garchomp|Garchomp, F, shiny|100\/100\n|turn|2\n|\n|t:|1698446253\n|move|p1a: Garchomp|Earthquake|p2a: Toxtricity\n|-supereffective|p2a: Toxtricity\n|-damage|p2a: Toxtricity|0 fnt\n|faint|p2a: Toxtricity\n|\n|upkeep\n|\n|t:|1698446257\n|switch|p2a: Oricorio|Oricorio-Pom-Pom, F, shiny|100\/100\n|turn|3\n|\n|t:|1698446268\n|move|p1a: Garchomp|Scale Shot|p2a: Oricorio\n|-damage|p2a: Oricorio|89\/100\n|-damage|p2a: Oricorio|77\/100\n|-damage|p2a: Oricorio|65\/100\n|-damage|p2a: Oricorio|52\/100\n|-damage|p2a: Oricorio|40\/100\n|-hitcount|p2a: Oricorio|5\n|-unboost|p1a: Garchomp|def|1\n|-boost|p1a: Garchomp|spe|1\n|move|p2a: Oricorio|Safeguard|p2a: Oricorio\n|-sidestart|p2: Lass Veronica|Safeguard\n|\n|upkeep\n|turn|4\n|\n|t:|1698446281\n|move|p1a: Garchomp|Swords Dance|p1a: Garchomp\n|-boost|p1a: Garchomp|atk|2\n|-activate|p2a: Oricorio|ability: Dancer\n|move|p2a: Oricorio|Swords Dance|p2a: Oricorio|[from]ability: Dancer\n|-boost|p2a: Oricorio|atk|2\n|move|p2a: Oricorio|Roost|p2a: Oricorio\n|-heal|p2a: Oricorio|90\/100\n|-singleturn|p2a: Oricorio|move: Roost\n|\n|upkeep\n|turn|5\n|\n|t:|1698446293\n|move|p1a: Garchomp|Scale Shot|p2a: Oricorio\n|-damage|p2a: Oricorio|66\/100\n|-damage|p2a: Oricorio|38\/100\n|-damage|p2a: Oricorio|12\/100\n|-damage|p2a: Oricorio|0 fnt\n|faint|p2a: Oricorio\n|-hitcount|p2: Oricorio|4\n|-unboost|p1a: Garchomp|def|1\n|-boost|p1a: Garchomp|spe|1\n|\n|upkeep\n|\n|t:|1698446302\n|switch|p2a: Oricorio|Oricorio-Sensu, F|100\/100\n|turn|6\n|\n|t:|1698446307\n|switch|p2a: Scream Tail|Scream Tail|100\/100\n|move|p1a: Garchomp|Scale Shot|p2a: Scream Tail\n|-immune|p2a: Scream Tail\n|\n|upkeep\n|turn|7\n|\n|t:|1698446314\n|move|p1a: Garchomp|Iron Head|p2a: Scream Tail\n|-supereffective|p2a: Scream Tail\n|-damage|p2a: Scream Tail|9\/100\n|move|p2a: Scream Tail|Uproar|p1a: Garchomp\n|-damage|p1a: Garchomp|86\/100\n|-start|p2a: Scream Tail|Uproar\n|\n|-heal|p2a: Scream Tail|15\/100|[from] item: Leftovers\n|-sideend|p2: Lass Veronica|Safeguard\n|-start|p2a: Scream Tail|Uproar|[upkeep]\n|upkeep\n|turn|8\n|\n|t:|1698446327\n|move|p1a: Garchomp|Earthquake|p2a: Scream Tail\n|-damage|p2a: Scream Tail|0 fnt\n|faint|p2a: Scream Tail\n|-end|p2a: Scream Tail|Protosynthesis|[silent]\n|\n|upkeep\n|-message|Lass Veronica forfeited.\n|\n|win|godnotagain2\n|raw|godnotagain2's rating: 1083 &rarr; <strong>1114<\/strong><br \/>(+31 for winning)\n|raw|Lass Veronica's rating: 1131 &rarr; <strong>1103<\/strong><br \/>(-28 for losing)\n|l|\u2606Lass Veronica\n","uploadtime":1698446333,"views":7,"p1id":"godnotagain2","p2id":"lassveronica","formatid":"gen9anythinggoes","rating":1103,"private":0,"password":""}