{"id":"gen9anythinggoes-1981052963","p1":"joseiturribarria","p2":"TestProject","format":"[Gen 9] Anything Goes","log":"|j|\u2606joseiturribarria\n|j|\u2606TestProject\n|t:|1698859859\n|gametype|singles\n|player|p1|joseiturribarria|169|1276\n|player|p2|TestProject|170|1258\n|teamsize|p1|6\n|teamsize|p2|6\n|gen|9\n|tier|[Gen 9] Anything Goes\n|rated|\n|rule|HP Percentage Mod: HP is shown in percentages\n|rule|Endless Battle Clause: Forcing endless battles is banned\n|clearpoke\n|poke|p1|Volcarona, F|\n|poke|p1|Garganacl, M|\n|poke|p1|Maushold-Four|\n|poke|p1|Cloyster, F|\n|poke|p1|Scovillain, M|\n|poke|p1|Espathra, F|\n|poke|p2|Torterra, M|\n|poke|p2|Orthworm, F|\n|poke|p2|Heracross, M|\n|poke|p2|Zoroark-Hisui, F|\n|poke|p2|Ribombee, F|\n|poke|p2|Drednaw, M|\n|teampreview\n|\n|t:|1698859879\n|start\n|switch|p1a: Volcarona|Volcarona, F, shiny|100\/100\n|switch|p2a: Drednaw|Drednaw, M|100\/100\n|turn|1\n|j| brianbass\n|c| brianbass|L+ratio+get better+No Father+xD+Mad u lost to a beginner\n|\n|t:|1698859886\n|move|p2a: Drednaw|Taunt|p1a: Volcarona\n|-start|p1a: Volcarona|move: Taunt\n|cant|p1a: Volcarona|move: Taunt|Quiver Dance\n|\n|upkeep\n|turn|2\n|c| brianbass|lol\n|c| brianbass|bros mad?\n|c| brianbass|jose\n|c| brianbass|hes trash\n|c| brianbass|dont worry\n|c| brianbass|lol\n|c| brianbass|hes a    S S\n|c| brianbass|lmfaoooooooo\n|c| brianbass|gonna pick kid\n|c| brianbass|lmfaooooo\n|c| brianbass|xddddddd\n|c| brianbass|bro lefat\n|c| brianbass|left\n|\n|t:|1698859957\n|move|p2a: Drednaw|Memento|p1a: Volcarona\n|-unboost|p1a: Volcarona|atk|2\n|-unboost|p1a: Volcarona|spa|2\n|faint|p2a: Drednaw\n|move|p1a: Volcarona|Giga Drain|p2: Zoroark|[notarget]\n|-fail|p1a: Volcarona\n|\n|upkeep\n|c| brianbass|ur baddddd\n|\n|t:|1698859968\n|switch|p2a: Drednaw|Drednaw, M|100\/100\n|turn|3\n|c| brianbass|test project sucks\n|c| brianbass|its aight dw\n|\n|t:|1698859975\n|-terastallize|p2a: Drednaw|Water\n|move|p1a: Volcarona|Giga Drain|p2a: Drednaw\n|-supereffective|p2a: Drednaw\n|-damage|p2a: Drednaw|64\/100\n|move|p2a: Drednaw|Shell Smash|p2a: Drednaw\n|-unboost|p2a: Drednaw|def|1\n|-unboost|p2a: Drednaw|spd|1\n|-boost|p2a: Drednaw|atk|2\n|-boost|p2a: Drednaw|spa|2\n|-boost|p2a: Drednaw|spe|2\n|\n|-end|p1a: Volcarona|move: Taunt\n|upkeep\n|turn|4\n|c| brianbass|LOL\n|\n|t:|1698859985\n|move|p2a: Drednaw|Liquidation|p1a: Volcarona\n|-supereffective|p1a: Volcarona\n|-damage|p1a: Volcarona|0 fnt\n|faint|p1a: Volcarona\n|\n|upkeep\n|c| brianbass|jose if u die\n|c| brianbass|to this bum\n|c| brianbass|im finna laugh\n|\n|t:|1698860003\n|switch|p1a: Cloyster|Cloyster, F, shiny|100\/100\n|turn|5\n|c| brianbass|pls dont\n|c| brianbass|bro\n|c| brianbass|i beg of u\n|c| brianbass|gang\n|\n|t:|1698860022\n|move|p2a: Drednaw|Jaw Lock|p1a: Cloyster\n|-damage|p1a: Cloyster|29\/100\n|-activate|p2a: Drednaw|trapped\n|-activate|p1a: Cloyster|trapped\n|move|p1a: Cloyster|Rock Blast|p2a: Drednaw\n|-damage|p2a: Drednaw|50\/100\n|-damage|p2a: Drednaw|37\/100\n|-crit|p2a: Drednaw\n|-damage|p2a: Drednaw|19\/100\n|-damage|p2a: Drednaw|7\/100\n|-damage|p2a: Drednaw|0 fnt\n|faint|p2a: Drednaw\n|-hitcount|p2: Drednaw|5\n|\n|upkeep\n|c| brianbass|LOl\n|c| brianbass|ez\n|\n|t:|1698860034\n|switch|p2a: Heracross|Heracross, M|100\/100\n|turn|6\n|c| brianbass|ez sweep\n|\n|t:|1698860040\n|move|p2a: Heracross|Trailblaze|p1a: Cloyster\n|-supereffective|p1a: Cloyster\n|-damage|p1a: Cloyster|1\/100\n|-boost|p2a: Heracross|spe|1\n|move|p1a: Cloyster|Icicle Spear|p2a: Heracross\n|-damage|p2a: Heracross|84\/100\n|-damage|p2a: Heracross|67\/100\n|-damage|p2a: Heracross|53\/100\n|-damage|p2a: Heracross|37\/100\n|-damage|p2a: Heracross|22\/100\n|-hitcount|p2a: Heracross|5\n|\n|upkeep\n|turn|7\n|c| brianbass|ez sweep\n|c| brianbass|lollllllllll\n|c| brianbass|ez sweep gang\n|c| brianbass|xdddddddddddddddddd\n|\n|t:|1698860077\n|move|p2a: Heracross|Trailblaze|p1a: Cloyster\n|-supereffective|p1a: Cloyster\n|-damage|p1a: Cloyster|0 fnt\n|-boost|p2a: Heracross|spe|1\n|faint|p1a: Cloyster\n|-ability|p2a: Heracross|Moxie|boost\n|-boost|p2a: Heracross|atk|1\n|\n|upkeep\n|c| brianbass|LETS GO joseiturribarria\n|c| brianbass|LETS GO\n|c| brianbass|LETS GO joseiturribarria\n|c| brianbass|LETS GO\n|c| brianbass|LETS GO joseiturribarria\n|c| brianbass|LETS GO\n|c| brianbass|LETS GO joseiturribarria\n|c| brianbass|LETS GO\n|\n|t:|1698860089\n|switch|p1a: Espathra|Espathra, F, shiny|100\/100\n|turn|8\n|c| brianbass|u got dis gang\n|c| brianbass|espathra\n|c| brianbass|LOLLLLL\n|\n|t:|1698860097\n|-terastallize|p1a: Espathra|Fairy\n|move|p2a: Heracross|Pin Missile|p1a: Espathra\n|-resisted|p1a: Espathra\n|-damage|p1a: Espathra|92\/100\n|-resisted|p1a: Espathra\n|-damage|p1a: Espathra|84\/100\n|-resisted|p1a: Espathra\n|-damage|p1a: Espathra|74\/100\n|-resisted|p1a: Espathra\n|-damage|p1a: Espathra|66\/100\n|-resisted|p1a: Espathra\n|-damage|p1a: Espathra|57\/100\n|-hitcount|p1a: Espathra|5\n|move|p1a: Espathra|Calm Mind|p1a: Espathra\n|-boost|p1a: Espathra|spa|1\n|-boost|p1a: Espathra|spd|1\n|\n|-heal|p1a: Espathra|63\/100|[from] item: Leftovers\n|upkeep\n|turn|9\n|\n|t:|1698860119\n|move|p2a: Heracross|Bullet Seed|p1a: Espathra\n|-damage|p1a: Espathra|50\/100\n|-damage|p1a: Espathra|38\/100\n|-damage|p1a: Espathra|26\/100\n|-damage|p1a: Espathra|14\/100\n|-damage|p1a: Espathra|1\/100\n|-hitcount|p1a: Espathra|5\n|move|p1a: Espathra|Dazzling Gleam|p2a: Heracross\n|-supereffective|p2a: Heracross\n|-damage|p2a: Heracross|0 fnt\n|faint|p2a: Heracross\n|\n|-heal|p1a: Espathra|8\/100|[from] item: Leftovers\n|upkeep\n|\n|t:|1698860132\n|switch|p2a: Orthworm|Orthworm, F|100\/100\n|turn|10\n|\n|t:|1698860136\n|move|p1a: Espathra|Stored Power|p2a: Orthworm\n|-resisted|p2a: Orthworm\n|-damage|p2a: Orthworm|71\/100\n|move|p2a: Orthworm|Shed Tail|p2a: Orthworm\n|-start|p2a: Orthworm|Substitute|[from] move: Shed Tail\n|-damage|p2a: Orthworm|21\/100\n|-enditem|p2a: Orthworm|Sitrus Berry|[eat]\n|-heal|p2a: Orthworm|46\/100|[from] item: Sitrus Berry\n|\n|t:|1698860144\n|switch|p2a: Ribombee|Ribombee, F|100\/100|[from] Shed Tail\n|\n|-heal|p1a: Espathra|14\/100|[from] item: Leftovers\n|upkeep\n|turn|11\n|\n|t:|1698860154\n|move|p2a: Ribombee|Bug Buzz|p1a: Espathra\n|-resisted|p1a: Espathra\n|-damage|p1a: Espathra|0 fnt\n|faint|p1a: Espathra\n|-enditem|p2a: Ribombee|Throat Spray\n|-boost|p2a: Ribombee|spa|1|[from] item: Throat Spray\n|\n|upkeep\n|\n|t:|1698860170\n|switch|p1a: Garganacl|Garganacl, M, shiny|100\/100\n|turn|12\n|\n|t:|1698860174\n|move|p2a: Ribombee|Quiver Dance|p2a: Ribombee\n|-boost|p2a: Ribombee|spa|1\n|-boost|p2a: Ribombee|spd|1\n|-boost|p2a: Ribombee|spe|1\n|move|p1a: Garganacl|Rock Polish|p1a: Garganacl\n|-boost|p1a: Garganacl|spe|2\n|\n|upkeep\n|turn|13\n|\n|t:|1698860180\n|move|p2a: Ribombee|Quiver Dance|p2a: Ribombee\n|-boost|p2a: Ribombee|spa|1\n|-boost|p2a: Ribombee|spd|1\n|-boost|p2a: Ribombee|spe|1\n|move|p1a: Garganacl|Salt Cure|p2a: Ribombee\n|-supereffective|p2a: Ribombee\n|-end|p2a: Ribombee|Substitute\n|\n|upkeep\n|turn|14\n|\n|t:|1698860188\n|move|p2a: Ribombee|Stored Power|p1a: Garganacl\n|-damage|p1a: Garganacl|5\/100\n|move|p1a: Garganacl|Salt Cure|p2a: Ribombee\n|-supereffective|p2a: Ribombee\n|-damage|p2a: Ribombee|43\/100\n|-start|p2a: Ribombee|Salt Cure\n|\n|-heal|p1a: Garganacl|11\/100|[from] item: Leftovers\n|-damage|p2a: Ribombee|31\/100|[from] Salt Cure\n|upkeep\n|turn|15\n|\n|t:|1698860198\n|move|p2a: Ribombee|Bug Buzz|p1a: Garganacl\n|-damage|p1a: Garganacl|0 fnt\n|faint|p1a: Garganacl\n|\n|-damage|p2a: Ribombee|19\/100|[from] Salt Cure\n|upkeep\n|\n|t:|1698860205\n|switch|p1a: Scovillain|Scovillain, M, shiny|100\/100\n|turn|16\n|\n|t:|1698860210\n|move|p2a: Ribombee|Stored Power|p1a: Scovillain\n|-damage|p1a: Scovillain|0 fnt\n|faint|p1a: Scovillain\n|\n|-damage|p2a: Ribombee|6\/100|[from] Salt Cure\n|upkeep\n|\n|t:|1698860216\n|switch|p1a: Maushold|Maushold-Four, shiny|100\/100\n|turn|17\n|\n|t:|1698860219\n|move|p1a: Maushold|Protect|p1a: Maushold\n|-singleturn|p1a: Maushold|Protect\n|move|p2a: Ribombee|Stored Power|p1a: Maushold\n|-activate|p1a: Maushold|move: Protect\n|\n|-damage|p2a: Ribombee|0 fnt|[from] Salt Cure\n|faint|p2a: Ribombee\n|upkeep\n|\n|t:|1698860227\n|switch|p2a: Torterra|Torterra, M|100\/100\n|turn|18\n|\n|t:|1698860232\n|move|p1a: Maushold|Tidy Up|p1a: Maushold\n|-boost|p1a: Maushold|atk|1\n|-boost|p1a: Maushold|spe|1\n|move|p2a: Torterra|Shell Smash|p2a: Torterra\n|-unboost|p2a: Torterra|def|1\n|-unboost|p2a: Torterra|spd|1\n|-boost|p2a: Torterra|atk|2\n|-boost|p2a: Torterra|spa|2\n|-boost|p2a: Torterra|spe|2\n|\n|upkeep\n|turn|19\n|\n|t:|1698860251\n|move|p1a: Maushold|Population Bomb|p2a: Torterra\n|-damage|p2a: Torterra|75\/100\n|-damage|p2a: Torterra|49\/100\n|-damage|p2a: Torterra|24\/100\n|-damage|p2a: Torterra|0 fnt\n|faint|p2a: Torterra\n|-hitcount|p2: Torterra|4\n|\n|upkeep\n|\n|t:|1698860259\n|switch|p2a: Orthworm|Orthworm, F|46\/100\n|turn|20\n|\n|t:|1698860266\n|move|p1a: Maushold|Population Bomb|p2a: Orthworm\n|-resisted|p2a: Orthworm\n|-damage|p2a: Orthworm|42\/100\n|-resisted|p2a: Orthworm\n|-damage|p2a: Orthworm|37\/100\n|-resisted|p2a: Orthworm\n|-damage|p2a: Orthworm|33\/100\n|-resisted|p2a: Orthworm\n|-damage|p2a: Orthworm|28\/100\n|-resisted|p2a: Orthworm\n|-damage|p2a: Orthworm|24\/100\n|-hitcount|p2a: Orthworm|5\n|move|p2a: Orthworm|Body Press|p1a: Maushold\n|-supereffective|p1a: Maushold\n|-damage|p1a: Maushold|4\/100\n|\n|upkeep\n|turn|21\n|\n|t:|1698860280\n|move|p1a: Maushold|Population Bomb|p2a: Orthworm\n|-resisted|p2a: Orthworm\n|-damage|p2a: Orthworm|20\/100\n|-resisted|p2a: Orthworm\n|-damage|p2a: Orthworm|15\/100\n|-resisted|p2a: Orthworm\n|-damage|p2a: Orthworm|10\/100\n|-resisted|p2a: Orthworm\n|-damage|p2a: Orthworm|5\/100\n|-resisted|p2a: Orthworm\n|-damage|p2a: Orthworm|0 fnt\n|faint|p2a: Orthworm\n|-hitcount|p2: Orthworm|5\n|\n|win|joseiturribarria\n|raw|joseiturribarria's rating: 1276 &rarr; <strong>1300<\/strong><br \/>(+24 for winning)\n|raw|TestProject's rating: 1258 &rarr; <strong>1234<\/strong><br \/>(-24 for losing)\n","uploadtime":1698860080,"views":7,"p1id":"joseiturribarria","p2id":"testproject","formatid":"gen9anythinggoes","rating":1234,"private":0,"password":""}