{"id":"gen9anythinggoes-1993770950","p1":"fletchermed","p2":"Starstorm96","format":"[Gen 9] Anything Goes","log":"|j|\u2606fletchermed\n|j|\u2606Starstorm96\n|t:|1700355274\n|gametype|singles\n|player|p1|fletchermed|maid|1332\n|player|p2|Starstorm96|266|1217\n|teamsize|p1|6\n|teamsize|p2|6\n|gen|9\n|tier|[Gen 9] Anything Goes\n|rated|\n|rule|HP Percentage Mod: HP is shown in percentages\n|rule|Endless Battle Clause: Forcing endless battles is banned\n|clearpoke\n|poke|p1|Miraidon|\n|poke|p1|Miraidon|\n|poke|p1|Miraidon|\n|poke|p1|Miraidon|\n|poke|p1|Miraidon|\n|poke|p1|Iron Bundle|\n|poke|p2|Typhlosion-Hisui, F|\n|poke|p2|Probopass, M|\n|poke|p2|Sneasler, M|\n|poke|p2|Brambleghast, F|\n|poke|p2|Decidueye-Hisui, F|\n|poke|p2|Ariados, F|\n|teampreview\n|inactive|Battle timer is ON: inactive players will automatically lose when time's up. (requested by Starstorm96)\n|\n|t:|1700355307\n|start\n|switch|p1a: BELP ME|Miraidon|100\/100\n|switch|p2a: Ariados|Ariados, F|100\/100\n|-fieldstart|move: Electric Terrain|[from] ability: Hadron Engine|[of] p1a: BELP ME\n|turn|1\n|\n|t:|1700355315\n|move|p1a: BELP ME|Electro Drift|p2a: Ariados\n|-enditem|p2a: Ariados|Focus Sash\n|-damage|p2a: Ariados|1\/100\n|move|p2a: Ariados|Sticky Web|p1a: BELP ME\n|-sidestart|p1: fletchermed|move: Sticky Web\n|\n|upkeep\n|turn|2\n|\n|t:|1700355318\n|move|p1a: BELP ME|Electro Drift|p2a: Ariados\n|-damage|p2a: Ariados|0 fnt\n|faint|p2a: Ariados\n|\n|upkeep\n|\n|t:|1700355326\n|switch|p2a: Probopass|Probopass, M|100\/100\n|turn|3\n|\n|t:|1700355330\n|move|p1a: BELP ME|Electro Drift|p2a: Probopass\n|-damage|p2a: Probopass|24\/100\n|-damage|p1a: BELP ME|84\/100|[from] item: Rocky Helmet|[of] p2a: Probopass\n|move|p2a: Probopass|Earth Power|p1a: BELP ME\n|-supereffective|p1a: BELP ME\n|-damage|p1a: BELP ME|40\/100\n|\n|upkeep\n|turn|4\n|\n|t:|1700355335\n|move|p1a: BELP ME|Electro Drift|p2a: Probopass\n|-damage|p2a: Probopass|0 fnt\n|-damage|p1a: BELP ME|23\/100|[from] item: Rocky Helmet|[of] p2a: Probopass\n|faint|p2a: Probopass\n|\n|upkeep\n|\n|t:|1700355340\n|switch|p2a: Brambleghast|Brambleghast, F|100\/100\n|turn|5\n|\n|t:|1700355347\n|move|p1a: BELP ME|Electro Drift|p2a: Brambleghast\n|-resisted|p2a: Brambleghast\n|-damage|p2a: Brambleghast|4\/100\n|move|p2a: Brambleghast|Rollout|p1a: BELP ME|[miss]\n|-miss|p2a: Brambleghast|p1a: BELP ME\n|\n|-fieldend|move: Electric Terrain\n|upkeep\n|turn|6\n|\n|t:|1700355352\n|move|p1a: BELP ME|Electro Drift|p2a: Brambleghast\n|-resisted|p2a: Brambleghast\n|-damage|p2a: Brambleghast|0 fnt\n|faint|p2a: Brambleghast\n|\n|upkeep\n|\n|t:|1700355355\n|switch|p2a: Decidueye|Decidueye-Hisui, F|100\/100\n|turn|7\n|\n|t:|1700355360\n|move|p2a: Decidueye|Shadow Sneak|p1a: BELP ME\n|-damage|p1a: BELP ME|11\/100\n|move|p1a: BELP ME|Electro Drift|p2a: Decidueye\n|-resisted|p2a: Decidueye\n|-damage|p2a: Decidueye|73\/100\n|\n|upkeep\n|turn|8\n|\n|t:|1700355365\n|move|p1a: BELP ME|Electro Drift|p2a: Decidueye\n|-resisted|p2a: Decidueye\n|-damage|p2a: Decidueye|44\/100\n|move|p2a: Decidueye|Trailblaze|p1a: BELP ME\n|-resisted|p1a: BELP ME\n|-crit|p1a: BELP ME\n|-damage|p1a: BELP ME|0 fnt\n|-boost|p2a: Decidueye|spe|1\n|faint|p1a: BELP ME\n|\n|upkeep\n|\n|t:|1700355384\n|switch|p1a: BELP ME|Miraidon|100\/100\n|-activate|p1a: BELP ME|move: Sticky Web\n|-unboost|p1a: BELP ME|spe|1\n|-fieldstart|move: Electric Terrain|[from] ability: Hadron Engine|[of] p1a: BELP ME\n|turn|9\n|\n|t:|1700355389\n|-terastallize|p1a: BELP ME|Fairy\n|move|p1a: BELP ME|Dazzling Gleam|p2a: Decidueye\n|-supereffective|p2a: Decidueye\n|-damage|p2a: Decidueye|0 fnt\n|faint|p2a: Decidueye\n|\n|upkeep\n|\n|t:|1700355394\n|switch|p2a: Typhlosion|Typhlosion-Hisui, F|100\/100\n|-item|p1a: BELP ME|Choice Specs|[from] ability: Frisk|[of] p2a: Typhlosion|[identify]\n|turn|10\n|\n|t:|1700355402\n|move|p2a: Typhlosion|Eruption|p1a: BELP ME\n|-damage|p1a: BELP ME|37\/100\n|move|p1a: BELP ME|Dazzling Gleam|p2a: Typhlosion\n|-resisted|p2a: Typhlosion\n|-damage|p2a: Typhlosion|37\/100\n|\n|upkeep\n|turn|11\n|\n|t:|1700355406\n|move|p2a: Typhlosion|Burning Jealousy|p1a: BELP ME\n|-damage|p1a: BELP ME|6\/100\n|move|p1a: BELP ME|Dazzling Gleam|p2a: Typhlosion\n|-resisted|p2a: Typhlosion\n|-crit|p2a: Typhlosion\n|-damage|p2a: Typhlosion|0 fnt\n|faint|p2a: Typhlosion\n|\n|upkeep\n|\n|t:|1700355407\n|switch|p2a: Sneasler|Sneasler, M|100\/100\n|turn|12\n|\n|t:|1700355412\n|move|p2a: Sneasler|Swords Dance|p2a: Sneasler\n|-boost|p2a: Sneasler|atk|2\n|move|p1a: BELP ME|Dazzling Gleam|p2a: Sneasler\n|-damage|p2a: Sneasler|0 fnt\n|faint|p2a: Sneasler\n|\n|win|fletchermed\n|raw|fletchermed's rating: 1332 &rarr; <strong>1346<\/strong><br \/>(+14 for winning)\n|raw|Starstorm96's rating: 1217 &rarr; <strong>1200<\/strong><br \/>(-17 for losing)\n|l|\u2606Starstorm96\n","uploadtime":1700355417,"views":5,"p1id":"fletchermed","p2id":"starstorm96","formatid":"gen9anythinggoes","rating":1200,"private":0,"password":""}