{"id":"gen9anythinggoes-1974123028","p1":"bujingjingzhiyou","p2":"Kmd1","format":"[Gen 9] Anything Goes","log":"|j|\u2606bujingjingzhiyou\n|j|\u2606Kmd1\n|t:|1698059002\n|gametype|singles\n|player|p1|bujingjingzhiyou|266|1447\n|player|p2|Kmd1|rancher|1402\n|teamsize|p1|6\n|teamsize|p2|6\n|gen|9\n|tier|[Gen 9] Anything Goes\n|rated|\n|rule|HP Percentage Mod: HP is shown in percentages\n|rule|Endless Battle Clause: Forcing endless battles is banned\n|clearpoke\n|poke|p1|Scizor, M|\n|poke|p1|Urshifu-*, M|\n|poke|p1|Gastrodon, M|\n|poke|p1|Toxapex, F|\n|poke|p1|Kyogre|\n|poke|p1|Basculegion, M|\n|poke|p2|Klefki, M|\n|poke|p2|Copperajah, M|\n|poke|p2|Glalie, M|\n|poke|p2|Torkoal, F|\n|poke|p2|Masquerain, M|\n|poke|p2|Gengar, M|\n|teampreview\n|\n|t:|1698059029\n|start\n|switch|p1a: Scizor|Scizor, M|100\/100\n|switch|p2a: Masquerain|Masquerain, M|100\/100\n|-ability|p2a: Masquerain|Intimidate|boost\n|-unboost|p1a: Scizor|atk|1\n|turn|1\n|inactive|Battle timer is ON: inactive players will automatically lose when time's up. (requested by Kmd1)\n|\n|t:|1698059037\n|move|p2a: Masquerain|Stun Spore|p1a: Scizor|[miss]\n|-miss|p2a: Masquerain|p1a: Scizor\n|move|p1a: Scizor|Dual Wingbeat|p2a: Masquerain|[miss]\n|-miss|p1a: Scizor|p2a: Masquerain\n|\n|upkeep\n|turn|2\n|c|\u2606bujingjingzhiyou|\uff01\n|\n|t:|1698059058\n|move|p2a: Masquerain|Sticky Web|p1a: Scizor\n|-sidestart|p1: bujingjingzhiyou|move: Sticky Web\n|move|p1a: Scizor|Dual Wingbeat|p2a: Masquerain\n|-supereffective|p2a: Masquerain\n|-damage|p2a: Masquerain|49\/100\n|-supereffective|p2a: Masquerain\n|-damage|p2a: Masquerain|0 fnt\n|faint|p2a: Masquerain\n|-hitcount|p2: Masquerain|2\n|\n|upkeep\n|c|\u2606Kmd1|Right?\n|\n|t:|1698059066\n|switch|p2a: Klefki|Klefki, M|100\/100\n|turn|3\n|\n|t:|1698059070\n|move|p2a: Klefki|Thunder Wave|p1a: Scizor\n|-status|p1a: Scizor|par\n|cant|p1a: Scizor|par\n|\n|upkeep\n|turn|4\n|\n|t:|1698059075\n|move|p2a: Klefki|Reflect|p2a: Klefki\n|-sidestart|p2: Kmd1|Reflect\n|move|p1a: Scizor|Dual Wingbeat|p2a: Klefki\n|-resisted|p2a: Klefki\n|-damage|p2a: Klefki|97\/100\n|-resisted|p2a: Klefki\n|-damage|p2a: Klefki|93\/100\n|-hitcount|p2a: Klefki|2\n|\n|-heal|p2a: Klefki|99\/100|[from] item: Leftovers\n|upkeep\n|turn|5\n|\n|t:|1698059080\n|move|p2a: Klefki|Spikes|p1a: Scizor\n|-sidestart|p1: bujingjingzhiyou|Spikes\n|move|p1a: Scizor|Defog|p2a: Klefki\n|-unboost|p2a: Klefki|evasion|1\n|-sideend|p2: Kmd1|Reflect\n|-sideend|p1: bujingjingzhiyou|Spikes|[from] move: Defog|[of] p1a: Scizor\n|-sideend|p1: bujingjingzhiyou|Sticky Web|[from] move: Defog|[of] p1a: Scizor\n|\n|-heal|p2a: Klefki|100\/100|[from] item: Leftovers\n|upkeep\n|turn|6\n|\n|t:|1698059087\n|move|p2a: Klefki|Reflect|p2a: Klefki\n|-sidestart|p2: Kmd1|Reflect\n|move|p1a: Scizor|U-turn|p2a: Klefki\n|-resisted|p2a: Klefki\n|-damage|p2a: Klefki|98\/100\n|\n|t:|1698059095\n|switch|p1a: Kyogre|Kyogre|100\/100|[from] U-turn\n|-weather|RainDance|[from] ability: Drizzle|[of] p1a: Kyogre\n|\n|-weather|RainDance|[upkeep]\n|-heal|p2a: Klefki|100\/100|[from] item: Leftovers\n|upkeep\n|turn|7\n|\n|t:|1698059101\n|-terastallize|p1a: Kyogre|Water\n|move|p2a: Klefki|Thunder Wave|p1a: Kyogre|[miss]\n|-miss|p2a: Klefki|p1a: Kyogre\n|move|p1a: Kyogre|Water Spout|p2a: Klefki\n|-damage|p2a: Klefki|0 fnt\n|faint|p2a: Klefki\n|\n|-weather|RainDance|[upkeep]\n|upkeep\n|\n|t:|1698059108\n|switch|p2a: Gengar|Gengar, M|100\/100\n|turn|8\n|\n|t:|1698059114\n|move|p1a: Kyogre|Water Spout|p2a: Gengar\n|-enditem|p2a: Gengar|Focus Sash\n|-damage|p2a: Gengar|1\/100\n|-start|p1a: Kyogre|Disable|Water Spout|[from] ability: Cursed Body|[of] p2a: Gengar\n|move|p2a: Gengar|Sludge Bomb|p1a: Kyogre\n|-damage|p1a: Kyogre|59\/100\n|\n|-weather|RainDance|[upkeep]\n|upkeep\n|turn|9\n|\n|t:|1698059125\n|switch|p1a: Scizor|Scizor, M|100\/100 par\n|switch|p2a: Glalie|Glalie, M|100\/100\n|\n|-weather|RainDance|[upkeep]\n|-ability|p2a: Glalie|Moody|boost\n|-boost|p2a: Glalie|atk|2\n|-unboost|p2a: Glalie|def|1\n|upkeep\n|turn|10\n|\n|t:|1698059134\n|move|p2a: Glalie|Protect|p2a: Glalie\n|-singleturn|p2a: Glalie|Protect\n|move|p1a: Scizor|Bullet Punch|p2a: Glalie\n|-activate|p2a: Glalie|move: Protect\n|\n|-weather|none\n|-sideend|p2: Kmd1|Reflect\n|-ability|p2a: Glalie|Moody|boost\n|-boost|p2a: Glalie|def|2\n|-unboost|p2a: Glalie|spe|1\n|upkeep\n|turn|11\n|\n|t:|1698059140\n|-terastallize|p2a: Glalie|Ground\n|cant|p1a: Scizor|par\n|move|p2a: Glalie|Substitute|p2a: Glalie\n|-start|p2a: Glalie|Substitute\n|-damage|p2a: Glalie|75\/100\n|\n|-heal|p2a: Glalie|82\/100|[from] item: Leftovers\n|-ability|p2a: Glalie|Moody|boost\n|-boost|p2a: Glalie|def|2\n|-unboost|p2a: Glalie|atk|1\n|upkeep\n|turn|12\n|\n|t:|1698059152\n|switch|p1a: \u5e26\u4e0a\u62f3\u51fb\u624b\u5957|Urshifu-Rapid-Strike, M|100\/100\n|move|p2a: Glalie|Protect||[still]\n|-fail|p2a: Glalie\n|\n|-heal|p2a: Glalie|88\/100|[from] item: Leftovers\n|-ability|p2a: Glalie|Moody|boost\n|-boost|p2a: Glalie|spe|2\n|-unboost|p2a: Glalie|def|1\n|upkeep\n|turn|13\n|\n|t:|1698059160\n|move|p1a: \u5e26\u4e0a\u62f3\u51fb\u624b\u5957|Surging Strikes|p2a: Glalie\n|-supereffective|p2a: Glalie\n|-crit|p2a: Glalie\n|-end|p2a: Glalie|Substitute\n|-supereffective|p2a: Glalie\n|-crit|p2a: Glalie\n|-damage|p2a: Glalie|43\/100\n|-supereffective|p2a: Glalie\n|-crit|p2a: Glalie\n|-damage|p2a: Glalie|0 fnt\n|faint|p2a: Glalie\n|-hitcount|p2: Glalie|3\n|\n|upkeep\n|c|\u2606bujingjingzhiyou|no!\n|l|\u2606Kmd1\n|inactive|Kmd1 disconnected and has a minute to reconnect!\n|player|p2|\n|inactive|Kmd1 has 30 seconds to reconnect!\n|inactive|Kmd1 has 20 seconds to reconnect!\n|inactive|Kmd1 has 15 seconds to reconnect!\n|inactive|Kmd1 has 10 seconds to reconnect!\n|inactive|Kmd1 has 5 seconds to reconnect!\n|-message|Kmd1 lost due to inactivity.\n|\n|win|bujingjingzhiyou\n|raw|bujingjingzhiyou's rating: 1447 &rarr; <strong>1464<\/strong><br \/>(+17 for winning)\n|raw|Kmd1's rating: 1402 &rarr; <strong>1385<\/strong><br \/>(-17 for losing)\n","uploadtime":1698059248,"views":11,"p1id":"bujingjingzhiyou","p2id":"kmd1","formatid":"gen9anythinggoes","rating":1385,"private":0,"password":""}