{"id":"gen9anythinggoes-1982564484","p1":"trapjnr","p2":"Un0Eg0","format":"[Gen 9] Anything Goes","log":"|j|\u2606trapjnr\n|j|\u2606Un0Eg0\n|t:|1699025937\n|gametype|singles\n|player|p1|trapjnr|101|1438\n|player|p2|Un0Eg0|ash|1433\n|teamsize|p1|6\n|teamsize|p2|6\n|gen|9\n|tier|[Gen 9] Anything Goes\n|rated|\n|rule|HP Percentage Mod: HP is shown in percentages\n|rule|Endless Battle Clause: Forcing endless battles is banned\n|clearpoke\n|poke|p1|Meowscarada, F|\n|poke|p1|Corviknight, F|\n|poke|p1|Great Tusk|\n|poke|p1|Giratina|\n|poke|p1|Miraidon|\n|poke|p1|Spidops, M|\n|poke|p2|Lycanroc-Dusk, F|\n|poke|p2|Kingambit, F|\n|poke|p2|Iron Hands|\n|poke|p2|Iron Moth|\n|poke|p2|Greninja-*, M|\n|poke|p2|Eiscue, M|\n|teampreview\n|inactive|Battle timer is ON: inactive players will automatically lose when time's up. (requested by Un0Eg0)\n|\n|t:|1699025949\n|start\n|switch|p1a: Spidops|Spidops, M|100\/100\n|switch|p2a: Rock Leone|Lycanroc-Dusk, F|100\/100\n|turn|1\n|\n|t:|1699025953\n|move|p2a: Rock Leone|Taunt|p1a: Spidops\n|-start|p1a: Spidops|move: Taunt\n|cant|p1a: Spidops|move: Taunt|Sticky Web\n|\n|upkeep\n|turn|2\n|\n|t:|1699025958\n|switch|p1a: Great Tusk|Great Tusk|100\/100\n|move|p2a: Rock Leone|Stealth Rock|p1a: Great Tusk\n|-sidestart|p1: trapjnr|move: Stealth Rock\n|\n|upkeep\n|turn|3\n|\n|t:|1699025971\n|move|p2a: Rock Leone|Accelerock|p1a: Great Tusk\n|-resisted|p1a: Great Tusk\n|-damage|p1a: Great Tusk|96\/100\n|move|p1a: Great Tusk|Rapid Spin|p2a: Rock Leone\n|-resisted|p2a: Rock Leone\n|-damage|p2a: Rock Leone|83\/100\n|-boost|p1a: Great Tusk|spe|1\n|-sideend|p1: trapjnr|Stealth Rock|[from] move: Rapid Spin|[of] p1a: Great Tusk\n|\n|upkeep\n|turn|4\n|\n|t:|1699025981\n|move|p2a: Rock Leone|Reversal|p1a: Great Tusk\n|-damage|p1a: Great Tusk|91\/100\n|move|p1a: Great Tusk|Earthquake|p2a: Rock Leone\n|-supereffective|p2a: Rock Leone\n|-damage|p2a: Rock Leone|0 fnt\n|faint|p2a: Rock Leone\n|\n|upkeep\n|\n|t:|1699025988\n|switch|p2a: Naruto|Greninja, M|100\/100\n|turn|5\n|\n|t:|1699025994\n|move|p2a: Naruto|Surf|p1a: Great Tusk\n|-supereffective|p1a: Great Tusk\n|-damage|p1a: Great Tusk|0 fnt\n|faint|p1a: Great Tusk\n|-end|p1a: Great Tusk|Protosynthesis|[silent]\n|-ability|p2a: Naruto|Battle Bond|boost\n|-boost|p2a: Naruto|atk|1\n|-boost|p2a: Naruto|spa|1\n|-boost|p2a: Naruto|spe|1\n|-activate|p2a: Naruto|ability: Battle Bond\n|-damage|p2a: Naruto|91\/100|[from] item: Life Orb\n|\n|upkeep\n|\n|t:|1699026011\n|switch|p1a: Spidops|Spidops, M|100\/100\n|turn|6\n|\n|t:|1699026018\n|move|p2a: Naruto|Water Shuriken|p1a: Spidops\n|-damage|p1a: Spidops|83\/100\n|-damage|p1a: Spidops|67\/100\n|-damage|p1a: Spidops|50\/100\n|-hitcount|p1a: Spidops|3\n|-damage|p2a: Naruto|81\/100|[from] item: Life Orb\n|move|p1a: Spidops|Memento|p2a: Naruto\n|-unboost|p2a: Naruto|atk|2\n|-unboost|p2a: Naruto|spa|2\n|faint|p1a: Spidops\n|\n|upkeep\n|\n|t:|1699026032\n|switch|p1a: Miraidon|Miraidon|100\/100\n|-fieldstart|move: Electric Terrain|[from] ability: Hadron Engine|[of] p1a: Miraidon\n|turn|7\n|\n|t:|1699026037\n|move|p2a: Naruto|Ice Beam|p1a: Miraidon\n|-supereffective|p1a: Miraidon\n|-damage|p1a: Miraidon|57\/100\n|-damage|p2a: Naruto|71\/100|[from] item: Life Orb\n|move|p1a: Miraidon|Electro Drift|p2a: Naruto\n|-supereffective|p2a: Naruto\n|-damage|p2a: Naruto|0 fnt\n|faint|p2a: Naruto\n|\n|upkeep\n|\n|t:|1699026041\n|switch|p2a: Hanayama|Iron Hands|100\/100\n|-activate|p2a: Hanayama|ability: Quark Drive\n|-start|p2a: Hanayama|quarkdriveatk\n|turn|8\n|\n|t:|1699026047\n|switch|p1a: Giratina|Giratina|100\/100\n|-ability|p1a: Giratina|Pressure\n|move|p2a: Hanayama|Earthquake|p1a: Giratina\n|-damage|p1a: Giratina|67\/100\n|\n|-heal|p1a: Giratina|74\/100|[from] item: Leftovers\n|upkeep\n|turn|9\n|\n|t:|1699026053\n|move|p1a: Giratina|Will-O-Wisp|p2a: Hanayama\n|-status|p2a: Hanayama|brn\n|move|p2a: Hanayama|Ice Punch|p1a: Giratina\n|-supereffective|p1a: Giratina\n|-damage|p1a: Giratina|49\/100\n|\n|-heal|p1a: Giratina|56\/100|[from] item: Leftovers\n|-damage|p2a: Hanayama|94\/100 brn|[from] brn\n|upkeep\n|turn|10\n|\n|t:|1699026061\n|move|p1a: Giratina|Hex|p2a: Hanayama\n|-damage|p2a: Hanayama|71\/100 brn\n|move|p2a: Hanayama|Ice Punch|p1a: Giratina\n|-supereffective|p1a: Giratina\n|-damage|p1a: Giratina|34\/100\n|\n|-heal|p1a: Giratina|41\/100|[from] item: Leftovers\n|-damage|p2a: Hanayama|64\/100 brn|[from] brn\n|upkeep\n|turn|11\n|\n|t:|1699026067\n|move|p1a: Giratina|Hex|p2a: Hanayama\n|-damage|p2a: Hanayama|40\/100 brn\n|move|p2a: Hanayama|Ice Punch|p1a: Giratina\n|-supereffective|p1a: Giratina\n|-damage|p1a: Giratina|19\/100\n|\n|-heal|p1a: Giratina|25\/100|[from] item: Leftovers\n|-damage|p2a: Hanayama|33\/100 brn|[from] brn\n|-fieldend|move: Electric Terrain\n|-end|p2a: Hanayama|Quark Drive\n|upkeep\n|turn|12\n|inactive|trapjnr has 120 seconds left.\n|\n|t:|1699026102\n|move|p1a: Giratina|Hex|p2a: Hanayama\n|-damage|p2a: Hanayama|7\/100 brn\n|move|p2a: Hanayama|Ice Punch|p1a: Giratina\n|-supereffective|p1a: Giratina\n|-damage|p1a: Giratina|8\/100\n|\n|-heal|p1a: Giratina|15\/100|[from] item: Leftovers\n|-damage|p2a: Hanayama|1\/100 brn|[from] brn\n|upkeep\n|turn|13\n|\n|t:|1699026111\n|move|p1a: Giratina|Hex|p2a: Hanayama\n|-damage|p2a: Hanayama|0 fnt\n|faint|p2a: Hanayama\n|-end|p2a: Hanayama|Quark Drive|[silent]\n|\n|-heal|p1a: Giratina|21\/100|[from] item: Leftovers\n|upkeep\n|\n|t:|1699026115\n|switch|p2a: Ultimate Big Chill|Iron Moth|100\/100\n|turn|14\n|\n|t:|1699026121\n|move|p2a: Ultimate Big Chill|Fiery Dance|p1a: Giratina\n|-resisted|p1a: Giratina\n|-damage|p1a: Giratina|12\/100\n|-boost|p2a: Ultimate Big Chill|spa|1\n|move|p1a: Giratina|Draco Meteor|p2a: Ultimate Big Chill\n|-damage|p2a: Ultimate Big Chill|52\/100\n|-unboost|p1a: Giratina|spa|2\n|\n|-heal|p1a: Giratina|18\/100|[from] item: Leftovers\n|upkeep\n|turn|15\n|\n|t:|1699026125\n|move|p2a: Ultimate Big Chill|Fiery Dance|p1a: Giratina\n|-resisted|p1a: Giratina\n|-damage|p1a: Giratina|3\/100\n|-boost|p2a: Ultimate Big Chill|spa|1\n|move|p1a: Giratina|Hex|p2a: Ultimate Big Chill\n|-damage|p2a: Ultimate Big Chill|38\/100\n|\n|-heal|p1a: Giratina|9\/100|[from] item: Leftovers\n|upkeep\n|turn|16\n|\n|t:|1699026128\n|move|p2a: Ultimate Big Chill|Fiery Dance|p1a: Giratina\n|-resisted|p1a: Giratina\n|-damage|p1a: Giratina|0 fnt\n|faint|p1a: Giratina\n|\n|upkeep\n|\n|t:|1699026134\n|switch|p1a: Meowscarada|Meowscarada, F|100\/100\n|turn|17\n|\n|t:|1699026138\n|move|p2a: Ultimate Big Chill|Fiery Dance|p1a: Meowscarada\n|-supereffective|p1a: Meowscarada\n|-damage|p1a: Meowscarada|0 fnt\n|faint|p1a: Meowscarada\n|\n|upkeep\n|\n|t:|1699026142\n|switch|p1a: Corviknight|Corviknight, F|100\/100\n|turn|18\n|\n|t:|1699026146\n|-terastallize|p1a: Corviknight|Fire\n|move|p2a: Ultimate Big Chill|Fiery Dance|p1a: Corviknight\n|-resisted|p1a: Corviknight\n|-damage|p1a: Corviknight|70\/100\n|-boost|p2a: Ultimate Big Chill|spa|1\n|move|p1a: Corviknight|Bulk Up|p1a: Corviknight\n|-boost|p1a: Corviknight|atk|1\n|-boost|p1a: Corviknight|def|1\n|\n|-heal|p1a: Corviknight|77\/100|[from] item: Leftovers\n|upkeep\n|turn|19\n|\n|t:|1699026154\n|move|p2a: Ultimate Big Chill|Fiery Dance|p1a: Corviknight\n|-resisted|p1a: Corviknight\n|-damage|p1a: Corviknight|41\/100\n|-boost|p2a: Ultimate Big Chill|spa|1\n|move|p1a: Corviknight|Agility|p1a: Corviknight\n|-boost|p1a: Corviknight|spe|2\n|\n|-heal|p1a: Corviknight|48\/100|[from] item: Leftovers\n|upkeep\n|turn|20\n|\n|t:|1699026161\n|-terastallize|p2a: Ultimate Big Chill|Fire\n|move|p2a: Ultimate Big Chill|Fiery Dance|p1a: Corviknight\n|-resisted|p1a: Corviknight\n|-damage|p1a: Corviknight|0 fnt\n|-boost|p2a: Ultimate Big Chill|spa|1\n|faint|p1a: Corviknight\n|\n|upkeep\n|\n|t:|1699026165\n|switch|p1a: Miraidon|Miraidon|57\/100\n|-fieldstart|move: Electric Terrain|[from] ability: Hadron Engine|[of] p1a: Miraidon\n|-activate|p2a: Ultimate Big Chill|ability: Quark Drive\n|-start|p2a: Ultimate Big Chill|quarkdrivespa\n|turn|21\n|\n|t:|1699026171\n|move|p2a: Ultimate Big Chill|Fiery Dance|p1a: Miraidon\n|-resisted|p1a: Miraidon\n|-damage|p1a: Miraidon|0 fnt\n|-boost|p2a: Ultimate Big Chill|spa|1\n|faint|p1a: Miraidon\n|\n|win|Un0Eg0\n|raw|trapjnr's rating: 1438 &rarr; <strong>1418<\/strong><br \/>(-20 for losing)\n|raw|Un0Eg0's rating: 1433 &rarr; <strong>1453<\/strong><br \/>(+20 for winning)\n|l|\u2606trapjnr\n","uploadtime":1699026184,"views":4,"p1id":"trapjnr","p2id":"un0eg0","formatid":"gen9anythinggoes","rating":1418,"private":0,"password":""}