{"id":"gen9anythinggoes-1986355035","p1":"Puigson","p2":"hoenn militian","format":"[Gen 9] Anything Goes","log":"|j|\u2606Puigson\n|j|\u2606hoenn militian\n|t:|1699471847\n|gametype|singles\n|player|p1|Puigson|steven|1694\n|player|p2|hoenn militian|169|1798\n|teamsize|p1|6\n|teamsize|p2|6\n|gen|9\n|tier|[Gen 9] Anything Goes\n|rated|\n|rule|HP Percentage Mod: HP is shown in percentages\n|rule|Endless Battle Clause: Forcing endless battles is banned\n|clearpoke\n|poke|p1|Calyrex-Shadow|\n|poke|p1|Koraidon|\n|poke|p1|Arceus|\n|poke|p1|Arceus-Fairy|\n|poke|p1|Toxapex, M|\n|poke|p1|Ting-Lu|\n|poke|p2|Miraidon|\n|poke|p2|Grimmsnarl, M|\n|poke|p2|Skeledirge, F|\n|poke|p2|Blissey, F|\n|poke|p2|Moltres|\n|poke|p2|Calyrex-Ice|\n|teampreview\n|inactive|Battle timer is ON: inactive players will automatically lose when time's up. (requested by Puigson)\n|\n|t:|1699471858\n|start\n|switch|p1a: Toxapex|Toxapex, M|100\/100\n|switch|p2a: Calyrex|Calyrex-Ice|100\/100\n|-ability|p2a: Calyrex|As One\n|-ability|p2a: Calyrex|Unnerve\n|turn|1\n|\n|t:|1699471866\n|switch|p2a: Blissey|Blissey, F|100\/100\n|move|p1a: Toxapex|Toxic|p2a: Blissey\n|-status|p2a: Blissey|tox\n|\n|-damage|p2a: Blissey|94\/100 tox|[from] psn\n|upkeep\n|turn|2\n|\n|t:|1699471872\n|move|p2a: Blissey|Stealth Rock|p1a: Toxapex\n|-sidestart|p1: Puigson|move: Stealth Rock\n|move|p1a: Toxapex|Chilling Water|p2a: Blissey\n|-damage|p2a: Blissey|91\/100 tox\n|-unboost|p2a: Blissey|atk|1\n|\n|-damage|p2a: Blissey|79\/100 tox|[from] psn\n|upkeep\n|turn|3\n|j| le spoon\n|\n|t:|1699471880\n|-curestatus|p2a: Blissey|tox|[from] ability: Natural Cure\n|switch|p2a: Miraidon|Miraidon|100\/100\n|-fieldstart|move: Electric Terrain|[from] ability: Hadron Engine|[of] p2a: Miraidon\n|switch|p1a: Koraidon|Koraidon|100\/100\n|-damage|p1a: Koraidon|94\/100|[from] Stealth Rock\n|-weather|SunnyDay|[from] ability: Orichalcum Pulse|[of] p1a: Koraidon\n|-activate|p1a: Koraidon|Orichalcum Pulse|[source]\n|\n|-weather|SunnyDay|[upkeep]\n|upkeep\n|turn|4\n|\n|t:|1699471892\n|switch|p2a: Moltres|Moltres|100\/100\n|switch|p1a: Ting-Lu|Ting-Lu|100\/100\n|-damage|p1a: Ting-Lu|94\/100|[from] Stealth Rock\n|-ability|p1a: Ting-Lu|Vessel of Ruin\n|\n|-weather|SunnyDay|[upkeep]\n|-heal|p1a: Ting-Lu|100\/100|[from] item: Leftovers\n|upkeep\n|turn|5\n|\n|t:|1699471903\n|move|p2a: Moltres|Will-O-Wisp|p1a: Ting-Lu\n|-status|p1a: Ting-Lu|brn\n|move|p1a: Ting-Lu|Spikes|p2a: Moltres\n|-sidestart|p2: hoenn militian|Spikes\n|\n|-weather|SunnyDay|[upkeep]\n|-damage|p1a: Ting-Lu|94\/100 brn|[from] brn\n|upkeep\n|turn|6\n|\n|t:|1699471911\n|move|p2a: Moltres|U-turn|p1a: Ting-Lu\n|-supereffective|p1a: Ting-Lu\n|-damage|p1a: Ting-Lu|79\/100 brn\n|\n|t:|1699471915\n|switch|p2a: Calyrex|Calyrex-Ice|100\/100|[from] U-turn\n|-ability|p2a: Calyrex|As One\n|-ability|p2a: Calyrex|Unnerve\n|move|p1a: Ting-Lu|Spikes|p2a: Calyrex\n|-sidestart|p2: hoenn militian|Spikes\n|\n|-weather|SunnyDay|[upkeep]\n|-heal|p1a: Ting-Lu|85\/100 brn|[from] item: Leftovers\n|-damage|p1a: Ting-Lu|79\/100 brn|[from] brn\n|upkeep\n|turn|7\n|\n|t:|1699471925\n|switch|p1a: Arceus|Arceus-Fairy|100\/100\n|-damage|p1a: Arceus|88\/100|[from] Stealth Rock\n|move|p2a: Calyrex|Glacial Lance|p1a: Arceus\n|-damage|p1a: Arceus|45\/100\n|\n|-weather|none\n|-fieldend|move: Electric Terrain\n|upkeep\n|turn|8\n|\n|t:|1699471936\n|switch|p2a: Grimmsnarl|Grimmsnarl, M|100\/100\n|move|p1a: Arceus|Judgment|p2a: Grimmsnarl\n|-supereffective|p2a: Grimmsnarl\n|-damage|p2a: Grimmsnarl|22\/100\n|\n|upkeep\n|turn|9\n|\n|t:|1699471942\n|move|p2a: Grimmsnarl|Parting Shot|p1a: Arceus\n|-unboost|p1a: Arceus|atk|1\n|-unboost|p1a: Arceus|spa|1\n|\n|t:|1699471949\n|switch|p2a: Moltres|Moltres|100\/100|[from] Parting Shot\n|move|p1a: Arceus|Judgment|p2a: Moltres\n|-resisted|p2a: Moltres\n|-damage|p2a: Moltres|85\/100\n|\n|upkeep\n|turn|10\n|\n|t:|1699471956\n|switch|p1a: Ting-Lu|Ting-Lu|79\/100 brn\n|-damage|p1a: Ting-Lu|73\/100 brn|[from] Stealth Rock\n|-ability|p1a: Ting-Lu|Vessel of Ruin\n|move|p2a: Moltres|U-turn|p1a: Ting-Lu\n|-supereffective|p1a: Ting-Lu\n|-damage|p1a: Ting-Lu|57\/100 brn\n|\n|t:|1699471964\n|switch|p2a: Calyrex|Calyrex-Ice|100\/100|[from] U-turn\n|-ability|p2a: Calyrex|As One\n|-ability|p2a: Calyrex|Unnerve\n|\n|-heal|p1a: Ting-Lu|63\/100 brn|[from] item: Leftovers\n|-damage|p1a: Ting-Lu|57\/100 brn|[from] brn\n|upkeep\n|turn|11\n|\n|t:|1699471972\n|switch|p1a: Toxapex|Toxapex, M|100\/100\n|-damage|p1a: Toxapex|88\/100|[from] Stealth Rock\n|move|p2a: Calyrex|Glacial Lance|p1a: Toxapex\n|-resisted|p1a: Toxapex\n|-damage|p1a: Toxapex|62\/100\n|\n|upkeep\n|turn|12\n|\n|t:|1699471983\n|move|p2a: Calyrex|High Horsepower|p1a: Toxapex\n|-supereffective|p1a: Toxapex\n|-damage|p1a: Toxapex|12\/100\n|-damage|p2a: Calyrex|84\/100|[from] item: Rocky Helmet|[of] p1a: Toxapex\n|move|p1a: Toxapex|Chilling Water|p2a: Calyrex\n|-damage|p2a: Calyrex|76\/100\n|-unboost|p2a: Calyrex|atk|1\n|\n|upkeep\n|turn|13\n|\n|t:|1699471991\n|switch|p1a: Arceus|Arceus|100\/100\n|-damage|p1a: Arceus|88\/100|[from] Stealth Rock\n|move|p2a: Calyrex|Glacial Lance|p1a: Arceus\n|-damage|p1a: Arceus|52\/100\n|\n|upkeep\n|turn|14\n|\n|t:|1699472001\n|switch|p2a: Moltres|Moltres|85\/100\n|move|p1a: Arceus|Shadow Claw|p2a: Moltres\n|-damage|p2a: Moltres|61\/100\n|-damage|p1a: Arceus|42\/100|[from] item: Life Orb\n|\n|upkeep\n|turn|15\n|\n|t:|1699472008\n|switch|p1a: Toxapex|Toxapex, M|46\/100\n|-damage|p1a: Toxapex|34\/100|[from] Stealth Rock\n|move|p2a: Moltres|Burning Jealousy|p1a: Toxapex\n|-resisted|p1a: Toxapex\n|-damage|p1a: Toxapex|22\/100\n|\n|upkeep\n|turn|16\n|\n|t:|1699472019\n|switch|p2a: Miraidon|Miraidon|100\/100\n|-fieldstart|move: Electric Terrain|[from] ability: Hadron Engine|[of] p2a: Miraidon\n|switch|p1a: Ting-Lu|Ting-Lu|57\/100 brn\n|-damage|p1a: Ting-Lu|51\/100 brn|[from] Stealth Rock\n|-ability|p1a: Ting-Lu|Vessel of Ruin\n|\n|-heal|p1a: Ting-Lu|57\/100 brn|[from] item: Leftovers\n|-damage|p1a: Ting-Lu|51\/100 brn|[from] brn\n|upkeep\n|turn|17\n|\n|t:|1699472031\n|move|p2a: Miraidon|U-turn|p1a: Ting-Lu\n|-supereffective|p1a: Ting-Lu\n|-damage|p1a: Ting-Lu|37\/100 brn\n|\n|t:|1699472034\n|switch|p2a: Moltres|Moltres|61\/100|[from] U-turn\n|move|p1a: Ting-Lu|Spikes|p2a: Moltres\n|-sidestart|p2: hoenn militian|Spikes\n|\n|-heal|p1a: Ting-Lu|44\/100 brn|[from] item: Leftovers\n|-damage|p1a: Ting-Lu|37\/100 brn|[from] brn\n|upkeep\n|turn|18\n|\n|t:|1699472042\n|move|p2a: Moltres|U-turn|p1a: Ting-Lu\n|-supereffective|p1a: Ting-Lu\n|-damage|p1a: Ting-Lu|22\/100 brn\n|\n|t:|1699472048\n|switch|p2a: Calyrex|Calyrex-Ice|76\/100|[from] U-turn\n|-ability|p2a: Calyrex|As One\n|-ability|p2a: Calyrex|Unnerve\n|move|p1a: Ting-Lu|Whirlwind|p2a: Calyrex\n|drag|p2a: Grimmsnarl|Grimmsnarl, M|22\/100\n|\n|-heal|p1a: Ting-Lu|28\/100 brn|[from] item: Leftovers\n|-damage|p1a: Ting-Lu|22\/100 brn|[from] brn\n|upkeep\n|turn|19\n|l| le spoon\n|\n|t:|1699472059\n|move|p2a: Grimmsnarl|Spirit Break|p1a: Ting-Lu\n|-supereffective|p1a: Ting-Lu\n|-damage|p1a: Ting-Lu|0 fnt\n|faint|p1a: Ting-Lu\n|\n|upkeep\n|\n|t:|1699472069\n|switch|p1a: Arceus|Arceus-Fairy|45\/100\n|-damage|p1a: Arceus|32\/100|[from] Stealth Rock\n|turn|20\n|\n|t:|1699472074\n|move|p2a: Grimmsnarl|Parting Shot|p1a: Arceus\n|-unboost|p1a: Arceus|atk|1\n|-unboost|p1a: Arceus|spa|1\n|\n|t:|1699472079\n|switch|p2a: Calyrex|Calyrex-Ice|76\/100|[from] Parting Shot\n|-ability|p2a: Calyrex|As One\n|-ability|p2a: Calyrex|Unnerve\n|move|p1a: Arceus|Recover|p1a: Arceus\n|-heal|p1a: Arceus|82\/100\n|\n|-fieldend|move: Electric Terrain\n|upkeep\n|turn|21\n|\n|t:|1699472088\n|move|p1a: Arceus|Judgment|p2a: Calyrex\n|-damage|p2a: Calyrex|55\/100\n|move|p2a: Calyrex|Glacial Lance|p1a: Arceus\n|-damage|p1a: Arceus|34\/100\n|\n|upkeep\n|turn|22\n|\n|t:|1699472094\n|move|p1a: Arceus|Will-O-Wisp|p2a: Calyrex\n|-status|p2a: Calyrex|brn\n|move|p2a: Calyrex|Glacial Lance|p1a: Arceus\n|-damage|p1a: Arceus|12\/100\n|\n|-damage|p2a: Calyrex|49\/100 brn|[from] brn\n|upkeep\n|turn|23\n|\n|t:|1699472104\n|switch|p2a: Blissey|Blissey, F|79\/100\n|move|p1a: Arceus|Recover|p1a: Arceus\n|-heal|p1a: Arceus|62\/100\n|\n|upkeep\n|turn|24\n|\n|t:|1699472110\n|switch|p1a: Koraidon|Koraidon|94\/100\n|-damage|p1a: Koraidon|88\/100|[from] Stealth Rock\n|-weather|SunnyDay|[from] ability: Orichalcum Pulse|[of] p1a: Koraidon\n|-activate|p1a: Koraidon|Orichalcum Pulse|[source]\n|move|p2a: Blissey|Heal Bell|p2a: Blissey\n|-activate|p2a: Blissey|move: Heal Bell\n|-curestatus|p2: Calyrex|brn|[msg]\n|\n|-weather|SunnyDay|[upkeep]\n|upkeep\n|turn|25\n|\n|t:|1699472120\n|switch|p2a: Skeledirge|Skeledirge, F|100\/100\n|move|p1a: Koraidon|Swords Dance|p1a: Koraidon\n|-boost|p1a: Koraidon|atk|2\n|\n|-weather|SunnyDay|[upkeep]\n|upkeep\n|turn|26\n|\n|t:|1699472126\n|move|p1a: Koraidon|Scale Shot|p2a: Skeledirge\n|-crit|p2a: Skeledirge\n|-damage|p2a: Skeledirge|83\/100\n|-damage|p2a: Skeledirge|71\/100\n|-damage|p2a: Skeledirge|60\/100\n|-damage|p2a: Skeledirge|48\/100\n|-damage|p2a: Skeledirge|36\/100\n|-hitcount|p2a: Skeledirge|5\n|-unboost|p1a: Koraidon|def|1\n|-boost|p1a: Koraidon|spe|1\n|move|p2a: Skeledirge|Will-O-Wisp|p1a: Koraidon\n|-status|p1a: Koraidon|brn\n|\n|-weather|SunnyDay|[upkeep]\n|-damage|p1a: Koraidon|82\/100 brn|[from] brn\n|upkeep\n|turn|27\n|\n|t:|1699472144\n|switch|p1a: Toxapex|Toxapex, M|55\/100\n|-damage|p1a: Toxapex|43\/100|[from] Stealth Rock\n|switch|p2a: Grimmsnarl|Grimmsnarl, M|22\/100\n|\n|-weather|SunnyDay|[upkeep]\n|upkeep\n|turn|28\n|\n|t:|1699472153\n|move|p2a: Grimmsnarl|Parting Shot|p1a: Toxapex\n|-unboost|p1a: Toxapex|atk|1\n|-unboost|p1a: Toxapex|spa|1\n|\n|t:|1699472156\n|switch|p2a: Skeledirge|Skeledirge, F|36\/100|[from] Parting Shot\n|move|p1a: Toxapex|Recover|p1a: Toxapex\n|-heal|p1a: Toxapex|93\/100\n|\n|-weather|none\n|upkeep\n|turn|29\n|\n|t:|1699472163\n|move|p2a: Skeledirge|Slack Off|p2a: Skeledirge\n|-heal|p2a: Skeledirge|86\/100\n|move|p1a: Toxapex|Toxic|p2a: Skeledirge\n|-status|p2a: Skeledirge|tox\n|\n|-damage|p2a: Skeledirge|80\/100 tox|[from] psn\n|upkeep\n|turn|30\n|\n|t:|1699472170\n|switch|p2a: Blissey|Blissey, F|79\/100\n|move|p1a: Toxapex|Chilling Water|p2a: Blissey\n|-crit|p2a: Blissey\n|-damage|p2a: Blissey|75\/100\n|-unboost|p2a: Blissey|atk|1\n|\n|upkeep\n|turn|31\n|\n|t:|1699472177\n|switch|p1a: Arceus|Arceus|42\/100\n|-damage|p1a: Arceus|30\/100|[from] Stealth Rock\n|move|p2a: Blissey|Heal Bell|p2a: Blissey\n|-activate|p2a: Blissey|move: Heal Bell\n|-curestatus|p2: Skeledirge|tox|[msg]\n|\n|upkeep\n|turn|32\n|\n|t:|1699472188\n|switch|p2a: Moltres|Moltres|61\/100\n|move|p1a: Arceus|Shadow Claw|p2a: Moltres\n|-crit|p2a: Moltres\n|-damage|p2a: Moltres|28\/100\n|-damage|p1a: Arceus|20\/100|[from] item: Life Orb\n|\n|upkeep\n|turn|33\n|\n|t:|1699472195\n|move|p1a: Arceus|Extreme Speed|p2a: Moltres\n|-damage|p2a: Moltres|0 fnt\n|faint|p2a: Moltres\n|-damage|p1a: Arceus|10\/100|[from] item: Life Orb\n|\n|upkeep\n|\n|t:|1699472205\n|switch|p2a: Calyrex|Calyrex-Ice|49\/100\n|-ability|p2a: Calyrex|As One\n|-ability|p2a: Calyrex|Unnerve\n|turn|34\n|\n|t:|1699472210\n|move|p1a: Arceus|Recover|p1a: Arceus\n|-heal|p1a: Arceus|60\/100\n|move|p2a: Calyrex|Glacial Lance|p1a: Arceus\n|-damage|p1a: Arceus|2\/100\n|\n|upkeep\n|turn|35\n|\n|t:|1699472217\n|move|p1a: Arceus|Extreme Speed|p2a: Calyrex\n|-damage|p2a: Calyrex|15\/100\n|-damage|p1a: Arceus|0 fnt|[from] item: Life Orb\n|faint|p1a: Arceus\n|move|p2a: Calyrex|Glacial Lance|p1: Arceus|[notarget]\n|-fail|p2a: Calyrex\n|\n|upkeep\n|\n|t:|1699472223\n|switch|p1a: Calyrex|Calyrex-Shadow|100\/100\n|-ability|p1a: Calyrex|As One\n|-ability|p1a: Calyrex|Unnerve\n|-damage|p1a: Calyrex|88\/100|[from] Stealth Rock\n|turn|36\n|\n|t:|1699472230\n|switch|p2a: Blissey|Blissey, F|75\/100\n|move|p1a: Calyrex|Grass Knot|p2a: Blissey\n|-damage|p2a: Blissey|68\/100\n|\n|upkeep\n|turn|37\n|\n|t:|1699472237\n|switch|p1a: Koraidon|Koraidon|82\/100 brn\n|-damage|p1a: Koraidon|76\/100 brn|[from] Stealth Rock\n|-weather|SunnyDay|[from] ability: Orichalcum Pulse|[of] p1a: Koraidon\n|-activate|p1a: Koraidon|Orichalcum Pulse|[source]\n|switch|p2a: Grimmsnarl|Grimmsnarl, M|22\/100\n|\n|-weather|SunnyDay|[upkeep]\n|-damage|p1a: Koraidon|70\/100 brn|[from] brn\n|upkeep\n|turn|38\n|\n|t:|1699472248\n|move|p2a: Grimmsnarl|Parting Shot|p1a: Koraidon\n|-unboost|p1a: Koraidon|atk|1\n|-unboost|p1a: Koraidon|spa|1\n|\n|t:|1699472253\n|switch|p2a: Skeledirge|Skeledirge, F|80\/100|[from] Parting Shot\n|move|p1a: Koraidon|Flare Blitz|p2a: Skeledirge\n|-resisted|p2a: Skeledirge\n|-damage|p2a: Skeledirge|67\/100\n|-damage|p1a: Koraidon|64\/100 brn|[from] Recoil\n|\n|-weather|SunnyDay|[upkeep]\n|-damage|p1a: Koraidon|58\/100 brn|[from] brn\n|upkeep\n|turn|39\n|\n|t:|1699472262\n|switch|p1a: Toxapex|Toxapex, M|100\/100\n|-damage|p1a: Toxapex|88\/100|[from] Stealth Rock\n|move|p2a: Skeledirge|Hex|p1a: Toxapex\n|-damage|p1a: Toxapex|69\/100\n|\n|-weather|SunnyDay|[upkeep]\n|upkeep\n|turn|40\n|\n|t:|1699472270\n|switch|p2a: Blissey|Blissey, F|68\/100\n|switch|p1a: Koraidon|Koraidon|58\/100 brn\n|-damage|p1a: Koraidon|52\/100 brn|[from] Stealth Rock\n|-activate|p1a: Koraidon|ability: Orichalcum Pulse\n|\n|-weather|SunnyDay|[upkeep]\n|-damage|p1a: Koraidon|46\/100 brn|[from] brn\n|upkeep\n|turn|41\n|\n|t:|1699472282\n|switch|p2a: Calyrex|Calyrex-Ice|15\/100\n|-ability|p2a: Calyrex|As One\n|-ability|p2a: Calyrex|Unnerve\n|move|p1a: Koraidon|Close Combat|p2a: Calyrex\n|-damage|p2a: Calyrex|0 fnt\n|-unboost|p1a: Koraidon|def|1\n|-unboost|p1a: Koraidon|spd|1\n|faint|p2a: Calyrex\n|\n|-weather|none\n|-damage|p1a: Koraidon|40\/100 brn|[from] brn\n|upkeep\n|\n|t:|1699472299\n|switch|p2a: Skeledirge|Skeledirge, F|67\/100\n|turn|42\n|\n|t:|1699472302\n|switch|p1a: Toxapex|Toxapex, M|100\/100\n|-damage|p1a: Toxapex|88\/100|[from] Stealth Rock\n|move|p2a: Skeledirge|Will-O-Wisp|p1a: Toxapex\n|-status|p1a: Toxapex|brn\n|\n|-damage|p1a: Toxapex|82\/100 brn|[from] brn\n|upkeep\n|turn|43\n|\n|t:|1699472312\n|switch|p2a: Blissey|Blissey, F|68\/100\n|move|p1a: Toxapex|Toxic|p2a: Blissey\n|-status|p2a: Blissey|tox\n|\n|-damage|p2a: Blissey|61\/100 tox|[from] psn\n|-damage|p1a: Toxapex|76\/100 brn|[from] brn\n|upkeep\n|turn|44\n|\n|t:|1699472321\n|switch|p1a: Koraidon|Koraidon|40\/100 brn\n|-damage|p1a: Koraidon|34\/100 brn|[from] Stealth Rock\n|-weather|SunnyDay|[from] ability: Orichalcum Pulse|[of] p1a: Koraidon\n|-activate|p1a: Koraidon|Orichalcum Pulse|[source]\n|move|p2a: Blissey|Soft-Boiled|p2a: Blissey\n|-heal|p2a: Blissey|100\/100 tox\n|\n|-weather|SunnyDay|[upkeep]\n|-damage|p2a: Blissey|88\/100 tox|[from] psn\n|-damage|p1a: Koraidon|27\/100 brn|[from] brn\n|upkeep\n|turn|45\n|\n|t:|1699472332\n|-curestatus|p2a: Blissey|tox|[from] ability: Natural Cure\n|switch|p2a: Skeledirge|Skeledirge, F|67\/100\n|move|p1a: Koraidon|Scale Shot|p2a: Skeledirge|[miss]\n|-miss|p1a: Koraidon|p2a: Skeledirge\n|\n|-weather|SunnyDay|[upkeep]\n|-damage|p1a: Koraidon|21\/100 brn|[from] brn\n|upkeep\n|turn|46\n|\n|t:|1699472343\n|switch|p1a: Toxapex|Toxapex, M|100\/100 brn\n|-damage|p1a: Toxapex|88\/100 brn|[from] Stealth Rock\n|move|p2a: Skeledirge|Slack Off|p2a: Skeledirge\n|-heal|p2a: Skeledirge|100\/100\n|\n|-weather|SunnyDay|[upkeep]\n|-damage|p1a: Toxapex|82\/100 brn|[from] brn\n|upkeep\n|turn|47\n|\n|t:|1699472351\n|switch|p2a: Blissey|Blissey, F|88\/100\n|move|p1a: Toxapex|Toxic|p2a: Blissey\n|-status|p2a: Blissey|tox\n|\n|-weather|SunnyDay|[upkeep]\n|-damage|p2a: Blissey|82\/100 tox|[from] psn\n|-damage|p1a: Toxapex|76\/100 brn|[from] brn\n|upkeep\n|turn|48\n|\n|t:|1699472359\n|-curestatus|p2a: Blissey|tox|[from] ability: Natural Cure\n|switch|p2a: Miraidon|Miraidon|100\/100\n|-fieldstart|move: Electric Terrain|[from] ability: Hadron Engine|[of] p2a: Miraidon\n|move|p1a: Toxapex|Chilling Water|p2a: Miraidon\n|-resisted|p2a: Miraidon\n|-damage|p2a: Miraidon|98\/100\n|-unboost|p2a: Miraidon|atk|1\n|\n|-weather|none\n|-damage|p1a: Toxapex|70\/100 brn|[from] brn\n|upkeep\n|turn|49\n|\n|t:|1699472372\n|switch|p1a: Koraidon|Koraidon|21\/100 brn\n|-damage|p1a: Koraidon|15\/100 brn|[from] Stealth Rock\n|-weather|SunnyDay|[from] ability: Orichalcum Pulse|[of] p1a: Koraidon\n|-activate|p1a: Koraidon|Orichalcum Pulse|[source]\n|move|p2a: Miraidon|Electro Drift|p1a: Koraidon\n|-resisted|p1a: Koraidon\n|-damage|p1a: Koraidon|0 fnt\n|faint|p1a: Koraidon\n|\n|-weather|SunnyDay|[upkeep]\n|upkeep\n|\n|t:|1699472374\n|switch|p1a: Calyrex|Calyrex-Shadow|88\/100\n|-ability|p1a: Calyrex|As One\n|-ability|p1a: Calyrex|Unnerve\n|-damage|p1a: Calyrex|76\/100|[from] Stealth Rock\n|turn|50\n|\n|t:|1699472388\n|move|p1a: Calyrex|Astral Barrage|p2a: Miraidon\n|-damage|p2a: Miraidon|30\/100\n|move|p2a: Miraidon|Electro Drift|p1a: Calyrex\n|-damage|p1a: Calyrex|0 fnt\n|faint|p1a: Calyrex\n|\n|-weather|SunnyDay|[upkeep]\n|upkeep\n|\n|t:|1699472393\n|switch|p1a: Arceus|Arceus-Fairy|62\/100\n|-damage|p1a: Arceus|49\/100|[from] Stealth Rock\n|turn|51\n|\n|t:|1699472399\n|move|p2a: Miraidon|Electro Drift|p1a: Arceus\n|-damage|p1a: Arceus|0 fnt\n|faint|p1a: Arceus\n|\n|-weather|SunnyDay|[upkeep]\n|upkeep\n|\n|t:|1699472401\n|switch|p1a: Toxapex|Toxapex, M|100\/100 brn\n|-damage|p1a: Toxapex|88\/100 brn|[from] Stealth Rock\n|turn|52\n|\n|t:|1699472408\n|move|p2a: Miraidon|Electro Drift|p1a: Toxapex\n|-supereffective|p1a: Toxapex\n|-damage|p1a: Toxapex|0 fnt\n|-damage|p2a: Miraidon|13\/100|[from] item: Rocky Helmet|[of] p1a: Toxapex\n|faint|p1a: Toxapex\n|\n|win|hoenn militian\n|raw|Puigson's rating: 1694 &rarr; <strong>1680<\/strong><br \/>(-14 for losing)\n|raw|hoenn militian's rating: 1798 &rarr; <strong>1812<\/strong><br \/>(+14 for winning)\n|l|\u2606Puigson\n","uploadtime":1699472425,"views":12,"p1id":"puigson","p2id":"hoennmilitian","formatid":"gen9anythinggoes","rating":1680,"private":0,"password":""}