{"id":"gen9anythinggoes-1979786074","p1":"GigaBytes7","p2":"thatbreloomguy","format":"[Gen 9] Anything Goes","log":"|j|\u2606GigaBytes7\n|j|\u2606thatbreloomguy\n|t:|1698713102\n|gametype|singles\n|player|p1|GigaBytes7|elaine|\n|player|p2|thatbreloomguy|170|\n|teamsize|p1|6\n|teamsize|p2|6\n|gen|9\n|tier|[Gen 9] Anything Goes\n|rule|HP Percentage Mod: HP is shown in percentages\n|rule|Endless Battle Clause: Forcing endless battles is banned\n|clearpoke\n|poke|p1|Koraidon|\n|poke|p1|Miraidon|\n|poke|p1|Ting-Lu|\n|poke|p1|Calyrex-Shadow|\n|poke|p1|Arceus|\n|poke|p1|Arceus-Water|\n|poke|p2|Arceus|\n|poke|p2|Zacian-*|\n|poke|p2|Arceus-Ground|\n|poke|p2|Calyrex-Shadow|\n|poke|p2|Miraidon|\n|poke|p2|Breloom, F|\n|teampreview\n|inactive|Battle timer is ON: inactive players will automatically lose when time's up. (requested by GigaBytes7)\n|c|\u2606GigaBytes7|glhf\n|c|\u2606thatbreloomguy|u2\n|\n|t:|1698713115\n|start\n|switch|p1a: Koraidon|Koraidon|100\/100\n|switch|p2a: Arceus|Arceus-Ground|100\/100\n|-weather|SunnyDay|[from] ability: Orichalcum Pulse|[of] p1a: Koraidon\n|-activate|p1a: Koraidon|Orichalcum Pulse|[source]\n|turn|1\n|\n|t:|1698713131\n|move|p1a: Koraidon|Close Combat|p2a: Arceus\n|-damage|p2a: Arceus|41\/100\n|-unboost|p1a: Koraidon|def|1\n|-unboost|p1a: Koraidon|spd|1\n|move|p2a: Arceus|Stealth Rock|p1a: Koraidon\n|-sidestart|p1: GigaBytes7|move: Stealth Rock\n|\n|-weather|SunnyDay|[upkeep]\n|upkeep\n|turn|2\n|\n|t:|1698713136\n|move|p1a: Koraidon|Close Combat|p2a: Arceus\n|-damage|p2a: Arceus|0 fnt\n|-unboost|p1a: Koraidon|def|1\n|-unboost|p1a: Koraidon|spd|1\n|faint|p2a: Arceus\n|\n|-weather|SunnyDay|[upkeep]\n|upkeep\n|\n|t:|1698713148\n|switch|p2a: Calyrex|Calyrex-Shadow|100\/100\n|-ability|p2a: Calyrex|As One\n|-ability|p2a: Calyrex|Unnerve\n|turn|3\n|\n|t:|1698713154\n|switch|p1a: Ting-Lu|Ting-Lu|100\/100\n|-damage|p1a: Ting-Lu|94\/100|[from] Stealth Rock\n|-ability|p1a: Ting-Lu|Vessel of Ruin\n|move|p2a: Calyrex|Astral Barrage|p1a: Ting-Lu\n|-resisted|p1a: Ting-Lu\n|-damage|p1a: Ting-Lu|79\/100\n|\n|-weather|SunnyDay|[upkeep]\n|-heal|p1a: Ting-Lu|85\/100|[from] item: Leftovers\n|upkeep\n|turn|4\n|\n|t:|1698713165\n|switch|p2a: Breloom|Breloom, F|100\/100\n|move|p1a: Ting-Lu|Spikes|p2a: Breloom\n|-sidestart|p2: thatbreloomguy|Spikes\n|\n|-weather|SunnyDay|[upkeep]\n|-heal|p1a: Ting-Lu|91\/100|[from] item: Leftovers\n|upkeep\n|turn|5\n|\n|t:|1698713173\n|switch|p1a: Miraidon|Miraidon|100\/100\n|-damage|p1a: Miraidon|88\/100|[from] Stealth Rock\n|-fieldstart|move: Electric Terrain|[from] ability: Hadron Engine|[of] p1a: Miraidon\n|move|p2a: Breloom|Bullet Seed|p1a: Miraidon\n|-resisted|p1a: Miraidon\n|-damage|p1a: Miraidon|78\/100\n|-resisted|p1a: Miraidon\n|-damage|p1a: Miraidon|68\/100\n|-hitcount|p1a: Miraidon|2\n|\n|-weather|none\n|upkeep\n|turn|6\n|\n|t:|1698713178\n|-terastallize|p2a: Breloom|Ground\n|move|p1a: Miraidon|Volt Switch|p2a: Breloom\n|-immune|p2a: Breloom\n|move|p2a: Breloom|Bulldoze|p1a: Miraidon\n|-supereffective|p1a: Miraidon\n|-damage|p1a: Miraidon|0 fnt\n|faint|p1a: Miraidon\n|\n|upkeep\n|c|\u2606thatbreloomguy|breloom moment\n|\n|t:|1698713187\n|switch|p1a: Koraidon|Koraidon|100\/100\n|-damage|p1a: Koraidon|94\/100|[from] Stealth Rock\n|-weather|SunnyDay|[from] ability: Orichalcum Pulse|[of] p1a: Koraidon\n|-activate|p1a: Koraidon|Orichalcum Pulse|[source]\n|turn|7\n|c|\u2606GigaBytes7|indeed\n|\n|t:|1698713200\n|move|p1a: Koraidon|U-turn|p2a: Breloom\n|-damage|p2a: Breloom|50\/100\n|\n|t:|1698713207\n|switch|p1a: Calyrex|Calyrex-Shadow|100\/100|[from] U-turn\n|-ability|p1a: Calyrex|As One\n|-ability|p1a: Calyrex|Unnerve\n|move|p2a: Breloom|Bulldoze|p1a: Calyrex\n|-damage|p1a: Calyrex|41\/100\n|-unboost|p1a: Calyrex|spe|1\n|\n|-weather|SunnyDay|[upkeep]\n|upkeep\n|turn|8\n|\n|t:|1698713220\n|move|p1a: Calyrex|Astral Barrage|p2a: Breloom\n|-damage|p2a: Breloom|0 fnt\n|faint|p2a: Breloom\n|-ability|p1a: Calyrex|Grim Neigh|boost\n|-boost|p1a: Calyrex|spa|1\n|\n|-weather|SunnyDay|[upkeep]\n|upkeep\n|\n|t:|1698713227\n|switch|p2a: Calyrex|Calyrex-Shadow|100\/100\n|-ability|p2a: Calyrex|As One\n|-ability|p2a: Calyrex|Unnerve\n|-damage|p2a: Calyrex|88\/100|[from] Spikes\n|turn|9\n|\n|t:|1698713247\n|switch|p1a: Ting-Lu|Ting-Lu|91\/100\n|-damage|p1a: Ting-Lu|85\/100|[from] Stealth Rock\n|-ability|p1a: Ting-Lu|Vessel of Ruin\n|move|p2a: Calyrex|Astral Barrage|p1a: Ting-Lu\n|-resisted|p1a: Ting-Lu\n|-damage|p1a: Ting-Lu|69\/100\n|\n|-weather|SunnyDay|[upkeep]\n|-heal|p1a: Ting-Lu|75\/100|[from] item: Leftovers\n|-fieldend|move: Electric Terrain\n|upkeep\n|turn|10\n|\n|t:|1698713256\n|move|p2a: Calyrex|Nasty Plot|p2a: Calyrex\n|-boost|p2a: Calyrex|spa|2\n|move|p1a: Ting-Lu|Earthquake|p2a: Calyrex\n|-damage|p2a: Calyrex|41\/100\n|\n|-weather|SunnyDay|[upkeep]\n|-heal|p1a: Ting-Lu|81\/100|[from] item: Leftovers\n|upkeep\n|turn|11\n|\n|t:|1698713265\n|move|p2a: Calyrex|Tera Blast|p1a: Ting-Lu\n|-damage|p1a: Ting-Lu|52\/100\n|move|p1a: Ting-Lu|Earthquake|p2a: Calyrex\n|-damage|p2a: Calyrex|0 fnt\n|faint|p2a: Calyrex\n|\n|-weather|none\n|-heal|p1a: Ting-Lu|58\/100|[from] item: Leftovers\n|upkeep\n|c|\u2606thatbreloomguy|yeah uh\n|c|\u2606thatbreloomguy|i was more or less expecting spikes\n|c|\u2606GigaBytes7|tera fight?\n|\n|t:|1698713282\n|switch|p2a: Zacian|Zacian-Crowned|100\/100\n|-damage|p2a: Zacian|88\/100|[from] Spikes\n|-ability|p2a: Zacian|Intrepid Sword|boost\n|-boost|p2a: Zacian|atk|1\n|turn|12\n|c|\u2606thatbreloomguy|yes\n|c|\u2606thatbreloomguy|that too\n|c|\u2606thatbreloomguy|but um\n|c|\u2606GigaBytes7|havent seen that in a while\n|c|\u2606thatbreloomguy|my masterful breloom tera'd so\n|inactive|thatbreloomguy has 270 seconds left.\n|\n|t:|1698713309\n|switch|p1a: Arceus|Arceus-Water|100\/100\n|-damage|p1a: Arceus|88\/100|[from] Stealth Rock\n|move|p2a: Zacian|Behemoth Blade|p1a: Arceus\n|-resisted|p1a: Arceus\n|-damage|p1a: Arceus|68\/100\n|\n|upkeep\n|turn|13\n|c|\u2606GigaBytes7|yeah\n|\n|t:|1698713314\n|move|p2a: Zacian|Wild Charge|p1a: Arceus\n|-supereffective|p1a: Arceus\n|-damage|p1a: Arceus|18\/100\n|-damage|p2a: Zacian|72\/100|[from] Recoil\n|move|p1a: Arceus|Will-O-Wisp|p2a: Zacian|[miss]\n|-miss|p1a: Arceus|p2a: Zacian\n|\n|upkeep\n|turn|14\n|c|\u2606GigaBytes7|i hate this game\n|\n|t:|1698713320\n|move|p2a: Zacian|Behemoth Blade|p1a: Arceus\n|-resisted|p1a: Arceus\n|-damage|p1a: Arceus|0 fnt\n|faint|p1a: Arceus\n|\n|upkeep\n|\n|t:|1698713322\n|switch|p1a: Koraidon|Koraidon|94\/100\n|-damage|p1a: Koraidon|88\/100|[from] Stealth Rock\n|-weather|SunnyDay|[from] ability: Orichalcum Pulse|[of] p1a: Koraidon\n|-activate|p1a: Koraidon|Orichalcum Pulse|[source]\n|turn|15\n|c|\u2606thatbreloomguy|oh hey rng\n|c|\u2606thatbreloomguy|neat\n|\n|t:|1698713328\n|move|p1a: Koraidon|Flare Blitz|p2a: Zacian\n|-supereffective|p2a: Zacian\n|-damage|p2a: Zacian|0 fnt\n|faint|p2a: Zacian\n|-damage|p1a: Koraidon|65\/100|[from] Recoil\n|\n|-weather|SunnyDay|[upkeep]\n|upkeep\n|c|\u2606thatbreloomguy|scarf\n|c|\u2606GigaBytes7|yeah\n|c|\u2606thatbreloomguy|shouldve seen that coming\n|\n|t:|1698713342\n|switch|p2a: Miraidon|Miraidon|100\/100\n|-damage|p2a: Miraidon|88\/100|[from] Spikes\n|-fieldstart|move: Electric Terrain|[from] ability: Hadron Engine|[of] p2a: Miraidon\n|turn|16\n|c|\u2606thatbreloomguy|speed tie moment\n|\n|t:|1698713354\n|switch|p1a: Ting-Lu|Ting-Lu|58\/100\n|-damage|p1a: Ting-Lu|52\/100|[from] Stealth Rock\n|-ability|p1a: Ting-Lu|Vessel of Ruin\n|move|p2a: Miraidon|Dazzling Gleam|p1a: Ting-Lu\n|-supereffective|p1a: Ting-Lu\n|-damage|p1a: Ting-Lu|20\/100\n|\n|-weather|SunnyDay|[upkeep]\n|-heal|p1a: Ting-Lu|26\/100|[from] item: Leftovers\n|upkeep\n|turn|17\n|\n|t:|1698713362\n|-terastallize|p1a: Ting-Lu|Poison\n|move|p2a: Miraidon|Dazzling Gleam|p1a: Ting-Lu\n|-resisted|p1a: Ting-Lu\n|-damage|p1a: Ting-Lu|18\/100\n|move|p1a: Ting-Lu|Earthquake|p2a: Miraidon\n|-supereffective|p2a: Miraidon\n|-crit|p2a: Miraidon\n|-damage|p2a: Miraidon|0 fnt\n|faint|p2a: Miraidon\n|\n|-weather|SunnyDay|[upkeep]\n|-heal|p1a: Ting-Lu|25\/100|[from] item: Leftovers\n|upkeep\n|\n|t:|1698713371\n|switch|p2a: Arceus|Arceus|100\/100\n|-damage|p2a: Arceus|88\/100|[from] Spikes\n|turn|18\n|\n|t:|1698713377\n|move|p2a: Arceus|Earthquake|p1a: Ting-Lu\n|-supereffective|p1a: Ting-Lu\n|-damage|p1a: Ting-Lu|0 fnt\n|faint|p1a: Ting-Lu\n|-damage|p2a: Arceus|78\/100|[from] item: Life Orb\n|\n|-weather|SunnyDay|[upkeep]\n|upkeep\n|\n|t:|1698713381\n|switch|p1a: Koraidon|Koraidon|65\/100\n|-damage|p1a: Koraidon|59\/100|[from] Stealth Rock\n|-activate|p1a: Koraidon|ability: Orichalcum Pulse\n|turn|19\n|\n|t:|1698713393\n|move|p2a: Arceus|Extreme Speed|p1a: Koraidon\n|-damage|p1a: Koraidon|9\/100\n|-damage|p2a: Arceus|68\/100|[from] item: Life Orb\n|move|p1a: Koraidon|Close Combat|p2a: Arceus\n|-supereffective|p2a: Arceus\n|-damage|p2a: Arceus|0 fnt\n|-unboost|p1a: Koraidon|def|1\n|-unboost|p1a: Koraidon|spd|1\n|faint|p2a: Arceus\n|\n|win|GigaBytes7\n|c|\u2606GigaBytes7|i think thats gg\n|c|\u2606thatbreloomguy|ggs\n|c|\u2606GigaBytes7|gg\n|c|\u2606GigaBytes7|wp\n|c|\u2606thatbreloomguy|u2\n|c|\u2606GigaBytes7|nice team\n","uploadtime":1698713404,"views":9,"p1id":"gigabytes7","p2id":"thatbreloomguy","formatid":"gen9anythinggoes","rating":0,"private":0,"password":""}