{"id":"gen9anythinggoes-1971528836","p1":"vivyan_again","p2":"vivyan_owo","format":"[Gen 9] Anything Goes","log":"|j|\u2606vivyan_again\n|j|\u2606vivyan_owo\n|t:|1697745739\n|gametype|singles\n|player|p1|vivyan_again|bellelba|\n|player|p2|vivyan_owo|acerola-masters|\n|teamsize|p1|2\n|teamsize|p2|2\n|gen|9\n|tier|[Gen 9] Anything Goes\n|rule|HP Percentage Mod: HP is shown in percentages\n|rule|Endless Battle Clause: Forcing endless battles is banned\n|clearpoke\n|poke|p1|Sinistcha|\n|poke|p1|Rotom-Wash|\n|poke|p2|Regieleki|\n|poke|p2|Tornadus, M|\n|teampreview\n|inactive|Battle timer is ON: inactive players will automatically lose when time's up. (requested by vivyan_again)\n|inactive|vivyan_owo also wants the timer to be on.\n|\n|t:|1697745763\n|start\n|switch|p1a: Rotom|Rotom-Wash|100\/100\n|switch|p2a: Tornadus|Tornadus, M|100\/100\n|turn|1\n|\n|t:|1697745770\n|switch|p1a: Sinistcha|Sinistcha|100\/100\n|move|p2a: Tornadus|Tailwind|p2a: Tornadus\n|-sidestart|p2: vivyan_owo|move: Tailwind\n|\n|upkeep\n|turn|2\n|\n|t:|1697745774\n|switch|p2a: Regieleki|Regieleki|100\/100\n|switch|p1a: Rotom|Rotom-Wash|100\/100\n|\n|upkeep\n|turn|3\n|\n|t:|1697745778\n|switch|p1a: Sinistcha|Sinistcha|100\/100\n|move|p2a: Regieleki|Agility|p2a: Regieleki\n|-boost|p2a: Regieleki|spe|2\n|\n|upkeep\n|turn|4\n|\n|t:|1697745782\n|switch|p1a: Rotom|Rotom-Wash|100\/100\n|move|p2a: Regieleki|Agility|p2a: Regieleki\n|-boost|p2a: Regieleki|spe|2\n|\n|-sideend|p2: vivyan_owo|move: Tailwind\n|upkeep\n|turn|5\n|inactive|vivyan_again has 270 seconds left.\n|\n|t:|1697745821\n|move|p2a: Regieleki|Agility|p2a: Regieleki\n|-boost|p2a: Regieleki|spe|2\n|move|p1a: Rotom|Trick|p2a: Regieleki\n|-activate|p1a: Rotom|move: Trick|[of] p2a: Regieleki\n|-item|p2a: Regieleki|Choice Scarf|[from] move: Trick\n|-enditem|p1a: Rotom|Choice Scarf|[silent]|[from] move: Trick\n|\n|upkeep\n|turn|6\n|inactive|vivyan_again has 270 seconds left.\n|\n|t:|1697745837\n|switch|p1a: Sinistcha|Sinistcha|100\/100\n|move|p2a: Regieleki|Thunderbolt|p1a: Sinistcha\n|-resisted|p1a: Sinistcha\n|-damage|p1a: Sinistcha|72\/100\n|\n|upkeep\n|turn|7\n|inactive|vivyan_again has 270 seconds left.\n|\n|t:|1697745844\n|move|p2a: Regieleki|Thunderbolt|p1a: Sinistcha\n|-resisted|p1a: Sinistcha\n|-damage|p1a: Sinistcha|42\/100\n|move|p1a: Sinistcha|Trick Room|p1a: Sinistcha\n|-fieldstart|move: Trick Room|[of] p1a: Sinistcha\n|-enditem|p1a: Sinistcha|Room Service\n|-unboost|p1a: Sinistcha|spe|1|[from] item: Room Service\n|\n|upkeep\n|turn|8\n|\n|t:|1697745849\n|move|p2a: Regieleki|Thunderbolt|p1a: Sinistcha\n|-resisted|p1a: Sinistcha\n|-damage|p1a: Sinistcha|10\/100\n|move|p1a: Sinistcha|Matcha Gotcha|p2a: Regieleki\n|-damage|p2a: Regieleki|7\/100\n|-heal|p1a: Sinistcha|51\/100|[from] drain|[of] p2a: Regieleki\n|\n|upkeep\n|turn|9\n|\n|t:|1697745864\n|-terastallize|p2a: Regieleki|Electric\n|move|p2a: Regieleki|Thunderbolt|p1a: Sinistcha\n|-resisted|p1a: Sinistcha\n|-damage|p1a: Sinistcha|12\/100\n|move|p1a: Sinistcha|Shadow Ball|p2a: Regieleki\n|-damage|p2a: Regieleki|0 fnt\n|faint|p2a: Regieleki\n|\n|upkeep\n|\n|t:|1697745870\n|switch|p2a: Tornadus|Tornadus, M|100\/100\n|turn|10\n|\n|t:|1697745878\n|move|p1a: Sinistcha|Shadow Ball|p2a: Tornadus\n|-damage|p2a: Tornadus|42\/100\n|move|p2a: Tornadus|Air Slash|p1a: Sinistcha\n|-supereffective|p1a: Sinistcha\n|-damage|p1a: Sinistcha|0 fnt\n|faint|p1a: Sinistcha\n|\n|upkeep\n|\n|t:|1697745881\n|switch|p1a: Rotom|Rotom-Wash|100\/100\n|turn|11\n|\n|t:|1697745885\n|move|p1a: Rotom|Thunderbolt|p2a: Tornadus\n|-supereffective|p2a: Tornadus\n|-damage|p2a: Tornadus|0 fnt\n|faint|p2a: Tornadus\n|\n|win|vivyan_again\n","uploadtime":1697745896,"views":16,"p1id":"vivyanagain","p2id":"vivyanowo","formatid":"gen9anythinggoes","rating":0,"private":0,"password":""}