{"id":"gen9anythinggoes-1991688513","p1":"sllepylikescuties","p2":"monkey kkk","format":"[Gen 9] Anything Goes","log":"|j|\u203dsllepylikescuties\n|j|\u2606monkey kkk\n|t:|1700102851\n|gametype|singles\n|player|p1|sllepylikescuties|caitlin|1016\n|player|p2|monkey kkk|twins-gen4dp|1050\n|teamsize|p1|6\n|teamsize|p2|6\n|gen|9\n|tier|[Gen 9] Anything Goes\n|rated|\n|rule|HP Percentage Mod: HP is shown in percentages\n|rule|Endless Battle Clause: Forcing endless battles is banned\n|clearpoke\n|poke|p1|Cloyster, F|\n|poke|p1|Zacian-*|\n|poke|p1|Lurantis, F|\n|poke|p1|Kyogre|\n|poke|p1|Volcarona, F|\n|poke|p1|Vivillon-Pokeball, F|\n|poke|p2|Zacian-*|\n|poke|p2|Espathra, F|\n|poke|p2|Regieleki|\n|poke|p2|Calyrex-Ice|\n|poke|p2|Uxie|\n|poke|p2|Flutter Mane|\n|teampreview\n|inactive|Battle timer is ON: inactive players will automatically lose when time's up. (requested by sllepylikescuties)\n|\n|t:|1700102860\n|start\n|switch|p1a: Vivillon|Vivillon-Pokeball, F|100\/100\n|switch|p2a: Espathra|Espathra, F|100\/100\n|turn|1\n|\n|t:|1700102868\n|move|p2a: Espathra|Substitute|p2a: Espathra\n|-start|p2a: Espathra|Substitute\n|-damage|p2a: Espathra|76\/100\n|move|p1a: Vivillon|Sleep Powder||[still]\n|-fail|p1a: Vivillon\n|\n|-ability|p2a: Espathra|Speed Boost|boost\n|-boost|p2a: Espathra|spe|1\n|upkeep\n|turn|2\n|\n|t:|1700102876\n|move|p2a: Espathra|Calm Mind|p2a: Espathra\n|-boost|p2a: Espathra|spa|1\n|-boost|p2a: Espathra|spd|1\n|move|p1a: Vivillon|Quiver Dance|p1a: Vivillon\n|-boost|p1a: Vivillon|spa|1\n|-boost|p1a: Vivillon|spd|1\n|-boost|p1a: Vivillon|spe|1\n|\n|-ability|p2a: Espathra|Speed Boost|boost\n|-boost|p2a: Espathra|spe|1\n|upkeep\n|turn|3\n|\n|t:|1700102884\n|move|p2a: Espathra|Calm Mind|p2a: Espathra\n|-boost|p2a: Espathra|spa|1\n|-boost|p2a: Espathra|spd|1\n|move|p1a: Vivillon|Quiver Dance|p1a: Vivillon\n|-boost|p1a: Vivillon|spa|1\n|-boost|p1a: Vivillon|spd|1\n|-boost|p1a: Vivillon|spe|1\n|\n|-ability|p2a: Espathra|Speed Boost|boost\n|-boost|p2a: Espathra|spe|1\n|upkeep\n|turn|4\n|\n|t:|1700102888\n|move|p2a: Espathra|Calm Mind|p2a: Espathra\n|-boost|p2a: Espathra|spa|1\n|-boost|p2a: Espathra|spd|1\n|move|p1a: Vivillon|Hurricane|p2a: Espathra\n|-crit|p2a: Espathra\n|-end|p2a: Espathra|Substitute\n|\n|-ability|p2a: Espathra|Speed Boost|boost\n|-boost|p2a: Espathra|spe|1\n|upkeep\n|turn|5\n|\n|t:|1700102895\n|move|p2a: Espathra|Substitute|p2a: Espathra\n|-start|p2a: Espathra|Substitute\n|-damage|p2a: Espathra|51\/100\n|move|p1a: Vivillon|Hurricane|p2a: Espathra\n|-end|p2a: Espathra|Substitute\n|\n|-ability|p2a: Espathra|Speed Boost|boost\n|-boost|p2a: Espathra|spe|1\n|upkeep\n|turn|6\n|\n|t:|1700102901\n|move|p2a: Espathra|Substitute|p2a: Espathra\n|-start|p2a: Espathra|Substitute\n|-damage|p2a: Espathra|26\/100\n|move|p1a: Vivillon|Hurricane|p2a: Espathra\n|-end|p2a: Espathra|Substitute\n|\n|-ability|p2a: Espathra|Speed Boost|boost\n|-boost|p2a: Espathra|spe|1\n|upkeep\n|turn|7\n|\n|t:|1700102906\n|move|p2a: Espathra|Substitute|p2a: Espathra\n|-start|p2a: Espathra|Substitute\n|-damage|p2a: Espathra|1\/100\n|-enditem|p2a: Espathra|Starf Berry|[eat]\n|-boost|p2a: Espathra|atk|2|[from] item: Starf Berry\n|move|p1a: Vivillon|Hurricane|p2a: Espathra\n|-end|p2a: Espathra|Substitute\n|\n|upkeep\n|turn|8\n|\n|t:|1700102914\n|move|p2a: Espathra|Baton Pass|p2a: Espathra\n|\n|t:|1700102929\n|switch|p2a: Zacian|Zacian-Crowned|100\/100|[from] Baton Pass\n|-ability|p2a: Zacian|Intrepid Sword|boost\n|-boost|p2a: Zacian|atk|1\n|move|p1a: Vivillon|Hurricane|p2a: Zacian\n|-resisted|p2a: Zacian\n|-damage|p2a: Zacian|88\/100\n|\n|upkeep\n|turn|9\n|\n|t:|1700102938\n|move|p2a: Zacian|Behemoth Blade|p1a: Vivillon\n|-damage|p1a: Vivillon|0 fnt\n|faint|p1a: Vivillon\n|\n|upkeep\n|\n|t:|1700102947\n|switch|p1a: Volcarona|Volcarona, F, shiny|100\/100\n|turn|10\n|\n|t:|1700102954\n|-terastallize|p2a: Zacian|Water\n|move|p2a: Zacian|Tera Blast|p1a: Volcarona|[anim] Tera Blast Water\n|-supereffective|p1a: Volcarona\n|-damage|p1a: Volcarona|0 fnt\n|faint|p1a: Volcarona\n|\n|upkeep\n|\n|t:|1700102959\n|switch|p1a: Lurantis|Lurantis, F, shiny|100\/100\n|turn|11\n|\n|t:|1700102970\n|move|p2a: Zacian|Behemoth Blade|p1a: Lurantis\n|-damage|p1a: Lurantis|0 fnt\n|faint|p1a: Lurantis\n|\n|upkeep\n|\n|t:|1700102976\n|switch|p1a: Kyogre|Kyogre, shiny|100\/100\n|-weather|RainDance|[from] ability: Drizzle|[of] p1a: Kyogre\n|turn|12\n|\n|t:|1700102984\n|move|p2a: Zacian|Close Combat|p1a: Kyogre\n|-enditem|p1a: Kyogre|Focus Sash\n|-damage|p1a: Kyogre|1\/100\n|-unboost|p2a: Zacian|def|1\n|-unboost|p2a: Zacian|spd|1\n|move|p1a: Kyogre|Thunderbolt|p2a: Zacian\n|-supereffective|p2a: Zacian\n|-damage|p2a: Zacian|63\/100\n|-status|p2a: Zacian|par\n|\n|-weather|RainDance|[upkeep]\n|upkeep\n|turn|13\n|\n|t:|1700102992\n|move|p2a: Zacian|Tera Blast|p1a: Kyogre|[anim] Tera Blast Water\n|-resisted|p1a: Kyogre\n|-damage|p1a: Kyogre|0 fnt\n|faint|p1a: Kyogre\n|\n|-weather|RainDance|[upkeep]\n|upkeep\n|\n|t:|1700102996\n|switch|p1a: Cloyster|Cloyster, F, shiny|100\/100\n|turn|14\n|\n|t:|1700103000\n|move|p2a: Zacian|Behemoth Blade|p1a: Cloyster\n|-damage|p1a: Cloyster|0 fnt\n|faint|p1a: Cloyster\n|\n|-weather|RainDance|[upkeep]\n|upkeep\n|\n|t:|1700103004\n|switch|p1a: Zacian|Zacian-Crowned, shiny|100\/100\n|-ability|p1a: Zacian|Intrepid Sword|boost\n|-boost|p1a: Zacian|atk|1\n|turn|15\n|\n|t:|1700103009\n|move|p2a: Zacian|Behemoth Blade|p1a: Zacian\n|-damage|p1a: Zacian|0 fnt\n|faint|p1a: Zacian\n|\n|win|monkey kkk\n|raw|sllepylikescuties's rating: 1016 &rarr; <strong>1005<\/strong><br \/>(-11 for losing)\n|raw|monkey kkk's rating: 1050 &rarr; <strong>1079<\/strong><br \/>(+29 for winning)\n|l|\u203dsllepylikescuties\n","uploadtime":1700103016,"views":5,"p1id":"sllepylikescuties","p2id":"monkeykkk","formatid":"gen9anythinggoes","rating":1005,"private":0,"password":""}