{"id":"gen9anythinggoes-1991636437","p1":"archhunt","p2":"thedusksea","format":"[Gen 9] Anything Goes","log":"|j|\u2606archhunt\n|j|\u2606thedusksea\n|t:|1700096882\n|gametype|singles\n|player|p1|archhunt|lusamine-nihilego|\n|player|p2|thedusksea|cheren|\n|teamsize|p1|6\n|teamsize|p2|6\n|gen|9\n|tier|[Gen 9] Anything Goes\n|rule|HP Percentage Mod: HP is shown in percentages\n|rule|Endless Battle Clause: Forcing endless battles is banned\n|clearpoke\n|poke|p1|Dondozo, M|\n|poke|p1|Regieleki|\n|poke|p1|Gholdengo|\n|poke|p1|Clefable, F|\n|poke|p1|Roaring Moon|\n|poke|p1|Tornadus-Therian, M|\n|poke|p2|Ninetales-Alola, M|\n|poke|p2|Sandslash-Alola, F|\n|poke|p2|Armarouge, F|\n|poke|p2|Ogerpon, F|\n|poke|p2|Umbreon, M|\n|poke|p2|Kommo-o, M|\n|teampreview\n|\n|t:|1700096982\n|start\n|switch|p1a: Rocky|Regieleki, shiny|100\/100\n|switch|p2a: Ogerpon|Ogerpon, F|100\/100\n|turn|1\n|\n|t:|1700097038\n|move|p1a: Rocky|Light Screen|p1a: Rocky\n|-sidestart|p1: archhunt|move: Light Screen\n|move|p2a: Ogerpon|Knock Off|p1a: Rocky\n|-damage|p1a: Rocky|45\/100\n|-enditem|p1a: Rocky|Light Clay|[from] move: Knock Off|[of] p2a: Ogerpon\n|\n|upkeep\n|turn|2\n|\n|t:|1700097045\n|move|p1a: Rocky|Explosion|p2a: Ogerpon\n|-damage|p2a: Ogerpon|29\/100\n|faint|p1a: Rocky\n|move|p2a: Ogerpon|Spikes|p1: Rocky\n|-sidestart|p1: archhunt|Spikes\n|\n|-heal|p2a: Ogerpon|35\/100|[from] item: Leftovers\n|upkeep\n|\n|t:|1700097057\n|switch|p1a: Janet|Tornadus-Therian, M, shiny|100\/100\n|turn|3\n|\n|t:|1700097066\n|switch|p2a: Umbreon|Umbreon, M|100\/100\n|move|p1a: Janet|Hurricane|p2a: Umbreon\n|-damage|p2a: Umbreon|74\/100\n|-start|p2a: Umbreon|confusion\n|\n|-heal|p2a: Umbreon|80\/100|[from] item: Leftovers\n|upkeep\n|turn|4\n|\n|t:|1700097079\n|switch|p2a: Ninetales|Ninetales-Alola, M|100\/100\n|-weather|Snow|[from] ability: Snow Warning|[of] p2a: Ninetales\n|move|p1a: Janet|U-turn|p2a: Ninetales\n|-resisted|p2a: Ninetales\n|-damage|p2a: Ninetales|94\/100\n|\n|t:|1700097091\n|switch|p1a: Franky|Gholdengo, shiny|100\/100|[from] U-turn\n|-damage|p1a: Franky|88\/100|[from] Spikes\n|\n|-weather|Snow|[upkeep]\n|upkeep\n|turn|5\n|\n|t:|1700097100\n|switch|p2a: Umbreon|Umbreon, M|80\/100\n|move|p1a: Franky|Make It Rain|p2a: Umbreon\n|-damage|p2a: Umbreon|27\/100\n|-unboost|p1a: Franky|spa|1\n|\n|-weather|Snow|[upkeep]\n|-heal|p2a: Umbreon|33\/100|[from] item: Leftovers\n|upkeep\n|turn|6\n|\n|t:|1700097134\n|switch|p1a: Magenta|Clefable, F|100\/100\n|move|p2a: Umbreon|Protect||[still]\n|-fail|p2a: Umbreon\n|\n|-weather|Snow|[upkeep]\n|-heal|p2a: Umbreon|39\/100|[from] item: Leftovers\n|upkeep\n|turn|7\n|\n|t:|1700097149\n|switch|p2a: Armarouge|Armarouge, F|100\/100\n|move|p1a: Magenta|Stealth Rock|p2a: Armarouge\n|-sidestart|p2: thedusksea|move: Stealth Rock\n|\n|-weather|Snow|[upkeep]\n|upkeep\n|turn|8\n|\n|t:|1700097169\n|switch|p1a: Eddie|Dondozo, M, shiny|100\/100\n|-damage|p1a: Eddie|88\/100|[from] Spikes\n|move|p2a: Armarouge|Calm Mind|p2a: Armarouge\n|-boost|p2a: Armarouge|spa|1\n|-boost|p2a: Armarouge|spd|1\n|\n|-weather|Snow|[upkeep]\n|-heal|p1a: Eddie|94\/100|[from] item: Leftovers\n|-sideend|p1: archhunt|move: Light Screen\n|upkeep\n|turn|9\n|\n|t:|1700097188\n|move|p2a: Armarouge|Psychic|p1a: Eddie\n|-damage|p1a: Eddie|50\/100\n|move|p1a: Eddie|Liquidation|p2a: Armarouge\n|-supereffective|p2a: Armarouge\n|-damage|p2a: Armarouge|37\/100\n|-ability|p2a: Armarouge|Weak Armor|boost\n|-unboost|p2a: Armarouge|def|1\n|-boost|p2a: Armarouge|spe|2\n|\n|-weather|Snow|[upkeep]\n|-heal|p1a: Eddie|56\/100|[from] item: Leftovers\n|upkeep\n|turn|10\n|\n|t:|1700097198\n|move|p2a: Armarouge|Psychic|p1a: Eddie\n|-damage|p1a: Eddie|6\/100\n|move|p1a: Eddie|Liquidation|p2a: Armarouge\n|-supereffective|p2a: Armarouge\n|-damage|p2a: Armarouge|0 fnt\n|faint|p2a: Armarouge\n|\n|-weather|Snow|[upkeep]\n|-heal|p1a: Eddie|12\/100|[from] item: Leftovers\n|upkeep\n|\n|t:|1700097210\n|switch|p2a: Kommo-o|Kommo-o, M|100\/100\n|-damage|p2a: Kommo-o|94\/100|[from] Stealth Rock\n|turn|11\n|\n|t:|1700097263\n|switch|p1a: Brad|Roaring Moon, shiny|100\/100\n|-damage|p1a: Brad|88\/100|[from] Spikes\n|-enditem|p1a: Brad|Booster Energy\n|-activate|p1a: Brad|ability: Protosynthesis|[fromitem]\n|-start|p1a: Brad|protosynthesisatk\n|move|p2a: Kommo-o|Clangorous Soul|p2a: Kommo-o\n|-boost|p2a: Kommo-o|atk|1\n|-boost|p2a: Kommo-o|def|1\n|-boost|p2a: Kommo-o|spa|1\n|-boost|p2a: Kommo-o|spd|1\n|-boost|p2a: Kommo-o|spe|1\n|-damage|p2a: Kommo-o|61\/100\n|\n|-weather|none\n|upkeep\n|turn|12\n|\n|t:|1700097292\n|move|p2a: Kommo-o|Close Combat|p1a: Brad\n|-supereffective|p1a: Brad\n|-damage|p1a: Brad|0 fnt\n|-unboost|p2a: Kommo-o|def|1\n|-unboost|p2a: Kommo-o|spd|1\n|faint|p1a: Brad\n|-end|p1a: Brad|Protosynthesis|[silent]\n|\n|upkeep\n|\n|t:|1700097299\n|switch|p1a: Magenta|Clefable, F|100\/100\n|turn|13\n|\n|t:|1700097303\n|move|p2a: Kommo-o|Poison Jab|p1a: Magenta\n|-supereffective|p1a: Magenta\n|-damage|p1a: Magenta|14\/100\n|move|p1a: Magenta|Moonblast|p2a: Kommo-o\n|-supereffective|p2a: Kommo-o\n|-damage|p2a: Kommo-o|0 fnt\n|faint|p2a: Kommo-o\n|\n|-heal|p1a: Magenta|20\/100|[from] item: Leftovers\n|upkeep\n|\n|t:|1700097327\n|switch|p2a: Sandslash|Sandslash-Alola, F|100\/100\n|-damage|p2a: Sandslash|88\/100|[from] Stealth Rock\n|turn|14\n|\n|t:|1700097353\n|switch|p1a: Franky|Gholdengo, shiny|88\/100\n|-damage|p1a: Franky|76\/100|[from] Spikes\n|move|p2a: Sandslash|Iron Head|p1a: Franky\n|-resisted|p1a: Franky\n|-damage|p1a: Franky|46\/100\n|-damage|p2a: Sandslash|78\/100|[from] item: Life Orb\n|\n|upkeep\n|turn|15\n|\n|t:|1700097385\n|switch|p2a: Umbreon|Umbreon, M|39\/100\n|-damage|p2a: Umbreon|26\/100|[from] Stealth Rock\n|move|p1a: Franky|Shadow Ball|p2a: Umbreon\n|-resisted|p2a: Umbreon\n|-damage|p2a: Umbreon|7\/100\n|\n|-heal|p2a: Umbreon|13\/100|[from] item: Leftovers\n|upkeep\n|turn|16\n|\n|t:|1700097400\n|move|p1a: Franky|Shadow Ball|p2a: Umbreon\n|-resisted|p2a: Umbreon\n|-damage|p2a: Umbreon|0 fnt\n|faint|p2a: Umbreon\n|\n|upkeep\n|\n|t:|1700097408\n|switch|p2a: Ogerpon|Ogerpon, F|35\/100\n|-damage|p2a: Ogerpon|23\/100|[from] Stealth Rock\n|turn|17\n|\n|t:|1700097428\n|switch|p1a: Janet|Tornadus-Therian, M, shiny|100\/100\n|move|p2a: Ogerpon|Knock Off|p1a: Janet\n|-damage|p1a: Janet|57\/100\n|-enditem|p1a: Janet|Heavy-Duty Boots|[from] move: Knock Off|[of] p2a: Ogerpon\n|\n|-heal|p2a: Ogerpon|29\/100|[from] item: Leftovers\n|upkeep\n|turn|18\n|\n|t:|1700097464\n|switch|p2a: Ninetales|Ninetales-Alola, M|94\/100\n|-damage|p2a: Ninetales|69\/100|[from] Stealth Rock\n|-weather|Snow|[from] ability: Snow Warning|[of] p2a: Ninetales\n|move|p1a: Janet|Focus Blast|p2a: Ninetales\n|-crit|p2a: Ninetales\n|-damage|p2a: Ninetales|16\/100\n|\n|-weather|Snow|[upkeep]\n|upkeep\n|turn|19\n|\n|t:|1700097500\n|move|p1a: Janet|Knock Off|p2a: Ninetales\n|-resisted|p2a: Ninetales\n|-damage|p2a: Ninetales|8\/100\n|-enditem|p2a: Ninetales|Icy Rock|[from] move: Knock Off|[of] p1a: Janet\n|move|p2a: Ninetales|Aurora Veil|p2a: Ninetales\n|-sidestart|p2: thedusksea|move: Aurora Veil\n|\n|-weather|Snow|[upkeep]\n|upkeep\n|turn|20\n|\n|t:|1700097513\n|move|p1a: Janet|Focus Blast|p2a: Ninetales\n|-damage|p2a: Ninetales|0 fnt\n|faint|p2a: Ninetales\n|\n|-weather|Snow|[upkeep]\n|upkeep\n|\n|t:|1700097518\n|switch|p2a: Sandslash|Sandslash-Alola, F|78\/100\n|-damage|p2a: Sandslash|66\/100|[from] Stealth Rock\n|turn|21\n|\n|t:|1700097545\n|move|p2a: Sandslash|Ice Spinner|p1a: Janet\n|-supereffective|p1a: Janet\n|-damage|p1a: Janet|0 fnt\n|faint|p1a: Janet\n|-damage|p2a: Sandslash|56\/100|[from] item: Life Orb\n|\n|-weather|Snow|[upkeep]\n|upkeep\n|\n|t:|1700097580\n|switch|p1a: Magenta|Clefable, F|20\/100\n|turn|22\n|\n|t:|1700097589\n|-terastallize|p2a: Sandslash|Ground\n|move|p1a: Magenta|Protect|p1a: Magenta\n|-singleturn|p1a: Magenta|Protect\n|move|p2a: Sandslash|Earthquake|p1a: Magenta\n|-activate|p1a: Magenta|move: Protect\n|\n|-weather|Snow|[upkeep]\n|-heal|p1a: Magenta|26\/100|[from] item: Leftovers\n|upkeep\n|turn|23\n|\n|t:|1700097604\n|move|p2a: Sandslash|Earthquake|p1a: Magenta\n|-damage|p1a: Magenta|0 fnt\n|faint|p1a: Magenta\n|-damage|p2a: Sandslash|46\/100|[from] item: Life Orb\n|\n|-weather|Snow|[upkeep]\n|-sideend|p2: thedusksea|move: Aurora Veil\n|upkeep\n|\n|t:|1700097610\n|switch|p1a: Eddie|Dondozo, M, shiny|12\/100\n|-damage|p1a: Eddie|0 fnt|[from] Spikes\n|faint|p1a: Eddie\n|\n|t:|1700097614\n|switch|p1a: Franky|Gholdengo, shiny|46\/100\n|-damage|p1a: Franky|34\/100|[from] Spikes\n|turn|24\n|c|\u2606thedusksea|ggs\n|\n|t:|1700097647\n|move|p2a: Sandslash|Earthquake|p1a: Franky\n|-supereffective|p1a: Franky\n|-damage|p1a: Franky|0 fnt\n|faint|p1a: Franky\n|-damage|p2a: Sandslash|36\/100|[from] item: Life Orb\n|\n|win|thedusksea\n","uploadtime":1700097658,"views":30,"p1id":"archhunt","p2id":"thedusksea","formatid":"gen9anythinggoes","rating":0,"private":0,"password":""}