{"id":"gen9anythinggoes-1975506089","p1":"Ovalicle","p2":"GigaBytes7","format":"[Gen 9] Anything Goes","log":"|j|\u2606Ovalicle\n|j|\u2606GigaBytes7\n|t:|1698198635\n|gametype|singles\n|player|p1|Ovalicle|pokemaniac|1584\n|player|p2|GigaBytes7|elaine|1722\n|teamsize|p1|6\n|teamsize|p2|6\n|gen|9\n|tier|[Gen 9] Anything Goes\n|rated|\n|rule|HP Percentage Mod: HP is shown in percentages\n|rule|Endless Battle Clause: Forcing endless battles is banned\n|clearpoke\n|poke|p1|Magearna|\n|poke|p1|Grimmsnarl, M|\n|poke|p1|Clodsire, M|\n|poke|p1|Toxapex, M|\n|poke|p1|Corviknight, M|\n|poke|p1|Dragapult, M|\n|poke|p2|Koraidon|\n|poke|p2|Miraidon|\n|poke|p2|Ting-Lu|\n|poke|p2|Calyrex-Shadow|\n|poke|p2|Arceus|\n|poke|p2|Arceus-Water|\n|teampreview\n|inactive|Battle timer is ON: inactive players will automatically lose when time's up. (requested by GigaBytes7)\n|inactive|Ovalicle also wants the timer to be on.\n|\n|t:|1698198641\n|start\n|switch|p1a: Grimmsnarl|Grimmsnarl, M|100\/100\n|switch|p2a: Miraidon|Miraidon|100\/100\n|-fieldstart|move: Electric Terrain|[from] ability: Hadron Engine|[of] p2a: Miraidon\n|turn|1\n|\n|t:|1698198650\n|move|p1a: Grimmsnarl|Parting Shot|p2a: Miraidon\n|-unboost|p2a: Miraidon|atk|1\n|-unboost|p2a: Miraidon|spa|1\n|\n|t:|1698198652\n|switch|p1a: Clodsire|Clodsire, M|100\/100|[from] Parting Shot\n|move|p2a: Miraidon|Volt Switch|p1a: Clodsire\n|-immune|p1a: Clodsire\n|\n|upkeep\n|turn|2\n|\n|t:|1698198654\n|switch|p2a: Ting-Lu|Ting-Lu|100\/100\n|-ability|p2a: Ting-Lu|Vessel of Ruin\n|move|p1a: Clodsire|Stealth Rock|p2a: Ting-Lu\n|-sidestart|p2: GigaBytes7|move: Stealth Rock\n|\n|upkeep\n|turn|3\n|\n|t:|1698198656\n|move|p2a: Ting-Lu|Spikes|p1a: Clodsire\n|-sidestart|p1: Ovalicle|Spikes\n|move|p1a: Clodsire|Toxic|p2a: Ting-Lu\n|-status|p2a: Ting-Lu|tox\n|\n|-damage|p2a: Ting-Lu|94\/100 tox|[from] psn\n|upkeep\n|turn|4\n|j| Coomie1\n|\n|t:|1698198659\n|switch|p1a: Corviknight|Corviknight, M|100\/100\n|-ability|p1a: Corviknight|Unnerve\n|move|p2a: Ting-Lu|Spikes|p1a: Corviknight\n|-sidestart|p1: Ovalicle|Spikes\n|\n|-heal|p2a: Ting-Lu|100\/100 tox|[from] item: Leftovers\n|-damage|p2a: Ting-Lu|88\/100 tox|[from] psn\n|upkeep\n|turn|5\n|\n|t:|1698198665\n|switch|p2a: Miraidon|Miraidon|100\/100\n|-damage|p2a: Miraidon|88\/100|[from] Stealth Rock\n|-activate|p2a: Miraidon|ability: Hadron Engine\n|move|p1a: Corviknight|Defog|p2a: Miraidon\n|-unboost|p2a: Miraidon|evasion|1\n|-sideend|p2: GigaBytes7|Stealth Rock|[from] move: Defog|[of] p1a: Corviknight\n|-sideend|p1: Ovalicle|Spikes|[from] move: Defog|[of] p1a: Corviknight\n|-fieldend|move: Electric Terrain\n|\n|upkeep\n|turn|6\n|\n|t:|1698198669\n|switch|p1a: Clodsire|Clodsire, M|100\/100\n|move|p2a: Miraidon|Draco Meteor|p1a: Clodsire\n|-damage|p1a: Clodsire|41\/100\n|-unboost|p2a: Miraidon|spa|2\n|\n|-heal|p1a: Clodsire|47\/100|[from] item: Leftovers\n|upkeep\n|turn|7\n|\n|t:|1698198674\n|move|p2a: Miraidon|Draco Meteor|p1a: Clodsire\n|-damage|p1a: Clodsire|20\/100\n|-unboost|p2a: Miraidon|spa|2\n|move|p1a: Clodsire|Recover|p1a: Clodsire\n|-heal|p1a: Clodsire|70\/100\n|\n|-heal|p1a: Clodsire|76\/100|[from] item: Leftovers\n|upkeep\n|turn|8\n|\n|t:|1698198678\n|switch|p2a: Ting-Lu|Ting-Lu|88\/100 tox\n|-ability|p2a: Ting-Lu|Vessel of Ruin\n|move|p1a: Clodsire|Earthquake|p2a: Ting-Lu\n|-damage|p2a: Ting-Lu|74\/100 tox\n|\n|-heal|p2a: Ting-Lu|81\/100 tox|[from] item: Leftovers\n|-heal|p1a: Clodsire|83\/100|[from] item: Leftovers\n|-damage|p2a: Ting-Lu|74\/100 tox|[from] psn\n|upkeep\n|turn|9\n|\n|t:|1698198683\n|switch|p1a: Corviknight|Corviknight, M|100\/100\n|-ability|p1a: Corviknight|Unnerve\n|move|p2a: Ting-Lu|Spikes|p1a: Corviknight\n|-sidestart|p1: Ovalicle|Spikes\n|\n|-heal|p2a: Ting-Lu|81\/100 tox|[from] item: Leftovers\n|-damage|p2a: Ting-Lu|68\/100 tox|[from] psn\n|upkeep\n|turn|10\n|\n|t:|1698198689\n|switch|p2a: Miraidon|Miraidon|88\/100\n|-fieldstart|move: Electric Terrain|[from] ability: Hadron Engine|[of] p2a: Miraidon\n|move|p1a: Corviknight|U-turn|p2a: Miraidon\n|-damage|p2a: Miraidon|72\/100\n|\n|t:|1698198695\n|switch|p1a: Clodsire|Clodsire, M|83\/100|[from] U-turn\n|-damage|p1a: Clodsire|70\/100|[from] Spikes\n|\n|-heal|p1a: Clodsire|76\/100|[from] item: Leftovers\n|upkeep\n|turn|11\n|\n|t:|1698198703\n|switch|p1a: Magearna|Magearna|100\/100\n|-damage|p1a: Magearna|88\/100|[from] Spikes\n|move|p2a: Miraidon|Draco Meteor|p1a: Magearna\n|-immune|p1a: Magearna\n|\n|-heal|p1a: Magearna|94\/100|[from] item: Leftovers\n|upkeep\n|turn|12\n|\n|t:|1698198707\n|switch|p2a: Arceus|Arceus-Water|100\/100\n|move|p1a: Magearna|Fleur Cannon|p2a: Arceus\n|-damage|p2a: Arceus|53\/100\n|-unboost|p1a: Magearna|spa|2\n|\n|-heal|p1a: Magearna|99\/100|[from] item: Leftovers\n|upkeep\n|turn|13\n|\n|t:|1698198714\n|switch|p1a: Clodsire|Clodsire, M|76\/100\n|-damage|p1a: Clodsire|64\/100|[from] Spikes\n|move|p2a: Arceus|Recover|p2a: Arceus\n|-heal|p2a: Arceus|100\/100\n|\n|-heal|p1a: Clodsire|70\/100|[from] item: Leftovers\n|upkeep\n|turn|14\n|\n|t:|1698198720\n|switch|p2a: Ting-Lu|Ting-Lu|68\/100 tox\n|-ability|p2a: Ting-Lu|Vessel of Ruin\n|move|p1a: Clodsire|Toxic|p2a: Ting-Lu\n|-fail|p2a: Ting-Lu|tox\n|\n|-heal|p2a: Ting-Lu|74\/100 tox|[from] item: Leftovers\n|-heal|p1a: Clodsire|76\/100|[from] item: Leftovers\n|-damage|p2a: Ting-Lu|68\/100 tox|[from] psn\n|-fieldend|move: Electric Terrain\n|upkeep\n|turn|15\n|\n|t:|1698198725\n|switch|p1a: Corviknight|Corviknight, M|100\/100\n|-ability|p1a: Corviknight|Unnerve\n|move|p2a: Ting-Lu|Spikes|p1a: Corviknight\n|-sidestart|p1: Ovalicle|Spikes\n|\n|-heal|p2a: Ting-Lu|74\/100 tox|[from] item: Leftovers\n|-damage|p2a: Ting-Lu|62\/100 tox|[from] psn\n|upkeep\n|turn|16\n|\n|t:|1698198733\n|switch|p2a: Koraidon|Koraidon|100\/100\n|-weather|SunnyDay|[from] ability: Orichalcum Pulse|[of] p2a: Koraidon\n|-activate|p2a: Koraidon|Orichalcum Pulse|[source]\n|move|p1a: Corviknight|Defog|p2a: Koraidon\n|-unboost|p2a: Koraidon|evasion|1\n|-sideend|p1: Ovalicle|Spikes|[from] move: Defog|[of] p1a: Corviknight\n|\n|-weather|SunnyDay|[upkeep]\n|upkeep\n|turn|17\n|\n|t:|1698198735\n|switch|p1a: Toxapex|Toxapex, M|100\/100\n|move|p2a: Koraidon|U-turn|p1a: Toxapex\n|-resisted|p1a: Toxapex\n|-damage|p1a: Toxapex|90\/100\n|\n|t:|1698198737\n|switch|p2a: Miraidon|Miraidon|72\/100|[from] U-turn\n|-fieldstart|move: Electric Terrain|[from] ability: Hadron Engine|[of] p2a: Miraidon\n|\n|-weather|SunnyDay|[upkeep]\n|-heal|p1a: Toxapex|96\/100|[from] item: Leftovers\n|upkeep\n|turn|18\n|\n|t:|1698198746\n|switch|p1a: Magearna|Magearna|99\/100\n|move|p2a: Miraidon|Solar Beam||[still]\n|-prepare|p2a: Miraidon|Solar Beam\n|-anim|p2a: Miraidon|Solar Beam|p1a: Magearna\n|-resisted|p1a: Magearna\n|-damage|p1a: Magearna|63\/100\n|\n|-weather|SunnyDay|[upkeep]\n|-heal|p1a: Magearna|69\/100|[from] item: Leftovers\n|upkeep\n|turn|19\n|\n|t:|1698198758\n|switch|p2a: Arceus|Arceus-Water|100\/100\n|switch|p1a: Clodsire|Clodsire, M|76\/100\n|\n|-weather|SunnyDay|[upkeep]\n|-heal|p1a: Clodsire|83\/100|[from] item: Leftovers\n|upkeep\n|turn|20\n|\n|t:|1698198763\n|switch|p2a: Ting-Lu|Ting-Lu|62\/100 tox\n|-ability|p2a: Ting-Lu|Vessel of Ruin\n|move|p1a: Clodsire|Earthquake|p2a: Ting-Lu\n|-damage|p2a: Ting-Lu|48\/100 tox\n|\n|-weather|none\n|-heal|p2a: Ting-Lu|54\/100 tox|[from] item: Leftovers\n|-heal|p1a: Clodsire|89\/100|[from] item: Leftovers\n|-damage|p2a: Ting-Lu|48\/100 tox|[from] psn\n|upkeep\n|turn|21\n|\n|t:|1698198767\n|switch|p2a: Miraidon|Miraidon|72\/100\n|-activate|p2a: Miraidon|ability: Hadron Engine\n|move|p1a: Clodsire|Earthquake|p2a: Miraidon\n|-supereffective|p2a: Miraidon\n|-damage|p2a: Miraidon|19\/100\n|\n|-heal|p1a: Clodsire|95\/100|[from] item: Leftovers\n|-fieldend|move: Electric Terrain\n|upkeep\n|turn|22\n|\n|t:|1698198774\n|switch|p2a: Ting-Lu|Ting-Lu|48\/100 tox\n|-ability|p2a: Ting-Lu|Vessel of Ruin\n|move|p1a: Clodsire|Earthquake|p2a: Ting-Lu\n|-damage|p2a: Ting-Lu|32\/100 tox\n|\n|-heal|p2a: Ting-Lu|39\/100 tox|[from] item: Leftovers\n|-heal|p1a: Clodsire|100\/100|[from] item: Leftovers\n|-damage|p2a: Ting-Lu|32\/100 tox|[from] psn\n|upkeep\n|turn|23\n|\n|t:|1698198786\n|switch|p2a: Arceus|Arceus-Water|100\/100\n|switch|p1a: Corviknight|Corviknight, M|100\/100\n|-ability|p1a: Corviknight|Unnerve\n|\n|upkeep\n|turn|24\n|\n|t:|1698198790\n|switch|p1a: Clodsire|Clodsire, M|100\/100\n|move|p2a: Arceus|Ice Beam|p1a: Clodsire\n|-supereffective|p1a: Clodsire\n|-damage|p1a: Clodsire|76\/100\n|\n|-heal|p1a: Clodsire|82\/100|[from] item: Leftovers\n|upkeep\n|turn|25\n|\n|t:|1698198795\n|move|p2a: Arceus|Will-O-Wisp|p1a: Clodsire\n|-status|p1a: Clodsire|brn\n|move|p1a: Clodsire|Earthquake|p2a: Arceus\n|-damage|p2a: Arceus|94\/100\n|\n|-heal|p1a: Clodsire|88\/100 brn|[from] item: Leftovers\n|-damage|p1a: Clodsire|82\/100 brn|[from] brn\n|upkeep\n|turn|26\n|\n|t:|1698198798\n|switch|p2a: Ting-Lu|Ting-Lu|32\/100 tox\n|-ability|p2a: Ting-Lu|Vessel of Ruin\n|move|p1a: Clodsire|Toxic|p2a: Ting-Lu\n|-fail|p2a: Ting-Lu|tox\n|\n|-heal|p2a: Ting-Lu|39\/100 tox|[from] item: Leftovers\n|-heal|p1a: Clodsire|88\/100 brn|[from] item: Leftovers\n|-damage|p2a: Ting-Lu|32\/100 tox|[from] psn\n|-damage|p1a: Clodsire|82\/100 brn|[from] brn\n|upkeep\n|turn|27\n|\n|t:|1698198803\n|switch|p2a: Koraidon|Koraidon|100\/100\n|-weather|SunnyDay|[from] ability: Orichalcum Pulse|[of] p2a: Koraidon\n|-activate|p2a: Koraidon|Orichalcum Pulse|[source]\n|move|p1a: Clodsire|Earthquake|p2a: Koraidon\n|-damage|p2a: Koraidon|89\/100\n|\n|-weather|SunnyDay|[upkeep]\n|-heal|p1a: Clodsire|88\/100 brn|[from] item: Leftovers\n|-damage|p1a: Clodsire|82\/100 brn|[from] brn\n|upkeep\n|turn|28\n|\n|t:|1698198809\n|switch|p1a: Corviknight|Corviknight, M|100\/100\n|-ability|p1a: Corviknight|Unnerve\n|move|p2a: Koraidon|U-turn|p1a: Corviknight\n|-resisted|p1a: Corviknight\n|-damage|p1a: Corviknight|95\/100\n|-damage|p2a: Koraidon|73\/100|[from] item: Rocky Helmet|[of] p1a: Corviknight\n|\n|t:|1698198812\n|switch|p2a: Calyrex|Calyrex-Shadow|100\/100|[from] U-turn\n|-ability|p2a: Calyrex|As One\n|-ability|p2a: Calyrex|Unnerve\n|\n|-weather|SunnyDay|[upkeep]\n|upkeep\n|turn|29\n|\n|t:|1698198817\n|move|p2a: Calyrex|Astral Barrage|p1a: Corviknight\n|-damage|p1a: Corviknight|27\/100\n|move|p1a: Corviknight|U-turn|p2a: Calyrex\n|-damage|p2a: Calyrex|83\/100\n|\n|t:|1698198822\n|switch|p1a: Grimmsnarl|Grimmsnarl, M|100\/100|[from] U-turn\n|\n|-weather|SunnyDay|[upkeep]\n|upkeep\n|turn|30\n|\n|t:|1698198825\n|switch|p2a: Ting-Lu|Ting-Lu|32\/100 tox\n|-ability|p2a: Ting-Lu|Vessel of Ruin\n|move|p1a: Grimmsnarl|Play Rough|p2a: Ting-Lu\n|-supereffective|p2a: Ting-Lu\n|-damage|p2a: Ting-Lu|0 fnt\n|faint|p2a: Ting-Lu\n|\n|-weather|SunnyDay|[upkeep]\n|upkeep\n|\n|t:|1698198835\n|switch|p2a: Miraidon|Miraidon|19\/100\n|-fieldstart|move: Electric Terrain|[from] ability: Hadron Engine|[of] p2a: Miraidon\n|turn|31\n|\n|t:|1698198846\n|move|p1a: Grimmsnarl|Parting Shot|p2a: Miraidon\n|-unboost|p2a: Miraidon|atk|1\n|-unboost|p2a: Miraidon|spa|1\n|\n|t:|1698198849\n|switch|p1a: Clodsire|Clodsire, M|82\/100 brn|[from] Parting Shot\n|move|p2a: Miraidon|Solar Beam||[still]\n|-prepare|p2a: Miraidon|Solar Beam\n|-anim|p2a: Miraidon|Solar Beam|p1a: Clodsire\n|-damage|p1a: Clodsire|53\/100 brn\n|\n|-weather|none\n|-heal|p1a: Clodsire|60\/100 brn|[from] item: Leftovers\n|-damage|p1a: Clodsire|53\/100 brn|[from] brn\n|upkeep\n|turn|32\n|\n|t:|1698198854\n|switch|p2a: Koraidon|Koraidon|73\/100\n|-weather|SunnyDay|[from] ability: Orichalcum Pulse|[of] p2a: Koraidon\n|-activate|p2a: Koraidon|Orichalcum Pulse|[source]\n|move|p1a: Clodsire|Recover|p1a: Clodsire\n|-heal|p1a: Clodsire|100\/100 brn\n|\n|-weather|SunnyDay|[upkeep]\n|-damage|p1a: Clodsire|94\/100 brn|[from] brn\n|upkeep\n|turn|33\n|\n|t:|1698198862\n|switch|p1a: Toxapex|Toxapex, M|100\/100\n|move|p2a: Koraidon|U-turn|p1a: Toxapex\n|-resisted|p1a: Toxapex\n|-damage|p1a: Toxapex|91\/100\n|\n|t:|1698198864\n|switch|p2a: Miraidon|Miraidon|19\/100|[from] U-turn\n|-activate|p2a: Miraidon|ability: Hadron Engine\n|\n|-weather|SunnyDay|[upkeep]\n|-heal|p1a: Toxapex|97\/100|[from] item: Leftovers\n|upkeep\n|turn|34\n|\n|t:|1698198871\n|switch|p1a: Magearna|Magearna|69\/100\n|move|p2a: Miraidon|Volt Switch|p1a: Magearna\n|-crit|p1a: Magearna\n|-damage|p1a: Magearna|0 fnt\n|faint|p1a: Magearna\n|\n|t:|1698198874\n|switch|p2a: Koraidon|Koraidon|73\/100|[from] Volt Switch\n|-activate|p2a: Koraidon|ability: Orichalcum Pulse\n|\n|-weather|SunnyDay|[upkeep]\n|upkeep\n|\n|t:|1698198883\n|switch|p1a: Grimmsnarl|Grimmsnarl, M|100\/100\n|turn|35\n|\n|t:|1698198885\n|move|p2a: Koraidon|U-turn|p1a: Grimmsnarl\n|-damage|p1a: Grimmsnarl|63\/100\n|\n|t:|1698198890\n|switch|p2a: Arceus|Arceus-Water|94\/100|[from] U-turn\n|move|p1a: Grimmsnarl|Play Rough|p2a: Arceus\n|-damage|p2a: Arceus|72\/100\n|\n|-weather|SunnyDay|[upkeep]\n|-heal|p1a: Grimmsnarl|69\/100|[from] item: Leftovers\n|-fieldend|move: Electric Terrain\n|upkeep\n|turn|36\n|\n|t:|1698198895\n|move|p1a: Grimmsnarl|Taunt|p2a: Arceus\n|-start|p2a: Arceus|move: Taunt\n|cant|p2a: Arceus|move: Taunt|Will-O-Wisp\n|\n|-weather|none\n|-heal|p1a: Grimmsnarl|75\/100|[from] item: Leftovers\n|upkeep\n|turn|37\n|\n|t:|1698198901\n|move|p1a: Grimmsnarl|Parting Shot|p2a: Arceus\n|-unboost|p2a: Arceus|atk|1\n|-unboost|p2a: Arceus|spa|1\n|\n|t:|1698198904\n|switch|p1a: Corviknight|Corviknight, M|27\/100|[from] Parting Shot\n|-ability|p1a: Corviknight|Unnerve\n|move|p2a: Arceus|Ice Beam|p1a: Corviknight\n|-damage|p1a: Corviknight|11\/100\n|\n|upkeep\n|turn|38\n|\n|t:|1698198907\n|switch|p1a: Toxapex|Toxapex, M|100\/100\n|move|p2a: Arceus|Ice Beam|p1a: Toxapex\n|-resisted|p1a: Toxapex\n|-damage|p1a: Toxapex|93\/100\n|\n|-heal|p1a: Toxapex|99\/100|[from] item: Leftovers\n|-end|p2a: Arceus|move: Taunt\n|upkeep\n|turn|39\n|\n|t:|1698198913\n|move|p2a: Arceus|Will-O-Wisp|p1a: Toxapex|[miss]\n|-miss|p2a: Arceus|p1a: Toxapex\n|move|p1a: Toxapex|Toxic|p2a: Arceus\n|-status|p2a: Arceus|tox\n|\n|-heal|p1a: Toxapex|100\/100|[from] item: Leftovers\n|-damage|p2a: Arceus|65\/100 tox|[from] psn\n|upkeep\n|turn|40\n|\n|t:|1698198916\n|switch|p2a: Miraidon|Miraidon|19\/100\n|-fieldstart|move: Electric Terrain|[from] ability: Hadron Engine|[of] p2a: Miraidon\n|switch|p1a: Clodsire|Clodsire, M|94\/100 brn\n|\n|-heal|p1a: Clodsire|100\/100 brn|[from] item: Leftovers\n|-damage|p1a: Clodsire|94\/100 brn|[from] brn\n|upkeep\n|turn|41\n|\n|t:|1698198921\n|switch|p2a: Koraidon|Koraidon|73\/100\n|-weather|SunnyDay|[from] ability: Orichalcum Pulse|[of] p2a: Koraidon\n|-activate|p2a: Koraidon|Orichalcum Pulse|[source]\n|move|p1a: Clodsire|Stealth Rock|p2a: Koraidon\n|-sidestart|p2: GigaBytes7|move: Stealth Rock\n|\n|-weather|SunnyDay|[upkeep]\n|-heal|p1a: Clodsire|100\/100 brn|[from] item: Leftovers\n|-damage|p1a: Clodsire|94\/100 brn|[from] brn\n|upkeep\n|turn|42\n|\n|t:|1698198927\n|switch|p1a: Toxapex|Toxapex, M|100\/100\n|move|p2a: Koraidon|U-turn|p1a: Toxapex\n|-resisted|p1a: Toxapex\n|-damage|p1a: Toxapex|90\/100\n|\n|t:|1698198932\n|switch|p2a: Miraidon|Miraidon|19\/100|[from] U-turn\n|-damage|p2a: Miraidon|7\/100|[from] Stealth Rock\n|-activate|p2a: Miraidon|ability: Hadron Engine\n|\n|-weather|SunnyDay|[upkeep]\n|-heal|p1a: Toxapex|97\/100|[from] item: Leftovers\n|upkeep\n|turn|43\n|\n|t:|1698198938\n|switch|p1a: Clodsire|Clodsire, M|94\/100 brn\n|move|p2a: Miraidon|Draco Meteor|p1a: Clodsire\n|-damage|p1a: Clodsire|18\/100 brn\n|-unboost|p2a: Miraidon|spa|2\n|\n|-weather|SunnyDay|[upkeep]\n|-heal|p1a: Clodsire|24\/100 brn|[from] item: Leftovers\n|-damage|p1a: Clodsire|18\/100 brn|[from] brn\n|upkeep\n|turn|44\n|\n|t:|1698198943\n|move|p2a: Miraidon|Draco Meteor|p1a: Clodsire\n|-damage|p1a: Clodsire|0 fnt\n|-unboost|p2a: Miraidon|spa|2\n|faint|p1a: Clodsire\n|\n|-weather|SunnyDay|[upkeep]\n|-fieldend|move: Electric Terrain\n|upkeep\n|\n|t:|1698198947\n|switch|p1a: Dragapult|Dragapult, M|100\/100\n|turn|45\n|\n|t:|1698198952\n|move|p1a: Dragapult|Psychic Fangs|p2a: Miraidon\n|-damage|p2a: Miraidon|0 fnt\n|faint|p2a: Miraidon\n|\n|-weather|none\n|upkeep\n|\n|t:|1698198957\n|switch|p2a: Calyrex|Calyrex-Shadow|83\/100\n|-ability|p2a: Calyrex|As One\n|-ability|p2a: Calyrex|Unnerve\n|turn|46\n|\n|t:|1698198972\n|switch|p1a: Grimmsnarl|Grimmsnarl, M|75\/100\n|move|p2a: Calyrex|Astral Barrage|p1a: Grimmsnarl\n|-resisted|p1a: Grimmsnarl\n|-damage|p1a: Grimmsnarl|31\/100\n|\n|-heal|p1a: Grimmsnarl|37\/100|[from] item: Leftovers\n|upkeep\n|turn|47\n|\n|t:|1698198978\n|switch|p2a: Arceus|Arceus-Water|65\/100 tox\n|-damage|p2a: Arceus|53\/100 tox|[from] Stealth Rock\n|move|p1a: Grimmsnarl|Crunch|p2a: Arceus\n|-damage|p2a: Arceus|30\/100 tox\n|\n|-heal|p1a: Grimmsnarl|43\/100|[from] item: Leftovers\n|-damage|p2a: Arceus|23\/100 tox|[from] psn\n|upkeep\n|turn|48\n|\n|t:|1698198986\n|move|p1a: Grimmsnarl|Parting Shot|p2a: Arceus\n|-unboost|p2a: Arceus|atk|1\n|-unboost|p2a: Arceus|spa|1\n|\n|t:|1698198989\n|switch|p1a: Toxapex|Toxapex, M|100\/100|[from] Parting Shot\n|move|p2a: Arceus|Will-O-Wisp|p1a: Toxapex\n|-status|p1a: Toxapex|brn\n|\n|-damage|p2a: Arceus|11\/100 tox|[from] psn\n|-damage|p1a: Toxapex|94\/100 brn|[from] brn\n|upkeep\n|turn|49\n|\n|t:|1698198992\n|move|p2a: Arceus|Recover|p2a: Arceus\n|-heal|p2a: Arceus|61\/100 tox\n|move|p1a: Toxapex|Liquidation|p2a: Arceus\n|-resisted|p2a: Arceus\n|-damage|p2a: Arceus|59\/100 tox\n|\n|-heal|p1a: Toxapex|100\/100 brn|[from] item: Leftovers\n|-damage|p2a: Arceus|40\/100 tox|[from] psn\n|-damage|p1a: Toxapex|94\/100 brn|[from] brn\n|upkeep\n|turn|50\n|\n|t:|1698199000\n|switch|p2a: Calyrex|Calyrex-Shadow|83\/100\n|-ability|p2a: Calyrex|As One\n|-ability|p2a: Calyrex|Unnerve\n|move|p1a: Toxapex|Liquidation|p2a: Calyrex\n|-damage|p2a: Calyrex|71\/100\n|\n|-heal|p1a: Toxapex|100\/100 brn|[from] item: Leftovers\n|-damage|p1a: Toxapex|94\/100 brn|[from] brn\n|upkeep\n|turn|51\n|\n|t:|1698199005\n|move|p2a: Calyrex|Encore|p1a: Toxapex\n|-start|p1a: Toxapex|Encore\n|move|p1a: Toxapex|Liquidation|p2a: Calyrex\n|-damage|p2a: Calyrex|58\/100\n|\n|-heal|p1a: Toxapex|100\/100 brn|[from] item: Leftovers\n|-damage|p1a: Toxapex|94\/100 brn|[from] brn\n|upkeep\n|turn|52\n|\n|t:|1698199009\n|move|p2a: Calyrex|Nasty Plot|p2a: Calyrex\n|-boost|p2a: Calyrex|spa|2\n|move|p1a: Toxapex|Liquidation|p2a: Calyrex\n|-damage|p2a: Calyrex|46\/100\n|-unboost|p2a: Calyrex|def|1\n|\n|-heal|p1a: Toxapex|100\/100 brn|[from] item: Leftovers\n|-damage|p1a: Toxapex|94\/100 brn|[from] brn\n|upkeep\n|turn|53\n|\n|t:|1698199013\n|move|p2a: Calyrex|Astral Barrage|p1a: Toxapex\n|-damage|p1a: Toxapex|0 fnt\n|faint|p1a: Toxapex\n|-ability|p2a: Calyrex|Grim Neigh|boost\n|-boost|p2a: Calyrex|spa|1\n|\n|upkeep\n|-message|Ovalicle forfeited.\n|\n|win|GigaBytes7\n|raw|Ovalicle's rating: 1584 &rarr; <strong>1572<\/strong><br \/>(-12 for losing)\n|raw|GigaBytes7's rating: 1734 &rarr; <strong>1746<\/strong><br \/>(+12 for winning)\n|l|\u2606Ovalicle\n","uploadtime":1698199024,"views":10,"p1id":"ovalicle","p2id":"gigabytes7","formatid":"gen9anythinggoes","rating":1572,"private":0,"password":""}