{"id":"gen9anythinggoes-1988503854","p1":"regirock","p2":"Dark Koopatrol","format":"[Gen 9] Anything Goes","log":"|j|\u2606regirock\n|j|\u2606Dark Koopatrol\n|inactive|Battle timer is ON: inactive players will automatically lose when time's up.\n|t:|1699729974\n|gametype|singles\n|player|p1|regirock|#berry|\n|player|p2|Dark Koopatrol|clemont|\n|teamsize|p1|6\n|teamsize|p2|6\n|gen|9\n|tier|[Gen 9] Anything Goes\n|rated|Tournament battle\n|rule|HP Percentage Mod: HP is shown in percentages\n|rule|Endless Battle Clause: Forcing endless battles is banned\n|rule|Force of the Fallen Mod: Pok&\u00e9mon pass the move in their last moveslot to their allies when they're KOed\n|rule|Sleep Moves Clause: Sleep-inducing moves are banned\n|rule|Species Clause: Limit one of each Pok\u00e9mon\n|rule|OHKO Clause: OHKO moves are banned\n|rule|Evasion Moves Clause: Evasion moves are banned\n|rule|Terastal Clause: You cannot Terastallize\n|clearpoke\n|poke|p1|Cinderace, F|\n|poke|p1|Gliscor, M|\n|poke|p1|Mew|\n|poke|p1|Iron Moth|\n|poke|p1|Clefable, M|\n|poke|p1|Sinistcha|\n|poke|p2|Glimmora, M|\n|poke|p2|Skeledirge, F|\n|poke|p2|Toxapex, M|\n|poke|p2|Corviknight, F|\n|poke|p2|Clodsire, M|\n|poke|p2|Tinkaton, F|\n|teampreview\n|inactive|regirock also wants the timer to be on.\n|inactive|regirock has 120 seconds left.\n|c|\u2606regirock|hf\n|\n|t:|1699730031\n|start\n|switch|p1a: Gliscor|Gliscor, M|100\/100\n|switch|p2a: Glimmora|Glimmora, M|100\/100\n|turn|1\n|c|\u2606Dark Koopatrol|glhf\n|\n|t:|1699730048\n|move|p2a: Glimmora|Spikes|p1a: Gliscor\n|-sidestart|p1: regirock|Spikes\n|move|p1a: Gliscor|Earthquake|p2a: Glimmora\n|-supereffective|p2a: Glimmora\n|-enditem|p2a: Glimmora|Focus Sash\n|-damage|p2a: Glimmora|1\/100\n|-activate|p2a: Glimmora|ability: Toxic Debris\n|-sidestart|p1: regirock|move: Toxic Spikes\n|\n|-status|p1a: Gliscor|tox|[from] item: Toxic Orb\n|upkeep\n|turn|2\n|\n|t:|1699730058\n|move|p2a: Glimmora|Spikes|p1a: Gliscor\n|-sidestart|p1: regirock|Spikes\n|move|p1a: Gliscor|U-turn|p2a: Glimmora\n|-resisted|p2a: Glimmora\n|-damage|p2a: Glimmora|0 fnt\n|-activate|p2a: Glimmora|ability: Toxic Debris\n|-sidestart|p1: regirock|move: Toxic Spikes\n|faint|p2a: Glimmora\n|\n|t:|1699730059\n|switch|p1a: Cinderace|Cinderace, F|100\/100|[from] U-turn\n|\n|upkeep\n|\n|t:|1699730076\n|switch|p2a: Clodsire|Clodsire, M|100\/100\n|turn|3\n|\n|t:|1699730090\n|move|p1a: Cinderace|U-turn|p2a: Clodsire\n|-start|p1a: Cinderace|typechange|Bug|[from] ability: Libero\n|-resisted|p2a: Clodsire\n|-damage|p2a: Clodsire|81\/100\n|\n|t:|1699730093\n|switch|p1a: Gliscor|Gliscor, M|100\/100 tox|[from] U-turn\n|move|p2a: Clodsire|Mortal Spin|p1a: Gliscor\n|-resisted|p1a: Gliscor\n|-damage|p1a: Gliscor|98\/100 tox\n|\n|-heal|p2a: Clodsire|87\/100|[from] item: Leftovers\n|-heal|p1a: Gliscor|100\/100 tox|[from] ability: Poison Heal\n|upkeep\n|turn|4\n|\n|t:|1699730099\n|switch|p2a: Corviknight|Corviknight, F|100\/100\n|-ability|p2a: Corviknight|Pressure\n|move|p1a: Gliscor|U-turn|p2a: Corviknight\n|-resisted|p2a: Corviknight\n|-damage|p2a: Corviknight|98\/100\n|-damage|p1a: Gliscor|84\/100 tox|[from] item: Rocky Helmet|[of] p2a: Corviknight\n|\n|t:|1699730103\n|switch|p1a: Cinderace|Cinderace, F|100\/100|[from] U-turn\n|\n|upkeep\n|turn|5\n|\n|t:|1699730107\n|move|p1a: Cinderace|Court Change|p1a: Cinderace\n|-start|p1a: Cinderace|typechange|Normal|[from] ability: Libero\n|-swapsideconditions\n|-activate|p1a: Cinderace|move: Court Change\n|move|p2a: Corviknight|Mortal Spin|p1a: Cinderace\n|-damage|p1a: Cinderace|94\/100\n|-status|p1a: Cinderace|psn\n|-sideend|p2: Dark Koopatrol|Spikes|[from] move: Mortal Spin|[of] p2a: Corviknight\n|-sideend|p2: Dark Koopatrol|Toxic Spikes|[from] move: Mortal Spin|[of] p2a: Corviknight\n|\n|-damage|p1a: Cinderace|82\/100 psn|[from] psn\n|upkeep\n|turn|6\n|\n|t:|1699730122\n|switch|p2a: Toxapex|Toxapex, M, shiny|100\/100\n|move|p1a: Cinderace|U-turn|p2a: Toxapex\n|-resisted|p2a: Toxapex\n|-damage|p2a: Toxapex|92\/100\n|\n|t:|1699730128\n|switch|p1a: Mew|Mew|100\/100|[from] U-turn\n|\n|-heal|p2a: Toxapex|98\/100|[from] item: Leftovers\n|upkeep\n|turn|7\n|\n|t:|1699730135\n|move|p1a: Mew|Calm Mind|p1a: Mew\n|-boost|p1a: Mew|spa|1\n|-boost|p1a: Mew|spd|1\n|move|p2a: Toxapex|Infestation|p1a: Mew\n|-supereffective|p1a: Mew\n|-damage|p1a: Mew|97\/100\n|-activate|p1a: Mew|move: Infestation|[of] p2a: Toxapex\n|\n|-heal|p1a: Mew|100\/100|[from] item: Leftovers\n|-heal|p2a: Toxapex|100\/100|[from] item: Leftovers\n|-damage|p1a: Mew|88\/100|[from] move: Infestation|[partiallytrapped]\n|upkeep\n|turn|8\n|\n|t:|1699730141\n|move|p1a: Mew|Psyshock|p2a: Toxapex\n|-supereffective|p2a: Toxapex\n|-damage|p2a: Toxapex|39\/100\n|move|p2a: Toxapex|Mortal Spin|p1a: Mew\n|-damage|p1a: Mew|85\/100\n|-status|p1a: Mew|psn\n|-activate|p1a: Mew|ability: Synchronize\n|-immune|p2a: Toxapex\n|\n|-heal|p1a: Mew|91\/100 psn|[from] item: Leftovers\n|-heal|p2a: Toxapex|45\/100|[from] item: Leftovers\n|-damage|p1a: Mew|79\/100 psn|[from] psn\n|-damage|p1a: Mew|66\/100 psn|[from] move: Infestation|[partiallytrapped]\n|upkeep\n|turn|9\n|\n|t:|1699730150\n|switch|p2a: Skeledirge|Skeledirge, F|100\/100\n|move|p1a: Mew|Calm Mind|p1a: Mew\n|-boost|p1a: Mew|spa|1\n|-boost|p1a: Mew|spd|1\n|\n|-heal|p1a: Mew|73\/100 psn|[from] item: Leftovers\n|-damage|p1a: Mew|60\/100 psn|[from] psn\n|-end|p1a: Mew|Infestation|[partiallytrapped]|[silent]\n|upkeep\n|turn|10\n|\n|t:|1699730155\n|move|p1a: Mew|Psyshock|p2a: Skeledirge\n|-damage|p2a: Skeledirge|83\/100\n|move|p2a: Skeledirge|Hex|p1a: Mew\n|-supereffective|p1a: Mew\n|-damage|p1a: Mew|0 fnt\n|faint|p1a: Mew\n|\n|upkeep\n|\n|t:|1699730164\n|switch|p1a: Sinistcha|Sinistcha|100\/100\n|turn|11\n|j| mid ladder memes\n|\n|t:|1699730171\n|switch|p2a: Clodsire|Clodsire, M|87\/100\n|move|p1a: Sinistcha|Shadow Ball|p2a: Clodsire\n|-damage|p2a: Clodsire|71\/100\n|\n|-heal|p2a: Clodsire|77\/100|[from] item: Leftovers\n|upkeep\n|turn|12\n|\n|t:|1699730179\n|switch|p1a: Iron Moth|Iron Moth|100\/100\n|move|p2a: Clodsire|Mortal Spin|p1a: Iron Moth\n|-resisted|p1a: Iron Moth\n|-damage|p1a: Iron Moth|93\/100\n|\n|-heal|p2a: Clodsire|83\/100|[from] item: Leftovers\n|upkeep\n|turn|13\n|\n|t:|1699730184\n|-end|p1a: Iron Moth|Quark Drive|[silent]\n|switch|p1a: Gliscor|Gliscor, M|84\/100 tox\n|move|p2a: Clodsire|Earthquake|p1a: Gliscor\n|-immune|p1a: Gliscor\n|\n|-heal|p2a: Clodsire|90\/100|[from] item: Leftovers\n|-heal|p1a: Gliscor|97\/100 tox|[from] ability: Poison Heal\n|upkeep\n|turn|14\n|\n|t:|1699730190\n|switch|p2a: Corviknight|Corviknight, F|98\/100\n|-ability|p2a: Corviknight|Pressure\n|move|p1a: Gliscor|Earthquake|p2a: Corviknight\n|-immune|p2a: Corviknight\n|\n|-heal|p1a: Gliscor|100\/100 tox|[from] ability: Poison Heal\n|upkeep\n|turn|15\n|\n|t:|1699730195\n|move|p1a: Gliscor|U-turn|p2a: Corviknight\n|-resisted|p2a: Corviknight\n|-damage|p2a: Corviknight|96\/100\n|-damage|p1a: Gliscor|84\/100 tox|[from] item: Rocky Helmet|[of] p2a: Corviknight\n|\n|t:|1699730198\n|switch|p1a: Iron Moth|Iron Moth|93\/100|[from] U-turn\n|move|p2a: Corviknight|Iron Defense|p2a: Corviknight\n|-boost|p2a: Corviknight|def|2\n|\n|upkeep\n|turn|16\n|\n|t:|1699730203\n|switch|p2a: Clodsire|Clodsire, M|90\/100\n|move|p1a: Iron Moth|Sludge Wave|p2a: Clodsire\n|-resisted|p2a: Clodsire\n|-damage|p2a: Clodsire|81\/100\n|-damage|p1a: Iron Moth|83\/100|[from] item: Life Orb\n|\n|-heal|p2a: Clodsire|87\/100|[from] item: Leftovers\n|upkeep\n|turn|17\n|\n|t:|1699730208\n|-end|p1a: Iron Moth|Quark Drive|[silent]\n|switch|p1a: Clefable|Clefable, M|100\/100\n|move|p2a: Clodsire|Stealth Rock|p1a: Clefable\n|-sidestart|p1: regirock|move: Stealth Rock\n|\n|-heal|p2a: Clodsire|94\/100|[from] item: Leftovers\n|upkeep\n|turn|18\n|\n|t:|1699730213\n|move|p1a: Clefable|Stealth Rock|p2a: Clodsire\n|-sidestart|p2: Dark Koopatrol|move: Stealth Rock\n|move|p2a: Clodsire|Mortal Spin|p1a: Clefable\n|-supereffective|p1a: Clefable\n|-damage|p1a: Clefable|86\/100\n|-status|p1a: Clefable|psn\n|-sideend|p2: Dark Koopatrol|Stealth Rock|[from] move: Mortal Spin|[of] p2a: Clodsire\n|\n|-heal|p1a: Clefable|92\/100 psn|[from] item: Leftovers\n|-heal|p2a: Clodsire|99\/100|[from] item: Leftovers\n|upkeep\n|turn|19\n|\n|t:|1699730221\n|switch|p2a: Skeledirge|Skeledirge, F|83\/100\n|move|p1a: Clefable|Wish|p1a: Clefable\n|\n|-heal|p1a: Clefable|98\/100 psn|[from] item: Leftovers\n|upkeep\n|turn|20\n|\n|t:|1699730231\n|switch|p1a: Sinistcha|Sinistcha|100\/100\n|-damage|p1a: Sinistcha|88\/100|[from] Stealth Rock\n|move|p2a: Skeledirge|Hex|p1a: Sinistcha\n|-supereffective|p1a: Sinistcha\n|-damage|p1a: Sinistcha|27\/100\n|\n|-heal|p1a: Sinistcha|84\/100|[from] move: Wish|[wisher] Clefable\n|-heal|p1a: Sinistcha|90\/100|[from] item: Leftovers\n|upkeep\n|turn|21\n|j| Dogpraxis\n|l| Dogpraxis\n|\n|t:|1699730245\n|switch|p2a: Clodsire|Clodsire, M|99\/100\n|move|p1a: Sinistcha|Calm Mind|p1a: Sinistcha\n|-boost|p1a: Sinistcha|spa|1\n|-boost|p1a: Sinistcha|spd|1\n|\n|-heal|p1a: Sinistcha|96\/100|[from] item: Leftovers\n|-heal|p2a: Clodsire|100\/100|[from] item: Leftovers\n|upkeep\n|turn|22\n|\n|t:|1699730249\n|move|p1a: Sinistcha|Calm Mind|p1a: Sinistcha\n|-boost|p1a: Sinistcha|spa|1\n|-boost|p1a: Sinistcha|spd|1\n|move|p2a: Clodsire|Mortal Spin|p1a: Sinistcha\n|-damage|p1a: Sinistcha|90\/100\n|-status|p1a: Sinistcha|psn\n|\n|-heal|p1a: Sinistcha|96\/100 psn|[from] item: Leftovers\n|-damage|p1a: Sinistcha|84\/100 psn|[from] psn\n|upkeep\n|turn|23\n|\n|t:|1699730253\n|move|p1a: Sinistcha|Matcha Gotcha|p2a: Clodsire\n|-damage|p2a: Clodsire|83\/100\n|-heal|p1a: Sinistcha|96\/100 psn|[from] drain|[of] p2a: Clodsire\n|move|p2a: Clodsire|Haze|p2a: Clodsire\n|-clearallboost\n|\n|-heal|p1a: Sinistcha|100\/100 psn|[from] item: Leftovers\n|-heal|p2a: Clodsire|89\/100|[from] item: Leftovers\n|-damage|p1a: Sinistcha|88\/100 psn|[from] psn\n|upkeep\n|turn|24\n|\n|t:|1699730263\n|switch|p2a: Tinkaton|Tinkaton, F|100\/100\n|-ability|p2a: Tinkaton|Mold Breaker\n|move|p1a: Sinistcha|Calm Mind|p1a: Sinistcha\n|-boost|p1a: Sinistcha|spa|1\n|-boost|p1a: Sinistcha|spd|1\n|\n|-heal|p1a: Sinistcha|94\/100 psn|[from] item: Leftovers\n|-damage|p1a: Sinistcha|82\/100 psn|[from] psn\n|upkeep\n|turn|25\n|\n|t:|1699730268\n|move|p2a: Tinkaton|Knock Off|p1a: Sinistcha\n|-supereffective|p1a: Sinistcha\n|-damage|p1a: Sinistcha|53\/100 psn\n|-enditem|p1a: Sinistcha|Leftovers|[from] move: Knock Off|[of] p2a: Tinkaton\n|move|p1a: Sinistcha|Matcha Gotcha|p2a: Tinkaton|[miss]\n|-miss|p1a: Sinistcha|p2a: Tinkaton\n|\n|-damage|p1a: Sinistcha|41\/100 psn|[from] psn\n|upkeep\n|turn|26\n|\n|t:|1699730275\n|move|p2a: Tinkaton|Protect|p2a: Tinkaton\n|-singleturn|p2a: Tinkaton|Protect\n|move|p1a: Sinistcha|Strength Sap|p2a: Tinkaton\n|-activate|p2a: Tinkaton|move: Protect\n|\n|-damage|p1a: Sinistcha|29\/100 psn|[from] psn\n|upkeep\n|turn|27\n|\n|t:|1699730288\n|move|p2a: Tinkaton|Gigaton Hammer|p1a: Sinistcha\n|-damage|p1a: Sinistcha|0 fnt\n|faint|p1a: Sinistcha\n|\n|upkeep\n|j| Ivy Kane\n|\n|t:|1699730309\n|switch|p1a: Gliscor|Gliscor, M|84\/100 tox\n|-damage|p1a: Gliscor|72\/100 tox|[from] Stealth Rock\n|turn|28\n|\n|t:|1699730317\n|switch|p2a: Corviknight|Corviknight, F|96\/100\n|-ability|p2a: Corviknight|Pressure\n|move|p1a: Gliscor|Matcha Gotcha|p2a: Corviknight\n|-resisted|p2a: Corviknight\n|-damage|p2a: Corviknight|94\/100\n|-heal|p1a: Gliscor|73\/100 tox|[from] drain|[of] p2a: Corviknight\n|\n|-heal|p1a: Gliscor|85\/100 tox|[from] ability: Poison Heal\n|upkeep\n|turn|29\n|\n|t:|1699730326\n|move|p1a: Gliscor|Matcha Gotcha|p2a: Corviknight|[miss]\n|-miss|p1a: Gliscor|p2a: Corviknight\n|move|p2a: Corviknight|Iron Defense|p2a: Corviknight\n|-boost|p2a: Corviknight|def|2\n|\n|-heal|p1a: Gliscor|98\/100 tox|[from] ability: Poison Heal\n|upkeep\n|turn|30\n|\n|t:|1699730331\n|move|p1a: Gliscor|Matcha Gotcha|p2a: Corviknight\n|-resisted|p2a: Corviknight\n|-damage|p2a: Corviknight|92\/100\n|-heal|p1a: Gliscor|99\/100 tox|[from] drain|[of] p2a: Corviknight\n|move|p2a: Corviknight|Iron Defense|p2a: Corviknight\n|-boost|p2a: Corviknight|def|2\n|\n|-heal|p1a: Gliscor|100\/100 tox|[from] ability: Poison Heal\n|upkeep\n|turn|31\n|\n|t:|1699730338\n|move|p1a: Gliscor|Matcha Gotcha|p2a: Corviknight\n|-resisted|p2a: Corviknight\n|-damage|p2a: Corviknight|90\/100\n|move|p2a: Corviknight|Iron Defense|p2a: Corviknight\n|-boost|p2a: Corviknight|def|2\n|\n|upkeep\n|turn|32\n|\n|t:|1699730346\n|move|p1a: Gliscor|Matcha Gotcha|p2a: Corviknight|[miss]\n|-miss|p1a: Gliscor|p2a: Corviknight\n|move|p2a: Corviknight|Body Press|p1a: Gliscor\n|-resisted|p1a: Gliscor\n|-damage|p1a: Gliscor|71\/100 tox\n|\n|-heal|p1a: Gliscor|84\/100 tox|[from] ability: Poison Heal\n|upkeep\n|turn|33\n|\n|t:|1699730358\n|switch|p2a: Toxapex|Toxapex, M, shiny|78\/100\n|move|p1a: Gliscor|Matcha Gotcha|p2a: Toxapex\n|-damage|p2a: Toxapex|73\/100\n|-heal|p1a: Gliscor|86\/100 tox|[from] drain|[of] p2a: Toxapex\n|\n|-heal|p2a: Toxapex|79\/100|[from] item: Leftovers\n|-heal|p1a: Gliscor|99\/100 tox|[from] ability: Poison Heal\n|upkeep\n|turn|34\n|\n|t:|1699730364\n|move|p1a: Gliscor|Earthquake|p2a: Toxapex\n|-supereffective|p2a: Toxapex\n|-damage|p2a: Toxapex|27\/100\n|move|p2a: Toxapex|Infestation|p1a: Gliscor\n|-resisted|p1a: Gliscor\n|-damage|p1a: Gliscor|97\/100 tox\n|-activate|p1a: Gliscor|move: Infestation|[of] p2a: Toxapex\n|\n|-heal|p2a: Toxapex|34\/100|[from] item: Leftovers\n|-heal|p1a: Gliscor|100\/100 tox|[from] ability: Poison Heal\n|-damage|p1a: Gliscor|88\/100 tox|[from] move: Infestation|[partiallytrapped]\n|upkeep\n|turn|35\n|c|\u2606Dark Koopatrol|oh\n|\n|t:|1699730376\n|switch|p2a: Corviknight|Corviknight, F|90\/100\n|-ability|p2a: Corviknight|Pressure\n|move|p1a: Gliscor|Matcha Gotcha|p2a: Corviknight\n|-resisted|p2a: Corviknight\n|-damage|p2a: Corviknight|88\/100\n|-heal|p1a: Gliscor|89\/100 tox|[from] drain|[of] p2a: Corviknight\n|\n|-heal|p1a: Gliscor|100\/100 tox|[from] ability: Poison Heal\n|-end|p1a: Gliscor|Infestation|[partiallytrapped]|[silent]\n|upkeep\n|turn|36\n|c|\u2606regirock|bro this move is supposed to burn\n|c|\u2606regirock|LOLk\n|c|\u2606Dark Koopatrol|oh true\n|\n|t:|1699730395\n|switch|p2a: Skeledirge|Skeledirge, F|83\/100\n|move|p1a: Gliscor|Matcha Gotcha|p2a: Skeledirge\n|-resisted|p2a: Skeledirge\n|-damage|p2a: Skeledirge|79\/100\n|\n|upkeep\n|turn|37\n|\n|t:|1699730401\n|move|p1a: Gliscor|Toxic|p2a: Skeledirge\n|-status|p2a: Skeledirge|tox\n|move|p2a: Skeledirge|Hex|p1a: Gliscor\n|-damage|p1a: Gliscor|42\/100 tox\n|\n|-heal|p1a: Gliscor|54\/100 tox|[from] ability: Poison Heal\n|-damage|p2a: Skeledirge|73\/100 tox|[from] psn\n|upkeep\n|turn|38\n|\n|t:|1699730407\n|move|p1a: Gliscor|Protect|p1a: Gliscor\n|-singleturn|p1a: Gliscor|Protect\n|move|p2a: Skeledirge|Hex|p1a: Gliscor\n|-activate|p1a: Gliscor|move: Protect\n|\n|-heal|p1a: Gliscor|67\/100 tox|[from] ability: Poison Heal\n|-damage|p2a: Skeledirge|60\/100 tox|[from] psn\n|upkeep\n|turn|39\n|\n|t:|1699730411\n|move|p1a: Gliscor|Earthquake|p2a: Skeledirge\n|-supereffective|p2a: Skeledirge\n|-damage|p2a: Skeledirge|19\/100 tox\n|move|p2a: Skeledirge|Hex|p1a: Gliscor\n|-damage|p1a: Gliscor|7\/100 tox\n|\n|-heal|p1a: Gliscor|19\/100 tox|[from] ability: Poison Heal\n|-damage|p2a: Skeledirge|1\/100 tox|[from] psn\n|upkeep\n|turn|40\n|c|\u2606Dark Koopatrol|oops\n|\n|t:|1699730418\n|move|p1a: Gliscor|Protect|p1a: Gliscor\n|-singleturn|p1a: Gliscor|Protect\n|move|p2a: Skeledirge|Slack Off|p2a: Skeledirge\n|-heal|p2a: Skeledirge|51\/100 tox\n|\n|-heal|p1a: Gliscor|32\/100 tox|[from] ability: Poison Heal\n|-damage|p2a: Skeledirge|27\/100 tox|[from] psn\n|upkeep\n|turn|41\n|\n|t:|1699730423\n|switch|p2a: Corviknight|Corviknight, F|88\/100\n|-ability|p2a: Corviknight|Pressure\n|move|p1a: Gliscor|Earthquake|p2a: Corviknight\n|-immune|p2a: Corviknight\n|\n|-heal|p1a: Gliscor|44\/100 tox|[from] ability: Poison Heal\n|upkeep\n|turn|42\n|\n|t:|1699730428\n|switch|p2a: Toxapex|Toxapex, M, shiny|67\/100\n|move|p1a: Gliscor|Matcha Gotcha|p2a: Toxapex\n|-damage|p2a: Toxapex|61\/100\n|-heal|p1a: Gliscor|47\/100 tox|[from] drain|[of] p2a: Toxapex\n|\n|-heal|p2a: Toxapex|67\/100|[from] item: Leftovers\n|-heal|p1a: Gliscor|59\/100 tox|[from] ability: Poison Heal\n|upkeep\n|turn|43\n|\n|t:|1699730437\n|move|p1a: Gliscor|Protect|p1a: Gliscor\n|-singleturn|p1a: Gliscor|Protect\n|move|p2a: Toxapex|Chilling Water|p1a: Gliscor\n|-activate|p1a: Gliscor|move: Protect\n|\n|-heal|p2a: Toxapex|74\/100|[from] item: Leftovers\n|-heal|p1a: Gliscor|72\/100 tox|[from] ability: Poison Heal\n|upkeep\n|turn|44\n|\n|t:|1699730441\n|move|p1a: Gliscor|Matcha Gotcha|p2a: Toxapex\n|-damage|p2a: Toxapex|68\/100\n|-heal|p1a: Gliscor|74\/100 tox|[from] drain|[of] p2a: Toxapex\n|move|p2a: Toxapex|Chilling Water|p1a: Gliscor\n|-supereffective|p1a: Gliscor\n|-damage|p1a: Gliscor|50\/100 tox\n|-unboost|p1a: Gliscor|atk|1\n|\n|-heal|p2a: Toxapex|74\/100|[from] item: Leftovers\n|-heal|p1a: Gliscor|63\/100 tox|[from] ability: Poison Heal\n|upkeep\n|turn|45\n|\n|t:|1699730447\n|move|p1a: Gliscor|Matcha Gotcha|p2a: Toxapex|[miss]\n|-miss|p1a: Gliscor|p2a: Toxapex\n|move|p2a: Toxapex|Infestation|p1a: Gliscor\n|-resisted|p1a: Gliscor\n|-damage|p1a: Gliscor|61\/100 tox\n|-activate|p1a: Gliscor|move: Infestation|[of] p2a: Toxapex\n|\n|-heal|p2a: Toxapex|80\/100|[from] item: Leftovers\n|-heal|p1a: Gliscor|74\/100 tox|[from] ability: Poison Heal\n|-damage|p1a: Gliscor|61\/100 tox|[from] move: Infestation|[partiallytrapped]\n|upkeep\n|turn|46\n|\n|t:|1699730452\n|move|p1a: Gliscor|Matcha Gotcha|p2a: Toxapex\n|-damage|p2a: Toxapex|75\/100\n|-heal|p1a: Gliscor|64\/100 tox|[from] drain|[of] p2a: Toxapex\n|move|p2a: Toxapex|Chilling Water|p1a: Gliscor\n|-supereffective|p1a: Gliscor\n|-damage|p1a: Gliscor|39\/100 tox\n|-unboost|p1a: Gliscor|atk|1\n|\n|-heal|p2a: Toxapex|81\/100|[from] item: Leftovers\n|-heal|p1a: Gliscor|52\/100 tox|[from] ability: Poison Heal\n|-damage|p1a: Gliscor|39\/100 tox|[from] move: Infestation|[partiallytrapped]\n|upkeep\n|turn|47\n|\n|t:|1699730461\n|move|p1a: Gliscor|Matcha Gotcha|p2a: Toxapex|[miss]\n|-miss|p1a: Gliscor|p2a: Toxapex\n|move|p2a: Toxapex|Chilling Water|p1a: Gliscor\n|-supereffective|p1a: Gliscor\n|-damage|p1a: Gliscor|16\/100 tox\n|-unboost|p1a: Gliscor|atk|1\n|\n|-heal|p2a: Toxapex|87\/100|[from] item: Leftovers\n|-heal|p1a: Gliscor|28\/100 tox|[from] ability: Poison Heal\n|-damage|p1a: Gliscor|16\/100 tox|[from] move: Infestation|[partiallytrapped]\n|upkeep\n|turn|48\n|\n|t:|1699730471\n|move|p1a: Gliscor|U-turn|p2a: Toxapex\n|-resisted|p2a: Toxapex\n|-damage|p2a: Toxapex|84\/100\n|\n|t:|1699730474\n|switch|p1a: Clefable|Clefable, M|98\/100 psn|[from] U-turn\n|move|p2a: Toxapex|Chilling Water|p1a: Clefable\n|-damage|p1a: Clefable|89\/100 psn\n|-unboost|p1a: Clefable|atk|1\n|\n|-heal|p1a: Clefable|95\/100 psn|[from] item: Leftovers\n|-heal|p2a: Toxapex|91\/100|[from] item: Leftovers\n|upkeep\n|turn|49\n|\n|t:|1699730480\n|move|p1a: Clefable|Matcha Gotcha|p2a: Toxapex\n|-crit|p2a: Toxapex\n|-damage|p2a: Toxapex|74\/100\n|-heal|p1a: Clefable|100\/100 psn|[from] drain|[of] p2a: Toxapex\n|move|p2a: Toxapex|Venoshock|p1a: Clefable\n|-supereffective|p1a: Clefable\n|-crit|p1a: Clefable\n|-damage|p1a: Clefable|30\/100 psn\n|\n|-heal|p1a: Clefable|36\/100 psn|[from] item: Leftovers\n|-heal|p2a: Toxapex|80\/100|[from] item: Leftovers\n|upkeep\n|turn|50\n|\n|t:|1699730486\n|move|p1a: Clefable|Protect|p1a: Clefable\n|-singleturn|p1a: Clefable|Protect\n|move|p2a: Toxapex|Venoshock|p1a: Clefable\n|-activate|p1a: Clefable|move: Protect\n|\n|-heal|p1a: Clefable|42\/100 psn|[from] item: Leftovers\n|-heal|p2a: Toxapex|86\/100|[from] item: Leftovers\n|upkeep\n|turn|51\n|c|\u2606regirock|actually what is going on\n|c|\u2606regirock|im almost out of mgs\n|c|\u2606regirock|and no burns\n|\n|t:|1699730498\n|move|p1a: Clefable|Matcha Gotcha|p2a: Toxapex\n|-damage|p2a: Toxapex|75\/100\n|-heal|p1a: Clefable|46\/100 psn|[from] drain|[of] p2a: Toxapex\n|move|p2a: Toxapex|Venoshock|p1a: Clefable\n|-supereffective|p1a: Clefable\n|-damage|p1a: Clefable|0 fnt\n|faint|p1a: Clefable\n|\n|-heal|p2a: Toxapex|82\/100|[from] item: Leftovers\n|upkeep\n|c|\u2606Dark Koopatrol|lol\n|\n|t:|1699730502\n|switch|p1a: Gliscor|Gliscor, M|16\/100 tox\n|-damage|p1a: Gliscor|3\/100 tox|[from] Stealth Rock\n|turn|52\n|\n|t:|1699730507\n|move|p1a: Gliscor|Protect|p1a: Gliscor\n|-singleturn|p1a: Gliscor|Protect\n|move|p2a: Toxapex|Chilling Water|p1a: Gliscor\n|-activate|p1a: Gliscor|move: Protect\n|\n|-heal|p2a: Toxapex|88\/100|[from] item: Leftovers\n|-heal|p1a: Gliscor|16\/100 tox|[from] ability: Poison Heal\n|upkeep\n|turn|53\n|\n|t:|1699730511\n|move|p1a: Gliscor|U-turn|p2a: Toxapex\n|-resisted|p2a: Toxapex\n|-damage|p2a: Toxapex|82\/100\n|\n|t:|1699730515\n|switch|p1a: Iron Moth|Iron Moth|83\/100|[from] U-turn\n|-damage|p1a: Iron Moth|58\/100|[from] Stealth Rock\n|move|p2a: Toxapex|Chilling Water|p1a: Iron Moth\n|-supereffective|p1a: Iron Moth\n|-damage|p1a: Iron Moth|36\/100\n|-unboost|p1a: Iron Moth|atk|1\n|\n|-heal|p2a: Toxapex|88\/100|[from] item: Leftovers\n|upkeep\n|turn|54\n|\n|t:|1699730524\n|move|p1a: Iron Moth|Matcha Gotcha|p2a: Toxapex\n|-damage|p2a: Toxapex|62\/100\n|-heal|p1a: Iron Moth|49\/100|[from] drain|[of] p2a: Toxapex\n|-damage|p1a: Iron Moth|39\/100|[from] item: Life Orb\n|move|p2a: Toxapex|Chilling Water|p1a: Iron Moth\n|-supereffective|p1a: Iron Moth\n|-damage|p1a: Iron Moth|17\/100\n|-unboost|p1a: Iron Moth|atk|1\n|\n|-heal|p2a: Toxapex|68\/100|[from] item: Leftovers\n|upkeep\n|turn|55\n|c|\u2606regirock|this is just a desperate attempt\n|\n|t:|1699730536\n|move|p1a: Iron Moth|Energy Ball|p2a: Toxapex\n|-crit|p2a: Toxapex\n|-damage|p2a: Toxapex|29\/100\n|-damage|p1a: Iron Moth|7\/100|[from] item: Life Orb\n|move|p2a: Toxapex|Chilling Water|p1a: Iron Moth\n|-supereffective|p1a: Iron Moth\n|-damage|p1a: Iron Moth|0 fnt\n|faint|p1a: Iron Moth\n|-end|p1a: Iron Moth|Quark Drive|[silent]\n|\n|-heal|p2a: Toxapex|35\/100|[from] item: Leftovers\n|upkeep\n|\n|t:|1699730547\n|switch|p1a: Cinderace|Cinderace, F|82\/100 psn\n|turn|56\n|l| Ivy Kane\n|c|\u2606Dark Koopatrol|how many times have you used that\n|\n|t:|1699730553\n|move|p1a: Cinderace|Court Change|p1a: Cinderace\n|-start|p1a: Cinderace|typechange|Normal|[from] ability: Libero\n|-swapsideconditions\n|-activate|p1a: Cinderace|move: Court Change\n|move|p2a: Toxapex|Recover|p2a: Toxapex\n|-heal|p2a: Toxapex|85\/100\n|\n|-heal|p2a: Toxapex|92\/100|[from] item: Leftovers\n|-damage|p1a: Cinderace|69\/100 psn|[from] psn\n|upkeep\n|turn|57\n|c|\u2606regirock|24\n|c|\u2606regirock|im legit out\n|c|\u2606Dark Koopatrol|bruh\n|c|\u2606regirock|it has a 20% burn chance allegedly\n|\n|t:|1699730570\n|move|p1a: Cinderace|Pyro Ball|p2a: Toxapex|[miss]\n|-miss|p1a: Cinderace|p2a: Toxapex\n|move|p2a: Toxapex|Infestation|p1a: Cinderace\n|-damage|p1a: Cinderace|65\/100 psn\n|-activate|p1a: Cinderace|move: Infestation|[of] p2a: Toxapex\n|\n|-heal|p2a: Toxapex|98\/100|[from] item: Leftovers\n|-damage|p1a: Cinderace|53\/100 psn|[from] psn\n|-damage|p1a: Cinderace|40\/100 psn|[from] move: Infestation|[partiallytrapped]\n|upkeep\n|turn|58\n|c|\u2606regirock|and a 10% miss chance\n|c|\u2606regirock|got 3 or 4 misses\n|c|\u2606regirock|0 burns\n|c|\u2606regirock|LOL\n|\n|t:|1699730582\n|move|p1a: Cinderace|Pyro Ball|p2a: Toxapex|[miss]\n|-miss|p1a: Cinderace|p2a: Toxapex\n|move|p2a: Toxapex|Venoshock|p1a: Cinderace\n|-damage|p1a: Cinderace|2\/100 psn\n|\n|-heal|p2a: Toxapex|100\/100|[from] item: Leftovers\n|-damage|p1a: Cinderace|0 fnt|[from] psn\n|faint|p1a: Cinderace\n|upkeep\n|\n|t:|1699730584\n|switch|p1a: Gliscor|Gliscor, M|16\/100 tox\n|turn|59\n|c|\u2606Dark Koopatrol|rng does not like you today\n|\n|t:|1699730593\n|move|p1a: Gliscor|Protect|p1a: Gliscor\n|-singleturn|p1a: Gliscor|Protect\n|move|p2a: Toxapex|Chilling Water|p1a: Gliscor\n|-activate|p1a: Gliscor|move: Protect\n|\n|-heal|p1a: Gliscor|28\/100 tox|[from] ability: Poison Heal\n|upkeep\n|turn|60\n|c|\u2606regirock|its ok\n|c|\u2606Dark Koopatrol|gg\n|c|\u2606regirock|im just writing this one off as a loss\n|c|\u2606regirock|gg\n|j| whitebeard solos\n|\n|t:|1699730600\n|move|p1a: Gliscor|Earthquake|p2a: Toxapex\n|-supereffective|p2a: Toxapex\n|-damage|p2a: Toxapex|53\/100\n|move|p2a: Toxapex|Chilling Water|p1a: Gliscor\n|-supereffective|p1a: Gliscor\n|-damage|p1a: Gliscor|2\/100 tox\n|-unboost|p1a: Gliscor|atk|1\n|\n|-heal|p2a: Toxapex|59\/100|[from] item: Leftovers\n|-heal|p1a: Gliscor|15\/100 tox|[from] ability: Poison Heal\n|upkeep\n|turn|61\n|\n|t:|1699730607\n|move|p1a: Gliscor|Earthquake|p2a: Toxapex\n|-supereffective|p2a: Toxapex\n|-damage|p2a: Toxapex|22\/100\n|move|p2a: Toxapex|Chilling Water|p1a: Gliscor\n|-supereffective|p1a: Gliscor\n|-damage|p1a: Gliscor|0 fnt\n|faint|p1a: Gliscor\n|\n|win|Dark Koopatrol\n|n|\u2606regirock|regirock\n|n|\u2606Dark Koopatrol|darkkoopatrol\n|n| mid ladder memes|midladdermemes\n|n| whitebeard solos|whitebeardsolos\n|l|\u2606regirock\n|l|\u2606Dark Koopatrol\n|l| whitebeard solos\n","uploadtime":1699731134,"views":5,"p1id":"regirock","p2id":"darkkoopatrol","formatid":"gen9anythinggoes","rating":0,"private":0,"password":""}