{"id":"gen9anythinggoes-1990976582","p1":"Zesty Failur3","p2":"eres_mi_bebe","format":"[Gen 9] Anything Goes","log":"|j|\u2606Zesty Failur3\n|j|\u2606eres_mi_bebe\n|t:|1700022240\n|gametype|singles\n|player|p1|Zesty Failur3|102|1113\n|player|p2|eres_mi_bebe|1|1125\n|teamsize|p1|4\n|teamsize|p2|6\n|gen|9\n|tier|[Gen 9] Anything Goes\n|rated|\n|rule|HP Percentage Mod: HP is shown in percentages\n|rule|Endless Battle Clause: Forcing endless battles is banned\n|clearpoke\n|poke|p1|Scovillain, M|\n|poke|p1|Drifblim, M|\n|poke|p1|Mew|\n|poke|p1|Kommo-o, F|\n|poke|p2|Iron Bundle|\n|poke|p2|Kingambit, F|\n|poke|p2|Volcarona, F|\n|poke|p2|Espeon, M|\n|poke|p2|Corviknight, M|\n|poke|p2|Blissey, F|\n|teampreview\n|inactive|Battle timer is ON: inactive players will automatically lose when time's up. (requested by eres_mi_bebe)\n|\n|t:|1700022246\n|start\n|switch|p1a: Mew|Mew|100\/100\n|switch|p2a: Espeon|Espeon, M, shiny|100\/100\n|turn|1\n|\n|t:|1700022254\n|move|p2a: Espeon|Trick|p1a: Mew\n|-activate|p2a: Espeon|move: Trick|[of] p1a: Mew\n|-item|p1a: Mew|Choice Scarf|[from] move: Trick\n|-item|p2a: Espeon|Leftovers|[from] move: Trick\n|move|p1a: Mew|Imprison|p1a: Mew\n|-start|p1a: Mew|move: Imprison\n|\n|upkeep\n|turn|2\n|c|\u2606Zesty Failur3|u mfer lmao\n|\n|t:|1700022270\n|switch|p1a: Scovillain|Scovillain, M|100\/100\n|move|p2a: Espeon|Thunder Wave|p1a: Scovillain\n|-status|p1a: Scovillain|par\n|\n|-ability|p1a: Scovillain|Moody|boost\n|-boost|p1a: Scovillain|atk|2\n|-unboost|p1a: Scovillain|def|1\n|upkeep\n|turn|3\n|\n|t:|1700022284\n|move|p2a: Espeon|Sand Attack|p1a: Scovillain\n|-unboost|p1a: Scovillain|accuracy|1\n|cant|p1a: Scovillain|par\n|\n|-ability|p1a: Scovillain|Moody|boost\n|-boost|p1a: Scovillain|atk|2\n|-unboost|p1a: Scovillain|spe|1\n|upkeep\n|turn|4\n|c|\u2606Zesty Failur3|very well played\n|\n|t:|1700022292\n|move|p2a: Espeon|Sand Attack|p1a: Scovillain\n|-unboost|p1a: Scovillain|accuracy|1\n|move|p1a: Scovillain|Leech Seed|p2a: Espeon\n|move|p2a: Espeon|Leech Seed|p1a: Scovillain|[from]ability: Magic Bounce\n|-immune|p1a: Scovillain\n|\n|-ability|p1a: Scovillain|Moody|boost\n|-boost|p1a: Scovillain|spe|2\n|-unboost|p1a: Scovillain|spd|1\n|upkeep\n|turn|5\n|c|\u2606eres_mi_bebe|Hey u gotta tackle fucked up with fucked up\n|c|\u2606eres_mi_bebe|Lol\n|\n|t:|1700022320\n|switch|p1a: Drifblim|Drifblim, M|100\/100\n|move|p2a: Espeon|Sand Attack|p1a: Drifblim\n|-unboost|p1a: Drifblim|accuracy|1\n|\n|upkeep\n|turn|6\n|c|\u2606Zesty Failur3|lmaoooooooo\n|\n|t:|1700022331\n|switch|p2a: Kingambit|Kingambit, F, shiny|100\/100\n|move|p1a: Drifblim|Substitute|p1a: Drifblim\n|-start|p1a: Drifblim|Substitute\n|-damage|p1a: Drifblim|76\/100\n|\n|upkeep\n|turn|7\n|\n|t:|1700022338\n|move|p1a: Drifblim|Minimize|p1a: Drifblim\n|-boost|p1a: Drifblim|evasion|2\n|move|p2a: Kingambit|Kowtow Cleave|p1a: Drifblim\n|-supereffective|p1a: Drifblim\n|-end|p1a: Drifblim|Substitute\n|\n|upkeep\n|turn|8\n|\n|t:|1700022346\n|move|p1a: Drifblim|Strength Sap|p2a: Kingambit\n|-unboost|p2a: Kingambit|atk|1\n|-ability|p2a: Kingambit|Defiant|boost\n|-boost|p2a: Kingambit|atk|2\n|-heal|p1a: Drifblim|100\/100\n|move|p2a: Kingambit|Kowtow Cleave|p1a: Drifblim\n|-supereffective|p1a: Drifblim\n|-enditem|p1a: Drifblim|Focus Sash\n|-damage|p1a: Drifblim|1\/100\n|\n|upkeep\n|turn|9\n|c|\u2606Zesty Failur3|fuuuuuuuuuuuuuu\n|c|\u2606Zesty Failur3|ckkkkkkkkkkkk\n|c|\u2606Zesty Failur3|ooooooooooooooof\n|c|\u2606eres_mi_bebe|Yeah i have it prepared for that\n|\n|t:|1700022370\n|move|p1a: Drifblim|Baton Pass|p1a: Drifblim\n|c|\u2606Zesty Failur3|lmao\n|c|\u2606Zesty Failur3|i can see\n|\n|t:|1700022377\n|switch|p1a: Kommo-o|Kommo-o, F|100\/100|[from] Baton Pass\n|move|p2a: Kingambit|Kowtow Cleave|p1a: Kommo-o\n|-resisted|p1a: Kommo-o\n|-damage|p1a: Kommo-o|62\/100\n|\n|-heal|p1a: Kommo-o|69\/100|[from] item: Leftovers\n|upkeep\n|turn|10\n|\n|t:|1700022388\n|switch|p2a: Espeon|Espeon, M, shiny|100\/100\n|move|p1a: Kommo-o|Clangorous Soul|p1a: Kommo-o\n|-boost|p1a: Kommo-o|atk|1\n|-boost|p1a: Kommo-o|def|1\n|-boost|p1a: Kommo-o|spa|1\n|-boost|p1a: Kommo-o|spd|1\n|-boost|p1a: Kommo-o|spe|1\n|-damage|p1a: Kommo-o|36\/100\n|\n|-heal|p1a: Kommo-o|42\/100|[from] item: Leftovers\n|upkeep\n|turn|11\n|\n|t:|1700022400\n|-terastallize|p1a: Kommo-o|Fairy\n|move|p1a: Kommo-o|Substitute|p1a: Kommo-o\n|-start|p1a: Kommo-o|Substitute\n|-damage|p1a: Kommo-o|17\/100\n|move|p2a: Espeon|Draining Kiss|p1a: Kommo-o\n|-activate|p1a: Kommo-o|move: Substitute|[damage]\n|\n|-heal|p1a: Kommo-o|23\/100|[from] item: Leftovers\n|upkeep\n|turn|12\n|\n|t:|1700022410\n|switch|p2a: Volcarona|Volcarona, F, shiny|100\/100\n|move|p1a: Kommo-o|Drain Punch|p2a: Volcarona\n|-resisted|p2a: Volcarona\n|-damage|p2a: Volcarona|71\/100\n|-heal|p1a: Kommo-o|39\/100|[from] drain|[of] p2a: Volcarona\n|-status|p1a: Kommo-o|brn|[from] ability: Flame Body|[of] p2a: Volcarona\n|\n|-heal|p1a: Kommo-o|46\/100 brn|[from] item: Leftovers\n|-damage|p1a: Kommo-o|39\/100 brn|[from] brn\n|upkeep\n|turn|13\n|c|\u2606eres_mi_bebe|Damm broo\n|\n|t:|1700022427\n|move|p1a: Kommo-o|Drain Punch|p2a: Volcarona\n|-resisted|p2a: Volcarona\n|-damage|p2a: Volcarona|55\/100\n|-heal|p1a: Kommo-o|48\/100 brn|[from] drain|[of] p2a: Volcarona\n|move|p2a: Volcarona|Bug Buzz|p1a: Kommo-o\n|-resisted|p1a: Kommo-o\n|-damage|p1a: Kommo-o|31\/100 brn\n|\n|-heal|p1a: Kommo-o|37\/100 brn|[from] item: Leftovers\n|-damage|p1a: Kommo-o|31\/100 brn|[from] brn\n|upkeep\n|turn|14\n|c|\u2606Zesty Failur3|lol\n|\n|t:|1700022438\n|move|p1a: Kommo-o|Drain Punch|p2a: Volcarona\n|-resisted|p2a: Volcarona\n|-damage|p2a: Volcarona|39\/100\n|-heal|p1a: Kommo-o|39\/100 brn|[from] drain|[of] p2a: Volcarona\n|move|p2a: Volcarona|Bug Buzz|p1a: Kommo-o\n|-resisted|p1a: Kommo-o\n|-damage|p1a: Kommo-o|23\/100 brn\n|\n|-heal|p1a: Kommo-o|29\/100 brn|[from] item: Leftovers\n|-damage|p1a: Kommo-o|23\/100 brn|[from] brn\n|upkeep\n|turn|15\n|\n|t:|1700022450\n|move|p2a: Volcarona|Bug Buzz|p1a: Kommo-o\n|-resisted|p1a: Kommo-o\n|-damage|p1a: Kommo-o|5\/100 brn\n|move|p1a: Kommo-o|Roar|p2a: Volcarona\n|drag|p2a: Iron Bundle|Iron Bundle, shiny|100\/100\n|-enditem|p2a: Iron Bundle|Booster Energy\n|-activate|p2a: Iron Bundle|ability: Quark Drive|[fromitem]\n|-start|p2a: Iron Bundle|quarkdrivespe\n|\n|-heal|p1a: Kommo-o|11\/100 brn|[from] item: Leftovers\n|-damage|p1a: Kommo-o|5\/100 brn|[from] brn\n|upkeep\n|turn|16\n|\n|t:|1700022463\n|-end|p2a: Iron Bundle|Quark Drive|[silent]\n|switch|p2a: Corviknight|Corviknight, M, shiny|100\/100\n|move|p1a: Kommo-o|Drain Punch|p2a: Corviknight\n|-damage|p2a: Corviknight|87\/100\n|-heal|p1a: Kommo-o|14\/100 brn|[from] drain|[of] p2a: Corviknight\n|-damage|p1a: Kommo-o|0 fnt|[from] item: Rocky Helmet|[of] p2a: Corviknight\n|faint|p1a: Kommo-o\n|\n|upkeep\n|\n|t:|1700022471\n|switch|p1a: Scovillain|Scovillain, M|100\/100 par\n|turn|17\n|c|\u2606Zesty Failur3|u deffo won\n|\n|t:|1700022477\n|switch|p2a: Iron Bundle|Iron Bundle, shiny|100\/100\n|move|p1a: Scovillain|Leech Seed|p2a: Iron Bundle\n|-start|p2a: Iron Bundle|move: Leech Seed\n|\n|-damage|p2a: Iron Bundle|88\/100|[from] Leech Seed|[of] p1a: Scovillain\n|-ability|p1a: Scovillain|Moody|boost\n|-boost|p1a: Scovillain|spa|2\n|-unboost|p1a: Scovillain|spd|1\n|upkeep\n|turn|18\n|\n|t:|1700022488\n|move|p2a: Iron Bundle|Encore|p1a: Scovillain\n|-start|p1a: Scovillain|Encore\n|cant|p1a: Scovillain|par\n|\n|-damage|p2a: Iron Bundle|76\/100|[from] Leech Seed|[of] p1a: Scovillain\n|-ability|p1a: Scovillain|Moody|boost\n|-boost|p1a: Scovillain|spd|2\n|-unboost|p1a: Scovillain|atk|1\n|upkeep\n|turn|19\n|\n|t:|1700022498\n|-end|p2a: Iron Bundle|Quark Drive|[silent]\n|switch|p2a: Espeon|Espeon, M, shiny|100\/100\n|switch|p1a: Mew|Mew|100\/100\n|\n|upkeep\n|turn|20\n|-message|Zesty Failur3 forfeited.\n|\n|win|eres_mi_bebe\n|raw|Zesty Failur3's rating: 1113 &rarr; <strong>1089<\/strong><br \/>(-24 for losing)\n|raw|eres_mi_bebe's rating: 1125 &rarr; <strong>1149<\/strong><br \/>(+24 for winning)\n|l|\u2606Zesty Failur3\n","uploadtime":1700022316,"views":4,"p1id":"zestyfailur3","p2id":"eresmibebe","formatid":"gen9anythinggoes","rating":1089,"private":0,"password":""}