{"id":"gen9anythinggoes-1983985414","p1":"hoenn militian","p2":"OJ Did Not Do It","format":"[Gen 9] Anything Goes","log":"|j|\u2606hoenn militian\n|j|\u203dOJ Did Not Do It\n|t:|1699206949\n|gametype|singles\n|player|p1|hoenn militian|1|1812\n|player|p2|OJ Did Not Do It|blue|1767\n|teamsize|p1|6\n|teamsize|p2|6\n|gen|9\n|tier|[Gen 9] Anything Goes\n|rated|\n|rule|HP Percentage Mod: HP is shown in percentages\n|rule|Endless Battle Clause: Forcing endless battles is banned\n|clearpoke\n|poke|p1|Miraidon|\n|poke|p1|Grimmsnarl, M|\n|poke|p1|Skeledirge, F|\n|poke|p1|Blissey, F|\n|poke|p1|Moltres|\n|poke|p1|Calyrex-Ice|\n|poke|p2|Koraidon|\n|poke|p2|Calyrex-Shadow|\n|poke|p2|Arceus|\n|poke|p2|Eternatus|\n|poke|p2|Arceus-Fairy|\n|poke|p2|Landorus-Therian, M|\n|teampreview\n|\n|t:|1699207005\n|start\n|switch|p1a: Calyrex|Calyrex-Ice|100\/100\n|switch|p2a: Eternatus|Eternatus|100\/100\n|-ability|p1a: Calyrex|As One\n|-ability|p1a: Calyrex|Unnerve\n|-ability|p2a: Eternatus|Pressure\n|turn|1\n|\n|t:|1699207014\n|switch|p2a: Arceus|Arceus-Fairy|100\/100\n|move|p1a: Calyrex|Glacial Lance|p2a: Arceus\n|-damage|p2a: Arceus|63\/100\n|\n|upkeep\n|turn|2\n|\n|t:|1699207020\n|switch|p1a: Blissey|Blissey, F|100\/100\n|move|p2a: Arceus|Recover|p2a: Arceus\n|-heal|p2a: Arceus|100\/100\n|\n|upkeep\n|turn|3\n|\n|t:|1699207032\n|switch|p2a: Landorus|Landorus-Therian, M|100\/100\n|-ability|p2a: Landorus|Intimidate|boost\n|-unboost|p1a: Blissey|atk|1\n|move|p1a: Blissey|Stealth Rock|p2a: Landorus\n|-sidestart|p2: OJ Did Not Do It|move: Stealth Rock\n|\n|upkeep\n|turn|4\n|\n|t:|1699207041\n|switch|p1a: Moltres|Moltres|100\/100\n|move|p2a: Landorus|Stealth Rock|p1a: Moltres\n|-sidestart|p1: hoenn militian|move: Stealth Rock\n|\n|upkeep\n|turn|5\n|\n|t:|1699207049\n|move|p2a: Landorus|Taunt|p1a: Moltres\n|-start|p1a: Moltres|move: Taunt\n|cant|p1a: Moltres|move: Taunt|Will-O-Wisp\n|\n|upkeep\n|turn|6\n|\n|t:|1699207054\n|move|p2a: Landorus|Earthquake|p1a: Moltres\n|-immune|p1a: Moltres\n|move|p1a: Moltres|U-turn|p2a: Landorus\n|-resisted|p2a: Landorus\n|-damage|p2a: Landorus|96\/100\n|-damage|p1a: Moltres|84\/100|[from] item: Rocky Helmet|[of] p2a: Landorus\n|\n|t:|1699207062\n|switch|p1a: Calyrex|Calyrex-Ice|100\/100|[from] U-turn\n|-ability|p1a: Calyrex|As One\n|-ability|p1a: Calyrex|Unnerve\n|\n|upkeep\n|turn|7\n|\n|t:|1699207068\n|switch|p2a: Arceus|Arceus-Fairy|100\/100\n|-damage|p2a: Arceus|88\/100|[from] Stealth Rock\n|move|p1a: Calyrex|Glacial Lance|p2a: Arceus\n|-damage|p2a: Arceus|46\/100\n|\n|upkeep\n|turn|8\n|\n|t:|1699207075\n|move|p2a: Arceus|Recover|p2a: Arceus\n|-heal|p2a: Arceus|96\/100\n|move|p1a: Calyrex|Glacial Lance|p2a: Arceus\n|-damage|p2a: Arceus|57\/100\n|\n|upkeep\n|turn|9\n|\n|t:|1699207083\n|switch|p1a: Blissey|Blissey, F|100\/100\n|move|p2a: Arceus|Recover|p2a: Arceus\n|-heal|p2a: Arceus|100\/100\n|\n|upkeep\n|turn|10\n|\n|t:|1699207090\n|switch|p2a: Landorus|Landorus-Therian, M|96\/100\n|-damage|p2a: Landorus|83\/100|[from] Stealth Rock\n|-ability|p2a: Landorus|Intimidate|boost\n|-unboost|p1a: Blissey|atk|1\n|switch|p1a: Calyrex|Calyrex-Ice|100\/100\n|-ability|p1a: Calyrex|As One\n|-ability|p1a: Calyrex|Unnerve\n|\n|upkeep\n|turn|11\n|\n|t:|1699207102\n|switch|p2a: Arceus|Arceus-Fairy|100\/100\n|-damage|p2a: Arceus|88\/100|[from] Stealth Rock\n|move|p1a: Calyrex|Glacial Lance|p2a: Arceus\n|-damage|p2a: Arceus|48\/100\n|\n|upkeep\n|turn|12\n|\n|t:|1699207109\n|move|p2a: Arceus|Will-O-Wisp|p1a: Calyrex\n|-status|p1a: Calyrex|brn\n|move|p1a: Calyrex|Swords Dance|p1a: Calyrex\n|-boost|p1a: Calyrex|atk|2\n|\n|-damage|p1a: Calyrex|94\/100 brn|[from] brn\n|upkeep\n|turn|13\n|\n|t:|1699207118\n|switch|p1a: Blissey|Blissey, F|100\/100\n|move|p2a: Arceus|Recover|p2a: Arceus\n|-heal|p2a: Arceus|98\/100\n|\n|upkeep\n|turn|14\n|\n|t:|1699207123\n|switch|p2a: Landorus|Landorus-Therian, M|83\/100\n|-damage|p2a: Landorus|71\/100|[from] Stealth Rock\n|-ability|p2a: Landorus|Intimidate|boost\n|-unboost|p1a: Blissey|atk|1\n|move|p1a: Blissey|Heal Bell|p1a: Blissey\n|-activate|p1a: Blissey|move: Heal Bell\n|-curestatus|p1: Calyrex|brn|[msg]\n|\n|upkeep\n|turn|15\n|\n|t:|1699207132\n|switch|p1a: Moltres|Moltres|84\/100\n|move|p2a: Landorus|U-turn|p1a: Moltres\n|-resisted|p1a: Moltres\n|-damage|p1a: Moltres|80\/100\n|\n|t:|1699207160\n|switch|p2a: Calyrex|Calyrex-Shadow|100\/100|[from] U-turn\n|-ability|p2a: Calyrex|As One\n|-ability|p2a: Calyrex|Unnerve\n|-damage|p2a: Calyrex|88\/100|[from] Stealth Rock\n|\n|upkeep\n|turn|16\n|\n|t:|1699207169\n|switch|p1a: Grimmsnarl|Grimmsnarl, M|100\/100\n|-terastallize|p2a: Calyrex|Fairy\n|move|p2a: Calyrex|Tera Blast|p1a: Grimmsnarl|[anim] Tera Blast Fairy\n|-supereffective|p1a: Grimmsnarl\n|-damage|p1a: Grimmsnarl|21\/100\n|\n|upkeep\n|turn|17\n|\n|t:|1699207179\n|move|p1a: Grimmsnarl|Thunder Wave|p2a: Calyrex\n|-status|p2a: Calyrex|par\n|move|p2a: Calyrex|Tera Blast|p1a: Grimmsnarl|[anim] Tera Blast Fairy\n|-supereffective|p1a: Grimmsnarl\n|-damage|p1a: Grimmsnarl|0 fnt\n|faint|p1a: Grimmsnarl\n|-ability|p2a: Calyrex|Grim Neigh|boost\n|-boost|p2a: Calyrex|spa|1\n|\n|upkeep\n|\n|t:|1699207188\n|switch|p1a: Miraidon|Miraidon|100\/100\n|-fieldstart|move: Electric Terrain|[from] ability: Hadron Engine|[of] p1a: Miraidon\n|turn|18\n|\n|t:|1699207193\n|switch|p2a: Eternatus|Eternatus|100\/100\n|-ability|p2a: Eternatus|Pressure\n|move|p1a: Miraidon|Electro Drift|p2a: Eternatus\n|-resisted|p2a: Eternatus\n|-damage|p2a: Eternatus|71\/100\n|\n|upkeep\n|turn|19\n|\n|t:|1699207204\n|move|p1a: Miraidon|Dragon Pulse|p2a: Eternatus\n|-supereffective|p2a: Eternatus\n|-damage|p2a: Eternatus|0 fnt\n|faint|p2a: Eternatus\n|\n|upkeep\n|\n|t:|1699207227\n|switch|p2a: Koraidon|Koraidon|100\/100\n|-damage|p2a: Koraidon|94\/100|[from] Stealth Rock\n|-weather|SunnyDay|[from] ability: Orichalcum Pulse|[of] p2a: Koraidon\n|-activate|p2a: Koraidon|Orichalcum Pulse|[source]\n|turn|20\n|\n|t:|1699207234\n|switch|p2a: Calyrex|Calyrex-Shadow, tera:Fairy|88\/100 par\n|-ability|p2a: Calyrex|As One\n|-ability|p2a: Calyrex|Unnerve\n|-damage|p2a: Calyrex|76\/100 par|[from] Stealth Rock\n|-terastallize|p1a: Miraidon|Fairy\n|move|p1a: Miraidon|Dragon Pulse|p2a: Calyrex\n|-immune|p2a: Calyrex\n|\n|-weather|SunnyDay|[upkeep]\n|upkeep\n|turn|21\n|\n|t:|1699207244\n|move|p1a: Miraidon|Electro Drift|p2a: Calyrex\n|-damage|p2a: Calyrex|0 fnt\n|faint|p2a: Calyrex\n|\n|-weather|SunnyDay|[upkeep]\n|upkeep\n|\n|t:|1699207258\n|switch|p2a: Arceus|Arceus|100\/100\n|-damage|p2a: Arceus|88\/100|[from] Stealth Rock\n|turn|22\n|\n|t:|1699207266\n|move|p2a: Arceus|Extreme Speed|p1a: Miraidon\n|-damage|p1a: Miraidon|52\/100\n|move|p1a: Miraidon|U-turn|p2a: Arceus\n|-damage|p2a: Arceus|79\/100\n|\n|t:|1699207272\n|switch|p1a: Moltres|Moltres|80\/100|[from] U-turn\n|\n|-weather|SunnyDay|[upkeep]\n|-fieldend|move: Electric Terrain\n|upkeep\n|turn|23\n|\n|t:|1699207279\n|switch|p2a: Landorus|Landorus-Therian, M|71\/100\n|-damage|p2a: Landorus|59\/100|[from] Stealth Rock\n|-ability|p2a: Landorus|Intimidate|boost\n|-unboost|p1a: Moltres|atk|1\n|move|p1a: Moltres|Burning Jealousy|p2a: Landorus\n|-damage|p2a: Landorus|8\/100\n|\n|-weather|SunnyDay|[upkeep]\n|upkeep\n|turn|24\n|\n|t:|1699207290\n|move|p2a: Landorus|Taunt|p1a: Moltres\n|-start|p1a: Moltres|move: Taunt\n|move|p1a: Moltres|Burning Jealousy|p2a: Landorus\n|-damage|p2a: Landorus|0 fnt\n|faint|p2a: Landorus\n|\n|-weather|none\n|upkeep\n|-message|OJ Did Not Do It forfeited.\n|\n|win|hoenn militian\n|raw|hoenn militian's rating: 1812 &rarr; <strong>1829<\/strong><br \/>(+17 for winning)\n|raw|OJ Did Not Do It's rating: 1767 &rarr; <strong>1750<\/strong><br \/>(-17 for losing)\n|l|\u203dOJ Did Not Do It\n","uploadtime":1699207329,"views":7,"p1id":"hoennmilitian","p2id":"ojdidnotdoit","formatid":"gen9anythinggoes","rating":1750,"private":0,"password":""}