{"id":"gen9anythinggoes-1982546028","p1":"hoenn militian","p2":"AnMoWuYou","format":"[Gen 9] Anything Goes","log":"|j|\u2606hoenn militian\n|j|\u2606AnMoWuYou\n|t:|1699024450\n|gametype|singles\n|player|p1|hoenn militian|2|1808\n|player|p2|AnMoWuYou|n|1660\n|teamsize|p1|6\n|teamsize|p2|6\n|gen|9\n|tier|[Gen 9] Anything Goes\n|rated|\n|rule|HP Percentage Mod: HP is shown in percentages\n|rule|Endless Battle Clause: Forcing endless battles is banned\n|clearpoke\n|poke|p1|Miraidon|\n|poke|p1|Grimmsnarl, M|\n|poke|p1|Skeledirge, M|\n|poke|p1|Blissey, F|\n|poke|p1|Moltres|\n|poke|p1|Calyrex-Ice|\n|poke|p2|Arceus|\n|poke|p2|Calyrex-Shadow|\n|poke|p2|Koraidon|\n|poke|p2|Ting-Lu|\n|poke|p2|Zacian-*|\n|poke|p2|Arceus-Ground|\n|teampreview\n|\n|t:|1699024458\n|start\n|switch|p1a: Calyrex|Calyrex-Ice|100\/100\n|switch|p2a: Koraidon|Koraidon|100\/100\n|-ability|p1a: Calyrex|As One\n|-ability|p1a: Calyrex|Unnerve\n|-weather|SunnyDay|[from] ability: Orichalcum Pulse|[of] p2a: Koraidon\n|-activate|p2a: Koraidon|Orichalcum Pulse|[source]\n|turn|1\n|\n|t:|1699024471\n|switch|p1a: Moltres|Moltres|100\/100\n|move|p2a: Koraidon|Flare Blitz|p1a: Moltres\n|-resisted|p1a: Moltres\n|-damage|p1a: Moltres|73\/100\n|-damage|p2a: Koraidon|90\/100|[from] Recoil\n|\n|-weather|SunnyDay|[upkeep]\n|upkeep\n|turn|2\n|inactive|Battle timer is ON: inactive players will automatically lose when time's up. (requested by hoenn militian)\n|\n|t:|1699024497\n|switch|p2a: Arceus|Arceus|100\/100\n|move|p1a: Moltres|Will-O-Wisp|p2a: Arceus|[miss]\n|-miss|p1a: Moltres|p2a: Arceus\n|\n|-weather|SunnyDay|[upkeep]\n|upkeep\n|turn|3\n|\n|t:|1699024517\n|switch|p2a: Ting-Lu|Ting-Lu|100\/100\n|-ability|p2a: Ting-Lu|Vessel of Ruin\n|move|p1a: Moltres|Will-O-Wisp|p2a: Ting-Lu\n|-status|p2a: Ting-Lu|brn\n|\n|-weather|SunnyDay|[upkeep]\n|-damage|p2a: Ting-Lu|94\/100 brn|[from] brn\n|upkeep\n|turn|4\n|\n|t:|1699024529\n|move|p1a: Moltres|Burning Jealousy|p2a: Ting-Lu\n|-damage|p2a: Ting-Lu|75\/100 brn\n|move|p2a: Ting-Lu|Whirlwind|p1a: Moltres\n|drag|p1a: Miraidon|Miraidon|100\/100\n|-fieldstart|move: Electric Terrain|[from] ability: Hadron Engine|[of] p1a: Miraidon\n|\n|-weather|SunnyDay|[upkeep]\n|-heal|p2a: Ting-Lu|81\/100 brn|[from] item: Leftovers\n|-damage|p2a: Ting-Lu|75\/100 brn|[from] brn\n|upkeep\n|turn|5\n|\n|t:|1699024541\n|move|p1a: Miraidon|U-turn|p2a: Ting-Lu\n|-supereffective|p2a: Ting-Lu\n|-damage|p2a: Ting-Lu|61\/100 brn\n|\n|t:|1699024545\n|switch|p1a: Calyrex|Calyrex-Ice|100\/100|[from] U-turn\n|-ability|p1a: Calyrex|As One\n|-ability|p1a: Calyrex|Unnerve\n|move|p2a: Ting-Lu|Earthquake|p1a: Calyrex\n|-damage|p1a: Calyrex|89\/100\n|\n|-weather|none\n|-heal|p2a: Ting-Lu|67\/100 brn|[from] item: Leftovers\n|-damage|p2a: Ting-Lu|61\/100 brn|[from] brn\n|upkeep\n|turn|6\n|inactive|AnMoWuYou has 120 seconds left.\n|\n|t:|1699024575\n|move|p1a: Calyrex|Glacial Lance|p2a: Ting-Lu\n|-supereffective|p2a: Ting-Lu\n|-damage|p2a: Ting-Lu|0 fnt\n|faint|p2a: Ting-Lu\n|-ability|p1a: Calyrex|Chilling Neigh|boost\n|-boost|p1a: Calyrex|atk|1\n|\n|upkeep\n|inactive|AnMoWuYou has 120 seconds left.\n|\n|t:|1699024582\n|switch|p2a: Koraidon|Koraidon|90\/100\n|-weather|SunnyDay|[from] ability: Orichalcum Pulse|[of] p2a: Koraidon\n|-activate|p2a: Koraidon|Orichalcum Pulse|[source]\n|turn|7\n|\n|t:|1699024592\n|switch|p1a: Skeledirge|Skeledirge, M|100\/100\n|move|p2a: Koraidon|U-turn|p1a: Skeledirge\n|-resisted|p1a: Skeledirge\n|-damage|p1a: Skeledirge|95\/100\n|inactive|AnMoWuYou has 120 seconds left.\n|\n|t:|1699024608\n|switch|p2a: Calyrex|Calyrex-Shadow|100\/100|[from] U-turn\n|-ability|p2a: Calyrex|As One\n|-ability|p2a: Calyrex|Unnerve\n|\n|-weather|SunnyDay|[upkeep]\n|upkeep\n|turn|8\n|inactive|AnMoWuYou has 120 seconds left.\n|\n|t:|1699024616\n|switch|p1a: Grimmsnarl|Grimmsnarl, M|100\/100\n|move|p2a: Calyrex|Astral Barrage|p1a: Grimmsnarl\n|-resisted|p1a: Grimmsnarl\n|-damage|p1a: Grimmsnarl|72\/100\n|\n|-weather|SunnyDay|[upkeep]\n|-fieldend|move: Electric Terrain\n|upkeep\n|turn|9\n|inactive|AnMoWuYou has 120 seconds left.\n|\n|t:|1699024629\n|switch|p2a: Arceus|Arceus-Ground|100\/100\n|move|p1a: Grimmsnarl|Foul Play|p2a: Arceus\n|-damage|p2a: Arceus|81\/100\n|\n|-weather|SunnyDay|[upkeep]\n|upkeep\n|turn|10\n|inactive|AnMoWuYou has 120 seconds left.\n|\n|t:|1699024642\n|move|p1a: Grimmsnarl|Parting Shot|p2a: Arceus\n|-unboost|p2a: Arceus|atk|1\n|-unboost|p2a: Arceus|spa|1\n|\n|t:|1699024648\n|switch|p1a: Calyrex|Calyrex-Ice|89\/100|[from] Parting Shot\n|-ability|p1a: Calyrex|As One\n|-ability|p1a: Calyrex|Unnerve\n|move|p2a: Arceus|Taunt|p1a: Calyrex\n|-start|p1a: Calyrex|move: Taunt\n|\n|-weather|SunnyDay|[upkeep]\n|upkeep\n|turn|11\n|inactive|AnMoWuYou has 120 seconds left.\n|\n|t:|1699024669\n|move|p2a: Arceus|Will-O-Wisp|p1a: Calyrex\n|-status|p1a: Calyrex|brn\n|move|p1a: Calyrex|Glacial Lance|p2a: Arceus\n|-supereffective|p2a: Arceus\n|-damage|p2a: Arceus|33\/100\n|\n|-weather|none\n|-damage|p1a: Calyrex|83\/100 brn|[from] brn\n|upkeep\n|turn|12\n|inactive|AnMoWuYou has 120 seconds left.\n|\n|t:|1699024683\n|move|p2a: Arceus|Recover|p2a: Arceus\n|-heal|p2a: Arceus|83\/100\n|move|p1a: Calyrex|High Horsepower|p2a: Arceus\n|-damage|p2a: Arceus|70\/100\n|\n|-damage|p1a: Calyrex|76\/100 brn|[from] brn\n|-end|p1a: Calyrex|move: Taunt\n|upkeep\n|turn|13\n|inactive|AnMoWuYou has 120 seconds left.\n|\n|t:|1699024693\n|move|p2a: Arceus|Judgment|p1a: Calyrex\n|-damage|p1a: Calyrex|54\/100 brn\n|move|p1a: Calyrex|Glacial Lance|p2a: Arceus\n|-supereffective|p2a: Arceus\n|-damage|p2a: Arceus|18\/100\n|\n|-damage|p1a: Calyrex|48\/100 brn|[from] brn\n|upkeep\n|turn|14\n|inactive|AnMoWuYou has 120 seconds left.\n|\n|t:|1699024708\n|move|p2a: Arceus|Taunt|p1a: Calyrex\n|-start|p1a: Calyrex|move: Taunt\n|move|p1a: Calyrex|Glacial Lance|p2a: Arceus\n|-supereffective|p2a: Arceus\n|-crit|p2a: Arceus\n|-damage|p2a: Arceus|0 fnt\n|faint|p2a: Arceus\n|-ability|p1a: Calyrex|Chilling Neigh|boost\n|-boost|p1a: Calyrex|atk|1\n|\n|-damage|p1a: Calyrex|42\/100 brn|[from] brn\n|upkeep\n|inactive|AnMoWuYou has 120 seconds left.\n|\n|t:|1699024724\n|switch|p2a: Calyrex|Calyrex-Shadow|100\/100\n|-ability|p2a: Calyrex|As One\n|-ability|p2a: Calyrex|Unnerve\n|turn|15\n|\n|t:|1699024735\n|switch|p1a: Blissey|Blissey, F|100\/100\n|move|p2a: Calyrex|Taunt|p1a: Blissey\n|-start|p1a: Blissey|move: Taunt\n|\n|upkeep\n|turn|16\n|\n|t:|1699024744\n|switch|p1a: Grimmsnarl|Grimmsnarl, M|72\/100\n|move|p2a: Calyrex|Nasty Plot|p2a: Calyrex\n|-boost|p2a: Calyrex|spa|2\n|\n|upkeep\n|turn|17\n|inactive|AnMoWuYou has 120 seconds left.\n|\n|t:|1699024755\n|-terastallize|p2a: Calyrex|Grass\n|move|p2a: Calyrex|Grass Knot|p1a: Grimmsnarl\n|-crit|p1a: Grimmsnarl\n|-damage|p1a: Grimmsnarl|0 fnt\n|faint|p1a: Grimmsnarl\n|-ability|p2a: Calyrex|Grim Neigh|boost\n|-boost|p2a: Calyrex|spa|1\n|\n|upkeep\n|\n|t:|1699024762\n|switch|p1a: Blissey|Blissey, F|100\/100\n|turn|18\n|\n|t:|1699024770\n|move|p2a: Calyrex|Grass Knot|p1a: Blissey\n|-damage|p1a: Blissey|76\/100\n|move|p1a: Blissey|Seismic Toss|p2a: Calyrex\n|-damage|p2a: Calyrex|71\/100\n|\n|upkeep\n|turn|19\n|\n|t:|1699024779\n|move|p2a: Calyrex|Nasty Plot|p2a: Calyrex\n|-boost|p2a: Calyrex|spa|2\n|move|p1a: Blissey|Seismic Toss|p2a: Calyrex\n|-damage|p2a: Calyrex|42\/100\n|\n|upkeep\n|turn|20\n|\n|t:|1699024787\n|move|p2a: Calyrex|Grass Knot|p1a: Blissey\n|-damage|p1a: Blissey|38\/100\n|move|p1a: Blissey|Soft-Boiled|p1a: Blissey\n|-heal|p1a: Blissey|88\/100\n|\n|upkeep\n|turn|21\n|\n|t:|1699024798\n|switch|p2a: Zacian|Zacian-Crowned|100\/100\n|-ability|p2a: Zacian|Intrepid Sword|boost\n|-boost|p2a: Zacian|atk|1\n|move|p1a: Blissey|Seismic Toss|p2a: Zacian\n|-damage|p2a: Zacian|72\/100\n|\n|upkeep\n|turn|22\n|\n|t:|1699024810\n|switch|p1a: Skeledirge|Skeledirge, M|95\/100\n|move|p2a: Zacian|Swords Dance|p2a: Zacian\n|-boost|p2a: Zacian|atk|2\n|\n|upkeep\n|turn|23\n|\n|t:|1699024819\n|move|p2a: Zacian|Behemoth Blade|p1a: Skeledirge\n|-resisted|p1a: Skeledirge\n|-damage|p1a: Skeledirge|78\/100\n|move|p1a: Skeledirge|Torch Song|p2a: Zacian\n|-supereffective|p2a: Zacian\n|-crit|p2a: Zacian\n|-damage|p2a: Zacian|0 fnt\n|-boost|p1a: Skeledirge|spa|1\n|faint|p2a: Zacian\n|\n|upkeep\n|\n|t:|1699024830\n|switch|p2a: Calyrex|Calyrex-Shadow, tera:Grass|42\/100\n|-ability|p2a: Calyrex|As One\n|-ability|p2a: Calyrex|Unnerve\n|turn|24\n|\n|t:|1699024836\n|switch|p1a: Blissey|Blissey, F|88\/100\n|move|p2a: Calyrex|Astral Barrage|p1a: Blissey\n|-immune|p1a: Blissey\n|\n|upkeep\n|turn|25\n|\n|t:|1699024844\n|switch|p2a: Koraidon|Koraidon|90\/100\n|-weather|SunnyDay|[from] ability: Orichalcum Pulse|[of] p2a: Koraidon\n|-activate|p2a: Koraidon|Orichalcum Pulse|[source]\n|move|p1a: Blissey|Seismic Toss|p2a: Koraidon\n|-damage|p2a: Koraidon|61\/100\n|\n|-weather|SunnyDay|[upkeep]\n|upkeep\n|turn|26\n|\n|t:|1699024856\n|switch|p1a: Calyrex|Calyrex-Ice|42\/100 brn\n|-ability|p1a: Calyrex|As One\n|-ability|p1a: Calyrex|Unnerve\n|move|p2a: Koraidon|Low Kick|p1a: Calyrex\n|-damage|p1a: Calyrex|0 fnt\n|faint|p1a: Calyrex\n|\n|-weather|SunnyDay|[upkeep]\n|upkeep\n|\n|t:|1699024868\n|switch|p1a: Moltres|Moltres|73\/100\n|turn|27\n|\n|t:|1699024873\n|switch|p2a: Arceus|Arceus|100\/100\n|move|p1a: Moltres|Burning Jealousy|p2a: Arceus\n|-damage|p2a: Arceus|69\/100\n|\n|-weather|SunnyDay|[upkeep]\n|-heal|p2a: Arceus|75\/100|[from] item: Leftovers\n|upkeep\n|turn|28\n|\n|t:|1699024883\n|move|p2a: Arceus|Swords Dance|p2a: Arceus\n|-boost|p2a: Arceus|atk|2\n|move|p1a: Moltres|Burning Jealousy|p2a: Arceus\n|-crit|p2a: Arceus\n|-damage|p2a: Arceus|29\/100\n|-status|p2a: Arceus|brn\n|\n|-weather|SunnyDay|[upkeep]\n|-heal|p2a: Arceus|35\/100 brn|[from] item: Leftovers\n|-damage|p2a: Arceus|29\/100 brn|[from] brn\n|upkeep\n|turn|29\n|\n|t:|1699024896\n|move|p2a: Arceus|Recover|p2a: Arceus\n|-heal|p2a: Arceus|79\/100 brn\n|move|p1a: Moltres|U-turn|p2a: Arceus\n|-damage|p2a: Arceus|68\/100 brn\n|\n|t:|1699024903\n|switch|p1a: Skeledirge|Skeledirge, M|78\/100|[from] U-turn\n|\n|-weather|none\n|-heal|p2a: Arceus|74\/100 brn|[from] item: Leftovers\n|-damage|p2a: Arceus|68\/100 brn|[from] brn\n|upkeep\n|turn|30\n|\n|t:|1699024911\n|move|p2a: Arceus|Swords Dance|p2a: Arceus\n|-boost|p2a: Arceus|atk|2\n|move|p1a: Skeledirge|Torch Song|p2a: Arceus\n|-damage|p2a: Arceus|49\/100 brn\n|-boost|p1a: Skeledirge|spa|1\n|\n|-heal|p2a: Arceus|55\/100 brn|[from] item: Leftovers\n|-damage|p2a: Arceus|49\/100 brn|[from] brn\n|upkeep\n|turn|31\n|\n|t:|1699024923\n|move|p2a: Arceus|Shadow Claw|p1a: Skeledirge\n|-supereffective|p1a: Skeledirge\n|-damage|p1a: Skeledirge|62\/100\n|move|p1a: Skeledirge|Torch Song|p2a: Arceus\n|-damage|p2a: Arceus|19\/100 brn\n|-boost|p1a: Skeledirge|spa|1\n|\n|-heal|p2a: Arceus|25\/100 brn|[from] item: Leftovers\n|-damage|p2a: Arceus|19\/100 brn|[from] brn\n|upkeep\n|turn|32\n|\n|t:|1699024934\n|move|p2a: Arceus|Recover|p2a: Arceus\n|-heal|p2a: Arceus|69\/100 brn\n|move|p1a: Skeledirge|Slack Off|p1a: Skeledirge\n|-heal|p1a: Skeledirge|100\/100\n|\n|-heal|p2a: Arceus|75\/100 brn|[from] item: Leftovers\n|-damage|p2a: Arceus|69\/100 brn|[from] brn\n|upkeep\n|turn|33\n|\n|t:|1699024943\n|move|p2a: Arceus|Swords Dance|p2a: Arceus\n|-boost|p2a: Arceus|atk|2\n|move|p1a: Skeledirge|Torch Song|p2a: Arceus\n|-damage|p2a: Arceus|32\/100 brn\n|-boost|p1a: Skeledirge|spa|1\n|\n|-heal|p2a: Arceus|38\/100 brn|[from] item: Leftovers\n|-damage|p2a: Arceus|32\/100 brn|[from] brn\n|upkeep\n|turn|34\n|\n|t:|1699024955\n|move|p2a: Arceus|Recover|p2a: Arceus\n|-heal|p2a: Arceus|82\/100 brn\n|move|p1a: Skeledirge|Torch Song|p2a: Arceus\n|-damage|p2a: Arceus|35\/100 brn\n|-boost|p1a: Skeledirge|spa|1\n|\n|-heal|p2a: Arceus|41\/100 brn|[from] item: Leftovers\n|-damage|p2a: Arceus|35\/100 brn|[from] brn\n|upkeep\n|turn|35\n|\n|t:|1699024966\n|move|p2a: Arceus|Shadow Claw|p1a: Skeledirge\n|-supereffective|p1a: Skeledirge\n|-damage|p1a: Skeledirge|85\/100\n|move|p1a: Skeledirge|Torch Song|p2a: Arceus\n|-damage|p2a: Arceus|0 fnt\n|-boost|p1a: Skeledirge|spa|1\n|faint|p2a: Arceus\n|\n|upkeep\n|\n|t:|1699024976\n|switch|p2a: Calyrex|Calyrex-Shadow, tera:Grass|42\/100\n|-ability|p2a: Calyrex|As One\n|-ability|p2a: Calyrex|Unnerve\n|turn|36\n|\n|t:|1699024982\n|switch|p1a: Blissey|Blissey, F|88\/100\n|move|p2a: Calyrex|Astral Barrage|p1a: Blissey\n|-immune|p1a: Blissey\n|\n|upkeep\n|turn|37\n|\n|t:|1699024990\n|switch|p2a: Koraidon|Koraidon|61\/100\n|-weather|SunnyDay|[from] ability: Orichalcum Pulse|[of] p2a: Koraidon\n|-activate|p2a: Koraidon|Orichalcum Pulse|[source]\n|move|p1a: Blissey|Stealth Rock|p2a: Koraidon\n|-sidestart|p2: AnMoWuYou|move: Stealth Rock\n|\n|-weather|SunnyDay|[upkeep]\n|upkeep\n|turn|38\n|\n|t:|1699025000\n|switch|p1a: Skeledirge|Skeledirge, M|85\/100\n|move|p2a: Koraidon|Outrage|p1a: Skeledirge\n|-damage|p1a: Skeledirge|34\/100\n|\n|-weather|SunnyDay|[upkeep]\n|upkeep\n|turn|39\n|\n|t:|1699025009\n|move|p2a: Koraidon|Outrage|p1a: Skeledirge|[from]lockedmove\n|-damage|p1a: Skeledirge|0 fnt\n|faint|p1a: Skeledirge\n|\n|-weather|SunnyDay|[upkeep]\n|upkeep\n|\n|t:|1699025015\n|switch|p1a: Miraidon|Miraidon|100\/100\n|-fieldstart|move: Electric Terrain|[from] ability: Hadron Engine|[of] p1a: Miraidon\n|turn|40\n|\n|t:|1699025021\n|-terastallize|p1a: Miraidon|Fairy\n|move|p2a: Koraidon|Outrage|p1a: Miraidon|[from]lockedmove\n|-immune|p1a: Miraidon\n|-start|p2a: Koraidon|confusion|[fatigue]\n|move|p1a: Miraidon|Dragon Pulse|p2a: Koraidon\n|-supereffective|p2a: Koraidon\n|-damage|p2a: Koraidon|0 fnt\n|faint|p2a: Koraidon\n|\n|-weather|SunnyDay|[upkeep]\n|upkeep\n|\n|t:|1699025033\n|switch|p2a: Calyrex|Calyrex-Shadow, tera:Grass|42\/100\n|-ability|p2a: Calyrex|As One\n|-ability|p2a: Calyrex|Unnerve\n|turn|41\n|\n|t:|1699025040\n|move|p2a: Calyrex|Astral Barrage|p1a: Miraidon\n|-damage|p1a: Miraidon|31\/100\n|move|p1a: Miraidon|Dragon Pulse|p2a: Calyrex\n|-damage|p2a: Calyrex|0 fnt\n|faint|p2a: Calyrex\n|\n|win|hoenn militian\n|raw|hoenn militian's rating: 1808 &rarr; <strong>1820<\/strong><br \/>(+12 for winning)\n|raw|AnMoWuYou's rating: 1660 &rarr; <strong>1648<\/strong><br \/>(-12 for losing)\n|l|\u2606AnMoWuYou\n","uploadtime":1699025053,"views":8,"p1id":"hoennmilitian","p2id":"anmowuyou","formatid":"gen9anythinggoes","rating":1648,"private":0,"password":""}