{"id":"gen9anythinggoes-1992221318","p1":"Vlyv","p2":"Denjamin1986","format":"[Gen 9] Anything Goes","log":"|j|\u2606Vlyv\n|j|\u2606Denjamin1986\n|t:|1700165111\n|gametype|singles\n|player|p1|Vlyv|170|\n|player|p2|Denjamin1986|gentleman-gen4dp|\n|teamsize|p1|6\n|teamsize|p2|6\n|gen|9\n|tier|[Gen 9] Anything Goes\n|rule|HP Percentage Mod: HP is shown in percentages\n|rule|Endless Battle Clause: Forcing endless battles is banned\n|clearpoke\n|poke|p1|Samurott-Hisui, F|\n|poke|p1|Iron Treads|\n|poke|p1|Komala, F|\n|poke|p1|Zapdos-Galar|\n|poke|p1|Dragapult, M|\n|poke|p1|Gardevoir, F|\n|poke|p2|Weezing-Galar, M|\n|poke|p2|Quagsire, F|\n|poke|p2|Munkidori, M|\n|poke|p2|Probopass, M|\n|poke|p2|Ogerpon-Hearthflame, F|\n|poke|p2|Greninja-*, M|\n|teampreview\n|c|\u2606Denjamin1986|GL HF\n|c|\u2606Vlyv|GL HF\n|\n|t:|1700165146\n|start\n|switch|p1a: Komala|Komala, F, shiny|100\/100\n|switch|p2a: Navern|Greninja, M, shiny|100\/100\n|-ability|p1a: Komala|Comatose\n|turn|1\n|\n|t:|1700165162\n|move|p2a: Navern|U-turn|p1a: Komala\n|-start|p2a: Navern|typechange|Bug|[from] ability: Protean\n|-damage|p1a: Komala|70\/100\n|-damage|p2a: Navern|84\/100|[from] item: Rocky Helmet|[of] p1a: Komala\n|\n|t:|1700165169\n|switch|p2a: Axl|Quagsire, F, shiny|100\/100|[from] U-turn\n|move|p1a: Komala|U-turn|p2a: Axl\n|-damage|p2a: Axl|84\/100\n|-damage|p1a: Komala|54\/100|[from] item: Rocky Helmet|[of] p2a: Axl\n|\n|t:|1700165185\n|switch|p1a: Gardevoir|Gardevoir, F|100\/100|[from] U-turn\n|-ability|p1a: Gardevoir|Unaware|[from] ability: Trace|[of] p2a: Axl\n|\n|upkeep\n|turn|2\n|\n|t:|1700165207\n|switch|p2a: CharlieNaseweis|Probopass, M, shiny|100\/100\n|move|p1a: Gardevoir|Moonblast|p2a: CharlieNaseweis\n|-resisted|p2a: CharlieNaseweis\n|-damage|p2a: CharlieNaseweis|79\/100\n|-unboost|p2a: CharlieNaseweis|spa|1\n|-damage|p1a: Gardevoir|91\/100|[from] item: Life Orb\n|\n|-heal|p2a: CharlieNaseweis|85\/100|[from] item: Leftovers\n|upkeep\n|turn|3\n|\n|t:|1700165231\n|switch|p1a: Samurott|Samurott-Hisui, F, shiny|100\/100\n|move|p2a: CharlieNaseweis|Stealth Rock|p1a: Samurott\n|-sidestart|p1: Vlyv|move: Stealth Rock\n|\n|-heal|p2a: CharlieNaseweis|91\/100|[from] item: Leftovers\n|upkeep\n|turn|4\n|\n|t:|1700165240\n|switch|p2a: Purl|Weezing-Galar, M, shiny|100\/100\n|-ability|p2a: Purl|Neutralizing Gas\n|move|p1a: Samurott|Ceaseless Edge|p2a: Purl\n|-resisted|p2a: Purl\n|-damage|p2a: Purl|93\/100\n|-damage|p1a: Samurott|84\/100|[from] item: Rocky Helmet|[of] p2a: Purl\n|-sidestart|p2: Denjamin1986|Spikes\n|\n|upkeep\n|turn|5\n|\n|t:|1700165255\n|switch|p1a: Komala|Komala, F, shiny|54\/100\n|-damage|p1a: Komala|42\/100|[from] Stealth Rock\n|-ability|p1a: Komala|Comatose\n|move|p2a: Purl|Will-O-Wisp|p1a: Komala\n|-immune|p1a: Komala|[from] ability: Comatose\n|\n|upkeep\n|turn|6\n|\n|t:|1700165272\n|move|p1a: Komala|Rapid Spin|p2a: Purl\n|-damage|p2a: Purl|76\/100\n|-boost|p1a: Komala|spe|1\n|-damage|p1a: Komala|25\/100|[from] item: Rocky Helmet|[of] p2a: Purl\n|-sideend|p1: Vlyv|Stealth Rock|[from] move: Rapid Spin|[of] p1a: Komala\n|move|p2a: Purl|Strange Steam|p1a: Komala\n|-damage|p1a: Komala|0 fnt\n|faint|p1a: Komala\n|\n|upkeep\n|\n|t:|1700165285\n|switch|p1a: Iron Treads|Iron Treads|100\/100\n|turn|7\n|\n|t:|1700165297\n|-end|p2a: Purl|ability: Neutralizing Gas\n|switch|p2a: Axl|Quagsire, F, shiny|84\/100\n|-damage|p2a: Axl|72\/100|[from] Spikes\n|move|p1a: Iron Treads|Stealth Rock|p2a: Axl\n|-sidestart|p2: Denjamin1986|move: Stealth Rock\n|\n|upkeep\n|turn|8\n|\n|t:|1700165313\n|-end|p1a: Iron Treads|Quark Drive|[silent]\n|switch|p1a: Gardevoir|Gardevoir, F|91\/100\n|-ability|p1a: Gardevoir|Unaware|[from] ability: Trace|[of] p2a: Axl\n|move|p2a: Axl|Spikes|p1a: Gardevoir\n|-sidestart|p1: Vlyv|Spikes\n|\n|upkeep\n|turn|9\n|\n|t:|1700165326\n|switch|p2a: Abu|Munkidori, M|100\/100\n|-damage|p2a: Abu|88\/100|[from] Spikes\n|-damage|p2a: Abu|76\/100|[from] Stealth Rock\n|move|p1a: Gardevoir|Mystical Fire|p2a: Abu\n|-damage|p2a: Abu|41\/100\n|-unboost|p2a: Abu|spa|1\n|-damage|p1a: Gardevoir|81\/100|[from] item: Life Orb\n|\n|upkeep\n|turn|10\n|\n|t:|1700165342\n|switch|p1a: Iron Treads|Iron Treads|100\/100\n|-damage|p1a: Iron Treads|88\/100|[from] Spikes\n|move|p2a: Abu|Sludge Bomb|p1a: Iron Treads\n|-immune|p1a: Iron Treads\n|\n|-heal|p1a: Iron Treads|94\/100|[from] item: Leftovers\n|upkeep\n|turn|11\n|\n|t:|1700165363\n|switch|p2a: Axl|Quagsire, F, shiny|72\/100\n|-damage|p2a: Axl|59\/100|[from] Spikes\n|-damage|p2a: Axl|53\/100|[from] Stealth Rock\n|move|p1a: Iron Treads|Earthquake|p2a: Axl\n|-damage|p2a: Axl|29\/100\n|\n|-heal|p1a: Iron Treads|99\/100|[from] item: Leftovers\n|upkeep\n|turn|12\n|\n|t:|1700165386\n|-end|p1a: Iron Treads|Quark Drive|[silent]\n|switch|p1a: Gardevoir|Gardevoir, F|81\/100\n|-damage|p1a: Gardevoir|69\/100|[from] Spikes\n|-ability|p1a: Gardevoir|Unaware|[from] ability: Trace|[of] p2a: Axl\n|move|p2a: Axl|Recover|p2a: Axl\n|-heal|p2a: Axl|79\/100\n|\n|upkeep\n|turn|13\n|\n|t:|1700165398\n|move|p1a: Gardevoir|Future Sight|p2a: Axl\n|-start|p1a: Gardevoir|move: Future Sight\n|move|p2a: Axl|Ice Beam|p1a: Gardevoir\n|-damage|p1a: Gardevoir|51\/100\n|\n|upkeep\n|turn|14\n|\n|t:|1700165424\n|switch|p1a: Samurott|Samurott-Hisui, F, shiny|84\/100\n|-damage|p1a: Samurott|72\/100|[from] Spikes\n|move|p2a: Axl|Surf|p1a: Samurott\n|-resisted|p1a: Samurott\n|-damage|p1a: Samurott|66\/100\n|\n|upkeep\n|turn|15\n|\n|t:|1700165432\n|switch|p2a: Navern|Greninja, M, shiny|84\/100\n|-damage|p2a: Navern|72\/100|[from] Spikes\n|-damage|p2a: Navern|59\/100|[from] Stealth Rock\n|move|p1a: Samurott|Knock Off|p2a: Navern\n|-resisted|p2a: Navern\n|-damage|p2a: Navern|33\/100\n|-enditem|p2a: Navern|Choice Scarf|[from] move: Knock Off|[of] p1a: Samurott\n|\n|-end|p2a: Navern|move: Future Sight\n|-immune|p2a: Navern\n|upkeep\n|turn|16\n|\n|t:|1700165457\n|switch|p1a: Iron Treads|Iron Treads|99\/100\n|-damage|p1a: Iron Treads|88\/100|[from] Spikes\n|move|p2a: Navern|U-turn|p1a: Iron Treads\n|-start|p2a: Navern|typechange|Bug|[from] ability: Protean\n|-resisted|p1a: Iron Treads\n|-damage|p1a: Iron Treads|80\/100\n|\n|t:|1700165472\n|switch|p2a: Stanley Ipkiss|Ogerpon-Hearthflame, F|100\/100|[from] U-turn\n|-damage|p2a: Stanley Ipkiss|88\/100|[from] Spikes\n|-damage|p2a: Stanley Ipkiss|63\/100|[from] Stealth Rock\n|-ability|p2a: Stanley Ipkiss|Mold Breaker\n|\n|-heal|p1a: Iron Treads|86\/100|[from] item: Leftovers\n|upkeep\n|turn|17\n|\n|t:|1700165491\n|-end|p1a: Iron Treads|Quark Drive|[silent]\n|switch|p1a: Samurott|Samurott-Hisui, F, shiny|66\/100\n|-damage|p1a: Samurott|54\/100|[from] Spikes\n|move|p2a: Stanley Ipkiss|Ivy Cudgel|p1a: Samurott|[anim] Ivy Cudgel Fire\n|-resisted|p1a: Samurott\n|-damage|p1a: Samurott|23\/100\n|\n|upkeep\n|turn|18\n|\n|t:|1700165503\n|move|p2a: Stanley Ipkiss|Play Rough|p1a: Samurott\n|-supereffective|p1a: Samurott\n|-damage|p1a: Samurott|0 fnt\n|faint|p1a: Samurott\n|\n|upkeep\n|\n|t:|1700165522\n|switch|p1a: Dragapult|Dragapult, M|100\/100\n|-damage|p1a: Dragapult|88\/100|[from] Spikes\n|turn|19\n|\n|t:|1700165532\n|switch|p2a: CharlieNaseweis|Probopass, M, shiny|91\/100\n|-damage|p2a: CharlieNaseweis|79\/100|[from] Spikes\n|-damage|p2a: CharlieNaseweis|73\/100|[from] Stealth Rock\n|move|p1a: Dragapult|Substitute|p1a: Dragapult\n|-start|p1a: Dragapult|Substitute\n|-damage|p1a: Dragapult|63\/100\n|\n|-heal|p1a: Dragapult|69\/100|[from] item: Leftovers\n|-heal|p2a: CharlieNaseweis|79\/100|[from] item: Leftovers\n|upkeep\n|turn|20\n|\n|t:|1700165545\n|move|p1a: Dragapult|Will-O-Wisp|p2a: CharlieNaseweis\n|-status|p2a: CharlieNaseweis|brn\n|move|p2a: CharlieNaseweis|Dazzling Gleam|p1a: Dragapult\n|-supereffective|p1a: Dragapult\n|-end|p1a: Dragapult|Substitute\n|\n|-heal|p1a: Dragapult|75\/100|[from] item: Leftovers\n|-heal|p2a: CharlieNaseweis|85\/100 brn|[from] item: Leftovers\n|-damage|p2a: CharlieNaseweis|79\/100 brn|[from] brn\n|upkeep\n|turn|21\n|\n|t:|1700165563\n|switch|p1a: Gardevoir|Gardevoir, F|51\/100\n|-damage|p1a: Gardevoir|39\/100|[from] Spikes\n|-ability|p1a: Gardevoir|Sturdy|[from] ability: Trace|[of] p2a: CharlieNaseweis\n|move|p2a: CharlieNaseweis|Stealth Rock|p1a: Gardevoir\n|-sidestart|p1: Vlyv|move: Stealth Rock\n|\n|-heal|p2a: CharlieNaseweis|85\/100 brn|[from] item: Leftovers\n|-damage|p2a: CharlieNaseweis|79\/100 brn|[from] brn\n|upkeep\n|turn|22\n|\n|t:|1700165578\n|move|p1a: Gardevoir|Mystical Fire|p2a: CharlieNaseweis\n|-damage|p2a: CharlieNaseweis|59\/100 brn\n|-unboost|p2a: CharlieNaseweis|spa|1\n|-damage|p1a: Gardevoir|29\/100|[from] item: Life Orb\n|move|p2a: CharlieNaseweis|Power Gem|p1a: Gardevoir\n|-damage|p1a: Gardevoir|14\/100\n|\n|-heal|p2a: CharlieNaseweis|65\/100 brn|[from] item: Leftovers\n|-damage|p2a: CharlieNaseweis|59\/100 brn|[from] brn\n|upkeep\n|turn|23\n|\n|t:|1700165595\n|move|p1a: Gardevoir|Future Sight|p2a: CharlieNaseweis\n|-start|p1a: Gardevoir|move: Future Sight\n|move|p2a: CharlieNaseweis|Power Gem|p1a: Gardevoir\n|-damage|p1a: Gardevoir|0 fnt\n|faint|p1a: Gardevoir\n|\n|-heal|p2a: CharlieNaseweis|65\/100 brn|[from] item: Leftovers\n|-damage|p2a: CharlieNaseweis|59\/100 brn|[from] brn\n|upkeep\n|\n|t:|1700165602\n|switch|p1a: Zapdos|Zapdos-Galar|100\/100\n|-damage|p1a: Zapdos|88\/100|[from] Stealth Rock\n|turn|24\n|\n|t:|1700165615\n|switch|p2a: Axl|Quagsire, F, shiny|79\/100\n|-damage|p2a: Axl|66\/100|[from] Spikes\n|-damage|p2a: Axl|60\/100|[from] Stealth Rock\n|move|p1a: Zapdos|U-turn|p2a: Axl\n|-damage|p2a: Axl|34\/100\n|-damage|p1a: Zapdos|72\/100|[from] item: Rocky Helmet|[of] p2a: Axl\n|\n|t:|1700165624\n|switch|p1a: Dragapult|Dragapult, M|75\/100|[from] U-turn\n|-damage|p1a: Dragapult|63\/100|[from] Spikes\n|-damage|p1a: Dragapult|51\/100|[from] Stealth Rock\n|\n|-heal|p1a: Dragapult|57\/100|[from] item: Leftovers\n|upkeep\n|turn|25\n|\n|t:|1700165637\n|move|p1a: Dragapult|Draco Meteor|p2a: Axl\n|-damage|p2a: Axl|0 fnt\n|-unboost|p1a: Dragapult|spa|2\n|faint|p2a: Axl\n|\n|-hint|Future Sight did not hit because the target is fainted.\n|-heal|p1a: Dragapult|63\/100|[from] item: Leftovers\n|upkeep\n|\n|t:|1700165646\n|switch|p2a: CharlieNaseweis|Probopass, M, shiny|59\/100 brn\n|-damage|p2a: CharlieNaseweis|46\/100 brn|[from] Spikes\n|-damage|p2a: CharlieNaseweis|40\/100 brn|[from] Stealth Rock\n|turn|26\n|\n|t:|1700165660\n|switch|p1a: Iron Treads|Iron Treads|86\/100\n|-damage|p1a: Iron Treads|74\/100|[from] Spikes\n|-damage|p1a: Iron Treads|71\/100|[from] Stealth Rock\n|move|p2a: CharlieNaseweis|Earth Power|p1a: Iron Treads\n|-supereffective|p1a: Iron Treads\n|-damage|p1a: Iron Treads|30\/100\n|\n|-heal|p1a: Iron Treads|36\/100|[from] item: Leftovers\n|-heal|p2a: CharlieNaseweis|46\/100 brn|[from] item: Leftovers\n|-damage|p2a: CharlieNaseweis|40\/100 brn|[from] brn\n|upkeep\n|turn|27\n|\n|t:|1700165685\n|switch|p2a: Navern|Greninja, M, shiny|33\/100\n|-damage|p2a: Navern|21\/100|[from] Spikes\n|-damage|p2a: Navern|9\/100|[from] Stealth Rock\n|move|p1a: Iron Treads|Earthquake|p2a: Navern\n|-damage|p2a: Navern|0 fnt\n|faint|p2a: Navern\n|\n|-heal|p1a: Iron Treads|42\/100|[from] item: Leftovers\n|upkeep\n|\n|t:|1700165707\n|switch|p2a: Stanley Ipkiss|Ogerpon-Hearthflame, F|63\/100\n|-damage|p2a: Stanley Ipkiss|51\/100|[from] Spikes\n|-damage|p2a: Stanley Ipkiss|26\/100|[from] Stealth Rock\n|-ability|p2a: Stanley Ipkiss|Mold Breaker\n|turn|28\n|\n|t:|1700165721\n|move|p2a: Stanley Ipkiss|Ivy Cudgel|p1a: Iron Treads|[anim] Ivy Cudgel Fire\n|-supereffective|p1a: Iron Treads\n|-damage|p1a: Iron Treads|0 fnt\n|faint|p1a: Iron Treads\n|-end|p1a: Iron Treads|Quark Drive|[silent]\n|\n|upkeep\n|\n|t:|1700165725\n|switch|p1a: Dragapult|Dragapult, M|63\/100\n|-damage|p1a: Dragapult|50\/100|[from] Spikes\n|-damage|p1a: Dragapult|38\/100|[from] Stealth Rock\n|turn|29\n|\n|t:|1700165737\n|move|p1a: Dragapult|Hex|p2a: Stanley Ipkiss\n|-damage|p2a: Stanley Ipkiss|0 fnt\n|faint|p2a: Stanley Ipkiss\n|\n|-heal|p1a: Dragapult|44\/100|[from] item: Leftovers\n|upkeep\n|\n|t:|1700165747\n|switch|p2a: Abu|Munkidori, M|41\/100\n|-damage|p2a: Abu|28\/100|[from] Spikes\n|-damage|p2a: Abu|16\/100|[from] Stealth Rock\n|turn|30\n|\n|t:|1700165753\n|move|p2a: Abu|Psychic|p1a: Dragapult\n|-damage|p1a: Dragapult|0 fnt\n|faint|p1a: Dragapult\n|\n|upkeep\n|\n|t:|1700165756\n|switch|p1a: Zapdos|Zapdos-Galar|72\/100\n|-damage|p1a: Zapdos|59\/100|[from] Stealth Rock\n|turn|31\n|\n|t:|1700165761\n|move|p2a: Abu|Psychic|p1a: Zapdos\n|-supereffective|p1a: Zapdos\n|-damage|p1a: Zapdos|0 fnt\n|faint|p1a: Zapdos\n|\n|win|Denjamin1986\n|c|\u2606Denjamin1986|Gg\n|c|\u2606Vlyv|Gg\n","uploadtime":1700165776,"views":7,"p1id":"vlyv","p2id":"denjamin1986","formatid":"gen9anythinggoes","rating":0,"private":0,"password":""}