{"id":"gen9anythinggoes-1983488859","p1":"zachthekid123","p2":"Blamepride","format":"[Gen 9] Anything Goes","log":"|j|\u2606zachthekid123\n|j|\u2606Blamepride\n|t:|1699135580\n|gametype|singles\n|player|p1|zachthekid123|169|1028\n|player|p2|Blamepride|backpacker|1103\n|teamsize|p1|6\n|teamsize|p2|6\n|gen|9\n|tier|[Gen 9] Anything Goes\n|rated|\n|rule|HP Percentage Mod: HP is shown in percentages\n|rule|Endless Battle Clause: Forcing endless battles is banned\n|clearpoke\n|poke|p1|Eternatus|\n|poke|p1|Calyrex-Shadow|\n|poke|p1|Roaring Moon|\n|poke|p1|Fezandipiti, M|\n|poke|p1|Dipplin, F|\n|poke|p1|Volcanion|\n|poke|p2|Orthworm, F|\n|poke|p2|Clodsire, M|\n|poke|p2|Glimmora, M|\n|poke|p2|Garganacl, M|\n|poke|p2|Kingambit, F|\n|poke|p2|Ceruledge, M|\n|teampreview\n|\n|t:|1699135587\n|start\n|switch|p1a: Volcanion|Volcanion|100\/100\n|switch|p2a: Ceruledge|Ceruledge, M, shiny|100\/100\n|turn|1\n|\n|t:|1699135599\n|switch|p2a: Clodsire|Clodsire, M, shiny|100\/100\n|-terastallize|p1a: Volcanion|Fire\n|move|p1a: Volcanion|Hydro Pump|p2a: Clodsire\n|-immune|p2a: Clodsire|[from] ability: Water Absorb\n|\n|upkeep\n|turn|2\n|inactive|Battle timer is ON: inactive players will automatically lose when time's up. (requested by Blamepride)\n|\n|t:|1699135608\n|switch|p1a: Dipplin|Dipplin, F|100\/100\n|-ability|p1a: Dipplin|Supersweet Syrup\n|-ability|p1a: Dipplin|Supersweet Syrup|boost\n|-unboost|p2a: Clodsire|evasion|1\n|move|p2a: Clodsire|Toxic|p1a: Dipplin\n|-status|p1a: Dipplin|tox\n|\n|-damage|p1a: Dipplin|94\/100 tox|[from] psn\n|upkeep\n|turn|3\n|\n|t:|1699135620\n|move|p1a: Dipplin|Syrup Bomb|p2a: Clodsire\n|-damage|p2a: Clodsire|88\/100\n|-start|p2a: Clodsire|Syrup Bomb\n|move|p2a: Clodsire|Amnesia|p2a: Clodsire\n|-boost|p2a: Clodsire|spd|2\n|\n|-damage|p1a: Dipplin|82\/100 tox|[from] psn\n|-unboost|p2a: Clodsire|spe|1\n|upkeep\n|turn|4\n|\n|t:|1699135632\n|move|p1a: Dipplin|Giga Drain|p2a: Clodsire\n|-damage|p2a: Clodsire|80\/100\n|-heal|p1a: Dipplin|87\/100 tox|[from] drain|[of] p2a: Clodsire\n|move|p2a: Clodsire|Amnesia|p2a: Clodsire\n|-boost|p2a: Clodsire|spd|2\n|\n|-damage|p1a: Dipplin|69\/100 tox|[from] psn\n|-unboost|p2a: Clodsire|spe|1\n|upkeep\n|turn|5\n|\n|t:|1699135642\n|move|p1a: Dipplin|Sweet Scent|p2a: Clodsire\n|-unboost|p2a: Clodsire|evasion|2\n|move|p2a: Clodsire|Earthquake|p1a: Dipplin\n|-resisted|p1a: Dipplin\n|-damage|p1a: Dipplin|54\/100 tox\n|\n|-damage|p1a: Dipplin|29\/100 tox|[from] psn\n|-unboost|p2a: Clodsire|spe|1\n|upkeep\n|turn|6\n|\n|t:|1699135650\n|move|p1a: Dipplin|Sweet Scent|p2a: Clodsire\n|-unboost|p2a: Clodsire|evasion|2\n|move|p2a: Clodsire|Amnesia|p2a: Clodsire\n|-boost|p2a: Clodsire|spd|2\n|\n|-damage|p1a: Dipplin|0 fnt|[from] psn\n|faint|p1a: Dipplin\n|-end|p2a: Clodsire|Syrup Bomb|[silent]\n|upkeep\n|\n|t:|1699135662\n|switch|p1a: Calyrex|Calyrex-Shadow|100\/100\n|-ability|p1a: Calyrex|As One\n|-ability|p1a: Calyrex|Unnerve\n|turn|7\n|\n|t:|1699135672\n|move|p1a: Calyrex|Astral Barrage|p2a: Clodsire\n|-damage|p2a: Clodsire|68\/100\n|move|p2a: Clodsire|Earthquake|p1a: Calyrex\n|-damage|p1a: Calyrex|63\/100\n|\n|upkeep\n|turn|8\n|\n|t:|1699135681\n|move|p1a: Calyrex|Future Sight|p2a: Clodsire\n|-start|p1a: Calyrex|move: Future Sight\n|move|p2a: Clodsire|Toxic|p1a: Calyrex\n|-status|p1a: Calyrex|tox\n|\n|-damage|p1a: Calyrex|56\/100 tox|[from] psn\n|upkeep\n|turn|9\n|\n|t:|1699135690\n|move|p1a: Calyrex|Psyshock|p2a: Clodsire\n|-supereffective|p2a: Clodsire\n|-damage|p2a: Clodsire|0 fnt\n|faint|p2a: Clodsire\n|-ability|p1a: Calyrex|Grim Neigh|boost\n|-boost|p1a: Calyrex|spa|1\n|\n|-damage|p1a: Calyrex|44\/100 tox|[from] psn\n|upkeep\n|\n|t:|1699135699\n|switch|p2a: Kingambit|Kingambit, F, shiny|100\/100\n|-activate|p2a: Kingambit|ability: Supreme Overlord\n|-start|p2a: Kingambit|fallen1|[silent]\n|turn|10\n|\n|t:|1699135707\n|switch|p1a: Volcanion|Volcanion, tera:Fire|100\/100\n|move|p2a: Kingambit|Kowtow Cleave|p1a: Volcanion\n|-damage|p1a: Volcanion|63\/100\n|\n|-end|p2a: Kingambit|move: Future Sight\n|-immune|p2a: Kingambit\n|upkeep\n|turn|11\n|\n|t:|1699135722\n|move|p1a: Volcanion|Hydro Pump|p2a: Kingambit|[miss]\n|-miss|p1a: Volcanion|p2a: Kingambit\n|move|p2a: Kingambit|Metal Burst||[still]\n|-fail|p2a: Kingambit\n|\n|upkeep\n|turn|12\n|\n|t:|1699135730\n|switch|p1a: Eternatus|Eternatus|100\/100\n|-ability|p1a: Eternatus|Pressure\n|move|p2a: Kingambit|Metal Burst||[still]\n|-fail|p2a: Kingambit\n|\n|upkeep\n|turn|13\n|\n|t:|1699135736\n|switch|p1a: Volcanion|Volcanion, tera:Fire|63\/100\n|move|p2a: Kingambit|Metal Burst||[still]\n|-fail|p2a: Kingambit\n|\n|upkeep\n|turn|14\n|\n|t:|1699135742\n|move|p1a: Volcanion|Heat Crash|p2a: Kingambit\n|-supereffective|p2a: Kingambit\n|-damage|p2a: Kingambit|52\/100\n|move|p2a: Kingambit|Metal Burst|p1a: Volcanion\n|-damage|p1a: Volcanion|0 fnt\n|faint|p1a: Volcanion\n|\n|upkeep\n|\n|t:|1699135754\n|switch|p1a: Eternatus|Eternatus|100\/100\n|-ability|p1a: Eternatus|Pressure\n|turn|15\n|\n|t:|1699135765\n|move|p1a: Eternatus|Flamethrower|p2a: Kingambit\n|-supereffective|p2a: Kingambit\n|-damage|p2a: Kingambit|12\/100\n|move|p2a: Kingambit|Metal Burst|p1a: Eternatus\n|-damage|p1a: Eternatus|54\/100\n|\n|upkeep\n|turn|16\n|\n|t:|1699135772\n|move|p2a: Kingambit|Sucker Punch|p1a: Eternatus\n|-damage|p1a: Eternatus|24\/100\n|move|p1a: Eternatus|Flamethrower|p2a: Kingambit\n|-supereffective|p2a: Kingambit\n|-damage|p2a: Kingambit|0 fnt\n|faint|p2a: Kingambit\n|-end|p2a: Kingambit|fallen1|[silent]\n|\n|upkeep\n|\n|t:|1699135783\n|switch|p2a: Ceruledge|Ceruledge, M, shiny|100\/100\n|turn|17\n|\n|t:|1699135788\n|move|p1a: Eternatus|Dynamax Cannon|p2a: Ceruledge\n|-damage|p2a: Ceruledge|54\/100\n|move|p2a: Ceruledge|Bitter Blade|p1a: Eternatus\n|-resisted|p1a: Eternatus\n|-damage|p1a: Eternatus|8\/100\n|-heal|p2a: Ceruledge|66\/100|[from] drain|[of] p1a: Eternatus\n|\n|upkeep\n|turn|18\n|\n|t:|1699135796\n|move|p1a: Eternatus|Dynamax Cannon|p2a: Ceruledge\n|-damage|p2a: Ceruledge|14\/100\n|move|p2a: Ceruledge|Bitter Blade|p1a: Eternatus\n|-resisted|p1a: Eternatus\n|-damage|p1a: Eternatus|0 fnt\n|-heal|p2a: Ceruledge|20\/100|[from] drain|[of] p1a: Eternatus\n|faint|p1a: Eternatus\n|\n|upkeep\n|\n|t:|1699135808\n|switch|p1a: Calyrex|Calyrex-Shadow|44\/100 tox\n|-ability|p1a: Calyrex|As One\n|-ability|p1a: Calyrex|Unnerve\n|turn|19\n|\n|t:|1699135815\n|move|p2a: Ceruledge|Shadow Sneak|p1a: Calyrex\n|-supereffective|p1a: Calyrex\n|-damage|p1a: Calyrex|0 fnt\n|faint|p1a: Calyrex\n|\n|upkeep\n|\n|t:|1699135822\n|switch|p1a: Roaring Moon|Roaring Moon|100\/100\n|-enditem|p1a: Roaring Moon|Booster Energy\n|-activate|p1a: Roaring Moon|ability: Protosynthesis|[fromitem]\n|-start|p1a: Roaring Moon|protosynthesisatk\n|turn|20\n|\n|t:|1699135828\n|switch|p2a: Orthworm|Orthworm, F, shiny|100\/100\n|move|p1a: Roaring Moon|Acrobatics|p2a: Orthworm\n|-resisted|p2a: Orthworm\n|-damage|p2a: Orthworm|86\/100\n|\n|-heal|p2a: Orthworm|92\/100|[from] item: Leftovers\n|upkeep\n|turn|21\n|-message|zachthekid123 forfeited.\n|\n|win|Blamepride\n|raw|zachthekid123's rating: 1028 &rarr; <strong>1017<\/strong><br \/>(-11 for losing)\n|raw|Blamepride's rating: 1103 &rarr; <strong>1123<\/strong><br \/>(+20 for winning)\n|l|\u2606zachthekid123\n","uploadtime":1699135841,"views":3,"p1id":"zachthekid123","p2id":"blamepride","formatid":"gen9anythinggoes","rating":1017,"private":0,"password":""}