{"id":"gen9anythinggoes-1977981801","p1":"AGisgood\u82cd\u54cd\u4fa0","p2":"Hesley Gaming","format":"[Gen 9] Anything Goes","log":"|j|\u2606AGisgood\u82cd\u54cd\u4fa0\n|j|\u2606Hesley Gaming\n|t:|1698477963\n|gametype|singles\n|player|p1|AGisgood\u82cd\u54cd\u4fa0|cynthia-gen4|1511\n|player|p2|Hesley Gaming|red|1560\n|teamsize|p1|6\n|teamsize|p2|6\n|gen|9\n|tier|[Gen 9] Anything Goes\n|rated|\n|rule|HP Percentage Mod: HP is shown in percentages\n|rule|Endless Battle Clause: Forcing endless battles is banned\n|clearpoke\n|poke|p1|Donphan, M|\n|poke|p1|Koraidon|\n|poke|p1|Zacian-*|\n|poke|p1|Calyrex-Shadow|\n|poke|p1|Arceus|\n|poke|p1|Ribombee, F|\n|poke|p2|Palafin, M|\n|poke|p2|Chien-Pao|\n|poke|p2|Regieleki|\n|poke|p2|Koraidon|\n|poke|p2|Flutter Mane|\n|poke|p2|Landorus-Therian, M|\n|teampreview\n|inactive|Battle timer is ON: inactive players will automatically lose when time's up. (requested by Hesley Gaming)\n|inactive|AGisgood\u82cd\u54cd\u4fa0 also wants the timer to be on.\n|\n|t:|1698477972\n|start\n|switch|p1a: Ribombee|Ribombee, F|100\/100\n|switch|p2a: Palafin|Palafin, M, shiny|100\/100\n|turn|1\n|\n|t:|1698477984\n|detailschange|p2a: Palafin|Palafin-Hero, M, shiny\n|switch|p2a: Regieleki|Regieleki, shiny|100\/100\n|move|p1a: Ribombee|Sticky Web|p2a: Regieleki\n|-sidestart|p2: Hesley Gaming|move: Sticky Web\n|\n|upkeep\n|turn|2\n|\n|t:|1698478000\n|switch|p1a: Calyrex|Calyrex-Shadow|100\/100\n|-ability|p1a: Calyrex|As One\n|-ability|p1a: Calyrex|Unnerve\n|move|p2a: Regieleki|Thunderbolt|p1a: Calyrex\n|-damage|p1a: Calyrex|40\/100\n|\n|upkeep\n|turn|3\n|\n|t:|1698478002\n|switch|p1a: Ribombee|Ribombee, F|100\/100\n|move|p2a: Regieleki|Thunderbolt|p1a: Ribombee\n|-damage|p1a: Ribombee|22\/100\n|\n|upkeep\n|turn|4\n|\n|t:|1698478006\n|move|p2a: Regieleki|Rapid Spin|p1a: Ribombee\n|-damage|p1a: Ribombee|6\/100\n|-boost|p2a: Regieleki|spe|1\n|-sideend|p2: Hesley Gaming|Sticky Web|[from] move: Rapid Spin|[of] p2a: Regieleki\n|move|p1a: Ribombee|Moonblast|p2a: Regieleki\n|-damage|p2a: Regieleki|39\/100\n|-unboost|p2a: Regieleki|spa|1\n|\n|upkeep\n|turn|5\n|\n|t:|1698478018\n|move|p2a: Regieleki|Volt Switch|p1a: Ribombee\n|-damage|p1a: Ribombee|0 fnt\n|faint|p1a: Ribombee\n|\n|t:|1698478025\n|switch|p2a: Palafin|Palafin-Hero, M, shiny|100\/100|[from] Volt Switch\n|-activate|p2a: Palafin|ability: Zero to Hero\n|\n|upkeep\n|\n|t:|1698478043\n|switch|p1a: Koraidon|Koraidon|100\/100\n|-weather|SunnyDay|[from] ability: Orichalcum Pulse|[of] p1a: Koraidon\n|-activate|p1a: Koraidon|Orichalcum Pulse|[source]\n|turn|6\n|\n|t:|1698478045\n|switch|p2a: Landorus|Landorus-Therian, M, shiny|100\/100\n|-ability|p2a: Landorus|Intimidate|boost\n|-unboost|p1a: Koraidon|atk|1\n|move|p1a: Koraidon|Swords Dance|p1a: Koraidon\n|-boost|p1a: Koraidon|atk|2\n|\n|-weather|SunnyDay|[upkeep]\n|upkeep\n|turn|7\n|\n|t:|1698478052\n|move|p1a: Koraidon|Swords Dance|p1a: Koraidon\n|-boost|p1a: Koraidon|atk|2\n|move|p2a: Landorus|Stealth Rock|p1a: Koraidon\n|-sidestart|p1: AGisgood\u82cd\u54cd\u4fa0|move: Stealth Rock\n|\n|-weather|SunnyDay|[upkeep]\n|upkeep\n|turn|8\n|\n|t:|1698478056\n|move|p1a: Koraidon|Scale Shot|p2a: Landorus\n|-damage|p2a: Landorus|60\/100\n|-damage|p2a: Landorus|14\/100\n|-damage|p2a: Landorus|0 fnt\n|faint|p2a: Landorus\n|-hitcount|p2: Landorus|3\n|-unboost|p1a: Koraidon|def|1\n|-boost|p1a: Koraidon|spe|1\n|\n|-weather|SunnyDay|[upkeep]\n|upkeep\n|\n|t:|1698478060\n|switch|p2a: Flutter Mane|Flutter Mane, shiny|100\/100\n|-activate|p2a: Flutter Mane|ability: Protosynthesis\n|-start|p2a: Flutter Mane|protosynthesisspe\n|turn|9\n|\n|t:|1698478065\n|move|p2a: Flutter Mane|Moonblast|p1a: Koraidon\n|-supereffective|p1a: Koraidon\n|-damage|p1a: Koraidon|0 fnt\n|faint|p1a: Koraidon\n|\n|-weather|SunnyDay|[upkeep]\n|upkeep\n|\n|t:|1698478068\n|switch|p1a: Zacian|Zacian-Crowned|100\/100\n|-damage|p1a: Zacian|94\/100|[from] Stealth Rock\n|-ability|p1a: Zacian|Intrepid Sword|boost\n|-boost|p1a: Zacian|atk|1\n|turn|10\n|\n|t:|1698478070\n|move|p2a: Flutter Mane|Shadow Ball|p1a: Zacian\n|-damage|p1a: Zacian|52\/100\n|move|p1a: Zacian|Behemoth Blade|p2a: Flutter Mane\n|-supereffective|p2a: Flutter Mane\n|-enditem|p2a: Flutter Mane|Focus Sash\n|-damage|p2a: Flutter Mane|1\/100\n|\n|-weather|none\n|-end|p2a: Flutter Mane|Protosynthesis\n|upkeep\n|turn|11\n|\n|t:|1698478074\n|move|p1a: Zacian|Behemoth Blade|p2a: Flutter Mane\n|-supereffective|p2a: Flutter Mane\n|-damage|p2a: Flutter Mane|0 fnt\n|faint|p2a: Flutter Mane\n|-end|p2a: Flutter Mane|Protosynthesis|[silent]\n|\n|upkeep\n|\n|t:|1698478078\n|switch|p2a: Palafin|Palafin-Hero, M, shiny|100\/100\n|turn|12\n|\n|t:|1698478083\n|move|p2a: Palafin|Jet Punch|p1a: Zacian\n|-damage|p1a: Zacian|0 fnt\n|faint|p1a: Zacian\n|\n|upkeep\n|\n|t:|1698478086\n|switch|p1a: Arceus|Arceus|100\/100\n|-damage|p1a: Arceus|88\/100|[from] Stealth Rock\n|turn|13\n|\n|t:|1698478090\n|move|p2a: Palafin|Jet Punch|p1a: Arceus\n|-crit|p1a: Arceus\n|-damage|p1a: Arceus|27\/100\n|move|p1a: Arceus|Swords Dance|p1a: Arceus\n|-boost|p1a: Arceus|atk|2\n|\n|-heal|p1a: Arceus|34\/100|[from] item: Leftovers\n|upkeep\n|turn|14\n|\n|t:|1698478105\n|switch|p2a: Regieleki|Regieleki, shiny|39\/100\n|move|p1a: Arceus|Extreme Speed|p2a: Regieleki\n|-damage|p2a: Regieleki|0 fnt\n|faint|p2a: Regieleki\n|\n|-heal|p1a: Arceus|40\/100|[from] item: Leftovers\n|upkeep\n|\n|t:|1698478108\n|switch|p2a: Chien-Pao|Chien-Pao|100\/100\n|-ability|p2a: Chien-Pao|Sword of Ruin\n|turn|15\n|\n|t:|1698478113\n|move|p2a: Chien-Pao|Sacred Sword|p1a: Arceus\n|-supereffective|p1a: Arceus\n|-damage|p1a: Arceus|0 fnt\n|faint|p1a: Arceus\n|\n|upkeep\n|\n|t:|1698478116\n|switch|p1a: Calyrex|Calyrex-Shadow|40\/100\n|-ability|p1a: Calyrex|As One\n|-ability|p1a: Calyrex|Unnerve\n|-damage|p1a: Calyrex|28\/100|[from] Stealth Rock\n|turn|16\n|\n|t:|1698478120\n|move|p1a: Calyrex|Grass Knot|p2a: Chien-Pao\n|-damage|p2a: Chien-Pao|31\/100\n|move|p2a: Chien-Pao|Crunch|p1a: Calyrex\n|-supereffective|p1a: Calyrex\n|-damage|p1a: Calyrex|0 fnt\n|faint|p1a: Calyrex\n|\n|upkeep\n|\n|t:|1698478125\n|switch|p1a: Donphan|Donphan, M|100\/100\n|-damage|p1a: Donphan|94\/100|[from] Stealth Rock\n|turn|17\n|\n|t:|1698478126\n|move|p2a: Chien-Pao|Ice Spinner|p1a: Donphan\n|-supereffective|p1a: Donphan\n|-damage|p1a: Donphan|0 fnt\n|faint|p1a: Donphan\n|\n|win|Hesley Gaming\n|raw|AGisgood\u82cd\u54cd\u4fa0's rating: 1539 &rarr; <strong>1520<\/strong><br \/>(-19 for losing)\n|raw|Hesley Gaming's rating: 1560 &rarr; <strong>1579<\/strong><br \/>(+19 for winning)\n|l|\u2606Hesley Gaming\n|l|\u2606AGisgood\u82cd\u54cd\u4fa0\n","uploadtime":1698478261,"views":10,"p1id":"agisgood","p2id":"hesleygaming","formatid":"gen9anythinggoes","rating":1520,"private":0,"password":""}