{"id":"gen9anythinggoes-1986111076","p1":"Grandburnsy 7","p2":"Human #314159","format":"[Gen 9] Anything Goes","log":"|j|\u2606Grandburnsy 7\n|j|\u2606Human #314159\n|t:|1699451204\n|gametype|singles\n|player|p1|Grandburnsy 7|2|1319\n|player|p2|Human #314159|mira|1236\n|teamsize|p1|6\n|teamsize|p2|6\n|gen|9\n|tier|[Gen 9] Anything Goes\n|rated|\n|rule|HP Percentage Mod: HP is shown in percentages\n|rule|Endless Battle Clause: Forcing endless battles is banned\n|clearpoke\n|poke|p1|Blissey, F|\n|poke|p1|Dusclops, F|\n|poke|p1|Ogerpon-Hearthflame, F|\n|poke|p1|Kyogre|\n|poke|p1|Ribombee, F|\n|poke|p1|Roaring Moon|\n|poke|p2|Baxcalibur, F|\n|poke|p2|Zapdos-Galar|\n|poke|p2|Cyclizar, F|\n|poke|p2|Maushold-Four|\n|poke|p2|Urshifu-*, M|\n|poke|p2|Grimmsnarl, M|\n|teampreview\n|inactive|Battle timer is ON: inactive players will automatically lose when time's up. (requested by Human #314159)\n|inactive|Human #314159 has 120 seconds left.\n|\n|t:|1699451240\n|start\n|switch|p1a: Ribombee|Ribombee, F|100\/100\n|switch|p2a: No.|Cyclizar, F|100\/100\n|turn|1\n|\n|t:|1699451250\n|move|p1a: Ribombee|Moonblast|p2a: No.\n|-supereffective|p2a: No.\n|-damage|p2a: No.|0 fnt\n|faint|p2a: No.\n|\n|upkeep\n|\n|t:|1699451277\n|switch|p2a: Girlfriend-BFriend|Grimmsnarl, M|100\/100\n|turn|2\n|\n|t:|1699451286\n|move|p2a: Girlfriend-BFriend|Light Screen|p2a: Girlfriend-BFriend\n|-sidestart|p2: Human #314159|move: Light Screen\n|move|p1a: Ribombee|Moonblast|p2a: Girlfriend-BFriend\n|-supereffective|p2a: Girlfriend-BFriend\n|-damage|p2a: Girlfriend-BFriend|71\/100\n|\n|upkeep\n|turn|3\n|\n|t:|1699451313\n|switch|p1a: Dusclops|Dusclops, F, shiny|100\/100\n|-item|p2a: Girlfriend-BFriend|Light Clay|[from] ability: Frisk|[of] p1a: Dusclops|[identify]\n|move|p2a: Girlfriend-BFriend|Reflect|p2a: Girlfriend-BFriend\n|-sidestart|p2: Human #314159|Reflect\n|\n|upkeep\n|turn|4\n|\n|t:|1699451322\n|move|p2a: Girlfriend-BFriend|Parting Shot|p1a: Dusclops\n|-unboost|p1a: Dusclops|atk|1\n|-unboost|p1a: Dusclops|spa|1\n|\n|t:|1699451338\n|switch|p2a: Too Many Cooks!|Maushold-Four|100\/100|[from] Parting Shot\n|move|p1a: Dusclops|Will-O-Wisp|p2a: Too Many Cooks!\n|-status|p2a: Too Many Cooks!|brn\n|\n|-damage|p2a: Too Many Cooks!|94\/100 brn|[from] brn\n|upkeep\n|turn|5\n|inactive|Human #314159 has 120 seconds left.\n|\n|t:|1699451367\n|switch|p2a: Sun Tzu|Urshifu-Rapid-Strike, M|100\/100\n|move|p1a: Dusclops|Disable||[still]\n|-fail|p1a: Dusclops\n|\n|upkeep\n|turn|6\n|\n|t:|1699451376\n|move|p2a: Sun Tzu|Surging Strikes|p1a: Dusclops\n|-crit|p1a: Dusclops\n|-damage|p1a: Dusclops|91\/100\n|-crit|p1a: Dusclops\n|-damage|p1a: Dusclops|80\/100\n|-crit|p1a: Dusclops\n|-damage|p1a: Dusclops|69\/100\n|-hitcount|p1a: Dusclops|3\n|move|p1a: Dusclops|Will-O-Wisp|p2a: Sun Tzu\n|-status|p2a: Sun Tzu|brn\n|\n|-damage|p2a: Sun Tzu|94\/100 brn|[from] brn\n|upkeep\n|turn|7\n|inactive|Human #314159 has 120 seconds left.\n|inactive|Grandburnsy 7 has 120 seconds left.\n|\n|t:|1699451407\n|move|p2a: Sun Tzu|Thunder Punch|p1a: Dusclops\n|-damage|p1a: Dusclops|62\/100\n|move|p1a: Dusclops|Night Shade|p2a: Sun Tzu\n|-damage|p2a: Sun Tzu|65\/100 brn\n|\n|-damage|p2a: Sun Tzu|59\/100 brn|[from] brn\n|upkeep\n|turn|8\n|inactive|Grandburnsy 7 has 120 seconds left.\n|inactive|Human #314159 has 90 seconds left.\n|inactive|Human #314159 has 60 seconds left.\n|\n|t:|1699451464\n|move|p2a: Sun Tzu|Surging Strikes|p1a: Dusclops\n|-crit|p1a: Dusclops\n|-damage|p1a: Dusclops|58\/100\n|-crit|p1a: Dusclops\n|-damage|p1a: Dusclops|53\/100\n|-crit|p1a: Dusclops\n|-damage|p1a: Dusclops|48\/100\n|-hitcount|p1a: Dusclops|3\n|move|p1a: Dusclops|Night Shade|p2a: Sun Tzu\n|-damage|p2a: Sun Tzu|30\/100 brn\n|\n|-damage|p2a: Sun Tzu|23\/100 brn|[from] brn\n|upkeep\n|-enditem|p2a: Sun Tzu|Figy Berry|[eat]\n|-heal|p2a: Sun Tzu|57\/100 brn|[from] item: Figy Berry\n|turn|9\n|inactive|Grandburnsy 7 has 120 seconds left.\n|inactive|Human #314159 has 60 seconds left.\n|\n|t:|1699451483\n|switch|p2a: The Emu Soldier|Zapdos-Galar|100\/100\n|switch|p1a: Ribombee|Ribombee, F|100\/100\n|\n|-sideend|p2: Human #314159|move: Light Screen\n|upkeep\n|turn|10\n|inactive|Human #314159 has 60 seconds left.\n|\n|t:|1699451494\n|move|p1a: Ribombee|Switcheroo|p2a: The Emu Soldier\n|-activate|p1a: Ribombee|move: Trick|[of] p2a: The Emu Soldier\n|-item|p2a: The Emu Soldier|Choice Scarf|[from] move: Switcheroo\n|-item|p1a: Ribombee|Life Orb|[from] move: Switcheroo\n|move|p2a: The Emu Soldier|Drill Peck|p1a: Ribombee\n|-supereffective|p1a: Ribombee\n|-damage|p1a: Ribombee|0 fnt\n|faint|p1a: Ribombee\n|\n|-sideend|p2: Human #314159|Reflect\n|upkeep\n|\n|t:|1699451503\n|switch|p1a: Dusclops|Dusclops, F, shiny|48\/100\n|-item|p2a: The Emu Soldier|Choice Scarf|[from] ability: Frisk|[of] p1a: Dusclops|[identify]\n|turn|11\n|\n|t:|1699451508\n|move|p2a: The Emu Soldier|Drill Peck|p1a: Dusclops\n|-damage|p1a: Dusclops|24\/100\n|move|p1a: Dusclops|Will-O-Wisp|p2a: The Emu Soldier\n|-status|p2a: The Emu Soldier|brn\n|\n|-damage|p2a: The Emu Soldier|94\/100 brn|[from] brn\n|upkeep\n|turn|12\n|\n|t:|1699451519\n|move|p2a: The Emu Soldier|Drill Peck|p1a: Dusclops\n|-damage|p1a: Dusclops|14\/100\n|move|p1a: Dusclops|Disable|p2a: The Emu Soldier\n|-start|p2a: The Emu Soldier|Disable|Drill Peck\n|\n|-damage|p2a: The Emu Soldier|88\/100 brn|[from] brn\n|upkeep\n|turn|13\n|\n|t:|1699451528\n|switch|p2a: Girlfriend-BFriend|Grimmsnarl, M|71\/100\n|switch|p1a: Roaring Moon|Roaring Moon, shiny|100\/100\n|-enditem|p1a: Roaring Moon|Booster Energy\n|-activate|p1a: Roaring Moon|ability: Protosynthesis|[fromitem]\n|-start|p1a: Roaring Moon|protosynthesisatk\n|\n|upkeep\n|turn|14\n|\n|t:|1699451536\n|move|p2a: Girlfriend-BFriend|Reflect|p2a: Girlfriend-BFriend\n|-sidestart|p2: Human #314159|Reflect\n|move|p1a: Roaring Moon|Dragon Dance|p1a: Roaring Moon\n|-boost|p1a: Roaring Moon|atk|1\n|-boost|p1a: Roaring Moon|spe|1\n|\n|upkeep\n|turn|15\n|inactive|Human #314159 has 90 seconds left.\n|\n|t:|1699451547\n|-terastallize|p1a: Roaring Moon|Flying\n|move|p2a: Girlfriend-BFriend|Parting Shot|p1a: Roaring Moon\n|-unboost|p1a: Roaring Moon|atk|1\n|-unboost|p1a: Roaring Moon|spa|1\n|\n|t:|1699451561\n|switch|p2a: Sun Tzu|Urshifu-Rapid-Strike, M|57\/100 brn|[from] Parting Shot\n|move|p1a: Roaring Moon|Acrobatics|p2a: Sun Tzu\n|-supereffective|p2a: Sun Tzu\n|-damage|p2a: Sun Tzu|0 fnt\n|faint|p2a: Sun Tzu\n|\n|upkeep\n|\n|t:|1699451570\n|switch|p2a: Too Many Cooks!|Maushold-Four|94\/100 brn\n|turn|16\n|\n|t:|1699451576\n|move|p1a: Roaring Moon|Dragon Dance|p1a: Roaring Moon\n|-boost|p1a: Roaring Moon|atk|1\n|-boost|p1a: Roaring Moon|spe|1\n|move|p2a: Too Many Cooks!|Thunder Wave|p1a: Roaring Moon\n|-status|p1a: Roaring Moon|par\n|\n|-damage|p2a: Too Many Cooks!|88\/100 brn|[from] brn\n|upkeep\n|turn|17\n|inactive|Human #314159 has 90 seconds left.\n|\n|t:|1699451585\n|move|p2a: Too Many Cooks!|Aerial Ace|p1a: Roaring Moon\n|-damage|p1a: Roaring Moon|87\/100 par\n|cant|p1a: Roaring Moon|par\n|\n|-damage|p2a: Too Many Cooks!|82\/100 brn|[from] brn\n|upkeep\n|turn|18\n|\n|t:|1699451593\n|move|p2a: Too Many Cooks!|Population Bomb|p1a: Roaring Moon|[miss]\n|-miss|p2a: Too Many Cooks!|p1a: Roaring Moon\n|move|p1a: Roaring Moon|Acrobatics|p2a: Too Many Cooks!\n|-damage|p2a: Too Many Cooks!|0 fnt\n|faint|p2a: Too Many Cooks!\n|\n|upkeep\n|inactive|Human #314159 has 90 seconds left.\n|\n|t:|1699451605\n|switch|p2a: William Woodrow|Baxcalibur, F|100\/100\n|turn|19\n|\n|t:|1699451611\n|move|p1a: Roaring Moon|Dragon Claw|p2a: William Woodrow\n|-supereffective|p2a: William Woodrow\n|-crit|p2a: William Woodrow\n|-damage|p2a: William Woodrow|0 fnt\n|faint|p2a: William Woodrow\n|\n|upkeep\n|\n|t:|1699451621\n|switch|p2a: Girlfriend-BFriend|Grimmsnarl, M|71\/100\n|turn|20\n|\n|t:|1699451625\n|move|p2a: Girlfriend-BFriend|Metronome|p2a: Girlfriend-BFriend\n|move|p2a: Girlfriend-BFriend|Rock Blast|p1a: Roaring Moon|[from]move: Metronome\n|-supereffective|p1a: Roaring Moon\n|-damage|p1a: Roaring Moon|70\/100 par\n|-supereffective|p1a: Roaring Moon\n|-damage|p1a: Roaring Moon|52\/100 par\n|-supereffective|p1a: Roaring Moon\n|-damage|p1a: Roaring Moon|36\/100 par\n|-supereffective|p1a: Roaring Moon\n|-damage|p1a: Roaring Moon|18\/100 par\n|-supereffective|p1a: Roaring Moon\n|-damage|p1a: Roaring Moon|0 fnt\n|faint|p1a: Roaring Moon\n|-end|p1a: Roaring Moon|Protosynthesis|[silent]\n|-hitcount|p1: Roaring Moon|5\n|\n|upkeep\n|c|\u2606Grandburnsy 7|\ud83d\ude02\ud83d\ude02\ud83d\ude02\ud83d\ude02\n|c|\u2606Human #314159|WHAT\n|c|\u2606Grandburnsy 7|five hits aswell\n|\n|t:|1699451644\n|switch|p1a: Kyogre|Kyogre, shiny|100\/100\n|-weather|RainDance|[from] ability: Drizzle|[of] p1a: Kyogre\n|turn|21\n|\n|t:|1699451667\n|move|p2a: Girlfriend-BFriend|Metronome|p2a: Girlfriend-BFriend\n|move|p2a: Girlfriend-BFriend|Extreme Speed|p1a: Kyogre|[from]move: Metronome\n|-damage|p1a: Kyogre|79\/100\n|move|p1a: Kyogre|Water Spout|p2a: Girlfriend-BFriend\n|-damage|p2a: Girlfriend-BFriend|0 fnt\n|faint|p2a: Girlfriend-BFriend\n|\n|-weather|RainDance|[upkeep]\n|-sideend|p2: Human #314159|Reflect\n|upkeep\n|\n|t:|1699451676\n|switch|p2a: The Emu Soldier|Zapdos-Galar|88\/100 brn\n|turn|22\n|\n|t:|1699451685\n|move|p2a: The Emu Soldier|Knock Off|p1a: Kyogre\n|-damage|p1a: Kyogre|62\/100\n|-enditem|p1a: Kyogre|Choice Scarf|[from] move: Knock Off|[of] p2a: The Emu Soldier\n|move|p1a: Kyogre|Water Spout|p2a: The Emu Soldier\n|-damage|p2a: The Emu Soldier|0 fnt\n|faint|p2a: The Emu Soldier\n|\n|win|Grandburnsy 7\n|raw|Grandburnsy 7's rating: 1319 &rarr; <strong>1334<\/strong><br \/>(+15 for winning)\n|raw|Human #314159's rating: 1236 &rarr; <strong>1217<\/strong><br \/>(-19 for losing)\n|l|\u2606Grandburnsy 7\n","uploadtime":1699451701,"views":11,"p1id":"grandburnsy7","p2id":"human314159","formatid":"gen9anythinggoes","rating":1217,"private":0,"password":""}