{"id":"gen9anythinggoes-1995056868","p1":"LeunamTG","p2":"zipermu98","format":"[Gen 9] Anything Goes","log":"|j|\u2606LeunamTG\n|j|\u2606zipermu98\n|t:|1700517889\n|gametype|singles\n|player|p1|LeunamTG|skyla|\n|player|p2|zipermu98|lucas|\n|teamsize|p1|6\n|teamsize|p2|6\n|gen|9\n|tier|[Gen 9] Anything Goes\n|rule|HP Percentage Mod: HP is shown in percentages\n|rule|Endless Battle Clause: Forcing endless battles is banned\n|clearpoke\n|poke|p1|Articuno-Galar|\n|poke|p1|Dragapult, F|\n|poke|p1|Electrode-Hisui|\n|poke|p1|Florges, F|\n|poke|p1|Heatran, F|\n|poke|p1|Tauros, M|\n|poke|p2|Bisharp, F|\n|poke|p2|Hatterene, F|\n|poke|p2|Kommo-o, F|\n|poke|p2|Cinderace, F|\n|poke|p2|Zoroark-Hisui, F|\n|poke|p2|Landorus, M|\n|teampreview\n|j| pepitodechocolate\n|\n|t:|1700517961\n|start\n|switch|p1a: FEUER FREI|Electrode-Hisui|100\/100\n|switch|p2a: Ud Primero|Bisharp, F|100\/100\n|turn|1\n|c|\u2606zipermu98|GL HF\n|c|\u2606LeunamTG|GLHF!\n|j| Red Krow\n|\n|t:|1700518063\n|move|p1a: FEUER FREI|Volt Switch|p2a: Ud Primero\n|-damage|p2a: Ud Primero|46\/100\n|replace|p2a: 'Bisharp'|Zoroark-Hisui, F\n|-end|p2a: 'Bisharp'|Illusion\n|\n|t:|1700518076\n|switch|p1a: PACHURUUUU|Florges, F|100\/100|[from] Volt Switch\n|move|p2a: 'Bisharp'|Shadow Ball|p1a: PACHURUUUU\n|-damage|p1a: PACHURUUUU|74\/100\n|\n|-heal|p1a: PACHURUUUU|80\/100|[from] item: Leftovers\n|upkeep\n|turn|2\n|\n|t:|1700518112\n|switch|p2a: Ud Primero|Bisharp, F|100\/100\n|move|p1a: PACHURUUUU|Baton Pass|p1a: PACHURUUUU\n|\n|t:|1700518129\n|switch|p1a: Iron Maiden|Heatran, F|100\/100|[from] Baton Pass\n|-item|p1a: Iron Maiden|Air Balloon\n|\n|upkeep\n|turn|3\n|\n|t:|1700518163\n|switch|p2a: PutoDefenderEspa\u00f1a|Kommo-o, F|100\/100\n|move|p1a: Iron Maiden|Magma Storm|p2a: PutoDefenderEspa\u00f1a\n|-resisted|p2a: PutoDefenderEspa\u00f1a\n|-damage|p2a: PutoDefenderEspa\u00f1a|89\/100\n|-activate|p2a: PutoDefenderEspa\u00f1a|move: Magma Storm|[of] p1a: Iron Maiden\n|\n|-damage|p2a: PutoDefenderEspa\u00f1a|76\/100|[from] move: Magma Storm|[partiallytrapped]\n|upkeep\n|turn|4\n|\n|t:|1700518180\n|switch|p1a: MaskDeMasque|Articuno-Galar|100\/100\n|move|p2a: PutoDefenderEspa\u00f1a|Iron Head|p1a: MaskDeMasque\n|-damage|p1a: MaskDeMasque|71\/100\n|\n|-end|p2a: PutoDefenderEspa\u00f1a|Magma Storm|[partiallytrapped]|[silent]\n|upkeep\n|turn|5\n|c| pepitodechocolate|PutoDefenderEspa\u00f1a xddd\n|c|\u2606zipermu98|xDDD\n|\n|t:|1700518239\n|switch|p2a: Ud Primero|Bisharp, F|100\/100\n|move|p1a: MaskDeMasque|U-turn|p2a: Ud Primero\n|-damage|p2a: Ud Primero|91\/100\n|j| Kiworco\n|\n|t:|1700518245\n|switch|p1a: Iron Maiden|Heatran, F|100\/100|[from] U-turn\n|-item|p1a: Iron Maiden|Air Balloon\n|\n|upkeep\n|turn|6\n|\n|t:|1700518280\n|switch|p2a: PutoDefenderEspa\u00f1a|Kommo-o, F|76\/100\n|move|p1a: Iron Maiden|Magma Storm|p2a: PutoDefenderEspa\u00f1a\n|-resisted|p2a: PutoDefenderEspa\u00f1a\n|-crit|p2a: PutoDefenderEspa\u00f1a\n|-damage|p2a: PutoDefenderEspa\u00f1a|59\/100\n|-activate|p2a: PutoDefenderEspa\u00f1a|move: Magma Storm|[of] p1a: Iron Maiden\n|\n|-damage|p2a: PutoDefenderEspa\u00f1a|46\/100|[from] move: Magma Storm|[partiallytrapped]\n|upkeep\n|turn|7\n|\n|t:|1700518299\n|move|p1a: Iron Maiden|Protect|p1a: Iron Maiden\n|-singleturn|p1a: Iron Maiden|Protect\n|move|p2a: PutoDefenderEspa\u00f1a|Dragon Tail|p1a: Iron Maiden\n|-activate|p1a: Iron Maiden|move: Protect\n|\n|-damage|p2a: PutoDefenderEspa\u00f1a|34\/100|[from] move: Magma Storm|[partiallytrapped]\n|upkeep\n|turn|8\n|\n|t:|1700518316\n|switch|p1a: MaskDeMasque|Articuno-Galar|71\/100\n|move|p2a: PutoDefenderEspa\u00f1a|Iron Head|p1a: MaskDeMasque\n|-damage|p1a: MaskDeMasque|42\/100\n|\n|-end|p2a: PutoDefenderEspa\u00f1a|Magma Storm|[partiallytrapped]|[silent]\n|upkeep\n|turn|9\n|\n|t:|1700518336\n|move|p1a: MaskDeMasque|Hurricane|p2a: PutoDefenderEspa\u00f1a|[miss]\n|-miss|p1a: MaskDeMasque|p2a: PutoDefenderEspa\u00f1a\n|move|p2a: PutoDefenderEspa\u00f1a|Iron Head|p1a: MaskDeMasque\n|-damage|p1a: MaskDeMasque|14\/100\n|\n|upkeep\n|turn|10\n|\n|t:|1700518354\n|switch|p2a: Ud Primero|Bisharp, F|91\/100\n|move|p1a: MaskDeMasque|Hurricane|p2a: Ud Primero|[miss]\n|-miss|p1a: MaskDeMasque|p2a: Ud Primero\n|\n|upkeep\n|turn|11\n|c|\u2606zipermu98|Ala\n|c|\u2606zipermu98|Srry\n|\n|t:|1700518383\n|move|p1a: MaskDeMasque|Hurricane|p2a: Ud Primero\n|-resisted|p2a: Ud Primero\n|-damage|p2a: Ud Primero|54\/100\n|-start|p2a: Ud Primero|confusion\n|-activate|p2a: Ud Primero|confusion\n|-damage|p2a: Ud Primero|38\/100|[from] confusion\n|\n|upkeep\n|turn|12\n|c|\u2606zipermu98|Se acaba de compensar el karma xd\n|\n|t:|1700518421\n|switch|p2a: PutoDefenderEspa\u00f1a|Kommo-o, F|34\/100\n|move|p1a: MaskDeMasque|Hurricane|p2a: PutoDefenderEspa\u00f1a\n|-supereffective|p2a: PutoDefenderEspa\u00f1a\n|-damage|p2a: PutoDefenderEspa\u00f1a|0 fnt\n|faint|p2a: PutoDefenderEspa\u00f1a\n|\n|upkeep\n|c|\u2606LeunamTG|Ahora s\u00ed jajajaja.\n|\n|t:|1700518450\n|switch|p2a: NosVaASacaDePobre|Cinderace, F|100\/100\n|turn|13\n|\n|t:|1700518463\n|switch|p1a: Desdentado|Dragapult, F|100\/100\n|move|p2a: NosVaASacaDePobre|Sucker Punch||[still]\n|-fail|p2a: NosVaASacaDePobre\n|\n|upkeep\n|turn|14\n|\n|t:|1700518483\n|move|p1a: Desdentado|Shadow Ball|p2a: NosVaASacaDePobre\n|-damage|p2a: NosVaASacaDePobre|56\/100\n|move|p2a: NosVaASacaDePobre|Pyro Ball|p1a: Desdentado\n|-resisted|p1a: Desdentado\n|-damage|p1a: Desdentado|66\/100\n|\n|upkeep\n|turn|15\n|\n|t:|1700518499\n|move|p2a: NosVaASacaDePobre|Sucker Punch|p1a: Desdentado\n|-start|p2a: NosVaASacaDePobre|typechange|Dark|[from] ability: Libero\n|-supereffective|p1a: Desdentado\n|-enditem|p1a: Desdentado|Colbur Berry|[eat]\n|-enditem|p1a: Desdentado|Colbur Berry|[weaken]\n|-damage|p1a: Desdentado|29\/100\n|move|p1a: Desdentado|Draco Meteor|p2a: NosVaASacaDePobre\n|-damage|p2a: NosVaASacaDePobre|0 fnt\n|-unboost|p1a: Desdentado|spa|2\n|faint|p2a: NosVaASacaDePobre\n|\n|upkeep\n|\n|t:|1700518531\n|switch|p2a: Ud Primero|Bisharp, F|38\/100\n|turn|16\n|\n|t:|1700518557\n|move|p2a: Ud Primero|Sucker Punch|p1a: Desdentado\n|-supereffective|p1a: Desdentado\n|-damage|p1a: Desdentado|0 fnt\n|faint|p1a: Desdentado\n|\n|upkeep\n|\n|t:|1700518607\n|switch|p1a: Verstappen|Tauros, M|100\/100\n|turn|17\n|\n|t:|1700518659\n|switch|p2a: YEnTuCaraExplota|Hatterene, F|100\/100\n|move|p1a: Verstappen|Earthquake|p2a: YEnTuCaraExplota\n|-damage|p2a: YEnTuCaraExplota|71\/100\n|-damage|p1a: Verstappen|91\/100|[from] item: Life Orb\n|\n|upkeep\n|turn|18\n|\n|t:|1700518692\n|move|p1a: Verstappen|Body Slam|p2a: YEnTuCaraExplota\n|-crit|p2a: YEnTuCaraExplota\n|-damage|p2a: YEnTuCaraExplota|0 fnt\n|faint|p2a: YEnTuCaraExplota\n|\n|upkeep\n|c| pepitodechocolate|D:\n|c|\u2606zipermu98|Bueno\n|c|\u2606LeunamTG|Ups.\n|\n|t:|1700518717\n|switch|p2a: SkippedLegDay|Landorus, M|100\/100\n|turn|19\n|c|\u2606LeunamTG|Estoy escuchando Youtube.\n|c|\u2606LeunamTG|Y ha sido saltar el crit y me ha cambiado la reproducci\u00f3n autom\u00e1tica a sonidos de ambiente.\n|c|\u2606LeunamTG|Y ha empezado a sonar un grillo.\n|\n|t:|1700518760\n|move|p2a: SkippedLegDay|U-turn|p1a: Verstappen\n|-damage|p1a: Verstappen|70\/100\n|c|\u2606zipermu98|JAJAJAJAJAJJAJAJAJA\n|\n|t:|1700518767\n|switch|p2a: SkippedLegDay|Landorus, M|46\/100|[from] U-turn\n|move|p1a: Verstappen|Ice Beam|p2a: SkippedLegDay\n|-damage|p2a: SkippedLegDay|0 fnt\n|replace|p2a: 'Bisharp'|Zoroark-Hisui, F\n|-end|p2a: 'Bisharp'|Illusion\n|faint|p2a: 'Bisharp'\n|\n|upkeep\n|\n|t:|1700518773\n|switch|p2a: SkippedLegDay|Landorus, M|100\/100\n|turn|20\n|\n|t:|1700518795\n|switch|p1a: Iron Maiden|Heatran, F|100\/100\n|-item|p1a: Iron Maiden|Air Balloon\n|move|p2a: SkippedLegDay|Focus Blast|p1a: Iron Maiden\n|-supereffective|p1a: Iron Maiden\n|-damage|p1a: Iron Maiden|15\/100\n|-enditem|p1a: Iron Maiden|Air Balloon\n|\n|upkeep\n|turn|21\n|\n|t:|1700518841\n|switch|p2a: Ud Primero|Bisharp, F|38\/100\n|switch|p1a: PACHURUUUU|Florges, F|80\/100\n|\n|-heal|p1a: PACHURUUUU|86\/100|[from] item: Leftovers\n|upkeep\n|turn|22\n|\n|t:|1700518874\n|move|p2a: Ud Primero|Iron Head|p1a: PACHURUUUU\n|-supereffective|p1a: PACHURUUUU\n|-damage|p1a: PACHURUUUU|12\/100\n|cant|p1a: PACHURUUUU|flinch\n|\n|-heal|p1a: PACHURUUUU|18\/100|[from] item: Leftovers\n|upkeep\n|turn|23\n|c| pepitodechocolate|OJO\n|\n|t:|1700518911\n|switch|p2a: SkippedLegDay|Landorus, M|100\/100\n|move|p1a: PACHURUUUU|Moonblast|p2a: SkippedLegDay\n|-damage|p2a: SkippedLegDay|56\/100\n|\n|-heal|p1a: PACHURUUUU|24\/100|[from] item: Leftovers\n|upkeep\n|turn|24\n|\n|t:|1700518922\n|move|p1a: PACHURUUUU|Protect|p1a: PACHURUUUU\n|-singleturn|p1a: PACHURUUUU|Protect\n|move|p2a: SkippedLegDay|Earth Power|p1a: PACHURUUUU\n|-activate|p1a: PACHURUUUU|move: Protect\n|\n|-heal|p1a: PACHURUUUU|30\/100|[from] item: Leftovers\n|upkeep\n|turn|25\n|\n|t:|1700518936\n|switch|p1a: MaskDeMasque|Articuno-Galar|14\/100\n|move|p2a: SkippedLegDay|Earth Power|p1a: MaskDeMasque\n|-immune|p1a: MaskDeMasque\n|\n|upkeep\n|turn|26\n|\n|t:|1700518947\n|switch|p2a: Ud Primero|Bisharp, F|38\/100\n|move|p1a: MaskDeMasque|U-turn|p2a: Ud Primero\n|-damage|p2a: Ud Primero|27\/100\n|\n|t:|1700518994\n|switch|p1a: FEUER FREI|Electrode-Hisui|100\/100|[from] U-turn\n|\n|upkeep\n|turn|27\n|\n|t:|1700519019\n|move|p2a: Ud Primero|Sucker Punch|p1a: FEUER FREI\n|-damage|p1a: FEUER FREI|38\/100\n|-status|p2a: Ud Primero|par|[from] ability: Static|[of] p1a: FEUER FREI\n|move|p1a: FEUER FREI|Thunderbolt|p2a: Ud Primero\n|-damage|p2a: Ud Primero|0 fnt\n|faint|p2a: Ud Primero\n|\n|upkeep\n|\n|t:|1700519025\n|switch|p2a: SkippedLegDay|Landorus, M|56\/100\n|turn|28\n|\n|t:|1700519045\n|switch|p1a: MaskDeMasque|Articuno-Galar|14\/100\n|move|p2a: SkippedLegDay|Focus Blast|p1a: MaskDeMasque\n|-resisted|p1a: MaskDeMasque\n|-damage|p1a: MaskDeMasque|0 fnt\n|faint|p1a: MaskDeMasque\n|\n|upkeep\n|\n|t:|1700519052\n|switch|p1a: PACHURUUUU|Florges, F|30\/100\n|turn|29\n|\n|t:|1700519054\n|move|p1a: PACHURUUUU|Protect|p1a: PACHURUUUU\n|-singleturn|p1a: PACHURUUUU|Protect\n|move|p2a: SkippedLegDay|Focus Blast|p1a: PACHURUUUU\n|-activate|p1a: PACHURUUUU|move: Protect\n|\n|-heal|p1a: PACHURUUUU|36\/100|[from] item: Leftovers\n|upkeep\n|turn|30\n|c|\u2606zipermu98|GGs\n|\n|t:|1700519072\n|move|p2a: SkippedLegDay|Focus Blast|p1a: PACHURUUUU\n|-resisted|p1a: PACHURUUUU\n|-damage|p1a: PACHURUUUU|17\/100\n|move|p1a: PACHURUUUU|Wish|p1a: PACHURUUUU\n|\n|-heal|p1a: PACHURUUUU|24\/100|[from] item: Leftovers\n|upkeep\n|turn|31\n|\n|t:|1700519085\n|move|p1a: PACHURUUUU|Protect|p1a: PACHURUUUU\n|-singleturn|p1a: PACHURUUUU|Protect\n|move|p2a: SkippedLegDay|Focus Blast|p1a: PACHURUUUU\n|-activate|p1a: PACHURUUUU|move: Protect\n|\n|-heal|p1a: PACHURUUUU|74\/100|[from] move: Wish|[wisher] PACHURUUUU\n|-heal|p1a: PACHURUUUU|80\/100|[from] item: Leftovers\n|upkeep\n|turn|32\n|l| Red Krow\n|\n|t:|1700519100\n|move|p2a: SkippedLegDay|Focus Blast|p1a: PACHURUUUU\n|-resisted|p1a: PACHURUUUU\n|-damage|p1a: PACHURUUUU|62\/100\n|move|p1a: PACHURUUUU|Wish|p1a: PACHURUUUU\n|\n|-heal|p1a: PACHURUUUU|68\/100|[from] item: Leftovers\n|upkeep\n|turn|33\n|\n|t:|1700519107\n|move|p2a: SkippedLegDay|Focus Blast|p1a: PACHURUUUU|[miss]\n|-miss|p2a: SkippedLegDay|p1a: PACHURUUUU\n|move|p1a: PACHURUUUU|Baton Pass|p1a: PACHURUUUU\n|\n|t:|1700519127\n|switch|p1a: FEUER FREI|Electrode-Hisui|38\/100|[from] Baton Pass\n|\n|-heal|p1a: FEUER FREI|99\/100|[from] move: Wish|[wisher] PACHURUUUU\n|upkeep\n|turn|34\n|\n|t:|1700519137\n|switch|p1a: PACHURUUUU|Florges, F|68\/100\n|move|p2a: SkippedLegDay|Focus Blast|p1a: PACHURUUUU|[miss]\n|-miss|p2a: SkippedLegDay|p1a: PACHURUUUU\n|\n|-heal|p1a: PACHURUUUU|74\/100|[from] item: Leftovers\n|upkeep\n|turn|35\n|\n|t:|1700519142\n|-activate|p2a: SkippedLegDay|move: Struggle\n|move|p2a: SkippedLegDay|Struggle|p1a: PACHURUUUU\n|-damage|p1a: PACHURUUUU|64\/100\n|-damage|p2a: SkippedLegDay|31\/100|[from] recoil\n|move|p1a: PACHURUUUU|Baton Pass|p1a: PACHURUUUU\n|\n|t:|1700519148\n|switch|p1a: Verstappen|Tauros, M|70\/100|[from] Baton Pass\n|\n|upkeep\n|turn|36\n|c| pepitodechocolate|por qu\u00e9 se pega?\n|\n|t:|1700519155\n|-activate|p2a: SkippedLegDay|move: Struggle\n|move|p2a: SkippedLegDay|Struggle|p1a: Verstappen\n|-damage|p1a: Verstappen|55\/100\n|-damage|p2a: SkippedLegDay|6\/100|[from] recoil\n|move|p1a: Verstappen|Trailblaze|p2a: SkippedLegDay\n|-damage|p2a: SkippedLegDay|0 fnt\n|faint|p2a: SkippedLegDay\n|\n|win|LeunamTG\n|c|\u2606LeunamTG|GG.\n|c|\u2606zipermu98|GGs bro, bien jugado\n|l| pepitodechocolate\n|c|\u2606LeunamTG|Porque es Scarf y se ha quedado sin PP.\n","uploadtime":1700519168,"views":27,"p1id":"leunamtg","p2id":"zipermu98","formatid":"gen9anythinggoes","rating":0,"private":0,"password":""}