{"id":"gen9anythinggoes-1990392437","p1":"RedZerahBr","p2":"Dumbfudge","format":"[Gen 9] Anything Goes","log":"|j|\u2606RedZerahBr\n|j|\u2606Dumbfudge\n|t:|1699966121\n|gametype|singles\n|player|p1|RedZerahBr|169|1146\n|player|p2|Dumbfudge|blackbelt-gen4dp|1318\n|teamsize|p1|6\n|teamsize|p2|6\n|gen|9\n|tier|[Gen 9] Anything Goes\n|rated|\n|rule|HP Percentage Mod: HP is shown in percentages\n|rule|Endless Battle Clause: Forcing endless battles is banned\n|clearpoke\n|poke|p1|Annihilape, F|\n|poke|p1|Basculegion, M|\n|poke|p1|Annihilape, M|\n|poke|p1|Annihilape, M|\n|poke|p1|Annihilape, F|\n|poke|p1|Annihilape, M|\n|poke|p2|Espathra, M|\n|poke|p2|Shaymin-Sky|\n|poke|p2|Zacian-*|\n|poke|p2|Breloom, M|\n|poke|p2|Drifblim, M|\n|poke|p2|Garchomp, F|\n|teampreview\n|\n|t:|1699966130\n|start\n|switch|p1a: Annihilape|Annihilape, F|100\/100\n|switch|p2a: Psoriasis|Garchomp, F|100\/100\n|turn|1\n|inactive|Battle timer is ON: inactive players will automatically lose when time's up. (requested by Dumbfudge)\n|\n|t:|1699966143\n|move|p1a: Annihilape|Final Gambit|p2a: Psoriasis\n|-damage|p2a: Psoriasis|0 fnt\n|faint|p1a: Annihilape\n|faint|p2a: Psoriasis\n|\n|upkeep\n|\n|t:|1699966150\n|switch|p1a: Annihilape|Annihilape, M|100\/100\n|switch|p2a: Macrocephaly|Drifblim, M|100\/100\n|turn|2\n|\n|t:|1699966156\n|move|p1a: Annihilape|Taunt|p2a: Macrocephaly\n|-start|p2a: Macrocephaly|move: Taunt\n|cant|p2a: Macrocephaly|move: Taunt|Minimize\n|\n|upkeep\n|turn|3\n|\n|t:|1699966163\n|move|p1a: Annihilape|Rage Fist|p2a: Macrocephaly\n|-supereffective|p2a: Macrocephaly\n|-damage|p2a: Macrocephaly|54\/100\n|-activate|p2a: Macrocephaly|move: Struggle\n|move|p2a: Macrocephaly|Struggle|p1a: Annihilape\n|-damage|p1a: Annihilape|94\/100\n|-damage|p2a: Macrocephaly|29\/100|[from] recoil\n|\n|upkeep\n|turn|4\n|\n|t:|1699966172\n|move|p1a: Annihilape|Rage Fist|p2a: Macrocephaly\n|-supereffective|p2a: Macrocephaly\n|-damage|p2a: Macrocephaly|0 fnt\n|-damage|p1a: Annihilape|69\/100|[from] ability: Aftermath|[of] p2a: Macrocephaly\n|faint|p2a: Macrocephaly\n|\n|upkeep\n|\n|t:|1699966179\n|switch|p2a: Chickenpox|Espathra, M|100\/100\n|turn|5\n|\n|t:|1699966194\n|switch|p2a: Whooping cough|Zacian-Crowned|100\/100\n|-ability|p2a: Whooping cough|Intrepid Sword|boost\n|-boost|p2a: Whooping cough|atk|1\n|move|p1a: Annihilape|Rage Fist|p2a: Whooping cough\n|-damage|p2a: Whooping cough|62\/100\n|\n|upkeep\n|turn|6\n|\n|t:|1699966204\n|move|p2a: Whooping cough|Behemoth Blade|p1a: Annihilape\n|-damage|p1a: Annihilape|0 fnt\n|faint|p1a: Annihilape\n|\n|upkeep\n|\n|t:|1699966210\n|switch|p1a: Annihilape|Annihilape, F|100\/100\n|turn|7\n|\n|t:|1699966216\n|move|p2a: Whooping cough|Behemoth Blade|p1a: Annihilape\n|-damage|p1a: Annihilape|20\/100\n|move|p1a: Annihilape|Drain Punch|p2a: Whooping cough\n|-damage|p2a: Whooping cough|33\/100\n|-heal|p1a: Annihilape|31\/100|[from] drain|[of] p2a: Whooping cough\n|\n|upkeep\n|turn|8\n|\n|t:|1699966230\n|move|p2a: Whooping cough|Behemoth Blade|p1a: Annihilape\n|-damage|p1a: Annihilape|0 fnt\n|faint|p1a: Annihilape\n|\n|upkeep\n|\n|t:|1699966237\n|switch|p1a: Annihilape|Annihilape, M|100\/100\n|turn|9\n|\n|t:|1699966242\n|-terastallize|p2a: Whooping cough|Steel\n|move|p2a: Whooping cough|Behemoth Blade|p1a: Annihilape\n|-enditem|p1a: Annihilape|Focus Sash\n|-damage|p1a: Annihilape|1\/100\n|move|p1a: Annihilape|Rage Fist|p2a: Whooping cough\n|-damage|p2a: Whooping cough|0 fnt\n|faint|p2a: Whooping cough\n|\n|upkeep\n|\n|t:|1699966253\n|switch|p2a: Cancer|Shaymin-Sky|100\/100\n|turn|10\n|\n|t:|1699966265\n|move|p2a: Cancer|Air Slash|p1a: Annihilape\n|-supereffective|p1a: Annihilape\n|-damage|p1a: Annihilape|0 fnt\n|faint|p1a: Annihilape\n|\n|upkeep\n|\n|t:|1699966272\n|switch|p1a: Annihilape|Annihilape, M|100\/100\n|turn|11\n|\n|t:|1699966277\n|move|p2a: Cancer|Air Slash|p1a: Annihilape\n|-supereffective|p1a: Annihilape\n|-damage|p1a: Annihilape|32\/100\n|move|p1a: Annihilape|Rage Fist|p2a: Cancer\n|-damage|p2a: Cancer|47\/100\n|\n|upkeep\n|turn|12\n|\n|t:|1699966285\n|move|p2a: Cancer|Air Slash|p1a: Annihilape\n|-supereffective|p1a: Annihilape\n|-crit|p1a: Annihilape\n|-damage|p1a: Annihilape|0 fnt\n|faint|p1a: Annihilape\n|\n|upkeep\n|\n|t:|1699966291\n|switch|p1a: Basculegion|Basculegion, M, shiny|100\/100\n|turn|13\n|\n|t:|1699966297\n|move|p2a: Cancer|Air Slash|p1a: Basculegion\n|-damage|p1a: Basculegion|60\/100\n|cant|p1a: Basculegion|flinch\n|\n|upkeep\n|turn|14\n|\n|t:|1699966306\n|move|p2a: Cancer|Air Slash|p1a: Basculegion\n|-damage|p1a: Basculegion|20\/100\n|move|p1a: Basculegion|Last Respects|p2a: Cancer\n|-damage|p2a: Cancer|0 fnt\n|faint|p2a: Cancer\n|\n|upkeep\n|\n|t:|1699966319\n|switch|p2a: Chickenpox|Espathra, M|100\/100\n|turn|15\n|\n|t:|1699966323\n|move|p2a: Chickenpox|Protect|p2a: Chickenpox\n|-singleturn|p2a: Chickenpox|Protect\n|move|p1a: Basculegion|Last Respects|p2a: Chickenpox\n|-activate|p2a: Chickenpox|move: Protect\n|\n|-ability|p2a: Chickenpox|Speed Boost|boost\n|-boost|p2a: Chickenpox|spe|1\n|upkeep\n|turn|16\n|\n|t:|1699966333\n|move|p2a: Chickenpox|Substitute|p2a: Chickenpox\n|-start|p2a: Chickenpox|Substitute\n|-damage|p2a: Chickenpox|76\/100\n|move|p1a: Basculegion|Last Respects|p2a: Chickenpox\n|-supereffective|p2a: Chickenpox\n|-end|p2a: Chickenpox|Substitute\n|\n|-ability|p2a: Chickenpox|Speed Boost|boost\n|-boost|p2a: Chickenpox|spe|1\n|upkeep\n|turn|17\n|\n|t:|1699966343\n|move|p2a: Chickenpox|Protect|p2a: Chickenpox\n|-singleturn|p2a: Chickenpox|Protect\n|move|p1a: Basculegion|Last Respects|p2a: Chickenpox\n|-activate|p2a: Chickenpox|move: Protect\n|\n|-ability|p2a: Chickenpox|Speed Boost|boost\n|-boost|p2a: Chickenpox|spe|1\n|upkeep\n|turn|18\n|\n|t:|1699966352\n|move|p2a: Chickenpox|Substitute|p2a: Chickenpox\n|-start|p2a: Chickenpox|Substitute\n|-damage|p2a: Chickenpox|51\/100\n|move|p1a: Basculegion|Last Respects|p2a: Chickenpox\n|-supereffective|p2a: Chickenpox\n|-end|p2a: Chickenpox|Substitute\n|\n|-ability|p2a: Chickenpox|Speed Boost|boost\n|-boost|p2a: Chickenpox|spe|1\n|upkeep\n|turn|19\n|\n|t:|1699966361\n|move|p2a: Chickenpox|Protect|p2a: Chickenpox\n|-singleturn|p2a: Chickenpox|Protect\n|move|p1a: Basculegion|Last Respects|p2a: Chickenpox\n|-activate|p2a: Chickenpox|move: Protect\n|\n|-ability|p2a: Chickenpox|Speed Boost|boost\n|-boost|p2a: Chickenpox|spe|1\n|upkeep\n|turn|20\n|\n|t:|1699966374\n|move|p2a: Chickenpox|Hypnosis|p1a: Basculegion|[miss]\n|-miss|p2a: Chickenpox|p1a: Basculegion\n|move|p1a: Basculegion|Last Respects|p2a: Chickenpox\n|-supereffective|p2a: Chickenpox\n|-damage|p2a: Chickenpox|0 fnt\n|faint|p2a: Chickenpox\n|\n|upkeep\n|\n|t:|1699966382\n|switch|p2a: Flat out AIDS|Breloom, M|100\/100\n|turn|21\n|c|\u2606RedZerahBr|LOL\n|\n|t:|1699966390\n|move|p1a: Basculegion|Last Respects|p2a: Flat out AIDS\n|-damage|p2a: Flat out AIDS|0 fnt\n|faint|p2a: Flat out AIDS\n|\n|win|RedZerahBr\n|raw|RedZerahBr's rating: 1146 &rarr; <strong>1182<\/strong><br \/>(+36 for winning)\n|raw|Dumbfudge's rating: 1318 &rarr; <strong>1289<\/strong><br \/>(-29 for losing)\n|l|\u2606Dumbfudge\n","uploadtime":1699966406,"views":5,"p1id":"redzerahbr","p2id":"dumbfudge","formatid":"gen9anythinggoes","rating":1182,"private":0,"password":""}