{"id":"gen9anythinggoes-1982898650","p1":"SegoeScript","p2":"Dragonex129","format":"[Gen 9] Anything Goes","log":"|j|\u2606SegoeScript\n|j|\u2606Dragonex129\n|t:|1699056314\n|gametype|singles\n|player|p1|SegoeScript|wallace|\n|player|p2|Dragonex129|acetrainer-gen4|\n|teamsize|p1|6\n|teamsize|p2|6\n|gen|9\n|tier|[Gen 9] Anything Goes\n|rule|HP Percentage Mod: HP is shown in percentages\n|rule|Endless Battle Clause: Forcing endless battles is banned\n|clearpoke\n|poke|p1|Revavroom, F|\n|poke|p1|Roaring Moon|\n|poke|p1|Ceruledge, F|\n|poke|p1|Sandy Shocks|\n|poke|p1|Torkoal, F|\n|poke|p1|Hatterene, F|\n|poke|p2|Morgrem, M|\n|poke|p2|Donphan, M|\n|poke|p2|Meowscarada, F|\n|poke|p2|Scizor, M|\n|poke|p2|Volcarona, F|\n|poke|p2|Walking Wake|\n|teampreview\n|c|\u2606Dragonex129|I want to wait a bit to let ppl get in\n|j| SuperKernel44\n|j| derfle\n|c| SuperKernel44|Wild\n|c|\u2606Dragonex129|Is that it?\n|c|\u2606Dragonex129|Should we just start?\n|c|\u2606SegoeScript|i've pressed a button\n|c| SuperKernel44|People can join late\n|c|\u2606Dragonex129|alright glgl\n|\n|t:|1699056419\n|start\n|switch|p1a: Claw Reacher|Hatterene, F|100\/100\n|switch|p2a: Gremlin|Morgrem, M|100\/100\n|turn|1\n|\n|t:|1699056459\n|move|p2a: Gremlin|Light Screen|p2a: Gremlin\n|-sidestart|p2: Dragonex129|move: Light Screen\n|move|p1a: Claw Reacher|Thunder Wave|p2a: Gremlin\n|-status|p2a: Gremlin|par\n|\n|upkeep\n|turn|2\n|\n|t:|1699056481\n|move|p2a: Gremlin|Reflect|p2a: Gremlin\n|-sidestart|p2: Dragonex129|Reflect\n|move|p1a: Claw Reacher|Baton Pass|p1a: Claw Reacher\n|\n|t:|1699056484\n|switch|p1a: Mechanicalchaser|Revavroom, F|100\/100|[from] Baton Pass\n|-item|p1a: Mechanicalchaser|Air Balloon\n|\n|upkeep\n|turn|3\n|\n|t:|1699056494\n|move|p2a: Gremlin|Taunt|p1a: Mechanicalchaser\n|-start|p1a: Mechanicalchaser|move: Taunt\n|move|p1a: Mechanicalchaser|Iron Head|p2a: Gremlin\n|-supereffective|p2a: Gremlin\n|-damage|p2a: Gremlin|49\/100 par\n|\n|upkeep\n|turn|4\n|\n|t:|1699056517\n|cant|p2a: Gremlin|par\n|move|p1a: Mechanicalchaser|Iron Head|p2a: Gremlin\n|-supereffective|p2a: Gremlin\n|-damage|p2a: Gremlin|2\/100 par\n|\n|upkeep\n|turn|5\n|\n|t:|1699056531\n|move|p2a: Gremlin|Parting Shot|p1a: Mechanicalchaser\n|-unboost|p1a: Mechanicalchaser|atk|1\n|-unboost|p1a: Mechanicalchaser|spa|1\n|l| SuperKernel44\n|\n|t:|1699056576\n|switch|p2a: Crimson|Scizor, M|100\/100|[from] Parting Shot\n|move|p1a: Mechanicalchaser|Iron Head|p2a: Crimson\n|-resisted|p2a: Crimson\n|-damage|p2a: Crimson|93\/100\n|\n|-end|p1a: Mechanicalchaser|move: Taunt\n|upkeep\n|turn|6\n|j| SuperKernel44\n|\n|t:|1699056621\n|switch|p1a: Yamadron|Torkoal, F|100\/100\n|-weather|SunnyDay|[from] ability: Drought|[of] p1a: Yamadron\n|move|p2a: Crimson|Swords Dance|p2a: Crimson\n|-boost|p2a: Crimson|atk|2\n|\n|-weather|SunnyDay|[upkeep]\n|upkeep\n|turn|7\n|\n|t:|1699056641\n|-terastallize|p2a: Crimson|Ground\n|move|p2a: Crimson|Tera Blast|p1a: Yamadron|[anim] Tera Blast Ground\n|-supereffective|p1a: Yamadron\n|-damage|p1a: Yamadron|0 fnt\n|faint|p1a: Yamadron\n|\n|-weather|SunnyDay|[upkeep]\n|upkeep\n|\n|t:|1699056679\n|switch|p1a: Mechanicalchaser|Revavroom, F|100\/100\n|-item|p1a: Mechanicalchaser|Air Balloon\n|turn|8\n|c| SuperKernel44|Crazy how this is a whole ass sun team and it had hippo instead\n|\n|t:|1699056692\n|-terastallize|p1a: Mechanicalchaser|Fire\n|move|p1a: Mechanicalchaser|Tera Blast|p2a: Crimson|[anim] Tera Blast Fire\n|-damage|p2a: Crimson|60\/100\n|move|p2a: Crimson|Close Combat|p1a: Mechanicalchaser\n|-damage|p1a: Mechanicalchaser|0 fnt\n|-unboost|p2a: Crimson|def|1\n|-unboost|p2a: Crimson|spd|1\n|-enditem|p1a: Mechanicalchaser|Air Balloon\n|faint|p1a: Mechanicalchaser\n|\n|-weather|SunnyDay|[upkeep]\n|-sideend|p2: Dragonex129|move: Light Screen\n|upkeep\n|c| SuperKernel44|Uh oh\n|\n|t:|1699056725\n|switch|p1a: Curse of Dragon|Roaring Moon|100\/100\n|-activate|p1a: Curse of Dragon|ability: Protosynthesis\n|-start|p1a: Curse of Dragon|protosynthesisatk\n|turn|9\n|j| Jektrooper\n|\n|t:|1699056753\n|move|p1a: Curse of Dragon|Fire Fang|p2a: Crimson\n|-damage|p2a: Crimson|7\/100\n|move|p2a: Crimson|Swords Dance|p2a: Crimson\n|-boost|p2a: Crimson|atk|2\n|\n|-weather|SunnyDay|[upkeep]\n|-sideend|p2: Dragonex129|Reflect\n|upkeep\n|turn|10\n|\n|t:|1699056762\n|move|p2a: Crimson|Bullet Punch|p1a: Curse of Dragon\n|-damage|p1a: Curse of Dragon|0 fnt\n|faint|p1a: Curse of Dragon\n|-end|p1a: Curse of Dragon|Protosynthesis|[silent]\n|\n|-weather|SunnyDay|[upkeep]\n|upkeep\n|\n|t:|1699056770\n|switch|p1a: Thirteenth Grave|Ceruledge, F|100\/100\n|turn|11\n|c| derfle|This may be over\n|c| SuperKernel44|It looks a lil over\n|\n|t:|1699056816\n|move|p1a: Thirteenth Grave|Shadow Sneak|p2a: Crimson\n|-damage|p2a: Crimson|0 fnt\n|faint|p2a: Crimson\n|\n|-weather|SunnyDay|[upkeep]\n|upkeep\n|c| Jektrooper|It\u2019s probably over but it\u2019s technically winnable depending on sets\n|c| SuperKernel44|Yeah\n|c| Jektrooper|i doubt it but possible\n|\n|t:|1699056839\n|switch|p2a: Donnie|Donphan, M|100\/100\n|turn|12\n|c| SuperKernel44|I mean its not a 6-0\n|\n|t:|1699056857\n|switch|p1a: Claw Reacher|Hatterene, F|100\/100\n|move|p2a: Donnie|Earthquake|p1a: Claw Reacher\n|-crit|p1a: Claw Reacher\n|-damage|p1a: Claw Reacher|30\/100\n|-enditem|p1a: Claw Reacher|Eject Button\n|\n|t:|1699056864\n|switch|p1a: Cyber Soldier|Sandy Shocks|100\/100\n|-activate|p1a: Cyber Soldier|ability: Protosynthesis\n|-start|p1a: Cyber Soldier|protosynthesisspa\n|\n|-weather|SunnyDay|[upkeep]\n|upkeep\n|turn|13\n|c| Jektrooper|Ain\u2019t no way LMAO\n|\n|t:|1699056875\n|move|p1a: Cyber Soldier|Earth Power|p2a: Donnie\n|-damage|p2a: Donnie|19\/100\n|move|p2a: Donnie|Earthquake|p1a: Cyber Soldier\n|-supereffective|p1a: Cyber Soldier\n|-damage|p1a: Cyber Soldier|25\/100\n|\n|-weather|none\n|-end|p1a: Cyber Soldier|Protosynthesis\n|-heal|p1a: Cyber Soldier|31\/100|[from] item: Leftovers\n|upkeep\n|turn|14\n|c|\u2606SegoeScript|worth a shot\n|\n|t:|1699056895\n|switch|p2a: Clover|Meowscarada, F|100\/100\n|move|p1a: Cyber Soldier|Power Gem|p2a: Clover\n|-damage|p2a: Clover|55\/100\n|\n|-heal|p1a: Cyber Soldier|37\/100|[from] item: Leftovers\n|upkeep\n|turn|15\n|\n|t:|1699056932\n|move|p2a: Clover|U-turn|p1a: Cyber Soldier\n|-start|p2a: Clover|typechange|Bug|[from] ability: Protean\n|-damage|p1a: Cyber Soldier|3\/100\n|c| Jektrooper|LMAO\n|\n|t:|1699056951\n|switch|p2a: Gremlin|Morgrem, M|2\/100 par|[from] U-turn\n|move|p1a: Cyber Soldier|Power Gem|p2a: Gremlin\n|-damage|p2a: Gremlin|0 fnt\n|faint|p2a: Gremlin\n|\n|-heal|p1a: Cyber Soldier|9\/100|[from] item: Leftovers\n|upkeep\n|c|\u2606Dragonex129|rip\n|\n|t:|1699056972\n|switch|p2a: Clover|Meowscarada, F|55\/100\n|turn|16\n|c| Jektrooper|Segoe is cutting his point-differential losses (ignore this still could be winnable)\n|\n|t:|1699056989\n|move|p2a: Clover|Knock Off|p1a: Cyber Soldier\n|-start|p2a: Clover|typechange|Dark|[from] ability: Protean\n|-damage|p1a: Cyber Soldier|0 fnt\n|-enditem|p1a: Cyber Soldier|Leftovers|[from] move: Knock Off|[of] p2a: Clover\n|faint|p1a: Cyber Soldier\n|-end|p1a: Cyber Soldier|Protosynthesis|[silent]\n|\n|upkeep\n|\n|t:|1699056997\n|switch|p1a: Claw Reacher|Hatterene, F|30\/100\n|turn|17\n|\n|t:|1699057009\n|move|p2a: Clover|Knock Off|p1a: Claw Reacher\n|-damage|p1a: Claw Reacher|0 fnt\n|faint|p1a: Claw Reacher\n|\n|upkeep\n|\n|t:|1699057013\n|switch|p1a: Thirteenth Grave|Ceruledge, F|100\/100\n|turn|18\n|c| SuperKernel44|Ok now let\u2019s see the sweep\n|c| SuperKernel44|because like what if\n|c| Jektrooper|It\u2019s possible\n|\n|t:|1699057043\n|switch|p2a: Solana|Volcarona, F|100\/100\n|move|p1a: Thirteenth Grave|Close Combat|p2a: Solana\n|-resisted|p2a: Solana\n|-damage|p2a: Solana|75\/100\n|-unboost|p1a: Thirteenth Grave|def|1\n|-unboost|p1a: Thirteenth Grave|spd|1\n|\n|upkeep\n|turn|19\n|c| Jektrooper|We don\u2019t know the set still\n|\n|t:|1699057068\n|move|p2a: Solana|Psychic|p1a: Thirteenth Grave\n|-damage|p1a: Thirteenth Grave|71\/100\n|move|p1a: Thirteenth Grave|Poltergeist|p2a: Solana\n|-activate|p2a: Solana|move: Poltergeist|Heavy-Duty Boots\n|-damage|p2a: Solana|3\/100\n|\n|upkeep\n|turn|20\n|c| SuperKernel44|This is gg\n|\n|t:|1699057082\n|move|p1a: Thirteenth Grave|Shadow Sneak|p2a: Solana\n|-damage|p2a: Solana|0 fnt\n|faint|p2a: Solana\n|\n|upkeep\n|c| Jektrooper|I think it\u2019s ggs\n|c| Jektrooper|yeah\n|\n|t:|1699057085\n|switch|p2a: Sue|Walking Wake|100\/100\n|turn|21\n|\n|t:|1699057088\n|move|p2a: Sue|Hydro Steam|p1a: Thirteenth Grave\n|-supereffective|p1a: Thirteenth Grave\n|-damage|p1a: Thirteenth Grave|0 fnt\n|faint|p1a: Thirteenth Grave\n|\n|win|Dragonex129\n|c|\u2606Dragonex129|gg\n|c| SuperKernel44|Guaranteed win here\n|c|\u2606SegoeScript|ah well gg\n|l| derfle\n|c|\u2606Dragonex129|got a little bit messy there\n|c|\u2606Dragonex129|i probably couldve cleaned better\n|c| SuperKernel44|U played well around weak armor\n|c|\u2606Dragonex129|yeah i figured the only way i lose is weak armor shenanigans\n|c|\u2606Dragonex129|so just play safe\n|c| SuperKernel44|Yeah\n","uploadtime":1699057097,"views":32,"p1id":"segoescript","p2id":"dragonex129","formatid":"gen9anythinggoes","rating":0,"private":0,"password":""}