{"id":"gen9anythinggoes-1983091347","p1":"Xelvaza","p2":"Thracia775","format":"[Gen 9] Anything Goes","log":"|j|\u2606Xelvaza\n|j|\u2606Thracia775\n|t:|1699083929\n|gametype|singles\n|player|p1|Xelvaza|169|\n|player|p2|Thracia775|rosa|\n|teamsize|p1|6\n|teamsize|p2|6\n|gen|9\n|tier|[Gen 9] Anything Goes\n|rule|HP Percentage Mod: HP is shown in percentages\n|rule|Endless Battle Clause: Forcing endless battles is banned\n|clearpoke\n|poke|p1|Qwilfish-Hisui, F|\n|poke|p1|Avalugg-Hisui, M|\n|poke|p1|Hattrem, F|\n|poke|p1|Alomomola, M|\n|poke|p1|Ariados, F|\n|poke|p1|Fezandipiti, M|\n|poke|p2|Grafaiai, F|\n|poke|p2|Rabsca, M|\n|poke|p2|Arboliva, F|\n|poke|p2|Tropius, M|\n|poke|p2|Toxtricity-Low-Key, M|\n|poke|p2|Chimecho, M|\n|teampreview\n|\n|t:|1699083960\n|start\n|switch|p1a: Hattrem|Hattrem, F|100\/100\n|switch|p2a: Arboliva|Arboliva, F|100\/100\n|turn|1\n|\n|t:|1699083989\n|switch|p1a: Alomamother|Alomomola, M|100\/100\n|move|p2a: Arboliva|Fling|p1a: Alomamother\n|-damage|p1a: Alomamother|99\/100\n|-heal|p1a: Alomamother|100\/100|[from] item: Wiki Berry\n|-start|p1a: Alomamother|confusion\n|-enditem|p2a: Arboliva|Wiki Berry|[from] move: Fling\n|\n|upkeep\n|turn|2\n|\n|t:|1699084011\n|-activate|p1a: Alomamother|confusion\n|-damage|p1a: Alomamother|95\/100|[from] confusion\n|move|p2a: Arboliva|Giga Drain|p1a: Alomamother\n|-supereffective|p1a: Alomamother\n|-damage|p1a: Alomamother|39\/100\n|-enditem|p1a: Alomamother|Weakness Policy\n|-boost|p1a: Alomamother|atk|2|[from] item: Weakness Policy\n|-boost|p1a: Alomamother|spa|2|[from] item: Weakness Policy\n|\n|-item|p2a: Arboliva|Wiki Berry|[from] ability: Harvest\n|upkeep\n|turn|3\n|\n|t:|1699084041\n|switch|p1a: Qwilfish|Qwilfish-Hisui, F|100\/100\n|move|p2a: Arboliva|Giga Drain|p1a: Qwilfish\n|-resisted|p1a: Qwilfish\n|-damage|p1a: Qwilfish|84\/100\n|\n|upkeep\n|turn|4\n|\n|t:|1699084051\n|move|p1a: Qwilfish|Barb Barrage|p2a: Arboliva\n|-supereffective|p2a: Arboliva\n|-damage|p2a: Arboliva|62\/100\n|move|p2a: Arboliva|Fling|p1a: Qwilfish\n|-resisted|p1a: Qwilfish\n|-damage|p1a: Qwilfish|83\/100\n|-heal|p1a: Qwilfish|100\/100|[from] item: Wiki Berry\n|-enditem|p2a: Arboliva|Wiki Berry|[from] move: Fling\n|\n|upkeep\n|turn|5\n|\n|t:|1699084134\n|switch|p2a: Grafaiai|Grafaiai, F|100\/100\n|move|p1a: Qwilfish|Barb Barrage|p2a: Grafaiai\n|-resisted|p2a: Grafaiai\n|-damage|p2a: Grafaiai|89\/100\n|\n|upkeep\n|turn|6\n|\n|t:|1699084164\n|switch|p1a: Alomamother|Alomomola, M|72\/100\n|move|p2a: Grafaiai|Encore||[still]\n|-fail|p2a: Grafaiai\n|\n|upkeep\n|turn|7\n|\n|t:|1699084175\n|move|p2a: Grafaiai|Mud-Slap|p1a: Alomamother\n|-damage|p1a: Alomamother|70\/100\n|-unboost|p1a: Alomamother|accuracy|1\n|move|p1a: Alomamother|Calm Mind|p1a: Alomamother\n|-boost|p1a: Alomamother|spa|1\n|-boost|p1a: Alomamother|spd|1\n|\n|upkeep\n|turn|8\n|\n|t:|1699084200\n|switch|p2a: Toxtricity|Toxtricity-Low-Key, M|100\/100\n|move|p1a: Alomamother|Wish|p1a: Alomamother\n|\n|upkeep\n|turn|9\n|\n|t:|1699084224\n|switch|p1a: Hattrem|Hattrem, F|100\/100\n|move|p2a: Toxtricity|Magnetic Flux|p2a: Toxtricity\n|-boost|p2a: Toxtricity|def|1\n|-boost|p2a: Toxtricity|spd|1\n|\n|upkeep\n|turn|10\n|\n|t:|1699084278\n|switch|p2a: Arboliva|Arboliva, F|62\/100\n|move|p1a: Hattrem|Draining Kiss|p2a: Arboliva\n|-damage|p2a: Arboliva|50\/100\n|\n|upkeep\n|turn|11\n|\n|t:|1699084298\n|switch|p1a: Alomamother|Alomomola, M|100\/100\n|move|p2a: Arboliva|Fling||[still]\n|-fail|p2a: Arboliva\n|\n|-item|p2a: Arboliva|Wiki Berry|[from] ability: Harvest\n|upkeep\n|turn|12\n|\n|t:|1699084321\n|switch|p1a: Hattrem|Hattrem, F|100\/100\n|move|p2a: Arboliva|Fling|p1a: Hattrem\n|-supereffective|p1a: Hattrem\n|-damage|p1a: Hattrem|95\/100\n|-heal|p1a: Hattrem|100\/100|[from] item: Wiki Berry\n|-enditem|p2a: Arboliva|Wiki Berry|[from] move: Fling\n|\n|-item|p2a: Arboliva|Wiki Berry|[from] ability: Harvest\n|upkeep\n|turn|13\n|\n|t:|1699084344\n|switch|p1a: Alomamother|Alomomola, M|100\/100\n|move|p2a: Arboliva|Fling|p1a: Alomamother\n|-damage|p1a: Alomamother|99\/100\n|-heal|p1a: Alomamother|100\/100|[from] item: Wiki Berry\n|-start|p1a: Alomamother|confusion\n|-enditem|p2a: Arboliva|Wiki Berry|[from] move: Fling\n|\n|-item|p2a: Arboliva|Wiki Berry|[from] ability: Harvest\n|upkeep\n|turn|14\n|\n|t:|1699084362\n|switch|p1a: Ariados|Ariados, F|100\/100\n|move|p2a: Arboliva|Sunny Day|p2a: Arboliva\n|-weather|SunnyDay\n|\n|-weather|SunnyDay|[upkeep]\n|upkeep\n|turn|15\n|\n|t:|1699084389\n|switch|p2a: Chimecho|Chimecho, M|100\/100\n|-terastallize|p1a: Ariados|Bug\n|move|p1a: Ariados|Fell Stinger|p2a: Chimecho\n|-supereffective|p2a: Chimecho\n|-damage|p2a: Chimecho|41\/100\n|\n|-weather|SunnyDay|[upkeep]\n|upkeep\n|turn|16\n|\n|t:|1699084418\n|switch|p2a: Grafaiai|Grafaiai, F|89\/100\n|move|p1a: Ariados|Fell Stinger|p2a: Grafaiai\n|-resisted|p2a: Grafaiai\n|-damage|p2a: Grafaiai|72\/100\n|\n|-weather|SunnyDay|[upkeep]\n|upkeep\n|turn|17\n|\n|t:|1699084429\n|switch|p1a: Alomamother|Alomomola, M|100\/100\n|move|p2a: Grafaiai|Encore||[still]\n|-fail|p2a: Grafaiai\n|\n|-weather|SunnyDay|[upkeep]\n|upkeep\n|turn|18\n|\n|t:|1699084449\n|switch|p2a: Arboliva|Arboliva, F|50\/100\n|move|p1a: Alomamother|Wish|p1a: Alomamother\n|\n|-weather|none\n|upkeep\n|turn|19\n|\n|t:|1699084460\n|switch|p1a: Hattrem|Hattrem, F|100\/100\n|move|p2a: Arboliva|Sunny Day|p2a: Arboliva\n|-weather|SunnyDay\n|\n|-weather|SunnyDay|[upkeep]\n|upkeep\n|turn|20\n|\n|t:|1699084485\n|switch|p1a: Alomamother|Alomomola, M|100\/100\n|switch|p2a: Tropius|Tropius, M|100\/100\n|\n|-weather|SunnyDay|[upkeep]\n|-damage|p2a: Tropius|88\/100|[from] ability: Solar Power|[of] p2a: Tropius\n|upkeep\n|turn|21\n|\n|t:|1699084500\n|-terastallize|p2a: Tropius|Grass\n|move|p1a: Alomamother|Calm Mind|p1a: Alomamother\n|-boost|p1a: Alomamother|spa|1\n|-boost|p1a: Alomamother|spd|1\n|move|p2a: Tropius|Solar Beam||[still]\n|-prepare|p2a: Tropius|Solar Beam\n|-anim|p2a: Tropius|Solar Beam|p1a: Alomamother\n|-supereffective|p1a: Alomamother\n|-damage|p1a: Alomamother|2\/100\n|\n|-weather|SunnyDay|[upkeep]\n|-damage|p2a: Tropius|76\/100|[from] ability: Solar Power|[of] p2a: Tropius\n|upkeep\n|turn|22\n|\n|t:|1699084553\n|move|p1a: Alomamother|Baton Pass|p1a: Alomamother\n|\n|t:|1699084574\n|switch|p1a: Qwilfish|Qwilfish-Hisui, F|100\/100|[from] Baton Pass\n|move|p2a: Tropius|Solar Beam||[still]\n|-prepare|p2a: Tropius|Solar Beam\n|-anim|p2a: Tropius|Solar Beam|p1a: Qwilfish\n|-resisted|p1a: Qwilfish\n|-damage|p1a: Qwilfish|71\/100\n|\n|-weather|SunnyDay|[upkeep]\n|-damage|p2a: Tropius|63\/100|[from] ability: Solar Power|[of] p2a: Tropius\n|upkeep\n|turn|23\n|\n|t:|1699084587\n|move|p1a: Qwilfish|Barb Barrage|p2a: Tropius\n|-supereffective|p2a: Tropius\n|-damage|p2a: Tropius|31\/100\n|-status|p2a: Tropius|psn\n|move|p2a: Tropius|Solar Beam||[still]\n|-prepare|p2a: Tropius|Solar Beam\n|-anim|p2a: Tropius|Solar Beam|p1a: Qwilfish\n|-resisted|p1a: Qwilfish\n|-damage|p1a: Qwilfish|40\/100\n|\n|-weather|none\n|-damage|p2a: Tropius|18\/100 psn|[from] psn\n|upkeep\n|turn|24\n|\n|t:|1699084611\n|switch|p1a: Alomamother|Alomomola, M|35\/100\n|switch|p2a: Grafaiai|Grafaiai, F|72\/100\n|\n|upkeep\n|turn|25\n|\n|t:|1699084622\n|move|p2a: Grafaiai|Mud-Slap|p1a: Alomamother\n|-damage|p1a: Alomamother|32\/100\n|-unboost|p1a: Alomamother|accuracy|1\n|move|p1a: Alomamother|Wish|p1a: Alomamother\n|\n|upkeep\n|turn|26\n|\n|t:|1699084630\n|move|p1a: Alomamother|Protect|p1a: Alomamother\n|-singleturn|p1a: Alomamother|Protect\n|move|p2a: Grafaiai|Encore|p1a: Alomamother\n|-activate|p1a: Alomamother|move: Protect\n|\n|-heal|p1a: Alomamother|82\/100|[from] move: Wish|[wisher] Alomamother\n|upkeep\n|turn|27\n|\n|t:|1699084641\n|move|p2a: Grafaiai|Encore|p1a: Alomamother\n|-start|p1a: Alomamother|Encore\n|move|p1a: Alomamother|Protect||[still]\n|-fail|p1a: Alomamother\n|\n|upkeep\n|turn|28\n|\n|t:|1699084654\n|switch|p2a: Tropius|Tropius, M, tera:Grass|18\/100 psn\n|switch|p1a: Fezandipiti|Fezandipiti, M|100\/100\n|\n|-damage|p2a: Tropius|6\/100 psn|[from] psn\n|upkeep\n|turn|29\n|\n|t:|1699084686\n|switch|p2a: Rabsca|Rabsca, M|100\/100\n|move|p1a: Fezandipiti|Tailwind|p1a: Fezandipiti\n|-sidestart|p1: Xelvaza|move: Tailwind\n|\n|upkeep\n|turn|30\n|\n|t:|1699084742\n|switch|p1a: Ariados|Ariados, F, tera:Bug|100\/100\n|move|p2a: Rabsca|Psyshock|p1a: Ariados\n|-damage|p1a: Ariados|62\/100\n|\n|upkeep\n|turn|31\n|\n|t:|1699084773\n|move|p1a: Ariados|Leech Life|p2a: Rabsca\n|-supereffective|p2a: Rabsca\n|-damage|p2a: Rabsca|12\/100\n|-heal|p1a: Ariados|100\/100|[from] drain|[of] p2a: Rabsca\n|move|p2a: Rabsca|Psyshock|p1a: Ariados\n|-damage|p1a: Ariados|63\/100\n|\n|upkeep\n|turn|32\n|\n|t:|1699084848\n|switch|p2a: Grafaiai|Grafaiai, F|72\/100\n|move|p1a: Ariados|Leech Life|p2a: Grafaiai\n|-resisted|p2a: Grafaiai\n|-damage|p2a: Grafaiai|48\/100\n|-heal|p1a: Ariados|74\/100|[from] drain|[of] p2a: Grafaiai\n|\n|-sideend|p1: Xelvaza|move: Tailwind\n|upkeep\n|turn|33\n|\n|t:|1699084877\n|move|p2a: Grafaiai|Mud-Slap|p1a: Ariados\n|-resisted|p1a: Ariados\n|-damage|p1a: Ariados|72\/100\n|-unboost|p1a: Ariados|accuracy|1\n|move|p1a: Ariados|Leech Life|p2a: Grafaiai|[miss]\n|-miss|p1a: Ariados|p2a: Grafaiai\n|\n|upkeep\n|turn|34\n|\n|t:|1699084898\n|switch|p1a: Avalugg|Avalugg-Hisui, M|100\/100\n|move|p2a: Grafaiai|Encore||[still]\n|-fail|p2a: Grafaiai\n|\n|upkeep\n|turn|35\n|\n|t:|1699084916\n|move|p2a: Grafaiai|Mud-Slap|p1a: Avalugg\n|-supereffective|p1a: Avalugg\n|-damage|p1a: Avalugg|86\/100\n|-unboost|p1a: Avalugg|accuracy|1\n|move|p1a: Avalugg|Body Press|p2a: Grafaiai\n|-damage|p2a: Grafaiai|0 fnt\n|faint|p2a: Grafaiai\n|\n|-heal|p1a: Avalugg|92\/100|[from] item: Leftovers\n|upkeep\n|\n|t:|1699084963\n|switch|p2a: Arboliva|Arboliva, F|50\/100\n|turn|36\n|\n|t:|1699084995\n|switch|p1a: Alomamother|Alomomola, M|100\/100\n|move|p2a: Arboliva|Giga Drain|p1a: Alomamother\n|-supereffective|p1a: Alomamother\n|-damage|p1a: Alomamother|46\/100\n|-heal|p2a: Arboliva|94\/100|[from] drain|[of] p1a: Alomamother\n|\n|upkeep\n|turn|37\n|\n|t:|1699085043\n|switch|p1a: Fezandipiti|Fezandipiti, M|100\/100\n|move|p2a: Arboliva|Giga Drain|p1a: Fezandipiti\n|-resisted|p1a: Fezandipiti\n|-damage|p1a: Fezandipiti|87\/100\n|-heal|p2a: Arboliva|100\/100|[from] drain|[of] p1a: Fezandipiti\n|\n|-heal|p1a: Fezandipiti|93\/100|[from] item: Leftovers\n|upkeep\n|turn|38\n|\n|t:|1699085089\n|switch|p2a: Toxtricity|Toxtricity-Low-Key, M|100\/100\n|move|p1a: Fezandipiti|Icy Wind|p2a: Toxtricity\n|-damage|p2a: Toxtricity|90\/100\n|-unboost|p2a: Toxtricity|spe|1\n|\n|-heal|p1a: Fezandipiti|99\/100|[from] item: Leftovers\n|upkeep\n|turn|39\n|\n|t:|1699085113\n|move|p1a: Fezandipiti|Icy Wind|p2a: Toxtricity\n|-damage|p2a: Toxtricity|79\/100\n|-unboost|p2a: Toxtricity|spe|1\n|move|p2a: Toxtricity|Magnetic Flux|p2a: Toxtricity\n|-boost|p2a: Toxtricity|def|1\n|-boost|p2a: Toxtricity|spd|1\n|\n|-heal|p1a: Fezandipiti|100\/100|[from] item: Leftovers\n|upkeep\n|turn|40\n|\n|t:|1699085127\n|move|p1a: Fezandipiti|Icy Wind|p2a: Toxtricity\n|-damage|p2a: Toxtricity|71\/100\n|-unboost|p2a: Toxtricity|spe|1\n|move|p2a: Toxtricity|Magnetic Flux|p2a: Toxtricity\n|-boost|p2a: Toxtricity|def|1\n|-boost|p2a: Toxtricity|spd|1\n|\n|upkeep\n|turn|41\n|\n|t:|1699085145\n|switch|p1a: Hattrem|Hattrem, F|100\/100\n|move|p2a: Toxtricity|Magnetic Flux|p2a: Toxtricity\n|-boost|p2a: Toxtricity|def|1\n|-boost|p2a: Toxtricity|spd|1\n|\n|upkeep\n|turn|42\n|\n|t:|1699085196\n|move|p1a: Hattrem|Trick|p2a: Toxtricity\n|-activate|p1a: Hattrem|move: Trick|[of] p2a: Toxtricity\n|-item|p2a: Toxtricity|Choice Scarf|[from] move: Trick\n|-item|p1a: Hattrem|Throat Spray|[from] move: Trick\n|move|p2a: Toxtricity|Stored Power|p1a: Hattrem\n|-resisted|p1a: Hattrem\n|-damage|p1a: Hattrem|77\/100\n|\n|upkeep\n|turn|43\n|\n|t:|1699085229\n|switch|p1a: Alomamother|Alomomola, M|80\/100\n|move|p2a: Toxtricity|Stored Power|p1a: Alomamother\n|-damage|p1a: Alomamother|55\/100\n|\n|upkeep\n|turn|44\n|\n|t:|1699085236\n|move|p1a: Alomamother|Wish|p1a: Alomamother\n|move|p2a: Toxtricity|Stored Power|p1a: Alomamother\n|-damage|p1a: Alomamother|29\/100\n|\n|upkeep\n|turn|45\n|\n|t:|1699085241\n|move|p1a: Alomamother|Protect|p1a: Alomamother\n|-singleturn|p1a: Alomamother|Protect\n|move|p2a: Toxtricity|Stored Power|p1a: Alomamother\n|-activate|p1a: Alomamother|move: Protect\n|\n|-heal|p1a: Alomamother|79\/100|[from] move: Wish|[wisher] Alomamother\n|upkeep\n|turn|46\n|\n|t:|1699085250\n|move|p1a: Alomamother|Wish|p1a: Alomamother\n|move|p2a: Toxtricity|Stored Power|p1a: Alomamother\n|-damage|p1a: Alomamother|54\/100\n|\n|upkeep\n|turn|47\n|\n|t:|1699085262\n|switch|p1a: Qwilfish|Qwilfish-Hisui, F|40\/100\n|switch|p2a: Rabsca|Rabsca, M|12\/100\n|\n|-heal|p1a: Qwilfish|100\/100|[from] move: Wish|[wisher] Alomamother\n|upkeep\n|turn|48\n|\n|t:|1699085282\n|switch|p2a: Toxtricity|Toxtricity-Low-Key, M|71\/100\n|move|p1a: Qwilfish|Fell Stinger|p2a: Toxtricity\n|-resisted|p2a: Toxtricity\n|-damage|p2a: Toxtricity|65\/100\n|\n|upkeep\n|turn|49\n|\n|t:|1699085299\n|move|p2a: Toxtricity|Drain Punch|p1a: Qwilfish\n|-damage|p1a: Qwilfish|88\/100\n|-heal|p2a: Toxtricity|71\/100|[from] drain|[of] p1a: Qwilfish\n|move|p1a: Qwilfish|Stockpile|p1a: Qwilfish\n|-start|p1a: Qwilfish|stockpile1\n|-boost|p1a: Qwilfish|def|1\n|-boost|p1a: Qwilfish|spd|1\n|\n|upkeep\n|turn|50\n|\n|t:|1699085321\n|switch|p2a: Arboliva|Arboliva, F|100\/100\n|move|p1a: Qwilfish|Lash Out|p2a: Arboliva\n|-damage|p2a: Arboliva|75\/100\n|\n|upkeep\n|turn|51\n|\n|t:|1699085330\n|move|p1a: Qwilfish|Barb Barrage|p2a: Arboliva\n|-supereffective|p2a: Arboliva\n|-damage|p2a: Arboliva|33\/100\n|move|p2a: Arboliva|Fling|p1a: Qwilfish\n|-resisted|p1a: Qwilfish\n|-damage|p1a: Qwilfish|87\/100\n|-heal|p1a: Qwilfish|100\/100|[from] item: Wiki Berry\n|-enditem|p2a: Arboliva|Wiki Berry|[from] move: Fling\n|\n|upkeep\n|turn|52\n|\n|t:|1699085405\n|move|p1a: Qwilfish|Barb Barrage|p2a: Arboliva\n|-supereffective|p2a: Arboliva\n|-damage|p2a: Arboliva|0 fnt\n|faint|p2a: Arboliva\n|\n|upkeep\n|\n|t:|1699085443\n|switch|p2a: Rabsca|Rabsca, M|12\/100\n|turn|53\n|\n|t:|1699085450\n|move|p1a: Qwilfish|Fell Stinger|p2a: Rabsca\n|-supereffective|p2a: Rabsca\n|-damage|p2a: Rabsca|0 fnt\n|faint|p2a: Rabsca\n|-boost|p1a: Qwilfish|atk|3\n|\n|upkeep\n|\n|t:|1699085477\n|switch|p2a: Chimecho|Chimecho, M|41\/100\n|turn|54\n|\n|t:|1699085499\n|move|p1a: Qwilfish|Fell Stinger|p2a: Chimecho\n|-supereffective|p2a: Chimecho\n|-damage|p2a: Chimecho|0 fnt\n|faint|p2a: Chimecho\n|-boost|p1a: Qwilfish|atk|3\n|\n|upkeep\n|\n|t:|1699085509\n|switch|p2a: Tropius|Tropius, M, tera:Grass|6\/100 psn\n|turn|55\n|\n|t:|1699085520\n|move|p1a: Qwilfish|Stockpile|p1a: Qwilfish\n|-start|p1a: Qwilfish|stockpile2\n|-boost|p1a: Qwilfish|def|1\n|-boost|p1a: Qwilfish|spd|1\n|move|p2a: Tropius|Solar Beam||[still]\n|-prepare|p2a: Tropius|Solar Beam\n|-enditem|p2a: Tropius|Power Herb\n|-anim|p2a: Tropius|Solar Beam|p1a: Qwilfish\n|-resisted|p1a: Qwilfish\n|-damage|p1a: Qwilfish|87\/100\n|\n|-damage|p2a: Tropius|0 fnt|[from] psn\n|faint|p2a: Tropius\n|upkeep\n|\n|t:|1699085531\n|switch|p2a: Toxtricity|Toxtricity-Low-Key, M|71\/100\n|turn|56\n|\n|t:|1699085537\n|move|p2a: Toxtricity|Drain Punch|p1a: Qwilfish\n|-damage|p1a: Qwilfish|79\/100\n|-heal|p2a: Toxtricity|74\/100|[from] drain|[of] p1a: Qwilfish\n|move|p1a: Qwilfish|Lash Out|p2a: Toxtricity\n|-damage|p2a: Toxtricity|0 fnt\n|faint|p2a: Toxtricity\n|\n|win|Xelvaza\n","uploadtime":1699085556,"views":9,"p1id":"xelvaza","p2id":"thracia775","formatid":"gen9anythinggoes","rating":0,"private":0,"password":""}