{"id":"gen9anythinggoes-1993700527","p1":"Katayaaa","p2":"Dragonbro67","format":"[Gen 9] Anything Goes","log":"|j|\u2606Katayaaa\n|j|\u2606Dragonbro67\n|t:|1700347066\n|gametype|singles\n|player|p1|Katayaaa|101|1110\n|player|p2|Dragonbro67|266|1000\n|teamsize|p1|6\n|teamsize|p2|6\n|gen|9\n|tier|[Gen 9] Anything Goes\n|rated|\n|rule|HP Percentage Mod: HP is shown in percentages\n|rule|Endless Battle Clause: Forcing endless battles is banned\n|clearpoke\n|poke|p1|Gliscor, M|\n|poke|p1|Gyarados, F|\n|poke|p1|Iron Jugulis|\n|poke|p1|Kingambit, M|\n|poke|p1|Braviary-Hisui, M|\n|poke|p1|Hawlucha, F|\n|poke|p2|Wooper-Paldea, L1, F|\n|poke|p2|Lechonk, L1, M|\n|poke|p2|Lechonk, L1, M|\n|poke|p2|Lechonk, L1, M|\n|poke|p2|Lechonk, L1, M|\n|poke|p2|Lechonk, L1, M|\n|teampreview\n|inactive|Battle timer is ON: inactive players will automatically lose when time's up. (requested by Dragonbro67)\n|inactiveoff|Battle timer is now OFF.\n|\n|t:|1700347101\n|start\n|switch|p1a: Hawlucha|Hawlucha, F|100\/100\n|switch|p2a: Wooper|Wooper-Paldea, L1, F, shiny|100\/100\n|turn|1\n|\n|t:|1700347109\n|move|p1a: Hawlucha|Substitute|p1a: Hawlucha\n|-start|p1a: Hawlucha|Substitute\n|-damage|p1a: Hawlucha|76\/100\n|move|p2a: Wooper|Toxic Spikes|p1a: Hawlucha\n|-sidestart|p1: Katayaaa|move: Toxic Spikes\n|\n|upkeep\n|turn|2\n|\n|t:|1700347119\n|move|p1a: Hawlucha|Drain Punch|p2a: Wooper\n|-resisted|p2a: Wooper\n|-enditem|p2a: Wooper|Focus Sash\n|-damage|p2a: Wooper|9\/100\n|-heal|p1a: Hawlucha|78\/100|[from] drain|[of] p2a: Wooper\n|move|p2a: Wooper|Ancient Power|p1a: Hawlucha\n|-activate|p1a: Hawlucha|move: Substitute|[damage]\n|\n|upkeep\n|turn|3\n|\n|t:|1700347129\n|move|p1a: Hawlucha|Drain Punch|p2a: Wooper\n|-resisted|p2a: Wooper\n|-damage|p2a: Wooper|0 fnt\n|-heal|p1a: Hawlucha|78\/100|[from] drain|[of] p2a: Wooper\n|faint|p2a: Wooper\n|\n|upkeep\n|\n|t:|1700347136\n|switch|p2a: Lechonk|Lechonk, L1, M, shiny|100\/100\n|turn|4\n|\n|t:|1700347141\n|switch|p1a: Gliscor|Gliscor, M|100\/100\n|move|p2a: Lechonk|Endeavor|p1a: Gliscor\n|-damage|p1a: Gliscor|4\/100\n|\n|-status|p1a: Gliscor|tox|[from] item: Toxic Orb\n|upkeep\n|turn|5\n|\n|t:|1700347151\n|move|p1a: Gliscor|Protect|p1a: Gliscor\n|-singleturn|p1a: Gliscor|Protect\n|move|p2a: Lechonk|Iron Head|p1a: Gliscor\n|-activate|p1a: Gliscor|move: Protect\n|\n|-heal|p1a: Gliscor|16\/100 tox|[from] ability: Poison Heal\n|upkeep\n|turn|6\n|\n|t:|1700347161\n|move|p1a: Gliscor|Earthquake|p2a: Lechonk\n|-enditem|p2a: Lechonk|Focus Sash\n|-damage|p2a: Lechonk|9\/100\n|move|p2a: Lechonk|Endeavor|p1a: Gliscor\n|-damage|p1a: Gliscor|1\/100 tox\n|\n|-heal|p1a: Gliscor|13\/100 tox|[from] ability: Poison Heal\n|upkeep\n|turn|7\n|\n|t:|1700347170\n|move|p1a: Gliscor|Earthquake|p2a: Lechonk\n|-damage|p2a: Lechonk|0 fnt\n|faint|p2a: Lechonk\n|\n|-heal|p1a: Gliscor|26\/100 tox|[from] ability: Poison Heal\n|upkeep\n|\n|t:|1700347176\n|switch|p2a: Lechonk|Lechonk, L1, M, shiny|100\/100\n|turn|8\n|\n|t:|1700347183\n|move|p1a: Gliscor|Spikes|p2a: Lechonk\n|-sidestart|p2: Dragonbro67|Spikes\n|move|p2a: Lechonk|Endeavor|p1a: Gliscor\n|-damage|p1a: Gliscor|4\/100 tox\n|\n|-heal|p1a: Gliscor|16\/100 tox|[from] ability: Poison Heal\n|upkeep\n|turn|9\n|\n|t:|1700347195\n|move|p1a: Gliscor|Earthquake|p2a: Lechonk\n|-enditem|p2a: Lechonk|Focus Sash\n|-damage|p2a: Lechonk|9\/100\n|move|p2a: Lechonk|Iron Head|p1a: Gliscor\n|-damage|p1a: Gliscor|16\/100 tox\n|\n|-heal|p1a: Gliscor|28\/100 tox|[from] ability: Poison Heal\n|upkeep\n|turn|10\n|-message|Dragonbro67 forfeited.\n|\n|win|Katayaaa\n|raw|Katayaaa's rating: 1110 &rarr; <strong>1127<\/strong><br \/>(+17 for winning)\n|raw|Dragonbro67's rating: 1000 &rarr; <strong>1000<\/strong><br \/>(+0 for losing)\n|l|\u2606Dragonbro67\n","uploadtime":1700347213,"views":14,"p1id":"katayaaa","p2id":"dragonbro67","formatid":"gen9anythinggoes","rating":1000,"private":0,"password":""}