{"id":"gen9anythinggoes-1977964613","p1":"Rjr123","p2":"BananaBusCrew4","format":"[Gen 9] Anything Goes","log":"|j|\u2606Rjr123\n|j|\u2606BananaBusCrew4\n|t:|1698474359\n|gametype|singles\n|player|p1|Rjr123|266|1091\n|player|p2|BananaBusCrew4|265|1049\n|teamsize|p1|6\n|teamsize|p2|6\n|gen|9\n|tier|[Gen 9] Anything Goes\n|rated|\n|rule|HP Percentage Mod: HP is shown in percentages\n|rule|Endless Battle Clause: Forcing endless battles is banned\n|clearpoke\n|poke|p1|Lucario, M|\n|poke|p1|Gyarados, M|\n|poke|p1|Torkoal, M|\n|poke|p1|Ninetales-Alola, M|\n|poke|p1|Weezing-Galar, M|\n|poke|p1|Mew|\n|poke|p2|Decidueye-Hisui, M|\n|poke|p2|Braviary, M|\n|poke|p2|Greninja-*, M|\n|poke|p2|Iron Treads|\n|poke|p2|Klawf, M|\n|poke|p2|Skeledirge, M|\n|teampreview\n|\n|t:|1698474368\n|start\n|switch|p1a: Mew|Mew|100\/100\n|switch|p2a: BasicallyIDoWrk|Greninja, M, shiny|100\/100\n|turn|1\n|\n|t:|1698474387\n|move|p2a: BasicallyIDoWrk|Dark Pulse|p1a: Mew\n|-start|p2a: BasicallyIDoWrk|typechange|Dark|[from] ability: Protean\n|-supereffective|p1a: Mew\n|-damage|p1a: Mew|9\/100\n|cant|p1a: Mew|flinch\n|\n|-heal|p1a: Mew|15\/100|[from] item: Leftovers\n|upkeep\n|turn|2\n|\n|t:|1698474397\n|switch|p1a: Lucario|Lucario, M|100\/100\n|move|p2a: BasicallyIDoWrk|Dark Pulse|p1a: Lucario\n|-resisted|p1a: Lucario\n|-damage|p1a: Lucario|55\/100\n|\n|upkeep\n|turn|3\n|\n|t:|1698474405\n|switch|p2a: SilentDroidd|Skeledirge, M, shiny|100\/100\n|move|p1a: Lucario|Reversal|p2a: SilentDroidd\n|-immune|p2a: SilentDroidd\n|\n|upkeep\n|turn|4\n|\n|t:|1698474447\n|switch|p1a: Torkoal|Torkoal, M|100\/100\n|-weather|SunnyDay|[from] ability: Drought|[of] p1a: Torkoal\n|move|p2a: SilentDroidd|Will-O-Wisp|p1a: Torkoal\n|-immune|p1a: Torkoal\n|\n|-weather|SunnyDay|[upkeep]\n|upkeep\n|turn|5\n|inactive|Battle timer is ON: inactive players will automatically lose when time's up. (requested by BananaBusCrew4)\n|\n|t:|1698474457\n|move|p2a: SilentDroidd|Earth Power|p1a: Torkoal\n|-supereffective|p1a: Torkoal\n|-damage|p1a: Torkoal|62\/100\n|move|p1a: Torkoal|Will-O-Wisp|p2a: SilentDroidd\n|-immune|p2a: SilentDroidd\n|\n|-weather|SunnyDay|[upkeep]\n|-heal|p1a: Torkoal|68\/100|[from] item: Leftovers\n|upkeep\n|turn|6\n|\n|t:|1698474468\n|switch|p1a: Weezing|Weezing-Galar, M|100\/100\n|move|p2a: SilentDroidd|Torch Song|p1a: Weezing\n|-damage|p1a: Weezing|59\/100\n|-boost|p2a: SilentDroidd|spa|1\n|\n|-weather|SunnyDay|[upkeep]\n|-heal|p1a: Weezing|65\/100|[from] item: Black Sludge\n|upkeep\n|turn|7\n|\n|t:|1698474477\n|move|p2a: SilentDroidd|Torch Song|p1a: Weezing\n|-damage|p1a: Weezing|4\/100\n|-boost|p2a: SilentDroidd|spa|1\n|move|p1a: Weezing|Toxic|p2a: SilentDroidd\n|-status|p2a: SilentDroidd|tox\n|\n|-weather|SunnyDay|[upkeep]\n|-heal|p1a: Weezing|10\/100|[from] item: Black Sludge\n|-damage|p2a: SilentDroidd|94\/100 tox|[from] psn\n|upkeep\n|turn|8\n|\n|t:|1698474490\n|switch|p1a: Torkoal|Torkoal, M|68\/100\n|move|p2a: SilentDroidd|Torch Song|p1a: Torkoal\n|-resisted|p1a: Torkoal\n|-damage|p1a: Torkoal|26\/100\n|-boost|p2a: SilentDroidd|spa|1\n|\n|-weather|none\n|-heal|p2a: SilentDroidd|100\/100 tox|[from] item: Leftovers\n|-heal|p1a: Torkoal|32\/100|[from] item: Leftovers\n|-damage|p2a: SilentDroidd|88\/100 tox|[from] psn\n|upkeep\n|turn|9\n|\n|t:|1698474501\n|switch|p1a: Weezing|Weezing-Galar, M|10\/100\n|move|p2a: SilentDroidd|Torch Song|p1a: Weezing\n|-damage|p1a: Weezing|0 fnt\n|-boost|p2a: SilentDroidd|spa|1\n|faint|p1a: Weezing\n|\n|-heal|p2a: SilentDroidd|94\/100 tox|[from] item: Leftovers\n|-damage|p2a: SilentDroidd|76\/100 tox|[from] psn\n|upkeep\n|\n|t:|1698474517\n|switch|p1a: Ninetales|Ninetales-Alola, M|100\/100\n|-weather|Snow|[from] ability: Snow Warning|[of] p1a: Ninetales\n|turn|10\n|\n|t:|1698474523\n|move|p1a: Ninetales|Chilling Water|p2a: SilentDroidd\n|-supereffective|p2a: SilentDroidd\n|-damage|p2a: SilentDroidd|53\/100 tox\n|-unboost|p2a: SilentDroidd|atk|1\n|move|p2a: SilentDroidd|Torch Song|p1a: Ninetales\n|-supereffective|p1a: Ninetales\n|-damage|p1a: Ninetales|0 fnt\n|-boost|p2a: SilentDroidd|spa|1\n|faint|p1a: Ninetales\n|\n|-weather|Snow|[upkeep]\n|-heal|p2a: SilentDroidd|59\/100 tox|[from] item: Leftovers\n|-damage|p2a: SilentDroidd|35\/100 tox|[from] psn\n|upkeep\n|\n|t:|1698474536\n|switch|p1a: Torkoal|Torkoal, M|32\/100\n|-weather|SunnyDay|[from] ability: Drought|[of] p1a: Torkoal\n|turn|11\n|\n|t:|1698474544\n|move|p2a: SilentDroidd|Slack Off|p2a: SilentDroidd\n|-heal|p2a: SilentDroidd|85\/100 tox\n|move|p1a: Torkoal|Rest|p1a: Torkoal\n|-status|p1a: Torkoal|slp|[from] move: Rest\n|-heal|p1a: Torkoal|100\/100 slp|[silent]\n|\n|-weather|SunnyDay|[upkeep]\n|-heal|p2a: SilentDroidd|91\/100 tox|[from] item: Leftovers\n|-damage|p2a: SilentDroidd|61\/100 tox|[from] psn\n|upkeep\n|turn|12\n|\n|t:|1698474554\n|switch|p1a: Gyarados|Gyarados, M|100\/100\n|move|p2a: SilentDroidd|Earth Power|p1a: Gyarados\n|-immune|p1a: Gyarados\n|\n|-weather|SunnyDay|[upkeep]\n|-heal|p2a: SilentDroidd|67\/100 tox|[from] item: Leftovers\n|-damage|p2a: SilentDroidd|31\/100 tox|[from] psn\n|upkeep\n|turn|13\n|\n|t:|1698474564\n|move|p1a: Gyarados|Earthquake|p2a: SilentDroidd\n|-supereffective|p2a: SilentDroidd\n|-damage|p2a: SilentDroidd|0 fnt\n|faint|p2a: SilentDroidd\n|-ability|p1a: Gyarados|Moxie|boost\n|-boost|p1a: Gyarados|atk|1\n|\n|-weather|SunnyDay|[upkeep]\n|upkeep\n|\n|t:|1698474571\n|switch|p2a: Moo Snuckle|Braviary, M, shiny|100\/100\n|turn|14\n|\n|t:|1698474575\n|move|p1a: Gyarados|Thunder Wave|p2a: Moo Snuckle\n|-status|p2a: Moo Snuckle|par\n|move|p2a: Moo Snuckle|Bulk Up|p2a: Moo Snuckle\n|-boost|p2a: Moo Snuckle|atk|1\n|-boost|p2a: Moo Snuckle|def|1\n|\n|-weather|SunnyDay|[upkeep]\n|upkeep\n|turn|15\n|\n|t:|1698474583\n|cant|p2a: Moo Snuckle|par\n|move|p1a: Gyarados|Dragon Tail|p2a: Moo Snuckle\n|-damage|p2a: Moo Snuckle|75\/100 par\n|drag|p2a: Terroriser|Iron Treads|100\/100\n|\n|-weather|none\n|upkeep\n|turn|16\n|\n|t:|1698474593\n|move|p1a: Gyarados|Earthquake|p2a: Terroriser\n|-supereffective|p2a: Terroriser\n|-damage|p2a: Terroriser|25\/100\n|move|p2a: Terroriser|Knock Off|p1a: Gyarados\n|-damage|p1a: Gyarados|68\/100\n|-enditem|p1a: Gyarados|Weakness Policy|[from] move: Knock Off|[of] p2a: Terroriser\n|\n|upkeep\n|turn|17\n|\n|t:|1698474614\n|-end|p2a: Terroriser|Quark Drive|[silent]\n|switch|p2a: Moo Snuckle|Braviary, M, shiny|75\/100 par\n|move|p1a: Gyarados|Waterfall|p2a: Moo Snuckle\n|-damage|p2a: Moo Snuckle|0 fnt\n|faint|p2a: Moo Snuckle\n|-ability|p1a: Gyarados|Moxie|boost\n|-boost|p1a: Gyarados|atk|1\n|\n|upkeep\n|\n|t:|1698474618\n|switch|p2a: BasicallyIDoWrk|Greninja, M, shiny|100\/100\n|turn|18\n|\n|t:|1698474625\n|move|p2a: BasicallyIDoWrk|Grass Knot|p1a: Gyarados\n|-start|p2a: BasicallyIDoWrk|typechange|Grass|[from] ability: Protean\n|-damage|p1a: Gyarados|0 fnt\n|faint|p1a: Gyarados\n|\n|upkeep\n|\n|t:|1698474632\n|switch|p1a: Torkoal|Torkoal, M|100\/100 slp\n|-weather|SunnyDay|[from] ability: Drought|[of] p1a: Torkoal\n|turn|19\n|\n|t:|1698474640\n|switch|p2a: Nogla|Klawf, M|100\/100\n|cant|p1a: Torkoal|slp\n|move|p1a: Torkoal|Sleep Talk|p1a: Torkoal\n|move|p1a: Torkoal|Rest||[from]move: Sleep Talk|[still]\n|-fail|p1a: Torkoal\n|\n|-weather|SunnyDay|[upkeep]\n|upkeep\n|turn|20\n|\n|t:|1698474649\n|switch|p1a: Mew|Mew|15\/100\n|move|p2a: Nogla|Swords Dance|p2a: Nogla\n|-boost|p2a: Nogla|atk|2\n|\n|-weather|SunnyDay|[upkeep]\n|-heal|p1a: Mew|22\/100|[from] item: Leftovers\n|upkeep\n|turn|21\n|\n|t:|1698474656\n|move|p2a: Nogla|Stone Edge|p1a: Mew|[miss]\n|-miss|p2a: Nogla|p1a: Mew\n|move|p1a: Mew|Agility|p1a: Mew\n|-boost|p1a: Mew|spe|2\n|\n|-weather|SunnyDay|[upkeep]\n|-heal|p1a: Mew|28\/100|[from] item: Leftovers\n|upkeep\n|turn|22\n|\n|t:|1698474666\n|move|p1a: Mew|Baton Pass|p1a: Mew\n|\n|t:|1698474668\n|switch|p1a: Lucario|Lucario, M|55\/100|[from] Baton Pass\n|move|p2a: Nogla|Stone Edge|p1a: Lucario\n|-resisted|p1a: Lucario\n|-damage|p1a: Lucario|21\/100\n|\n|-weather|SunnyDay|[upkeep]\n|upkeep\n|turn|23\n|\n|t:|1698474676\n|move|p1a: Lucario|Ice Punch|p2a: Nogla\n|-damage|p2a: Nogla|76\/100\n|move|p2a: Nogla|Brick Break|p1a: Lucario\n|-supereffective|p1a: Lucario\n|-damage|p1a: Lucario|0 fnt\n|faint|p1a: Lucario\n|\n|-weather|none\n|upkeep\n|\n|t:|1698474684\n|switch|p1a: Torkoal|Torkoal, M|100\/100 slp\n|-weather|SunnyDay|[from] ability: Drought|[of] p1a: Torkoal\n|turn|24\n|\n|t:|1698474689\n|move|p2a: Nogla|Stone Edge|p1a: Torkoal\n|-supereffective|p1a: Torkoal\n|-damage|p1a: Torkoal|0 fnt\n|faint|p1a: Torkoal\n|\n|-weather|SunnyDay|[upkeep]\n|upkeep\n|-message|Rjr123 forfeited.\n|\n|win|BananaBusCrew4\n|raw|Rjr123's rating: 1091 &rarr; <strong>1065<\/strong><br \/>(-26 for losing)\n|raw|BananaBusCrew4's rating: 1049 &rarr; <strong>1086<\/strong><br \/>(+37 for winning)\n|l|\u2606Rjr123\n","uploadtime":1698474697,"views":8,"p1id":"rjr123","p2id":"bananabuscrew4","formatid":"gen9anythinggoes","rating":1065,"private":0,"password":""}