{"id":"gen9anythinggoes-1983415812","p1":"dkohli","p2":"Klitschkuh","format":"[Gen 9] Anything Goes","log":"|j|\u2606dkohli\n|j|\u2606Klitschkuh\n|t:|1699127777\n|gametype|singles\n|player|p1|dkohli|170|\n|player|p2|Klitschkuh|265|\n|teamsize|p1|6\n|teamsize|p2|6\n|gen|9\n|tier|[Gen 9] Anything Goes\n|rule|HP Percentage Mod: HP is shown in percentages\n|rule|Endless Battle Clause: Forcing endless battles is banned\n|clearpoke\n|poke|p1|Moltres|\n|poke|p1|Umbreon, F|\n|poke|p1|Iron Valiant|\n|poke|p1|Electrode-Hisui|\n|poke|p1|Iron Treads|\n|poke|p1|Dragapult, F|\n|poke|p2|Kleavor, M|\n|poke|p2|Iron Bundle|\n|poke|p2|Jirachi|\n|poke|p2|Arboliva, F|\n|poke|p2|Conkeldurr, F|\n|poke|p2|Weezing-Galar, F|\n|teampreview\n|c|\u2606dkohli|HF =)\n|c|\u2606Klitschkuh|Auf nen guten\n|\n|t:|1699127879\n|start\n|switch|p1a: Iron Treads|Iron Treads|100\/100\n|switch|p2a: Jirachi|Conkeldurr, F|100\/100\n|turn|1\n|\n|t:|1699127897\n|-end|p1a: Iron Treads|Quark Drive|[silent]\n|switch|p1a: Moltres|Moltres|100\/100\n|move|p2a: Jirachi|Knock Off|p1a: Moltres\n|-damage|p1a: Moltres|75\/100\n|-enditem|p1a: Moltres|Heavy-Duty Boots|[from] move: Knock Off|[of] p2a: Jirachi\n|\n|-status|p2a: Jirachi|brn|[from] item: Flame Orb\n|upkeep\n|turn|2\n|\n|t:|1699127953\n|switch|p2a: Kleavor|Iron Bundle|100\/100\n|move|p1a: Moltres|Hurricane|p2a: Kleavor\n|-damage|p2a: Kleavor|10\/100\n|\n|upkeep\n|turn|3\n|\n|t:|1699127962\n|switch|p1a: Umbreon|Umbreon, F|100\/100\n|move|p2a: Kleavor|Hydro Pump|p1a: Umbreon\n|-damage|p1a: Umbreon|56\/100\n|\n|-heal|p1a: Umbreon|62\/100|[from] item: Leftovers\n|upkeep\n|turn|4\n|\n|t:|1699127980\n|-end|p2a: Kleavor|Quark Drive|[silent]\n|switch|p2a: Arboliva|Weezing-Galar, F|100\/100\n|move|p1a: Umbreon|Baton Pass|p1a: Umbreon\n|\n|t:|1699128005\n|switch|p1a: Iron Treads|Iron Treads|100\/100|[from] Baton Pass\n|\n|upkeep\n|turn|5\n|\n|t:|1699128022\n|move|p1a: Iron Treads|Iron Head|p2a: Arboliva\n|-supereffective|p2a: Arboliva\n|-damage|p2a: Arboliva|41\/100\n|-damage|p1a: Iron Treads|84\/100|[from] item: Rocky Helmet|[of] p2a: Arboliva\n|move|p2a: Arboliva|Will-O-Wisp|p1a: Iron Treads\n|-status|p1a: Iron Treads|brn\n|\n|-damage|p1a: Iron Treads|78\/100 brn|[from] brn\n|upkeep\n|turn|6\n|\n|t:|1699128036\n|move|p1a: Iron Treads|Iron Head|p2a: Arboliva\n|-supereffective|p2a: Arboliva\n|-damage|p2a: Arboliva|12\/100\n|-damage|p1a: Iron Treads|61\/100 brn|[from] item: Rocky Helmet|[of] p2a: Arboliva\n|move|p2a: Arboliva|Pain Split|p1a: Iron Treads\n|-sethp|p1a: Iron Treads|35\/100 brn|[from] move: Pain Split|[silent]\n|-sethp|p2a: Arboliva|41\/100|[from] move: Pain Split\n|\n|-damage|p1a: Iron Treads|29\/100 brn|[from] brn\n|upkeep\n|turn|7\n|\n|t:|1699128076\n|-end|p1a: Iron Treads|Quark Drive|[silent]\n|switch|p1a: Moltres|Moltres|75\/100\n|move|p2a: Arboliva|Clear Smog|p1a: Moltres\n|-damage|p1a: Moltres|58\/100\n|-clearboost|p1a: Moltres\n|\n|upkeep\n|turn|8\n|j| kai2805\n|\n|t:|1699128097\n|switch|p2a: Weezing|Jirachi|100\/100\n|move|p1a: Moltres|Hurricane|p2a: Weezing\n|-resisted|p2a: Weezing\n|-damage|p2a: Weezing|88\/100\n|-start|p2a: Weezing|confusion\n|\n|-heal|p2a: Weezing|94\/100|[from] item: Leftovers\n|upkeep\n|turn|9\n|\n|t:|1699128111\n|switch|p1a: Umbreon|Umbreon, F|62\/100\n|-activate|p2a: Weezing|confusion\n|-damage|p2a: Weezing|86\/100|[from] confusion\n|\n|-heal|p2a: Weezing|92\/100|[from] item: Leftovers\n|-heal|p1a: Umbreon|68\/100|[from] item: Leftovers\n|upkeep\n|turn|10\n|\n|t:|1699128128\n|-activate|p2a: Weezing|confusion\n|move|p2a: Weezing|Wish|p2a: Weezing\n|move|p1a: Umbreon|Baton Pass|p1a: Umbreon\n|\n|t:|1699128131\n|switch|p1a: Dragapult|Dragapult, F|100\/100|[from] Baton Pass\n|\n|-heal|p2a: Weezing|99\/100|[from] item: Leftovers\n|upkeep\n|turn|11\n|\n|t:|1699128139\n|move|p1a: Dragapult|U-turn|p2a: Weezing\n|-damage|p2a: Weezing|85\/100\n|j| Horuskoria\n|\n|t:|1699128145\n|switch|p1a: Umbreon|Umbreon, F|68\/100|[from] U-turn\n|-activate|p2a: Weezing|confusion\n|move|p2a: Weezing|U-turn|p1a: Umbreon\n|-supereffective|p1a: Umbreon\n|-damage|p1a: Umbreon|43\/100\n|\n|t:|1699128165\n|switch|p2a: Kleavor|Iron Bundle|10\/100|[from] U-turn\n|\n|-heal|p2a: Kleavor|90\/100|[from] move: Wish|[wisher] Weezing\n|-heal|p1a: Umbreon|49\/100|[from] item: Leftovers\n|upkeep\n|turn|12\n|\n|t:|1699128190\n|move|p2a: Kleavor|Flip Turn|p1a: Umbreon\n|-damage|p1a: Umbreon|38\/100\n|\n|t:|1699128200\n|-end|p2a: Kleavor|Quark Drive|[silent]\n|switch|p2a: Weezing|Jirachi|85\/100|[from] Flip Turn\n|move|p1a: Umbreon|Wish|p1a: Umbreon\n|\n|-heal|p2a: Weezing|91\/100|[from] item: Leftovers\n|-heal|p1a: Umbreon|44\/100|[from] item: Leftovers\n|upkeep\n|turn|13\n|\n|t:|1699128217\n|move|p2a: Weezing|Wish|p2a: Weezing\n|move|p1a: Umbreon|Foul Play|p2a: Weezing\n|-supereffective|p2a: Weezing\n|-damage|p2a: Weezing|33\/100\n|\n|-heal|p1a: Umbreon|94\/100|[from] move: Wish|[wisher] Umbreon\n|-heal|p2a: Weezing|39\/100|[from] item: Leftovers\n|-heal|p1a: Umbreon|99\/100|[from] item: Leftovers\n|upkeep\n|turn|14\n|\n|t:|1699128235\n|move|p2a: Weezing|U-turn|p1a: Umbreon\n|-supereffective|p1a: Umbreon\n|-damage|p1a: Umbreon|72\/100\n|\n|t:|1699128238\n|switch|p2a: Arboliva|Weezing-Galar, F|41\/100|[from] U-turn\n|move|p1a: Umbreon|Baton Pass|p1a: Umbreon\n|\n|t:|1699128286\n|switch|p1a: Dragapult|Dragapult, F|100\/100|[from] Baton Pass\n|\n|-heal|p2a: Arboliva|100\/100|[from] move: Wish|[wisher] Weezing\n|upkeep\n|turn|15\n|\n|t:|1699128364\n|switch|p1a: Iron Treads|Iron Treads|29\/100 brn\n|move|p2a: Arboliva|Will-O-Wisp|p1a: Iron Treads\n|-fail|p1a: Iron Treads|brn\n|\n|-damage|p1a: Iron Treads|23\/100 brn|[from] brn\n|upkeep\n|turn|16\n|\n|t:|1699128391\n|-end|p1a: Iron Treads|Quark Drive|[silent]\n|switch|p1a: Moltres|Moltres|58\/100\n|switch|p2a: Donphan|Arboliva, F|100\/100\n|\n|upkeep\n|turn|17\n|\n|t:|1699128412\n|switch|p1a: Electrode|Electrode-Hisui|100\/100\n|-terastallize|p2a: Donphan|Normal\n|move|p2a: Donphan|Hyper Voice|p1a: Electrode\n|-immune|p1a: Electrode|[from] ability: Soundproof\n|\n|upkeep\n|turn|18\n|\n|t:|1699128438\n|switch|p2a: Weezing|Jirachi|39\/100\n|move|p1a: Electrode|Substitute|p1a: Electrode\n|-start|p1a: Electrode|Substitute\n|-damage|p1a: Electrode|76\/100\n|\n|-heal|p2a: Weezing|45\/100|[from] item: Leftovers\n|upkeep\n|turn|19\n|\n|t:|1699128463\n|move|p1a: Electrode|Leech Seed|p2a: Weezing\n|-start|p2a: Weezing|move: Leech Seed\n|move|p2a: Weezing|U-turn|p1a: Electrode\n|-supereffective|p1a: Electrode\n|-end|p1a: Electrode|Substitute\n|\n|t:|1699128471\n|switch|p2a: Thundurus|Kleavor, M|100\/100|[from] U-turn\n|\n|upkeep\n|turn|20\n|\n|t:|1699128554\n|switch|p1a: Moltres|Moltres|58\/100\n|move|p2a: Thundurus|X-Scissor|p1a: Moltres\n|-resisted|p1a: Moltres\n|-damage|p1a: Moltres|47\/100\n|\n|upkeep\n|turn|21\n|\n|t:|1699128599\n|switch|p2a: Donphan|Arboliva, F, tera:Normal|100\/100\n|-terastallize|p1a: Moltres|Ground\n|move|p1a: Moltres|Roost|p1a: Moltres\n|-heal|p1a: Moltres|97\/100\n|\n|upkeep\n|turn|22\n|\n|t:|1699128636\n|move|p1a: Moltres|U-turn|p2a: Donphan\n|-damage|p2a: Donphan|85\/100\n|\n|t:|1699128639\n|switch|p1a: Electrode|Electrode-Hisui|76\/100|[from] U-turn\n|move|p2a: Donphan|Leech Seed|p1a: Electrode\n|-immune|p1a: Electrode\n|\n|upkeep\n|turn|23\n|\n|t:|1699128652\n|switch|p2a: Weezing|Jirachi|45\/100\n|move|p1a: Electrode|Leech Seed|p2a: Weezing\n|-start|p2a: Weezing|move: Leech Seed\n|\n|-heal|p2a: Weezing|51\/100|[from] item: Leftovers\n|-damage|p2a: Weezing|39\/100|[from] Leech Seed|[of] p1a: Electrode\n|-heal|p1a: Electrode|100\/100|[silent]\n|upkeep\n|turn|24\n|\n|t:|1699128663\n|switch|p1a: Moltres|Moltres, tera:Ground|97\/100\n|move|p2a: Weezing|U-turn|p1a: Moltres\n|-damage|p1a: Moltres|86\/100\n|\n|t:|1699128680\n|switch|p2a: Kleavor|Iron Bundle|90\/100|[from] U-turn\n|\n|upkeep\n|turn|25\n|\n|t:|1699128692\n|switch|p1a: Umbreon|Umbreon, F|72\/100\n|move|p2a: Kleavor|Freeze-Dry|p1a: Umbreon\n|-damage|p1a: Umbreon|43\/100\n|\n|-heal|p1a: Umbreon|49\/100|[from] item: Leftovers\n|upkeep\n|turn|26\n|\n|t:|1699128710\n|move|p2a: Kleavor|Freeze-Dry|p1a: Umbreon\n|-damage|p1a: Umbreon|22\/100\n|move|p1a: Umbreon|Baton Pass|p1a: Umbreon\n|j| EnOfFla\n|\n|t:|1699128872\n|switch|p1a: Iron Valiant|Iron Valiant|100\/100|[from] Baton Pass\n|\n|upkeep\n|turn|27\n|\n|t:|1699128886\n|-end|p2a: Kleavor|Quark Drive|[silent]\n|switch|p2a: Weezing|Jirachi|39\/100\n|move|p1a: Iron Valiant|Vacuum Wave|p2a: Weezing\n|-damage|p2a: Weezing|23\/100\n|-damage|p1a: Iron Valiant|90\/100|[from] item: Life Orb\n|\n|-heal|p2a: Weezing|29\/100|[from] item: Leftovers\n|upkeep\n|turn|28\n|\n|t:|1699128945\n|move|p1a: Iron Valiant|Aura Sphere|p2a: Weezing\n|-damage|p2a: Weezing|0 fnt\n|faint|p2a: Weezing\n|-damage|p1a: Iron Valiant|80\/100|[from] item: Life Orb\n|\n|upkeep\n|\n|t:|1699128990\n|switch|p2a: Kleavor|Iron Bundle|90\/100\n|turn|29\n|\n|t:|1699128994\n|move|p1a: Iron Valiant|Vacuum Wave|p2a: Kleavor\n|-supereffective|p2a: Kleavor\n|-damage|p2a: Kleavor|0 fnt\n|faint|p2a: Kleavor\n|-end|p2a: Kleavor|Quark Drive|[silent]\n|-damage|p1a: Iron Valiant|70\/100|[from] item: Life Orb\n|\n|upkeep\n|\n|t:|1699129002\n|switch|p2a: Thundurus|Kleavor, M|100\/100\n|turn|30\n|\n|t:|1699129027\n|-end|p1a: Iron Valiant|Quark Drive|[silent]\n|switch|p1a: Moltres|Moltres, tera:Ground|86\/100\n|move|p2a: Thundurus|Stone Axe|p1a: Moltres\n|-resisted|p1a: Moltres\n|-damage|p1a: Moltres|69\/100\n|-sidestart|p1: dkohli|move: Stealth Rock\n|\n|upkeep\n|turn|31\n|j| Dave1200\n|\n|t:|1699129113\n|switch|p2a: Donphan|Arboliva, F, tera:Normal|85\/100\n|move|p1a: Moltres|Hurricane|p2a: Donphan|[miss]\n|-miss|p1a: Moltres|p2a: Donphan\n|\n|upkeep\n|turn|32\n|\n|t:|1699129122\n|switch|p1a: Electrode|Electrode-Hisui|100\/100\n|-damage|p1a: Electrode|88\/100|[from] Stealth Rock\n|switch|p2a: Thundurus|Kleavor, M|100\/100\n|\n|upkeep\n|turn|33\n|\n|t:|1699129134\n|switch|p1a: Moltres|Moltres, tera:Ground|69\/100\n|-damage|p1a: Moltres|63\/100|[from] Stealth Rock\n|move|p2a: Thundurus|X-Scissor|p1a: Moltres\n|-damage|p1a: Moltres|20\/100\n|\n|upkeep\n|turn|34\n|\n|t:|1699129146\n|move|p2a: Thundurus|X-Scissor|p1a: Moltres\n|-damage|p1a: Moltres|0 fnt\n|faint|p1a: Moltres\n|\n|upkeep\n|\n|t:|1699129177\n|switch|p1a: Iron Treads|Iron Treads|23\/100 brn\n|-damage|p1a: Iron Treads|20\/100 brn|[from] Stealth Rock\n|turn|35\n|\n|t:|1699129185\n|switch|p2a: Arboliva|Weezing-Galar, F|100\/100\n|move|p1a: Iron Treads|Iron Head|p2a: Arboliva\n|-supereffective|p2a: Arboliva\n|-damage|p2a: Arboliva|73\/100\n|-damage|p1a: Iron Treads|3\/100 brn|[from] item: Rocky Helmet|[of] p2a: Arboliva\n|\n|-damage|p1a: Iron Treads|0 fnt|[from] brn\n|faint|p1a: Iron Treads\n|-end|p1a: Iron Treads|Quark Drive|[silent]\n|upkeep\n|\n|t:|1699129195\n|switch|p1a: Electrode|Electrode-Hisui|88\/100\n|-damage|p1a: Electrode|76\/100|[from] Stealth Rock\n|turn|36\n|\n|t:|1699129203\n|move|p1a: Electrode|Substitute|p1a: Electrode\n|-start|p1a: Electrode|Substitute\n|-damage|p1a: Electrode|51\/100\n|move|p2a: Arboliva|Clear Smog|p1a: Electrode\n|-supereffective|p1a: Electrode\n|-end|p1a: Electrode|Substitute\n|\n|upkeep\n|turn|37\n|\n|t:|1699129216\n|move|p1a: Electrode|Leech Seed|p2a: Arboliva\n|-start|p2a: Arboliva|move: Leech Seed\n|move|p2a: Arboliva|Clear Smog|p1a: Electrode\n|-supereffective|p1a: Electrode\n|-damage|p1a: Electrode|0 fnt\n|-clearboost|p1a: Electrode\n|faint|p1a: Electrode\n|\n|upkeep\n|\n|t:|1699129297\n|switch|p1a: Iron Valiant|Iron Valiant|70\/100\n|-damage|p1a: Iron Valiant|64\/100|[from] Stealth Rock\n|turn|38\n|\n|t:|1699129310\n|move|p1a: Iron Valiant|Psychic|p2a: Arboliva\n|-supereffective|p2a: Arboliva\n|-damage|p2a: Arboliva|0 fnt\n|faint|p2a: Arboliva\n|-damage|p1a: Iron Valiant|54\/100|[from] item: Life Orb\n|\n|upkeep\n|\n|t:|1699129327\n|switch|p2a: Thundurus|Kleavor, M|100\/100\n|turn|39\n|\n|t:|1699129336\n|-end|p1a: Iron Valiant|Quark Drive|[silent]\n|switch|p1a: Umbreon|Umbreon, F|22\/100\n|-damage|p1a: Umbreon|10\/100|[from] Stealth Rock\n|move|p2a: Thundurus|U-turn|p1a: Umbreon\n|-supereffective|p1a: Umbreon\n|-damage|p1a: Umbreon|0 fnt\n|faint|p1a: Umbreon\n|\n|t:|1699129345\n|switch|p2a: Donphan|Arboliva, F, tera:Normal|85\/100|[from] U-turn\n|\n|upkeep\n|\n|t:|1699129356\n|switch|p1a: Iron Valiant|Iron Valiant|54\/100\n|-damage|p1a: Iron Valiant|48\/100|[from] Stealth Rock\n|turn|40\n|\n|t:|1699129371\n|move|p1a: Iron Valiant|Aura Sphere|p2a: Donphan\n|-supereffective|p2a: Donphan\n|-damage|p2a: Donphan|16\/100\n|-enditem|p2a: Donphan|Sitrus Berry|[eat]\n|-heal|p2a: Donphan|41\/100|[from] item: Sitrus Berry\n|-damage|p1a: Iron Valiant|38\/100|[from] item: Life Orb\n|move|p2a: Donphan|Strength Sap|p1a: Iron Valiant\n|-unboost|p1a: Iron Valiant|atk|1\n|-heal|p2a: Donphan|100\/100\n|\n|upkeep\n|turn|41\n|\n|t:|1699129389\n|move|p1a: Iron Valiant|Aura Sphere|p2a: Donphan\n|-supereffective|p2a: Donphan\n|-damage|p2a: Donphan|22\/100\n|-damage|p1a: Iron Valiant|28\/100|[from] item: Life Orb\n|move|p2a: Donphan|Leech Seed|p1a: Iron Valiant\n|-start|p1a: Iron Valiant|move: Leech Seed\n|\n|-damage|p1a: Iron Valiant|16\/100|[from] Leech Seed|[of] p2a: Donphan\n|-heal|p2a: Donphan|32\/100|[silent]\n|-item|p2a: Donphan|Sitrus Berry|[from] ability: Harvest\n|upkeep\n|-enditem|p2a: Donphan|Sitrus Berry|[eat]\n|-heal|p2a: Donphan|57\/100|[from] item: Sitrus Berry\n|turn|42\n|\n|t:|1699129408\n|switch|p2a: Jirachi|Conkeldurr, F|100\/100 brn\n|move|p1a: Iron Valiant|Aura Sphere|p2a: Jirachi\n|-crit|p2a: Jirachi\n|-damage|p2a: Jirachi|0 fnt\n|faint|p2a: Jirachi\n|-damage|p1a: Iron Valiant|6\/100|[from] item: Life Orb\n|\n|upkeep\n|\n|t:|1699129419\n|switch|p2a: Thundurus|Kleavor, M|100\/100\n|turn|43\n|\n|t:|1699129434\n|move|p1a: Iron Valiant|Vacuum Wave|p2a: Thundurus\n|-damage|p2a: Thundurus|51\/100\n|-damage|p1a: Iron Valiant|0 fnt|[from] item: Life Orb\n|faint|p1a: Iron Valiant\n|-end|p1a: Iron Valiant|Quark Drive|[silent]\n|move|p2a: Thundurus|Night Slash|p1: Iron Valiant|[notarget]\n|-fail|p2a: Thundurus\n|\n|upkeep\n|\n|t:|1699129447\n|switch|p1a: Dragapult|Dragapult, F|100\/100\n|-damage|p1a: Dragapult|88\/100|[from] Stealth Rock\n|turn|44\n|c|\u2606dkohli|gg\n|\n|t:|1699129457\n|move|p2a: Thundurus|Night Slash|p1a: Dragapult\n|-supereffective|p1a: Dragapult\n|-damage|p1a: Dragapult|0 fnt\n|faint|p1a: Dragapult\n|\n|win|Klitschkuh\n|l|\u2606Klitschkuh\n|l| Dave1200\n|l| EnOfFla\n|j|\u2606Klitschkuh\n|player|p2|Klitschkuh|265\n","uploadtime":1699129507,"views":29,"p1id":"dkohli","p2id":"klitschkuh","formatid":"gen9anythinggoes","rating":0,"private":0,"password":""}