{"id":"gen9anythinggoes-1998541849","p1":"lifeeorb","p2":"hoenn militian","format":"[Gen 9] Anything Goes","log":"|j|\u2606lifeeorb\n|j|\u2606hoenn militian\n|t:|1700954193\n|gametype|singles\n|player|p1|lifeeorb|ghetsis|1675\n|player|p2|hoenn militian|265|1759\n|teamsize|p1|6\n|teamsize|p2|6\n|gen|9\n|tier|[Gen 9] Anything Goes\n|rated|\n|rule|HP Percentage Mod: HP is shown in percentages\n|rule|Endless Battle Clause: Forcing endless battles is banned\n|clearpoke\n|poke|p1|Calyrex-Shadow|\n|poke|p1|Zacian-*|\n|poke|p1|Skeledirge, F|\n|poke|p1|Miraidon|\n|poke|p1|Flutter Mane|\n|poke|p1|Glimmora, M|\n|poke|p2|Miraidon|\n|poke|p2|Grimmsnarl, M|\n|poke|p2|Skeledirge, M|\n|poke|p2|Moltres|\n|poke|p2|Blissey, F|\n|poke|p2|Calyrex-Ice|\n|teampreview\n|inactive|Battle timer is ON: inactive players will automatically lose when time's up. (requested by lifeeorb)\n|\n|t:|1700954206\n|start\n|switch|p1a: Zacian|Zacian-Crowned|100\/100\n|switch|p2a: Miraidon|Miraidon|100\/100\n|-ability|p1a: Zacian|Intrepid Sword|boost\n|-boost|p1a: Zacian|atk|1\n|-fieldstart|move: Electric Terrain|[from] ability: Hadron Engine|[of] p2a: Miraidon\n|turn|1\n|\n|t:|1700954213\n|move|p2a: Miraidon|Protect|p2a: Miraidon\n|-singleturn|p2a: Miraidon|Protect\n|move|p1a: Zacian|Play Rough|p2a: Miraidon\n|-activate|p2a: Miraidon|move: Protect\n|\n|upkeep\n|turn|2\n|\n|t:|1700954220\n|switch|p2a: Skeledirge|Skeledirge, M|100\/100\n|move|p1a: Zacian|Play Rough|p2a: Skeledirge|[miss]\n|-miss|p1a: Zacian|p2a: Skeledirge\n|\n|upkeep\n|turn|3\n|\n|t:|1700954227\n|switch|p1a: Glimmora|Glimmora, M|100\/100\n|move|p2a: Skeledirge|Will-O-Wisp|p1a: Glimmora|[miss]\n|-miss|p2a: Skeledirge|p1a: Glimmora\n|\n|upkeep\n|turn|4\n|\n|t:|1700954236\n|switch|p2a: Blissey|Blissey, F|100\/100\n|move|p1a: Glimmora|Stealth Rock|p2a: Blissey\n|-sidestart|p2: hoenn militian|move: Stealth Rock\n|\n|upkeep\n|turn|5\n|\n|t:|1700954242\n|move|p1a: Glimmora|Toxic|p2a: Blissey\n|-status|p2a: Blissey|tox\n|move|p2a: Blissey|Seismic Toss|p1a: Glimmora\n|-damage|p1a: Glimmora|68\/100\n|-activate|p1a: Glimmora|ability: Toxic Debris\n|-sidestart|p2: hoenn militian|move: Toxic Spikes\n|\n|-damage|p2a: Blissey|94\/100 tox|[from] psn\n|-fieldend|move: Electric Terrain\n|upkeep\n|turn|6\n|\n|t:|1700954251\n|switch|p1a: Zacian|Zacian-Crowned|100\/100\n|-curestatus|p2a: Blissey|tox|[from] ability: Natural Cure\n|switch|p2a: Miraidon|Miraidon|100\/100\n|-fieldstart|move: Electric Terrain|[from] ability: Hadron Engine|[of] p2a: Miraidon\n|\n|upkeep\n|turn|7\n|\n|t:|1700954260\n|switch|p2a: Skeledirge|Skeledirge, M|100\/100\n|move|p1a: Zacian|Play Rough|p2a: Skeledirge\n|-resisted|p2a: Skeledirge\n|-damage|p2a: Skeledirge|85\/100\n|\n|upkeep\n|turn|8\n|\n|t:|1700954293\n|switch|p1a: Glimmora|Glimmora, M|68\/100\n|move|p2a: Skeledirge|Hex|p1a: Glimmora\n|-damage|p1a: Glimmora|36\/100\n|\n|upkeep\n|turn|9\n|\n|t:|1700954299\n|switch|p2a: Blissey|Blissey, F|94\/100\n|move|p1a: Glimmora|Earth Power|p2a: Blissey\n|-damage|p2a: Blissey|85\/100\n|\n|upkeep\n|turn|10\n|\n|t:|1700954306\n|move|p1a: Glimmora|Earth Power|p2a: Blissey\n|-damage|p2a: Blissey|76\/100\n|-unboost|p2a: Blissey|spd|1\n|move|p2a: Blissey|Seismic Toss|p1a: Glimmora\n|-damage|p1a: Glimmora|4\/100\n|-activate|p1a: Glimmora|ability: Toxic Debris\n|-sidestart|p2: hoenn militian|move: Toxic Spikes\n|\n|-fieldend|move: Electric Terrain\n|upkeep\n|turn|11\n|\n|t:|1700954315\n|move|p1a: Glimmora|Toxic|p2a: Blissey\n|-status|p2a: Blissey|tox\n|move|p2a: Blissey|Seismic Toss|p1a: Glimmora\n|-damage|p1a: Glimmora|0 fnt\n|faint|p1a: Glimmora\n|\n|-damage|p2a: Blissey|70\/100 tox|[from] psn\n|upkeep\n|\n|t:|1700954330\n|switch|p1a: Flutter Mane|Flutter Mane|100\/100\n|-enditem|p1a: Flutter Mane|Booster Energy\n|-activate|p1a: Flutter Mane|ability: Protosynthesis|[fromitem]\n|-start|p1a: Flutter Mane|protosynthesisspe\n|turn|12\n|\n|t:|1700954346\n|-curestatus|p2a: Blissey|tox|[from] ability: Natural Cure\n|switch|p2a: Moltres|Moltres|100\/100\n|move|p1a: Flutter Mane|Psyshock|p2a: Moltres\n|-damage|p2a: Moltres|80\/100\n|\n|upkeep\n|turn|13\n|\n|t:|1700954354\n|-end|p1a: Flutter Mane|Protosynthesis|[silent]\n|switch|p1a: Miraidon|Miraidon|100\/100\n|-fieldstart|move: Electric Terrain|[from] ability: Hadron Engine|[of] p1a: Miraidon\n|move|p2a: Moltres|Roar|p1a: Miraidon\n|drag|p1a: Flutter Mane|Flutter Mane|100\/100\n|\n|upkeep\n|turn|14\n|\n|t:|1700954365\n|move|p1a: Flutter Mane|Shadow Ball|p2a: Moltres\n|-damage|p2a: Moltres|34\/100\n|move|p2a: Moltres|Burning Jealousy|p1a: Flutter Mane\n|-damage|p1a: Flutter Mane|71\/100\n|\n|upkeep\n|turn|15\n|\n|t:|1700954380\n|switch|p2a: Grimmsnarl|Grimmsnarl, M|100\/100\n|move|p1a: Flutter Mane|Shadow Ball|p2a: Grimmsnarl\n|-resisted|p2a: Grimmsnarl\n|-damage|p2a: Grimmsnarl|85\/100\n|-unboost|p2a: Grimmsnarl|spd|1\n|\n|upkeep\n|turn|16\n|\n|t:|1700954388\n|move|p2a: Grimmsnarl|Parting Shot|p1a: Flutter Mane\n|-unboost|p1a: Flutter Mane|atk|1\n|-unboost|p1a: Flutter Mane|spa|1\n|\n|t:|1700954393\n|switch|p2a: Calyrex|Calyrex-Ice|100\/100|[from] Parting Shot\n|-ability|p2a: Calyrex|As One\n|-ability|p2a: Calyrex|Unnerve\n|move|p1a: Flutter Mane|Moonblast|p2a: Calyrex\n|-damage|p2a: Calyrex|77\/100\n|\n|upkeep\n|turn|17\n|\n|t:|1700954401\n|-end|p1a: Flutter Mane|Protosynthesis|[silent]\n|switch|p1a: Skeledirge|Skeledirge, F|100\/100\n|move|p2a: Calyrex|Glacial Lance|p1a: Skeledirge\n|-resisted|p1a: Skeledirge\n|-damage|p1a: Skeledirge|75\/100\n|\n|-fieldend|move: Electric Terrain\n|upkeep\n|turn|18\n|\n|t:|1700954411\n|switch|p1a: Zacian|Zacian-Crowned|100\/100\n|switch|p2a: Miraidon|Miraidon|100\/100\n|-fieldstart|move: Electric Terrain|[from] ability: Hadron Engine|[of] p2a: Miraidon\n|\n|upkeep\n|turn|19\n|\n|t:|1700954418\n|switch|p1a: Flutter Mane|Flutter Mane|71\/100\n|switch|p2a: Skeledirge|Skeledirge, M|85\/100\n|\n|upkeep\n|turn|20\n|\n|t:|1700954436\n|switch|p2a: Moltres|Moltres|34\/100\n|move|p1a: Flutter Mane|Shadow Ball|p2a: Moltres\n|-damage|p2a: Moltres|0 fnt\n|faint|p2a: Moltres\n|\n|upkeep\n|\n|t:|1700954449\n|switch|p2a: Miraidon|Miraidon|100\/100\n|-activate|p2a: Miraidon|ability: Hadron Engine\n|turn|21\n|\n|t:|1700954458\n|-terastallize|p2a: Miraidon|Fairy\n|move|p2a: Miraidon|Electro Drift|p1a: Flutter Mane\n|-damage|p1a: Flutter Mane|0 fnt\n|faint|p1a: Flutter Mane\n|-end|p1a: Flutter Mane|Protosynthesis|[silent]\n|\n|upkeep\n|\n|t:|1700954461\n|switch|p1a: Zacian|Zacian-Crowned|100\/100\n|turn|22\n|\n|t:|1700954466\n|move|p2a: Miraidon|Protect|p2a: Miraidon\n|-singleturn|p2a: Miraidon|Protect\n|move|p1a: Zacian|Swords Dance|p1a: Zacian\n|-boost|p1a: Zacian|atk|2\n|\n|-fieldend|move: Electric Terrain\n|upkeep\n|turn|23\n|\n|t:|1700954472\n|switch|p2a: Skeledirge|Skeledirge, M|85\/100\n|move|p1a: Zacian|Behemoth Blade|p2a: Skeledirge\n|-resisted|p2a: Skeledirge\n|-damage|p2a: Skeledirge|69\/100\n|\n|upkeep\n|turn|24\n|\n|t:|1700954479\n|switch|p1a: Skeledirge|Skeledirge, F|75\/100\n|move|p2a: Skeledirge|Slack Off|p2a: Skeledirge\n|-heal|p2a: Skeledirge|100\/100\n|\n|upkeep\n|turn|25\n|\n|t:|1700954485\n|move|p2a: Skeledirge|Torch Song|p1a: Skeledirge\n|-resisted|p1a: Skeledirge\n|-damage|p1a: Skeledirge|59\/100\n|-boost|p2a: Skeledirge|spa|1\n|move|p1a: Skeledirge|Hex|p2a: Skeledirge\n|-supereffective|p2a: Skeledirge\n|-damage|p2a: Skeledirge|50\/100\n|\n|upkeep\n|turn|26\n|\n|t:|1700954494\n|switch|p2a: Miraidon|Miraidon, tera:Fairy|100\/100\n|-fieldstart|move: Electric Terrain|[from] ability: Hadron Engine|[of] p2a: Miraidon\n|move|p1a: Skeledirge|Hex|p2a: Miraidon\n|-damage|p2a: Miraidon|79\/100\n|\n|upkeep\n|turn|27\n|\n|t:|1700954508\n|move|p2a: Miraidon|Dragon Pulse|p1a: Skeledirge\n|-damage|p1a: Skeledirge|1\/100\n|move|p1a: Skeledirge|Hex|p2a: Miraidon\n|-damage|p2a: Miraidon|58\/100\n|\n|upkeep\n|turn|28\n|\n|t:|1700954514\n|move|p2a: Miraidon|U-turn|p1a: Skeledirge\n|-resisted|p1a: Skeledirge\n|-damage|p1a: Skeledirge|0 fnt\n|faint|p1a: Skeledirge\n|\n|t:|1700954526\n|switch|p2a: Grimmsnarl|Grimmsnarl, M|85\/100|[from] U-turn\n|\n|upkeep\n|\n|t:|1700954554\n|switch|p1a: Zacian|Zacian-Crowned|100\/100\n|turn|29\n|\n|t:|1700954564\n|switch|p1a: Calyrex|Calyrex-Shadow|100\/100\n|-ability|p1a: Calyrex|As One\n|-ability|p1a: Calyrex|Unnerve\n|move|p2a: Grimmsnarl|Parting Shot|p1a: Calyrex\n|-unboost|p1a: Calyrex|atk|1\n|-unboost|p1a: Calyrex|spa|1\n|\n|t:|1700954577\n|switch|p2a: Calyrex|Calyrex-Ice|77\/100|[from] Parting Shot\n|-ability|p2a: Calyrex|As One\n|-ability|p2a: Calyrex|Unnerve\n|\n|upkeep\n|turn|30\n|\n|t:|1700954584\n|switch|p2a: Grimmsnarl|Grimmsnarl, M|85\/100\n|move|p1a: Calyrex|Astral Barrage|p2a: Grimmsnarl\n|-resisted|p2a: Grimmsnarl\n|-damage|p2a: Grimmsnarl|67\/100\n|\n|-fieldend|move: Electric Terrain\n|upkeep\n|turn|31\n|\n|t:|1700954592\n|move|p1a: Calyrex|Astral Barrage|p2a: Grimmsnarl\n|-resisted|p2a: Grimmsnarl\n|-damage|p2a: Grimmsnarl|50\/100\n|move|p2a: Grimmsnarl|Spirit Break|p1a: Calyrex\n|-damage|p1a: Calyrex|63\/100\n|-unboost|p1a: Calyrex|spa|1\n|\n|upkeep\n|turn|32\n|-message|lifeeorb forfeited.\n|\n|win|hoenn militian\n|raw|lifeeorb's rating: 1675 &rarr; <strong>1660<\/strong><br \/>(-15 for losing)\n|raw|hoenn militian's rating: 1759 &rarr; <strong>1774<\/strong><br \/>(+15 for winning)\n|l|\u2606lifeeorb\n","uploadtime":1700954605,"views":0,"p1id":"lifeeorb","p2id":"hoennmilitian","formatid":"gen9anythinggoes","rating":1660,"private":0,"password":""}