{"id":"gen9anythinggoes-1979951317","p1":"Gabrisabanero","p2":"Bakitaladelbarrio","format":"[Gen 9] Anything Goes","log":"|j|\u2606Gabrisabanero\n|j|\u2606Bakitaladelbarrio\n|t:|1698735615\n|gametype|singles\n|player|p1|Gabrisabanero|266|1276\n|player|p2|Bakitaladelbarrio|colress|1351\n|teamsize|p1|6\n|teamsize|p2|6\n|gen|9\n|tier|[Gen 9] Anything Goes\n|rated|\n|rule|HP Percentage Mod: HP is shown in percentages\n|rule|Endless Battle Clause: Forcing endless battles is banned\n|clearpoke\n|poke|p1|Magearna|\n|poke|p1|Kleavor, M|\n|poke|p1|Calyrex-Shadow|\n|poke|p1|Ursaluna-Bloodmoon, M|\n|poke|p1|Urshifu-*, M|\n|poke|p1|Furret, F|\n|poke|p2|Calyrex-Shadow|\n|poke|p2|Darkrai|\n|poke|p2|Ditto|\n|poke|p2|Zacian-*|\n|poke|p2|Miraidon|\n|poke|p2|Glimmora, F|\n|teampreview\n|inactive|Battle timer is ON: inactive players will automatically lose when time's up. (requested by Bakitaladelbarrio)\n|inactive|Gabrisabanero has 120 seconds left.\n|inactive|Gabrisabanero has 90 seconds left.\n|\n|t:|1698735690\n|start\n|switch|p1a: Fluffy|Furret, F, shiny|100\/100\n|switch|p2a: Darkrai|Darkrai|100\/100\n|turn|1\n|\n|t:|1698735696\n|move|p2a: Darkrai|Hypnosis|p1a: Fluffy\n|-status|p1a: Fluffy|slp|[from] move: Hypnosis\n|cant|p1a: Fluffy|slp\n|\n|-damage|p1a: Fluffy|88\/100 slp|[from] ability: Bad Dreams|[of] p2a: Darkrai\n|upkeep\n|turn|2\n|\n|t:|1698735704\n|move|p2a: Darkrai|Nasty Plot|p2a: Darkrai\n|-boost|p2a: Darkrai|spa|2\n|-curestatus|p1a: Fluffy|slp|[msg]\n|move|p1a: Fluffy|Tidy Up|p1a: Fluffy\n|-boost|p1a: Fluffy|atk|1\n|-boost|p1a: Fluffy|spe|1\n|\n|upkeep\n|turn|3\n|\n|t:|1698735719\n|move|p1a: Fluffy|Baton Pass|p1a: Fluffy\n|\n|t:|1698735722\n|switch|p1a: Steel-Lady|Magearna|100\/100|[from] Baton Pass\n|move|p2a: Darkrai|Hypnosis|p1a: Steel-Lady|[miss]\n|-miss|p2a: Darkrai|p1a: Steel-Lady\n|\n|upkeep\n|turn|4\n|\n|t:|1698735729\n|move|p2a: Darkrai|Hypnosis|p1a: Steel-Lady\n|-status|p1a: Steel-Lady|slp|[from] move: Hypnosis\n|cant|p1a: Steel-Lady|slp\n|\n|-damage|p1a: Steel-Lady|88\/100 slp|[from] ability: Bad Dreams|[of] p2a: Darkrai\n|upkeep\n|turn|5\n|\n|t:|1698735737\n|move|p2a: Darkrai|Hex|p1a: Steel-Lady\n|-damage|p1a: Steel-Lady|16\/100 slp\n|-curestatus|p1a: Steel-Lady|slp|[msg]\n|move|p1a: Steel-Lady|Shift Gear|p1a: Steel-Lady\n|-boost|p1a: Steel-Lady|spe|2\n|-boost|p1a: Steel-Lady|atk|1\n|\n|-heal|p1a: Steel-Lady|22\/100|[from] item: Leftovers\n|upkeep\n|turn|6\n|\n|t:|1698735748\n|move|p1a: Steel-Lady|Baton Pass|p1a: Steel-Lady\n|\n|t:|1698735756\n|switch|p1a: Kleavor|Kleavor, M, shiny|100\/100|[from] Baton Pass\n|move|p2a: Darkrai|Hypnosis|p1a: Kleavor\n|-status|p1a: Kleavor|slp|[from] move: Hypnosis\n|\n|-damage|p1a: Kleavor|88\/100 slp|[from] ability: Bad Dreams|[of] p2a: Darkrai\n|upkeep\n|turn|7\n|\n|t:|1698735765\n|cant|p1a: Kleavor|slp\n|move|p2a: Darkrai|Hex|p1a: Kleavor\n|-damage|p1a: Kleavor|0 fnt\n|faint|p1a: Kleavor\n|\n|upkeep\n|\n|t:|1698735771\n|switch|p1a: Fluffy|Furret, F, shiny|88\/100\n|turn|8\n|\n|t:|1698735775\n|move|p2a: Darkrai|Dark Pulse|p1a: Fluffy\n|-damage|p1a: Fluffy|0 fnt\n|faint|p1a: Fluffy\n|\n|upkeep\n|-message|Gabrisabanero forfeited.\n|\n|win|Bakitaladelbarrio\n|raw|Gabrisabanero's rating: 1276 &rarr; <strong>1256<\/strong><br \/>(-20 for losing)\n|raw|Bakitaladelbarrio's rating: 1351 &rarr; <strong>1367<\/strong><br \/>(+16 for winning)\n|l|\u2606Gabrisabanero\n","uploadtime":1698735784,"views":7,"p1id":"gabrisabanero","p2id":"bakitaladelbarrio","formatid":"gen9anythinggoes","rating":1256,"private":0,"password":""}