{"id":"gen9anythinggoes-1995043764","p1":"Draco997","p2":"papi de quatro","format":"[Gen 9] Anything Goes","log":"|j|\u2606Draco997\n|j|\u2606papi de quatro\n|t:|1700516505\n|gametype|singles\n|player|p1|Draco997|juan|1228\n|player|p2|papi de quatro|169|1270\n|teamsize|p1|6\n|teamsize|p2|6\n|gen|9\n|tier|[Gen 9] Anything Goes\n|rated|\n|rule|HP Percentage Mod: HP is shown in percentages\n|rule|Endless Battle Clause: Forcing endless battles is banned\n|clearpoke\n|poke|p1|Tsareena, F|\n|poke|p1|Glimmora, F|\n|poke|p1|Kyogre|\n|poke|p1|Volcarona, M|\n|poke|p1|Clefable, F|\n|poke|p1|Enamorus, F|\n|poke|p2|Ninetales-Alola, M|\n|poke|p2|Baxcalibur, F|\n|poke|p2|Orthworm, M|\n|poke|p2|Kingambit, F|\n|poke|p2|Ceruledge, F|\n|poke|p2|Great Tusk|\n|teampreview\n|\n|t:|1700516512\n|start\n|switch|p1a: Glimmora|Glimmora, F, shiny|100\/100\n|switch|p2a: Great Tusk|Great Tusk|100\/100\n|turn|1\n|\n|t:|1700516529\n|move|p1a: Glimmora|Spikes|p2a: Great Tusk\n|-sidestart|p2: papi de quatro|Spikes\n|move|p2a: Great Tusk|Rapid Spin|p1a: Glimmora\n|-resisted|p1a: Glimmora\n|-damage|p1a: Glimmora|90\/100\n|-boost|p2a: Great Tusk|spe|1\n|-activate|p1a: Glimmora|ability: Toxic Debris\n|-sidestart|p2: papi de quatro|move: Toxic Spikes\n|-sideend|p2: papi de quatro|Spikes|[from] move: Rapid Spin|[of] p2a: Great Tusk\n|-sideend|p2: papi de quatro|Toxic Spikes|[from] move: Rapid Spin|[of] p2a: Great Tusk\n|\n|upkeep\n|turn|2\n|\n|t:|1700516543\n|switch|p1a: Tsareena|Tsareena, F, shiny|100\/100\n|move|p2a: Great Tusk|Rapid Spin|p1a: Tsareena\n|-damage|p1a: Tsareena|80\/100\n|-boost|p2a: Great Tusk|spe|1\n|-damage|p2a: Great Tusk|84\/100|[from] item: Rocky Helmet|[of] p1a: Tsareena\n|\n|upkeep\n|turn|3\n|\n|t:|1700516552\n|move|p2a: Great Tusk|Stealth Rock|p1a: Tsareena\n|-sidestart|p1: Draco997|move: Stealth Rock\n|move|p1a: Tsareena|Trop Kick|p2a: Great Tusk\n|-supereffective|p2a: Great Tusk\n|-damage|p2a: Great Tusk|38\/100\n|-unboost|p2a: Great Tusk|atk|1\n|\n|upkeep\n|turn|4\n|\n|t:|1700516562\n|move|p2a: Great Tusk|Close Combat|p1a: Tsareena\n|-damage|p1a: Tsareena|33\/100\n|-unboost|p2a: Great Tusk|def|1\n|-unboost|p2a: Great Tusk|spd|1\n|-damage|p2a: Great Tusk|21\/100|[from] item: Rocky Helmet|[of] p1a: Tsareena\n|move|p1a: Tsareena|Trop Kick|p2a: Great Tusk\n|-supereffective|p2a: Great Tusk\n|-damage|p2a: Great Tusk|0 fnt\n|faint|p2a: Great Tusk\n|-end|p2a: Great Tusk|Protosynthesis|[silent]\n|\n|upkeep\n|\n|t:|1700516574\n|switch|p2a: Ninetales|Ninetales-Alola, M|100\/100\n|-weather|Snow|[from] ability: Snow Warning|[of] p2a: Ninetales\n|turn|5\n|\n|t:|1700516579\n|move|p2a: Ninetales|Aurora Veil|p2a: Ninetales\n|-sidestart|p2: papi de quatro|move: Aurora Veil\n|move|p1a: Tsareena|Rapid Spin|p2a: Ninetales\n|-damage|p2a: Ninetales|93\/100\n|-boost|p1a: Tsareena|spe|1\n|-sideend|p1: Draco997|Stealth Rock|[from] move: Rapid Spin|[of] p1a: Tsareena\n|\n|-weather|Snow|[upkeep]\n|upkeep\n|turn|6\n|\n|t:|1700516613\n|switch|p1a: Kyogre|Kyogre|100\/100\n|-weather|RainDance|[from] ability: Drizzle|[of] p1a: Kyogre\n|move|p2a: Ninetales|Freeze-Dry|p1a: Kyogre\n|-supereffective|p1a: Kyogre\n|-damage|p1a: Kyogre|72\/100\n|\n|-weather|RainDance|[upkeep]\n|upkeep\n|turn|7\n|\n|t:|1700516627\n|move|p2a: Ninetales|Freeze-Dry|p1a: Kyogre\n|-supereffective|p1a: Kyogre\n|-damage|p1a: Kyogre|44\/100\n|move|p1a: Kyogre|Surf|p2a: Ninetales\n|-damage|p2a: Ninetales|46\/100\n|\n|-weather|RainDance|[upkeep]\n|upkeep\n|turn|8\n|\n|t:|1700516636\n|switch|p1a: Clefable|Clefable, F|100\/100\n|move|p2a: Ninetales|Draining Kiss|p1a: Clefable\n|-damage|p1a: Clefable|88\/100\n|-heal|p2a: Ninetales|54\/100|[from] drain|[of] p1a: Clefable\n|\n|-weather|RainDance|[upkeep]\n|-heal|p1a: Clefable|94\/100|[from] item: Leftovers\n|upkeep\n|turn|9\n|\n|t:|1700516646\n|switch|p2a: Orthworm|Orthworm, M|100\/100\n|move|p1a: Clefable|Wish|p1a: Clefable\n|\n|-weather|RainDance|[upkeep]\n|-heal|p1a: Clefable|100\/100|[from] item: Leftovers\n|upkeep\n|turn|10\n|\n|t:|1700516654\n|switch|p1a: Kyogre|Kyogre|44\/100\n|move|p2a: Orthworm|Shed Tail|p2a: Orthworm\n|-start|p2a: Orthworm|Substitute|[from] move: Shed Tail\n|-damage|p2a: Orthworm|50\/100\n|-enditem|p2a: Orthworm|Sitrus Berry|[eat]\n|-heal|p2a: Orthworm|75\/100|[from] item: Sitrus Berry\n|\n|t:|1700516664\n|switch|p2a: Baxcalibur|Baxcalibur, F|100\/100|[from] Shed Tail\n|\n|-weather|none\n|-heal|p1a: Kyogre|92\/100|[from] move: Wish|[wisher] Clefable\n|upkeep\n|turn|11\n|inactive|Battle timer is ON: inactive players will automatically lose when time's up. (requested by papi de quatro)\n|\n|t:|1700516679\n|move|p2a: Baxcalibur|Dragon Dance|p2a: Baxcalibur\n|-boost|p2a: Baxcalibur|atk|1\n|-boost|p2a: Baxcalibur|spe|1\n|move|p1a: Kyogre|Surf|p2a: Baxcalibur\n|-resisted|p2a: Baxcalibur\n|-activate|p2a: Baxcalibur|move: Substitute|[damage]\n|\n|upkeep\n|turn|12\n|\n|t:|1700516694\n|move|p2a: Baxcalibur|Dragon Dance|p2a: Baxcalibur\n|-boost|p2a: Baxcalibur|atk|1\n|-boost|p2a: Baxcalibur|spe|1\n|move|p1a: Kyogre|Surf|p2a: Baxcalibur\n|-resisted|p2a: Baxcalibur\n|-end|p2a: Baxcalibur|Substitute\n|\n|-sideend|p2: papi de quatro|move: Aurora Veil\n|upkeep\n|turn|13\n|\n|t:|1700516703\n|switch|p1a: Glimmora|Glimmora, F, shiny|90\/100\n|move|p2a: Baxcalibur|Glaive Rush|p1a: Glimmora\n|-damage|p1a: Glimmora|0 fnt\n|-singlemove|p2a: Baxcalibur|Glaive Rush|[silent]\n|-activate|p1a: Glimmora|ability: Toxic Debris\n|-sidestart|p2: papi de quatro|move: Toxic Spikes\n|faint|p1a: Glimmora\n|\n|upkeep\n|\n|t:|1700516714\n|switch|p1a: Enamorus|Enamorus, F|100\/100\n|turn|14\n|\n|t:|1700516719\n|move|p2a: Baxcalibur|Ice Shard|p1a: Enamorus\n|-supereffective|p1a: Enamorus\n|-damage|p1a: Enamorus|0 fnt\n|faint|p1a: Enamorus\n|\n|upkeep\n|\n|t:|1700516726\n|switch|p1a: Volcarona|Volcarona, M, shiny|100\/100\n|turn|15\n|\n|t:|1700516735\n|-terastallize|p1a: Volcarona|Fairy\n|move|p2a: Baxcalibur|Earthquake|p1a: Volcarona\n|-damage|p1a: Volcarona|0 fnt\n|faint|p1a: Volcarona\n|\n|upkeep\n|\n|t:|1700516743\n|switch|p1a: Clefable|Clefable, F|100\/100\n|turn|16\n|\n|t:|1700516750\n|move|p2a: Baxcalibur|Earthquake|p1a: Clefable\n|-damage|p1a: Clefable|57\/100\n|move|p1a: Clefable|Wish|p1a: Clefable\n|\n|-heal|p1a: Clefable|63\/100|[from] item: Leftovers\n|upkeep\n|turn|17\n|\n|t:|1700516762\n|switch|p1a: Tsareena|Tsareena, F, shiny|33\/100\n|move|p2a: Baxcalibur|Glaive Rush|p1a: Tsareena\n|-damage|p1a: Tsareena|0 fnt\n|-singlemove|p2a: Baxcalibur|Glaive Rush|[silent]\n|-damage|p2a: Baxcalibur|84\/100|[from] item: Rocky Helmet|[of] p1a: Tsareena\n|faint|p1a: Tsareena\n|\n|-heal|p2a: Baxcalibur|90\/100|[from] item: Leftovers\n|upkeep\n|\n|t:|1700516774\n|switch|p1a: Kyogre|Kyogre|92\/100\n|-weather|RainDance|[from] ability: Drizzle|[of] p1a: Kyogre\n|turn|18\n|\n|t:|1700516784\n|move|p2a: Baxcalibur|Glaive Rush|p1a: Kyogre\n|-damage|p1a: Kyogre|0 fnt\n|-singlemove|p2a: Baxcalibur|Glaive Rush|[silent]\n|faint|p1a: Kyogre\n|\n|-weather|RainDance|[upkeep]\n|-heal|p2a: Baxcalibur|96\/100|[from] item: Leftovers\n|upkeep\n|\n|t:|1700516792\n|switch|p1a: Clefable|Clefable, F|63\/100\n|turn|19\n|\n|t:|1700516799\n|move|p2a: Baxcalibur|Earthquake|p1a: Clefable\n|-damage|p1a: Clefable|23\/100\n|move|p1a: Clefable|Draining Kiss|p2a: Baxcalibur\n|-supereffective|p2a: Baxcalibur\n|-damage|p2a: Baxcalibur|59\/100\n|-heal|p1a: Clefable|55\/100|[from] drain|[of] p2a: Baxcalibur\n|\n|-weather|RainDance|[upkeep]\n|-heal|p2a: Baxcalibur|65\/100|[from] item: Leftovers\n|-heal|p1a: Clefable|61\/100|[from] item: Leftovers\n|upkeep\n|turn|20\n|\n|t:|1700516815\n|move|p2a: Baxcalibur|Earthquake|p1a: Clefable\n|-damage|p1a: Clefable|19\/100\n|move|p1a: Clefable|Moonlight|p1a: Clefable\n|-heal|p1a: Clefable|44\/100\n|\n|-weather|RainDance|[upkeep]\n|-heal|p2a: Baxcalibur|71\/100|[from] item: Leftovers\n|-heal|p1a: Clefable|50\/100|[from] item: Leftovers\n|upkeep\n|turn|21\n|\n|t:|1700516831\n|move|p2a: Baxcalibur|Earthquake|p1a: Clefable\n|-damage|p1a: Clefable|7\/100\n|move|p1a: Clefable|Wish|p1a: Clefable\n|\n|-weather|RainDance|[upkeep]\n|-heal|p2a: Baxcalibur|77\/100|[from] item: Leftovers\n|-heal|p1a: Clefable|13\/100|[from] item: Leftovers\n|upkeep\n|turn|22\n|\n|t:|1700516839\n|move|p2a: Baxcalibur|Ice Shard|p1a: Clefable\n|-damage|p1a: Clefable|0 fnt\n|faint|p1a: Clefable\n|\n|win|papi de quatro\n|raw|Draco997's rating: 1228 &rarr; <strong>1206<\/strong><br \/>(-22 for losing)\n|raw|papi de quatro's rating: 1270 &rarr; <strong>1292<\/strong><br \/>(+22 for winning)\n","uploadtime":1700516845,"views":0,"p1id":"draco997","p2id":"papidequatro","formatid":"gen9anythinggoes","rating":1206,"private":0,"password":""}