{"id":"gen9anythinggoes-1990689509","p1":"Beast19630","p2":"Yugi Ogami","format":"[Gen 9] Anything Goes","log":"|j|\u203dBeast19630\n|j|\u2606Yugi Ogami\n|t:|1699991991\n|gametype|singles\n|player|p1|Beast19630|benga|1106\n|player|p2|Yugi Ogami|nurse|1207\n|teamsize|p1|6\n|teamsize|p2|6\n|gen|9\n|tier|[Gen 9] Anything Goes\n|rated|\n|rule|HP Percentage Mod: HP is shown in percentages\n|rule|Endless Battle Clause: Forcing endless battles is banned\n|clearpoke\n|poke|p1|Kingambit, F|\n|poke|p1|Gallade, M|\n|poke|p1|Polteageist-Antique|\n|poke|p1|Espathra, F|\n|poke|p1|Glimmora, M|\n|poke|p1|Garchomp, M|\n|poke|p2|Zoroark, M|\n|poke|p2|Zoroark-Hisui, F|\n|poke|p2|Ditto|\n|poke|p2|Mimikyu, M|\n|poke|p2|Meowscarada, F|\n|poke|p2|Amoonguss, F|\n|teampreview\n|\n|t:|1699992002\n|start\n|switch|p1a: Espathra|Espathra, F|100\/100\n|switch|p2a: Zoroark-dono|Mimikyu, M|100\/100\n|turn|1\n|\n|t:|1699992016\n|move|p1a: Espathra|Calm Mind|p1a: Espathra\n|-boost|p1a: Espathra|spa|1\n|-boost|p1a: Espathra|spd|1\n|move|p2a: Zoroark-dono|Bulk Up|p2a: Zoroark-dono\n|-boost|p2a: Zoroark-dono|atk|1\n|-boost|p2a: Zoroark-dono|def|1\n|\n|-ability|p1a: Espathra|Speed Boost|boost\n|-boost|p1a: Espathra|spe|1\n|upkeep\n|turn|2\n|\n|t:|1699992024\n|move|p1a: Espathra|Calm Mind|p1a: Espathra\n|-boost|p1a: Espathra|spa|1\n|-boost|p1a: Espathra|spd|1\n|move|p2a: Zoroark-dono|Bulk Up|p2a: Zoroark-dono\n|-boost|p2a: Zoroark-dono|atk|1\n|-boost|p2a: Zoroark-dono|def|1\n|\n|-ability|p1a: Espathra|Speed Boost|boost\n|-boost|p1a: Espathra|spe|1\n|upkeep\n|turn|3\n|\n|t:|1699992033\n|move|p2a: Zoroark-dono|Shadow Sneak|p1a: Espathra\n|-supereffective|p1a: Espathra\n|-damage|p1a: Espathra|15\/100\n|-enditem|p1a: Espathra|Figy Berry|[eat]\n|-heal|p1a: Espathra|48\/100|[from] item: Figy Berry\n|move|p1a: Espathra|Baton Pass|p1a: Espathra\n|\n|t:|1699992047\n|switch|p1a: Gallade|Gallade, M|100\/100|[from] Baton Pass\n|\n|upkeep\n|turn|4\n|\n|t:|1699992055\n|move|p2a: Zoroark-dono|Shadow Sneak|p1a: Gallade\n|-supereffective|p1a: Gallade\n|-damage|p1a: Gallade|0 fnt\n|faint|p1a: Gallade\n|\n|upkeep\n|\n|t:|1699992061\n|switch|p1a: Polteageist|Polteageist-Antique|100\/100\n|turn|5\n|\n|t:|1699992074\n|move|p2a: Zoroark-dono|Shadow Sneak|p1a: Polteageist\n|-supereffective|p1a: Polteageist\n|-damage|p1a: Polteageist|13\/100\n|move|p1a: Polteageist|Poltergeist|p2a: Zoroark-dono\n|-activate|p2a: Zoroark-dono|move: Poltergeist|Iapapa Berry\n|-activate|p2a: Zoroark-dono|ability: Disguise\n|-damage|p2a: Zoroark-dono|100\/100\n|detailschange|p2a: Zoroark-dono|Mimikyu-Busted, M\n|-damage|p2a: Zoroark-dono|88\/100|[from] pokemon: Mimikyu-Busted\n|\n|upkeep\n|turn|6\n|\n|t:|1699992085\n|move|p2a: Zoroark-dono|Shadow Sneak|p1a: Polteageist\n|-supereffective|p1a: Polteageist\n|-damage|p1a: Polteageist|0 fnt\n|faint|p1a: Polteageist\n|\n|upkeep\n|\n|t:|1699992089\n|switch|p1a: Glimmora|Glimmora, M|100\/100\n|turn|7\n|\n|t:|1699992121\n|move|p2a: Zoroark-dono|Shadow Sneak|p1a: Glimmora\n|-damage|p1a: Glimmora|63\/100\n|-activate|p1a: Glimmora|ability: Toxic Debris\n|-sidestart|p2: Yugi Ogami|move: Toxic Spikes\n|move|p1a: Glimmora|Spikes|p2a: Zoroark-dono\n|-sidestart|p2: Yugi Ogami|Spikes\n|\n|upkeep\n|turn|8\n|\n|t:|1699992130\n|move|p2a: Zoroark-dono|Shadow Sneak|p1a: Glimmora\n|-damage|p1a: Glimmora|22\/100\n|-activate|p1a: Glimmora|ability: Toxic Debris\n|-sidestart|p2: Yugi Ogami|move: Toxic Spikes\n|move|p1a: Glimmora|Power Gem|p2a: Zoroark-dono\n|-damage|p2a: Zoroark-dono|43\/100\n|\n|upkeep\n|turn|9\n|\n|t:|1699992137\n|move|p2a: Zoroark-dono|Shadow Sneak|p1a: Glimmora\n|-damage|p1a: Glimmora|0 fnt\n|faint|p1a: Glimmora\n|\n|upkeep\n|\n|t:|1699992142\n|switch|p1a: Garchomp|Garchomp, M|100\/100\n|turn|10\n|\n|t:|1699992146\n|move|p1a: Garchomp|Earthquake|p2a: Zoroark-dono\n|-damage|p2a: Zoroark-dono|14\/100\n|-enditem|p2a: Zoroark-dono|Iapapa Berry|[eat]\n|-heal|p2a: Zoroark-dono|47\/100|[from] item: Iapapa Berry\n|move|p2a: Zoroark-dono|Play Rough|p1a: Garchomp\n|-supereffective|p1a: Garchomp\n|-damage|p1a: Garchomp|0 fnt\n|-damage|p2a: Zoroark-dono|35\/100|[from] ability: Rough Skin|[of] p1a: Garchomp\n|-damage|p2a: Zoroark-dono|18\/100|[from] item: Rocky Helmet|[of] p1a: Garchomp\n|faint|p1a: Garchomp\n|\n|upkeep\n|\n|t:|1699992154\n|switch|p1a: Espathra|Espathra, F|48\/100\n|turn|11\n|\n|t:|1699992164\n|move|p2a: Zoroark-dono|Shadow Sneak|p1a: Espathra\n|-supereffective|p1a: Espathra\n|-damage|p1a: Espathra|0 fnt\n|faint|p1a: Espathra\n|\n|upkeep\n|\n|t:|1699992176\n|switch|p1a: Kingambit|Kingambit, F|100\/100\n|-activate|p1a: Kingambit|ability: Supreme Overlord\n|-start|p1a: Kingambit|fallen5|[silent]\n|turn|12\n|\n|t:|1699992182\n|-terastallize|p1a: Kingambit|Dark\n|move|p1a: Kingambit|Sucker Punch||[still]\n|-fail|p1a: Kingambit\n|move|p2a: Zoroark-dono|Curse|p1a: Kingambit\n|-start|p1a: Kingambit|Curse|[of] p2a: Zoroark-dono\n|-damage|p2a: Zoroark-dono|0 fnt\n|faint|p2a: Zoroark-dono\n|\n|-damage|p1a: Kingambit|76\/100|[from] Curse\n|upkeep\n|\n|t:|1699992190\n|switch|p2a: Zoroark-chan|Amoonguss, F|100\/100\n|-sideend|p2: Yugi Ogami|move: Toxic Spikes|[of] p2a: Zoroark-chan\n|-damage|p2a: Zoroark-chan|88\/100|[from] Spikes\n|turn|13\n|\n|t:|1699992195\n|move|p1a: Kingambit|Sucker Punch||[still]\n|-fail|p1a: Kingambit\n|move|p2a: Zoroark-chan|Spore|p1a: Kingambit\n|-status|p1a: Kingambit|slp|[from] move: Spore\n|\n|-heal|p2a: Zoroark-chan|94\/100|[from] item: Black Sludge\n|-damage|p1a: Kingambit|51\/100 slp|[from] Curse\n|upkeep\n|turn|14\n|\n|t:|1699992201\n|-terastallize|p2a: Zoroark-chan|Fighting\n|cant|p1a: Kingambit|slp\n|move|p2a: Zoroark-chan|Tera Blast|p1a: Kingambit|[anim] Tera Blast Fighting\n|-supereffective|p1a: Kingambit\n|-crit|p1a: Kingambit\n|-damage|p1a: Kingambit|0 fnt\n|faint|p1a: Kingambit\n|-end|p1a: Kingambit|fallen5|[silent]\n|\n|win|Yugi Ogami\n|raw|Beast19630's rating: 1106 &rarr; <strong>1088<\/strong><br \/>(-18 for losing)\n|raw|Yugi Ogami's rating: 1207 &rarr; <strong>1225<\/strong><br \/>(+18 for winning)\n|l|\u203dBeast19630\n","uploadtime":1699992212,"views":4,"p1id":"beast19630","p2id":"yugiogami","formatid":"gen9anythinggoes","rating":1088,"private":0,"password":""}