{"id":"gen9anythinggoes-1981348188","p1":"Ataki","p2":"Gimmickyasitgets","format":"[Gen 9] Anything Goes","log":"|j|\u2606Ataki\n|j|\u2606Gimmickyasitgets\n|t:|1698886151\n|gametype|singles\n|player|p1|Ataki|turo-ai|\n|player|p2|Gimmickyasitgets|may-contest|\n|teamsize|p1|6\n|teamsize|p2|6\n|gen|9\n|tier|[Gen 9] Anything Goes\n|rated|Tournament battle\n|rule|HP Percentage Mod: HP is shown in percentages\n|rule|Endless Battle Clause: Forcing endless battles is banned\n|rule|Species Clause: Limit one of each Pok\u00e9mon\n|rule|OHKO Clause: OHKO moves are banned\n|rule|Evasion Moves Clause: Evasion moves are banned\n|rule|Sleep Moves Clause: Sleep-inducing moves are banned\n|rule|1 Ability Clause: Limit 1 of each ability\n|rule|Terastal Clause: You cannot Terastallize\n|clearpoke\n|poke|p1|Rayquaza|\n|poke|p1|Palkia|\n|poke|p1|Annihilape, F|\n|poke|p1|Arceus-Poison|\n|poke|p1|Groudon|\n|poke|p1|Zacian-*|\n|poke|p2|Arceus-Fire|\n|poke|p2|Dondozo, M|\n|poke|p2|Scream Tail|\n|poke|p2|Miraidon|\n|poke|p2|Magearna|\n|poke|p2|Dialga-Origin|\n|teampreview\n|j|%Iolanthe\n|j| oaklies\n|c|\u2606Gimmickyasitgets|hf\n|c|\u2606Ataki|hf\n|j|+Natcrozma %\u25d5\u203f\u203f\u25d5%\n|\n|t:|1698886210\n|start\n|switch|p1a: Groudon|Groudon|100\/100\n|switch|p2a: Dialga|Dialga-Origin|100\/100\n|turn|1\n|c|+Natcrozma %\u25d5\u203f\u203f\u25d5%|Gimmickyasitgets before you ask\n|l|%Iolanthe\n|c|+Natcrozma %\u25d5\u203f\u203f\u25d5%|i threw\n|\n|t:|1698886216\n|move|p1a: Groudon|Protect|p1a: Groudon\n|-singleturn|p1a: Groudon|Protect\n|move|p2a: Dialga|Steel Beam|p1a: Groudon\n|-activate|p1a: Groudon|move: Protect\n|\n|-status|p1a: Groudon|tox|[from] item: Toxic Orb\n|upkeep\n|turn|2\n|c|\u2606Gimmickyasitgets|L\n|c|\u2606Ataki|dmg test\n|\n|t:|1698886228\n|switch|p2a: Dondozo|Dondozo, M|100\/100\n|move|p1a: Groudon|Earthquake|p2a: Dondozo\n|-damage|p2a: Dondozo|89\/100\n|\n|-heal|p2a: Dondozo|95\/100|[from] item: Leftovers\n|upkeep\n|turn|3\n|c|\u2606Ataki|nvm\n|\n|t:|1698886235\n|move|p1a: Groudon|Spikes|p2a: Dondozo\n|-sidestart|p2: Gimmickyasitgets|Spikes\n|move|p2a: Dondozo|Liquidation|p1a: Groudon\n|-supereffective|p1a: Groudon\n|-damage|p1a: Groudon|60\/100 tox\n|\n|-heal|p2a: Dondozo|100\/100|[from] item: Leftovers\n|-heal|p1a: Groudon|72\/100 tox|[from] ability: Poison Heal\n|upkeep\n|turn|4\n|\n|t:|1698886240\n|move|p1a: Groudon|Protect|p1a: Groudon\n|-singleturn|p1a: Groudon|Protect\n|move|p2a: Dondozo|Curse|p2a: Dondozo\n|-unboost|p2a: Dondozo|spe|1\n|-boost|p2a: Dondozo|atk|1\n|-boost|p2a: Dondozo|def|1\n|\n|-heal|p1a: Groudon|85\/100 tox|[from] ability: Poison Heal\n|upkeep\n|turn|5\n|c|+Natcrozma %\u25d5\u203f\u203f\u25d5%|ate\n|\n|t:|1698886245\n|switch|p1a: Arceus|Arceus-Poison|100\/100\n|move|p2a: Dondozo|Liquidation|p1a: Arceus\n|-damage|p1a: Arceus|89\/100\n|\n|upkeep\n|turn|6\n|\n|t:|1698886250\n|move|p1a: Arceus|Will-O-Wisp|p2a: Dondozo\n|-status|p2a: Dondozo|brn\n|move|p2a: Dondozo|Earthquake|p1a: Arceus\n|-supereffective|p1a: Arceus\n|-damage|p1a: Arceus|80\/100\n|\n|-damage|p2a: Dondozo|94\/100 brn|[from] brn\n|upkeep\n|turn|7\n|\n|t:|1698886255\n|move|p1a: Arceus|Sludge Bomb|p2a: Dondozo\n|-damage|p2a: Dondozo|51\/100 brn\n|move|p2a: Dondozo|Curse|p2a: Dondozo\n|-unboost|p2a: Dondozo|spe|1\n|-boost|p2a: Dondozo|atk|1\n|-boost|p2a: Dondozo|def|1\n|\n|-heal|p2a: Dondozo|57\/100 brn|[from] item: Leftovers\n|-damage|p2a: Dondozo|51\/100 brn|[from] brn\n|upkeep\n|turn|8\n|c|\u2606Ataki|>9\n|\n|t:|1698886261\n|move|p1a: Arceus|Sludge Bomb|p2a: Dondozo\n|-damage|p2a: Dondozo|10\/100 brn\n|move|p2a: Dondozo|Rest|p2a: Dondozo\n|-status|p2a: Dondozo|slp|[from] move: Rest\n|-heal|p2a: Dondozo|100\/100 slp|[silent]\n|\n|upkeep\n|turn|9\n|c|\u2606Gimmickyasitgets|9 is crazy\n|\n|t:|1698886266\n|switch|p2a: Magearna|Magearna|100\/100\n|-damage|p2a: Magearna|88\/100|[from] Spikes\n|move|p1a: Arceus|Sludge Bomb|p2a: Magearna\n|-immune|p2a: Magearna\n|\n|upkeep\n|turn|10\n|\n|t:|1698886270\n|switch|p1a: Annihilape|Annihilape, F|100\/100\n|move|p2a: Magearna|Volt Switch|p1a: Annihilape\n|-damage|p1a: Annihilape|92\/100\n|c|\u2606Ataki|mm yes\n|\n|t:|1698886278\n|switch|p2a: Dialga|Dialga-Origin|100\/100|[from] Volt Switch\n|\n|upkeep\n|turn|11\n|c|\u2606Ataki|more power\n|\n|t:|1698886283\n|move|p2a: Dialga|Thunder Wave|p1a: Annihilape\n|-status|p1a: Annihilape|par\n|move|p1a: Annihilape|Drain Punch|p2a: Dialga\n|-supereffective|p2a: Dialga\n|-damage|p2a: Dialga|72\/100\n|-heal|p1a: Annihilape|100\/100 par|[from] drain|[of] p2a: Dialga\n|\n|upkeep\n|turn|12\n|\n|t:|1698886287\n|move|p2a: Dialga|Stealth Rock|p1a: Annihilape\n|-sidestart|p1: Ataki|move: Stealth Rock\n|move|p1a: Annihilape|U-turn|p2a: Dialga\n|-resisted|p2a: Dialga\n|-damage|p2a: Dialga|67\/100\n|\n|t:|1698886293\n|switch|p1a: Groudon|Groudon|85\/100 tox|[from] U-turn\n|-damage|p1a: Groudon|78\/100 tox|[from] Stealth Rock\n|\n|-heal|p1a: Groudon|91\/100 tox|[from] ability: Poison Heal\n|upkeep\n|turn|13\n|c|+Natcrozma %\u25d5\u203f\u203f\u25d5%|72\n|\n|t:|1698886300\n|move|p1a: Groudon|Protect|p1a: Groudon\n|-singleturn|p1a: Groudon|Protect\n|move|p2a: Dialga|Steel Beam|p1a: Groudon\n|-activate|p1a: Groudon|move: Protect\n|\n|-heal|p1a: Groudon|100\/100 tox|[from] ability: Poison Heal\n|upkeep\n|turn|14\n|\n|t:|1698886305\n|switch|p2a: Dondozo|Dondozo, M|100\/100 slp\n|-damage|p2a: Dondozo|88\/100 slp|[from] Spikes\n|move|p1a: Groudon|Earthquake|p2a: Dondozo\n|-damage|p2a: Dondozo|77\/100 slp\n|\n|-heal|p2a: Dondozo|83\/100 slp|[from] item: Leftovers\n|upkeep\n|turn|15\n|\n|t:|1698886308\n|move|p1a: Groudon|Spikes|p2a: Dondozo\n|-sidestart|p2: Gimmickyasitgets|Spikes\n|cant|p2a: Dondozo|slp\n|\n|-heal|p2a: Dondozo|90\/100 slp|[from] item: Leftovers\n|upkeep\n|turn|16\n|\n|t:|1698886313\n|move|p1a: Groudon|Spikes|p2a: Dondozo\n|-sidestart|p2: Gimmickyasitgets|Spikes\n|cant|p2a: Dondozo|slp\n|\n|-heal|p2a: Dondozo|96\/100 slp|[from] item: Leftovers\n|upkeep\n|turn|17\n|\n|t:|1698886316\n|switch|p1a: Arceus|Arceus-Poison|80\/100\n|-damage|p1a: Arceus|68\/100|[from] Stealth Rock\n|-curestatus|p2a: Dondozo|slp|[msg]\n|move|p2a: Dondozo|Curse|p2a: Dondozo\n|-unboost|p2a: Dondozo|spe|1\n|-boost|p2a: Dondozo|atk|1\n|-boost|p2a: Dondozo|def|1\n|\n|-heal|p2a: Dondozo|100\/100|[from] item: Leftovers\n|upkeep\n|turn|18\n|\n|t:|1698886319\n|switch|p2a: Magearna|Magearna|100\/100\n|-damage|p2a: Magearna|75\/100|[from] Spikes\n|move|p1a: Arceus|Will-O-Wisp|p2a: Magearna\n|-status|p2a: Magearna|brn\n|\n|-damage|p2a: Magearna|69\/100 brn|[from] brn\n|upkeep\n|turn|19\n|\n|t:|1698886322\n|move|p1a: Arceus|Recover|p1a: Arceus\n|-heal|p1a: Arceus|100\/100\n|move|p2a: Magearna|Volt Switch|p1a: Arceus\n|-damage|p1a: Arceus|87\/100\n|\n|t:|1698886325\n|switch|p2a: Arceus|Arceus-Fire|100\/100|[from] Volt Switch\n|-weather|SunnyDay|[from] ability: Orichalcum Pulse|[of] p2a: Arceus\n|-activate|p2a: Arceus|Orichalcum Pulse|[source]\n|\n|-weather|SunnyDay|[upkeep]\n|upkeep\n|turn|20\n|\n|t:|1698886329\n|move|p2a: Arceus|Flare Blitz|p1a: Arceus\n|-damage|p1a: Arceus|57\/100\n|-damage|p2a: Arceus|89\/100|[from] Recoil\n|move|p1a: Arceus|Earth Power|p2a: Arceus\n|-supereffective|p2a: Arceus\n|-damage|p2a: Arceus|49\/100\n|\n|-weather|SunnyDay|[upkeep]\n|upkeep\n|turn|21\n|\n|t:|1698886335\n|move|p2a: Arceus|Earthquake|p1a: Arceus\n|-supereffective|p1a: Arceus\n|-damage|p1a: Arceus|33\/100\n|move|p1a: Arceus|Earth Power|p2a: Arceus\n|-supereffective|p2a: Arceus\n|-damage|p2a: Arceus|12\/100\n|\n|-weather|SunnyDay|[upkeep]\n|upkeep\n|turn|22\n|c|\u2606Ataki|!pick was a roll, wasnt\n|c| Ataki|\/raw <div class=\"infobox\"><em>We randomly picked:<\/em> was a roll<\/div>\n|\n|t:|1698886356\n|switch|p1a: Rayquaza|Rayquaza|100\/100\n|move|p2a: Arceus|Flare Blitz|p1a: Rayquaza\n|-resisted|p1a: Rayquaza\n|-damage|p1a: Rayquaza|42\/100\n|-status|p1a: Rayquaza|brn\n|-damage|p2a: Arceus|0 fnt|[from] Recoil\n|faint|p2a: Arceus\n|\n|-weather|SunnyDay|[upkeep]\n|-damage|p1a: Rayquaza|36\/100 brn|[from] brn\n|upkeep\n|c|+Natcrozma %\u25d5\u203f\u203f\u25d5%|wheres the hazard control\n|c|\u2606Gimmickyasitgets|forgor\n|\n|t:|1698886366\n|switch|p2a: Miraidon|Miraidon|100\/100\n|-damage|p2a: Miraidon|76\/100|[from] Spikes\n|-fieldstart|move: Electric Terrain|[from] ability: Hadron Engine|[of] p2a: Miraidon\n|turn|23\n|\n|t:|1698886370\n|move|p2a: Miraidon|Volt Switch|p1a: Rayquaza\n|-damage|p1a: Rayquaza|0 fnt\n|faint|p1a: Rayquaza\n|c|+Natcrozma %\u25d5\u203f\u203f\u25d5%|wheres the\n|\n|t:|1698886374\n|switch|p2a: Dondozo|Dondozo, M|100\/100|[from] Volt Switch\n|-damage|p2a: Dondozo|75\/100|[from] Spikes\n|\n|-weather|none\n|-heal|p2a: Dondozo|82\/100|[from] item: Leftovers\n|upkeep\n|\n|t:|1698886377\n|switch|p1a: Arceus|Arceus-Poison|33\/100\n|-damage|p1a: Arceus|21\/100|[from] Stealth Rock\n|turn|24\n|c|+Natcrozma %\u25d5\u203f\u203f\u25d5%|mbounce\n|c|+Natcrozma %\u25d5\u203f\u203f\u25d5%|gag\n|\n|t:|1698886381\n|switch|p2a: Magearna|Magearna|100\/100 brn\n|-damage|p2a: Magearna|75\/100 brn|[from] Spikes\n|move|p1a: Arceus|Recover|p1a: Arceus\n|-heal|p1a: Arceus|71\/100\n|\n|-damage|p2a: Magearna|69\/100 brn|[from] brn\n|upkeep\n|turn|25\n|\n|t:|1698886385\n|move|p1a: Arceus|Earth Power|p2a: Magearna\n|-supereffective|p2a: Magearna\n|-damage|p2a: Magearna|50\/100 brn\n|move|p2a: Magearna|Volt Switch|p1a: Arceus\n|-damage|p1a: Arceus|54\/100\n|c|\u2606Ataki|19\n|\n|t:|1698886390\n|switch|p2a: Dialga|Dialga-Origin|67\/100|[from] Volt Switch\n|\n|upkeep\n|turn|26\n|c|\u2606Ataki|nice regenvest\n|\n|t:|1698886397\n|switch|p1a: Palkia|Palkia|100\/100\n|-damage|p1a: Palkia|88\/100|[from] Stealth Rock\n|-ability|p1a: Palkia|Beads of Ruin\n|move|p2a: Dialga|Thunder Wave|p1a: Palkia\n|-status|p1a: Palkia|par\n|\n|upkeep\n|turn|27\n|\n|t:|1698886406\n|move|p2a: Dialga|Draco Meteor|p1a: Palkia\n|-supereffective|p1a: Palkia\n|-damage|p1a: Palkia|0 fnt\n|-unboost|p2a: Dialga|spa|2\n|faint|p1a: Palkia\n|\n|-fieldend|move: Electric Terrain\n|upkeep\n|\n|t:|1698886410\n|switch|p1a: Annihilape|Annihilape, F|100\/100 par\n|-damage|p1a: Annihilape|94\/100 par|[from] Stealth Rock\n|turn|28\n|\n|t:|1698886414\n|switch|p2a: Dondozo|Dondozo, M|82\/100\n|-damage|p2a: Dondozo|57\/100|[from] Spikes\n|move|p1a: Annihilape|U-turn|p2a: Dondozo\n|-damage|p2a: Dondozo|52\/100\n|\n|t:|1698886417\n|switch|p1a: Arceus|Arceus-Poison|54\/100|[from] U-turn\n|-damage|p1a: Arceus|41\/100|[from] Stealth Rock\n|\n|-heal|p2a: Dondozo|59\/100|[from] item: Leftovers\n|upkeep\n|turn|29\n|c|+Natcrozma %\u25d5\u203f\u203f\u25d5%|ate\n|\n|t:|1698886421\n|move|p1a: Arceus|Recover|p1a: Arceus\n|-heal|p1a: Arceus|91\/100\n|move|p2a: Dondozo|Rest|p2a: Dondozo\n|-status|p2a: Dondozo|slp|[from] move: Rest\n|-heal|p2a: Dondozo|100\/100 slp|[silent]\n|\n|upkeep\n|turn|30\n|\n|t:|1698886424\n|switch|p2a: Magearna|Magearna|83\/100 brn\n|-damage|p2a: Magearna|58\/100 brn|[from] Spikes\n|move|p1a: Arceus|Sludge Bomb|p2a: Magearna\n|-immune|p2a: Magearna\n|\n|-damage|p2a: Magearna|52\/100 brn|[from] brn\n|upkeep\n|turn|31\n|\n|t:|1698886427\n|move|p1a: Arceus|Earth Power|p2a: Magearna\n|-supereffective|p2a: Magearna\n|-damage|p2a: Magearna|31\/100 brn\n|-unboost|p2a: Magearna|spd|1\n|move|p2a: Magearna|Fleur Cannon|p1a: Arceus\n|-resisted|p1a: Arceus\n|-damage|p1a: Arceus|74\/100\n|-unboost|p2a: Magearna|spa|2\n|\n|-damage|p2a: Magearna|25\/100 brn|[from] brn\n|upkeep\n|turn|32\n|\n|t:|1698886431\n|switch|p2a: Scream Tail|Scream Tail|100\/100\n|-damage|p2a: Scream Tail|76\/100|[from] Spikes\n|move|p1a: Arceus|Sludge Bomb|p2a: Scream Tail\n|-supereffective|p2a: Scream Tail\n|-damage|p2a: Scream Tail|31\/100\n|-status|p2a: Scream Tail|psn\n|\n|-heal|p2a: Scream Tail|37\/100 psn|[from] item: Leftovers\n|-damage|p2a: Scream Tail|25\/100 psn|[from] psn\n|upkeep\n|turn|33\n|l| oaklies\n|\n|t:|1698886436\n|move|p2a: Scream Tail|Protect|p2a: Scream Tail\n|-singleturn|p2a: Scream Tail|Protect\n|move|p1a: Arceus|Earth Power|p2a: Scream Tail\n|-activate|p2a: Scream Tail|move: Protect\n|\n|-heal|p2a: Scream Tail|31\/100 psn|[from] item: Leftovers\n|-damage|p2a: Scream Tail|18\/100 psn|[from] psn\n|upkeep\n|turn|34\n|\n|t:|1698886440\n|move|p1a: Arceus|Earth Power|p2a: Scream Tail\n|-damage|p2a: Scream Tail|6\/100 psn\n|move|p2a: Scream Tail|Wish|p2a: Scream Tail\n|\n|-heal|p2a: Scream Tail|12\/100 psn|[from] item: Leftovers\n|-damage|p2a: Scream Tail|0 fnt|[from] psn\n|faint|p2a: Scream Tail\n|upkeep\n|\n|t:|1698886443\n|switch|p2a: Miraidon|Miraidon|76\/100\n|-damage|p2a: Miraidon|51\/100|[from] Spikes\n|-fieldstart|move: Electric Terrain|[from] ability: Hadron Engine|[of] p2a: Miraidon\n|turn|35\n|\n|t:|1698886447\n|switch|p1a: Annihilape|Annihilape, F|100\/100 par\n|-damage|p1a: Annihilape|94\/100 par|[from] Stealth Rock\n|move|p2a: Miraidon|Electro Drift|p1a: Annihilape\n|-damage|p1a: Annihilape|38\/100 par\n|\n|-heal|p2a: Miraidon|100\/100|[from] move: Wish|[wisher] Scream Tail\n|upkeep\n|turn|36\n|\n|t:|1698886450\n|switch|p1a: Groudon|Groudon|100\/100 tox\n|-damage|p1a: Groudon|94\/100 tox|[from] Stealth Rock\n|move|p2a: Miraidon|Electro Drift|p1a: Groudon\n|-immune|p1a: Groudon\n|\n|-heal|p1a: Groudon|100\/100 tox|[from] ability: Poison Heal\n|upkeep\n|turn|37\n|\n|t:|1698886456\n|switch|p2a: Dondozo|Dondozo, M|100\/100 slp\n|-damage|p2a: Dondozo|75\/100 slp|[from] Spikes\n|switch|p1a: Arceus|Arceus-Poison|74\/100\n|-damage|p1a: Arceus|62\/100|[from] Stealth Rock\n|\n|-heal|p2a: Dondozo|82\/100 slp|[from] item: Leftovers\n|upkeep\n|turn|38\n|\n|t:|1698886460\n|switch|p2a: Magearna|Magearna|58\/100 brn\n|-damage|p2a: Magearna|33\/100 brn|[from] Spikes\n|move|p1a: Arceus|Recover|p1a: Arceus\n|-heal|p1a: Arceus|100\/100\n|\n|-damage|p2a: Magearna|27\/100 brn|[from] brn\n|upkeep\n|turn|39\n|\n|t:|1698886463\n|move|p1a: Arceus|Earth Power|p2a: Magearna\n|-supereffective|p2a: Magearna\n|-damage|p2a: Magearna|8\/100 brn\n|move|p2a: Magearna|Volt Switch|p1a: Arceus\n|-damage|p1a: Arceus|84\/100\n|\n|t:|1698886464\n|switch|p2a: Dialga|Dialga-Origin|67\/100|[from] Volt Switch\n|\n|-fieldend|move: Electric Terrain\n|upkeep\n|turn|40\n|\n|t:|1698886467\n|switch|p1a: Annihilape|Annihilape, F|71\/100 par\n|-damage|p1a: Annihilape|65\/100 par|[from] Stealth Rock\n|move|p2a: Dialga|Thunder Wave|p1a: Annihilape\n|-fail|p1a: Annihilape|par\n|\n|upkeep\n|turn|41\n|l|+Natcrozma %\u25d5\u203f\u203f\u25d5%\n|\n|t:|1698886472\n|move|p2a: Dialga|Steel Beam|p1a: Annihilape\n|-damage|p1a: Annihilape|28\/100 par\n|move|p1a: Annihilape|Rage Fist|p2a: Dialga\n|-damage|p2a: Dialga|23\/100\n|\n|upkeep\n|turn|42\n|\n|t:|1698886480\n|move|p2a: Dialga|Steel Beam|p1a: Annihilape\n|-damage|p1a: Annihilape|0 fnt\n|faint|p1a: Annihilape\n|\n|upkeep\n|\n|t:|1698886483\n|switch|p1a: Zacian|Zacian|100\/100\n|-damage|p1a: Zacian|88\/100|[from] Stealth Rock\n|turn|43\n|\n|t:|1698886486\n|move|p1a: Zacian|Close Combat|p2a: Dialga\n|-supereffective|p2a: Dialga\n|-damage|p2a: Dialga|0 fnt\n|-unboost|p1a: Zacian|def|1\n|-unboost|p1a: Zacian|spd|1\n|faint|p2a: Dialga\n|\n|upkeep\n|\n|t:|1698886489\n|switch|p2a: Dondozo|Dondozo, M|82\/100 slp\n|-damage|p2a: Dondozo|57\/100 slp|[from] Spikes\n|turn|44\n|\n|t:|1698886492\n|switch|p1a: Arceus|Arceus-Poison|84\/100\n|-damage|p1a: Arceus|72\/100|[from] Stealth Rock\n|cant|p2a: Dondozo|slp\n|\n|-heal|p2a: Dondozo|63\/100 slp|[from] item: Leftovers\n|upkeep\n|turn|45\n|\n|t:|1698886494\n|switch|p2a: Magearna|Magearna|42\/100 brn\n|-damage|p2a: Magearna|17\/100 brn|[from] Spikes\n|move|p1a: Arceus|Sludge Bomb|p2a: Magearna\n|-immune|p2a: Magearna\n|\n|-damage|p2a: Magearna|11\/100 brn|[from] brn\n|upkeep\n|turn|46\n|\n|t:|1698886497\n|switch|p2a: Miraidon|Miraidon|100\/100\n|-damage|p2a: Miraidon|76\/100|[from] Spikes\n|-fieldstart|move: Electric Terrain|[from] ability: Hadron Engine|[of] p2a: Miraidon\n|move|p1a: Arceus|Earth Power|p2a: Miraidon\n|-supereffective|p2a: Miraidon\n|-damage|p2a: Miraidon|35\/100\n|\n|upkeep\n|turn|47\n|\n|t:|1698886503\n|switch|p1a: Groudon|Groudon|100\/100 tox\n|-damage|p1a: Groudon|94\/100 tox|[from] Stealth Rock\n|move|p2a: Miraidon|Draco Meteor|p1a: Groudon\n|-damage|p1a: Groudon|7\/100 tox\n|-unboost|p2a: Miraidon|spa|2\n|\n|-heal|p1a: Groudon|20\/100 tox|[from] ability: Poison Heal\n|upkeep\n|turn|48\n|\n|t:|1698886506\n|switch|p1a: Zacian|Zacian|88\/100\n|-damage|p1a: Zacian|76\/100|[from] Stealth Rock\n|move|p2a: Miraidon|Draco Meteor|p1a: Zacian\n|-immune|p1a: Zacian\n|\n|upkeep\n|turn|49\n|\n|t:|1698886510\n|switch|p2a: Dondozo|Dondozo, M|63\/100 slp\n|-damage|p2a: Dondozo|38\/100 slp|[from] Spikes\n|move|p1a: Zacian|Wild Charge|p2a: Dondozo\n|-supereffective|p2a: Dondozo\n|-damage|p2a: Dondozo|14\/100 slp\n|-damage|p1a: Zacian|66\/100|[from] Recoil\n|\n|-heal|p2a: Dondozo|20\/100 slp|[from] item: Leftovers\n|upkeep\n|turn|50\n|\n|t:|1698886513\n|switch|p2a: Magearna|Magearna|44\/100 brn\n|-damage|p2a: Magearna|19\/100 brn|[from] Spikes\n|move|p1a: Zacian|Wild Charge|p2a: Magearna\n|-damage|p2a: Magearna|0 fnt\n|faint|p2a: Magearna\n|-damage|p1a: Zacian|61\/100|[from] Recoil\n|\n|-fieldend|move: Electric Terrain\n|upkeep\n|\n|t:|1698886514\n|switch|p2a: Dondozo|Dondozo, M|20\/100 slp\n|-damage|p2a: Dondozo|0 fnt|[from] Spikes\n|faint|p2a: Dondozo\n|\n|t:|1698886515\n|switch|p2a: Miraidon|Miraidon|35\/100\n|-damage|p2a: Miraidon|10\/100|[from] Spikes\n|-fieldstart|move: Electric Terrain|[from] ability: Hadron Engine|[of] p2a: Miraidon\n|turn|51\n|c|\u2606Gimmickyasitgets|gg\n|\n|t:|1698886519\n|move|p1a: Zacian|Wild Charge|p2a: Miraidon\n|-resisted|p2a: Miraidon\n|-damage|p2a: Miraidon|0 fnt\n|faint|p2a: Miraidon\n|-damage|p1a: Zacian|59\/100|[from] Recoil\n|\n|win|Ataki\n|n|\u2606Ataki|ataki\n|n|\u2606Gimmickyasitgets|gimmickyasitgets\n","uploadtime":1698886527,"views":6,"p1id":"ataki","p2id":"gimmickyasitgets","formatid":"gen9anythinggoes","rating":0,"private":0,"password":""}