{"id":"gen9anythinggoes-1990633284","p1":"ChaotixPlays","p2":"JPSylvy","format":"[Gen 9] Anything Goes","log":"|j|\u2606ChaotixPlays\n|j|\u2606JPSylvy\n|t:|1699987368\n|gametype|singles\n|player|p1|ChaotixPlays|ghetsis-gen5bw|\n|player|p2|JPSylvy|266|\n|teamsize|p1|6\n|teamsize|p2|6\n|gen|9\n|tier|[Gen 9] Anything Goes\n|rule|HP Percentage Mod: HP is shown in percentages\n|rule|Endless Battle Clause: Forcing endless battles is banned\n|clearpoke\n|poke|p1|Iron Treads|\n|poke|p1|Umbreon, M|\n|poke|p1|Weezing-Galar, M|\n|poke|p1|Charjabug, F|\n|poke|p1|Typhlosion-Hisui, M|\n|poke|p1|Iron Valiant|\n|poke|p2|Ninetales-Alola, M|\n|poke|p2|Cetitan, M|\n|poke|p2|Slowking, M|\n|poke|p2|Tornadus-Therian, M|\n|poke|p2|Volcanion|\n|poke|p2|Iron Thorns|\n|teampreview\n|c|\u2606JPSylvy|best of luck :3\n|c|\u2606ChaotixPlays|u2\n|\n|t:|1699987442\n|start\n|switch|p1a: Typhlosion|Typhlosion-Hisui, M, shiny|100\/100\n|switch|p2a: Slowking|Slowking, M|100\/100\n|-item|p2a: Slowking|Leftovers|[from] ability: Frisk|[of] p1a: Typhlosion|[identify]\n|turn|1\n|\n|t:|1699987475\n|move|p1a: Typhlosion|Shadow Ball|p2a: Slowking\n|-supereffective|p2a: Slowking\n|-damage|p2a: Slowking|3\/100\n|move|p2a: Slowking|Scald|p1a: Typhlosion\n|-supereffective|p1a: Typhlosion\n|-damage|p1a: Typhlosion|31\/100\n|\n|-heal|p2a: Slowking|9\/100|[from] item: Leftovers\n|upkeep\n|turn|2\n|\n|t:|1699987503\n|switch|p2a: Tornadus|Tornadus-Therian, M|100\/100\n|move|p1a: Typhlosion|Shadow Ball|p2a: Tornadus\n|-damage|p2a: Tornadus|49\/100\n|\n|upkeep\n|turn|3\n|\n|t:|1699987572\n|switch|p1a: Charjabug|Charjabug, F|100\/100\n|move|p2a: Tornadus|Knock Off|p1a: Charjabug\n|-damage|p1a: Charjabug|89\/100\n|-enditem|p1a: Charjabug|Eviolite|[from] move: Knock Off|[of] p2a: Tornadus\n|\n|upkeep\n|turn|4\n|\n|t:|1699987595\n|move|p2a: Tornadus|U-turn|p1a: Charjabug\n|-damage|p1a: Charjabug|77\/100\n|\n|t:|1699987604\n|switch|p2a: Iron Thorns|Iron Thorns|100\/100|[from] U-turn\n|move|p1a: Charjabug|Sticky Web|p2a: Iron Thorns\n|-sidestart|p2: JPSylvy|move: Sticky Web\n|\n|upkeep\n|turn|5\n|\n|t:|1699987615\n|move|p2a: Iron Thorns|Dragon Dance|p2a: Iron Thorns\n|-boost|p2a: Iron Thorns|atk|1\n|-boost|p2a: Iron Thorns|spe|1\n|move|p1a: Charjabug|Lunge|p2a: Iron Thorns\n|-damage|p2a: Iron Thorns|78\/100\n|-unboost|p2a: Iron Thorns|atk|1\n|\n|-heal|p2a: Iron Thorns|84\/100|[from] item: Leftovers\n|upkeep\n|turn|6\n|\n|t:|1699987642\n|move|p2a: Iron Thorns|Rock Blast|p1a: Charjabug\n|-supereffective|p1a: Charjabug\n|-crit|p1a: Charjabug\n|-damage|p1a: Charjabug|42\/100\n|-supereffective|p1a: Charjabug\n|-damage|p1a: Charjabug|19\/100\n|-supereffective|p1a: Charjabug\n|-damage|p1a: Charjabug|0 fnt\n|faint|p1a: Charjabug\n|-hitcount|p1: Charjabug|3\n|\n|-heal|p2a: Iron Thorns|91\/100|[from] item: Leftovers\n|upkeep\n|\n|t:|1699987687\n|switch|p1a: Weezing|Weezing-Galar, M|100\/100\n|turn|7\n|\n|t:|1699987706\n|move|p2a: Iron Thorns|Dragon Dance|p2a: Iron Thorns\n|-boost|p2a: Iron Thorns|atk|1\n|-boost|p2a: Iron Thorns|spe|1\n|move|p1a: Weezing|Clear Smog|p2a: Iron Thorns\n|-resisted|p2a: Iron Thorns\n|-damage|p2a: Iron Thorns|82\/100\n|-clearboost|p2a: Iron Thorns\n|\n|-heal|p2a: Iron Thorns|88\/100|[from] item: Leftovers\n|upkeep\n|turn|8\n|\n|t:|1699987719\n|move|p2a: Iron Thorns|Dragon Dance|p2a: Iron Thorns\n|-boost|p2a: Iron Thorns|atk|1\n|-boost|p2a: Iron Thorns|spe|1\n|move|p1a: Weezing|Toxic Spikes|p2a: Iron Thorns\n|-sidestart|p2: JPSylvy|move: Toxic Spikes\n|\n|-heal|p2a: Iron Thorns|94\/100|[from] item: Leftovers\n|upkeep\n|turn|9\n|\n|t:|1699987726\n|move|p2a: Iron Thorns|Rock Blast|p1a: Weezing\n|-damage|p1a: Weezing|87\/100\n|-damage|p1a: Weezing|74\/100\n|-damage|p1a: Weezing|61\/100\n|-hitcount|p1a: Weezing|3\n|move|p1a: Weezing|Clear Smog|p2a: Iron Thorns\n|-resisted|p2a: Iron Thorns\n|-damage|p2a: Iron Thorns|86\/100\n|-clearboost|p2a: Iron Thorns\n|\n|-heal|p2a: Iron Thorns|92\/100|[from] item: Leftovers\n|-heal|p1a: Weezing|67\/100|[from] item: Black Sludge\n|upkeep\n|turn|10\n|\n|t:|1699987739\n|move|p2a: Iron Thorns|Dragon Dance|p2a: Iron Thorns\n|-boost|p2a: Iron Thorns|atk|1\n|-boost|p2a: Iron Thorns|spe|1\n|move|p1a: Weezing|Clear Smog|p2a: Iron Thorns\n|-resisted|p2a: Iron Thorns\n|-damage|p2a: Iron Thorns|84\/100\n|-clearboost|p2a: Iron Thorns\n|\n|-heal|p2a: Iron Thorns|90\/100|[from] item: Leftovers\n|-heal|p1a: Weezing|73\/100|[from] item: Black Sludge\n|upkeep\n|turn|11\n|\n|t:|1699987751\n|move|p2a: Iron Thorns|Dragon Dance|p2a: Iron Thorns\n|-boost|p2a: Iron Thorns|atk|1\n|-boost|p2a: Iron Thorns|spe|1\n|move|p1a: Weezing|Clear Smog|p2a: Iron Thorns\n|-resisted|p2a: Iron Thorns\n|-damage|p2a: Iron Thorns|81\/100\n|-clearboost|p2a: Iron Thorns\n|\n|-heal|p2a: Iron Thorns|87\/100|[from] item: Leftovers\n|-heal|p1a: Weezing|79\/100|[from] item: Black Sludge\n|upkeep\n|turn|12\n|\n|t:|1699987764\n|move|p2a: Iron Thorns|Dragon Dance|p2a: Iron Thorns\n|-boost|p2a: Iron Thorns|atk|1\n|-boost|p2a: Iron Thorns|spe|1\n|move|p1a: Weezing|Clear Smog|p2a: Iron Thorns\n|-resisted|p2a: Iron Thorns\n|-damage|p2a: Iron Thorns|77\/100\n|-clearboost|p2a: Iron Thorns\n|\n|-heal|p2a: Iron Thorns|83\/100|[from] item: Leftovers\n|-heal|p1a: Weezing|85\/100|[from] item: Black Sludge\n|upkeep\n|turn|13\n|\n|t:|1699987776\n|move|p2a: Iron Thorns|Dragon Dance|p2a: Iron Thorns\n|-boost|p2a: Iron Thorns|atk|1\n|-boost|p2a: Iron Thorns|spe|1\n|move|p1a: Weezing|Clear Smog|p2a: Iron Thorns\n|-resisted|p2a: Iron Thorns\n|-damage|p2a: Iron Thorns|75\/100\n|-clearboost|p2a: Iron Thorns\n|\n|-heal|p2a: Iron Thorns|81\/100|[from] item: Leftovers\n|-heal|p1a: Weezing|91\/100|[from] item: Black Sludge\n|upkeep\n|turn|14\n|\n|t:|1699987791\n|move|p2a: Iron Thorns|Rock Blast|p1a: Weezing|[miss]\n|-miss|p2a: Iron Thorns|p1a: Weezing\n|move|p1a: Weezing|Strange Steam|p2a: Iron Thorns\n|-damage|p2a: Iron Thorns|52\/100\n|\n|-heal|p2a: Iron Thorns|58\/100|[from] item: Leftovers\n|-heal|p1a: Weezing|97\/100|[from] item: Black Sludge\n|upkeep\n|turn|15\n|\n|t:|1699987861\n|-end|p2a: Iron Thorns|Quark Drive|[silent]\n|switch|p2a: Ninetales|Ninetales-Alola, M|100\/100\n|-activate|p2a: Ninetales|move: Sticky Web\n|-unboost|p2a: Ninetales|spe|1\n|-status|p2a: Ninetales|psn\n|-weather|Snow|[from] ability: Snow Warning|[of] p2a: Ninetales\n|move|p1a: Weezing|Toxic Spikes|p2a: Ninetales\n|-sidestart|p2: JPSylvy|move: Toxic Spikes\n|\n|-weather|Snow|[upkeep]\n|-heal|p1a: Weezing|100\/100|[from] item: Black Sludge\n|-damage|p2a: Ninetales|88\/100 psn|[from] psn\n|upkeep\n|turn|16\n|\n|t:|1699987899\n|move|p2a: Ninetales|Aurora Veil|p2a: Ninetales\n|-sidestart|p2: JPSylvy|move: Aurora Veil\n|move|p1a: Weezing|Clear Smog|p2a: Ninetales\n|-supereffective|p2a: Ninetales\n|-damage|p2a: Ninetales|73\/100 psn\n|-clearboost|p2a: Ninetales\n|\n|-weather|Snow|[upkeep]\n|-damage|p2a: Ninetales|60\/100 psn|[from] psn\n|upkeep\n|turn|17\n|\n|t:|1699987918\n|move|p2a: Ninetales|Encore|p1a: Weezing\n|-start|p1a: Weezing|Encore\n|move|p1a: Weezing|Clear Smog|p2a: Ninetales\n|-supereffective|p2a: Ninetales\n|-damage|p2a: Ninetales|46\/100 psn\n|-clearboost|p2a: Ninetales\n|\n|-weather|Snow|[upkeep]\n|-damage|p2a: Ninetales|34\/100 psn|[from] psn\n|upkeep\n|turn|18\n|\n|t:|1699987929\n|switch|p2a: Slowking|Slowking, M|42\/100\n|-activate|p2a: Slowking|move: Sticky Web\n|-unboost|p2a: Slowking|spe|1\n|-status|p2a: Slowking|tox\n|move|p1a: Weezing|Clear Smog|p2a: Slowking\n|-damage|p2a: Slowking|36\/100 tox\n|-clearboost|p2a: Slowking\n|\n|-weather|Snow|[upkeep]\n|-heal|p2a: Slowking|42\/100 tox|[from] item: Leftovers\n|-damage|p2a: Slowking|36\/100 tox|[from] psn\n|upkeep\n|turn|19\n|\n|t:|1699987945\n|move|p1a: Weezing|Clear Smog|p2a: Slowking\n|-damage|p2a: Slowking|29\/100 tox\n|-clearboost|p2a: Slowking\n|move|p2a: Slowking|Scald|p1a: Weezing\n|-damage|p1a: Weezing|62\/100\n|-status|p1a: Weezing|brn\n|\n|-weather|none\n|-heal|p1a: Weezing|68\/100 brn|[from] item: Black Sludge\n|-heal|p2a: Slowking|35\/100 tox|[from] item: Leftovers\n|-damage|p2a: Slowking|23\/100 tox|[from] psn\n|-damage|p1a: Weezing|62\/100 brn|[from] brn\n|-end|p1a: Weezing|Encore\n|upkeep\n|turn|20\n|\n|t:|1699987959\n|switch|p1a: Umbreon|Umbreon, M, shiny|100\/100\n|move|p2a: Slowking|Chilly Reception|p2a: Slowking\n|-weather|Snow\n|\n|t:|1699987966\n|switch|p2a: Cetitan|Cetitan, M|100\/100|[from] Chilly Reception\n|-activate|p2a: Cetitan|move: Sticky Web\n|-unboost|p2a: Cetitan|spe|1\n|-status|p2a: Cetitan|tox\n|\n|-weather|Snow|[upkeep]\n|-damage|p2a: Cetitan|94\/100 tox|[from] psn\n|upkeep\n|turn|21\n|\n|t:|1699987998\n|move|p2a: Cetitan|Belly Drum|p2a: Cetitan\n|-damage|p2a: Cetitan|44\/100 tox\n|-setboost|p2a: Cetitan|atk|6|[from] move: Belly Drum\n|-enditem|p2a: Cetitan|Sitrus Berry|[eat]\n|-heal|p2a: Cetitan|69\/100 tox|[from] item: Sitrus Berry\n|move|p1a: Umbreon|Foul Play|p2a: Cetitan\n|-damage|p2a: Cetitan|15\/100 tox\n|\n|-weather|Snow|[upkeep]\n|-damage|p2a: Cetitan|2\/100 tox|[from] psn\n|upkeep\n|turn|22\n|\n|t:|1699988012\n|move|p1a: Umbreon|Protect|p1a: Umbreon\n|-singleturn|p1a: Umbreon|Protect\n|move|p2a: Cetitan|Earthquake|p1a: Umbreon\n|-activate|p1a: Umbreon|move: Protect\n|\n|-weather|Snow|[upkeep]\n|-damage|p2a: Cetitan|0 fnt|[from] psn\n|faint|p2a: Cetitan\n|upkeep\n|\n|t:|1699988025\n|switch|p2a: Tornadus|Tornadus-Therian, M|82\/100\n|turn|23\n|\n|t:|1699988032\n|move|p2a: Tornadus|U-turn|p1a: Umbreon\n|-supereffective|p1a: Umbreon\n|-damage|p1a: Umbreon|80\/100\n|\n|t:|1699988036\n|switch|p2a: Ninetales|Ninetales-Alola, M|34\/100 psn|[from] U-turn\n|-activate|p2a: Ninetales|move: Sticky Web\n|-unboost|p2a: Ninetales|spe|1\n|move|p1a: Umbreon|Toxic||[still]\n|-fail|p1a: Umbreon\n|\n|-weather|Snow|[upkeep]\n|-heal|p1a: Umbreon|86\/100|[from] item: Leftovers\n|-damage|p2a: Ninetales|21\/100 psn|[from] psn\n|-sideend|p2: JPSylvy|move: Aurora Veil\n|upkeep\n|turn|24\n|\n|t:|1699988046\n|move|p2a: Ninetales|Aurora Veil|p2a: Ninetales\n|-sidestart|p2: JPSylvy|move: Aurora Veil\n|move|p1a: Umbreon|Wish|p1a: Umbreon\n|\n|-weather|none\n|-heal|p1a: Umbreon|92\/100|[from] item: Leftovers\n|-damage|p2a: Ninetales|9\/100 psn|[from] psn\n|upkeep\n|turn|25\n|\n|t:|1699988078\n|switch|p1a: Typhlosion|Typhlosion-Hisui, M, shiny|31\/100\n|-item|p2a: Ninetales|Light Clay|[from] ability: Frisk|[of] p1a: Typhlosion|[identify]\n|move|p2a: Ninetales|Moonblast|p1a: Typhlosion\n|-resisted|p1a: Typhlosion\n|-damage|p1a: Typhlosion|12\/100\n|\n|-heal|p1a: Typhlosion|80\/100|[from] move: Wish|[wisher] Umbreon\n|-damage|p2a: Ninetales|0 fnt|[from] psn\n|faint|p2a: Ninetales\n|upkeep\n|\n|t:|1699988272\n|switch|p2a: Tornadus|Tornadus-Therian, M|100\/100\n|turn|26\n|\n|t:|1699988292\n|switch|p1a: Iron Treads|Iron Treads|100\/100\n|move|p2a: Tornadus|Knock Off|p1a: Iron Treads\n|-damage|p1a: Iron Treads|88\/100\n|-damage|p2a: Tornadus|84\/100|[from] item: Rocky Helmet|[of] p1a: Iron Treads\n|-enditem|p1a: Iron Treads|Rocky Helmet|[from] move: Knock Off|[of] p2a: Tornadus\n|\n|upkeep\n|turn|27\n|\n|t:|1699988301\n|-end|p1a: Iron Treads|Quark Drive|[silent]\n|switch|p1a: Umbreon|Umbreon, M, shiny|92\/100\n|move|p2a: Tornadus|Heat Wave|p1a: Umbreon\n|-damage|p1a: Umbreon|75\/100\n|\n|-heal|p1a: Umbreon|81\/100|[from] item: Leftovers\n|upkeep\n|turn|28\n|\n|t:|1699988309\n|move|p2a: Tornadus|U-turn|p1a: Umbreon\n|-supereffective|p1a: Umbreon\n|-damage|p1a: Umbreon|59\/100\n|\n|t:|1699988312\n|switch|p2a: Slowking|Slowking, M|56\/100 tox|[from] U-turn\n|-activate|p2a: Slowking|move: Sticky Web\n|-unboost|p2a: Slowking|spe|1\n|move|p1a: Umbreon|Wish|p1a: Umbreon\n|\n|-heal|p1a: Umbreon|65\/100|[from] item: Leftovers\n|-heal|p2a: Slowking|62\/100 tox|[from] item: Leftovers\n|-damage|p2a: Slowking|56\/100 tox|[from] psn\n|upkeep\n|turn|29\n|\n|t:|1699988379\n|move|p1a: Umbreon|Foul Play|p2a: Slowking\n|-supereffective|p2a: Slowking\n|-damage|p2a: Slowking|41\/100 tox\n|move|p2a: Slowking|Scald|p1a: Umbreon\n|-damage|p1a: Umbreon|49\/100\n|\n|-heal|p1a: Umbreon|98\/100|[from] move: Wish|[wisher] Umbreon\n|-heal|p1a: Umbreon|100\/100|[from] item: Leftovers\n|-heal|p2a: Slowking|47\/100 tox|[from] item: Leftovers\n|-damage|p2a: Slowking|35\/100 tox|[from] psn\n|upkeep\n|turn|30\n|\n|t:|1699988438\n|move|p1a: Umbreon|Foul Play|p2a: Slowking\n|-supereffective|p2a: Slowking\n|-damage|p2a: Slowking|21\/100 tox\n|move|p2a: Slowking|Chilly Reception|p2a: Slowking\n|-weather|Snow\n|\n|t:|1699988448\n|switch|p2a: Tornadus|Tornadus-Therian, M|100\/100|[from] Chilly Reception\n|\n|-weather|Snow|[upkeep]\n|upkeep\n|turn|31\n|\n|t:|1699988456\n|move|p1a: Umbreon|Protect|p1a: Umbreon\n|-singleturn|p1a: Umbreon|Protect\n|move|p2a: Tornadus|U-turn|p1a: Umbreon\n|-activate|p1a: Umbreon|move: Protect\n|\n|-weather|Snow|[upkeep]\n|-sideend|p2: JPSylvy|move: Aurora Veil\n|upkeep\n|turn|32\n|\n|t:|1699988464\n|move|p2a: Tornadus|Knock Off|p1a: Umbreon\n|-resisted|p1a: Umbreon\n|-damage|p1a: Umbreon|93\/100\n|-enditem|p1a: Umbreon|Leftovers|[from] move: Knock Off|[of] p2a: Tornadus\n|move|p1a: Umbreon|Foul Play|p2a: Tornadus\n|-damage|p2a: Tornadus|63\/100\n|\n|-weather|Snow|[upkeep]\n|upkeep\n|turn|33\n|\n|t:|1699988472\n|move|p2a: Tornadus|U-turn|p1a: Umbreon\n|-supereffective|p1a: Umbreon\n|-damage|p1a: Umbreon|71\/100\n|\n|t:|1699988475\n|switch|p2a: Slowking|Slowking, M|54\/100 tox|[from] U-turn\n|-activate|p2a: Slowking|move: Sticky Web\n|-unboost|p2a: Slowking|spe|1\n|move|p1a: Umbreon|Toxic|p2a: Slowking\n|-fail|p2a: Slowking|tox\n|\n|-weather|Snow|[upkeep]\n|-heal|p2a: Slowking|60\/100 tox|[from] item: Leftovers\n|-damage|p2a: Slowking|54\/100 tox|[from] psn\n|upkeep\n|turn|34\n|\n|t:|1699988486\n|move|p1a: Umbreon|Wish|p1a: Umbreon\n|move|p2a: Slowking|Chilly Reception|p2a: Slowking\n|\n|t:|1699988492\n|switch|p2a: Tornadus|Tornadus-Therian, M|96\/100|[from] Chilly Reception\n|\n|-weather|none\n|upkeep\n|turn|35\n|\n|t:|1699988498\n|move|p2a: Tornadus|U-turn|p1a: Umbreon\n|-supereffective|p1a: Umbreon\n|-damage|p1a: Umbreon|51\/100\n|\n|t:|1699988501\n|switch|p2a: Slowking|Slowking, M|87\/100 tox|[from] U-turn\n|-activate|p2a: Slowking|move: Sticky Web\n|-unboost|p2a: Slowking|spe|1\n|move|p1a: Umbreon|Toxic|p2a: Slowking\n|-fail|p2a: Slowking|tox\n|\n|-heal|p1a: Umbreon|100\/100|[from] move: Wish|[wisher] Umbreon\n|-heal|p2a: Slowking|93\/100 tox|[from] item: Leftovers\n|-damage|p2a: Slowking|87\/100 tox|[from] psn\n|upkeep\n|turn|36\n|\n|t:|1699988515\n|move|p1a: Umbreon|Foul Play|p2a: Slowking\n|-supereffective|p2a: Slowking\n|-damage|p2a: Slowking|57\/100 tox\n|move|p2a: Slowking|Chilly Reception|p2a: Slowking\n|-weather|Snow\n|\n|t:|1699988521\n|switch|p2a: Tornadus|Tornadus-Therian, M|100\/100|[from] Chilly Reception\n|\n|-weather|Snow|[upkeep]\n|upkeep\n|turn|37\n|\n|t:|1699988531\n|switch|p1a: Weezing|Weezing-Galar, M|62\/100 brn\n|move|p2a: Tornadus|U-turn|p1a: Weezing\n|-resisted|p1a: Weezing\n|-damage|p1a: Weezing|59\/100 brn\n|\n|t:|1699988538\n|switch|p2a: Slowking|Slowking, M|90\/100 tox|[from] U-turn\n|-activate|p2a: Slowking|move: Sticky Web\n|-unboost|p2a: Slowking|spe|1\n|\n|-weather|Snow|[upkeep]\n|-heal|p1a: Weezing|65\/100 brn|[from] item: Black Sludge\n|-heal|p2a: Slowking|96\/100 tox|[from] item: Leftovers\n|-damage|p2a: Slowking|90\/100 tox|[from] psn\n|-damage|p1a: Weezing|59\/100 brn|[from] brn\n|upkeep\n|turn|38\n|\n|t:|1699988585\n|move|p1a: Weezing|Pain Split|p2a: Slowking\n|-sethp|p2a: Slowking|70\/100 tox|[from] move: Pain Split|[silent]\n|-sethp|p1a: Weezing|83\/100 brn|[from] move: Pain Split\n|move|p2a: Slowking|Scald|p1a: Weezing\n|-damage|p1a: Weezing|49\/100 brn\n|\n|-weather|Snow|[upkeep]\n|-heal|p1a: Weezing|55\/100 brn|[from] item: Black Sludge\n|-heal|p2a: Slowking|76\/100 tox|[from] item: Leftovers\n|-damage|p2a: Slowking|64\/100 tox|[from] psn\n|-damage|p1a: Weezing|49\/100 brn|[from] brn\n|upkeep\n|turn|39\n|\n|t:|1699988604\n|move|p1a: Weezing|Strange Steam|p2a: Slowking\n|-damage|p2a: Slowking|43\/100 tox\n|-start|p2a: Slowking|confusion\n|-activate|p2a: Slowking|confusion\n|-damage|p2a: Slowking|40\/100 tox|[from] confusion\n|\n|-weather|Snow|[upkeep]\n|-heal|p1a: Weezing|55\/100 brn|[from] item: Black Sludge\n|-heal|p2a: Slowking|46\/100 tox|[from] item: Leftovers\n|-damage|p2a: Slowking|27\/100 tox|[from] psn\n|-damage|p1a: Weezing|49\/100 brn|[from] brn\n|upkeep\n|turn|40\n|\n|t:|1699988625\n|switch|p2a: Tornadus|Tornadus-Therian, M|100\/100\n|move|p1a: Weezing|Strange Steam|p2a: Tornadus\n|-damage|p2a: Tornadus|79\/100\n|\n|-weather|none\n|-heal|p1a: Weezing|55\/100 brn|[from] item: Black Sludge\n|-damage|p1a: Weezing|49\/100 brn|[from] brn\n|upkeep\n|turn|41\n|\n|t:|1699988669\n|move|p2a: Tornadus|Knock Off|p1a: Weezing\n|-resisted|p1a: Weezing\n|-damage|p1a: Weezing|41\/100 brn\n|-enditem|p1a: Weezing|Black Sludge|[from] move: Knock Off|[of] p2a: Tornadus\n|move|p1a: Weezing|Pain Split|p2a: Tornadus\n|-sethp|p2a: Tornadus|63\/100|[from] move: Pain Split|[silent]\n|-sethp|p1a: Weezing|56\/100 brn|[from] move: Pain Split\n|\n|-damage|p1a: Weezing|50\/100 brn|[from] brn\n|upkeep\n|turn|42\n|\n|t:|1699988686\n|move|p2a: Tornadus|Bleakwind Storm|p1a: Weezing\n|-damage|p1a: Weezing|0 fnt\n|faint|p1a: Weezing\n|\n|upkeep\n|\n|t:|1699988730\n|switch|p1a: Umbreon|Umbreon, M, shiny|100\/100\n|turn|43\n|\n|t:|1699988737\n|move|p2a: Tornadus|U-turn|p1a: Umbreon\n|-supereffective|p1a: Umbreon\n|-damage|p1a: Umbreon|80\/100\n|\n|t:|1699988741\n|switch|p2a: Slowking|Slowking, M|61\/100 tox|[from] U-turn\n|-activate|p2a: Slowking|move: Sticky Web\n|-unboost|p2a: Slowking|spe|1\n|move|p1a: Umbreon|Foul Play|p2a: Slowking\n|-supereffective|p2a: Slowking\n|-damage|p2a: Slowking|34\/100 tox\n|\n|-heal|p2a: Slowking|40\/100 tox|[from] item: Leftovers\n|-damage|p2a: Slowking|34\/100 tox|[from] psn\n|upkeep\n|turn|44\n|\n|t:|1699988758\n|move|p1a: Umbreon|Foul Play|p2a: Slowking\n|-supereffective|p2a: Slowking\n|-crit|p2a: Slowking\n|-damage|p2a: Slowking|0 fnt\n|faint|p2a: Slowking\n|\n|upkeep\n|c|\u2606JPSylvy|welp\n|c|\u2606JPSylvy|gg gotta love it\n|\n|t:|1699988791\n|switch|p2a: Volcanion|Volcanion|100\/100\n|-activate|p2a: Volcanion|move: Sticky Web\n|-unboost|p2a: Volcanion|spe|1\n|-status|p2a: Volcanion|tox\n|turn|45\n|\n|t:|1699988803\n|move|p1a: Umbreon|Wish|p1a: Umbreon\n|move|p2a: Volcanion|Steam Eruption|p1a: Umbreon|[miss]\n|-miss|p2a: Volcanion|p1a: Umbreon\n|\n|-damage|p2a: Volcanion|95\/100 tox|[from] psn\n|upkeep\n|turn|46\n|c|\u2606JPSylvy|95acc\n|\n|t:|1699988819\n|move|p1a: Umbreon|Foul Play|p2a: Volcanion\n|-damage|p2a: Volcanion|66\/100 tox\n|move|p2a: Volcanion|Steam Eruption|p1a: Umbreon\n|-damage|p1a: Umbreon|23\/100\n|\n|-heal|p1a: Umbreon|73\/100|[from] move: Wish|[wisher] Umbreon\n|-damage|p2a: Volcanion|54\/100 tox|[from] psn\n|upkeep\n|turn|47\n|\n|t:|1699988828\n|move|p1a: Umbreon|Protect|p1a: Umbreon\n|-singleturn|p1a: Umbreon|Protect\n|move|p2a: Volcanion|Steam Eruption|p1a: Umbreon\n|-activate|p1a: Umbreon|move: Protect\n|\n|-damage|p2a: Volcanion|36\/100 tox|[from] psn\n|upkeep\n|turn|48\n|\n|t:|1699988851\n|move|p1a: Umbreon|Protect||[still]\n|-fail|p1a: Umbreon\n|move|p2a: Volcanion|Steam Eruption|p1a: Umbreon\n|-damage|p1a: Umbreon|18\/100\n|\n|-damage|p2a: Volcanion|12\/100 tox|[from] psn\n|upkeep\n|turn|49\n|\n|t:|1699988870\n|switch|p2a: Iron Thorns|Iron Thorns|58\/100\n|-activate|p2a: Iron Thorns|move: Sticky Web\n|-unboost|p2a: Iron Thorns|spe|1\n|-status|p2a: Iron Thorns|tox\n|move|p1a: Umbreon|Foul Play|p2a: Iron Thorns\n|-damage|p2a: Iron Thorns|9\/100 tox\n|\n|-heal|p2a: Iron Thorns|15\/100 tox|[from] item: Leftovers\n|-damage|p2a: Iron Thorns|9\/100 tox|[from] psn\n|upkeep\n|turn|50\n|\n|t:|1699988906\n|move|p2a: Iron Thorns|Rock Blast|p1a: Umbreon\n|-damage|p1a: Umbreon|8\/100\n|-damage|p1a: Umbreon|0 fnt\n|faint|p1a: Umbreon\n|-hitcount|p1: Umbreon|2\n|\n|-heal|p2a: Iron Thorns|15\/100 tox|[from] item: Leftovers\n|-damage|p2a: Iron Thorns|3\/100 tox|[from] psn\n|upkeep\n|\n|t:|1699988920\n|switch|p1a: Iron Treads|Iron Treads|88\/100\n|turn|51\n|\n|t:|1699988930\n|move|p1a: Iron Treads|Knock Off|p2a: Iron Thorns\n|-damage|p2a: Iron Thorns|0 fnt\n|-enditem|p2a: Iron Thorns|Leftovers|[from] move: Knock Off|[of] p1a: Iron Treads\n|faint|p2a: Iron Thorns\n|-end|p2a: Iron Thorns|Quark Drive|[silent]\n|\n|upkeep\n|\n|t:|1699988935\n|switch|p2a: Tornadus|Tornadus-Therian, M|96\/100\n|turn|52\n|\n|t:|1699988942\n|move|p2a: Tornadus|Heat Wave|p1a: Iron Treads\n|-supereffective|p1a: Iron Treads\n|-damage|p1a: Iron Treads|15\/100\n|move|p1a: Iron Treads|Knock Off|p2a: Tornadus\n|-damage|p2a: Tornadus|56\/100\n|-enditem|p2a: Tornadus|Assault Vest|[from] move: Knock Off|[of] p1a: Iron Treads\n|\n|upkeep\n|turn|53\n|\n|t:|1699988955\n|move|p2a: Tornadus|Heat Wave|p1a: Iron Treads\n|-supereffective|p1a: Iron Treads\n|-damage|p1a: Iron Treads|0 fnt\n|faint|p1a: Iron Treads\n|-end|p1a: Iron Treads|Quark Drive|[silent]\n|\n|upkeep\n|\n|t:|1699988959\n|switch|p1a: Typhlosion|Typhlosion-Hisui, M, shiny|80\/100\n|turn|54\n|\n|t:|1699989044\n|move|p2a: Tornadus|U-turn|p1a: Typhlosion\n|-resisted|p1a: Typhlosion\n|-damage|p1a: Typhlosion|75\/100\n|\n|t:|1699989049\n|switch|p2a: Volcanion|Volcanion|12\/100 tox|[from] U-turn\n|-activate|p2a: Volcanion|move: Sticky Web\n|-unboost|p2a: Volcanion|spe|1\n|move|p1a: Typhlosion|Flamethrower|p2a: Volcanion\n|-resisted|p2a: Volcanion\n|-damage|p2a: Volcanion|0 fnt\n|faint|p2a: Volcanion\n|\n|upkeep\n|\n|t:|1699989057\n|switch|p2a: Tornadus|Tornadus-Therian, M|89\/100\n|turn|55\n|\n|t:|1699989069\n|move|p2a: Tornadus|Knock Off|p1a: Typhlosion\n|-supereffective|p1a: Typhlosion\n|-damage|p1a: Typhlosion|14\/100\n|-enditem|p1a: Typhlosion|Choice Specs|[from] move: Knock Off|[of] p2a: Tornadus\n|move|p1a: Typhlosion|Flamethrower|p2a: Tornadus\n|-damage|p2a: Tornadus|36\/100\n|\n|upkeep\n|turn|56\n|\n|t:|1699989080\n|move|p2a: Tornadus|Bleakwind Storm|p1a: Typhlosion\n|-damage|p1a: Typhlosion|0 fnt\n|faint|p1a: Typhlosion\n|\n|upkeep\n|\n|t:|1699989083\n|switch|p1a: Iron Valiant|Iron Valiant, shiny|100\/100\n|turn|57\n|\n|t:|1699989095\n|move|p2a: Tornadus|Bleakwind Storm|p1a: Iron Valiant|[miss]\n|-miss|p2a: Tornadus|p1a: Iron Valiant\n|move|p1a: Iron Valiant|Thunder Punch|p2a: Tornadus\n|-supereffective|p2a: Tornadus\n|-damage|p2a: Tornadus|0 fnt\n|faint|p2a: Tornadus\n|\n|win|ChaotixPlays\n|c|\u2606ChaotixPlays|gg\n|c|\u2606JPSylvy|gg\n|l|\u2606JPSylvy\n","uploadtime":1699989181,"views":44,"p1id":"chaotixplays","p2id":"jpsylvy","formatid":"gen9anythinggoes","rating":0,"private":0,"password":""}