{"id":"gen9anythinggoes-1982931737","p1":"demolius321","p2":"LingLing007","format":"[Gen 9] Anything Goes","log":"|j|\u2606demolius321\n|j|\u2606LingLing007\n|t:|1699060083\n|gametype|singles\n|player|p1|demolius321|ethan|1281\n|player|p2|LingLing007|hilbert-masters2|1277\n|teamsize|p1|6\n|teamsize|p2|6\n|gen|9\n|tier|[Gen 9] Anything Goes\n|rated|\n|rule|HP Percentage Mod: HP is shown in percentages\n|rule|Endless Battle Clause: Forcing endless battles is banned\n|clearpoke\n|poke|p1|Dragonite, M|\n|poke|p1|Mew|\n|poke|p1|Volcarona, F|\n|poke|p1|Zacian-*|\n|poke|p1|Miraidon|\n|poke|p1|Iron Bundle|\n|poke|p2|Roaring Moon|\n|poke|p2|Toxapex, F|\n|poke|p2|Gliscor, M|\n|poke|p2|Polteageist-Antique|\n|poke|p2|Tinkaton, F|\n|poke|p2|Gengar, M|\n|teampreview\n|inactive|Battle timer is ON: inactive players will automatically lose when time's up. (requested by demolius321)\n|\n|t:|1699060100\n|start\n|switch|p1a: Dragonite|Dragonite, M|100\/100\n|switch|p2a: Tinkaton|Tinkaton, F|100\/100\n|-ability|p2a: Tinkaton|Mold Breaker\n|turn|1\n|\n|t:|1699060124\n|move|p1a: Dragonite|Dragon Dance|p1a: Dragonite\n|-boost|p1a: Dragonite|atk|1\n|-boost|p1a: Dragonite|spe|1\n|move|p2a: Tinkaton|Thunder Wave|p1a: Dragonite\n|-status|p1a: Dragonite|par\n|\n|upkeep\n|turn|2\n|\n|t:|1699060133\n|move|p1a: Dragonite|Extreme Speed|p2a: Tinkaton\n|-resisted|p2a: Tinkaton\n|-damage|p2a: Tinkaton|84\/100\n|move|p2a: Tinkaton|Encore|p1a: Dragonite\n|-start|p1a: Dragonite|Encore\n|\n|-heal|p2a: Tinkaton|90\/100|[from] item: Leftovers\n|upkeep\n|turn|3\n|\n|t:|1699060139\n|move|p1a: Dragonite|Extreme Speed|p2a: Tinkaton\n|-resisted|p2a: Tinkaton\n|-damage|p2a: Tinkaton|71\/100\n|move|p2a: Tinkaton|Knock Off|p1a: Dragonite\n|-damage|p1a: Dragonite|79\/100 par\n|-enditem|p1a: Dragonite|Dragon Fang|[from] move: Knock Off|[of] p2a: Tinkaton\n|\n|-heal|p2a: Tinkaton|77\/100|[from] item: Leftovers\n|upkeep\n|turn|4\n|\n|t:|1699060145\n|switch|p2a: Polteageist|Polteageist-Antique|100\/100\n|move|p1a: Dragonite|Extreme Speed|p2a: Polteageist\n|-immune|p2a: Polteageist\n|\n|upkeep\n|turn|5\n|\n|t:|1699060154\n|switch|p1a: Zacian|Zacian-Crowned|100\/100\n|-ability|p1a: Zacian|Intrepid Sword|boost\n|-boost|p1a: Zacian|atk|1\n|move|p2a: Polteageist|Shell Smash|p2a: Polteageist\n|-unboost|p2a: Polteageist|def|1\n|-unboost|p2a: Polteageist|spd|1\n|-boost|p2a: Polteageist|atk|2\n|-boost|p2a: Polteageist|spa|2\n|-boost|p2a: Polteageist|spe|2\n|\n|upkeep\n|turn|6\n|\n|t:|1699060160\n|move|p2a: Polteageist|Stored Power|p1a: Zacian\n|-resisted|p1a: Zacian\n|-damage|p1a: Zacian|51\/100\n|move|p1a: Zacian|Behemoth Blade|p2a: Polteageist\n|-enditem|p2a: Polteageist|Focus Sash\n|-damage|p2a: Polteageist|1\/100\n|\n|upkeep\n|turn|7\n|\n|t:|1699060171\n|move|p2a: Polteageist|Stored Power|p1a: Zacian\n|-resisted|p1a: Zacian\n|-damage|p1a: Zacian|3\/100\n|move|p1a: Zacian|Behemoth Blade|p2a: Polteageist\n|-damage|p2a: Polteageist|0 fnt\n|-start|p1a: Zacian|Disable|Behemoth Blade|[from] ability: Cursed Body|[of] p2a: Polteageist\n|faint|p2a: Polteageist\n|\n|upkeep\n|\n|t:|1699060180\n|switch|p2a: Tinkaton|Tinkaton, F|77\/100\n|-ability|p2a: Tinkaton|Mold Breaker\n|turn|8\n|\n|t:|1699060195\n|switch|p1a: Dragonite|Dragonite, M|79\/100 par\n|switch|p2a: Toxapex|Toxapex, F|100\/100\n|\n|upkeep\n|turn|9\n|\n|t:|1699060212\n|switch|p2a: Tinkaton|Tinkaton, F|77\/100\n|-ability|p2a: Tinkaton|Mold Breaker\n|move|p1a: Dragonite|Dragon Claw|p2a: Tinkaton\n|-immune|p2a: Tinkaton\n|\n|-heal|p2a: Tinkaton|83\/100|[from] item: Leftovers\n|upkeep\n|turn|10\n|\n|t:|1699060221\n|move|p2a: Tinkaton|Encore|p1a: Dragonite\n|-start|p1a: Dragonite|Encore\n|move|p1a: Dragonite|Dragon Claw|p2a: Tinkaton\n|-immune|p2a: Tinkaton\n|\n|-heal|p2a: Tinkaton|89\/100|[from] item: Leftovers\n|upkeep\n|turn|11\n|\n|t:|1699060228\n|switch|p1a: Zacian|Zacian-Crowned|3\/100\n|move|p2a: Tinkaton|Knock Off|p1a: Zacian\n|-resisted|p1a: Zacian\n|-damage|p1a: Zacian|0 fnt\n|faint|p1a: Zacian\n|\n|-heal|p2a: Tinkaton|95\/100|[from] item: Leftovers\n|upkeep\n|\n|t:|1699060234\n|switch|p1a: Volcarona|Volcarona, F|100\/100\n|turn|12\n|\n|t:|1699060239\n|move|p1a: Volcarona|Giga Drain|p2a: Tinkaton\n|-resisted|p2a: Tinkaton\n|-damage|p2a: Tinkaton|83\/100\n|move|p2a: Tinkaton|Thunder Wave|p1a: Volcarona\n|-status|p1a: Volcarona|par\n|\n|-heal|p2a: Tinkaton|89\/100|[from] item: Leftovers\n|upkeep\n|turn|13\n|\n|t:|1699060243\n|move|p2a: Tinkaton|Knock Off|p1a: Volcarona\n|-damage|p1a: Volcarona|72\/100 par\n|-enditem|p1a: Volcarona|Charcoal|[from] move: Knock Off|[of] p2a: Tinkaton\n|move|p1a: Volcarona|Fiery Dance|p2a: Tinkaton\n|-supereffective|p2a: Tinkaton\n|-damage|p2a: Tinkaton|2\/100\n|\n|-heal|p2a: Tinkaton|8\/100|[from] item: Leftovers\n|upkeep\n|turn|14\n|\n|t:|1699060252\n|switch|p2a: Toxapex|Toxapex, F|100\/100\n|cant|p1a: Volcarona|par\n|\n|upkeep\n|turn|15\n|\n|t:|1699060269\n|cant|p1a: Volcarona|par\n|move|p2a: Toxapex|Liquidation|p1a: Volcarona\n|-supereffective|p1a: Volcarona\n|-damage|p1a: Volcarona|14\/100 par\n|\n|upkeep\n|turn|16\n|\n|t:|1699060274\n|move|p1a: Volcarona|Giga Drain|p2a: Toxapex\n|-damage|p2a: Toxapex|82\/100\n|-heal|p1a: Volcarona|24\/100 par|[from] drain|[of] p2a: Toxapex\n|move|p2a: Toxapex|Liquidation|p1a: Volcarona\n|-supereffective|p1a: Volcarona\n|-damage|p1a: Volcarona|0 fnt\n|-status|p2a: Toxapex|brn|[from] ability: Flame Body|[of] p1a: Volcarona\n|faint|p1a: Volcarona\n|\n|-damage|p2a: Toxapex|75\/100 brn|[from] brn\n|upkeep\n|\n|t:|1699060280\n|switch|p1a: Mew|Mew|100\/100\n|turn|17\n|\n|t:|1699060286\n|move|p1a: Mew|Psychic|p2a: Toxapex\n|-supereffective|p2a: Toxapex\n|-damage|p2a: Toxapex|16\/100 brn\n|move|p2a: Toxapex|Toxic||[still]\n|-status|p1a: Mew|tox\n|-activate|p1a: Mew|ability: Synchronize\n|-fail|p1a: Mew\n|\n|-damage|p1a: Mew|94\/100 tox|[from] psn\n|-damage|p2a: Toxapex|9\/100 brn|[from] brn\n|upkeep\n|turn|18\n|\n|t:|1699060295\n|switch|p2a: Roaring Moon|Roaring Moon|100\/100\n|-enditem|p2a: Roaring Moon|Booster Energy\n|-activate|p2a: Roaring Moon|ability: Protosynthesis|[fromitem]\n|-start|p2a: Roaring Moon|protosynthesisspe\n|move|p1a: Mew|Transform|p2a: Roaring Moon\n|-transform|p1a: Mew|p2a: Roaring Moon\n|\n|-damage|p1a: Mew|82\/100 tox|[from] psn\n|upkeep\n|turn|19\n|\n|t:|1699060317\n|-end|p1a: Mew|Protosynthesis|[silent]\n|switch|p1a: Dragonite|Dragonite, M|79\/100 par\n|-terastallize|p2a: Roaring Moon|Flying\n|move|p2a: Roaring Moon|Dragon Dance|p2a: Roaring Moon\n|-boost|p2a: Roaring Moon|atk|1\n|-boost|p2a: Roaring Moon|spe|1\n|\n|upkeep\n|turn|20\n|\n|t:|1699060330\n|move|p2a: Roaring Moon|Knock Off|p1a: Dragonite\n|-damage|p1a: Dragonite|25\/100 par\n|move|p1a: Dragonite|Dragon Claw|p2a: Roaring Moon\n|-damage|p2a: Roaring Moon|47\/100\n|\n|upkeep\n|turn|21\n|\n|t:|1699060337\n|cant|p1a: Dragonite|par\n|move|p2a: Roaring Moon|Acrobatics|p1a: Dragonite\n|-damage|p1a: Dragonite|0 fnt\n|faint|p1a: Dragonite\n|\n|upkeep\n|\n|t:|1699060346\n|switch|p1a: Miraidon|Miraidon|100\/100\n|-fieldstart|move: Electric Terrain|[from] ability: Hadron Engine|[of] p1a: Miraidon\n|turn|22\n|\n|t:|1699060350\n|move|p2a: Roaring Moon|Earthquake|p1a: Miraidon\n|-supereffective|p1a: Miraidon\n|-damage|p1a: Miraidon|0 fnt\n|faint|p1a: Miraidon\n|\n|upkeep\n|\n|t:|1699060353\n|switch|p1a: Iron Bundle|Iron Bundle|100\/100\n|-activate|p1a: Iron Bundle|ability: Quark Drive\n|-start|p1a: Iron Bundle|quarkdrivespe\n|turn|23\n|\n|t:|1699060357\n|move|p2a: Roaring Moon|Knock Off|p1a: Iron Bundle\n|-damage|p1a: Iron Bundle|0 fnt\n|-enditem|p1a: Iron Bundle|Wise Glasses|[from] move: Knock Off|[of] p2a: Roaring Moon\n|faint|p1a: Iron Bundle\n|-end|p1a: Iron Bundle|Quark Drive|[silent]\n|\n|upkeep\n|\n|t:|1699060367\n|switch|p1a: Mew|Mew|82\/100 tox\n|turn|24\n|\n|t:|1699060371\n|move|p2a: Roaring Moon|Knock Off|p1a: Mew\n|-supereffective|p1a: Mew\n|-damage|p1a: Mew|0 fnt\n|-enditem|p1a: Mew|Twisted Spoon|[from] move: Knock Off|[of] p2a: Roaring Moon\n|faint|p1a: Mew\n|\n|win|LingLing007\n|raw|demolius321's rating: 1281 &rarr; <strong>1256<\/strong><br \/>(-25 for losing)\n|raw|LingLing007's rating: 1277 &rarr; <strong>1302<\/strong><br \/>(+25 for winning)\n|l|\u2606demolius321\n","uploadtime":1699060376,"views":9,"p1id":"demolius321","p2id":"lingling007","formatid":"gen9anythinggoes","rating":1256,"private":0,"password":""}