{"id":"gen9anythinggoes-1988369646","p1":"Skitty Kitty x3","p2":"Anzeek","format":"[Gen 9] Anything Goes","log":"|j|\u2606Skitty Kitty x3\n|j|\u2606Anzeek\n|t:|1699715005\n|gametype|singles\n|player|p1|Skitty Kitty x3|nemona-v|\n|player|p2|Anzeek|ghetsis-gen5bw|\n|teamsize|p1|6\n|teamsize|p2|6\n|gen|9\n|tier|[Gen 9] Anything Goes\n|rule|HP Percentage Mod: HP is shown in percentages\n|rule|Endless Battle Clause: Forcing endless battles is banned\n|clearpoke\n|poke|p1|Scizor, M|\n|poke|p1|Shaymin-Sky|\n|poke|p1|Clodsire, M|\n|poke|p1|Naclstack, F|\n|poke|p1|Milotic, M|\n|poke|p1|Umbreon, F|\n|poke|p2|Flutter Mane|\n|poke|p2|Heatran, F|\n|poke|p2|Palafin, F|\n|poke|p2|Regieleki|\n|poke|p2|Salamence, F|\n|poke|p2|Forretress, F|\n|teampreview\n|c|\u2606Skitty Kitty x3|hf ^^\n|\n|t:|1699715055\n|start\n|switch|p1a: Clodsire|Clodsire, M|100\/100\n|switch|p2a: Forretress|Forretress, F|100\/100\n|turn|1\n|c|\u2606Anzeek|du auch ^^\n|\n|t:|1699715088\n|switch|p1a: Naclstack|Naclstack, F|100\/100\n|move|p2a: Forretress|Spikes|p1a: Naclstack\n|-sidestart|p1: Skitty Kitty x3|Spikes\n|\n|upkeep\n|turn|2\n|\n|t:|1699715121\n|switch|p2a: Regieleki|Regieleki|100\/100\n|move|p1a: Naclstack|Salt Cure|p2a: Regieleki\n|-damage|p2a: Regieleki|88\/100\n|-start|p2a: Regieleki|Salt Cure\n|\n|-damage|p2a: Regieleki|75\/100|[from] Salt Cure\n|upkeep\n|turn|3\n|\n|t:|1699715158\n|switch|p2a: Forretress|Forretress, F|100\/100\n|move|p1a: Naclstack|Curse|p1a: Naclstack\n|-unboost|p1a: Naclstack|spe|1\n|-boost|p1a: Naclstack|atk|1\n|-boost|p1a: Naclstack|def|1\n|\n|upkeep\n|turn|4\n|\n|t:|1699715173\n|move|p2a: Forretress|Spikes|p1a: Naclstack\n|-sidestart|p1: Skitty Kitty x3|Spikes\n|move|p1a: Naclstack|Salt Cure|p2a: Forretress\n|-damage|p2a: Forretress|91\/100\n|-start|p2a: Forretress|Salt Cure\n|\n|-heal|p2a: Forretress|97\/100|[from] item: Leftovers\n|-damage|p2a: Forretress|73\/100|[from] Salt Cure\n|upkeep\n|turn|5\n|\n|t:|1699715201\n|switch|p2a: Regieleki|Regieleki|75\/100\n|move|p1a: Naclstack|Curse|p1a: Naclstack\n|-unboost|p1a: Naclstack|spe|1\n|-boost|p1a: Naclstack|atk|1\n|-boost|p1a: Naclstack|def|1\n|\n|upkeep\n|turn|6\n|\n|t:|1699715209\n|move|p2a: Regieleki|Thunder Cage|p1a: Naclstack\n|-damage|p1a: Naclstack|60\/100\n|-activate|p1a: Naclstack|move: Thunder Cage|[of] p2a: Regieleki\n|-damage|p2a: Regieleki|66\/100|[from] item: Life Orb\n|move|p1a: Naclstack|Salt Cure|p2a: Regieleki\n|-damage|p2a: Regieleki|40\/100\n|-start|p2a: Regieleki|Salt Cure\n|\n|-damage|p2a: Regieleki|27\/100|[from] Salt Cure\n|-damage|p1a: Naclstack|48\/100|[from] move: Thunder Cage|[partiallytrapped]\n|upkeep\n|turn|7\n|\n|t:|1699715220\n|move|p2a: Regieleki|Thunderbolt|p1a: Naclstack\n|-damage|p1a: Naclstack|0 fnt\n|faint|p1a: Naclstack\n|-damage|p2a: Regieleki|18\/100|[from] item: Life Orb\n|\n|-damage|p2a: Regieleki|5\/100|[from] Salt Cure\n|upkeep\n|\n|t:|1699715254\n|switch|p1a: Clodsire|Clodsire, M|100\/100\n|-damage|p1a: Clodsire|84\/100|[from] Spikes\n|turn|8\n|\n|t:|1699715262\n|switch|p2a: Forretress|Forretress, F|73\/100\n|move|p1a: Clodsire|Stealth Rock|p2a: Forretress\n|-sidestart|p2: Anzeek|move: Stealth Rock\n|\n|-heal|p2a: Forretress|79\/100|[from] item: Leftovers\n|-heal|p1a: Clodsire|90\/100|[from] item: Black Sludge\n|upkeep\n|turn|9\n|\n|t:|1699715325\n|switch|p1a: Milotic|Milotic, M|100\/100\n|-damage|p1a: Milotic|84\/100|[from] Spikes\n|move|p2a: Forretress|Spikes|p1a: Milotic\n|-sidestart|p1: Skitty Kitty x3|Spikes\n|\n|-heal|p1a: Milotic|90\/100|[from] item: Leftovers\n|-heal|p2a: Forretress|85\/100|[from] item: Leftovers\n|upkeep\n|turn|10\n|\n|t:|1699715355\n|move|p1a: Milotic|Substitute|p1a: Milotic\n|-start|p1a: Milotic|Substitute\n|-damage|p1a: Milotic|65\/100\n|move|p2a: Forretress|Rapid Spin|p1a: Milotic\n|-activate|p1a: Milotic|move: Substitute|[damage]\n|-sideend|p2: Anzeek|Stealth Rock|[from] move: Rapid Spin|[of] p2a: Forretress\n|-boost|p2a: Forretress|spe|1\n|\n|-heal|p1a: Milotic|71\/100|[from] item: Leftovers\n|-heal|p2a: Forretress|91\/100|[from] item: Leftovers\n|upkeep\n|turn|11\n|\n|t:|1699715365\n|move|p1a: Milotic|Coil|p1a: Milotic\n|-boost|p1a: Milotic|atk|1\n|-boost|p1a: Milotic|def|1\n|-boost|p1a: Milotic|accuracy|1\n|move|p2a: Forretress|Earthquake|p1a: Milotic\n|-end|p1a: Milotic|Substitute\n|\n|-heal|p1a: Milotic|77\/100|[from] item: Leftovers\n|-heal|p2a: Forretress|97\/100|[from] item: Leftovers\n|upkeep\n|turn|12\n|\n|t:|1699715382\n|switch|p2a: Flutter Mane|Flutter Mane|100\/100\n|move|p1a: Milotic|Substitute|p1a: Milotic\n|-start|p1a: Milotic|Substitute\n|-damage|p1a: Milotic|52\/100\n|\n|-heal|p1a: Milotic|59\/100|[from] item: Leftovers\n|upkeep\n|turn|13\n|\n|t:|1699715407\n|move|p2a: Flutter Mane|Moonblast|p1a: Milotic\n|-end|p1a: Milotic|Substitute\n|move|p1a: Milotic|Hydro Pump|p2a: Flutter Mane\n|-damage|p2a: Flutter Mane|42\/100\n|\n|-heal|p1a: Milotic|65\/100|[from] item: Leftovers\n|upkeep\n|turn|14\n|\n|t:|1699715434\n|move|p2a: Flutter Mane|Moonblast|p1a: Milotic\n|-crit|p1a: Milotic\n|-damage|p1a: Milotic|0 fnt\n|faint|p1a: Milotic\n|\n|upkeep\n|\n|t:|1699715440\n|switch|p1a: Scizor|Scizor, M|100\/100\n|-damage|p1a: Scizor|76\/100|[from] Spikes\n|turn|15\n|\n|t:|1699715470\n|-end|p2a: Flutter Mane|Protosynthesis|[silent]\n|switch|p2a: Heatran|Heatran, F|100\/100\n|move|p1a: Scizor|U-turn|p2a: Heatran\n|-resisted|p2a: Heatran\n|-damage|p2a: Heatran|94\/100\n|\n|t:|1699715478\n|switch|p1a: Clodsire|Clodsire, M|90\/100|[from] U-turn\n|-damage|p1a: Clodsire|65\/100|[from] Spikes\n|\n|-heal|p1a: Clodsire|71\/100|[from] item: Black Sludge\n|upkeep\n|turn|16\n|\n|t:|1699715527\n|switch|p2a: Salamence|Salamence, F|100\/100\n|move|p1a: Clodsire|Stealth Rock|p2a: Salamence\n|-sidestart|p2: Anzeek|move: Stealth Rock\n|\n|-heal|p1a: Clodsire|77\/100|[from] item: Black Sludge\n|upkeep\n|turn|17\n|\n|t:|1699715573\n|switch|p1a: Umbreon|Umbreon, F|100\/100\n|-damage|p1a: Umbreon|76\/100|[from] Spikes\n|move|p2a: Salamence|Dragon Dance|p2a: Salamence\n|-boost|p2a: Salamence|atk|1\n|-boost|p2a: Salamence|spe|1\n|\n|upkeep\n|turn|18\n|\n|t:|1699715594\n|move|p2a: Salamence|Dual Wingbeat|p1a: Umbreon\n|-damage|p1a: Umbreon|56\/100\n|-damage|p1a: Umbreon|37\/100\n|-hitcount|p1a: Umbreon|2\n|move|p1a: Umbreon|Wish|p1a: Umbreon\n|\n|upkeep\n|turn|19\n|\n|t:|1699715640\n|move|p2a: Salamence|Dragon Dance|p2a: Salamence\n|-boost|p2a: Salamence|atk|1\n|-boost|p2a: Salamence|spe|1\n|move|p1a: Umbreon|Psychic|p2a: Salamence\n|-damage|p2a: Salamence|82\/100\n|\n|-heal|p1a: Umbreon|87\/100|[from] move: Wish|[wisher] Umbreon\n|upkeep\n|turn|20\n|\n|t:|1699715661\n|move|p2a: Salamence|Dual Wingbeat|p1a: Umbreon\n|-damage|p1a: Umbreon|59\/100\n|-damage|p1a: Umbreon|33\/100\n|-hitcount|p1a: Umbreon|2\n|move|p1a: Umbreon|Wish|p1a: Umbreon\n|\n|upkeep\n|turn|21\n|\n|t:|1699715682\n|move|p1a: Umbreon|Protect|p1a: Umbreon\n|-singleturn|p1a: Umbreon|Protect\n|move|p2a: Salamence|Dual Wingbeat|p1a: Umbreon\n|-activate|p1a: Umbreon|move: Protect\n|\n|-heal|p1a: Umbreon|83\/100|[from] move: Wish|[wisher] Umbreon\n|upkeep\n|turn|22\n|\n|t:|1699715719\n|move|p2a: Salamence|Dual Wingbeat|p1a: Umbreon\n|-damage|p1a: Umbreon|55\/100\n|-damage|p1a: Umbreon|31\/100\n|-hitcount|p1a: Umbreon|2\n|move|p1a: Umbreon|Psychic|p2a: Salamence\n|-damage|p2a: Salamence|65\/100\n|\n|upkeep\n|turn|23\n|\n|t:|1699715742\n|move|p2a: Salamence|Dual Wingbeat|p1a: Umbreon\n|-damage|p1a: Umbreon|6\/100\n|-damage|p1a: Umbreon|0 fnt\n|faint|p1a: Umbreon\n|-ability|p2a: Salamence|Moxie|boost\n|-boost|p2a: Salamence|atk|1\n|-hitcount|p1: Umbreon|2\n|\n|upkeep\n|\n|t:|1699715769\n|switch|p1a: Scizor|Scizor, M|76\/100\n|-damage|p1a: Scizor|51\/100|[from] Spikes\n|turn|24\n|\n|t:|1699715784\n|move|p1a: Scizor|Bullet Punch|p2a: Salamence\n|-damage|p2a: Salamence|40\/100\n|move|p2a: Salamence|Earthquake|p1a: Scizor\n|-damage|p1a: Scizor|0 fnt\n|faint|p1a: Scizor\n|-ability|p2a: Salamence|Moxie|boost\n|-boost|p2a: Salamence|atk|1\n|\n|upkeep\n|\n|t:|1699715797\n|switch|p1a: Shaymin|Shaymin-Sky|100\/100\n|turn|25\n|\n|t:|1699715802\n|move|p2a: Salamence|Dual Wingbeat|p1a: Shaymin\n|-supereffective|p1a: Shaymin\n|-damage|p1a: Shaymin|0 fnt\n|faint|p1a: Shaymin\n|-ability|p2a: Salamence|Moxie|boost\n|-boost|p2a: Salamence|atk|1\n|-hitcount|p1: Shaymin|1\n|\n|upkeep\n|\n|t:|1699715806\n|switch|p1a: Clodsire|Clodsire, M|77\/100\n|-damage|p1a: Clodsire|52\/100|[from] Spikes\n|turn|26\n|\n|t:|1699715810\n|move|p2a: Salamence|Earthquake|p1a: Clodsire\n|-supereffective|p1a: Clodsire\n|-damage|p1a: Clodsire|0 fnt\n|faint|p1a: Clodsire\n|\n|win|Anzeek\n|c|\u2606Anzeek|gg\n|c|\u2606Skitty Kitty x3|gg <3\n|c|\u2606Skitty Kitty x3|schickst du?\n|c|\u2606Anzeek|kann ich gerne machen\n|c|\u2606Skitty Kitty x3|alrighty thx <3\n|c|\u2606Anzeek|dir noch ein sch\u00f6nes Wochenende <3\n|l|\u2606Skitty Kitty x3\n","uploadtime":1699715841,"views":26,"p1id":"skittykittyx3","p2id":"anzeek","formatid":"gen9anythinggoes","rating":0,"private":0,"password":""}