{"id":"gen9anythinggoes-1990967269","p1":"DexTrainerRed","p2":"elkyoko","format":"[Gen 9] Anything Goes","log":"|j|\u2606DexTrainerRed\n|j|\u2606elkyoko\n|t:|1700020983\n|gametype|singles\n|player|p1|DexTrainerRed|ash-kalos|1166\n|player|p2|elkyoko|picnicker|1165\n|teamsize|p1|6\n|teamsize|p2|6\n|gen|9\n|tier|[Gen 9] Anything Goes\n|rated|\n|rule|HP Percentage Mod: HP is shown in percentages\n|rule|Endless Battle Clause: Forcing endless battles is banned\n|clearpoke\n|poke|p1|Infernape, M|\n|poke|p1|Staraptor, M|\n|poke|p1|Torterra, M|\n|poke|p1|Empoleon, M|\n|poke|p1|Gliscor, M|\n|poke|p1|Pikachu, M|\n|poke|p2|Ursaluna, M|\n|poke|p2|Maushold-Four|\n|poke|p2|Azumarill, F|\n|poke|p2|Annihilape, M|\n|poke|p2|Zoroark-Hisui, F|\n|poke|p2|Toxapex, F|\n|teampreview\n|inactive|Battle timer is ON: inactive players will automatically lose when time's up. (requested by DexTrainerRed)\n|\n|t:|1700021011\n|start\n|switch|p1a: Gliscor|Gliscor, M|100\/100\n|switch|p2a: Ur ur urur ur|Ursaluna, M, shiny|100\/100\n|-item|p2a: Ur ur urur ur|Air Balloon\n|turn|1\n|c|\u2606elkyoko|Hi\n|c|\u2606elkyoko|This is my first team can you help me make it better?\n|inactive|elkyoko has 120 seconds left.\n|\n|t:|1700021045\n|move|p2a: Ur ur urur ur|Calm Mind|p2a: Ur ur urur ur\n|-boost|p2a: Ur ur urur ur|spa|1\n|-boost|p2a: Ur ur urur ur|spd|1\n|move|p1a: Gliscor|Dual Wingbeat|p2a: Ur ur urur ur\n|-crit|p2a: Ur ur urur ur\n|-damage|p2a: Ur ur urur ur|49\/100\n|replace|p2a: Guys is this fnaf?|Zoroark-Hisui, F, shiny\n|-end|p2a: Guys is this fnaf?|Illusion\n|-enditem|p2a: Guys is this fnaf?|Air Balloon\n|-damage|p2a: Guys is this fnaf?|14\/100\n|-hitcount|p2a: Guys is this fnaf?|2\n|\n|-status|p1a: Gliscor|tox|[from] item: Toxic Orb\n|upkeep\n|turn|2\n|inactive|elkyoko has 120 seconds left.\n|\n|t:|1700021059\n|move|p2a: Guys is this fnaf?|Hex|p1a: Gliscor\n|-damage|p1a: Gliscor|0 fnt\n|faint|p1a: Gliscor\n|\n|upkeep\n|\n|t:|1700021066\n|switch|p1a: Staraptor|Staraptor, M|100\/100\n|turn|3\n|\n|t:|1700021072\n|move|p1a: Staraptor|U-turn|p2a: Guys is this fnaf?\n|-resisted|p2a: Guys is this fnaf?\n|-damage|p2a: Guys is this fnaf?|0 fnt\n|faint|p2a: Guys is this fnaf?\n|\n|t:|1700021076\n|switch|p1a: Torterra|Torterra, M|100\/100|[from] U-turn\n|\n|upkeep\n|\n|t:|1700021084\n|switch|p2a: Fort knox|Toxapex, F, shiny|100\/100\n|turn|4\n|\n|t:|1700021091\n|switch|p1a: Empoleon|Empoleon, M|100\/100\n|move|p2a: Fort knox|Toxic|p1a: Empoleon\n|-immune|p1a: Empoleon\n|\n|upkeep\n|turn|5\n|\n|t:|1700021113\n|switch|p2a: Monke|Annihilape, M|100\/100\n|move|p1a: Empoleon|Agility|p1a: Empoleon\n|-boost|p1a: Empoleon|spe|2\n|\n|upkeep\n|turn|6\n|\n|t:|1700021134\n|move|p1a: Empoleon|Hydro Pump|p2a: Monke\n|-damage|p2a: Monke|29\/100\n|-damage|p1a: Empoleon|90\/100|[from] item: Life Orb\n|move|p2a: Monke|Ice Punch|p1a: Empoleon\n|-resisted|p1a: Empoleon\n|-damage|p1a: Empoleon|82\/100\n|-status|p1a: Empoleon|frz\n|\n|-heal|p2a: Monke|35\/100|[from] item: Leftovers\n|upkeep\n|turn|7\n|inactive|DexTrainerRed has 120 seconds left.\n|\n|t:|1700021159\n|cant|p1a: Empoleon|frz\n|move|p2a: Monke|Rage Fist|p1a: Empoleon\n|-damage|p1a: Empoleon|16\/100 frz\n|\n|-heal|p2a: Monke|41\/100|[from] item: Leftovers\n|upkeep\n|turn|8\n|\n|t:|1700021167\n|cant|p1a: Empoleon|frz\n|move|p2a: Monke|Rest|p2a: Monke\n|-fail|p2a: Monke|[from] ability: Vital Spirit|[of] p2a: Monke\n|\n|-heal|p2a: Monke|47\/100|[from] item: Leftovers\n|upkeep\n|turn|9\n|\n|t:|1700021175\n|cant|p1a: Empoleon|frz\n|move|p2a: Monke|Rage Fist|p1a: Empoleon\n|-damage|p1a: Empoleon|0 fnt\n|faint|p1a: Empoleon\n|\n|-heal|p2a: Monke|53\/100|[from] item: Leftovers\n|upkeep\n|inactive|DexTrainerRed has 120 seconds left.\n|\n|t:|1700021219\n|switch|p1a: Pikachu|Pikachu, M|100\/100\n|turn|10\n|\n|t:|1700021241\n|switch|p2a: Fort knox|Toxapex, F, shiny|100\/100\n|move|p1a: Pikachu|Thunder|p2a: Fort knox|[miss]\n|-miss|p1a: Pikachu|p2a: Fort knox\n|\n|upkeep\n|turn|11\n|inactive|DexTrainerRed has 90 seconds left.\n|\n|t:|1700021294\n|move|p1a: Pikachu|Thunderbolt|p2a: Fort knox\n|-supereffective|p2a: Fort knox\n|-damage|p2a: Fort knox|3\/100\n|move|p2a: Fort knox|Toxic|p1a: Pikachu\n|-status|p1a: Pikachu|tox\n|\n|-heal|p2a: Fort knox|10\/100|[from] item: Black Sludge\n|-damage|p1a: Pikachu|94\/100 tox|[from] psn\n|upkeep\n|turn|12\n|inactive|elkyoko has 120 seconds left.\n|inactive|elkyoko has 90 seconds left.\n|\n|t:|1700021350\n|move|p1a: Pikachu|Iron Tail|p2a: Fort knox\n|-resisted|p2a: Fort knox\n|-damage|p2a: Fort knox|0 fnt\n|faint|p2a: Fort knox\n|\n|-damage|p1a: Pikachu|82\/100 tox|[from] psn\n|upkeep\n|\n|t:|1700021360\n|switch|p2a: Monke|Annihilape, M|53\/100\n|turn|13\n|\n|t:|1700021369\n|move|p1a: Pikachu|Thunder|p2a: Monke\n|-damage|p2a: Monke|0 fnt\n|faint|p2a: Monke\n|\n|-damage|p1a: Pikachu|64\/100 tox|[from] psn\n|upkeep\n|\n|t:|1700021377\n|switch|p2a: Working family|Maushold-Four|100\/100\n|turn|14\n|\n|t:|1700021381\n|move|p2a: Working family|Population Bomb|p1a: Pikachu\n|-damage|p1a: Pikachu|25\/100 tox\n|-status|p2a: Working family|par|[from] ability: Static|[of] p1a: Pikachu\n|-damage|p1a: Pikachu|0 fnt\n|faint|p1a: Pikachu\n|-hitcount|p1: Pikachu|2\n|\n|upkeep\n|\n|t:|1700021388\n|switch|p1a: Torterra|Torterra, M|100\/100\n|turn|15\n|\n|t:|1700021407\n|move|p1a: Torterra|Shell Smash|p1a: Torterra\n|-unboost|p1a: Torterra|def|1\n|-unboost|p1a: Torterra|spd|1\n|-boost|p1a: Torterra|atk|2\n|-boost|p1a: Torterra|spa|2\n|-boost|p1a: Torterra|spe|2\n|-enditem|p1a: Torterra|White Herb\n|-clearnegativeboost|p1a: Torterra|[silent]\n|move|p2a: Working family|Population Bomb|p1a: Torterra\n|-damage|p1a: Torterra|88\/100\n|-damage|p1a: Torterra|78\/100\n|-damage|p1a: Torterra|65\/100\n|-damage|p1a: Torterra|54\/100\n|-damage|p1a: Torterra|42\/100\n|-damage|p1a: Torterra|30\/100\n|-damage|p1a: Torterra|18\/100\n|-hitcount|p1a: Torterra|7\n|\n|upkeep\n|turn|16\n|inactive|elkyoko has 90 seconds left.\n|\n|t:|1700021440\n|move|p1a: Torterra|Earthquake|p2a: Working family\n|-damage|p2a: Working family|0 fnt\n|faint|p2a: Working family\n|\n|upkeep\n|inactive|elkyoko has 60 seconds left.\n|\n|t:|1700021462\n|switch|p2a: Egg|Azumarill, F, shiny|100\/100\n|turn|17\n|inactive|DexTrainerRed has 90 seconds left.\n|\n|t:|1700021492\n|move|p1a: Torterra|Seed Bomb|p2a: Egg\n|-supereffective|p2a: Egg\n|-damage|p2a: Egg|0 fnt\n|faint|p2a: Egg\n|\n|upkeep\n|\n|t:|1700021498\n|switch|p2a: Ur ur urur ur|Ursaluna, M, shiny|100\/100\n|turn|18\n|\n|t:|1700021505\n|move|p2a: Ur ur urur ur|Protect|p2a: Ur ur urur ur\n|-singleturn|p2a: Ur ur urur ur|Protect\n|move|p1a: Torterra|Seed Bomb|p2a: Ur ur urur ur\n|-activate|p2a: Ur ur urur ur|move: Protect\n|\n|-status|p2a: Ur ur urur ur|brn|[from] item: Flame Orb\n|upkeep\n|turn|19\n|\n|t:|1700021515\n|move|p1a: Torterra|Seed Bomb|p2a: Ur ur urur ur\n|-supereffective|p2a: Ur ur urur ur\n|-damage|p2a: Ur ur urur ur|0 fnt\n|faint|p2a: Ur ur urur ur\n|\n|win|DexTrainerRed\n|raw|DexTrainerRed's rating: 1166 &rarr; <strong>1191<\/strong><br \/>(+25 for winning)\n|raw|elkyoko's rating: 1165 &rarr; <strong>1140<\/strong><br \/>(-25 for losing)\n|l|\u2606elkyoko\n","uploadtime":1700021555,"views":8,"p1id":"dextrainerred","p2id":"elkyoko","formatid":"gen9anythinggoes","rating":1140,"private":0,"password":""}