{"id":"gen9anythinggoes-1983144177","p1":"super mbld","p2":"lavender112","format":"[Gen 9] Anything Goes","log":"|j|\u2606super mbld\n|j|\u2606lavender112\n|t:|1699095327\n|gametype|singles\n|player|p1|super mbld|2|1000\n|player|p2|lavender112|lyra|1012\n|teamsize|p1|6\n|teamsize|p2|6\n|gen|9\n|tier|[Gen 9] Anything Goes\n|rated|\n|rule|HP Percentage Mod: HP is shown in percentages\n|rule|Endless Battle Clause: Forcing endless battles is banned\n|clearpoke\n|poke|p1|Slowbro-Galar, F|\n|poke|p1|Slowking, F|\n|poke|p1|Slowking-Galar, M|\n|poke|p1|Slowbro, M|\n|poke|p1|Slowpoke, M|\n|poke|p1|Slowpoke-Galar, F|\n|poke|p2|Magearna|\n|poke|p2|Azumarill, M|\n|poke|p2|Blissey, F|\n|poke|p2|Chi-Yu|\n|poke|p2|Quagsire, M|\n|poke|p2|Maushold-Four|\n|teampreview\n|inactive|Battle timer is ON: inactive players will automatically lose when time's up. (requested by lavender112)\n|inactive|lavender112 has 120 seconds left.\n|inactive|lavender112 has 90 seconds left.\n|\n|t:|1699095413\n|start\n|switch|p1a: digging|Slowpoke, M|100\/100\n|switch|p2a: Magearna|Magearna|100\/100\n|turn|1\n|inactive|lavender112 has 120 seconds left.\n|\n|t:|1699095445\n|move|p2a: Magearna|Thunderbolt|p1a: digging\n|-supereffective|p1a: digging\n|-damage|p1a: digging|0 fnt\n|faint|p1a: digging\n|-ability|p2a: Magearna|Soul-Heart|boost\n|-boost|p2a: Magearna|spa|1\n|\n|upkeep\n|\n|t:|1699095452\n|switch|p1a: masking|Slowking-Galar, M|100\/100\n|turn|2\n|\n|t:|1699095461\n|move|p2a: Magearna|Shift Gear|p2a: Magearna\n|-boost|p2a: Magearna|spe|2\n|-boost|p2a: Magearna|atk|1\n|move|p1a: masking|Blizzard|p2a: Magearna|[miss]\n|-miss|p1a: masking|p2a: Magearna\n|\n|upkeep\n|turn|3\n|inactive|lavender112 has 120 seconds left.\n|\n|t:|1699095469\n|move|p2a: Magearna|Thunderbolt|p1a: masking\n|-damage|p1a: masking|54\/100\n|move|p1a: masking|Blizzard|p2a: Magearna|[miss]\n|-miss|p1a: masking|p2a: Magearna\n|\n|upkeep\n|turn|4\n|inactive|lavender112 has 120 seconds left.\n|\n|t:|1699095481\n|move|p2a: Magearna|Thunderbolt|p1a: masking\n|-damage|p1a: masking|10\/100\n|move|p1a: masking|Blizzard|p2a: Magearna\n|-resisted|p2a: Magearna\n|-damage|p2a: Magearna|90\/100\n|\n|-heal|p2a: Magearna|96\/100|[from] item: Leftovers\n|upkeep\n|turn|5\n|\n|t:|1699095489\n|move|p2a: Magearna|Thunderbolt|p1a: masking\n|-damage|p1a: masking|0 fnt\n|faint|p1a: masking\n|-ability|p2a: Magearna|Soul-Heart|boost\n|-boost|p2a: Magearna|spa|1\n|\n|-heal|p2a: Magearna|100\/100|[from] item: Leftovers\n|upkeep\n|\n|t:|1699095498\n|switch|p1a: funny hat man|Slowking, F|100\/100\n|turn|6\n|inactive|lavender112 has 120 seconds left.\n|\n|t:|1699095544\n|move|p2a: Magearna|Thunderbolt|p1a: funny hat man\n|-supereffective|p1a: funny hat man\n|-damage|p1a: funny hat man|22\/100\n|move|p1a: funny hat man|Blizzard|p2a: Magearna|[miss]\n|-miss|p1a: funny hat man|p2a: Magearna\n|\n|upkeep\n|turn|7\n|\n|t:|1699095553\n|move|p2a: Magearna|Thunderbolt|p1a: funny hat man\n|-supereffective|p1a: funny hat man\n|-damage|p1a: funny hat man|0 fnt\n|faint|p1a: funny hat man\n|-ability|p2a: Magearna|Soul-Heart|boost\n|-boost|p2a: Magearna|spa|1\n|\n|upkeep\n|\n|t:|1699095563\n|switch|p1a: lonely|Slowbro-Galar, F|100\/100\n|turn|8\n|\n|t:|1699095572\n|switch|p2a: Quagsire|Quagsire, M|100\/100\n|move|p1a: lonely|Earthquake|p2a: Quagsire\n|-damage|p2a: Quagsire|85\/100\n|\n|-heal|p2a: Quagsire|91\/100|[from] item: Leftovers\n|upkeep\n|turn|9\n|inactive|lavender112 has 90 seconds left.\n|\n|t:|1699095602\n|move|p2a: Quagsire|Earthquake|p1a: lonely\n|-supereffective|p1a: lonely\n|-crit|p1a: lonely\n|-damage|p1a: lonely|23\/100\n|move|p1a: lonely|Earthquake|p2a: Quagsire\n|-damage|p2a: Quagsire|76\/100\n|\n|-heal|p2a: Quagsire|82\/100|[from] item: Leftovers\n|upkeep\n|turn|10\n|\n|t:|1699095611\n|move|p2a: Quagsire|Earthquake|p1a: lonely\n|-supereffective|p1a: lonely\n|-damage|p1a: lonely|0 fnt\n|faint|p1a: lonely\n|\n|-heal|p2a: Quagsire|88\/100|[from] item: Leftovers\n|upkeep\n|\n|t:|1699095614\n|switch|p1a: persuing|Slowbro, M|100\/100\n|turn|11\n|inactive|lavender112 has 90 seconds left.\n|\n|t:|1699095642\n|switch|p2a: Magearna|Magearna|100\/100\n|move|p1a: persuing|Curse|p1a: persuing\n|-unboost|p1a: persuing|spe|1\n|-boost|p1a: persuing|atk|1\n|-boost|p1a: persuing|def|1\n|\n|upkeep\n|turn|12\n|inactive|lavender112 has 90 seconds left.\n|\n|t:|1699095649\n|move|p2a: Magearna|Thunderbolt|p1a: persuing\n|-supereffective|p1a: persuing\n|-damage|p1a: persuing|30\/100\n|move|p1a: persuing|Curse|p1a: persuing\n|-unboost|p1a: persuing|spe|1\n|-boost|p1a: persuing|atk|1\n|-boost|p1a: persuing|def|1\n|\n|upkeep\n|turn|13\n|\n|t:|1699095657\n|move|p2a: Magearna|Thunderbolt|p1a: persuing\n|-supereffective|p1a: persuing\n|-damage|p1a: persuing|0 fnt\n|faint|p1a: persuing\n|-ability|p2a: Magearna|Soul-Heart|boost\n|-boost|p2a: Magearna|spa|1\n|\n|upkeep\n|\n|t:|1699095659\n|switch|p1a: minding|Slowpoke-Galar, F|100\/100\n|turn|14\n|\n|t:|1699095673\n|switch|p2a: Chi-Yu|Chi-Yu|100\/100\n|-ability|p2a: Chi-Yu|Beads of Ruin\n|move|p1a: minding|Body Slam|p2a: Chi-Yu\n|-damage|p2a: Chi-Yu|64\/100\n|\n|upkeep\n|turn|15\n|\n|t:|1699095682\n|move|p2a: Chi-Yu|Dark Pulse|p1a: minding\n|-supereffective|p1a: minding\n|-damage|p1a: minding|0 fnt\n|faint|p1a: minding\n|\n|win|lavender112\n|raw|super mbld's rating: 1000 &rarr; <strong>1000<\/strong><br \/>(+0 for losing)\n|raw|lavender112's rating: 1012 &rarr; <strong>1049<\/strong><br \/>(+37 for winning)\n|c|\u2606lavender112|gg\n","uploadtime":1699095692,"views":7,"p1id":"supermbld","p2id":"lavender112","formatid":"gen9anythinggoes","rating":1000,"private":0,"password":""}