{"id":"gen9anythinggoes-1986757163","p1":"Roryd2210","p2":"Frazzle99","format":"[Gen 9] Anything Goes","log":"|j|\u2606Roryd2210\n|j|\u2606Frazzle99\n|t:|1699520322\n|gametype|singles\n|player|p1|Roryd2210|265|\n|player|p2|Frazzle99|2|\n|teamsize|p1|6\n|teamsize|p2|6\n|gen|9\n|tier|[Gen 9] Anything Goes\n|rule|HP Percentage Mod: HP is shown in percentages\n|rule|Endless Battle Clause: Forcing endless battles is banned\n|clearpoke\n|poke|p1|Calyrex-Shadow|\n|poke|p1|Toxapex, F|\n|poke|p1|Maushold-Four|\n|poke|p1|Heatran, M|\n|poke|p1|Regieleki|\n|poke|p1|Falinks|\n|poke|p2|Drifblim, F|\n|poke|p2|Scream Tail|\n|poke|p2|Kingambit, M|\n|poke|p2|Calyrex-Ice|\n|poke|p2|Goodra-Hisui, M|\n|poke|p2|Ogerpon-Hearthflame, F|\n|teampreview\n|\n|t:|1699520337\n|start\n|switch|p1a: Toxapex|Toxapex, F, shiny|100\/100\n|switch|p2a: Drifblim|Drifblim, F|100\/100\n|turn|1\n|\n|t:|1699520346\n|move|p2a: Drifblim|Minimize|p2a: Drifblim\n|-boost|p2a: Drifblim|evasion|2\n|move|p1a: Toxapex|Toxic Spikes|p2a: Drifblim\n|-sidestart|p2: Frazzle99|move: Toxic Spikes\n|\n|upkeep\n|turn|2\n|\n|t:|1699520357\n|move|p2a: Drifblim|Minimize|p2a: Drifblim\n|-boost|p2a: Drifblim|evasion|2\n|move|p1a: Toxapex|Toxic Spikes|p2a: Drifblim\n|-sidestart|p2: Frazzle99|move: Toxic Spikes\n|\n|upkeep\n|turn|3\n|\n|t:|1699520373\n|move|p1a: Toxapex|Baneful Bunker|p1a: Toxapex\n|-singleturn|p1a: Toxapex|move: Protect\n|move|p2a: Drifblim|Substitute|p2a: Drifblim\n|-start|p2a: Drifblim|Substitute\n|-damage|p2a: Drifblim|76\/100\n|\n|upkeep\n|turn|4\n|\n|t:|1699520384\n|move|p2a: Drifblim|Baton Pass|p2a: Drifblim\n|\n|t:|1699520387\n|switch|p2a: Scream Tail|Scream Tail|100\/100|[from] Baton Pass\n|-status|p2a: Scream Tail|tox\n|-enditem|p2a: Scream Tail|Booster Energy\n|-activate|p2a: Scream Tail|ability: Protosynthesis|[fromitem]\n|-start|p2a: Scream Tail|protosynthesisspd\n|move|p1a: Toxapex|Toxic Spikes||[still]\n|-fail|p1a: Toxapex\n|\n|-damage|p2a: Scream Tail|94\/100 tox|[from] psn\n|upkeep\n|turn|5\n|\n|t:|1699520417\n|move|p2a: Scream Tail|Bulk Up|p2a: Scream Tail\n|-boost|p2a: Scream Tail|atk|1\n|-boost|p2a: Scream Tail|def|1\n|move|p1a: Toxapex|Gunk Shot|p2a: Scream Tail|[miss]\n|-miss|p1a: Toxapex|p2a: Scream Tail\n|\n|-damage|p2a: Scream Tail|82\/100 tox|[from] psn\n|upkeep\n|turn|6\n|\n|t:|1699520431\n|move|p2a: Scream Tail|Bulk Up|p2a: Scream Tail\n|-boost|p2a: Scream Tail|atk|1\n|-boost|p2a: Scream Tail|def|1\n|move|p1a: Toxapex|Chilling Water|p2a: Scream Tail|[miss]\n|-miss|p1a: Toxapex|p2a: Scream Tail\n|\n|-damage|p2a: Scream Tail|64\/100 tox|[from] psn\n|upkeep\n|turn|7\n|\n|t:|1699520462\n|switch|p1a: Maushold|Maushold-Four|100\/100\n|move|p2a: Scream Tail|Calm Mind|p2a: Scream Tail\n|-boost|p2a: Scream Tail|spa|1\n|-boost|p2a: Scream Tail|spd|1\n|\n|-damage|p2a: Scream Tail|39\/100 tox|[from] psn\n|upkeep\n|turn|8\n|\n|t:|1699520480\n|move|p1a: Maushold|U-turn|p2a: Scream Tail|[miss]\n|-miss|p1a: Maushold|p2a: Scream Tail\n|move|p2a: Scream Tail|Baton Pass|p2a: Scream Tail\n|\n|t:|1699520498\n|-end|p2a: Scream Tail|Protosynthesis|[silent]\n|switch|p2a: Calyrex|Calyrex-Ice|100\/100|[from] Baton Pass\n|-ability|p2a: Calyrex|As One\n|-ability|p2a: Calyrex|Unnerve\n|-status|p2a: Calyrex|tox\n|\n|-damage|p2a: Calyrex|94\/100 tox|[from] psn\n|upkeep\n|turn|9\n|\n|t:|1699520531\n|move|p1a: Maushold|U-turn|p2a: Calyrex|[miss]\n|-miss|p1a: Maushold|p2a: Calyrex\n|move|p2a: Calyrex|Close Combat|p1a: Maushold\n|-supereffective|p1a: Maushold\n|-damage|p1a: Maushold|0 fnt\n|-unboost|p2a: Calyrex|def|1\n|-unboost|p2a: Calyrex|spd|1\n|-damage|p2a: Calyrex|78\/100 tox|[from] item: Rocky Helmet|[of] p1a: Maushold\n|faint|p1a: Maushold\n|-ability|p2a: Calyrex|Chilling Neigh|boost\n|-boost|p2a: Calyrex|atk|1\n|\n|-heal|p2a: Calyrex|84\/100 tox|[from] item: Leftovers\n|-damage|p2a: Calyrex|72\/100 tox|[from] psn\n|upkeep\n|\n|t:|1699520547\n|switch|p1a: Calyrex|Calyrex-Shadow|100\/100\n|-ability|p1a: Calyrex|As One\n|-ability|p1a: Calyrex|Unnerve\n|turn|10\n|\n|t:|1699520558\n|move|p1a: Calyrex|Phantom Force||[still]\n|-prepare|p1a: Calyrex|Phantom Force\n|move|p2a: Calyrex|Stored Power|p1a: Calyrex|[miss]\n|-miss|p2a: Calyrex|p1a: Calyrex\n|\n|-heal|p2a: Calyrex|78\/100 tox|[from] item: Leftovers\n|-damage|p2a: Calyrex|59\/100 tox|[from] psn\n|upkeep\n|turn|11\n|l|\u2606Frazzle99\n|player|p2|\n|j|\u2606Frazzle99\n|player|p2|Frazzle99|2\n|\n|t:|1699520588\n|move|p1a: Calyrex|Phantom Force|p2a: Calyrex|[from]lockedmove|[miss]\n|-miss|p1a: Calyrex|p2a: Calyrex\n|-enditem|p1a: Calyrex|Blunder Policy\n|-boost|p1a: Calyrex|spe|2\n|move|p2a: Calyrex|Giga Drain|p1a: Calyrex\n|-damage|p1a: Calyrex|81\/100\n|-heal|p2a: Calyrex|68\/100 tox|[from] drain|[of] p1a: Calyrex\n|\n|-heal|p2a: Calyrex|74\/100 tox|[from] item: Leftovers\n|-damage|p2a: Calyrex|49\/100 tox|[from] psn\n|upkeep\n|turn|12\n|l|\u2606Frazzle99\n|player|p2|\n|j|\u2606Frazzle99\n|player|p2|Frazzle99|2\n|\n|t:|1699520617\n|move|p1a: Calyrex|Baton Pass|p1a: Calyrex\n|\n|t:|1699520622\n|switch|p1a: Falinks|Falinks|100\/100|[from] Baton Pass\n|move|p2a: Calyrex|Glacial Lance|p1a: Falinks\n|-damage|p1a: Falinks|0 fnt\n|faint|p1a: Falinks\n|-ability|p2a: Calyrex|Chilling Neigh|boost\n|-boost|p2a: Calyrex|atk|1\n|\n|-heal|p2a: Calyrex|56\/100 tox|[from] item: Leftovers\n|-damage|p2a: Calyrex|24\/100 tox|[from] psn\n|upkeep\n|\n|t:|1699520638\n|switch|p1a: Heatran|Heatran, M|100\/100\n|-item|p1a: Heatran|Air Balloon\n|turn|13\n|\n|t:|1699520654\n|move|p1a: Heatran|Burning Jealousy|p2a: Calyrex\n|-supereffective|p2a: Calyrex\n|-end|p2a: Calyrex|Substitute\n|move|p2a: Calyrex|Close Combat|p1a: Heatran\n|-supereffective|p1a: Heatran\n|-damage|p1a: Heatran|0 fnt\n|-unboost|p2a: Calyrex|def|1\n|-unboost|p2a: Calyrex|spd|1\n|-enditem|p1a: Heatran|Air Balloon\n|faint|p1a: Heatran\n|-ability|p2a: Calyrex|Chilling Neigh|boost\n|-boost|p2a: Calyrex|atk|1\n|\n|-heal|p2a: Calyrex|31\/100 tox|[from] item: Leftovers\n|-damage|p2a: Calyrex|0 fnt|[from] psn\n|faint|p2a: Calyrex\n|upkeep\n|l|\u2606Frazzle99\n|player|p2|\n|j|\u2606Frazzle99\n|player|p2|Frazzle99|2\n|\n|t:|1699520682\n|switch|p1a: Regieleki|Regieleki, shiny|100\/100\n|switch|p2a: Ogerpon|Ogerpon-Hearthflame, F|100\/100\n|-status|p2a: Ogerpon|tox\n|-ability|p2a: Ogerpon|Mold Breaker\n|turn|14\n|\n|t:|1699520698\n|move|p1a: Regieleki|Extreme Speed|p2a: Ogerpon\n|-damage|p2a: Ogerpon|81\/100 tox\n|move|p2a: Ogerpon|Ivy Cudgel|p1a: Regieleki\n|-damage|p1a: Regieleki|0 fnt\n|faint|p1a: Regieleki\n|\n|-damage|p2a: Ogerpon|75\/100 tox|[from] psn\n|upkeep\n|\n|t:|1699520709\n|switch|p1a: Toxapex|Toxapex, F, shiny|100\/100\n|turn|15\n|\n|t:|1699520713\n|move|p2a: Ogerpon|Horn Leech|p1a: Toxapex\n|-damage|p1a: Toxapex|75\/100\n|-heal|p2a: Ogerpon|87\/100 tox|[from] drain|[of] p1a: Toxapex\n|move|p1a: Toxapex|Chilling Water|p2a: Ogerpon\n|-crit|p2a: Ogerpon\n|-damage|p2a: Ogerpon|72\/100 tox\n|-unboost|p2a: Ogerpon|atk|1\n|\n|-heal|p1a: Toxapex|81\/100|[from] item: Leftovers\n|-damage|p2a: Ogerpon|60\/100 tox|[from] psn\n|upkeep\n|turn|16\n|\n|t:|1699520727\n|move|p1a: Toxapex|Baneful Bunker|p1a: Toxapex\n|-singleturn|p1a: Toxapex|move: Protect\n|move|p2a: Ogerpon|Ivy Cudgel|p1a: Toxapex\n|-activate|p1a: Toxapex|move: Protect\n|\n|-heal|p1a: Toxapex|87\/100|[from] item: Leftovers\n|-damage|p2a: Ogerpon|41\/100 tox|[from] psn\n|upkeep\n|turn|17\n|\n|t:|1699520742\n|move|p2a: Ogerpon|Ivy Cudgel|p1a: Toxapex\n|-resisted|p1a: Toxapex\n|-damage|p1a: Toxapex|78\/100\n|move|p1a: Toxapex|Gunk Shot|p2a: Ogerpon\n|-supereffective|p2a: Ogerpon\n|-crit|p2a: Ogerpon\n|-damage|p2a: Ogerpon|0 fnt\n|faint|p2a: Ogerpon\n|\n|-heal|p1a: Toxapex|84\/100|[from] item: Leftovers\n|upkeep\n|\n|t:|1699520762\n|switch|p2a: Goodra|Goodra-Hisui, M|100\/100\n|turn|18\n|\n|t:|1699520771\n|move|p2a: Goodra|Draco Meteor|p1a: Toxapex\n|-damage|p1a: Toxapex|39\/100\n|-unboost|p2a: Goodra|spa|2\n|move|p1a: Toxapex|Chilling Water|p2a: Goodra\n|-resisted|p2a: Goodra\n|-crit|p2a: Goodra\n|-damage|p2a: Goodra|95\/100\n|-unboost|p2a: Goodra|atk|1\n|\n|-heal|p1a: Toxapex|45\/100|[from] item: Leftovers\n|upkeep\n|turn|19\n|\n|t:|1699520792\n|move|p2a: Goodra|Draco Meteor|p1a: Toxapex\n|-damage|p1a: Toxapex|23\/100\n|-unboost|p2a: Goodra|spa|2\n|move|p1a: Toxapex|Gunk Shot|p2a: Goodra\n|-immune|p2a: Goodra\n|\n|-heal|p1a: Toxapex|29\/100|[from] item: Leftovers\n|upkeep\n|turn|20\n|\n|t:|1699520811\n|switch|p2a: Kingambit|Kingambit, M|100\/100\n|-activate|p2a: Kingambit|ability: Supreme Overlord\n|-start|p2a: Kingambit|fallen2|[silent]\n|-terastallize|p1a: Toxapex|Ghost\n|move|p1a: Toxapex|Baneful Bunker||[still]\n|-fail|p1a: Toxapex\n|\n|-heal|p1a: Toxapex|35\/100|[from] item: Leftovers\n|upkeep\n|turn|21\n|\n|t:|1699520825\n|move|p2a: Kingambit|Kowtow Cleave|p1a: Toxapex\n|-supereffective|p1a: Toxapex\n|-damage|p1a: Toxapex|0 fnt\n|faint|p1a: Toxapex\n|\n|upkeep\n|\n|t:|1699520831\n|switch|p1a: Calyrex|Calyrex-Shadow|81\/100\n|-ability|p1a: Calyrex|As One\n|-ability|p1a: Calyrex|Unnerve\n|turn|22\n|\n|t:|1699520846\n|move|p1a: Calyrex|Astral Barrage|p2a: Kingambit\n|-resisted|p2a: Kingambit\n|-damage|p2a: Kingambit|69\/100\n|move|p2a: Kingambit|Kowtow Cleave|p1a: Calyrex\n|-supereffective|p1a: Calyrex\n|-damage|p1a: Calyrex|0 fnt\n|faint|p1a: Calyrex\n|\n|win|Frazzle99\n|l|\u2606Roryd2210\n|l|\u2606Frazzle99\n|j|\u2606Frazzle99\n|player|p2|Frazzle99|2\n|l|\u2606Frazzle99\n|player|p2|\n|j|\u2606Frazzle99\n|player|p2|Frazzle99|2\n","uploadtime":1699520858,"views":5,"p1id":"roryd2210","p2id":"frazzle99","formatid":"gen9anythinggoes","rating":0,"private":0,"password":""}