{"id":"gen9anythinggoes-1973943870","p1":"Matsurizzzu","p2":"Reigjinokou","format":"[Gen 9] Anything Goes","log":"|j|\u2606Matsurizzzu\n|j|\u2606Reigjinokou\n|t:|1698031085\n|gametype|singles\n|player|p1|Matsurizzzu|dawn|1089\n|player|p2|Reigjinokou|101|1000\n|teamsize|p1|6\n|teamsize|p2|6\n|gen|9\n|tier|[Gen 9] Anything Goes\n|rated|\n|rule|HP Percentage Mod: HP is shown in percentages\n|rule|Endless Battle Clause: Forcing endless battles is banned\n|clearpoke\n|poke|p1|Infernape, F|\n|poke|p1|Infernape, F|\n|poke|p1|Infernape, M|\n|poke|p1|Infernape, M|\n|poke|p1|Infernape, M|\n|poke|p1|Infernape, M|\n|poke|p2|Hatterene, F|\n|poke|p2|Kingambit, M|\n|poke|p2|Maushold|\n|poke|p2|Meowscarada, F|\n|poke|p2|Gengar, M|\n|poke|p2|Conkeldurr, F|\n|teampreview\n|inactive|Battle timer is ON: inactive players will automatically lose when time's up. (requested by Matsurizzzu)\n|\n|t:|1698031106\n|start\n|switch|p1a: MONKEY|Infernape, F|100\/100\n|switch|p2a: Gengar|Gengar, M|100\/100\n|turn|1\n|\n|t:|1698031113\n|move|p2a: Gengar|Nasty Plot|p2a: Gengar\n|-boost|p2a: Gengar|spa|2\n|move|p1a: MONKEY|Fire Blast|p2a: Gengar\n|-damage|p2a: Gengar|0 fnt\n|faint|p2a: Gengar\n|-damage|p1a: MONKEY|91\/100|[from] item: Life Orb\n|\n|upkeep\n|\n|t:|1698031121\n|switch|p2a: Maushold|Maushold|100\/100\n|turn|2\n|\n|t:|1698031125\n|move|p2a: Maushold|Population Bomb|p1a: MONKEY\n|-damage|p1a: MONKEY|73\/100\n|-damage|p1a: MONKEY|55\/100\n|-damage|p1a: MONKEY|39\/100\n|-damage|p1a: MONKEY|23\/100\n|-damage|p1a: MONKEY|7\/100\n|-hitcount|p1a: MONKEY|5\n|move|p1a: MONKEY|Focus Blast|p2a: Maushold|[miss]\n|-miss|p1a: MONKEY|p2a: Maushold\n|\n|upkeep\n|turn|3\n|\n|t:|1698031137\n|move|p1a: MONKEY|Vacuum Wave|p2a: Maushold\n|-supereffective|p2a: Maushold\n|-damage|p2a: Maushold|24\/100\n|-damage|p1a: MONKEY|0 fnt|[from] item: Life Orb\n|faint|p1a: MONKEY\n|move|p2a: Maushold|Shadow Claw|p1: MONKEY|[notarget]\n|-fail|p2a: Maushold\n|\n|upkeep\n|\n|t:|1698031141\n|switch|p1a: MONKEY|Infernape, F|100\/100\n|turn|4\n|\n|t:|1698031145\n|move|p1a: MONKEY|Vacuum Wave|p2a: Maushold\n|-supereffective|p2a: Maushold\n|-damage|p2a: Maushold|0 fnt\n|faint|p2a: Maushold\n|-damage|p1a: MONKEY|91\/100|[from] item: Life Orb\n|\n|upkeep\n|\n|t:|1698031154\n|switch|p2a: Meowscarada|Meowscarada, F|100\/100\n|turn|5\n|\n|t:|1698031158\n|move|p1a: MONKEY|Fire Blast|p2a: Meowscarada\n|-supereffective|p2a: Meowscarada\n|-damage|p2a: Meowscarada|0 fnt\n|faint|p2a: Meowscarada\n|-damage|p1a: MONKEY|81\/100|[from] item: Life Orb\n|\n|upkeep\n|\n|t:|1698031166\n|switch|p2a: Hatterene|Hatterene, F|100\/100\n|turn|6\n|\n|t:|1698031172\n|-terastallize|p1a: MONKEY|Fire\n|move|p2a: Hatterene|Protect|p2a: Hatterene\n|-singleturn|p2a: Hatterene|Protect\n|move|p1a: MONKEY|Fire Blast|p2a: Hatterene\n|-activate|p2a: Hatterene|move: Protect\n|\n|upkeep\n|turn|7\n|\n|t:|1698031178\n|move|p1a: MONKEY|Fire Blast|p2a: Hatterene|[miss]\n|-miss|p1a: MONKEY|p2a: Hatterene\n|move|p2a: Hatterene|Trick Room|p2a: Hatterene\n|-fieldstart|move: Trick Room|[of] p2a: Hatterene\n|\n|upkeep\n|turn|8\n|\n|t:|1698031184\n|move|p2a: Hatterene|Light Screen|p2a: Hatterene\n|-sidestart|p2: Reigjinokou|move: Light Screen\n|move|p1a: MONKEY|Fire Blast|p2a: Hatterene\n|-damage|p2a: Hatterene|60\/100\n|-damage|p1a: MONKEY|71\/100|[from] item: Life Orb\n|\n|upkeep\n|turn|9\n|\n|t:|1698031189\n|move|p2a: Hatterene|Reflect|p2a: Hatterene\n|-sidestart|p2: Reigjinokou|Reflect\n|move|p1a: MONKEY|Nasty Plot|p1a: MONKEY\n|-boost|p1a: MONKEY|spa|2\n|\n|upkeep\n|turn|10\n|\n|t:|1698031204\n|move|p1a: MONKEY|Fire Blast|p2a: Hatterene\n|-damage|p2a: Hatterene|0 fnt\n|faint|p2a: Hatterene\n|-damage|p1a: MONKEY|61\/100|[from] item: Life Orb\n|\n|upkeep\n|\n|t:|1698031214\n|switch|p2a: Conkeldurr|Conkeldurr, F|100\/100\n|turn|11\n|\n|t:|1698031224\n|move|p1a: MONKEY|Vacuum Wave|p2a: Conkeldurr\n|-damage|p2a: Conkeldurr|73\/100\n|-damage|p1a: MONKEY|51\/100|[from] item: Life Orb\n|move|p2a: Conkeldurr|Earthquake|p1a: MONKEY\n|-supereffective|p1a: MONKEY\n|-damage|p1a: MONKEY|0 fnt\n|faint|p1a: MONKEY\n|\n|-fieldend|move: Trick Room\n|-status|p2a: Conkeldurr|brn|[from] item: Flame Orb\n|upkeep\n|\n|t:|1698031230\n|switch|p1a: MONKEY|Infernape, M|100\/100\n|turn|12\n|\n|t:|1698031234\n|move|p1a: MONKEY|Fire Blast|p2a: Conkeldurr|[miss]\n|-miss|p1a: MONKEY|p2a: Conkeldurr\n|move|p2a: Conkeldurr|Earthquake|p1a: MONKEY\n|-supereffective|p1a: MONKEY\n|-damage|p1a: MONKEY|0 fnt\n|faint|p1a: MONKEY\n|\n|-damage|p2a: Conkeldurr|67\/100 brn|[from] brn\n|upkeep\n|\n|t:|1698031239\n|switch|p1a: MONKEY|Infernape, M|100\/100\n|turn|13\n|\n|t:|1698031244\n|move|p1a: MONKEY|Fire Blast|p2a: Conkeldurr|[miss]\n|-miss|p1a: MONKEY|p2a: Conkeldurr\n|move|p2a: Conkeldurr|Earthquake|p1a: MONKEY\n|-supereffective|p1a: MONKEY\n|-damage|p1a: MONKEY|0 fnt\n|faint|p1a: MONKEY\n|\n|-damage|p2a: Conkeldurr|61\/100 brn|[from] brn\n|upkeep\n|\n|t:|1698031249\n|switch|p1a: MONKEY|Infernape, M|100\/100\n|turn|14\n|\n|t:|1698031256\n|move|p1a: MONKEY|Fire Blast|p2a: Conkeldurr\n|-damage|p2a: Conkeldurr|26\/100 brn\n|-damage|p1a: MONKEY|91\/100|[from] item: Life Orb\n|move|p2a: Conkeldurr|Earthquake|p1a: MONKEY\n|-supereffective|p1a: MONKEY\n|-damage|p1a: MONKEY|0 fnt\n|faint|p1a: MONKEY\n|\n|-damage|p2a: Conkeldurr|20\/100 brn|[from] brn\n|upkeep\n|\n|t:|1698031262\n|switch|p1a: MONKEY|Infernape, M|100\/100\n|turn|15\n|\n|t:|1698031268\n|move|p1a: MONKEY|Fire Blast|p2a: Conkeldurr\n|-damage|p2a: Conkeldurr|0 fnt\n|faint|p2a: Conkeldurr\n|-damage|p1a: MONKEY|91\/100|[from] item: Life Orb\n|\n|-sideend|p2: Reigjinokou|move: Light Screen\n|upkeep\n|\n|t:|1698031276\n|switch|p2a: Kingambit|Kingambit, M|100\/100\n|-activate|p2a: Kingambit|ability: Supreme Overlord\n|-start|p2a: Kingambit|fallen5|[silent]\n|turn|16\n|\n|t:|1698031282\n|-terastallize|p2a: Kingambit|Dark\n|move|p1a: MONKEY|Focus Blast|p2a: Kingambit\n|-supereffective|p2a: Kingambit\n|-damage|p2a: Kingambit|0 fnt\n|faint|p2a: Kingambit\n|-end|p2a: Kingambit|fallen5|[silent]\n|-damage|p1a: MONKEY|81\/100|[from] item: Life Orb\n|\n|win|Matsurizzzu\n|raw|Matsurizzzu's rating: 1089 &rarr; <strong>1109<\/strong><br \/>(+20 for winning)\n|raw|Reigjinokou's rating: 1000 &rarr; <strong>1000<\/strong><br \/>(+0 for losing)\n|c|\u2606Matsurizzzu|GG\n|l|\u2606Reigjinokou\n","uploadtime":1698031295,"views":17,"p1id":"matsurizzzu","p2id":"reigjinokou","formatid":"gen9anythinggoes","rating":1000,"private":0,"password":""}