{"id":"gen9anythinggoes-1976668785","p1":"Lucasoduncu","p2":"Memezter","format":"[Gen 9] Anything Goes","log":"|j|\u2606Lucasoduncu\n|j|\u2606Memezter\n|t:|1698331984\n|gametype|singles\n|player|p1|Lucasoduncu|cameraman|1069\n|player|p2|Memezter|pokemaniac|1023\n|teamsize|p1|6\n|teamsize|p2|6\n|gen|9\n|tier|[Gen 9] Anything Goes\n|rated|\n|rule|HP Percentage Mod: HP is shown in percentages\n|rule|Endless Battle Clause: Forcing endless battles is banned\n|clearpoke\n|poke|p1|Annihilape, M|\n|poke|p1|Ninetales, M|\n|poke|p1|Ogerpon-Cornerstone, F|\n|poke|p1|Corviknight, M|\n|poke|p1|Dusclops, F|\n|poke|p1|Klefki, M|\n|poke|p2|Sneasler, M|\n|poke|p2|Ogerpon-Cornerstone, F|\n|poke|p2|Dondozo, M|\n|poke|p2|Kommo-o, F|\n|poke|p2|Corviknight, F|\n|poke|p2|Zoroark-Hisui, F|\n|teampreview\n|inactive|Battle timer is ON: inactive players will automatically lose when time's up. (requested by Lucasoduncu)\n|\n|t:|1698332012\n|start\n|switch|p1a: Annihilape|Annihilape, M, shiny|100\/100\n|switch|p2a: Ogerpon|Ogerpon-Cornerstone, F|100\/100\n|turn|1\n|\n|t:|1698332023\n|move|p2a: Ogerpon|Calm Mind|p2a: Ogerpon\n|-boost|p2a: Ogerpon|spa|1\n|-boost|p2a: Ogerpon|spd|1\n|move|p1a: Annihilape|Overheat|p2a: Ogerpon\n|-damage|p2a: Ogerpon|69\/100\n|-unboost|p1a: Annihilape|spa|2\n|replace|p2a: Zoroark|Zoroark-Hisui, F, shiny\n|-end|p2a: Zoroark|Illusion\n|\n|upkeep\n|turn|2\n|\n|t:|1698332046\n|move|p2a: Zoroark|Phantom Force||[still]\n|-prepare|p2a: Zoroark|Phantom Force\n|move|p1a: Annihilape|Overheat|p2a: Zoroark|[miss]\n|-miss|p1a: Annihilape|p2a: Zoroark\n|\n|upkeep\n|turn|3\n|\n|t:|1698332053\n|move|p2a: Zoroark|Phantom Force|p1a: Annihilape|[from]lockedmove\n|-supereffective|p1a: Annihilape\n|-damage|p1a: Annihilape|30\/100\n|move|p1a: Annihilape|Overheat|p2a: Zoroark\n|-damage|p2a: Zoroark|51\/100\n|-unboost|p1a: Annihilape|spa|2\n|\n|upkeep\n|turn|4\n|\n|t:|1698332062\n|move|p2a: Zoroark|Night Shade|p1a: Annihilape\n|-damage|p1a: Annihilape|2\/100\n|move|p1a: Annihilape|Focus Energy|p1a: Annihilape\n|-start|p1a: Annihilape|move: Focus Energy\n|\n|upkeep\n|turn|5\n|\n|t:|1698332068\n|move|p2a: Zoroark|Night Shade|p1a: Annihilape\n|-damage|p1a: Annihilape|0 fnt\n|faint|p1a: Annihilape\n|\n|upkeep\n|\n|t:|1698332076\n|switch|p1a: Ogerpon|Ogerpon-Cornerstone, F|100\/100\n|turn|6\n|\n|t:|1698332086\n|move|p2a: Zoroark|Night Shade|p1a: Ogerpon\n|-damage|p1a: Ogerpon|67\/100\n|move|p1a: Ogerpon|Ivy Cudgel|p2a: Zoroark\n|-damage|p2a: Zoroark|0 fnt\n|faint|p2a: Zoroark\n|\n|upkeep\n|\n|t:|1698332099\n|switch|p2a: Chad|Kommo-o, F|100\/100\n|turn|7\n|\n|t:|1698332106\n|move|p2a: Chad|Clangorous Soul|p2a: Chad\n|-boost|p2a: Chad|atk|1\n|-boost|p2a: Chad|def|1\n|-boost|p2a: Chad|spa|1\n|-boost|p2a: Chad|spd|1\n|-boost|p2a: Chad|spe|1\n|-damage|p2a: Chad|68\/100\n|move|p1a: Ogerpon|Counter||[still]\n|-fail|p1a: Ogerpon\n|\n|upkeep\n|turn|8\n|\n|t:|1698332117\n|move|p2a: Chad|Drain Punch|p1a: Ogerpon\n|-supereffective|p1a: Ogerpon\n|-damage|p1a: Ogerpon|0 fnt\n|-heal|p2a: Chad|100\/100|[from] drain|[of] p1a: Ogerpon\n|faint|p1a: Ogerpon\n|\n|upkeep\n|\n|t:|1698332122\n|switch|p1a: Dusclops|Dusclops, F|100\/100\n|-ability|p1a: Dusclops|Pressure\n|turn|9\n|\n|t:|1698332134\n|move|p2a: Chad|Dragon Claw|p1a: Dusclops\n|-damage|p1a: Dusclops|74\/100\n|move|p1a: Dusclops|Will-O-Wisp|p2a: Chad|[miss]\n|-miss|p1a: Dusclops|p2a: Chad\n|\n|upkeep\n|turn|10\n|\n|t:|1698332142\n|move|p2a: Chad|Poison Jab|p1a: Dusclops\n|-resisted|p1a: Dusclops\n|-damage|p1a: Dusclops|64\/100\n|move|p1a: Dusclops|Will-O-Wisp|p2a: Chad\n|-status|p2a: Chad|brn\n|\n|-damage|p2a: Chad|94\/100 brn|[from] brn\n|upkeep\n|turn|11\n|\n|t:|1698332155\n|move|p2a: Chad|Clangorous Soul|p2a: Chad\n|-boost|p2a: Chad|atk|1\n|-boost|p2a: Chad|def|1\n|-boost|p2a: Chad|spa|1\n|-boost|p2a: Chad|spd|1\n|-boost|p2a: Chad|spe|1\n|-damage|p2a: Chad|61\/100 brn\n|move|p1a: Dusclops|Pain Split|p2a: Chad\n|-sethp|p2a: Chad|62\/100 brn|[from] move: Pain Split|[silent]\n|-sethp|p1a: Dusclops|64\/100|[from] move: Pain Split\n|\n|-damage|p2a: Chad|56\/100 brn|[from] brn\n|upkeep\n|turn|12\n|\n|t:|1698332168\n|move|p2a: Chad|Dragon Claw|p1a: Dusclops\n|-damage|p1a: Dusclops|45\/100\n|move|p1a: Dusclops|Night Shade|p2a: Chad\n|-damage|p2a: Chad|21\/100 brn\n|-enditem|p2a: Chad|Aguav Berry|[eat]\n|-heal|p2a: Chad|55\/100 brn|[from] item: Aguav Berry\n|\n|-damage|p2a: Chad|49\/100 brn|[from] brn\n|upkeep\n|turn|13\n|\n|t:|1698332183\n|move|p2a: Chad|Dragon Claw|p1a: Dusclops\n|-damage|p1a: Dusclops|28\/100\n|move|p1a: Dusclops|Night Shade|p2a: Chad\n|-damage|p2a: Chad|14\/100 brn\n|\n|-damage|p2a: Chad|8\/100 brn|[from] brn\n|upkeep\n|turn|14\n|\n|t:|1698332191\n|move|p2a: Chad|Dragon Claw|p1a: Dusclops\n|-damage|p1a: Dusclops|9\/100\n|move|p1a: Dusclops|Night Shade|p2a: Chad\n|-damage|p2a: Chad|0 fnt\n|faint|p2a: Chad\n|\n|upkeep\n|\n|t:|1698332211\n|switch|p2a: Ogerpon|Ogerpon-Cornerstone, F|100\/100\n|turn|15\n|\n|t:|1698332218\n|move|p2a: Ogerpon|U-turn|p1a: Dusclops\n|-resisted|p1a: Dusclops\n|-damage|p1a: Dusclops|4\/100\n|\n|t:|1698332225\n|switch|p2a: Dondozo|Dondozo, M, shiny|100\/100|[from] U-turn\n|move|p1a: Dusclops|Pain Split|p2a: Dondozo\n|-sethp|p2a: Dondozo|52\/100|[from] move: Pain Split|[silent]\n|-sethp|p1a: Dusclops|91\/100|[from] move: Pain Split\n|\n|-heal|p2a: Dondozo|58\/100|[from] item: Leftovers\n|upkeep\n|turn|16\n|\n|t:|1698332237\n|move|p2a: Dondozo|Yawn|p1a: Dusclops\n|-start|p1a: Dusclops|move: Yawn|[of] p2a: Dondozo\n|move|p1a: Dusclops|Will-O-Wisp|p2a: Dondozo\n|-status|p2a: Dondozo|brn\n|\n|-heal|p2a: Dondozo|64\/100 brn|[from] item: Leftovers\n|-damage|p2a: Dondozo|58\/100 brn|[from] brn\n|upkeep\n|turn|17\n|\n|t:|1698332251\n|move|p2a: Dondozo|Liquidation|p1a: Dusclops\n|-damage|p1a: Dusclops|85\/100\n|-unboost|p1a: Dusclops|def|1\n|move|p1a: Dusclops|Calm Mind|p1a: Dusclops\n|-boost|p1a: Dusclops|spa|1\n|-boost|p1a: Dusclops|spd|1\n|\n|-heal|p2a: Dondozo|64\/100 brn|[from] item: Leftovers\n|-damage|p2a: Dondozo|58\/100 brn|[from] brn\n|-end|p1a: Dusclops|move: Yawn|[silent]\n|-status|p1a: Dusclops|slp\n|upkeep\n|turn|18\n|\n|t:|1698332264\n|move|p2a: Dondozo|Earthquake|p1a: Dusclops\n|-damage|p1a: Dusclops|79\/100 slp\n|cant|p1a: Dusclops|slp\n|\n|-heal|p2a: Dondozo|64\/100 brn|[from] item: Leftovers\n|-damage|p2a: Dondozo|58\/100 brn|[from] brn\n|upkeep\n|turn|19\n|\n|t:|1698332275\n|move|p2a: Dondozo|Liquidation|p1a: Dusclops\n|-crit|p1a: Dusclops\n|-damage|p1a: Dusclops|68\/100 slp\n|-unboost|p1a: Dusclops|def|1\n|-curestatus|p1a: Dusclops|slp|[msg]\n|move|p1a: Dusclops|Night Shade|p2a: Dondozo\n|-damage|p2a: Dondozo|38\/100 brn\n|\n|-heal|p2a: Dondozo|44\/100 brn|[from] item: Leftovers\n|-damage|p2a: Dondozo|38\/100 brn|[from] brn\n|upkeep\n|turn|20\n|\n|t:|1698332287\n|move|p2a: Dondozo|Yawn|p1a: Dusclops\n|-start|p1a: Dusclops|move: Yawn|[of] p2a: Dondozo\n|move|p1a: Dusclops|Night Shade|p2a: Dondozo\n|-damage|p2a: Dondozo|18\/100 brn\n|\n|-heal|p2a: Dondozo|24\/100 brn|[from] item: Leftovers\n|-damage|p2a: Dondozo|18\/100 brn|[from] brn\n|upkeep\n|turn|21\n|\n|t:|1698332298\n|switch|p1a: Ninetales|Ninetales, M, shiny|100\/100\n|-weather|SunnyDay|[from] ability: Drought|[of] p1a: Ninetales\n|move|p2a: Dondozo|Liquidation|p1a: Ninetales\n|-supereffective|p1a: Ninetales\n|-damage|p1a: Ninetales|81\/100\n|-enditem|p1a: Ninetales|Weakness Policy\n|-boost|p1a: Ninetales|atk|2|[from] item: Weakness Policy\n|-boost|p1a: Ninetales|spa|2|[from] item: Weakness Policy\n|\n|-weather|SunnyDay|[upkeep]\n|-heal|p2a: Dondozo|24\/100 brn|[from] item: Leftovers\n|-damage|p2a: Dondozo|18\/100 brn|[from] brn\n|upkeep\n|turn|22\n|\n|t:|1698332312\n|move|p1a: Ninetales|Dig||[still]\n|-prepare|p1a: Ninetales|Dig\n|move|p2a: Dondozo|Yawn|p1a: Ninetales|[miss]\n|-miss|p2a: Dondozo|p1a: Ninetales\n|\n|-weather|SunnyDay|[upkeep]\n|-heal|p2a: Dondozo|24\/100 brn|[from] item: Leftovers\n|-damage|p2a: Dondozo|18\/100 brn|[from] brn\n|upkeep\n|turn|23\n|\n|t:|1698332320\n|move|p2a: Dondozo|Protect|p2a: Dondozo\n|-singleturn|p2a: Dondozo|Protect\n|move|p1a: Ninetales|Dig|p2a: Dondozo|[from]lockedmove\n|-activate|p2a: Dondozo|move: Protect\n|\n|-weather|SunnyDay|[upkeep]\n|-heal|p2a: Dondozo|24\/100 brn|[from] item: Leftovers\n|-damage|p2a: Dondozo|18\/100 brn|[from] brn\n|upkeep\n|turn|24\n|\n|t:|1698332330\n|move|p1a: Ninetales|Flame Charge|p2a: Dondozo\n|-resisted|p2a: Dondozo\n|-damage|p2a: Dondozo|9\/100 brn\n|-boost|p1a: Ninetales|spe|1\n|move|p2a: Dondozo|Yawn|p1a: Ninetales\n|-start|p1a: Ninetales|move: Yawn|[of] p2a: Dondozo\n|\n|-weather|SunnyDay|[upkeep]\n|-heal|p2a: Dondozo|15\/100 brn|[from] item: Leftovers\n|-damage|p2a: Dondozo|9\/100 brn|[from] brn\n|upkeep\n|turn|25\n|\n|t:|1698332344\n|move|p1a: Ninetales|Dig||[still]\n|-prepare|p1a: Ninetales|Dig\n|move|p2a: Dondozo|Liquidation|p1a: Ninetales|[miss]\n|-miss|p2a: Dondozo|p1a: Ninetales\n|\n|-weather|none\n|-heal|p2a: Dondozo|15\/100 brn|[from] item: Leftovers\n|-damage|p2a: Dondozo|9\/100 brn|[from] brn\n|-end|p1a: Ninetales|move: Yawn|[silent]\n|-status|p1a: Ninetales|slp\n|upkeep\n|turn|26\n|\n|t:|1698332355\n|move|p2a: Dondozo|Protect|p2a: Dondozo\n|-singleturn|p2a: Dondozo|Protect\n|cant|p1a: Ninetales|slp\n|\n|-heal|p2a: Dondozo|15\/100 brn|[from] item: Leftovers\n|-damage|p2a: Dondozo|9\/100 brn|[from] brn\n|upkeep\n|turn|27\n|\n|t:|1698332370\n|-curestatus|p1a: Ninetales|slp|[msg]\n|move|p1a: Ninetales|Flame Charge|p2a: Dondozo\n|-resisted|p2a: Dondozo\n|-crit|p2a: Dondozo\n|-damage|p2a: Dondozo|0 fnt\n|-boost|p1a: Ninetales|spe|1\n|faint|p2a: Dondozo\n|\n|upkeep\n|\n|t:|1698332386\n|switch|p2a: Sneasler|Sneasler, M, shiny|100\/100\n|turn|28\n|\n|t:|1698332396\n|move|p1a: Ninetales|Flame Charge|p2a: Sneasler\n|-damage|p2a: Sneasler|28\/100\n|-boost|p1a: Ninetales|spe|1\n|move|p2a: Sneasler|Dire Claw|p1a: Ninetales\n|-damage|p1a: Ninetales|28\/100\n|\n|upkeep\n|turn|29\n|inactive|Memezter has 120 seconds left.\n|\n|t:|1698332418\n|move|p1a: Ninetales|Dig||[still]\n|-prepare|p1a: Ninetales|Dig\n|move|p2a: Sneasler|Acrobatics|p1a: Ninetales|[miss]\n|-miss|p2a: Sneasler|p1a: Ninetales\n|\n|upkeep\n|turn|30\n|\n|t:|1698332426\n|switch|p2a: Corviknight|Corviknight, F, shiny|100\/100\n|move|p1a: Ninetales|Dig|p2a: Corviknight|[from]lockedmove\n|-immune|p2a: Corviknight\n|\n|upkeep\n|turn|31\n|inactive|Memezter has 120 seconds left.\n|\n|t:|1698332444\n|move|p1a: Ninetales|Flame Charge|p2a: Corviknight\n|-supereffective|p2a: Corviknight\n|-damage|p2a: Corviknight|31\/100\n|-boost|p1a: Ninetales|spe|1\n|move|p2a: Corviknight|Dual Wingbeat|p1a: Ninetales\n|-damage|p1a: Ninetales|7\/100\n|-damage|p1a: Ninetales|0 fnt\n|faint|p1a: Ninetales\n|-hitcount|p1: Ninetales|2\n|\n|upkeep\n|\n|t:|1698332449\n|switch|p1a: Corviknight|Corviknight, M, shiny|100\/100\n|-ability|p1a: Corviknight|Pressure\n|turn|32\n|\n|t:|1698332461\n|-terastallize|p2a: Corviknight|Fighting\n|move|p1a: Corviknight|Peck|p2a: Corviknight\n|-supereffective|p2a: Corviknight\n|-damage|p2a: Corviknight|11\/100\n|move|p2a: Corviknight|Body Press|p1a: Corviknight\n|-damage|p1a: Corviknight|78\/100\n|\n|upkeep\n|turn|33\n|\n|t:|1698332474\n|move|p1a: Corviknight|Peck|p2a: Corviknight\n|-supereffective|p2a: Corviknight\n|-damage|p2a: Corviknight|0 fnt\n|faint|p2a: Corviknight\n|\n|upkeep\n|\n|t:|1698332481\n|switch|p2a: Sneasler|Sneasler, M, shiny|28\/100\n|turn|34\n|\n|t:|1698332489\n|move|p2a: Sneasler|Fire Punch|p1a: Corviknight\n|-supereffective|p1a: Corviknight\n|-damage|p1a: Corviknight|34\/100\n|move|p1a: Corviknight|Peck|p2a: Sneasler\n|-supereffective|p2a: Sneasler\n|-damage|p2a: Sneasler|0 fnt\n|faint|p2a: Sneasler\n|\n|upkeep\n|\n|t:|1698332497\n|switch|p2a: Ogerpon|Ogerpon-Cornerstone, F|100\/100\n|turn|35\n|\n|t:|1698332508\n|move|p2a: Ogerpon|Play Rough|p1a: Corviknight\n|-resisted|p1a: Corviknight\n|-damage|p1a: Corviknight|23\/100\n|-enditem|p1a: Corviknight|Apicot Berry|[eat]\n|-boost|p1a: Corviknight|spd|1|[from] item: Apicot Berry\n|move|p1a: Corviknight|Peck|p2a: Ogerpon\n|-damage|p2a: Ogerpon|90\/100\n|\n|upkeep\n|turn|36\n|\n|t:|1698332517\n|move|p2a: Ogerpon|Leech Seed|p1a: Corviknight\n|-start|p1a: Corviknight|move: Leech Seed\n|move|p1a: Corviknight|Peck|p2a: Ogerpon\n|-damage|p2a: Ogerpon|79\/100\n|\n|-damage|p1a: Corviknight|10\/100|[from] Leech Seed|[of] p2a: Ogerpon\n|-heal|p2a: Ogerpon|96\/100|[silent]\n|upkeep\n|turn|37\n|\n|t:|1698332526\n|move|p2a: Ogerpon|U-turn|p1a: Corviknight\n|-resisted|p1a: Corviknight\n|-damage|p1a: Corviknight|6\/100\n|move|p1a: Corviknight|Roost|p1a: Corviknight\n|-heal|p1a: Corviknight|56\/100\n|-singleturn|p1a: Corviknight|move: Roost\n|\n|-damage|p1a: Corviknight|43\/100|[from] Leech Seed|[of] p2a: Ogerpon\n|-heal|p2a: Ogerpon|100\/100|[silent]\n|upkeep\n|turn|38\n|\n|t:|1698332538\n|switch|p1a: Dusclops|Dusclops, F|68\/100\n|-ability|p1a: Dusclops|Pressure\n|move|p2a: Ogerpon|Play Rough|p1a: Dusclops\n|-damage|p1a: Dusclops|53\/100\n|\n|upkeep\n|turn|39\n|\n|t:|1698332548\n|move|p2a: Ogerpon|Leech Seed|p1a: Dusclops\n|-start|p1a: Dusclops|move: Leech Seed\n|move|p1a: Dusclops|Will-O-Wisp|p2a: Ogerpon\n|-status|p2a: Ogerpon|brn\n|\n|-damage|p1a: Dusclops|41\/100|[from] Leech Seed|[of] p2a: Ogerpon\n|-damage|p2a: Ogerpon|95\/100 brn|[from] brn\n|upkeep\n|turn|40\n|\n|t:|1698332560\n|move|p2a: Ogerpon|U-turn|p1a: Dusclops\n|-resisted|p1a: Dusclops\n|-damage|p1a: Dusclops|39\/100\n|move|p1a: Dusclops|Pain Split|p2a: Ogerpon\n|-sethp|p2a: Ogerpon|65\/100 brn|[from] move: Pain Split|[silent]\n|-sethp|p1a: Dusclops|70\/100|[from] move: Pain Split\n|\n|-damage|p1a: Dusclops|57\/100|[from] Leech Seed|[of] p2a: Ogerpon\n|-heal|p2a: Ogerpon|77\/100 brn|[silent]\n|-damage|p2a: Ogerpon|71\/100 brn|[from] brn\n|upkeep\n|turn|41\n|\n|t:|1698332571\n|move|p2a: Ogerpon|Play Rough|p1a: Dusclops\n|-damage|p1a: Dusclops|50\/100\n|move|p1a: Dusclops|Night Shade|p2a: Ogerpon\n|-damage|p2a: Ogerpon|38\/100 brn\n|\n|-damage|p1a: Dusclops|38\/100|[from] Leech Seed|[of] p2a: Ogerpon\n|-heal|p2a: Ogerpon|50\/100 brn|[silent]\n|-damage|p2a: Ogerpon|44\/100 brn|[from] brn\n|upkeep\n|turn|42\n|\n|t:|1698332584\n|move|p2a: Ogerpon|Spikes|p1a: Dusclops\n|-sidestart|p1: Lucasoduncu|Spikes\n|move|p1a: Dusclops|Night Shade|p2a: Ogerpon\n|-damage|p2a: Ogerpon|10\/100 brn\n|\n|-damage|p1a: Dusclops|26\/100|[from] Leech Seed|[of] p2a: Ogerpon\n|-heal|p2a: Ogerpon|22\/100 brn|[silent]\n|-damage|p2a: Ogerpon|16\/100 brn|[from] brn\n|upkeep\n|turn|43\n|-message|Memezter forfeited.\n|\n|win|Lucasoduncu\n|raw|Lucasoduncu's rating: 1069 &rarr; <strong>1095<\/strong><br \/>(+26 for winning)\n|raw|Memezter's rating: 1023 &rarr; <strong>1011<\/strong><br \/>(-12 for losing)\n|l|\u2606Memezter\n","uploadtime":1698332594,"views":7,"p1id":"lucasoduncu","p2id":"memezter","formatid":"gen9anythinggoes","rating":1011,"private":0,"password":""}