{"id":"gen9anythinggoes-1984145337","p1":"AGisgood","p2":"OJ Did Not Do It","format":"[Gen 9] Anything Goes","log":"|j|\u2606AGisgood\n|j|\u203dOJ Did Not Do It\n|t:|1699223413\n|gametype|singles\n|player|p1|AGisgood|cynthia-masters|1649\n|player|p2|OJ Did Not Do It|blue|1852\n|teamsize|p1|6\n|teamsize|p2|6\n|gen|9\n|tier|[Gen 9] Anything Goes\n|rated|\n|rule|HP Percentage Mod: HP is shown in percentages\n|rule|Endless Battle Clause: Forcing endless battles is banned\n|clearpoke\n|poke|p1|Koraidon|\n|poke|p1|Koraidon|\n|poke|p1|Calyrex-Shadow|\n|poke|p1|Zacian-*|\n|poke|p1|Landorus-Therian, M|\n|poke|p1|Ting-Lu|\n|poke|p2|Koraidon|\n|poke|p2|Calyrex-Shadow|\n|poke|p2|Arceus|\n|poke|p2|Arceus-Ground|\n|poke|p2|Arceus-Fairy|\n|poke|p2|Landorus-Therian, M|\n|teampreview\n|inactive|Battle timer is ON: inactive players will automatically lose when time's up. (requested by AGisgood)\n|\n|t:|1699223440\n|start\n|switch|p1a: Calyrex|Calyrex-Shadow|100\/100\n|switch|p2a: Arceus|Arceus-Ground|100\/100\n|-ability|p1a: Calyrex|As One\n|-ability|p1a: Calyrex|Unnerve\n|turn|1\n|j| Kaizer of Dragon\n|\n|t:|1699223461\n|move|p1a: Calyrex|Grass Knot|p2a: Arceus\n|-supereffective|p2a: Arceus\n|-damage|p2a: Arceus|10\/100\n|move|p2a: Arceus|Judgment|p1a: Calyrex\n|-damage|p1a: Calyrex|50\/100\n|\n|upkeep\n|turn|2\n|\n|t:|1699223473\n|move|p1a: Calyrex|Grass Knot|p2a: Arceus\n|-supereffective|p2a: Arceus\n|-damage|p2a: Arceus|0 fnt\n|faint|p2a: Arceus\n|-ability|p1a: Calyrex|Grim Neigh|boost\n|-boost|p1a: Calyrex|spa|1\n|\n|upkeep\n|\n|t:|1699223484\n|switch|p2a: Calyrex|Calyrex-Shadow|100\/100\n|-ability|p2a: Calyrex|As One\n|-ability|p2a: Calyrex|Unnerve\n|turn|3\n|\n|t:|1699223498\n|switch|p1a: Ting-Lu|Ting-Lu|100\/100\n|-ability|p1a: Ting-Lu|Vessel of Ruin\n|move|p2a: Calyrex|Astral Barrage|p1a: Ting-Lu\n|-resisted|p1a: Ting-Lu\n|-damage|p1a: Ting-Lu|85\/100\n|\n|upkeep\n|turn|4\n|\n|t:|1699223508\n|switch|p2a: Arceus|Arceus-Fairy|100\/100\n|move|p1a: Ting-Lu|Spikes|p2a: Arceus\n|-sidestart|p2: OJ Did Not Do It|Spikes\n|\n|upkeep\n|turn|5\n|\n|t:|1699223517\n|switch|p1a: Zacian|Zacian-Crowned|100\/100\n|-ability|p1a: Zacian|Intrepid Sword|boost\n|-boost|p1a: Zacian|atk|1\n|move|p2a: Arceus|Will-O-Wisp|p1a: Zacian|[miss]\n|-miss|p2a: Arceus|p1a: Zacian\n|\n|upkeep\n|turn|6\n|\n|t:|1699223525\n|switch|p2a: Landorus|Landorus-Therian, M|100\/100\n|-ability|p2a: Landorus|Intimidate|boost\n|-unboost|p1a: Zacian|atk|1\n|move|p1a: Zacian|Swords Dance|p1a: Zacian\n|-boost|p1a: Zacian|atk|2\n|\n|upkeep\n|turn|7\n|\n|t:|1699223534\n|switch|p1a: Landorus|Landorus-Therian, M|100\/100\n|-ability|p1a: Landorus|Intimidate|boost\n|-unboost|p2a: Landorus|atk|1\n|move|p2a: Landorus|Earthquake|p1a: Landorus\n|-immune|p1a: Landorus\n|\n|upkeep\n|turn|8\n|\n|t:|1699223538\n|move|p2a: Landorus|Taunt|p1a: Landorus\n|-start|p1a: Landorus|move: Taunt\n|cant|p1a: Landorus|move: Taunt|Stealth Rock\n|\n|upkeep\n|turn|9\n|\n|t:|1699223557\n|move|p2a: Landorus|Stealth Rock|p1a: Landorus\n|-sidestart|p1: AGisgood|move: Stealth Rock\n|move|p1a: Landorus|U-turn|p2a: Landorus\n|-resisted|p2a: Landorus\n|-damage|p2a: Landorus|92\/100\n|-damage|p1a: Landorus|84\/100|[from] item: Rocky Helmet|[of] p2a: Landorus\n|j| mortality102\n|\n|t:|1699223559\n|switch|p1a: Calyrex|Calyrex-Shadow|50\/100|[from] U-turn\n|-ability|p1a: Calyrex|As One\n|-ability|p1a: Calyrex|Unnerve\n|-damage|p1a: Calyrex|38\/100|[from] Stealth Rock\n|\n|upkeep\n|turn|10\n|\n|t:|1699223567\n|switch|p2a: Arceus|Arceus|100\/100\n|-damage|p2a: Arceus|88\/100|[from] Spikes\n|move|p1a: Calyrex|Psyshock|p2a: Arceus\n|-damage|p2a: Arceus|40\/100\n|\n|upkeep\n|turn|11\n|\n|t:|1699223573\n|move|p1a: Calyrex|Psyshock|p2a: Arceus\n|-damage|p2a: Arceus|0 fnt\n|faint|p2a: Arceus\n|-ability|p1a: Calyrex|Grim Neigh|boost\n|-boost|p1a: Calyrex|spa|1\n|\n|upkeep\n|\n|t:|1699223580\n|switch|p2a: Calyrex|Calyrex-Shadow|100\/100\n|-ability|p2a: Calyrex|As One\n|-ability|p2a: Calyrex|Unnerve\n|-damage|p2a: Calyrex|88\/100|[from] Spikes\n|turn|12\n|\n|t:|1699223584\n|switch|p1a: Ting-Lu|Ting-Lu|85\/100\n|-ability|p1a: Ting-Lu|Vessel of Ruin\n|move|p2a: Calyrex|Astral Barrage|p1a: Ting-Lu\n|-resisted|p1a: Ting-Lu\n|-damage|p1a: Ting-Lu|69\/100\n|\n|upkeep\n|turn|13\n|\n|t:|1699223590\n|switch|p2a: Arceus|Arceus-Fairy|100\/100\n|-damage|p2a: Arceus|88\/100|[from] Spikes\n|move|p1a: Ting-Lu|Spikes|p2a: Arceus\n|-sidestart|p2: OJ Did Not Do It|Spikes\n|\n|upkeep\n|turn|14\n|\n|t:|1699223598\n|move|p2a: Arceus|Judgment|p1a: Ting-Lu\n|-supereffective|p1a: Ting-Lu\n|-damage|p1a: Ting-Lu|28\/100\n|move|p1a: Ting-Lu|Fissure|p2a: Arceus\n|-damage|p2a: Arceus|0 fnt\n|faint|p2a: Arceus\n|-ohko\n|\n|upkeep\n|\n|t:|1699223624\n|switch|p2a: Koraidon|Koraidon|100\/100\n|-damage|p2a: Koraidon|84\/100|[from] Spikes\n|-weather|SunnyDay|[from] ability: Orichalcum Pulse|[of] p2a: Koraidon\n|-activate|p2a: Koraidon|Orichalcum Pulse|[source]\n|turn|15\n|\n|t:|1699223628\n|switch|p1a: Landorus|Landorus-Therian, M|84\/100\n|-damage|p1a: Landorus|72\/100|[from] Stealth Rock\n|-ability|p1a: Landorus|Intimidate|boost\n|-unboost|p2a: Koraidon|atk|1\n|move|p2a: Koraidon|U-turn|p1a: Landorus\n|-resisted|p1a: Landorus\n|-damage|p1a: Landorus|65\/100\n|-damage|p2a: Koraidon|68\/100|[from] item: Rocky Helmet|[of] p1a: Landorus\n|inactive|OJ Did Not Do It has 120 seconds left.\n|\n|t:|1699223655\n|switch|p2a: Calyrex|Calyrex-Shadow|88\/100|[from] U-turn\n|-ability|p2a: Calyrex|As One\n|-ability|p2a: Calyrex|Unnerve\n|-damage|p2a: Calyrex|72\/100|[from] Spikes\n|\n|-weather|SunnyDay|[upkeep]\n|upkeep\n|turn|16\n|\n|t:|1699223673\n|switch|p1a: Ting-Lu|Ting-Lu|28\/100\n|-ability|p1a: Ting-Lu|Vessel of Ruin\n|move|p2a: Calyrex|Astral Barrage|p1a: Ting-Lu\n|-resisted|p1a: Ting-Lu\n|-damage|p1a: Ting-Lu|11\/100\n|\n|-weather|SunnyDay|[upkeep]\n|upkeep\n|turn|17\n|\n|t:|1699223677\n|move|p2a: Calyrex|Astral Barrage|p1a: Ting-Lu\n|-resisted|p1a: Ting-Lu\n|-damage|p1a: Ting-Lu|0 fnt\n|faint|p1a: Ting-Lu\n|-ability|p2a: Calyrex|Grim Neigh|boost\n|-boost|p2a: Calyrex|spa|1\n|\n|-weather|SunnyDay|[upkeep]\n|upkeep\n|\n|t:|1699223682\n|switch|p1a: Calyrex|Calyrex-Shadow|38\/100\n|-ability|p1a: Calyrex|As One\n|-ability|p1a: Calyrex|Unnerve\n|-damage|p1a: Calyrex|25\/100|[from] Stealth Rock\n|turn|18\n|\n|t:|1699223685\n|-terastallize|p1a: Calyrex|Normal\n|move|p2a: Calyrex|Astral Barrage|p1a: Calyrex\n|-immune|p1a: Calyrex\n|move|p1a: Calyrex|Astral Barrage|p2a: Calyrex\n|-supereffective|p2a: Calyrex\n|-damage|p2a: Calyrex|0 fnt\n|faint|p2a: Calyrex\n|-ability|p1a: Calyrex|Grim Neigh|boost\n|-boost|p1a: Calyrex|spa|1\n|\n|-weather|SunnyDay|[upkeep]\n|upkeep\n|-message|OJ Did Not Do It forfeited.\n|\n|win|AGisgood\n|raw|AGisgood's rating: 1667 &rarr; <strong>1697<\/strong><br \/>(+30 for winning)\n|raw|OJ Did Not Do It's rating: 1852 &rarr; <strong>1822<\/strong><br \/>(-30 for losing)\n|l|\u203dOJ Did Not Do It\n","uploadtime":1699223724,"views":5,"p1id":"agisgood","p2id":"ojdidnotdoit","formatid":"gen9anythinggoes","rating":1697,"private":0,"password":""}