{"id":"gen9anythinggoes-1981639822","p1":"handsome Chinese","p2":"eurybie","format":"[Gen 9] Anything Goes","log":"|j|\u2606handsome Chinese\n|j|\u2606eurybie\n|t:|1698929112\n|gametype|singles\n|player|p1|handsome Chinese|burglar|1731\n|player|p2|eurybie|102|1874\n|teamsize|p1|6\n|teamsize|p2|6\n|gen|9\n|tier|[Gen 9] Anything Goes\n|rated|\n|rule|HP Percentage Mod: HP is shown in percentages\n|rule|Endless Battle Clause: Forcing endless battles is banned\n|clearpoke\n|poke|p1|Koraidon|\n|poke|p1|Koraidon|\n|poke|p1|Leavanny, M|\n|poke|p1|Koraidon|\n|poke|p1|Ditto|\n|poke|p1|Arceus-Fairy|\n|poke|p2|Miraidon|\n|poke|p2|Grimmsnarl, M|\n|poke|p2|Skeledirge, M|\n|poke|p2|Blissey, F|\n|poke|p2|Moltres|\n|poke|p2|Calyrex-Ice|\n|teampreview\n|inactive|Battle timer is ON: inactive players will automatically lose when time's up. (requested by handsome Chinese)\n|\n|t:|1698929132\n|start\n|switch|p1a: Koraidon|Koraidon|100\/100\n|switch|p2a: Miraidon|Miraidon|100\/100\n|-fieldstart|move: Electric Terrain|[from] ability: Hadron Engine|[of] p2a: Miraidon\n|-weather|SunnyDay|[from] ability: Orichalcum Pulse|[of] p1a: Koraidon\n|-activate|p1a: Koraidon|Orichalcum Pulse|[source]\n|turn|1\n|\n|t:|1698929152\n|switch|p1a: Leavanny|Leavanny, M, shiny|100\/100\n|move|p2a: Miraidon|U-turn|p1a: Leavanny\n|-supereffective|p1a: Leavanny\n|-damage|p1a: Leavanny|64\/100\n|\n|t:|1698929165\n|switch|p2a: Calyrex|Calyrex-Ice|100\/100|[from] U-turn\n|-ability|p2a: Calyrex|As One\n|-ability|p2a: Calyrex|Unnerve\n|\n|-weather|SunnyDay|[upkeep]\n|upkeep\n|turn|2\n|\n|t:|1698929180\n|move|p1a: Leavanny|Charm|p2a: Calyrex\n|-unboost|p2a: Calyrex|atk|2\n|move|p2a: Calyrex|Glacial Lance|p1a: Leavanny\n|-supereffective|p1a: Leavanny\n|-damage|p1a: Leavanny|0 fnt\n|faint|p1a: Leavanny\n|-ability|p2a: Calyrex|Chilling Neigh|boost\n|-boost|p2a: Calyrex|atk|1\n|\n|-weather|SunnyDay|[upkeep]\n|upkeep\n|\n|t:|1698929191\n|switch|p1a: Arceus|Arceus-Fairy|100\/100\n|turn|3\n|\n|t:|1698929198\n|move|p1a: Arceus|Taunt|p2a: Calyrex\n|-start|p2a: Calyrex|move: Taunt\n|cant|p2a: Calyrex|move: Taunt|Swords Dance\n|\n|-weather|SunnyDay|[upkeep]\n|upkeep\n|turn|4\n|\n|t:|1698929208\n|switch|p2a: Moltres|Moltres|100\/100\n|move|p1a: Arceus|Calm Mind|p1a: Arceus\n|-boost|p1a: Arceus|spa|1\n|-boost|p1a: Arceus|spd|1\n|\n|-weather|SunnyDay|[upkeep]\n|upkeep\n|turn|5\n|\n|t:|1698929215\n|move|p1a: Arceus|Taunt|p2a: Moltres\n|-start|p2a: Moltres|move: Taunt\n|move|p2a: Moltres|U-turn|p1a: Arceus\n|-resisted|p1a: Arceus\n|-damage|p1a: Arceus|97\/100\n|\n|t:|1698929224\n|switch|p2a: Grimmsnarl|Grimmsnarl, M|100\/100|[from] U-turn\n|\n|-weather|none\n|-fieldend|move: Electric Terrain\n|upkeep\n|turn|6\n|\n|t:|1698929229\n|move|p2a: Grimmsnarl|Parting Shot|p1a: Arceus\n|-unboost|p1a: Arceus|atk|1\n|-unboost|p1a: Arceus|spa|1\n|\n|t:|1698929240\n|switch|p2a: Moltres|Moltres|100\/100|[from] Parting Shot\n|move|p1a: Arceus|Taunt|p2a: Moltres\n|-start|p2a: Moltres|move: Taunt\n|\n|upkeep\n|turn|7\n|\n|t:|1698929247\n|move|p1a: Arceus|Calm Mind|p1a: Arceus\n|-boost|p1a: Arceus|spa|1\n|-boost|p1a: Arceus|spd|1\n|move|p2a: Moltres|Burning Jealousy|p1a: Arceus\n|-damage|p1a: Arceus|87\/100\n|-status|p1a: Arceus|brn\n|\n|-damage|p1a: Arceus|81\/100 brn|[from] brn\n|upkeep\n|turn|8\n|\n|t:|1698929255\n|move|p1a: Arceus|Calm Mind|p1a: Arceus\n|-boost|p1a: Arceus|spa|1\n|-boost|p1a: Arceus|spd|1\n|move|p2a: Moltres|U-turn|p1a: Arceus\n|-resisted|p1a: Arceus\n|-damage|p1a: Arceus|77\/100 brn\n|\n|t:|1698929267\n|switch|p2a: Grimmsnarl|Grimmsnarl, M|100\/100|[from] U-turn\n|\n|-damage|p1a: Arceus|71\/100 brn|[from] brn\n|upkeep\n|turn|9\n|\n|t:|1698929275\n|move|p2a: Grimmsnarl|Parting Shot|p1a: Arceus\n|-unboost|p1a: Arceus|atk|1\n|-unboost|p1a: Arceus|spa|1\n|\n|t:|1698929283\n|switch|p2a: Blissey|Blissey, F|100\/100|[from] Parting Shot\n|move|p1a: Arceus|Taunt|p2a: Blissey\n|-start|p2a: Blissey|move: Taunt\n|\n|-damage|p1a: Arceus|65\/100 brn|[from] brn\n|upkeep\n|turn|10\n|\n|t:|1698929291\n|switch|p2a: Grimmsnarl|Grimmsnarl, M|100\/100\n|move|p1a: Arceus|Calm Mind|p1a: Arceus\n|-boost|p1a: Arceus|spa|1\n|-boost|p1a: Arceus|spd|1\n|\n|-damage|p1a: Arceus|59\/100 brn|[from] brn\n|upkeep\n|turn|11\n|\n|t:|1698929299\n|move|p2a: Grimmsnarl|Parting Shot|p1a: Arceus\n|-unboost|p1a: Arceus|atk|1\n|-unboost|p1a: Arceus|spa|1\n|\n|t:|1698929304\n|switch|p2a: Blissey|Blissey, F|100\/100|[from] Parting Shot\n|move|p1a: Arceus|Judgment|p2a: Blissey\n|-damage|p2a: Blissey|79\/100\n|\n|-damage|p1a: Arceus|53\/100 brn|[from] brn\n|upkeep\n|turn|12\n|\n|t:|1698929313\n|move|p1a: Arceus|Taunt|p2a: Blissey\n|-start|p2a: Blissey|move: Taunt\n|move|p2a: Blissey|Seismic Toss|p1a: Arceus\n|-damage|p1a: Arceus|30\/100 brn\n|\n|-damage|p1a: Arceus|24\/100 brn|[from] brn\n|upkeep\n|turn|13\n|\n|t:|1698929320\n|move|p1a: Arceus|Recover|p1a: Arceus\n|-heal|p1a: Arceus|74\/100 brn\n|move|p2a: Blissey|Seismic Toss|p1a: Arceus\n|-damage|p1a: Arceus|52\/100 brn\n|\n|-damage|p1a: Arceus|45\/100 brn|[from] brn\n|upkeep\n|turn|14\n|\n|t:|1698929327\n|move|p1a: Arceus|Recover|p1a: Arceus\n|-heal|p1a: Arceus|96\/100 brn\n|move|p2a: Blissey|Seismic Toss|p1a: Arceus\n|-damage|p1a: Arceus|73\/100 brn\n|\n|-damage|p1a: Arceus|67\/100 brn|[from] brn\n|-end|p2a: Blissey|move: Taunt\n|upkeep\n|turn|15\n|\n|t:|1698929336\n|move|p1a: Arceus|Taunt|p2a: Blissey\n|-start|p2a: Blissey|move: Taunt\n|cant|p2a: Blissey|move: Taunt|Stealth Rock\n|\n|-damage|p1a: Arceus|61\/100 brn|[from] brn\n|upkeep\n|turn|16\n|\n|t:|1698929342\n|move|p1a: Arceus|Judgment|p2a: Blissey\n|-damage|p2a: Blissey|60\/100\n|move|p2a: Blissey|Seismic Toss|p1a: Arceus\n|-damage|p1a: Arceus|38\/100 brn\n|\n|-damage|p1a: Arceus|32\/100 brn|[from] brn\n|upkeep\n|turn|17\n|\n|t:|1698929350\n|move|p1a: Arceus|Recover|p1a: Arceus\n|-heal|p1a: Arceus|82\/100 brn\n|move|p2a: Blissey|Seismic Toss|p1a: Arceus\n|-damage|p1a: Arceus|60\/100 brn\n|\n|-damage|p1a: Arceus|54\/100 brn|[from] brn\n|-end|p2a: Blissey|move: Taunt\n|upkeep\n|turn|18\n|\n|t:|1698929366\n|move|p1a: Arceus|Calm Mind|p1a: Arceus\n|-boost|p1a: Arceus|spa|1\n|-boost|p1a: Arceus|spd|1\n|move|p2a: Blissey|Seismic Toss|p1a: Arceus\n|-damage|p1a: Arceus|31\/100 brn\n|\n|-damage|p1a: Arceus|25\/100 brn|[from] brn\n|upkeep\n|turn|19\n|\n|t:|1698929373\n|move|p1a: Arceus|Recover|p1a: Arceus\n|-heal|p1a: Arceus|75\/100 brn\n|move|p2a: Blissey|Stealth Rock|p1a: Arceus\n|-sidestart|p1: handsome Chinese|move: Stealth Rock\n|\n|-damage|p1a: Arceus|69\/100 brn|[from] brn\n|upkeep\n|turn|20\n|\n|t:|1698929386\n|move|p1a: Arceus|Taunt|p2a: Blissey\n|-start|p2a: Blissey|move: Taunt\n|move|p2a: Blissey|Seismic Toss|p1a: Arceus\n|-damage|p1a: Arceus|46\/100 brn\n|\n|-damage|p1a: Arceus|40\/100 brn|[from] brn\n|upkeep\n|turn|21\n|\n|t:|1698929395\n|switch|p2a: Skeledirge|Skeledirge, M|100\/100\n|move|p1a: Arceus|Recover|p1a: Arceus\n|-heal|p1a: Arceus|90\/100 brn\n|\n|-damage|p1a: Arceus|84\/100 brn|[from] brn\n|upkeep\n|turn|22\n|\n|t:|1698929401\n|move|p1a: Arceus|Taunt|p2a: Skeledirge\n|-start|p2a: Skeledirge|move: Taunt\n|move|p2a: Skeledirge|Torch Song|p1a: Arceus\n|-damage|p1a: Arceus|64\/100 brn\n|-boost|p2a: Skeledirge|spa|1\n|\n|-damage|p1a: Arceus|58\/100 brn|[from] brn\n|upkeep\n|turn|23\n|\n|t:|1698929410\n|move|p1a: Arceus|Judgment|p2a: Skeledirge\n|-resisted|p2a: Skeledirge\n|-damage|p2a: Skeledirge|75\/100\n|move|p2a: Skeledirge|Hex|p1a: Arceus\n|-damage|p1a: Arceus|6\/100 brn\n|\n|-damage|p1a: Arceus|0 fnt|[from] brn\n|faint|p1a: Arceus\n|upkeep\n|\n|t:|1698929424\n|switch|p1a: Koraidon|Koraidon|100\/100\n|-damage|p1a: Koraidon|94\/100|[from] Stealth Rock\n|-weather|SunnyDay|[from] ability: Orichalcum Pulse|[of] p1a: Koraidon\n|-activate|p1a: Koraidon|Orichalcum Pulse|[source]\n|turn|24\n|\n|t:|1698929431\n|switch|p2a: Grimmsnarl|Grimmsnarl, M|100\/100\n|move|p1a: Koraidon|Outrage|p2a: Grimmsnarl\n|-immune|p2a: Grimmsnarl\n|\n|-weather|SunnyDay|[upkeep]\n|upkeep\n|turn|25\n|\n|t:|1698929440\n|move|p1a: Koraidon|Flare Blitz|p2a: Grimmsnarl\n|-damage|p2a: Grimmsnarl|0 fnt\n|faint|p2a: Grimmsnarl\n|-damage|p1a: Koraidon|62\/100|[from] Recoil\n|-damage|p1a: Koraidon|52\/100|[from] item: Life Orb\n|\n|-weather|SunnyDay|[upkeep]\n|upkeep\n|\n|t:|1698929450\n|switch|p2a: Moltres|Moltres|100\/100\n|turn|26\n|\n|t:|1698929463\n|-terastallize|p1a: Koraidon|Fire\n|move|p1a: Koraidon|Outrage|p2a: Moltres\n|-damage|p2a: Moltres|18\/100\n|-damage|p1a: Koraidon|42\/100|[from] item: Life Orb\n|move|p2a: Moltres|Will-O-Wisp|p1a: Koraidon\n|-immune|p1a: Koraidon\n|\n|-weather|SunnyDay|[upkeep]\n|upkeep\n|turn|27\n|\n|t:|1698929479\n|move|p1a: Koraidon|Outrage|p2a: Moltres|[from]lockedmove\n|-damage|p2a: Moltres|0 fnt\n|faint|p2a: Moltres\n|-damage|p1a: Koraidon|32\/100|[from] item: Life Orb\n|\n|-weather|SunnyDay|[upkeep]\n|upkeep\n|\n|t:|1698929486\n|switch|p2a: Miraidon|Miraidon|100\/100\n|-fieldstart|move: Electric Terrain|[from] ability: Hadron Engine|[of] p2a: Miraidon\n|turn|28\n|\n|t:|1698929494\n|-terastallize|p2a: Miraidon|Fairy\n|move|p2a: Miraidon|Electro Drift|p1a: Koraidon\n|-damage|p1a: Koraidon|0 fnt\n|faint|p1a: Koraidon\n|\n|-weather|none\n|upkeep\n|\n|t:|1698929506\n|switch|p1a: Koraidon|Koraidon|100\/100\n|-weather|SunnyDay|[from] ability: Orichalcum Pulse|[of] p1a: Koraidon\n|-activate|p1a: Koraidon|Orichalcum Pulse|[source]\n|turn|29\n|\n|t:|1698929532\n|move|p2a: Miraidon|Dragon Pulse|p1a: Koraidon\n|-supereffective|p1a: Koraidon\n|-damage|p1a: Koraidon|0 fnt\n|faint|p1a: Koraidon\n|\n|-weather|SunnyDay|[upkeep]\n|upkeep\n|-message|handsome Chinese forfeited.\n|\n|win|eurybie\n|raw|handsome Chinese's rating: 1731 &rarr; <strong>1719<\/strong><br \/>(-12 for losing)\n|raw|eurybie's rating: 1874 &rarr; <strong>1886<\/strong><br \/>(+12 for winning)\n|l|\u2606handsome Chinese\n","uploadtime":1698929582,"views":6,"p1id":"handsomechinese","p2id":"eurybie","formatid":"gen9anythinggoes","rating":1719,"private":0,"password":""}