{"id":"gen9anythinggoes-1977940731","p1":"leonhard937","p2":"sannest.Sapling_","format":"[Gen 9] Anything Goes","log":"|j|\u2606leonhard937\n|j|\u2606sannest.Sapling_\n|t:|1698469898\n|gametype|singles\n|player|p1|leonhard937|1|1225\n|player|p2|sannest.Sapling_|dawn|1265\n|teamsize|p1|6\n|teamsize|p2|6\n|gen|9\n|tier|[Gen 9] Anything Goes\n|rated|\n|rule|HP Percentage Mod: HP is shown in percentages\n|rule|Endless Battle Clause: Forcing endless battles is banned\n|clearpoke\n|poke|p1|Annihilape, F|\n|poke|p1|Calyrex-Shadow|\n|poke|p1|Flutter Mane|\n|poke|p1|Arceus-Rock|\n|poke|p1|Maushold-Four|\n|poke|p1|Houndstone, M|\n|poke|p2|Quaquaval, F|\n|poke|p2|Quaquaval, M|\n|poke|p2|Quaquaval, M|\n|poke|p2|Quaquaval, F|\n|poke|p2|Quaquaval, F|\n|poke|p2|Quaquaval, M|\n|teampreview\n|inactive|Battle timer is ON: inactive players will automatically lose when time's up. (requested by leonhard937)\n|\n|t:|1698469907\n|start\n|switch|p1a: Annihilape|Annihilape, F|100\/100\n|switch|p2a: Subaru|Quaquaval, F|100\/100\n|turn|1\n|\n|t:|1698469921\n|move|p2a: Subaru|Aqua Step|p1a: Annihilape\n|-crit|p1a: Annihilape\n|-damage|p1a: Annihilape|26\/100\n|-boost|p2a: Subaru|spe|1\n|-damage|p2a: Subaru|91\/100|[from] item: Life Orb\n|move|p1a: Annihilape|Rage Fist|p2a: Subaru\n|-damage|p2a: Subaru|25\/100\n|\n|upkeep\n|turn|2\n|\n|t:|1698469932\n|move|p2a: Subaru|Aqua Step|p1a: Annihilape\n|-damage|p1a: Annihilape|0 fnt\n|-boost|p2a: Subaru|spe|1\n|faint|p1a: Annihilape\n|-ability|p2a: Subaru|Moxie|boost\n|-boost|p2a: Subaru|atk|1\n|-damage|p2a: Subaru|15\/100|[from] item: Life Orb\n|\n|upkeep\n|\n|t:|1698469940\n|switch|p1a: Flutter Mane|Flutter Mane|100\/100\n|-enditem|p1a: Flutter Mane|Booster Energy\n|-activate|p1a: Flutter Mane|ability: Protosynthesis|[fromitem]\n|-start|p1a: Flutter Mane|protosynthesisspe\n|turn|3\n|\n|t:|1698469949\n|move|p1a: Flutter Mane|Moonblast|p2a: Subaru\n|-supereffective|p2a: Subaru\n|-damage|p2a: Subaru|0 fnt\n|faint|p2a: Subaru\n|\n|upkeep\n|\n|t:|1698469951\n|switch|p2a: Subaru|Quaquaval, M|100\/100\n|turn|4\n|\n|t:|1698469961\n|-terastallize|p2a: Subaru|Steel\n|move|p1a: Flutter Mane|Moonblast|p2a: Subaru\n|-resisted|p2a: Subaru\n|-damage|p2a: Subaru|66\/100\n|move|p2a: Subaru|Aqua Step|p1a: Flutter Mane\n|-damage|p1a: Flutter Mane|0 fnt\n|-boost|p2a: Subaru|spe|1\n|faint|p1a: Flutter Mane\n|-end|p1a: Flutter Mane|Protosynthesis|[silent]\n|-ability|p2a: Subaru|Moxie|boost\n|-boost|p2a: Subaru|atk|1\n|-damage|p2a: Subaru|56\/100|[from] item: Life Orb\n|\n|upkeep\n|\n|t:|1698469974\n|switch|p1a: Calyrex|Calyrex-Shadow|100\/100\n|-ability|p1a: Calyrex|As One\n|-ability|p1a: Calyrex|Unnerve\n|turn|5\n|l|\u2606sannest.Sapling_\n|inactive|sannest.Sapling_ disconnected and has a minute to reconnect!\n|player|p2|\n|j|\u2606sannest.Sapling_\n|inactive|sannest.Sapling_ reconnected and has 125 seconds left.\n|player|p2|sannest.Sapling_|dawn\n|\n|t:|1698470002\n|move|p2a: Subaru|Knock Off|p1a: Calyrex\n|-supereffective|p1a: Calyrex\n|-damage|p1a: Calyrex|0 fnt\n|-enditem|p1a: Calyrex|Leftovers|[from] move: Knock Off|[of] p2a: Subaru\n|faint|p1a: Calyrex\n|-ability|p2a: Subaru|Moxie|boost\n|-boost|p2a: Subaru|atk|1\n|-damage|p2a: Subaru|46\/100|[from] item: Life Orb\n|\n|upkeep\n|inactive|leonhard937 has 120 seconds left.\n|\n|t:|1698470038\n|switch|p1a: Arceus|Arceus-Rock|100\/100\n|turn|6\n|inactive|leonhard937 has 120 seconds left.\n|\n|t:|1698470044\n|move|p2a: Subaru|Aqua Step|p1a: Arceus\n|-supereffective|p1a: Arceus\n|-damage|p1a: Arceus|0 fnt\n|-boost|p2a: Subaru|spe|1\n|faint|p1a: Arceus\n|-ability|p2a: Subaru|Moxie|boost\n|-boost|p2a: Subaru|atk|1\n|-damage|p2a: Subaru|36\/100|[from] item: Life Orb\n|\n|upkeep\n|inactive|leonhard937 has 120 seconds left.\n|-message|leonhard937 forfeited.\n|\n|win|sannest.Sapling_\n|raw|leonhard937's rating: 1225 &rarr; <strong>1203<\/strong><br \/>(-22 for losing)\n|raw|sannest.Sapling_'s rating: 1265 &rarr; <strong>1287<\/strong><br \/>(+22 for winning)\n|l|\u2606leonhard937\n","uploadtime":1698470056,"views":21,"p1id":"leonhard937","p2id":"sannestsapling","formatid":"gen9anythinggoes","rating":1203,"private":0,"password":""}