{"id":"gen9anythinggoes-1981994084","p1":"SophinoX","p2":"RedXGold2023","format":"[Gen 9] Anything Goes","log":"|j|\u2606SophinoX\n|j|\u2606RedXGold2023\n|t:|1698957932\n|gametype|singles\n|player|p1|SophinoX|hilda|\n|player|p2|RedXGold2023|ethan|\n|teamsize|p1|6\n|teamsize|p2|6\n|gen|9\n|tier|[Gen 9] Anything Goes\n|rule|HP Percentage Mod: HP is shown in percentages\n|rule|Endless Battle Clause: Forcing endless battles is banned\n|clearpoke\n|poke|p1|Toxapex, F|\n|poke|p1|Hatterene, F|\n|poke|p1|Zoroark-Hisui, F|\n|poke|p1|Dragonite, F|\n|poke|p1|Amoonguss, M|\n|poke|p1|Kingambit, M|\n|poke|p2|Manaphy|\n|poke|p2|Dragapult, F|\n|poke|p2|Kommo-o, M|\n|poke|p2|Chesnaught, M|\n|poke|p2|Yanmega, M|\n|poke|p2|Infernape, M|\n|teampreview\n|\n|t:|1698957940\n|start\n|switch|p1a: Toxapex|Toxapex, F|100\/100\n|switch|p2a: Ash|Infernape, M|100\/100\n|turn|1\n|\n|t:|1698957947\n|move|p2a: Ash|Dig||[still]\n|-prepare|p2a: Ash|Dig\n|move|p1a: Toxapex|Toxic Spikes|p2a: Ash\n|-sidestart|p2: RedXGold2023|move: Toxic Spikes\n|\n|upkeep\n|turn|2\n|\n|t:|1698957951\n|move|p2a: Ash|Dig|p1a: Toxapex|[from]lockedmove\n|-supereffective|p1a: Toxapex\n|-damage|p1a: Toxapex|75\/100\n|move|p1a: Toxapex|Toxic Spikes|p2a: Ash\n|-sidestart|p2: RedXGold2023|move: Toxic Spikes\n|\n|upkeep\n|turn|3\n|\n|t:|1698957965\n|move|p2a: Ash|Flamethrower|p1a: Toxapex\n|-resisted|p1a: Toxapex\n|-damage|p1a: Toxapex|61\/100\n|move|p1a: Toxapex|Toxic|p2a: Ash\n|-status|p2a: Ash|tox\n|\n|-damage|p2a: Ash|95\/100 tox|[from] psn\n|upkeep\n|turn|4\n|\n|t:|1698957978\n|move|p2a: Ash|Mach Punch|p1a: Toxapex\n|-resisted|p1a: Toxapex\n|-damage|p1a: Toxapex|56\/100\n|move|p1a: Toxapex|Surf|p2a: Ash\n|-supereffective|p2a: Ash\n|-damage|p2a: Ash|42\/100 tox\n|\n|-damage|p2a: Ash|30\/100 tox|[from] psn\n|upkeep\n|turn|5\n|\n|t:|1698957988\n|switch|p1a: Hatterene|Hatterene, F|100\/100\n|move|p2a: Ash|Dig||[still]\n|-prepare|p2a: Ash|Dig\n|\n|-damage|p2a: Ash|12\/100 tox|[from] psn\n|upkeep\n|turn|6\n|\n|t:|1698957994\n|move|p2a: Ash|Dig|p1a: Hatterene|[from]lockedmove\n|-damage|p1a: Hatterene|84\/100\n|move|p1a: Hatterene|Calm Mind|p1a: Hatterene\n|-boost|p1a: Hatterene|spa|1\n|-boost|p1a: Hatterene|spd|1\n|\n|-heal|p1a: Hatterene|89\/100|[from] item: Leftovers\n|-damage|p2a: Ash|0 fnt|[from] psn\n|faint|p2a: Ash\n|upkeep\n|\n|t:|1698958004\n|switch|p2a: May|Manaphy, shiny|100\/100\n|-status|p2a: May|tox\n|turn|7\n|\n|t:|1698958009\n|move|p2a: May|Heart Swap|p1a: Hatterene\n|-swapboost|p2a: May|p1a: Hatterene|[from] move: Heart Swap\n|move|p1a: Hatterene|Calm Mind|p1a: Hatterene\n|-boost|p1a: Hatterene|spa|1\n|-boost|p1a: Hatterene|spd|1\n|\n|-heal|p1a: Hatterene|95\/100|[from] item: Leftovers\n|-damage|p2a: May|94\/100 tox|[from] psn\n|upkeep\n|turn|8\n|\n|t:|1698958020\n|move|p2a: May|Surf|p1a: Hatterene\n|-damage|p1a: Hatterene|62\/100\n|move|p1a: Hatterene|Psyshock|p2a: May\n|-damage|p2a: May|48\/100 tox\n|\n|-heal|p1a: Hatterene|68\/100|[from] item: Leftovers\n|-damage|p2a: May|35\/100 tox|[from] psn\n|upkeep\n|turn|9\n|\n|t:|1698958029\n|move|p2a: May|Dazzling Gleam|p1a: Hatterene\n|-damage|p1a: Hatterene|46\/100\n|move|p1a: Hatterene|Draining Kiss|p2a: May\n|-damage|p2a: May|14\/100 tox\n|-heal|p1a: Hatterene|65\/100|[from] drain|[of] p2a: May\n|-enditem|p2a: May|Aguav Berry|[eat]\n|-heal|p2a: May|47\/100 tox|[from] item: Aguav Berry\n|\n|-heal|p1a: Hatterene|71\/100|[from] item: Leftovers\n|-damage|p2a: May|29\/100 tox|[from] psn\n|upkeep\n|turn|10\n|\n|t:|1698958042\n|switch|p2a: Clemont's Chespin|Chesnaught, M|100\/100\n|-status|p2a: Clemont's Chespin|tox\n|move|p1a: Hatterene|Draining Kiss|p2a: Clemont's Chespin\n|-supereffective|p2a: Clemont's Chespin\n|-damage|p2a: Clemont's Chespin|28\/100 tox\n|-heal|p1a: Hatterene|100\/100|[from] drain|[of] p2a: Clemont's Chespin\n|\n|-damage|p2a: Clemont's Chespin|22\/100 tox|[from] psn\n|upkeep\n|-enditem|p2a: Clemont's Chespin|Iapapa Berry|[eat]\n|-heal|p2a: Clemont's Chespin|55\/100 tox|[from] item: Iapapa Berry\n|turn|11\n|\n|t:|1698958053\n|move|p2a: Clemont's Chespin|Spiky Shield|p2a: Clemont's Chespin\n|-singleturn|p2a: Clemont's Chespin|move: Protect\n|move|p1a: Hatterene|Calm Mind|p1a: Hatterene\n|-boost|p1a: Hatterene|spa|1\n|-boost|p1a: Hatterene|spd|1\n|\n|-damage|p2a: Clemont's Chespin|42\/100 tox|[from] psn\n|upkeep\n|turn|12\n|\n|t:|1698958062\n|move|p2a: Clemont's Chespin|High Horsepower|p1a: Hatterene\n|-damage|p1a: Hatterene|77\/100\n|move|p1a: Hatterene|Mystical Fire|p2a: Clemont's Chespin\n|-supereffective|p2a: Clemont's Chespin\n|-crit|p2a: Clemont's Chespin\n|-damage|p2a: Clemont's Chespin|0 fnt\n|faint|p2a: Clemont's Chespin\n|\n|-heal|p1a: Hatterene|83\/100|[from] item: Leftovers\n|upkeep\n|\n|t:|1698958072\n|switch|p2a: Mother Dragon|Dragapult, F|100\/100\n|-status|p2a: Mother Dragon|tox\n|turn|13\n|\n|t:|1698958078\n|move|p2a: Mother Dragon|Quick Attack|p1a: Hatterene\n|-damage|p1a: Hatterene|73\/100\n|move|p1a: Hatterene|Draining Kiss|p2a: Mother Dragon\n|-supereffective|p2a: Mother Dragon\n|-damage|p2a: Mother Dragon|9\/100 tox\n|-heal|p1a: Hatterene|100\/100|[from] drain|[of] p2a: Mother Dragon\n|\n|-heal|p2a: Mother Dragon|15\/100 tox|[from] item: Leftovers\n|-damage|p2a: Mother Dragon|9\/100 tox|[from] psn\n|upkeep\n|turn|14\n|\n|t:|1698958089\n|move|p2a: Mother Dragon|Phantom Force||[still]\n|-prepare|p2a: Mother Dragon|Phantom Force\n|move|p1a: Hatterene|Draining Kiss|p2a: Mother Dragon|[miss]\n|-miss|p1a: Hatterene|p2a: Mother Dragon\n|\n|-heal|p2a: Mother Dragon|15\/100 tox|[from] item: Leftovers\n|-damage|p2a: Mother Dragon|3\/100 tox|[from] psn\n|upkeep\n|turn|15\n|\n|t:|1698958095\n|move|p2a: Mother Dragon|Phantom Force|p1a: Hatterene|[from]lockedmove\n|-supereffective|p1a: Hatterene\n|-damage|p1a: Hatterene|41\/100\n|move|p1a: Hatterene|Calm Mind|p1a: Hatterene\n|-boost|p1a: Hatterene|spa|1\n|-boost|p1a: Hatterene|spd|1\n|\n|-heal|p2a: Mother Dragon|9\/100 tox|[from] item: Leftovers\n|-heal|p1a: Hatterene|47\/100|[from] item: Leftovers\n|-damage|p2a: Mother Dragon|0 fnt|[from] psn\n|faint|p2a: Mother Dragon\n|upkeep\n|\n|t:|1698958106\n|switch|p2a: Jessie 2.0|Yanmega, M|100\/100\n|turn|16\n|\n|t:|1698958113\n|move|p2a: Jessie 2.0|Shadow Ball|p1a: Hatterene\n|-supereffective|p1a: Hatterene\n|-damage|p1a: Hatterene|29\/100\n|move|p1a: Hatterene|Mystical Fire|p2a: Jessie 2.0\n|-supereffective|p2a: Jessie 2.0\n|-damage|p2a: Jessie 2.0|0 fnt\n|faint|p2a: Jessie 2.0\n|\n|-heal|p1a: Hatterene|35\/100|[from] item: Leftovers\n|upkeep\n|\n|t:|1698958123\n|switch|p2a: Alolan Dragon|Kommo-o, M|100\/100\n|-status|p2a: Alolan Dragon|tox\n|turn|17\n|\n|t:|1698958128\n|move|p2a: Alolan Dragon|Focus Blast|p1a: Hatterene\n|-resisted|p1a: Hatterene\n|-damage|p1a: Hatterene|30\/100\n|move|p1a: Hatterene|Draining Kiss|p2a: Alolan Dragon\n|-supereffective|p2a: Alolan Dragon\n|-damage|p2a: Alolan Dragon|0 fnt\n|-heal|p1a: Hatterene|100\/100|[from] drain|[of] p2a: Alolan Dragon\n|faint|p2a: Alolan Dragon\n|\n|upkeep\n|\n|t:|1698958136\n|switch|p2a: May|Manaphy, shiny|29\/100 tox\n|turn|18\n|\n|t:|1698958141\n|-terastallize|p2a: May|Water\n|move|p2a: May|Hydro Pump|p1a: Hatterene\n|-damage|p1a: Hatterene|77\/100\n|move|p1a: Hatterene|Psyshock|p2a: May\n|-damage|p2a: May|0 fnt\n|faint|p2a: May\n|\n|win|SophinoX\n|c|\u2606SophinoX|gg\n|l|\u2606RedXGold2023\n","uploadtime":1698958165,"views":8,"p1id":"sophinox","p2id":"redxgold2023","formatid":"gen9anythinggoes","rating":0,"private":0,"password":""}