{"id":"gen9anythinggoes-1978801067","p1":"gudwing","p2":"Dumbfudge","format":"[Gen 9] Anything Goes","log":"|j|\u2606gudwing\n|j|\u2606Dumbfudge\n|t:|1698596869\n|gametype|singles\n|player|p1|gudwing|shadowtriad|1379\n|player|p2|Dumbfudge|blackbelt-gen4dp|1317\n|teamsize|p1|6\n|teamsize|p2|6\n|gen|9\n|tier|[Gen 9] Anything Goes\n|rated|\n|rule|HP Percentage Mod: HP is shown in percentages\n|rule|Endless Battle Clause: Forcing endless battles is banned\n|clearpoke\n|poke|p1|Kingambit, F|\n|poke|p1|Sneasler, M|\n|poke|p1|Urshifu-*, F|\n|poke|p1|Zacian-*|\n|poke|p1|Calyrex-Ice|\n|poke|p1|Rillaboom, F|\n|poke|p2|Zacian-*|\n|poke|p2|Calyrex-Shadow|\n|poke|p2|Breloom, M|\n|poke|p2|Espathra, F|\n|poke|p2|Grimmsnarl, M|\n|poke|p2|Regieleki|\n|teampreview\n|\n|t:|1698596882\n|start\n|switch|p1a: Rillaboom|Rillaboom, F, shiny|100\/100\n|switch|p2a: Grimmsnarl|Grimmsnarl, M|100\/100\n|-fieldstart|move: Grassy Terrain|[from] ability: Grassy Surge|[of] p1a: Rillaboom\n|turn|1\n|c|\u2606gudwing|hi\n|inactive|Battle timer is ON: inactive players will automatically lose when time's up. (requested by gudwing)\n|\n|t:|1698596890\n|move|p1a: Rillaboom|Fake Out|p2a: Grimmsnarl\n|-damage|p2a: Grimmsnarl|85\/100\n|cant|p2a: Grimmsnarl|flinch\n|\n|-heal|p2a: Grimmsnarl|91\/100|[from] Grassy Terrain\n|upkeep\n|turn|2\n|\n|t:|1698596897\n|switch|p1a: Sneasler|Sneasler, M, shiny|100\/100\n|-enditem|p1a: Sneasler|Grassy Seed\n|-boost|p1a: Sneasler|def|1|[from] item: Grassy Seed\n|move|p2a: Grimmsnarl|Light Screen|p2a: Grimmsnarl\n|-sidestart|p2: Dumbfudge|move: Light Screen\n|\n|-heal|p2a: Grimmsnarl|97\/100|[from] Grassy Terrain\n|upkeep\n|turn|3\n|\n|t:|1698596905\n|move|p1a: Sneasler|Fake Out|p2a: Grimmsnarl\n|-damage|p2a: Grimmsnarl|79\/100\n|cant|p2a: Grimmsnarl|flinch\n|\n|-heal|p2a: Grimmsnarl|85\/100|[from] Grassy Terrain\n|upkeep\n|turn|4\n|\n|t:|1698596913\n|move|p2a: Grimmsnarl|Reflect|p2a: Grimmsnarl\n|-sidestart|p2: Dumbfudge|Reflect\n|move|p1a: Sneasler|Dire Claw|p2a: Grimmsnarl\n|-supereffective|p2a: Grimmsnarl\n|-crit|p2a: Grimmsnarl\n|-damage|p2a: Grimmsnarl|0 fnt\n|faint|p2a: Grimmsnarl\n|\n|upkeep\n|\n|t:|1698596926\n|switch|p2a: Whooping cough|Zacian-Crowned|100\/100\n|-ability|p2a: Whooping cough|Intrepid Sword|boost\n|-boost|p2a: Whooping cough|atk|1\n|turn|5\n|\n|t:|1698596934\n|-terastallize|p2a: Whooping cough|Steel\n|move|p1a: Sneasler|Close Combat|p2a: Whooping cough\n|-supereffective|p2a: Whooping cough\n|-damage|p2a: Whooping cough|34\/100\n|-unboost|p1a: Sneasler|def|1\n|-unboost|p1a: Sneasler|spd|1\n|move|p2a: Whooping cough|Behemoth Blade|p1a: Sneasler\n|-crit|p1a: Sneasler\n|-damage|p1a: Sneasler|0 fnt\n|faint|p1a: Sneasler\n|\n|-heal|p2a: Whooping cough|40\/100|[from] Grassy Terrain\n|-fieldend|move: Grassy Terrain\n|upkeep\n|\n|t:|1698596946\n|switch|p1a: Rillaboom|Rillaboom, F, shiny|100\/100\n|-fieldstart|move: Grassy Terrain|[from] ability: Grassy Surge|[of] p1a: Rillaboom\n|turn|6\n|\n|t:|1698596952\n|move|p1a: Rillaboom|Fake Out|p2a: Whooping cough\n|-resisted|p2a: Whooping cough\n|-damage|p2a: Whooping cough|37\/100\n|cant|p2a: Whooping cough|flinch\n|\n|-heal|p2a: Whooping cough|43\/100|[from] Grassy Terrain\n|upkeep\n|turn|7\n|\n|t:|1698596961\n|move|p2a: Whooping cough|Behemoth Blade|p1a: Rillaboom\n|-damage|p1a: Rillaboom|0 fnt\n|faint|p1a: Rillaboom\n|\n|-heal|p2a: Whooping cough|49\/100|[from] Grassy Terrain\n|upkeep\n|\n|t:|1698596970\n|switch|p1a: Calyrex|Calyrex-Ice|100\/100\n|-ability|p1a: Calyrex|As One\n|-ability|p1a: Calyrex|Unnerve\n|turn|8\n|\n|t:|1698596976\n|move|p2a: Whooping cough|Behemoth Blade|p1a: Calyrex\n|-supereffective|p1a: Calyrex\n|-damage|p1a: Calyrex|0 fnt\n|faint|p1a: Calyrex\n|\n|-heal|p2a: Whooping cough|55\/100|[from] Grassy Terrain\n|upkeep\n|\n|t:|1698596982\n|switch|p1a: Zacian|Zacian-Crowned, shiny|100\/100\n|-ability|p1a: Zacian|Intrepid Sword|boost\n|-boost|p1a: Zacian|atk|1\n|turn|9\n|\n|t:|1698596988\n|move|p1a: Zacian|Sacred Sword|p2a: Whooping cough\n|-supereffective|p2a: Whooping cough\n|-damage|p2a: Whooping cough|7\/100\n|move|p2a: Whooping cough|Behemoth Blade|p1a: Zacian\n|-damage|p1a: Zacian|0 fnt\n|faint|p1a: Zacian\n|\n|-heal|p2a: Whooping cough|13\/100|[from] Grassy Terrain\n|-sideend|p2: Dumbfudge|move: Light Screen\n|upkeep\n|\n|t:|1698596998\n|switch|p1a: Sukuna|Kingambit, F, shiny|100\/100\n|-activate|p1a: Sukuna|ability: Supreme Overlord\n|-start|p1a: Sukuna|fallen4|[silent]\n|turn|10\n|\n|t:|1698597010\n|switch|p2a: Breloom|Breloom, M|100\/100\n|move|p1a: Sukuna|Sucker Punch||[still]\n|-fail|p1a: Sukuna\n|\n|-fieldend|move: Grassy Terrain\n|upkeep\n|turn|11\n|\n|t:|1698597018\n|-end|p1a: Sukuna|fallen4|[silent]\n|switch|p1a: Urshifu|Urshifu, F|100\/100\n|move|p2a: Breloom|Spore|p1a: Urshifu\n|-status|p1a: Urshifu|slp|[from] move: Spore\n|\n|-sideend|p2: Dumbfudge|Reflect\n|upkeep\n|turn|12\n|\n|t:|1698597030\n|cant|p1a: Urshifu|slp\n|move|p2a: Breloom|Leech Seed|p1a: Urshifu\n|-start|p1a: Urshifu|move: Leech Seed\n|\n|-damage|p1a: Urshifu|88\/100 slp|[from] Leech Seed|[of] p2a: Breloom\n|upkeep\n|turn|13\n|\n|t:|1698597041\n|switch|p2a: Calyrex|Calyrex-Shadow|100\/100\n|-ability|p2a: Calyrex|As One\n|-ability|p2a: Calyrex|Unnerve\n|cant|p1a: Urshifu|slp\n|\n|-damage|p1a: Urshifu|76\/100 slp|[from] Leech Seed|[of] p2a: Calyrex\n|upkeep\n|turn|14\n|\n|t:|1698597055\n|cant|p1a: Urshifu|slp\n|move|p2a: Calyrex|Astral Barrage|p1a: Urshifu\n|-resisted|p1a: Urshifu\n|-damage|p1a: Urshifu|16\/100 slp\n|\n|-damage|p1a: Urshifu|4\/100 slp|[from] Leech Seed|[of] p2a: Calyrex\n|upkeep\n|turn|15\n|\n|t:|1698597065\n|-curestatus|p1a: Urshifu|slp|[msg]\n|move|p1a: Urshifu|Sucker Punch|p2a: Calyrex\n|-supereffective|p2a: Calyrex\n|-enditem|p2a: Calyrex|Focus Sash\n|-damage|p2a: Calyrex|1\/100\n|move|p2a: Calyrex|Giga Drain|p1a: Urshifu\n|-damage|p1a: Urshifu|0 fnt\n|-heal|p2a: Calyrex|3\/100|[from] drain|[of] p1a: Urshifu\n|faint|p1a: Urshifu\n|-ability|p2a: Calyrex|Grim Neigh|boost\n|-boost|p2a: Calyrex|spa|1\n|\n|upkeep\n|\n|t:|1698597076\n|switch|p1a: Sukuna|Kingambit, F, shiny|100\/100\n|-activate|p1a: Sukuna|ability: Supreme Overlord\n|-start|p1a: Sukuna|fallen5|[silent]\n|turn|16\n|\n|t:|1698597085\n|move|p2a: Calyrex|Taunt|p1a: Sukuna\n|-start|p1a: Sukuna|move: Taunt\n|cant|p1a: Sukuna|move: Taunt|Swords Dance\n|\n|upkeep\n|turn|17\n|c|\u2606Dumbfudge|Hi\n|\n|t:|1698597110\n|move|p1a: Sukuna|Sucker Punch|p2a: Calyrex\n|-supereffective|p2a: Calyrex\n|-crit|p2a: Calyrex\n|-damage|p2a: Calyrex|0 fnt\n|faint|p2a: Calyrex\n|\n|upkeep\n|\n|t:|1698597121\n|switch|p2a: Breloom|Breloom, M|100\/100\n|turn|18\n|inactive|gudwing has 120 seconds left.\n|\n|t:|1698597169\n|move|p2a: Breloom|Spore|p1a: Sukuna\n|-status|p1a: Sukuna|slp|[from] move: Spore\n|cant|p1a: Sukuna|slp\n|\n|-end|p1a: Sukuna|move: Taunt\n|upkeep\n|turn|19\n|\n|t:|1698597179\n|move|p2a: Breloom|Substitute|p2a: Breloom\n|-start|p2a: Breloom|Substitute\n|-damage|p2a: Breloom|76\/100\n|cant|p1a: Sukuna|slp\n|\n|upkeep\n|turn|20\n|\n|t:|1698597186\n|move|p2a: Breloom|Leech Seed|p1a: Sukuna\n|-start|p1a: Sukuna|move: Leech Seed\n|cant|p1a: Sukuna|slp\n|\n|-damage|p1a: Sukuna|88\/100 slp|[from] Leech Seed|[of] p2a: Breloom\n|-heal|p2a: Breloom|93\/100|[silent]\n|upkeep\n|turn|21\n|inactive|gudwing has 120 seconds left.\n|\n|t:|1698597202\n|-singleturn|p2a: Breloom|move: Focus Punch\n|-curestatus|p1a: Sukuna|slp|[msg]\n|move|p1a: Sukuna|Kowtow Cleave|p2a: Breloom\n|-resisted|p2a: Breloom\n|-end|p2a: Breloom|Substitute\n|move|p2a: Breloom|Focus Punch|p1a: Sukuna\n|-supereffective|p1a: Sukuna\n|-damage|p1a: Sukuna|0 fnt\n|faint|p1a: Sukuna\n|-end|p1a: Sukuna|fallen5|[silent]\n|\n|win|Dumbfudge\n|raw|gudwing's rating: 1379 &rarr; <strong>1355<\/strong><br \/>(-24 for losing)\n|raw|Dumbfudge's rating: 1317 &rarr; <strong>1341<\/strong><br \/>(+24 for winning)\n|l|\u2606gudwing\n","uploadtime":1698597217,"views":8,"p1id":"gudwing","p2id":"dumbfudge","formatid":"gen9anythinggoes","rating":1341,"private":0,"password":""}