{"id":"gen9anythinggoes-1984374975","p1":"sleepythc","p2":"Ojeufu","format":"[Gen 9] Anything Goes","log":"|j|\u2606sleepythc\n|j|\u2606Ojeufu\n|t:|1699252032\n|gametype|singles\n|player|p1|sleepythc|265|1034\n|player|p2|Ojeufu|102|1000\n|teamsize|p1|6\n|teamsize|p2|6\n|gen|9\n|tier|[Gen 9] Anything Goes\n|rated|\n|rule|HP Percentage Mod: HP is shown in percentages\n|rule|Endless Battle Clause: Forcing endless battles is banned\n|clearpoke\n|poke|p1|Chien-Pao|\n|poke|p1|Walking Wake|\n|poke|p1|Diancie|\n|poke|p1|Ceruledge, M|\n|poke|p1|Zapdos|\n|poke|p1|Toedscruel, F|\n|poke|p2|Azumarill, F|\n|poke|p2|Azumarill, M|\n|poke|p2|Azumarill, M|\n|poke|p2|Azumarill, M|\n|poke|p2|Azumarill, F|\n|poke|p2|Azumarill, F|\n|teampreview\n|inactive|Battle timer is ON: inactive players will automatically lose when time's up. (requested by Ojeufu)\n|\n|t:|1699252052\n|start\n|switch|p1a: Zapdos|Zapdos|100\/100\n|switch|p2a: Azumarill|Azumarill, F|100\/100\n|-ability|p1a: Zapdos|Pressure\n|turn|1\n|\n|t:|1699252068\n|-terastallize|p1a: Zapdos|Electric\n|-terastallize|p2a: Azumarill|Water\n|move|p1a: Zapdos|Thunderbolt|p2a: Azumarill\n|-supereffective|p2a: Azumarill\n|-enditem|p2a: Azumarill|Focus Sash\n|-damage|p2a: Azumarill|1\/100\n|-status|p2a: Azumarill|par\n|move|p2a: Azumarill|Belly Drum||[still]\n|-fail|p2a: Azumarill\n|\n|upkeep\n|turn|2\n|\n|t:|1699252083\n|cant|p2a: Azumarill|par\n|move|p1a: Zapdos|Thunderbolt|p2a: Azumarill\n|-supereffective|p2a: Azumarill\n|-damage|p2a: Azumarill|0 fnt\n|faint|p2a: Azumarill\n|\n|upkeep\n|\n|t:|1699252090\n|switch|p2a: Azumarill|Azumarill, M|100\/100\n|turn|3\n|\n|t:|1699252095\n|move|p1a: Zapdos|Protect|p1a: Zapdos\n|-singleturn|p1a: Zapdos|Protect\n|move|p2a: Azumarill|Aqua Jet|p1a: Zapdos\n|-activate|p1a: Zapdos|move: Protect\n|\n|upkeep\n|turn|4\n|\n|t:|1699252102\n|move|p2a: Azumarill|Aqua Jet|p1a: Zapdos\n|-damage|p1a: Zapdos|70\/100\n|move|p1a: Zapdos|Thunderbolt|p2a: Azumarill\n|-supereffective|p2a: Azumarill\n|-enditem|p2a: Azumarill|Focus Sash\n|-damage|p2a: Azumarill|1\/100\n|\n|upkeep\n|turn|5\n|\n|t:|1699252112\n|move|p1a: Zapdos|Protect|p1a: Zapdos\n|-singleturn|p1a: Zapdos|Protect\n|move|p2a: Azumarill|Aqua Jet|p1a: Zapdos\n|-activate|p1a: Zapdos|move: Protect\n|\n|upkeep\n|turn|6\n|\n|t:|1699252119\n|move|p2a: Azumarill|Aqua Jet|p1a: Zapdos\n|-damage|p1a: Zapdos|37\/100\n|move|p1a: Zapdos|Thunderbolt|p2a: Azumarill\n|-supereffective|p2a: Azumarill\n|-damage|p2a: Azumarill|0 fnt\n|faint|p2a: Azumarill\n|\n|upkeep\n|\n|t:|1699252127\n|switch|p2a: Azumarill|Azumarill, M|100\/100\n|turn|7\n|\n|t:|1699252132\n|move|p2a: Azumarill|Aqua Jet|p1a: Zapdos\n|-damage|p1a: Zapdos|8\/100\n|move|p1a: Zapdos|Tailwind|p1a: Zapdos\n|-sidestart|p1: sleepythc|move: Tailwind\n|\n|upkeep\n|turn|8\n|\n|t:|1699252143\n|move|p2a: Azumarill|Aqua Jet|p1a: Zapdos\n|-damage|p1a: Zapdos|0 fnt\n|faint|p1a: Zapdos\n|\n|upkeep\n|\n|t:|1699252166\n|switch|p1a: Diancie|Diancie|100\/100\n|turn|9\n|\n|t:|1699252174\n|move|p1a: Diancie|Flash Cannon|p2a: Azumarill\n|-damage|p2a: Azumarill|77\/100\n|move|p2a: Azumarill|Belly Drum|p2a: Azumarill\n|-damage|p2a: Azumarill|27\/100\n|-setboost|p2a: Azumarill|atk|6|[from] move: Belly Drum\n|\n|upkeep\n|turn|10\n|\n|t:|1699252182\n|move|p2a: Azumarill|Aqua Jet|p1a: Diancie\n|-supereffective|p1a: Diancie\n|-damage|p1a: Diancie|0 fnt\n|faint|p1a: Diancie\n|\n|-sideend|p1: sleepythc|move: Tailwind\n|upkeep\n|\n|t:|1699252196\n|switch|p1a: Chien-Pao|Chien-Pao|100\/100\n|-ability|p1a: Chien-Pao|Sword of Ruin\n|turn|11\n|\n|t:|1699252203\n|move|p2a: Azumarill|Aqua Jet|p1a: Chien-Pao\n|-damage|p1a: Chien-Pao|0 fnt\n|faint|p1a: Chien-Pao\n|\n|upkeep\n|\n|t:|1699252213\n|switch|p1a: Ceruledge|Ceruledge, M|100\/100\n|turn|12\n|\n|t:|1699252218\n|move|p1a: Ceruledge|Shadow Sneak|p2a: Azumarill\n|-damage|p2a: Azumarill|0 fnt\n|faint|p2a: Azumarill\n|-damage|p1a: Ceruledge|91\/100|[from] item: Life Orb\n|\n|upkeep\n|\n|t:|1699252224\n|switch|p2a: Azumarill|Azumarill, M|100\/100\n|turn|13\n|\n|t:|1699252229\n|move|p2a: Azumarill|Aqua Jet|p1a: Ceruledge\n|-supereffective|p1a: Ceruledge\n|-damage|p1a: Ceruledge|22\/100\n|move|p1a: Ceruledge|Bulk Up|p1a: Ceruledge\n|-boost|p1a: Ceruledge|atk|1\n|-boost|p1a: Ceruledge|def|1\n|\n|upkeep\n|turn|14\n|\n|t:|1699252238\n|move|p1a: Ceruledge|Shadow Sneak|p2a: Azumarill\n|-damage|p2a: Azumarill|51\/100\n|-damage|p1a: Ceruledge|13\/100|[from] item: Life Orb\n|move|p2a: Azumarill|Aqua Jet|p1a: Ceruledge\n|-supereffective|p1a: Ceruledge\n|-damage|p1a: Ceruledge|0 fnt\n|faint|p1a: Ceruledge\n|\n|upkeep\n|\n|t:|1699252250\n|switch|p1a: Toedscruel|Toedscruel, F|100\/100\n|turn|15\n|\n|t:|1699252254\n|move|p2a: Azumarill|Belly Drum|p2a: Azumarill\n|-damage|p2a: Azumarill|1\/100\n|-setboost|p2a: Azumarill|atk|6|[from] move: Belly Drum\n|move|p1a: Toedscruel|Spikes|p2a: Azumarill\n|-sidestart|p2: Ojeufu|Spikes\n|\n|upkeep\n|turn|16\n|\n|t:|1699252263\n|move|p1a: Toedscruel|Protect|p1a: Toedscruel\n|-singleturn|p1a: Toedscruel|Protect\n|move|p2a: Azumarill|Aqua Jet|p1a: Toedscruel\n|-activate|p1a: Toedscruel|move: Protect\n|\n|upkeep\n|turn|17\n|\n|t:|1699252270\n|move|p2a: Azumarill|Aqua Jet|p1a: Toedscruel\n|-damage|p1a: Toedscruel|9\/100\n|move|p1a: Toedscruel|Rapid Spin|p2a: Azumarill\n|-damage|p2a: Azumarill|0 fnt\n|-boost|p1a: Toedscruel|spe|1\n|faint|p2a: Azumarill\n|\n|upkeep\n|\n|t:|1699252282\n|switch|p2a: Azumarill|Azumarill, F|100\/100\n|-damage|p2a: Azumarill|88\/100|[from] Spikes\n|turn|18\n|\n|t:|1699252288\n|move|p1a: Toedscruel|Protect|p1a: Toedscruel\n|-singleturn|p1a: Toedscruel|Protect\n|move|p2a: Azumarill|Aqua Jet|p1a: Toedscruel\n|-activate|p1a: Toedscruel|move: Protect\n|\n|upkeep\n|turn|19\n|\n|t:|1699252296\n|move|p2a: Azumarill|Aqua Jet|p1a: Toedscruel\n|-damage|p1a: Toedscruel|0 fnt\n|faint|p1a: Toedscruel\n|\n|upkeep\n|\n|t:|1699252301\n|switch|p1a: Walking Wake|Walking Wake|100\/100\n|turn|20\n|\n|t:|1699252309\n|move|p1a: Walking Wake|Protect|p1a: Walking Wake\n|-singleturn|p1a: Walking Wake|Protect\n|move|p2a: Azumarill|Belly Drum|p2a: Azumarill\n|-damage|p2a: Azumarill|38\/100\n|-setboost|p2a: Azumarill|atk|6|[from] move: Belly Drum\n|\n|upkeep\n|turn|21\n|\n|t:|1699252319\n|move|p2a: Azumarill|Aqua Jet|p1a: Walking Wake\n|-resisted|p1a: Walking Wake\n|-damage|p1a: Walking Wake|74\/100\n|move|p1a: Walking Wake|Surf|p2a: Azumarill\n|-resisted|p2a: Azumarill\n|-damage|p2a: Azumarill|10\/100\n|\n|upkeep\n|turn|22\n|\n|t:|1699252328\n|move|p2a: Azumarill|Aqua Jet|p1a: Walking Wake\n|-resisted|p1a: Walking Wake\n|-damage|p1a: Walking Wake|48\/100\n|move|p1a: Walking Wake|Surf|p2a: Azumarill\n|-resisted|p2a: Azumarill\n|-damage|p2a: Azumarill|0 fnt\n|faint|p2a: Azumarill\n|\n|upkeep\n|\n|t:|1699252336\n|switch|p2a: Azumarill|Azumarill, F|100\/100\n|-damage|p2a: Azumarill|88\/100|[from] Spikes\n|turn|23\n|\n|t:|1699252342\n|move|p2a: Azumarill|Aqua Jet|p1a: Walking Wake\n|-resisted|p1a: Walking Wake\n|-damage|p1a: Walking Wake|42\/100\n|move|p1a: Walking Wake|Surf|p2a: Azumarill\n|-resisted|p2a: Azumarill\n|-damage|p2a: Azumarill|62\/100\n|\n|upkeep\n|turn|24\n|\n|t:|1699252349\n|move|p1a: Walking Wake|Surf|p2a: Azumarill\n|-resisted|p2a: Azumarill\n|-crit|p2a: Azumarill\n|-damage|p2a: Azumarill|20\/100\n|move|p2a: Azumarill|Brick Break|p1a: Walking Wake\n|-damage|p1a: Walking Wake|6\/100\n|\n|upkeep\n|turn|25\n|\n|t:|1699252360\n|move|p1a: Walking Wake|Protect|p1a: Walking Wake\n|-singleturn|p1a: Walking Wake|Protect\n|move|p2a: Azumarill|Aqua Jet|p1a: Walking Wake\n|-activate|p1a: Walking Wake|move: Protect\n|\n|upkeep\n|turn|26\n|c|\u2606sleepythc|I think I lose\n|inactive|sleepythc has 120 seconds left.\n|\n|t:|1699252395\n|move|p2a: Azumarill|Aqua Jet|p1a: Walking Wake\n|-resisted|p1a: Walking Wake\n|-damage|p1a: Walking Wake|0 fnt\n|faint|p1a: Walking Wake\n|-end|p1a: Walking Wake|Protosynthesis|[silent]\n|\n|win|Ojeufu\n|raw|sleepythc's rating: 1034 &rarr; <strong>1017<\/strong><br \/>(-17 for losing)\n|raw|Ojeufu's rating: 1000 &rarr; <strong>1044<\/strong><br \/>(+44 for winning)\n|c|\u2606sleepythc|Gg\n|l|\u2606sleepythc\n","uploadtime":1699252439,"views":3,"p1id":"sleepythc","p2id":"ojeufu","formatid":"gen9anythinggoes","rating":1017,"private":0,"password":""}