{"id":"gen9anythinggoes-1986300697","p1":"ieatchalk","p2":"hi_im_mudkip","format":"[Gen 9] Anything Goes","log":"|j|\u2606ieatchalk\n|j|\u2606hi_im_mudkip\n|t:|1699467441\n|gametype|singles\n|player|p1|ieatchalk|wallace|\n|player|p2|hi_im_mudkip|266|\n|teamsize|p1|6\n|teamsize|p2|6\n|gen|9\n|tier|[Gen 9] Anything Goes\n|rule|HP Percentage Mod: HP is shown in percentages\n|rule|Endless Battle Clause: Forcing endless battles is banned\n|clearpoke\n|poke|p1|Okidogi, M|\n|poke|p1|Ogerpon-Hearthflame, F|\n|poke|p1|Baxcalibur, F|\n|poke|p1|Lilligant-Hisui, F|\n|poke|p1|Hatterene, F|\n|poke|p1|Shiftry, F|\n|poke|p2|Calyrex|\n|poke|p2|Goodra-Hisui, F|\n|poke|p2|Zoroark-Hisui, M|\n|poke|p2|Luxray, M|\n|poke|p2|Kilowattrel, F|\n|poke|p2|Roaring Moon|\n|teampreview\n|\n|t:|1699467470\n|start\n|switch|p1a: DogInHim|Okidogi, M|100\/100\n|switch|p2a: Kilowattrel|Kilowattrel, F|100\/100\n|turn|1\n|\n|t:|1699467487\n|switch|p1a: Shiftry|Shiftry, F|100\/100\n|move|p2a: Kilowattrel|Substitute|p2a: Kilowattrel\n|-start|p2a: Kilowattrel|Substitute\n|-damage|p2a: Kilowattrel|76\/100\n|\n|upkeep\n|turn|2\n|\n|t:|1699467505\n|move|p2a: Kilowattrel|U-turn|p1a: Shiftry\n|-supereffective|p1a: Shiftry\n|-damage|p1a: Shiftry|21\/100\n|\n|t:|1699467522\n|switch|p2a: Roaring Moon|Roaring Moon|100\/100|[from] U-turn\n|-enditem|p2a: Roaring Moon|Booster Energy\n|-activate|p2a: Roaring Moon|ability: Protosynthesis|[fromitem]\n|-start|p2a: Roaring Moon|protosynthesisatk\n|move|p1a: Shiftry|Knock Off|p2a: Roaring Moon\n|-resisted|p2a: Roaring Moon\n|-damage|p2a: Roaring Moon|76\/100\n|-damage|p1a: Shiftry|11\/100|[from] item: Life Orb\n|\n|upkeep\n|turn|3\n|\n|t:|1699467545\n|move|p2a: Roaring Moon|Iron Head|p1a: Shiftry\n|-damage|p1a: Shiftry|0 fnt\n|faint|p1a: Shiftry\n|\n|upkeep\n|\n|t:|1699467597\n|switch|p1a: Baxcalibur|Baxcalibur, F|100\/100\n|turn|4\n|\n|t:|1699467631\n|move|p1a: Baxcalibur|Ice Shard|p2a: Roaring Moon\n|-supereffective|p2a: Roaring Moon\n|-damage|p2a: Roaring Moon|0 fnt\n|faint|p2a: Roaring Moon\n|-end|p2a: Roaring Moon|Protosynthesis|[silent]\n|-damage|p1a: Baxcalibur|91\/100|[from] item: Life Orb\n|\n|upkeep\n|\n|t:|1699467641\n|switch|p2a: Luxray|Luxray, M|100\/100\n|-ability|p2a: Luxray|Intimidate|boost\n|-unboost|p1a: Baxcalibur|atk|1\n|turn|5\n|\n|t:|1699467661\n|switch|p1a: Lilligant|Lilligant-Hisui, F|100\/100\n|move|p2a: Luxray|Psychic Fangs|p1a: Lilligant\n|-supereffective|p1a: Lilligant\n|-damage|p1a: Lilligant|24\/100\n|\n|upkeep\n|turn|6\n|\n|t:|1699467673\n|switch|p2a: Calyrex|Calyrex|100\/100\n|-ability|p2a: Calyrex|Unnerve\n|move|p1a: Lilligant|Close Combat|p2a: Calyrex\n|-resisted|p2a: Calyrex\n|-damage|p2a: Calyrex|69\/100\n|-unboost|p1a: Lilligant|def|1\n|-unboost|p1a: Lilligant|spd|1\n|\n|-heal|p2a: Calyrex|75\/100|[from] item: Leftovers\n|upkeep\n|turn|7\n|\n|t:|1699467692\n|switch|p1a: Ogerpon|Ogerpon-Hearthflame, F|100\/100\n|-ability|p1a: Ogerpon|Mold Breaker\n|move|p2a: Calyrex|Substitute|p2a: Calyrex\n|-start|p2a: Calyrex|Substitute\n|-damage|p2a: Calyrex|50\/100\n|\n|-heal|p2a: Calyrex|56\/100|[from] item: Leftovers\n|upkeep\n|turn|8\n|\n|t:|1699467728\n|move|p1a: Ogerpon|Ivy Cudgel|p2a: Calyrex\n|-supereffective|p2a: Calyrex\n|-crit|p2a: Calyrex\n|-end|p2a: Calyrex|Substitute\n|move|p2a: Calyrex|Psychic|p1a: Ogerpon\n|-damage|p1a: Ogerpon|72\/100\n|\n|-heal|p2a: Calyrex|62\/100|[from] item: Leftovers\n|upkeep\n|turn|9\n|\n|t:|1699467739\n|switch|p2a: Luxray|Luxray, M|100\/100\n|-ability|p2a: Luxray|Intimidate|boost\n|-unboost|p1a: Ogerpon|atk|1\n|move|p1a: Ogerpon|Ivy Cudgel|p2a: Luxray\n|-crit|p2a: Luxray\n|-damage|p2a: Luxray|16\/100\n|\n|upkeep\n|turn|10\n|\n|t:|1699467757\n|move|p1a: Ogerpon|Wood Hammer|p2a: Luxray\n|-damage|p2a: Luxray|0 fnt\n|faint|p2a: Luxray\n|-damage|p1a: Ogerpon|66\/100|[from] Recoil\n|\n|upkeep\n|\n|t:|1699467765\n|switch|p2a: Kilowattrel|Kilowattrel, F|76\/100\n|turn|11\n|\n|t:|1699467777\n|move|p2a: Kilowattrel|Air Slash|p1a: Ogerpon\n|-supereffective|p1a: Ogerpon\n|-damage|p1a: Ogerpon|0 fnt\n|faint|p1a: Ogerpon\n|\n|upkeep\n|\n|t:|1699467803\n|switch|p1a: Baxcalibur|Baxcalibur, F|91\/100\n|turn|12\n|\n|t:|1699467819\n|switch|p2a: Goodra|Goodra-Hisui, F|100\/100\n|move|p1a: Baxcalibur|Ice Shard|p2a: Goodra\n|-damage|p2a: Goodra|69\/100\n|-damage|p1a: Baxcalibur|81\/100|[from] item: Life Orb\n|\n|upkeep\n|turn|13\n|\n|t:|1699467848\n|move|p1a: Baxcalibur|Glaive Rush|p2a: Goodra\n|-damage|p2a: Goodra|0 fnt\n|-singlemove|p1a: Baxcalibur|Glaive Rush|[silent]\n|-ability|p2a: Goodra|Gooey\n|-unboost|p1a: Baxcalibur|spe|1\n|faint|p2a: Goodra\n|-damage|p1a: Baxcalibur|71\/100|[from] item: Life Orb\n|\n|upkeep\n|\n|t:|1699467869\n|switch|p2a: Calyrex|Calyrex|100\/100\n|turn|14\n|\n|t:|1699467970\n|switch|p1a: Hatterene|Hatterene, F|100\/100\n|move|p2a: Calyrex|Hyper Voice|p1a: Hatterene\n|-damage|p1a: Hatterene|33\/100\n|-damage|p2a: Calyrex|91\/100|[from] item: Life Orb\n|\n|upkeep\n|turn|15\n|\n|t:|1699467979\n|move|p2a: Calyrex|Bitter Malice|p1a: Hatterene\n|-supereffective|p1a: Hatterene\n|-damage|p1a: Hatterene|0 fnt\n|faint|p1a: Hatterene\n|-damage|p2a: Calyrex|81\/100|[from] item: Life Orb\n|\n|upkeep\n|\n|t:|1699467985\n|switch|p1a: Lilligant|Lilligant-Hisui, F|24\/100\n|turn|16\n|\n|t:|1699467994\n|move|p2a: Calyrex|Hyper Voice|p1a: Lilligant\n|-damage|p1a: Lilligant|0 fnt\n|faint|p1a: Lilligant\n|-damage|p2a: Calyrex|71\/100|[from] item: Life Orb\n|\n|upkeep\n|\n|t:|1699468003\n|switch|p1a: DogInHim|Okidogi, M|100\/100\n|turn|17\n|\n|t:|1699468010\n|move|p2a: Calyrex|Bitter Malice|p1a: DogInHim\n|-damage|p1a: DogInHim|57\/100\n|-unboost|p1a: DogInHim|atk|1\n|-damage|p2a: Calyrex|61\/100|[from] item: Life Orb\n|move|p1a: DogInHim|Gunk Shot|p2a: Calyrex\n|-resisted|p2a: Calyrex\n|-damage|p2a: Calyrex|22\/100\n|replace|p2a: Zoroark|Zoroark-Hisui, M\n|-end|p2a: Zoroark|Illusion\n|-status|p2a: Zoroark|tox|[from] ability: Toxic Chain|[of] p1a: DogInHim\n|\n|-damage|p2a: Zoroark|16\/100 tox|[from] psn\n|upkeep\n|turn|18\n|\n|t:|1699468029\n|move|p2a: Zoroark|Hyper Voice|p1a: DogInHim\n|-crit|p1a: DogInHim\n|-damage|p1a: DogInHim|0 fnt\n|faint|p1a: DogInHim\n|-damage|p2a: Zoroark|6\/100 tox|[from] item: Life Orb\n|\n|-damage|p2a: Zoroark|0 fnt|[from] psn\n|faint|p2a: Zoroark\n|upkeep\n|\n|t:|1699468035\n|switch|p2a: Calyrex|Calyrex|62\/100\n|switch|p1a: Baxcalibur|Baxcalibur, F|71\/100\n|-ability|p2a: Calyrex|Unnerve\n|turn|19\n|\n|t:|1699468050\n|-terastallize|p2a: Calyrex|Steel\n|move|p1a: Baxcalibur|Dragon Dance|p1a: Baxcalibur\n|-boost|p1a: Baxcalibur|atk|1\n|-boost|p1a: Baxcalibur|spe|1\n|move|p2a: Calyrex|Leech Seed|p1a: Baxcalibur|[miss]\n|-miss|p2a: Calyrex|p1a: Baxcalibur\n|\n|-heal|p2a: Calyrex|68\/100|[from] item: Leftovers\n|upkeep\n|turn|20\n|c|\u2606hi_im_mudkip|kasbldfkhbcz\n|\n|t:|1699468066\n|move|p1a: Baxcalibur|Glaive Rush|p2a: Calyrex\n|-resisted|p2a: Calyrex\n|-damage|p2a: Calyrex|16\/100\n|-singlemove|p1a: Baxcalibur|Glaive Rush|[silent]\n|-damage|p1a: Baxcalibur|61\/100|[from] item: Life Orb\n|move|p2a: Calyrex|Leech Seed|p1a: Baxcalibur\n|-start|p1a: Baxcalibur|move: Leech Seed\n|\n|-heal|p2a: Calyrex|22\/100|[from] item: Leftovers\n|-damage|p1a: Baxcalibur|48\/100|[from] Leech Seed|[of] p2a: Calyrex\n|-heal|p2a: Calyrex|33\/100|[silent]\n|upkeep\n|turn|21\n|\n|t:|1699468076\n|move|p1a: Baxcalibur|Glaive Rush|p2a: Calyrex\n|-resisted|p2a: Calyrex\n|-damage|p2a: Calyrex|0 fnt\n|-singlemove|p1a: Baxcalibur|Glaive Rush|[silent]\n|faint|p2a: Calyrex\n|-damage|p1a: Baxcalibur|38\/100|[from] item: Life Orb\n|\n|upkeep\n|\n|t:|1699468084\n|switch|p2a: Kilowattrel|Kilowattrel, F|76\/100\n|turn|22\n|\n|t:|1699468088\n|move|p1a: Baxcalibur|Ice Shard|p2a: Kilowattrel\n|-supereffective|p2a: Kilowattrel\n|-damage|p2a: Kilowattrel|0 fnt\n|faint|p2a: Kilowattrel\n|-damage|p1a: Baxcalibur|28\/100|[from] item: Life Orb\n|\n|win|ieatchalk\n|c|\u2606hi_im_mudkip|ggs\n|c|\u2606ieatchalk|Gg\n","uploadtime":1699468104,"views":29,"p1id":"ieatchalk","p2id":"hiimmudkip","formatid":"gen9anythinggoes","rating":0,"private":0,"password":""}