{"id":"gen9anythinggoes-1973710819","p1":"Crustles","p2":"The_Sourcil","format":"[Gen 9] Anything Goes","log":"|j|\u2606Crustles\n|j|\u2606The_Sourcil\n|t:|1698005743\n|gametype|singles\n|player|p1|Crustles|carmine-festival|1000\n|player|p2|The_Sourcil|red|1000\n|teamsize|p1|6\n|teamsize|p2|6\n|gen|9\n|tier|[Gen 9] Anything Goes\n|rated|\n|rule|HP Percentage Mod: HP is shown in percentages\n|rule|Endless Battle Clause: Forcing endless battles is banned\n|clearpoke\n|poke|p1|Miraidon|\n|poke|p1|Koraidon|\n|poke|p1|Ogerpon-Hearthflame, F|\n|poke|p1|Calyrex-Shadow|\n|poke|p1|Great Tusk|\n|poke|p1|Ditto|\n|poke|p2|Urshifu-*, M|\n|poke|p2|Charizard, M|\n|poke|p2|Gardevoir, F|\n|poke|p2|Ursaluna, M|\n|poke|p2|Jolteon, M|\n|poke|p2|Goodra-Hisui, F|\n|teampreview\n|inactive|Battle timer is ON: inactive players will automatically lose when time's up. (requested by Crustles)\n|\n|t:|1698005766\n|start\n|switch|p1a: Koraidon|Koraidon|100\/100\n|switch|p2a: Bjorn|Ursaluna, M, shiny|100\/100\n|-weather|SunnyDay|[from] ability: Orichalcum Pulse|[of] p1a: Koraidon\n|-activate|p1a: Koraidon|Orichalcum Pulse|[source]\n|turn|1\n|\n|t:|1698005775\n|-terastallize|p2a: Bjorn|Ghost\n|move|p1a: Koraidon|Collision Course|p2a: Bjorn\n|-immune|p2a: Bjorn\n|move|p2a: Bjorn|Swords Dance|p2a: Bjorn\n|-boost|p2a: Bjorn|atk|2\n|\n|-weather|SunnyDay|[upkeep]\n|-status|p2a: Bjorn|brn|[from] item: Flame Orb\n|upkeep\n|turn|2\n|\n|t:|1698005787\n|switch|p1a: Calyrex|Calyrex-Shadow|100\/100\n|-ability|p1a: Calyrex|As One\n|-ability|p1a: Calyrex|Unnerve\n|move|p2a: Bjorn|Drain Punch|p1a: Calyrex\n|-immune|p1a: Calyrex\n|\n|-weather|SunnyDay|[upkeep]\n|-damage|p2a: Bjorn|94\/100 brn|[from] brn\n|upkeep\n|turn|3\n|\n|t:|1698005797\n|move|p1a: Calyrex|Astral Barrage|p2a: Bjorn\n|-supereffective|p2a: Bjorn\n|-damage|p2a: Bjorn|2\/100 brn\n|move|p2a: Bjorn|Earthquake|p1a: Calyrex\n|-crit|p1a: Calyrex\n|-enditem|p1a: Calyrex|Focus Sash\n|-damage|p1a: Calyrex|1\/100\n|\n|-weather|SunnyDay|[upkeep]\n|-damage|p2a: Bjorn|0 fnt|[from] brn\n|faint|p2a: Bjorn\n|upkeep\n|\n|t:|1698005821\n|switch|p2a: Mocosa|Goodra-Hisui, F|100\/100\n|turn|4\n|\n|t:|1698005829\n|switch|p1a: Koraidon|Koraidon|100\/100\n|-activate|p1a: Koraidon|ability: Orichalcum Pulse\n|move|p2a: Mocosa|Sludge Bomb|p1a: Koraidon\n|-damage|p1a: Koraidon|80\/100\n|\n|-weather|SunnyDay|[upkeep]\n|upkeep\n|turn|5\n|\n|t:|1698005838\n|move|p1a: Koraidon|Collision Course|p2a: Mocosa\n|-supereffective|p2a: Mocosa\n|-damage|p2a: Mocosa|0 fnt\n|-ability|p2a: Mocosa|Gooey\n|-unboost|p1a: Koraidon|spe|1\n|faint|p2a: Mocosa\n|\n|-weather|none\n|upkeep\n|\n|t:|1698005853\n|switch|p2a: Raiju|Jolteon, M|100\/100\n|-item|p2a: Raiju|Air Balloon\n|turn|6\n|\n|t:|1698005863\n|switch|p1a: Great Tusk|Great Tusk|100\/100\n|move|p2a: Raiju|Thunderbolt|p1a: Great Tusk\n|-immune|p1a: Great Tusk\n|\n|upkeep\n|turn|7\n|\n|t:|1698005872\n|move|p2a: Raiju|Shadow Ball|p1a: Great Tusk\n|-damage|p1a: Great Tusk|56\/100\n|move|p1a: Great Tusk|Rapid Spin|p2a: Raiju\n|-damage|p2a: Raiju|71\/100\n|-boost|p1a: Great Tusk|spe|1\n|-enditem|p2a: Raiju|Air Balloon\n|\n|upkeep\n|turn|8\n|\n|t:|1698005880\n|move|p1a: Great Tusk|Earthquake|p2a: Raiju\n|-supereffective|p2a: Raiju\n|-crit|p2a: Raiju\n|-damage|p2a: Raiju|0 fnt\n|faint|p2a: Raiju\n|\n|upkeep\n|\n|t:|1698005897\n|switch|p2a: Daniel|Urshifu-Rapid-Strike, M|100\/100\n|turn|9\n|\n|t:|1698005903\n|-end|p1a: Great Tusk|Protosynthesis|[silent]\n|switch|p1a: Koraidon|Koraidon|80\/100\n|-weather|SunnyDay|[from] ability: Orichalcum Pulse|[of] p1a: Koraidon\n|-activate|p1a: Koraidon|Orichalcum Pulse|[source]\n|move|p2a: Daniel|Surging Strikes|p1a: Koraidon\n|-resisted|p1a: Koraidon\n|-crit|p1a: Koraidon\n|-damage|p1a: Koraidon|75\/100\n|-resisted|p1a: Koraidon\n|-crit|p1a: Koraidon\n|-damage|p1a: Koraidon|71\/100\n|-resisted|p1a: Koraidon\n|-crit|p1a: Koraidon\n|-damage|p1a: Koraidon|67\/100\n|-hitcount|p1a: Koraidon|3\n|\n|-weather|SunnyDay|[upkeep]\n|upkeep\n|turn|10\n|\n|t:|1698005922\n|move|p1a: Koraidon|U-turn|p2a: Daniel\n|-resisted|p2a: Daniel\n|-damage|p2a: Daniel|84\/100\n|\n|t:|1698005926\n|switch|p1a: Great Tusk|Great Tusk|56\/100|[from] U-turn\n|-activate|p1a: Great Tusk|ability: Protosynthesis\n|-start|p1a: Great Tusk|protosynthesisdef\n|move|p2a: Daniel|Poison Jab|p1a: Great Tusk\n|-resisted|p1a: Great Tusk\n|-damage|p1a: Great Tusk|50\/100\n|-status|p1a: Great Tusk|psn\n|\n|-weather|SunnyDay|[upkeep]\n|-damage|p1a: Great Tusk|38\/100 psn|[from] psn\n|upkeep\n|turn|11\n|\n|t:|1698005938\n|-end|p1a: Great Tusk|Protosynthesis|[silent]\n|switch|p1a: Miraidon|Miraidon|100\/100\n|-fieldstart|move: Electric Terrain|[from] ability: Hadron Engine|[of] p1a: Miraidon\n|move|p2a: Daniel|Surging Strikes|p1a: Miraidon\n|-resisted|p1a: Miraidon\n|-crit|p1a: Miraidon\n|-damage|p1a: Miraidon|96\/100\n|-resisted|p1a: Miraidon\n|-crit|p1a: Miraidon\n|-damage|p1a: Miraidon|92\/100\n|-resisted|p1a: Miraidon\n|-crit|p1a: Miraidon\n|-damage|p1a: Miraidon|87\/100\n|-hitcount|p1a: Miraidon|3\n|\n|-weather|SunnyDay|[upkeep]\n|upkeep\n|turn|12\n|\n|t:|1698005952\n|-terastallize|p1a: Miraidon|Electric\n|move|p1a: Miraidon|Electro Drift|p2a: Daniel\n|-supereffective|p2a: Daniel\n|-damage|p2a: Daniel|0 fnt\n|faint|p2a: Daniel\n|\n|-weather|SunnyDay|[upkeep]\n|upkeep\n|\n|t:|1698005959\n|switch|p2a: Matilda|Gardevoir, F, shiny|100\/100\n|-activate|p2a: Matilda|ability: Hadron Engine\n|-ability|p2a: Matilda|Hadron Engine|[from] ability: Trace|[of] p1a: Miraidon\n|turn|13\n|\n|t:|1698005970\n|move|p1a: Miraidon|Electro Drift|p2a: Matilda\n|-damage|p2a: Matilda|4\/100\n|-enditem|p2a: Matilda|Salac Berry|[eat]\n|-boost|p2a: Matilda|spe|1|[from] item: Salac Berry\n|move|p2a: Matilda|Calm Mind|p2a: Matilda\n|-boost|p2a: Matilda|spa|1\n|-boost|p2a: Matilda|spd|1\n|\n|-weather|none\n|upkeep\n|turn|14\n|\n|t:|1698005980\n|move|p1a: Miraidon|Electro Drift|p2a: Matilda\n|-damage|p2a: Matilda|0 fnt\n|faint|p2a: Matilda\n|\n|upkeep\n|-message|The_Sourcil forfeited.\n|\n|win|Crustles\n|raw|Crustles's rating: 1000 &rarr; <strong>1040<\/strong><br \/>(+40 for winning)\n|raw|The_Sourcil's rating: 1000 &rarr; <strong>1000<\/strong><br \/>(+0 for losing)\n|l|\u2606The_Sourcil\n","uploadtime":1698005991,"views":6,"p1id":"crustles","p2id":"thesourcil","formatid":"gen9anythinggoes","rating":1000,"private":0,"password":""}