{"id":"gen9anythinggoes-1997565586","p1":"LWNSWE","p2":"YeahitsBenagain","format":"[Gen 9] Anything Goes","log":"|j|\u2606LWNSWE\n|j|\u2606YeahitsBenagain\n|t:|1700826344\n|gametype|singles\n|player|p1|LWNSWE|burglar|1003\n|player|p2|YeahitsBenagain|1|1000\n|teamsize|p1|6\n|teamsize|p2|6\n|gen|9\n|tier|[Gen 9] Anything Goes\n|rated|\n|rule|HP Percentage Mod: HP is shown in percentages\n|rule|Endless Battle Clause: Forcing endless battles is banned\n|clearpoke\n|poke|p1|Darkrai|\n|poke|p1|Cloyster, M|\n|poke|p1|Amoonguss, M|\n|poke|p1|Magearna|\n|poke|p1|Maushold-Four|\n|poke|p1|Annihilape, M|\n|poke|p2|Alomomola, F|\n|poke|p2|Alomomola, F|\n|poke|p2|Alomomola, M|\n|poke|p2|Alomomola, M|\n|poke|p2|Alomomola, F|\n|poke|p2|Alomomola, F|\n|teampreview\n|\n|t:|1700826380\n|start\n|switch|p1a: Magearna|Magearna|100\/100\n|switch|p2a: Alomomola|Alomomola, F|100\/100\n|turn|1\n|inactive|Battle timer is ON: inactive players will automatically lose when time's up. (requested by YeahitsBenagain)\n|\n|t:|1700826387\n|move|p1a: Magearna|Substitute|p1a: Magearna\n|-start|p1a: Magearna|Substitute\n|-damage|p1a: Magearna|76\/100\n|move|p2a: Alomomola|Body Slam|p1a: Magearna\n|-resisted|p1a: Magearna\n|-activate|p1a: Magearna|move: Substitute|[damage]\n|\n|upkeep\n|turn|2\n|\n|t:|1700826395\n|move|p1a: Magearna|Shift Gear|p1a: Magearna\n|-boost|p1a: Magearna|spe|2\n|-boost|p1a: Magearna|atk|1\n|move|p2a: Alomomola|Body Slam|p1a: Magearna\n|-resisted|p1a: Magearna\n|-activate|p1a: Magearna|move: Substitute|[damage]\n|\n|upkeep\n|turn|3\n|\n|t:|1700826402\n|move|p1a: Magearna|Shift Gear|p1a: Magearna\n|-boost|p1a: Magearna|spe|2\n|-boost|p1a: Magearna|atk|1\n|move|p2a: Alomomola|Body Slam|p1a: Magearna\n|-resisted|p1a: Magearna\n|-activate|p1a: Magearna|move: Substitute|[damage]\n|\n|upkeep\n|turn|4\n|\n|t:|1700826410\n|move|p1a: Magearna|Shift Gear|p1a: Magearna\n|-boost|p1a: Magearna|spe|2\n|-boost|p1a: Magearna|atk|1\n|move|p2a: Alomomola|Flip Turn|p1a: Magearna\n|-end|p1a: Magearna|Substitute\n|\n|t:|1700826417\n|switch|p2a: Alomomola|Alomomola, F|100\/100|[from] Flip Turn\n|\n|upkeep\n|turn|5\n|\n|t:|1700826422\n|move|p1a: Magearna|Baton Pass|p1a: Magearna\n|\n|t:|1700826424\n|switch|p1a: Maushold|Maushold-Four, shiny|100\/100|[from] Baton Pass\n|move|p2a: Alomomola|Mirror Coat||[still]\n|-fail|p2a: Alomomola\n|\n|upkeep\n|turn|6\n|\n|t:|1700826430\n|-terastallize|p1a: Maushold|Normal\n|move|p1a: Maushold|Population Bomb|p2a: Alomomola\n|-damage|p2a: Alomomola|72\/100\n|-damage|p2a: Alomomola|45\/100\n|-damage|p2a: Alomomola|14\/100\n|-hitcount|p2a: Alomomola|3\n|move|p2a: Alomomola|Body Slam|p1a: Maushold\n|-damage|p1a: Maushold|75\/100\n|\n|-heal|p2a: Alomomola|21\/100|[from] item: Leftovers\n|upkeep\n|turn|7\n|\n|t:|1700826442\n|move|p2a: Alomomola|Protect|p2a: Alomomola\n|-singleturn|p2a: Alomomola|Protect\n|move|p1a: Maushold|Population Bomb|p2a: Alomomola\n|-activate|p2a: Alomomola|move: Protect\n|\n|-heal|p2a: Alomomola|27\/100|[from] item: Leftovers\n|upkeep\n|turn|8\n|\n|t:|1700826450\n|switch|p2a: Alomomola|Alomomola, F|100\/100\n|move|p1a: Maushold|Population Bomb|p2a: Alomomola\n|-damage|p2a: Alomomola|71\/100\n|-hitcount|p2a: Alomomola|1\n|\n|-heal|p2a: Alomomola|77\/100|[from] item: Leftovers\n|upkeep\n|turn|9\n|\n|t:|1700826458\n|switch|p2a: Alomomola|Alomomola, M|100\/100\n|move|p1a: Maushold|Population Bomb|p2a: Alomomola\n|-damage|p2a: Alomomola|72\/100\n|-damage|p2a: Alomomola|44\/100\n|-damage|p2a: Alomomola|17\/100\n|-damage|p2a: Alomomola|0 fnt\n|faint|p2a: Alomomola\n|-hitcount|p2: Alomomola|4\n|\n|upkeep\n|\n|t:|1700826469\n|switch|p2a: Alomomola|Alomomola, F|60\/100\n|turn|10\n|\n|t:|1700826472\n|move|p2a: Alomomola|Protect|p2a: Alomomola\n|-singleturn|p2a: Alomomola|Protect\n|move|p1a: Maushold|Population Bomb|p2a: Alomomola\n|-activate|p2a: Alomomola|move: Protect\n|\n|-heal|p2a: Alomomola|66\/100|[from] item: Leftovers\n|upkeep\n|turn|11\n|\n|t:|1700826481\n|switch|p2a: Alomomola|Alomomola, F|100\/100\n|move|p1a: Maushold|Population Bomb|p2a: Alomomola\n|-damage|p2a: Alomomola|73\/100\n|-damage|p2a: Alomomola|45\/100\n|-hitcount|p2a: Alomomola|2\n|\n|-heal|p2a: Alomomola|51\/100|[from] item: Leftovers\n|upkeep\n|turn|12\n|\n|t:|1700826490\n|move|p2a: Alomomola|Protect|p2a: Alomomola\n|-singleturn|p2a: Alomomola|Protect\n|move|p1a: Maushold|Population Bomb|p2a: Alomomola\n|-activate|p2a: Alomomola|move: Protect\n|\n|-heal|p2a: Alomomola|57\/100|[from] item: Leftovers\n|upkeep\n|turn|13\n|-message|LWNSWE forfeited.\n|\n|win|YeahitsBenagain\n|raw|LWNSWE's rating: 1003 &rarr; <strong>1000<\/strong><br \/>(-3 for losing)\n|raw|YeahitsBenagain's rating: 1000 &rarr; <strong>1040<\/strong><br \/>(+40 for winning)\n|l|\u2606LWNSWE\n","uploadtime":1700826532,"views":66,"p1id":"lwnswe","p2id":"yeahitsbenagain","formatid":"gen9anythinggoes","rating":1000,"private":0,"password":""}