{"id":"gen9anythinggoes-1977783765","p1":"godnotagain4","p2":"OsCraCker2","format":"[Gen 9] Anything Goes","log":"|j|\u2606godnotagain4\n|j|\u2606OsCraCker2\n|t:|1698449136\n|gametype|singles\n|player|p1|godnotagain4|1|1149\n|player|p2|OsCraCker2|102|1221\n|teamsize|p1|6\n|teamsize|p2|6\n|gen|9\n|tier|[Gen 9] Anything Goes\n|rated|\n|rule|HP Percentage Mod: HP is shown in percentages\n|rule|Endless Battle Clause: Forcing endless battles is banned\n|clearpoke\n|poke|p1|Skeledirge, M|\n|poke|p1|Garganacl, F|\n|poke|p1|Kilowattrel, F|\n|poke|p1|Flutter Mane|\n|poke|p1|Ogerpon-Hearthflame, F|\n|poke|p1|Great Tusk|\n|poke|p2|Miraidon|\n|poke|p2|Kingambit, F|\n|poke|p2|Talonflame, M|\n|poke|p2|Hawlucha, F|\n|poke|p2|Toxtricity, M|\n|poke|p2|Gyarados, M|\n|teampreview\n|\n|t:|1698449140\n|start\n|switch|p1a: Kilowattrel|Kilowattrel, F|100\/100\n|switch|p2a: Talonflame|Talonflame, M, shiny|100\/100\n|turn|1\n|\n|t:|1698449156\n|move|p2a: Talonflame|Tailwind|p2a: Talonflame\n|-sidestart|p2: OsCraCker2|move: Tailwind\n|move|p1a: Kilowattrel|Thunderbolt|p2a: Talonflame\n|-supereffective|p2a: Talonflame\n|-enditem|p2a: Talonflame|Focus Sash\n|-damage|p2a: Talonflame|1\/100\n|\n|upkeep\n|turn|2\n|inactive|Battle timer is ON: inactive players will automatically lose when time's up. (requested by OsCraCker2)\n|\n|t:|1698449188\n|move|p2a: Talonflame|Acrobatics|p1a: Kilowattrel\n|-resisted|p1a: Kilowattrel\n|-damage|p1a: Kilowattrel|59\/100\n|move|p1a: Kilowattrel|Thunderbolt|p2a: Talonflame\n|-supereffective|p2a: Talonflame\n|-damage|p2a: Talonflame|0 fnt\n|faint|p2a: Talonflame\n|\n|upkeep\n|\n|t:|1698449215\n|switch|p2a: Toxtricity|Toxtricity, M|100\/100\n|turn|3\n|\n|t:|1698449221\n|move|p2a: Toxtricity|Shift Gear|p2a: Toxtricity\n|-boost|p2a: Toxtricity|spe|2\n|-boost|p2a: Toxtricity|atk|1\n|move|p1a: Kilowattrel|Thunderbolt|p2a: Toxtricity\n|-resisted|p2a: Toxtricity\n|-damage|p2a: Toxtricity|49\/100\n|\n|upkeep\n|turn|4\n|inactive|OsCraCker2 has 120 seconds left.\n|\n|t:|1698449242\n|-terastallize|p2a: Toxtricity|Normal\n|move|p2a: Toxtricity|Boomburst|p1a: Kilowattrel\n|-damage|p1a: Kilowattrel|0 fnt\n|faint|p1a: Kilowattrel\n|\n|-sideend|p2: OsCraCker2|move: Tailwind\n|upkeep\n|\n|t:|1698449248\n|switch|p1a: Skeledirge|Skeledirge, M, shiny|100\/100\n|turn|5\n|\n|t:|1698449252\n|move|p2a: Toxtricity|Overdrive|p1a: Skeledirge\n|-damage|p1a: Skeledirge|61\/100\n|move|p1a: Skeledirge|Torch Song|p2a: Toxtricity\n|-damage|p2a: Toxtricity|26\/100\n|-boost|p1a: Skeledirge|spa|1\n|\n|-heal|p1a: Skeledirge|67\/100|[from] item: Leftovers\n|upkeep\n|turn|6\n|\n|t:|1698449261\n|move|p2a: Toxtricity|Overdrive|p1a: Skeledirge\n|-crit|p1a: Skeledirge\n|-damage|p1a: Skeledirge|7\/100\n|move|p1a: Skeledirge|Torch Song|p2a: Toxtricity\n|-damage|p2a: Toxtricity|0 fnt\n|-boost|p1a: Skeledirge|spa|1\n|faint|p2a: Toxtricity\n|\n|-heal|p1a: Skeledirge|13\/100|[from] item: Leftovers\n|upkeep\n|\n|t:|1698449283\n|switch|p2a: Miraidon|Miraidon|100\/100\n|-fieldstart|move: Electric Terrain|[from] ability: Hadron Engine|[of] p2a: Miraidon\n|turn|7\n|\n|t:|1698449294\n|move|p2a: Miraidon|Parabolic Charge|p1a: Skeledirge\n|-damage|p1a: Skeledirge|0 fnt\n|faint|p1a: Skeledirge\n|\n|upkeep\n|\n|t:|1698449299\n|switch|p1a: Great Tusk|Great Tusk|100\/100\n|turn|8\n|\n|t:|1698449315\n|switch|p2a: Hawlucha|Hawlucha, F|100\/100\n|-enditem|p2a: Hawlucha|Electric Seed\n|-boost|p2a: Hawlucha|def|1|[from] item: Electric Seed\n|move|p1a: Great Tusk|Earthquake|p2a: Hawlucha\n|-immune|p2a: Hawlucha\n|\n|upkeep\n|turn|9\n|\n|t:|1698449324\n|-end|p1a: Great Tusk|Protosynthesis|[silent]\n|switch|p1a: Garganacl|Garganacl, F, shiny|100\/100\n|move|p2a: Hawlucha|Acrobatics|p1a: Garganacl\n|-resisted|p1a: Garganacl\n|-damage|p1a: Garganacl|88\/100\n|\n|-heal|p1a: Garganacl|94\/100|[from] item: Leftovers\n|upkeep\n|turn|10\n|\n|t:|1698449337\n|move|p2a: Hawlucha|Swords Dance|p2a: Hawlucha\n|-boost|p2a: Hawlucha|atk|2\n|move|p1a: Garganacl|Iron Defense|p1a: Garganacl\n|-boost|p1a: Garganacl|def|2\n|\n|-heal|p1a: Garganacl|100\/100|[from] item: Leftovers\n|upkeep\n|turn|11\n|\n|t:|1698449344\n|-terastallize|p1a: Garganacl|Water\n|move|p2a: Hawlucha|High Jump Kick|p1a: Garganacl\n|-damage|p1a: Garganacl|72\/100\n|move|p1a: Garganacl|Iron Defense|p1a: Garganacl\n|-boost|p1a: Garganacl|def|2\n|\n|-heal|p1a: Garganacl|78\/100|[from] item: Leftovers\n|-fieldend|move: Electric Terrain\n|upkeep\n|turn|12\n|\n|t:|1698449351\n|move|p2a: Hawlucha|Swords Dance|p2a: Hawlucha\n|-boost|p2a: Hawlucha|atk|2\n|move|p1a: Garganacl|Salt Cure|p2a: Hawlucha\n|-damage|p2a: Hawlucha|86\/100\n|-start|p2a: Hawlucha|Salt Cure\n|\n|-heal|p1a: Garganacl|84\/100|[from] item: Leftovers\n|-damage|p2a: Hawlucha|74\/100|[from] Salt Cure\n|upkeep\n|turn|13\n|\n|t:|1698449371\n|move|p2a: Hawlucha|Swords Dance|p2a: Hawlucha\n|-boost|p2a: Hawlucha|atk|2\n|move|p1a: Garganacl|Salt Cure|p2a: Hawlucha\n|-crit|p2a: Hawlucha\n|-damage|p2a: Hawlucha|44\/100\n|\n|-heal|p1a: Garganacl|91\/100|[from] item: Leftovers\n|-damage|p2a: Hawlucha|31\/100|[from] Salt Cure\n|upkeep\n|turn|14\n|\n|t:|1698449379\n|move|p2a: Hawlucha|Acrobatics|p1a: Garganacl\n|-damage|p1a: Garganacl|55\/100\n|move|p1a: Garganacl|Iron Defense|p1a: Garganacl\n|-boost|p1a: Garganacl|def|2\n|\n|-heal|p1a: Garganacl|62\/100|[from] item: Leftovers\n|-damage|p2a: Hawlucha|19\/100|[from] Salt Cure\n|upkeep\n|turn|15\n|\n|t:|1698449389\n|move|p2a: Hawlucha|Acrobatics|p1a: Garganacl\n|-damage|p1a: Garganacl|35\/100\n|move|p1a: Garganacl|Recover|p1a: Garganacl\n|-heal|p1a: Garganacl|85\/100\n|\n|-heal|p1a: Garganacl|91\/100|[from] item: Leftovers\n|-damage|p2a: Hawlucha|7\/100|[from] Salt Cure\n|upkeep\n|turn|16\n|\n|t:|1698449400\n|move|p2a: Hawlucha|Acrobatics|p1a: Garganacl\n|-damage|p1a: Garganacl|68\/100\n|move|p1a: Garganacl|Body Press|p2a: Hawlucha\n|-resisted|p2a: Hawlucha\n|-damage|p2a: Hawlucha|0 fnt\n|faint|p2a: Hawlucha\n|\n|-heal|p1a: Garganacl|74\/100|[from] item: Leftovers\n|upkeep\n|\n|t:|1698449416\n|switch|p2a: Miraidon|Miraidon|100\/100\n|-fieldstart|move: Electric Terrain|[from] ability: Hadron Engine|[of] p2a: Miraidon\n|turn|17\n|\n|t:|1698449423\n|move|p2a: Miraidon|Calm Mind|p2a: Miraidon\n|-boost|p2a: Miraidon|spa|1\n|-boost|p2a: Miraidon|spd|1\n|move|p1a: Garganacl|Body Press|p2a: Miraidon\n|-damage|p2a: Miraidon|0 fnt\n|faint|p2a: Miraidon\n|\n|-heal|p1a: Garganacl|80\/100|[from] item: Leftovers\n|upkeep\n|-message|OsCraCker2 forfeited.\n|\n|win|godnotagain4\n|raw|godnotagain4's rating: 1180 &rarr; <strong>1206<\/strong><br \/>(+26 for winning)\n|raw|OsCraCker2's rating: 1195 &rarr; <strong>1169<\/strong><br \/>(-26 for losing)\n|l|\u2606OsCraCker2\n","uploadtime":1698449444,"views":7,"p1id":"godnotagain4","p2id":"oscracker2","formatid":"gen9anythinggoes","rating":1169,"private":0,"password":""}