{"id":"gen9anythinggoes-1973044815","p1":"Testing124576","p2":"Linkthecat01","format":"[Gen 9] Anything Goes","log":"|j|\u2606Testing124576\n|j|\u2606Linkthecat01\n|t:|1697921683\n|gametype|singles\n|player|p1|Testing124576|101|\n|player|p2|Linkthecat01|1|\n|teamsize|p1|6\n|teamsize|p2|5\n|gen|9\n|tier|[Gen 9] Anything Goes\n|rule|HP Percentage Mod: HP is shown in percentages\n|rule|Endless Battle Clause: Forcing endless battles is banned\n|clearpoke\n|poke|p1|Manaphy|\n|poke|p1|Drifblim, F|\n|poke|p1|Hatterene, F|\n|poke|p1|Medicham, F|\n|poke|p1|Blissey, F|\n|poke|p1|Toxicroak, F|\n|poke|p2|Manaphy|\n|poke|p2|Numel, F|\n|poke|p2|Mewtwo|\n|poke|p2|Perrserker, F|\n|poke|p2|Charmander, F|\n|teampreview\n|inactive|Battle timer is ON: inactive players will automatically lose when time's up. (requested by Linkthecat01)\n|\n|t:|1697921688\n|start\n|switch|p1a: First|Manaphy|100\/100\n|switch|p2a: First|Manaphy|100\/100\n|turn|1\n|\n|t:|1697921694\n|move|p1a: First|Tail Glow|p1a: First\n|-boost|p1a: First|spa|3\n|move|p2a: First|Tail Glow|p2a: First\n|-boost|p2a: First|spa|3\n|-enditem|p1a: First|Mirror Herb\n|-boost|p1a: First|spa|3|[from] item: Mirror Herb\n|\n|upkeep\n|turn|2\n|\n|t:|1697921703\n|switch|p2a: Second|Numel, F|100\/100\n|move|p1a: First|Acid Armor|p1a: First\n|-boost|p1a: First|def|2\n|\n|upkeep\n|turn|3\n|\n|t:|1697921710\n|move|p2a: Second|Protect|p2a: Second\n|-singleturn|p2a: Second|Protect\n|move|p1a: First|Acid Armor|p1a: First\n|-boost|p1a: First|def|2\n|\n|upkeep\n|turn|4\n|\n|t:|1697921715\n|move|p2a: Second|Protect||[still]\n|-fail|p2a: Second\n|move|p1a: First|Acid Armor|p1a: First\n|-boost|p1a: First|def|2\n|\n|upkeep\n|turn|5\n|\n|t:|1697921719\n|move|p2a: Second|Protect|p2a: Second\n|-singleturn|p2a: Second|Protect\n|move|p1a: First|Baton Pass|p1a: First\n|\n|t:|1697921724\n|switch|p1a: Second|Drifblim, F|100\/100|[from] Baton Pass\n|\n|upkeep\n|turn|6\n|\n|t:|1697921730\n|move|p1a: Second|Skill Swap|p2a: Second\n|-activate|p1a: Second|move: Skill Swap|Simple|Flare Boost|[of] p2a: Second\n|move|p2a: Second|Sunny Day|p2a: Second\n|-weather|SunnyDay\n|\n|-weather|SunnyDay|[upkeep]\n|upkeep\n|turn|7\n|\n|t:|1697921734\n|move|p2a: Second|Protect|p2a: Second\n|-singleturn|p2a: Second|Protect\n|move|p1a: Second|Minimize|p1a: Second\n|-boost|p1a: Second|evasion|4\n|\n|-weather|SunnyDay|[upkeep]\n|upkeep\n|turn|8\n|\n|t:|1697921739\n|move|p2a: Second|Protect||[still]\n|-fail|p2a: Second\n|move|p1a: Second|Minimize|p1a: Second\n|-boost|p1a: Second|evasion|2\n|\n|-weather|SunnyDay|[upkeep]\n|upkeep\n|turn|9\n|\n|t:|1697921747\n|switch|p2a: Chill boi|Charmander, F|100\/100\n|move|p1a: Second|Amnesia|p1a: Second\n|-boost|p1a: Second|spd|4\n|\n|-weather|SunnyDay|[upkeep]\n|-damage|p2a: Chill boi|88\/100|[from] ability: Solar Power|[of] p2a: Chill boi\n|upkeep\n|turn|10\n|\n|t:|1697921756\n|switch|p2a: Second|Numel, F|100\/100\n|move|p1a: Second|Amnesia|p1a: Second\n|-boost|p1a: Second|spd|2\n|\n|-weather|none\n|upkeep\n|turn|11\n|\n|t:|1697921767\n|move|p2a: Second|Protect|p2a: Second\n|-singleturn|p2a: Second|Protect\n|move|p1a: Second|Baton Pass|p1a: Second\n|\n|t:|1697921770\n|switch|p1a: Third|Hatterene, F|100\/100|[from] Baton Pass\n|\n|upkeep\n|turn|12\n|\n|t:|1697921778\n|move|p1a: Third|Skill Swap|p2a: Second\n|-activate|p1a: Third|move: Skill Swap|Simple|Healer|[of] p2a: Second\n|move|p2a: Second|Focus Energy|p2a: Second\n|-start|p2a: Second|move: Focus Energy\n|\n|upkeep\n|turn|13\n|\n|t:|1697921784\n|move|p1a: Third|Agility|p1a: Third\n|-boost|p1a: Third|spe|4\n|move|p2a: Second|Focus Energy||[still]\n|-fail|p2a: Second\n|\n|upkeep\n|turn|14\n|\n|t:|1697921789\n|move|p1a: Third|Agility|p1a: Third\n|-boost|p1a: Third|spe|2\n|move|p2a: Second|Focus Energy||[still]\n|-fail|p2a: Second\n|\n|upkeep\n|turn|15\n|\n|t:|1697921795\n|move|p1a: Third|Swords Dance|p1a: Third\n|-boost|p1a: Third|atk|4\n|move|p2a: Second|Focus Energy||[still]\n|-fail|p2a: Second\n|\n|upkeep\n|turn|16\n|\n|t:|1697921805\n|move|p1a: Third|Swords Dance|p1a: Third\n|-boost|p1a: Third|atk|2\n|move|p2a: Second|Focus Energy||[still]\n|-fail|p2a: Second\n|\n|upkeep\n|turn|17\n|\n|t:|1697921830\n|move|p2a: Second|Protect|p2a: Second\n|-singleturn|p2a: Second|Protect\n|move|p1a: Third|Baton Pass|p1a: Third\n|\n|t:|1697921833\n|switch|p1a: Fourth|Medicham, F|100\/100|[from] Baton Pass\n|\n|upkeep\n|turn|18\n|\n|t:|1697921837\n|move|p2a: Second|Protect||[still]\n|-fail|p2a: Second\n|move|p1a: Fourth|Acupressure|p1a: Fourth\n|-boost|p1a: Fourth|accuracy|2\n|\n|upkeep\n|turn|19\n|\n|t:|1697921842\n|move|p2a: Second|Protect|p2a: Second\n|-singleturn|p2a: Second|Protect\n|move|p1a: Fourth|Acupressure|p1a: Fourth\n|-boost|p1a: Fourth|accuracy|2\n|\n|upkeep\n|turn|20\n|\n|t:|1697921848\n|move|p2a: Second|Protect||[still]\n|-fail|p2a: Second\n|move|p1a: Fourth|Acupressure|p1a: Fourth\n|-boost|p1a: Fourth|accuracy|2\n|\n|upkeep\n|turn|21\n|\n|t:|1697921856\n|switch|p2a: Chill boi|Charmander, F|88\/100\n|move|p1a: Fourth|Baton Pass|p1a: Fourth\n|\n|t:|1697921868\n|switch|p1a: Second|Drifblim, F|100\/100|[from] Baton Pass\n|\n|upkeep\n|turn|22\n|\n|t:|1697921874\n|move|p1a: Second|Skill Swap|p2a: Chill boi\n|-activate|p1a: Second|move: Skill Swap|Solar Power|Flare Boost|[of] p2a: Chill boi\n|move|p2a: Chill boi|Rest|p2a: Chill boi\n|-status|p2a: Chill boi|slp|[from] move: Rest\n|-heal|p2a: Chill boi|100\/100 slp|[silent]\n|\n|upkeep\n|turn|23\n|\n|t:|1697921882\n|switch|p2a: Mewtwo|Mewtwo|100\/100\n|-ability|p2a: Mewtwo|Unnerve\n|move|p1a: Second|Skill Swap|p2a: Mewtwo\n|-activate|p1a: Second|move: Skill Swap|Unnerve|Solar Power|[of] p2a: Mewtwo\n|-ability|p1a: Second|Unnerve\n|\n|upkeep\n|turn|24\n|\n|t:|1697921902\n|-terastallize|p2a: Mewtwo|Psychic\n|move|p1a: Second|Baton Pass|p1a: Second\n|\n|t:|1697921908\n|switch|p1a: First|Manaphy|100\/100|[from] Baton Pass\n|move|p2a: Mewtwo|Psychic Terrain|p2a: Mewtwo\n|-fieldstart|move: Psychic Terrain\n|\n|upkeep\n|turn|25\n|\n|t:|1697921925\n|move|p1a: First|Heart Swap|p2a: Mewtwo\n|-swapboost|p1a: First|p2a: Mewtwo|[from] move: Heart Swap\n|move|p2a: Mewtwo|Sunny Day|p2a: Mewtwo\n|-weather|SunnyDay\n|\n|-weather|SunnyDay|[upkeep]\n|-damage|p2a: Mewtwo|88\/100|[from] ability: Solar Power|[of] p2a: Mewtwo\n|upkeep\n|turn|26\n|inactive|Linkthecat01 has 270 seconds left.\n|inactive|Testing124576 has 270 seconds left.\n|\n|t:|1697921980\n|switch|p1a: Target 1|Toxicroak, F|100\/100\n|move|p2a: Mewtwo|Psychic Terrain||[still]\n|-fail|p2a: Mewtwo\n|\n|-weather|SunnyDay|[upkeep]\n|-damage|p2a: Mewtwo|76\/100|[from] ability: Solar Power|[of] p2a: Mewtwo\n|upkeep\n|turn|27\n|\n|t:|1697921998\n|move|p2a: Mewtwo|Stored Power|p1a: Target 1\n|-supereffective|p1a: Target 1\n|-enditem|p1a: Target 1|Focus Sash\n|-damage|p1a: Target 1|1\/100\n|move|p1a: Target 1|Encore|p2a: Mewtwo\n|-start|p2a: Mewtwo|Encore\n|\n|-weather|SunnyDay|[upkeep]\n|-damage|p2a: Mewtwo|63\/100|[from] ability: Solar Power|[of] p2a: Mewtwo\n|upkeep\n|turn|28\n|\n|t:|1697922008\n|move|p2a: Mewtwo|Stored Power|p1a: Target 1\n|-supereffective|p1a: Target 1\n|-damage|p1a: Target 1|0 fnt\n|faint|p1a: Target 1\n|\n|-weather|SunnyDay|[upkeep]\n|-damage|p2a: Mewtwo|51\/100|[from] ability: Solar Power|[of] p2a: Mewtwo\n|-fieldend|move: Psychic Terrain\n|upkeep\n|inactive|Testing124576 has 240 seconds left.\n|\n|t:|1697922036\n|switch|p1a: Target 2|Blissey, F|100\/100\n|turn|29\n|\n|t:|1697922042\n|move|p2a: Mewtwo|Stored Power|p1a: Target 2\n|-damage|p1a: Target 2|0 fnt\n|faint|p1a: Target 2\n|\n|-weather|none\n|upkeep\n|inactive|Testing124576 has 240 seconds left.\n|\n|t:|1697922059\n|switch|p1a: Second|Drifblim, F|100\/100\n|turn|30\n|inactive|Linkthecat01 has 270 seconds left.\n|\n|t:|1697922068\n|move|p2a: Mewtwo|Stored Power|p1a: Second\n|-damage|p1a: Second|0 fnt\n|faint|p1a: Second\n|\n|-end|p2a: Mewtwo|Encore\n|upkeep\n|\n|t:|1697922074\n|switch|p1a: Fourth|Medicham, F|100\/100\n|turn|31\n|\n|t:|1697922082\n|move|p2a: Mewtwo|Psychic Terrain|p2a: Mewtwo\n|-fieldstart|move: Psychic Terrain\n|move|p1a: Fourth|Acupressure|p1a: Fourth\n|-boost|p1a: Fourth|def|2\n|\n|upkeep\n|turn|32\n|\n|t:|1697922093\n|move|p2a: Mewtwo|Stored Power|p1a: Fourth\n|-damage|p1a: Fourth|0 fnt\n|faint|p1a: Fourth\n|\n|upkeep\n|\n|t:|1697922096\n|switch|p1a: First|Manaphy|100\/100\n|turn|33\n|\n|t:|1697922102\n|move|p2a: Mewtwo|Psychic Terrain||[still]\n|-fail|p2a: Mewtwo\n|move|p1a: First|Tail Glow|p1a: First\n|-boost|p1a: First|spa|3\n|\n|upkeep\n|turn|34\n|\n|t:|1697922109\n|move|p2a: Mewtwo|Stored Power|p1a: First\n|-damage|p1a: First|0 fnt\n|faint|p1a: First\n|\n|upkeep\n|\n|t:|1697922110\n|switch|p1a: Third|Hatterene, F|100\/100\n|turn|35\n|\n|t:|1697922119\n|move|p2a: Mewtwo|Stored Power|p1a: Third\n|-resisted|p1a: Third\n|-crit|p1a: Third\n|-damage|p1a: Third|0 fnt\n|faint|p1a: Third\n|\n|win|Linkthecat01\n","uploadtime":1697922123,"views":15,"p1id":"testing124576","p2id":"linkthecat01","formatid":"gen9anythinggoes","rating":0,"private":0,"password":""}