{"id":"gen9anythinggoes-1975138554","p1":"ChimmySD","p2":"OsCraCker2","format":"[Gen 9] Anything Goes","log":"|j|\u2606ChimmySD\n|j|\u2606OsCraCker2\n|t:|1698164887\n|gametype|singles\n|player|p1|ChimmySD|1|1271\n|player|p2|OsCraCker2|101|1307\n|teamsize|p1|6\n|teamsize|p2|6\n|gen|9\n|tier|[Gen 9] Anything Goes\n|rated|\n|rule|HP Percentage Mod: HP is shown in percentages\n|rule|Endless Battle Clause: Forcing endless battles is banned\n|clearpoke\n|poke|p1|Calyrex-Shadow|\n|poke|p1|Garchomp, F|\n|poke|p1|Mimikyu, M|\n|poke|p1|Zacian-*|\n|poke|p1|Snorlax, M|\n|poke|p1|Goodra-Hisui, F|\n|poke|p2|Talonflame, F|\n|poke|p2|Bisharp, F|\n|poke|p2|Dragapult, M|\n|poke|p2|Hawlucha, M|\n|poke|p2|Toxtricity, F|\n|poke|p2|Gyarados, M|\n|teampreview\n|\n|t:|1698164899\n|start\n|switch|p1a: Calyrex|Calyrex-Shadow|100\/100\n|switch|p2a: Talonflame|Talonflame, F, shiny|100\/100\n|-ability|p1a: Calyrex|As One\n|-ability|p1a: Calyrex|Unnerve\n|turn|1\n|\n|t:|1698164907\n|move|p2a: Talonflame|Tailwind|p2a: Talonflame\n|-sidestart|p2: OsCraCker2|move: Tailwind\n|move|p1a: Calyrex|Nasty Plot|p1a: Calyrex\n|-boost|p1a: Calyrex|spa|2\n|\n|upkeep\n|turn|2\n|\n|t:|1698164916\n|move|p2a: Talonflame|Flare Blitz|p1a: Calyrex\n|-damage|p1a: Calyrex|35\/100\n|-damage|p2a: Talonflame|78\/100|[from] Recoil\n|move|p1a: Calyrex|Astral Barrage|p2a: Talonflame\n|-damage|p2a: Talonflame|0 fnt\n|faint|p2a: Talonflame\n|-ability|p1a: Calyrex|Grim Neigh|boost\n|-boost|p1a: Calyrex|spa|1\n|\n|upkeep\n|\n|t:|1698164942\n|switch|p2a: Bisharp|Bisharp, F|100\/100\n|turn|3\n|\n|t:|1698164946\n|move|p2a: Bisharp|Sucker Punch|p1a: Calyrex\n|-supereffective|p1a: Calyrex\n|-damage|p1a: Calyrex|0 fnt\n|faint|p1a: Calyrex\n|\n|upkeep\n|\n|t:|1698164951\n|switch|p1a: Garchomp|Garchomp, F|100\/100\n|turn|4\n|\n|t:|1698164959\n|move|p2a: Bisharp|Swords Dance|p2a: Bisharp\n|-boost|p2a: Bisharp|atk|2\n|move|p1a: Garchomp|Swords Dance|p1a: Garchomp\n|-boost|p1a: Garchomp|atk|2\n|\n|-sideend|p2: OsCraCker2|move: Tailwind\n|upkeep\n|turn|5\n|\n|t:|1698164969\n|move|p2a: Bisharp|Sucker Punch|p1a: Garchomp\n|-damage|p1a: Garchomp|16\/100\n|move|p1a: Garchomp|Fire Fang|p2a: Bisharp\n|-supereffective|p2a: Bisharp\n|-damage|p2a: Bisharp|0 fnt\n|faint|p2a: Bisharp\n|\n|-heal|p1a: Garchomp|22\/100|[from] item: Leftovers\n|upkeep\n|\n|t:|1698164977\n|switch|p2a: Dragapult|Dragapult, M|100\/100\n|turn|6\n|\n|t:|1698164982\n|move|p2a: Dragapult|Dragon Darts|p1a: Garchomp\n|-supereffective|p1a: Garchomp\n|-damage|p1a: Garchomp|0 fnt\n|faint|p1a: Garchomp\n|\n|upkeep\n|\n|t:|1698164990\n|switch|p1a: Mimikyu|Mimikyu, M|100\/100\n|turn|7\n|\n|t:|1698165005\n|move|p2a: Dragapult|U-turn|p1a: Mimikyu\n|-activate|p1a: Mimikyu|ability: Disguise\n|-damage|p1a: Mimikyu|100\/100\n|detailschange|p1a: Mimikyu|Mimikyu-Busted, M\n|-damage|p1a: Mimikyu|88\/100|[from] pokemon: Mimikyu-Busted\n|\n|t:|1698165011\n|switch|p2a: Gyarados|Gyarados, M, shiny|100\/100|[from] U-turn\n|move|p1a: Mimikyu|Shadow Claw|p2a: Gyarados\n|-damage|p2a: Gyarados|57\/100\n|-damage|p1a: Mimikyu|78\/100|[from] item: Life Orb\n|\n|upkeep\n|turn|8\n|\n|t:|1698165020\n|move|p1a: Mimikyu|Swords Dance|p1a: Mimikyu\n|-boost|p1a: Mimikyu|atk|2\n|move|p2a: Gyarados|Waterfall|p1a: Mimikyu\n|-damage|p1a: Mimikyu|0 fnt\n|faint|p1a: Mimikyu\n|-ability|p2a: Gyarados|Moxie|boost\n|-boost|p2a: Gyarados|atk|1\n|-damage|p2a: Gyarados|47\/100|[from] item: Life Orb\n|\n|upkeep\n|\n|t:|1698165034\n|switch|p1a: Zacian|Zacian-Crowned|100\/100\n|-ability|p1a: Zacian|Intrepid Sword|boost\n|-boost|p1a: Zacian|atk|1\n|turn|9\n|\n|t:|1698165041\n|move|p1a: Zacian|Behemoth Blade|p2a: Gyarados\n|-resisted|p2a: Gyarados\n|-damage|p2a: Gyarados|0 fnt\n|faint|p2a: Gyarados\n|\n|upkeep\n|\n|t:|1698165049\n|switch|p2a: Toxtricity|Toxtricity, F|100\/100\n|turn|10\n|\n|t:|1698165053\n|-terastallize|p2a: Toxtricity|Electric\n|move|p1a: Zacian|Behemoth Blade|p2a: Toxtricity\n|-resisted|p2a: Toxtricity\n|-damage|p2a: Toxtricity|27\/100\n|move|p2a: Toxtricity|Overdrive|p1a: Zacian\n|-damage|p1a: Zacian|35\/100\n|\n|upkeep\n|turn|11\n|\n|t:|1698165065\n|move|p1a: Zacian|Behemoth Blade|p2a: Toxtricity\n|-resisted|p2a: Toxtricity\n|-damage|p2a: Toxtricity|0 fnt\n|faint|p2a: Toxtricity\n|\n|upkeep\n|inactive|Battle timer is ON: inactive players will automatically lose when time's up. (requested by OsCraCker2)\n|\n|t:|1698165073\n|switch|p2a: Hawlucha|Hawlucha, M, shiny|100\/100\n|turn|12\n|\n|t:|1698165078\n|move|p1a: Zacian|Behemoth Blade|p2a: Hawlucha\n|-damage|p2a: Hawlucha|0 fnt\n|faint|p2a: Hawlucha\n|\n|upkeep\n|\n|t:|1698165082\n|switch|p2a: Dragapult|Dragapult, M|100\/100\n|turn|13\n|c|\u2606OsCraCker2|zacian gay ass pokemon\n|\n|t:|1698165101\n|move|p1a: Zacian|Play Rough|p2a: Dragapult|[miss]\n|-miss|p1a: Zacian|p2a: Dragapult\n|move|p2a: Dragapult|Phantom Force||[still]\n|-prepare|p2a: Dragapult|Phantom Force\n|\n|upkeep\n|turn|14\n|\n|t:|1698165110\n|move|p1a: Zacian|Play Rough|p2a: Dragapult|[miss]\n|-miss|p1a: Zacian|p2a: Dragapult\n|move|p2a: Dragapult|Phantom Force|p1a: Zacian|[from]lockedmove\n|-damage|p1a: Zacian|0 fnt\n|faint|p1a: Zacian\n|\n|upkeep\n|\n|t:|1698165117\n|switch|p1a: Goodra|Goodra-Hisui, F|100\/100\n|turn|15\n|\n|t:|1698165122\n|move|p2a: Dragapult|Dragon Darts|p1a: Goodra\n|-damage|p1a: Goodra|79\/100\n|-anim|p2a: Dragapult|Dragon Darts|p1a: Goodra\n|-damage|p1a: Goodra|57\/100\n|move|p1a: Goodra|Flash Cannon|p2a: Dragapult\n|-damage|p2a: Dragapult|57\/100\n|-start|p1a: Goodra|Disable|Flash Cannon|[from] ability: Cursed Body|[of] p2a: Dragapult\n|\n|-heal|p2a: Dragapult|63\/100|[from] item: Leftovers\n|-heal|p1a: Goodra|63\/100|[from] item: Leftovers\n|upkeep\n|turn|16\n|\n|t:|1698165134\n|move|p2a: Dragapult|Dragon Darts|p1a: Goodra\n|-damage|p1a: Goodra|40\/100\n|-anim|p2a: Dragapult|Dragon Darts|p1a: Goodra\n|-damage|p1a: Goodra|19\/100\n|move|p1a: Goodra|Draco Meteor|p2a: Dragapult\n|-supereffective|p2a: Dragapult\n|-damage|p2a: Dragapult|0 fnt\n|-unboost|p1a: Goodra|spa|2\n|faint|p2a: Dragapult\n|\n|win|ChimmySD\n|raw|ChimmySD's rating: 1271 &rarr; <strong>1299<\/strong><br \/>(+28 for winning)\n|raw|OsCraCker2's rating: 1307 &rarr; <strong>1285<\/strong><br \/>(-22 for losing)\n","uploadtime":1698165099,"views":12,"p1id":"chimmysd","p2id":"oscracker2","formatid":"gen9anythinggoes","rating":1285,"private":0,"password":""}