{"id":"gen9anythinggoes-1980014072","p1":"Mrbeast911","p2":"Fred64303","format":"[Gen 9] Anything Goes","log":"|j|\u2606Mrbeast911\n|j|\u2606Fred64303\n|t:|1698746642\n|gametype|singles\n|player|p1|Mrbeast911|karen|1000\n|player|p2|Fred64303|lucas|1126\n|teamsize|p1|2\n|teamsize|p2|6\n|gen|9\n|tier|[Gen 9] Anything Goes\n|rated|\n|rule|HP Percentage Mod: HP is shown in percentages\n|rule|Endless Battle Clause: Forcing endless battles is banned\n|clearpoke\n|poke|p1|Dudunsparce-*, F|\n|poke|p1|Scizor, F|\n|poke|p2|Talonflame, M|\n|poke|p2|Heracross, M|\n|poke|p2|Amoonguss, F|\n|poke|p2|Scizor, M|\n|poke|p2|Empoleon, M|\n|poke|p2|Garchomp, M|\n|teampreview\n|inactive|Battle timer is ON: inactive players will automatically lose when time's up. (requested by Fred64303)\n|\n|t:|1698746651\n|start\n|switch|p1a: Scizor|Scizor, F|100\/100\n|switch|p2a: Empoleon|Empoleon, M, shiny|100\/100\n|turn|1\n|\n|t:|1698746659\n|move|p1a: Scizor|Substitute|p1a: Scizor\n|-start|p1a: Scizor|Substitute\n|-damage|p1a: Scizor|76\/100\n|move|p2a: Empoleon|Chilling Water|p1a: Scizor\n|-activate|p1a: Scizor|move: Substitute|[damage]\n|\n|-heal|p1a: Scizor|82\/100|[from] item: Leftovers\n|upkeep\n|turn|2\n|\n|t:|1698746670\n|move|p1a: Scizor|Agility|p1a: Scizor\n|-boost|p1a: Scizor|spe|2\n|move|p2a: Empoleon|Stealth Rock|p1a: Scizor\n|-sidestart|p1: Mrbeast911|move: Stealth Rock\n|\n|-heal|p1a: Scizor|88\/100|[from] item: Leftovers\n|upkeep\n|turn|3\n|\n|t:|1698746682\n|move|p1a: Scizor|Agility|p1a: Scizor\n|-boost|p1a: Scizor|spe|2\n|move|p2a: Empoleon|Ice Beam|p1a: Scizor\n|-resisted|p1a: Scizor\n|-end|p1a: Scizor|Substitute\n|\n|-heal|p1a: Scizor|94\/100|[from] item: Leftovers\n|upkeep\n|turn|4\n|\n|t:|1698746692\n|move|p1a: Scizor|Substitute|p1a: Scizor\n|-start|p1a: Scizor|Substitute\n|-damage|p1a: Scizor|69\/100\n|move|p2a: Empoleon|Chilling Water|p1a: Scizor\n|-end|p1a: Scizor|Substitute\n|\n|-heal|p1a: Scizor|75\/100|[from] item: Leftovers\n|upkeep\n|turn|5\n|\n|t:|1698746701\n|move|p1a: Scizor|Substitute|p1a: Scizor\n|-start|p1a: Scizor|Substitute\n|-damage|p1a: Scizor|50\/100\n|move|p2a: Empoleon|Chilling Water|p1a: Scizor\n|-activate|p1a: Scizor|move: Substitute|[damage]\n|\n|-heal|p1a: Scizor|56\/100|[from] item: Leftovers\n|upkeep\n|turn|6\n|\n|t:|1698746711\n|move|p1a: Scizor|Iron Defense|p1a: Scizor\n|-boost|p1a: Scizor|def|2\n|move|p2a: Empoleon|Ice Beam|p1a: Scizor\n|-resisted|p1a: Scizor\n|-end|p1a: Scizor|Substitute\n|\n|-heal|p1a: Scizor|62\/100|[from] item: Leftovers\n|upkeep\n|turn|7\n|\n|t:|1698746722\n|move|p1a: Scizor|Substitute|p1a: Scizor\n|-start|p1a: Scizor|Substitute\n|-damage|p1a: Scizor|37\/100\n|move|p2a: Empoleon|Ice Beam|p1a: Scizor\n|-resisted|p1a: Scizor\n|-activate|p1a: Scizor|move: Substitute|[damage]\n|\n|-heal|p1a: Scizor|43\/100|[from] item: Leftovers\n|upkeep\n|turn|8\n|\n|t:|1698746732\n|move|p1a: Scizor|Baton Pass|p1a: Scizor\n|\n|t:|1698746734\n|switch|p1a: Dudunsparce|Dudunsparce, F|100\/100|[from] Baton Pass\n|-damage|p1a: Dudunsparce|88\/100|[from] Stealth Rock\n|move|p2a: Empoleon|Chilling Water|p1a: Dudunsparce\n|-end|p1a: Dudunsparce|Substitute\n|\n|upkeep\n|turn|9\n|\n|t:|1698746746\n|move|p1a: Dudunsparce|Headbutt|p2a: Empoleon\n|-resisted|p2a: Empoleon\n|-damage|p2a: Empoleon|89\/100\n|cant|p2a: Empoleon|flinch\n|\n|-heal|p2a: Empoleon|95\/100|[from] item: Leftovers\n|upkeep\n|turn|10\n|\n|t:|1698746756\n|move|p1a: Dudunsparce|Headbutt|p2a: Empoleon\n|-resisted|p2a: Empoleon\n|-damage|p2a: Empoleon|83\/100\n|move|p2a: Empoleon|Chilling Water|p1a: Dudunsparce\n|-damage|p1a: Dudunsparce|68\/100\n|-unboost|p1a: Dudunsparce|atk|1\n|\n|-heal|p2a: Empoleon|89\/100|[from] item: Leftovers\n|upkeep\n|turn|11\n|\n|t:|1698746770\n|move|p1a: Dudunsparce|Glare|p2a: Empoleon\n|-status|p2a: Empoleon|par\n|move|p2a: Empoleon|Chilling Water|p1a: Dudunsparce\n|-damage|p1a: Dudunsparce|46\/100\n|-unboost|p1a: Dudunsparce|atk|1\n|\n|-heal|p2a: Empoleon|96\/100 par|[from] item: Leftovers\n|upkeep\n|turn|12\n|\n|t:|1698746780\n|move|p1a: Dudunsparce|Headbutt|p2a: Empoleon\n|-resisted|p2a: Empoleon\n|-damage|p2a: Empoleon|90\/100 par\n|cant|p2a: Empoleon|flinch\n|\n|-heal|p2a: Empoleon|96\/100 par|[from] item: Leftovers\n|upkeep\n|turn|13\n|\n|t:|1698746788\n|move|p1a: Dudunsparce|Headbutt|p2a: Empoleon\n|-resisted|p2a: Empoleon\n|-damage|p2a: Empoleon|89\/100 par\n|cant|p2a: Empoleon|flinch\n|\n|-heal|p2a: Empoleon|96\/100 par|[from] item: Leftovers\n|upkeep\n|turn|14\n|\n|t:|1698746797\n|move|p1a: Dudunsparce|Headbutt|p2a: Empoleon\n|-resisted|p2a: Empoleon\n|-damage|p2a: Empoleon|89\/100 par\n|cant|p2a: Empoleon|flinch\n|\n|-heal|p2a: Empoleon|95\/100 par|[from] item: Leftovers\n|upkeep\n|turn|15\n|\n|t:|1698746809\n|switch|p2a: Amoonguss|Amoonguss, F|100\/100\n|move|p1a: Dudunsparce|Headbutt|p2a: Amoonguss\n|-damage|p2a: Amoonguss|86\/100\n|\n|-heal|p2a: Amoonguss|93\/100|[from] item: Leftovers\n|upkeep\n|turn|16\n|\n|t:|1698746827\n|move|p2a: Amoonguss|Rage Powder||[still]\n|-fail|p2a: Amoonguss\n|move|p1a: Dudunsparce|Headbutt|p2a: Amoonguss\n|-damage|p2a: Amoonguss|80\/100\n|-status|p1a: Dudunsparce|slp|[from] ability: Effect Spore|[of] p2a: Amoonguss\n|\n|-heal|p2a: Amoonguss|86\/100|[from] item: Leftovers\n|upkeep\n|turn|17\n|\n|t:|1698746843\n|cant|p1a: Dudunsparce|slp\n|move|p2a: Amoonguss|Clear Smog|p1a: Dudunsparce\n|-damage|p1a: Dudunsparce|27\/100 slp\n|-clearboost|p1a: Dudunsparce\n|\n|-heal|p2a: Amoonguss|92\/100|[from] item: Leftovers\n|upkeep\n|turn|18\n|-message|Mrbeast911 forfeited.\n|\n|win|Fred64303\n|raw|Mrbeast911's rating: 1000 &rarr; <strong>1000<\/strong><br \/>(+0 for losing)\n|raw|Fred64303's rating: 1126 &rarr; <strong>1142<\/strong><br \/>(+16 for winning)\n|l|\u2606Mrbeast911\n","uploadtime":1698746858,"views":9,"p1id":"mrbeast911","p2id":"fred64303","formatid":"gen9anythinggoes","rating":1000,"private":0,"password":""}