{"id":"gen9anythinggoes-1971737045","p1":"TypeSpammer","p2":"colestein","format":"[Gen 9] Anything Goes","log":"|j|\u2606TypeSpammer\n|j|\u2606colestein\n|t:|1697766482\n|gametype|singles\n|player|p1|TypeSpammer|2|\n|player|p2|colestein|101|\n|teamsize|p1|6\n|teamsize|p2|6\n|gen|9\n|tier|[Gen 9] Anything Goes\n|rule|HP Percentage Mod: HP is shown in percentages\n|rule|Endless Battle Clause: Forcing endless battles is banned\n|clearpoke\n|poke|p1|Raichu-Alola, M|\n|poke|p1|Orthworm, F|\n|poke|p1|Arcanine-Hisui, F|\n|poke|p1|Ting-Lu|\n|poke|p1|Milotic, M|\n|poke|p1|Okidogi, M|\n|poke|p2|Corviknight, M|\n|poke|p2|Sneasler, M|\n|poke|p2|Arcanine, M|\n|poke|p2|Golem, M|\n|poke|p2|Rotom-Wash|\n|poke|p2|Hydreigon, F|\n|teampreview\n|\n|t:|1697766494\n|start\n|switch|p1a: Ting-Lu|Ting-Lu|100\/100\n|switch|p2a: Grass Immune|Rotom-Wash, shiny|100\/100\n|-ability|p1a: Ting-Lu|Vessel of Ruin\n|turn|1\n|\n|t:|1697766505\n|move|p2a: Grass Immune|Nasty Plot|p2a: Grass Immune\n|-boost|p2a: Grass Immune|spa|2\n|move|p1a: Ting-Lu|Stealth Rock|p2a: Grass Immune\n|-sidestart|p2: colestein|move: Stealth Rock\n|\n|upkeep\n|turn|2\n|\n|t:|1697766510\n|move|p2a: Grass Immune|Hydro Pump|p1a: Ting-Lu\n|-supereffective|p1a: Ting-Lu\n|-damage|p1a: Ting-Lu|0 fnt\n|faint|p1a: Ting-Lu\n|-damage|p2a: Grass Immune|91\/100|[from] item: Life Orb\n|\n|upkeep\n|c|\u2606colestein|gah\n|\n|t:|1697766518\n|switch|p1a: Arcanine|Arcanine-Hisui, F|100\/100\n|turn|3\n|c|\u2606colestein|damn\n|c|\u2606TypeSpammer|Impressive\n|\n|t:|1697766561\n|switch|p2a: Brock|Golem, M, shiny|100\/100\n|-damage|p2a: Brock|94\/100|[from] Stealth Rock\n|move|p1a: Arcanine|Head Smash|p2a: Brock\n|-resisted|p2a: Brock\n|-damage|p2a: Brock|71\/100\n|\n|-heal|p2a: Brock|77\/100|[from] item: Leftovers\n|upkeep\n|turn|4\n|c|\u2606TypeSpammer|Dude that leftovers is nice actually\n|c|\u2606colestein|this is gonna be so hard to decide in game\n|\n|t:|1697766620\n|switch|p1a: Orthworm|Orthworm, F|100\/100\n|switch|p2a: Apollo|Arcanine, M, shiny|100\/100\n|-damage|p2a: Apollo|76\/100|[from] Stealth Rock\n|\n|upkeep\n|turn|5\n|\n|t:|1697766638\n|switch|p1a: Milotic|Milotic, M|100\/100\n|move|p2a: Apollo|Close Combat|p1a: Milotic\n|-damage|p1a: Milotic|54\/100\n|-unboost|p2a: Apollo|def|1\n|-unboost|p2a: Apollo|spd|1\n|\n|upkeep\n|turn|6\n|\n|t:|1697766649\n|switch|p2a: Grass Immune|Rotom-Wash, shiny|91\/100\n|-damage|p2a: Grass Immune|78\/100|[from] Stealth Rock\n|move|p1a: Milotic|Flip Turn|p2a: Grass Immune\n|-resisted|p2a: Grass Immune\n|-damage|p2a: Grass Immune|71\/100\n|\n|t:|1697766658\n|switch|p1a: Arcanine|Arcanine-Hisui, F|100\/100|[from] Flip Turn\n|\n|upkeep\n|turn|7\n|\n|t:|1697766663\n|switch|p2a: Brock|Golem, M, shiny|77\/100\n|-damage|p2a: Brock|71\/100|[from] Stealth Rock\n|move|p1a: Arcanine|Close Combat|p2a: Brock\n|-supereffective|p2a: Brock\n|-damage|p2a: Brock|25\/100\n|-unboost|p1a: Arcanine|def|1\n|-unboost|p1a: Arcanine|spd|1\n|\n|-heal|p2a: Brock|31\/100|[from] item: Leftovers\n|upkeep\n|turn|8\n|c|\u2606colestein|i feel like you are scarfed and i want to go to corv lol\n|c|\u2606colestein|so scary tho\n|c|\u2606TypeSpammer|Without proof that\u2019s tough\n|c|\u2606colestein|exactly\n|\n|t:|1697766730\n|move|p1a: Arcanine|Close Combat|p2a: Brock\n|-supereffective|p2a: Brock\n|-damage|p2a: Brock|0 fnt\n|-unboost|p1a: Arcanine|def|1\n|-unboost|p1a: Arcanine|spd|1\n|faint|p2a: Brock\n|\n|upkeep\n|\n|t:|1697766741\n|switch|p2a: Hungry Hands|Hydreigon, F|100\/100\n|-damage|p2a: Hungry Hands|88\/100|[from] Stealth Rock\n|turn|9\n|c|\u2606TypeSpammer|Let\u2019s hope that\u2019s enough time for the rest of the team to win\n|\n|t:|1697766757\n|-terastallize|p2a: Hungry Hands|Ghost\n|move|p1a: Arcanine|Close Combat|p2a: Hungry Hands\n|-immune|p2a: Hungry Hands\n|move|p2a: Hungry Hands|Focus Energy|p2a: Hungry Hands\n|-start|p2a: Hungry Hands|move: Focus Energy\n|\n|upkeep\n|turn|10\n|c|\u2606colestein|no we lay dracos\n|c|\u2606TypeSpammer|Wait it might be over\n|c|\u2606colestein|come get some\n|\n|t:|1697766793\n|switch|p1a: Raichu|Raichu-Alola, M|100\/100\n|move|p2a: Hungry Hands|Draco Meteor|p1a: Raichu\n|-crit|p1a: Raichu\n|-damage|p1a: Raichu|0 fnt\n|-unboost|p2a: Hungry Hands|spa|2\n|faint|p1a: Raichu\n|\n|upkeep\n|\n|t:|1697766801\n|switch|p1a: Orthworm|Orthworm, F|100\/100\n|turn|11\n|\n|t:|1697766818\n|move|p2a: Hungry Hands|Flamethrower|p1a: Orthworm\n|-supereffective|p1a: Orthworm\n|-crit|p1a: Orthworm\n|-damage|p1a: Orthworm|0 fnt\n|faint|p1a: Orthworm\n|\n|upkeep\n|c|\u2606colestein|the crit\n|\n|t:|1697766825\n|switch|p1a: Okidogi|Okidogi, M|100\/100\n|turn|12\n|c|\u2606colestein|its 100 now rn\n|\n|t:|1697766834\n|move|p2a: Hungry Hands|Draco Meteor|p1a: Okidogi|[miss]\n|-miss|p2a: Hungry Hands|p1a: Okidogi\n|move|p1a: Okidogi|Knock Off|p2a: Hungry Hands\n|-supereffective|p2a: Hungry Hands\n|-damage|p2a: Hungry Hands|16\/100\n|-enditem|p2a: Hungry Hands|Scope Lens|[from] move: Knock Off|[of] p1a: Okidogi\n|\n|upkeep\n|turn|13\n|c|\u2606TypeSpammer|Holy shit you lived\n|c|\u2606colestein|not anymore\n|c|\u2606colestein|i know thats wild\n|\n|t:|1697766859\n|move|p2a: Hungry Hands|Draco Meteor|p1a: Okidogi\n|-crit|p1a: Okidogi\n|-damage|p1a: Okidogi|19\/100\n|-unboost|p2a: Hungry Hands|spa|2\n|move|p1a: Okidogi|Knock Off|p2a: Hungry Hands\n|-supereffective|p2a: Hungry Hands\n|-damage|p2a: Hungry Hands|0 fnt\n|faint|p2a: Hungry Hands\n|\n|-heal|p1a: Okidogi|25\/100|[from] item: Leftovers\n|upkeep\n|c|\u2606colestein|the no bulk bulky hydra\n|c|\u2606TypeSpammer|I feel like the code has been cracked\n|\n|t:|1697766898\n|switch|p2a: Grass Immune|Rotom-Wash, shiny|71\/100\n|-damage|p2a: Grass Immune|58\/100|[from] Stealth Rock\n|turn|14\n|\n|t:|1697766911\n|switch|p1a: Arcanine|Arcanine-Hisui, F|100\/100\n|move|p2a: Grass Immune|Volt Switch|p1a: Arcanine\n|-damage|p1a: Arcanine|48\/100\n|-damage|p2a: Grass Immune|49\/100|[from] item: Life Orb\n|c|\u2606colestein|yea that felt good\n|c|\u2606colestein|not over yet tho\n|\n|t:|1697766967\n|switch|p2a: Dr. Seuss|Sneasler, M, shiny|100\/100|[from] Volt Switch\n|-damage|p2a: Dr. Seuss|94\/100|[from] Stealth Rock\n|\n|upkeep\n|turn|15\n|\n|t:|1697766981\n|switch|p1a: Milotic|Milotic, M|54\/100\n|move|p2a: Dr. Seuss|Close Combat|p1a: Milotic\n|-damage|p1a: Milotic|0 fnt\n|-unboost|p2a: Dr. Seuss|def|1\n|-unboost|p2a: Dr. Seuss|spd|1\n|faint|p1a: Milotic\n|\n|upkeep\n|\n|t:|1697766987\n|switch|p1a: Okidogi|Okidogi, M|25\/100\n|turn|16\n|\n|t:|1697766996\n|switch|p2a: Dark Knight|Corviknight, M, shiny|100\/100\n|-damage|p2a: Dark Knight|88\/100|[from] Stealth Rock\n|move|p1a: Okidogi|Bulk Up|p1a: Okidogi\n|-boost|p1a: Okidogi|atk|1\n|-boost|p1a: Okidogi|def|1\n|\n|-heal|p1a: Okidogi|31\/100|[from] item: Leftovers\n|upkeep\n|turn|17\n|\n|t:|1697767008\n|-terastallize|p1a: Okidogi|Poison\n|move|p1a: Okidogi|Drain Punch|p2a: Dark Knight\n|-damage|p2a: Dark Knight|51\/100\n|-heal|p1a: Okidogi|51\/100|[from] drain|[of] p2a: Dark Knight\n|-damage|p1a: Okidogi|34\/100|[from] item: Rocky Helmet|[of] p2a: Dark Knight\n|move|p2a: Dark Knight|U-turn|p1a: Okidogi\n|-resisted|p1a: Okidogi\n|-damage|p1a: Okidogi|30\/100\n|\n|t:|1697767019\n|switch|p2a: Dr. Seuss|Sneasler, M, shiny|94\/100|[from] U-turn\n|-damage|p2a: Dr. Seuss|88\/100|[from] Stealth Rock\n|\n|-heal|p1a: Okidogi|37\/100|[from] item: Leftovers\n|upkeep\n|turn|18\n|c|\u2606colestein|oh shit i already used tera\n|c|\u2606colestein|didnt think about that turn enough\n|c|\u2606TypeSpammer|Yeah dude good call. Brave bird actually just puts you in bad positions. U-turn almost always better\n|c|\u2606colestein|fuck sneasler bad\n|\n|t:|1697767067\n|move|p2a: Dr. Seuss|Close Combat|p1a: Okidogi\n|-resisted|p1a: Okidogi\n|-damage|p1a: Okidogi|21\/100\n|-unboost|p2a: Dr. Seuss|def|1\n|-unboost|p2a: Dr. Seuss|spd|1\n|move|p1a: Okidogi|Drain Punch|p2a: Dr. Seuss\n|-resisted|p2a: Dr. Seuss\n|-damage|p2a: Dr. Seuss|13\/100\n|-heal|p1a: Okidogi|53\/100|[from] drain|[of] p2a: Dr. Seuss\n|\n|-heal|p1a: Okidogi|59\/100|[from] item: Leftovers\n|upkeep\n|turn|19\n|c|\u2606TypeSpammer|Sorry I was typing that before you said that\n|\n|t:|1697767078\n|move|p2a: Dr. Seuss|Close Combat|p1a: Okidogi\n|-resisted|p1a: Okidogi\n|-damage|p1a: Okidogi|41\/100\n|-unboost|p2a: Dr. Seuss|def|1\n|-unboost|p2a: Dr. Seuss|spd|1\n|move|p1a: Okidogi|Drain Punch|p2a: Dr. Seuss\n|-resisted|p2a: Dr. Seuss\n|-damage|p2a: Dr. Seuss|0 fnt\n|-heal|p1a: Okidogi|47\/100|[from] drain|[of] p2a: Dr. Seuss\n|faint|p2a: Dr. Seuss\n|\n|-heal|p1a: Okidogi|53\/100|[from] item: Leftovers\n|upkeep\n|c|\u2606TypeSpammer|Maybe rotom can do it?\n|\n|t:|1697767089\n|switch|p2a: Grass Immune|Rotom-Wash, shiny|49\/100\n|-damage|p2a: Grass Immune|36\/100|[from] Stealth Rock\n|turn|20\n|\n|t:|1697767095\n|move|p2a: Grass Immune|Thunderbolt|p1a: Okidogi\n|-damage|p1a: Okidogi|9\/100\n|-damage|p2a: Grass Immune|26\/100|[from] item: Life Orb\n|move|p1a: Okidogi|Drain Punch|p2a: Grass Immune\n|-damage|p2a: Grass Immune|0 fnt\n|-heal|p1a: Okidogi|18\/100|[from] drain|[of] p2a: Grass Immune\n|faint|p2a: Grass Immune\n|\n|-heal|p1a: Okidogi|24\/100|[from] item: Leftovers\n|upkeep\n|\n|t:|1697767108\n|switch|p2a: Apollo|Arcanine, M, shiny|76\/100\n|-damage|p2a: Apollo|51\/100|[from] Stealth Rock\n|turn|21\n|c|\u2606TypeSpammer|No pump pussy\n|\n|t:|1697767117\n|move|p2a: Apollo|Psychic Fangs|p1a: Okidogi\n|-supereffective|p1a: Okidogi\n|-damage|p1a: Okidogi|0 fnt\n|faint|p1a: Okidogi\n|\n|upkeep\n|\n|t:|1697767119\n|switch|p1a: Arcanine|Arcanine-Hisui, F|48\/100\n|turn|22\n|\n|t:|1697767125\n|move|p1a: Arcanine|Head Smash|p2a: Apollo\n|-supereffective|p2a: Apollo\n|-damage|p2a: Apollo|0 fnt\n|faint|p2a: Apollo\n|\n|upkeep\n|\n|t:|1697767130\n|switch|p2a: Dark Knight|Corviknight, M, shiny|51\/100\n|-damage|p2a: Dark Knight|38\/100|[from] Stealth Rock\n|turn|23\n|\n|t:|1697767136\n|move|p1a: Arcanine|Head Smash|p2a: Dark Knight\n|-damage|p2a: Dark Knight|0 fnt\n|-damage|p1a: Arcanine|32\/100|[from] item: Rocky Helmet|[of] p2a: Dark Knight\n|faint|p2a: Dark Knight\n|\n|win|TypeSpammer\n|c|\u2606colestein|didnt think i needed pump\n|c|\u2606colestein|i wouldve calced in game\n|c|\u2606TypeSpammer|You had that match. Was just the sneasler bring in\n|c|\u2606TypeSpammer|Yeah that too\n|c|\u2606TypeSpammer|That felt better than any mock so far\n|c|\u2606colestein|yea that too would have brought arc there prob\n|c|\u2606colestein|feels good enough thanks\n|c|\u2606TypeSpammer|plus these sets are pretty specific I think harder homework\n|l|\u2606TypeSpammer\n","uploadtime":1697767196,"views":8,"p1id":"typespammer","p2id":"colestein","formatid":"gen9anythinggoes","rating":0,"private":0,"password":""}