{"id":"gen9anythinggoes-1999114737","p1":"PokeEballs","p2":"TutsTheNoob","format":"[Gen 9] Anything Goes","log":"|j|\u2606PokeEballs\n|j|\u2606TutsTheNoob\n|t:|1701034697\n|gametype|singles\n|player|p1|PokeEballs|juggler|1024\n|player|p2|TutsTheNoob|wallace|1141\n|teamsize|p1|6\n|teamsize|p2|6\n|gen|9\n|tier|[Gen 9] Anything Goes\n|rated|\n|rule|HP Percentage Mod: HP is shown in percentages\n|rule|Endless Battle Clause: Forcing endless battles is banned\n|clearpoke\n|poke|p1|Ditto|\n|poke|p1|Scizor, M|\n|poke|p1|Azumarill, F|\n|poke|p1|Garchomp, M|\n|poke|p1|Greninja-*, M|\n|poke|p1|Starly, F|\n|poke|p2|Maushold-Four|\n|poke|p2|Ursaluna-Bloodmoon, M|\n|poke|p2|Vivillon, F|\n|poke|p2|Toxapex, F|\n|poke|p2|Gholdengo|\n|poke|p2|Cloyster, F|\n|teampreview\n|inactive|Battle timer is ON: inactive players will automatically lose when time's up. (requested by TutsTheNoob)\n|c|\u2606TutsTheNoob|skull team\n|inactive|PokeEballs has 120 seconds left.\n|inactive|PokeEballs has 90 seconds left.\n|\n|t:|1701034762\n|start\n|switch|p1a: SUS|Ditto|100\/100\n|switch|p2a: Cloyster|Cloyster, F|100\/100\n|-transform|p1a: SUS|p2a: Cloyster|[from] ability: Imposter\n|turn|1\n|inactive|PokeEballs has 120 seconds left.\n|inactive|PokeEballs has 90 seconds left.\n|\n|t:|1701034823\n|move|p1a: SUS|Drill Run|p2a: Cloyster\n|-damage|p2a: Cloyster|83\/100\n|move|p2a: Cloyster|Shell Smash|p2a: Cloyster\n|-unboost|p2a: Cloyster|def|1\n|-unboost|p2a: Cloyster|spd|1\n|-boost|p2a: Cloyster|atk|2\n|-boost|p2a: Cloyster|spa|2\n|-boost|p2a: Cloyster|spe|2\n|\n|upkeep\n|turn|2\n|c|\u2606PokeEballs|hi\n|\n|t:|1701034832\n|move|p2a: Cloyster|Poison Jab|p1a: SUS\n|-damage|p1a: SUS|70\/100\n|-status|p1a: SUS|psn\n|-enditem|p1a: SUS|Eject Button\n|inactive|PokeEballs has 90 seconds left.\n|\n|t:|1701034845\n|switch|p1a: cooly|Scizor, M|100\/100\n|\n|upkeep\n|turn|3\n|inactive|PokeEballs has 90 seconds left.\n|\n|t:|1701034862\n|move|p2a: Cloyster|Drill Run|p1a: cooly\n|-crit|p1a: cooly\n|-damage|p1a: cooly|30\/100\n|move|p1a: cooly|Fury Cutter|p2a: Cloyster\n|-damage|p2a: Cloyster|46\/100\n|\n|upkeep\n|turn|4\n|inactive|PokeEballs has 90 seconds left.\n|\n|t:|1701034871\n|move|p2a: Cloyster|Drill Run|p1a: cooly\n|-damage|p1a: cooly|0 fnt\n|faint|p1a: cooly\n|\n|upkeep\n|inactive|PokeEballs has 90 seconds left.\n|\n|t:|1701034877\n|switch|p1a: earf|Garchomp, M|100\/100\n|turn|5\n|\n|t:|1701034882\n|move|p2a: Cloyster|Icicle Spear|p1a: earf\n|-supereffective|p1a: earf\n|-damage|p1a: earf|23\/100\n|-supereffective|p1a: earf\n|-damage|p1a: earf|0 fnt\n|faint|p1a: earf\n|-hitcount|p1: earf|2\n|\n|upkeep\n|inactive|PokeEballs has 90 seconds left.\n|\n|t:|1701034893\n|switch|p1a: start to die|Greninja, M|100\/100\n|turn|6\n|inactive|PokeEballs has 90 seconds left.\n|\n|t:|1701034914\n|move|p1a: start to die|Night Slash|p2a: Cloyster\n|-start|p1a: start to die|typechange|Dark|[from] ability: Protean\n|-crit|p2a: Cloyster\n|-damage|p2a: Cloyster|0 fnt\n|faint|p2a: Cloyster\n|-damage|p1a: start to die|91\/100|[from] item: Life Orb\n|\n|upkeep\n|\n|t:|1701034929\n|switch|p2a: Vivillon|Vivillon, F, shiny|100\/100\n|turn|7\n|\n|t:|1701034933\n|move|p1a: start to die|Dig||[still]\n|-prepare|p1a: start to die|Dig\n|move|p2a: Vivillon|Sleep Powder|p1a: start to die|[miss]\n|-miss|p2a: Vivillon|p1a: start to die\n|\n|upkeep\n|turn|8\n|c|\u2606PokeEballs|jbjjubjubjjjj\n|\n|t:|1701034961\n|move|p1a: start to die|Dig|p2a: Vivillon|[from]lockedmove\n|-immune|p2a: Vivillon\n|move|p2a: Vivillon|Substitute|p2a: Vivillon\n|-start|p2a: Vivillon|Substitute\n|-damage|p2a: Vivillon|76\/100\n|\n|-heal|p2a: Vivillon|82\/100|[from] item: Leftovers\n|upkeep\n|turn|9\n|\n|t:|1701034968\n|move|p1a: start to die|Blizzard|p2a: Vivillon\n|-supereffective|p2a: Vivillon\n|-end|p2a: Vivillon|Substitute\n|-damage|p1a: start to die|81\/100|[from] item: Life Orb\n|move|p2a: Vivillon|Sleep Powder|p1a: start to die\n|-status|p1a: start to die|slp|[from] move: Sleep Powder\n|\n|-heal|p2a: Vivillon|88\/100|[from] item: Leftovers\n|upkeep\n|turn|10\n|\n|t:|1701034982\n|switch|p1a: SUS|Ditto|70\/100 psn\n|-transform|p1a: SUS|p2a: Vivillon|[from] ability: Imposter\n|move|p2a: Vivillon|Substitute|p2a: Vivillon\n|-start|p2a: Vivillon|Substitute\n|-damage|p2a: Vivillon|63\/100\n|\n|-heal|p2a: Vivillon|69\/100|[from] item: Leftovers\n|-damage|p1a: SUS|57\/100 psn|[from] psn\n|upkeep\n|turn|11\n|\n|t:|1701035006\n|move|p2a: Vivillon|Hurricane|p1a: SUS\n|-supereffective|p1a: SUS\n|-damage|p1a: SUS|0 fnt\n|faint|p1a: SUS\n|\n|-heal|p2a: Vivillon|75\/100|[from] item: Leftovers\n|upkeep\n|\n|t:|1701035013\n|switch|p1a: i i love grass|Azumarill, F|100\/100\n|turn|12\n|\n|t:|1701035019\n|move|p2a: Vivillon|Sleep Powder|p1a: i i love grass\n|-ability|p1a: i i love grass|Sap Sipper|boost\n|-boost|p1a: i i love grass|atk|1\n|move|p1a: i i love grass|Superpower|p2a: Vivillon\n|-resisted|p2a: Vivillon\n|-activate|p2a: Vivillon|move: Substitute|[damage]\n|-unboost|p1a: i i love grass|atk|1\n|-unboost|p1a: i i love grass|def|1\n|\n|-heal|p2a: Vivillon|81\/100|[from] item: Leftovers\n|upkeep\n|turn|13\n|\n|t:|1701035032\n|move|p2a: Vivillon|Quiver Dance|p2a: Vivillon\n|-boost|p2a: Vivillon|spa|1\n|-boost|p2a: Vivillon|spd|1\n|-boost|p2a: Vivillon|spe|1\n|move|p1a: i i love grass|Ice Beam|p2a: Vivillon\n|-supereffective|p2a: Vivillon\n|-end|p2a: Vivillon|Substitute\n|\n|-heal|p2a: Vivillon|87\/100|[from] item: Leftovers\n|upkeep\n|turn|14\n|\n|t:|1701035042\n|move|p2a: Vivillon|Hurricane|p1a: i i love grass\n|-damage|p1a: i i love grass|24\/100\n|move|p1a: i i love grass|Ice Beam|p2a: Vivillon\n|-supereffective|p2a: Vivillon\n|-damage|p2a: Vivillon|36\/100\n|\n|-heal|p2a: Vivillon|42\/100|[from] item: Leftovers\n|upkeep\n|turn|15\n|\n|t:|1701035051\n|move|p2a: Vivillon|Hurricane|p1a: i i love grass\n|-damage|p1a: i i love grass|0 fnt\n|faint|p1a: i i love grass\n|\n|-heal|p2a: Vivillon|48\/100|[from] item: Leftovers\n|upkeep\n|\n|t:|1701035057\n|switch|p1a: start to die|Greninja, M|81\/100 slp\n|turn|16\n|\n|t:|1701035061\n|move|p2a: Vivillon|Substitute|p2a: Vivillon\n|-start|p2a: Vivillon|Substitute\n|-damage|p2a: Vivillon|23\/100\n|cant|p1a: start to die|slp\n|\n|-heal|p2a: Vivillon|29\/100|[from] item: Leftovers\n|upkeep\n|turn|17\n|\n|t:|1701035067\n|move|p2a: Vivillon|Hurricane|p1a: start to die\n|-damage|p1a: start to die|0 fnt\n|faint|p1a: start to die\n|\n|-heal|p2a: Vivillon|35\/100|[from] item: Leftovers\n|upkeep\n|\n|t:|1701035073\n|switch|p1a: Scared FEAR me|Starly, F|100\/100\n|turn|18\n|\n|t:|1701035078\n|move|p2a: Vivillon|Sleep Powder|p1a: Scared FEAR me\n|-status|p1a: Scared FEAR me|slp|[from] move: Sleep Powder\n|cant|p1a: Scared FEAR me|slp\n|\n|-heal|p2a: Vivillon|41\/100|[from] item: Leftovers\n|upkeep\n|turn|19\n|\n|t:|1701035084\n|-curestatus|p1a: Scared FEAR me|slp|[msg]\n|move|p1a: Scared FEAR me|Endure|p1a: Scared FEAR me\n|-singleturn|p1a: Scared FEAR me|move: Endure\n|move|p2a: Vivillon|Hurricane|p1a: Scared FEAR me\n|-activate|p1a: Scared FEAR me|move: Endure\n|-damage|p1a: Scared FEAR me|1\/100\n|\n|-heal|p2a: Vivillon|47\/100|[from] item: Leftovers\n|upkeep\n|turn|20\n|\n|t:|1701035094\n|move|p2a: Vivillon|Hurricane|p1a: Scared FEAR me\n|-damage|p1a: Scared FEAR me|0 fnt\n|faint|p1a: Scared FEAR me\n|\n|win|TutsTheNoob\n|raw|PokeEballs's rating: 1024 &rarr; <strong>1015<\/strong><br \/>(-9 for losing)\n|raw|TutsTheNoob's rating: 1141 &rarr; <strong>1158<\/strong><br \/>(+17 for winning)\n|l|\u2606PokeEballs\n","uploadtime":1701035133,"views":4,"p1id":"pokeeballs","p2id":"tutsthenoob","formatid":"gen9anythinggoes","rating":1015,"private":0,"password":""}