{"id":"gen9anythinggoes-1976465470","p1":"ImTachi","p2":"Fadoka","format":"[Gen 9] Anything Goes","log":"|j|\u2606ImTachi\n|j|\u2606Fadoka\n|t:|1698307989\n|gametype|singles\n|player|p1|ImTachi|swimmerf-gen4|\n|player|p2|Fadoka|ninjaboy|\n|teamsize|p1|6\n|teamsize|p2|6\n|gen|9\n|tier|[Gen 9] Anything Goes\n|rule|HP Percentage Mod: HP is shown in percentages\n|rule|Endless Battle Clause: Forcing endless battles is banned\n|clearpoke\n|poke|p1|Mew|\n|poke|p1|Mew|\n|poke|p1|Mew|\n|poke|p1|Mew|\n|poke|p1|Mew|\n|poke|p1|Mew|\n|poke|p2|Mew|\n|poke|p2|Mew|\n|poke|p2|Mew|\n|poke|p2|Mew|\n|poke|p2|Mew|\n|poke|p2|Mew|\n|teampreview\n|inactive|Battle timer is ON: inactive players will automatically lose when time's up. (requested by ImTachi)\n|c|\u2606ImTachi|duh\n|\n|t:|1698308000\n|start\n|switch|p1a: Mew|Mew|100\/100\n|switch|p2a: Mew|Mew|100\/100\n|turn|1\n|c|\u2606Fadoka|may the best luck win\n|\n|t:|1698308013\n|move|p2a: Mew|Metronome|p2a: Mew\n|move|p2a: Mew|Poison Fang|p1a: Mew|[from]move: Metronome\n|-damage|p1a: Mew|91\/100\n|-status|p1a: Mew|tox\n|-activate|p1a: Mew|ability: Synchronize\n|-status|p2a: Mew|tox\n|-activate|p2a: Mew|ability: Synchronize\n|-fail|p1a: Mew|tox\n|move|p1a: Mew|Metronome|p1a: Mew\n|move|p1a: Mew|Bind|p2a: Mew|[from]move: Metronome\n|-damage|p2a: Mew|97\/100 tox\n|-activate|p2a: Mew|move: Bind|[of] p1a: Mew\n|\n|-heal|p2a: Mew|100\/100 tox|[from] item: Leftovers\n|-heal|p1a: Mew|97\/100 tox|[from] item: Leftovers\n|-damage|p2a: Mew|94\/100 tox|[from] psn\n|-damage|p1a: Mew|91\/100 tox|[from] psn\n|-damage|p2a: Mew|82\/100 tox|[from] move: Bind|[partiallytrapped]\n|upkeep\n|turn|2\n|c|\u2606Fadoka|ooo\n|c|\u2606Fadoka|lol\n|\n|t:|1698308035\n|move|p2a: Mew|Metronome|p2a: Mew\n|move|p2a: Mew|Wing Attack|p1a: Mew|[from]move: Metronome\n|-damage|p1a: Mew|77\/100 tox\n|move|p1a: Mew|Metronome|p1a: Mew\n|move|p1a: Mew|Spacial Rend|p2a: Mew|[from]move: Metronome\n|-damage|p2a: Mew|57\/100 tox\n|\n|-heal|p2a: Mew|63\/100 tox|[from] item: Leftovers\n|-heal|p1a: Mew|83\/100 tox|[from] item: Leftovers\n|-damage|p1a: Mew|71\/100 tox|[from] psn\n|-damage|p2a: Mew|51\/100 tox|[from] psn\n|-damage|p2a: Mew|38\/100 tox|[from] move: Bind|[partiallytrapped]\n|upkeep\n|turn|3\n|c|\u2606Fadoka|fu\n|\n|t:|1698308050\n|move|p1a: Mew|Metronome|p1a: Mew\n|move|p1a: Mew|Slack Off|p1a: Mew|[from]move: Metronome\n|-heal|p1a: Mew|100\/100 tox\n|move|p2a: Mew|Metronome|p2a: Mew\n|move|p2a: Mew|Baby-Doll Eyes|p1a: Mew|[from]move: Metronome\n|-unboost|p1a: Mew|atk|1\n|\n|-heal|p2a: Mew|44\/100 tox|[from] item: Leftovers\n|-damage|p2a: Mew|26\/100 tox|[from] psn\n|-damage|p1a: Mew|82\/100 tox|[from] psn\n|-damage|p2a: Mew|14\/100 tox|[from] move: Bind|[partiallytrapped]\n|upkeep\n|turn|4\n|c|\u2606Fadoka|fuck\n|\n|t:|1698308063\n|move|p2a: Mew|Metronome|p2a: Mew\n|move|p2a: Mew|Wave Crash|p1a: Mew|[from]move: Metronome\n|-damage|p1a: Mew|57\/100 tox\n|-damage|p2a: Mew|6\/100 tox|[from] Recoil\n|move|p1a: Mew|Metronome|p1a: Mew\n|move|p1a: Mew|Lick|p2a: Mew|[from]move: Metronome\n|-supereffective|p2a: Mew\n|-damage|p2a: Mew|0 fnt\n|faint|p2a: Mew\n|\n|-heal|p1a: Mew|63\/100 tox|[from] item: Leftovers\n|-damage|p1a: Mew|38\/100 tox|[from] psn\n|upkeep\n|\n|t:|1698308074\n|switch|p2a: Mew|Mew|100\/100\n|turn|5\n|\n|t:|1698308080\n|move|p2a: Mew|Metronome|p2a: Mew\n|move|p2a: Mew|Agility|p2a: Mew|[from]move: Metronome\n|-boost|p2a: Mew|spe|2\n|move|p1a: Mew|Metronome|p1a: Mew\n|move|p1a: Mew|Strength Sap|p2a: Mew|[from]move: Metronome\n|-unboost|p2a: Mew|atk|1\n|-heal|p1a: Mew|99\/100 tox\n|\n|-heal|p1a: Mew|100\/100 tox|[from] item: Leftovers\n|-damage|p1a: Mew|70\/100 tox|[from] psn\n|upkeep\n|turn|6\n|\n|t:|1698308094\n|move|p2a: Mew|Metronome|p2a: Mew\n|move|p2a: Mew|Ice Beam|p1a: Mew|[from]move: Metronome\n|-damage|p1a: Mew|43\/100 tox\n|move|p1a: Mew|Metronome|p1a: Mew\n|move|p1a: Mew|Acupressure|p1a: Mew|[from]move: Metronome\n|-boost|p1a: Mew|spd|2\n|\n|-heal|p1a: Mew|49\/100 tox|[from] item: Leftovers\n|-damage|p1a: Mew|12\/100 tox|[from] psn\n|upkeep\n|turn|7\n|\n|t:|1698308106\n|move|p2a: Mew|Metronome|p2a: Mew\n|move|p2a: Mew|Leaf Storm|p1a: Mew|[from]move: Metronome\n|-damage|p1a: Mew|0 fnt\n|-unboost|p2a: Mew|spa|2\n|faint|p1a: Mew\n|\n|upkeep\n|\n|t:|1698308114\n|switch|p1a: Mew|Mew|100\/100\n|turn|8\n|\n|t:|1698308118\n|switch|p2a: Mew|Mew|100\/100\n|move|p1a: Mew|Metronome|p1a: Mew\n|move|p1a: Mew|Headlong Rush|p2a: Mew|[from]move: Metronome\n|-damage|p2a: Mew|71\/100\n|-unboost|p1a: Mew|def|1\n|-unboost|p1a: Mew|spd|1\n|\n|-heal|p2a: Mew|77\/100|[from] item: Leftovers\n|upkeep\n|turn|9\n|\n|t:|1698308130\n|switch|p1a: Mew|Mew|100\/100\n|move|p2a: Mew|Metronome|p2a: Mew\n|move|p2a: Mew|Roar of Time|p1a: Mew|[from]move: Metronome\n|-crit|p1a: Mew\n|-damage|p1a: Mew|41\/100\n|-mustrecharge|p2a: Mew\n|\n|-heal|p2a: Mew|83\/100|[from] item: Leftovers\n|-heal|p1a: Mew|47\/100|[from] item: Leftovers\n|upkeep\n|turn|10\n|\n|t:|1698308142\n|cant|p2a: Mew|recharge\n|move|p1a: Mew|Metronome|p1a: Mew\n|move|p1a: Mew|Sky Attack||[from]move: Metronome|[still]\n|-prepare|p1a: Mew|Sky Attack\n|\n|-heal|p1a: Mew|53\/100|[from] item: Leftovers\n|-heal|p2a: Mew|90\/100|[from] item: Leftovers\n|upkeep\n|turn|11\n|\n|t:|1698308152\n|move|p1a: Mew|Sky Attack|p2a: Mew|[from]lockedmove\n|-damage|p2a: Mew|55\/100\n|cant|p2a: Mew|flinch\n|\n|-heal|p2a: Mew|61\/100|[from] item: Leftovers\n|-heal|p1a: Mew|59\/100|[from] item: Leftovers\n|upkeep\n|turn|12\n|\n|t:|1698308162\n|move|p2a: Mew|Metronome|p2a: Mew\n|move|p2a: Mew|Razor Shell|p1a: Mew|[from]move: Metronome\n|-damage|p1a: Mew|41\/100\n|move|p1a: Mew|Metronome|p1a: Mew\n|move|p1a: Mew|Flash Cannon|p2a: Mew|[from]move: Metronome\n|-damage|p2a: Mew|42\/100\n|\n|-heal|p1a: Mew|47\/100|[from] item: Leftovers\n|-heal|p2a: Mew|48\/100|[from] item: Leftovers\n|upkeep\n|turn|13\n|c|\u2606Fadoka|hard\n|\n|t:|1698308174\n|move|p2a: Mew|Metronome|p2a: Mew\n|move|p2a: Mew|Aura Sphere|p1a: Mew|[from]move: Metronome\n|-resisted|p1a: Mew\n|-damage|p1a: Mew|37\/100\n|move|p1a: Mew|Metronome|p1a: Mew\n|move|p1a: Mew|Baton Pass|p1a: Mew|[from]move: Metronome\n|c|\u2606ImTachi|this thing is absurd damn\n|\n|t:|1698308192\n|switch|p1a: Mew|Mew|100\/100|[from] Baton Pass\n|\n|-heal|p2a: Mew|54\/100|[from] item: Leftovers\n|upkeep\n|turn|14\n|\n|t:|1698308199\n|move|p1a: Mew|Metronome|p1a: Mew\n|move|p1a: Mew|Tailwind|p1a: Mew|[from]move: Metronome\n|-sidestart|p1: ImTachi|move: Tailwind\n|move|p2a: Mew|Metronome|p2a: Mew\n|move|p2a: Mew|Low Kick|p1a: Mew|[from]move: Metronome\n|-resisted|p1a: Mew\n|-damage|p1a: Mew|98\/100\n|\n|-heal|p1a: Mew|100\/100|[from] item: Leftovers\n|-heal|p2a: Mew|60\/100|[from] item: Leftovers\n|upkeep\n|turn|15\n|c|\u2606Fadoka|lol\n|\n|t:|1698308211\n|move|p1a: Mew|Metronome|p1a: Mew\n|move|p1a: Mew|Twister|p2a: Mew|[from]move: Metronome\n|-damage|p2a: Mew|50\/100\n|move|p2a: Mew|Metronome|p2a: Mew\n|move|p2a: Mew|Double Team|p2a: Mew|[from]move: Metronome\n|-boost|p2a: Mew|evasion|1\n|\n|-heal|p2a: Mew|56\/100|[from] item: Leftovers\n|upkeep\n|turn|16\n|j| puretroll3\n|\n|t:|1698308222\n|move|p1a: Mew|Metronome|p1a: Mew\n|move|p1a: Mew|Drill Run|p2a: Mew|[from]move: Metronome|[miss]\n|-miss|p1a: Mew|p2a: Mew\n|move|p2a: Mew|Metronome|p2a: Mew\n|move|p2a: Mew|Energy Ball|p1a: Mew|[from]move: Metronome\n|-damage|p1a: Mew|76\/100\n|\n|-heal|p1a: Mew|83\/100|[from] item: Leftovers\n|-heal|p2a: Mew|62\/100|[from] item: Leftovers\n|upkeep\n|turn|17\n|\n|t:|1698308237\n|move|p1a: Mew|Metronome|p1a: Mew\n|move|p1a: Mew|Hammer Arm|p2a: Mew|[from]move: Metronome\n|-resisted|p2a: Mew\n|-damage|p2a: Mew|51\/100\n|-unboost|p1a: Mew|spe|1\n|move|p2a: Mew|Metronome|p2a: Mew\n|move|p2a: Mew|Magic Powder||[from]move: Metronome|[still]\n|-fail|p2a: Mew\n|\n|-heal|p1a: Mew|89\/100|[from] item: Leftovers\n|-heal|p2a: Mew|58\/100|[from] item: Leftovers\n|-sideend|p1: ImTachi|move: Tailwind\n|upkeep\n|turn|18\n|c|\u2606Fadoka|lol\n|\n|t:|1698308250\n|move|p2a: Mew|Metronome|p2a: Mew\n|move|p2a: Mew|Hydro Pump|p1a: Mew|[from]move: Metronome\n|-damage|p1a: Mew|61\/100\n|move|p1a: Mew|Metronome|p1a: Mew\n|move|p1a: Mew|Play Rough|p2a: Mew|[from]move: Metronome|[miss]\n|-miss|p1a: Mew|p2a: Mew\n|\n|-heal|p2a: Mew|64\/100|[from] item: Leftovers\n|-heal|p1a: Mew|68\/100|[from] item: Leftovers\n|upkeep\n|turn|19\n|\n|t:|1698308263\n|switch|p1a: Mew|Mew|37\/100\n|move|p2a: Mew|Metronome|p2a: Mew\n|move|p2a: Mew|Hypnosis|p1a: Mew|[from]move: Metronome|[miss]\n|-miss|p2a: Mew|p1a: Mew\n|\n|-heal|p2a: Mew|70\/100|[from] item: Leftovers\n|-heal|p1a: Mew|43\/100|[from] item: Leftovers\n|upkeep\n|turn|20\n|\n|t:|1698308275\n|move|p1a: Mew|Metronome|p1a: Mew\n|move|p1a: Mew|Guard Split|p2a: Mew|[from]move: Metronome\n|-activate|p1a: Mew|move: Guard Split|[of] p2a: Mew\n|move|p2a: Mew|Metronome|p2a: Mew\n|move|p2a: Mew|Leer|p1a: Mew|[from]move: Metronome\n|-unboost|p1a: Mew|def|1\n|\n|-heal|p1a: Mew|49\/100|[from] item: Leftovers\n|-heal|p2a: Mew|76\/100|[from] item: Leftovers\n|upkeep\n|turn|21\n|\n|t:|1698308286\n|move|p2a: Mew|Metronome|p2a: Mew\n|move|p2a: Mew|Aqua Ring|p2a: Mew|[from]move: Metronome\n|-start|p2a: Mew|Aqua Ring\n|move|p1a: Mew|Metronome|p1a: Mew\n|move|p1a: Mew|Rain Dance|p1a: Mew|[from]move: Metronome\n|-weather|RainDance\n|\n|-weather|RainDance|[upkeep]\n|-heal|p2a: Mew|82\/100|[from] item: Leftovers\n|-heal|p1a: Mew|56\/100|[from] item: Leftovers\n|-heal|p2a: Mew|88\/100|[from] Aqua Ring\n|upkeep\n|turn|22\n|c| puretroll3|Damn\n|c|\u2606ImTachi|bruh\n|c| puretroll3|lol those boost and buff\n|c|\u2606Fadoka|but PP almost over\n|\n|t:|1698308301\n|move|p1a: Mew|Metronome|p1a: Mew\n|move|p1a: Mew|Shadow Claw|p2a: Mew|[from]move: Metronome\n|-supereffective|p2a: Mew\n|-damage|p2a: Mew|50\/100\n|move|p2a: Mew|Metronome|p2a: Mew\n|move|p2a: Mew|Metal Sound|p1a: Mew|[from]move: Metronome\n|-unboost|p1a: Mew|spd|2\n|\n|-weather|RainDance|[upkeep]\n|-heal|p1a: Mew|62\/100|[from] item: Leftovers\n|-heal|p2a: Mew|57\/100|[from] item: Leftovers\n|-heal|p2a: Mew|63\/100|[from] Aqua Ring\n|upkeep\n|turn|23\n|c|\u2606Fadoka|lol\n|\n|t:|1698308318\n|switch|p1a: Mew|Mew|68\/100\n|move|p2a: Mew|Metronome|p2a: Mew\n|move|p2a: Mew|Leech Seed|p1a: Mew|[from]move: Metronome\n|-start|p1a: Mew|move: Leech Seed\n|\n|-weather|RainDance|[upkeep]\n|-heal|p2a: Mew|69\/100|[from] item: Leftovers\n|-heal|p1a: Mew|74\/100|[from] item: Leftovers\n|-heal|p2a: Mew|75\/100|[from] Aqua Ring\n|-damage|p1a: Mew|61\/100|[from] Leech Seed|[of] p2a: Mew\n|-heal|p2a: Mew|86\/100|[silent]\n|upkeep\n|turn|24\n|c| puretroll3|Lol\n|\n|t:|1698308335\n|switch|p1a: Mew|Mew|62\/100\n|move|p2a: Mew|Metronome|p2a: Mew\n|move|p2a: Mew|Mean Look|p1a: Mew|[from]move: Metronome\n|-activate|p1a: Mew|trapped\n|\n|-weather|RainDance|[upkeep]\n|-heal|p2a: Mew|92\/100|[from] item: Leftovers\n|-heal|p1a: Mew|68\/100|[from] item: Leftovers\n|-heal|p2a: Mew|99\/100|[from] Aqua Ring\n|upkeep\n|turn|25\n|c|\u2606Fadoka|lol\n|\n|t:|1698308346\n|move|p2a: Mew|Metronome|p2a: Mew\n|move|p2a: Mew|High Horsepower|p1a: Mew|[from]move: Metronome\n|-damage|p1a: Mew|45\/100\n|move|p1a: Mew|Metronome|p1a: Mew\n|move|p1a: Mew|First Impression|p2a: Mew|[from]move: Metronome\n|-supereffective|p2a: Mew\n|-damage|p2a: Mew|51\/100\n|\n|-weather|none\n|-heal|p2a: Mew|57\/100|[from] item: Leftovers\n|-heal|p1a: Mew|51\/100|[from] item: Leftovers\n|-heal|p2a: Mew|63\/100|[from] Aqua Ring\n|upkeep\n|turn|26\n|c|\u2606ImTachi|howmany pp left fadoka?\n|c|\u2606Fadoka|last now\n|inactive|ImTachi has 270 seconds left.\n|\n|t:|1698308362\n|move|p2a: Mew|Metronome|p2a: Mew\n|move|p2a: Mew|Final Gambit|p1a: Mew|[from]move: Metronome\n|-damage|p1a: Mew|0 fnt\n|faint|p2a: Mew\n|faint|p1a: Mew\n|\n|upkeep\n|c|\u2606Fadoka|LOL\n|c| puretroll3|Lol\n|c|\u2606ImTachi|dang\n|\n|t:|1698308370\n|switch|p2a: Mew|Mew|100\/100\n|switch|p1a: Mew|Mew|61\/100\n|turn|27\n|\n|t:|1698308376\n|move|p2a: Mew|Metronome|p2a: Mew\n|move|p2a: Mew|Heavy Slam|p1a: Mew|[from]move: Metronome\n|-damage|p1a: Mew|53\/100\n|move|p1a: Mew|Metronome|p1a: Mew\n|move|p1a: Mew|Bulk Up|p1a: Mew|[from]move: Metronome\n|-boost|p1a: Mew|atk|1\n|-boost|p1a: Mew|def|1\n|\n|-heal|p1a: Mew|59\/100|[from] item: Leftovers\n|upkeep\n|turn|28\n|c|\u2606Fadoka|fu\n|\n|t:|1698308387\n|move|p1a: Mew|Metronome|p1a: Mew\n|move|p1a: Mew|Toxic Spikes|p2a: Mew|[from]move: Metronome\n|-sidestart|p2: Fadoka|move: Toxic Spikes\n|move|p2a: Mew|Metronome|p2a: Mew\n|move|p2a: Mew|Reversal|p1a: Mew|[from]move: Metronome\n|-resisted|p1a: Mew\n|-damage|p1a: Mew|57\/100\n|\n|-heal|p1a: Mew|63\/100|[from] item: Leftovers\n|upkeep\n|turn|29\n|c| puretroll3|Lol\n|\n|t:|1698308400\n|move|p2a: Mew|Metronome|p2a: Mew\n|move|p2a: Mew|Draco Meteor|p1a: Mew|[from]move: Metronome\n|-damage|p1a: Mew|29\/100\n|-unboost|p2a: Mew|spa|2\n|move|p1a: Mew|Metronome|p1a: Mew\n|move|p1a: Mew|High Jump Kick|p2a: Mew|[from]move: Metronome\n|-resisted|p2a: Mew\n|-damage|p2a: Mew|79\/100\n|\n|-heal|p1a: Mew|35\/100|[from] item: Leftovers\n|-heal|p2a: Mew|85\/100|[from] item: Leftovers\n|upkeep\n|turn|30\n|c|\u2606Fadoka|lol\n|c| puretroll3|Synchronized?\n|c| puretroll3|lol\n|c|\u2606Fadoka|nah\n|\n|t:|1698308414\n|move|p1a: Mew|Metronome|p1a: Mew\n|move|p1a: Mew|Harden|p1a: Mew|[from]move: Metronome\n|-boost|p1a: Mew|def|1\n|move|p2a: Mew|Metronome|p2a: Mew\n|move|p2a: Mew|Petal Dance|p1a: Mew|[from]move: Metronome\n|-damage|p1a: Mew|19\/100\n|\n|-heal|p1a: Mew|25\/100|[from] item: Leftovers\n|-heal|p2a: Mew|91\/100|[from] item: Leftovers\n|upkeep\n|turn|31\n|\n|t:|1698308427\n|move|p1a: Mew|Metronome|p1a: Mew\n|move|p1a: Mew|Bone Rush|p2a: Mew|[from]move: Metronome\n|-damage|p2a: Mew|82\/100\n|-damage|p2a: Mew|73\/100\n|-damage|p2a: Mew|64\/100\n|-hitcount|p2a: Mew|3\n|move|p2a: Mew|Petal Dance|p1a: Mew|[from]lockedmove\n|-damage|p1a: Mew|9\/100\n|\n|-heal|p2a: Mew|70\/100|[from] item: Leftovers\n|-heal|p1a: Mew|15\/100|[from] item: Leftovers\n|upkeep\n|turn|32\n|c| puretroll3|Tspikes speeding game up\n|\n|t:|1698308441\n|move|p2a: Mew|Petal Dance|p1a: Mew|[from]lockedmove\n|-crit|p1a: Mew\n|-damage|p1a: Mew|0 fnt\n|faint|p1a: Mew\n|-start|p2a: Mew|confusion|[fatigue]\n|\n|-heal|p2a: Mew|76\/100|[from] item: Leftovers\n|upkeep\n|\n|t:|1698308450\n|switch|p1a: Mew|Mew|100\/100\n|turn|33\n|\n|t:|1698308459\n|move|p1a: Mew|Metronome|p1a: Mew\n|move|p1a: Mew|Reflect Type|p2a: Mew|[from]move: Metronome\n|-start|p1a: Mew|typechange|[from] move: Reflect Type|[of] p2a: Mew\n|-activate|p2a: Mew|confusion\n|-damage|p2a: Mew|68\/100|[from] confusion\n|\n|-heal|p2a: Mew|74\/100|[from] item: Leftovers\n|upkeep\n|turn|34\n|\n|t:|1698308468\n|-end|p2a: Mew|confusion\n|move|p2a: Mew|Metronome|p2a: Mew\n|move|p2a: Mew|Slash|p1a: Mew|[from]move: Metronome\n|-damage|p1a: Mew|83\/100\n|move|p1a: Mew|Metronome|p1a: Mew\n|move|p1a: Mew|Shock Wave|p2a: Mew|[from]move: Metronome\n|-damage|p2a: Mew|59\/100\n|\n|-heal|p2a: Mew|65\/100|[from] item: Leftovers\n|-heal|p1a: Mew|90\/100|[from] item: Leftovers\n|upkeep\n|turn|35\n|\n|t:|1698308482\n|move|p1a: Mew|Metronome|p1a: Mew\n|move|p1a: Mew|Drain Punch|p2a: Mew|[from]move: Metronome\n|-resisted|p2a: Mew\n|-damage|p2a: Mew|57\/100\n|-heal|p1a: Mew|94\/100|[from] drain|[of] p2a: Mew\n|move|p2a: Mew|Metronome|p2a: Mew\n|move|p2a: Mew|Aqua Tail|p1a: Mew|[from]move: Metronome\n|-damage|p1a: Mew|73\/100\n|\n|-heal|p1a: Mew|79\/100|[from] item: Leftovers\n|-heal|p2a: Mew|63\/100|[from] item: Leftovers\n|upkeep\n|turn|36\n|\n|t:|1698308497\n|move|p2a: Mew|Metronome|p2a: Mew\n|move|p2a: Mew|Endeavor|p1a: Mew|[from]move: Metronome\n|-damage|p1a: Mew|69\/100\n|move|p1a: Mew|Metronome|p1a: Mew\n|move|p1a: Mew|Spite|p2a: Mew|[from]move: Metronome\n|-activate|p2a: Mew|move: Spite|Metronome|4\n|\n|-heal|p1a: Mew|75\/100|[from] item: Leftovers\n|-heal|p2a: Mew|69\/100|[from] item: Leftovers\n|upkeep\n|turn|37\n|c| puretroll3|Lol PP cut\n|\n|t:|1698308514\n|move|p1a: Mew|Metronome|p1a: Mew\n|move|p1a: Mew|Cotton Guard|p1a: Mew|[from]move: Metronome\n|-boost|p1a: Mew|def|3\n|move|p2a: Mew|Metronome|p2a: Mew\n|move|p2a: Mew|Terrain Pulse|p1a: Mew|[from]move: Metronome\n|-damage|p1a: Mew|68\/100\n|\n|-heal|p2a: Mew|76\/100|[from] item: Leftovers\n|-heal|p1a: Mew|74\/100|[from] item: Leftovers\n|upkeep\n|turn|38\n|c| puretroll3|That\u2019s nasty\n|c|\u2606ImTachi|lol\n|\n|t:|1698308526\n|move|p2a: Mew|Metronome|p2a: Mew\n|move|p2a: Mew|Leaf Blade|p1a: Mew|[from]move: Metronome\n|-damage|p1a: Mew|65\/100\n|move|p1a: Mew|Metronome|p1a: Mew\n|move|p1a: Mew|Roost|p1a: Mew|[from]move: Metronome\n|-heal|p1a: Mew|100\/100\n|-singleturn|p1a: Mew|move: Roost\n|\n|-heal|p2a: Mew|82\/100|[from] item: Leftovers\n|upkeep\n|turn|39\n|c|\u2606Fadoka|lol\n|c|\u2606Fadoka|need toxic\n|c|\u2606Fadoka|Fu\n|\n|t:|1698308538\n|-activate|p2a: Mew|move: Struggle\n|move|p2a: Mew|Struggle|p1a: Mew\n|-damage|p1a: Mew|96\/100\n|-damage|p2a: Mew|57\/100|[from] recoil\n|move|p1a: Mew|Metronome|p1a: Mew\n|move|p1a: Mew|Ice Punch|p2a: Mew|[from]move: Metronome\n|-damage|p2a: Mew|38\/100\n|-status|p2a: Mew|frz\n|\n|-heal|p2a: Mew|44\/100 frz|[from] item: Leftovers\n|-heal|p1a: Mew|100\/100|[from] item: Leftovers\n|upkeep\n|turn|40\n|\n|t:|1698308552\n|move|p1a: Mew|Metronome|p1a: Mew\n|move|p1a: Mew|Lunar Dance|p1a: Mew|[from]move: Metronome\n|faint|p1a: Mew\n|cant|p2a: Mew|frz\n|\n|-heal|p2a: Mew|51\/100 frz|[from] item: Leftovers\n|upkeep\n|c|\u2606Fadoka|looooooool\n|c| puretroll3|Lol\n|c|\u2606ImTachi|what?\n|c| puretroll3|The suicide\n|\n|t:|1698308571\n|switch|p1a: Mew|Mew|100\/100\n|turn|41\n|\n|t:|1698308576\n|-curestatus|p2a: Mew|frz|[msg]\n|-activate|p2a: Mew|move: Struggle\n|move|p2a: Mew|Struggle|p1a: Mew\n|-damage|p1a: Mew|90\/100\n|-damage|p2a: Mew|26\/100|[from] recoil\n|move|p1a: Mew|Metronome|p1a: Mew\n|move|p1a: Mew|Fissure|p2a: Mew|[from]move: Metronome|[miss]\n|-miss|p1a: Mew|p2a: Mew\n|\n|-heal|p1a: Mew|96\/100|[from] item: Leftovers\n|-heal|p2a: Mew|32\/100|[from] item: Leftovers\n|upkeep\n|turn|42\n|\n|t:|1698308590\n|move|p1a: Mew|Metronome|p1a: Mew\n|move|p1a: Mew|Pain Split|p2a: Mew|[from]move: Metronome\n|-sethp|p2a: Mew|60\/100|[from] move: Pain Split|[silent]\n|-sethp|p1a: Mew|65\/100|[from] move: Pain Split\n|-activate|p2a: Mew|move: Struggle\n|move|p2a: Mew|Struggle|p1a: Mew\n|-damage|p1a: Mew|53\/100\n|-damage|p2a: Mew|35\/100|[from] recoil\n|\n|-heal|p2a: Mew|41\/100|[from] item: Leftovers\n|-heal|p1a: Mew|59\/100|[from] item: Leftovers\n|upkeep\n|turn|43\n|c| puretroll3|Lol\n|c|\u2606ImTachi|tf\n|\n|t:|1698308604\n|-activate|p2a: Mew|move: Struggle\n|move|p2a: Mew|Struggle|p1a: Mew\n|-damage|p1a: Mew|47\/100\n|-damage|p2a: Mew|16\/100|[from] recoil\n|move|p1a: Mew|Metronome|p1a: Mew\n|move|p1a: Mew|Focus Blast|p2a: Mew|[from]move: Metronome|[miss]\n|-miss|p1a: Mew|p2a: Mew\n|\n|-heal|p2a: Mew|22\/100|[from] item: Leftovers\n|-heal|p1a: Mew|53\/100|[from] item: Leftovers\n|upkeep\n|turn|44\n|\n|t:|1698308617\n|-activate|p2a: Mew|move: Struggle\n|move|p2a: Mew|Struggle|p1a: Mew\n|-damage|p1a: Mew|42\/100\n|-damage|p2a: Mew|0 fnt|[from] recoil\n|faint|p2a: Mew\n|move|p1a: Mew|Metronome|p1a: Mew\n|move|p1a: Mew|Morning Sun|p1a: Mew|[from]move: Metronome\n|-heal|p1a: Mew|92\/100\n|\n|-heal|p1a: Mew|98\/100|[from] item: Leftovers\n|upkeep\n|\n|t:|1698308627\n|switch|p2a: Mew|Mew|100\/100\n|-status|p2a: Mew|psn\n|turn|45\n|\n|t:|1698308633\n|move|p2a: Mew|Metronome|p2a: Mew\n|move|p2a: Mew|Tearful Look|p1a: Mew|[from]move: Metronome\n|-unboost|p1a: Mew|atk|1\n|-unboost|p1a: Mew|spa|1\n|move|p1a: Mew|Metronome|p1a: Mew\n|move|p1a: Mew|Spikes|p2a: Mew|[from]move: Metronome\n|-sidestart|p2: Fadoka|Spikes\n|\n|-heal|p1a: Mew|100\/100|[from] item: Leftovers\n|-damage|p2a: Mew|88\/100 psn|[from] psn\n|upkeep\n|turn|46\n|\n|t:|1698308645\n|move|p2a: Mew|Metronome|p2a: Mew\n|move|p2a: Mew|Razor Leaf|p1a: Mew|[from]move: Metronome\n|-damage|p1a: Mew|88\/100\n|move|p1a: Mew|Metronome|p1a: Mew\n|move|p1a: Mew|Beat Up|p2a: Mew|[from]move: Metronome\n|-supereffective|p2a: Mew\n|-damage|p2a: Mew|82\/100 psn\n|-supereffective|p2a: Mew\n|-damage|p2a: Mew|77\/100 psn\n|-hitcount|p2a: Mew|2\n|\n|-heal|p2a: Mew|83\/100 psn|[from] item: Leftovers\n|-heal|p1a: Mew|94\/100|[from] item: Leftovers\n|-damage|p2a: Mew|71\/100 psn|[from] psn\n|upkeep\n|turn|47\n|\n|t:|1698308660\n|move|p2a: Mew|Metronome|p2a: Mew\n|move|p2a: Mew|Spin Out|p1a: Mew|[from]move: Metronome\n|-damage|p1a: Mew|72\/100\n|-unboost|p2a: Mew|spe|2\n|move|p1a: Mew|Metronome|p1a: Mew\n|move|p1a: Mew|Thunder Wave||[from]move: Metronome|[still]\n|-fail|p1a: Mew\n|\n|-heal|p1a: Mew|78\/100|[from] item: Leftovers\n|-heal|p2a: Mew|77\/100 psn|[from] item: Leftovers\n|-damage|p2a: Mew|65\/100 psn|[from] psn\n|upkeep\n|turn|48\n|\n|t:|1698308674\n|move|p1a: Mew|Metronome|p1a: Mew\n|move|p1a: Mew|Pin Missile|p2a: Mew|[from]move: Metronome\n|-supereffective|p2a: Mew\n|-damage|p2a: Mew|56\/100 psn\n|-supereffective|p2a: Mew\n|-damage|p2a: Mew|48\/100 psn\n|-supereffective|p2a: Mew\n|-damage|p2a: Mew|40\/100 psn\n|-supereffective|p2a: Mew\n|-damage|p2a: Mew|32\/100 psn\n|-hitcount|p2a: Mew|4\n|move|p2a: Mew|Metronome|p2a: Mew\n|move|p2a: Mew|Mystical Fire|p1a: Mew|[from]move: Metronome\n|-damage|p1a: Mew|58\/100\n|-unboost|p1a: Mew|spa|1\n|\n|-heal|p1a: Mew|64\/100|[from] item: Leftovers\n|-heal|p2a: Mew|39\/100 psn|[from] item: Leftovers\n|-damage|p2a: Mew|26\/100 psn|[from] psn\n|upkeep\n|turn|49\n|\n|t:|1698308693\n|move|p1a: Mew|Metronome|p1a: Mew\n|move|p1a: Mew|Play Rough|p2a: Mew|[from]move: Metronome\n|-damage|p2a: Mew|12\/100 psn\n|move|p2a: Mew|Metronome|p2a: Mew\n|move|p2a: Mew|Volt Tackle|p1a: Mew|[from]move: Metronome\n|-damage|p1a: Mew|36\/100\n|-damage|p2a: Mew|3\/100 psn|[from] Recoil\n|\n|-heal|p1a: Mew|42\/100|[from] item: Leftovers\n|-heal|p2a: Mew|9\/100 psn|[from] item: Leftovers\n|-damage|p2a: Mew|0 fnt|[from] psn\n|faint|p2a: Mew\n|upkeep\n|\n|t:|1698308705\n|switch|p2a: Mew|Mew|100\/100\n|-status|p2a: Mew|psn\n|-damage|p2a: Mew|88\/100 psn|[from] Spikes\n|turn|50\n|\n|t:|1698308714\n|move|p2a: Mew|Metronome|p2a: Mew\n|move|p2a: Mew|Matcha Gotcha|p1a: Mew|[from]move: Metronome\n|-damage|p1a: Mew|21\/100\n|-heal|p2a: Mew|98\/100 psn|[from] drain|[of] p1a: Mew\n|move|p1a: Mew|Metronome|p1a: Mew\n|move|p1a: Mew|Wood Hammer|p2a: Mew|[from]move: Metronome\n|-damage|p2a: Mew|80\/100 psn\n|-damage|p1a: Mew|14\/100|[from] Recoil\n|\n|-heal|p2a: Mew|86\/100 psn|[from] item: Leftovers\n|-heal|p1a: Mew|20\/100|[from] item: Leftovers\n|-damage|p2a: Mew|74\/100 psn|[from] psn\n|upkeep\n|turn|51\n|\n|t:|1698308729\n|move|p2a: Mew|Metronome|p2a: Mew\n|move|p2a: Mew|Sandstorm|p2a: Mew|[from]move: Metronome\n|-weather|Sandstorm\n|move|p1a: Mew|Metronome|p1a: Mew\n|move|p1a: Mew|Facade|p2a: Mew|[from]move: Metronome\n|-damage|p2a: Mew|62\/100 psn\n|\n|-weather|Sandstorm|[upkeep]\n|-damage|p2a: Mew|56\/100 psn|[from] Sandstorm\n|-damage|p1a: Mew|14\/100|[from] Sandstorm\n|-heal|p1a: Mew|20\/100|[from] item: Leftovers\n|-heal|p2a: Mew|62\/100 psn|[from] item: Leftovers\n|-damage|p2a: Mew|50\/100 psn|[from] psn\n|upkeep\n|turn|52\n|\n|t:|1698308745\n|move|p2a: Mew|Metronome|p2a: Mew\n|move|p2a: Mew|Leech Life|p1a: Mew|[from]move: Metronome\n|-supereffective|p1a: Mew\n|-damage|p1a: Mew|0 fnt\n|-heal|p2a: Mew|59\/100 psn|[from] drain|[of] p1a: Mew\n|faint|p1a: Mew\n|\n|-weather|Sandstorm|[upkeep]\n|-damage|p2a: Mew|53\/100 psn|[from] Sandstorm\n|-heal|p2a: Mew|59\/100 psn|[from] item: Leftovers\n|-damage|p2a: Mew|47\/100 psn|[from] psn\n|upkeep\n|\n|t:|1698308757\n|switch|p1a: Mew|Mew|100\/100\n|turn|53\n|l| puretroll3\n|\n|t:|1698308763\n|move|p2a: Mew|Metronome|p2a: Mew\n|move|p2a: Mew|Rock Throw|p1a: Mew|[from]move: Metronome\n|-damage|p1a: Mew|88\/100\n|move|p1a: Mew|Metronome|p1a: Mew\n|move|p1a: Mew|Swallow||[from]move: Metronome|[still]\n|-fail|p1a: Mew\n|\n|-weather|Sandstorm|[upkeep]\n|-damage|p1a: Mew|81\/100|[from] Sandstorm\n|-damage|p2a: Mew|41\/100 psn|[from] Sandstorm\n|-heal|p1a: Mew|88\/100|[from] item: Leftovers\n|-heal|p2a: Mew|47\/100 psn|[from] item: Leftovers\n|-damage|p2a: Mew|35\/100 psn|[from] psn\n|upkeep\n|turn|54\n|\n|t:|1698308778\n|move|p2a: Mew|Metronome|p2a: Mew\n|move|p2a: Mew|Lash Out|p1a: Mew|[from]move: Metronome\n|-supereffective|p1a: Mew\n|-damage|p1a: Mew|52\/100\n|move|p1a: Mew|Metronome|p1a: Mew\n|move|p1a: Mew|Haze|p1a: Mew|[from]move: Metronome\n|-clearallboost\n|\n|-weather|Sandstorm|[upkeep]\n|-damage|p1a: Mew|46\/100|[from] Sandstorm\n|-damage|p2a: Mew|28\/100 psn|[from] Sandstorm\n|-heal|p1a: Mew|52\/100|[from] item: Leftovers\n|-heal|p2a: Mew|35\/100 psn|[from] item: Leftovers\n|-damage|p2a: Mew|22\/100 psn|[from] psn\n|upkeep\n|turn|55\n|\n|t:|1698308794\n|move|p2a: Mew|Metronome|p2a: Mew\n|move|p2a: Mew|Pain Split|p1a: Mew|[from]move: Metronome\n|-sethp|p1a: Mew|38\/100|[from] move: Pain Split|[silent]\n|-sethp|p2a: Mew|35\/100 psn|[from] move: Pain Split\n|move|p1a: Mew|Metronome|p1a: Mew\n|move|p1a: Mew|Blood Moon|p2a: Mew|[from]move: Metronome\n|-damage|p2a: Mew|3\/100 psn\n|\n|-weather|none\n|-heal|p1a: Mew|44\/100|[from] item: Leftovers\n|-heal|p2a: Mew|9\/100 psn|[from] item: Leftovers\n|-damage|p2a: Mew|0 fnt|[from] psn\n|faint|p2a: Mew\n|upkeep\n|\n|t:|1698308806\n|switch|p2a: Mew|Mew|100\/100\n|-status|p2a: Mew|psn\n|-damage|p2a: Mew|88\/100 psn|[from] Spikes\n|turn|56\n|\n|t:|1698308813\n|move|p1a: Mew|Metronome|p1a: Mew\n|move|p1a: Mew|Sweet Scent|p2a: Mew|[from]move: Metronome\n|-unboost|p2a: Mew|evasion|2\n|move|p2a: Mew|Metronome|p2a: Mew\n|move|p2a: Mew|Thrash|p1a: Mew|[from]move: Metronome\n|-damage|p1a: Mew|16\/100\n|\n|-heal|p2a: Mew|94\/100 psn|[from] item: Leftovers\n|-heal|p1a: Mew|22\/100|[from] item: Leftovers\n|-damage|p2a: Mew|82\/100 psn|[from] psn\n|upkeep\n|turn|57\n|\n|t:|1698308826\n|move|p1a: Mew|Metronome|p1a: Mew\n|move|p1a: Mew|Freeze-Dry|p2a: Mew|[from]move: Metronome\n|-damage|p2a: Mew|65\/100 psn\n|move|p2a: Mew|Thrash|p1a: Mew|[from]lockedmove\n|-damage|p1a: Mew|0 fnt\n|faint|p1a: Mew\n|\n|win|Fadoka\n|c|\u2606Fadoka|gg kid\n","uploadtime":1698308841,"views":7,"p1id":"imtachi","p2id":"fadoka","formatid":"gen9anythinggoes","rating":0,"private":0,"password":""}