{"id":"gen9anythinggoes-1999130426","p1":"Twerpymebs","p2":"Mr Lakewood","format":"[Gen 9] Anything Goes","log":"|j|\u2606Twerpymebs\n|j|\u2606Mr Lakewood\n|t:|1701036419\n|gametype|singles\n|player|p1|Twerpymebs|102|1184\n|player|p2|Mr Lakewood|169|1000\n|teamsize|p1|6\n|teamsize|p2|6\n|gen|9\n|tier|[Gen 9] Anything Goes\n|rated|\n|rule|HP Percentage Mod: HP is shown in percentages\n|rule|Endless Battle Clause: Forcing endless battles is banned\n|clearpoke\n|poke|p1|Spinarak, F|\n|poke|p1|Quaquaval, F|\n|poke|p1|Bergmite, M|\n|poke|p1|Sableye, F|\n|poke|p1|Duskull, M|\n|poke|p1|Lucario, F|\n|poke|p2|Maushold-Four|\n|poke|p2|Flutter Mane|\n|poke|p2|Miraidon|\n|poke|p2|Rabsca, M|\n|poke|p2|Garganacl, F|\n|poke|p2|Houndstone, M|\n|teampreview\n|\n|t:|1701036429\n|start\n|switch|p1a: L|Lucario, F|100\/100\n|switch|p2a: Maushold|Maushold-Four|100\/100\n|turn|1\n|\n|t:|1701036433\n|move|p2a: Maushold|Population Bomb|p1a: L\n|-resisted|p1a: L\n|-damage|p1a: L|92\/100\n|-resisted|p1a: L\n|-damage|p1a: L|83\/100\n|-resisted|p1a: L\n|-damage|p1a: L|74\/100\n|-resisted|p1a: L\n|-damage|p1a: L|65\/100\n|-resisted|p1a: L\n|-damage|p1a: L|56\/100\n|-resisted|p1a: L\n|-damage|p1a: L|47\/100\n|-resisted|p1a: L\n|-damage|p1a: L|38\/100\n|-resisted|p1a: L\n|-damage|p1a: L|28\/100\n|-resisted|p1a: L\n|-damage|p1a: L|19\/100\n|-resisted|p1a: L\n|-damage|p1a: L|9\/100\n|-hitcount|p1a: L|10\n|move|p1a: L|Nasty Plot|p1a: L\n|-boost|p1a: L|spa|2\n|\n|upkeep\n|turn|2\n|\n|t:|1701036438\n|move|p1a: L|Vacuum Wave|p2a: Maushold\n|-supereffective|p2a: Maushold\n|-damage|p2a: Maushold|0 fnt\n|faint|p2a: Maushold\n|\n|upkeep\n|\n|t:|1701036442\n|switch|p2a: Flutter Mane|Flutter Mane, shiny|100\/100\n|turn|3\n|\n|t:|1701036451\n|move|p2a: Flutter Mane|Mystical Fire|p1a: L\n|-supereffective|p1a: L\n|-damage|p1a: L|0 fnt\n|faint|p1a: L\n|-damage|p2a: Flutter Mane|91\/100|[from] item: Life Orb\n|\n|upkeep\n|\n|t:|1701036453\n|switch|p1a: L|Spinarak, F, shiny|100\/100\n|turn|4\n|\n|t:|1701036460\n|move|p2a: Flutter Mane|Mystical Fire|p1a: L\n|-supereffective|p1a: L\n|-enditem|p1a: L|Focus Sash\n|-damage|p1a: L|1\/100\n|-unboost|p1a: L|spa|1\n|-damage|p2a: Flutter Mane|81\/100|[from] item: Life Orb\n|move|p1a: L|Sticky Web|p2a: Flutter Mane\n|-sidestart|p2: Mr Lakewood|move: Sticky Web\n|\n|upkeep\n|turn|5\n|\n|t:|1701036469\n|-end|p2a: Flutter Mane|Protosynthesis|[silent]\n|switch|p2a: Rabsca|Rabsca, M, shiny|100\/100\n|-activate|p2a: Rabsca|move: Sticky Web\n|-unboost|p2a: Rabsca|spe|1\n|move|p1a: L|Toxic|p2a: Rabsca\n|-status|p2a: Rabsca|tox\n|-activate|p2a: Rabsca|ability: Synchronize\n|-immune|p1a: L\n|\n|-damage|p2a: Rabsca|94\/100 tox|[from] psn\n|upkeep\n|turn|6\n|inactive|Battle timer is ON: inactive players will automatically lose when time's up. (requested by Twerpymebs)\n|\n|t:|1701036474\n|move|p1a: L|Infestation|p2a: Rabsca\n|-supereffective|p2a: Rabsca\n|-damage|p2a: Rabsca|88\/100 tox\n|-activate|p2a: Rabsca|move: Infestation|[of] p1a: L\n|move|p2a: Rabsca|Revival Blessing|p2a: Rabsca\n|-enditem|p2a: Rabsca|Leppa Berry|[eat]\n|-activate|p2a: Rabsca|item: Leppa Berry|Revival Blessing|[consumed]\n|\n|t:|1701036480\n|-heal|p2: Maushold|50\/100|[from] move: Revival Blessing\n|\n|-damage|p2a: Rabsca|75\/100 tox|[from] psn\n|-damage|p2a: Rabsca|63\/100 tox|[from] move: Infestation|[partiallytrapped]\n|upkeep\n|turn|7\n|\n|t:|1701036497\n|move|p1a: L|Protect|p1a: L\n|-singleturn|p1a: L|Protect\n|move|p2a: Rabsca|Memento|p1a: L\n|-activate|p1a: L|move: Protect\n|\n|-damage|p2a: Rabsca|44\/100 tox|[from] psn\n|-damage|p2a: Rabsca|32\/100 tox|[from] move: Infestation|[partiallytrapped]\n|upkeep\n|turn|8\n|\n|t:|1701036504\n|move|p1a: L|Infestation|p2a: Rabsca\n|-supereffective|p2a: Rabsca\n|-damage|p2a: Rabsca|25\/100 tox\n|move|p2a: Rabsca|Recover|p2a: Rabsca\n|-heal|p2a: Rabsca|75\/100 tox\n|\n|-damage|p2a: Rabsca|50\/100 tox|[from] psn\n|-damage|p2a: Rabsca|38\/100 tox|[from] move: Infestation|[partiallytrapped]\n|upkeep\n|turn|9\n|\n|t:|1701036508\n|move|p1a: L|Infestation|p2a: Rabsca\n|-supereffective|p2a: Rabsca\n|-damage|p2a: Rabsca|31\/100 tox\n|move|p2a: Rabsca|Recover|p2a: Rabsca\n|-heal|p2a: Rabsca|81\/100 tox\n|\n|-damage|p2a: Rabsca|50\/100 tox|[from] psn\n|-damage|p2a: Rabsca|37\/100 tox|[from] move: Infestation|[partiallytrapped]\n|upkeep\n|turn|10\n|\n|t:|1701036511\n|move|p1a: L|Infestation|p2a: Rabsca\n|-supereffective|p2a: Rabsca\n|-damage|p2a: Rabsca|30\/100 tox\n|move|p2a: Rabsca|Memento|p1a: L\n|-unboost|p1a: L|atk|2\n|-unboost|p1a: L|spa|2\n|faint|p2a: Rabsca\n|\n|upkeep\n|\n|t:|1701036516\n|switch|p2a: DeMarco|Miraidon|100\/100\n|-activate|p2a: DeMarco|move: Sticky Web\n|-unboost|p2a: DeMarco|spe|1\n|-fieldstart|move: Electric Terrain|[from] ability: Hadron Engine|[of] p2a: DeMarco\n|turn|11\n|\n|t:|1701036519\n|move|p2a: DeMarco|Power Gem|p1a: L\n|-supereffective|p1a: L\n|-damage|p1a: L|0 fnt\n|faint|p1a: L\n|\n|upkeep\n|\n|t:|1701036521\n|switch|p1a: L|Sableye, F|100\/100\n|turn|12\n|\n|t:|1701036531\n|move|p1a: L|Light Screen|p1a: L\n|-sidestart|p1: Twerpymebs|move: Light Screen\n|move|p2a: DeMarco|Electro Drift|p1a: L\n|-damage|p1a: L|3\/100\n|\n|upkeep\n|turn|13\n|\n|t:|1701036537\n|move|p1a: L|Reflect|p1a: L\n|-sidestart|p1: Twerpymebs|Reflect\n|move|p2a: DeMarco|Electro Drift|p1a: L\n|-damage|p1a: L|0 fnt\n|faint|p1a: L\n|\n|upkeep\n|\n|t:|1701036539\n|switch|p1a: L|Bergmite, M, shiny|100\/100\n|turn|14\n|\n|t:|1701036544\n|move|p2a: DeMarco|Electro Drift|p1a: L\n|-ability|p1a: L|Sturdy\n|-damage|p1a: L|1\/100\n|move|p1a: L|Mirror Coat|p2a: DeMarco\n|-damage|p2a: DeMarco|0 fnt\n|faint|p2a: DeMarco\n|\n|upkeep\n|\n|t:|1701036551\n|switch|p2a: Maushold|Maushold-Four|50\/100\n|-activate|p2a: Maushold|move: Sticky Web\n|-unboost|p2a: Maushold|spe|1\n|turn|15\n|\n|t:|1701036553\n|move|p2a: Maushold|Tidy Up|p2a: Maushold\n|-sideend|p2: Mr Lakewood|Sticky Web\n|-activate|p2a: Maushold|move: Tidy Up\n|-boost|p2a: Maushold|atk|1\n|-boost|p2a: Maushold|spe|1\n|move|p1a: L|Icy Wind|p2a: Maushold\n|-damage|p2a: Maushold|33\/100\n|-unboost|p2a: Maushold|spe|1\n|\n|-fieldend|move: Electric Terrain\n|upkeep\n|turn|16\n|\n|t:|1701036557\n|move|p2a: Maushold|Population Bomb|p1a: L\n|-damage|p1a: L|0 fnt\n|faint|p1a: L\n|-hitcount|p1: L|1\n|\n|upkeep\n|\n|t:|1701036558\n|switch|p1a: L|Quaquaval, F|100\/100\n|turn|17\n|\n|t:|1701036562\n|switch|p2a: Flutter Mane|Flutter Mane, shiny|81\/100\n|-terastallize|p1a: L|Ghost\n|move|p1a: L|Aqua Step|p2a: Flutter Mane\n|-damage|p2a: Flutter Mane|0 fnt\n|-boost|p1a: L|spe|1\n|faint|p2a: Flutter Mane\n|-end|p2a: Flutter Mane|Protosynthesis|[silent]\n|-ability|p1a: L|Moxie|boost\n|-boost|p1a: L|atk|1\n|\n|upkeep\n|\n|t:|1701036573\n|switch|p2a: Houndstone|Houndstone, M|100\/100\n|turn|18\n|\n|t:|1701036579\n|move|p1a: L|Knock Off|p2a: Houndstone\n|-supereffective|p2a: Houndstone\n|-damage|p2a: Houndstone|52\/100\n|-enditem|p2a: Houndstone|Assault Vest|[from] move: Knock Off|[of] p1a: L\n|move|p2a: Houndstone|Last Respects|p1a: L\n|-supereffective|p1a: L\n|-damage|p1a: L|0 fnt\n|faint|p1a: L\n|\n|upkeep\n|\n|t:|1701036581\n|switch|p1a: L|Duskull, M, shiny|100\/100\n|turn|19\n|\n|t:|1701036588\n|move|p2a: Houndstone|Last Respects|p1a: L\n|-supereffective|p1a: L\n|-damage|p1a: L|0 fnt\n|faint|p1a: L\n|\n|win|Mr Lakewood\n|raw|Twerpymebs's rating: 1184 &rarr; <strong>1147<\/strong><br \/>(-37 for losing)\n|raw|Mr Lakewood's rating: 1000 &rarr; <strong>1059<\/strong><br \/>(+59 for winning)\n|l|\u2606Twerpymebs\n","uploadtime":1701036592,"views":0,"p1id":"twerpymebs","p2id":"mrlakewood","formatid":"gen9anythinggoes","rating":1059,"private":0,"password":""}