{"id":"gen9anythinggoes-1971441955","p1":"TrainerDemon24","p2":"lolpoopopoo","format":"[Gen 9] Anything Goes","log":"|j|\u2606TrainerDemon24\n|j|\u2606lolpoopopoo\n|t:|1697738791\n|gametype|singles\n|player|p1|TrainerDemon24|gambler|1000\n|player|p2|lolpoopopoo|169|1000\n|teamsize|p1|6\n|teamsize|p2|6\n|gen|9\n|tier|[Gen 9] Anything Goes\n|rated|\n|rule|HP Percentage Mod: HP is shown in percentages\n|rule|Endless Battle Clause: Forcing endless battles is banned\n|clearpoke\n|poke|p1|Darkrai|\n|poke|p1|Zamazenta-*|\n|poke|p1|Baxcalibur, F|\n|poke|p1|Annihilape, M|\n|poke|p1|Charizard, M|\n|poke|p1|Urshifu-*, F|\n|poke|p2|Ceruledge, M|\n|poke|p2|Annihilape, F|\n|poke|p2|Glimmora, M|\n|poke|p2|Skeledirge, M|\n|poke|p2|Kingambit, F|\n|poke|p2|Arceus-Flying|\n|teampreview\n|\n|t:|1697738798\n|start\n|switch|p1a: Big blue balls|Baxcalibur, F|100\/100\n|switch|p2a: Glimmora|Glimmora, M|100\/100\n|turn|1\n|\n|t:|1697738807\n|move|p1a: Big blue balls|Earthquake|p2a: Glimmora\n|-supereffective|p2a: Glimmora\n|-enditem|p2a: Glimmora|Focus Sash\n|-damage|p2a: Glimmora|1\/100\n|-activate|p2a: Glimmora|ability: Toxic Debris\n|-sidestart|p1: TrainerDemon24|move: Toxic Spikes\n|move|p2a: Glimmora|Sludge Wave|p1a: Big blue balls\n|-damage|p1a: Big blue balls|53\/100\n|\n|-heal|p1a: Big blue balls|59\/100|[from] item: Leftovers\n|upkeep\n|turn|2\n|\n|t:|1697738819\n|move|p1a: Big blue balls|Earthquake|p2a: Glimmora\n|-supereffective|p2a: Glimmora\n|-damage|p2a: Glimmora|0 fnt\n|-activate|p2a: Glimmora|ability: Toxic Debris\n|-sidestart|p1: TrainerDemon24|move: Toxic Spikes\n|faint|p2a: Glimmora\n|\n|-heal|p1a: Big blue balls|65\/100|[from] item: Leftovers\n|upkeep\n|\n|t:|1697738833\n|switch|p2a: Annihilape|Annihilape, F|100\/100\n|turn|3\n|\n|t:|1697738837\n|move|p1a: Big blue balls|Dragon Pulse|p2a: Annihilape\n|-damage|p2a: Annihilape|75\/100\n|move|p2a: Annihilape|Bulk Up|p2a: Annihilape\n|-boost|p2a: Annihilape|atk|1\n|-boost|p2a: Annihilape|def|1\n|\n|-heal|p1a: Big blue balls|71\/100|[from] item: Leftovers\n|upkeep\n|turn|4\n|\n|t:|1697738846\n|-terastallize|p1a: Big blue balls|Dragon\n|move|p1a: Big blue balls|Dragon Pulse|p2a: Annihilape\n|-damage|p2a: Annihilape|40\/100\n|move|p2a: Annihilape|Bulk Up|p2a: Annihilape\n|-boost|p2a: Annihilape|atk|1\n|-boost|p2a: Annihilape|def|1\n|\n|-heal|p1a: Big blue balls|77\/100|[from] item: Leftovers\n|upkeep\n|turn|5\n|\n|t:|1697738858\n|move|p1a: Big blue balls|Dragon Pulse|p2a: Annihilape\n|-damage|p2a: Annihilape|0 fnt\n|faint|p2a: Annihilape\n|\n|-heal|p1a: Big blue balls|84\/100|[from] item: Leftovers\n|upkeep\n|\n|t:|1697738868\n|switch|p2a: Ceruledge|Ceruledge, M, shiny|100\/100\n|turn|6\n|\n|t:|1697738871\n|move|p1a: Big blue balls|Earthquake|p2a: Ceruledge\n|-supereffective|p2a: Ceruledge\n|-damage|p2a: Ceruledge|10\/100\n|-ability|p2a: Ceruledge|Weak Armor|boost\n|-unboost|p2a: Ceruledge|def|1\n|-boost|p2a: Ceruledge|spe|2\n|move|p2a: Ceruledge|Swords Dance|p2a: Ceruledge\n|-boost|p2a: Ceruledge|atk|2\n|\n|-heal|p1a: Big blue balls|90\/100|[from] item: Leftovers\n|upkeep\n|turn|7\n|\n|t:|1697738884\n|move|p2a: Ceruledge|Bitter Blade|p1a: Big blue balls\n|-resisted|p1a: Big blue balls\n|-damage|p1a: Big blue balls|42\/100\n|-heal|p2a: Ceruledge|41\/100|[from] drain|[of] p1a: Big blue balls\n|-ability|p1a: Big blue balls|Thermal Exchange|boost\n|-boost|p1a: Big blue balls|atk|1\n|move|p1a: Big blue balls|Earthquake|p2a: Ceruledge\n|-supereffective|p2a: Ceruledge\n|-damage|p2a: Ceruledge|0 fnt\n|faint|p2a: Ceruledge\n|\n|-heal|p1a: Big blue balls|48\/100|[from] item: Leftovers\n|upkeep\n|\n|t:|1697738894\n|switch|p2a: Arceus|Arceus-Flying|100\/100\n|turn|8\n|\n|t:|1697738897\n|move|p2a: Arceus|Judgment|p1a: Big blue balls\n|-damage|p1a: Big blue balls|0 fnt\n|faint|p1a: Big blue balls\n|\n|upkeep\n|\n|t:|1697738904\n|switch|p1a: Zamazenta|Zamazenta-Crowned|100\/100\n|-ability|p1a: Zamazenta|Dauntless Shield|boost\n|-boost|p1a: Zamazenta|def|1\n|turn|9\n|\n|t:|1697738915\n|switch|p1a: Charizard|Charizard, M|100\/100\n|move|p2a: Arceus|Recover||[still]\n|-fail|p2a: Arceus|heal\n|\n|upkeep\n|turn|10\n|\n|t:|1697738921\n|move|p2a: Arceus|Calm Mind|p2a: Arceus\n|-boost|p2a: Arceus|spa|1\n|-boost|p2a: Arceus|spd|1\n|move|p1a: Charizard|Fire Blast|p2a: Arceus\n|-damage|p2a: Arceus|78\/100\n|\n|upkeep\n|turn|11\n|\n|t:|1697738929\n|move|p2a: Arceus|Calm Mind|p2a: Arceus\n|-boost|p2a: Arceus|spa|1\n|-boost|p2a: Arceus|spd|1\n|move|p1a: Charizard|Dragon Claw|p2a: Arceus\n|-crit|p2a: Arceus\n|-damage|p2a: Arceus|62\/100\n|\n|upkeep\n|turn|12\n|\n|t:|1697738937\n|move|p2a: Arceus|Calm Mind|p2a: Arceus\n|-boost|p2a: Arceus|spa|1\n|-boost|p2a: Arceus|spd|1\n|move|p1a: Charizard|Fire Blast|p2a: Arceus\n|-damage|p2a: Arceus|50\/100\n|\n|upkeep\n|turn|13\n|\n|t:|1697738944\n|move|p2a: Arceus|Calm Mind|p2a: Arceus\n|-boost|p2a: Arceus|spa|1\n|-boost|p2a: Arceus|spd|1\n|move|p1a: Charizard|Focus Blast|p2a: Arceus|[miss]\n|-miss|p1a: Charizard|p2a: Arceus\n|\n|upkeep\n|turn|14\n|\n|t:|1697738950\n|move|p2a: Arceus|Calm Mind|p2a: Arceus\n|-boost|p2a: Arceus|spa|1\n|-boost|p2a: Arceus|spd|1\n|move|p1a: Charizard|Air Slash|p2a: Arceus\n|-damage|p2a: Arceus|43\/100\n|\n|upkeep\n|turn|15\n|\n|t:|1697738959\n|switch|p1a: Zamazenta|Zamazenta-Crowned|100\/100\n|move|p2a: Arceus|Calm Mind|p2a: Arceus\n|-boost|p2a: Arceus|spa|1\n|-boost|p2a: Arceus|spd|1\n|\n|upkeep\n|turn|16\n|\n|t:|1697738965\n|move|p2a: Arceus|Recover|p2a: Arceus\n|-heal|p2a: Arceus|93\/100\n|move|p1a: Zamazenta|Hyper Voice|p2a: Arceus\n|-damage|p2a: Arceus|89\/100\n|\n|upkeep\n|turn|17\n|\n|t:|1697738972\n|move|p2a: Arceus|Judgment|p1a: Zamazenta\n|-damage|p1a: Zamazenta|0 fnt\n|faint|p1a: Zamazenta\n|\n|upkeep\n|\n|t:|1697738977\n|switch|p1a: Big Dark balls|Darkrai|100\/100\n|-status|p1a: Big Dark balls|tox\n|turn|18\n|\n|t:|1697738982\n|move|p2a: Arceus|Judgment|p1a: Big Dark balls\n|-damage|p1a: Big Dark balls|0 fnt\n|faint|p1a: Big Dark balls\n|\n|upkeep\n|\n|t:|1697738987\n|switch|p1a: Annihilape|Annihilape, M|100\/100\n|-status|p1a: Annihilape|tox\n|turn|19\n|\n|t:|1697738990\n|move|p2a: Arceus|Judgment|p1a: Annihilape\n|-supereffective|p1a: Annihilape\n|-damage|p1a: Annihilape|0 fnt\n|faint|p1a: Annihilape\n|\n|upkeep\n|\n|t:|1697738995\n|switch|p1a: Urshifu|Urshifu-Rapid-Strike, F|100\/100\n|-status|p1a: Urshifu|tox\n|turn|20\n|\n|t:|1697739000\n|move|p2a: Arceus|Judgment|p1a: Urshifu\n|-supereffective|p1a: Urshifu\n|-damage|p1a: Urshifu|0 fnt\n|faint|p1a: Urshifu\n|\n|upkeep\n|c|\u2606TrainerDemon24|f u\n|\n|t:|1697739009\n|switch|p1a: Charizard|Charizard, M|100\/100\n|turn|21\n|c|\u2606TrainerDemon24|chicken\n|n|\u2606lolpoopopoo|lolpoopopoo\n|c|\u2606TrainerDemon24|fight me without bulk up\n|c|\u2606TrainerDemon24|dick\n|c|\u2606lolpoopopoo|u plotting on my dock\n|c|\u2606lolpoopopoo|bitchboy\n|c|\u2606TrainerDemon24|ya dickhead\n|c|\u2606lolpoopopoo|never used bulk up\n|c|\u2606lolpoopopoo|spaz tard\n|\n|t:|1697739060\n|move|p2a: Arceus|Recover|p2a: Arceus\n|-heal|p2a: Arceus|100\/100\n|move|p1a: Charizard|Fire Blast|p2a: Arceus\n|-damage|p2a: Arceus|91\/100\n|\n|upkeep\n|turn|22\n|c|\u2606TrainerDemon24|thats why your gay and a bitch\n|\n|t:|1697739086\n|move|p2a: Arceus|Recover|p2a: Arceus\n|-heal|p2a: Arceus|100\/100\n|move|p1a: Charizard|Dragon Claw|p2a: Arceus\n|-damage|p2a: Arceus|89\/100\n|\n|upkeep\n|turn|23\n|c|\u2606lolpoopopoo|shut up u virgin\n|c|\u2606lolpoopopoo|zero puss\n|c|\u2606TrainerDemon24|shut up bitch ass mother fer\n|\n|t:|1697739131\n|move|p2a: Arceus|Recover|p2a: Arceus\n|-heal|p2a: Arceus|100\/100\n|move|p1a: Charizard|Air Slash|p2a: Arceus\n|-damage|p2a: Arceus|95\/100\n|\n|upkeep\n|turn|24\n|c|\u2606lolpoopopoo|haha\n|c|\u2606lolpoopopoo|lose ur virginity before talking to me\n|c|\u2606lolpoopopoo|u small dick loser\n|c|\u2606TrainerDemon24|I did ha\n|\n|t:|1697739162\n|move|p2a: Arceus|Grass Knot|p1a: Charizard\n|-resisted|p1a: Charizard\n|-crit|p1a: Charizard\n|-damage|p1a: Charizard|57\/100\n|move|p1a: Charizard|Focus Blast|p2a: Arceus\n|-resisted|p2a: Arceus\n|-damage|p2a: Arceus|92\/100\n|-unboost|p2a: Arceus|spd|1\n|\n|-heal|p1a: Charizard|63\/100|[from] item: Leftovers\n|upkeep\n|turn|25\n|c|\u2606lolpoopopoo|it doesnt count if its to ur sister\n|\n|t:|1697739174\n|move|p2a: Arceus|Recover|p2a: Arceus\n|-heal|p2a: Arceus|100\/100\n|move|p1a: Charizard|Dragon Claw|p2a: Arceus\n|-damage|p2a: Arceus|90\/100\n|\n|-heal|p1a: Charizard|69\/100|[from] item: Leftovers\n|upkeep\n|turn|26\n|c|\u2606TrainerDemon24|na it is your mom\n|c|\u2606TrainerDemon24|ha dick head and your sister\n|\n|t:|1697739196\n|move|p2a: Arceus|Grass Knot|p1a: Charizard\n|-resisted|p1a: Charizard\n|-damage|p1a: Charizard|39\/100\n|move|p1a: Charizard|Air Slash|p2a: Arceus\n|-damage|p2a: Arceus|84\/100\n|\n|-heal|p1a: Charizard|45\/100|[from] item: Leftovers\n|upkeep\n|turn|27\n|c|\u2606lolpoopopoo|my sister is 6 years old\n|c|\u2606lolpoopopoo|u weirdo\n|c|\u2606TrainerDemon24|lol dude my brother was talking my bad\n|c|\u2606lolpoopopoo|LMAOOOOO\n|c|\u2606TrainerDemon24|so sorry\n|\n|t:|1697739234\n|move|p2a: Arceus|Grass Knot|p1a: Charizard\n|-resisted|p1a: Charizard\n|-damage|p1a: Charizard|20\/100\n|move|p1a: Charizard|Fire Blast|p2a: Arceus\n|-damage|p2a: Arceus|70\/100\n|\n|-heal|p1a: Charizard|26\/100|[from] item: Leftovers\n|upkeep\n|turn|28\n|c|\u2606TrainerDemon24|hahah\n|\n|t:|1697739246\n|move|p2a: Arceus|Recover|p2a: Arceus\n|-heal|p2a: Arceus|100\/100\n|move|p1a: Charizard|Focus Blast|p2a: Arceus\n|-resisted|p2a: Arceus\n|-damage|p2a: Arceus|97\/100\n|\n|-heal|p1a: Charizard|32\/100|[from] item: Leftovers\n|upkeep\n|turn|29\n|c|\u2606TrainerDemon24|gg thoah\n|\n|t:|1697739262\n|move|p2a: Arceus|Judgment|p1a: Charizard\n|-damage|p1a: Charizard|0 fnt\n|faint|p1a: Charizard\n|\n|win|lolpoopopoo\n|raw|TrainerDemon24's rating: 1000 &rarr; <strong>1000<\/strong><br \/>(+0 for losing)\n|raw|lolpoopopoo's rating: 1000 &rarr; <strong>1040<\/strong><br \/>(+40 for winning)\n","uploadtime":1697739150,"views":5,"p1id":"trainerdemon24","p2id":"lolpoopopoo","formatid":"gen9anythinggoes","rating":1000,"private":0,"password":""}