{"id":"gen9anythinggoes-1981934701","p1":"i'm drunk xd","p2":"robbobjob","format":"[Gen 9] Anything Goes","log":"|j|\u2606i'm drunk xd\n|j|\u2606robbobjob\n|t:|1698952961\n|gametype|singles\n|player|p1|i'm drunk xd|cynthia|1390\n|player|p2|robbobjob|steven|1535\n|teamsize|p1|6\n|teamsize|p2|6\n|gen|9\n|tier|[Gen 9] Anything Goes\n|rated|\n|rule|HP Percentage Mod: HP is shown in percentages\n|rule|Endless Battle Clause: Forcing endless battles is banned\n|clearpoke\n|poke|p1|Ogerpon, F|\n|poke|p1|Tinkaton, F|\n|poke|p1|Iron Valiant|\n|poke|p1|Gholdengo|\n|poke|p1|Grimmsnarl, M|\n|poke|p1|Miraidon|\n|poke|p2|Zacian-*|\n|poke|p2|Calyrex-Shadow|\n|poke|p2|Regieleki|\n|poke|p2|Koraidon|\n|poke|p2|Kyogre|\n|poke|p2|Ogerpon-Hearthflame, F|\n|teampreview\n|inactive|Battle timer is ON: inactive players will automatically lose when time's up. (requested by robbobjob)\n|c|\u2606i'm drunk xd|every mon you faint I take a drink\n|c|\u2606i'm drunk xd|if you win, I have to down\n|inactive|i'm drunk xd has 120 seconds left.\n|\n|t:|1698953029\n|start\n|switch|p1a: e621|Miraidon|100\/100\n|switch|p2a: Zacian|Zacian-Crowned|100\/100\n|-fieldstart|move: Electric Terrain|[from] ability: Hadron Engine|[of] p1a: e621\n|-ability|p2a: Zacian|Intrepid Sword|boost\n|-boost|p2a: Zacian|atk|1\n|turn|1\n|c|\u2606robbobjob|sounds good to me lol\n|\n|t:|1698953038\n|move|p1a: e621|Volt Switch|p2a: Zacian\n|-damage|p2a: Zacian|35\/100\n|\n|t:|1698953045\n|switch|p1a: Pawn Shop|Gholdengo, shiny|100\/100|[from] Volt Switch\n|move|p2a: Zacian|Play Rough|p1a: Pawn Shop\n|-resisted|p1a: Pawn Shop\n|-damage|p1a: Pawn Shop|54\/100\n|\n|upkeep\n|turn|2\n|\n|t:|1698953054\n|move|p1a: Pawn Shop|Shadow Ball|p2a: Zacian\n|-damage|p2a: Zacian|0 fnt\n|faint|p2a: Zacian\n|\n|upkeep\n|\n|t:|1698953069\n|switch|p2a: Calyrex|Calyrex-Shadow|100\/100\n|-ability|p2a: Calyrex|As One\n|-ability|p2a: Calyrex|Unnerve\n|turn|3\n|\n|t:|1698953078\n|switch|p1a: Murder Drone|Iron Valiant, shiny|100\/100\n|-activate|p1a: Murder Drone|ability: Quark Drive\n|-start|p1a: Murder Drone|quarkdrivespe\n|move|p2a: Calyrex|Astral Barrage|p1a: Murder Drone\n|-enditem|p1a: Murder Drone|Focus Sash\n|-damage|p1a: Murder Drone|1\/100\n|\n|upkeep\n|turn|4\n|\n|t:|1698953089\n|move|p1a: Murder Drone|Destiny Bond|p1a: Murder Drone\n|-singlemove|p1a: Murder Drone|Destiny Bond\n|move|p2a: Calyrex|Psychic|p1a: Murder Drone\n|-supereffective|p1a: Murder Drone\n|-damage|p1a: Murder Drone|0 fnt\n|faint|p1a: Murder Drone\n|-activate|p1a: Murder Drone|move: Destiny Bond\n|-end|p1a: Murder Drone|Quark Drive|[silent]\n|faint|p2a: Calyrex\n|\n|upkeep\n|\n|t:|1698953100\n|switch|p2a: Kyogre|Kyogre|100\/100\n|switch|p1a: Drinkaton|Tinkaton, F|100\/100\n|-weather|RainDance|[from] ability: Drizzle|[of] p2a: Kyogre\n|turn|5\n|\n|t:|1698953108\n|move|p1a: Drinkaton|Stealth Rock|p2a: Kyogre\n|-sidestart|p2: robbobjob|move: Stealth Rock\n|move|p2a: Kyogre|Water Spout|p1a: Drinkaton\n|-enditem|p1a: Drinkaton|Focus Sash\n|-damage|p1a: Drinkaton|1\/100\n|\n|-weather|RainDance|[upkeep]\n|-fieldend|move: Electric Terrain\n|upkeep\n|turn|6\n|\n|t:|1698953116\n|move|p1a: Drinkaton|Knock Off|p2a: Kyogre\n|-damage|p2a: Kyogre|78\/100\n|-enditem|p2a: Kyogre|Assault Vest|[from] move: Knock Off|[of] p1a: Drinkaton\n|move|p2a: Kyogre|Ice Beam|p1a: Drinkaton\n|-resisted|p1a: Drinkaton\n|-damage|p1a: Drinkaton|0 fnt\n|faint|p1a: Drinkaton\n|\n|-weather|RainDance|[upkeep]\n|upkeep\n|\n|t:|1698953130\n|switch|p1a: e621|Miraidon|100\/100\n|-fieldstart|move: Electric Terrain|[from] ability: Hadron Engine|[of] p1a: e621\n|turn|7\n|\n|t:|1698953137\n|-terastallize|p2a: Kyogre|Ground\n|move|p1a: e621|Volt Switch|p2a: Kyogre\n|-immune|p2a: Kyogre\n|move|p2a: Kyogre|Ice Beam|p1a: e621\n|-supereffective|p1a: e621\n|-damage|p1a: e621|35\/100\n|\n|-weather|RainDance|[upkeep]\n|upkeep\n|turn|8\n|c|\u2606i'm drunk xd|you cheeky bastard\n|\n|t:|1698953150\n|switch|p1a: Kain|Grimmsnarl, M, shiny|100\/100\n|move|p2a: Kyogre|Ice Beam|p1a: Kain\n|-damage|p1a: Kain|63\/100\n|\n|-weather|RainDance|[upkeep]\n|upkeep\n|turn|9\n|\n|t:|1698953157\n|move|p1a: Kain|Light Screen|p1a: Kain\n|-sidestart|p1: i'm drunk xd|move: Light Screen\n|move|p2a: Kyogre|Origin Pulse|p1a: Kain\n|-damage|p1a: Kain|14\/100\n|\n|-weather|none\n|upkeep\n|turn|10\n|\n|t:|1698953164\n|move|p1a: Kain|Reflect|p1a: Kain\n|-sidestart|p1: i'm drunk xd|Reflect\n|move|p2a: Kyogre|Origin Pulse|p1a: Kain\n|-damage|p1a: Kain|0 fnt\n|faint|p1a: Kain\n|\n|upkeep\n|\n|t:|1698953169\n|switch|p1a: Cannapon|Ogerpon, F|100\/100\n|turn|11\n|\n|t:|1698953173\n|switch|p2a: Ogerpon|Ogerpon-Hearthflame, F|100\/100\n|-damage|p2a: Ogerpon|76\/100|[from] Stealth Rock\n|-ability|p2a: Ogerpon|Mold Breaker\n|move|p1a: Cannapon|Swords Dance|p1a: Cannapon\n|-boost|p1a: Cannapon|atk|2\n|\n|-fieldend|move: Electric Terrain\n|upkeep\n|turn|12\n|\n|t:|1698953181\n|move|p2a: Ogerpon|Ivy Cudgel|p1a: Cannapon\n|-supereffective|p1a: Cannapon\n|-damage|p1a: Cannapon|25\/100\n|-enditem|p1a: Cannapon|Weakness Policy\n|-boost|p1a: Cannapon|atk|2|[from] item: Weakness Policy\n|-boost|p1a: Cannapon|spa|2|[from] item: Weakness Policy\n|move|p1a: Cannapon|Swords Dance|p1a: Cannapon\n|-boost|p1a: Cannapon|atk|2\n|\n|upkeep\n|turn|13\n|\n|t:|1698953191\n|-terastallize|p1a: Cannapon|Grass\n|detailschange|p1a: Cannapon|Ogerpon-Teal-Tera, F, tera:Grass\n|-ability|p1a: Cannapon|Embody Aspect (Teal)|boost\n|-boost|p1a: Cannapon|spe|1\n|move|p1a: Cannapon|Knock Off|p2a: Ogerpon\n|-damage|p2a: Ogerpon|0 fnt\n|faint|p2a: Ogerpon\n|\n|upkeep\n|\n|t:|1698953209\n|switch|p2a: Koraidon|Koraidon|100\/100\n|-damage|p2a: Koraidon|94\/100|[from] Stealth Rock\n|-weather|SunnyDay|[from] ability: Orichalcum Pulse|[of] p2a: Koraidon\n|-activate|p2a: Koraidon|Orichalcum Pulse|[source]\n|turn|14\n|\n|t:|1698953215\n|move|p2a: Koraidon|Flare Blitz|p1a: Cannapon\n|-supereffective|p1a: Cannapon\n|-damage|p1a: Cannapon|0 fnt\n|faint|p1a: Cannapon\n|-damage|p2a: Koraidon|87\/100|[from] Recoil\n|\n|-weather|SunnyDay|[upkeep]\n|upkeep\n|c|\u2606i'm drunk xd|scarfed huh?\n|\n|t:|1698953224\n|switch|p1a: e621|Miraidon|35\/100\n|-fieldstart|move: Electric Terrain|[from] ability: Hadron Engine|[of] p1a: e621\n|turn|15\n|\n|t:|1698953229\n|switch|p2a: Kyogre|Kyogre, tera:Ground|78\/100\n|-damage|p2a: Kyogre|72\/100|[from] Stealth Rock\n|-weather|RainDance|[from] ability: Drizzle|[of] p2a: Kyogre\n|move|p1a: e621|Draco Meteor|p2a: Kyogre\n|-damage|p2a: Kyogre|14\/100\n|-unboost|p1a: e621|spa|2\n|\n|-weather|RainDance|[upkeep]\n|upkeep\n|turn|16\n|\n|t:|1698953241\n|move|p1a: e621|Draco Meteor|p2a: Kyogre\n|-damage|p2a: Kyogre|0 fnt\n|-unboost|p1a: e621|spa|2\n|faint|p2a: Kyogre\n|\n|-weather|RainDance|[upkeep]\n|-sideend|p1: i'm drunk xd|move: Light Screen\n|upkeep\n|\n|t:|1698953248\n|switch|p2a: Koraidon|Koraidon|87\/100\n|-damage|p2a: Koraidon|81\/100|[from] Stealth Rock\n|-weather|SunnyDay|[from] ability: Orichalcum Pulse|[of] p2a: Koraidon\n|-activate|p2a: Koraidon|Orichalcum Pulse|[source]\n|turn|17\n|\n|t:|1698953254\n|switch|p1a: Pawn Shop|Gholdengo, shiny|54\/100\n|move|p2a: Koraidon|Outrage|p1a: Pawn Shop\n|-resisted|p1a: Pawn Shop\n|-damage|p1a: Pawn Shop|31\/100\n|\n|-weather|SunnyDay|[upkeep]\n|-sideend|p1: i'm drunk xd|Reflect\n|upkeep\n|turn|18\n|\n|t:|1698953264\n|move|p2a: Koraidon|Outrage|p1a: Pawn Shop|[from]lockedmove\n|-resisted|p1a: Pawn Shop\n|-damage|p1a: Pawn Shop|0 fnt\n|faint|p1a: Pawn Shop\n|\n|-weather|SunnyDay|[upkeep]\n|upkeep\n|\n|t:|1698953269\n|switch|p1a: e621|Miraidon|35\/100\n|-activate|p1a: e621|ability: Hadron Engine\n|turn|19\n|c|\u2606i'm drunk xd|fuck ima be shitfaaaaced\n|\n|t:|1698953287\n|move|p2a: Koraidon|Outrage|p1a: e621|[from]lockedmove\n|-supereffective|p1a: e621\n|-damage|p1a: e621|0 fnt\n|faint|p1a: e621\n|-start|p2a: Koraidon|confusion|[fatigue]\n|\n|win|robbobjob\n|raw|i&apos;m drunk xd's rating: 1390 &rarr; <strong>1378<\/strong><br \/>(-12 for losing)\n|raw|robbobjob's rating: 1535 &rarr; <strong>1547<\/strong><br \/>(+12 for winning)\n|c|\u2606robbobjob|gg LMAO\n|c|\u2606i'm drunk xd|hahahah gg\n|l|\u2606robbobjob\n|c|\u2606i'm drunk xd|time to die of liver failure\n","uploadtime":1698953351,"views":11,"p1id":"imdrunkxd","p2id":"robbobjob","formatid":"gen9anythinggoes","rating":1378,"private":0,"password":""}