{"id":"gen9anythinggoes-1990898360","p1":"slendy420","p2":"Kayleb1718","format":"[Gen 9] Anything Goes","log":"|j|\u2606slendy420\n|j|\u2606Kayleb1718\n|t:|1700012773\n|gametype|singles\n|player|p1|slendy420|roxie|1449\n|player|p2|Kayleb1718|lucas-gen4pt|1478\n|teamsize|p1|6\n|teamsize|p2|6\n|gen|9\n|tier|[Gen 9] Anything Goes\n|rated|\n|rule|HP Percentage Mod: HP is shown in percentages\n|rule|Endless Battle Clause: Forcing endless battles is banned\n|clearpoke\n|poke|p1|Toxapex, M|\n|poke|p1|Zacian-*|\n|poke|p1|Skeledirge, F|\n|poke|p1|Miraidon|\n|poke|p1|Samurott-Hisui, F|\n|poke|p1|Dragapult, M|\n|poke|p2|Zacian-*|\n|poke|p2|Calyrex-Shadow|\n|poke|p2|Urshifu-*, M|\n|poke|p2|Kingambit, F|\n|poke|p2|Miraidon|\n|poke|p2|Arceus-Fire|\n|teampreview\n|inactive|Battle timer is ON: inactive players will automatically lose when time's up. (requested by Kayleb1718)\n|\n|t:|1700012785\n|start\n|switch|p1a: Samurott|Samurott-Hisui, F, shiny|100\/100\n|switch|p2a: Arceus|Arceus-Fire|100\/100\n|turn|1\n|\n|t:|1700012791\n|move|p2a: Arceus|Stealth Rock|p1a: Samurott\n|-sidestart|p1: slendy420|move: Stealth Rock\n|move|p1a: Samurott|Knock Off|p2a: Arceus\n|-damage|p2a: Arceus|67\/100\n|-damage|p1a: Samurott|91\/100|[from] item: Life Orb\n|\n|upkeep\n|turn|2\n|\n|t:|1700012798\n|move|p2a: Arceus|Dragon Dance|p2a: Arceus\n|-boost|p2a: Arceus|atk|1\n|-boost|p2a: Arceus|spe|1\n|move|p1a: Samurott|Aqua Cutter|p2a: Arceus\n|-supereffective|p2a: Arceus\n|-damage|p2a: Arceus|0 fnt\n|faint|p2a: Arceus\n|-damage|p1a: Samurott|81\/100|[from] item: Life Orb\n|\n|upkeep\n|c|\u2606slendy420|rip god\n|\n|t:|1700012806\n|switch|p2a: Urshifu|Urshifu-Rapid-Strike, M|100\/100\n|turn|3\n|\n|t:|1700012811\n|move|p2a: Urshifu|Drain Punch|p1a: Samurott\n|-supereffective|p1a: Samurott\n|-damage|p1a: Samurott|9\/100\n|move|p1a: Samurott|Knock Off|p2a: Urshifu\n|-resisted|p2a: Urshifu\n|-damage|p2a: Urshifu|69\/100\n|-enditem|p2a: Urshifu|Leftovers|[from] move: Knock Off|[of] p1a: Samurott\n|-damage|p1a: Samurott|0 fnt|[from] item: Life Orb\n|faint|p1a: Samurott\n|\n|upkeep\n|c|\u2606slendy420|!weak urshifu rapid strike\n|c| slendy420|\/raw <div class=\"infobox\">Urshifu-Rapid-Strike (ignoring abilities):<br \/><span class=\"message-effect-weak\">Weaknesses<\/span>: Electric, Fairy, Flying, Grass, Psychic<br \/><span class=\"message-effect-resist\">Resistances<\/span>: Bug, Dark, Fire, Ice, Rock, Steel, Water<br \/><span class=\"message-effect-immune\">Immunities<\/span>: <font color=#999999>None<\/font><\/div>\n|\n|t:|1700012826\n|switch|p1a: Zacian|Zacian-Crowned, shiny|100\/100\n|-damage|p1a: Zacian|94\/100|[from] Stealth Rock\n|-ability|p1a: Zacian|Intrepid Sword|boost\n|-boost|p1a: Zacian|atk|1\n|turn|4\n|\n|t:|1700012850\n|switch|p2a: Zacian|Zacian-Crowned, shiny|100\/100\n|-ability|p2a: Zacian|Intrepid Sword|boost\n|-boost|p2a: Zacian|atk|1\n|move|p1a: Zacian|Play Rough|p2a: Zacian\n|-resisted|p2a: Zacian\n|-damage|p2a: Zacian|70\/100\n|\n|upkeep\n|turn|5\n|\n|t:|1700012855\n|switch|p1a: Toxapex|Toxapex, M, shiny|100\/100\n|-damage|p1a: Toxapex|88\/100|[from] Stealth Rock\n|move|p2a: Zacian|Behemoth Blade|p1a: Toxapex\n|-resisted|p1a: Toxapex\n|-damage|p1a: Toxapex|53\/100\n|-damage|p2a: Zacian|53\/100|[from] item: Rocky Helmet|[of] p1a: Toxapex\n|\n|upkeep\n|turn|6\n|\n|t:|1700012865\n|switch|p2a: Urshifu|Urshifu-Rapid-Strike, M|69\/100\n|move|p1a: Toxapex|Recover|p1a: Toxapex\n|-heal|p1a: Toxapex|100\/100\n|\n|upkeep\n|turn|7\n|\n|t:|1700012870\n|move|p2a: Urshifu|Thunder Punch|p1a: Toxapex\n|-supereffective|p1a: Toxapex\n|-damage|p1a: Toxapex|58\/100\n|-damage|p2a: Urshifu|52\/100|[from] item: Rocky Helmet|[of] p1a: Toxapex\n|move|p1a: Toxapex|Toxic Spikes|p2a: Urshifu\n|-sidestart|p2: Kayleb1718|move: Toxic Spikes\n|\n|upkeep\n|turn|8\n|\n|t:|1700012877\n|move|p1a: Toxapex|Baneful Bunker|p1a: Toxapex\n|-singleturn|p1a: Toxapex|move: Protect\n|move|p2a: Urshifu|Thunder Punch|p1a: Toxapex\n|-supereffective|p1a: Toxapex\n|-damage|p1a: Toxapex|16\/100\n|-damage|p2a: Urshifu|36\/100|[from] item: Rocky Helmet|[of] p1a: Toxapex\n|\n|upkeep\n|turn|9\n|\n|t:|1700012886\n|switch|p1a: Miraidon|Miraidon|100\/100\n|-damage|p1a: Miraidon|88\/100|[from] Stealth Rock\n|-fieldstart|move: Electric Terrain|[from] ability: Hadron Engine|[of] p1a: Miraidon\n|move|p2a: Urshifu|Thunder Punch|p1a: Miraidon\n|-resisted|p1a: Miraidon\n|-crit|p1a: Miraidon\n|-damage|p1a: Miraidon|77\/100\n|\n|-heal|p1a: Miraidon|83\/100|[from] item: Leftovers\n|upkeep\n|turn|10\n|\n|t:|1700012891\n|switch|p2a: Zacian|Zacian-Crowned, shiny|53\/100\n|move|p1a: Miraidon|Parabolic Charge|p2a: Zacian\n|-damage|p2a: Zacian|0 fnt\n|-heal|p1a: Miraidon|100\/100|[from] drain|[of] p2a: Zacian\n|faint|p2a: Zacian\n|\n|upkeep\n|\n|t:|1700012899\n|switch|p2a: Miraidon|Miraidon|100\/100\n|-status|p2a: Miraidon|psn\n|-activate|p2a: Miraidon|ability: Hadron Engine\n|turn|11\n|\n|t:|1700012909\n|switch|p1a: Zacian|Zacian-Crowned, shiny|94\/100\n|-damage|p1a: Zacian|88\/100|[from] Stealth Rock\n|move|p2a: Miraidon|Dragon Pulse|p1a: Zacian\n|-immune|p1a: Zacian\n|\n|-damage|p2a: Miraidon|88\/100 psn|[from] psn\n|upkeep\n|turn|12\n|\n|t:|1700012914\n|move|p1a: Zacian|Play Rough|p2a: Miraidon\n|-supereffective|p2a: Miraidon\n|-damage|p2a: Miraidon|2\/100 psn\n|-unboost|p2a: Miraidon|atk|1\n|move|p2a: Miraidon|Electro Drift|p1a: Zacian\n|-damage|p1a: Zacian|12\/100\n|\n|-heal|p2a: Miraidon|8\/100 psn|[from] item: Leftovers\n|-damage|p2a: Miraidon|0 fnt|[from] psn\n|faint|p2a: Miraidon\n|upkeep\n|\n|t:|1700012928\n|switch|p2a: Urshifu|Urshifu-Rapid-Strike, M|36\/100\n|-status|p2a: Urshifu|psn\n|turn|13\n|\n|t:|1700012938\n|move|p1a: Zacian|Behemoth Blade|p2a: Urshifu\n|-resisted|p2a: Urshifu\n|-damage|p2a: Urshifu|13\/100 psn\n|move|p2a: Urshifu|Trailblaze|p1a: Zacian\n|-resisted|p1a: Zacian\n|-damage|p1a: Zacian|5\/100\n|-boost|p2a: Urshifu|spe|1\n|\n|-damage|p2a: Urshifu|1\/100 psn|[from] psn\n|-fieldend|move: Electric Terrain\n|upkeep\n|turn|14\n|\n|t:|1700012950\n|move|p2a: Urshifu|Drain Punch|p1a: Zacian\n|-damage|p1a: Zacian|0 fnt\n|-heal|p2a: Urshifu|4\/100 psn|[from] drain|[of] p1a: Zacian\n|faint|p1a: Zacian\n|\n|-damage|p2a: Urshifu|0 fnt|[from] psn\n|faint|p2a: Urshifu\n|upkeep\n|\n|t:|1700012962\n|switch|p1a: Skeledirge|Skeledirge, F, shiny|100\/100\n|switch|p2a: Calyrex|Calyrex-Shadow|100\/100\n|-ability|p2a: Calyrex|As One\n|-ability|p2a: Calyrex|Unnerve\n|-status|p2a: Calyrex|psn\n|-damage|p1a: Skeledirge|76\/100|[from] Stealth Rock\n|turn|15\n|\n|t:|1700012969\n|move|p2a: Calyrex|Astral Barrage|p1a: Skeledirge\n|-supereffective|p1a: Skeledirge\n|-damage|p1a: Skeledirge|0 fnt\n|faint|p1a: Skeledirge\n|-ability|p2a: Calyrex|Grim Neigh|boost\n|-boost|p2a: Calyrex|spa|1\n|\n|-damage|p2a: Calyrex|88\/100 psn|[from] psn\n|upkeep\n|\n|t:|1700012975\n|switch|p1a: Dragapult|Dragapult, M, shiny|100\/100\n|-damage|p1a: Dragapult|88\/100|[from] Stealth Rock\n|turn|16\n|\n|t:|1700012986\n|-terastallize|p1a: Dragapult|Dragon\n|move|p1a: Dragapult|Night Shade|p2a: Calyrex\n|-damage|p2a: Calyrex|59\/100 psn\n|move|p2a: Calyrex|Astral Barrage|p1a: Dragapult\n|-damage|p1a: Dragapult|0 fnt\n|faint|p1a: Dragapult\n|-ability|p2a: Calyrex|Grim Neigh|boost\n|-boost|p2a: Calyrex|spa|1\n|\n|-heal|p2a: Calyrex|65\/100 psn|[from] item: Leftovers\n|-damage|p2a: Calyrex|53\/100 psn|[from] psn\n|upkeep\n|\n|t:|1700012993\n|switch|p1a: Miraidon|Miraidon|100\/100\n|-damage|p1a: Miraidon|88\/100|[from] Stealth Rock\n|-fieldstart|move: Electric Terrain|[from] ability: Hadron Engine|[of] p1a: Miraidon\n|turn|17\n|\n|t:|1700013007\n|move|p2a: Calyrex|Astral Barrage|p1a: Miraidon\n|-damage|p1a: Miraidon|0 fnt\n|faint|p1a: Miraidon\n|-ability|p2a: Calyrex|Grim Neigh|boost\n|-boost|p2a: Calyrex|spa|1\n|\n|-heal|p2a: Calyrex|59\/100 psn|[from] item: Leftovers\n|-damage|p2a: Calyrex|47\/100 psn|[from] psn\n|upkeep\n|\n|t:|1700013009\n|switch|p1a: Toxapex|Toxapex, M, shiny|49\/100\n|-damage|p1a: Toxapex|37\/100|[from] Stealth Rock\n|turn|18\n|\n|t:|1700013020\n|move|p1a: Toxapex|Baneful Bunker|p1a: Toxapex\n|-singleturn|p1a: Toxapex|move: Protect\n|move|p2a: Calyrex|Psyshock|p1a: Toxapex\n|-activate|p1a: Toxapex|move: Protect\n|\n|-heal|p2a: Calyrex|53\/100 psn|[from] item: Leftovers\n|-damage|p2a: Calyrex|40\/100 psn|[from] psn\n|upkeep\n|turn|19\n|\n|t:|1700013033\n|move|p2a: Calyrex|Psyshock|p1a: Toxapex\n|-supereffective|p1a: Toxapex\n|-damage|p1a: Toxapex|0 fnt\n|faint|p1a: Toxapex\n|\n|win|Kayleb1718\n|raw|slendy420's rating: 1449 &rarr; <strong>1431<\/strong><br \/>(-18 for losing)\n|raw|Kayleb1718's rating: 1478 &rarr; <strong>1496<\/strong><br \/>(+18 for winning)\n|l|\u2606slendy420\n|c|\u2606Kayleb1718|HAHHA\n","uploadtime":1700013077,"views":4,"p1id":"slendy420","p2id":"kayleb1718","formatid":"gen9anythinggoes","rating":1431,"private":0,"password":""}