{"id":"gen9anythinggoes-1989328357","p1":"Legit Trolling","p2":"JokeTeamMaker","format":"[Gen 9] Anything Goes","log":"|j|\u2606Legit Trolling\n|j|\u2606JokeTeamMaker\n|t:|1699836912\n|gametype|singles\n|player|p1|Legit Trolling|101|1236\n|player|p2|JokeTeamMaker|maid|1108\n|teamsize|p1|6\n|teamsize|p2|6\n|gen|9\n|tier|[Gen 9] Anything Goes\n|rated|\n|rule|HP Percentage Mod: HP is shown in percentages\n|rule|Endless Battle Clause: Forcing endless battles is banned\n|clearpoke\n|poke|p1|Golem-Alola, M|\n|poke|p1|Garganacl, M|\n|poke|p1|Garganacl, M|\n|poke|p1|Garganacl, M|\n|poke|p1|Garganacl, M|\n|poke|p1|Basculegion, M|\n|poke|p2|Lilligant-Hisui, F|\n|poke|p2|Gengar, F|\n|poke|p2|Arcanine-Hisui, F|\n|poke|p2|Gastrodon, F|\n|poke|p2|Torterra, F|\n|poke|p2|Salamence, M|\n|teampreview\n|\n|t:|1699836917\n|start\n|switch|p1a: Garganacl|Garganacl, M|100\/100\n|switch|p2a: Random Lilligant|Lilligant-Hisui, F|100\/100\n|turn|1\n|\n|t:|1699836939\n|move|p2a: Random Lilligant|Close Combat|p1a: Garganacl\n|-supereffective|p1a: Garganacl\n|-damage|p1a: Garganacl|13\/100\n|-unboost|p2a: Random Lilligant|def|1\n|-unboost|p2a: Random Lilligant|spd|1\n|move|p1a: Garganacl|Explosion|p2a: Random Lilligant\n|-damage|p2a: Random Lilligant|0 fnt\n|faint|p1a: Garganacl\n|faint|p2a: Random Lilligant\n|\n|upkeep\n|\n|t:|1699836949\n|switch|p2a: Random Gengar|Gengar, F|100\/100\n|switch|p1a: Golem|Golem-Alola, M|100\/100\n|turn|2\n|\n|t:|1699836964\n|move|p2a: Random Gengar|Toxic Spikes|p1a: Golem\n|-sidestart|p1: Legit Trolling|move: Toxic Spikes\n|move|p1a: Golem|Explosion|p2a: Random Gengar\n|-damage|p2a: Random Gengar|0 fnt\n|faint|p1a: Golem\n|faint|p2a: Random Gengar\n|\n|upkeep\n|\n|t:|1699836971\n|switch|p2a: Random Arcanine|Arcanine-Hisui, F|100\/100\n|switch|p1a: Garganacl|Garganacl, M|100\/100\n|-status|p1a: Garganacl|psn\n|turn|3\n|c|\u2606Legit Trolling|hi\n|\n|t:|1699836993\n|move|p2a: Random Arcanine|Head Smash|p1a: Garganacl|[miss]\n|-miss|p2a: Random Arcanine|p1a: Garganacl\n|move|p1a: Garganacl|Explosion|p2a: Random Arcanine\n|-resisted|p2a: Random Arcanine\n|-damage|p2a: Random Arcanine|22\/100\n|faint|p1a: Garganacl\n|\n|upkeep\n|\n|t:|1699837000\n|switch|p1a: Garganacl|Garganacl, M|100\/100\n|-status|p1a: Garganacl|psn\n|turn|4\n|\n|t:|1699837005\n|move|p2a: Random Arcanine|Flare Blitz|p1a: Garganacl\n|-resisted|p1a: Garganacl\n|-damage|p1a: Garganacl|79\/100 psn\n|move|p1a: Garganacl|Explosion|p2a: Random Arcanine\n|-resisted|p2a: Random Arcanine\n|-damage|p2a: Random Arcanine|0 fnt\n|faint|p1a: Garganacl\n|faint|p2a: Random Arcanine\n|\n|upkeep\n|\n|t:|1699837013\n|switch|p2a: Random Gastrodon|Gastrodon, F|100\/100\n|switch|p1a: Garganacl|Garganacl, M|100\/100\n|-status|p1a: Garganacl|psn\n|turn|5\n|\n|t:|1699837047\n|move|p1a: Garganacl|Explosion|p2a: Random Gastrodon\n|-damage|p2a: Random Gastrodon|0 fnt\n|faint|p1a: Garganacl\n|faint|p2a: Random Gastrodon\n|\n|upkeep\n|\n|t:|1699837053\n|switch|p1a: Basculegion|Basculegion, M|100\/100\n|switch|p2a: Random Torterra|Torterra, F|100\/100\n|-status|p1a: Basculegion|psn\n|turn|6\n|\n|t:|1699837065\n|-terastallize|p1a: Basculegion|Ghost\n|move|p1a: Basculegion|Last Respects|p2a: Random Torterra\n|-damage|p2a: Random Torterra|0 fnt\n|faint|p2a: Random Torterra\n|\n|-damage|p1a: Basculegion|88\/100 psn|[from] psn\n|upkeep\n|\n|t:|1699837073\n|switch|p2a: Random Salamence|Salamence, M|100\/100\n|turn|7\n|\n|t:|1699837079\n|-terastallize|p2a: Random Salamence|Steel\n|move|p1a: Basculegion|Last Respects|p2a: Random Salamence\n|-damage|p2a: Random Salamence|0 fnt\n|faint|p2a: Random Salamence\n|\n|win|Legit Trolling\n|raw|Legit Trolling's rating: 1236 &rarr; <strong>1252<\/strong><br \/>(+16 for winning)\n|raw|JokeTeamMaker's rating: 1108 &rarr; <strong>1092<\/strong><br \/>(-16 for losing)\n|l|\u2606JokeTeamMaker\n|c|\u2606Legit Trolling|gg\n|l|\u2606Legit Trolling\n|j|\u2606Legit Trolling\n|player|p1|Legit Trolling|101\n","uploadtime":1699837095,"views":4,"p1id":"legittrolling","p2id":"joketeammaker","formatid":"gen9anythinggoes","rating":1092,"private":0,"password":""}