{"id":"gen9anythinggoes-1985585856","p1":"sendfreegifttome","p2":"gengar--crackers","format":"[Gen 9] Anything Goes","log":"|j|\u2606sendfreegifttome\n|j|\u2606gengar--crackers\n|t:|1699386756\n|gametype|singles\n|player|p1|sendfreegifttome|nate|1579\n|player|p2|gengar--crackers|lucas|1499\n|teamsize|p1|6\n|teamsize|p2|6\n|gen|9\n|tier|[Gen 9] Anything Goes\n|rated|\n|rule|HP Percentage Mod: HP is shown in percentages\n|rule|Endless Battle Clause: Forcing endless battles is banned\n|clearpoke\n|poke|p1|Calyrex-Shadow|\n|poke|p1|Kyogre|\n|poke|p1|Zacian-*|\n|poke|p1|Miraidon|\n|poke|p1|Arceus|\n|poke|p1|Dondozo, M|\n|poke|p2|Forretress, F|\n|poke|p2|Forretress, M|\n|poke|p2|Giratina|\n|poke|p2|Giratina|\n|poke|p2|Giratina|\n|poke|p2|Giratina|\n|teampreview\n|inactive|Battle timer is ON: inactive players will automatically lose when time's up. (requested by sendfreegifttome)\n|\n|t:|1699386760\n|start\n|switch|p1a: Dondozo|Dondozo, M|100\/100\n|switch|p2a: Quick Boi|Forretress, M, shiny|100\/100\n|turn|1\n|\n|t:|1699386766\n|move|p2a: Quick Boi|Toxic Spikes|p1a: Dondozo\n|-sidestart|p1: sendfreegifttome|move: Toxic Spikes\n|move|p1a: Dondozo|Earthquake|p2a: Quick Boi\n|-damage|p2a: Quick Boi|84\/100\n|-enditem|p2a: Quick Boi|Red Card|[of] p1a: Dondozo\n|drag|p1a: Zacian|Zacian-Crowned, shiny|100\/100\n|-ability|p1a: Zacian|Intrepid Sword|boost\n|-boost|p1a: Zacian|atk|1\n|\n|upkeep\n|turn|2\n|\n|t:|1699386777\n|move|p1a: Zacian|Close Combat|p2a: Quick Boi\n|-damage|p2a: Quick Boi|49\/100\n|-unboost|p1a: Zacian|def|1\n|-unboost|p1a: Zacian|spd|1\n|move|p2a: Quick Boi|Stealth Rock|p1a: Zacian\n|-sidestart|p1: sendfreegifttome|move: Stealth Rock\n|\n|upkeep\n|turn|3\n|\n|t:|1699386783\n|move|p1a: Zacian|Swords Dance|p1a: Zacian\n|-boost|p1a: Zacian|atk|2\n|move|p2a: Quick Boi|Spikes|p1a: Zacian\n|-sidestart|p1: sendfreegifttome|Spikes\n|\n|upkeep\n|turn|4\n|\n|t:|1699386791\n|move|p1a: Zacian|Swords Dance|p1a: Zacian\n|-boost|p1a: Zacian|atk|2\n|move|p2a: Quick Boi|Spikes|p1a: Zacian\n|-sidestart|p1: sendfreegifttome|Spikes\n|\n|upkeep\n|turn|5\n|\n|t:|1699386796\n|switch|p2a: Quick Gal|Forretress, F|100\/100\n|move|p1a: Zacian|Close Combat|p2a: Quick Gal\n|-damage|p2a: Quick Gal|16\/100\n|-unboost|p1a: Zacian|def|1\n|-unboost|p1a: Zacian|spd|1\n|-enditem|p2a: Quick Gal|Red Card|[of] p1a: Zacian\n|drag|p1a: Kyogre|Kyogre, shiny|100\/100\n|-status|p1a: Kyogre|psn\n|-damage|p1a: Kyogre|88\/100 psn|[from] Stealth Rock\n|-damage|p1a: Kyogre|72\/100 psn|[from] Spikes\n|-weather|RainDance|[from] ability: Drizzle|[of] p1a: Kyogre\n|\n|-weather|RainDance|[upkeep]\n|-damage|p1a: Kyogre|59\/100 psn|[from] psn\n|upkeep\n|turn|6\n|\n|t:|1699386822\n|switch|p2a: Big Chungus|Giratina|100\/100\n|-ability|p2a: Big Chungus|Pressure\n|move|p1a: Kyogre|Ice Beam|p2a: Big Chungus\n|-supereffective|p2a: Big Chungus\n|-damage|p2a: Big Chungus|67\/100\n|\n|-weather|RainDance|[upkeep]\n|-heal|p2a: Big Chungus|73\/100|[from] item: Leftovers\n|-damage|p1a: Kyogre|47\/100 psn|[from] psn\n|upkeep\n|turn|7\n|\n|t:|1699386832\n|move|p2a: Big Chungus|Protect|p2a: Big Chungus\n|-singleturn|p2a: Big Chungus|Protect\n|move|p1a: Kyogre|Rest|p1a: Kyogre\n|-status|p1a: Kyogre|slp|[from] move: Rest\n|-heal|p1a: Kyogre|100\/100 slp|[silent]\n|-enditem|p1a: Kyogre|Chesto Berry|[eat]\n|-curestatus|p1a: Kyogre|slp|[msg]\n|\n|-weather|RainDance|[upkeep]\n|-heal|p2a: Big Chungus|79\/100|[from] item: Leftovers\n|upkeep\n|turn|8\n|\n|t:|1699386843\n|move|p1a: Kyogre|Water Spout|p2a: Big Chungus\n|-resisted|p2a: Big Chungus\n|-damage|p2a: Big Chungus|49\/100\n|move|p2a: Big Chungus|Dragon Tail|p1a: Kyogre\n|-damage|p1a: Kyogre|79\/100\n|drag|p1a: Arceus|Arceus|100\/100\n|-status|p1a: Arceus|psn\n|-damage|p1a: Arceus|88\/100 psn|[from] Stealth Rock\n|-damage|p1a: Arceus|71\/100 psn|[from] Spikes\n|\n|-weather|RainDance|[upkeep]\n|-heal|p2a: Big Chungus|55\/100|[from] item: Leftovers\n|-damage|p1a: Arceus|59\/100 psn|[from] psn\n|upkeep\n|turn|9\n|\n|t:|1699386856\n|move|p1a: Arceus|Shadow Claw|p2a: Big Chungus\n|-supereffective|p2a: Big Chungus\n|-damage|p2a: Big Chungus|26\/100\n|move|p2a: Big Chungus|Dragon Tail|p1a: Arceus\n|-damage|p1a: Arceus|44\/100 psn\n|drag|p1a: Dondozo|Dondozo, M|100\/100\n|-status|p1a: Dondozo|psn\n|-damage|p1a: Dondozo|88\/100 psn|[from] Stealth Rock\n|-damage|p1a: Dondozo|71\/100 psn|[from] Spikes\n|\n|-weather|none\n|-heal|p2a: Big Chungus|32\/100|[from] item: Leftovers\n|-damage|p1a: Dondozo|59\/100 psn|[from] psn\n|upkeep\n|turn|10\n|inactive|gengar--crackers has 120 seconds left.\n|\n|t:|1699386875\n|move|p2a: Big Chungus|Protect|p2a: Big Chungus\n|-singleturn|p2a: Big Chungus|Protect\n|move|p1a: Dondozo|Earthquake|p2a: Big Chungus\n|-activate|p2a: Big Chungus|move: Protect\n|\n|-heal|p2a: Big Chungus|39\/100|[from] item: Leftovers\n|-damage|p1a: Dondozo|46\/100 psn|[from] psn\n|upkeep\n|turn|11\n|\n|t:|1699386883\n|move|p2a: Big Chungus|Rest|p2a: Big Chungus\n|-status|p2a: Big Chungus|slp|[from] move: Rest\n|-heal|p2a: Big Chungus|100\/100 slp|[silent]\n|move|p1a: Dondozo|Earthquake|p2a: Big Chungus\n|-crit|p2a: Big Chungus\n|-damage|p2a: Big Chungus|75\/100 slp\n|\n|-heal|p2a: Big Chungus|81\/100 slp|[from] item: Leftovers\n|-damage|p1a: Dondozo|34\/100 psn|[from] psn\n|upkeep\n|turn|12\n|\n|t:|1699386896\n|switch|p1a: Zacian|Zacian-Crowned, shiny|100\/100\n|-damage|p1a: Zacian|94\/100|[from] Stealth Rock\n|-damage|p1a: Zacian|78\/100|[from] Spikes\n|cant|p2a: Big Chungus|slp\n|\n|-heal|p2a: Big Chungus|87\/100 slp|[from] item: Leftovers\n|upkeep\n|turn|13\n|\n|t:|1699386904\n|-terastallize|p2a: Big Chungus|Ghost\n|cant|p2a: Big Chungus|slp\n|move|p1a: Zacian|Swords Dance|p1a: Zacian\n|-boost|p1a: Zacian|atk|2\n|\n|-heal|p2a: Big Chungus|94\/100 slp|[from] item: Leftovers\n|upkeep\n|turn|14\n|\n|t:|1699386914\n|-terastallize|p1a: Zacian|Fairy\n|move|p1a: Zacian|Play Rough|p2a: Big Chungus\n|-crit|p2a: Big Chungus\n|-damage|p2a: Big Chungus|0 fnt\n|faint|p2a: Big Chungus\n|\n|upkeep\n|-message|gengar--crackers forfeited.\n|\n|win|sendfreegifttome\n|raw|sendfreegifttome's rating: 1579 &rarr; <strong>1594<\/strong><br \/>(+15 for winning)\n|raw|gengar--crackers's rating: 1499 &rarr; <strong>1484<\/strong><br \/>(-15 for losing)\n|l|\u2606gengar--crackers\n","uploadtime":1699386934,"views":5,"p1id":"sendfreegifttome","p2id":"gengarcrackers","formatid":"gen9anythinggoes","rating":1484,"private":0,"password":""}