{"id":"gen9anythinggoes-1979062166","p1":"maeve sevier","p2":"LingLing007","format":"[Gen 9] Anything Goes","log":"|j|\u2606maeve sevier\n|j|\u2606LingLing007\n|t:|1698627332\n|gametype|singles\n|player|p1|maeve sevier|iono|1299\n|player|p2|LingLing007|hilbert-masters2|1427\n|teamsize|p1|6\n|teamsize|p2|6\n|gen|9\n|tier|[Gen 9] Anything Goes\n|rated|\n|rule|HP Percentage Mod: HP is shown in percentages\n|rule|Endless Battle Clause: Forcing endless battles is banned\n|clearpoke\n|poke|p1|Hatterene, F|\n|poke|p1|Bisharp, M|\n|poke|p1|Gyarados, M|\n|poke|p1|Kleavor, M|\n|poke|p1|Toxtricity, F|\n|poke|p1|Ditto|\n|poke|p2|Roaring Moon|\n|poke|p2|Toxapex, F|\n|poke|p2|Zoroark-Hisui, M|\n|poke|p2|Polteageist-Antique|\n|poke|p2|Great Tusk|\n|poke|p2|Ninetales-Alola, F|\n|teampreview\n|inactive|Battle timer is ON: inactive players will automatically lose when time's up. (requested by LingLing007)\n|\n|t:|1698627359\n|start\n|switch|p1a: Toxtricity|Toxtricity, F|100\/100\n|switch|p2a: Ninetales|Ninetales-Alola, F, shiny|100\/100\n|-weather|Snow|[from] ability: Snow Warning|[of] p2a: Ninetales\n|turn|1\n|\n|t:|1698627367\n|move|p2a: Ninetales|Aurora Veil|p2a: Ninetales\n|-sidestart|p2: LingLing007|move: Aurora Veil\n|move|p1a: Toxtricity|Sludge Bomb|p2a: Ninetales\n|-supereffective|p2a: Ninetales\n|-damage|p2a: Ninetales|58\/100\n|\n|-weather|Snow|[upkeep]\n|upkeep\n|turn|2\n|\n|t:|1698627377\n|switch|p2a: Roaring Moon|Roaring Moon|100\/100\n|-enditem|p2a: Roaring Moon|Booster Energy\n|-activate|p2a: Roaring Moon|ability: Protosynthesis|[fromitem]\n|-start|p2a: Roaring Moon|protosynthesisspe\n|move|p1a: Toxtricity|Shift Gear|p1a: Toxtricity\n|-boost|p1a: Toxtricity|spe|2\n|-boost|p1a: Toxtricity|atk|1\n|\n|-weather|Snow|[upkeep]\n|upkeep\n|turn|3\n|\n|t:|1698627387\n|move|p2a: Roaring Moon|Dragon Dance|p2a: Roaring Moon\n|-boost|p2a: Roaring Moon|atk|1\n|-boost|p2a: Roaring Moon|spe|1\n|move|p1a: Toxtricity|Boomburst|p2a: Roaring Moon\n|-damage|p2a: Roaring Moon|68\/100\n|-enditem|p1a: Toxtricity|Throat Spray\n|-boost|p1a: Toxtricity|spa|1|[from] item: Throat Spray\n|\n|-weather|Snow|[upkeep]\n|upkeep\n|turn|4\n|\n|t:|1698627394\n|move|p2a: Roaring Moon|Earthquake|p1a: Toxtricity\n|-supereffective|p1a: Toxtricity\n|-damage|p1a: Toxtricity|0 fnt\n|faint|p1a: Toxtricity\n|\n|-weather|Snow|[upkeep]\n|upkeep\n|\n|t:|1698627404\n|switch|p1a: Gyarados|Gyarados, M|100\/100\n|turn|5\n|\n|t:|1698627412\n|-terastallize|p2a: Roaring Moon|Flying\n|move|p2a: Roaring Moon|Knock Off|p1a: Gyarados\n|-damage|p1a: Gyarados|0 fnt\n|-enditem|p1a: Gyarados|Black Glasses|[from] move: Knock Off|[of] p2a: Roaring Moon\n|faint|p1a: Gyarados\n|\n|-weather|none\n|upkeep\n|\n|t:|1698627422\n|switch|p1a: Kleavor|Kleavor, M|100\/100\n|turn|6\n|\n|t:|1698627426\n|move|p2a: Roaring Moon|Acrobatics|p1a: Kleavor\n|-damage|p1a: Kleavor|0 fnt\n|faint|p1a: Kleavor\n|\n|upkeep\n|\n|t:|1698627435\n|switch|p1a: Hatterene|Hatterene, F|100\/100\n|turn|7\n|\n|t:|1698627441\n|move|p2a: Roaring Moon|Knock Off|p1a: Hatterene\n|-damage|p1a: Hatterene|14\/100\n|-enditem|p1a: Hatterene|Shell Bell|[from] move: Knock Off|[of] p2a: Roaring Moon\n|move|p1a: Hatterene|Psychic|p2a: Roaring Moon\n|-damage|p2a: Roaring Moon|42\/100\n|\n|upkeep\n|turn|8\n|\n|t:|1698627455\n|-end|p2a: Roaring Moon|Protosynthesis|[silent]\n|switch|p2a: Ninetales|Ninetales-Alola, F, shiny|58\/100\n|-weather|Snow|[from] ability: Snow Warning|[of] p2a: Ninetales\n|move|p1a: Hatterene|Psychic|p2a: Ninetales\n|-damage|p2a: Ninetales|32\/100\n|\n|-weather|Snow|[upkeep]\n|-sideend|p2: LingLing007|move: Aurora Veil\n|upkeep\n|turn|9\n|\n|t:|1698627465\n|move|p2a: Ninetales|Moonblast|p1a: Hatterene\n|-damage|p1a: Hatterene|0 fnt\n|faint|p1a: Hatterene\n|\n|-weather|Snow|[upkeep]\n|upkeep\n|\n|t:|1698627468\n|switch|p1a: Bisharp|Bisharp, M|100\/100\n|turn|10\n|\n|t:|1698627481\n|move|p2a: Ninetales|Aurora Veil|p2a: Ninetales\n|-sidestart|p2: LingLing007|move: Aurora Veil\n|move|p1a: Bisharp|Iron Head|p2a: Ninetales\n|-supereffective|p2a: Ninetales\n|-damage|p2a: Ninetales|0 fnt\n|faint|p2a: Ninetales\n|-damage|p1a: Bisharp|91\/100|[from] item: Life Orb\n|\n|-weather|Snow|[upkeep]\n|upkeep\n|\n|t:|1698627495\n|switch|p2a: Great Tusk|Great Tusk|100\/100\n|turn|11\n|\n|t:|1698627504\n|move|p1a: Bisharp|Sucker Punch|p2a: Great Tusk\n|-resisted|p2a: Great Tusk\n|-damage|p2a: Great Tusk|93\/100\n|-damage|p1a: Bisharp|81\/100|[from] item: Life Orb\n|move|p2a: Great Tusk|Earthquake|p1a: Bisharp\n|-supereffective|p1a: Bisharp\n|-damage|p1a: Bisharp|0 fnt\n|faint|p1a: Bisharp\n|\n|-weather|Snow|[upkeep]\n|upkeep\n|\n|t:|1698627507\n|switch|p1a: Ditto|Ditto|100\/100\n|-transform|p1a: Ditto|p2a: Great Tusk|[from] ability: Imposter\n|turn|12\n|\n|t:|1698627519\n|-terastallize|p1a: Ditto|Normal\n|move|p1a: Ditto|Knock Off|p2a: Great Tusk\n|-resisted|p2a: Great Tusk\n|-damage|p2a: Great Tusk|89\/100\n|-enditem|p2a: Great Tusk|Heavy-Duty Boots|[from] move: Knock Off|[of] p1a: Ditto\n|move|p2a: Great Tusk|Knock Off|p1a: Ditto\n|-damage|p1a: Ditto|67\/100\n|-enditem|p1a: Ditto|Choice Scarf|[from] move: Knock Off|[of] p2a: Great Tusk\n|\n|-weather|none\n|upkeep\n|turn|13\n|-message|maeve sevier forfeited.\n|\n|win|LingLing007\n|raw|maeve sevier's rating: 1299 &rarr; <strong>1283<\/strong><br \/>(-16 for losing)\n|raw|LingLing007's rating: 1427 &rarr; <strong>1440<\/strong><br \/>(+13 for winning)\n|l|\u2606maeve sevier\n","uploadtime":1698627527,"views":11,"p1id":"maevesevier","p2id":"lingling007","formatid":"gen9anythinggoes","rating":1283,"private":0,"password":""}