{"id":"gen9anythinggoes-1980599556","p1":"theluckyone26","p2":"Gabreil2008","format":"[Gen 9] Anything Goes","log":"|j|\u2606theluckyone26\n|j|\u2606Gabreil2008\n|t:|1698801769\n|gametype|singles\n|player|p1|theluckyone26|265|1115\n|player|p2|Gabreil2008|rika|1113\n|teamsize|p1|6\n|teamsize|p2|6\n|gen|9\n|tier|[Gen 9] Anything Goes\n|rated|\n|rule|HP Percentage Mod: HP is shown in percentages\n|rule|Endless Battle Clause: Forcing endless battles is banned\n|clearpoke\n|poke|p1|Riolu, F|\n|poke|p1|Riolu, M|\n|poke|p1|Nacli, L1, F|\n|poke|p1|Nacli, L1, M|\n|poke|p1|Toxapex, M|\n|poke|p1|Glimmora, F|\n|poke|p2|Veluza, M|\n|poke|p2|Veluza, F|\n|poke|p2|Veluza, F|\n|poke|p2|Veluza, M|\n|poke|p2|Veluza, M|\n|poke|p2|Veluza, M|\n|teampreview\n|inactive|Battle timer is ON: inactive players will automatically lose when time's up. (requested by theluckyone26)\n|inactive|Gabreil2008 also wants the timer to be on.\n|\n|t:|1698801781\n|start\n|switch|p1a: Toxapex|Toxapex, M|100\/100\n|switch|p2a: Veluza|Veluza, M|100\/100\n|turn|1\n|\n|t:|1698801787\n|move|p2a: Veluza|Fillet Away|p2a: Veluza\n|-boost|p2a: Veluza|atk|2\n|-boost|p2a: Veluza|spa|2\n|-boost|p2a: Veluza|spe|2\n|-damage|p2a: Veluza|50\/100\n|move|p1a: Toxapex|Toxic Spikes|p2a: Veluza\n|-sidestart|p2: Gabreil2008|move: Toxic Spikes\n|\n|-heal|p2a: Veluza|57\/100|[from] item: Leftovers\n|upkeep\n|turn|2\n|\n|t:|1698801792\n|move|p2a: Veluza|Recover|p2a: Veluza\n|-heal|p2a: Veluza|100\/100\n|move|p1a: Toxapex|Toxic Spikes|p2a: Veluza\n|-sidestart|p2: Gabreil2008|move: Toxic Spikes\n|\n|upkeep\n|turn|3\n|\n|t:|1698801794\n|move|p2a: Veluza|Fillet Away|p2a: Veluza\n|-boost|p2a: Veluza|atk|2\n|-boost|p2a: Veluza|spa|2\n|-boost|p2a: Veluza|spe|2\n|-damage|p2a: Veluza|50\/100\n|move|p1a: Toxapex|Toxic|p2a: Veluza\n|-status|p2a: Veluza|tox\n|\n|-heal|p2a: Veluza|57\/100 tox|[from] item: Leftovers\n|-damage|p2a: Veluza|50\/100 tox|[from] psn\n|upkeep\n|turn|4\n|\n|t:|1698801800\n|move|p1a: Toxapex|Baneful Bunker|p1a: Toxapex\n|-singleturn|p1a: Toxapex|move: Protect\n|move|p2a: Veluza|Recover|p2a: Veluza\n|-heal|p2a: Veluza|100\/100 tox\n|\n|-damage|p2a: Veluza|88\/100 tox|[from] psn\n|upkeep\n|turn|5\n|\n|t:|1698801807\n|move|p2a: Veluza|Psycho Cut|p1a: Toxapex\n|-supereffective|p1a: Toxapex\n|-damage|p1a: Toxapex|0 fnt\n|faint|p1a: Toxapex\n|\n|-heal|p2a: Veluza|94\/100 tox|[from] item: Leftovers\n|-damage|p2a: Veluza|76\/100 tox|[from] psn\n|upkeep\n|\n|t:|1698801816\n|switch|p1a: Nacli|Nacli, L1, M|100\/100\n|turn|6\n|\n|t:|1698801820\n|move|p2a: Veluza|Aqua Cutter|p1a: Nacli\n|-supereffective|p1a: Nacli\n|-ability|p1a: Nacli|Sturdy\n|-damage|p1a: Nacli|9\/100\n|move|p1a: Nacli|Dig||[still]\n|-prepare|p1a: Nacli|Dig\n|\n|-heal|p2a: Veluza|82\/100 tox|[from] item: Leftovers\n|-damage|p2a: Veluza|57\/100 tox|[from] psn\n|-damage|p1a: Nacli|0 fnt|[from] item: Sticky Barb\n|faint|p1a: Nacli\n|upkeep\n|\n|t:|1698801832\n|switch|p1a: Thats a gg|Riolu, F|100\/100\n|turn|7\n|\n|t:|1698801836\n|move|p1a: Thats a gg|Copycat|p1a: Thats a gg\n|move|p1a: Thats a gg|Dig||[from]move: Copycat|[still]\n|-prepare|p1a: Thats a gg|Dig\n|move|p2a: Veluza|Psycho Cut|p1a: Thats a gg|[miss]\n|-miss|p2a: Veluza|p1a: Thats a gg\n|\n|-heal|p2a: Veluza|63\/100 tox|[from] item: Leftovers\n|-damage|p2a: Veluza|32\/100 tox|[from] psn\n|upkeep\n|turn|8\n|\n|t:|1698801840\n|move|p2a: Veluza|Psycho Cut|p1a: Thats a gg|[miss]\n|-miss|p2a: Veluza|p1a: Thats a gg\n|move|p1a: Thats a gg|Dig|p2a: Veluza|[from]lockedmove\n|-damage|p2a: Veluza|2\/100 tox\n|\n|-heal|p2a: Veluza|9\/100 tox|[from] item: Leftovers\n|-damage|p2a: Veluza|0 fnt|[from] psn\n|faint|p2a: Veluza\n|upkeep\n|\n|t:|1698801843\n|switch|p2a: Veluza|Veluza, F|100\/100\n|-status|p2a: Veluza|tox\n|turn|9\n|\n|t:|1698801846\n|move|p1a: Thats a gg|Copycat|p1a: Thats a gg\n|move|p1a: Thats a gg|Dig||[from]move: Copycat|[still]\n|-prepare|p1a: Thats a gg|Dig\n|move|p2a: Veluza|Fillet Away|p2a: Veluza\n|-boost|p2a: Veluza|atk|2\n|-boost|p2a: Veluza|spa|2\n|-boost|p2a: Veluza|spe|2\n|-damage|p2a: Veluza|50\/100 tox\n|\n|-heal|p2a: Veluza|57\/100 tox|[from] item: Leftovers\n|-damage|p2a: Veluza|50\/100 tox|[from] psn\n|upkeep\n|turn|10\n|\n|t:|1698801850\n|move|p2a: Veluza|Fillet Away||[still]\n|-fail|p2a: Veluza\n|move|p1a: Thats a gg|Dig|p2a: Veluza|[from]lockedmove\n|-damage|p2a: Veluza|22\/100 tox\n|\n|-heal|p2a: Veluza|28\/100 tox|[from] item: Leftovers\n|-damage|p2a: Veluza|16\/100 tox|[from] psn\n|upkeep\n|turn|11\n|\n|t:|1698801853\n|move|p1a: Thats a gg|Copycat|p1a: Thats a gg\n|move|p1a: Thats a gg|Dig||[from]move: Copycat|[still]\n|-prepare|p1a: Thats a gg|Dig\n|move|p2a: Veluza|Recover|p2a: Veluza\n|-heal|p2a: Veluza|66\/100 tox\n|\n|-heal|p2a: Veluza|72\/100 tox|[from] item: Leftovers\n|-damage|p2a: Veluza|54\/100 tox|[from] psn\n|upkeep\n|turn|12\n|\n|t:|1698801858\n|move|p2a: Veluza|Recover|p2a: Veluza\n|-heal|p2a: Veluza|100\/100 tox\n|move|p1a: Thats a gg|Dig|p2a: Veluza|[from]lockedmove\n|-damage|p2a: Veluza|73\/100 tox\n|\n|-heal|p2a: Veluza|79\/100 tox|[from] item: Leftovers\n|-damage|p2a: Veluza|54\/100 tox|[from] psn\n|upkeep\n|turn|13\n|\n|t:|1698801861\n|move|p1a: Thats a gg|Copycat|p1a: Thats a gg\n|move|p1a: Thats a gg|Dig||[from]move: Copycat|[still]\n|-prepare|p1a: Thats a gg|Dig\n|move|p2a: Veluza|Recover|p2a: Veluza\n|-heal|p2a: Veluza|100\/100 tox\n|\n|-damage|p2a: Veluza|69\/100 tox|[from] psn\n|upkeep\n|turn|14\n|\n|t:|1698801865\n|move|p2a: Veluza|Psycho Cut|p1a: Thats a gg|[miss]\n|-miss|p2a: Veluza|p1a: Thats a gg\n|move|p1a: Thats a gg|Dig|p2a: Veluza|[from]lockedmove\n|-damage|p2a: Veluza|41\/100 tox\n|\n|-heal|p2a: Veluza|47\/100 tox|[from] item: Leftovers\n|-damage|p2a: Veluza|10\/100 tox|[from] psn\n|upkeep\n|turn|15\n|\n|t:|1698801870\n|move|p1a: Thats a gg|Copycat|p1a: Thats a gg\n|move|p1a: Thats a gg|Dig||[from]move: Copycat|[still]\n|-prepare|p1a: Thats a gg|Dig\n|move|p2a: Veluza|Psycho Cut|p1a: Thats a gg|[miss]\n|-miss|p2a: Veluza|p1a: Thats a gg\n|\n|-heal|p2a: Veluza|16\/100 tox|[from] item: Leftovers\n|-damage|p2a: Veluza|0 fnt|[from] psn\n|faint|p2a: Veluza\n|upkeep\n|\n|t:|1698801874\n|switch|p2a: Veluza|Veluza, F|100\/100\n|-status|p2a: Veluza|tox\n|turn|16\n|\n|t:|1698801878\n|move|p2a: Veluza|Psycho Cut|p1a: Thats a gg|[miss]\n|-miss|p2a: Veluza|p1a: Thats a gg\n|move|p1a: Thats a gg|Dig|p2a: Veluza|[from]lockedmove\n|-damage|p2a: Veluza|74\/100 tox\n|\n|-heal|p2a: Veluza|80\/100 tox|[from] item: Leftovers\n|-damage|p2a: Veluza|74\/100 tox|[from] psn\n|upkeep\n|turn|17\n|\n|t:|1698801882\n|move|p1a: Thats a gg|Copycat|p1a: Thats a gg\n|move|p1a: Thats a gg|Dig||[from]move: Copycat|[still]\n|-prepare|p1a: Thats a gg|Dig\n|move|p2a: Veluza|Psycho Cut|p1a: Thats a gg|[miss]\n|-miss|p2a: Veluza|p1a: Thats a gg\n|\n|-heal|p2a: Veluza|80\/100 tox|[from] item: Leftovers\n|-damage|p2a: Veluza|68\/100 tox|[from] psn\n|upkeep\n|turn|18\n|\n|t:|1698801884\n|move|p2a: Veluza|Psycho Cut|p1a: Thats a gg|[miss]\n|-miss|p2a: Veluza|p1a: Thats a gg\n|move|p1a: Thats a gg|Dig|p2a: Veluza|[from]lockedmove\n|-damage|p2a: Veluza|37\/100 tox\n|\n|-heal|p2a: Veluza|43\/100 tox|[from] item: Leftovers\n|-damage|p2a: Veluza|25\/100 tox|[from] psn\n|upkeep\n|turn|19\n|-message|Gabreil2008 forfeited.\n|\n|win|theluckyone26\n|raw|theluckyone26's rating: 1115 &rarr; <strong>1140<\/strong><br \/>(+25 for winning)\n|raw|Gabreil2008's rating: 1113 &rarr; <strong>1088<\/strong><br \/>(-25 for losing)\n|l|\u2606Gabreil2008\n","uploadtime":1698801896,"views":7,"p1id":"theluckyone26","p2id":"gabreil2008","formatid":"gen9anythinggoes","rating":1088,"private":0,"password":""}