{"id":"gen9anythinggoes-1999368661","p1":"Three 99\u2019","p2":"remoraid384","format":"[Gen 9] Anything Goes","log":"|j|\u2606Three 99\u2019\n|j|\u2606remoraid384\n|t:|1701068201\n|gametype|singles\n|player|p1|Three 99\u2019|lucas|1000\n|player|p2|remoraid384|265|1158\n|teamsize|p1|6\n|teamsize|p2|6\n|gen|9\n|tier|[Gen 9] Anything Goes\n|rated|\n|rule|HP Percentage Mod: HP is shown in percentages\n|rule|Endless Battle Clause: Forcing endless battles is banned\n|clearpoke\n|poke|p1|Baxcalibur, M|\n|poke|p1|Skeledirge, M|\n|poke|p1|Spiritomb, F|\n|poke|p1|Sylveon, M|\n|poke|p1|Miraidon|\n|poke|p1|Giratina-Origin|\n|poke|p2|Mew|\n|poke|p2|Jirachi|\n|poke|p2|Heatran, M|\n|poke|p2|Alomomola, M|\n|poke|p2|Zapdos|\n|poke|p2|Toxapex, F|\n|teampreview\n|\n|t:|1701068205\n|start\n|switch|p1a: Spiritomb|Spiritomb, F|100\/100\n|switch|p2a: Mew|Mew, shiny|100\/100\n|-ability|p1a: Spiritomb|Pressure\n|turn|1\n|\n|t:|1701068212\n|move|p2a: Mew|Taunt|p1a: Spiritomb\n|-start|p1a: Spiritomb|move: Taunt\n|cant|p1a: Spiritomb|move: Taunt|Hypnosis\n|\n|upkeep\n|turn|2\n|\n|t:|1701068220\n|move|p2a: Mew|Toxic Spikes|p1a: Spiritomb\n|-sidestart|p1: Three 99\u2019|move: Toxic Spikes\n|move|p1a: Spiritomb|Night Shade|p2a: Mew\n|-damage|p2a: Mew|76\/100\n|-enditem|p2a: Mew|Red Card|[of] p1a: Spiritomb\n|drag|p1a: Sylveon|Sylveon, M, shiny|100\/100\n|-status|p1a: Sylveon|psn\n|\n|-damage|p1a: Sylveon|88\/100 psn|[from] psn\n|upkeep\n|turn|3\n|\n|t:|1701068231\n|move|p2a: Mew|Toxic Spikes|p1a: Sylveon\n|-sidestart|p1: Three 99\u2019|move: Toxic Spikes\n|move|p1a: Sylveon|Moonblast|p2a: Mew\n|-damage|p2a: Mew|47\/100\n|\n|-heal|p1a: Sylveon|94\/100 psn|[from] item: Leftovers\n|-damage|p1a: Sylveon|82\/100 psn|[from] psn\n|upkeep\n|turn|4\n|\n|t:|1701068244\n|move|p1a: Sylveon|Draining Kiss|p2a: Mew\n|-damage|p2a: Mew|31\/100\n|-heal|p1a: Sylveon|95\/100 psn|[from] drain|[of] p2a: Mew\n|move|p2a: Mew|Roar|p1a: Sylveon\n|drag|p1a: Spiritomb|Spiritomb, F|100\/100\n|-status|p1a: Spiritomb|tox\n|-ability|p1a: Spiritomb|Pressure\n|\n|-damage|p1a: Spiritomb|94\/100 tox|[from] psn\n|upkeep\n|turn|5\n|\n|t:|1701068255\n|move|p1a: Spiritomb|Hypnosis|p2a: Mew|[miss]\n|-miss|p1a: Spiritomb|p2a: Mew\n|move|p2a: Mew|Roar|p1a: Spiritomb\n|drag|p1a: Baxcalibur|Baxcalibur, M|100\/100\n|-status|p1a: Baxcalibur|tox\n|\n|-damage|p1a: Baxcalibur|94\/100 tox|[from] psn\n|upkeep\n|turn|6\n|\n|t:|1701068265\n|move|p1a: Baxcalibur|Ice Beam|p2a: Mew\n|-damage|p2a: Mew|11\/100\n|move|p2a: Mew|Roar|p1a: Baxcalibur\n|drag|p1a: Skeledirge|Skeledirge, M|100\/100\n|-status|p1a: Skeledirge|tox\n|\n|-damage|p1a: Skeledirge|94\/100 tox|[from] psn\n|upkeep\n|turn|7\n|\n|t:|1701068277\n|move|p2a: Mew|Taunt|p1a: Skeledirge\n|-start|p1a: Skeledirge|move: Taunt\n|move|p1a: Skeledirge|Fire Blast|p2a: Mew\n|-damage|p2a: Mew|0 fnt\n|faint|p2a: Mew\n|\n|-heal|p1a: Skeledirge|100\/100 tox|[from] item: Leftovers\n|-damage|p1a: Skeledirge|88\/100 tox|[from] psn\n|upkeep\n|-message|Three 99\u2019 forfeited.\n|\n|win|remoraid384\n|raw|Three 99\u2019's rating: 1000 &rarr; <strong>1000<\/strong><br \/>(+0 for losing)\n|raw|remoraid384's rating: 1158 &rarr; <strong>1172<\/strong><br \/>(+14 for winning)\n|l|\u2606Three 99\u2019\n|c|\u2606remoraid384|gg\n","uploadtime":1701068311,"views":1,"p1id":"three99","p2id":"remoraid384","formatid":"gen9anythinggoes","rating":1000,"private":0,"password":""}