{"id":"gen9anythinggoes-1972993764","p1":"gengengalixy","p2":"Discoolz","format":"[Gen 9] Anything Goes","log":"|j|\u2606gengengalixy\n|j|\u2606Discoolz\n|t:|1697916385\n|gametype|singles\n|player|p1|gengengalixy|170|1112\n|player|p2|Discoolz|1|1042\n|teamsize|p1|6\n|teamsize|p2|6\n|gen|9\n|tier|[Gen 9] Anything Goes\n|rated|\n|rule|HP Percentage Mod: HP is shown in percentages\n|rule|Endless Battle Clause: Forcing endless battles is banned\n|clearpoke\n|poke|p1|Umbreon, M|\n|poke|p1|Zoroark, F|\n|poke|p1|Krookodile, F|\n|poke|p1|Muk-Alola, M|\n|poke|p1|Houndoom, M|\n|poke|p1|Hydreigon, M|\n|poke|p2|Gyarados, M|\n|poke|p2|Rayquaza|\n|poke|p2|Mewtwo|\n|poke|p2|Arceus-Electric|\n|poke|p2|Arcanine, F|\n|poke|p2|Darkrai|\n|teampreview\n|\n|t:|1697916394\n|start\n|switch|p1a: Umbreon|Umbreon, M|100\/100\n|switch|p2a: Rayquaza|Rayquaza|100\/100\n|-ability|p2a: Rayquaza|Air Lock\n|turn|1\n|c|\u2606gengengalixy|thank you\n|c|\u2606gengengalixy|this is this first teams spammer\n|\n|t:|1697916407\n|-terastallize|p2a: Rayquaza|Dragon\n|move|p2a: Rayquaza|Dragon Ascent|p1a: Umbreon\n|-damage|p1a: Umbreon|44\/100\n|-unboost|p2a: Rayquaza|def|1\n|-unboost|p2a: Rayquaza|spd|1\n|move|p1a: Umbreon|Thunder Wave|p2a: Rayquaza\n|-status|p2a: Rayquaza|par\n|\n|-heal|p1a: Umbreon|50\/100|[from] item: Leftovers\n|upkeep\n|turn|2\n|\n|t:|1697916419\n|move|p1a: Umbreon|Light Screen|p1a: Umbreon\n|-sidestart|p1: gengengalixy|move: Light Screen\n|cant|p2a: Rayquaza|par\n|\n|-heal|p1a: Umbreon|56\/100|[from] item: Leftovers\n|upkeep\n|turn|3\n|\n|t:|1697916425\n|move|p1a: Umbreon|Calm Mind|p1a: Umbreon\n|-boost|p1a: Umbreon|spa|1\n|-boost|p1a: Umbreon|spd|1\n|move|p2a: Rayquaza|Dragon Ascent|p1a: Umbreon\n|-damage|p1a: Umbreon|2\/100\n|-unboost|p2a: Rayquaza|def|1\n|-unboost|p2a: Rayquaza|spd|1\n|\n|-heal|p1a: Umbreon|8\/100|[from] item: Leftovers\n|upkeep\n|turn|4\n|\n|t:|1697916435\n|move|p1a: Umbreon|Dark Pulse|p2a: Rayquaza\n|-damage|p2a: Rayquaza|52\/100 par\n|cant|p2a: Rayquaza|flinch\n|\n|-heal|p1a: Umbreon|14\/100|[from] item: Leftovers\n|upkeep\n|turn|5\n|\n|t:|1697916442\n|move|p1a: Umbreon|Dark Pulse|p2a: Rayquaza\n|-damage|p2a: Rayquaza|3\/100 par\n|move|p2a: Rayquaza|Dragon Ascent|p1a: Umbreon\n|-damage|p1a: Umbreon|0 fnt\n|-unboost|p2a: Rayquaza|def|1\n|-unboost|p2a: Rayquaza|spd|1\n|faint|p1a: Umbreon\n|\n|upkeep\n|\n|t:|1697916448\n|switch|p1a: Hydreigon|Hydreigon, M|100\/100\n|turn|6\n|\n|t:|1697916455\n|move|p1a: Hydreigon|Knock Off|p2a: Rayquaza\n|-damage|p2a: Rayquaza|0 fnt\n|-enditem|p2a: Rayquaza|Draco Plate|[from] move: Knock Off|[of] p1a: Hydreigon\n|faint|p2a: Rayquaza\n|\n|-sideend|p1: gengengalixy|move: Light Screen\n|upkeep\n|\n|t:|1697916463\n|switch|p2a: Mewtwo|Mewtwo|100\/100\n|-ability|p2a: Mewtwo|Pressure\n|turn|7\n|\n|t:|1697916480\n|move|p2a: Mewtwo|Psychic|p1a: Hydreigon\n|-immune|p1a: Hydreigon\n|move|p1a: Hydreigon|Calm Mind|p1a: Hydreigon\n|-boost|p1a: Hydreigon|spa|1\n|-boost|p1a: Hydreigon|spd|1\n|\n|upkeep\n|turn|8\n|\n|t:|1697916496\n|move|p2a: Mewtwo|Psychic|p1a: Hydreigon\n|-immune|p1a: Hydreigon\n|move|p1a: Hydreigon|Calm Mind|p1a: Hydreigon\n|-boost|p1a: Hydreigon|spa|1\n|-boost|p1a: Hydreigon|spd|1\n|\n|upkeep\n|turn|9\n|\n|t:|1697916503\n|switch|p2a: Gyarados|Gyarados, M|100\/100\n|-ability|p2a: Gyarados|Intimidate|boost\n|-unboost|p1a: Hydreigon|atk|1\n|move|p1a: Hydreigon|Encore||[still]\n|-fail|p1a: Hydreigon\n|\n|upkeep\n|turn|10\n|\n|t:|1697916522\n|move|p1a: Hydreigon|Knock Off|p2a: Gyarados\n|-damage|p2a: Gyarados|75\/100\n|-enditem|p2a: Gyarados|Mystic Water|[from] move: Knock Off|[of] p1a: Hydreigon\n|move|p2a: Gyarados|Dragon Pulse|p1a: Hydreigon\n|-damage|p1a: Hydreigon|88\/100\n|replace|p1a: Zoroark|Zoroark, F\n|-end|p1a: Zoroark|Illusion\n|\n|-heal|p1a: Zoroark|94\/100|[from] item: Leftovers\n|upkeep\n|turn|11\n|\n|t:|1697916535\n|move|p1a: Zoroark|Encore|p2a: Gyarados\n|-start|p2a: Gyarados|Encore\n|move|p2a: Gyarados|Dragon Pulse|p1a: Zoroark\n|-damage|p1a: Zoroark|82\/100\n|\n|-heal|p1a: Zoroark|88\/100|[from] item: Leftovers\n|upkeep\n|turn|12\n|\n|t:|1697916545\n|move|p1a: Zoroark|Psychic|p2a: Gyarados\n|-crit|p2a: Gyarados\n|-damage|p2a: Gyarados|8\/100\n|move|p2a: Gyarados|Dragon Pulse|p1a: Zoroark\n|-damage|p1a: Zoroark|74\/100\n|\n|-heal|p1a: Zoroark|80\/100|[from] item: Leftovers\n|upkeep\n|turn|13\n|\n|t:|1697916553\n|move|p1a: Zoroark|Psychic|p2a: Gyarados\n|-damage|p2a: Gyarados|0 fnt\n|faint|p2a: Gyarados\n|\n|-heal|p1a: Zoroark|86\/100|[from] item: Leftovers\n|upkeep\n|\n|t:|1697916561\n|switch|p2a: Arcanine|Arcanine, F|100\/100\n|-ability|p2a: Arcanine|Intimidate|boost\n|-unboost|p1a: Zoroark|atk|1\n|turn|14\n|\n|t:|1697916573\n|move|p1a: Zoroark|Knock Off|p2a: Arcanine\n|-damage|p2a: Arcanine|82\/100\n|-enditem|p2a: Arcanine|Choice Specs|[from] move: Knock Off|[of] p1a: Zoroark\n|move|p2a: Arcanine|Flamethrower|p1a: Zoroark\n|-damage|p1a: Zoroark|59\/100\n|\n|-heal|p1a: Zoroark|65\/100|[from] item: Leftovers\n|upkeep\n|turn|15\n|\n|t:|1697916582\n|move|p1a: Zoroark|Psychic|p2a: Arcanine\n|-damage|p2a: Arcanine|21\/100\n|move|p2a: Arcanine|Fire Blast|p1a: Zoroark\n|-damage|p1a: Zoroark|26\/100\n|\n|-heal|p1a: Zoroark|32\/100|[from] item: Leftovers\n|upkeep\n|turn|16\n|\n|t:|1697916599\n|move|p1a: Zoroark|Psychic|p2a: Arcanine\n|-damage|p2a: Arcanine|0 fnt\n|faint|p2a: Arcanine\n|\n|-heal|p1a: Zoroark|38\/100|[from] item: Leftovers\n|upkeep\n|\n|t:|1697916604\n|switch|p2a: Darkrai|Darkrai|100\/100\n|turn|17\n|\n|t:|1697916613\n|move|p2a: Darkrai|Dark Pulse|p1a: Zoroark\n|-resisted|p1a: Zoroark\n|-damage|p1a: Zoroark|20\/100\n|cant|p1a: Zoroark|flinch\n|\n|-heal|p1a: Zoroark|26\/100|[from] item: Leftovers\n|upkeep\n|turn|18\n|\n|t:|1697916623\n|move|p2a: Darkrai|Focus Blast|p1a: Zoroark|[miss]\n|-miss|p2a: Darkrai|p1a: Zoroark\n|move|p1a: Zoroark|Knock Off|p2a: Darkrai\n|-resisted|p2a: Darkrai\n|-damage|p2a: Darkrai|91\/100\n|-damage|p1a: Zoroark|10\/100|[from] item: Rocky Helmet|[of] p2a: Darkrai\n|-enditem|p2a: Darkrai|Rocky Helmet|[from] move: Knock Off|[of] p1a: Zoroark\n|\n|-heal|p1a: Zoroark|16\/100|[from] item: Leftovers\n|upkeep\n|turn|19\n|\n|t:|1697916632\n|move|p2a: Darkrai|Dark Pulse|p1a: Zoroark\n|-resisted|p1a: Zoroark\n|-damage|p1a: Zoroark|0 fnt\n|faint|p1a: Zoroark\n|\n|upkeep\n|\n|t:|1697916636\n|switch|p1a: Krookodile|Krookodile, F|100\/100\n|turn|20\n|\n|t:|1697916649\n|move|p2a: Darkrai|Dark Pulse|p1a: Krookodile\n|-resisted|p1a: Krookodile\n|-crit|p1a: Krookodile\n|-damage|p1a: Krookodile|65\/100\n|move|p1a: Krookodile|Bulk Up|p1a: Krookodile\n|-boost|p1a: Krookodile|atk|1\n|-boost|p1a: Krookodile|def|1\n|\n|-heal|p1a: Krookodile|71\/100|[from] item: Leftovers\n|upkeep\n|turn|21\n|\n|t:|1697916657\n|move|p2a: Darkrai|Hypnosis|p1a: Krookodile\n|-status|p1a: Krookodile|slp|[from] move: Hypnosis\n|cant|p1a: Krookodile|slp\n|\n|-heal|p1a: Krookodile|77\/100 slp|[from] item: Leftovers\n|-damage|p1a: Krookodile|65\/100 slp|[from] ability: Bad Dreams|[of] p2a: Darkrai\n|upkeep\n|turn|22\n|\n|t:|1697916666\n|move|p2a: Darkrai|Dark Pulse|p1a: Krookodile\n|-resisted|p1a: Krookodile\n|-damage|p1a: Krookodile|39\/100 slp\n|-curestatus|p1a: Krookodile|slp|[msg]\n|move|p1a: Krookodile|Bulk Up|p1a: Krookodile\n|-boost|p1a: Krookodile|atk|1\n|-boost|p1a: Krookodile|def|1\n|\n|-heal|p1a: Krookodile|46\/100|[from] item: Leftovers\n|upkeep\n|turn|23\n|\n|t:|1697916675\n|move|p2a: Darkrai|Dark Pulse|p1a: Krookodile\n|-resisted|p1a: Krookodile\n|-damage|p1a: Krookodile|21\/100\n|cant|p1a: Krookodile|flinch\n|\n|-heal|p1a: Krookodile|27\/100|[from] item: Leftovers\n|upkeep\n|turn|24\n|\n|t:|1697916681\n|move|p2a: Darkrai|Dark Pulse|p1a: Krookodile\n|-resisted|p1a: Krookodile\n|-damage|p1a: Krookodile|0 fnt\n|faint|p1a: Krookodile\n|\n|upkeep\n|\n|t:|1697916685\n|switch|p1a: Muk|Muk-Alola, M|100\/100\n|turn|25\n|\n|t:|1697916691\n|move|p2a: Darkrai|Blizzard|p1a: Muk|[miss]\n|-miss|p2a: Darkrai|p1a: Muk\n|move|p1a: Muk|Brick Break|p2a: Darkrai\n|-supereffective|p2a: Darkrai\n|-damage|p2a: Darkrai|37\/100\n|\n|upkeep\n|turn|26\n|\n|t:|1697916699\n|move|p2a: Darkrai|Dark Pulse|p1a: Muk\n|-resisted|p1a: Muk\n|-damage|p1a: Muk|85\/100\n|move|p1a: Muk|Brick Break|p2a: Darkrai\n|-supereffective|p2a: Darkrai\n|-damage|p2a: Darkrai|0 fnt\n|faint|p2a: Darkrai\n|\n|-heal|p1a: Muk|91\/100|[from] item: Leftovers\n|upkeep\n|\n|t:|1697916708\n|switch|p2a: Arceus|Arceus-Electric|100\/100\n|turn|27\n|\n|t:|1697916715\n|move|p2a: Arceus|Thunderbolt|p1a: Muk\n|-damage|p1a: Muk|54\/100\n|-status|p1a: Muk|par\n|move|p1a: Muk|Toxic|p2a: Arceus\n|-status|p2a: Arceus|tox\n|\n|-heal|p1a: Muk|60\/100 par|[from] item: Leftovers\n|-damage|p2a: Arceus|94\/100 tox|[from] psn\n|upkeep\n|turn|28\n|\n|t:|1697916725\n|move|p2a: Arceus|Thunder|p1a: Muk\n|-damage|p1a: Muk|10\/100 par\n|move|p1a: Muk|Crunch|p2a: Arceus\n|-damage|p2a: Arceus|72\/100 tox\n|\n|-heal|p1a: Muk|16\/100 par|[from] item: Leftovers\n|-damage|p2a: Arceus|60\/100 tox|[from] psn\n|upkeep\n|turn|29\n|\n|t:|1697916735\n|move|p2a: Arceus|Stealth Rock|p1a: Muk\n|-sidestart|p1: gengengalixy|move: Stealth Rock\n|move|p1a: Muk|Brick Break|p2a: Arceus\n|-damage|p2a: Arceus|44\/100 tox\n|\n|-heal|p1a: Muk|22\/100 par|[from] item: Leftovers\n|-damage|p2a: Arceus|26\/100 tox|[from] psn\n|upkeep\n|turn|30\n|\n|t:|1697916743\n|move|p2a: Arceus|Thunderbolt|p1a: Muk\n|-damage|p1a: Muk|0 fnt\n|faint|p1a: Muk\n|\n|-damage|p2a: Arceus|2\/100 tox|[from] psn\n|upkeep\n|\n|t:|1697916747\n|switch|p1a: Hydreigon|Hydreigon, M|100\/100\n|-damage|p1a: Hydreigon|88\/100|[from] Stealth Rock\n|turn|31\n|c|\u2606gengengalixy|gg\n|\n|t:|1697916754\n|-terastallize|p1a: Hydreigon|Dark\n|move|p2a: Arceus|Thunder|p1a: Hydreigon\n|-damage|p1a: Hydreigon|26\/100\n|-status|p1a: Hydreigon|par\n|cant|p1a: Hydreigon|par\n|\n|-damage|p2a: Arceus|0 fnt|[from] psn\n|faint|p2a: Arceus\n|upkeep\n|\n|t:|1697916769\n|switch|p2a: Mewtwo|Mewtwo|100\/100\n|-ability|p2a: Mewtwo|Pressure\n|turn|32\n|\n|t:|1697916777\n|move|p2a: Mewtwo|Earthquake|p1a: Hydreigon\n|-immune|p1a: Hydreigon|[from] ability: Levitate\n|move|p1a: Hydreigon|Dark Pulse|p2a: Mewtwo\n|-supereffective|p2a: Mewtwo\n|-damage|p2a: Mewtwo|0 fnt\n|faint|p2a: Mewtwo\n|\n|win|gengengalixy\n|raw|gengengalixy's rating: 1112 &rarr; <strong>1132<\/strong><br \/>(+20 for winning)\n|raw|Discoolz's rating: 1042 &rarr; <strong>1029<\/strong><br \/>(-13 for losing)\n","uploadtime":1697916786,"views":10,"p1id":"gengengalixy","p2id":"discoolz","formatid":"gen9anythinggoes","rating":1029,"private":0,"password":""}