{"id":"gen9anythinggoes-1978150997","p1":"Terra_Spectrum8293","p2":"guccigorrila","format":"[Gen 9] Anything Goes","log":"|j|\u2606Terra_Spectrum8293\n|j|\u2606guccigorrila\n|t:|1698505560\n|gametype|singles\n|player|p1|Terra_Spectrum8293|nessa|1097\n|player|p2|guccigorrila|266|1060\n|teamsize|p1|6\n|teamsize|p2|6\n|gen|9\n|tier|[Gen 9] Anything Goes\n|rated|\n|rule|HP Percentage Mod: HP is shown in percentages\n|rule|Endless Battle Clause: Forcing endless battles is banned\n|clearpoke\n|poke|p1|Zoroark-Hisui, M|\n|poke|p1|Dragapult, F|\n|poke|p1|Breloom, F|\n|poke|p1|Pawmot, F|\n|poke|p1|Walking Wake|\n|poke|p1|Koraidon|\n|poke|p2|Mewtwo|\n|poke|p2|Tauros-Paldea-Blaze, M|\n|poke|p2|Leafeon, F|\n|poke|p2|Golem, F|\n|poke|p2|Vivillon, M|\n|poke|p2|Toxtricity, M|\n|teampreview\n|inactive|Battle timer is ON: inactive players will automatically lose when time's up. (requested by Terra_Spectrum8293)\n|inactive|guccigorrila has 120 seconds left.\n|\n|t:|1698505597\n|start\n|switch|p1a: Eerie|Dragapult, F|100\/100\n|switch|p2a: Toxtricity|Toxtricity, M|100\/100\n|turn|1\n|\n|t:|1698505603\n|move|p1a: Eerie|Taunt|p2a: Toxtricity\n|-start|p2a: Toxtricity|move: Taunt\n|cant|p2a: Toxtricity|move: Taunt|Toxic Spikes\n|\n|upkeep\n|turn|2\n|\n|t:|1698505611\n|move|p1a: Eerie|Calm Mind|p1a: Eerie\n|-boost|p1a: Eerie|spa|1\n|-boost|p1a: Eerie|spd|1\n|move|p2a: Toxtricity|Discharge|p1a: Eerie\n|-damage|p1a: Eerie|61\/100\n|-status|p1a: Eerie|par\n|replace|p1a: Hello There.|Zoroark-Hisui, M\n|-end|p1a: Hello There.|Illusion\n|\n|upkeep\n|turn|3\n|\n|t:|1698505621\n|move|p2a: Toxtricity|Discharge|p1a: Hello There.\n|-crit|p1a: Hello There.\n|-damage|p1a: Hello There.|0 fnt\n|faint|p1a: Hello There.\n|\n|-end|p2a: Toxtricity|move: Taunt\n|upkeep\n|\n|t:|1698505631\n|switch|p1a: Pachy|Breloom, F, shiny|100\/100\n|turn|4\n|\n|t:|1698505636\n|move|p2a: Toxtricity|Toxic Spikes|p1a: Pachy\n|-sidestart|p1: Terra_Spectrum8293|move: Toxic Spikes\n|move|p1a: Pachy|Spore|p2a: Toxtricity\n|-status|p2a: Toxtricity|slp|[from] move: Spore\n|\n|-status|p1a: Pachy|tox|[from] item: Toxic Orb\n|upkeep\n|turn|5\n|\n|t:|1698505644\n|cant|p2a: Toxtricity|slp\n|move|p1a: Pachy|Facade|p2a: Toxtricity\n|-damage|p2a: Toxtricity|27\/100 slp\n|\n|upkeep\n|turn|6\n|\n|t:|1698505652\n|switch|p2a: Golem|Golem, F|100\/100\n|move|p1a: Pachy|Facade|p2a: Golem\n|-resisted|p2a: Golem\n|-damage|p2a: Golem|80\/100\n|-damage|p1a: Pachy|84\/100 tox|[from] item: Rocky Helmet|[of] p2a: Golem\n|\n|-heal|p1a: Pachy|96\/100 tox|[from] ability: Poison Heal\n|upkeep\n|turn|7\n|\n|t:|1698505663\n|move|p2a: Golem|Focus Blast|p1a: Pachy\n|-damage|p1a: Pachy|67\/100 tox\n|move|p1a: Pachy|Spore|p2a: Golem\n|-status|p2a: Golem|slp|[from] move: Spore\n|\n|-heal|p1a: Pachy|80\/100 tox|[from] ability: Poison Heal\n|upkeep\n|turn|8\n|\n|t:|1698505672\n|cant|p2a: Golem|slp\n|move|p1a: Pachy|Seed Bomb|p2a: Golem\n|-supereffective|p2a: Golem\n|-damage|p2a: Golem|0 fnt\n|faint|p2a: Golem\n|\n|-heal|p1a: Pachy|92\/100 tox|[from] ability: Poison Heal\n|upkeep\n|\n|t:|1698505682\n|switch|p2a: Tauros|Tauros-Paldea-Blaze, M|100\/100\n|-ability|p2a: Tauros|Intimidate|boost\n|-unboost|p1a: Pachy|atk|1\n|turn|9\n|\n|t:|1698505688\n|switch|p1a: Raptor|Walking Wake|100\/100\n|-status|p1a: Raptor|psn\n|move|p2a: Tauros|Flamethrower|p1a: Raptor\n|-resisted|p1a: Raptor\n|-damage|p1a: Raptor|97\/100 psn\n|\n|-damage|p1a: Raptor|85\/100 psn|[from] psn\n|upkeep\n|turn|10\n|\n|t:|1698505701\n|move|p1a: Raptor|Agility|p1a: Raptor\n|-boost|p1a: Raptor|spe|2\n|move|p2a: Tauros|Earthquake|p1a: Raptor\n|-damage|p1a: Raptor|59\/100 psn\n|\n|-damage|p1a: Raptor|47\/100 psn|[from] psn\n|upkeep\n|turn|11\n|\n|t:|1698505709\n|move|p1a: Raptor|Surf|p2a: Tauros\n|-supereffective|p2a: Tauros\n|-damage|p2a: Tauros|0 fnt\n|faint|p2a: Tauros\n|\n|-damage|p1a: Raptor|34\/100 psn|[from] psn\n|upkeep\n|\n|t:|1698505717\n|switch|p2a: Mewtwo|Mewtwo|100\/100\n|-ability|p2a: Mewtwo|Pressure\n|turn|12\n|\n|t:|1698505726\n|move|p1a: Raptor|Flamethrower|p2a: Mewtwo\n|-damage|p2a: Mewtwo|70\/100\n|move|p2a: Mewtwo|Energy Ball|p1a: Raptor\n|-crit|p1a: Raptor\n|-damage|p1a: Raptor|0 fnt\n|faint|p1a: Raptor\n|-end|p1a: Raptor|Protosynthesis|[silent]\n|\n|upkeep\n|\n|t:|1698505735\n|switch|p1a: Eerie|Dragapult, F|100\/100\n|-status|p1a: Eerie|psn\n|turn|13\n|\n|t:|1698505740\n|move|p1a: Eerie|Phantom Force||[still]\n|-prepare|p1a: Eerie|Phantom Force\n|move|p2a: Mewtwo|Energy Ball|p1a: Eerie|[miss]\n|-miss|p2a: Mewtwo|p1a: Eerie\n|\n|-damage|p1a: Eerie|88\/100 psn|[from] psn\n|upkeep\n|turn|14\n|\n|t:|1698505747\n|move|p1a: Eerie|Phantom Force|p2a: Mewtwo|[from]lockedmove\n|-supereffective|p2a: Mewtwo\n|-damage|p2a: Mewtwo|0 fnt\n|faint|p2a: Mewtwo\n|\n|-damage|p1a: Eerie|76\/100 psn|[from] psn\n|upkeep\n|\n|t:|1698505755\n|switch|p2a: Vivillon|Vivillon, M|100\/100\n|turn|15\n|\n|t:|1698505762\n|move|p1a: Eerie|Phantom Force||[still]\n|-prepare|p1a: Eerie|Phantom Force\n|move|p2a: Vivillon|Acrobatics|p1a: Eerie|[miss]\n|-miss|p2a: Vivillon|p1a: Eerie\n|\n|-damage|p1a: Eerie|64\/100 psn|[from] psn\n|upkeep\n|turn|16\n|\n|t:|1698505771\n|move|p1a: Eerie|Phantom Force|p2a: Vivillon|[from]lockedmove\n|-damage|p2a: Vivillon|10\/100\n|move|p2a: Vivillon|Hurricane|p1a: Eerie|[miss]\n|-miss|p2a: Vivillon|p1a: Eerie\n|\n|-damage|p1a: Eerie|51\/100 psn|[from] psn\n|upkeep\n|turn|17\n|\n|t:|1698505781\n|switch|p2a: Leafeon|Leafeon, F|100\/100\n|move|p1a: Eerie|Dragon Darts|p2a: Leafeon\n|-damage|p2a: Leafeon|77\/100\n|-anim|p1a: Eerie|Dragon Darts|p2a: Leafeon\n|-damage|p2a: Leafeon|54\/100\n|\n|-damage|p1a: Eerie|39\/100 psn|[from] psn\n|upkeep\n|turn|18\n|\n|t:|1698505792\n|move|p1a: Eerie|Phantom Force||[still]\n|-prepare|p1a: Eerie|Phantom Force\n|move|p2a: Leafeon|Energy Ball|p1a: Eerie|[miss]\n|-miss|p2a: Leafeon|p1a: Eerie\n|\n|-damage|p1a: Eerie|27\/100 psn|[from] psn\n|upkeep\n|turn|19\n|\n|t:|1698505800\n|move|p1a: Eerie|Phantom Force|p2a: Leafeon|[from]lockedmove\n|-damage|p2a: Leafeon|7\/100\n|-enditem|p2a: Leafeon|Aguav Berry|[eat]\n|-heal|p2a: Leafeon|40\/100|[from] item: Aguav Berry\n|move|p2a: Leafeon|Grass Knot|p1a: Eerie\n|-resisted|p1a: Eerie\n|-damage|p1a: Eerie|14\/100 psn\n|\n|-damage|p1a: Eerie|1\/100 psn|[from] psn\n|upkeep\n|turn|20\n|\n|t:|1698505812\n|move|p1a: Eerie|Dragon Darts|p2a: Leafeon\n|-damage|p2a: Leafeon|15\/100\n|-anim|p1a: Eerie|Dragon Darts|p2a: Leafeon\n|-damage|p2a: Leafeon|0 fnt\n|faint|p2a: Leafeon\n|\n|-damage|p1a: Eerie|0 fnt|[from] psn\n|faint|p1a: Eerie\n|upkeep\n|\n|t:|1698505820\n|switch|p1a: Pachy|Breloom, F, shiny|92\/100 tox\n|switch|p2a: Toxtricity|Toxtricity, M|27\/100 slp\n|turn|21\n|\n|t:|1698505827\n|-curestatus|p2a: Toxtricity|slp|[msg]\n|move|p2a: Toxtricity|Discharge|p1a: Pachy\n|-resisted|p1a: Pachy\n|-damage|p1a: Pachy|69\/100 tox\n|move|p1a: Pachy|Spore|p2a: Toxtricity\n|-status|p2a: Toxtricity|slp|[from] move: Spore\n|\n|-heal|p1a: Pachy|81\/100 tox|[from] ability: Poison Heal\n|upkeep\n|turn|22\n|\n|t:|1698505839\n|switch|p1a: Teddy|Pawmot, F|100\/100\n|-status|p1a: Teddy|psn\n|cant|p2a: Toxtricity|slp\n|\n|-damage|p1a: Teddy|88\/100 psn|[from] psn\n|upkeep\n|turn|23\n|\n|t:|1698505848\n|switch|p2a: Vivillon|Vivillon, M|10\/100\n|move|p1a: Teddy|Bulk Up|p1a: Teddy\n|-boost|p1a: Teddy|atk|1\n|-boost|p1a: Teddy|def|1\n|\n|-damage|p1a: Teddy|76\/100 psn|[from] psn\n|upkeep\n|turn|24\n|\n|t:|1698505858\n|move|p1a: Teddy|Mach Punch|p2a: Vivillon\n|-resisted|p2a: Vivillon\n|-damage|p2a: Vivillon|0 fnt\n|faint|p2a: Vivillon\n|\n|-damage|p1a: Teddy|63\/100 psn|[from] psn\n|upkeep\n|inactive|guccigorrila has 120 seconds left.\n|\n|t:|1698505909\n|switch|p2a: Toxtricity|Toxtricity, M|27\/100 slp\n|turn|25\n|\n|t:|1698505916\n|move|p1a: Teddy|Bulk Up|p1a: Teddy\n|-boost|p1a: Teddy|atk|1\n|-boost|p1a: Teddy|def|1\n|cant|p2a: Toxtricity|slp\n|\n|-damage|p1a: Teddy|51\/100 psn|[from] psn\n|upkeep\n|turn|26\n|\n|t:|1698505928\n|-terastallize|p2a: Toxtricity|Electric\n|move|p1a: Teddy|Mach Punch|p2a: Toxtricity\n|-damage|p2a: Toxtricity|0 fnt\n|faint|p2a: Toxtricity\n|\n|win|Terra_Spectrum8293\n|raw|Terra_Spectrum8293's rating: 1097 &rarr; <strong>1120<\/strong><br \/>(+23 for winning)\n|raw|guccigorrila's rating: 1060 &rarr; <strong>1043<\/strong><br \/>(-17 for losing)\n|l|\u2606guccigorrila\n","uploadtime":1698505941,"views":5,"p1id":"terraspectrum8293","p2id":"guccigorrila","formatid":"gen9anythinggoes","rating":1043,"private":0,"password":""}