{"id":"gen9anythinggoes-1975572932","p1":"Sprixial","p2":"Mr_Giavonni","format":"[Gen 9] Anything Goes","log":"|j|\u2606Sprixial\n|j|\u203dMr_Giavonni\n|t:|1698206637\n|gametype|singles\n|player|p1|Sprixial|101|1101\n|player|p2|Mr_Giavonni|266|1039\n|teamsize|p1|6\n|teamsize|p2|6\n|gen|9\n|tier|[Gen 9] Anything Goes\n|rated|\n|rule|HP Percentage Mod: HP is shown in percentages\n|rule|Endless Battle Clause: Forcing endless battles is banned\n|clearpoke\n|poke|p1|Rayquaza|\n|poke|p1|Kyogre|\n|poke|p1|Arceus-Electric|\n|poke|p1|Groudon|\n|poke|p1|Zacian-*|\n|poke|p1|Calyrex-Shadow|\n|poke|p2|Pawmot, F|\n|poke|p2|Pawmot, M|\n|poke|p2|Pawmot, M|\n|poke|p2|Houndstone, F|\n|poke|p2|Espathra, F|\n|poke|p2|Samurott-Hisui, F|\n|teampreview\n|\n|t:|1698206648\n|start\n|switch|p1a: Groudon|Groudon|100\/100\n|switch|p2a: Samurott|Samurott-Hisui, F|100\/100\n|-weather|SunnyDay|[from] ability: Drought|[of] p1a: Groudon\n|turn|1\n|\n|t:|1698206657\n|move|p2a: Samurott|Ceaseless Edge|p1a: Groudon\n|-damage|p1a: Groudon|74\/100\n|-sidestart|p1: Sprixial|Spikes\n|move|p1a: Groudon|Spikes|p2a: Samurott\n|-sidestart|p2: Mr_Giavonni|Spikes\n|\n|-weather|SunnyDay|[upkeep]\n|-status|p1a: Groudon|brn|[from] item: Flame Orb\n|upkeep\n|turn|2\n|\n|t:|1698206664\n|move|p2a: Samurott|Ceaseless Edge|p1a: Groudon\n|-damage|p1a: Groudon|47\/100 brn\n|-sidestart|p1: Sprixial|Spikes\n|move|p1a: Groudon|Spikes|p2a: Samurott\n|-sidestart|p2: Mr_Giavonni|Spikes\n|\n|-weather|SunnyDay|[upkeep]\n|-damage|p1a: Groudon|41\/100 brn|[from] brn\n|upkeep\n|turn|3\n|\n|t:|1698206672\n|move|p2a: Samurott|Ceaseless Edge|p1a: Groudon\n|-damage|p1a: Groudon|13\/100 brn\n|-sidestart|p1: Sprixial|Spikes\n|move|p1a: Groudon|Spikes|p2a: Samurott\n|-sidestart|p2: Mr_Giavonni|Spikes\n|\n|-weather|SunnyDay|[upkeep]\n|-damage|p1a: Groudon|7\/100 brn|[from] brn\n|upkeep\n|turn|4\n|\n|t:|1698206680\n|move|p2a: Samurott|Ceaseless Edge|p1a: Groudon\n|-damage|p1a: Groudon|0 fnt\n|faint|p1a: Groudon\n|\n|-weather|SunnyDay|[upkeep]\n|upkeep\n|\n|t:|1698206688\n|switch|p1a: Rayquaza|Rayquaza, shiny|100\/100\n|-ability|p1a: Rayquaza|Air Lock\n|turn|5\n|\n|t:|1698206695\n|move|p2a: Samurott|Ceaseless Edge|p1a: Rayquaza\n|-damage|p1a: Rayquaza|61\/100\n|move|p1a: Rayquaza|Earthquake|p2a: Samurott\n|-damage|p2a: Samurott|42\/100\n|-damage|p1a: Rayquaza|51\/100|[from] item: Life Orb\n|\n|-weather|none\n|upkeep\n|turn|6\n|\n|t:|1698206713\n|move|p2a: Samurott|Ceaseless Edge|p1a: Rayquaza\n|-damage|p1a: Rayquaza|10\/100\n|move|p1a: Rayquaza|Earthquake|p2a: Samurott\n|-damage|p2a: Samurott|0 fnt\n|faint|p2a: Samurott\n|-damage|p1a: Rayquaza|0 fnt|[from] item: Life Orb\n|faint|p1a: Rayquaza\n|\n|upkeep\n|\n|t:|1698206731\n|switch|p2a: Pawmot|Pawmot, M|100\/100\n|switch|p1a: Kyogre|Kyogre, shiny|100\/100\n|-damage|p2a: Pawmot|76\/100|[from] Spikes\n|-damage|p1a: Kyogre|76\/100|[from] Spikes\n|-weather|RainDance|[from] ability: Drizzle|[of] p1a: Kyogre\n|turn|7\n|\n|t:|1698206739\n|move|p2a: Pawmot|Revival Blessing|p2a: Pawmot\n|-enditem|p2a: Pawmot|Leppa Berry|[eat]\n|-activate|p2a: Pawmot|item: Leppa Berry|Revival Blessing|[consumed]\n|\n|t:|1698206741\n|-heal|p2: Samurott|50\/100|[from] move: Revival Blessing\n|move|p1a: Kyogre|Earthquake|p2a: Pawmot\n|-supereffective|p2a: Pawmot\n|-damage|p2a: Pawmot|0 fnt\n|faint|p2a: Pawmot\n|\n|-weather|RainDance|[upkeep]\n|-heal|p1a: Kyogre|82\/100|[from] item: Leftovers\n|upkeep\n|\n|t:|1698206748\n|switch|p2a: Pawmot|Pawmot, M|100\/100\n|-damage|p2a: Pawmot|76\/100|[from] Spikes\n|turn|8\n|\n|t:|1698206752\n|move|p2a: Pawmot|Revival Blessing|p2a: Pawmot\n|-enditem|p2a: Pawmot|Leppa Berry|[eat]\n|-activate|p2a: Pawmot|item: Leppa Berry|Revival Blessing|[consumed]\n|\n|t:|1698206755\n|-heal|p2: Pawmot|50\/100|[from] move: Revival Blessing\n|move|p1a: Kyogre|Earthquake|p2a: Pawmot\n|-supereffective|p2a: Pawmot\n|-damage|p2a: Pawmot|0 fnt\n|faint|p2a: Pawmot\n|\n|-weather|RainDance|[upkeep]\n|-heal|p1a: Kyogre|88\/100|[from] item: Leftovers\n|upkeep\n|\n|t:|1698206761\n|switch|p2a: Pawmot|Pawmot, F|100\/100\n|-damage|p2a: Pawmot|76\/100|[from] Spikes\n|turn|9\n|\n|t:|1698206766\n|move|p2a: Pawmot|Revival Blessing|p2a: Pawmot\n|-enditem|p2a: Pawmot|Leppa Berry|[eat]\n|-activate|p2a: Pawmot|item: Leppa Berry|Revival Blessing|[consumed]\n|\n|t:|1698206769\n|-heal|p2: Pawmot|50\/100|[from] move: Revival Blessing\n|move|p1a: Kyogre|Earthquake|p2a: Pawmot\n|-supereffective|p2a: Pawmot\n|-damage|p2a: Pawmot|0 fnt\n|faint|p2a: Pawmot\n|\n|-weather|RainDance|[upkeep]\n|-heal|p1a: Kyogre|94\/100|[from] item: Leftovers\n|upkeep\n|\n|t:|1698206775\n|switch|p2a: Pawmot|Pawmot, M|50\/100\n|-damage|p2a: Pawmot|25\/100|[from] Spikes\n|turn|10\n|\n|t:|1698206781\n|move|p2a: Pawmot|Discharge|p1a: Kyogre\n|-supereffective|p1a: Kyogre\n|-damage|p1a: Kyogre|54\/100\n|move|p1a: Kyogre|Earthquake|p2a: Pawmot\n|-supereffective|p2a: Pawmot\n|-damage|p2a: Pawmot|0 fnt\n|faint|p2a: Pawmot\n|\n|-weather|RainDance|[upkeep]\n|-heal|p1a: Kyogre|60\/100|[from] item: Leftovers\n|upkeep\n|\n|t:|1698206791\n|switch|p2a: Pawmot|Pawmot, M|50\/100\n|-damage|p2a: Pawmot|25\/100|[from] Spikes\n|turn|11\n|\n|t:|1698206795\n|move|p2a: Pawmot|Revival Blessing|p2a: Pawmot\n|\n|t:|1698206799\n|-heal|p2: Pawmot|50\/100|[from] move: Revival Blessing\n|move|p1a: Kyogre|Earthquake|p2a: Pawmot\n|-supereffective|p2a: Pawmot\n|-damage|p2a: Pawmot|0 fnt\n|faint|p2a: Pawmot\n|\n|-weather|none\n|-heal|p1a: Kyogre|66\/100|[from] item: Leftovers\n|upkeep\n|\n|t:|1698206802\n|switch|p2a: Pawmot|Pawmot, M|50\/100\n|-damage|p2a: Pawmot|25\/100|[from] Spikes\n|turn|12\n|\n|t:|1698206810\n|move|p2a: Pawmot|Discharge|p1a: Kyogre\n|-supereffective|p1a: Kyogre\n|-damage|p1a: Kyogre|26\/100\n|-status|p1a: Kyogre|par\n|move|p1a: Kyogre|Earthquake|p2a: Pawmot\n|-supereffective|p2a: Pawmot\n|-damage|p2a: Pawmot|0 fnt\n|faint|p2a: Pawmot\n|\n|-heal|p1a: Kyogre|32\/100 par|[from] item: Leftovers\n|upkeep\n|\n|t:|1698206816\n|switch|p2a: Espathra|Espathra, F|100\/100\n|-damage|p2a: Espathra|76\/100|[from] Spikes\n|turn|13\n|\n|t:|1698206823\n|move|p2a: Espathra|Lumina Crash|p1a: Kyogre\n|-damage|p1a: Kyogre|12\/100 par\n|-unboost|p1a: Kyogre|spd|2\n|move|p1a: Kyogre|Origin Pulse|p2a: Espathra\n|-damage|p2a: Espathra|7\/100\n|\n|-heal|p1a: Kyogre|19\/100 par|[from] item: Leftovers\n|upkeep\n|turn|14\n|\n|t:|1698206832\n|move|p2a: Espathra|Lumina Crash|p1a: Kyogre\n|-damage|p1a: Kyogre|0 fnt\n|faint|p1a: Kyogre\n|\n|upkeep\n|\n|t:|1698206845\n|switch|p1a: Zacian|Zacian-Crowned, shiny|100\/100\n|-damage|p1a: Zacian|76\/100|[from] Spikes\n|-ability|p1a: Zacian|Intrepid Sword|boost\n|-boost|p1a: Zacian|atk|1\n|-ability|p2a: Espathra|Opportunist|boost\n|-boost|p2a: Espathra|atk|1\n|turn|15\n|\n|t:|1698206853\n|move|p1a: Zacian|Moonblast|p2a: Espathra\n|-damage|p2a: Espathra|0 fnt\n|faint|p2a: Espathra\n|\n|upkeep\n|\n|t:|1698206857\n|switch|p2a: Samurott|Samurott-Hisui, F|50\/100\n|-damage|p2a: Samurott|25\/100|[from] Spikes\n|turn|16\n|\n|t:|1698206861\n|move|p1a: Zacian|Close Combat|p2a: Samurott\n|-supereffective|p2a: Samurott\n|-damage|p2a: Samurott|0 fnt\n|-unboost|p1a: Zacian|def|1\n|-unboost|p1a: Zacian|spd|1\n|faint|p2a: Samurott\n|\n|upkeep\n|\n|t:|1698206864\n|switch|p2a: Houndstone|Houndstone, F|100\/100\n|-damage|p2a: Houndstone|76\/100|[from] Spikes\n|turn|17\n|\n|t:|1698206871\n|switch|p1a: Calyrex|Calyrex-Shadow|100\/100\n|-ability|p1a: Calyrex|As One\n|-ability|p1a: Calyrex|Unnerve\n|-damage|p1a: Calyrex|76\/100|[from] Spikes\n|move|p2a: Houndstone|Last Respects|p1a: Calyrex\n|-supereffective|p1a: Calyrex\n|-damage|p1a: Calyrex|0 fnt\n|faint|p1a: Calyrex\n|\n|upkeep\n|\n|t:|1698206882\n|switch|p1a: Arceus|Arceus-Electric, shiny|100\/100\n|-damage|p1a: Arceus|76\/100|[from] Spikes\n|turn|18\n|\n|t:|1698206893\n|-terastallize|p2a: Houndstone|Fighting\n|move|p1a: Arceus|Extreme Speed|p2a: Houndstone\n|-damage|p2a: Houndstone|42\/100\n|move|p2a: Houndstone|Last Respects|p1a: Arceus\n|-damage|p1a: Arceus|0 fnt\n|faint|p1a: Arceus\n|\n|upkeep\n|\n|t:|1698206900\n|switch|p1a: Zacian|Zacian-Crowned, shiny|76\/100\n|-damage|p1a: Zacian|51\/100|[from] Spikes\n|turn|19\n|\n|t:|1698206908\n|move|p1a: Zacian|Psychic Fangs|p2a: Houndstone\n|-supereffective|p2a: Houndstone\n|-damage|p2a: Houndstone|0 fnt\n|faint|p2a: Houndstone\n|\n|win|Sprixial\n|raw|Sprixial's rating: 1101 &rarr; <strong>1122<\/strong><br \/>(+21 for winning)\n|raw|Mr_Giavonni's rating: 1039 &rarr; <strong>1026<\/strong><br \/>(-13 for losing)\n|l|\u2606Sprixial\n","uploadtime":1698206920,"views":10,"p1id":"sprixial","p2id":"mrgiavonni","formatid":"gen9anythinggoes","rating":1026,"private":0,"password":""}