{"id":"gen9anythinggoes-1990172302","p1":"Sgamertv","p2":"YoungEsq","format":"[Gen 9] Anything Goes","log":"|j|\u2606Sgamertv\n|j|\u2606YoungEsq\n|t:|1699932670\n|gametype|singles\n|player|p1|Sgamertv|cynthia|1516\n|player|p2|YoungEsq|2|1360\n|teamsize|p1|6\n|teamsize|p2|6\n|gen|9\n|tier|[Gen 9] Anything Goes\n|rated|\n|rule|HP Percentage Mod: HP is shown in percentages\n|rule|Endless Battle Clause: Forcing endless battles is banned\n|clearpoke\n|poke|p1|Torkoal, F|\n|poke|p1|Sandy Shocks|\n|poke|p1|Roaring Moon|\n|poke|p1|Dragonite, M|\n|poke|p1|Annihilape, F|\n|poke|p1|Walking Wake|\n|poke|p2|Ting-Lu|\n|poke|p2|Gholdengo|\n|poke|p2|Roaring Moon|\n|poke|p2|Chi-Yu|\n|poke|p2|Samurott-Hisui, F|\n|poke|p2|Mandibuzz, F|\n|teampreview\n|inactive|Battle timer is ON: inactive players will automatically lose when time's up. (requested by YoungEsq)\n|\n|t:|1699932676\n|start\n|switch|p1a: Torkoal|Torkoal, F|100\/100\n|switch|p2a: Ting-Lu|Ting-Lu|100\/100\n|-ability|p2a: Ting-Lu|Vessel of Ruin\n|-weather|SunnyDay|[from] ability: Drought|[of] p1a: Torkoal\n|turn|1\n|\n|t:|1699932685\n|move|p2a: Ting-Lu|Stealth Rock|p1a: Torkoal\n|-sidestart|p1: Sgamertv|move: Stealth Rock\n|move|p1a: Torkoal|Stealth Rock|p2a: Ting-Lu\n|-sidestart|p2: YoungEsq|move: Stealth Rock\n|\n|-weather|SunnyDay|[upkeep]\n|upkeep\n|turn|2\n|\n|t:|1699932691\n|move|p1a: Torkoal|Lava Plume|p2a: Ting-Lu\n|-damage|p2a: Ting-Lu|85\/100\n|-status|p2a: Ting-Lu|brn\n|move|p2a: Ting-Lu|Whirlwind|p1a: Torkoal\n|drag|p1a: Dragonite|Dragonite, M|100\/100\n|\n|-weather|SunnyDay|[upkeep]\n|-heal|p2a: Ting-Lu|91\/100 brn|[from] item: Leftovers\n|-damage|p2a: Ting-Lu|85\/100 brn|[from] brn\n|upkeep\n|turn|3\n|\n|t:|1699932702\n|move|p1a: Dragonite|Ice Spinner|p2a: Ting-Lu\n|-supereffective|p2a: Ting-Lu\n|-damage|p2a: Ting-Lu|50\/100 brn\n|move|p2a: Ting-Lu|Whirlwind|p1a: Dragonite\n|drag|p1a: Torkoal|Torkoal, F|100\/100\n|-damage|p1a: Torkoal|76\/100|[from] Stealth Rock\n|\n|-weather|SunnyDay|[upkeep]\n|-heal|p2a: Ting-Lu|57\/100 brn|[from] item: Leftovers\n|-damage|p2a: Ting-Lu|50\/100 brn|[from] brn\n|upkeep\n|turn|4\n|\n|t:|1699932709\n|switch|p2a: Mandibuzz|Mandibuzz, F|100\/100\n|move|p1a: Torkoal|Rapid Spin|p2a: Mandibuzz\n|-damage|p2a: Mandibuzz|93\/100\n|-boost|p1a: Torkoal|spe|1\n|-sideend|p1: Sgamertv|Stealth Rock|[from] move: Rapid Spin|[of] p1a: Torkoal\n|\n|-weather|SunnyDay|[upkeep]\n|upkeep\n|turn|5\n|\n|t:|1699932718\n|switch|p1a: Annihilape|Annihilape, F|100\/100\n|move|p2a: Mandibuzz|Defog|p1a: Annihilape\n|-unboost|p1a: Annihilape|evasion|1\n|-ability|p1a: Annihilape|Defiant|boost\n|-boost|p1a: Annihilape|atk|2\n|-sideend|p2: YoungEsq|Stealth Rock|[from] move: Defog|[of] p2a: Mandibuzz\n|\n|-weather|SunnyDay|[upkeep]\n|upkeep\n|turn|6\n|\n|t:|1699932726\n|move|p1a: Annihilape|Bulk Up|p1a: Annihilape\n|-boost|p1a: Annihilape|atk|1\n|-boost|p1a: Annihilape|def|1\n|move|p2a: Mandibuzz|Toxic|p1a: Annihilape\n|-status|p1a: Annihilape|tox\n|\n|-weather|SunnyDay|[upkeep]\n|-damage|p1a: Annihilape|94\/100 tox|[from] psn\n|upkeep\n|turn|7\n|\n|t:|1699932733\n|switch|p2a: Ting-Lu|Ting-Lu|50\/100 brn\n|-ability|p2a: Ting-Lu|Vessel of Ruin\n|move|p1a: Annihilape|Bulk Up|p1a: Annihilape\n|-boost|p1a: Annihilape|atk|1\n|-boost|p1a: Annihilape|def|1\n|\n|-weather|SunnyDay|[upkeep]\n|-heal|p2a: Ting-Lu|57\/100 brn|[from] item: Leftovers\n|-damage|p1a: Annihilape|82\/100 tox|[from] psn\n|-damage|p2a: Ting-Lu|50\/100 brn|[from] brn\n|upkeep\n|turn|8\n|j| Alex_50505\n|\n|t:|1699932739\n|move|p1a: Annihilape|Drain Punch|p2a: Ting-Lu\n|-supereffective|p2a: Ting-Lu\n|-crit|p2a: Ting-Lu\n|-damage|p2a: Ting-Lu|0 fnt\n|-heal|p1a: Annihilape|100\/100 tox|[from] drain|[of] p2a: Ting-Lu\n|faint|p2a: Ting-Lu\n|\n|-weather|none\n|-damage|p1a: Annihilape|82\/100 tox|[from] psn\n|upkeep\n|\n|t:|1699932760\n|switch|p2a: Chi-Yu|Chi-Yu|100\/100\n|-ability|p2a: Chi-Yu|Beads of Ruin\n|turn|9\n|\n|t:|1699932765\n|-terastallize|p2a: Chi-Yu|Poison\n|-terastallize|p1a: Annihilape|Water\n|move|p2a: Chi-Yu|Psychic|p1a: Annihilape\n|-damage|p1a: Annihilape|55\/100 tox\n|move|p1a: Annihilape|Rest|p1a: Annihilape\n|-status|p1a: Annihilape|slp|[from] move: Rest\n|-heal|p1a: Annihilape|100\/100 slp|[silent]\n|-enditem|p1a: Annihilape|Chesto Berry|[eat]\n|-curestatus|p1a: Annihilape|slp|[msg]\n|\n|upkeep\n|turn|10\n|\n|t:|1699932776\n|switch|p2a: Samurott|Samurott-Hisui, F|100\/100\n|move|p1a: Annihilape|Rage Fist|p2a: Samurott\n|-resisted|p2a: Samurott\n|-damage|p2a: Samurott|33\/100\n|\n|upkeep\n|turn|11\n|\n|t:|1699932783\n|move|p2a: Samurott|Aqua Jet|p1a: Annihilape\n|-resisted|p1a: Annihilape\n|-damage|p1a: Annihilape|96\/100\n|move|p1a: Annihilape|Drain Punch|p2a: Samurott\n|-supereffective|p2a: Samurott\n|-damage|p2a: Samurott|0 fnt\n|-heal|p1a: Annihilape|100\/100|[from] drain|[of] p2a: Samurott\n|faint|p2a: Samurott\n|\n|upkeep\n|\n|t:|1699932791\n|switch|p2a: Chi-Yu|Chi-Yu, tera:Poison|100\/100\n|-ability|p2a: Chi-Yu|Beads of Ruin\n|turn|12\n|\n|t:|1699932794\n|move|p2a: Chi-Yu|Dark Pulse|p1a: Annihilape\n|-damage|p1a: Annihilape|62\/100\n|cant|p1a: Annihilape|flinch\n|\n|upkeep\n|turn|13\n|\n|t:|1699932800\n|move|p2a: Chi-Yu|Dark Pulse|p1a: Annihilape\n|-damage|p1a: Annihilape|26\/100\n|cant|p1a: Annihilape|flinch\n|\n|upkeep\n|turn|14\n|\n|t:|1699932810\n|switch|p1a: Torkoal|Torkoal, F|76\/100\n|-weather|SunnyDay|[from] ability: Drought|[of] p1a: Torkoal\n|move|p2a: Chi-Yu|Dark Pulse|p1a: Torkoal\n|-damage|p1a: Torkoal|5\/100\n|\n|-weather|SunnyDay|[upkeep]\n|upkeep\n|turn|15\n|\n|t:|1699932814\n|move|p2a: Chi-Yu|Dark Pulse|p1a: Torkoal\n|-damage|p1a: Torkoal|0 fnt\n|faint|p1a: Torkoal\n|\n|-weather|SunnyDay|[upkeep]\n|upkeep\n|\n|t:|1699932826\n|switch|p1a: Walking Wake|Walking Wake|100\/100\n|-activate|p1a: Walking Wake|ability: Protosynthesis\n|-start|p1a: Walking Wake|protosynthesisspa\n|turn|16\n|\n|t:|1699932831\n|switch|p2a: Mandibuzz|Mandibuzz, F|93\/100\n|move|p1a: Walking Wake|Hydro Steam|p2a: Mandibuzz\n|-damage|p2a: Mandibuzz|20\/100\n|\n|-weather|SunnyDay|[upkeep]\n|upkeep\n|turn|17\n|\n|t:|1699932837\n|move|p1a: Walking Wake|Hydro Steam|p2a: Mandibuzz\n|-damage|p2a: Mandibuzz|0 fnt\n|faint|p2a: Mandibuzz\n|\n|-weather|SunnyDay|[upkeep]\n|upkeep\n|\n|t:|1699932851\n|switch|p2a: Roaring Moon|Roaring Moon|100\/100\n|-activate|p2a: Roaring Moon|ability: Protosynthesis\n|-start|p2a: Roaring Moon|protosynthesisatk\n|turn|18\n|\n|t:|1699932856\n|-end|p1a: Walking Wake|Protosynthesis|[silent]\n|switch|p1a: Annihilape|Annihilape, F, tera:Water|26\/100\n|move|p2a: Roaring Moon|Dragon Dance|p2a: Roaring Moon\n|-boost|p2a: Roaring Moon|atk|1\n|-boost|p2a: Roaring Moon|spe|1\n|\n|-weather|SunnyDay|[upkeep]\n|upkeep\n|turn|19\n|\n|t:|1699932861\n|move|p2a: Roaring Moon|Dragon Claw|p1a: Annihilape\n|-crit|p1a: Annihilape\n|-damage|p1a: Annihilape|0 fnt\n|faint|p1a: Annihilape\n|\n|-weather|SunnyDay|[upkeep]\n|upkeep\n|\n|t:|1699932868\n|switch|p1a: Sandy Shocks|Sandy Shocks|100\/100\n|-activate|p1a: Sandy Shocks|ability: Protosynthesis\n|-start|p1a: Sandy Shocks|protosynthesisspe\n|turn|20\n|\n|t:|1699932877\n|move|p1a: Sandy Shocks|Thunderbolt|p2a: Roaring Moon\n|-resisted|p2a: Roaring Moon\n|-damage|p2a: Roaring Moon|80\/100\n|move|p2a: Roaring Moon|Dragon Dance|p2a: Roaring Moon\n|-boost|p2a: Roaring Moon|atk|1\n|-boost|p2a: Roaring Moon|spe|1\n|\n|-weather|SunnyDay|[upkeep]\n|upkeep\n|turn|21\n|\n|t:|1699932882\n|move|p1a: Sandy Shocks|Thunderbolt|p2a: Roaring Moon\n|-resisted|p2a: Roaring Moon\n|-damage|p2a: Roaring Moon|61\/100\n|move|p2a: Roaring Moon|Dragon Claw|p1a: Sandy Shocks\n|-damage|p1a: Sandy Shocks|0 fnt\n|faint|p1a: Sandy Shocks\n|-end|p1a: Sandy Shocks|Protosynthesis|[silent]\n|\n|-weather|none\n|-end|p2a: Roaring Moon|Protosynthesis\n|upkeep\n|-enditem|p2a: Roaring Moon|Booster Energy\n|-activate|p2a: Roaring Moon|ability: Protosynthesis|[fromitem]\n|-start|p2a: Roaring Moon|protosynthesisatk\n|\n|t:|1699932890\n|switch|p1a: Dragonite|Dragonite, M|100\/100\n|turn|22\n|\n|t:|1699932895\n|move|p2a: Roaring Moon|Dragon Claw|p1a: Dragonite\n|-supereffective|p1a: Dragonite\n|-damage|p1a: Dragonite|0 fnt\n|faint|p1a: Dragonite\n|\n|upkeep\n|\n|t:|1699932899\n|switch|p1a: Roaring Moon|Roaring Moon|100\/100\n|turn|23\n|\n|t:|1699932901\n|move|p2a: Roaring Moon|Dragon Claw|p1a: Roaring Moon\n|-supereffective|p1a: Roaring Moon\n|-damage|p1a: Roaring Moon|0 fnt\n|faint|p1a: Roaring Moon\n|-end|p1a: Roaring Moon|Protosynthesis|[silent]\n|\n|upkeep\n|\n|t:|1699932904\n|switch|p1a: Walking Wake|Walking Wake|100\/100\n|turn|24\n|\n|t:|1699932906\n|move|p2a: Roaring Moon|Dragon Claw|p1a: Walking Wake\n|-supereffective|p1a: Walking Wake\n|-damage|p1a: Walking Wake|0 fnt\n|faint|p1a: Walking Wake\n|-end|p1a: Walking Wake|Protosynthesis|[silent]\n|\n|win|YoungEsq\n|raw|Sgamertv's rating: 1516 &rarr; <strong>1488<\/strong><br \/>(-28 for losing)\n|raw|YoungEsq's rating: 1360 &rarr; <strong>1388<\/strong><br \/>(+28 for winning)\n|l|\u2606Sgamertv\n","uploadtime":1699932910,"views":5,"p1id":"sgamertv","p2id":"youngesq","formatid":"gen9anythinggoes","rating":1388,"private":0,"password":""}