{"id":"gen9anythinggoes-1978320969","p1":"GatosPimentas","p2":"kev64","format":"[Gen 9] Anything Goes","log":"|j|\u2606GatosPimentas\n|j|\u2606kev64\n|t:|1698524820\n|gametype|singles\n|player|p1|GatosPimentas|unknown|1477\n|player|p2|kev64|ethan|1525\n|teamsize|p1|6\n|teamsize|p2|6\n|gen|9\n|tier|[Gen 9] Anything Goes\n|rated|\n|rule|HP Percentage Mod: HP is shown in percentages\n|rule|Endless Battle Clause: Forcing endless battles is banned\n|clearpoke\n|poke|p1|Calyrex-Shadow|\n|poke|p1|Zacian-*|\n|poke|p1|Ribombee, F|\n|poke|p1|Koraidon|\n|poke|p1|Arceus|\n|poke|p1|Hawlucha, F|\n|poke|p2|Zacian-*|\n|poke|p2|Mewtwo|\n|poke|p2|Annihilape, M|\n|poke|p2|Groudon|\n|poke|p2|Chi-Yu|\n|poke|p2|Cyclizar, F|\n|teampreview\n|inactive|Battle timer is ON: inactive players will automatically lose when time's up. (requested by kev64)\n|inactive|kev64 has 120 seconds left.\n|\n|t:|1698524850\n|start\n|switch|p1a: Ribombee|Ribombee, F|100\/100\n|switch|p2a: Chi-Yu|Chi-Yu|100\/100\n|-ability|p2a: Chi-Yu|Beads of Ruin\n|turn|1\n|\n|t:|1698524855\n|move|p2a: Chi-Yu|Flamethrower|p1a: Ribombee\n|-supereffective|p1a: Ribombee\n|-enditem|p1a: Ribombee|Focus Sash\n|-damage|p1a: Ribombee|1\/100\n|move|p1a: Ribombee|Sticky Web|p2a: Chi-Yu\n|-sidestart|p2: kev64|move: Sticky Web\n|\n|upkeep\n|turn|2\n|j| itzZen\n|\n|t:|1698524859\n|move|p2a: Chi-Yu|Flamethrower|p1a: Ribombee\n|-supereffective|p1a: Ribombee\n|-damage|p1a: Ribombee|0 fnt\n|faint|p1a: Ribombee\n|\n|upkeep\n|\n|t:|1698524860\n|switch|p1a: Arceus|Arceus|100\/100\n|turn|3\n|\n|t:|1698524863\n|move|p1a: Arceus|Extreme Speed|p2a: Chi-Yu\n|-damage|p2a: Chi-Yu|7\/100\n|-damage|p1a: Arceus|90\/100|[from] item: Life Orb\n|move|p2a: Chi-Yu|Flamethrower|p1a: Arceus\n|-damage|p1a: Arceus|45\/100\n|\n|upkeep\n|turn|4\n|\n|t:|1698524867\n|switch|p2a: Annihilape|Annihilape, M|100\/100\n|-activate|p2a: Annihilape|move: Sticky Web\n|-unboost|p2a: Annihilape|spe|1\n|-ability|p2a: Annihilape|Defiant|boost\n|-boost|p2a: Annihilape|atk|2\n|move|p1a: Arceus|Extreme Speed|p2a: Annihilape\n|-immune|p2a: Annihilape\n|\n|upkeep\n|turn|5\n|\n|t:|1698524870\n|move|p1a: Arceus|Shadow Claw|p2a: Annihilape\n|-supereffective|p2a: Annihilape\n|-crit|p2a: Annihilape\n|-damage|p2a: Annihilape|0 fnt\n|faint|p2a: Annihilape\n|-damage|p1a: Arceus|35\/100|[from] item: Life Orb\n|\n|upkeep\n|c|\u2606kev64|fuck this asshole mon\n|\n|t:|1698524884\n|switch|p2a: Groudon|Groudon|100\/100\n|-activate|p2a: Groudon|move: Sticky Web\n|-unboost|p2a: Groudon|spe|1\n|-weather|SunnyDay|[from] ability: Drought|[of] p2a: Groudon\n|turn|6\n|\n|t:|1698524899\n|switch|p1a: Hawlucha|Hawlucha, F|100\/100\n|move|p2a: Groudon|Stealth Rock|p1a: Hawlucha\n|-sidestart|p1: GatosPimentas|move: Stealth Rock\n|\n|-weather|SunnyDay|[upkeep]\n|upkeep\n|turn|7\n|\n|t:|1698524909\n|move|p1a: Hawlucha|Brick Break|p2a: Groudon\n|-damage|p2a: Groudon|80\/100\n|move|p2a: Groudon|Will-O-Wisp|p1a: Hawlucha\n|-status|p1a: Hawlucha|brn\n|\n|-weather|SunnyDay|[upkeep]\n|-heal|p2a: Groudon|86\/100|[from] item: Leftovers\n|-damage|p1a: Hawlucha|94\/100 brn|[from] brn\n|upkeep\n|turn|8\n|\n|t:|1698524921\n|switch|p2a: Mewtwo|Mewtwo|100\/100\n|-activate|p2a: Mewtwo|move: Sticky Web\n|-unboost|p2a: Mewtwo|spe|1\n|-ability|p2a: Mewtwo|Pressure\n|move|p1a: Hawlucha|Fire Punch|p2a: Mewtwo\n|-damage|p2a: Mewtwo|82\/100\n|\n|-weather|SunnyDay|[upkeep]\n|-damage|p1a: Hawlucha|88\/100 brn|[from] brn\n|upkeep\n|turn|9\n|c|\u2606GatosPimentas|Bro is getting salty?\n|c|\u2606kev64|ye\n|\n|t:|1698524935\n|switch|p1a: Zacian|Zacian-Crowned, shiny|100\/100\n|-damage|p1a: Zacian|94\/100|[from] Stealth Rock\n|-ability|p1a: Zacian|Intrepid Sword|boost\n|-boost|p1a: Zacian|atk|1\n|move|p2a: Mewtwo|Fire Blast|p1a: Zacian\n|-supereffective|p1a: Zacian\n|-damage|p1a: Zacian|0 fnt\n|faint|p1a: Zacian\n|\n|-weather|SunnyDay|[upkeep]\n|upkeep\n|\n|t:|1698524942\n|switch|p1a: Calyrex|Calyrex-Shadow|100\/100\n|-ability|p1a: Calyrex|As One\n|-ability|p1a: Calyrex|Unnerve\n|-damage|p1a: Calyrex|88\/100|[from] Stealth Rock\n|turn|10\n|c|\u2606kev64|ape got crit 3rd time in a row by claw\n|\n|t:|1698524958\n|-terastallize|p2a: Mewtwo|Normal\n|move|p1a: Calyrex|Astral Barrage|p2a: Mewtwo\n|-immune|p2a: Mewtwo\n|move|p2a: Mewtwo|Fire Blast|p1a: Calyrex\n|-damage|p1a: Calyrex|0 fnt\n|faint|p1a: Calyrex\n|\n|-weather|none\n|upkeep\n|\n|t:|1698524962\n|switch|p1a: Arceus|Arceus|35\/100\n|-damage|p1a: Arceus|23\/100|[from] Stealth Rock\n|turn|11\n|\n|t:|1698524974\n|move|p1a: Arceus|Extreme Speed|p2a: Mewtwo\n|-damage|p2a: Mewtwo|21\/100\n|-damage|p1a: Arceus|13\/100|[from] item: Life Orb\n|move|p2a: Mewtwo|Fire Blast|p1a: Arceus|[miss]\n|-miss|p2a: Mewtwo|p1a: Arceus\n|\n|upkeep\n|turn|12\n|c|\u2606GatosPimentas|Does crit actually matter?\n|l| itzZen\n|c|\u2606kev64|yes\n|\n|t:|1698524995\n|move|p1a: Arceus|Extreme Speed|p2a: Mewtwo\n|-damage|p2a: Mewtwo|0 fnt\n|faint|p2a: Mewtwo\n|-damage|p1a: Arceus|3\/100|[from] item: Life Orb\n|\n|upkeep\n|\n|t:|1698525006\n|switch|p2a: Cyclizar|Cyclizar, F|100\/100\n|turn|13\n|\n|t:|1698525011\n|switch|p2a: Chi-Yu|Chi-Yu|7\/100\n|-activate|p2a: Chi-Yu|move: Sticky Web\n|-unboost|p2a: Chi-Yu|spe|1\n|-ability|p2a: Chi-Yu|Beads of Ruin\n|move|p1a: Arceus|Extreme Speed|p2a: Chi-Yu\n|-damage|p2a: Chi-Yu|0 fnt\n|faint|p2a: Chi-Yu\n|-damage|p1a: Arceus|0 fnt|[from] item: Life Orb\n|faint|p1a: Arceus\n|\n|upkeep\n|\n|t:|1698525020\n|switch|p2a: Cyclizar|Cyclizar, F|100\/100\n|switch|p1a: Miraidon|Koraidon|100\/100\n|-damage|p1a: Miraidon|94\/100|[from] Stealth Rock\n|-weather|SunnyDay|[from] ability: Orichalcum Pulse|[of] p1a: Miraidon\n|-activate|p1a: Miraidon|Orichalcum Pulse|[source]\n|turn|14\n|\n|t:|1698525024\n|move|p1a: Miraidon|Low Kick|p2a: Cyclizar\n|-supereffective|p2a: Cyclizar\n|-damage|p2a: Cyclizar|0 fnt\n|faint|p2a: Cyclizar\n|\n|-weather|SunnyDay|[upkeep]\n|upkeep\n|\n|t:|1698525026\n|switch|p2a: Groudon|Groudon|86\/100\n|-activate|p2a: Groudon|move: Sticky Web\n|-unboost|p2a: Groudon|spe|1\n|turn|15\n|\n|t:|1698525031\n|move|p1a: Miraidon|Scale Shot|p2a: Groudon\n|-damage|p2a: Groudon|75\/100\n|-damage|p2a: Groudon|63\/100\n|-damage|p2a: Groudon|52\/100\n|-damage|p2a: Groudon|39\/100\n|-damage|p2a: Groudon|29\/100\n|-hitcount|p2a: Groudon|5\n|-unboost|p1a: Miraidon|def|1\n|-boost|p1a: Miraidon|spe|1\n|move|p2a: Groudon|Will-O-Wisp|p1a: Miraidon\n|-status|p1a: Miraidon|brn\n|\n|-weather|SunnyDay|[upkeep]\n|-heal|p2a: Groudon|35\/100|[from] item: Leftovers\n|-damage|p1a: Miraidon|88\/100 brn|[from] brn\n|upkeep\n|turn|16\n|\n|t:|1698525036\n|move|p1a: Miraidon|Scale Shot|p2a: Groudon\n|-damage|p2a: Groudon|30\/100\n|-damage|p2a: Groudon|24\/100\n|-damage|p2a: Groudon|18\/100\n|-damage|p2a: Groudon|13\/100\n|-damage|p2a: Groudon|7\/100\n|-hitcount|p2a: Groudon|5\n|-unboost|p1a: Miraidon|def|1\n|-boost|p1a: Miraidon|spe|1\n|move|p2a: Groudon|Earthquake|p1a: Miraidon\n|-damage|p1a: Miraidon|7\/100 brn\n|\n|-weather|SunnyDay|[upkeep]\n|-heal|p2a: Groudon|13\/100|[from] item: Leftovers\n|-damage|p1a: Miraidon|1\/100 brn|[from] brn\n|upkeep\n|turn|17\n|\n|t:|1698525042\n|move|p1a: Miraidon|Scale Shot|p2a: Groudon\n|-damage|p2a: Groudon|8\/100\n|-damage|p2a: Groudon|2\/100\n|-damage|p2a: Groudon|0 fnt\n|faint|p2a: Groudon\n|-hitcount|p2: Groudon|3\n|-unboost|p1a: Miraidon|def|1\n|-boost|p1a: Miraidon|spe|1\n|\n|-weather|SunnyDay|[upkeep]\n|-damage|p1a: Miraidon|0 fnt|[from] brn\n|faint|p1a: Miraidon\n|upkeep\n|\n|t:|1698525044\n|switch|p1a: Hawlucha|Hawlucha, F|88\/100 brn\n|switch|p2a: Zacian|Zacian-Crowned|100\/100\n|-activate|p2a: Zacian|move: Sticky Web\n|-unboost|p2a: Zacian|spe|1\n|-ability|p2a: Zacian|Intrepid Sword|boost\n|-boost|p2a: Zacian|atk|1\n|-damage|p1a: Hawlucha|76\/100 brn|[from] Stealth Rock\n|turn|18\n|\n|t:|1698525047\n|move|p1a: Hawlucha|Fire Punch|p2a: Zacian\n|-supereffective|p2a: Zacian\n|-damage|p2a: Zacian|69\/100\n|-status|p2a: Zacian|brn\n|move|p2a: Zacian|Behemoth Blade|p1a: Hawlucha\n|-damage|p1a: Hawlucha|10\/100 brn\n|\n|-weather|none\n|-damage|p1a: Hawlucha|4\/100 brn|[from] brn\n|-damage|p2a: Zacian|63\/100 brn|[from] brn\n|upkeep\n|turn|19\n|c|\u2606kev64|gg\n|\n|t:|1698525054\n|move|p1a: Hawlucha|Fire Punch|p2a: Zacian\n|-supereffective|p2a: Zacian\n|-damage|p2a: Zacian|41\/100 brn\n|move|p2a: Zacian|Behemoth Blade|p1a: Hawlucha\n|-damage|p1a: Hawlucha|0 fnt\n|faint|p1a: Hawlucha\n|\n|win|kev64\n|raw|GatosPimentas's rating: 1477 &rarr; <strong>1460<\/strong><br \/>(-17 for losing)\n|raw|kev64's rating: 1525 &rarr; <strong>1542<\/strong><br \/>(+17 for winning)\n","uploadtime":1698524882,"views":5,"p1id":"gatospimentas","p2id":"kev64","formatid":"gen9anythinggoes","rating":1460,"private":0,"password":""}