{"id":"gen9anythinggoes-1982481605","p1":"Albi N1","p2":"MoldyGG","format":"[Gen 9] Anything Goes","log":"|j|\u2606Albi N1\n|j|\u2606MoldyGG\n|t:|1699018952\n|gametype|singles\n|player|p1|Albi N1|iris-gen5bw2|1571\n|player|p2|MoldyGG|elesa-gen5bw2|1560\n|teamsize|p1|6\n|teamsize|p2|6\n|gen|9\n|tier|[Gen 9] Anything Goes\n|rated|\n|rule|HP Percentage Mod: HP is shown in percentages\n|rule|Endless Battle Clause: Forcing endless battles is banned\n|clearpoke\n|poke|p1|Calyrex-Shadow|\n|poke|p1|Kyogre|\n|poke|p1|Zacian-*|\n|poke|p1|Baxcalibur, F|\n|poke|p1|Arceus|\n|poke|p1|Miraidon|\n|poke|p2|Miraidon|\n|poke|p2|Calyrex-Shadow|\n|poke|p2|Miraidon|\n|poke|p2|Arceus|\n|poke|p2|Glimmora, M|\n|poke|p2|Zacian-*|\n|teampreview\n|inactive|Battle timer is ON: inactive players will automatically lose when time's up. (requested by Albi N1)\n|\n|t:|1699019051\n|start\n|switch|p1a: Calyrex|Calyrex-Shadow|100\/100\n|switch|p2a: Glimmora|Glimmora, M|100\/100\n|-ability|p1a: Calyrex|As One\n|-ability|p1a: Calyrex|Unnerve\n|turn|1\n|\n|t:|1699019061\n|move|p1a: Calyrex|Nasty Plot|p1a: Calyrex\n|-boost|p1a: Calyrex|spa|2\n|move|p2a: Glimmora|Mortal Spin|p1a: Calyrex\n|-resisted|p1a: Calyrex\n|-crit|p1a: Calyrex\n|-damage|p1a: Calyrex|95\/100\n|-status|p1a: Calyrex|psn\n|\n|-damage|p1a: Calyrex|82\/100 psn|[from] psn\n|upkeep\n|turn|2\n|\n|t:|1699019065\n|move|p1a: Calyrex|Astral Barrage|p2a: Glimmora\n|-enditem|p2a: Glimmora|Focus Sash\n|-damage|p2a: Glimmora|1\/100\n|move|p2a: Glimmora|Earth Power|p1a: Calyrex\n|-damage|p1a: Calyrex|53\/100 psn\n|\n|-damage|p1a: Calyrex|41\/100 psn|[from] psn\n|upkeep\n|turn|3\n|\n|t:|1699019067\n|switch|p2a: Arceus|Arceus|100\/100\n|move|p1a: Calyrex|Astral Barrage|p2a: Arceus\n|-immune|p2a: Arceus\n|\n|-damage|p1a: Calyrex|29\/100 psn|[from] psn\n|upkeep\n|turn|4\n|\n|t:|1699019071\n|switch|p2a: Glimmora|Glimmora, M|1\/100\n|move|p1a: Calyrex|Grass Knot|p2a: Glimmora\n|-damage|p2a: Glimmora|0 fnt\n|faint|p2a: Glimmora\n|-ability|p1a: Calyrex|Grim Neigh|boost\n|-boost|p1a: Calyrex|spa|1\n|\n|-damage|p1a: Calyrex|16\/100 psn|[from] psn\n|upkeep\n|\n|t:|1699019081\n|switch|p2a: Zacian|Zacian-Crowned|100\/100\n|-ability|p2a: Zacian|Intrepid Sword|boost\n|-boost|p2a: Zacian|atk|1\n|turn|5\n|\n|t:|1699019094\n|switch|p2a: Arceus|Arceus|100\/100\n|move|p1a: Calyrex|Astral Barrage|p2a: Arceus\n|-immune|p2a: Arceus\n|\n|-damage|p1a: Calyrex|4\/100 psn|[from] psn\n|upkeep\n|turn|6\n|\n|t:|1699019106\n|move|p1a: Calyrex|Astral Barrage|p2a: Arceus\n|-immune|p2a: Arceus\n|move|p2a: Arceus|Shadow Claw|p1a: Calyrex\n|-supereffective|p1a: Calyrex\n|-damage|p1a: Calyrex|0 fnt\n|faint|p1a: Calyrex\n|-damage|p2a: Arceus|91\/100|[from] item: Life Orb\n|\n|upkeep\n|inactive|Albi N1 has 120 seconds left.\n|\n|t:|1699019142\n|switch|p1a: Zacian|Zacian-Crowned|100\/100\n|-ability|p1a: Zacian|Intrepid Sword|boost\n|-boost|p1a: Zacian|atk|1\n|turn|7\n|inactive|Albi N1 has 120 seconds left.\n|\n|t:|1699019163\n|-terastallize|p2a: Arceus|Ghost\n|move|p1a: Zacian|Behemoth Blade|p2a: Arceus\n|-damage|p2a: Arceus|27\/100\n|move|p2a: Arceus|Earthquake|p1a: Zacian\n|-supereffective|p1a: Zacian\n|-damage|p1a: Zacian|13\/100\n|-damage|p2a: Arceus|17\/100|[from] item: Life Orb\n|\n|upkeep\n|turn|8\n|\n|t:|1699019172\n|move|p2a: Arceus|Extreme Speed|p1a: Zacian\n|-resisted|p1a: Zacian\n|-damage|p1a: Zacian|0 fnt\n|faint|p1a: Zacian\n|-damage|p2a: Arceus|7\/100|[from] item: Life Orb\n|\n|upkeep\n|\n|t:|1699019177\n|switch|p1a: Baxcalibur|Baxcalibur, F|100\/100\n|turn|9\n|\n|t:|1699019182\n|move|p2a: Arceus|Shadow Claw|p1a: Baxcalibur\n|-damage|p1a: Baxcalibur|54\/100\n|-damage|p2a: Arceus|0 fnt|[from] item: Life Orb\n|faint|p2a: Arceus\n|move|p1a: Baxcalibur|Scale Shot|p2: Arceus|[notarget]\n|-fail|p1a: Baxcalibur\n|\n|upkeep\n|\n|t:|1699019187\n|switch|p2a: Calyrex|Calyrex-Shadow|100\/100\n|-ability|p2a: Calyrex|As One\n|-ability|p2a: Calyrex|Unnerve\n|turn|10\n|\n|t:|1699019192\n|move|p2a: Calyrex|Nasty Plot|p2a: Calyrex\n|-boost|p2a: Calyrex|spa|2\n|move|p1a: Baxcalibur|Scale Shot|p2a: Calyrex\n|-damage|p2a: Calyrex|82\/100\n|-damage|p2a: Calyrex|63\/100\n|-damage|p2a: Calyrex|45\/100\n|-damage|p2a: Calyrex|29\/100\n|-damage|p2a: Calyrex|12\/100\n|-hitcount|p2a: Calyrex|5\n|-unboost|p1a: Baxcalibur|def|1\n|-boost|p1a: Baxcalibur|spe|1\n|\n|upkeep\n|turn|11\n|\n|t:|1699019203\n|move|p1a: Baxcalibur|Icicle Spear|p2a: Calyrex\n|-damage|p2a: Calyrex|0 fnt\n|faint|p2a: Calyrex\n|-hitcount|p2: Calyrex|1\n|\n|upkeep\n|\n|t:|1699019207\n|switch|p2a: Zacian|Zacian-Crowned|100\/100\n|turn|12\n|\n|t:|1699019210\n|move|p1a: Baxcalibur|Earthquake|p2a: Zacian\n|-supereffective|p2a: Zacian\n|-damage|p2a: Zacian|25\/100\n|move|p2a: Zacian|Trailblaze|p1a: Baxcalibur\n|-resisted|p1a: Baxcalibur\n|-damage|p1a: Baxcalibur|40\/100\n|-boost|p2a: Zacian|spe|1\n|\n|upkeep\n|turn|13\n|\n|t:|1699019217\n|move|p2a: Zacian|Behemoth Blade|p1a: Baxcalibur\n|-supereffective|p1a: Baxcalibur\n|-damage|p1a: Baxcalibur|0 fnt\n|faint|p1a: Baxcalibur\n|\n|upkeep\n|\n|t:|1699019221\n|switch|p1a: Arceus|Arceus|100\/100\n|turn|14\n|\n|t:|1699019223\n|move|p1a: Arceus|Extreme Speed|p2a: Zacian\n|-resisted|p2a: Zacian\n|-damage|p2a: Zacian|0 fnt\n|faint|p2a: Zacian\n|\n|upkeep\n|\n|t:|1699019229\n|switch|p2a: Miraidon|Miraidon|100\/100\n|-fieldstart|move: Electric Terrain|[from] ability: Hadron Engine|[of] p2a: Miraidon\n|turn|15\n|\n|t:|1699019236\n|move|p2a: Miraidon|Electro Drift|p1a: Arceus\n|-damage|p1a: Arceus|44\/100\n|move|p1a: Arceus|Swords Dance|p1a: Arceus\n|-boost|p1a: Arceus|atk|2\n|\n|upkeep\n|turn|16\n|\n|t:|1699019246\n|-terastallize|p1a: Arceus|Normal\n|move|p1a: Arceus|Extreme Speed|p2a: Miraidon\n|-enditem|p2a: Miraidon|Focus Sash\n|-damage|p2a: Miraidon|1\/100\n|move|p2a: Miraidon|Electro Drift|p1a: Arceus\n|-damage|p1a: Arceus|0 fnt\n|faint|p1a: Arceus\n|\n|upkeep\n|\n|t:|1699019256\n|switch|p1a: Miraidon|Miraidon|100\/100\n|-activate|p1a: Miraidon|ability: Hadron Engine\n|turn|17\n|\n|t:|1699019260\n|move|p2a: Miraidon|Draco Meteor|p1a: Miraidon\n|-supereffective|p1a: Miraidon\n|-damage|p1a: Miraidon|0 fnt\n|-unboost|p2a: Miraidon|spa|2\n|faint|p1a: Miraidon\n|\n|upkeep\n|\n|t:|1699019263\n|switch|p1a: Kyogre|Kyogre|100\/100\n|-weather|RainDance|[from] ability: Drizzle|[of] p1a: Kyogre\n|turn|18\n|\n|t:|1699019269\n|move|p1a: Kyogre|Ice Beam|p2a: Miraidon\n|-supereffective|p2a: Miraidon\n|-damage|p2a: Miraidon|0 fnt\n|faint|p2a: Miraidon\n|\n|-weather|RainDance|[upkeep]\n|upkeep\n|\n|t:|1699019271\n|switch|p2a: Miraidon|Miraidon|100\/100\n|-activate|p2a: Miraidon|ability: Hadron Engine\n|turn|19\n|\n|t:|1699019274\n|move|p2a: Miraidon|Electro Drift|p1a: Kyogre\n|-supereffective|p1a: Kyogre\n|-damage|p1a: Kyogre|0 fnt\n|faint|p1a: Kyogre\n|\n|win|MoldyGG\n|raw|Albi N1's rating: 1571 &rarr; <strong>1550<\/strong><br \/>(-21 for losing)\n|raw|MoldyGG's rating: 1560 &rarr; <strong>1581<\/strong><br \/>(+21 for winning)\n|l|\u2606Albi N1\n","uploadtime":1699019279,"views":3,"p1id":"albin1","p2id":"moldygg","formatid":"gen9anythinggoes","rating":1550,"private":0,"password":""}