{"id":"gen9anythinggoes-1980188886","p1":"davishotmailcom","p2":"tbarker7612","format":"[Gen 9] Anything Goes","log":"|j|\u2606davishotmailcom\n|j|\u2606tbarker7612\n|t:|1698764881\n|gametype|singles\n|player|p1|davishotmailcom|lucas|1093\n|player|p2|tbarker7612|1|1182\n|teamsize|p1|6\n|teamsize|p2|6\n|gen|9\n|tier|[Gen 9] Anything Goes\n|rated|\n|rule|HP Percentage Mod: HP is shown in percentages\n|rule|Endless Battle Clause: Forcing endless battles is banned\n|clearpoke\n|poke|p1|Garchomp, M|\n|poke|p1|Toxapex, F|\n|poke|p1|Lucario, M|\n|poke|p1|Lycanroc-Midnight, M|\n|poke|p1|Dondozo, M|\n|poke|p1|Maushold|\n|poke|p2|Cinderace, M|\n|poke|p2|Palkia-Origin|\n|poke|p2|Chien-Pao|\n|poke|p2|Sylveon, F|\n|poke|p2|Hawlucha, F|\n|poke|p2|Uxie|\n|teampreview\n|\n|t:|1698764887\n|start\n|switch|p1a: Lucario|Lucario, M, shiny|100\/100\n|switch|p2a: Uxie|Uxie|100\/100\n|turn|1\n|\n|t:|1698764896\n|move|p2a: Uxie|Calm Mind|p2a: Uxie\n|-boost|p2a: Uxie|spa|1\n|-boost|p2a: Uxie|spd|1\n|move|p1a: Lucario|Aura Sphere|p2a: Uxie\n|-resisted|p2a: Uxie\n|-crit|p2a: Uxie\n|-damage|p2a: Uxie|80\/100\n|\n|upkeep\n|turn|2\n|\n|t:|1698764906\n|move|p2a: Uxie|Calm Mind|p2a: Uxie\n|-boost|p2a: Uxie|spa|1\n|-boost|p2a: Uxie|spd|1\n|move|p1a: Lucario|Meteor Mash|p2a: Uxie\n|-damage|p2a: Uxie|41\/100\n|\n|upkeep\n|turn|3\n|\n|t:|1698764914\n|move|p2a: Uxie|Baton Pass|p2a: Uxie\n|\n|t:|1698764917\n|switch|p2a: Cherry|Sylveon, F|100\/100|[from] Baton Pass\n|move|p1a: Lucario|Meteor Mash|p2a: Cherry|[miss]\n|-miss|p1a: Lucario|p2a: Cherry\n|\n|upkeep\n|turn|4\n|\n|t:|1698764927\n|-terastallize|p2a: Cherry|Fairy\n|move|p1a: Lucario|Earthquake|p2a: Cherry\n|-damage|p2a: Cherry|54\/100\n|move|p2a: Cherry|Draining Kiss|p1a: Lucario\n|-enditem|p1a: Lucario|Focus Sash\n|-damage|p1a: Lucario|1\/100\n|-heal|p2a: Cherry|100\/100|[from] drain|[of] p1a: Lucario\n|\n|upkeep\n|turn|5\n|\n|t:|1698764940\n|move|p1a: Lucario|Aura Sphere|p2a: Cherry\n|-resisted|p2a: Cherry\n|-damage|p2a: Cherry|94\/100\n|move|p2a: Cherry|Shadow Ball|p1a: Lucario\n|-damage|p1a: Lucario|0 fnt\n|faint|p1a: Lucario\n|\n|upkeep\n|\n|t:|1698764951\n|switch|p1a: Garchomp|Garchomp, M, shiny|100\/100\n|turn|6\n|\n|t:|1698764959\n|switch|p1a: Dondozo|Dondozo, M|100\/100\n|move|p2a: Cherry|Draining Kiss|p1a: Dondozo\n|-damage|p1a: Dondozo|60\/100\n|-heal|p2a: Cherry|100\/100|[from] drain|[of] p1a: Dondozo\n|\n|-heal|p1a: Dondozo|66\/100|[from] item: Leftovers\n|upkeep\n|turn|7\n|\n|t:|1698764972\n|move|p2a: Cherry|Moonblast|p1a: Dondozo\n|-damage|p1a: Dondozo|9\/100\n|move|p1a: Dondozo|Hyper Beam|p2a: Cherry\n|-damage|p2a: Cherry|84\/100\n|-mustrecharge|p1a: Dondozo\n|\n|-heal|p1a: Dondozo|15\/100|[from] item: Leftovers\n|upkeep\n|turn|8\n|\n|t:|1698764984\n|move|p2a: Cherry|Draining Kiss|p1a: Dondozo\n|-damage|p1a: Dondozo|0 fnt\n|-heal|p2a: Cherry|100\/100|[from] drain|[of] p1a: Dondozo\n|faint|p1a: Dondozo\n|\n|upkeep\n|\n|t:|1698764991\n|switch|p1a: Maushold|Maushold|100\/100\n|turn|9\n|\n|t:|1698764996\n|move|p1a: Maushold|Shadow Claw|p2a: Cherry\n|-damage|p2a: Cherry|72\/100\n|move|p2a: Cherry|Moonblast|p1a: Maushold\n|-damage|p1a: Maushold|0 fnt\n|faint|p1a: Maushold\n|\n|upkeep\n|\n|t:|1698765005\n|switch|p1a: Lycanroc|Lycanroc-Midnight, M, shiny|100\/100\n|turn|10\n|\n|t:|1698765012\n|move|p1a: Lycanroc|Stone Edge|p2a: Cherry\n|-damage|p2a: Cherry|0 fnt\n|faint|p2a: Cherry\n|\n|upkeep\n|\n|t:|1698765017\n|switch|p2a: Hawlucha|Hawlucha, F|100\/100\n|turn|11\n|\n|t:|1698765023\n|move|p2a: Hawlucha|Swords Dance|p2a: Hawlucha\n|-boost|p2a: Hawlucha|atk|2\n|move|p1a: Lycanroc|Shadow Claw|p2a: Hawlucha\n|-damage|p2a: Hawlucha|64\/100\n|\n|upkeep\n|turn|12\n|\n|t:|1698765030\n|move|p2a: Hawlucha|Drain Punch|p1a: Lycanroc\n|-supereffective|p1a: Lycanroc\n|-enditem|p1a: Lycanroc|Focus Sash\n|-damage|p1a: Lycanroc|1\/100\n|-heal|p2a: Hawlucha|100\/100|[from] drain|[of] p1a: Lycanroc\n|move|p1a: Lycanroc|Stone Edge|p2a: Hawlucha\n|-damage|p2a: Hawlucha|21\/100\n|\n|upkeep\n|turn|13\n|\n|t:|1698765042\n|switch|p1a: Toxapex|Toxapex, F, shiny|100\/100\n|move|p2a: Hawlucha|Drain Punch|p1a: Toxapex\n|-resisted|p1a: Toxapex\n|-damage|p1a: Toxapex|73\/100\n|-heal|p2a: Hawlucha|32\/100|[from] drain|[of] p1a: Toxapex\n|\n|-heal|p1a: Toxapex|79\/100|[from] item: Black Sludge\n|upkeep\n|turn|14\n|\n|t:|1698765054\n|move|p2a: Hawlucha|Acrobatics|p1a: Toxapex\n|-damage|p1a: Toxapex|37\/100\n|move|p1a: Toxapex|Gunk Shot|p2a: Hawlucha\n|-damage|p2a: Hawlucha|0 fnt\n|faint|p2a: Hawlucha\n|\n|-heal|p1a: Toxapex|43\/100|[from] item: Black Sludge\n|upkeep\n|\n|t:|1698765064\n|switch|p2a: Chien-Pao|Chien-Pao|100\/100\n|-ability|p2a: Chien-Pao|Sword of Ruin\n|turn|15\n|\n|t:|1698765072\n|move|p2a: Chien-Pao|Sacred Sword|p1a: Toxapex\n|-resisted|p1a: Toxapex\n|-damage|p1a: Toxapex|27\/100\n|move|p1a: Toxapex|Toxic|p2a: Chien-Pao\n|-status|p2a: Chien-Pao|tox\n|\n|-heal|p1a: Toxapex|33\/100|[from] item: Black Sludge\n|-damage|p2a: Chien-Pao|95\/100 tox|[from] psn\n|upkeep\n|turn|16\n|\n|t:|1698765083\n|move|p2a: Chien-Pao|Acrobatics|p1a: Toxapex\n|-damage|p1a: Toxapex|12\/100\n|move|p1a: Toxapex|Recover|p1a: Toxapex\n|-heal|p1a: Toxapex|62\/100\n|\n|-heal|p1a: Toxapex|68\/100|[from] item: Black Sludge\n|-damage|p2a: Chien-Pao|83\/100 tox|[from] psn\n|upkeep\n|turn|17\n|\n|t:|1698765094\n|move|p2a: Chien-Pao|Throat Chop|p1a: Toxapex\n|-damage|p1a: Toxapex|21\/100\n|-start|p1a: Toxapex|Throat Chop|[silent]\n|move|p1a: Toxapex|Recover|p1a: Toxapex\n|-heal|p1a: Toxapex|71\/100\n|\n|-heal|p1a: Toxapex|77\/100|[from] item: Black Sludge\n|-damage|p2a: Chien-Pao|65\/100 tox|[from] psn\n|upkeep\n|turn|18\n|\n|t:|1698765103\n|move|p2a: Chien-Pao|Throat Chop|p1a: Toxapex\n|-damage|p1a: Toxapex|31\/100\n|move|p1a: Toxapex|Gunk Shot|p2a: Chien-Pao\n|-crit|p2a: Chien-Pao\n|-damage|p2a: Chien-Pao|0 fnt\n|faint|p2a: Chien-Pao\n|\n|-heal|p1a: Toxapex|37\/100|[from] item: Black Sludge\n|-end|p1a: Toxapex|Throat Chop|[silent]\n|upkeep\n|\n|t:|1698765114\n|switch|p2a: Cinderace|Cinderace, M|100\/100\n|turn|19\n|\n|t:|1698765123\n|move|p2a: Cinderace|Pyro Ball|p1a: Toxapex\n|-resisted|p1a: Toxapex\n|-damage|p1a: Toxapex|7\/100\n|move|p1a: Toxapex|Recover|p1a: Toxapex\n|-heal|p1a: Toxapex|57\/100\n|\n|-heal|p1a: Toxapex|64\/100|[from] item: Black Sludge\n|upkeep\n|turn|20\n|\n|t:|1698765134\n|move|p2a: Cinderace|High Jump Kick|p1a: Toxapex\n|-resisted|p1a: Toxapex\n|-damage|p1a: Toxapex|44\/100\n|move|p1a: Toxapex|Hydro Pump|p2a: Cinderace\n|-supereffective|p2a: Cinderace\n|-damage|p2a: Cinderace|45\/100\n|\n|-heal|p1a: Toxapex|51\/100|[from] item: Black Sludge\n|upkeep\n|turn|21\n|\n|t:|1698765145\n|move|p2a: Cinderace|Gunk Shot|p1a: Toxapex\n|-resisted|p1a: Toxapex\n|-damage|p1a: Toxapex|32\/100\n|move|p1a: Toxapex|Recover|p1a: Toxapex\n|-heal|p1a: Toxapex|82\/100\n|\n|-heal|p1a: Toxapex|88\/100|[from] item: Black Sludge\n|upkeep\n|turn|22\n|\n|t:|1698765156\n|move|p2a: Cinderace|Iron Head|p1a: Toxapex\n|-resisted|p1a: Toxapex\n|-damage|p1a: Toxapex|76\/100\n|move|p1a: Toxapex|Hydro Pump|p2a: Cinderace|[miss]\n|-miss|p1a: Toxapex|p2a: Cinderace\n|\n|-heal|p1a: Toxapex|82\/100|[from] item: Black Sludge\n|upkeep\n|turn|23\n|\n|t:|1698765166\n|move|p2a: Cinderace|Pyro Ball|p1a: Toxapex\n|-resisted|p1a: Toxapex\n|-damage|p1a: Toxapex|50\/100\n|move|p1a: Toxapex|Hydro Pump|p2a: Cinderace\n|-supereffective|p2a: Cinderace\n|-damage|p2a: Cinderace|0 fnt\n|faint|p2a: Cinderace\n|\n|-heal|p1a: Toxapex|57\/100|[from] item: Black Sludge\n|upkeep\n|\n|t:|1698765175\n|switch|p2a: Uxie|Uxie|41\/100\n|turn|24\n|\n|t:|1698765180\n|move|p2a: Uxie|Calm Mind|p2a: Uxie\n|-boost|p2a: Uxie|spa|1\n|-boost|p2a: Uxie|spd|1\n|move|p1a: Toxapex|Gunk Shot|p2a: Uxie\n|-damage|p2a: Uxie|18\/100\n|-enditem|p2a: Uxie|Aguav Berry|[eat]\n|-heal|p2a: Uxie|52\/100|[from] item: Aguav Berry\n|\n|-heal|p1a: Toxapex|63\/100|[from] item: Black Sludge\n|upkeep\n|turn|25\n|\n|t:|1698765193\n|move|p2a: Uxie|Calm Mind|p2a: Uxie\n|-boost|p2a: Uxie|spa|1\n|-boost|p2a: Uxie|spd|1\n|move|p1a: Toxapex|Hydro Pump|p2a: Uxie\n|-damage|p2a: Uxie|44\/100\n|\n|-heal|p1a: Toxapex|69\/100|[from] item: Black Sludge\n|upkeep\n|turn|26\n|\n|t:|1698765205\n|move|p2a: Uxie|Baton Pass|p2a: Uxie\n|\n|t:|1698765208\n|switch|p2a: Palkia|Palkia-Origin|100\/100|[from] Baton Pass\n|move|p1a: Toxapex|Gunk Shot|p2a: Palkia\n|-damage|p2a: Palkia|69\/100\n|\n|-heal|p1a: Toxapex|75\/100|[from] item: Black Sludge\n|upkeep\n|turn|27\n|\n|t:|1698765220\n|move|p2a: Palkia|Spacial Rend|p1a: Toxapex\n|-damage|p1a: Toxapex|0 fnt\n|faint|p1a: Toxapex\n|\n|upkeep\n|\n|t:|1698765226\n|switch|p1a: Lycanroc|Lycanroc-Midnight, M, shiny|1\/100\n|turn|28\n|\n|t:|1698765233\n|move|p2a: Palkia|Surf|p1a: Lycanroc\n|-supereffective|p1a: Lycanroc\n|-damage|p1a: Lycanroc|0 fnt\n|faint|p1a: Lycanroc\n|\n|upkeep\n|\n|t:|1698765238\n|switch|p1a: Garchomp|Garchomp, M, shiny|100\/100\n|turn|29\n|\n|t:|1698765246\n|move|p1a: Garchomp|Draco Meteor|p2a: Palkia\n|-supereffective|p2a: Palkia\n|-damage|p2a: Palkia|45\/100\n|-unboost|p1a: Garchomp|spa|2\n|move|p2a: Palkia|Ice Beam|p1a: Garchomp\n|-supereffective|p1a: Garchomp\n|-enditem|p1a: Garchomp|Focus Sash\n|-damage|p1a: Garchomp|1\/100\n|\n|upkeep\n|turn|30\n|\n|t:|1698765258\n|move|p1a: Garchomp|Earthquake|p2a: Palkia\n|-damage|p2a: Palkia|0 fnt\n|faint|p2a: Palkia\n|\n|upkeep\n|\n|t:|1698765264\n|switch|p2a: Uxie|Uxie|44\/100\n|turn|31\n|\n|t:|1698765271\n|move|p1a: Garchomp|Draco Meteor|p2a: Uxie\n|-damage|p2a: Uxie|31\/100\n|-unboost|p1a: Garchomp|spa|2\n|move|p2a: Uxie|Yawn|p1a: Garchomp\n|-start|p1a: Garchomp|move: Yawn|[of] p2a: Uxie\n|\n|upkeep\n|turn|32\n|\n|t:|1698765281\n|move|p1a: Garchomp|Earthquake|p2a: Uxie\n|-immune|p2a: Uxie|[from] ability: Levitate\n|move|p2a: Uxie|Calm Mind|p2a: Uxie\n|-boost|p2a: Uxie|spa|1\n|-boost|p2a: Uxie|spd|1\n|\n|-end|p1a: Garchomp|move: Yawn|[silent]\n|-status|p1a: Garchomp|slp\n|upkeep\n|turn|33\n|\n|t:|1698765296\n|-terastallize|p1a: Garchomp|Dragon\n|cant|p1a: Garchomp|slp\n|move|p2a: Uxie|Calm Mind|p2a: Uxie\n|-boost|p2a: Uxie|spa|1\n|-boost|p2a: Uxie|spd|1\n|\n|upkeep\n|turn|34\n|\n|t:|1698765304\n|cant|p1a: Garchomp|slp\n|move|p2a: Uxie|Calm Mind|p2a: Uxie\n|-boost|p2a: Uxie|spa|1\n|-boost|p2a: Uxie|spd|1\n|\n|upkeep\n|turn|35\n|\n|t:|1698765311\n|cant|p1a: Garchomp|slp\n|move|p2a: Uxie|Calm Mind|p2a: Uxie\n|-boost|p2a: Uxie|spa|1\n|-boost|p2a: Uxie|spd|1\n|\n|upkeep\n|turn|36\n|\n|t:|1698765317\n|-curestatus|p1a: Garchomp|slp|[msg]\n|move|p1a: Garchomp|Earth Power|p2a: Uxie\n|-immune|p2a: Uxie|[from] ability: Levitate\n|move|p2a: Uxie|Yawn|p1a: Garchomp\n|-start|p1a: Garchomp|move: Yawn|[of] p2a: Uxie\n|\n|upkeep\n|turn|37\n|\n|t:|1698765329\n|move|p1a: Garchomp|Draco Meteor|p2a: Uxie\n|-damage|p2a: Uxie|27\/100\n|-unboost|p1a: Garchomp|spa|2\n|move|p2a: Uxie|Calm Mind|p2a: Uxie\n|-boost|p2a: Uxie|spa|1\n|-boost|p2a: Uxie|spd|1\n|\n|-end|p1a: Garchomp|move: Yawn|[silent]\n|-status|p1a: Garchomp|slp\n|upkeep\n|turn|38\n|\n|t:|1698765344\n|cant|p1a: Garchomp|slp\n|move|p2a: Uxie|Calm Mind|p2a: Uxie\n|-boost|p2a: Uxie|spa|1\n|-boost|p2a: Uxie|spd|1\n|\n|upkeep\n|turn|39\n|\n|t:|1698765361\n|-curestatus|p1a: Garchomp|slp|[msg]\n|move|p1a: Garchomp|Earth Power|p2a: Uxie\n|-immune|p2a: Uxie|[from] ability: Levitate\n|move|p2a: Uxie|Calm Mind|p2a: Uxie\n|-boost|p2a: Uxie|spa|0\n|-boost|p2a: Uxie|spd|0\n|\n|upkeep\n|turn|40\n|\n|t:|1698765373\n|move|p1a: Garchomp|Dragon Pulse|p2a: Uxie\n|-damage|p2a: Uxie|25\/100\n|move|p2a: Uxie|Yawn|p1a: Garchomp\n|-start|p1a: Garchomp|move: Yawn|[of] p2a: Uxie\n|\n|upkeep\n|turn|41\n|\n|t:|1698765382\n|move|p1a: Garchomp|Earthquake|p2a: Uxie\n|-immune|p2a: Uxie|[from] ability: Levitate\n|move|p2a: Uxie|Stealth Rock|p1a: Garchomp\n|-sidestart|p1: davishotmailcom|move: Stealth Rock\n|\n|-end|p1a: Garchomp|move: Yawn|[silent]\n|-status|p1a: Garchomp|slp\n|upkeep\n|turn|42\n|\n|t:|1698765391\n|cant|p1a: Garchomp|slp\n|move|p2a: Uxie|Stealth Rock||[still]\n|-fail|p2a: Uxie\n|\n|upkeep\n|turn|43\n|\n|t:|1698765398\n|cant|p1a: Garchomp|slp\n|move|p2a: Uxie|Baton Pass||[still]\n|-fail|p2a: Uxie\n|\n|upkeep\n|turn|44\n|\n|t:|1698765405\n|cant|p1a: Garchomp|slp\n|move|p2a: Uxie|Yawn||[still]\n|-fail|p2a: Uxie\n|\n|upkeep\n|turn|45\n|\n|t:|1698765412\n|-curestatus|p1a: Garchomp|slp|[msg]\n|move|p1a: Garchomp|Dragon Pulse|p2a: Uxie\n|-damage|p2a: Uxie|22\/100\n|move|p2a: Uxie|Yawn|p1a: Garchomp\n|-start|p1a: Garchomp|move: Yawn|[of] p2a: Uxie\n|\n|upkeep\n|turn|46\n|\n|t:|1698765422\n|move|p1a: Garchomp|Earth Power|p2a: Uxie\n|-immune|p2a: Uxie|[from] ability: Levitate\n|move|p2a: Uxie|Calm Mind|p2a: Uxie\n|-boost|p2a: Uxie|spa|0\n|-boost|p2a: Uxie|spd|0\n|\n|-end|p1a: Garchomp|move: Yawn|[silent]\n|-status|p1a: Garchomp|slp\n|upkeep\n|turn|47\n|\n|t:|1698765433\n|cant|p1a: Garchomp|slp\n|move|p2a: Uxie|Stealth Rock||[still]\n|-fail|p2a: Uxie\n|\n|upkeep\n|turn|48\n|\n|t:|1698765440\n|cant|p1a: Garchomp|slp\n|move|p2a: Uxie|Calm Mind|p2a: Uxie\n|-boost|p2a: Uxie|spa|0\n|-boost|p2a: Uxie|spd|0\n|\n|upkeep\n|turn|49\n|inactive|Battle timer is ON: inactive players will automatically lose when time's up. (requested by davishotmailcom)\n|\n|t:|1698765451\n|-curestatus|p1a: Garchomp|slp|[msg]\n|move|p1a: Garchomp|Draco Meteor|p2a: Uxie\n|-damage|p2a: Uxie|20\/100\n|move|p2a: Uxie|Calm Mind|p2a: Uxie\n|-boost|p2a: Uxie|spa|0\n|-boost|p2a: Uxie|spd|0\n|\n|upkeep\n|turn|50\n|\n|t:|1698765461\n|move|p1a: Garchomp|Dragon Pulse|p2a: Uxie\n|-damage|p2a: Uxie|18\/100\n|move|p2a: Uxie|Stealth Rock||[still]\n|-fail|p2a: Uxie\n|\n|upkeep\n|turn|51\n|\n|t:|1698765468\n|move|p1a: Garchomp|Dragon Pulse|p2a: Uxie\n|-damage|p2a: Uxie|16\/100\n|move|p2a: Uxie|Stealth Rock||[still]\n|-fail|p2a: Uxie\n|\n|upkeep\n|turn|52\n|\n|t:|1698765475\n|move|p1a: Garchomp|Dragon Pulse|p2a: Uxie\n|-damage|p2a: Uxie|14\/100\n|move|p2a: Uxie|Baton Pass||[still]\n|-fail|p2a: Uxie\n|\n|upkeep\n|turn|53\n|\n|t:|1698765481\n|move|p1a: Garchomp|Dragon Pulse|p2a: Uxie\n|-damage|p2a: Uxie|11\/100\n|move|p2a: Uxie|Calm Mind|p2a: Uxie\n|-boost|p2a: Uxie|spa|0\n|-boost|p2a: Uxie|spd|0\n|\n|upkeep\n|turn|54\n|\n|t:|1698765489\n|move|p1a: Garchomp|Dragon Pulse|p2a: Uxie\n|-damage|p2a: Uxie|9\/100\n|move|p2a: Uxie|Yawn|p1a: Garchomp\n|-start|p1a: Garchomp|move: Yawn|[of] p2a: Uxie\n|\n|upkeep\n|turn|55\n|\n|t:|1698765497\n|move|p1a: Garchomp|Dragon Pulse|p2a: Uxie\n|-damage|p2a: Uxie|7\/100\n|move|p2a: Uxie|Stealth Rock||[still]\n|-fail|p2a: Uxie\n|\n|-end|p1a: Garchomp|move: Yawn|[silent]\n|-status|p1a: Garchomp|slp\n|upkeep\n|turn|56\n|\n|t:|1698765509\n|cant|p1a: Garchomp|slp\n|move|p2a: Uxie|Stealth Rock||[still]\n|-fail|p2a: Uxie\n|\n|upkeep\n|turn|57\n|\n|t:|1698765515\n|cant|p1a: Garchomp|slp\n|move|p2a: Uxie|Baton Pass||[still]\n|-fail|p2a: Uxie\n|\n|upkeep\n|turn|58\n|\n|t:|1698765520\n|cant|p1a: Garchomp|slp\n|move|p2a: Uxie|Calm Mind|p2a: Uxie\n|-boost|p2a: Uxie|spa|0\n|-boost|p2a: Uxie|spd|0\n|\n|upkeep\n|turn|59\n|\n|t:|1698765527\n|-curestatus|p1a: Garchomp|slp|[msg]\n|move|p1a: Garchomp|Dragon Pulse|p2a: Uxie\n|-damage|p2a: Uxie|5\/100\n|move|p2a: Uxie|Calm Mind|p2a: Uxie\n|-boost|p2a: Uxie|spa|0\n|-boost|p2a: Uxie|spd|0\n|\n|upkeep\n|turn|60\n|\n|t:|1698765536\n|move|p1a: Garchomp|Dragon Pulse|p2a: Uxie\n|-damage|p2a: Uxie|3\/100\n|move|p2a: Uxie|Calm Mind|p2a: Uxie\n|-boost|p2a: Uxie|spa|0\n|-boost|p2a: Uxie|spd|0\n|\n|upkeep\n|turn|61\n|\n|t:|1698765544\n|move|p1a: Garchomp|Dragon Pulse|p2a: Uxie\n|-damage|p2a: Uxie|1\/100\n|move|p2a: Uxie|Yawn|p1a: Garchomp\n|-start|p1a: Garchomp|move: Yawn|[of] p2a: Uxie\n|\n|upkeep\n|turn|62\n|\n|t:|1698765552\n|move|p1a: Garchomp|Dragon Pulse|p2a: Uxie\n|-damage|p2a: Uxie|0 fnt\n|faint|p2a: Uxie\n|\n|win|davishotmailcom\n|raw|davishotmailcom's rating: 1093 &rarr; <strong>1126<\/strong><br \/>(+33 for winning)\n|raw|tbarker7612's rating: 1182 &rarr; <strong>1151<\/strong><br \/>(-31 for losing)\n|l|\u2606davishotmailcom\n","uploadtime":1698765562,"views":11,"p1id":"davishotmailcom","p2id":"tbarker7612","formatid":"gen9anythinggoes","rating":1126,"private":0,"password":""}