{"id":"gen9anythinggoes-1978616607","p1":"markeab","p2":"Yippee 637373582","format":"[Gen 9] Anything Goes","log":"|j|\u2606markeab\n|j|\u2606Yippee 637373582\n|t:|1698567618\n|gametype|singles\n|player|p1|markeab|ghetsis|1160\n|player|p2|Yippee 637373582|169|1126\n|teamsize|p1|6\n|teamsize|p2|6\n|gen|9\n|tier|[Gen 9] Anything Goes\n|rated|\n|rule|HP Percentage Mod: HP is shown in percentages\n|rule|Endless Battle Clause: Forcing endless battles is banned\n|clearpoke\n|poke|p1|Snorlax, M|\n|poke|p1|Mimikyu, F|\n|poke|p1|Mandibuzz, F|\n|poke|p1|Hatterene, F|\n|poke|p1|Toxapex, M|\n|poke|p1|Medicham, F|\n|poke|p2|Zoroark-Hisui, M|\n|poke|p2|Infernape, F|\n|poke|p2|Glimmora, F|\n|poke|p2|Kyogre|\n|poke|p2|Cetitan, M|\n|poke|p2|Miraidon|\n|teampreview\n|inactive|Battle timer is ON: inactive players will automatically lose when time's up. (requested by markeab)\n|\n|t:|1698567631\n|start\n|switch|p1a: Toxapex|Toxapex, M, shiny|100\/100\n|switch|p2a: Miraidon|Miraidon|100\/100\n|turn|1\n|\n|t:|1698567640\n|move|p1a: Toxapex|Baneful Bunker|p1a: Toxapex\n|-singleturn|p1a: Toxapex|move: Protect\n|move|p2a: Miraidon|Knock Off|p1a: Toxapex\n|-activate|p1a: Toxapex|move: Protect\n|-status|p2a: Miraidon|psn\n|\n|-damage|p2a: Miraidon|88\/100 psn|[from] psn\n|upkeep\n|turn|2\n|\n|t:|1698567649\n|move|p2a: Miraidon|Knock Off|p1a: Toxapex\n|-damage|p1a: Toxapex|81\/100\n|-enditem|p1a: Toxapex|Leftovers|[from] move: Knock Off|[of] p2a: Miraidon\n|move|p1a: Toxapex|Toxic Spikes|p2a: Miraidon\n|-sidestart|p2: Yippee 637373582|move: Toxic Spikes\n|\n|-heal|p2a: Miraidon|94\/100 psn|[from] item: Leftovers\n|-damage|p2a: Miraidon|82\/100 psn|[from] psn\n|upkeep\n|turn|3\n|\n|t:|1698567666\n|switch|p1a: Snorlax|Snorlax, M, shiny|100\/100\n|move|p2a: Miraidon|Crunch|p1a: Snorlax\n|-damage|p1a: Snorlax|84\/100\n|\n|-heal|p2a: Miraidon|88\/100 psn|[from] item: Leftovers\n|-damage|p2a: Miraidon|75\/100 psn|[from] psn\n|upkeep\n|turn|4\n|\n|t:|1698567676\n|move|p2a: Miraidon|Knock Off|p1a: Snorlax\n|-damage|p1a: Snorlax|63\/100\n|-enditem|p1a: Snorlax|Sitrus Berry|[from] move: Knock Off|[of] p2a: Miraidon\n|move|p1a: Snorlax|Curse|p1a: Snorlax\n|-unboost|p1a: Snorlax|spe|1\n|-boost|p1a: Snorlax|atk|1\n|-boost|p1a: Snorlax|def|1\n|\n|-heal|p2a: Miraidon|81\/100 psn|[from] item: Leftovers\n|-damage|p2a: Miraidon|69\/100 psn|[from] psn\n|upkeep\n|turn|5\n|\n|t:|1698567694\n|move|p2a: Miraidon|Swords Dance|p2a: Miraidon\n|-boost|p2a: Miraidon|atk|2\n|move|p1a: Snorlax|Curse|p1a: Snorlax\n|-unboost|p1a: Snorlax|spe|1\n|-boost|p1a: Snorlax|atk|1\n|-boost|p1a: Snorlax|def|1\n|\n|-heal|p2a: Miraidon|75\/100 psn|[from] item: Leftovers\n|-damage|p2a: Miraidon|63\/100 psn|[from] psn\n|upkeep\n|turn|6\n|\n|t:|1698567707\n|move|p2a: Miraidon|Crunch|p1a: Snorlax\n|-crit|p1a: Snorlax\n|-damage|p1a: Snorlax|5\/100\n|move|p1a: Snorlax|Ice Punch|p2a: Miraidon\n|-damage|p2a: Miraidon|0 fnt\n|replace|p2a: Zoroark|Zoroark-Hisui, M, shiny\n|-end|p2a: Zoroark|Illusion\n|faint|p2a: Zoroark\n|\n|upkeep\n|\n|t:|1698567716\n|switch|p2a: Glimmora|Glimmora, F|100\/100\n|-sideend|p2: Yippee 637373582|move: Toxic Spikes|[of] p2a: Glimmora\n|turn|7\n|\n|t:|1698567745\n|switch|p1a: Medicham|Medicham, F, shiny|100\/100\n|move|p2a: Glimmora|Toxic Spikes|p1a: Medicham\n|-sidestart|p1: markeab|move: Toxic Spikes\n|\n|upkeep\n|turn|8\n|\n|t:|1698567762\n|switch|p2a: Cetitan|Cetitan, M, shiny|100\/100\n|move|p1a: Medicham|Fake Out|p2a: Cetitan\n|-crit|p2a: Cetitan\n|-damage|p2a: Cetitan|77\/100\n|\n|upkeep\n|turn|9\n|\n|t:|1698567776\n|move|p2a: Cetitan|Body Slam|p1a: Medicham\n|-damage|p1a: Medicham|63\/100\n|-status|p1a: Medicham|par\n|move|p1a: Medicham|High Jump Kick|p2a: Cetitan\n|-supereffective|p2a: Cetitan\n|-damage|p2a: Cetitan|0 fnt\n|faint|p2a: Cetitan\n|\n|upkeep\n|\n|t:|1698567794\n|switch|p2a: Kyogre|Kyogre|100\/100\n|-weather|RainDance|[from] ability: Drizzle|[of] p2a: Kyogre\n|turn|10\n|\n|t:|1698567804\n|switch|p1a: Toxapex|Toxapex, M, shiny|81\/100\n|-sideend|p1: markeab|move: Toxic Spikes|[of] p1a: Toxapex\n|move|p2a: Kyogre|Hydro Pump|p1a: Toxapex\n|-resisted|p1a: Toxapex\n|-damage|p1a: Toxapex|45\/100\n|\n|-weather|RainDance|[upkeep]\n|upkeep\n|turn|11\n|\n|t:|1698567820\n|move|p1a: Toxapex|Baneful Bunker|p1a: Toxapex\n|-singleturn|p1a: Toxapex|move: Protect\n|move|p2a: Kyogre|Surf|p1a: Toxapex\n|-activate|p1a: Toxapex|move: Protect\n|\n|-weather|RainDance|[upkeep]\n|upkeep\n|turn|12\n|\n|t:|1698567829\n|move|p2a: Kyogre|Surf|p1a: Toxapex\n|-resisted|p1a: Toxapex\n|-damage|p1a: Toxapex|18\/100\n|move|p1a: Toxapex|Toxic Spikes|p2a: Kyogre\n|-sidestart|p2: Yippee 637373582|move: Toxic Spikes\n|\n|-weather|RainDance|[upkeep]\n|upkeep\n|turn|13\n|\n|t:|1698567842\n|move|p1a: Toxapex|Baneful Bunker|p1a: Toxapex\n|-singleturn|p1a: Toxapex|move: Protect\n|move|p2a: Kyogre|Hydro Pump|p1a: Toxapex\n|-activate|p1a: Toxapex|move: Protect\n|\n|-weather|RainDance|[upkeep]\n|upkeep\n|turn|14\n|\n|t:|1698567857\n|switch|p1a: Hatterene|Hatterene, F, shiny|100\/100\n|move|p2a: Kyogre|Surf|p1a: Hatterene\n|-damage|p1a: Hatterene|34\/100\n|\n|-weather|none\n|-heal|p1a: Hatterene|39\/100|[from] item: Leftovers\n|upkeep\n|turn|15\n|\n|t:|1698567867\n|switch|p2a: Glimmora|Glimmora, F|100\/100\n|-sideend|p2: Yippee 637373582|move: Toxic Spikes|[of] p2a: Glimmora\n|move|p1a: Hatterene|Giga Drain|p2a: Glimmora\n|-damage|p2a: Glimmora|64\/100\n|-heal|p1a: Hatterene|58\/100|[from] drain|[of] p2a: Glimmora\n|\n|-heal|p1a: Hatterene|64\/100|[from] item: Leftovers\n|upkeep\n|turn|16\n|\n|t:|1698567887\n|move|p2a: Glimmora|Spikes|p1a: Hatterene\n|move|p1a: Hatterene|Spikes|p2a: Glimmora|[from]ability: Magic Bounce\n|-sidestart|p2: Yippee 637373582|Spikes\n|move|p1a: Hatterene|Calm Mind|p1a: Hatterene\n|-boost|p1a: Hatterene|spa|1\n|-boost|p1a: Hatterene|spd|1\n|\n|-heal|p1a: Hatterene|70\/100|[from] item: Leftovers\n|upkeep\n|turn|17\n|\n|t:|1698567904\n|switch|p2a: Kyogre|Kyogre|100\/100\n|-damage|p2a: Kyogre|88\/100|[from] Spikes\n|-weather|RainDance|[from] ability: Drizzle|[of] p2a: Kyogre\n|move|p1a: Hatterene|Giga Drain|p2a: Kyogre\n|-supereffective|p2a: Kyogre\n|-damage|p2a: Kyogre|26\/100\n|-heal|p1a: Hatterene|100\/100|[from] drain|[of] p2a: Kyogre\n|\n|-weather|RainDance|[upkeep]\n|-heal|p2a: Kyogre|32\/100|[from] item: Leftovers\n|upkeep\n|turn|18\n|\n|t:|1698567916\n|move|p2a: Kyogre|Hydro Pump|p1a: Hatterene\n|-damage|p1a: Hatterene|43\/100\n|move|p1a: Hatterene|Giga Drain|p2a: Kyogre\n|-supereffective|p2a: Kyogre\n|-damage|p2a: Kyogre|0 fnt\n|-heal|p1a: Hatterene|61\/100|[from] drain|[of] p2a: Kyogre\n|faint|p2a: Kyogre\n|\n|-weather|RainDance|[upkeep]\n|-heal|p1a: Hatterene|67\/100|[from] item: Leftovers\n|upkeep\n|inactive|Yippee 637373582 has 120 seconds left.\n|\n|t:|1698567932\n|switch|p2a: Infernape|Infernape, F, shiny|100\/100\n|-damage|p2a: Infernape|88\/100|[from] Spikes\n|turn|19\n|\n|t:|1698567937\n|move|p2a: Infernape|Fire Punch|p1a: Hatterene\n|-damage|p1a: Hatterene|52\/100\n|move|p1a: Hatterene|Dazzling Gleam|p2a: Infernape\n|-damage|p2a: Infernape|0 fnt\n|faint|p2a: Infernape\n|\n|-weather|RainDance|[upkeep]\n|-heal|p1a: Hatterene|58\/100|[from] item: Leftovers\n|upkeep\n|\n|t:|1698567948\n|switch|p2a: Miraidon|Miraidon|100\/100\n|-damage|p2a: Miraidon|88\/100|[from] Spikes\n|-fieldstart|move: Electric Terrain|[from] ability: Hadron Engine|[of] p2a: Miraidon\n|turn|20\n|\n|t:|1698567954\n|move|p2a: Miraidon|Draco Meteor|p1a: Hatterene\n|-immune|p1a: Hatterene\n|move|p1a: Hatterene|Dazzling Gleam|p2a: Miraidon\n|-supereffective|p2a: Miraidon\n|-damage|p2a: Miraidon|0 fnt\n|faint|p2a: Miraidon\n|\n|-weather|RainDance|[upkeep]\n|-heal|p1a: Hatterene|64\/100|[from] item: Leftovers\n|upkeep\n|c|\u2606markeab|Gg\n|\n|t:|1698567965\n|switch|p2a: Glimmora|Glimmora, F|64\/100\n|-damage|p2a: Glimmora|52\/100|[from] Spikes\n|turn|21\n|\n|t:|1698567972\n|move|p2a: Glimmora|Explosion|p1a: Hatterene\n|-damage|p1a: Hatterene|20\/100\n|faint|p2a: Glimmora\n|\n|win|markeab\n|raw|markeab's rating: 1160 &rarr; <strong>1183<\/strong><br \/>(+23 for winning)\n|raw|Yippee 637373582's rating: 1126 &rarr; <strong>1103<\/strong><br \/>(-23 for losing)\n|l|\u2606Yippee 637373582\n","uploadtime":1698568175,"views":14,"p1id":"markeab","p2id":"yippee637373582","formatid":"gen9anythinggoes","rating":1103,"private":0,"password":""}