{"id":"gen9anythinggoes-1989090372","p1":"lucasb9650","p2":"Tysnap05","format":"[Gen 9] Anything Goes","log":"|j|\u2606lucasb9650\n|j|\u2606Tysnap05\n|t:|1699811089\n|gametype|singles\n|player|p1|lucasb9650|lass-gen4dp|1151\n|player|p2|Tysnap05|170|1169\n|teamsize|p1|6\n|teamsize|p2|6\n|gen|9\n|tier|[Gen 9] Anything Goes\n|rated|\n|rule|HP Percentage Mod: HP is shown in percentages\n|rule|Endless Battle Clause: Forcing endless battles is banned\n|clearpoke\n|poke|p1|Houndstone, F|\n|poke|p1|Blissey, F|\n|poke|p1|Garchomp, F|\n|poke|p1|Glimmora, F|\n|poke|p1|Maushold-Four|\n|poke|p1|Ninetales-Alola, F|\n|poke|p2|Pawmot, M|\n|poke|p2|Miraidon|\n|poke|p2|Mimikyu, F|\n|poke|p2|Orthworm, M|\n|poke|p2|Kyogre|\n|poke|p2|Glimmora, F|\n|teampreview\n|\n|t:|1699811096\n|start\n|switch|p1a: Glimmora|Glimmora, F|100\/100\n|switch|p2a: Glimmora|Glimmora, F|100\/100\n|turn|1\n|inactive|Battle timer is ON: inactive players will automatically lose when time's up. (requested by lucasb9650)\n|l|\u2606Tysnap05\n|inactive|Tysnap05 disconnected and has a minute to reconnect!\n|player|p2|\n|j|\u2606Tysnap05\n|inactive|Tysnap05 reconnected and has 130 seconds left.\n|player|p2|Tysnap05|170\n|\n|t:|1699811122\n|move|p1a: Glimmora|Acid Armor|p1a: Glimmora\n|-boost|p1a: Glimmora|def|2\n|move|p2a: Glimmora|Spikes|p1a: Glimmora\n|-sidestart|p1: lucasb9650|Spikes\n|\n|upkeep\n|turn|2\n|\n|t:|1699811134\n|move|p1a: Glimmora|Power Gem|p2a: Glimmora\n|-damage|p2a: Glimmora|61\/100\n|move|p2a: Glimmora|Spikes|p1a: Glimmora\n|-sidestart|p1: lucasb9650|Spikes\n|\n|-heal|p2a: Glimmora|67\/100|[from] item: Black Sludge\n|upkeep\n|turn|3\n|\n|t:|1699811142\n|move|p1a: Glimmora|Power Gem|p2a: Glimmora\n|-damage|p2a: Glimmora|28\/100\n|move|p2a: Glimmora|Rock Slide|p1a: Glimmora|[miss]\n|-miss|p2a: Glimmora|p1a: Glimmora\n|\n|-heal|p2a: Glimmora|34\/100|[from] item: Black Sludge\n|upkeep\n|turn|4\n|\n|t:|1699811145\n|move|p1a: Glimmora|Power Gem|p2a: Glimmora\n|-damage|p2a: Glimmora|0 fnt\n|faint|p2a: Glimmora\n|\n|upkeep\n|\n|t:|1699811147\n|switch|p2a: Pawmot|Pawmot, M|100\/100\n|turn|5\n|\n|t:|1699811151\n|move|p2a: Pawmot|Fake Out|p1a: Glimmora\n|-resisted|p1a: Glimmora\n|-damage|p1a: Glimmora|97\/100\n|-activate|p1a: Glimmora|ability: Toxic Debris\n|-sidestart|p2: Tysnap05|move: Toxic Spikes\n|cant|p1a: Glimmora|flinch\n|\n|-heal|p1a: Glimmora|100\/100|[from] item: Black Sludge\n|upkeep\n|turn|6\n|\n|t:|1699811161\n|move|p2a: Pawmot|Revival Blessing|p2a: Pawmot\n|\n|t:|1699811162\n|-heal|p2: Glimmora|50\/100|[from] move: Revival Blessing\n|move|p1a: Glimmora|Sludge Bomb|p2a: Pawmot\n|-damage|p2a: Pawmot|32\/100\n|\n|upkeep\n|turn|7\n|\n|t:|1699811169\n|switch|p2a: Orthworm|Orthworm, M|100\/100\n|move|p1a: Glimmora|Sludge Bomb|p2a: Orthworm\n|-immune|p2a: Orthworm\n|\n|upkeep\n|turn|8\n|\n|t:|1699811176\n|move|p1a: Glimmora|Rock Polish|p1a: Glimmora\n|-boost|p1a: Glimmora|spe|2\n|move|p2a: Orthworm|Earthquake|p1a: Glimmora\n|-supereffective|p1a: Glimmora\n|-damage|p1a: Glimmora|54\/100\n|-activate|p1a: Glimmora|ability: Toxic Debris\n|-sidestart|p2: Tysnap05|move: Toxic Spikes\n|\n|-heal|p1a: Glimmora|60\/100|[from] item: Black Sludge\n|upkeep\n|turn|9\n|\n|t:|1699811180\n|move|p1a: Glimmora|Power Gem|p2a: Orthworm\n|-resisted|p2a: Orthworm\n|-damage|p2a: Orthworm|79\/100\n|move|p2a: Orthworm|Earthquake|p1a: Glimmora\n|-supereffective|p1a: Glimmora\n|-damage|p1a: Glimmora|19\/100\n|\n|-heal|p1a: Glimmora|26\/100|[from] item: Black Sludge\n|upkeep\n|turn|10\n|\n|t:|1699811189\n|switch|p1a: Garchomp|Garchomp, F|100\/100\n|-damage|p1a: Garchomp|84\/100|[from] Spikes\n|move|p2a: Orthworm|Earthquake|p1a: Garchomp\n|-damage|p1a: Garchomp|70\/100\n|\n|upkeep\n|turn|11\n|\n|t:|1699811196\n|switch|p2a: Glimmora|Glimmora, F|50\/100\n|-sideend|p2: Tysnap05|move: Toxic Spikes|[of] p2a: Glimmora\n|move|p1a: Garchomp|Fire Blast|p2a: Glimmora\n|-resisted|p2a: Glimmora\n|-damage|p2a: Glimmora|40\/100\n|\n|-heal|p2a: Glimmora|46\/100|[from] item: Black Sludge\n|upkeep\n|turn|12\n|\n|t:|1699811210\n|move|p1a: Garchomp|Iron Head|p2a: Glimmora\n|-supereffective|p2a: Glimmora\n|-damage|p2a: Glimmora|0 fnt\n|-activate|p2a: Glimmora|ability: Toxic Debris\n|-sidestart|p1: lucasb9650|move: Toxic Spikes\n|faint|p2a: Glimmora\n|\n|upkeep\n|\n|t:|1699811216\n|switch|p2a: Pawmot|Pawmot, M|32\/100\n|turn|13\n|\n|t:|1699811222\n|move|p2a: Pawmot|Fake Out|p1a: Garchomp\n|-damage|p1a: Garchomp|60\/100\n|-damage|p2a: Pawmot|19\/100|[from] ability: Rough Skin|[of] p1a: Garchomp\n|-damage|p2a: Pawmot|3\/100|[from] item: Rocky Helmet|[of] p1a: Garchomp\n|cant|p1a: Garchomp|flinch\n|\n|upkeep\n|turn|14\n|\n|t:|1699811239\n|switch|p2a: Mimikyu|Mimikyu, F|100\/100\n|move|p1a: Garchomp|Dragon Claw|p2a: Mimikyu\n|-immune|p2a: Mimikyu\n|\n|upkeep\n|turn|15\n|\n|t:|1699811248\n|move|p2a: Mimikyu|Play Rough|p1a: Garchomp\n|-supereffective|p1a: Garchomp\n|-damage|p1a: Garchomp|3\/100\n|-damage|p2a: Mimikyu|88\/100|[from] ability: Rough Skin|[of] p1a: Garchomp\n|-damage|p2a: Mimikyu|72\/100|[from] item: Rocky Helmet|[of] p1a: Garchomp\n|move|p1a: Garchomp|Iron Head|p2a: Mimikyu\n|-activate|p2a: Mimikyu|ability: Disguise\n|-damage|p2a: Mimikyu|72\/100\n|detailschange|p2a: Mimikyu|Mimikyu-Busted, F\n|-damage|p2a: Mimikyu|59\/100|[from] pokemon: Mimikyu-Busted\n|-enditem|p2a: Mimikyu|Red Card|[of] p1a: Garchomp\n|drag|p1a: Glimmora|Glimmora, F|26\/100\n|-damage|p1a: Glimmora|9\/100|[from] Spikes\n|-sideend|p1: lucasb9650|move: Toxic Spikes|[of] p1a: Glimmora\n|\n|-heal|p1a: Glimmora|15\/100|[from] item: Black Sludge\n|upkeep\n|turn|16\n|\n|t:|1699811260\n|move|p2a: Mimikyu|Shadow Sneak|p1a: Glimmora\n|-damage|p1a: Glimmora|0 fnt\n|-activate|p1a: Glimmora|ability: Toxic Debris\n|-sidestart|p2: Tysnap05|move: Toxic Spikes\n|faint|p1a: Glimmora\n|\n|upkeep\n|\n|t:|1699811273\n|switch|p1a: Ninetales|Ninetales-Alola, F, shiny|100\/100\n|-damage|p1a: Ninetales|84\/100|[from] Spikes\n|turn|17\n|\n|t:|1699811281\n|move|p2a: Mimikyu|Play Rough|p1a: Ninetales\n|-damage|p1a: Ninetales|36\/100\n|-unboost|p1a: Ninetales|atk|1\n|move|p1a: Ninetales|Ice Beam|p2a: Mimikyu\n|-damage|p2a: Mimikyu|17\/100\n|\n|upkeep\n|turn|18\n|\n|t:|1699811291\n|switch|p1a: Garchomp|Garchomp, F|3\/100\n|-damage|p1a: Garchomp|0 fnt|[from] Spikes\n|faint|p1a: Garchomp\n|move|p2a: Mimikyu|Play Rough|p1: Garchomp|[notarget]\n|-fail|p2a: Mimikyu\n|\n|upkeep\n|\n|t:|1699811297\n|switch|p1a: Blissey|Blissey, F|100\/100\n|-damage|p1a: Blissey|84\/100|[from] Spikes\n|turn|19\n|\n|t:|1699811303\n|move|p2a: Mimikyu|Pain Split|p1a: Blissey\n|-sethp|p1a: Blissey|45\/100|[from] move: Pain Split|[silent]\n|-sethp|p2a: Mimikyu|100\/100|[from] move: Pain Split\n|move|p1a: Blissey|Defense Curl|p1a: Blissey\n|-boost|p1a: Blissey|def|1\n|\n|upkeep\n|turn|20\n|\n|t:|1699811313\n|move|p2a: Mimikyu|Play Rough|p1a: Blissey\n|-damage|p1a: Blissey|22\/100\n|-damage|p2a: Mimikyu|84\/100|[from] item: Rocky Helmet|[of] p1a: Blissey\n|move|p1a: Blissey|Defense Curl|p1a: Blissey\n|-boost|p1a: Blissey|def|1\n|\n|upkeep\n|turn|21\n|\n|t:|1699811328\n|move|p2a: Mimikyu|Play Rough|p1a: Blissey\n|-damage|p1a: Blissey|5\/100\n|-damage|p2a: Mimikyu|68\/100|[from] item: Rocky Helmet|[of] p1a: Blissey\n|move|p1a: Blissey|Defense Curl|p1a: Blissey\n|-boost|p1a: Blissey|def|1\n|\n|upkeep\n|turn|22\n|\n|t:|1699811336\n|move|p2a: Mimikyu|Shadow Sneak|p1a: Blissey\n|-immune|p1a: Blissey\n|move|p1a: Blissey|Soft-Boiled|p1a: Blissey\n|-heal|p1a: Blissey|55\/100\n|\n|upkeep\n|turn|23\n|\n|t:|1699811342\n|move|p2a: Mimikyu|Play Rough|p1a: Blissey\n|-damage|p1a: Blissey|41\/100\n|-damage|p2a: Mimikyu|51\/100|[from] item: Rocky Helmet|[of] p1a: Blissey\n|move|p1a: Blissey|Soft-Boiled|p1a: Blissey\n|-heal|p1a: Blissey|91\/100\n|\n|upkeep\n|turn|24\n|\n|t:|1699811358\n|move|p2a: Mimikyu|Pain Split|p1a: Blissey\n|-sethp|p1a: Blissey|55\/100|[from] move: Pain Split|[silent]\n|-sethp|p2a: Mimikyu|100\/100|[from] move: Pain Split\n|move|p1a: Blissey|Defense Curl|p1a: Blissey\n|-boost|p1a: Blissey|def|1\n|\n|upkeep\n|turn|25\n|\n|t:|1699811370\n|move|p2a: Mimikyu|Play Rough|p1a: Blissey\n|-damage|p1a: Blissey|43\/100\n|-unboost|p1a: Blissey|atk|1\n|-damage|p2a: Mimikyu|84\/100|[from] item: Rocky Helmet|[of] p1a: Blissey\n|move|p1a: Blissey|Soft-Boiled|p1a: Blissey\n|-heal|p1a: Blissey|93\/100\n|\n|upkeep\n|turn|26\n|\n|t:|1699811381\n|move|p2a: Mimikyu|Play Rough|p1a: Blissey\n|-damage|p1a: Blissey|82\/100\n|-damage|p2a: Mimikyu|68\/100|[from] item: Rocky Helmet|[of] p1a: Blissey\n|move|p1a: Blissey|Defense Curl|p1a: Blissey\n|-boost|p1a: Blissey|def|1\n|\n|upkeep\n|turn|27\n|\n|t:|1699811392\n|move|p2a: Mimikyu|Play Rough|p1a: Blissey\n|-damage|p1a: Blissey|72\/100\n|-unboost|p1a: Blissey|atk|1\n|-damage|p2a: Mimikyu|51\/100|[from] item: Rocky Helmet|[of] p1a: Blissey\n|move|p1a: Blissey|Defense Curl|p1a: Blissey\n|-boost|p1a: Blissey|def|1\n|\n|upkeep\n|turn|28\n|\n|t:|1699811402\n|move|p2a: Mimikyu|Play Rough|p1a: Blissey\n|-damage|p1a: Blissey|64\/100\n|-damage|p2a: Mimikyu|35\/100|[from] item: Rocky Helmet|[of] p1a: Blissey\n|move|p1a: Blissey|Soft-Boiled|p1a: Blissey\n|-heal|p1a: Blissey|100\/100\n|\n|upkeep\n|turn|29\n|\n|t:|1699811415\n|move|p2a: Mimikyu|Pain Split|p1a: Blissey\n|-sethp|p1a: Blissey|57\/100|[from] move: Pain Split|[silent]\n|-sethp|p2a: Mimikyu|100\/100|[from] move: Pain Split\n|move|p1a: Blissey|Calm Mind|p1a: Blissey\n|-boost|p1a: Blissey|spa|1\n|-boost|p1a: Blissey|spd|1\n|\n|upkeep\n|turn|30\n|\n|t:|1699811423\n|move|p2a: Mimikyu|Play Rough|p1a: Blissey\n|-damage|p1a: Blissey|48\/100\n|-damage|p2a: Mimikyu|84\/100|[from] item: Rocky Helmet|[of] p1a: Blissey\n|move|p1a: Blissey|Soft-Boiled|p1a: Blissey\n|-heal|p1a: Blissey|98\/100\n|\n|upkeep\n|turn|31\n|\n|t:|1699811433\n|move|p2a: Mimikyu|Play Rough|p1a: Blissey\n|-damage|p1a: Blissey|89\/100\n|-damage|p2a: Mimikyu|68\/100|[from] item: Rocky Helmet|[of] p1a: Blissey\n|move|p1a: Blissey|Calm Mind|p1a: Blissey\n|-boost|p1a: Blissey|spa|1\n|-boost|p1a: Blissey|spd|1\n|\n|upkeep\n|turn|32\n|\n|t:|1699811449\n|move|p2a: Mimikyu|Play Rough|p1a: Blissey\n|-damage|p1a: Blissey|80\/100\n|-damage|p2a: Mimikyu|51\/100|[from] item: Rocky Helmet|[of] p1a: Blissey\n|move|p1a: Blissey|Calm Mind|p1a: Blissey\n|-boost|p1a: Blissey|spa|1\n|-boost|p1a: Blissey|spd|1\n|\n|upkeep\n|turn|33\n|\n|t:|1699811458\n|move|p2a: Mimikyu|Play Rough|p1a: Blissey\n|-damage|p1a: Blissey|72\/100\n|-damage|p2a: Mimikyu|35\/100|[from] item: Rocky Helmet|[of] p1a: Blissey\n|move|p1a: Blissey|Calm Mind|p1a: Blissey\n|-boost|p1a: Blissey|spa|1\n|-boost|p1a: Blissey|spd|1\n|\n|upkeep\n|turn|34\n|\n|t:|1699811467\n|move|p2a: Mimikyu|Play Rough|p1a: Blissey\n|-damage|p1a: Blissey|63\/100\n|-unboost|p1a: Blissey|atk|1\n|-damage|p2a: Mimikyu|19\/100|[from] item: Rocky Helmet|[of] p1a: Blissey\n|move|p1a: Blissey|Calm Mind|p1a: Blissey\n|-boost|p1a: Blissey|spa|1\n|-boost|p1a: Blissey|spd|1\n|\n|upkeep\n|turn|35\n|\n|t:|1699811477\n|move|p2a: Mimikyu|Pain Split|p1a: Blissey\n|-sethp|p1a: Blissey|35\/100|[from] move: Pain Split|[silent]\n|-sethp|p2a: Mimikyu|91\/100|[from] move: Pain Split\n|move|p1a: Blissey|Calm Mind|p1a: Blissey\n|-boost|p1a: Blissey|spa|1\n|-boost|p1a: Blissey|spd|1\n|\n|upkeep\n|turn|36\n|\n|t:|1699811484\n|move|p2a: Mimikyu|Play Rough|p1a: Blissey\n|-damage|p1a: Blissey|26\/100\n|-damage|p2a: Mimikyu|74\/100|[from] item: Rocky Helmet|[of] p1a: Blissey\n|move|p1a: Blissey|Soft-Boiled|p1a: Blissey\n|-heal|p1a: Blissey|76\/100\n|\n|upkeep\n|turn|37\n|\n|t:|1699811497\n|switch|p2a: Orthworm|Orthworm, M|79\/100\n|move|p1a: Blissey|Soft-Boiled|p1a: Blissey\n|-heal|p1a: Blissey|100\/100\n|\n|upkeep\n|turn|38\n|\n|t:|1699811507\n|move|p2a: Orthworm|Stealth Rock|p1a: Blissey\n|-sidestart|p1: lucasb9650|move: Stealth Rock\n|move|p1a: Blissey|Tera Blast|p2a: Orthworm\n|-resisted|p2a: Orthworm\n|-damage|p2a: Orthworm|21\/100\n|\n|upkeep\n|turn|39\n|\n|t:|1699811523\n|move|p2a: Orthworm|Spikes|p1a: Blissey\n|-sidestart|p1: lucasb9650|Spikes\n|move|p1a: Blissey|Tera Blast|p2a: Orthworm\n|-resisted|p2a: Orthworm\n|-damage|p2a: Orthworm|0 fnt\n|faint|p2a: Orthworm\n|\n|upkeep\n|\n|t:|1699811532\n|switch|p2a: Pawmot|Pawmot, M|3\/100\n|-status|p2a: Pawmot|psn\n|turn|40\n|\n|t:|1699811540\n|move|p2a: Pawmot|Fake Out|p1a: Blissey\n|-damage|p1a: Blissey|98\/100\n|-damage|p2a: Pawmot|0 fnt|[from] item: Rocky Helmet|[of] p1a: Blissey\n|faint|p2a: Pawmot\n|cant|p1a: Blissey|flinch\n|\n|upkeep\n|\n|t:|1699811549\n|switch|p2a: Mimikyu|Mimikyu-Busted, F|74\/100\n|-status|p2a: Mimikyu|psn\n|turn|41\n|\n|t:|1699811556\n|move|p2a: Mimikyu|Shadow Sneak|p1a: Blissey\n|-immune|p1a: Blissey\n|move|p1a: Blissey|Soft-Boiled|p1a: Blissey\n|-heal|p1a: Blissey|100\/100\n|\n|-damage|p2a: Mimikyu|62\/100 psn|[from] psn\n|upkeep\n|turn|42\n|\n|t:|1699811570\n|move|p2a: Mimikyu|Phantom Force||[still]\n|-prepare|p2a: Mimikyu|Phantom Force\n|move|p1a: Blissey|Tera Blast|p2a: Mimikyu|[miss]\n|-miss|p1a: Blissey|p2a: Mimikyu\n|\n|-damage|p2a: Mimikyu|50\/100 psn|[from] psn\n|upkeep\n|turn|43\n|\n|t:|1699811579\n|move|p2a: Mimikyu|Phantom Force|p1a: Blissey|[from]lockedmove\n|-immune|p1a: Blissey\n|move|p1a: Blissey|Tera Blast|p2a: Mimikyu\n|-immune|p2a: Mimikyu\n|\n|-damage|p2a: Mimikyu|37\/100 psn|[from] psn\n|upkeep\n|turn|44\n|\n|t:|1699811590\n|move|p2a: Mimikyu|Shadow Sneak|p1a: Blissey\n|-immune|p1a: Blissey\n|move|p1a: Blissey|Calm Mind|p1a: Blissey\n|-boost|p1a: Blissey|spa|0\n|-boost|p1a: Blissey|spd|0\n|\n|-damage|p2a: Mimikyu|25\/100 psn|[from] psn\n|upkeep\n|turn|45\n|\n|t:|1699811602\n|move|p2a: Mimikyu|Shadow Sneak|p1a: Blissey\n|-immune|p1a: Blissey\n|move|p1a: Blissey|Calm Mind|p1a: Blissey\n|-boost|p1a: Blissey|spa|0\n|-boost|p1a: Blissey|spd|0\n|\n|-damage|p2a: Mimikyu|12\/100 psn|[from] psn\n|upkeep\n|turn|46\n|\n|t:|1699811615\n|move|p2a: Mimikyu|Pain Split|p1a: Blissey\n|-sethp|p1a: Blissey|53\/100|[from] move: Pain Split|[silent]\n|-sethp|p2a: Mimikyu|100\/100 psn|[from] move: Pain Split\n|move|p1a: Blissey|Calm Mind|p1a: Blissey\n|-boost|p1a: Blissey|spa|0\n|-boost|p1a: Blissey|spd|0\n|\n|-damage|p2a: Mimikyu|88\/100 psn|[from] psn\n|upkeep\n|turn|47\n|inactive|Tysnap05 has 120 seconds left.\n|\n|t:|1699811645\n|switch|p2a: Miraidon|Miraidon|100\/100\n|-fieldstart|move: Electric Terrain|[from] ability: Hadron Engine|[of] p2a: Miraidon\n|-item|p2a: Miraidon|Air Balloon\n|move|p1a: Blissey|Calm Mind|p1a: Blissey\n|-boost|p1a: Blissey|spa|0\n|-boost|p1a: Blissey|spd|0\n|\n|upkeep\n|turn|48\n|\n|t:|1699811656\n|move|p1a: Blissey|Tera Blast|p2a: Miraidon\n|-damage|p2a: Miraidon|0 fnt\n|-enditem|p2a: Miraidon|Air Balloon\n|faint|p2a: Miraidon\n|\n|upkeep\n|-message|Tysnap05 forfeited.\n|\n|win|lucasb9650\n|raw|lucasb9650's rating: 1151 &rarr; <strong>1177<\/strong><br \/>(+26 for winning)\n|raw|Tysnap05's rating: 1169 &rarr; <strong>1143<\/strong><br \/>(-26 for losing)\n|l|\u2606Tysnap05\n","uploadtime":1699811666,"views":4,"p1id":"lucasb9650","p2id":"tysnap05","formatid":"gen9anythinggoes","rating":1143,"private":0,"password":""}