{"id":"gen9anythinggoes-2000444790","p1":"Kirbyg23","p2":"BigShaq189","format":"[Gen 9] Anything Goes","log":"|j|\u2606Kirbyg23\n|j|\u2606BigShaq189\n|t:|1701195381\n|gametype|singles\n|player|p1|Kirbyg23|102|\n|player|p2|BigShaq189|veteran|\n|teamsize|p1|6\n|teamsize|p2|6\n|gen|9\n|tier|[Gen 9] Anything Goes\n|rule|HP Percentage Mod: HP is shown in percentages\n|rule|Endless Battle Clause: Forcing endless battles is banned\n|clearpoke\n|poke|p1|Dragapult, M|\n|poke|p1|Torterra, F|\n|poke|p1|Ribombee, F|\n|poke|p1|Thundurus-Therian, M|\n|poke|p1|Toxapex, M|\n|poke|p1|Tyranitar, F|\n|poke|p2|Great Tusk|\n|poke|p2|Iron Hands|\n|poke|p2|Gholdengo|\n|poke|p2|Sneasler, F|\n|poke|p2|Iron Bundle|\n|poke|p2|Amoonguss, M|\n|teampreview\n|\n|t:|1701195400\n|start\n|switch|p1a: Ribombee|Ribombee, F|100\/100\n|switch|p2a: Iron Bundle|Iron Bundle|100\/100\n|turn|1\n|\n|t:|1701195434\n|move|p2a: Iron Bundle|Flip Turn|p1a: Ribombee\n|-damage|p1a: Ribombee|69\/100\n|\n|t:|1701195437\n|-end|p2a: Iron Bundle|Quark Drive|[silent]\n|switch|p2a: Amoonguss|Amoonguss, M|100\/100|[from] Flip Turn\n|move|p1a: Ribombee|Sticky Web|p2a: Amoonguss\n|-sidestart|p2: BigShaq189|move: Sticky Web\n|\n|upkeep\n|turn|2\n|\n|t:|1701195457\n|move|p1a: Ribombee|Quiver Dance|p1a: Ribombee\n|-boost|p1a: Ribombee|spa|1\n|-boost|p1a: Ribombee|spd|1\n|-boost|p1a: Ribombee|spe|1\n|move|p2a: Amoonguss|Spore|p1a: Ribombee\n|-status|p1a: Ribombee|slp|[from] move: Spore\n|\n|upkeep\n|turn|3\n|\n|t:|1701195471\n|switch|p1a: Tyranitar|Tyranitar, F|100\/100\n|-weather|Sandstorm|[from] ability: Sand Stream|[of] p1a: Tyranitar\n|move|p2a: Amoonguss|Sludge Bomb|p1a: Tyranitar\n|-resisted|p1a: Tyranitar\n|-crit|p1a: Tyranitar\n|-damage|p1a: Tyranitar|93\/100\n|\n|-weather|Sandstorm|[upkeep]\n|-damage|p2a: Amoonguss|94\/100|[from] Sandstorm\n|-heal|p2a: Amoonguss|100\/100|[from] item: Black Sludge\n|upkeep\n|turn|4\n|\n|t:|1701195491\n|move|p2a: Amoonguss|Giga Drain|p1a: Tyranitar\n|-supereffective|p1a: Tyranitar\n|-damage|p1a: Tyranitar|75\/100\n|move|p1a: Tyranitar|Dragon Tail|p2a: Amoonguss\n|-damage|p2a: Amoonguss|77\/100\n|drag|p2a: Gholdengo|Gholdengo|100\/100\n|-activate|p2a: Gholdengo|move: Sticky Web\n|-unboost|p2a: Gholdengo|spe|1\n|\n|-weather|Sandstorm|[upkeep]\n|upkeep\n|turn|5\n|\n|t:|1701195507\n|move|p2a: Gholdengo|Make It Rain|p1a: Tyranitar\n|-supereffective|p1a: Tyranitar\n|-damage|p1a: Tyranitar|30\/100\n|-unboost|p2a: Gholdengo|spa|1\n|move|p1a: Tyranitar|Crunch|p2a: Gholdengo\n|-supereffective|p2a: Gholdengo\n|-damage|p2a: Gholdengo|0 fnt\n|faint|p2a: Gholdengo\n|\n|-weather|Sandstorm|[upkeep]\n|upkeep\n|\n|t:|1701195518\n|switch|p2a: Great Tusk|Great Tusk|100\/100\n|-activate|p2a: Great Tusk|move: Sticky Web\n|-unboost|p2a: Great Tusk|spe|1\n|turn|6\n|\n|t:|1701195541\n|switch|p1a: Thundurus|Thundurus-Therian, M|100\/100\n|move|p2a: Great Tusk|Rapid Spin|p1a: Thundurus\n|-damage|p1a: Thundurus|71\/100\n|-boost|p2a: Great Tusk|spe|1\n|-sideend|p2: BigShaq189|Sticky Web|[from] move: Rapid Spin|[of] p2a: Great Tusk\n|\n|-weather|Sandstorm|[upkeep]\n|-damage|p1a: Thundurus|65\/100|[from] Sandstorm\n|upkeep\n|turn|7\n|\n|t:|1701195565\n|-end|p2a: Great Tusk|Protosynthesis|[silent]\n|switch|p2a: Iron Hands|Iron Hands|100\/100\n|move|p1a: Thundurus|Psychic|p2a: Iron Hands\n|-supereffective|p2a: Iron Hands\n|-damage|p2a: Iron Hands|63\/100\n|\n|-weather|none\n|upkeep\n|turn|8\n|\n|t:|1701195589\n|move|p1a: Thundurus|Psychic|p2a: Iron Hands\n|-supereffective|p2a: Iron Hands\n|-damage|p2a: Iron Hands|26\/100\n|move|p2a: Iron Hands|Drain Punch|p1a: Thundurus\n|-resisted|p1a: Thundurus\n|-damage|p1a: Thundurus|33\/100\n|-heal|p2a: Iron Hands|37\/100|[from] drain|[of] p1a: Thundurus\n|\n|upkeep\n|turn|9\n|\n|t:|1701195604\n|move|p1a: Thundurus|Psychic|p2a: Iron Hands\n|-supereffective|p2a: Iron Hands\n|-damage|p2a: Iron Hands|2\/100\n|move|p2a: Iron Hands|Drain Punch|p1a: Thundurus\n|-resisted|p1a: Thundurus\n|-damage|p1a: Thundurus|0 fnt\n|-heal|p2a: Iron Hands|13\/100|[from] drain|[of] p1a: Thundurus\n|faint|p1a: Thundurus\n|\n|upkeep\n|\n|t:|1701195637\n|switch|p1a: Dragapult|Dragapult, M|100\/100\n|turn|10\n|\n|t:|1701195648\n|move|p1a: Dragapult|Reflect|p1a: Dragapult\n|-sidestart|p1: Kirbyg23|Reflect\n|move|p2a: Iron Hands|Wild Charge|p1a: Dragapult\n|-resisted|p1a: Dragapult\n|-crit|p1a: Dragapult\n|-damage|p1a: Dragapult|48\/100\n|-damage|p2a: Iron Hands|3\/100|[from] Recoil\n|\n|upkeep\n|turn|11\n|\n|t:|1701195658\n|move|p1a: Dragapult|Shadow Ball|p2a: Iron Hands\n|-damage|p2a: Iron Hands|0 fnt\n|faint|p2a: Iron Hands\n|-end|p2a: Iron Hands|Quark Drive|[silent]\n|-damage|p1a: Dragapult|39\/100|[from] item: Life Orb\n|\n|upkeep\n|\n|t:|1701195686\n|switch|p2a: Iron Bundle|Iron Bundle|100\/100\n|turn|12\n|\n|t:|1701195701\n|move|p1a: Dragapult|U-turn|p2a: Iron Bundle\n|-damage|p2a: Iron Bundle|74\/100\n|-damage|p1a: Dragapult|29\/100|[from] item: Life Orb\n|\n|t:|1701195706\n|switch|p1a: Tyranitar|Tyranitar, F|30\/100|[from] U-turn\n|-weather|Sandstorm|[from] ability: Sand Stream|[of] p1a: Tyranitar\n|move|p2a: Iron Bundle|Freeze-Dry|p1a: Tyranitar\n|-damage|p1a: Tyranitar|11\/100\n|\n|-weather|Sandstorm|[upkeep]\n|-damage|p2a: Iron Bundle|68\/100|[from] Sandstorm\n|upkeep\n|turn|13\n|\n|t:|1701195715\n|move|p2a: Iron Bundle|Freeze-Dry|p1a: Tyranitar\n|-crit|p1a: Tyranitar\n|-damage|p1a: Tyranitar|0 fnt\n|faint|p1a: Tyranitar\n|\n|-weather|Sandstorm|[upkeep]\n|-damage|p2a: Iron Bundle|62\/100|[from] Sandstorm\n|upkeep\n|\n|t:|1701195748\n|switch|p1a: Ribombee|Ribombee, F|69\/100 slp\n|turn|14\n|\n|t:|1701195757\n|-end|p2a: Iron Bundle|Quark Drive|[silent]\n|switch|p2a: Amoonguss|Amoonguss, M|100\/100\n|cant|p1a: Ribombee|slp\n|\n|-weather|Sandstorm|[upkeep]\n|-damage|p1a: Ribombee|63\/100 slp|[from] Sandstorm\n|-damage|p2a: Amoonguss|94\/100|[from] Sandstorm\n|-heal|p2a: Amoonguss|100\/100|[from] item: Black Sludge\n|-sideend|p1: Kirbyg23|Reflect\n|upkeep\n|turn|15\n|\n|t:|1701195771\n|-curestatus|p1a: Ribombee|slp|[msg]\n|move|p1a: Ribombee|Sticky Web|p2a: Amoonguss\n|-sidestart|p2: BigShaq189|move: Sticky Web\n|move|p2a: Amoonguss|Sludge Bomb|p1a: Ribombee\n|-supereffective|p1a: Ribombee\n|-damage|p1a: Ribombee|0 fnt\n|faint|p1a: Ribombee\n|\n|-weather|Sandstorm|[upkeep]\n|-damage|p2a: Amoonguss|94\/100|[from] Sandstorm\n|-heal|p2a: Amoonguss|100\/100|[from] item: Black Sludge\n|upkeep\n|\n|t:|1701195785\n|switch|p1a: Torterra|Torterra, F|100\/100\n|turn|16\n|\n|t:|1701195796\n|move|p1a: Torterra|Shell Smash|p1a: Torterra\n|-unboost|p1a: Torterra|def|1\n|-unboost|p1a: Torterra|spd|1\n|-boost|p1a: Torterra|atk|2\n|-boost|p1a: Torterra|spa|2\n|-boost|p1a: Torterra|spe|2\n|move|p2a: Amoonguss|Clear Smog|p1a: Torterra\n|-damage|p1a: Torterra|68\/100\n|-clearboost|p1a: Torterra\n|\n|-weather|none\n|upkeep\n|turn|17\n|\n|t:|1701195812\n|-terastallize|p1a: Torterra|Fire\n|move|p1a: Torterra|Tera Blast|p2a: Amoonguss|[anim] Tera Blast Fire\n|-supereffective|p2a: Amoonguss\n|-damage|p2a: Amoonguss|22\/100\n|move|p2a: Amoonguss|Sludge Bomb|p1a: Torterra\n|-damage|p1a: Torterra|36\/100\n|\n|-heal|p2a: Amoonguss|29\/100|[from] item: Black Sludge\n|upkeep\n|turn|18\n|\n|t:|1701195822\n|move|p1a: Torterra|Shell Smash|p1a: Torterra\n|-unboost|p1a: Torterra|def|1\n|-unboost|p1a: Torterra|spd|1\n|-boost|p1a: Torterra|atk|2\n|-boost|p1a: Torterra|spa|2\n|-boost|p1a: Torterra|spe|2\n|move|p2a: Amoonguss|Clear Smog|p1a: Torterra\n|-damage|p1a: Torterra|4\/100\n|-clearboost|p1a: Torterra\n|\n|-heal|p2a: Amoonguss|35\/100|[from] item: Black Sludge\n|upkeep\n|turn|19\n|\n|t:|1701195839\n|move|p1a: Torterra|Tera Blast|p2a: Amoonguss|[anim] Tera Blast Fire\n|-supereffective|p2a: Amoonguss\n|-damage|p2a: Amoonguss|0 fnt\n|faint|p2a: Amoonguss\n|\n|upkeep\n|\n|t:|1701195843\n|switch|p2a: Great Tusk|Great Tusk|100\/100\n|-activate|p2a: Great Tusk|move: Sticky Web\n|-unboost|p2a: Great Tusk|spe|1\n|turn|20\n|\n|t:|1701195850\n|move|p1a: Torterra|Bullet Seed|p2a: Great Tusk\n|-supereffective|p2a: Great Tusk\n|-damage|p2a: Great Tusk|77\/100\n|-supereffective|p2a: Great Tusk\n|-damage|p2a: Great Tusk|52\/100\n|-supereffective|p2a: Great Tusk\n|-damage|p2a: Great Tusk|27\/100\n|-supereffective|p2a: Great Tusk\n|-damage|p2a: Great Tusk|2\/100\n|-hitcount|p2a: Great Tusk|4\n|move|p2a: Great Tusk|Knock Off|p1a: Torterra\n|-damage|p1a: Torterra|0 fnt\n|-enditem|p1a: Torterra|Loaded Dice|[from] move: Knock Off|[of] p2a: Great Tusk\n|faint|p1a: Torterra\n|\n|upkeep\n|\n|t:|1701195886\n|switch|p1a: Dragapult|Dragapult, M|29\/100\n|turn|21\n|\n|t:|1701195890\n|move|p1a: Dragapult|U-turn|p2a: Great Tusk\n|-resisted|p2a: Great Tusk\n|-damage|p2a: Great Tusk|0 fnt\n|faint|p2a: Great Tusk\n|-end|p2a: Great Tusk|Protosynthesis|[silent]\n|-damage|p1a: Dragapult|19\/100|[from] item: Life Orb\n|\n|t:|1701195893\n|switch|p1a: Toxapex|Toxapex, M|100\/100|[from] U-turn\n|\n|upkeep\n|\n|t:|1701195897\n|switch|p2a: Iron Bundle|Iron Bundle|62\/100\n|-activate|p2a: Iron Bundle|move: Sticky Web\n|-unboost|p2a: Iron Bundle|spe|1\n|turn|22\n|\n|t:|1701195907\n|move|p2a: Iron Bundle|Freeze-Dry|p1a: Toxapex\n|-supereffective|p1a: Toxapex\n|-damage|p1a: Toxapex|17\/100\n|move|p1a: Toxapex|Toxic|p2a: Iron Bundle\n|-status|p2a: Iron Bundle|tox\n|\n|-heal|p1a: Toxapex|23\/100|[from] item: Leftovers\n|-damage|p2a: Iron Bundle|56\/100 tox|[from] psn\n|upkeep\n|turn|23\n|\n|t:|1701195915\n|move|p2a: Iron Bundle|Freeze-Dry|p1a: Toxapex\n|-supereffective|p1a: Toxapex\n|-damage|p1a: Toxapex|0 fnt\n|faint|p1a: Toxapex\n|\n|-damage|p2a: Iron Bundle|44\/100 tox|[from] psn\n|upkeep\n|\n|t:|1701195918\n|switch|p1a: Dragapult|Dragapult, M|19\/100\n|turn|24\n|\n|t:|1701195922\n|move|p1a: Dragapult|Shadow Ball|p2a: Iron Bundle\n|-damage|p2a: Iron Bundle|0 fnt\n|faint|p2a: Iron Bundle\n|-end|p2a: Iron Bundle|Quark Drive|[silent]\n|-damage|p1a: Dragapult|9\/100|[from] item: Life Orb\n|\n|upkeep\n|\n|t:|1701195928\n|switch|p2a: Sneasler|Sneasler, F|100\/100\n|-activate|p2a: Sneasler|move: Sticky Web\n|-unboost|p2a: Sneasler|spe|1\n|turn|25\n|\n|t:|1701195946\n|move|p1a: Dragapult|Draco Meteor|p2a: Sneasler\n|-crit|p2a: Sneasler\n|-damage|p2a: Sneasler|0 fnt\n|-unboost|p1a: Dragapult|spa|2\n|faint|p2a: Sneasler\n|-damage|p1a: Dragapult|0 fnt|[from] item: Life Orb\n|faint|p1a: Dragapult\n|\n|win|Kirbyg23\n|l|\u2606BigShaq189\n","uploadtime":1701196216,"views":6,"p1id":"kirbyg23","p2id":"bigshaq189","formatid":"gen9anythinggoes","rating":0,"private":0,"password":""}