{"id":"gen9anythinggoes-1973366542","p1":"Arceuso","p2":"BeginnerForReal","format":"[Gen 9] Anything Goes","log":"|j|\u2606Arceuso\n|j|\u2606BeginnerForReal\n|t:|1697962687\n|gametype|singles\n|player|p1|Arceuso|hero2-conquest|1135\n|player|p2|BeginnerForReal|265|1087\n|teamsize|p1|6\n|teamsize|p2|6\n|gen|9\n|tier|[Gen 9] Anything Goes\n|rated|\n|rule|HP Percentage Mod: HP is shown in percentages\n|rule|Endless Battle Clause: Forcing endless battles is banned\n|clearpoke\n|poke|p1|Arceus|\n|poke|p1|Koraidon|\n|poke|p1|Miraidon|\n|poke|p1|Skeledirge, M|\n|poke|p1|Glimmora, F|\n|poke|p1|Arceus-Ground|\n|poke|p2|Pichu, M|\n|poke|p2|Pineco, M|\n|poke|p2|Hippopotas, F|\n|poke|p2|Houndstone, F|\n|poke|p2|Ekans, F|\n|poke|p2|Psyduck, F|\n|teampreview\n|inactive|Battle timer is ON: inactive players will automatically lose when time's up. (requested by Arceuso)\n|\n|t:|1697962699\n|start\n|switch|p1a: Glimmora|Glimmora, F|100\/100\n|switch|p2a: Pichu|Pichu, M|100\/100\n|turn|1\n|c|\u2606BeginnerForReal|I'll try\n|\n|t:|1697962708\n|move|p2a: Pichu|Fake Out|p1a: Glimmora\n|-resisted|p1a: Glimmora\n|-damage|p1a: Glimmora|98\/100\n|-activate|p1a: Glimmora|ability: Toxic Debris\n|-sidestart|p2: BeginnerForReal|move: Toxic Spikes\n|cant|p1a: Glimmora|flinch\n|\n|upkeep\n|turn|2\n|\n|t:|1697962728\n|move|p1a: Glimmora|Mud Shot|p2a: Pichu\n|-supereffective|p2a: Pichu\n|-enditem|p2a: Pichu|Focus Sash\n|-damage|p2a: Pichu|1\/100\n|-unboost|p2a: Pichu|spe|1\n|move|p2a: Pichu|Encore|p1a: Glimmora\n|-start|p1a: Glimmora|Encore\n|\n|upkeep\n|turn|3\n|\n|t:|1697962737\n|move|p1a: Glimmora|Mud Shot|p2a: Pichu\n|-supereffective|p2a: Pichu\n|-damage|p2a: Pichu|0 fnt\n|faint|p2a: Pichu\n|\n|upkeep\n|\n|t:|1697962745\n|switch|p2a: Pineco|Pineco, M|100\/100\n|-status|p2a: Pineco|psn\n|turn|4\n|\n|t:|1697962770\n|switch|p1a: Arceus|Arceus|100\/100\n|move|p2a: Pineco|Rapid Spin|p1a: Arceus\n|-damage|p1a: Arceus|95\/100\n|-boost|p2a: Pineco|spe|1\n|-sideend|p2: BeginnerForReal|Toxic Spikes|[from] move: Rapid Spin|[of] p2a: Pineco\n|\n|-damage|p2a: Pineco|88\/100 psn|[from] psn\n|upkeep\n|turn|5\n|\n|t:|1697962780\n|move|p1a: Arceus|Extreme Speed|p2a: Pineco\n|-damage|p2a: Pineco|39\/100 psn\n|move|p2a: Pineco|Rapid Spin|p1a: Arceus\n|-damage|p1a: Arceus|89\/100\n|-boost|p2a: Pineco|spe|1\n|\n|-damage|p2a: Pineco|27\/100 psn|[from] psn\n|upkeep\n|turn|6\n|\n|t:|1697962789\n|move|p1a: Arceus|Extreme Speed|p2a: Pineco\n|-damage|p2a: Pineco|0 fnt\n|faint|p2a: Pineco\n|\n|upkeep\n|\n|t:|1697962796\n|switch|p2a: Ekans|Ekans, F|100\/100\n|-ability|p2a: Ekans|Intimidate|boost\n|-unboost|p1a: Arceus|atk|1\n|turn|7\n|inactive|Arceuso has 120 seconds left.\n|\n|t:|1697962826\n|move|p1a: Arceus|Swords Dance|p1a: Arceus\n|-boost|p1a: Arceus|atk|2\n|move|p2a: Ekans|Glare|p1a: Arceus\n|-status|p1a: Arceus|par\n|\n|upkeep\n|turn|8\n|\n|t:|1697962833\n|move|p1a: Arceus|Extreme Speed|p2a: Ekans\n|-crit|p2a: Ekans\n|-enditem|p2a: Ekans|Focus Sash\n|-damage|p2a: Ekans|1\/100\n|move|p2a: Ekans|Haze|p2a: Ekans\n|-clearallboost\n|\n|upkeep\n|turn|9\n|\n|t:|1697962844\n|switch|p1a: Glimmora|Glimmora, F|98\/100\n|move|p2a: Ekans|Dark Pulse|p1a: Glimmora\n|-damage|p1a: Glimmora|86\/100\n|\n|upkeep\n|turn|10\n|\n|t:|1697962853\n|move|p1a: Glimmora|Mortal Spin|p2a: Ekans\n|-resisted|p2a: Ekans\n|-damage|p2a: Ekans|0 fnt\n|faint|p2a: Ekans\n|\n|upkeep\n|\n|t:|1697962858\n|switch|p2a: Hippopotas|Hippopotas, F|100\/100\n|-weather|Sandstorm|[from] ability: Sand Stream|[of] p2a: Hippopotas\n|turn|11\n|\n|t:|1697962882\n|move|p1a: Glimmora|Mortal Spin|p2a: Hippopotas\n|-resisted|p2a: Hippopotas\n|-damage|p2a: Hippopotas|96\/100\n|-status|p2a: Hippopotas|psn\n|move|p2a: Hippopotas|Stealth Rock|p1a: Glimmora\n|-sidestart|p1: Arceuso|move: Stealth Rock\n|\n|-weather|Sandstorm|[upkeep]\n|-damage|p2a: Hippopotas|84\/100 psn|[from] psn\n|upkeep\n|turn|12\n|\n|t:|1697962898\n|move|p1a: Glimmora|Mortal Spin|p2a: Hippopotas\n|-resisted|p2a: Hippopotas\n|-crit|p2a: Hippopotas\n|-damage|p2a: Hippopotas|76\/100 psn\n|-sideend|p1: Arceuso|Stealth Rock|[from] move: Mortal Spin|[of] p1a: Glimmora\n|move|p2a: Hippopotas|Yawn|p1a: Glimmora\n|-start|p1a: Glimmora|move: Yawn|[of] p2a: Hippopotas\n|\n|-weather|Sandstorm|[upkeep]\n|-damage|p2a: Hippopotas|64\/100 psn|[from] psn\n|upkeep\n|turn|13\n|inactive|Arceuso has 120 seconds left.\n|\n|t:|1697962922\n|switch|p1a: Arceus|Arceus|89\/100 par\n|move|p2a: Hippopotas|Protect||[still]\n|-fail|p2a: Hippopotas\n|\n|-weather|Sandstorm|[upkeep]\n|-damage|p1a: Arceus|83\/100 par|[from] Sandstorm\n|-damage|p2a: Hippopotas|51\/100 psn|[from] psn\n|upkeep\n|turn|14\n|\n|t:|1697962933\n|cant|p1a: Arceus|par\n|move|p2a: Hippopotas|Stealth Rock|p1a: Arceus\n|-sidestart|p1: Arceuso|move: Stealth Rock\n|\n|-weather|Sandstorm|[upkeep]\n|-damage|p1a: Arceus|77\/100 par|[from] Sandstorm\n|-damage|p2a: Hippopotas|39\/100 psn|[from] psn\n|upkeep\n|turn|15\n|\n|t:|1697962944\n|move|p1a: Arceus|Extreme Speed|p2a: Hippopotas\n|-damage|p2a: Hippopotas|0 fnt\n|faint|p2a: Hippopotas\n|\n|-weather|none\n|upkeep\n|\n|t:|1697962950\n|switch|p2a: Psyduck|Psyduck, F|100\/100\n|turn|16\n|\n|t:|1697962961\n|cant|p1a: Arceus|par\n|move|p2a: Psyduck|Soak|p1a: Arceus\n|-fail|p1a: Arceus\n|\n|upkeep\n|turn|17\n|\n|t:|1697962968\n|cant|p1a: Arceus|par\n|move|p2a: Psyduck|Soak|p1a: Arceus\n|-fail|p1a: Arceus\n|\n|upkeep\n|turn|18\n|\n|t:|1697962974\n|move|p1a: Arceus|Extreme Speed|p2a: Psyduck\n|-damage|p2a: Psyduck|12\/100\n|move|p2a: Psyduck|Soak|p1a: Arceus\n|-fail|p1a: Arceus\n|\n|upkeep\n|turn|19\n|\n|t:|1697962982\n|move|p2a: Psyduck|Wonder Room|p2a: Psyduck\n|-fieldstart|move: Wonder Room|[of] p2a: Psyduck\n|move|p1a: Arceus|Shadow Claw|p2a: Psyduck\n|-damage|p2a: Psyduck|0 fnt\n|faint|p2a: Psyduck\n|\n|upkeep\n|\n|t:|1697962989\n|switch|p2a: Houndstone|Houndstone, F|100\/100\n|turn|20\n|\n|t:|1697962999\n|-terastallize|p2a: Houndstone|Ghost\n|move|p2a: Houndstone|Play Rough|p1a: Arceus\n|-damage|p1a: Arceus|59\/100 par\n|cant|p1a: Arceus|par\n|\n|upkeep\n|turn|21\n|\n|t:|1697963007\n|move|p2a: Houndstone|Play Rough|p1a: Arceus\n|-damage|p1a: Arceus|42\/100 par\n|move|p1a: Arceus|Recover|p1a: Arceus\n|-heal|p1a: Arceus|92\/100 par\n|\n|upkeep\n|turn|22\n|\n|t:|1697963013\n|move|p2a: Houndstone|Play Rough|p1a: Arceus\n|-damage|p1a: Arceus|75\/100 par\n|move|p1a: Arceus|Swords Dance|p1a: Arceus\n|-boost|p1a: Arceus|atk|2\n|\n|upkeep\n|turn|23\n|-message|BeginnerForReal forfeited.\n|\n|win|Arceuso\n|raw|Arceuso's rating: 1135 &rarr; <strong>1157<\/strong><br \/>(+22 for winning)\n|raw|BeginnerForReal's rating: 1087 &rarr; <strong>1067<\/strong><br \/>(-20 for losing)\n|l|\u2606BeginnerForReal\n","uploadtime":1697963024,"views":12,"p1id":"arceuso","p2id":"beginnerforreal","formatid":"gen9anythinggoes","rating":1067,"private":0,"password":""}