{"id":"gen9anythinggoes-1986880961","p1":"DiffusionDiff","p2":"Ayydn","format":"[Gen 9] Anything Goes","log":"|j|\u2606DiffusionDiff\n|j|\u2606Ayydn\n|t:|1699537310\n|gametype|singles\n|player|p1|DiffusionDiff|riley|1172\n|player|p2|Ayydn|170|1304\n|teamsize|p1|6\n|teamsize|p2|6\n|gen|9\n|tier|[Gen 9] Anything Goes\n|rated|\n|rule|HP Percentage Mod: HP is shown in percentages\n|rule|Endless Battle Clause: Forcing endless battles is banned\n|clearpoke\n|poke|p1|Maushold-Four|\n|poke|p1|Flutter Mane|\n|poke|p1|Miraidon|\n|poke|p1|Rabsca, M|\n|poke|p1|Garganacl, F|\n|poke|p1|Houndstone, M|\n|poke|p2|Florges, F|\n|poke|p2|Decidueye-Hisui, M|\n|poke|p2|Kingambit, M|\n|poke|p2|Ceruledge, F|\n|poke|p2|Lycanroc-Dusk, M|\n|poke|p2|Haxorus, M|\n|teampreview\n|\n|t:|1699537322\n|start\n|switch|p1a: Maushold|Maushold-Four|100\/100\n|switch|p2a: Archie|Decidueye-Hisui, M, shiny|100\/100\n|turn|1\n|\n|t:|1699537328\n|move|p1a: Maushold|Population Bomb|p2a: Archie|[miss]\n|-miss|p1a: Maushold|p2a: Archie\n|move|p2a: Archie|Triple Arrows|p1a: Maushold\n|-supereffective|p1a: Maushold\n|-crit|p1a: Maushold\n|-damage|p1a: Maushold|0 fnt\n|faint|p1a: Maushold\n|\n|upkeep\n|\n|t:|1699537330\n|switch|p1a: Flutter Mane|Flutter Mane, shiny|100\/100\n|turn|2\n|inactive|Battle timer is ON: inactive players will automatically lose when time's up. (requested by DiffusionDiff)\n|\n|t:|1699537338\n|switch|p2a: Thai|Florges, F, shiny|100\/100\n|move|p1a: Flutter Mane|Moonblast|p2a: Thai\n|-damage|p2a: Thai|55\/100\n|-damage|p1a: Flutter Mane|91\/100|[from] item: Life Orb\n|\n|-heal|p2a: Thai|61\/100|[from] item: Leftovers\n|upkeep\n|turn|3\n|\n|t:|1699537345\n|move|p1a: Flutter Mane|Shadow Ball|p2a: Thai\n|-damage|p2a: Thai|24\/100\n|-damage|p1a: Flutter Mane|81\/100|[from] item: Life Orb\n|move|p2a: Thai|Synthesis|p2a: Thai\n|-heal|p2a: Thai|74\/100\n|\n|-heal|p2a: Thai|80\/100|[from] item: Leftovers\n|upkeep\n|turn|4\n|\n|t:|1699537349\n|move|p1a: Flutter Mane|Mystical Fire|p2a: Thai\n|-damage|p2a: Thai|58\/100\n|-unboost|p2a: Thai|spa|1\n|-damage|p1a: Flutter Mane|71\/100|[from] item: Life Orb\n|move|p2a: Thai|Synthesis|p2a: Thai\n|-heal|p2a: Thai|100\/100\n|\n|upkeep\n|turn|5\n|\n|t:|1699537354\n|move|p1a: Flutter Mane|Moonblast|p2a: Thai\n|-damage|p2a: Thai|56\/100\n|-damage|p1a: Flutter Mane|61\/100|[from] item: Life Orb\n|move|p2a: Thai|Calm Mind|p2a: Thai\n|-boost|p2a: Thai|spa|1\n|-boost|p2a: Thai|spd|1\n|\n|-heal|p2a: Thai|62\/100|[from] item: Leftovers\n|upkeep\n|turn|6\n|\n|t:|1699537357\n|move|p1a: Flutter Mane|Mystical Fire|p2a: Thai\n|-damage|p2a: Thai|47\/100\n|-unboost|p2a: Thai|spa|1\n|-damage|p1a: Flutter Mane|51\/100|[from] item: Life Orb\n|move|p2a: Thai|Synthesis|p2a: Thai\n|-heal|p2a: Thai|97\/100\n|\n|-heal|p2a: Thai|100\/100|[from] item: Leftovers\n|upkeep\n|turn|7\n|\n|t:|1699537360\n|move|p1a: Flutter Mane|Mystical Fire|p2a: Thai\n|-damage|p2a: Thai|86\/100\n|-unboost|p2a: Thai|spa|1\n|-damage|p1a: Flutter Mane|41\/100|[from] item: Life Orb\n|move|p2a: Thai|Calm Mind|p2a: Thai\n|-boost|p2a: Thai|spa|1\n|-boost|p2a: Thai|spd|1\n|\n|-heal|p2a: Thai|92\/100|[from] item: Leftovers\n|upkeep\n|turn|8\n|\n|t:|1699537365\n|move|p1a: Flutter Mane|Mystical Fire|p2a: Thai\n|-damage|p2a: Thai|80\/100\n|-unboost|p2a: Thai|spa|1\n|-damage|p1a: Flutter Mane|31\/100|[from] item: Life Orb\n|move|p2a: Thai|Calm Mind|p2a: Thai\n|-boost|p2a: Thai|spa|1\n|-boost|p2a: Thai|spd|1\n|\n|-heal|p2a: Thai|86\/100|[from] item: Leftovers\n|upkeep\n|turn|9\n|\n|t:|1699537371\n|move|p1a: Flutter Mane|Shadow Ball|p2a: Thai\n|-damage|p2a: Thai|72\/100\n|-unboost|p2a: Thai|spd|1\n|-damage|p1a: Flutter Mane|21\/100|[from] item: Life Orb\n|move|p2a: Thai|Calm Mind|p2a: Thai\n|-boost|p2a: Thai|spa|1\n|-boost|p2a: Thai|spd|1\n|\n|-heal|p2a: Thai|78\/100|[from] item: Leftovers\n|upkeep\n|turn|10\n|\n|t:|1699537373\n|move|p1a: Flutter Mane|Mystical Fire|p2a: Thai\n|-damage|p2a: Thai|68\/100\n|-unboost|p2a: Thai|spa|1\n|-damage|p1a: Flutter Mane|11\/100|[from] item: Life Orb\n|move|p2a: Thai|Calm Mind|p2a: Thai\n|-boost|p2a: Thai|spa|1\n|-boost|p2a: Thai|spd|1\n|\n|-heal|p2a: Thai|74\/100|[from] item: Leftovers\n|upkeep\n|turn|11\n|\n|t:|1699537375\n|move|p1a: Flutter Mane|Mystical Fire|p2a: Thai\n|-damage|p2a: Thai|67\/100\n|-unboost|p2a: Thai|spa|1\n|-damage|p1a: Flutter Mane|1\/100|[from] item: Life Orb\n|move|p2a: Thai|Calm Mind|p2a: Thai\n|-boost|p2a: Thai|spa|1\n|-boost|p2a: Thai|spd|1\n|\n|-heal|p2a: Thai|73\/100|[from] item: Leftovers\n|upkeep\n|turn|12\n|\n|t:|1699537377\n|move|p1a: Flutter Mane|Mystical Fire|p2a: Thai\n|-damage|p2a: Thai|66\/100\n|-unboost|p2a: Thai|spa|1\n|-damage|p1a: Flutter Mane|0 fnt|[from] item: Life Orb\n|faint|p1a: Flutter Mane\n|-end|p1a: Flutter Mane|Protosynthesis|[silent]\n|move|p2a: Thai|Calm Mind|p2a: Thai\n|-boost|p2a: Thai|spa|1\n|-boost|p2a: Thai|spd|1\n|\n|-heal|p2a: Thai|72\/100|[from] item: Leftovers\n|upkeep\n|\n|t:|1699537384\n|switch|p1a: SSSReplacement|Garganacl, F, shiny|100\/100\n|turn|13\n|\n|t:|1699537387\n|move|p2a: Thai|Calm Mind|p2a: Thai\n|-boost|p2a: Thai|spa|1\n|-boost|p2a: Thai|spd|0\n|move|p1a: SSSReplacement|Salt Cure|p2a: Thai\n|-damage|p2a: Thai|59\/100\n|-start|p2a: Thai|Salt Cure\n|\n|-heal|p2a: Thai|65\/100|[from] item: Leftovers\n|-damage|p2a: Thai|53\/100|[from] Salt Cure\n|upkeep\n|turn|14\n|\n|t:|1699537394\n|-terastallize|p1a: SSSReplacement|Fairy\n|move|p2a: Thai|Synthesis|p2a: Thai\n|-heal|p2a: Thai|100\/100\n|move|p1a: SSSReplacement|Iron Defense|p1a: SSSReplacement\n|-boost|p1a: SSSReplacement|def|2\n|\n|-damage|p2a: Thai|88\/100|[from] Salt Cure\n|upkeep\n|turn|15\n|\n|t:|1699537400\n|move|p2a: Thai|Tera Blast|p1a: SSSReplacement\n|-damage|p1a: SSSReplacement|79\/100\n|move|p1a: SSSReplacement|Iron Defense|p1a: SSSReplacement\n|-boost|p1a: SSSReplacement|def|2\n|\n|-heal|p2a: Thai|94\/100|[from] item: Leftovers\n|-heal|p1a: SSSReplacement|85\/100|[from] item: Leftovers\n|-damage|p2a: Thai|82\/100|[from] Salt Cure\n|upkeep\n|turn|16\n|\n|t:|1699537402\n|move|p2a: Thai|Tera Blast|p1a: SSSReplacement\n|-damage|p1a: SSSReplacement|63\/100\n|move|p1a: SSSReplacement|Iron Defense|p1a: SSSReplacement\n|-boost|p1a: SSSReplacement|def|2\n|\n|-heal|p2a: Thai|88\/100|[from] item: Leftovers\n|-heal|p1a: SSSReplacement|69\/100|[from] item: Leftovers\n|-damage|p2a: Thai|75\/100|[from] Salt Cure\n|upkeep\n|turn|17\n|\n|t:|1699537404\n|move|p2a: Thai|Calm Mind|p2a: Thai\n|-boost|p2a: Thai|spa|1\n|-boost|p2a: Thai|spd|0\n|move|p1a: SSSReplacement|Recover|p1a: SSSReplacement\n|-heal|p1a: SSSReplacement|100\/100\n|\n|-heal|p2a: Thai|81\/100|[from] item: Leftovers\n|-damage|p2a: Thai|69\/100|[from] Salt Cure\n|upkeep\n|turn|18\n|\n|t:|1699537407\n|move|p2a: Thai|Calm Mind|p2a: Thai\n|-boost|p2a: Thai|spa|1\n|-boost|p2a: Thai|spd|0\n|move|p1a: SSSReplacement|Body Press|p2a: Thai\n|-resisted|p2a: Thai\n|-damage|p2a: Thai|23\/100\n|\n|-heal|p2a: Thai|29\/100|[from] item: Leftovers\n|-damage|p2a: Thai|17\/100|[from] Salt Cure\n|upkeep\n|turn|19\n|\n|t:|1699537413\n|move|p2a: Thai|Synthesis|p2a: Thai\n|-heal|p2a: Thai|67\/100\n|move|p1a: SSSReplacement|Body Press|p2a: Thai\n|-resisted|p2a: Thai\n|-damage|p2a: Thai|23\/100\n|\n|-heal|p2a: Thai|29\/100|[from] item: Leftovers\n|-damage|p2a: Thai|16\/100|[from] Salt Cure\n|upkeep\n|turn|20\n|\n|t:|1699537415\n|move|p2a: Thai|Synthesis|p2a: Thai\n|-heal|p2a: Thai|66\/100\n|move|p1a: SSSReplacement|Body Press|p2a: Thai\n|-resisted|p2a: Thai\n|-damage|p2a: Thai|23\/100\n|\n|-heal|p2a: Thai|29\/100|[from] item: Leftovers\n|-damage|p2a: Thai|17\/100|[from] Salt Cure\n|upkeep\n|turn|21\n|\n|t:|1699537418\n|move|p2a: Thai|Synthesis|p2a: Thai\n|-heal|p2a: Thai|67\/100\n|move|p1a: SSSReplacement|Body Press|p2a: Thai\n|-resisted|p2a: Thai\n|-damage|p2a: Thai|26\/100\n|\n|-heal|p2a: Thai|32\/100|[from] item: Leftovers\n|-damage|p2a: Thai|19\/100|[from] Salt Cure\n|upkeep\n|turn|22\n|\n|t:|1699537428\n|move|p2a: Thai|Tera Blast|p1a: SSSReplacement\n|-damage|p1a: SSSReplacement|66\/100\n|move|p1a: SSSReplacement|Body Press|p2a: Thai\n|-resisted|p2a: Thai\n|-damage|p2a: Thai|0 fnt\n|faint|p2a: Thai\n|\n|-heal|p1a: SSSReplacement|73\/100|[from] item: Leftovers\n|upkeep\n|\n|t:|1699537431\n|switch|p2a: Archie|Decidueye-Hisui, M, shiny|100\/100\n|turn|23\n|\n|t:|1699537435\n|-terastallize|p2a: Archie|Fighting\n|move|p2a: Archie|Triple Arrows|p1a: SSSReplacement\n|-resisted|p1a: SSSReplacement\n|-damage|p1a: SSSReplacement|64\/100\n|move|p1a: SSSReplacement|Body Press|p2a: Archie\n|-damage|p2a: Archie|0 fnt\n|faint|p2a: Archie\n|\n|-heal|p1a: SSSReplacement|70\/100|[from] item: Leftovers\n|upkeep\n|\n|t:|1699537443\n|switch|p2a: Haxorus|Haxorus, M, shiny|100\/100\n|-ability|p2a: Haxorus|Mold Breaker\n|turn|24\n|\n|t:|1699537451\n|move|p2a: Haxorus|Swords Dance|p2a: Haxorus\n|-boost|p2a: Haxorus|atk|2\n|move|p1a: SSSReplacement|Body Press|p2a: Haxorus\n|-damage|p2a: Haxorus|0 fnt\n|faint|p2a: Haxorus\n|\n|-heal|p1a: SSSReplacement|76\/100|[from] item: Leftovers\n|upkeep\n|\n|t:|1699537454\n|switch|p2a: Gale|Kingambit, M, shiny|100\/100\n|-activate|p2a: Gale|ability: Supreme Overlord\n|-start|p2a: Gale|fallen3|[silent]\n|turn|25\n|\n|t:|1699537458\n|move|p2a: Gale|Iron Head|p1a: SSSReplacement\n|-supereffective|p1a: SSSReplacement\n|-damage|p1a: SSSReplacement|50\/100\n|-damage|p2a: Gale|91\/100|[from] item: Life Orb\n|move|p1a: SSSReplacement|Body Press|p2a: Gale\n|-supereffective|p2a: Gale\n|-damage|p2a: Gale|0 fnt\n|faint|p2a: Gale\n|-end|p2a: Gale|fallen3|[silent]\n|\n|-heal|p1a: SSSReplacement|57\/100|[from] item: Leftovers\n|upkeep\n|\n|t:|1699537461\n|switch|p2a: Ceruledge|Ceruledge, F, shiny|100\/100\n|turn|26\n|\n|t:|1699537468\n|move|p2a: Ceruledge|Bulk Up|p2a: Ceruledge\n|-boost|p2a: Ceruledge|atk|1\n|-boost|p2a: Ceruledge|def|1\n|move|p1a: SSSReplacement|Recover|p1a: SSSReplacement\n|-heal|p1a: SSSReplacement|100\/100\n|\n|upkeep\n|turn|27\n|\n|t:|1699537473\n|move|p2a: Ceruledge|Bitter Blade|p1a: SSSReplacement\n|-damage|p1a: SSSReplacement|91\/100\n|move|p1a: SSSReplacement|Salt Cure|p2a: Ceruledge\n|-supereffective|p2a: Ceruledge\n|-damage|p2a: Ceruledge|86\/100\n|-start|p2a: Ceruledge|Salt Cure\n|\n|-heal|p1a: SSSReplacement|97\/100|[from] item: Leftovers\n|-damage|p2a: Ceruledge|74\/100|[from] Salt Cure\n|upkeep\n|turn|28\n|-message|Ayydn forfeited.\n|\n|win|DiffusionDiff\n|raw|DiffusionDiff's rating: 1204 &rarr; <strong>1236<\/strong><br \/>(+32 for winning)\n|raw|Ayydn's rating: 1304 &rarr; <strong>1278<\/strong><br \/>(-26 for losing)\n|l|\u2606Ayydn\n","uploadtime":1699537493,"views":6,"p1id":"diffusiondiff","p2id":"ayydn","formatid":"gen9anythinggoes","rating":1236,"private":0,"password":""}