{"id":"gen9anythinggoes-1982765581","p1":"Wixu","p2":"NiszczycielJaj1","format":"[Gen 9] Anything Goes","log":"|j|\u2606Wixu\n|j|\u2606NiszczycielJaj1\n|t:|1699042792\n|gametype|singles\n|player|p1|Wixu|265|\n|player|p2|NiszczycielJaj1|gentleman-gen4|\n|teamsize|p1|6\n|teamsize|p2|6\n|gen|9\n|tier|[Gen 9] Anything Goes\n|rule|HP Percentage Mod: HP is shown in percentages\n|rule|Endless Battle Clause: Forcing endless battles is banned\n|clearpoke\n|poke|p1|Moltres|\n|poke|p1|Lucario, M|\n|poke|p1|Slowbro-Galar, M|\n|poke|p1|Greninja-*, M|\n|poke|p1|Dragapult, M|\n|poke|p1|Ninetales-Alola, F|\n|poke|p2|Zapdos|\n|poke|p2|Slowbro-Galar, M|\n|poke|p2|Heracross, M|\n|poke|p2|Sylveon, M|\n|poke|p2|Kingambit, M|\n|poke|p2|Garchomp, F|\n|teampreview\n|\n|t:|1699042801\n|start\n|switch|p1a: Lucario|Lucario, M|100\/100\n|switch|p2a: Moxr34|Heracross, M|100\/100\n|turn|1\n|j| TanPadeusz\n|\n|t:|1699042815\n|move|p1a: Lucario|Close Combat|p2a: Moxr34\n|-resisted|p2a: Moxr34\n|-damage|p2a: Moxr34|60\/100\n|-unboost|p1a: Lucario|def|1\n|-unboost|p1a: Lucario|spd|1\n|move|p2a: Moxr34|Close Combat|p1a: Lucario\n|-supereffective|p1a: Lucario\n|-enditem|p1a: Lucario|Focus Sash\n|-damage|p1a: Lucario|1\/100\n|-unboost|p2a: Moxr34|def|1\n|-unboost|p2a: Moxr34|spd|1\n|\n|-heal|p2a: Moxr34|66\/100|[from] item: Leftovers\n|upkeep\n|turn|2\n|\n|t:|1699042832\n|move|p2a: Moxr34|Protect|p2a: Moxr34\n|-singleturn|p2a: Moxr34|Protect\n|move|p1a: Lucario|Meteor Mash|p2a: Moxr34\n|-activate|p2a: Moxr34|move: Protect\n|\n|-heal|p2a: Moxr34|72\/100|[from] item: Leftovers\n|upkeep\n|turn|3\n|\n|t:|1699042841\n|-terastallize|p1a: Lucario|Fighting\n|move|p1a: Lucario|Meteor Mash|p2a: Moxr34\n|-damage|p2a: Moxr34|0 fnt\n|faint|p2a: Moxr34\n|\n|upkeep\n|\n|t:|1699042850\n|switch|p2a: Zapdos|Zapdos|100\/100\n|turn|4\n|\n|t:|1699042856\n|move|p2a: Zapdos|Wild Charge|p1a: Lucario\n|-damage|p1a: Lucario|0 fnt\n|faint|p1a: Lucario\n|-damage|p2a: Zapdos|99\/100|[from] Recoil\n|-damage|p2a: Zapdos|90\/100|[from] item: Life Orb\n|\n|upkeep\n|\n|t:|1699042869\n|switch|p1a: Dragapult|Dragapult, M|100\/100\n|turn|5\n|\n|t:|1699042878\n|move|p1a: Dragapult|Shadow Ball|p2a: Zapdos\n|-damage|p2a: Zapdos|53\/100\n|move|p2a: Zapdos|Wild Charge|p1a: Dragapult\n|-resisted|p1a: Dragapult\n|-damage|p1a: Dragapult|64\/100\n|-start|p2a: Zapdos|Disable|Wild Charge|[from] ability: Cursed Body|[of] p1a: Dragapult\n|-damage|p2a: Zapdos|44\/100|[from] Recoil\n|-damage|p2a: Zapdos|34\/100|[from] item: Life Orb\n|\n|upkeep\n|turn|6\n|\n|t:|1699042893\n|move|p1a: Dragapult|Draco Meteor|p2a: Zapdos\n|-damage|p2a: Zapdos|0 fnt\n|-unboost|p1a: Dragapult|spa|2\n|faint|p2a: Zapdos\n|\n|upkeep\n|\n|t:|1699042901\n|switch|p2a: Garchomp|Garchomp, F|100\/100\n|turn|7\n|\n|t:|1699042909\n|move|p1a: Dragapult|Draco Meteor|p2a: Garchomp\n|-supereffective|p2a: Garchomp\n|-damage|p2a: Garchomp|28\/100\n|-unboost|p1a: Dragapult|spa|2\n|move|p2a: Garchomp|Dragon Claw|p1a: Dragapult\n|-supereffective|p1a: Dragapult\n|-damage|p1a: Dragapult|0 fnt\n|-start|p2a: Garchomp|Disable|Dragon Claw|[from] ability: Cursed Body|[of] p1a: Dragapult\n|faint|p1a: Dragapult\n|\n|upkeep\n|\n|t:|1699042921\n|switch|p1a: Greninja|Greninja, M|100\/100\n|turn|8\n|\n|t:|1699042932\n|move|p1a: Greninja|Dark Pulse|p2a: Garchomp\n|-damage|p2a: Garchomp|0 fnt\n|faint|p2a: Garchomp\n|-ability|p1a: Greninja|Battle Bond|boost\n|-boost|p1a: Greninja|atk|1\n|-boost|p1a: Greninja|spa|1\n|-boost|p1a: Greninja|spe|1\n|-activate|p1a: Greninja|ability: Battle Bond\n|\n|upkeep\n|\n|t:|1699042942\n|switch|p2a: Miko\u0142aj|Sylveon, M|100\/100\n|turn|9\n|\n|t:|1699042950\n|move|p1a: Greninja|Hydro Pump|p2a: Miko\u0142aj\n|-damage|p2a: Miko\u0142aj|38\/100\n|move|p2a: Miko\u0142aj|Draining Kiss|p1a: Greninja\n|-supereffective|p1a: Greninja\n|-crit|p1a: Greninja\n|-damage|p1a: Greninja|0 fnt\n|-heal|p2a: Miko\u0142aj|97\/100|[from] drain|[of] p1a: Greninja\n|faint|p1a: Greninja\n|\n|upkeep\n|\n|t:|1699042964\n|switch|p1a: Moltres|Moltres|100\/100\n|turn|10\n|\n|t:|1699042988\n|move|p1a: Moltres|Brave Bird|p2a: Miko\u0142aj\n|-damage|p2a: Miko\u0142aj|4\/100\n|-damage|p1a: Moltres|65\/100|[from] Recoil\n|-damage|p1a: Moltres|55\/100|[from] item: Life Orb\n|move|p2a: Miko\u0142aj|Psychic|p1a: Moltres\n|-damage|p1a: Moltres|22\/100\n|\n|upkeep\n|turn|11\n|\n|t:|1699043001\n|move|p2a: Miko\u0142aj|Protect|p2a: Miko\u0142aj\n|-singleturn|p2a: Miko\u0142aj|Protect\n|move|p1a: Moltres|Flare Blitz|p2a: Miko\u0142aj\n|-activate|p2a: Miko\u0142aj|move: Protect\n|\n|upkeep\n|turn|12\n|\n|t:|1699043015\n|move|p1a: Moltres|Rest|p1a: Moltres\n|-status|p1a: Moltres|slp|[from] move: Rest\n|-heal|p1a: Moltres|100\/100 slp|[silent]\n|move|p2a: Miko\u0142aj|Draining Kiss|p1a: Moltres\n|-resisted|p1a: Moltres\n|-damage|p1a: Moltres|86\/100 slp\n|-heal|p2a: Miko\u0142aj|13\/100|[from] drain|[of] p1a: Moltres\n|-status|p2a: Miko\u0142aj|brn|[from] ability: Flame Body|[of] p1a: Moltres\n|\n|-damage|p2a: Miko\u0142aj|7\/100 brn|[from] brn\n|upkeep\n|turn|13\n|\n|t:|1699043026\n|cant|p1a: Moltres|slp\n|move|p1a: Moltres|Sleep Talk|p1a: Moltres\n|move|p1a: Moltres|Rest||[from]move: Sleep Talk|[still]\n|-fail|p1a: Moltres\n|move|p2a: Miko\u0142aj|Psychic|p1a: Moltres\n|-damage|p1a: Moltres|51\/100 slp\n|\n|-damage|p2a: Miko\u0142aj|1\/100 brn|[from] brn\n|upkeep\n|turn|14\n|\n|t:|1699043038\n|cant|p1a: Moltres|slp\n|move|p1a: Moltres|Sleep Talk|p1a: Moltres\n|move|p1a: Moltres|Rest||[from]move: Sleep Talk|[still]\n|-fail|p1a: Moltres\n|move|p2a: Miko\u0142aj|Draining Kiss|p1a: Moltres\n|-resisted|p1a: Moltres\n|-damage|p1a: Moltres|38\/100 slp\n|-heal|p2a: Miko\u0142aj|10\/100 brn|[from] drain|[of] p1a: Moltres\n|\n|-damage|p2a: Miko\u0142aj|4\/100 brn|[from] brn\n|upkeep\n|turn|15\n|\n|t:|1699043049\n|-curestatus|p1a: Moltres|slp|[msg]\n|move|p1a: Moltres|Sleep Talk||[still]\n|-fail|p1a: Moltres\n|move|p2a: Miko\u0142aj|Moonblast|p1a: Moltres\n|-resisted|p1a: Moltres\n|-damage|p1a: Moltres|10\/100\n|\n|-damage|p2a: Miko\u0142aj|0 fnt|[from] brn\n|faint|p2a: Miko\u0142aj\n|upkeep\n|\n|t:|1699043065\n|switch|p2a: Slowbro|Slowbro-Galar, M|100\/100\n|turn|16\n|\n|t:|1699043071\n|move|p1a: Moltres|Rest|p1a: Moltres\n|-status|p1a: Moltres|slp|[from] move: Rest\n|-heal|p1a: Moltres|100\/100 slp|[silent]\n|move|p2a: Slowbro|Earthquake|p1a: Moltres\n|-immune|p1a: Moltres\n|\n|upkeep\n|turn|17\n|\n|t:|1699043103\n|switch|p2a: Kingambit|Kingambit, M|100\/100\n|-activate|p2a: Kingambit|ability: Supreme Overlord\n|-start|p2a: Kingambit|fallen4|[silent]\n|cant|p1a: Moltres|slp\n|move|p1a: Moltres|Sleep Talk|p1a: Moltres\n|move|p1a: Moltres|Rest||[from]move: Sleep Talk|[still]\n|-fail|p1a: Moltres\n|\n|upkeep\n|turn|18\n|\n|t:|1699043113\n|cant|p1a: Moltres|slp\n|move|p1a: Moltres|Sleep Talk|p1a: Moltres\n|move|p1a: Moltres|Flare Blitz|p2a: Kingambit|[from]move: Sleep Talk\n|-supereffective|p2a: Kingambit\n|-damage|p2a: Kingambit|0 fnt\n|faint|p2a: Kingambit\n|-end|p2a: Kingambit|fallen4|[silent]\n|-damage|p1a: Moltres|65\/100 slp|[from] Recoil\n|-damage|p1a: Moltres|55\/100 slp|[from] item: Life Orb\n|\n|upkeep\n|\n|t:|1699043122\n|switch|p2a: Slowbro|Slowbro-Galar, M|100\/100\n|turn|19\n|\n|t:|1699043129\n|-curestatus|p1a: Moltres|slp|[msg]\n|move|p1a: Moltres|Sleep Talk||[still]\n|-fail|p1a: Moltres\n|move|p2a: Slowbro|Earthquake|p1a: Moltres\n|-immune|p1a: Moltres\n|\n|upkeep\n|turn|20\n|\n|t:|1699043138\n|move|p1a: Moltres|Flare Blitz|p2a: Slowbro\n|-damage|p2a: Slowbro|38\/100\n|-damage|p1a: Moltres|34\/100|[from] Recoil\n|-damage|p1a: Moltres|24\/100|[from] item: Life Orb\n|move|p2a: Slowbro|Earthquake|p1a: Moltres\n|-immune|p1a: Moltres\n|\n|upkeep\n|turn|21\n|\n|t:|1699043145\n|move|p1a: Moltres|Flare Blitz|p2a: Slowbro\n|-damage|p2a: Slowbro|0 fnt\n|faint|p2a: Slowbro\n|-damage|p1a: Moltres|11\/100|[from] Recoil\n|-damage|p1a: Moltres|1\/100|[from] item: Life Orb\n|\n|win|Wixu\n|l| TanPadeusz\n","uploadtime":1699043155,"views":10,"p1id":"wixu","p2id":"niszczycieljaj1","formatid":"gen9anythinggoes","rating":0,"private":0,"password":""}