{"id":"gen9anythinggoes-1989203462","p1":"The_Spu","p2":"MaleVaporeon","format":"[Gen 9] Anything Goes","log":"|j|\u2606The_Spu\n|j|\u2606MaleVaporeon\n|t:|1699823048\n|gametype|singles\n|player|p1|The_Spu|pokekid|1065\n|player|p2|MaleVaporeon|will|1000\n|teamsize|p1|6\n|teamsize|p2|6\n|gen|9\n|tier|[Gen 9] Anything Goes\n|rated|\n|rule|HP Percentage Mod: HP is shown in percentages\n|rule|Endless Battle Clause: Forcing endless battles is banned\n|clearpoke\n|poke|p1|Forretress, L1, F|\n|poke|p1|Klefki, M|\n|poke|p1|Chandelure, M|\n|poke|p1|Polteageist-Antique|\n|poke|p1|Ditto|\n|poke|p1|Lechonk, M|\n|poke|p2|Drifblim, M|\n|poke|p2|Espeon, M|\n|poke|p2|Chien-Pao|\n|poke|p2|Chi-Yu|\n|poke|p2|Maushold-Four|\n|poke|p2|Goodra, M|\n|teampreview\n|\n|t:|1699823057\n|start\n|switch|p1a: Sheldon|Forretress, L1, F|100\/100\n|switch|p2a: Drifblim|Drifblim, M, shiny|100\/100\n|turn|1\n|\n|t:|1699823064\n|move|p2a: Drifblim|Substitute|p2a: Drifblim\n|-start|p2a: Drifblim|Substitute\n|-damage|p2a: Drifblim|76\/100\n|move|p1a: Sheldon|Toxic Spikes|p2a: Drifblim\n|-sidestart|p2: MaleVaporeon|move: Toxic Spikes\n|\n|upkeep\n|turn|2\n|\n|t:|1699823074\n|move|p2a: Drifblim|Minimize|p2a: Drifblim\n|-boost|p2a: Drifblim|evasion|2\n|move|p1a: Sheldon|Toxic Spikes|p2a: Drifblim\n|-sidestart|p2: MaleVaporeon|move: Toxic Spikes\n|\n|upkeep\n|turn|3\n|\n|t:|1699823081\n|move|p2a: Drifblim|Minimize|p2a: Drifblim\n|-boost|p2a: Drifblim|evasion|2\n|move|p1a: Sheldon|Stealth Rock|p2a: Drifblim\n|-sidestart|p2: MaleVaporeon|move: Stealth Rock\n|\n|upkeep\n|turn|4\n|\n|t:|1699823087\n|move|p2a: Drifblim|Minimize|p2a: Drifblim\n|-boost|p2a: Drifblim|evasion|2\n|move|p1a: Sheldon|Spikes|p2a: Drifblim\n|-sidestart|p2: MaleVaporeon|Spikes\n|\n|upkeep\n|turn|5\n|\n|t:|1699823097\n|move|p2a: Drifblim|Calm Mind|p2a: Drifblim\n|-boost|p2a: Drifblim|spa|1\n|-boost|p2a: Drifblim|spd|1\n|move|p1a: Sheldon|Spikes|p2a: Drifblim\n|-sidestart|p2: MaleVaporeon|Spikes\n|\n|upkeep\n|turn|6\n|\n|t:|1699823103\n|move|p2a: Drifblim|Calm Mind|p2a: Drifblim\n|-boost|p2a: Drifblim|spa|1\n|-boost|p2a: Drifblim|spd|1\n|move|p1a: Sheldon|Spikes|p2a: Drifblim\n|-sidestart|p2: MaleVaporeon|Spikes\n|\n|upkeep\n|turn|7\n|\n|t:|1699823109\n|move|p2a: Drifblim|Calm Mind|p2a: Drifblim\n|-boost|p2a: Drifblim|spa|1\n|-boost|p2a: Drifblim|spd|1\n|move|p1a: Sheldon|Sleep Talk||[still]\n|-fail|p1a: Sheldon\n|\n|upkeep\n|turn|8\n|\n|t:|1699823116\n|move|p2a: Drifblim|Calm Mind|p2a: Drifblim\n|-boost|p2a: Drifblim|spa|1\n|-boost|p2a: Drifblim|spd|1\n|move|p1a: Sheldon|Sleep Talk||[still]\n|-fail|p1a: Sheldon\n|\n|upkeep\n|turn|9\n|\n|t:|1699823123\n|move|p2a: Drifblim|Calm Mind|p2a: Drifblim\n|-boost|p2a: Drifblim|spa|1\n|-boost|p2a: Drifblim|spd|1\n|move|p1a: Sheldon|Sleep Talk||[still]\n|-fail|p1a: Sheldon\n|\n|upkeep\n|turn|10\n|\n|t:|1699823131\n|move|p2a: Drifblim|Calm Mind|p2a: Drifblim\n|-boost|p2a: Drifblim|spa|1\n|-boost|p2a: Drifblim|spd|1\n|move|p1a: Sheldon|Sleep Talk||[still]\n|-fail|p1a: Sheldon\n|\n|upkeep\n|turn|11\n|\n|t:|1699823145\n|move|p2a: Drifblim|Baton Pass|p2a: Drifblim\n|\n|t:|1699823147\n|switch|p2a: Chien-Pao|Chien-Pao|100\/100|[from] Baton Pass\n|-ability|p2a: Chien-Pao|Sword of Ruin\n|move|p1a: Sheldon|Sleep Talk||[still]\n|-fail|p1a: Sheldon\n|\n|upkeep\n|turn|12\n|inactive|Battle timer is ON: inactive players will automatically lose when time's up. (requested by The_Spu)\n|l|\u2606MaleVaporeon\n|inactive|MaleVaporeon disconnected and has a minute to reconnect!\n|player|p2|\n|j|\u2606MaleVaporeon\n|inactive|MaleVaporeon reconnected and has 125 seconds left.\n|player|p2|MaleVaporeon|will\n|inactive|MaleVaporeon has 120 seconds left.\n|\n|t:|1699823207\n|move|p2a: Chien-Pao|Sacred Sword|p1a: Sheldon\n|-ability|p1a: Sheldon|Sturdy\n|-damage|p1a: Sheldon|9\/100\n|-enditem|p1a: Sheldon|Red Card|[of] p2a: Chien-Pao\n|drag|p2a: Goodra|Goodra, M, shiny|100\/100\n|-status|p2a: Goodra|tox\n|-damage|p2a: Goodra|88\/100 tox|[from] Stealth Rock\n|-damage|p2a: Goodra|63\/100 tox|[from] Spikes\n|move|p1a: Sheldon|Sleep Talk||[still]\n|-fail|p1a: Sheldon\n|\n|-damage|p2a: Goodra|57\/100 tox|[from] psn\n|upkeep\n|turn|13\n|\n|t:|1699823224\n|switch|p2a: Drifblim|Drifblim, M, shiny|76\/100\n|switch|p1a: Jingle|Klefki, M|100\/100\n|\n|upkeep\n|turn|14\n|\n|t:|1699823229\n|move|p2a: Drifblim|Substitute|p2a: Drifblim\n|-start|p2a: Drifblim|Substitute\n|-damage|p2a: Drifblim|51\/100\n|move|p1a: Jingle|Thunder Wave|p2a: Drifblim|[miss]\n|-miss|p1a: Jingle|p2a: Drifblim\n|\n|upkeep\n|turn|15\n|\n|t:|1699823235\n|move|p2a: Drifblim|Minimize|p2a: Drifblim\n|-boost|p2a: Drifblim|evasion|2\n|move|p1a: Jingle|Foul Play|p2a: Drifblim|[miss]\n|-miss|p1a: Jingle|p2a: Drifblim\n|\n|upkeep\n|turn|16\n|\n|t:|1699823242\n|move|p2a: Drifblim|Minimize|p2a: Drifblim\n|-boost|p2a: Drifblim|evasion|2\n|move|p1a: Jingle|Play Rough|p2a: Drifblim|[miss]\n|-miss|p1a: Jingle|p2a: Drifblim\n|\n|upkeep\n|turn|17\n|\n|t:|1699823250\n|move|p2a: Drifblim|Minimize|p2a: Drifblim\n|-boost|p2a: Drifblim|evasion|2\n|move|p1a: Jingle|Play Rough|p2a: Drifblim|[miss]\n|-miss|p1a: Jingle|p2a: Drifblim\n|\n|upkeep\n|turn|18\n|\n|t:|1699823263\n|move|p2a: Drifblim|Calm Mind|p2a: Drifblim\n|-boost|p2a: Drifblim|spa|1\n|-boost|p2a: Drifblim|spd|1\n|move|p1a: Jingle|Play Rough|p2a: Drifblim|[miss]\n|-miss|p1a: Jingle|p2a: Drifblim\n|\n|upkeep\n|turn|19\n|\n|t:|1699823276\n|move|p2a: Drifblim|Calm Mind|p2a: Drifblim\n|-boost|p2a: Drifblim|spa|1\n|-boost|p2a: Drifblim|spd|1\n|move|p1a: Jingle|Play Rough|p2a: Drifblim|[miss]\n|-miss|p1a: Jingle|p2a: Drifblim\n|\n|upkeep\n|turn|20\n|\n|t:|1699823284\n|move|p2a: Drifblim|Calm Mind|p2a: Drifblim\n|-boost|p2a: Drifblim|spa|1\n|-boost|p2a: Drifblim|spd|1\n|move|p1a: Jingle|Play Rough|p2a: Drifblim|[miss]\n|-miss|p1a: Jingle|p2a: Drifblim\n|\n|upkeep\n|turn|21\n|\n|t:|1699823298\n|move|p2a: Drifblim|Calm Mind|p2a: Drifblim\n|-boost|p2a: Drifblim|spa|1\n|-boost|p2a: Drifblim|spd|1\n|move|p1a: Jingle|Play Rough|p2a: Drifblim|[miss]\n|-miss|p1a: Jingle|p2a: Drifblim\n|\n|upkeep\n|turn|22\n|\n|t:|1699823306\n|switch|p1a: Earl Grey|Polteageist-Antique|100\/100\n|move|p2a: Drifblim|Calm Mind|p2a: Drifblim\n|-boost|p2a: Drifblim|spa|1\n|-boost|p2a: Drifblim|spd|1\n|\n|upkeep\n|turn|23\n|\n|t:|1699823326\n|move|p2a: Drifblim|Baton Pass|p2a: Drifblim\n|\n|t:|1699823328\n|switch|p2a: Chien-Pao|Chien-Pao|100\/100|[from] Baton Pass\n|-ability|p2a: Chien-Pao|Sword of Ruin\n|move|p1a: Earl Grey|Shell Smash|p1a: Earl Grey\n|-unboost|p1a: Earl Grey|def|1\n|-unboost|p1a: Earl Grey|spd|1\n|-boost|p1a: Earl Grey|atk|2\n|-boost|p1a: Earl Grey|spa|2\n|-boost|p1a: Earl Grey|spe|2\n|-enditem|p1a: Earl Grey|White Herb\n|-clearnegativeboost|p1a: Earl Grey|[silent]\n|\n|upkeep\n|turn|24\n|\n|t:|1699823345\n|move|p2a: Chien-Pao|Sucker Punch|p1a: Earl Grey\n|-supereffective|p1a: Earl Grey\n|-damage|p1a: Earl Grey|0 fnt\n|faint|p1a: Earl Grey\n|\n|upkeep\n|-message|The_Spu forfeited.\n|\n|win|MaleVaporeon\n|raw|The_Spu's rating: 1065 &rarr; <strong>1042<\/strong><br \/>(-23 for losing)\n|raw|MaleVaporeon's rating: 1000 &rarr; <strong>1047<\/strong><br \/>(+47 for winning)\n|l|\u2606The_Spu\n","uploadtime":1699823362,"views":5,"p1id":"thespu","p2id":"malevaporeon","formatid":"gen9anythinggoes","rating":1042,"private":0,"password":""}