{"id":"gen9anythinggoes-1981846483","p1":"seniit daddy","p2":"LimefennecYT","format":"[Gen 9] Anything Goes","log":"|j|\u2606seniit daddy\n|j|\u2606LimefennecYT\n|t:|1698946050\n|gametype|singles\n|player|p1|seniit daddy|2|1087\n|player|p2|LimefennecYT|iris-gen5bw2|1088\n|teamsize|p1|3\n|teamsize|p2|6\n|gen|9\n|tier|[Gen 9] Anything Goes\n|rated|\n|rule|HP Percentage Mod: HP is shown in percentages\n|rule|Endless Battle Clause: Forcing endless battles is banned\n|clearpoke\n|poke|p1|Drifblim, F|\n|poke|p1|Hawlucha, M|\n|poke|p1|Magearna|\n|poke|p2|Kingambit, M|\n|poke|p2|Tyranitar, M|\n|poke|p2|Annihilape, M|\n|poke|p2|Ditto|\n|poke|p2|Maushold-Four|\n|poke|p2|Sylveon, M|\n|teampreview\n|c|\u2606LimefennecYT|lets see\n|\n|t:|1698946060\n|start\n|switch|p1a: Drifblim|Drifblim, F|100\/100\n|switch|p2a: Sandy|Tyranitar, M|100\/100\n|-weather|Sandstorm|[from] ability: Sand Stream|[of] p2a: Sandy\n|turn|1\n|\n|t:|1698946066\n|move|p1a: Drifblim|Minimize|p1a: Drifblim\n|-boost|p1a: Drifblim|evasion|2\n|move|p2a: Sandy|Stealth Rock|p1a: Drifblim\n|-sidestart|p1: seniit daddy|move: Stealth Rock\n|\n|-weather|Sandstorm|[upkeep]\n|-damage|p1a: Drifblim|94\/100|[from] Sandstorm\n|-heal|p1a: Drifblim|100\/100|[from] item: Leftovers\n|upkeep\n|turn|2\n|\n|t:|1698946080\n|switch|p2a: Rose|Sylveon, M, shiny|100\/100\n|move|p1a: Drifblim|Minimize|p1a: Drifblim\n|-boost|p1a: Drifblim|evasion|2\n|\n|-weather|Sandstorm|[upkeep]\n|-damage|p1a: Drifblim|94\/100|[from] Sandstorm\n|-damage|p2a: Rose|94\/100|[from] Sandstorm\n|-heal|p1a: Drifblim|100\/100|[from] item: Leftovers\n|upkeep\n|turn|3\n|\n|t:|1698946089\n|move|p1a: Drifblim|Minimize|p1a: Drifblim\n|-boost|p1a: Drifblim|evasion|2\n|move|p2a: Rose|Draining Kiss|p1a: Drifblim|[miss]\n|-miss|p2a: Rose|p1a: Drifblim\n|\n|-weather|Sandstorm|[upkeep]\n|-damage|p1a: Drifblim|94\/100|[from] Sandstorm\n|-damage|p2a: Rose|88\/100|[from] Sandstorm\n|-heal|p1a: Drifblim|100\/100|[from] item: Leftovers\n|upkeep\n|turn|4\n|\n|t:|1698946098\n|move|p1a: Drifblim|Baton Pass|p1a: Drifblim\n|\n|t:|1698946113\n|switch|p1a: Magearna|Magearna|100\/100|[from] Baton Pass\n|-damage|p1a: Magearna|95\/100|[from] Stealth Rock\n|move|p2a: Rose|Reflect|p2a: Rose\n|-sidestart|p2: LimefennecYT|Reflect\n|\n|-weather|Sandstorm|[upkeep]\n|-damage|p2a: Rose|82\/100|[from] Sandstorm\n|-heal|p1a: Magearna|100\/100|[from] item: Leftovers\n|upkeep\n|turn|5\n|inactive|Battle timer is ON: inactive players will automatically lose when time's up. (requested by LimefennecYT)\n|\n|t:|1698946125\n|switch|p2a: Domaustic Abuse|Maushold-Four, shiny|100\/100\n|move|p1a: Magearna|Shift Gear|p1a: Magearna\n|-boost|p1a: Magearna|spe|2\n|-boost|p1a: Magearna|atk|1\n|\n|-weather|none\n|upkeep\n|turn|6\n|\n|t:|1698946135\n|switch|p2a: Sandy|Tyranitar, M|100\/100\n|-weather|Sandstorm|[from] ability: Sand Stream|[of] p2a: Sandy\n|move|p1a: Magearna|Shift Gear|p1a: Magearna\n|-boost|p1a: Magearna|spe|2\n|-boost|p1a: Magearna|atk|1\n|\n|-weather|Sandstorm|[upkeep]\n|upkeep\n|turn|7\n|\n|t:|1698946143\n|move|p1a: Magearna|Shift Gear|p1a: Magearna\n|-boost|p1a: Magearna|spe|2\n|-boost|p1a: Magearna|atk|1\n|move|p2a: Sandy|Payback|p1a: Magearna|[miss]\n|-miss|p2a: Sandy|p1a: Magearna\n|\n|-weather|Sandstorm|[upkeep]\n|upkeep\n|turn|8\n|\n|t:|1698946149\n|move|p1a: Magearna|Shift Gear|p1a: Magearna\n|-boost|p1a: Magearna|spe|0\n|-boost|p1a: Magearna|atk|1\n|move|p2a: Sandy|Payback|p1a: Magearna|[miss]\n|-miss|p2a: Sandy|p1a: Magearna\n|\n|-weather|Sandstorm|[upkeep]\n|upkeep\n|turn|9\n|\n|t:|1698946166\n|move|p1a: Magearna|Iron Defense|p1a: Magearna\n|-boost|p1a: Magearna|def|2\n|move|p2a: Sandy|Earthquake|p1a: Magearna|[miss]\n|-miss|p2a: Sandy|p1a: Magearna\n|\n|-weather|Sandstorm|[upkeep]\n|upkeep\n|turn|10\n|\n|t:|1698946174\n|move|p1a: Magearna|Iron Defense|p1a: Magearna\n|-boost|p1a: Magearna|def|2\n|move|p2a: Sandy|Stealth Rock||[still]\n|-fail|p2a: Sandy\n|\n|-weather|none\n|upkeep\n|turn|11\n|c|\u2606LimefennecYT|fucking buff spammer\n|c|\u2606LimefennecYT|nobody loves you\n|\n|t:|1698946191\n|move|p1a: Magearna|Body Slam|p2a: Sandy\n|-resisted|p2a: Sandy\n|-crit|p2a: Sandy\n|-damage|p2a: Sandy|65\/100\n|move|p2a: Sandy|Stone Edge|p1a: Magearna|[miss]\n|-miss|p2a: Sandy|p1a: Magearna\n|\n|-sideend|p2: LimefennecYT|Reflect\n|upkeep\n|turn|12\n|\n|t:|1698946198\n|move|p1a: Magearna|Body Slam|p2a: Sandy\n|-resisted|p2a: Sandy\n|-damage|p2a: Sandy|44\/100\n|move|p2a: Sandy|Earthquake|p1a: Magearna|[miss]\n|-miss|p2a: Sandy|p1a: Magearna\n|\n|upkeep\n|turn|13\n|\n|t:|1698946205\n|switch|p2a: Domaustic Abuse|Maushold-Four, shiny|100\/100\n|move|p1a: Magearna|Body Slam|p2a: Domaustic Abuse\n|-damage|p2a: Domaustic Abuse|49\/100\n|\n|-heal|p2a: Domaustic Abuse|55\/100|[from] item: Leftovers\n|upkeep\n|turn|14\n|\n|t:|1698946213\n|move|p1a: Magearna|Body Slam|p2a: Domaustic Abuse\n|-damage|p2a: Domaustic Abuse|0 fnt\n|faint|p2a: Domaustic Abuse\n|-ability|p1a: Magearna|Soul-Heart|boost\n|-boost|p1a: Magearna|spa|1\n|\n|upkeep\n|\n|t:|1698946219\n|switch|p2a: Amogus|Ditto, shiny|100\/100\n|-transform|p2a: Amogus|p1a: Magearna|[from] ability: Imposter\n|turn|15\n|\n|t:|1698946227\n|move|p1a: Magearna|Protect|p1a: Magearna\n|-singleturn|p1a: Magearna|Protect\n|move|p2a: Amogus|Body Slam|p1a: Magearna\n|-activate|p1a: Magearna|move: Protect\n|\n|upkeep\n|turn|16\n|-message|seniit daddy forfeited.\n|\n|win|LimefennecYT\n|raw|seniit daddy's rating: 1087 &rarr; <strong>1064<\/strong><br \/>(-23 for losing)\n|raw|LimefennecYT's rating: 1088 &rarr; <strong>1115<\/strong><br \/>(+27 for winning)\n","uploadtime":1698946188,"views":4,"p1id":"seniitdaddy","p2id":"limefennecyt","formatid":"gen9anythinggoes","rating":1064,"private":0,"password":""}