{"id":"gen9anythinggoes-1977892635","p1":"Valtreyak","p2":"Nostratsatall11","format":"[Gen 9] Anything Goes","log":"|j|\u2606Valtreyak\n|j|\u2606Nostratsatall11\n|t:|1698462685\n|gametype|singles\n|player|p1|Valtreyak|hilbert|1131\n|player|p2|Nostratsatall11|169|1142\n|teamsize|p1|6\n|teamsize|p2|6\n|gen|9\n|tier|[Gen 9] Anything Goes\n|rated|\n|rule|HP Percentage Mod: HP is shown in percentages\n|rule|Endless Battle Clause: Forcing endless battles is banned\n|clearpoke\n|poke|p1|Quaquaval, M|\n|poke|p1|Meowscarada, M|\n|poke|p1|Skeledirge, M|\n|poke|p1|Arboliva, M|\n|poke|p1|Ceruledge, M|\n|poke|p1|Iron Valiant|\n|poke|p2|Azumarill, F|\n|poke|p2|Ribombee, M|\n|poke|p2|Lycanroc-Dusk, F|\n|poke|p2|Umbreon, F|\n|poke|p2|Zamazenta-*|\n|poke|p2|Charizard, M|\n|teampreview\n|\n|t:|1698462707\n|start\n|switch|p1a: Skeledirge|Skeledirge, M, shiny|100\/100\n|switch|p2a: Setup Man|Ribombee, M|100\/100\n|turn|1\n|\n|t:|1698462714\n|move|p2a: Setup Man|Sticky Web|p1a: Skeledirge\n|-sidestart|p1: Valtreyak|move: Sticky Web\n|move|p1a: Skeledirge|Torch Song|p2a: Setup Man\n|-supereffective|p2a: Setup Man\n|-enditem|p2a: Setup Man|Focus Sash\n|-damage|p2a: Setup Man|1\/100\n|-boost|p1a: Skeledirge|spa|1\n|-enditem|p1a: Skeledirge|Throat Spray\n|-boost|p1a: Skeledirge|spa|1|[from] item: Throat Spray\n|\n|upkeep\n|turn|2\n|\n|t:|1698462738\n|move|p2a: Setup Man|Moonblast|p1a: Skeledirge\n|-resisted|p1a: Skeledirge\n|-damage|p1a: Skeledirge|84\/100\n|-unboost|p1a: Skeledirge|spa|1\n|move|p1a: Skeledirge|Torch Song|p2a: Setup Man\n|-supereffective|p2a: Setup Man\n|-damage|p2a: Setup Man|0 fnt\n|-boost|p1a: Skeledirge|spa|1\n|faint|p2a: Setup Man\n|\n|upkeep\n|\n|t:|1698462747\n|switch|p2a: Counter Cannon|Lycanroc-Dusk, F|100\/100\n|turn|3\n|\n|t:|1698462761\n|-terastallize|p2a: Counter Cannon|Rock\n|move|p2a: Counter Cannon|Accelerock|p1a: Skeledirge\n|-supereffective|p1a: Skeledirge\n|-damage|p1a: Skeledirge|18\/100\n|move|p1a: Skeledirge|Earth Power|p2a: Counter Cannon\n|-supereffective|p2a: Counter Cannon\n|-damage|p2a: Counter Cannon|0 fnt\n|faint|p2a: Counter Cannon\n|\n|upkeep\n|\n|t:|1698462769\n|switch|p2a: SSR|Charizard, M, shiny|100\/100\n|turn|4\n|\n|t:|1698462774\n|move|p2a: SSR|Air Slash|p1a: Skeledirge\n|-damage|p1a: Skeledirge|0 fnt\n|faint|p1a: Skeledirge\n|\n|upkeep\n|\n|t:|1698462779\n|switch|p1a: Quaquaval|Quaquaval, M|100\/100\n|-activate|p1a: Quaquaval|move: Sticky Web\n|-unboost|p1a: Quaquaval|spe|1\n|turn|5\n|\n|t:|1698462789\n|switch|p2a: Sacrifice|Azumarill, F|100\/100\n|move|p1a: Quaquaval|Aqua Step|p2a: Sacrifice\n|-resisted|p2a: Sacrifice\n|-damage|p2a: Sacrifice|85\/100\n|-boost|p1a: Quaquaval|spe|1\n|\n|upkeep\n|turn|6\n|\n|t:|1698462799\n|move|p1a: Quaquaval|Ice Spinner|p2a: Sacrifice\n|-resisted|p2a: Sacrifice\n|-damage|p2a: Sacrifice|74\/100\n|move|p2a: Sacrifice|Perish Song|p2a: Sacrifice\n|-start|p1a: Quaquaval|perish3|[silent]\n|-start|p2a: Sacrifice|perish3|[silent]\n|-fieldactivate|move: Perish Song\n|\n|-start|p1a: Quaquaval|perish3\n|-start|p2a: Sacrifice|perish3\n|upkeep\n|turn|7\n|\n|t:|1698462809\n|move|p2a: Sacrifice|Protect|p2a: Sacrifice\n|-singleturn|p2a: Sacrifice|Protect\n|move|p1a: Quaquaval|Acrobatics|p2a: Sacrifice\n|-activate|p2a: Sacrifice|move: Protect\n|\n|-start|p1a: Quaquaval|perish2\n|-start|p2a: Sacrifice|perish2\n|upkeep\n|turn|8\n|\n|t:|1698462820\n|move|p1a: Quaquaval|Aqua Step|p2a: Sacrifice\n|-resisted|p2a: Sacrifice\n|-damage|p2a: Sacrifice|56\/100\n|-boost|p1a: Quaquaval|spe|1\n|move|p2a: Sacrifice|Copycat|p2a: Sacrifice\n|move|p2a: Sacrifice|Aqua Step|p1a: Quaquaval|[from]move: Copycat\n|-resisted|p1a: Quaquaval\n|-damage|p1a: Quaquaval|89\/100\n|-boost|p2a: Sacrifice|spe|1\n|\n|-start|p1a: Quaquaval|perish1\n|-start|p2a: Sacrifice|perish1\n|upkeep\n|turn|9\n|\n|t:|1698462835\n|switch|p1a: Meowscarada|Meowscarada, M|100\/100\n|-activate|p1a: Meowscarada|move: Sticky Web\n|-unboost|p1a: Meowscarada|spe|1\n|move|p2a: Sacrifice|Belly Drum|p2a: Sacrifice\n|-damage|p2a: Sacrifice|6\/100\n|-setboost|p2a: Sacrifice|atk|6|[from] move: Belly Drum\n|\n|-start|p2a: Sacrifice|perish0\n|upkeep\n|faint|p2a: Sacrifice\n|\n|t:|1698462846\n|switch|p2a: Advantage|Umbreon, F, shiny|100\/100\n|turn|10\n|\n|t:|1698462852\n|move|p2a: Advantage|Copycat|p2a: Advantage\n|move|p2a: Advantage|Belly Drum|p2a: Advantage|[from]move: Copycat\n|-damage|p2a: Advantage|50\/100\n|-setboost|p2a: Advantage|atk|6|[from] move: Belly Drum\n|move|p1a: Meowscarada|Aura Sphere|p2a: Advantage\n|-start|p1a: Meowscarada|typechange|Fighting|[from] ability: Protean\n|-supereffective|p2a: Advantage\n|-damage|p2a: Advantage|7\/100\n|\n|-heal|p2a: Advantage|13\/100|[from] item: Leftovers\n|upkeep\n|turn|11\n|\n|t:|1698462868\n|move|p2a: Advantage|Moonlight|p2a: Advantage\n|-heal|p2a: Advantage|63\/100\n|move|p1a: Meowscarada|Flower Trick|p2a: Advantage\n|-crit|p2a: Advantage\n|-damage|p2a: Advantage|37\/100\n|\n|-heal|p2a: Advantage|43\/100|[from] item: Leftovers\n|upkeep\n|turn|12\n|\n|t:|1698462878\n|move|p2a: Advantage|Moonlight|p2a: Advantage\n|-heal|p2a: Advantage|93\/100\n|move|p1a: Meowscarada|Aura Sphere|p2a: Advantage\n|-supereffective|p2a: Advantage\n|-damage|p2a: Advantage|50\/100\n|\n|-heal|p2a: Advantage|57\/100|[from] item: Leftovers\n|upkeep\n|turn|13\n|\n|t:|1698462889\n|move|p2a: Advantage|Body Slam|p1a: Meowscarada\n|-damage|p1a: Meowscarada|10\/100\n|-enditem|p1a: Meowscarada|Aguav Berry|[eat]\n|-heal|p1a: Meowscarada|43\/100|[from] item: Aguav Berry\n|move|p1a: Meowscarada|Aura Sphere|p2a: Advantage\n|-supereffective|p2a: Advantage\n|-damage|p2a: Advantage|10\/100\n|\n|-heal|p2a: Advantage|16\/100|[from] item: Leftovers\n|upkeep\n|turn|14\n|\n|t:|1698462903\n|switch|p1a: Ceruledge|Ceruledge, M|100\/100\n|-activate|p1a: Ceruledge|move: Sticky Web\n|-unboost|p1a: Ceruledge|spe|1\n|move|p2a: Advantage|Moonlight|p2a: Advantage\n|-heal|p2a: Advantage|66\/100\n|\n|-heal|p2a: Advantage|73\/100|[from] item: Leftovers\n|upkeep\n|turn|15\n|\n|t:|1698462916\n|-terastallize|p1a: Ceruledge|Fire\n|move|p2a: Advantage|Crunch|p1a: Ceruledge\n|-damage|p1a: Ceruledge|4\/100\n|-unboost|p1a: Ceruledge|def|1\n|move|p1a: Ceruledge|Bitter Blade|p2a: Advantage\n|-damage|p2a: Advantage|21\/100\n|-heal|p1a: Ceruledge|32\/100|[from] drain|[of] p2a: Advantage\n|-heal|p1a: Ceruledge|39\/100|[from] item: Shell Bell|[of] p2a: Advantage\n|\n|-heal|p2a: Advantage|27\/100|[from] item: Leftovers\n|upkeep\n|turn|16\n|\n|t:|1698462939\n|switch|p1a: Iron Valiant|Iron Valiant|100\/100\n|-activate|p1a: Iron Valiant|move: Sticky Web\n|-unboost|p1a: Iron Valiant|spe|1\n|-enditem|p1a: Iron Valiant|Booster Energy\n|-activate|p1a: Iron Valiant|ability: Quark Drive|[fromitem]\n|-start|p1a: Iron Valiant|quarkdriveatk\n|move|p2a: Advantage|Body Slam|p1a: Iron Valiant\n|-damage|p1a: Iron Valiant|25\/100\n|\n|-heal|p2a: Advantage|33\/100|[from] item: Leftovers\n|upkeep\n|turn|17\n|\n|t:|1698462957\n|move|p2a: Advantage|Body Slam|p1a: Iron Valiant\n|-crit|p1a: Iron Valiant\n|-damage|p1a: Iron Valiant|0 fnt\n|faint|p1a: Iron Valiant\n|-end|p1a: Iron Valiant|Quark Drive|[silent]\n|\n|-heal|p2a: Advantage|40\/100|[from] item: Leftovers\n|upkeep\n|\n|t:|1698462964\n|switch|p1a: Arboliva|Arboliva, M|100\/100\n|-activate|p1a: Arboliva|move: Sticky Web\n|-unboost|p1a: Arboliva|spe|1\n|turn|18\n|\n|t:|1698462971\n|move|p2a: Advantage|Moonlight|p2a: Advantage\n|-heal|p2a: Advantage|90\/100\n|move|p1a: Arboliva|Leech Seed|p2a: Advantage|[miss]\n|-miss|p1a: Arboliva|p2a: Advantage\n|\n|-heal|p2a: Advantage|96\/100|[from] item: Leftovers\n|upkeep\n|turn|19\n|\n|t:|1698462981\n|move|p2a: Advantage|Crunch|p1a: Arboliva\n|-damage|p1a: Arboliva|31\/100\n|-fieldstart|move: Grassy Terrain|[from] ability: Seed Sower|[of] p1a: Arboliva\n|move|p1a: Arboliva|Substitute|p1a: Arboliva\n|-start|p1a: Arboliva|Substitute\n|-damage|p1a: Arboliva|7\/100\n|-enditem|p1a: Arboliva|Mago Berry|[eat]\n|-heal|p1a: Arboliva|40\/100|[from] item: Mago Berry\n|\n|-heal|p2a: Advantage|100\/100|[from] Grassy Terrain\n|-heal|p1a: Arboliva|46\/100|[from] Grassy Terrain\n|upkeep\n|turn|20\n|\n|t:|1698462995\n|move|p2a: Advantage|Copycat|p2a: Advantage\n|move|p2a: Advantage|Substitute|p2a: Advantage|[from]move: Copycat\n|-start|p2a: Advantage|Substitute\n|-damage|p2a: Advantage|76\/100\n|move|p1a: Arboliva|Leech Seed||[still]\n|-fail|p1a: Arboliva\n|\n|-heal|p2a: Advantage|82\/100|[from] Grassy Terrain\n|-heal|p2a: Advantage|88\/100|[from] item: Leftovers\n|-heal|p1a: Arboliva|52\/100|[from] Grassy Terrain\n|upkeep\n|turn|21\n|\n|t:|1698463008\n|move|p2a: Advantage|Crunch|p1a: Arboliva\n|-end|p1a: Arboliva|Substitute\n|move|p1a: Arboliva|Light Screen|p1a: Arboliva\n|-sidestart|p1: Valtreyak|move: Light Screen\n|\n|-heal|p2a: Advantage|94\/100|[from] Grassy Terrain\n|-heal|p2a: Advantage|99\/100|[from] item: Leftovers\n|-heal|p1a: Arboliva|58\/100|[from] Grassy Terrain\n|upkeep\n|turn|22\n|\n|t:|1698463019\n|move|p2a: Advantage|Crunch|p1a: Arboliva\n|-damage|p1a: Arboliva|0 fnt\n|faint|p1a: Arboliva\n|\n|-heal|p2a: Advantage|100\/100|[from] Grassy Terrain\n|upkeep\n|\n|t:|1698463026\n|switch|p1a: Ceruledge|Ceruledge, M, tera:Fire|39\/100\n|-activate|p1a: Ceruledge|move: Sticky Web\n|-unboost|p1a: Ceruledge|spe|1\n|turn|23\n|\n|t:|1698463033\n|move|p2a: Advantage|Crunch|p1a: Ceruledge\n|-damage|p1a: Ceruledge|0 fnt\n|faint|p1a: Ceruledge\n|\n|-fieldend|move: Grassy Terrain\n|upkeep\n|\n|t:|1698463039\n|switch|p1a: Quaquaval|Quaquaval, M|89\/100\n|-activate|p1a: Quaquaval|move: Sticky Web\n|-unboost|p1a: Quaquaval|spe|1\n|turn|24\n|\n|t:|1698463045\n|move|p2a: Advantage|Body Slam|p1a: Quaquaval\n|-damage|p1a: Quaquaval|18\/100\n|-status|p1a: Quaquaval|par\n|-enditem|p1a: Quaquaval|Figy Berry|[eat]\n|-heal|p1a: Quaquaval|51\/100 par|[from] item: Figy Berry\n|move|p1a: Quaquaval|Work Up|p1a: Quaquaval\n|-boost|p1a: Quaquaval|atk|1\n|-boost|p1a: Quaquaval|spa|1\n|\n|upkeep\n|turn|25\n|\n|t:|1698463058\n|move|p2a: Advantage|Body Slam|p1a: Quaquaval\n|-damage|p1a: Quaquaval|0 fnt\n|faint|p1a: Quaquaval\n|\n|-sideend|p1: Valtreyak|move: Light Screen\n|upkeep\n|\n|t:|1698463065\n|switch|p1a: Meowscarada|Meowscarada, M|43\/100\n|-activate|p1a: Meowscarada|move: Sticky Web\n|-unboost|p1a: Meowscarada|spe|1\n|turn|26\n|\n|t:|1698463071\n|move|p2a: Advantage|Body Slam|p1a: Meowscarada\n|-damage|p1a: Meowscarada|0 fnt\n|faint|p1a: Meowscarada\n|\n|win|Nostratsatall11\n|raw|Valtreyak's rating: 1131 &rarr; <strong>1107<\/strong><br \/>(-24 for losing)\n|raw|Nostratsatall11's rating: 1142 &rarr; <strong>1166<\/strong><br \/>(+24 for winning)\n|l|\u2606Valtreyak\n|c|\u2606Nostratsatall11|Hh\u2019s I love umbreon\n|c|\u2606Nostratsatall11|ggs\n|l|\u2606Nostratsatall11\n|j|\u2606Nostratsatall11\n|player|p2|Nostratsatall11|gentleman-gen4\n","uploadtime":1698463574,"views":12,"p1id":"valtreyak","p2id":"nostratsatall11","formatid":"gen9anythinggoes","rating":1107,"private":0,"password":""}