{"id":"gen9anythinggoes-1972912679","p1":"Billbobjones","p2":"MelloBello","format":"[Gen 9] Anything Goes","log":"|j|\u2606Billbobjones\n|j|\u2606MelloBello\n|t:|1697908257\n|gametype|singles\n|player|p1|Billbobjones|101|1138\n|player|p2|MelloBello|darach-caitlin|1074\n|teamsize|p1|6\n|teamsize|p2|6\n|gen|9\n|tier|[Gen 9] Anything Goes\n|rated|\n|rule|HP Percentage Mod: HP is shown in percentages\n|rule|Endless Battle Clause: Forcing endless battles is banned\n|clearpoke\n|poke|p1|Ursaluna-Bloodmoon, M|\n|poke|p1|Quaquaval, M|\n|poke|p1|Roaring Moon|\n|poke|p1|Kingambit, M|\n|poke|p1|Gliscor, M|\n|poke|p1|Dondozo, F|\n|poke|p2|Alomomola, M|\n|poke|p2|Calyrex-Shadow|\n|poke|p2|Volcarona, M|\n|poke|p2|Forretress, F|\n|poke|p2|Masquerain, F|\n|poke|p2|Iron Valiant|\n|teampreview\n|\n|t:|1697908269\n|start\n|switch|p1a: Gliscor|Gliscor, M, shiny|100\/100\n|switch|p2a: Forretress|Forretress, F|100\/100\n|turn|1\n|\n|t:|1697908281\n|move|p1a: Gliscor|Earthquake|p2a: Forretress\n|-damage|p2a: Forretress|59\/100\n|move|p2a: Forretress|Toxic Spikes|p1a: Gliscor\n|-sidestart|p1: Billbobjones|move: Toxic Spikes\n|\n|-heal|p2a: Forretress|65\/100|[from] item: Leftovers\n|-status|p1a: Gliscor|tox|[from] item: Toxic Orb\n|upkeep\n|turn|2\n|\n|t:|1697908293\n|move|p1a: Gliscor|Ice Fang|p2a: Forretress\n|-resisted|p2a: Forretress\n|-damage|p2a: Forretress|57\/100\n|move|p2a: Forretress|Toxic Spikes|p1a: Gliscor\n|-sidestart|p1: Billbobjones|move: Toxic Spikes\n|\n|-heal|p2a: Forretress|63\/100|[from] item: Leftovers\n|upkeep\n|turn|3\n|\n|t:|1697908306\n|move|p1a: Gliscor|Earthquake|p2a: Forretress\n|-damage|p2a: Forretress|24\/100\n|move|p2a: Forretress|Spikes|p1a: Gliscor\n|-sidestart|p1: Billbobjones|Spikes\n|\n|-heal|p2a: Forretress|30\/100|[from] item: Leftovers\n|upkeep\n|turn|4\n|\n|t:|1697908314\n|move|p1a: Gliscor|Earthquake|p2a: Forretress\n|-damage|p2a: Forretress|0 fnt\n|faint|p2a: Forretress\n|\n|upkeep\n|\n|t:|1697908319\n|switch|p2a: Masquerain|Masquerain, F|100\/100\n|-ability|p2a: Masquerain|Intimidate|boost\n|-unboost|p1a: Gliscor|atk|1\n|turn|5\n|\n|t:|1697908340\n|move|p1a: Gliscor|Ice Fang|p2a: Masquerain\n|-supereffective|p2a: Masquerain\n|-damage|p2a: Masquerain|61\/100\n|move|p2a: Masquerain|Sticky Web|p1a: Gliscor\n|-sidestart|p1: Billbobjones|move: Sticky Web\n|\n|upkeep\n|turn|6\n|\n|t:|1697908347\n|move|p1a: Gliscor|Agility|p1a: Gliscor\n|-boost|p1a: Gliscor|spe|2\n|move|p2a: Masquerain|Whirlwind|p1a: Gliscor\n|drag|p1a: Dondozo|Dondozo, F, shiny|100\/100\n|-status|p1a: Dondozo|tox\n|-damage|p1a: Dondozo|88\/100 tox|[from] Spikes\n|-activate|p1a: Dondozo|move: Sticky Web\n|-unboost|p1a: Dondozo|spe|1\n|\n|-damage|p1a: Dondozo|82\/100 tox|[from] psn\n|upkeep\n|turn|7\n|\n|t:|1697908365\n|move|p1a: Dondozo|Heavy Slam|p2a: Masquerain\n|-damage|p2a: Masquerain|22\/100\n|move|p2a: Masquerain|Whirlwind|p1a: Dondozo\n|drag|p1a: Kingambit|Kingambit, M|100\/100\n|-damage|p1a: Kingambit|88\/100|[from] Spikes\n|-activate|p1a: Kingambit|move: Sticky Web\n|-unboost|p1a: Kingambit|spe|1\n|\n|upkeep\n|turn|8\n|\n|t:|1697908385\n|move|p1a: Kingambit|Iron Head|p2a: Masquerain\n|-damage|p2a: Masquerain|0 fnt\n|faint|p2a: Masquerain\n|\n|upkeep\n|\n|t:|1697908390\n|switch|p2a: Volcarona|Volcarona, M, shiny|100\/100\n|turn|9\n|\n|t:|1697908395\n|-end|p1a: Kingambit|fallenundefined|[silent]\n|switch|p1a: Quaquaval|Quaquaval, M|100\/100\n|-status|p1a: Quaquaval|tox\n|-damage|p1a: Quaquaval|88\/100 tox|[from] Spikes\n|-activate|p1a: Quaquaval|move: Sticky Web\n|-unboost|p1a: Quaquaval|spe|1\n|move|p2a: Volcarona|Quiver Dance|p2a: Volcarona\n|-boost|p2a: Volcarona|spa|1\n|-boost|p2a: Volcarona|spd|1\n|-boost|p2a: Volcarona|spe|1\n|\n|-damage|p1a: Quaquaval|82\/100 tox|[from] psn\n|upkeep\n|turn|10\n|\n|t:|1697908410\n|move|p2a: Volcarona|Psychic|p1a: Quaquaval\n|-supereffective|p1a: Quaquaval\n|-damage|p1a: Quaquaval|0 fnt\n|faint|p1a: Quaquaval\n|\n|upkeep\n|\n|t:|1697908420\n|switch|p1a: Dondozo|Dondozo, F, shiny|82\/100 tox\n|-damage|p1a: Dondozo|70\/100 tox|[from] Spikes\n|-activate|p1a: Dondozo|move: Sticky Web\n|-unboost|p1a: Dondozo|spe|1\n|turn|11\n|\n|t:|1697908433\n|move|p2a: Volcarona|Giga Drain|p1a: Dondozo\n|-supereffective|p1a: Dondozo\n|-damage|p1a: Dondozo|36\/100 tox\n|move|p1a: Dondozo|Order Up|p2a: Volcarona\n|-damage|p2a: Volcarona|77\/100\n|\n|-damage|p1a: Dondozo|30\/100 tox|[from] psn\n|upkeep\n|turn|12\n|\n|t:|1697908446\n|move|p2a: Volcarona|Giga Drain|p1a: Dondozo\n|-supereffective|p1a: Dondozo\n|-damage|p1a: Dondozo|0 fnt\n|-heal|p2a: Volcarona|97\/100|[from] drain|[of] p1a: Dondozo\n|faint|p1a: Dondozo\n|\n|upkeep\n|\n|t:|1697908461\n|switch|p1a: Gliscor|Gliscor, M, shiny|100\/100 tox\n|turn|13\n|\n|t:|1697908466\n|move|p2a: Volcarona|Psychic|p1a: Gliscor\n|-damage|p1a: Gliscor|46\/100 tox\n|move|p1a: Gliscor|Earthquake|p2a: Volcarona\n|-damage|p2a: Volcarona|44\/100\n|\n|-heal|p1a: Gliscor|59\/100 tox|[from] ability: Poison Heal\n|upkeep\n|turn|14\n|\n|t:|1697908487\n|move|p2a: Volcarona|Psychic|p1a: Gliscor\n|-damage|p1a: Gliscor|4\/100 tox\n|move|p1a: Gliscor|Earthquake|p2a: Volcarona\n|-damage|p2a: Volcarona|0 fnt\n|faint|p2a: Volcarona\n|\n|-heal|p1a: Gliscor|17\/100 tox|[from] ability: Poison Heal\n|upkeep\n|\n|t:|1697908497\n|switch|p2a: Alomomola|Alomomola, M|100\/100\n|turn|15\n|\n|t:|1697908501\n|move|p1a: Gliscor|Acrobatics|p2a: Alomomola\n|-crit|p2a: Alomomola\n|-damage|p2a: Alomomola|67\/100\n|move|p2a: Alomomola|Flip Turn|p1a: Gliscor\n|-supereffective|p1a: Gliscor\n|-damage|p1a: Gliscor|0 fnt\n|faint|p1a: Gliscor\n|\n|t:|1697908513\n|switch|p2a: Iron Valiant|Iron Valiant|100\/100|[from] Flip Turn\n|\n|upkeep\n|\n|t:|1697908518\n|switch|p1a: Ursaluna|Ursaluna-Bloodmoon, M|100\/100\n|-status|p1a: Ursaluna|tox\n|-damage|p1a: Ursaluna|88\/100 tox|[from] Spikes\n|-activate|p1a: Ursaluna|move: Sticky Web\n|-unboost|p1a: Ursaluna|spe|1\n|turn|16\n|\n|t:|1697908527\n|move|p2a: Iron Valiant|Calm Mind|p2a: Iron Valiant\n|-boost|p2a: Iron Valiant|spa|1\n|-boost|p2a: Iron Valiant|spd|1\n|move|p1a: Ursaluna|Calm Mind|p1a: Ursaluna\n|-boost|p1a: Ursaluna|spa|1\n|-boost|p1a: Ursaluna|spd|1\n|\n|-damage|p1a: Ursaluna|82\/100 tox|[from] psn\n|upkeep\n|turn|17\n|\n|t:|1697908546\n|move|p2a: Iron Valiant|Ice Punch|p1a: Ursaluna\n|-supereffective|p1a: Ursaluna\n|-damage|p1a: Ursaluna|46\/100 tox\n|move|p1a: Ursaluna|Calm Mind|p1a: Ursaluna\n|-boost|p1a: Ursaluna|spa|1\n|-boost|p1a: Ursaluna|spd|1\n|\n|-damage|p1a: Ursaluna|34\/100 tox|[from] psn\n|upkeep\n|turn|18\n|\n|t:|1697908559\n|move|p2a: Iron Valiant|Ice Punch|p1a: Ursaluna\n|-supereffective|p1a: Ursaluna\n|-damage|p1a: Ursaluna|0 fnt\n|faint|p1a: Ursaluna\n|\n|upkeep\n|\n|t:|1697908571\n|switch|p1a: Roaring Moon|Roaring Moon, shiny|100\/100\n|-status|p1a: Roaring Moon|tox\n|-damage|p1a: Roaring Moon|88\/100 tox|[from] Spikes\n|-activate|p1a: Roaring Moon|move: Sticky Web\n|-unboost|p1a: Roaring Moon|spe|1\n|-enditem|p1a: Roaring Moon|Booster Energy\n|-activate|p1a: Roaring Moon|ability: Protosynthesis|[fromitem]\n|-start|p1a: Roaring Moon|protosynthesisatk\n|turn|19\n|\n|t:|1697908604\n|move|p2a: Iron Valiant|Ice Punch|p1a: Roaring Moon\n|-supereffective|p1a: Roaring Moon\n|-damage|p1a: Roaring Moon|26\/100 tox\n|move|p1a: Roaring Moon|Dragon Claw|p2a: Iron Valiant\n|-immune|p2a: Iron Valiant\n|\n|-damage|p1a: Roaring Moon|20\/100 tox|[from] psn\n|upkeep\n|turn|20\n|\n|t:|1697908615\n|move|p2a: Iron Valiant|Ice Punch|p1a: Roaring Moon\n|-supereffective|p1a: Roaring Moon\n|-damage|p1a: Roaring Moon|0 fnt\n|faint|p1a: Roaring Moon\n|-end|p1a: Roaring Moon|Protosynthesis|[silent]\n|\n|upkeep\n|\n|t:|1697908621\n|switch|p1a: Kingambit|Kingambit, M|88\/100\n|-damage|p1a: Kingambit|76\/100|[from] Spikes\n|-activate|p1a: Kingambit|move: Sticky Web\n|-unboost|p1a: Kingambit|spe|1\n|-activate|p1a: Kingambit|ability: Supreme Overlord\n|-start|p1a: Kingambit|fallen5|[silent]\n|turn|21\n|\n|t:|1697908630\n|move|p2a: Iron Valiant|Fire Punch|p1a: Kingambit\n|-supereffective|p1a: Kingambit\n|-damage|p1a: Kingambit|41\/100\n|move|p1a: Kingambit|Kowtow Cleave|p2a: Iron Valiant\n|-resisted|p2a: Iron Valiant\n|-damage|p2a: Iron Valiant|79\/100\n|\n|upkeep\n|turn|22\n|\n|t:|1697908654\n|move|p2a: Iron Valiant|Fire Punch|p1a: Kingambit\n|-supereffective|p1a: Kingambit\n|-damage|p1a: Kingambit|6\/100\n|move|p1a: Kingambit|Kowtow Cleave|p2a: Iron Valiant\n|-resisted|p2a: Iron Valiant\n|-damage|p2a: Iron Valiant|57\/100\n|\n|upkeep\n|turn|23\n|inactive|Battle timer is ON: inactive players will automatically lose when time's up. (requested by MelloBello)\n|\n|t:|1697908665\n|move|p2a: Iron Valiant|Ice Punch|p1a: Kingambit\n|-resisted|p1a: Kingambit\n|-damage|p1a: Kingambit|0 fnt\n|faint|p1a: Kingambit\n|-end|p1a: Kingambit|fallen5|[silent]\n|\n|win|MelloBello\n|raw|Billbobjones's rating: 1138 &rarr; <strong>1108<\/strong><br \/>(-30 for losing)\n|raw|MelloBello's rating: 1074 &rarr; <strong>1108<\/strong><br \/>(+34 for winning)\n|l|\u2606Billbobjones\n","uploadtime":1697908672,"views":11,"p1id":"billbobjones","p2id":"mellobello","formatid":"gen9anythinggoes","rating":1108,"private":0,"password":""}