{"id":"gen9anythinggoes-1979897868","p1":"Bakitaladelbarrio","p2":"Zman145","format":"[Gen 9] Anything Goes","log":"|j|\u2606Bakitaladelbarrio\n|j|\u2606Zman145\n|t:|1698725990\n|gametype|singles\n|player|p1|Bakitaladelbarrio|dawn|1003\n|player|p2|Zman145|pokekid|1000\n|teamsize|p1|6\n|teamsize|p2|6\n|gen|9\n|tier|[Gen 9] Anything Goes\n|rated|\n|rule|HP Percentage Mod: HP is shown in percentages\n|rule|Endless Battle Clause: Forcing endless battles is banned\n|clearpoke\n|poke|p1|Espathra, F|\n|poke|p1|Drifblim, M|\n|poke|p1|Jumpluff, F|\n|poke|p1|Manaphy|\n|poke|p1|Clefable, M|\n|poke|p1|Basculegion, M|\n|poke|p2|Dudunsparce-*, F|\n|poke|p2|Dudunsparce-*, F|\n|poke|p2|Dudunsparce-*, M|\n|poke|p2|Maushold-Four|\n|poke|p2|Maushold-Four|\n|poke|p2|Maushold-Four|\n|teampreview\n|inactive|Battle timer is ON: inactive players will automatically lose when time's up. (requested by Bakitaladelbarrio)\n|\n|t:|1698725996\n|start\n|switch|p1a: Drifblim|Drifblim, M|100\/100\n|switch|p2a: Destiny|Dudunsparce, F|100\/100\n|turn|1\n|\n|t:|1698726003\n|move|p1a: Drifblim|Minimize|p1a: Drifblim\n|-boost|p1a: Drifblim|evasion|2\n|move|p2a: Destiny|Stealth Rock|p1a: Drifblim\n|-sidestart|p1: Bakitaladelbarrio|move: Stealth Rock\n|\n|upkeep\n|turn|2\n|\n|t:|1698726008\n|move|p1a: Drifblim|Minimize|p1a: Drifblim\n|-boost|p1a: Drifblim|evasion|2\n|move|p2a: Destiny|Agility|p2a: Destiny\n|-boost|p2a: Destiny|spe|2\n|\n|upkeep\n|turn|3\n|\n|t:|1698726015\n|move|p2a: Destiny|Coil|p2a: Destiny\n|-boost|p2a: Destiny|atk|1\n|-boost|p2a: Destiny|def|1\n|-boost|p2a: Destiny|accuracy|1\n|move|p1a: Drifblim|Minimize|p1a: Drifblim\n|-boost|p1a: Drifblim|evasion|2\n|\n|upkeep\n|turn|4\n|\n|t:|1698726022\n|move|p2a: Destiny|Agility|p2a: Destiny\n|-boost|p2a: Destiny|spe|2\n|move|p1a: Drifblim|Minimize|p1a: Drifblim\n|-boost|p1a: Drifblim|evasion|0\n|\n|upkeep\n|turn|5\n|\n|t:|1698726030\n|move|p2a: Destiny|Coil|p2a: Destiny\n|-boost|p2a: Destiny|atk|1\n|-boost|p2a: Destiny|def|1\n|-boost|p2a: Destiny|accuracy|1\n|move|p1a: Drifblim|Amnesia|p1a: Drifblim\n|-boost|p1a: Drifblim|spd|2\n|\n|upkeep\n|turn|6\n|\n|t:|1698726041\n|move|p2a: Destiny|Baton Pass|p2a: Destiny\n|\n|t:|1698726043\n|switch|p2a: Maushold|Maushold-Four|100\/100|[from] Baton Pass\n|move|p1a: Drifblim|Baton Pass|p1a: Drifblim\n|\n|t:|1698726051\n|switch|p1a: Manaphy|Manaphy|100\/100|[from] Baton Pass\n|-damage|p1a: Manaphy|88\/100|[from] Stealth Rock\n|\n|-heal|p1a: Manaphy|94\/100|[from] item: Leftovers\n|upkeep\n|turn|7\n|\n|t:|1698726062\n|move|p2a: Maushold|Population Bomb|p1a: Manaphy\n|-damage|p1a: Manaphy|81\/100\n|-hitcount|p1a: Manaphy|1\n|move|p1a: Manaphy|Acid Armor|p1a: Manaphy\n|-boost|p1a: Manaphy|def|2\n|\n|-heal|p1a: Manaphy|87\/100|[from] item: Leftovers\n|upkeep\n|turn|8\n|\n|t:|1698726072\n|move|p2a: Maushold|Protect|p2a: Maushold\n|-singleturn|p2a: Maushold|Protect\n|move|p1a: Manaphy|Acid Armor|p1a: Manaphy\n|-boost|p1a: Manaphy|def|2\n|\n|-heal|p1a: Manaphy|93\/100|[from] item: Leftovers\n|upkeep\n|turn|9\n|\n|t:|1698726080\n|move|p2a: Maushold|Tidy Up|p2a: Maushold\n|-sideend|p1: Bakitaladelbarrio|Stealth Rock\n|-activate|p2a: Maushold|move: Tidy Up\n|-boost|p2a: Maushold|atk|1\n|-boost|p2a: Maushold|spe|1\n|move|p1a: Manaphy|Stored Power|p2a: Maushold\n|-crit|p2a: Maushold\n|-damage|p2a: Maushold|0 fnt\n|faint|p2a: Maushold\n|\n|-heal|p1a: Manaphy|99\/100|[from] item: Leftovers\n|upkeep\n|\n|t:|1698726085\n|switch|p2a: Danny|Dudunsparce, F|100\/100\n|turn|10\n|\n|t:|1698726094\n|move|p1a: Manaphy|Stored Power|p2a: Danny\n|-crit|p2a: Danny\n|-damage|p2a: Danny|1\/100\n|move|p2a: Danny|Coil|p2a: Danny\n|-boost|p2a: Danny|atk|1\n|-boost|p2a: Danny|def|1\n|-boost|p2a: Danny|accuracy|1\n|\n|-heal|p1a: Manaphy|100\/100|[from] item: Leftovers\n|upkeep\n|turn|11\n|-message|Zman145 forfeited.\n|\n|win|Bakitaladelbarrio\n|raw|Bakitaladelbarrio's rating: 1003 &rarr; <strong>1042<\/strong><br \/>(+39 for winning)\n|raw|Zman145's rating: 1000 &rarr; <strong>1000<\/strong><br \/>(+0 for losing)\n|l|\u2606Zman145\n","uploadtime":1698726118,"views":4,"p1id":"bakitaladelbarrio","p2id":"zman145","formatid":"gen9anythinggoes","rating":1000,"private":0,"password":""}