{"id":"gen9anythinggoes-1988188488","p1":"Grimkix","p2":"AgiPro77","format":"[Gen 9] Anything Goes","log":"|j|\u2606Grimkix\n|j|\u2606AgiPro77\n|t:|1699681871\n|gametype|singles\n|player|p1|Grimkix|riley|1135\n|player|p2|AgiPro77|2|1359\n|teamsize|p1|6\n|teamsize|p2|6\n|gen|9\n|tier|[Gen 9] Anything Goes\n|rated|\n|rule|HP Percentage Mod: HP is shown in percentages\n|rule|Endless Battle Clause: Forcing endless battles is banned\n|clearpoke\n|poke|p1|Okidogi, M|\n|poke|p1|Ninetales-Alola, M|\n|poke|p1|Baxcalibur, M|\n|poke|p1|Manaphy|\n|poke|p1|Kingambit, F|\n|poke|p1|Ditto|\n|poke|p2|Espathra, F|\n|poke|p2|Calyrex-Ice|\n|poke|p2|Zacian-*|\n|poke|p2|Kyogre|\n|poke|p2|Urshifu-*, M|\n|poke|p2|Hoopa-Unbound|\n|teampreview\n|inactive|Battle timer is ON: inactive players will automatically lose when time's up. (requested by Grimkix)\n|l|\u2606AgiPro77\n|inactive|AgiPro77 disconnected and has a minute to reconnect!\n|player|p2|\n|inactive|AgiPro77 has 30 seconds to reconnect!\n|j|\u2606AgiPro77\n|inactive|AgiPro77 reconnected and has 110 seconds left.\n|player|p2|AgiPro77|2\n|inactive|AgiPro77 has 90 seconds left.\n|\n|t:|1699681936\n|start\n|switch|p1a: Ninetales|Ninetales-Alola, M|100\/100\n|switch|p2a: Espathra|Espathra, F|100\/100\n|-weather|Snow|[from] ability: Snow Warning|[of] p1a: Ninetales\n|turn|1\n|\n|t:|1699681962\n|move|p2a: Espathra|Protect|p2a: Espathra\n|-singleturn|p2a: Espathra|Protect\n|move|p1a: Ninetales|Hypnosis|p2a: Espathra\n|-activate|p2a: Espathra|move: Protect\n|\n|-weather|Snow|[upkeep]\n|-ability|p2a: Espathra|Speed Boost|boost\n|-boost|p2a: Espathra|spe|1\n|upkeep\n|turn|2\n|inactive|AgiPro77 has 120 seconds left.\n|\n|t:|1699681982\n|move|p2a: Espathra|Substitute|p2a: Espathra\n|-start|p2a: Espathra|Substitute\n|-damage|p2a: Espathra|76\/100\n|move|p1a: Ninetales|Hypnosis||[still]\n|-fail|p1a: Ninetales\n|\n|-weather|Snow|[upkeep]\n|-heal|p2a: Espathra|82\/100|[from] item: Leftovers\n|-ability|p2a: Espathra|Speed Boost|boost\n|-boost|p2a: Espathra|spe|1\n|upkeep\n|turn|3\n|inactive|AgiPro77 has 120 seconds left.\n|\n|t:|1699682003\n|move|p2a: Espathra|Protect|p2a: Espathra\n|-singleturn|p2a: Espathra|Protect\n|move|p1a: Ninetales|Blizzard|p2a: Espathra\n|-activate|p2a: Espathra|move: Protect\n|\n|-weather|Snow|[upkeep]\n|-heal|p2a: Espathra|88\/100|[from] item: Leftovers\n|-ability|p2a: Espathra|Speed Boost|boost\n|-boost|p2a: Espathra|spe|1\n|upkeep\n|turn|4\n|inactive|AgiPro77 has 120 seconds left.\n|\n|t:|1699682016\n|move|p2a: Espathra|Protect||[still]\n|-fail|p2a: Espathra\n|move|p1a: Ninetales|Blizzard|p2a: Espathra\n|-end|p2a: Espathra|Substitute\n|\n|-weather|Snow|[upkeep]\n|-heal|p2a: Espathra|94\/100|[from] item: Leftovers\n|-ability|p2a: Espathra|Speed Boost|boost\n|-boost|p2a: Espathra|spe|1\n|upkeep\n|turn|5\n|inactive|AgiPro77 has 120 seconds left.\n|\n|t:|1699682028\n|move|p2a: Espathra|Substitute|p2a: Espathra\n|-start|p2a: Espathra|Substitute\n|-damage|p2a: Espathra|69\/100\n|move|p1a: Ninetales|Blizzard|p2a: Espathra\n|-end|p2a: Espathra|Substitute\n|\n|-weather|none\n|-heal|p2a: Espathra|75\/100|[from] item: Leftovers\n|-ability|p2a: Espathra|Speed Boost|boost\n|-boost|p2a: Espathra|spe|1\n|upkeep\n|turn|6\n|inactive|AgiPro77 has 120 seconds left.\n|\n|t:|1699682040\n|move|p2a: Espathra|Protect|p2a: Espathra\n|-singleturn|p2a: Espathra|Protect\n|move|p1a: Ninetales|Blizzard|p2a: Espathra\n|-activate|p2a: Espathra|move: Protect\n|\n|-heal|p2a: Espathra|81\/100|[from] item: Leftovers\n|-ability|p2a: Espathra|Speed Boost|boost\n|-boost|p2a: Espathra|spe|1\n|upkeep\n|turn|7\n|inactive|AgiPro77 has 120 seconds left.\n|\n|t:|1699682053\n|move|p2a: Espathra|Baton Pass|p2a: Espathra\n|\n|t:|1699682057\n|switch|p2a: Calyrex|Calyrex-Ice|100\/100|[from] Baton Pass\n|-ability|p2a: Calyrex|As One\n|-ability|p2a: Calyrex|Unnerve\n|move|p1a: Ninetales|Aurora Veil||[still]\n|-fail|p1a: Ninetales\n|\n|upkeep\n|turn|8\n|inactive|AgiPro77 has 120 seconds left.\n|\n|t:|1699682070\n|move|p2a: Calyrex|Zen Headbutt|p1a: Ninetales\n|-damage|p1a: Ninetales|31\/100\n|cant|p1a: Ninetales|flinch\n|\n|upkeep\n|turn|9\n|\n|t:|1699682079\n|move|p2a: Calyrex|High Horsepower|p1a: Ninetales\n|-damage|p1a: Ninetales|0 fnt\n|faint|p1a: Ninetales\n|-ability|p2a: Calyrex|Chilling Neigh|boost\n|-boost|p2a: Calyrex|atk|1\n|\n|upkeep\n|\n|t:|1699682084\n|switch|p1a: Ditto|Ditto, shiny|100\/100\n|-transform|p1a: Ditto|p2a: Calyrex|[from] ability: Imposter\n|turn|10\n|inactive|AgiPro77 has 120 seconds left.\n|\n|t:|1699682110\n|-terastallize|p2a: Calyrex|Ground\n|move|p1a: Ditto|High Horsepower|p2a: Calyrex|[miss]\n|-miss|p1a: Ditto|p2a: Calyrex\n|move|p2a: Calyrex|High Horsepower|p1a: Ditto\n|-damage|p1a: Ditto|27\/100\n|\n|upkeep\n|turn|11\n|inactive|AgiPro77 has 120 seconds left.\n|\n|t:|1699682120\n|move|p1a: Ditto|High Horsepower|p2a: Calyrex\n|-damage|p2a: Calyrex|62\/100\n|move|p2a: Calyrex|High Horsepower|p1a: Ditto\n|-damage|p1a: Ditto|0 fnt\n|faint|p1a: Ditto\n|-ability|p2a: Calyrex|Chilling Neigh|boost\n|-boost|p2a: Calyrex|atk|1\n|\n|upkeep\n|\n|t:|1699682128\n|switch|p1a: Okidogi|Okidogi, M|100\/100\n|turn|12\n|\n|t:|1699682134\n|move|p2a: Calyrex|Zen Headbutt|p1a: Okidogi|[miss]\n|-miss|p2a: Calyrex|p1a: Okidogi\n|move|p1a: Okidogi|Drain Punch|p2a: Calyrex\n|-damage|p2a: Calyrex|35\/100\n|\n|upkeep\n|turn|13\n|\n|t:|1699682141\n|move|p2a: Calyrex|Zen Headbutt|p1a: Okidogi\n|-supereffective|p1a: Okidogi\n|-damage|p1a: Okidogi|0 fnt\n|faint|p1a: Okidogi\n|-ability|p2a: Calyrex|Chilling Neigh|boost\n|-boost|p2a: Calyrex|atk|1\n|\n|upkeep\n|\n|t:|1699682150\n|switch|p1a: Manaphy|Manaphy|100\/100\n|turn|14\n|\n|t:|1699682157\n|-terastallize|p1a: Manaphy|Fairy\n|move|p2a: Calyrex|High Horsepower|p1a: Manaphy\n|-damage|p1a: Manaphy|0 fnt\n|faint|p1a: Manaphy\n|-ability|p2a: Calyrex|Chilling Neigh|boost\n|-boost|p2a: Calyrex|atk|1\n|\n|upkeep\n|\n|t:|1699682161\n|switch|p1a: Baxcalibur|Baxcalibur, M|100\/100\n|turn|15\n|\n|t:|1699682171\n|move|p2a: Calyrex|Close Combat|p1a: Baxcalibur\n|-supereffective|p1a: Baxcalibur\n|-damage|p1a: Baxcalibur|0 fnt\n|-unboost|p2a: Calyrex|def|1\n|-unboost|p2a: Calyrex|spd|1\n|faint|p1a: Baxcalibur\n|-ability|p2a: Calyrex|Chilling Neigh|boost\n|-boost|p2a: Calyrex|atk|1\n|\n|upkeep\n|\n|t:|1699682173\n|switch|p1a: Kingambit|Kingambit, F|100\/100\n|-activate|p1a: Kingambit|ability: Supreme Overlord\n|-start|p1a: Kingambit|fallen5|[silent]\n|-item|p1a: Kingambit|Air Balloon\n|turn|16\n|\n|t:|1699682185\n|move|p2a: Calyrex|Close Combat|p1a: Kingambit\n|-supereffective|p1a: Kingambit\n|-damage|p1a: Kingambit|0 fnt\n|-unboost|p2a: Calyrex|def|1\n|-unboost|p2a: Calyrex|spd|1\n|-enditem|p1a: Kingambit|Air Balloon\n|faint|p1a: Kingambit\n|-end|p1a: Kingambit|fallen5|[silent]\n|\n|win|AgiPro77\n|raw|Grimkix's rating: 1135 &rarr; <strong>1124<\/strong><br \/>(-11 for losing)\n|raw|AgiPro77's rating: 1359 &rarr; <strong>1368<\/strong><br \/>(+9 for winning)\n|l|\u2606Grimkix\n","uploadtime":1699682197,"views":25,"p1id":"grimkix","p2id":"agipro77","formatid":"gen9anythinggoes","rating":1124,"private":0,"password":""}