{"id":"gen9anythinggoes-1982619450","p1":"pepitodechocolate","p2":"umbreonluna","format":"[Gen 9] Anything Goes","log":"|j|\u2606pepitodechocolate\n|j|\u2606umbreonluna\n|t:|1699030322\n|gametype|singles\n|player|p1|pepitodechocolate|170|\n|player|p2|umbreonluna|iris-gen5bw2|\n|teamsize|p1|6\n|teamsize|p2|6\n|gen|9\n|tier|[Gen 9] Anything Goes\n|rule|HP Percentage Mod: HP is shown in percentages\n|rule|Endless Battle Clause: Forcing endless battles is banned\n|clearpoke\n|poke|p1|Flamigo, F|\n|poke|p1|Ting-Lu|\n|poke|p1|Delphox, M|\n|poke|p1|Iron Hands|\n|poke|p1|Forretress, F|\n|poke|p1|Mew|\n|poke|p2|Chi-Yu|\n|poke|p2|Glimmora, F|\n|poke|p2|Annihilape, M|\n|poke|p2|Masquerain, F|\n|poke|p2|Sylveon, F|\n|poke|p2|Mamoswine, F|\n|teampreview\n|inactive|Battle timer is ON: inactive players will automatically lose when time's up. (requested by pepitodechocolate)\n|inactiveoff|Battle timer is now OFF.\n|j| Okutum\n|c|\u2606pepitodechocolate|dejamos timer off?\n|c|\u2606umbreonluna|okay\n|c|\u2606pepitodechocolate|perfe\n|c|\u2606pepitodechocolate|good luck!!!\n|c|\u2606umbreonluna|same bro\n|\n|t:|1699030393\n|start\n|switch|p1a: Bowling ball|Forretress, F|100\/100\n|switch|p2a: Polilla|Masquerain, F|100\/100\n|-ability|p2a: Polilla|Intimidate|boost\n|-unboost|p1a: Bowling ball|atk|1\n|turn|1\n|\n|t:|1699030433\n|move|p2a: Polilla|Sticky Web|p1a: Bowling ball\n|-sidestart|p1: pepitodechocolate|move: Sticky Web\n|move|p1a: Bowling ball|Volt Switch|p2a: Polilla\n|-supereffective|p2a: Polilla\n|-damage|p2a: Polilla|74\/100\n|\n|t:|1699030449\n|switch|p1a: Amancio|Flamigo, F|100\/100|[from] Volt Switch\n|\n|upkeep\n|turn|2\n|\n|t:|1699030476\n|move|p1a: Amancio|U-turn|p2a: Polilla\n|-resisted|p2a: Polilla\n|-damage|p2a: Polilla|61\/100\n|\n|t:|1699030507\n|switch|p1a: Ciervo-Caldero|Ting-Lu|100\/100|[from] U-turn\n|-activate|p1a: Ciervo-Caldero|move: Sticky Web\n|-unboost|p1a: Ciervo-Caldero|spe|1\n|-ability|p1a: Ciervo-Caldero|Vessel of Ruin\n|move|p2a: Polilla|U-turn|p1a: Ciervo-Caldero\n|-supereffective|p1a: Ciervo-Caldero\n|-damage|p1a: Ciervo-Caldero|81\/100\n|\n|t:|1699030521\n|switch|p2a: Elekk to|Mamoswine, F|100\/100|[from] U-turn\n|\n|-heal|p1a: Ciervo-Caldero|88\/100|[from] item: Leftovers\n|upkeep\n|turn|3\n|\n|t:|1699030538\n|move|p1a: Ciervo-Caldero|Protect|p1a: Ciervo-Caldero\n|-singleturn|p1a: Ciervo-Caldero|Protect\n|move|p2a: Elekk to|Icicle Crash|p1a: Ciervo-Caldero\n|-activate|p1a: Ciervo-Caldero|move: Protect\n|\n|-heal|p1a: Ciervo-Caldero|94\/100|[from] item: Leftovers\n|upkeep\n|turn|4\n|\n|t:|1699030549\n|switch|p1a: Bowling ball|Forretress, F|100\/100\n|-activate|p1a: Bowling ball|move: Sticky Web\n|-unboost|p1a: Bowling ball|spe|1\n|move|p2a: Elekk to|Icicle Crash|p1a: Bowling ball\n|-resisted|p1a: Bowling ball\n|-damage|p1a: Bowling ball|82\/100\n|-damage|p2a: Elekk to|91\/100|[from] item: Life Orb\n|\n|-heal|p1a: Bowling ball|88\/100|[from] item: Leftovers\n|upkeep\n|turn|5\n|\n|t:|1699030562\n|switch|p2a: Feminismo|Annihilape, M|100\/100\n|move|p1a: Bowling ball|Volt Switch|p2a: Feminismo\n|-damage|p2a: Feminismo|94\/100\n|\n|t:|1699030570\n|switch|p1a: Amancio|Flamigo, F|100\/100|[from] Volt Switch\n|\n|-heal|p2a: Feminismo|99\/100|[from] item: Leftovers\n|upkeep\n|turn|6\n|\n|t:|1699030613\n|switch|p2a: Zafiro|Glimmora, F|100\/100\n|-terastallize|p1a: Amancio|Fighting\n|move|p1a: Amancio|Close Combat|p2a: Zafiro\n|-damage|p2a: Zafiro|8\/100\n|-unboost|p1a: Amancio|def|1\n|-unboost|p1a: Amancio|spd|1\n|-activate|p2a: Zafiro|ability: Toxic Debris\n|-sidestart|p1: pepitodechocolate|move: Toxic Spikes\n|\n|upkeep\n|turn|7\n|\n|t:|1699030636\n|move|p1a: Amancio|Close Combat|p2a: Zafiro\n|-damage|p2a: Zafiro|0 fnt\n|-unboost|p1a: Amancio|def|1\n|-unboost|p1a: Amancio|spd|1\n|-activate|p2a: Zafiro|ability: Toxic Debris\n|-sidestart|p1: pepitodechocolate|move: Toxic Spikes\n|faint|p2a: Zafiro\n|\n|upkeep\n|\n|t:|1699030769\n|switch|p2a: Polilla|Masquerain, F|61\/100\n|-ability|p2a: Polilla|Intimidate|boost\n|-fail|p1a: Amancio|unboost|Attack|[from] ability: Scrappy|[of] p1a: Amancio\n|turn|8\n|\n|t:|1699030796\n|switch|p1a: Ciervo-Caldero|Ting-Lu|94\/100\n|-activate|p1a: Ciervo-Caldero|move: Sticky Web\n|-unboost|p1a: Ciervo-Caldero|spe|1\n|-status|p1a: Ciervo-Caldero|tox\n|-ability|p1a: Ciervo-Caldero|Vessel of Ruin\n|move|p2a: Polilla|Foul Play|p1a: Ciervo-Caldero\n|-resisted|p1a: Ciervo-Caldero\n|-crit|p1a: Ciervo-Caldero\n|-damage|p1a: Ciervo-Caldero|85\/100 tox\n|\n|-heal|p1a: Ciervo-Caldero|91\/100 tox|[from] item: Leftovers\n|-damage|p1a: Ciervo-Caldero|85\/100 tox|[from] psn\n|upkeep\n|turn|9\n|\n|t:|1699030817\n|switch|p1a: Bowling ball|Forretress, F|88\/100\n|-activate|p1a: Bowling ball|move: Sticky Web\n|-unboost|p1a: Bowling ball|spe|1\n|move|p2a: Polilla|U-turn|p1a: Bowling ball\n|-resisted|p1a: Bowling ball\n|-damage|p1a: Bowling ball|84\/100\n|\n|t:|1699030824\n|switch|p2a: Feminismo|Annihilape, M|99\/100|[from] U-turn\n|\n|-heal|p2a: Feminismo|100\/100|[from] item: Leftovers\n|-heal|p1a: Bowling ball|90\/100|[from] item: Leftovers\n|upkeep\n|turn|10\n|\n|t:|1699030894\n|switch|p1a: Amancio|Flamigo, F, tera:Fighting|100\/100\n|-activate|p1a: Amancio|move: Sticky Web\n|-unboost|p1a: Amancio|spe|1\n|-status|p1a: Amancio|tox\n|move|p2a: Feminismo|Bulk Up|p2a: Feminismo\n|-boost|p2a: Feminismo|atk|1\n|-boost|p2a: Feminismo|def|1\n|\n|-damage|p1a: Amancio|95\/100 tox|[from] psn\n|upkeep\n|turn|11\n|\n|t:|1699030948\n|move|p1a: Amancio|Brave Bird|p2a: Feminismo\n|-supereffective|p2a: Feminismo\n|-crit|p2a: Feminismo\n|-damage|p2a: Feminismo|0 fnt\n|faint|p2a: Feminismo\n|-damage|p1a: Amancio|53\/100 tox|[from] Recoil\n|\n|-damage|p1a: Amancio|42\/100 tox|[from] psn\n|upkeep\n|c|\u2606pepitodechocolate|ostia\n|c|\u2606pepitodechocolate|lo siento tio\n|c|\u2606pepitodechocolate|:(\n|\n|t:|1699030979\n|switch|p2a: Self-Love|Sylveon, F|100\/100\n|turn|12\n|c|\u2606umbreonluna|dont care\n|\n|t:|1699031009\n|switch|p1a: Bowling ball|Forretress, F|90\/100\n|-activate|p1a: Bowling ball|move: Sticky Web\n|-unboost|p1a: Bowling ball|spe|1\n|move|p2a: Self-Love|Hyper Voice|p1a: Bowling ball\n|-resisted|p1a: Bowling ball\n|-damage|p1a: Bowling ball|75\/100\n|\n|-heal|p1a: Bowling ball|81\/100|[from] item: Leftovers\n|upkeep\n|turn|13\n|\n|t:|1699031021\n|switch|p2a: Pez sanche|Chi-Yu|100\/100\n|-ability|p2a: Pez sanche|Beads of Ruin\n|move|p1a: Bowling ball|Rapid Spin|p2a: Pez sanche\n|-damage|p2a: Pez sanche|85\/100\n|-boost|p1a: Bowling ball|spe|1\n|-sideend|p1: pepitodechocolate|Toxic Spikes|[from] move: Rapid Spin|[of] p1a: Bowling ball\n|-sideend|p1: pepitodechocolate|Sticky Web|[from] move: Rapid Spin|[of] p1a: Bowling ball\n|\n|-heal|p1a: Bowling ball|87\/100|[from] item: Leftovers\n|upkeep\n|turn|14\n|\n|t:|1699031036\n|switch|p1a: Ciervo-Caldero|Ting-Lu|85\/100 tox\n|-ability|p1a: Ciervo-Caldero|Vessel of Ruin\n|move|p2a: Pez sanche|Flamethrower|p1a: Ciervo-Caldero\n|-damage|p1a: Ciervo-Caldero|47\/100 tox\n|-damage|p2a: Pez sanche|76\/100|[from] item: Life Orb\n|\n|-heal|p1a: Ciervo-Caldero|53\/100 tox|[from] item: Leftovers\n|-damage|p1a: Ciervo-Caldero|47\/100 tox|[from] psn\n|upkeep\n|turn|15\n|\n|t:|1699031056\n|switch|p2a: Polilla|Masquerain, F|61\/100\n|-ability|p2a: Polilla|Intimidate|boost\n|-unboost|p1a: Ciervo-Caldero|atk|1\n|move|p1a: Ciervo-Caldero|Stone Edge|p2a: Polilla\n|-supereffective|p2a: Polilla\n|-damage|p2a: Polilla|0 fnt\n|faint|p2a: Polilla\n|\n|-heal|p1a: Ciervo-Caldero|53\/100 tox|[from] item: Leftovers\n|-damage|p1a: Ciervo-Caldero|41\/100 tox|[from] psn\n|upkeep\n|\n|t:|1699031086\n|switch|p2a: Elekk to|Mamoswine, F|91\/100\n|turn|16\n|\n|t:|1699031138\n|switch|p1a: Bowling ball|Forretress, F|87\/100\n|move|p2a: Elekk to|Stealth Rock|p1a: Bowling ball\n|-sidestart|p1: pepitodechocolate|move: Stealth Rock\n|\n|-heal|p1a: Bowling ball|93\/100|[from] item: Leftovers\n|upkeep\n|turn|17\n|\n|t:|1699031153\n|switch|p2a: Pez sanche|Chi-Yu|76\/100\n|-ability|p2a: Pez sanche|Beads of Ruin\n|move|p1a: Bowling ball|Rapid Spin|p2a: Pez sanche\n|-damage|p2a: Pez sanche|61\/100\n|-boost|p1a: Bowling ball|spe|1\n|-sideend|p1: pepitodechocolate|Stealth Rock|[from] move: Rapid Spin|[of] p1a: Bowling ball\n|\n|-heal|p1a: Bowling ball|99\/100|[from] item: Leftovers\n|upkeep\n|turn|18\n|\n|t:|1699031161\n|switch|p1a: Delphox|Delphox, M|100\/100\n|move|p2a: Pez sanche|Flame Charge|p1a: Delphox\n|-resisted|p1a: Delphox\n|-damage|p1a: Delphox|88\/100\n|-boost|p2a: Pez sanche|spe|1\n|-damage|p2a: Pez sanche|51\/100|[from] item: Life Orb\n|\n|upkeep\n|turn|19\n|\n|t:|1699031181\n|switch|p1a: Iron Hands|Iron Hands|100\/100\n|move|p2a: Pez sanche|Dark Pulse|p1a: Iron Hands\n|-resisted|p1a: Iron Hands\n|-damage|p1a: Iron Hands|80\/100\n|-damage|p2a: Pez sanche|42\/100|[from] item: Life Orb\n|\n|upkeep\n|turn|20\n|\n|t:|1699031191\n|switch|p2a: Self-Love|Sylveon, F|100\/100\n|move|p1a: Iron Hands|Fake Out|p2a: Self-Love\n|-damage|p2a: Self-Love|86\/100\n|\n|-heal|p2a: Self-Love|92\/100|[from] item: Leftovers\n|upkeep\n|turn|21\n|\n|t:|1699031199\n|move|p2a: Self-Love|Wish|p2a: Self-Love\n|move|p1a: Iron Hands|Heavy Slam|p2a: Self-Love\n|-supereffective|p2a: Self-Love\n|-damage|p2a: Self-Love|10\/100\n|\n|-heal|p2a: Self-Love|16\/100|[from] item: Leftovers\n|upkeep\n|turn|22\n|\n|t:|1699031219\n|-end|p1a: Iron Hands|Quark Drive|[silent]\n|switch|p1a: Bowling ball|Forretress, F|99\/100\n|move|p2a: Self-Love|Hyper Voice|p1a: Bowling ball\n|-resisted|p1a: Bowling ball\n|-damage|p1a: Bowling ball|84\/100\n|\n|-heal|p2a: Self-Love|66\/100|[from] move: Wish|[wisher] Self-Love\n|-heal|p2a: Self-Love|72\/100|[from] item: Leftovers\n|-heal|p1a: Bowling ball|90\/100|[from] item: Leftovers\n|upkeep\n|turn|23\n|\n|t:|1699031230\n|move|p2a: Self-Love|Wish|p2a: Self-Love\n|move|p1a: Bowling ball|Volt Switch|p2a: Self-Love\n|-damage|p2a: Self-Love|64\/100\n|\n|t:|1699031246\n|switch|p1a: Delphox|Delphox, M|88\/100|[from] Volt Switch\n|\n|-heal|p2a: Self-Love|70\/100|[from] item: Leftovers\n|upkeep\n|turn|24\n|\n|t:|1699031255\n|move|p1a: Delphox|Nasty Plot|p1a: Delphox\n|-boost|p1a: Delphox|spa|2\n|move|p2a: Self-Love|Calm Mind|p2a: Self-Love\n|-boost|p2a: Self-Love|spa|1\n|-boost|p2a: Self-Love|spd|1\n|\n|-heal|p2a: Self-Love|100\/100|[from] move: Wish|[wisher] Self-Love\n|upkeep\n|turn|25\n|\n|t:|1699031269\n|move|p1a: Delphox|Nasty Plot|p1a: Delphox\n|-boost|p1a: Delphox|spa|2\n|move|p2a: Self-Love|Hyper Voice|p1a: Delphox\n|-damage|p1a: Delphox|46\/100\n|\n|upkeep\n|turn|26\n|\n|t:|1699031286\n|move|p1a: Delphox|Psyshock|p2a: Self-Love\n|-damage|p2a: Self-Love|0 fnt\n|faint|p2a: Self-Love\n|-damage|p1a: Delphox|36\/100|[from] item: Life Orb\n|\n|upkeep\n|l| Okutum\n|c|\u2606umbreonluna|tio\n|c|\u2606umbreonluna|muy feo\n|c|\u2606pepitodechocolate|no sabes como me siento por el critico...\n|c|\u2606pepitodechocolate|:((\n|\n|t:|1699031356\n|switch|p2a: Elekk to|Mamoswine, F|91\/100\n|turn|27\n|j| Okutum\n|c|\u2606umbreonluna|no te preocup\u00e8s\n|c|\u2606umbreonluna|en la final te gano\n|\n|t:|1699031392\n|move|p2a: Elekk to|Ice Shard|p1a: Delphox\n|-resisted|p1a: Delphox\n|-damage|p1a: Delphox|14\/100\n|-damage|p2a: Elekk to|81\/100|[from] item: Life Orb\n|move|p1a: Delphox|Flamethrower|p2a: Elekk to\n|-supereffective|p2a: Elekk to\n|-damage|p2a: Elekk to|0 fnt\n|faint|p2a: Elekk to\n|-damage|p1a: Delphox|4\/100|[from] item: Life Orb\n|\n|upkeep\n|\n|t:|1699031400\n|switch|p2a: Pez sanche|Chi-Yu|42\/100\n|-ability|p2a: Pez sanche|Beads of Ruin\n|turn|28\n|\n|t:|1699031411\n|move|p1a: Delphox|Flamethrower|p2a: Pez sanche\n|-resisted|p2a: Pez sanche\n|-damage|p2a: Pez sanche|0 fnt\n|faint|p2a: Pez sanche\n|-damage|p1a: Delphox|0 fnt|[from] item: Life Orb\n|faint|p1a: Delphox\n|\n|win|pepitodechocolate\n|c|\u2606umbreonluna|gg\n|c|\u2606pepitodechocolate|pfff\n|c|\u2606pepitodechocolate|gg :(\n|c|\u2606pepitodechocolate|agridulce\n|c|\u2606pepitodechocolate|:(\n|c|\u2606umbreonluna|ajajajajajaj\n|c|\u2606umbreonluna|tio todo guay\n|c|\u2606umbreonluna|no te rayes\n|c|\u2606pepitodechocolate|nos volveremos a encontrar, ya ver\u00e1s\n|c|\u2606pepitodechocolate|yo esq con el feminismo...\n|c|\u2606umbreonluna|siiii\n|c|\u2606pepitodechocolate|jajajajajaja\n","uploadtime":1699031459,"views":48,"p1id":"pepitodechocolate","p2id":"umbreonluna","formatid":"gen9anythinggoes","rating":0,"private":0,"password":""}