{"id":"gen9anythinggoes-1978383540","p1":"brissacrafa","p2":"Iuseproxy","format":"[Gen 9] Anything Goes","log":"|j|\u2606brissacrafa\n|j|\u2606Iuseproxy\n|t:|1698531995\n|gametype|singles\n|player|p1|brissacrafa|n|\n|player|p2|Iuseproxy|alec-anime|\n|teamsize|p1|6\n|teamsize|p2|6\n|gen|9\n|tier|[Gen 9] Anything Goes\n|rule|HP Percentage Mod: HP is shown in percentages\n|rule|Endless Battle Clause: Forcing endless battles is banned\n|clearpoke\n|poke|p1|Lilligant-Hisui, F|\n|poke|p1|Ceruledge, M|\n|poke|p1|Sylveon, F|\n|poke|p1|Ogerpon-Cornerstone, F|\n|poke|p1|Maushold-Four|\n|poke|p1|Garchomp, M|\n|poke|p2|Glimmora, F|\n|poke|p2|Hoopa-Unbound|\n|poke|p2|Flutter Mane|\n|poke|p2|Snom, M|\n|poke|p2|Greninja-*, M|\n|poke|p2|Murkrow, M|\n|teampreview\n|\n|t:|1698532001\n|start\n|switch|p1a: Ceruledge|Ceruledge, M|100\/100\n|switch|p2a: Murkrow|Murkrow, M|100\/100\n|turn|1\n|\n|t:|1698532018\n|move|p2a: Murkrow|Tailwind|p2a: Murkrow\n|-sidestart|p2: Iuseproxy|move: Tailwind\n|move|p1a: Ceruledge|Swords Dance|p1a: Ceruledge\n|-boost|p1a: Ceruledge|atk|2\n|\n|upkeep\n|turn|2\n|\n|t:|1698532025\n|switch|p2a: Glimmora|Glimmora, F|100\/100\n|move|p1a: Ceruledge|Bitter Blade|p2a: Glimmora\n|-resisted|p2a: Glimmora\n|-damage|p2a: Glimmora|56\/100\n|-activate|p2a: Glimmora|ability: Toxic Debris\n|-sidestart|p1: brissacrafa|move: Toxic Spikes\n|\n|-heal|p2a: Glimmora|63\/100|[from] item: Leftovers\n|upkeep\n|turn|3\n|\n|t:|1698532035\n|move|p2a: Glimmora|Spikes|p1a: Ceruledge\n|-sidestart|p1: brissacrafa|Spikes\n|move|p1a: Ceruledge|Close Combat|p2a: Glimmora\n|-damage|p2a: Glimmora|0 fnt\n|-unboost|p1a: Ceruledge|def|1\n|-unboost|p1a: Ceruledge|spd|1\n|-activate|p2a: Glimmora|ability: Toxic Debris\n|-sidestart|p1: brissacrafa|move: Toxic Spikes\n|faint|p2a: Glimmora\n|\n|upkeep\n|\n|t:|1698532046\n|switch|p2a: Greninja|Greninja, M|100\/100\n|turn|4\n|\n|t:|1698532061\n|switch|p1a: Garchomp|Garchomp, M, shiny|100\/100\n|-status|p1a: Garchomp|tox\n|-damage|p1a: Garchomp|88\/100 tox|[from] Spikes\n|move|p2a: Greninja|Water Shuriken|p1a: Garchomp\n|-damage|p1a: Garchomp|80\/100 tox\n|-damage|p1a: Garchomp|73\/100 tox\n|-damage|p1a: Garchomp|65\/100 tox\n|-damage|p1a: Garchomp|58\/100 tox\n|-hitcount|p1a: Garchomp|4\n|\n|-damage|p1a: Garchomp|52\/100 tox|[from] psn\n|-sideend|p2: Iuseproxy|move: Tailwind\n|upkeep\n|turn|5\n|\n|t:|1698532078\n|move|p2a: Greninja|Blizzard|p1a: Garchomp\n|-supereffective|p1a: Garchomp\n|-damage|p1a: Garchomp|0 fnt\n|faint|p1a: Garchomp\n|-ability|p2a: Greninja|Battle Bond|boost\n|-boost|p2a: Greninja|atk|1\n|-boost|p2a: Greninja|spa|1\n|-boost|p2a: Greninja|spe|1\n|-activate|p2a: Greninja|ability: Battle Bond\n|\n|upkeep\n|c|\u2606brissacrafa|i was dumb\n|c|\u2606Iuseproxy|Same\n|\n|t:|1698532093\n|switch|p1a: Maushold|Maushold-Four|100\/100\n|-status|p1a: Maushold|tox\n|-damage|p1a: Maushold|88\/100 tox|[from] Spikes\n|turn|6\n|c|\u2606Iuseproxy|i thought that I was in doubkes so I didn\u2019t use surf\n|\n|t:|1698532108\n|move|p2a: Greninja|Brick Break|p1a: Maushold\n|-supereffective|p1a: Maushold\n|-damage|p1a: Maushold|13\/100 tox\n|move|p1a: Maushold|Tidy Up|p1a: Maushold\n|-sideend|p1: brissacrafa|Spikes\n|-sideend|p1: brissacrafa|Toxic Spikes\n|-activate|p1a: Maushold|move: Tidy Up\n|-boost|p1a: Maushold|atk|1\n|-boost|p1a: Maushold|spe|1\n|\n|-damage|p1a: Maushold|7\/100 tox|[from] psn\n|upkeep\n|turn|7\n|\n|t:|1698532120\n|move|p2a: Greninja|Brick Break|p1a: Maushold\n|-supereffective|p1a: Maushold\n|-damage|p1a: Maushold|0 fnt\n|faint|p1a: Maushold\n|\n|upkeep\n|c|\u2606brissacrafa|why battle bond?\n|\n|t:|1698532147\n|switch|p1a: Sylveon|Sylveon, F|100\/100\n|turn|8\n|c|\u2606Iuseproxy|Because plot armor in anime\n|c|\u2606brissacrafa|epic\n|\n|t:|1698532159\n|move|p2a: Greninja|Water Shuriken|p1a: Sylveon\n|-crit|p1a: Sylveon\n|-damage|p1a: Sylveon|90\/100\n|-damage|p1a: Sylveon|83\/100\n|-damage|p1a: Sylveon|77\/100\n|-damage|p1a: Sylveon|69\/100\n|-damage|p1a: Sylveon|62\/100\n|-hitcount|p1a: Sylveon|5\n|move|p1a: Sylveon|Calm Mind|p1a: Sylveon\n|-boost|p1a: Sylveon|spa|1\n|-boost|p1a: Sylveon|spd|1\n|\n|-heal|p1a: Sylveon|68\/100|[from] item: Leftovers\n|upkeep\n|turn|9\n|\n|t:|1698532173\n|move|p2a: Greninja|Water Shuriken|p1a: Sylveon\n|-damage|p1a: Sylveon|64\/100\n|-damage|p1a: Sylveon|60\/100\n|-damage|p1a: Sylveon|56\/100\n|-damage|p1a: Sylveon|52\/100\n|-damage|p1a: Sylveon|47\/100\n|-hitcount|p1a: Sylveon|5\n|move|p1a: Sylveon|Hyper Voice|p2a: Greninja\n|-supereffective|p2a: Greninja\n|-damage|p2a: Greninja|0 fnt\n|faint|p2a: Greninja\n|\n|-heal|p1a: Sylveon|53\/100|[from] item: Leftovers\n|upkeep\n|\n|t:|1698532186\n|switch|p2a: Snom|Snom, M|100\/100\n|turn|10\n|\n|t:|1698532194\n|move|p2a: Snom|Protect|p2a: Snom\n|-singleturn|p2a: Snom|Protect\n|move|p1a: Sylveon|Hyper Voice|p2a: Snom\n|-activate|p2a: Snom|move: Protect\n|\n|-heal|p1a: Sylveon|59\/100|[from] item: Leftovers\n|upkeep\n|turn|11\n|c|\u2606Iuseproxy|Bow before lord snom\n|\n|t:|1698532202\n|move|p1a: Sylveon|Hyper Voice|p2a: Snom\n|-enditem|p2a: Snom|Focus Sash\n|-damage|p2a: Snom|1\/100\n|move|p2a: Snom|Mirror Coat|p1a: Sylveon\n|-damage|p1a: Sylveon|0 fnt\n|faint|p1a: Sylveon\n|\n|upkeep\n|c|\u2606Iuseproxy|I SAID BOW\n|c|\u2606brissacrafa|NOOOOOOOOOOOOOOOOOOOOOOOOOO\n|\n|t:|1698532217\n|switch|p1a: Ceruledge|Ceruledge, M|100\/100\n|turn|12\n|\n|t:|1698532221\n|move|p1a: Ceruledge|Shadow Sneak|p2a: Snom\n|-damage|p2a: Snom|0 fnt\n|faint|p2a: Snom\n|\n|upkeep\n|\n|t:|1698532225\n|switch|p2a: Murkrow|Murkrow, M|100\/100\n|turn|13\n|\n|t:|1698532231\n|move|p2a: Murkrow|Foul Play|p1a: Ceruledge\n|-supereffective|p1a: Ceruledge\n|-damage|p1a: Ceruledge|0 fnt\n|faint|p1a: Ceruledge\n|\n|upkeep\n|\n|t:|1698532237\n|switch|p1a: Lilligant|Lilligant-Hisui, F|100\/100\n|turn|14\n|\n|t:|1698532240\n|move|p1a: Lilligant|Axe Kick|p2a: Murkrow\n|-damage|p2a: Murkrow|0 fnt\n|faint|p2a: Murkrow\n|\n|upkeep\n|\n|t:|1698532244\n|switch|p2a: Flutter Mane|Flutter Mane|100\/100\n|turn|15\n|\n|t:|1698532249\n|move|p1a: Lilligant|Poison Jab|p2a: Flutter Mane\n|-crit|p2a: Flutter Mane\n|-damage|p2a: Flutter Mane|28\/100\n|move|p2a: Flutter Mane|Trick Room|p2a: Flutter Mane\n|-fieldstart|move: Trick Room|[of] p2a: Flutter Mane\n|\n|upkeep\n|turn|16\n|\n|t:|1698532258\n|-end|p2a: Flutter Mane|Protosynthesis|[silent]\n|switch|p2a: Hoopa|Hoopa-Unbound|100\/100\n|move|p1a: Lilligant|Poison Jab|p2a: Hoopa\n|-damage|p2a: Hoopa|57\/100\n|\n|upkeep\n|turn|17\n|\n|t:|1698532270\n|-terastallize|p2a: Hoopa|Psychic\n|move|p2a: Hoopa|Psyshock|p1a: Lilligant\n|-supereffective|p1a: Lilligant\n|-damage|p1a: Lilligant|0 fnt\n|faint|p1a: Lilligant\n|\n|upkeep\n|\n|t:|1698532276\n|switch|p1a: Ogerpon|Ogerpon-Cornerstone, F|100\/100\n|turn|18\n|\n|t:|1698532280\n|move|p1a: Ogerpon|Spiky Shield|p1a: Ogerpon\n|-singleturn|p1a: Ogerpon|move: Protect\n|move|p2a: Hoopa|Destiny Bond|p2a: Hoopa\n|-singlemove|p2a: Hoopa|Destiny Bond\n|\n|upkeep\n|turn|19\n|\n|t:|1698532289\n|switch|p2a: Flutter Mane|Flutter Mane|28\/100\n|move|p1a: Ogerpon|Leech Seed|p2a: Flutter Mane|[miss]\n|-miss|p1a: Ogerpon|p2a: Flutter Mane\n|\n|-fieldend|move: Trick Room\n|upkeep\n|turn|20\n|\n|t:|1698532297\n|move|p1a: Ogerpon|Spiky Shield|p1a: Ogerpon\n|-singleturn|p1a: Ogerpon|move: Protect\n|move|p2a: Flutter Mane|Draining Kiss|p1a: Ogerpon\n|-activate|p1a: Ogerpon|move: Protect\n|-damage|p2a: Flutter Mane|15\/100|[from] Spiky Shield|[of] p1a: Ogerpon\n|\n|upkeep\n|turn|21\n|\n|t:|1698532306\n|move|p1a: Ogerpon|Spiky Shield||[still]\n|-fail|p1a: Ogerpon\n|move|p2a: Flutter Mane|Draining Kiss|p1a: Ogerpon\n|-damage|p1a: Ogerpon|72\/100\n|-heal|p2a: Flutter Mane|40\/100|[from] drain|[of] p1a: Ogerpon\n|\n|upkeep\n|turn|22\n|\n|t:|1698532320\n|-terastallize|p1a: Ogerpon|Rock\n|detailschange|p1a: Ogerpon|Ogerpon-Cornerstone-Tera, F, tera:Rock\n|-ability|p1a: Ogerpon|Embody Aspect (Cornerstone)|boost\n|-boost|p1a: Ogerpon|def|1\n|move|p2a: Flutter Mane|Draining Kiss|p1a: Ogerpon\n|-damage|p1a: Ogerpon|41\/100\n|-heal|p2a: Flutter Mane|66\/100|[from] drain|[of] p1a: Ogerpon\n|move|p1a: Ogerpon|Ivy Cudgel|p2a: Flutter Mane\n|-damage|p2a: Flutter Mane|0 fnt\n|faint|p2a: Flutter Mane\n|-end|p2a: Flutter Mane|Protosynthesis|[silent]\n|\n|upkeep\n|\n|t:|1698532330\n|switch|p2a: Hoopa|Hoopa-Unbound, tera:Psychic|57\/100\n|turn|23\n|c|\u2606Iuseproxy|Sorry for using a legendary\n|c|\u2606Iuseproxy|btw\n|\n|t:|1698532351\n|move|p1a: Ogerpon|Ivy Cudgel|p2a: Hoopa\n|-damage|p2a: Hoopa|0 fnt\n|faint|p2a: Hoopa\n|\n|win|brissacrafa\n|c|\u2606brissacrafa|no problem\n|c|\u2606Iuseproxy|gg\n|c|\u2606Iuseproxy|your really cool\n|c|\u2606Iuseproxy|:D\n|c|\u2606brissacrafa|and hoopa isnt a legendary\n|c|\u2606brissacrafa|but a m\u00edtico\n|c|\u2606brissacrafa|\"actuallly\"\n|c|\u2606brissacrafa|thx\n|c|\u2606brissacrafa|one more?\n|l|\u2606Iuseproxy\n|l|\u2606brissacrafa\n|j|\u2606brissacrafa\n|player|p1|brissacrafa|n\n","uploadtime":1698532721,"views":11,"p1id":"brissacrafa","p2id":"iuseproxy","formatid":"gen9anythinggoes","rating":0,"private":0,"password":""}