{"id":"gen9anythinggoes-1991728427","p1":"de-keichw","p2":"Rowan_Rocket","format":"[Gen 9] Anything Goes","log":"|j|\u2606de-keichw\n|j|\u2606Rowan_Rocket\n|t:|1700107787\n|gametype|singles\n|player|p1|de-keichw|rocketgrunt|1178\n|player|p2|Rowan_Rocket|rocketgruntf|1101\n|teamsize|p1|6\n|teamsize|p2|6\n|gen|9\n|tier|[Gen 9] Anything Goes\n|rated|\n|rule|HP Percentage Mod: HP is shown in percentages\n|rule|Endless Battle Clause: Forcing endless battles is banned\n|clearpoke\n|poke|p1|Azumarill, F|\n|poke|p1|Sableye, M|\n|poke|p1|Koraidon|\n|poke|p1|Pyroar, M|\n|poke|p1|Delibird, M|\n|poke|p1|Amoonguss, F|\n|poke|p2|Ninetales-Alola, M|\n|poke|p2|Cetitan, M|\n|poke|p2|Avalugg-Hisui, F|\n|poke|p2|Eiscue, M|\n|poke|p2|Sandslash-Alola, F|\n|poke|p2|Frosmoth, M|\n|teampreview\n|\n|t:|1700107802\n|start\n|switch|p1a: Azumurill|Azumarill, F|100\/100\n|switch|p2a: Ninetales|Ninetales-Alola, M|100\/100\n|-weather|Snow|[from] ability: Snow Warning|[of] p2a: Ninetales\n|turn|1\n|\n|t:|1700107810\n|move|p2a: Ninetales|Freeze-Dry|p1a: Azumurill\n|-supereffective|p1a: Azumurill\n|-damage|p1a: Azumurill|44\/100\n|move|p1a: Azumurill|Bulldoze|p2a: Ninetales\n|-damage|p2a: Ninetales|91\/100\n|-unboost|p2a: Ninetales|spe|1\n|\n|-weather|Snow|[upkeep]\n|-heal|p1a: Azumurill|50\/100|[from] item: Leftovers\n|upkeep\n|turn|2\n|\n|t:|1700107820\n|switch|p1a: Pryroar|Pyroar, M|100\/100\n|move|p2a: Ninetales|Freeze-Dry|p1a: Pryroar\n|-resisted|p1a: Pryroar\n|-damage|p1a: Pryroar|80\/100\n|\n|-weather|Snow|[upkeep]\n|upkeep\n|turn|3\n|\n|t:|1700107829\n|switch|p2a: Cetitan|Cetitan, M|100\/100\n|move|p1a: Pryroar|Overheat|p2a: Cetitan\n|-supereffective|p2a: Cetitan\n|-damage|p2a: Cetitan|76\/100\n|-unboost|p1a: Pryroar|spa|2\n|\n|-weather|Snow|[upkeep]\n|upkeep\n|turn|4\n|\n|t:|1700107839\n|switch|p1a: iced Deli meat|Delibird, M|100\/100\n|move|p2a: Cetitan|Earthquake|p1a: iced Deli meat\n|-immune|p1a: iced Deli meat\n|\n|-weather|Snow|[upkeep]\n|upkeep\n|turn|5\n|\n|t:|1700107847\n|move|p1a: iced Deli meat|Rapid Spin|p2a: Cetitan\n|-damage|p2a: Cetitan|70\/100\n|-boost|p1a: iced Deli meat|spe|1\n|move|p2a: Cetitan|Heavy Slam|p1a: iced Deli meat\n|-supereffective|p1a: iced Deli meat\n|-enditem|p1a: iced Deli meat|Focus Sash\n|-damage|p1a: iced Deli meat|1\/100\n|\n|-weather|Snow|[upkeep]\n|upkeep\n|turn|6\n|\n|t:|1700107858\n|move|p2a: Cetitan|Ice Shard|p1a: iced Deli meat\n|-damage|p1a: iced Deli meat|0 fnt\n|faint|p1a: iced Deli meat\n|\n|-weather|Snow|[upkeep]\n|upkeep\n|\n|t:|1700107861\n|switch|p1a: Koaidon|Koraidon|100\/100\n|-weather|SunnyDay|[from] ability: Orichalcum Pulse|[of] p1a: Koaidon\n|-activate|p1a: Koaidon|Orichalcum Pulse|[source]\n|turn|7\n|\n|t:|1700107881\n|switch|p2a: Ninetales|Ninetales-Alola, M|91\/100\n|-weather|Snow|[from] ability: Snow Warning|[of] p2a: Ninetales\n|-terastallize|p1a: Koaidon|Fairy\n|move|p1a: Koaidon|Collision Course|p2a: Ninetales\n|-damage|p2a: Ninetales|43\/100\n|\n|-weather|Snow|[upkeep]\n|upkeep\n|turn|8\n|\n|t:|1700107910\n|switch|p2a: Frosmoth|Frosmoth, M|100\/100\n|move|p1a: Koaidon|Iron Head|p2a: Frosmoth\n|-supereffective|p2a: Frosmoth\n|-damage|p2a: Frosmoth|33\/100\n|\n|-weather|Snow|[upkeep]\n|upkeep\n|turn|9\n|\n|t:|1700107922\n|move|p1a: Koaidon|Iron Head|p2a: Frosmoth\n|-supereffective|p2a: Frosmoth\n|-damage|p2a: Frosmoth|0 fnt\n|faint|p2a: Frosmoth\n|\n|-weather|Snow|[upkeep]\n|upkeep\n|\n|t:|1700107955\n|switch|p2a: Avalugg|Avalugg-Hisui, F|100\/100\n|turn|10\n|\n|t:|1700107967\n|switch|p1a: Azumurill|Azumarill, F|50\/100\n|-terastallize|p2a: Avalugg|Fighting\n|move|p2a: Avalugg|Iron Defense|p2a: Avalugg\n|-boost|p2a: Avalugg|def|2\n|\n|-weather|Snow|[upkeep]\n|-heal|p1a: Azumurill|56\/100|[from] item: Leftovers\n|upkeep\n|turn|11\n|\n|t:|1700107976\n|move|p1a: Azumurill|Bulldoze|p2a: Avalugg\n|-damage|p2a: Avalugg|98\/100\n|-unboost|p2a: Avalugg|spe|1\n|move|p2a: Avalugg|Iron Defense|p2a: Avalugg\n|-boost|p2a: Avalugg|def|2\n|\n|-weather|Snow|[upkeep]\n|-heal|p1a: Azumurill|62\/100|[from] item: Leftovers\n|upkeep\n|turn|12\n|\n|t:|1700107986\n|move|p1a: Azumurill|Bulldoze|p2a: Avalugg\n|-damage|p2a: Avalugg|96\/100\n|-unboost|p2a: Avalugg|spe|1\n|move|p2a: Avalugg|Body Press|p1a: Azumurill\n|-resisted|p1a: Azumurill\n|-damage|p1a: Azumurill|0 fnt\n|faint|p1a: Azumurill\n|\n|-weather|Snow|[upkeep]\n|upkeep\n|\n|t:|1700107992\n|switch|p1a: Amonguss|Amoonguss, F|100\/100\n|turn|13\n|\n|t:|1700108011\n|switch|p2a: Sandslash|Sandslash-Alola, F|100\/100\n|move|p1a: Amonguss|Clear Smog|p2a: Sandslash\n|-immune|p2a: Sandslash\n|\n|-weather|Snow|[upkeep]\n|upkeep\n|turn|14\n|\n|t:|1700108025\n|switch|p1a: Pryroar|Pyroar, M|80\/100\n|move|p2a: Sandslash|Ice Spinner|p1a: Pryroar\n|-resisted|p1a: Pryroar\n|-damage|p1a: Pryroar|60\/100\n|\n|-weather|none\n|upkeep\n|turn|15\n|\n|t:|1700108034\n|switch|p2a: Cetitan|Cetitan, M|70\/100\n|move|p1a: Pryroar|Overheat|p2a: Cetitan|[miss]\n|-miss|p1a: Pryroar|p2a: Cetitan\n|\n|upkeep\n|turn|16\n|\n|t:|1700108046\n|switch|p1a: Sablaye|Sableye, M|100\/100\n|move|p2a: Cetitan|Earthquake|p1a: Sablaye\n|-damage|p1a: Sablaye|53\/100\n|\n|-heal|p1a: Sablaye|59\/100|[from] item: Leftovers\n|upkeep\n|turn|17\n|\n|t:|1700108055\n|move|p2a: Cetitan|Knock Off|p1a: Sablaye\n|-damage|p1a: Sablaye|16\/100\n|-enditem|p1a: Sablaye|Leftovers|[from] move: Knock Off|[of] p2a: Cetitan\n|move|p1a: Sablaye|Drain Punch|p2a: Cetitan\n|-supereffective|p2a: Cetitan\n|-damage|p2a: Cetitan|38\/100\n|-heal|p1a: Sablaye|44\/100|[from] drain|[of] p2a: Cetitan\n|\n|upkeep\n|turn|18\n|\n|t:|1700108064\n|move|p2a: Cetitan|Heavy Slam|p1a: Sablaye\n|-crit|p1a: Sablaye\n|-damage|p1a: Sablaye|0 fnt\n|faint|p1a: Sablaye\n|\n|upkeep\n|\n|t:|1700108067\n|switch|p1a: Koaidon|Koraidon, tera:Fairy|100\/100\n|-weather|SunnyDay|[from] ability: Orichalcum Pulse|[of] p1a: Koaidon\n|-activate|p1a: Koaidon|Orichalcum Pulse|[source]\n|turn|19\n|\n|t:|1700108077\n|switch|p2a: Ninetales|Ninetales-Alola, M|43\/100\n|-weather|Snow|[from] ability: Snow Warning|[of] p2a: Ninetales\n|move|p1a: Koaidon|Collision Course|p2a: Ninetales\n|-damage|p2a: Ninetales|0 fnt\n|faint|p2a: Ninetales\n|\n|-weather|Snow|[upkeep]\n|upkeep\n|c|\u2606de-keichw|!dt ice face\n|raw|<ul class=\"utilichart\"><li class=\"result\"><span class=\"col namecol\"><a href=\"https:\/\/dex.pokemonshowdown.com\/abilities\/iceface\">Ice Face<\/a><\/span> <span class=\"col abilitydesccol\">If Eiscue, the first physical hit it takes deals 0 damage. Effect is restored in Snow.<\/span> <\/li><li style=\"clear:both\"><\/li><\/ul>\n|raw|<font size=\"1\"><font color=\"#686868\">Gen:<\/font> 8&nbsp;|&ThickSpace;&#10003; Not affected by Gastro Acid&nbsp;|&ThickSpace;&#10003; Ignored by Mold Breaker<\/font>\n\n|c|\u2606de-keichw|sorry have to check\n|\n|t:|1700108095\n|switch|p2a: Sandslash|Sandslash-Alola, F|100\/100\n|turn|20\n|\n|t:|1700108101\n|switch|p1a: Amonguss|Amoonguss, F|100\/100\n|move|p2a: Sandslash|Ice Spinner|p1a: Amonguss\n|-supereffective|p1a: Amonguss\n|-damage|p1a: Amonguss|21\/100\n|\n|-weather|Snow|[upkeep]\n|-heal|p1a: Amonguss|27\/100|[from] item: Leftovers\n|upkeep\n|turn|21\n|\n|t:|1700108112\n|move|p2a: Sandslash|Earthquake|p1a: Amonguss\n|-damage|p1a: Amonguss|0 fnt\n|faint|p1a: Amonguss\n|\n|-weather|Snow|[upkeep]\n|upkeep\n|\n|t:|1700108116\n|switch|p1a: Koaidon|Koraidon, tera:Fairy|100\/100\n|-weather|SunnyDay|[from] ability: Orichalcum Pulse|[of] p1a: Koaidon\n|-activate|p1a: Koaidon|Orichalcum Pulse|[source]\n|turn|22\n|\n|t:|1700108122\n|move|p1a: Koaidon|Collision Course|p2a: Sandslash\n|-supereffective|p2a: Sandslash\n|-enditem|p2a: Sandslash|Focus Sash\n|-damage|p2a: Sandslash|1\/100\n|move|p2a: Sandslash|Ice Spinner|p1a: Koaidon\n|-crit|p1a: Koaidon\n|-damage|p1a: Koaidon|56\/100\n|\n|-weather|SunnyDay|[upkeep]\n|upkeep\n|turn|23\n|\n|t:|1700108133\n|move|p2a: Sandslash|Ice Shard|p1a: Koaidon\n|-damage|p1a: Koaidon|42\/100\n|move|p1a: Koaidon|Iron Head|p2a: Sandslash\n|-damage|p2a: Sandslash|0 fnt\n|faint|p2a: Sandslash\n|\n|-weather|SunnyDay|[upkeep]\n|upkeep\n|\n|t:|1700108145\n|switch|p2a: Avalugg|Avalugg-Hisui, F, tera:Fighting|96\/100\n|turn|24\n|\n|t:|1700108155\n|move|p1a: Koaidon|Collision Course|p2a: Avalugg\n|-damage|p2a: Avalugg|67\/100\n|-damage|p1a: Koaidon|26\/100|[from] item: Rocky Helmet|[of] p2a: Avalugg\n|move|p2a: Avalugg|Recover|p2a: Avalugg\n|-heal|p2a: Avalugg|100\/100\n|\n|-weather|SunnyDay|[upkeep]\n|upkeep\n|turn|25\n|\n|t:|1700108165\n|switch|p1a: Pryroar|Pyroar, M|60\/100\n|move|p2a: Avalugg|Body Press|p1a: Pryroar\n|-supereffective|p1a: Pryroar\n|-damage|p1a: Pryroar|0 fnt\n|faint|p1a: Pryroar\n|\n|-weather|SunnyDay|[upkeep]\n|upkeep\n|\n|t:|1700108171\n|switch|p1a: Koaidon|Koraidon, tera:Fairy|26\/100\n|-activate|p1a: Koaidon|ability: Orichalcum Pulse\n|turn|26\n|\n|t:|1700108179\n|move|p1a: Koaidon|Iron Head|p2a: Avalugg\n|-damage|p2a: Avalugg|85\/100\n|-damage|p1a: Koaidon|9\/100|[from] item: Rocky Helmet|[of] p2a: Avalugg\n|cant|p2a: Avalugg|flinch\n|\n|-weather|none\n|upkeep\n|turn|27\n|\n|t:|1700108193\n|move|p1a: Koaidon|Collision Course|p2a: Avalugg\n|-damage|p2a: Avalugg|64\/100\n|-damage|p1a: Koaidon|0 fnt|[from] item: Rocky Helmet|[of] p2a: Avalugg\n|faint|p1a: Koaidon\n|\n|win|Rowan_Rocket\n|raw|de-keichw's rating: 1178 &rarr; <strong>1148<\/strong><br \/>(-30 for losing)\n|raw|Rowan_Rocket's rating: 1101 &rarr; <strong>1131<\/strong><br \/>(+30 for winning)\n|c|\u2606de-keichw|gg\n|l|\u2606de-keichw\n","uploadtime":1700108206,"views":20,"p1id":"dekeichw","p2id":"rowanrocket","formatid":"gen9anythinggoes","rating":1131,"private":0,"password":""}