{"id":"gen9anythinggoes-1984913378","p1":"gfdfdgsdsy","p2":"Justsaiyan44","format":"[Gen 9] Anything Goes","log":"|j|\u2606gfdfdgsdsy\n|j|\u2606Justsaiyan44\n|t:|1699310223\n|gametype|singles\n|player|p1|gfdfdgsdsy|2|1327\n|player|p2|Justsaiyan44|steven|1396\n|teamsize|p1|6\n|teamsize|p2|6\n|gen|9\n|tier|[Gen 9] Anything Goes\n|rated|\n|rule|HP Percentage Mod: HP is shown in percentages\n|rule|Endless Battle Clause: Forcing endless battles is banned\n|clearpoke\n|poke|p1|Ninetales-Alola, M|\n|poke|p1|Baxcalibur, M|\n|poke|p1|Hattrem, F|\n|poke|p1|Cetitan, F|\n|poke|p1|Slowking-Galar, M|\n|poke|p1|Dialga|\n|poke|p2|Espeon, M|\n|poke|p2|Veluza, M|\n|poke|p2|Orthworm, M|\n|poke|p2|Toedscruel, M|\n|poke|p2|Garganacl, M|\n|poke|p2|Pawmot, M|\n|teampreview\n|\n|t:|1699310240\n|start\n|switch|p1a: Slowking|Slowking-Galar, M|100\/100\n|switch|p2a: Espeon|Espeon, M|100\/100\n|turn|1\n|\n|t:|1699310250\n|move|p2a: Espeon|Psychic|p1a: Slowking\n|-damage|p1a: Slowking|72\/100\n|move|p1a: Slowking|Chilly Reception|p1a: Slowking\n|-weather|Snow\n|\n|t:|1699310255\n|switch|p1a: Ninetales|Ninetales-Alola, M|100\/100|[from] Chilly Reception\n|\n|-weather|Snow|[upkeep]\n|upkeep\n|turn|2\n|\n|t:|1699310259\n|move|p2a: Espeon|Yawn|p1a: Ninetales\n|-start|p1a: Ninetales|move: Yawn|[of] p2a: Espeon\n|move|p1a: Ninetales|Aurora Veil|p1a: Ninetales\n|-sidestart|p1: gfdfdgsdsy|move: Aurora Veil\n|\n|-weather|Snow|[upkeep]\n|upkeep\n|turn|3\n|\n|t:|1699310266\n|switch|p1a: Slowking|Slowking-Galar, M|100\/100\n|move|p2a: Espeon|Light Screen|p2a: Espeon\n|-sidestart|p2: Justsaiyan44|move: Light Screen\n|\n|-weather|Snow|[upkeep]\n|upkeep\n|turn|4\n|\n|t:|1699310271\n|switch|p1a: Hattrem|Hattrem, F|100\/100\n|move|p2a: Espeon|Reflect|p2a: Espeon\n|-sidestart|p2: Justsaiyan44|Reflect\n|\n|-weather|Snow|[upkeep]\n|upkeep\n|turn|5\n|\n|t:|1699310278\n|switch|p2a: Orthworm|Orthworm, M|100\/100\n|move|p1a: Hattrem|Nuzzle|p2a: Orthworm\n|-damage|p2a: Orthworm|99\/100\n|-status|p2a: Orthworm|par\n|\n|-weather|Snow|[upkeep]\n|upkeep\n|turn|6\n|\n|t:|1699310284\n|switch|p1a: Ninetales|Ninetales-Alola, M|100\/100\n|cant|p2a: Orthworm|par\n|\n|-weather|Snow|[upkeep]\n|upkeep\n|turn|7\n|\n|t:|1699310289\n|move|p2a: Orthworm|Shed Tail|p2a: Orthworm\n|-start|p2a: Orthworm|Substitute|[from] move: Shed Tail\n|-damage|p2a: Orthworm|50\/100 par\n|\n|t:|1699310297\n|switch|p2a: Garganacl|Garganacl, M|100\/100|[from] Shed Tail\n|move|p1a: Ninetales|Roar|p2a: Garganacl\n|drag|p2a: Espeon|Espeon, M|100\/100\n|\n|-weather|Snow|[upkeep]\n|upkeep\n|turn|8\n|\n|t:|1699310307\n|switch|p1a: Hattrem|Hattrem, F|100\/100\n|move|p2a: Espeon|Psychic|p1a: Hattrem\n|-resisted|p1a: Hattrem\n|-damage|p1a: Hattrem|88\/100\n|-enditem|p1a: Hattrem|Eject Button\n|\n|t:|1699310312\n|switch|p1a: Baxcalibur|Baxcalibur, M|100\/100\n|\n|-weather|none\n|upkeep\n|turn|9\n|\n|t:|1699310317\n|move|p2a: Espeon|Yawn|p1a: Baxcalibur\n|-start|p1a: Baxcalibur|move: Yawn|[of] p2a: Espeon\n|move|p1a: Baxcalibur|Icicle Spear|p2a: Espeon\n|-crit|p2a: Espeon\n|-damage|p2a: Espeon|66\/100\n|-damage|p2a: Espeon|55\/100\n|-damage|p2a: Espeon|43\/100\n|-damage|p2a: Espeon|32\/100\n|-damage|p2a: Espeon|21\/100\n|-hitcount|p2a: Espeon|5\n|\n|-sideend|p1: gfdfdgsdsy|move: Aurora Veil\n|upkeep\n|turn|10\n|\n|t:|1699310331\n|switch|p1a: Ninetales|Ninetales-Alola, M|100\/100\n|-weather|Snow|[from] ability: Snow Warning|[of] p1a: Ninetales\n|move|p2a: Espeon|Psychic|p1a: Ninetales\n|-damage|p1a: Ninetales|64\/100\n|\n|-weather|Snow|[upkeep]\n|-sideend|p2: Justsaiyan44|move: Light Screen\n|upkeep\n|turn|11\n|\n|t:|1699310340\n|move|p2a: Espeon|Light Screen|p2a: Espeon\n|-sidestart|p2: Justsaiyan44|move: Light Screen\n|move|p1a: Ninetales|Freeze-Dry|p2a: Espeon\n|-damage|p2a: Espeon|10\/100\n|-status|p2a: Espeon|frz\n|\n|-weather|Snow|[upkeep]\n|-sideend|p2: Justsaiyan44|Reflect\n|upkeep\n|turn|12\n|\n|t:|1699310348\n|-curestatus|p2a: Espeon|frz|[msg]\n|move|p2a: Espeon|Reflect|p2a: Espeon\n|-sidestart|p2: Justsaiyan44|Reflect\n|move|p1a: Ninetales|Aurora Veil|p1a: Ninetales\n|-sidestart|p1: gfdfdgsdsy|move: Aurora Veil\n|\n|-weather|Snow|[upkeep]\n|upkeep\n|turn|13\n|\n|t:|1699310352\n|switch|p1a: Hattrem|Hattrem, F|88\/100\n|move|p2a: Espeon|Yawn|p1a: Hattrem\n|move|p1a: Hattrem|Yawn|p2a: Espeon|[from]ability: Magic Bounce\n|-start|p2a: Espeon|move: Yawn|[of] p1a: Hattrem\n|\n|-weather|Snow|[upkeep]\n|upkeep\n|turn|14\n|\n|t:|1699310362\n|switch|p2a: Orthworm|Orthworm, M|50\/100 par\n|move|p1a: Hattrem|Nuzzle|p2a: Orthworm\n|-damage|p2a: Orthworm|49\/100 par\n|\n|-weather|none\n|upkeep\n|turn|15\n|\n|t:|1699310368\n|switch|p1a: Slowking|Slowking-Galar, M|100\/100\n|move|p2a: Orthworm|Rest|p2a: Orthworm\n|-status|p2a: Orthworm|slp|[from] move: Rest\n|-heal|p2a: Orthworm|100\/100 slp|[silent]\n|-enditem|p2a: Orthworm|Chesto Berry|[eat]\n|-curestatus|p2a: Orthworm|slp|[msg]\n|\n|upkeep\n|turn|16\n|\n|t:|1699310376\n|move|p2a: Orthworm|Shed Tail|p2a: Orthworm\n|-start|p2a: Orthworm|Substitute|[from] move: Shed Tail\n|-damage|p2a: Orthworm|50\/100\n|\n|t:|1699310384\n|switch|p2a: Garganacl|Garganacl, M|100\/100|[from] Shed Tail\n|move|p1a: Slowking|Chilly Reception|p1a: Slowking\n|-weather|Snow\n|\n|t:|1699310389\n|switch|p1a: Ninetales|Ninetales-Alola, M|64\/100|[from] Chilly Reception\n|\n|-weather|Snow|[upkeep]\n|upkeep\n|turn|17\n|\n|t:|1699310393\n|move|p2a: Garganacl|Salt Cure|p1a: Ninetales\n|-supereffective|p1a: Ninetales\n|-damage|p1a: Ninetales|51\/100\n|-start|p1a: Ninetales|Salt Cure\n|move|p1a: Ninetales|Roar|p2a: Garganacl\n|drag|p2a: Espeon|Espeon, M|10\/100\n|\n|-weather|Snow|[upkeep]\n|-damage|p1a: Ninetales|39\/100|[from] Salt Cure\n|upkeep\n|turn|18\n|\n|t:|1699310408\n|switch|p1a: Cetitan|Cetitan, F|100\/100\n|move|p2a: Espeon|Psychic|p1a: Cetitan\n|-damage|p1a: Cetitan|79\/100\n|\n|-weather|Snow|[upkeep]\n|-sideend|p2: Justsaiyan44|move: Light Screen\n|upkeep\n|turn|19\n|\n|t:|1699310414\n|move|p1a: Cetitan|Belly Drum|p1a: Cetitan\n|-damage|p1a: Cetitan|29\/100\n|-setboost|p1a: Cetitan|atk|6|[from] move: Belly Drum\n|-enditem|p1a: Cetitan|Sitrus Berry|[eat]\n|-heal|p1a: Cetitan|54\/100|[from] item: Sitrus Berry\n|move|p2a: Espeon|Psychic|p1a: Cetitan\n|-damage|p1a: Cetitan|33\/100\n|-unboost|p1a: Cetitan|spd|1\n|\n|-weather|Snow|[upkeep]\n|-sideend|p2: Justsaiyan44|Reflect\n|-sideend|p1: gfdfdgsdsy|move: Aurora Veil\n|upkeep\n|turn|20\n|\n|t:|1699310425\n|move|p1a: Cetitan|Ice Shard|p2a: Espeon\n|-damage|p2a: Espeon|0 fnt\n|faint|p2a: Espeon\n|\n|-weather|Snow|[upkeep]\n|upkeep\n|\n|t:|1699310430\n|switch|p2a: Pawmot|Pawmot, M|100\/100\n|turn|21\n|\n|t:|1699310433\n|-terastallize|p1a: Cetitan|Ice\n|move|p1a: Cetitan|Ice Shard|p2a: Pawmot\n|-damage|p2a: Pawmot|0 fnt\n|faint|p2a: Pawmot\n|\n|-weather|Snow|[upkeep]\n|upkeep\n|\n|t:|1699310451\n|switch|p2a: Orthworm|Orthworm, M|50\/100\n|turn|22\n|\n|t:|1699310454\n|move|p1a: Cetitan|Ice Spinner|p2a: Orthworm\n|-resisted|p2a: Orthworm\n|-damage|p2a: Orthworm|0 fnt\n|faint|p2a: Orthworm\n|\n|-weather|Snow|[upkeep]\n|upkeep\n|\n|t:|1699310461\n|switch|p2a: Garganacl|Garganacl, M|100\/100\n|turn|23\n|\n|t:|1699310464\n|move|p1a: Cetitan|Earthquake|p2a: Garganacl\n|-supereffective|p2a: Garganacl\n|-damage|p2a: Garganacl|0 fnt\n|faint|p2a: Garganacl\n|\n|-weather|none\n|upkeep\n|\n|t:|1699310472\n|switch|p2a: Veluza|Veluza, M|100\/100\n|turn|24\n|\n|t:|1699310474\n|move|p1a: Cetitan|Earthquake|p2a: Veluza\n|-damage|p2a: Veluza|0 fnt\n|faint|p2a: Veluza\n|\n|upkeep\n|c|\u2606Justsaiyan44|gg\n|\n|t:|1699310480\n|switch|p2a: Toedscruel|Toedscruel, M|100\/100\n|turn|25\n|\n|t:|1699310483\n|move|p1a: Cetitan|Ice Shard|p2a: Toedscruel\n|-supereffective|p2a: Toedscruel\n|-damage|p2a: Toedscruel|0 fnt\n|faint|p2a: Toedscruel\n|\n|win|gfdfdgsdsy\n|raw|gfdfdgsdsy's rating: 1327 &rarr; <strong>1351<\/strong><br \/>(+24 for winning)\n|raw|Justsaiyan44's rating: 1396 &rarr; <strong>1372<\/strong><br \/>(-24 for losing)\n","uploadtime":1699310488,"views":4,"p1id":"gfdfdgsdsy","p2id":"justsaiyan44","formatid":"gen9anythinggoes","rating":1351,"private":0,"password":""}