{"id":"gen9anythinggoes-1997790143","p1":"Rowan_Rocket","p2":"Mike79","format":"[Gen 9] Anything Goes","log":"|j|\u2606Rowan_Rocket\n|j|\u2606Mike79\n|t:|1700852958\n|gametype|singles\n|player|p1|Rowan_Rocket|rocketgruntf|1114\n|player|p2|Mike79|102|1088\n|teamsize|p1|6\n|teamsize|p2|6\n|gen|9\n|tier|[Gen 9] Anything Goes\n|rated|\n|rule|HP Percentage Mod: HP is shown in percentages\n|rule|Endless Battle Clause: Forcing endless battles is banned\n|clearpoke\n|poke|p1|Ninetales-Alola, F|\n|poke|p1|Cetitan, F|\n|poke|p1|Avalugg-Hisui, F|\n|poke|p1|Eiscue, M|\n|poke|p1|Sandslash-Alola, F|\n|poke|p1|Frosmoth, F|\n|poke|p2|Tyranitar, M|\n|poke|p2|Quagsire, F|\n|poke|p2|Lucario, F|\n|poke|p2|Jolteon, M|\n|poke|p2|Dragonite, F|\n|poke|p2|Gengar, F|\n|teampreview\n|\n|t:|1700852973\n|start\n|switch|p1a: Ninetales|Ninetales-Alola, F|100\/100\n|switch|p2a: Lucario|Lucario, F|100\/100\n|-weather|Snow|[from] ability: Snow Warning|[of] p1a: Ninetales\n|turn|1\n|\n|t:|1700852981\n|switch|p1a: Sandslash|Sandslash-Alola, F|100\/100\n|-terastallize|p2a: Lucario|Steel\n|move|p2a: Lucario|Bullet Punch|p1a: Sandslash\n|-damage|p1a: Sandslash|86\/100\n|\n|-weather|Snow|[upkeep]\n|upkeep\n|turn|2\n|\n|t:|1700852991\n|move|p1a: Sandslash|Earthquake|p2a: Lucario\n|-supereffective|p2a: Lucario\n|-damage|p2a: Lucario|20\/100\n|move|p2a: Lucario|Drain Punch|p1a: Sandslash\n|-supereffective|p1a: Sandslash\n|-damage|p1a: Sandslash|0 fnt\n|-heal|p2a: Lucario|61\/100|[from] drain|[of] p1a: Sandslash\n|faint|p1a: Sandslash\n|\n|-weather|Snow|[upkeep]\n|upkeep\n|\n|t:|1700853011\n|switch|p1a: Avalugg|Avalugg-Hisui, F|100\/100\n|turn|3\n|\n|t:|1700853021\n|-terastallize|p1a: Avalugg|Fighting\n|move|p2a: Lucario|Bullet Punch|p1a: Avalugg\n|-damage|p1a: Avalugg|91\/100\n|-damage|p2a: Lucario|44\/100|[from] item: Rocky Helmet|[of] p1a: Avalugg\n|move|p1a: Avalugg|Iron Defense|p1a: Avalugg\n|-boost|p1a: Avalugg|def|2\n|\n|-weather|Snow|[upkeep]\n|upkeep\n|turn|4\n|\n|t:|1700853029\n|switch|p2a: Gengar|Gengar, F|100\/100\n|move|p1a: Avalugg|Body Press|p2a: Gengar\n|-immune|p2a: Gengar\n|\n|-weather|Snow|[upkeep]\n|upkeep\n|turn|5\n|\n|t:|1700853037\n|switch|p1a: Frosmoth|Frosmoth, F|100\/100\n|move|p2a: Gengar|Psychic|p1a: Frosmoth\n|-damage|p1a: Frosmoth|81\/100\n|\n|-weather|Snow|[upkeep]\n|upkeep\n|turn|6\n|\n|t:|1700853044\n|switch|p2a: Tyranitar|Tyranitar, M|100\/100\n|-weather|Sandstorm|[from] ability: Sand Stream|[of] p2a: Tyranitar\n|move|p1a: Frosmoth|Quiver Dance|p1a: Frosmoth\n|-boost|p1a: Frosmoth|spa|1\n|-boost|p1a: Frosmoth|spd|1\n|-boost|p1a: Frosmoth|spe|1\n|\n|-weather|Sandstorm|[upkeep]\n|-damage|p1a: Frosmoth|75\/100|[from] Sandstorm\n|upkeep\n|turn|7\n|\n|t:|1700853054\n|switch|p1a: Ninetales|Ninetales-Alola, F|100\/100\n|-weather|Snow|[from] ability: Snow Warning|[of] p1a: Ninetales\n|move|p2a: Tyranitar|Fire Punch|p1a: Ninetales\n|-supereffective|p1a: Ninetales\n|-damage|p1a: Ninetales|48\/100\n|-status|p1a: Ninetales|brn\n|\n|-weather|Snow|[upkeep]\n|-damage|p1a: Ninetales|42\/100 brn|[from] brn\n|upkeep\n|turn|8\n|\n|t:|1700853068\n|move|p1a: Ninetales|Aurora Veil|p1a: Ninetales\n|-sidestart|p1: Rowan_Rocket|move: Aurora Veil\n|move|p2a: Tyranitar|Fire Punch|p1a: Ninetales\n|-supereffective|p1a: Ninetales\n|-damage|p1a: Ninetales|19\/100 brn\n|\n|-weather|Snow|[upkeep]\n|-damage|p1a: Ninetales|13\/100 brn|[from] brn\n|upkeep\n|turn|9\n|\n|t:|1700853076\n|switch|p1a: Avalugg|Avalugg-Hisui, F, tera:Fighting|91\/100\n|move|p2a: Tyranitar|Fire Punch|p1a: Avalugg\n|-damage|p1a: Avalugg|86\/100\n|-damage|p2a: Tyranitar|84\/100|[from] item: Rocky Helmet|[of] p1a: Avalugg\n|\n|-weather|Snow|[upkeep]\n|-heal|p2a: Tyranitar|90\/100|[from] item: Leftovers\n|upkeep\n|turn|10\n|\n|t:|1700853089\n|switch|p2a: Gengar|Gengar, F|100\/100\n|move|p1a: Avalugg|Recover|p1a: Avalugg\n|-heal|p1a: Avalugg|100\/100\n|\n|-weather|Snow|[upkeep]\n|upkeep\n|turn|11\n|\n|t:|1700853100\n|switch|p1a: Cetitan|Cetitan, F|100\/100\n|move|p2a: Gengar|Psychic|p1a: Cetitan\n|-damage|p1a: Cetitan|93\/100\n|\n|-weather|Snow|[upkeep]\n|upkeep\n|turn|12\n|\n|t:|1700853116\n|switch|p2a: Quagsire|Quagsire, F|100\/100\n|move|p1a: Cetitan|Knock Off|p2a: Quagsire\n|-damage|p2a: Quagsire|70\/100\n|-damage|p1a: Cetitan|77\/100|[from] item: Rocky Helmet|[of] p2a: Quagsire\n|-enditem|p2a: Quagsire|Rocky Helmet|[from] move: Knock Off|[of] p1a: Cetitan\n|\n|-weather|Snow|[upkeep]\n|-sideend|p1: Rowan_Rocket|move: Aurora Veil\n|upkeep\n|turn|13\n|\n|t:|1700853124\n|switch|p1a: Frosmoth|Frosmoth, F|75\/100\n|move|p2a: Quagsire|Acid Spray|p1a: Frosmoth\n|-damage|p1a: Frosmoth|70\/100\n|-unboost|p1a: Frosmoth|spd|2\n|\n|-weather|Snow|[upkeep]\n|upkeep\n|turn|14\n|\n|t:|1700853132\n|move|p1a: Frosmoth|Giga Drain|p2a: Quagsire\n|-supereffective|p2a: Quagsire\n|-damage|p2a: Quagsire|0 fnt\n|-heal|p1a: Frosmoth|100\/100|[from] drain|[of] p2a: Quagsire\n|faint|p2a: Quagsire\n|\n|-weather|none\n|upkeep\n|\n|t:|1700853139\n|switch|p2a: Tyranitar|Tyranitar, M|90\/100\n|-weather|Sandstorm|[from] ability: Sand Stream|[of] p2a: Tyranitar\n|turn|15\n|\n|t:|1700853144\n|switch|p1a: Ninetales|Ninetales-Alola, F|13\/100 brn\n|-weather|Snow|[from] ability: Snow Warning|[of] p1a: Ninetales\n|move|p2a: Tyranitar|Fire Punch|p1a: Ninetales\n|-supereffective|p1a: Ninetales\n|-damage|p1a: Ninetales|0 fnt\n|faint|p1a: Ninetales\n|\n|-weather|Snow|[upkeep]\n|-heal|p2a: Tyranitar|96\/100|[from] item: Leftovers\n|upkeep\n|\n|t:|1700853150\n|switch|p1a: Eiscue|Eiscue, M|100\/100\n|turn|16\n|\n|t:|1700853159\n|move|p1a: Eiscue|Belly Drum|p1a: Eiscue\n|-damage|p1a: Eiscue|51\/100\n|-setboost|p1a: Eiscue|atk|6|[from] move: Belly Drum\n|move|p2a: Tyranitar|Fire Punch|p1a: Eiscue\n|-activate|p1a: Eiscue|ability: Ice Face\n|-damage|p1a: Eiscue|51\/100\n|-status|p1a: Eiscue|brn\n|detailschange|p1a: Eiscue|Eiscue-Noice, M\n|\n|-weather|Snow|[upkeep]\n|-heal|p2a: Tyranitar|100\/100|[from] item: Leftovers\n|-damage|p1a: Eiscue|44\/100 brn|[from] brn\n|upkeep\n|turn|17\n|\n|t:|1700853175\n|switch|p2a: Jolteon|Jolteon, M|100\/100\n|-item|p2a: Jolteon|Air Balloon\n|move|p1a: Eiscue|Icicle Spear|p2a: Jolteon\n|-damage|p2a: Jolteon|75\/100\n|-enditem|p2a: Jolteon|Air Balloon\n|-damage|p2a: Jolteon|49\/100\n|-damage|p2a: Jolteon|23\/100\n|-damage|p2a: Jolteon|0 fnt\n|faint|p2a: Jolteon\n|-hitcount|p2: Jolteon|4\n|\n|-weather|Snow|[upkeep]\n|-damage|p1a: Eiscue|38\/100 brn|[from] brn\n|upkeep\n|\n|t:|1700853188\n|switch|p2a: Lucario|Lucario, F, tera:Steel|44\/100\n|turn|18\n|\n|t:|1700853193\n|switch|p1a: Avalugg|Avalugg-Hisui, F, tera:Fighting|100\/100\n|move|p2a: Lucario|Bullet Punch|p1a: Avalugg\n|-damage|p1a: Avalugg|92\/100\n|-damage|p2a: Lucario|28\/100|[from] item: Rocky Helmet|[of] p1a: Avalugg\n|\n|-weather|Snow|[upkeep]\n|upkeep\n|turn|19\n|\n|t:|1700853211\n|switch|p2a: Dragonite|Dragonite, F|100\/100\n|move|p1a: Avalugg|Recover|p1a: Avalugg\n|-heal|p1a: Avalugg|100\/100\n|\n|-weather|Snow|[upkeep]\n|upkeep\n|turn|20\n|\n|t:|1700853218\n|move|p2a: Dragonite|Earthquake|p1a: Avalugg\n|-damage|p1a: Avalugg|88\/100\n|move|p1a: Avalugg|Iron Defense|p1a: Avalugg\n|-boost|p1a: Avalugg|def|2\n|\n|-weather|Snow|[upkeep]\n|upkeep\n|turn|21\n|\n|t:|1700853226\n|switch|p2a: Gengar|Gengar, F|100\/100\n|move|p1a: Avalugg|Body Press|p2a: Gengar\n|-immune|p2a: Gengar\n|\n|-weather|Snow|[upkeep]\n|upkeep\n|turn|22\n|\n|t:|1700853234\n|switch|p1a: Cetitan|Cetitan, F|77\/100\n|move|p2a: Gengar|Psychic|p1a: Cetitan\n|-damage|p1a: Cetitan|60\/100\n|\n|-weather|none\n|upkeep\n|turn|23\n|\n|t:|1700853244\n|switch|p2a: Tyranitar|Tyranitar, M|100\/100\n|-weather|Sandstorm|[from] ability: Sand Stream|[of] p2a: Tyranitar\n|move|p1a: Cetitan|Knock Off|p2a: Tyranitar\n|-resisted|p2a: Tyranitar\n|-damage|p2a: Tyranitar|91\/100\n|-enditem|p2a: Tyranitar|Leftovers|[from] move: Knock Off|[of] p1a: Cetitan\n|\n|-weather|Sandstorm|[upkeep]\n|-damage|p1a: Cetitan|54\/100|[from] Sandstorm\n|upkeep\n|turn|24\n|\n|t:|1700853258\n|switch|p1a: Avalugg|Avalugg-Hisui, F, tera:Fighting|88\/100\n|move|p2a: Tyranitar|Aerial Ace|p1a: Avalugg\n|-supereffective|p1a: Avalugg\n|-damage|p1a: Avalugg|70\/100\n|-damage|p2a: Tyranitar|75\/100|[from] item: Rocky Helmet|[of] p1a: Avalugg\n|\n|-weather|Sandstorm|[upkeep]\n|-damage|p1a: Avalugg|64\/100|[from] Sandstorm\n|upkeep\n|turn|25\n|\n|t:|1700853270\n|switch|p2a: Dragonite|Dragonite, F|100\/100\n|move|p1a: Avalugg|Recover|p1a: Avalugg\n|-heal|p1a: Avalugg|100\/100\n|\n|-weather|Sandstorm|[upkeep]\n|-damage|p2a: Dragonite|94\/100|[from] Sandstorm\n|-damage|p1a: Avalugg|94\/100|[from] Sandstorm\n|upkeep\n|turn|26\n|\n|t:|1700853283\n|move|p2a: Dragonite|Fire Punch|p1a: Avalugg\n|-damage|p1a: Avalugg|84\/100\n|-damage|p2a: Dragonite|78\/100|[from] item: Rocky Helmet|[of] p1a: Avalugg\n|cant|p1a: Avalugg|flinch\n|\n|-weather|Sandstorm|[upkeep]\n|-damage|p2a: Dragonite|72\/100|[from] Sandstorm\n|-damage|p1a: Avalugg|78\/100|[from] Sandstorm\n|upkeep\n|turn|27\n|\n|t:|1700853291\n|move|p2a: Dragonite|Fire Punch|p1a: Avalugg\n|-damage|p1a: Avalugg|68\/100\n|-damage|p2a: Dragonite|55\/100|[from] item: Rocky Helmet|[of] p1a: Avalugg\n|move|p1a: Avalugg|Iron Defense|p1a: Avalugg\n|-boost|p1a: Avalugg|def|2\n|\n|-weather|none\n|upkeep\n|turn|28\n|\n|t:|1700853299\n|switch|p2a: Gengar|Gengar, F|100\/100\n|move|p1a: Avalugg|Recover|p1a: Avalugg\n|-heal|p1a: Avalugg|100\/100\n|\n|upkeep\n|turn|29\n|\n|t:|1700853309\n|switch|p1a: Cetitan|Cetitan, F|54\/100\n|move|p2a: Gengar|Psychic|p1a: Cetitan\n|-damage|p1a: Cetitan|40\/100\n|\n|upkeep\n|turn|30\n|\n|t:|1700853316\n|switch|p2a: Tyranitar|Tyranitar, M|75\/100\n|-weather|Sandstorm|[from] ability: Sand Stream|[of] p2a: Tyranitar\n|move|p1a: Cetitan|Earthquake|p2a: Tyranitar\n|-supereffective|p2a: Tyranitar\n|-damage|p2a: Tyranitar|33\/100\n|\n|-weather|Sandstorm|[upkeep]\n|-damage|p1a: Cetitan|34\/100|[from] Sandstorm\n|upkeep\n|turn|31\n|\n|t:|1700853330\n|switch|p2a: Dragonite|Dragonite, F|55\/100\n|move|p1a: Cetitan|Earthquake|p2a: Dragonite\n|-immune|p2a: Dragonite\n|\n|-weather|Sandstorm|[upkeep]\n|-damage|p2a: Dragonite|49\/100|[from] Sandstorm\n|-damage|p1a: Cetitan|28\/100|[from] Sandstorm\n|upkeep\n|turn|32\n|\n|t:|1700853337\n|move|p2a: Dragonite|Extreme Speed|p1a: Cetitan\n|-damage|p1a: Cetitan|4\/100\n|move|p1a: Cetitan|Ice Shard|p2a: Dragonite\n|-supereffective|p2a: Dragonite\n|-damage|p2a: Dragonite|0 fnt\n|faint|p2a: Dragonite\n|\n|-weather|Sandstorm|[upkeep]\n|-damage|p1a: Cetitan|0 fnt|[from] Sandstorm\n|faint|p1a: Cetitan\n|upkeep\n|\n|t:|1700853351\n|switch|p2a: Gengar|Gengar, F|100\/100\n|switch|p1a: Eiscue|Eiscue-Noice, M|38\/100 brn\n|turn|33\n|\n|t:|1700853359\n|move|p1a: Eiscue|Icicle Spear|p2a: Gengar\n|-damage|p2a: Gengar|93\/100\n|-damage|p2a: Gengar|87\/100\n|-damage|p2a: Gengar|80\/100\n|-start|p1a: Eiscue|Disable|Icicle Spear|[from] ability: Cursed Body|[of] p2a: Gengar\n|-damage|p2a: Gengar|74\/100\n|-damage|p2a: Gengar|66\/100\n|-hitcount|p2a: Gengar|5\n|move|p2a: Gengar|Psychic|p1a: Eiscue\n|-crit|p1a: Eiscue\n|-damage|p1a: Eiscue|0 fnt\n|faint|p1a: Eiscue\n|\n|-weather|Sandstorm|[upkeep]\n|-damage|p2a: Gengar|60\/100|[from] Sandstorm\n|-heal|p2a: Gengar|66\/100|[from] item: Black Sludge\n|upkeep\n|\n|t:|1700853362\n|switch|p1a: Frosmoth|Frosmoth, F|100\/100\n|turn|34\n|\n|t:|1700853378\n|switch|p2a: Lucario|Lucario, F, tera:Steel|28\/100\n|move|p1a: Frosmoth|Bug Buzz|p2a: Lucario\n|-resisted|p2a: Lucario\n|-damage|p2a: Lucario|0 fnt\n|faint|p2a: Lucario\n|\n|-weather|none\n|upkeep\n|\n|t:|1700853384\n|switch|p2a: Tyranitar|Tyranitar, M|33\/100\n|-weather|Sandstorm|[from] ability: Sand Stream|[of] p2a: Tyranitar\n|turn|35\n|\n|t:|1700853390\n|switch|p1a: Avalugg|Avalugg-Hisui, F, tera:Fighting|100\/100\n|move|p2a: Tyranitar|Fire Punch|p1a: Avalugg\n|-damage|p1a: Avalugg|90\/100\n|-damage|p2a: Tyranitar|17\/100|[from] item: Rocky Helmet|[of] p1a: Avalugg\n|\n|-weather|Sandstorm|[upkeep]\n|-damage|p1a: Avalugg|84\/100|[from] Sandstorm\n|upkeep\n|turn|36\n|\n|t:|1700853399\n|switch|p2a: Gengar|Gengar, F|66\/100\n|move|p1a: Avalugg|Body Press|p2a: Gengar\n|-immune|p2a: Gengar\n|\n|-weather|Sandstorm|[upkeep]\n|-damage|p2a: Gengar|60\/100|[from] Sandstorm\n|-damage|p1a: Avalugg|78\/100|[from] Sandstorm\n|-heal|p2a: Gengar|66\/100|[from] item: Black Sludge\n|upkeep\n|turn|37\n|\n|t:|1700853407\n|switch|p1a: Frosmoth|Frosmoth, F|100\/100\n|move|p2a: Gengar|Psychic|p1a: Frosmoth\n|-damage|p1a: Frosmoth|80\/100\n|\n|-weather|Sandstorm|[upkeep]\n|-damage|p2a: Gengar|60\/100|[from] Sandstorm\n|-damage|p1a: Frosmoth|74\/100|[from] Sandstorm\n|-heal|p2a: Gengar|66\/100|[from] item: Black Sludge\n|upkeep\n|turn|38\n|\n|t:|1700853417\n|move|p2a: Gengar|Psychic|p1a: Frosmoth\n|-damage|p1a: Frosmoth|55\/100\n|move|p1a: Frosmoth|Quiver Dance|p1a: Frosmoth\n|-boost|p1a: Frosmoth|spa|1\n|-boost|p1a: Frosmoth|spd|1\n|-boost|p1a: Frosmoth|spe|1\n|\n|-weather|Sandstorm|[upkeep]\n|-damage|p1a: Frosmoth|49\/100|[from] Sandstorm\n|-damage|p2a: Gengar|60\/100|[from] Sandstorm\n|-heal|p2a: Gengar|66\/100|[from] item: Black Sludge\n|upkeep\n|turn|39\n|\n|t:|1700853427\n|switch|p2a: Tyranitar|Tyranitar, M|17\/100\n|move|p1a: Frosmoth|Quiver Dance|p1a: Frosmoth\n|-boost|p1a: Frosmoth|spa|1\n|-boost|p1a: Frosmoth|spd|1\n|-boost|p1a: Frosmoth|spe|1\n|\n|-weather|none\n|upkeep\n|turn|40\n|\n|t:|1700853439\n|move|p1a: Frosmoth|Giga Drain|p2a: Tyranitar\n|-supereffective|p2a: Tyranitar\n|-damage|p2a: Tyranitar|0 fnt\n|-heal|p1a: Frosmoth|61\/100|[from] drain|[of] p2a: Tyranitar\n|faint|p2a: Tyranitar\n|\n|upkeep\n|\n|t:|1700853447\n|switch|p2a: Gengar|Gengar, F|66\/100\n|turn|41\n|\n|t:|1700853452\n|move|p1a: Frosmoth|Giga Drain|p2a: Gengar\n|-resisted|p2a: Gengar\n|-damage|p2a: Gengar|32\/100\n|-heal|p1a: Frosmoth|78\/100|[from] drain|[of] p2a: Gengar\n|move|p2a: Gengar|Psychic|p1a: Frosmoth\n|-damage|p1a: Frosmoth|68\/100\n|\n|-heal|p2a: Gengar|38\/100|[from] item: Black Sludge\n|upkeep\n|turn|42\n|\n|t:|1700853460\n|move|p1a: Frosmoth|Giga Drain|p2a: Gengar\n|-resisted|p2a: Gengar\n|-damage|p2a: Gengar|6\/100\n|-heal|p1a: Frosmoth|84\/100|[from] drain|[of] p2a: Gengar\n|move|p2a: Gengar|Night Shade|p1a: Frosmoth\n|-damage|p1a: Frosmoth|48\/100\n|\n|-heal|p2a: Gengar|12\/100|[from] item: Black Sludge\n|upkeep\n|turn|43\n|\n|t:|1700853469\n|move|p1a: Frosmoth|Giga Drain|p2a: Gengar\n|-resisted|p2a: Gengar\n|-damage|p2a: Gengar|0 fnt\n|-heal|p1a: Frosmoth|54\/100|[from] drain|[of] p2a: Gengar\n|faint|p2a: Gengar\n|\n|win|Rowan_Rocket\n|raw|Rowan_Rocket's rating: 1114 &rarr; <strong>1137<\/strong><br \/>(+23 for winning)\n|raw|Mike79's rating: 1088 &rarr; <strong>1067<\/strong><br \/>(-21 for losing)\n|c|\u2606Mike79|gg\n","uploadtime":1700853480,"views":0,"p1id":"rowanrocket","p2id":"mike79","formatid":"gen9anythinggoes","rating":1067,"private":0,"password":""}