{"id":"gen9anythinggoes-1976443003","p1":"kokman11","p2":"zhuhong","format":"[Gen 9] Anything Goes","log":"|j|\u2606kokman11\n|j|\u2606zhuhong\n|t:|1698304218\n|gametype|singles\n|player|p1|kokman11|170|1090\n|player|p2|zhuhong|pokemaniac|1182\n|teamsize|p1|6\n|teamsize|p2|6\n|gen|9\n|tier|[Gen 9] Anything Goes\n|rated|\n|rule|HP Percentage Mod: HP is shown in percentages\n|rule|Endless Battle Clause: Forcing endless battles is banned\n|clearpoke\n|poke|p1|Regieleki|\n|poke|p1|Altaria, M|\n|poke|p1|Maushold|\n|poke|p1|Torterra, M|\n|poke|p1|Milotic, F|\n|poke|p1|Staraptor, M|\n|poke|p2|Eternatus|\n|poke|p2|Eternatus|\n|poke|p2|Eternatus|\n|poke|p2|Eternatus|\n|poke|p2|Eternatus|\n|poke|p2|Eternatus|\n|teampreview\n|c|\u2606kokman11|uhhh\n|inactive|Battle timer is ON: inactive players will automatically lose when time's up. (requested by zhuhong)\n|\n|t:|1698304246\n|start\n|switch|p1a: Milotic|Milotic, F|100\/100\n|switch|p2a: \u5f00\u5c40\u5c31\u653e\u6211|Eternatus|100\/100\n|-ability|p2a: \u5f00\u5c40\u5c31\u653e\u6211|Pressure\n|turn|1\n|\n|t:|1698304255\n|move|p2a: \u5f00\u5c40\u5c31\u653e\u6211|Cosmic Power|p2a: \u5f00\u5c40\u5c31\u653e\u6211\n|-boost|p2a: \u5f00\u5c40\u5c31\u653e\u6211|def|1\n|-boost|p2a: \u5f00\u5c40\u5c31\u653e\u6211|spd|1\n|move|p1a: Milotic|Scald|p2a: \u5f00\u5c40\u5c31\u653e\u6211\n|-resisted|p2a: \u5f00\u5c40\u5c31\u653e\u6211\n|-damage|p2a: \u5f00\u5c40\u5c31\u653e\u6211|92\/100\n|-status|p2a: \u5f00\u5c40\u5c31\u653e\u6211|brn\n|\n|-heal|p2a: \u5f00\u5c40\u5c31\u653e\u6211|99\/100 brn|[from] item: Leftovers\n|-damage|p2a: \u5f00\u5c40\u5c31\u653e\u6211|92\/100 brn|[from] brn\n|upkeep\n|turn|2\n|\n|t:|1698304273\n|move|p2a: \u5f00\u5c40\u5c31\u653e\u6211|Substitute|p2a: \u5f00\u5c40\u5c31\u653e\u6211\n|-start|p2a: \u5f00\u5c40\u5c31\u653e\u6211|Substitute\n|-damage|p2a: \u5f00\u5c40\u5c31\u653e\u6211|68\/100 brn\n|move|p1a: Milotic|Haze|p1a: Milotic\n|-clearallboost\n|\n|-heal|p2a: \u5f00\u5c40\u5c31\u653e\u6211|74\/100 brn|[from] item: Leftovers\n|-damage|p2a: \u5f00\u5c40\u5c31\u653e\u6211|68\/100 brn|[from] brn\n|upkeep\n|turn|3\n|\n|t:|1698304290\n|move|p2a: \u5f00\u5c40\u5c31\u653e\u6211|Toxic Spikes|p1a: Milotic\n|-sidestart|p1: kokman11|move: Toxic Spikes\n|move|p1a: Milotic|Draining Kiss|p2a: \u5f00\u5c40\u5c31\u653e\u6211\n|-crit|p2a: \u5f00\u5c40\u5c31\u653e\u6211\n|-activate|p2a: \u5f00\u5c40\u5c31\u653e\u6211|move: Substitute|[damage]\n|\n|-heal|p2a: \u5f00\u5c40\u5c31\u653e\u6211|74\/100 brn|[from] item: Leftovers\n|-damage|p2a: \u5f00\u5c40\u5c31\u653e\u6211|68\/100 brn|[from] brn\n|upkeep\n|turn|4\n|\n|t:|1698304299\n|move|p2a: \u5f00\u5c40\u5c31\u653e\u6211|Cosmic Power|p2a: \u5f00\u5c40\u5c31\u653e\u6211\n|-boost|p2a: \u5f00\u5c40\u5c31\u653e\u6211|def|1\n|-boost|p2a: \u5f00\u5c40\u5c31\u653e\u6211|spd|1\n|move|p1a: Milotic|Draining Kiss|p2a: \u5f00\u5c40\u5c31\u653e\u6211\n|-crit|p2a: \u5f00\u5c40\u5c31\u653e\u6211\n|-end|p2a: \u5f00\u5c40\u5c31\u653e\u6211|Substitute\n|\n|-heal|p2a: \u5f00\u5c40\u5c31\u653e\u6211|74\/100 brn|[from] item: Leftovers\n|-damage|p2a: \u5f00\u5c40\u5c31\u653e\u6211|68\/100 brn|[from] brn\n|upkeep\n|turn|5\n|\n|t:|1698304312\n|move|p2a: \u5f00\u5c40\u5c31\u653e\u6211|Protect|p2a: \u5f00\u5c40\u5c31\u653e\u6211\n|-singleturn|p2a: \u5f00\u5c40\u5c31\u653e\u6211|Protect\n|move|p1a: Milotic|Haze|p1a: Milotic\n|-clearallboost\n|\n|-heal|p2a: \u5f00\u5c40\u5c31\u653e\u6211|74\/100 brn|[from] item: Leftovers\n|-damage|p2a: \u5f00\u5c40\u5c31\u653e\u6211|68\/100 brn|[from] brn\n|upkeep\n|turn|6\n|\n|t:|1698304323\n|move|p2a: \u5f00\u5c40\u5c31\u653e\u6211|Toxic Spikes|p1a: Milotic\n|-sidestart|p1: kokman11|move: Toxic Spikes\n|move|p1a: Milotic|Draining Kiss|p2a: \u5f00\u5c40\u5c31\u653e\u6211\n|-damage|p2a: \u5f00\u5c40\u5c31\u653e\u6211|57\/100 brn\n|\n|-heal|p2a: \u5f00\u5c40\u5c31\u653e\u6211|63\/100 brn|[from] item: Leftovers\n|-damage|p2a: \u5f00\u5c40\u5c31\u653e\u6211|57\/100 brn|[from] brn\n|upkeep\n|turn|7\n|\n|t:|1698304334\n|-terastallize|p2a: \u5f00\u5c40\u5c31\u653e\u6211|Poison\n|move|p2a: \u5f00\u5c40\u5c31\u653e\u6211|Substitute|p2a: \u5f00\u5c40\u5c31\u653e\u6211\n|-start|p2a: \u5f00\u5c40\u5c31\u653e\u6211|Substitute\n|-damage|p2a: \u5f00\u5c40\u5c31\u653e\u6211|32\/100 brn\n|move|p1a: Milotic|Scald|p2a: \u5f00\u5c40\u5c31\u653e\u6211\n|-activate|p2a: \u5f00\u5c40\u5c31\u653e\u6211|move: Substitute|[damage]\n|\n|-heal|p2a: \u5f00\u5c40\u5c31\u653e\u6211|38\/100 brn|[from] item: Leftovers\n|-damage|p2a: \u5f00\u5c40\u5c31\u653e\u6211|32\/100 brn|[from] brn\n|upkeep\n|turn|8\n|\n|t:|1698304344\n|move|p2a: \u5f00\u5c40\u5c31\u653e\u6211|Cosmic Power|p2a: \u5f00\u5c40\u5c31\u653e\u6211\n|-boost|p2a: \u5f00\u5c40\u5c31\u653e\u6211|def|1\n|-boost|p2a: \u5f00\u5c40\u5c31\u653e\u6211|spd|1\n|move|p1a: Milotic|Scald|p2a: \u5f00\u5c40\u5c31\u653e\u6211\n|-end|p2a: \u5f00\u5c40\u5c31\u653e\u6211|Substitute\n|\n|-heal|p2a: \u5f00\u5c40\u5c31\u653e\u6211|38\/100 brn|[from] item: Leftovers\n|-damage|p2a: \u5f00\u5c40\u5c31\u653e\u6211|32\/100 brn|[from] brn\n|upkeep\n|turn|9\n|\n|t:|1698304354\n|move|p2a: \u5f00\u5c40\u5c31\u653e\u6211|Cosmic Power|p2a: \u5f00\u5c40\u5c31\u653e\u6211\n|-boost|p2a: \u5f00\u5c40\u5c31\u653e\u6211|def|1\n|-boost|p2a: \u5f00\u5c40\u5c31\u653e\u6211|spd|1\n|move|p1a: Milotic|Haze|p1a: Milotic\n|-clearallboost\n|\n|-heal|p2a: \u5f00\u5c40\u5c31\u653e\u6211|38\/100 brn|[from] item: Leftovers\n|-damage|p2a: \u5f00\u5c40\u5c31\u653e\u6211|32\/100 brn|[from] brn\n|upkeep\n|turn|10\n|\n|t:|1698304365\n|move|p2a: \u5f00\u5c40\u5c31\u653e\u6211|Substitute|p2a: \u5f00\u5c40\u5c31\u653e\u6211\n|-start|p2a: \u5f00\u5c40\u5c31\u653e\u6211|Substitute\n|-damage|p2a: \u5f00\u5c40\u5c31\u653e\u6211|7\/100 brn\n|move|p1a: Milotic|Scald|p2a: \u5f00\u5c40\u5c31\u653e\u6211\n|-activate|p2a: \u5f00\u5c40\u5c31\u653e\u6211|move: Substitute|[damage]\n|\n|-heal|p2a: \u5f00\u5c40\u5c31\u653e\u6211|14\/100 brn|[from] item: Leftovers\n|-damage|p2a: \u5f00\u5c40\u5c31\u653e\u6211|7\/100 brn|[from] brn\n|upkeep\n|turn|11\n|\n|t:|1698304375\n|move|p2a: \u5f00\u5c40\u5c31\u653e\u6211|Protect|p2a: \u5f00\u5c40\u5c31\u653e\u6211\n|-singleturn|p2a: \u5f00\u5c40\u5c31\u653e\u6211|Protect\n|move|p1a: Milotic|Scald|p2a: \u5f00\u5c40\u5c31\u653e\u6211\n|-activate|p2a: \u5f00\u5c40\u5c31\u653e\u6211|move: Protect\n|\n|-heal|p2a: \u5f00\u5c40\u5c31\u653e\u6211|14\/100 brn|[from] item: Leftovers\n|-damage|p2a: \u5f00\u5c40\u5c31\u653e\u6211|7\/100 brn|[from] brn\n|upkeep\n|turn|12\n|\n|t:|1698304388\n|move|p2a: \u5f00\u5c40\u5c31\u653e\u6211|Toxic Spikes||[still]\n|-fail|p2a: \u5f00\u5c40\u5c31\u653e\u6211\n|move|p1a: Milotic|Draining Kiss|p2a: \u5f00\u5c40\u5c31\u653e\u6211\n|-resisted|p2a: \u5f00\u5c40\u5c31\u653e\u6211\n|-end|p2a: \u5f00\u5c40\u5c31\u653e\u6211|Substitute\n|\n|-heal|p2a: \u5f00\u5c40\u5c31\u653e\u6211|14\/100 brn|[from] item: Leftovers\n|-damage|p2a: \u5f00\u5c40\u5c31\u653e\u6211|7\/100 brn|[from] brn\n|upkeep\n|turn|13\n|\n|t:|1698304396\n|move|p2a: \u5f00\u5c40\u5c31\u653e\u6211|Protect|p2a: \u5f00\u5c40\u5c31\u653e\u6211\n|-singleturn|p2a: \u5f00\u5c40\u5c31\u653e\u6211|Protect\n|move|p1a: Milotic|Draining Kiss|p2a: \u5f00\u5c40\u5c31\u653e\u6211\n|-activate|p2a: \u5f00\u5c40\u5c31\u653e\u6211|move: Protect\n|\n|-heal|p2a: \u5f00\u5c40\u5c31\u653e\u6211|14\/100 brn|[from] item: Leftovers\n|-damage|p2a: \u5f00\u5c40\u5c31\u653e\u6211|7\/100 brn|[from] brn\n|upkeep\n|turn|14\n|\n|t:|1698304404\n|move|p2a: \u5f00\u5c40\u5c31\u653e\u6211|Cosmic Power|p2a: \u5f00\u5c40\u5c31\u653e\u6211\n|-boost|p2a: \u5f00\u5c40\u5c31\u653e\u6211|def|1\n|-boost|p2a: \u5f00\u5c40\u5c31\u653e\u6211|spd|1\n|move|p1a: Milotic|Draining Kiss|p2a: \u5f00\u5c40\u5c31\u653e\u6211\n|-resisted|p2a: \u5f00\u5c40\u5c31\u653e\u6211\n|-damage|p2a: \u5f00\u5c40\u5c31\u653e\u6211|4\/100 brn\n|\n|-heal|p2a: \u5f00\u5c40\u5c31\u653e\u6211|10\/100 brn|[from] item: Leftovers\n|-damage|p2a: \u5f00\u5c40\u5c31\u653e\u6211|4\/100 brn|[from] brn\n|upkeep\n|turn|15\n|\n|t:|1698304416\n|move|p2a: \u5f00\u5c40\u5c31\u653e\u6211|Protect|p2a: \u5f00\u5c40\u5c31\u653e\u6211\n|-singleturn|p2a: \u5f00\u5c40\u5c31\u653e\u6211|Protect\n|move|p1a: Milotic|Scald|p2a: \u5f00\u5c40\u5c31\u653e\u6211\n|-activate|p2a: \u5f00\u5c40\u5c31\u653e\u6211|move: Protect\n|\n|-heal|p2a: \u5f00\u5c40\u5c31\u653e\u6211|10\/100 brn|[from] item: Leftovers\n|-damage|p2a: \u5f00\u5c40\u5c31\u653e\u6211|4\/100 brn|[from] brn\n|upkeep\n|turn|16\n|\n|t:|1698304428\n|move|p2a: \u5f00\u5c40\u5c31\u653e\u6211|Cosmic Power|p2a: \u5f00\u5c40\u5c31\u653e\u6211\n|-boost|p2a: \u5f00\u5c40\u5c31\u653e\u6211|def|1\n|-boost|p2a: \u5f00\u5c40\u5c31\u653e\u6211|spd|1\n|move|p1a: Milotic|Haze|p1a: Milotic\n|-clearallboost\n|\n|-heal|p2a: \u5f00\u5c40\u5c31\u653e\u6211|10\/100 brn|[from] item: Leftovers\n|-damage|p2a: \u5f00\u5c40\u5c31\u653e\u6211|4\/100 brn|[from] brn\n|upkeep\n|turn|17\n|\n|t:|1698304439\n|move|p2a: \u5f00\u5c40\u5c31\u653e\u6211|Protect|p2a: \u5f00\u5c40\u5c31\u653e\u6211\n|-singleturn|p2a: \u5f00\u5c40\u5c31\u653e\u6211|Protect\n|move|p1a: Milotic|Scald|p2a: \u5f00\u5c40\u5c31\u653e\u6211\n|-activate|p2a: \u5f00\u5c40\u5c31\u653e\u6211|move: Protect\n|\n|-heal|p2a: \u5f00\u5c40\u5c31\u653e\u6211|10\/100 brn|[from] item: Leftovers\n|-damage|p2a: \u5f00\u5c40\u5c31\u653e\u6211|4\/100 brn|[from] brn\n|upkeep\n|turn|18\n|\n|t:|1698304449\n|move|p2a: \u5f00\u5c40\u5c31\u653e\u6211|Cosmic Power|p2a: \u5f00\u5c40\u5c31\u653e\u6211\n|-boost|p2a: \u5f00\u5c40\u5c31\u653e\u6211|def|1\n|-boost|p2a: \u5f00\u5c40\u5c31\u653e\u6211|spd|1\n|move|p1a: Milotic|Scald|p2a: \u5f00\u5c40\u5c31\u653e\u6211\n|-damage|p2a: \u5f00\u5c40\u5c31\u653e\u6211|0 fnt\n|faint|p2a: \u5f00\u5c40\u5c31\u653e\u6211\n|\n|upkeep\n|\n|t:|1698304463\n|switch|p2a: \u98de\u96f7\u795e|Eternatus|100\/100\n|-ability|p2a: \u98de\u96f7\u795e|Pressure\n|turn|19\n|\n|t:|1698304469\n|move|p2a: \u98de\u96f7\u795e|Substitute|p2a: \u98de\u96f7\u795e\n|-start|p2a: \u98de\u96f7\u795e|Substitute\n|-damage|p2a: \u98de\u96f7\u795e|76\/100\n|move|p1a: Milotic|Scald|p2a: \u98de\u96f7\u795e\n|-resisted|p2a: \u98de\u96f7\u795e\n|-activate|p2a: \u98de\u96f7\u795e|move: Substitute|[damage]\n|\n|-heal|p2a: \u98de\u96f7\u795e|82\/100|[from] item: Leftovers\n|upkeep\n|turn|20\n|\n|t:|1698304477\n|move|p2a: \u98de\u96f7\u795e|Fire Spin|p1a: Milotic\n|-resisted|p1a: Milotic\n|-damage|p1a: Milotic|97\/100\n|-activate|p1a: Milotic|move: Fire Spin|[of] p2a: \u98de\u96f7\u795e\n|move|p1a: Milotic|Scald|p2a: \u98de\u96f7\u795e\n|-resisted|p2a: \u98de\u96f7\u795e\n|-end|p2a: \u98de\u96f7\u795e|Substitute\n|\n|-heal|p2a: \u98de\u96f7\u795e|88\/100|[from] item: Leftovers\n|-heal|p1a: Milotic|100\/100|[from] item: Leftovers\n|-damage|p1a: Milotic|88\/100|[from] move: Fire Spin|[partiallytrapped]\n|upkeep\n|turn|21\n|\n|t:|1698304489\n|move|p2a: \u98de\u96f7\u795e|Protect|p2a: \u98de\u96f7\u795e\n|-singleturn|p2a: \u98de\u96f7\u795e|Protect\n|move|p1a: Milotic|Scald|p2a: \u98de\u96f7\u795e\n|-activate|p2a: \u98de\u96f7\u795e|move: Protect\n|\n|-heal|p2a: \u98de\u96f7\u795e|94\/100|[from] item: Leftovers\n|-heal|p1a: Milotic|94\/100|[from] item: Leftovers\n|-damage|p1a: Milotic|82\/100|[from] move: Fire Spin|[partiallytrapped]\n|upkeep\n|turn|22\n|\n|t:|1698304500\n|move|p2a: \u98de\u96f7\u795e|Substitute|p2a: \u98de\u96f7\u795e\n|-start|p2a: \u98de\u96f7\u795e|Substitute\n|-damage|p2a: \u98de\u96f7\u795e|69\/100\n|move|p1a: Milotic|Scald|p2a: \u98de\u96f7\u795e\n|-resisted|p2a: \u98de\u96f7\u795e\n|-activate|p2a: \u98de\u96f7\u795e|move: Substitute|[damage]\n|\n|-heal|p2a: \u98de\u96f7\u795e|76\/100|[from] item: Leftovers\n|-heal|p1a: Milotic|88\/100|[from] item: Leftovers\n|-damage|p1a: Milotic|75\/100|[from] move: Fire Spin|[partiallytrapped]\n|upkeep\n|turn|23\n|\n|t:|1698304515\n|move|p2a: \u98de\u96f7\u795e|Protect|p2a: \u98de\u96f7\u795e\n|-singleturn|p2a: \u98de\u96f7\u795e|Protect\n|move|p1a: Milotic|Draining Kiss|p2a: \u98de\u96f7\u795e\n|-activate|p2a: \u98de\u96f7\u795e|move: Protect\n|\n|-heal|p2a: \u98de\u96f7\u795e|82\/100|[from] item: Leftovers\n|-heal|p1a: Milotic|81\/100|[from] item: Leftovers\n|-damage|p1a: Milotic|69\/100|[from] move: Fire Spin|[partiallytrapped]\n|upkeep\n|turn|24\n|\n|t:|1698304524\n|move|p2a: \u98de\u96f7\u795e|Fire Spin|p1a: Milotic|[miss]\n|-miss|p2a: \u98de\u96f7\u795e|p1a: Milotic\n|move|p1a: Milotic|Draining Kiss|p2a: \u98de\u96f7\u795e\n|-activate|p2a: \u98de\u96f7\u795e|move: Substitute|[damage]\n|-heal|p1a: Milotic|80\/100|[from] drain|[of] p2a: \u98de\u96f7\u795e\n|\n|-heal|p2a: \u98de\u96f7\u795e|88\/100|[from] item: Leftovers\n|-heal|p1a: Milotic|86\/100|[from] item: Leftovers\n|-damage|p1a: Milotic|73\/100|[from] move: Fire Spin|[partiallytrapped]\n|upkeep\n|turn|25\n|\n|t:|1698304538\n|move|p2a: \u98de\u96f7\u795e|Fire Spin|p1a: Milotic\n|-resisted|p1a: Milotic\n|-damage|p1a: Milotic|70\/100\n|move|p1a: Milotic|Flip Turn|p2a: \u98de\u96f7\u795e\n|-resisted|p2a: \u98de\u96f7\u795e\n|-end|p2a: \u98de\u96f7\u795e|Substitute\n|\n|t:|1698304547\n|switch|p1a: Regieleki|Regieleki|100\/100|[from] Flip Turn\n|-status|p1a: Regieleki|tox\n|\n|-heal|p2a: \u98de\u96f7\u795e|94\/100|[from] item: Leftovers\n|-damage|p1a: Regieleki|95\/100 tox|[from] psn\n|upkeep\n|turn|26\n|\n|t:|1698304563\n|move|p2a: \u98de\u96f7\u795e|Protect|p2a: \u98de\u96f7\u795e\n|-singleturn|p2a: \u98de\u96f7\u795e|Protect\n|move|p1a: Regieleki|Volt Switch|p2a: \u98de\u96f7\u795e\n|-activate|p2a: \u98de\u96f7\u795e|move: Protect\n|\n|-heal|p2a: \u98de\u96f7\u795e|100\/100|[from] item: Leftovers\n|-damage|p1a: Regieleki|83\/100 tox|[from] psn\n|upkeep\n|turn|27\n|\n|t:|1698304573\n|move|p2a: \u98de\u96f7\u795e|Protect|p2a: \u98de\u96f7\u795e\n|-singleturn|p2a: \u98de\u96f7\u795e|Protect\n|move|p1a: Regieleki|Thunderbolt|p2a: \u98de\u96f7\u795e\n|-activate|p2a: \u98de\u96f7\u795e|move: Protect\n|\n|-damage|p1a: Regieleki|65\/100 tox|[from] psn\n|upkeep\n|turn|28\n|\n|t:|1698304581\n|move|p1a: Regieleki|Substitute|p1a: Regieleki\n|-start|p1a: Regieleki|Substitute\n|-damage|p1a: Regieleki|40\/100 tox\n|move|p2a: \u98de\u96f7\u795e|Fire Spin|p1a: Regieleki|[miss]\n|-miss|p2a: \u98de\u96f7\u795e|p1a: Regieleki\n|\n|-damage|p1a: Regieleki|16\/100 tox|[from] psn\n|upkeep\n|turn|29\n|\n|t:|1698304590\n|move|p2a: \u98de\u96f7\u795e|Protect|p2a: \u98de\u96f7\u795e\n|-singleturn|p2a: \u98de\u96f7\u795e|Protect\n|move|p1a: Regieleki|Ancient Power|p2a: \u98de\u96f7\u795e\n|-activate|p2a: \u98de\u96f7\u795e|move: Protect\n|\n|-damage|p1a: Regieleki|0 fnt|[from] psn\n|faint|p1a: Regieleki\n|upkeep\n|\n|t:|1698304600\n|switch|p1a: Maushold|Maushold|100\/100\n|-status|p1a: Maushold|tox\n|turn|30\n|\n|t:|1698304608\n|move|p2a: \u98de\u96f7\u795e|Substitute|p2a: \u98de\u96f7\u795e\n|-start|p2a: \u98de\u96f7\u795e|Substitute\n|-damage|p2a: \u98de\u96f7\u795e|76\/100\n|move|p1a: Maushold|Population Bomb|p2a: \u98de\u96f7\u795e|[miss]\n|-miss|p1a: Maushold|p2a: \u98de\u96f7\u795e\n|\n|-heal|p2a: \u98de\u96f7\u795e|82\/100|[from] item: Leftovers\n|-damage|p1a: Maushold|94\/100 tox|[from] psn\n|upkeep\n|turn|31\n|\n|t:|1698304618\n|move|p2a: \u98de\u96f7\u795e|Fire Spin|p1a: Maushold\n|-damage|p1a: Maushold|78\/100 tox\n|-activate|p1a: Maushold|move: Fire Spin|[of] p2a: \u98de\u96f7\u795e\n|move|p1a: Maushold|Population Bomb|p2a: \u98de\u96f7\u795e\n|-activate|p2a: \u98de\u96f7\u795e|move: Substitute|[damage]\n|-activate|p2a: \u98de\u96f7\u795e|move: Substitute|[damage]\n|-activate|p2a: \u98de\u96f7\u795e|move: Substitute|[damage]\n|-activate|p2a: \u98de\u96f7\u795e|move: Substitute|[damage]\n|-end|p2a: \u98de\u96f7\u795e|Substitute\n|-damage|p2a: \u98de\u96f7\u795e|76\/100\n|-damage|p2a: \u98de\u96f7\u795e|71\/100\n|-damage|p2a: \u98de\u96f7\u795e|66\/100\n|-hitcount|p2a: \u98de\u96f7\u795e|8\n|\n|-heal|p2a: \u98de\u96f7\u795e|72\/100|[from] item: Leftovers\n|-damage|p1a: Maushold|65\/100 tox|[from] psn\n|-damage|p1a: Maushold|53\/100 tox|[from] move: Fire Spin|[partiallytrapped]\n|upkeep\n|turn|32\n|\n|t:|1698304638\n|move|p2a: \u98de\u96f7\u795e|Protect|p2a: \u98de\u96f7\u795e\n|-singleturn|p2a: \u98de\u96f7\u795e|Protect\n|move|p1a: Maushold|Population Bomb|p2a: \u98de\u96f7\u795e\n|-activate|p2a: \u98de\u96f7\u795e|move: Protect\n|\n|-heal|p2a: \u98de\u96f7\u795e|78\/100|[from] item: Leftovers\n|-damage|p1a: Maushold|34\/100 tox|[from] psn\n|-damage|p1a: Maushold|22\/100 tox|[from] move: Fire Spin|[partiallytrapped]\n|upkeep\n|turn|33\n|\n|t:|1698304648\n|move|p2a: \u98de\u96f7\u795e|Substitute|p2a: \u98de\u96f7\u795e\n|-start|p2a: \u98de\u96f7\u795e|Substitute\n|-damage|p2a: \u98de\u96f7\u795e|53\/100\n|move|p1a: Maushold|Population Bomb|p2a: \u98de\u96f7\u795e\n|-activate|p2a: \u98de\u96f7\u795e|move: Substitute|[damage]\n|-activate|p2a: \u98de\u96f7\u795e|move: Substitute|[damage]\n|-activate|p2a: \u98de\u96f7\u795e|move: Substitute|[damage]\n|-activate|p2a: \u98de\u96f7\u795e|move: Substitute|[damage]\n|-end|p2a: \u98de\u96f7\u795e|Substitute\n|-damage|p2a: \u98de\u96f7\u795e|48\/100\n|-damage|p2a: \u98de\u96f7\u795e|42\/100\n|-damage|p2a: \u98de\u96f7\u795e|37\/100\n|-damage|p2a: \u98de\u96f7\u795e|31\/100\n|-damage|p2a: \u98de\u96f7\u795e|25\/100\n|-hitcount|p2a: \u98de\u96f7\u795e|10\n|\n|-heal|p2a: \u98de\u96f7\u795e|32\/100|[from] item: Leftovers\n|-damage|p1a: Maushold|0 fnt|[from] psn\n|faint|p1a: Maushold\n|upkeep\n|inactive|kokman11 has 120 seconds left.\n|\n|t:|1698304681\n|switch|p1a: Torterra|Torterra, M|100\/100\n|-status|p1a: Torterra|tox\n|turn|34\n|\n|t:|1698304688\n|move|p2a: \u98de\u96f7\u795e|Protect|p2a: \u98de\u96f7\u795e\n|-singleturn|p2a: \u98de\u96f7\u795e|Protect\n|move|p1a: Torterra|Earthquake|p2a: \u98de\u96f7\u795e\n|-activate|p2a: \u98de\u96f7\u795e|move: Protect\n|\n|-heal|p2a: \u98de\u96f7\u795e|38\/100|[from] item: Leftovers\n|-damage|p1a: Torterra|94\/100 tox|[from] psn\n|upkeep\n|turn|35\n|inactive|kokman11 has 120 seconds left.\n|\n|t:|1698304699\n|move|p2a: \u98de\u96f7\u795e|Substitute|p2a: \u98de\u96f7\u795e\n|-start|p2a: \u98de\u96f7\u795e|Substitute\n|-damage|p2a: \u98de\u96f7\u795e|13\/100\n|move|p1a: Torterra|Rest|p1a: Torterra\n|-status|p1a: Torterra|slp|[from] move: Rest\n|-heal|p1a: Torterra|100\/100 slp|[silent]\n|-enditem|p1a: Torterra|Chesto Berry|[eat]\n|-curestatus|p1a: Torterra|slp|[msg]\n|\n|-heal|p2a: \u98de\u96f7\u795e|19\/100|[from] item: Leftovers\n|upkeep\n|turn|36\n|inactive|kokman11 has 120 seconds left.\n|\n|t:|1698304714\n|move|p2a: \u98de\u96f7\u795e|Recover|p2a: \u98de\u96f7\u795e\n|-heal|p2a: \u98de\u96f7\u795e|69\/100\n|move|p1a: Torterra|Roar|p2a: \u98de\u96f7\u795e\n|drag|p2a: \u5c18\u9041|Eternatus|100\/100\n|-ability|p2a: \u5c18\u9041|Pressure\n|\n|upkeep\n|turn|37\n|inactive|kokman11 has 120 seconds left.\n|\n|t:|1698304726\n|move|p2a: \u5c18\u9041|Substitute|p2a: \u5c18\u9041\n|-start|p2a: \u5c18\u9041|Substitute\n|-damage|p2a: \u5c18\u9041|76\/100\n|move|p1a: Torterra|Earthquake|p2a: \u5c18\u9041\n|-supereffective|p2a: \u5c18\u9041\n|-end|p2a: \u5c18\u9041|Substitute\n|\n|-heal|p2a: \u5c18\u9041|82\/100|[from] item: Leftovers\n|upkeep\n|turn|38\n|inactive|kokman11 has 120 seconds left.\n|\n|t:|1698304737\n|move|p2a: \u5c18\u9041|Protect|p2a: \u5c18\u9041\n|-singleturn|p2a: \u5c18\u9041|Protect\n|move|p1a: Torterra|Earthquake|p2a: \u5c18\u9041\n|-activate|p2a: \u5c18\u9041|move: Protect\n|\n|-heal|p2a: \u5c18\u9041|88\/100|[from] item: Leftovers\n|upkeep\n|turn|39\n|\n|t:|1698304746\n|move|p2a: \u5c18\u9041|Cosmic Power|p2a: \u5c18\u9041\n|-boost|p2a: \u5c18\u9041|def|1\n|-boost|p2a: \u5c18\u9041|spd|1\n|move|p1a: Torterra|Roar|p2a: \u5c18\u9041\n|drag|p2a: \u98de\u96f7\u795e|Eternatus|69\/100\n|-ability|p2a: \u98de\u96f7\u795e|Pressure\n|\n|-heal|p2a: \u98de\u96f7\u795e|75\/100|[from] item: Leftovers\n|upkeep\n|turn|40\n|\n|t:|1698304760\n|move|p2a: \u98de\u96f7\u795e|Protect|p2a: \u98de\u96f7\u795e\n|-singleturn|p2a: \u98de\u96f7\u795e|Protect\n|move|p1a: Torterra|Earthquake|p2a: \u98de\u96f7\u795e\n|-activate|p2a: \u98de\u96f7\u795e|move: Protect\n|\n|-heal|p2a: \u98de\u96f7\u795e|82\/100|[from] item: Leftovers\n|upkeep\n|turn|41\n|\n|t:|1698304768\n|move|p2a: \u98de\u96f7\u795e|Substitute|p2a: \u98de\u96f7\u795e\n|-start|p2a: \u98de\u96f7\u795e|Substitute\n|-damage|p2a: \u98de\u96f7\u795e|57\/100\n|move|p1a: Torterra|Roar|p2a: \u98de\u96f7\u795e\n|drag|p2a: \u76fe|Eternatus|100\/100\n|-ability|p2a: \u76fe|Pressure\n|\n|upkeep\n|turn|42\n|\n|t:|1698304780\n|move|p2a: \u76fe|Fire Blast|p1a: Torterra\n|-supereffective|p1a: Torterra\n|-damage|p1a: Torterra|26\/100\n|move|p1a: Torterra|Roar|p2a: \u76fe\n|drag|p2a: \u98de\u96f7\u795e|Eternatus|57\/100\n|-ability|p2a: \u98de\u96f7\u795e|Pressure\n|\n|-heal|p2a: \u98de\u96f7\u795e|63\/100|[from] item: Leftovers\n|upkeep\n|turn|43\n|\n|t:|1698304792\n|move|p2a: \u98de\u96f7\u795e|Protect|p2a: \u98de\u96f7\u795e\n|-singleturn|p2a: \u98de\u96f7\u795e|Protect\n|move|p1a: Torterra|Earthquake|p2a: \u98de\u96f7\u795e\n|-activate|p2a: \u98de\u96f7\u795e|move: Protect\n|\n|-heal|p2a: \u98de\u96f7\u795e|69\/100|[from] item: Leftovers\n|upkeep\n|turn|44\n|\n|t:|1698304800\n|move|p2a: \u98de\u96f7\u795e|Recover|p2a: \u98de\u96f7\u795e\n|-heal|p2a: \u98de\u96f7\u795e|100\/100\n|move|p1a: Torterra|Rest|p1a: Torterra\n|-status|p1a: Torterra|slp|[from] move: Rest\n|-heal|p1a: Torterra|100\/100 slp|[silent]\n|\n|upkeep\n|turn|45\n|\n|t:|1698304809\n|move|p2a: \u98de\u96f7\u795e|Fire Spin|p1a: Torterra\n|-supereffective|p1a: Torterra\n|-damage|p1a: Torterra|77\/100 slp\n|-activate|p1a: Torterra|move: Fire Spin|[of] p2a: \u98de\u96f7\u795e\n|cant|p1a: Torterra|slp\n|\n|-damage|p1a: Torterra|65\/100 slp|[from] move: Fire Spin|[partiallytrapped]\n|upkeep\n|turn|46\n|\n|t:|1698304819\n|move|p2a: \u98de\u96f7\u795e|Substitute|p2a: \u98de\u96f7\u795e\n|-start|p2a: \u98de\u96f7\u795e|Substitute\n|-damage|p2a: \u98de\u96f7\u795e|76\/100\n|cant|p1a: Torterra|slp\n|\n|-heal|p2a: \u98de\u96f7\u795e|82\/100|[from] item: Leftovers\n|-damage|p1a: Torterra|52\/100 slp|[from] move: Fire Spin|[partiallytrapped]\n|upkeep\n|turn|47\n|\n|t:|1698304829\n|move|p2a: \u98de\u96f7\u795e|Protect|p2a: \u98de\u96f7\u795e\n|-singleturn|p2a: \u98de\u96f7\u795e|Protect\n|-curestatus|p1a: Torterra|slp|[msg]\n|move|p1a: Torterra|Rest|p1a: Torterra\n|-status|p1a: Torterra|slp|[from] move: Rest\n|-heal|p1a: Torterra|100\/100 slp|[silent]\n|\n|-heal|p2a: \u98de\u96f7\u795e|88\/100|[from] item: Leftovers\n|-damage|p1a: Torterra|88\/100 slp|[from] move: Fire Spin|[partiallytrapped]\n|upkeep\n|turn|48\n|\n|t:|1698304843\n|move|p2a: \u98de\u96f7\u795e|Fire Spin|p1a: Torterra|[miss]\n|-miss|p2a: \u98de\u96f7\u795e|p1a: Torterra\n|cant|p1a: Torterra|slp\n|\n|-heal|p2a: \u98de\u96f7\u795e|94\/100|[from] item: Leftovers\n|-damage|p1a: Torterra|76\/100 slp|[from] move: Fire Spin|[partiallytrapped]\n|upkeep\n|turn|49\n|\n|t:|1698304852\n|move|p2a: \u98de\u96f7\u795e|Fire Spin|p1a: Torterra\n|-supereffective|p1a: Torterra\n|-damage|p1a: Torterra|52\/100 slp\n|cant|p1a: Torterra|slp\n|\n|-heal|p2a: \u98de\u96f7\u795e|100\/100|[from] item: Leftovers\n|-end|p1a: Torterra|Fire Spin|[partiallytrapped]\n|upkeep\n|turn|50\n|\n|t:|1698304868\n|move|p2a: \u98de\u96f7\u795e|Fire Spin|p1a: Torterra|[miss]\n|-miss|p2a: \u98de\u96f7\u795e|p1a: Torterra\n|-curestatus|p1a: Torterra|slp|[msg]\n|move|p1a: Torterra|Rest|p1a: Torterra\n|-status|p1a: Torterra|slp|[from] move: Rest\n|-heal|p1a: Torterra|100\/100 slp|[silent]\n|\n|upkeep\n|turn|51\n|\n|t:|1698304880\n|move|p2a: \u98de\u96f7\u795e|Fire Spin|p1a: Torterra|[miss]\n|-miss|p2a: \u98de\u96f7\u795e|p1a: Torterra\n|cant|p1a: Torterra|slp\n|\n|upkeep\n|turn|52\n|\n|t:|1698304886\n|move|p2a: \u98de\u96f7\u795e|Fire Spin|p1a: Torterra|[miss]\n|-miss|p2a: \u98de\u96f7\u795e|p1a: Torterra\n|cant|p1a: Torterra|slp\n|\n|upkeep\n|turn|53\n|\n|t:|1698304894\n|move|p2a: \u98de\u96f7\u795e|Fire Spin|p1a: Torterra\n|-supereffective|p1a: Torterra\n|-damage|p1a: Torterra|79\/100 slp\n|-activate|p1a: Torterra|move: Fire Spin|[of] p2a: \u98de\u96f7\u795e\n|-curestatus|p1a: Torterra|slp|[msg]\n|move|p1a: Torterra|Giga Drain|p2a: \u98de\u96f7\u795e\n|-resisted|p2a: \u98de\u96f7\u795e\n|-activate|p2a: \u98de\u96f7\u795e|move: Substitute|[damage]\n|-heal|p1a: Torterra|82\/100|[from] drain|[of] p2a: \u98de\u96f7\u795e\n|\n|-damage|p1a: Torterra|69\/100|[from] move: Fire Spin|[partiallytrapped]\n|upkeep\n|turn|54\n|\n|t:|1698304905\n|move|p2a: \u98de\u96f7\u795e|Fire Spin|p1a: Torterra|[miss]\n|-miss|p2a: \u98de\u96f7\u795e|p1a: Torterra\n|move|p1a: Torterra|Giga Drain|p2a: \u98de\u96f7\u795e\n|-resisted|p2a: \u98de\u96f7\u795e\n|-activate|p2a: \u98de\u96f7\u795e|move: Substitute|[damage]\n|-heal|p1a: Torterra|72\/100|[from] drain|[of] p2a: \u98de\u96f7\u795e\n|\n|-damage|p1a: Torterra|60\/100|[from] move: Fire Spin|[partiallytrapped]\n|upkeep\n|turn|55\n|\n|t:|1698304914\n|move|p2a: \u98de\u96f7\u795e|Fire Spin|p1a: Torterra\n|-supereffective|p1a: Torterra\n|-damage|p1a: Torterra|36\/100\n|move|p1a: Torterra|Giga Drain|p2a: \u98de\u96f7\u795e\n|-resisted|p2a: \u98de\u96f7\u795e\n|-activate|p2a: \u98de\u96f7\u795e|move: Substitute|[damage]\n|-heal|p1a: Torterra|38\/100|[from] drain|[of] p2a: \u98de\u96f7\u795e\n|\n|-damage|p1a: Torterra|26\/100|[from] move: Fire Spin|[partiallytrapped]\n|upkeep\n|turn|56\n|\n|t:|1698304924\n|move|p2a: \u98de\u96f7\u795e|Fire Spin|p1a: Torterra\n|-supereffective|p1a: Torterra\n|-damage|p1a: Torterra|5\/100\n|move|p1a: Torterra|Rest|p1a: Torterra\n|-status|p1a: Torterra|slp|[from] move: Rest\n|-heal|p1a: Torterra|100\/100 slp|[silent]\n|\n|-damage|p1a: Torterra|88\/100 slp|[from] move: Fire Spin|[partiallytrapped]\n|upkeep\n|turn|57\n|\n|t:|1698304933\n|move|p2a: \u98de\u96f7\u795e|Fire Spin|p1a: Torterra\n|-supereffective|p1a: Torterra\n|-damage|p1a: Torterra|64\/100 slp\n|cant|p1a: Torterra|slp\n|\n|-damage|p1a: Torterra|51\/100 slp|[from] move: Fire Spin|[partiallytrapped]\n|upkeep\n|turn|58\n|\n|t:|1698304944\n|move|p2a: \u98de\u96f7\u795e|Fire Spin|p1a: Torterra|[miss]\n|-miss|p2a: \u98de\u96f7\u795e|p1a: Torterra\n|cant|p1a: Torterra|slp\n|\n|-end|p1a: Torterra|Fire Spin|[partiallytrapped]\n|upkeep\n|turn|59\n|\n|t:|1698304951\n|move|p2a: \u98de\u96f7\u795e|Substitute|p2a: \u98de\u96f7\u795e\n|-fail|p2a: \u98de\u96f7\u795e|move: Substitute\n|-curestatus|p1a: Torterra|slp|[msg]\n|move|p1a: Torterra|Rest|p1a: Torterra\n|-status|p1a: Torterra|slp|[from] move: Rest\n|-heal|p1a: Torterra|100\/100 slp|[silent]\n|\n|upkeep\n|turn|60\n|\n|t:|1698304963\n|move|p2a: \u98de\u96f7\u795e|Fire Spin|p1a: Torterra\n|-supereffective|p1a: Torterra\n|-damage|p1a: Torterra|77\/100 slp\n|-activate|p1a: Torterra|move: Fire Spin|[of] p2a: \u98de\u96f7\u795e\n|cant|p1a: Torterra|slp\n|\n|-damage|p1a: Torterra|65\/100 slp|[from] move: Fire Spin|[partiallytrapped]\n|upkeep\n|turn|61\n|\n|t:|1698304974\n|move|p2a: \u98de\u96f7\u795e|Fire Spin|p1a: Torterra\n|-supereffective|p1a: Torterra\n|-damage|p1a: Torterra|44\/100 slp\n|cant|p1a: Torterra|slp\n|\n|-damage|p1a: Torterra|31\/100 slp|[from] move: Fire Spin|[partiallytrapped]\n|upkeep\n|turn|62\n|\n|t:|1698304985\n|move|p2a: \u98de\u96f7\u795e|Fire Spin|p1a: Torterra\n|-supereffective|p1a: Torterra\n|-damage|p1a: Torterra|10\/100 slp\n|-curestatus|p1a: Torterra|slp|[msg]\n|move|p1a: Torterra|Rest|p1a: Torterra\n|-status|p1a: Torterra|slp|[from] move: Rest\n|-heal|p1a: Torterra|100\/100 slp|[silent]\n|\n|-damage|p1a: Torterra|88\/100 slp|[from] move: Fire Spin|[partiallytrapped]\n|upkeep\n|turn|63\n|\n|t:|1698305000\n|move|p2a: \u98de\u96f7\u795e|Fire Spin|p1a: Torterra\n|-supereffective|p1a: Torterra\n|-damage|p1a: Torterra|67\/100 slp\n|cant|p1a: Torterra|slp\n|\n|-damage|p1a: Torterra|55\/100 slp|[from] move: Fire Spin|[partiallytrapped]\n|upkeep\n|turn|64\n|\n|t:|1698305010\n|move|p2a: \u98de\u96f7\u795e|Fire Spin|p1a: Torterra\n|-supereffective|p1a: Torterra\n|-damage|p1a: Torterra|32\/100 slp\n|cant|p1a: Torterra|slp\n|\n|-damage|p1a: Torterra|20\/100 slp|[from] move: Fire Spin|[partiallytrapped]\n|upkeep\n|turn|65\n|\n|t:|1698305019\n|move|p2a: \u98de\u96f7\u795e|Substitute|p2a: \u98de\u96f7\u795e\n|-fail|p2a: \u98de\u96f7\u795e|move: Substitute\n|-curestatus|p1a: Torterra|slp|[msg]\n|move|p1a: Torterra|Rest|p1a: Torterra\n|-status|p1a: Torterra|slp|[from] move: Rest\n|-heal|p1a: Torterra|100\/100 slp|[silent]\n|\n|-end|p1a: Torterra|Fire Spin|[partiallytrapped]\n|upkeep\n|turn|66\n|\n|t:|1698305032\n|move|p2a: \u98de\u96f7\u795e|Fire Spin|p1a: Torterra|[miss]\n|-miss|p2a: \u98de\u96f7\u795e|p1a: Torterra\n|cant|p1a: Torterra|slp\n|\n|upkeep\n|turn|67\n|\n|t:|1698305039\n|move|p2a: \u98de\u96f7\u795e|Fire Spin|p1a: Torterra\n|-supereffective|p1a: Torterra\n|-damage|p1a: Torterra|79\/100 slp\n|-activate|p1a: Torterra|move: Fire Spin|[of] p2a: \u98de\u96f7\u795e\n|cant|p1a: Torterra|slp\n|\n|-damage|p1a: Torterra|67\/100 slp|[from] move: Fire Spin|[partiallytrapped]\n|upkeep\n|turn|68\n|\n|t:|1698305050\n|move|p2a: \u98de\u96f7\u795e|Substitute|p2a: \u98de\u96f7\u795e\n|-fail|p2a: \u98de\u96f7\u795e|move: Substitute\n|-curestatus|p1a: Torterra|slp|[msg]\n|move|p1a: Torterra|Giga Drain|p2a: \u98de\u96f7\u795e\n|-resisted|p2a: \u98de\u96f7\u795e\n|-activate|p2a: \u98de\u96f7\u795e|move: Substitute|[damage]\n|-heal|p1a: Torterra|70\/100|[from] drain|[of] p2a: \u98de\u96f7\u795e\n|\n|-damage|p1a: Torterra|57\/100|[from] move: Fire Spin|[partiallytrapped]\n|upkeep\n|turn|69\n|\n|t:|1698305060\n|move|p2a: \u98de\u96f7\u795e|Protect|p2a: \u98de\u96f7\u795e\n|-singleturn|p2a: \u98de\u96f7\u795e|Protect\n|move|p1a: Torterra|Giga Drain|p2a: \u98de\u96f7\u795e\n|-activate|p2a: \u98de\u96f7\u795e|move: Protect\n|\n|-damage|p1a: Torterra|45\/100|[from] move: Fire Spin|[partiallytrapped]\n|upkeep\n|turn|70\n|\n|t:|1698305068\n|move|p2a: \u98de\u96f7\u795e|Substitute|p2a: \u98de\u96f7\u795e\n|-fail|p2a: \u98de\u96f7\u795e|move: Substitute\n|move|p1a: Torterra|Giga Drain|p2a: \u98de\u96f7\u795e\n|-resisted|p2a: \u98de\u96f7\u795e\n|-activate|p2a: \u98de\u96f7\u795e|move: Substitute|[damage]\n|-heal|p1a: Torterra|48\/100|[from] drain|[of] p2a: \u98de\u96f7\u795e\n|\n|-damage|p1a: Torterra|35\/100|[from] move: Fire Spin|[partiallytrapped]\n|upkeep\n|turn|71\n|\n|t:|1698305080\n|move|p2a: \u98de\u96f7\u795e|Protect|p2a: \u98de\u96f7\u795e\n|-singleturn|p2a: \u98de\u96f7\u795e|Protect\n|move|p1a: Torterra|Giga Drain|p2a: \u98de\u96f7\u795e\n|-activate|p2a: \u98de\u96f7\u795e|move: Protect\n|\n|-end|p1a: Torterra|Fire Spin|[partiallytrapped]\n|upkeep\n|turn|72\n|\n|t:|1698305087\n|move|p2a: \u98de\u96f7\u795e|Recover||[still]\n|-fail|p2a: \u98de\u96f7\u795e|heal\n|move|p1a: Torterra|Giga Drain|p2a: \u98de\u96f7\u795e\n|-resisted|p2a: \u98de\u96f7\u795e\n|-activate|p2a: \u98de\u96f7\u795e|move: Substitute|[damage]\n|-heal|p1a: Torterra|38\/100|[from] drain|[of] p2a: \u98de\u96f7\u795e\n|\n|upkeep\n|turn|73\n|\n|t:|1698305096\n|move|p2a: \u98de\u96f7\u795e|Protect|p2a: \u98de\u96f7\u795e\n|-singleturn|p2a: \u98de\u96f7\u795e|Protect\n|move|p1a: Torterra|Roar|p2a: \u98de\u96f7\u795e\n|drag|p2a: \u5f71\u5206\u8eab|Eternatus|100\/100\n|-ability|p2a: \u5f71\u5206\u8eab|Pressure\n|\n|upkeep\n|turn|74\n|\n|t:|1698305105\n|move|p2a: \u5f71\u5206\u8eab|Fire Blast|p1a: Torterra\n|-supereffective|p1a: Torterra\n|-damage|p1a: Torterra|0 fnt\n|faint|p1a: Torterra\n|\n|upkeep\n|\n|t:|1698305110\n|switch|p1a: Milotic|Milotic, F|70\/100\n|-status|p1a: Milotic|tox\n|turn|75\n|\n|t:|1698305118\n|move|p2a: \u5f71\u5206\u8eab|Dynamax Cannon|p1a: Milotic\n|-damage|p1a: Milotic|39\/100 tox\n|move|p1a: Milotic|Flip Turn|p2a: \u5f71\u5206\u8eab\n|-resisted|p2a: \u5f71\u5206\u8eab\n|-damage|p2a: \u5f71\u5206\u8eab|96\/100\n|\n|t:|1698305126\n|switch|p1a: Altaria|Altaria, M|100\/100|[from] Flip Turn\n|\n|-heal|p2a: \u5f71\u5206\u8eab|100\/100|[from] item: Leftovers\n|upkeep\n|turn|76\n|\n|t:|1698305137\n|move|p2a: \u5f71\u5206\u8eab|Substitute|p2a: \u5f71\u5206\u8eab\n|-start|p2a: \u5f71\u5206\u8eab|Substitute\n|-damage|p2a: \u5f71\u5206\u8eab|76\/100\n|move|p1a: Altaria|Cotton Guard|p1a: Altaria\n|-boost|p1a: Altaria|def|3\n|\n|-heal|p2a: \u5f71\u5206\u8eab|82\/100|[from] item: Leftovers\n|upkeep\n|turn|77\n|c|\u2606kokman11|kill youself kid\n|inactive|kokman11 has 120 seconds left.\n|c|\u2606zhuhong|fack your mother\n|c|\u2606kokman11|how do you find this fun ...\n|inactive|kokman11 has 90 seconds left.\n|c|\u2606zhuhong|You play like an ass\n|inactive|kokman11 has 60 seconds left.\n|c|\u2606kokman11|look at your team you imbecile\n|inactive|kokman11 has 30 seconds left.\n|\n|t:|1698305261\n|move|p2a: \u5f71\u5206\u8eab|Dynamax Cannon|p1a: Altaria\n|-supereffective|p1a: Altaria\n|-damage|p1a: Altaria|21\/100\n|move|p1a: Altaria|Roost|p1a: Altaria\n|-heal|p1a: Altaria|71\/100\n|-singleturn|p1a: Altaria|move: Roost\n|\n|-heal|p2a: \u5f71\u5206\u8eab|88\/100|[from] item: Leftovers\n|-heal|p1a: Altaria|77\/100|[from] item: Leftovers\n|upkeep\n|turn|78\n|c|\u2606zhuhong|Haphazard allocation\n|inactive|zhuhong has 120 seconds left.\n|c|\u2606kokman11|find a tree\n|c|\u2606zhuhong|As long as this genie\n|\n|t:|1698305297\n|move|p2a: \u5f71\u5206\u8eab|Dynamax Cannon|p1a: Altaria\n|-supereffective|p1a: Altaria\n|-damage|p1a: Altaria|0 fnt\n|faint|p1a: Altaria\n|\n|-heal|p2a: \u5f71\u5206\u8eab|94\/100|[from] item: Leftovers\n|upkeep\n|c|\u2606kokman11|and hang from it\n|\n|t:|1698305306\n|switch|p1a: Milotic|Milotic, F|39\/100 tox\n|turn|79\n|inactive|zhuhong has 120 seconds left.\n|\n|t:|1698305318\n|move|p2a: \u5f71\u5206\u8eab|Fire Blast|p1a: Milotic\n|-resisted|p1a: Milotic\n|-damage|p1a: Milotic|27\/100 tox\n|move|p1a: Milotic|Haze|p1a: Milotic\n|-clearallboost\n|\n|-heal|p2a: \u5f71\u5206\u8eab|100\/100|[from] item: Leftovers\n|-heal|p1a: Milotic|33\/100 tox|[from] item: Leftovers\n|-damage|p1a: Milotic|27\/100 tox|[from] psn\n|upkeep\n|turn|80\n|c|\u2606kokman11|write me in your letter\n|inactive|zhuhong has 120 seconds left.\n|c|\u2606zhuhong|no,i dont play tree\n|inactive|kokman11 has 30 seconds left.\n|inactive|kokman11 has 20 seconds left.\n|inactive|kokman11 has 15 seconds left.\n|\n|t:|1698305360\n|move|p2a: \u5f71\u5206\u8eab|Dynamax Cannon|p1a: Milotic\n|-damage|p1a: Milotic|0 fnt\n|faint|p1a: Milotic\n|\n|upkeep\n|inactive|kokman11 has 20 seconds left this turn.\n|\n|t:|1698305364\n|switch|p1a: Staraptor|Staraptor, M|100\/100\n|-ability|p1a: Staraptor|Intimidate|boost\n|-immune|p2a: \u5f71\u5206\u8eab\n|turn|81\n|inactive|kokman11 has 30 seconds left this turn.\n|c|\u2606zhuhong|you can use this pokemon as you as you want\n|\n|t:|1698305371\n|move|p2a: \u5f71\u5206\u8eab|Fire Blast|p1a: Staraptor\n|-damage|p1a: Staraptor|55\/100\n|-status|p1a: Staraptor|brn\n|move|p1a: Staraptor|Hurricane|p2a: \u5f71\u5206\u8eab\n|-end|p2a: \u5f71\u5206\u8eab|Substitute\n|\n|-damage|p1a: Staraptor|49\/100 brn|[from] brn\n|upkeep\n|turn|82\n|inactive|kokman11 has 30 seconds left.\n|c|\u2606kokman11|i wish death upon you\n|-message|kokman11 forfeited.\n|\n|win|zhuhong\n|inactive|kokman11 has 30 seconds left this turn.\n|raw|kokman11's rating: 1090 &rarr; <strong>1073<\/strong><br \/>(-17 for losing)\n|raw|zhuhong's rating: 1182 &rarr; <strong>1201<\/strong><br \/>(+19 for winning)\n|l|\u2606kokman11\n","uploadtime":1698305169,"views":7,"p1id":"kokman11","p2id":"zhuhong","formatid":"gen9anythinggoes","rating":1073,"private":0,"password":""}