{"id":"gen9anythinggoes-1976464895","p1":"Allan383","p2":"Shallow_42","format":"[Gen 9] Anything Goes","log":"|j|\u2606Allan383\n|j|\u2606Shallow_42\n|t:|1698307899\n|gametype|singles\n|player|p1|Allan383|steven|\n|player|p2|Shallow_42|palmer|\n|teamsize|p1|4\n|teamsize|p2|3\n|gen|9\n|tier|[Gen 9] Anything Goes\n|rule|HP Percentage Mod: HP is shown in percentages\n|rule|Endless Battle Clause: Forcing endless battles is banned\n|clearpoke\n|poke|p1|Glimmora, M|\n|poke|p1|Toxtricity, M|\n|poke|p1|Dragonite, M|\n|poke|p1|Pikachu-World, M|\n|poke|p2|Toxtricity, M|\n|poke|p2|Miraidon|\n|poke|p2|Dragonite, M|\n|teampreview\n|inactive|Battle timer is ON: inactive players will automatically lose when time's up. (requested by Shallow_42)\n|\n|t:|1698307904\n|start\n|switch|p1a: Glimmora|Glimmora, M, shiny|100\/100\n|switch|p2a: Miraidon|Miraidon|100\/100\n|-fieldstart|move: Electric Terrain|[from] ability: Hadron Engine|[of] p2a: Miraidon\n|turn|1\n|\n|t:|1698307916\n|switch|p2a: Dragonite|Dragonite, M, shiny|100\/100\n|move|p1a: Glimmora|Mortal Spin|p2a: Dragonite\n|-damage|p2a: Dragonite|96\/100\n|-status|p2a: Dragonite|psn\n|\n|-damage|p2a: Dragonite|83\/100 psn|[from] psn\n|upkeep\n|turn|2\n|\n|t:|1698307934\n|move|p1a: Glimmora|Spikes|p2a: Dragonite\n|-sidestart|p2: Shallow_42|Spikes\n|move|p2a: Dragonite|Earthquake|p1a: Glimmora\n|-supereffective|p1a: Glimmora\n|-enditem|p1a: Glimmora|Focus Sash\n|-damage|p1a: Glimmora|1\/100\n|-activate|p1a: Glimmora|ability: Toxic Debris\n|-sidestart|p2: Shallow_42|move: Toxic Spikes\n|\n|-damage|p2a: Dragonite|71\/100 psn|[from] psn\n|upkeep\n|turn|3\n|\n|t:|1698307946\n|move|p2a: Dragonite|Extreme Speed|p1a: Glimmora\n|-resisted|p1a: Glimmora\n|-damage|p1a: Glimmora|0 fnt\n|-activate|p1a: Glimmora|ability: Toxic Debris\n|-sidestart|p2: Shallow_42|move: Toxic Spikes\n|faint|p1a: Glimmora\n|\n|-damage|p2a: Dragonite|58\/100 psn|[from] psn\n|upkeep\n|inactive|Allan383 has 270 seconds left.\n|\n|t:|1698307978\n|switch|p1a: Toxtricity|Toxtricity, M|100\/100\n|turn|4\n|\n|t:|1698307983\n|switch|p1a: Dragonite|Dragonite, M, shiny|100\/100\n|move|p2a: Dragonite|Earthquake|p1a: Dragonite\n|-immune|p1a: Dragonite\n|\n|-damage|p2a: Dragonite|46\/100 psn|[from] psn\n|upkeep\n|turn|5\n|inactive|Allan383 has 270 seconds left.\n|\n|t:|1698308006\n|move|p2a: Dragonite|Ice Spinner|p1a: Dragonite\n|-supereffective|p1a: Dragonite\n|-damage|p1a: Dragonite|37\/100\n|-fieldend|move: Electric Terrain\n|move|p1a: Dragonite|Ice Spinner|p2a: Dragonite\n|-supereffective|p2a: Dragonite\n|-damage|p2a: Dragonite|0 fnt\n|faint|p2a: Dragonite\n|\n|upkeep\n|\n|t:|1698308020\n|switch|p2a: Miraidon|Miraidon|100\/100\n|-damage|p2a: Miraidon|88\/100|[from] Spikes\n|-status|p2a: Miraidon|tox\n|-fieldstart|move: Electric Terrain|[from] ability: Hadron Engine|[of] p2a: Miraidon\n|turn|6\n|inactive|Allan383 has 270 seconds left.\n|\n|t:|1698308038\n|move|p2a: Miraidon|Draco Meteor|p1a: Dragonite|[miss]\n|-miss|p2a: Miraidon|p1a: Dragonite\n|move|p1a: Dragonite|Earthquake|p2a: Miraidon\n|-supereffective|p2a: Miraidon\n|-damage|p2a: Miraidon|20\/100 tox\n|\n|-damage|p2a: Miraidon|14\/100 tox|[from] psn\n|upkeep\n|turn|7\n|\n|t:|1698308047\n|move|p1a: Dragonite|Extreme Speed|p2a: Miraidon\n|-damage|p2a: Miraidon|0 fnt\n|faint|p2a: Miraidon\n|\n|upkeep\n|\n|t:|1698308050\n|switch|p2a: Toxtricity|Toxtricity, M, shiny|100\/100\n|-damage|p2a: Toxtricity|88\/100|[from] Spikes\n|-sideend|p2: Shallow_42|move: Toxic Spikes|[of] p2a: Toxtricity\n|turn|8\n|\n|t:|1698308057\n|-terastallize|p2a: Toxtricity|Normal\n|move|p1a: Dragonite|Earthquake|p2a: Toxtricity\n|-damage|p2a: Toxtricity|27\/100\n|move|p2a: Toxtricity|Boomburst|p1a: Dragonite\n|-damage|p1a: Dragonite|0 fnt\n|faint|p1a: Dragonite\n|\n|upkeep\n|inactive|Allan383 has 270 seconds left.\n|\n|t:|1698308078\n|switch|p1a: Pikachu|Pikachu-World, M|100\/100\n|turn|9\n|\n|t:|1698308089\n|move|p1a: Pikachu|Quick Attack|p2a: Toxtricity\n|-damage|p2a: Toxtricity|0 fnt\n|faint|p2a: Toxtricity\n|\n|win|Allan383\n","uploadtime":1698308108,"views":14,"p1id":"allan383","p2id":"shallow42","formatid":"gen9anythinggoes","rating":0,"private":0,"password":""}