{"id":"gen9anythinggoes-1982167131","p1":"dreepyairlines","p2":"XX_1nfinity_XX","format":"[Gen 9] Anything Goes","log":"|j|\u2606dreepyairlines\n|j|\u2606XX_1nfinity_XX\n|t:|1698974833\n|gametype|singles\n|player|p1|dreepyairlines|elesa-masters2|\n|player|p2|XX_1nfinity_XX|blackbelt-gen4dp|\n|teamsize|p1|6\n|teamsize|p2|6\n|gen|9\n|tier|[Gen 9] Anything Goes\n|rule|HP Percentage Mod: HP is shown in percentages\n|rule|Endless Battle Clause: Forcing endless battles is banned\n|rule|Species Clause: Limit one of each Pok\u00e9mon\n|rule|OHKO Clause: OHKO moves are banned\n|rule|Evasion Moves Clause: Evasion moves are banned\n|rule|1 Ability Clause: Limit 1 of each ability\n|rule|Sleep Moves Clause: Sleep-inducing moves are banned\n|rule|Terastal Clause: You cannot Terastallize\n|clearpoke\n|poke|p1|Cresselia, F|\n|poke|p1|Sandy Shocks|\n|poke|p1|Darkrai|\n|poke|p1|Slither Wing|\n|poke|p1|Ogerpon-Hearthflame, F|\n|poke|p1|Drednaw, M|\n|poke|p2|Corviknight, M|\n|poke|p2|Thundurus-Therian, M|\n|poke|p2|Ting-Lu|\n|poke|p2|Zapdos-Galar|\n|poke|p2|Ogerpon-Wellspring, F|\n|poke|p2|Ceruledge, M|\n|teampreview\n|inactive|Battle timer is ON: inactive players will automatically lose when time's up. (requested by XX_1nfinity_XX)\n|\n|t:|1698974855\n|start\n|switch|p1a: Cresselia|Cresselia, F|100\/100\n|switch|p2a: Zapdos|Zapdos-Galar|100\/100\n|-ability|p2a: Zapdos|Sword of Ruin\n|turn|1\n|\n|t:|1698974861\n|move|p1a: Cresselia|Reflect|p1a: Cresselia\n|-sidestart|p1: dreepyairlines|Reflect\n|move|p2a: Zapdos|U-turn|p1a: Cresselia\n|-supereffective|p1a: Cresselia\n|-damage|p1a: Cresselia|77\/100\n|\n|t:|1698974865\n|switch|p2a: Ceruledge|Ceruledge, M|100\/100|[from] U-turn\n|\n|upkeep\n|turn|2\n|\n|t:|1698974884\n|move|p2a: Ceruledge|Swords Dance|p2a: Ceruledge\n|-boost|p2a: Ceruledge|atk|2\n|move|p1a: Cresselia|Teleport|p1a: Cresselia\n|\n|t:|1698974889\n|switch|p1a: Drednaw|Drednaw, M|100\/100|[from] Teleport\n|\n|upkeep\n|turn|3\n|\n|t:|1698974892\n|move|p2a: Ceruledge|Poltergeist|p1a: Drednaw\n|-activate|p1a: Drednaw|move: Poltergeist|Focus Sash\n|-damage|p1a: Drednaw|13\/100\n|move|p1a: Drednaw|Shell Smash|p1a: Drednaw\n|-unboost|p1a: Drednaw|def|1\n|-unboost|p1a: Drednaw|spd|1\n|-boost|p1a: Drednaw|atk|2\n|-boost|p1a: Drednaw|spa|2\n|-boost|p1a: Drednaw|spe|2\n|\n|upkeep\n|turn|4\n|\n|t:|1698974902\n|move|p2a: Ceruledge|Shadow Sneak||[still]\n|cant|p1a: Drednaw|ability: Dazzling|Shadow Sneak|[of] p2a: Ceruledge\n|move|p1a: Drednaw|Surging Strikes|p2a: Ceruledge\n|-supereffective|p2a: Ceruledge\n|-crit|p2a: Ceruledge\n|-enditem|p2a: Ceruledge|Focus Sash\n|-damage|p2a: Ceruledge|1\/100\n|-supereffective|p2a: Ceruledge\n|-crit|p2a: Ceruledge\n|-damage|p2a: Ceruledge|0 fnt\n|faint|p2a: Ceruledge\n|-hitcount|p2: Ceruledge|2\n|\n|upkeep\n|\n|t:|1698974909\n|switch|p2a: Corviknight|Corviknight, M|100\/100\n|turn|5\n|\n|t:|1698974917\n|move|p1a: Drednaw|Diamond Storm|p2a: Corviknight\n|-damage|p2a: Corviknight|47\/100\n|move|p2a: Corviknight|Spin Out|p1a: Drednaw\n|-damage|p1a: Drednaw|0 fnt\n|-unboost|p2a: Corviknight|spe|2\n|faint|p1a: Drednaw\n|\n|-heal|p2a: Corviknight|53\/100|[from] item: Leftovers\n|upkeep\n|\n|t:|1698974932\n|switch|p1a: Ogerpon|Ogerpon-Hearthflame, F|100\/100\n|-weather|DesolateLand|[from] ability: Desolate Land|[of] p1a: Ogerpon\n|turn|6\n|\n|t:|1698974936\n|move|p1a: Ogerpon|Swords Dance|p1a: Ogerpon\n|-boost|p1a: Ogerpon|atk|2\n|move|p2a: Corviknight|U-turn|p1a: Ogerpon\n|-damage|p1a: Ogerpon|91\/100\n|\n|t:|1698974938\n|switch|p2a: Zapdos|Zapdos-Galar|100\/100|[from] U-turn\n|-ability|p2a: Zapdos|Sword of Ruin\n|\n|-weather|DesolateLand|[upkeep]\n|upkeep\n|turn|7\n|inactive|dreepyairlines has 270 seconds left.\n|\n|t:|1698974979\n|-weather|none\n|switch|p1a: Sandy Shocks|Sandy Shocks|100\/100\n|-fieldstart|move: Electric Terrain|[from] ability: Hadron Engine|[of] p1a: Sandy Shocks\n|move|p2a: Zapdos|U-turn|p1a: Sandy Shocks\n|-damage|p1a: Sandy Shocks|82\/100\n|\n|t:|1698974989\n|switch|p2a: Ting-Lu|Ting-Lu|100\/100|[from] U-turn\n|\n|upkeep\n|turn|8\n|inactive|dreepyairlines has 270 seconds left.\n|\n|t:|1698974994\n|switch|p1a: Slither Wing|Slither Wing|100\/100\n|move|p2a: Ting-Lu|Ceaseless Edge|p1a: Slither Wing\n|-resisted|p1a: Slither Wing\n|-damage|p1a: Slither Wing|94\/100\n|-sidestart|p1: dreepyairlines|Spikes\n|\n|-sideend|p1: dreepyairlines|Reflect\n|upkeep\n|turn|9\n|\n|t:|1698974999\n|move|p1a: Slither Wing|Bulk Up|p1a: Slither Wing\n|-boost|p1a: Slither Wing|atk|1\n|-boost|p1a: Slither Wing|def|1\n|move|p2a: Ting-Lu|Stealth Rock|p1a: Slither Wing\n|-sidestart|p1: dreepyairlines|move: Stealth Rock\n|\n|upkeep\n|turn|10\n|\n|t:|1698975004\n|switch|p2a: Thundurus|Thundurus-Therian, M|100\/100\n|-activate|p2a: Thundurus|ability: Hadron Engine\n|move|p1a: Slither Wing|Leech Life|p2a: Thundurus\n|-resisted|p2a: Thundurus\n|-damage|p2a: Thundurus|25\/100\n|-heal|p1a: Slither Wing|100\/100|[from] drain|[of] p2a: Thundurus\n|-damage|p1a: Slither Wing|91\/100|[from] item: Life Orb\n|\n|upkeep\n|turn|11\n|\n|t:|1698975009\n|move|p1a: Slither Wing|Leech Life|p2a: Thundurus\n|-resisted|p2a: Thundurus\n|-damage|p2a: Thundurus|0 fnt\n|-heal|p1a: Slither Wing|100\/100|[from] drain|[of] p2a: Thundurus\n|faint|p2a: Thundurus\n|-damage|p1a: Slither Wing|91\/100|[from] item: Life Orb\n|\n|-fieldend|move: Electric Terrain\n|upkeep\n|\n|t:|1698975015\n|switch|p2a: Zapdos|Zapdos-Galar|100\/100\n|-ability|p2a: Zapdos|Sword of Ruin\n|turn|12\n|\n|t:|1698975045\n|switch|p1a: Sandy Shocks|Sandy Shocks|82\/100\n|-damage|p1a: Sandy Shocks|70\/100|[from] Spikes\n|-damage|p1a: Sandy Shocks|64\/100|[from] Stealth Rock\n|-fieldstart|move: Electric Terrain|[from] ability: Hadron Engine|[of] p1a: Sandy Shocks\n|move|p2a: Zapdos|Brave Bird|p1a: Sandy Shocks\n|-resisted|p1a: Sandy Shocks\n|-damage|p1a: Sandy Shocks|21\/100\n|-damage|p2a: Zapdos|87\/100|[from] Recoil\n|\n|upkeep\n|turn|13\n|\n|t:|1698975053\n|switch|p2a: Ting-Lu|Ting-Lu|100\/100\n|move|p1a: Sandy Shocks|Volt Switch|p2a: Ting-Lu\n|-immune|p2a: Ting-Lu\n|\n|upkeep\n|turn|14\n|\n|t:|1698975071\n|switch|p1a: Slither Wing|Slither Wing|91\/100\n|-damage|p1a: Slither Wing|78\/100|[from] Spikes\n|-damage|p1a: Slither Wing|66\/100|[from] Stealth Rock\n|move|p2a: Ting-Lu|Ceaseless Edge|p1a: Slither Wing\n|-resisted|p1a: Slither Wing\n|-damage|p1a: Slither Wing|52\/100\n|-sidestart|p1: dreepyairlines|Spikes\n|\n|upkeep\n|turn|15\n|\n|t:|1698975076\n|switch|p2a: Corviknight|Corviknight, M|53\/100\n|move|p1a: Slither Wing|Drain Punch|p2a: Corviknight\n|-damage|p2a: Corviknight|17\/100\n|-heal|p1a: Slither Wing|71\/100|[from] drain|[of] p2a: Corviknight\n|-damage|p1a: Slither Wing|61\/100|[from] item: Life Orb\n|\n|-heal|p2a: Corviknight|23\/100|[from] item: Leftovers\n|upkeep\n|turn|16\n|\n|t:|1698975080\n|move|p1a: Slither Wing|Drain Punch|p2a: Corviknight\n|-damage|p2a: Corviknight|0 fnt\n|-heal|p1a: Slither Wing|73\/100|[from] drain|[of] p2a: Corviknight\n|faint|p2a: Corviknight\n|-damage|p1a: Slither Wing|64\/100|[from] item: Life Orb\n|\n|-fieldend|move: Electric Terrain\n|upkeep\n|\n|t:|1698975083\n|switch|p2a: Zapdos|Zapdos-Galar|87\/100\n|-ability|p2a: Zapdos|Sword of Ruin\n|turn|17\n|\n|t:|1698975091\n|switch|p1a: Sandy Shocks|Sandy Shocks|21\/100\n|-damage|p1a: Sandy Shocks|5\/100|[from] Spikes\n|-damage|p1a: Sandy Shocks|0 fnt|[from] Stealth Rock\n|faint|p1a: Sandy Shocks\n|move|p2a: Zapdos|Brave Bird|p1: Sandy Shocks|[notarget]\n|-fail|p2a: Zapdos\n|\n|upkeep\n|\n|t:|1698975094\n|switch|p1a: Cresselia|Cresselia, F|77\/100\n|-damage|p1a: Cresselia|61\/100|[from] Spikes\n|-damage|p1a: Cresselia|48\/100|[from] Stealth Rock\n|turn|18\n|\n|t:|1698975102\n|switch|p2a: Ting-Lu|Ting-Lu|100\/100\n|move|p1a: Cresselia|Reflect|p1a: Cresselia\n|-sidestart|p1: dreepyairlines|Reflect\n|\n|upkeep\n|turn|19\n|\n|t:|1698975114\n|switch|p2a: Zapdos|Zapdos-Galar|87\/100\n|-ability|p2a: Zapdos|Sword of Ruin\n|move|p1a: Cresselia|Teleport|p1a: Cresselia\n|inactive|dreepyairlines has 270 seconds left.\n|\n|t:|1698975145\n|switch|p1a: Darkrai|Darkrai|100\/100|[from] Teleport\n|-damage|p1a: Darkrai|84\/100|[from] Spikes\n|-damage|p1a: Darkrai|72\/100|[from] Stealth Rock\n|\n|upkeep\n|turn|20\n|\n|t:|1698975148\n|switch|p1a: Cresselia|Cresselia, F|48\/100\n|-damage|p1a: Cresselia|32\/100|[from] Spikes\n|-damage|p1a: Cresselia|19\/100|[from] Stealth Rock\n|move|p2a: Zapdos|U-turn|p1a: Cresselia\n|-supereffective|p1a: Cresselia\n|-damage|p1a: Cresselia|0 fnt\n|faint|p1a: Cresselia\n|\n|t:|1698975156\n|switch|p2a: Ogerpon|Ogerpon-Wellspring, F|100\/100|[from] U-turn\n|\n|upkeep\n|\n|t:|1698975167\n|switch|p1a: Slither Wing|Slither Wing|64\/100\n|-damage|p1a: Slither Wing|47\/100|[from] Spikes\n|-damage|p1a: Slither Wing|35\/100|[from] Stealth Rock\n|turn|21\n|\n|t:|1698975171\n|move|p1a: Slither Wing|Leech Life|p2a: Ogerpon\n|-supereffective|p2a: Ogerpon\n|-damage|p2a: Ogerpon|0 fnt\n|-heal|p1a: Slither Wing|75\/100|[from] drain|[of] p2a: Ogerpon\n|faint|p2a: Ogerpon\n|-damage|p1a: Slither Wing|65\/100|[from] item: Life Orb\n|\n|upkeep\n|\n|t:|1698975174\n|switch|p2a: Zapdos|Zapdos-Galar|87\/100\n|-ability|p2a: Zapdos|Sword of Ruin\n|turn|22\n|\n|t:|1698975188\n|switch|p1a: Darkrai|Darkrai|72\/100\n|-damage|p1a: Darkrai|55\/100|[from] Spikes\n|-damage|p1a: Darkrai|43\/100|[from] Stealth Rock\n|move|p2a: Zapdos|Brave Bird|p1a: Darkrai\n|-damage|p1a: Darkrai|0 fnt\n|faint|p1a: Darkrai\n|-damage|p2a: Zapdos|75\/100|[from] Recoil\n|\n|upkeep\n|\n|t:|1698975193\n|switch|p1a: Ogerpon|Ogerpon-Hearthflame, F|91\/100\n|-damage|p1a: Ogerpon|75\/100|[from] Spikes\n|-damage|p1a: Ogerpon|50\/100|[from] Stealth Rock\n|-weather|DesolateLand|[from] ability: Desolate Land|[of] p1a: Ogerpon\n|turn|23\n|\n|t:|1698975201\n|switch|p2a: Ting-Lu|Ting-Lu|100\/100\n|move|p1a: Ogerpon|Fire Lash|p2a: Ting-Lu\n|-damage|p2a: Ting-Lu|71\/100\n|-unboost|p2a: Ting-Lu|def|1\n|\n|-weather|DesolateLand|[upkeep]\n|-heal|p2a: Ting-Lu|78\/100|[from] item: Leftovers\n|upkeep\n|turn|24\n|\n|t:|1698975208\n|move|p1a: Ogerpon|Solar Blade||[still]\n|-prepare|p1a: Ogerpon|Solar Blade\n|-anim|p1a: Ogerpon|Solar Blade|p2a: Ting-Lu\n|-supereffective|p2a: Ting-Lu\n|-damage|p2a: Ting-Lu|0 fnt\n|faint|p2a: Ting-Lu\n|\n|-weather|DesolateLand|[upkeep]\n|upkeep\n|\n|t:|1698975213\n|switch|p2a: Zapdos|Zapdos-Galar|75\/100\n|-ability|p2a: Zapdos|Sword of Ruin\n|turn|25\n|\n|t:|1698975216\n|move|p2a: Zapdos|Brave Bird|p1a: Ogerpon\n|-supereffective|p1a: Ogerpon\n|-damage|p1a: Ogerpon|0 fnt\n|faint|p1a: Ogerpon\n|-weather|none\n|-damage|p2a: Zapdos|59\/100|[from] Recoil\n|\n|-sideend|p1: dreepyairlines|Reflect\n|upkeep\n|\n|t:|1698975219\n|switch|p1a: Slither Wing|Slither Wing|65\/100\n|-damage|p1a: Slither Wing|49\/100|[from] Spikes\n|-damage|p1a: Slither Wing|36\/100|[from] Stealth Rock\n|turn|26\n|\n|t:|1698975223\n|move|p1a: Slither Wing|Drain Punch|p2a: Zapdos\n|-resisted|p2a: Zapdos\n|-damage|p2a: Zapdos|25\/100\n|-heal|p1a: Slither Wing|51\/100|[from] drain|[of] p2a: Zapdos\n|-damage|p1a: Slither Wing|41\/100|[from] item: Life Orb\n|move|p2a: Zapdos|Brave Bird|p1a: Slither Wing\n|-supereffective|p1a: Slither Wing\n|-damage|p1a: Slither Wing|0 fnt\n|faint|p1a: Slither Wing\n|-damage|p2a: Zapdos|10\/100|[from] Recoil\n|\n|win|XX_1nfinity_XX\n|c|\u2606XX_1nfinity_XX|ggs\n|c|\u2606dreepyairlines|gg\n","uploadtime":1698975233,"views":8,"p1id":"dreepyairlines","p2id":"xx1nfinityxx","formatid":"gen9anythinggoes","rating":0,"private":0,"password":""}