{"id":"gen9anythinggoes-1989735502","p1":"Pablo331","p2":"Rinkusu12","format":"[Gen 9] Anything Goes","log":"|j|\u2606Pablo331\n|j|\u2606Rinkusu12\n|t:|1699891283\n|gametype|singles\n|player|p1|Pablo331|wally|\n|player|p2|Rinkusu12|169|\n|teamsize|p1|6\n|teamsize|p2|6\n|gen|9\n|tier|[Gen 9] Anything Goes\n|rule|HP Percentage Mod: HP is shown in percentages\n|rule|Endless Battle Clause: Forcing endless battles is banned\n|clearpoke\n|poke|p1|Iron Valiant|\n|poke|p1|Goodra, F|\n|poke|p1|Lilligant-Hisui, F|\n|poke|p1|Torkoal, M|\n|poke|p1|Sandy Shocks|\n|poke|p1|Braviary, M|\n|poke|p2|Gholdengo|\n|poke|p2|Diancie|\n|poke|p2|Landorus-Therian, M|\n|poke|p2|Toxapex, F|\n|poke|p2|Eelektross, F|\n|poke|p2|Cinderace, F|\n|teampreview\n|\n|t:|1699891300\n|start\n|switch|p1a: Magician's Red|Torkoal, M|100\/100\n|switch|p2a: Landorus|Landorus-Therian, M|100\/100\n|-ability|p2a: Landorus|Intimidate|boost\n|-unboost|p1a: Magician's Red|atk|1\n|-weather|SunnyDay|[from] ability: Drought|[of] p1a: Magician's Red\n|turn|1\n|\n|t:|1699891318\n|switch|p1a: Stray Cat|Lilligant-Hisui, F|100\/100\n|move|p2a: Landorus|Stealth Rock|p1a: Stray Cat\n|-sidestart|p1: Pablo331|move: Stealth Rock\n|\n|-weather|SunnyDay|[upkeep]\n|upkeep\n|turn|2\n|c|\u2606Rinkusu12|gl hf\n|\n|t:|1699891336\n|move|p1a: Stray Cat|Victory Dance|p1a: Stray Cat\n|-boost|p1a: Stray Cat|atk|1\n|-boost|p1a: Stray Cat|def|1\n|-boost|p1a: Stray Cat|spe|1\n|move|p2a: Landorus|U-turn|p1a: Stray Cat\n|-damage|p1a: Stray Cat|77\/100\n|\n|t:|1699891342\n|switch|p2a: Toxapex|Toxapex, F|100\/100|[from] U-turn\n|\n|-weather|SunnyDay|[upkeep]\n|-heal|p1a: Stray Cat|83\/100|[from] item: Leftovers\n|upkeep\n|turn|3\n|\n|t:|1699891350\n|move|p1a: Stray Cat|Solar Blade||[still]\n|-prepare|p1a: Stray Cat|Solar Blade\n|-anim|p1a: Stray Cat|Solar Blade|p2a: Toxapex\n|-damage|p2a: Toxapex|44\/100\n|move|p2a: Toxapex|Haze|p2a: Toxapex\n|-clearallboost\n|\n|-weather|SunnyDay|[upkeep]\n|-heal|p1a: Stray Cat|89\/100|[from] item: Leftovers\n|-heal|p2a: Toxapex|50\/100|[from] item: Black Sludge\n|upkeep\n|turn|4\n|\n|t:|1699891363\n|switch|p2a: Landorus|Landorus-Therian, M|100\/100\n|-ability|p2a: Landorus|Intimidate|boost\n|-unboost|p1a: Stray Cat|atk|1\n|move|p1a: Stray Cat|Solar Blade||[still]\n|-prepare|p1a: Stray Cat|Solar Blade\n|-anim|p1a: Stray Cat|Solar Blade|p2a: Landorus\n|-damage|p2a: Landorus|71\/100\n|\n|-weather|SunnyDay|[upkeep]\n|-heal|p1a: Stray Cat|95\/100|[from] item: Leftovers\n|-heal|p2a: Landorus|77\/100|[from] item: Leftovers\n|upkeep\n|turn|5\n|\n|t:|1699891376\n|move|p1a: Stray Cat|Victory Dance|p1a: Stray Cat\n|-boost|p1a: Stray Cat|atk|1\n|-boost|p1a: Stray Cat|def|1\n|-boost|p1a: Stray Cat|spe|1\n|move|p2a: Landorus|U-turn|p1a: Stray Cat\n|-damage|p1a: Stray Cat|72\/100\n|\n|t:|1699891396\n|switch|p2a: Toxapex|Toxapex, F|83\/100|[from] U-turn\n|\n|-weather|SunnyDay|[upkeep]\n|-heal|p1a: Stray Cat|78\/100|[from] item: Leftovers\n|-heal|p2a: Toxapex|90\/100|[from] item: Black Sludge\n|upkeep\n|turn|6\n|\n|t:|1699891406\n|move|p1a: Stray Cat|Victory Dance|p1a: Stray Cat\n|-boost|p1a: Stray Cat|atk|1\n|-boost|p1a: Stray Cat|def|1\n|-boost|p1a: Stray Cat|spe|1\n|move|p2a: Toxapex|Haze|p2a: Toxapex\n|-clearallboost\n|\n|-weather|SunnyDay|[upkeep]\n|-heal|p1a: Stray Cat|84\/100|[from] item: Leftovers\n|-heal|p2a: Toxapex|96\/100|[from] item: Black Sludge\n|upkeep\n|turn|7\n|\n|t:|1699891416\n|switch|p2a: Cinderace|Cinderace, F|100\/100\n|move|p1a: Stray Cat|Victory Dance|p1a: Stray Cat\n|-boost|p1a: Stray Cat|atk|1\n|-boost|p1a: Stray Cat|def|1\n|-boost|p1a: Stray Cat|spe|1\n|\n|-weather|SunnyDay|[upkeep]\n|-heal|p1a: Stray Cat|90\/100|[from] item: Leftovers\n|upkeep\n|turn|8\n|\n|t:|1699891440\n|switch|p1a: Yellow Temperance|Goodra, F, shiny|100\/100\n|-damage|p1a: Yellow Temperance|88\/100|[from] Stealth Rock\n|move|p2a: Cinderace|Pyro Ball|p1a: Yellow Temperance\n|-resisted|p1a: Yellow Temperance\n|-damage|p1a: Yellow Temperance|53\/100\n|\n|-weather|none\n|upkeep\n|turn|9\n|\n|t:|1699891450\n|move|p2a: Cinderace|U-turn|p1a: Yellow Temperance\n|-start|p2a: Cinderace|typechange|Bug|[from] ability: Libero\n|-damage|p1a: Yellow Temperance|25\/100\n|\n|t:|1699891461\n|switch|p2a: Diancie|Diancie|100\/100|[from] U-turn\n|move|p1a: Yellow Temperance|Scald|p2a: Diancie\n|-supereffective|p2a: Diancie\n|-damage|p2a: Diancie|77\/100\n|\n|upkeep\n|turn|10\n|\n|t:|1699891489\n|move|p1a: Yellow Temperance|Scald|p2a: Diancie\n|-supereffective|p2a: Diancie\n|-damage|p2a: Diancie|56\/100\n|-status|p2a: Diancie|brn\n|move|p2a: Diancie|Draining Kiss|p1a: Yellow Temperance\n|-supereffective|p1a: Yellow Temperance\n|-damage|p1a: Yellow Temperance|10\/100\n|-heal|p2a: Diancie|70\/100 brn|[from] drain|[of] p1a: Yellow Temperance\n|\n|-damage|p2a: Diancie|65\/100 brn|[from] brn\n|upkeep\n|turn|11\n|\n|t:|1699891510\n|move|p1a: Yellow Temperance|Knock Off|p2a: Diancie\n|-resisted|p2a: Diancie\n|-damage|p2a: Diancie|56\/100 brn\n|-enditem|p2a: Diancie|Assault Vest|[from] move: Knock Off|[of] p1a: Yellow Temperance\n|move|p2a: Diancie|Earth Power|p1a: Yellow Temperance\n|-damage|p1a: Yellow Temperance|1\/100\n|\n|-damage|p2a: Diancie|50\/100 brn|[from] brn\n|upkeep\n|turn|12\n|\n|t:|1699891528\n|move|p1a: Yellow Temperance|Scald|p2a: Diancie\n|-supereffective|p2a: Diancie\n|-damage|p2a: Diancie|19\/100 brn\n|move|p2a: Diancie|Draining Kiss|p1a: Yellow Temperance\n|-supereffective|p1a: Yellow Temperance\n|-damage|p1a: Yellow Temperance|0 fnt\n|-heal|p2a: Diancie|20\/100 brn|[from] drain|[of] p1a: Yellow Temperance\n|faint|p1a: Yellow Temperance\n|\n|-damage|p2a: Diancie|14\/100 brn|[from] brn\n|upkeep\n|\n|t:|1699891561\n|switch|p1a: Pet Shop|Braviary, M, shiny|100\/100\n|turn|13\n|\n|t:|1699891572\n|move|p1a: Pet Shop|Zen Headbutt|p2a: Diancie\n|-damage|p2a: Diancie|0 fnt\n|faint|p2a: Diancie\n|\n|upkeep\n|\n|t:|1699891579\n|switch|p2a: Eelektross|Eelektross, F|100\/100\n|turn|14\n|\n|t:|1699891592\n|switch|p1a: Magician's Red|Torkoal, M|100\/100\n|-damage|p1a: Magician's Red|76\/100|[from] Stealth Rock\n|-weather|SunnyDay|[from] ability: Drought|[of] p1a: Magician's Red\n|-terastallize|p2a: Eelektross|Electric\n|move|p2a: Eelektross|Giga Drain|p1a: Magician's Red\n|-resisted|p1a: Magician's Red\n|-damage|p1a: Magician's Red|65\/100\n|\n|-weather|SunnyDay|[upkeep]\n|upkeep\n|turn|15\n|\n|t:|1699891616\n|switch|p1a: Stray Cat|Lilligant-Hisui, F|90\/100\n|-damage|p1a: Stray Cat|84\/100|[from] Stealth Rock\n|move|p2a: Eelektross|Volt Switch|p1a: Stray Cat\n|-resisted|p1a: Stray Cat\n|-damage|p1a: Stray Cat|47\/100\n|\n|t:|1699891623\n|switch|p2a: Cinderace|Cinderace, F|100\/100|[from] Volt Switch\n|\n|-weather|SunnyDay|[upkeep]\n|-heal|p1a: Stray Cat|53\/100|[from] item: Leftovers\n|upkeep\n|turn|16\n|\n|t:|1699891638\n|switch|p1a: Metallica|Sandy Shocks|100\/100\n|-damage|p1a: Metallica|94\/100|[from] Stealth Rock\n|-activate|p1a: Metallica|ability: Protosynthesis\n|-start|p1a: Metallica|protosynthesisspe\n|move|p2a: Cinderace|Gunk Shot|p1a: Metallica\n|-start|p2a: Cinderace|typechange|Poison|[from] ability: Libero\n|-resisted|p1a: Metallica\n|-damage|p1a: Metallica|62\/100\n|\n|-weather|SunnyDay|[upkeep]\n|upkeep\n|turn|17\n|\n|t:|1699891656\n|switch|p2a: Eelektross|Eelektross, F, tera:Electric|100\/100\n|move|p1a: Metallica|Flash Cannon|p2a: Eelektross\n|-resisted|p2a: Eelektross\n|-damage|p2a: Eelektross|88\/100\n|-damage|p1a: Metallica|52\/100|[from] item: Life Orb\n|\n|-weather|SunnyDay|[upkeep]\n|upkeep\n|turn|18\n|\n|t:|1699891669\n|move|p1a: Metallica|Volt Switch|p2a: Eelektross\n|-resisted|p2a: Eelektross\n|-damage|p2a: Eelektross|71\/100\n|-damage|p1a: Metallica|42\/100|[from] item: Life Orb\n|\n|t:|1699891676\n|-end|p1a: Metallica|Protosynthesis|[silent]\n|switch|p1a: Stray Cat|Lilligant-Hisui, F|53\/100|[from] Volt Switch\n|-damage|p1a: Stray Cat|47\/100|[from] Stealth Rock\n|move|p2a: Eelektross|Giga Drain|p1a: Stray Cat\n|-resisted|p1a: Stray Cat\n|-damage|p1a: Stray Cat|26\/100\n|-heal|p2a: Eelektross|79\/100|[from] drain|[of] p1a: Stray Cat\n|\n|-weather|SunnyDay|[upkeep]\n|-heal|p1a: Stray Cat|32\/100|[from] item: Leftovers\n|upkeep\n|turn|19\n|\n|t:|1699891688\n|move|p1a: Stray Cat|Solar Blade||[still]\n|-prepare|p1a: Stray Cat|Solar Blade\n|-anim|p1a: Stray Cat|Solar Blade|p2a: Eelektross\n|-damage|p2a: Eelektross|6\/100\n|move|p2a: Eelektross|Flamethrower|p1a: Stray Cat\n|-supereffective|p1a: Stray Cat\n|-damage|p1a: Stray Cat|0 fnt\n|faint|p1a: Stray Cat\n|\n|-weather|SunnyDay|[upkeep]\n|upkeep\n|\n|t:|1699891701\n|switch|p1a: Pet Shop|Braviary, M, shiny|100\/100\n|turn|20\n|\n|t:|1699891722\n|switch|p2a: Landorus|Landorus-Therian, M|77\/100\n|-ability|p2a: Landorus|Intimidate|boost\n|-unboost|p1a: Pet Shop|atk|1\n|-ability|p1a: Pet Shop|Defiant|boost\n|-boost|p1a: Pet Shop|atk|2\n|move|p1a: Pet Shop|Zen Headbutt|p2a: Landorus\n|-damage|p2a: Landorus|49\/100\n|\n|-weather|SunnyDay|[upkeep]\n|-heal|p2a: Landorus|55\/100|[from] item: Leftovers\n|upkeep\n|turn|21\n|\n|t:|1699891741\n|-terastallize|p1a: Pet Shop|Steel\n|move|p1a: Pet Shop|Brave Bird|p2a: Landorus\n|-damage|p2a: Landorus|0 fnt\n|faint|p2a: Landorus\n|-damage|p1a: Pet Shop|80\/100|[from] Recoil\n|\n|-weather|none\n|upkeep\n|\n|t:|1699891750\n|switch|p2a: Cinderace|Cinderace, F|100\/100\n|turn|22\n|\n|t:|1699891762\n|switch|p1a: Magician's Red|Torkoal, M|65\/100\n|-damage|p1a: Magician's Red|40\/100|[from] Stealth Rock\n|-weather|SunnyDay|[from] ability: Drought|[of] p1a: Magician's Red\n|move|p2a: Cinderace|Pyro Ball|p1a: Magician's Red\n|-resisted|p1a: Magician's Red\n|-damage|p1a: Magician's Red|7\/100\n|\n|-weather|SunnyDay|[upkeep]\n|upkeep\n|turn|23\n|\n|t:|1699891774\n|move|p2a: Cinderace|Gunk Shot|p1a: Magician's Red\n|-start|p2a: Cinderace|typechange|Poison|[from] ability: Libero\n|-damage|p1a: Magician's Red|0 fnt\n|faint|p1a: Magician's Red\n|\n|-weather|SunnyDay|[upkeep]\n|upkeep\n|\n|t:|1699891782\n|switch|p1a: Anubis|Iron Valiant, shiny|100\/100\n|-damage|p1a: Anubis|94\/100|[from] Stealth Rock\n|-enditem|p1a: Anubis|Booster Energy\n|-activate|p1a: Anubis|ability: Quark Drive|[fromitem]\n|-start|p1a: Anubis|quarkdrivespe\n|turn|24\n|\n|t:|1699891793\n|move|p1a: Anubis|Psychic|p2a: Cinderace\n|-supereffective|p2a: Cinderace\n|-damage|p2a: Cinderace|19\/100\n|move|p2a: Cinderace|Gunk Shot|p1a: Anubis\n|-supereffective|p1a: Anubis\n|-damage|p1a: Anubis|0 fnt\n|faint|p1a: Anubis\n|-end|p1a: Anubis|Quark Drive|[silent]\n|\n|-weather|SunnyDay|[upkeep]\n|upkeep\n|\n|t:|1699891802\n|switch|p1a: Pet Shop|Braviary, M, shiny, tera:Steel|80\/100\n|turn|25\n|\n|t:|1699891808\n|switch|p2a: Toxapex|Toxapex, F|100\/100\n|switch|p1a: Metallica|Sandy Shocks|42\/100\n|-damage|p1a: Metallica|36\/100|[from] Stealth Rock\n|-activate|p1a: Metallica|ability: Protosynthesis\n|-start|p1a: Metallica|protosynthesisspe\n|\n|-weather|SunnyDay|[upkeep]\n|upkeep\n|turn|26\n|\n|t:|1699891825\n|move|p1a: Metallica|Thunderbolt|p2a: Toxapex\n|-supereffective|p2a: Toxapex\n|-crit|p2a: Toxapex\n|-damage|p2a: Toxapex|0 fnt\n|faint|p2a: Toxapex\n|-damage|p1a: Metallica|26\/100|[from] item: Life Orb\n|\n|-weather|SunnyDay|[upkeep]\n|upkeep\n|\n|t:|1699891831\n|switch|p2a: Gholdengo|Gholdengo|100\/100\n|turn|27\n|\n|t:|1699891838\n|move|p1a: Metallica|Earth Power|p2a: Gholdengo\n|-supereffective|p2a: Gholdengo\n|-damage|p2a: Gholdengo|0 fnt\n|faint|p2a: Gholdengo\n|-damage|p1a: Metallica|16\/100|[from] item: Life Orb\n|\n|-weather|SunnyDay|[upkeep]\n|upkeep\n|\n|t:|1699891855\n|switch|p2a: Eelektross|Eelektross, F, tera:Electric|6\/100\n|turn|28\n|\n|t:|1699891862\n|move|p1a: Metallica|Flash Cannon|p2a: Eelektross\n|-resisted|p2a: Eelektross\n|-damage|p2a: Eelektross|0 fnt\n|faint|p2a: Eelektross\n|-damage|p1a: Metallica|6\/100|[from] item: Life Orb\n|\n|-weather|SunnyDay|[upkeep]\n|upkeep\n|\n|t:|1699891867\n|switch|p2a: Cinderace|Cinderace, F|19\/100\n|turn|29\n|\n|t:|1699891873\n|move|p1a: Metallica|Earth Power|p2a: Cinderace\n|-supereffective|p2a: Cinderace\n|-damage|p2a: Cinderace|0 fnt\n|faint|p2a: Cinderace\n|-damage|p1a: Metallica|0 fnt|[from] item: Life Orb\n|faint|p1a: Metallica\n|-end|p1a: Metallica|Protosynthesis|[silent]\n|\n|win|Pablo331\n|c|\u2606Pablo331|Gg\n|c|\u2606Rinkusu12|gg\n|c|\u2606Rinkusu12|una duda\n|c|\u2606Rinkusu12|cuanta speed tiene?\n|c|\u2606Pablo331|Lo mando yo ahora\n|c|\u2606Pablo331|mucha\n|c|\u2606Rinkusu12|va perfe\n|c|\u2606Pablo331|casi 500\n|c|\u2606Rinkusu12|Cunato es mucha?\n|c|\u2606Pablo331|por el sol\n|c|\u2606Rinkusu12|\u00aa\n|c|\u2606Rinkusu12|es que me ha rallado\n|c|\u2606Rinkusu12|porque el gholdengo iba scarf\n|c|\u2606Pablo331|es que lo lleve as\u00ed porque es ultra r\u00e1pido y con el lo pega mucho\n|c|\u2606Pablo331|lo llevo espec\u00edfico para el gholdengo\n|c|\u2606Pablo331|lo tenia calculado para ser m\u00e1s r\u00e1pido\n|c|\u2606Rinkusu12|no sabia lo de que el sol de da velocidad\n|c|\u2606Pablo331|Si, por la habilidad\n|c|\u2606Pablo331|al ser del pasado\n|c|\u2606Pablo331|le da 1,5 de velocidad\n|c|\u2606Rinkusu12|lo que tiene no jugar desde gen 6 xD\n|c|\u2606Rinkusu12|no me se las cosas nuevas\n|c|\u2606Pablo331|Es una bestia este pokemon, me he quedado igual que t\u00fa\n","uploadtime":1699891996,"views":16,"p1id":"pablo331","p2id":"rinkusu12","formatid":"gen9anythinggoes","rating":0,"private":0,"password":""}