{"id":"gen9anythinggoes-1985677431","p1":"mohamed_asfar","p2":"MexicanTortoise","format":"[Gen 9] Anything Goes","log":"|j|\u2606mohamed_asfar\n|j|\u2606MexicanTortoise\n|t:|1699394850\n|gametype|singles\n|player|p1|mohamed_asfar|giovanni|\n|player|p2|MexicanTortoise|pokemonranger-gen4|\n|teamsize|p1|6\n|teamsize|p2|6\n|gen|9\n|tier|[Gen 9] Anything Goes\n|rule|HP Percentage Mod: HP is shown in percentages\n|rule|Endless Battle Clause: Forcing endless battles is banned\n|clearpoke\n|poke|p1|Dragapult, F|\n|poke|p1|Ursaluna-Bloodmoon, M|\n|poke|p1|Ogerpon, F|\n|poke|p1|Zapdos|\n|poke|p1|Arcanine, M|\n|poke|p1|Slowking, F|\n|poke|p2|Annihilape, M|\n|poke|p2|Garchomp, F|\n|poke|p2|Iron Hands|\n|poke|p2|Mew|\n|poke|p2|Sylveon, M|\n|poke|p2|Bronzong|\n|teampreview\n|inactive|Battle timer is ON: inactive players will automatically lose when time's up. (requested by mohamed_asfar)\n|\n|t:|1699394863\n|start\n|switch|p1a: Dragoo|Dragapult, F|100\/100\n|switch|p2a: Annihilape|Annihilape, M|100\/100\n|turn|1\n|\n|t:|1699394874\n|move|p1a: Dragoo|Phantom Force||[still]\n|-prepare|p1a: Dragoo|Phantom Force\n|-enditem|p1a: Dragoo|Power Herb\n|-anim|p1a: Dragoo|Phantom Force|p2a: Annihilape\n|-supereffective|p2a: Annihilape\n|-damage|p2a: Annihilape|24\/100\n|move|p2a: Annihilape|Final Gambit|p1a: Dragoo\n|-immune|p1a: Dragoo\n|\n|-heal|p2a: Annihilape|30\/100|[from] item: Leftovers\n|upkeep\n|turn|2\n|inactive|MexicanTortoise has 270 seconds left.\n|\n|t:|1699394904\n|move|p1a: Dragoo|Acrobatics|p2a: Annihilape\n|-supereffective|p2a: Annihilape\n|-damage|p2a: Annihilape|0 fnt\n|faint|p2a: Annihilape\n|\n|upkeep\n|inactive|MexicanTortoise has 270 seconds left.\n|\n|t:|1699394912\n|switch|p2a: Mew|Mew, shiny|100\/100\n|turn|3\n|\n|t:|1699394917\n|move|p2a: Mew|Ice Beam|p1a: Dragoo\n|-supereffective|p1a: Dragoo\n|-damage|p1a: Dragoo|41\/100\n|move|p1a: Dragoo|Phantom Force||[still]\n|-prepare|p1a: Dragoo|Phantom Force\n|\n|upkeep\n|turn|4\n|inactive|MexicanTortoise has 270 seconds left.\n|\n|t:|1699394938\n|move|p2a: Mew|Ice Beam|p1a: Dragoo|[miss]\n|-miss|p2a: Mew|p1a: Dragoo\n|move|p1a: Dragoo|Phantom Force|p2a: Mew|[from]lockedmove\n|-supereffective|p2a: Mew\n|-damage|p2a: Mew|32\/100\n|\n|upkeep\n|turn|5\n|\n|t:|1699394946\n|switch|p1a: Kingler|Slowking, F|100\/100\n|move|p2a: Mew|Ice Beam|p1a: Kingler\n|-resisted|p1a: Kingler\n|-damage|p1a: Kingler|91\/100\n|\n|-heal|p1a: Kingler|97\/100|[from] item: Leftovers\n|upkeep\n|turn|6\n|\n|t:|1699394957\n|switch|p2a: Iron Hands|Iron Hands|100\/100\n|-enditem|p2a: Iron Hands|Booster Energy\n|-activate|p2a: Iron Hands|ability: Quark Drive|[fromitem]\n|-start|p2a: Iron Hands|quarkdriveatk\n|move|p1a: Kingler|Future Sight|p2a: Iron Hands\n|-start|p1a: Kingler|move: Future Sight\n|\n|-heal|p1a: Kingler|100\/100|[from] item: Leftovers\n|upkeep\n|turn|7\n|inactive|MexicanTortoise has 270 seconds left.\n|\n|t:|1699394986\n|switch|p1a: Zap Bird|Zapdos|100\/100\n|move|p2a: Iron Hands|Earthquake|p1a: Zap Bird\n|-immune|p1a: Zap Bird\n|\n|upkeep\n|turn|8\n|inactive|MexicanTortoise has 270 seconds left.\n|inactive|mohamed_asfar has 270 seconds left.\n|\n|t:|1699395008\n|move|p1a: Zap Bird|Hurricane|p2a: Iron Hands|[miss]\n|-miss|p1a: Zap Bird|p2a: Iron Hands\n|move|p2a: Iron Hands|Ice Punch|p1a: Zap Bird\n|-supereffective|p1a: Zap Bird\n|-damage|p1a: Zap Bird|21\/100\n|\n|-end|p2a: Iron Hands|move: Future Sight\n|-supereffective|p2a: Iron Hands\n|-damage|p2a: Iron Hands|21\/100\n|upkeep\n|turn|9\n|\n|t:|1699395019\n|move|p1a: Zap Bird|Hurricane|p2a: Iron Hands\n|-damage|p2a: Iron Hands|0 fnt\n|faint|p2a: Iron Hands\n|-end|p2a: Iron Hands|Quark Drive|[silent]\n|\n|upkeep\n|\n|t:|1699395027\n|switch|p2a: Sylveon|Sylveon, M, shiny|100\/100\n|turn|10\n|\n|t:|1699395037\n|switch|p1a: Kingler|Slowking, F|100\/100\n|move|p2a: Sylveon|Yawn|p1a: Kingler\n|-start|p1a: Kingler|move: Yawn|[of] p2a: Sylveon\n|\n|upkeep\n|turn|11\n|\n|t:|1699395056\n|move|p2a: Sylveon|Protect|p2a: Sylveon\n|-singleturn|p2a: Sylveon|Protect\n|move|p1a: Kingler|Future Sight|p2a: Sylveon\n|-start|p1a: Kingler|move: Future Sight\n|\n|-end|p1a: Kingler|move: Yawn|[silent]\n|-status|p1a: Kingler|slp\n|upkeep\n|turn|12\n|inactive|MexicanTortoise has 270 seconds left.\n|\n|t:|1699395064\n|switch|p1a: Totem|Ogerpon, F|100\/100\n|move|p2a: Sylveon|Moonblast|p1a: Totem\n|-damage|p1a: Totem|61\/100\n|-unboost|p1a: Totem|spa|1\n|-ability|p1a: Totem|Defiant|boost\n|-boost|p1a: Totem|atk|2\n|\n|upkeep\n|turn|13\n|\n|t:|1699395073\n|move|p1a: Totem|Ivy Cudgel|p2a: Sylveon\n|-damage|p2a: Sylveon|0 fnt\n|faint|p2a: Sylveon\n|\n|-hint|Future Sight did not hit because the target is fainted.\n|upkeep\n|\n|t:|1699395082\n|switch|p2a: Mew|Mew, shiny|32\/100\n|turn|14\n|\n|t:|1699395090\n|switch|p1a: Kingler|Slowking, F|100\/100 slp\n|move|p2a: Mew|Ice Beam|p1a: Kingler\n|-resisted|p1a: Kingler\n|-damage|p1a: Kingler|91\/100 slp\n|\n|-heal|p1a: Kingler|97\/100 slp|[from] item: Leftovers\n|upkeep\n|turn|15\n|\n|t:|1699395101\n|switch|p2a: Bronzong|Bronzong|100\/100\n|cant|p1a: Kingler|slp\n|\n|-heal|p1a: Kingler|100\/100 slp|[from] item: Leftovers\n|upkeep\n|turn|16\n|\n|t:|1699395110\n|-curestatus|p1a: Kingler|slp|[msg]\n|move|p1a: Kingler|Future Sight|p2a: Bronzong\n|-start|p1a: Kingler|move: Future Sight\n|move|p2a: Bronzong|Trick Room|p2a: Bronzong\n|-fieldstart|move: Trick Room|[of] p2a: Bronzong\n|\n|upkeep\n|turn|17\n|\n|t:|1699395135\n|switch|p1a: Lava Puppy|Arcanine, M|100\/100\n|-ability|p1a: Lava Puppy|Intimidate|boost\n|-unboost|p2a: Bronzong|atk|1\n|move|p2a: Bronzong|Iron Defense|p2a: Bronzong\n|-boost|p2a: Bronzong|def|2\n|\n|upkeep\n|turn|18\n|\n|t:|1699395146\n|move|p2a: Bronzong|Iron Defense|p2a: Bronzong\n|-boost|p2a: Bronzong|def|2\n|move|p1a: Lava Puppy|Will-O-Wisp|p2a: Bronzong\n|-status|p2a: Bronzong|brn\n|\n|-end|p2a: Bronzong|move: Future Sight\n|-resisted|p2a: Bronzong\n|-damage|p2a: Bronzong|89\/100 brn\n|-damage|p2a: Bronzong|83\/100 brn|[from] brn\n|upkeep\n|turn|19\n|\n|t:|1699395158\n|switch|p1a: Dragoo|Dragapult, F|41\/100\n|move|p2a: Bronzong|Iron Defense|p2a: Bronzong\n|-boost|p2a: Bronzong|def|2\n|\n|-damage|p2a: Bronzong|77\/100 brn|[from] brn\n|upkeep\n|turn|20\n|\n|t:|1699395166\n|move|p2a: Bronzong|Ice Spinner|p1a: Dragoo\n|-supereffective|p1a: Dragoo\n|-damage|p1a: Dragoo|24\/100\n|move|p1a: Dragoo|Phantom Force||[still]\n|-prepare|p1a: Dragoo|Phantom Force\n|\n|-damage|p2a: Bronzong|71\/100 brn|[from] brn\n|-fieldend|move: Trick Room\n|upkeep\n|turn|21\n|\n|t:|1699395174\n|move|p1a: Dragoo|Phantom Force|p2a: Bronzong|[from]lockedmove\n|-supereffective|p2a: Bronzong\n|-damage|p2a: Bronzong|51\/100 brn\n|-enditem|p2a: Bronzong|Red Card|[of] p1a: Dragoo\n|drag|p1a: Totem|Ogerpon, F|61\/100\n|move|p2a: Bronzong|Trick Room|p2a: Bronzong\n|-fieldstart|move: Trick Room|[of] p2a: Bronzong\n|\n|-damage|p2a: Bronzong|45\/100 brn|[from] brn\n|upkeep\n|turn|22\n|\n|t:|1699395186\n|move|p1a: Totem|Spiky Shield|p1a: Totem\n|-singleturn|p1a: Totem|move: Protect\n|move|p2a: Bronzong|Ice Spinner|p1a: Totem\n|-activate|p1a: Totem|move: Protect\n|-damage|p2a: Bronzong|32\/100 brn|[from] Spiky Shield|[of] p1a: Totem\n|\n|-damage|p2a: Bronzong|26\/100 brn|[from] brn\n|upkeep\n|turn|23\n|\n|t:|1699395196\n|switch|p1a: Kingler|Slowking, F|100\/100\n|move|p2a: Bronzong|Ice Spinner|p1a: Kingler\n|-resisted|p1a: Kingler\n|-damage|p1a: Kingler|97\/100\n|\n|-heal|p1a: Kingler|100\/100|[from] item: Leftovers\n|-damage|p2a: Bronzong|20\/100 brn|[from] brn\n|upkeep\n|turn|24\n|\n|t:|1699395206\n|move|p1a: Kingler|Psychic|p2a: Bronzong\n|-resisted|p2a: Bronzong\n|-damage|p2a: Bronzong|11\/100 brn\n|move|p2a: Bronzong|Body Press|p1a: Kingler\n|-resisted|p1a: Kingler\n|-damage|p1a: Kingler|75\/100\n|\n|-heal|p1a: Kingler|81\/100|[from] item: Leftovers\n|-damage|p2a: Bronzong|5\/100 brn|[from] brn\n|upkeep\n|turn|25\n|\n|t:|1699395216\n|switch|p2a: Garchomp|Garchomp, F|100\/100\n|move|p1a: Kingler|Future Sight|p2a: Garchomp\n|-start|p1a: Kingler|move: Future Sight\n|\n|-heal|p1a: Kingler|87\/100|[from] item: Leftovers\n|-fieldend|move: Trick Room\n|upkeep\n|turn|26\n|inactive|MexicanTortoise has 270 seconds left.\n|\n|t:|1699395252\n|move|p2a: Garchomp|Draco Meteor|p1a: Kingler\n|-damage|p1a: Kingler|41\/100\n|-unboost|p2a: Garchomp|spa|2\n|-damage|p2a: Garchomp|91\/100|[from] item: Life Orb\n|move|p1a: Kingler|Ice Beam|p2a: Garchomp\n|-supereffective|p2a: Garchomp\n|-damage|p2a: Garchomp|8\/100\n|\n|-heal|p1a: Kingler|47\/100|[from] item: Leftovers\n|upkeep\n|turn|27\n|inactive|MexicanTortoise has 270 seconds left.\n|\n|t:|1699395262\n|move|p2a: Garchomp|Draco Meteor|p1a: Kingler|[miss]\n|-miss|p2a: Garchomp|p1a: Kingler\n|move|p1a: Kingler|Ice Beam|p2a: Garchomp\n|-supereffective|p2a: Garchomp\n|-crit|p2a: Garchomp\n|-damage|p2a: Garchomp|0 fnt\n|faint|p2a: Garchomp\n|\n|-hint|Future Sight did not hit because the target is fainted.\n|-heal|p1a: Kingler|53\/100|[from] item: Leftovers\n|upkeep\n|inactive|MexicanTortoise has 270 seconds left.\n|\n|t:|1699395273\n|switch|p2a: Mew|Mew, shiny|32\/100\n|turn|28\n|inactive|MexicanTortoise has 270 seconds left.\n|\n|t:|1699395281\n|move|p2a: Mew|Ice Beam|p1a: Kingler\n|-resisted|p1a: Kingler\n|-damage|p1a: Kingler|44\/100\n|move|p1a: Kingler|Ice Beam|p2a: Mew\n|-damage|p2a: Mew|10\/100\n|\n|-heal|p1a: Kingler|50\/100|[from] item: Leftovers\n|upkeep\n|turn|29\n|\n|t:|1699395289\n|move|p2a: Mew|Ice Beam|p1a: Kingler\n|-resisted|p1a: Kingler\n|-damage|p1a: Kingler|40\/100\n|move|p1a: Kingler|Ice Beam|p2a: Mew\n|-damage|p2a: Mew|0 fnt\n|faint|p2a: Mew\n|\n|-heal|p1a: Kingler|46\/100|[from] item: Leftovers\n|upkeep\n|inactive|MexicanTortoise has 270 seconds left.\n|\n|t:|1699395303\n|switch|p2a: Bronzong|Bronzong|5\/100 brn\n|turn|30\n|\n|t:|1699395311\n|move|p2a: Bronzong|Body Press|p1a: Kingler\n|-resisted|p1a: Kingler\n|-damage|p1a: Kingler|40\/100\n|move|p1a: Kingler|Ice Beam|p2a: Bronzong\n|-resisted|p2a: Bronzong\n|-damage|p2a: Bronzong|0 fnt\n|faint|p2a: Bronzong\n|\n|win|mohamed_asfar\n","uploadtime":1699395320,"views":4,"p1id":"mohamedasfar","p2id":"mexicantortoise","formatid":"gen9anythinggoes","rating":0,"private":0,"password":""}