{"id":"gen9anythinggoes-1988461686","p1":"AI is good","p2":"bailongzhenshuai","format":"[Gen 9] Anything Goes","log":"|j|\u2606AI is good\n|j|\u2606bailongzhenshuai\n|t:|1699725455\n|gametype|singles\n|player|p1|AI is good|lillie-masters|1910\n|player|p2|bailongzhenshuai|roxie|1935\n|teamsize|p1|6\n|teamsize|p2|6\n|gen|9\n|tier|[Gen 9] Anything Goes\n|rated|\n|rule|HP Percentage Mod: HP is shown in percentages\n|rule|Endless Battle Clause: Forcing endless battles is banned\n|clearpoke\n|poke|p1|Rayquaza|\n|poke|p1|Koraidon|\n|poke|p1|Mandibuzz, F|\n|poke|p1|Calyrex-Shadow|\n|poke|p1|Landorus-Therian, M|\n|poke|p1|Arceus-Fairy|\n|poke|p2|Calyrex-Ice|\n|poke|p2|Kyogre|\n|poke|p2|Koraidon|\n|poke|p2|Arceus|\n|poke|p2|Ursaluna-Bloodmoon, M|\n|poke|p2|Arceus-Fairy|\n|teampreview\n|inactive|Battle timer is ON: inactive players will automatically lose when time's up. (requested by bailongzhenshuai)\n|c|\u2606AI is good|\u725b\u903c\n|c|\u2606bailongzhenshuai|\u725b\u903c\n|c|\u2606bailongzhenshuai|\u592a\u540a\u4e86\n|\n|t:|1699725477\n|start\n|switch|p1a: Landorus|Landorus-Therian, M|100\/100\n|switch|p2a: Ursaluna|Ursaluna-Bloodmoon, M|100\/100\n|-ability|p1a: Landorus|Intimidate|boost\n|-unboost|p2a: Ursaluna|atk|1\n|turn|1\n|\n|t:|1699725496\n|move|p1a: Landorus|Stealth Rock|p2a: Ursaluna\n|-sidestart|p2: bailongzhenshuai|move: Stealth Rock\n|move|p2a: Ursaluna|Blood Moon|p1a: Landorus\n|-damage|p1a: Landorus|0 fnt\n|faint|p1a: Landorus\n|-damage|p2a: Ursaluna|90\/100|[from] item: Life Orb\n|\n|upkeep\n|c|\u2606AI is good|\u60a0\u7740\u70b9\uff0c\u6211\u8fd9\u4e5fk9\u53f7\n|\n|t:|1699725512\n|switch|p1a: Koraidon|Koraidon|100\/100\n|-weather|SunnyDay|[from] ability: Orichalcum Pulse|[of] p1a: Koraidon\n|-activate|p1a: Koraidon|Orichalcum Pulse|[source]\n|turn|2\n|\n|t:|1699725516\n|move|p1a: Koraidon|U-turn|p2a: Ursaluna\n|-damage|p2a: Ursaluna|68\/100\n|\n|t:|1699725522\n|switch|p1a: Arceus|Arceus-Fairy|100\/100|[from] U-turn\n|move|p2a: Ursaluna|Moonblast|p1a: Arceus\n|-damage|p1a: Arceus|70\/100\n|-damage|p2a: Ursaluna|58\/100|[from] item: Life Orb\n|\n|-weather|SunnyDay|[upkeep]\n|upkeep\n|turn|3\n|\n|t:|1699725528\n|move|p1a: Arceus|Judgment|p2a: Ursaluna\n|-damage|p2a: Ursaluna|5\/100\n|move|p2a: Ursaluna|Blood Moon|p1a: Arceus\n|-damage|p1a: Arceus|0 fnt\n|faint|p1a: Arceus\n|-damage|p2a: Ursaluna|0 fnt|[from] item: Life Orb\n|faint|p2a: Ursaluna\n|\n|-weather|SunnyDay|[upkeep]\n|upkeep\n|c|\u2606bailongzhenshuai|\u540a\n|c|\u2606AI is good|\u8fd9\u4e48\u75bc\n|inactive|AI is good has 120 seconds left.\n|\n|t:|1699725561\n|switch|p1a: Rayquaza|Rayquaza|100\/100\n|switch|p2a: Arceus|Arceus|100\/100\n|-ability|p1a: Rayquaza|Air Lock\n|-damage|p2a: Arceus|88\/100|[from] Stealth Rock\n|turn|4\n|c|\u2606AI is good|\u8f93\u4e86\u5440\n|c|\u2606AI is good|\u6ca1\u5565\u60ac\u5ff5\u4e86\n|inactive|AI is good has 120 seconds left.\n|\n|t:|1699725575\n|move|p1a: Rayquaza|Dragon Ascent|p2a: Arceus\n|-damage|p2a: Arceus|29\/100\n|-unboost|p1a: Rayquaza|def|1\n|-unboost|p1a: Rayquaza|spd|1\n|move|p2a: Arceus|Trick Room|p2a: Arceus\n|-fieldstart|move: Trick Room|[of] p2a: Arceus\n|\n|-weather|SunnyDay|[upkeep]\n|upkeep\n|turn|5\n|c|\u2606bailongzhenshuai|\u662f\u8fd9\u6837\u7684\n|\n|t:|1699725583\n|switch|p1a: Koraidon|Koraidon|100\/100\n|-activate|p1a: Koraidon|ability: Orichalcum Pulse\n|move|p2a: Arceus|Extreme Speed|p1a: Koraidon\n|-damage|p1a: Koraidon|71\/100\n|\n|-weather|SunnyDay|[upkeep]\n|upkeep\n|turn|6\n|\n|t:|1699725593\n|move|p2a: Arceus|Healing Wish|p2a: Arceus\n|faint|p2a: Arceus\n|move|p1a: Koraidon|Flare Blitz|p2: Arceus|[notarget]\n|-fail|p1a: Koraidon\n|\n|-weather|none\n|upkeep\n|\n|t:|1699725596\n|switch|p2a: Calyrex|Calyrex-Ice|100\/100\n|-ability|p2a: Calyrex|As One\n|-ability|p2a: Calyrex|Unnerve\n|-damage|p2a: Calyrex|76\/100|[from] Stealth Rock\n|turn|7\n|\n|t:|1699725608\n|-terastallize|p1a: Koraidon|Fire\n|move|p2a: Calyrex|Zen Headbutt|p1a: Koraidon\n|-damage|p1a: Koraidon|20\/100\n|move|p1a: Koraidon|Flare Blitz|p2a: Calyrex\n|-supereffective|p2a: Calyrex\n|-damage|p2a: Calyrex|2\/100\n|-status|p2a: Calyrex|brn\n|-damage|p1a: Koraidon|0 fnt|[from] Recoil\n|faint|p1a: Koraidon\n|\n|-damage|p2a: Calyrex|0 fnt|[from] brn\n|faint|p2a: Calyrex\n|upkeep\n|\n|t:|1699725628\n|switch|p2a: Kyogre|Kyogre|100\/100\n|switch|p1a: Mandibuzz|Mandibuzz, F|100\/100\n|-damage|p2a: Kyogre|88\/100|[from] Stealth Rock\n|-weather|RainDance|[from] ability: Drizzle|[of] p2a: Kyogre\n|turn|8\n|\n|t:|1699725633\n|switch|p1a: Rayquaza|Rayquaza|100\/100\n|-ability|p1a: Rayquaza|Air Lock\n|move|p2a: Kyogre|Water Spout|p1a: Rayquaza\n|-resisted|p1a: Rayquaza\n|-damage|p1a: Rayquaza|36\/100\n|\n|-weather|RainDance|[upkeep]\n|-fieldend|move: Trick Room\n|upkeep\n|turn|9\n|\n|t:|1699725638\n|move|p1a: Rayquaza|Dragon Ascent|p2a: Kyogre\n|-damage|p2a: Kyogre|0 fnt\n|-unboost|p1a: Rayquaza|def|1\n|-unboost|p1a: Rayquaza|spd|1\n|faint|p2a: Kyogre\n|\n|-weather|RainDance|[upkeep]\n|upkeep\n|\n|t:|1699725642\n|switch|p2a: Koraidon|Koraidon|100\/100\n|-damage|p2a: Koraidon|94\/100|[from] Stealth Rock\n|-weather|SunnyDay|[from] ability: Orichalcum Pulse|[of] p2a: Koraidon\n|-activate|p2a: Koraidon|Orichalcum Pulse|[source]\n|turn|10\n|c|\u2606bailongzhenshuai|\u6211\u597d\u50bb\u903c\n|j| Ponzu64\n|\n|t:|1699725657\n|move|p2a: Koraidon|Outrage|p1a: Rayquaza\n|-supereffective|p1a: Rayquaza\n|-damage|p1a: Rayquaza|0 fnt\n|faint|p1a: Rayquaza\n|\n|-weather|SunnyDay|[upkeep]\n|upkeep\n|\n|t:|1699725664\n|switch|p1a: Mandibuzz|Mandibuzz, F|100\/100\n|turn|11\n|\n|t:|1699725667\n|move|p2a: Koraidon|Outrage|p1a: Mandibuzz|[from]lockedmove\n|-damage|p1a: Mandibuzz|31\/100\n|move|p1a: Mandibuzz|Knock Off|p2a: Koraidon\n|-resisted|p2a: Koraidon\n|-damage|p2a: Koraidon|85\/100\n|-enditem|p2a: Koraidon|Choice Scarf|[from] move: Knock Off|[of] p1a: Mandibuzz\n|\n|-weather|SunnyDay|[upkeep]\n|upkeep\n|turn|12\n|\n|t:|1699725672\n|move|p2a: Koraidon|Outrage|p1a: Mandibuzz|[from]lockedmove\n|-damage|p1a: Mandibuzz|0 fnt\n|faint|p1a: Mandibuzz\n|-start|p2a: Koraidon|confusion|[fatigue]\n|\n|-weather|SunnyDay|[upkeep]\n|upkeep\n|\n|t:|1699725674\n|switch|p1a: Calyrex|Calyrex-Shadow|100\/100\n|-ability|p1a: Calyrex|As One\n|-ability|p1a: Calyrex|Unnerve\n|turn|13\n|\n|t:|1699725677\n|-terastallize|p2a: Koraidon|Fire\n|move|p1a: Calyrex|Psyshock|p2a: Koraidon\n|-damage|p2a: Koraidon|40\/100\n|-activate|p2a: Koraidon|confusion\n|-damage|p2a: Koraidon|28\/100|[from] confusion\n|\n|-weather|SunnyDay|[upkeep]\n|upkeep\n|turn|14\n|c|\u2606AI is good|\u725b\u903c\n|c|\u2606bailongzhenshuai|\u725b\u903c\n|\n|t:|1699725685\n|move|p1a: Calyrex|Astral Barrage|p2a: Koraidon\n|-damage|p2a: Koraidon|0 fnt\n|faint|p2a: Koraidon\n|-ability|p1a: Calyrex|Grim Neigh|boost\n|-boost|p1a: Calyrex|spa|1\n|\n|-weather|none\n|upkeep\n|\n|t:|1699725687\n|switch|p2a: Arceus|Arceus-Fairy|100\/100\n|-damage|p2a: Arceus|88\/100|[from] Stealth Rock\n|turn|15\n|\n|t:|1699725690\n|move|p1a: Calyrex|Astral Barrage|p2a: Arceus\n|-damage|p2a: Arceus|32\/100\n|move|p2a: Arceus|Trick Room|p2a: Arceus\n|-fieldstart|move: Trick Room|[of] p2a: Arceus\n|\n|upkeep\n|turn|16\n|l| Ponzu64\n|c|\u2606bailongzhenshuai|\u592a\u540a\u4e86\n|\n|t:|1699725695\n|move|p2a: Arceus|Judgment|p1a: Calyrex\n|-damage|p1a: Calyrex|54\/100\n|move|p1a: Calyrex|Astral Barrage|p2a: Arceus\n|-damage|p2a: Arceus|0 fnt\n|faint|p2a: Arceus\n|\n|win|AI is good\n|raw|AI is good's rating: 1910 &rarr; <strong>1931<\/strong><br \/>(+21 for winning)\n|raw|bailongzhenshuai's rating: 1935 &rarr; <strong>1914<\/strong><br \/>(-21 for losing)\n|c|\u2606bailongzhenshuai|\u5988\u7684\n|c|\u2606AI is good|()\n","uploadtime":1699725710,"views":12,"p1id":"aiisgood","p2id":"bailongzhenshuai","formatid":"gen9anythinggoes","rating":1914,"private":0,"password":""}