{"id":"gen9anythinggoes-1995122883","p1":"alexglizylord","p2":"Luigi3641","format":"[Gen 9] Anything Goes","log":"|j|\u2606alexglizylord\n|j|\u2606Luigi3641\n|t:|1700525087\n|gametype|singles\n|player|p1|alexglizylord|169|1212\n|player|p2|Luigi3641|juggler|1266\n|teamsize|p1|6\n|teamsize|p2|6\n|gen|9\n|tier|[Gen 9] Anything Goes\n|rated|\n|rule|HP Percentage Mod: HP is shown in percentages\n|rule|Endless Battle Clause: Forcing endless battles is banned\n|clearpoke\n|poke|p1|Meowscarada, M|\n|poke|p1|Slowbro-Galar, F|\n|poke|p1|Maushold|\n|poke|p1|Hydreigon, F|\n|poke|p1|Great Tusk|\n|poke|p1|Annihilape, M|\n|poke|p2|Moltres-Galar|\n|poke|p2|Mienshao, F|\n|poke|p2|Hawlucha, F|\n|poke|p2|Gyarados, M|\n|poke|p2|Polteageist-Antique|\n|poke|p2|Mew|\n|teampreview\n|c|\u2606Luigi3641|Glhf\n|\n|t:|1700525094\n|start\n|switch|p1a: Meowscarada|Meowscarada, M|100\/100\n|switch|p2a: Mew|Mew|100\/100\n|turn|1\n|\n|t:|1700525103\n|move|p1a: Meowscarada|Taunt|p2a: Mew\n|-start|p2a: Mew|move: Taunt\n|cant|p2a: Mew|move: Taunt|Electric Terrain\n|\n|upkeep\n|turn|2\n|\n|t:|1700525108\n|switch|p2a: Mienshao|Mienshao, F|100\/100\n|move|p1a: Meowscarada|Spikes|p2a: Mienshao\n|-sidestart|p2: Luigi3641|Spikes\n|\n|upkeep\n|turn|3\n|\n|t:|1700525113\n|move|p1a: Meowscarada|Knock Off|p2a: Mienshao\n|-resisted|p2a: Mienshao\n|-damage|p2a: Mienshao|65\/100\n|-enditem|p2a: Mienshao|Salac Berry|[from] move: Knock Off|[of] p1a: Meowscarada\n|move|p2a: Mienshao|U-turn|p1a: Meowscarada\n|-supereffective|p1a: Meowscarada\n|-enditem|p1a: Meowscarada|Focus Sash\n|-damage|p1a: Meowscarada|1\/100\n|\n|t:|1700525133\n|switch|p2a: Gyarados|Gyarados, M|100\/100|[from] U-turn\n|\n|upkeep\n|turn|4\n|\n|t:|1700525138\n|move|p1a: Meowscarada|Leaf Storm|p2a: Gyarados\n|-damage|p2a: Gyarados|30\/100\n|-unboost|p1a: Meowscarada|spa|2\n|move|p2a: Gyarados|Dragon Dance|p2a: Gyarados\n|-boost|p2a: Gyarados|atk|1\n|-boost|p2a: Gyarados|spe|1\n|\n|upkeep\n|turn|5\n|\n|t:|1700525148\n|move|p2a: Gyarados|Earthquake|p1a: Meowscarada\n|-resisted|p1a: Meowscarada\n|-damage|p1a: Meowscarada|0 fnt\n|faint|p1a: Meowscarada\n|-ability|p2a: Gyarados|Moxie|boost\n|-boost|p2a: Gyarados|atk|1\n|-damage|p2a: Gyarados|20\/100|[from] item: Life Orb\n|\n|upkeep\n|\n|t:|1700525157\n|switch|p1a: Slowbro|Slowbro-Galar, F|100\/100\n|turn|6\n|\n|t:|1700525160\n|move|p2a: Gyarados|Earthquake|p1a: Slowbro\n|-supereffective|p1a: Slowbro\n|-damage|p1a: Slowbro|0 fnt\n|faint|p1a: Slowbro\n|-ability|p2a: Gyarados|Moxie|boost\n|-boost|p2a: Gyarados|atk|1\n|-damage|p2a: Gyarados|10\/100|[from] item: Life Orb\n|\n|upkeep\n|\n|t:|1700525170\n|switch|p1a: Great Tusk|Great Tusk|100\/100\n|turn|7\n|\n|t:|1700525177\n|move|p1a: Great Tusk|Facade|p2a: Gyarados\n|-damage|p2a: Gyarados|0 fnt\n|faint|p2a: Gyarados\n|\n|upkeep\n|\n|t:|1700525183\n|switch|p2a: Polteageist|Polteageist-Antique|100\/100\n|-damage|p2a: Polteageist|88\/100|[from] Spikes\n|turn|8\n|\n|t:|1700525189\n|-end|p1a: Great Tusk|Protosynthesis|[silent]\n|switch|p1a: Hydreigon|Hydreigon, F|100\/100\n|move|p2a: Polteageist|Shell Smash|p2a: Polteageist\n|-unboost|p2a: Polteageist|def|1\n|-unboost|p2a: Polteageist|spd|1\n|-boost|p2a: Polteageist|atk|2\n|-boost|p2a: Polteageist|spa|2\n|-boost|p2a: Polteageist|spe|2\n|\n|upkeep\n|turn|9\n|\n|t:|1700525202\n|-terastallize|p1a: Hydreigon|Steel\n|move|p2a: Polteageist|Shadow Ball|p1a: Hydreigon\n|-damage|p1a: Hydreigon|0 fnt\n|faint|p1a: Hydreigon\n|\n|upkeep\n|\n|t:|1700525211\n|switch|p1a: Great Tusk|Great Tusk|100\/100\n|turn|10\n|\n|t:|1700525219\n|-terastallize|p2a: Polteageist|Ghost\n|move|p2a: Polteageist|Shadow Ball|p1a: Great Tusk\n|-damage|p1a: Great Tusk|0 fnt\n|faint|p1a: Great Tusk\n|-end|p1a: Great Tusk|Protosynthesis|[silent]\n|\n|upkeep\n|\n|t:|1700525226\n|switch|p1a: Maushold|Maushold|100\/100\n|turn|11\n|\n|t:|1700525231\n|move|p2a: Polteageist|Psyshock|p1a: Maushold\n|-damage|p1a: Maushold|10\/100\n|move|p1a: Maushold|Encore|p2a: Polteageist\n|-start|p2a: Polteageist|Encore\n|\n|upkeep\n|turn|12\n|\n|t:|1700525239\n|move|p2a: Polteageist|Psyshock|p1a: Maushold\n|-damage|p1a: Maushold|0 fnt\n|faint|p1a: Maushold\n|\n|upkeep\n|\n|t:|1700525243\n|switch|p1a: Annihilape|Annihilape, M|100\/100\n|turn|13\n|\n|t:|1700525246\n|move|p2a: Polteageist|Psyshock|p1a: Annihilape\n|-supereffective|p1a: Annihilape\n|-damage|p1a: Annihilape|0 fnt\n|faint|p1a: Annihilape\n|\n|win|Luigi3641\n|raw|alexglizylord's rating: 1212 &rarr; <strong>1191<\/strong><br \/>(-21 for losing)\n|raw|Luigi3641's rating: 1266 &rarr; <strong>1287<\/strong><br \/>(+21 for winning)\n|c|\u2606Luigi3641|gg\n|l|\u2606alexglizylord\n","uploadtime":1700525254,"views":7,"p1id":"alexglizylord","p2id":"luigi3641","formatid":"gen9anythinggoes","rating":1191,"private":0,"password":""}