{"id":"gen9anythinggoes-1987211040","p1":"Swaggersoul","p2":"KD113","format":"[Gen 9] Anything Goes","log":"|j|\u2606Swaggersoul\n|j|\u2606KD113\n|t:|1699565642\n|gametype|singles\n|player|p1|Swaggersoul|youngster-gen4dp|1275\n|player|p2|KD113|red|1333\n|teamsize|p1|6\n|teamsize|p2|6\n|gen|9\n|tier|[Gen 9] Anything Goes\n|rated|\n|rule|HP Percentage Mod: HP is shown in percentages\n|rule|Endless Battle Clause: Forcing endless battles is banned\n|clearpoke\n|poke|p1|Espeon, F|\n|poke|p1|Haxorus, M|\n|poke|p1|Glimmora, M|\n|poke|p1|Dragapult, M|\n|poke|p1|Lokix, M|\n|poke|p1|Cyclizar, M|\n|poke|p2|Walking Wake|\n|poke|p2|Roaring Moon|\n|poke|p2|Flutter Mane|\n|poke|p2|Iron Thorns|\n|poke|p2|Ninetales, F|\n|poke|p2|Iron Valiant|\n|teampreview\n|inactive|Battle timer is ON: inactive players will automatically lose when time's up. (requested by KD113)\n|\n|t:|1699565660\n|start\n|switch|p1a: Espeon|Espeon, F|100\/100\n|switch|p2a: Ninetales|Ninetales, F, shiny|100\/100\n|-weather|SunnyDay|[from] ability: Drought|[of] p2a: Ninetales\n|turn|1\n|\n|t:|1699565665\n|move|p1a: Espeon|Calm Mind|p1a: Espeon\n|-boost|p1a: Espeon|spa|1\n|-boost|p1a: Espeon|spd|1\n|move|p2a: Ninetales|Flamethrower|p1a: Espeon\n|-damage|p1a: Espeon|56\/100\n|\n|-weather|SunnyDay|[upkeep]\n|upkeep\n|turn|2\n|\n|t:|1699565677\n|move|p1a: Espeon|Psychic|p2a: Ninetales\n|-damage|p2a: Ninetales|10\/100\n|move|p2a: Ninetales|Solar Beam||[still]\n|-prepare|p2a: Ninetales|Solar Beam\n|-anim|p2a: Ninetales|Solar Beam|p1a: Espeon\n|-damage|p1a: Espeon|28\/100\n|\n|-weather|SunnyDay|[upkeep]\n|upkeep\n|turn|3\n|\n|t:|1699565685\n|move|p1a: Espeon|Psychic|p2a: Ninetales\n|-damage|p2a: Ninetales|0 fnt\n|faint|p2a: Ninetales\n|\n|-weather|SunnyDay|[upkeep]\n|upkeep\n|\n|t:|1699565689\n|switch|p2a: Walking Wake|Walking Wake|100\/100\n|-activate|p2a: Walking Wake|ability: Protosynthesis\n|-start|p2a: Walking Wake|protosynthesisspa\n|turn|4\n|\n|t:|1699565699\n|move|p1a: Espeon|Dazzling Gleam|p2a: Walking Wake\n|-supereffective|p2a: Walking Wake\n|-damage|p2a: Walking Wake|36\/100\n|move|p2a: Walking Wake|Hydro Steam|p1a: Espeon\n|-damage|p1a: Espeon|0 fnt\n|faint|p1a: Espeon\n|\n|-weather|SunnyDay|[upkeep]\n|upkeep\n|\n|t:|1699565717\n|switch|p1a: Dragapult|Dragapult, M|100\/100\n|turn|5\n|\n|t:|1699565737\n|-terastallize|p2a: Walking Wake|Fairy\n|move|p1a: Dragapult|Dragon Dance|p1a: Dragapult\n|-boost|p1a: Dragapult|atk|1\n|-boost|p1a: Dragapult|spe|1\n|move|p2a: Walking Wake|Tera Blast|p1a: Dragapult|[anim] Tera Blast Fairy\n|-supereffective|p1a: Dragapult\n|-damage|p1a: Dragapult|0 fnt\n|faint|p1a: Dragapult\n|\n|-weather|none\n|-end|p2a: Walking Wake|Protosynthesis\n|upkeep\n|\n|t:|1699565744\n|switch|p1a: Haxorus|Haxorus, M|100\/100\n|-ability|p1a: Haxorus|Mold Breaker\n|turn|6\n|\n|t:|1699565754\n|-terastallize|p1a: Haxorus|Steel\n|move|p2a: Walking Wake|Tera Blast|p1a: Haxorus|[anim] Tera Blast Fairy\n|-resisted|p1a: Haxorus\n|-damage|p1a: Haxorus|66\/100\n|move|p1a: Haxorus|Dragon Dance|p1a: Haxorus\n|-boost|p1a: Haxorus|atk|1\n|-boost|p1a: Haxorus|spe|1\n|\n|upkeep\n|turn|7\n|\n|t:|1699565759\n|move|p1a: Haxorus|Iron Head|p2a: Walking Wake\n|-supereffective|p2a: Walking Wake\n|-damage|p2a: Walking Wake|0 fnt\n|faint|p2a: Walking Wake\n|-end|p2a: Walking Wake|Protosynthesis|[silent]\n|\n|upkeep\n|\n|t:|1699565773\n|switch|p2a: Flutter Mane|Flutter Mane|100\/100\n|-enditem|p2a: Flutter Mane|Booster Energy\n|-activate|p2a: Flutter Mane|ability: Protosynthesis|[fromitem]\n|-start|p2a: Flutter Mane|protosynthesisspa\n|turn|8\n|\n|t:|1699565781\n|move|p1a: Haxorus|Iron Head|p2a: Flutter Mane\n|-supereffective|p2a: Flutter Mane\n|-damage|p2a: Flutter Mane|0 fnt\n|faint|p2a: Flutter Mane\n|-end|p2a: Flutter Mane|Protosynthesis|[silent]\n|\n|upkeep\n|\n|t:|1699565784\n|switch|p2a: Roaring Moon|Roaring Moon|100\/100\n|turn|9\n|\n|t:|1699565792\n|move|p1a: Haxorus|Iron Head|p2a: Roaring Moon\n|-damage|p2a: Roaring Moon|8\/100\n|move|p2a: Roaring Moon|Earthquake|p1a: Haxorus\n|-supereffective|p1a: Haxorus\n|-damage|p1a: Haxorus|0 fnt\n|faint|p1a: Haxorus\n|\n|upkeep\n|\n|t:|1699565798\n|switch|p1a: Lokix|Lokix, M|100\/100\n|turn|10\n|\n|t:|1699565811\n|move|p2a: Roaring Moon|Dragon Claw|p1a: Lokix\n|-crit|p1a: Lokix\n|-damage|p1a: Lokix|0 fnt\n|faint|p1a: Lokix\n|\n|upkeep\n|\n|t:|1699565814\n|switch|p1a: Cyclizar|Cyclizar, M|100\/100\n|turn|11\n|\n|t:|1699565825\n|switch|p1a: Glimmora|Glimmora, M|100\/100\n|move|p2a: Roaring Moon|Dragon Claw|p1a: Glimmora\n|-damage|p1a: Glimmora|41\/100\n|-activate|p1a: Glimmora|ability: Toxic Debris\n|-sidestart|p2: KD113|move: Toxic Spikes\n|\n|-damage|p1a: Glimmora|29\/100|[from] item: Sticky Barb\n|upkeep\n|turn|12\n|\n|t:|1699565839\n|move|p2a: Roaring Moon|Iron Head|p1a: Glimmora\n|-supereffective|p1a: Glimmora\n|-damage|p1a: Glimmora|0 fnt\n|-activate|p1a: Glimmora|ability: Toxic Debris\n|-sidestart|p2: KD113|move: Toxic Spikes\n|faint|p1a: Glimmora\n|\n|upkeep\n|\n|t:|1699565841\n|switch|p1a: Cyclizar|Cyclizar, M|100\/100\n|turn|13\n|\n|t:|1699565844\n|move|p2a: Roaring Moon|Dragon Claw|p1a: Cyclizar\n|-supereffective|p1a: Cyclizar\n|-damage|p1a: Cyclizar|0 fnt\n|faint|p1a: Cyclizar\n|\n|win|KD113\n|raw|Swaggersoul's rating: 1275 &rarr; <strong>1254<\/strong><br \/>(-21 for losing)\n|raw|KD113's rating: 1333 &rarr; <strong>1350<\/strong><br \/>(+17 for winning)\n|l|\u2606KD113\n","uploadtime":1699565863,"views":3,"p1id":"swaggersoul","p2id":"kd113","formatid":"gen9anythinggoes","rating":1254,"private":0,"password":""}