{"id":"gen9anythinggoes-1988653470","p1":"Ninefore","p2":"Un0demon","format":"[Gen 9] Anything Goes","log":"|j|\u2606Ninefore\n|j|\u2606Un0demon\n|t:|1699746615\n|gametype|singles\n|player|p1|Ninefore|102|\n|player|p2|Un0demon|blue|\n|teamsize|p1|6\n|teamsize|p2|6\n|gen|9\n|tier|[Gen 9] Anything Goes\n|rule|HP Percentage Mod: HP is shown in percentages\n|rule|Endless Battle Clause: Forcing endless battles is banned\n|clearpoke\n|poke|p1|Ninetales-Alola, M|\n|poke|p1|Frosmoth, F|\n|poke|p1|Avalugg-Hisui, F|\n|poke|p1|Eiscue, F|\n|poke|p1|Mamoswine, F|\n|poke|p1|Crabominable, M|\n|poke|p2|Meowscarada, F|\n|poke|p2|Infernape, F|\n|poke|p2|Iron Bundle|\n|poke|p2|Annihilape, M|\n|poke|p2|Great Tusk|\n|poke|p2|Grimmsnarl, M|\n|teampreview\n|inactive|Battle timer is ON: inactive players will automatically lose when time's up. (requested by Ninefore)\n|\n|t:|1699746620\n|start\n|switch|p1a: Ninetales|Ninetales-Alola, M|100\/100\n|switch|p2a: Luffy|Infernape, F|100\/100\n|-weather|Snow|[from] ability: Snow Warning|[of] p1a: Ninetales\n|turn|1\n|\n|t:|1699746625\n|move|p2a: Luffy|Flare Blitz|p1a: Ninetales\n|-supereffective|p1a: Ninetales\n|-damage|p1a: Ninetales|0 fnt\n|faint|p1a: Ninetales\n|-damage|p2a: Luffy|68\/100|[from] Recoil\n|\n|-weather|Snow|[upkeep]\n|upkeep\n|\n|t:|1699746629\n|switch|p1a: Eiscue|Eiscue, F|100\/100\n|turn|2\n|\n|t:|1699746632\n|move|p2a: Luffy|Flare Blitz|p1a: Eiscue\n|-activate|p1a: Eiscue|ability: Ice Face\n|-damage|p1a: Eiscue|100\/100\n|-status|p1a: Eiscue|brn\n|-damage|p2a: Luffy|52\/100|[from] item: Rocky Helmet|[of] p1a: Eiscue\n|detailschange|p1a: Eiscue|Eiscue-Noice, F\n|move|p1a: Eiscue|Liquidation|p2a: Luffy\n|-supereffective|p2a: Luffy\n|-damage|p2a: Luffy|18\/100\n|\n|-weather|Snow|[upkeep]\n|-damage|p1a: Eiscue|94\/100 brn|[from] brn\n|upkeep\n|turn|3\n|\n|t:|1699746637\n|move|p2a: Luffy|Flare Blitz|p1a: Eiscue\n|-supereffective|p1a: Eiscue\n|-damage|p1a: Eiscue|0 fnt\n|-damage|p2a: Luffy|1\/100|[from] item: Rocky Helmet|[of] p1a: Eiscue\n|faint|p1a: Eiscue\n|-damage|p2a: Luffy|0 fnt|[from] Recoil\n|faint|p2a: Luffy\n|\n|-weather|Snow|[upkeep]\n|upkeep\n|\n|t:|1699746648\n|switch|p1a: Avalugg|Avalugg-Hisui, F|100\/100\n|switch|p2a: Green Goblin|Grimmsnarl, M|100\/100\n|turn|4\n|\n|t:|1699746654\n|move|p2a: Green Goblin|Reflect|p2a: Green Goblin\n|-sidestart|p2: Un0demon|Reflect\n|move|p1a: Avalugg|Rapid Spin|p2a: Green Goblin\n|-damage|p2a: Green Goblin|88\/100\n|-boost|p1a: Avalugg|spe|1\n|\n|-weather|Snow|[upkeep]\n|upkeep\n|turn|5\n|\n|t:|1699746656\n|move|p2a: Green Goblin|Light Screen|p2a: Green Goblin\n|-sidestart|p2: Un0demon|move: Light Screen\n|move|p1a: Avalugg|Rapid Spin|p2a: Green Goblin\n|-damage|p2a: Green Goblin|76\/100\n|-boost|p1a: Avalugg|spe|1\n|\n|-weather|Snow|[upkeep]\n|upkeep\n|turn|6\n|\n|t:|1699746659\n|move|p1a: Avalugg|Earthquake|p2a: Green Goblin\n|-damage|p2a: Green Goblin|52\/100\n|move|p2a: Green Goblin|Spirit Break|p1a: Avalugg\n|-damage|p1a: Avalugg|86\/100\n|-unboost|p1a: Avalugg|spa|1\n|\n|-weather|Snow|[upkeep]\n|-heal|p1a: Avalugg|92\/100|[from] ability: Ice Body\n|-heal|p1a: Avalugg|98\/100|[from] item: Leftovers\n|upkeep\n|turn|7\n|\n|t:|1699746669\n|move|p1a: Avalugg|Rapid Spin|p2a: Green Goblin\n|-damage|p2a: Green Goblin|40\/100\n|-boost|p1a: Avalugg|spe|1\n|move|p2a: Green Goblin|Spirit Break|p1a: Avalugg\n|-damage|p1a: Avalugg|85\/100\n|-unboost|p1a: Avalugg|spa|1\n|\n|-weather|Snow|[upkeep]\n|-heal|p1a: Avalugg|91\/100|[from] ability: Ice Body\n|-heal|p1a: Avalugg|97\/100|[from] item: Leftovers\n|upkeep\n|turn|8\n|\n|t:|1699746675\n|move|p2a: Green Goblin|Parting Shot|p1a: Avalugg\n|-unboost|p1a: Avalugg|atk|1\n|-unboost|p1a: Avalugg|spa|1\n|\n|t:|1699746680\n|switch|p2a: Rhino|Great Tusk|100\/100|[from] Parting Shot\n|-enditem|p2a: Rhino|Booster Energy\n|-activate|p2a: Rhino|ability: Protosynthesis|[fromitem]\n|-start|p2a: Rhino|protosynthesisatk\n|move|p1a: Avalugg|Avalanche|p2a: Rhino\n|-supereffective|p2a: Rhino\n|-damage|p2a: Rhino|84\/100\n|\n|-weather|none\n|-heal|p1a: Avalugg|100\/100|[from] item: Leftovers\n|upkeep\n|turn|9\n|\n|t:|1699746689\n|move|p2a: Rhino|Close Combat|p1a: Avalugg\n|-supereffective|p1a: Avalugg\n|-damage|p1a: Avalugg|0 fnt\n|-unboost|p2a: Rhino|def|1\n|-unboost|p2a: Rhino|spd|1\n|faint|p1a: Avalugg\n|\n|upkeep\n|\n|t:|1699746693\n|switch|p1a: Frosmoth|Frosmoth, F|100\/100\n|turn|10\n|\n|t:|1699746698\n|move|p2a: Rhino|Close Combat|p1a: Frosmoth\n|-damage|p1a: Frosmoth|0 fnt\n|-unboost|p2a: Rhino|def|1\n|-unboost|p2a: Rhino|spd|1\n|faint|p1a: Frosmoth\n|\n|upkeep\n|\n|t:|1699746701\n|switch|p1a: Crabominable|Crabominable, M|100\/100\n|turn|11\n|-activate|p1a: Crabominable|item: Quick Claw\n|\n|t:|1699746705\n|move|p1a: Crabominable|Drain Punch|p2a: Rhino\n|-damage|p2a: Rhino|45\/100\n|move|p2a: Rhino|Headlong Rush|p1a: Crabominable\n|-damage|p1a: Crabominable|6\/100\n|-unboost|p2a: Rhino|def|1\n|-unboost|p2a: Rhino|spd|1\n|\n|-sideend|p2: Un0demon|Reflect\n|upkeep\n|turn|12\n|\n|t:|1699746714\n|move|p2a: Rhino|Rapid Spin|p1a: Crabominable\n|-damage|p1a: Crabominable|0 fnt\n|-boost|p2a: Rhino|spe|1\n|faint|p1a: Crabominable\n|\n|-sideend|p2: Un0demon|move: Light Screen\n|upkeep\n|\n|t:|1699746716\n|switch|p1a: Mamoswine|Mamoswine, F|100\/100\n|turn|13\n|\n|t:|1699746720\n|-terastallize|p1a: Mamoswine|Ice\n|move|p1a: Mamoswine|Ice Shard|p2a: Rhino\n|-supereffective|p2a: Rhino\n|-damage|p2a: Rhino|0 fnt\n|faint|p2a: Rhino\n|-end|p2a: Rhino|Protosynthesis|[silent]\n|\n|upkeep\n|\n|t:|1699746725\n|switch|p2a: Green Goblin|Grimmsnarl, M|40\/100\n|turn|14\n|\n|t:|1699746732\n|move|p2a: Green Goblin|Reflect|p2a: Green Goblin\n|-sidestart|p2: Un0demon|Reflect\n|move|p1a: Mamoswine|Icicle Crash|p2a: Green Goblin\n|-damage|p2a: Green Goblin|5\/100\n|\n|upkeep\n|turn|15\n|\n|t:|1699746738\n|move|p1a: Mamoswine|Ice Shard|p2a: Green Goblin\n|-damage|p2a: Green Goblin|0 fnt\n|faint|p2a: Green Goblin\n|\n|upkeep\n|\n|t:|1699746743\n|switch|p2a: Katnappe|Meowscarada, F|100\/100\n|turn|16\n|\n|t:|1699746747\n|move|p2a: Katnappe|Knock Off|p1a: Mamoswine\n|-start|p2a: Katnappe|typechange|Dark|[from] ability: Protean\n|-damage|p1a: Mamoswine|32\/100\n|-enditem|p1a: Mamoswine|Razor Claw|[from] move: Knock Off|[of] p2a: Katnappe\n|-damage|p2a: Katnappe|91\/100|[from] item: Life Orb\n|move|p1a: Mamoswine|Earthquake|p2a: Katnappe\n|-damage|p2a: Katnappe|52\/100\n|\n|upkeep\n|turn|17\n|\n|t:|1699746756\n|move|p1a: Mamoswine|Ice Shard|p2a: Katnappe\n|-damage|p2a: Katnappe|31\/100\n|move|p2a: Katnappe|Knock Off|p1a: Mamoswine\n|-damage|p1a: Mamoswine|0 fnt\n|faint|p1a: Mamoswine\n|-damage|p2a: Katnappe|21\/100|[from] item: Life Orb\n|\n|win|Un0demon\n|l|\u2606Ninefore\n|c|\u2606Un0demon|Gg\n","uploadtime":1699746767,"views":5,"p1id":"ninefore","p2id":"un0demon","formatid":"gen9anythinggoes","rating":0,"private":0,"password":""}