{"id":"gen9anythinggoes-1971508247","p1":"YoungEsq","p2":"Outdated Puppet","format":"[Gen 9] Anything Goes","log":"|j|\u2606YoungEsq\n|j|\u2606Outdated Puppet\n|t:|1697744044\n|gametype|singles\n|player|p1|YoungEsq|2|1298\n|player|p2|Outdated Puppet|169|1383\n|teamsize|p1|6\n|teamsize|p2|6\n|gen|9\n|tier|[Gen 9] Anything Goes\n|rated|\n|rule|HP Percentage Mod: HP is shown in percentages\n|rule|Endless Battle Clause: Forcing endless battles is banned\n|clearpoke\n|poke|p1|Ting-Lu|\n|poke|p1|Gholdengo|\n|poke|p1|Roaring Moon|\n|poke|p1|Chi-Yu|\n|poke|p1|Samurott-Hisui, F|\n|poke|p1|Mandibuzz, F|\n|poke|p2|Clefable, F|\n|poke|p2|Tyranitar, M|\n|poke|p2|Toxapex, F|\n|poke|p2|Scovillain, F|\n|poke|p2|Gastrodon-East, F|\n|poke|p2|Quagsire, F|\n|teampreview\n|inactive|Battle timer is ON: inactive players will automatically lose when time's up. (requested by YoungEsq)\n|inactive|Outdated Puppet has 120 seconds left.\n|\n|t:|1697744085\n|start\n|switch|p1a: Ting-Lu|Ting-Lu|100\/100\n|switch|p2a: Scovillain|Scovillain, F|100\/100\n|-ability|p1a: Ting-Lu|Vessel of Ruin\n|turn|1\n|\n|t:|1697744094\n|move|p2a: Scovillain|Flamethrower|p1a: Ting-Lu\n|-damage|p1a: Ting-Lu|89\/100\n|move|p1a: Ting-Lu|Stealth Rock|p2a: Scovillain\n|-sidestart|p2: Outdated Puppet|move: Stealth Rock\n|\n|-heal|p1a: Ting-Lu|95\/100|[from] item: Leftovers\n|-ability|p2a: Scovillain|Moody|boost\n|-boost|p2a: Scovillain|atk|2\n|-unboost|p2a: Scovillain|spe|1\n|upkeep\n|turn|2\n|\n|t:|1697744101\n|move|p1a: Ting-Lu|Earthquake|p2a: Scovillain\n|-damage|p2a: Scovillain|45\/100\n|move|p2a: Scovillain|Leech Seed|p1a: Ting-Lu\n|-start|p1a: Ting-Lu|move: Leech Seed\n|\n|-heal|p1a: Ting-Lu|100\/100|[from] item: Leftovers\n|-heal|p2a: Scovillain|51\/100|[from] item: Leftovers\n|-damage|p1a: Ting-Lu|88\/100|[from] Leech Seed|[of] p2a: Scovillain\n|-heal|p2a: Scovillain|71\/100|[silent]\n|-ability|p2a: Scovillain|Moody|boost\n|-boost|p2a: Scovillain|atk|2\n|-unboost|p2a: Scovillain|spe|1\n|upkeep\n|turn|3\n|\n|t:|1697744109\n|move|p1a: Ting-Lu|Earthquake|p2a: Scovillain\n|-damage|p2a: Scovillain|20\/100\n|move|p2a: Scovillain|Substitute|p2a: Scovillain\n|-fail|p2a: Scovillain|move: Substitute|[weak]\n|\n|-heal|p1a: Ting-Lu|94\/100|[from] item: Leftovers\n|-heal|p2a: Scovillain|26\/100|[from] item: Leftovers\n|-damage|p1a: Ting-Lu|82\/100|[from] Leech Seed|[of] p2a: Scovillain\n|-heal|p2a: Scovillain|45\/100|[silent]\n|-ability|p2a: Scovillain|Moody|boost\n|-boost|p2a: Scovillain|spe|2\n|-unboost|p2a: Scovillain|spa|1\n|upkeep\n|turn|4\n|\n|t:|1697744113\n|move|p2a: Scovillain|Protect|p2a: Scovillain\n|-singleturn|p2a: Scovillain|Protect\n|move|p1a: Ting-Lu|Earthquake|p2a: Scovillain\n|-activate|p2a: Scovillain|move: Protect\n|\n|-heal|p2a: Scovillain|51\/100|[from] item: Leftovers\n|-heal|p1a: Ting-Lu|88\/100|[from] item: Leftovers\n|-damage|p1a: Ting-Lu|76\/100|[from] Leech Seed|[of] p2a: Scovillain\n|-heal|p2a: Scovillain|70\/100|[silent]\n|-ability|p2a: Scovillain|Moody|boost\n|-boost|p2a: Scovillain|spe|2\n|-unboost|p2a: Scovillain|spa|1\n|upkeep\n|turn|5\n|\n|t:|1697744123\n|move|p2a: Scovillain|Substitute|p2a: Scovillain\n|-start|p2a: Scovillain|Substitute\n|-damage|p2a: Scovillain|45\/100\n|move|p1a: Ting-Lu|Earthquake|p2a: Scovillain\n|-end|p2a: Scovillain|Substitute\n|\n|-heal|p2a: Scovillain|51\/100|[from] item: Leftovers\n|-heal|p1a: Ting-Lu|82\/100|[from] item: Leftovers\n|-damage|p1a: Ting-Lu|69\/100|[from] Leech Seed|[of] p2a: Scovillain\n|-heal|p2a: Scovillain|71\/100|[silent]\n|-ability|p2a: Scovillain|Moody|boost\n|-boost|p2a: Scovillain|atk|2\n|-unboost|p2a: Scovillain|spd|1\n|upkeep\n|turn|6\n|\n|t:|1697744129\n|switch|p1a: Mandibuzz|Mandibuzz, F|100\/100\n|move|p2a: Scovillain|Substitute|p2a: Scovillain\n|-start|p2a: Scovillain|Substitute\n|-damage|p2a: Scovillain|46\/100\n|\n|-heal|p2a: Scovillain|52\/100|[from] item: Leftovers\n|-ability|p2a: Scovillain|Moody|boost\n|-boost|p2a: Scovillain|spd|2\n|-unboost|p2a: Scovillain|spa|1\n|upkeep\n|turn|7\n|\n|t:|1697744134\n|move|p2a: Scovillain|Leech Seed|p1a: Mandibuzz\n|-start|p1a: Mandibuzz|move: Leech Seed\n|move|p1a: Mandibuzz|Foul Play|p2a: Scovillain\n|-end|p2a: Scovillain|Substitute\n|\n|-heal|p2a: Scovillain|58\/100|[from] item: Leftovers\n|-damage|p1a: Mandibuzz|88\/100|[from] Leech Seed|[of] p2a: Scovillain\n|-heal|p2a: Scovillain|74\/100|[silent]\n|-ability|p2a: Scovillain|Moody|boost\n|-boost|p2a: Scovillain|spa|2\n|-unboost|p2a: Scovillain|atk|1\n|upkeep\n|turn|8\n|\n|t:|1697744140\n|switch|p1a: Samurott|Samurott-Hisui, F|100\/100\n|move|p2a: Scovillain|Substitute|p2a: Scovillain\n|-start|p2a: Scovillain|Substitute\n|-damage|p2a: Scovillain|49\/100\n|\n|-heal|p2a: Scovillain|55\/100|[from] item: Leftovers\n|-ability|p2a: Scovillain|Moody|boost\n|-boost|p2a: Scovillain|def|2\n|-unboost|p2a: Scovillain|spa|1\n|upkeep\n|turn|9\n|\n|t:|1697744144\n|move|p2a: Scovillain|Leech Seed|p1a: Samurott\n|-start|p1a: Samurott|move: Leech Seed\n|move|p1a: Samurott|Ceaseless Edge|p2a: Scovillain|[miss]\n|-miss|p1a: Samurott|p2a: Scovillain\n|\n|-heal|p2a: Scovillain|61\/100|[from] item: Leftovers\n|-damage|p1a: Samurott|88\/100|[from] Leech Seed|[of] p2a: Scovillain\n|-heal|p2a: Scovillain|74\/100|[silent]\n|-ability|p2a: Scovillain|Moody|boost\n|-boost|p2a: Scovillain|spe|2\n|-unboost|p2a: Scovillain|def|1\n|upkeep\n|turn|10\n|\n|t:|1697744156\n|switch|p1a: Ting-Lu|Ting-Lu|69\/100\n|-ability|p1a: Ting-Lu|Vessel of Ruin\n|move|p2a: Scovillain|Flamethrower|p1a: Ting-Lu\n|-damage|p1a: Ting-Lu|63\/100\n|\n|-heal|p2a: Scovillain|80\/100|[from] item: Leftovers\n|-heal|p1a: Ting-Lu|69\/100|[from] item: Leftovers\n|-ability|p2a: Scovillain|Moody|boost\n|-boost|p2a: Scovillain|spd|2\n|-unboost|p2a: Scovillain|def|1\n|upkeep\n|turn|11\n|\n|t:|1697744165\n|move|p2a: Scovillain|Substitute|p2a: Scovillain\n|-fail|p2a: Scovillain|move: Substitute\n|move|p1a: Ting-Lu|Whirlwind|p2a: Scovillain\n|drag|p2a: Quagsire|Quagsire, F|100\/100\n|-damage|p2a: Quagsire|94\/100|[from] Stealth Rock\n|\n|-heal|p1a: Ting-Lu|75\/100|[from] item: Leftovers\n|upkeep\n|turn|12\n|\n|t:|1697744175\n|switch|p1a: Samurott|Samurott-Hisui, F|88\/100\n|move|p2a: Quagsire|Ice Punch|p1a: Samurott\n|-resisted|p1a: Samurott\n|-damage|p1a: Samurott|79\/100\n|\n|upkeep\n|turn|13\n|\n|t:|1697744182\n|move|p1a: Samurott|Ceaseless Edge|p2a: Quagsire\n|-damage|p2a: Quagsire|65\/100\n|-sidestart|p2: Outdated Puppet|Spikes\n|move|p2a: Quagsire|Earthquake|p1a: Samurott\n|-crit|p1a: Samurott\n|-damage|p1a: Samurott|30\/100\n|\n|upkeep\n|turn|14\n|\n|t:|1697744188\n|move|p1a: Samurott|Ceaseless Edge|p2a: Quagsire\n|-damage|p2a: Quagsire|37\/100\n|-sidestart|p2: Outdated Puppet|Spikes\n|move|p2a: Quagsire|Earthquake|p1a: Samurott\n|-damage|p1a: Samurott|0 fnt\n|faint|p1a: Samurott\n|\n|upkeep\n|\n|t:|1697744202\n|switch|p1a: Mandibuzz|Mandibuzz, F|88\/100\n|turn|15\n|inactive|Outdated Puppet has 120 seconds left.\n|\n|t:|1697744244\n|move|p1a: Mandibuzz|Toxic|p2a: Quagsire\n|-status|p2a: Quagsire|tox\n|move|p2a: Quagsire|Drain Punch|p1a: Mandibuzz\n|-damage|p1a: Mandibuzz|76\/100\n|-heal|p2a: Quagsire|44\/100 tox|[from] drain|[of] p1a: Mandibuzz\n|\n|-damage|p2a: Quagsire|38\/100 tox|[from] psn\n|upkeep\n|turn|16\n|\n|t:|1697744256\n|move|p1a: Mandibuzz|Foul Play|p2a: Quagsire\n|-damage|p2a: Quagsire|19\/100 tox\n|move|p2a: Quagsire|Ice Punch|p1a: Mandibuzz\n|-supereffective|p1a: Mandibuzz\n|-damage|p1a: Mandibuzz|51\/100\n|\n|-damage|p2a: Quagsire|7\/100 tox|[from] psn\n|upkeep\n|turn|17\n|\n|t:|1697744262\n|move|p1a: Mandibuzz|Roost|p1a: Mandibuzz\n|-heal|p1a: Mandibuzz|100\/100\n|-singleturn|p1a: Mandibuzz|move: Roost\n|move|p2a: Quagsire|Drain Punch|p1a: Mandibuzz\n|-supereffective|p1a: Mandibuzz\n|-damage|p1a: Mandibuzz|75\/100\n|-heal|p2a: Quagsire|21\/100 tox|[from] drain|[of] p1a: Mandibuzz\n|\n|-damage|p2a: Quagsire|2\/100 tox|[from] psn\n|upkeep\n|turn|18\n|\n|t:|1697744273\n|move|p1a: Mandibuzz|Roost|p1a: Mandibuzz\n|-heal|p1a: Mandibuzz|100\/100\n|-singleturn|p1a: Mandibuzz|move: Roost\n|move|p2a: Quagsire|Liquidation|p1a: Mandibuzz\n|-damage|p1a: Mandibuzz|80\/100\n|\n|-damage|p2a: Quagsire|0 fnt|[from] psn\n|faint|p2a: Quagsire\n|upkeep\n|\n|t:|1697744283\n|switch|p2a: Toxapex|Toxapex, F, shiny|100\/100\n|-damage|p2a: Toxapex|88\/100|[from] Stealth Rock\n|-damage|p2a: Toxapex|72\/100|[from] Spikes\n|turn|19\n|\n|t:|1697744295\n|switch|p1a: Ting-Lu|Ting-Lu|75\/100\n|-ability|p1a: Ting-Lu|Vessel of Ruin\n|move|p2a: Toxapex|Infestation|p1a: Ting-Lu\n|-supereffective|p1a: Ting-Lu\n|-damage|p1a: Ting-Lu|73\/100\n|-activate|p1a: Ting-Lu|move: Infestation|[of] p2a: Toxapex\n|\n|-heal|p1a: Ting-Lu|79\/100|[from] item: Leftovers\n|-damage|p1a: Ting-Lu|66\/100|[from] move: Infestation|[partiallytrapped]\n|upkeep\n|turn|20\n|\n|t:|1697744312\n|move|p2a: Toxapex|Baneful Bunker|p2a: Toxapex\n|-singleturn|p2a: Toxapex|move: Protect\n|move|p1a: Ting-Lu|Whirlwind|p2a: Toxapex\n|drag|p2a: Gastrodon|Gastrodon-East, F, shiny|100\/100\n|-damage|p2a: Gastrodon|94\/100|[from] Stealth Rock\n|-damage|p2a: Gastrodon|78\/100|[from] Spikes\n|\n|-heal|p1a: Ting-Lu|73\/100|[from] item: Leftovers\n|-end|p1a: Ting-Lu|Infestation|[partiallytrapped]|[silent]\n|upkeep\n|turn|21\n|\n|t:|1697744326\n|move|p1a: Ting-Lu|Ruination|p2a: Gastrodon\n|-damage|p2a: Gastrodon|39\/100\n|move|p2a: Gastrodon|Sludge Bomb|p1a: Ting-Lu\n|-resisted|p1a: Ting-Lu\n|-damage|p1a: Ting-Lu|67\/100\n|-status|p1a: Ting-Lu|psn\n|\n|-heal|p1a: Ting-Lu|73\/100 psn|[from] item: Leftovers\n|-damage|p1a: Ting-Lu|60\/100 psn|[from] psn\n|upkeep\n|turn|22\n|\n|t:|1697744339\n|move|p1a: Ting-Lu|Ruination|p2a: Gastrodon\n|-damage|p2a: Gastrodon|20\/100\n|move|p2a: Gastrodon|Blizzard|p1a: Ting-Lu\n|-supereffective|p1a: Ting-Lu\n|-damage|p1a: Ting-Lu|34\/100 psn\n|\n|-heal|p1a: Ting-Lu|40\/100 psn|[from] item: Leftovers\n|-damage|p1a: Ting-Lu|27\/100 psn|[from] psn\n|upkeep\n|turn|23\n|\n|t:|1697744348\n|move|p2a: Gastrodon|Protect|p2a: Gastrodon\n|-singleturn|p2a: Gastrodon|Protect\n|move|p1a: Ting-Lu|Earthquake|p2a: Gastrodon\n|-activate|p2a: Gastrodon|move: Protect\n|\n|-heal|p1a: Ting-Lu|34\/100 psn|[from] item: Leftovers\n|-damage|p1a: Ting-Lu|21\/100 psn|[from] psn\n|upkeep\n|turn|24\n|\n|t:|1697744357\n|switch|p2a: Toxapex|Toxapex, F, shiny|100\/100\n|-damage|p2a: Toxapex|88\/100|[from] Stealth Rock\n|-damage|p2a: Toxapex|72\/100|[from] Spikes\n|move|p1a: Ting-Lu|Earthquake|p2a: Toxapex\n|-supereffective|p2a: Toxapex\n|-damage|p2a: Toxapex|29\/100\n|\n|-heal|p1a: Ting-Lu|27\/100 psn|[from] item: Leftovers\n|-damage|p1a: Ting-Lu|15\/100 psn|[from] psn\n|upkeep\n|turn|25\n|\n|t:|1697744362\n|move|p2a: Toxapex|Baneful Bunker|p2a: Toxapex\n|-singleturn|p2a: Toxapex|move: Protect\n|move|p1a: Ting-Lu|Earthquake|p2a: Toxapex\n|-activate|p2a: Toxapex|move: Protect\n|\n|-heal|p1a: Ting-Lu|21\/100 psn|[from] item: Leftovers\n|-damage|p1a: Ting-Lu|9\/100 psn|[from] psn\n|upkeep\n|turn|26\n|\n|t:|1697744370\n|switch|p2a: Gastrodon|Gastrodon-East, F, shiny|20\/100\n|-damage|p2a: Gastrodon|14\/100|[from] Stealth Rock\n|-damage|p2a: Gastrodon|0 fnt|[from] Spikes\n|faint|p2a: Gastrodon\n|move|p1a: Ting-Lu|Earthquake|p2: Gastrodon|[notarget]\n|-fail|p1a: Ting-Lu\n|\n|-heal|p1a: Ting-Lu|15\/100 psn|[from] item: Leftovers\n|-damage|p1a: Ting-Lu|2\/100 psn|[from] psn\n|upkeep\n|\n|t:|1697744376\n|switch|p2a: Scovillain|Scovillain, F|80\/100\n|-damage|p2a: Scovillain|55\/100|[from] Stealth Rock\n|-damage|p2a: Scovillain|39\/100|[from] Spikes\n|turn|27\n|\n|t:|1697744380\n|move|p2a: Scovillain|Protect|p2a: Scovillain\n|-singleturn|p2a: Scovillain|Protect\n|move|p1a: Ting-Lu|Earthquake|p2a: Scovillain\n|-activate|p2a: Scovillain|move: Protect\n|\n|-heal|p2a: Scovillain|45\/100|[from] item: Leftovers\n|-heal|p1a: Ting-Lu|9\/100 psn|[from] item: Leftovers\n|-damage|p1a: Ting-Lu|0 fnt|[from] psn\n|faint|p1a: Ting-Lu\n|-ability|p2a: Scovillain|Moody|boost\n|-boost|p2a: Scovillain|spa|2\n|-unboost|p2a: Scovillain|spd|1\n|upkeep\n|\n|t:|1697744388\n|switch|p1a: Chi-Yu|Chi-Yu|100\/100\n|-ability|p1a: Chi-Yu|Beads of Ruin\n|turn|28\n|\n|t:|1697744396\n|switch|p2a: Toxapex|Toxapex, F, shiny|63\/100\n|-damage|p2a: Toxapex|50\/100|[from] Stealth Rock\n|-damage|p2a: Toxapex|34\/100|[from] Spikes\n|move|p1a: Chi-Yu|Dark Pulse|p2a: Toxapex\n|-damage|p2a: Toxapex|0 fnt\n|faint|p2a: Toxapex\n|\n|upkeep\n|\n|t:|1697744400\n|switch|p2a: Clefable|Clefable, F|100\/100\n|-damage|p2a: Clefable|88\/100|[from] Stealth Rock\n|-damage|p2a: Clefable|72\/100|[from] Spikes\n|turn|29\n|\n|t:|1697744406\n|switch|p1a: Mandibuzz|Mandibuzz, F|80\/100\n|move|p2a: Clefable|Wish|p2a: Clefable\n|\n|-heal|p2a: Clefable|78\/100|[from] item: Leftovers\n|upkeep\n|turn|30\n|\n|t:|1697744420\n|move|p2a: Clefable|Protect|p2a: Clefable\n|-singleturn|p2a: Clefable|Protect\n|move|p1a: Mandibuzz|Toxic|p2a: Clefable\n|-activate|p2a: Clefable|move: Protect\n|\n|-heal|p2a: Clefable|100\/100|[from] move: Wish|[wisher] Clefable\n|upkeep\n|turn|31\n|\n|t:|1697744440\n|move|p1a: Mandibuzz|Toxic|p2a: Clefable|[miss]\n|-miss|p1a: Mandibuzz|p2a: Clefable\n|move|p2a: Clefable|Draining Kiss|p1a: Mandibuzz\n|-supereffective|p1a: Mandibuzz\n|-damage|p1a: Mandibuzz|61\/100\n|\n|upkeep\n|turn|32\n|\n|t:|1697744454\n|move|p1a: Mandibuzz|Foul Play|p2a: Clefable\n|-resisted|p2a: Clefable\n|-damage|p2a: Clefable|93\/100\n|move|p2a: Clefable|Calm Mind|p2a: Clefable\n|-boost|p2a: Clefable|spa|1\n|-boost|p2a: Clefable|spd|1\n|\n|-heal|p2a: Clefable|99\/100|[from] item: Leftovers\n|upkeep\n|turn|33\n|\n|t:|1697744459\n|switch|p1a: Roaring Moon|Roaring Moon|100\/100\n|-enditem|p1a: Roaring Moon|Booster Energy\n|-activate|p1a: Roaring Moon|ability: Protosynthesis|[fromitem]\n|-start|p1a: Roaring Moon|protosynthesisatk\n|move|p2a: Clefable|Protect||[still]\n|-fail|p2a: Clefable\n|\n|-heal|p2a: Clefable|100\/100|[from] item: Leftovers\n|upkeep\n|turn|34\n|\n|t:|1697744466\n|-terastallize|p1a: Roaring Moon|Flying\n|move|p1a: Roaring Moon|Dragon Dance|p1a: Roaring Moon\n|-boost|p1a: Roaring Moon|atk|1\n|-boost|p1a: Roaring Moon|spe|1\n|move|p2a: Clefable|Calm Mind|p2a: Clefable\n|-boost|p2a: Clefable|spa|1\n|-boost|p2a: Clefable|spd|1\n|\n|upkeep\n|turn|35\n|\n|t:|1697744472\n|move|p1a: Roaring Moon|Dragon Dance|p1a: Roaring Moon\n|-boost|p1a: Roaring Moon|atk|1\n|-boost|p1a: Roaring Moon|spe|1\n|move|p2a: Clefable|Wish|p2a: Clefable\n|\n|upkeep\n|turn|36\n|\n|t:|1697744478\n|move|p1a: Roaring Moon|Iron Head|p2a: Clefable\n|-supereffective|p2a: Clefable\n|-damage|p2a: Clefable|46\/100\n|cant|p2a: Clefable|flinch\n|\n|-heal|p2a: Clefable|96\/100|[from] move: Wish|[wisher] Clefable\n|-heal|p2a: Clefable|100\/100|[from] item: Leftovers\n|upkeep\n|turn|37\n|inactive|Outdated Puppet has 120 seconds left.\n|\n|t:|1697744528\n|-terastallize|p2a: Clefable|Dark\n|move|p1a: Roaring Moon|Iron Head|p2a: Clefable\n|-damage|p2a: Clefable|72\/100\n|cant|p2a: Clefable|flinch\n|\n|-heal|p2a: Clefable|78\/100|[from] item: Leftovers\n|upkeep\n|turn|38\n|\n|t:|1697744535\n|move|p1a: Roaring Moon|Iron Head|p2a: Clefable\n|-damage|p2a: Clefable|48\/100\n|move|p2a: Clefable|Calm Mind|p2a: Clefable\n|-boost|p2a: Clefable|spa|1\n|-boost|p2a: Clefable|spd|1\n|\n|-heal|p2a: Clefable|55\/100|[from] item: Leftovers\n|upkeep\n|turn|39\n|\n|t:|1697744540\n|move|p1a: Roaring Moon|Acrobatics|p2a: Clefable\n|-damage|p2a: Clefable|0 fnt\n|faint|p2a: Clefable\n|\n|upkeep\n|\n|t:|1697744545\n|switch|p2a: Tyranitar|Tyranitar, M|100\/100\n|-damage|p2a: Tyranitar|88\/100|[from] Stealth Rock\n|-damage|p2a: Tyranitar|72\/100|[from] Spikes\n|-weather|Sandstorm|[from] ability: Sand Stream|[of] p2a: Tyranitar\n|turn|40\n|\n|t:|1697744549\n|move|p1a: Roaring Moon|Iron Head|p2a: Tyranitar\n|-supereffective|p2a: Tyranitar\n|-damage|p2a: Tyranitar|0 fnt\n|faint|p2a: Tyranitar\n|\n|-weather|Sandstorm|[upkeep]\n|-damage|p1a: Roaring Moon|95\/100|[from] Sandstorm\n|upkeep\n|-message|Outdated Puppet forfeited.\n|\n|win|YoungEsq\n|raw|YoungEsq's rating: 1298 &rarr; <strong>1329<\/strong><br \/>(+31 for winning)\n|raw|Outdated Puppet's rating: 1383 &rarr; <strong>1358<\/strong><br \/>(-25 for losing)\n|l|\u2606Outdated Puppet\n","uploadtime":1697744557,"views":13,"p1id":"youngesq","p2id":"outdatedpuppet","formatid":"gen9anythinggoes","rating":1329,"private":0,"password":""}