{"id":"gen9anythinggoes-1992936426","p1":"Nekogamer2168","p2":"idk20220222","format":"[Gen 9] Anything Goes","log":"|j|\u2606Nekogamer2168\n|j|\u2606idk20220222\n|t:|1700248341\n|gametype|singles\n|player|p1|Nekogamer2168|palmer|1000\n|player|p2|idk20220222|102|1000\n|teamsize|p1|6\n|teamsize|p2|6\n|gen|9\n|tier|[Gen 9] Anything Goes\n|rated|\n|rule|HP Percentage Mod: HP is shown in percentages\n|rule|Endless Battle Clause: Forcing endless battles is banned\n|clearpoke\n|poke|p1|Klefki, F|\n|poke|p1|Drifloon, M|\n|poke|p1|Volcarona, F|\n|poke|p1|Primeape, M|\n|poke|p1|Blissey, F|\n|poke|p1|Gengar, M|\n|poke|p2|Palkia-Origin|\n|poke|p2|Dialga-Origin|\n|poke|p2|Rayquaza|\n|poke|p2|Mewtwo|\n|poke|p2|Zamazenta-*|\n|poke|p2|Zacian-*|\n|teampreview\n|c|\u2606Nekogamer2168|oh god a legend spammer\n|\n|t:|1700248353\n|start\n|switch|p1a: Drifloon|Drifloon, M, shiny|100\/100\n|switch|p2a: Mewtwo|Mewtwo|100\/100\n|-ability|p2a: Mewtwo|Pressure\n|turn|1\n|inactive|Battle timer is ON: inactive players will automatically lose when time's up. (requested by Nekogamer2168)\n|\n|t:|1700248386\n|switch|p2a: Dialga|Dialga-Origin|100\/100\n|-ability|p2a: Dialga|Pressure\n|move|p1a: Drifloon|Minimize|p1a: Drifloon\n|-boost|p1a: Drifloon|evasion|2\n|\n|upkeep\n|turn|2\n|\n|t:|1700248395\n|move|p2a: Dialga|Dragon Claw|p1a: Drifloon\n|-damage|p1a: Drifloon|54\/100\n|move|p1a: Drifloon|Minimize|p1a: Drifloon\n|-boost|p1a: Drifloon|evasion|2\n|\n|upkeep\n|turn|3\n|\n|t:|1700248405\n|move|p2a: Dialga|Flash Cannon|p1a: Drifloon\n|-damage|p1a: Drifloon|0 fnt\n|faint|p1a: Drifloon\n|\n|upkeep\n|\n|t:|1700248410\n|switch|p1a: Klefki|Klefki, F, shiny|100\/100\n|turn|4\n|\n|t:|1700248416\n|move|p1a: Klefki|Thunder Wave|p2a: Dialga\n|-status|p2a: Dialga|par\n|cant|p2a: Dialga|par\n|\n|upkeep\n|turn|5\n|\n|t:|1700248426\n|move|p1a: Klefki|Light Screen|p1a: Klefki\n|-sidestart|p1: Nekogamer2168|move: Light Screen\n|move|p2a: Dialga|Aura Sphere|p1a: Klefki\n|-crit|p1a: Klefki\n|-damage|p1a: Klefki|54\/100\n|\n|upkeep\n|turn|6\n|\n|t:|1700248432\n|move|p1a: Klefki|Spikes|p2a: Dialga\n|-sidestart|p2: idk20220222|Spikes\n|cant|p2a: Dialga|par\n|\n|upkeep\n|turn|7\n|\n|t:|1700248437\n|move|p1a: Klefki|Reflect|p1a: Klefki\n|-sidestart|p1: Nekogamer2168|Reflect\n|move|p2a: Dialga|Flamethrower|p1a: Klefki\n|-supereffective|p1a: Klefki\n|-damage|p1a: Klefki|17\/100\n|\n|upkeep\n|turn|8\n|\n|t:|1700248445\n|move|p1a: Klefki|Spikes|p2a: Dialga\n|-sidestart|p2: idk20220222|Spikes\n|cant|p2a: Dialga|par\n|\n|upkeep\n|turn|9\n|\n|t:|1700248451\n|move|p1a: Klefki|Spikes|p2a: Dialga\n|-sidestart|p2: idk20220222|Spikes\n|cant|p2a: Dialga|par\n|\n|upkeep\n|turn|10\n|\n|t:|1700248456\n|switch|p1a: Gengar|Gengar, M|100\/100\n|move|p2a: Dialga|Flamethrower|p1a: Gengar\n|-damage|p1a: Gengar|73\/100\n|-start|p2a: Dialga|Disable|Flamethrower|[from] ability: Cursed Body|[of] p1a: Gengar\n|\n|-heal|p1a: Gengar|79\/100|[from] item: Black Sludge\n|upkeep\n|turn|11\n|\n|t:|1700248481\n|move|p1a: Gengar|Toxic Spikes|p2a: Dialga\n|-sidestart|p2: idk20220222|move: Toxic Spikes\n|cant|p2a: Dialga|par\n|\n|-heal|p1a: Gengar|85\/100|[from] item: Black Sludge\n|upkeep\n|turn|12\n|\n|t:|1700248490\n|switch|p2a: Zamazenta|Zamazenta-Crowned|100\/100\n|-damage|p2a: Zamazenta|76\/100|[from] Spikes\n|-ability|p2a: Zamazenta|Dauntless Shield|boost\n|-boost|p2a: Zamazenta|def|1\n|move|p1a: Gengar|Toxic Spikes|p2a: Zamazenta\n|-sidestart|p2: idk20220222|move: Toxic Spikes\n|\n|-heal|p1a: Gengar|91\/100|[from] item: Black Sludge\n|-sideend|p1: Nekogamer2168|move: Light Screen\n|upkeep\n|turn|13\n|\n|t:|1700248503\n|move|p2a: Zamazenta|Moonblast|p1a: Gengar\n|-resisted|p1a: Gengar\n|-damage|p1a: Gengar|73\/100\n|move|p1a: Gengar|Nasty Plot|p1a: Gengar\n|-boost|p1a: Gengar|spa|2\n|\n|-heal|p1a: Gengar|80\/100|[from] item: Black Sludge\n|upkeep\n|turn|14\n|\n|t:|1700248514\n|move|p2a: Zamazenta|Ice Fang|p1a: Gengar\n|-damage|p1a: Gengar|63\/100\n|move|p1a: Gengar|Nasty Plot|p1a: Gengar\n|-boost|p1a: Gengar|spa|2\n|\n|-heal|p1a: Gengar|70\/100|[from] item: Black Sludge\n|-sideend|p1: Nekogamer2168|Reflect\n|upkeep\n|turn|15\n|\n|t:|1700248524\n|move|p2a: Zamazenta|Body Press|p1a: Gengar\n|-immune|p1a: Gengar\n|move|p1a: Gengar|Dazzling Gleam|p2a: Zamazenta\n|-damage|p2a: Zamazenta|5\/100\n|\n|-heal|p1a: Gengar|76\/100|[from] item: Black Sludge\n|upkeep\n|turn|16\n|\n|t:|1700248535\n|switch|p2a: Rayquaza|Rayquaza|100\/100\n|-ability|p2a: Rayquaza|Air Lock\n|move|p1a: Gengar|Nasty Plot|p1a: Gengar\n|-boost|p1a: Gengar|spa|2\n|\n|-heal|p1a: Gengar|82\/100|[from] item: Black Sludge\n|upkeep\n|turn|17\n|\n|t:|1700248548\n|move|p1a: Gengar|Dazzling Gleam|p2a: Rayquaza\n|-supereffective|p2a: Rayquaza\n|-damage|p2a: Rayquaza|0 fnt\n|faint|p2a: Rayquaza\n|\n|-heal|p1a: Gengar|88\/100|[from] item: Black Sludge\n|upkeep\n|\n|t:|1700248558\n|switch|p2a: Palkia|Palkia-Origin|100\/100\n|-damage|p2a: Palkia|75\/100|[from] Spikes\n|-status|p2a: Palkia|tox\n|-ability|p2a: Palkia|Pressure\n|turn|18\n|\n|t:|1700248567\n|move|p1a: Gengar|Hex|p2a: Palkia\n|-damage|p2a: Palkia|0 fnt\n|faint|p2a: Palkia\n|\n|-heal|p1a: Gengar|94\/100|[from] item: Black Sludge\n|upkeep\n|\n|t:|1700248575\n|switch|p2a: Zacian|Zacian-Crowned|100\/100\n|-damage|p2a: Zacian|76\/100|[from] Spikes\n|-ability|p2a: Zacian|Intrepid Sword|boost\n|-boost|p2a: Zacian|atk|1\n|turn|19\n|\n|t:|1700248583\n|move|p2a: Zacian|Behemoth Blade|p1a: Gengar\n|-damage|p1a: Gengar|0 fnt\n|faint|p1a: Gengar\n|\n|upkeep\n|\n|t:|1700248590\n|switch|p1a: Volcarona|Volcarona, F|100\/100\n|turn|20\n|\n|t:|1700248606\n|switch|p2a: Mewtwo|Mewtwo|100\/100\n|-damage|p2a: Mewtwo|76\/100|[from] Spikes\n|-status|p2a: Mewtwo|tox\n|-ability|p2a: Mewtwo|Pressure\n|move|p1a: Volcarona|Fiery Dance|p2a: Mewtwo\n|-damage|p2a: Mewtwo|26\/100 tox\n|-boost|p1a: Volcarona|spa|1\n|\n|-damage|p2a: Mewtwo|20\/100 tox|[from] psn\n|upkeep\n|turn|21\n|\n|t:|1700248623\n|move|p2a: Mewtwo|Recover|p2a: Mewtwo\n|-heal|p2a: Mewtwo|70\/100 tox\n|move|p1a: Volcarona|Quiver Dance|p1a: Volcarona\n|-boost|p1a: Volcarona|spa|1\n|-boost|p1a: Volcarona|spd|1\n|-boost|p1a: Volcarona|spe|1\n|\n|-damage|p2a: Mewtwo|58\/100 tox|[from] psn\n|upkeep\n|turn|22\n|\n|t:|1700248632\n|move|p1a: Volcarona|Fiery Dance|p2a: Mewtwo\n|-crit|p2a: Mewtwo\n|-damage|p2a: Mewtwo|0 fnt\n|-boost|p1a: Volcarona|spa|1\n|faint|p2a: Mewtwo\n|\n|upkeep\n|\n|t:|1700248640\n|switch|p2a: Dialga|Dialga-Origin|100\/100 par\n|-damage|p2a: Dialga|76\/100 par|[from] Spikes\n|-ability|p2a: Dialga|Pressure\n|turn|23\n|\n|t:|1700248648\n|-terastallize|p2a: Dialga|Steel\n|move|p1a: Volcarona|Fiery Dance|p2a: Dialga\n|-supereffective|p2a: Dialga\n|-damage|p2a: Dialga|0 fnt\n|-boost|p1a: Volcarona|spa|1\n|faint|p2a: Dialga\n|\n|upkeep\n|\n|t:|1700248657\n|switch|p2a: Zacian|Zacian-Crowned|76\/100\n|-damage|p2a: Zacian|51\/100|[from] Spikes\n|turn|24\n|\n|t:|1700248663\n|move|p1a: Volcarona|Fiery Dance|p2a: Zacian\n|-supereffective|p2a: Zacian\n|-damage|p2a: Zacian|0 fnt\n|faint|p2a: Zacian\n|\n|upkeep\n|\n|t:|1700248669\n|switch|p2a: Zamazenta|Zamazenta-Crowned|5\/100\n|-damage|p2a: Zamazenta|0 fnt|[from] Spikes\n|faint|p2a: Zamazenta\n|\n|win|Nekogamer2168\n|raw|Nekogamer2168's rating: 1000 &rarr; <strong>1040<\/strong><br \/>(+40 for winning)\n|raw|idk20220222's rating: 1000 &rarr; <strong>1000<\/strong><br \/>(+0 for losing)\n|l|\u2606idk20220222\n|c|\u2606Nekogamer2168|gg legend spammer\n|c|\u2606Nekogamer2168|\/\/save pkmnlgndsweep.MOV\n","uploadtime":1700249149,"views":5,"p1id":"nekogamer2168","p2id":"idk20220222","formatid":"gen9anythinggoes","rating":1000,"private":0,"password":""}