{"id":"gen9anythinggoes-1999362930","p1":"AlexaBoi","p2":"yokodai","format":"[Gen 9] Anything Goes","log":"|j|\u2606AlexaBoi\n|j|\u2606yokodai\n|t:|1701067091\n|gametype|singles\n|player|p1|AlexaBoi|colress|1359\n|player|p2|yokodai|cynthia-gen4|1371\n|teamsize|p1|6\n|teamsize|p2|6\n|gen|9\n|tier|[Gen 9] Anything Goes\n|rated|\n|rule|HP Percentage Mod: HP is shown in percentages\n|rule|Endless Battle Clause: Forcing endless battles is banned\n|clearpoke\n|poke|p1|Azumarill, F|\n|poke|p1|Glimmora, F|\n|poke|p1|Calyrex-Shadow|\n|poke|p1|Miraidon|\n|poke|p1|Sneasler, M|\n|poke|p1|Iron Treads|\n|poke|p2|Mamoswine, M|\n|poke|p2|Mamoswine, F|\n|poke|p2|Mamoswine, M|\n|poke|p2|Mamoswine, F|\n|poke|p2|Mamoswine, M|\n|poke|p2|Mamoswine, F|\n|teampreview\n|inactive|Battle timer is ON: inactive players will automatically lose when time's up. (requested by AlexaBoi)\n|c|\u2606AlexaBoi|Mammoswines\n|\n|t:|1701067119\n|start\n|switch|p1a: Glimmora|Glimmora, F|100\/100\n|switch|p2a: Mamoswine|Mamoswine, F|100\/100\n|turn|1\n|\n|t:|1701067131\n|move|p2a: Mamoswine|Freeze-Dry|p1a: Glimmora\n|-damage|p1a: Glimmora|85\/100\n|-status|p1a: Glimmora|frz\n|cant|p1a: Glimmora|frz\n|\n|upkeep\n|turn|2\n|\n|t:|1701067144\n|switch|p2a: Mamoswine|Mamoswine, M|100\/100\n|cant|p1a: Glimmora|frz\n|\n|upkeep\n|turn|3\n|\n|t:|1701067154\n|move|p2a: Mamoswine|Freeze-Dry|p1a: Glimmora\n|-damage|p1a: Glimmora|65\/100 frz\n|cant|p1a: Glimmora|frz\n|\n|upkeep\n|turn|4\n|\n|t:|1701067159\n|move|p2a: Mamoswine|Freeze-Dry|p1a: Glimmora\n|-damage|p1a: Glimmora|46\/100 frz\n|cant|p1a: Glimmora|frz\n|\n|upkeep\n|turn|5\n|\n|t:|1701067162\n|move|p2a: Mamoswine|Freeze-Dry|p1a: Glimmora\n|-damage|p1a: Glimmora|25\/100 frz\n|cant|p1a: Glimmora|frz\n|\n|upkeep\n|turn|6\n|c|\u2606AlexaBoi|FUCK UP GLIMMORA\n|\n|t:|1701067177\n|move|p2a: Mamoswine|Freeze-Dry|p1a: Glimmora\n|-damage|p1a: Glimmora|3\/100 frz\n|cant|p1a: Glimmora|frz\n|\n|upkeep\n|turn|7\n|\n|t:|1701067185\n|move|p2a: Mamoswine|Freeze-Dry|p1a: Glimmora\n|-damage|p1a: Glimmora|0 fnt\n|faint|p1a: Glimmora\n|\n|upkeep\n|\n|t:|1701067194\n|switch|p1a: Miraidon|Miraidon|100\/100\n|-fieldstart|move: Electric Terrain|[from] ability: Hadron Engine|[of] p1a: Miraidon\n|turn|8\n|\n|t:|1701067202\n|move|p2a: Mamoswine|Endure|p2a: Mamoswine\n|-singleturn|p2a: Mamoswine|move: Endure\n|move|p1a: Miraidon|Draco Meteor|p2a: Mamoswine\n|-activate|p2a: Mamoswine|move: Endure\n|-damage|p2a: Mamoswine|1\/100\n|-unboost|p1a: Miraidon|spa|2\n|\n|upkeep\n|turn|9\n|-enditem|p2a: Mamoswine|Custap Berry|[eat]\n|-activate|p2a: Mamoswine|item: Custap Berry|[consumed]\n|\n|t:|1701067205\n|move|p2a: Mamoswine|Earthquake|p1a: Miraidon\n|-supereffective|p1a: Miraidon\n|-damage|p1a: Miraidon|0 fnt\n|faint|p1a: Miraidon\n|\n|upkeep\n|\n|t:|1701067210\n|switch|p1a: Sneasler|Sneasler, M, shiny|100\/100\n|-enditem|p1a: Sneasler|Electric Seed\n|-boost|p1a: Sneasler|def|1|[from] item: Electric Seed\n|turn|10\n|\n|t:|1701067216\n|move|p1a: Sneasler|Acrobatics|p2a: Mamoswine\n|-damage|p2a: Mamoswine|0 fnt\n|faint|p2a: Mamoswine\n|\n|upkeep\n|\n|t:|1701067237\n|switch|p2a: Mamoswine|Mamoswine, M|100\/100\n|turn|11\n|\n|t:|1701067242\n|-terastallize|p2a: Mamoswine|Ground\n|move|p1a: Sneasler|Close Combat|p2a: Mamoswine\n|-damage|p2a: Mamoswine|38\/100\n|-unboost|p1a: Sneasler|def|1\n|-unboost|p1a: Sneasler|spd|1\n|move|p2a: Mamoswine|Earthquake|p1a: Sneasler\n|-supereffective|p1a: Sneasler\n|-damage|p1a: Sneasler|0 fnt\n|faint|p1a: Sneasler\n|\n|upkeep\n|\n|t:|1701067250\n|switch|p1a: Calyrex|Calyrex-Shadow|100\/100\n|-ability|p1a: Calyrex|As One\n|-ability|p1a: Calyrex|Unnerve\n|turn|12\n|\n|t:|1701067253\n|move|p1a: Calyrex|Astral Barrage|p2a: Mamoswine\n|-damage|p2a: Mamoswine|0 fnt\n|faint|p2a: Mamoswine\n|-ability|p1a: Calyrex|Grim Neigh|boost\n|-boost|p1a: Calyrex|spa|1\n|\n|upkeep\n|\n|t:|1701067257\n|switch|p2a: Mamoswine|Mamoswine, F|100\/100\n|turn|13\n|\n|t:|1701067264\n|move|p1a: Calyrex|Astral Barrage|p2a: Mamoswine\n|-damage|p2a: Mamoswine|11\/100\n|move|p2a: Mamoswine|Knock Off|p1a: Calyrex\n|-supereffective|p1a: Calyrex\n|-damage|p1a: Calyrex|0 fnt\n|-enditem|p1a: Calyrex|Wise Glasses|[from] move: Knock Off|[of] p2a: Mamoswine\n|faint|p1a: Calyrex\n|\n|upkeep\n|\n|t:|1701067269\n|switch|p1a: Azumarill|Azumarill, F, shiny|100\/100\n|turn|14\n|\n|t:|1701067280\n|-terastallize|p1a: Azumarill|Water\n|move|p1a: Azumarill|Aqua Jet|p2a: Mamoswine\n|-supereffective|p2a: Mamoswine\n|-damage|p2a: Mamoswine|0 fnt\n|faint|p2a: Mamoswine\n|\n|upkeep\n|\n|t:|1701067294\n|switch|p2a: Mamoswine|Mamoswine, M|100\/100\n|turn|15\n|\n|t:|1701067297\n|move|p2a: Mamoswine|Earthquake|p1a: Azumarill\n|-damage|p1a: Azumarill|62\/100\n|move|p1a: Azumarill|Belly Drum|p1a: Azumarill\n|-damage|p1a: Azumarill|12\/100\n|-setboost|p1a: Azumarill|atk|6|[from] move: Belly Drum\n|\n|-fieldend|move: Electric Terrain\n|upkeep\n|turn|16\n|\n|t:|1701067305\n|move|p1a: Azumarill|Aqua Jet|p2a: Mamoswine\n|-supereffective|p2a: Mamoswine\n|-damage|p2a: Mamoswine|0 fnt\n|faint|p2a: Mamoswine\n|\n|upkeep\n|\n|t:|1701067311\n|switch|p2a: Mamoswine|Mamoswine, F|100\/100\n|turn|17\n|\n|t:|1701067313\n|move|p1a: Azumarill|Aqua Jet|p2a: Mamoswine\n|-supereffective|p2a: Mamoswine\n|-damage|p2a: Mamoswine|0 fnt\n|faint|p2a: Mamoswine\n|\n|upkeep\n|\n|t:|1701067316\n|switch|p2a: Mamoswine|Mamoswine, F|100\/100\n|turn|18\n|\n|t:|1701067318\n|move|p1a: Azumarill|Aqua Jet|p2a: Mamoswine\n|-supereffective|p2a: Mamoswine\n|-damage|p2a: Mamoswine|0 fnt\n|faint|p2a: Mamoswine\n|\n|win|AlexaBoi\n|raw|AlexaBoi's rating: 1359 &rarr; <strong>1380<\/strong><br \/>(+21 for winning)\n|raw|yokodai's rating: 1371 &rarr; <strong>1350<\/strong><br \/>(-21 for losing)\n","uploadtime":1701067176,"views":0,"p1id":"alexaboi","p2id":"yokodai","formatid":"gen9anythinggoes","rating":1350,"private":0,"password":""}