{"id":"gen9anythinggoes-1977196037","p1":"kidnamedzit","p2":"Elpapeainsanos","format":"[Gen 9] Anything Goes","log":"|j|\u2606kidnamedzit\n|j|\u2606Elpapeainsanos\n|t:|1698384627\n|gametype|singles\n|player|p1|kidnamedzit|lucas|1001\n|player|p2|Elpapeainsanos|burglar|1086\n|teamsize|p1|6\n|teamsize|p2|6\n|gen|9\n|tier|[Gen 9] Anything Goes\n|rated|\n|rule|HP Percentage Mod: HP is shown in percentages\n|rule|Endless Battle Clause: Forcing endless battles is banned\n|clearpoke\n|poke|p1|Sobble, M|\n|poke|p1|Scorbunny, M|\n|poke|p1|Grookey, M|\n|poke|p1|Sprigatito, M|\n|poke|p1|Quaxly, F|\n|poke|p1|Fuecoco, F|\n|poke|p2|Calyrex-Shadow|\n|poke|p2|Miraidon|\n|poke|p2|Kyogre|\n|poke|p2|Zacian-*|\n|poke|p2|Regieleki|\n|poke|p2|Houndstone, F|\n|teampreview\n|c|\u2606kidnamedzit|the meme team\n|\n|t:|1698384636\n|start\n|switch|p1a: rice cooker|Fuecoco, F|100\/100\n|switch|p2a: Kyogre|Kyogre|100\/100\n|-weather|RainDance|[from] ability: Drizzle|[of] p2a: Kyogre\n|turn|1\n|\n|t:|1698384644\n|move|p1a: rice cooker|Protect|p1a: rice cooker\n|-singleturn|p1a: rice cooker|Protect\n|move|p2a: Kyogre|Water Spout|p1a: rice cooker\n|-activate|p1a: rice cooker|move: Protect\n|\n|-weather|RainDance|[upkeep]\n|upkeep\n|turn|2\n|c|\u2606kidnamedzit|whoos\n|c|\u2606kidnamedzit|whoops\n|\n|t:|1698384654\n|switch|p1a: gato|Sprigatito, M|100\/100\n|move|p2a: Kyogre|Water Spout|p1a: gato\n|-resisted|p1a: gato\n|-enditem|p1a: gato|Focus Sash\n|-damage|p1a: gato|1\/100\n|\n|-weather|RainDance|[upkeep]\n|upkeep\n|turn|3\n|\n|t:|1698384664\n|move|p2a: Kyogre|Water Spout|p1a: gato\n|-resisted|p1a: gato\n|-damage|p1a: gato|0 fnt\n|faint|p1a: gato\n|\n|-weather|RainDance|[upkeep]\n|upkeep\n|inactive|Battle timer is ON: inactive players will automatically lose when time's up. (requested by Elpapeainsanos)\n|\n|t:|1698384670\n|switch|p1a: badumtiss|Grookey, M|100\/100\n|turn|4\n|\n|t:|1698384673\n|move|p2a: Kyogre|Water Spout|p1a: badumtiss\n|-resisted|p1a: badumtiss\n|-enditem|p1a: badumtiss|Focus Sash\n|-damage|p1a: badumtiss|1\/100\n|move|p1a: badumtiss|Energy Ball|p2a: Kyogre\n|-supereffective|p2a: Kyogre\n|-damage|p2a: Kyogre|65\/100\n|\n|-weather|RainDance|[upkeep]\n|upkeep\n|turn|5\n|\n|t:|1698384682\n|move|p1a: badumtiss|Protect|p1a: badumtiss\n|-singleturn|p1a: badumtiss|Protect\n|move|p2a: Kyogre|Water Spout|p1a: badumtiss\n|-activate|p1a: badumtiss|move: Protect\n|\n|-weather|none\n|upkeep\n|turn|6\n|\n|t:|1698384689\n|move|p2a: Kyogre|Water Spout|p1a: badumtiss\n|-resisted|p1a: badumtiss\n|-damage|p1a: badumtiss|0 fnt\n|faint|p1a: badumtiss\n|\n|upkeep\n|\n|t:|1698384695\n|switch|p1a: football player|Scorbunny, M|100\/100\n|turn|7\n|c|\u2606kidnamedzit|ggwp\n|\n|t:|1698384702\n|move|p2a: Kyogre|Water Spout|p1a: football player\n|-supereffective|p1a: football player\n|-enditem|p1a: football player|Focus Sash\n|-damage|p1a: football player|1\/100\n|move|p1a: football player|Flamethrower|p2a: Kyogre\n|-resisted|p2a: Kyogre\n|-damage|p2a: Kyogre|55\/100\n|\n|upkeep\n|turn|8\n|\n|t:|1698384710\n|move|p2a: Kyogre|Water Spout|p1a: football player\n|-supereffective|p1a: football player\n|-damage|p1a: football player|0 fnt\n|faint|p1a: football player\n|\n|upkeep\n|\n|t:|1698384715\n|switch|p1a: rice cooker|Fuecoco, F|100\/100\n|turn|9\n|\n|t:|1698384724\n|switch|p2a: Miraidon|Miraidon|100\/100\n|-fieldstart|move: Electric Terrain|[from] ability: Hadron Engine|[of] p2a: Miraidon\n|move|p1a: rice cooker|Flamethrower|p2a: Miraidon\n|-resisted|p2a: Miraidon\n|-damage|p2a: Miraidon|93\/100\n|\n|upkeep\n|turn|10\n|\n|t:|1698384732\n|move|p1a: rice cooker|Protect|p1a: rice cooker\n|-singleturn|p1a: rice cooker|Protect\n|move|p2a: Miraidon|Electro Drift|p1a: rice cooker\n|-activate|p1a: rice cooker|move: Protect\n|\n|upkeep\n|turn|11\n|c|\u2606kidnamedzit|I forgot my ice beam at home :(\n|\n|t:|1698384747\n|move|p2a: Miraidon|Electro Drift|p1a: rice cooker\n|-enditem|p1a: rice cooker|Focus Sash\n|-damage|p1a: rice cooker|1\/100\n|move|p1a: rice cooker|Flamethrower|p2a: Miraidon\n|-resisted|p2a: Miraidon\n|-damage|p2a: Miraidon|82\/100\n|\n|upkeep\n|turn|12\n|\n|t:|1698384759\n|move|p1a: rice cooker|Protect|p1a: rice cooker\n|-singleturn|p1a: rice cooker|Protect\n|move|p2a: Miraidon|Volt Switch|p1a: rice cooker\n|-activate|p1a: rice cooker|move: Protect\n|\n|upkeep\n|turn|13\n|\n|t:|1698384766\n|move|p2a: Miraidon|Dazzling Gleam|p1a: rice cooker\n|-resisted|p1a: rice cooker\n|-crit|p1a: rice cooker\n|-damage|p1a: rice cooker|0 fnt\n|faint|p1a: rice cooker\n|\n|-fieldend|move: Electric Terrain\n|upkeep\n|\n|t:|1698384771\n|switch|p1a: quack|Quaxly, F|100\/100\n|turn|14\n|c|\u2606kidnamedzit|ggs\n|\n|t:|1698384778\n|move|p1a: quack|Protect|p1a: quack\n|-singleturn|p1a: quack|Protect\n|move|p2a: Miraidon|Volt Switch|p1a: quack\n|-activate|p1a: quack|move: Protect\n|\n|upkeep\n|turn|15\n|c|\u2606kidnamedzit|Surfs up\n|\n|t:|1698384789\n|move|p2a: Miraidon|Volt Switch|p1a: quack\n|-supereffective|p1a: quack\n|-crit|p1a: quack\n|-enditem|p1a: quack|Focus Sash\n|-damage|p1a: quack|1\/100\n|\n|t:|1698384793\n|switch|p2a: Regieleki|Regieleki|100\/100|[from] Volt Switch\n|move|p1a: quack|Surf|p2a: Regieleki\n|-damage|p2a: Regieleki|60\/100\n|\n|upkeep\n|turn|16\n|\n|t:|1698384803\n|move|p1a: quack|Protect|p1a: quack\n|-singleturn|p1a: quack|Protect\n|move|p2a: Regieleki|Thunderbolt|p1a: quack\n|-activate|p1a: quack|move: Protect\n|\n|upkeep\n|turn|17\n|\n|t:|1698384808\n|move|p2a: Regieleki|Rapid Spin|p1a: quack\n|-damage|p1a: quack|0 fnt\n|-boost|p2a: Regieleki|spe|1\n|faint|p1a: quack\n|\n|upkeep\n|\n|t:|1698384813\n|switch|p1a: cute boi|Sobble, M|100\/100\n|turn|18\n|\n|t:|1698384816\n|move|p1a: cute boi|Protect|p1a: cute boi\n|-singleturn|p1a: cute boi|Protect\n|move|p2a: Regieleki|Thunderbolt|p1a: cute boi\n|-activate|p1a: cute boi|move: Protect\n|\n|upkeep\n|turn|19\n|\n|t:|1698384821\n|move|p2a: Regieleki|Thunderbolt|p1a: cute boi\n|-supereffective|p1a: cute boi\n|-enditem|p1a: cute boi|Focus Sash\n|-damage|p1a: cute boi|1\/100\n|move|p1a: cute boi|Surf|p2a: Regieleki\n|-damage|p2a: Regieleki|14\/100\n|\n|upkeep\n|turn|20\n|-message|Elpapeainsanos forfeited.\n|\n|win|kidnamedzit\n|raw|kidnamedzit's rating: 1001 &rarr; <strong>1050<\/strong><br \/>(+49 for winning)\n|raw|Elpapeainsanos's rating: 1086 &rarr; <strong>1058<\/strong><br \/>(-28 for losing)\n|l|\u2606Elpapeainsanos\n|c|\u2606kidnamedzit|what\n|c|\u2606kidnamedzit|RAGE QUITTED\n","uploadtime":1698384853,"views":8,"p1id":"kidnamedzit","p2id":"elpapeainsanos","formatid":"gen9anythinggoes","rating":1050,"private":0,"password":""}