{"id":"gen9anythinggoes-1991656765","p1":"Lyican","p2":"EChompe","format":"[Gen 9] Anything Goes","log":"|j|\u2606Lyican\n|j|\u2606EChompe\n|t:|1700099197\n|gametype|singles\n|player|p1|Lyican|steven|1079\n|player|p2|EChompe|266|1089\n|teamsize|p1|6\n|teamsize|p2|6\n|gen|9\n|tier|[Gen 9] Anything Goes\n|rated|\n|rule|HP Percentage Mod: HP is shown in percentages\n|rule|Endless Battle Clause: Forcing endless battles is banned\n|clearpoke\n|poke|p1|Dragapult, M|\n|poke|p1|Iron Valiant|\n|poke|p1|Iron Moth|\n|poke|p1|Annihilape, M|\n|poke|p1|Cinderace, M|\n|poke|p1|Greninja-*, M|\n|poke|p2|Armarouge, M|\n|poke|p2|Zoroark, F|\n|poke|p2|Iron Hands|\n|poke|p2|Articuno|\n|poke|p2|Annihilape, M|\n|poke|p2|Eternatus|\n|teampreview\n|c|\u2606EChompe|Hi\n|c|\u2606Lyican|hi\n|\n|t:|1700099213\n|start\n|switch|p1a: Dragapult|Dragapult, M, shiny|100\/100\n|switch|p2a: Iron Hands|Iron Hands, shiny|100\/100\n|turn|1\n|c|\u2606Lyican|how has your day been\n|\n|t:|1700099224\n|move|p1a: Dragapult|Dragon Dance|p1a: Dragapult\n|-boost|p1a: Dragapult|atk|1\n|-boost|p1a: Dragapult|spe|1\n|move|p2a: Iron Hands|Dark Pulse|p1a: Dragapult\n|-supereffective|p1a: Dragapult\n|-damage|p1a: Dragapult|19\/100\n|\n|upkeep\n|turn|2\n|\n|t:|1700099236\n|move|p1a: Dragapult|Dragon Darts|p2a: Iron Hands\n|-damage|p2a: Iron Hands|44\/100\n|replace|p2a: Zoroark|Zoroark, F, shiny\n|-end|p2a: Zoroark|Illusion\n|-anim|p1a: Dragapult|Dragon Darts|p2a: Zoroark\n|-damage|p2a: Zoroark|0 fnt\n|faint|p2a: Zoroark\n|-heal|p1a: Dragapult|32\/100|[from] item: Shell Bell|[of] p2: Zoroark\n|\n|upkeep\n|\n|t:|1700099244\n|switch|p2a: Annihilape|Annihilape, M, shiny|100\/100\n|turn|3\n|\n|t:|1700099254\n|move|p1a: Dragapult|Phantom Force||[still]\n|-prepare|p1a: Dragapult|Phantom Force\n|move|p2a: Annihilape|Fire Punch|p1a: Dragapult|[miss]\n|-miss|p2a: Annihilape|p1a: Dragapult\n|\n|upkeep\n|turn|4\n|\n|t:|1700099259\n|move|p1a: Dragapult|Phantom Force|p2a: Annihilape|[from]lockedmove\n|-supereffective|p2a: Annihilape\n|-damage|p2a: Annihilape|0 fnt\n|faint|p2a: Annihilape\n|-heal|p1a: Dragapult|47\/100|[from] item: Shell Bell|[of] p2: Annihilape\n|\n|upkeep\n|\n|t:|1700099266\n|switch|p2a: Iron Hands|Iron Hands, shiny|100\/100\n|-enditem|p2a: Iron Hands|Booster Energy\n|-activate|p2a: Iron Hands|ability: Quark Drive|[fromitem]\n|-start|p2a: Iron Hands|quarkdriveatk\n|turn|5\n|\n|t:|1700099280\n|move|p1a: Dragapult|Dragon Darts|p2a: Iron Hands\n|-crit|p2a: Iron Hands\n|-damage|p2a: Iron Hands|68\/100\n|-anim|p1a: Dragapult|Dragon Darts|p2a: Iron Hands\n|-damage|p2a: Iron Hands|47\/100\n|-heal|p1a: Dragapult|58\/100|[from] item: Shell Bell|[of] p2a: Iron Hands\n|move|p2a: Iron Hands|Belly Drum||[still]\n|-fail|p2a: Iron Hands\n|\n|upkeep\n|turn|6\n|\n|t:|1700099289\n|move|p1a: Dragapult|Dragon Darts|p2a: Iron Hands\n|-crit|p2a: Iron Hands\n|-damage|p2a: Iron Hands|11\/100\n|-anim|p1a: Dragapult|Dragon Darts|p2a: Iron Hands\n|-damage|p2a: Iron Hands|0 fnt\n|faint|p2a: Iron Hands\n|-end|p2a: Iron Hands|Quark Drive|[silent]\n|-heal|p1a: Dragapult|67\/100|[from] item: Shell Bell|[of] p2: Iron Hands\n|\n|upkeep\n|n|!EChompe|echompe\n|\n|t:|1700099301\n|switch|p2a: Eternatus|Eternatus, shiny|100\/100\n|-ability|p2a: Eternatus|Pressure\n|turn|7\n|\n|t:|1700099305\n|move|p1a: Dragapult|Dragon Darts|p2a: Eternatus\n|-supereffective|p2a: Eternatus\n|-damage|p2a: Eternatus|54\/100\n|-anim|p1a: Dragapult|Dragon Darts|p2a: Eternatus\n|-supereffective|p2a: Eternatus\n|-damage|p2a: Eternatus|6\/100\n|-heal|p1a: Dragapult|84\/100|[from] item: Shell Bell|[of] p2a: Eternatus\n|move|p2a: Eternatus|Dynamax Cannon|p1a: Dragapult\n|-supereffective|p1a: Dragapult\n|-damage|p1a: Dragapult|0 fnt\n|faint|p1a: Dragapult\n|\n|upkeep\n|\n|t:|1700099313\n|switch|p1a: Cinderace|Cinderace, M|100\/100\n|turn|8\n|\n|t:|1700099318\n|move|p1a: Cinderace|U-turn|p2a: Eternatus\n|-start|p1a: Cinderace|typechange|Bug|[from] ability: Libero\n|-resisted|p2a: Eternatus\n|-damage|p2a: Eternatus|0 fnt\n|faint|p2a: Eternatus\n|\n|t:|1700099335\n|switch|p1a: Iron Moth|Iron Moth|100\/100|[from] U-turn\n|\n|upkeep\n|\n|t:|1700099340\n|switch|p2a: Articuno|Articuno, shiny|100\/100\n|-ability|p2a: Articuno|Pressure\n|turn|9\n|-message|EChompe forfeited.\n|\n|win|Lyican\n|raw|Lyican's rating: 1079 &rarr; <strong>1108<\/strong><br \/>(+29 for winning)\n|raw|EChompe's rating: 1089 &rarr; <strong>1065<\/strong><br \/>(-24 for losing)\n|l|!EChompe\n","uploadtime":1700099295,"views":3,"p1id":"lyican","p2id":"echompe","formatid":"gen9anythinggoes","rating":1065,"private":0,"password":""}