{"id":"gen9anythinggoes-1997747467","p1":"freezersan0","p2":"mentecapito","format":"[Gen 9] Anything Goes","log":"|j|\u2606freezersan0\n|j|\u2606mentecapito\n|t:|1700848394\n|gametype|singles\n|player|p1|freezersan0|unknown|1011\n|player|p2|mentecapito|cynthia-gen4|1117\n|teamsize|p1|6\n|teamsize|p2|6\n|gen|9\n|tier|[Gen 9] Anything Goes\n|rated|\n|rule|HP Percentage Mod: HP is shown in percentages\n|rule|Endless Battle Clause: Forcing endless battles is banned\n|clearpoke\n|poke|p1|Ting-Lu|\n|poke|p1|Glimmora, M|\n|poke|p1|Mew|\n|poke|p1|Ariados, M|\n|poke|p1|Rayquaza|\n|poke|p1|Klefki, M|\n|poke|p2|Dragapult, M|\n|poke|p2|Weavile, M|\n|poke|p2|Milotic, M|\n|poke|p2|Kingambit, F|\n|poke|p2|Volcarona, M|\n|poke|p2|Gyarados, M|\n|teampreview\n|inactive|Battle timer is ON: inactive players will automatically lose when time's up. (requested by freezersan0)\n|\n|t:|1700848404\n|start\n|switch|p1a: Red Asquerosa|Ariados, M|100\/100\n|switch|p2a: Gyarados|Gyarados, M|100\/100\n|turn|1\n|\n|t:|1700848410\n|move|p2a: Gyarados|Dragon Dance|p2a: Gyarados\n|-boost|p2a: Gyarados|atk|1\n|-boost|p2a: Gyarados|spe|1\n|move|p1a: Red Asquerosa|Toxic Thread|p2a: Gyarados\n|-unboost|p2a: Gyarados|spe|1\n|-status|p2a: Gyarados|psn\n|\n|-damage|p2a: Gyarados|88\/100 psn|[from] psn\n|upkeep\n|turn|2\n|\n|t:|1700848419\n|move|p2a: Gyarados|Waterfall|p1a: Red Asquerosa\n|-enditem|p1a: Red Asquerosa|Focus Sash\n|-damage|p1a: Red Asquerosa|1\/100\n|-damage|p2a: Gyarados|78\/100 psn|[from] item: Life Orb\n|move|p1a: Red Asquerosa|Sticky Web|p2a: Gyarados\n|-sidestart|p2: mentecapito|move: Sticky Web\n|\n|-damage|p2a: Gyarados|66\/100 psn|[from] psn\n|upkeep\n|turn|3\n|\n|t:|1700848430\n|move|p1a: Red Asquerosa|Protect|p1a: Red Asquerosa\n|-singleturn|p1a: Red Asquerosa|Protect\n|move|p2a: Gyarados|Waterfall|p1a: Red Asquerosa\n|-activate|p1a: Red Asquerosa|move: Protect\n|\n|-damage|p2a: Gyarados|53\/100 psn|[from] psn\n|upkeep\n|turn|4\n|\n|t:|1700848437\n|switch|p1a: Mewone|Mew|100\/100\n|move|p2a: Gyarados|Dragon Dance|p2a: Gyarados\n|-boost|p2a: Gyarados|atk|1\n|-boost|p2a: Gyarados|spe|1\n|\n|-damage|p2a: Gyarados|41\/100 psn|[from] psn\n|upkeep\n|turn|5\n|\n|t:|1700848445\n|move|p2a: Gyarados|Waterfall|p1a: Mewone\n|-damage|p1a: Mewone|20\/100\n|-damage|p2a: Gyarados|31\/100 psn|[from] item: Life Orb\n|move|p1a: Mewone|Roar|p2a: Gyarados\n|drag|p2a: Milotic|Milotic, M|100\/100\n|-activate|p2a: Milotic|move: Sticky Web\n|-unboost|p2a: Milotic|spe|1\n|\n|-heal|p1a: Mewone|27\/100|[from] item: Leftovers\n|upkeep\n|turn|6\n|\n|t:|1700848455\n|move|p1a: Mewone|Toxic Spikes|p2a: Milotic\n|-sidestart|p2: mentecapito|move: Toxic Spikes\n|move|p2a: Milotic|Hydro Pump|p1a: Mewone|[miss]\n|-miss|p2a: Milotic|p1a: Mewone\n|\n|-heal|p1a: Mewone|33\/100|[from] item: Leftovers\n|upkeep\n|turn|7\n|\n|t:|1700848461\n|move|p1a: Mewone|Toxic Spikes|p2a: Milotic\n|-sidestart|p2: mentecapito|move: Toxic Spikes\n|move|p2a: Milotic|Hydro Pump|p1a: Mewone\n|-damage|p1a: Mewone|2\/100\n|\n|-heal|p1a: Mewone|8\/100|[from] item: Leftovers\n|upkeep\n|turn|8\n|\n|t:|1700848468\n|switch|p1a: Klefki|Klefki, M|100\/100\n|move|p2a: Milotic|Hydro Pump|p1a: Klefki|[miss]\n|-miss|p2a: Milotic|p1a: Klefki\n|\n|upkeep\n|turn|9\n|\n|t:|1700848474\n|move|p1a: Klefki|Light Screen|p1a: Klefki\n|-sidestart|p1: freezersan0|move: Light Screen\n|move|p2a: Milotic|Hydro Pump|p1a: Klefki\n|-damage|p1a: Klefki|80\/100\n|\n|upkeep\n|turn|10\n|\n|t:|1700848480\n|switch|p2a: Gyarados|Gyarados, M|31\/100 psn\n|move|p1a: Klefki|Switcheroo|p2a: Gyarados\n|-activate|p1a: Klefki|move: Trick|[of] p2a: Gyarados\n|-item|p2a: Gyarados|Toxic Orb|[from] move: Switcheroo\n|-item|p1a: Klefki|Life Orb|[from] move: Switcheroo\n|\n|-damage|p2a: Gyarados|19\/100 psn|[from] psn\n|upkeep\n|turn|11\n|\n|t:|1700848488\n|move|p1a: Klefki|Switcheroo|p2a: Gyarados\n|-activate|p1a: Klefki|move: Trick|[of] p2a: Gyarados\n|-item|p2a: Gyarados|Life Orb|[from] move: Switcheroo\n|-item|p1a: Klefki|Toxic Orb|[from] move: Switcheroo\n|move|p2a: Gyarados|Earthquake|p1a: Klefki\n|-supereffective|p1a: Klefki\n|-damage|p1a: Klefki|0 fnt\n|faint|p1a: Klefki\n|-ability|p2a: Gyarados|Moxie|boost\n|-boost|p2a: Gyarados|atk|1\n|-damage|p2a: Gyarados|9\/100 psn|[from] item: Life Orb\n|\n|-damage|p2a: Gyarados|0 fnt|[from] psn\n|faint|p2a: Gyarados\n|upkeep\n|\n|t:|1700848503\n|switch|p2a: Volcarona|Volcarona, M|100\/100\n|switch|p1a: Desfl\u00f3rame|Glimmora, M|100\/100\n|turn|12\n|\n|t:|1700848511\n|move|p1a: Desfl\u00f3rame|Stealth Rock|p2a: Volcarona\n|-sidestart|p2: mentecapito|move: Stealth Rock\n|move|p2a: Volcarona|Quiver Dance|p2a: Volcarona\n|-boost|p2a: Volcarona|spa|1\n|-boost|p2a: Volcarona|spd|1\n|-boost|p2a: Volcarona|spe|1\n|\n|upkeep\n|turn|13\n|\n|t:|1700848521\n|-terastallize|p2a: Volcarona|Grass\n|move|p2a: Volcarona|Quiver Dance|p2a: Volcarona\n|-boost|p2a: Volcarona|spa|1\n|-boost|p2a: Volcarona|spd|1\n|-boost|p2a: Volcarona|spe|1\n|move|p1a: Desfl\u00f3rame|Mortal Spin|p2a: Volcarona\n|-supereffective|p2a: Volcarona\n|-damage|p2a: Volcarona|79\/100\n|-status|p2a: Volcarona|psn\n|\n|-damage|p2a: Volcarona|67\/100 psn|[from] psn\n|-sideend|p1: freezersan0|move: Light Screen\n|upkeep\n|turn|14\n|\n|t:|1700848533\n|move|p2a: Volcarona|Giga Drain|p1a: Desfl\u00f3rame\n|-damage|p1a: Desfl\u00f3rame|18\/100\n|-heal|p2a: Volcarona|100\/100 psn|[from] drain|[of] p1a: Desfl\u00f3rame\n|move|p1a: Desfl\u00f3rame|Spikes|p2a: Volcarona\n|-sidestart|p2: mentecapito|Spikes\n|\n|-damage|p2a: Volcarona|88\/100 psn|[from] psn\n|upkeep\n|turn|15\n|\n|t:|1700848543\n|move|p1a: Desfl\u00f3rame|Spiky Shield|p1a: Desfl\u00f3rame\n|-singleturn|p1a: Desfl\u00f3rame|move: Protect\n|move|p2a: Volcarona|Giga Drain|p1a: Desfl\u00f3rame\n|-activate|p1a: Desfl\u00f3rame|move: Protect\n|\n|-damage|p2a: Volcarona|76\/100 psn|[from] psn\n|upkeep\n|turn|16\n|\n|t:|1700848551\n|move|p2a: Volcarona|Giga Drain|p1a: Desfl\u00f3rame\n|-damage|p1a: Desfl\u00f3rame|0 fnt\n|-heal|p2a: Volcarona|86\/100 psn|[from] drain|[of] p1a: Desfl\u00f3rame\n|faint|p1a: Desfl\u00f3rame\n|\n|-damage|p2a: Volcarona|74\/100 psn|[from] psn\n|upkeep\n|\n|t:|1700848557\n|switch|p1a: Rayquaza|Rayquaza|100\/100\n|-ability|p1a: Rayquaza|Air Lock\n|turn|17\n|\n|t:|1700848565\n|move|p2a: Volcarona|Bug Buzz|p1a: Rayquaza\n|-resisted|p1a: Rayquaza\n|-damage|p1a: Rayquaza|56\/100\n|-unboost|p1a: Rayquaza|spd|1\n|move|p1a: Rayquaza|Roar|p2a: Volcarona\n|drag|p2a: Dragapult|Dragapult, M|100\/100\n|-activate|p2a: Dragapult|move: Sticky Web\n|-fail|p2a: Dragapult|unboost|[from] ability: Clear Body|[of] p2a: Dragapult\n|-status|p2a: Dragapult|tox\n|-damage|p2a: Dragapult|88\/100 tox|[from] Stealth Rock\n|-damage|p2a: Dragapult|76\/100 tox|[from] Spikes\n|\n|-heal|p1a: Rayquaza|62\/100|[from] item: Leftovers\n|-damage|p2a: Dragapult|70\/100 tox|[from] psn\n|upkeep\n|turn|18\n|\n|t:|1700848579\n|switch|p1a: Kam-lu wantan|Ting-Lu|100\/100\n|-ability|p1a: Kam-lu wantan|Vessel of Ruin\n|move|p2a: Dragapult|Dragon Darts|p1a: Kam-lu wantan\n|-damage|p1a: Kam-lu wantan|86\/100\n|-anim|p2a: Dragapult|Dragon Darts|p1a: Kam-lu wantan\n|-damage|p1a: Kam-lu wantan|71\/100\n|\n|-heal|p1a: Kam-lu wantan|77\/100|[from] item: Leftovers\n|-damage|p2a: Dragapult|58\/100 tox|[from] psn\n|upkeep\n|turn|19\n|\n|t:|1700848591\n|move|p2a: Dragapult|U-turn|p1a: Kam-lu wantan\n|-supereffective|p1a: Kam-lu wantan\n|-damage|p1a: Kam-lu wantan|52\/100\n|\n|t:|1700848594\n|switch|p2a: Milotic|Milotic, M|100\/100|[from] U-turn\n|-activate|p2a: Milotic|move: Sticky Web\n|-unboost|p2a: Milotic|spe|1\n|-status|p2a: Milotic|tox\n|-damage|p2a: Milotic|88\/100 tox|[from] Stealth Rock\n|-damage|p2a: Milotic|76\/100 tox|[from] Spikes\n|move|p1a: Kam-lu wantan|Hex|p2a: Milotic\n|-damage|p2a: Milotic|59\/100 tox\n|\n|-heal|p2a: Milotic|65\/100 tox|[from] item: Leftovers\n|-heal|p1a: Kam-lu wantan|58\/100|[from] item: Leftovers\n|-damage|p2a: Milotic|59\/100 tox|[from] psn\n|upkeep\n|turn|20\n|\n|t:|1700848609\n|move|p1a: Kam-lu wantan|Protect|p1a: Kam-lu wantan\n|-singleturn|p1a: Kam-lu wantan|Protect\n|move|p2a: Milotic|Hydro Pump|p1a: Kam-lu wantan\n|-activate|p1a: Kam-lu wantan|move: Protect\n|\n|-heal|p2a: Milotic|65\/100 tox|[from] item: Leftovers\n|-heal|p1a: Kam-lu wantan|65\/100|[from] item: Leftovers\n|-damage|p2a: Milotic|53\/100 tox|[from] psn\n|upkeep\n|turn|21\n|\n|t:|1700848621\n|-terastallize|p1a: Kam-lu wantan|Fairy\n|move|p2a: Milotic|Hydro Pump|p1a: Kam-lu wantan\n|-damage|p1a: Kam-lu wantan|44\/100\n|move|p1a: Kam-lu wantan|Whirlwind|p2a: Milotic\n|drag|p2a: Weavile|Weavile, M|100\/100\n|-activate|p2a: Weavile|move: Sticky Web\n|-unboost|p2a: Weavile|spe|1\n|-status|p2a: Weavile|tox\n|-damage|p2a: Weavile|76\/100 tox|[from] Stealth Rock\n|-damage|p2a: Weavile|63\/100 tox|[from] Spikes\n|\n|-heal|p1a: Kam-lu wantan|51\/100|[from] item: Leftovers\n|-damage|p2a: Weavile|57\/100 tox|[from] psn\n|upkeep\n|turn|22\n|\n|t:|1700848635\n|move|p1a: Kam-lu wantan|Protect|p1a: Kam-lu wantan\n|-singleturn|p1a: Kam-lu wantan|Protect\n|move|p2a: Weavile|Poison Jab|p1a: Kam-lu wantan\n|-activate|p1a: Kam-lu wantan|move: Protect\n|\n|-heal|p1a: Kam-lu wantan|57\/100|[from] item: Leftovers\n|-damage|p2a: Weavile|45\/100 tox|[from] psn\n|upkeep\n|turn|23\n|\n|t:|1700848649\n|switch|p1a: Red Asquerosa|Ariados, M|1\/100\n|move|p2a: Weavile|Poison Jab|p1a: Red Asquerosa\n|-resisted|p1a: Red Asquerosa\n|-damage|p1a: Red Asquerosa|0 fnt\n|faint|p1a: Red Asquerosa\n|\n|-damage|p2a: Weavile|27\/100 tox|[from] psn\n|upkeep\n|\n|t:|1700848659\n|switch|p1a: Mewone|Mew|8\/100\n|turn|24\n|\n|t:|1700848668\n|move|p1a: Mewone|Hex|p2a: Weavile\n|-resisted|p2a: Weavile\n|-damage|p2a: Weavile|8\/100 tox\n|move|p2a: Weavile|Poison Jab|p1a: Mewone\n|-damage|p1a: Mewone|0 fnt\n|faint|p1a: Mewone\n|\n|-damage|p2a: Weavile|0 fnt|[from] psn\n|faint|p2a: Weavile\n|upkeep\n|\n|t:|1700848679\n|switch|p2a: Kingambit|Kingambit, F|100\/100\n|switch|p1a: Kam-lu wantan|Ting-Lu, tera:Fairy|57\/100\n|-activate|p2a: Kingambit|move: Sticky Web\n|-unboost|p2a: Kingambit|spe|1\n|-damage|p2a: Kingambit|94\/100|[from] Stealth Rock\n|-damage|p2a: Kingambit|82\/100|[from] Spikes\n|-activate|p2a: Kingambit|ability: Supreme Overlord\n|-start|p2a: Kingambit|fallen2|[silent]\n|-ability|p1a: Kam-lu wantan|Vessel of Ruin\n|turn|25\n|\n|t:|1700848693\n|move|p2a: Kingambit|Iron Head|p1a: Kam-lu wantan\n|-supereffective|p1a: Kam-lu wantan\n|-damage|p1a: Kam-lu wantan|0 fnt\n|faint|p1a: Kam-lu wantan\n|\n|upkeep\n|\n|t:|1700848697\n|switch|p1a: Rayquaza|Rayquaza|62\/100\n|-ability|p1a: Rayquaza|Air Lock\n|turn|26\n|\n|t:|1700848704\n|move|p2a: Kingambit|Sucker Punch|p1a: Rayquaza\n|-damage|p1a: Rayquaza|18\/100\n|move|p1a: Rayquaza|Flamethrower|p2a: Kingambit\n|-supereffective|p2a: Kingambit\n|-damage|p2a: Kingambit|16\/100\n|\n|-heal|p1a: Rayquaza|25\/100|[from] item: Leftovers\n|upkeep\n|turn|27\n|-message|freezersan0 forfeited.\n|\n|win|mentecapito\n|raw|freezersan0's rating: 1011 &rarr; <strong>1003<\/strong><br \/>(-8 for losing)\n|raw|mentecapito's rating: 1117 &rarr; <strong>1135<\/strong><br \/>(+18 for winning)\n|l|\u2606freezersan0\n","uploadtime":1700848716,"views":0,"p1id":"freezersan0","p2id":"mentecapito","formatid":"gen9anythinggoes","rating":1003,"private":0,"password":""}