{"id":"gen9anythinggoes-1991128951","p1":"Tiger373slow","p2":"SquidJuggler","format":"[Gen 9] Anything Goes","log":"|j|\u2606Tiger373slow\n|j|\u2606SquidJuggler\n|t:|1700047341\n|gametype|singles\n|player|p1|Tiger373slow|volkner|1152\n|player|p2|SquidJuggler|mira|1208\n|teamsize|p1|6\n|teamsize|p2|6\n|gen|9\n|tier|[Gen 9] Anything Goes\n|rated|\n|rule|HP Percentage Mod: HP is shown in percentages\n|rule|Endless Battle Clause: Forcing endless battles is banned\n|clearpoke\n|poke|p1|Scizor, M|\n|poke|p1|Dudunsparce-*, M|\n|poke|p1|Glimmora, F|\n|poke|p1|Baxcalibur, F|\n|poke|p1|Iron Valiant|\n|poke|p1|Cyclizar, M|\n|poke|p2|Frosmoth, M|\n|poke|p2|Azumarill, M|\n|poke|p2|Clefable, M|\n|poke|p2|Drifblim, F|\n|poke|p2|Dunsparce, F|\n|poke|p2|Inteleon, F|\n|teampreview\n|\n|t:|1700047345\n|start\n|switch|p1a: Glimmer like rocks|Glimmora, F, shiny|100\/100\n|switch|p2a: Drifblim|Drifblim, F|100\/100\n|turn|1\n|\n|t:|1700047353\n|move|p1a: Glimmer like rocks|Mortal Spin|p2a: Drifblim\n|-resisted|p2a: Drifblim\n|-damage|p2a: Drifblim|96\/100\n|-status|p2a: Drifblim|psn\n|move|p2a: Drifblim|Minimize|p2a: Drifblim\n|-boost|p2a: Drifblim|evasion|2\n|\n|-damage|p2a: Drifblim|83\/100 psn|[from] psn\n|upkeep\n|turn|2\n|\n|t:|1700047367\n|move|p1a: Glimmer like rocks|Stealth Rock|p2a: Drifblim\n|-sidestart|p2: SquidJuggler|move: Stealth Rock\n|move|p2a: Drifblim|Minimize|p2a: Drifblim\n|-boost|p2a: Drifblim|evasion|2\n|\n|-damage|p2a: Drifblim|71\/100 psn|[from] psn\n|upkeep\n|turn|3\n|\n|t:|1700047375\n|switch|p1a: VROOOOMMMNM|Cyclizar, M|100\/100\n|move|p2a: Drifblim|Minimize|p2a: Drifblim\n|-boost|p2a: Drifblim|evasion|2\n|\n|-damage|p2a: Drifblim|59\/100 psn|[from] psn\n|upkeep\n|turn|4\n|\n|t:|1700047383\n|move|p2a: Drifblim|Minimize|p2a: Drifblim\n|-boost|p2a: Drifblim|evasion|0\n|move|p1a: VROOOOMMMNM|Dragon Tail|p2a: Drifblim|[miss]\n|-miss|p1a: VROOOOMMMNM|p2a: Drifblim\n|\n|-damage|p2a: Drifblim|46\/100 psn|[from] psn\n|upkeep\n|turn|5\n|\n|t:|1700047394\n|move|p2a: Drifblim|Baton Pass|p2a: Drifblim\n|\n|t:|1700047398\n|switch|p2a: Dunsparce|Dunsparce, F|100\/100|[from] Baton Pass\n|-damage|p2a: Dunsparce|88\/100|[from] Stealth Rock\n|move|p1a: VROOOOMMMNM|Dragon Tail|p2a: Dunsparce|[miss]\n|-miss|p1a: VROOOOMMMNM|p2a: Dunsparce\n|\n|upkeep\n|turn|6\n|\n|t:|1700047408\n|move|p2a: Dunsparce|Fire Blast|p1a: VROOOOMMMNM\n|-resisted|p1a: VROOOOMMMNM\n|-damage|p1a: VROOOOMMMNM|87\/100\n|-status|p1a: VROOOOMMMNM|brn\n|move|p1a: VROOOOMMMNM|Dragon Tail|p2a: Dunsparce\n|-damage|p2a: Dunsparce|77\/100\n|drag|p2a: Azumarill|Azumarill, M|100\/100\n|-damage|p2a: Azumarill|88\/100|[from] Stealth Rock\n|\n|-heal|p1a: VROOOOMMMNM|93\/100 brn|[from] item: Leftovers\n|-damage|p1a: VROOOOMMMNM|87\/100 brn|[from] brn\n|upkeep\n|turn|7\n|-activate|p2a: Azumarill|item: Quick Claw\n|\n|t:|1700047422\n|move|p2a: Azumarill|Substitute|p2a: Azumarill\n|-start|p2a: Azumarill|Substitute\n|-damage|p2a: Azumarill|63\/100\n|move|p1a: VROOOOMMMNM|Shed Tail|p1a: VROOOOMMMNM\n|-start|p1a: VROOOOMMMNM|Substitute|[from] move: Shed Tail\n|-damage|p1a: VROOOOMMMNM|37\/100 brn\n|\n|t:|1700047429\n|switch|p1a: Dun Dun Dun|Dudunsparce-Three-Segment, M, shiny|100\/100|[from] Shed Tail\n|\n|upkeep\n|turn|8\n|\n|t:|1700047435\n|move|p1a: Dun Dun Dun|Headbutt|p2a: Azumarill\n|-end|p2a: Azumarill|Substitute\n|move|p2a: Azumarill|Belly Drum|p2a: Azumarill\n|-damage|p2a: Azumarill|13\/100\n|-setboost|p2a: Azumarill|atk|6|[from] move: Belly Drum\n|\n|upkeep\n|turn|9\n|\n|t:|1700047451\n|move|p1a: Dun Dun Dun|Glare|p2a: Azumarill\n|-status|p2a: Azumarill|par\n|cant|p2a: Azumarill|par\n|\n|upkeep\n|turn|10\n|\n|t:|1700047459\n|move|p1a: Dun Dun Dun|Headbutt|p2a: Azumarill\n|-damage|p2a: Azumarill|0 fnt\n|faint|p2a: Azumarill\n|\n|upkeep\n|\n|t:|1700047472\n|switch|p2a: Clefable|Clefable, M|100\/100\n|-damage|p2a: Clefable|88\/100|[from] Stealth Rock\n|turn|11\n|\n|t:|1700047479\n|move|p1a: Dun Dun Dun|Glare|p2a: Clefable\n|-status|p2a: Clefable|par\n|move|p2a: Clefable|Flamethrower|p1a: Dun Dun Dun\n|-end|p1a: Dun Dun Dun|Substitute\n|\n|-heal|p2a: Clefable|94\/100 par|[from] item: Leftovers\n|upkeep\n|turn|12\n|\n|t:|1700047488\n|move|p1a: Dun Dun Dun|Headbutt|p2a: Clefable\n|-damage|p2a: Clefable|70\/100 par\n|move|p2a: Clefable|Flamethrower|p1a: Dun Dun Dun\n|-damage|p1a: Dun Dun Dun|84\/100\n|\n|-heal|p1a: Dun Dun Dun|90\/100|[from] item: Leftovers\n|-heal|p2a: Clefable|76\/100 par|[from] item: Leftovers\n|upkeep\n|turn|13\n|\n|t:|1700047499\n|move|p1a: Dun Dun Dun|Headbutt|p2a: Clefable\n|-damage|p2a: Clefable|52\/100 par\n|cant|p2a: Clefable|flinch\n|\n|-heal|p1a: Dun Dun Dun|96\/100|[from] item: Leftovers\n|-heal|p2a: Clefable|58\/100 par|[from] item: Leftovers\n|upkeep\n|turn|14\n|\n|t:|1700047508\n|move|p1a: Dun Dun Dun|Headbutt|p2a: Clefable\n|-damage|p2a: Clefable|31\/100 par\n|cant|p2a: Clefable|flinch\n|\n|-heal|p1a: Dun Dun Dun|100\/100|[from] item: Leftovers\n|-heal|p2a: Clefable|37\/100 par|[from] item: Leftovers\n|upkeep\n|turn|15\n|\n|t:|1700047517\n|move|p1a: Dun Dun Dun|Headbutt|p2a: Clefable\n|-damage|p2a: Clefable|12\/100 par\n|cant|p2a: Clefable|flinch\n|\n|-heal|p2a: Clefable|18\/100 par|[from] item: Leftovers\n|upkeep\n|turn|16\n|\n|t:|1700047527\n|switch|p2a: Inteleon|Inteleon, F|100\/100\n|-damage|p2a: Inteleon|88\/100|[from] Stealth Rock\n|move|p1a: Dun Dun Dun|Headbutt|p2a: Inteleon\n|-damage|p2a: Inteleon|44\/100\n|\n|upkeep\n|turn|17\n|\n|t:|1700047537\n|-terastallize|p1a: Dun Dun Dun|Electric\n|move|p2a: Inteleon|Double Team|p2a: Inteleon\n|-boost|p2a: Inteleon|evasion|1\n|move|p1a: Dun Dun Dun|Coil|p1a: Dun Dun Dun\n|-boost|p1a: Dun Dun Dun|atk|1\n|-boost|p1a: Dun Dun Dun|def|1\n|-boost|p1a: Dun Dun Dun|accuracy|1\n|\n|upkeep\n|turn|18\n|\n|t:|1700047548\n|move|p2a: Inteleon|Double Team|p2a: Inteleon\n|-boost|p2a: Inteleon|evasion|1\n|move|p1a: Dun Dun Dun|Headbutt|p2a: Inteleon|[miss]\n|-miss|p1a: Dun Dun Dun|p2a: Inteleon\n|\n|upkeep\n|turn|19\n|\n|t:|1700047555\n|move|p2a: Inteleon|Baton Pass|p2a: Inteleon\n|\n|t:|1700047558\n|switch|p2a: Frosmoth|Frosmoth, M, shiny|100\/100|[from] Baton Pass\n|-damage|p2a: Frosmoth|51\/100|[from] Stealth Rock\n|move|p1a: Dun Dun Dun|Headbutt|p2a: Frosmoth|[miss]\n|-miss|p1a: Dun Dun Dun|p2a: Frosmoth\n|\n|upkeep\n|turn|20\n|\n|t:|1700047567\n|move|p2a: Frosmoth|Quiver Dance|p2a: Frosmoth\n|-boost|p2a: Frosmoth|spa|1\n|-boost|p2a: Frosmoth|spd|1\n|-boost|p2a: Frosmoth|spe|1\n|move|p1a: Dun Dun Dun|Headbutt|p2a: Frosmoth|[miss]\n|-miss|p1a: Dun Dun Dun|p2a: Frosmoth\n|\n|upkeep\n|turn|21\n|\n|t:|1700047576\n|move|p2a: Frosmoth|Leech Life|p1a: Dun Dun Dun\n|-damage|p1a: Dun Dun Dun|83\/100\n|-heal|p2a: Frosmoth|65\/100|[from] drain|[of] p1a: Dun Dun Dun\n|move|p1a: Dun Dun Dun|Headbutt|p2a: Frosmoth\n|-damage|p2a: Frosmoth|0 fnt\n|faint|p2a: Frosmoth\n|\n|-heal|p1a: Dun Dun Dun|89\/100|[from] item: Leftovers\n|upkeep\n|\n|t:|1700047588\n|switch|p2a: Dunsparce|Dunsparce, F|77\/100\n|-damage|p2a: Dunsparce|64\/100|[from] Stealth Rock\n|turn|22\n|c|\u2606Tiger373slow|No gimmicks\n|\n|t:|1700047597\n|move|p1a: Dun Dun Dun|Glare|p2a: Dunsparce\n|-status|p2a: Dunsparce|par\n|cant|p2a: Dunsparce|par\n|\n|-heal|p1a: Dun Dun Dun|95\/100|[from] item: Leftovers\n|upkeep\n|turn|23\n|\n|t:|1700047605\n|move|p1a: Dun Dun Dun|Coil|p1a: Dun Dun Dun\n|-boost|p1a: Dun Dun Dun|atk|1\n|-boost|p1a: Dun Dun Dun|def|1\n|-boost|p1a: Dun Dun Dun|accuracy|1\n|move|p2a: Dunsparce|Coil|p2a: Dunsparce\n|-boost|p2a: Dunsparce|atk|1\n|-boost|p2a: Dunsparce|def|1\n|-boost|p2a: Dunsparce|accuracy|1\n|\n|-heal|p1a: Dun Dun Dun|100\/100|[from] item: Leftovers\n|upkeep\n|turn|24\n|\n|t:|1700047616\n|move|p1a: Dun Dun Dun|Headbutt|p2a: Dunsparce\n|-damage|p2a: Dunsparce|38\/100 par\n|move|p2a: Dunsparce|Baton Pass|p2a: Dunsparce\n|\n|t:|1700047621\n|switch|p2a: Drifblim|Drifblim, F|46\/100 psn|[from] Baton Pass\n|-damage|p2a: Drifblim|21\/100 psn|[from] Stealth Rock\n|\n|-damage|p2a: Drifblim|9\/100 psn|[from] psn\n|upkeep\n|turn|25\n|\n|t:|1700047632\n|move|p2a: Drifblim|Clear Smog|p1a: Dun Dun Dun\n|-damage|p1a: Dun Dun Dun|91\/100\n|-clearboost|p1a: Dun Dun Dun\n|move|p1a: Dun Dun Dun|Coil|p1a: Dun Dun Dun\n|-boost|p1a: Dun Dun Dun|atk|1\n|-boost|p1a: Dun Dun Dun|def|1\n|-boost|p1a: Dun Dun Dun|accuracy|1\n|\n|-heal|p1a: Dun Dun Dun|97\/100|[from] item: Leftovers\n|-damage|p2a: Drifblim|0 fnt|[from] psn\n|faint|p2a: Drifblim\n|upkeep\n|\n|t:|1700047647\n|switch|p2a: Inteleon|Inteleon, F|44\/100\n|-damage|p2a: Inteleon|32\/100|[from] Stealth Rock\n|turn|26\n|\n|t:|1700047654\n|move|p2a: Inteleon|Icicle Spear|p1a: Dun Dun Dun\n|-damage|p1a: Dun Dun Dun|95\/100\n|-damage|p1a: Dun Dun Dun|92\/100\n|-damage|p1a: Dun Dun Dun|88\/100\n|-damage|p1a: Dun Dun Dun|86\/100\n|-hitcount|p1a: Dun Dun Dun|4\n|move|p1a: Dun Dun Dun|Headbutt|p2a: Inteleon\n|-damage|p2a: Inteleon|0 fnt\n|faint|p2a: Inteleon\n|\n|-heal|p1a: Dun Dun Dun|92\/100|[from] item: Leftovers\n|upkeep\n|c|\u2606Tiger373slow|DUN DUN DUNNNNN\n|\n|t:|1700047668\n|switch|p2a: Clefable|Clefable, M|18\/100 par\n|-damage|p2a: Clefable|6\/100 par|[from] Stealth Rock\n|turn|27\n|\n|t:|1700047674\n|move|p1a: Dun Dun Dun|Headbutt|p2a: Clefable\n|-damage|p2a: Clefable|0 fnt\n|faint|p2a: Clefable\n|\n|-heal|p1a: Dun Dun Dun|98\/100|[from] item: Leftovers\n|upkeep\n|\n|t:|1700047683\n|switch|p2a: Dunsparce|Dunsparce, F|38\/100 par\n|-damage|p2a: Dunsparce|26\/100 par|[from] Stealth Rock\n|turn|28\n|\n|t:|1700047689\n|move|p1a: Dun Dun Dun|Headbutt|p2a: Dunsparce\n|-damage|p2a: Dunsparce|0 fnt\n|faint|p2a: Dunsparce\n|\n|win|Tiger373slow\n|raw|Tiger373slow's rating: 1152 &rarr; <strong>1181<\/strong><br \/>(+29 for winning)\n|raw|SquidJuggler's rating: 1208 &rarr; <strong>1179<\/strong><br \/>(-29 for losing)\n","uploadtime":1700047696,"views":19,"p1id":"tiger373slow","p2id":"squidjuggler","formatid":"gen9anythinggoes","rating":1179,"private":0,"password":""}