{"id":"gen9anythinggoes-1977869549","p1":"Pumafang","p2":"king79","format":"[Gen 9] Anything Goes","log":"|j|\u2606Pumafang\n|j|\u2606king79\n|t:|1698459707\n|gametype|singles\n|player|p1|Pumafang|cheren-gen5bw2|1126\n|player|p2|king79|101|1115\n|teamsize|p1|6\n|teamsize|p2|6\n|gen|9\n|tier|[Gen 9] Anything Goes\n|rated|\n|rule|HP Percentage Mod: HP is shown in percentages\n|rule|Endless Battle Clause: Forcing endless battles is banned\n|clearpoke\n|poke|p1|Scyther, M|\n|poke|p1|Salazzle, F|\n|poke|p1|Copperajah, F|\n|poke|p1|Farigiraf, F|\n|poke|p1|Gligar, F|\n|poke|p1|Tatsugiri, M|\n|poke|p2|Ninetales-Alola, F|\n|poke|p2|Krookodile, M|\n|poke|p2|Rillaboom, M|\n|poke|p2|Pawmot, F|\n|poke|p2|Barraskewda, F|\n|poke|p2|Polteageist|\n|teampreview\n|inactive|Battle timer is ON: inactive players will automatically lose when time's up. (requested by Pumafang)\n|\n|t:|1698459719\n|start\n|switch|p1a: Copperajah|Copperajah, F|100\/100\n|switch|p2a: Ninetales|Ninetales-Alola, F|100\/100\n|-weather|Snow|[from] ability: Snow Warning|[of] p2a: Ninetales\n|turn|1\n|\n|t:|1698459728\n|move|p2a: Ninetales|Aurora Veil|p2a: Ninetales\n|-sidestart|p2: king79|move: Aurora Veil\n|move|p1a: Copperajah|Stealth Rock|p2a: Ninetales\n|-sidestart|p2: king79|move: Stealth Rock\n|\n|-weather|Snow|[upkeep]\n|upkeep\n|turn|2\n|\n|t:|1698459736\n|move|p2a: Ninetales|Chilling Water|p1a: Copperajah\n|-damage|p1a: Copperajah|91\/100\n|-unboost|p1a: Copperajah|atk|1\n|move|p1a: Copperajah|Heavy Slam|p2a: Ninetales\n|-supereffective|p2a: Ninetales\n|-damage|p2a: Ninetales|52\/100\n|\n|-weather|Snow|[upkeep]\n|-heal|p1a: Copperajah|98\/100|[from] item: Leftovers\n|upkeep\n|turn|3\n|\n|t:|1698459747\n|move|p2a: Ninetales|Chilling Water|p1a: Copperajah\n|-crit|p1a: Copperajah\n|-damage|p1a: Copperajah|85\/100\n|-unboost|p1a: Copperajah|atk|1\n|move|p1a: Copperajah|Heavy Slam|p2a: Ninetales\n|-supereffective|p2a: Ninetales\n|-damage|p2a: Ninetales|15\/100\n|\n|-weather|Snow|[upkeep]\n|-heal|p1a: Copperajah|91\/100|[from] item: Leftovers\n|upkeep\n|turn|4\n|\n|t:|1698459756\n|move|p2a: Ninetales|Chilling Water|p1a: Copperajah\n|-damage|p1a: Copperajah|83\/100\n|-unboost|p1a: Copperajah|atk|1\n|move|p1a: Copperajah|Knock Off|p2a: Ninetales\n|-resisted|p2a: Ninetales\n|-damage|p2a: Ninetales|13\/100\n|-enditem|p2a: Ninetales|Focus Sash|[from] move: Knock Off|[of] p1a: Copperajah\n|\n|-weather|Snow|[upkeep]\n|-heal|p1a: Copperajah|89\/100|[from] item: Leftovers\n|upkeep\n|turn|5\n|\n|t:|1698459765\n|move|p2a: Ninetales|Chilling Water|p1a: Copperajah\n|-damage|p1a: Copperajah|81\/100\n|-unboost|p1a: Copperajah|atk|1\n|move|p1a: Copperajah|Heavy Slam|p2a: Ninetales\n|-supereffective|p2a: Ninetales\n|-damage|p2a: Ninetales|0 fnt\n|faint|p2a: Ninetales\n|\n|-weather|none\n|-heal|p1a: Copperajah|87\/100|[from] item: Leftovers\n|-sideend|p2: king79|move: Aurora Veil\n|upkeep\n|inactive|king79 has 120 seconds left.\n|\n|t:|1698459795\n|switch|p2a: Barraskewda|Barraskewda, F|100\/100\n|-damage|p2a: Barraskewda|88\/100|[from] Stealth Rock\n|turn|6\n|\n|t:|1698459800\n|move|p2a: Barraskewda|Rain Dance|p2a: Barraskewda\n|-weather|RainDance\n|move|p1a: Copperajah|Knock Off|p2a: Barraskewda\n|-damage|p2a: Barraskewda|74\/100\n|-enditem|p2a: Barraskewda|Life Orb|[from] move: Knock Off|[of] p1a: Copperajah\n|\n|-weather|RainDance|[upkeep]\n|-heal|p1a: Copperajah|93\/100|[from] item: Leftovers\n|upkeep\n|turn|7\n|\n|t:|1698459807\n|move|p2a: Barraskewda|Drill Run|p1a: Copperajah\n|-supereffective|p1a: Copperajah\n|-damage|p1a: Copperajah|45\/100\n|move|p1a: Copperajah|Heavy Slam|p2a: Barraskewda\n|-resisted|p2a: Barraskewda\n|-damage|p2a: Barraskewda|61\/100\n|\n|-weather|RainDance|[upkeep]\n|-heal|p1a: Copperajah|51\/100|[from] item: Leftovers\n|upkeep\n|turn|8\n|\n|t:|1698459815\n|move|p1a: Copperajah|Protect|p1a: Copperajah\n|-singleturn|p1a: Copperajah|Protect\n|move|p2a: Barraskewda|Liquidation|p1a: Copperajah\n|-activate|p1a: Copperajah|move: Protect\n|\n|-weather|RainDance|[upkeep]\n|-heal|p1a: Copperajah|58\/100|[from] item: Leftovers\n|upkeep\n|turn|9\n|\n|t:|1698459823\n|move|p2a: Barraskewda|Liquidation|p1a: Copperajah\n|-damage|p1a: Copperajah|0 fnt\n|faint|p1a: Copperajah\n|\n|-weather|RainDance|[upkeep]\n|upkeep\n|\n|t:|1698459833\n|switch|p1a: Tatsugiri|Tatsugiri, M|100\/100\n|turn|10\n|\n|t:|1698459839\n|move|p2a: Barraskewda|Crunch|p1a: Tatsugiri\n|-damage|p1a: Tatsugiri|57\/100\n|move|p1a: Tatsugiri|Draco Meteor|p2a: Barraskewda\n|-damage|p2a: Barraskewda|0 fnt\n|-unboost|p1a: Tatsugiri|spa|2\n|faint|p2a: Barraskewda\n|\n|-weather|none\n|upkeep\n|\n|t:|1698459855\n|switch|p2a: Pawmot|Pawmot, F|100\/100\n|-damage|p2a: Pawmot|95\/100|[from] Stealth Rock\n|turn|11\n|\n|t:|1698459861\n|move|p1a: Tatsugiri|Draco Meteor|p2a: Pawmot\n|-damage|p2a: Pawmot|52\/100\n|-unboost|p1a: Tatsugiri|spa|2\n|move|p2a: Pawmot|Bulk Up|p2a: Pawmot\n|-boost|p2a: Pawmot|atk|1\n|-boost|p2a: Pawmot|def|1\n|\n|upkeep\n|turn|12\n|\n|t:|1698459874\n|move|p2a: Pawmot|Mach Punch|p1a: Tatsugiri\n|-damage|p1a: Tatsugiri|7\/100\n|move|p1a: Tatsugiri|Draco Meteor|p2a: Pawmot\n|-damage|p2a: Pawmot|25\/100\n|-unboost|p1a: Tatsugiri|spa|2\n|\n|upkeep\n|turn|13\n|\n|t:|1698459881\n|move|p2a: Pawmot|Mach Punch|p1a: Tatsugiri\n|-damage|p1a: Tatsugiri|0 fnt\n|faint|p1a: Tatsugiri\n|\n|upkeep\n|\n|t:|1698459892\n|switch|p1a: Gligar|Gligar, F|100\/100\n|turn|14\n|\n|t:|1698459895\n|move|p2a: Pawmot|Ice Punch|p1a: Gligar\n|-supereffective|p1a: Gligar\n|-damage|p1a: Gligar|29\/100\n|move|p1a: Gligar|Spikes|p2a: Pawmot\n|-sidestart|p2: king79|Spikes\n|\n|upkeep\n|turn|15\n|\n|t:|1698459901\n|move|p2a: Pawmot|Ice Punch|p1a: Gligar\n|-supereffective|p1a: Gligar\n|-damage|p1a: Gligar|0 fnt\n|faint|p1a: Gligar\n|\n|upkeep\n|\n|t:|1698459914\n|switch|p1a: Farigiraf|Farigiraf, F|100\/100\n|turn|16\n|\n|t:|1698459917\n|move|p2a: Pawmot|Double Shock|p1a: Farigiraf\n|-damage|p1a: Farigiraf|29\/100\n|-start|p2a: Pawmot|typechange|???\/Fighting|[from] move: Double Shock\n|move|p1a: Farigiraf|Trick Room|p1a: Farigiraf\n|-fieldstart|move: Trick Room|[of] p1a: Farigiraf\n|\n|-heal|p1a: Farigiraf|36\/100|[from] item: Leftovers\n|upkeep\n|turn|17\n|\n|t:|1698459931\n|move|p1a: Farigiraf|Psychic|p2a: Pawmot\n|-supereffective|p2a: Pawmot\n|-damage|p2a: Pawmot|0 fnt\n|faint|p2a: Pawmot\n|\n|-heal|p1a: Farigiraf|42\/100|[from] item: Leftovers\n|upkeep\n|\n|t:|1698459943\n|switch|p2a: Krookodile|Krookodile, M|100\/100\n|-damage|p2a: Krookodile|94\/100|[from] Stealth Rock\n|-damage|p2a: Krookodile|82\/100|[from] Spikes\n|-ability|p2a: Krookodile|Intimidate|boost\n|-unboost|p1a: Farigiraf|atk|1\n|turn|18\n|\n|t:|1698459950\n|-terastallize|p1a: Farigiraf|Fire\n|move|p1a: Farigiraf|Tera Blast|p2a: Krookodile|[anim] Tera Blast Fire\n|-damage|p2a: Krookodile|41\/100\n|move|p2a: Krookodile|Crunch|p1a: Farigiraf\n|-damage|p1a: Farigiraf|9\/100\n|\n|-heal|p1a: Farigiraf|15\/100|[from] item: Leftovers\n|upkeep\n|turn|19\n|\n|t:|1698459958\n|move|p1a: Farigiraf|Tera Blast|p2a: Krookodile|[anim] Tera Blast Fire\n|-damage|p2a: Krookodile|2\/100\n|move|p2a: Krookodile|Earthquake|p1a: Farigiraf\n|-supereffective|p1a: Farigiraf\n|-damage|p1a: Farigiraf|0 fnt\n|faint|p1a: Farigiraf\n|\n|upkeep\n|\n|t:|1698459980\n|switch|p1a: Salazzle|Salazzle, F|100\/100\n|turn|20\n|\n|t:|1698459983\n|switch|p1a: Scyther|Scyther, M|100\/100\n|move|p2a: Krookodile|Earthquake|p1a: Scyther\n|-immune|p1a: Scyther\n|\n|-fieldend|move: Trick Room\n|upkeep\n|turn|21\n|-activate|p2a: Krookodile|item: Quick Claw\n|\n|t:|1698459990\n|move|p2a: Krookodile|Crunch|p1a: Scyther\n|-damage|p1a: Scyther|57\/100\n|move|p1a: Scyther|Trailblaze|p2a: Krookodile\n|-supereffective|p2a: Krookodile\n|-damage|p2a: Krookodile|0 fnt\n|-boost|p1a: Scyther|spe|1\n|faint|p2a: Krookodile\n|\n|upkeep\n|\n|t:|1698459999\n|switch|p2a: Polteageist|Polteageist|100\/100\n|-damage|p2a: Polteageist|88\/100|[from] Stealth Rock\n|-damage|p2a: Polteageist|76\/100|[from] Spikes\n|turn|22\n|\n|t:|1698460004\n|move|p1a: Scyther|Dual Wingbeat|p2a: Polteageist\n|-damage|p2a: Polteageist|43\/100\n|-start|p1a: Scyther|Disable|Dual Wingbeat|[from] ability: Cursed Body|[of] p2a: Polteageist\n|-damage|p2a: Polteageist|13\/100\n|-hitcount|p2a: Polteageist|2\n|move|p2a: Polteageist|Shell Smash|p2a: Polteageist\n|-unboost|p2a: Polteageist|def|1\n|-unboost|p2a: Polteageist|spd|1\n|-boost|p2a: Polteageist|atk|2\n|-boost|p2a: Polteageist|spa|2\n|-boost|p2a: Polteageist|spe|2\n|-enditem|p2a: Polteageist|White Herb\n|-clearnegativeboost|p2a: Polteageist|[silent]\n|\n|upkeep\n|turn|23\n|\n|t:|1698460016\n|move|p1a: Scyther|Trailblaze|p2a: Polteageist\n|-damage|p2a: Polteageist|0 fnt\n|-boost|p1a: Scyther|spe|1\n|faint|p2a: Polteageist\n|\n|upkeep\n|\n|t:|1698460023\n|switch|p2a: Rillaboom|Rillaboom, M|100\/100\n|-damage|p2a: Rillaboom|88\/100|[from] Stealth Rock\n|-damage|p2a: Rillaboom|75\/100|[from] Spikes\n|-fieldstart|move: Grassy Terrain|[from] ability: Grassy Surge|[of] p2a: Rillaboom\n|turn|24\n|\n|t:|1698460030\n|-terastallize|p2a: Rillaboom|Dark\n|move|p1a: Scyther|U-turn|p2a: Rillaboom\n|-supereffective|p2a: Rillaboom\n|-damage|p2a: Rillaboom|17\/100\n|\n|t:|1698460034\n|switch|p1a: Salazzle|Salazzle, F|100\/100|[from] U-turn\n|move|p2a: Rillaboom|Knock Off|p1a: Salazzle\n|-damage|p1a: Salazzle|29\/100\n|-enditem|p1a: Salazzle|Heavy-Duty Boots|[from] move: Knock Off|[of] p2a: Rillaboom\n|\n|-heal|p1a: Salazzle|35\/100|[from] Grassy Terrain\n|-heal|p2a: Rillaboom|23\/100|[from] Grassy Terrain\n|-heal|p2a: Rillaboom|29\/100|[from] item: Leftovers\n|upkeep\n|turn|25\n|-message|king79 forfeited.\n|\n|win|Pumafang\n|raw|Pumafang's rating: 1126 &rarr; <strong>1150<\/strong><br \/>(+24 for winning)\n|raw|king79's rating: 1115 &rarr; <strong>1091<\/strong><br \/>(-24 for losing)\n|l|\u2606king79\n|c|\u2606Pumafang|Ggs\n","uploadtime":1698460054,"views":7,"p1id":"pumafang","p2id":"king79","formatid":"gen9anythinggoes","rating":1091,"private":0,"password":""}