{"id":"gen9anythinggoes-1973900325","p1":"patddontpee","p2":"Beng1021","format":"[Gen 9] Anything Goes","log":"|j|\u2606patddontpee\n|j|\u2606Beng1021\n|t:|1698025949\n|gametype|singles\n|player|p1|patddontpee|backpacker|\n|player|p2|Beng1021|170|\n|teamsize|p1|6\n|teamsize|p2|6\n|gen|9\n|tier|[Gen 9] Anything Goes\n|rule|HP Percentage Mod: HP is shown in percentages\n|rule|Endless Battle Clause: Forcing endless battles is banned\n|clearpoke\n|poke|p1|Iron Leaves|\n|poke|p1|Typhlosion-Hisui, F|\n|poke|p1|Iron Treads|\n|poke|p1|Raichu-Alola, M|\n|poke|p1|Pincurchin, M|\n|poke|p1|Dondozo, M|\n|poke|p2|Slowking-Galar, F|\n|poke|p2|Flamigo, F|\n|poke|p2|Overqwil, M|\n|poke|p2|Toedscruel, F|\n|poke|p2|Tauros-Paldea-Blaze, M|\n|poke|p2|Klefki, F|\n|teampreview\n|\n|t:|1698026016\n|start\n|switch|p1a: Pyra|Typhlosion-Hisui, F, shiny|100\/100\n|switch|p2a: Flamigo|Flamigo, F, shiny|100\/100\n|-item|p2a: Flamigo|Choice Scarf|[from] ability: Frisk|[of] p1a: Pyra|[identify]\n|turn|1\n|c|\u2606patddontpee|glhf\n|\n|t:|1698026046\n|switch|p2a: Slowking|Slowking-Galar, F, shiny|100\/100\n|move|p1a: Pyra|Eruption|p2a: Slowking\n|-damage|p2a: Slowking|63\/100\n|\n|upkeep\n|turn|2\n|l|\u2606patddontpee\n|player|p1|\n|j|\u2606patddontpee\n|player|p1|patddontpee|backpacker\n|l|\u2606patddontpee\n|player|p1|\n|j|\u2606patddontpee\n|player|p1|patddontpee|backpacker\n|c|\u2606Beng1021|we good\n|c|\u2606patddontpee|dawg idek\n|c|\u2606patddontpee|gimme a sec\n|\n|t:|1698026207\n|switch|p1a: Metal Face|Iron Treads, shiny|100\/100\n|move|p2a: Slowking|Sludge Bomb|p1a: Metal Face\n|-immune|p1a: Metal Face\n|\n|upkeep\n|turn|3\n|\n|t:|1698026233\n|switch|p2a: Toedscruel|Toedscruel, F, shiny|100\/100\n|move|p1a: Metal Face|Knock Off|p2a: Toedscruel\n|-damage|p2a: Toedscruel|58\/100\n|-enditem|p2a: Toedscruel|Focus Sash|[from] move: Knock Off|[of] p1a: Metal Face\n|\n|upkeep\n|turn|4\n|\n|t:|1698026244\n|-end|p1a: Metal Face|Quark Drive|[silent]\n|switch|p1a: Shulk|Iron Leaves|100\/100\n|move|p2a: Toedscruel|Spore|p1a: Shulk\n|-immune|p1a: Shulk\n|\n|upkeep\n|turn|5\n|\n|t:|1698026301\n|switch|p2a: Overqwil|Overqwil, M, shiny|100\/100\n|-ability|p2a: Overqwil|Intimidate|boost\n|-unboost|p1a: Shulk|atk|1\n|move|p1a: Shulk|Psyblade|p2a: Overqwil\n|-immune|p2a: Overqwil\n|\n|upkeep\n|turn|6\n|\n|t:|1698026315\n|-end|p1a: Shulk|Quark Drive|[silent]\n|switch|p1a: Metal Face|Iron Treads, shiny|100\/100\n|move|p2a: Overqwil|Spikes|p1a: Metal Face\n|-sidestart|p1: patddontpee|Spikes\n|\n|upkeep\n|turn|7\n|\n|t:|1698026439\n|move|p1a: Metal Face|Rapid Spin|p2a: Overqwil\n|-damage|p2a: Overqwil|85\/100\n|-boost|p1a: Metal Face|spe|1\n|-sideend|p1: patddontpee|Spikes|[from] move: Rapid Spin|[of] p1a: Metal Face\n|move|p2a: Overqwil|Swords Dance|p2a: Overqwil\n|-boost|p2a: Overqwil|atk|2\n|\n|-heal|p2a: Overqwil|91\/100|[from] item: Leftovers\n|upkeep\n|turn|8\n|\n|t:|1698026470\n|-end|p1a: Metal Face|Quark Drive|[silent]\n|switch|p1a: Gramps|Dondozo, M|100\/100\n|move|p2a: Overqwil|Crunch|p1a: Gramps\n|-damage|p1a: Gramps|84\/100\n|\n|-heal|p2a: Overqwil|97\/100|[from] item: Leftovers\n|-heal|p1a: Gramps|90\/100|[from] item: Leftovers\n|upkeep\n|turn|9\n|\n|t:|1698026505\n|move|p2a: Overqwil|Barb Barrage|p1a: Gramps\n|-damage|p1a: Gramps|77\/100\n|move|p1a: Gramps|Liquidation|p2a: Overqwil\n|-damage|p2a: Overqwil|65\/100\n|\n|-heal|p2a: Overqwil|71\/100|[from] item: Leftovers\n|-heal|p1a: Gramps|83\/100|[from] item: Leftovers\n|upkeep\n|turn|10\n|\n|t:|1698026532\n|switch|p2a: Slowking|Slowking-Galar, F, shiny|96\/100\n|move|p1a: Gramps|Protect||[still]\n|-fail|p1a: Gramps\n|\n|-heal|p1a: Gramps|89\/100|[from] item: Leftovers\n|upkeep\n|turn|11\n|\n|t:|1698026546\n|move|p1a: Gramps|Protect|p1a: Gramps\n|-singleturn|p1a: Gramps|Protect\n|move|p2a: Slowking|Psychic|p1a: Gramps\n|-activate|p1a: Gramps|move: Protect\n|\n|-heal|p1a: Gramps|95\/100|[from] item: Leftovers\n|upkeep\n|turn|12\n|\n|t:|1698026554\n|switch|p1a: Metal Face|Iron Treads, shiny|100\/100\n|move|p2a: Slowking|Psychic|p1a: Metal Face\n|-resisted|p1a: Metal Face\n|-damage|p1a: Metal Face|88\/100\n|\n|upkeep\n|turn|13\n|\n|t:|1698026579\n|move|p1a: Metal Face|Knock Off|p2a: Slowking\n|-supereffective|p2a: Slowking\n|-damage|p2a: Slowking|44\/100\n|-enditem|p2a: Slowking|Assault Vest|[from] move: Knock Off|[of] p1a: Metal Face\n|move|p2a: Slowking|Flamethrower|p1a: Metal Face\n|-supereffective|p1a: Metal Face\n|-damage|p1a: Metal Face|52\/100\n|\n|upkeep\n|turn|14\n|c|\u2606Beng1021|erm\n|\n|t:|1698026737\n|-end|p1a: Metal Face|Quark Drive|[silent]\n|switch|p1a: Pyra|Typhlosion-Hisui, F, shiny|100\/100\n|switch|p2a: Flamigo|Flamigo, F, shiny|100\/100\n|\n|upkeep\n|turn|15\n|\n|t:|1698026798\n|switch|p2a: Tauros|Tauros-Paldea-Blaze, M, shiny|100\/100\n|-ability|p2a: Tauros|Intimidate|boost\n|-unboost|p1a: Pyra|atk|1\n|move|p1a: Pyra|Eruption|p2a: Tauros\n|-resisted|p2a: Tauros\n|-damage|p2a: Tauros|53\/100\n|\n|upkeep\n|turn|16\n|\n|t:|1698026839\n|switch|p2a: Slowking|Slowking-Galar, F, shiny|77\/100\n|-terastallize|p1a: Pyra|Fire\n|move|p1a: Pyra|Eruption|p2a: Slowking\n|-damage|p2a: Slowking|12\/100\n|\n|upkeep\n|turn|17\n|c|\u2606patddontpee|sorry took me sec cuz the dog btw\n|\n|t:|1698026872\n|switch|p2a: Klefki|Klefki, F, shiny|100\/100\n|move|p1a: Pyra|Eruption|p2a: Klefki\n|-supereffective|p2a: Klefki\n|-damage|p2a: Klefki|0 fnt\n|faint|p2a: Klefki\n|\n|upkeep\n|\n|t:|1698026931\n|switch|p2a: Flamigo|Flamigo, F, shiny|100\/100\n|turn|18\n|\n|t:|1698026940\n|move|p2a: Flamigo|Close Combat|p1a: Pyra\n|-damage|p1a: Pyra|31\/100\n|-unboost|p2a: Flamigo|def|1\n|-unboost|p2a: Flamigo|spd|1\n|move|p1a: Pyra|Eruption|p2a: Flamigo\n|-damage|p2a: Flamigo|20\/100\n|\n|upkeep\n|turn|19\n|\n|t:|1698026987\n|switch|p1a: Shulk|Iron Leaves|100\/100\n|move|p2a: Flamigo|Close Combat|p1a: Shulk\n|-resisted|p1a: Shulk\n|-damage|p1a: Shulk|65\/100\n|-unboost|p2a: Flamigo|def|1\n|-unboost|p2a: Flamigo|spd|1\n|\n|upkeep\n|turn|20\n|\n|t:|1698027032\n|switch|p2a: Overqwil|Overqwil, M, shiny|71\/100\n|-ability|p2a: Overqwil|Intimidate|boost\n|-unboost|p1a: Shulk|atk|1\n|-end|p1a: Shulk|Quark Drive|[silent]\n|switch|p1a: Metal Face|Iron Treads, shiny|52\/100\n|\n|-heal|p2a: Overqwil|77\/100|[from] item: Leftovers\n|upkeep\n|turn|21\n|\n|t:|1698027077\n|switch|p2a: Toedscruel|Toedscruel, F, shiny|58\/100\n|move|p1a: Metal Face|Knock Off|p2a: Toedscruel\n|-damage|p2a: Toedscruel|30\/100\n|\n|upkeep\n|turn|22\n|\n|t:|1698027086\n|-end|p1a: Metal Face|Quark Drive|[silent]\n|switch|p1a: Shulk|Iron Leaves|65\/100\n|move|p2a: Toedscruel|Earth Power|p1a: Shulk\n|-resisted|p1a: Shulk\n|-damage|p1a: Shulk|49\/100\n|\n|upkeep\n|turn|23\n|\n|t:|1698027141\n|move|p1a: Shulk|Swords Dance|p1a: Shulk\n|-boost|p1a: Shulk|atk|2\n|move|p2a: Toedscruel|Leaf Storm|p1a: Shulk\n|-resisted|p1a: Shulk\n|-damage|p1a: Shulk|26\/100\n|-unboost|p2a: Toedscruel|spa|2\n|\n|upkeep\n|turn|24\n|\n|t:|1698027167\n|move|p1a: Shulk|Close Combat|p2a: Toedscruel\n|-damage|p2a: Toedscruel|0 fnt\n|-unboost|p1a: Shulk|def|1\n|-unboost|p1a: Shulk|spd|1\n|faint|p2a: Toedscruel\n|\n|upkeep\n|\n|t:|1698027175\n|switch|p2a: Flamigo|Flamigo, F, shiny|20\/100\n|turn|25\n|\n|t:|1698027183\n|-end|p1a: Shulk|Quark Drive|[silent]\n|switch|p1a: Gramps|Dondozo, M|95\/100\n|move|p2a: Flamigo|U-turn|p1a: Gramps\n|-damage|p1a: Gramps|85\/100\n|\n|t:|1698027193\n|switch|p2a: Slowking|Slowking-Galar, F, shiny|45\/100|[from] U-turn\n|\n|-heal|p1a: Gramps|91\/100|[from] item: Leftovers\n|upkeep\n|turn|26\n|\n|t:|1698027224\n|switch|p2a: Tauros|Tauros-Paldea-Blaze, M, shiny|53\/100\n|-ability|p2a: Tauros|Intimidate|boost\n|-unboost|p1a: Gramps|atk|1\n|move|p1a: Gramps|Protect||[still]\n|-fail|p1a: Gramps\n|\n|-heal|p1a: Gramps|97\/100|[from] item: Leftovers\n|upkeep\n|turn|27\n|\n|t:|1698027236\n|move|p1a: Gramps|Protect|p1a: Gramps\n|-singleturn|p1a: Gramps|Protect\n|move|p2a: Tauros|Will-O-Wisp|p1a: Gramps\n|-activate|p1a: Gramps|move: Protect\n|\n|-heal|p1a: Gramps|100\/100|[from] item: Leftovers\n|upkeep\n|turn|28\n|\n|t:|1698027280\n|switch|p1a: Pyra|Typhlosion-Hisui, F, shiny, tera:Fire|31\/100\n|-item|p2a: Tauros|Heavy-Duty Boots|[from] ability: Frisk|[of] p1a: Pyra|[identify]\n|move|p2a: Tauros|Flare Blitz|p1a: Pyra\n|-resisted|p1a: Pyra\n|-damage|p1a: Pyra|1\/100\n|-damage|p2a: Tauros|43\/100|[from] Recoil\n|\n|upkeep\n|turn|29\n|c|\u2606Beng1021|w roll\n|\n|t:|1698027474\n|move|p1a: Pyra|Shadow Ball|p2a: Tauros\n|-damage|p2a: Tauros|0 fnt\n|faint|p2a: Tauros\n|\n|upkeep\n|\n|t:|1698027483\n|switch|p2a: Flamigo|Flamigo, F, shiny|20\/100\n|turn|30\n|\n|t:|1698027496\n|switch|p1a: Gramps|Dondozo, M|100\/100\n|move|p2a: Flamigo|U-turn|p1a: Gramps\n|-damage|p1a: Gramps|91\/100\n|\n|t:|1698027499\n|switch|p2a: Slowking|Slowking-Galar, F, shiny|78\/100|[from] U-turn\n|\n|-heal|p1a: Gramps|97\/100|[from] item: Leftovers\n|upkeep\n|turn|31\n|\n|t:|1698027505\n|move|p1a: Gramps|Protect|p1a: Gramps\n|-singleturn|p1a: Gramps|Protect\n|move|p2a: Slowking|Sludge Bomb|p1a: Gramps\n|-activate|p1a: Gramps|move: Protect\n|\n|-heal|p1a: Gramps|100\/100|[from] item: Leftovers\n|upkeep\n|turn|32\n|\n|t:|1698027510\n|switch|p1a: Metal Face|Iron Treads, shiny|52\/100\n|move|p2a: Slowking|Psychic|p1a: Metal Face\n|-resisted|p1a: Metal Face\n|-damage|p1a: Metal Face|40\/100\n|-unboost|p1a: Metal Face|spd|1\n|\n|upkeep\n|turn|33\n|\n|t:|1698027553\n|move|p1a: Metal Face|Earthquake|p2a: Slowking\n|-supereffective|p2a: Slowking\n|-damage|p2a: Slowking|4\/100\n|move|p2a: Slowking|Flamethrower|p1a: Metal Face\n|-supereffective|p1a: Metal Face\n|-damage|p1a: Metal Face|0 fnt\n|faint|p1a: Metal Face\n|-end|p1a: Metal Face|Quark Drive|[silent]\n|\n|upkeep\n|\n|t:|1698027559\n|switch|p1a: Zeke|Pincurchin, M, shiny|100\/100\n|-fieldstart|move: Electric Terrain|[from] ability: Electric Surge|[of] p1a: Zeke\n|turn|34\n|\n|t:|1698027611\n|switch|p2a: Overqwil|Overqwil, M, shiny|77\/100\n|-ability|p2a: Overqwil|Intimidate|boost\n|-unboost|p1a: Zeke|atk|1\n|move|p1a: Zeke|Scald|p2a: Overqwil\n|-damage|p2a: Overqwil|52\/100\n|\n|-heal|p2a: Overqwil|58\/100|[from] item: Leftovers\n|upkeep\n|turn|35\n|\n|t:|1698027650\n|move|p2a: Overqwil|Spikes|p1a: Zeke\n|-sidestart|p1: patddontpee|Spikes\n|move|p1a: Zeke|Discharge|p2a: Overqwil\n|-damage|p2a: Overqwil|11\/100\n|\n|-heal|p2a: Overqwil|17\/100|[from] item: Leftovers\n|upkeep\n|turn|36\n|\n|t:|1698027657\n|move|p2a: Overqwil|Crunch|p1a: Zeke\n|-damage|p1a: Zeke|53\/100\n|move|p1a: Zeke|Discharge|p2a: Overqwil\n|-damage|p2a: Overqwil|0 fnt\n|faint|p2a: Overqwil\n|\n|upkeep\n|\n|t:|1698027663\n|switch|p2a: Flamigo|Flamigo, F, shiny|20\/100\n|turn|37\n|\n|t:|1698027666\n|move|p2a: Flamigo|Close Combat|p1a: Zeke\n|-damage|p1a: Zeke|0 fnt\n|-unboost|p2a: Flamigo|def|1\n|-unboost|p2a: Flamigo|spd|1\n|faint|p1a: Zeke\n|\n|upkeep\n|\n|t:|1698027668\n|switch|p1a: Riki|Raichu-Alola, M, shiny|100\/100\n|-damage|p1a: Riki|88\/100|[from] Spikes\n|turn|38\n|\n|t:|1698027707\n|switch|p2a: Slowking|Slowking-Galar, F, shiny|37\/100\n|move|p1a: Riki|Thunderbolt|p2a: Slowking\n|-damage|p2a: Slowking|0 fnt\n|faint|p2a: Slowking\n|\n|upkeep\n|\n|t:|1698027709\n|switch|p2a: Flamigo|Flamigo, F, shiny|20\/100\n|turn|39\n|\n|t:|1698027716\n|move|p1a: Riki|Thunderbolt|p2a: Flamigo\n|-supereffective|p2a: Flamigo\n|-damage|p2a: Flamigo|0 fnt\n|faint|p2a: Flamigo\n|\n|win|patddontpee\n|c|\u2606patddontpee|gg bro\n|c|\u2606Beng1021|ggs\n","uploadtime":1698027722,"views":23,"p1id":"patddontpee","p2id":"beng1021","formatid":"gen9anythinggoes","rating":0,"private":0,"password":""}