{"id":"gen9anythinggoes-1977080397","p1":"EthanG89","p2":"Wxzzi","format":"[Gen 9] Anything Goes","log":"|j|\u2606EthanG89\n|j|\u2606Wxzzi\n|t:|1698369327\n|gametype|singles\n|player|p1|EthanG89|hugh|1418\n|player|p2|Wxzzi|brock|1387\n|teamsize|p1|6\n|teamsize|p2|6\n|gen|9\n|tier|[Gen 9] Anything Goes\n|rated|\n|rule|HP Percentage Mod: HP is shown in percentages\n|rule|Endless Battle Clause: Forcing endless battles is banned\n|clearpoke\n|poke|p1|Glimmora, M|\n|poke|p1|Ditto|\n|poke|p1|Groudon|\n|poke|p1|Zacian-*|\n|poke|p1|Pawmot, M|\n|poke|p1|Kleavor, M|\n|poke|p2|Lycanroc, F|\n|poke|p2|Torterra, F|\n|poke|p2|Greninja-*, M|\n|poke|p2|Palafin, F|\n|poke|p2|Iron Bundle|\n|poke|p2|Kingambit, M|\n|teampreview\n|c|\u2606EthanG89|that's a nice looking team\n|c|\u2606EthanG89|glhf\n|c|\u2606Wxzzi|thanks\n|\n|t:|1698369373\n|start\n|switch|p1a: blue thing|Glimmora, M|100\/100\n|switch|p2a: Lycanroc|Lycanroc, F|100\/100\n|turn|1\n|c|\u2606Wxzzi|your team looks interesting too\n|c|\u2606Wxzzi|glhf :)\n|\n|t:|1698369389\n|move|p2a: Lycanroc|Taunt|p1a: blue thing\n|-start|p1a: blue thing|move: Taunt\n|cant|p1a: blue thing|move: Taunt|Reflect\n|\n|upkeep\n|turn|2\n|c|\u2606EthanG89|ty\n|\n|t:|1698369397\n|move|p2a: Lycanroc|Stealth Rock|p1a: blue thing\n|-sidestart|p1: EthanG89|move: Stealth Rock\n|move|p1a: blue thing|Mortal Spin|p2a: Lycanroc\n|-resisted|p2a: Lycanroc\n|-damage|p2a: Lycanroc|96\/100\n|-status|p2a: Lycanroc|psn\n|-sideend|p1: EthanG89|Stealth Rock|[from] move: Mortal Spin|[of] p1a: blue thing\n|\n|-damage|p2a: Lycanroc|84\/100 psn|[from] psn\n|upkeep\n|turn|3\n|c|\u2606EthanG89|no rocks\n|\n|t:|1698369407\n|move|p2a: Lycanroc|Stealth Rock|p1a: blue thing\n|-sidestart|p1: EthanG89|move: Stealth Rock\n|move|p1a: blue thing|Mortal Spin|p2a: Lycanroc\n|-resisted|p2a: Lycanroc\n|-crit|p2a: Lycanroc\n|-damage|p2a: Lycanroc|77\/100 psn\n|-sideend|p1: EthanG89|Stealth Rock|[from] move: Mortal Spin|[of] p1a: blue thing\n|\n|-damage|p2a: Lycanroc|64\/100 psn|[from] psn\n|-end|p1a: blue thing|move: Taunt\n|upkeep\n|turn|4\n|c|\u2606EthanG89|i said no\n|\n|t:|1698369418\n|move|p2a: Lycanroc|Taunt|p1a: blue thing\n|-start|p1a: blue thing|move: Taunt\n|cant|p1a: blue thing|move: Taunt|Reflect\n|\n|-damage|p2a: Lycanroc|52\/100 psn|[from] psn\n|upkeep\n|turn|5\n|c|\u2606Wxzzi|nuh uh\n|\n|t:|1698369424\n|move|p2a: Lycanroc|Stealth Rock|p1a: blue thing\n|-sidestart|p1: EthanG89|move: Stealth Rock\n|move|p1a: blue thing|Mortal Spin|p2a: Lycanroc\n|-resisted|p2a: Lycanroc\n|-crit|p2a: Lycanroc\n|-damage|p2a: Lycanroc|44\/100 psn\n|-sideend|p1: EthanG89|Stealth Rock|[from] move: Mortal Spin|[of] p1a: blue thing\n|\n|-damage|p2a: Lycanroc|32\/100 psn|[from] psn\n|upkeep\n|turn|6\n|c|\u2606EthanG89|grrrrrrr!!111\n|\n|t:|1698369433\n|switch|p2a: Kingambit|Kingambit, M|100\/100\n|move|p1a: blue thing|Mortal Spin|p2a: Kingambit\n|-immune|p2a: Kingambit\n|\n|-end|p1a: blue thing|move: Taunt\n|upkeep\n|turn|7\n|\n|t:|1698369442\n|move|p1a: blue thing|Reflect|p1a: blue thing\n|-sidestart|p1: EthanG89|Reflect\n|move|p2a: Kingambit|Swords Dance|p2a: Kingambit\n|-boost|p2a: Kingambit|atk|2\n|\n|upkeep\n|turn|8\n|\n|t:|1698369450\n|move|p1a: blue thing|Memento|p2a: Kingambit\n|-unboost|p2a: Kingambit|atk|2\n|-unboost|p2a: Kingambit|spa|2\n|faint|p1a: blue thing\n|move|p2a: Kingambit|Swords Dance|p2a: Kingambit\n|-boost|p2a: Kingambit|atk|2\n|\n|upkeep\n|\n|t:|1698369455\n|switch|p1a: Little Mac|Pawmot, M|100\/100\n|turn|9\n|\n|t:|1698369467\n|move|p2a: Kingambit|Sucker Punch|p1a: Little Mac\n|-resisted|p1a: Little Mac\n|-damage|p1a: Little Mac|60\/100\n|move|p1a: Little Mac|Fire Punch|p2a: Kingambit\n|-supereffective|p2a: Kingambit\n|-damage|p2a: Kingambit|58\/100\n|\n|upkeep\n|turn|10\n|\n|t:|1698369479\n|-end|p2a: Kingambit|fallenundefined|[silent]\n|switch|p2a: Greninja|Greninja, M|100\/100\n|move|p1a: Little Mac|Mach Punch|p2a: Greninja\n|-supereffective|p2a: Greninja\n|-damage|p2a: Greninja|24\/100\n|\n|upkeep\n|turn|11\n|\n|t:|1698369491\n|-terastallize|p2a: Greninja|Poison\n|move|p1a: Little Mac|Mach Punch|p2a: Greninja\n|-resisted|p2a: Greninja\n|-damage|p2a: Greninja|2\/100\n|move|p2a: Greninja|Surf|p1a: Little Mac\n|-damage|p1a: Little Mac|0 fnt\n|faint|p1a: Little Mac\n|-ability|p2a: Greninja|Battle Bond|boost\n|-boost|p2a: Greninja|atk|1\n|-boost|p2a: Greninja|spa|1\n|-boost|p2a: Greninja|spe|1\n|-activate|p2a: Greninja|ability: Battle Bond\n|-damage|p2a: Greninja|0 fnt|[from] item: Life Orb\n|faint|p2a: Greninja\n|\n|-sideend|p1: EthanG89|Reflect\n|upkeep\n|c|\u2606Wxzzi|eye for an eye\n|c|\u2606EthanG89|fr\n|\n|t:|1698369508\n|switch|p2a: Lycanroc|Lycanroc, F|32\/100 psn\n|switch|p1a: Old man|Kleavor, M|100\/100\n|turn|12\n|\n|t:|1698369514\n|move|p2a: Lycanroc|Stealth Rock|p1a: Old man\n|-sidestart|p1: EthanG89|move: Stealth Rock\n|move|p1a: Old man|Stone Axe|p2a: Lycanroc\n|-damage|p2a: Lycanroc|0 fnt\n|-sidestart|p2: Wxzzi|move: Stealth Rock\n|faint|p2a: Lycanroc\n|\n|upkeep\n|c|\u2606EthanG89|jokes on you\n|\n|t:|1698369527\n|switch|p2a: Sandwich|Torterra, F, shiny|100\/100\n|-damage|p2a: Sandwich|94\/100|[from] Stealth Rock\n|turn|13\n|c|\u2606EthanG89|i did the same but better\n|\n|t:|1698369533\n|move|p1a: Old man|Defog|p2a: Sandwich\n|-unboost|p2a: Sandwich|evasion|1\n|-sideend|p2: Wxzzi|Stealth Rock|[from] move: Defog|[of] p1a: Old man\n|-sideend|p1: EthanG89|Stealth Rock|[from] move: Defog|[of] p1a: Old man\n|move|p2a: Sandwich|Shell Smash|p2a: Sandwich\n|-unboost|p2a: Sandwich|def|1\n|-unboost|p2a: Sandwich|spd|1\n|-boost|p2a: Sandwich|atk|2\n|-boost|p2a: Sandwich|spa|2\n|-boost|p2a: Sandwich|spe|2\n|\n|upkeep\n|turn|14\n|c|\u2606Wxzzi|torterra time\n|\n|t:|1698369544\n|move|p2a: Sandwich|Rock Blast|p1a: Old man\n|-supereffective|p1a: Old man\n|-damage|p1a: Old man|64\/100\n|-supereffective|p1a: Old man\n|-damage|p1a: Old man|26\/100\n|-supereffective|p1a: Old man\n|-damage|p1a: Old man|0 fnt\n|faint|p1a: Old man\n|-hitcount|p1: Old man|3\n|\n|upkeep\n|c|\u2606EthanG89|ditto time\n|\n|t:|1698369562\n|switch|p1a: 2021|Ditto, shiny|100\/100\n|-transform|p1a: 2021|p2a: Sandwich|[from] ability: Imposter\n|turn|15\n|\n|t:|1698369571\n|move|p1a: 2021|Headlong Rush|p2a: Sandwich\n|-resisted|p2a: Sandwich\n|-damage|p2a: Sandwich|1\/100\n|-unboost|p1a: 2021|def|1\n|-unboost|p1a: 2021|spd|1\n|move|p2a: Sandwich|Shell Smash|p2a: Sandwich\n|-unboost|p2a: Sandwich|def|1\n|-unboost|p2a: Sandwich|spd|1\n|-boost|p2a: Sandwich|atk|2\n|-boost|p2a: Sandwich|spa|2\n|-boost|p2a: Sandwich|spe|2\n|\n|upkeep\n|turn|16\n|\n|t:|1698369581\n|switch|p1a: Knuckles|Groudon|100\/100\n|-weather|SunnyDay|[from] ability: Drought|[of] p1a: Knuckles\n|move|p2a: Sandwich|Headlong Rush|p1a: Knuckles\n|-damage|p1a: Knuckles|0 fnt\n|-unboost|p2a: Sandwich|def|1\n|-unboost|p2a: Sandwich|spd|1\n|faint|p1a: Knuckles\n|\n|-weather|SunnyDay|[upkeep]\n|upkeep\n|\n|t:|1698369583\n|switch|p1a: 2021|Ditto, shiny|100\/100\n|-transform|p1a: 2021|p2a: Sandwich|[from] ability: Imposter\n|turn|17\n|c|\u2606Wxzzi|neat\n|c|\u2606Wxzzi|im dead asf tho\n|\n|t:|1698369600\n|move|p1a: 2021|Headlong Rush|p2a: Sandwich\n|-resisted|p2a: Sandwich\n|-damage|p2a: Sandwich|0 fnt\n|-unboost|p1a: 2021|def|1\n|-unboost|p1a: 2021|spd|1\n|faint|p2a: Sandwich\n|\n|-weather|SunnyDay|[upkeep]\n|upkeep\n|c|\u2606EthanG89|probably\n|\n|t:|1698369609\n|switch|p2a: Kingambit|Kingambit, M|58\/100\n|-activate|p2a: Kingambit|ability: Supreme Overlord\n|-start|p2a: Kingambit|fallen3|[silent]\n|turn|18\n|\n|t:|1698369615\n|move|p2a: Kingambit|Sucker Punch|p1a: 2021\n|-damage|p1a: 2021|0 fnt\n|faint|p1a: 2021\n|\n|-weather|SunnyDay|[upkeep]\n|upkeep\n|\n|t:|1698369617\n|switch|p1a: Zacian|Zacian-Crowned, shiny|100\/100\n|-ability|p1a: Zacian|Intrepid Sword|boost\n|-boost|p1a: Zacian|atk|1\n|turn|19\n|\n|t:|1698369631\n|-end|p2a: Kingambit|fallen3|[silent]\n|switch|p2a: Palafin|Palafin, F|100\/100\n|move|p1a: Zacian|Swords Dance|p1a: Zacian\n|-boost|p1a: Zacian|atk|2\n|\n|-weather|SunnyDay|[upkeep]\n|upkeep\n|turn|20\n|\n|t:|1698369640\n|move|p1a: Zacian|Behemoth Blade|p2a: Palafin\n|-resisted|p2a: Palafin\n|-damage|p2a: Palafin|1\/100\n|move|p2a: Palafin|Flip Turn|p1a: Zacian\n|-damage|p1a: Zacian|85\/100\n|c|\u2606EthanG89|it survived\n|c|\u2606EthanG89|with 1\n|c|\u2606EthanG89|%\n|c|\u2606Wxzzi|clutch\n|c|\u2606EthanG89|sheesh\n|\n|t:|1698369656\n|detailschange|p2a: Palafin|Palafin-Hero, F\n|switch|p2a: Kingambit|Kingambit, M|58\/100|[from] Flip Turn\n|-activate|p2a: Kingambit|ability: Supreme Overlord\n|-start|p2a: Kingambit|fallen3|[silent]\n|\n|-weather|none\n|upkeep\n|turn|21\n|c|\u2606EthanG89|clutch these\n|\n|t:|1698369667\n|move|p2a: Kingambit|Sucker Punch||[still]\n|-fail|p2a: Kingambit\n|move|p1a: Zacian|Swords Dance|p1a: Zacian\n|-boost|p1a: Zacian|atk|2\n|\n|upkeep\n|turn|22\n|\n|t:|1698369673\n|-end|p2a: Kingambit|fallen3|[silent]\n|switch|p2a: Iron Bundle|Iron Bundle|100\/100\n|-enditem|p2a: Iron Bundle|Booster Energy\n|-activate|p2a: Iron Bundle|ability: Quark Drive|[fromitem]\n|-start|p2a: Iron Bundle|quarkdrivespe\n|move|p1a: Zacian|Sacred Sword|p2a: Iron Bundle\n|-supereffective|p2a: Iron Bundle\n|-damage|p2a: Iron Bundle|0 fnt\n|faint|p2a: Iron Bundle\n|-end|p2a: Iron Bundle|Quark Drive|[silent]\n|\n|upkeep\n|c|\u2606EthanG89|nuts\n|\n|t:|1698369683\n|switch|p2a: Palafin|Palafin-Hero, F|1\/100\n|-activate|p2a: Palafin|ability: Zero to Hero\n|turn|23\n|\n|t:|1698369689\n|move|p2a: Palafin|Jet Punch|p1a: Zacian\n|-damage|p1a: Zacian|32\/100\n|move|p1a: Zacian|Sacred Sword|p2a: Palafin\n|-damage|p2a: Palafin|0 fnt\n|faint|p2a: Palafin\n|\n|upkeep\n|\n|t:|1698369696\n|switch|p2a: Kingambit|Kingambit, M|58\/100\n|-activate|p2a: Kingambit|ability: Supreme Overlord\n|-start|p2a: Kingambit|fallen5|[silent]\n|turn|24\n|\n|t:|1698369702\n|-terastallize|p1a: Zacian|Water\n|move|p2a: Kingambit|Sucker Punch||[still]\n|-fail|p2a: Kingambit\n|move|p1a: Zacian|Swords Dance|p1a: Zacian\n|-boost|p1a: Zacian|atk|1\n|\n|upkeep\n|turn|25\n|\n|t:|1698369708\n|move|p2a: Kingambit|Sucker Punch||[still]\n|-fail|p2a: Kingambit\n|move|p1a: Zacian|Swords Dance|p1a: Zacian\n|-boost|p1a: Zacian|atk|0\n|\n|upkeep\n|turn|26\n|\n|t:|1698369713\n|move|p1a: Zacian|Sacred Sword|p2a: Kingambit\n|-supereffective|p2a: Kingambit\n|-damage|p2a: Kingambit|0 fnt\n|faint|p2a: Kingambit\n|-end|p2a: Kingambit|fallen5|[silent]\n|\n|win|EthanG89\n|raw|EthanG89's rating: 1418 &rarr; <strong>1436<\/strong><br \/>(+18 for winning)\n|raw|Wxzzi's rating: 1387 &rarr; <strong>1369<\/strong><br \/>(-18 for losing)\n|c|\u2606EthanG89|YES\n|c|\u2606Wxzzi|W reads\n|c|\u2606EthanG89|FR\n|c|\u2606Wxzzi|ggs\n|c|\u2606EthanG89|GG\n","uploadtime":1698369731,"views":5,"p1id":"ethang89","p2id":"wxzzi","formatid":"gen9anythinggoes","rating":1369,"private":0,"password":""}