{"id":"gen9anythinggoes-1984593042","p1":"boastfultoast","p2":"IAmManyThings","format":"[Gen 9] Anything Goes","log":"|j|\u2606boastfultoast\n|j|\u2606IAmManyThings\n|t:|1699282859\n|gametype|singles\n|player|p1|boastfultoast|workerice|1295\n|player|p2|IAmManyThings|waiter-gen4dp|1390\n|teamsize|p1|6\n|teamsize|p2|6\n|gen|9\n|tier|[Gen 9] Anything Goes\n|rated|\n|rule|HP Percentage Mod: HP is shown in percentages\n|rule|Endless Battle Clause: Forcing endless battles is banned\n|clearpoke\n|poke|p1|Iron Leaves|\n|poke|p1|Zangoose, M|\n|poke|p1|Groudon|\n|poke|p1|Giratina|\n|poke|p1|Cloyster, F|\n|poke|p1|Rotom-Wash|\n|poke|p2|Ninetales, M|\n|poke|p2|Trevenant, F|\n|poke|p2|Walking Wake|\n|poke|p2|Tropius, M|\n|poke|p2|Ceruledge, M|\n|poke|p2|Scovillain, M|\n|teampreview\n|inactive|Battle timer is ON: inactive players will automatically lose when time's up. (requested by IAmManyThings)\n|\n|t:|1699282870\n|start\n|switch|p1a: not a phase mom|Zangoose, M|100\/100\n|switch|p2a: Ninetales|Ninetales, M|100\/100\n|-weather|SunnyDay|[from] ability: Drought|[of] p2a: Ninetales\n|turn|1\n|\n|t:|1699282884\n|move|p1a: not a phase mom|Swords Dance|p1a: not a phase mom\n|-boost|p1a: not a phase mom|atk|2\n|move|p2a: Ninetales|Baton Pass|p2a: Ninetales\n|\n|t:|1699282896\n|switch|p2a: Scovillain|Scovillain, M|100\/100|[from] Baton Pass\n|\n|-weather|SunnyDay|[upkeep]\n|-status|p1a: not a phase mom|tox|[from] item: Toxic Orb\n|upkeep\n|turn|2\n|\n|t:|1699282904\n|move|p2a: Scovillain|Solar Beam||[still]\n|-prepare|p2a: Scovillain|Solar Beam\n|-anim|p2a: Scovillain|Solar Beam|p1a: not a phase mom\n|-damage|p1a: not a phase mom|0 fnt\n|faint|p1a: not a phase mom\n|-damage|p2a: Scovillain|91\/100|[from] item: Life Orb\n|\n|-weather|SunnyDay|[upkeep]\n|upkeep\n|\n|t:|1699282925\n|switch|p1a: do NOT|Cloyster, F|100\/100\n|turn|3\n|\n|t:|1699282938\n|move|p2a: Scovillain|Solar Beam||[still]\n|-prepare|p2a: Scovillain|Solar Beam\n|-anim|p2a: Scovillain|Solar Beam|p1a: do NOT\n|-supereffective|p1a: do NOT\n|-enditem|p1a: do NOT|Focus Sash\n|-damage|p1a: do NOT|1\/100\n|-damage|p2a: Scovillain|81\/100|[from] item: Life Orb\n|move|p1a: do NOT|Rock Blast|p2a: Scovillain\n|-supereffective|p2a: Scovillain\n|-damage|p2a: Scovillain|55\/100\n|-supereffective|p2a: Scovillain\n|-damage|p2a: Scovillain|25\/100\n|-supereffective|p2a: Scovillain\n|-damage|p2a: Scovillain|0 fnt\n|faint|p2a: Scovillain\n|-hitcount|p2: Scovillain|3\n|\n|-weather|SunnyDay|[upkeep]\n|upkeep\n|c|\u2606IAmManyThings|crap\n|c|\u2606boastfultoast|yup\n|\n|t:|1699282958\n|switch|p2a: Ceruledge|Ceruledge, M|100\/100\n|turn|4\n|\n|t:|1699282975\n|switch|p1a: GRRRRRRRRRRRRRRRRR|Groudon|100\/100\n|move|p2a: Ceruledge|Solar Blade||[still]\n|-prepare|p2a: Ceruledge|Solar Blade\n|-anim|p2a: Ceruledge|Solar Blade|p1a: GRRRRRRRRRRRRRRRRR\n|-supereffective|p1a: GRRRRRRRRRRRRRRRRR\n|-damage|p1a: GRRRRRRRRRRRRRRRRR|10\/100\n|-damage|p2a: Ceruledge|91\/100|[from] item: Life Orb\n|\n|-weather|SunnyDay|[upkeep]\n|upkeep\n|turn|5\n|\n|t:|1699282988\n|move|p2a: Ceruledge|Solar Blade||[still]\n|-prepare|p2a: Ceruledge|Solar Blade\n|-anim|p2a: Ceruledge|Solar Blade|p1a: GRRRRRRRRRRRRRRRRR\n|-supereffective|p1a: GRRRRRRRRRRRRRRRRR\n|-damage|p1a: GRRRRRRRRRRRRRRRRR|0 fnt\n|faint|p1a: GRRRRRRRRRRRRRRRRR\n|-damage|p2a: Ceruledge|81\/100|[from] item: Life Orb\n|\n|-weather|SunnyDay|[upkeep]\n|upkeep\n|\n|t:|1699282993\n|switch|p1a: I AM HATRED :D|Rotom-Wash, shiny|100\/100\n|turn|6\n|\n|t:|1699282998\n|move|p2a: Ceruledge|Solar Blade||[still]\n|-prepare|p2a: Ceruledge|Solar Blade\n|-anim|p2a: Ceruledge|Solar Blade|p1a: I AM HATRED :D\n|-supereffective|p1a: I AM HATRED :D\n|-damage|p1a: I AM HATRED :D|12\/100\n|-enditem|p1a: I AM HATRED :D|Wiki Berry|[eat]\n|-heal|p1a: I AM HATRED :D|45\/100|[from] item: Wiki Berry\n|-damage|p2a: Ceruledge|71\/100|[from] item: Life Orb\n|move|p1a: I AM HATRED :D|Rain Dance|p1a: I AM HATRED :D\n|-weather|RainDance\n|\n|-weather|RainDance|[upkeep]\n|upkeep\n|turn|7\n|c|\u2606boastfultoast|no more sunshine\n|\n|t:|1699283008\n|move|p2a: Ceruledge|Sunny Day|p2a: Ceruledge\n|-weather|SunnyDay\n|move|p1a: I AM HATRED :D|Thunder|p2a: Ceruledge|[miss]\n|-miss|p1a: I AM HATRED :D|p2a: Ceruledge\n|\n|-weather|SunnyDay|[upkeep]\n|upkeep\n|turn|8\n|n|!boastfultoast|boastfultoast\n|c|\u2606IAmManyThings|xD\n|\n|t:|1699283019\n|move|p2a: Ceruledge|Solar Blade||[still]\n|-prepare|p2a: Ceruledge|Solar Blade\n|-anim|p2a: Ceruledge|Solar Blade|p1a: I AM HATRED :D\n|-supereffective|p1a: I AM HATRED :D\n|-damage|p1a: I AM HATRED :D|0 fnt\n|faint|p1a: I AM HATRED :D\n|-damage|p2a: Ceruledge|61\/100|[from] item: Life Orb\n|\n|-weather|SunnyDay|[upkeep]\n|upkeep\n|c|\u2606IAmManyThings|no guaranteed hit\n|-message|boastfultoast forfeited.\n|\n|win|IAmManyThings\n|raw|boastfultoast's rating: 1295 &rarr; <strong>1277<\/strong><br \/>(-18 for losing)\n|raw|IAmManyThings's rating: 1390 &rarr; <strong>1405<\/strong><br \/>(+15 for winning)\n","uploadtime":1699283012,"views":4,"p1id":"boastfultoast","p2id":"iammanythings","formatid":"gen9anythinggoes","rating":1277,"private":0,"password":""}