{"id":"gen9anythinggoes-1983638357","p1":"PreUnPo\u67ab\u6797\u6b8b\u96ea","p2":"bailongzhenshuai","format":"[Gen 9] Anything Goes","log":"|j|\u2606PreUnPo\u67ab\u6797\u6b8b\u96ea\n|j|\u2606bailongzhenshuai\n|t:|1699152480\n|gametype|singles\n|player|p1|PreUnPo\u67ab\u6797\u6b8b\u96ea|iono|1526\n|player|p2|bailongzhenshuai|roxie|1761\n|teamsize|p1|6\n|teamsize|p2|6\n|gen|9\n|tier|[Gen 9] Anything Goes\n|rated|\n|rule|HP Percentage Mod: HP is shown in percentages\n|rule|Endless Battle Clause: Forcing endless battles is banned\n|clearpoke\n|poke|p1|Calyrex-Shadow|\n|poke|p1|Arceus-Fairy|\n|poke|p1|Arceus-Ground|\n|poke|p1|Arceus|\n|poke|p1|Arceus-Water|\n|poke|p1|Miraidon|\n|poke|p2|Calyrex-Shadow|\n|poke|p2|Wo-Chien|\n|poke|p2|Kyogre|\n|poke|p2|Zacian-*|\n|poke|p2|Arceus-Fairy|\n|poke|p2|Koraidon|\n|teampreview\n|inactive|Battle timer is ON: inactive players will automatically lose when time's up. (requested by bailongzhenshuai)\n|inactive|PreUnPo\u67ab\u6797\u6b8b\u96ea also wants the timer to be on.\n|\n|t:|1699152489\n|start\n|switch|p1a: Miraidon|Miraidon|100\/100\n|switch|p2a: Arceus|Arceus-Fairy|100\/100\n|-fieldstart|move: Electric Terrain|[from] ability: Hadron Engine|[of] p1a: Miraidon\n|turn|1\n|\n|t:|1699152509\n|move|p1a: Miraidon|Volt Switch|p2a: Arceus\n|-damage|p2a: Arceus|58\/100\n|\n|t:|1699152525\n|switch|p1a: Arceus|Arceus-Fairy|100\/100|[from] Volt Switch\n|move|p2a: Arceus|Stealth Rock|p1a: Arceus\n|-sidestart|p1: PreUnPo\u67ab\u6797\u6b8b\u96ea|move: Stealth Rock\n|\n|upkeep\n|turn|2\n|\n|t:|1699152538\n|move|p2a: Arceus|Taunt|p1a: Arceus\n|-start|p1a: Arceus|move: Taunt\n|cant|p1a: Arceus|move: Taunt|Calm Mind\n|\n|upkeep\n|turn|3\n|\n|t:|1699152557\n|move|p1a: Arceus|Judgment|p2a: Arceus\n|-damage|p2a: Arceus|28\/100\n|move|p2a: Arceus|Thunder Wave|p1a: Arceus\n|-status|p1a: Arceus|par\n|\n|upkeep\n|turn|4\n|\n|t:|1699152587\n|move|p2a: Arceus|Judgment|p1a: Arceus\n|-damage|p1a: Arceus|68\/100 par\n|move|p1a: Arceus|Judgment|p2a: Arceus\n|-damage|p2a: Arceus|0 fnt\n|faint|p2a: Arceus\n|\n|-end|p1a: Arceus|move: Taunt\n|upkeep\n|\n|t:|1699152590\n|switch|p2a: Zacian|Zacian-Crowned|100\/100\n|-ability|p2a: Zacian|Intrepid Sword|boost\n|-boost|p2a: Zacian|atk|1\n|turn|5\n|\n|t:|1699152600\n|move|p2a: Zacian|Swords Dance|p2a: Zacian\n|-boost|p2a: Zacian|atk|2\n|move|p1a: Arceus|Judgment|p2a: Zacian\n|-resisted|p2a: Zacian\n|-damage|p2a: Zacian|78\/100\n|\n|-fieldend|move: Electric Terrain\n|upkeep\n|turn|6\n|\n|t:|1699152611\n|move|p2a: Zacian|Behemoth Blade|p1a: Arceus\n|-supereffective|p1a: Arceus\n|-damage|p1a: Arceus|0 fnt\n|faint|p1a: Arceus\n|\n|upkeep\n|\n|t:|1699152626\n|switch|p1a: Arceus|Arceus|100\/100\n|-damage|p1a: Arceus|88\/100|[from] Stealth Rock\n|turn|7\n|\n|t:|1699152634\n|move|p1a: Arceus|Extreme Speed|p2a: Zacian\n|-resisted|p2a: Zacian\n|-damage|p2a: Zacian|52\/100\n|move|p2a: Zacian|Behemoth Blade|p1a: Arceus\n|-damage|p1a: Arceus|0 fnt\n|faint|p1a: Arceus\n|\n|upkeep\n|\n|t:|1699152637\n|switch|p1a: Calyrex|Calyrex-Shadow|100\/100\n|-ability|p1a: Calyrex|As One\n|-ability|p1a: Calyrex|Unnerve\n|-damage|p1a: Calyrex|88\/100|[from] Stealth Rock\n|turn|8\n|\n|t:|1699152640\n|-terastallize|p2a: Zacian|Dark\n|move|p1a: Calyrex|Astral Barrage|p2a: Zacian\n|-resisted|p2a: Zacian\n|-damage|p2a: Zacian|15\/100\n|move|p2a: Zacian|Behemoth Blade|p1a: Calyrex\n|-damage|p1a: Calyrex|0 fnt\n|faint|p1a: Calyrex\n|\n|upkeep\n|-message|PreUnPo\u67ab\u6797\u6b8b\u96ea forfeited.\n|\n|win|bailongzhenshuai\n|raw|PreUnPo\u67ab\u6797\u6b8b\u96ea's rating: 1551 &rarr; <strong>1542<\/strong><br \/>(-9 for losing)\n|raw|bailongzhenshuai's rating: 1761 &rarr; <strong>1770<\/strong><br \/>(+9 for winning)\n|l|\u2606PreUnPo\u67ab\u6797\u6b8b\u96ea\n|l|\u2606bailongzhenshuai\n|j|\u2606bailongzhenshuai\n|player|p2|bailongzhenshuai|roxie\n","uploadtime":1699152656,"views":7,"p1id":"preunpo","p2id":"bailongzhenshuai","formatid":"gen9anythinggoes","rating":1542,"private":0,"password":""}