{"id":"gen9anythinggoes-1985438328","p1":"inflamedcabbage","p2":"livefromfrog","format":"[Gen 9] Anything Goes","log":"|j|\u2606inflamedcabbage\n|j|\u2606livefromfrog\n|t:|1699374716\n|gametype|singles\n|player|p1|inflamedcabbage|1|\n|player|p2|livefromfrog|1|\n|teamsize|p1|6\n|teamsize|p2|6\n|gen|9\n|tier|[Gen 9] Anything Goes\n|rule|HP Percentage Mod: HP is shown in percentages\n|rule|Endless Battle Clause: Forcing endless battles is banned\n|clearpoke\n|poke|p1|Grimmsnarl, M|\n|poke|p1|Hatterene, F|\n|poke|p1|Primeape, F|\n|poke|p1|Volcarona, M|\n|poke|p1|Hydreigon, F|\n|poke|p1|Umbreon, F|\n|poke|p2|Clodsire, M|\n|poke|p2|Abomasnow, F|\n|poke|p2|Houndstone, M|\n|poke|p2|Glaceon, F|\n|poke|p2|Toxtricity-Low-Key, M|\n|poke|p2|Gholdengo|\n|teampreview\n|\n|t:|1699374741\n|start\n|switch|p1a: Grimmsnarl|Grimmsnarl, M|100\/100\n|switch|p2a: Toxtricity|Toxtricity-Low-Key, M|100\/100\n|turn|1\n|\n|t:|1699374759\n|move|p1a: Grimmsnarl|Light Screen|p1a: Grimmsnarl\n|-sidestart|p1: inflamedcabbage|move: Light Screen\n|move|p2a: Toxtricity|Boomburst|p1a: Grimmsnarl\n|-damage|p1a: Grimmsnarl|76\/100\n|\n|upkeep\n|turn|2\n|\n|t:|1699374764\n|switch|p2a: Abomasnow|Abomasnow, F|100\/100\n|-weather|Snow|[from] ability: Snow Warning|[of] p2a: Abomasnow\n|move|p1a: Grimmsnarl|Reflect|p1a: Grimmsnarl\n|-sidestart|p1: inflamedcabbage|Reflect\n|\n|-weather|Snow|[upkeep]\n|upkeep\n|turn|3\n|\n|t:|1699374773\n|move|p1a: Grimmsnarl|Parting Shot|p2a: Abomasnow\n|-unboost|p2a: Abomasnow|atk|1\n|-unboost|p2a: Abomasnow|spa|1\n|\n|t:|1699374781\n|switch|p1a: Umbreon|Umbreon, F|100\/100|[from] Parting Shot\n|move|p2a: Abomasnow|Aurora Veil|p2a: Abomasnow\n|-sidestart|p2: livefromfrog|move: Aurora Veil\n|\n|-weather|Snow|[upkeep]\n|upkeep\n|turn|4\n|\n|t:|1699374793\n|switch|p2a: Clodsire|Clodsire, M|100\/100\n|move|p1a: Umbreon|Toxic|p2a: Clodsire\n|-immune|p2a: Clodsire\n|\n|-weather|Snow|[upkeep]\n|upkeep\n|turn|5\n|\n|t:|1699374799\n|switch|p1a: Hatterene|Hatterene, F|100\/100\n|move|p2a: Clodsire|Stealth Rock|p1a: Hatterene\n|-sidestart|p1: inflamedcabbage|move: Stealth Rock\n|\n|-weather|Snow|[upkeep]\n|upkeep\n|turn|6\n|c|\u2606livefromfrog|Wrong ability?\n|c|\u2606inflamedcabbage|yea rip\n|\n|t:|1699374826\n|switch|p2a: Gholdengo|Gholdengo|100\/100\n|move|p1a: Hatterene|Calm Mind|p1a: Hatterene\n|-boost|p1a: Hatterene|spa|1\n|-boost|p1a: Hatterene|spd|1\n|\n|-weather|none\n|upkeep\n|turn|7\n|\n|t:|1699374835\n|switch|p1a: Hydreigon|Hydreigon, F|100\/100\n|-damage|p1a: Hydreigon|88\/100|[from] Stealth Rock\n|move|p2a: Gholdengo|Trick|p1a: Hydreigon\n|-activate|p2a: Gholdengo|move: Trick|[of] p1a: Hydreigon\n|-item|p1a: Hydreigon|Choice Scarf|[from] move: Trick\n|-item|p2a: Gholdengo|Choice Scarf|[from] move: Trick\n|\n|upkeep\n|turn|8\n|\n|t:|1699374860\n|switch|p2a: Clodsire|Clodsire, M|100\/100\n|move|p1a: Hydreigon|Flamethrower|p2a: Clodsire\n|-damage|p2a: Clodsire|92\/100\n|\n|-heal|p2a: Clodsire|98\/100|[from] item: Black Sludge\n|-sideend|p1: inflamedcabbage|move: Light Screen\n|upkeep\n|turn|9\n|\n|t:|1699374869\n|switch|p1a: Grimmsnarl|Grimmsnarl, M|76\/100\n|-damage|p1a: Grimmsnarl|64\/100|[from] Stealth Rock\n|move|p2a: Clodsire|Earthquake|p1a: Grimmsnarl\n|-damage|p1a: Grimmsnarl|47\/100\n|\n|-heal|p2a: Clodsire|100\/100|[from] item: Black Sludge\n|-sideend|p1: inflamedcabbage|Reflect\n|upkeep\n|turn|10\n|\n|t:|1699374875\n|move|p1a: Grimmsnarl|Reflect|p1a: Grimmsnarl\n|-sidestart|p1: inflamedcabbage|Reflect\n|move|p2a: Clodsire|Toxic|p1a: Grimmsnarl\n|-status|p1a: Grimmsnarl|tox\n|\n|-damage|p1a: Grimmsnarl|41\/100 tox|[from] psn\n|-sideend|p2: livefromfrog|move: Aurora Veil\n|upkeep\n|turn|11\n|\n|t:|1699374878\n|switch|p2a: Abomasnow|Abomasnow, F|100\/100\n|-weather|Snow|[from] ability: Snow Warning|[of] p2a: Abomasnow\n|move|p1a: Grimmsnarl|Light Screen|p1a: Grimmsnarl\n|-sidestart|p1: inflamedcabbage|move: Light Screen\n|\n|-weather|Snow|[upkeep]\n|-damage|p1a: Grimmsnarl|28\/100 tox|[from] psn\n|upkeep\n|turn|12\n|\n|t:|1699374880\n|move|p1a: Grimmsnarl|Taunt|p2a: Abomasnow\n|-start|p2a: Abomasnow|move: Taunt\n|cant|p2a: Abomasnow|move: Taunt|Aurora Veil\n|\n|-weather|Snow|[upkeep]\n|-damage|p1a: Grimmsnarl|10\/100 tox|[from] psn\n|upkeep\n|turn|13\n|\n|t:|1699374889\n|switch|p2a: Toxtricity|Toxtricity-Low-Key, M|100\/100\n|move|p1a: Grimmsnarl|Parting Shot|p2a: Toxtricity\n|-unboost|p2a: Toxtricity|atk|1\n|-unboost|p2a: Toxtricity|spa|1\n|\n|t:|1699374893\n|switch|p1a: Volcarona|Volcarona, M|100\/100|[from] Parting Shot\n|\n|-weather|Snow|[upkeep]\n|upkeep\n|turn|14\n|\n|t:|1699374898\n|move|p2a: Toxtricity|Volt Switch|p1a: Volcarona\n|-damage|p1a: Volcarona|90\/100\n|\n|t:|1699374900\n|switch|p2a: Clodsire|Clodsire, M|100\/100|[from] Volt Switch\n|move|p1a: Volcarona|Quiver Dance|p1a: Volcarona\n|-boost|p1a: Volcarona|spa|1\n|-boost|p1a: Volcarona|spd|1\n|-boost|p1a: Volcarona|spe|1\n|\n|-weather|Snow|[upkeep]\n|upkeep\n|turn|15\n|\n|t:|1699374952\n|switch|p1a: Grimmsnarl|Grimmsnarl, M|10\/100 tox\n|-damage|p1a: Grimmsnarl|0 fnt|[from] Stealth Rock\n|faint|p1a: Grimmsnarl\n|move|p2a: Clodsire|Toxic|p1: Grimmsnarl|[notarget]\n|-fail|p2a: Clodsire\n|\n|-weather|none\n|upkeep\n|\n|t:|1699374962\n|switch|p1a: Primeape|Primeape, F|100\/100\n|-damage|p1a: Primeape|95\/100|[from] Stealth Rock\n|turn|16\n|\n|t:|1699374964\n|switch|p2a: Houndstone|Houndstone, M|100\/100\n|move|p1a: Primeape|Earthquake|p2a: Houndstone\n|-damage|p2a: Houndstone|77\/100\n|\n|upkeep\n|turn|17\n|\n|t:|1699374974\n|switch|p1a: Hydreigon|Hydreigon, F|88\/100\n|-damage|p1a: Hydreigon|76\/100|[from] Stealth Rock\n|move|p2a: Houndstone|Poltergeist|p1a: Hydreigon\n|-activate|p1a: Hydreigon|move: Poltergeist|Choice Scarf\n|-resisted|p1a: Hydreigon\n|-damage|p1a: Hydreigon|65\/100\n|\n|-sideend|p1: inflamedcabbage|Reflect\n|upkeep\n|turn|18\n|\n|t:|1699374982\n|switch|p2a: Clodsire|Clodsire, M|100\/100\n|move|p1a: Hydreigon|U-turn|p2a: Clodsire\n|-resisted|p2a: Clodsire\n|-damage|p2a: Clodsire|93\/100\n|\n|t:|1699374985\n|switch|p1a: Primeape|Primeape, F|95\/100|[from] U-turn\n|-damage|p1a: Primeape|89\/100|[from] Stealth Rock\n|\n|-heal|p2a: Clodsire|99\/100|[from] item: Black Sludge\n|-sideend|p1: inflamedcabbage|move: Light Screen\n|upkeep\n|turn|19\n|\n|t:|1699374990\n|switch|p2a: Houndstone|Houndstone, M|77\/100\n|move|p1a: Primeape|Earthquake|p2a: Houndstone\n|-damage|p2a: Houndstone|52\/100\n|\n|upkeep\n|turn|20\n|\n|t:|1699375000\n|move|p1a: Primeape|Earthquake|p2a: Houndstone\n|-damage|p2a: Houndstone|27\/100\n|move|p2a: Houndstone|Will-O-Wisp|p1a: Primeape\n|-status|p1a: Primeape|brn\n|\n|-damage|p1a: Primeape|83\/100 brn|[from] brn\n|upkeep\n|turn|21\n|\n|t:|1699375008\n|switch|p1a: Hydreigon|Hydreigon, F|65\/100\n|-damage|p1a: Hydreigon|53\/100|[from] Stealth Rock\n|switch|p2a: Abomasnow|Abomasnow, F|100\/100\n|-weather|Snow|[from] ability: Snow Warning|[of] p2a: Abomasnow\n|\n|-weather|Snow|[upkeep]\n|upkeep\n|turn|22\n|\n|t:|1699375013\n|switch|p2a: Clodsire|Clodsire, M|99\/100\n|move|p1a: Hydreigon|Flamethrower|p2a: Clodsire\n|-damage|p2a: Clodsire|80\/100\n|\n|-weather|Snow|[upkeep]\n|-heal|p2a: Clodsire|86\/100|[from] item: Black Sludge\n|upkeep\n|turn|23\n|\n|t:|1699375024\n|switch|p1a: Primeape|Primeape, F|83\/100 brn\n|-damage|p1a: Primeape|77\/100 brn|[from] Stealth Rock\n|move|p2a: Clodsire|Earthquake|p1a: Primeape\n|-damage|p1a: Primeape|22\/100 brn\n|\n|-weather|Snow|[upkeep]\n|-heal|p2a: Clodsire|92\/100|[from] item: Black Sludge\n|-damage|p1a: Primeape|16\/100 brn|[from] brn\n|upkeep\n|turn|24\n|\n|t:|1699375031\n|switch|p2a: Abomasnow|Abomasnow, F|100\/100\n|move|p1a: Primeape|Earthquake|p2a: Abomasnow\n|-resisted|p2a: Abomasnow\n|-damage|p2a: Abomasnow|94\/100\n|\n|-weather|Snow|[upkeep]\n|-damage|p1a: Primeape|10\/100 brn|[from] brn\n|upkeep\n|turn|25\n|\n|t:|1699375039\n|switch|p1a: Umbreon|Umbreon, F|100\/100\n|-damage|p1a: Umbreon|88\/100|[from] Stealth Rock\n|move|p2a: Abomasnow|Aurora Veil|p2a: Abomasnow\n|-sidestart|p2: livefromfrog|move: Aurora Veil\n|\n|-weather|none\n|-heal|p1a: Umbreon|94\/100|[from] item: Leftovers\n|upkeep\n|turn|26\n|\n|t:|1699375045\n|move|p1a: Umbreon|Wish|p1a: Umbreon\n|move|p2a: Abomasnow|Leech Seed|p1a: Umbreon\n|-start|p1a: Umbreon|move: Leech Seed\n|\n|-heal|p1a: Umbreon|99\/100|[from] item: Leftovers\n|-damage|p1a: Umbreon|88\/100|[from] Leech Seed|[of] p2a: Abomasnow\n|-heal|p2a: Abomasnow|100\/100|[silent]\n|upkeep\n|turn|27\n|\n|t:|1699375054\n|switch|p2a: Glaceon|Glaceon, F|100\/100\n|move|p1a: Umbreon|Toxic|p2a: Glaceon|[miss]\n|-miss|p1a: Umbreon|p2a: Glaceon\n|\n|-heal|p1a: Umbreon|100\/100|[from] move: Wish|[wisher] Umbreon\n|-damage|p1a: Umbreon|88\/100|[from] Leech Seed|[of] p2a: Glaceon\n|upkeep\n|turn|28\n|\n|t:|1699375061\n|move|p1a: Umbreon|Toxic|p2a: Glaceon\n|-status|p2a: Glaceon|tox\n|move|p2a: Glaceon|Wish|p2a: Glaceon\n|\n|-heal|p1a: Umbreon|94\/100|[from] item: Leftovers\n|-damage|p1a: Umbreon|82\/100|[from] Leech Seed|[of] p2a: Glaceon\n|-damage|p2a: Glaceon|95\/100 tox|[from] psn\n|upkeep\n|turn|29\n|\n|t:|1699375069\n|switch|p2a: Houndstone|Houndstone, M|27\/100\n|move|p1a: Umbreon|Wish|p1a: Umbreon\n|\n|-heal|p2a: Houndstone|75\/100|[from] move: Wish|[wisher] Glaceon\n|-heal|p1a: Umbreon|88\/100|[from] item: Leftovers\n|-damage|p1a: Umbreon|75\/100|[from] Leech Seed|[of] p2a: Houndstone\n|-heal|p2a: Houndstone|89\/100|[silent]\n|upkeep\n|turn|30\n|\n|t:|1699375075\n|move|p2a: Houndstone|Body Press|p1a: Umbreon\n|-supereffective|p1a: Umbreon\n|-damage|p1a: Umbreon|37\/100\n|move|p1a: Umbreon|Toxic|p2a: Houndstone\n|-status|p2a: Houndstone|tox\n|\n|-heal|p1a: Umbreon|87\/100|[from] move: Wish|[wisher] Umbreon\n|-heal|p1a: Umbreon|93\/100|[from] item: Leftovers\n|-damage|p1a: Umbreon|81\/100|[from] Leech Seed|[of] p2a: Houndstone\n|-heal|p2a: Houndstone|100\/100 tox|[silent]\n|-damage|p2a: Houndstone|94\/100 tox|[from] psn\n|upkeep\n|turn|31\n|\n|t:|1699375082\n|switch|p2a: Clodsire|Clodsire, M|92\/100\n|move|p1a: Umbreon|Protect||[still]\n|-fail|p1a: Umbreon\n|\n|-heal|p1a: Umbreon|87\/100|[from] item: Leftovers\n|-heal|p2a: Clodsire|98\/100|[from] item: Black Sludge\n|-damage|p1a: Umbreon|75\/100|[from] Leech Seed|[of] p2a: Clodsire\n|-heal|p2a: Clodsire|100\/100|[silent]\n|upkeep\n|turn|32\n|\n|t:|1699375095\n|move|p1a: Umbreon|Wish|p1a: Umbreon\n|move|p2a: Clodsire|Earthquake|p1a: Umbreon\n|-damage|p1a: Umbreon|53\/100\n|\n|-heal|p1a: Umbreon|59\/100|[from] item: Leftovers\n|-damage|p1a: Umbreon|47\/100|[from] Leech Seed|[of] p2a: Clodsire\n|-sideend|p2: livefromfrog|move: Aurora Veil\n|upkeep\n|turn|33\n|\n|t:|1699375102\n|switch|p1a: Hydreigon|Hydreigon, F|53\/100\n|-damage|p1a: Hydreigon|41\/100|[from] Stealth Rock\n|move|p2a: Clodsire|Toxic|p1a: Hydreigon\n|-status|p1a: Hydreigon|tox\n|\n|-heal|p1a: Hydreigon|100\/100 tox|[from] move: Wish|[wisher] Umbreon\n|-damage|p1a: Hydreigon|94\/100 tox|[from] psn\n|upkeep\n|turn|34\n|\n|t:|1699375113\n|move|p1a: Hydreigon|Draco Meteor|p2a: Clodsire\n|-damage|p2a: Clodsire|63\/100\n|-unboost|p1a: Hydreigon|spa|2\n|move|p2a: Clodsire|Earthquake|p1a: Hydreigon\n|-immune|p1a: Hydreigon|[from] ability: Levitate\n|\n|-heal|p2a: Clodsire|69\/100|[from] item: Black Sludge\n|-damage|p1a: Hydreigon|82\/100 tox|[from] psn\n|upkeep\n|turn|35\n|\n|t:|1699375117\n|switch|p1a: Volcarona|Volcarona, M|90\/100\n|move|p2a: Clodsire|Recover|p2a: Clodsire\n|-heal|p2a: Clodsire|100\/100\n|\n|upkeep\n|turn|36\n|\n|t:|1699375119\n|move|p1a: Volcarona|Quiver Dance|p1a: Volcarona\n|-boost|p1a: Volcarona|spa|1\n|-boost|p1a: Volcarona|spd|1\n|-boost|p1a: Volcarona|spe|1\n|move|p2a: Clodsire|Toxic|p1a: Volcarona\n|-status|p1a: Volcarona|tox\n|\n|-damage|p1a: Volcarona|84\/100 tox|[from] psn\n|upkeep\n|turn|37\n|\n|t:|1699375123\n|move|p1a: Volcarona|Quiver Dance|p1a: Volcarona\n|-boost|p1a: Volcarona|spa|1\n|-boost|p1a: Volcarona|spd|1\n|-boost|p1a: Volcarona|spe|1\n|move|p2a: Clodsire|Earthquake|p1a: Volcarona\n|-damage|p1a: Volcarona|58\/100 tox\n|\n|-damage|p1a: Volcarona|46\/100 tox|[from] psn\n|upkeep\n|turn|38\n|\n|t:|1699375125\n|move|p1a: Volcarona|Psychic|p2a: Clodsire\n|-supereffective|p2a: Clodsire\n|-crit|p2a: Clodsire\n|-damage|p2a: Clodsire|58\/100\n|move|p2a: Clodsire|Earthquake|p1a: Volcarona\n|-damage|p1a: Volcarona|23\/100 tox\n|\n|-heal|p2a: Clodsire|64\/100|[from] item: Black Sludge\n|-damage|p1a: Volcarona|5\/100 tox|[from] psn\n|upkeep\n|turn|39\n|\n|t:|1699375128\n|move|p1a: Volcarona|Psychic|p2a: Clodsire\n|-supereffective|p2a: Clodsire\n|-damage|p2a: Clodsire|34\/100\n|move|p2a: Clodsire|Recover|p2a: Clodsire\n|-heal|p2a: Clodsire|85\/100\n|\n|-heal|p2a: Clodsire|91\/100|[from] item: Black Sludge\n|-damage|p1a: Volcarona|0 fnt|[from] psn\n|faint|p1a: Volcarona\n|upkeep\n|-message|inflamedcabbage forfeited.\n|\n|win|livefromfrog\n|l|\u2606inflamedcabbage\n","uploadtime":1699375140,"views":6,"p1id":"inflamedcabbage","p2id":"livefromfrog","formatid":"gen9anythinggoes","rating":0,"private":0,"password":""}