{"id":"gen9anythinggoes-1992047913","p1":"SnappisPappis","p2":"zvbcv","format":"[Gen 9] Anything Goes","log":"|j|\u2606SnappisPappis\n|j|\u2606zvbcv\n|t:|1700150700\n|gametype|singles\n|player|p1|SnappisPappis|riley|1108\n|player|p2|zvbcv|biker-gen4|1088\n|teamsize|p1|6\n|teamsize|p2|6\n|gen|9\n|tier|[Gen 9] Anything Goes\n|rated|\n|rule|HP Percentage Mod: HP is shown in percentages\n|rule|Endless Battle Clause: Forcing endless battles is banned\n|clearpoke\n|poke|p1|Maushold-Four|\n|poke|p1|Flutter Mane|\n|poke|p1|Miraidon|\n|poke|p1|Rabsca, M|\n|poke|p1|Garganacl, F|\n|poke|p1|Houndstone, M|\n|poke|p2|Manaphy|\n|poke|p2|Enamorus, F|\n|poke|p2|Glimmora, F|\n|poke|p2|Ceruledge, M|\n|poke|p2|Sneasler, F|\n|poke|p2|Greninja-*, M|\n|teampreview\n|inactive|Battle timer is ON: inactive players will automatically lose when time's up. (requested by zvbcv)\n|\n|t:|1700150709\n|start\n|switch|p1a: Maushold|Maushold-Four|100\/100\n|switch|p2a: Ninja|Sneasler, F, shiny|100\/100\n|turn|1\n|\n|t:|1700150714\n|move|p1a: Maushold|Population Bomb|p2a: Ninja\n|-damage|p2a: Ninja|81\/100\n|-damage|p2a: Ninja|62\/100\n|-damage|p2a: Ninja|45\/100\n|-damage|p2a: Ninja|27\/100\n|-damage|p2a: Ninja|7\/100\n|-damage|p2a: Ninja|0 fnt\n|faint|p2a: Ninja\n|-hitcount|p2: Ninja|6\n|\n|upkeep\n|\n|t:|1700150719\n|switch|p2a: Ceruledge|Ceruledge, M|100\/100\n|turn|2\n|\n|t:|1700150732\n|switch|p1a: Flutter Mane|Flutter Mane, shiny|100\/100\n|move|p2a: Ceruledge|Bitter Blade|p1a: Flutter Mane\n|-damage|p1a: Flutter Mane|0 fnt\n|faint|p1a: Flutter Mane\n|-end|p1a: Flutter Mane|Protosynthesis|[silent]\n|-damage|p2a: Ceruledge|91\/100|[from] item: Life Orb\n|\n|upkeep\n|\n|t:|1700150739\n|switch|p1a: Maushold|Maushold-Four|100\/100\n|turn|3\n|\n|t:|1700150754\n|switch|p1a: SSSReplacement|Garganacl, F, shiny|100\/100\n|move|p2a: Ceruledge|Close Combat|p1a: SSSReplacement\n|-supereffective|p1a: SSSReplacement\n|-damage|p1a: SSSReplacement|34\/100\n|-unboost|p2a: Ceruledge|def|1\n|-unboost|p2a: Ceruledge|spd|1\n|-damage|p2a: Ceruledge|81\/100|[from] item: Life Orb\n|\n|-heal|p1a: SSSReplacement|40\/100|[from] item: Leftovers\n|upkeep\n|turn|4\n|\n|t:|1700150760\n|-terastallize|p1a: SSSReplacement|Fairy\n|move|p2a: Ceruledge|Bitter Blade|p1a: SSSReplacement\n|-damage|p1a: SSSReplacement|0 fnt\n|-heal|p2a: Ceruledge|100\/100|[from] drain|[of] p1a: SSSReplacement\n|faint|p1a: SSSReplacement\n|-damage|p2a: Ceruledge|91\/100|[from] item: Life Orb\n|\n|upkeep\n|\n|t:|1700150767\n|switch|p1a: DeMarco|Miraidon|100\/100\n|-fieldstart|move: Electric Terrain|[from] ability: Hadron Engine|[of] p1a: DeMarco\n|turn|5\n|\n|t:|1700150774\n|move|p1a: DeMarco|Electro Drift|p2a: Ceruledge\n|-damage|p2a: Ceruledge|0 fnt\n|faint|p2a: Ceruledge\n|\n|upkeep\n|\n|t:|1700150781\n|switch|p2a: Idk|Glimmora, F, shiny|100\/100\n|turn|6\n|\n|t:|1700150783\n|switch|p1a: Rabsca|Rabsca, M, shiny|100\/100\n|move|p2a: Idk|Ancient Power|p1a: Rabsca\n|-supereffective|p1a: Rabsca\n|-damage|p1a: Rabsca|45\/100\n|\n|upkeep\n|turn|7\n|\n|t:|1700150791\n|move|p2a: Idk|Ancient Power|p1a: Rabsca\n|-supereffective|p1a: Rabsca\n|-damage|p1a: Rabsca|0 fnt\n|faint|p1a: Rabsca\n|\n|upkeep\n|\n|t:|1700150797\n|switch|p1a: Maushold|Maushold-Four|100\/100\n|turn|8\n|\n|t:|1700150801\n|move|p1a: Maushold|Tidy Up|p1a: Maushold\n|-boost|p1a: Maushold|atk|1\n|-boost|p1a: Maushold|spe|1\n|move|p2a: Idk|Ancient Power|p1a: Maushold\n|-damage|p1a: Maushold|55\/100\n|\n|upkeep\n|turn|9\n|\n|t:|1700150809\n|move|p1a: Maushold|Tidy Up|p1a: Maushold\n|-boost|p1a: Maushold|atk|1\n|-boost|p1a: Maushold|spe|1\n|move|p2a: Idk|Ancient Power|p1a: Maushold\n|-damage|p1a: Maushold|11\/100\n|\n|-fieldend|move: Electric Terrain\n|upkeep\n|turn|10\n|\n|t:|1700150814\n|move|p1a: Maushold|Baton Pass|p1a: Maushold\n|\n|t:|1700150816\n|switch|p1a: Houndstone|Houndstone, M|100\/100|[from] Baton Pass\n|move|p2a: Idk|Ancient Power|p1a: Houndstone\n|-damage|p1a: Houndstone|81\/100\n|\n|upkeep\n|turn|11\n|\n|t:|1700150820\n|move|p1a: Houndstone|Last Respects|p2a: Idk\n|-damage|p2a: Idk|0 fnt\n|-activate|p2a: Idk|ability: Toxic Debris\n|-sidestart|p1: SnappisPappis|move: Toxic Spikes\n|faint|p2a: Idk\n|\n|upkeep\n|\n|t:|1700150823\n|switch|p2a: Dark frog|Greninja, M|100\/100\n|turn|12\n|\n|t:|1700150827\n|move|p1a: Houndstone|Last Respects|p2a: Dark frog\n|-resisted|p2a: Dark frog\n|-damage|p2a: Dark frog|0 fnt\n|faint|p2a: Dark frog\n|\n|upkeep\n|inactive|zvbcv has 120 seconds left.\n|inactive|zvbcv has 90 seconds left.\n|\n|t:|1700150901\n|switch|p2a: Blue blob|Manaphy, shiny|100\/100\n|turn|13\n|\n|t:|1700150904\n|move|p1a: Houndstone|Last Respects|p2a: Blue blob\n|-damage|p2a: Blue blob|0 fnt\n|faint|p2a: Blue blob\n|\n|upkeep\n|inactive|zvbcv has 90 seconds left.\n|\n|t:|1700150915\n|switch|p2a: Pink cloud|Enamorus, F, shiny|100\/100\n|turn|14\n|\n|t:|1700150919\n|move|p1a: Houndstone|Last Respects|p2a: Pink cloud\n|-damage|p2a: Pink cloud|0 fnt\n|faint|p2a: Pink cloud\n|\n|win|SnappisPappis\n|raw|SnappisPappis's rating: 1108 &rarr; <strong>1132<\/strong><br \/>(+24 for winning)\n|raw|zvbcv's rating: 1088 &rarr; <strong>1066<\/strong><br \/>(-22 for losing)\n","uploadtime":1700150922,"views":5,"p1id":"snappispappis","p2id":"zvbcv","formatid":"gen9anythinggoes","rating":1066,"private":0,"password":""}