{"id":"gen9anythinggoes-1976721127","p1":"MichaeltheMink","p2":"The_beastgod12","format":"[Gen 9] Anything Goes","log":"|j|\u2606MichaeltheMink\n|j|\u203dThe_beastgod12\n|t:|1698336084\n|gametype|singles\n|player|p1|MichaeltheMink|266|\n|player|p2|The_beastgod12|hilbert|\n|teamsize|p1|6\n|teamsize|p2|6\n|gen|9\n|tier|[Gen 9] Anything Goes\n|rule|HP Percentage Mod: HP is shown in percentages\n|rule|Endless Battle Clause: Forcing endless battles is banned\n|clearpoke\n|poke|p1|Orthworm, F|\n|poke|p1|Slither Wing|\n|poke|p1|Azumarill, F|\n|poke|p1|Donphan, F|\n|poke|p1|Gyarados, M|\n|poke|p1|Muk-Alola, M|\n|poke|p2|Gardevoir, F|\n|poke|p2|Zapdos-Galar|\n|poke|p2|Kleavor, M|\n|poke|p2|Ceruledge, M|\n|poke|p2|Landorus-Therian, M|\n|poke|p2|Zoroark-Hisui, M|\n|teampreview\n|\n|t:|1698336106\n|start\n|switch|p1a: Slither Wing|Slither Wing|100\/100\n|switch|p2a: Kleavor|Kleavor, M, shiny|100\/100\n|turn|1\n|\n|t:|1698336138\n|move|p1a: Slither Wing|Close Combat|p2a: Kleavor\n|-damage|p2a: Kleavor|44\/100\n|-unboost|p1a: Slither Wing|def|1\n|-unboost|p1a: Slither Wing|spd|1\n|move|p2a: Kleavor|Stone Axe|p1a: Slither Wing\n|-crit|p1a: Slither Wing\n|-damage|p1a: Slither Wing|0 fnt\n|-sidestart|p1: MichaeltheMink|move: Stealth Rock\n|faint|p1a: Slither Wing\n|-end|p1a: Slither Wing|Protosynthesis|[silent]\n|\n|upkeep\n|\n|t:|1698336153\n|switch|p1a: Gyarados|Gyarados, M|100\/100\n|-damage|p1a: Gyarados|76\/100|[from] Stealth Rock\n|-ability|p1a: Gyarados|Intimidate|boost\n|-unboost|p2a: Kleavor|atk|1\n|turn|2\n|\n|t:|1698336161\n|move|p1a: Gyarados|Waterfall|p2a: Kleavor\n|-supereffective|p2a: Kleavor\n|-damage|p2a: Kleavor|0 fnt\n|faint|p2a: Kleavor\n|-damage|p1a: Gyarados|66\/100|[from] item: Life Orb\n|\n|upkeep\n|\n|t:|1698336190\n|switch|p2a: Landorus|Landorus-Therian, M|100\/100\n|turn|3\n|\n|t:|1698336198\n|move|p2a: Landorus|Bitter Malice|p1a: Gyarados\n|-damage|p1a: Gyarados|28\/100\n|-unboost|p1a: Gyarados|atk|1\n|move|p1a: Gyarados|Dragon Dance|p1a: Gyarados\n|-boost|p1a: Gyarados|atk|1\n|-boost|p1a: Gyarados|spe|1\n|\n|upkeep\n|turn|4\n|\n|t:|1698336211\n|move|p1a: Gyarados|Waterfall|p2a: Landorus\n|-enditem|p2a: Landorus|Focus Sash\n|-damage|p2a: Landorus|1\/100\n|replace|p2a: Zoroark|Zoroark-Hisui, M, shiny\n|-end|p2a: Zoroark|Illusion\n|-damage|p1a: Gyarados|18\/100|[from] item: Life Orb\n|cant|p2a: Zoroark|flinch\n|\n|upkeep\n|turn|5\n|\n|t:|1698336220\n|move|p1a: Gyarados|Waterfall|p2a: Zoroark\n|-damage|p2a: Zoroark|0 fnt\n|faint|p2a: Zoroark\n|-damage|p1a: Gyarados|8\/100|[from] item: Life Orb\n|\n|upkeep\n|\n|t:|1698336226\n|switch|p2a: Zapdos|Zapdos-Galar, shiny|100\/100\n|turn|6\n|\n|t:|1698336236\n|move|p2a: Zapdos|U-turn|p1a: Gyarados\n|-resisted|p1a: Gyarados\n|-damage|p1a: Gyarados|0 fnt\n|faint|p1a: Gyarados\n|\n|t:|1698336252\n|switch|p2a: Landorus|Landorus-Therian, M|100\/100|[from] U-turn\n|\n|upkeep\n|\n|t:|1698336263\n|switch|p1a: Orthworm|Orthworm, F|100\/100\n|-damage|p1a: Orthworm|94\/100|[from] Stealth Rock\n|turn|7\n|\n|t:|1698336270\n|move|p2a: Landorus|Bulk Up|p2a: Landorus\n|-boost|p2a: Landorus|atk|1\n|-boost|p2a: Landorus|def|1\n|move|p1a: Orthworm|Shed Tail|p1a: Orthworm\n|-start|p1a: Orthworm|Substitute|[from] move: Shed Tail\n|-damage|p1a: Orthworm|44\/100\n|\n|t:|1698336277\n|switch|p1a: Azumarill|Azumarill, F|100\/100|[from] Shed Tail\n|-damage|p1a: Azumarill|88\/100|[from] Stealth Rock\n|\n|upkeep\n|turn|8\n|\n|t:|1698336283\n|move|p2a: Landorus|Earthquake|p1a: Azumarill\n|-crit|p1a: Azumarill\n|-end|p1a: Azumarill|Substitute\n|move|p1a: Azumarill|Belly Drum|p1a: Azumarill\n|-damage|p1a: Azumarill|38\/100\n|-setboost|p1a: Azumarill|atk|6|[from] move: Belly Drum\n|-enditem|p1a: Azumarill|Sitrus Berry|[eat]\n|-heal|p1a: Azumarill|63\/100|[from] item: Sitrus Berry\n|\n|upkeep\n|turn|9\n|\n|t:|1698336293\n|move|p1a: Azumarill|Aqua Jet|p2a: Landorus\n|-supereffective|p2a: Landorus\n|-damage|p2a: Landorus|0 fnt\n|-damage|p1a: Azumarill|46\/100|[from] item: Rocky Helmet|[of] p2a: Landorus\n|faint|p2a: Landorus\n|\n|upkeep\n|\n|t:|1698336309\n|switch|p2a: Zapdos|Zapdos-Galar, shiny|100\/100\n|turn|10\n|\n|t:|1698336313\n|move|p1a: Azumarill|Aqua Jet|p2a: Zapdos\n|-damage|p2a: Zapdos|0 fnt\n|faint|p2a: Zapdos\n|\n|upkeep\n|\n|t:|1698336317\n|switch|p2a: Ceruledge|Ceruledge, M, shiny|100\/100\n|turn|11\n|\n|t:|1698336323\n|move|p1a: Azumarill|Aqua Jet|p2a: Ceruledge\n|-supereffective|p2a: Ceruledge\n|-enditem|p2a: Ceruledge|Focus Sash\n|-damage|p2a: Ceruledge|1\/100\n|-ability|p2a: Ceruledge|Weak Armor|boost\n|-unboost|p2a: Ceruledge|def|1\n|-boost|p2a: Ceruledge|spe|2\n|move|p2a: Ceruledge|Poltergeist||[still]\n|-fail|p2a: Ceruledge\n|\n|upkeep\n|turn|12\n|\n|t:|1698336335\n|move|p1a: Azumarill|Aqua Jet|p2a: Ceruledge\n|-supereffective|p2a: Ceruledge\n|-damage|p2a: Ceruledge|0 fnt\n|faint|p2a: Ceruledge\n|\n|upkeep\n|\n|t:|1698336337\n|switch|p2a: Gardevoir|Gardevoir, F, shiny|100\/100\n|-ability|p2a: Gardevoir|Huge Power|[from] ability: Trace|[of] p1a: Azumarill\n|turn|13\n|\n|t:|1698336344\n|-terastallize|p2a: Gardevoir|Water\n|move|p1a: Azumarill|Aqua Jet|p2a: Gardevoir\n|-resisted|p2a: Gardevoir\n|-damage|p2a: Gardevoir|28\/100\n|move|p2a: Gardevoir|Psychic|p1a: Azumarill\n|-crit|p1a: Azumarill\n|-damage|p1a: Azumarill|0 fnt\n|faint|p1a: Azumarill\n|\n|-heal|p2a: Gardevoir|35\/100|[from] item: Leftovers\n|upkeep\n|\n|t:|1698336372\n|switch|p1a: Muk|Muk-Alola, M|100\/100\n|-damage|p1a: Muk|88\/100|[from] Stealth Rock\n|turn|14\n|\n|t:|1698336377\n|-terastallize|p1a: Muk|Fairy\n|move|p2a: Gardevoir|Draining Kiss|p1a: Muk\n|-damage|p1a: Muk|65\/100\n|-heal|p2a: Gardevoir|56\/100|[from] drain|[of] p1a: Muk\n|move|p1a: Muk|Poison Jab|p2a: Gardevoir\n|-damage|p2a: Gardevoir|11\/100\n|\n|-heal|p2a: Gardevoir|18\/100|[from] item: Leftovers\n|-damage|p1a: Muk|53\/100|[from] item: Black Sludge\n|upkeep\n|turn|15\n|\n|t:|1698336389\n|move|p2a: Gardevoir|Draining Kiss|p1a: Muk\n|-damage|p1a: Muk|28\/100\n|-heal|p2a: Gardevoir|40\/100|[from] drain|[of] p1a: Muk\n|move|p1a: Muk|Poison Jab|p2a: Gardevoir\n|-damage|p2a: Gardevoir|0 fnt\n|faint|p2a: Gardevoir\n|\n|win|MichaeltheMink\n|l|\u203dThe_beastgod12\n|j|\u203dThe_beastgod12\n|player|p2|The_beastgod12|hilbert\n","uploadtime":1698336399,"views":18,"p1id":"michaelthemink","p2id":"thebeastgod12","formatid":"gen9anythinggoes","rating":0,"private":0,"password":""}