{"id":"gen9anythinggoes-1999675002","p1":"XiroHiganeYT","p2":"KingOfTheMinnish","format":"[Gen 9] Anything Goes","log":"|j|\u2606XiroHiganeYT\n|j|\u2606KingOfTheMinnish\n|t:|1701106774\n|gametype|singles\n|player|p1|XiroHiganeYT|red|1128\n|player|p2|KingOfTheMinnish|1|1258\n|teamsize|p1|6\n|teamsize|p2|6\n|gen|9\n|tier|[Gen 9] Anything Goes\n|rated|\n|rule|HP Percentage Mod: HP is shown in percentages\n|rule|Endless Battle Clause: Forcing endless battles is banned\n|clearpoke\n|poke|p1|Calyrex-Shadow|\n|poke|p1|Toedscruel, F|\n|poke|p1|Hatterene, F|\n|poke|p1|Sudowoodo, M|\n|poke|p1|Avalugg-Hisui, M|\n|poke|p1|Great Tusk|\n|poke|p2|Maushold-Four|\n|poke|p2|Flutter Mane|\n|poke|p2|Miraidon|\n|poke|p2|Rabsca, M|\n|poke|p2|Garganacl, F|\n|poke|p2|Houndstone, M|\n|teampreview\n|\n|t:|1701106798\n|start\n|switch|p1a: Sudowoodo|Sudowoodo, M, shiny|100\/100\n|switch|p2a: Maushold|Maushold-Four|100\/100\n|turn|1\n|\n|t:|1701106811\n|move|p2a: Maushold|Tidy Up|p2a: Maushold\n|-boost|p2a: Maushold|atk|1\n|-boost|p2a: Maushold|spe|1\n|move|p1a: Sudowoodo|Head Smash|p2a: Maushold\n|-damage|p2a: Maushold|0 fnt\n|faint|p2a: Maushold\n|\n|upkeep\n|\n|t:|1701106828\n|switch|p2a: DeMarco|Miraidon|100\/100\n|-fieldstart|move: Electric Terrain|[from] ability: Hadron Engine|[of] p2a: DeMarco\n|turn|2\n|\n|t:|1701106833\n|move|p1a: Sudowoodo|Sucker Punch|p2a: DeMarco\n|-damage|p2a: DeMarco|76\/100\n|move|p2a: DeMarco|Flash Cannon|p1a: Sudowoodo\n|-supereffective|p1a: Sudowoodo\n|-damage|p1a: Sudowoodo|0 fnt\n|faint|p1a: Sudowoodo\n|\n|upkeep\n|\n|t:|1701106842\n|switch|p1a: Toedscruel|Toedscruel, F, shiny|100\/100\n|turn|3\n|\n|t:|1701106847\n|move|p2a: DeMarco|Dragon Pulse|p1a: Toedscruel\n|-damage|p1a: Toedscruel|39\/100\n|move|p1a: Toedscruel|Earth Power|p2a: DeMarco\n|-supereffective|p2a: DeMarco\n|-damage|p2a: DeMarco|34\/100\n|\n|upkeep\n|turn|4\n|\n|t:|1701106856\n|switch|p1a: Hatterene|Hatterene, F|100\/100\n|move|p2a: DeMarco|Flash Cannon|p1a: Hatterene\n|-supereffective|p1a: Hatterene\n|-damage|p1a: Hatterene|21\/100\n|\n|upkeep\n|turn|5\n|\n|t:|1701106862\n|switch|p1a: Great Tusk|Great Tusk|100\/100\n|move|p2a: DeMarco|Flash Cannon|p1a: Great Tusk\n|-damage|p1a: Great Tusk|47\/100\n|\n|upkeep\n|turn|6\n|\n|t:|1701106871\n|move|p2a: DeMarco|Dragon Pulse|p1a: Great Tusk\n|-damage|p1a: Great Tusk|0 fnt\n|faint|p1a: Great Tusk\n|-end|p1a: Great Tusk|Protosynthesis|[silent]\n|\n|-fieldend|move: Electric Terrain\n|upkeep\n|inactive|Battle timer is ON: inactive players will automatically lose when time's up. (requested by KingOfTheMinnish)\n|\n|t:|1701106877\n|switch|p1a: Avalugg|Avalugg-Hisui, M, shiny|100\/100\n|turn|7\n|\n|t:|1701106894\n|move|p2a: DeMarco|Flash Cannon|p1a: Avalugg\n|-supereffective|p1a: Avalugg\n|-damage|p1a: Avalugg|0 fnt\n|faint|p1a: Avalugg\n|\n|upkeep\n|\n|t:|1701106900\n|switch|p1a: Toedscruel|Toedscruel, F, shiny|39\/100\n|turn|8\n|\n|t:|1701106908\n|move|p2a: DeMarco|Dragon Pulse|p1a: Toedscruel\n|-damage|p1a: Toedscruel|0 fnt\n|faint|p1a: Toedscruel\n|\n|upkeep\n|\n|t:|1701106911\n|switch|p1a: Hatterene|Hatterene, F|21\/100\n|turn|9\n|\n|t:|1701106918\n|-terastallize|p1a: Hatterene|Psychic\n|move|p2a: DeMarco|Flash Cannon|p1a: Hatterene\n|-damage|p1a: Hatterene|0 fnt\n|faint|p1a: Hatterene\n|\n|upkeep\n|\n|t:|1701106921\n|switch|p1a: Calyrex|Calyrex-Shadow|100\/100\n|-ability|p1a: Calyrex|As One\n|-ability|p1a: Calyrex|Unnerve\n|turn|10\n|\n|t:|1701106932\n|switch|p2a: SSSReplacement|Garganacl, F, shiny|100\/100\n|move|p1a: Calyrex|Draining Kiss|p2a: SSSReplacement\n|-damage|p2a: SSSReplacement|86\/100\n|\n|-heal|p2a: SSSReplacement|92\/100|[from] item: Leftovers\n|upkeep\n|turn|11\n|\n|t:|1701106937\n|move|p1a: Calyrex|Giga Drain|p2a: SSSReplacement\n|-supereffective|p2a: SSSReplacement\n|-damage|p2a: SSSReplacement|53\/100\n|move|p2a: SSSReplacement|Salt Cure|p1a: Calyrex\n|-damage|p1a: Calyrex|83\/100\n|-start|p1a: Calyrex|Salt Cure\n|\n|-heal|p2a: SSSReplacement|59\/100|[from] item: Leftovers\n|-damage|p1a: Calyrex|70\/100|[from] Salt Cure\n|upkeep\n|turn|12\n|\n|t:|1701106940\n|-terastallize|p2a: SSSReplacement|Fairy\n|move|p1a: Calyrex|Giga Drain|p2a: SSSReplacement\n|-damage|p2a: SSSReplacement|39\/100\n|-heal|p1a: Calyrex|82\/100|[from] drain|[of] p2a: SSSReplacement\n|move|p2a: SSSReplacement|Salt Cure|p1a: Calyrex\n|-damage|p1a: Calyrex|66\/100\n|\n|-heal|p2a: SSSReplacement|45\/100|[from] item: Leftovers\n|-damage|p1a: Calyrex|54\/100|[from] Salt Cure\n|upkeep\n|turn|13\n|\n|t:|1701106946\n|move|p1a: Calyrex|Astral Barrage|p2a: SSSReplacement\n|-damage|p2a: SSSReplacement|20\/100\n|move|p2a: SSSReplacement|Recover|p2a: SSSReplacement\n|-heal|p2a: SSSReplacement|70\/100\n|\n|-heal|p2a: SSSReplacement|76\/100|[from] item: Leftovers\n|-damage|p1a: Calyrex|41\/100|[from] Salt Cure\n|upkeep\n|turn|14\n|\n|t:|1701106951\n|move|p1a: Calyrex|Astral Barrage|p2a: SSSReplacement\n|-damage|p2a: SSSReplacement|53\/100\n|move|p2a: SSSReplacement|Recover|p2a: SSSReplacement\n|-heal|p2a: SSSReplacement|100\/100\n|\n|-damage|p1a: Calyrex|29\/100|[from] Salt Cure\n|upkeep\n|turn|15\n|\n|t:|1701106954\n|move|p1a: Calyrex|Astral Barrage|p2a: SSSReplacement\n|-damage|p2a: SSSReplacement|75\/100\n|move|p2a: SSSReplacement|Salt Cure|p1a: Calyrex\n|-damage|p1a: Calyrex|13\/100\n|\n|-heal|p2a: SSSReplacement|81\/100|[from] item: Leftovers\n|-damage|p1a: Calyrex|0 fnt|[from] Salt Cure\n|faint|p1a: Calyrex\n|\n|win|KingOfTheMinnish\n|upkeep\n|raw|XiroHiganeYT's rating: 1128 &rarr; <strong>1112<\/strong><br \/>(-16 for losing)\n|raw|KingOfTheMinnish's rating: 1258 &rarr; <strong>1274<\/strong><br \/>(+16 for winning)\n|l|\u2606XiroHiganeYT\n","uploadtime":1701106958,"views":0,"p1id":"xirohiganeyt","p2id":"kingoftheminnish","formatid":"gen9anythinggoes","rating":1112,"private":0,"password":""}