{"id":"gen9anythinggoes-1978793807","p1":"Nylot","p2":"Terra_Spectrum8293","format":"[Gen 9] Anything Goes","log":"|j|\u2606Nylot\n|j|\u2606Terra_Spectrum8293\n|t:|1698595981\n|gametype|singles\n|player|p1|Nylot|266|1092\n|player|p2|Terra_Spectrum8293|nessa|1160\n|teamsize|p1|6\n|teamsize|p2|6\n|gen|9\n|tier|[Gen 9] Anything Goes\n|rated|\n|rule|HP Percentage Mod: HP is shown in percentages\n|rule|Endless Battle Clause: Forcing endless battles is banned\n|clearpoke\n|poke|p1|Tsareena, F|\n|poke|p1|Flapple, F|\n|poke|p1|Iron Moth|\n|poke|p1|Mew|\n|poke|p1|Polteageist|\n|poke|p1|Cinderace, F|\n|poke|p2|Dondozo, M|\n|poke|p2|Zacian-*|\n|poke|p2|Polteageist|\n|poke|p2|Salamence, F|\n|poke|p2|Scizor, M|\n|poke|p2|Maushold-Four|\n|teampreview\n|inactive|Battle timer is ON: inactive players will automatically lose when time's up. (requested by Terra_Spectrum8293)\n|\n|t:|1698595997\n|start\n|switch|p1a: Mew|Mew|100\/100\n|switch|p2a: Whale|Dondozo, M|100\/100\n|turn|1\n|\n|t:|1698596008\n|move|p1a: Mew|Reflect|p1a: Mew\n|-sidestart|p1: Nylot|Reflect\n|move|p2a: Whale|Curse|p2a: Whale\n|-unboost|p2a: Whale|spe|1\n|-boost|p2a: Whale|atk|1\n|-boost|p2a: Whale|def|1\n|\n|upkeep\n|turn|2\n|\n|t:|1698596014\n|move|p1a: Mew|Stealth Rock|p2a: Whale\n|-sidestart|p2: Terra_Spectrum8293|move: Stealth Rock\n|move|p2a: Whale|Curse|p2a: Whale\n|-unboost|p2a: Whale|spe|1\n|-boost|p2a: Whale|atk|1\n|-boost|p2a: Whale|def|1\n|\n|upkeep\n|turn|3\n|\n|t:|1698596021\n|move|p1a: Mew|Light Screen|p1a: Mew\n|-sidestart|p1: Nylot|move: Light Screen\n|move|p2a: Whale|Curse|p2a: Whale\n|-unboost|p2a: Whale|spe|1\n|-boost|p2a: Whale|atk|1\n|-boost|p2a: Whale|def|1\n|\n|upkeep\n|turn|4\n|\n|t:|1698596026\n|move|p1a: Mew|Foul Play|p2a: Whale\n|-damage|p2a: Whale|94\/100\n|move|p2a: Whale|Curse|p2a: Whale\n|-unboost|p2a: Whale|spe|1\n|-boost|p2a: Whale|atk|1\n|-boost|p2a: Whale|def|1\n|\n|-heal|p2a: Whale|99\/100|[from] item: Leftovers\n|upkeep\n|turn|5\n|\n|t:|1698596051\n|move|p1a: Mew|Foul Play|p2a: Whale\n|-damage|p2a: Whale|94\/100\n|move|p2a: Whale|Avalanche|p1a: Mew\n|-damage|p1a: Mew|55\/100\n|\n|-heal|p2a: Whale|99\/100|[from] item: Leftovers\n|upkeep\n|turn|6\n|\n|t:|1698596060\n|move|p1a: Mew|Foul Play|p2a: Whale\n|-damage|p2a: Whale|94\/100\n|move|p2a: Whale|Earthquake|p1a: Mew\n|-damage|p1a: Mew|17\/100\n|\n|-heal|p2a: Whale|99\/100|[from] item: Leftovers\n|upkeep\n|turn|7\n|\n|t:|1698596068\n|move|p1a: Mew|Foul Play|p2a: Whale\n|-damage|p2a: Whale|93\/100\n|move|p2a: Whale|Avalanche|p1a: Mew\n|-damage|p1a: Mew|0 fnt\n|faint|p1a: Mew\n|\n|-heal|p2a: Whale|99\/100|[from] item: Leftovers\n|upkeep\n|\n|t:|1698596072\n|switch|p1a: Polteageist|Polteageist|100\/100\n|turn|8\n|\n|t:|1698596081\n|move|p1a: Polteageist|Shell Smash|p1a: Polteageist\n|-unboost|p1a: Polteageist|def|1\n|-unboost|p1a: Polteageist|spd|1\n|-boost|p1a: Polteageist|atk|2\n|-boost|p1a: Polteageist|spa|2\n|-boost|p1a: Polteageist|spe|2\n|move|p2a: Whale|Wave Crash|p1a: Polteageist\n|-enditem|p1a: Polteageist|Focus Sash\n|-damage|p1a: Polteageist|1\/100\n|-ability|p1a: Polteageist|Weak Armor|boost\n|-unboost|p1a: Polteageist|def|1\n|-boost|p1a: Polteageist|spe|2\n|-damage|p2a: Whale|82\/100|[from] Recoil\n|\n|-heal|p2a: Whale|88\/100|[from] item: Leftovers\n|-sideend|p1: Nylot|Reflect\n|upkeep\n|turn|9\n|\n|t:|1698596095\n|move|p1a: Polteageist|Giga Drain|p2a: Whale\n|-supereffective|p2a: Whale\n|-crit|p2a: Whale\n|-damage|p2a: Whale|9\/100\n|-heal|p1a: Polteageist|77\/100|[from] drain|[of] p2a: Whale\n|move|p2a: Whale|Avalanche|p1a: Polteageist\n|-crit|p1a: Polteageist\n|-damage|p1a: Polteageist|0 fnt\n|faint|p1a: Polteageist\n|\n|-heal|p2a: Whale|16\/100|[from] item: Leftovers\n|upkeep\n|\n|t:|1698596108\n|switch|p1a: Cinderace|Cinderace, F|100\/100\n|turn|10\n|\n|t:|1698596116\n|move|p1a: Cinderace|U-turn|p2a: Whale\n|-start|p1a: Cinderace|typechange|Bug|[from] ability: Libero\n|-damage|p2a: Whale|8\/100\n|\n|t:|1698596126\n|switch|p1a: Tsareena|Tsareena, F|100\/100|[from] U-turn\n|move|p2a: Whale|Wave Crash|p1a: Tsareena\n|-resisted|p1a: Tsareena\n|-damage|p1a: Tsareena|20\/100\n|-damage|p2a: Whale|0 fnt|[from] Recoil\n|faint|p2a: Whale\n|\n|-sideend|p1: Nylot|move: Light Screen\n|upkeep\n|\n|t:|1698596137\n|switch|p2a: Some mice|Maushold-Four|100\/100\n|turn|11\n|\n|t:|1698596148\n|move|p2a: Some mice|Tidy Up|p2a: Some mice\n|-sideend|p2: Terra_Spectrum8293|Stealth Rock\n|-activate|p2a: Some mice|move: Tidy Up\n|-boost|p2a: Some mice|atk|1\n|-boost|p2a: Some mice|spe|1\n|move|p1a: Tsareena|Knock Off|p2a: Some mice\n|-damage|p2a: Some mice|41\/100\n|-enditem|p2a: Some mice|Heavy-Duty Boots|[from] move: Knock Off|[of] p1a: Tsareena\n|\n|upkeep\n|turn|12\n|\n|t:|1698596158\n|move|p2a: Some mice|Population Bomb|p1a: Tsareena\n|-damage|p1a: Tsareena|5\/100\n|-damage|p1a: Tsareena|0 fnt\n|faint|p1a: Tsareena\n|-hitcount|p1: Tsareena|2\n|\n|upkeep\n|\n|t:|1698596176\n|switch|p1a: Cinderace|Cinderace, F|100\/100\n|turn|13\n|\n|t:|1698596182\n|move|p1a: Cinderace|High Jump Kick|p2a: Some mice\n|-start|p1a: Cinderace|typechange|Fighting|[from] ability: Libero\n|-supereffective|p2a: Some mice\n|-damage|p2a: Some mice|0 fnt\n|faint|p2a: Some mice\n|\n|upkeep\n|\n|t:|1698596189\n|switch|p2a: Dino|Salamence, F, shiny|100\/100\n|turn|14\n|\n|t:|1698596201\n|switch|p1a: Iron Moth|Iron Moth|100\/100\n|move|p2a: Dino|Dragon Dance|p2a: Dino\n|-boost|p2a: Dino|atk|1\n|-boost|p2a: Dino|spe|1\n|\n|upkeep\n|turn|15\n|\n|t:|1698596220\n|move|p2a: Dino|Earthquake|p1a: Iron Moth\n|-supereffective|p1a: Iron Moth\n|-damage|p1a: Iron Moth|0 fnt\n|faint|p1a: Iron Moth\n|-end|p1a: Iron Moth|Quark Drive|[silent]\n|-ability|p2a: Dino|Moxie|boost\n|-boost|p2a: Dino|atk|1\n|\n|upkeep\n|\n|t:|1698596223\n|switch|p1a: Flapple|Flapple, F|100\/100\n|turn|16\n|\n|t:|1698596230\n|-terastallize|p2a: Dino|Fire\n|move|p1a: Flapple|Sucker Punch|p2a: Dino\n|-damage|p2a: Dino|57\/100\n|move|p2a: Dino|Outrage|p1a: Flapple\n|-supereffective|p1a: Flapple\n|-enditem|p1a: Flapple|Focus Sash\n|-damage|p1a: Flapple|1\/100\n|\n|upkeep\n|turn|17\n|\n|t:|1698596238\n|move|p1a: Flapple|Sucker Punch|p2a: Dino|[miss]\n|-miss|p1a: Flapple|p2a: Dino\n|move|p2a: Dino|Outrage|p1a: Flapple|[from]lockedmove\n|-supereffective|p1a: Flapple\n|-damage|p1a: Flapple|0 fnt\n|faint|p1a: Flapple\n|-ability|p2a: Dino|Moxie|boost\n|-boost|p2a: Dino|atk|1\n|-start|p2a: Dino|confusion|[fatigue]\n|-enditem|p2a: Dino|Lum Berry|[eat]\n|-end|p2a: Dino|confusion\n|\n|upkeep\n|\n|t:|1698596241\n|switch|p1a: Cinderace|Cinderace, F|100\/100\n|turn|18\n|\n|t:|1698596251\n|-terastallize|p1a: Cinderace|Fire\n|move|p1a: Cinderace|Pyro Ball|p2a: Dino\n|-resisted|p2a: Dino\n|-damage|p2a: Dino|10\/100\n|move|p2a: Dino|Earthquake|p1a: Cinderace\n|-supereffective|p1a: Cinderace\n|-damage|p1a: Cinderace|0 fnt\n|faint|p1a: Cinderace\n|\n|win|Terra_Spectrum8293\n|raw|Nylot's rating: 1092 &rarr; <strong>1073<\/strong><br \/>(-19 for losing)\n|raw|Terra_Spectrum8293's rating: 1160 &rarr; <strong>1180<\/strong><br \/>(+20 for winning)\n|l|\u2606Nylot\n","uploadtime":1698596266,"views":7,"p1id":"nylot","p2id":"terraspectrum8293","formatid":"gen9anythinggoes","rating":1073,"private":0,"password":""}