{"id":"gen9anythinggoes-1979099069","p1":"superkittyhawk","p2":"RogerJoseph26","format":"[Gen 9] Anything Goes","log":"|j|\u2606superkittyhawk\n|j|\u2606RogerJoseph26\n|t:|1698632032\n|gametype|singles\n|player|p1|superkittyhawk|lenora|1265\n|player|p2|RogerJoseph26|2|1298\n|teamsize|p1|6\n|teamsize|p2|6\n|gen|9\n|tier|[Gen 9] Anything Goes\n|rated|\n|rule|HP Percentage Mod: HP is shown in percentages\n|rule|Endless Battle Clause: Forcing endless battles is banned\n|clearpoke\n|poke|p1|Iron Bundle|\n|poke|p1|Iron Moth|\n|poke|p1|Iron Jugulis|\n|poke|p1|Iron Treads|\n|poke|p1|Iron Valiant|\n|poke|p1|Miraidon|\n|poke|p2|Garchomp, M|\n|poke|p2|Miraidon|\n|poke|p2|Dialga-Origin|\n|poke|p2|Calyrex-Shadow|\n|poke|p2|Palkia-Origin|\n|poke|p2|Eternatus|\n|teampreview\n|inactive|Battle timer is ON: inactive players will automatically lose when time's up. (requested by superkittyhawk)\n|\n|t:|1698632039\n|start\n|switch|p1a: Iron Bundle|Iron Bundle, shiny|100\/100\n|switch|p2a: Miraidon|Miraidon|100\/100\n|-fieldstart|move: Electric Terrain|[from] ability: Hadron Engine|[of] p2a: Miraidon\n|-activate|p1a: Iron Bundle|ability: Quark Drive\n|-start|p1a: Iron Bundle|quarkdrivespe\n|turn|1\n|\n|t:|1698632049\n|move|p1a: Iron Bundle|Ice Beam|p2a: Miraidon\n|-supereffective|p2a: Miraidon\n|-damage|p2a: Miraidon|16\/100\n|move|p2a: Miraidon|Calm Mind|p2a: Miraidon\n|-boost|p2a: Miraidon|spa|1\n|-boost|p2a: Miraidon|spd|1\n|\n|upkeep\n|turn|2\n|\n|t:|1698632056\n|move|p1a: Iron Bundle|Ice Beam|p2a: Miraidon\n|-supereffective|p2a: Miraidon\n|-damage|p2a: Miraidon|0 fnt\n|faint|p2a: Miraidon\n|\n|upkeep\n|\n|t:|1698632064\n|switch|p2a: Eternatus|Eternatus|100\/100\n|-ability|p2a: Eternatus|Pressure\n|turn|3\n|\n|t:|1698632070\n|move|p1a: Iron Bundle|Ice Beam|p2a: Eternatus\n|-supereffective|p2a: Eternatus\n|-damage|p2a: Eternatus|19\/100\n|move|p2a: Eternatus|Flash Cannon|p1a: Iron Bundle\n|-damage|p1a: Iron Bundle|38\/100\n|\n|upkeep\n|turn|4\n|\n|t:|1698632076\n|move|p1a: Iron Bundle|Ice Beam|p2a: Eternatus\n|-supereffective|p2a: Eternatus\n|-damage|p2a: Eternatus|0 fnt\n|faint|p2a: Eternatus\n|\n|upkeep\n|\n|t:|1698632080\n|switch|p2a: Calyrex|Calyrex-Shadow|100\/100\n|-ability|p2a: Calyrex|As One\n|-ability|p2a: Calyrex|Unnerve\n|turn|5\n|\n|t:|1698632093\n|move|p1a: Iron Bundle|Hydro Pump|p2a: Calyrex\n|-damage|p2a: Calyrex|42\/100\n|move|p2a: Calyrex|Astral Barrage|p1a: Iron Bundle\n|-damage|p1a: Iron Bundle|0 fnt\n|faint|p1a: Iron Bundle\n|-end|p1a: Iron Bundle|Quark Drive|[silent]\n|-ability|p2a: Calyrex|Grim Neigh|boost\n|-boost|p2a: Calyrex|spa|1\n|\n|-fieldend|move: Electric Terrain\n|upkeep\n|c|\u2606superkittyhawk|took you long enough\n|\n|t:|1698632111\n|switch|p1a: Iron Jugulis|Iron Jugulis|100\/100\n|-enditem|p1a: Iron Jugulis|Booster Energy\n|-activate|p1a: Iron Jugulis|ability: Quark Drive|[fromitem]\n|-start|p1a: Iron Jugulis|quarkdrivespe\n|turn|6\n|\n|t:|1698632118\n|-terastallize|p2a: Calyrex|Normal\n|move|p1a: Iron Jugulis|Dark Pulse|p2a: Calyrex\n|-damage|p2a: Calyrex|5\/100\n|move|p2a: Calyrex|Calm Mind|p2a: Calyrex\n|-boost|p2a: Calyrex|spa|1\n|-boost|p2a: Calyrex|spd|1\n|\n|upkeep\n|turn|7\n|\n|t:|1698632124\n|move|p1a: Iron Jugulis|Dark Pulse|p2a: Calyrex\n|-damage|p2a: Calyrex|0 fnt\n|faint|p2a: Calyrex\n|\n|upkeep\n|\n|t:|1698632127\n|switch|p2a: Garchomp|Garchomp, M|100\/100\n|turn|8\n|\n|t:|1698632132\n|move|p1a: Iron Jugulis|Dragon Pulse|p2a: Garchomp\n|-supereffective|p2a: Garchomp\n|-damage|p2a: Garchomp|33\/100\n|move|p2a: Garchomp|Swords Dance|p2a: Garchomp\n|-boost|p2a: Garchomp|atk|2\n|\n|upkeep\n|turn|9\n|\n|t:|1698632136\n|move|p1a: Iron Jugulis|Dragon Pulse|p2a: Garchomp\n|-supereffective|p2a: Garchomp\n|-damage|p2a: Garchomp|0 fnt\n|faint|p2a: Garchomp\n|\n|upkeep\n|-message|RogerJoseph26 forfeited.\n|\n|win|superkittyhawk\n|raw|superkittyhawk's rating: 1265 &rarr; <strong>1292<\/strong><br \/>(+27 for winning)\n|raw|RogerJoseph26's rating: 1298 &rarr; <strong>1271<\/strong><br \/>(-27 for losing)\n|l|\u2606RogerJoseph26\n","uploadtime":1698632143,"views":12,"p1id":"superkittyhawk","p2id":"rogerjoseph26","formatid":"gen9anythinggoes","rating":1271,"private":0,"password":""}