{"id":"gen9anythinggoes-1987980435","p1":"RockyJWarrior","p2":"Jacknightdragon","format":"[Gen 9] Anything Goes","log":"|j|\u2606RockyJWarrior\n|j|\u2606Jacknightdragon\n|t:|1699655520\n|gametype|singles\n|player|p1|RockyJWarrior|yellow|1024\n|player|p2|Jacknightdragon|hilbert-wonderlauncher|1000\n|teamsize|p1|6\n|teamsize|p2|6\n|gen|9\n|tier|[Gen 9] Anything Goes\n|rated|\n|rule|HP Percentage Mod: HP is shown in percentages\n|rule|Endless Battle Clause: Forcing endless battles is banned\n|clearpoke\n|poke|p1|Sinistcha|\n|poke|p1|Ninetales, F|\n|poke|p1|Basculegion, M|\n|poke|p1|Vikavolt, F|\n|poke|p1|Dipplin, F|\n|poke|p1|Ursaluna-Bloodmoon, M|\n|poke|p2|Haxorus, F|\n|poke|p2|Zoroark-Hisui, M|\n|poke|p2|Falinks|\n|poke|p2|Clefable, M|\n|poke|p2|Roaring Moon|\n|poke|p2|Torkoal, F|\n|teampreview\n|inactive|Battle timer is ON: inactive players will automatically lose when time's up. (requested by RockyJWarrior)\n|\n|t:|1699655533\n|start\n|switch|p1a: Yasaka|Ninetales, F|100\/100\n|switch|p2a: Torkoal|Torkoal, F|100\/100\n|-weather|SunnyDay|[from] ability: Drought|[of] p1a: Yasaka\n|turn|1\n|\n|t:|1699655541\n|move|p1a: Yasaka|Nasty Plot|p1a: Yasaka\n|-boost|p1a: Yasaka|spa|2\n|move|p2a: Torkoal|Rapid Spin|p1a: Yasaka\n|-damage|p1a: Yasaka|89\/100\n|-boost|p2a: Torkoal|spe|1\n|\n|-weather|SunnyDay|[upkeep]\n|upkeep\n|turn|2\n|\n|t:|1699655555\n|move|p1a: Yasaka|Extrasensory|p2a: Torkoal\n|-damage|p2a: Torkoal|62\/100\n|move|p2a: Torkoal|Clear Smog|p1a: Yasaka\n|-damage|p1a: Yasaka|76\/100\n|-clearboost|p1a: Yasaka\n|\n|-weather|SunnyDay|[upkeep]\n|upkeep\n|turn|3\n|\n|t:|1699655567\n|switch|p1a: Candy|Dipplin, F|100\/100\n|-ability|p1a: Candy|Supersweet Syrup\n|-ability|p1a: Candy|Supersweet Syrup|boost\n|-unboost|p2a: Torkoal|evasion|1\n|move|p2a: Torkoal|Rapid Spin|p1a: Candy\n|-damage|p1a: Candy|94\/100\n|-boost|p2a: Torkoal|spe|1\n|\n|-weather|SunnyDay|[upkeep]\n|upkeep\n|turn|4\n|\n|t:|1699655579\n|move|p1a: Candy|Syrup Bomb|p2a: Torkoal\n|-resisted|p2a: Torkoal\n|-damage|p2a: Torkoal|49\/100\n|-start|p2a: Torkoal|Syrup Bomb\n|move|p2a: Torkoal|Flamethrower|p1a: Candy\n|-damage|p1a: Candy|62\/100\n|\n|-weather|SunnyDay|[upkeep]\n|-unboost|p2a: Torkoal|spe|1\n|upkeep\n|turn|5\n|\n|t:|1699655591\n|move|p1a: Candy|Dragon Pulse|p2a: Torkoal\n|-damage|p2a: Torkoal|12\/100\n|move|p2a: Torkoal|Rapid Spin|p1a: Candy\n|-damage|p1a: Candy|56\/100\n|-boost|p2a: Torkoal|spe|1\n|\n|-weather|SunnyDay|[upkeep]\n|-unboost|p2a: Torkoal|spe|1\n|upkeep\n|turn|6\n|\n|t:|1699655600\n|move|p1a: Candy|Dragon Pulse|p2a: Torkoal\n|-damage|p2a: Torkoal|0 fnt\n|faint|p2a: Torkoal\n|\n|-weather|SunnyDay|[upkeep]\n|upkeep\n|\n|t:|1699655605\n|switch|p2a: Roaring Moon|Roaring Moon|100\/100\n|-activate|p2a: Roaring Moon|ability: Protosynthesis\n|-start|p2a: Roaring Moon|protosynthesisatk\n|turn|7\n|\n|t:|1699655611\n|switch|p1a: Yasaka|Ninetales, F|76\/100\n|move|p2a: Roaring Moon|Dragon Dance|p2a: Roaring Moon\n|-boost|p2a: Roaring Moon|atk|1\n|-boost|p2a: Roaring Moon|spe|1\n|\n|-weather|SunnyDay|[upkeep]\n|upkeep\n|turn|8\n|\n|t:|1699655618\n|move|p2a: Roaring Moon|Earthquake|p1a: Yasaka\n|-supereffective|p1a: Yasaka\n|-damage|p1a: Yasaka|0 fnt\n|faint|p1a: Yasaka\n|-damage|p2a: Roaring Moon|91\/100|[from] item: Life Orb\n|\n|-weather|none\n|-end|p2a: Roaring Moon|Protosynthesis\n|upkeep\n|\n|t:|1699655630\n|switch|p1a: Jupiter|Vikavolt, F|100\/100\n|turn|9\n|\n|t:|1699655634\n|move|p2a: Roaring Moon|Rock Slide|p1a: Jupiter\n|-supereffective|p1a: Jupiter\n|-damage|p1a: Jupiter|0 fnt\n|faint|p1a: Jupiter\n|-damage|p2a: Roaring Moon|81\/100|[from] item: Life Orb\n|\n|upkeep\n|\n|t:|1699655645\n|switch|p1a: Candy|Dipplin, F|56\/100\n|turn|10\n|\n|t:|1699655652\n|-terastallize|p1a: Candy|Bug\n|move|p2a: Roaring Moon|Acrobatics|p1a: Candy\n|-supereffective|p1a: Candy\n|-damage|p1a: Candy|11\/100\n|-damage|p2a: Roaring Moon|71\/100|[from] item: Life Orb\n|move|p1a: Candy|Pollen Puff|p2a: Roaring Moon\n|-supereffective|p2a: Roaring Moon\n|-damage|p2a: Roaring Moon|11\/100\n|\n|upkeep\n|turn|11\n|\n|t:|1699655665\n|switch|p1a: Crasher|Basculegion, M|100\/100\n|move|p2a: Roaring Moon|Acrobatics|p1a: Crasher\n|-damage|p1a: Crasher|60\/100\n|-damage|p2a: Roaring Moon|1\/100|[from] item: Life Orb\n|\n|-heal|p1a: Crasher|66\/100|[from] item: Leftovers\n|upkeep\n|turn|12\n|\n|t:|1699655678\n|-terastallize|p2a: Roaring Moon|Flying\n|move|p2a: Roaring Moon|Acrobatics|p1a: Crasher\n|-damage|p1a: Crasher|7\/100\n|-damage|p2a: Roaring Moon|0 fnt|[from] item: Life Orb\n|faint|p2a: Roaring Moon\n|-end|p2a: Roaring Moon|Protosynthesis|[silent]\n|move|p1a: Crasher|Phantom Force||[still]\n|-prepare|p1a: Crasher|Phantom Force\n|\n|-heal|p1a: Crasher|13\/100|[from] item: Leftovers\n|upkeep\n|\n|t:|1699655688\n|switch|p2a: Haxorus|Haxorus, F, shiny|100\/100\n|turn|13\n|\n|t:|1699655692\n|move|p2a: Haxorus|Nasty Plot|p2a: Haxorus\n|-boost|p2a: Haxorus|spa|2\n|move|p1a: Crasher|Phantom Force|p2a: Haxorus|[from]lockedmove\n|-immune|p2a: Haxorus\n|\n|-heal|p1a: Crasher|19\/100|[from] item: Leftovers\n|upkeep\n|turn|14\n|\n|t:|1699655701\n|move|p2a: Haxorus|Shadow Sneak|p1a: Crasher\n|-supereffective|p1a: Crasher\n|-damage|p1a: Crasher|0 fnt\n|faint|p1a: Crasher\n|\n|upkeep\n|\n|t:|1699655706\n|switch|p1a: Candy|Dipplin, F, tera:Bug|11\/100\n|turn|15\n|\n|t:|1699655711\n|move|p2a: Haxorus|Knock Off|p1a: Candy\n|-damage|p1a: Candy|0 fnt\n|-enditem|p1a: Candy|Eviolite|[from] move: Knock Off|[of] p2a: Haxorus\n|faint|p1a: Candy\n|\n|upkeep\n|\n|t:|1699655721\n|switch|p1a: Matcha|Sinistcha|100\/100\n|turn|16\n|\n|t:|1699655727\n|move|p2a: Haxorus|Bitter Malice|p1a: Matcha\n|-supereffective|p1a: Matcha\n|-damage|p1a: Matcha|0 fnt\n|faint|p1a: Matcha\n|\n|upkeep\n|\n|t:|1699655734\n|switch|p1a: Blood Moon|Ursaluna-Bloodmoon, M|100\/100\n|turn|17\n|\n|t:|1699655737\n|move|p2a: Haxorus|Knock Off|p1a: Blood Moon\n|-damage|p1a: Blood Moon|87\/100\n|-enditem|p1a: Blood Moon|Leftovers|[from] move: Knock Off|[of] p2a: Haxorus\n|move|p1a: Blood Moon|Calm Mind|p1a: Blood Moon\n|-boost|p1a: Blood Moon|spa|1\n|-boost|p1a: Blood Moon|spd|1\n|\n|upkeep\n|turn|18\n|\n|t:|1699655748\n|switch|p2a: Clefable|Clefable, M|100\/100\n|move|p1a: Blood Moon|Calm Mind|p1a: Blood Moon\n|-boost|p1a: Blood Moon|spa|1\n|-boost|p1a: Blood Moon|spd|1\n|\n|upkeep\n|turn|19\n|\n|t:|1699655757\n|move|p1a: Blood Moon|Blood Moon|p2a: Clefable\n|-damage|p2a: Clefable|0 fnt\n|faint|p2a: Clefable\n|\n|upkeep\n|\n|t:|1699655763\n|switch|p2a: Haxorus|Haxorus, F, shiny|100\/100\n|turn|20\n|\n|t:|1699655766\n|move|p2a: Haxorus|Knock Off|p1a: Blood Moon\n|-damage|p1a: Blood Moon|77\/100\n|move|p1a: Blood Moon|Moonblast|p2a: Haxorus\n|-enditem|p2a: Haxorus|Focus Sash\n|-damage|p2a: Haxorus|1\/100\n|replace|p2a: Zoroark|Zoroark-Hisui, M\n|-end|p2a: Zoroark|Illusion\n|\n|upkeep\n|turn|21\n|\n|t:|1699655777\n|move|p2a: Zoroark|Knock Off|p1a: Blood Moon\n|-damage|p1a: Blood Moon|68\/100\n|move|p1a: Blood Moon|Calm Mind|p1a: Blood Moon\n|-boost|p1a: Blood Moon|spa|1\n|-boost|p1a: Blood Moon|spd|1\n|\n|upkeep\n|turn|22\n|\n|t:|1699655784\n|move|p2a: Zoroark|Knock Off|p1a: Blood Moon\n|-damage|p1a: Blood Moon|58\/100\n|move|p1a: Blood Moon|Earth Power|p2a: Zoroark\n|-damage|p2a: Zoroark|0 fnt\n|faint|p2a: Zoroark\n|\n|upkeep\n|\n|t:|1699655793\n|switch|p2a: Haxorus|Haxorus, F, shiny|100\/100\n|-ability|p2a: Haxorus|Mold Breaker\n|turn|23\n|\n|t:|1699655798\n|move|p2a: Haxorus|Dragon Claw|p1a: Blood Moon\n|-damage|p1a: Blood Moon|21\/100\n|-damage|p2a: Haxorus|91\/100|[from] item: Life Orb\n|move|p1a: Blood Moon|Moonblast|p2a: Haxorus\n|-supereffective|p2a: Haxorus\n|-damage|p2a: Haxorus|0 fnt\n|faint|p2a: Haxorus\n|\n|upkeep\n|\n|t:|1699655805\n|switch|p2a: Falinks|Falinks|100\/100\n|turn|24\n|\n|t:|1699655810\n|move|p2a: Falinks|Close Combat|p1a: Blood Moon\n|-supereffective|p1a: Blood Moon\n|-damage|p1a: Blood Moon|0 fnt\n|-unboost|p2a: Falinks|def|1\n|-unboost|p2a: Falinks|spd|1\n|faint|p1a: Blood Moon\n|\n|win|Jacknightdragon\n|raw|RockyJWarrior's rating: 1024 &rarr; <strong>1009<\/strong><br \/>(-15 for losing)\n|raw|Jacknightdragon's rating: 1000 &rarr; <strong>1043<\/strong><br \/>(+43 for winning)\n|l|\u2606RockyJWarrior\n|c|\u2606Jacknightdragon|gg\n","uploadtime":1699655824,"views":11,"p1id":"rockyjwarrior","p2id":"jacknightdragon","formatid":"gen9anythinggoes","rating":1009,"private":0,"password":""}