{"id":"gen9anythinggoes-1990412195","p1":"gerg64","p2":"LeeroyJenkiens","format":"[Gen 9] Anything Goes","log":"|j|\u2606gerg64\n|j|\u2606LeeroyJenkiens\n|t:|1699968316\n|gametype|singles\n|player|p1|gerg64|lucas|1154\n|player|p2|LeeroyJenkiens|backpacker|1109\n|teamsize|p1|6\n|teamsize|p2|6\n|gen|9\n|tier|[Gen 9] Anything Goes\n|rated|\n|rule|HP Percentage Mod: HP is shown in percentages\n|rule|Endless Battle Clause: Forcing endless battles is banned\n|clearpoke\n|poke|p1|Greninja-*, F|\n|poke|p1|Gengar, M|\n|poke|p1|Espathra, F|\n|poke|p1|Gholdengo|\n|poke|p1|Miraidon|\n|poke|p1|Groudon|\n|poke|p2|Bisharp, F|\n|poke|p2|Dolliv, F|\n|poke|p2|Raboot, F|\n|poke|p2|Gallade, M|\n|poke|p2|Illumise, F|\n|poke|p2|Gothitelle, F|\n|teampreview\n|inactive|Battle timer is ON: inactive players will automatically lose when time's up. (requested by gerg64)\n|c|\u2606gerg64|rabbit\n|inactive|LeeroyJenkiens has 120 seconds left.\n|\n|t:|1699968372\n|start\n|switch|p1a: Miraidon|Miraidon|100\/100\n|switch|p2a: Gothitelle|Gothitelle, F|100\/100\n|-fieldstart|move: Electric Terrain|[from] ability: Hadron Engine|[of] p1a: Miraidon\n|turn|1\n|\n|t:|1699968381\n|-terastallize|p1a: Miraidon|Normal\n|move|p1a: Miraidon|Electro Drift|p2a: Gothitelle\n|-damage|p2a: Gothitelle|0 fnt\n|faint|p2a: Gothitelle\n|\n|upkeep\n|\n|t:|1699968389\n|switch|p2a: Ammindumferum|Bisharp, F|100\/100\n|turn|2\n|\n|t:|1699968403\n|move|p1a: Miraidon|Electro Drift|p2a: Ammindumferum\n|-damage|p2a: Ammindumferum|0 fnt\n|faint|p2a: Ammindumferum\n|\n|upkeep\n|\n|t:|1699968417\n|switch|p2a: LizBall|Raboot, F|100\/100\n|turn|3\n|inactive|gerg64 has 120 seconds left.\n|\n|t:|1699968456\n|move|p1a: Miraidon|Electro Drift|p2a: LizBall\n|-damage|p2a: LizBall|0 fnt\n|faint|p2a: LizBall\n|\n|upkeep\n|\n|t:|1699968468\n|switch|p2a: Baboshka|Dolliv, F|100\/100\n|turn|4\n|inactive|gerg64 has 120 seconds left.\n|\n|t:|1699968482\n|move|p1a: Miraidon|Electro Drift|p2a: Baboshka\n|-resisted|p2a: Baboshka\n|-damage|p2a: Baboshka|26\/100\n|move|p2a: Baboshka|Leech Seed|p1a: Miraidon\n|-start|p1a: Miraidon|move: Leech Seed\n|\n|-damage|p1a: Miraidon|88\/100|[from] Leech Seed|[of] p2a: Baboshka\n|-heal|p2a: Baboshka|39\/100|[silent]\n|upkeep\n|turn|5\n|inactive|gerg64 has 120 seconds left.\n|inactive|gerg64 has 90 seconds left.\n|c|\u2606gerg64|thats not nice\n|\n|t:|1699968539\n|move|p1a: Miraidon|Electro Drift|p2a: Baboshka\n|-resisted|p2a: Baboshka\n|-crit|p2a: Baboshka\n|-damage|p2a: Baboshka|0 fnt\n|faint|p2a: Baboshka\n|\n|-fieldend|move: Electric Terrain\n|upkeep\n|\n|t:|1699968559\n|switch|p2a: Gamble|Gallade, M|100\/100\n|turn|6\n|\n|t:|1699968565\n|move|p1a: Miraidon|Electro Drift|p2a: Gamble\n|-damage|p2a: Gamble|27\/100\n|move|p2a: Gamble|Double Team|p2a: Gamble\n|-boost|p2a: Gamble|evasion|1\n|\n|-damage|p1a: Miraidon|76\/100|[from] Leech Seed|[of] p2a: Gamble\n|-heal|p2a: Gamble|40\/100|[silent]\n|upkeep\n|turn|7\n|inactive|gerg64 has 90 seconds left.\n|\n|t:|1699968582\n|move|p1a: Miraidon|Electro Drift|p2a: Gamble|[miss]\n|-miss|p1a: Miraidon|p2a: Gamble\n|move|p2a: Gamble|Double Team|p2a: Gamble\n|-boost|p2a: Gamble|evasion|1\n|\n|-damage|p1a: Miraidon|64\/100|[from] Leech Seed|[of] p2a: Gamble\n|-heal|p2a: Gamble|54\/100|[silent]\n|upkeep\n|turn|8\n|c|\u2606gerg64|nuh uh\n|c|\u2606gerg64|NO\n|c|\u2606gerg64|NO\n|c|\u2606gerg64|NO\n|n|!gerg64|gerg64\n|\n|t:|1699968603\n|move|p1a: Miraidon|Electro Drift|p2a: Gamble|[miss]\n|-miss|p1a: Miraidon|p2a: Gamble\n|move|p2a: Gamble|Double Team|p2a: Gamble\n|-boost|p2a: Gamble|evasion|1\n|\n|-damage|p1a: Miraidon|51\/100|[from] Leech Seed|[of] p2a: Gamble\n|-heal|p2a: Gamble|68\/100|[silent]\n|upkeep\n|turn|9\n|\n|t:|1699968611\n|-activate|p1a: Miraidon|move: Struggle\n|move|p1a: Miraidon|Struggle|p2a: Gamble\n|-damage|p2a: Gamble|52\/100\n|-damage|p1a: Miraidon|26\/100|[from] recoil\n|move|p2a: Gamble|Substitute|p2a: Gamble\n|-start|p2a: Gamble|Substitute\n|-damage|p2a: Gamble|27\/100\n|\n|-damage|p1a: Miraidon|14\/100|[from] Leech Seed|[of] p2a: Gamble\n|-heal|p2a: Gamble|41\/100|[silent]\n|upkeep\n|turn|10\n|\n|t:|1699968619\n|-activate|p1a: Miraidon|move: Struggle\n|move|p1a: Miraidon|Struggle|p2a: Gamble\n|-activate|p2a: Gamble|move: Substitute|[damage]\n|-damage|p1a: Miraidon|0 fnt|[from] recoil\n|faint|p1a: Miraidon\n|move|p2a: Gamble|Double Team|p2a: Gamble\n|-boost|p2a: Gamble|evasion|1\n|\n|upkeep\n|\n|t:|1699968627\n|switch|p1a: Gengar|Gengar, M, shiny|100\/100\n|turn|11\n|\n|t:|1699968630\n|move|p1a: Gengar|Rain Dance|p1a: Gengar\n|-weather|RainDance\n|move|p2a: Gamble|Double Team|p2a: Gamble\n|-boost|p2a: Gamble|evasion|1\n|\n|-weather|RainDance|[upkeep]\n|upkeep\n|turn|12\n|\n|t:|1699968635\n|move|p1a: Gengar|Thunder|p2a: Gamble\n|-end|p2a: Gamble|Substitute\n|move|p2a: Gamble|Fury Cutter|p1a: Gengar\n|-resisted|p1a: Gengar\n|-damage|p1a: Gengar|93\/100\n|\n|-weather|RainDance|[upkeep]\n|-heal|p1a: Gengar|99\/100|[from] item: Leftovers\n|upkeep\n|turn|13\n|\n|t:|1699968648\n|move|p1a: Gengar|Thunder|p2a: Gamble\n|-damage|p2a: Gamble|11\/100\n|move|p2a: Gamble|Fury Cutter|p1a: Gengar\n|-resisted|p1a: Gengar\n|-damage|p1a: Gengar|86\/100\n|-start|p2a: Gamble|Disable|Fury Cutter|[from] ability: Cursed Body|[of] p1a: Gengar\n|\n|-weather|RainDance|[upkeep]\n|-heal|p1a: Gengar|92\/100|[from] item: Leftovers\n|upkeep\n|turn|14\n|\n|t:|1699968659\n|move|p1a: Gengar|Thunder|p2a: Gamble\n|-damage|p2a: Gamble|0 fnt\n|faint|p2a: Gamble\n|\n|-weather|RainDance|[upkeep]\n|-heal|p1a: Gengar|98\/100|[from] item: Leftovers\n|upkeep\n|\n|t:|1699968666\n|switch|p2a: Ulai|Illumise, F|100\/100\n|turn|15\n|\n|t:|1699968671\n|move|p2a: Ulai|Attract|p1a: Gengar\n|-start|p1a: Gengar|Attract\n|-activate|p1a: Gengar|move: Attract|[of] p2a: Ulai\n|move|p1a: Gengar|Hypnosis|p2a: Ulai|[miss]\n|-miss|p1a: Gengar|p2a: Ulai\n|\n|-weather|none\n|-heal|p1a: Gengar|100\/100|[from] item: Leftovers\n|upkeep\n|turn|16\n|\n|t:|1699968678\n|move|p2a: Ulai|Growth|p2a: Ulai\n|-boost|p2a: Ulai|atk|1\n|-boost|p2a: Ulai|spa|1\n|-activate|p1a: Gengar|move: Attract|[of] p2a: Ulai\n|move|p1a: Gengar|Hypnosis|p2a: Ulai\n|-status|p2a: Ulai|slp|[from] move: Hypnosis\n|\n|upkeep\n|turn|17\n|\n|t:|1699968684\n|cant|p2a: Ulai|slp\n|-activate|p1a: Gengar|move: Attract|[of] p2a: Ulai\n|cant|p1a: Gengar|Attract\n|\n|upkeep\n|turn|18\n|\n|t:|1699968688\n|cant|p2a: Ulai|slp\n|-activate|p1a: Gengar|move: Attract|[of] p2a: Ulai\n|move|p1a: Gengar|Rain Dance|p1a: Gengar\n|-weather|RainDance\n|\n|-weather|RainDance|[upkeep]\n|upkeep\n|turn|19\n|\n|t:|1699968693\n|cant|p2a: Ulai|slp\n|-activate|p1a: Gengar|move: Attract|[of] p2a: Ulai\n|move|p1a: Gengar|Thunder|p2a: Ulai\n|-damage|p2a: Ulai|62\/100 slp\n|\n|-weather|RainDance|[upkeep]\n|upkeep\n|turn|20\n|\n|t:|1699968699\n|-curestatus|p2a: Ulai|slp|[msg]\n|move|p2a: Ulai|Growth|p2a: Ulai\n|-boost|p2a: Ulai|atk|1\n|-boost|p2a: Ulai|spa|1\n|-activate|p1a: Gengar|move: Attract|[of] p2a: Ulai\n|cant|p1a: Gengar|Attract\n|\n|-weather|RainDance|[upkeep]\n|upkeep\n|turn|21\n|\n|t:|1699968705\n|-activate|p1a: Gengar|move: Attract|[of] p2a: Ulai\n|move|p1a: Gengar|Hypnosis|p2a: Ulai\n|-status|p2a: Ulai|slp|[from] move: Hypnosis\n|cant|p2a: Ulai|slp\n|\n|-weather|RainDance|[upkeep]\n|upkeep\n|turn|22\n|\n|t:|1699968711\n|-activate|p1a: Gengar|move: Attract|[of] p2a: Ulai\n|move|p1a: Gengar|Thunder|p2a: Ulai\n|-damage|p2a: Ulai|25\/100 slp\n|cant|p2a: Ulai|slp\n|\n|-weather|none\n|upkeep\n|turn|23\n|\n|t:|1699968716\n|-activate|p1a: Gengar|move: Attract|[of] p2a: Ulai\n|move|p1a: Gengar|Thunder|p2a: Ulai\n|-damage|p2a: Ulai|0 fnt\n|faint|p2a: Ulai\n|-end|p1a: Gengar|Attract|[silent]\n|\n|win|gerg64\n|raw|gerg64's rating: 1174 &rarr; <strong>1194<\/strong><br \/>(+20 for winning)\n|raw|LeeroyJenkiens's rating: 1109 &rarr; <strong>1089<\/strong><br \/>(-20 for losing)\n","uploadtime":1699968601,"views":4,"p1id":"gerg64","p2id":"leeroyjenkiens","formatid":"gen9anythinggoes","rating":1089,"private":0,"password":""}