{"id":"gen9anythinggoes-1982879291","p1":"jxjpenguin","p2":"dom pastelli","format":"[Gen 9] Anything Goes","log":"|j|\u2606jxjpenguin\n|j|\u2606dom pastelli\n|t:|1699054205\n|gametype|singles\n|player|p1|jxjpenguin|elesa|1190\n|player|p2|dom pastelli|pokefan-gen4|1200\n|teamsize|p1|6\n|teamsize|p2|6\n|gen|9\n|tier|[Gen 9] Anything Goes\n|rated|\n|rule|HP Percentage Mod: HP is shown in percentages\n|rule|Endless Battle Clause: Forcing endless battles is banned\n|clearpoke\n|poke|p1|Dragapult, M|\n|poke|p1|Samurott-Hisui, M|\n|poke|p1|Raichu, F|\n|poke|p1|Gardevoir, F|\n|poke|p1|Vaporeon, F|\n|poke|p1|Tsareena, F|\n|poke|p2|Dragapult, M|\n|poke|p2|Breloom, M|\n|poke|p2|Regieleki|\n|poke|p2|Kyogre|\n|poke|p2|Ninetales-Alola, F|\n|poke|p2|Mandibuzz, F|\n|teampreview\n|\n|t:|1699054213\n|start\n|switch|p1a: Ricky Rat|Raichu, F, shiny|100\/100\n|switch|p2a: #ilovemeat4real|Mandibuzz, F|100\/100\n|turn|1\n|\n|t:|1699054227\n|switch|p2a: Nervous|Regieleki|100\/100\n|-terastallize|p1a: Ricky Rat|Water\n|move|p1a: Ricky Rat|Thunderbolt|p2a: Nervous\n|-resisted|p2a: Nervous\n|-damage|p2a: Nervous|51\/100\n|\n|upkeep\n|turn|2\n|\n|t:|1699054234\n|move|p2a: Nervous|Wild Charge|p1a: Ricky Rat\n|-ability|p1a: Ricky Rat|Lightning Rod|boost\n|-boost|p1a: Ricky Rat|spa|1\n|move|p1a: Ricky Rat|Thunderbolt|p2a: Nervous\n|-resisted|p2a: Nervous\n|-damage|p2a: Nervous|0 fnt\n|faint|p2a: Nervous\n|\n|upkeep\n|\n|t:|1699054242\n|switch|p2a: Bob|Breloom, M|100\/100\n|turn|3\n|c|\u2606dom pastelli|say hi to bob\n|c|\u2606dom pastelli|he is cool\n|\n|t:|1699054258\n|move|p1a: Ricky Rat|Thunderbolt|p2a: Bob\n|-resisted|p2a: Bob\n|-damage|p2a: Bob|15\/100\n|move|p2a: Bob|Swords Dance|p2a: Bob\n|-boost|p2a: Bob|atk|2\n|\n|upkeep\n|turn|4\n|\n|t:|1699054272\n|move|p1a: Ricky Rat|Thunderbolt|p2a: Bob\n|-resisted|p2a: Bob\n|-damage|p2a: Bob|0 fnt\n|faint|p2a: Bob\n|\n|upkeep\n|\n|t:|1699054281\n|switch|p2a: dream killer(:3)|Dragapult, M|100\/100\n|turn|5\n|\n|t:|1699054284\n|move|p2a: dream killer(:3)|Dragon Dance|p2a: dream killer(:3)\n|-boost|p2a: dream killer(:3)|atk|1\n|-boost|p2a: dream killer(:3)|spe|1\n|move|p1a: Ricky Rat|Thunderbolt|p2a: dream killer(:3)\n|-resisted|p2a: dream killer(:3)\n|-damage|p2a: dream killer(:3)|49\/100\n|\n|upkeep\n|turn|6\n|\n|t:|1699054292\n|move|p2a: dream killer(:3)|Dragon Darts|p1a: Ricky Rat\n|-damage|p1a: Ricky Rat|0 fnt\n|faint|p1a: Ricky Rat\n|\n|upkeep\n|\n|t:|1699054297\n|switch|p1a: Seal Goodman|Samurott-Hisui, M, shiny|100\/100\n|turn|7\n|\n|t:|1699054301\n|move|p2a: dream killer(:3)|Dragon Darts|p1a: Seal Goodman\n|-crit|p1a: Seal Goodman\n|-damage|p1a: Seal Goodman|0 fnt\n|faint|p1a: Seal Goodman\n|\n|upkeep\n|\n|t:|1699054307\n|switch|p1a: Totally Not Sus|Gardevoir, F, shiny|100\/100\n|-ability|p1a: Totally Not Sus|Clear Body|[from] ability: Trace|[of] p2a: dream killer(:3)\n|turn|8\n|\n|t:|1699054312\n|move|p2a: dream killer(:3)|Dragon Darts|p1a: Totally Not Sus\n|-immune|p1a: Totally Not Sus\n|move|p1a: Totally Not Sus|Moonblast|p2a: dream killer(:3)\n|-supereffective|p2a: dream killer(:3)\n|-damage|p2a: dream killer(:3)|0 fnt\n|faint|p2a: dream killer(:3)\n|\n|upkeep\n|\n|t:|1699054324\n|switch|p2a: your mo-..cool guy|Kyogre|100\/100\n|-weather|RainDance|[from] ability: Drizzle|[of] p2a: your mo-..cool guy\n|turn|9\n|\n|t:|1699054330\n|move|p1a: Totally Not Sus|Moonblast|p2a: your mo-..cool guy\n|-damage|p2a: your mo-..cool guy|68\/100\n|move|p2a: your mo-..cool guy|Ancient Power|p1a: Totally Not Sus\n|-damage|p1a: Totally Not Sus|79\/100\n|-boost|p2a: your mo-..cool guy|atk|1\n|-boost|p2a: your mo-..cool guy|def|1\n|-boost|p2a: your mo-..cool guy|spa|1\n|-boost|p2a: your mo-..cool guy|spd|1\n|-boost|p2a: your mo-..cool guy|spe|1\n|\n|-weather|RainDance|[upkeep]\n|-heal|p2a: your mo-..cool guy|74\/100|[from] item: Leftovers\n|upkeep\n|turn|10\n|\n|t:|1699054353\n|move|p1a: Totally Not Sus|Moonblast|p2a: your mo-..cool guy\n|-damage|p2a: your mo-..cool guy|54\/100\n|-unboost|p2a: your mo-..cool guy|spa|1\n|move|p2a: your mo-..cool guy|Ice Beam|p1a: Totally Not Sus\n|-damage|p1a: Totally Not Sus|44\/100\n|\n|-weather|RainDance|[upkeep]\n|-heal|p2a: your mo-..cool guy|60\/100|[from] item: Leftovers\n|upkeep\n|turn|11\n|\n|t:|1699054365\n|move|p1a: Totally Not Sus|Moonblast|p2a: your mo-..cool guy\n|-damage|p2a: your mo-..cool guy|41\/100\n|move|p2a: your mo-..cool guy|Ancient Power|p1a: Totally Not Sus\n|-damage|p1a: Totally Not Sus|22\/100\n|\n|-weather|RainDance|[upkeep]\n|-heal|p2a: your mo-..cool guy|48\/100|[from] item: Leftovers\n|upkeep\n|turn|12\n|\n|t:|1699054372\n|move|p1a: Totally Not Sus|Moonblast|p2a: your mo-..cool guy\n|-damage|p2a: your mo-..cool guy|26\/100\n|move|p2a: your mo-..cool guy|Rest|p2a: your mo-..cool guy\n|-status|p2a: your mo-..cool guy|slp|[from] move: Rest\n|-heal|p2a: your mo-..cool guy|100\/100 slp|[silent]\n|\n|-weather|RainDance|[upkeep]\n|upkeep\n|turn|13\n|\n|t:|1699054381\n|switch|p1a: The Queen|Tsareena, F, shiny|100\/100\n|cant|p2a: your mo-..cool guy|slp\n|\n|-weather|none\n|upkeep\n|turn|14\n|\n|t:|1699054387\n|cant|p2a: your mo-..cool guy|slp\n|move|p1a: The Queen|Seed Bomb|p2a: your mo-..cool guy\n|-supereffective|p2a: your mo-..cool guy\n|-damage|p2a: your mo-..cool guy|63\/100 slp\n|\n|-heal|p2a: your mo-..cool guy|70\/100 slp|[from] item: Leftovers\n|upkeep\n|turn|15\n|\n|t:|1699054394\n|-curestatus|p2a: your mo-..cool guy|slp|[msg]\n|move|p2a: your mo-..cool guy|Ice Beam|p1a: The Queen\n|-supereffective|p1a: The Queen\n|-damage|p1a: The Queen|39\/100\n|move|p1a: The Queen|Seed Bomb|p2a: your mo-..cool guy\n|-supereffective|p2a: your mo-..cool guy\n|-damage|p2a: your mo-..cool guy|35\/100\n|\n|-heal|p2a: your mo-..cool guy|41\/100|[from] item: Leftovers\n|upkeep\n|turn|16\n|\n|t:|1699054404\n|move|p2a: your mo-..cool guy|Ice Beam|p1a: The Queen\n|-supereffective|p1a: The Queen\n|-damage|p1a: The Queen|0 fnt\n|faint|p1a: The Queen\n|\n|-heal|p2a: your mo-..cool guy|47\/100|[from] item: Leftovers\n|upkeep\n|\n|t:|1699054409\n|switch|p1a: DidUKnowInTermsOf|Vaporeon, F, shiny|100\/100\n|turn|17\n|\n|t:|1699054413\n|move|p2a: your mo-..cool guy|Rest|p2a: your mo-..cool guy\n|-status|p2a: your mo-..cool guy|slp|[from] move: Rest\n|-heal|p2a: your mo-..cool guy|100\/100 slp|[silent]\n|move|p1a: DidUKnowInTermsOf|Calm Mind|p1a: DidUKnowInTermsOf\n|-boost|p1a: DidUKnowInTermsOf|spa|1\n|-boost|p1a: DidUKnowInTermsOf|spd|1\n|\n|upkeep\n|turn|18\n|\n|t:|1699054420\n|cant|p2a: your mo-..cool guy|slp\n|move|p1a: DidUKnowInTermsOf|Surf|p2a: your mo-..cool guy\n|-resisted|p2a: your mo-..cool guy\n|-damage|p2a: your mo-..cool guy|90\/100 slp\n|\n|-heal|p2a: your mo-..cool guy|96\/100 slp|[from] item: Leftovers\n|upkeep\n|turn|19\n|\n|t:|1699054428\n|cant|p2a: your mo-..cool guy|slp\n|move|p1a: DidUKnowInTermsOf|Wish|p1a: DidUKnowInTermsOf\n|\n|-heal|p2a: your mo-..cool guy|100\/100 slp|[from] item: Leftovers\n|upkeep\n|turn|20\n|\n|t:|1699054433\n|switch|p1a: Totally Not Sus|Gardevoir, F, shiny|22\/100\n|-weather|RainDance|[from] ability: Drizzle|[of] p1a: Totally Not Sus\n|-ability|p1a: Totally Not Sus|Drizzle|[from] ability: Trace|[of] p2a: your mo-..cool guy\n|-curestatus|p2a: your mo-..cool guy|slp|[msg]\n|move|p2a: your mo-..cool guy|Ice Beam|p1a: Totally Not Sus\n|-damage|p1a: Totally Not Sus|0 fnt\n|faint|p1a: Totally Not Sus\n|\n|-weather|RainDance|[upkeep]\n|upkeep\n|\n|t:|1699054445\n|switch|p1a: Getting Milk|Dragapult, M, shiny|100\/100\n|turn|21\n|\n|t:|1699054448\n|move|p1a: Getting Milk|Dragon Darts|p2a: your mo-..cool guy\n|-damage|p2a: your mo-..cool guy|89\/100\n|-anim|p1a: Getting Milk|Dragon Darts|p2a: your mo-..cool guy\n|-damage|p2a: your mo-..cool guy|76\/100\n|move|p2a: your mo-..cool guy|Ice Beam|p1a: Getting Milk\n|-supereffective|p1a: Getting Milk\n|-damage|p1a: Getting Milk|15\/100\n|\n|-weather|RainDance|[upkeep]\n|-heal|p2a: your mo-..cool guy|83\/100|[from] item: Leftovers\n|upkeep\n|turn|22\n|\n|t:|1699054458\n|move|p1a: Getting Milk|Psychic Fangs|p2a: your mo-..cool guy\n|-damage|p2a: your mo-..cool guy|69\/100\n|move|p2a: your mo-..cool guy|Ice Beam|p1a: Getting Milk\n|-supereffective|p1a: Getting Milk\n|-damage|p1a: Getting Milk|0 fnt\n|faint|p1a: Getting Milk\n|\n|-weather|RainDance|[upkeep]\n|-heal|p2a: your mo-..cool guy|75\/100|[from] item: Leftovers\n|upkeep\n|\n|t:|1699054466\n|switch|p1a: DidUKnowInTermsOf|Vaporeon, F, shiny|100\/100\n|turn|23\n|\n|t:|1699054478\n|move|p2a: your mo-..cool guy|Ancient Power|p1a: DidUKnowInTermsOf\n|-damage|p1a: DidUKnowInTermsOf|86\/100\n|move|p1a: DidUKnowInTermsOf|Calm Mind|p1a: DidUKnowInTermsOf\n|-boost|p1a: DidUKnowInTermsOf|spa|1\n|-boost|p1a: DidUKnowInTermsOf|spd|1\n|\n|-weather|RainDance|[upkeep]\n|-heal|p2a: your mo-..cool guy|81\/100|[from] item: Leftovers\n|upkeep\n|turn|24\n|\n|t:|1699054486\n|move|p2a: your mo-..cool guy|Ancient Power|p1a: DidUKnowInTermsOf\n|-damage|p1a: DidUKnowInTermsOf|75\/100\n|move|p1a: DidUKnowInTermsOf|Calm Mind|p1a: DidUKnowInTermsOf\n|-boost|p1a: DidUKnowInTermsOf|spa|1\n|-boost|p1a: DidUKnowInTermsOf|spd|1\n|\n|-weather|none\n|-heal|p2a: your mo-..cool guy|87\/100|[from] item: Leftovers\n|upkeep\n|turn|25\n|\n|t:|1699054495\n|move|p2a: your mo-..cool guy|Ancient Power|p1a: DidUKnowInTermsOf\n|-crit|p1a: DidUKnowInTermsOf\n|-damage|p1a: DidUKnowInTermsOf|51\/100\n|move|p1a: DidUKnowInTermsOf|Surf|p2a: your mo-..cool guy\n|-resisted|p2a: your mo-..cool guy\n|-damage|p2a: your mo-..cool guy|74\/100\n|\n|-heal|p2a: your mo-..cool guy|80\/100|[from] item: Leftovers\n|upkeep\n|turn|26\n|\n|t:|1699054502\n|move|p2a: your mo-..cool guy|Ancient Power|p1a: DidUKnowInTermsOf\n|-damage|p1a: DidUKnowInTermsOf|44\/100\n|move|p1a: DidUKnowInTermsOf|Wish|p1a: DidUKnowInTermsOf\n|\n|-heal|p2a: your mo-..cool guy|86\/100|[from] item: Leftovers\n|upkeep\n|turn|27\n|\n|t:|1699054508\n|move|p2a: your mo-..cool guy|Ancient Power|p1a: DidUKnowInTermsOf\n|-damage|p1a: DidUKnowInTermsOf|36\/100\n|move|p1a: DidUKnowInTermsOf|Calm Mind|p1a: DidUKnowInTermsOf\n|-boost|p1a: DidUKnowInTermsOf|spa|1\n|-boost|p1a: DidUKnowInTermsOf|spd|1\n|\n|-heal|p1a: DidUKnowInTermsOf|86\/100|[from] move: Wish|[wisher] DidUKnowInTermsOf\n|-heal|p2a: your mo-..cool guy|92\/100|[from] item: Leftovers\n|upkeep\n|turn|28\n|\n|t:|1699054516\n|move|p2a: your mo-..cool guy|Ancient Power|p1a: DidUKnowInTermsOf\n|-damage|p1a: DidUKnowInTermsOf|80\/100\n|move|p1a: DidUKnowInTermsOf|Surf|p2a: your mo-..cool guy\n|-resisted|p2a: your mo-..cool guy\n|-damage|p2a: your mo-..cool guy|74\/100\n|\n|-heal|p2a: your mo-..cool guy|80\/100|[from] item: Leftovers\n|upkeep\n|turn|29\n|\n|t:|1699054527\n|move|p2a: your mo-..cool guy|Ice Beam|p1a: DidUKnowInTermsOf\n|-resisted|p1a: DidUKnowInTermsOf\n|-damage|p1a: DidUKnowInTermsOf|75\/100\n|move|p1a: DidUKnowInTermsOf|Calm Mind|p1a: DidUKnowInTermsOf\n|-boost|p1a: DidUKnowInTermsOf|spa|1\n|-boost|p1a: DidUKnowInTermsOf|spd|1\n|\n|-heal|p2a: your mo-..cool guy|86\/100|[from] item: Leftovers\n|upkeep\n|turn|30\n|\n|t:|1699054535\n|move|p2a: your mo-..cool guy|Ice Beam|p1a: DidUKnowInTermsOf\n|-resisted|p1a: DidUKnowInTermsOf\n|-crit|p1a: DidUKnowInTermsOf\n|-damage|p1a: DidUKnowInTermsOf|58\/100\n|move|p1a: DidUKnowInTermsOf|Surf|p2a: your mo-..cool guy\n|-resisted|p2a: your mo-..cool guy\n|-damage|p2a: your mo-..cool guy|64\/100\n|\n|-heal|p2a: your mo-..cool guy|70\/100|[from] item: Leftovers\n|upkeep\n|turn|31\n|\n|t:|1699054542\n|move|p2a: your mo-..cool guy|Ice Beam|p1a: DidUKnowInTermsOf\n|-resisted|p1a: DidUKnowInTermsOf\n|-damage|p1a: DidUKnowInTermsOf|54\/100\n|move|p1a: DidUKnowInTermsOf|Calm Mind|p1a: DidUKnowInTermsOf\n|-boost|p1a: DidUKnowInTermsOf|spa|1\n|-boost|p1a: DidUKnowInTermsOf|spd|1\n|\n|-heal|p2a: your mo-..cool guy|76\/100|[from] item: Leftovers\n|upkeep\n|turn|32\n|\n|t:|1699054550\n|move|p2a: your mo-..cool guy|Ice Beam|p1a: DidUKnowInTermsOf\n|-resisted|p1a: DidUKnowInTermsOf\n|-damage|p1a: DidUKnowInTermsOf|51\/100\n|-status|p1a: DidUKnowInTermsOf|frz\n|-curestatus|p1a: DidUKnowInTermsOf|frz|[msg]\n|move|p1a: DidUKnowInTermsOf|Wish|p1a: DidUKnowInTermsOf\n|\n|-heal|p2a: your mo-..cool guy|82\/100|[from] item: Leftovers\n|upkeep\n|turn|33\n|\n|t:|1699054558\n|move|p2a: your mo-..cool guy|Ice Beam|p1a: DidUKnowInTermsOf\n|-resisted|p1a: DidUKnowInTermsOf\n|-damage|p1a: DidUKnowInTermsOf|48\/100\n|move|p1a: DidUKnowInTermsOf|Calm Mind|p1a: DidUKnowInTermsOf\n|-boost|p1a: DidUKnowInTermsOf|spa|1\n|-boost|p1a: DidUKnowInTermsOf|spd|1\n|\n|-heal|p1a: DidUKnowInTermsOf|98\/100|[from] move: Wish|[wisher] DidUKnowInTermsOf\n|-heal|p2a: your mo-..cool guy|88\/100|[from] item: Leftovers\n|upkeep\n|turn|34\n|c|\u2606dom pastelli|huh?\n|\n|t:|1699054568\n|move|p2a: your mo-..cool guy|Ice Beam|p1a: DidUKnowInTermsOf\n|-resisted|p1a: DidUKnowInTermsOf\n|-damage|p1a: DidUKnowInTermsOf|95\/100\n|move|p1a: DidUKnowInTermsOf|Surf|p2a: your mo-..cool guy\n|-resisted|p2a: your mo-..cool guy\n|-damage|p2a: your mo-..cool guy|62\/100\n|\n|-heal|p2a: your mo-..cool guy|68\/100|[from] item: Leftovers\n|upkeep\n|turn|35\n|\n|t:|1699054575\n|move|p2a: your mo-..cool guy|Ice Beam|p1a: DidUKnowInTermsOf\n|-resisted|p1a: DidUKnowInTermsOf\n|-damage|p1a: DidUKnowInTermsOf|92\/100\n|-status|p1a: DidUKnowInTermsOf|frz\n|cant|p1a: DidUKnowInTermsOf|frz\n|\n|-heal|p2a: your mo-..cool guy|75\/100|[from] item: Leftovers\n|upkeep\n|turn|36\n|\n|t:|1699054597\n|switch|p2a: #ilovemeat4real|Mandibuzz, F|100\/100\n|cant|p1a: DidUKnowInTermsOf|frz\n|\n|upkeep\n|turn|37\n|\n|t:|1699054603\n|move|p2a: #ilovemeat4real|Foul Play|p1a: DidUKnowInTermsOf\n|-damage|p1a: DidUKnowInTermsOf|78\/100 frz\n|cant|p1a: DidUKnowInTermsOf|frz\n|\n|upkeep\n|turn|38\n|\n|t:|1699054609\n|move|p2a: #ilovemeat4real|Foul Play|p1a: DidUKnowInTermsOf\n|-damage|p1a: DidUKnowInTermsOf|64\/100 frz\n|-curestatus|p1a: DidUKnowInTermsOf|frz|[msg]\n|move|p1a: DidUKnowInTermsOf|Wish|p1a: DidUKnowInTermsOf\n|\n|upkeep\n|turn|39\n|\n|t:|1699054615\n|move|p2a: #ilovemeat4real|Knock Off|p1a: DidUKnowInTermsOf\n|-damage|p1a: DidUKnowInTermsOf|46\/100\n|-enditem|p1a: DidUKnowInTermsOf|Aguav Berry|[from] move: Knock Off|[of] p2a: #ilovemeat4real\n|move|p1a: DidUKnowInTermsOf|Surf|p2a: #ilovemeat4real\n|-damage|p2a: #ilovemeat4real|0 fnt\n|faint|p2a: #ilovemeat4real\n|\n|-heal|p1a: DidUKnowInTermsOf|96\/100|[from] move: Wish|[wisher] DidUKnowInTermsOf\n|upkeep\n|\n|t:|1699054624\n|switch|p2a: your mo-..cool guy|Kyogre|75\/100\n|-weather|RainDance|[from] ability: Drizzle|[of] p2a: your mo-..cool guy\n|turn|40\n|\n|t:|1699054630\n|move|p2a: your mo-..cool guy|Aqua Tail|p1a: DidUKnowInTermsOf\n|-heal|p1a: DidUKnowInTermsOf|100\/100|[from] ability: Water Absorb|[of] p2a: your mo-..cool guy\n|move|p1a: DidUKnowInTermsOf|Surf|p2a: your mo-..cool guy\n|-resisted|p2a: your mo-..cool guy\n|-damage|p2a: your mo-..cool guy|10\/100\n|\n|-weather|RainDance|[upkeep]\n|-heal|p2a: your mo-..cool guy|16\/100|[from] item: Leftovers\n|upkeep\n|turn|41\n|\n|t:|1699054638\n|move|p2a: your mo-..cool guy|Rest|p2a: your mo-..cool guy\n|-status|p2a: your mo-..cool guy|slp|[from] move: Rest\n|-heal|p2a: your mo-..cool guy|100\/100 slp|[silent]\n|move|p1a: DidUKnowInTermsOf|Surf|p2a: your mo-..cool guy\n|-resisted|p2a: your mo-..cool guy\n|-damage|p2a: your mo-..cool guy|40\/100 slp\n|\n|-weather|RainDance|[upkeep]\n|-heal|p2a: your mo-..cool guy|46\/100 slp|[from] item: Leftovers\n|upkeep\n|turn|42\n|\n|t:|1699054653\n|cant|p2a: your mo-..cool guy|slp\n|move|p1a: DidUKnowInTermsOf|Surf|p2a: your mo-..cool guy\n|-resisted|p2a: your mo-..cool guy\n|-damage|p2a: your mo-..cool guy|0 fnt\n|faint|p2a: your mo-..cool guy\n|\n|-weather|RainDance|[upkeep]\n|upkeep\n|\n|t:|1699054659\n|switch|p2a: Icy kitsune|Ninetales-Alola, F, shiny|100\/100\n|-weather|Snow|[from] ability: Snow Warning|[of] p2a: Icy kitsune\n|turn|43\n|\n|t:|1699054664\n|move|p2a: Icy kitsune|Hypnosis|p1a: DidUKnowInTermsOf\n|-status|p1a: DidUKnowInTermsOf|slp|[from] move: Hypnosis\n|cant|p1a: DidUKnowInTermsOf|slp\n|\n|-weather|Snow|[upkeep]\n|upkeep\n|turn|44\n|\n|t:|1699054672\n|move|p2a: Icy kitsune|Foul Play|p1a: DidUKnowInTermsOf\n|-damage|p1a: DidUKnowInTermsOf|89\/100 slp\n|cant|p1a: DidUKnowInTermsOf|slp\n|\n|-weather|Snow|[upkeep]\n|upkeep\n|turn|45\n|\n|t:|1699054678\n|move|p2a: Icy kitsune|Foul Play|p1a: DidUKnowInTermsOf\n|-damage|p1a: DidUKnowInTermsOf|78\/100 slp\n|-curestatus|p1a: DidUKnowInTermsOf|slp|[msg]\n|move|p1a: DidUKnowInTermsOf|Surf|p2a: Icy kitsune\n|-damage|p2a: Icy kitsune|0 fnt\n|faint|p2a: Icy kitsune\n|\n|win|jxjpenguin\n|raw|jxjpenguin's rating: 1190 &rarr; <strong>1216<\/strong><br \/>(+26 for winning)\n|raw|dom pastelli's rating: 1200 &rarr; <strong>1174<\/strong><br \/>(-26 for losing)\n|c|\u2606jxjpenguin|get nae naed by vaporeon\n|l|\u2606dom pastelli\n","uploadtime":1699055324,"views":11,"p1id":"jxjpenguin","p2id":"dompastelli","formatid":"gen9anythinggoes","rating":1174,"private":0,"password":""}