{"id":"gen9anythinggoes-1992626487","p1":"ND!I like","p2":"njjjnbv","format":"[Gen 9] Anything Goes","log":"|j|\u2606ND!I like\n|j|\u2606njjjnbv\n|t:|1700216892\n|gametype|singles\n|player|p1|ND!I like|169|1290\n|player|p2|njjjnbv|169|1206\n|teamsize|p1|6\n|teamsize|p2|6\n|gen|9\n|tier|[Gen 9] Anything Goes\n|rated|\n|rule|HP Percentage Mod: HP is shown in percentages\n|rule|Endless Battle Clause: Forcing endless battles is banned\n|clearpoke\n|poke|p1|Koraidon|\n|poke|p1|Calyrex-Shadow|\n|poke|p1|Zacian-*|\n|poke|p1|Glimmora, M|\n|poke|p1|Arceus-Dark|\n|poke|p1|Arceus-Ground|\n|poke|p2|Calyrex-Shadow|\n|poke|p2|Arceus-Water|\n|poke|p2|Espathra, F|\n|poke|p2|Miraidon|\n|poke|p2|Zacian-*|\n|poke|p2|Gliscor, M|\n|teampreview\n|\n|t:|1700216897\n|start\n|switch|p1a: Glimmora|Glimmora, M|100\/100\n|switch|p2a: Espathra|Espathra, F|100\/100\n|turn|1\n|\n|t:|1700216905\n|move|p2a: Espathra|Calm Mind|p2a: Espathra\n|-boost|p2a: Espathra|spa|1\n|-boost|p2a: Espathra|spd|1\n|move|p1a: Glimmora|Mortal Spin|p2a: Espathra\n|-damage|p2a: Espathra|91\/100\n|-status|p2a: Espathra|psn\n|\n|-heal|p2a: Espathra|97\/100 psn|[from] item: Leftovers\n|-damage|p2a: Espathra|85\/100 psn|[from] psn\n|-ability|p2a: Espathra|Speed Boost|boost\n|-boost|p2a: Espathra|spe|1\n|upkeep\n|turn|2\n|\n|t:|1700216922\n|move|p2a: Espathra|Calm Mind|p2a: Espathra\n|-boost|p2a: Espathra|spa|1\n|-boost|p2a: Espathra|spd|1\n|move|p1a: Glimmora|Stealth Rock|p2a: Espathra\n|-sidestart|p2: njjjnbv|move: Stealth Rock\n|\n|-heal|p2a: Espathra|91\/100 psn|[from] item: Leftovers\n|-damage|p2a: Espathra|78\/100 psn|[from] psn\n|-ability|p2a: Espathra|Speed Boost|boost\n|-boost|p2a: Espathra|spe|1\n|upkeep\n|turn|3\n|\n|t:|1700216933\n|switch|p1a: Zacian|Zacian-Crowned|100\/100\n|-ability|p1a: Zacian|Intrepid Sword|boost\n|-boost|p1a: Zacian|atk|1\n|move|p2a: Espathra|Calm Mind|p2a: Espathra\n|-boost|p2a: Espathra|spa|1\n|-boost|p2a: Espathra|spd|1\n|\n|-heal|p2a: Espathra|85\/100 psn|[from] item: Leftovers\n|-damage|p2a: Espathra|72\/100 psn|[from] psn\n|-ability|p2a: Espathra|Speed Boost|boost\n|-boost|p2a: Espathra|spe|1\n|upkeep\n|turn|4\n|\n|t:|1700216960\n|move|p2a: Espathra|Baton Pass|p2a: Espathra\n|\n|t:|1700216970\n|switch|p2a: Zacian|Zacian-Crowned|100\/100|[from] Baton Pass\n|-damage|p2a: Zacian|94\/100|[from] Stealth Rock\n|-ability|p2a: Zacian|Intrepid Sword|boost\n|-boost|p2a: Zacian|atk|1\n|move|p1a: Zacian|Play Rough|p2a: Zacian\n|-resisted|p2a: Zacian\n|-damage|p2a: Zacian|57\/100\n|\n|upkeep\n|turn|5\n|\n|t:|1700216982\n|switch|p1a: Glimmora|Glimmora, M|100\/100\n|move|p2a: Zacian|Sacred Sword|p1a: Glimmora\n|-damage|p1a: Glimmora|38\/100\n|-activate|p1a: Glimmora|ability: Toxic Debris\n|-sidestart|p2: njjjnbv|move: Toxic Spikes\n|\n|upkeep\n|turn|6\n|\n|t:|1700216999\n|move|p2a: Zacian|Sacred Sword|p1a: Glimmora\n|-damage|p1a: Glimmora|0 fnt\n|-activate|p1a: Glimmora|ability: Toxic Debris\n|-sidestart|p2: njjjnbv|move: Toxic Spikes\n|faint|p1a: Glimmora\n|\n|upkeep\n|\n|t:|1700217004\n|switch|p1a: Calyrex|Calyrex-Shadow|100\/100\n|-ability|p1a: Calyrex|As One\n|-ability|p1a: Calyrex|Unnerve\n|turn|7\n|\n|t:|1700217022\n|move|p2a: Zacian|Behemoth Blade|p1a: Calyrex\n|-damage|p1a: Calyrex|2\/100\n|move|p1a: Calyrex|Astral Barrage|p2a: Zacian\n|-damage|p2a: Zacian|31\/100\n|\n|upkeep\n|turn|8\n|\n|t:|1700217060\n|move|p2a: Zacian|Behemoth Blade|p1a: Calyrex\n|-damage|p1a: Calyrex|0 fnt\n|faint|p1a: Calyrex\n|\n|upkeep\n|\n|t:|1700217064\n|switch|p1a: Arceus|Arceus-Ground|100\/100\n|turn|9\n|\n|t:|1700217077\n|move|p2a: Zacian|Ice Fang|p1a: Arceus\n|-supereffective|p1a: Arceus\n|-damage|p1a: Arceus|57\/100\n|move|p1a: Arceus|Earthquake|p2a: Zacian\n|-supereffective|p2a: Zacian\n|-damage|p2a: Zacian|0 fnt\n|faint|p2a: Zacian\n|\n|upkeep\n|\n|t:|1700217088\n|switch|p2a: Espathra|Espathra, F|72\/100 psn\n|-damage|p2a: Espathra|60\/100 psn|[from] Stealth Rock\n|turn|10\n|\n|t:|1700217094\n|move|p2a: Espathra|Substitute|p2a: Espathra\n|-start|p2a: Espathra|Substitute\n|-damage|p2a: Espathra|35\/100 psn\n|move|p1a: Arceus|Dragon Dance|p1a: Arceus\n|-boost|p1a: Arceus|atk|1\n|-boost|p1a: Arceus|spe|1\n|\n|-heal|p2a: Espathra|41\/100 psn|[from] item: Leftovers\n|-damage|p2a: Espathra|28\/100 psn|[from] psn\n|-ability|p2a: Espathra|Speed Boost|boost\n|-boost|p2a: Espathra|spe|1\n|upkeep\n|turn|11\n|\n|t:|1700217105\n|move|p2a: Espathra|Roost|p2a: Espathra\n|-heal|p2a: Espathra|78\/100 psn\n|-singleturn|p2a: Espathra|move: Roost\n|move|p1a: Arceus|Earthquake|p2a: Espathra\n|-end|p2a: Espathra|Substitute\n|\n|-heal|p2a: Espathra|85\/100 psn|[from] item: Leftovers\n|-damage|p2a: Espathra|72\/100 psn|[from] psn\n|-ability|p2a: Espathra|Speed Boost|boost\n|-boost|p2a: Espathra|spe|1\n|upkeep\n|turn|12\n|\n|t:|1700217119\n|move|p2a: Espathra|Baton Pass|p2a: Espathra\n|\n|t:|1700217122\n|switch|p2a: Gliscor|Gliscor, M|100\/100|[from] Baton Pass\n|-damage|p2a: Gliscor|88\/100|[from] Stealth Rock\n|move|p1a: Arceus|Earthquake|p2a: Gliscor\n|-immune|p2a: Gliscor\n|\n|-status|p2a: Gliscor|tox|[from] item: Toxic Orb\n|upkeep\n|turn|13\n|\n|t:|1700217135\n|move|p2a: Gliscor|Toxic|p1a: Arceus|[miss]\n|-miss|p2a: Gliscor|p1a: Arceus\n|move|p1a: Arceus|Recover|p1a: Arceus\n|-heal|p1a: Arceus|100\/100\n|\n|-heal|p2a: Gliscor|100\/100 tox|[from] ability: Poison Heal\n|upkeep\n|turn|14\n|\n|t:|1700217143\n|switch|p1a: Zacian|Zacian-Crowned|100\/100\n|move|p2a: Gliscor|Toxic|p1a: Zacian\n|-immune|p1a: Zacian\n|\n|upkeep\n|turn|15\n|\n|t:|1700217169\n|switch|p1a: Koraidon|Koraidon|100\/100\n|-weather|SunnyDay|[from] ability: Orichalcum Pulse|[of] p1a: Koraidon\n|-activate|p1a: Koraidon|Orichalcum Pulse|[source]\n|move|p2a: Gliscor|Protect||[still]\n|-fail|p2a: Gliscor\n|\n|-weather|SunnyDay|[upkeep]\n|upkeep\n|turn|16\n|\n|t:|1700217183\n|-terastallize|p1a: Koraidon|Fire\n|move|p2a: Gliscor|Toxic|p1a: Koraidon\n|-status|p1a: Koraidon|tox\n|move|p1a: Koraidon|Flare Blitz|p2a: Gliscor\n|-damage|p2a: Gliscor|0 fnt\n|faint|p2a: Gliscor\n|-damage|p1a: Koraidon|66\/100 tox|[from] Recoil\n|\n|-weather|SunnyDay|[upkeep]\n|-damage|p1a: Koraidon|60\/100 tox|[from] psn\n|upkeep\n|\n|t:|1700217202\n|switch|p2a: Espathra|Espathra, F|72\/100 psn\n|-damage|p2a: Espathra|60\/100 psn|[from] Stealth Rock\n|turn|17\n|\n|t:|1700217212\n|move|p1a: Koraidon|Flare Blitz|p2a: Espathra\n|-damage|p2a: Espathra|0 fnt\n|faint|p2a: Espathra\n|-damage|p1a: Koraidon|37\/100 tox|[from] Recoil\n|\n|-weather|SunnyDay|[upkeep]\n|-damage|p1a: Koraidon|25\/100 tox|[from] psn\n|upkeep\n|\n|t:|1700217222\n|switch|p2a: Arceus|Arceus-Water|100\/100\n|-damage|p2a: Arceus|88\/100|[from] Stealth Rock\n|-status|p2a: Arceus|tox\n|turn|18\n|\n|t:|1700217229\n|switch|p1a: Zacian|Zacian-Crowned|100\/100\n|move|p2a: Arceus|Judgment|p1a: Zacian\n|-damage|p1a: Zacian|80\/100\n|\n|-weather|SunnyDay|[upkeep]\n|-damage|p2a: Arceus|82\/100 tox|[from] psn\n|upkeep\n|turn|19\n|\n|t:|1700217251\n|move|p1a: Zacian|Trailblaze|p2a: Arceus\n|-supereffective|p2a: Arceus\n|-damage|p2a: Arceus|56\/100 tox\n|-boost|p1a: Zacian|spe|1\n|move|p2a: Arceus|Earth Power|p1a: Zacian\n|-supereffective|p1a: Zacian\n|-damage|p1a: Zacian|37\/100\n|-unboost|p1a: Zacian|spd|1\n|\n|-weather|none\n|-damage|p2a: Arceus|44\/100 tox|[from] psn\n|upkeep\n|turn|20\n|\n|t:|1700217268\n|move|p1a: Zacian|Behemoth Blade|p2a: Arceus\n|-resisted|p2a: Arceus\n|-damage|p2a: Arceus|24\/100 tox\n|move|p2a: Arceus|Earth Power|p1a: Zacian\n|-supereffective|p1a: Zacian\n|-damage|p1a: Zacian|0 fnt\n|faint|p1a: Zacian\n|\n|-damage|p2a: Arceus|6\/100 tox|[from] psn\n|upkeep\n|\n|t:|1700217274\n|switch|p1a: Arceus|Arceus-Dark|100\/100\n|turn|21\n|\n|t:|1700217284\n|move|p2a: Arceus|Gunk Shot|p1a: Arceus\n|-damage|p1a: Arceus|80\/100\n|-status|p1a: Arceus|psn\n|move|p1a: Arceus|Calm Mind|p1a: Arceus\n|-boost|p1a: Arceus|spa|1\n|-boost|p1a: Arceus|spd|1\n|\n|-damage|p2a: Arceus|0 fnt|[from] psn\n|faint|p2a: Arceus\n|-damage|p1a: Arceus|67\/100 psn|[from] psn\n|upkeep\n|j| qinis\n|\n|t:|1700217296\n|switch|p2a: Miraidon|Miraidon|100\/100\n|-damage|p2a: Miraidon|88\/100|[from] Stealth Rock\n|-status|p2a: Miraidon|tox\n|-fieldstart|move: Electric Terrain|[from] ability: Hadron Engine|[of] p2a: Miraidon\n|turn|22\n|\n|t:|1700217306\n|move|p2a: Miraidon|Electro Drift|p1a: Arceus\n|-damage|p1a: Arceus|16\/100 psn\n|-damage|p2a: Miraidon|78\/100 tox|[from] item: Life Orb\n|move|p1a: Arceus|Recover|p1a: Arceus\n|-heal|p1a: Arceus|66\/100 psn\n|\n|-damage|p2a: Miraidon|72\/100 tox|[from] psn\n|-damage|p1a: Arceus|54\/100 psn|[from] psn\n|upkeep\n|turn|23\n|\n|t:|1700217316\n|switch|p1a: Arceus|Arceus-Ground|100\/100\n|move|p2a: Miraidon|Electro Drift|p1a: Arceus\n|-immune|p1a: Arceus\n|\n|-damage|p2a: Miraidon|60\/100 tox|[from] psn\n|upkeep\n|turn|24\n|\n|t:|1700217326\n|move|p2a: Miraidon|Draco Meteor|p1a: Arceus\n|-damage|p1a: Arceus|18\/100\n|-unboost|p2a: Miraidon|spa|2\n|-damage|p2a: Miraidon|50\/100 tox|[from] item: Life Orb\n|move|p1a: Arceus|Dragon Dance|p1a: Arceus\n|-boost|p1a: Arceus|atk|1\n|-boost|p1a: Arceus|spe|1\n|\n|-damage|p2a: Miraidon|31\/100 tox|[from] psn\n|upkeep\n|turn|25\n|\n|t:|1700217337\n|move|p1a: Arceus|Earthquake|p2a: Miraidon\n|-supereffective|p2a: Miraidon\n|-damage|p2a: Miraidon|0 fnt\n|faint|p2a: Miraidon\n|\n|upkeep\n|\n|t:|1700217342\n|switch|p2a: Calyrex|Calyrex-Shadow|100\/100\n|-ability|p2a: Calyrex|As One\n|-ability|p2a: Calyrex|Unnerve\n|-damage|p2a: Calyrex|88\/100|[from] Stealth Rock\n|-status|p2a: Calyrex|tox\n|turn|26\n|\n|t:|1700217352\n|move|p1a: Arceus|Earthquake|p2a: Calyrex\n|-damage|p2a: Calyrex|0 fnt\n|faint|p2a: Calyrex\n|\n|win|ND!I like\n|raw|ND!I like's rating: 1290 &rarr; <strong>1309<\/strong><br \/>(+19 for winning)\n|raw|njjjnbv's rating: 1206 &rarr; <strong>1187<\/strong><br \/>(-19 for losing)\n|l|\u2606njjjnbv\n|l| qinis\n","uploadtime":1700217403,"views":15,"p1id":"ndilike","p2id":"njjjnbv","formatid":"gen9anythinggoes","rating":1187,"private":0,"password":""}