{"id":"gen9anythinggoes-1999174156","p1":"Mr Box Hill","p2":"uyhgoluy","format":"[Gen 9] Anything Goes","log":"|j|\u2606Mr Box Hill\n|j|\u2606uyhgoluy\n|t:|1701041435\n|gametype|singles\n|player|p1|Mr Box Hill|102|1232\n|player|p2|uyhgoluy|ghetsis-gen5bw|1119\n|teamsize|p1|6\n|teamsize|p2|6\n|gen|9\n|tier|[Gen 9] Anything Goes\n|rated|\n|rule|HP Percentage Mod: HP is shown in percentages\n|rule|Endless Battle Clause: Forcing endless battles is banned\n|clearpoke\n|poke|p1|Maushold-Four|\n|poke|p1|Flutter Mane|\n|poke|p1|Miraidon|\n|poke|p1|Rabsca, M|\n|poke|p1|Garganacl, F|\n|poke|p1|Houndstone, M|\n|poke|p2|Hydreigon, F|\n|poke|p2|Jirachi|\n|poke|p2|Urshifu-*, M|\n|poke|p2|Zoroark, M|\n|poke|p2|Moltres-Galar|\n|poke|p2|Arcanine-Hisui, M|\n|teampreview\n|inactive|Battle timer is ON: inactive players will automatically lose when time's up. (requested by uyhgoluy)\n|\n|t:|1701041443\n|start\n|switch|p1a: DeMarco|Miraidon|100\/100\n|switch|p2a: Arcanine|Arcanine-Hisui, M|100\/100\n|-fieldstart|move: Electric Terrain|[from] ability: Hadron Engine|[of] p1a: DeMarco\n|turn|1\n|\n|t:|1701041452\n|-terastallize|p1a: DeMarco|Electric\n|move|p1a: DeMarco|Electro Drift|p2a: Arcanine\n|-enditem|p2a: Arcanine|Focus Sash\n|-damage|p2a: Arcanine|1\/100\n|move|p2a: Arcanine|Stealth Rock|p1a: DeMarco\n|-sidestart|p1: Mr Box Hill|move: Stealth Rock\n|\n|upkeep\n|turn|2\n|\n|t:|1701041461\n|move|p1a: DeMarco|Electro Drift|p2a: Arcanine\n|-damage|p2a: Arcanine|0 fnt\n|faint|p2a: Arcanine\n|\n|upkeep\n|inactive|uyhgoluy has 120 seconds left.\n|\n|t:|1701041499\n|switch|p2a: Jirachi|Jirachi|100\/100\n|turn|3\n|\n|t:|1701041503\n|move|p1a: DeMarco|Electro Drift|p2a: Jirachi\n|-damage|p2a: Jirachi|0 fnt\n|faint|p2a: Jirachi\n|\n|upkeep\n|\n|t:|1701041509\n|switch|p2a: Hydreigon|Hydreigon, F|100\/100\n|turn|4\n|\n|t:|1701041513\n|move|p1a: DeMarco|Dragon Pulse|p2a: Hydreigon\n|-supereffective|p2a: Hydreigon\n|-damage|p2a: Hydreigon|0 fnt\n|faint|p2a: Hydreigon\n|\n|upkeep\n|\n|t:|1701041516\n|switch|p2a: Urshifu|Urshifu-Rapid-Strike, M|100\/100\n|turn|5\n|\n|t:|1701041519\n|-terastallize|p2a: Urshifu|Steel\n|move|p1a: DeMarco|Electro Drift|p2a: Urshifu\n|-damage|p2a: Urshifu|0 fnt\n|faint|p2a: Urshifu\n|\n|-fieldend|move: Electric Terrain\n|upkeep\n|\n|t:|1701041523\n|switch|p2a: Moltres|Moltres-Galar|100\/100\n|turn|6\n|\n|t:|1701041530\n|move|p1a: DeMarco|Electro Drift|p2a: Moltres\n|-enditem|p2a: Moltres|Focus Sash\n|-damage|p2a: Moltres|1\/100\n|replace|p2a: Zoroark|Zoroark, M\n|-end|p2a: Zoroark|Illusion\n|move|p2a: Zoroark|Sludge Bomb|p1a: DeMarco\n|-damage|p1a: DeMarco|81\/100\n|-status|p1a: DeMarco|psn\n|\n|-damage|p1a: DeMarco|69\/100 psn|[from] psn\n|upkeep\n|turn|7\n|\n|t:|1701041535\n|move|p1a: DeMarco|Electro Drift|p2a: Zoroark\n|-damage|p2a: Zoroark|0 fnt\n|faint|p2a: Zoroark\n|\n|-damage|p1a: DeMarco|57\/100 psn|[from] psn\n|upkeep\n|\n|t:|1701041537\n|switch|p2a: Moltres|Moltres-Galar|100\/100\n|turn|8\n|\n|t:|1701041540\n|move|p1a: DeMarco|Electro Drift|p2a: Moltres\n|-supereffective|p2a: Moltres\n|-damage|p2a: Moltres|0 fnt\n|faint|p2a: Moltres\n|\n|win|Mr Box Hill\n|raw|Mr Box Hill's rating: 1232 &rarr; <strong>1249<\/strong><br \/>(+17 for winning)\n|raw|uyhgoluy's rating: 1119 &rarr; <strong>1102<\/strong><br \/>(-17 for losing)\n","uploadtime":1701041543,"views":0,"p1id":"mrboxhill","p2id":"uyhgoluy","formatid":"gen9anythinggoes","rating":1102,"private":0,"password":""}