{"id":"gen9anythinggoes-1987181752","p1":"Doodahooha","p2":"henrydarklord","format":"[Gen 9] Anything Goes","log":"|j|\u2606Doodahooha\n|j|\u2606henrydarklord\n|t:|1699562985\n|gametype|singles\n|player|p1|Doodahooha|169|1111\n|player|p2|henrydarklord|palmer|1000\n|teamsize|p1|6\n|teamsize|p2|6\n|gen|9\n|tier|[Gen 9] Anything Goes\n|rated|\n|rule|HP Percentage Mod: HP is shown in percentages\n|rule|Endless Battle Clause: Forcing endless battles is banned\n|clearpoke\n|poke|p1|Espathra, M|\n|poke|p1|Magearna-Original|\n|poke|p1|Drifblim, M|\n|poke|p1|Clefable, M|\n|poke|p1|Ditto|\n|poke|p1|Glimmora, M|\n|poke|p2|Flareon, F|\n|poke|p2|Umbreon, F|\n|poke|p2|Iron Treads|\n|poke|p2|Eternatus|\n|poke|p2|Miraidon|\n|poke|p2|Basculegion-F, F|\n|teampreview\n|\n|t:|1699562992\n|start\n|switch|p1a: Glimmora|Glimmora, M|100\/100\n|switch|p2a: Eternatus|Eternatus|100\/100\n|-ability|p2a: Eternatus|Pressure\n|turn|1\n|c|\u2606Doodahooha|goodluck\n|\n|t:|1699563006\n|move|p2a: Eternatus|Draco Meteor|p1a: Glimmora\n|-damage|p1a: Glimmora|20\/100\n|-unboost|p2a: Eternatus|spa|2\n|move|p1a: Glimmora|Stealth Rock|p2a: Eternatus\n|-sidestart|p2: henrydarklord|move: Stealth Rock\n|\n|upkeep\n|turn|2\n|\n|t:|1699563019\n|move|p2a: Eternatus|Draco Meteor|p1a: Glimmora\n|-damage|p1a: Glimmora|0 fnt\n|-unboost|p2a: Eternatus|spa|2\n|faint|p1a: Glimmora\n|\n|upkeep\n|\n|t:|1699563032\n|switch|p1a: Drifblim|Drifblim, M|100\/100\n|turn|3\n|\n|t:|1699563037\n|-terastallize|p2a: Eternatus|Poison\n|move|p1a: Drifblim|Minimize|p1a: Drifblim\n|-boost|p1a: Drifblim|evasion|2\n|move|p2a: Eternatus|Draco Meteor|p1a: Drifblim\n|-damage|p1a: Drifblim|78\/100\n|-unboost|p2a: Eternatus|spa|2\n|\n|upkeep\n|turn|4\n|\n|t:|1699563050\n|move|p1a: Drifblim|Minimize|p1a: Drifblim\n|-boost|p1a: Drifblim|evasion|2\n|move|p2a: Eternatus|Giga Impact|p1a: Drifblim\n|-immune|p1a: Drifblim\n|\n|upkeep\n|turn|5\n|\n|t:|1699563058\n|move|p1a: Drifblim|Minimize|p1a: Drifblim\n|-boost|p1a: Drifblim|evasion|2\n|move|p2a: Eternatus|Gunk Shot|p1a: Drifblim\n|-resisted|p1a: Drifblim\n|-damage|p1a: Drifblim|30\/100\n|-status|p1a: Drifblim|psn\n|\n|-damage|p1a: Drifblim|17\/100 psn|[from] psn\n|upkeep\n|turn|6\n|\n|t:|1699563068\n|move|p1a: Drifblim|Baton Pass|p1a: Drifblim\n|\n|t:|1699563071\n|switch|p1a: Clefable|Clefable, M|100\/100|[from] Baton Pass\n|move|p2a: Eternatus|Gunk Shot|p1a: Clefable\n|-supereffective|p1a: Clefable\n|-damage|p1a: Clefable|0 fnt\n|faint|p1a: Clefable\n|\n|upkeep\n|c|\u2606Doodahooha|how did that connect?\n|\n|t:|1699563085\n|switch|p1a: Ditto|Ditto|100\/100\n|-transform|p1a: Ditto|p2a: Eternatus|[from] ability: Imposter\n|-ability|p1a: Ditto|Pressure\n|-start|p1a: Ditto|typechange|Poison\/Dragon|[silent]\n|turn|7\n|\n|t:|1699563096\n|move|p2a: Eternatus|Draco Meteor|p1a: Ditto\n|-supereffective|p1a: Ditto\n|-damage|p1a: Ditto|66\/100\n|move|p1a: Ditto|Gunk Shot|p2a: Eternatus|[miss]\n|-miss|p1a: Ditto|p2a: Eternatus\n|\n|-heal|p1a: Ditto|72\/100|[from] item: Leftovers\n|upkeep\n|turn|8\n|\n|t:|1699563107\n|move|p1a: Ditto|Giga Impact|p2a: Eternatus\n|-damage|p2a: Eternatus|71\/100\n|-mustrecharge|p1a: Ditto\n|move|p2a: Eternatus|Giga Impact|p1a: Ditto|[miss]\n|-miss|p2a: Eternatus|p1a: Ditto\n|\n|-heal|p1a: Ditto|78\/100|[from] item: Leftovers\n|upkeep\n|turn|9\n|\n|t:|1699563118\n|cant|p1a: Ditto|recharge\n|move|p2a: Eternatus|Draco Meteor|p1a: Ditto\n|-supereffective|p1a: Ditto\n|-damage|p1a: Ditto|42\/100\n|\n|-heal|p1a: Ditto|48\/100|[from] item: Leftovers\n|upkeep\n|turn|10\n|\n|t:|1699563127\n|move|p2a: Eternatus|Draco Meteor|p1a: Ditto\n|-supereffective|p1a: Ditto\n|-damage|p1a: Ditto|14\/100\n|move|p1a: Ditto|Draco Meteor|p2a: Eternatus|[miss]\n|-miss|p1a: Ditto|p2a: Eternatus\n|\n|-heal|p1a: Ditto|20\/100|[from] item: Leftovers\n|upkeep\n|turn|11\n|\n|t:|1699563141\n|move|p1a: Ditto|Draco Meteor|p2a: Eternatus\n|-damage|p2a: Eternatus|61\/100\n|move|p2a: Eternatus|Dragon Dance|p2a: Eternatus\n|-boost|p2a: Eternatus|atk|1\n|-boost|p2a: Eternatus|spe|1\n|\n|-heal|p1a: Ditto|26\/100|[from] item: Leftovers\n|upkeep\n|turn|12\n|\n|t:|1699563151\n|move|p2a: Eternatus|Gunk Shot|p1a: Ditto\n|-resisted|p1a: Ditto\n|-damage|p1a: Ditto|0 fnt\n|faint|p1a: Ditto\n|\n|upkeep\n|\n|t:|1699563168\n|switch|p1a: Espathra|Espathra, M|100\/100\n|turn|13\n|\n|t:|1699563173\n|move|p2a: Eternatus|Gunk Shot|p1a: Espathra\n|-enditem|p1a: Espathra|Focus Sash\n|-damage|p1a: Espathra|1\/100\n|move|p1a: Espathra|Light Screen|p1a: Espathra\n|-sidestart|p1: Doodahooha|move: Light Screen\n|\n|upkeep\n|turn|14\n|\n|t:|1699563182\n|move|p2a: Eternatus|Gunk Shot|p1a: Espathra\n|-damage|p1a: Espathra|0 fnt\n|faint|p1a: Espathra\n|\n|upkeep\n|\n|t:|1699563186\n|switch|p1a: Magearna|Magearna-Original|100\/100\n|turn|15\n|\n|t:|1699563192\n|move|p2a: Eternatus|Gunk Shot|p1a: Magearna\n|-immune|p1a: Magearna\n|move|p1a: Magearna|Stored Power|p2a: Eternatus\n|-supereffective|p2a: Eternatus\n|-damage|p2a: Eternatus|50\/100\n|\n|upkeep\n|turn|16\n|\n|t:|1699563200\n|move|p2a: Eternatus|Gunk Shot|p1a: Magearna\n|-immune|p1a: Magearna\n|move|p1a: Magearna|Stored Power|p2a: Eternatus\n|-supereffective|p2a: Eternatus\n|-damage|p2a: Eternatus|38\/100\n|\n|upkeep\n|turn|17\n|\n|t:|1699563210\n|move|p2a: Eternatus|Giga Impact|p1a: Magearna\n|-resisted|p1a: Magearna\n|-damage|p1a: Magearna|72\/100\n|-mustrecharge|p2a: Eternatus\n|move|p1a: Magearna|Stored Power|p2a: Eternatus\n|-supereffective|p2a: Eternatus\n|-damage|p2a: Eternatus|27\/100\n|\n|-sideend|p1: Doodahooha|move: Light Screen\n|upkeep\n|turn|18\n|\n|t:|1699563222\n|cant|p2a: Eternatus|recharge\n|move|p1a: Magearna|Stored Power|p2a: Eternatus\n|-supereffective|p2a: Eternatus\n|-damage|p2a: Eternatus|16\/100\n|\n|upkeep\n|turn|19\n|\n|t:|1699563234\n|switch|p2a: darkstalker|Umbreon, F|100\/100\n|-damage|p2a: darkstalker|88\/100|[from] Stealth Rock\n|move|p1a: Magearna|Stored Power|p2a: darkstalker\n|-immune|p2a: darkstalker\n|\n|upkeep\n|turn|20\n|\n|t:|1699563245\n|move|p2a: darkstalker|Dark Pulse|p1a: Magearna\n|-resisted|p1a: Magearna\n|-damage|p1a: Magearna|63\/100\n|move|p1a: Magearna|Stored Power|p2a: darkstalker\n|-immune|p2a: darkstalker\n|\n|upkeep\n|turn|21\n|\n|t:|1699563254\n|move|p2a: darkstalker|Tera Blast|p1a: Magearna\n|-resisted|p1a: Magearna\n|-damage|p1a: Magearna|57\/100\n|move|p1a: Magearna|Stored Power|p2a: darkstalker\n|-immune|p2a: darkstalker\n|\n|upkeep\n|turn|22\n|\n|t:|1699563262\n|move|p2a: darkstalker|Double-Edge|p1a: Magearna\n|-resisted|p1a: Magearna\n|-damage|p1a: Magearna|48\/100\n|-damage|p2a: darkstalker|86\/100|[from] Recoil\n|move|p1a: Magearna|Stored Power|p2a: darkstalker\n|-immune|p2a: darkstalker\n|\n|upkeep\n|turn|23\n|c|\u2606Doodahooha|why am i unable to use any other attacks\n|\n|t:|1699563276\n|move|p2a: darkstalker|Double-Edge|p1a: Magearna\n|-resisted|p1a: Magearna\n|-damage|p1a: Magearna|39\/100\n|-damage|p2a: darkstalker|83\/100|[from] Recoil\n|move|p1a: Magearna|Stored Power|p2a: darkstalker\n|-immune|p2a: darkstalker\n|\n|upkeep\n|turn|24\n|\n|t:|1699563287\n|move|p2a: darkstalker|Double-Edge|p1a: Magearna\n|-resisted|p1a: Magearna\n|-damage|p1a: Magearna|30\/100\n|-damage|p2a: darkstalker|81\/100|[from] Recoil\n|move|p1a: Magearna|Stored Power|p2a: darkstalker\n|-immune|p2a: darkstalker\n|\n|upkeep\n|turn|25\n|\n|t:|1699563297\n|move|p2a: darkstalker|Moonlight|p2a: darkstalker\n|-heal|p2a: darkstalker|100\/100\n|move|p1a: Magearna|Stored Power|p2a: darkstalker\n|-immune|p2a: darkstalker\n|\n|upkeep\n|turn|26\n|\n|t:|1699563306\n|move|p2a: darkstalker|Double-Edge|p1a: Magearna\n|-resisted|p1a: Magearna\n|-damage|p1a: Magearna|21\/100\n|-damage|p2a: darkstalker|98\/100|[from] Recoil\n|move|p1a: Magearna|Stored Power|p2a: darkstalker\n|-immune|p2a: darkstalker\n|\n|upkeep\n|turn|27\n|\n|t:|1699563315\n|move|p2a: darkstalker|Double-Edge|p1a: Magearna\n|-resisted|p1a: Magearna\n|-damage|p1a: Magearna|11\/100\n|-damage|p2a: darkstalker|95\/100|[from] Recoil\n|-activate|p1a: Magearna|move: Struggle\n|move|p1a: Magearna|Struggle|p2a: darkstalker\n|-damage|p2a: darkstalker|84\/100\n|-damage|p1a: Magearna|0 fnt|[from] recoil\n|faint|p1a: Magearna\n|\n|upkeep\n|\n|t:|1699563324\n|switch|p1a: Drifblim|Drifblim, M|17\/100 psn\n|turn|28\n|\n|t:|1699563328\n|move|p1a: Drifblim|Minimize|p1a: Drifblim\n|-boost|p1a: Drifblim|evasion|2\n|move|p2a: darkstalker|Double-Edge|p1a: Drifblim\n|-immune|p1a: Drifblim\n|\n|-damage|p1a: Drifblim|5\/100 psn|[from] psn\n|upkeep\n|turn|29\n|\n|t:|1699563337\n|move|p1a: Drifblim|Minimize|p1a: Drifblim\n|-boost|p1a: Drifblim|evasion|2\n|move|p2a: darkstalker|Tera Blast|p1a: Drifblim\n|-immune|p1a: Drifblim\n|\n|-damage|p1a: Drifblim|0 fnt|[from] psn\n|faint|p1a: Drifblim\n|\n|win|henrydarklord\n|upkeep\n|raw|Doodahooha's rating: 1111 &rarr; <strong>1078<\/strong><br \/>(-33 for losing)\n|raw|henrydarklord's rating: 1000 &rarr; <strong>1052<\/strong><br \/>(+52 for winning)\n|l|\u2606Doodahooha\n","uploadtime":1699563353,"views":10,"p1id":"doodahooha","p2id":"henrydarklord","formatid":"gen9anythinggoes","rating":1052,"private":0,"password":""}