{"id":"gen9anythinggoes-1996326113","p1":"dimincaterpiy","p2":"geesegoose","format":"[Gen 9] Anything Goes","log":"|j|\u2606dimincaterpiy\n|j|\u2606geesegoose\n|t:|1700671385\n|gametype|singles\n|player|p1|dimincaterpiy|bellelba|1235\n|player|p2|geesegoose|102|1147\n|teamsize|p1|6\n|teamsize|p2|6\n|gen|9\n|tier|[Gen 9] Anything Goes\n|rated|\n|rule|HP Percentage Mod: HP is shown in percentages\n|rule|Endless Battle Clause: Forcing endless battles is banned\n|clearpoke\n|poke|p1|Gardevoir, F|\n|poke|p1|Meowscarada, M|\n|poke|p1|Ursaluna, F|\n|poke|p1|Basculegion, M|\n|poke|p1|Clodsire, F|\n|poke|p1|Chien-Pao|\n|poke|p2|Gastrodon, F|\n|poke|p2|Rotom-Mow|\n|poke|p2|Skeledirge, M|\n|poke|p2|Urshifu-*, M|\n|poke|p2|Mandibuzz, F|\n|poke|p2|Munkidori, M|\n|teampreview\n|inactive|Battle timer is ON: inactive players will automatically lose when time's up. (requested by dimincaterpiy)\n|\n|t:|1700671395\n|start\n|switch|p1a: TRUCK|Ursaluna, F|100\/100\n|switch|p2a: Munkidori|Munkidori, M|100\/100\n|turn|1\n|\n|t:|1700671411\n|move|p2a: Munkidori|Parting Shot|p1a: TRUCK\n|-unboost|p1a: TRUCK|atk|1\n|-unboost|p1a: TRUCK|spa|1\n|\n|t:|1700671417\n|switch|p2a: Rotom|Rotom-Mow|100\/100|[from] Parting Shot\n|move|p1a: TRUCK|Earthquake|p2a: Rotom\n|-immune|p2a: Rotom|[from] ability: Levitate\n|\n|-status|p1a: TRUCK|brn|[from] item: Flame Orb\n|upkeep\n|turn|2\n|\n|t:|1700671428\n|move|p2a: Rotom|Leaf Storm|p1a: TRUCK\n|-supereffective|p1a: TRUCK\n|-damage|p1a: TRUCK|0 fnt\n|-unboost|p2a: Rotom|spa|2\n|faint|p1a: TRUCK\n|\n|upkeep\n|\n|t:|1700671435\n|switch|p1a: Crash|Chien-Pao|100\/100\n|-ability|p1a: Crash|Sword of Ruin\n|turn|3\n|\n|t:|1700671449\n|switch|p2a: Urshifu|Urshifu-Rapid-Strike, M|100\/100\n|move|p1a: Crash|Icicle Crash|p2a: Urshifu\n|-resisted|p2a: Urshifu\n|-damage|p2a: Urshifu|62\/100\n|\n|upkeep\n|turn|4\n|\n|t:|1700671463\n|move|p1a: Crash|Psychic Fangs|p2a: Urshifu\n|-supereffective|p2a: Urshifu\n|-damage|p2a: Urshifu|0 fnt\n|faint|p2a: Urshifu\n|\n|upkeep\n|\n|t:|1700671475\n|switch|p2a: Munkidori|Munkidori, M|100\/100\n|turn|5\n|\n|t:|1700671478\n|move|p2a: Munkidori|Focus Blast|p1a: Crash|[miss]\n|-miss|p2a: Munkidori|p1a: Crash\n|move|p1a: Crash|Psychic Fangs|p2a: Munkidori\n|-damage|p2a: Munkidori|42\/100\n|\n|upkeep\n|turn|6\n|\n|t:|1700671481\n|move|p2a: Munkidori|Focus Blast|p1a: Crash\n|-supereffective|p1a: Crash\n|-damage|p1a: Crash|0 fnt\n|faint|p1a: Crash\n|\n|upkeep\n|\n|t:|1700671485\n|switch|p1a: BOOP THE GOD|Clodsire, F|100\/100\n|turn|7\n|\n|t:|1700671493\n|switch|p2a: Rotom|Rotom-Mow|100\/100\n|move|p1a: BOOP THE GOD|Earthquake|p2a: Rotom\n|-immune|p2a: Rotom|[from] ability: Levitate\n|\n|upkeep\n|turn|8\n|\n|t:|1700671501\n|move|p2a: Rotom|Trick|p1a: BOOP THE GOD\n|-activate|p2a: Rotom|move: Trick|[of] p1a: BOOP THE GOD\n|-item|p1a: BOOP THE GOD|Choice Scarf|[from] move: Trick\n|-item|p2a: Rotom|Black Sludge|[from] move: Trick\n|move|p1a: BOOP THE GOD|Poison Jab|p2a: Rotom\n|-supereffective|p2a: Rotom\n|-damage|p2a: Rotom|8\/100\n|\n|-damage|p2a: Rotom|0 fnt|[from] item: Black Sludge\n|faint|p2a: Rotom\n|upkeep\n|\n|t:|1700671525\n|switch|p2a: Skeledirge|Skeledirge, M|100\/100\n|turn|9\n|\n|t:|1700671542\n|move|p2a: Skeledirge|Torch Song|p1a: BOOP THE GOD\n|-damage|p1a: BOOP THE GOD|77\/100\n|-boost|p2a: Skeledirge|spa|1\n|move|p1a: BOOP THE GOD|Poison Jab|p2a: Skeledirge\n|-resisted|p2a: Skeledirge\n|-damage|p2a: Skeledirge|86\/100\n|-status|p2a: Skeledirge|psn\n|\n|-damage|p2a: Skeledirge|74\/100 psn|[from] psn\n|upkeep\n|turn|10\n|\n|t:|1700671552\n|move|p2a: Skeledirge|Torch Song|p1a: BOOP THE GOD\n|-damage|p1a: BOOP THE GOD|43\/100\n|-boost|p2a: Skeledirge|spa|1\n|move|p1a: BOOP THE GOD|Poison Jab|p2a: Skeledirge\n|-resisted|p2a: Skeledirge\n|-damage|p2a: Skeledirge|62\/100 psn\n|\n|-damage|p2a: Skeledirge|49\/100 psn|[from] psn\n|upkeep\n|turn|11\n|\n|t:|1700671559\n|switch|p1a: boom|Gardevoir, F, shiny|100\/100\n|move|p2a: Skeledirge|Slack Off|p2a: Skeledirge\n|-heal|p2a: Skeledirge|99\/100 psn\n|\n|-damage|p2a: Skeledirge|87\/100 psn|[from] psn\n|upkeep\n|turn|12\n|\n|t:|1700671567\n|move|p1a: boom|Future Sight|p2a: Skeledirge\n|-start|p1a: boom|move: Future Sight\n|move|p2a: Skeledirge|Will-O-Wisp|p1a: boom\n|-status|p1a: boom|brn\n|\n|-damage|p2a: Skeledirge|74\/100 psn|[from] psn\n|-damage|p1a: boom|94\/100 brn|[from] brn\n|upkeep\n|turn|13\n|\n|t:|1700671572\n|switch|p1a: BOOP THE GOD|Clodsire, F|43\/100\n|move|p2a: Skeledirge|Hex|p1a: BOOP THE GOD\n|-damage|p1a: BOOP THE GOD|5\/100\n|\n|-damage|p2a: Skeledirge|62\/100 psn|[from] psn\n|upkeep\n|turn|14\n|\n|t:|1700671584\n|switch|p2a: Munkidori|Munkidori, M|42\/100\n|move|p1a: BOOP THE GOD|Earthquake|p2a: Munkidori\n|-supereffective|p2a: Munkidori\n|-damage|p2a: Munkidori|0 fnt\n|faint|p2a: Munkidori\n|\n|-hint|Future Sight did not hit because the target is fainted.\n|upkeep\n|\n|t:|1700671590\n|switch|p2a: Skeledirge|Skeledirge, M|62\/100 psn\n|turn|15\n|\n|t:|1700671594\n|switch|p2a: Mandibuzz|Mandibuzz, F|100\/100\n|move|p1a: BOOP THE GOD|Earthquake|p2a: Mandibuzz\n|-immune|p2a: Mandibuzz\n|\n|upkeep\n|turn|16\n|\n|t:|1700671601\n|switch|p1a: boom|Gardevoir, F, shiny|94\/100 brn\n|move|p2a: Mandibuzz|Knock Off|p1a: boom\n|-damage|p1a: boom|51\/100 brn\n|-enditem|p1a: boom|Life Orb|[from] move: Knock Off|[of] p2a: Mandibuzz\n|\n|-damage|p1a: boom|45\/100 brn|[from] brn\n|upkeep\n|turn|17\n|\n|t:|1700671610\n|switch|p2a: Skeledirge|Skeledirge, M|62\/100 psn\n|move|p1a: boom|Dazzling Gleam|p2a: Skeledirge\n|-resisted|p2a: Skeledirge\n|-damage|p2a: Skeledirge|46\/100 psn\n|\n|-damage|p2a: Skeledirge|34\/100 psn|[from] psn\n|-damage|p1a: boom|39\/100 brn|[from] brn\n|upkeep\n|turn|18\n|\n|t:|1700671622\n|move|p1a: boom|Dazzling Gleam|p2a: Skeledirge\n|-resisted|p2a: Skeledirge\n|-damage|p2a: Skeledirge|18\/100 psn\n|move|p2a: Skeledirge|Slack Off|p2a: Skeledirge\n|-heal|p2a: Skeledirge|68\/100 psn\n|\n|-damage|p2a: Skeledirge|56\/100 psn|[from] psn\n|-damage|p1a: boom|33\/100 brn|[from] brn\n|upkeep\n|turn|19\n|\n|t:|1700671625\n|move|p1a: boom|Future Sight|p2a: Skeledirge\n|-start|p1a: boom|move: Future Sight\n|move|p2a: Skeledirge|Slack Off|p2a: Skeledirge\n|-heal|p2a: Skeledirge|100\/100 psn\n|\n|-damage|p2a: Skeledirge|88\/100 psn|[from] psn\n|-damage|p1a: boom|27\/100 brn|[from] brn\n|upkeep\n|turn|20\n|\n|t:|1700671628\n|move|p1a: boom|Calm Mind|p1a: boom\n|-boost|p1a: boom|spa|1\n|-boost|p1a: boom|spd|1\n|move|p2a: Skeledirge|Hex|p1a: boom\n|-supereffective|p1a: boom\n|-damage|p1a: boom|0 fnt\n|faint|p1a: boom\n|\n|-damage|p2a: Skeledirge|76\/100 psn|[from] psn\n|upkeep\n|\n|t:|1700671630\n|switch|p1a: BOOP THE GOD|Clodsire, F|5\/100\n|turn|21\n|\n|t:|1700671632\n|move|p2a: Skeledirge|Hex|p1a: BOOP THE GOD\n|-damage|p1a: BOOP THE GOD|0 fnt\n|faint|p1a: BOOP THE GOD\n|\n|-end|p2a: Skeledirge|move: Future Sight\n|-damage|p2a: Skeledirge|27\/100 psn\n|-damage|p2a: Skeledirge|14\/100 psn|[from] psn\n|upkeep\n|\n|t:|1700671635\n|switch|p1a: Tricke|Meowscarada, M, shiny|100\/100\n|turn|22\n|\n|t:|1700671643\n|move|p1a: Tricke|Knock Off|p2a: Skeledirge\n|-supereffective|p2a: Skeledirge\n|-damage|p2a: Skeledirge|0 fnt\n|-enditem|p2a: Skeledirge|Heavy-Duty Boots|[from] move: Knock Off|[of] p1a: Tricke\n|faint|p2a: Skeledirge\n|\n|upkeep\n|\n|t:|1700671645\n|switch|p2a: Mandibuzz|Mandibuzz, F|100\/100\n|turn|23\n|\n|t:|1700671655\n|move|p1a: Tricke|Knock Off|p2a: Mandibuzz\n|-resisted|p2a: Mandibuzz\n|-damage|p2a: Mandibuzz|87\/100\n|-enditem|p2a: Mandibuzz|Heavy-Duty Boots|[from] move: Knock Off|[of] p1a: Tricke\n|move|p2a: Mandibuzz|Foul Play|p1a: Tricke\n|-resisted|p1a: Tricke\n|-damage|p1a: Tricke|66\/100\n|\n|-heal|p1a: Tricke|72\/100|[from] item: Leftovers\n|upkeep\n|turn|24\n|\n|t:|1700671664\n|move|p1a: Tricke|Trailblaze|p2a: Mandibuzz\n|-resisted|p2a: Mandibuzz\n|-damage|p2a: Mandibuzz|80\/100\n|-boost|p1a: Tricke|spe|1\n|move|p2a: Mandibuzz|Iron Defense|p2a: Mandibuzz\n|-boost|p2a: Mandibuzz|def|2\n|\n|-heal|p1a: Tricke|78\/100|[from] item: Leftovers\n|upkeep\n|turn|25\n|\n|t:|1700671669\n|move|p1a: Tricke|Flower Trick|p2a: Mandibuzz\n|-resisted|p2a: Mandibuzz\n|-crit|p2a: Mandibuzz\n|-damage|p2a: Mandibuzz|65\/100\n|move|p2a: Mandibuzz|Iron Defense|p2a: Mandibuzz\n|-boost|p2a: Mandibuzz|def|2\n|\n|-heal|p1a: Tricke|84\/100|[from] item: Leftovers\n|upkeep\n|turn|26\n|\n|t:|1700671673\n|move|p1a: Tricke|Hone Claws|p1a: Tricke\n|-boost|p1a: Tricke|atk|1\n|-boost|p1a: Tricke|accuracy|1\n|move|p2a: Mandibuzz|Iron Defense|p2a: Mandibuzz\n|-boost|p2a: Mandibuzz|def|2\n|\n|-heal|p1a: Tricke|90\/100|[from] item: Leftovers\n|upkeep\n|turn|27\n|\n|t:|1700671676\n|move|p1a: Tricke|Hone Claws|p1a: Tricke\n|-boost|p1a: Tricke|atk|1\n|-boost|p1a: Tricke|accuracy|1\n|move|p2a: Mandibuzz|Foul Play|p1a: Tricke\n|-resisted|p1a: Tricke\n|-damage|p1a: Tricke|10\/100\n|\n|-heal|p1a: Tricke|16\/100|[from] item: Leftovers\n|upkeep\n|turn|28\n|\n|t:|1700671681\n|move|p1a: Tricke|Knock Off|p2a: Mandibuzz\n|-resisted|p2a: Mandibuzz\n|-damage|p2a: Mandibuzz|60\/100\n|move|p2a: Mandibuzz|Roost|p2a: Mandibuzz\n|-heal|p2a: Mandibuzz|100\/100\n|-singleturn|p2a: Mandibuzz|move: Roost\n|\n|-heal|p1a: Tricke|22\/100|[from] item: Leftovers\n|upkeep\n|turn|29\n|\n|t:|1700671686\n|move|p1a: Tricke|Hone Claws|p1a: Tricke\n|-boost|p1a: Tricke|atk|1\n|-boost|p1a: Tricke|accuracy|1\n|move|p2a: Mandibuzz|Foul Play|p1a: Tricke\n|-resisted|p1a: Tricke\n|-damage|p1a: Tricke|0 fnt\n|faint|p1a: Tricke\n|\n|upkeep\n|\n|t:|1700671688\n|switch|p1a: LOST RESPECT|Basculegion, M|100\/100\n|turn|30\n|\n|t:|1700671693\n|-terastallize|p1a: LOST RESPECT|Ghost\n|move|p1a: LOST RESPECT|Last Respects|p2a: Mandibuzz\n|-resisted|p2a: Mandibuzz\n|-damage|p2a: Mandibuzz|85\/100\n|move|p2a: Mandibuzz|Foul Play|p1a: LOST RESPECT\n|-supereffective|p1a: LOST RESPECT\n|-damage|p1a: LOST RESPECT|0 fnt\n|faint|p1a: LOST RESPECT\n|\n|win|geesegoose\n|raw|dimincaterpiy's rating: 1235 &rarr; <strong>1204<\/strong><br \/>(-31 for losing)\n|raw|geesegoose's rating: 1147 &rarr; <strong>1178<\/strong><br \/>(+31 for winning)\n|l|\u2606dimincaterpiy\n","uploadtime":1700671698,"views":2,"p1id":"dimincaterpiy","p2id":"geesegoose","formatid":"gen9anythinggoes","rating":1178,"private":0,"password":""}