{"id":"gen9anythinggoes-1975783801","p1":"Dumbfudge","p2":"Noobsmash7","format":"[Gen 9] Anything Goes","log":"|j|\u2606Dumbfudge\n|j|\u2606Noobsmash7\n|t:|1698237622\n|gametype|singles\n|player|p1|Dumbfudge|blackbelt-gen4dp|1352\n|player|p2|Noobsmash7|sailor|1299\n|teamsize|p1|6\n|teamsize|p2|6\n|gen|9\n|tier|[Gen 9] Anything Goes\n|rated|\n|rule|HP Percentage Mod: HP is shown in percentages\n|rule|Endless Battle Clause: Forcing endless battles is banned\n|clearpoke\n|poke|p1|Grimmsnarl, M|\n|poke|p1|Dudunsparce-*, M|\n|poke|p1|Zacian-*|\n|poke|p1|Drifblim, M|\n|poke|p1|Calyrex-Shadow|\n|poke|p1|Darkrai|\n|poke|p2|Infernape, M|\n|poke|p2|Tauros, M|\n|poke|p2|Golem, F|\n|poke|p2|Dusknoir, M|\n|poke|p2|Slowbro, M|\n|poke|p2|Probopass, M|\n|teampreview\n|c|\u2606Noobsmash7|gl\n|\n|t:|1698237627\n|start\n|switch|p1a: Grimmsnarl|Grimmsnarl, M|100\/100\n|switch|p2a: Golem|Golem, F|100\/100\n|turn|1\n|c|\u2606Noobsmash7|crap\n|c|\u2606Noobsmash7|plan b\n|\n|t:|1698237650\n|move|p1a: Grimmsnarl|Reflect|p1a: Grimmsnarl\n|-sidestart|p1: Dumbfudge|Reflect\n|move|p2a: Golem|Explosion|p1a: Grimmsnarl\n|-damage|p1a: Grimmsnarl|57\/100\n|faint|p2a: Golem\n|\n|upkeep\n|\n|t:|1698237654\n|switch|p2a: Probopass|Probopass, M|100\/100\n|turn|2\n|\n|t:|1698237658\n|move|p1a: Grimmsnarl|Light Screen|p1a: Grimmsnarl\n|-sidestart|p1: Dumbfudge|move: Light Screen\n|move|p2a: Probopass|Flash Cannon|p1a: Grimmsnarl\n|-supereffective|p1a: Grimmsnarl\n|-damage|p1a: Grimmsnarl|17\/100\n|-unboost|p1a: Grimmsnarl|spd|1\n|\n|upkeep\n|turn|3\n|\n|t:|1698237664\n|move|p1a: Grimmsnarl|Parting Shot|p2a: Probopass\n|-unboost|p2a: Probopass|atk|1\n|-unboost|p2a: Probopass|spa|1\n|\n|t:|1698237667\n|switch|p1a: Dudunsparce|Dudunsparce, M|100\/100|[from] Parting Shot\n|move|p2a: Probopass|Flash Cannon|p1a: Dudunsparce\n|-damage|p1a: Dudunsparce|92\/100\n|\n|upkeep\n|turn|4\n|inactive|Battle timer is ON: inactive players will automatically lose when time's up. (requested by Dumbfudge)\n|\n|t:|1698237674\n|switch|p2a: Dusknoir|Dusknoir, M|100\/100\n|-item|p1a: Dudunsparce|Mental Herb|[from] ability: Frisk|[of] p2a: Dusknoir|[identify]\n|move|p1a: Dudunsparce|Yawn|p2a: Dusknoir\n|-start|p2a: Dusknoir|move: Yawn|[of] p1a: Dudunsparce\n|\n|upkeep\n|turn|5\n|\n|t:|1698237682\n|switch|p2a: Tauros|Tauros, M|100\/100\n|move|p1a: Dudunsparce|Coil|p1a: Dudunsparce\n|-boost|p1a: Dudunsparce|atk|1\n|-boost|p1a: Dudunsparce|def|1\n|-boost|p1a: Dudunsparce|accuracy|1\n|\n|upkeep\n|turn|6\n|\n|t:|1698237690\n|move|p2a: Tauros|Close Combat|p1a: Dudunsparce\n|-supereffective|p1a: Dudunsparce\n|-damage|p1a: Dudunsparce|74\/100\n|-unboost|p2a: Tauros|def|1\n|-unboost|p2a: Tauros|spd|1\n|move|p1a: Dudunsparce|Baton Pass|p1a: Dudunsparce\n|\n|t:|1698237706\n|switch|p1a: Calyrex|Calyrex-Shadow|100\/100|[from] Baton Pass\n|-ability|p1a: Calyrex|As One\n|-ability|p1a: Calyrex|Unnerve\n|\n|upkeep\n|turn|7\n|\n|t:|1698237713\n|switch|p2a: Probopass|Probopass, M|100\/100\n|move|p1a: Calyrex|Agility|p1a: Calyrex\n|-boost|p1a: Calyrex|spe|2\n|\n|upkeep\n|turn|8\n|\n|t:|1698237721\n|move|p1a: Calyrex|Baton Pass|p1a: Calyrex\n|\n|t:|1698237726\n|switch|p1a: Darkrai|Darkrai|100\/100|[from] Baton Pass\n|move|p2a: Probopass|Power Gem|p1a: Darkrai\n|-damage|p1a: Darkrai|81\/100\n|\n|-sideend|p1: Dumbfudge|Reflect\n|upkeep\n|turn|9\n|\n|t:|1698237732\n|-terastallize|p2a: Probopass|Fairy\n|move|p1a: Darkrai|Hypnosis|p2a: Probopass\n|-status|p2a: Probopass|slp|[from] move: Hypnosis\n|cant|p2a: Probopass|slp\n|\n|-sideend|p1: Dumbfudge|move: Light Screen\n|-damage|p2a: Probopass|88\/100 slp|[from] ability: Bad Dreams|[of] p1a: Darkrai\n|upkeep\n|turn|10\n|c|\u2606Noobsmash7|this is getting scary\n|\n|t:|1698237740\n|move|p1a: Darkrai|Dark Pulse|p2a: Probopass\n|-resisted|p2a: Probopass\n|-damage|p2a: Probopass|74\/100 slp\n|cant|p2a: Probopass|slp\n|\n|-damage|p2a: Probopass|61\/100 slp|[from] ability: Bad Dreams|[of] p1a: Darkrai\n|upkeep\n|turn|11\n|c|\u2606Dumbfudge|omai wa mushindeiru\n|c|\u2606Noobsmash7|NANI\n|\n|t:|1698237759\n|-terastallize|p1a: Darkrai|Dark\n|move|p1a: Darkrai|Dark Pulse|p2a: Probopass\n|-resisted|p2a: Probopass\n|-damage|p2a: Probopass|39\/100 slp\n|cant|p2a: Probopass|slp\n|\n|-damage|p2a: Probopass|27\/100 slp|[from] ability: Bad Dreams|[of] p1a: Darkrai\n|upkeep\n|turn|12\n|\n|t:|1698237768\n|move|p1a: Darkrai|Dark Pulse|p2a: Probopass\n|-resisted|p2a: Probopass\n|-crit|p2a: Probopass\n|-damage|p2a: Probopass|0 fnt\n|faint|p2a: Probopass\n|\n|upkeep\n|c|\u2606Noobsmash7|oh damn a crit\n|c|\u2606Dumbfudge|haha\n|\n|t:|1698237782\n|switch|p2a: Tauros|Tauros, M|100\/100\n|turn|13\n|\n|t:|1698237785\n|move|p1a: Darkrai|Hypnosis|p2a: Tauros\n|-status|p2a: Tauros|slp|[from] move: Hypnosis\n|cant|p2a: Tauros|slp\n|\n|-damage|p2a: Tauros|88\/100 slp|[from] ability: Bad Dreams|[of] p1a: Darkrai\n|upkeep\n|turn|14\n|\n|t:|1698237793\n|move|p1a: Darkrai|Dark Pulse|p2a: Tauros\n|-crit|p2a: Tauros\n|-damage|p2a: Tauros|0 fnt\n|faint|p2a: Tauros\n|\n|upkeep\n|c|\u2606Noobsmash7|MY GAHD\n|\n|t:|1698237801\n|switch|p2a: Little mac|Infernape, M|100\/100\n|turn|15\n|\n|t:|1698237803\n|move|p2a: Little mac|Mach Punch|p1a: Darkrai\n|-supereffective|p1a: Darkrai\n|-damage|p1a: Darkrai|36\/100\n|move|p1a: Darkrai|Hypnosis|p2a: Little mac\n|-status|p2a: Little mac|slp|[from] move: Hypnosis\n|\n|-damage|p2a: Little mac|88\/100 slp|[from] ability: Bad Dreams|[of] p1a: Darkrai\n|upkeep\n|turn|16\n|\n|t:|1698237811\n|cant|p2a: Little mac|slp\n|move|p1a: Darkrai|Dark Pulse|p2a: Little mac\n|-resisted|p2a: Little mac\n|-damage|p2a: Little mac|43\/100 slp\n|\n|-damage|p2a: Little mac|31\/100 slp|[from] ability: Bad Dreams|[of] p1a: Darkrai\n|upkeep\n|turn|17\n|\n|t:|1698237817\n|cant|p2a: Little mac|slp\n|move|p1a: Darkrai|Dark Pulse|p2a: Little mac\n|-resisted|p2a: Little mac\n|-damage|p2a: Little mac|0 fnt\n|faint|p2a: Little mac\n|\n|upkeep\n|\n|t:|1698237821\n|switch|p2a: Dusknoir|Dusknoir, M|100\/100\n|-item|p1a: Darkrai|Wide Lens|[from] ability: Frisk|[of] p2a: Dusknoir|[identify]\n|turn|18\n|c|\u2606Noobsmash7|nah this darkrai got plot armor XD\n|\n|t:|1698237836\n|move|p2a: Dusknoir|Shadow Sneak|p1a: Darkrai\n|-resisted|p1a: Darkrai\n|-damage|p1a: Darkrai|22\/100\n|move|p1a: Darkrai|Hypnosis|p2a: Dusknoir\n|-status|p2a: Dusknoir|slp|[from] move: Hypnosis\n|\n|-damage|p2a: Dusknoir|88\/100 slp|[from] ability: Bad Dreams|[of] p1a: Darkrai\n|upkeep\n|turn|19\n|c|\u2606Dumbfudge|haha\n|c|\u2606Dumbfudge|hypnosis is 88 percent because of coil and wide lens\n|c|\u2606Noobsmash7|damnnnnnn wp\n|c|\u2606Dumbfudge|ur not wrong\n|inactive|Dumbfudge has 120 seconds left.\n|\n|t:|1698237867\n|cant|p2a: Dusknoir|slp\n|move|p1a: Darkrai|Dark Pulse|p2a: Dusknoir\n|-supereffective|p2a: Dusknoir\n|-damage|p2a: Dusknoir|0 fnt\n|faint|p2a: Dusknoir\n|\n|upkeep\n|c|\u2606Noobsmash7|nah you win your setup came in like a wrecking ball\n|\n|t:|1698237883\n|switch|p2a: Slowbro|Slowbro, M|100\/100\n|turn|20\n|c|\u2606Dumbfudge|haha well gg\n|inactive|Dumbfudge has 120 seconds left.\n|c|\u2606Dumbfudge|and good luck\n|c|\u2606Noobsmash7|gg man\n|\n|t:|1698237905\n|move|p1a: Darkrai|Hypnosis|p2a: Slowbro\n|-status|p2a: Slowbro|slp|[from] move: Hypnosis\n|cant|p2a: Slowbro|slp\n|\n|-damage|p2a: Slowbro|88\/100 slp|[from] ability: Bad Dreams|[of] p1a: Darkrai\n|upkeep\n|turn|21\n|c|\u2606Noobsmash7|thanks\n|inactive|Dumbfudge has 120 seconds left.\n|\n|t:|1698237912\n|move|p1a: Darkrai|Dark Pulse|p2a: Slowbro\n|-supereffective|p2a: Slowbro\n|-damage|p2a: Slowbro|0 fnt\n|faint|p2a: Slowbro\n|\n|win|Dumbfudge\n|raw|Dumbfudge's rating: 1352 &rarr; <strong>1369<\/strong><br \/>(+17 for winning)\n|raw|Noobsmash7's rating: 1299 &rarr; <strong>1278<\/strong><br \/>(-21 for losing)\n","uploadtime":1698237921,"views":10,"p1id":"dumbfudge","p2id":"noobsmash7","formatid":"gen9anythinggoes","rating":1278,"private":0,"password":""}