{"id":"gen9anythinggoes-1979080194","p1":"Reinfreude","p2":"Ataki","format":"[Gen 9] Anything Goes","log":"|j|\u2606Reinfreude\n|j|\u2606Ataki\n|t:|1698629622\n|gametype|singles\n|player|p1|Reinfreude|hanbei-conquest|\n|player|p2|Ataki|rye|\n|teamsize|p1|6\n|teamsize|p2|6\n|gen|9\n|tier|[Gen 9] Anything Goes\n|rated|Tournament battle\n|rule|HP Percentage Mod: HP is shown in percentages\n|rule|Endless Battle Clause: Forcing endless battles is banned\n|rule|Species Clause: Limit one of each Pok\u00e9mon\n|rule|OHKO Clause: OHKO moves are banned\n|rule|Evasion Moves Clause: Evasion moves are banned\n|rule|Sleep Moves Clause: Sleep-inducing moves are banned\n|rule|1 Ability Clause: Limit 1 of each ability\n|rule|Terastal Clause: You cannot Terastallize\n|clearpoke\n|poke|p1|Arceus|\n|poke|p1|Annihilape, M|\n|poke|p1|Eternatus|\n|poke|p1|Groudon|\n|poke|p1|Giratina|\n|poke|p1|Mewtwo|\n|poke|p2|Miraidon|\n|poke|p2|Arceus|\n|poke|p2|Rayquaza|\n|poke|p2|Eternatus|\n|poke|p2|Koraidon|\n|poke|p2|Mewtwo|\n|teampreview\n|j|%Iolanthe\n|inactive|Battle timer is ON: inactive players will automatically lose when time's up. (requested by Reinfreude)\n|c|\u2606Ataki|hf\n|c|\u2606Reinfreude|u2\n|\n|t:|1698629631\n|start\n|switch|p1a: Groudon|Groudon|100\/100\n|switch|p2a: Miraidon|Miraidon|100\/100\n|turn|1\n|l|%Iolanthe\n|\n|t:|1698629642\n|move|p2a: Miraidon|Taunt|p1a: Groudon\n|-start|p1a: Groudon|move: Taunt\n|move|p1a: Groudon|Earthquake|p2a: Miraidon\n|-supereffective|p2a: Miraidon\n|-damage|p2a: Miraidon|17\/100\n|\n|-status|p1a: Groudon|tox|[from] item: Toxic Orb\n|upkeep\n|turn|2\n|\n|t:|1698629660\n|switch|p1a: Annihilape|Annihilape, M|100\/100\n|move|p2a: Miraidon|U-turn|p1a: Annihilape\n|-resisted|p1a: Annihilape\n|-damage|p1a: Annihilape|97\/100\n|\n|t:|1698629664\n|switch|p2a: Mewtwo|Mewtwo|100\/100|[from] U-turn\n|-fieldstart|move: Electric Terrain|[from] ability: Hadron Engine|[of] p2a: Mewtwo\n|\n|upkeep\n|turn|3\n|\n|t:|1698629669\n|switch|p1a: Giratina|Giratina|100\/100\n|move|p2a: Mewtwo|Psystrike|p1a: Giratina\n|-damage|p1a: Giratina|69\/100\n|-damage|p2a: Mewtwo|91\/100|[from] item: Life Orb\n|\n|-heal|p1a: Giratina|75\/100|[from] item: Leftovers\n|upkeep\n|turn|4\n|\n|t:|1698629677\n|switch|p2a: Miraidon|Miraidon|17\/100\n|move|p1a: Giratina|Draco Meteor|p2a: Miraidon\n|-supereffective|p2a: Miraidon\n|-damage|p2a: Miraidon|0 fnt\n|-unboost|p1a: Giratina|spa|2\n|faint|p2a: Miraidon\n|\n|-heal|p1a: Giratina|81\/100|[from] item: Leftovers\n|upkeep\n|\n|t:|1698629680\n|switch|p2a: Arceus|Arceus|100\/100\n|turn|5\n|\n|t:|1698629686\n|switch|p2a: Eternatus|Eternatus|100\/100\n|switch|p1a: Eternatus|Eternatus|100\/100\n|\n|upkeep\n|turn|6\n|\n|t:|1698629693\n|switch|p1a: Annihilape|Annihilape, M|100\/100\n|move|p2a: Eternatus|Dynamax Cannon|p1a: Annihilape\n|-damage|p1a: Annihilape|51\/100\n|\n|-fieldend|move: Electric Terrain\n|upkeep\n|turn|7\n|j| oaklies\n|\n|t:|1698629719\n|move|p2a: Eternatus|Dynamax Cannon|p1a: Annihilape\n|-damage|p1a: Annihilape|0 fnt\n|faint|p1a: Annihilape\n|\n|upkeep\n|c|\u2606Reinfreude|rip\n|c|\u2606Ataki|interesting\n|inactive|Reinfreude has 120 seconds left.\n|c|\u2606Ataki|this 2hkos regenvest ape\n|c|\u2606Reinfreude|if this is specs this was like a 6% roll\n|c|\u2606Ataki|what did u do\n|c|\u2606Ataki|rage fist for 40 or uturn\n|c|\u2606Reinfreude|uturn\n|c|\u2606Ataki|ig\n|inactive|Reinfreude has 90 seconds left.\n|\n|t:|1698629766\n|switch|p1a: Mewtwo|Mewtwo|100\/100\n|-fieldstart|move: Psychic Terrain|[from] ability: Psychic Surge|[of] p1a: Mewtwo\n|turn|8\n|c|\u2606Ataki|clean 2hko with rocks is kinda wild\n|inactive|Reinfreude has 90 seconds left.\n|c|\u2606Ataki|oh pterrain is good on this\n|\n|t:|1698629787\n|switch|p2a: Rayquaza|Rayquaza|100\/100\n|-ability|p2a: Rayquaza|Air Lock\n|move|p1a: Mewtwo|Psystrike|p2a: Rayquaza\n|-damage|p2a: Rayquaza|16\/100\n|\n|upkeep\n|turn|9\n|\n|t:|1698629794\n|move|p1a: Mewtwo|Psystrike|p2a: Rayquaza\n|-damage|p2a: Rayquaza|0 fnt\n|faint|p2a: Rayquaza\n|\n|upkeep\n|\n|t:|1698629805\n|switch|p2a: Mewtwo|Mewtwo|91\/100\n|-fieldstart|move: Electric Terrain|[from] ability: Hadron Engine|[of] p2a: Mewtwo\n|turn|10\n|\n|t:|1698629811\n|switch|p1a: Giratina|Giratina|81\/100\n|move|p2a: Mewtwo|Nasty Plot|p2a: Mewtwo\n|-boost|p2a: Mewtwo|spa|2\n|\n|-heal|p1a: Giratina|87\/100|[from] item: Leftovers\n|upkeep\n|turn|11\n|\n|t:|1698629817\n|switch|p2a: Arceus|Arceus|100\/100\n|move|p1a: Giratina|Shadow Ball|p2a: Arceus\n|-immune|p2a: Arceus\n|\n|-heal|p1a: Giratina|93\/100|[from] item: Leftovers\n|-status|p2a: Arceus|tox|[from] item: Toxic Orb\n|upkeep\n|turn|12\n|\n|t:|1698629821\n|move|p2a: Arceus|Cosmic Power|p2a: Arceus\n|-boost|p2a: Arceus|def|1\n|-boost|p2a: Arceus|spd|1\n|move|p1a: Giratina|Dragon Tail|p2a: Arceus\n|-damage|p2a: Arceus|94\/100 tox\n|drag|p2a: Eternatus|Eternatus|100\/100\n|\n|-heal|p1a: Giratina|99\/100|[from] item: Leftovers\n|upkeep\n|turn|13\n|\n|t:|1698629829\n|move|p2a: Eternatus|Dynamax Cannon|p1a: Giratina\n|-supereffective|p1a: Giratina\n|-damage|p1a: Giratina|45\/100\n|move|p1a: Giratina|Draco Meteor|p2a: Eternatus\n|-supereffective|p2a: Eternatus\n|-damage|p2a: Eternatus|26\/100\n|-unboost|p1a: Giratina|spa|2\n|\n|-heal|p1a: Giratina|51\/100|[from] item: Leftovers\n|upkeep\n|turn|14\n|j|+Hiusi guy %\u25d5\u203f\u203f\u25d5%\n|\n|t:|1698629849\n|switch|p1a: Arceus|Arceus|100\/100\n|-activate|p1a: Arceus|ability: Supreme Overlord\n|-start|p1a: Arceus|fallen1|[silent]\n|move|p2a: Eternatus|Dynamax Cannon|p1a: Arceus\n|-damage|p1a: Arceus|16\/100\n|\n|-heal|p1a: Arceus|22\/100|[from] item: Leftovers\n|-fieldend|move: Electric Terrain\n|upkeep\n|turn|15\n|c|\u2606Ataki|almost thought it was av fc\n|c|\u2606Reinfreude|oh what\n|inactive|Reinfreude has 120 seconds left.\n|c|\u2606Reinfreude|what is this\n|c|\u2606Reinfreude|adapt specs does 80 max\n|c|\u2606Ataki|a demon\n|\n|t:|1698629883\n|switch|p2a: Arceus|Arceus|94\/100 tox\n|move|p1a: Arceus|Extreme Speed|p2a: Arceus\n|-damage|p2a: Arceus|71\/100 tox\n|\n|-heal|p1a: Arceus|28\/100|[from] item: Leftovers\n|-heal|p2a: Arceus|83\/100 tox|[from] ability: Poison Heal\n|upkeep\n|turn|16\n|c|+Hiusi guy %\u25d5\u203f\u203f\u25d5%|Moment\n|c| oaklies|dragon maw prob\n|c|\u2606Reinfreude|ohh\n|\n|t:|1698629898\n|move|p2a: Arceus|Body Press|p1a: Arceus\n|-supereffective|p1a: Arceus\n|-damage|p1a: Arceus|0 fnt\n|faint|p1a: Arceus\n|-end|p1a: Arceus|fallen1|[silent]\n|\n|-heal|p2a: Arceus|95\/100 tox|[from] ability: Poison Heal\n|upkeep\n|c|\u2606Reinfreude|damn\n|\n|t:|1698629918\n|switch|p1a: Giratina|Giratina|51\/100\n|turn|17\n|\n|t:|1698629923\n|move|p2a: Arceus|Cosmic Power|p2a: Arceus\n|-boost|p2a: Arceus|def|1\n|-boost|p2a: Arceus|spd|1\n|move|p1a: Giratina|Dragon Tail|p2a: Arceus\n|-damage|p2a: Arceus|88\/100 tox\n|drag|p2a: Mewtwo|Mewtwo|91\/100\n|-fieldstart|move: Electric Terrain|[from] ability: Hadron Engine|[of] p2a: Mewtwo\n|\n|-heal|p1a: Giratina|57\/100|[from] item: Leftovers\n|upkeep\n|turn|18\n|\n|t:|1698629928\n|switch|p2a: Arceus|Arceus|88\/100 tox\n|move|p1a: Giratina|Draco Meteor|p2a: Arceus\n|-damage|p2a: Arceus|59\/100 tox\n|-unboost|p1a: Giratina|spa|2\n|\n|-heal|p1a: Giratina|63\/100|[from] item: Leftovers\n|-heal|p2a: Arceus|71\/100 tox|[from] ability: Poison Heal\n|upkeep\n|turn|19\n|inactive|Reinfreude has 120 seconds left.\n|\n|t:|1698629934\n|move|p2a: Arceus|Cosmic Power|p2a: Arceus\n|-boost|p2a: Arceus|def|1\n|-boost|p2a: Arceus|spd|1\n|move|p1a: Giratina|Dragon Tail|p2a: Arceus\n|-damage|p2a: Arceus|65\/100 tox\n|drag|p2a: Koraidon|Koraidon|100\/100\n|\n|-heal|p1a: Giratina|70\/100|[from] item: Leftovers\n|upkeep\n|turn|20\n|\n|t:|1698629938\n|switch|p1a: Groudon|Groudon|100\/100 tox\n|move|p2a: Koraidon|Scale Shot|p1a: Groudon\n|-damage|p1a: Groudon|91\/100 tox\n|-damage|p1a: Groudon|80\/100 tox\n|-damage|p1a: Groudon|71\/100 tox\n|-damage|p1a: Groudon|61\/100 tox\n|-hitcount|p1a: Groudon|4\n|-unboost|p2a: Koraidon|def|1\n|-boost|p2a: Koraidon|spe|1\n|\n|-heal|p1a: Groudon|74\/100 tox|[from] ability: Poison Heal\n|upkeep\n|turn|21\n|\n|t:|1698629948\n|move|p2a: Koraidon|Swords Dance|p2a: Koraidon\n|-boost|p2a: Koraidon|atk|2\n|move|p1a: Groudon|Will-O-Wisp|p2a: Koraidon\n|-status|p2a: Koraidon|brn\n|\n|-heal|p1a: Groudon|86\/100 tox|[from] ability: Poison Heal\n|-damage|p2a: Koraidon|94\/100 brn|[from] brn\n|-fieldend|move: Electric Terrain\n|upkeep\n|turn|22\n|\n|t:|1698629954\n|switch|p2a: Arceus|Arceus|65\/100 tox\n|move|p1a: Groudon|Earthquake|p2a: Arceus\n|-damage|p2a: Arceus|43\/100 tox\n|\n|-heal|p2a: Arceus|55\/100 tox|[from] ability: Poison Heal\n|-heal|p1a: Groudon|98\/100 tox|[from] ability: Poison Heal\n|upkeep\n|turn|23\n|\n|t:|1698629970\n|switch|p1a: Giratina|Giratina|70\/100\n|move|p2a: Arceus|Cosmic Power|p2a: Arceus\n|-boost|p2a: Arceus|def|1\n|-boost|p2a: Arceus|spd|1\n|\n|-heal|p1a: Giratina|76\/100|[from] item: Leftovers\n|-heal|p2a: Arceus|67\/100 tox|[from] ability: Poison Heal\n|upkeep\n|turn|24\n|\n|t:|1698629974\n|move|p2a: Arceus|Stored Power|p1a: Giratina\n|-damage|p1a: Giratina|73\/100\n|move|p1a: Giratina|Dragon Tail|p2a: Arceus\n|-damage|p2a: Arceus|61\/100 tox\n|drag|p2a: Koraidon|Koraidon|94\/100 brn\n|\n|-heal|p1a: Giratina|79\/100|[from] item: Leftovers\n|-damage|p2a: Koraidon|88\/100 brn|[from] brn\n|upkeep\n|turn|25\n|\n|t:|1698629980\n|switch|p1a: Groudon|Groudon|98\/100 tox\n|move|p2a: Koraidon|Scale Shot|p1a: Groudon\n|-damage|p1a: Groudon|94\/100 tox\n|-damage|p1a: Groudon|89\/100 tox\n|-damage|p1a: Groudon|85\/100 tox\n|-damage|p1a: Groudon|80\/100 tox\n|-hitcount|p1a: Groudon|4\n|-unboost|p2a: Koraidon|def|1\n|-boost|p2a: Koraidon|spe|1\n|\n|-heal|p1a: Groudon|93\/100 tox|[from] ability: Poison Heal\n|-damage|p2a: Koraidon|82\/100 brn|[from] brn\n|upkeep\n|turn|26\n|\n|t:|1698629984\n|switch|p2a: Arceus|Arceus|61\/100 tox\n|move|p1a: Groudon|Spikes|p2a: Arceus\n|-sidestart|p2: Ataki|Spikes\n|\n|-heal|p2a: Arceus|73\/100 tox|[from] ability: Poison Heal\n|-heal|p1a: Groudon|100\/100 tox|[from] ability: Poison Heal\n|upkeep\n|turn|27\n|\n|t:|1698629987\n|switch|p1a: Giratina|Giratina|79\/100\n|move|p2a: Arceus|Cosmic Power|p2a: Arceus\n|-boost|p2a: Arceus|def|1\n|-boost|p2a: Arceus|spd|1\n|\n|-heal|p1a: Giratina|85\/100|[from] item: Leftovers\n|-heal|p2a: Arceus|85\/100 tox|[from] ability: Poison Heal\n|upkeep\n|turn|28\n|\n|t:|1698629990\n|move|p2a: Arceus|Cosmic Power|p2a: Arceus\n|-boost|p2a: Arceus|def|1\n|-boost|p2a: Arceus|spd|1\n|move|p1a: Giratina|Dragon Tail|p2a: Arceus\n|-damage|p2a: Arceus|80\/100 tox\n|drag|p2a: Mewtwo|Mewtwo|91\/100\n|-damage|p2a: Mewtwo|78\/100|[from] Spikes\n|-fieldstart|move: Electric Terrain|[from] ability: Hadron Engine|[of] p2a: Mewtwo\n|\n|-heal|p1a: Giratina|91\/100|[from] item: Leftovers\n|upkeep\n|turn|29\n|l|+Hiusi guy %\u25d5\u203f\u203f\u25d5%\n|\n|t:|1698629995\n|switch|p2a: Arceus|Arceus|80\/100 tox\n|-damage|p2a: Arceus|68\/100 tox|[from] Spikes\n|move|p1a: Giratina|Shadow Ball|p2a: Arceus\n|-immune|p2a: Arceus\n|\n|-heal|p1a: Giratina|97\/100|[from] item: Leftovers\n|-heal|p2a: Arceus|80\/100 tox|[from] ability: Poison Heal\n|upkeep\n|turn|30\n|\n|t:|1698629999\n|move|p2a: Arceus|Cosmic Power|p2a: Arceus\n|-boost|p2a: Arceus|def|1\n|-boost|p2a: Arceus|spd|1\n|move|p1a: Giratina|Dragon Tail|p2a: Arceus\n|-damage|p2a: Arceus|73\/100 tox\n|drag|p2a: Mewtwo|Mewtwo|78\/100\n|-damage|p2a: Mewtwo|66\/100|[from] Spikes\n|-activate|p2a: Mewtwo|ability: Hadron Engine\n|\n|-heal|p1a: Giratina|100\/100|[from] item: Leftovers\n|upkeep\n|turn|31\n|c|\u2606Ataki|can u drag etern\n|\n|t:|1698630009\n|switch|p2a: Arceus|Arceus|73\/100 tox\n|-damage|p2a: Arceus|61\/100 tox|[from] Spikes\n|move|p1a: Giratina|Draco Meteor|p2a: Arceus\n|-damage|p2a: Arceus|30\/100 tox\n|-unboost|p1a: Giratina|spa|2\n|\n|-heal|p2a: Arceus|43\/100 tox|[from] ability: Poison Heal\n|upkeep\n|turn|32\n|\n|t:|1698630014\n|move|p2a: Arceus|Recover|p2a: Arceus\n|-heal|p2a: Arceus|93\/100 tox\n|move|p1a: Giratina|Dragon Tail|p2a: Arceus\n|-damage|p2a: Arceus|83\/100 tox\n|drag|p2a: Koraidon|Koraidon|82\/100 brn\n|-damage|p2a: Koraidon|70\/100 brn|[from] Spikes\n|\n|-damage|p2a: Koraidon|64\/100 brn|[from] brn\n|-fieldend|move: Electric Terrain\n|upkeep\n|turn|33\n|\n|t:|1698630025\n|switch|p2a: Arceus|Arceus|83\/100 tox\n|-damage|p2a: Arceus|71\/100 tox|[from] Spikes\n|switch|p1a: Eternatus|Eternatus|100\/100\n|\n|-heal|p2a: Arceus|83\/100 tox|[from] ability: Poison Heal\n|upkeep\n|turn|34\n|\n|t:|1698630031\n|move|p1a: Eternatus|Sludge Bomb|p2a: Arceus\n|-damage|p2a: Arceus|56\/100 tox\n|move|p2a: Arceus|Recover|p2a: Arceus\n|-heal|p2a: Arceus|100\/100 tox\n|\n|upkeep\n|turn|35\n|c|\u2606Reinfreude|,\n|c|\u2606Reinfreude|i hate ubers\n|\n|t:|1698630050\n|switch|p1a: Mewtwo|Mewtwo|100\/100\n|-fieldstart|move: Psychic Terrain|[from] ability: Psychic Surge|[of] p1a: Mewtwo\n|move|p2a: Arceus|Cosmic Power|p2a: Arceus\n|-boost|p2a: Arceus|def|1\n|-boost|p2a: Arceus|spd|1\n|\n|upkeep\n|turn|36\n|\n|t:|1698630058\n|move|p1a: Mewtwo|Trick|p2a: Arceus\n|-activate|p1a: Mewtwo|move: Trick|[of] p2a: Arceus\n|-item|p2a: Arceus|Choice Scarf|[from] move: Trick\n|-item|p1a: Mewtwo|Toxic Orb|[from] move: Trick\n|move|p2a: Arceus|Cosmic Power|p2a: Arceus\n|-boost|p2a: Arceus|def|1\n|-boost|p2a: Arceus|spd|1\n|\n|-status|p1a: Mewtwo|tox|[from] item: Toxic Orb\n|upkeep\n|turn|37\n|\n|t:|1698630065\n|move|p2a: Arceus|Cosmic Power|p2a: Arceus\n|-boost|p2a: Arceus|def|1\n|-boost|p2a: Arceus|spd|1\n|move|p1a: Mewtwo|Psystrike|p2a: Arceus\n|-damage|p2a: Arceus|86\/100 tox\n|\n|-heal|p2a: Arceus|98\/100 tox|[from] ability: Poison Heal\n|-damage|p1a: Mewtwo|94\/100 tox|[from] psn\n|upkeep\n|turn|38\n|\n|t:|1698630068\n|switch|p1a: Groudon|Groudon|100\/100 tox\n|move|p2a: Arceus|Cosmic Power|p2a: Arceus\n|-boost|p2a: Arceus|def|1\n|-boost|p2a: Arceus|spd|1\n|\n|-heal|p2a: Arceus|100\/100 tox|[from] ability: Poison Heal\n|upkeep\n|turn|39\n|\n|t:|1698630073\n|switch|p2a: Eternatus|Eternatus|26\/100\n|-damage|p2a: Eternatus|14\/100|[from] Spikes\n|move|p1a: Groudon|Earthquake|p2a: Eternatus\n|-supereffective|p2a: Eternatus\n|-damage|p2a: Eternatus|0 fnt\n|faint|p2a: Eternatus\n|\n|-fieldend|move: Psychic Terrain\n|upkeep\n|\n|t:|1698630077\n|switch|p2a: Mewtwo|Mewtwo|66\/100\n|-damage|p2a: Mewtwo|53\/100|[from] Spikes\n|-fieldstart|move: Electric Terrain|[from] ability: Hadron Engine|[of] p2a: Mewtwo\n|turn|40\n|\n|t:|1698630083\n|switch|p1a: Giratina|Giratina|100\/100\n|move|p2a: Mewtwo|Psystrike|p1a: Giratina\n|-damage|p1a: Giratina|70\/100\n|-damage|p2a: Mewtwo|43\/100|[from] item: Life Orb\n|\n|-heal|p1a: Giratina|76\/100|[from] item: Leftovers\n|upkeep\n|turn|41\n|\n|t:|1698630089\n|switch|p2a: Arceus|Arceus|100\/100 tox\n|-damage|p2a: Arceus|88\/100 tox|[from] Spikes\n|move|p1a: Giratina|Shadow Ball|p2a: Arceus\n|-immune|p2a: Arceus\n|\n|-heal|p1a: Giratina|82\/100|[from] item: Leftovers\n|-heal|p2a: Arceus|100\/100 tox|[from] ability: Poison Heal\n|upkeep\n|turn|42\n|\n|t:|1698630094\n|switch|p1a: Groudon|Groudon|100\/100 tox\n|move|p2a: Arceus|Cosmic Power|p2a: Arceus\n|-boost|p2a: Arceus|def|1\n|-boost|p2a: Arceus|spd|1\n|\n|upkeep\n|turn|43\n|\n|t:|1698630098\n|move|p2a: Arceus|Cosmic Power|p2a: Arceus\n|-boost|p2a: Arceus|def|1\n|-boost|p2a: Arceus|spd|1\n|move|p1a: Groudon|Spikes|p2a: Arceus\n|-sidestart|p2: Ataki|Spikes\n|\n|upkeep\n|turn|44\n|c|\u2606Ataki|dont have enough pp\n|c|\u2606Ataki|gg\n|c|\u2606Reinfreude|gg\n|-message|Ataki forfeited.\n|\n|win|Reinfreude\n|n|\u2606Reinfreude|reinfreude\n|n|\u2606Ataki|ataki\n|n| oaklies|oaklies\n","uploadtime":1698630108,"views":10,"p1id":"reinfreude","p2id":"ataki","formatid":"gen9anythinggoes","rating":0,"private":0,"password":""}