{"id":"gen9anythinggoes-1989133821","p1":"Danepass","p2":"victorintre","format":"[Gen 9] Anything Goes","log":"|j|\u2606Danepass\n|j|\u2606victorintre\n|t:|1699815849\n|gametype|singles\n|player|p1|Danepass|depotagent|\n|player|p2|victorintre|medium|\n|teamsize|p1|6\n|teamsize|p2|6\n|gen|9\n|tier|[Gen 9] Anything Goes\n|rule|HP Percentage Mod: HP is shown in percentages\n|rule|Endless Battle Clause: Forcing endless battles is banned\n|clearpoke\n|poke|p1|Mandibuzz, F|\n|poke|p1|Enamorus, F|\n|poke|p1|Garchomp, F|\n|poke|p1|Ogerpon-Hearthflame, F|\n|poke|p1|Scream Tail|\n|poke|p1|Samurott, M|\n|poke|p2|Kingambit, M|\n|poke|p2|Manaphy|\n|poke|p2|Regieleki|\n|poke|p2|Gliscor, F|\n|poke|p2|Baxcalibur, F|\n|poke|p2|Slowking-Galar, F|\n|teampreview\n|j| mimizukii\n|c|\u2606Danepass|Buena suerte\n|\n|t:|1699815938\n|start\n|switch|p1a: Shogun|Samurott, M, shiny|100\/100\n|switch|p2a: El nene|Gliscor, F|100\/100\n|turn|1\n|c|\u2606victorintre|Buena suerte :)\n|\n|t:|1699815949\n|switch|p1a: Cola de Mewtwo|Scream Tail|100\/100\n|move|p2a: El nene|Protect||[still]\n|-fail|p2a: El nene\n|\n|-status|p2a: El nene|tox|[from] item: Toxic Orb\n|upkeep\n|turn|2\n|\n|t:|1699815983\n|switch|p2a: El mago guarro|Slowking-Galar, F|100\/100\n|move|p1a: Cola de Mewtwo|Ice Beam|p2a: El mago guarro\n|-damage|p2a: El mago guarro|76\/100\n|\n|-heal|p2a: El mago guarro|82\/100|[from] item: Leftovers\n|upkeep\n|turn|3\n|\n|t:|1699816001\n|-end|p1a: Cola de Mewtwo|Protosynthesis|[silent]\n|switch|p1a: Street Shark|Garchomp, F|100\/100\n|move|p2a: El mago guarro|Toxic|p1a: Street Shark\n|-status|p1a: Street Shark|tox\n|\n|-heal|p2a: El mago guarro|89\/100|[from] item: Leftovers\n|-damage|p1a: Street Shark|94\/100 tox|[from] psn\n|upkeep\n|turn|4\n|\n|t:|1699816011\n|switch|p2a: El nene|Gliscor, F|100\/100 tox\n|move|p1a: Street Shark|Stealth Rock|p2a: El nene\n|-sidestart|p2: victorintre|move: Stealth Rock\n|\n|-damage|p1a: Street Shark|82\/100 tox|[from] psn\n|upkeep\n|turn|5\n|\n|t:|1699816020\n|move|p1a: Street Shark|Liquidation|p2a: El nene\n|-supereffective|p2a: El nene\n|-damage|p2a: El nene|58\/100 tox\n|-unboost|p2a: El nene|def|1\n|-damage|p1a: Street Shark|72\/100 tox|[from] item: Life Orb\n|move|p2a: El nene|Stealth Rock|p1a: Street Shark\n|-sidestart|p1: Danepass|move: Stealth Rock\n|\n|-damage|p1a: Street Shark|54\/100 tox|[from] psn\n|-heal|p2a: El nene|70\/100 tox|[from] ability: Poison Heal\n|upkeep\n|turn|6\n|\n|t:|1699816033\n|move|p2a: El nene|Protect|p2a: El nene\n|-singleturn|p2a: El nene|Protect\n|move|p1a: Street Shark|Liquidation|p2a: El nene\n|-activate|p2a: El nene|move: Protect\n|\n|-damage|p1a: Street Shark|29\/100 tox|[from] psn\n|-heal|p2a: El nene|83\/100 tox|[from] ability: Poison Heal\n|upkeep\n|turn|7\n|\n|t:|1699816045\n|switch|p2a: Vaselina valiente|Manaphy|100\/100\n|-damage|p2a: Vaselina valiente|88\/100|[from] Stealth Rock\n|move|p1a: Street Shark|Liquidation|p2a: Vaselina valiente\n|-resisted|p2a: Vaselina valiente\n|-damage|p2a: Vaselina valiente|74\/100\n|-damage|p1a: Street Shark|20\/100 tox|[from] item: Life Orb\n|\n|-heal|p2a: Vaselina valiente|80\/100|[from] item: Leftovers\n|-damage|p1a: Street Shark|0 fnt|[from] psn\n|faint|p1a: Street Shark\n|upkeep\n|\n|t:|1699816060\n|switch|p1a: Holocausto|Ogerpon-Hearthflame, F|100\/100\n|-damage|p1a: Holocausto|76\/100|[from] Stealth Rock\n|-ability|p1a: Holocausto|Mold Breaker\n|turn|8\n|\n|t:|1699816072\n|switch|p2a: El nene|Gliscor, F|83\/100 tox\n|-damage|p2a: El nene|70\/100 tox|[from] Stealth Rock\n|move|p1a: Holocausto|Wood Hammer|p2a: El nene\n|-crit|p2a: El nene\n|-damage|p2a: El nene|6\/100 tox\n|-damage|p1a: Holocausto|52\/100|[from] Recoil\n|\n|-heal|p2a: El nene|18\/100 tox|[from] ability: Poison Heal\n|upkeep\n|turn|9\n|\n|t:|1699816091\n|move|p2a: El nene|Protect|p2a: El nene\n|-singleturn|p2a: El nene|Protect\n|move|p1a: Holocausto|Wood Hammer|p2a: El nene\n|-activate|p2a: El nene|move: Protect\n|\n|-heal|p2a: El nene|30\/100 tox|[from] ability: Poison Heal\n|upkeep\n|turn|10\n|\n|t:|1699816116\n|move|p2a: El nene|Protect||[still]\n|-fail|p2a: El nene\n|move|p1a: Holocausto|Wood Hammer|p2a: El nene\n|-damage|p2a: El nene|0 fnt\n|faint|p2a: El nene\n|-damage|p1a: Holocausto|41\/100|[from] Recoil\n|\n|upkeep\n|\n|t:|1699816155\n|switch|p2a: El mago guarro|Slowking-Galar, F|100\/100\n|-damage|p2a: El mago guarro|88\/100|[from] Stealth Rock\n|turn|11\n|\n|t:|1699816167\n|move|p1a: Holocausto|Ivy Cudgel|p2a: El mago guarro\n|-damage|p2a: El mago guarro|30\/100\n|move|p2a: El mago guarro|Sludge Bomb|p1a: Holocausto\n|-supereffective|p1a: Holocausto\n|-damage|p1a: Holocausto|0 fnt\n|faint|p1a: Holocausto\n|\n|-heal|p2a: El mago guarro|36\/100|[from] item: Leftovers\n|upkeep\n|\n|t:|1699816193\n|switch|p1a: Hijaputa|Mandibuzz, F|100\/100\n|turn|12\n|\n|t:|1699816204\n|move|p1a: Hijaputa|Knock Off|p2a: El mago guarro\n|-supereffective|p2a: El mago guarro\n|-crit|p2a: El mago guarro\n|-damage|p2a: El mago guarro|0 fnt\n|-enditem|p2a: El mago guarro|Leftovers|[from] move: Knock Off|[of] p1a: Hijaputa\n|faint|p2a: El mago guarro\n|\n|upkeep\n|\n|t:|1699816211\n|switch|p2a: El mcqueen|Regieleki|100\/100\n|-damage|p2a: El mcqueen|88\/100|[from] Stealth Rock\n|turn|13\n|\n|t:|1699816219\n|switch|p1a: Cola de Mewtwo|Scream Tail|100\/100\n|-damage|p1a: Cola de Mewtwo|88\/100|[from] Stealth Rock\n|move|p2a: El mcqueen|Thunderbolt|p1a: Cola de Mewtwo\n|-damage|p1a: Cola de Mewtwo|26\/100\n|\n|upkeep\n|turn|14\n|\n|t:|1699816231\n|move|p2a: El mcqueen|Thunderbolt|p1a: Cola de Mewtwo\n|-damage|p1a: Cola de Mewtwo|0 fnt\n|faint|p1a: Cola de Mewtwo\n|-end|p1a: Cola de Mewtwo|Protosynthesis|[silent]\n|\n|upkeep\n|\n|t:|1699816242\n|switch|p1a: Shogun|Samurott, M, shiny|100\/100\n|-damage|p1a: Shogun|88\/100|[from] Stealth Rock\n|turn|15\n|\n|t:|1699816247\n|move|p1a: Shogun|Aqua Jet|p2a: El mcqueen\n|-damage|p2a: El mcqueen|27\/100\n|move|p2a: El mcqueen|Thunderbolt|p1a: Shogun\n|-supereffective|p1a: Shogun\n|-damage|p1a: Shogun|0 fnt\n|faint|p1a: Shogun\n|\n|upkeep\n|\n|t:|1699816258\n|switch|p1a: Hijaputa|Mandibuzz, F|100\/100\n|turn|16\n|\n|t:|1699816265\n|move|p2a: El mcqueen|Thunderbolt|p1a: Hijaputa\n|-supereffective|p1a: Hijaputa\n|-damage|p1a: Hijaputa|0 fnt\n|faint|p1a: Hijaputa\n|\n|upkeep\n|\n|t:|1699816269\n|switch|p1a: Jolyne Cujoh|Enamorus, F|100\/100\n|turn|17\n|\n|t:|1699816273\n|move|p2a: El mcqueen|Thunderbolt|p1a: Jolyne Cujoh\n|-supereffective|p1a: Jolyne Cujoh\n|-damage|p1a: Jolyne Cujoh|0 fnt\n|faint|p1a: Jolyne Cujoh\n|\n|win|victorintre\n|c|\u2606Danepass|gg\n|l| mimizukii\n|c|\u2606victorintre|Bien jugado\n|c|\u2606Danepass|Habr\u00e9 perdido\n|c|\u2606Danepass|Pero mat\u00e9 a tu nene\n|c|\u2606Danepass|XD\n|c|\u2606victorintre|lo paso por el grupo\n|c|\u2606victorintre|Es cierto\n|c|\u2606Danepass|Okey!\n|c|\u2606victorintre|has conseguido un gran logro\n|c|\u2606Danepass|Algo me llevo XD\n","uploadtime":1699816397,"views":33,"p1id":"danepass","p2id":"victorintre","formatid":"gen9anythinggoes","rating":0,"private":0,"password":""}