{"id":"gen9anythinggoes-1977966825","p1":"BananaBusCrew4","p2":"huta3","format":"[Gen 9] Anything Goes","log":"|j|\u2606BananaBusCrew4\n|j|\u2606huta3\n|t:|1698474810\n|gametype|singles\n|player|p1|BananaBusCrew4|265|1125\n|player|p2|huta3|dawn-gen4pt|1000\n|teamsize|p1|6\n|teamsize|p2|6\n|gen|9\n|tier|[Gen 9] Anything Goes\n|rated|\n|rule|HP Percentage Mod: HP is shown in percentages\n|rule|Endless Battle Clause: Forcing endless battles is banned\n|clearpoke\n|poke|p1|Decidueye-Hisui, M|\n|poke|p1|Braviary, M|\n|poke|p1|Greninja-*, M|\n|poke|p1|Iron Treads|\n|poke|p1|Klawf, M|\n|poke|p1|Skeledirge, M|\n|poke|p2|Chesnaught, F|\n|poke|p2|Grumpig, M|\n|poke|p2|Tyranitar, F|\n|poke|p2|Iron Bundle|\n|poke|p2|Landorus-Therian, M|\n|poke|p2|Azumarill, F|\n|teampreview\n|\n|t:|1698474821\n|start\n|switch|p1a: BasicallyIDoWrk|Greninja, M, shiny|100\/100\n|switch|p2a: Landorus|Landorus-Therian, M|100\/100\n|-ability|p2a: Landorus|Intimidate|boost\n|-unboost|p1a: BasicallyIDoWrk|atk|1\n|turn|1\n|\n|t:|1698474828\n|move|p2a: Landorus|U-turn|p1a: BasicallyIDoWrk\n|-supereffective|p1a: BasicallyIDoWrk\n|-damage|p1a: BasicallyIDoWrk|18\/100\n|\n|t:|1698474838\n|switch|p2a: Chesnaught|Chesnaught, F, shiny|100\/100|[from] U-turn\n|move|p1a: BasicallyIDoWrk|Ice Beam|p2a: Chesnaught\n|-start|p1a: BasicallyIDoWrk|typechange|Ice|[from] ability: Protean\n|-supereffective|p2a: Chesnaught\n|-damage|p2a: Chesnaught|0 fnt\n|faint|p2a: Chesnaught\n|\n|upkeep\n|\n|t:|1698474850\n|switch|p2a: Grumpig|Grumpig, M|100\/100\n|turn|2\n|\n|t:|1698474857\n|switch|p1a: Terroriser|Iron Treads|100\/100\n|move|p2a: Grumpig|Shadow Ball|p1a: Terroriser\n|-damage|p1a: Terroriser|90\/100\n|\n|upkeep\n|turn|3\n|\n|t:|1698474863\n|move|p1a: Terroriser|Knock Off|p2a: Grumpig\n|-supereffective|p2a: Grumpig\n|-damage|p2a: Grumpig|37\/100\n|-enditem|p2a: Grumpig|Leftovers|[from] move: Knock Off|[of] p1a: Terroriser\n|move|p2a: Grumpig|Future Sight|p1a: Terroriser\n|-start|p2a: Grumpig|move: Future Sight\n|\n|upkeep\n|turn|4\n|\n|t:|1698474870\n|move|p2a: Grumpig|Protect|p2a: Grumpig\n|-singleturn|p2a: Grumpig|Protect\n|move|p1a: Terroriser|Rapid Spin|p2a: Grumpig\n|-activate|p2a: Grumpig|move: Protect\n|\n|upkeep\n|turn|5\n|\n|t:|1698474879\n|switch|p2a: Landorus|Landorus-Therian, M|100\/100\n|-ability|p2a: Landorus|Intimidate|boost\n|-unboost|p1a: Terroriser|atk|1\n|move|p1a: Terroriser|Rapid Spin|p2a: Landorus\n|-damage|p2a: Landorus|91\/100\n|-boost|p1a: Terroriser|spe|1\n|\n|-end|p1a: Terroriser|move: Future Sight\n|-resisted|p1a: Terroriser\n|-damage|p1a: Terroriser|77\/100\n|upkeep\n|turn|6\n|\n|t:|1698474893\n|-end|p1a: Terroriser|Quark Drive|[silent]\n|switch|p1a: Nogla|Klawf, M|100\/100\n|move|p2a: Landorus|Earthquake|p1a: Nogla\n|-supereffective|p1a: Nogla\n|-enditem|p1a: Nogla|Focus Sash\n|-damage|p1a: Nogla|1\/100\n|-ability|p1a: Nogla|Anger Shell|boost\n|-boost|p1a: Nogla|atk|1\n|-boost|p1a: Nogla|spa|1\n|-boost|p1a: Nogla|spe|1\n|-unboost|p1a: Nogla|def|1\n|-unboost|p1a: Nogla|spd|1\n|\n|upkeep\n|turn|7\n|\n|t:|1698474903\n|move|p2a: Landorus|Earthquake|p1a: Nogla\n|-supereffective|p1a: Nogla\n|-damage|p1a: Nogla|0 fnt\n|faint|p1a: Nogla\n|\n|upkeep\n|\n|t:|1698474909\n|switch|p1a: BasicallyIDoWrk|Greninja, M, shiny|18\/100\n|turn|8\n|\n|t:|1698474912\n|move|p1a: BasicallyIDoWrk|Water Shuriken|p2a: Landorus\n|-start|p1a: BasicallyIDoWrk|typechange|Water|[from] ability: Protean\n|-supereffective|p2a: Landorus\n|-damage|p2a: Landorus|64\/100\n|-supereffective|p2a: Landorus\n|-damage|p2a: Landorus|38\/100\n|-supereffective|p2a: Landorus\n|-damage|p2a: Landorus|12\/100\n|-supereffective|p2a: Landorus\n|-damage|p2a: Landorus|0 fnt\n|faint|p2a: Landorus\n|-hitcount|p2: Landorus|4\n|\n|upkeep\n|\n|t:|1698474927\n|switch|p2a: Grumpig|Grumpig, M|37\/100\n|turn|9\n|\n|t:|1698474935\n|move|p1a: BasicallyIDoWrk|Water Shuriken|p2a: Grumpig\n|-damage|p2a: Grumpig|28\/100\n|-damage|p2a: Grumpig|20\/100\n|-damage|p2a: Grumpig|11\/100\n|-damage|p2a: Grumpig|3\/100\n|-hitcount|p2a: Grumpig|4\n|move|p2a: Grumpig|Shadow Ball|p1a: BasicallyIDoWrk\n|-damage|p1a: BasicallyIDoWrk|0 fnt\n|faint|p1a: BasicallyIDoWrk\n|\n|upkeep\n|\n|t:|1698474944\n|switch|p1a: Terroriser|Iron Treads|77\/100\n|turn|10\n|\n|t:|1698474950\n|move|p1a: Terroriser|Rapid Spin|p2a: Grumpig\n|-damage|p2a: Grumpig|0 fnt\n|-boost|p1a: Terroriser|spe|1\n|faint|p2a: Grumpig\n|\n|upkeep\n|inactive|Battle timer is ON: inactive players will automatically lose when time's up. (requested by BananaBusCrew4)\n|\n|t:|1698474957\n|switch|p2a: Iron Bundle|Iron Bundle|100\/100\n|turn|11\n|\n|t:|1698474963\n|move|p2a: Iron Bundle|Freeze-Dry|p1a: Terroriser\n|-damage|p1a: Terroriser|58\/100\n|move|p1a: Terroriser|Knock Off|p2a: Iron Bundle\n|-crit|p2a: Iron Bundle\n|-damage|p2a: Iron Bundle|59\/100\n|-enditem|p2a: Iron Bundle|Focus Sash|[from] move: Knock Off|[of] p1a: Terroriser\n|\n|upkeep\n|turn|12\n|\n|t:|1698474970\n|move|p2a: Iron Bundle|Hydro Pump|p1a: Terroriser\n|-supereffective|p1a: Terroriser\n|-crit|p1a: Terroriser\n|-damage|p1a: Terroriser|0 fnt\n|faint|p1a: Terroriser\n|-end|p1a: Terroriser|Quark Drive|[silent]\n|\n|upkeep\n|\n|t:|1698474975\n|switch|p1a: VanossGaming|Decidueye-Hisui, M, shiny|100\/100\n|turn|13\n|\n|t:|1698474987\n|-terastallize|p1a: VanossGaming|Ghost\n|move|p1a: VanossGaming|Sucker Punch|p2a: Iron Bundle\n|-damage|p2a: Iron Bundle|29\/100\n|move|p2a: Iron Bundle|Freeze-Dry|p1a: VanossGaming\n|-damage|p1a: VanossGaming|67\/100\n|\n|upkeep\n|turn|14\n|\n|t:|1698474997\n|-end|p2a: Iron Bundle|Quark Drive|[silent]\n|switch|p2a: Tyranitar|Tyranitar, F, shiny|100\/100\n|-weather|Sandstorm|[from] ability: Sand Stream|[of] p2a: Tyranitar\n|-item|p2a: Tyranitar|Air Balloon\n|move|p1a: VanossGaming|Sucker Punch||[still]\n|-fail|p1a: VanossGaming\n|\n|-weather|Sandstorm|[upkeep]\n|-damage|p1a: VanossGaming|60\/100|[from] Sandstorm\n|upkeep\n|turn|15\n|\n|t:|1698475013\n|move|p2a: Tyranitar|Power Gem|p1a: VanossGaming\n|-damage|p1a: VanossGaming|31\/100\n|move|p1a: VanossGaming|Triple Arrows|p2a: Tyranitar\n|-supereffective|p2a: Tyranitar\n|-damage|p2a: Tyranitar|0 fnt\n|-enditem|p2a: Tyranitar|Air Balloon\n|faint|p2a: Tyranitar\n|\n|-weather|Sandstorm|[upkeep]\n|-damage|p1a: VanossGaming|25\/100|[from] Sandstorm\n|upkeep\n|\n|t:|1698475025\n|switch|p2a: Azumarill|Azumarill, F|100\/100\n|turn|16\n|\n|t:|1698475031\n|move|p1a: VanossGaming|Leaf Blade|p2a: Azumarill\n|-supereffective|p2a: Azumarill\n|-damage|p2a: Azumarill|0 fnt\n|faint|p2a: Azumarill\n|\n|-weather|Sandstorm|[upkeep]\n|-damage|p1a: VanossGaming|19\/100|[from] Sandstorm\n|upkeep\n|\n|t:|1698475038\n|switch|p2a: Iron Bundle|Iron Bundle|29\/100\n|turn|17\n|\n|t:|1698475042\n|move|p1a: VanossGaming|Sucker Punch|p2a: Iron Bundle\n|-damage|p2a: Iron Bundle|2\/100\n|move|p2a: Iron Bundle|Freeze-Dry|p1a: VanossGaming\n|-damage|p1a: VanossGaming|0 fnt\n|faint|p1a: VanossGaming\n|\n|-weather|Sandstorm|[upkeep]\n|-damage|p2a: Iron Bundle|0 fnt|[from] Sandstorm\n|faint|p2a: Iron Bundle\n|-end|p2a: Iron Bundle|Quark Drive|[silent]\n|\n|win|BananaBusCrew4\n|upkeep\n|raw|BananaBusCrew4's rating: 1125 &rarr; <strong>1141<\/strong><br \/>(+16 for winning)\n|raw|huta3's rating: 1000 &rarr; <strong>1000<\/strong><br \/>(+0 for losing)\n|l|\u2606huta3\n","uploadtime":1698475054,"views":17,"p1id":"bananabuscrew4","p2id":"huta3","formatid":"gen9anythinggoes","rating":1000,"private":0,"password":""}