{"id":"gen9anythinggoes-1976470830","p1":"puissance du feu","p2":"Ellippo","format":"[Gen 9] Anything Goes","log":"|j|\u203dpuissance du feu\n|j|\u2606Ellippo\n|t:|1698308869\n|gametype|singles\n|player|p1|puissance du feu|blackbelt|1795\n|player|p2|Ellippo|lance|1639\n|teamsize|p1|6\n|teamsize|p2|6\n|gen|9\n|tier|[Gen 9] Anything Goes\n|rated|\n|rule|HP Percentage Mod: HP is shown in percentages\n|rule|Endless Battle Clause: Forcing endless battles is banned\n|clearpoke\n|poke|p1|Calyrex-Shadow|\n|poke|p1|Arceus|\n|poke|p1|Arceus|\n|poke|p1|Miraidon|\n|poke|p1|Koraidon|\n|poke|p1|Koraidon|\n|poke|p2|Basculegion, M|\n|poke|p2|Sneasler, M|\n|poke|p2|Calyrex-Shadow|\n|poke|p2|Kyogre|\n|poke|p2|Koraidon|\n|poke|p2|Arceus|\n|teampreview\n|inactive|Battle timer is ON: inactive players will automatically lose when time's up. (requested by puissance du feu)\n|inactive|puissance du feu has 120 seconds left.\n|inactive|puissance du feu has 90 seconds left.\n|\n|t:|1698308930\n|start\n|switch|p1a: Calyrex|Calyrex-Shadow|100\/100\n|switch|p2a: Sneasler|Sneasler, M|100\/100\n|-ability|p1a: Calyrex|As One\n|-ability|p1a: Calyrex|Unnerve\n|turn|1\n|\n|t:|1698308946\n|move|p1a: Calyrex|Psychic|p2a: Sneasler\n|-supereffective|p2a: Sneasler\n|-enditem|p2a: Sneasler|Focus Sash\n|-damage|p2a: Sneasler|1\/100\n|move|p2a: Sneasler|Night Slash|p1a: Calyrex\n|-supereffective|p1a: Calyrex\n|-damage|p1a: Calyrex|0 fnt\n|faint|p1a: Calyrex\n|\n|upkeep\n|\n|t:|1698308958\n|switch|p1a: Arceus|Arceus|100\/100\n|turn|2\n|\n|t:|1698308965\n|-terastallize|p2a: Sneasler|Ghost\n|move|p1a: Arceus|Extreme Speed|p2a: Sneasler\n|-immune|p2a: Sneasler\n|move|p2a: Sneasler|Swords Dance|p2a: Sneasler\n|-boost|p2a: Sneasler|atk|2\n|\n|upkeep\n|turn|3\n|\n|t:|1698308974\n|move|p2a: Sneasler|Close Combat|p1a: Arceus\n|-supereffective|p1a: Arceus\n|-crit|p1a: Arceus\n|-damage|p1a: Arceus|0 fnt\n|-unboost|p2a: Sneasler|def|1\n|-unboost|p2a: Sneasler|spd|1\n|faint|p1a: Arceus\n|\n|upkeep\n|\n|t:|1698308979\n|switch|p1a: Arceus|Arceus|100\/100\n|turn|4\n|\n|t:|1698308983\n|-terastallize|p1a: Arceus|Ghost\n|move|p2a: Sneasler|Close Combat|p1a: Arceus\n|-immune|p1a: Arceus\n|move|p1a: Arceus|Shadow Claw|p2a: Sneasler\n|-supereffective|p2a: Sneasler\n|-damage|p2a: Sneasler|0 fnt\n|faint|p2a: Sneasler\n|-damage|p1a: Arceus|91\/100|[from] item: Life Orb\n|\n|upkeep\n|\n|t:|1698308993\n|switch|p2a: Calyrex|Calyrex-Shadow|100\/100\n|-ability|p2a: Calyrex|As One\n|-ability|p2a: Calyrex|Unnerve\n|turn|5\n|\n|t:|1698309006\n|switch|p1a: Koraidon|Koraidon|100\/100\n|-weather|SunnyDay|[from] ability: Orichalcum Pulse|[of] p1a: Koraidon\n|-activate|p1a: Koraidon|Orichalcum Pulse|[source]\n|move|p2a: Calyrex|Astral Barrage|p1a: Koraidon\n|-damage|p1a: Koraidon|28\/100\n|\n|-weather|SunnyDay|[upkeep]\n|upkeep\n|turn|6\n|\n|t:|1698309015\n|move|p1a: Koraidon|U-turn|p2a: Calyrex\n|-damage|p2a: Calyrex|58\/100\n|\n|t:|1698309025\n|switch|p1a: Arceus|Arceus, tera:Ghost|91\/100|[from] U-turn\n|move|p2a: Calyrex|Psychic|p1a: Arceus\n|-damage|p1a: Arceus|46\/100\n|\n|-weather|SunnyDay|[upkeep]\n|upkeep\n|turn|7\n|\n|t:|1698309032\n|move|p2a: Calyrex|Psychic|p1a: Arceus\n|-damage|p1a: Arceus|4\/100\n|move|p1a: Arceus|Shadow Claw|p2a: Calyrex\n|-supereffective|p2a: Calyrex\n|-damage|p2a: Calyrex|0 fnt\n|faint|p2a: Calyrex\n|-damage|p1a: Arceus|0 fnt|[from] item: Life Orb\n|faint|p1a: Arceus\n|\n|-weather|SunnyDay|[upkeep]\n|upkeep\n|\n|t:|1698309052\n|switch|p2a: Koraidon|Koraidon|100\/100\n|switch|p1a: Miraidon|Miraidon|100\/100\n|-activate|p2a: Koraidon|ability: Orichalcum Pulse\n|-fieldstart|move: Electric Terrain|[from] ability: Hadron Engine|[of] p1a: Miraidon\n|turn|8\n|\n|t:|1698309058\n|move|p2a: Koraidon|Dragon Claw|p1a: Miraidon\n|-supereffective|p1a: Miraidon\n|-crit|p1a: Miraidon\n|-damage|p1a: Miraidon|0 fnt\n|faint|p1a: Miraidon\n|\n|-weather|SunnyDay|[upkeep]\n|upkeep\n|\n|t:|1698309062\n|switch|p1a: Koraidon|Koraidon|28\/100\n|-activate|p1a: Koraidon|ability: Orichalcum Pulse\n|turn|9\n|\n|t:|1698309066\n|move|p2a: Koraidon|Dragon Claw|p1a: Koraidon\n|-supereffective|p1a: Koraidon\n|-damage|p1a: Koraidon|0 fnt\n|faint|p1a: Koraidon\n|\n|-weather|none\n|upkeep\n|\n|t:|1698309069\n|switch|p1a: Koraidon|Koraidon|100\/100\n|-weather|SunnyDay|[from] ability: Orichalcum Pulse|[of] p1a: Koraidon\n|-activate|p1a: Koraidon|Orichalcum Pulse|[source]\n|turn|10\n|\n|t:|1698309074\n|move|p2a: Koraidon|Dragon Claw|p1a: Koraidon\n|-supereffective|p1a: Koraidon\n|-damage|p1a: Koraidon|0 fnt\n|faint|p1a: Koraidon\n|\n|win|Ellippo\n|raw|puissance du feu's rating: 1795 &rarr; <strong>1767<\/strong><br \/>(-28 for losing)\n|raw|Ellippo's rating: 1639 &rarr; <strong>1667<\/strong><br \/>(+28 for winning)\n|l|\u203dpuissance du feu\n|l|\u2606Ellippo\n","uploadtime":1698309092,"views":11,"p1id":"puissancedufeu","p2id":"ellippo","formatid":"gen9anythinggoes","rating":1667,"private":0,"password":""}