{"id":"gen9anythinggoes-1979394144","p1":"rSirK","p2":"i'm drunk xd","format":"[Gen 9] Anything Goes","log":"|j|\u2606rSirK\n|j|\u2606i'm drunk xd\n|t:|1698679202\n|gametype|singles\n|player|p1|rSirK|cynthia|1319\n|player|p2|i'm drunk xd|cynthia|1415\n|teamsize|p1|6\n|teamsize|p2|6\n|gen|9\n|tier|[Gen 9] Anything Goes\n|rated|\n|rule|HP Percentage Mod: HP is shown in percentages\n|rule|Endless Battle Clause: Forcing endless battles is banned\n|clearpoke\n|poke|p1|Eternatus|\n|poke|p1|Arceus-Ground|\n|poke|p1|Arceus-Steel|\n|poke|p1|Arceus|\n|poke|p1|Rayquaza|\n|poke|p1|Eternatus|\n|poke|p2|Ogerpon, F|\n|poke|p2|Tinkaton, F|\n|poke|p2|Iron Valiant|\n|poke|p2|Gholdengo|\n|poke|p2|Grimmsnarl, M|\n|poke|p2|Miraidon|\n|teampreview\n|c|\u2606i'm drunk xd|I think you need more arceus and eternatus\n|c|\u2606i'm drunk xd|tho that's just me\n|\n|t:|1698679224\n|start\n|switch|p1a: Rayquaza|Rayquaza|100\/100\n|switch|p2a: Kain|Grimmsnarl, M, shiny|100\/100\n|-ability|p1a: Rayquaza|Air Lock\n|turn|1\n|c|\u2606rSirK|problem?\n|c|\u2606i'm drunk xd|yeah I have diarrhea\n|c|\u2606rSirK|mm\n|\n|t:|1698679267\n|move|p2a: Kain|Reflect|p2a: Kain\n|-sidestart|p2: i'm drunk xd|Reflect\n|move|p1a: Rayquaza|Dragon Tail|p2a: Kain\n|-immune|p2a: Kain\n|\n|upkeep\n|turn|2\n|\n|t:|1698679275\n|move|p2a: Kain|Light Screen|p2a: Kain\n|-sidestart|p2: i'm drunk xd|move: Light Screen\n|move|p1a: Rayquaza|Dragon Ascent|p2a: Kain\n|-damage|p2a: Kain|62\/100\n|-unboost|p1a: Rayquaza|def|1\n|-unboost|p1a: Rayquaza|spd|1\n|-damage|p1a: Rayquaza|91\/100|[from] item: Life Orb\n|\n|upkeep\n|turn|3\n|\n|t:|1698679285\n|switch|p1a: Eternatus|Eternatus|100\/100\n|-ability|p1a: Eternatus|Pressure\n|move|p2a: Kain|Parting Shot|p1a: Eternatus\n|-unboost|p1a: Eternatus|atk|1\n|-unboost|p1a: Eternatus|spa|1\n|\n|t:|1698679292\n|switch|p2a: Drinkaton|Tinkaton, F|100\/100|[from] Parting Shot\n|\n|upkeep\n|turn|4\n|\n|t:|1698679299\n|move|p1a: Eternatus|Flamethrower|p2a: Drinkaton\n|-supereffective|p2a: Drinkaton\n|-damage|p2a: Drinkaton|69\/100\n|-damage|p1a: Eternatus|91\/100|[from] item: Life Orb\n|move|p2a: Drinkaton|Stealth Rock|p1a: Eternatus\n|-sidestart|p1: rSirK|move: Stealth Rock\n|\n|upkeep\n|turn|5\n|\n|t:|1698679311\n|switch|p1a: Rayquaza|Rayquaza|91\/100\n|-damage|p1a: Rayquaza|66\/100|[from] Stealth Rock\n|-ability|p1a: Rayquaza|Air Lock\n|move|p2a: Drinkaton|Knock Off|p1a: Rayquaza\n|-damage|p1a: Rayquaza|39\/100\n|-enditem|p1a: Rayquaza|Life Orb|[from] move: Knock Off|[of] p2a: Drinkaton\n|\n|upkeep\n|turn|6\n|\n|t:|1698679320\n|move|p2a: Drinkaton|Gigaton Hammer|p1a: Rayquaza\n|-damage|p1a: Rayquaza|0 fnt\n|faint|p1a: Rayquaza\n|\n|upkeep\n|\n|t:|1698679326\n|switch|p1a: Arceus|Arceus-Ground|100\/100\n|-damage|p1a: Arceus|94\/100|[from] Stealth Rock\n|turn|7\n|j| pokemonfan19276\n|\n|t:|1698679335\n|-terastallize|p2a: Drinkaton|Flying\n|move|p1a: Arceus|Judgment|p2a: Drinkaton\n|-immune|p2a: Drinkaton\n|move|p2a: Drinkaton|Knock Off|p1a: Arceus\n|-damage|p1a: Arceus|82\/100\n|\n|upkeep\n|turn|8\n|\n|t:|1698679350\n|move|p1a: Arceus|Ice Beam|p2a: Drinkaton\n|-supereffective|p2a: Drinkaton\n|-damage|p2a: Drinkaton|36\/100\n|move|p2a: Drinkaton|Encore|p1a: Arceus\n|-start|p1a: Arceus|Encore\n|\n|-sideend|p2: i'm drunk xd|Reflect\n|upkeep\n|turn|9\n|c| pokemonfan19276|RU a legand spammer\n|\n|t:|1698679361\n|switch|p2a: Pawn Shop|Gholdengo, shiny|100\/100\n|move|p1a: Arceus|Ice Beam|p2a: Pawn Shop\n|-resisted|p2a: Pawn Shop\n|-damage|p2a: Pawn Shop|92\/100\n|\n|-sideend|p2: i'm drunk xd|move: Light Screen\n|upkeep\n|turn|10\n|c|\u2606rSirK|i just made this for fun\n|c|\u2606rSirK|im rotting in religion class rn\n|\n|t:|1698679380\n|switch|p1a: Eternatus|Eternatus|91\/100\n|-damage|p1a: Eternatus|78\/100|[from] Stealth Rock\n|-ability|p1a: Eternatus|Pressure\n|move|p2a: Pawn Shop|Shadow Ball|p1a: Eternatus\n|-damage|p1a: Eternatus|44\/100\n|\n|upkeep\n|turn|11\n|l| pokemonfan19276\n|c|\u2606i'm drunk xd|oof rip\n|c|\u2606rSirK|irdc abt winning\n|c|\u2606rSirK|i just need to pass time\n|c|\u2606i'm drunk xd|lol fair enough\n|c|\u2606i'm drunk xd|I can relate\n|c|\u2606rSirK|this dudeis talking abt mlk's letter to the alabama church\n|\n|t:|1698679414\n|move|p2a: Pawn Shop|Shadow Ball|p1a: Eternatus\n|-damage|p1a: Eternatus|11\/100\n|move|p1a: Eternatus|Flamethrower|p2a: Pawn Shop\n|-supereffective|p2a: Pawn Shop\n|-damage|p2a: Pawn Shop|0 fnt\n|faint|p2a: Pawn Shop\n|-damage|p1a: Eternatus|1\/100|[from] item: Life Orb\n|\n|upkeep\n|\n|t:|1698679424\n|switch|p2a: Kain|Grimmsnarl, M, shiny|62\/100\n|turn|12\n|c|\u2606rSirK|mb\n|\n|t:|1698679489\n|move|p2a: Kain|Light Screen|p2a: Kain\n|-sidestart|p2: i'm drunk xd|move: Light Screen\n|move|p1a: Eternatus|Flash Cannon|p2a: Kain\n|-supereffective|p2a: Kain\n|-damage|p2a: Kain|21\/100\n|-damage|p1a: Eternatus|0 fnt|[from] item: Life Orb\n|faint|p1a: Eternatus\n|\n|upkeep\n|\n|t:|1698679507\n|switch|p1a: Eternatus|Eternatus|100\/100\n|-damage|p1a: Eternatus|88\/100|[from] Stealth Rock\n|-ability|p1a: Eternatus|Pressure\n|turn|13\n|\n|t:|1698679514\n|move|p2a: Kain|Reflect|p2a: Kain\n|-sidestart|p2: i'm drunk xd|Reflect\n|move|p1a: Eternatus|Flamethrower|p2a: Kain\n|-damage|p2a: Kain|5\/100\n|\n|upkeep\n|turn|14\n|\n|t:|1698679522\n|switch|p1a: Arceus|Arceus-Ground|82\/100\n|-damage|p1a: Arceus|76\/100|[from] Stealth Rock\n|move|p2a: Kain|Parting Shot|p1a: Arceus\n|-unboost|p1a: Arceus|atk|1\n|-unboost|p1a: Arceus|spa|1\n|\n|t:|1698679529\n|switch|p2a: Cannapon|Ogerpon, F|100\/100|[from] Parting Shot\n|\n|upkeep\n|turn|15\n|\n|t:|1698679542\n|switch|p1a: Eternatus|Eternatus|88\/100\n|-damage|p1a: Eternatus|76\/100|[from] Stealth Rock\n|-ability|p1a: Eternatus|Pressure\n|move|p2a: Cannapon|Swords Dance|p2a: Cannapon\n|-boost|p2a: Cannapon|atk|2\n|\n|upkeep\n|turn|16\n|\n|t:|1698679550\n|move|p1a: Eternatus|Flamethrower|p2a: Cannapon\n|-supereffective|p2a: Cannapon\n|-damage|p2a: Cannapon|58\/100\n|-enditem|p2a: Cannapon|Weakness Policy\n|-boost|p2a: Cannapon|atk|2|[from] item: Weakness Policy\n|-boost|p2a: Cannapon|spa|2|[from] item: Weakness Policy\n|move|p2a: Cannapon|Swords Dance|p2a: Cannapon\n|-boost|p2a: Cannapon|atk|2\n|\n|upkeep\n|turn|17\n|\n|t:|1698679569\n|-terastallize|p1a: Eternatus|Ice\n|move|p1a: Eternatus|Flamethrower|p2a: Cannapon\n|-supereffective|p2a: Cannapon\n|-damage|p2a: Cannapon|21\/100\n|move|p2a: Cannapon|Knock Off|p1a: Eternatus\n|-crit|p1a: Eternatus\n|-damage|p1a: Eternatus|0 fnt\n|-enditem|p1a: Eternatus|Power Herb|[from] move: Knock Off|[of] p2a: Cannapon\n|faint|p1a: Eternatus\n|\n|upkeep\n|\n|t:|1698679578\n|switch|p1a: Arceus|Arceus|100\/100\n|-damage|p1a: Arceus|88\/100|[from] Stealth Rock\n|turn|18\n|\n|t:|1698679585\n|move|p1a: Arceus|Extreme Speed|p2a: Cannapon\n|-damage|p2a: Cannapon|0 fnt\n|faint|p2a: Cannapon\n|\n|-heal|p1a: Arceus|94\/100|[from] item: Leftovers\n|upkeep\n|\n|t:|1698679592\n|switch|p2a: e621|Miraidon|100\/100\n|-fieldstart|move: Electric Terrain|[from] ability: Hadron Engine|[of] p2a: e621\n|turn|19\n|\n|t:|1698679609\n|move|p1a: Arceus|Extreme Speed|p2a: e621\n|-damage|p2a: e621|84\/100\n|move|p2a: e621|Volt Switch|p1a: Arceus\n|-damage|p1a: Arceus|40\/100\n|\n|t:|1698679615\n|switch|p2a: Murder Drone|Iron Valiant, shiny|100\/100|[from] Volt Switch\n|-activate|p2a: Murder Drone|ability: Quark Drive\n|-start|p2a: Murder Drone|quarkdrivespe\n|\n|-heal|p1a: Arceus|46\/100|[from] item: Leftovers\n|-sideend|p2: i'm drunk xd|move: Light Screen\n|upkeep\n|turn|20\n|\n|t:|1698679626\n|move|p1a: Arceus|Extreme Speed|p2a: Murder Drone\n|-damage|p2a: Murder Drone|80\/100\n|move|p2a: Murder Drone|Close Combat|p1a: Arceus\n|-supereffective|p1a: Arceus\n|-damage|p1a: Arceus|0 fnt\n|-unboost|p2a: Murder Drone|def|1\n|-unboost|p2a: Murder Drone|spd|1\n|faint|p1a: Arceus\n|\n|-sideend|p2: i'm drunk xd|Reflect\n|upkeep\n|\n|t:|1698679633\n|switch|p1a: Arceus|Arceus-Ground|76\/100\n|-damage|p1a: Arceus|70\/100|[from] Stealth Rock\n|turn|21\n|\n|t:|1698679642\n|move|p2a: Murder Drone|Moonblast|p1a: Arceus\n|-crit|p1a: Arceus\n|-damage|p1a: Arceus|16\/100\n|move|p1a: Arceus|Judgment|p2a: Murder Drone\n|-damage|p2a: Murder Drone|0 fnt\n|faint|p2a: Murder Drone\n|-end|p2a: Murder Drone|Quark Drive|[silent]\n|\n|upkeep\n|\n|t:|1698679652\n|switch|p2a: Drinkaton|Tinkaton, F, tera:Flying|36\/100\n|turn|22\n|\n|t:|1698679655\n|move|p1a: Arceus|Ice Beam|p2a: Drinkaton\n|-supereffective|p2a: Drinkaton\n|-damage|p2a: Drinkaton|0 fnt\n|faint|p2a: Drinkaton\n|\n|upkeep\n|\n|t:|1698679661\n|switch|p2a: Kain|Grimmsnarl, M, shiny|5\/100\n|turn|23\n|\n|t:|1698679665\n|move|p2a: Kain|Light Screen|p2a: Kain\n|-sidestart|p2: i'm drunk xd|move: Light Screen\n|move|p1a: Arceus|Judgment|p2a: Kain\n|-damage|p2a: Kain|0 fnt\n|faint|p2a: Kain\n|\n|-fieldend|move: Electric Terrain\n|upkeep\n|\n|t:|1698679671\n|switch|p2a: e621|Miraidon|84\/100\n|-fieldstart|move: Electric Terrain|[from] ability: Hadron Engine|[of] p2a: e621\n|turn|24\n|\n|t:|1698679687\n|move|p2a: e621|Dragon Pulse|p1a: Arceus\n|-damage|p1a: Arceus|0 fnt\n|faint|p1a: Arceus\n|\n|upkeep\n|c|\u2606rSirK|gg\n|\n|t:|1698679691\n|switch|p1a: Arceus|Arceus-Steel|100\/100\n|-damage|p1a: Arceus|94\/100|[from] Stealth Rock\n|turn|25\n|c|\u2606i'm drunk xd|gg\n|c|\u2606rSirK|i lose hard\n|c|\u2606i'm drunk xd|you're steel so you resist\n|c|\u2606i'm drunk xd|you could win\n|c|\u2606rSirK|maybe\n|\n|t:|1698679734\n|move|p2a: e621|Dragon Pulse|p1a: Arceus\n|-resisted|p1a: Arceus\n|-damage|p1a: Arceus|72\/100\n|move|p1a: Arceus|Body Press|p2a: e621\n|-damage|p2a: e621|63\/100\n|\n|upkeep\n|turn|26\n|c|\u2606i'm drunk xd|plus i'm scarfed into dp\n|\n|t:|1698679740\n|move|p2a: e621|Dragon Pulse|p1a: Arceus\n|-resisted|p1a: Arceus\n|-damage|p1a: Arceus|47\/100\n|move|p1a: Arceus|Body Press|p2a: e621\n|-damage|p2a: e621|41\/100\n|\n|upkeep\n|turn|27\n|\n|t:|1698679770\n|move|p2a: e621|Dragon Pulse|p1a: Arceus\n|-resisted|p1a: Arceus\n|-damage|p1a: Arceus|25\/100\n|move|p1a: Arceus|Body Press|p2a: e621\n|-damage|p2a: e621|20\/100\n|\n|upkeep\n|turn|28\n|\n|t:|1698679776\n|move|p2a: e621|Dragon Pulse|p1a: Arceus\n|-resisted|p1a: Arceus\n|-damage|p1a: Arceus|3\/100\n|move|p1a: Arceus|Body Press|p2a: e621\n|-damage|p2a: e621|0 fnt\n|faint|p2a: e621\n|\n|win|rSirK\n|raw|rSirK's rating: 1319 &rarr; <strong>1344<\/strong><br \/>(+25 for winning)\n|raw|i&apos;m drunk xd's rating: 1415 &rarr; <strong>1390<\/strong><br \/>(-25 for losing)\n|c|\u2606rSirK|damn\n|c|\u2606rSirK|gg\n|l|\u2606rSirK\n|c|\u2606i'm drunk xd|so damn close haha\n|c|\u2606i'm drunk xd|gg\n","uploadtime":1698679826,"views":6,"p1id":"rsirk","p2id":"imdrunkxd","formatid":"gen9anythinggoes","rating":1344,"private":0,"password":""}