{"id":"gen9anythinggoes-1990498390","p1":"DreadHero99","p2":"ralph smogon","format":"[Gen 9] Anything Goes","log":"|j|\u2606DreadHero99\n|j|\u2606ralph smogon\n|t:|1699976374\n|gametype|singles\n|player|p1|DreadHero99|170|\n|player|p2|ralph smogon|policeman-gen4|\n|teamsize|p1|6\n|teamsize|p2|6\n|gen|9\n|tier|[Gen 9] Anything Goes\n|rule|HP Percentage Mod: HP is shown in percentages\n|rule|Endless Battle Clause: Forcing endless battles is banned\n|clearpoke\n|poke|p1|Gholdengo|\n|poke|p1|Cinderace, M|\n|poke|p1|Quagsire, F|\n|poke|p1|Tornadus, M|\n|poke|p1|Slowbro, F|\n|poke|p1|Zoroark-Hisui, M|\n|poke|p2|Great Tusk|\n|poke|p2|Espathra, F|\n|poke|p2|Iron Jugulis|\n|poke|p2|Hydreigon, M|\n|poke|p2|Dondozo, M|\n|poke|p2|Muk-Alola, M|\n|teampreview\n|j| butter dk\n|c| butter dk|Were gaming\n|c|\u2606DreadHero99|GLHF\n|c|\u2606ralph smogon|gl\n|\n|t:|1699976444\n|start\n|switch|p1a: Tornadus|Tornadus, M|100\/100\n|switch|p2a: The Stranger|Great Tusk|100\/100\n|-enditem|p2a: The Stranger|Booster Energy\n|-activate|p2a: The Stranger|ability: Protosynthesis|[fromitem]\n|-start|p2a: The Stranger|protosynthesisatk\n|turn|1\n|j| Bigsmokemorel\n|c| butter dk|Tony not beating the stall allegations w slowbro quagsire\n|\n|t:|1699976470\n|-end|p2a: The Stranger|Protosynthesis|[silent]\n|switch|p2a: scary man|Muk-Alola, M|100\/100\n|move|p1a: Tornadus|Tailwind|p1a: Tornadus\n|-sidestart|p1: DreadHero99|move: Tailwind\n|\n|upkeep\n|turn|2\n|\n|t:|1699976482\n|move|p1a: Tornadus|Hurricane|p2a: scary man\n|-damage|p2a: scary man|66\/100\n|move|p2a: scary man|Knock Off|p1a: Tornadus\n|-damage|p1a: Tornadus|45\/100\n|-status|p1a: Tornadus|psn|[from] ability: Poison Touch|[of] p2a: scary man\n|-enditem|p1a: Tornadus|Sitrus Berry|[from] move: Knock Off|[of] p2a: scary man\n|\n|-heal|p2a: scary man|72\/100|[from] item: Leftovers\n|-damage|p1a: Tornadus|33\/100 psn|[from] psn\n|upkeep\n|turn|3\n|c| Bigsmokemorel|Let\u2019s go both players\n|\n|t:|1699976505\n|move|p1a: Tornadus|U-turn|p2a: scary man\n|-damage|p2a: scary man|56\/100\n|\n|t:|1699976540\n|switch|p1a: Quagsire|Quagsire, F|100\/100|[from] U-turn\n|move|p2a: scary man|Poison Jab|p1a: Quagsire\n|-resisted|p1a: Quagsire\n|-damage|p1a: Quagsire|91\/100\n|\n|-heal|p1a: Quagsire|97\/100|[from] item: Leftovers\n|-heal|p2a: scary man|62\/100|[from] item: Leftovers\n|upkeep\n|turn|4\n|\n|t:|1699976573\n|switch|p2a: patriot|Hydreigon, M|100\/100\n|move|p1a: Quagsire|Waterfall|p2a: patriot\n|-resisted|p2a: patriot\n|-damage|p2a: patriot|88\/100\n|\n|-heal|p1a: Quagsire|100\/100|[from] item: Leftovers\n|-sideend|p1: DreadHero99|move: Tailwind\n|upkeep\n|turn|5\n|j| best dk\n|c| best dk|im here\n|c| Bigsmokemorel|I am just noticing lex has 2 hydregions\n|\n|t:|1699976587\n|move|p2a: patriot|Substitute|p2a: patriot\n|-start|p2a: patriot|Substitute\n|-damage|p2a: patriot|63\/100\n|move|p1a: Quagsire|Avalanche|p2a: patriot\n|-supereffective|p2a: patriot\n|-end|p2a: patriot|Substitute\n|\n|upkeep\n|turn|6\n|c| butter dk|I just realized lex got hydration and jugs\n|c| butter dk|Hydreigon\n|c| best dk|lmfao\n|c| butter dk|Thats 6 heads in 2 mons\n|j| mat6455\n|inactive|Battle timer is ON: inactive players will automatically lose when time's up. (requested by DreadHero99)\n|\n|t:|1699976658\n|switch|p2a: The Stranger|Great Tusk|100\/100\n|move|p1a: Quagsire|Toxic|p2a: The Stranger\n|-status|p2a: The Stranger|tox\n|\n|-damage|p2a: The Stranger|94\/100 tox|[from] psn\n|upkeep\n|turn|7\n|c| Bigsmokemorel|Tony is beating the stall allegations\n|\n|t:|1699976667\n|move|p2a: The Stranger|Stealth Rock|p1a: Quagsire\n|-sidestart|p1: DreadHero99|move: Stealth Rock\n|move|p1a: Quagsire|Waterfall|p2a: The Stranger\n|-supereffective|p2a: The Stranger\n|-damage|p2a: The Stranger|60\/100 tox\n|\n|-damage|p2a: The Stranger|47\/100 tox|[from] psn\n|upkeep\n|turn|8\n|c| Bigsmokemorel|avalanche quag is wild LOL\n|inactive|ralph smogon has 270 seconds left.\n|c| butter dk|We call that an offensice presence\n|\n|t:|1699976703\n|move|p2a: The Stranger|Headlong Rush|p1a: Quagsire\n|-damage|p1a: Quagsire|52\/100\n|-unboost|p2a: The Stranger|def|1\n|-unboost|p2a: The Stranger|spd|1\n|move|p1a: Quagsire|Waterfall|p2a: The Stranger\n|-supereffective|p2a: The Stranger\n|-damage|p2a: The Stranger|10\/100 tox\n|\n|-heal|p1a: Quagsire|58\/100|[from] item: Leftovers\n|-damage|p2a: The Stranger|0 fnt|[from] psn\n|faint|p2a: The Stranger\n|-end|p2a: The Stranger|Protosynthesis|[silent]\n|upkeep\n|inactive|ralph smogon has 240 seconds left.\n|\n|t:|1699976739\n|switch|p2a: big naturals|Iron Jugulis|100\/100\n|-enditem|p2a: big naturals|Booster Energy\n|-activate|p2a: big naturals|ability: Quark Drive|[fromitem]\n|-start|p2a: big naturals|quarkdrivespa\n|turn|9\n|inactive|ralph smogon has 240 seconds left.\n|\n|t:|1699976750\n|move|p2a: big naturals|Hurricane|p1a: Quagsire\n|-damage|p1a: Quagsire|0 fnt\n|faint|p1a: Quagsire\n|\n|upkeep\n|\n|t:|1699976759\n|switch|p1a: Cinderace|Cinderace, M|100\/100\n|turn|10\n|inactive|ralph smogon has 240 seconds left.\n|\n|t:|1699976771\n|move|p1a: Cinderace|Court Change|p1a: Cinderace\n|-start|p1a: Cinderace|typechange|Normal|[from] ability: Libero\n|-swapsideconditions\n|-activate|p1a: Cinderace|move: Court Change\n|move|p2a: big naturals|Hurricane|p1a: Cinderace\n|-damage|p1a: Cinderace|0 fnt\n|faint|p1a: Cinderace\n|\n|upkeep\n|c| best dk|holy\n|c| butter dk|Biggest naturals u ever seen\n|inactive|DreadHero99 has 270 seconds left.\n|\n|t:|1699976803\n|switch|p1a: Tornadus|Tornadus, M|33\/100 psn\n|turn|11\n|c| best dk|quarked up iron boy\n|j| Lex fan\n|l| mat6455\n|inactive|ralph smogon has 240 seconds left.\n|\n|t:|1699976819\n|move|p1a: Tornadus|Tailwind|p1a: Tornadus\n|-sidestart|p1: DreadHero99|move: Tailwind\n|move|p2a: big naturals|Hurricane|p1a: Tornadus\n|-damage|p1a: Tornadus|0 fnt\n|faint|p1a: Tornadus\n|\n|upkeep\n|\n|t:|1699976828\n|switch|p1a: Gholdengo|Gholdengo|100\/100\n|turn|12\n|c| butter dk|Lex the only man to ever hit 3 hurricanes in a row\n|\n|t:|1699976839\n|-terastallize|p1a: Gholdengo|Fairy\n|move|p1a: Gholdengo|Thunderbolt|p2a: big naturals\n|-supereffective|p2a: big naturals\n|-damage|p2a: big naturals|6\/100\n|-status|p2a: big naturals|par\n|move|p2a: big naturals|Dark Pulse|p1a: Gholdengo\n|-resisted|p1a: Gholdengo\n|-damage|p1a: Gholdengo|68\/100\n|\n|upkeep\n|turn|13\n|c|\u2606ralph smogon|thats crazy\n|c| best dk|wait\n|inactive|ralph smogon has 240 seconds left.\n|c| best dk|tony tera'd more than once\n|c| butter dk|What\n|c|\u2606DreadHero99|I never tera lmao\n|c| best dk|oh\n|c| best dk|libero lmfao\n|c|\u2606ralph smogon|lol\n|c| best dk|i have never seen cinderace\n|c| best dk|carry on\n|c|\u2606DreadHero99|brother\n|inactive|ralph smogon has 210 seconds left.\n|\n|t:|1699976890\n|move|p1a: Gholdengo|Nasty Plot|p1a: Gholdengo\n|-boost|p1a: Gholdengo|spa|2\n|cant|p2a: big naturals|par\n|\n|upkeep\n|turn|14\n|l| Lex fan\n|c| butter dk|Jay out here just saying words\n|c| best dk|oh shit!!!\n|\n|t:|1699976898\n|move|p1a: Gholdengo|Tera Blast|p2a: big naturals|[anim] Tera Blast Fairy\n|-supereffective|p2a: big naturals\n|-damage|p2a: big naturals|0 fnt\n|faint|p2a: big naturals\n|-end|p2a: big naturals|Quark Drive|[silent]\n|\n|-sideend|p1: DreadHero99|move: Tailwind\n|upkeep\n|inactive|ralph smogon has 210 seconds left.\n|c| best dk|lex knows what to do\n|c| butter dk|Its gholdengover\n|\n|t:|1699976924\n|switch|p2a: big man|Dondozo, M|100\/100\n|-damage|p2a: big man|88\/100|[from] Stealth Rock\n|turn|15\n|c| best dk|hes aware\n|\n|t:|1699976938\n|move|p1a: Gholdengo|Thunderbolt|p2a: big man\n|-supereffective|p2a: big man\n|-damage|p2a: big man|38\/100\n|move|p2a: big man|Liquidation|p1a: Gholdengo\n|-damage|p1a: Gholdengo|34\/100\n|\n|-heal|p2a: big man|44\/100|[from] item: Leftovers\n|upkeep\n|turn|16\n|l| Bigsmokemorel\n|c|\u2606ralph smogon|jesus christ\n|j| Bigsmokemorel\n|\n|t:|1699976967\n|move|p1a: Gholdengo|Thunderbolt|p2a: big man\n|-supereffective|p2a: big man\n|-damage|p2a: big man|0 fnt\n|faint|p2a: big man\n|\n|upkeep\n|inactive|ralph smogon has 180 seconds left.\n|j| lexfan97\n|c| best dk|lexfan97 is here\n|\n|t:|1699977000\n|switch|p2a: patriot|Hydreigon, M|63\/100\n|-damage|p2a: patriot|50\/100|[from] Stealth Rock\n|turn|17\n|\n|t:|1699977006\n|move|p2a: patriot|Earth Power|p1a: Gholdengo\n|-damage|p1a: Gholdengo|0 fnt\n|faint|p1a: Gholdengo\n|\n|upkeep\n|\n|t:|1699977015\n|switch|p1a: Slowbro|Slowbro, F|100\/100\n|turn|18\n|l| butter dk\n|j| butter dk\n|\n|t:|1699977031\n|move|p2a: patriot|Substitute|p2a: patriot\n|-start|p2a: patriot|Substitute\n|-damage|p2a: patriot|26\/100\n|move|p1a: Slowbro|Yawn||[still]\n|-fail|p1a: Slowbro\n|\n|upkeep\n|turn|19\n|\n|t:|1699977042\n|move|p2a: patriot|Nasty Plot|p2a: patriot\n|-boost|p2a: patriot|spa|2\n|move|p1a: Slowbro|Grass Knot|p2a: patriot\n|-resisted|p2a: patriot\n|-activate|p2a: patriot|move: Substitute|[damage]\n|\n|upkeep\n|turn|20\n|\n|t:|1699977054\n|move|p1a: Slowbro|Protect|p1a: Slowbro\n|-singleturn|p1a: Slowbro|Protect\n|move|p2a: patriot|Dark Pulse|p1a: Slowbro\n|-activate|p1a: Slowbro|move: Protect\n|\n|upkeep\n|turn|21\n|c| Bigsmokemorel|Oh shit three heads is bettern one\n|\n|t:|1699977075\n|move|p2a: patriot|Nasty Plot|p2a: patriot\n|-boost|p2a: patriot|spa|2\n|move|p1a: Slowbro|Scald|p2a: patriot\n|-resisted|p2a: patriot\n|-end|p2a: patriot|Substitute\n|\n|upkeep\n|turn|22\n|\n|t:|1699977089\n|move|p1a: Slowbro|Protect|p1a: Slowbro\n|-singleturn|p1a: Slowbro|Protect\n|move|p2a: patriot|Substitute|p2a: patriot\n|-start|p2a: patriot|Substitute\n|-damage|p2a: patriot|1\/100\n|\n|upkeep\n|turn|23\n|c| butter dk|This dark pulse fact checked by real american patriots\n|c| best dk|bro gotta make extra sure this kills\n|\n|t:|1699977097\n|move|p2a: patriot|Dark Pulse|p1a: Slowbro\n|-supereffective|p1a: Slowbro\n|-damage|p1a: Slowbro|0 fnt\n|faint|p1a: Slowbro\n|\n|upkeep\n|c|\u2606DreadHero99|Bro 1 hp sub\n|\n|t:|1699977111\n|switch|p1a: Zoroark|Zoroark-Hisui, M, shiny|100\/100\n|turn|24\n|\n|t:|1699977118\n|move|p2a: patriot|Earth Power|p1a: Zoroark\n|-enditem|p1a: Zoroark|Focus Sash\n|-damage|p1a: Zoroark|1\/100\n|-unboost|p1a: Zoroark|spd|1\n|move|p1a: Zoroark|Flamethrower|p2a: patriot\n|-resisted|p2a: patriot\n|-activate|p2a: patriot|move: Substitute|[damage]\n|\n|upkeep\n|turn|25\n|inactive|ralph smogon has 180 seconds left.\n|\n|t:|1699977135\n|move|p2a: patriot|Earth Power|p1a: Zoroark\n|-damage|p1a: Zoroark|0 fnt\n|faint|p1a: Zoroark\n|\n|win|ralph smogon\n|l| best dk\n|c|\u2606ralph smogon|ggs\n|c|\u2606DreadHero99|Bro that didnt break sub\n|c|\u2606DreadHero99|ggs\n|c|\u2606ralph smogon|LMFAO\n|c|\u2606ralph smogon|holy\n|l| butter dk\n|l| Bigsmokemorel\n","uploadtime":1699977165,"views":18,"p1id":"dreadhero99","p2id":"ralphsmogon","formatid":"gen9anythinggoes","rating":0,"private":0,"password":""}