{"id":"gen9anythinggoes-1998313902","p1":"tinytoonlink97","p2":"jeremy261","format":"[Gen 9] Anything Goes","log":"|j|\u2606tinytoonlink97\n|j|\u2606jeremy261\n|t:|1700928283\n|gametype|singles\n|player|p1|tinytoonlink97|ethan|\n|player|p2|jeremy261|170|\n|teamsize|p1|6\n|teamsize|p2|6\n|gen|9\n|tier|[Gen 9] Anything Goes\n|rule|HP Percentage Mod: HP is shown in percentages\n|rule|Endless Battle Clause: Forcing endless battles is banned\n|clearpoke\n|poke|p1|Ribombee, F|\n|poke|p1|Komala, M|\n|poke|p1|Manaphy|\n|poke|p1|Mamoswine, M|\n|poke|p1|Eelektross, M|\n|poke|p1|Zoroark-Hisui, M|\n|poke|p2|Inteleon, M|\n|poke|p2|Iron Valiant|\n|poke|p2|Heatran, F|\n|poke|p2|Shaymin|\n|poke|p2|Gliscor, M|\n|poke|p2|Leavanny, F|\n|teampreview\n|inactive|Battle timer is ON: inactive players will automatically lose when time's up. (requested by jeremy261)\n|c|\u2606jeremy261|Glhf\n|c|\u2606tinytoonlink97|gl hf\n|inactiveoff|Battle timer is now OFF.\n|\n|t:|1700928398\n|start\n|switch|p1a: Wade|Eelektross, M, shiny|100\/100\n|switch|p2a: Leavanny|Leavanny, F, shiny|100\/100\n|turn|1\n|\n|t:|1700928405\n|move|p2a: Leavanny|Sticky Web|p1a: Wade\n|-sidestart|p1: tinytoonlink97|move: Sticky Web\n|move|p1a: Wade|Acid Spray|p2a: Leavanny\n|-supereffective|p2a: Leavanny\n|-damage|p2a: Leavanny|63\/100\n|-unboost|p2a: Leavanny|spd|2\n|\n|upkeep\n|turn|2\n|\n|t:|1700928416\n|move|p2a: Leavanny|Knock Off|p1a: Wade\n|-damage|p1a: Wade|71\/100\n|-enditem|p1a: Wade|Sitrus Berry|[from] move: Knock Off|[of] p2a: Leavanny\n|move|p1a: Wade|Knock Off|p2a: Leavanny\n|-damage|p2a: Leavanny|25\/100\n|-enditem|p2a: Leavanny|Focus Sash|[from] move: Knock Off|[of] p1a: Wade\n|\n|upkeep\n|turn|3\n|\n|t:|1700928451\n|move|p2a: Leavanny|Leaf Blade|p1a: Wade\n|-damage|p1a: Wade|28\/100\n|move|p1a: Wade|U-turn|p2a: Leavanny\n|-supereffective|p2a: Leavanny\n|-crit|p2a: Leavanny\n|-damage|p2a: Leavanny|0 fnt\n|faint|p2a: Leavanny\n|\n|t:|1700928491\n|switch|p1a: Kim|Manaphy|100\/100|[from] U-turn\n|-activate|p1a: Kim|move: Sticky Web\n|-unboost|p1a: Kim|spe|1\n|\n|upkeep\n|\n|t:|1700928500\n|switch|p2a: Shaymin|Shaymin|100\/100\n|turn|4\n|\n|t:|1700928508\n|switch|p1a: Rufus|Komala, M|100\/100\n|-activate|p1a: Rufus|move: Sticky Web\n|-unboost|p1a: Rufus|spe|1\n|-ability|p1a: Rufus|Comatose\n|move|p2a: Shaymin|Leech Seed|p1a: Rufus\n|-start|p1a: Rufus|move: Leech Seed\n|\n|-damage|p1a: Rufus|88\/100|[from] Leech Seed|[of] p2a: Shaymin\n|upkeep\n|turn|5\n|\n|t:|1700928534\n|switch|p2a: Gliscor|Gliscor, M, shiny|100\/100\n|move|p1a: Rufus|Rapid Spin|p2a: Gliscor\n|-damage|p2a: Gliscor|83\/100\n|-boost|p1a: Rufus|spe|1\n|-end|p1a: Rufus|Leech Seed|[from] move: Rapid Spin|[of] p1a: Rufus\n|-sideend|p1: tinytoonlink97|Sticky Web|[from] move: Rapid Spin|[of] p1a: Rufus\n|\n|-status|p2a: Gliscor|tox|[from] item: Toxic Orb\n|upkeep\n|turn|6\n|\n|t:|1700928570\n|switch|p1a: Killigan|Mamoswine, M|100\/100\n|move|p2a: Gliscor|Substitute|p2a: Gliscor\n|-start|p2a: Gliscor|Substitute\n|-damage|p2a: Gliscor|58\/100 tox\n|\n|-damage|p2a: Gliscor|52\/100 tox|[from] psn\n|upkeep\n|turn|7\n|\n|t:|1700928606\n|move|p2a: Gliscor|Knock Off|p1a: Killigan\n|-damage|p1a: Killigan|74\/100\n|-enditem|p1a: Killigan|Expert Belt|[from] move: Knock Off|[of] p2a: Gliscor\n|move|p1a: Killigan|Knock Off|p2a: Gliscor\n|-end|p2a: Gliscor|Substitute\n|\n|-damage|p2a: Gliscor|40\/100 tox|[from] psn\n|upkeep\n|turn|8\n|\n|t:|1700928644\n|switch|p2a: Inteleon|Inteleon, M, shiny|100\/100\n|move|p1a: Killigan|Ice Shard|p2a: Inteleon\n|-resisted|p2a: Inteleon\n|-damage|p2a: Inteleon|84\/100\n|\n|upkeep\n|turn|9\n|\n|t:|1700928667\n|switch|p1a: Wade|Eelektross, M, shiny|28\/100\n|-terastallize|p2a: Inteleon|Electric\n|move|p2a: Inteleon|Tera Blast|p1a: Wade|[anim] Tera Blast Electric\n|-resisted|p1a: Wade\n|-damage|p1a: Wade|0 fnt\n|faint|p1a: Wade\n|\n|upkeep\n|\n|t:|1700928676\n|switch|p1a: Rufus|Komala, M|88\/100\n|-ability|p1a: Rufus|Comatose\n|turn|10\n|\n|t:|1700928683\n|move|p2a: Inteleon|Tera Blast|p1a: Rufus|[anim] Tera Blast Electric\n|-crit|p1a: Rufus\n|-damage|p1a: Rufus|18\/100\n|move|p1a: Rufus|Earthquake|p2a: Inteleon\n|-supereffective|p2a: Inteleon\n|-damage|p2a: Inteleon|1\/100\n|\n|upkeep\n|turn|11\n|\n|t:|1700928697\n|switch|p1a: Killigan|Mamoswine, M|74\/100\n|move|p2a: Inteleon|Tera Blast|p1a: Killigan|[anim] Tera Blast Electric\n|-immune|p1a: Killigan\n|\n|upkeep\n|turn|12\n|\n|t:|1700928718\n|switch|p2a: Iron Valiant|Iron Valiant|100\/100\n|-enditem|p2a: Iron Valiant|Booster Energy\n|-activate|p2a: Iron Valiant|ability: Quark Drive|[fromitem]\n|-start|p2a: Iron Valiant|quarkdrivespe\n|move|p1a: Killigan|Ice Shard|p2a: Iron Valiant\n|-damage|p2a: Iron Valiant|75\/100\n|\n|upkeep\n|turn|13\n|\n|t:|1700928727\n|switch|p1a: Kim|Manaphy|100\/100\n|move|p2a: Iron Valiant|Brick Break|p1a: Kim\n|-damage|p1a: Kim|65\/100\n|\n|-heal|p1a: Kim|71\/100|[from] item: Leftovers\n|upkeep\n|turn|14\n|\n|t:|1700928750\n|move|p2a: Iron Valiant|Thunder Wave|p1a: Kim\n|-status|p1a: Kim|par\n|cant|p1a: Kim|par\n|\n|-heal|p1a: Kim|77\/100 par|[from] item: Leftovers\n|upkeep\n|turn|15\n|\n|t:|1700928759\n|move|p2a: Iron Valiant|Psycho Cut|p1a: Kim\n|-damage|p1a: Kim|57\/100 par\n|cant|p1a: Kim|par\n|\n|-heal|p1a: Kim|63\/100 par|[from] item: Leftovers\n|upkeep\n|turn|16\n|\n|t:|1700928773\n|-end|p2a: Iron Valiant|Quark Drive|[silent]\n|switch|p2a: Shaymin|Shaymin|100\/100\n|move|p1a: Kim|Dazzling Gleam|p2a: Shaymin\n|-damage|p2a: Shaymin|76\/100\n|\n|-heal|p1a: Kim|69\/100 par|[from] item: Leftovers\n|upkeep\n|turn|17\n|\n|t:|1700928785\n|switch|p1a: Rufus|Komala, M|18\/100\n|-ability|p1a: Rufus|Comatose\n|move|p2a: Shaymin|Leech Seed|p1a: Rufus\n|-start|p1a: Rufus|move: Leech Seed\n|\n|-damage|p1a: Rufus|5\/100|[from] Leech Seed|[of] p2a: Shaymin\n|-heal|p2a: Shaymin|88\/100|[silent]\n|upkeep\n|turn|18\n|\n|t:|1700928799\n|move|p2a: Shaymin|Energy Ball|p1a: Rufus\n|-damage|p1a: Rufus|0 fnt\n|faint|p1a: Rufus\n|\n|upkeep\n|\n|t:|1700928813\n|switch|p1a: Bonnie|Ribombee, F, shiny|100\/100\n|turn|19\n|\n|t:|1700928819\n|switch|p2a: Heatran|Heatran, F|100\/100\n|move|p1a: Bonnie|Shadow Ball|p2a: Heatran\n|-damage|p2a: Heatran|62\/100\n|-unboost|p2a: Heatran|spd|1\n|\n|-heal|p2a: Heatran|69\/100|[from] item: Leftovers\n|upkeep\n|turn|20\n|\n|t:|1700928853\n|switch|p1a: Kim|Manaphy|69\/100 par\n|move|p2a: Heatran|Flamethrower|p1a: Kim\n|-resisted|p1a: Kim\n|-damage|p1a: Kim|53\/100 par\n|\n|-heal|p2a: Heatran|75\/100|[from] item: Leftovers\n|-heal|p1a: Kim|59\/100 par|[from] item: Leftovers\n|upkeep\n|turn|21\n|\n|t:|1700928867\n|switch|p2a: Shaymin|Shaymin|88\/100\n|move|p1a: Kim|U-turn|p2a: Shaymin\n|-supereffective|p2a: Shaymin\n|-damage|p2a: Shaymin|59\/100\n|\n|t:|1700928876\n|switch|p1a: Bonnie|Ribombee, F, shiny|100\/100|[from] U-turn\n|\n|upkeep\n|turn|22\n|\n|t:|1700928911\n|move|p1a: Bonnie|Focus Blast|p2a: Shaymin|[miss]\n|-miss|p1a: Bonnie|p2a: Shaymin\n|move|p2a: Shaymin|Leech Seed|p1a: Bonnie|[miss]\n|-miss|p2a: Shaymin|p1a: Bonnie\n|\n|upkeep\n|turn|23\n|\n|t:|1700928925\n|move|p1a: Bonnie|Focus Blast|p2a: Shaymin\n|-damage|p2a: Shaymin|1\/100\n|move|p2a: Shaymin|Energy Ball|p1a: Bonnie\n|-damage|p1a: Bonnie|23\/100\n|replace|p1a: Billig Preis|Zoroark-Hisui, M, shiny\n|-end|p1a: Billig Preis|Illusion\n|\n|upkeep\n|turn|24\n|\n|t:|1700928942\n|move|p1a: Billig Preis|Focus Blast|p2a: Shaymin\n|-damage|p2a: Shaymin|0 fnt\n|faint|p2a: Shaymin\n|\n|upkeep\n|\n|t:|1700928950\n|switch|p2a: Iron Valiant|Iron Valiant|75\/100\n|turn|25\n|\n|t:|1700928965\n|move|p2a: Iron Valiant|Psycho Cut|p1a: Billig Preis\n|-damage|p1a: Billig Preis|0 fnt\n|faint|p1a: Billig Preis\n|\n|upkeep\n|\n|t:|1700928970\n|switch|p1a: Kim|Manaphy|59\/100 par\n|turn|26\n|\n|t:|1700929004\n|move|p2a: Iron Valiant|Brick Break|p1a: Kim\n|-damage|p1a: Kim|29\/100 par\n|move|p1a: Kim|Hydro Pump|p2a: Iron Valiant|[miss]\n|-miss|p1a: Kim|p2a: Iron Valiant\n|\n|-heal|p1a: Kim|35\/100 par|[from] item: Leftovers\n|upkeep\n|turn|27\n|\n|t:|1700929019\n|switch|p1a: Bonnie|Ribombee, F, shiny|100\/100\n|move|p2a: Iron Valiant|Brick Break|p1a: Bonnie\n|-resisted|p1a: Bonnie\n|-damage|p1a: Bonnie|84\/100\n|\n|upkeep\n|turn|28\n|\n|t:|1700929038\n|-end|p2a: Iron Valiant|Quark Drive|[silent]\n|switch|p2a: Heatran|Heatran, F|75\/100\n|-terastallize|p1a: Bonnie|Fighting\n|move|p1a: Bonnie|Tera Blast|p2a: Heatran|[anim] Tera Blast Fighting\n|-supereffective|p2a: Heatran\n|-damage|p2a: Heatran|32\/100\n|\n|-heal|p2a: Heatran|39\/100|[from] item: Leftovers\n|upkeep\n|turn|29\n|\n|t:|1700929059\n|move|p1a: Bonnie|Tera Blast|p2a: Heatran|[anim] Tera Blast Fighting\n|-supereffective|p2a: Heatran\n|-damage|p2a: Heatran|0 fnt\n|faint|p2a: Heatran\n|\n|upkeep\n|\n|t:|1700929071\n|switch|p2a: Gliscor|Gliscor, M, shiny|40\/100 tox\n|turn|30\n|\n|t:|1700929079\n|switch|p1a: Killigan|Mamoswine, M|74\/100\n|move|p2a: Gliscor|Knock Off|p1a: Killigan\n|-damage|p1a: Killigan|57\/100\n|\n|-damage|p2a: Gliscor|34\/100 tox|[from] psn\n|upkeep\n|turn|31\n|\n|t:|1700929089\n|move|p1a: Killigan|Ice Shard|p2a: Gliscor\n|-supereffective|p2a: Gliscor\n|-damage|p2a: Gliscor|0 fnt\n|faint|p2a: Gliscor\n|\n|upkeep\n|\n|t:|1700929097\n|switch|p2a: Iron Valiant|Iron Valiant|75\/100\n|turn|32\n|\n|t:|1700929103\n|switch|p1a: Kim|Manaphy|35\/100 par\n|move|p2a: Iron Valiant|Brick Break|p1a: Kim\n|-damage|p1a: Kim|4\/100 par\n|\n|-heal|p1a: Kim|10\/100 par|[from] item: Leftovers\n|upkeep\n|turn|33\n|\n|t:|1700929112\n|move|p2a: Iron Valiant|Psycho Cut|p1a: Kim\n|-damage|p1a: Kim|0 fnt\n|faint|p1a: Kim\n|\n|upkeep\n|\n|t:|1700929125\n|switch|p1a: Bonnie|Ribombee, F, shiny, tera:Fighting|84\/100\n|turn|34\n|\n|t:|1700929155\n|move|p1a: Bonnie|Moonblast|p2a: Iron Valiant\n|-supereffective|p2a: Iron Valiant\n|-damage|p2a: Iron Valiant|0 fnt\n|faint|p2a: Iron Valiant\n|-end|p2a: Iron Valiant|Quark Drive|[silent]\n|\n|upkeep\n|c|\u2606jeremy261|Ggs\n|\n|t:|1700929165\n|switch|p2a: Inteleon|Inteleon, M, shiny, tera:Electric|1\/100\n|turn|35\n|\n|t:|1700929172\n|move|p1a: Bonnie|Moonblast|p2a: Inteleon\n|-damage|p2a: Inteleon|0 fnt\n|faint|p2a: Inteleon\n|\n|win|tinytoonlink97\n|c|\u2606tinytoonlink97|ggs\n","uploadtime":1700929180,"views":11,"p1id":"tinytoonlink97","p2id":"jeremy261","formatid":"gen9anythinggoes","rating":0,"private":0,"password":""}