{"id":"gen9anythinggoes-1972975173","p1":"mauriciopateacaras","p2":"Daftkingett","format":"[Gen 9] Anything Goes","log":"|j|\u2606mauriciopateacaras\n|j|\u2606Daftkingett\n|t:|1697914517\n|gametype|singles\n|player|p1|mauriciopateacaras|allister|1337\n|player|p2|Daftkingett|steven|1200\n|teamsize|p1|6\n|teamsize|p2|6\n|gen|9\n|tier|[Gen 9] Anything Goes\n|rated|\n|rule|HP Percentage Mod: HP is shown in percentages\n|rule|Endless Battle Clause: Forcing endless battles is banned\n|clearpoke\n|poke|p1|Vespiquen, F|\n|poke|p1|Spidops, F|\n|poke|p1|Masquerain, M|\n|poke|p1|Lokix, F|\n|poke|p1|Volcarona, F|\n|poke|p1|Ariados, M|\n|poke|p2|Charizard, F|\n|poke|p2|Magnezone|\n|poke|p2|Urshifu-*, M|\n|poke|p2|Meowscarada, F|\n|poke|p2|Blissey, F|\n|poke|p2|Dragapult, M|\n|teampreview\n|\n|t:|1697914530\n|start\n|switch|p1a: Spidops|Spidops, F|100\/100\n|switch|p2a: Charizard|Charizard, F, shiny|100\/100\n|turn|1\n|\n|t:|1697914547\n|move|p2a: Charizard|Fire Blast|p1a: Spidops\n|-supereffective|p1a: Spidops\n|-damage|p1a: Spidops|0 fnt\n|faint|p1a: Spidops\n|\n|upkeep\n|\n|t:|1697914557\n|switch|p1a: Ariados|Ariados, M|100\/100\n|turn|2\n|\n|t:|1697914573\n|-terastallize|p1a: Ariados|Water\n|move|p2a: Charizard|Fire Blast|p1a: Ariados\n|-resisted|p1a: Ariados\n|-damage|p1a: Ariados|66\/100\n|move|p1a: Ariados|Agility|p1a: Ariados\n|-boost|p1a: Ariados|spe|2\n|\n|upkeep\n|turn|3\n|\n|t:|1697914594\n|move|p2a: Charizard|Hurricane|p1a: Ariados\n|-damage|p1a: Ariados|0 fnt\n|faint|p1a: Ariados\n|\n|upkeep\n|\n|t:|1697914598\n|switch|p1a: Masquerain|Masquerain, M|100\/100\n|-ability|p1a: Masquerain|Intimidate|boost\n|-unboost|p2a: Charizard|atk|1\n|turn|4\n|\n|t:|1697914604\n|move|p1a: Masquerain|Surf|p2a: Charizard\n|-supereffective|p2a: Charizard\n|-damage|p2a: Charizard|21\/100\n|move|p2a: Charizard|Fire Blast|p1a: Masquerain\n|-supereffective|p1a: Masquerain\n|-damage|p1a: Masquerain|0 fnt\n|faint|p1a: Masquerain\n|\n|upkeep\n|\n|t:|1697914609\n|switch|p1a: Volcarona|Volcarona, F|100\/100\n|turn|5\n|\n|t:|1697914615\n|-terastallize|p2a: Charizard|Ground\n|move|p1a: Volcarona|Fiery Dance|p2a: Charizard\n|-damage|p2a: Charizard|0 fnt\n|-boost|p1a: Volcarona|spa|1\n|faint|p2a: Charizard\n|\n|upkeep\n|\n|t:|1697914626\n|switch|p2a: Urshifu|Urshifu-Rapid-Strike, M|100\/100\n|turn|6\n|\n|t:|1697914631\n|move|p1a: Volcarona|Giga Drain|p2a: Urshifu\n|-supereffective|p2a: Urshifu\n|-damage|p2a: Urshifu|0 fnt\n|faint|p2a: Urshifu\n|\n|upkeep\n|\n|t:|1697914646\n|switch|p2a: Magnezone|Magnezone|100\/100\n|turn|7\n|\n|t:|1697914652\n|move|p1a: Volcarona|Fiery Dance|p2a: Magnezone\n|-supereffective|p2a: Magnezone\n|-damage|p2a: Magnezone|0 fnt\n|-boost|p1a: Volcarona|spa|1\n|faint|p2a: Magnezone\n|\n|upkeep\n|\n|t:|1697914656\n|switch|p2a: Dragapult|Dragapult, M|100\/100\n|turn|8\n|\n|t:|1697914667\n|move|p2a: Dragapult|Phantom Force||[still]\n|-prepare|p2a: Dragapult|Phantom Force\n|move|p1a: Volcarona|Fiery Dance|p2a: Dragapult|[miss]\n|-miss|p1a: Volcarona|p2a: Dragapult\n|\n|upkeep\n|turn|9\n|\n|t:|1697914675\n|move|p2a: Dragapult|Phantom Force|p1a: Volcarona|[from]lockedmove\n|-damage|p1a: Volcarona|19\/100\n|move|p1a: Volcarona|Overheat|p2a: Dragapult\n|-resisted|p2a: Dragapult\n|-damage|p2a: Dragapult|0 fnt\n|-unboost|p1a: Volcarona|spa|2\n|faint|p2a: Dragapult\n|\n|upkeep\n|\n|t:|1697914681\n|switch|p2a: Meowscarada|Meowscarada, F|100\/100\n|turn|10\n|\n|t:|1697914688\n|move|p2a: Meowscarada|Sucker Punch|p1a: Volcarona\n|-start|p2a: Meowscarada|typechange|Dark|[from] ability: Protean\n|-damage|p1a: Volcarona|0 fnt\n|faint|p1a: Volcarona\n|\n|upkeep\n|\n|t:|1697914691\n|switch|p1a: Lokix|Lokix, F|100\/100\n|turn|11\n|\n|t:|1697914697\n|move|p1a: Lokix|First Impression|p2a: Meowscarada\n|-supereffective|p2a: Meowscarada\n|-enditem|p2a: Meowscarada|Focus Sash\n|-damage|p2a: Meowscarada|1\/100\n|-damage|p1a: Lokix|91\/100|[from] item: Life Orb\n|move|p2a: Meowscarada|U-turn|p1a: Lokix\n|-supereffective|p1a: Lokix\n|-damage|p1a: Lokix|28\/100\n|\n|t:|1697914702\n|switch|p2a: Blissey|Blissey, F|100\/100|[from] U-turn\n|\n|upkeep\n|turn|12\n|\n|t:|1697914706\n|move|p1a: Lokix|U-turn|p2a: Blissey\n|-damage|p2a: Blissey|59\/100\n|-damage|p1a: Lokix|19\/100|[from] item: Life Orb\n|\n|t:|1697914709\n|switch|p1a: Vespiquen|Vespiquen, F|100\/100|[from] U-turn\n|-ability|p1a: Vespiquen|Pressure\n|move|p2a: Blissey|Seismic Toss|p1a: Vespiquen\n|-damage|p1a: Vespiquen|65\/100\n|\n|-heal|p2a: Blissey|65\/100|[from] item: Leftovers\n|-heal|p1a: Vespiquen|71\/100|[from] item: Leftovers\n|upkeep\n|turn|13\n|\n|t:|1697914722\n|move|p2a: Blissey|Stealth Rock|p1a: Vespiquen\n|-sidestart|p1: mauriciopateacaras|move: Stealth Rock\n|move|p1a: Vespiquen|Defend Order|p1a: Vespiquen\n|-boost|p1a: Vespiquen|def|1\n|-boost|p1a: Vespiquen|spd|1\n|\n|-heal|p2a: Blissey|71\/100|[from] item: Leftovers\n|-heal|p1a: Vespiquen|77\/100|[from] item: Leftovers\n|upkeep\n|turn|14\n|\n|t:|1697914729\n|move|p2a: Blissey|Seismic Toss|p1a: Vespiquen\n|-damage|p1a: Vespiquen|42\/100\n|move|p1a: Vespiquen|Defend Order|p1a: Vespiquen\n|-boost|p1a: Vespiquen|def|1\n|-boost|p1a: Vespiquen|spd|1\n|\n|-heal|p2a: Blissey|77\/100|[from] item: Leftovers\n|-heal|p1a: Vespiquen|48\/100|[from] item: Leftovers\n|upkeep\n|turn|15\n|\n|t:|1697914738\n|move|p2a: Blissey|Seismic Toss|p1a: Vespiquen\n|-damage|p1a: Vespiquen|12\/100\n|move|p1a: Vespiquen|Roost|p1a: Vespiquen\n|-heal|p1a: Vespiquen|62\/100\n|-singleturn|p1a: Vespiquen|move: Roost\n|\n|-heal|p2a: Blissey|83\/100|[from] item: Leftovers\n|-heal|p1a: Vespiquen|68\/100|[from] item: Leftovers\n|upkeep\n|turn|16\n|\n|t:|1697914748\n|move|p2a: Blissey|Seismic Toss|p1a: Vespiquen\n|-damage|p1a: Vespiquen|33\/100\n|move|p1a: Vespiquen|Toxic|p2a: Blissey\n|-status|p2a: Blissey|tox\n|\n|-heal|p2a: Blissey|89\/100 tox|[from] item: Leftovers\n|-heal|p1a: Vespiquen|39\/100|[from] item: Leftovers\n|-damage|p2a: Blissey|83\/100 tox|[from] psn\n|upkeep\n|turn|17\n|\n|t:|1697914757\n|move|p2a: Blissey|Seismic Toss|p1a: Vespiquen\n|-damage|p1a: Vespiquen|3\/100\n|move|p1a: Vespiquen|Roost|p1a: Vespiquen\n|-heal|p1a: Vespiquen|53\/100\n|-singleturn|p1a: Vespiquen|move: Roost\n|\n|-heal|p2a: Blissey|89\/100 tox|[from] item: Leftovers\n|-heal|p1a: Vespiquen|59\/100|[from] item: Leftovers\n|-damage|p2a: Blissey|77\/100 tox|[from] psn\n|upkeep\n|turn|18\n|\n|t:|1697914767\n|move|p2a: Blissey|Seismic Toss|p1a: Vespiquen\n|-damage|p1a: Vespiquen|24\/100\n|move|p1a: Vespiquen|Roost|p1a: Vespiquen\n|-heal|p1a: Vespiquen|74\/100\n|-singleturn|p1a: Vespiquen|move: Roost\n|\n|-heal|p2a: Blissey|83\/100 tox|[from] item: Leftovers\n|-heal|p1a: Vespiquen|80\/100|[from] item: Leftovers\n|-damage|p2a: Blissey|65\/100 tox|[from] psn\n|upkeep\n|turn|19\n|\n|t:|1697914778\n|move|p2a: Blissey|Seismic Toss|p1a: Vespiquen\n|-damage|p1a: Vespiquen|44\/100\n|move|p1a: Vespiquen|Defend Order|p1a: Vespiquen\n|-boost|p1a: Vespiquen|def|1\n|-boost|p1a: Vespiquen|spd|1\n|\n|-heal|p2a: Blissey|71\/100 tox|[from] item: Leftovers\n|-heal|p1a: Vespiquen|50\/100|[from] item: Leftovers\n|-damage|p2a: Blissey|46\/100 tox|[from] psn\n|upkeep\n|turn|20\n|\n|t:|1697914789\n|move|p2a: Blissey|Soft-Boiled|p2a: Blissey\n|-heal|p2a: Blissey|96\/100 tox\n|move|p1a: Vespiquen|Roost|p1a: Vespiquen\n|-heal|p1a: Vespiquen|100\/100\n|-singleturn|p1a: Vespiquen|move: Roost\n|\n|-heal|p2a: Blissey|100\/100 tox|[from] item: Leftovers\n|-damage|p2a: Blissey|70\/100 tox|[from] psn\n|upkeep\n|turn|21\n|\n|t:|1697914797\n|move|p2a: Blissey|Seismic Toss|p1a: Vespiquen\n|-damage|p1a: Vespiquen|65\/100\n|move|p1a: Vespiquen|Defend Order|p1a: Vespiquen\n|-boost|p1a: Vespiquen|def|1\n|-boost|p1a: Vespiquen|spd|1\n|\n|-heal|p2a: Blissey|76\/100 tox|[from] item: Leftovers\n|-heal|p1a: Vespiquen|71\/100|[from] item: Leftovers\n|-damage|p2a: Blissey|39\/100 tox|[from] psn\n|upkeep\n|turn|22\n|\n|t:|1697914806\n|move|p2a: Blissey|Seismic Toss|p1a: Vespiquen\n|-damage|p1a: Vespiquen|36\/100\n|move|p1a: Vespiquen|Defend Order|p1a: Vespiquen\n|-boost|p1a: Vespiquen|def|1\n|-boost|p1a: Vespiquen|spd|1\n|\n|-heal|p2a: Blissey|45\/100 tox|[from] item: Leftovers\n|-heal|p1a: Vespiquen|42\/100|[from] item: Leftovers\n|-damage|p2a: Blissey|2\/100 tox|[from] psn\n|upkeep\n|turn|23\n|\n|t:|1697914817\n|move|p2a: Blissey|Soft-Boiled|p2a: Blissey\n|-heal|p2a: Blissey|52\/100 tox\n|move|p1a: Vespiquen|Roost|p1a: Vespiquen\n|-heal|p1a: Vespiquen|92\/100\n|-singleturn|p1a: Vespiquen|move: Roost\n|\n|-heal|p2a: Blissey|58\/100 tox|[from] item: Leftovers\n|-heal|p1a: Vespiquen|98\/100|[from] item: Leftovers\n|-damage|p2a: Blissey|9\/100 tox|[from] psn\n|upkeep\n|turn|24\n|\n|t:|1697914833\n|move|p2a: Blissey|Soft-Boiled|p2a: Blissey\n|-heal|p2a: Blissey|59\/100 tox\n|move|p1a: Vespiquen|Defend Order|p1a: Vespiquen\n|-boost|p1a: Vespiquen|def|1\n|-boost|p1a: Vespiquen|spd|1\n|\n|-heal|p2a: Blissey|66\/100 tox|[from] item: Leftovers\n|-heal|p1a: Vespiquen|100\/100|[from] item: Leftovers\n|-damage|p2a: Blissey|10\/100 tox|[from] psn\n|upkeep\n|turn|25\n|\n|t:|1697914842\n|move|p2a: Blissey|Soft-Boiled|p2a: Blissey\n|-heal|p2a: Blissey|60\/100 tox\n|move|p1a: Vespiquen|Fury Cutter|p2a: Blissey\n|-damage|p2a: Blissey|49\/100 tox\n|\n|-heal|p2a: Blissey|55\/100 tox|[from] item: Leftovers\n|-damage|p2a: Blissey|0 fnt|[from] psn\n|faint|p2a: Blissey\n|upkeep\n|\n|t:|1697914846\n|switch|p2a: Meowscarada|Meowscarada, F|1\/100\n|turn|26\n|\n|t:|1697914857\n|move|p2a: Meowscarada|Sucker Punch|p1a: Vespiquen\n|-start|p2a: Meowscarada|typechange|Dark|[from] ability: Protean\n|-damage|p1a: Vespiquen|92\/100\n|move|p1a: Vespiquen|Fury Cutter|p2a: Meowscarada\n|-supereffective|p2a: Meowscarada\n|-damage|p2a: Meowscarada|0 fnt\n|faint|p2a: Meowscarada\n|\n|win|mauriciopateacaras\n|raw|mauriciopateacaras's rating: 1337 &rarr; <strong>1349<\/strong><br \/>(+12 for winning)\n|raw|Daftkingett's rating: 1200 &rarr; <strong>1184<\/strong><br \/>(-16 for losing)\n|l|\u2606Daftkingett\n","uploadtime":1697914867,"views":10,"p1id":"mauriciopateacaras","p2id":"daftkingett","formatid":"gen9anythinggoes","rating":1184,"private":0,"password":""}