{"id":"gen9anythinggoes-1997098948","p1":"Diwu the ditto","p2":"iz-best-Un0Wn!!!!!","format":"[Gen 9] Anything Goes","log":"|j|\u2606Diwu the ditto\n|j|\u2606iz-best-Un0Wn!!!!!\n|t:|1700764387\n|gametype|singles\n|player|p1|Diwu the ditto|liza|1158\n|player|p2|iz-best-Un0Wn!!!!!|depotagent|1041\n|teamsize|p1|6\n|teamsize|p2|6\n|gen|9\n|tier|[Gen 9] Anything Goes\n|rated|\n|rule|HP Percentage Mod: HP is shown in percentages\n|rule|Endless Battle Clause: Forcing endless battles is banned\n|clearpoke\n|poke|p1|Iron Valiant|\n|poke|p1|Garganacl, F|\n|poke|p1|Bramblin, F|\n|poke|p1|Ogerpon-Hearthflame, F|\n|poke|p1|Annihilape, M|\n|poke|p1|Glimmora, F|\n|poke|p2|Yanmega, M|\n|poke|p2|Volbeat, M|\n|poke|p2|Vikavolt, M|\n|poke|p2|Kleavor, M|\n|poke|p2|Heracross, M|\n|poke|p2|Spidops, M|\n|teampreview\n|\n|t:|1700764392\n|start\n|switch|p1a: Glimmora|Glimmora, F|100\/100\n|switch|p2a: Kleavor|Kleavor, M, shiny|100\/100\n|turn|1\n|\n|t:|1700764420\n|move|p2a: Kleavor|Stone Axe|p1a: Glimmora\n|-damage|p1a: Glimmora|52\/100\n|-activate|p1a: Glimmora|ability: Toxic Debris\n|-sidestart|p2: iz-best-Un0Wn!!!!!|move: Toxic Spikes\n|-sidestart|p1: Diwu the ditto|move: Stealth Rock\n|move|p1a: Glimmora|Stealth Rock|p2a: Kleavor\n|-sidestart|p2: iz-best-Un0Wn!!!!!|move: Stealth Rock\n|\n|-heal|p1a: Glimmora|58\/100|[from] item: Leftovers\n|upkeep\n|turn|2\n|\n|t:|1700764431\n|-terastallize|p2a: Kleavor|Rock\n|move|p1a: Glimmora|Spiky Shield|p1a: Glimmora\n|-singleturn|p1a: Glimmora|move: Protect\n|move|p2a: Kleavor|Stone Axe|p1a: Glimmora\n|-activate|p1a: Glimmora|move: Protect\n|-damage|p2a: Kleavor|88\/100|[from] Spiky Shield|[of] p1a: Glimmora\n|\n|-heal|p1a: Glimmora|64\/100|[from] item: Leftovers\n|upkeep\n|turn|3\n|\n|t:|1700764442\n|move|p2a: Kleavor|Stone Axe|p1a: Glimmora\n|-damage|p1a: Glimmora|0 fnt\n|-activate|p1a: Glimmora|ability: Toxic Debris\n|-sidestart|p2: iz-best-Un0Wn!!!!!|move: Toxic Spikes\n|faint|p1a: Glimmora\n|\n|upkeep\n|\n|t:|1700764451\n|switch|p1a: Bramblin|Bramblin, F|100\/100\n|-damage|p1a: Bramblin|88\/100|[from] Stealth Rock\n|turn|4\n|\n|t:|1700764455\n|move|p2a: Kleavor|Stone Axe|p1a: Bramblin\n|-damage|p1a: Bramblin|0 fnt\n|faint|p1a: Bramblin\n|\n|upkeep\n|\n|t:|1700764463\n|switch|p1a: Garganacl|Garganacl, F|100\/100\n|-damage|p1a: Garganacl|88\/100|[from] Stealth Rock\n|turn|5\n|\n|t:|1700764472\n|move|p2a: Kleavor|Stone Axe|p1a: Garganacl\n|-damage|p1a: Garganacl|36\/100\n|move|p1a: Garganacl|Salt Cure|p2a: Kleavor\n|-damage|p2a: Kleavor|65\/100\n|-start|p2a: Kleavor|Salt Cure\n|\n|-damage|p2a: Kleavor|53\/100|[from] Salt Cure\n|upkeep\n|turn|6\n|\n|t:|1700764481\n|move|p2a: Kleavor|Stone Axe|p1a: Garganacl\n|-damage|p1a: Garganacl|0 fnt\n|faint|p1a: Garganacl\n|\n|-damage|p2a: Kleavor|40\/100|[from] Salt Cure\n|upkeep\n|\n|t:|1700764491\n|switch|p1a: Ogerpon|Ogerpon-Hearthflame, F|100\/100\n|-damage|p1a: Ogerpon|76\/100|[from] Stealth Rock\n|-ability|p1a: Ogerpon|Mold Breaker\n|turn|7\n|\n|t:|1700764498\n|move|p1a: Ogerpon|Leech Seed|p2a: Kleavor\n|-start|p2a: Kleavor|move: Leech Seed\n|move|p2a: Kleavor|Stone Axe|p1a: Ogerpon\n|-supereffective|p1a: Ogerpon\n|-damage|p1a: Ogerpon|0 fnt\n|faint|p1a: Ogerpon\n|\n|-damage|p2a: Kleavor|28\/100|[from] Salt Cure\n|upkeep\n|\n|t:|1700764506\n|switch|p1a: Annihilape|Annihilape, M|100\/100\n|-damage|p1a: Annihilape|94\/100|[from] Stealth Rock\n|turn|8\n|\n|t:|1700764512\n|move|p2a: Kleavor|Stone Axe|p1a: Annihilape\n|-resisted|p1a: Annihilape\n|-damage|p1a: Annihilape|50\/100\n|move|p1a: Annihilape|Bulk Up|p1a: Annihilape\n|-boost|p1a: Annihilape|atk|1\n|-boost|p1a: Annihilape|def|1\n|\n|-damage|p2a: Kleavor|15\/100|[from] Leech Seed|[of] p1a: Annihilape\n|-heal|p1a: Annihilape|60\/100|[silent]\n|-damage|p2a: Kleavor|3\/100|[from] Salt Cure\n|upkeep\n|turn|9\n|\n|t:|1700764528\n|move|p2a: Kleavor|Stone Axe|p1a: Annihilape|[miss]\n|-miss|p2a: Kleavor|p1a: Annihilape\n|move|p1a: Annihilape|Bulk Up|p1a: Annihilape\n|-boost|p1a: Annihilape|atk|1\n|-boost|p1a: Annihilape|def|1\n|\n|-damage|p2a: Kleavor|0 fnt|[from] Leech Seed|[of] p1a: Annihilape\n|-heal|p1a: Annihilape|62\/100|[silent]\n|faint|p2a: Kleavor\n|upkeep\n|\n|t:|1700764538\n|switch|p2a: Spidops|Spidops, M, shiny|100\/100\n|-status|p2a: Spidops|tox\n|-damage|p2a: Spidops|76\/100 tox|[from] Stealth Rock\n|turn|10\n|\n|t:|1700764546\n|move|p1a: Annihilape|Drain Punch|p2a: Spidops\n|-resisted|p2a: Spidops\n|-damage|p2a: Spidops|20\/100 tox\n|-heal|p1a: Annihilape|85\/100|[from] drain|[of] p2a: Spidops\n|-damage|p1a: Annihilape|75\/100|[from] item: Life Orb\n|move|p2a: Spidops|Sticky Web|p1a: Annihilape\n|-sidestart|p1: Diwu the ditto|move: Sticky Web\n|\n|-damage|p2a: Spidops|14\/100 tox|[from] psn\n|upkeep\n|turn|11\n|\n|t:|1700764556\n|move|p1a: Annihilape|Drain Punch|p2a: Spidops\n|-resisted|p2a: Spidops\n|-crit|p2a: Spidops\n|-damage|p2a: Spidops|0 fnt\n|-heal|p1a: Annihilape|80\/100|[from] drain|[of] p2a: Spidops\n|faint|p2a: Spidops\n|-damage|p1a: Annihilape|70\/100|[from] item: Life Orb\n|\n|upkeep\n|\n|t:|1700764568\n|switch|p2a: Vikavolt|Vikavolt, M, shiny|100\/100\n|-damage|p2a: Vikavolt|76\/100|[from] Stealth Rock\n|turn|12\n|\n|t:|1700764574\n|move|p1a: Annihilape|Drain Punch|p2a: Vikavolt\n|-resisted|p2a: Vikavolt\n|-damage|p2a: Vikavolt|19\/100\n|-heal|p1a: Annihilape|93\/100|[from] drain|[of] p2a: Vikavolt\n|-damage|p1a: Annihilape|83\/100|[from] item: Life Orb\n|move|p2a: Vikavolt|Thunder|p1a: Annihilape\n|-damage|p1a: Annihilape|27\/100\n|\n|upkeep\n|turn|13\n|\n|t:|1700764584\n|move|p1a: Annihilape|Drain Punch|p2a: Vikavolt\n|-resisted|p2a: Vikavolt\n|-damage|p2a: Vikavolt|0 fnt\n|-heal|p1a: Annihilape|35\/100|[from] drain|[of] p2a: Vikavolt\n|faint|p2a: Vikavolt\n|-damage|p1a: Annihilape|25\/100|[from] item: Life Orb\n|\n|upkeep\n|\n|t:|1700764592\n|switch|p2a: Yanmega|Yanmega, M, shiny|100\/100\n|-damage|p2a: Yanmega|51\/100|[from] Stealth Rock\n|turn|14\n|\n|t:|1700764601\n|move|p1a: Annihilape|Drain Punch|p2a: Yanmega\n|-resisted|p2a: Yanmega\n|-damage|p2a: Yanmega|23\/100\n|-heal|p1a: Annihilape|37\/100|[from] drain|[of] p2a: Yanmega\n|-damage|p1a: Annihilape|27\/100|[from] item: Life Orb\n|move|p2a: Yanmega|Crunch|p1a: Annihilape\n|-damage|p1a: Annihilape|15\/100\n|\n|-heal|p2a: Yanmega|29\/100|[from] item: Leftovers\n|-ability|p2a: Yanmega|Speed Boost|boost\n|-boost|p2a: Yanmega|spe|1\n|upkeep\n|turn|15\n|\n|t:|1700764613\n|move|p2a: Yanmega|Crunch|p1a: Annihilape\n|-damage|p1a: Annihilape|3\/100\n|move|p1a: Annihilape|Drain Punch|p2a: Yanmega\n|-resisted|p2a: Yanmega\n|-damage|p2a: Yanmega|2\/100\n|-heal|p1a: Annihilape|15\/100|[from] drain|[of] p2a: Yanmega\n|-damage|p1a: Annihilape|5\/100|[from] item: Life Orb\n|\n|-heal|p2a: Yanmega|8\/100|[from] item: Leftovers\n|-ability|p2a: Yanmega|Speed Boost|boost\n|-boost|p2a: Yanmega|spe|1\n|upkeep\n|turn|16\n|\n|t:|1700764626\n|move|p2a: Yanmega|Crunch|p1a: Annihilape\n|-damage|p1a: Annihilape|0 fnt\n|faint|p1a: Annihilape\n|\n|-heal|p2a: Yanmega|14\/100|[from] item: Leftovers\n|-ability|p2a: Yanmega|Speed Boost|boost\n|-boost|p2a: Yanmega|spe|1\n|upkeep\n|\n|t:|1700764634\n|switch|p1a: Iron Valiant|Iron Valiant|100\/100\n|-damage|p1a: Iron Valiant|94\/100|[from] Stealth Rock\n|-activate|p1a: Iron Valiant|move: Sticky Web\n|-unboost|p1a: Iron Valiant|spe|1\n|-enditem|p1a: Iron Valiant|Booster Energy\n|-activate|p1a: Iron Valiant|ability: Quark Drive|[fromitem]\n|-start|p1a: Iron Valiant|quarkdriveatk\n|turn|17\n|\n|t:|1700764646\n|-terastallize|p1a: Iron Valiant|Fairy\n|move|p2a: Yanmega|Lunge|p1a: Iron Valiant\n|-resisted|p1a: Iron Valiant\n|-damage|p1a: Iron Valiant|77\/100\n|-unboost|p1a: Iron Valiant|atk|1\n|move|p1a: Iron Valiant|Swords Dance|p1a: Iron Valiant\n|-boost|p1a: Iron Valiant|atk|2\n|\n|-heal|p2a: Yanmega|20\/100|[from] item: Leftovers\n|-ability|p2a: Yanmega|Speed Boost|boost\n|-boost|p2a: Yanmega|spe|1\n|upkeep\n|turn|18\n|\n|t:|1700764664\n|move|p2a: Yanmega|Lunge|p1a: Iron Valiant\n|-resisted|p1a: Iron Valiant\n|-damage|p1a: Iron Valiant|57\/100\n|-unboost|p1a: Iron Valiant|atk|1\n|move|p1a: Iron Valiant|Spirit Break|p2a: Yanmega\n|-damage|p2a: Yanmega|0 fnt\n|faint|p2a: Yanmega\n|\n|upkeep\n|\n|t:|1700764680\n|switch|p2a: Heracross|Heracross, M, shiny|100\/100\n|-status|p2a: Heracross|tox\n|-damage|p2a: Heracross|88\/100 tox|[from] Stealth Rock\n|turn|19\n|\n|t:|1700764690\n|move|p2a: Heracross|Bulldoze|p1a: Iron Valiant\n|-damage|p1a: Iron Valiant|35\/100\n|-unboost|p1a: Iron Valiant|spe|1\n|move|p1a: Iron Valiant|Spirit Break|p2a: Heracross\n|-supereffective|p2a: Heracross\n|-damage|p2a: Heracross|0 fnt\n|faint|p2a: Heracross\n|\n|upkeep\n|\n|t:|1700764697\n|switch|p2a: Volbeat|Volbeat, M, shiny|100\/100\n|-status|p2a: Volbeat|tox\n|-damage|p2a: Volbeat|76\/100 tox|[from] Stealth Rock\n|turn|20\n|\n|t:|1700764716\n|move|p2a: Volbeat|Tail Glow|p2a: Volbeat\n|-boost|p2a: Volbeat|spa|3\n|move|p1a: Iron Valiant|Spirit Break|p2a: Volbeat\n|-damage|p2a: Volbeat|0 fnt\n|faint|p2a: Volbeat\n|\n|win|Diwu the ditto\n|raw|Diwu the ditto's rating: 1158 &rarr; <strong>1175<\/strong><br \/>(+17 for winning)\n|raw|iz-best-Un0Wn!!!!!'s rating: 1041 &rarr; <strong>1030<\/strong><br \/>(-11 for losing)\n|c|\u2606Diwu the ditto|gg\n|c|\u2606iz-best-Un0Wn!!!!!|gg\n","uploadtime":1700764733,"views":1,"p1id":"diwutheditto","p2id":"izbestun0wn","formatid":"gen9anythinggoes","rating":1030,"private":0,"password":""}