{"id":"gen9anythinggoes-1992646939","p1":"Luigi3641","p2":"KiwiFlorauna","format":"[Gen 9] Anything Goes","log":"|j|\u2606Luigi3641\n|j|\u2606KiwiFlorauna\n|t:|1700219923\n|gametype|singles\n|player|p1|Luigi3641|juggler|1104\n|player|p2|KiwiFlorauna|101|1176\n|teamsize|p1|6\n|teamsize|p2|6\n|gen|9\n|tier|[Gen 9] Anything Goes\n|rated|\n|rule|HP Percentage Mod: HP is shown in percentages\n|rule|Endless Battle Clause: Forcing endless battles is banned\n|clearpoke\n|poke|p1|Hippopotas, F|\n|poke|p1|Magnemite|\n|poke|p1|Mienfoo, F|\n|poke|p1|Riolu, L1, F|\n|poke|p1|Glimmet, M|\n|poke|p1|Crabrawler, M|\n|poke|p2|Mimikyu, M|\n|poke|p2|Kingambit, M|\n|poke|p2|Quagsire, F|\n|poke|p2|Glimmora, F|\n|poke|p2|Espathra, M|\n|poke|p2|Scizor, F|\n|teampreview\n|c|\u2606Luigi3641|Glhf\n|c|\u2606KiwiFlorauna|ok\n|\n|t:|1700219942\n|start\n|switch|p1a: Hippopotas|Hippopotas, F|100\/100\n|switch|p2a: Copperfleur|Glimmora, F|100\/100\n|-weather|Sandstorm|[from] ability: Sand Stream|[of] p1a: Hippopotas\n|turn|1\n|\n|t:|1700219976\n|move|p2a: Copperfleur|Stealth Rock|p1a: Hippopotas\n|-sidestart|p1: Luigi3641|move: Stealth Rock\n|move|p1a: Hippopotas|Roar|p2a: Copperfleur\n|drag|p2a: Masq|Mimikyu, M|100\/100\n|\n|-weather|Sandstorm|[upkeep]\n|-damage|p2a: Masq|95\/100|[from] Sandstorm\n|upkeep\n|turn|2\n|\n|t:|1700219981\n|move|p2a: Masq|Shadow Sneak|p1a: Hippopotas\n|-damage|p1a: Hippopotas|90\/100\n|move|p1a: Hippopotas|Stealth Rock|p2a: Masq\n|-sidestart|p2: KiwiFlorauna|move: Stealth Rock\n|\n|-weather|Sandstorm|[upkeep]\n|-damage|p2a: Masq|89\/100|[from] Sandstorm\n|upkeep\n|turn|3\n|\n|t:|1700219987\n|move|p2a: Masq|Shadow Sneak|p1a: Hippopotas\n|-damage|p1a: Hippopotas|80\/100\n|move|p1a: Hippopotas|Yawn|p2a: Masq\n|-start|p2a: Masq|move: Yawn|[of] p1a: Hippopotas\n|\n|-weather|Sandstorm|[upkeep]\n|-damage|p2a: Masq|83\/100|[from] Sandstorm\n|upkeep\n|turn|4\n|\n|t:|1700219991\n|switch|p2a: Copperfleur|Glimmora, F|100\/100\n|-damage|p2a: Copperfleur|88\/100|[from] Stealth Rock\n|move|p1a: Hippopotas|Earthquake|p2a: Copperfleur\n|-supereffective|p2a: Copperfleur\n|-damage|p2a: Copperfleur|0 fnt\n|-activate|p2a: Copperfleur|ability: Toxic Debris\n|-sidestart|p1: Luigi3641|move: Toxic Spikes\n|faint|p2a: Copperfleur\n|\n|-weather|Sandstorm|[upkeep]\n|upkeep\n|\n|t:|1700220100\n|switch|p2a: Espathra|Espathra, M|100\/100\n|-damage|p2a: Espathra|88\/100|[from] Stealth Rock\n|turn|5\n|\n|t:|1700220105\n|move|p2a: Espathra|Protect|p2a: Espathra\n|-singleturn|p2a: Espathra|Protect\n|move|p1a: Hippopotas|Roar|p2a: Espathra\n|drag|p2a: Scizor|Scizor, F|100\/100\n|-damage|p2a: Scizor|88\/100|[from] Stealth Rock\n|\n|-weather|Sandstorm|[upkeep]\n|upkeep\n|turn|6\n|\n|t:|1700220164\n|move|p2a: Scizor|Swords Dance|p2a: Scizor\n|-boost|p2a: Scizor|atk|2\n|move|p1a: Hippopotas|Yawn|p2a: Scizor\n|-start|p2a: Scizor|move: Yawn|[of] p1a: Hippopotas\n|\n|-weather|Sandstorm|[upkeep]\n|upkeep\n|turn|7\n|\n|t:|1700220173\n|move|p2a: Scizor|Bullet Punch|p1a: Hippopotas\n|-damage|p1a: Hippopotas|39\/100\n|move|p1a: Hippopotas|Earthquake|p2a: Scizor\n|-damage|p2a: Scizor|59\/100\n|\n|-weather|Sandstorm|[upkeep]\n|-end|p2a: Scizor|move: Yawn|[silent]\n|-status|p2a: Scizor|slp\n|upkeep\n|turn|8\n|\n|t:|1700220179\n|switch|p1a: Glimmet|Glimmet, M|100\/100\n|-damage|p1a: Glimmet|88\/100|[from] Stealth Rock\n|-sideend|p1: Luigi3641|move: Toxic Spikes|[of] p1a: Glimmet\n|cant|p2a: Scizor|slp\n|\n|-weather|none\n|upkeep\n|turn|9\n|\n|t:|1700220192\n|cant|p2a: Scizor|slp\n|move|p1a: Glimmet|Spikes|p2a: Scizor\n|-sidestart|p2: KiwiFlorauna|Spikes\n|\n|upkeep\n|turn|10\n|\n|t:|1700220242\n|cant|p2a: Scizor|slp\n|move|p1a: Glimmet|Ancient Power|p2a: Scizor\n|-damage|p2a: Scizor|21\/100 slp\n|\n|upkeep\n|turn|11\n|\n|t:|1700220387\n|-curestatus|p2a: Scizor|slp|[msg]\n|move|p2a: Scizor|Protect|p2a: Scizor\n|-singleturn|p2a: Scizor|Protect\n|move|p1a: Glimmet|Ancient Power|p2a: Scizor\n|-activate|p2a: Scizor|move: Protect\n|\n|upkeep\n|turn|12\n|\n|t:|1700220394\n|move|p2a: Scizor|Bullet Punch|p1a: Glimmet\n|-supereffective|p1a: Glimmet\n|-damage|p1a: Glimmet|0 fnt\n|-activate|p1a: Glimmet|ability: Toxic Debris\n|-sidestart|p2: KiwiFlorauna|move: Toxic Spikes\n|faint|p1a: Glimmet\n|\n|upkeep\n|\n|t:|1700220397\n|switch|p1a: Magnemite|Magnemite|100\/100\n|-damage|p1a: Magnemite|95\/100|[from] Stealth Rock\n|turn|13\n|\n|t:|1700220420\n|move|p2a: Scizor|Swords Dance|p2a: Scizor\n|-boost|p2a: Scizor|atk|2\n|move|p1a: Magnemite|Reflect|p1a: Magnemite\n|-sidestart|p1: Luigi3641|Reflect\n|\n|upkeep\n|turn|14\n|\n|t:|1700220423\n|move|p2a: Scizor|X-Scissor|p1a: Magnemite\n|-resisted|p1a: Magnemite\n|-damage|p1a: Magnemite|50\/100\n|move|p1a: Magnemite|Discharge|p2a: Scizor\n|-damage|p2a: Scizor|0 fnt\n|faint|p2a: Scizor\n|\n|upkeep\n|\n|t:|1700220427\n|switch|p2a: Quagsire|Quagsire, F|100\/100\n|-damage|p2a: Quagsire|94\/100|[from] Stealth Rock\n|-damage|p2a: Quagsire|82\/100|[from] Spikes\n|-status|p2a: Quagsire|psn\n|turn|15\n|\n|t:|1700220434\n|switch|p1a: Hippopotas|Hippopotas, F|39\/100\n|-damage|p1a: Hippopotas|33\/100|[from] Stealth Rock\n|-weather|Sandstorm|[from] ability: Sand Stream|[of] p1a: Hippopotas\n|move|p2a: Quagsire|Earthquake|p1a: Hippopotas\n|-damage|p1a: Hippopotas|18\/100\n|\n|-weather|Sandstorm|[upkeep]\n|-damage|p2a: Quagsire|70\/100 psn|[from] psn\n|upkeep\n|turn|16\n|\n|t:|1700220438\n|move|p2a: Quagsire|Earthquake|p1a: Hippopotas\n|-damage|p1a: Hippopotas|3\/100\n|move|p1a: Hippopotas|Roar|p2a: Quagsire\n|drag|p2a: Espathra|Espathra, M|88\/100\n|-damage|p2a: Espathra|76\/100|[from] Stealth Rock\n|-damage|p2a: Espathra|63\/100|[from] Spikes\n|-status|p2a: Espathra|psn\n|\n|-weather|Sandstorm|[upkeep]\n|-damage|p2a: Espathra|57\/100 psn|[from] Sandstorm\n|-heal|p2a: Espathra|63\/100 psn|[from] item: Leftovers\n|-damage|p2a: Espathra|51\/100 psn|[from] psn\n|upkeep\n|turn|17\n|\n|t:|1700220491\n|move|p2a: Espathra|Stored Power|p1a: Hippopotas\n|-damage|p1a: Hippopotas|0 fnt\n|faint|p1a: Hippopotas\n|\n|-weather|Sandstorm|[upkeep]\n|-damage|p2a: Espathra|45\/100 psn|[from] Sandstorm\n|-heal|p2a: Espathra|51\/100 psn|[from] item: Leftovers\n|-damage|p2a: Espathra|39\/100 psn|[from] psn\n|-sideend|p1: Luigi3641|Reflect\n|-ability|p2a: Espathra|Speed Boost|boost\n|-boost|p2a: Espathra|spe|1\n|upkeep\n|\n|t:|1700220537\n|switch|p1a: Magnemite|Magnemite|50\/100\n|-damage|p1a: Magnemite|45\/100|[from] Stealth Rock\n|turn|18\n|\n|t:|1700220542\n|move|p2a: Espathra|Baton Pass|p2a: Espathra\n|\n|t:|1700220546\n|switch|p2a: Grandmaster|Kingambit, M|100\/100|[from] Baton Pass\n|-damage|p2a: Grandmaster|94\/100|[from] Stealth Rock\n|-damage|p2a: Grandmaster|82\/100|[from] Spikes\n|-activate|p2a: Grandmaster|ability: Supreme Overlord\n|-start|p2a: Grandmaster|fallen2|[silent]\n|move|p1a: Magnemite|Discharge|p2a: Grandmaster\n|-damage|p2a: Grandmaster|39\/100\n|\n|-weather|Sandstorm|[upkeep]\n|upkeep\n|turn|19\n|\n|t:|1700220557\n|move|p2a: Grandmaster|Kowtow Cleave|p1a: Magnemite\n|-damage|p1a: Magnemite|0 fnt\n|faint|p1a: Magnemite\n|\n|-weather|Sandstorm|[upkeep]\n|upkeep\n|\n|t:|1700220565\n|switch|p1a: Crabrawler|Crabrawler, M|100\/100\n|-damage|p1a: Crabrawler|94\/100|[from] Stealth Rock\n|turn|20\n|\n|t:|1700220621\n|move|p2a: Grandmaster|Aerial Ace|p1a: Crabrawler\n|-supereffective|p1a: Crabrawler\n|-damage|p1a: Crabrawler|14\/100\n|move|p1a: Crabrawler|Drain Punch|p2a: Grandmaster\n|-supereffective|p2a: Grandmaster\n|-damage|p2a: Grandmaster|0 fnt\n|-heal|p1a: Crabrawler|36\/100|[from] drain|[of] p2a: Grandmaster\n|faint|p2a: Grandmaster\n|-end|p2a: Grandmaster|fallen2|[silent]\n|\n|-weather|Sandstorm|[upkeep]\n|-damage|p1a: Crabrawler|30\/100|[from] Sandstorm\n|upkeep\n|\n|t:|1700220627\n|switch|p2a: Masq|Mimikyu, M|83\/100\n|-damage|p2a: Masq|70\/100|[from] Stealth Rock\n|-damage|p2a: Masq|58\/100|[from] Spikes\n|-status|p2a: Masq|psn\n|turn|21\n|\n|t:|1700220631\n|move|p2a: Masq|Swords Dance|p2a: Masq\n|-boost|p2a: Masq|atk|2\n|move|p1a: Crabrawler|Thunder Punch|p2a: Masq\n|-activate|p2a: Masq|ability: Disguise\n|-damage|p2a: Masq|58\/100 psn\n|-damage|p1a: Crabrawler|13\/100|[from] item: Rocky Helmet|[of] p2a: Masq\n|detailschange|p2a: Masq|Mimikyu-Busted, M\n|-damage|p2a: Masq|46\/100 psn|[from] pokemon: Mimikyu-Busted\n|\n|-weather|Sandstorm|[upkeep]\n|-damage|p2a: Masq|40\/100 psn|[from] Sandstorm\n|-damage|p1a: Crabrawler|7\/100|[from] Sandstorm\n|-damage|p2a: Masq|27\/100 psn|[from] psn\n|upkeep\n|turn|22\n|\n|t:|1700220643\n|move|p2a: Masq|Shadow Sneak|p1a: Crabrawler\n|-damage|p1a: Crabrawler|0 fnt\n|faint|p1a: Crabrawler\n|\n|-weather|none\n|-damage|p2a: Masq|15\/100 psn|[from] psn\n|upkeep\n|\n|t:|1700220647\n|switch|p1a: Riolu|Riolu, L1, F|100\/100\n|-damage|p1a: Riolu|92\/100|[from] Stealth Rock\n|turn|23\n|\n|t:|1700220651\n|move|p1a: Riolu|Endure|p1a: Riolu\n|-singleturn|p1a: Riolu|move: Endure\n|move|p2a: Masq|Play Rough|p1a: Riolu\n|-supereffective|p1a: Riolu\n|-activate|p1a: Riolu|move: Endure\n|-damage|p1a: Riolu|9\/100\n|-enditem|p1a: Riolu|Oran Berry|[eat]\n|-heal|p1a: Riolu|92\/100|[from] item: Oran Berry\n|\n|-damage|p2a: Masq|2\/100 psn|[from] psn\n|upkeep\n|turn|24\n|\n|t:|1700220661\n|move|p1a: Riolu|Substitute|p1a: Riolu\n|-start|p1a: Riolu|Substitute\n|-damage|p1a: Riolu|67\/100\n|move|p2a: Masq|Play Rough|p1a: Riolu\n|-supereffective|p1a: Riolu\n|-end|p1a: Riolu|Substitute\n|\n|-damage|p2a: Masq|0 fnt|[from] psn\n|faint|p2a: Masq\n|upkeep\n|\n|t:|1700220665\n|switch|p2a: Quagsire|Quagsire, F|70\/100 psn\n|-damage|p2a: Quagsire|64\/100 psn|[from] Stealth Rock\n|-damage|p2a: Quagsire|51\/100 psn|[from] Spikes\n|turn|25\n|\n|t:|1700220669\n|move|p1a: Riolu|Substitute|p1a: Riolu\n|-start|p1a: Riolu|Substitute\n|-damage|p1a: Riolu|42\/100\n|move|p2a: Quagsire|Earthquake|p1a: Riolu\n|-end|p1a: Riolu|Substitute\n|\n|-damage|p2a: Quagsire|39\/100 psn|[from] psn\n|upkeep\n|turn|26\n|\n|t:|1700220717\n|move|p1a: Riolu|Substitute|p1a: Riolu\n|-start|p1a: Riolu|Substitute\n|-damage|p1a: Riolu|17\/100\n|move|p2a: Quagsire|Earthquake|p1a: Riolu\n|-end|p1a: Riolu|Substitute\n|\n|-damage|p2a: Quagsire|26\/100 psn|[from] psn\n|upkeep\n|turn|27\n|\n|t:|1700220726\n|move|p1a: Riolu|Endure|p1a: Riolu\n|-singleturn|p1a: Riolu|move: Endure\n|move|p2a: Quagsire|Recover|p2a: Quagsire\n|-heal|p2a: Quagsire|77\/100 psn\n|\n|-damage|p2a: Quagsire|64\/100 psn|[from] psn\n|upkeep\n|turn|28\n|\n|t:|1700220769\n|move|p1a: Riolu|Copycat|p1a: Riolu\n|move|p1a: Riolu|Recover|p1a: Riolu|[from]move: Copycat\n|-heal|p1a: Riolu|67\/100\n|move|p2a: Quagsire|Earthquake|p1a: Riolu\n|-damage|p1a: Riolu|0 fnt\n|faint|p1a: Riolu\n|\n|-damage|p2a: Quagsire|52\/100 psn|[from] psn\n|upkeep\n|\n|t:|1700220773\n|switch|p1a: Mienfoo|Mienfoo, F|100\/100\n|-damage|p1a: Mienfoo|94\/100|[from] Stealth Rock\n|turn|29\n|\n|t:|1700220839\n|-terastallize|p1a: Mienfoo|Fighting\n|move|p1a: Mienfoo|High Jump Kick|p2a: Quagsire\n|-damage|p2a: Quagsire|0 fnt\n|-damage|p1a: Mienfoo|78\/100|[from] item: Rocky Helmet|[of] p2a: Quagsire\n|faint|p2a: Quagsire\n|\n|upkeep\n|\n|t:|1700220843\n|switch|p2a: Espathra|Espathra, M|39\/100 psn\n|-damage|p2a: Espathra|26\/100 psn|[from] Stealth Rock\n|-damage|p2a: Espathra|14\/100 psn|[from] Spikes\n|turn|30\n|\n|t:|1700220847\n|move|p1a: Mienfoo|High Jump Kick|p2a: Espathra\n|-resisted|p2a: Espathra\n|-damage|p2a: Espathra|0 fnt\n|faint|p2a: Espathra\n|\n|win|Luigi3641\n|raw|Luigi3641's rating: 1104 &rarr; <strong>1136<\/strong><br \/>(+32 for winning)\n|raw|KiwiFlorauna's rating: 1203 &rarr; <strong>1171<\/strong><br \/>(-32 for losing)\n|c|\u2606Luigi3641|gg\n|c|\u2606KiwiFlorauna|gg\n","uploadtime":1700220865,"views":14,"p1id":"luigi3641","p2id":"kiwiflorauna","formatid":"gen9anythinggoes","rating":1136,"private":0,"password":""}