{"id":"gen9anythinggoes-1985853677","p1":"cp valrck","p2":"manual destruction","format":"[Gen 9] Anything Goes","log":"|j|\u2606cp valrck\n|j|\u2606manual destruction\n|t:|1699413473\n|gametype|singles\n|player|p1|cp valrck|170|1040\n|player|p2|manual destruction|101|1000\n|teamsize|p1|6\n|teamsize|p2|6\n|gen|9\n|tier|[Gen 9] Anything Goes\n|rated|\n|rule|HP Percentage Mod: HP is shown in percentages\n|rule|Endless Battle Clause: Forcing endless battles is banned\n|clearpoke\n|poke|p1|Kubfu, M|\n|poke|p1|Rayquaza|\n|poke|p1|Pikachu-World, M|\n|poke|p1|Cinderace, M|\n|poke|p1|Urshifu-*, F|\n|poke|p1|Charizard, M|\n|poke|p2|Kingambit, F|\n|poke|p2|Annihilape, M|\n|poke|p2|Pawmot, F|\n|poke|p2|Zacian-*|\n|poke|p2|Regieleki|\n|poke|p2|Darkrai|\n|teampreview\n|\n|t:|1699413481\n|start\n|switch|p1a: Rayquaza|Rayquaza|100\/100\n|switch|p2a: Darkrai|Darkrai, shiny|100\/100\n|-ability|p1a: Rayquaza|Air Lock\n|turn|1\n|\n|t:|1699413496\n|-terastallize|p1a: Rayquaza|Dragon\n|move|p2a: Darkrai|Hypnosis|p1a: Rayquaza\n|-status|p1a: Rayquaza|slp|[from] move: Hypnosis\n|cant|p1a: Rayquaza|slp\n|\n|-damage|p1a: Rayquaza|88\/100 slp|[from] ability: Bad Dreams|[of] p2a: Darkrai\n|upkeep\n|turn|2\n|\n|t:|1699413506\n|move|p2a: Darkrai|Hex|p1a: Rayquaza\n|-damage|p1a: Rayquaza|40\/100 slp\n|cant|p1a: Rayquaza|slp\n|\n|-damage|p1a: Rayquaza|28\/100 slp|[from] ability: Bad Dreams|[of] p2a: Darkrai\n|upkeep\n|turn|3\n|\n|t:|1699413515\n|move|p2a: Darkrai|Hex|p1a: Rayquaza\n|-damage|p1a: Rayquaza|0 fnt\n|faint|p1a: Rayquaza\n|\n|upkeep\n|\n|t:|1699413521\n|switch|p1a: Urshifu|Urshifu, F|100\/100\n|turn|4\n|\n|t:|1699413527\n|move|p2a: Darkrai|Hypnosis|p1a: Urshifu\n|-status|p1a: Urshifu|slp|[from] move: Hypnosis\n|cant|p1a: Urshifu|slp\n|\n|-damage|p1a: Urshifu|88\/100 slp|[from] ability: Bad Dreams|[of] p2a: Darkrai\n|upkeep\n|turn|5\n|\n|t:|1699413542\n|move|p2a: Darkrai|Hex|p1a: Urshifu\n|-resisted|p1a: Urshifu\n|-damage|p1a: Urshifu|61\/100 slp\n|cant|p1a: Urshifu|slp\n|\n|-damage|p1a: Urshifu|49\/100 slp|[from] ability: Bad Dreams|[of] p2a: Darkrai\n|upkeep\n|turn|6\n|\n|t:|1699413556\n|-singleturn|p2a: Darkrai|move: Focus Punch\n|-curestatus|p1a: Urshifu|slp|[msg]\n|move|p1a: Urshifu|Close Combat|p2a: Darkrai\n|-supereffective|p2a: Darkrai\n|-damage|p2a: Darkrai|0 fnt\n|-unboost|p1a: Urshifu|def|1\n|-unboost|p1a: Urshifu|spd|1\n|faint|p2a: Darkrai\n|\n|upkeep\n|\n|t:|1699413565\n|switch|p2a: Annihilape|Annihilape, M|100\/100\n|turn|7\n|\n|t:|1699413573\n|move|p1a: Urshifu|Close Combat|p2a: Annihilape\n|-immune|p2a: Annihilape\n|move|p2a: Annihilape|Brick Break|p1a: Urshifu\n|-supereffective|p1a: Urshifu\n|-damage|p1a: Urshifu|0 fnt\n|faint|p1a: Urshifu\n|\n|upkeep\n|\n|t:|1699413585\n|switch|p1a: Charizard|Charizard, M|100\/100\n|turn|8\n|\n|t:|1699413594\n|move|p1a: Charizard|Fire Blast|p2a: Annihilape\n|-damage|p2a: Annihilape|55\/100\n|move|p2a: Annihilape|Brick Break|p1a: Charizard\n|-resisted|p1a: Charizard\n|-damage|p1a: Charizard|77\/100\n|\n|upkeep\n|turn|9\n|\n|t:|1699413624\n|move|p1a: Charizard|Swords Dance|p1a: Charizard\n|-boost|p1a: Charizard|atk|2\n|move|p2a: Annihilape|Reversal|p1a: Charizard\n|-resisted|p1a: Charizard\n|-damage|p1a: Charizard|64\/100\n|\n|upkeep\n|turn|10\n|\n|t:|1699413641\n|move|p1a: Charizard|Fire Blast|p2a: Annihilape\n|-damage|p2a: Annihilape|7\/100\n|move|p2a: Annihilape|Rage Fist|p1a: Charizard\n|-damage|p1a: Charizard|0 fnt\n|faint|p1a: Charizard\n|\n|upkeep\n|\n|t:|1699413649\n|switch|p1a: Pikachu|Pikachu-World, M|100\/100\n|turn|11\n|\n|t:|1699413669\n|move|p1a: Pikachu|Quick Attack|p2a: Annihilape\n|-immune|p2a: Annihilape\n|move|p2a: Annihilape|Reversal|p1a: Pikachu\n|-damage|p1a: Pikachu|0 fnt\n|faint|p1a: Pikachu\n|\n|upkeep\n|\n|t:|1699413677\n|switch|p1a: Cinderace|Cinderace, M|100\/100\n|turn|12\n|\n|t:|1699413681\n|move|p1a: Cinderace|Pyro Ball|p2a: Annihilape\n|-damage|p2a: Annihilape|0 fnt\n|faint|p2a: Annihilape\n|\n|upkeep\n|\n|t:|1699413693\n|switch|p2a: Zacian|Zacian|100\/100\n|-ability|p2a: Zacian|Intrepid Sword|boost\n|-boost|p2a: Zacian|atk|1\n|turn|13\n|\n|t:|1699413713\n|move|p2a: Zacian|Swords Dance|p2a: Zacian\n|-boost|p2a: Zacian|atk|2\n|move|p1a: Cinderace|High Jump Kick|p2a: Zacian\n|-resisted|p2a: Zacian\n|-damage|p2a: Zacian|84\/100\n|\n|upkeep\n|turn|14\n|\n|t:|1699413723\n|move|p2a: Zacian|Sacred Sword|p1a: Cinderace\n|-damage|p1a: Cinderace|26\/100\n|move|p1a: Cinderace|Flame Charge|p2a: Zacian\n|-damage|p2a: Zacian|49\/100\n|-boost|p1a: Cinderace|spe|1\n|\n|upkeep\n|turn|15\n|\n|t:|1699413734\n|move|p1a: Cinderace|Pyro Ball|p2a: Zacian\n|-damage|p2a: Zacian|0 fnt\n|faint|p2a: Zacian\n|\n|upkeep\n|\n|t:|1699413739\n|switch|p2a: Regieleki|Regieleki|100\/100\n|turn|16\n|\n|t:|1699413748\n|move|p2a: Regieleki|Ancient Power|p1a: Cinderace\n|-supereffective|p1a: Cinderace\n|-damage|p1a: Cinderace|0 fnt\n|-boost|p2a: Regieleki|atk|1\n|-boost|p2a: Regieleki|def|1\n|-boost|p2a: Regieleki|spa|1\n|-boost|p2a: Regieleki|spd|1\n|-boost|p2a: Regieleki|spe|1\n|faint|p1a: Cinderace\n|\n|upkeep\n|\n|t:|1699413755\n|switch|p1a: Kubfu|Kubfu, M|100\/100\n|turn|17\n|\n|t:|1699413762\n|move|p1a: Kubfu|Endure|p1a: Kubfu\n|-singleturn|p1a: Kubfu|move: Endure\n|move|p2a: Regieleki|Explosion|p1a: Kubfu\n|-activate|p1a: Kubfu|move: Endure\n|-damage|p1a: Kubfu|1\/100\n|faint|p2a: Regieleki\n|\n|-heal|p1a: Kubfu|7\/100|[from] item: Leftovers\n|upkeep\n|\n|t:|1699413771\n|switch|p2a: Kingambit|Kingambit, F|100\/100\n|-activate|p2a: Kingambit|ability: Supreme Overlord\n|-start|p2a: Kingambit|fallen4|[silent]\n|turn|18\n|\n|t:|1699413777\n|move|p1a: Kubfu|Endure|p1a: Kubfu\n|-singleturn|p1a: Kubfu|move: Endure\n|move|p2a: Kingambit|Kowtow Cleave|p1a: Kubfu\n|-resisted|p1a: Kubfu\n|-activate|p1a: Kubfu|move: Endure\n|-damage|p1a: Kubfu|1\/100\n|\n|-heal|p1a: Kubfu|7\/100|[from] item: Leftovers\n|upkeep\n|turn|19\n|\n|t:|1699413788\n|move|p1a: Kubfu|Endure||[still]\n|-fail|p1a: Kubfu\n|move|p2a: Kingambit|Swords Dance|p2a: Kingambit\n|-boost|p2a: Kingambit|atk|2\n|\n|-heal|p1a: Kubfu|13\/100|[from] item: Leftovers\n|upkeep\n|turn|20\n|\n|t:|1699413799\n|move|p1a: Kubfu|Close Combat|p2a: Kingambit\n|-supereffective|p2a: Kingambit\n|-enditem|p2a: Kingambit|Focus Sash\n|-damage|p2a: Kingambit|1\/100\n|-unboost|p1a: Kubfu|def|1\n|-unboost|p1a: Kubfu|spd|1\n|move|p2a: Kingambit|Kowtow Cleave|p1a: Kubfu\n|-resisted|p1a: Kubfu\n|-damage|p1a: Kubfu|0 fnt\n|faint|p1a: Kubfu\n|\n|win|manual destruction\n|raw|cp valrck's rating: 1040 &rarr; <strong>1022<\/strong><br \/>(-18 for losing)\n|raw|manual destruction's rating: 1000 &rarr; <strong>1045<\/strong><br \/>(+45 for winning)\n|l|\u2606cp valrck\n","uploadtime":1699413818,"views":3,"p1id":"cpvalrck","p2id":"manualdestruction","formatid":"gen9anythinggoes","rating":1022,"private":0,"password":""}