{"id":"gen9anythinggoes-1998777108","p1":"EvilMan69","p2":"cbreezy222","format":"[Gen 9] Anything Goes","log":"|j|\u2606EvilMan69\n|j|\u2606cbreezy222\n|t:|1700988655\n|gametype|singles\n|player|p1|EvilMan69|2|1163\n|player|p2|cbreezy222|2|1117\n|teamsize|p1|6\n|teamsize|p2|6\n|gen|9\n|tier|[Gen 9] Anything Goes\n|rated|\n|rule|HP Percentage Mod: HP is shown in percentages\n|rule|Endless Battle Clause: Forcing endless battles is banned\n|clearpoke\n|poke|p1|Bellibolt, M|\n|poke|p1|Bellibolt, M|\n|poke|p1|Bellibolt, M|\n|poke|p1|Bellibolt, F|\n|poke|p1|Bellibolt, M|\n|poke|p1|Houndstone, M|\n|poke|p2|Darkrai|\n|poke|p2|Sylveon, M|\n|poke|p2|Gliscor, F|\n|poke|p2|Rayquaza|\n|poke|p2|Gyarados, M|\n|poke|p2|Volcarona, M|\n|teampreview\n|c|\u2606EvilMan69|do you like frogs?\n|inactive|Battle timer is ON: inactive players will automatically lose when time's up. (requested by EvilMan69)\n|\n|t:|1700988697\n|start\n|switch|p1a: Bellibolt|Bellibolt, M|100\/100\n|switch|p2a: Gliscor|Gliscor, F|100\/100\n|turn|1\n|\n|t:|1700988705\n|move|p2a: Gliscor|Earthquake|p1a: Bellibolt\n|-supereffective|p1a: Bellibolt\n|-damage|p1a: Bellibolt|51\/100\n|-start|p1a: Bellibolt|Charge|Earthquake|[from] ability: Electromorphosis\n|move|p1a: Bellibolt|Soak|p2a: Gliscor\n|-start|p2a: Gliscor|typechange|Water\n|\n|-status|p2a: Gliscor|tox|[from] item: Toxic Orb\n|upkeep\n|turn|2\n|inactive|cbreezy222 has 120 seconds left.\n|\n|t:|1700988748\n|-terastallize|p2a: Gliscor|Ground\n|move|p2a: Gliscor|Earthquake|p1a: Bellibolt\n|-supereffective|p1a: Bellibolt\n|-damage|p1a: Bellibolt|0 fnt\n|faint|p1a: Bellibolt\n|\n|upkeep\n|\n|t:|1700988753\n|switch|p1a: Bellibolt|Bellibolt, M|100\/100\n|turn|3\n|\n|t:|1700988758\n|-terastallize|p1a: Bellibolt|Flying\n|move|p2a: Gliscor|Earthquake|p1a: Bellibolt\n|-immune|p1a: Bellibolt\n|move|p1a: Bellibolt|Muddy Water|p2a: Gliscor\n|-supereffective|p2a: Gliscor\n|-damage|p2a: Gliscor|41\/100 tox\n|-unboost|p2a: Gliscor|accuracy|1\n|\n|-heal|p2a: Gliscor|53\/100 tox|[from] ability: Poison Heal\n|upkeep\n|turn|4\n|\n|t:|1700988767\n|move|p2a: Gliscor|Toxic|p1a: Bellibolt|[miss]\n|-miss|p2a: Gliscor|p1a: Bellibolt\n|move|p1a: Bellibolt|Muddy Water|p2a: Gliscor\n|-supereffective|p2a: Gliscor\n|-damage|p2a: Gliscor|0 fnt\n|faint|p2a: Gliscor\n|\n|upkeep\n|inactive|cbreezy222 has 120 seconds left.\n|\n|t:|1700988786\n|switch|p2a: Volcarona|Volcarona, M|100\/100\n|turn|5\n|\n|t:|1700988794\n|move|p2a: Volcarona|Fiery Dance|p1a: Bellibolt\n|-damage|p1a: Bellibolt|61\/100\n|-start|p1a: Bellibolt|Charge|Fiery Dance|[from] ability: Electromorphosis\n|move|p1a: Bellibolt|Soak|p2a: Volcarona\n|-start|p2a: Volcarona|typechange|Water\n|\n|upkeep\n|turn|6\n|\n|t:|1700988803\n|move|p2a: Volcarona|Fiery Dance|p1a: Bellibolt\n|-damage|p1a: Bellibolt|33\/100\n|-start|p1a: Bellibolt|Charge|Fiery Dance|[from] ability: Electromorphosis\n|move|p1a: Bellibolt|Parabolic Charge|p2a: Volcarona\n|-supereffective|p2a: Volcarona\n|-damage|p2a: Volcarona|9\/100\n|-heal|p1a: Bellibolt|70\/100|[from] drain|[of] p2a: Volcarona\n|-end|p1a: Bellibolt|Charge|[silent]\n|\n|-heal|p2a: Volcarona|15\/100|[from] item: Leftovers\n|upkeep\n|turn|7\n|inactive|cbreezy222 has 120 seconds left.\n|\n|t:|1700988832\n|switch|p2a: Sylveon|Sylveon, M|100\/100\n|move|p1a: Bellibolt|Parabolic Charge|p2a: Sylveon\n|-damage|p2a: Sylveon|83\/100\n|-heal|p1a: Bellibolt|78\/100|[from] drain|[of] p2a: Sylveon\n|\n|-heal|p2a: Sylveon|89\/100|[from] item: Leftovers\n|upkeep\n|turn|8\n|\n|t:|1700988841\n|move|p2a: Sylveon|Dazzling Gleam|p1a: Bellibolt\n|-damage|p1a: Bellibolt|48\/100\n|-start|p1a: Bellibolt|Charge|Dazzling Gleam|[from] ability: Electromorphosis\n|move|p1a: Bellibolt|Soak|p2a: Sylveon\n|-start|p2a: Sylveon|typechange|Water\n|\n|-heal|p2a: Sylveon|96\/100|[from] item: Leftovers\n|upkeep\n|turn|9\n|inactive|cbreezy222 has 120 seconds left.\n|c|\u2606cbreezy222|gay little strat\n|\n|t:|1700988866\n|move|p2a: Sylveon|Light Screen|p2a: Sylveon\n|-sidestart|p2: cbreezy222|move: Light Screen\n|move|p1a: Bellibolt|Slack Off|p1a: Bellibolt\n|-heal|p1a: Bellibolt|98\/100\n|\n|-heal|p2a: Sylveon|100\/100|[from] item: Leftovers\n|upkeep\n|turn|10\n|c|\u2606EvilMan69|do you like frogs?\n|inactive|cbreezy222 has 120 seconds left.\n|c|\u2606cbreezy222|suck my balls\n|\n|t:|1700988898\n|switch|p2a: Darkrai|Darkrai|100\/100\n|move|p1a: Bellibolt|Parabolic Charge|p2a: Darkrai\n|-damage|p2a: Darkrai|73\/100\n|-heal|p1a: Bellibolt|100\/100|[from] drain|[of] p2a: Darkrai\n|-end|p1a: Bellibolt|Charge|[silent]\n|\n|-heal|p2a: Darkrai|79\/100|[from] item: Leftovers\n|upkeep\n|turn|11\n|\n|t:|1700988912\n|move|p2a: Darkrai|Dark Pulse|p1a: Bellibolt\n|-damage|p1a: Bellibolt|64\/100\n|-start|p1a: Bellibolt|Charge|Dark Pulse|[from] ability: Electromorphosis\n|move|p1a: Bellibolt|Soak|p2a: Darkrai\n|-start|p2a: Darkrai|typechange|Water\n|\n|-heal|p2a: Darkrai|85\/100|[from] item: Leftovers\n|upkeep\n|turn|12\n|\n|t:|1700988924\n|switch|p2a: Sylveon|Sylveon, M|100\/100\n|move|p1a: Bellibolt|Parabolic Charge|p2a: Sylveon\n|-damage|p2a: Sylveon|82\/100\n|-heal|p1a: Bellibolt|72\/100|[from] drain|[of] p2a: Sylveon\n|-end|p1a: Bellibolt|Charge|[silent]\n|\n|-heal|p2a: Sylveon|89\/100|[from] item: Leftovers\n|upkeep\n|turn|13\n|c|\u2606EvilMan69|i'd suvk your balls\n|\n|t:|1700988949\n|move|p2a: Sylveon|Wish|p2a: Sylveon\n|move|p1a: Bellibolt|Soak|p2a: Sylveon\n|-start|p2a: Sylveon|typechange|Water\n|\n|-heal|p2a: Sylveon|95\/100|[from] item: Leftovers\n|-sideend|p2: cbreezy222|move: Light Screen\n|upkeep\n|turn|14\n|c|\u2606cbreezy222|i bet, youre super gay\n|\n|t:|1700988968\n|switch|p2a: Volcarona|Volcarona, M|15\/100\n|move|p1a: Bellibolt|Parabolic Charge|p2a: Volcarona\n|-damage|p2a: Volcarona|0 fnt\n|-heal|p1a: Bellibolt|78\/100|[from] drain|[of] p2a: Volcarona\n|faint|p2a: Volcarona\n|\n|upkeep\n|c|\u2606EvilMan69|i bet you're 12\n|c|\u2606cbreezy222|im 6\n|inactive|cbreezy222 has 90 seconds left.\n|\n|t:|1700988984\n|switch|p2a: Gyarados|Gyarados, M|100\/100\n|-ability|p2a: Gyarados|Intimidate|boost\n|-unboost|p1a: Bellibolt|atk|1\n|turn|15\n|c|\u2606EvilMan69|why are you asking me to suck your balls then\n|inactive|EvilMan69 has 120 seconds left.\n|c|\u2606EvilMan69|you can't even get pleasure from that\n|c|\u2606cbreezy222|because youre a fgg\n|\n|t:|1700989023\n|move|p2a: Gyarados|Dragon Dance|p2a: Gyarados\n|-boost|p2a: Gyarados|atk|1\n|-boost|p2a: Gyarados|spe|1\n|move|p1a: Bellibolt|Parabolic Charge|p2a: Gyarados\n|-supereffective|p2a: Gyarados\n|-damage|p2a: Gyarados|11\/100\n|-heal|p1a: Bellibolt|100\/100|[from] drain|[of] p2a: Gyarados\n|\n|-heal|p2a: Gyarados|17\/100|[from] item: Leftovers\n|upkeep\n|turn|16\n|inactive|EvilMan69 has 120 seconds left.\n|\n|t:|1700989035\n|move|p2a: Gyarados|Flamethrower|p1a: Bellibolt\n|-damage|p1a: Bellibolt|86\/100\n|-start|p1a: Bellibolt|Charge|Flamethrower|[from] ability: Electromorphosis\n|move|p1a: Bellibolt|Parabolic Charge|p2a: Gyarados\n|-supereffective|p2a: Gyarados\n|-damage|p2a: Gyarados|0 fnt\n|-heal|p1a: Bellibolt|94\/100|[from] drain|[of] p2a: Gyarados\n|faint|p2a: Gyarados\n|-end|p1a: Bellibolt|Charge|[silent]\n|\n|upkeep\n|c|\u2606EvilMan69|sure\n|inactive|cbreezy222 has 90 seconds left.\n|c|\u2606cbreezy222|how do you have fun doing this lil bro\n|\n|t:|1700989058\n|switch|p2a: Rayquaza|Rayquaza|100\/100\n|-ability|p2a: Rayquaza|Air Lock\n|turn|17\n|c|\u2606EvilMan69|i'm 3 times your age\n|inactive|EvilMan69 has 120 seconds left.\n|c|\u2606cbreezy222|i bet your 150 soaking wet\n|\n|t:|1700989086\n|move|p1a: Bellibolt|Soak|p2a: Rayquaza\n|-start|p2a: Rayquaza|typechange|Water\n|move|p2a: Rayquaza|Dragon Tail|p1a: Bellibolt\n|-damage|p1a: Bellibolt|71\/100\n|-start|p1a: Bellibolt|Charge|Dragon Tail|[from] ability: Electromorphosis\n|drag|p1a: Bellibolt|Bellibolt, F|100\/100\n|\n|upkeep\n|turn|18\n|c|\u2606cbreezy222|ill beat your ass\n|c|\u2606EvilMan69|you're six i can step on you and you'll die\n|\n|t:|1700989110\n|move|p1a: Bellibolt|Parabolic Charge|p2a: Rayquaza\n|-supereffective|p2a: Rayquaza\n|-damage|p2a: Rayquaza|40\/100\n|move|p2a: Rayquaza|Dragon Tail|p1a: Bellibolt\n|-damage|p1a: Bellibolt|76\/100\n|-start|p1a: Bellibolt|Charge|Dragon Tail|[from] ability: Electromorphosis\n|drag|p1a: Bellibolt|Bellibolt, M|100\/100\n|\n|upkeep\n|turn|19\n|c|\u2606cbreezy222|im 230 lean\n|inactive|cbreezy222 has 90 seconds left.\n|c|\u2606EvilMan69|wat?\n|c|\u2606cbreezy222|come and get it\n|\n|t:|1700989133\n|move|p1a: Bellibolt|Parabolic Charge|p2a: Rayquaza\n|-supereffective|p2a: Rayquaza\n|-damage|p2a: Rayquaza|0 fnt\n|faint|p2a: Rayquaza\n|\n|upkeep\n|\n|t:|1700989139\n|switch|p2a: Darkrai|Darkrai|85\/100\n|turn|20\n|c|\u2606EvilMan69|what do those numbers mean?\n|c|\u2606cbreezy222|230 lbs\n|\n|t:|1700989163\n|move|p2a: Darkrai|Haze|p2a: Darkrai\n|-clearallboost\n|move|p1a: Bellibolt|Soak|p2a: Darkrai\n|-start|p2a: Darkrai|typechange|Water\n|\n|-heal|p2a: Darkrai|91\/100|[from] item: Leftovers\n|upkeep\n|turn|21\n|inactive|cbreezy222 has 90 seconds left.\n|c|\u2606cbreezy222|your a skinny dork spamming ookemon\n|inactive|EvilMan69 has 90 seconds left.\n|c|\u2606cbreezy222|fun game lil guy\n|inactive|EvilMan69 has 60 seconds left.\n|c|\u2606EvilMan69|listen, if you're trying to become competative, give up. this team is a skill check, if you can't beat it your team sucks\n|\n|t:|1700989219\n|switch|p2a: Sylveon|Sylveon, M|95\/100\n|move|p1a: Bellibolt|Parabolic Charge|p2a: Sylveon\n|-crit|p2a: Sylveon\n|-damage|p2a: Sylveon|70\/100\n|\n|-heal|p2a: Sylveon|76\/100|[from] item: Leftovers\n|upkeep\n|turn|22\n|inactive|EvilMan69 has 60 seconds left.\n|inactive|cbreezy222 has 90 seconds left.\n|\n|t:|1700989232\n|switch|p2a: Darkrai|Darkrai|91\/100\n|move|p1a: Bellibolt|Soak|p2a: Darkrai\n|-start|p2a: Darkrai|typechange|Water\n|\n|-heal|p2a: Darkrai|97\/100|[from] item: Leftovers\n|upkeep\n|turn|23\n|inactive|EvilMan69 has 60 seconds left.\n|\n|t:|1700989245\n|switch|p2a: Sylveon|Sylveon, M|76\/100\n|move|p1a: Bellibolt|Parabolic Charge|p2a: Sylveon\n|-damage|p2a: Sylveon|57\/100\n|\n|-heal|p2a: Sylveon|64\/100|[from] item: Leftovers\n|upkeep\n|turn|24\n|inactive|EvilMan69 has 60 seconds left.\n|\n|t:|1700989254\n|move|p2a: Sylveon|Light Screen|p2a: Sylveon\n|-sidestart|p2: cbreezy222|move: Light Screen\n|move|p1a: Bellibolt|Muddy Water|p2a: Sylveon\n|-damage|p2a: Sylveon|55\/100\n|\n|-heal|p2a: Sylveon|62\/100|[from] item: Leftovers\n|upkeep\n|turn|25\n|\n|t:|1700989260\n|move|p2a: Sylveon|Reflect|p2a: Sylveon\n|-sidestart|p2: cbreezy222|Reflect\n|move|p1a: Bellibolt|Muddy Water|p2a: Sylveon\n|-damage|p2a: Sylveon|53\/100\n|\n|-heal|p2a: Sylveon|59\/100|[from] item: Leftovers\n|upkeep\n|turn|26\n|\n|t:|1700989265\n|move|p2a: Sylveon|Wish|p2a: Sylveon\n|move|p1a: Bellibolt|Parabolic Charge|p2a: Sylveon\n|-damage|p2a: Sylveon|50\/100\n|\n|-heal|p2a: Sylveon|56\/100|[from] item: Leftovers\n|upkeep\n|turn|27\n|\n|t:|1700989277\n|switch|p2a: Darkrai|Darkrai|97\/100\n|move|p1a: Bellibolt|Parabolic Charge|p2a: Darkrai\n|-damage|p2a: Darkrai|81\/100\n|\n|-heal|p2a: Darkrai|100\/100|[from] move: Wish|[wisher] Sylveon\n|upkeep\n|turn|28\n|inactive|EvilMan69 has 90 seconds left.\n|\n|t:|1700989290\n|switch|p2a: Sylveon|Sylveon, M|56\/100\n|move|p1a: Bellibolt|Parabolic Charge|p2a: Sylveon\n|-damage|p2a: Sylveon|47\/100\n|\n|-heal|p2a: Sylveon|53\/100|[from] item: Leftovers\n|-sideend|p2: cbreezy222|move: Light Screen\n|upkeep\n|turn|29\n|inactive|cbreezy222 has 120 seconds left.\n|inactive|EvilMan69 has 90 seconds left.\n|c|\u2606cbreezy222|my weiner is a skill check\n|inactive|EvilMan69 has 60 seconds left.\n|c|\u2606EvilMan69|oh and let me guess you have a 2000$ pc that your mommy bought you and you only play fortnite on\n|\n|t:|1700989339\n|move|p2a: Sylveon|Wish|p2a: Sylveon\n|move|p1a: Bellibolt|Soak|p2a: Sylveon\n|-start|p2a: Sylveon|typechange|Water\n|\n|-heal|p2a: Sylveon|59\/100|[from] item: Leftovers\n|-sideend|p2: cbreezy222|Reflect\n|upkeep\n|turn|30\n|c|\u2606cbreezy222|im homeless fgg\n|\n|t:|1700989345\n|switch|p2a: Darkrai|Darkrai|100\/100\n|move|p1a: Bellibolt|Soak|p2a: Darkrai\n|-start|p2a: Darkrai|typechange|Water\n|\n|upkeep\n|turn|31\n|c|\u2606EvilMan69|nice\n|inactive|EvilMan69 has 60 seconds left.\n|c|\u2606cbreezy222|good use of a grown mans time right here\n|c|\u2606cbreezy222|loser\n|inactive|EvilMan69 has 30 seconds left.\n|c|\u2606EvilMan69|then don't go talking crap and go help your parants. you spoild ass\n|\n|t:|1700989400\n|switch|p2a: Sylveon|Sylveon, M|59\/100\n|move|p1a: Bellibolt|Parabolic Charge|p2a: Sylveon\n|-damage|p2a: Sylveon|40\/100\n|\n|-heal|p2a: Sylveon|46\/100|[from] item: Leftovers\n|upkeep\n|turn|32\n|inactive|EvilMan69 has 30 seconds left.\n|inactive|EvilMan69 has 20 seconds left.\n|inactive|EvilMan69 has 15 seconds left.\n|\n|t:|1700989420\n|move|p2a: Sylveon|Wish|p2a: Sylveon\n|move|p1a: Bellibolt|Soak|p2a: Sylveon\n|-start|p2a: Sylveon|typechange|Water\n|\n|-heal|p2a: Sylveon|52\/100|[from] item: Leftovers\n|upkeep\n|turn|33\n|inactive|EvilMan69 has 25 seconds left this turn.\n|inactive|EvilMan69 has 20 seconds left.\n|inactive|EvilMan69 has 15 seconds left.\n|inactive|EvilMan69 has 10 seconds left.\n|c|\u2606EvilMan69|i'm not homeless and in fact i'm at school trying to pass the time\n|inactive|EvilMan69 has 5 seconds left.\n|\n|t:|1700989441\n|switch|p2a: Darkrai|Darkrai|100\/100\n|move|p1a: Bellibolt|Parabolic Charge|p2a: Darkrai\n|-damage|p2a: Darkrai|72\/100\n|\n|-heal|p2a: Darkrai|100\/100|[from] move: Wish|[wisher] Sylveon\n|upkeep\n|turn|34\n|inactive|EvilMan69 has 15 seconds left this turn.\n|inactive|EvilMan69 has 10 seconds left.\n|\n|t:|1700989448\n|switch|p2a: Sylveon|Sylveon, M|52\/100\n|move|p1a: Bellibolt|Slack Off||[still]\n|-fail|p1a: Bellibolt|heal\n|\n|-heal|p2a: Sylveon|58\/100|[from] item: Leftovers\n|upkeep\n|turn|35\n|inactive|EvilMan69 has 20 seconds left this turn.\n|\n|t:|1700989455\n|move|p2a: Sylveon|Wish|p2a: Sylveon\n|move|p1a: Bellibolt|Slack Off||[still]\n|-fail|p1a: Bellibolt|heal\n|\n|-heal|p2a: Sylveon|64\/100|[from] item: Leftovers\n|upkeep\n|turn|36\n|inactive|EvilMan69 has 30 seconds left this turn.\n|\n|t:|1700989461\n|move|p2a: Sylveon|Reflect|p2a: Sylveon\n|-sidestart|p2: cbreezy222|Reflect\n|move|p1a: Bellibolt|Slack Off||[still]\n|-fail|p1a: Bellibolt|heal\n|\n|-heal|p2a: Sylveon|100\/100|[from] move: Wish|[wisher] Sylveon\n|upkeep\n|turn|37\n|\n|t:|1700989467\n|move|p2a: Sylveon|Light Screen|p2a: Sylveon\n|-sidestart|p2: cbreezy222|move: Light Screen\n|move|p1a: Bellibolt|Slack Off||[still]\n|-fail|p1a: Bellibolt|heal\n|\n|upkeep\n|turn|38\n|\n|t:|1700989473\n|move|p2a: Sylveon|Dazzling Gleam|p1a: Bellibolt\n|-crit|p1a: Bellibolt\n|-damage|p1a: Bellibolt|53\/100\n|-start|p1a: Bellibolt|Charge|Dazzling Gleam|[from] ability: Electromorphosis\n|move|p1a: Bellibolt|Slack Off|p1a: Bellibolt\n|-heal|p1a: Bellibolt|100\/100\n|\n|upkeep\n|turn|39\n|\n|t:|1700989485\n|move|p2a: Sylveon|Wish|p2a: Sylveon\n|move|p1a: Bellibolt|Soak|p2a: Sylveon\n|-start|p2a: Sylveon|typechange|Water\n|\n|upkeep\n|turn|40\n|\n|t:|1700989490\n|switch|p2a: Darkrai|Darkrai|100\/100\n|move|p1a: Bellibolt|Soak|p2a: Darkrai\n|-start|p2a: Darkrai|typechange|Water\n|\n|-sideend|p2: cbreezy222|Reflect\n|upkeep\n|turn|41\n|\n|t:|1700989497\n|switch|p2a: Sylveon|Sylveon, M|100\/100\n|move|p1a: Bellibolt|Soak|p2a: Sylveon\n|-start|p2a: Sylveon|typechange|Water\n|\n|-sideend|p2: cbreezy222|move: Light Screen\n|upkeep\n|turn|42\n|\n|t:|1700989504\n|switch|p2a: Darkrai|Darkrai|100\/100\n|move|p1a: Bellibolt|Soak|p2a: Darkrai\n|-start|p2a: Darkrai|typechange|Water\n|\n|upkeep\n|turn|43\n|inactive|EvilMan69 has 90 seconds left.\n|\n|t:|1700989511\n|switch|p2a: Sylveon|Sylveon, M|100\/100\n|move|p1a: Bellibolt|Soak|p2a: Sylveon\n|-start|p2a: Sylveon|typechange|Water\n|\n|upkeep\n|turn|44\n|\n|t:|1700989519\n|switch|p2a: Darkrai|Darkrai|100\/100\n|move|p1a: Bellibolt|Soak|p2a: Darkrai\n|-start|p2a: Darkrai|typechange|Water\n|\n|upkeep\n|turn|45\n|\n|t:|1700989526\n|switch|p2a: Sylveon|Sylveon, M|100\/100\n|move|p1a: Bellibolt|Soak|p2a: Sylveon\n|-start|p2a: Sylveon|typechange|Water\n|\n|upkeep\n|turn|46\n|\n|t:|1700989536\n|switch|p2a: Darkrai|Darkrai|100\/100\n|move|p1a: Bellibolt|Muddy Water|p2a: Darkrai\n|-damage|p2a: Darkrai|71\/100\n|\n|-heal|p2a: Darkrai|78\/100|[from] item: Leftovers\n|upkeep\n|turn|47\n|\n|t:|1700989543\n|move|p2a: Darkrai|Dark Pulse|p1a: Bellibolt\n|-damage|p1a: Bellibolt|62\/100\n|-start|p1a: Bellibolt|Charge|Dark Pulse|[from] ability: Electromorphosis\n|move|p1a: Bellibolt|Slack Off|p1a: Bellibolt\n|-heal|p1a: Bellibolt|100\/100\n|\n|-heal|p2a: Darkrai|84\/100|[from] item: Leftovers\n|upkeep\n|turn|48\n|\n|t:|1700989554\n|move|p2a: Darkrai|Psychic|p1a: Bellibolt\n|-damage|p1a: Bellibolt|70\/100\n|-start|p1a: Bellibolt|Charge|Psychic|[from] ability: Electromorphosis\n|move|p1a: Bellibolt|Parabolic Charge|p2a: Darkrai\n|-damage|p2a: Darkrai|28\/100\n|-heal|p1a: Bellibolt|91\/100|[from] drain|[of] p2a: Darkrai\n|-end|p1a: Bellibolt|Charge|[silent]\n|\n|-heal|p2a: Darkrai|34\/100|[from] item: Leftovers\n|upkeep\n|turn|49\n|\n|t:|1700989563\n|switch|p2a: Sylveon|Sylveon, M|100\/100\n|move|p1a: Bellibolt|Parabolic Charge|p2a: Sylveon\n|-damage|p2a: Sylveon|82\/100\n|-heal|p1a: Bellibolt|99\/100|[from] drain|[of] p2a: Sylveon\n|\n|-heal|p2a: Sylveon|88\/100|[from] item: Leftovers\n|upkeep\n|turn|50\n|\n|t:|1700989571\n|move|p2a: Sylveon|Wish|p2a: Sylveon\n|move|p1a: Bellibolt|Parabolic Charge|p2a: Sylveon\n|-crit|p2a: Sylveon\n|-damage|p2a: Sylveon|60\/100\n|-heal|p1a: Bellibolt|100\/100|[from] drain|[of] p2a: Sylveon\n|\n|-heal|p2a: Sylveon|66\/100|[from] item: Leftovers\n|upkeep\n|turn|51\n|\n|t:|1700989579\n|move|p2a: Sylveon|Light Screen|p2a: Sylveon\n|-sidestart|p2: cbreezy222|move: Light Screen\n|move|p1a: Bellibolt|Parabolic Charge|p2a: Sylveon\n|-damage|p2a: Sylveon|57\/100\n|\n|-heal|p2a: Sylveon|100\/100|[from] move: Wish|[wisher] Sylveon\n|upkeep\n|turn|52\n|\n|t:|1700989585\n|move|p2a: Sylveon|Wish|p2a: Sylveon\n|move|p1a: Bellibolt|Parabolic Charge|p2a: Sylveon\n|-damage|p2a: Sylveon|91\/100\n|\n|-heal|p2a: Sylveon|97\/100|[from] item: Leftovers\n|upkeep\n|turn|53\n|\n|t:|1700989591\n|move|p2a: Sylveon|Reflect|p2a: Sylveon\n|-sidestart|p2: cbreezy222|Reflect\n|move|p1a: Bellibolt|Parabolic Charge|p2a: Sylveon\n|-damage|p2a: Sylveon|87\/100\n|\n|-heal|p2a: Sylveon|100\/100|[from] move: Wish|[wisher] Sylveon\n|upkeep\n|turn|54\n|\n|t:|1700989598\n|move|p2a: Sylveon|Wish|p2a: Sylveon\n|move|p1a: Bellibolt|Parabolic Charge|p2a: Sylveon\n|-damage|p2a: Sylveon|92\/100\n|\n|-heal|p2a: Sylveon|98\/100|[from] item: Leftovers\n|upkeep\n|turn|55\n|\n|t:|1700989603\n|move|p2a: Sylveon|Wish||[still]\n|-fail|p2a: Sylveon\n|move|p1a: Bellibolt|Parabolic Charge|p2a: Sylveon\n|-damage|p2a: Sylveon|88\/100\n|\n|-heal|p2a: Sylveon|100\/100|[from] move: Wish|[wisher] Sylveon\n|-sideend|p2: cbreezy222|move: Light Screen\n|upkeep\n|turn|56\n|inactive|cbreezy222 has 120 seconds left.\n|c|\u2606cbreezy222|you really are a loser wasting time with a toddler lmao\n|\n|t:|1700989640\n|move|p2a: Sylveon|Light Screen|p2a: Sylveon\n|-sidestart|p2: cbreezy222|move: Light Screen\n|move|p1a: Bellibolt|Parabolic Charge|p2a: Sylveon\n|-damage|p2a: Sylveon|92\/100\n|\n|-heal|p2a: Sylveon|98\/100|[from] item: Leftovers\n|upkeep\n|turn|57\n|inactive|cbreezy222 has 120 seconds left.\n|c|\u2606EvilMan69|nah this is interesting\n|c|\u2606EvilMan69|and as i said i don't have anything better tio do\n|\n|t:|1700989667\n|switch|p1a: Houndstone|Houndstone, M|100\/100\n|move|p2a: Sylveon|Wish|p2a: Sylveon\n|\n|-heal|p2a: Sylveon|100\/100|[from] item: Leftovers\n|-sideend|p2: cbreezy222|Reflect\n|upkeep\n|turn|58\n|c|\u2606cbreezy222|i bet, you probably have down syndrome\n|inactive|cbreezy222 has 120 seconds left.\n|-message|cbreezy222 forfeited.\n|\n|win|EvilMan69\n|raw|EvilMan69's rating: 1163 &rarr; <strong>1186<\/strong><br \/>(+23 for winning)\n|raw|cbreezy222's rating: 1136 &rarr; <strong>1113<\/strong><br \/>(-23 for losing)\n|l|\u2606cbreezy222\n","uploadtime":1700988887,"views":0,"p1id":"evilman69","p2id":"cbreezy222","formatid":"gen9anythinggoes","rating":1113,"private":0,"password":""}