{"id":"gen9anythinggoes-1995484497","p1":"DittoDreamTeam","p2":"iluvtrickroom","format":"[Gen 9] Anything Goes","log":"|j|\u2606DittoDreamTeam\n|j|\u2606iluvtrickroom\n|t:|1700575911\n|gametype|singles\n|player|p1|DittoDreamTeam|unknown|1046\n|player|p2|iluvtrickroom|hilda|1134\n|teamsize|p1|6\n|teamsize|p2|6\n|gen|9\n|tier|[Gen 9] Anything Goes\n|rated|\n|rule|HP Percentage Mod: HP is shown in percentages\n|rule|Endless Battle Clause: Forcing endless battles is banned\n|clearpoke\n|poke|p1|Espeon, M|\n|poke|p1|Oricorio-Sensu, F|\n|poke|p1|Vivillon, M|\n|poke|p1|Clefable, M|\n|poke|p1|Oricorio-Pom-Pom, M|\n|poke|p1|Mew|\n|poke|p2|Shiftry, M|\n|poke|p2|Probopass, F|\n|poke|p2|Yanmega, F|\n|poke|p2|Poliwrath, F|\n|poke|p2|Gliscor, M|\n|poke|p2|Dipplin, M|\n|teampreview\n|\n|t:|1700575932\n|start\n|switch|p1a: Oricorio|Oricorio-Pom-Pom, M|100\/100\n|switch|p2a: Shiftry|Shiftry, M|100\/100\n|turn|1\n|\n|t:|1700575949\n|move|p2a: Shiftry|Fake Out|p1a: Oricorio\n|-damage|p1a: Oricorio|86\/100\n|cant|p1a: Oricorio|flinch\n|\n|-heal|p1a: Oricorio|93\/100|[from] item: Leftovers\n|upkeep\n|turn|2\n|\n|t:|1700575967\n|move|p1a: Oricorio|Quiver Dance|p1a: Oricorio\n|-boost|p1a: Oricorio|spa|1\n|-boost|p1a: Oricorio|spd|1\n|-boost|p1a: Oricorio|spe|1\n|move|p2a: Shiftry|Tailwind|p2a: Shiftry\n|-sidestart|p2: iluvtrickroom|move: Tailwind\n|-ability|p2a: Shiftry|Wind Rider|boost\n|-boost|p2a: Shiftry|atk|1\n|\n|-heal|p1a: Oricorio|99\/100|[from] item: Leftovers\n|upkeep\n|turn|3\n|\n|t:|1700575985\n|switch|p2a: Gliscor|Gliscor, M|100\/100\n|move|p1a: Oricorio|Swords Dance|p1a: Oricorio\n|-boost|p1a: Oricorio|atk|2\n|\n|-heal|p1a: Oricorio|100\/100|[from] item: Leftovers\n|upkeep\n|turn|4\n|\n|t:|1700575998\n|move|p2a: Gliscor|Rock Tomb|p1a: Oricorio\n|-supereffective|p1a: Oricorio\n|-damage|p1a: Oricorio|46\/100\n|-unboost|p1a: Oricorio|spe|1\n|move|p1a: Oricorio|Swords Dance|p1a: Oricorio\n|-boost|p1a: Oricorio|atk|2\n|\n|-heal|p1a: Oricorio|52\/100|[from] item: Leftovers\n|upkeep\n|turn|5\n|\n|t:|1700576010\n|move|p2a: Gliscor|Rock Tomb|p1a: Oricorio\n|-supereffective|p1a: Oricorio\n|-damage|p1a: Oricorio|0 fnt\n|faint|p1a: Oricorio\n|\n|-sideend|p2: iluvtrickroom|move: Tailwind\n|upkeep\n|\n|t:|1700576020\n|switch|p1a: Mew|Mew|100\/100\n|turn|6\n|\n|t:|1700576046\n|move|p2a: Gliscor|X-Scissor|p1a: Mew\n|-supereffective|p1a: Mew\n|-damage|p1a: Mew|52\/100\n|move|p1a: Mew|Knock Off|p2a: Gliscor\n|-damage|p2a: Gliscor|69\/100\n|-enditem|p2a: Gliscor|Yache Berry|[from] move: Knock Off|[of] p1a: Mew\n|\n|-heal|p1a: Mew|58\/100|[from] item: Leftovers\n|upkeep\n|turn|7\n|\n|t:|1700576064\n|move|p2a: Gliscor|X-Scissor|p1a: Mew\n|-supereffective|p1a: Mew\n|-damage|p1a: Mew|15\/100\n|move|p1a: Mew|Toxic Spikes|p2a: Gliscor\n|-sidestart|p2: iluvtrickroom|move: Toxic Spikes\n|\n|-heal|p1a: Mew|21\/100|[from] item: Leftovers\n|upkeep\n|turn|8\n|\n|t:|1700576077\n|switch|p1a: Vivillon|Vivillon, M|100\/100\n|move|p2a: Gliscor|X-Scissor|p1a: Vivillon\n|-resisted|p1a: Vivillon\n|-damage|p1a: Vivillon|80\/100\n|\n|-heal|p1a: Vivillon|86\/100|[from] item: Leftovers\n|upkeep\n|turn|9\n|\n|t:|1700576115\n|move|p2a: Gliscor|Dual Wingbeat|p1a: Vivillon\n|-supereffective|p1a: Vivillon\n|-damage|p1a: Vivillon|18\/100\n|-supereffective|p1a: Vivillon\n|-damage|p1a: Vivillon|0 fnt\n|faint|p1a: Vivillon\n|-hitcount|p1: Vivillon|2\n|\n|upkeep\n|\n|t:|1700576122\n|switch|p1a: Oricorio|Oricorio-Sensu, F|100\/100\n|turn|10\n|\n|t:|1700576131\n|move|p2a: Gliscor|Rock Tomb|p1a: Oricorio\n|-supereffective|p1a: Oricorio\n|-damage|p1a: Oricorio|54\/100\n|-unboost|p1a: Oricorio|spe|1\n|move|p1a: Oricorio|Attract|p2a: Gliscor\n|-start|p2a: Gliscor|Attract\n|\n|upkeep\n|turn|11\n|\n|t:|1700576152\n|switch|p2a: Shiftry|Shiftry, M|100\/100\n|-status|p2a: Shiftry|psn\n|move|p1a: Oricorio|Facade|p2a: Shiftry\n|-damage|p2a: Shiftry|83\/100 psn\n|\n|-damage|p2a: Shiftry|70\/100 psn|[from] psn\n|upkeep\n|turn|12\n|\n|t:|1700576163\n|switch|p1a: Clefable|Clefable, M|100\/100\n|move|p2a: Shiftry|Dark Pulse|p1a: Clefable\n|-resisted|p1a: Clefable\n|-damage|p1a: Clefable|91\/100\n|\n|-heal|p1a: Clefable|97\/100|[from] item: Leftovers\n|-damage|p2a: Shiftry|58\/100 psn|[from] psn\n|upkeep\n|turn|13\n|\n|t:|1700576175\n|move|p2a: Shiftry|Tailwind|p2a: Shiftry\n|-sidestart|p2: iluvtrickroom|move: Tailwind\n|-ability|p2a: Shiftry|Wind Rider|boost\n|-boost|p2a: Shiftry|atk|1\n|move|p1a: Clefable|Moonblast|p2a: Shiftry\n|-supereffective|p2a: Shiftry\n|-damage|p2a: Shiftry|0 fnt\n|faint|p2a: Shiftry\n|\n|-heal|p1a: Clefable|100\/100|[from] item: Leftovers\n|upkeep\n|c|\u2606iluvtrickroom|wind ridaaaa\n|\n|t:|1700576187\n|switch|p2a: Probopass|Probopass, F|100\/100\n|turn|14\n|\n|t:|1700576194\n|move|p2a: Probopass|Flash Cannon|p1a: Clefable\n|-supereffective|p1a: Clefable\n|-damage|p1a: Clefable|60\/100\n|move|p1a: Clefable|Calm Mind|p1a: Clefable\n|-boost|p1a: Clefable|spa|1\n|-boost|p1a: Clefable|spd|1\n|\n|-heal|p1a: Clefable|66\/100|[from] item: Leftovers\n|upkeep\n|turn|15\n|\n|t:|1700576225\n|move|p2a: Probopass|Flash Cannon|p1a: Clefable\n|-supereffective|p1a: Clefable\n|-damage|p1a: Clefable|39\/100\n|move|p1a: Clefable|Moonblast|p2a: Probopass\n|-resisted|p2a: Probopass\n|-damage|p2a: Probopass|79\/100\n|\n|-heal|p1a: Clefable|45\/100|[from] item: Leftovers\n|upkeep\n|turn|16\n|\n|t:|1700576243\n|switch|p1a: Espeon|Espeon, M|100\/100\n|move|p2a: Probopass|Flash Cannon|p1a: Espeon\n|-damage|p1a: Espeon|59\/100\n|\n|-sideend|p2: iluvtrickroom|move: Tailwind\n|upkeep\n|turn|17\n|\n|t:|1700576263\n|move|p1a: Espeon|Dazzling Gleam|p2a: Probopass\n|-resisted|p2a: Probopass\n|-damage|p2a: Probopass|67\/100\n|-heal|p1a: Espeon|61\/100|[from] item: Shell Bell|[of] p2a: Probopass\n|move|p2a: Probopass|Power Gem|p1a: Espeon\n|-damage|p1a: Espeon|23\/100\n|\n|upkeep\n|turn|18\n|\n|t:|1700576285\n|move|p1a: Espeon|Dazzling Gleam|p2a: Probopass\n|-resisted|p2a: Probopass\n|-damage|p2a: Probopass|54\/100\n|-heal|p1a: Espeon|24\/100|[from] item: Shell Bell|[of] p2a: Probopass\n|move|p2a: Probopass|Power Gem|p1a: Espeon\n|-damage|p1a: Espeon|0 fnt\n|faint|p1a: Espeon\n|\n|upkeep\n|\n|t:|1700576293\n|switch|p1a: Oricorio|Oricorio-Sensu, F|54\/100\n|turn|19\n|c|\u2606iluvtrickroom|stop attacking steel type with fairy\n|\n|t:|1700576304\n|move|p1a: Oricorio|Quiver Dance|p1a: Oricorio\n|-boost|p1a: Oricorio|spa|1\n|-boost|p1a: Oricorio|spd|1\n|-boost|p1a: Oricorio|spe|1\n|move|p2a: Probopass|Power Gem|p1a: Oricorio\n|-supereffective|p1a: Oricorio\n|-crit|p1a: Oricorio\n|-damage|p1a: Oricorio|0 fnt\n|faint|p1a: Oricorio\n|\n|upkeep\n|\n|t:|1700576313\n|switch|p1a: Mew|Mew|21\/100\n|turn|20\n|\n|t:|1700576325\n|move|p1a: Mew|Knock Off|p2a: Probopass\n|-damage|p2a: Probopass|33\/100\n|-enditem|p2a: Probopass|Petaya Berry|[from] move: Knock Off|[of] p1a: Mew\n|move|p2a: Probopass|Flash Cannon|p1a: Mew\n|-damage|p1a: Mew|0 fnt\n|faint|p1a: Mew\n|\n|upkeep\n|\n|t:|1700576331\n|switch|p1a: Clefable|Clefable, M|45\/100\n|turn|21\n|\n|t:|1700576335\n|move|p1a: Clefable|Moonblast|p2a: Probopass\n|-resisted|p2a: Probopass\n|-damage|p2a: Probopass|18\/100\n|move|p2a: Probopass|Flash Cannon|p1a: Clefable\n|-supereffective|p1a: Clefable\n|-damage|p1a: Clefable|6\/100\n|-unboost|p1a: Clefable|spd|1\n|\n|-heal|p1a: Clefable|12\/100|[from] item: Leftovers\n|upkeep\n|turn|22\n|\n|t:|1700576346\n|move|p1a: Clefable|Moonblast|p2a: Probopass\n|-resisted|p2a: Probopass\n|-damage|p2a: Probopass|4\/100\n|move|p2a: Probopass|Power Gem|p1a: Clefable\n|-damage|p1a: Clefable|0 fnt\n|faint|p1a: Clefable\n|\n|win|iluvtrickroom\n|raw|DittoDreamTeam's rating: 1046 &rarr; <strong>1033<\/strong><br \/>(-13 for losing)\n|raw|iluvtrickroom's rating: 1134 &rarr; <strong>1153<\/strong><br \/>(+19 for winning)\n|l|\u2606DittoDreamTeam\n","uploadtime":1700576384,"views":8,"p1id":"dittodreamteam","p2id":"iluvtrickroom","formatid":"gen9anythinggoes","rating":1033,"private":0,"password":""}