{"id":"gen9anythinggoes-1993708086","p1":"eurybie","p2":"Agastyaa","format":"[Gen 9] Anything Goes","log":"|j|\u2606eurybie\n|j|\u2606Agastyaa\n|t:|1700347908\n|gametype|singles\n|player|p1|eurybie|266|1854\n|player|p2|Agastyaa|101|1684\n|teamsize|p1|6\n|teamsize|p2|6\n|gen|9\n|tier|[Gen 9] Anything Goes\n|rated|\n|rule|HP Percentage Mod: HP is shown in percentages\n|rule|Endless Battle Clause: Forcing endless battles is banned\n|clearpoke\n|poke|p1|Miraidon|\n|poke|p1|Grimmsnarl, M|\n|poke|p1|Skeledirge, F|\n|poke|p1|Blissey, F|\n|poke|p1|Cresselia, F|\n|poke|p1|Calyrex-Ice|\n|poke|p2|Koraidon|\n|poke|p2|Arceus|\n|poke|p2|Calyrex-Shadow|\n|poke|p2|Miraidon|\n|poke|p2|Kyogre|\n|poke|p2|Giratina-Origin|\n|teampreview\n|\n|t:|1700347925\n|start\n|switch|p1a: Miraidon|Miraidon|100\/100\n|switch|p2a: Koraidon|Koraidon|100\/100\n|-fieldstart|move: Electric Terrain|[from] ability: Hadron Engine|[of] p1a: Miraidon\n|-weather|SunnyDay|[from] ability: Orichalcum Pulse|[of] p2a: Koraidon\n|-activate|p2a: Koraidon|Orichalcum Pulse|[source]\n|turn|1\n|\n|t:|1700347934\n|move|p2a: Koraidon|Scale Shot|p1a: Miraidon\n|-supereffective|p1a: Miraidon\n|-damage|p1a: Miraidon|65\/100\n|-supereffective|p1a: Miraidon\n|-damage|p1a: Miraidon|30\/100\n|-supereffective|p1a: Miraidon\n|-damage|p1a: Miraidon|0 fnt\n|faint|p1a: Miraidon\n|-hitcount|p1: Miraidon|3\n|-unboost|p2a: Koraidon|def|1\n|-boost|p2a: Koraidon|spe|1\n|\n|-weather|SunnyDay|[upkeep]\n|upkeep\n|\n|t:|1700347945\n|switch|p1a: Calyrex|Calyrex-Ice|100\/100\n|-ability|p1a: Calyrex|As One\n|-ability|p1a: Calyrex|Unnerve\n|turn|2\n|\n|t:|1700347951\n|-terastallize|p1a: Calyrex|Electric\n|move|p2a: Koraidon|Flare Blitz|p1a: Calyrex\n|-damage|p1a: Calyrex|47\/100\n|-damage|p2a: Koraidon|80\/100|[from] Recoil\n|move|p1a: Calyrex|Glacial Lance|p2a: Koraidon\n|-supereffective|p2a: Koraidon\n|-damage|p2a: Koraidon|0 fnt\n|faint|p2a: Koraidon\n|-ability|p1a: Calyrex|Chilling Neigh|boost\n|-boost|p1a: Calyrex|atk|1\n|\n|-weather|SunnyDay|[upkeep]\n|upkeep\n|\n|t:|1700347978\n|switch|p2a: Miraidon|Miraidon|100\/100\n|-activate|p2a: Miraidon|ability: Hadron Engine\n|turn|3\n|\n|t:|1700347983\n|move|p2a: Miraidon|Overheat|p1a: Calyrex\n|-damage|p1a: Calyrex|0 fnt\n|-unboost|p2a: Miraidon|spa|2\n|faint|p1a: Calyrex\n|\n|-weather|SunnyDay|[upkeep]\n|upkeep\n|\n|t:|1700347991\n|switch|p1a: Blissey|Blissey, F|100\/100\n|turn|4\n|\n|t:|1700347999\n|switch|p2a: Arceus|Arceus|100\/100\n|move|p1a: Blissey|Stealth Rock|p2a: Arceus\n|-sidestart|p2: Agastyaa|move: Stealth Rock\n|\n|-weather|SunnyDay|[upkeep]\n|upkeep\n|turn|5\n|\n|t:|1700348006\n|switch|p1a: Skeledirge|Skeledirge, F|100\/100\n|move|p2a: Arceus|Extreme Speed|p1a: Skeledirge\n|-immune|p1a: Skeledirge\n|\n|-weather|none\n|-fieldend|move: Electric Terrain\n|upkeep\n|turn|6\n|\n|t:|1700348013\n|switch|p2a: Kyogre|Kyogre|100\/100\n|-damage|p2a: Kyogre|88\/100|[from] Stealth Rock\n|-weather|RainDance|[from] ability: Drizzle|[of] p2a: Kyogre\n|move|p1a: Skeledirge|Will-O-Wisp|p2a: Kyogre\n|-status|p2a: Kyogre|brn\n|\n|-weather|RainDance|[upkeep]\n|-damage|p2a: Kyogre|82\/100 brn|[from] brn\n|upkeep\n|turn|7\n|\n|t:|1700348023\n|switch|p1a: Blissey|Blissey, F|100\/100\n|move|p2a: Kyogre|Water Spout|p1a: Blissey\n|-damage|p1a: Blissey|68\/100\n|\n|-weather|RainDance|[upkeep]\n|-damage|p2a: Kyogre|76\/100 brn|[from] brn\n|upkeep\n|turn|8\n|\n|t:|1700348033\n|switch|p2a: Giratina|Giratina-Origin|100\/100\n|-damage|p2a: Giratina|88\/100|[from] Stealth Rock\n|move|p1a: Blissey|Seismic Toss|p2a: Giratina\n|-immune|p2a: Giratina\n|\n|-weather|RainDance|[upkeep]\n|upkeep\n|turn|9\n|\n|t:|1700348040\n|switch|p1a: Grimmsnarl|Grimmsnarl, M|100\/100\n|move|p2a: Giratina|Defog|p1a: Grimmsnarl\n|-unboost|p1a: Grimmsnarl|evasion|1\n|-sideend|p2: Agastyaa|Stealth Rock|[from] move: Defog|[of] p2a: Giratina\n|\n|-weather|RainDance|[upkeep]\n|upkeep\n|turn|10\n|\n|t:|1700348049\n|switch|p2a: Miraidon|Miraidon|100\/100\n|-fieldstart|move: Electric Terrain|[from] ability: Hadron Engine|[of] p2a: Miraidon\n|move|p1a: Grimmsnarl|Spirit Break|p2a: Miraidon\n|-supereffective|p2a: Miraidon\n|-damage|p2a: Miraidon|45\/100\n|-unboost|p2a: Miraidon|spa|1\n|\n|-weather|none\n|upkeep\n|turn|11\n|\n|t:|1700348059\n|move|p1a: Grimmsnarl|Parting Shot|p2a: Miraidon\n|-unboost|p2a: Miraidon|atk|1\n|-unboost|p2a: Miraidon|spa|1\n|\n|t:|1700348064\n|switch|p1a: Blissey|Blissey, F|68\/100|[from] Parting Shot\n|move|p2a: Miraidon|Electro Drift|p1a: Blissey\n|-damage|p1a: Blissey|56\/100\n|\n|upkeep\n|turn|12\n|\n|t:|1700348072\n|switch|p2a: Arceus|Arceus|100\/100\n|move|p1a: Blissey|Soft-Boiled|p1a: Blissey\n|-heal|p1a: Blissey|100\/100\n|\n|upkeep\n|turn|13\n|\n|t:|1700348083\n|switch|p1a: Skeledirge|Skeledirge, F|100\/100\n|move|p2a: Arceus|Swords Dance|p2a: Arceus\n|-boost|p2a: Arceus|atk|2\n|\n|upkeep\n|turn|14\n|\n|t:|1700348090\n|move|p2a: Arceus|Shadow Claw|p1a: Skeledirge\n|-supereffective|p1a: Skeledirge\n|-damage|p1a: Skeledirge|63\/100\n|-damage|p2a: Arceus|91\/100|[from] item: Life Orb\n|move|p1a: Skeledirge|Will-O-Wisp|p2a: Arceus\n|-status|p2a: Arceus|brn\n|\n|-damage|p2a: Arceus|85\/100 brn|[from] brn\n|-fieldend|move: Electric Terrain\n|upkeep\n|turn|15\n|\n|t:|1700348099\n|move|p2a: Arceus|Swords Dance|p2a: Arceus\n|-boost|p2a: Arceus|atk|2\n|move|p1a: Skeledirge|Slack Off|p1a: Skeledirge\n|-heal|p1a: Skeledirge|100\/100\n|\n|-damage|p2a: Arceus|78\/100 brn|[from] brn\n|upkeep\n|turn|16\n|\n|t:|1700348106\n|move|p2a: Arceus|Shadow Claw|p1a: Skeledirge\n|-supereffective|p1a: Skeledirge\n|-damage|p1a: Skeledirge|81\/100\n|-damage|p2a: Arceus|69\/100 brn|[from] item: Life Orb\n|move|p1a: Skeledirge|Torch Song|p2a: Arceus\n|-damage|p2a: Arceus|49\/100 brn\n|-boost|p1a: Skeledirge|spa|1\n|\n|-damage|p2a: Arceus|43\/100 brn|[from] brn\n|upkeep\n|turn|17\n|\n|t:|1700348116\n|move|p2a: Arceus|Shadow Claw|p1a: Skeledirge\n|-supereffective|p1a: Skeledirge\n|-damage|p1a: Skeledirge|61\/100\n|-damage|p2a: Arceus|33\/100 brn|[from] item: Life Orb\n|move|p1a: Skeledirge|Slack Off|p1a: Skeledirge\n|-heal|p1a: Skeledirge|100\/100\n|\n|-damage|p2a: Arceus|27\/100 brn|[from] brn\n|upkeep\n|turn|18\n|\n|t:|1700348125\n|move|p2a: Arceus|Shadow Claw|p1a: Skeledirge\n|-supereffective|p1a: Skeledirge\n|-damage|p1a: Skeledirge|81\/100\n|-damage|p2a: Arceus|17\/100 brn|[from] item: Life Orb\n|move|p1a: Skeledirge|Torch Song|p2a: Arceus\n|-damage|p2a: Arceus|0 fnt\n|-boost|p1a: Skeledirge|spa|1\n|faint|p2a: Arceus\n|\n|upkeep\n|\n|t:|1700348134\n|switch|p2a: Calyrex|Calyrex-Shadow|100\/100\n|-ability|p2a: Calyrex|As One\n|-ability|p2a: Calyrex|Unnerve\n|turn|19\n|\n|t:|1700348139\n|switch|p1a: Grimmsnarl|Grimmsnarl, M|100\/100\n|move|p2a: Calyrex|Astral Barrage|p1a: Grimmsnarl\n|-resisted|p1a: Grimmsnarl\n|-damage|p1a: Grimmsnarl|72\/100\n|\n|upkeep\n|turn|20\n|\n|t:|1700348152\n|-terastallize|p2a: Calyrex|Fighting\n|move|p2a: Calyrex|Tera Blast|p1a: Grimmsnarl|[anim] Tera Blast Fighting\n|-damage|p1a: Grimmsnarl|35\/100\n|move|p1a: Grimmsnarl|Spirit Break|p2a: Calyrex\n|-supereffective|p2a: Calyrex\n|-damage|p2a: Calyrex|25\/100\n|-unboost|p2a: Calyrex|spa|1\n|\n|upkeep\n|turn|21\n|\n|t:|1700348171\n|move|p2a: Calyrex|Tera Blast|p1a: Grimmsnarl|[anim] Tera Blast Fighting\n|-damage|p1a: Grimmsnarl|11\/100\n|move|p1a: Grimmsnarl|Spirit Break|p2a: Calyrex\n|-supereffective|p2a: Calyrex\n|-damage|p2a: Calyrex|0 fnt\n|faint|p2a: Calyrex\n|\n|upkeep\n|\n|t:|1700348179\n|switch|p2a: Kyogre|Kyogre|76\/100 brn\n|-weather|RainDance|[from] ability: Drizzle|[of] p2a: Kyogre\n|turn|22\n|\n|t:|1700348184\n|move|p1a: Grimmsnarl|Parting Shot|p2a: Kyogre\n|-unboost|p2a: Kyogre|atk|1\n|-unboost|p2a: Kyogre|spa|1\n|\n|t:|1700348188\n|switch|p1a: Blissey|Blissey, F|100\/100|[from] Parting Shot\n|move|p2a: Kyogre|Origin Pulse|p1a: Blissey\n|-damage|p1a: Blissey|83\/100\n|\n|-weather|RainDance|[upkeep]\n|-damage|p2a: Kyogre|70\/100 brn|[from] brn\n|upkeep\n|turn|23\n|\n|t:|1700348196\n|switch|p2a: Giratina|Giratina-Origin|88\/100\n|move|p1a: Blissey|Stealth Rock|p2a: Giratina\n|-sidestart|p2: Agastyaa|move: Stealth Rock\n|\n|-weather|RainDance|[upkeep]\n|upkeep\n|turn|24\n|\n|t:|1700348208\n|move|p2a: Giratina|Defog|p1a: Blissey\n|-unboost|p1a: Blissey|evasion|1\n|-sideend|p2: Agastyaa|Stealth Rock|[from] move: Defog|[of] p2a: Giratina\n|move|p1a: Blissey|Stealth Rock|p2a: Giratina\n|-sidestart|p2: Agastyaa|move: Stealth Rock\n|\n|-weather|RainDance|[upkeep]\n|upkeep\n|turn|25\n|\n|t:|1700348217\n|switch|p1a: Cresselia|Cresselia, F|100\/100\n|move|p2a: Giratina|Dragon Tail|p1a: Cresselia\n|-damage|p1a: Cresselia|83\/100\n|drag|p1a: Blissey|Blissey, F|83\/100\n|\n|-weather|RainDance|[upkeep]\n|upkeep\n|turn|26\n|\n|t:|1700348224\n|switch|p1a: Cresselia|Cresselia, F|83\/100\n|move|p2a: Giratina|Dragon Tail|p1a: Cresselia\n|-damage|p1a: Cresselia|67\/100\n|drag|p1a: Grimmsnarl|Grimmsnarl, M|11\/100\n|\n|-weather|none\n|upkeep\n|turn|27\n|\n|t:|1700348233\n|move|p2a: Giratina|Shadow Sneak|p1a: Grimmsnarl\n|-resisted|p1a: Grimmsnarl\n|-damage|p1a: Grimmsnarl|0 fnt\n|faint|p1a: Grimmsnarl\n|\n|upkeep\n|\n|t:|1700348238\n|switch|p1a: Skeledirge|Skeledirge, F|81\/100\n|turn|28\n|\n|t:|1700348243\n|move|p2a: Giratina|Dragon Pulse|p1a: Skeledirge\n|-damage|p1a: Skeledirge|40\/100\n|move|p1a: Skeledirge|Will-O-Wisp|p2a: Giratina\n|-status|p2a: Giratina|brn\n|\n|-damage|p2a: Giratina|82\/100 brn|[from] brn\n|upkeep\n|turn|29\n|\n|t:|1700348252\n|switch|p1a: Cresselia|Cresselia, F|67\/100\n|move|p2a: Giratina|Dragon Pulse|p1a: Cresselia\n|-damage|p1a: Cresselia|38\/100\n|\n|-damage|p2a: Giratina|76\/100 brn|[from] brn\n|upkeep\n|turn|30\n|\n|t:|1700348264\n|move|p2a: Giratina|Dragon Pulse|p1a: Cresselia\n|-damage|p1a: Cresselia|13\/100\n|move|p1a: Cresselia|Moonlight|p1a: Cresselia\n|-heal|p1a: Cresselia|63\/100\n|\n|-damage|p2a: Giratina|70\/100 brn|[from] brn\n|upkeep\n|turn|31\n|\n|t:|1700348277\n|switch|p2a: Miraidon|Miraidon|45\/100\n|-damage|p2a: Miraidon|33\/100|[from] Stealth Rock\n|-fieldstart|move: Electric Terrain|[from] ability: Hadron Engine|[of] p2a: Miraidon\n|move|p1a: Cresselia|Moonblast|p2a: Miraidon\n|-supereffective|p2a: Miraidon\n|-damage|p2a: Miraidon|0 fnt\n|faint|p2a: Miraidon\n|\n|upkeep\n|\n|t:|1700348286\n|switch|p2a: Kyogre|Kyogre|70\/100 brn\n|-damage|p2a: Kyogre|57\/100 brn|[from] Stealth Rock\n|-weather|RainDance|[from] ability: Drizzle|[of] p2a: Kyogre\n|turn|32\n|\n|t:|1700348294\n|move|p2a: Kyogre|Origin Pulse|p1a: Cresselia|[miss]\n|-miss|p2a: Kyogre|p1a: Cresselia\n|move|p1a: Cresselia|Moonlight|p1a: Cresselia\n|-heal|p1a: Cresselia|88\/100\n|\n|-weather|RainDance|[upkeep]\n|-damage|p2a: Kyogre|51\/100 brn|[from] brn\n|upkeep\n|turn|33\n|c|\u2606Agastyaa|nah\n|\n|t:|1700348308\n|switch|p1a: Blissey|Blissey, F|83\/100\n|move|p2a: Kyogre|Origin Pulse|p1a: Blissey\n|-crit|p1a: Blissey\n|-damage|p1a: Blissey|45\/100\n|\n|-weather|RainDance|[upkeep]\n|-damage|p2a: Kyogre|45\/100 brn|[from] brn\n|upkeep\n|turn|34\n|c|\u2606Agastyaa|might have just lost due to that\n|\n|t:|1700348316\n|move|p2a: Kyogre|Origin Pulse|p1a: Blissey\n|-damage|p1a: Blissey|21\/100\n|move|p1a: Blissey|Soft-Boiled|p1a: Blissey\n|-heal|p1a: Blissey|71\/100\n|\n|-weather|RainDance|[upkeep]\n|-damage|p2a: Kyogre|39\/100 brn|[from] brn\n|upkeep\n|turn|35\n|\n|t:|1700348324\n|move|p2a: Kyogre|Origin Pulse|p1a: Blissey\n|-damage|p1a: Blissey|45\/100\n|move|p1a: Blissey|Soft-Boiled|p1a: Blissey\n|-heal|p1a: Blissey|95\/100\n|\n|-weather|RainDance|[upkeep]\n|-damage|p2a: Kyogre|33\/100 brn|[from] brn\n|-fieldend|move: Electric Terrain\n|upkeep\n|turn|36\n|\n|t:|1700348331\n|move|p2a: Kyogre|Origin Pulse|p1a: Blissey\n|-damage|p1a: Blissey|68\/100\n|move|p1a: Blissey|Seismic Toss|p2a: Kyogre\n|-damage|p2a: Kyogre|3\/100 brn\n|\n|-weather|none\n|-damage|p2a: Kyogre|0 fnt|[from] brn\n|faint|p2a: Kyogre\n|upkeep\n|\n|t:|1700348339\n|switch|p2a: Giratina|Giratina-Origin|70\/100 brn\n|-damage|p2a: Giratina|57\/100 brn|[from] Stealth Rock\n|turn|37\n|\n|t:|1700348349\n|move|p1a: Blissey|Soft-Boiled|p1a: Blissey\n|-heal|p1a: Blissey|100\/100\n|move|p2a: Giratina|Dragon Tail|p1a: Blissey\n|-damage|p1a: Blissey|72\/100\n|drag|p1a: Skeledirge|Skeledirge, F|40\/100\n|\n|-damage|p2a: Giratina|51\/100 brn|[from] brn\n|upkeep\n|turn|38\n|\n|t:|1700348358\n|switch|p1a: Cresselia|Cresselia, F|88\/100\n|move|p2a: Giratina|Dragon Pulse|p1a: Cresselia\n|-damage|p1a: Cresselia|60\/100\n|\n|-damage|p2a: Giratina|45\/100 brn|[from] brn\n|upkeep\n|turn|39\n|\n|t:|1700348365\n|move|p1a: Cresselia|Moonblast|p2a: Giratina\n|-supereffective|p2a: Giratina\n|-damage|p2a: Giratina|25\/100 brn\n|move|p2a: Giratina|Dragon Tail|p1a: Cresselia\n|-damage|p1a: Cresselia|52\/100\n|drag|p1a: Blissey|Blissey, F|72\/100\n|\n|-damage|p2a: Giratina|19\/100 brn|[from] brn\n|upkeep\n|turn|40\n|\n|t:|1700348376\n|move|p1a: Blissey|Soft-Boiled|p1a: Blissey\n|-heal|p1a: Blissey|100\/100\n|move|p2a: Giratina|Dragon Tail|p1a: Blissey\n|-damage|p1a: Blissey|70\/100\n|drag|p1a: Cresselia|Cresselia, F|52\/100\n|\n|-damage|p2a: Giratina|13\/100 brn|[from] brn\n|upkeep\n|turn|41\n|-message|Agastyaa forfeited.\n|\n|win|eurybie\n|raw|eurybie's rating: 1854 &rarr; <strong>1865<\/strong><br \/>(+11 for winning)\n|raw|Agastyaa's rating: 1684 &rarr; <strong>1673<\/strong><br \/>(-11 for losing)\n|l|\u2606Agastyaa\n","uploadtime":1700348398,"views":10,"p1id":"eurybie","p2id":"agastyaa","formatid":"gen9anythinggoes","rating":1673,"private":0,"password":""}