{"id":"gen9anythinggoes-1978843047","p1":"The Dark Ocean","p2":"xyz999BC","format":"[Gen 9] Anything Goes","log":"|j|\u2606The Dark Ocean\n|j|\u2606xyz999BC\n|inactive|Battle timer is ON: inactive players will automatically lose when time's up.\n|t:|1698601731\n|gametype|singles\n|player|p1|The Dark Ocean|marlon|\n|player|p2|xyz999BC|waiter-gen4dp|\n|teamsize|p1|6\n|teamsize|p2|6\n|gen|9\n|tier|[Gen 9] Anything Goes\n|rated|Tournament battle\n|rule|HP Percentage Mod: HP is shown in percentages\n|rule|Endless Battle Clause: Forcing endless battles is banned\n|clearpoke\n|poke|p1|Basculegion, M|\n|poke|p1|Kyogre|\n|poke|p1|Zacian-*|\n|poke|p1|Calyrex-Shadow|\n|poke|p1|Miraidon|\n|poke|p1|Koraidon|\n|poke|p2|Miraidon|\n|poke|p2|Chien-Pao|\n|poke|p2|Corviknight, F|\n|poke|p2|Grafaiai, F|\n|poke|p2|Garchomp, M|\n|poke|p2|Iron Bundle|\n|teampreview\n|inactive|The Dark Ocean also wants the timer to be on.\n|inactive|xyz999BC also wants the timer to be on.\n|c|\u2606xyz999BC|glhf\n|j| Brocckoli\n|j| SV AG TEST\n|j| Kanha Greninja\n|\n|t:|1698601741\n|start\n|switch|p1a: Koraidon|Koraidon|100\/100\n|switch|p2a: Moped|Miraidon|100\/100\n|-fieldstart|move: Electric Terrain|[from] ability: Hadron Engine|[of] p2a: Moped\n|-weather|SunnyDay|[from] ability: Orichalcum Pulse|[of] p1a: Koraidon\n|-activate|p1a: Koraidon|Orichalcum Pulse|[source]\n|turn|1\n|l| Kanha Greninja\n|\n|t:|1698601754\n|move|p2a: Moped|Dragon Pulse|p1a: Koraidon\n|-supereffective|p1a: Koraidon\n|-damage|p1a: Koraidon|0 fnt\n|faint|p1a: Koraidon\n|\n|-weather|SunnyDay|[upkeep]\n|upkeep\n|\n|t:|1698601765\n|switch|p1a: Zacian|Zacian-Crowned, shiny|100\/100\n|-ability|p1a: Zacian|Intrepid Sword|boost\n|-boost|p1a: Zacian|atk|1\n|turn|2\n|\n|t:|1698601771\n|switch|p2a: Flying Dutchman|Corviknight, F|100\/100\n|-ability|p2a: Flying Dutchman|Pressure\n|move|p1a: Zacian|Play Rough|p2a: Flying Dutchman\n|-resisted|p2a: Flying Dutchman\n|-damage|p2a: Flying Dutchman|79\/100\n|-damage|p1a: Zacian|84\/100|[from] item: Rocky Helmet|[of] p2a: Flying Dutchman\n|\n|-weather|SunnyDay|[upkeep]\n|upkeep\n|turn|3\n|j| AGisgood\n|\n|t:|1698601787\n|move|p1a: Zacian|Sacred Sword|p2a: Flying Dutchman\n|-damage|p2a: Flying Dutchman|45\/100\n|-damage|p1a: Zacian|67\/100|[from] item: Rocky Helmet|[of] p2a: Flying Dutchman\n|move|p2a: Flying Dutchman|U-turn|p1a: Zacian\n|-resisted|p1a: Zacian\n|-damage|p1a: Zacian|64\/100\n|\n|t:|1698601795\n|switch|p2a: Moped|Miraidon|100\/100|[from] U-turn\n|-activate|p2a: Moped|ability: Hadron Engine\n|\n|-weather|SunnyDay|[upkeep]\n|upkeep\n|turn|4\n|\n|t:|1698601810\n|move|p2a: Moped|Volt Switch|p1a: Zacian\n|-crit|p1a: Zacian\n|-damage|p1a: Zacian|0 fnt\n|faint|p1a: Zacian\n|\n|t:|1698601821\n|switch|p2a: Noam Chompsky|Garchomp, M|100\/100|[from] Volt Switch\n|\n|-weather|SunnyDay|[upkeep]\n|upkeep\n|\n|t:|1698601826\n|switch|p1a: Miraidon|Miraidon|100\/100\n|-activate|p1a: Miraidon|ability: Hadron Engine\n|turn|5\n|\n|t:|1698601834\n|move|p1a: Miraidon|Dragon Pulse|p2a: Noam Chompsky\n|-supereffective|p2a: Noam Chompsky\n|-damage|p2a: Noam Chompsky|0 fnt\n|faint|p2a: Noam Chompsky\n|\n|-weather|none\n|-fieldend|move: Electric Terrain\n|upkeep\n|\n|t:|1698601840\n|switch|p2a: Moped|Miraidon|100\/100\n|-fieldstart|move: Electric Terrain|[from] ability: Hadron Engine|[of] p2a: Moped\n|turn|6\n|j| 09-10a\n|\n|t:|1698601846\n|-terastallize|p2a: Moped|Electric\n|move|p2a: Moped|Dragon Pulse|p1a: Miraidon\n|-supereffective|p1a: Miraidon\n|-damage|p1a: Miraidon|0 fnt\n|faint|p1a: Miraidon\n|\n|upkeep\n|\n|t:|1698601858\n|switch|p1a: Calyrex|Calyrex-Shadow|100\/100\n|-ability|p1a: Calyrex|As One\n|-ability|p1a: Calyrex|Unnerve\n|turn|7\n|\n|t:|1698601867\n|switch|p2a: The Sneaker|Grafaiai, F|100\/100\n|move|p1a: Calyrex|Draining Kiss|p2a: The Sneaker\n|-resisted|p2a: The Sneaker\n|-damage|p2a: The Sneaker|90\/100\n|\n|-heal|p2a: The Sneaker|97\/100|[from] item: Black Sludge\n|upkeep\n|turn|8\n|l| AGisgood\n|\n|t:|1698601877\n|move|p1a: Calyrex|Psychic|p2a: The Sneaker\n|-supereffective|p2a: The Sneaker\n|-damage|p2a: The Sneaker|0 fnt\n|faint|p2a: The Sneaker\n|-ability|p1a: Calyrex|Grim Neigh|boost\n|-boost|p1a: Calyrex|spa|1\n|\n|upkeep\n|\n|t:|1698601886\n|switch|p2a: Tai Lung|Chien-Pao|100\/100\n|-ability|p2a: Tai Lung|Sword of Ruin\n|turn|9\n|\n|t:|1698601891\n|move|p1a: Calyrex|Draining Kiss|p2a: Tai Lung\n|-supereffective|p2a: Tai Lung\n|-damage|p2a: Tai Lung|2\/100\n|move|p2a: Tai Lung|Ice Spinner|p1a: Calyrex\n|-damage|p1a: Calyrex|39\/100\n|-fieldend|move: Electric Terrain\n|\n|upkeep\n|turn|10\n|\n|t:|1698601898\n|move|p2a: Tai Lung|Sucker Punch|p1a: Calyrex\n|-supereffective|p1a: Calyrex\n|-damage|p1a: Calyrex|0 fnt\n|faint|p1a: Calyrex\n|\n|upkeep\n|\n|t:|1698601903\n|switch|p1a: Kyogre|Kyogre|100\/100\n|-weather|RainDance|[from] ability: Drizzle|[of] p1a: Kyogre\n|turn|11\n|\n|t:|1698601907\n|move|p2a: Tai Lung|Sucker Punch|p1a: Kyogre\n|-crit|p1a: Kyogre\n|-damage|p1a: Kyogre|27\/100\n|move|p1a: Kyogre|Ice Beam|p2a: Tai Lung\n|-resisted|p2a: Tai Lung\n|-damage|p2a: Tai Lung|0 fnt\n|faint|p2a: Tai Lung\n|\n|-weather|RainDance|[upkeep]\n|upkeep\n|\n|t:|1698601915\n|switch|p2a: Moped|Miraidon, tera:Electric|100\/100\n|-fieldstart|move: Electric Terrain|[from] ability: Hadron Engine|[of] p2a: Moped\n|turn|12\n|\n|t:|1698601921\n|-terastallize|p1a: Kyogre|Ground\n|move|p2a: Moped|Electro Drift|p1a: Kyogre\n|-immune|p1a: Kyogre\n|move|p1a: Kyogre|Origin Pulse|p2a: Moped\n|-crit|p2a: Moped\n|-damage|p2a: Moped|0 fnt\n|faint|p2a: Moped\n|\n|-weather|RainDance|[upkeep]\n|upkeep\n|\n|t:|1698601930\n|switch|p2a: Krampus|Iron Bundle|100\/100\n|-activate|p2a: Krampus|ability: Quark Drive\n|-start|p2a: Krampus|quarkdrivespe\n|turn|13\n|\n|t:|1698601937\n|move|p2a: Krampus|Freeze-Dry|p1a: Kyogre\n|-supereffective|p1a: Kyogre\n|-damage|p1a: Kyogre|0 fnt\n|faint|p1a: Kyogre\n|\n|-weather|RainDance|[upkeep]\n|upkeep\n|\n|t:|1698601943\n|switch|p1a: Basculegion|Basculegion, M, shiny|100\/100\n|turn|14\n|\n|t:|1698601949\n|move|p2a: Krampus|Freeze-Dry|p1a: Basculegion\n|-supereffective|p1a: Basculegion\n|-damage|p1a: Basculegion|0 fnt\n|faint|p1a: Basculegion\n|\n|win|xyz999BC\n|n|\u2606The Dark Ocean|thedarkocean\n|n|\u2606xyz999BC|xyz999bc\n|n| Brocckoli|brocckoli\n|n| SV AG TEST|svagtest\n|n| 09-10a|0910a\n","uploadtime":1698601950,"views":10,"p1id":"thedarkocean","p2id":"xyz999bc","formatid":"gen9anythinggoes","rating":0,"private":0,"password":""}