{"id":"gen9anythinggoes-1979648118","p1":"Ellippo","p2":"hoenn militian","format":"[Gen 9] Anything Goes","log":"|j|\u2606Ellippo\n|j|\u2606hoenn militian\n|t:|1698699717\n|gametype|singles\n|player|p1|Ellippo|lance|1632\n|player|p2|hoenn militian|266|1766\n|teamsize|p1|6\n|teamsize|p2|6\n|gen|9\n|tier|[Gen 9] Anything Goes\n|rated|\n|rule|HP Percentage Mod: HP is shown in percentages\n|rule|Endless Battle Clause: Forcing endless battles is banned\n|clearpoke\n|poke|p1|Basculegion, M|\n|poke|p1|Sneasler, M|\n|poke|p1|Calyrex-Shadow|\n|poke|p1|Kyogre|\n|poke|p1|Koraidon|\n|poke|p1|Arceus|\n|poke|p2|Miraidon|\n|poke|p2|Grimmsnarl, M|\n|poke|p2|Skeledirge, M|\n|poke|p2|Blissey, F|\n|poke|p2|Moltres|\n|poke|p2|Calyrex-Ice|\n|teampreview\n|\n|t:|1698699733\n|start\n|switch|p1a: Sneasler|Sneasler, M|100\/100\n|switch|p2a: Moltres|Moltres|100\/100\n|turn|1\n|\n|t:|1698699741\n|move|p1a: Sneasler|Dire Claw|p2a: Moltres\n|-damage|p2a: Moltres|73\/100\n|-status|p1a: Sneasler|brn|[from] ability: Flame Body|[of] p2a: Moltres\n|move|p2a: Moltres|U-turn|p1a: Sneasler\n|-resisted|p1a: Sneasler\n|-damage|p1a: Sneasler|94\/100 brn\n|\n|t:|1698699751\n|switch|p2a: Miraidon|Miraidon|100\/100|[from] U-turn\n|-fieldstart|move: Electric Terrain|[from] ability: Hadron Engine|[of] p2a: Miraidon\n|\n|-damage|p1a: Sneasler|88\/100 brn|[from] brn\n|upkeep\n|turn|2\n|\n|t:|1698699757\n|move|p2a: Miraidon|Electro Drift|p1a: Sneasler\n|-damage|p1a: Sneasler|0 fnt\n|faint|p1a: Sneasler\n|\n|upkeep\n|\n|t:|1698699762\n|switch|p1a: Koraidon|Koraidon|100\/100\n|-weather|SunnyDay|[from] ability: Orichalcum Pulse|[of] p1a: Koraidon\n|-activate|p1a: Koraidon|Orichalcum Pulse|[source]\n|turn|3\n|\n|t:|1698699773\n|move|p2a: Miraidon|Protect|p2a: Miraidon\n|-singleturn|p2a: Miraidon|Protect\n|move|p1a: Koraidon|Dragon Claw|p2a: Miraidon\n|-activate|p2a: Miraidon|move: Protect\n|\n|-weather|SunnyDay|[upkeep]\n|upkeep\n|turn|4\n|\n|t:|1698699780\n|switch|p1a: Kyogre|Kyogre|100\/100\n|-weather|RainDance|[from] ability: Drizzle|[of] p1a: Kyogre\n|switch|p2a: Grimmsnarl|Grimmsnarl, M|100\/100\n|\n|-weather|RainDance|[upkeep]\n|upkeep\n|turn|5\n|\n|t:|1698699788\n|move|p2a: Grimmsnarl|Parting Shot|p1a: Kyogre\n|-unboost|p1a: Kyogre|atk|1\n|-unboost|p1a: Kyogre|spa|1\n|\n|t:|1698699792\n|switch|p2a: Blissey|Blissey, F|100\/100|[from] Parting Shot\n|move|p1a: Kyogre|Water Spout|p2a: Blissey\n|-damage|p2a: Blissey|77\/100\n|\n|-weather|RainDance|[upkeep]\n|-fieldend|move: Electric Terrain\n|upkeep\n|turn|6\n|\n|t:|1698699800\n|switch|p1a: Basculegion|Basculegion, M, shiny|100\/100\n|move|p2a: Blissey|Stealth Rock|p1a: Basculegion\n|-sidestart|p1: Ellippo|move: Stealth Rock\n|\n|-weather|RainDance|[upkeep]\n|upkeep\n|turn|7\n|\n|t:|1698699822\n|switch|p2a: Calyrex|Calyrex-Ice|100\/100\n|-ability|p2a: Calyrex|As One\n|-ability|p2a: Calyrex|Unnerve\n|move|p1a: Basculegion|Wave Crash|p2a: Calyrex\n|-damage|p2a: Calyrex|47\/100\n|-damage|p1a: Basculegion|82\/100|[from] Recoil\n|\n|-weather|RainDance|[upkeep]\n|upkeep\n|turn|8\n|\n|t:|1698699835\n|switch|p2a: Miraidon|Miraidon|100\/100\n|-fieldstart|move: Electric Terrain|[from] ability: Hadron Engine|[of] p2a: Miraidon\n|move|p1a: Basculegion|Wave Crash|p2a: Miraidon\n|-resisted|p2a: Miraidon\n|-damage|p2a: Miraidon|55\/100\n|-damage|p1a: Basculegion|68\/100|[from] Recoil\n|\n|-weather|none\n|upkeep\n|turn|9\n|\n|t:|1698699849\n|switch|p1a: Arceus|Arceus|100\/100\n|-damage|p1a: Arceus|88\/100|[from] Stealth Rock\n|move|p2a: Miraidon|Dragon Pulse|p1a: Arceus\n|-damage|p1a: Arceus|46\/100\n|\n|upkeep\n|turn|10\n|\n|t:|1698699856\n|move|p1a: Arceus|Extreme Speed|p2a: Miraidon\n|-damage|p2a: Miraidon|5\/100\n|move|p2a: Miraidon|Electro Drift|p1a: Arceus\n|-damage|p1a: Arceus|0 fnt\n|faint|p1a: Arceus\n|\n|upkeep\n|\n|t:|1698699864\n|switch|p1a: Koraidon|Koraidon|100\/100\n|-damage|p1a: Koraidon|94\/100|[from] Stealth Rock\n|-weather|SunnyDay|[from] ability: Orichalcum Pulse|[of] p1a: Koraidon\n|-activate|p1a: Koraidon|Orichalcum Pulse|[source]\n|turn|11\n|\n|t:|1698699870\n|move|p2a: Miraidon|Protect|p2a: Miraidon\n|-singleturn|p2a: Miraidon|Protect\n|move|p1a: Koraidon|Collision Course|p2a: Miraidon\n|-activate|p2a: Miraidon|move: Protect\n|\n|-weather|SunnyDay|[upkeep]\n|upkeep\n|turn|12\n|\n|t:|1698699880\n|switch|p1a: Kyogre|Kyogre|100\/100\n|-damage|p1a: Kyogre|88\/100|[from] Stealth Rock\n|-weather|RainDance|[from] ability: Drizzle|[of] p1a: Kyogre\n|move|p2a: Miraidon|U-turn|p1a: Kyogre\n|-damage|p1a: Kyogre|75\/100\n|\n|t:|1698699889\n|switch|p2a: Blissey|Blissey, F|77\/100|[from] U-turn\n|\n|-weather|RainDance|[upkeep]\n|-fieldend|move: Electric Terrain\n|upkeep\n|turn|13\n|\n|t:|1698699897\n|switch|p1a: Basculegion|Basculegion, M, shiny|68\/100\n|-damage|p1a: Basculegion|56\/100|[from] Stealth Rock\n|switch|p2a: Miraidon|Miraidon|5\/100\n|-fieldstart|move: Electric Terrain|[from] ability: Hadron Engine|[of] p2a: Miraidon\n|\n|-weather|RainDance|[upkeep]\n|upkeep\n|turn|14\n|\n|t:|1698699907\n|move|p2a: Miraidon|Protect|p2a: Miraidon\n|-singleturn|p2a: Miraidon|Protect\n|move|p1a: Basculegion|Wave Crash|p2a: Miraidon\n|-activate|p2a: Miraidon|move: Protect\n|\n|-weather|RainDance|[upkeep]\n|upkeep\n|turn|15\n|\n|t:|1698699922\n|switch|p2a: Blissey|Blissey, F|77\/100\n|move|p1a: Basculegion|Wave Crash|p2a: Blissey\n|-crit|p2a: Blissey\n|-damage|p2a: Blissey|0 fnt\n|faint|p2a: Blissey\n|-damage|p1a: Basculegion|8\/100|[from] Recoil\n|\n|-weather|RainDance|[upkeep]\n|upkeep\n|\n|t:|1698699932\n|switch|p2a: Grimmsnarl|Grimmsnarl, M|100\/100\n|turn|16\n|\n|t:|1698699935\n|move|p2a: Grimmsnarl|Sucker Punch|p1a: Basculegion\n|-supereffective|p1a: Basculegion\n|-damage|p1a: Basculegion|0 fnt\n|faint|p1a: Basculegion\n|\n|-weather|none\n|upkeep\n|\n|t:|1698699940\n|switch|p1a: Koraidon|Koraidon|94\/100\n|-damage|p1a: Koraidon|88\/100|[from] Stealth Rock\n|-weather|SunnyDay|[from] ability: Orichalcum Pulse|[of] p1a: Koraidon\n|-activate|p1a: Koraidon|Orichalcum Pulse|[source]\n|turn|17\n|\n|t:|1698699951\n|move|p2a: Grimmsnarl|Parting Shot|p1a: Koraidon\n|-unboost|p1a: Koraidon|atk|1\n|-unboost|p1a: Koraidon|spa|1\n|\n|t:|1698699955\n|switch|p2a: Moltres|Moltres|73\/100|[from] Parting Shot\n|move|p1a: Koraidon|U-turn|p2a: Moltres\n|-resisted|p2a: Moltres\n|-damage|p2a: Moltres|69\/100\n|\n|t:|1698699961\n|switch|p1a: Kyogre|Kyogre|75\/100|[from] U-turn\n|-damage|p1a: Kyogre|63\/100|[from] Stealth Rock\n|-weather|RainDance|[from] ability: Drizzle|[of] p1a: Kyogre\n|\n|-weather|RainDance|[upkeep]\n|-fieldend|move: Electric Terrain\n|upkeep\n|turn|18\n|\n|t:|1698699975\n|switch|p2a: Calyrex|Calyrex-Ice|47\/100\n|-ability|p2a: Calyrex|As One\n|-ability|p2a: Calyrex|Unnerve\n|move|p1a: Kyogre|Origin Pulse|p2a: Calyrex\n|-damage|p2a: Calyrex|0 fnt\n|faint|p2a: Calyrex\n|\n|-weather|RainDance|[upkeep]\n|upkeep\n|\n|t:|1698699992\n|switch|p2a: Grimmsnarl|Grimmsnarl, M|100\/100\n|turn|19\n|\n|t:|1698699997\n|move|p1a: Kyogre|Origin Pulse|p2a: Grimmsnarl\n|-damage|p2a: Grimmsnarl|34\/100\n|move|p2a: Grimmsnarl|Spirit Break|p1a: Kyogre\n|-damage|p1a: Kyogre|31\/100\n|-unboost|p1a: Kyogre|spa|1\n|\n|-weather|RainDance|[upkeep]\n|upkeep\n|turn|20\n|\n|t:|1698700007\n|move|p2a: Grimmsnarl|Parting Shot|p1a: Kyogre\n|-unboost|p1a: Kyogre|atk|1\n|-unboost|p1a: Kyogre|spa|1\n|\n|t:|1698700017\n|switch|p2a: Miraidon|Miraidon|5\/100|[from] Parting Shot\n|-fieldstart|move: Electric Terrain|[from] ability: Hadron Engine|[of] p2a: Miraidon\n|move|p1a: Kyogre|Origin Pulse|p2a: Miraidon|[miss]\n|-miss|p1a: Kyogre|p2a: Miraidon\n|\n|-weather|RainDance|[upkeep]\n|upkeep\n|turn|21\n|\n|t:|1698700025\n|move|p2a: Miraidon|Protect|p2a: Miraidon\n|-singleturn|p2a: Miraidon|Protect\n|move|p1a: Kyogre|Origin Pulse|p2a: Miraidon\n|-activate|p2a: Miraidon|move: Protect\n|\n|-weather|none\n|upkeep\n|turn|22\n|\n|t:|1698700033\n|move|p1a: Kyogre|Origin Pulse|p2a: Miraidon\n|-resisted|p2a: Miraidon\n|-damage|p2a: Miraidon|0 fnt\n|faint|p2a: Miraidon\n|\n|upkeep\n|\n|t:|1698700039\n|switch|p2a: Grimmsnarl|Grimmsnarl, M|34\/100\n|turn|23\n|\n|t:|1698700042\n|switch|p1a: Koraidon|Koraidon|88\/100\n|-damage|p1a: Koraidon|82\/100|[from] Stealth Rock\n|-weather|SunnyDay|[from] ability: Orichalcum Pulse|[of] p1a: Koraidon\n|-activate|p1a: Koraidon|Orichalcum Pulse|[source]\n|move|p2a: Grimmsnarl|Spirit Break|p1a: Koraidon\n|-supereffective|p1a: Koraidon\n|-damage|p1a: Koraidon|0 fnt\n|faint|p1a: Koraidon\n|\n|-weather|SunnyDay|[upkeep]\n|upkeep\n|\n|t:|1698700053\n|switch|p1a: Kyogre|Kyogre|31\/100\n|-damage|p1a: Kyogre|19\/100|[from] Stealth Rock\n|-weather|RainDance|[from] ability: Drizzle|[of] p1a: Kyogre\n|turn|24\n|\n|t:|1698700072\n|-terastallize|p2a: Grimmsnarl|Dark\n|move|p2a: Grimmsnarl|Sucker Punch|p1a: Kyogre\n|-damage|p1a: Kyogre|0 fnt\n|faint|p1a: Kyogre\n|\n|-weather|RainDance|[upkeep]\n|-fieldend|move: Electric Terrain\n|upkeep\n|\n|t:|1698700077\n|switch|p1a: Calyrex|Calyrex-Shadow|100\/100\n|-ability|p1a: Calyrex|As One\n|-ability|p1a: Calyrex|Unnerve\n|-damage|p1a: Calyrex|88\/100|[from] Stealth Rock\n|turn|25\n|\n|t:|1698700085\n|-terastallize|p1a: Calyrex|Normal\n|move|p1a: Calyrex|Astral Barrage|p2a: Grimmsnarl\n|-resisted|p2a: Grimmsnarl\n|-damage|p2a: Grimmsnarl|7\/100\n|move|p2a: Grimmsnarl|Foul Play|p1a: Calyrex\n|-damage|p1a: Calyrex|51\/100\n|\n|-weather|RainDance|[upkeep]\n|upkeep\n|turn|26\n|\n|t:|1698700097\n|move|p2a: Grimmsnarl|Parting Shot|p1a: Calyrex\n|-unboost|p1a: Calyrex|atk|1\n|-unboost|p1a: Calyrex|spa|1\n|\n|t:|1698700101\n|switch|p2a: Moltres|Moltres|69\/100|[from] Parting Shot\n|move|p1a: Calyrex|Energy Ball|p2a: Moltres\n|-resisted|p2a: Moltres\n|-damage|p2a: Moltres|63\/100\n|\n|-weather|RainDance|[upkeep]\n|upkeep\n|turn|27\n|\n|t:|1698700120\n|move|p1a: Calyrex|Nasty Plot|p1a: Calyrex\n|-boost|p1a: Calyrex|spa|2\n|move|p2a: Moltres|U-turn|p1a: Calyrex\n|-damage|p1a: Calyrex|33\/100\n|\n|t:|1698700130\n|switch|p2a: Grimmsnarl|Grimmsnarl, M, tera:Dark|7\/100|[from] U-turn\n|\n|-weather|RainDance|[upkeep]\n|upkeep\n|turn|28\n|\n|t:|1698700137\n|move|p2a: Grimmsnarl|Sucker Punch|p1a: Calyrex\n|-damage|p1a: Calyrex|0 fnt\n|faint|p1a: Calyrex\n|\n|win|hoenn militian\n|raw|Ellippo's rating: 1632 &rarr; <strong>1619<\/strong><br \/>(-13 for losing)\n|raw|hoenn militian's rating: 1766 &rarr; <strong>1779<\/strong><br \/>(+13 for winning)\n|l|\u2606Ellippo\n","uploadtime":1698700165,"views":5,"p1id":"ellippo","p2id":"hoennmilitian","formatid":"gen9anythinggoes","rating":1619,"private":0,"password":""}