{"id":"gen9anythinggoes-1979069120","p1":"Sillly willy","p2":"HanzKrautsmann","format":"[Gen 9] Anything Goes","log":"|j|\u2606Sillly willy\n|j|\u2606HanzKrautsmann\n|t:|1698628205\n|gametype|singles\n|player|p1|Sillly willy|1|1128\n|player|p2|HanzKrautsmann|fisherman-gen4|1143\n|teamsize|p1|6\n|teamsize|p2|6\n|gen|9\n|tier|[Gen 9] Anything Goes\n|rated|\n|rule|HP Percentage Mod: HP is shown in percentages\n|rule|Endless Battle Clause: Forcing endless battles is banned\n|clearpoke\n|poke|p1|Cinderace, M|\n|poke|p1|Walking Wake|\n|poke|p1|Ogerpon-Hearthflame, F|\n|poke|p1|Garchomp, F|\n|poke|p1|Palkia|\n|poke|p1|Ditto|\n|poke|p2|Drifblim, F|\n|poke|p2|Clefable, M|\n|poke|p2|Calyrex-Shadow|\n|poke|p2|Shaymin-Sky|\n|poke|p2|Thundurus, M|\n|poke|p2|Espathra, F|\n|teampreview\n|\n|t:|1698628213\n|start\n|switch|p1a: Blue Slime of cool|Ditto, shiny|100\/100\n|switch|p2a: Espathra|Espathra, F, shiny|100\/100\n|-transform|p1a: Blue Slime of cool|p2a: Espathra|[from] ability: Imposter\n|turn|1\n|\n|t:|1698628222\n|move|p2a: Espathra|Substitute|p2a: Espathra\n|-start|p2a: Espathra|Substitute\n|-damage|p2a: Espathra|76\/100\n|move|p1a: Blue Slime of cool|Calm Mind|p1a: Blue Slime of cool\n|-boost|p1a: Blue Slime of cool|spa|1\n|-boost|p1a: Blue Slime of cool|spd|1\n|\n|-heal|p2a: Espathra|82\/100|[from] item: Leftovers\n|-ability|p2a: Espathra|Speed Boost|boost\n|-boost|p2a: Espathra|spe|1\n|-ability|p1a: Blue Slime of cool|Speed Boost|boost\n|-boost|p1a: Blue Slime of cool|spe|1\n|upkeep\n|turn|2\n|\n|t:|1698628235\n|move|p1a: Blue Slime of cool|Calm Mind|p1a: Blue Slime of cool\n|-boost|p1a: Blue Slime of cool|spa|1\n|-boost|p1a: Blue Slime of cool|spd|1\n|move|p2a: Espathra|Calm Mind|p2a: Espathra\n|-boost|p2a: Espathra|spa|1\n|-boost|p2a: Espathra|spd|1\n|\n|-heal|p2a: Espathra|88\/100|[from] item: Leftovers\n|-ability|p2a: Espathra|Speed Boost|boost\n|-boost|p2a: Espathra|spe|1\n|-ability|p1a: Blue Slime of cool|Speed Boost|boost\n|-boost|p1a: Blue Slime of cool|spe|1\n|upkeep\n|turn|3\n|\n|t:|1698628246\n|move|p1a: Blue Slime of cool|Calm Mind|p1a: Blue Slime of cool\n|-boost|p1a: Blue Slime of cool|spa|1\n|-boost|p1a: Blue Slime of cool|spd|1\n|move|p2a: Espathra|Calm Mind|p2a: Espathra\n|-boost|p2a: Espathra|spa|1\n|-boost|p2a: Espathra|spd|1\n|\n|-heal|p2a: Espathra|94\/100|[from] item: Leftovers\n|-ability|p1a: Blue Slime of cool|Speed Boost|boost\n|-boost|p1a: Blue Slime of cool|spe|1\n|-ability|p2a: Espathra|Speed Boost|boost\n|-boost|p2a: Espathra|spe|1\n|upkeep\n|turn|4\n|\n|t:|1698628256\n|move|p1a: Blue Slime of cool|Calm Mind|p1a: Blue Slime of cool\n|-boost|p1a: Blue Slime of cool|spa|1\n|-boost|p1a: Blue Slime of cool|spd|1\n|move|p2a: Espathra|Baton Pass|p2a: Espathra\n|\n|t:|1698628261\n|switch|p2a: Calyrex|Calyrex-Shadow|100\/100|[from] Baton Pass\n|-ability|p2a: Calyrex|As One\n|-ability|p2a: Calyrex|Unnerve\n|\n|-ability|p1a: Blue Slime of cool|Speed Boost|boost\n|-boost|p1a: Blue Slime of cool|spe|1\n|upkeep\n|turn|5\n|\n|t:|1698628274\n|move|p2a: Calyrex|Astral Barrage|p1a: Blue Slime of cool\n|-supereffective|p1a: Blue Slime of cool\n|-damage|p1a: Blue Slime of cool|0 fnt\n|faint|p1a: Blue Slime of cool\n|-ability|p2a: Calyrex|Grim Neigh|boost\n|-boost|p2a: Calyrex|spa|1\n|\n|upkeep\n|\n|t:|1698628284\n|switch|p1a: Salamence|Palkia|100\/100\n|-ability|p1a: Salamence|Pressure\n|turn|6\n|inactive|Battle timer is ON: inactive players will automatically lose when time's up. (requested by Sillly willy)\n|\n|t:|1698628308\n|move|p2a: Calyrex|Stored Power|p1a: Salamence\n|-damage|p1a: Salamence|0 fnt\n|faint|p1a: Salamence\n|-ability|p2a: Calyrex|Grim Neigh|boost\n|-boost|p2a: Calyrex|spa|1\n|\n|upkeep\n|\n|t:|1698628316\n|switch|p1a: Super sonic|Cinderace, M, shiny|100\/100\n|turn|7\n|\n|t:|1698628326\n|move|p2a: Calyrex|Stored Power|p1a: Super sonic\n|-damage|p1a: Super sonic|0 fnt\n|faint|p1a: Super sonic\n|-ability|p2a: Calyrex|Grim Neigh|boost\n|-boost|p2a: Calyrex|spa|1\n|\n|upkeep\n|c|\u2606HanzKrautsmann|gg\n|\n|t:|1698628332\n|switch|p1a: Bone Breaker|Ogerpon-Hearthflame, F|100\/100\n|-ability|p1a: Bone Breaker|Mold Breaker\n|turn|8\n|\n|t:|1698628338\n|move|p2a: Calyrex|Stored Power|p1a: Bone Breaker\n|-damage|p1a: Bone Breaker|0 fnt\n|faint|p1a: Bone Breaker\n|-ability|p2a: Calyrex|Grim Neigh|boost\n|-boost|p2a: Calyrex|spa|1\n|\n|upkeep\n|\n|t:|1698628345\n|switch|p1a: Walking Wake|Walking Wake|100\/100\n|turn|9\n|\n|t:|1698628355\n|-terastallize|p1a: Walking Wake|Water\n|move|p2a: Calyrex|Stored Power|p1a: Walking Wake\n|-damage|p1a: Walking Wake|0 fnt\n|faint|p1a: Walking Wake\n|-end|p1a: Walking Wake|Protosynthesis|[silent]\n|\n|upkeep\n|-message|Sillly willy forfeited.\n|\n|win|HanzKrautsmann\n|raw|Sillly willy's rating: 1128 &rarr; <strong>1104<\/strong><br \/>(-24 for losing)\n|raw|HanzKrautsmann's rating: 1143 &rarr; <strong>1167<\/strong><br \/>(+24 for winning)\n|l|\u2606Sillly willy\n","uploadtime":1698628367,"views":12,"p1id":"silllywilly","p2id":"hanzkrautsmann","formatid":"gen9anythinggoes","rating":1104,"private":0,"password":""}