{"id":"gen9anythinggoes-1987582338","p1":"yeahaightthen","p2":"MAT25MAT","format":"[Gen 9] Anything Goes","log":"|j|\u203dyeahaightthen\n|j|\u2606MAT25MAT\n|t:|1699615406\n|gametype|singles\n|player|p1|yeahaightthen|roxie|1287\n|player|p2|MAT25MAT|elesa|1501\n|teamsize|p1|6\n|teamsize|p2|6\n|gen|9\n|tier|[Gen 9] Anything Goes\n|rated|\n|rule|HP Percentage Mod: HP is shown in percentages\n|rule|Endless Battle Clause: Forcing endless battles is banned\n|clearpoke\n|poke|p1|Mimikyu, F|\n|poke|p1|Mimikyu, F|\n|poke|p1|Mimikyu, F|\n|poke|p1|Mimikyu, M|\n|poke|p1|Mimikyu, M|\n|poke|p1|Mimikyu, M|\n|poke|p2|Darkrai|\n|poke|p2|Zacian-*|\n|poke|p2|Miraidon|\n|poke|p2|Volbeat, M|\n|poke|p2|Kingambit, M|\n|poke|p2|Iron Valiant|\n|teampreview\n|inactive|Battle timer is ON: inactive players will automatically lose when time's up. (requested by yeahaightthen)\n|\n|t:|1699615412\n|start\n|switch|p1a: Mimikyu|Mimikyu, M|100\/100\n|switch|p2a: Volbeat|Volbeat, M|100\/100\n|turn|1\n|\n|t:|1699615415\n|move|p2a: Volbeat|Tail Glow|p2a: Volbeat\n|-boost|p2a: Volbeat|spa|3\n|move|p1a: Mimikyu|Curse|p2a: Volbeat\n|-start|p2a: Volbeat|Curse|[of] p1a: Mimikyu\n|-damage|p1a: Mimikyu|50\/100\n|\n|-heal|p1a: Mimikyu|57\/100|[from] item: Leftovers\n|-damage|p2a: Volbeat|76\/100|[from] Curse\n|upkeep\n|turn|2\n|\n|t:|1699615421\n|move|p2a: Volbeat|Encore|p1a: Mimikyu\n|-start|p1a: Mimikyu|Encore\n|move|p1a: Mimikyu|Curse||[still]\n|-fail|p1a: Mimikyu\n|\n|-heal|p1a: Mimikyu|63\/100|[from] item: Leftovers\n|-damage|p2a: Volbeat|51\/100|[from] Curse\n|upkeep\n|turn|3\n|\n|t:|1699615429\n|switch|p1a: Mimikyu|Mimikyu, M|100\/100\n|move|p2a: Volbeat|Substitute|p2a: Volbeat\n|-start|p2a: Volbeat|Substitute\n|-damage|p2a: Volbeat|26\/100\n|\n|-damage|p2a: Volbeat|1\/100|[from] Curse\n|upkeep\n|turn|4\n|\n|t:|1699615435\n|move|p2a: Volbeat|Baton Pass|p2a: Volbeat\n|\n|t:|1699615448\n|switch|p2a: Miraidon|Miraidon|100\/100|[from] Baton Pass\n|-fieldstart|move: Electric Terrain|[from] ability: Hadron Engine|[of] p2a: Miraidon\n|move|p1a: Mimikyu|Trailblaze|p2a: Miraidon\n|-resisted|p2a: Miraidon\n|-activate|p2a: Miraidon|move: Substitute|[damage]\n|-boost|p1a: Mimikyu|spe|1\n|\n|-damage|p2a: Miraidon|76\/100|[from] Curse\n|upkeep\n|turn|5\n|\n|t:|1699615454\n|move|p1a: Mimikyu|Drain Punch|p2a: Miraidon\n|-end|p2a: Miraidon|Substitute\n|move|p2a: Miraidon|Shock Wave|p1a: Mimikyu\n|-activate|p1a: Mimikyu|ability: Disguise\n|-damage|p1a: Mimikyu|100\/100\n|detailschange|p1a: Mimikyu|Mimikyu-Busted, M\n|-damage|p1a: Mimikyu|88\/100|[from] pokemon: Mimikyu-Busted\n|\n|-heal|p2a: Miraidon|82\/100|[from] item: Leftovers\n|-damage|p2a: Miraidon|57\/100|[from] Curse\n|upkeep\n|turn|6\n|\n|t:|1699615457\n|move|p1a: Mimikyu|Drain Punch|p2a: Miraidon\n|-damage|p2a: Miraidon|37\/100\n|-heal|p1a: Mimikyu|100\/100|[from] drain|[of] p2a: Miraidon\n|move|p2a: Miraidon|Shock Wave|p1a: Mimikyu\n|-damage|p1a: Mimikyu|0 fnt\n|faint|p1a: Mimikyu\n|\n|-heal|p2a: Miraidon|43\/100|[from] item: Leftovers\n|-damage|p2a: Miraidon|18\/100|[from] Curse\n|upkeep\n|\n|t:|1699615461\n|switch|p1a: Mimikyu|Mimikyu, M|63\/100\n|turn|7\n|\n|t:|1699615464\n|move|p2a: Miraidon|Shock Wave|p1a: Mimikyu\n|-activate|p1a: Mimikyu|ability: Disguise\n|-damage|p1a: Mimikyu|63\/100\n|detailschange|p1a: Mimikyu|Mimikyu-Busted, M\n|-damage|p1a: Mimikyu|50\/100|[from] pokemon: Mimikyu-Busted\n|move|p1a: Mimikyu|Double Team|p1a: Mimikyu\n|-boost|p1a: Mimikyu|evasion|1\n|\n|-heal|p2a: Miraidon|24\/100|[from] item: Leftovers\n|-heal|p1a: Mimikyu|56\/100|[from] item: Leftovers\n|-damage|p2a: Miraidon|0 fnt|[from] Curse\n|faint|p2a: Miraidon\n|upkeep\n|\n|t:|1699615475\n|switch|p2a: Volbeat|Volbeat, M|1\/100\n|turn|8\n|\n|t:|1699615487\n|switch|p2a: Zacian|Zacian-Crowned|100\/100\n|-ability|p2a: Zacian|Intrepid Sword|boost\n|-boost|p2a: Zacian|atk|1\n|move|p1a: Mimikyu|Curse|p2a: Zacian\n|-start|p2a: Zacian|Curse|[of] p1a: Mimikyu\n|-damage|p1a: Mimikyu|6\/100\n|\n|-heal|p1a: Mimikyu|12\/100|[from] item: Leftovers\n|-damage|p2a: Zacian|76\/100|[from] Curse\n|-fieldend|move: Electric Terrain\n|upkeep\n|turn|9\n|\n|t:|1699615490\n|move|p2a: Zacian|Behemoth Blade|p1a: Mimikyu|[miss]\n|-miss|p2a: Zacian|p1a: Mimikyu\n|move|p1a: Mimikyu|Phantom Force||[still]\n|-prepare|p1a: Mimikyu|Phantom Force\n|\n|-heal|p1a: Mimikyu|18\/100|[from] item: Leftovers\n|-damage|p2a: Zacian|51\/100|[from] Curse\n|upkeep\n|turn|10\n|\n|t:|1699615493\n|move|p2a: Zacian|Behemoth Blade|p1a: Mimikyu|[miss]\n|-miss|p2a: Zacian|p1a: Mimikyu\n|move|p1a: Mimikyu|Phantom Force|p2a: Zacian|[from]lockedmove\n|-damage|p2a: Zacian|24\/100\n|\n|-heal|p1a: Mimikyu|24\/100|[from] item: Leftovers\n|-damage|p2a: Zacian|0 fnt|[from] Curse\n|faint|p2a: Zacian\n|upkeep\n|-message|MAT25MAT forfeited.\n|\n|win|yeahaightthen\n|raw|yeahaightthen's rating: 1287 &rarr; <strong>1326<\/strong><br \/>(+39 for winning)\n|raw|MAT25MAT's rating: 1501 &rarr; <strong>1470<\/strong><br \/>(-31 for losing)\n|l|\u2606MAT25MAT\n","uploadtime":1699615504,"views":5,"p1id":"yeahaightthen","p2id":"mat25mat","formatid":"gen9anythinggoes","rating":1326,"private":0,"password":""}