{"id":"gen9anythinggoes-1997027822","p1":"yuiptial","p2":"Koibitio","format":"[Gen 9] Anything Goes","log":"|j|\u2606yuiptial\n|j|\u203dKoibitio\n|t:|1700757198\n|gametype|singles\n|player|p1|yuiptial|aromalady|1328\n|player|p2|Koibitio|buck|1495\n|teamsize|p1|6\n|teamsize|p2|6\n|gen|9\n|tier|[Gen 9] Anything Goes\n|rated|\n|rule|HP Percentage Mod: HP is shown in percentages\n|rule|Endless Battle Clause: Forcing endless battles is banned\n|clearpoke\n|poke|p1|Zacian-*|\n|poke|p1|Glimmora, M|\n|poke|p1|Kyogre|\n|poke|p1|Koraidon|\n|poke|p1|Miraidon|\n|poke|p1|Muk-Alola, F|\n|poke|p2|Koraidon|\n|poke|p2|Flutter Mane|\n|poke|p2|Torkoal, M|\n|poke|p2|Chi-Yu|\n|poke|p2|Lilligant-Hisui, F|\n|poke|p2|Maushold-Four|\n|teampreview\n|inactive|Battle timer is ON: inactive players will automatically lose when time's up. (requested by Koibitio)\n|\n|t:|1700757220\n|start\n|switch|p1a: Glimmora|Glimmora, M|100\/100\n|switch|p2a: Torkoal|Torkoal, M, shiny|100\/100\n|-weather|SunnyDay|[from] ability: Drought|[of] p2a: Torkoal\n|turn|1\n|\n|t:|1700757231\n|move|p1a: Glimmora|Toxic Spikes|p2a: Torkoal\n|-sidestart|p2: Koibitio|move: Toxic Spikes\n|move|p2a: Torkoal|Yawn|p1a: Glimmora\n|-start|p1a: Glimmora|move: Yawn|[of] p2a: Torkoal\n|\n|-weather|SunnyDay|[upkeep]\n|upkeep\n|turn|2\n|\n|t:|1700757238\n|switch|p1a: Muk|Muk-Alola, F|100\/100\n|move|p2a: Torkoal|Rapid Spin|p1a: Muk\n|-damage|p1a: Muk|89\/100\n|-boost|p2a: Torkoal|spe|1\n|-sideend|p2: Koibitio|Toxic Spikes|[from] move: Rapid Spin|[of] p2a: Torkoal\n|\n|-weather|SunnyDay|[upkeep]\n|upkeep\n|turn|3\n|\n|t:|1700757249\n|switch|p1a: Kyogre|Kyogre|100\/100\n|-weather|RainDance|[from] ability: Drizzle|[of] p1a: Kyogre\n|move|p2a: Torkoal|Yawn|p1a: Kyogre\n|-start|p1a: Kyogre|move: Yawn|[of] p2a: Torkoal\n|\n|-weather|RainDance|[upkeep]\n|upkeep\n|turn|4\n|\n|t:|1700757256\n|switch|p1a: Koraidon|Koraidon|100\/100\n|-weather|SunnyDay|[from] ability: Orichalcum Pulse|[of] p1a: Koraidon\n|-activate|p1a: Koraidon|Orichalcum Pulse|[source]\n|switch|p2a: Koraidon|Koraidon|100\/100\n|-activate|p2a: Koraidon|ability: Orichalcum Pulse\n|\n|-weather|SunnyDay|[upkeep]\n|upkeep\n|turn|5\n|\n|t:|1700757271\n|switch|p2a: Flutter Mane|Flutter Mane|100\/100\n|-activate|p2a: Flutter Mane|ability: Protosynthesis\n|-start|p2a: Flutter Mane|protosynthesisspe\n|-terastallize|p1a: Koraidon|Fairy\n|move|p1a: Koraidon|Collision Course|p2a: Flutter Mane\n|-immune|p2a: Flutter Mane\n|\n|-weather|SunnyDay|[upkeep]\n|upkeep\n|turn|6\n|c|\u2606yuiptial|mther trucker\n|\n|t:|1700757291\n|switch|p1a: Glimmora|Glimmora, M|100\/100\n|move|p2a: Flutter Mane|Shadow Ball|p1a: Glimmora\n|-damage|p1a: Glimmora|36\/100\n|-unboost|p1a: Glimmora|spd|1\n|\n|-weather|SunnyDay|[upkeep]\n|-heal|p1a: Glimmora|42\/100|[from] item: Leftovers\n|upkeep\n|turn|7\n|\n|t:|1700757301\n|move|p2a: Flutter Mane|Shadow Ball|p1a: Glimmora\n|-damage|p1a: Glimmora|0 fnt\n|faint|p1a: Glimmora\n|\n|-weather|SunnyDay|[upkeep]\n|upkeep\n|\n|t:|1700757308\n|switch|p1a: Kyogre|Kyogre|100\/100\n|-weather|RainDance|[from] ability: Drizzle|[of] p1a: Kyogre\n|-end|p2a: Flutter Mane|Protosynthesis\n|turn|8\n|\n|t:|1700757314\n|-end|p2a: Flutter Mane|Protosynthesis|[silent]\n|switch|p2a: Koraidon|Koraidon|100\/100\n|-weather|SunnyDay|[from] ability: Orichalcum Pulse|[of] p2a: Koraidon\n|-activate|p2a: Koraidon|Orichalcum Pulse|[source]\n|move|p1a: Kyogre|Water Spout|p2a: Koraidon\n|-resisted|p2a: Koraidon\n|-damage|p2a: Koraidon|80\/100\n|\n|-weather|SunnyDay|[upkeep]\n|upkeep\n|turn|9\n|\n|t:|1700757330\n|switch|p1a: Muk|Muk-Alola, F|89\/100\n|move|p2a: Koraidon|Flame Charge|p1a: Muk\n|-damage|p1a: Muk|43\/100\n|-boost|p2a: Koraidon|spe|1\n|\n|-weather|SunnyDay|[upkeep]\n|upkeep\n|turn|10\n|\n|t:|1700757337\n|move|p2a: Koraidon|Collision Course|p1a: Muk\n|-damage|p1a: Muk|0 fnt\n|faint|p1a: Muk\n|\n|-weather|SunnyDay|[upkeep]\n|upkeep\n|\n|t:|1700757346\n|switch|p1a: Miraidon|Miraidon|100\/100\n|-fieldstart|move: Electric Terrain|[from] ability: Hadron Engine|[of] p1a: Miraidon\n|turn|11\n|\n|t:|1700757354\n|move|p2a: Koraidon|Dragon Claw|p1a: Miraidon\n|-supereffective|p1a: Miraidon\n|-damage|p1a: Miraidon|0 fnt\n|faint|p1a: Miraidon\n|\n|-weather|SunnyDay|[upkeep]\n|upkeep\n|\n|t:|1700757358\n|switch|p1a: Koraidon|Koraidon, tera:Fairy|100\/100\n|-activate|p1a: Koraidon|ability: Orichalcum Pulse\n|turn|12\n|\n|t:|1700757361\n|-terastallize|p2a: Koraidon|Steel\n|move|p2a: Koraidon|Iron Head|p1a: Koraidon\n|-supereffective|p1a: Koraidon\n|-damage|p1a: Koraidon|0 fnt\n|faint|p1a: Koraidon\n|\n|-weather|none\n|upkeep\n|c|\u2606yuiptial|ain gona lie  bro\n|c|\u2606yuiptial|wtf\n|\n|t:|1700757379\n|switch|p1a: Zacian|Zacian-Crowned|100\/100\n|-ability|p1a: Zacian|Intrepid Sword|boost\n|-boost|p1a: Zacian|atk|1\n|turn|13\n|\n|t:|1700757384\n|switch|p2a: Torkoal|Torkoal, M, shiny|100\/100\n|-weather|SunnyDay|[from] ability: Drought|[of] p2a: Torkoal\n|move|p1a: Zacian|Sacred Sword|p2a: Torkoal\n|-damage|p2a: Torkoal|70\/100\n|\n|-weather|SunnyDay|[upkeep]\n|upkeep\n|turn|14\n|c|\u2606yuiptial|OH YA\n|-message|yuiptial forfeited.\n|\n|win|Koibitio\n|raw|yuiptial's rating: 1328 &rarr; <strong>1317<\/strong><br \/>(-11 for losing)\n|raw|Koibitio's rating: 1495 &rarr; <strong>1506<\/strong><br \/>(+11 for winning)\n|l|\u2606yuiptial\n","uploadtime":1700757417,"views":0,"p1id":"yuiptial","p2id":"koibitio","formatid":"gen9anythinggoes","rating":1317,"private":0,"password":""}