{"id":"gen9anythinggoes-1991299529","p1":"poketrainer306","p2":"Luigi3641","format":"[Gen 9] Anything Goes","log":"|j|\u2606poketrainer306\n|j|\u2606Luigi3641\n|t:|1700065509\n|gametype|singles\n|player|p1|poketrainer306|170|1043\n|player|p2|Luigi3641|juggler|1093\n|teamsize|p1|6\n|teamsize|p2|6\n|gen|9\n|tier|[Gen 9] Anything Goes\n|rated|\n|rule|HP Percentage Mod: HP is shown in percentages\n|rule|Endless Battle Clause: Forcing endless battles is banned\n|clearpoke\n|poke|p1|Quagsire, M|\n|poke|p1|Greninja-*, F|\n|poke|p1|Gliscor, M|\n|poke|p1|Garchomp, F|\n|poke|p1|Cloyster, F|\n|poke|p1|Azumarill, F|\n|poke|p2|Dusclops, M|\n|poke|p2|Frogadier, M|\n|poke|p2|Diglett, F|\n|poke|p2|Gothorita, F|\n|poke|p2|Flittle, F|\n|poke|p2|Yanma, M|\n|teampreview\n|\n|t:|1700065516\n|start\n|switch|p1a: Quagsire|Quagsire, M|100\/100\n|switch|p2a: Dusclops|Dusclops, M|100\/100\n|-item|p1a: Quagsire|Assault Vest|[from] ability: Frisk|[of] p2a: Dusclops|[identify]\n|turn|1\n|c|\u2606Luigi3641|Glhf\n|\n|t:|1700065527\n|move|p1a: Quagsire|Earthquake|p2a: Dusclops\n|-damage|p2a: Dusclops|79\/100\n|move|p2a: Dusclops|Will-O-Wisp|p1a: Quagsire\n|-status|p1a: Quagsire|brn\n|\n|-damage|p1a: Quagsire|94\/100 brn|[from] brn\n|upkeep\n|turn|2\n|\n|t:|1700065539\n|switch|p2a: Diglett|Diglett, F|100\/100\n|move|p1a: Quagsire|Ice Punch|p2a: Diglett\n|-supereffective|p2a: Diglett\n|-enditem|p2a: Diglett|Focus Sash\n|-damage|p2a: Diglett|1\/100\n|\n|-damage|p1a: Quagsire|88\/100 brn|[from] brn\n|upkeep\n|turn|3\n|\n|t:|1700065550\n|move|p2a: Diglett|Memento|p1a: Quagsire\n|-unboost|p1a: Quagsire|atk|2\n|-unboost|p1a: Quagsire|spa|2\n|faint|p2a: Diglett\n|move|p1a: Quagsire|Aqua Tail|p2: Diglett|[notarget]\n|-fail|p1a: Quagsire\n|\n|-damage|p1a: Quagsire|82\/100 brn|[from] brn\n|upkeep\n|\n|t:|1700065565\n|switch|p2a: Flittle|Flittle, F|100\/100\n|turn|4\n|\n|t:|1700065574\n|-terastallize|p1a: Quagsire|Water\n|move|p2a: Flittle|Calm Mind|p2a: Flittle\n|-boost|p2a: Flittle|spa|1\n|-boost|p2a: Flittle|spd|1\n|move|p1a: Quagsire|Body Slam|p2a: Flittle\n|-damage|p2a: Flittle|82\/100\n|\n|-damage|p1a: Quagsire|76\/100 brn|[from] brn\n|-ability|p2a: Flittle|Speed Boost|boost\n|-boost|p2a: Flittle|spe|1\n|upkeep\n|turn|5\n|\n|t:|1700065586\n|move|p2a: Flittle|Calm Mind|p2a: Flittle\n|-boost|p2a: Flittle|spa|1\n|-boost|p2a: Flittle|spd|1\n|move|p1a: Quagsire|Body Slam|p2a: Flittle\n|-damage|p2a: Flittle|63\/100\n|\n|-damage|p1a: Quagsire|70\/100 brn|[from] brn\n|-ability|p2a: Flittle|Speed Boost|boost\n|-boost|p2a: Flittle|spe|1\n|upkeep\n|turn|6\n|\n|t:|1700065595\n|move|p2a: Flittle|Calm Mind|p2a: Flittle\n|-boost|p2a: Flittle|spa|1\n|-boost|p2a: Flittle|spd|1\n|move|p1a: Quagsire|Body Slam|p2a: Flittle\n|-damage|p2a: Flittle|42\/100\n|\n|-damage|p1a: Quagsire|64\/100 brn|[from] brn\n|-ability|p2a: Flittle|Speed Boost|boost\n|-boost|p2a: Flittle|spe|1\n|upkeep\n|turn|7\n|\n|t:|1700065603\n|move|p2a: Flittle|Psyshock|p1a: Quagsire\n|-damage|p1a: Quagsire|42\/100 brn\n|move|p1a: Quagsire|Body Slam|p2a: Flittle\n|-damage|p2a: Flittle|23\/100\n|\n|-damage|p1a: Quagsire|36\/100 brn|[from] brn\n|-ability|p2a: Flittle|Speed Boost|boost\n|-boost|p2a: Flittle|spe|1\n|upkeep\n|turn|8\n|\n|t:|1700065615\n|move|p2a: Flittle|Baton Pass|p2a: Flittle\n|\n|t:|1700065624\n|switch|p2a: Yanma|Yanma, M|100\/100|[from] Baton Pass\n|move|p1a: Quagsire|Aqua Tail|p2a: Yanma\n|-damage|p2a: Yanma|76\/100\n|\n|-damage|p1a: Quagsire|30\/100 brn|[from] brn\n|upkeep\n|turn|9\n|\n|t:|1700065632\n|move|p2a: Yanma|Air Slash|p1a: Quagsire\n|-damage|p1a: Quagsire|10\/100 brn\n|move|p1a: Quagsire|Ice Punch|p2a: Yanma\n|-supereffective|p2a: Yanma\n|-damage|p2a: Yanma|55\/100\n|\n|-damage|p1a: Quagsire|4\/100 brn|[from] brn\n|upkeep\n|turn|10\n|\n|t:|1700065639\n|move|p2a: Yanma|Air Slash|p1a: Quagsire\n|-damage|p1a: Quagsire|0 fnt\n|faint|p1a: Quagsire\n|\n|upkeep\n|\n|t:|1700065652\n|switch|p1a: Cloyster|Cloyster, F|100\/100\n|turn|11\n|\n|t:|1700065661\n|-terastallize|p2a: Yanma|Bug\n|move|p2a: Yanma|Ancient Power|p1a: Cloyster\n|-supereffective|p1a: Cloyster\n|-damage|p1a: Cloyster|5\/100\n|-boost|p2a: Yanma|atk|1\n|-boost|p2a: Yanma|def|1\n|-boost|p2a: Yanma|spa|1\n|-boost|p2a: Yanma|spd|1\n|-boost|p2a: Yanma|spe|1\n|move|p1a: Cloyster|Icicle Spear|p2a: Yanma\n|-crit|p2a: Yanma\n|-damage|p2a: Yanma|25\/100\n|-damage|p2a: Yanma|12\/100\n|-damage|p2a: Yanma|0 fnt\n|faint|p2a: Yanma\n|-hitcount|p2: Yanma|3\n|\n|upkeep\n|\n|t:|1700065678\n|switch|p2a: Frogadier|Frogadier, M|100\/100\n|turn|12\n|\n|t:|1700065783\n|move|p2a: Frogadier|Ice Beam|p1a: Cloyster\n|-start|p2a: Frogadier|typechange|Ice|[from] ability: Protean\n|-resisted|p1a: Cloyster\n|-damage|p1a: Cloyster|0 fnt\n|faint|p1a: Cloyster\n|\n|upkeep\n|\n|t:|1700065789\n|switch|p1a: Greninja|Greninja, F|100\/100\n|turn|13\n|\n|t:|1700065794\n|switch|p2a: Flittle|Flittle, F|23\/100\n|move|p1a: Greninja|Brick Break|p2a: Flittle\n|-start|p1a: Greninja|typechange|Fighting|[from] ability: Protean\n|-resisted|p2a: Flittle\n|-damage|p2a: Flittle|0 fnt\n|faint|p2a: Flittle\n|\n|upkeep\n|\n|t:|1700065803\n|switch|p2a: Dusclops|Dusclops, M|79\/100\n|-item|p1a: Greninja|Expert Belt|[from] ability: Frisk|[of] p2a: Dusclops|[identify]\n|turn|14\n|\n|t:|1700065808\n|move|p1a: Greninja|Shadow Sneak|p2a: Dusclops\n|-supereffective|p2a: Dusclops\n|-damage|p2a: Dusclops|67\/100\n|move|p2a: Dusclops|Will-O-Wisp|p1a: Greninja\n|-status|p1a: Greninja|brn\n|\n|-damage|p1a: Greninja|95\/100 brn|[from] brn\n|upkeep\n|turn|15\n|\n|t:|1700065824\n|switch|p2a: Gothorita|Gothorita, F|100\/100\n|move|p1a: Greninja|Ice Punch|p2a: Gothorita\n|-damage|p2a: Gothorita|94\/100\n|\n|-damage|p1a: Greninja|89\/100 brn|[from] brn\n|upkeep\n|turn|16\n|\n|t:|1700065831\n|move|p1a: Greninja|Shadow Sneak|p2a: Gothorita\n|-supereffective|p2a: Gothorita\n|-damage|p2a: Gothorita|85\/100\n|move|p2a: Gothorita|Calm Mind|p2a: Gothorita\n|-boost|p2a: Gothorita|spa|1\n|-boost|p2a: Gothorita|spd|1\n|\n|-damage|p1a: Greninja|83\/100 brn|[from] brn\n|upkeep\n|turn|17\n|\n|t:|1700065849\n|move|p1a: Greninja|Shadow Sneak|p2a: Gothorita\n|-supereffective|p2a: Gothorita\n|-damage|p2a: Gothorita|76\/100\n|move|p2a: Gothorita|Calm Mind|p2a: Gothorita\n|-boost|p2a: Gothorita|spa|1\n|-boost|p2a: Gothorita|spd|1\n|\n|-damage|p1a: Greninja|77\/100 brn|[from] brn\n|upkeep\n|turn|18\n|\n|t:|1700065859\n|move|p1a: Greninja|Ice Punch|p2a: Gothorita\n|-damage|p2a: Gothorita|68\/100\n|move|p2a: Gothorita|Calm Mind|p2a: Gothorita\n|-boost|p2a: Gothorita|spa|1\n|-boost|p2a: Gothorita|spd|1\n|\n|-damage|p1a: Greninja|71\/100 brn|[from] brn\n|upkeep\n|turn|19\n|\n|t:|1700065870\n|move|p1a: Greninja|Ice Punch|p2a: Gothorita\n|-damage|p2a: Gothorita|61\/100\n|move|p2a: Gothorita|Calm Mind|p2a: Gothorita\n|-boost|p2a: Gothorita|spa|1\n|-boost|p2a: Gothorita|spd|1\n|\n|-damage|p1a: Greninja|65\/100 brn|[from] brn\n|upkeep\n|turn|20\n|\n|t:|1700065877\n|move|p1a: Greninja|Ice Punch|p2a: Gothorita\n|-crit|p2a: Gothorita\n|-damage|p2a: Gothorita|50\/100\n|move|p2a: Gothorita|Stored Power|p1a: Greninja\n|-supereffective|p1a: Greninja\n|-damage|p1a: Greninja|0 fnt\n|faint|p1a: Greninja\n|\n|upkeep\n|\n|t:|1700065885\n|switch|p1a: Azumarill|Azumarill, F|100\/100\n|turn|21\n|\n|t:|1700065890\n|move|p2a: Gothorita|Stored Power|p1a: Azumarill\n|-damage|p1a: Azumarill|0 fnt\n|faint|p1a: Azumarill\n|\n|upkeep\n|\n|t:|1700065895\n|switch|p1a: Garchomp|Garchomp, F|100\/100\n|turn|22\n|\n|t:|1700065899\n|move|p1a: Garchomp|Crunch|p2a: Gothorita\n|-supereffective|p2a: Gothorita\n|-damage|p2a: Gothorita|0 fnt\n|faint|p2a: Gothorita\n|\n|upkeep\n|\n|t:|1700065905\n|switch|p2a: Dusclops|Dusclops, M|67\/100\n|-item|p1a: Garchomp|Rocky Helmet|[from] ability: Frisk|[of] p2a: Dusclops|[identify]\n|turn|23\n|\n|t:|1700065911\n|move|p1a: Garchomp|Facade|p2a: Dusclops\n|-immune|p2a: Dusclops\n|move|p2a: Dusclops|Will-O-Wisp|p1a: Garchomp\n|-status|p1a: Garchomp|brn\n|\n|-damage|p1a: Garchomp|94\/100 brn|[from] brn\n|upkeep\n|turn|24\n|\n|t:|1700065921\n|move|p1a: Garchomp|Crunch|p2a: Dusclops\n|-supereffective|p2a: Dusclops\n|-damage|p2a: Dusclops|48\/100\n|move|p2a: Dusclops|Body Slam|p1a: Garchomp\n|-damage|p1a: Garchomp|81\/100 brn\n|-damage|p2a: Dusclops|36\/100|[from] ability: Rough Skin|[of] p1a: Garchomp\n|-damage|p2a: Dusclops|20\/100|[from] item: Rocky Helmet|[of] p1a: Garchomp\n|\n|-damage|p1a: Garchomp|75\/100 brn|[from] brn\n|upkeep\n|turn|25\n|\n|t:|1700065931\n|move|p1a: Garchomp|Crunch|p2a: Dusclops\n|-supereffective|p2a: Dusclops\n|-damage|p2a: Dusclops|0 fnt\n|faint|p2a: Dusclops\n|\n|-damage|p1a: Garchomp|69\/100 brn|[from] brn\n|upkeep\n|\n|t:|1700065932\n|switch|p2a: Frogadier|Frogadier, M|100\/100\n|turn|26\n|\n|t:|1700065938\n|move|p2a: Frogadier|Ice Beam|p1a: Garchomp\n|-start|p2a: Frogadier|typechange|Ice|[from] ability: Protean\n|-supereffective|p1a: Garchomp\n|-damage|p1a: Garchomp|0 fnt\n|faint|p1a: Garchomp\n|\n|upkeep\n|\n|t:|1700065943\n|switch|p1a: Gliscor|Gliscor, M|100\/100\n|turn|27\n|\n|t:|1700065947\n|move|p2a: Frogadier|Ice Beam|p1a: Gliscor\n|-supereffective|p1a: Gliscor\n|-damage|p1a: Gliscor|0 fnt\n|faint|p1a: Gliscor\n|\n|win|Luigi3641\n|raw|poketrainer306's rating: 1043 &rarr; <strong>1029<\/strong><br \/>(-14 for losing)\n|raw|Luigi3641's rating: 1093 &rarr; <strong>1115<\/strong><br \/>(+22 for winning)\n|c|\u2606Luigi3641|gg\n|c|\u2606poketrainer306|gg\n","uploadtime":1700065963,"views":9,"p1id":"poketrainer306","p2id":"luigi3641","formatid":"gen9anythinggoes","rating":1029,"private":0,"password":""}