{"id":"gen9anythinggoes-1993280499","p1":"elai123","p2":"Very_epikname1987","format":"[Gen 9] Anything Goes","log":"|j|\u2606elai123\n|j|\u2606Very_epikname1987\n|t:|1700289430\n|gametype|singles\n|player|p1|elai123|hilbert-wonderlauncher|\n|player|p2|Very_epikname1987|will|\n|teamsize|p1|6\n|teamsize|p2|6\n|gen|9\n|tier|[Gen 9] Anything Goes\n|rule|HP Percentage Mod: HP is shown in percentages\n|rule|Endless Battle Clause: Forcing endless battles is banned\n|clearpoke\n|poke|p1|Calyrex-Shadow|\n|poke|p1|Cloyster, F|\n|poke|p1|Darkrai|\n|poke|p1|Miraidon|\n|poke|p1|Ursaluna-Bloodmoon, M|\n|poke|p1|Basculegion-F, F|\n|poke|p2|Ogerpon-Hearthflame, F|\n|poke|p2|Ogerpon, F|\n|poke|p2|Ogerpon-Cornerstone, F|\n|poke|p2|Ogerpon-Wellspring, F|\n|poke|p2|Calyrex-Shadow|\n|poke|p2|Brambleghast, F|\n|teampreview\n|\n|t:|1700289436\n|start\n|switch|p1a: Cloyster|Cloyster, F|100\/100\n|switch|p2a: Brambler|Brambleghast, F|100\/100\n|turn|1\n|\n|t:|1700289442\n|move|p1a: Cloyster|Substitute|p1a: Cloyster\n|-start|p1a: Cloyster|Substitute\n|-damage|p1a: Cloyster|76\/100\n|move|p2a: Brambler|Curse|p1a: Cloyster\n|-start|p1a: Cloyster|Curse|[of] p2a: Brambler\n|-damage|p2a: Brambler|50\/100\n|\n|-damage|p1a: Cloyster|51\/100|[from] Curse\n|upkeep\n|turn|2\n|\n|t:|1700289451\n|move|p1a: Cloyster|Shell Smash|p1a: Cloyster\n|-unboost|p1a: Cloyster|def|1\n|-unboost|p1a: Cloyster|spd|1\n|-boost|p1a: Cloyster|atk|2\n|-boost|p1a: Cloyster|spa|2\n|-boost|p1a: Cloyster|spe|2\n|move|p2a: Brambler|Leech Seed||[still]\n|-fail|p2a: Brambler\n|\n|-damage|p1a: Cloyster|26\/100|[from] Curse\n|upkeep\n|turn|3\n|\n|t:|1700289461\n|move|p1a: Cloyster|Icicle Spear|p2a: Brambler\n|-supereffective|p2a: Brambler\n|-damage|p2a: Brambler|0 fnt\n|faint|p2a: Brambler\n|-hitcount|p2: Brambler|1\n|\n|-damage|p1a: Cloyster|1\/100|[from] Curse\n|upkeep\n|\n|t:|1700289469\n|switch|p2a: Thwompon|Ogerpon-Cornerstone, F|100\/100\n|turn|4\n|\n|t:|1700289474\n|move|p1a: Cloyster|Icicle Spear|p2a: Thwompon\n|-supereffective|p2a: Thwompon\n|-damage|p2a: Thwompon|40\/100\n|-supereffective|p2a: Thwompon\n|-damage|p2a: Thwompon|0 fnt\n|faint|p2a: Thwompon\n|-hitcount|p2: Thwompon|2\n|\n|-damage|p1a: Cloyster|0 fnt|[from] Curse\n|faint|p1a: Cloyster\n|upkeep\n|\n|t:|1700289484\n|switch|p2a: PonPon|Ogerpon, F|100\/100\n|switch|p1a: Miraidon|Miraidon|100\/100\n|-fieldstart|move: Electric Terrain|[from] ability: Hadron Engine|[of] p1a: Miraidon\n|turn|5\n|\n|t:|1700289493\n|move|p1a: Miraidon|Electro Drift|p2a: PonPon\n|-resisted|p2a: PonPon\n|-damage|p2a: PonPon|14\/100\n|move|p2a: PonPon|Grassy Terrain|p2a: PonPon\n|-fieldstart|move: Grassy Terrain\n|-enditem|p2a: PonPon|Grassy Seed\n|-boost|p2a: PonPon|def|1|[from] item: Grassy Seed\n|\n|-heal|p2a: PonPon|20\/100|[from] Grassy Terrain\n|upkeep\n|turn|6\n|\n|t:|1700289502\n|move|p2a: PonPon|Protect|p2a: PonPon\n|-singleturn|p2a: PonPon|Protect\n|move|p1a: Miraidon|Electro Drift|p2a: PonPon\n|-activate|p2a: PonPon|move: Protect\n|\n|-heal|p2a: PonPon|26\/100|[from] Grassy Terrain\n|upkeep\n|turn|7\n|c|\u2606elai123|never mess with papa\n|\n|t:|1700289517\n|move|p1a: Miraidon|Electro Drift|p2a: PonPon\n|-resisted|p2a: PonPon\n|-damage|p2a: PonPon|0 fnt\n|faint|p2a: PonPon\n|\n|upkeep\n|\n|t:|1700289524\n|switch|p2a: Waterpon|Ogerpon-Wellspring, F|100\/100\n|turn|8\n|\n|t:|1700289529\n|move|p1a: Miraidon|Electro Drift|p2a: Waterpon\n|-crit|p2a: Waterpon\n|-damage|p2a: Waterpon|0 fnt\n|faint|p2a: Waterpon\n|\n|upkeep\n|\n|t:|1700289535\n|switch|p2a: Ponyo|Ogerpon-Hearthflame, F|100\/100\n|-ability|p2a: Ponyo|Mold Breaker\n|turn|9\n|\n|t:|1700289542\n|move|p1a: Miraidon|Electro Drift|p2a: Ponyo\n|-resisted|p2a: Ponyo\n|-damage|p2a: Ponyo|57\/100\n|move|p2a: Ponyo|Counter||[still]\n|-fail|p2a: Ponyo\n|\n|-heal|p2a: Ponyo|63\/100|[from] Grassy Terrain\n|-fieldend|move: Grassy Terrain\n|upkeep\n|turn|10\n|\n|t:|1700289554\n|move|p1a: Miraidon|Electro Drift|p2a: Ponyo\n|-resisted|p2a: Ponyo\n|-damage|p2a: Ponyo|22\/100\n|move|p2a: Ponyo|Rest|p2a: Ponyo\n|-status|p2a: Ponyo|slp|[from] move: Rest\n|-heal|p2a: Ponyo|100\/100 slp|[silent]\n|\n|upkeep\n|turn|11\n|\n|t:|1700289563\n|move|p1a: Miraidon|Electro Drift|p2a: Ponyo\n|-resisted|p2a: Ponyo\n|-damage|p2a: Ponyo|61\/100 slp\n|cant|p2a: Ponyo|slp\n|move|p2a: Ponyo|Sleep Talk|p2a: Ponyo\n|move|p2a: Ponyo|Rest||[from]move: Sleep Talk|[still]\n|-fail|p2a: Ponyo\n|\n|upkeep\n|turn|12\n|\n|t:|1700289573\n|move|p1a: Miraidon|Electro Drift|p2a: Ponyo\n|-resisted|p2a: Ponyo\n|-damage|p2a: Ponyo|18\/100 slp\n|cant|p2a: Ponyo|slp\n|move|p2a: Ponyo|Sleep Talk|p2a: Ponyo\n|move|p2a: Ponyo|Ivy Cudgel|p1a: Miraidon|[from]move: Sleep Talk|[anim] Ivy Cudgel Fire\n|-resisted|p1a: Miraidon\n|-crit|p1a: Miraidon\n|-damage|p1a: Miraidon|54\/100\n|\n|upkeep\n|turn|13\n|\n|t:|1700289585\n|-activate|p1a: Miraidon|move: Struggle\n|move|p1a: Miraidon|Struggle|p2a: Ponyo\n|-damage|p2a: Ponyo|5\/100 slp\n|-damage|p1a: Miraidon|29\/100|[from] recoil\n|-curestatus|p2a: Ponyo|slp|[msg]\n|move|p2a: Ponyo|Sleep Talk||[still]\n|-fail|p2a: Ponyo\n|\n|upkeep\n|turn|14\n|\n|t:|1700289593\n|-activate|p1a: Miraidon|move: Struggle\n|move|p1a: Miraidon|Struggle|p2a: Ponyo\n|-damage|p2a: Ponyo|0 fnt\n|faint|p2a: Ponyo\n|-damage|p1a: Miraidon|3\/100|[from] recoil\n|\n|upkeep\n|\n|t:|1700289599\n|switch|p2a: Death|Calyrex-Shadow|100\/100\n|-ability|p2a: Death|As One\n|-ability|p2a: Death|Unnerve\n|turn|15\n|\n|t:|1700289608\n|-activate|p1a: Miraidon|move: Struggle\n|move|p1a: Miraidon|Struggle|p2a: Death\n|-damage|p2a: Death|89\/100\n|-damage|p1a: Miraidon|0 fnt|[from] recoil\n|faint|p1a: Miraidon\n|move|p2a: Death|Calm Mind|p2a: Death\n|-boost|p2a: Death|spa|1\n|-boost|p2a: Death|spd|1\n|\n|upkeep\n|\n|t:|1700289615\n|switch|p1a: Ursaluna|Ursaluna-Bloodmoon, M|100\/100\n|turn|16\n|\n|t:|1700289618\n|move|p2a: Death|Astral Barrage|p1a: Ursaluna\n|-immune|p1a: Ursaluna\n|move|p1a: Ursaluna|Blood Moon|p2a: Death\n|-damage|p2a: Death|44\/100\n|\n|upkeep\n|turn|17\n|c|\u2606elai123|mhm\n|\n|t:|1700289631\n|move|p2a: Death|Disable|p1a: Ursaluna\n|-start|p1a: Ursaluna|Disable|Blood Moon\n|move|p1a: Ursaluna|Moonblast|p2a: Death\n|-damage|p2a: Death|22\/100\n|\n|upkeep\n|turn|18\n|c|\u2606elai123|MHM\n|\n|t:|1700289642\n|move|p2a: Death|Calm Mind|p2a: Death\n|-boost|p2a: Death|spa|1\n|-boost|p2a: Death|spd|1\n|move|p1a: Ursaluna|Moonblast|p2a: Death\n|-damage|p2a: Death|7\/100\n|-unboost|p2a: Death|spa|1\n|\n|upkeep\n|turn|19\n|c|\u2606elai123|GGGGGGGGGG\n|\n|t:|1700289656\n|-terastallize|p2a: Death|Psychic\n|move|p2a: Death|Disable||[still]\n|-fail|p2a: Death\n|move|p1a: Ursaluna|Moonblast|p2a: Death\n|-damage|p2a: Death|0 fnt\n|faint|p2a: Death\n|\n|win|elai123\n|c|\u2606Very_epikname1987|gg\n","uploadtime":1700289671,"views":3,"p1id":"elai123","p2id":"veryepikname1987","formatid":"gen9anythinggoes","rating":0,"private":0,"password":""}