{"id":"gen9anythinggoes-1988298313","p1":"Fred64303","p2":"Vphil","format":"[Gen 9] Anything Goes","log":"|j|\u2606Fred64303\n|j|\u2606Vphil\n|t:|1699704163\n|gametype|singles\n|player|p1|Fred64303|lucas|1147\n|player|p2|Vphil|169|1230\n|teamsize|p1|6\n|teamsize|p2|6\n|gen|9\n|tier|[Gen 9] Anything Goes\n|rated|\n|rule|HP Percentage Mod: HP is shown in percentages\n|rule|Endless Battle Clause: Forcing endless battles is banned\n|clearpoke\n|poke|p1|Talonflame, M|\n|poke|p1|Heracross, M|\n|poke|p1|Dragapult, F|\n|poke|p1|Scizor, M|\n|poke|p1|Empoleon, F|\n|poke|p1|Garchomp, M|\n|poke|p2|Primeape, F|\n|poke|p2|Tauros-Paldea-Aqua, M|\n|poke|p2|Tauros-Paldea-Blaze, M|\n|poke|p2|Camerupt, M|\n|poke|p2|Krookodile, F|\n|poke|p2|Crabominable, M|\n|teampreview\n|inactive|Battle timer is ON: inactive players will automatically lose when time's up. (requested by Fred64303)\n|\n|t:|1699704170\n|start\n|switch|p1a: Talonflame|Talonflame, M, shiny|100\/100\n|switch|p2a: Camerupt|Camerupt, M|100\/100\n|turn|1\n|\n|t:|1699704191\n|move|p1a: Talonflame|U-turn|p2a: Camerupt\n|-resisted|p2a: Camerupt\n|-damage|p2a: Camerupt|86\/100\n|-damage|p1a: Talonflame|84\/100|[from] item: Rocky Helmet|[of] p2a: Camerupt\n|\n|t:|1699704198\n|switch|p1a: Empoleon|Empoleon, F|100\/100|[from] U-turn\n|move|p2a: Camerupt|Yawn|p1a: Empoleon\n|-start|p1a: Empoleon|move: Yawn|[of] p2a: Camerupt\n|\n|upkeep\n|turn|2\n|\n|t:|1699704220\n|move|p1a: Empoleon|Chilling Water|p2a: Camerupt\n|-supereffective|p2a: Camerupt\n|-damage|p2a: Camerupt|0 fnt\n|faint|p2a: Camerupt\n|\n|-end|p1a: Empoleon|move: Yawn|[silent]\n|-status|p1a: Empoleon|slp\n|upkeep\n|inactive|Vphil has 120 seconds left.\n|\n|t:|1699704237\n|switch|p2a: Tauros|Tauros-Paldea-Aqua, M|100\/100\n|turn|3\n|\n|t:|1699704248\n|switch|p1a: Heracross|Heracross, M|100\/100\n|move|p2a: Tauros|High Horsepower|p1a: Heracross\n|-resisted|p1a: Heracross\n|-damage|p1a: Heracross|82\/100\n|\n|-status|p1a: Heracross|brn|[from] item: Flame Orb\n|upkeep\n|turn|4\n|\n|t:|1699704259\n|move|p2a: Tauros|Chilling Water|p1a: Heracross\n|-damage|p1a: Heracross|72\/100 brn\n|-unboost|p1a: Heracross|atk|1\n|move|p1a: Heracross|Facade|p2a: Tauros\n|-damage|p2a: Tauros|55\/100\n|\n|-damage|p1a: Heracross|66\/100 brn|[from] brn\n|upkeep\n|turn|5\n|\n|t:|1699704282\n|move|p2a: Tauros|Liquidation|p1a: Heracross\n|-damage|p1a: Heracross|1\/100 brn\n|move|p1a: Heracross|Facade|p2a: Tauros\n|-damage|p2a: Tauros|10\/100\n|\n|-damage|p1a: Heracross|0 fnt|[from] brn\n|faint|p1a: Heracross\n|upkeep\n|\n|t:|1699704297\n|switch|p1a: Talonflame|Talonflame, M, shiny|84\/100\n|turn|6\n|\n|t:|1699704310\n|move|p1a: Talonflame|Dual Wingbeat|p2a: Tauros\n|-supereffective|p2a: Tauros\n|-damage|p2a: Tauros|0 fnt\n|faint|p2a: Tauros\n|-hitcount|p2: Tauros|1\n|\n|upkeep\n|\n|t:|1699704317\n|switch|p2a: Crabominable|Crabominable, M|100\/100\n|turn|7\n|\n|t:|1699704337\n|move|p1a: Talonflame|Dual Wingbeat|p2a: Crabominable\n|-supereffective|p2a: Crabominable\n|-damage|p2a: Crabominable|48\/100\n|-supereffective|p2a: Crabominable\n|-damage|p2a: Crabominable|0 fnt\n|faint|p2a: Crabominable\n|-hitcount|p2: Crabominable|2\n|\n|upkeep\n|c|\u2606Vphil|Your team is boring\n|\n|t:|1699704356\n|switch|p2a: Tauros|Tauros-Paldea-Blaze, M|100\/100\n|turn|8\n|\n|t:|1699704363\n|move|p1a: Talonflame|Dual Wingbeat|p2a: Tauros\n|-supereffective|p2a: Tauros\n|-damage|p2a: Tauros|53\/100\n|-supereffective|p2a: Tauros\n|-damage|p2a: Tauros|7\/100\n|-hitcount|p2a: Tauros|2\n|move|p2a: Tauros|Outrage|p1a: Talonflame\n|-damage|p1a: Talonflame|26\/100\n|\n|upkeep\n|turn|9\n|\n|t:|1699704374\n|move|p1a: Talonflame|Dual Wingbeat|p2a: Tauros\n|-supereffective|p2a: Tauros\n|-damage|p2a: Tauros|0 fnt\n|faint|p2a: Tauros\n|-hitcount|p2: Tauros|1\n|\n|upkeep\n|c|\u2606Vphil|If that's all you're gonna do\n|inactive|Vphil has 120 seconds left.\n|c|\u2606Fred64303|Jes\n|c|\u2606Fred64303|Nothing more.\n|c|\u2606Fred64303|But mayby change to impoleon\n|inactive|Vphil has 90 seconds left.\n|c|\u2606Fred64303|Weakness to fight\n|c|\u2606Fred64303|So its faer\n|inactive|Vphil has 60 seconds left.\n|c|\u2606Fred64303|Boy\n|c|\u2606Fred64303|Common\n|inactive|Vphil has 30 seconds left.\n|c|\u2606Fred64303|Dont leave\n|c|\u2606Fred64303|Do it\n|inactive|Vphil has 20 seconds left.\n|inactive|Vphil has 15 seconds left.\n|inactive|Vphil has 10 seconds left.\n|inactive|Vphil has 5 seconds left.\n|-message|Vphil lost due to inactivity.\n|\n|win|Fred64303\n|raw|Fred64303's rating: 1147 &rarr; <strong>1175<\/strong><br \/>(+28 for winning)\n|raw|Vphil's rating: 1191 &rarr; <strong>1163<\/strong><br \/>(-28 for losing)\n|c|\u2606Fred64303|Thats how he lost\n","uploadtime":1699704545,"views":22,"p1id":"fred64303","p2id":"vphil","formatid":"gen9anythinggoes","rating":1163,"private":0,"password":""}