{"id":"gen9anythinggoes-1993102150","p1":"Astral Spectrier","p2":"4th Acct To 1700","format":"[Gen 9] Anything Goes","log":"|j|\u2606Astral Spectrier\n|j|\u26064th Acct To 1700\n|t:|1700264979\n|gametype|singles\n|player|p1|Astral Spectrier|101|1619\n|player|p2|4th Acct To 1700|clown|1682\n|teamsize|p1|6\n|teamsize|p2|6\n|gen|9\n|tier|[Gen 9] Anything Goes\n|rated|\n|rule|HP Percentage Mod: HP is shown in percentages\n|rule|Endless Battle Clause: Forcing endless battles is banned\n|clearpoke\n|poke|p1|Ribombee, F|\n|poke|p1|Koraidon|\n|poke|p1|Calyrex-Shadow|\n|poke|p1|Kyogre|\n|poke|p1|Miraidon|\n|poke|p1|Shaymin-Sky|\n|poke|p2|Koraidon|\n|poke|p2|Calyrex-Shadow|\n|poke|p2|Arceus|\n|poke|p2|Ting-Lu|\n|poke|p2|Miraidon|\n|poke|p2|Toxapex, M|\n|teampreview\n|\n|t:|1700264989\n|start\n|switch|p1a: Ribombee|Ribombee, F|100\/100\n|switch|p2a: Madara Uchiha|Miraidon|100\/100\n|-fieldstart|move: Electric Terrain|[from] ability: Hadron Engine|[of] p2a: Madara Uchiha\n|turn|1\n|\n|t:|1700264994\n|move|p2a: Madara Uchiha|Volt Switch|p1a: Ribombee\n|-enditem|p1a: Ribombee|Focus Sash\n|-damage|p1a: Ribombee|1\/100\n|\n|t:|1700265012\n|switch|p2a: Arceus|Arceus|100\/100|[from] Volt Switch\n|move|p1a: Ribombee|Sticky Web|p2a: Arceus\n|-sidestart|p2: 4th Acct To 1700|move: Sticky Web\n|\n|upkeep\n|turn|2\n|\n|t:|1700265017\n|move|p1a: Ribombee|Baton Pass|p1a: Ribombee\n|\n|t:|1700265025\n|switch|p1a: Calyrex|Calyrex-Shadow|100\/100|[from] Baton Pass\n|-ability|p1a: Calyrex|As One\n|-ability|p1a: Calyrex|Unnerve\n|move|p2a: Arceus|Swords Dance|p2a: Arceus\n|-boost|p2a: Arceus|atk|2\n|\n|upkeep\n|turn|3\n|\n|t:|1700265032\n|move|p1a: Calyrex|Encore|p2a: Arceus\n|-start|p2a: Arceus|Encore\n|move|p2a: Arceus|Swords Dance|p2a: Arceus\n|-boost|p2a: Arceus|atk|2\n|\n|upkeep\n|turn|4\n|\n|t:|1700265036\n|switch|p2a: Ting-Lu|Ting-Lu|100\/100\n|-activate|p2a: Ting-Lu|move: Sticky Web\n|-unboost|p2a: Ting-Lu|spe|1\n|-ability|p2a: Ting-Lu|Vessel of Ruin\n|move|p1a: Calyrex|Nasty Plot|p1a: Calyrex\n|-boost|p1a: Calyrex|spa|2\n|\n|upkeep\n|turn|5\n|\n|t:|1700265041\n|move|p1a: Calyrex|Grass Knot|p2a: Ting-Lu\n|-supereffective|p2a: Ting-Lu\n|-damage|p2a: Ting-Lu|0 fnt\n|faint|p2a: Ting-Lu\n|-ability|p1a: Calyrex|Grim Neigh|boost\n|-boost|p1a: Calyrex|spa|1\n|\n|-fieldend|move: Electric Terrain\n|upkeep\n|\n|t:|1700265053\n|switch|p2a: Koraidon|Koraidon|100\/100\n|-activate|p2a: Koraidon|move: Sticky Web\n|-unboost|p2a: Koraidon|spe|1\n|-weather|SunnyDay|[from] ability: Orichalcum Pulse|[of] p2a: Koraidon\n|-activate|p2a: Koraidon|Orichalcum Pulse|[source]\n|turn|6\n|\n|t:|1700265055\n|move|p1a: Calyrex|Astral Barrage|p2a: Koraidon\n|-enditem|p2a: Koraidon|Focus Sash\n|-damage|p2a: Koraidon|1\/100\n|move|p2a: Koraidon|Scale Shot|p1a: Calyrex\n|-damage|p1a: Calyrex|79\/100\n|-damage|p1a: Calyrex|57\/100\n|-hitcount|p1a: Calyrex|2\n|-unboost|p2a: Koraidon|def|1\n|-boost|p2a: Koraidon|spe|1\n|\n|-weather|SunnyDay|[upkeep]\n|upkeep\n|turn|7\n|\n|t:|1700265060\n|switch|p2a: Arceus|Arceus|100\/100\n|move|p1a: Calyrex|Grass Knot|p2a: Arceus\n|-damage|p2a: Arceus|20\/100\n|\n|-weather|SunnyDay|[upkeep]\n|upkeep\n|turn|8\n|\n|t:|1700265067\n|move|p1a: Calyrex|Grass Knot|p2a: Arceus\n|-damage|p2a: Arceus|0 fnt\n|faint|p2a: Arceus\n|-ability|p1a: Calyrex|Grim Neigh|boost\n|-boost|p1a: Calyrex|spa|1\n|\n|-weather|SunnyDay|[upkeep]\n|upkeep\n|\n|t:|1700265072\n|switch|p2a: Calyrex|Calyrex-Shadow|100\/100\n|-ability|p2a: Calyrex|As One\n|-ability|p2a: Calyrex|Unnerve\n|-activate|p2a: Calyrex|move: Sticky Web\n|-unboost|p2a: Calyrex|spe|1\n|turn|9\n|\n|t:|1700265076\n|move|p1a: Calyrex|Grass Knot|p2a: Calyrex\n|-enditem|p2a: Calyrex|Focus Sash\n|-damage|p2a: Calyrex|1\/100\n|move|p2a: Calyrex|Astral Barrage|p1a: Calyrex\n|-supereffective|p1a: Calyrex\n|-damage|p1a: Calyrex|0 fnt\n|faint|p1a: Calyrex\n|-ability|p2a: Calyrex|Grim Neigh|boost\n|-boost|p2a: Calyrex|spa|1\n|\n|-weather|SunnyDay|[upkeep]\n|upkeep\n|\n|t:|1700265079\n|switch|p1a: Ribombee|Ribombee, F|1\/100\n|turn|10\n|\n|t:|1700265082\n|move|p1a: Ribombee|Moonblast|p2a: Calyrex\n|-damage|p2a: Calyrex|0 fnt\n|faint|p2a: Calyrex\n|\n|-weather|none\n|upkeep\n|\n|t:|1700265090\n|switch|p2a: Koraidon|Koraidon|1\/100\n|-activate|p2a: Koraidon|move: Sticky Web\n|-unboost|p2a: Koraidon|spe|1\n|-weather|SunnyDay|[from] ability: Orichalcum Pulse|[of] p2a: Koraidon\n|-activate|p2a: Koraidon|Orichalcum Pulse|[source]\n|turn|11\n|\n|t:|1700265092\n|move|p1a: Ribombee|Moonblast|p2a: Koraidon\n|-supereffective|p2a: Koraidon\n|-damage|p2a: Koraidon|0 fnt\n|faint|p2a: Koraidon\n|\n|-weather|SunnyDay|[upkeep]\n|upkeep\n|\n|t:|1700265097\n|switch|p2a: Madara Uchiha|Miraidon|100\/100\n|-activate|p2a: Madara Uchiha|move: Sticky Web\n|-unboost|p2a: Madara Uchiha|spe|1\n|-fieldstart|move: Electric Terrain|[from] ability: Hadron Engine|[of] p2a: Madara Uchiha\n|turn|12\n|\n|t:|1700265101\n|move|p2a: Madara Uchiha|Dazzling Gleam|p1a: Ribombee\n|-damage|p1a: Ribombee|0 fnt\n|faint|p1a: Ribombee\n|\n|-weather|SunnyDay|[upkeep]\n|upkeep\n|\n|t:|1700265119\n|switch|p1a: Kyogre|Kyogre|100\/100\n|-weather|RainDance|[from] ability: Drizzle|[of] p1a: Kyogre\n|turn|13\n|\n|t:|1700265124\n|switch|p2a: Toxapex|Toxapex, M|100\/100\n|-activate|p2a: Toxapex|move: Sticky Web\n|-unboost|p2a: Toxapex|spe|1\n|move|p1a: Kyogre|Ice Beam|p2a: Toxapex\n|-resisted|p2a: Toxapex\n|-damage|p2a: Toxapex|78\/100\n|\n|-weather|RainDance|[upkeep]\n|upkeep\n|turn|14\n|\n|t:|1700265129\n|switch|p1a: Miraidon|Miraidon|100\/100\n|-activate|p1a: Miraidon|ability: Hadron Engine\n|move|p2a: Toxapex|Toxic|p1a: Miraidon\n|-status|p1a: Miraidon|tox\n|\n|-weather|RainDance|[upkeep]\n|-damage|p1a: Miraidon|94\/100 tox|[from] psn\n|upkeep\n|turn|15\n|\n|t:|1700265133\n|move|p2a: Toxapex|Baneful Bunker|p2a: Toxapex\n|-singleturn|p2a: Toxapex|move: Protect\n|move|p1a: Miraidon|Agility|p1a: Miraidon\n|-boost|p1a: Miraidon|spe|2\n|\n|-weather|RainDance|[upkeep]\n|-heal|p1a: Miraidon|100\/100 tox|[from] item: Leftovers\n|-damage|p1a: Miraidon|88\/100 tox|[from] psn\n|upkeep\n|turn|16\n|\n|t:|1700265146\n|-terastallize|p2a: Toxapex|Ground\n|move|p1a: Miraidon|Calm Mind|p1a: Miraidon\n|-boost|p1a: Miraidon|spa|1\n|-boost|p1a: Miraidon|spd|1\n|move|p2a: Toxapex|Haze|p2a: Toxapex\n|-clearallboost\n|\n|-weather|RainDance|[upkeep]\n|-heal|p1a: Miraidon|94\/100 tox|[from] item: Leftovers\n|-damage|p1a: Miraidon|75\/100 tox|[from] psn\n|-fieldend|move: Electric Terrain\n|upkeep\n|turn|17\n|\n|t:|1700265153\n|move|p2a: Toxapex|Baneful Bunker|p2a: Toxapex\n|-singleturn|p2a: Toxapex|move: Protect\n|move|p1a: Miraidon|Dazzling Gleam|p2a: Toxapex\n|-activate|p2a: Toxapex|move: Protect\n|\n|-weather|none\n|-heal|p1a: Miraidon|82\/100 tox|[from] item: Leftovers\n|-damage|p1a: Miraidon|57\/100 tox|[from] psn\n|upkeep\n|turn|18\n|\n|t:|1700265156\n|move|p1a: Miraidon|Dazzling Gleam|p2a: Toxapex\n|-damage|p2a: Toxapex|54\/100\n|move|p2a: Toxapex|Recover|p2a: Toxapex\n|-heal|p2a: Toxapex|100\/100\n|\n|-heal|p1a: Miraidon|63\/100 tox|[from] item: Leftovers\n|-damage|p1a: Miraidon|32\/100 tox|[from] psn\n|upkeep\n|turn|19\n|\n|t:|1700265163\n|move|p2a: Toxapex|Baneful Bunker|p2a: Toxapex\n|-singleturn|p2a: Toxapex|move: Protect\n|move|p1a: Miraidon|Dazzling Gleam|p2a: Toxapex\n|-activate|p2a: Toxapex|move: Protect\n|\n|-heal|p1a: Miraidon|38\/100 tox|[from] item: Leftovers\n|-damage|p1a: Miraidon|0 fnt|[from] psn\n|faint|p1a: Miraidon\n|upkeep\n|\n|t:|1700265168\n|switch|p1a: Kyogre|Kyogre|100\/100\n|-weather|RainDance|[from] ability: Drizzle|[of] p1a: Kyogre\n|turn|20\n|\n|t:|1700265176\n|switch|p2a: Madara Uchiha|Miraidon|100\/100\n|-activate|p2a: Madara Uchiha|move: Sticky Web\n|-unboost|p2a: Madara Uchiha|spe|1\n|-fieldstart|move: Electric Terrain|[from] ability: Hadron Engine|[of] p2a: Madara Uchiha\n|-terastallize|p1a: Kyogre|Water\n|move|p1a: Kyogre|Water Spout|p2a: Madara Uchiha\n|-resisted|p2a: Madara Uchiha\n|-damage|p2a: Madara Uchiha|0 fnt\n|faint|p2a: Madara Uchiha\n|\n|-weather|RainDance|[upkeep]\n|upkeep\n|\n|t:|1700265180\n|switch|p2a: Toxapex|Toxapex, M, tera:Ground|100\/100\n|-activate|p2a: Toxapex|move: Sticky Web\n|-unboost|p2a: Toxapex|spe|1\n|turn|21\n|c|\u2606Astral Spectrier|that aint a switch in bud\n|\n|t:|1700265186\n|move|p1a: Kyogre|Water Spout|p2a: Toxapex\n|-supereffective|p2a: Toxapex\n|-damage|p2a: Toxapex|0 fnt\n|faint|p2a: Toxapex\n|\n|win|Astral Spectrier\n|raw|Astral Spectrier's rating: 1619 &rarr; <strong>1643<\/strong><br \/>(+24 for winning)\n|raw|4th Acct To 1700's rating: 1682 &rarr; <strong>1658<\/strong><br \/>(-24 for losing)\n|c|\u2606Astral Spectrier|gg\n|l|\u26064th Acct To 1700\n","uploadtime":1700265217,"views":4,"p1id":"astralspectrier","p2id":"4thacctto1700","formatid":"gen9anythinggoes","rating":1643,"private":0,"password":""}