{"id":"gen9anythinggoes-1971591598","p1":"RosaliesNotReal","p2":"DoodleMon","format":"[Gen 9] Anything Goes","log":"|j|\u2606RosaliesNotReal\n|j|\u2606DoodleMon\n|t:|1697751310\n|gametype|singles\n|player|p1|RosaliesNotReal|lady|\n|player|p2|DoodleMon|waiter-gen4dp|\n|teamsize|p1|6\n|teamsize|p2|6\n|gen|9\n|tier|[Gen 9] Anything Goes\n|rule|HP Percentage Mod: HP is shown in percentages\n|rule|Endless Battle Clause: Forcing endless battles is banned\n|clearpoke\n|poke|p1|Articuno|\n|poke|p1|Ninetales-Alola, F|\n|poke|p1|Chien-Pao|\n|poke|p1|Froslass, F|\n|poke|p1|Snover, F|\n|poke|p1|Glaceon, F|\n|poke|p2|Talonflame, M|\n|poke|p2|Dragonite, F|\n|poke|p2|Arcanine, F|\n|poke|p2|Lucario, M|\n|poke|p2|Azumarill, F|\n|poke|p2|Flareon, M|\n|teampreview\n|\n|t:|1697751327\n|start\n|switch|p1a: Snover|Snover, F|100\/100\n|switch|p2a: Talonflame|Talonflame, M, shiny|100\/100\n|-weather|Snow|[from] ability: Snow Warning|[of] p1a: Snover\n|turn|1\n|\n|t:|1697751342\n|move|p2a: Talonflame|Fire Blast|p1a: Snover\n|-supereffective|p1a: Snover\n|-enditem|p1a: Snover|Focus Sash\n|-damage|p1a: Snover|1\/100\n|-status|p1a: Snover|brn\n|move|p1a: Snover|Blizzard|p2a: Talonflame\n|-damage|p2a: Talonflame|40\/100\n|\n|-weather|Snow|[upkeep]\n|-damage|p1a: Snover|0 fnt|[from] brn\n|faint|p1a: Snover\n|upkeep\n|\n|t:|1697751354\n|switch|p1a: Glaceon|Glaceon, F|100\/100\n|turn|2\n|\n|t:|1697751362\n|move|p2a: Talonflame|Flamethrower|p1a: Glaceon|[miss]\n|-miss|p2a: Talonflame|p1a: Glaceon\n|move|p1a: Glaceon|Blizzard|p2a: Talonflame\n|-damage|p2a: Talonflame|0 fnt\n|faint|p2a: Talonflame\n|\n|-weather|Snow|[upkeep]\n|upkeep\n|\n|t:|1697751379\n|switch|p2a: Lucario|Lucario, M|100\/100\n|turn|3\n|\n|t:|1697751392\n|move|p2a: Lucario|Poison Jab|p1a: Glaceon|[miss]\n|-miss|p2a: Lucario|p1a: Glaceon\n|move|p1a: Glaceon|Blizzard|p2a: Lucario\n|-resisted|p2a: Lucario\n|-damage|p2a: Lucario|56\/100\n|\n|-weather|Snow|[upkeep]\n|-heal|p2a: Lucario|62\/100|[from] item: Leftovers\n|upkeep\n|turn|4\n|\n|t:|1697751410\n|move|p2a: Lucario|Aura Sphere|p1a: Glaceon\n|-supereffective|p1a: Glaceon\n|-damage|p1a: Glaceon|21\/100\n|move|p1a: Glaceon|Blizzard|p2a: Lucario\n|-resisted|p2a: Lucario\n|-damage|p2a: Lucario|25\/100\n|\n|-weather|Snow|[upkeep]\n|-heal|p2a: Lucario|31\/100|[from] item: Leftovers\n|-heal|p1a: Glaceon|27\/100|[from] item: Leftovers\n|upkeep\n|turn|5\n|\n|t:|1697751423\n|move|p2a: Lucario|Aura Sphere|p1a: Glaceon\n|-supereffective|p1a: Glaceon\n|-damage|p1a: Glaceon|0 fnt\n|faint|p1a: Glaceon\n|\n|-weather|none\n|-heal|p2a: Lucario|37\/100|[from] item: Leftovers\n|upkeep\n|\n|t:|1697751430\n|switch|p1a: Chien-Pao|Chien-Pao|100\/100\n|-ability|p1a: Chien-Pao|Sword of Ruin\n|turn|6\n|\n|t:|1697751463\n|move|p1a: Chien-Pao|Crunch|p2a: Lucario\n|-resisted|p2a: Lucario\n|-damage|p2a: Lucario|0 fnt\n|faint|p2a: Lucario\n|\n|upkeep\n|\n|t:|1697751480\n|switch|p2a: Azumarill|Azumarill, F, shiny|100\/100\n|turn|7\n|\n|t:|1697751489\n|move|p2a: Azumarill|Protect|p2a: Azumarill\n|-singleturn|p2a: Azumarill|Protect\n|move|p1a: Chien-Pao|Icicle Crash|p2a: Azumarill\n|-activate|p2a: Azumarill|move: Protect\n|\n|-status|p2a: Azumarill|tox|[from] item: Toxic Orb\n|upkeep\n|turn|8\n|\n|t:|1697751499\n|move|p2a: Azumarill|Aqua Jet|p1a: Chien-Pao\n|-damage|p1a: Chien-Pao|90\/100\n|move|p1a: Chien-Pao|Icicle Crash|p2a: Azumarill\n|-resisted|p2a: Azumarill\n|-damage|p2a: Azumarill|88\/100 tox\n|\n|-heal|p1a: Chien-Pao|96\/100|[from] item: Leftovers\n|-damage|p2a: Azumarill|82\/100 tox|[from] psn\n|upkeep\n|turn|9\n|\n|t:|1697751509\n|move|p1a: Chien-Pao|Icicle Crash|p2a: Azumarill\n|-resisted|p2a: Azumarill\n|-damage|p2a: Azumarill|69\/100 tox\n|move|p2a: Azumarill|Hydro Pump|p1a: Chien-Pao\n|-damage|p1a: Chien-Pao|67\/100\n|\n|-heal|p1a: Chien-Pao|73\/100|[from] item: Leftovers\n|-damage|p2a: Azumarill|57\/100 tox|[from] psn\n|upkeep\n|turn|10\n|\n|t:|1697751520\n|move|p1a: Chien-Pao|Sucker Punch|p2a: Azumarill\n|-resisted|p2a: Azumarill\n|-damage|p2a: Azumarill|37\/100 tox\n|move|p2a: Azumarill|Hydro Pump|p1a: Chien-Pao\n|-damage|p1a: Chien-Pao|40\/100\n|\n|-heal|p1a: Chien-Pao|46\/100|[from] item: Leftovers\n|-damage|p2a: Azumarill|19\/100 tox|[from] psn\n|upkeep\n|turn|11\n|\n|t:|1697751532\n|move|p1a: Chien-Pao|Crunch|p2a: Azumarill\n|-resisted|p2a: Azumarill\n|-damage|p2a: Azumarill|0 fnt\n|faint|p2a: Azumarill\n|\n|-heal|p1a: Chien-Pao|52\/100|[from] item: Leftovers\n|upkeep\n|\n|t:|1697751540\n|switch|p2a: Dragonite|Dragonite, F|100\/100\n|turn|12\n|\n|t:|1697751547\n|move|p1a: Chien-Pao|Sucker Punch|p2a: Dragonite\n|-damage|p2a: Dragonite|53\/100\n|move|p2a: Dragonite|Draco Meteor|p1a: Chien-Pao\n|-damage|p1a: Chien-Pao|0 fnt\n|-unboost|p2a: Dragonite|spa|2\n|faint|p1a: Chien-Pao\n|\n|upkeep\n|\n|t:|1697751554\n|switch|p1a: Rei|Ninetales-Alola, F|100\/100\n|turn|13\n|\n|t:|1697751566\n|move|p1a: Rei|Body Slam|p2a: Dragonite\n|-damage|p2a: Dragonite|31\/100\n|-damage|p1a: Rei|91\/100|[from] item: Life Orb\n|move|p2a: Dragonite|Draco Meteor|p1a: Rei\n|-immune|p1a: Rei\n|\n|upkeep\n|turn|14\n|\n|t:|1697751584\n|move|p1a: Rei|Draining Kiss|p2a: Dragonite\n|-supereffective|p2a: Dragonite\n|-damage|p2a: Dragonite|0 fnt\n|-heal|p1a: Rei|100\/100|[from] drain|[of] p2a: Dragonite\n|faint|p2a: Dragonite\n|-damage|p1a: Rei|91\/100|[from] item: Life Orb\n|\n|upkeep\n|\n|t:|1697751594\n|switch|p2a: Arcanine|Arcanine, F, shiny|100\/100\n|-ability|p2a: Arcanine|Intimidate|boost\n|-unboost|p1a: Rei|atk|1\n|turn|15\n|\n|t:|1697751605\n|move|p2a: Arcanine|Flamethrower|p1a: Rei\n|-supereffective|p1a: Rei\n|-damage|p1a: Rei|29\/100\n|move|p1a: Rei|Body Slam|p2a: Arcanine\n|-damage|p2a: Arcanine|82\/100\n|-status|p2a: Arcanine|par\n|-damage|p1a: Rei|19\/100|[from] item: Life Orb\n|\n|upkeep\n|turn|16\n|\n|t:|1697751618\n|move|p1a: Rei|Zen Headbutt|p2a: Arcanine\n|-damage|p2a: Arcanine|64\/100 par\n|-damage|p1a: Rei|9\/100|[from] item: Life Orb\n|move|p2a: Arcanine|Facade|p1a: Rei\n|-damage|p1a: Rei|0 fnt\n|faint|p1a: Rei\n|\n|upkeep\n|\n|t:|1697751625\n|switch|p1a: Pluito|Articuno, shiny|100\/100\n|-ability|p1a: Pluito|Pressure\n|turn|17\n|\n|t:|1697751643\n|move|p1a: Pluito|Hurricane|p2a: Arcanine|[miss]\n|-miss|p1a: Pluito|p2a: Arcanine\n|move|p2a: Arcanine|Facade|p1a: Pluito\n|-damage|p1a: Pluito|59\/100\n|\n|upkeep\n|turn|18\n|\n|t:|1697751655\n|-terastallize|p2a: Arcanine|Fire\n|move|p1a: Pluito|Hurricane|p2a: Arcanine\n|-damage|p2a: Arcanine|0 fnt\n|faint|p2a: Arcanine\n|\n|upkeep\n|\n|t:|1697751661\n|switch|p2a: Flareon|Flareon, M, shiny|100\/100\n|turn|19\n|\n|t:|1697751668\n|move|p1a: Pluito|Hurricane|p2a: Flareon\n|-damage|p2a: Flareon|54\/100\n|move|p2a: Flareon|Fire Blast|p1a: Pluito\n|-supereffective|p1a: Pluito\n|-damage|p1a: Pluito|0 fnt\n|faint|p1a: Pluito\n|\n|upkeep\n|\n|t:|1697751676\n|switch|p1a: Froslass|Froslass, F|100\/100\n|turn|20\n|\n|t:|1697751681\n|move|p1a: Froslass|Psychic|p2a: Flareon\n|-damage|p2a: Flareon|31\/100\n|move|p2a: Flareon|Shadow Ball|p1a: Froslass\n|-supereffective|p1a: Froslass\n|-damage|p1a: Froslass|31\/100\n|\n|-heal|p1a: Froslass|37\/100|[from] item: Leftovers\n|upkeep\n|turn|21\n|\n|t:|1697751698\n|move|p1a: Froslass|Blizzard|p2a: Flareon\n|-resisted|p2a: Flareon\n|-damage|p2a: Flareon|10\/100\n|move|p2a: Flareon|Flamethrower|p1a: Froslass\n|-supereffective|p1a: Froslass\n|-damage|p1a: Froslass|0 fnt\n|faint|p1a: Froslass\n|\n|win|DoodleMon\n|l|\u2606DoodleMon\n|l|\u2606RosaliesNotReal\n|j|\u2606DoodleMon\n|player|p2|DoodleMon|waiter-gen4dp\n|l|\u2606DoodleMon\n|player|p2|\n|j|\u2606DoodleMon\n|player|p2|DoodleMon|waiter-gen4dp\n|l|\u2606DoodleMon\n|player|p2|\n|j|\u2606DoodleMon\n|player|p2|DoodleMon|waiter-gen4dp\n","uploadtime":1697751886,"views":6,"p1id":"rosaliesnotreal","p2id":"doodlemon","formatid":"gen9anythinggoes","rating":0,"private":0,"password":""}