{"id":"gen9anythinggoes-1997176733","p1":"Teamy0","p2":"Mr Linganore","format":"[Gen 9] Anything Goes","log":"|j|\u2606Teamy0\n|j|\u2606Mr Linganore\n|t:|1700772387\n|gametype|singles\n|player|p1|Teamy0|2|1104\n|player|p2|Mr Linganore|266|1126\n|teamsize|p1|6\n|teamsize|p2|6\n|gen|9\n|tier|[Gen 9] Anything Goes\n|rated|\n|rule|HP Percentage Mod: HP is shown in percentages\n|rule|Endless Battle Clause: Forcing endless battles is banned\n|clearpoke\n|poke|p1|Calyrex-Shadow|\n|poke|p1|Scovillain, M|\n|poke|p1|Iron Bundle|\n|poke|p1|Spectrier|\n|poke|p1|Zacian-*|\n|poke|p1|Electrode-Hisui|\n|poke|p2|Maushold-Four|\n|poke|p2|Flutter Mane|\n|poke|p2|Miraidon|\n|poke|p2|Rabsca, M|\n|poke|p2|Garganacl, F|\n|poke|p2|Houndstone, M|\n|teampreview\n|\n|t:|1700772428\n|start\n|switch|p1a: Electrode|Electrode-Hisui|100\/100\n|switch|p2a: DeMarco|Miraidon|100\/100\n|-fieldstart|move: Electric Terrain|[from] ability: Hadron Engine|[of] p2a: DeMarco\n|turn|1\n|\n|t:|1700772440\n|switch|p2a: Maushold|Maushold-Four|100\/100\n|move|p1a: Electrode|Leech Seed|p2a: Maushold\n|-start|p2a: Maushold|move: Leech Seed\n|\n|-damage|p2a: Maushold|88\/100|[from] Leech Seed|[of] p1a: Electrode\n|upkeep\n|turn|2\n|\n|t:|1700772447\n|move|p1a: Electrode|Protect|p1a: Electrode\n|-singleturn|p1a: Electrode|Protect\n|move|p2a: Maushold|Tidy Up|p2a: Maushold\n|-boost|p2a: Maushold|atk|1\n|-boost|p2a: Maushold|spe|1\n|\n|-damage|p2a: Maushold|76\/100|[from] Leech Seed|[of] p1a: Electrode\n|upkeep\n|turn|3\n|\n|t:|1700772458\n|move|p2a: Maushold|Encore|p1a: Electrode\n|-start|p1a: Electrode|Encore\n|move|p1a: Electrode|Protect||[still]\n|-fail|p1a: Electrode\n|\n|-damage|p2a: Maushold|63\/100|[from] Leech Seed|[of] p1a: Electrode\n|upkeep\n|turn|4\n|\n|t:|1700772465\n|move|p1a: Electrode|Protect|p1a: Electrode\n|-singleturn|p1a: Electrode|Protect\n|move|p2a: Maushold|Tidy Up|p2a: Maushold\n|-boost|p2a: Maushold|atk|1\n|-boost|p2a: Maushold|spe|1\n|\n|-damage|p2a: Maushold|51\/100|[from] Leech Seed|[of] p1a: Electrode\n|upkeep\n|turn|5\n|\n|t:|1700772473\n|move|p1a: Electrode|Protect||[still]\n|-fail|p1a: Electrode\n|move|p2a: Maushold|Baton Pass|p2a: Maushold\n|\n|t:|1700772477\n|switch|p2a: SSSReplacement|Garganacl, F, shiny|100\/100|[from] Baton Pass\n|\n|-damage|p2a: SSSReplacement|88\/100|[from] Leech Seed|[of] p1a: Electrode\n|-end|p1a: Electrode|Encore\n|-fieldend|move: Electric Terrain\n|upkeep\n|turn|6\n|\n|t:|1700772489\n|move|p1a: Electrode|Substitute|p1a: Electrode\n|-start|p1a: Electrode|Substitute\n|-damage|p1a: Electrode|76\/100\n|move|p2a: SSSReplacement|Iron Defense|p2a: SSSReplacement\n|-boost|p2a: SSSReplacement|def|2\n|\n|-heal|p1a: Electrode|82\/100|[from] item: Leftovers\n|-heal|p2a: SSSReplacement|94\/100|[from] item: Leftovers\n|-damage|p2a: SSSReplacement|82\/100|[from] Leech Seed|[of] p1a: Electrode\n|-heal|p1a: Electrode|100\/100|[silent]\n|upkeep\n|turn|7\n|\n|t:|1700772499\n|move|p1a: Electrode|Thunder Wave|p2a: SSSReplacement|[miss]\n|-miss|p1a: Electrode|p2a: SSSReplacement\n|move|p2a: SSSReplacement|Body Press|p1a: Electrode\n|-end|p1a: Electrode|Substitute\n|\n|-heal|p2a: SSSReplacement|88\/100|[from] item: Leftovers\n|-damage|p2a: SSSReplacement|76\/100|[from] Leech Seed|[of] p1a: Electrode\n|upkeep\n|turn|8\n|\n|t:|1700772507\n|move|p1a: Electrode|Thunder Wave|p2a: SSSReplacement\n|-immune|p2a: SSSReplacement|[from] ability: Purifying Salt\n|move|p2a: SSSReplacement|Body Press|p1a: Electrode\n|-damage|p1a: Electrode|27\/100\n|\n|-heal|p1a: Electrode|33\/100|[from] item: Leftovers\n|-heal|p2a: SSSReplacement|82\/100|[from] item: Leftovers\n|-damage|p2a: SSSReplacement|70\/100|[from] Leech Seed|[of] p1a: Electrode\n|-heal|p1a: Electrode|52\/100|[silent]\n|upkeep\n|turn|9\n|\n|t:|1700772518\n|move|p1a: Electrode|Substitute|p1a: Electrode\n|-start|p1a: Electrode|Substitute\n|-damage|p1a: Electrode|27\/100\n|move|p2a: SSSReplacement|Iron Defense|p2a: SSSReplacement\n|-boost|p2a: SSSReplacement|def|2\n|\n|-heal|p1a: Electrode|33\/100|[from] item: Leftovers\n|-heal|p2a: SSSReplacement|76\/100|[from] item: Leftovers\n|-damage|p2a: SSSReplacement|63\/100|[from] Leech Seed|[of] p1a: Electrode\n|-heal|p1a: Electrode|53\/100|[silent]\n|upkeep\n|turn|10\n|\n|t:|1700772527\n|move|p1a: Electrode|Protect|p1a: Electrode\n|-singleturn|p1a: Electrode|Protect\n|move|p2a: SSSReplacement|Body Press|p1a: Electrode\n|-activate|p1a: Electrode|move: Protect\n|\n|-heal|p1a: Electrode|59\/100|[from] item: Leftovers\n|-heal|p2a: SSSReplacement|70\/100|[from] item: Leftovers\n|-damage|p2a: SSSReplacement|57\/100|[from] Leech Seed|[of] p1a: Electrode\n|-heal|p1a: Electrode|78\/100|[silent]\n|upkeep\n|turn|11\n|\n|t:|1700772543\n|move|p1a: Electrode|Leech Seed||[still]\n|-fail|p1a: Electrode\n|move|p2a: SSSReplacement|Recover|p2a: SSSReplacement\n|-heal|p2a: SSSReplacement|100\/100\n|\n|-heal|p1a: Electrode|84\/100|[from] item: Leftovers\n|-damage|p2a: SSSReplacement|88\/100|[from] Leech Seed|[of] p1a: Electrode\n|-heal|p1a: Electrode|100\/100|[silent]\n|upkeep\n|turn|12\n|\n|t:|1700772554\n|switch|p1a: Shiba|Zacian-Crowned, shiny|100\/100\n|-ability|p1a: Shiba|Intrepid Sword|boost\n|-boost|p1a: Shiba|atk|1\n|move|p2a: SSSReplacement|Body Press|p1a: Shiba\n|-damage|p1a: Shiba|33\/100\n|\n|-heal|p2a: SSSReplacement|94\/100|[from] item: Leftovers\n|-damage|p2a: SSSReplacement|82\/100|[from] Leech Seed|[of] p1a: Shiba\n|-heal|p1a: Shiba|48\/100|[silent]\n|upkeep\n|turn|13\n|\n|t:|1700772565\n|move|p1a: Shiba|Sacred Sword|p2a: SSSReplacement\n|-supereffective|p2a: SSSReplacement\n|-damage|p2a: SSSReplacement|25\/100\n|move|p2a: SSSReplacement|Salt Cure|p1a: Shiba\n|-resisted|p1a: Shiba\n|-damage|p1a: Shiba|36\/100\n|-start|p1a: Shiba|Salt Cure\n|\n|-heal|p2a: SSSReplacement|31\/100|[from] item: Leftovers\n|-damage|p2a: SSSReplacement|19\/100|[from] Leech Seed|[of] p1a: Shiba\n|-heal|p1a: Shiba|52\/100|[silent]\n|-damage|p1a: Shiba|27\/100|[from] Salt Cure\n|upkeep\n|turn|14\n|\n|t:|1700772602\n|move|p1a: Shiba|Sacred Sword|p2a: SSSReplacement\n|-supereffective|p2a: SSSReplacement\n|-damage|p2a: SSSReplacement|0 fnt\n|faint|p2a: SSSReplacement\n|\n|-damage|p1a: Shiba|2\/100|[from] Salt Cure\n|upkeep\n|\n|t:|1700772605\n|switch|p2a: Rabsca|Rabsca, M, shiny|100\/100\n|turn|15\n|inactive|Battle timer is ON: inactive players will automatically lose when time's up. (requested by Mr Linganore)\n|\n|t:|1700772659\n|move|p1a: Shiba|Behemoth Blade|p2a: Rabsca\n|-damage|p2a: Rabsca|33\/100\n|move|p2a: Rabsca|Trick Room|p2a: Rabsca\n|-fieldstart|move: Trick Room|[of] p2a: Rabsca\n|\n|-damage|p1a: Shiba|0 fnt|[from] Salt Cure\n|faint|p1a: Shiba\n|upkeep\n|\n|t:|1700772673\n|switch|p1a: Electrode|Electrode-Hisui|100\/100\n|turn|16\n|\n|t:|1700772678\n|move|p2a: Rabsca|Revival Blessing|p2a: Rabsca\n|-enditem|p2a: Rabsca|Leppa Berry|[eat]\n|-activate|p2a: Rabsca|item: Leppa Berry|Revival Blessing|[consumed]\n|\n|t:|1700772681\n|-heal|p2: SSSReplacement|50\/100|[from] move: Revival Blessing\n|move|p1a: Electrode|Substitute|p1a: Electrode\n|-start|p1a: Electrode|Substitute\n|-damage|p1a: Electrode|76\/100\n|\n|-heal|p1a: Electrode|82\/100|[from] item: Leftovers\n|upkeep\n|turn|17\n|\n|t:|1700772691\n|move|p1a: Electrode|Protect|p1a: Electrode\n|-singleturn|p1a: Electrode|Protect\n|move|p2a: Rabsca|Recover|p2a: Rabsca\n|-heal|p2a: Rabsca|83\/100\n|\n|-heal|p1a: Electrode|88\/100|[from] item: Leftovers\n|upkeep\n|turn|18\n|inactive|Teamy0 has 120 seconds left.\n|inactive|Teamy0 has 90 seconds left.\n|inactive|Teamy0 has 60 seconds left.\n|inactive|Teamy0 has 30 seconds left.\n|inactive|Teamy0 has 20 seconds left.\n|inactive|Teamy0 has 15 seconds left.\n|inactive|Teamy0 has 10 seconds left.\n|inactive|Teamy0 has 5 seconds left.\n|-message|Teamy0 lost due to inactivity.\n|\n|win|Mr Linganore\n|raw|Teamy0's rating: 1104 &rarr; <strong>1081<\/strong><br \/>(-23 for losing)\n|raw|Mr Linganore's rating: 1126 &rarr; <strong>1149<\/strong><br \/>(+23 for winning)\n","uploadtime":1700772848,"views":0,"p1id":"teamy0","p2id":"mrlinganore","formatid":"gen9anythinggoes","rating":1081,"private":0,"password":""}