{"id":"gen9anythinggoes-1997017703","p1":"eyepatch jones","p2":"Lucky777Pkmn","format":"[Gen 9] Anything Goes","log":"|j|\u2606eyepatch jones\n|j|\u2606Lucky777Pkmn\n|t:|1700756136\n|gametype|singles\n|player|p1|eyepatch jones|clair|1185\n|player|p2|Lucky777Pkmn|1|1154\n|teamsize|p1|2\n|teamsize|p2|6\n|gen|9\n|tier|[Gen 9] Anything Goes\n|rated|\n|rule|HP Percentage Mod: HP is shown in percentages\n|rule|Endless Battle Clause: Forcing endless battles is banned\n|clearpoke\n|poke|p1|Lucario, M|\n|poke|p1|Azumarill, M|\n|poke|p2|Ditto|\n|poke|p2|Ditto|\n|poke|p2|Ditto|\n|poke|p2|Ditto|\n|poke|p2|Ditto|\n|poke|p2|Jirachi|\n|teampreview\n|\n|t:|1700756150\n|start\n|switch|p1a: Azumarill|Azumarill, M|100\/100\n|switch|p2a: Jirachi|Jirachi|100\/100\n|turn|1\n|\n|t:|1700756157\n|move|p2a: Jirachi|Iron Head|p1a: Azumarill\n|-damage|p1a: Azumarill|64\/100\n|move|p1a: Azumarill|Perish Song|p1a: Azumarill\n|-start|p1a: Azumarill|perish3|[silent]\n|-start|p2a: Jirachi|perish3|[silent]\n|-fieldactivate|move: Perish Song\n|\n|-heal|p1a: Azumarill|70\/100|[from] item: Leftovers\n|-start|p2a: Jirachi|perish3\n|-start|p1a: Azumarill|perish3\n|upkeep\n|turn|2\n|\n|t:|1700756165\n|move|p1a: Azumarill|Protect|p1a: Azumarill\n|-singleturn|p1a: Azumarill|Protect\n|move|p2a: Jirachi|Iron Head|p1a: Azumarill\n|-activate|p1a: Azumarill|move: Protect\n|\n|-heal|p1a: Azumarill|76\/100|[from] item: Leftovers\n|-start|p2a: Jirachi|perish2\n|-start|p1a: Azumarill|perish2\n|upkeep\n|turn|3\n|\n|t:|1700756172\n|switch|p2a: Ditto|Ditto|100\/100\n|-transform|p2a: Ditto|p1a: Azumarill|[from] ability: Imposter\n|move|p1a: Azumarill|Protect||[still]\n|-fail|p1a: Azumarill\n|\n|-heal|p1a: Azumarill|83\/100|[from] item: Leftovers\n|-start|p1a: Azumarill|perish1\n|upkeep\n|turn|4\n|\n|t:|1700756181\n|move|p1a: Azumarill|Belly Drum|p1a: Azumarill\n|-damage|p1a: Azumarill|33\/100\n|-setboost|p1a: Azumarill|atk|6|[from] move: Belly Drum\n|move|p2a: Ditto|Belly Drum|p2a: Ditto\n|-damage|p2a: Ditto|51\/100\n|-setboost|p2a: Ditto|atk|6|[from] move: Belly Drum\n|\n|-heal|p1a: Azumarill|39\/100|[from] item: Leftovers\n|-start|p1a: Azumarill|perish0\n|upkeep\n|faint|p1a: Azumarill\n|\n|t:|1700756184\n|switch|p1a: Lucario|Lucario, M|100\/100\n|turn|5\n|c|\u2606Lucky777Pkmn|belly drum and no attacking move\n|c|\u2606Lucky777Pkmn|fucktard\n|\n|t:|1700756211\n|move|p2a: Ditto|Protect|p2a: Ditto\n|-singleturn|p2a: Ditto|Protect\n|move|p1a: Lucario|Copycat||[still]\n|-fail|p1a: Lucario\n|\n|upkeep\n|turn|6\n|c|\u2606eyepatch jones|Plan was to copycat belly drum\n|c|\u2606eyepatch jones|Just messing around with it\n|c|\u2606Lucky777Pkmn|die\n|c|\u2606eyepatch jones|There's not really anything I can do now anyway\n|\n|t:|1700756252\n|move|p1a: Lucario|Bullet Punch|p2a: Ditto\n|-damage|p2a: Ditto|31\/100\n|move|p2a: Ditto|Perish Song|p2a: Ditto\n|-start|p1a: Lucario|perish3|[silent]\n|-start|p2a: Ditto|perish3|[silent]\n|-fieldactivate|move: Perish Song\n|\n|-start|p1a: Lucario|perish3\n|-start|p2a: Ditto|perish3\n|upkeep\n|turn|7\n|c|\u2606Lucky777Pkmn|sixty percent chance of flinch go burrr\n|c|\u2606eyepatch jones|you're not really fun to play against, you know that?\n|-message|eyepatch jones forfeited.\n|\n|win|Lucky777Pkmn\n|raw|eyepatch jones's rating: 1185 &rarr; <strong>1158<\/strong><br \/>(-27 for losing)\n|raw|Lucky777Pkmn's rating: 1154 &rarr; <strong>1181<\/strong><br \/>(+27 for winning)\n|l|\u2606eyepatch jones\n","uploadtime":1700756204,"views":0,"p1id":"eyepatchjones","p2id":"lucky777pkmn","formatid":"gen9anythinggoes","rating":1158,"private":0,"password":""}