{"id":"gen9anythinggoes-1984288895","p1":"Tricerophocles","p2":"Penny4YourThoughts","format":"[Gen 9] Anything Goes","log":"|j|\u2606Tricerophocles\n|j|\u2606Penny4YourThoughts\n|t:|1699239426\n|gametype|singles\n|player|p1|Tricerophocles|guitarist-gen4|\n|player|p2|Penny4YourThoughts|katy|\n|teamsize|p1|6\n|teamsize|p2|6\n|gen|9\n|tier|[Gen 9] Anything Goes\n|rule|HP Percentage Mod: HP is shown in percentages\n|rule|Endless Battle Clause: Forcing endless battles is banned\n|clearpoke\n|poke|p1|Victreebel, F|\n|poke|p1|Typhlosion-Hisui, F|\n|poke|p1|Torkoal, F|\n|poke|p1|Gholdengo|\n|poke|p1|Forretress, F|\n|poke|p1|Gliscor, M|\n|poke|p2|Zacian-*|\n|poke|p2|Flutter Mane|\n|poke|p2|Azumarill, M|\n|poke|p2|Ribombee, M|\n|poke|p2|Klefki, F|\n|poke|p2|Hatterene, F|\n|teampreview\n|\n|t:|1699239453\n|start\n|switch|p1a: Gholdengo|Gholdengo|100\/100\n|switch|p2a: Puck|Ribombee, M, shiny|100\/100\n|turn|1\n|\n|t:|1699239475\n|move|p1a: Gholdengo|Make It Rain|p2a: Puck\n|-supereffective|p2a: Puck\n|-crit|p2a: Puck\n|-enditem|p2a: Puck|Focus Sash\n|-damage|p2a: Puck|1\/100\n|-unboost|p1a: Gholdengo|spa|1\n|move|p2a: Puck|Sticky Web|p1a: Gholdengo\n|-sidestart|p1: Tricerophocles|move: Sticky Web\n|\n|upkeep\n|turn|2\n|\n|t:|1699239498\n|switch|p1a: Torkoal|Torkoal, F|100\/100\n|-activate|p1a: Torkoal|move: Sticky Web\n|-unboost|p1a: Torkoal|spe|1\n|-enditem|p1a: Torkoal|Eject Pack\n|-weather|SunnyDay|[from] ability: Drought|[of] p1a: Torkoal\n|\n|t:|1699239508\n|switch|p1a: Victreebel|Victreebel, F, shiny|100\/100\n|-activate|p1a: Victreebel|move: Sticky Web\n|-unboost|p1a: Victreebel|spe|1\n|switch|p2a: Paracelsus|Klefki, F, shiny|100\/100\n|\n|-weather|SunnyDay|[upkeep]\n|upkeep\n|turn|3\n|\n|t:|1699239522\n|move|p2a: Paracelsus|Light Screen|p2a: Paracelsus\n|-sidestart|p2: Penny4YourThoughts|move: Light Screen\n|move|p1a: Victreebel|Weather Ball|p2a: Paracelsus\n|-supereffective|p2a: Paracelsus\n|-damage|p2a: Paracelsus|20\/100\n|-damage|p1a: Victreebel|91\/100|[from] item: Life Orb\n|\n|-weather|SunnyDay|[upkeep]\n|upkeep\n|turn|4\n|\n|t:|1699239538\n|move|p2a: Paracelsus|Thunder Wave|p1a: Victreebel\n|-status|p1a: Victreebel|par\n|cant|p1a: Victreebel|par\n|\n|-weather|SunnyDay|[upkeep]\n|upkeep\n|turn|5\n|j| Infinitepi\n|\n|t:|1699239546\n|move|p2a: Paracelsus|Spikes|p1a: Victreebel\n|-sidestart|p1: Tricerophocles|Spikes\n|move|p1a: Victreebel|Weather Ball|p2a: Paracelsus\n|-supereffective|p2a: Paracelsus\n|-damage|p2a: Paracelsus|0 fnt\n|faint|p2a: Paracelsus\n|-damage|p1a: Victreebel|81\/100 par|[from] item: Life Orb\n|\n|-weather|SunnyDay|[upkeep]\n|upkeep\n|\n|t:|1699239558\n|switch|p2a: Psychopomp|Flutter Mane, shiny|100\/100\n|-activate|p2a: Psychopomp|ability: Protosynthesis\n|-start|p2a: Psychopomp|protosynthesisspa\n|turn|6\n|\n|t:|1699239566\n|move|p2a: Psychopomp|Shadow Ball|p1a: Victreebel\n|-damage|p1a: Victreebel|0 fnt\n|faint|p1a: Victreebel\n|\n|-weather|none\n|-end|p2a: Psychopomp|Protosynthesis\n|upkeep\n|\n|t:|1699239576\n|switch|p1a: Torkoal|Torkoal, F|100\/100\n|-activate|p1a: Torkoal|move: Sticky Web\n|-unboost|p1a: Torkoal|spe|1\n|-damage|p1a: Torkoal|88\/100|[from] Spikes\n|-weather|SunnyDay|[from] ability: Drought|[of] p1a: Torkoal\n|-activate|p2a: Psychopomp|ability: Protosynthesis\n|-start|p2a: Psychopomp|protosynthesisspa\n|turn|7\n|\n|t:|1699239587\n|-terastallize|p2a: Psychopomp|Ghost\n|move|p2a: Psychopomp|Shadow Ball|p1a: Torkoal\n|-damage|p1a: Torkoal|0 fnt\n|faint|p1a: Torkoal\n|\n|-weather|SunnyDay|[upkeep]\n|upkeep\n|\n|t:|1699239595\n|switch|p1a: Forretress|Forretress, F|100\/100\n|-activate|p1a: Forretress|move: Sticky Web\n|-unboost|p1a: Forretress|spe|1\n|-damage|p1a: Forretress|88\/100|[from] Spikes\n|turn|8\n|\n|t:|1699239600\n|move|p2a: Psychopomp|Shadow Ball|p1a: Forretress\n|-damage|p1a: Forretress|0 fnt\n|faint|p1a: Forretress\n|\n|-weather|SunnyDay|[upkeep]\n|upkeep\n|\n|t:|1699239611\n|switch|p1a: Gholdengo|Gholdengo|100\/100\n|-activate|p1a: Gholdengo|move: Sticky Web\n|-unboost|p1a: Gholdengo|spe|1\n|-damage|p1a: Gholdengo|88\/100|[from] Spikes\n|turn|9\n|\n|t:|1699239616\n|move|p2a: Psychopomp|Shadow Ball|p1a: Gholdengo\n|-supereffective|p1a: Gholdengo\n|-damage|p1a: Gholdengo|0 fnt\n|faint|p1a: Gholdengo\n|\n|-weather|SunnyDay|[upkeep]\n|upkeep\n|\n|t:|1699239623\n|switch|p1a: Typhlosion|Typhlosion-Hisui, F|100\/100\n|-activate|p1a: Typhlosion|move: Sticky Web\n|-unboost|p1a: Typhlosion|spe|1\n|-damage|p1a: Typhlosion|88\/100|[from] Spikes\n|turn|10\n|\n|t:|1699239630\n|-terastallize|p1a: Typhlosion|Fire\n|move|p2a: Psychopomp|Shadow Ball|p1a: Typhlosion\n|-damage|p1a: Typhlosion|0 fnt\n|faint|p1a: Typhlosion\n|\n|-weather|SunnyDay|[upkeep]\n|-sideend|p2: Penny4YourThoughts|move: Light Screen\n|upkeep\n|\n|t:|1699239634\n|switch|p1a: Gliscor|Gliscor, M|100\/100\n|turn|11\n|\n|t:|1699239638\n|move|p2a: Psychopomp|Shadow Ball|p1a: Gliscor\n|-crit|p1a: Gliscor\n|-damage|p1a: Gliscor|0 fnt\n|faint|p1a: Gliscor\n|\n|win|Penny4YourThoughts\n|l|\u2606Tricerophocles\n","uploadtime":1699239647,"views":5,"p1id":"tricerophocles","p2id":"penny4yourthoughts","formatid":"gen9anythinggoes","rating":0,"private":0,"password":""}