{"id":"gen9anythinggoes-1977881409","p1":"Kayleb1718","p2":"Nkmw1996","format":"[Gen 9] Anything Goes","log":"|j|\u2606Kayleb1718\n|j|\u2606Nkmw1996\n|t:|1698461211\n|gametype|singles\n|player|p1|Kayleb1718|lucas-gen4pt|1342\n|player|p2|Nkmw1996|102|1228\n|teamsize|p1|6\n|teamsize|p2|6\n|gen|9\n|tier|[Gen 9] Anything Goes\n|rated|\n|rule|HP Percentage Mod: HP is shown in percentages\n|rule|Endless Battle Clause: Forcing endless battles is banned\n|clearpoke\n|poke|p1|Zacian-*|\n|poke|p1|Calyrex-Shadow|\n|poke|p1|Urshifu-*, M|\n|poke|p1|Miraidon|\n|poke|p1|Quaquaval, M|\n|poke|p1|Kingambit, F|\n|poke|p2|Glimmora, M|\n|poke|p2|Talonflame, M|\n|poke|p2|Scizor, F|\n|poke|p2|Umbreon, F|\n|poke|p2|Weavile, M|\n|poke|p2|Quaquaval, M|\n|teampreview\n|\n|t:|1698461218\n|start\n|switch|p1a: Quaquaval|Quaquaval, M, shiny|100\/100\n|switch|p2a: Glimmora|Glimmora, M|100\/100\n|turn|1\n|\n|t:|1698461225\n|move|p2a: Glimmora|Stealth Rock|p1a: Quaquaval\n|-sidestart|p1: Kayleb1718|move: Stealth Rock\n|move|p1a: Quaquaval|Aqua Step|p2a: Glimmora\n|-supereffective|p2a: Glimmora\n|-damage|p2a: Glimmora|3\/100\n|-boost|p1a: Quaquaval|spe|1\n|-activate|p2a: Glimmora|ability: Toxic Debris\n|-sidestart|p1: Kayleb1718|move: Toxic Spikes\n|\n|upkeep\n|turn|2\n|\n|t:|1698461247\n|move|p1a: Quaquaval|Aqua Step|p2a: Glimmora\n|-supereffective|p2a: Glimmora\n|-damage|p2a: Glimmora|0 fnt\n|-boost|p1a: Quaquaval|spe|1\n|-activate|p2a: Glimmora|ability: Toxic Debris\n|-sidestart|p1: Kayleb1718|move: Toxic Spikes\n|faint|p2a: Glimmora\n|-ability|p1a: Quaquaval|Moxie|boost\n|-boost|p1a: Quaquaval|atk|1\n|\n|upkeep\n|\n|t:|1698461256\n|switch|p2a: Talonflame|Talonflame, M|100\/100\n|turn|3\n|\n|t:|1698461260\n|move|p2a: Talonflame|Tailwind|p2a: Talonflame\n|-sidestart|p2: Nkmw1996|move: Tailwind\n|move|p1a: Quaquaval|Aqua Step|p2a: Talonflame\n|-supereffective|p2a: Talonflame\n|-damage|p2a: Talonflame|0 fnt\n|-boost|p1a: Quaquaval|spe|1\n|faint|p2a: Talonflame\n|-ability|p1a: Quaquaval|Moxie|boost\n|-boost|p1a: Quaquaval|atk|1\n|\n|upkeep\n|\n|t:|1698461271\n|switch|p2a: Quaquaval|Quaquaval, M|100\/100\n|turn|4\n|\n|t:|1698461276\n|-terastallize|p2a: Quaquaval|Flying\n|move|p1a: Quaquaval|Aqua Step|p2a: Quaquaval\n|-damage|p2a: Quaquaval|4\/100\n|-boost|p1a: Quaquaval|spe|1\n|move|p2a: Quaquaval|Acrobatics|p1a: Quaquaval\n|-supereffective|p1a: Quaquaval\n|-damage|p1a: Quaquaval|0 fnt\n|faint|p1a: Quaquaval\n|-ability|p2a: Quaquaval|Moxie|boost\n|-boost|p2a: Quaquaval|atk|1\n|\n|upkeep\n|\n|t:|1698461289\n|switch|p1a: Miraidon|Miraidon|100\/100\n|-damage|p1a: Miraidon|88\/100|[from] Stealth Rock\n|-status|p1a: Miraidon|tox\n|-fieldstart|move: Electric Terrain|[from] ability: Hadron Engine|[of] p1a: Miraidon\n|turn|5\n|\n|t:|1698461313\n|move|p2a: Quaquaval|Close Combat|p1a: Miraidon\n|-damage|p1a: Miraidon|1\/100 tox\n|-unboost|p2a: Quaquaval|def|1\n|-unboost|p2a: Quaquaval|spd|1\n|move|p1a: Miraidon|Electro Drift|p2a: Quaquaval\n|-supereffective|p2a: Quaquaval\n|-damage|p2a: Quaquaval|0 fnt\n|faint|p2a: Quaquaval\n|\n|-heal|p1a: Miraidon|7\/100 tox|[from] item: Leftovers\n|-damage|p1a: Miraidon|1\/100 tox|[from] psn\n|upkeep\n|\n|t:|1698461328\n|switch|p2a: Umbreon|Umbreon, F|100\/100\n|turn|6\n|\n|t:|1698461333\n|move|p1a: Miraidon|Electro Drift|p2a: Umbreon\n|-damage|p2a: Umbreon|62\/100\n|move|p2a: Umbreon|Wish|p2a: Umbreon\n|\n|-heal|p1a: Miraidon|7\/100 tox|[from] item: Leftovers\n|-heal|p2a: Umbreon|68\/100|[from] item: Leftovers\n|-damage|p1a: Miraidon|0 fnt|[from] psn\n|faint|p1a: Miraidon\n|-sideend|p2: Nkmw1996|move: Tailwind\n|upkeep\n|inactive|Battle timer is ON: inactive players will automatically lose when time's up. (requested by Kayleb1718)\n|\n|t:|1698461345\n|switch|p1a: Urshifu|Urshifu-Rapid-Strike, M|100\/100\n|-damage|p1a: Urshifu|94\/100|[from] Stealth Rock\n|-status|p1a: Urshifu|tox\n|turn|7\n|\n|t:|1698461358\n|move|p2a: Umbreon|Protect|p2a: Umbreon\n|-singleturn|p2a: Umbreon|Protect\n|move|p1a: Urshifu|Drain Punch|p2a: Umbreon\n|-supereffective|p2a: Umbreon\n|-damage|p2a: Umbreon|4\/100\n|-heal|p1a: Urshifu|100\/100 tox|[from] drain|[of] p2a: Umbreon\n|\n|-heal|p2a: Umbreon|54\/100|[from] move: Wish|[wisher] Umbreon\n|-heal|p2a: Umbreon|60\/100|[from] item: Leftovers\n|-damage|p1a: Urshifu|94\/100 tox|[from] psn\n|upkeep\n|turn|8\n|\n|t:|1698461371\n|move|p1a: Urshifu|Drain Punch|p2a: Umbreon\n|-supereffective|p2a: Umbreon\n|-damage|p2a: Umbreon|0 fnt\n|-heal|p1a: Urshifu|100\/100 tox|[from] drain|[of] p2a: Umbreon\n|faint|p2a: Umbreon\n|\n|-damage|p1a: Urshifu|88\/100 tox|[from] psn\n|upkeep\n|\n|t:|1698461383\n|switch|p2a: Scizor|Scizor, F|100\/100\n|turn|9\n|\n|t:|1698461389\n|move|p1a: Urshifu|Drain Punch|p2a: Scizor\n|-damage|p2a: Scizor|62\/100\n|-heal|p1a: Urshifu|100\/100 tox|[from] drain|[of] p2a: Scizor\n|move|p2a: Scizor|Close Combat|p1a: Urshifu\n|-damage|p1a: Urshifu|26\/100 tox\n|-unboost|p2a: Scizor|def|1\n|-unboost|p2a: Scizor|spd|1\n|\n|-heal|p1a: Urshifu|32\/100 tox|[from] item: Leftovers\n|-damage|p1a: Urshifu|14\/100 tox|[from] psn\n|-fieldend|move: Electric Terrain\n|upkeep\n|turn|10\n|\n|t:|1698461403\n|move|p1a: Urshifu|Surging Strikes|p2a: Scizor\n|-crit|p2a: Scizor\n|-damage|p2a: Scizor|30\/100\n|-crit|p2a: Scizor\n|-damage|p2a: Scizor|1\/100\n|-crit|p2a: Scizor\n|-damage|p2a: Scizor|0 fnt\n|faint|p2a: Scizor\n|-hitcount|p2: Scizor|3\n|\n|-heal|p1a: Urshifu|20\/100 tox|[from] item: Leftovers\n|-damage|p1a: Urshifu|0 fnt|[from] psn\n|faint|p1a: Urshifu\n|upkeep\n|\n|t:|1698461419\n|switch|p1a: Zacian|Zacian-Crowned, shiny|100\/100\n|switch|p2a: Weavile|Weavile, M|100\/100\n|-damage|p1a: Zacian|94\/100|[from] Stealth Rock\n|-ability|p1a: Zacian|Intrepid Sword|boost\n|-boost|p1a: Zacian|atk|1\n|-ability|p2a: Weavile|Pressure\n|turn|11\n|\n|t:|1698461432\n|move|p1a: Zacian|Sacred Sword|p2a: Weavile\n|-supereffective|p2a: Weavile\n|-damage|p2a: Weavile|0 fnt\n|faint|p2a: Weavile\n|\n|win|Kayleb1718\n|raw|Kayleb1718's rating: 1342 &rarr; <strong>1356<\/strong><br \/>(+14 for winning)\n|raw|Nkmw1996's rating: 1228 &rarr; <strong>1211<\/strong><br \/>(-17 for losing)\n|l|\u2606Nkmw1996\n|c|\u2606Kayleb1718|Ggwp\n","uploadtime":1698461446,"views":8,"p1id":"kayleb1718","p2id":"nkmw1996","formatid":"gen9anythinggoes","rating":1211,"private":0,"password":""}