{"id":"gen9anythinggoes-1983436681","p1":"Lass Veronica","p2":"Yabadabadooba","format":"[Gen 9] Anything Goes","log":"|j|\u2606Lass Veronica\n|j|\u2606Yabadabadooba\n|t:|1699130004\n|gametype|singles\n|player|p1|Lass Veronica|lady-gen4|1173\n|player|p2|Yabadabadooba|ingo|1075\n|teamsize|p1|6\n|teamsize|p2|6\n|gen|9\n|tier|[Gen 9] Anything Goes\n|rated|\n|rule|HP Percentage Mod: HP is shown in percentages\n|rule|Endless Battle Clause: Forcing endless battles is banned\n|clearpoke\n|poke|p1|Gliscor, F|\n|poke|p1|Quagsire, F|\n|poke|p1|Krookodile, M|\n|poke|p1|Palossand, M|\n|poke|p1|Hippowdon, F|\n|poke|p1|Garchomp, F|\n|poke|p2|Drifblim, F|\n|poke|p2|Cloyster, F|\n|poke|p2|Amoonguss, F|\n|poke|p2|Maushold-Four|\n|poke|p2|Shaymin-Sky|\n|poke|p2|Polteageist|\n|teampreview\n|\n|t:|1699130012\n|start\n|switch|p1a: Hippowdon|Hippowdon, F|100\/100\n|switch|p2a: Amoonguss|Amoonguss, F|100\/100\n|-weather|Sandstorm|[from] ability: Sand Stream|[of] p1a: Hippowdon\n|turn|1\n|\n|t:|1699130022\n|move|p1a: Hippowdon|Fire Fang|p2a: Amoonguss\n|-supereffective|p2a: Amoonguss\n|-damage|p2a: Amoonguss|60\/100\n|move|p2a: Amoonguss|Spore|p1a: Hippowdon\n|-status|p1a: Hippowdon|slp|[from] move: Spore\n|\n|-weather|Sandstorm|[upkeep]\n|-damage|p2a: Amoonguss|54\/100|[from] Sandstorm\n|-heal|p2a: Amoonguss|60\/100|[from] item: Leftovers\n|upkeep\n|turn|2\n|\n|t:|1699130030\n|cant|p1a: Hippowdon|slp\n|move|p2a: Amoonguss|Giga Drain|p1a: Hippowdon\n|-supereffective|p1a: Hippowdon\n|-damage|p1a: Hippowdon|56\/100 slp\n|-heal|p2a: Amoonguss|82\/100|[from] drain|[of] p1a: Hippowdon\n|\n|-weather|Sandstorm|[upkeep]\n|-damage|p2a: Amoonguss|75\/100|[from] Sandstorm\n|-heal|p2a: Amoonguss|82\/100|[from] item: Leftovers\n|upkeep\n|turn|3\n|\n|t:|1699130039\n|cant|p1a: Hippowdon|slp\n|move|p2a: Amoonguss|Substitute|p2a: Amoonguss\n|-start|p2a: Amoonguss|Substitute\n|-damage|p2a: Amoonguss|57\/100\n|\n|-weather|Sandstorm|[upkeep]\n|-damage|p2a: Amoonguss|50\/100|[from] Sandstorm\n|-heal|p2a: Amoonguss|57\/100|[from] item: Leftovers\n|upkeep\n|turn|4\n|\n|t:|1699130046\n|cant|p1a: Hippowdon|slp\n|move|p2a: Amoonguss|Giga Drain|p1a: Hippowdon\n|-supereffective|p1a: Hippowdon\n|-damage|p1a: Hippowdon|10\/100 slp\n|-heal|p2a: Amoonguss|79\/100|[from] drain|[of] p1a: Hippowdon\n|\n|-weather|Sandstorm|[upkeep]\n|-damage|p2a: Amoonguss|73\/100|[from] Sandstorm\n|-heal|p2a: Amoonguss|79\/100|[from] item: Leftovers\n|upkeep\n|turn|5\n|\n|t:|1699130057\n|switch|p1a: Sand Shark|Garchomp, F, shiny|100\/100\n|move|p2a: Amoonguss|Giga Drain|p1a: Sand Shark\n|-damage|p1a: Sand Shark|75\/100\n|-heal|p2a: Amoonguss|90\/100|[from] drain|[of] p1a: Sand Shark\n|\n|-weather|Sandstorm|[upkeep]\n|-damage|p2a: Amoonguss|83\/100|[from] Sandstorm\n|-heal|p2a: Amoonguss|90\/100|[from] item: Leftovers\n|upkeep\n|turn|6\n|\n|t:|1699130069\n|move|p1a: Sand Shark|Iron Head|p2a: Amoonguss\n|-end|p2a: Amoonguss|Substitute\n|move|p2a: Amoonguss|Spore|p1a: Sand Shark\n|-status|p1a: Sand Shark|slp|[from] move: Spore\n|\n|-weather|Sandstorm|[upkeep]\n|-damage|p2a: Amoonguss|83\/100|[from] Sandstorm\n|-heal|p2a: Amoonguss|90\/100|[from] item: Leftovers\n|upkeep\n|turn|7\n|\n|t:|1699130077\n|cant|p1a: Sand Shark|slp\n|move|p2a: Amoonguss|Substitute|p2a: Amoonguss\n|-start|p2a: Amoonguss|Substitute\n|-damage|p2a: Amoonguss|65\/100\n|\n|-weather|Sandstorm|[upkeep]\n|-damage|p2a: Amoonguss|58\/100|[from] Sandstorm\n|-heal|p2a: Amoonguss|65\/100|[from] item: Leftovers\n|upkeep\n|turn|8\n|\n|t:|1699130085\n|-curestatus|p1a: Sand Shark|slp|[msg]\n|move|p1a: Sand Shark|Iron Head|p2a: Amoonguss\n|-activate|p2a: Amoonguss|move: Substitute|[damage]\n|move|p2a: Amoonguss|Giga Drain|p1a: Sand Shark\n|-damage|p1a: Sand Shark|51\/100\n|-heal|p2a: Amoonguss|75\/100|[from] drain|[of] p1a: Sand Shark\n|\n|-weather|none\n|-heal|p2a: Amoonguss|81\/100|[from] item: Leftovers\n|upkeep\n|turn|9\n|\n|t:|1699130095\n|switch|p1a: Hippowdon|Hippowdon, F|10\/100 slp\n|-weather|Sandstorm|[from] ability: Sand Stream|[of] p1a: Hippowdon\n|move|p2a: Amoonguss|Protect||[still]\n|-fail|p2a: Amoonguss\n|\n|-weather|Sandstorm|[upkeep]\n|-damage|p2a: Amoonguss|75\/100|[from] Sandstorm\n|-heal|p2a: Amoonguss|81\/100|[from] item: Leftovers\n|upkeep\n|turn|10\n|\n|t:|1699130107\n|switch|p1a: Literal Sand|Palossand, M, shiny|100\/100\n|move|p2a: Amoonguss|Giga Drain|p1a: Literal Sand\n|-supereffective|p1a: Literal Sand\n|-damage|p1a: Literal Sand|50\/100\n|-heal|p2a: Amoonguss|100\/100|[from] drain|[of] p1a: Literal Sand\n|\n|-weather|Sandstorm|[upkeep]\n|-damage|p2a: Amoonguss|94\/100|[from] Sandstorm\n|-heal|p2a: Amoonguss|100\/100|[from] item: Leftovers\n|upkeep\n|turn|11\n|\n|t:|1699130120\n|move|p2a: Amoonguss|Protect|p2a: Amoonguss\n|-singleturn|p2a: Amoonguss|Protect\n|move|p1a: Literal Sand|Shore Up|p1a: Literal Sand\n|-heal|p1a: Literal Sand|100\/100\n|\n|-weather|Sandstorm|[upkeep]\n|-damage|p2a: Amoonguss|94\/100|[from] Sandstorm\n|-heal|p2a: Amoonguss|100\/100|[from] item: Leftovers\n|upkeep\n|turn|12\n|\n|t:|1699130130\n|move|p1a: Literal Sand|Chilling Water|p2a: Amoonguss\n|-resisted|p2a: Amoonguss\n|-end|p2a: Amoonguss|Substitute\n|move|p2a: Amoonguss|Spore|p1a: Literal Sand\n|-status|p1a: Literal Sand|slp|[from] move: Spore\n|\n|-weather|Sandstorm|[upkeep]\n|-damage|p2a: Amoonguss|94\/100|[from] Sandstorm\n|-heal|p2a: Amoonguss|100\/100|[from] item: Leftovers\n|upkeep\n|turn|13\n|\n|t:|1699130138\n|cant|p1a: Literal Sand|slp\n|move|p2a: Amoonguss|Giga Drain|p1a: Literal Sand\n|-supereffective|p1a: Literal Sand\n|-damage|p1a: Literal Sand|50\/100 slp\n|\n|-weather|Sandstorm|[upkeep]\n|-damage|p2a: Amoonguss|94\/100|[from] Sandstorm\n|-heal|p2a: Amoonguss|100\/100|[from] item: Leftovers\n|upkeep\n|turn|14\n|\n|t:|1699130145\n|cant|p1a: Literal Sand|slp\n|move|p2a: Amoonguss|Substitute|p2a: Amoonguss\n|-start|p2a: Amoonguss|Substitute\n|-damage|p2a: Amoonguss|75\/100\n|\n|-weather|Sandstorm|[upkeep]\n|-damage|p2a: Amoonguss|69\/100|[from] Sandstorm\n|-heal|p2a: Amoonguss|75\/100|[from] item: Leftovers\n|upkeep\n|turn|15\n|\n|t:|1699130152\n|-curestatus|p1a: Literal Sand|slp|[msg]\n|move|p1a: Literal Sand|Shore Up|p1a: Literal Sand\n|-heal|p1a: Literal Sand|100\/100\n|move|p2a: Amoonguss|Giga Drain|p1a: Literal Sand\n|-supereffective|p1a: Literal Sand\n|-damage|p1a: Literal Sand|44\/100\n|-heal|p2a: Amoonguss|99\/100|[from] drain|[of] p1a: Literal Sand\n|\n|-weather|Sandstorm|[upkeep]\n|-damage|p2a: Amoonguss|94\/100|[from] Sandstorm\n|-heal|p2a: Amoonguss|99\/100|[from] item: Leftovers\n|upkeep\n|turn|16\n|\n|t:|1699130163\n|move|p1a: Literal Sand|Shore Up|p1a: Literal Sand\n|-heal|p1a: Literal Sand|100\/100\n|move|p2a: Amoonguss|Giga Drain|p1a: Literal Sand\n|-supereffective|p1a: Literal Sand\n|-damage|p1a: Literal Sand|52\/100\n|-heal|p2a: Amoonguss|100\/100|[from] drain|[of] p1a: Literal Sand\n|\n|-weather|none\n|upkeep\n|turn|17\n|\n|t:|1699130174\n|move|p1a: Literal Sand|Shore Up|p1a: Literal Sand\n|-heal|p1a: Literal Sand|100\/100\n|move|p2a: Amoonguss|Spore|p1a: Literal Sand\n|-status|p1a: Literal Sand|slp|[from] move: Spore\n|\n|upkeep\n|turn|18\n|\n|t:|1699130181\n|switch|p1a: Hippowdon|Hippowdon, F|10\/100 slp\n|-weather|Sandstorm|[from] ability: Sand Stream|[of] p1a: Hippowdon\n|move|p2a: Amoonguss|Giga Drain|p1a: Hippowdon\n|-supereffective|p1a: Hippowdon\n|-damage|p1a: Hippowdon|0 fnt\n|faint|p1a: Hippowdon\n|\n|-weather|Sandstorm|[upkeep]\n|-damage|p2a: Amoonguss|94\/100|[from] Sandstorm\n|-heal|p2a: Amoonguss|100\/100|[from] item: Leftovers\n|upkeep\n|\n|t:|1699130192\n|switch|p1a: Croc|Krookodile, M|100\/100\n|turn|19\n|\n|t:|1699130197\n|move|p1a: Croc|Foul Play|p2a: Amoonguss\n|-activate|p2a: Amoonguss|move: Substitute|[damage]\n|move|p2a: Amoonguss|Spore|p1a: Croc\n|-status|p1a: Croc|slp|[from] move: Spore\n|\n|-weather|Sandstorm|[upkeep]\n|-damage|p2a: Amoonguss|94\/100|[from] Sandstorm\n|-heal|p2a: Amoonguss|100\/100|[from] item: Leftovers\n|upkeep\n|turn|20\n|-message|Lass Veronica forfeited.\n|\n|win|Yabadabadooba\n|raw|Lass Veronica's rating: 1173 &rarr; <strong>1141<\/strong><br \/>(-32 for losing)\n|raw|Yabadabadooba's rating: 1075 &rarr; <strong>1112<\/strong><br \/>(+37 for winning)\n|l|\u2606Lass Veronica\n","uploadtime":1699130210,"views":14,"p1id":"lassveronica","p2id":"yabadabadooba","formatid":"gen9anythinggoes","rating":1112,"private":0,"password":""}