{"id":"gen9anythinggoes-1978734562","p1":"MiseryRaven","p2":"Krawo","format":"[Gen 9] Anything Goes","log":"|j|\u2606MiseryRaven\n|j|\u2606Krawo\n|t:|1698588651\n|gametype|singles\n|player|p1|MiseryRaven|n|\n|player|p2|Krawo|1|\n|teamsize|p1|6\n|teamsize|p2|6\n|gen|9\n|tier|[Gen 9] Anything Goes\n|rule|HP Percentage Mod: HP is shown in percentages\n|rule|Endless Battle Clause: Forcing endless battles is banned\n|clearpoke\n|poke|p1|Fezandipiti, M|\n|poke|p1|Ogerpon, F|\n|poke|p1|Slither Wing|\n|poke|p1|Milotic, F|\n|poke|p1|Regieleki|\n|poke|p1|Iron Treads|\n|poke|p2|Groudon|\n|poke|p2|Walking Wake|\n|poke|p2|Eternatus|\n|poke|p2|Iron Leaves|\n|poke|p2|Flutter Mane|\n|poke|p2|Dialga-Origin|\n|teampreview\n|\n|t:|1698588699\n|start\n|switch|p1a: Plutos|Iron Treads|100\/100\n|switch|p2a: Marvin|Groudon|100\/100\n|-weather|SunnyDay|[from] ability: Drought|[of] p2a: Marvin\n|turn|1\n|\n|t:|1698588717\n|move|p1a: Plutos|Stealth Rock|p2a: Marvin\n|-sidestart|p2: Krawo|move: Stealth Rock\n|move|p2a: Marvin|Spikes|p1a: Plutos\n|-sidestart|p1: MiseryRaven|Spikes\n|\n|-weather|SunnyDay|[upkeep]\n|upkeep\n|turn|2\n|\n|t:|1698588727\n|-end|p1a: Plutos|Quark Drive|[silent]\n|switch|p1a: Athene|Milotic, F, shiny|100\/100\n|-damage|p1a: Athene|88\/100|[from] Spikes\n|move|p2a: Marvin|Precipice Blades|p1a: Athene\n|-damage|p1a: Athene|1\/100\n|\n|-weather|SunnyDay|[upkeep]\n|-heal|p1a: Athene|7\/100|[from] item: Leftovers\n|upkeep\n|turn|3\n|\n|t:|1698588738\n|move|p2a: Marvin|Thunder Punch|p1a: Athene\n|-supereffective|p1a: Athene\n|-damage|p1a: Athene|0 fnt\n|faint|p1a: Athene\n|\n|-weather|SunnyDay|[upkeep]\n|upkeep\n|\n|t:|1698588748\n|switch|p1a: Musen|Ogerpon, F|100\/100\n|-damage|p1a: Musen|88\/100|[from] Spikes\n|turn|4\n|\n|t:|1698588759\n|switch|p2a: Eternatus|Eternatus|100\/100\n|-damage|p2a: Eternatus|88\/100|[from] Stealth Rock\n|-ability|p2a: Eternatus|Pressure\n|move|p1a: Musen|Knock Off|p2a: Eternatus\n|-damage|p2a: Eternatus|56\/100\n|-enditem|p2a: Eternatus|Black Sludge|[from] move: Knock Off|[of] p1a: Musen\n|-damage|p1a: Musen|78\/100|[from] item: Life Orb\n|\n|-weather|SunnyDay|[upkeep]\n|upkeep\n|turn|5\n|\n|t:|1698588775\n|switch|p1a: Plutos|Iron Treads|100\/100\n|-damage|p1a: Plutos|88\/100|[from] Spikes\n|move|p2a: Eternatus|Recover|p2a: Eternatus\n|-heal|p2a: Eternatus|100\/100\n|\n|-weather|SunnyDay|[upkeep]\n|upkeep\n|turn|6\n|\n|t:|1698588787\n|move|p2a: Eternatus|Flamethrower|p1a: Plutos\n|-supereffective|p1a: Plutos\n|-damage|p1a: Plutos|0 fnt\n|faint|p1a: Plutos\n|-end|p1a: Plutos|Quark Drive|[silent]\n|\n|-weather|SunnyDay|[upkeep]\n|upkeep\n|\n|t:|1698588830\n|switch|p1a: Apollon|Regieleki|100\/100\n|-damage|p1a: Apollon|88\/100|[from] Spikes\n|turn|7\n|\n|t:|1698588838\n|move|p1a: Apollon|Volt Switch|p2a: Eternatus\n|-resisted|p2a: Eternatus\n|-damage|p2a: Eternatus|84\/100\n|\n|t:|1698588845\n|switch|p1a: Aphrodite|Fezandipiti, M|100\/100|[from] Volt Switch\n|-damage|p1a: Aphrodite|88\/100|[from] Spikes\n|move|p2a: Eternatus|Flamethrower|p1a: Aphrodite\n|-damage|p1a: Aphrodite|55\/100\n|\n|-weather|SunnyDay|[upkeep]\n|upkeep\n|turn|8\n|\n|t:|1698588951\n|move|p2a: Eternatus|Recover|p2a: Eternatus\n|-heal|p2a: Eternatus|100\/100\n|move|p1a: Aphrodite|Play Rough|p2a: Eternatus\n|-damage|p2a: Eternatus|76\/100\n|\n|-weather|none\n|upkeep\n|turn|9\n|\n|t:|1698588961\n|move|p2a: Eternatus|Sludge Bomb|p1a: Aphrodite\n|-damage|p1a: Aphrodite|22\/100\n|move|p1a: Aphrodite|Play Rough|p2a: Eternatus\n|-damage|p2a: Eternatus|52\/100\n|\n|upkeep\n|turn|10\n|\n|t:|1698588968\n|move|p2a: Eternatus|Recover|p2a: Eternatus\n|-heal|p2a: Eternatus|100\/100\n|move|p1a: Aphrodite|Play Rough|p2a: Eternatus\n|-damage|p2a: Eternatus|72\/100\n|\n|upkeep\n|turn|11\n|\n|t:|1698588973\n|move|p2a: Eternatus|Sludge Bomb|p1a: Aphrodite\n|-damage|p1a: Aphrodite|0 fnt\n|faint|p1a: Aphrodite\n|\n|upkeep\n|\n|t:|1698588983\n|switch|p1a: Ares|Slither Wing, shiny|100\/100\n|-damage|p1a: Ares|88\/100|[from] Spikes\n|turn|12\n|\n|t:|1698588997\n|switch|p2a: Iron Leaves|Iron Leaves|100\/100\n|-damage|p2a: Iron Leaves|88\/100|[from] Stealth Rock\n|move|p1a: Ares|First Impression|p2a: Iron Leaves\n|-supereffective|p2a: Iron Leaves\n|-enditem|p2a: Iron Leaves|Tanga Berry|[eat]\n|-enditem|p2a: Iron Leaves|Tanga Berry|[weaken]\n|-damage|p2a: Iron Leaves|7\/100\n|\n|upkeep\n|turn|13\n|\n|t:|1698589015\n|move|p2a: Iron Leaves|Psyblade|p1a: Ares\n|-supereffective|p1a: Ares\n|-damage|p1a: Ares|12\/100\n|move|p1a: Ares|Trailblaze|p2a: Iron Leaves\n|-resisted|p2a: Iron Leaves\n|-damage|p2a: Iron Leaves|0 fnt\n|-boost|p1a: Ares|spe|1\n|faint|p2a: Iron Leaves\n|-end|p2a: Iron Leaves|Quark Drive|[silent]\n|\n|upkeep\n|\n|t:|1698589022\n|switch|p2a: Eternatus|Eternatus|72\/100\n|-damage|p2a: Eternatus|60\/100|[from] Stealth Rock\n|-ability|p2a: Eternatus|Pressure\n|turn|14\n|\n|t:|1698589029\n|move|p2a: Eternatus|Recover|p2a: Eternatus\n|-heal|p2a: Eternatus|100\/100\n|move|p1a: Ares|Flare Blitz|p2a: Eternatus\n|-resisted|p2a: Eternatus\n|-damage|p2a: Eternatus|86\/100\n|-damage|p1a: Ares|6\/100|[from] Recoil\n|\n|upkeep\n|turn|15\n|\n|t:|1698589035\n|move|p2a: Eternatus|Flamethrower|p1a: Ares\n|-supereffective|p1a: Ares\n|-enditem|p1a: Ares|Occa Berry|[eat]\n|-enditem|p1a: Ares|Occa Berry|[weaken]\n|-damage|p1a: Ares|0 fnt\n|faint|p1a: Ares\n|-end|p1a: Ares|Protosynthesis|[silent]\n|\n|upkeep\n|\n|t:|1698589042\n|switch|p1a: Musen|Ogerpon, F|78\/100\n|-damage|p1a: Musen|66\/100|[from] Spikes\n|turn|16\n|\n|t:|1698589045\n|move|p2a: Eternatus|Flamethrower|p1a: Musen\n|-supereffective|p1a: Musen\n|-damage|p1a: Musen|1\/100\n|move|p1a: Musen|Stomping Tantrum|p2a: Eternatus\n|-supereffective|p2a: Eternatus\n|-damage|p2a: Eternatus|42\/100\n|-damage|p1a: Musen|0 fnt|[from] item: Life Orb\n|faint|p1a: Musen\n|\n|upkeep\n|\n|t:|1698589051\n|switch|p1a: Apollon|Regieleki|88\/100\n|-damage|p1a: Apollon|76\/100|[from] Spikes\n|turn|17\n|\n|t:|1698589057\n|switch|p2a: Marvin|Groudon|100\/100\n|-damage|p2a: Marvin|94\/100|[from] Stealth Rock\n|-weather|SunnyDay|[from] ability: Drought|[of] p2a: Marvin\n|move|p1a: Apollon|Tera Blast|p2a: Marvin\n|-damage|p2a: Marvin|73\/100\n|\n|-weather|SunnyDay|[upkeep]\n|upkeep\n|turn|18\n|\n|t:|1698589065\n|move|p1a: Apollon|Rapid Spin|p2a: Marvin\n|-damage|p2a: Marvin|64\/100\n|-boost|p1a: Apollon|spe|1\n|-sideend|p1: MiseryRaven|Spikes|[from] move: Rapid Spin|[of] p1a: Apollon\n|move|p2a: Marvin|Heat Crash|p1a: Apollon\n|-damage|p1a: Apollon|0 fnt\n|faint|p1a: Apollon\n|\n|win|Krawo\n","uploadtime":1698589069,"views":10,"p1id":"miseryraven","p2id":"krawo","formatid":"gen9anythinggoes","rating":0,"private":0,"password":""}