{"id":"gen9anythinggoes-1982558321","p1":"Daice","p2":"Terastialize29","format":"[Gen 9] Anything Goes","log":"|j|\u2606Daice\n|j|\u2606Terastialize29\n|t:|1699025439\n|gametype|singles\n|player|p1|Daice|iris|1015\n|player|p2|Terastialize29|1|1000\n|teamsize|p1|6\n|teamsize|p2|6\n|gen|9\n|tier|[Gen 9] Anything Goes\n|rated|\n|rule|HP Percentage Mod: HP is shown in percentages\n|rule|Endless Battle Clause: Forcing endless battles is banned\n|clearpoke\n|poke|p1|Cyclizar, F|\n|poke|p1|Gliscor, F|\n|poke|p1|Volcarona, M|\n|poke|p1|Samurott-Hisui, F|\n|poke|p1|Sylveon, F|\n|poke|p1|Zoroark-Hisui, F|\n|poke|p2|Dragonite, M|\n|poke|p2|Dragapult, F|\n|poke|p2|Greninja-*, M|\n|poke|p2|Iron Hands|\n|poke|p2|Palafin, F|\n|poke|p2|Kingambit, M|\n|teampreview\n|\n|t:|1699025445\n|start\n|switch|p1a: Cyclone|Cyclizar, F|100\/100\n|switch|p2a: Palafin|Palafin, F|100\/100\n|turn|1\n|inactive|Battle timer is ON: inactive players will automatically lose when time's up. (requested by Terastialize29)\n|\n|t:|1699025451\n|move|p1a: Cyclone|Shed Tail|p1a: Cyclone\n|-start|p1a: Cyclone|Substitute|[from] move: Shed Tail\n|-damage|p1a: Cyclone|50\/100\n|\n|t:|1699025456\n|switch|p1a: Mochi|Sylveon, F, shiny|100\/100|[from] Shed Tail\n|move|p2a: Palafin|Flip Turn|p1a: Mochi\n|-activate|p1a: Mochi|move: Substitute|[damage]\n|\n|t:|1699025467\n|detailschange|p2a: Palafin|Palafin-Hero, F\n|switch|p2a: Greninja|Greninja, M|100\/100|[from] Flip Turn\n|\n|upkeep\n|turn|2\n|\n|t:|1699025472\n|move|p2a: Greninja|Swords Dance|p2a: Greninja\n|-boost|p2a: Greninja|atk|2\n|move|p1a: Mochi|Calm Mind|p1a: Mochi\n|-boost|p1a: Mochi|spa|1\n|-boost|p1a: Mochi|spd|1\n|\n|upkeep\n|turn|3\n|\n|t:|1699025478\n|move|p2a: Greninja|Swords Dance|p2a: Greninja\n|-boost|p2a: Greninja|atk|2\n|move|p1a: Mochi|Calm Mind|p1a: Mochi\n|-boost|p1a: Mochi|spa|1\n|-boost|p1a: Mochi|spd|1\n|\n|upkeep\n|turn|4\n|\n|t:|1699025484\n|move|p2a: Greninja|Night Slash|p1a: Mochi\n|-resisted|p1a: Mochi\n|-end|p1a: Mochi|Substitute\n|move|p1a: Mochi|Calm Mind|p1a: Mochi\n|-boost|p1a: Mochi|spa|1\n|-boost|p1a: Mochi|spd|1\n|\n|upkeep\n|turn|5\n|\n|t:|1699025492\n|move|p2a: Greninja|Night Slash|p1a: Mochi\n|-resisted|p1a: Mochi\n|-damage|p1a: Mochi|57\/100\n|move|p1a: Mochi|Hyper Voice|p2a: Greninja\n|-supereffective|p2a: Greninja\n|-damage|p2a: Greninja|0 fnt\n|faint|p2a: Greninja\n|\n|upkeep\n|\n|t:|1699025498\n|switch|p2a: Kingambit|Kingambit, M|100\/100\n|-activate|p2a: Kingambit|ability: Supreme Overlord\n|-start|p2a: Kingambit|fallen1|[silent]\n|turn|6\n|\n|t:|1699025506\n|move|p1a: Mochi|Yawn|p2a: Kingambit\n|-start|p2a: Kingambit|move: Yawn|[of] p1a: Mochi\n|move|p2a: Kingambit|Brick Break|p1a: Mochi\n|-resisted|p1a: Mochi\n|-damage|p1a: Mochi|37\/100\n|\n|upkeep\n|turn|7\n|\n|t:|1699025514\n|move|p2a: Kingambit|Sucker Punch||[still]\n|-fail|p2a: Kingambit\n|move|p1a: Mochi|Calm Mind|p1a: Mochi\n|-boost|p1a: Mochi|spa|1\n|-boost|p1a: Mochi|spd|1\n|\n|-end|p2a: Kingambit|move: Yawn|[silent]\n|-status|p2a: Kingambit|slp\n|upkeep\n|turn|8\n|\n|t:|1699025523\n|-end|p2a: Kingambit|fallen1|[silent]\n|switch|p2a: Palafin|Palafin-Hero, F|100\/100\n|-activate|p2a: Palafin|ability: Zero to Hero\n|move|p1a: Mochi|Calm Mind|p1a: Mochi\n|-boost|p1a: Mochi|spa|1\n|-boost|p1a: Mochi|spd|1\n|\n|upkeep\n|turn|9\n|\n|t:|1699025530\n|move|p2a: Palafin|Hydro Pump|p1a: Mochi\n|-damage|p1a: Mochi|26\/100\n|move|p1a: Mochi|Yawn|p2a: Palafin\n|-start|p2a: Palafin|move: Yawn|[of] p1a: Mochi\n|\n|upkeep\n|turn|10\n|c|\u2606Daice|no sleep clause\n|\n|t:|1699025542\n|move|p2a: Palafin|Boomburst|p1a: Mochi\n|-damage|p1a: Mochi|18\/100\n|move|p1a: Mochi|Calm Mind|p1a: Mochi\n|-boost|p1a: Mochi|spa|1\n|-boost|p1a: Mochi|spd|1\n|\n|-end|p2a: Palafin|move: Yawn|[silent]\n|-status|p2a: Palafin|slp\n|upkeep\n|turn|11\n|\n|t:|1699025549\n|switch|p2a: Iron Hands|Iron Hands|100\/100\n|move|p1a: Mochi|Hyper Voice|p2a: Iron Hands\n|-supereffective|p2a: Iron Hands\n|-enditem|p2a: Iron Hands|Focus Sash\n|-damage|p2a: Iron Hands|1\/100\n|\n|upkeep\n|turn|12\n|\n|t:|1699025557\n|move|p1a: Mochi|Hyper Voice|p2a: Iron Hands\n|-supereffective|p2a: Iron Hands\n|-damage|p2a: Iron Hands|0 fnt\n|faint|p2a: Iron Hands\n|-end|p2a: Iron Hands|Quark Drive|[silent]\n|\n|upkeep\n|\n|t:|1699025561\n|switch|p2a: Dragonite|Dragonite, M|100\/100\n|turn|13\n|\n|t:|1699025565\n|move|p2a: Dragonite|Fire Blast|p1a: Mochi\n|-damage|p1a: Mochi|13\/100\n|move|p1a: Mochi|Hyper Voice|p2a: Dragonite\n|-supereffective|p2a: Dragonite\n|-damage|p2a: Dragonite|0 fnt\n|faint|p2a: Dragonite\n|\n|upkeep\n|\n|t:|1699025570\n|switch|p2a: Palafin|Palafin-Hero, F|100\/100 slp\n|turn|14\n|\n|t:|1699025574\n|cant|p2a: Palafin|slp\n|move|p1a: Mochi|Hyper Voice|p2a: Palafin\n|-damage|p2a: Palafin|0 fnt\n|faint|p2a: Palafin\n|\n|upkeep\n|\n|t:|1699025577\n|switch|p2a: Kingambit|Kingambit, M|100\/100 slp\n|-activate|p2a: Kingambit|ability: Supreme Overlord\n|-start|p2a: Kingambit|fallen4|[silent]\n|turn|15\n|\n|t:|1699025583\n|move|p1a: Mochi|Hyper Voice|p2a: Kingambit\n|-damage|p2a: Kingambit|0 fnt\n|faint|p2a: Kingambit\n|-end|p2a: Kingambit|fallen4|[silent]\n|\n|upkeep\n|\n|t:|1699025586\n|switch|p2a: Dragapult|Dragapult, F|100\/100\n|turn|16\n|\n|t:|1699025590\n|move|p2a: Dragapult|Will-O-Wisp|p1a: Mochi|[miss]\n|-miss|p2a: Dragapult|p1a: Mochi\n|move|p1a: Mochi|Hyper Voice|p2a: Dragapult\n|-supereffective|p2a: Dragapult\n|-enditem|p2a: Dragapult|Focus Sash\n|-damage|p2a: Dragapult|1\/100\n|\n|upkeep\n|turn|17\n|\n|t:|1699025596\n|move|p2a: Dragapult|Flamethrower|p1a: Mochi\n|-damage|p1a: Mochi|8\/100\n|move|p1a: Mochi|Hyper Voice|p2a: Dragapult\n|-supereffective|p2a: Dragapult\n|-damage|p2a: Dragapult|0 fnt\n|faint|p2a: Dragapult\n|\n|win|Daice\n|raw|Daice's rating: 1015 &rarr; <strong>1051<\/strong><br \/>(+36 for winning)\n|raw|Terastialize29's rating: 1000 &rarr; <strong>1000<\/strong><br \/>(+0 for losing)\n|l|\u2606Terastialize29\n","uploadtime":1699025606,"views":2,"p1id":"daice","p2id":"terastialize29","formatid":"gen9anythinggoes","rating":1000,"private":0,"password":""}