{"id":"gen9anythinggoes-1973225017","p1":"supernevan6","p2":"duck_the_meta","format":"[Gen 9] Anything Goes","log":"|j|\u2606supernevan6\n|j|\u2606duck_the_meta\n|t:|1697941455\n|gametype|singles\n|player|p1|supernevan6|clemont|1195\n|player|p2|duck_the_meta|fisherman-gen4|1163\n|teamsize|p1|6\n|teamsize|p2|6\n|gen|9\n|tier|[Gen 9] Anything Goes\n|rated|\n|rule|HP Percentage Mod: HP is shown in percentages\n|rule|Endless Battle Clause: Forcing endless battles is banned\n|clearpoke\n|poke|p1|Iron Valiant|\n|poke|p1|Iron Bundle|\n|poke|p1|Iron Jugulis|\n|poke|p1|Miraidon|\n|poke|p1|Iron Moth|\n|poke|p1|Iron Thorns|\n|poke|p2|Charizard, F|\n|poke|p2|Polteageist|\n|poke|p2|Trevenant, F|\n|poke|p2|Milotic, M|\n|poke|p2|Furret, F|\n|poke|p2|Jirachi|\n|teampreview\n|\n|t:|1697941460\n|start\n|switch|p1a: Iron Moth|Iron Moth|100\/100\n|switch|p2a: Debt Note|Jirachi|100\/100\n|-enditem|p1a: Iron Moth|Booster Energy\n|-activate|p1a: Iron Moth|ability: Quark Drive|[fromitem]\n|-start|p1a: Iron Moth|quarkdrivespe\n|turn|1\n|c|\u2606duck_the_meta|Marty, i think we're back to the future\n|\n|t:|1697941473\n|move|p1a: Iron Moth|Fiery Dance|p2a: Debt Note\n|-supereffective|p2a: Debt Note\n|-damage|p2a: Debt Note|49\/100\n|-boost|p1a: Iron Moth|spa|1\n|move|p2a: Debt Note|Charge Beam|p1a: Iron Moth\n|-damage|p1a: Iron Moth|85\/100\n|-boost|p2a: Debt Note|spa|1\n|\n|upkeep\n|turn|2\n|c|\u2606supernevan6|TRUE\n|\n|t:|1697941487\n|switch|p2a: Dem Predy Fishes|Milotic, M|100\/100\n|move|p1a: Iron Moth|Fiery Dance|p2a: Dem Predy Fishes\n|-resisted|p2a: Dem Predy Fishes\n|-damage|p2a: Dem Predy Fishes|74\/100\n|\n|upkeep\n|turn|3\n|\n|t:|1697941497\n|move|p1a: Iron Moth|Energy Ball|p2a: Dem Predy Fishes\n|-supereffective|p2a: Dem Predy Fishes\n|-damage|p2a: Dem Predy Fishes|0 fnt\n|faint|p2a: Dem Predy Fishes\n|\n|upkeep\n|\n|t:|1697941503\n|switch|p2a: Bri'ish|Polteageist, shiny|100\/100\n|turn|4\n|\n|t:|1697941521\n|move|p1a: Iron Moth|Fiery Dance|p2a: Bri'ish\n|-damage|p2a: Bri'ish|16\/100\n|-boost|p1a: Iron Moth|spa|1\n|move|p2a: Bri'ish|Shell Smash|p2a: Bri'ish\n|-unboost|p2a: Bri'ish|def|1\n|-unboost|p2a: Bri'ish|spd|1\n|-boost|p2a: Bri'ish|atk|2\n|-boost|p2a: Bri'ish|spa|2\n|-boost|p2a: Bri'ish|spe|2\n|\n|upkeep\n|turn|5\n|\n|t:|1697941533\n|move|p2a: Bri'ish|Sucker Punch|p1a: Iron Moth\n|-damage|p1a: Iron Moth|52\/100\n|move|p1a: Iron Moth|Fiery Dance|p2a: Bri'ish\n|-damage|p2a: Bri'ish|0 fnt\n|-boost|p1a: Iron Moth|spa|1\n|faint|p2a: Bri'ish\n|\n|upkeep\n|c|\u2606supernevan6|The moth\n|\n|t:|1697941541\n|switch|p2a: Fantoccio|Trevenant, F|100\/100\n|turn|6\n|\n|t:|1697941548\n|-terastallize|p2a: Fantoccio|Ghost\n|move|p1a: Iron Moth|Fiery Dance|p2a: Fantoccio\n|-crit|p2a: Fantoccio\n|-damage|p2a: Fantoccio|0 fnt\n|-boost|p1a: Iron Moth|spa|1\n|faint|p2a: Fantoccio\n|\n|upkeep\n|\n|t:|1697941556\n|switch|p2a: Burnt gecko|Charizard, F, shiny|100\/100\n|turn|7\n|c|\u2606supernevan6|Truly, this is peak gameplay\n|\n|t:|1697941566\n|move|p1a: Iron Moth|Dazzling Gleam|p2a: Burnt gecko\n|-resisted|p2a: Burnt gecko\n|-damage|p2a: Burnt gecko|45\/100\n|move|p2a: Burnt gecko|Dig||[still]\n|-prepare|p2a: Burnt gecko|Dig\n|\n|upkeep\n|turn|8\n|\n|t:|1697941573\n|-end|p1a: Iron Moth|Quark Drive|[silent]\n|switch|p1a: Iron Jugulis|Iron Jugulis|100\/100\n|-enditem|p1a: Iron Jugulis|Booster Energy\n|-activate|p1a: Iron Jugulis|ability: Quark Drive|[fromitem]\n|-start|p1a: Iron Jugulis|quarkdrivespe\n|move|p2a: Burnt gecko|Dig|p1a: Iron Jugulis|[from]lockedmove\n|-immune|p1a: Iron Jugulis\n|\n|upkeep\n|turn|9\n|c|\u2606duck_the_meta|*demoman drunk sound effect 4*\n|\n|t:|1697941594\n|move|p1a: Iron Jugulis|Hurricane|p2a: Burnt gecko\n|-damage|p2a: Burnt gecko|0 fnt\n|faint|p2a: Burnt gecko\n|\n|upkeep\n|\n|t:|1697941598\n|switch|p2a: Debt Note|Jirachi|49\/100\n|turn|10\n|\n|t:|1697941602\n|move|p1a: Iron Jugulis|Flamethrower|p2a: Debt Note\n|-supereffective|p2a: Debt Note\n|-damage|p2a: Debt Note|13\/100\n|move|p2a: Debt Note|Charge Beam|p1a: Iron Jugulis\n|-supereffective|p1a: Iron Jugulis\n|-damage|p1a: Iron Jugulis|66\/100\n|-boost|p2a: Debt Note|spa|1\n|\n|upkeep\n|turn|11\n|\n|t:|1697941611\n|move|p1a: Iron Jugulis|Flamethrower|p2a: Debt Note\n|-supereffective|p2a: Debt Note\n|-damage|p2a: Debt Note|0 fnt\n|faint|p2a: Debt Note\n|\n|upkeep\n|\n|t:|1697941616\n|switch|p2a: Fuck Setup :3|Furret, F|100\/100\n|turn|12\n|c|\u2606supernevan6|Themb\n|\n|t:|1697941626\n|move|p1a: Iron Jugulis|Hurricane|p2a: Fuck Setup :3\n|-damage|p2a: Fuck Setup :3|1\/100\n|move|p2a: Fuck Setup :3|Play Rough|p1a: Iron Jugulis|[miss]\n|-miss|p2a: Fuck Setup :3|p1a: Iron Jugulis\n|\n|upkeep\n|turn|13\n|c|\u2606supernevan6|LOL\n|c|\u2606supernevan6|NOOOO POOR FURRET\n|\n|t:|1697941637\n|move|p1a: Iron Jugulis|Flamethrower|p2a: Fuck Setup :3\n|-damage|p2a: Fuck Setup :3|0 fnt\n|faint|p2a: Fuck Setup :3\n|\n|win|supernevan6\n|raw|supernevan6's rating: 1195 &rarr; <strong>1218<\/strong><br \/>(+23 for winning)\n|raw|duck_the_meta's rating: 1163 &rarr; <strong>1140<\/strong><br \/>(-23 for losing)\n|c|\u2606duck_the_meta|His final words were \"tidy up\"\n|l|\u2606duck_the_meta\n","uploadtime":1697941661,"views":10,"p1id":"supernevan6","p2id":"duckthemeta","formatid":"gen9anythinggoes","rating":1140,"private":0,"password":""}