{"id":"gen9anythinggoes-1992486554","p1":"HappyHoagie","p2":"tbone5309","format":"[Gen 9] Anything Goes","log":"|j|\u2606HappyHoagie\n|j|\u2606tbone5309\n|t:|1700193672\n|gametype|singles\n|player|p1|HappyHoagie|clown|1000\n|player|p2|tbone5309|cameraman|1083\n|teamsize|p1|6\n|teamsize|p2|3\n|gen|9\n|tier|[Gen 9] Anything Goes\n|rated|\n|rule|HP Percentage Mod: HP is shown in percentages\n|rule|Endless Battle Clause: Forcing endless battles is banned\n|clearpoke\n|poke|p1|Abomasnow, F|\n|poke|p1|Froslass, F|\n|poke|p1|Geodude, M|\n|poke|p1|Gyarados, F|\n|poke|p1|Ambipom, F|\n|poke|p1|Cinderace, F|\n|poke|p2|Jumpluff, M|\n|poke|p2|Clefable, M|\n|poke|p2|Typhlosion, F|\n|teampreview\n|\n|t:|1700193676\n|start\n|switch|p1a: Abomasnow|Abomasnow, F|100\/100\n|switch|p2a: Jumpluff|Jumpluff, M|100\/100\n|-weather|Snow|[from] ability: Snow Warning|[of] p1a: Abomasnow\n|turn|1\n|\n|t:|1700193689\n|move|p2a: Jumpluff|Switcheroo|p1a: Abomasnow\n|-activate|p2a: Jumpluff|move: Trick|[of] p1a: Abomasnow\n|-item|p1a: Abomasnow|Choice Scarf|[from] move: Switcheroo\n|-item|p2a: Jumpluff|Leftovers|[from] move: Switcheroo\n|move|p1a: Abomasnow|Blizzard|p2a: Jumpluff\n|-supereffective|p2a: Jumpluff\n|-damage|p2a: Jumpluff|0 fnt\n|faint|p2a: Jumpluff\n|\n|-weather|Snow|[upkeep]\n|upkeep\n|\n|t:|1700193695\n|switch|p2a: Clefable|Clefable, M|100\/100\n|turn|2\n|\n|t:|1700193708\n|switch|p1a: Froslass|Froslass, F|100\/100\n|move|p2a: Clefable|Thunder Wave|p1a: Froslass\n|-status|p1a: Froslass|par\n|\n|-weather|Snow|[upkeep]\n|upkeep\n|turn|3\n|\n|t:|1700193714\n|switch|p2a: Typhlosion|Typhlosion, F, shiny|100\/100\n|move|p1a: Froslass|Icy Wind|p2a: Typhlosion\n|-resisted|p2a: Typhlosion\n|-damage|p2a: Typhlosion|91\/100\n|-unboost|p2a: Typhlosion|spe|1\n|\n|-weather|Snow|[upkeep]\n|upkeep\n|turn|4\n|\n|t:|1700193720\n|switch|p2a: Clefable|Clefable, M|100\/100\n|move|p1a: Froslass|Icy Wind|p2a: Clefable\n|-damage|p2a: Clefable|82\/100\n|-unboost|p2a: Clefable|spe|1\n|\n|-weather|Snow|[upkeep]\n|upkeep\n|turn|5\n|\n|t:|1700193726\n|move|p2a: Clefable|Trick|p1a: Froslass\n|-activate|p2a: Clefable|move: Trick|[of] p1a: Froslass\n|-item|p1a: Froslass|Choice Scarf|[from] move: Trick\n|-item|p2a: Clefable|Bright Powder|[from] move: Trick\n|move|p1a: Froslass|Thunder Wave|p2a: Clefable\n|-status|p2a: Clefable|par\n|\n|-weather|none\n|upkeep\n|turn|6\n|\n|t:|1700193734\n|switch|p1a: Ambipom|Ambipom, F|100\/100\n|move|p2a: Clefable|Calm Mind|p2a: Clefable\n|-boost|p2a: Clefable|spa|1\n|-boost|p2a: Clefable|spd|1\n|\n|upkeep\n|turn|7\n|\n|t:|1700193738\n|move|p1a: Ambipom|Acrobatics|p2a: Clefable\n|-damage|p2a: Clefable|54\/100 par\n|cant|p2a: Clefable|par\n|\n|upkeep\n|turn|8\n|\n|t:|1700193741\n|move|p1a: Ambipom|Low Sweep|p2a: Clefable\n|-resisted|p2a: Clefable\n|-damage|p2a: Clefable|44\/100 par\n|-unboost|p2a: Clefable|spe|1\n|move|p2a: Clefable|Thunder Wave|p1a: Ambipom\n|-status|p1a: Ambipom|par\n|\n|upkeep\n|turn|9\n|\n|t:|1700193744\n|move|p1a: Ambipom|Fake Out||[still]\n|-hint|Fake Out only works on your first turn out.\n|-fail|p1a: Ambipom\n|move|p2a: Clefable|Calm Mind|p2a: Clefable\n|-boost|p2a: Clefable|spa|1\n|-boost|p2a: Clefable|spd|1\n|\n|upkeep\n|turn|10\n|\n|t:|1700193748\n|cant|p1a: Ambipom|par\n|move|p2a: Clefable|Baton Pass|p2a: Clefable\n|\n|t:|1700193751\n|switch|p2a: Typhlosion|Typhlosion, F, shiny|91\/100|[from] Baton Pass\n|\n|upkeep\n|turn|11\n|\n|t:|1700193754\n|-terastallize|p2a: Typhlosion|Steel\n|move|p1a: Ambipom|Acrobatics|p2a: Typhlosion\n|-resisted|p2a: Typhlosion\n|-crit|p2a: Typhlosion\n|-damage|p2a: Typhlosion|66\/100\n|move|p2a: Typhlosion|Flame Charge|p1a: Ambipom\n|-damage|p1a: Ambipom|75\/100 par\n|-boost|p2a: Typhlosion|spe|1\n|\n|upkeep\n|turn|12\n|\n|t:|1700193759\n|move|p2a: Typhlosion|Flame Charge|p1a: Ambipom\n|-damage|p1a: Ambipom|50\/100 par\n|-boost|p2a: Typhlosion|spe|1\n|cant|p1a: Ambipom|par\n|\n|upkeep\n|turn|13\n|\n|t:|1700193765\n|switch|p1a: Geodude|Geodude, M|100\/100\n|move|p2a: Typhlosion|Flame Charge|p1a: Geodude\n|-resisted|p1a: Geodude\n|-damage|p1a: Geodude|90\/100\n|-boost|p2a: Typhlosion|spe|1\n|\n|upkeep\n|turn|14\n|\n|t:|1700193775\n|move|p2a: Typhlosion|Tera Blast|p1a: Geodude|[anim] Tera Blast Steel\n|-supereffective|p1a: Geodude\n|-damage|p1a: Geodude|0 fnt\n|faint|p1a: Geodude\n|\n|upkeep\n|\n|t:|1700193777\n|switch|p1a: Gyarados|Gyarados, F|100\/100\n|turn|15\n|\n|t:|1700193783\n|move|p2a: Typhlosion|Shadow Ball|p1a: Gyarados\n|-damage|p1a: Gyarados|53\/100\n|-unboost|p1a: Gyarados|spd|1\n|move|p1a: Gyarados|Dragon Dance|p1a: Gyarados\n|-boost|p1a: Gyarados|atk|1\n|-boost|p1a: Gyarados|spe|1\n|\n|-heal|p1a: Gyarados|59\/100|[from] item: Leftovers\n|upkeep\n|turn|16\n|\n|t:|1700193795\n|move|p2a: Typhlosion|Tera Blast|p1a: Gyarados|[anim] Tera Blast Steel\n|-resisted|p1a: Gyarados\n|-damage|p1a: Gyarados|0 fnt\n|faint|p1a: Gyarados\n|\n|upkeep\n|\n|t:|1700193798\n|switch|p1a: Ambipom|Ambipom, F|50\/100 par\n|turn|17\n|\n|t:|1700193803\n|move|p2a: Typhlosion|Flame Charge|p1a: Ambipom\n|-damage|p1a: Ambipom|27\/100 par\n|-boost|p2a: Typhlosion|spe|1\n|cant|p1a: Ambipom|par\n|\n|upkeep\n|turn|18\n|\n|t:|1700193816\n|-terastallize|p1a: Ambipom|Normal\n|move|p2a: Typhlosion|Eruption|p1a: Ambipom\n|-damage|p1a: Ambipom|0 fnt\n|faint|p1a: Ambipom\n|\n|upkeep\n|\n|t:|1700193817\n|switch|p1a: Froslass|Froslass, F|100\/100 par\n|turn|19\n|\n|t:|1700193823\n|switch|p1a: Cinderace|Cinderace, F|100\/100\n|move|p2a: Typhlosion|Eruption|p1a: Cinderace\n|-resisted|p1a: Cinderace\n|-damage|p1a: Cinderace|38\/100\n|\n|upkeep\n|turn|20\n|l|\u2606tbone5309\n|player|p2|\n|j|\u2606tbone5309\n|player|p2|tbone5309|cameraman\n|\n|t:|1700193850\n|switch|p1a: Abomasnow|Abomasnow, F|100\/100\n|-weather|Snow|[from] ability: Snow Warning|[of] p1a: Abomasnow\n|move|p2a: Typhlosion|Flame Charge|p1a: Abomasnow\n|-supereffective|p1a: Abomasnow\n|-damage|p1a: Abomasnow|56\/100\n|-boost|p2a: Typhlosion|spe|1\n|\n|-weather|Snow|[upkeep]\n|upkeep\n|turn|21\n|c|\u2606tbone5309|You there?\n|inactive|Battle timer is ON: inactive players will automatically lose when time's up. (requested by tbone5309)\n|\n|t:|1700193968\n|move|p2a: Typhlosion|Eruption|p1a: Abomasnow\n|-supereffective|p1a: Abomasnow\n|-damage|p1a: Abomasnow|0 fnt\n|faint|p1a: Abomasnow\n|\n|-weather|Snow|[upkeep]\n|upkeep\n|\n|t:|1700193970\n|switch|p1a: Cinderace|Cinderace, F|38\/100\n|turn|22\n|\n|t:|1700193982\n|move|p2a: Typhlosion|Flame Charge|p1a: Cinderace\n|-resisted|p1a: Cinderace\n|-damage|p1a: Cinderace|28\/100\n|-boost|p2a: Typhlosion|spe|1\n|move|p1a: Cinderace|U-turn|p2a: Typhlosion\n|-start|p1a: Cinderace|typechange|Bug|[from] ability: Libero\n|-resisted|p2a: Typhlosion\n|-damage|p2a: Typhlosion|28\/100\n|\n|t:|1700194001\n|switch|p1a: Froslass|Froslass, F|100\/100 par|[from] U-turn\n|\n|-weather|Snow|[upkeep]\n|upkeep\n|turn|23\n|\n|t:|1700194008\n|move|p2a: Typhlosion|Eruption|p1a: Froslass\n|-supereffective|p1a: Froslass\n|-damage|p1a: Froslass|0 fnt\n|faint|p1a: Froslass\n|\n|-weather|Snow|[upkeep]\n|upkeep\n|inactive|HappyHoagie has 120 seconds left.\n|inactive|HappyHoagie has 90 seconds left.\n|\n|t:|1700194092\n|switch|p1a: Cinderace|Cinderace, F|28\/100\n|turn|24\n|\n|t:|1700194101\n|move|p2a: Typhlosion|Eruption|p1a: Cinderace\n|-resisted|p1a: Cinderace\n|-damage|p1a: Cinderace|3\/100\n|move|p1a: Cinderace|High Jump Kick|p2a: Typhlosion\n|-start|p1a: Cinderace|typechange|Fighting|[from] ability: Libero\n|-supereffective|p2a: Typhlosion\n|-damage|p2a: Typhlosion|0 fnt\n|faint|p2a: Typhlosion\n|\n|-weather|none\n|upkeep\n|\n|t:|1700194105\n|switch|p2a: Clefable|Clefable, M|44\/100 par\n|turn|25\n|\n|t:|1700194108\n|move|p1a: Cinderace|High Jump Kick|p2a: Clefable|[miss]\n|-miss|p1a: Cinderace|p2a: Clefable\n|-damage|p1a: Cinderace|0 fnt|[from] highjumpkick\n|faint|p1a: Cinderace\n|\n|win|tbone5309\n|raw|HappyHoagie's rating: 1000 &rarr; <strong>1000<\/strong><br \/>(+0 for losing)\n|raw|tbone5309's rating: 1083 &rarr; <strong>1104<\/strong><br \/>(+21 for winning)\n|l|\u2606HappyHoagie\n","uploadtime":1700194141,"views":8,"p1id":"happyhoagie","p2id":"tbone5309","formatid":"gen9anythinggoes","rating":1000,"private":0,"password":""}