{"id":"gen9anythinggoes-1977618764","p1":"ThatBendyPie","p2":"Naeval_Eco","format":"[Gen 9] Anything Goes","log":"|j|\u2606ThatBendyPie\n|j|\u2606Naeval_Eco\n|t:|1698432374\n|gametype|singles\n|player|p1|ThatBendyPie|lusamine-nihilego|1048\n|player|p2|Naeval_Eco|iris-gen5bw2|1099\n|teamsize|p1|6\n|teamsize|p2|6\n|gen|9\n|tier|[Gen 9] Anything Goes\n|rated|\n|rule|HP Percentage Mod: HP is shown in percentages\n|rule|Endless Battle Clause: Forcing endless battles is banned\n|clearpoke\n|poke|p1|Clodsire, F|\n|poke|p1|Ribombee, M|\n|poke|p1|Gyarados, F|\n|poke|p1|Iron Bundle|\n|poke|p1|Toxicroak, M|\n|poke|p1|Ogerpon, F|\n|poke|p2|Espeon, M|\n|poke|p2|Glimmora, M|\n|poke|p2|Leafeon, F|\n|poke|p2|Walking Wake|\n|poke|p2|Polteageist|\n|poke|p2|Honchkrow, M|\n|teampreview\n|inactive|Battle timer is ON: inactive players will automatically lose when time's up. (requested by Naeval_Eco)\n|\n|t:|1698432384\n|start\n|switch|p1a: Clodsire|Clodsire, F|100\/100\n|switch|p2a: Espeon|Espeon, M|100\/100\n|turn|1\n|c|\u2606ThatBendyPie|same guy\n|c|\u2606ThatBendyPie|bruh\n|\n|t:|1698432392\n|move|p2a: Espeon|Light Screen|p2a: Espeon\n|-sidestart|p2: Naeval_Eco|move: Light Screen\n|move|p1a: Clodsire|Stealth Rock|p2a: Espeon\n|move|p2a: Espeon|Stealth Rock|p1a: Clodsire|[from]ability: Magic Bounce\n|-sidestart|p1: ThatBendyPie|move: Stealth Rock\n|\n|upkeep\n|turn|2\n|\n|t:|1698432399\n|move|p2a: Espeon|Calm Mind|p2a: Espeon\n|-boost|p2a: Espeon|spa|1\n|-boost|p2a: Espeon|spd|1\n|move|p1a: Clodsire|Spikes|p2a: Espeon\n|move|p2a: Espeon|Spikes|p1a: Clodsire|[from]ability: Magic Bounce\n|-sidestart|p1: ThatBendyPie|Spikes\n|\n|upkeep\n|turn|3\n|\n|t:|1698432411\n|move|p2a: Espeon|Reflect|p2a: Espeon\n|-sidestart|p2: Naeval_Eco|Reflect\n|move|p1a: Clodsire|Toxic Spikes|p2a: Espeon\n|move|p2a: Espeon|Toxic Spikes|p1a: Clodsire|[from]ability: Magic Bounce\n|-sidestart|p1: ThatBendyPie|move: Toxic Spikes\n|\n|upkeep\n|turn|4\n|\n|t:|1698432420\n|move|p2a: Espeon|Calm Mind|p2a: Espeon\n|-boost|p2a: Espeon|spa|1\n|-boost|p2a: Espeon|spd|1\n|move|p1a: Clodsire|Ancient Power|p2a: Espeon\n|-damage|p2a: Espeon|99\/100\n|\n|upkeep\n|turn|5\n|\n|t:|1698432427\n|move|p2a: Espeon|Psychic|p1a: Clodsire\n|-supereffective|p1a: Clodsire\n|-enditem|p1a: Clodsire|Focus Sash\n|-damage|p1a: Clodsire|1\/100\n|move|p1a: Clodsire|Ancient Power|p2a: Espeon\n|-crit|p2a: Espeon\n|-damage|p2a: Espeon|87\/100\n|\n|-sideend|p2: Naeval_Eco|move: Light Screen\n|upkeep\n|turn|6\n|\n|t:|1698432438\n|move|p2a: Espeon|Light Screen|p2a: Espeon\n|-sidestart|p2: Naeval_Eco|move: Light Screen\n|move|p1a: Clodsire|Ancient Power|p2a: Espeon\n|-damage|p2a: Espeon|85\/100\n|\n|upkeep\n|turn|7\n|\n|t:|1698432444\n|move|p2a: Espeon|Psychic|p1a: Clodsire\n|-supereffective|p1a: Clodsire\n|-damage|p1a: Clodsire|0 fnt\n|faint|p1a: Clodsire\n|\n|-sideend|p2: Naeval_Eco|Reflect\n|upkeep\n|\n|t:|1698432448\n|switch|p1a: Ribombee|Ribombee, M|100\/100\n|-damage|p1a: Ribombee|76\/100|[from] Stealth Rock\n|-damage|p1a: Ribombee|63\/100|[from] Spikes\n|-status|p1a: Ribombee|psn\n|turn|8\n|\n|t:|1698432462\n|move|p1a: Ribombee|Quiver Dance|p1a: Ribombee\n|-boost|p1a: Ribombee|spa|1\n|-boost|p1a: Ribombee|spd|1\n|-boost|p1a: Ribombee|spe|1\n|move|p2a: Espeon|Psychic|p1a: Ribombee\n|-crit|p1a: Ribombee\n|-damage|p1a: Ribombee|0 fnt\n|faint|p1a: Ribombee\n|\n|upkeep\n|\n|t:|1698432482\n|switch|p1a: Iron Bundle|Iron Bundle|100\/100\n|-damage|p1a: Iron Bundle|76\/100|[from] Stealth Rock\n|-damage|p1a: Iron Bundle|63\/100|[from] Spikes\n|-status|p1a: Iron Bundle|psn\n|-enditem|p1a: Iron Bundle|Booster Energy\n|-activate|p1a: Iron Bundle|ability: Quark Drive|[fromitem]\n|-start|p1a: Iron Bundle|quarkdrivespe\n|turn|9\n|\n|t:|1698432492\n|move|p1a: Iron Bundle|Ice Spinner|p2a: Espeon\n|-damage|p2a: Espeon|47\/100\n|move|p2a: Espeon|Psychic|p1a: Iron Bundle\n|-damage|p1a: Iron Bundle|0 fnt\n|faint|p1a: Iron Bundle\n|-end|p1a: Iron Bundle|Quark Drive|[silent]\n|\n|upkeep\n|\n|t:|1698432501\n|switch|p1a: Gyarados|Gyarados, F, shiny|100\/100\n|-damage|p1a: Gyarados|76\/100|[from] Stealth Rock\n|turn|10\n|\n|t:|1698432510\n|move|p2a: Espeon|Reflect|p2a: Espeon\n|-sidestart|p2: Naeval_Eco|Reflect\n|move|p1a: Gyarados|Dragon Tail|p2a: Espeon\n|-damage|p2a: Espeon|30\/100\n|drag|p2a: Glimmora|Glimmora, M|100\/100\n|\n|-sideend|p2: Naeval_Eco|move: Light Screen\n|upkeep\n|turn|11\n|\n|t:|1698432523\n|move|p1a: Gyarados|Earthquake|p2a: Glimmora\n|-supereffective|p2a: Glimmora\n|-damage|p2a: Glimmora|29\/100\n|-activate|p2a: Glimmora|ability: Toxic Debris\n|-sidestart|p1: ThatBendyPie|move: Toxic Spikes\n|move|p2a: Glimmora|Spikes|p1a: Gyarados\n|-sidestart|p1: ThatBendyPie|Spikes\n|\n|-heal|p2a: Glimmora|35\/100|[from] item: Leftovers\n|upkeep\n|turn|12\n|\n|t:|1698432534\n|move|p1a: Gyarados|Earthquake|p2a: Glimmora\n|-supereffective|p2a: Glimmora\n|-damage|p2a: Glimmora|0 fnt\n|faint|p2a: Glimmora\n|-ability|p1a: Gyarados|Moxie|boost\n|-boost|p1a: Gyarados|atk|1\n|\n|upkeep\n|\n|t:|1698432543\n|switch|p2a: Leafeon|Leafeon, F|100\/100\n|turn|13\n|\n|t:|1698432548\n|move|p2a: Leafeon|Leech Seed|p1a: Gyarados\n|-start|p1a: Gyarados|move: Leech Seed\n|move|p1a: Gyarados|Dragon Tail|p2a: Leafeon\n|-damage|p2a: Leafeon|85\/100\n|drag|p2a: Polteageist|Polteageist|100\/100\n|\n|-damage|p1a: Gyarados|63\/100|[from] Leech Seed|[of] p2a: Polteageist\n|upkeep\n|turn|14\n|\n|t:|1698432558\n|move|p1a: Gyarados|Waterfall|p2a: Polteageist\n|-damage|p2a: Polteageist|47\/100\n|move|p2a: Polteageist|Shell Smash|p2a: Polteageist\n|-unboost|p2a: Polteageist|def|1\n|-unboost|p2a: Polteageist|spd|1\n|-boost|p2a: Polteageist|atk|2\n|-boost|p2a: Polteageist|spa|2\n|-boost|p2a: Polteageist|spe|2\n|-enditem|p2a: Polteageist|White Herb\n|-clearnegativeboost|p2a: Polteageist|[silent]\n|\n|-damage|p1a: Gyarados|51\/100|[from] Leech Seed|[of] p2a: Polteageist\n|-heal|p2a: Polteageist|62\/100|[silent]\n|-sideend|p2: Naeval_Eco|Reflect\n|upkeep\n|turn|15\n|\n|t:|1698432577\n|move|p2a: Polteageist|Psychic|p1a: Gyarados\n|-damage|p1a: Gyarados|0 fnt\n|faint|p1a: Gyarados\n|\n|upkeep\n|\n|t:|1698432580\n|switch|p1a: Toxicroak|Toxicroak, M, shiny|100\/100\n|-damage|p1a: Toxicroak|94\/100|[from] Stealth Rock\n|-damage|p1a: Toxicroak|78\/100|[from] Spikes\n|-sideend|p1: ThatBendyPie|move: Toxic Spikes|[of] p1a: Toxicroak\n|turn|16\n|\n|t:|1698432586\n|move|p1a: Toxicroak|Bullet Punch|p2a: Polteageist\n|-damage|p2a: Polteageist|40\/100\n|-status|p2a: Polteageist|psn|[from] ability: Poison Touch|[of] p1a: Toxicroak\n|move|p2a: Polteageist|Psychic|p1a: Toxicroak\n|-supereffective|p1a: Toxicroak\n|-damage|p1a: Toxicroak|0 fnt\n|faint|p1a: Toxicroak\n|\n|-damage|p2a: Polteageist|28\/100 psn|[from] psn\n|upkeep\n|\n|t:|1698432593\n|switch|p1a: Ogerpon|Ogerpon, F|100\/100\n|-damage|p1a: Ogerpon|88\/100|[from] Stealth Rock\n|-damage|p1a: Ogerpon|72\/100|[from] Spikes\n|turn|17\n|\n|t:|1698432609\n|-terastallize|p1a: Ogerpon|Grass\n|detailschange|p1a: Ogerpon|Ogerpon-Teal-Tera, F, tera:Grass\n|-ability|p1a: Ogerpon|Embody Aspect (Teal)|boost\n|-boost|p1a: Ogerpon|spe|1\n|move|p1a: Ogerpon|Knock Off|p2a: Polteageist\n|-supereffective|p2a: Polteageist\n|-damage|p2a: Polteageist|0 fnt\n|faint|p2a: Polteageist\n|\n|-heal|p1a: Ogerpon|78\/100|[from] item: Leftovers\n|upkeep\n|\n|t:|1698432620\n|switch|p2a: Honchkrow|Honchkrow, M|100\/100\n|turn|18\n|\n|t:|1698432627\n|move|p1a: Ogerpon|Play Rough|p2a: Honchkrow\n|-supereffective|p2a: Honchkrow\n|-damage|p2a: Honchkrow|20\/100\n|-enditem|p2a: Honchkrow|Wiki Berry|[eat]\n|-heal|p2a: Honchkrow|53\/100|[from] item: Wiki Berry\n|move|p2a: Honchkrow|Calm Mind|p2a: Honchkrow\n|-boost|p2a: Honchkrow|spa|1\n|-boost|p2a: Honchkrow|spd|1\n|\n|-heal|p1a: Ogerpon|84\/100|[from] item: Leftovers\n|upkeep\n|turn|19\n|\n|t:|1698432640\n|move|p2a: Honchkrow|Sucker Punch|p1a: Ogerpon\n|-damage|p1a: Ogerpon|43\/100\n|move|p1a: Ogerpon|Play Rough|p2a: Honchkrow\n|-supereffective|p2a: Honchkrow\n|-damage|p2a: Honchkrow|0 fnt\n|faint|p2a: Honchkrow\n|\n|-heal|p1a: Ogerpon|49\/100|[from] item: Leftovers\n|upkeep\n|\n|t:|1698432651\n|switch|p2a: Leafeon|Leafeon, F|85\/100\n|turn|20\n|\n|t:|1698432658\n|move|p1a: Ogerpon|Knock Off|p2a: Leafeon\n|-damage|p2a: Leafeon|54\/100\n|-enditem|p2a: Leafeon|Salac Berry|[from] move: Knock Off|[of] p1a: Ogerpon\n|move|p2a: Leafeon|Sunny Day|p2a: Leafeon\n|-weather|SunnyDay\n|\n|-weather|SunnyDay|[upkeep]\n|-heal|p1a: Ogerpon|55\/100|[from] item: Leftovers\n|upkeep\n|turn|21\n|\n|t:|1698432669\n|move|p1a: Ogerpon|Play Rough|p2a: Leafeon\n|-damage|p2a: Leafeon|29\/100\n|move|p2a: Leafeon|Leech Seed|p1a: Ogerpon\n|-immune|p1a: Ogerpon\n|\n|-weather|SunnyDay|[upkeep]\n|-heal|p1a: Ogerpon|61\/100|[from] item: Leftovers\n|upkeep\n|turn|22\n|\n|t:|1698432681\n|move|p1a: Ogerpon|Giga Drain|p2a: Leafeon\n|-resisted|p2a: Leafeon\n|-damage|p2a: Leafeon|13\/100\n|-heal|p1a: Ogerpon|68\/100|[from] drain|[of] p2a: Leafeon\n|move|p2a: Leafeon|Calm Mind|p2a: Leafeon\n|-boost|p2a: Leafeon|spa|1\n|-boost|p2a: Leafeon|spd|1\n|\n|-weather|SunnyDay|[upkeep]\n|-heal|p1a: Ogerpon|74\/100|[from] item: Leftovers\n|upkeep\n|turn|23\n|\n|t:|1698432692\n|switch|p2a: Walking Wake|Walking Wake|100\/100\n|-activate|p2a: Walking Wake|ability: Protosynthesis\n|-start|p2a: Walking Wake|protosynthesisspa\n|move|p1a: Ogerpon|Giga Drain|p2a: Walking Wake\n|-damage|p2a: Walking Wake|72\/100\n|-heal|p1a: Ogerpon|90\/100|[from] drain|[of] p2a: Walking Wake\n|\n|-weather|SunnyDay|[upkeep]\n|-heal|p1a: Ogerpon|96\/100|[from] item: Leftovers\n|upkeep\n|turn|24\n|\n|t:|1698432705\n|move|p1a: Ogerpon|Play Rough|p2a: Walking Wake\n|-supereffective|p2a: Walking Wake\n|-damage|p2a: Walking Wake|7\/100\n|move|p2a: Walking Wake|Flamethrower|p1a: Ogerpon\n|-supereffective|p1a: Ogerpon\n|-damage|p1a: Ogerpon|0 fnt\n|faint|p1a: Ogerpon\n|\n|win|Naeval_Eco\n|raw|ThatBendyPie's rating: 1048 &rarr; <strong>1033<\/strong><br \/>(-15 for losing)\n|raw|Naeval_Eco's rating: 1099 &rarr; <strong>1120<\/strong><br \/>(+21 for winning)\n|l|\u2606ThatBendyPie\n","uploadtime":1698432721,"views":8,"p1id":"thatbendypie","p2id":"naevaleco","formatid":"gen9anythinggoes","rating":1033,"private":0,"password":""}