{"id":"gen9anythinggoes-1982356571","p1":"BT6G","p2":"Spark Leader Noah","format":"[Gen 9] Anything Goes","log":"|j|\u2606BT6G\n|j|\u2606Spark Leader Noah\n|t:|1699003272\n|gametype|singles\n|player|p1|BT6G|hilbert|1146\n|player|p2|Spark Leader Noah|red|1199\n|teamsize|p1|6\n|teamsize|p2|6\n|gen|9\n|tier|[Gen 9] Anything Goes\n|rated|\n|rule|HP Percentage Mod: HP is shown in percentages\n|rule|Endless Battle Clause: Forcing endless battles is banned\n|clearpoke\n|poke|p1|Cinderace, M|\n|poke|p1|Calyrex-Shadow|\n|poke|p1|Regieleki|\n|poke|p1|Landorus-Therian, M|\n|poke|p1|Annihilape, M|\n|poke|p1|Miraidon|\n|poke|p2|Flutter Mane|\n|poke|p2|Ceruledge, M|\n|poke|p2|Clodsire, M|\n|poke|p2|Kingambit, M|\n|poke|p2|Palafin, M|\n|poke|p2|Polteageist|\n|teampreview\n|inactive|Battle timer is ON: inactive players will automatically lose when time's up. (requested by Spark Leader Noah)\n|\n|t:|1699003281\n|start\n|switch|p1a: Miraidon|Miraidon|100\/100\n|switch|p2a: Blade|Ceruledge, M, shiny|100\/100\n|-fieldstart|move: Electric Terrain|[from] ability: Hadron Engine|[of] p1a: Miraidon\n|turn|1\n|\n|t:|1699003297\n|switch|p1a: Regieleki|Regieleki|100\/100\n|switch|p2a: The Clod God|Clodsire, M, shiny|100\/100\n|\n|upkeep\n|turn|2\n|\n|t:|1699003309\n|move|p1a: Regieleki|Body Slam|p2a: The Clod God\n|-damage|p2a: The Clod God|71\/100\n|move|p2a: The Clod God|Toxic|p1a: Regieleki\n|-status|p1a: Regieleki|tox\n|\n|-heal|p2a: The Clod God|78\/100|[from] item: Leftovers\n|-damage|p1a: Regieleki|95\/100 tox|[from] psn\n|upkeep\n|turn|3\n|\n|t:|1699003319\n|move|p2a: The Clod God|Protect|p2a: The Clod God\n|-singleturn|p2a: The Clod God|Protect\n|move|p1a: Regieleki|Extreme Speed|p2a: The Clod God\n|-activate|p2a: The Clod God|move: Protect\n|\n|-heal|p2a: The Clod God|84\/100|[from] item: Leftovers\n|-damage|p1a: Regieleki|83\/100 tox|[from] psn\n|upkeep\n|turn|4\n|\n|t:|1699003336\n|switch|p1a: Calyrex|Calyrex-Shadow|100\/100\n|-ability|p1a: Calyrex|As One\n|-ability|p1a: Calyrex|Unnerve\n|move|p2a: The Clod God|Earthquake|p1a: Calyrex\n|-damage|p1a: Calyrex|72\/100\n|\n|-heal|p1a: Calyrex|78\/100|[from] item: Leftovers\n|-heal|p2a: The Clod God|90\/100|[from] item: Leftovers\n|upkeep\n|turn|5\n|\n|t:|1699003350\n|move|p2a: The Clod God|Protect|p2a: The Clod God\n|-singleturn|p2a: The Clod God|Protect\n|move|p1a: Calyrex|Calm Mind|p1a: Calyrex\n|-boost|p1a: Calyrex|spa|1\n|-boost|p1a: Calyrex|spd|1\n|\n|-heal|p1a: Calyrex|84\/100|[from] item: Leftovers\n|-heal|p2a: The Clod God|96\/100|[from] item: Leftovers\n|-fieldend|move: Electric Terrain\n|upkeep\n|turn|6\n|\n|t:|1699003360\n|move|p1a: Calyrex|Astral Barrage|p2a: The Clod God\n|-damage|p2a: The Clod God|31\/100\n|move|p2a: The Clod God|Toxic|p1a: Calyrex\n|-status|p1a: Calyrex|tox\n|\n|-heal|p1a: Calyrex|90\/100 tox|[from] item: Leftovers\n|-heal|p2a: The Clod God|37\/100|[from] item: Leftovers\n|-damage|p1a: Calyrex|84\/100 tox|[from] psn\n|upkeep\n|turn|7\n|\n|t:|1699003372\n|move|p1a: Calyrex|Phantom Force||[still]\n|-prepare|p1a: Calyrex|Phantom Force\n|move|p2a: The Clod God|Earthquake|p1a: Calyrex|[miss]\n|-miss|p2a: The Clod God|p1a: Calyrex\n|\n|-heal|p1a: Calyrex|90\/100 tox|[from] item: Leftovers\n|-heal|p2a: The Clod God|44\/100|[from] item: Leftovers\n|-damage|p1a: Calyrex|78\/100 tox|[from] psn\n|upkeep\n|turn|8\n|\n|t:|1699003381\n|move|p1a: Calyrex|Phantom Force|p2a: The Clod God|[from]lockedmove\n|-damage|p2a: The Clod God|13\/100\n|move|p2a: The Clod God|Haze|p2a: The Clod God\n|-clearallboost\n|\n|-heal|p1a: Calyrex|84\/100 tox|[from] item: Leftovers\n|-heal|p2a: The Clod God|19\/100|[from] item: Leftovers\n|-damage|p1a: Calyrex|65\/100 tox|[from] psn\n|upkeep\n|turn|9\n|\n|t:|1699003392\n|move|p2a: The Clod God|Protect|p2a: The Clod God\n|-singleturn|p2a: The Clod God|Protect\n|move|p1a: Calyrex|Giga Drain|p2a: The Clod God\n|-activate|p2a: The Clod God|move: Protect\n|\n|-heal|p1a: Calyrex|72\/100 tox|[from] item: Leftovers\n|-heal|p2a: The Clod God|25\/100|[from] item: Leftovers\n|-damage|p1a: Calyrex|47\/100 tox|[from] psn\n|upkeep\n|turn|10\n|\n|t:|1699003404\n|move|p1a: Calyrex|Phantom Force||[still]\n|-prepare|p1a: Calyrex|Phantom Force\n|move|p2a: The Clod God|Earthquake|p1a: Calyrex|[miss]\n|-miss|p2a: The Clod God|p1a: Calyrex\n|\n|-heal|p1a: Calyrex|53\/100 tox|[from] item: Leftovers\n|-heal|p2a: The Clod God|32\/100|[from] item: Leftovers\n|-damage|p1a: Calyrex|22\/100 tox|[from] psn\n|upkeep\n|turn|11\n|\n|t:|1699003419\n|move|p1a: Calyrex|Phantom Force|p2a: The Clod God|[from]lockedmove\n|-damage|p2a: The Clod God|0 fnt\n|faint|p2a: The Clod God\n|-ability|p1a: Calyrex|Grim Neigh|boost\n|-boost|p1a: Calyrex|spa|1\n|\n|-heal|p1a: Calyrex|28\/100 tox|[from] item: Leftovers\n|-damage|p1a: Calyrex|0 fnt|[from] psn\n|faint|p1a: Calyrex\n|upkeep\n|\n|t:|1699003431\n|switch|p1a: Miraidon|Miraidon|100\/100\n|switch|p2a: Blade|Ceruledge, M, shiny|100\/100\n|-fieldstart|move: Electric Terrain|[from] ability: Hadron Engine|[of] p1a: Miraidon\n|turn|12\n|\n|t:|1699003441\n|switch|p2a: Mystic|Flutter Mane, shiny|100\/100\n|-enditem|p2a: Mystic|Booster Energy\n|-activate|p2a: Mystic|ability: Protosynthesis|[fromitem]\n|-start|p2a: Mystic|protosynthesisspe\n|move|p1a: Miraidon|Electro Drift|p2a: Mystic\n|-damage|p2a: Mystic|0 fnt\n|faint|p2a: Mystic\n|-end|p2a: Mystic|Protosynthesis|[silent]\n|\n|upkeep\n|\n|t:|1699003455\n|switch|p2a: Bri\u2019ish Teapot|Polteageist, shiny|100\/100\n|turn|13\n|\n|t:|1699003465\n|move|p1a: Miraidon|Electro Drift|p2a: Bri\u2019ish Teapot\n|-damage|p2a: Bri\u2019ish Teapot|0 fnt\n|faint|p2a: Bri\u2019ish Teapot\n|\n|upkeep\n|n|!Spark Leader Noah|sparkleadernoah\n|inactive|Spark Leader Noah has 120 seconds left.\n|-message|Spark Leader Noah forfeited.\n|\n|win|BT6G\n|raw|BT6G's rating: 1146 &rarr; <strong>1175<\/strong><br \/>(+29 for winning)\n|raw|Spark Leader Noah's rating: 1199 &rarr; <strong>1170<\/strong><br \/>(-29 for losing)\n|l|!Spark Leader Noah\n","uploadtime":1699003487,"views":5,"p1id":"bt6g","p2id":"sparkleadernoah","formatid":"gen9anythinggoes","rating":1170,"private":0,"password":""}