{"id":"gen9anythinggoes-1990094601","p1":"Snorlaxsleepers","p2":"Crabbrawlers","format":"[Gen 9] Anything Goes","log":"|j|\u2606Snorlaxsleepers\n|j|\u2606Crabbrawlers\n|t:|1699923937\n|gametype|singles\n|player|p1|Snorlaxsleepers|petrel|\n|player|p2|Crabbrawlers|linebacker|\n|teamsize|p1|6\n|teamsize|p2|6\n|gen|9\n|tier|[Gen 9] Anything Goes\n|rule|HP Percentage Mod: HP is shown in percentages\n|rule|Endless Battle Clause: Forcing endless battles is banned\n|clearpoke\n|poke|p1|Skeledirge, F|\n|poke|p1|Talonflame, F|\n|poke|p1|Rotom-Heat|\n|poke|p1|Arcanine-Hisui, M|\n|poke|p1|Moltres|\n|poke|p1|Typhlosion, M|\n|poke|p2|Slaking, F|\n|poke|p2|Drifblim, F|\n|poke|p2|Barraskewda, M|\n|poke|p2|Salamence, M|\n|poke|p2|Maushold-Four|\n|poke|p2|Ogerpon-Cornerstone, F|\n|teampreview\n|\n|t:|1699923943\n|start\n|switch|p1a: Arcanine|Arcanine-Hisui, M|100\/100\n|switch|p2a: Drifblim|Drifblim, F|100\/100\n|turn|1\n|\n|t:|1699923950\n|-terastallize|p2a: Drifblim|Ground\n|move|p1a: Arcanine|Stealth Rock|p2a: Drifblim\n|-sidestart|p2: Crabbrawlers|move: Stealth Rock\n|move|p2a: Drifblim|Minimize|p2a: Drifblim\n|-boost|p2a: Drifblim|evasion|2\n|\n|upkeep\n|turn|2\n|\n|t:|1699923958\n|move|p1a: Arcanine|Flare Blitz|p2a: Drifblim\n|-damage|p2a: Drifblim|50\/100\n|-status|p2a: Drifblim|brn\n|move|p2a: Drifblim|Minimize|p2a: Drifblim\n|-boost|p2a: Drifblim|evasion|2\n|\n|-damage|p2a: Drifblim|44\/100 brn|[from] brn\n|upkeep\n|turn|3\n|\n|t:|1699923969\n|move|p1a: Arcanine|Flare Blitz|p2a: Drifblim|[miss]\n|-miss|p1a: Arcanine|p2a: Drifblim\n|move|p2a: Drifblim|Baton Pass|p2a: Drifblim\n|\n|t:|1699923978\n|switch|p2a: Barraskewda|Barraskewda, M|100\/100|[from] Baton Pass\n|-damage|p2a: Barraskewda|88\/100|[from] Stealth Rock\n|\n|upkeep\n|turn|4\n|\n|t:|1699923987\n|move|p2a: Barraskewda|Liquidation|p1a: Arcanine\n|-supereffective|p1a: Arcanine\n|-damage|p1a: Arcanine|0 fnt\n|faint|p1a: Arcanine\n|\n|upkeep\n|\n|t:|1699924001\n|switch|p1a: Rotom|Rotom-Heat|100\/100\n|turn|5\n|\n|t:|1699924008\n|-terastallize|p1a: Rotom|Steel\n|move|p2a: Barraskewda|Liquidation|p1a: Rotom\n|-damage|p1a: Rotom|30\/100\n|move|p1a: Rotom|Volt Switch|p2a: Barraskewda|[miss]\n|-miss|p1a: Rotom|p2a: Barraskewda\n|\n|upkeep\n|turn|6\n|\n|t:|1699924017\n|move|p2a: Barraskewda|Liquidation|p1a: Rotom\n|-damage|p1a: Rotom|0 fnt\n|faint|p1a: Rotom\n|\n|upkeep\n|\n|t:|1699924034\n|switch|p1a: Skeledirge|Skeledirge, F|100\/100\n|turn|7\n|\n|t:|1699924039\n|move|p2a: Barraskewda|Liquidation|p1a: Skeledirge\n|-supereffective|p1a: Skeledirge\n|-damage|p1a: Skeledirge|13\/100\n|move|p1a: Skeledirge|Torch Song|p2a: Barraskewda\n|-resisted|p2a: Barraskewda\n|-damage|p2a: Barraskewda|56\/100\n|-boost|p1a: Skeledirge|spa|1\n|\n|-heal|p1a: Skeledirge|19\/100|[from] item: Leftovers\n|upkeep\n|turn|8\n|\n|t:|1699924049\n|move|p2a: Barraskewda|Liquidation|p1a: Skeledirge\n|-supereffective|p1a: Skeledirge\n|-damage|p1a: Skeledirge|0 fnt\n|faint|p1a: Skeledirge\n|\n|upkeep\n|\n|t:|1699924058\n|switch|p1a: Moltres|Moltres|100\/100\n|turn|9\n|\n|t:|1699924067\n|move|p2a: Barraskewda|Liquidation|p1a: Moltres\n|-supereffective|p1a: Moltres\n|-damage|p1a: Moltres|0 fnt\n|faint|p1a: Moltres\n|\n|upkeep\n|\n|t:|1699924073\n|switch|p1a: Typhlosion|Typhlosion, M|100\/100\n|turn|10\n|\n|t:|1699924077\n|move|p1a: Typhlosion|Shadow Ball|p2a: Barraskewda|[miss]\n|-miss|p1a: Typhlosion|p2a: Barraskewda\n|move|p2a: Barraskewda|Liquidation|p1a: Typhlosion\n|-supereffective|p1a: Typhlosion\n|-damage|p1a: Typhlosion|0 fnt\n|faint|p1a: Typhlosion\n|\n|upkeep\n|\n|t:|1699924084\n|switch|p1a: Talonflame|Talonflame, F|100\/100\n|turn|11\n|\n|t:|1699924087\n|move|p1a: Talonflame|Acrobatics|p2a: Barraskewda|[miss]\n|-miss|p1a: Talonflame|p2a: Barraskewda\n|move|p2a: Barraskewda|Liquidation|p1a: Talonflame\n|-supereffective|p1a: Talonflame\n|-damage|p1a: Talonflame|0 fnt\n|faint|p1a: Talonflame\n|\n|win|Crabbrawlers\n","uploadtime":1699924102,"views":30,"p1id":"snorlaxsleepers","p2id":"crabbrawlers","formatid":"gen9anythinggoes","rating":0,"private":0,"password":""}