{"id":"gen9anythinggoes-1998066780","p1":"Mr Abingdon","p2":"Tysnap05","format":"[Gen 9] Anything Goes","log":"|j|\u2606Mr Abingdon\n|j|\u2606Tysnap05\n|t:|1700886117\n|gametype|singles\n|player|p1|Mr Abingdon|266|1175\n|player|p2|Tysnap05|101|1304\n|teamsize|p1|6\n|teamsize|p2|6\n|gen|9\n|tier|[Gen 9] Anything Goes\n|rated|\n|rule|HP Percentage Mod: HP is shown in percentages\n|rule|Endless Battle Clause: Forcing endless battles is banned\n|clearpoke\n|poke|p1|Maushold-Four|\n|poke|p1|Flutter Mane|\n|poke|p1|Miraidon|\n|poke|p1|Rabsca, M|\n|poke|p1|Garganacl, F|\n|poke|p1|Houndstone, M|\n|poke|p2|Miraidon|\n|poke|p2|Mimikyu, F|\n|poke|p2|Orthworm, F|\n|poke|p2|Kyogre|\n|poke|p2|Glimmora, F|\n|poke|p2|Pawmot, F|\n|teampreview\n|\n|t:|1700886123\n|start\n|switch|p1a: Maushold|Maushold-Four|100\/100\n|switch|p2a: Glimmora|Glimmora, F|100\/100\n|turn|1\n|\n|t:|1700886128\n|switch|p2a: Orthworm|Orthworm, F|100\/100\n|move|p1a: Maushold|Tidy Up|p1a: Maushold\n|-boost|p1a: Maushold|atk|1\n|-boost|p1a: Maushold|spe|1\n|\n|upkeep\n|turn|2\n|inactive|Battle timer is ON: inactive players will automatically lose when time's up. (requested by Tysnap05)\n|\n|t:|1700886136\n|move|p1a: Maushold|Baton Pass|p1a: Maushold\n|\n|t:|1700886137\n|switch|p1a: SSSReplacement|Garganacl, F, shiny|100\/100|[from] Baton Pass\n|move|p2a: Orthworm|Stealth Rock|p1a: SSSReplacement\n|-sidestart|p1: Mr Abingdon|move: Stealth Rock\n|\n|upkeep\n|turn|3\n|\n|t:|1700886145\n|move|p2a: Orthworm|Body Press|p1a: SSSReplacement\n|-supereffective|p1a: SSSReplacement\n|-damage|p1a: SSSReplacement|52\/100\n|move|p1a: SSSReplacement|Iron Defense|p1a: SSSReplacement\n|-boost|p1a: SSSReplacement|def|2\n|\n|-heal|p1a: SSSReplacement|59\/100|[from] item: Leftovers\n|upkeep\n|turn|4\n|\n|t:|1700886151\n|-terastallize|p1a: SSSReplacement|Fairy\n|move|p2a: Orthworm|Body Press|p1a: SSSReplacement\n|-resisted|p1a: SSSReplacement\n|-crit|p1a: SSSReplacement\n|-damage|p1a: SSSReplacement|42\/100\n|move|p1a: SSSReplacement|Iron Defense|p1a: SSSReplacement\n|-boost|p1a: SSSReplacement|def|2\n|\n|-heal|p1a: SSSReplacement|49\/100|[from] item: Leftovers\n|upkeep\n|turn|5\n|\n|t:|1700886158\n|move|p2a: Orthworm|Spikes|p1a: SSSReplacement\n|-sidestart|p1: Mr Abingdon|Spikes\n|move|p1a: SSSReplacement|Recover|p1a: SSSReplacement\n|-heal|p1a: SSSReplacement|99\/100\n|\n|-heal|p1a: SSSReplacement|100\/100|[from] item: Leftovers\n|upkeep\n|turn|6\n|\n|t:|1700886162\n|move|p2a: Orthworm|Spikes|p1a: SSSReplacement\n|-sidestart|p1: Mr Abingdon|Spikes\n|move|p1a: SSSReplacement|Salt Cure|p2a: Orthworm\n|-resisted|p2a: Orthworm\n|-damage|p2a: Orthworm|94\/100\n|-start|p2a: Orthworm|Salt Cure\n|\n|-damage|p2a: Orthworm|70\/100|[from] Salt Cure\n|upkeep\n|turn|7\n|\n|t:|1700886166\n|move|p2a: Orthworm|Spikes|p1a: SSSReplacement\n|-sidestart|p1: Mr Abingdon|Spikes\n|move|p1a: SSSReplacement|Iron Defense|p1a: SSSReplacement\n|-boost|p1a: SSSReplacement|def|2\n|\n|-damage|p2a: Orthworm|45\/100|[from] Salt Cure\n|upkeep\n|turn|8\n|\n|t:|1700886180\n|move|p2a: Orthworm|Earthquake|p1a: SSSReplacement\n|-damage|p1a: SSSReplacement|97\/100\n|move|p1a: SSSReplacement|Body Press|p2a: Orthworm\n|-supereffective|p2a: Orthworm\n|-damage|p2a: Orthworm|0 fnt\n|-damage|p1a: SSSReplacement|80\/100|[from] item: Rocky Helmet|[of] p2a: Orthworm\n|faint|p2a: Orthworm\n|\n|-heal|p1a: SSSReplacement|86\/100|[from] item: Leftovers\n|upkeep\n|\n|t:|1700886183\n|switch|p2a: Pawmot|Pawmot, F|100\/100\n|turn|9\n|\n|t:|1700886190\n|move|p2a: Pawmot|Fake Out|p1a: SSSReplacement\n|-damage|p1a: SSSReplacement|84\/100\n|cant|p1a: SSSReplacement|flinch\n|\n|-heal|p1a: SSSReplacement|90\/100|[from] item: Leftovers\n|upkeep\n|turn|10\n|\n|t:|1700886197\n|move|p2a: Pawmot|Revival Blessing|p2a: Pawmot\n|\n|t:|1700886198\n|-heal|p2: Orthworm|50\/100|[from] move: Revival Blessing\n|move|p1a: SSSReplacement|Salt Cure|p2a: Pawmot\n|-resisted|p2a: Pawmot\n|-damage|p2a: Pawmot|83\/100\n|-start|p2a: Pawmot|Salt Cure\n|\n|-heal|p1a: SSSReplacement|96\/100|[from] item: Leftovers\n|-damage|p2a: Pawmot|71\/100|[from] Salt Cure\n|upkeep\n|turn|11\n|\n|t:|1700886206\n|move|p2a: Pawmot|Knock Off|p1a: SSSReplacement\n|-resisted|p1a: SSSReplacement\n|-damage|p1a: SSSReplacement|94\/100\n|-enditem|p1a: SSSReplacement|Leftovers|[from] move: Knock Off|[of] p2a: Pawmot\n|move|p1a: SSSReplacement|Body Press|p2a: Pawmot\n|-damage|p2a: Pawmot|0 fnt\n|faint|p2a: Pawmot\n|\n|upkeep\n|\n|t:|1700886215\n|switch|p2a: Orthworm|Orthworm, F|50\/100\n|turn|12\n|\n|t:|1700886226\n|switch|p2a: Glimmora|Glimmora, F|100\/100\n|move|p1a: SSSReplacement|Body Press|p2a: Glimmora\n|-damage|p2a: Glimmora|0 fnt\n|-activate|p2a: Glimmora|ability: Toxic Debris\n|-sidestart|p1: Mr Abingdon|move: Toxic Spikes\n|faint|p2a: Glimmora\n|\n|upkeep\n|\n|t:|1700886232\n|switch|p2a: Orthworm|Orthworm, F|50\/100\n|turn|13\n|\n|t:|1700886236\n|move|p2a: Orthworm|Body Press|p1a: SSSReplacement\n|-resisted|p1a: SSSReplacement\n|-damage|p1a: SSSReplacement|91\/100\n|move|p1a: SSSReplacement|Body Press|p2a: Orthworm\n|-supereffective|p2a: Orthworm\n|-damage|p2a: Orthworm|0 fnt\n|-damage|p1a: SSSReplacement|75\/100|[from] item: Rocky Helmet|[of] p2a: Orthworm\n|faint|p2a: Orthworm\n|\n|upkeep\n|\n|t:|1700886256\n|switch|p2a: Kyogre|Kyogre|100\/100\n|-weather|RainDance|[from] ability: Drizzle|[of] p2a: Kyogre\n|turn|14\n|\n|t:|1700886264\n|move|p2a: Kyogre|Water Spout|p1a: SSSReplacement\n|-damage|p1a: SSSReplacement|0 fnt\n|faint|p1a: SSSReplacement\n|\n|-weather|RainDance|[upkeep]\n|upkeep\n|\n|t:|1700886273\n|switch|p1a: DeMarco|Miraidon|100\/100\n|-damage|p1a: DeMarco|88\/100|[from] Stealth Rock\n|-damage|p1a: DeMarco|63\/100|[from] Spikes\n|-status|p1a: DeMarco|psn\n|-fieldstart|move: Electric Terrain|[from] ability: Hadron Engine|[of] p1a: DeMarco\n|turn|15\n|\n|t:|1700886277\n|switch|p2a: Miraidon|Miraidon|100\/100\n|-activate|p2a: Miraidon|ability: Hadron Engine\n|-item|p2a: Miraidon|Air Balloon\n|move|p1a: DeMarco|Electro Drift|p2a: Miraidon\n|-resisted|p2a: Miraidon\n|-damage|p2a: Miraidon|79\/100\n|-enditem|p2a: Miraidon|Air Balloon\n|\n|-weather|RainDance|[upkeep]\n|-damage|p1a: DeMarco|51\/100 psn|[from] psn\n|upkeep\n|turn|16\n|\n|t:|1700886293\n|switch|p2a: Mimikyu|Mimikyu, F|100\/100\n|move|p1a: DeMarco|Dragon Pulse|p2a: Mimikyu\n|-immune|p2a: Mimikyu\n|\n|-weather|RainDance|[upkeep]\n|-damage|p1a: DeMarco|39\/100 psn|[from] psn\n|upkeep\n|turn|17\n|\n|t:|1700886307\n|move|p2a: Mimikyu|Shadow Sneak|p1a: DeMarco\n|-damage|p1a: DeMarco|21\/100 psn\n|move|p1a: DeMarco|Electro Drift|p2a: Mimikyu\n|-activate|p2a: Mimikyu|ability: Disguise\n|-damage|p2a: Mimikyu|100\/100\n|detailschange|p2a: Mimikyu|Mimikyu-Busted, F\n|-damage|p2a: Mimikyu|88\/100|[from] pokemon: Mimikyu-Busted\n|-enditem|p2a: Mimikyu|Red Card|[of] p1a: DeMarco\n|drag|p1a: Houndstone|Houndstone, M|100\/100\n|-damage|p1a: Houndstone|88\/100|[from] Stealth Rock\n|-damage|p1a: Houndstone|63\/100|[from] Spikes\n|-status|p1a: Houndstone|psn\n|\n|-weather|RainDance|[upkeep]\n|-damage|p1a: Houndstone|51\/100 psn|[from] psn\n|upkeep\n|turn|18\n|\n|t:|1700886323\n|move|p2a: Mimikyu|Play Rough|p1a: Houndstone\n|-damage|p1a: Houndstone|32\/100 psn\n|move|p1a: Houndstone|Last Respects|p2a: Mimikyu\n|-supereffective|p2a: Mimikyu\n|-damage|p2a: Mimikyu|0 fnt\n|faint|p2a: Mimikyu\n|\n|-weather|none\n|-damage|p1a: Houndstone|20\/100 psn|[from] psn\n|upkeep\n|\n|t:|1700886333\n|switch|p2a: Kyogre|Kyogre|100\/100\n|-weather|RainDance|[from] ability: Drizzle|[of] p2a: Kyogre\n|turn|19\n|\n|t:|1700886337\n|move|p1a: Houndstone|Shadow Sneak|p2a: Kyogre\n|-damage|p2a: Kyogre|76\/100\n|move|p2a: Kyogre|Water Spout|p1a: Houndstone\n|-damage|p1a: Houndstone|0 fnt\n|faint|p1a: Houndstone\n|\n|-weather|RainDance|[upkeep]\n|-fieldend|move: Electric Terrain\n|upkeep\n|\n|t:|1700886343\n|switch|p1a: DeMarco|Miraidon|21\/100 psn\n|-damage|p1a: DeMarco|9\/100 psn|[from] Stealth Rock\n|-damage|p1a: DeMarco|0 fnt|[from] Spikes\n|faint|p1a: DeMarco\n|\n|t:|1700886351\n|switch|p1a: Maushold|Maushold-Four|100\/100\n|-damage|p1a: Maushold|88\/100|[from] Stealth Rock\n|-damage|p1a: Maushold|63\/100|[from] Spikes\n|-status|p1a: Maushold|psn\n|turn|20\n|\n|t:|1700886363\n|move|p1a: Maushold|Tidy Up|p1a: Maushold\n|-sideend|p1: Mr Abingdon|Spikes\n|-sideend|p1: Mr Abingdon|Toxic Spikes\n|-sideend|p1: Mr Abingdon|Stealth Rock\n|-activate|p1a: Maushold|move: Tidy Up\n|-boost|p1a: Maushold|atk|1\n|-boost|p1a: Maushold|spe|1\n|move|p2a: Kyogre|Liquidation|p1a: Maushold\n|-damage|p1a: Maushold|0 fnt\n|faint|p1a: Maushold\n|\n|-weather|RainDance|[upkeep]\n|upkeep\n|\n|t:|1700886371\n|switch|p1a: Rabsca|Rabsca, M, shiny|100\/100\n|turn|21\n|\n|t:|1700886379\n|move|p2a: Kyogre|Water Spout|p1a: Rabsca\n|-damage|p1a: Rabsca|6\/100\n|move|p1a: Rabsca|Trick Room|p1a: Rabsca\n|-fieldstart|move: Trick Room|[of] p1a: Rabsca\n|\n|-weather|RainDance|[upkeep]\n|upkeep\n|turn|22\n|\n|t:|1700886386\n|move|p1a: Rabsca|Revival Blessing|p1a: Rabsca\n|-enditem|p1a: Rabsca|Leppa Berry|[eat]\n|-activate|p1a: Rabsca|item: Leppa Berry|Revival Blessing|[consumed]\n|\n|t:|1700886391\n|-heal|p1: Houndstone|50\/100|[from] move: Revival Blessing\n|move|p2a: Kyogre|Liquidation|p1a: Rabsca\n|-damage|p1a: Rabsca|0 fnt\n|faint|p1a: Rabsca\n|\n|-weather|RainDance|[upkeep]\n|upkeep\n|\n|t:|1700886395\n|switch|p1a: Houndstone|Houndstone, M|50\/100\n|turn|23\n|\n|t:|1700886404\n|move|p1a: Houndstone|Last Respects|p2a: Kyogre\n|-damage|p2a: Kyogre|0 fnt\n|faint|p2a: Kyogre\n|\n|-weather|none\n|upkeep\n|\n|t:|1700886407\n|switch|p2a: Miraidon|Miraidon|79\/100\n|-fieldstart|move: Electric Terrain|[from] ability: Hadron Engine|[of] p2a: Miraidon\n|turn|24\n|\n|t:|1700886422\n|-terastallize|p2a: Miraidon|Normal\n|move|p1a: Houndstone|Last Respects|p2a: Miraidon\n|-immune|p2a: Miraidon\n|move|p2a: Miraidon|Electro Drift|p1a: Houndstone\n|-damage|p1a: Houndstone|22\/100\n|\n|upkeep\n|turn|25\n|\n|t:|1700886431\n|move|p1a: Houndstone|Play Rough|p2a: Miraidon\n|-damage|p2a: Miraidon|47\/100\n|move|p2a: Miraidon|Dragon Tail|p1a: Houndstone\n|-damage|p1a: Houndstone|13\/100\n|drag|p1a: Flutter Mane|Flutter Mane, shiny|100\/100\n|\n|-fieldend|move: Trick Room\n|upkeep\n|turn|26\n|\n|t:|1700886443\n|move|p1a: Flutter Mane|Moonblast|p2a: Miraidon\n|-damage|p2a: Miraidon|0 fnt\n|faint|p2a: Miraidon\n|-damage|p1a: Flutter Mane|91\/100|[from] item: Life Orb\n|\n|win|Mr Abingdon\n|raw|Mr Abingdon's rating: 1175 &rarr; <strong>1209<\/strong><br \/>(+34 for winning)\n|raw|Tysnap05's rating: 1304 &rarr; <strong>1277<\/strong><br \/>(-27 for losing)\n|l|\u2606Tysnap05\n","uploadtime":1700886446,"views":3,"p1id":"mrabingdon","p2id":"tysnap05","formatid":"gen9anythinggoes","rating":1209,"private":0,"password":""}