{"id":"gen9anythinggoes-1973839300","p1":"Siiroth","p2":"Raptors4TheChip","format":"[Gen 9] Anything Goes","log":"|j|\u2606Siiroth\n|j|\u2606Raptors4TheChip\n|t:|1698019176\n|gametype|singles\n|player|p1|Siiroth|lady-gen4|\n|player|p2|Raptors4TheChip|169|\n|teamsize|p1|6\n|teamsize|p2|6\n|gen|9\n|tier|[Gen 9] Anything Goes\n|rule|HP Percentage Mod: HP is shown in percentages\n|rule|Endless Battle Clause: Forcing endless battles is banned\n|clearpoke\n|poke|p1|Dragapult, M|\n|poke|p1|Samurott-Hisui, F|\n|poke|p1|Zapdos-Galar|\n|poke|p1|Clefable, M|\n|poke|p1|Coalossal, F|\n|poke|p1|Espathra, F|\n|poke|p2|Garganacl, F|\n|poke|p2|Staraptor, F|\n|poke|p2|Sneasler, F|\n|poke|p2|Scream Tail|\n|poke|p2|Electrode|\n|poke|p2|Baxcalibur, M|\n|teampreview\n|j| Amoongdrip\n|c| Amoongdrip|hype\n|c|\u2606Siiroth|hf\n|j| dittoboys\n|c|\u2606Raptors4TheChip|hf\n|j| Ptok\n|j| pogwuan\n|\n|t:|1698019296\n|start\n|switch|p1a: Coal Anthony|Coalossal, F|100\/100\n|switch|p2a: Lamar Jackson|Sneasler, F|100\/100\n|turn|1\n|inactive|Battle timer is ON: inactive players will automatically lose when time's up. (requested by Siiroth)\n|inactive|Raptors4TheChip has 270 seconds left.\n|inactive|Siiroth has 270 seconds left.\n|j| Tredz\n|inactive|Raptors4TheChip has 240 seconds left.\n|\n|t:|1698019360\n|switch|p2a: Justin Jefferson|Staraptor, F|100\/100\n|move|p1a: Coal Anthony|Flare Blitz|p2a: Justin Jefferson\n|-damage|p2a: Justin Jefferson|49\/100\n|-damage|p1a: Coal Anthony|88\/100|[from] Recoil\n|\n|-heal|p1a: Coal Anthony|94\/100|[from] item: Leftovers\n|upkeep\n|turn|2\n|j| KingClover13\n|c| Amoongdrip|insane\n|inactive|Siiroth has 270 seconds left.\n|\n|t:|1698019391\n|-terastallize|p1a: Coal Anthony|Fairy\n|move|p2a: Justin Jefferson|Close Combat|p1a: Coal Anthony\n|-resisted|p1a: Coal Anthony\n|-damage|p1a: Coal Anthony|83\/100\n|-unboost|p2a: Justin Jefferson|def|1\n|-unboost|p2a: Justin Jefferson|spd|1\n|move|p1a: Coal Anthony|Flare Blitz|p2a: Justin Jefferson\n|-damage|p2a: Justin Jefferson|0 fnt\n|faint|p2a: Justin Jefferson\n|-damage|p1a: Coal Anthony|72\/100|[from] Recoil\n|\n|-heal|p1a: Coal Anthony|78\/100|[from] item: Leftovers\n|upkeep\n|\n|t:|1698019394\n|switch|p2a: Aaron Donald|Garganacl, F, shiny|100\/100\n|turn|3\n|\n|t:|1698019403\n|switch|p1a: saMathurin|Samurott-Hisui, F|100\/100\n|move|p2a: Aaron Donald|Iron Defense|p2a: Aaron Donald\n|-boost|p2a: Aaron Donald|def|2\n|\n|upkeep\n|turn|4\n|\n|t:|1698019413\n|move|p1a: saMathurin|Aqua Cutter|p2a: Aaron Donald\n|-supereffective|p2a: Aaron Donald\n|-crit|p2a: Aaron Donald\n|-damage|p2a: Aaron Donald|0 fnt\n|faint|p2a: Aaron Donald\n|\n|upkeep\n|c| pogwuan|sheeesh\n|\n|t:|1698019420\n|switch|p2a: Lamar Jackson|Sneasler, F|100\/100\n|turn|5\n|c| KingClover13|holyyy\n|\n|t:|1698019427\n|switch|p1a: bogdanostrich|Espathra, F|100\/100\n|move|p2a: Lamar Jackson|Close Combat|p1a: bogdanostrich\n|-resisted|p1a: bogdanostrich\n|-damage|p1a: bogdanostrich|47\/100\n|-unboost|p2a: Lamar Jackson|def|1\n|-unboost|p2a: Lamar Jackson|spd|1\n|\n|upkeep\n|turn|6\n|\n|t:|1698019431\n|move|p1a: bogdanostrich|Protect|p1a: bogdanostrich\n|-singleturn|p1a: bogdanostrich|Protect\n|move|p2a: Lamar Jackson|Dire Claw|p1a: bogdanostrich\n|-activate|p1a: bogdanostrich|move: Protect\n|\n|-ability|p1a: bogdanostrich|Speed Boost|boost\n|-boost|p1a: bogdanostrich|spe|1\n|upkeep\n|turn|7\n|l| Ptok\n|inactive|Siiroth has 270 seconds left.\n|\n|t:|1698019463\n|move|p1a: bogdanostrich|Lumina Crash|p2a: Lamar Jackson\n|-supereffective|p2a: Lamar Jackson\n|-enditem|p2a: Lamar Jackson|Focus Sash\n|-damage|p2a: Lamar Jackson|1\/100\n|-unboost|p2a: Lamar Jackson|spd|2\n|move|p2a: Lamar Jackson|Swords Dance|p2a: Lamar Jackson\n|-boost|p2a: Lamar Jackson|atk|2\n|\n|-ability|p1a: bogdanostrich|Speed Boost|boost\n|-boost|p1a: bogdanostrich|spe|1\n|upkeep\n|turn|8\n|l| Tredz\n|j| Tredz\n|j| Ptok\n|inactive|Siiroth has 270 seconds left.\n|\n|t:|1698019476\n|move|p1a: bogdanostrich|Protect|p1a: bogdanostrich\n|-singleturn|p1a: bogdanostrich|Protect\n|move|p2a: Lamar Jackson|Dire Claw|p1a: bogdanostrich\n|-activate|p1a: bogdanostrich|move: Protect\n|\n|-ability|p1a: bogdanostrich|Speed Boost|boost\n|-boost|p1a: bogdanostrich|spe|1\n|upkeep\n|turn|9\n|inactive|Siiroth has 270 seconds left.\n|c| Amoongdrip|o7\n|c|\u2606Raptors4TheChip|gg i fucked up\n|c| KingClover13|I was gonna say wyd bro\n|\n|t:|1698019512\n|move|p1a: bogdanostrich|Lumina Crash|p2a: Lamar Jackson\n|-supereffective|p2a: Lamar Jackson\n|-damage|p2a: Lamar Jackson|0 fnt\n|faint|p2a: Lamar Jackson\n|\n|-ability|p1a: bogdanostrich|Speed Boost|boost\n|-boost|p1a: bogdanostrich|spe|1\n|upkeep\n|\n|t:|1698019527\n|switch|p2a: Travis Kelce|Baxcalibur, M|100\/100\n|turn|10\n|j| Unovajournies\n|c|\u2606Raptors4TheChip|i just forgot shit\n|inactive|Siiroth has 240 seconds left.\n|inactive|Raptors4TheChip has 270 seconds left.\n|\n|t:|1698019586\n|move|p2a: Travis Kelce|Ice Shard|p1a: bogdanostrich\n|-damage|p1a: bogdanostrich|12\/100\n|move|p1a: bogdanostrich|Dazzling Gleam|p2a: Travis Kelce\n|-supereffective|p2a: Travis Kelce\n|-damage|p2a: Travis Kelce|36\/100\n|\n|-ability|p1a: bogdanostrich|Speed Boost|boost\n|-boost|p1a: bogdanostrich|spe|1\n|upkeep\n|turn|11\n|inactive|Siiroth has 240 seconds left.\n|c| KingClover13|I haven't even started building my team yet y'all r going so fast lol\n|\n|t:|1698019602\n|move|p2a: Travis Kelce|Ice Shard|p1a: bogdanostrich\n|-damage|p1a: bogdanostrich|0 fnt\n|faint|p1a: bogdanostrich\n|\n|upkeep\n|\n|t:|1698019608\n|switch|p1a: zion williamson|Clefable, M|100\/100\n|turn|12\n|\n|t:|1698019612\n|move|p2a: Travis Kelce|Icicle Spear|p1a: zion williamson\n|-damage|p1a: zion williamson|89\/100\n|-damage|p1a: zion williamson|77\/100\n|-damage|p1a: zion williamson|66\/100\n|-damage|p1a: zion williamson|55\/100\n|-hitcount|p1a: zion williamson|4\n|move|p1a: zion williamson|Moonblast|p2a: Travis Kelce\n|-supereffective|p2a: Travis Kelce\n|-damage|p2a: Travis Kelce|0 fnt\n|faint|p2a: Travis Kelce\n|\n|-heal|p1a: zion williamson|61\/100|[from] item: Leftovers\n|upkeep\n|c| Unovajournies|Bro what\u2019re u doing\n|\n|t:|1698019623\n|switch|p2a: Sauce Gardner|Scream Tail, shiny|100\/100\n|turn|13\n|c| KingClover13|def high\n|c|\u2606Raptors4TheChip|ive conceded\n|inactive|Siiroth has 240 seconds left.\n|\n|t:|1698019639\n|move|p2a: Sauce Gardner|Calm Mind|p2a: Sauce Gardner\n|-boost|p2a: Sauce Gardner|spa|1\n|-boost|p2a: Sauce Gardner|spd|1\n|move|p1a: zion williamson|Moonlight|p1a: zion williamson\n|-heal|p1a: zion williamson|100\/100\n|\n|upkeep\n|turn|14\n|\n|t:|1698019644\n|-end|p2a: Sauce Gardner|Protosynthesis|[silent]\n|switch|p2a: Tyreek Hill|Electrode, shiny|100\/100\n|move|p1a: zion williamson|Knock Off|p2a: Tyreek Hill\n|-damage|p2a: Tyreek Hill|78\/100\n|-status|p1a: zion williamson|par|[from] ability: Static|[of] p2a: Tyreek Hill\n|-enditem|p2a: Tyreek Hill|Heavy-Duty Boots|[from] move: Knock Off|[of] p1a: zion williamson\n|\n|upkeep\n|turn|15\n|c| Unovajournies|:(\n|inactive|Siiroth has 240 seconds left.\n|c| Unovajournies|Bellibolt static is useless\n|inactive|Siiroth has 210 seconds left.\n|\n|t:|1698019691\n|move|p2a: Tyreek Hill|Thunderbolt|p1a: zion williamson\n|-damage|p1a: zion williamson|69\/100 par\n|move|p1a: zion williamson|Moonblast|p2a: Tyreek Hill\n|-damage|p2a: Tyreek Hill|32\/100\n|-unboost|p2a: Tyreek Hill|spa|1\n|\n|-heal|p1a: zion williamson|75\/100 par|[from] item: Leftovers\n|upkeep\n|turn|16\n|c| KingClover13|noooo always run static wym....\n|c| pogwuan|my ape doesnt think that\n|inactive|Siiroth has 210 seconds left.\n|\n|t:|1698019703\n|-terastallize|p2a: Tyreek Hill|Ice\n|move|p2a: Tyreek Hill|Tera Blast|p1a: zion williamson|[anim] Tera Blast Ice\n|-damage|p1a: zion williamson|45\/100 par\n|move|p1a: zion williamson|Moonblast|p2a: Tyreek Hill\n|-damage|p2a: Tyreek Hill|0 fnt\n|faint|p2a: Tyreek Hill\n|\n|-heal|p1a: zion williamson|51\/100 par|[from] item: Leftovers\n|upkeep\n|\n|t:|1698019707\n|switch|p2a: Sauce Gardner|Scream Tail, shiny|100\/100\n|turn|17\n|inactive|Siiroth has 210 seconds left.\n|c| Unovajournies|Bellibolt got hit like 6 times\n|c| Unovajournies|Scream tail clutches dw\n|c| Amoongdrip|...\n|inactive|Siiroth has 180 seconds left.\n|c| KingClover13|oh shi fr? I wasn't there to watch\n|\n|t:|1698019771\n|switch|p1a: Coal Anthony|Coalossal, F, tera:Fairy|78\/100\n|move|p2a: Sauce Gardner|Calm Mind|p2a: Sauce Gardner\n|-boost|p2a: Sauce Gardner|spa|1\n|-boost|p2a: Sauce Gardner|spd|1\n|\n|-heal|p1a: Coal Anthony|84\/100|[from] item: Leftovers\n|upkeep\n|turn|18\n|\n|t:|1698019784\n|move|p2a: Sauce Gardner|Calm Mind|p2a: Sauce Gardner\n|-boost|p2a: Sauce Gardner|spa|1\n|-boost|p2a: Sauce Gardner|spd|1\n|move|p1a: Coal Anthony|Flare Blitz|p2a: Sauce Gardner\n|-damage|p2a: Sauce Gardner|74\/100\n|-damage|p1a: Coal Anthony|75\/100|[from] Recoil\n|-enditem|p2a: Sauce Gardner|Kee Berry|[eat]\n|-boost|p2a: Sauce Gardner|def|1|[from] item: Kee Berry\n|\n|-heal|p1a: Coal Anthony|81\/100|[from] item: Leftovers\n|upkeep\n|turn|19\n|c| Unovajournies|Yo\n|\n|t:|1698019794\n|move|p2a: Sauce Gardner|Wish|p2a: Sauce Gardner\n|move|p1a: Coal Anthony|Stone Edge|p2a: Sauce Gardner\n|-damage|p2a: Sauce Gardner|61\/100\n|\n|-heal|p1a: Coal Anthony|87\/100|[from] item: Leftovers\n|upkeep\n|turn|20\n|c| Unovajournies|He wants that crit\n|\n|t:|1698019805\n|move|p2a: Sauce Gardner|Stored Power|p1a: Coal Anthony\n|-damage|p1a: Coal Anthony|32\/100\n|move|p1a: Coal Anthony|Flare Blitz|p2a: Sauce Gardner\n|-damage|p2a: Sauce Gardner|45\/100\n|-damage|p1a: Coal Anthony|27\/100|[from] Recoil\n|\n|-heal|p2a: Sauce Gardner|95\/100|[from] move: Wish|[wisher] Sauce Gardner\n|-heal|p1a: Coal Anthony|33\/100|[from] item: Leftovers\n|upkeep\n|turn|21\n|\n|t:|1698019822\n|move|p2a: Sauce Gardner|Stored Power|p1a: Coal Anthony\n|-damage|p1a: Coal Anthony|0 fnt\n|faint|p1a: Coal Anthony\n|\n|upkeep\n|c| KingClover13|its not over yet\n|c| dittoboys|terror tail clutch?\n|c| Unovajournies|Tyler why\n|c| Unovajournies|u shoulda stalled more\n|inactive|Siiroth has 150 seconds left.\n|c| Amoongdrip|too much pressure :(\n|l| Unovajournies\n|inactive|Siiroth has 120 seconds left.\n|j| Unovajournies\n|l| Unovajournies\n|\n|t:|1698019891\n|switch|p1a: zion williamson|Clefable, M|51\/100 par\n|turn|22\n|\n|t:|1698019894\n|move|p2a: Sauce Gardner|Calm Mind|p2a: Sauce Gardner\n|-boost|p2a: Sauce Gardner|spa|1\n|-boost|p2a: Sauce Gardner|spd|1\n|move|p1a: zion williamson|Moonlight|p1a: zion williamson\n|-heal|p1a: zion williamson|100\/100 par\n|\n|upkeep\n|turn|23\n|j| Unovajournies\n|inactive|Siiroth has 120 seconds left.\n|\n|t:|1698019913\n|move|p2a: Sauce Gardner|Calm Mind|p2a: Sauce Gardner\n|-boost|p2a: Sauce Gardner|spa|1\n|-boost|p2a: Sauce Gardner|spd|1\n|move|p1a: zion williamson|Moonblast|p2a: Sauce Gardner\n|-damage|p2a: Sauce Gardner|77\/100\n|\n|upkeep\n|turn|24\n|\n|t:|1698019921\n|move|p2a: Sauce Gardner|Calm Mind|p2a: Sauce Gardner\n|-boost|p2a: Sauce Gardner|spa|1\n|-boost|p2a: Sauce Gardner|spd|1\n|move|p1a: zion williamson|Moonblast|p2a: Sauce Gardner\n|-damage|p2a: Sauce Gardner|58\/100\n|\n|upkeep\n|turn|25\n|\n|t:|1698019929\n|move|p2a: Sauce Gardner|Wish|p2a: Sauce Gardner\n|move|p1a: zion williamson|Moonblast|p2a: Sauce Gardner\n|-damage|p2a: Sauce Gardner|39\/100\n|\n|upkeep\n|turn|26\n|c| KingClover13|ohhhh shit is that not unaware clef??\n|inactive|Siiroth has 120 seconds left.\n|c| Amoongdrip|I think it is but dont wanna coach :D\n|c| KingClover13|oh yea shit my b\n|c| Amoongdrip|u good\n|\n|t:|1698019973\n|move|p2a: Sauce Gardner|Calm Mind|p2a: Sauce Gardner\n|-boost|p2a: Sauce Gardner|spa|1\n|-boost|p2a: Sauce Gardner|spd|1\n|move|p1a: zion williamson|Moonblast|p2a: Sauce Gardner\n|-damage|p2a: Sauce Gardner|22\/100\n|\n|-heal|p2a: Sauce Gardner|72\/100|[from] move: Wish|[wisher] Sauce Gardner\n|upkeep\n|turn|27\n|c| Amoongdrip|this scream tail scary\n|\n|t:|1698019980\n|move|p2a: Sauce Gardner|Wish|p2a: Sauce Gardner\n|move|p1a: zion williamson|Moonblast|p2a: Sauce Gardner\n|-damage|p2a: Sauce Gardner|53\/100\n|-unboost|p2a: Sauce Gardner|spa|1\n|\n|upkeep\n|turn|28\n|c| KingClover13|croc scarier\n|\n|t:|1698019996\n|move|p2a: Sauce Gardner|Stored Power|p1a: zion williamson\n|-damage|p1a: zion williamson|30\/100 par\n|move|p1a: zion williamson|Moonblast|p2a: Sauce Gardner\n|-damage|p2a: Sauce Gardner|35\/100\n|\n|-heal|p2a: Sauce Gardner|85\/100|[from] move: Wish|[wisher] Sauce Gardner\n|-heal|p1a: zion williamson|37\/100 par|[from] item: Leftovers\n|upkeep\n|turn|29\n|c| KingClover13|I got ptsd and nightmares now\n|\n|t:|1698020006\n|switch|p1a: saMathurin|Samurott-Hisui, F|100\/100\n|move|p2a: Sauce Gardner|Stored Power|p1a: saMathurin\n|-immune|p1a: saMathurin\n|\n|upkeep\n|turn|30\n|c| Amoongdrip|lmfao\n|inactive|Siiroth has 90 seconds left.\n|\n|t:|1698020050\n|move|p1a: saMathurin|Sucker Punch||[still]\n|-fail|p1a: saMathurin\n|move|p2a: Sauce Gardner|Wish|p2a: Sauce Gardner\n|\n|upkeep\n|turn|31\n|inactive|Siiroth has 60 seconds left.\n|\n|t:|1698020093\n|switch|p1a: zion williamson|Clefable, M|37\/100 par\n|move|p2a: Sauce Gardner|Calm Mind|p2a: Sauce Gardner\n|-boost|p2a: Sauce Gardner|spa|1\n|-boost|p2a: Sauce Gardner|spd|0\n|\n|-heal|p2a: Sauce Gardner|100\/100|[from] move: Wish|[wisher] Sauce Gardner\n|-heal|p1a: zion williamson|43\/100 par|[from] item: Leftovers\n|upkeep\n|turn|32\n|\n|t:|1698020108\n|move|p2a: Sauce Gardner|Stored Power|p1a: zion williamson\n|-damage|p1a: zion williamson|0 fnt\n|faint|p1a: zion williamson\n|\n|upkeep\n|\n|t:|1698020110\n|switch|p1a: saMathurin|Samurott-Hisui, F|100\/100\n|turn|33\n|\n|t:|1698020117\n|move|p2a: Sauce Gardner|Wish|p2a: Sauce Gardner\n|move|p1a: saMathurin|Aqua Cutter|p2a: Sauce Gardner\n|-damage|p2a: Sauce Gardner|76\/100\n|\n|upkeep\n|turn|34\n|\n|t:|1698020123\n|move|p2a: Sauce Gardner|Calm Mind|p2a: Sauce Gardner\n|-boost|p2a: Sauce Gardner|spa|0\n|-boost|p2a: Sauce Gardner|spd|0\n|move|p1a: saMathurin|Aqua Cutter|p2a: Sauce Gardner\n|-damage|p2a: Sauce Gardner|49\/100\n|\n|-heal|p2a: Sauce Gardner|99\/100|[from] move: Wish|[wisher] Sauce Gardner\n|upkeep\n|turn|35\n|\n|t:|1698020130\n|move|p2a: Sauce Gardner|Wish|p2a: Sauce Gardner\n|move|p1a: saMathurin|Aqua Cutter|p2a: Sauce Gardner\n|-damage|p2a: Sauce Gardner|72\/100\n|\n|upkeep\n|turn|36\n|\n|t:|1698020134\n|move|p2a: Sauce Gardner|Calm Mind|p2a: Sauce Gardner\n|-boost|p2a: Sauce Gardner|spa|0\n|-boost|p2a: Sauce Gardner|spd|0\n|move|p1a: saMathurin|Aqua Cutter|p2a: Sauce Gardner\n|-damage|p2a: Sauce Gardner|45\/100\n|\n|-heal|p2a: Sauce Gardner|95\/100|[from] move: Wish|[wisher] Sauce Gardner\n|upkeep\n|turn|37\n|\n|t:|1698020140\n|move|p2a: Sauce Gardner|Wish|p2a: Sauce Gardner\n|move|p1a: saMathurin|Aqua Cutter|p2a: Sauce Gardner\n|-damage|p2a: Sauce Gardner|69\/100\n|\n|upkeep\n|turn|38\n|\n|t:|1698020144\n|move|p2a: Sauce Gardner|Calm Mind|p2a: Sauce Gardner\n|-boost|p2a: Sauce Gardner|spa|0\n|-boost|p2a: Sauce Gardner|spd|0\n|move|p1a: saMathurin|Aqua Cutter|p2a: Sauce Gardner\n|-damage|p2a: Sauce Gardner|42\/100\n|\n|-heal|p2a: Sauce Gardner|92\/100|[from] move: Wish|[wisher] Sauce Gardner\n|upkeep\n|turn|39\n|\n|t:|1698020151\n|move|p2a: Sauce Gardner|Calm Mind|p2a: Sauce Gardner\n|-boost|p2a: Sauce Gardner|spa|0\n|-boost|p2a: Sauce Gardner|spd|0\n|move|p1a: saMathurin|Aqua Cutter|p2a: Sauce Gardner\n|-crit|p2a: Sauce Gardner\n|-damage|p2a: Sauce Gardner|29\/100\n|\n|upkeep\n|turn|40\n|inactive|Siiroth has 120 seconds left.\n|\n|t:|1698020159\n|move|p2a: Sauce Gardner|Wish|p2a: Sauce Gardner\n|move|p1a: saMathurin|Aqua Cutter|p2a: Sauce Gardner\n|-damage|p2a: Sauce Gardner|5\/100\n|\n|upkeep\n|turn|41\n|\n|t:|1698020167\n|move|p2a: Sauce Gardner|Protect|p2a: Sauce Gardner\n|-singleturn|p2a: Sauce Gardner|Protect\n|move|p1a: saMathurin|Aqua Cutter|p2a: Sauce Gardner\n|-activate|p2a: Sauce Gardner|move: Protect\n|\n|-heal|p2a: Sauce Gardner|55\/100|[from] move: Wish|[wisher] Sauce Gardner\n|upkeep\n|turn|42\n|c| dittoboys|lol\n|c| KingClover13|gg\n|c|\u2606Siiroth|gg\n|c| dittoboys|gg\n|c| Amoongdrip|lmfao\n|c|\u2606Raptors4TheChip|gg\n|inactive|Siiroth has 120 seconds left.\n|c|\u2606Siiroth|holy fuck\n|c| pogwuan|guy was sweating\n|\n|t:|1698020187\n|move|p2a: Sauce Gardner|Wish|p2a: Sauce Gardner\n|move|p1a: saMathurin|Aqua Cutter|p2a: Sauce Gardner\n|-damage|p2a: Sauce Gardner|27\/100\n|\n|upkeep\n|turn|43\n|c| dittoboys|clef didnt need to be sacked\n|inactive|Siiroth has 120 seconds left.\n|\n|t:|1698020203\n|move|p2a: Sauce Gardner|Protect|p2a: Sauce Gardner\n|-singleturn|p2a: Sauce Gardner|Protect\n|move|p1a: saMathurin|Aqua Cutter|p2a: Sauce Gardner\n|-activate|p2a: Sauce Gardner|move: Protect\n|\n|-heal|p2a: Sauce Gardner|77\/100|[from] move: Wish|[wisher] Sauce Gardner\n|upkeep\n|turn|44\n|c| KingClover13|if bro had moon blast or something that's gg\n|c|\u2606Raptors4TheChip|forgot to double check this ones set lol\n|\n|t:|1698020219\n|move|p2a: Sauce Gardner|Calm Mind|p2a: Sauce Gardner\n|-boost|p2a: Sauce Gardner|spa|0\n|-boost|p2a: Sauce Gardner|spd|0\n|move|p1a: saMathurin|Aqua Cutter|p2a: Sauce Gardner\n|-damage|p2a: Sauce Gardner|51\/100\n|\n|upkeep\n|turn|45\n|c|\u2606Siiroth|yeah i coulda saved that sack\n|inactive|Siiroth has 120 seconds left.\n|\n|t:|1698020239\n|move|p2a: Sauce Gardner|Wish|p2a: Sauce Gardner\n|move|p1a: saMathurin|Aqua Cutter|p2a: Sauce Gardner\n|-damage|p2a: Sauce Gardner|24\/100\n|\n|upkeep\n|turn|46\n|c| dittoboys|coulda 6-0\n|\n|t:|1698020244\n|move|p2a: Sauce Gardner|Protect|p2a: Sauce Gardner\n|-singleturn|p2a: Sauce Gardner|Protect\n|move|p1a: saMathurin|Aqua Cutter|p2a: Sauce Gardner\n|-activate|p2a: Sauce Gardner|move: Protect\n|\n|-heal|p2a: Sauce Gardner|74\/100|[from] move: Wish|[wisher] Sauce Gardner\n|upkeep\n|turn|47\n|c| Unovajournies|He wants the crit\n|c|\u2606Siiroth|mb for the garg crit\n|\n|t:|1698020254\n|move|p2a: Sauce Gardner|Wish|p2a: Sauce Gardner\n|move|p1a: saMathurin|Aqua Cutter|p2a: Sauce Gardner\n|-damage|p2a: Sauce Gardner|47\/100\n|\n|upkeep\n|turn|48\n|\n|t:|1698020262\n|move|p2a: Sauce Gardner|Protect|p2a: Sauce Gardner\n|-singleturn|p2a: Sauce Gardner|Protect\n|move|p1a: saMathurin|Aqua Cutter|p2a: Sauce Gardner\n|-activate|p2a: Sauce Gardner|move: Protect\n|\n|-heal|p2a: Sauce Gardner|97\/100|[from] move: Wish|[wisher] Sauce Gardner\n|upkeep\n|turn|49\n|\n|t:|1698020275\n|move|p2a: Sauce Gardner|Stored Power|p1a: saMathurin\n|-immune|p1a: saMathurin\n|move|p1a: saMathurin|Aqua Cutter|p2a: Sauce Gardner\n|-damage|p2a: Sauce Gardner|71\/100\n|\n|upkeep\n|turn|50\n|\n|t:|1698020278\n|move|p2a: Sauce Gardner|Wish|p2a: Sauce Gardner\n|move|p1a: saMathurin|Aqua Cutter|p2a: Sauce Gardner\n|-crit|p2a: Sauce Gardner\n|-damage|p2a: Sauce Gardner|12\/100\n|\n|upkeep\n|turn|51\n|inactive|Siiroth has 150 seconds left.\n|\n|t:|1698020284\n|move|p2a: Sauce Gardner|Protect|p2a: Sauce Gardner\n|-singleturn|p2a: Sauce Gardner|Protect\n|move|p1a: saMathurin|Aqua Cutter|p2a: Sauce Gardner\n|-activate|p2a: Sauce Gardner|move: Protect\n|\n|-heal|p2a: Sauce Gardner|62\/100|[from] move: Wish|[wisher] Sauce Gardner\n|upkeep\n|turn|52\n|\n|t:|1698020290\n|move|p2a: Sauce Gardner|Wish|p2a: Sauce Gardner\n|move|p1a: saMathurin|Aqua Cutter|p2a: Sauce Gardner\n|-crit|p2a: Sauce Gardner\n|-damage|p2a: Sauce Gardner|7\/100\n|\n|upkeep\n|turn|53\n|\n|t:|1698020298\n|move|p2a: Sauce Gardner|Protect|p2a: Sauce Gardner\n|-singleturn|p2a: Sauce Gardner|Protect\n|move|p1a: saMathurin|Aqua Cutter|p2a: Sauce Gardner\n|-activate|p2a: Sauce Gardner|move: Protect\n|\n|-heal|p2a: Sauce Gardner|57\/100|[from] move: Wish|[wisher] Sauce Gardner\n|upkeep\n|turn|54\n|\n|t:|1698020304\n|move|p2a: Sauce Gardner|Wish|p2a: Sauce Gardner\n|move|p1a: saMathurin|Aqua Cutter|p2a: Sauce Gardner\n|-crit|p2a: Sauce Gardner\n|-damage|p2a: Sauce Gardner|3\/100\n|\n|upkeep\n|turn|55\n|inactive|Siiroth has 180 seconds left.\n|\n|t:|1698020309\n|move|p2a: Sauce Gardner|Protect|p2a: Sauce Gardner\n|-singleturn|p2a: Sauce Gardner|Protect\n|move|p1a: saMathurin|Aqua Cutter|p2a: Sauce Gardner\n|-activate|p2a: Sauce Gardner|move: Protect\n|\n|-heal|p2a: Sauce Gardner|53\/100|[from] move: Wish|[wisher] Sauce Gardner\n|upkeep\n|turn|56\n|\n|t:|1698020317\n|move|p2a: Sauce Gardner|Wish|p2a: Sauce Gardner\n|move|p1a: saMathurin|Aqua Cutter|p2a: Sauce Gardner\n|-damage|p2a: Sauce Gardner|26\/100\n|\n|upkeep\n|turn|57\n|\n|t:|1698020324\n|move|p2a: Sauce Gardner|Protect|p2a: Sauce Gardner\n|-singleturn|p2a: Sauce Gardner|Protect\n|move|p1a: saMathurin|Aqua Cutter|p2a: Sauce Gardner\n|-activate|p2a: Sauce Gardner|move: Protect\n|\n|-heal|p2a: Sauce Gardner|76\/100|[from] move: Wish|[wisher] Sauce Gardner\n|upkeep\n|turn|58\n|\n|t:|1698020330\n|move|p2a: Sauce Gardner|Wish|p2a: Sauce Gardner\n|move|p1a: saMathurin|Aqua Cutter|p2a: Sauce Gardner\n|-damage|p2a: Sauce Gardner|49\/100\n|\n|upkeep\n|turn|59\n|\n|t:|1698020334\n|move|p2a: Sauce Gardner|Protect|p2a: Sauce Gardner\n|-singleturn|p2a: Sauce Gardner|Protect\n|move|p1a: saMathurin|Aqua Cutter|p2a: Sauce Gardner\n|-activate|p2a: Sauce Gardner|move: Protect\n|\n|-heal|p2a: Sauce Gardner|99\/100|[from] move: Wish|[wisher] Sauce Gardner\n|upkeep\n|turn|60\n|\n|t:|1698020342\n|move|p2a: Sauce Gardner|Protect|p2a: Sauce Gardner\n|-singleturn|p2a: Sauce Gardner|Protect\n|move|p1a: saMathurin|Aqua Cutter|p2a: Sauce Gardner\n|-activate|p2a: Sauce Gardner|move: Protect\n|\n|upkeep\n|turn|61\n|\n|t:|1698020346\n|move|p2a: Sauce Gardner|Calm Mind|p2a: Sauce Gardner\n|-boost|p2a: Sauce Gardner|spa|0\n|-boost|p2a: Sauce Gardner|spd|0\n|move|p1a: saMathurin|Aqua Cutter|p2a: Sauce Gardner\n|-damage|p2a: Sauce Gardner|72\/100\n|\n|upkeep\n|turn|62\n|\n|t:|1698020352\n|move|p2a: Sauce Gardner|Protect|p2a: Sauce Gardner\n|-singleturn|p2a: Sauce Gardner|Protect\n|move|p1a: saMathurin|Aqua Cutter|p2a: Sauce Gardner\n|-activate|p2a: Sauce Gardner|move: Protect\n|\n|upkeep\n|turn|63\n|\n|t:|1698020357\n|move|p2a: Sauce Gardner|Calm Mind|p2a: Sauce Gardner\n|-boost|p2a: Sauce Gardner|spa|0\n|-boost|p2a: Sauce Gardner|spd|0\n|move|p1a: saMathurin|Aqua Cutter|p2a: Sauce Gardner\n|-damage|p2a: Sauce Gardner|45\/100\n|\n|upkeep\n|turn|64\n|\n|t:|1698020363\n|move|p2a: Sauce Gardner|Stored Power|p1a: saMathurin\n|-immune|p1a: saMathurin\n|move|p1a: saMathurin|Ceaseless Edge|p2a: Sauce Gardner\n|-damage|p2a: Sauce Gardner|21\/100\n|-sidestart|p2: Raptors4TheChip|Spikes\n|\n|upkeep\n|turn|65\n|c| pogwuan|LMAO\n|\n|t:|1698020371\n|move|p2a: Sauce Gardner|Protect|p2a: Sauce Gardner\n|-singleturn|p2a: Sauce Gardner|Protect\n|move|p1a: saMathurin|Ceaseless Edge|p2a: Sauce Gardner\n|-activate|p2a: Sauce Gardner|move: Protect\n|\n|upkeep\n|turn|66\n|c|\u2606Siiroth|;)\n|c| Amoongdrip|crit item?\n|c|\u2606Raptors4TheChip|lmao\n|\n|t:|1698020382\n|move|p2a: Sauce Gardner|Stored Power|p1a: saMathurin\n|-immune|p1a: saMathurin\n|move|p1a: saMathurin|Ceaseless Edge|p2a: Sauce Gardner|[miss]\n|-miss|p1a: saMathurin|p2a: Sauce Gardner\n|\n|upkeep\n|turn|67\n|\n|t:|1698020391\n|move|p2a: Sauce Gardner|Protect|p2a: Sauce Gardner\n|-singleturn|p2a: Sauce Gardner|Protect\n|move|p1a: saMathurin|Ceaseless Edge|p2a: Sauce Gardner\n|-activate|p2a: Sauce Gardner|move: Protect\n|\n|upkeep\n|turn|68\n|c| dittoboys|gg\n|c| pogwuan|u werent even choiced this whole time lmfao\n|\n|t:|1698020396\n|move|p2a: Sauce Gardner|Calm Mind|p2a: Sauce Gardner\n|-boost|p2a: Sauce Gardner|spa|0\n|-boost|p2a: Sauce Gardner|spd|0\n|move|p1a: saMathurin|Ceaseless Edge|p2a: Sauce Gardner|[miss]\n|-miss|p1a: saMathurin|p2a: Sauce Gardner\n|\n|upkeep\n|turn|69\n|c|\u2606Siiroth|wtf\n|\n|t:|1698020414\n|move|p2a: Sauce Gardner|Protect|p2a: Sauce Gardner\n|-singleturn|p2a: Sauce Gardner|Protect\n|move|p1a: saMathurin|Ceaseless Edge|p2a: Sauce Gardner\n|-activate|p2a: Sauce Gardner|move: Protect\n|\n|upkeep\n|turn|70\n|c|\u2606Raptors4TheChip|lmao\n|\n|t:|1698020420\n|move|p2a: Sauce Gardner|Calm Mind|p2a: Sauce Gardner\n|-boost|p2a: Sauce Gardner|spa|0\n|-boost|p2a: Sauce Gardner|spd|0\n|move|p1a: saMathurin|Ceaseless Edge|p2a: Sauce Gardner\n|-damage|p2a: Sauce Gardner|0 fnt\n|-sidestart|p2: Raptors4TheChip|Spikes\n|faint|p2a: Sauce Gardner\n|-end|p2a: Sauce Gardner|Protosynthesis|[silent]\n|\n|win|Siiroth\n|c| Amoongdrip|gg\n|c| KingClover13|HOW IS THIS STILL GOIN\n|c|\u2606Siiroth|gg\n|c| dittoboys|gg?\n|l| Unovajournies\n","uploadtime":1698020437,"views":23,"p1id":"siiroth","p2id":"raptors4thechip","formatid":"gen9anythinggoes","rating":0,"private":0,"password":""}