{"id":"gen9anythinggoes-1972962978","p1":"SquirtleNOsquirtin","p2":"Mothstalgia","format":"[Gen 9] Anything Goes","log":"|j|\u2606SquirtleNOsquirtin\n|j|\u2606Mothstalgia\n|t:|1697913299\n|gametype|singles\n|player|p1|SquirtleNOsquirtin|170|1195\n|player|p2|Mothstalgia|rei|1181\n|teamsize|p1|6\n|teamsize|p2|6\n|gen|9\n|tier|[Gen 9] Anything Goes\n|rated|\n|rule|HP Percentage Mod: HP is shown in percentages\n|rule|Endless Battle Clause: Forcing endless battles is banned\n|clearpoke\n|poke|p1|Calyrex-Shadow|\n|poke|p1|Darkrai|\n|poke|p1|Shaymin-Sky|\n|poke|p1|Greninja-*, M|\n|poke|p1|Zacian-*|\n|poke|p1|Ursaluna-Bloodmoon, M|\n|poke|p2|Magearna|\n|poke|p2|Clefable, F|\n|poke|p2|Quagsire, F|\n|poke|p2|Dunsparce, F|\n|poke|p2|Clefable, M|\n|poke|p2|Drifblim, M|\n|teampreview\n|\n|t:|1697913320\n|start\n|switch|p1a: Calyrex|Calyrex-Shadow|100\/100\n|switch|p2a: Drifblim|Drifblim, M|100\/100\n|-ability|p1a: Calyrex|As One\n|-ability|p1a: Calyrex|Unnerve\n|turn|1\n|\n|t:|1697913334\n|switch|p2a: Dunsparce|Dunsparce, F, shiny|100\/100\n|move|p1a: Calyrex|Astral Barrage|p2a: Dunsparce\n|-immune|p2a: Dunsparce\n|\n|upkeep\n|turn|2\n|\n|t:|1697913349\n|switch|p1a: Greninja|Greninja, M|100\/100\n|move|p2a: Dunsparce|Coil|p2a: Dunsparce\n|-boost|p2a: Dunsparce|atk|1\n|-boost|p2a: Dunsparce|def|1\n|-boost|p2a: Dunsparce|accuracy|1\n|\n|upkeep\n|turn|3\n|\n|t:|1697913362\n|move|p1a: Greninja|Waterfall|p2a: Dunsparce\n|-damage|p2a: Dunsparce|87\/100\n|move|p2a: Dunsparce|Body Slam|p1a: Greninja\n|-damage|p1a: Greninja|46\/100\n|\n|upkeep\n|turn|4\n|\n|t:|1697913377\n|move|p1a: Greninja|Dark Pulse|p2a: Dunsparce\n|-damage|p2a: Dunsparce|62\/100\n|move|p2a: Dunsparce|Coil|p2a: Dunsparce\n|-boost|p2a: Dunsparce|atk|1\n|-boost|p2a: Dunsparce|def|1\n|-boost|p2a: Dunsparce|accuracy|1\n|\n|upkeep\n|turn|5\n|\n|t:|1697913390\n|move|p1a: Greninja|Dark Pulse|p2a: Dunsparce\n|-damage|p2a: Dunsparce|39\/100\n|move|p2a: Dunsparce|Baton Pass|p2a: Dunsparce\n|\n|t:|1697913401\n|switch|p2a: Clefable|Clefable, F, shiny|100\/100|[from] Baton Pass\n|\n|upkeep\n|turn|6\n|\n|t:|1697913416\n|move|p1a: Greninja|Waterfall|p2a: Clefable\n|-damage|p2a: Clefable|86\/100\n|-enditem|p2a: Clefable|Red Card|[of] p1a: Greninja\n|drag|p1a: Zacian|Zacian-Crowned, shiny|100\/100\n|-ability|p1a: Zacian|Intrepid Sword|boost\n|-boost|p1a: Zacian|atk|1\n|move|p2a: Clefable|Cosmic Power|p2a: Clefable\n|-boost|p2a: Clefable|def|1\n|-boost|p2a: Clefable|spd|1\n|\n|upkeep\n|turn|7\n|\n|t:|1697913446\n|-terastallize|p2a: Clefable|Fire\n|move|p1a: Zacian|Behemoth Blade|p2a: Clefable\n|-resisted|p2a: Clefable\n|-damage|p2a: Clefable|66\/100\n|move|p2a: Clefable|Baton Pass|p2a: Clefable\n|\n|t:|1697913454\n|switch|p2a: Drifblim|Drifblim, M|100\/100|[from] Baton Pass\n|\n|upkeep\n|turn|8\n|\n|t:|1697913474\n|move|p1a: Zacian|Protect|p1a: Zacian\n|-singleturn|p1a: Zacian|Protect\n|move|p2a: Drifblim|Minimize|p2a: Drifblim\n|-boost|p2a: Drifblim|evasion|2\n|\n|upkeep\n|turn|9\n|\n|t:|1697913481\n|move|p1a: Zacian|Play Rough|p2a: Drifblim\n|-damage|p2a: Drifblim|75\/100\n|-enditem|p2a: Drifblim|Red Card|[of] p1a: Zacian\n|drag|p1a: Shaymin|Shaymin-Sky|100\/100\n|move|p2a: Drifblim|Minimize|p2a: Drifblim\n|-boost|p2a: Drifblim|evasion|2\n|\n|upkeep\n|turn|10\n|\n|t:|1697913506\n|move|p2a: Drifblim|Baton Pass|p2a: Drifblim\n|\n|t:|1697913512\n|switch|p2a: Magearna|Magearna|100\/100|[from] Baton Pass\n|move|p1a: Shaymin|Air Slash|p2a: Magearna|[miss]\n|-miss|p1a: Shaymin|p2a: Magearna\n|\n|upkeep\n|turn|11\n|\n|t:|1697913530\n|move|p1a: Shaymin|Leaf Storm|p2a: Magearna\n|-resisted|p2a: Magearna\n|-damage|p2a: Magearna|82\/100\n|-unboost|p1a: Shaymin|spa|2\n|move|p2a: Magearna|Iron Head|p1a: Shaymin\n|-damage|p1a: Shaymin|37\/100\n|\n|upkeep\n|turn|12\n|\n|t:|1697913541\n|move|p1a: Shaymin|Air Slash|p2a: Magearna|[miss]\n|-miss|p1a: Shaymin|p2a: Magearna\n|move|p2a: Magearna|Shift Gear|p2a: Magearna\n|-boost|p2a: Magearna|spe|2\n|-boost|p2a: Magearna|atk|1\n|\n|upkeep\n|turn|13\n|\n|t:|1697913551\n|move|p1a: Shaymin|Air Slash|p2a: Magearna|[miss]\n|-miss|p1a: Shaymin|p2a: Magearna\n|move|p2a: Magearna|Shift Gear|p2a: Magearna\n|-boost|p2a: Magearna|spe|2\n|-boost|p2a: Magearna|atk|1\n|\n|upkeep\n|turn|14\n|\n|t:|1697913561\n|move|p2a: Magearna|Iron Head|p1a: Shaymin\n|-damage|p1a: Shaymin|0 fnt\n|faint|p1a: Shaymin\n|-ability|p2a: Magearna|Soul-Heart|boost\n|-boost|p2a: Magearna|spa|1\n|\n|upkeep\n|\n|t:|1697913574\n|switch|p1a: Ursaluna|Ursaluna-Bloodmoon, M|100\/100\n|turn|15\n|\n|t:|1697913606\n|move|p2a: Magearna|Baton Pass|p2a: Magearna\n|\n|t:|1697913610\n|switch|p2a: Quagsire|Quagsire, F, shiny|100\/100|[from] Baton Pass\n|move|p1a: Ursaluna|Earth Power|p2a: Quagsire\n|-damage|p2a: Quagsire|60\/100\n|\n|-heal|p2a: Quagsire|66\/100|[from] item: Leftovers\n|upkeep\n|turn|16\n|\n|t:|1697913628\n|switch|p1a: Greninja|Greninja, M|46\/100\n|move|p2a: Quagsire|Earthquake|p1a: Greninja\n|-damage|p1a: Greninja|0 fnt\n|faint|p1a: Greninja\n|\n|-heal|p2a: Quagsire|72\/100|[from] item: Leftovers\n|upkeep\n|\n|t:|1697913635\n|switch|p1a: Darkrai|Darkrai, shiny|100\/100\n|turn|17\n|\n|t:|1697913654\n|move|p1a: Darkrai|Knock Off|p2a: Quagsire|[miss]\n|-miss|p1a: Darkrai|p2a: Quagsire\n|move|p2a: Quagsire|Earthquake|p1a: Darkrai\n|-damage|p1a: Darkrai|0 fnt\n|faint|p1a: Darkrai\n|\n|-heal|p2a: Quagsire|78\/100|[from] item: Leftovers\n|upkeep\n|\n|t:|1697913664\n|switch|p1a: Calyrex|Calyrex-Shadow|100\/100\n|-ability|p1a: Calyrex|As One\n|-ability|p1a: Calyrex|Unnerve\n|turn|18\n|\n|t:|1697913672\n|move|p1a: Calyrex|Astral Barrage|p2a: Quagsire|[miss]\n|-miss|p1a: Calyrex|p2a: Quagsire\n|move|p2a: Quagsire|Earthquake|p1a: Calyrex\n|-enditem|p1a: Calyrex|Focus Sash\n|-damage|p1a: Calyrex|1\/100\n|\n|-heal|p2a: Quagsire|85\/100|[from] item: Leftovers\n|upkeep\n|turn|19\n|\n|t:|1697913688\n|move|p1a: Calyrex|Astral Barrage|p2a: Quagsire|[miss]\n|-miss|p1a: Calyrex|p2a: Quagsire\n|move|p2a: Quagsire|Ice Beam|p1a: Calyrex\n|-damage|p1a: Calyrex|0 fnt\n|faint|p1a: Calyrex\n|\n|-heal|p2a: Quagsire|91\/100|[from] item: Leftovers\n|upkeep\n|\n|t:|1697913703\n|switch|p1a: Ursaluna|Ursaluna-Bloodmoon, M|100\/100\n|turn|20\n|\n|t:|1697913708\n|move|p2a: Quagsire|Earthquake|p1a: Ursaluna\n|-damage|p1a: Ursaluna|43\/100\n|move|p1a: Ursaluna|Earth Power|p2a: Quagsire\n|-damage|p2a: Quagsire|48\/100\n|\n|-heal|p2a: Quagsire|54\/100|[from] item: Leftovers\n|upkeep\n|turn|21\n|\n|t:|1697913723\n|move|p1a: Ursaluna|Protect|p1a: Ursaluna\n|-singleturn|p1a: Ursaluna|Protect\n|move|p2a: Quagsire|Earthquake|p1a: Ursaluna\n|-activate|p1a: Ursaluna|move: Protect\n|\n|-heal|p2a: Quagsire|60\/100|[from] item: Leftovers\n|upkeep\n|turn|22\n|c|\u2606Mothstalgia|gg's\n|\n|t:|1697913732\n|move|p2a: Quagsire|Earthquake|p1a: Ursaluna\n|-damage|p1a: Ursaluna|0 fnt\n|faint|p1a: Ursaluna\n|\n|-heal|p2a: Quagsire|66\/100|[from] item: Leftovers\n|upkeep\n|\n|t:|1697913734\n|switch|p1a: Zacian|Zacian-Crowned, shiny|100\/100\n|turn|23\n|\n|t:|1697913741\n|-terastallize|p1a: Zacian|Water\n|move|p1a: Zacian|Behemoth Blade|p2a: Quagsire|[miss]\n|-miss|p1a: Zacian|p2a: Quagsire\n|move|p2a: Quagsire|Earthquake|p1a: Zacian\n|-damage|p1a: Zacian|2\/100\n|\n|-heal|p2a: Quagsire|72\/100|[from] item: Leftovers\n|upkeep\n|turn|24\n|-message|SquirtleNOsquirtin forfeited.\n|\n|win|Mothstalgia\n|raw|SquirtleNOsquirtin's rating: 1195 &rarr; <strong>1169<\/strong><br \/>(-26 for losing)\n|raw|Mothstalgia's rating: 1181 &rarr; <strong>1207<\/strong><br \/>(+26 for winning)\n|l|\u2606SquirtleNOsquirtin\n","uploadtime":1697913757,"views":12,"p1id":"squirtlenosquirtin","p2id":"mothstalgia","formatid":"gen9anythinggoes","rating":1169,"private":0,"password":""}