{"id":"gen9anythinggoes-1985411584","p1":"thewinnerofwinning","p2":"the maraculous","format":"[Gen 9] Anything Goes","log":"|j|\u2606thewinnerofwinning\n|j|\u2606the maraculous\n|t:|1699372474\n|gametype|singles\n|player|p1|thewinnerofwinning|depotagent|1623\n|player|p2|the maraculous|dragontamer|1515\n|teamsize|p1|6\n|teamsize|p2|6\n|gen|9\n|tier|[Gen 9] Anything Goes\n|rated|\n|rule|HP Percentage Mod: HP is shown in percentages\n|rule|Endless Battle Clause: Forcing endless battles is banned\n|clearpoke\n|poke|p1|Dondozo, F|\n|poke|p1|Blissey, F|\n|poke|p1|Cinderace, M|\n|poke|p1|Primeape, F|\n|poke|p1|Zoroark-Hisui, M|\n|poke|p1|Gholdengo|\n|poke|p2|Toxapex, M|\n|poke|p2|Miraidon|\n|poke|p2|Miraidon|\n|poke|p2|Chien-Pao|\n|poke|p2|Spidops, F|\n|poke|p2|Annihilape, F|\n|teampreview\n|\n|t:|1699372494\n|start\n|switch|p1a: Cinderace|Cinderace, M|100\/100\n|switch|p2a: Miraidon|Miraidon|100\/100\n|-fieldstart|move: Electric Terrain|[from] ability: Hadron Engine|[of] p2a: Miraidon\n|turn|1\n|\n|t:|1699372496\n|switch|p1a: Blissey|Blissey, F|100\/100\n|move|p2a: Miraidon|Electro Drift|p1a: Blissey\n|-damage|p1a: Blissey|76\/100\n|\n|-heal|p1a: Blissey|82\/100|[from] item: Leftovers\n|upkeep\n|turn|2\n|\n|t:|1699372499\n|move|p2a: Miraidon|Taunt|p1a: Blissey\n|-start|p1a: Blissey|move: Taunt\n|move|p1a: Blissey|Seismic Toss|p2a: Miraidon\n|-damage|p2a: Miraidon|71\/100\n|\n|-heal|p1a: Blissey|88\/100|[from] item: Leftovers\n|upkeep\n|turn|3\n|\n|t:|1699372507\n|switch|p2a: Chien-Pao|Chien-Pao|100\/100\n|-ability|p2a: Chien-Pao|Sword of Ruin\n|move|p1a: Blissey|Seismic Toss|p2a: Chien-Pao\n|-damage|p2a: Chien-Pao|67\/100\n|\n|-heal|p1a: Blissey|95\/100|[from] item: Leftovers\n|upkeep\n|turn|4\n|\n|t:|1699372512\n|switch|p1a: Dondozo|Dondozo, F|100\/100\n|move|p2a: Chien-Pao|Ice Spinner|p1a: Dondozo\n|-resisted|p1a: Dondozo\n|-damage|p1a: Dondozo|90\/100\n|-fieldend|move: Electric Terrain\n|\n|-heal|p1a: Dondozo|96\/100|[from] item: Leftovers\n|upkeep\n|turn|5\n|\n|t:|1699372518\n|switch|p2a: Toxapex|Toxapex, M|100\/100\n|switch|p1a: Blissey|Blissey, F|95\/100\n|\n|-heal|p1a: Blissey|100\/100|[from] item: Leftovers\n|upkeep\n|turn|6\n|\n|t:|1699372520\n|move|p1a: Blissey|Thunder Wave|p2a: Toxapex\n|-status|p2a: Toxapex|par\n|cant|p2a: Toxapex|par\n|\n|upkeep\n|turn|7\n|\n|t:|1699372525\n|switch|p1a: Dondozo|Dondozo, F|96\/100\n|move|p2a: Toxapex|Infestation|p1a: Dondozo\n|-damage|p1a: Dondozo|93\/100\n|-activate|p1a: Dondozo|move: Infestation|[of] p2a: Toxapex\n|\n|-heal|p1a: Dondozo|99\/100|[from] item: Leftovers\n|-damage|p1a: Dondozo|87\/100|[from] move: Infestation|[partiallytrapped]\n|upkeep\n|turn|8\n|\n|t:|1699372530\n|move|p1a: Dondozo|Liquidation|p2a: Toxapex\n|-resisted|p2a: Toxapex\n|-damage|p2a: Toxapex|87\/100 par\n|move|p2a: Toxapex|Toxic Spikes|p1a: Dondozo\n|-sidestart|p1: thewinnerofwinning|move: Toxic Spikes\n|\n|-heal|p1a: Dondozo|93\/100|[from] item: Leftovers\n|-heal|p2a: Toxapex|93\/100 par|[from] item: Black Sludge\n|-damage|p1a: Dondozo|80\/100|[from] move: Infestation|[partiallytrapped]\n|upkeep\n|turn|9\n|\n|t:|1699372533\n|move|p1a: Dondozo|Liquidation|p2a: Toxapex\n|-resisted|p2a: Toxapex\n|-damage|p2a: Toxapex|80\/100 par\n|cant|p2a: Toxapex|par\n|\n|-heal|p1a: Dondozo|87\/100|[from] item: Leftovers\n|-heal|p2a: Toxapex|86\/100 par|[from] item: Black Sludge\n|-damage|p1a: Dondozo|74\/100|[from] move: Infestation|[partiallytrapped]\n|upkeep\n|turn|10\n|\n|t:|1699372539\n|move|p1a: Dondozo|Liquidation|p2a: Toxapex\n|-resisted|p2a: Toxapex\n|-damage|p2a: Toxapex|74\/100 par\n|move|p2a: Toxapex|Toxic Spikes|p1a: Dondozo\n|-sidestart|p1: thewinnerofwinning|move: Toxic Spikes\n|\n|-heal|p1a: Dondozo|80\/100|[from] item: Leftovers\n|-heal|p2a: Toxapex|80\/100 par|[from] item: Black Sludge\n|-damage|p1a: Dondozo|68\/100|[from] move: Infestation|[partiallytrapped]\n|upkeep\n|turn|11\n|\n|t:|1699372544\n|switch|p2a: Annihilape|Annihilape, F|100\/100\n|move|p1a: Dondozo|Liquidation|p2a: Annihilape\n|-damage|p2a: Annihilape|72\/100\n|\n|-heal|p1a: Dondozo|74\/100|[from] item: Leftovers\n|-end|p1a: Dondozo|Infestation|[partiallytrapped]|[silent]\n|upkeep\n|turn|12\n|\n|t:|1699372550\n|move|p2a: Annihilape|Rage Fist|p1a: Dondozo\n|-damage|p1a: Dondozo|46\/100\n|move|p1a: Dondozo|Yawn|p2a: Annihilape\n|-start|p2a: Annihilape|move: Yawn|[of] p1a: Dondozo\n|\n|-heal|p1a: Dondozo|52\/100|[from] item: Leftovers\n|upkeep\n|turn|13\n|\n|t:|1699372561\n|switch|p2a: Miraidon|Miraidon|71\/100\n|-fieldstart|move: Electric Terrain|[from] ability: Hadron Engine|[of] p2a: Miraidon\n|move|p1a: Dondozo|Rest||[still]\n|-activate|p1a: Dondozo|move: Electric Terrain\n|-fail|p1a: Dondozo\n|\n|-heal|p1a: Dondozo|58\/100|[from] item: Leftovers\n|upkeep\n|turn|14\n|\n|t:|1699372567\n|switch|p1a: Blissey|Blissey, F|100\/100\n|-status|p1a: Blissey|tox\n|move|p2a: Miraidon|Taunt|p1a: Blissey\n|-start|p1a: Blissey|move: Taunt\n|\n|-damage|p1a: Blissey|94\/100 tox|[from] psn\n|upkeep\n|turn|15\n|\n|t:|1699372576\n|switch|p2a: Annihilape|Annihilape, F|72\/100\n|move|p1a: Blissey|Seismic Toss|p2a: Annihilape\n|-immune|p2a: Annihilape\n|\n|-heal|p1a: Blissey|100\/100 tox|[from] item: Leftovers\n|-damage|p1a: Blissey|88\/100 tox|[from] psn\n|upkeep\n|turn|16\n|\n|t:|1699372583\n|-curestatus|p1a: Blissey|tox|[from] ability: Natural Cure\n|switch|p1a: Gholdengo|Gholdengo|100\/100\n|-status|p1a: Gholdengo|tox\n|move|p2a: Annihilape|Ice Punch|p1a: Gholdengo\n|-damage|p1a: Gholdengo|44\/100 tox\n|replace|p1a: Zoroark|Zoroark-Hisui, M\n|-end|p1a: Zoroark|Illusion\n|\n|-damage|p1a: Zoroark|38\/100 tox|[from] psn\n|upkeep\n|turn|17\n|\n|t:|1699372589\n|move|p1a: Zoroark|Shadow Ball|p2a: Annihilape\n|-supereffective|p2a: Annihilape\n|-crit|p2a: Annihilape\n|-damage|p2a: Annihilape|0 fnt\n|faint|p2a: Annihilape\n|\n|-damage|p1a: Zoroark|26\/100 tox|[from] psn\n|-fieldend|move: Electric Terrain\n|upkeep\n|\n|t:|1699372598\n|switch|p2a: Chien-Pao|Chien-Pao|67\/100\n|-ability|p2a: Chien-Pao|Sword of Ruin\n|turn|18\n|\n|t:|1699372603\n|switch|p1a: Dondozo|Dondozo, F|58\/100\n|-status|p1a: Dondozo|tox\n|move|p2a: Chien-Pao|Ice Shard|p1a: Dondozo\n|-resisted|p1a: Dondozo\n|-damage|p1a: Dondozo|52\/100 tox\n|\n|-heal|p1a: Dondozo|58\/100 tox|[from] item: Leftovers\n|-damage|p1a: Dondozo|52\/100 tox|[from] psn\n|upkeep\n|turn|19\n|\n|t:|1699372609\n|switch|p2a: Miraidon|Miraidon|71\/100\n|-fieldstart|move: Electric Terrain|[from] ability: Hadron Engine|[of] p2a: Miraidon\n|move|p1a: Dondozo|Rest||[still]\n|-activate|p1a: Dondozo|move: Electric Terrain\n|-fail|p1a: Dondozo\n|\n|-heal|p1a: Dondozo|58\/100 tox|[from] item: Leftovers\n|-damage|p1a: Dondozo|46\/100 tox|[from] psn\n|upkeep\n|turn|20\n|\n|t:|1699372616\n|switch|p1a: Blissey|Blissey, F|88\/100\n|-status|p1a: Blissey|tox\n|move|p2a: Miraidon|Electro Drift|p1a: Blissey\n|-damage|p1a: Blissey|62\/100 tox\n|\n|-heal|p1a: Blissey|68\/100 tox|[from] item: Leftovers\n|-damage|p1a: Blissey|62\/100 tox|[from] psn\n|upkeep\n|turn|21\n|\n|t:|1699372621\n|move|p2a: Miraidon|Electro Drift|p1a: Blissey\n|-crit|p1a: Blissey\n|-damage|p1a: Blissey|21\/100 tox\n|move|p1a: Blissey|Seismic Toss|p2a: Miraidon\n|-damage|p2a: Miraidon|42\/100\n|\n|-heal|p1a: Blissey|27\/100 tox|[from] item: Leftovers\n|-damage|p1a: Blissey|15\/100 tox|[from] psn\n|upkeep\n|turn|22\n|\n|t:|1699372624\n|-curestatus|p1a: Blissey|tox|[from] ability: Natural Cure\n|switch|p1a: Gholdengo|Gholdengo|26\/100 tox\n|move|p2a: Miraidon|Electro Drift|p1a: Gholdengo\n|-damage|p1a: Gholdengo|0 fnt\n|replace|p1a: Zoroark|Zoroark-Hisui, M\n|-end|p1a: Zoroark|Illusion\n|faint|p1a: Zoroark\n|\n|upkeep\n|\n|t:|1699372627\n|switch|p1a: Dondozo|Dondozo, F|46\/100 tox\n|turn|23\n|\n|t:|1699372631\n|-terastallize|p1a: Dondozo|Ground\n|move|p2a: Miraidon|Electro Drift|p1a: Dondozo\n|-immune|p1a: Dondozo\n|move|p1a: Dondozo|Liquidation|p2a: Miraidon\n|-resisted|p2a: Miraidon\n|-damage|p2a: Miraidon|27\/100\n|\n|-heal|p1a: Dondozo|52\/100 tox|[from] item: Leftovers\n|-damage|p1a: Dondozo|46\/100 tox|[from] psn\n|-fieldend|move: Electric Terrain\n|upkeep\n|turn|24\n|\n|t:|1699372636\n|move|p2a: Miraidon|Taunt|p1a: Dondozo\n|-start|p1a: Dondozo|move: Taunt\n|cant|p1a: Dondozo|move: Taunt|Rest\n|\n|-heal|p1a: Dondozo|52\/100 tox|[from] item: Leftovers\n|-damage|p1a: Dondozo|40\/100 tox|[from] psn\n|upkeep\n|turn|25\n|\n|t:|1699372645\n|switch|p2a: Chien-Pao|Chien-Pao|67\/100\n|-ability|p2a: Chien-Pao|Sword of Ruin\n|move|p1a: Dondozo|Liquidation|p2a: Chien-Pao\n|-damage|p2a: Chien-Pao|28\/100\n|\n|-heal|p1a: Dondozo|46\/100 tox|[from] item: Leftovers\n|-damage|p1a: Dondozo|27\/100 tox|[from] psn\n|upkeep\n|turn|26\n|\n|t:|1699372647\n|switch|p1a: Gholdengo|Gholdengo|100\/100\n|move|p2a: Chien-Pao|Ice Spinner|p1a: Gholdengo\n|-resisted|p1a: Gholdengo\n|-damage|p1a: Gholdengo|72\/100\n|\n|upkeep\n|turn|27\n|\n|t:|1699372653\n|switch|p1a: Cinderace|Cinderace, M|100\/100\n|move|p2a: Chien-Pao|Sucker Punch||[still]\n|-fail|p2a: Chien-Pao\n|\n|upkeep\n|turn|28\n|\n|t:|1699372659\n|move|p1a: Cinderace|Sucker Punch|p2a: Chien-Pao\n|-start|p1a: Cinderace|typechange|Dark|[from] ability: Libero\n|-resisted|p2a: Chien-Pao\n|-damage|p2a: Chien-Pao|4\/100\n|move|p2a: Chien-Pao|Sacred Sword|p1a: Cinderace\n|-supereffective|p1a: Cinderace\n|-damage|p1a: Cinderace|0 fnt\n|faint|p1a: Cinderace\n|\n|upkeep\n|\n|t:|1699372665\n|switch|p1a: Primeape|Primeape, F|100\/100\n|-status|p1a: Primeape|tox\n|turn|29\n|\n|t:|1699372674\n|switch|p2a: Spidops|Spidops, F|100\/100\n|move|p1a: Primeape|Rage Fist|p2a: Spidops\n|-damage|p2a: Spidops|85\/100\n|\n|-damage|p1a: Primeape|95\/100 tox|[from] psn\n|upkeep\n|turn|30\n|\n|t:|1699372677\n|move|p1a: Primeape|Taunt|p2a: Spidops\n|-start|p2a: Spidops|move: Taunt\n|cant|p2a: Spidops|move: Taunt|Sticky Web\n|\n|-damage|p1a: Primeape|83\/100 tox|[from] psn\n|upkeep\n|turn|31\n|\n|t:|1699372684\n|switch|p2a: Miraidon|Miraidon|100\/100\n|-fieldstart|move: Electric Terrain|[from] ability: Hadron Engine|[of] p2a: Miraidon\n|-item|p2a: Miraidon|Air Balloon\n|move|p1a: Primeape|Rage Fist|p2a: Miraidon\n|-damage|p2a: Miraidon|88\/100\n|-enditem|p2a: Miraidon|Air Balloon\n|\n|-damage|p1a: Primeape|65\/100 tox|[from] psn\n|upkeep\n|turn|32\n|\n|t:|1699372688\n|move|p1a: Primeape|Drain Punch|p2a: Miraidon\n|-damage|p2a: Miraidon|58\/100\n|-heal|p1a: Primeape|88\/100 tox|[from] drain|[of] p2a: Miraidon\n|move|p2a: Miraidon|Calm Mind|p2a: Miraidon\n|-boost|p2a: Miraidon|spa|1\n|-boost|p2a: Miraidon|spd|1\n|\n|-damage|p1a: Primeape|64\/100 tox|[from] psn\n|upkeep\n|turn|33\n|\n|t:|1699372692\n|move|p1a: Primeape|Drain Punch|p2a: Miraidon\n|-damage|p2a: Miraidon|31\/100\n|-heal|p1a: Primeape|84\/100 tox|[from] drain|[of] p2a: Miraidon\n|move|p2a: Miraidon|Parabolic Charge|p1a: Primeape\n|-damage|p1a: Primeape|0 fnt\n|-heal|p2a: Miraidon|59\/100|[from] drain|[of] p1a: Primeape\n|faint|p1a: Primeape\n|\n|upkeep\n|\n|t:|1699372694\n|switch|p1a: Gholdengo|Gholdengo|72\/100\n|turn|34\n|\n|t:|1699372699\n|move|p1a: Gholdengo|Dazzling Gleam|p2a: Miraidon\n|-supereffective|p2a: Miraidon\n|-damage|p2a: Miraidon|33\/100\n|move|p2a: Miraidon|Parabolic Charge|p1a: Gholdengo\n|-damage|p1a: Gholdengo|0 fnt\n|-heal|p2a: Miraidon|61\/100|[from] drain|[of] p1a: Gholdengo\n|faint|p1a: Gholdengo\n|\n|upkeep\n|\n|t:|1699372705\n|switch|p1a: Dondozo|Dondozo, F, tera:Ground|27\/100 tox\n|turn|35\n|\n|t:|1699372709\n|move|p2a: Miraidon|Flash Cannon|p1a: Dondozo\n|-damage|p1a: Dondozo|0 fnt\n|faint|p1a: Dondozo\n|\n|-fieldend|move: Electric Terrain\n|upkeep\n|-message|thewinnerofwinning forfeited.\n|\n|win|the maraculous\n|raw|thewinnerofwinning's rating: 1623 &rarr; <strong>1597<\/strong><br \/>(-26 for losing)\n|raw|the maraculous's rating: 1515 &rarr; <strong>1541<\/strong><br \/>(+26 for winning)\n|l|\u2606thewinnerofwinning\n","uploadtime":1699372719,"views":4,"p1id":"thewinnerofwinning","p2id":"themaraculous","formatid":"gen9anythinggoes","rating":1541,"private":0,"password":""}