{"id":"gen9anythinggoes-1980637179","p1":"WorldChampionStall","p2":"Sargenbob","format":"[Gen 9] Anything Goes","log":"|j|\u2606WorldChampionStall\n|j|\u2606Sargenbob\n|t:|1698806120\n|gametype|singles\n|player|p1|WorldChampionStall|blue|1213\n|player|p2|Sargenbob|red|1189\n|teamsize|p1|6\n|teamsize|p2|6\n|gen|9\n|tier|[Gen 9] Anything Goes\n|rated|\n|rule|HP Percentage Mod: HP is shown in percentages\n|rule|Endless Battle Clause: Forcing endless battles is banned\n|clearpoke\n|poke|p1|Braviary-Hisui, M|\n|poke|p1|Grafaiai, F|\n|poke|p1|Jolteon, F|\n|poke|p1|Slowbro-Galar, M|\n|poke|p1|Tsareena, F|\n|poke|p1|Kyogre|\n|poke|p2|Koraidon|\n|poke|p2|Flutter Mane|\n|poke|p2|Wo-Chien|\n|poke|p2|Calyrex-Shadow|\n|poke|p2|Zoroark-Hisui, M|\n|poke|p2|Skeledirge, F|\n|teampreview\n|inactive|Battle timer is ON: inactive players will automatically lose when time's up. (requested by WorldChampionStall)\n|c|\u2606WorldChampionStall|I call this team\n|c|\u2606WorldChampionStall|Odd balls\n|c|\u2606Sargenbob|cool choices ngl\n|inactive|WorldChampionStall has 120 seconds left.\n|c|\u2606WorldChampionStall|Because you gotta be odd to be number 1\n|c|\u2606Sargenbob|nice quote\n|\n|t:|1698806160\n|start\n|switch|p1a: Fonkey Muck|Grafaiai, F, shiny|100\/100\n|switch|p2a: Jon|Wo-Chien|100\/100\n|-ability|p2a: Jon|Tablets of Ruin\n|turn|1\n|\n|t:|1698806168\n|move|p1a: Fonkey Muck|Swords Dance|p1a: Fonkey Muck\n|-boost|p1a: Fonkey Muck|atk|2\n|move|p2a: Jon|Leech Seed|p1a: Fonkey Muck\n|-start|p1a: Fonkey Muck|move: Leech Seed\n|\n|-damage|p1a: Fonkey Muck|88\/100|[from] Leech Seed|[of] p2a: Jon\n|upkeep\n|turn|2\n|\n|t:|1698806197\n|switch|p2a: Oliver|Koraidon|100\/100\n|-weather|SunnyDay|[from] ability: Orichalcum Pulse|[of] p2a: Oliver\n|-activate|p2a: Oliver|Orichalcum Pulse|[source]\n|move|p1a: Fonkey Muck|Swords Dance|p1a: Fonkey Muck\n|-boost|p1a: Fonkey Muck|atk|2\n|\n|-weather|SunnyDay|[upkeep]\n|-damage|p1a: Fonkey Muck|76\/100|[from] Leech Seed|[of] p2a: Oliver\n|upkeep\n|turn|3\n|\n|t:|1698806203\n|move|p2a: Oliver|Collision Course|p1a: Fonkey Muck\n|-damage|p1a: Fonkey Muck|0 fnt\n|faint|p1a: Fonkey Muck\n|\n|-weather|SunnyDay|[upkeep]\n|upkeep\n|c|\u2606Sargenbob|can we be friends?\n|inactive|WorldChampionStall has 120 seconds left.\n|\n|t:|1698806229\n|switch|p1a: BrightSight|Braviary-Hisui, M, shiny|100\/100\n|turn|4\n|c|\u2606Sargenbob|cool birb\n|\n|t:|1698806242\n|switch|p2a: Jon|Wo-Chien|100\/100\n|-ability|p2a: Jon|Tablets of Ruin\n|move|p1a: BrightSight|Dazzling Gleam|p2a: Jon\n|-supereffective|p2a: Jon\n|-damage|p2a: Jon|66\/100\n|\n|-weather|SunnyDay|[upkeep]\n|-heal|p2a: Jon|72\/100|[from] item: Leftovers\n|upkeep\n|turn|5\n|\n|t:|1698806260\n|move|p1a: BrightSight|Vacuum Wave|p2a: Jon\n|-supereffective|p2a: Jon\n|-damage|p2a: Jon|54\/100\n|move|p2a: Jon|Leech Seed|p1a: BrightSight\n|-start|p1a: BrightSight|move: Leech Seed\n|\n|-weather|SunnyDay|[upkeep]\n|-heal|p2a: Jon|60\/100|[from] item: Leftovers\n|-damage|p1a: BrightSight|88\/100|[from] Leech Seed|[of] p2a: Jon\n|-heal|p2a: Jon|75\/100|[silent]\n|upkeep\n|turn|6\n|\n|t:|1698806271\n|switch|p1a: Indigrowth|Tsareena, F, shiny|100\/100\n|move|p2a: Jon|Knock Off|p1a: Indigrowth\n|-damage|p1a: Indigrowth|68\/100\n|-enditem|p1a: Indigrowth|Blunder Policy|[from] move: Knock Off|[of] p2a: Jon\n|\n|-weather|none\n|-heal|p2a: Jon|81\/100|[from] item: Leftovers\n|upkeep\n|turn|7\n|\n|t:|1698806278\n|switch|p2a: Matt|Skeledirge, F|100\/100\n|move|p1a: Indigrowth|Acupressure|p1a: Indigrowth\n|-boost|p1a: Indigrowth|spd|2\n|\n|upkeep\n|turn|8\n|inactive|WorldChampionStall has 120 seconds left.\n|\n|t:|1698806303\n|-terastallize|p1a: Indigrowth|Rock\n|move|p2a: Matt|Torch Song|p1a: Indigrowth\n|-resisted|p1a: Indigrowth\n|-damage|p1a: Indigrowth|51\/100\n|-boost|p2a: Matt|spa|1\n|move|p1a: Indigrowth|Acupressure|p1a: Indigrowth\n|-boost|p1a: Indigrowth|evasion|2\n|\n|upkeep\n|turn|9\n|\n|t:|1698806313\n|switch|p2a: Jon|Wo-Chien|81\/100\n|-ability|p2a: Jon|Tablets of Ruin\n|move|p1a: Indigrowth|Acupressure|p1a: Indigrowth\n|-boost|p1a: Indigrowth|evasion|2\n|\n|-heal|p2a: Jon|87\/100|[from] item: Leftovers\n|upkeep\n|turn|10\n|\n|t:|1698806321\n|move|p2a: Jon|Leech Seed|p1a: Indigrowth|[miss]\n|-miss|p2a: Jon|p1a: Indigrowth\n|move|p1a: Indigrowth|Acrobatics|p2a: Jon\n|-supereffective|p2a: Jon\n|-damage|p2a: Jon|43\/100\n|\n|-heal|p2a: Jon|49\/100|[from] item: Leftovers\n|upkeep\n|turn|11\n|\n|t:|1698806326\n|move|p2a: Jon|Leech Seed|p1a: Indigrowth\n|-start|p1a: Indigrowth|move: Leech Seed\n|move|p1a: Indigrowth|Acupressure|p1a: Indigrowth\n|-boost|p1a: Indigrowth|def|2\n|\n|-heal|p2a: Jon|55\/100|[from] item: Leftovers\n|-damage|p1a: Indigrowth|39\/100|[from] Leech Seed|[of] p2a: Jon\n|-heal|p2a: Jon|67\/100|[silent]\n|upkeep\n|turn|12\n|\n|t:|1698806331\n|move|p2a: Jon|Protect|p2a: Jon\n|-singleturn|p2a: Jon|Protect\n|move|p1a: Indigrowth|Rapid Spin|p2a: Jon\n|-activate|p2a: Jon|move: Protect\n|\n|-heal|p2a: Jon|73\/100|[from] item: Leftovers\n|-damage|p1a: Indigrowth|27\/100|[from] Leech Seed|[of] p2a: Jon\n|-heal|p2a: Jon|85\/100|[silent]\n|upkeep\n|turn|13\n|\n|t:|1698806340\n|switch|p2a: Lucy|Flutter Mane|100\/100\n|move|p1a: Indigrowth|Rapid Spin|p2a: Lucy\n|-immune|p2a: Lucy\n|\n|-damage|p1a: Indigrowth|14\/100|[from] Leech Seed|[of] p2a: Lucy\n|upkeep\n|turn|14\n|\n|t:|1698806347\n|move|p2a: Lucy|Taunt|p1a: Indigrowth\n|-start|p1a: Indigrowth|move: Taunt\n|cant|p1a: Indigrowth|move: Taunt|Synthesis\n|\n|-damage|p1a: Indigrowth|2\/100|[from] Leech Seed|[of] p2a: Lucy\n|upkeep\n|turn|15\n|\n|t:|1698806356\n|move|p2a: Lucy|Moonblast|p1a: Indigrowth\n|-damage|p1a: Indigrowth|0 fnt\n|faint|p1a: Indigrowth\n|-damage|p2a: Lucy|91\/100|[from] item: Life Orb\n|\n|upkeep\n|\n|t:|1698806385\n|switch|p1a: StormShield|Kyogre|100\/100\n|-weather|RainDance|[from] ability: Drizzle|[of] p1a: StormShield\n|turn|16\n|\n|t:|1698806394\n|-end|p2a: Lucy|Protosynthesis|[silent]\n|switch|p2a: Oliver|Koraidon|100\/100\n|-weather|SunnyDay|[from] ability: Orichalcum Pulse|[of] p2a: Oliver\n|-activate|p2a: Oliver|Orichalcum Pulse|[source]\n|move|p1a: StormShield|Sheer Cold|p2a: Oliver|[miss]\n|-miss|p1a: StormShield|p2a: Oliver\n|\n|-weather|SunnyDay|[upkeep]\n|upkeep\n|turn|17\n|\n|t:|1698806400\n|switch|p2a: Jon|Wo-Chien|85\/100\n|-ability|p2a: Jon|Tablets of Ruin\n|move|p1a: StormShield|Sheer Cold|p2a: Jon|[miss]\n|-miss|p1a: StormShield|p2a: Jon\n|\n|-weather|SunnyDay|[upkeep]\n|-heal|p2a: Jon|91\/100|[from] item: Leftovers\n|upkeep\n|turn|18\n|\n|t:|1698806404\n|move|p2a: Jon|Leech Seed|p1a: StormShield\n|-start|p1a: StormShield|move: Leech Seed\n|move|p1a: StormShield|Sheer Cold|p2a: Jon|[miss]\n|-miss|p1a: StormShield|p2a: Jon\n|\n|-weather|SunnyDay|[upkeep]\n|-heal|p2a: Jon|97\/100|[from] item: Leftovers\n|-damage|p1a: StormShield|88\/100|[from] Leech Seed|[of] p2a: Jon\n|-heal|p2a: Jon|100\/100|[silent]\n|upkeep\n|turn|19\n|\n|t:|1698806408\n|move|p2a: Jon|Substitute|p2a: Jon\n|-start|p2a: Jon|Substitute\n|-damage|p2a: Jon|75\/100\n|move|p1a: StormShield|Sheer Cold|p2a: Jon|[miss]\n|-miss|p1a: StormShield|p2a: Jon\n|\n|-weather|SunnyDay|[upkeep]\n|-heal|p2a: Jon|82\/100|[from] item: Leftovers\n|-damage|p1a: StormShield|75\/100|[from] Leech Seed|[of] p2a: Jon\n|-heal|p2a: Jon|97\/100|[silent]\n|upkeep\n|turn|20\n|\n|t:|1698806422\n|switch|p1a: Joltneon|Jolteon, F, shiny|100\/100\n|move|p2a: Jon|Knock Off|p1a: Joltneon\n|-damage|p1a: Joltneon|39\/100\n|-enditem|p1a: Joltneon|Flame Orb|[from] move: Knock Off|[of] p2a: Jon\n|\n|-weather|none\n|-heal|p2a: Jon|100\/100|[from] item: Leftovers\n|upkeep\n|turn|21\n|\n|t:|1698806438\n|move|p1a: Joltneon|Shadow Ball|p2a: Jon\n|-resisted|p2a: Jon\n|-activate|p2a: Jon|move: Substitute|[damage]\n|move|p2a: Jon|Leech Seed|p1a: Joltneon\n|-start|p1a: Joltneon|move: Leech Seed\n|\n|-damage|p1a: Joltneon|27\/100|[from] Leech Seed|[of] p2a: Jon\n|upkeep\n|turn|22\n|\n|t:|1698806445\n|move|p1a: Joltneon|Volt Switch|p2a: Jon\n|-resisted|p2a: Jon\n|-activate|p2a: Jon|move: Substitute|[damage]\n|\n|t:|1698806452\n|switch|p1a: StormShield|Kyogre|75\/100|[from] Volt Switch\n|-weather|RainDance|[from] ability: Drizzle|[of] p1a: StormShield\n|move|p2a: Jon|Knock Off|p1a: StormShield\n|-damage|p1a: StormShield|50\/100\n|-enditem|p1a: StormShield|Assault Vest|[from] move: Knock Off|[of] p2a: Jon\n|\n|-weather|RainDance|[upkeep]\n|upkeep\n|turn|23\n|\n|t:|1698806463\n|move|p2a: Jon|Leech Seed|p1a: StormShield\n|-start|p1a: StormShield|move: Leech Seed\n|move|p1a: StormShield|Substitute|p1a: StormShield\n|-start|p1a: StormShield|Substitute\n|-damage|p1a: StormShield|25\/100\n|\n|-weather|RainDance|[upkeep]\n|-damage|p1a: StormShield|13\/100|[from] Leech Seed|[of] p2a: Jon\n|upkeep\n|turn|24\n|\n|t:|1698806470\n|move|p2a: Jon|Knock Off|p1a: StormShield\n|-activate|p1a: StormShield|move: Substitute|[damage]\n|move|p1a: StormShield|Aqua Ring|p1a: StormShield\n|-start|p1a: StormShield|Aqua Ring\n|\n|-weather|RainDance|[upkeep]\n|-heal|p1a: StormShield|19\/100|[from] Aqua Ring\n|-damage|p1a: StormShield|7\/100|[from] Leech Seed|[of] p2a: Jon\n|upkeep\n|turn|25\n|\n|t:|1698806479\n|move|p2a: Jon|Protect|p2a: Jon\n|-singleturn|p2a: Jon|Protect\n|move|p1a: StormShield|Sheer Cold|p2a: Jon\n|-activate|p2a: Jon|move: Protect\n|\n|-weather|RainDance|[upkeep]\n|-heal|p1a: StormShield|13\/100|[from] Aqua Ring\n|-damage|p1a: StormShield|0 fnt|[from] Leech Seed|[of] p2a: Jon\n|faint|p1a: StormShield\n|upkeep\n|\n|t:|1698806484\n|switch|p1a: BrightSight|Braviary-Hisui, M, shiny|88\/100\n|turn|26\n|\n|t:|1698806507\n|move|p2a: Jon|Knock Off|p1a: BrightSight\n|-supereffective|p1a: BrightSight\n|-damage|p1a: BrightSight|13\/100\n|-enditem|p1a: BrightSight|Metronome|[from] move: Knock Off|[of] p2a: Jon\n|move|p1a: BrightSight|Dazzling Gleam|p2a: Jon\n|-supereffective|p2a: Jon\n|-end|p2a: Jon|Substitute\n|\n|-weather|none\n|upkeep\n|turn|27\n|\n|t:|1698806515\n|move|p2a: Jon|Knock Off|p1a: BrightSight\n|-supereffective|p1a: BrightSight\n|-damage|p1a: BrightSight|0 fnt\n|faint|p1a: BrightSight\n|\n|upkeep\n|\n|t:|1698806518\n|switch|p1a: Slow Woah|Slowbro-Galar, M, shiny|100\/100\n|turn|28\n|c|\u2606Sargenbob|your kyogre's sheer cold scares me\n|c|\u2606WorldChampionStall|Run it back ill show you my real team\n|inactive|WorldChampionStall has 120 seconds left.\n|c|\u2606WorldChampionStall|This ones a work in progress\n|c|\u2606Sargenbob|this is not a real team?\n|c|\u2606Sargenbob|ah\n|-message|WorldChampionStall forfeited.\n|\n|win|Sargenbob\n|raw|WorldChampionStall's rating: 1213 &rarr; <strong>1186<\/strong><br \/>(-27 for losing)\n|raw|Sargenbob's rating: 1189 &rarr; <strong>1216<\/strong><br \/>(+27 for winning)\n|l|\u2606WorldChampionStall\n","uploadtime":1698806574,"views":5,"p1id":"worldchampionstall","p2id":"sargenbob","formatid":"gen9anythinggoes","rating":1186,"private":0,"password":""}