{"id":"gen9anythinggoes-1989451841","p1":"UN0EG0","p2":"carnage500","format":"[Gen 9] Anything Goes","log":"|j|\u2606UN0EG0\n|j|\u2606carnage500\n|t:|1699852546\n|gametype|singles\n|player|p1|UN0EG0|ash|1513\n|player|p2|carnage500|265|1535\n|teamsize|p1|6\n|teamsize|p2|6\n|gen|9\n|tier|[Gen 9] Anything Goes\n|rated|\n|rule|HP Percentage Mod: HP is shown in percentages\n|rule|Endless Battle Clause: Forcing endless battles is banned\n|clearpoke\n|poke|p1|Lycanroc-Dusk, M|\n|poke|p1|Kingambit, F|\n|poke|p1|Iron Hands|\n|poke|p1|Iron Moth|\n|poke|p1|Greninja-*, M|\n|poke|p1|Ceruledge, M|\n|poke|p2|Ribombee, F|\n|poke|p2|Glimmora, M|\n|poke|p2|Calyrex-Shadow|\n|poke|p2|Chien-Pao|\n|poke|p2|Dondozo, M|\n|poke|p2|Iron Bundle|\n|teampreview\n|inactive|Battle timer is ON: inactive players will automatically lose when time's up. (requested by UN0EG0)\n|\n|t:|1699852555\n|start\n|switch|p1a: Rock Leone|Lycanroc-Dusk, M|100\/100\n|switch|p2a: Trump2024|Glimmora, M, shiny|100\/100\n|turn|1\n|\n|t:|1699852568\n|move|p1a: Rock Leone|Taunt|p2a: Trump2024\n|-start|p2a: Trump2024|move: Taunt\n|move|p2a: Trump2024|Earth Power|p1a: Rock Leone\n|-supereffective|p1a: Rock Leone\n|-damage|p1a: Rock Leone|5\/100\n|\n|upkeep\n|turn|2\n|\n|t:|1699852573\n|move|p1a: Rock Leone|Stealth Rock|p2a: Trump2024\n|-sidestart|p2: carnage500|move: Stealth Rock\n|move|p2a: Trump2024|Earth Power|p1a: Rock Leone\n|-supereffective|p1a: Rock Leone\n|-damage|p1a: Rock Leone|0 fnt\n|faint|p1a: Rock Leone\n|\n|upkeep\n|\n|t:|1699852578\n|switch|p1a: Naruto|Greninja, M|100\/100\n|turn|3\n|\n|t:|1699852584\n|move|p1a: Naruto|Surf|p2a: Trump2024\n|-supereffective|p2a: Trump2024\n|-crit|p2a: Trump2024\n|-enditem|p2a: Trump2024|Focus Sash\n|-damage|p2a: Trump2024|1\/100\n|-damage|p1a: Naruto|91\/100|[from] item: Life Orb\n|move|p2a: Trump2024|Dazzling Gleam|p1a: Naruto\n|-supereffective|p1a: Naruto\n|-crit|p1a: Naruto\n|-damage|p1a: Naruto|0 fnt\n|faint|p1a: Naruto\n|\n|-end|p2a: Trump2024|move: Taunt\n|upkeep\n|\n|t:|1699852598\n|switch|p1a: Ultimate Big Chill|Iron Moth|100\/100\n|turn|4\n|\n|t:|1699852606\n|move|p1a: Ultimate Big Chill|Discharge|p2a: Trump2024\n|-damage|p2a: Trump2024|0 fnt\n|faint|p2a: Trump2024\n|\n|upkeep\n|\n|t:|1699852617\n|switch|p2a: Ted Cruz|Dondozo, M, shiny|100\/100\n|-damage|p2a: Ted Cruz|88\/100|[from] Stealth Rock\n|turn|5\n|\n|t:|1699852621\n|-terastallize|p2a: Ted Cruz|Fairy\n|move|p1a: Ultimate Big Chill|Discharge|p2a: Ted Cruz\n|-damage|p2a: Ted Cruz|71\/100\n|move|p2a: Ted Cruz|Earthquake|p1a: Ultimate Big Chill\n|-supereffective|p1a: Ultimate Big Chill\n|-damage|p1a: Ultimate Big Chill|0 fnt\n|faint|p1a: Ultimate Big Chill\n|-end|p1a: Ultimate Big Chill|Quark Drive|[silent]\n|\n|upkeep\n|\n|t:|1699852627\n|switch|p1a: Alien X|Kingambit, F|100\/100\n|-activate|p1a: Alien X|ability: Supreme Overlord\n|-start|p1a: Alien X|fallen3|[silent]\n|turn|6\n|\n|t:|1699852632\n|move|p1a: Alien X|Iron Head|p2a: Ted Cruz\n|-supereffective|p2a: Ted Cruz\n|-damage|p2a: Ted Cruz|3\/100\n|move|p2a: Ted Cruz|Earthquake|p1a: Alien X\n|-supereffective|p1a: Alien X\n|-damage|p1a: Alien X|62\/100\n|\n|upkeep\n|turn|7\n|\n|t:|1699852637\n|move|p1a: Alien X|Iron Head|p2a: Ted Cruz\n|-supereffective|p2a: Ted Cruz\n|-damage|p2a: Ted Cruz|0 fnt\n|faint|p2a: Ted Cruz\n|\n|upkeep\n|\n|t:|1699852639\n|switch|p2a: 9\/11|Ribombee, F, shiny|100\/100\n|-damage|p2a: 9\/11|76\/100|[from] Stealth Rock\n|turn|8\n|\n|t:|1699852641\n|move|p2a: 9\/11|Sticky Web|p1a: Alien X\n|-sidestart|p1: UN0EG0|move: Sticky Web\n|move|p1a: Alien X|Iron Head|p2a: 9\/11\n|-supereffective|p2a: 9\/11\n|-damage|p2a: 9\/11|0 fnt\n|faint|p2a: 9\/11\n|\n|upkeep\n|\n|t:|1699852649\n|switch|p2a: Obama|Iron Bundle|100\/100\n|-damage|p2a: Obama|76\/100|[from] Stealth Rock\n|turn|9\n|\n|t:|1699852651\n|move|p2a: Obama|Hydro Pump|p1a: Alien X\n|-damage|p1a: Alien X|8\/100\n|move|p1a: Alien X|Iron Head|p2a: Obama\n|-damage|p2a: Obama|2\/100\n|\n|upkeep\n|turn|10\n|\n|t:|1699852655\n|move|p1a: Alien X|Sucker Punch|p2a: Obama\n|-damage|p2a: Obama|0 fnt\n|faint|p2a: Obama\n|-end|p2a: Obama|Quark Drive|[silent]\n|\n|upkeep\n|\n|t:|1699852657\n|switch|p2a: Hilary Clinton|Chien-Pao|100\/100\n|-damage|p2a: Hilary Clinton|76\/100|[from] Stealth Rock\n|-ability|p2a: Hilary Clinton|Sword of Ruin\n|turn|11\n|\n|t:|1699852659\n|move|p2a: Hilary Clinton|Sucker Punch|p1a: Alien X\n|-resisted|p1a: Alien X\n|-damage|p1a: Alien X|0 fnt\n|faint|p1a: Alien X\n|-end|p1a: Alien X|fallen3|[silent]\n|-damage|p2a: Hilary Clinton|66\/100|[from] item: Life Orb\n|\n|upkeep\n|\n|t:|1699852662\n|switch|p1a: Megaman|Ceruledge, M|100\/100\n|-activate|p1a: Megaman|move: Sticky Web\n|-unboost|p1a: Megaman|spe|1\n|turn|12\n|\n|t:|1699852670\n|move|p2a: Hilary Clinton|Crunch|p1a: Megaman\n|-supereffective|p1a: Megaman\n|-enditem|p1a: Megaman|Focus Sash\n|-damage|p1a: Megaman|1\/100\n|-ability|p1a: Megaman|Weak Armor|boost\n|-unboost|p1a: Megaman|def|1\n|-boost|p1a: Megaman|spe|2\n|-damage|p2a: Hilary Clinton|56\/100|[from] item: Life Orb\n|move|p1a: Megaman|Bitter Blade|p2a: Hilary Clinton\n|-supereffective|p2a: Hilary Clinton\n|-damage|p2a: Hilary Clinton|0 fnt\n|-heal|p1a: Megaman|29\/100|[from] drain|[of] p2a: Hilary Clinton\n|faint|p2a: Hilary Clinton\n|\n|upkeep\n|\n|t:|1699852673\n|switch|p2a: sleepy Joe|Calyrex-Shadow|100\/100\n|-ability|p2a: sleepy Joe|As One\n|-ability|p2a: sleepy Joe|Unnerve\n|-damage|p2a: sleepy Joe|88\/100|[from] Stealth Rock\n|turn|13\n|\n|t:|1699852680\n|move|p1a: Megaman|Shadow Sneak|p2a: sleepy Joe\n|-supereffective|p2a: sleepy Joe\n|-damage|p2a: sleepy Joe|0 fnt\n|faint|p2a: sleepy Joe\n|\n|win|UN0EG0\n|raw|UN0EG0's rating: 1513 &rarr; <strong>1534<\/strong><br \/>(+21 for winning)\n|raw|carnage500's rating: 1535 &rarr; <strong>1514<\/strong><br \/>(-21 for losing)\n|l|\u2606carnage500\n","uploadtime":1699852687,"views":4,"p1id":"un0eg0","p2id":"carnage500","formatid":"gen9anythinggoes","rating":1514,"private":0,"password":""}