{"id":"gen9anythinggoes-1974010942","p1":"Tito151","p2":"IceBerryCoffee","format":"[Gen 9] Anything Goes","log":"|j|\u2606Tito151\n|j|\u2606IceBerryCoffee\n|t:|1698041384\n|gametype|singles\n|player|p1|Tito151|cynthia|1366\n|player|p2|IceBerryCoffee|170|1444\n|teamsize|p1|6\n|teamsize|p2|6\n|gen|9\n|tier|[Gen 9] Anything Goes\n|rated|\n|rule|HP Percentage Mod: HP is shown in percentages\n|rule|Endless Battle Clause: Forcing endless battles is banned\n|clearpoke\n|poke|p1|Ninetales-Alola, F|\n|poke|p1|Zamazenta-*|\n|poke|p1|Arceus|\n|poke|p1|Ogerpon, F|\n|poke|p1|Calyrex-Shadow|\n|poke|p1|Manaphy|\n|poke|p2|Staraptor, F|\n|poke|p2|Torterra, F|\n|poke|p2|Uxie|\n|poke|p2|Calyrex-Shadow|\n|poke|p2|Arcanine, F|\n|poke|p2|Miraidon|\n|teampreview\n|inactive|Battle timer is ON: inactive players will automatically lose when time's up. (requested by IceBerryCoffee)\n|\n|t:|1698041408\n|start\n|switch|p1a: Manaphy|Manaphy|100\/100\n|switch|p2a: Calyrex|Calyrex-Shadow|100\/100\n|-ability|p2a: Calyrex|As One\n|-ability|p2a: Calyrex|Unnerve\n|turn|1\n|\n|t:|1698041421\n|move|p2a: Calyrex|Nasty Plot|p2a: Calyrex\n|-boost|p2a: Calyrex|spa|2\n|move|p1a: Manaphy|Take Heart|p1a: Manaphy\n|-boost|p1a: Manaphy|spa|1\n|-boost|p1a: Manaphy|spd|1\n|\n|upkeep\n|turn|2\n|\n|t:|1698041443\n|move|p2a: Calyrex|Astral Barrage|p1a: Manaphy\n|-damage|p1a: Manaphy|20\/100\n|move|p1a: Manaphy|Take Heart|p1a: Manaphy\n|-boost|p1a: Manaphy|spa|1\n|-boost|p1a: Manaphy|spd|1\n|\n|-heal|p1a: Manaphy|26\/100|[from] item: Leftovers\n|upkeep\n|turn|3\n|\n|t:|1698041456\n|move|p2a: Calyrex|Energy Ball|p1a: Manaphy\n|-supereffective|p1a: Manaphy\n|-damage|p1a: Manaphy|0 fnt\n|faint|p1a: Manaphy\n|-ability|p2a: Calyrex|Grim Neigh|boost\n|-boost|p2a: Calyrex|spa|1\n|\n|upkeep\n|\n|t:|1698041465\n|switch|p1a: Calyrex|Calyrex-Shadow|100\/100\n|-ability|p1a: Calyrex|As One\n|-ability|p1a: Calyrex|Unnerve\n|turn|4\n|\n|t:|1698041473\n|move|p1a: Calyrex|Astral Barrage|p2a: Calyrex\n|-supereffective|p2a: Calyrex\n|-damage|p2a: Calyrex|0 fnt\n|faint|p2a: Calyrex\n|-ability|p1a: Calyrex|Grim Neigh|boost\n|-boost|p1a: Calyrex|spa|1\n|\n|upkeep\n|\n|t:|1698041481\n|switch|p2a: Miraidon|Miraidon|100\/100\n|-fieldstart|move: Electric Terrain|[from] ability: Hadron Engine|[of] p2a: Miraidon\n|turn|5\n|\n|t:|1698041487\n|move|p2a: Miraidon|Electro Drift|p1a: Calyrex\n|-damage|p1a: Calyrex|12\/100\n|move|p1a: Calyrex|Astral Barrage|p2a: Miraidon\n|-damage|p2a: Miraidon|1\/100\n|\n|upkeep\n|turn|6\n|\n|t:|1698041495\n|move|p2a: Miraidon|Electro Drift|p1a: Calyrex\n|-crit|p1a: Calyrex\n|-damage|p1a: Calyrex|0 fnt\n|faint|p1a: Calyrex\n|\n|upkeep\n|\n|t:|1698041498\n|switch|p1a: Arceus|Arceus|100\/100\n|turn|7\n|\n|t:|1698041503\n|switch|p2a: Uxie|Uxie|100\/100\n|move|p1a: Arceus|Extreme Speed|p2a: Uxie\n|-damage|p2a: Uxie|66\/100\n|\n|upkeep\n|turn|8\n|\n|t:|1698041509\n|move|p1a: Arceus|Extreme Speed|p2a: Uxie\n|-damage|p2a: Uxie|28\/100\n|move|p2a: Uxie|Trick|p1a: Arceus\n|-activate|p2a: Uxie|move: Trick|[of] p1a: Arceus\n|-item|p1a: Arceus|Choice Scarf|[from] move: Trick\n|-item|p2a: Uxie|Silk Scarf|[from] move: Trick\n|\n|upkeep\n|turn|9\n|\n|t:|1698041516\n|move|p1a: Arceus|Extreme Speed|p2a: Uxie\n|-damage|p2a: Uxie|0 fnt\n|faint|p2a: Uxie\n|\n|-fieldend|move: Electric Terrain\n|upkeep\n|\n|t:|1698041533\n|switch|p2a: Arcanine|Arcanine, F|100\/100\n|-ability|p2a: Arcanine|Intimidate|boost\n|-unboost|p1a: Arceus|atk|1\n|turn|10\n|\n|t:|1698041541\n|switch|p1a: Zamazenta|Zamazenta-Crowned|100\/100\n|-ability|p1a: Zamazenta|Dauntless Shield|boost\n|-boost|p1a: Zamazenta|def|1\n|move|p2a: Arcanine|Will-O-Wisp|p1a: Zamazenta|[miss]\n|-miss|p2a: Arcanine|p1a: Zamazenta\n|\n|upkeep\n|turn|11\n|\n|t:|1698041559\n|move|p1a: Zamazenta|Body Press|p2a: Arcanine\n|-damage|p2a: Arcanine|58\/100\n|move|p2a: Arcanine|Will-O-Wisp|p1a: Zamazenta\n|-status|p1a: Zamazenta|brn\n|\n|-damage|p1a: Zamazenta|94\/100 brn|[from] brn\n|upkeep\n|turn|12\n|\n|t:|1698041567\n|move|p1a: Zamazenta|Iron Defense|p1a: Zamazenta\n|-boost|p1a: Zamazenta|def|2\n|move|p2a: Arcanine|Morning Sun|p2a: Arcanine\n|-heal|p2a: Arcanine|100\/100\n|\n|-damage|p1a: Zamazenta|88\/100 brn|[from] brn\n|upkeep\n|turn|13\n|\n|t:|1698041574\n|move|p1a: Zamazenta|Iron Defense|p1a: Zamazenta\n|-boost|p1a: Zamazenta|def|2\n|move|p2a: Arcanine|Flare Blitz|p1a: Zamazenta\n|-supereffective|p1a: Zamazenta\n|-damage|p1a: Zamazenta|71\/100 brn\n|-damage|p2a: Arcanine|96\/100|[from] Recoil\n|\n|-damage|p1a: Zamazenta|65\/100 brn|[from] brn\n|upkeep\n|turn|14\n|\n|t:|1698041590\n|move|p1a: Zamazenta|Body Press|p2a: Arcanine\n|-damage|p2a: Arcanine|45\/100\n|move|p2a: Arcanine|Roar|p1a: Zamazenta\n|drag|p1a: Ninetales|Ninetales-Alola, F|100\/100\n|-weather|Snow|[from] ability: Snow Warning|[of] p1a: Ninetales\n|\n|-weather|Snow|[upkeep]\n|upkeep\n|turn|15\n|\n|t:|1698041598\n|move|p1a: Ninetales|Aurora Veil|p1a: Ninetales\n|-sidestart|p1: Tito151|move: Aurora Veil\n|move|p2a: Arcanine|Flare Blitz|p1a: Ninetales\n|-supereffective|p1a: Ninetales\n|-damage|p1a: Ninetales|62\/100\n|-damage|p2a: Arcanine|33\/100|[from] Recoil\n|\n|-weather|Snow|[upkeep]\n|upkeep\n|turn|16\n|\n|t:|1698041605\n|move|p1a: Ninetales|Blizzard|p2a: Arcanine\n|-resisted|p2a: Arcanine\n|-damage|p2a: Arcanine|9\/100\n|move|p2a: Arcanine|Morning Sun|p2a: Arcanine\n|-heal|p2a: Arcanine|34\/100\n|\n|-weather|Snow|[upkeep]\n|upkeep\n|turn|17\n|\n|t:|1698041612\n|switch|p1a: Zamazenta|Zamazenta-Crowned|65\/100 brn\n|move|p2a: Arcanine|Morning Sun|p2a: Arcanine\n|-heal|p2a: Arcanine|59\/100\n|\n|-weather|Snow|[upkeep]\n|-damage|p1a: Zamazenta|59\/100 brn|[from] brn\n|upkeep\n|turn|18\n|\n|t:|1698041624\n|switch|p1a: Ogerpon|Ogerpon, F|100\/100\n|move|p2a: Arcanine|Roar|p1a: Ogerpon\n|drag|p1a: Zamazenta|Zamazenta-Crowned|59\/100 brn\n|\n|-weather|none\n|-damage|p1a: Zamazenta|53\/100 brn|[from] brn\n|upkeep\n|turn|19\n|\n|t:|1698041631\n|switch|p1a: Ninetales|Ninetales-Alola, F|62\/100\n|-weather|Snow|[from] ability: Snow Warning|[of] p1a: Ninetales\n|move|p2a: Arcanine|Morning Sun|p2a: Arcanine\n|-heal|p2a: Arcanine|84\/100\n|\n|-weather|Snow|[upkeep]\n|upkeep\n|turn|20\n|\n|t:|1698041642\n|move|p1a: Ninetales|Baton Pass|p1a: Ninetales\n|\n|t:|1698041643\n|switch|p1a: Ogerpon|Ogerpon, F|100\/100|[from] Baton Pass\n|move|p2a: Arcanine|Flare Blitz|p1a: Ogerpon\n|-supereffective|p1a: Ogerpon\n|-damage|p1a: Ogerpon|37\/100\n|-damage|p2a: Arcanine|67\/100|[from] Recoil\n|\n|-weather|Snow|[upkeep]\n|upkeep\n|turn|21\n|\n|t:|1698041651\n|move|p1a: Ogerpon|Brick Break|p2a: Arcanine\n|-damage|p2a: Arcanine|38\/100\n|move|p2a: Arcanine|Flare Blitz|p1a: Ogerpon\n|-supereffective|p1a: Ogerpon\n|-damage|p1a: Ogerpon|0 fnt\n|faint|p1a: Ogerpon\n|-damage|p2a: Arcanine|28\/100|[from] Recoil\n|\n|-weather|Snow|[upkeep]\n|upkeep\n|\n|t:|1698041655\n|switch|p1a: Arceus|Arceus|100\/100\n|turn|22\n|\n|t:|1698041663\n|switch|p2a: Miraidon|Miraidon|1\/100\n|-fieldstart|move: Electric Terrain|[from] ability: Hadron Engine|[of] p2a: Miraidon\n|move|p1a: Arceus|Extreme Speed|p2a: Miraidon\n|-damage|p2a: Miraidon|0 fnt\n|faint|p2a: Miraidon\n|\n|-weather|Snow|[upkeep]\n|-sideend|p1: Tito151|move: Aurora Veil\n|upkeep\n|\n|t:|1698041673\n|switch|p2a: Torterra|Torterra, F|100\/100\n|turn|23\n|\n|t:|1698041679\n|-terastallize|p2a: Torterra|Rock\n|move|p1a: Arceus|Extreme Speed|p2a: Torterra\n|-resisted|p2a: Torterra\n|-damage|p2a: Torterra|80\/100\n|move|p2a: Torterra|Shell Smash|p2a: Torterra\n|-unboost|p2a: Torterra|def|1\n|-unboost|p2a: Torterra|spd|1\n|-boost|p2a: Torterra|atk|2\n|-boost|p2a: Torterra|spa|2\n|-boost|p2a: Torterra|spe|2\n|-enditem|p2a: Torterra|White Herb\n|-clearnegativeboost|p2a: Torterra|[silent]\n|\n|-weather|none\n|upkeep\n|turn|24\n|\n|t:|1698041692\n|switch|p1a: Zamazenta|Zamazenta-Crowned|53\/100 brn\n|move|p2a: Torterra|Stone Edge|p1a: Zamazenta\n|-resisted|p1a: Zamazenta\n|-damage|p1a: Zamazenta|35\/100 brn\n|\n|-damage|p1a: Zamazenta|29\/100 brn|[from] brn\n|upkeep\n|turn|25\n|\n|t:|1698041702\n|move|p2a: Torterra|Headlong Rush|p1a: Zamazenta\n|-supereffective|p1a: Zamazenta\n|-damage|p1a: Zamazenta|0 fnt\n|-unboost|p2a: Torterra|def|1\n|-unboost|p2a: Torterra|spd|1\n|faint|p1a: Zamazenta\n|\n|upkeep\n|\n|t:|1698041706\n|switch|p1a: Ninetales|Ninetales-Alola, F|62\/100\n|-weather|Snow|[from] ability: Snow Warning|[of] p1a: Ninetales\n|turn|26\n|\n|t:|1698041712\n|move|p2a: Torterra|Headlong Rush|p1a: Ninetales\n|-damage|p1a: Ninetales|0 fnt\n|-unboost|p2a: Torterra|def|1\n|-unboost|p2a: Torterra|spd|1\n|faint|p1a: Ninetales\n|\n|-weather|Snow|[upkeep]\n|-fieldend|move: Electric Terrain\n|upkeep\n|\n|t:|1698041715\n|switch|p1a: Arceus|Arceus|100\/100\n|turn|27\n|\n|t:|1698041721\n|switch|p2a: Arcanine|Arcanine, F|28\/100\n|-ability|p2a: Arcanine|Intimidate|boost\n|-unboost|p1a: Arceus|atk|1\n|move|p1a: Arceus|Shadow Claw|p2a: Arcanine\n|-damage|p2a: Arcanine|14\/100\n|\n|-weather|Snow|[upkeep]\n|upkeep\n|turn|28\n|\n|t:|1698041730\n|switch|p2a: Torterra|Torterra, F, tera:Rock|80\/100\n|move|p1a: Arceus|Shadow Claw|p2a: Torterra\n|-damage|p2a: Torterra|63\/100\n|\n|-weather|Snow|[upkeep]\n|upkeep\n|turn|29\n|\n|t:|1698041737\n|move|p1a: Arceus|Shadow Claw|p2a: Torterra\n|-damage|p2a: Torterra|46\/100\n|move|p2a: Torterra|Shell Smash|p2a: Torterra\n|-unboost|p2a: Torterra|def|1\n|-unboost|p2a: Torterra|spd|1\n|-boost|p2a: Torterra|atk|2\n|-boost|p2a: Torterra|spa|2\n|-boost|p2a: Torterra|spe|2\n|\n|-weather|Snow|[upkeep]\n|upkeep\n|turn|30\n|\n|t:|1698041746\n|move|p2a: Torterra|Headlong Rush|p1a: Arceus\n|-damage|p1a: Arceus|25\/100\n|-unboost|p2a: Torterra|def|1\n|-unboost|p2a: Torterra|spd|1\n|move|p1a: Arceus|Shadow Claw|p2a: Torterra\n|-damage|p2a: Torterra|15\/100\n|\n|-weather|none\n|upkeep\n|turn|31\n|-message|Tito151 forfeited.\n|\n|win|IceBerryCoffee\n|raw|Tito151's rating: 1366 &rarr; <strong>1350<\/strong><br \/>(-16 for losing)\n|raw|IceBerryCoffee's rating: 1444 &rarr; <strong>1460<\/strong><br \/>(+16 for winning)\n|l|\u2606Tito151\n","uploadtime":1698041759,"views":8,"p1id":"tito151","p2id":"iceberrycoffee","formatid":"gen9anythinggoes","rating":1350,"private":0,"password":""}