{"id":"gen9anythinggoes-1997186879","p1":"jcjclol","p2":"Shiro Ramanantsoa","format":"[Gen 9] Anything Goes","log":"|j|\u2606jcjclol\n|j|\u2606Shiro Ramanantsoa\n|t:|1700773437\n|gametype|singles\n|player|p1|jcjclol|1|1000\n|player|p2|Shiro Ramanantsoa|veteranf|1090\n|teamsize|p1|6\n|teamsize|p2|6\n|gen|9\n|tier|[Gen 9] Anything Goes\n|rated|\n|rule|HP Percentage Mod: HP is shown in percentages\n|rule|Endless Battle Clause: Forcing endless battles is banned\n|clearpoke\n|poke|p1|Magearna|\n|poke|p1|Magearna|\n|poke|p1|Magearna|\n|poke|p1|Magearna|\n|poke|p1|Magearna|\n|poke|p1|Magearna|\n|poke|p2|Calyrex-Shadow|\n|poke|p2|Dialga|\n|poke|p2|Maushold-Four|\n|poke|p2|Darkrai|\n|poke|p2|Quaquaval, M|\n|poke|p2|Grimmsnarl, M|\n|teampreview\n|inactive|Battle timer is ON: inactive players will automatically lose when time's up. (requested by jcjclol)\n|\n|t:|1700773443\n|start\n|switch|p1a: Magearna|Magearna|100\/100\n|switch|p2a: Maushold|Maushold-Four|100\/100\n|turn|1\n|\n|t:|1700773453\n|move|p2a: Maushold|Population Bomb|p1a: Magearna\n|-resisted|p1a: Magearna\n|-damage|p1a: Magearna|97\/100\n|-resisted|p1a: Magearna\n|-damage|p1a: Magearna|94\/100\n|-resisted|p1a: Magearna\n|-damage|p1a: Magearna|90\/100\n|-resisted|p1a: Magearna\n|-damage|p1a: Magearna|86\/100\n|-resisted|p1a: Magearna\n|-damage|p1a: Magearna|83\/100\n|-resisted|p1a: Magearna\n|-damage|p1a: Magearna|80\/100\n|-resisted|p1a: Magearna\n|-damage|p1a: Magearna|76\/100\n|-resisted|p1a: Magearna\n|-damage|p1a: Magearna|73\/100\n|-resisted|p1a: Magearna\n|-damage|p1a: Magearna|69\/100\n|-resisted|p1a: Magearna\n|-damage|p1a: Magearna|66\/100\n|-hitcount|p1a: Magearna|10\n|move|p1a: Magearna|Draining Kiss|p2a: Maushold\n|-damage|p2a: Maushold|66\/100\n|-heal|p1a: Magearna|98\/100|[from] drain|[of] p2a: Maushold\n|\n|upkeep\n|turn|2\n|\n|t:|1700773478\n|move|p2a: Maushold|Tidy Up|p2a: Maushold\n|-boost|p2a: Maushold|atk|1\n|-boost|p2a: Maushold|spe|1\n|move|p1a: Magearna|Calm Mind|p1a: Magearna\n|-boost|p1a: Magearna|spa|1\n|-boost|p1a: Magearna|spd|1\n|\n|upkeep\n|turn|3\n|\n|t:|1700773486\n|move|p2a: Maushold|Encore|p1a: Magearna\n|-start|p1a: Magearna|Encore\n|move|p1a: Magearna|Calm Mind|p1a: Magearna\n|-boost|p1a: Magearna|spa|1\n|-boost|p1a: Magearna|spd|1\n|\n|upkeep\n|turn|4\n|\n|t:|1700773494\n|move|p2a: Maushold|Population Bomb|p1a: Magearna\n|-resisted|p1a: Magearna\n|-damage|p1a: Magearna|93\/100\n|-resisted|p1a: Magearna\n|-damage|p1a: Magearna|88\/100\n|-hitcount|p1a: Magearna|2\n|move|p1a: Magearna|Calm Mind|p1a: Magearna\n|-boost|p1a: Magearna|spa|1\n|-boost|p1a: Magearna|spd|1\n|\n|upkeep\n|turn|5\n|\n|t:|1700773504\n|move|p2a: Maushold|Population Bomb|p1a: Magearna\n|-resisted|p1a: Magearna\n|-damage|p1a: Magearna|83\/100\n|-resisted|p1a: Magearna\n|-damage|p1a: Magearna|78\/100\n|-resisted|p1a: Magearna\n|-damage|p1a: Magearna|72\/100\n|-resisted|p1a: Magearna\n|-damage|p1a: Magearna|67\/100\n|-resisted|p1a: Magearna\n|-damage|p1a: Magearna|62\/100\n|-resisted|p1a: Magearna\n|-damage|p1a: Magearna|57\/100\n|-resisted|p1a: Magearna\n|-damage|p1a: Magearna|51\/100\n|-resisted|p1a: Magearna\n|-damage|p1a: Magearna|46\/100\n|-resisted|p1a: Magearna\n|-damage|p1a: Magearna|41\/100\n|-hitcount|p1a: Magearna|9\n|move|p1a: Magearna|Calm Mind|p1a: Magearna\n|-boost|p1a: Magearna|spa|1\n|-boost|p1a: Magearna|spd|1\n|\n|-end|p1a: Magearna|Encore\n|upkeep\n|turn|6\n|\n|t:|1700773525\n|move|p2a: Maushold|Encore|p1a: Magearna\n|-start|p1a: Magearna|Encore\n|move|p1a: Magearna|Calm Mind|p1a: Magearna\n|-boost|p1a: Magearna|spa|1\n|-boost|p1a: Magearna|spd|1\n|\n|upkeep\n|turn|7\n|\n|t:|1700773533\n|switch|p2a: Calyrex|Calyrex-Shadow|100\/100\n|-ability|p2a: Calyrex|As One\n|-ability|p2a: Calyrex|Unnerve\n|move|p1a: Magearna|Calm Mind|p1a: Magearna\n|-boost|p1a: Magearna|spa|1\n|-boost|p1a: Magearna|spd|1\n|\n|upkeep\n|turn|8\n|\n|t:|1700773543\n|move|p2a: Calyrex|Astral Barrage|p1a: Magearna\n|-damage|p1a: Magearna|27\/100\n|move|p1a: Magearna|Calm Mind|p1a: Magearna\n|-boost|p1a: Magearna|spa|0\n|-boost|p1a: Magearna|spd|0\n|\n|-end|p1a: Magearna|Encore\n|upkeep\n|turn|9\n|\n|t:|1700773554\n|move|p2a: Calyrex|Draining Kiss|p1a: Magearna\n|-resisted|p1a: Magearna\n|-damage|p1a: Magearna|25\/100\n|move|p1a: Magearna|Draining Kiss|p2a: Calyrex\n|-damage|p2a: Calyrex|10\/100\n|-heal|p1a: Magearna|100\/100|[from] drain|[of] p2a: Calyrex\n|\n|upkeep\n|turn|10\n|\n|t:|1700773562\n|move|p2a: Calyrex|Psybeam|p1a: Magearna\n|-resisted|p1a: Magearna\n|-damage|p1a: Magearna|97\/100\n|move|p1a: Magearna|Draining Kiss|p2a: Calyrex\n|-damage|p2a: Calyrex|0 fnt\n|-heal|p1a: Magearna|100\/100|[from] drain|[of] p2a: Calyrex\n|faint|p2a: Calyrex\n|\n|upkeep\n|\n|t:|1700773571\n|switch|p2a: Maushold|Maushold-Four|66\/100\n|turn|11\n|\n|t:|1700773578\n|move|p2a: Maushold|Bite|p1a: Magearna\n|-resisted|p1a: Magearna\n|-crit|p1a: Magearna\n|-damage|p1a: Magearna|90\/100\n|cant|p1a: Magearna|flinch\n|\n|upkeep\n|turn|12\n|\n|t:|1700773585\n|move|p2a: Maushold|Encore|p1a: Magearna\n|-start|p1a: Magearna|Encore\n|move|p1a: Magearna|Draining Kiss|p2a: Maushold\n|-damage|p2a: Maushold|0 fnt\n|-heal|p1a: Magearna|100\/100|[from] drain|[of] p2a: Maushold\n|faint|p2a: Maushold\n|\n|upkeep\n|\n|t:|1700773598\n|switch|p2a: Darkrai|Darkrai|100\/100\n|turn|13\n|\n|t:|1700773605\n|move|p2a: Darkrai|Hypnosis|p1a: Magearna\n|-status|p1a: Magearna|slp|[from] move: Hypnosis\n|cant|p1a: Magearna|slp\n|\n|-damage|p1a: Magearna|88\/100 slp|[from] ability: Bad Dreams|[of] p2a: Darkrai\n|upkeep\n|turn|14\n|\n|t:|1700773614\n|move|p2a: Darkrai|Psychic|p1a: Magearna\n|-resisted|p1a: Magearna\n|-damage|p1a: Magearna|85\/100 slp\n|cant|p1a: Magearna|slp\n|\n|-end|p1a: Magearna|Encore\n|-damage|p1a: Magearna|73\/100 slp|[from] ability: Bad Dreams|[of] p2a: Darkrai\n|upkeep\n|turn|15\n|\n|t:|1700773624\n|move|p2a: Darkrai|Dark Pulse|p1a: Magearna\n|-resisted|p1a: Magearna\n|-damage|p1a: Magearna|69\/100 slp\n|-curestatus|p1a: Magearna|slp|[msg]\n|cant|p1a: Magearna|flinch\n|\n|upkeep\n|turn|16\n|\n|t:|1700773631\n|move|p2a: Darkrai|Hypnosis|p1a: Magearna|[miss]\n|-miss|p2a: Darkrai|p1a: Magearna\n|move|p1a: Magearna|Draining Kiss|p2a: Darkrai\n|-supereffective|p2a: Darkrai\n|-damage|p2a: Darkrai|0 fnt\n|-heal|p1a: Magearna|100\/100|[from] drain|[of] p2a: Darkrai\n|faint|p2a: Darkrai\n|\n|upkeep\n|\n|t:|1700773642\n|switch|p2a: Grimmsnarl|Grimmsnarl, M|100\/100\n|turn|17\n|\n|t:|1700773651\n|move|p2a: Grimmsnarl|Thunder Wave|p1a: Magearna|[miss]\n|-miss|p2a: Grimmsnarl|p1a: Magearna\n|move|p1a: Magearna|Draining Kiss|p2a: Grimmsnarl\n|-supereffective|p2a: Grimmsnarl\n|-damage|p2a: Grimmsnarl|0 fnt\n|faint|p2a: Grimmsnarl\n|\n|upkeep\n|\n|t:|1700773660\n|switch|p2a: Dialga|Dialga|100\/100\n|-ability|p2a: Dialga|Pressure\n|turn|18\n|\n|t:|1700773670\n|move|p2a: Dialga|Roar of Time|p1a: Magearna\n|-immune|p1a: Magearna\n|move|p1a: Magearna|Ice Beam|p2a: Dialga\n|-damage|p2a: Dialga|6\/100\n|\n|-heal|p2a: Dialga|13\/100|[from] item: Leftovers\n|upkeep\n|turn|19\n|\n|t:|1700773681\n|-terastallize|p1a: Magearna|Fairy\n|move|p2a: Dialga|Fire Blast|p1a: Magearna\n|-damage|p1a: Magearna|93\/100\n|move|p1a: Magearna|Draining Kiss|p2a: Dialga\n|-damage|p2a: Dialga|0 fnt\n|-heal|p1a: Magearna|100\/100|[from] drain|[of] p2a: Dialga\n|faint|p2a: Dialga\n|\n|upkeep\n|\n|t:|1700773692\n|switch|p2a: Quaquaval|Quaquaval, M|100\/100\n|turn|20\n|\n|t:|1700773699\n|move|p2a: Quaquaval|Aqua Step|p1a: Magearna\n|-damage|p1a: Magearna|71\/100\n|-boost|p2a: Quaquaval|spe|1\n|move|p1a: Magearna|Draining Kiss|p2a: Quaquaval\n|-supereffective|p2a: Quaquaval\n|-damage|p2a: Quaquaval|0 fnt\n|-heal|p1a: Magearna|100\/100|[from] drain|[of] p2a: Quaquaval\n|faint|p2a: Quaquaval\n|\n|win|jcjclol\n|raw|jcjclol's rating: 1000 &rarr; <strong>1050<\/strong><br \/>(+50 for winning)\n|raw|Shiro Ramanantsoa's rating: 1090 &rarr; <strong>1061<\/strong><br \/>(-29 for losing)\n","uploadtime":1700773711,"views":4,"p1id":"jcjclol","p2id":"shiroramanantsoa","formatid":"gen9anythinggoes","rating":1050,"private":0,"password":""}