{"id":"gen9anythinggoes-1977514164","p1":"ChaotixPlays","p2":"Yusuf3000","format":"[Gen 9] Anything Goes","log":"|j|\u2606ChaotixPlays\n|j|\u2606Yusuf3000\n|t:|1698423526\n|gametype|singles\n|player|p1|ChaotixPlays|ghetsis-gen5bw|\n|player|p2|Yusuf3000|170|\n|teamsize|p1|6\n|teamsize|p2|6\n|gen|9\n|tier|[Gen 9] Anything Goes\n|rule|HP Percentage Mod: HP is shown in percentages\n|rule|Endless Battle Clause: Forcing endless battles is banned\n|clearpoke\n|poke|p1|Kingambit, M|\n|poke|p1|Mesprit|\n|poke|p1|Samurott-Hisui, M|\n|poke|p1|Dunsparce, M|\n|poke|p1|Garchomp, M|\n|poke|p1|Weezing, M|\n|poke|p2|Rillaboom, M|\n|poke|p2|Landorus-Therian, M|\n|poke|p2|Zoroark-Hisui, M|\n|poke|p2|Mimikyu, M|\n|poke|p2|Espeon, M|\n|poke|p2|Grimmsnarl, M|\n|teampreview\n|c|\u2606ChaotixPlays|hf\n|c|\u2606Yusuf3000|danke du auch\n|\n|t:|1698423604\n|start\n|switch|p1a: Samurott|Samurott-Hisui, M|100\/100\n|switch|p2a: Landorus|Landorus-Therian, M|100\/100\n|-ability|p2a: Landorus|Intimidate|boost\n|-unboost|p1a: Samurott|atk|1\n|turn|1\n|\n|t:|1698423637\n|switch|p1a: Weezing|Weezing, M, shiny|100\/100\n|move|p2a: Landorus|Stone Edge|p1a: Weezing\n|-damage|p1a: Weezing|80\/100\n|\n|-heal|p1a: Weezing|86\/100|[from] item: Black Sludge\n|upkeep\n|turn|2\n|\n|t:|1698423644\n|switch|p2a: Espeon|Espeon, M|100\/100\n|move|p1a: Weezing|Toxic Spikes|p2a: Espeon\n|move|p2a: Espeon|Toxic Spikes|p1a: Weezing|[from]ability: Magic Bounce\n|-sidestart|p1: ChaotixPlays|move: Toxic Spikes\n|\n|-heal|p1a: Weezing|92\/100|[from] item: Black Sludge\n|upkeep\n|turn|3\n|\n|t:|1698423663\n|switch|p1a: Samurott|Samurott-Hisui, M|100\/100\n|-status|p1a: Samurott|psn\n|-terastallize|p2a: Espeon|Fairy\n|move|p2a: Espeon|Dazzling Gleam|p1a: Samurott\n|-supereffective|p1a: Samurott\n|-damage|p1a: Samurott|0 fnt\n|faint|p1a: Samurott\n|\n|upkeep\n|\n|t:|1698423700\n|switch|p1a: Kingambit|Kingambit, M, shiny|100\/100\n|turn|4\n|\n|t:|1698423704\n|switch|p2a: Landorus|Landorus-Therian, M|100\/100\n|-ability|p2a: Landorus|Intimidate|boost\n|-unboost|p1a: Kingambit|atk|1\n|-ability|p1a: Kingambit|Defiant|boost\n|-boost|p1a: Kingambit|atk|2\n|move|p1a: Kingambit|Iron Head|p2a: Landorus\n|-damage|p2a: Landorus|55\/100\n|-damage|p1a: Kingambit|84\/100|[from] item: Rocky Helmet|[of] p2a: Landorus\n|\n|upkeep\n|turn|5\n|\n|t:|1698423725\n|switch|p1a: Mesprit|Mesprit, shiny|100\/100\n|move|p2a: Landorus|Smack Down|p1a: Mesprit\n|-damage|p1a: Mesprit|85\/100\n|-start|p1a: Mesprit|Smack Down\n|\n|upkeep\n|turn|6\n|\n|t:|1698423732\n|move|p1a: Mesprit|Ice Beam|p2a: Landorus\n|-supereffective|p2a: Landorus\n|-damage|p2a: Landorus|0 fnt\n|faint|p2a: Landorus\n|\n|upkeep\n|\n|t:|1698423751\n|switch|p2a: Rillaboom|Rillaboom, M|100\/100\n|turn|7\n|\n|t:|1698423769\n|switch|p1a: Weezing|Weezing, M, shiny|92\/100\n|move|p2a: Rillaboom|Shadow Ball|p1a: Weezing\n|-damage|p1a: Weezing|26\/100\n|-damage|p2a: Rillaboom|91\/100|[from] item: Life Orb\n|\n|-heal|p1a: Weezing|32\/100|[from] item: Black Sludge\n|upkeep\n|turn|8\n|\n|t:|1698423778\n|switch|p1a: Dunsparce|Dunsparce, M|100\/100\n|-status|p1a: Dunsparce|psn\n|move|p2a: Rillaboom|Flamethrower|p1a: Dunsparce\n|-damage|p1a: Dunsparce|78\/100 psn\n|-damage|p2a: Rillaboom|81\/100|[from] item: Life Orb\n|\n|-damage|p1a: Dunsparce|66\/100 psn|[from] psn\n|upkeep\n|turn|9\n|\n|t:|1698423785\n|-singleturn|p2a: Rillaboom|move: Focus Punch\n|move|p1a: Dunsparce|Stealth Rock|p2a: Rillaboom\n|-sidestart|p2: Yusuf3000|move: Stealth Rock\n|move|p2a: Rillaboom|Focus Punch|p1a: Dunsparce\n|-supereffective|p1a: Dunsparce\n|-damage|p1a: Dunsparce|16\/100 psn\n|-damage|p2a: Rillaboom|71\/100|[from] item: Life Orb\n|\n|-damage|p1a: Dunsparce|4\/100 psn|[from] psn\n|upkeep\n|turn|10\n|\n|t:|1698423797\n|move|p2a: Rillaboom|Nasty Plot|p2a: Rillaboom\n|-boost|p2a: Rillaboom|spa|2\n|move|p1a: Dunsparce|Roost|p1a: Dunsparce\n|-heal|p1a: Dunsparce|54\/100 psn\n|-singleturn|p1a: Dunsparce|move: Roost\n|\n|-damage|p1a: Dunsparce|42\/100 psn|[from] psn\n|upkeep\n|turn|11\n|\n|t:|1698423804\n|move|p2a: Rillaboom|Flamethrower|p1a: Dunsparce\n|-damage|p1a: Dunsparce|0 fnt\n|faint|p1a: Dunsparce\n|-damage|p2a: Rillaboom|61\/100|[from] item: Life Orb\n|\n|upkeep\n|\n|t:|1698423806\n|switch|p1a: Kingambit|Kingambit, M, shiny|84\/100\n|turn|12\n|\n|t:|1698423812\n|switch|p2a: Grimmsnarl|Grimmsnarl, M|100\/100\n|-damage|p2a: Grimmsnarl|88\/100|[from] Stealth Rock\n|move|p1a: Kingambit|Sucker Punch||[still]\n|-fail|p1a: Kingambit\n|\n|upkeep\n|turn|13\n|\n|t:|1698423852\n|move|p2a: Grimmsnarl|Reflect|p2a: Grimmsnarl\n|-sidestart|p2: Yusuf3000|Reflect\n|move|p1a: Kingambit|Iron Head|p2a: Grimmsnarl\n|-supereffective|p2a: Grimmsnarl\n|-damage|p2a: Grimmsnarl|43\/100\n|\n|upkeep\n|turn|14\n|\n|t:|1698423857\n|move|p2a: Grimmsnarl|Thunder Wave|p1a: Kingambit\n|-hint|Since gen 7, Dark is immune to Prankster moves.\n|-immune|p1a: Kingambit\n|move|p1a: Kingambit|Swords Dance|p1a: Kingambit\n|-boost|p1a: Kingambit|atk|2\n|\n|upkeep\n|turn|15\n|\n|t:|1698423861\n|move|p2a: Grimmsnarl|Parting Shot|p1a: Kingambit\n|-hint|Since gen 7, Dark is immune to Prankster moves.\n|-immune|p1a: Kingambit\n|move|p1a: Kingambit|Swords Dance|p1a: Kingambit\n|-boost|p1a: Kingambit|atk|2\n|\n|upkeep\n|turn|16\n|\n|t:|1698423868\n|switch|p2a: Mimikyu|Mimikyu, M|100\/100\n|-damage|p2a: Mimikyu|88\/100|[from] Stealth Rock\n|move|p1a: Kingambit|Iron Head|p2a: Mimikyu\n|-activate|p2a: Mimikyu|ability: Disguise\n|-damage|p2a: Mimikyu|88\/100\n|detailschange|p2a: Mimikyu|Mimikyu-Busted, M\n|-damage|p2a: Mimikyu|76\/100|[from] pokemon: Mimikyu-Busted\n|-enditem|p2a: Mimikyu|Red Card|[of] p1a: Kingambit\n|drag|p1a: Weezing|Weezing, M, shiny|32\/100\n|\n|-heal|p1a: Weezing|38\/100|[from] item: Black Sludge\n|upkeep\n|turn|17\n|\n|t:|1698423899\n|move|p2a: Mimikyu|Swords Dance|p2a: Mimikyu\n|-boost|p2a: Mimikyu|atk|2\n|move|p1a: Weezing|Memento|p2a: Mimikyu\n|-unboost|p2a: Mimikyu|atk|2\n|-unboost|p2a: Mimikyu|spa|2\n|faint|p1a: Weezing\n|\n|upkeep\n|\n|t:|1698423906\n|switch|p1a: Kingambit|Kingambit, M, shiny|84\/100\n|turn|18\n|\n|t:|1698423922\n|move|p2a: Mimikyu|Drain Punch|p1a: Kingambit\n|-supereffective|p1a: Kingambit\n|-damage|p1a: Kingambit|17\/100\n|-heal|p2a: Mimikyu|100\/100|[from] drain|[of] p1a: Kingambit\n|move|p1a: Kingambit|Swords Dance|p1a: Kingambit\n|-boost|p1a: Kingambit|atk|2\n|\n|upkeep\n|turn|19\n|\n|t:|1698423929\n|move|p2a: Mimikyu|Shadow Sneak|p1a: Kingambit\n|-resisted|p1a: Kingambit\n|-damage|p1a: Kingambit|10\/100\n|move|p1a: Kingambit|Sucker Punch||[still]\n|-fail|p1a: Kingambit\n|\n|upkeep\n|turn|20\n|\n|t:|1698423933\n|move|p2a: Mimikyu|Drain Punch|p1a: Kingambit\n|-supereffective|p1a: Kingambit\n|-crit|p1a: Kingambit\n|-damage|p1a: Kingambit|0 fnt\n|faint|p1a: Kingambit\n|\n|-sideend|p2: Yusuf3000|Reflect\n|upkeep\n|\n|t:|1698423937\n|switch|p1a: Garchomp|Garchomp, M|100\/100\n|-status|p1a: Garchomp|psn\n|turn|21\n|\n|t:|1698423941\n|move|p1a: Garchomp|Earthquake|p2a: Mimikyu\n|-damage|p2a: Mimikyu|21\/100\n|-damage|p1a: Garchomp|91\/100 psn|[from] item: Life Orb\n|move|p2a: Mimikyu|Play Rough|p1a: Garchomp\n|-supereffective|p1a: Garchomp\n|-damage|p1a: Garchomp|21\/100 psn\n|-unboost|p1a: Garchomp|atk|1\n|-damage|p2a: Mimikyu|9\/100|[from] ability: Rough Skin|[of] p1a: Garchomp\n|\n|-damage|p1a: Garchomp|9\/100 psn|[from] psn\n|upkeep\n|turn|22\n|\n|t:|1698423947\n|move|p2a: Mimikyu|Shadow Sneak|p1a: Garchomp\n|-damage|p1a: Garchomp|0 fnt\n|-damage|p2a: Mimikyu|0 fnt|[from] ability: Rough Skin|[of] p1a: Garchomp\n|faint|p1a: Garchomp\n|faint|p2a: Mimikyu\n|\n|upkeep\n|\n|t:|1698423951\n|switch|p1a: Mesprit|Mesprit, shiny|85\/100\n|switch|p2a: Espeon|Espeon, M, tera:Fairy|100\/100\n|-damage|p2a: Espeon|88\/100|[from] Stealth Rock\n|turn|23\n|\n|t:|1698423981\n|move|p2a: Espeon|Shadow Ball|p1a: Mesprit\n|-supereffective|p1a: Mesprit\n|-damage|p1a: Mesprit|3\/100\n|-unboost|p1a: Mesprit|spd|1\n|-enditem|p1a: Mesprit|Sitrus Berry|[eat]\n|-heal|p1a: Mesprit|28\/100|[from] item: Sitrus Berry\n|move|p1a: Mesprit|Knock Off|p2a: Espeon\n|-resisted|p2a: Espeon\n|-damage|p2a: Espeon|68\/100\n|-enditem|p2a: Espeon|Choice Specs|[from] move: Knock Off|[of] p1a: Mesprit\n|\n|upkeep\n|turn|24\n|\n|t:|1698423989\n|-terastallize|p1a: Mesprit|Fairy\n|move|p2a: Espeon|Shadow Ball|p1a: Mesprit\n|-damage|p1a: Mesprit|0 fnt\n|faint|p1a: Mesprit\n|\n|win|Yusuf3000\n|c|\u2606Yusuf3000|GG\n|c|\u2606ChaotixPlays|ich poste eben\n","uploadtime":1698423999,"views":13,"p1id":"chaotixplays","p2id":"yusuf3000","formatid":"gen9anythinggoes","rating":0,"private":0,"password":""}