{"id":"gen9anythinggoes-1976898949","p1":"Lucasoduncu","p2":"StarFoxySunlight","format":"[Gen 9] Anything Goes","log":"|j|\u2606Lucasoduncu\n|j|\u2606StarFoxySunlight\n|t:|1698350596\n|gametype|singles\n|player|p1|Lucasoduncu|cameraman|1000\n|player|p2|StarFoxySunlight|hilda|1029\n|teamsize|p1|4\n|teamsize|p2|6\n|gen|9\n|tier|[Gen 9] Anything Goes\n|rated|\n|rule|HP Percentage Mod: HP is shown in percentages\n|rule|Endless Battle Clause: Forcing endless battles is banned\n|clearpoke\n|poke|p1|Cyndaquil, F|\n|poke|p1|Quilava, F|\n|poke|p1|Typhlosion, F|\n|poke|p1|Typhlosion-Hisui, F|\n|poke|p2|Iron Hands|\n|poke|p2|Bellibolt, F|\n|poke|p2|Vikavolt, M|\n|poke|p2|Rotom-Wash|\n|poke|p2|Sandy Shocks|\n|poke|p2|Iron Thorns|\n|teampreview\n|\n|t:|1698350605\n|start\n|switch|p1a: Quilava|Quilava, F, shiny|100\/100\n|switch|p2a: Iron Hands|Iron Hands|100\/100\n|-enditem|p2a: Iron Hands|Booster Energy\n|-activate|p2a: Iron Hands|ability: Quark Drive|[fromitem]\n|-start|p2a: Iron Hands|quarkdriveatk\n|turn|1\n|\n|t:|1698350614\n|move|p1a: Quilava|Smokescreen|p2a: Iron Hands\n|-unboost|p2a: Iron Hands|accuracy|1\n|move|p2a: Iron Hands|Body Press|p1a: Quilava\n|-damage|p1a: Quilava|49\/100\n|\n|upkeep\n|turn|2\n|\n|t:|1698350622\n|move|p1a: Quilava|Defense Curl|p1a: Quilava\n|-boost|p1a: Quilava|def|1\n|move|p2a: Iron Hands|Brick Break|p1a: Quilava\n|-damage|p1a: Quilava|0 fnt\n|faint|p1a: Quilava\n|\n|upkeep\n|\n|t:|1698350627\n|switch|p1a: Cyndaquil|Cyndaquil, F, shiny|100\/100\n|turn|3\n|\n|t:|1698350633\n|move|p1a: Cyndaquil|Flame Charge|p2a: Iron Hands\n|-damage|p2a: Iron Hands|90\/100\n|-boost|p1a: Cyndaquil|spe|1\n|move|p2a: Iron Hands|Body Slam|p1a: Cyndaquil|[miss]\n|-miss|p2a: Iron Hands|p1a: Cyndaquil\n|\n|upkeep\n|turn|4\n|\n|t:|1698350640\n|move|p1a: Cyndaquil|Iron Head|p2a: Iron Hands\n|-resisted|p2a: Iron Hands\n|-damage|p2a: Iron Hands|84\/100\n|move|p2a: Iron Hands|Brick Break|p1a: Cyndaquil\n|-damage|p1a: Cyndaquil|0 fnt\n|faint|p1a: Cyndaquil\n|\n|upkeep\n|\n|t:|1698350649\n|switch|p1a: Typhlosion|Typhlosion, F, shiny|100\/100\n|turn|5\n|\n|t:|1698350655\n|move|p1a: Typhlosion|Fire Spin|p2a: Iron Hands\n|-damage|p2a: Iron Hands|74\/100\n|-activate|p2a: Iron Hands|move: Fire Spin|[of] p1a: Typhlosion\n|move|p2a: Iron Hands|Close Combat|p1a: Typhlosion|[miss]\n|-miss|p2a: Iron Hands|p1a: Typhlosion\n|\n|-damage|p2a: Iron Hands|62\/100|[from] move: Fire Spin|[partiallytrapped]\n|upkeep\n|turn|6\n|\n|t:|1698350666\n|move|p1a: Typhlosion|Curse|p1a: Typhlosion\n|-unboost|p1a: Typhlosion|spe|1\n|-boost|p1a: Typhlosion|atk|1\n|-boost|p1a: Typhlosion|def|1\n|move|p2a: Iron Hands|Brick Break|p1a: Typhlosion\n|-damage|p1a: Typhlosion|52\/100\n|\n|-heal|p1a: Typhlosion|58\/100|[from] item: Leftovers\n|-damage|p2a: Iron Hands|49\/100|[from] move: Fire Spin|[partiallytrapped]\n|upkeep\n|turn|7\n|\n|t:|1698350677\n|move|p1a: Typhlosion|Fire Spin|p2a: Iron Hands\n|-damage|p2a: Iron Hands|38\/100\n|move|p2a: Iron Hands|Body Slam|p1a: Typhlosion\n|-damage|p1a: Typhlosion|22\/100\n|\n|-heal|p1a: Typhlosion|28\/100|[from] item: Leftovers\n|-damage|p2a: Iron Hands|26\/100|[from] move: Fire Spin|[partiallytrapped]\n|upkeep\n|turn|8\n|\n|t:|1698350687\n|move|p1a: Typhlosion|Fire Spin|p2a: Iron Hands\n|-damage|p2a: Iron Hands|11\/100\n|move|p2a: Iron Hands|Body Press|p1a: Typhlosion|[miss]\n|-miss|p2a: Iron Hands|p1a: Typhlosion\n|\n|-heal|p1a: Typhlosion|34\/100|[from] item: Leftovers\n|-damage|p2a: Iron Hands|0 fnt|[from] move: Fire Spin|[partiallytrapped]\n|faint|p2a: Iron Hands\n|-end|p2a: Iron Hands|Quark Drive|[silent]\n|upkeep\n|\n|t:|1698350697\n|switch|p2a: Bellibolt|Bellibolt, F|100\/100\n|turn|9\n|\n|t:|1698350703\n|move|p1a: Typhlosion|Rest|p1a: Typhlosion\n|-status|p1a: Typhlosion|slp|[from] move: Rest\n|-heal|p1a: Typhlosion|100\/100 slp|[silent]\n|move|p2a: Bellibolt|Chilling Water|p1a: Typhlosion\n|-supereffective|p1a: Typhlosion\n|-damage|p1a: Typhlosion|73\/100 slp\n|-unboost|p1a: Typhlosion|atk|1\n|\n|-heal|p1a: Typhlosion|79\/100 slp|[from] item: Leftovers\n|upkeep\n|turn|10\n|\n|t:|1698350714\n|cant|p1a: Typhlosion|slp\n|move|p1a: Typhlosion|Sleep Talk|p1a: Typhlosion\n|move|p1a: Typhlosion|Fire Spin|p2a: Bellibolt|[from]move: Sleep Talk\n|-damage|p2a: Bellibolt|90\/100\n|-activate|p2a: Bellibolt|move: Fire Spin|[of] p1a: Typhlosion\n|-start|p2a: Bellibolt|Charge|Fire Spin|[from] ability: Electromorphosis\n|move|p2a: Bellibolt|Chilling Water|p1a: Typhlosion\n|-supereffective|p1a: Typhlosion\n|-damage|p1a: Typhlosion|55\/100 slp\n|-unboost|p1a: Typhlosion|atk|1\n|\n|-heal|p1a: Typhlosion|61\/100 slp|[from] item: Leftovers\n|-damage|p2a: Bellibolt|77\/100|[from] move: Fire Spin|[partiallytrapped]\n|upkeep\n|turn|11\n|\n|t:|1698350733\n|cant|p1a: Typhlosion|slp\n|move|p1a: Typhlosion|Sleep Talk|p1a: Typhlosion\n|move|p1a: Typhlosion|Curse|p1a: Typhlosion|[from]move: Sleep Talk\n|-unboost|p1a: Typhlosion|spe|1\n|-boost|p1a: Typhlosion|atk|1\n|-boost|p1a: Typhlosion|def|1\n|move|p2a: Bellibolt|Chilling Water|p1a: Typhlosion\n|-supereffective|p1a: Typhlosion\n|-damage|p1a: Typhlosion|37\/100 slp\n|-unboost|p1a: Typhlosion|atk|1\n|\n|-heal|p1a: Typhlosion|43\/100 slp|[from] item: Leftovers\n|-damage|p2a: Bellibolt|65\/100|[from] move: Fire Spin|[partiallytrapped]\n|upkeep\n|turn|12\n|\n|t:|1698350746\n|move|p2a: Bellibolt|Chilling Water|p1a: Typhlosion\n|-supereffective|p1a: Typhlosion\n|-damage|p1a: Typhlosion|20\/100 slp\n|-unboost|p1a: Typhlosion|atk|1\n|-curestatus|p1a: Typhlosion|slp|[msg]\n|move|p1a: Typhlosion|Rest|p1a: Typhlosion\n|-status|p1a: Typhlosion|slp|[from] move: Rest\n|-heal|p1a: Typhlosion|100\/100 slp|[silent]\n|\n|-damage|p2a: Bellibolt|53\/100|[from] move: Fire Spin|[partiallytrapped]\n|upkeep\n|turn|13\n|\n|t:|1698350760\n|move|p2a: Bellibolt|Chilling Water|p1a: Typhlosion\n|-supereffective|p1a: Typhlosion\n|-damage|p1a: Typhlosion|77\/100 slp\n|-unboost|p1a: Typhlosion|atk|1\n|cant|p1a: Typhlosion|slp\n|move|p1a: Typhlosion|Sleep Talk|p1a: Typhlosion\n|move|p1a: Typhlosion|Curse|p1a: Typhlosion|[from]move: Sleep Talk\n|-unboost|p1a: Typhlosion|spe|1\n|-boost|p1a: Typhlosion|atk|1\n|-boost|p1a: Typhlosion|def|1\n|\n|-heal|p1a: Typhlosion|83\/100 slp|[from] item: Leftovers\n|-damage|p2a: Bellibolt|40\/100|[from] move: Fire Spin|[partiallytrapped]\n|upkeep\n|turn|14\n|\n|t:|1698350777\n|move|p2a: Bellibolt|Discharge|p1a: Typhlosion\n|-damage|p1a: Typhlosion|25\/100 slp\n|-end|p2a: Bellibolt|Charge|[silent]\n|cant|p1a: Typhlosion|slp\n|move|p1a: Typhlosion|Sleep Talk|p1a: Typhlosion\n|move|p1a: Typhlosion|Rest||[from]move: Sleep Talk|[still]\n|-fail|p1a: Typhlosion\n|\n|-heal|p1a: Typhlosion|31\/100 slp|[from] item: Leftovers\n|-damage|p2a: Bellibolt|28\/100|[from] move: Fire Spin|[partiallytrapped]\n|upkeep\n|turn|15\n|\n|t:|1698350788\n|move|p2a: Bellibolt|Chilling Water|p1a: Typhlosion\n|-supereffective|p1a: Typhlosion\n|-damage|p1a: Typhlosion|7\/100 slp\n|-unboost|p1a: Typhlosion|atk|1\n|-curestatus|p1a: Typhlosion|slp|[msg]\n|move|p1a: Typhlosion|Fire Spin|p2a: Bellibolt|[miss]\n|-miss|p1a: Typhlosion|p2a: Bellibolt\n|\n|-heal|p1a: Typhlosion|13\/100|[from] item: Leftovers\n|-end|p2a: Bellibolt|Fire Spin|[partiallytrapped]\n|upkeep\n|turn|16\n|\n|t:|1698350799\n|move|p2a: Bellibolt|Chilling Water|p1a: Typhlosion\n|-supereffective|p1a: Typhlosion\n|-damage|p1a: Typhlosion|0 fnt\n|faint|p1a: Typhlosion\n|\n|upkeep\n|\n|t:|1698350801\n|switch|p1a: Typhlosion|Typhlosion-Hisui, F, shiny|100\/100\n|turn|17\n|\n|t:|1698350807\n|move|p1a: Typhlosion|Calm Mind|p1a: Typhlosion\n|-boost|p1a: Typhlosion|spa|1\n|-boost|p1a: Typhlosion|spd|1\n|move|p2a: Bellibolt|Chilling Water|p1a: Typhlosion\n|-supereffective|p1a: Typhlosion\n|-damage|p1a: Typhlosion|71\/100\n|-unboost|p1a: Typhlosion|atk|1\n|-enditem|p1a: Typhlosion|Weakness Policy\n|-boost|p1a: Typhlosion|atk|2|[from] item: Weakness Policy\n|-boost|p1a: Typhlosion|spa|2|[from] item: Weakness Policy\n|\n|upkeep\n|turn|18\n|\n|t:|1698350817\n|move|p1a: Typhlosion|Extrasensory|p2a: Bellibolt\n|-damage|p2a: Bellibolt|0 fnt\n|faint|p2a: Bellibolt\n|\n|upkeep\n|\n|t:|1698350822\n|switch|p2a: Rotom|Rotom-Wash|100\/100\n|turn|19\n|\n|t:|1698350829\n|-terastallize|p1a: Typhlosion|Normal\n|move|p1a: Typhlosion|Infernal Parade|p2a: Rotom\n|-damage|p2a: Rotom|1\/100\n|move|p2a: Rotom|Hydro Pump|p1a: Typhlosion|[miss]\n|-miss|p2a: Rotom|p1a: Typhlosion\n|\n|upkeep\n|turn|20\n|inactive|Battle timer is ON: inactive players will automatically lose when time's up. (requested by StarFoxySunlight)\n|\n|t:|1698350843\n|switch|p2a: Sandy Shocks|Sandy Shocks|100\/100\n|-enditem|p2a: Sandy Shocks|Booster Energy\n|-activate|p2a: Sandy Shocks|ability: Protosynthesis|[fromitem]\n|-start|p2a: Sandy Shocks|protosynthesisspa\n|move|p1a: Typhlosion|Lava Plume|p2a: Sandy Shocks\n|-damage|p2a: Sandy Shocks|0 fnt\n|faint|p2a: Sandy Shocks\n|-end|p2a: Sandy Shocks|Protosynthesis|[silent]\n|\n|upkeep\n|\n|t:|1698350851\n|switch|p2a: Iron Thorns|Iron Thorns|100\/100\n|-enditem|p2a: Iron Thorns|Booster Energy\n|-activate|p2a: Iron Thorns|ability: Quark Drive|[fromitem]\n|-start|p2a: Iron Thorns|quarkdriveatk\n|turn|21\n|\n|t:|1698350859\n|move|p1a: Typhlosion|Infernal Parade|p2a: Iron Thorns\n|-damage|p2a: Iron Thorns|34\/100\n|move|p2a: Iron Thorns|Blizzard|p1a: Typhlosion\n|-damage|p1a: Typhlosion|53\/100\n|\n|upkeep\n|turn|22\n|\n|t:|1698350868\n|move|p1a: Typhlosion|Extrasensory|p2a: Iron Thorns\n|-damage|p2a: Iron Thorns|0 fnt\n|faint|p2a: Iron Thorns\n|-end|p2a: Iron Thorns|Quark Drive|[silent]\n|\n|upkeep\n|\n|t:|1698350872\n|switch|p2a: Vikavolt|Vikavolt, M|100\/100\n|turn|23\n|\n|t:|1698350877\n|move|p1a: Typhlosion|Extrasensory|p2a: Vikavolt\n|-damage|p2a: Vikavolt|0 fnt\n|faint|p2a: Vikavolt\n|\n|upkeep\n|\n|t:|1698350881\n|switch|p2a: Rotom|Rotom-Wash|1\/100\n|turn|24\n|\n|t:|1698350885\n|move|p1a: Typhlosion|Lava Plume|p2a: Rotom\n|-resisted|p2a: Rotom\n|-damage|p2a: Rotom|0 fnt\n|faint|p2a: Rotom\n|\n|win|Lucasoduncu\n|raw|Lucasoduncu's rating: 1000 &rarr; <strong>1043<\/strong><br \/>(+43 for winning)\n|raw|StarFoxySunlight's rating: 1029 &rarr; <strong>1013<\/strong><br \/>(-16 for losing)\n|c|\u2606StarFoxySunlight|gg\n|l|\u2606StarFoxySunlight\n","uploadtime":1698350894,"views":8,"p1id":"lucasoduncu","p2id":"starfoxysunlight","formatid":"gen9anythinggoes","rating":1013,"private":0,"password":""}