{"id":"gen9anythinggoes-1988519186","p1":"InkyDarkBird","p2":"The True Avian","format":"[Gen 9] Anything Goes","log":"|j|\u2606InkyDarkBird\n|j|\u2606The True Avian\n|t:|1699731611\n|gametype|singles\n|player|p1|InkyDarkBird|allister-masters|\n|player|p2|The True Avian|170|\n|teamsize|p1|6\n|teamsize|p2|6\n|gen|9\n|tier|[Gen 9] Anything Goes\n|rule|HP Percentage Mod: HP is shown in percentages\n|rule|Endless Battle Clause: Forcing endless battles is banned\n|rule|Species Clause: Limit one of each Pok\u00e9mon\n|rule|OHKO Clause: OHKO moves are banned\n|rule|Evasion Moves Clause: Evasion moves are banned\n|rule|Sleep Moves Clause: Sleep-inducing moves are banned\n|clearpoke\n|poke|p1|Corviknight, M|\n|poke|p1|Toxapex, F|\n|poke|p1|Slowking, M|\n|poke|p1|Scream Tail|\n|poke|p1|Clodsire, M|\n|poke|p1|Skeledirge, F|\n|poke|p2|Annihilape, F|\n|poke|p2|Pawmot, M|\n|poke|p2|Sylveon, M|\n|poke|p2|Great Tusk|\n|poke|p2|Toxapex, M|\n|poke|p2|Kingambit, M|\n|teampreview\n|inactive|Battle timer is ON: inactive players will automatically lose when time's up. (requested by InkyDarkBird)\n|\n|t:|1699731635\n|start\n|switch|p1a: Should Be Banned|Toxapex, F|100\/100\n|switch|p2a: Toxapex|Toxapex, M|100\/100\n|turn|1\n|\n|t:|1699731641\n|move|p2a: Toxapex|Teleport|p2a: Toxapex\n|\n|t:|1699731650\n|switch|p2a: Pawmot|Pawmot, M|100\/100|[from] Teleport\n|move|p1a: Should Be Banned|Teleport|p1a: Should Be Banned\n|\n|t:|1699731657\n|switch|p1a: Skeledirge|Skeledirge, F|100\/100|[from] Teleport\n|\n|upkeep\n|turn|2\n|\n|t:|1699731662\n|move|p2a: Pawmot|Parting Shot|p1a: Skeledirge\n|-unboost|p1a: Skeledirge|atk|1\n|-unboost|p1a: Skeledirge|spa|1\n|\n|t:|1699731667\n|switch|p2a: Toxapex|Toxapex, M|100\/100|[from] Parting Shot\n|move|p1a: Skeledirge|Salt Cure|p2a: Toxapex\n|-damage|p2a: Toxapex|97\/100\n|-start|p2a: Toxapex|Salt Cure\n|\n|-damage|p2a: Toxapex|72\/100|[from] Salt Cure\n|upkeep\n|turn|3\n|\n|t:|1699731677\n|switch|p1a: Corviknight|Corviknight, M, shiny|100\/100\n|-ability|p1a: Corviknight|Pressure\n|move|p2a: Toxapex|Teleport|p2a: Toxapex\n|\n|t:|1699731687\n|switch|p2a: Great Tusk|Great Tusk, shiny|100\/100|[from] Teleport\n|\n|upkeep\n|turn|4\n|\n|t:|1699731709\n|move|p2a: Great Tusk|Glare|p1a: Corviknight\n|-status|p1a: Corviknight|par\n|move|p1a: Corviknight|Iron Head|p2a: Great Tusk\n|-damage|p2a: Great Tusk|89\/100\n|\n|-heal|p2a: Great Tusk|95\/100|[from] item: Leftovers\n|upkeep\n|turn|5\n|\n|t:|1699731718\n|-end|p2a: Great Tusk|Protosynthesis|[silent]\n|switch|p2a: Annihilape|Annihilape, F|100\/100\n|switch|p1a: Should Be Banned|Toxapex, F|100\/100\n|\n|upkeep\n|turn|6\n|\n|t:|1699731728\n|move|p2a: Annihilape|Parting Shot|p1a: Should Be Banned\n|-unboost|p1a: Should Be Banned|atk|1\n|-unboost|p1a: Should Be Banned|spa|1\n|\n|t:|1699731734\n|switch|p2a: Pawmot|Pawmot, M|100\/100|[from] Parting Shot\n|move|p1a: Should Be Banned|Teleport|p1a: Should Be Banned\n|\n|t:|1699731738\n|switch|p1a: Corviknight|Corviknight, M, shiny|100\/100 par|[from] Teleport\n|-ability|p1a: Corviknight|Pressure\n|\n|upkeep\n|turn|7\n|\n|t:|1699731746\n|switch|p1a: Skeledirge|Skeledirge, F|100\/100\n|move|p2a: Pawmot|Parting Shot|p1a: Skeledirge\n|-unboost|p1a: Skeledirge|atk|1\n|-unboost|p1a: Skeledirge|spa|1\n|\n|t:|1699731756\n|switch|p2a: Toxapex|Toxapex, M|100\/100|[from] Parting Shot\n|\n|upkeep\n|turn|8\n|\n|t:|1699731760\n|switch|p1a: Corviknight|Corviknight, M, shiny|100\/100 par\n|-ability|p1a: Corviknight|Pressure\n|move|p2a: Toxapex|Mortal Spin|p1a: Corviknight\n|-immune|p1a: Corviknight\n|\n|upkeep\n|turn|9\n|\n|t:|1699731768\n|switch|p1a: Should Be Banned|Toxapex, F|100\/100\n|switch|p2a: Annihilape|Annihilape, F|100\/100\n|\n|upkeep\n|turn|10\n|\n|t:|1699731773\n|switch|p2a: Pawmot|Pawmot, M|100\/100\n|switch|p1a: Skeledirge|Skeledirge, F|100\/100\n|\n|upkeep\n|turn|11\n|\n|t:|1699731778\n|move|p2a: Pawmot|Parting Shot|p1a: Skeledirge\n|-unboost|p1a: Skeledirge|atk|1\n|-unboost|p1a: Skeledirge|spa|1\n|\n|t:|1699731782\n|switch|p2a: Annihilape|Annihilape, F|100\/100|[from] Parting Shot\n|move|p1a: Skeledirge|Will-O-Wisp|p2a: Annihilape\n|-status|p2a: Annihilape|brn\n|\n|-damage|p2a: Annihilape|94\/100 brn|[from] brn\n|upkeep\n|turn|12\n|\n|t:|1699731790\n|switch|p1a: Should Be Banned|Toxapex, F|100\/100\n|move|p2a: Annihilape|Parting Shot|p1a: Should Be Banned\n|-unboost|p1a: Should Be Banned|atk|1\n|-unboost|p1a: Should Be Banned|spa|1\n|\n|t:|1699731798\n|switch|p2a: Sylveon|Sylveon, M|100\/100|[from] Parting Shot\n|\n|upkeep\n|turn|13\n|\n|t:|1699731803\n|switch|p2a: Annihilape|Annihilape, F|94\/100 brn\n|switch|p1a: Slowking|Slowking, M|100\/100\n|\n|-heal|p2a: Annihilape|100\/100 brn|[from] item: Leftovers\n|-damage|p2a: Annihilape|94\/100 brn|[from] brn\n|upkeep\n|turn|14\n|\n|t:|1699731811\n|switch|p1a: Should Be Banned|Toxapex, F|100\/100\n|move|p2a: Annihilape|Rage Fist|p1a: Should Be Banned\n|-damage|p1a: Should Be Banned|94\/100\n|\n|-heal|p2a: Annihilape|100\/100 brn|[from] item: Leftovers\n|-damage|p2a: Annihilape|94\/100 brn|[from] brn\n|upkeep\n|turn|15\n|\n|t:|1699731818\n|switch|p1a: Corviknight|Corviknight, M, shiny|100\/100 par\n|-ability|p1a: Corviknight|Pressure\n|move|p2a: Annihilape|Parting Shot|p1a: Corviknight\n|-unboost|p1a: Corviknight|atk|1\n|-unboost|p1a: Corviknight|spa|1\n|\n|t:|1699731823\n|switch|p2a: Great Tusk|Great Tusk, shiny|95\/100|[from] Parting Shot\n|\n|-heal|p2a: Great Tusk|100\/100|[from] item: Leftovers\n|upkeep\n|turn|16\n|\n|t:|1699731832\n|switch|p1a: Screamer|Scream Tail|100\/100\n|move|p2a: Great Tusk|Stealth Rock|p1a: Screamer\n|-sidestart|p1: InkyDarkBird|move: Stealth Rock\n|\n|upkeep\n|turn|17\n|\n|t:|1699731837\n|-end|p2a: Great Tusk|Protosynthesis|[silent]\n|switch|p2a: Annihilape|Annihilape, F|94\/100 brn\n|move|p1a: Screamer|Spirit Shackle|p2a: Annihilape\n|-supereffective|p2a: Annihilape\n|-damage|p2a: Annihilape|68\/100 brn\n|\n|-heal|p2a: Annihilape|75\/100 brn|[from] item: Leftovers\n|-damage|p2a: Annihilape|68\/100 brn|[from] brn\n|upkeep\n|turn|18\n|\n|t:|1699731843\n|-end|p1a: Screamer|Protosynthesis|[silent]\n|switch|p1a: Should Be Banned|Toxapex, F|100\/100\n|-damage|p1a: Should Be Banned|88\/100|[from] Stealth Rock\n|move|p2a: Annihilape|Milk Drink|p2a: Annihilape\n|-heal|p2a: Annihilape|100\/100 brn\n|\n|-damage|p2a: Annihilape|94\/100 brn|[from] brn\n|upkeep\n|turn|19\n|\n|t:|1699731850\n|move|p2a: Annihilape|Close Combat|p1a: Should Be Banned\n|-resisted|p1a: Should Be Banned\n|-damage|p1a: Should Be Banned|80\/100\n|-unboost|p2a: Annihilape|def|1\n|-unboost|p2a: Annihilape|spd|1\n|move|p1a: Should Be Banned|Teleport|p1a: Should Be Banned\n|\n|t:|1699731857\n|switch|p1a: Slowking|Slowking, M|100\/100|[from] Teleport\n|-damage|p1a: Slowking|88\/100|[from] Stealth Rock\n|\n|-heal|p2a: Annihilape|100\/100 brn|[from] item: Leftovers\n|-damage|p2a: Annihilape|94\/100 brn|[from] brn\n|upkeep\n|turn|20\n|\n|t:|1699731862\n|switch|p1a: Should Be Banned|Toxapex, F|100\/100\n|-damage|p1a: Should Be Banned|88\/100|[from] Stealth Rock\n|move|p2a: Annihilape|Rage Fist|p1a: Should Be Banned\n|-damage|p1a: Should Be Banned|74\/100\n|\n|-heal|p2a: Annihilape|100\/100 brn|[from] item: Leftovers\n|-damage|p2a: Annihilape|94\/100 brn|[from] brn\n|upkeep\n|turn|21\n|\n|t:|1699731867\n|move|p2a: Annihilape|Parting Shot|p1a: Should Be Banned\n|-unboost|p1a: Should Be Banned|atk|1\n|-unboost|p1a: Should Be Banned|spa|1\n|j| Dogpraxis\n|\n|t:|1699731870\n|switch|p2a: Pawmot|Pawmot, M|100\/100|[from] Parting Shot\n|move|p1a: Should Be Banned|Teleport|p1a: Should Be Banned\n|c| Dogpraxis|Nice teams\n|\n|t:|1699731876\n|switch|p1a: Skeledirge|Skeledirge, F|100\/100|[from] Teleport\n|\n|upkeep\n|turn|22\n|\n|t:|1699731882\n|switch|p1a: Corviknight|Corviknight, M, shiny|100\/100 par\n|-damage|p1a: Corviknight|88\/100 par|[from] Stealth Rock\n|-ability|p1a: Corviknight|Pressure\n|move|p2a: Pawmot|Parting Shot|p1a: Corviknight\n|-unboost|p1a: Corviknight|atk|1\n|-unboost|p1a: Corviknight|spa|1\n|\n|t:|1699731889\n|switch|p2a: Kingambit|Kingambit, M|100\/100|[from] Parting Shot\n|\n|upkeep\n|turn|23\n|\n|t:|1699731896\n|-end|p2a: Kingambit|fallenundefined|[silent]\n|switch|p2a: Annihilape|Annihilape, F|94\/100 brn\n|move|p1a: Corviknight|Defog|p2a: Annihilape\n|-unboost|p2a: Annihilape|evasion|1\n|-ability|p2a: Annihilape|Defiant|boost\n|-boost|p2a: Annihilape|atk|2\n|-sideend|p1: InkyDarkBird|Stealth Rock|[from] move: Defog|[of] p1a: Corviknight\n|\n|-heal|p2a: Annihilape|100\/100 brn|[from] item: Leftovers\n|-damage|p2a: Annihilape|94\/100 brn|[from] brn\n|upkeep\n|turn|24\n|\n|t:|1699731902\n|switch|p1a: Should Be Banned|Toxapex, F|100\/100\n|move|p2a: Annihilape|Rage Fist|p1a: Should Be Banned\n|-damage|p1a: Should Be Banned|75\/100\n|\n|-heal|p2a: Annihilape|100\/100 brn|[from] item: Leftovers\n|-damage|p2a: Annihilape|94\/100 brn|[from] brn\n|upkeep\n|turn|25\n|\n|t:|1699731907\n|move|p2a: Annihilape|Parting Shot|p1a: Should Be Banned\n|-unboost|p1a: Should Be Banned|atk|1\n|-unboost|p1a: Should Be Banned|spa|1\n|\n|t:|1699731911\n|switch|p2a: Kingambit|Kingambit, M|100\/100|[from] Parting Shot\n|move|p1a: Should Be Banned|Haze|p1a: Should Be Banned\n|-clearallboost\n|\n|upkeep\n|turn|26\n|\n|t:|1699731918\n|move|p2a: Kingambit|Knock Off|p1a: Should Be Banned\n|-damage|p1a: Should Be Banned|39\/100\n|-enditem|p1a: Should Be Banned|Shed Shell|[from] move: Knock Off|[of] p2a: Kingambit\n|move|p1a: Should Be Banned|Teleport|p1a: Should Be Banned\n|\n|t:|1699731925\n|switch|p1a: Screamer|Scream Tail|100\/100|[from] Teleport\n|\n|upkeep\n|turn|27\n|\n|t:|1699731932\n|-end|p2a: Kingambit|fallenundefined|[silent]\n|switch|p2a: Annihilape|Annihilape, F|94\/100 brn\n|move|p1a: Screamer|Encore||[still]\n|-fail|p1a: Screamer\n|\n|-heal|p2a: Annihilape|100\/100 brn|[from] item: Leftovers\n|-damage|p2a: Annihilape|94\/100 brn|[from] brn\n|upkeep\n|turn|28\n|\n|t:|1699731938\n|-end|p1a: Screamer|Protosynthesis|[silent]\n|switch|p1a: Should Be Banned|Toxapex, F|73\/100\n|move|p2a: Annihilape|Parting Shot|p1a: Should Be Banned\n|-unboost|p1a: Should Be Banned|atk|1\n|-unboost|p1a: Should Be Banned|spa|1\n|\n|t:|1699731942\n|switch|p2a: Great Tusk|Great Tusk, shiny|100\/100|[from] Parting Shot\n|\n|upkeep\n|turn|29\n|\n|t:|1699731948\n|-end|p2a: Great Tusk|Protosynthesis|[silent]\n|switch|p2a: Annihilape|Annihilape, F|94\/100 brn\n|switch|p1a: Corviknight|Corviknight, M, shiny|88\/100 par\n|-ability|p1a: Corviknight|Pressure\n|\n|-heal|p2a: Annihilape|100\/100 brn|[from] item: Leftovers\n|-damage|p2a: Annihilape|94\/100 brn|[from] brn\n|upkeep\n|turn|30\n|\n|t:|1699731952\n|switch|p2a: Great Tusk|Great Tusk, shiny|100\/100\n|switch|p1a: Should Be Banned|Toxapex, F|100\/100\n|\n|upkeep\n|turn|31\n|\n|t:|1699731958\n|-end|p2a: Great Tusk|Protosynthesis|[silent]\n|switch|p2a: Annihilape|Annihilape, F|94\/100 brn\n|move|p1a: Should Be Banned|Mortal Spin|p2a: Annihilape\n|-resisted|p2a: Annihilape\n|-damage|p2a: Annihilape|91\/100 brn\n|\n|-heal|p2a: Annihilape|97\/100 brn|[from] item: Leftovers\n|-damage|p2a: Annihilape|91\/100 brn|[from] brn\n|upkeep\n|turn|32\n|\n|t:|1699731966\n|move|p2a: Annihilape|Rage Fist|p1a: Should Be Banned\n|-damage|p1a: Should Be Banned|80\/100\n|move|p1a: Should Be Banned|Teleport|p1a: Should Be Banned\n|\n|t:|1699731972\n|switch|p1a: Screamer|Scream Tail|100\/100|[from] Teleport\n|\n|-heal|p2a: Annihilape|97\/100 brn|[from] item: Leftovers\n|-damage|p2a: Annihilape|91\/100 brn|[from] brn\n|upkeep\n|turn|33\n|\n|t:|1699731978\n|-end|p1a: Screamer|Protosynthesis|[silent]\n|switch|p1a: Should Be Banned|Toxapex, F|100\/100\n|move|p2a: Annihilape|Rage Fist|p1a: Should Be Banned\n|-damage|p1a: Should Be Banned|79\/100\n|\n|-heal|p2a: Annihilape|97\/100 brn|[from] item: Leftovers\n|-damage|p2a: Annihilape|91\/100 brn|[from] brn\n|upkeep\n|turn|34\n|\n|t:|1699731985\n|switch|p2a: Pawmot|Pawmot, M|100\/100\n|switch|p1a: Corviknight|Corviknight, M, shiny|88\/100 par\n|-ability|p1a: Corviknight|Pressure\n|\n|upkeep\n|turn|35\n|\n|t:|1699731989\n|switch|p1a: Should Be Banned|Toxapex, F|100\/100\n|move|p2a: Pawmot|Double Shock|p1a: Should Be Banned\n|-supereffective|p1a: Should Be Banned\n|-damage|p1a: Should Be Banned|45\/100\n|-start|p2a: Pawmot|typechange|???\/Fighting|[from] move: Double Shock\n|\n|upkeep\n|turn|36\n|\n|t:|1699731996\n|switch|p1a: Skeledirge|Skeledirge, F|100\/100\n|-terastallize|p2a: Pawmot|Electric\n|move|p2a: Pawmot|Double Shock|p1a: Skeledirge\n|-damage|p1a: Skeledirge|74\/100\n|-start|p2a: Pawmot|typechange|Electric|[from] move: Double Shock\n|\n|upkeep\n|turn|37\n|\n|t:|1699732003\n|move|p2a: Pawmot|Parting Shot|p1a: Skeledirge\n|-unboost|p1a: Skeledirge|atk|1\n|-unboost|p1a: Skeledirge|spa|1\n|\n|t:|1699732007\n|switch|p2a: Annihilape|Annihilape, F|91\/100 brn|[from] Parting Shot\n|move|p1a: Skeledirge|Slack Off|p1a: Skeledirge\n|-heal|p1a: Skeledirge|100\/100\n|\n|-heal|p2a: Annihilape|97\/100 brn|[from] item: Leftovers\n|-damage|p2a: Annihilape|91\/100 brn|[from] brn\n|upkeep\n|turn|38\n|\n|t:|1699732019\n|switch|p2a: Pawmot|Pawmot, M, tera:Electric|100\/100\n|switch|p1a: Should Be Banned|Toxapex, F|78\/100\n|\n|upkeep\n|turn|39\n|\n|t:|1699732028\n|switch|p1a: Setup Bad|Clodsire, M|100\/100\n|move|p2a: Pawmot|Parting Shot|p1a: Setup Bad\n|-unboost|p1a: Setup Bad|atk|1\n|-unboost|p1a: Setup Bad|spa|1\n|\n|t:|1699732032\n|switch|p2a: Great Tusk|Great Tusk, shiny|100\/100|[from] Parting Shot\n|\n|upkeep\n|turn|40\n|\n|t:|1699732037\n|switch|p1a: Corviknight|Corviknight, M, shiny|88\/100 par\n|-ability|p1a: Corviknight|Pressure\n|move|p2a: Great Tusk|Stealth Rock|p1a: Corviknight\n|-sidestart|p1: InkyDarkBird|move: Stealth Rock\n|\n|upkeep\n|turn|41\n|\n|t:|1699732050\n|-end|p2a: Great Tusk|Protosynthesis|[silent]\n|switch|p2a: Annihilape|Annihilape, F|91\/100 brn\n|move|p1a: Corviknight|Defog|p2a: Annihilape\n|-unboost|p2a: Annihilape|evasion|1\n|-ability|p2a: Annihilape|Defiant|boost\n|-boost|p2a: Annihilape|atk|2\n|-sideend|p1: InkyDarkBird|Stealth Rock|[from] move: Defog|[of] p1a: Corviknight\n|\n|-heal|p2a: Annihilape|97\/100 brn|[from] item: Leftovers\n|-damage|p2a: Annihilape|91\/100 brn|[from] brn\n|upkeep\n|turn|42\n|\n|t:|1699732057\n|switch|p1a: Should Be Banned|Toxapex, F|100\/100\n|move|p2a: Annihilape|Rage Fist|p1a: Should Be Banned\n|-damage|p1a: Should Be Banned|60\/100\n|\n|-heal|p2a: Annihilape|97\/100 brn|[from] item: Leftovers\n|-damage|p2a: Annihilape|91\/100 brn|[from] brn\n|upkeep\n|turn|43\n|\n|t:|1699732071\n|move|p2a: Annihilape|Rage Fist|p1a: Should Be Banned\n|-damage|p1a: Should Be Banned|23\/100\n|move|p1a: Should Be Banned|Haze|p1a: Should Be Banned\n|-clearallboost\n|\n|-heal|p2a: Annihilape|97\/100 brn|[from] item: Leftovers\n|-damage|p2a: Annihilape|91\/100 brn|[from] brn\n|upkeep\n|turn|44\n|\n|t:|1699732077\n|move|p2a: Annihilape|Rage Fist|p1a: Should Be Banned\n|-damage|p1a: Should Be Banned|2\/100\n|move|p1a: Should Be Banned|Recover|p1a: Should Be Banned\n|-heal|p1a: Should Be Banned|53\/100\n|\n|-heal|p2a: Annihilape|97\/100 brn|[from] item: Leftovers\n|-damage|p2a: Annihilape|91\/100 brn|[from] brn\n|upkeep\n|turn|45\n|\n|t:|1699732085\n|move|p2a: Annihilape|Parting Shot|p1a: Should Be Banned\n|-unboost|p1a: Should Be Banned|atk|1\n|-unboost|p1a: Should Be Banned|spa|1\n|\n|t:|1699732092\n|switch|p2a: Kingambit|Kingambit, M|100\/100|[from] Parting Shot\n|move|p1a: Should Be Banned|Teleport|p1a: Should Be Banned\n|\n|t:|1699732101\n|switch|p1a: Slowking|Slowking, M|100\/100|[from] Teleport\n|\n|upkeep\n|turn|46\n|\n|t:|1699732109\n|switch|p1a: Should Be Banned|Toxapex, F|86\/100\n|move|p2a: Kingambit|Knock Off|p1a: Should Be Banned\n|-damage|p1a: Should Be Banned|61\/100\n|\n|upkeep\n|turn|47\n|\n|t:|1699732114\n|move|p2a: Kingambit|Psychic Fangs|p1a: Should Be Banned\n|-supereffective|p1a: Should Be Banned\n|-damage|p1a: Should Be Banned|19\/100\n|move|p1a: Should Be Banned|Teleport|p1a: Should Be Banned\n|\n|t:|1699732123\n|switch|p1a: Skeledirge|Skeledirge, F|100\/100|[from] Teleport\n|\n|upkeep\n|turn|48\n|\n|t:|1699732131\n|-end|p2a: Kingambit|fallenundefined|[silent]\n|switch|p2a: Annihilape|Annihilape, F|91\/100 brn\n|move|p1a: Skeledirge|Will-O-Wisp|p2a: Annihilape\n|-fail|p2a: Annihilape|brn\n|\n|-heal|p2a: Annihilape|97\/100 brn|[from] item: Leftovers\n|-damage|p2a: Annihilape|91\/100 brn|[from] brn\n|upkeep\n|turn|49\n|\n|t:|1699732139\n|switch|p2a: Toxapex|Toxapex, M|100\/100\n|switch|p1a: Should Be Banned|Toxapex, F|52\/100\n|\n|upkeep\n|turn|50\n|\n|t:|1699732143\n|switch|p1a: Corviknight|Corviknight, M, shiny|88\/100 par\n|-ability|p1a: Corviknight|Pressure\n|move|p2a: Toxapex|Teleport|p2a: Toxapex\n|\n|t:|1699732150\n|switch|p2a: Kingambit|Kingambit, M|100\/100|[from] Teleport\n|\n|upkeep\n|turn|51\n|\n|t:|1699732154\n|move|p2a: Kingambit|Knock Off|p1a: Corviknight\n|-damage|p1a: Corviknight|55\/100 par\n|-enditem|p1a: Corviknight|Covert Cloak|[from] move: Knock Off|[of] p2a: Kingambit\n|move|p1a: Corviknight|Roost|p1a: Corviknight\n|-heal|p1a: Corviknight|100\/100 par\n|-singleturn|p1a: Corviknight|move: Roost\n|\n|upkeep\n|turn|52\n|\n|t:|1699732162\n|move|p2a: Kingambit|Bitter Blade|p1a: Corviknight\n|-supereffective|p1a: Corviknight\n|-damage|p1a: Corviknight|61\/100 par\n|move|p1a: Corviknight|Circle Throw|p2a: Kingambit\n|-supereffective|p2a: Kingambit\n|-damage|p2a: Kingambit|65\/100\n|-end|p2a: Kingambit|fallenundefined|[silent]\n|drag|p2a: Annihilape|Annihilape, F|91\/100 brn\n|\n|-heal|p2a: Annihilape|97\/100 brn|[from] item: Leftovers\n|-damage|p2a: Annihilape|91\/100 brn|[from] brn\n|upkeep\n|turn|53\n|\n|t:|1699732176\n|switch|p2a: Sylveon|Sylveon, M|100\/100\n|move|p1a: Corviknight|Roost|p1a: Corviknight\n|-heal|p1a: Corviknight|100\/100 par\n|-singleturn|p1a: Corviknight|move: Roost\n|\n|upkeep\n|turn|54\n|\n|t:|1699732179\n|switch|p1a: Screamer|Scream Tail|100\/100\n|move|p2a: Sylveon|Swords Dance|p2a: Sylveon\n|-boost|p2a: Sylveon|atk|2\n|\n|upkeep\n|turn|55\n|\n|t:|1699732183\n|switch|p2a: Annihilape|Annihilape, F|91\/100 brn\n|move|p1a: Screamer|Encore||[still]\n|-fail|p1a: Screamer\n|\n|-heal|p2a: Annihilape|97\/100 brn|[from] item: Leftovers\n|-damage|p2a: Annihilape|91\/100 brn|[from] brn\n|upkeep\n|turn|56\n|\n|t:|1699732190\n|-end|p1a: Screamer|Protosynthesis|[silent]\n|switch|p1a: Should Be Banned|Toxapex, F|85\/100\n|move|p2a: Annihilape|Parting Shot|p1a: Should Be Banned\n|-unboost|p1a: Should Be Banned|atk|1\n|-unboost|p1a: Should Be Banned|spa|1\n|\n|t:|1699732194\n|switch|p2a: Sylveon|Sylveon, M|100\/100|[from] Parting Shot\n|\n|upkeep\n|turn|57\n|\n|t:|1699732197\n|switch|p2a: Annihilape|Annihilape, F|91\/100 brn\n|move|p1a: Should Be Banned|Mortal Spin|p2a: Annihilape\n|-resisted|p2a: Annihilape\n|-damage|p2a: Annihilape|88\/100 brn\n|\n|-heal|p2a: Annihilape|95\/100 brn|[from] item: Leftovers\n|-damage|p2a: Annihilape|88\/100 brn|[from] brn\n|upkeep\n|turn|58\n|\n|t:|1699732206\n|move|p2a: Annihilape|Parting Shot|p1a: Should Be Banned\n|-unboost|p1a: Should Be Banned|atk|1\n|-unboost|p1a: Should Be Banned|spa|1\n|\n|t:|1699732209\n|switch|p2a: Great Tusk|Great Tusk, shiny|100\/100|[from] Parting Shot\n|move|p1a: Should Be Banned|Teleport|p1a: Should Be Banned\n|\n|t:|1699732218\n|switch|p1a: Skeledirge|Skeledirge, F|100\/100|[from] Teleport\n|\n|upkeep\n|turn|59\n|\n|t:|1699732223\n|-end|p2a: Great Tusk|Protosynthesis|[silent]\n|switch|p2a: Pawmot|Pawmot, M, tera:Electric|100\/100\n|move|p1a: Skeledirge|Will-O-Wisp|p2a: Pawmot|[miss]\n|-miss|p1a: Skeledirge|p2a: Pawmot\n|\n|upkeep\n|turn|60\n|\n|t:|1699732236\n|switch|p1a: Setup Bad|Clodsire, M|100\/100\n|move|p2a: Pawmot|Double Shock|p1a: Setup Bad\n|-immune|p1a: Setup Bad\n|\n|upkeep\n|turn|61\n|\n|t:|1699732242\n|switch|p2a: Annihilape|Annihilape, F|88\/100 brn\n|move|p1a: Setup Bad|Toxic||[still]\n|-fail|p1a: Setup Bad\n|\n|-heal|p2a: Annihilape|95\/100 brn|[from] item: Leftovers\n|-damage|p2a: Annihilape|88\/100 brn|[from] brn\n|upkeep\n|turn|62\n|\n|t:|1699732249\n|switch|p2a: Toxapex|Toxapex, M|100\/100\n|switch|p1a: Should Be Banned|Toxapex, F|100\/100\n|\n|upkeep\n|turn|63\n|\n|t:|1699732254\n|switch|p1a: Corviknight|Corviknight, M, shiny|100\/100 par\n|-ability|p1a: Corviknight|Pressure\n|switch|p2a: Annihilape|Annihilape, F|88\/100 brn\n|\n|-heal|p2a: Annihilape|95\/100 brn|[from] item: Leftovers\n|-damage|p2a: Annihilape|88\/100 brn|[from] brn\n|upkeep\n|turn|64\n|\n|t:|1699732262\n|switch|p2a: Great Tusk|Great Tusk, shiny|100\/100\n|switch|p1a: Should Be Banned|Toxapex, F|100\/100\n|\n|upkeep\n|turn|65\n|\n|t:|1699732268\n|-end|p2a: Great Tusk|Protosynthesis|[silent]\n|switch|p2a: Annihilape|Annihilape, F|88\/100 brn\n|move|p1a: Should Be Banned|Teleport|p1a: Should Be Banned\n|\n|t:|1699732275\n|switch|p1a: Skeledirge|Skeledirge, F|100\/100|[from] Teleport\n|\n|-heal|p2a: Annihilape|95\/100 brn|[from] item: Leftovers\n|-damage|p2a: Annihilape|88\/100 brn|[from] brn\n|upkeep\n|turn|66\n|\n|t:|1699732282\n|switch|p1a: Corviknight|Corviknight, M, shiny|100\/100 par\n|-ability|p1a: Corviknight|Pressure\n|move|p2a: Annihilape|Parting Shot|p1a: Corviknight\n|-unboost|p1a: Corviknight|atk|1\n|-unboost|p1a: Corviknight|spa|1\n|\n|t:|1699732287\n|switch|p2a: Kingambit|Kingambit, M|65\/100|[from] Parting Shot\n|\n|upkeep\n|turn|67\n|\n|t:|1699732295\n|switch|p1a: Should Be Banned|Toxapex, F|100\/100\n|move|p2a: Kingambit|Bitter Blade|p1a: Should Be Banned\n|-resisted|p1a: Should Be Banned\n|-damage|p1a: Should Be Banned|91\/100\n|-heal|p2a: Kingambit|69\/100|[from] drain|[of] p1a: Should Be Banned\n|\n|upkeep\n|turn|68\n|\n|t:|1699732303\n|move|p2a: Kingambit|Psychic Fangs|p1a: Should Be Banned\n|-supereffective|p1a: Should Be Banned\n|-damage|p1a: Should Be Banned|50\/100\n|move|p1a: Should Be Banned|Teleport|p1a: Should Be Banned\n|\n|t:|1699732329\n|switch|p1a: Screamer|Scream Tail|100\/100|[from] Teleport\n|\n|upkeep\n|turn|69\n|\n|t:|1699732339\n|-end|p1a: Screamer|Protosynthesis|[silent]\n|switch|p1a: Should Be Banned|Toxapex, F|83\/100\n|-end|p2a: Kingambit|fallenundefined|[silent]\n|switch|p2a: Annihilape|Annihilape, F|88\/100 brn\n|\n|-heal|p2a: Annihilape|95\/100 brn|[from] item: Leftovers\n|-damage|p2a: Annihilape|88\/100 brn|[from] brn\n|upkeep\n|turn|70\n|\n|t:|1699732344\n|switch|p2a: Toxapex|Toxapex, M|100\/100\n|switch|p1a: Corviknight|Corviknight, M, shiny|100\/100 par\n|-ability|p1a: Corviknight|Pressure\n|\n|upkeep\n|turn|71\n|\n|t:|1699732351\n|switch|p1a: Should Be Banned|Toxapex, F|100\/100\n|switch|p2a: Annihilape|Annihilape, F|88\/100 brn\n|\n|-heal|p2a: Annihilape|95\/100 brn|[from] item: Leftovers\n|-damage|p2a: Annihilape|88\/100 brn|[from] brn\n|upkeep\n|turn|72\n|\n|t:|1699732364\n|switch|p2a: Toxapex|Toxapex, M|100\/100\n|switch|p1a: Corviknight|Corviknight, M, shiny|100\/100 par\n|-ability|p1a: Corviknight|Pressure\n|\n|upkeep\n|turn|73\n|\n|t:|1699732368\n|switch|p1a: Slowking|Slowking, M|100\/100\n|switch|p2a: Annihilape|Annihilape, F|88\/100 brn\n|\n|-heal|p2a: Annihilape|95\/100 brn|[from] item: Leftovers\n|-damage|p2a: Annihilape|88\/100 brn|[from] brn\n|upkeep\n|turn|74\n|\n|t:|1699732375\n|switch|p2a: Kingambit|Kingambit, M|69\/100\n|switch|p1a: Should Be Banned|Toxapex, F|100\/100\n|\n|upkeep\n|turn|75\n|\n|t:|1699732384\n|-end|p2a: Kingambit|fallenundefined|[silent]\n|switch|p2a: Annihilape|Annihilape, F|88\/100 brn\n|switch|p1a: Screamer|Scream Tail|100\/100\n|\n|-heal|p2a: Annihilape|95\/100 brn|[from] item: Leftovers\n|-damage|p2a: Annihilape|88\/100 brn|[from] brn\n|upkeep\n|turn|76\n|\n|t:|1699732394\n|switch|p2a: Pawmot|Pawmot, M, tera:Electric|100\/100\n|-end|p1a: Screamer|Protosynthesis|[silent]\n|switch|p1a: Should Be Banned|Toxapex, F|100\/100\n|\n|upkeep\n|turn|77\n|\n|t:|1699732401\n|switch|p2a: Great Tusk|Great Tusk, shiny|100\/100\n|switch|p1a: Setup Bad|Clodsire, M|100\/100\n|\n|upkeep\n|turn|78\n|\n|t:|1699732409\n|move|p2a: Great Tusk|Stealth Rock|p1a: Setup Bad\n|-sidestart|p1: InkyDarkBird|move: Stealth Rock\n|move|p1a: Setup Bad|Toxic|p2a: Great Tusk\n|-status|p2a: Great Tusk|tox\n|\n|-damage|p2a: Great Tusk|94\/100 tox|[from] psn\n|upkeep\n|turn|79\n|\n|t:|1699732414\n|-end|p2a: Great Tusk|Protosynthesis|[silent]\n|switch|p2a: Annihilape|Annihilape, F|88\/100 brn\n|switch|p1a: Corviknight|Corviknight, M, shiny|100\/100 par\n|-damage|p1a: Corviknight|88\/100 par|[from] Stealth Rock\n|-ability|p1a: Corviknight|Pressure\n|\n|-heal|p2a: Annihilape|95\/100 brn|[from] item: Leftovers\n|-damage|p2a: Annihilape|88\/100 brn|[from] brn\n|upkeep\n|turn|80\n|\n|t:|1699732429\n|switch|p1a: Should Be Banned|Toxapex, F|100\/100\n|-damage|p1a: Should Be Banned|88\/100|[from] Stealth Rock\n|move|p2a: Annihilape|Rage Fist|p1a: Should Be Banned\n|-damage|p1a: Should Be Banned|62\/100\n|\n|-heal|p2a: Annihilape|95\/100 brn|[from] item: Leftovers\n|-damage|p2a: Annihilape|88\/100 brn|[from] brn\n|upkeep\n|turn|81\n|\n|t:|1699732442\n|switch|p2a: Pawmot|Pawmot, M, tera:Electric|100\/100\n|move|p1a: Should Be Banned|Teleport|p1a: Should Be Banned\n|c| Dogpraxis|Isn\u2019t gambit banned\n|\n|t:|1699732450\n|switch|p1a: Skeledirge|Skeledirge, F|100\/100|[from] Teleport\n|\n|upkeep\n|turn|82\n|\n|t:|1699732455\n|switch|p2a: Annihilape|Annihilape, F|88\/100 brn\n|move|p1a: Skeledirge|Will-O-Wisp|p2a: Annihilape\n|-fail|p2a: Annihilape|brn\n|\n|-heal|p2a: Annihilape|95\/100 brn|[from] item: Leftovers\n|-damage|p2a: Annihilape|88\/100 brn|[from] brn\n|upkeep\n|turn|83\n|\n|t:|1699732467\n|switch|p1a: Should Be Banned|Toxapex, F|95\/100\n|-damage|p1a: Should Be Banned|83\/100|[from] Stealth Rock\n|move|p2a: Annihilape|Parting Shot|p1a: Should Be Banned\n|-unboost|p1a: Should Be Banned|atk|1\n|-unboost|p1a: Should Be Banned|spa|1\n|\n|t:|1699732473\n|switch|p2a: Kingambit|Kingambit, M|69\/100|[from] Parting Shot\n|\n|upkeep\n|turn|84\n|\n|t:|1699732484\n|-end|p2a: Kingambit|fallenundefined|[silent]\n|switch|p2a: Toxapex|Toxapex, M|100\/100\n|move|p1a: Should Be Banned|Teleport|p1a: Should Be Banned\n|\n|t:|1699732487\n|switch|p1a: Corviknight|Corviknight, M, shiny|88\/100 par|[from] Teleport\n|-damage|p1a: Corviknight|76\/100 par|[from] Stealth Rock\n|-ability|p1a: Corviknight|Pressure\n|\n|upkeep\n|turn|85\n|\n|t:|1699732496\n|switch|p2a: Annihilape|Annihilape, F|88\/100 brn\n|cant|p1a: Corviknight|par\n|\n|-heal|p2a: Annihilape|95\/100 brn|[from] item: Leftovers\n|-damage|p2a: Annihilape|88\/100 brn|[from] brn\n|upkeep\n|turn|86\n|\n|t:|1699732504\n|move|p2a: Annihilape|Parting Shot|p1a: Corviknight\n|-unboost|p1a: Corviknight|atk|1\n|-unboost|p1a: Corviknight|spa|1\n|\n|t:|1699732507\n|switch|p2a: Great Tusk|Great Tusk, shiny|94\/100 tox|[from] Parting Shot\n|cant|p1a: Corviknight|par\n|\n|-heal|p2a: Great Tusk|100\/100 tox|[from] item: Leftovers\n|-damage|p2a: Great Tusk|94\/100 tox|[from] psn\n|upkeep\n|turn|87\n|\n|t:|1699732514\n|-end|p2a: Great Tusk|Protosynthesis|[silent]\n|switch|p2a: Annihilape|Annihilape, F|88\/100 brn\n|move|p1a: Corviknight|Defog|p2a: Annihilape\n|-unboost|p2a: Annihilape|evasion|1\n|-ability|p2a: Annihilape|Defiant|boost\n|-boost|p2a: Annihilape|atk|2\n|-sideend|p1: InkyDarkBird|Stealth Rock|[from] move: Defog|[of] p1a: Corviknight\n|\n|-heal|p2a: Annihilape|95\/100 brn|[from] item: Leftovers\n|-damage|p2a: Annihilape|88\/100 brn|[from] brn\n|upkeep\n|turn|88\n|\n|t:|1699732520\n|switch|p1a: Should Be Banned|Toxapex, F|100\/100\n|move|p2a: Annihilape|Rage Fist|p1a: Should Be Banned\n|-damage|p1a: Should Be Banned|43\/100\n|\n|-heal|p2a: Annihilape|95\/100 brn|[from] item: Leftovers\n|-damage|p2a: Annihilape|88\/100 brn|[from] brn\n|upkeep\n|turn|89\n|\n|t:|1699732532\n|switch|p1a: Corviknight|Corviknight, M, shiny|76\/100 par\n|-ability|p1a: Corviknight|Pressure\n|move|p2a: Annihilape|Rage Fist|p1a: Corviknight\n|-damage|p1a: Corviknight|21\/100 par\n|\n|-heal|p2a: Annihilape|95\/100 brn|[from] item: Leftovers\n|-damage|p2a: Annihilape|88\/100 brn|[from] brn\n|upkeep\n|turn|90\n|\n|t:|1699732542\n|move|p2a: Annihilape|Rage Fist|p1a: Corviknight\n|-damage|p1a: Corviknight|0 fnt\n|faint|p1a: Corviknight\n|\n|-heal|p2a: Annihilape|95\/100 brn|[from] item: Leftovers\n|-damage|p2a: Annihilape|88\/100 brn|[from] brn\n|upkeep\n|\n|t:|1699732551\n|switch|p1a: Should Be Banned|Toxapex, F|77\/100\n|turn|91\n|\n|t:|1699732559\n|move|p2a: Annihilape|Close Combat|p1a: Should Be Banned\n|-resisted|p1a: Should Be Banned\n|-damage|p1a: Should Be Banned|62\/100\n|-unboost|p2a: Annihilape|def|1\n|-unboost|p2a: Annihilape|spd|1\n|move|p1a: Should Be Banned|Recover|p1a: Should Be Banned\n|-heal|p1a: Should Be Banned|100\/100\n|\n|-heal|p2a: Annihilape|95\/100 brn|[from] item: Leftovers\n|-damage|p2a: Annihilape|88\/100 brn|[from] brn\n|upkeep\n|turn|92\n|\n|t:|1699732567\n|move|p2a: Annihilape|Parting Shot|p1a: Should Be Banned\n|-unboost|p1a: Should Be Banned|atk|1\n|-unboost|p1a: Should Be Banned|spa|1\n|\n|t:|1699732569\n|switch|p2a: Great Tusk|Great Tusk, shiny|94\/100 tox|[from] Parting Shot\n|move|p1a: Should Be Banned|Haze|p1a: Should Be Banned\n|-clearallboost\n|\n|-heal|p2a: Great Tusk|100\/100 tox|[from] item: Leftovers\n|-damage|p2a: Great Tusk|94\/100 tox|[from] psn\n|upkeep\n|turn|93\n|\n|t:|1699732577\n|move|p2a: Great Tusk|Glare|p1a: Should Be Banned\n|-status|p1a: Should Be Banned|par\n|move|p1a: Should Be Banned|Mortal Spin|p2a: Great Tusk\n|-resisted|p2a: Great Tusk\n|-damage|p2a: Great Tusk|93\/100 tox\n|\n|-heal|p2a: Great Tusk|99\/100 tox|[from] item: Leftovers\n|-damage|p2a: Great Tusk|86\/100 tox|[from] psn\n|upkeep\n|turn|94\n|\n|t:|1699732580\n|move|p2a: Great Tusk|Stealth Rock|p1a: Should Be Banned\n|-sidestart|p1: InkyDarkBird|move: Stealth Rock\n|move|p1a: Should Be Banned|Teleport|p1a: Should Be Banned\n|\n|t:|1699732589\n|switch|p1a: Skeledirge|Skeledirge, F|100\/100|[from] Teleport\n|\n|-heal|p2a: Great Tusk|93\/100 tox|[from] item: Leftovers\n|-damage|p2a: Great Tusk|74\/100 tox|[from] psn\n|upkeep\n|turn|95\n|\n|t:|1699732595\n|-end|p2a: Great Tusk|Protosynthesis|[silent]\n|switch|p2a: Annihilape|Annihilape, F|88\/100 brn\n|switch|p1a: Should Be Banned|Toxapex, F|100\/100 par\n|-damage|p1a: Should Be Banned|88\/100 par|[from] Stealth Rock\n|\n|-heal|p2a: Annihilape|95\/100 brn|[from] item: Leftovers\n|-damage|p2a: Annihilape|88\/100 brn|[from] brn\n|upkeep\n|turn|96\n|\n|t:|1699732602\n|switch|p2a: Kingambit|Kingambit, M|69\/100\n|cant|p1a: Should Be Banned|par\n|\n|upkeep\n|turn|97\n|\n|t:|1699732609\n|move|p2a: Kingambit|Bitter Blade|p1a: Should Be Banned\n|-resisted|p1a: Should Be Banned\n|-damage|p1a: Should Be Banned|77\/100 par\n|-heal|p2a: Kingambit|73\/100|[from] drain|[of] p1a: Should Be Banned\n|cant|p1a: Should Be Banned|par\n|\n|upkeep\n|turn|98\n|\n|t:|1699732629\n|switch|p1a: Skeledirge|Skeledirge, F|100\/100\n|move|p2a: Kingambit|Psychic Fangs|p1a: Skeledirge\n|-damage|p1a: Skeledirge|80\/100\n|\n|upkeep\n|turn|99\n|\n|t:|1699732641\n|-end|p2a: Kingambit|fallenundefined|[silent]\n|switch|p2a: Annihilape|Annihilape, F|88\/100 brn\n|move|p1a: Skeledirge|Will-O-Wisp|p2a: Annihilape\n|-fail|p2a: Annihilape|brn\n|\n|-heal|p2a: Annihilape|95\/100 brn|[from] item: Leftovers\n|-damage|p2a: Annihilape|88\/100 brn|[from] brn\n|upkeep\n|turn|100\n|\n|t:|1699732656\n|switch|p2a: Kingambit|Kingambit, M|73\/100\n|switch|p1a: Should Be Banned|Toxapex, F|100\/100 par\n|-damage|p1a: Should Be Banned|88\/100 par|[from] Stealth Rock\n|\n|upkeep\n|turn|101\n|\n|t:|1699732662\n|move|p2a: Kingambit|Knock Off|p1a: Should Be Banned\n|-damage|p1a: Should Be Banned|65\/100 par\n|move|p1a: Should Be Banned|Teleport|p1a: Should Be Banned\n|\n|t:|1699732665\n|switch|p1a: Skeledirge|Skeledirge, F|80\/100|[from] Teleport\n|\n|upkeep\n|turn|102\n|\n|t:|1699732676\n|move|p2a: Kingambit|Knock Off|p1a: Skeledirge\n|-supereffective|p1a: Skeledirge\n|-damage|p1a: Skeledirge|16\/100\n|-enditem|p1a: Skeledirge|Heavy-Duty Boots|[from] move: Knock Off|[of] p2a: Kingambit\n|move|p1a: Skeledirge|Will-O-Wisp|p2a: Kingambit\n|-status|p2a: Kingambit|brn\n|\n|-damage|p2a: Kingambit|67\/100 brn|[from] brn\n|upkeep\n|turn|103\n|\n|t:|1699732687\n|switch|p1a: Should Be Banned|Toxapex, F|99\/100 par\n|-damage|p1a: Should Be Banned|86\/100 par|[from] Stealth Rock\n|move|p2a: Kingambit|Knock Off|p1a: Should Be Banned\n|-damage|p1a: Should Be Banned|74\/100 par\n|\n|-damage|p2a: Kingambit|60\/100 brn|[from] brn\n|upkeep\n|turn|104\n|\n|t:|1699732692\n|move|p2a: Kingambit|Psychic Fangs|p1a: Should Be Banned\n|-supereffective|p1a: Should Be Banned\n|-damage|p1a: Should Be Banned|55\/100 par\n|move|p1a: Should Be Banned|Teleport|p1a: Should Be Banned\n|\n|t:|1699732698\n|switch|p1a: Setup Bad|Clodsire, M|100\/100|[from] Teleport\n|-damage|p1a: Setup Bad|94\/100|[from] Stealth Rock\n|\n|-heal|p1a: Setup Bad|100\/100|[from] item: Leftovers\n|-damage|p2a: Kingambit|54\/100 brn|[from] brn\n|upkeep\n|turn|105\n|\n|t:|1699732704\n|switch|p1a: Should Be Banned|Toxapex, F|89\/100 par\n|-damage|p1a: Should Be Banned|76\/100 par|[from] Stealth Rock\n|move|p2a: Kingambit|Knock Off|p1a: Should Be Banned\n|-damage|p1a: Should Be Banned|66\/100 par\n|\n|-damage|p2a: Kingambit|48\/100 brn|[from] brn\n|upkeep\n|turn|106\n|\n|t:|1699732714\n|move|p2a: Kingambit|Psychic Fangs|p1a: Should Be Banned\n|-supereffective|p1a: Should Be Banned\n|-damage|p1a: Should Be Banned|44\/100 par\n|move|p1a: Should Be Banned|Teleport|p1a: Should Be Banned\n|\n|t:|1699732718\n|switch|p1a: Setup Bad|Clodsire, M|100\/100|[from] Teleport\n|-damage|p1a: Setup Bad|94\/100|[from] Stealth Rock\n|\n|-heal|p1a: Setup Bad|100\/100|[from] item: Leftovers\n|-damage|p2a: Kingambit|42\/100 brn|[from] brn\n|upkeep\n|turn|107\n|\n|t:|1699732722\n|switch|p1a: Should Be Banned|Toxapex, F|78\/100 par\n|-damage|p1a: Should Be Banned|66\/100 par|[from] Stealth Rock\n|move|p2a: Kingambit|Knock Off|p1a: Should Be Banned\n|-damage|p1a: Should Be Banned|54\/100 par\n|\n|-damage|p2a: Kingambit|36\/100 brn|[from] brn\n|upkeep\n|turn|108\n|\n|t:|1699732724\n|move|p2a: Kingambit|Psychic Fangs|p1a: Should Be Banned\n|-supereffective|p1a: Should Be Banned\n|-damage|p1a: Should Be Banned|34\/100 par\n|move|p1a: Should Be Banned|Recover|p1a: Should Be Banned\n|-heal|p1a: Should Be Banned|84\/100 par\n|\n|-damage|p2a: Kingambit|29\/100 brn|[from] brn\n|upkeep\n|turn|109\n|\n|t:|1699732730\n|move|p2a: Kingambit|Psychic Fangs|p1a: Should Be Banned\n|-supereffective|p1a: Should Be Banned\n|-damage|p1a: Should Be Banned|63\/100 par\n|cant|p1a: Should Be Banned|par\n|\n|-damage|p2a: Kingambit|23\/100 brn|[from] brn\n|upkeep\n|turn|110\n|\n|t:|1699732739\n|move|p2a: Kingambit|Psychic Fangs|p1a: Should Be Banned\n|-supereffective|p1a: Should Be Banned\n|-damage|p1a: Should Be Banned|42\/100 par\n|move|p1a: Should Be Banned|Teleport|p1a: Should Be Banned\n|\n|t:|1699732758\n|switch|p1a: Setup Bad|Clodsire, M|100\/100|[from] Teleport\n|-damage|p1a: Setup Bad|94\/100|[from] Stealth Rock\n|\n|-heal|p1a: Setup Bad|100\/100|[from] item: Leftovers\n|-damage|p2a: Kingambit|17\/100 brn|[from] brn\n|upkeep\n|turn|111\n|\n|t:|1699732763\n|switch|p1a: Should Be Banned|Toxapex, F|75\/100 par\n|-damage|p1a: Should Be Banned|63\/100 par|[from] Stealth Rock\n|move|p2a: Kingambit|Knock Off|p1a: Should Be Banned\n|-damage|p1a: Should Be Banned|52\/100 par\n|\n|-damage|p2a: Kingambit|11\/100 brn|[from] brn\n|upkeep\n|turn|112\n|\n|t:|1699732768\n|move|p2a: Kingambit|Psychic Fangs|p1a: Should Be Banned\n|-supereffective|p1a: Should Be Banned\n|-damage|p1a: Should Be Banned|32\/100 par\n|move|p1a: Should Be Banned|Recover|p1a: Should Be Banned\n|-heal|p1a: Should Be Banned|82\/100 par\n|\n|-damage|p2a: Kingambit|5\/100 brn|[from] brn\n|upkeep\n|turn|113\n|\n|t:|1699732775\n|move|p2a: Kingambit|Knock Off|p1a: Should Be Banned\n|-damage|p1a: Should Be Banned|71\/100 par\n|cant|p1a: Should Be Banned|par\n|\n|-damage|p2a: Kingambit|0 fnt|[from] brn\n|faint|p2a: Kingambit\n|-end|p2a: Kingambit|fallenundefined|[silent]\n|upkeep\n|\n|t:|1699732780\n|switch|p2a: Pawmot|Pawmot, M, tera:Electric|100\/100\n|turn|114\n|\n|t:|1699732785\n|switch|p1a: Skeledirge|Skeledirge, F|16\/100\n|-damage|p1a: Skeledirge|0 fnt|[from] Stealth Rock\n|faint|p1a: Skeledirge\n|move|p2a: Pawmot|Revival Blessing|p2a: Pawmot\n|-enditem|p2a: Pawmot|Leppa Berry|[eat]\n|-activate|p2a: Pawmot|item: Leppa Berry|Revival Blessing|[consumed]\n|\n|t:|1699732792\n|-heal|p2: Kingambit|50\/100|[from] move: Revival Blessing\n|\n|upkeep\n|c|\u2606InkyDarkBird|well\n|-message|InkyDarkBird forfeited.\n|\n|win|The True Avian\n|l|\u2606InkyDarkBird\n|c|\u2606The True Avian|Lol\n|l|\u2606The True Avian\n|j|\u2606The True Avian\n|player|p2|The True Avian|170\n|c| Dogpraxis|Gg\n|l| Dogpraxis\n","uploadtime":1699732817,"views":5,"p1id":"inkydarkbird","p2id":"thetrueavian","formatid":"gen9anythinggoes","rating":0,"private":0,"password":""}