{"id":"gen9anythinggoes-1995145686","p1":"katanaking90210","p2":"A large cat dog","format":"[Gen 9] Anything Goes","log":"|j|\u2606katanaking90210\n|j|\u2606A large cat dog\n|t:|1700527670\n|gametype|singles\n|player|p1|katanaking90210|dancer|1040\n|player|p2|A large cat dog|1|1000\n|teamsize|p1|6\n|teamsize|p2|6\n|gen|9\n|tier|[Gen 9] Anything Goes\n|rated|\n|rule|HP Percentage Mod: HP is shown in percentages\n|rule|Endless Battle Clause: Forcing endless battles is banned\n|clearpoke\n|poke|p1|Ting-Lu|\n|poke|p1|Kingambit, M|\n|poke|p1|Dondozo, F|\n|poke|p1|Haxorus, F|\n|poke|p1|Dugtrio-Alola, F|\n|poke|p1|Chien-Pao|\n|poke|p2|Annihilape, M|\n|poke|p2|Volcarona, M|\n|poke|p2|Zacian-*|\n|poke|p2|Calyrex-Shadow|\n|poke|p2|Gliscor, M|\n|poke|p2|Scizor, M|\n|teampreview\n|\n|t:|1700527678\n|start\n|switch|p1a: Dugtrio|Dugtrio-Alola, F|100\/100\n|switch|p2a: Gliscor|Gliscor, M, shiny|100\/100\n|turn|1\n|inactive|Battle timer is ON: inactive players will automatically lose when time's up. (requested by A large cat dog)\n|\n|t:|1700527694\n|switch|p1a: Chien-Pao|Chien-Pao|100\/100\n|-ability|p1a: Chien-Pao|Sword of Ruin\n|move|p2a: Gliscor|Knock Off|p1a: Chien-Pao\n|-resisted|p1a: Chien-Pao\n|-damage|p1a: Chien-Pao|84\/100\n|-enditem|p1a: Chien-Pao|Choice Scarf|[from] move: Knock Off|[of] p2a: Gliscor\n|\n|-status|p2a: Gliscor|tox|[from] item: Toxic Orb\n|upkeep\n|turn|2\n|\n|t:|1700527705\n|move|p1a: Chien-Pao|Icicle Crash|p2a: Gliscor\n|-supereffective|p2a: Gliscor\n|-damage|p2a: Gliscor|0 fnt\n|faint|p2a: Gliscor\n|\n|upkeep\n|\n|t:|1700527714\n|switch|p2a: Volcarona|Volcarona, M, shiny|100\/100\n|turn|3\n|\n|t:|1700527718\n|switch|p1a: Dondozo|Dondozo, F|100\/100\n|move|p2a: Volcarona|Quiver Dance|p2a: Volcarona\n|-boost|p2a: Volcarona|spa|1\n|-boost|p2a: Volcarona|spd|1\n|-boost|p2a: Volcarona|spe|1\n|\n|upkeep\n|turn|4\n|\n|t:|1700527730\n|move|p2a: Volcarona|Psychic|p1a: Dondozo\n|-damage|p1a: Dondozo|70\/100\n|move|p1a: Dondozo|Liquidation|p2a: Volcarona\n|-supereffective|p2a: Volcarona\n|-damage|p2a: Volcarona|21\/100\n|-unboost|p2a: Volcarona|def|1\n|\n|-heal|p1a: Dondozo|76\/100|[from] item: Leftovers\n|upkeep\n|turn|5\n|\n|t:|1700527740\n|move|p2a: Volcarona|Fiery Dance|p1a: Dondozo\n|-resisted|p1a: Dondozo\n|-damage|p1a: Dondozo|52\/100\n|move|p1a: Dondozo|Liquidation|p2a: Volcarona\n|-supereffective|p2a: Volcarona\n|-damage|p2a: Volcarona|0 fnt\n|-status|p1a: Dondozo|brn|[from] ability: Flame Body|[of] p2a: Volcarona\n|faint|p2a: Volcarona\n|\n|-heal|p1a: Dondozo|58\/100 brn|[from] item: Leftovers\n|-damage|p1a: Dondozo|52\/100 brn|[from] brn\n|upkeep\n|\n|t:|1700527752\n|switch|p2a: Zacian|Zacian-Crowned|100\/100\n|-ability|p2a: Zacian|Intrepid Sword|boost\n|-boost|p2a: Zacian|atk|1\n|turn|6\n|\n|t:|1700527758\n|move|p2a: Zacian|Swords Dance|p2a: Zacian\n|-boost|p2a: Zacian|atk|2\n|move|p1a: Dondozo|Fissure|p2a: Zacian|[miss]\n|-miss|p1a: Dondozo|p2a: Zacian\n|\n|-heal|p1a: Dondozo|58\/100 brn|[from] item: Leftovers\n|-damage|p1a: Dondozo|52\/100 brn|[from] brn\n|upkeep\n|turn|7\n|\n|t:|1700527769\n|-terastallize|p2a: Zacian|Ground\n|move|p2a: Zacian|Behemoth Blade|p1a: Dondozo\n|-resisted|p1a: Dondozo\n|-damage|p1a: Dondozo|39\/100 brn\n|move|p1a: Dondozo|Fissure|p2a: Zacian\n|-damage|p2a: Zacian|0 fnt\n|faint|p2a: Zacian\n|-ohko\n|\n|-heal|p1a: Dondozo|45\/100 brn|[from] item: Leftovers\n|-damage|p1a: Dondozo|39\/100 brn|[from] brn\n|upkeep\n|\n|t:|1700527778\n|switch|p2a: Calyrex|Calyrex-Shadow|100\/100\n|-ability|p2a: Calyrex|As One\n|-ability|p2a: Calyrex|Unnerve\n|turn|8\n|\n|t:|1700527785\n|move|p2a: Calyrex|Nasty Plot|p2a: Calyrex\n|-boost|p2a: Calyrex|spa|2\n|move|p1a: Dondozo|Fissure|p2a: Calyrex|[miss]\n|-miss|p1a: Dondozo|p2a: Calyrex\n|\n|-heal|p1a: Dondozo|45\/100 brn|[from] item: Leftovers\n|-damage|p1a: Dondozo|39\/100 brn|[from] brn\n|upkeep\n|turn|9\n|\n|t:|1700527795\n|move|p2a: Calyrex|Astral Barrage|p1a: Dondozo\n|-damage|p1a: Dondozo|0 fnt\n|faint|p1a: Dondozo\n|-ability|p2a: Calyrex|Grim Neigh|boost\n|-boost|p2a: Calyrex|spa|1\n|\n|upkeep\n|\n|t:|1700527807\n|switch|p1a: Dugtrio|Dugtrio-Alola, F|100\/100\n|turn|10\n|\n|t:|1700527812\n|move|p1a: Dugtrio|Fissure|p2a: Calyrex|[miss]\n|-miss|p1a: Dugtrio|p2a: Calyrex\n|move|p2a: Calyrex|Astral Barrage|p1a: Dugtrio\n|-damage|p1a: Dugtrio|0 fnt\n|faint|p1a: Dugtrio\n|-ability|p2a: Calyrex|Grim Neigh|boost\n|-boost|p2a: Calyrex|spa|1\n|\n|upkeep\n|\n|t:|1700527828\n|switch|p1a: Ting-Lu|Ting-Lu|100\/100\n|-ability|p1a: Ting-Lu|Vessel of Ruin\n|turn|11\n|\n|t:|1700527834\n|move|p2a: Calyrex|Astral Barrage|p1a: Ting-Lu\n|-resisted|p1a: Ting-Lu\n|-damage|p1a: Ting-Lu|70\/100\n|move|p1a: Ting-Lu|Fissure|p2a: Calyrex|[miss]\n|-miss|p1a: Ting-Lu|p2a: Calyrex\n|\n|upkeep\n|turn|12\n|\n|t:|1700527844\n|move|p2a: Calyrex|Dark Pulse|p1a: Ting-Lu\n|-resisted|p1a: Ting-Lu\n|-damage|p1a: Ting-Lu|56\/100\n|move|p1a: Ting-Lu|Fissure|p2a: Calyrex|[miss]\n|-miss|p1a: Ting-Lu|p2a: Calyrex\n|\n|upkeep\n|turn|13\n|\n|t:|1700527849\n|move|p2a: Calyrex|Will-O-Wisp|p1a: Ting-Lu\n|-status|p1a: Ting-Lu|brn\n|move|p1a: Ting-Lu|Fissure|p2a: Calyrex\n|-damage|p2a: Calyrex|0 fnt\n|faint|p2a: Calyrex\n|-ohko\n|\n|-damage|p1a: Ting-Lu|50\/100 brn|[from] brn\n|upkeep\n|\n|t:|1700527860\n|switch|p2a: Annihilape|Annihilape, M|100\/100\n|turn|14\n|\n|t:|1700527864\n|move|p2a: Annihilape|Earthquake|p1a: Ting-Lu\n|-damage|p1a: Ting-Lu|31\/100 brn\n|move|p1a: Ting-Lu|Fissure|p2a: Annihilape|[miss]\n|-miss|p1a: Ting-Lu|p2a: Annihilape\n|\n|-damage|p1a: Ting-Lu|24\/100 brn|[from] brn\n|upkeep\n|turn|15\n|\n|t:|1700527876\n|move|p2a: Annihilape|Bulk Up|p2a: Annihilape\n|-boost|p2a: Annihilape|atk|1\n|-boost|p2a: Annihilape|def|1\n|move|p1a: Ting-Lu|Fissure|p2a: Annihilape\n|-damage|p2a: Annihilape|0 fnt\n|faint|p2a: Annihilape\n|-ohko\n|\n|-damage|p1a: Ting-Lu|18\/100 brn|[from] brn\n|upkeep\n|\n|t:|1700527879\n|switch|p2a: Scizor|Scizor, M, shiny|100\/100\n|turn|16\n|\n|t:|1700527888\n|switch|p1a: Kingambit|Kingambit, M|100\/100\n|-activate|p1a: Kingambit|ability: Supreme Overlord\n|-start|p1a: Kingambit|fallen2|[silent]\n|move|p2a: Scizor|Bullet Punch|p1a: Kingambit\n|-resisted|p1a: Kingambit\n|-damage|p1a: Kingambit|87\/100\n|\n|-heal|p1a: Kingambit|93\/100|[from] item: Leftovers\n|upkeep\n|turn|17\n|\n|t:|1700527899\n|move|p2a: Scizor|X-Scissor|p1a: Kingambit\n|-damage|p1a: Kingambit|64\/100\n|move|p1a: Kingambit|Guillotine|p2a: Scizor\n|-damage|p2a: Scizor|0 fnt\n|faint|p2a: Scizor\n|-ohko\n|\n|win|katanaking90210\n|raw|katanaking90210's rating: 1040 &rarr; <strong>1070<\/strong><br \/>(+30 for winning)\n|raw|A large cat dog's rating: 1000 &rarr; <strong>1000<\/strong><br \/>(+0 for losing)\n|l|\u2606A large cat dog\n","uploadtime":1700527951,"views":4,"p1id":"katanaking90210","p2id":"alargecatdog","formatid":"gen9anythinggoes","rating":1000,"private":0,"password":""}