{"id":"gen9anythinggoes-1984309056","p1":"Infinitepi","p2":"Penny4YourThoughts","format":"[Gen 9] Anything Goes","log":"|j|\u2606Infinitepi\n|j|\u2606Penny4YourThoughts\n|t:|1699241879\n|gametype|singles\n|player|p1|Infinitepi|265|\n|player|p2|Penny4YourThoughts|katy|\n|teamsize|p1|6\n|teamsize|p2|6\n|gen|9\n|tier|[Gen 9] Anything Goes\n|rule|HP Percentage Mod: HP is shown in percentages\n|rule|Endless Battle Clause: Forcing endless battles is banned\n|clearpoke\n|poke|p1|Braixen, M|\n|poke|p1|Dugtrio-Alola, F|\n|poke|p1|Hippowdon, F|\n|poke|p1|Weezing-Galar, F|\n|poke|p1|Oricorio-Sensu, F|\n|poke|p1|Palafin, F|\n|poke|p2|Zacian-*|\n|poke|p2|Flutter Mane|\n|poke|p2|Azumarill, M|\n|poke|p2|Ribombee, M|\n|poke|p2|Klefki, F|\n|poke|p2|Hatterene, F|\n|teampreview\n|\n|t:|1699241910\n|start\n|switch|p1a: Palafin|Palafin, F|100\/100\n|switch|p2a: Puck|Ribombee, M, shiny|100\/100\n|turn|1\n|\n|t:|1699241918\n|move|p2a: Puck|Sticky Web|p1a: Palafin\n|-sidestart|p1: Infinitepi|move: Sticky Web\n|move|p1a: Palafin|Flip Turn|p2a: Puck\n|-damage|p2a: Puck|39\/100\n|\n|t:|1699241937\n|detailschange|p1a: Palafin|Palafin-Hero, F\n|switch|p1a: Oricorio|Oricorio-Sensu, F|100\/100|[from] Flip Turn\n|\n|upkeep\n|turn|2\n|\n|t:|1699241941\n|move|p2a: Puck|Quiver Dance|p2a: Puck\n|-boost|p2a: Puck|spa|1\n|-boost|p2a: Puck|spd|1\n|-boost|p2a: Puck|spe|1\n|-activate|p1a: Oricorio|ability: Dancer\n|move|p1a: Oricorio|Quiver Dance|p1a: Oricorio|[from]ability: Dancer\n|-boost|p1a: Oricorio|spa|1\n|-boost|p1a: Oricorio|spd|1\n|-boost|p1a: Oricorio|spe|1\n|move|p1a: Oricorio|Quiver Dance|p1a: Oricorio\n|-boost|p1a: Oricorio|spa|1\n|-boost|p1a: Oricorio|spd|1\n|-boost|p1a: Oricorio|spe|1\n|\n|upkeep\n|turn|3\n|\n|t:|1699241954\n|move|p2a: Puck|Baton Pass|p2a: Puck\n|\n|t:|1699241962\n|switch|p2a: Percival|Zacian-Crowned|100\/100|[from] Baton Pass\n|-ability|p2a: Percival|Intrepid Sword|boost\n|-boost|p2a: Percival|atk|1\n|move|p1a: Oricorio|Revelation Dance|p2a: Percival\n|-damage|p2a: Percival|60\/100\n|\n|upkeep\n|turn|4\n|\n|t:|1699241976\n|move|p2a: Percival|Play Rough|p1a: Oricorio\n|-damage|p1a: Oricorio|23\/100\n|-unboost|p1a: Oricorio|atk|1\n|move|p1a: Oricorio|Revelation Dance|p2a: Percival\n|-damage|p2a: Percival|19\/100\n|\n|upkeep\n|turn|5\n|\n|t:|1699241992\n|move|p2a: Percival|Play Rough|p1a: Oricorio|[miss]\n|-miss|p2a: Percival|p1a: Oricorio\n|move|p1a: Oricorio|Revelation Dance|p2a: Percival\n|-crit|p2a: Percival\n|-damage|p2a: Percival|0 fnt\n|faint|p2a: Percival\n|\n|upkeep\n|\n|t:|1699242000\n|switch|p2a: Peppy|Azumarill, M|100\/100\n|turn|6\n|\n|t:|1699242010\n|move|p2a: Peppy|Aqua Jet|p1a: Oricorio\n|-damage|p1a: Oricorio|2\/100\n|move|p1a: Oricorio|Roost|p1a: Oricorio\n|-heal|p1a: Oricorio|52\/100\n|-singleturn|p1a: Oricorio|move: Roost\n|\n|upkeep\n|turn|7\n|\n|t:|1699242016\n|move|p1a: Oricorio|Roost|p1a: Oricorio\n|-heal|p1a: Oricorio|100\/100\n|-singleturn|p1a: Oricorio|move: Roost\n|move|p2a: Peppy|Liquidation|p1a: Oricorio\n|-damage|p1a: Oricorio|52\/100\n|\n|upkeep\n|turn|8\n|\n|t:|1699242023\n|move|p1a: Oricorio|Revelation Dance|p2a: Peppy\n|-damage|p2a: Peppy|39\/100\n|move|p2a: Peppy|Liquidation|p1a: Oricorio\n|-damage|p1a: Oricorio|8\/100\n|\n|upkeep\n|turn|9\n|\n|t:|1699242060\n|switch|p1a: Palafin|Palafin-Hero, F|100\/100\n|-activate|p1a: Palafin|move: Sticky Web\n|-unboost|p1a: Palafin|spe|1\n|-activate|p1a: Palafin|ability: Zero to Hero\n|move|p2a: Peppy|Aqua Jet|p1a: Palafin\n|-resisted|p1a: Palafin\n|-damage|p1a: Palafin|87\/100\n|\n|upkeep\n|turn|10\n|\n|t:|1699242076\n|move|p1a: Palafin|Wave Crash|p2a: Peppy\n|-resisted|p2a: Peppy\n|-crit|p2a: Peppy\n|-damage|p2a: Peppy|0 fnt\n|faint|p2a: Peppy\n|-damage|p1a: Palafin|72\/100|[from] Recoil\n|\n|upkeep\n|\n|t:|1699242082\n|switch|p2a: Psychopomp|Flutter Mane, shiny|100\/100\n|turn|11\n|\n|t:|1699242090\n|switch|p1a: Oricorio|Oricorio-Sensu, F|8\/100\n|move|p2a: Psychopomp|Shadow Ball|p1a: Oricorio\n|-supereffective|p1a: Oricorio\n|-damage|p1a: Oricorio|0 fnt\n|faint|p1a: Oricorio\n|\n|upkeep\n|\n|t:|1699242092\n|switch|p1a: Weezing|Weezing-Galar, F|100\/100\n|turn|12\n|\n|t:|1699242101\n|-terastallize|p2a: Psychopomp|Ghost\n|move|p2a: Psychopomp|Shadow Ball|p1a: Weezing\n|-damage|p1a: Weezing|0 fnt\n|faint|p1a: Weezing\n|\n|upkeep\n|\n|t:|1699242122\n|switch|p1a: Hippowdon|Hippowdon, F|100\/100\n|-activate|p1a: Hippowdon|move: Sticky Web\n|-unboost|p1a: Hippowdon|spe|1\n|-weather|Sandstorm|[from] ability: Sand Stream|[of] p1a: Hippowdon\n|turn|13\n|\n|t:|1699242127\n|move|p2a: Psychopomp|Shadow Ball|p1a: Hippowdon\n|-damage|p1a: Hippowdon|0 fnt\n|faint|p1a: Hippowdon\n|\n|-weather|Sandstorm|[upkeep]\n|-damage|p2a: Psychopomp|95\/100|[from] Sandstorm\n|upkeep\n|\n|t:|1699242130\n|switch|p1a: Dugtrio|Dugtrio-Alola, F|100\/100\n|-activate|p1a: Dugtrio|move: Sticky Web\n|-unboost|p1a: Dugtrio|spe|1\n|turn|14\n|\n|t:|1699242136\n|move|p2a: Psychopomp|Shadow Ball|p1a: Dugtrio\n|-damage|p1a: Dugtrio|0 fnt\n|faint|p1a: Dugtrio\n|\n|-weather|Sandstorm|[upkeep]\n|-damage|p2a: Psychopomp|89\/100|[from] Sandstorm\n|upkeep\n|\n|t:|1699242139\n|switch|p1a: Braixen|Braixen, M|100\/100\n|-activate|p1a: Braixen|move: Sticky Web\n|-unboost|p1a: Braixen|spe|1\n|turn|15\n|\n|t:|1699242144\n|move|p2a: Psychopomp|Shadow Ball|p1a: Braixen\n|-crit|p1a: Braixen\n|-damage|p1a: Braixen|0 fnt\n|faint|p1a: Braixen\n|\n|-weather|Sandstorm|[upkeep]\n|-damage|p2a: Psychopomp|83\/100|[from] Sandstorm\n|upkeep\n|\n|t:|1699242148\n|switch|p1a: Palafin|Palafin-Hero, F|72\/100\n|-activate|p1a: Palafin|move: Sticky Web\n|-unboost|p1a: Palafin|spe|1\n|turn|16\n|\n|t:|1699242154\n|move|p2a: Psychopomp|Shadow Ball|p1a: Palafin\n|-damage|p1a: Palafin|0 fnt\n|faint|p1a: Palafin\n|\n|win|Penny4YourThoughts\n","uploadtime":1699242167,"views":4,"p1id":"infinitepi","p2id":"penny4yourthoughts","formatid":"gen9anythinggoes","rating":0,"private":0,"password":""}