{"id":"gen9anythinggoes-1990891122","p1":"OhMyLaird","p2":"pat2bennett","format":"[Gen 9] Anything Goes","log":"|j|\u2606OhMyLaird\n|j|\u2606pat2bennett\n|t:|1700011973\n|gametype|singles\n|player|p1|OhMyLaird|102|\n|player|p2|pat2bennett|266|\n|teamsize|p1|6\n|teamsize|p2|6\n|gen|9\n|tier|[Gen 9] Anything Goes\n|rule|HP Percentage Mod: HP is shown in percentages\n|rule|Endless Battle Clause: Forcing endless battles is banned\n|clearpoke\n|poke|p1|Iron Bundle|\n|poke|p1|Munkidori, M|\n|poke|p1|Iron Hands|\n|poke|p1|Ursaluna, F|\n|poke|p1|Mismagius, M|\n|poke|p1|Tornadus-Therian, M|\n|poke|p2|Baxcalibur, M|\n|poke|p2|Corviknight, M|\n|poke|p2|Rillaboom, M|\n|poke|p2|Weezing, M|\n|poke|p2|Cloyster, F|\n|poke|p2|Hatterene, F|\n|teampreview\n|j| weechunk\n|j| Tpugs\n|j| DukeGoolies\n|j| Hurcule\n|\n|t:|1700011996\n|start\n|switch|p1a: Tornadus|Tornadus-Therian, M|100\/100\n|switch|p2a: Corviknight|Corviknight, M|100\/100\n|-ability|p2a: Corviknight|Pressure\n|turn|1\n|j| Superrug\n|\n|t:|1700012014\n|move|p1a: Tornadus|Heat Wave|p2a: Corviknight\n|-supereffective|p2a: Corviknight\n|-damage|p2a: Corviknight|38\/100\n|move|p2a: Corviknight|Body Press|p1a: Tornadus\n|-resisted|p1a: Tornadus\n|-damage|p1a: Tornadus|84\/100\n|\n|-heal|p2a: Corviknight|44\/100|[from] item: Leftovers\n|upkeep\n|turn|2\n|\n|t:|1700012025\n|switch|p2a: Baxcalibur|Baxcalibur, M|100\/100\n|move|p1a: Tornadus|Heat Wave|p2a: Baxcalibur\n|-damage|p2a: Baxcalibur|71\/100\n|-ability|p2a: Baxcalibur|Thermal Exchange|boost\n|-boost|p2a: Baxcalibur|atk|1\n|\n|upkeep\n|turn|3\n|\n|t:|1700012042\n|move|p1a: Tornadus|U-turn|p2a: Baxcalibur\n|-damage|p2a: Baxcalibur|56\/100\n|\n|t:|1700012046\n|switch|p1a: Iron Hands|Iron Hands|100\/100|[from] U-turn\n|-item|p1a: Iron Hands|Air Balloon\n|move|p2a: Baxcalibur|Icicle Spear|p1a: Iron Hands\n|-damage|p1a: Iron Hands|84\/100\n|-enditem|p1a: Iron Hands|Air Balloon\n|-damage|p1a: Iron Hands|68\/100\n|-damage|p1a: Iron Hands|51\/100\n|-crit|p1a: Iron Hands\n|-damage|p1a: Iron Hands|29\/100\n|-hitcount|p1a: Iron Hands|4\n|\n|upkeep\n|turn|4\n|\n|t:|1700012070\n|move|p2a: Baxcalibur|Earthquake|p1a: Iron Hands\n|-supereffective|p1a: Iron Hands\n|-damage|p1a: Iron Hands|0 fnt\n|faint|p1a: Iron Hands\n|-end|p1a: Iron Hands|Quark Drive|[silent]\n|\n|upkeep\n|\n|t:|1700012080\n|switch|p1a: Mismagius|Mismagius, M|100\/100\n|turn|5\n|\n|t:|1700012102\n|switch|p2a: Rillaboom|Rillaboom, M|100\/100\n|-fieldstart|move: Grassy Terrain|[from] ability: Grassy Surge|[of] p2a: Rillaboom\n|move|p1a: Mismagius|Mystical Fire|p2a: Rillaboom\n|-supereffective|p2a: Rillaboom\n|-damage|p2a: Rillaboom|46\/100\n|-unboost|p2a: Rillaboom|spa|1\n|\n|-damage|p1a: Mismagius|88\/100|[from] item: Black Sludge\n|-heal|p2a: Rillaboom|53\/100|[from] Grassy Terrain\n|upkeep\n|turn|6\n|\n|t:|1700012120\n|-terastallize|p1a: Mismagius|Electric\n|move|p1a: Mismagius|Mystical Fire|p2a: Rillaboom\n|-supereffective|p2a: Rillaboom\n|-damage|p2a: Rillaboom|1\/100\n|-unboost|p2a: Rillaboom|spa|1\n|move|p2a: Rillaboom|U-turn|p1a: Mismagius\n|-damage|p1a: Mismagius|39\/100\n|\n|t:|1700012141\n|switch|p2a: Hatterene|Hatterene, F|100\/100|[from] U-turn\n|\n|-damage|p1a: Mismagius|27\/100|[from] item: Black Sludge\n|upkeep\n|turn|7\n|\n|t:|1700012157\n|move|p1a: Mismagius|Destiny Bond|p1a: Mismagius\n|-singlemove|p1a: Mismagius|Destiny Bond\n|move|p2a: Hatterene|Psyshock|p1a: Mismagius\n|-damage|p1a: Mismagius|0 fnt\n|faint|p1a: Mismagius\n|-activate|p1a: Mismagius|move: Destiny Bond\n|faint|p2a: Hatterene\n|\n|upkeep\n|\n|t:|1700012174\n|switch|p1a: Munkidori|Munkidori, M|100\/100\n|switch|p2a: Cloyster|Cloyster, F|100\/100\n|turn|8\n|\n|t:|1700012190\n|move|p1a: Munkidori|Fake Out|p2a: Cloyster\n|-damage|p2a: Cloyster|94\/100\n|cant|p2a: Cloyster|flinch\n|\n|-heal|p2a: Cloyster|99\/100|[from] Grassy Terrain\n|upkeep\n|turn|9\n|\n|t:|1700012200\n|move|p1a: Munkidori|Focus Blast|p2a: Cloyster\n|-supereffective|p2a: Cloyster\n|-damage|p2a: Cloyster|0 fnt\n|faint|p2a: Cloyster\n|\n|upkeep\n|\n|t:|1700012213\n|switch|p2a: Rillaboom|Rillaboom, M|1\/100\n|turn|10\n|j| Portiscunningham\n|\n|t:|1700012222\n|move|p1a: Munkidori|U-turn|p2a: Rillaboom\n|-supereffective|p2a: Rillaboom\n|-damage|p2a: Rillaboom|0 fnt\n|faint|p2a: Rillaboom\n|\n|t:|1700012226\n|switch|p1a: Tornadus|Tornadus-Therian, M|100\/100|[from] U-turn\n|\n|upkeep\n|\n|t:|1700012238\n|switch|p2a: Baxcalibur|Baxcalibur, M|56\/100\n|turn|11\n|\n|t:|1700012248\n|move|p1a: Tornadus|Heat Wave|p2a: Baxcalibur\n|-damage|p2a: Baxcalibur|28\/100\n|-ability|p2a: Baxcalibur|Thermal Exchange|boost\n|-boost|p2a: Baxcalibur|atk|1\n|move|p2a: Baxcalibur|Glaive Rush|p1a: Tornadus\n|-damage|p1a: Tornadus|0 fnt\n|-singlemove|p2a: Baxcalibur|Glaive Rush|[silent]\n|faint|p1a: Tornadus\n|\n|-heal|p2a: Baxcalibur|34\/100|[from] Grassy Terrain\n|upkeep\n|\n|t:|1700012258\n|switch|p1a: Munkidori|Munkidori, M|100\/100\n|turn|12\n|\n|t:|1700012267\n|move|p1a: Munkidori|Fake Out|p2a: Baxcalibur\n|-damage|p2a: Baxcalibur|21\/100\n|cant|p2a: Baxcalibur|flinch\n|\n|-heal|p2a: Baxcalibur|27\/100|[from] Grassy Terrain\n|-fieldend|move: Grassy Terrain\n|upkeep\n|turn|13\n|\n|t:|1700012276\n|move|p1a: Munkidori|Sludge Bomb|p2a: Baxcalibur\n|-damage|p2a: Baxcalibur|0 fnt\n|faint|p2a: Baxcalibur\n|\n|upkeep\n|\n|t:|1700012283\n|switch|p2a: Corviknight|Corviknight, M|44\/100\n|-ability|p2a: Corviknight|Pressure\n|turn|14\n|\n|t:|1700012317\n|move|p1a: Munkidori|U-turn|p2a: Corviknight\n|-resisted|p2a: Corviknight\n|-damage|p2a: Corviknight|43\/100\n|\n|t:|1700012320\n|switch|p1a: Ursaluna|Ursaluna, F|100\/100|[from] U-turn\n|move|p2a: Corviknight|Brave Bird|p1a: Ursaluna\n|-damage|p1a: Ursaluna|72\/100\n|-damage|p2a: Corviknight|32\/100|[from] Recoil\n|\n|-heal|p2a: Corviknight|38\/100|[from] item: Leftovers\n|-status|p1a: Ursaluna|brn|[from] item: Flame Orb\n|upkeep\n|turn|15\n|c| Portiscunningham|damn whole squad in here\n|\n|t:|1700012339\n|move|p2a: Corviknight|Body Press|p1a: Ursaluna\n|-supereffective|p1a: Ursaluna\n|-damage|p1a: Ursaluna|38\/100 brn\n|move|p1a: Ursaluna|Facade|p2a: Corviknight\n|-resisted|p2a: Corviknight\n|-damage|p2a: Corviknight|5\/100\n|\n|-heal|p2a: Corviknight|11\/100|[from] item: Leftovers\n|-damage|p1a: Ursaluna|31\/100 brn|[from] brn\n|upkeep\n|turn|16\n|\n|t:|1700012349\n|move|p2a: Corviknight|Body Press|p1a: Ursaluna\n|-supereffective|p1a: Ursaluna\n|-damage|p1a: Ursaluna|0 fnt\n|faint|p1a: Ursaluna\n|\n|-heal|p2a: Corviknight|17\/100|[from] item: Leftovers\n|upkeep\n|\n|t:|1700012361\n|switch|p1a: Iron Bundle|Iron Bundle|100\/100\n|-enditem|p1a: Iron Bundle|Booster Energy\n|-activate|p1a: Iron Bundle|ability: Quark Drive|[fromitem]\n|-start|p1a: Iron Bundle|quarkdrivespe\n|turn|17\n|\n|t:|1700012380\n|move|p1a: Iron Bundle|Freeze-Dry|p2a: Corviknight\n|-damage|p2a: Corviknight|0 fnt\n|faint|p2a: Corviknight\n|\n|upkeep\n|\n|t:|1700012384\n|switch|p2a: Weezing|Weezing, M|100\/100\n|turn|18\n|\n|t:|1700012408\n|move|p1a: Iron Bundle|Flip Turn|p2a: Weezing\n|-damage|p2a: Weezing|89\/100\n|\n|t:|1700012411\n|-end|p1a: Iron Bundle|Quark Drive|[silent]\n|switch|p1a: Munkidori|Munkidori, M|100\/100|[from] Flip Turn\n|move|p2a: Weezing|Toxic|p1a: Munkidori\n|-immune|p1a: Munkidori\n|\n|-heal|p2a: Weezing|95\/100|[from] item: Black Sludge\n|upkeep\n|turn|19\n|\n|t:|1700012426\n|move|p1a: Munkidori|Focus Blast|p2a: Weezing\n|-resisted|p2a: Weezing\n|-damage|p2a: Weezing|67\/100\n|move|p2a: Weezing|Flamethrower|p1a: Munkidori\n|-damage|p1a: Munkidori|78\/100\n|-status|p1a: Munkidori|brn\n|\n|-heal|p2a: Weezing|73\/100|[from] item: Black Sludge\n|-damage|p1a: Munkidori|72\/100 brn|[from] brn\n|upkeep\n|turn|20\n|\n|t:|1700012461\n|move|p1a: Munkidori|Sludge Bomb|p2a: Weezing\n|-resisted|p2a: Weezing\n|-damage|p2a: Weezing|37\/100\n|move|p2a: Weezing|Sludge Bomb|p1a: Munkidori\n|-resisted|p1a: Munkidori\n|-damage|p1a: Munkidori|58\/100 brn\n|\n|-heal|p2a: Weezing|43\/100|[from] item: Black Sludge\n|-damage|p1a: Munkidori|52\/100 brn|[from] brn\n|upkeep\n|turn|21\n|\n|t:|1700012474\n|move|p1a: Munkidori|Sludge Bomb|p2a: Weezing\n|-resisted|p2a: Weezing\n|-damage|p2a: Weezing|2\/100\n|move|p2a: Weezing|Pain Split|p1a: Munkidori\n|-sethp|p1a: Munkidori|27\/100 brn|[from] move: Pain Split|[silent]\n|-sethp|p2a: Weezing|26\/100|[from] move: Pain Split\n|\n|-heal|p2a: Weezing|32\/100|[from] item: Black Sludge\n|-damage|p1a: Munkidori|21\/100 brn|[from] brn\n|upkeep\n|turn|22\n|\n|t:|1700012484\n|move|p1a: Munkidori|Sludge Bomb|p2a: Weezing\n|-resisted|p2a: Weezing\n|-damage|p2a: Weezing|0 fnt\n|faint|p2a: Weezing\n|\n|win|OhMyLaird\n|c| weechunk|good game\n|c| Portiscunningham|gg\n|c| Superrug|GG\n|n| Tpugs|tpugs\n|c| Portiscunningham|someone upload or want me to?\n|c| Tpugs|G's\n|l| Tpugs\n|l|\u2606OhMyLaird\n","uploadtime":1700012553,"views":19,"p1id":"ohmylaird","p2id":"pat2bennett","formatid":"gen9anythinggoes","rating":0,"private":0,"password":""}