{"id":"gen9anythinggoes-1994533832","p1":"Bakitaladelbarrio","p2":"Beyoncejimin","format":"[Gen 9] Anything Goes","log":"|j|\u2606Bakitaladelbarrio\n|j|\u2606Beyoncejimin\n|t:|1700455773\n|gametype|singles\n|player|p1|Bakitaladelbarrio|colress|1619\n|player|p2|Beyoncejimin|101|1524\n|teamsize|p1|6\n|teamsize|p2|6\n|gen|9\n|tier|[Gen 9] Anything Goes\n|rated|\n|rule|HP Percentage Mod: HP is shown in percentages\n|rule|Endless Battle Clause: Forcing endless battles is banned\n|clearpoke\n|poke|p1|Calyrex-Shadow|\n|poke|p1|Darkrai|\n|poke|p1|Ditto|\n|poke|p1|Zacian-*|\n|poke|p1|Miraidon|\n|poke|p1|Glimmora, F|\n|poke|p2|Chansey, F|\n|poke|p2|Gothitelle, M|\n|poke|p2|Drifblim, M|\n|poke|p2|Chi-Yu|\n|poke|p2|Dudunsparce-*, M|\n|poke|p2|Glalie, F|\n|teampreview\n|inactive|Battle timer is ON: inactive players will automatically lose when time's up. (requested by Bakitaladelbarrio)\n|\n|t:|1700455779\n|start\n|switch|p1a: Darkrai|Darkrai|100\/100\n|switch|p2a: Gothitelle|Gothitelle, M|100\/100\n|turn|1\n|\n|t:|1700455785\n|move|p1a: Darkrai|Hypnosis|p2a: Gothitelle|[miss]\n|-miss|p1a: Darkrai|p2a: Gothitelle\n|move|p2a: Gothitelle|Trick|p1a: Darkrai\n|-activate|p2a: Gothitelle|move: Trick|[of] p1a: Darkrai\n|-item|p1a: Darkrai|Choice Scarf|[from] move: Trick\n|-item|p2a: Gothitelle|Wide Lens|[from] move: Trick\n|\n|upkeep\n|turn|2\n|\n|t:|1700455799\n|move|p1a: Darkrai|Hypnosis|p2a: Gothitelle\n|-status|p2a: Gothitelle|slp|[from] move: Hypnosis\n|cant|p2a: Gothitelle|slp\n|\n|-damage|p2a: Gothitelle|88\/100 slp|[from] ability: Bad Dreams|[of] p1a: Darkrai\n|upkeep\n|turn|3\n|c|\u2606Beyoncejimin|Miss with wide lens Omg. I feel bad for you!!\n|\n|t:|1700455808\n|move|p1a: Darkrai|Hypnosis|p2a: Gothitelle\n|-fail|p2a: Gothitelle|slp\n|cant|p2a: Gothitelle|slp\n|\n|-damage|p2a: Gothitelle|76\/100 slp|[from] ability: Bad Dreams|[of] p1a: Darkrai\n|upkeep\n|turn|4\n|\n|t:|1700455816\n|move|p1a: Darkrai|Hypnosis|p2a: Gothitelle|[miss]\n|-miss|p1a: Darkrai|p2a: Gothitelle\n|cant|p2a: Gothitelle|slp\n|\n|-damage|p2a: Gothitelle|63\/100 slp|[from] ability: Bad Dreams|[of] p1a: Darkrai\n|upkeep\n|turn|5\n|\n|t:|1700455823\n|move|p1a: Darkrai|Hypnosis|p2a: Gothitelle\n|-fail|p2a: Gothitelle|slp\n|-curestatus|p2a: Gothitelle|slp|[msg]\n|move|p2a: Gothitelle|Thunder Wave|p1a: Darkrai\n|-status|p1a: Darkrai|par\n|\n|upkeep\n|turn|6\n|\n|t:|1700455831\n|move|p1a: Darkrai|Hypnosis|p2a: Gothitelle\n|-status|p2a: Gothitelle|slp|[from] move: Hypnosis\n|cant|p2a: Gothitelle|slp\n|\n|-damage|p2a: Gothitelle|51\/100 slp|[from] ability: Bad Dreams|[of] p1a: Darkrai\n|upkeep\n|turn|7\n|\n|t:|1700455838\n|move|p1a: Darkrai|Hypnosis|p2a: Gothitelle|[miss]\n|-miss|p1a: Darkrai|p2a: Gothitelle\n|cant|p2a: Gothitelle|slp\n|\n|-damage|p2a: Gothitelle|38\/100 slp|[from] ability: Bad Dreams|[of] p1a: Darkrai\n|upkeep\n|turn|8\n|\n|t:|1700455846\n|cant|p1a: Darkrai|par\n|cant|p2a: Gothitelle|slp\n|\n|-damage|p2a: Gothitelle|26\/100 slp|[from] ability: Bad Dreams|[of] p1a: Darkrai\n|upkeep\n|turn|9\n|\n|t:|1700455853\n|cant|p1a: Darkrai|par\n|-curestatus|p2a: Gothitelle|slp|[msg]\n|move|p2a: Gothitelle|Taunt|p1a: Darkrai\n|-start|p1a: Darkrai|move: Taunt\n|\n|upkeep\n|turn|10\n|\n|t:|1700455862\n|switch|p2a: Drifblim|Drifblim, M|100\/100\n|-activate|p1a: Darkrai|move: Struggle\n|move|p1a: Darkrai|Struggle|p2a: Drifblim\n|-damage|p2a: Drifblim|95\/100\n|-damage|p1a: Darkrai|75\/100 par|[from] recoil\n|\n|-heal|p2a: Drifblim|100\/100|[from] item: Leftovers\n|upkeep\n|turn|11\n|\n|t:|1700455872\n|switch|p1a: Calyrex|Calyrex-Shadow|100\/100\n|-ability|p1a: Calyrex|As One\n|-ability|p1a: Calyrex|Unnerve\n|move|p2a: Drifblim|Substitute|p2a: Drifblim\n|-start|p2a: Drifblim|Substitute\n|-damage|p2a: Drifblim|75\/100\n|\n|-heal|p2a: Drifblim|82\/100|[from] item: Leftovers\n|upkeep\n|turn|12\n|\n|t:|1700455887\n|-terastallize|p1a: Calyrex|Grass\n|move|p1a: Calyrex|Astral Barrage|p2a: Drifblim\n|-supereffective|p2a: Drifblim\n|-end|p2a: Drifblim|Substitute\n|move|p2a: Drifblim|Minimize|p2a: Drifblim\n|-boost|p2a: Drifblim|evasion|2\n|\n|-heal|p2a: Drifblim|88\/100|[from] item: Leftovers\n|upkeep\n|turn|13\n|\n|t:|1700455900\n|-terastallize|p2a: Drifblim|Ground\n|move|p1a: Calyrex|Astral Barrage|p2a: Drifblim\n|-damage|p2a: Drifblim|0 fnt\n|faint|p2a: Drifblim\n|-ability|p1a: Calyrex|Grim Neigh|boost\n|-boost|p1a: Calyrex|spa|1\n|\n|upkeep\n|\n|t:|1700455906\n|switch|p2a: Chansey|Chansey, F|100\/100\n|turn|14\n|\n|t:|1700455911\n|move|p1a: Calyrex|Psyshock|p2a: Chansey\n|-damage|p2a: Chansey|0 fnt\n|faint|p2a: Chansey\n|-ability|p1a: Calyrex|Grim Neigh|boost\n|-boost|p1a: Calyrex|spa|1\n|\n|upkeep\n|-message|Beyoncejimin forfeited.\n|\n|win|Bakitaladelbarrio\n|raw|Bakitaladelbarrio's rating: 1619 &rarr; <strong>1634<\/strong><br \/>(+15 for winning)\n|raw|Beyoncejimin's rating: 1524 &rarr; <strong>1509<\/strong><br \/>(-15 for losing)\n|l|\u2606Beyoncejimin\n","uploadtime":1700455920,"views":1,"p1id":"bakitaladelbarrio","p2id":"beyoncejimin","formatid":"gen9anythinggoes","rating":1509,"private":0,"password":""}