{"id":"gen9anythinggoes-1998218855","p1":"2448a","p2":"Kanha Greninja","format":"[Gen 9] Anything Goes","log":"|j|\u26062448a\n|j|\u2606Kanha Greninja\n|t:|1700914747\n|gametype|singles\n|player|p1|2448a|erika-gen2|1694\n|player|p2|Kanha Greninja|blaine|1630\n|teamsize|p1|6\n|teamsize|p2|6\n|gen|9\n|tier|[Gen 9] Anything Goes\n|rated|\n|rule|HP Percentage Mod: HP is shown in percentages\n|rule|Endless Battle Clause: Forcing endless battles is banned\n|clearpoke\n|poke|p1|Jirachi|\n|poke|p1|Koraidon|\n|poke|p1|Arceus|\n|poke|p1|Arceus|\n|poke|p1|Arceus-Ground|\n|poke|p1|Kyogre|\n|poke|p2|Miraidon|\n|poke|p2|Grimmsnarl, M|\n|poke|p2|Arceus|\n|poke|p2|Koraidon|\n|poke|p2|Calyrex-Shadow|\n|poke|p2|Glimmora, M|\n|teampreview\n|inactive|Battle timer is ON: inactive players will automatically lose when time's up. (requested by 2448a)\n|c|\u2606Kanha Greninja|sniper\n|c|\u2606Kanha Greninja|jirachi\n|c|\u2606Kanha Greninja|why\n|c|\u26062448a|i got bored\n|\n|t:|1700914777\n|start\n|switch|p1a: Arceus|Arceus-Ground|100\/100\n|switch|p2a: Glimmora|Glimmora, M|100\/100\n|turn|1\n|\n|t:|1700914785\n|move|p1a: Arceus|Taunt|p2a: Glimmora\n|-start|p2a: Glimmora|move: Taunt\n|move|p2a: Glimmora|Mortal Spin|p1a: Arceus\n|-resisted|p1a: Arceus\n|-damage|p1a: Arceus|99\/100\n|-status|p1a: Arceus|psn\n|\n|-damage|p1a: Arceus|86\/100 psn|[from] psn\n|upkeep\n|turn|2\n|\n|t:|1700914798\n|switch|p2a: Arceus|Arceus|100\/100\n|move|p1a: Arceus|Judgment|p2a: Arceus\n|-damage|p2a: Arceus|66\/100\n|\n|-damage|p1a: Arceus|74\/100 psn|[from] psn\n|upkeep\n|turn|3\n|\n|t:|1700914805\n|move|p2a: Arceus|Extreme Speed|p1a: Arceus\n|-damage|p1a: Arceus|42\/100 psn\n|move|p1a: Arceus|Stealth Rock|p2a: Arceus\n|-sidestart|p2: Kanha Greninja|move: Stealth Rock\n|\n|-damage|p1a: Arceus|30\/100 psn|[from] psn\n|upkeep\n|turn|4\n|\n|t:|1700914811\n|move|p2a: Arceus|Extreme Speed|p1a: Arceus\n|-damage|p1a: Arceus|0 fnt\n|faint|p1a: Arceus\n|\n|upkeep\n|c|\u2606Kanha Greninja|jirachi cant win\n|\n|t:|1700914833\n|switch|p1a: Arceus|Arceus|100\/100\n|turn|5\n|c|\u26062448a|**HE WILL CARRY**\n|\n|t:|1700914849\n|move|p2a: Arceus|Swords Dance|p2a: Arceus\n|-boost|p2a: Arceus|atk|2\n|move|p1a: Arceus|Swords Dance|p1a: Arceus\n|-boost|p1a: Arceus|atk|2\n|\n|upkeep\n|turn|6\n|\n|t:|1700914856\n|-terastallize|p2a: Arceus|Ghost\n|-terastallize|p1a: Arceus|Ghost\n|move|p2a: Arceus|Extreme Speed|p1a: Arceus\n|-immune|p1a: Arceus\n|move|p1a: Arceus|Shadow Claw|p2a: Arceus\n|-supereffective|p2a: Arceus\n|-damage|p2a: Arceus|0 fnt\n|faint|p2a: Arceus\n|\n|upkeep\n|c|\u2606Kanha Greninja|nah\n|\n|t:|1700914865\n|switch|p2a: Calyrex|Calyrex-Shadow|100\/100\n|-ability|p2a: Calyrex|As One\n|-ability|p2a: Calyrex|Unnerve\n|-damage|p2a: Calyrex|88\/100|[from] Stealth Rock\n|turn|7\n|c|\u26062448a|;)\n|\n|t:|1700914881\n|move|p2a: Calyrex|Astral Barrage|p1a: Arceus\n|-supereffective|p1a: Arceus\n|-damage|p1a: Arceus|6\/100\n|move|p1a: Arceus|Shadow Claw|p2a: Calyrex\n|-supereffective|p2a: Calyrex\n|-crit|p2a: Calyrex\n|-damage|p2a: Calyrex|0 fnt\n|faint|p2a: Calyrex\n|\n|upkeep\n|c|\u2606Kanha Greninja|bro\n|inactive|Kanha Greninja has 120 seconds left.\n|\n|t:|1700914909\n|switch|p2a: Grimmsnarl|Grimmsnarl, M|100\/100\n|-damage|p2a: Grimmsnarl|88\/100|[from] Stealth Rock\n|turn|8\n|\n|t:|1700914913\n|move|p1a: Arceus|Extreme Speed|p2a: Grimmsnarl\n|-damage|p2a: Grimmsnarl|0 fnt\n|faint|p2a: Grimmsnarl\n|\n|upkeep\n|\n|t:|1700914923\n|switch|p2a: Miraidon|Miraidon|100\/100\n|-damage|p2a: Miraidon|88\/100|[from] Stealth Rock\n|-fieldstart|move: Electric Terrain|[from] ability: Hadron Engine|[of] p2a: Miraidon\n|turn|9\n|\n|t:|1700914928\n|move|p1a: Arceus|Extreme Speed|p2a: Miraidon\n|-damage|p2a: Miraidon|19\/100\n|move|p2a: Miraidon|Parabolic Charge|p1a: Arceus\n|-damage|p1a: Arceus|0 fnt\n|-heal|p2a: Miraidon|22\/100|[from] drain|[of] p1a: Arceus\n|faint|p1a: Arceus\n|\n|upkeep\n|j| laprasplayer\n|\n|t:|1700914931\n|switch|p1a: Arceus|Arceus|100\/100\n|turn|10\n|\n|t:|1700914934\n|switch|p2a: Glimmora|Glimmora, M|100\/100\n|-damage|p2a: Glimmora|88\/100|[from] Stealth Rock\n|move|p1a: Arceus|Extreme Speed|p2a: Glimmora\n|-resisted|p2a: Glimmora\n|-damage|p2a: Glimmora|61\/100\n|-activate|p2a: Glimmora|ability: Toxic Debris\n|-sidestart|p1: 2448a|move: Toxic Spikes\n|\n|upkeep\n|turn|11\n|\n|t:|1700914942\n|switch|p1a: jiracheeser|Jirachi|100\/100\n|move|p2a: Glimmora|Mortal Spin|p1a: jiracheeser\n|-immune|p1a: jiracheeser\n|\n|upkeep\n|turn|12\n|\n|t:|1700914946\n|move|p1a: jiracheeser|Iron Head|p2a: Glimmora\n|-supereffective|p2a: Glimmora\n|-damage|p2a: Glimmora|0 fnt\n|-activate|p2a: Glimmora|ability: Toxic Debris\n|-sidestart|p1: 2448a|move: Toxic Spikes\n|faint|p2a: Glimmora\n|\n|upkeep\n|\n|t:|1700914950\n|switch|p2a: Koraidon|Koraidon|100\/100\n|-damage|p2a: Koraidon|94\/100|[from] Stealth Rock\n|-weather|SunnyDay|[from] ability: Orichalcum Pulse|[of] p2a: Koraidon\n|-activate|p2a: Koraidon|Orichalcum Pulse|[source]\n|turn|13\n|c|\u26062448a|work.\n|\n|t:|1700914955\n|move|p1a: jiracheeser|Iron Head|p2a: Koraidon\n|-damage|p2a: Koraidon|64\/100\n|cant|p2a: Koraidon|flinch\n|\n|-weather|SunnyDay|[upkeep]\n|-fieldend|move: Electric Terrain\n|upkeep\n|turn|14\n|\n|t:|1700914960\n|move|p1a: jiracheeser|Iron Head|p2a: Koraidon\n|-damage|p2a: Koraidon|34\/100\n|cant|p2a: Koraidon|flinch\n|\n|-weather|SunnyDay|[upkeep]\n|upkeep\n|turn|15\n|c|\u26062448a|u can do it\n|c|\u26062448a|COME ON\n|c|\u2606Kanha Greninja|no\n|\n|t:|1700914979\n|move|p1a: jiracheeser|Iron Head|p2a: Koraidon\n|-damage|p2a: Koraidon|4\/100\n|cant|p2a: Koraidon|flinch\n|\n|-weather|SunnyDay|[upkeep]\n|upkeep\n|turn|16\n|c|\u26062448a|JUST ONE MORE\n|\n|t:|1700914986\n|move|p1a: jiracheeser|Iron Head|p2a: Koraidon\n|-damage|p2a: Koraidon|0 fnt\n|faint|p2a: Koraidon\n|\n|-weather|SunnyDay|[upkeep]\n|upkeep\n|\n|t:|1700914990\n|switch|p2a: Miraidon|Miraidon|22\/100\n|-damage|p2a: Miraidon|9\/100|[from] Stealth Rock\n|-fieldstart|move: Electric Terrain|[from] ability: Hadron Engine|[of] p2a: Miraidon\n|turn|17\n|\n|t:|1700914993\n|move|p1a: jiracheeser|Iron Head|p2a: Miraidon\n|-resisted|p2a: Miraidon\n|-damage|p2a: Miraidon|0 fnt\n|faint|p2a: Miraidon\n|\n|win|2448a\n|raw|2448a's rating: 1694 &rarr; <strong>1710<\/strong><br \/>(+16 for winning)\n|raw|Kanha Greninja's rating: 1630 &rarr; <strong>1614<\/strong><br \/>(-16 for losing)\n|c|\u26062448a|gg\n|l|\u2606Kanha Greninja\n|c| laprasplayer|send a screenshot of the last turn\n|c|\u26062448a|lol\n|c| laprasplayer|to pogre or prim\n|c|\u26062448a|true\n|c|\u26062448a|i sent it in the umpl cord lol\n|c|\u26062448a|the jirachi umpl cord i mewn\n|c|\u26062448a|mean\n|c| laprasplayer|sussy\n|l|\u26062448a\n|j|\u26062448a\n|player|p1|2448a|erika-gen2\n","uploadtime":1700915695,"views":17,"p1id":"2448a","p2id":"kanhagreninja","formatid":"gen9anythinggoes","rating":1614,"private":0,"password":""}