{"id":"gen9anythinggoes-1996733691","p1":"APOLO007","p2":"Tysnap05","format":"[Gen 9] Anything Goes","log":"|j|\u2606APOLO007\n|j|\u2606Tysnap05\n|t:|1700716248\n|gametype|singles\n|player|p1|APOLO007|red|1379\n|player|p2|Tysnap05|169|1275\n|teamsize|p1|6\n|teamsize|p2|6\n|gen|9\n|tier|[Gen 9] Anything Goes\n|rated|\n|rule|HP Percentage Mod: HP is shown in percentages\n|rule|Endless Battle Clause: Forcing endless battles is banned\n|clearpoke\n|poke|p1|Chi-Yu|\n|poke|p1|Sneasler, M|\n|poke|p1|Great Tusk|\n|poke|p1|Kingambit, F|\n|poke|p1|Ceruledge, F|\n|poke|p1|Flutter Mane|\n|poke|p2|Miraidon|\n|poke|p2|Mimikyu, M|\n|poke|p2|Orthworm, F|\n|poke|p2|Kyogre|\n|poke|p2|Glimmora, F|\n|poke|p2|Pawmot, M|\n|teampreview\n|inactive|Battle timer is ON: inactive players will automatically lose when time's up. (requested by Tysnap05)\n|\n|t:|1700716254\n|start\n|switch|p1a: Great Tusk|Great Tusk|100\/100\n|switch|p2a: Glimmora|Glimmora, F|100\/100\n|-enditem|p1a: Great Tusk|Booster Energy\n|-activate|p1a: Great Tusk|ability: Protosynthesis|[fromitem]\n|-start|p1a: Great Tusk|protosynthesisatk\n|turn|1\n|\n|t:|1700716271\n|move|p2a: Glimmora|Mortal Spin|p1a: Great Tusk\n|-resisted|p1a: Great Tusk\n|-damage|p1a: Great Tusk|97\/100\n|-status|p1a: Great Tusk|psn\n|move|p1a: Great Tusk|Rapid Spin|p2a: Glimmora\n|-resisted|p2a: Glimmora\n|-damage|p2a: Glimmora|87\/100\n|-boost|p1a: Great Tusk|spe|1\n|-activate|p2a: Glimmora|ability: Toxic Debris\n|-sidestart|p1: APOLO007|move: Toxic Spikes\n|-sideend|p1: APOLO007|Toxic Spikes|[from] move: Rapid Spin|[of] p1a: Great Tusk\n|\n|-heal|p2a: Glimmora|93\/100|[from] item: Black Sludge\n|-damage|p1a: Great Tusk|85\/100 psn|[from] psn\n|upkeep\n|turn|2\n|\n|t:|1700716285\n|move|p1a: Great Tusk|Headlong Rush|p2a: Glimmora\n|-supereffective|p2a: Glimmora\n|-damage|p2a: Glimmora|0 fnt\n|-unboost|p1a: Great Tusk|def|1\n|-unboost|p1a: Great Tusk|spd|1\n|-activate|p2a: Glimmora|ability: Toxic Debris\n|-sidestart|p1: APOLO007|move: Toxic Spikes\n|faint|p2a: Glimmora\n|\n|-damage|p1a: Great Tusk|73\/100 psn|[from] psn\n|upkeep\n|\n|t:|1700716292\n|switch|p2a: Pawmot|Pawmot, M|100\/100\n|turn|3\n|\n|t:|1700716299\n|move|p2a: Pawmot|Fake Out|p1a: Great Tusk\n|-damage|p1a: Great Tusk|59\/100 psn\n|cant|p1a: Great Tusk|flinch\n|\n|-damage|p1a: Great Tusk|46\/100 psn|[from] psn\n|upkeep\n|turn|4\n|\n|t:|1700716312\n|move|p1a: Great Tusk|Headlong Rush|p2a: Pawmot\n|-supereffective|p2a: Pawmot\n|-enditem|p2a: Pawmot|Focus Sash\n|-damage|p2a: Pawmot|1\/100\n|-unboost|p1a: Great Tusk|def|1\n|-unboost|p1a: Great Tusk|spd|1\n|move|p2a: Pawmot|Revival Blessing|p2a: Pawmot\n|\n|t:|1700716316\n|-heal|p2: Glimmora|50\/100|[from] move: Revival Blessing\n|\n|-damage|p1a: Great Tusk|34\/100 psn|[from] psn\n|upkeep\n|turn|5\n|\n|t:|1700716325\n|switch|p2a: Orthworm|Orthworm, F|100\/100\n|move|p1a: Great Tusk|Rapid Spin|p2a: Orthworm\n|-resisted|p2a: Orthworm\n|-damage|p2a: Orthworm|95\/100\n|-boost|p1a: Great Tusk|spe|1\n|-damage|p1a: Great Tusk|17\/100 psn|[from] item: Rocky Helmet|[of] p2a: Orthworm\n|-sideend|p1: APOLO007|Toxic Spikes|[from] move: Rapid Spin|[of] p1a: Great Tusk\n|\n|-damage|p1a: Great Tusk|5\/100 psn|[from] psn\n|upkeep\n|turn|6\n|\n|t:|1700716337\n|move|p1a: Great Tusk|Headlong Rush|p2a: Orthworm\n|-heal|p2a: Orthworm|100\/100|[from] ability: Earth Eater|[of] p1a: Great Tusk\n|move|p2a: Orthworm|Stealth Rock|p1a: Great Tusk\n|-sidestart|p1: APOLO007|move: Stealth Rock\n|\n|-damage|p1a: Great Tusk|0 fnt|[from] psn\n|faint|p1a: Great Tusk\n|-end|p1a: Great Tusk|Protosynthesis|[silent]\n|upkeep\n|\n|t:|1700716357\n|switch|p1a: Chi-Yu|Chi-Yu|100\/100\n|-damage|p1a: Chi-Yu|76\/100|[from] Stealth Rock\n|-ability|p1a: Chi-Yu|Beads of Ruin\n|turn|7\n|\n|t:|1700716370\n|move|p1a: Chi-Yu|Nasty Plot|p1a: Chi-Yu\n|-boost|p1a: Chi-Yu|spa|2\n|move|p2a: Orthworm|Body Press|p1a: Chi-Yu\n|-supereffective|p1a: Chi-Yu\n|-damage|p1a: Chi-Yu|0 fnt\n|faint|p1a: Chi-Yu\n|\n|upkeep\n|\n|t:|1700716379\n|switch|p1a: Ceruledge|Ceruledge, F|100\/100\n|-damage|p1a: Ceruledge|76\/100|[from] Stealth Rock\n|turn|8\n|\n|t:|1700716393\n|move|p1a: Ceruledge|Swords Dance|p1a: Ceruledge\n|-boost|p1a: Ceruledge|atk|2\n|move|p2a: Orthworm|Body Press|p1a: Ceruledge\n|-immune|p1a: Ceruledge\n|\n|upkeep\n|turn|9\n|\n|t:|1700716403\n|move|p1a: Ceruledge|Swords Dance|p1a: Ceruledge\n|-boost|p1a: Ceruledge|atk|2\n|move|p2a: Orthworm|Spikes|p1a: Ceruledge\n|-sidestart|p1: APOLO007|Spikes\n|\n|upkeep\n|turn|10\n|\n|t:|1700716410\n|move|p1a: Ceruledge|Swords Dance|p1a: Ceruledge\n|-boost|p1a: Ceruledge|atk|2\n|move|p2a: Orthworm|Spikes|p1a: Ceruledge\n|-sidestart|p1: APOLO007|Spikes\n|\n|upkeep\n|turn|11\n|\n|t:|1700716419\n|switch|p2a: Glimmora|Glimmora, F|50\/100\n|move|p1a: Ceruledge|Bitter Blade|p2a: Glimmora\n|-resisted|p2a: Glimmora\n|-damage|p2a: Glimmora|0 fnt\n|-heal|p1a: Ceruledge|100\/100|[from] drain|[of] p2a: Glimmora\n|-activate|p2a: Glimmora|ability: Toxic Debris\n|-sidestart|p1: APOLO007|move: Toxic Spikes\n|faint|p2a: Glimmora\n|\n|upkeep\n|\n|t:|1700716427\n|switch|p2a: Pawmot|Pawmot, M|1\/100\n|turn|12\n|\n|t:|1700716438\n|move|p1a: Ceruledge|Shadow Sneak|p2a: Pawmot\n|-damage|p2a: Pawmot|0 fnt\n|faint|p2a: Pawmot\n|\n|upkeep\n|\n|t:|1700716442\n|switch|p2a: Mimikyu|Mimikyu, M|100\/100\n|turn|13\n|\n|t:|1700716454\n|move|p2a: Mimikyu|Shadow Sneak|p1a: Ceruledge\n|-supereffective|p1a: Ceruledge\n|-crit|p1a: Ceruledge\n|-damage|p1a: Ceruledge|37\/100\n|move|p1a: Ceruledge|Bitter Blade|p2a: Mimikyu\n|-activate|p2a: Mimikyu|ability: Disguise\n|-damage|p2a: Mimikyu|100\/100\n|detailschange|p2a: Mimikyu|Mimikyu-Busted, M\n|-damage|p2a: Mimikyu|88\/100|[from] pokemon: Mimikyu-Busted\n|-enditem|p2a: Mimikyu|Red Card|[of] p1a: Ceruledge\n|drag|p1a: Sneasler|Sneasler, M, shiny|100\/100\n|-damage|p1a: Sneasler|95\/100|[from] Stealth Rock\n|-damage|p1a: Sneasler|78\/100|[from] Spikes\n|-sideend|p1: APOLO007|move: Toxic Spikes|[of] p1a: Sneasler\n|\n|upkeep\n|turn|14\n|inactive|APOLO007 has 120 seconds left.\n|\n|t:|1700716488\n|move|p1a: Sneasler|Poison Jab|p2a: Mimikyu\n|-damage|p2a: Mimikyu|22\/100\n|-status|p2a: Mimikyu|psn\n|move|p2a: Mimikyu|Play Rough|p1a: Sneasler\n|-damage|p1a: Sneasler|13\/100\n|-unboost|p1a: Sneasler|atk|1\n|-enditem|p1a: Sneasler|White Herb\n|-clearnegativeboost|p1a: Sneasler|[silent]\n|\n|-damage|p2a: Mimikyu|10\/100 psn|[from] psn\n|upkeep\n|turn|15\n|inactive|APOLO007 has 120 seconds left.\n|\n|t:|1700716501\n|move|p2a: Mimikyu|Shadow Sneak|p1a: Sneasler\n|-damage|p1a: Sneasler|0 fnt\n|faint|p1a: Sneasler\n|\n|-damage|p2a: Mimikyu|0 fnt|[from] psn\n|faint|p2a: Mimikyu\n|upkeep\n|inactive|APOLO007 has 120 seconds left.\n|\n|t:|1700716517\n|switch|p1a: Ceruledge|Ceruledge, F|37\/100\n|switch|p2a: Orthworm|Orthworm, F|100\/100\n|-damage|p1a: Ceruledge|12\/100|[from] Stealth Rock\n|-damage|p1a: Ceruledge|0 fnt|[from] Spikes\n|faint|p1a: Ceruledge\n|\n|t:|1700716532\n|switch|p1a: Flutter Mane|Flutter Mane|100\/100\n|-damage|p1a: Flutter Mane|88\/100|[from] Stealth Rock\n|-damage|p1a: Flutter Mane|72\/100|[from] Spikes\n|turn|16\n|\n|t:|1700716552\n|-terastallize|p1a: Flutter Mane|Ghost\n|move|p1a: Flutter Mane|Shadow Ball|p2a: Orthworm\n|-damage|p2a: Orthworm|0 fnt\n|faint|p2a: Orthworm\n|\n|upkeep\n|\n|t:|1700716560\n|switch|p2a: Miraidon|Miraidon|100\/100\n|-fieldstart|move: Electric Terrain|[from] ability: Hadron Engine|[of] p2a: Miraidon\n|-item|p2a: Miraidon|Air Balloon\n|turn|17\n|\n|t:|1700716566\n|-terastallize|p2a: Miraidon|Normal\n|move|p1a: Flutter Mane|Shadow Ball|p2a: Miraidon\n|-immune|p2a: Miraidon\n|move|p2a: Miraidon|Electro Drift|p1a: Flutter Mane\n|-damage|p1a: Flutter Mane|0 fnt\n|faint|p1a: Flutter Mane\n|-end|p1a: Flutter Mane|Protosynthesis|[silent]\n|\n|upkeep\n|\n|t:|1700716577\n|switch|p1a: Kingambit|Kingambit, F, shiny|100\/100\n|-damage|p1a: Kingambit|94\/100|[from] Stealth Rock\n|-damage|p1a: Kingambit|78\/100|[from] Spikes\n|-activate|p1a: Kingambit|ability: Supreme Overlord\n|-start|p1a: Kingambit|fallen5|[silent]\n|turn|18\n|\n|t:|1700716588\n|move|p2a: Miraidon|Draco Meteor|p1a: Kingambit\n|-resisted|p1a: Kingambit\n|-damage|p1a: Kingambit|23\/100\n|-unboost|p2a: Miraidon|spa|2\n|move|p1a: Kingambit|Swords Dance|p1a: Kingambit\n|-boost|p1a: Kingambit|atk|2\n|\n|upkeep\n|turn|19\n|\n|t:|1700716599\n|move|p1a: Kingambit|Sucker Punch|p2a: Miraidon\n|-damage|p2a: Miraidon|0 fnt\n|-enditem|p2a: Miraidon|Air Balloon\n|faint|p2a: Miraidon\n|\n|upkeep\n|\n|t:|1700716602\n|switch|p2a: Kyogre|Kyogre|100\/100\n|-weather|RainDance|[from] ability: Drizzle|[of] p2a: Kyogre\n|turn|20\n|inactive|APOLO007 has 120 seconds left.\n|\n|t:|1700716609\n|move|p1a: Kingambit|Sucker Punch|p2a: Kyogre\n|-damage|p2a: Kyogre|0 fnt\n|faint|p2a: Kyogre\n|\n|win|APOLO007\n|raw|APOLO007's rating: 1379 &rarr; <strong>1393<\/strong><br \/>(+14 for winning)\n|raw|Tysnap05's rating: 1275 &rarr; <strong>1257<\/strong><br \/>(-18 for losing)\n|l|\u2606Tysnap05\n","uploadtime":1700716635,"views":1,"p1id":"apolo007","p2id":"tysnap05","formatid":"gen9anythinggoes","rating":1257,"private":0,"password":""}