{"id":"gen9anythinggoes-1992134609","p1":"zooki18","p2":"Azelfie14","format":"[Gen 9] Anything Goes","log":"|j|\u2606zooki18\n|j|\u2606Azelfie14\n|t:|1700157907\n|gametype|singles\n|player|p1|zooki18|lass-gen1rb|\n|player|p2|Azelfie14|proton|\n|teamsize|p1|3\n|teamsize|p2|3\n|gen|9\n|tier|[Gen 9] Anything Goes\n|rule|HP Percentage Mod: HP is shown in percentages\n|rule|Endless Battle Clause: Forcing endless battles is banned\n|clearpoke\n|poke|p1|Mew|\n|poke|p1|Mew|\n|poke|p1|Mew|\n|poke|p2|Mew|\n|poke|p2|Mew|\n|poke|p2|Mew|\n|teampreview\n|\n|t:|1700157913\n|start\n|switch|p1a: woah|Mew, shiny|100\/100\n|switch|p2a: sams|Mew, shiny|100\/100\n|turn|1\n|\n|t:|1700157920\n|move|p2a: sams|Metronome|p2a: sams\n|move|p2a: sams|Gigaton Hammer|p1a: woah|[from]move: Metronome\n|-damage|p1a: woah|61\/100\n|move|p1a: woah|Metronome|p1a: woah\n|move|p1a: woah|Trick Room|p1a: woah|[from]move: Metronome\n|-fieldstart|move: Trick Room|[of] p1a: woah\n|\n|upkeep\n|turn|2\n|\n|t:|1700157934\n|move|p1a: woah|Metronome|p1a: woah\n|move|p1a: woah|Poltergeist||[from]move: Metronome|[still]\n|-fail|p1a: woah\n|move|p2a: sams|Metronome|p2a: sams\n|move|p2a: sams|Growth|p2a: sams|[from]move: Metronome\n|-boost|p2a: sams|atk|1\n|-boost|p2a: sams|spa|1\n|\n|upkeep\n|turn|3\n|\n|t:|1700157941\n|move|p1a: woah|Metronome|p1a: woah\n|move|p1a: woah|Flatter|p2a: sams|[from]move: Metronome\n|-boost|p2a: sams|spa|1\n|-start|p2a: sams|confusion\n|-activate|p2a: sams|confusion\n|move|p2a: sams|Metronome|p2a: sams\n|move|p2a: sams|Teleport|p2a: sams|[from]move: Metronome\n|\n|t:|1700157951\n|switch|p2a: Scrink|Mew|100\/100|[from] Teleport\n|\n|upkeep\n|turn|4\n|\n|t:|1700157956\n|move|p1a: woah|Metronome|p1a: woah\n|move|p1a: woah|Bubble Beam|p2a: Scrink|[from]move: Metronome\n|-crit|p2a: Scrink\n|-damage|p2a: Scrink|77\/100\n|move|p2a: Scrink|Metronome|p2a: Scrink\n|move|p2a: Scrink|Crunch|p1a: woah|[from]move: Metronome\n|-supereffective|p1a: woah\n|-damage|p1a: woah|21\/100\n|\n|upkeep\n|turn|5\n|\n|t:|1700157964\n|move|p1a: woah|Metronome|p1a: woah\n|move|p1a: woah|Fire Fang|p2a: Scrink|[from]move: Metronome\n|-damage|p2a: Scrink|62\/100\n|move|p2a: Scrink|Metronome|p2a: Scrink\n|move|p2a: Scrink|Aqua Tail|p1a: woah|[from]move: Metronome|[miss]\n|-miss|p2a: Scrink|p1a: woah\n|\n|-fieldend|move: Trick Room\n|upkeep\n|turn|6\n|\n|t:|1700157972\n|move|p2a: Scrink|Metronome|p2a: Scrink\n|move|p2a: Scrink|Leech Life|p1a: woah|[from]move: Metronome\n|-supereffective|p1a: woah\n|-damage|p1a: woah|0 fnt\n|-heal|p2a: Scrink|72\/100|[from] drain|[of] p1a: woah\n|faint|p1a: woah\n|\n|upkeep\n|\n|t:|1700157978\n|switch|p1a: homo|Mew|100\/100\n|turn|7\n|\n|t:|1700157982\n|move|p2a: Scrink|Metronome|p2a: Scrink\n|move|p2a: Scrink|Mean Look|p1a: homo|[from]move: Metronome\n|-activate|p1a: homo|trapped\n|move|p1a: homo|Metronome|p1a: homo\n|move|p1a: homo|Vise Grip|p2a: Scrink|[from]move: Metronome\n|-damage|p2a: Scrink|61\/100\n|\n|upkeep\n|turn|8\n|\n|t:|1700157988\n|move|p2a: Scrink|Metronome|p2a: Scrink\n|move|p2a: Scrink|Iron Head|p1a: homo|[from]move: Metronome\n|-damage|p1a: homo|82\/100\n|move|p1a: homo|Metronome|p1a: homo\n|move|p1a: homo|Icy Wind|p2a: Scrink|[from]move: Metronome\n|-damage|p2a: Scrink|48\/100\n|-unboost|p2a: Scrink|spe|1\n|\n|upkeep\n|turn|9\n|c|\u2606zooki18|!dt Vise Grip\n|raw|<ul class=\"utilichart\"><li class=\"result\"><span class=\"col movenamecol\"><a href=\"https:\/\/dex.pokemonshowdown.com\/moves\/visegrip\">Vise Grip<\/a><\/span> <span class=\"col typecol\"><img src=\"\/\/play.pokemonshowdown.com\/sprites\/types\/Normal.png\" alt=\"Normal\" width=\"32\" height=\"14\"><img src=\"\/\/play.pokemonshowdown.com\/sprites\/categories\/Physical.png\" alt=\"Physical\" width=\"32\" height=\"14\"><\/span> <span class=\"col labelcol\"><em>Power<\/em><br>55<\/span> <span class=\"col widelabelcol\"><em>Accuracy<\/em><br>100%<\/span> <span class=\"col pplabelcol\"><em>PP<\/em><br>48<\/span> <span class=\"col movedesccol\">No additional effect.<\/span> <\/li><li style=\"clear:both\"><\/li><\/ul>\n|raw|<font size=\"1\"><font color=\"#686868\">Priority:<\/font> 0&nbsp;|&ThickSpace;<font color=\"#686868\">Gen:<\/font> 1&nbsp;|&ThickSpace;&#10003; Contact&nbsp;|&ThickSpace;<font color=\"#686868\">Z-Power:<\/font> 100&nbsp;|&ThickSpace;<font color=\"#686868\">Dynamax Power:<\/font> 110&nbsp;|&ThickSpace;<font color=\"#686868\">Target:<\/font> One Adjacent Pok\u00e9mon<\/font>\n\n|\n|t:|1700158002\n|move|p1a: homo|Metronome|p1a: homo\n|move|p1a: homo|Fire Punch|p2a: Scrink|[from]move: Metronome\n|-damage|p2a: Scrink|32\/100\n|move|p2a: Scrink|Metronome|p2a: Scrink\n|move|p2a: Scrink|Payback|p1a: homo|[from]move: Metronome\n|-supereffective|p1a: homo\n|-damage|p1a: homo|37\/100\n|\n|upkeep\n|turn|10\n|\n|t:|1700158010\n|move|p1a: homo|Metronome|p1a: homo\n|move|p1a: homo|Venoshock|p2a: Scrink|[from]move: Metronome\n|-damage|p2a: Scrink|17\/100\n|move|p2a: Scrink|Metronome|p2a: Scrink\n|move|p2a: Scrink|Hyper Beam|p1a: homo|[from]move: Metronome\n|-damage|p1a: homo|1\/100\n|-mustrecharge|p2a: Scrink\n|\n|upkeep\n|turn|11\n|\n|t:|1700158017\n|move|p1a: homo|Metronome|p1a: homo\n|move|p1a: homo|Simple Beam|p2a: Scrink|[from]move: Metronome\n|-endability|p2a: Scrink|Synchronize|[from] move: Simple Beam\n|-ability|p2a: Scrink|Simple|[from] move: Simple Beam\n|cant|p2a: Scrink|recharge\n|\n|upkeep\n|turn|12\n|\n|t:|1700158023\n|move|p1a: homo|Metronome|p1a: homo\n|move|p1a: homo|Water Gun|p2a: Scrink|[from]move: Metronome\n|-damage|p2a: Scrink|8\/100\n|move|p2a: Scrink|Metronome|p2a: Scrink\n|move|p2a: Scrink|Water Spout|p1a: homo|[from]move: Metronome\n|-damage|p1a: homo|0 fnt\n|faint|p1a: homo\n|\n|upkeep\n|\n|t:|1700158032\n|switch|p1a: dam|Mew|100\/100\n|turn|13\n|\n|t:|1700158035\n|move|p1a: dam|Metronome|p1a: dam\n|move|p1a: dam|Bitter Blade|p2a: Scrink|[from]move: Metronome\n|-damage|p2a: Scrink|0 fnt\n|faint|p2a: Scrink\n|\n|upkeep\n|\n|t:|1700158040\n|switch|p2a: sams|Mew, shiny|100\/100\n|turn|14\n|\n|t:|1700158043\n|move|p2a: sams|Metronome|p2a: sams\n|move|p2a: sams|Aura Sphere|p1a: dam|[from]move: Metronome\n|-resisted|p1a: dam\n|-damage|p1a: dam|92\/100\n|move|p1a: dam|Metronome|p1a: dam\n|move|p1a: dam|Round|p2a: sams|[from]move: Metronome\n|-damage|p2a: sams|86\/100\n|\n|upkeep\n|turn|15\n|\n|t:|1700158050\n|move|p1a: dam|Metronome|p1a: dam\n|move|p1a: dam|Flatter|p2a: sams|[from]move: Metronome\n|-boost|p2a: sams|spa|1\n|-start|p2a: sams|confusion\n|-activate|p2a: sams|confusion\n|-damage|p2a: sams|78\/100|[from] confusion\n|\n|upkeep\n|turn|16\n|\n|t:|1700158057\n|move|p1a: dam|Metronome|p1a: dam\n|move|p1a: dam|Guard Split|p2a: sams|[from]move: Metronome\n|-activate|p1a: dam|move: Guard Split|[of] p2a: sams\n|-activate|p2a: sams|confusion\n|move|p2a: sams|Metronome|p2a: sams\n|move|p2a: sams|Axe Kick|p1a: dam|[from]move: Metronome\n|-resisted|p1a: dam\n|-damage|p1a: dam|77\/100\n|\n|upkeep\n|turn|17\n|\n|t:|1700158064\n|move|p1a: dam|Metronome|p1a: dam\n|move|p1a: dam|Volt Tackle|p2a: sams|[from]move: Metronome\n|-damage|p2a: sams|52\/100\n|-damage|p1a: dam|68\/100|[from] Recoil\n|-end|p2a: sams|confusion\n|move|p2a: sams|Metronome|p2a: sams\n|move|p2a: sams|U-turn|p1a: dam|[from]move: Metronome\n|-supereffective|p1a: dam\n|-damage|p1a: dam|37\/100\n|\n|t:|1700158073\n|switch|p2a: Weird ass dog|Mew|100\/100|[from] U-turn\n|\n|upkeep\n|turn|18\n|\n|t:|1700158080\n|move|p2a: Weird ass dog|Metronome|p2a: Weird ass dog\n|move|p2a: Weird ass dog|Baton Pass|p2a: Weird ass dog|[from]move: Metronome\n|\n|t:|1700158087\n|switch|p2a: sams|Mew, shiny|52\/100|[from] Baton Pass\n|move|p1a: dam|Metronome|p1a: dam\n|move|p1a: dam|Weather Ball|p2a: sams|[from]move: Metronome\n|-damage|p2a: sams|41\/100\n|\n|upkeep\n|turn|19\n|\n|t:|1700158098\n|move|p1a: dam|Metronome|p1a: dam\n|move|p1a: dam|Night Daze|p2a: sams|[from]move: Metronome\n|-supereffective|p2a: sams\n|-damage|p2a: sams|4\/100\n|move|p2a: sams|Metronome|p2a: sams\n|move|p2a: sams|Quick Attack|p1a: dam|[from]move: Metronome\n|-damage|p1a: dam|27\/100\n|\n|upkeep\n|turn|20\n|\n|t:|1700158106\n|move|p1a: dam|Metronome|p1a: dam\n|move|p1a: dam|Mega Punch|p2a: sams|[from]move: Metronome\n|-damage|p2a: sams|0 fnt\n|faint|p2a: sams\n|\n|upkeep\n|\n|t:|1700158110\n|switch|p2a: Weird ass dog|Mew|100\/100\n|turn|21\n|\n|t:|1700158112\n|move|p2a: Weird ass dog|Metronome|p2a: Weird ass dog\n|move|p2a: Weird ass dog|Night Slash|p1a: dam|[from]move: Metronome\n|-supereffective|p1a: dam\n|-damage|p1a: dam|0 fnt\n|faint|p1a: dam\n|\n|win|Azelfie14\n","uploadtime":1700158121,"views":13,"p1id":"zooki18","p2id":"azelfie14","formatid":"gen9anythinggoes","rating":0,"private":0,"password":""}