{"id":"gen9anythinggoes-1998046070","p1":"Mr Pinehurst","p2":"Hesley_New","format":"[Gen 9] Anything Goes","log":"|j|\u2606Mr Pinehurst\n|j|\u2606Hesley_New\n|t:|1700883235\n|gametype|singles\n|player|p1|Mr Pinehurst|266|1288\n|player|p2|Hesley_New|red|1525\n|teamsize|p1|6\n|teamsize|p2|6\n|gen|9\n|tier|[Gen 9] Anything Goes\n|rated|\n|rule|HP Percentage Mod: HP is shown in percentages\n|rule|Endless Battle Clause: Forcing endless battles is banned\n|clearpoke\n|poke|p1|Maushold-Four|\n|poke|p1|Flutter Mane|\n|poke|p1|Miraidon|\n|poke|p1|Rabsca, M|\n|poke|p1|Garganacl, F|\n|poke|p1|Houndstone, M|\n|poke|p2|Palafin, M|\n|poke|p2|Chien-Pao|\n|poke|p2|Regieleki|\n|poke|p2|Koraidon|\n|poke|p2|Flutter Mane|\n|poke|p2|Landorus-Therian, M|\n|teampreview\n|inactive|Battle timer is ON: inactive players will automatically lose when time's up. (requested by Hesley_New)\n|\n|t:|1700883243\n|start\n|switch|p1a: DeMarco|Miraidon|100\/100\n|switch|p2a: Palafin|Palafin, M, shiny|100\/100\n|-fieldstart|move: Electric Terrain|[from] ability: Hadron Engine|[of] p1a: DeMarco\n|turn|1\n|\n|t:|1700883252\n|detailschange|p2a: Palafin|Palafin-Hero, M, shiny\n|switch|p2a: Landorus|Landorus-Therian, M, shiny|100\/100\n|-ability|p2a: Landorus|Intimidate|boost\n|-unboost|p1a: DeMarco|atk|1\n|move|p1a: DeMarco|Dragon Pulse|p2a: Landorus\n|-damage|p2a: Landorus|21\/100\n|\n|upkeep\n|turn|2\n|\n|t:|1700883258\n|move|p1a: DeMarco|Dragon Pulse|p2a: Landorus\n|-damage|p2a: Landorus|0 fnt\n|faint|p2a: Landorus\n|\n|upkeep\n|\n|t:|1700883273\n|switch|p2a: Flutter Mane|Flutter Mane, shiny|100\/100\n|turn|3\n|\n|t:|1700883278\n|-terastallize|p1a: DeMarco|Electric\n|move|p2a: Flutter Mane|Moonblast|p1a: DeMarco\n|-damage|p1a: DeMarco|68\/100\n|-unboost|p1a: DeMarco|spa|1\n|move|p1a: DeMarco|Electro Drift|p2a: Flutter Mane\n|-damage|p2a: Flutter Mane|13\/100\n|\n|upkeep\n|turn|4\n|\n|t:|1700883290\n|switch|p1a: Maushold|Maushold-Four|100\/100\n|move|p2a: Flutter Mane|Moonblast|p1a: Maushold\n|-damage|p1a: Maushold|30\/100\n|\n|upkeep\n|turn|5\n|\n|t:|1700883296\n|move|p2a: Flutter Mane|Moonblast|p1a: Maushold\n|-damage|p1a: Maushold|0 fnt\n|faint|p1a: Maushold\n|\n|-fieldend|move: Electric Terrain\n|upkeep\n|\n|t:|1700883298\n|switch|p1a: Houndstone|Houndstone, M|100\/100\n|turn|6\n|\n|t:|1700883300\n|move|p1a: Houndstone|Shadow Sneak|p2a: Flutter Mane\n|-supereffective|p2a: Flutter Mane\n|-damage|p2a: Flutter Mane|0 fnt\n|faint|p2a: Flutter Mane\n|-end|p2a: Flutter Mane|Protosynthesis|[silent]\n|\n|upkeep\n|\n|t:|1700883305\n|switch|p2a: Koraidon|Koraidon|100\/100\n|-weather|SunnyDay|[from] ability: Orichalcum Pulse|[of] p2a: Koraidon\n|-activate|p2a: Koraidon|Orichalcum Pulse|[source]\n|turn|7\n|\n|t:|1700883310\n|move|p2a: Koraidon|Swords Dance|p2a: Koraidon\n|-boost|p2a: Koraidon|atk|2\n|move|p1a: Houndstone|Play Rough|p2a: Koraidon\n|-supereffective|p2a: Koraidon\n|-damage|p2a: Koraidon|0 fnt\n|faint|p2a: Koraidon\n|\n|-weather|SunnyDay|[upkeep]\n|upkeep\n|\n|t:|1700883322\n|switch|p2a: Chien-Pao|Chien-Pao|100\/100\n|-ability|p2a: Chien-Pao|Sword of Ruin\n|turn|8\n|\n|t:|1700883326\n|move|p2a: Chien-Pao|Crunch|p1a: Houndstone\n|-supereffective|p1a: Houndstone\n|-damage|p1a: Houndstone|51\/100\n|move|p1a: Houndstone|Play Rough|p2a: Chien-Pao\n|-supereffective|p2a: Chien-Pao\n|-damage|p2a: Chien-Pao|23\/100\n|\n|-weather|SunnyDay|[upkeep]\n|upkeep\n|turn|9\n|\n|t:|1700883331\n|move|p1a: Houndstone|Shadow Sneak|p2a: Chien-Pao\n|-resisted|p2a: Chien-Pao\n|-damage|p2a: Chien-Pao|10\/100\n|move|p2a: Chien-Pao|Crunch|p1a: Houndstone\n|-supereffective|p1a: Houndstone\n|-damage|p1a: Houndstone|2\/100\n|\n|-weather|SunnyDay|[upkeep]\n|upkeep\n|turn|10\n|\n|t:|1700883334\n|move|p2a: Chien-Pao|Sucker Punch|p1a: Houndstone\n|-supereffective|p1a: Houndstone\n|-damage|p1a: Houndstone|0 fnt\n|faint|p1a: Houndstone\n|\n|-weather|SunnyDay|[upkeep]\n|upkeep\n|\n|t:|1700883341\n|switch|p1a: Rabsca|Rabsca, M, shiny|100\/100\n|turn|11\n|\n|t:|1700883343\n|move|p2a: Chien-Pao|Crunch|p1a: Rabsca\n|-supereffective|p1a: Rabsca\n|-crit|p1a: Rabsca\n|-damage|p1a: Rabsca|0 fnt\n|faint|p1a: Rabsca\n|\n|-weather|none\n|upkeep\n|\n|t:|1700883347\n|switch|p1a: SSSReplacement|Garganacl, F, shiny|100\/100\n|turn|12\n|\n|t:|1700883349\n|move|p2a: Chien-Pao|Sacred Sword|p1a: SSSReplacement\n|-supereffective|p1a: SSSReplacement\n|-damage|p1a: SSSReplacement|49\/100\n|move|p1a: SSSReplacement|Iron Defense|p1a: SSSReplacement\n|-boost|p1a: SSSReplacement|def|2\n|\n|-heal|p1a: SSSReplacement|55\/100|[from] item: Leftovers\n|upkeep\n|turn|13\n|\n|t:|1700883354\n|move|p2a: Chien-Pao|Sacred Sword|p1a: SSSReplacement\n|-supereffective|p1a: SSSReplacement\n|-damage|p1a: SSSReplacement|1\/100\n|move|p1a: SSSReplacement|Salt Cure|p2a: Chien-Pao\n|-supereffective|p2a: Chien-Pao\n|-damage|p2a: Chien-Pao|0 fnt\n|faint|p2a: Chien-Pao\n|\n|-heal|p1a: SSSReplacement|7\/100|[from] item: Leftovers\n|upkeep\n|\n|t:|1700883362\n|switch|p2a: Palafin|Palafin-Hero, M, shiny|100\/100\n|-activate|p2a: Palafin|ability: Zero to Hero\n|turn|14\n|\n|t:|1700883367\n|move|p2a: Palafin|Jet Punch|p1a: SSSReplacement\n|-supereffective|p1a: SSSReplacement\n|-damage|p1a: SSSReplacement|0 fnt\n|faint|p1a: SSSReplacement\n|\n|upkeep\n|\n|t:|1700883369\n|switch|p1a: DeMarco|Miraidon, tera:Electric|68\/100\n|-fieldstart|move: Electric Terrain|[from] ability: Hadron Engine|[of] p1a: DeMarco\n|turn|15\n|\n|t:|1700883373\n|-terastallize|p2a: Palafin|Water\n|move|p2a: Palafin|Jet Punch|p1a: DeMarco\n|-damage|p1a: DeMarco|0 fnt\n|faint|p1a: DeMarco\n|\n|upkeep\n|\n|t:|1700883377\n|switch|p1a: Flutter Mane|Flutter Mane, shiny|100\/100\n|turn|16\n|\n|t:|1700883378\n|move|p2a: Palafin|Jet Punch|p1a: Flutter Mane\n|-damage|p1a: Flutter Mane|0 fnt\n|faint|p1a: Flutter Mane\n|-end|p1a: Flutter Mane|Protosynthesis|[silent]\n|\n|win|Hesley_New\n|raw|Mr Pinehurst's rating: 1288 &rarr; <strong>1278<\/strong><br \/>(-10 for losing)\n|raw|Hesley_New's rating: 1525 &rarr; <strong>1533<\/strong><br \/>(+8 for winning)\n","uploadtime":1700883381,"views":0,"p1id":"mrpinehurst","p2id":"hesleynew","formatid":"gen9anythinggoes","rating":1278,"private":0,"password":""}