{"id":"gen9anythinggoes-1977133067","p1":"i'm drunk xd","p2":"Voila Ouija","format":"[Gen 9] Anything Goes","log":"|j|\u2606i'm drunk xd\n|j|\u2606Voila Ouija\n|t:|1698375386\n|gametype|singles\n|player|p1|i'm drunk xd|cynthia|1166\n|player|p2|Voila Ouija|1|1272\n|teamsize|p1|6\n|teamsize|p2|6\n|gen|9\n|tier|[Gen 9] Anything Goes\n|rated|\n|rule|HP Percentage Mod: HP is shown in percentages\n|rule|Endless Battle Clause: Forcing endless battles is banned\n|clearpoke\n|poke|p1|Ogerpon, F|\n|poke|p1|Tinkaton, F|\n|poke|p1|Iron Valiant|\n|poke|p1|Gholdengo|\n|poke|p1|Grimmsnarl, M|\n|poke|p1|Miraidon|\n|poke|p2|Landorus, M|\n|poke|p2|Giratina|\n|poke|p2|Kyogre|\n|poke|p2|Zacian-*|\n|poke|p2|Rayquaza|\n|poke|p2|Regieleki|\n|teampreview\n|\n|t:|1698375402\n|start\n|switch|p1a: Drinkaton|Tinkaton, F|100\/100\n|switch|p2a: Regieleki|Regieleki|100\/100\n|turn|1\n|inactive|Battle timer is ON: inactive players will automatically lose when time's up. (requested by Voila Ouija)\n|\n|t:|1698375415\n|move|p2a: Regieleki|Thunderbolt|p1a: Drinkaton\n|-crit|p1a: Drinkaton\n|-damage|p1a: Drinkaton|17\/100\n|move|p1a: Drinkaton|Stealth Rock|p2a: Regieleki\n|-sidestart|p2: Voila Ouija|move: Stealth Rock\n|\n|upkeep\n|turn|2\n|\n|t:|1698375425\n|move|p2a: Regieleki|Thunderbolt|p1a: Drinkaton\n|-damage|p1a: Drinkaton|0 fnt\n|faint|p1a: Drinkaton\n|\n|upkeep\n|\n|t:|1698375433\n|switch|p1a: Kain|Grimmsnarl, M, shiny|100\/100\n|turn|3\n|\n|t:|1698375436\n|move|p1a: Kain|Light Screen|p1a: Kain\n|-sidestart|p1: i'm drunk xd|move: Light Screen\n|move|p2a: Regieleki|Thunderbolt|p1a: Kain\n|-damage|p1a: Kain|77\/100\n|\n|upkeep\n|turn|4\n|\n|t:|1698375444\n|move|p1a: Kain|Parting Shot|p2a: Regieleki\n|-unboost|p2a: Regieleki|atk|1\n|-unboost|p2a: Regieleki|spa|1\n|\n|t:|1698375448\n|switch|p1a: e621|Miraidon|100\/100|[from] Parting Shot\n|-fieldstart|move: Electric Terrain|[from] ability: Hadron Engine|[of] p1a: e621\n|move|p2a: Regieleki|Thunderbolt|p1a: e621\n|-resisted|p1a: e621\n|-damage|p1a: e621|96\/100\n|\n|upkeep\n|turn|5\n|\n|t:|1698375467\n|switch|p2a: Landorus|Landorus, M|100\/100\n|-damage|p2a: Landorus|88\/100|[from] Stealth Rock\n|move|p1a: e621|Dragon Pulse|p2a: Landorus\n|-damage|p2a: Landorus|16\/100\n|\n|upkeep\n|turn|6\n|\n|t:|1698375479\n|move|p1a: e621|Dragon Pulse|p2a: Landorus\n|-damage|p2a: Landorus|0 fnt\n|faint|p2a: Landorus\n|\n|upkeep\n|\n|t:|1698375491\n|switch|p2a: Regieleki|Regieleki|100\/100\n|-damage|p2a: Regieleki|88\/100|[from] Stealth Rock\n|turn|7\n|\n|t:|1698375500\n|move|p2a: Regieleki|Rapid Spin|p1a: e621\n|-damage|p1a: e621|86\/100\n|-boost|p2a: Regieleki|spe|1\n|-sideend|p2: Voila Ouija|Stealth Rock|[from] move: Rapid Spin|[of] p2a: Regieleki\n|move|p1a: e621|Dragon Pulse|p2a: Regieleki\n|-damage|p2a: Regieleki|0 fnt\n|faint|p2a: Regieleki\n|\n|upkeep\n|\n|t:|1698375512\n|switch|p2a: Rayquaza|Rayquaza|100\/100\n|-ability|p2a: Rayquaza|Air Lock\n|turn|8\n|\n|t:|1698375517\n|move|p1a: e621|Dragon Pulse|p2a: Rayquaza\n|-supereffective|p2a: Rayquaza\n|-enditem|p2a: Rayquaza|Focus Sash\n|-damage|p2a: Rayquaza|1\/100\n|move|p2a: Rayquaza|Dragon Ascent|p1a: e621\n|-resisted|p1a: e621\n|-damage|p1a: e621|54\/100\n|-unboost|p2a: Rayquaza|def|1\n|-unboost|p2a: Rayquaza|spd|1\n|\n|-fieldend|move: Electric Terrain\n|upkeep\n|turn|9\n|\n|t:|1698375542\n|move|p2a: Rayquaza|Extreme Speed|p1a: e621\n|-damage|p1a: e621|27\/100\n|move|p1a: e621|Dragon Pulse|p2a: Rayquaza\n|-supereffective|p2a: Rayquaza\n|-damage|p2a: Rayquaza|0 fnt\n|faint|p2a: Rayquaza\n|\n|upkeep\n|inactive|Voila Ouija has 120 seconds left.\n|\n|t:|1698375574\n|switch|p2a: Kyogre|Kyogre|100\/100\n|-weather|RainDance|[from] ability: Drizzle|[of] p2a: Kyogre\n|turn|10\n|\n|t:|1698375585\n|switch|p1a: Kain|Grimmsnarl, M, shiny|77\/100\n|move|p2a: Kyogre|Thunder|p1a: Kain\n|-damage|p1a: Kain|58\/100\n|\n|-weather|RainDance|[upkeep]\n|-sideend|p1: i'm drunk xd|move: Light Screen\n|upkeep\n|turn|11\n|\n|t:|1698375593\n|move|p1a: Kain|Light Screen|p1a: Kain\n|-sidestart|p1: i'm drunk xd|move: Light Screen\n|move|p2a: Kyogre|Thunder|p1a: Kain\n|-damage|p1a: Kain|36\/100\n|\n|-weather|RainDance|[upkeep]\n|upkeep\n|turn|12\n|\n|t:|1698375600\n|move|p1a: Kain|Parting Shot|p2a: Kyogre\n|-unboost|p2a: Kyogre|atk|1\n|-unboost|p2a: Kyogre|spa|1\n|\n|t:|1698375604\n|switch|p1a: Cannapon|Ogerpon, F|100\/100|[from] Parting Shot\n|move|p2a: Kyogre|Thunder|p1a: Cannapon\n|-resisted|p1a: Cannapon\n|-damage|p1a: Cannapon|92\/100\n|\n|-weather|RainDance|[upkeep]\n|upkeep\n|turn|13\n|inactive|Voila Ouija has 120 seconds left.\n|\n|t:|1698375624\n|move|p2a: Kyogre|Thunder|p1a: Cannapon\n|-resisted|p1a: Cannapon\n|-damage|p1a: Cannapon|85\/100\n|-status|p1a: Cannapon|par\n|move|p1a: Cannapon|Swords Dance|p1a: Cannapon\n|-boost|p1a: Cannapon|atk|2\n|\n|-weather|RainDance|[upkeep]\n|upkeep\n|turn|14\n|\n|t:|1698375635\n|switch|p2a: Zacian|Zacian-Crowned|100\/100\n|-ability|p2a: Zacian|Intrepid Sword|boost\n|-boost|p2a: Zacian|atk|1\n|move|p1a: Cannapon|Ivy Cudgel|p2a: Zacian\n|-resisted|p2a: Zacian\n|-damage|p2a: Zacian|52\/100\n|\n|-weather|none\n|upkeep\n|turn|15\n|\n|t:|1698375650\n|move|p2a: Zacian|Play Rough|p1a: Cannapon\n|-damage|p1a: Cannapon|0 fnt\n|faint|p1a: Cannapon\n|\n|upkeep\n|\n|t:|1698375656\n|switch|p1a: e621|Miraidon|27\/100\n|-fieldstart|move: Electric Terrain|[from] ability: Hadron Engine|[of] p1a: e621\n|turn|16\n|inactive|Voila Ouija has 120 seconds left.\n|\n|t:|1698375663\n|move|p1a: e621|Volt Switch|p2a: Zacian\n|-damage|p2a: Zacian|0 fnt\n|faint|p2a: Zacian\n|\n|t:|1698375668\n|switch|p1a: Murder Drone|Iron Valiant, shiny|100\/100|[from] Volt Switch\n|-activate|p1a: Murder Drone|ability: Quark Drive\n|-start|p1a: Murder Drone|quarkdrivespe\n|\n|upkeep\n|\n|t:|1698375676\n|switch|p2a: Giratina|Giratina|100\/100\n|-ability|p2a: Giratina|Pressure\n|turn|17\n|\n|t:|1698375688\n|-terastallize|p1a: Murder Drone|Fairy\n|-terastallize|p2a: Giratina|Ground\n|move|p1a: Murder Drone|Moonblast|p2a: Giratina\n|-damage|p2a: Giratina|68\/100\n|-unboost|p2a: Giratina|spa|1\n|move|p2a: Giratina|Earth Power|p1a: Murder Drone\n|-damage|p1a: Murder Drone|78\/100\n|-unboost|p1a: Murder Drone|spd|1\n|\n|-heal|p2a: Giratina|74\/100|[from] item: Leftovers\n|upkeep\n|turn|18\n|\n|t:|1698375704\n|move|p1a: Murder Drone|Moonblast|p2a: Giratina\n|-damage|p2a: Giratina|43\/100\n|-unboost|p2a: Giratina|spa|1\n|move|p2a: Giratina|Shadow Ball|p1a: Murder Drone\n|-damage|p1a: Murder Drone|57\/100\n|\n|-heal|p2a: Giratina|49\/100|[from] item: Leftovers\n|-sideend|p1: i'm drunk xd|move: Light Screen\n|upkeep\n|turn|19\n|inactive|Voila Ouija has 120 seconds left.\n|\n|t:|1698375720\n|move|p1a: Murder Drone|Moonblast|p2a: Giratina\n|-damage|p2a: Giratina|14\/100\n|move|p2a: Giratina|Thunderbolt|p1a: Murder Drone\n|-damage|p1a: Murder Drone|17\/100\n|\n|-heal|p2a: Giratina|20\/100|[from] item: Leftovers\n|upkeep\n|turn|20\n|\n|t:|1698375728\n|move|p1a: Murder Drone|Moonblast|p2a: Giratina\n|-damage|p2a: Giratina|0 fnt\n|faint|p2a: Giratina\n|\n|-fieldend|move: Electric Terrain\n|-end|p1a: Murder Drone|Quark Drive\n|upkeep\n|\n|t:|1698375735\n|switch|p2a: Kyogre|Kyogre|100\/100\n|-weather|RainDance|[from] ability: Drizzle|[of] p2a: Kyogre\n|turn|21\n|\n|t:|1698375746\n|move|p1a: Murder Drone|Thunderbolt|p2a: Kyogre\n|-supereffective|p2a: Kyogre\n|-damage|p2a: Kyogre|60\/100\n|move|p2a: Kyogre|Ice Beam|p1a: Murder Drone\n|-damage|p1a: Murder Drone|0 fnt\n|faint|p1a: Murder Drone\n|-end|p1a: Murder Drone|Quark Drive|[silent]\n|\n|-weather|RainDance|[upkeep]\n|upkeep\n|\n|t:|1698375754\n|switch|p1a: e621|Miraidon|27\/100\n|-fieldstart|move: Electric Terrain|[from] ability: Hadron Engine|[of] p1a: e621\n|turn|22\n|\n|t:|1698375758\n|move|p1a: e621|Electro Drift|p2a: Kyogre\n|-supereffective|p2a: Kyogre\n|-damage|p2a: Kyogre|0 fnt\n|faint|p2a: Kyogre\n|\n|win|i'm drunk xd\n|raw|i&apos;m drunk xd's rating: 1166 &rarr; <strong>1198<\/strong><br \/>(+32 for winning)\n|raw|Voila Ouija's rating: 1272 &rarr; <strong>1240<\/strong><br \/>(-32 for losing)\n|l|\u2606Voila Ouija\n","uploadtime":1698375769,"views":10,"p1id":"imdrunkxd","p2id":"voilaouija","formatid":"gen9anythinggoes","rating":1198,"private":0,"password":""}