{"id":"gen9anythinggoes-1979938190","p1":"Dumbfudge","p2":"iFlamercenar","format":"[Gen 9] Anything Goes","log":"|j|\u2606Dumbfudge\n|j|\u2606iFlamercenar\n|t:|1698732958\n|gametype|singles\n|player|p1|Dumbfudge|blackbelt-gen4dp|1235\n|player|p2|iFlamercenar|buck|1496\n|teamsize|p1|6\n|teamsize|p2|6\n|gen|9\n|tier|[Gen 9] Anything Goes\n|rated|\n|rule|HP Percentage Mod: HP is shown in percentages\n|rule|Endless Battle Clause: Forcing endless battles is banned\n|clearpoke\n|poke|p1|Zacian-*|\n|poke|p1|Calyrex-Shadow|\n|poke|p1|Breloom, M|\n|poke|p1|Espathra, F|\n|poke|p1|Regieleki|\n|poke|p1|Dudunsparce-*, F|\n|poke|p2|Miraidon|\n|poke|p2|Koraidon|\n|poke|p2|Great Tusk|\n|poke|p2|Flutter Mane|\n|poke|p2|Chien-Pao|\n|poke|p2|Glimmora, F|\n|teampreview\n|inactive|Battle timer is ON: inactive players will automatically lose when time's up. (requested by Dumbfudge)\n|\n|t:|1698732966\n|start\n|switch|p1a: Dudunsparce|Dudunsparce, F|100\/100\n|switch|p2a: Magellan|Glimmora, F|100\/100\n|turn|1\n|\n|t:|1698732975\n|move|p2a: Magellan|Stealth Rock|p1a: Dudunsparce\n|-sidestart|p1: Dumbfudge|move: Stealth Rock\n|move|p1a: Dudunsparce|Coil|p1a: Dudunsparce\n|-boost|p1a: Dudunsparce|atk|1\n|-boost|p1a: Dudunsparce|def|1\n|-boost|p1a: Dudunsparce|accuracy|1\n|\n|upkeep\n|turn|2\n|\n|t:|1698732987\n|move|p2a: Magellan|Mortal Spin|p1a: Dudunsparce\n|-damage|p1a: Dudunsparce|97\/100\n|-status|p1a: Dudunsparce|psn\n|-damage|p2a: Magellan|84\/100|[from] item: Rocky Helmet|[of] p1a: Dudunsparce\n|move|p1a: Dudunsparce|Coil|p1a: Dudunsparce\n|-boost|p1a: Dudunsparce|atk|1\n|-boost|p1a: Dudunsparce|def|1\n|-boost|p1a: Dudunsparce|accuracy|1\n|\n|-damage|p1a: Dudunsparce|85\/100 psn|[from] psn\n|upkeep\n|turn|3\n|\n|t:|1698732999\n|move|p2a: Magellan|Earth Power|p1a: Dudunsparce\n|-crit|p1a: Dudunsparce\n|-damage|p1a: Dudunsparce|48\/100 psn\n|-unboost|p1a: Dudunsparce|spd|1\n|move|p1a: Dudunsparce|Baton Pass|p1a: Dudunsparce\n|\n|t:|1698733009\n|switch|p1a: Whooping cough|Zacian-Crowned|100\/100|[from] Baton Pass\n|-damage|p1a: Whooping cough|94\/100|[from] Stealth Rock\n|-ability|p1a: Whooping cough|Intrepid Sword|boost\n|-boost|p1a: Whooping cough|atk|1\n|\n|upkeep\n|turn|4\n|\n|t:|1698733039\n|-terastallize|p1a: Whooping cough|Steel\n|move|p1a: Whooping cough|Behemoth Blade|p2a: Magellan\n|-supereffective|p2a: Magellan\n|-damage|p2a: Magellan|0 fnt\n|-activate|p2a: Magellan|ability: Toxic Debris\n|-sidestart|p1: Dumbfudge|move: Toxic Spikes\n|faint|p2a: Magellan\n|\n|upkeep\n|inactive|iFlamercenar has 120 seconds left.\n|\n|t:|1698733052\n|switch|p2a: Kora|Koraidon|100\/100\n|-weather|SunnyDay|[from] ability: Orichalcum Pulse|[of] p2a: Kora\n|-activate|p2a: Kora|Orichalcum Pulse|[source]\n|turn|5\n|c|\u2606Dumbfudge|Not sure if the - spd is your plan if so wp\n|inactive|iFlamercenar has 120 seconds left.\n|\n|t:|1698733064\n|move|p1a: Whooping cough|Behemoth Blade|p2a: Kora\n|-damage|p2a: Kora|0 fnt\n|faint|p2a: Kora\n|\n|-weather|SunnyDay|[upkeep]\n|upkeep\n|inactive|iFlamercenar has 120 seconds left.\n|\n|t:|1698733072\n|switch|p2a: Atlas|Great Tusk|100\/100\n|-activate|p2a: Atlas|ability: Protosynthesis\n|-start|p2a: Atlas|protosynthesisspe\n|turn|6\n|inactive|iFlamercenar has 120 seconds left.\n|\n|t:|1698733084\n|move|p2a: Atlas|Headlong Rush|p1a: Whooping cough\n|-supereffective|p1a: Whooping cough\n|-damage|p1a: Whooping cough|44\/100\n|-unboost|p2a: Atlas|def|1\n|-unboost|p2a: Atlas|spd|1\n|move|p1a: Whooping cough|Behemoth Blade|p2a: Atlas\n|-damage|p2a: Atlas|0 fnt\n|faint|p2a: Atlas\n|-end|p2a: Atlas|Protosynthesis|[silent]\n|\n|-weather|SunnyDay|[upkeep]\n|upkeep\n|inactive|iFlamercenar has 120 seconds left.\n|\n|t:|1698733095\n|switch|p2a: Frostine|Chien-Pao|100\/100\n|-ability|p2a: Frostine|Sword of Ruin\n|turn|7\n|inactive|iFlamercenar has 120 seconds left.\n|\n|t:|1698733101\n|move|p2a: Frostine|Sucker Punch|p1a: Whooping cough\n|-damage|p1a: Whooping cough|21\/100\n|move|p1a: Whooping cough|Behemoth Blade|p2a: Frostine\n|-supereffective|p2a: Frostine\n|-enditem|p2a: Frostine|Focus Sash\n|-damage|p2a: Frostine|1\/100\n|\n|-weather|SunnyDay|[upkeep]\n|upkeep\n|turn|8\n|\n|t:|1698733111\n|move|p1a: Whooping cough|Quick Attack|p2a: Frostine\n|-damage|p2a: Frostine|0 fnt\n|faint|p2a: Frostine\n|\n|-weather|SunnyDay|[upkeep]\n|upkeep\n|\n|t:|1698733117\n|switch|p2a: Sparks|Miraidon|100\/100\n|-fieldstart|move: Electric Terrain|[from] ability: Hadron Engine|[of] p2a: Sparks\n|turn|9\n|\n|t:|1698733134\n|move|p1a: Whooping cough|Quick Attack|p2a: Sparks\n|-damage|p2a: Sparks|65\/100\n|move|p2a: Sparks|Parabolic Charge|p1a: Whooping cough\n|-damage|p1a: Whooping cough|0 fnt\n|-heal|p2a: Sparks|75\/100|[from] drain|[of] p1a: Whooping cough\n|faint|p1a: Whooping cough\n|-damage|p2a: Sparks|65\/100|[from] item: Life Orb\n|\n|-weather|none\n|upkeep\n|\n|t:|1698733147\n|switch|p1a: Dudunsparce|Dudunsparce, F|48\/100 psn\n|-damage|p1a: Dudunsparce|36\/100 psn|[from] Stealth Rock\n|turn|10\n|\n|t:|1698733152\n|move|p2a: Sparks|Parabolic Charge|p1a: Dudunsparce\n|-damage|p1a: Dudunsparce|0 fnt\n|-heal|p2a: Sparks|85\/100|[from] drain|[of] p1a: Dudunsparce\n|faint|p1a: Dudunsparce\n|-damage|p2a: Sparks|75\/100|[from] item: Life Orb\n|\n|upkeep\n|\n|t:|1698733160\n|switch|p1a: Regieleki|Regieleki|100\/100\n|-damage|p1a: Regieleki|88\/100|[from] Stealth Rock\n|-status|p1a: Regieleki|psn\n|turn|11\n|\n|t:|1698733170\n|-terastallize|p2a: Sparks|Dragon\n|move|p1a: Regieleki|Thunder Wave|p2a: Sparks\n|-status|p2a: Sparks|par\n|move|p2a: Sparks|Draco Meteor|p1a: Regieleki|[miss]\n|-miss|p2a: Sparks|p1a: Regieleki\n|\n|-damage|p1a: Regieleki|76\/100 psn|[from] psn\n|upkeep\n|turn|12\n|c|\u2606iFlamercenar|Oof\n|\n|t:|1698733183\n|move|p1a: Regieleki|Rapid Spin|p2a: Sparks\n|-damage|p2a: Sparks|64\/100 par\n|-boost|p1a: Regieleki|spe|1\n|-sideend|p1: Dumbfudge|Toxic Spikes|[from] move: Rapid Spin|[of] p1a: Regieleki\n|-sideend|p1: Dumbfudge|Stealth Rock|[from] move: Rapid Spin|[of] p1a: Regieleki\n|move|p2a: Sparks|Draco Meteor|p1a: Regieleki\n|-damage|p1a: Regieleki|0 fnt\n|-unboost|p2a: Sparks|spa|2\n|faint|p1a: Regieleki\n|-damage|p2a: Sparks|54\/100 par|[from] item: Life Orb\n|\n|upkeep\n|\n|t:|1698733194\n|switch|p1a: Calyrex|Calyrex-Shadow|100\/100\n|-ability|p1a: Calyrex|As One\n|-ability|p1a: Calyrex|Unnerve\n|turn|13\n|\n|t:|1698733218\n|move|p1a: Calyrex|Astral Barrage|p2a: Sparks\n|-damage|p2a: Sparks|0 fnt\n|faint|p2a: Sparks\n|-ability|p1a: Calyrex|Grim Neigh|boost\n|-boost|p1a: Calyrex|spa|1\n|\n|-fieldend|move: Electric Terrain\n|upkeep\n|\n|t:|1698733226\n|switch|p2a: Nebula|Flutter Mane|100\/100\n|-enditem|p2a: Nebula|Booster Energy\n|-activate|p2a: Nebula|ability: Protosynthesis|[fromitem]\n|-start|p2a: Nebula|protosynthesisspe\n|turn|14\n|\n|t:|1698733234\n|move|p2a: Nebula|Shadow Ball|p1a: Calyrex\n|-supereffective|p1a: Calyrex\n|-enditem|p1a: Calyrex|Focus Sash\n|-damage|p1a: Calyrex|1\/100\n|move|p1a: Calyrex|Astral Barrage|p2a: Nebula\n|-supereffective|p2a: Nebula\n|-damage|p2a: Nebula|0 fnt\n|faint|p2a: Nebula\n|-end|p2a: Nebula|Protosynthesis|[silent]\n|\n|win|Dumbfudge\n|raw|Dumbfudge's rating: 1235 &rarr; <strong>1276<\/strong><br \/>(+41 for winning)\n|raw|iFlamercenar's rating: 1496 &rarr; <strong>1463<\/strong><br \/>(-33 for losing)\n|l|\u2606iFlamercenar\n|c|\u2606Dumbfudge|Gg\n","uploadtime":1698733249,"views":10,"p1id":"dumbfudge","p2id":"iflamercenar","formatid":"gen9anythinggoes","rating":1276,"private":0,"password":""}