{"id":"gen9anythinggoes-1983643324","p1":"brianbass","p2":"richboooybruh","format":"[Gen 9] Anything Goes","log":"|j|\u2606brianbass\n|j|\u203drichboooybruh\n|t:|1699153083\n|gametype|singles\n|player|p1|brianbass|benga|1066\n|player|p2|richboooybruh|rocketgrunt|1054\n|teamsize|p1|6\n|teamsize|p2|6\n|gen|9\n|tier|[Gen 9] Anything Goes\n|rated|\n|rule|HP Percentage Mod: HP is shown in percentages\n|rule|Endless Battle Clause: Forcing endless battles is banned\n|clearpoke\n|poke|p1|Pelipper, F|\n|poke|p1|Kilowattrel, M|\n|poke|p1|Mew|\n|poke|p1|Iron Jugulis|\n|poke|p1|Barraskewda, F|\n|poke|p1|Brute Bonnet|\n|poke|p2|Cloyster, F|\n|poke|p2|Oricorio, M|\n|poke|p2|Gengar, M|\n|poke|p2|Klefki, F|\n|poke|p2|Heracross, M|\n|poke|p2|Hydreigon, M|\n|teampreview\n|c|\u2606brianbass|hi\n|\n|t:|1699153115\n|start\n|switch|p1a: Iron Jugulis|Iron Jugulis|100\/100\n|switch|p2a: Cloyster|Cloyster, F|100\/100\n|-enditem|p1a: Iron Jugulis|Booster Energy\n|-activate|p1a: Iron Jugulis|ability: Quark Drive|[fromitem]\n|-start|p1a: Iron Jugulis|quarkdrivespe\n|turn|1\n|c|\u2606brianbass|nope\n|\n|t:|1699153121\n|move|p1a: Iron Jugulis|Taunt|p2a: Cloyster\n|-start|p2a: Cloyster|move: Taunt\n|move|p2a: Cloyster|Rock Blast|p1a: Iron Jugulis|[miss]\n|-miss|p2a: Cloyster|p1a: Iron Jugulis\n|\n|upkeep\n|turn|2\n|\n|t:|1699153136\n|-end|p1a: Iron Jugulis|Quark Drive|[silent]\n|switch|p1a: Pelipper|Pelipper, F|100\/100\n|-weather|RainDance|[from] ability: Drizzle|[of] p1a: Pelipper\n|move|p2a: Cloyster|Rock Blast|p1a: Pelipper\n|-supereffective|p1a: Pelipper\n|-damage|p1a: Pelipper|89\/100\n|-supereffective|p1a: Pelipper\n|-damage|p1a: Pelipper|78\/100\n|-supereffective|p1a: Pelipper\n|-damage|p1a: Pelipper|66\/100\n|-supereffective|p1a: Pelipper\n|-damage|p1a: Pelipper|55\/100\n|-supereffective|p1a: Pelipper\n|-damage|p1a: Pelipper|44\/100\n|-hitcount|p1a: Pelipper|5\n|\n|-weather|RainDance|[upkeep]\n|upkeep\n|turn|3\n|\n|t:|1699153150\n|switch|p1a: Iron Jugulis|Iron Jugulis|100\/100\n|move|p2a: Cloyster|Rock Blast|p1a: Iron Jugulis\n|-supereffective|p1a: Iron Jugulis\n|-damage|p1a: Iron Jugulis|82\/100\n|-supereffective|p1a: Iron Jugulis\n|-damage|p1a: Iron Jugulis|65\/100\n|-supereffective|p1a: Iron Jugulis\n|-damage|p1a: Iron Jugulis|47\/100\n|-supereffective|p1a: Iron Jugulis\n|-damage|p1a: Iron Jugulis|29\/100\n|-supereffective|p1a: Iron Jugulis\n|-damage|p1a: Iron Jugulis|12\/100\n|-hitcount|p1a: Iron Jugulis|5\n|\n|-weather|RainDance|[upkeep]\n|-end|p2a: Cloyster|move: Taunt\n|upkeep\n|turn|4\n|inactive|Battle timer is ON: inactive players will automatically lose when time's up. (requested by brianbass)\n|\n|t:|1699153163\n|move|p1a: Iron Jugulis|Taunt|p2a: Cloyster\n|-start|p2a: Cloyster|move: Taunt\n|move|p2a: Cloyster|Rock Blast|p1a: Iron Jugulis\n|-supereffective|p1a: Iron Jugulis\n|-damage|p1a: Iron Jugulis|0 fnt\n|faint|p1a: Iron Jugulis\n|-end|p1a: Iron Jugulis|Quark Drive|[silent]\n|-hitcount|p1: Iron Jugulis|1\n|\n|-weather|RainDance|[upkeep]\n|upkeep\n|\n|t:|1699153167\n|switch|p1a: Barraskewda|Barraskewda, F|100\/100\n|turn|5\n|c|\u2606brianbass|cmon god\n|c|\u2606brianbass|lemme hit\n|c|\u2606brianbass|this\n|\n|t:|1699153179\n|move|p1a: Barraskewda|Liquidation|p2a: Cloyster\n|-resisted|p2a: Cloyster\n|-damage|p2a: Cloyster|68\/100\n|move|p2a: Cloyster|Blizzard|p1a: Barraskewda|[miss]\n|-miss|p2a: Cloyster|p1a: Barraskewda\n|\n|-weather|RainDance|[upkeep]\n|upkeep\n|turn|6\n|c|\u2606brianbass|0 damage\n|\n|t:|1699153190\n|switch|p1a: Mew|Mew, shiny|100\/100\n|move|p2a: Cloyster|Icicle Spear|p1a: Mew\n|-damage|p1a: Mew|91\/100\n|-damage|p1a: Mew|82\/100\n|-damage|p1a: Mew|73\/100\n|-damage|p1a: Mew|65\/100\n|-damage|p1a: Mew|56\/100\n|-hitcount|p1a: Mew|5\n|\n|-weather|RainDance|[upkeep]\n|-heal|p1a: Mew|63\/100|[from] item: Leftovers\n|-end|p2a: Cloyster|move: Taunt\n|upkeep\n|turn|7\n|\n|t:|1699153205\n|switch|p2a: Klefki|Klefki, F|100\/100\n|move|p1a: Mew|Hydro Pump|p2a: Klefki|[miss]\n|-miss|p1a: Mew|p2a: Klefki\n|\n|-weather|RainDance|[upkeep]\n|-heal|p1a: Mew|69\/100|[from] item: Leftovers\n|upkeep\n|turn|8\n|\n|t:|1699153212\n|move|p2a: Klefki|Thunder Wave|p1a: Mew|[miss]\n|-miss|p2a: Klefki|p1a: Mew\n|move|p1a: Mew|Hydro Pump|p2a: Klefki\n|-damage|p2a: Klefki|49\/100\n|\n|-weather|RainDance|[upkeep]\n|-heal|p1a: Mew|75\/100|[from] item: Leftovers\n|-heal|p2a: Klefki|55\/100|[from] item: Leftovers\n|upkeep\n|turn|9\n|\n|t:|1699153236\n|switch|p1a: Kilowattrel|Kilowattrel, M|100\/100\n|move|p2a: Klefki|Thunder Wave|p1a: Kilowattrel\n|-immune|p1a: Kilowattrel|[from] ability: Volt Absorb\n|\n|-weather|none\n|-heal|p2a: Klefki|61\/100|[from] item: Leftovers\n|upkeep\n|turn|10\n|inactive|brianbass has 120 seconds left.\n|\n|t:|1699153257\n|switch|p1a: Pelipper|Pelipper, F|44\/100\n|-weather|RainDance|[from] ability: Drizzle|[of] p1a: Pelipper\n|switch|p2a: Hydreigon|Hydreigon, M|100\/100\n|\n|-weather|RainDance|[upkeep]\n|upkeep\n|turn|11\n|\n|t:|1699153265\n|move|p2a: Hydreigon|Draco Meteor|p1a: Pelipper\n|-damage|p1a: Pelipper|0 fnt\n|-unboost|p2a: Hydreigon|spa|2\n|faint|p1a: Pelipper\n|-damage|p2a: Hydreigon|91\/100|[from] item: Life Orb\n|\n|-weather|RainDance|[upkeep]\n|upkeep\n|\n|t:|1699153268\n|switch|p1a: Kilowattrel|Kilowattrel, M|100\/100\n|turn|12\n|\n|t:|1699153274\n|move|p1a: Kilowattrel|Weather Ball|p2a: Hydreigon\n|-resisted|p2a: Hydreigon\n|-crit|p2a: Hydreigon\n|-damage|p2a: Hydreigon|52\/100\n|-damage|p1a: Kilowattrel|91\/100|[from] item: Life Orb\n|move|p2a: Hydreigon|Draco Meteor|p1a: Kilowattrel\n|-damage|p1a: Kilowattrel|28\/100\n|-unboost|p2a: Hydreigon|spa|2\n|-damage|p2a: Hydreigon|42\/100|[from] item: Life Orb\n|\n|-weather|RainDance|[upkeep]\n|upkeep\n|turn|13\n|\n|t:|1699153288\n|move|p1a: Kilowattrel|Thunder|p2a: Hydreigon\n|-resisted|p2a: Hydreigon\n|-damage|p2a: Hydreigon|14\/100\n|-damage|p1a: Kilowattrel|18\/100|[from] item: Life Orb\n|move|p2a: Hydreigon|Crunch|p1a: Kilowattrel\n|-damage|p1a: Kilowattrel|0 fnt\n|faint|p1a: Kilowattrel\n|-damage|p2a: Hydreigon|4\/100|[from] item: Life Orb\n|\n|-weather|RainDance|[upkeep]\n|upkeep\n|\n|t:|1699153297\n|switch|p1a: Barraskewda|Barraskewda, F|100\/100\n|turn|14\n|\n|t:|1699153306\n|move|p1a: Barraskewda|Liquidation|p2a: Hydreigon\n|-resisted|p2a: Hydreigon\n|-damage|p2a: Hydreigon|0 fnt\n|faint|p2a: Hydreigon\n|\n|-weather|RainDance|[upkeep]\n|upkeep\n|\n|t:|1699153314\n|switch|p2a: Gengar|Gengar, M|100\/100\n|turn|15\n|\n|t:|1699153324\n|switch|p1a: Mew|Mew, shiny|75\/100\n|move|p2a: Gengar|Shadow Ball|p1a: Mew\n|-supereffective|p1a: Mew\n|-damage|p1a: Mew|29\/100\n|\n|-weather|RainDance|[upkeep]\n|-heal|p1a: Mew|35\/100|[from] item: Leftovers\n|upkeep\n|turn|16\n|\n|t:|1699153332\n|move|p2a: Gengar|Shadow Ball|p1a: Mew\n|-supereffective|p1a: Mew\n|-damage|p1a: Mew|0 fnt\n|faint|p1a: Mew\n|\n|-weather|RainDance|[upkeep]\n|upkeep\n|\n|t:|1699153335\n|switch|p1a: Brute Bonnet|Brute Bonnet|100\/100\n|turn|17\n|\n|t:|1699153343\n|move|p1a: Brute Bonnet|Sucker Punch|p2a: Gengar\n|-supereffective|p2a: Gengar\n|-damage|p2a: Gengar|0 fnt\n|faint|p2a: Gengar\n|-damage|p1a: Brute Bonnet|91\/100|[from] item: Life Orb\n|\n|-weather|none\n|upkeep\n|\n|t:|1699153357\n|switch|p2a: Heracross|Heracross, M|100\/100\n|turn|18\n|inactive|brianbass has 120 seconds left.\n|\n|t:|1699153394\n|-terastallize|p1a: Brute Bonnet|Fairy\n|move|p2a: Heracross|Close Combat|p1a: Brute Bonnet\n|-resisted|p1a: Brute Bonnet\n|-damage|p1a: Brute Bonnet|63\/100\n|-unboost|p2a: Heracross|def|1\n|-unboost|p2a: Heracross|spd|1\n|move|p1a: Brute Bonnet|Spore|p2a: Heracross\n|-status|p2a: Heracross|slp|[from] move: Spore\n|\n|upkeep\n|turn|19\n|inactive|brianbass has 120 seconds left.\n|\n|t:|1699153404\n|-end|p1a: Brute Bonnet|Protosynthesis|[silent]\n|switch|p1a: Barraskewda|Barraskewda, F|100\/100\n|cant|p2a: Heracross|slp\n|\n|upkeep\n|turn|20\n|inactive|brianbass has 120 seconds left.\n|\n|t:|1699153420\n|switch|p2a: Klefki|Klefki, F|61\/100\n|move|p1a: Barraskewda|Liquidation|p2a: Klefki\n|-damage|p2a: Klefki|0 fnt\n|faint|p2a: Klefki\n|\n|upkeep\n|c|\u2606brianbass|i dont wanna die\n|\n|t:|1699153428\n|switch|p2a: Cloyster|Cloyster, F|68\/100\n|turn|21\n|c|\u2606brianbass|bruv\n|\n|t:|1699153433\n|move|p1a: Barraskewda|Liquidation|p2a: Cloyster\n|-resisted|p2a: Cloyster\n|-damage|p2a: Cloyster|45\/100\n|move|p2a: Cloyster|Rock Blast|p1a: Barraskewda\n|-crit|p1a: Barraskewda\n|-damage|p1a: Barraskewda|78\/100\n|-damage|p1a: Barraskewda|64\/100\n|-damage|p1a: Barraskewda|50\/100\n|-damage|p1a: Barraskewda|37\/100\n|-damage|p1a: Barraskewda|23\/100\n|-hitcount|p1a: Barraskewda|5\n|\n|upkeep\n|turn|22\n|\n|t:|1699153445\n|switch|p1a: Brute Bonnet|Brute Bonnet, tera:Fairy|63\/100\n|move|p2a: Cloyster|Rock Blast|p1a: Brute Bonnet\n|-damage|p1a: Brute Bonnet|57\/100\n|-damage|p1a: Brute Bonnet|51\/100\n|-damage|p1a: Brute Bonnet|45\/100\n|-damage|p1a: Brute Bonnet|39\/100\n|-damage|p1a: Brute Bonnet|33\/100\n|-hitcount|p1a: Brute Bonnet|5\n|\n|upkeep\n|turn|23\n|inactive|brianbass has 120 seconds left.\n|\n|t:|1699153475\n|move|p1a: Brute Bonnet|Sucker Punch|p2a: Cloyster\n|-damage|p2a: Cloyster|7\/100\n|-damage|p1a: Brute Bonnet|24\/100|[from] item: Life Orb\n|move|p2a: Cloyster|Icicle Spear|p1a: Brute Bonnet\n|-damage|p1a: Brute Bonnet|15\/100\n|-damage|p1a: Brute Bonnet|6\/100\n|-crit|p1a: Brute Bonnet\n|-damage|p1a: Brute Bonnet|0 fnt\n|faint|p1a: Brute Bonnet\n|-end|p1a: Brute Bonnet|Protosynthesis|[silent]\n|-hitcount|p1: Brute Bonnet|3\n|\n|upkeep\n|\n|t:|1699153478\n|switch|p1a: Barraskewda|Barraskewda, F|23\/100\n|turn|24\n|\n|t:|1699153492\n|move|p1a: Barraskewda|Liquidation|p2a: Cloyster\n|-resisted|p2a: Cloyster\n|-damage|p2a: Cloyster|0 fnt\n|faint|p2a: Cloyster\n|\n|upkeep\n|\n|t:|1699153497\n|switch|p2a: Oricorio|Oricorio, M|100\/100\n|turn|25\n|\n|t:|1699153500\n|move|p1a: Barraskewda|Liquidation|p2a: Oricorio\n|-supereffective|p2a: Oricorio\n|-damage|p2a: Oricorio|0 fnt\n|faint|p2a: Oricorio\n|\n|upkeep\n|\n|t:|1699153506\n|switch|p2a: Heracross|Heracross, M|100\/100 slp\n|turn|26\n|\n|t:|1699153513\n|move|p1a: Barraskewda|Liquidation|p2a: Heracross\n|-damage|p2a: Heracross|23\/100 slp\n|cant|p2a: Heracross|slp\n|\n|upkeep\n|turn|27\n|c|\u2606brianbass|i win\n|c|\u2606brianbass|YES\n|c|\u2606brianbass|YES\n|c|\u2606brianbass|YESSSSSSSSSs\n|c|\u2606brianbass|OMGF\n|c|\u2606brianbass|GG!\n|\n|t:|1699153528\n|move|p1a: Barraskewda|Liquidation|p2a: Heracross\n|-damage|p2a: Heracross|0 fnt\n|faint|p2a: Heracross\n|\n|win|brianbass\n|raw|brianbass's rating: 1066 &rarr; <strong>1095<\/strong><br \/>(+29 for winning)\n|raw|richboooybruh's rating: 1054 &rarr; <strong>1037<\/strong><br \/>(-17 for losing)\n|l|\u203drichboooybruh\n","uploadtime":1699153535,"views":11,"p1id":"brianbass","p2id":"richboooybruh","formatid":"gen9anythinggoes","rating":1037,"private":0,"password":""}