{"id":"gen9anythinggoes-1981773929","p1":"thediscopanda","p2":"ManicManwith","format":"[Gen 9] Anything Goes","log":"|j|\u2606thediscopanda\n|j|\u2606ManicManwith\n|t:|1698940585\n|gametype|singles\n|player|p1|thediscopanda|veteran-gen4|1173\n|player|p2|ManicManwith|tate-masters|1112\n|teamsize|p1|6\n|teamsize|p2|6\n|gen|9\n|tier|[Gen 9] Anything Goes\n|rated|\n|rule|HP Percentage Mod: HP is shown in percentages\n|rule|Endless Battle Clause: Forcing endless battles is banned\n|clearpoke\n|poke|p1|Cinderace, F|\n|poke|p1|Garganacl, F|\n|poke|p1|Calyrex-Shadow|\n|poke|p1|Moltres-Galar|\n|poke|p1|Iron Valiant|\n|poke|p1|Regieleki|\n|poke|p2|Chien-Pao|\n|poke|p2|Gliscor, F|\n|poke|p2|Flutter Mane|\n|poke|p2|Cramorant, M|\n|poke|p2|Glimmora, M|\n|poke|p2|Infernape, M|\n|teampreview\n|c|\u2606ManicManwith|damn\n|c|\u2606thediscopanda|wut?\n|c|\u2606ManicManwith|3 legendaries\n|c|\u2606ManicManwith|a paradox pokemon\n|c|\u2606thediscopanda|i kinow right\n|c|\u2606ManicManwith|one of the best starters\n|c|\u2606ManicManwith|and a wall\n|c|\u2606thediscopanda|yea\n|c|\u2606ManicManwith|damn this format sucks\n|\n|t:|1698940640\n|start\n|switch|p1a: Regieleki|Regieleki|100\/100\n|switch|p2a: Gliscor|Gliscor, F|100\/100\n|turn|1\n|c|\u2606thediscopanda|they work well together\n|\n|t:|1698940650\n|move|p1a: Regieleki|Ancient Power|p2a: Gliscor\n|-damage|p2a: Gliscor|59\/100\n|move|p2a: Gliscor|Swords Dance|p2a: Gliscor\n|-boost|p2a: Gliscor|atk|2\n|\n|-status|p2a: Gliscor|tox|[from] item: Toxic Orb\n|upkeep\n|turn|2\n|c|\u2606ManicManwith|no shit\n|\n|t:|1698940660\n|move|p1a: Regieleki|Ancient Power|p2a: Gliscor\n|-damage|p2a: Gliscor|21\/100 tox\n|move|p2a: Gliscor|Earthquake|p1a: Regieleki\n|-supereffective|p1a: Regieleki\n|-damage|p1a: Regieleki|0 fnt\n|faint|p1a: Regieleki\n|\n|-heal|p2a: Gliscor|33\/100 tox|[from] ability: Poison Heal\n|upkeep\n|\n|t:|1698940669\n|switch|p1a: Moltres|Moltres-Galar|100\/100\n|turn|3\n|\n|t:|1698940676\n|move|p2a: Gliscor|Facade|p1a: Moltres\n|-damage|p1a: Moltres|0 fnt\n|faint|p1a: Moltres\n|\n|-heal|p2a: Gliscor|46\/100 tox|[from] ability: Poison Heal\n|upkeep\n|c|\u2606ManicManwith|gliscor on top\n|c|\u2606thediscopanda|i am calling it u sweeped me\n|\n|t:|1698940693\n|switch|p1a: Calyrex|Calyrex-Shadow|100\/100\n|-ability|p1a: Calyrex|As One\n|-ability|p1a: Calyrex|Unnerve\n|turn|4\n|c|\u2606ManicManwith|nuh uh\n|c|\u2606ManicManwith|im about to be fucking banished bro what do you mean\n|c|\u2606ManicManwith|min 274 speed is fucking insane\n|\n|t:|1698940724\n|move|p1a: Calyrex|Astral Barrage|p2a: Gliscor\n|-damage|p2a: Gliscor|0 fnt\n|faint|p2a: Gliscor\n|-ability|p1a: Calyrex|Grim Neigh|boost\n|-boost|p1a: Calyrex|spa|1\n|\n|upkeep\n|\n|t:|1698940736\n|switch|p2a: chilly dawg|Chien-Pao|100\/100\n|-ability|p2a: chilly dawg|Sword of Ruin\n|turn|5\n|\n|t:|1698940740\n|-terastallize|p1a: Calyrex|Fighting\n|move|p1a: Calyrex|Tera Blast|p2a: chilly dawg|[anim] Tera Blast Fighting\n|-supereffective|p2a: chilly dawg\n|-damage|p2a: chilly dawg|0 fnt\n|faint|p2a: chilly dawg\n|-ability|p1a: Calyrex|Grim Neigh|boost\n|-boost|p1a: Calyrex|spa|1\n|\n|upkeep\n|\n|t:|1698940744\n|switch|p2a: Flutter Mane|Flutter Mane|100\/100\n|-enditem|p2a: Flutter Mane|Booster Energy\n|-activate|p2a: Flutter Mane|ability: Protosynthesis|[fromitem]\n|-start|p2a: Flutter Mane|protosynthesisspe\n|turn|6\n|\n|t:|1698940752\n|move|p2a: Flutter Mane|Dazzling Gleam|p1a: Calyrex\n|-supereffective|p1a: Calyrex\n|-damage|p1a: Calyrex|18\/100\n|move|p1a: Calyrex|Astral Barrage|p2a: Flutter Mane\n|-supereffective|p2a: Flutter Mane\n|-damage|p2a: Flutter Mane|0 fnt\n|faint|p2a: Flutter Mane\n|-end|p2a: Flutter Mane|Protosynthesis|[silent]\n|-ability|p1a: Calyrex|Grim Neigh|boost\n|-boost|p1a: Calyrex|spa|1\n|\n|upkeep\n|\n|t:|1698940765\n|switch|p2a: Cramorant|Cramorant, M|100\/100\n|turn|7\n|\n|t:|1698940770\n|move|p1a: Calyrex|Astral Barrage|p2a: Cramorant\n|-damage|p2a: Cramorant|0 fnt\n|faint|p2a: Cramorant\n|-ability|p1a: Calyrex|Grim Neigh|boost\n|-boost|p1a: Calyrex|spa|1\n|\n|upkeep\n|\n|t:|1698940772\n|switch|p2a: Glimmora|Glimmora, M|100\/100\n|-item|p2a: Glimmora|Air Balloon\n|turn|8\n|c|\u2606ManicManwith|dude i cant win against one of the best pokemon in the dex\n|j| IromL1veLand\n|\n|t:|1698940800\n|move|p1a: Calyrex|Tera Blast|p2a: Glimmora|[anim] Tera Blast Fighting\n|-damage|p2a: Glimmora|0 fnt\n|-enditem|p2a: Glimmora|Air Balloon\n|faint|p2a: Glimmora\n|-ability|p1a: Calyrex|Grim Neigh|boost\n|-boost|p1a: Calyrex|spa|1\n|\n|upkeep\n|\n|t:|1698940802\n|switch|p2a: moneke|Infernape, M, shiny|100\/100\n|turn|9\n|\n|t:|1698940810\n|move|p1a: Calyrex|Astral Barrage|p2a: moneke\n|-damage|p2a: moneke|0 fnt\n|faint|p2a: moneke\n|\n|win|thediscopanda\n|raw|thediscopanda's rating: 1173 &rarr; <strong>1194<\/strong><br \/>(+21 for winning)\n|raw|ManicManwith's rating: 1112 &rarr; <strong>1091<\/strong><br \/>(-21 for losing)\n|c|\u2606thediscopanda|ggs\n|c|\u2606ManicManwith|im going back to doubles ou\n|l|\u2606ManicManwith\n|c|\u2606thediscopanda|bet\n|l| IromL1veLand\n","uploadtime":1698940908,"views":9,"p1id":"thediscopanda","p2id":"manicmanwith","formatid":"gen9anythinggoes","rating":1091,"private":0,"password":""}