{"id":"gen9anythinggoes-1988927221","p1":"Scummy strats","p2":"Yugi Ogami","format":"[Gen 9] Anything Goes","log":"|j|\u2606Scummy strats\n|j|\u2606Yugi Ogami\n|t:|1699789264\n|gametype|singles\n|player|p1|Scummy strats|n|1234\n|player|p2|Yugi Ogami|nurse|1191\n|teamsize|p1|6\n|teamsize|p2|6\n|gen|9\n|tier|[Gen 9] Anything Goes\n|rated|\n|rule|HP Percentage Mod: HP is shown in percentages\n|rule|Endless Battle Clause: Forcing endless battles is banned\n|clearpoke\n|poke|p1|Vikavolt, F|\n|poke|p1|Qwilfish-Hisui, M|\n|poke|p1|Pelipper, F|\n|poke|p1|Rotom-Wash|\n|poke|p1|Quagsire, F|\n|poke|p1|Barraskewda, M|\n|poke|p2|Zoroark, M|\n|poke|p2|Zoroark-Hisui, F|\n|poke|p2|Ditto|\n|poke|p2|Ditto|\n|poke|p2|Mimikyu, M|\n|poke|p2|Meowscarada, F|\n|teampreview\n|\n|t:|1699789294\n|start\n|switch|p1a: Vikavolt|Vikavolt, F|100\/100\n|switch|p2a: Zoroark-dono|Mimikyu, M|100\/100\n|turn|1\n|\n|t:|1699789326\n|move|p2a: Zoroark-dono|Bulk Up|p2a: Zoroark-dono\n|-boost|p2a: Zoroark-dono|atk|1\n|-boost|p2a: Zoroark-dono|def|1\n|move|p1a: Vikavolt|Rain Dance|p1a: Vikavolt\n|-weather|RainDance\n|\n|-weather|RainDance|[upkeep]\n|upkeep\n|turn|2\n|\n|t:|1699789338\n|move|p2a: Zoroark-dono|Bulk Up|p2a: Zoroark-dono\n|-boost|p2a: Zoroark-dono|atk|1\n|-boost|p2a: Zoroark-dono|def|1\n|move|p1a: Vikavolt|Volt Switch|p2a: Zoroark-dono\n|-activate|p2a: Zoroark-dono|ability: Disguise\n|-damage|p2a: Zoroark-dono|100\/100\n|detailschange|p2a: Zoroark-dono|Mimikyu-Busted, M\n|-damage|p2a: Zoroark-dono|88\/100|[from] pokemon: Mimikyu-Busted\n|\n|t:|1699789349\n|switch|p1a: Rotom|Rotom-Wash|100\/100|[from] Volt Switch\n|\n|-weather|RainDance|[upkeep]\n|upkeep\n|turn|3\n|\n|t:|1699789358\n|move|p1a: Rotom|Thunder|p2a: Zoroark-dono\n|-damage|p2a: Zoroark-dono|16\/100\n|-enditem|p2a: Zoroark-dono|Iapapa Berry|[eat]\n|-heal|p2a: Zoroark-dono|49\/100|[from] item: Iapapa Berry\n|-damage|p1a: Rotom|91\/100|[from] item: Life Orb\n|move|p2a: Zoroark-dono|Play Rough|p1a: Rotom\n|-damage|p1a: Rotom|0 fnt\n|faint|p1a: Rotom\n|\n|-weather|RainDance|[upkeep]\n|upkeep\n|\n|t:|1699789377\n|switch|p1a: Quagsire|Quagsire, F|100\/100\n|turn|4\n|\n|t:|1699789386\n|move|p2a: Zoroark-dono|Play Rough|p1a: Quagsire\n|-damage|p1a: Quagsire|67\/100\n|move|p1a: Quagsire|Counter|p2a: Zoroark-dono\n|-immune|p2a: Zoroark-dono\n|\n|-weather|RainDance|[upkeep]\n|upkeep\n|turn|5\n|\n|t:|1699789393\n|move|p2a: Zoroark-dono|Curse|p1a: Quagsire\n|-start|p1a: Quagsire|Curse|[of] p2a: Zoroark-dono\n|-damage|p2a: Zoroark-dono|0 fnt\n|faint|p2a: Zoroark-dono\n|move|p1a: Quagsire|Yawn|p2: Zoroark-dono|[notarget]\n|-fail|p1a: Quagsire\n|\n|-weather|none\n|-damage|p1a: Quagsire|42\/100|[from] Curse\n|upkeep\n|-enditem|p1a: Quagsire|Sitrus Berry|[eat]\n|-heal|p1a: Quagsire|67\/100|[from] item: Sitrus Berry\n|\n|t:|1699789406\n|switch|p2a: Zoroark-kun|Zoroark, M|100\/100\n|turn|6\n|\n|t:|1699789435\n|switch|p1a: Vikavolt|Vikavolt, F|100\/100\n|move|p2a: Zoroark-kun|Nasty Plot|p2a: Zoroark-kun\n|-boost|p2a: Zoroark-kun|spa|2\n|\n|upkeep\n|turn|7\n|\n|t:|1699789441\n|move|p2a: Zoroark-kun|Flamethrower|p1a: Vikavolt\n|-supereffective|p1a: Vikavolt\n|-damage|p1a: Vikavolt|0 fnt\n|faint|p1a: Vikavolt\n|\n|upkeep\n|\n|t:|1699789447\n|switch|p1a: Pelipper|Pelipper, F|100\/100\n|-weather|RainDance|[from] ability: Drizzle|[of] p1a: Pelipper\n|turn|8\n|\n|t:|1699789469\n|move|p2a: Zoroark-kun|Hyper Voice|p1a: Pelipper\n|-damage|p1a: Pelipper|0 fnt\n|faint|p1a: Pelipper\n|\n|-weather|RainDance|[upkeep]\n|upkeep\n|\n|t:|1699789478\n|switch|p1a: Quagsire|Quagsire, F|67\/100\n|turn|9\n|\n|t:|1699789500\n|move|p2a: Zoroark-kun|Hyper Voice|p1a: Quagsire\n|-damage|p1a: Quagsire|27\/100\n|move|p1a: Quagsire|Yawn|p2a: Zoroark-kun\n|-start|p2a: Zoroark-kun|move: Yawn|[of] p1a: Quagsire\n|\n|-weather|RainDance|[upkeep]\n|upkeep\n|turn|10\n|\n|t:|1699789510\n|move|p2a: Zoroark-kun|Hyper Voice|p1a: Quagsire\n|-damage|p1a: Quagsire|0 fnt\n|faint|p1a: Quagsire\n|\n|-weather|RainDance|[upkeep]\n|-end|p2a: Zoroark-kun|move: Yawn|[silent]\n|-status|p2a: Zoroark-kun|slp\n|upkeep\n|\n|t:|1699789516\n|switch|p1a: Qwilfish|Qwilfish-Hisui, M, shiny|100\/100\n|turn|11\n|\n|t:|1699789520\n|move|p1a: Qwilfish|Minimize|p1a: Qwilfish\n|-boost|p1a: Qwilfish|evasion|2\n|cant|p2a: Zoroark-kun|slp\n|\n|-weather|RainDance|[upkeep]\n|upkeep\n|turn|12\n|\n|t:|1699789539\n|move|p1a: Qwilfish|Minimize|p1a: Qwilfish\n|-boost|p1a: Qwilfish|evasion|2\n|-curestatus|p2a: Zoroark-kun|slp|[msg]\n|move|p2a: Zoroark-kun|Hyper Voice|p1a: Qwilfish|[miss]\n|-miss|p2a: Zoroark-kun|p1a: Qwilfish\n|\n|-weather|RainDance|[upkeep]\n|upkeep\n|turn|13\n|\n|t:|1699789567\n|move|p1a: Qwilfish|Minimize|p1a: Qwilfish\n|-boost|p1a: Qwilfish|evasion|2\n|move|p2a: Zoroark-kun|Hyper Voice|p1a: Qwilfish\n|-damage|p1a: Qwilfish|12\/100\n|\n|-weather|RainDance|[upkeep]\n|upkeep\n|turn|14\n|\n|t:|1699789574\n|move|p1a: Qwilfish|Fell Stinger|p2a: Zoroark-kun\n|-resisted|p2a: Zoroark-kun\n|-damage|p2a: Zoroark-kun|88\/100\n|replace|p2a: Zoroark-san|Zoroark-Hisui, F\n|-end|p2a: Zoroark-san|Illusion\n|move|p2a: Zoroark-san|Hyper Voice|p1a: Qwilfish\n|-damage|p1a: Qwilfish|0 fnt\n|faint|p1a: Qwilfish\n|\n|-weather|RainDance|[upkeep]\n|upkeep\n|\n|t:|1699789583\n|switch|p1a: Barraskewda|Barraskewda, M|100\/100\n|turn|15\n|\n|t:|1699789590\n|move|p1a: Barraskewda|Liquidation|p2a: Zoroark-san\n|-damage|p2a: Zoroark-san|0 fnt\n|faint|p2a: Zoroark-san\n|-damage|p1a: Barraskewda|91\/100|[from] item: Life Orb\n|\n|-weather|none\n|upkeep\n|\n|t:|1699789593\n|switch|p2a: Zoroark-sama|Meowscarada, F|100\/100\n|turn|16\n|c|\u2606Scummy strats|That team\n|c|\u2606Scummy strats|Is physically making me think about my life decisions\n|\n|t:|1699789648\n|move|p2a: Zoroark-sama|Flower Trick|p1a: Barraskewda\n|-start|p2a: Zoroark-sama|typechange|Grass|[from] ability: Protean\n|-supereffective|p1a: Barraskewda\n|-crit|p1a: Barraskewda\n|-damage|p1a: Barraskewda|0 fnt\n|faint|p1a: Barraskewda\n|\n|win|Yugi Ogami\n|raw|Scummy strats's rating: 1234 &rarr; <strong>1206<\/strong><br \/>(-28 for losing)\n|raw|Yugi Ogami's rating: 1191 &rarr; <strong>1219<\/strong><br \/>(+28 for winning)\n|l|\u2606Scummy strats\n","uploadtime":1699789673,"views":30,"p1id":"scummystrats","p2id":"yugiogami","formatid":"gen9anythinggoes","rating":1206,"private":0,"password":""}