{"id":"gen9anythinggoes-1995227211","p1":"dratini_the_fool","p2":"sky-keeper41","format":"[Gen 9] Anything Goes","log":"|j|\u2606dratini_the_fool\n|j|\u2606sky-keeper41\n|t:|1700537064\n|gametype|singles\n|player|p1|dratini_the_fool|dawn|\n|player|p2|sky-keeper41|clair|\n|teamsize|p1|6\n|teamsize|p2|6\n|gen|9\n|tier|[Gen 9] Anything Goes\n|rule|HP Percentage Mod: HP is shown in percentages\n|rule|Endless Battle Clause: Forcing endless battles is banned\n|clearpoke\n|poke|p1|Garchomp, M|\n|poke|p1|Ceruledge, F|\n|poke|p1|Ninetales-Alola, M|\n|poke|p1|Scizor, M|\n|poke|p1|Gyarados, F|\n|poke|p1|Meowscarada, F|\n|poke|p2|Armarouge, M|\n|poke|p2|Dragonite, F|\n|poke|p2|Inteleon, F|\n|poke|p2|Decidueye, M|\n|poke|p2|Sylveon, F|\n|poke|p2|Toxtricity, M|\n|teampreview\n|\n|t:|1700537101\n|start\n|switch|p1a: Frostbite|Ninetales-Alola, M, shiny|100\/100\n|switch|p2a: princess|Dragonite, F|100\/100\n|turn|1\n|\n|t:|1700537117\n|move|p1a: Frostbite|Blizzard|p2a: princess\n|-supereffective|p2a: princess\n|-enditem|p2a: princess|Focus Sash\n|-damage|p2a: princess|1\/100\n|move|p2a: princess|Fire Punch|p1a: Frostbite\n|-supereffective|p1a: Frostbite\n|-damage|p1a: Frostbite|37\/100\n|\n|upkeep\n|turn|2\n|\n|t:|1700537146\n|switch|p2a: firedefender|Armarouge, M|100\/100\n|move|p1a: Frostbite|Freeze-Dry|p2a: firedefender\n|-resisted|p2a: firedefender\n|-damage|p2a: firedefender|89\/100\n|\n|-heal|p2a: firedefender|95\/100|[from] item: Leftovers\n|upkeep\n|turn|3\n|\n|t:|1700537157\n|switch|p1a: Gyarados|Gyarados, F|100\/100\n|-ability|p1a: Gyarados|Intimidate|boost\n|-unboost|p2a: firedefender|atk|1\n|move|p2a: firedefender|Calm Mind|p2a: firedefender\n|-boost|p2a: firedefender|spa|1\n|-boost|p2a: firedefender|spd|1\n|\n|-heal|p2a: firedefender|100\/100|[from] item: Leftovers\n|upkeep\n|turn|4\n|inactive|Battle timer is ON: inactive players will automatically lose when time's up. (requested by dratini_the_fool)\n|\n|t:|1700537171\n|switch|p2a: virus|Toxtricity, M|100\/100\n|move|p1a: Gyarados|Surf|p2a: virus\n|-damage|p2a: virus|67\/100\n|\n|-heal|p2a: virus|73\/100|[from] item: Leftovers\n|upkeep\n|turn|5\n|\n|t:|1700537181\n|-terastallize|p1a: Gyarados|Ground\n|move|p1a: Gyarados|Earthquake|p2a: virus\n|-supereffective|p2a: virus\n|-damage|p2a: virus|0 fnt\n|faint|p2a: virus\n|\n|upkeep\n|\n|t:|1700537194\n|switch|p2a: manipulator|Sylveon, F|100\/100\n|turn|6\n|\n|t:|1700537201\n|move|p1a: Gyarados|Earthquake|p2a: manipulator\n|-damage|p2a: manipulator|33\/100\n|move|p2a: manipulator|Calm Mind|p2a: manipulator\n|-boost|p2a: manipulator|spa|1\n|-boost|p2a: manipulator|spd|1\n|\n|upkeep\n|turn|7\n|\n|t:|1700537207\n|move|p1a: Gyarados|Earthquake|p2a: manipulator\n|-damage|p2a: manipulator|0 fnt\n|faint|p2a: manipulator\n|\n|upkeep\n|\n|t:|1700537213\n|switch|p2a: death's herald|Decidueye, M|100\/100\n|turn|8\n|\n|t:|1700537225\n|move|p1a: Gyarados|Hurricane|p2a: death's herald\n|-supereffective|p2a: death's herald\n|-damage|p2a: death's herald|30\/100\n|-start|p2a: death's herald|confusion\n|-activate|p2a: death's herald|confusion\n|move|p2a: death's herald|Spirit Shackle|p1a: Gyarados\n|-damage|p1a: Gyarados|64\/100\n|-activate|p1a: Gyarados|trapped\n|\n|-heal|p2a: death's herald|36\/100|[from] item: Leftovers\n|upkeep\n|turn|9\n|\n|t:|1700537241\n|switch|p2a: deadeye|Inteleon, F|100\/100\n|move|p1a: Gyarados|Hurricane|p2a: deadeye\n|-damage|p2a: deadeye|51\/100\n|\n|-heal|p2a: deadeye|57\/100|[from] item: Leftovers\n|upkeep\n|turn|10\n|\n|t:|1700537254\n|move|p2a: deadeye|Snipe Shot|p1a: Gyarados\n|-supereffective|p1a: Gyarados\n|-damage|p1a: Gyarados|0 fnt\n|faint|p1a: Gyarados\n|\n|-heal|p2a: deadeye|63\/100|[from] item: Leftovers\n|upkeep\n|\n|t:|1700537274\n|switch|p1a: Frostbite|Ninetales-Alola, M, shiny|37\/100\n|turn|11\n|\n|t:|1700537279\n|move|p1a: Frostbite|Freeze-Dry|p2a: deadeye\n|-supereffective|p2a: deadeye\n|-crit|p2a: deadeye\n|-damage|p2a: deadeye|0 fnt\n|faint|p2a: deadeye\n|\n|upkeep\n|\n|t:|1700537287\n|switch|p2a: firedefender|Armarouge, M|100\/100\n|turn|12\n|\n|t:|1700537302\n|switch|p1a: Garchomp|Garchomp, M|100\/100\n|move|p2a: firedefender|Calm Mind|p2a: firedefender\n|-boost|p2a: firedefender|spa|1\n|-boost|p2a: firedefender|spd|1\n|\n|upkeep\n|turn|13\n|\n|t:|1700537310\n|move|p1a: Garchomp|Earthquake|p2a: firedefender\n|-supereffective|p2a: firedefender\n|-damage|p2a: firedefender|7\/100\n|move|p2a: firedefender|Psychic|p1a: Garchomp\n|-damage|p1a: Garchomp|45\/100\n|-unboost|p1a: Garchomp|spd|1\n|\n|-heal|p1a: Garchomp|51\/100|[from] item: Leftovers\n|-heal|p2a: firedefender|13\/100|[from] item: Leftovers\n|upkeep\n|turn|14\n|\n|t:|1700537330\n|switch|p2a: princess|Dragonite, F|1\/100\n|move|p1a: Garchomp|Earthquake|p2a: princess\n|-immune|p2a: princess\n|\n|-heal|p1a: Garchomp|57\/100|[from] item: Leftovers\n|upkeep\n|turn|15\n|\n|t:|1700537344\n|move|p1a: Garchomp|Dragon Claw|p2a: princess\n|-supereffective|p2a: princess\n|-damage|p2a: princess|0 fnt\n|faint|p2a: princess\n|\n|-heal|p1a: Garchomp|63\/100|[from] item: Leftovers\n|upkeep\n|\n|t:|1700537351\n|switch|p2a: death's herald|Decidueye, M|36\/100\n|turn|16\n|\n|t:|1700537357\n|move|p1a: Garchomp|Dragon Claw|p2a: death's herald\n|-damage|p2a: death's herald|0 fnt\n|faint|p2a: death's herald\n|\n|-heal|p1a: Garchomp|69\/100|[from] item: Leftovers\n|upkeep\n|\n|t:|1700537362\n|switch|p2a: firedefender|Armarouge, M|13\/100\n|turn|17\n|\n|t:|1700537379\n|move|p1a: Garchomp|Earthquake|p2a: firedefender\n|-supereffective|p2a: firedefender\n|-damage|p2a: firedefender|0 fnt\n|faint|p2a: firedefender\n|\n|win|dratini_the_fool\n|l|\u2606sky-keeper41\n","uploadtime":1700537392,"views":1,"p1id":"dratinithefool","p2id":"skykeeper41","formatid":"gen9anythinggoes","rating":0,"private":0,"password":""}