{"id":"gen9anythinggoes-1982114403","p1":"mohamed_asfar","p2":"Zachary_Stewart757","format":"[Gen 9] Anything Goes","log":"|j|\u2606mohamed_asfar\n|j|\u2606Zachary_Stewart757\n|t:|1698969292\n|gametype|singles\n|player|p1|mohamed_asfar|giovanni|\n|player|p2|Zachary_Stewart757|fisherman-gen4|\n|teamsize|p1|6\n|teamsize|p2|6\n|gen|9\n|tier|[Gen 9] Anything Goes\n|rule|HP Percentage Mod: HP is shown in percentages\n|rule|Endless Battle Clause: Forcing endless battles is banned\n|clearpoke\n|poke|p1|Gliscor, F|\n|poke|p1|Ninetales-Alola, M|\n|poke|p1|Toxtricity, F|\n|poke|p1|Cetitan, F|\n|poke|p1|Samurott-Hisui, M|\n|poke|p1|Lilligant-Hisui, F|\n|poke|p2|Magnezone|\n|poke|p2|Tyranitar, F|\n|poke|p2|Cloyster, F|\n|poke|p2|Breloom, F|\n|poke|p2|Ceruledge, M|\n|poke|p2|Dragalge, F|\n|teampreview\n|inactive|Battle timer is ON: inactive players will automatically lose when time's up. (requested by mohamed_asfar)\n|inactive|Zachary_Stewart757 has 270 seconds left.\n|\n|t:|1698969327\n|start\n|switch|p1a: Ninetales|Ninetales-Alola, M|100\/100\n|switch|p2a: Magnezone|Magnezone|100\/100\n|-weather|Snow|[from] ability: Snow Warning|[of] p1a: Ninetales\n|turn|1\n|\n|t:|1698969349\n|move|p1a: Ninetales|Aurora Veil|p1a: Ninetales\n|-sidestart|p1: mohamed_asfar|move: Aurora Veil\n|move|p2a: Magnezone|Tri Attack|p1a: Ninetales\n|-damage|p1a: Ninetales|86\/100\n|-status|p1a: Ninetales|par\n|\n|-weather|Snow|[upkeep]\n|upkeep\n|turn|2\n|inactive|mohamed_asfar has 270 seconds left.\n|\n|t:|1698969373\n|switch|p1a: Cetitan|Cetitan, F|100\/100\n|move|p2a: Magnezone|Flash Cannon|p1a: Cetitan\n|-supereffective|p1a: Cetitan\n|-damage|p1a: Cetitan|61\/100\n|\n|-weather|Snow|[upkeep]\n|upkeep\n|turn|3\n|inactive|Zachary_Stewart757 has 270 seconds left.\n|inactiveoff|Battle timer is now OFF.\n|\n|t:|1698969427\n|move|p1a: Cetitan|High Horsepower|p2a: Magnezone\n|-supereffective|p2a: Magnezone\n|-ability|p2a: Magnezone|Sturdy\n|-damage|p2a: Magnezone|1\/100\n|move|p2a: Magnezone|Flash Cannon|p1a: Cetitan\n|-supereffective|p1a: Cetitan\n|-damage|p1a: Cetitan|24\/100\n|-unboost|p1a: Cetitan|spd|1\n|-enditem|p1a: Cetitan|Sitrus Berry|[eat]\n|-heal|p1a: Cetitan|49\/100|[from] item: Sitrus Berry\n|\n|-weather|Snow|[upkeep]\n|upkeep\n|turn|4\n|\n|t:|1698969462\n|switch|p2a: Breloom|Breloom, F|100\/100\n|move|p1a: Cetitan|Ice Spinner|p2a: Breloom\n|-supereffective|p2a: Breloom\n|-damage|p2a: Breloom|9\/100\n|\n|-weather|Snow|[upkeep]\n|-status|p2a: Breloom|tox|[from] item: Toxic Orb\n|upkeep\n|turn|5\n|j| frog daddy 224\n|\n|t:|1698969484\n|move|p1a: Cetitan|High Horsepower|p2a: Breloom\n|-resisted|p2a: Breloom\n|-damage|p2a: Breloom|0 fnt\n|faint|p2a: Breloom\n|\n|-weather|none\n|upkeep\n|\n|t:|1698969489\n|switch|p2a: Magnezone|Magnezone|1\/100\n|turn|6\n|-activate|p2a: Magnezone|item: Quick Claw\n|\n|t:|1698969493\n|move|p1a: Cetitan|Protect|p1a: Cetitan\n|-singleturn|p1a: Cetitan|Protect\n|move|p2a: Magnezone|Flash Cannon|p1a: Cetitan\n|-activate|p1a: Cetitan|move: Protect\n|\n|upkeep\n|turn|7\n|\n|t:|1698969511\n|switch|p1a: Gliscor|Gliscor, F, shiny|100\/100\n|move|p2a: Magnezone|Flash Cannon|p1a: Gliscor\n|-damage|p1a: Gliscor|77\/100\n|\n|-status|p1a: Gliscor|tox|[from] item: Toxic Orb\n|upkeep\n|turn|8\n|\n|t:|1698969525\n|switch|p2a: Cloyster|Cloyster, F|100\/100\n|move|p1a: Gliscor|U-turn|p2a: Cloyster\n|-damage|p2a: Cloyster|88\/100\n|\n|t:|1698969534\n|switch|p1a: Lilligant|Lilligant-Hisui, F|100\/100|[from] U-turn\n|\n|-sideend|p1: mohamed_asfar|move: Aurora Veil\n|upkeep\n|turn|9\n|\n|t:|1698969544\n|switch|p2a: Ceruledge|Ceruledge, M|100\/100\n|move|p1a: Lilligant|Solar Blade||[still]\n|-prepare|p1a: Lilligant|Solar Blade\n|-enditem|p1a: Lilligant|Power Herb\n|-anim|p1a: Lilligant|Solar Blade|p2a: Ceruledge\n|-resisted|p2a: Ceruledge\n|-damage|p2a: Ceruledge|70\/100\n|\n|upkeep\n|turn|10\n|\n|t:|1698969576\n|switch|p1a: Cetitan|Cetitan, F|49\/100\n|move|p2a: Ceruledge|Bitter Blade|p1a: Cetitan\n|-supereffective|p1a: Cetitan\n|-damage|p1a: Cetitan|0 fnt\n|-heal|p2a: Ceruledge|100\/100|[from] drain|[of] p1a: Cetitan\n|faint|p1a: Cetitan\n|\n|upkeep\n|\n|t:|1698969598\n|switch|p1a: Samurott|Samurott-Hisui, M|100\/100\n|turn|11\n|\n|t:|1698969658\n|switch|p2a: Tyranitar|Tyranitar, F|100\/100\n|-weather|Sandstorm|[from] ability: Sand Stream|[of] p2a: Tyranitar\n|move|p1a: Samurott|Ceaseless Edge|p2a: Tyranitar\n|-resisted|p2a: Tyranitar\n|-damage|p2a: Tyranitar|83\/100\n|-sidestart|p2: Zachary_Stewart757|Spikes\n|\n|-weather|Sandstorm|[upkeep]\n|-damage|p1a: Samurott|94\/100|[from] Sandstorm\n|-heal|p2a: Tyranitar|90\/100|[from] item: Leftovers\n|upkeep\n|turn|12\n|\n|t:|1698969683\n|move|p1a: Samurott|Sacred Sword|p2a: Tyranitar\n|-supereffective|p2a: Tyranitar\n|-damage|p2a: Tyranitar|0 fnt\n|faint|p2a: Tyranitar\n|\n|-weather|Sandstorm|[upkeep]\n|-damage|p1a: Samurott|88\/100|[from] Sandstorm\n|upkeep\n|\n|t:|1698969700\n|switch|p2a: Dragalge|Dragalge, F|100\/100\n|-damage|p2a: Dragalge|88\/100|[from] Spikes\n|turn|13\n|\n|t:|1698969753\n|move|p1a: Samurott|Ceaseless Edge|p2a: Dragalge|[miss]\n|-miss|p1a: Samurott|p2a: Dragalge\n|move|p2a: Dragalge|Sludge Bomb|p1a: Samurott\n|-damage|p1a: Samurott|51\/100\n|\n|-weather|Sandstorm|[upkeep]\n|-damage|p1a: Samurott|44\/100|[from] Sandstorm\n|-damage|p2a: Dragalge|82\/100|[from] Sandstorm\n|-heal|p2a: Dragalge|88\/100|[from] item: Black Sludge\n|upkeep\n|turn|14\n|\n|t:|1698969763\n|move|p1a: Samurott|Ceaseless Edge|p2a: Dragalge\n|-damage|p2a: Dragalge|40\/100\n|-sidestart|p2: Zachary_Stewart757|Spikes\n|move|p2a: Dragalge|Dragon Pulse|p1a: Samurott\n|-damage|p1a: Samurott|7\/100\n|\n|-weather|Sandstorm|[upkeep]\n|-damage|p1a: Samurott|1\/100|[from] Sandstorm\n|-damage|p2a: Dragalge|34\/100|[from] Sandstorm\n|-heal|p2a: Dragalge|40\/100|[from] item: Black Sludge\n|upkeep\n|turn|15\n|\n|t:|1698969774\n|switch|p2a: Magnezone|Magnezone|1\/100\n|-damage|p2a: Magnezone|0 fnt|[from] Spikes\n|faint|p2a: Magnezone\n|move|p1a: Samurott|Ceaseless Edge|p2: Magnezone|[notarget]\n|-fail|p1a: Samurott\n|\n|-weather|none\n|upkeep\n|\n|t:|1698969811\n|switch|p2a: Ceruledge|Ceruledge, M|100\/100\n|-damage|p2a: Ceruledge|84\/100|[from] Spikes\n|turn|16\n|\n|t:|1698969817\n|move|p1a: Samurott|Aqua Jet|p2a: Ceruledge\n|-supereffective|p2a: Ceruledge\n|-damage|p2a: Ceruledge|40\/100\n|move|p2a: Ceruledge|Bitter Blade|p1a: Samurott\n|-resisted|p1a: Samurott\n|-damage|p1a: Samurott|0 fnt\n|-heal|p2a: Ceruledge|40\/100|[from] drain|[of] p1a: Samurott\n|faint|p1a: Samurott\n|\n|upkeep\n|\n|t:|1698969838\n|switch|p1a: Gliscor|Gliscor, F, shiny|77\/100 tox\n|turn|17\n|\n|t:|1698969847\n|switch|p2a: Cloyster|Cloyster, F|88\/100\n|-damage|p2a: Cloyster|72\/100|[from] Spikes\n|move|p1a: Gliscor|Protect||[still]\n|-fail|p1a: Gliscor\n|\n|-heal|p1a: Gliscor|89\/100 tox|[from] ability: Poison Heal\n|upkeep\n|turn|18\n|\n|t:|1698969860\n|move|p1a: Gliscor|Sunny Day|p1a: Gliscor\n|-weather|SunnyDay\n|move|p2a: Cloyster|Icicle Spear|p1a: Gliscor\n|-supereffective|p1a: Gliscor\n|-damage|p1a: Gliscor|56\/100 tox\n|-supereffective|p1a: Gliscor\n|-damage|p1a: Gliscor|26\/100 tox\n|-supereffective|p1a: Gliscor\n|-damage|p1a: Gliscor|0 fnt\n|faint|p1a: Gliscor\n|-hitcount|p1: Gliscor|3\n|\n|-weather|SunnyDay|[upkeep]\n|upkeep\n|\n|t:|1698969871\n|switch|p1a: Lilligant|Lilligant-Hisui, F|100\/100\n|turn|19\n|\n|t:|1698969884\n|switch|p2a: Dragalge|Dragalge, F|40\/100\n|-damage|p2a: Dragalge|23\/100|[from] Spikes\n|move|p1a: Lilligant|Solar Blade||[still]\n|-prepare|p1a: Lilligant|Solar Blade\n|-anim|p1a: Lilligant|Solar Blade|p2a: Dragalge\n|-resisted|p2a: Dragalge\n|-damage|p2a: Dragalge|7\/100\n|\n|-weather|SunnyDay|[upkeep]\n|-heal|p2a: Dragalge|13\/100|[from] item: Black Sludge\n|upkeep\n|turn|20\n|\n|t:|1698969895\n|move|p1a: Lilligant|Acrobatics|p2a: Dragalge\n|-damage|p2a: Dragalge|0 fnt\n|faint|p2a: Dragalge\n|\n|-weather|SunnyDay|[upkeep]\n|upkeep\n|\n|t:|1698969902\n|switch|p2a: Ceruledge|Ceruledge, M|40\/100\n|-damage|p2a: Ceruledge|24\/100|[from] Spikes\n|turn|21\n|\n|t:|1698969907\n|move|p1a: Lilligant|Acrobatics|p2a: Ceruledge\n|-damage|p2a: Ceruledge|0 fnt\n|faint|p2a: Ceruledge\n|\n|-weather|SunnyDay|[upkeep]\n|upkeep\n|\n|t:|1698969911\n|switch|p2a: Cloyster|Cloyster, F|72\/100\n|-damage|p2a: Cloyster|55\/100|[from] Spikes\n|turn|22\n|\n|t:|1698969917\n|move|p1a: Lilligant|Solar Blade||[still]\n|-prepare|p1a: Lilligant|Solar Blade\n|-anim|p1a: Lilligant|Solar Blade|p2a: Cloyster\n|-supereffective|p2a: Cloyster\n|-damage|p2a: Cloyster|0 fnt\n|faint|p2a: Cloyster\n|\n|win|mohamed_asfar\n","uploadtime":1698969933,"views":9,"p1id":"mohamedasfar","p2id":"zacharystewart757","formatid":"gen9anythinggoes","rating":0,"private":0,"password":""}