{"id":"gen9anythinggoes-1973314118","p1":"ohgodnotagain","p2":"niyose","format":"[Gen 9] Anything Goes","log":"|j|\u2606ohgodnotagain\n|j|\u2606niyose\n|t:|1697953143\n|gametype|singles\n|player|p1|ohgodnotagain|170|1157\n|player|p2|niyose|pokemonranger|1135\n|teamsize|p1|6\n|teamsize|p2|6\n|gen|9\n|tier|[Gen 9] Anything Goes\n|rated|\n|rule|HP Percentage Mod: HP is shown in percentages\n|rule|Endless Battle Clause: Forcing endless battles is banned\n|clearpoke\n|poke|p1|Skeledirge, M|\n|poke|p1|Garganacl, F|\n|poke|p1|Garchomp, F|\n|poke|p1|Ogerpon-Hearthflame, F|\n|poke|p1|Kilowattrel, M|\n|poke|p1|Great Tusk|\n|poke|p2|Espeon, M|\n|poke|p2|Scream Tail|\n|poke|p2|Espathra, F|\n|poke|p2|Drifblim, M|\n|poke|p2|Farigiraf, F|\n|poke|p2|Lechonk, M|\n|teampreview\n|\n|t:|1697953151\n|start\n|switch|p1a: Kilowattrel|Kilowattrel, M|100\/100\n|switch|p2a: Scream Tail|Scream Tail|100\/100\n|-enditem|p2a: Scream Tail|Booster Energy\n|-activate|p2a: Scream Tail|ability: Protosynthesis|[fromitem]\n|-start|p2a: Scream Tail|protosynthesisspe\n|turn|1\n|\n|t:|1697953159\n|move|p2a: Scream Tail|Substitute|p2a: Scream Tail\n|-start|p2a: Scream Tail|Substitute\n|-damage|p2a: Scream Tail|76\/100\n|move|p1a: Kilowattrel|Thunderbolt|p2a: Scream Tail\n|-end|p2a: Scream Tail|Substitute\n|\n|upkeep\n|turn|2\n|inactive|Battle timer is ON: inactive players will automatically lose when time's up. (requested by ohgodnotagain)\n|\n|t:|1697953168\n|-terastallize|p2a: Scream Tail|Ground\n|move|p2a: Scream Tail|Substitute|p2a: Scream Tail\n|-start|p2a: Scream Tail|Substitute\n|-damage|p2a: Scream Tail|51\/100\n|move|p1a: Kilowattrel|Thunderbolt|p2a: Scream Tail\n|-immune|p2a: Scream Tail\n|\n|upkeep\n|turn|3\n|\n|t:|1697953175\n|switch|p1a: Skeledirge|Skeledirge, M, shiny|100\/100\n|move|p2a: Scream Tail|Amnesia|p2a: Scream Tail\n|-boost|p2a: Scream Tail|spd|2\n|\n|upkeep\n|turn|4\n|\n|t:|1697953181\n|move|p2a: Scream Tail|Amnesia|p2a: Scream Tail\n|-boost|p2a: Scream Tail|spd|2\n|move|p1a: Skeledirge|Torch Song|p2a: Scream Tail\n|-damage|p2a: Scream Tail|30\/100\n|-boost|p1a: Skeledirge|spa|1\n|\n|upkeep\n|turn|5\n|\n|t:|1697953189\n|move|p2a: Scream Tail|Bulk Up|p2a: Scream Tail\n|-boost|p2a: Scream Tail|atk|1\n|-boost|p2a: Scream Tail|def|1\n|move|p1a: Skeledirge|Torch Song|p2a: Scream Tail\n|-damage|p2a: Scream Tail|0 fnt\n|-boost|p1a: Skeledirge|spa|1\n|faint|p2a: Scream Tail\n|-end|p2a: Scream Tail|Protosynthesis|[silent]\n|\n|upkeep\n|\n|t:|1697953203\n|switch|p2a: Drifblim|Drifblim, M, shiny|100\/100\n|turn|6\n|\n|t:|1697953208\n|move|p2a: Drifblim|Clear Smog|p1a: Skeledirge\n|-resisted|p1a: Skeledirge\n|-damage|p1a: Skeledirge|97\/100\n|-clearboost|p1a: Skeledirge\n|move|p1a: Skeledirge|Torch Song|p2a: Drifblim\n|-damage|p2a: Drifblim|67\/100\n|-boost|p1a: Skeledirge|spa|1\n|\n|-heal|p1a: Skeledirge|100\/100|[from] item: Leftovers\n|upkeep\n|turn|7\n|\n|t:|1697953218\n|move|p2a: Drifblim|Substitute|p2a: Drifblim\n|-start|p2a: Drifblim|Substitute\n|-damage|p2a: Drifblim|42\/100\n|-enditem|p2a: Drifblim|Sitrus Berry|[eat]\n|-heal|p2a: Drifblim|67\/100|[from] item: Sitrus Berry\n|move|p1a: Skeledirge|Torch Song|p2a: Drifblim\n|-crit|p2a: Drifblim\n|-damage|p2a: Drifblim|0 fnt\n|-boost|p1a: Skeledirge|spa|1\n|faint|p2a: Drifblim\n|\n|upkeep\n|\n|t:|1697953235\n|switch|p2a: God.|Lechonk, M|100\/100\n|turn|8\n|\n|t:|1697953241\n|move|p2a: God.|Play Rough|p1a: Skeledirge\n|-resisted|p1a: Skeledirge\n|-damage|p1a: Skeledirge|93\/100\n|move|p1a: Skeledirge|Will-O-Wisp|p2a: God.\n|-status|p2a: God.|brn\n|\n|-heal|p1a: Skeledirge|99\/100|[from] item: Leftovers\n|-damage|p2a: God.|94\/100 brn|[from] brn\n|upkeep\n|turn|9\n|-message|niyose forfeited.\n|\n|win|ohgodnotagain\n|raw|ohgodnotagain's rating: 1177 &rarr; <strong>1199<\/strong><br \/>(+22 for winning)\n|raw|niyose's rating: 1135 &rarr; <strong>1113<\/strong><br \/>(-22 for losing)\n|l|\u2606niyose\n","uploadtime":1697953262,"views":11,"p1id":"ohgodnotagain","p2id":"niyose","formatid":"gen9anythinggoes","rating":1113,"private":0,"password":""}