{"id":"gen9anythinggoes-1992288293","p1":"neva_fn","p2":"Mrbeegamer1","format":"[Gen 9] Anything Goes","log":"|j|\u2606neva_fn\n|j|\u2606Mrbeegamer1\n|t:|1700171214\n|gametype|singles\n|player|p1|neva_fn|265|1101\n|player|p2|Mrbeegamer1|lucas|1080\n|teamsize|p1|6\n|teamsize|p2|6\n|gen|9\n|tier|[Gen 9] Anything Goes\n|rated|\n|rule|HP Percentage Mod: HP is shown in percentages\n|rule|Endless Battle Clause: Forcing endless battles is banned\n|clearpoke\n|poke|p1|Maushold-Four|\n|poke|p1|Gholdengo|\n|poke|p1|Garchomp, M|\n|poke|p1|Regieleki|\n|poke|p1|Chien-Pao|\n|poke|p1|Oricorio, M|\n|poke|p2|Cloyster, M|\n|poke|p2|Annihilape, M|\n|poke|p2|Ogerpon-Hearthflame, F|\n|poke|p2|Ursaluna-Bloodmoon, M|\n|poke|p2|Cresselia, F|\n|poke|p2|Ursaluna, M|\n|teampreview\n|\n|t:|1700171222\n|start\n|switch|p1a: Oricorio|Oricorio, M, shiny|100\/100\n|switch|p2a: Tricked Room|Cresselia, F|100\/100\n|turn|1\n|\n|t:|1700171229\n|move|p1a: Oricorio|Substitute|p1a: Oricorio\n|-start|p1a: Oricorio|Substitute\n|-damage|p1a: Oricorio|76\/100\n|move|p2a: Tricked Room|Trick Room|p2a: Tricked Room\n|-fieldstart|move: Trick Room|[of] p2a: Tricked Room\n|\n|-heal|p1a: Oricorio|82\/100|[from] item: Leftovers\n|upkeep\n|turn|2\n|\n|t:|1700171236\n|switch|p2a: Jef Fredbear|Ursaluna, M|100\/100\n|move|p1a: Oricorio|Quiver Dance|p1a: Oricorio\n|-boost|p1a: Oricorio|spa|1\n|-boost|p1a: Oricorio|spd|1\n|-boost|p1a: Oricorio|spe|1\n|\n|-heal|p1a: Oricorio|88\/100|[from] item: Leftovers\n|-status|p2a: Jef Fredbear|brn|[from] item: Flame Orb\n|upkeep\n|turn|3\n|\n|t:|1700171253\n|move|p2a: Jef Fredbear|Facade|p1a: Oricorio\n|-end|p1a: Oricorio|Substitute\n|move|p1a: Oricorio|Quiver Dance|p1a: Oricorio\n|-boost|p1a: Oricorio|spa|1\n|-boost|p1a: Oricorio|spd|1\n|-boost|p1a: Oricorio|spe|1\n|\n|-heal|p1a: Oricorio|94\/100|[from] item: Leftovers\n|-damage|p2a: Jef Fredbear|94\/100 brn|[from] brn\n|upkeep\n|turn|4\n|\n|t:|1700171262\n|move|p2a: Jef Fredbear|Facade|p1a: Oricorio\n|-damage|p1a: Oricorio|0 fnt\n|faint|p1a: Oricorio\n|\n|-damage|p2a: Jef Fredbear|88\/100 brn|[from] brn\n|upkeep\n|c|\u2606Mrbeegamer1|FREDDY FAZBEAR!??\n|\n|t:|1700171284\n|switch|p1a: Maushold|Maushold-Four, shiny|100\/100\n|turn|5\n|\n|t:|1700171297\n|-terastallize|p2a: Jef Fredbear|Normal\n|move|p1a: Maushold|Follow Me||[still]\n|-fail|p1a: Maushold\n|move|p2a: Jef Fredbear|Facade|p1a: Maushold\n|-damage|p1a: Maushold|0 fnt\n|faint|p1a: Maushold\n|\n|-damage|p2a: Jef Fredbear|82\/100 brn|[from] brn\n|-fieldend|move: Trick Room\n|upkeep\n|\n|t:|1700171311\n|switch|p1a: Chien-Pao|Chien-Pao|100\/100\n|-ability|p1a: Chien-Pao|Sword of Ruin\n|turn|6\n|\n|t:|1700171331\n|-terastallize|p1a: Chien-Pao|Flying\n|move|p1a: Chien-Pao|Sacred Sword|p2a: Jef Fredbear\n|-supereffective|p2a: Jef Fredbear\n|-damage|p2a: Jef Fredbear|36\/100 brn\n|move|p2a: Jef Fredbear|Headlong Rush|p1a: Chien-Pao\n|-immune|p1a: Chien-Pao\n|\n|-damage|p2a: Jef Fredbear|30\/100 brn|[from] brn\n|upkeep\n|turn|7\n|\n|t:|1700171343\n|switch|p2a: Tricked Room|Cresselia, F|100\/100\n|move|p1a: Chien-Pao|Sacred Sword|p2a: Tricked Room\n|-resisted|p2a: Tricked Room\n|-damage|p2a: Tricked Room|92\/100\n|\n|-heal|p2a: Tricked Room|98\/100|[from] item: Leftovers\n|upkeep\n|turn|8\n|\n|t:|1700171354\n|switch|p1a: Gholdengo|Gholdengo, shiny|100\/100\n|move|p2a: Tricked Room|Trick Room|p2a: Tricked Room\n|-fieldstart|move: Trick Room|[of] p2a: Tricked Room\n|\n|-heal|p2a: Tricked Room|100\/100|[from] item: Leftovers\n|upkeep\n|turn|9\n|\n|t:|1700171360\n|move|p2a: Tricked Room|Future Sight|p1a: Gholdengo\n|-start|p2a: Tricked Room|move: Future Sight\n|move|p1a: Gholdengo|Make It Rain|p2a: Tricked Room\n|-damage|p2a: Tricked Room|33\/100\n|-unboost|p1a: Gholdengo|spa|1\n|\n|-heal|p2a: Tricked Room|39\/100|[from] item: Leftovers\n|upkeep\n|turn|10\n|\n|t:|1700171373\n|switch|p2a: Freddy Fazbear|Ursaluna-Bloodmoon, M|100\/100\n|move|p1a: Gholdengo|Make It Rain|p2a: Freddy Fazbear\n|-damage|p2a: Freddy Fazbear|48\/100\n|-unboost|p1a: Gholdengo|spa|1\n|\n|upkeep\n|turn|11\n|\n|t:|1700171393\n|move|p2a: Freddy Fazbear|Earth Power|p1a: Gholdengo\n|-supereffective|p1a: Gholdengo\n|-damage|p1a: Gholdengo|0 fnt\n|faint|p1a: Gholdengo\n|\n|-hint|Future Sight did not hit because the target is fainted.\n|upkeep\n|\n|t:|1700171398\n|switch|p1a: Chien-Pao|Chien-Pao, tera:Flying|100\/100\n|-ability|p1a: Chien-Pao|Sword of Ruin\n|turn|12\n|\n|t:|1700171404\n|move|p2a: Freddy Fazbear|Blood Moon|p1a: Chien-Pao\n|-damage|p1a: Chien-Pao|0 fnt\n|faint|p1a: Chien-Pao\n|\n|-fieldend|move: Trick Room\n|upkeep\n|\n|t:|1700171411\n|switch|p1a: Regieleki|Regieleki, shiny|100\/100\n|turn|13\n|\n|t:|1700171420\n|move|p1a: Regieleki|Ancient Power|p2a: Freddy Fazbear\n|-resisted|p2a: Freddy Fazbear\n|-damage|p2a: Freddy Fazbear|41\/100\n|move|p2a: Freddy Fazbear|Earth Power|p1a: Regieleki\n|-supereffective|p1a: Regieleki\n|-damage|p1a: Regieleki|0 fnt\n|faint|p1a: Regieleki\n|\n|upkeep\n|\n|t:|1700171424\n|switch|p1a: Garchomp|Garchomp, M, shiny|100\/100\n|turn|14\n|\n|t:|1700171432\n|move|p1a: Garchomp|Swords Dance|p1a: Garchomp\n|-boost|p1a: Garchomp|atk|2\n|move|p2a: Freddy Fazbear|Blood Moon|p1a: Garchomp\n|-damage|p1a: Garchomp|27\/100\n|\n|upkeep\n|turn|15\n|c|\u2606Mrbeegamer1|I forgot I had moonblast\ud83d\udc80\n|\n|t:|1700171471\n|move|p1a: Garchomp|Earthquake|p2a: Freddy Fazbear\n|-damage|p2a: Freddy Fazbear|0 fnt\n|faint|p2a: Freddy Fazbear\n|\n|upkeep\n|\n|t:|1700171481\n|switch|p2a: Tricked Room|Cresselia, F|39\/100\n|turn|16\n|\n|t:|1700171486\n|move|p1a: Garchomp|Rock Slide|p2a: Tricked Room\n|-damage|p2a: Tricked Room|8\/100\n|move|p2a: Tricked Room|Trick Room|p2a: Tricked Room\n|-fieldstart|move: Trick Room|[of] p2a: Tricked Room\n|\n|-heal|p2a: Tricked Room|14\/100|[from] item: Leftovers\n|upkeep\n|turn|17\n|\n|t:|1700171494\n|move|p2a: Tricked Room|Future Sight|p1a: Garchomp\n|-start|p2a: Tricked Room|move: Future Sight\n|move|p1a: Garchomp|Rock Slide|p2a: Tricked Room\n|-damage|p2a: Tricked Room|0 fnt\n|faint|p2a: Tricked Room\n|\n|upkeep\n|c|\u2606Mrbeegamer1|GG\n|\n|t:|1700171502\n|switch|p2a: Jef Fredbear|Ursaluna, M, tera:Normal|30\/100 brn\n|turn|18\n|\n|t:|1700171508\n|move|p2a: Jef Fredbear|Facade|p1a: Garchomp\n|-damage|p1a: Garchomp|0 fnt\n|-damage|p2a: Jef Fredbear|17\/100 brn|[from] ability: Rough Skin|[of] p1a: Garchomp\n|faint|p1a: Garchomp\n|\n|win|Mrbeegamer1\n|raw|neva_fn's rating: 1101 &rarr; <strong>1074<\/strong><br \/>(-27 for losing)\n|raw|Mrbeegamer1's rating: 1080 &rarr; <strong>1110<\/strong><br \/>(+30 for winning)\n|l|\u2606neva_fn\n","uploadtime":1700171524,"views":11,"p1id":"nevafn","p2id":"mrbeegamer1","formatid":"gen9anythinggoes","rating":1074,"private":0,"password":""}