{"id":"gen9anythinggoes-1994375043","p1":"cxnnxrw","p2":"LingLing007","format":"[Gen 9] Anything Goes","log":"|j|\u2606cxnnxrw\n|j|\u2606LingLing007\n|t:|1700436713\n|gametype|singles\n|player|p1|cxnnxrw|101|1251\n|player|p2|LingLing007|proton|1303\n|teamsize|p1|6\n|teamsize|p2|6\n|gen|9\n|tier|[Gen 9] Anything Goes\n|rated|\n|rule|HP Percentage Mod: HP is shown in percentages\n|rule|Endless Battle Clause: Forcing endless battles is banned\n|clearpoke\n|poke|p1|Skeledirge, M|\n|poke|p1|Iron Valiant|\n|poke|p1|Tinkaton, F|\n|poke|p1|Veluza, F|\n|poke|p1|Baxcalibur, F|\n|poke|p1|Kingambit, F|\n|poke|p2|Roaring Moon|\n|poke|p2|Toxapex, F|\n|poke|p2|Zoroark-Hisui, M|\n|poke|p2|Polteageist-Antique|\n|poke|p2|Great Tusk|\n|poke|p2|Ninetales-Alola, F|\n|teampreview\n|inactive|Battle timer is ON: inactive players will automatically lose when time's up. (requested by LingLing007)\n|\n|t:|1700436721\n|start\n|switch|p1a: Baxcalibur|Baxcalibur, F|100\/100\n|switch|p2a: Ninetales|Ninetales-Alola, F, shiny|100\/100\n|-weather|Snow|[from] ability: Snow Warning|[of] p2a: Ninetales\n|turn|1\n|\n|t:|1700436731\n|switch|p1a: Skeledirge|Skeledirge, M|100\/100\n|move|p2a: Ninetales|Aurora Veil|p2a: Ninetales\n|-sidestart|p2: LingLing007|move: Aurora Veil\n|\n|-weather|Snow|[upkeep]\n|upkeep\n|turn|2\n|\n|t:|1700436739\n|switch|p2a: Roaring Moon|Roaring Moon|100\/100\n|-enditem|p2a: Roaring Moon|Booster Energy\n|-activate|p2a: Roaring Moon|ability: Protosynthesis|[fromitem]\n|-start|p2a: Roaring Moon|protosynthesisspe\n|move|p1a: Skeledirge|Torch Song|p2a: Roaring Moon\n|-resisted|p2a: Roaring Moon\n|-damage|p2a: Roaring Moon|93\/100\n|-boost|p1a: Skeledirge|spa|1\n|\n|-weather|Snow|[upkeep]\n|upkeep\n|turn|3\n|\n|t:|1700436750\n|move|p2a: Roaring Moon|Dragon Dance|p2a: Roaring Moon\n|-boost|p2a: Roaring Moon|atk|1\n|-boost|p2a: Roaring Moon|spe|1\n|move|p1a: Skeledirge|Will-O-Wisp|p2a: Roaring Moon\n|-status|p2a: Roaring Moon|brn\n|\n|-weather|Snow|[upkeep]\n|-damage|p2a: Roaring Moon|87\/100 brn|[from] brn\n|upkeep\n|turn|4\n|\n|t:|1700436765\n|move|p2a: Roaring Moon|Dragon Dance|p2a: Roaring Moon\n|-boost|p2a: Roaring Moon|atk|1\n|-boost|p2a: Roaring Moon|spe|1\n|move|p1a: Skeledirge|Hex|p2a: Roaring Moon\n|-resisted|p2a: Roaring Moon\n|-damage|p2a: Roaring Moon|68\/100 brn\n|\n|-weather|Snow|[upkeep]\n|-damage|p2a: Roaring Moon|62\/100 brn|[from] brn\n|upkeep\n|turn|5\n|\n|t:|1700436777\n|move|p2a: Roaring Moon|Knock Off|p1a: Skeledirge\n|-supereffective|p1a: Skeledirge\n|-damage|p1a: Skeledirge|67\/100\n|-enditem|p1a: Skeledirge|Leftovers|[from] move: Knock Off|[of] p2a: Roaring Moon\n|move|p1a: Skeledirge|Earth Power|p2a: Roaring Moon\n|-damage|p2a: Roaring Moon|45\/100 brn\n|\n|-weather|none\n|-damage|p2a: Roaring Moon|39\/100 brn|[from] brn\n|upkeep\n|turn|6\n|\n|t:|1700436788\n|move|p2a: Roaring Moon|Earthquake|p1a: Skeledirge\n|-supereffective|p1a: Skeledirge\n|-crit|p1a: Skeledirge\n|-damage|p1a: Skeledirge|34\/100\n|move|p1a: Skeledirge|Torch Song|p2a: Roaring Moon\n|-resisted|p2a: Roaring Moon\n|-damage|p2a: Roaring Moon|26\/100 brn\n|-boost|p1a: Skeledirge|spa|1\n|\n|-damage|p2a: Roaring Moon|20\/100 brn|[from] brn\n|upkeep\n|turn|7\n|\n|t:|1700436798\n|move|p2a: Roaring Moon|Earthquake|p1a: Skeledirge\n|-supereffective|p1a: Skeledirge\n|-damage|p1a: Skeledirge|10\/100\n|move|p1a: Skeledirge|Torch Song|p2a: Roaring Moon\n|-resisted|p2a: Roaring Moon\n|-damage|p2a: Roaring Moon|4\/100 brn\n|-boost|p1a: Skeledirge|spa|1\n|\n|-damage|p2a: Roaring Moon|0 fnt|[from] brn\n|faint|p2a: Roaring Moon\n|-end|p2a: Roaring Moon|Protosynthesis|[silent]\n|upkeep\n|\n|t:|1700436814\n|switch|p2a: Ninetales|Ninetales-Alola, F, shiny|100\/100\n|turn|8\n|\n|t:|1700436817\n|move|p2a: Ninetales|Shadow Ball|p1a: Skeledirge\n|-supereffective|p1a: Skeledirge\n|-damage|p1a: Skeledirge|0 fnt\n|faint|p1a: Skeledirge\n|\n|-sideend|p2: LingLing007|move: Aurora Veil\n|upkeep\n|\n|t:|1700436830\n|switch|p1a: Tinkaton|Tinkaton, F|100\/100\n|turn|9\n|\n|t:|1700436833\n|move|p2a: Ninetales|Flamethrower|p1a: Tinkaton\n|-supereffective|p1a: Tinkaton\n|-damage|p1a: Tinkaton|50\/100\n|-status|p1a: Tinkaton|brn\n|move|p1a: Tinkaton|Gigaton Hammer|p2a: Ninetales\n|-damage|p2a: Ninetales|36\/100\n|replace|p2a: Zoroark|Zoroark-Hisui, M, shiny\n|-end|p2a: Zoroark|Illusion\n|\n|-damage|p1a: Tinkaton|44\/100 brn|[from] brn\n|upkeep\n|turn|10\n|\n|t:|1700436848\n|move|p2a: Zoroark|Flamethrower|p1a: Tinkaton\n|-supereffective|p1a: Tinkaton\n|-damage|p1a: Tinkaton|0 fnt\n|faint|p1a: Tinkaton\n|\n|upkeep\n|\n|t:|1700436862\n|switch|p1a: Iron Valiant|Iron Valiant|100\/100\n|-enditem|p1a: Iron Valiant|Booster Energy\n|-activate|p1a: Iron Valiant|ability: Quark Drive|[fromitem]\n|-start|p1a: Iron Valiant|quarkdriveatk\n|turn|11\n|\n|t:|1700436872\n|move|p2a: Zoroark|Flamethrower|p1a: Iron Valiant\n|-damage|p1a: Iron Valiant|47\/100\n|-status|p1a: Iron Valiant|brn\n|move|p1a: Iron Valiant|Knock Off|p2a: Zoroark\n|-supereffective|p2a: Zoroark\n|-crit|p2a: Zoroark\n|-damage|p2a: Zoroark|0 fnt\n|-enditem|p2a: Zoroark|Focus Sash|[from] move: Knock Off|[of] p1a: Iron Valiant\n|faint|p2a: Zoroark\n|\n|-damage|p1a: Iron Valiant|40\/100 brn|[from] brn\n|upkeep\n|\n|t:|1700436882\n|switch|p2a: Polteageist|Polteageist-Antique|100\/100\n|turn|12\n|\n|t:|1700436889\n|-terastallize|p2a: Polteageist|Fairy\n|move|p1a: Iron Valiant|Knock Off|p2a: Polteageist\n|-resisted|p2a: Polteageist\n|-damage|p2a: Polteageist|77\/100\n|-start|p1a: Iron Valiant|Disable|Knock Off|[from] ability: Cursed Body|[of] p2a: Polteageist\n|-enditem|p2a: Polteageist|White Herb|[from] move: Knock Off|[of] p1a: Iron Valiant\n|move|p2a: Polteageist|Shell Smash|p2a: Polteageist\n|-unboost|p2a: Polteageist|def|1\n|-unboost|p2a: Polteageist|spd|1\n|-boost|p2a: Polteageist|atk|2\n|-boost|p2a: Polteageist|spa|2\n|-boost|p2a: Polteageist|spe|2\n|\n|-damage|p1a: Iron Valiant|34\/100 brn|[from] brn\n|upkeep\n|turn|13\n|\n|t:|1700436904\n|move|p2a: Polteageist|Giga Drain|p1a: Iron Valiant\n|-damage|p1a: Iron Valiant|0 fnt\n|-heal|p2a: Polteageist|96\/100|[from] drain|[of] p1a: Iron Valiant\n|faint|p1a: Iron Valiant\n|-end|p1a: Iron Valiant|Quark Drive|[silent]\n|\n|upkeep\n|\n|t:|1700436911\n|switch|p1a: Veluza|Veluza, F|100\/100\n|turn|14\n|\n|t:|1700436914\n|move|p2a: Polteageist|Giga Drain|p1a: Veluza\n|-supereffective|p1a: Veluza\n|-damage|p1a: Veluza|0 fnt\n|-heal|p2a: Polteageist|100\/100|[from] drain|[of] p1a: Veluza\n|faint|p1a: Veluza\n|\n|upkeep\n|\n|t:|1700436922\n|switch|p1a: Baxcalibur|Baxcalibur, F|100\/100\n|turn|15\n|\n|t:|1700436925\n|move|p2a: Polteageist|Stored Power|p1a: Baxcalibur\n|-damage|p1a: Baxcalibur|0 fnt\n|faint|p1a: Baxcalibur\n|\n|upkeep\n|\n|t:|1700436931\n|switch|p1a: Kingambit|Kingambit, F|100\/100\n|-activate|p1a: Kingambit|ability: Supreme Overlord\n|-start|p1a: Kingambit|fallen5|[silent]\n|turn|16\n|\n|t:|1700436938\n|move|p2a: Polteageist|Giga Drain|p1a: Kingambit\n|-resisted|p1a: Kingambit\n|-damage|p1a: Kingambit|67\/100\n|move|p1a: Kingambit|Iron Head|p2a: Polteageist\n|-supereffective|p2a: Polteageist\n|-crit|p2a: Polteageist\n|-damage|p2a: Polteageist|0 fnt\n|-start|p1a: Kingambit|Disable|Iron Head|[from] ability: Cursed Body|[of] p2a: Polteageist\n|faint|p2a: Polteageist\n|\n|upkeep\n|\n|t:|1700436947\n|switch|p2a: Ninetales|Ninetales-Alola, F, shiny|100\/100\n|-weather|Snow|[from] ability: Snow Warning|[of] p2a: Ninetales\n|turn|17\n|\n|t:|1700436968\n|-terastallize|p1a: Kingambit|Dark\n|move|p1a: Kingambit|Sucker Punch||[still]\n|-fail|p1a: Kingambit\n|move|p2a: Ninetales|Aurora Veil|p2a: Ninetales\n|-sidestart|p2: LingLing007|move: Aurora Veil\n|\n|-weather|Snow|[upkeep]\n|upkeep\n|turn|18\n|\n|t:|1700436978\n|move|p2a: Ninetales|Encore|p1a: Kingambit\n|-start|p1a: Kingambit|Encore\n|move|p1a: Kingambit|Sucker Punch||[still]\n|-fail|p1a: Kingambit\n|\n|-weather|Snow|[upkeep]\n|upkeep\n|turn|19\n|\n|t:|1700436985\n|switch|p2a: Toxapex|Toxapex, F|100\/100\n|move|p1a: Kingambit|Sucker Punch||[still]\n|-fail|p1a: Kingambit\n|\n|-weather|Snow|[upkeep]\n|-end|p1a: Kingambit|Disable\n|upkeep\n|turn|20\n|\n|t:|1700436994\n|move|p1a: Kingambit|Sucker Punch||[still]\n|-fail|p1a: Kingambit\n|move|p2a: Toxapex|Toxic|p1a: Kingambit\n|-status|p1a: Kingambit|tox\n|\n|-weather|Snow|[upkeep]\n|-damage|p1a: Kingambit|61\/100 tox|[from] psn\n|-end|p1a: Kingambit|Encore\n|upkeep\n|turn|21\n|\n|t:|1700437005\n|move|p1a: Kingambit|Kowtow Cleave|p2a: Toxapex\n|-damage|p2a: Toxapex|53\/100\n|-damage|p1a: Kingambit|45\/100 tox|[from] item: Rocky Helmet|[of] p2a: Toxapex\n|move|p2a: Toxapex|Liquidation|p1a: Kingambit\n|-damage|p1a: Kingambit|29\/100 tox\n|\n|-weather|none\n|-damage|p1a: Kingambit|16\/100 tox|[from] psn\n|upkeep\n|turn|22\n|\n|t:|1700437015\n|move|p1a: Kingambit|Kowtow Cleave|p2a: Toxapex\n|-damage|p2a: Toxapex|4\/100\n|-damage|p1a: Kingambit|0 fnt|[from] item: Rocky Helmet|[of] p2a: Toxapex\n|faint|p1a: Kingambit\n|-end|p1a: Kingambit|fallen5|[silent]\n|\n|win|LingLing007\n|raw|cxnnxrw's rating: 1251 &rarr; <strong>1230<\/strong><br \/>(-21 for losing)\n|raw|LingLing007's rating: 1303 &rarr; <strong>1320<\/strong><br \/>(+17 for winning)\n|c|\u2606LingLing007|gg\n|l|\u2606cxnnxrw\n","uploadtime":1700438323,"views":2,"p1id":"cxnnxrw","p2id":"lingling007","formatid":"gen9anythinggoes","rating":1230,"private":0,"password":""}