{"id":"gen9anythinggoes-1979708851","p1":"SingleBro","p2":"Hydro76226","format":"[Gen 9] Anything Goes","log":"|j|\u2606SingleBro\n|j|\u2606Hydro76226\n|t:|1698705325\n|gametype|singles\n|player|p1|SingleBro|n|1145\n|player|p2|Hydro76226|cyrus|1223\n|teamsize|p1|6\n|teamsize|p2|6\n|gen|9\n|tier|[Gen 9] Anything Goes\n|rated|\n|rule|HP Percentage Mod: HP is shown in percentages\n|rule|Endless Battle Clause: Forcing endless battles is banned\n|clearpoke\n|poke|p1|Basculegion, M|\n|poke|p1|Goodra-Hisui, F|\n|poke|p1|Samurott-Hisui, M|\n|poke|p1|Typhlosion-Hisui, M|\n|poke|p1|Zoroark-Hisui, M|\n|poke|p1|Decidueye-Hisui, M|\n|poke|p2|Darkrai|\n|poke|p2|Iron Bundle|\n|poke|p2|Magearna|\n|poke|p2|Chien-Pao|\n|poke|p2|Shaymin-Sky|\n|poke|p2|Iron Moth|\n|teampreview\n|\n|t:|1698705349\n|start\n|switch|p1a: Malevolent Sword|Samurott-Hisui, M|100\/100\n|switch|p2a: Iron Bundle|Iron Bundle|100\/100\n|-enditem|p2a: Iron Bundle|Booster Energy\n|-activate|p2a: Iron Bundle|ability: Quark Drive|[fromitem]\n|-start|p2a: Iron Bundle|quarkdrivespe\n|turn|1\n|\n|t:|1698705363\n|move|p2a: Iron Bundle|Freeze-Dry|p1a: Malevolent Sword\n|-supereffective|p1a: Malevolent Sword\n|-damage|p1a: Malevolent Sword|0 fnt\n|faint|p1a: Malevolent Sword\n|\n|upkeep\n|\n|t:|1698705378\n|switch|p1a: Shelled Goo|Goodra-Hisui, F|100\/100\n|turn|2\n|\n|t:|1698705383\n|move|p2a: Iron Bundle|Ice Beam|p1a: Shelled Goo\n|-damage|p1a: Shelled Goo|66\/100\n|-status|p1a: Shelled Goo|frz\n|cant|p1a: Shelled Goo|frz\n|\n|upkeep\n|turn|3\n|\n|t:|1698705393\n|move|p2a: Iron Bundle|Substitute|p2a: Iron Bundle\n|-start|p2a: Iron Bundle|Substitute\n|-damage|p2a: Iron Bundle|76\/100\n|-curestatus|p1a: Shelled Goo|frz|[msg]\n|move|p1a: Shelled Goo|Gyro Ball|p2a: Iron Bundle\n|-end|p2a: Iron Bundle|Substitute\n|\n|upkeep\n|turn|4\n|\n|t:|1698705402\n|move|p2a: Iron Bundle|Ice Beam|p1a: Shelled Goo\n|-damage|p1a: Shelled Goo|35\/100\n|-status|p1a: Shelled Goo|frz\n|cant|p1a: Shelled Goo|frz\n|\n|upkeep\n|turn|5\n|\n|t:|1698705412\n|move|p2a: Iron Bundle|Substitute|p2a: Iron Bundle\n|-start|p2a: Iron Bundle|Substitute\n|-damage|p2a: Iron Bundle|51\/100\n|-curestatus|p1a: Shelled Goo|frz|[msg]\n|move|p1a: Shelled Goo|Gyro Ball|p2a: Iron Bundle\n|-end|p2a: Iron Bundle|Substitute\n|\n|upkeep\n|turn|6\n|c|\u2606Hydro76226|Bro\n|\n|t:|1698705427\n|move|p2a: Iron Bundle|Ice Beam|p1a: Shelled Goo\n|-damage|p1a: Shelled Goo|3\/100\n|-status|p1a: Shelled Goo|frz\n|cant|p1a: Shelled Goo|frz\n|\n|upkeep\n|turn|7\n|c|\u2606Hydro76226|Stay frozen\n|\n|t:|1698705434\n|move|p2a: Iron Bundle|Ice Beam|p1a: Shelled Goo\n|-damage|p1a: Shelled Goo|0 fnt\n|faint|p1a: Shelled Goo\n|\n|upkeep\n|c|\u2606SingleBro|hehe\n|\n|t:|1698705443\n|switch|p1a: Keen Arrow|Decidueye-Hisui, M|100\/100\n|turn|8\n|c|\u2606Hydro76226|Three freezes in a row and two of them thawed turned 1\n|\n|t:|1698705462\n|move|p1a: Keen Arrow|Protect|p1a: Keen Arrow\n|-singleturn|p1a: Keen Arrow|Protect\n|move|p2a: Iron Bundle|Ice Beam|p1a: Keen Arrow\n|-activate|p1a: Keen Arrow|move: Protect\n|\n|upkeep\n|turn|9\n|\n|t:|1698705470\n|move|p2a: Iron Bundle|Ice Beam|p1a: Keen Arrow\n|-supereffective|p1a: Keen Arrow\n|-damage|p1a: Keen Arrow|0 fnt\n|faint|p1a: Keen Arrow\n|\n|upkeep\n|\n|t:|1698705475\n|switch|p1a: Burning Spirit|Typhlosion-Hisui, M|100\/100\n|turn|10\n|\n|t:|1698705480\n|move|p2a: Iron Bundle|Hydro Pump|p1a: Burning Spirit|[miss]\n|-miss|p2a: Iron Bundle|p1a: Burning Spirit\n|move|p1a: Burning Spirit|Infernal Parade|p2a: Iron Bundle\n|-damage|p2a: Iron Bundle|0 fnt\n|faint|p2a: Iron Bundle\n|-end|p2a: Iron Bundle|Quark Drive|[silent]\n|\n|upkeep\n|\n|t:|1698705486\n|switch|p2a: Chien-Pao|Chien-Pao|100\/100\n|-ability|p2a: Chien-Pao|Sword of Ruin\n|turn|11\n|inactive|Battle timer is ON: inactive players will automatically lose when time's up. (requested by Hydro76226)\n|\n|t:|1698705501\n|-singleturn|p1a: Burning Spirit|move: Focus Punch\n|move|p2a: Chien-Pao|Swords Dance|p2a: Chien-Pao\n|-boost|p2a: Chien-Pao|atk|2\n|move|p1a: Burning Spirit|Focus Punch|p2a: Chien-Pao\n|-supereffective|p2a: Chien-Pao\n|-enditem|p2a: Chien-Pao|Focus Sash\n|-damage|p2a: Chien-Pao|1\/100\n|\n|upkeep\n|turn|12\n|\n|t:|1698705511\n|switch|p1a: Drowned Souls|Basculegion, M|100\/100\n|move|p2a: Chien-Pao|Sucker Punch||[still]\n|-fail|p2a: Chien-Pao\n|\n|upkeep\n|turn|13\n|\n|t:|1698705520\n|move|p2a: Chien-Pao|Sucker Punch||[still]\n|-fail|p2a: Chien-Pao\n|move|p1a: Drowned Souls|Nasty Plot|p1a: Drowned Souls\n|-boost|p1a: Drowned Souls|spa|2\n|\n|upkeep\n|turn|14\n|\n|t:|1698705529\n|move|p2a: Chien-Pao|Sucker Punch|p1a: Drowned Souls\n|-supereffective|p1a: Drowned Souls\n|-damage|p1a: Drowned Souls|0 fnt\n|replace|p1a: Vengeful Copycat|Zoroark-Hisui, M, shiny\n|-end|p1a: Vengeful Copycat|Illusion\n|faint|p1a: Vengeful Copycat\n|\n|upkeep\n|\n|t:|1698705537\n|switch|p1a: Burning Spirit|Typhlosion-Hisui, M|100\/100\n|turn|15\n|\n|t:|1698705542\n|move|p2a: Chien-Pao|Sucker Punch|p1a: Burning Spirit\n|-supereffective|p1a: Burning Spirit\n|-damage|p1a: Burning Spirit|0 fnt\n|faint|p1a: Burning Spirit\n|\n|upkeep\n|\n|t:|1698705546\n|switch|p1a: Drowned Souls|Basculegion, M|100\/100\n|turn|16\n|\n|t:|1698705555\n|move|p2a: Chien-Pao|Sucker Punch|p1a: Drowned Souls\n|-supereffective|p1a: Drowned Souls\n|-damage|p1a: Drowned Souls|0 fnt\n|faint|p1a: Drowned Souls\n|\n|win|Hydro76226\n|raw|SingleBro's rating: 1145 &rarr; <strong>1126<\/strong><br \/>(-19 for losing)\n|raw|Hydro76226's rating: 1223 &rarr; <strong>1242<\/strong><br \/>(+19 for winning)\n|l|\u2606SingleBro\n|c|\u2606Hydro76226|You thought you ate with those named too\n","uploadtime":1698705570,"views":9,"p1id":"singlebro","p2id":"hydro76226","formatid":"gen9anythinggoes","rating":1126,"private":0,"password":""}