{"id":"gen9anythinggoes-1995472668","p1":"ghostlyplanets","p2":"Jeremy647","format":"[Gen 9] Anything Goes","log":"|j|\u2606ghostlyplanets\n|j|\u2606Jeremy647\n|t:|1700574659\n|gametype|singles\n|player|p1|ghostlyplanets|zirco-unite|1495\n|player|p2|Jeremy647|ruinmaniac|1400\n|teamsize|p1|6\n|teamsize|p2|6\n|gen|9\n|tier|[Gen 9] Anything Goes\n|rated|\n|rule|HP Percentage Mod: HP is shown in percentages\n|rule|Endless Battle Clause: Forcing endless battles is banned\n|clearpoke\n|poke|p1|Alomomola, F|\n|poke|p1|Dondozo, M|\n|poke|p1|Toxapex, F|\n|poke|p1|Glimmora, M|\n|poke|p1|Blissey, F|\n|poke|p1|Calyrex-Shadow|\n|poke|p2|Regieleki|\n|poke|p2|Espathra, M|\n|poke|p2|Palafin, M|\n|poke|p2|Rayquaza|\n|poke|p2|Ogerpon-Hearthflame, F|\n|poke|p2|Ursaluna-Bloodmoon, M|\n|teampreview\n|inactive|Battle timer is ON: inactive players will automatically lose when time's up. (requested by Jeremy647)\n|\n|t:|1700574672\n|start\n|switch|p1a: Glimmora|Glimmora, M|100\/100\n|switch|p2a: Palafin|Palafin, M|100\/100\n|turn|1\n|\n|t:|1700574676\n|move|p2a: Palafin|Flip Turn|p1a: Glimmora\n|-supereffective|p1a: Glimmora\n|-damage|p1a: Glimmora|50\/100\n|-activate|p1a: Glimmora|ability: Toxic Debris\n|-sidestart|p2: Jeremy647|move: Toxic Spikes\n|\n|t:|1700574680\n|detailschange|p2a: Palafin|Palafin-Hero, M\n|switch|p2a: Regieleki|Regieleki|100\/100|[from] Flip Turn\n|-status|p2a: Regieleki|psn\n|move|p1a: Glimmora|Stealth Rock|p2a: Regieleki\n|-sidestart|p2: Jeremy647|move: Stealth Rock\n|\n|-damage|p2a: Regieleki|88\/100 psn|[from] psn\n|upkeep\n|turn|2\n|\n|t:|1700574686\n|move|p2a: Regieleki|Volt Switch|p1a: Glimmora\n|-damage|p1a: Glimmora|0 fnt\n|faint|p1a: Glimmora\n|\n|t:|1700574694\n|switch|p2a: Rayquaza|Rayquaza|100\/100|[from] Volt Switch\n|-damage|p2a: Rayquaza|75\/100|[from] Stealth Rock\n|-ability|p2a: Rayquaza|Air Lock\n|\n|upkeep\n|inactive|ghostlyplanets has 120 seconds left.\n|\n|t:|1700574728\n|switch|p1a: Alomomola|Alomomola, F|100\/100\n|turn|3\n|\n|t:|1700574734\n|move|p2a: Rayquaza|Swords Dance|p2a: Rayquaza\n|-boost|p2a: Rayquaza|atk|2\n|move|p1a: Alomomola|Wish|p1a: Alomomola\n|\n|upkeep\n|turn|4\n|\n|t:|1700574739\n|move|p2a: Rayquaza|Swords Dance|p2a: Rayquaza\n|-boost|p2a: Rayquaza|atk|2\n|move|p1a: Alomomola|Scald|p2a: Rayquaza\n|-resisted|p2a: Rayquaza\n|-damage|p2a: Rayquaza|68\/100\n|\n|upkeep\n|turn|5\n|\n|t:|1700574747\n|move|p2a: Rayquaza|Extreme Speed|p1a: Alomomola\n|-crit|p1a: Alomomola\n|-damage|p1a: Alomomola|1\/100\n|-damage|p2a: Rayquaza|58\/100|[from] item: Life Orb\n|move|p1a: Alomomola|Wish|p1a: Alomomola\n|\n|upkeep\n|turn|6\n|\n|t:|1700574755\n|switch|p1a: Calyrex|Calyrex-Shadow|100\/100\n|-ability|p1a: Calyrex|As One\n|-ability|p1a: Calyrex|Unnerve\n|move|p2a: Rayquaza|Swords Dance|p2a: Rayquaza\n|-boost|p2a: Rayquaza|atk|2\n|\n|upkeep\n|turn|7\n|\n|t:|1700574762\n|-terastallize|p2a: Rayquaza|Normal\n|move|p1a: Calyrex|Astral Barrage|p2a: Rayquaza\n|-immune|p2a: Rayquaza\n|move|p2a: Rayquaza|Dragon Ascent|p1a: Calyrex\n|-damage|p1a: Calyrex|0 fnt\n|-unboost|p2a: Rayquaza|def|1\n|-unboost|p2a: Rayquaza|spd|1\n|faint|p1a: Calyrex\n|-damage|p2a: Rayquaza|48\/100|[from] item: Life Orb\n|\n|upkeep\n|\n|t:|1700574771\n|switch|p1a: Toxapex|Toxapex, F|100\/100\n|turn|8\n|\n|t:|1700574774\n|move|p2a: Rayquaza|Extreme Speed|p1a: Toxapex\n|-damage|p1a: Toxapex|0 fnt\n|faint|p1a: Toxapex\n|-damage|p2a: Rayquaza|38\/100|[from] item: Life Orb\n|\n|upkeep\n|-message|ghostlyplanets forfeited.\n|\n|win|Jeremy647\n|raw|ghostlyplanets's rating: 1495 &rarr; <strong>1470<\/strong><br \/>(-25 for losing)\n|raw|Jeremy647's rating: 1400 &rarr; <strong>1425<\/strong><br \/>(+25 for winning)\n|l|\u2606ghostlyplanets\n|c|\u2606Jeremy647|gg\n","uploadtime":1700574786,"views":0,"p1id":"ghostlyplanets","p2id":"jeremy647","formatid":"gen9anythinggoes","rating":1425,"private":0,"password":""}