{"id":"gen9anythinggoes-1974277608","p1":"ShenF","p2":"Rowan_Rocket","format":"[Gen 9] Anything Goes","log":"|j|\u2606ShenF\n|j|\u2606Rowan_Rocket\n|t:|1698074203\n|gametype|singles\n|player|p1|ShenF|102|1117\n|player|p2|Rowan_Rocket|rocketgrunt|1076\n|teamsize|p1|6\n|teamsize|p2|6\n|gen|9\n|tier|[Gen 9] Anything Goes\n|rated|\n|rule|HP Percentage Mod: HP is shown in percentages\n|rule|Endless Battle Clause: Forcing endless battles is banned\n|clearpoke\n|poke|p1|Drifblim, F|\n|poke|p1|Chandelure, F|\n|poke|p1|Rotom-Frost|\n|poke|p1|Azumarill, F|\n|poke|p1|Crawdaunt, M|\n|poke|p1|Eelektross, M|\n|poke|p2|Farigiraf, F|\n|poke|p2|Wyrdeer, F|\n|poke|p2|Ursaluna, M|\n|poke|p2|Grafaiai, F|\n|poke|p2|Zoroark-Hisui, F|\n|poke|p2|Ambipom, F|\n|teampreview\n|\n|t:|1698074209\n|start\n|switch|p1a: Bal\u00e3o|Drifblim, F|100\/100\n|switch|p2a: Ambipom|Ambipom, F|100\/100\n|turn|1\n|\n|t:|1698074221\n|move|p2a: Ambipom|Bitter Malice|p1a: Bal\u00e3o\n|-supereffective|p1a: Bal\u00e3o\n|-damage|p1a: Bal\u00e3o|48\/100\n|-unboost|p1a: Bal\u00e3o|atk|1\n|move|p1a: Bal\u00e3o|Substitute|p1a: Bal\u00e3o\n|-start|p1a: Bal\u00e3o|Substitute\n|-damage|p1a: Bal\u00e3o|23\/100\n|\n|-heal|p1a: Bal\u00e3o|29\/100|[from] item: Leftovers\n|upkeep\n|turn|2\n|\n|t:|1698074233\n|move|p2a: Ambipom|Bitter Malice|p1a: Bal\u00e3o\n|-supereffective|p1a: Bal\u00e3o\n|-end|p1a: Bal\u00e3o|Substitute\n|move|p1a: Bal\u00e3o|Minimize|p1a: Bal\u00e3o\n|-boost|p1a: Bal\u00e3o|evasion|2\n|\n|-heal|p1a: Bal\u00e3o|35\/100|[from] item: Leftovers\n|upkeep\n|turn|3\n|\n|t:|1698074244\n|-terastallize|p1a: Bal\u00e3o|Dark\n|move|p2a: Ambipom|Curse|p1a: Bal\u00e3o\n|-start|p1a: Bal\u00e3o|Curse|[of] p2a: Ambipom\n|-damage|p2a: Ambipom|51\/100\n|move|p1a: Bal\u00e3o|Minimize|p1a: Bal\u00e3o\n|-boost|p1a: Bal\u00e3o|evasion|2\n|\n|-heal|p1a: Bal\u00e3o|41\/100|[from] item: Leftovers\n|-damage|p1a: Bal\u00e3o|16\/100|[from] Curse\n|upkeep\n|turn|4\n|\n|t:|1698074264\n|switch|p2a: Ambipom|Ambipom, F|100\/100\n|move|p1a: Bal\u00e3o|Minimize|p1a: Bal\u00e3o\n|-boost|p1a: Bal\u00e3o|evasion|2\n|\n|-heal|p1a: Bal\u00e3o|23\/100|[from] item: Leftovers\n|-damage|p1a: Bal\u00e3o|0 fnt|[from] Curse\n|faint|p1a: Bal\u00e3o\n|upkeep\n|\n|t:|1698074276\n|switch|p1a: Bola|Azumarill, F, shiny|100\/100\n|turn|5\n|\n|t:|1698074287\n|move|p2a: Ambipom|Fake Out|p1a: Bola\n|-enditem|p2a: Ambipom|Normal Gem|[from] gem\n|-damage|p1a: Bola|66\/100\n|cant|p1a: Bola|flinch\n|\n|upkeep\n|turn|6\n|\n|t:|1698074293\n|move|p2a: Ambipom|Trailblaze|p1a: Bola\n|-supereffective|p1a: Bola\n|-damage|p1a: Bola|18\/100\n|-boost|p2a: Ambipom|spe|1\n|move|p1a: Bola|Brick Break|p2a: Ambipom\n|-supereffective|p2a: Ambipom\n|-damage|p2a: Ambipom|0 fnt\n|faint|p2a: Ambipom\n|\n|upkeep\n|\n|t:|1698074305\n|switch|p2a: Farigiraf|Farigiraf, F|100\/100\n|turn|7\n|\n|t:|1698074317\n|move|p2a: Farigiraf|Twin Beam|p1a: Bola\n|-damage|p1a: Bola|2\/100\n|-damage|p1a: Bola|0 fnt\n|faint|p1a: Bola\n|-hitcount|p1: Bola|2\n|\n|upkeep\n|\n|t:|1698074339\n|switch|p1a: Boketero|Eelektross, M|100\/100\n|turn|8\n|\n|t:|1698074348\n|move|p2a: Farigiraf|Calm Mind|p2a: Farigiraf\n|-boost|p2a: Farigiraf|spa|1\n|-boost|p2a: Farigiraf|spd|1\n|move|p1a: Boketero|Bulk Up|p1a: Boketero\n|-boost|p1a: Boketero|atk|1\n|-boost|p1a: Boketero|def|1\n|\n|upkeep\n|turn|9\n|\n|t:|1698074359\n|move|p2a: Farigiraf|Baton Pass|p2a: Farigiraf\n|\n|t:|1698074361\n|switch|p2a: Wyrdeer|Wyrdeer, F|100\/100|[from] Baton Pass\n|move|p1a: Boketero|Bulk Up|p1a: Boketero\n|-boost|p1a: Boketero|atk|1\n|-boost|p1a: Boketero|def|1\n|\n|upkeep\n|turn|10\n|\n|t:|1698074371\n|move|p2a: Wyrdeer|Psyshield Bash|p1a: Boketero\n|-damage|p1a: Boketero|87\/100\n|-boost|p2a: Wyrdeer|def|1\n|move|p1a: Boketero|Dragon Claw|p2a: Wyrdeer\n|-damage|p2a: Wyrdeer|65\/100\n|\n|-heal|p2a: Wyrdeer|71\/100|[from] item: Leftovers\n|-heal|p1a: Boketero|94\/100|[from] item: Leftovers\n|upkeep\n|turn|11\n|\n|t:|1698074382\n|move|p2a: Wyrdeer|Psyshield Bash|p1a: Boketero\n|-damage|p1a: Boketero|80\/100\n|-boost|p2a: Wyrdeer|def|1\n|move|p1a: Boketero|Drain Punch|p2a: Wyrdeer\n|-damage|p2a: Wyrdeer|46\/100\n|-heal|p1a: Boketero|91\/100|[from] drain|[of] p2a: Wyrdeer\n|\n|-heal|p2a: Wyrdeer|52\/100|[from] item: Leftovers\n|-heal|p1a: Boketero|98\/100|[from] item: Leftovers\n|upkeep\n|turn|12\n|\n|t:|1698074399\n|move|p2a: Wyrdeer|Psyshield Bash|p1a: Boketero\n|-damage|p1a: Boketero|85\/100\n|-boost|p2a: Wyrdeer|def|1\n|move|p1a: Boketero|Drain Punch|p2a: Wyrdeer\n|-damage|p2a: Wyrdeer|34\/100\n|-heal|p1a: Boketero|93\/100|[from] drain|[of] p2a: Wyrdeer\n|\n|-heal|p2a: Wyrdeer|40\/100|[from] item: Leftovers\n|-heal|p1a: Boketero|99\/100|[from] item: Leftovers\n|upkeep\n|turn|13\n|\n|t:|1698074418\n|move|p2a: Wyrdeer|Psyshield Bash|p1a: Boketero|[miss]\n|-miss|p2a: Wyrdeer|p1a: Boketero\n|move|p1a: Boketero|Drain Punch|p2a: Wyrdeer\n|-damage|p2a: Wyrdeer|22\/100\n|-heal|p1a: Boketero|100\/100|[from] drain|[of] p2a: Wyrdeer\n|\n|-heal|p2a: Wyrdeer|28\/100|[from] item: Leftovers\n|upkeep\n|turn|14\n|\n|t:|1698074446\n|move|p2a: Wyrdeer|Psyshield Bash|p1a: Boketero\n|-damage|p1a: Boketero|88\/100\n|-boost|p2a: Wyrdeer|def|1\n|move|p1a: Boketero|Drain Punch|p2a: Wyrdeer\n|-damage|p2a: Wyrdeer|13\/100\n|-heal|p1a: Boketero|95\/100|[from] drain|[of] p2a: Wyrdeer\n|\n|-heal|p2a: Wyrdeer|19\/100|[from] item: Leftovers\n|-heal|p1a: Boketero|100\/100|[from] item: Leftovers\n|upkeep\n|turn|15\n|\n|t:|1698074463\n|move|p2a: Wyrdeer|Stored Power|p1a: Boketero\n|-damage|p1a: Boketero|28\/100\n|move|p1a: Boketero|Drain Punch|p2a: Wyrdeer\n|-damage|p2a: Wyrdeer|4\/100\n|-heal|p1a: Boketero|35\/100|[from] drain|[of] p2a: Wyrdeer\n|\n|-heal|p2a: Wyrdeer|10\/100|[from] item: Leftovers\n|-heal|p1a: Boketero|41\/100|[from] item: Leftovers\n|upkeep\n|turn|16\n|\n|t:|1698074474\n|move|p2a: Wyrdeer|Stored Power|p1a: Boketero\n|-damage|p1a: Boketero|0 fnt\n|faint|p1a: Boketero\n|\n|-heal|p2a: Wyrdeer|16\/100|[from] item: Leftovers\n|upkeep\n|\n|t:|1698074517\n|switch|p1a: Bela e a Fera|Chandelure, F, shiny|100\/100\n|turn|17\n|\n|t:|1698074525\n|move|p1a: Bela e a Fera|Flamethrower|p2a: Wyrdeer\n|-damage|p2a: Wyrdeer|0 fnt\n|faint|p2a: Wyrdeer\n|\n|upkeep\n|\n|t:|1698074535\n|switch|p2a: Grafaiai|Grafaiai, F|100\/100\n|turn|18\n|\n|t:|1698074542\n|move|p2a: Grafaiai|Parting Shot|p1a: Bela e a Fera\n|-unboost|p1a: Bela e a Fera|atk|1\n|-unboost|p1a: Bela e a Fera|spa|1\n|\n|t:|1698074546\n|switch|p2a: Ursaluna|Ursaluna, M|100\/100|[from] Parting Shot\n|move|p1a: Bela e a Fera|Trick Room|p1a: Bela e a Fera\n|-fieldstart|move: Trick Room|[of] p1a: Bela e a Fera\n|\n|-status|p2a: Ursaluna|brn|[from] item: Flame Orb\n|upkeep\n|turn|19\n|\n|t:|1698074560\n|move|p2a: Ursaluna|Earthquake|p1a: Bela e a Fera\n|-supereffective|p1a: Bela e a Fera\n|-damage|p1a: Bela e a Fera|0 fnt\n|faint|p1a: Bela e a Fera\n|\n|-damage|p2a: Ursaluna|94\/100 brn|[from] brn\n|upkeep\n|\n|t:|1698074568\n|switch|p1a: Siriguejo|Crawdaunt, M|100\/100\n|turn|20\n|\n|t:|1698074580\n|move|p2a: Ursaluna|Drain Punch|p1a: Siriguejo\n|-supereffective|p1a: Siriguejo\n|-damage|p1a: Siriguejo|0 fnt\n|-heal|p2a: Ursaluna|100\/100 brn|[from] drain|[of] p1a: Siriguejo\n|faint|p1a: Siriguejo\n|\n|-damage|p2a: Ursaluna|94\/100 brn|[from] brn\n|upkeep\n|\n|t:|1698074588\n|switch|p1a: Eletro Lux|Rotom-Frost|100\/100\n|turn|21\n|\n|t:|1698074593\n|move|p2a: Ursaluna|Drain Punch|p1a: Eletro Lux\n|-supereffective|p1a: Eletro Lux\n|-damage|p1a: Eletro Lux|0 fnt\n|-heal|p2a: Ursaluna|100\/100 brn|[from] drain|[of] p1a: Eletro Lux\n|faint|p1a: Eletro Lux\n|\n|win|Rowan_Rocket\n|raw|ShenF's rating: 1117 &rarr; <strong>1089<\/strong><br \/>(-28 for losing)\n|raw|Rowan_Rocket's rating: 1076 &rarr; <strong>1108<\/strong><br \/>(+32 for winning)\n","uploadtime":1698074603,"views":15,"p1id":"shenf","p2id":"rowanrocket","formatid":"gen9anythinggoes","rating":1089,"private":0,"password":""}