{"id":"gen9anythinggoes-1973435102","p1":"CrushingMoon","p2":"YoungEsq","format":"[Gen 9] Anything Goes","log":"|j|\u2606CrushingMoon\n|j|\u2606YoungEsq\n|t:|1697975105\n|gametype|singles\n|player|p1|CrushingMoon|266|1248\n|player|p2|YoungEsq|266|1381\n|teamsize|p1|6\n|teamsize|p2|6\n|gen|9\n|tier|[Gen 9] Anything Goes\n|rated|\n|rule|HP Percentage Mod: HP is shown in percentages\n|rule|Endless Battle Clause: Forcing endless battles is banned\n|clearpoke\n|poke|p1|Ditto|\n|poke|p1|Weavile, M|\n|poke|p1|Charizard, F|\n|poke|p1|Diancie|\n|poke|p1|Salazzle, F|\n|poke|p1|Great Tusk|\n|poke|p2|Ting-Lu|\n|poke|p2|Gholdengo|\n|poke|p2|Roaring Moon|\n|poke|p2|Chi-Yu|\n|poke|p2|Samurott-Hisui, M|\n|poke|p2|Mandibuzz, F|\n|teampreview\n|inactive|Battle timer is ON: inactive players will automatically lose when time's up. (requested by CrushingMoon)\n|\n|t:|1697975114\n|start\n|switch|p1a: Diancie|Diancie|100\/100\n|switch|p2a: Ting-Lu|Ting-Lu|100\/100\n|-ability|p2a: Ting-Lu|Vessel of Ruin\n|turn|1\n|\n|t:|1697975125\n|move|p1a: Diancie|Stealth Rock|p2a: Ting-Lu\n|-sidestart|p2: YoungEsq|move: Stealth Rock\n|move|p2a: Ting-Lu|Whirlwind|p1a: Diancie\n|drag|p1a: Ditto|Ditto|100\/100\n|-transform|p1a: Ditto|p2a: Ting-Lu|[from] ability: Imposter\n|-ability|p1a: Ditto|Vessel of Ruin\n|\n|upkeep\n|turn|2\n|\n|t:|1697975135\n|move|p1a: Ditto|Ruination|p2a: Ting-Lu\n|-damage|p2a: Ting-Lu|50\/100\n|move|p2a: Ting-Lu|Whirlwind|p1a: Ditto\n|drag|p1a: Diancie|Diancie|100\/100\n|\n|-heal|p2a: Ting-Lu|57\/100|[from] item: Leftovers\n|upkeep\n|turn|3\n|\n|t:|1697975142\n|switch|p2a: Mandibuzz|Mandibuzz, F|100\/100\n|move|p1a: Diancie|Spikes|p2a: Mandibuzz\n|-sidestart|p2: YoungEsq|Spikes\n|\n|upkeep\n|turn|4\n|\n|t:|1697975146\n|move|p2a: Mandibuzz|Defog|p1a: Diancie\n|-fail|p1a: Diancie|unboost|[from] ability: Clear Body|[of] p1a: Diancie\n|-sideend|p2: YoungEsq|Spikes|[from] move: Defog|[of] p2a: Mandibuzz\n|-sideend|p2: YoungEsq|Stealth Rock|[from] move: Defog|[of] p2a: Mandibuzz\n|move|p1a: Diancie|Diamond Storm|p2a: Mandibuzz\n|-supereffective|p2a: Mandibuzz\n|-damage|p2a: Mandibuzz|48\/100\n|\n|upkeep\n|turn|5\n|\n|t:|1697975153\n|move|p2a: Mandibuzz|Toxic|p1a: Diancie\n|-status|p1a: Diancie|tox\n|move|p1a: Diancie|Diamond Storm|p2a: Mandibuzz\n|-supereffective|p2a: Mandibuzz\n|-damage|p2a: Mandibuzz|0 fnt\n|-boost|p1a: Diancie|def|2\n|faint|p2a: Mandibuzz\n|\n|-damage|p1a: Diancie|94\/100 tox|[from] psn\n|upkeep\n|\n|t:|1697975158\n|switch|p2a: Gholdengo|Gholdengo|100\/100\n|-item|p2a: Gholdengo|Air Balloon\n|turn|6\n|\n|t:|1697975167\n|switch|p1a: Ditto|Ditto|100\/100\n|-transform|p1a: Ditto|p2a: Gholdengo|[from] ability: Imposter\n|move|p2a: Gholdengo|Make It Rain|p1a: Ditto\n|-resisted|p1a: Ditto\n|-damage|p1a: Ditto|62\/100\n|-unboost|p2a: Gholdengo|spa|1\n|\n|upkeep\n|turn|7\n|\n|t:|1697975180\n|switch|p2a: Samurott|Samurott-Hisui, M|100\/100\n|-terastallize|p1a: Ditto|Steel\n|move|p1a: Ditto|Shadow Ball|p2a: Samurott\n|-resisted|p2a: Samurott\n|-damage|p2a: Samurott|78\/100\n|\n|upkeep\n|turn|8\n|\n|t:|1697975191\n|switch|p1a: Diancie|Diancie|94\/100 tox\n|move|p2a: Samurott|Ceaseless Edge|p1a: Diancie\n|-resisted|p1a: Diancie\n|-damage|p1a: Diancie|78\/100 tox\n|-sidestart|p1: CrushingMoon|Spikes\n|\n|-heal|p1a: Diancie|84\/100 tox|[from] item: Leftovers\n|-damage|p1a: Diancie|78\/100 tox|[from] psn\n|upkeep\n|turn|9\n|\n|t:|1697975198\n|move|p2a: Samurott|Razor Shell|p1a: Diancie\n|-supereffective|p1a: Diancie\n|-damage|p1a: Diancie|0 fnt\n|faint|p1a: Diancie\n|\n|upkeep\n|\n|t:|1697975201\n|switch|p1a: Great Tusk|Great Tusk|100\/100\n|-damage|p1a: Great Tusk|88\/100|[from] Spikes\n|-enditem|p1a: Great Tusk|Booster Energy\n|-activate|p1a: Great Tusk|ability: Protosynthesis|[fromitem]\n|-start|p1a: Great Tusk|protosynthesisatk\n|turn|10\n|\n|t:|1697975204\n|move|p1a: Great Tusk|Rapid Spin|p2a: Samurott\n|-damage|p2a: Samurott|50\/100\n|-boost|p1a: Great Tusk|spe|1\n|-sideend|p1: CrushingMoon|Spikes|[from] move: Rapid Spin|[of] p1a: Great Tusk\n|move|p2a: Samurott|Razor Shell|p1a: Great Tusk|[miss]\n|-miss|p2a: Samurott|p1a: Great Tusk\n|\n|upkeep\n|turn|11\n|\n|t:|1697975210\n|move|p1a: Great Tusk|Close Combat|p2a: Samurott\n|-supereffective|p2a: Samurott\n|-damage|p2a: Samurott|0 fnt\n|-unboost|p1a: Great Tusk|def|1\n|-unboost|p1a: Great Tusk|spd|1\n|faint|p2a: Samurott\n|\n|upkeep\n|\n|t:|1697975228\n|switch|p2a: Chi-Yu|Chi-Yu|100\/100\n|-ability|p2a: Chi-Yu|Beads of Ruin\n|turn|12\n|\n|t:|1697975231\n|move|p2a: Chi-Yu|Psychic|p1a: Great Tusk\n|-supereffective|p1a: Great Tusk\n|-damage|p1a: Great Tusk|0 fnt\n|faint|p1a: Great Tusk\n|-end|p1a: Great Tusk|Protosynthesis|[silent]\n|\n|upkeep\n|\n|t:|1697975234\n|switch|p1a: Weavile|Weavile, M|100\/100\n|turn|13\n|\n|t:|1697975239\n|switch|p2a: Ting-Lu|Ting-Lu|57\/100\n|-ability|p2a: Ting-Lu|Vessel of Ruin\n|move|p1a: Weavile|Fake Out|p2a: Ting-Lu\n|-damage|p2a: Ting-Lu|50\/100\n|\n|-heal|p2a: Ting-Lu|56\/100|[from] item: Leftovers\n|upkeep\n|turn|14\n|\n|t:|1697975249\n|move|p1a: Weavile|Brick Break|p2a: Ting-Lu\n|-supereffective|p2a: Ting-Lu\n|-damage|p2a: Ting-Lu|30\/100\n|move|p2a: Ting-Lu|Stealth Rock|p1a: Weavile\n|-sidestart|p1: CrushingMoon|move: Stealth Rock\n|\n|-heal|p2a: Ting-Lu|36\/100|[from] item: Leftovers\n|upkeep\n|turn|15\n|\n|t:|1697975254\n|move|p1a: Weavile|Ice Spinner|p2a: Ting-Lu\n|-supereffective|p2a: Ting-Lu\n|-damage|p2a: Ting-Lu|0 fnt\n|faint|p2a: Ting-Lu\n|\n|upkeep\n|\n|t:|1697975260\n|switch|p2a: Chi-Yu|Chi-Yu|100\/100\n|-ability|p2a: Chi-Yu|Beads of Ruin\n|turn|16\n|\n|t:|1697975263\n|move|p2a: Chi-Yu|Flamethrower|p1a: Weavile\n|-supereffective|p1a: Weavile\n|-enditem|p1a: Weavile|Focus Sash\n|-damage|p1a: Weavile|1\/100\n|move|p1a: Weavile|Brick Break|p2a: Chi-Yu\n|-supereffective|p2a: Chi-Yu\n|-damage|p2a: Chi-Yu|20\/100\n|\n|upkeep\n|turn|17\n|\n|t:|1697975269\n|move|p2a: Chi-Yu|Flamethrower|p1a: Weavile\n|-supereffective|p1a: Weavile\n|-damage|p1a: Weavile|0 fnt\n|faint|p1a: Weavile\n|\n|upkeep\n|\n|t:|1697975271\n|switch|p1a: Ditto|Ditto, tera:Steel|62\/100\n|-damage|p1a: Ditto|56\/100|[from] Stealth Rock\n|-transform|p1a: Ditto|p2a: Chi-Yu|[from] ability: Imposter\n|-ability|p1a: Ditto|Beads of Ruin\n|turn|18\n|\n|t:|1697975281\n|switch|p2a: Roaring Moon|Roaring Moon|100\/100\n|-enditem|p2a: Roaring Moon|Booster Energy\n|-activate|p2a: Roaring Moon|ability: Protosynthesis|[fromitem]\n|-start|p2a: Roaring Moon|protosynthesisatk\n|move|p1a: Ditto|Dark Pulse|p2a: Roaring Moon\n|-resisted|p2a: Roaring Moon\n|-damage|p2a: Roaring Moon|73\/100\n|\n|upkeep\n|turn|19\n|\n|t:|1697975293\n|move|p2a: Roaring Moon|Acrobatics|p1a: Ditto\n|-resisted|p1a: Ditto\n|-damage|p1a: Ditto|19\/100\n|move|p1a: Ditto|Overheat|p2a: Roaring Moon\n|-resisted|p2a: Roaring Moon\n|-damage|p2a: Roaring Moon|29\/100\n|-unboost|p1a: Ditto|spa|2\n|\n|upkeep\n|turn|20\n|\n|t:|1697975299\n|move|p2a: Roaring Moon|Acrobatics|p1a: Ditto\n|-resisted|p1a: Ditto\n|-damage|p1a: Ditto|0 fnt\n|faint|p1a: Ditto\n|\n|upkeep\n|\n|t:|1697975301\n|switch|p1a: Charizard|Charizard, F|100\/100\n|-damage|p1a: Charizard|51\/100|[from] Stealth Rock\n|turn|21\n|\n|t:|1697975310\n|move|p2a: Roaring Moon|Dragon Claw|p1a: Charizard\n|-damage|p1a: Charizard|0 fnt\n|faint|p1a: Charizard\n|\n|upkeep\n|\n|t:|1697975313\n|switch|p1a: Salazzle|Salazzle, F|100\/100\n|-damage|p1a: Salazzle|76\/100|[from] Stealth Rock\n|turn|22\n|\n|t:|1697975319\n|move|p1a: Salazzle|Protect|p1a: Salazzle\n|-singleturn|p1a: Salazzle|Protect\n|move|p2a: Roaring Moon|Dragon Claw|p1a: Salazzle\n|-activate|p1a: Salazzle|move: Protect\n|\n|-heal|p1a: Salazzle|82\/100|[from] item: Leftovers\n|upkeep\n|turn|23\n|\n|t:|1697975321\n|move|p2a: Roaring Moon|Dragon Claw|p1a: Salazzle\n|-damage|p1a: Salazzle|0 fnt\n|faint|p1a: Salazzle\n|\n|win|YoungEsq\n|raw|CrushingMoon's rating: 1248 &rarr; <strong>1232<\/strong><br \/>(-16 for losing)\n|raw|YoungEsq's rating: 1381 &rarr; <strong>1394<\/strong><br \/>(+13 for winning)\n|l|\u2606CrushingMoon\n","uploadtime":1697975326,"views":11,"p1id":"crushingmoon","p2id":"youngesq","formatid":"gen9anythinggoes","rating":1232,"private":0,"password":""}