{"id":"gen9anythinggoes-1977874593","p1":"Frosty458","p2":"Salty Oshuwatt","format":"[Gen 9] Anything Goes","log":"|j|\u2606Frosty458\n|j|\u2606Salty Oshuwatt\n|t:|1698460337\n|gametype|singles\n|player|p1|Frosty458|steven|\n|player|p2|Salty Oshuwatt|clown|\n|teamsize|p1|6\n|teamsize|p2|6\n|gen|9\n|tier|[Gen 9] Anything Goes\n|rule|HP Percentage Mod: HP is shown in percentages\n|rule|Endless Battle Clause: Forcing endless battles is banned\n|clearpoke\n|poke|p1|Lycanroc, M|\n|poke|p1|Jolteon, M|\n|poke|p1|Cinderace, M|\n|poke|p1|Volcanion|\n|poke|p1|Krookodile, F|\n|poke|p1|Clefable, M|\n|poke|p2|Ursaluna-Bloodmoon, M|\n|poke|p2|Annihilape, F|\n|poke|p2|Ninetales-Alola, F|\n|poke|p2|Heatran, F|\n|poke|p2|Cyclizar, M|\n|poke|p2|Dudunsparce-*, F|\n|teampreview\n|c|\u2606Frosty458|hello!!!\n|c|\u2606Salty Oshuwatt|glhf!\n|\n|t:|1698460363\n|start\n|switch|p1a: Cinderace|Cinderace, M|100\/100\n|switch|p2a: Heatran|Heatran, F|100\/100\n|turn|1\n|c|\u2606Frosty458|thanks you too!\n|\n|t:|1698460375\n|move|p1a: Cinderace|Low Kick|p2a: Heatran\n|-start|p1a: Cinderace|typechange|Fighting|[from] ability: Libero\n|-supereffective|p2a: Heatran\n|-damage|p2a: Heatran|7\/100\n|move|p2a: Heatran|Earth Power|p1a: Cinderace\n|-damage|p1a: Cinderace|48\/100\n|\n|-heal|p2a: Heatran|13\/100|[from] item: Leftovers\n|upkeep\n|turn|2\n|\n|t:|1698460387\n|switch|p2a: Annihilape|Annihilape, F|100\/100\n|move|p1a: Cinderace|Zen Headbutt|p2a: Annihilape\n|-supereffective|p2a: Annihilape\n|-damage|p2a: Annihilape|49\/100\n|\n|upkeep\n|turn|3\n|\n|t:|1698460418\n|switch|p2a: Heatran|Heatran, F|13\/100\n|move|p1a: Cinderace|Pyro Ball|p2a: Heatran\n|-start|p2a: Heatran|ability: Flash Fire\n|\n|-heal|p2a: Heatran|19\/100|[from] item: Leftovers\n|upkeep\n|turn|4\n|\n|t:|1698460430\n|move|p1a: Cinderace|Low Kick|p2a: Heatran\n|-supereffective|p2a: Heatran\n|-damage|p2a: Heatran|0 fnt\n|faint|p2a: Heatran\n|\n|upkeep\n|\n|t:|1698460463\n|switch|p2a: Ninetales|Ninetales-Alola, F|100\/100\n|-weather|Snow|[from] ability: Snow Warning|[of] p2a: Ninetales\n|turn|5\n|\n|t:|1698460469\n|move|p1a: Cinderace|Pyro Ball|p2a: Ninetales\n|-supereffective|p2a: Ninetales\n|-damage|p2a: Ninetales|37\/100\n|move|p2a: Ninetales|Aurora Veil|p2a: Ninetales\n|-sidestart|p2: Salty Oshuwatt|move: Aurora Veil\n|\n|-weather|Snow|[upkeep]\n|upkeep\n|turn|6\n|\n|t:|1698460474\n|move|p1a: Cinderace|Pyro Ball|p2a: Ninetales\n|-supereffective|p2a: Ninetales\n|-damage|p2a: Ninetales|4\/100\n|move|p2a: Ninetales|Draining Kiss|p1a: Cinderace\n|-supereffective|p1a: Cinderace\n|-damage|p1a: Cinderace|3\/100\n|-heal|p2a: Ninetales|33\/100|[from] drain|[of] p1a: Cinderace\n|\n|-weather|Snow|[upkeep]\n|upkeep\n|turn|7\n|\n|t:|1698460481\n|move|p1a: Cinderace|Pyro Ball|p2a: Ninetales\n|-supereffective|p2a: Ninetales\n|-damage|p2a: Ninetales|1\/100\n|move|p2a: Ninetales|Draining Kiss|p1a: Cinderace\n|-supereffective|p1a: Cinderace\n|-crit|p1a: Cinderace\n|-damage|p1a: Cinderace|0 fnt\n|-heal|p2a: Ninetales|2\/100|[from] drain|[of] p1a: Cinderace\n|faint|p1a: Cinderace\n|\n|-weather|Snow|[upkeep]\n|upkeep\n|\n|t:|1698460490\n|switch|p1a: Clefable|Clefable, M|100\/100\n|turn|8\n|\n|t:|1698460501\n|move|p2a: Ninetales|Blizzard|p1a: Clefable\n|-damage|p1a: Clefable|70\/100\n|move|p1a: Clefable|Cosmic Power|p1a: Clefable\n|-boost|p1a: Clefable|def|1\n|-boost|p1a: Clefable|spd|1\n|\n|-weather|Snow|[upkeep]\n|-heal|p1a: Clefable|76\/100|[from] item: Leftovers\n|upkeep\n|turn|9\n|\n|t:|1698460509\n|move|p1a: Clefable|Cosmic Power|p1a: Clefable\n|-boost|p1a: Clefable|def|1\n|-boost|p1a: Clefable|spd|1\n|move|p2a: Ninetales|Roar|p1a: Clefable\n|drag|p1a: Lycanroc|Lycanroc, M|100\/100\n|\n|-weather|none\n|upkeep\n|turn|10\n|\n|t:|1698460518\n|switch|p2a: Annihilape|Annihilape, F|49\/100\n|move|p1a: Lycanroc|Iron Head|p2a: Annihilape\n|-damage|p2a: Annihilape|35\/100\n|\n|upkeep\n|turn|11\n|\n|t:|1698460525\n|switch|p1a: Krookodile|Krookodile, F|100\/100\n|move|p2a: Annihilape|Drain Punch|p1a: Krookodile\n|-supereffective|p1a: Krookodile\n|-damage|p1a: Krookodile|0 fnt\n|-heal|p2a: Annihilape|74\/100|[from] drain|[of] p1a: Krookodile\n|faint|p1a: Krookodile\n|-damage|p2a: Annihilape|64\/100|[from] item: Life Orb\n|\n|upkeep\n|\n|t:|1698460534\n|switch|p1a: Clefable|Clefable, M|76\/100\n|turn|12\n|\n|t:|1698460537\n|move|p2a: Annihilape|Poison Jab|p1a: Clefable\n|-supereffective|p1a: Clefable\n|-damage|p1a: Clefable|0 fnt\n|faint|p1a: Clefable\n|-damage|p2a: Annihilape|54\/100|[from] item: Life Orb\n|\n|-sideend|p2: Salty Oshuwatt|move: Aurora Veil\n|upkeep\n|\n|t:|1698460543\n|switch|p1a: Lycanroc|Lycanroc, M|100\/100\n|turn|13\n|\n|t:|1698460546\n|move|p1a: Lycanroc|Play Rough|p2a: Annihilape\n|-supereffective|p2a: Annihilape\n|-damage|p2a: Annihilape|0 fnt\n|faint|p2a: Annihilape\n|\n|upkeep\n|\n|t:|1698460562\n|switch|p2a: Ninetales|Ninetales-Alola, F|2\/100\n|-weather|Snow|[from] ability: Snow Warning|[of] p2a: Ninetales\n|turn|14\n|\n|t:|1698460566\n|move|p1a: Lycanroc|Play Rough|p2a: Ninetales\n|-damage|p2a: Ninetales|0 fnt\n|faint|p2a: Ninetales\n|\n|-weather|Snow|[upkeep]\n|upkeep\n|j| AlexWave55\n|\n|t:|1698460572\n|switch|p2a: Ursaluna|Ursaluna-Bloodmoon, M|100\/100\n|turn|15\n|\n|t:|1698460581\n|switch|p1a: Volcanion|Volcanion|100\/100\n|move|p2a: Ursaluna|Earth Power|p1a: Volcanion\n|-supereffective|p1a: Volcanion\n|-damage|p1a: Volcanion|42\/100\n|\n|-weather|Snow|[upkeep]\n|upkeep\n|turn|16\n|\n|t:|1698460594\n|switch|p2a: Cyclizar|Cyclizar, M|100\/100\n|move|p1a: Volcanion|Steam Eruption|p2a: Cyclizar\n|-resisted|p2a: Cyclizar\n|-damage|p2a: Cyclizar|58\/100\n|-status|p2a: Cyclizar|brn\n|\n|-weather|Snow|[upkeep]\n|-damage|p2a: Cyclizar|52\/100 brn|[from] brn\n|upkeep\n|turn|17\n|\n|t:|1698460607\n|move|p2a: Cyclizar|Shed Tail|p2a: Cyclizar\n|-start|p2a: Cyclizar|Substitute|[from] move: Shed Tail\n|-damage|p2a: Cyclizar|2\/100 brn\n|\n|t:|1698460610\n|switch|p2a: Dudunsparce|Dudunsparce, F|100\/100|[from] Shed Tail\n|move|p1a: Volcanion|Steam Eruption|p2a: Dudunsparce\n|-end|p2a: Dudunsparce|Substitute\n|\n|-weather|Snow|[upkeep]\n|upkeep\n|turn|18\n|\n|t:|1698460618\n|move|p1a: Volcanion|Steam Eruption|p2a: Dudunsparce\n|-damage|p2a: Dudunsparce|58\/100\n|-status|p2a: Dudunsparce|brn\n|move|p2a: Dudunsparce|Hyper Drill|p1a: Volcanion\n|-damage|p1a: Volcanion|28\/100\n|\n|-weather|none\n|-damage|p2a: Dudunsparce|52\/100 brn|[from] brn\n|upkeep\n|turn|19\n|\n|t:|1698460631\n|move|p1a: Volcanion|Steam Eruption|p2a: Dudunsparce\n|-damage|p2a: Dudunsparce|8\/100 brn\n|move|p2a: Dudunsparce|Toxic|p1a: Volcanion\n|-status|p1a: Volcanion|tox\n|\n|-damage|p1a: Volcanion|22\/100 tox|[from] psn\n|-damage|p2a: Dudunsparce|2\/100 brn|[from] brn\n|upkeep\n|turn|20\n|\n|t:|1698460642\n|move|p1a: Volcanion|Steam Eruption|p2a: Dudunsparce\n|-damage|p2a: Dudunsparce|0 fnt\n|faint|p2a: Dudunsparce\n|\n|-damage|p1a: Volcanion|10\/100 tox|[from] psn\n|upkeep\n|\n|t:|1698460648\n|switch|p2a: Cyclizar|Cyclizar, M|35\/100 brn\n|turn|21\n|\n|t:|1698460654\n|move|p2a: Cyclizar|Rapid Spin|p1a: Volcanion\n|-damage|p1a: Volcanion|3\/100 tox\n|-boost|p2a: Cyclizar|spe|1\n|move|p1a: Volcanion|Earth Power|p2a: Cyclizar\n|-damage|p2a: Cyclizar|0 fnt\n|faint|p2a: Cyclizar\n|\n|-damage|p1a: Volcanion|0 fnt|[from] psn\n|faint|p1a: Volcanion\n|upkeep\n|\n|t:|1698460666\n|switch|p2a: Ursaluna|Ursaluna-Bloodmoon, M|100\/100\n|switch|p1a: Lycanroc|Lycanroc, M|100\/100\n|turn|22\n|\n|t:|1698460670\n|move|p1a: Lycanroc|Close Combat|p2a: Ursaluna\n|-supereffective|p2a: Ursaluna\n|-damage|p2a: Ursaluna|61\/100\n|-unboost|p1a: Lycanroc|def|1\n|-unboost|p1a: Lycanroc|spd|1\n|move|p2a: Ursaluna|Earth Power|p1a: Lycanroc\n|-supereffective|p1a: Lycanroc\n|-damage|p1a: Lycanroc|0 fnt\n|faint|p1a: Lycanroc\n|-heal|p2a: Ursaluna|69\/100|[from] item: Shell Bell|[of] p1: Lycanroc\n|\n|upkeep\n|\n|t:|1698460680\n|switch|p1a: Jolteon|Jolteon, M|100\/100\n|turn|23\n|\n|t:|1698460684\n|-terastallize|p1a: Jolteon|Ice\n|move|p1a: Jolteon|Tera Blast|p2a: Ursaluna|[anim] Tera Blast Ice\n|-supereffective|p2a: Ursaluna\n|-damage|p2a: Ursaluna|0 fnt\n|faint|p2a: Ursaluna\n|-damage|p1a: Jolteon|91\/100|[from] item: Life Orb\n|\n|win|Frosty458\n|c|\u2606Frosty458|gg\n|c|\u2606Salty Oshuwatt|gg\n|c| AlexWave55|daaaang\n|c| AlexWave55|close battle\n|c|\u2606Salty Oshuwatt|do you have the replay?\n","uploadtime":1698460731,"views":19,"p1id":"frosty458","p2id":"saltyoshuwatt","formatid":"gen9anythinggoes","rating":0,"private":0,"password":""}