{"id":"gen9anythinggoes-1984660826","p1":"poopgun45","p2":"jerry_g13","format":"[Gen 9] Anything Goes","log":"|j|\u2606poopgun45\n|j|\u2606jerry_g13\n|t:|1699288709\n|gametype|singles\n|player|p1|poopgun45|101|1019\n|player|p2|jerry_g13|sabrina|1000\n|teamsize|p1|6\n|teamsize|p2|6\n|gen|9\n|tier|[Gen 9] Anything Goes\n|rated|\n|rule|HP Percentage Mod: HP is shown in percentages\n|rule|Endless Battle Clause: Forcing endless battles is banned\n|clearpoke\n|poke|p1|Sandaconda, F|\n|poke|p1|Slugma, M|\n|poke|p1|Drifblim, M|\n|poke|p1|Drifblim, M|\n|poke|p1|Maushold-Four|\n|poke|p1|Drifblim, F|\n|poke|p2|Slowbro-Galar, M|\n|poke|p2|Slowpoke, M|\n|poke|p2|Slowbro, M|\n|poke|p2|Slowking, F|\n|poke|p2|Slowking-Galar, M|\n|poke|p2|Slowpoke-Galar, M|\n|teampreview\n|\n|t:|1699288719\n|start\n|switch|p1a: im gonna look at u|Sandaconda, F|100\/100\n|switch|p2a: Slowking|Slowking, F|100\/100\n|turn|1\n|\n|t:|1699288725\n|move|p1a: im gonna look at u|Glare|p2a: Slowking\n|-status|p2a: Slowking|par\n|move|p2a: Slowking|Light Screen|p2a: Slowking\n|-sidestart|p2: jerry_g13|move: Light Screen\n|\n|upkeep\n|turn|2\n|\n|t:|1699288731\n|switch|p1a: Dang Nabbit|Drifblim, M, shiny|100\/100\n|cant|p2a: Slowking|par\n|\n|upkeep\n|turn|3\n|\n|t:|1699288736\n|move|p1a: Dang Nabbit|Minimize|p1a: Dang Nabbit\n|-boost|p1a: Dang Nabbit|evasion|2\n|move|p2a: Slowking|Reflect|p2a: Slowking\n|-sidestart|p2: jerry_g13|Reflect\n|\n|upkeep\n|turn|4\n|\n|t:|1699288741\n|move|p1a: Dang Nabbit|Minimize|p1a: Dang Nabbit\n|-boost|p1a: Dang Nabbit|evasion|2\n|move|p2a: Slowking|Chilly Reception|p2a: Slowking\n|-weather|Snow\n|\n|t:|1699288746\n|switch|p2a: Slowking|Slowking-Galar, M|100\/100|[from] Chilly Reception\n|\n|-weather|Snow|[upkeep]\n|upkeep\n|turn|5\n|\n|t:|1699288750\n|move|p1a: Dang Nabbit|Minimize|p1a: Dang Nabbit\n|-boost|p1a: Dang Nabbit|evasion|2\n|move|p2a: Slowking|Blizzard|p1a: Dang Nabbit\n|-supereffective|p1a: Dang Nabbit\n|-damage|p1a: Dang Nabbit|36\/100\n|\n|-weather|Snow|[upkeep]\n|upkeep\n|turn|6\n|\n|t:|1699288758\n|move|p1a: Dang Nabbit|Baton Pass|p1a: Dang Nabbit\n|\n|t:|1699288760\n|switch|p1a: im so small|Drifblim, M|100\/100|[from] Baton Pass\n|move|p2a: Slowking|Blizzard|p1a: im so small\n|-supereffective|p1a: im so small\n|-damage|p1a: im so small|37\/100\n|\n|-weather|Snow|[upkeep]\n|upkeep\n|turn|7\n|\n|t:|1699288768\n|move|p1a: im so small|Baton Pass|p1a: im so small\n|\n|t:|1699288771\n|switch|p1a: yummy?|Drifblim, F|100\/100|[from] Baton Pass\n|move|p2a: Slowking|Blizzard|p1a: yummy?\n|-supereffective|p1a: yummy?\n|-damage|p1a: yummy?|38\/100\n|\n|-weather|Snow|[upkeep]\n|upkeep\n|turn|8\n|c|\u2606poopgun45|Oh its a auto hit\n|\n|t:|1699288788\n|move|p1a: yummy?|Baton Pass|p1a: yummy?\n|\n|t:|1699288790\n|switch|p1a: speed|Maushold-Four, shiny|100\/100|[from] Baton Pass\n|move|p2a: Slowking|Blizzard|p1a: speed\n|-damage|p1a: speed|62\/100\n|-status|p1a: speed|frz\n|\n|-weather|none\n|-sideend|p2: jerry_g13|move: Light Screen\n|upkeep\n|turn|9\n|-message|poopgun45 forfeited.\n|\n|win|jerry_g13\n|raw|poopgun45's rating: 1019 &rarr; <strong>1005<\/strong><br \/>(-14 for losing)\n|raw|jerry_g13's rating: 1000 &rarr; <strong>1042<\/strong><br \/>(+42 for winning)\n|l|\u2606poopgun45\n","uploadtime":1699288804,"views":7,"p1id":"poopgun45","p2id":"jerryg13","formatid":"gen9anythinggoes","rating":1005,"private":0,"password":""}