{"id":"gen9anythinggoes-1972135492","p1":"SudoWatt","p2":"soggypluto2","format":"[Gen 9] Anything Goes","log":"|j|\u2606SudoWatt\n|j|\u2606soggypluto2\n|t:|1697815740\n|gametype|singles\n|player|p1|SudoWatt|chili|1041\n|player|p2|soggypluto2|colress|1104\n|teamsize|p1|6\n|teamsize|p2|6\n|gen|9\n|tier|[Gen 9] Anything Goes\n|rated|\n|rule|HP Percentage Mod: HP is shown in percentages\n|rule|Endless Battle Clause: Forcing endless battles is banned\n|clearpoke\n|poke|p1|Ting-Lu|\n|poke|p1|Hoopa-Unbound|\n|poke|p1|Lucario, F|\n|poke|p1|Luxray, M|\n|poke|p1|Drifblim, M|\n|poke|p1|Oshawott, L96, M|\n|poke|p2|Samurott-Hisui, F|\n|poke|p2|Kleavor, M|\n|poke|p2|Breloom, F|\n|poke|p2|Quaquaval, M|\n|poke|p2|Scovillain, M|\n|poke|p2|Calyrex-Shadow|\n|teampreview\n|\n|t:|1697815751\n|start\n|switch|p1a: Ting-Lu|Ting-Lu|100\/100\n|switch|p2a: Quaquaval|Quaquaval, M|100\/100\n|-ability|p1a: Ting-Lu|Vessel of Ruin\n|turn|1\n|\n|t:|1697815761\n|move|p2a: Quaquaval|Brick Break|p1a: Ting-Lu\n|-supereffective|p1a: Ting-Lu\n|-damage|p1a: Ting-Lu|52\/100\n|move|p1a: Ting-Lu|Stealth Rock|p2a: Quaquaval\n|-sidestart|p2: soggypluto2|move: Stealth Rock\n|\n|upkeep\n|turn|2\n|\n|t:|1697815779\n|move|p2a: Quaquaval|Rapid Spin|p1a: Ting-Lu\n|-damage|p1a: Ting-Lu|42\/100\n|-boost|p2a: Quaquaval|spe|1\n|-sideend|p2: soggypluto2|Stealth Rock|[from] move: Rapid Spin|[of] p2a: Quaquaval\n|move|p1a: Ting-Lu|Spikes|p2a: Quaquaval\n|-sidestart|p2: soggypluto2|Spikes\n|\n|upkeep\n|turn|3\n|\n|t:|1697815786\n|move|p2a: Quaquaval|Brick Break|p1a: Ting-Lu\n|-supereffective|p1a: Ting-Lu\n|-damage|p1a: Ting-Lu|0 fnt\n|faint|p1a: Ting-Lu\n|-ability|p2a: Quaquaval|Moxie|boost\n|-boost|p2a: Quaquaval|atk|1\n|\n|upkeep\n|\n|t:|1697815794\n|switch|p1a: Luxray|Luxray, M|100\/100\n|-ability|p1a: Luxray|Intimidate|boost\n|-unboost|p2a: Quaquaval|atk|1\n|turn|4\n|\n|t:|1697815798\n|move|p2a: Quaquaval|Rapid Spin|p1a: Luxray\n|-damage|p1a: Luxray|81\/100\n|-boost|p2a: Quaquaval|spe|1\n|-sideend|p2: soggypluto2|Spikes|[from] move: Rapid Spin|[of] p2a: Quaquaval\n|move|p1a: Luxray|Thunder|p2a: Quaquaval\n|-supereffective|p2a: Quaquaval\n|-damage|p2a: Quaquaval|0 fnt\n|faint|p2a: Quaquaval\n|\n|upkeep\n|\n|t:|1697815811\n|switch|p2a: Scovillain|Scovillain, M|100\/100\n|turn|5\n|\n|t:|1697815827\n|move|p1a: Luxray|Thunder|p2a: Scovillain\n|-resisted|p2a: Scovillain\n|-damage|p2a: Scovillain|83\/100\n|-status|p2a: Scovillain|par\n|move|p2a: Scovillain|Leech Seed|p1a: Luxray\n|-start|p1a: Luxray|move: Leech Seed\n|\n|-heal|p2a: Scovillain|89\/100 par|[from] item: Leftovers\n|-damage|p1a: Luxray|69\/100|[from] Leech Seed|[of] p2a: Scovillain\n|-heal|p2a: Scovillain|100\/100 par|[silent]\n|-ability|p2a: Scovillain|Moody|boost\n|-boost|p2a: Scovillain|spe|2\n|-unboost|p2a: Scovillain|def|1\n|upkeep\n|turn|6\n|\n|t:|1697815846\n|switch|p1a: Drifblim|Drifblim, M|100\/100\n|move|p2a: Scovillain|Substitute|p2a: Scovillain\n|-start|p2a: Scovillain|Substitute\n|-damage|p2a: Scovillain|76\/100 par\n|\n|-heal|p2a: Scovillain|82\/100 par|[from] item: Leftovers\n|-ability|p2a: Scovillain|Moody|boost\n|-boost|p2a: Scovillain|spa|2\n|-unboost|p2a: Scovillain|atk|1\n|upkeep\n|turn|7\n|\n|t:|1697815856\n|move|p1a: Drifblim|Minimize|p1a: Drifblim\n|-boost|p1a: Drifblim|evasion|2\n|cant|p2a: Scovillain|par\n|\n|-heal|p2a: Scovillain|88\/100 par|[from] item: Leftovers\n|-ability|p2a: Scovillain|Moody|boost\n|-boost|p2a: Scovillain|spa|2\n|-unboost|p2a: Scovillain|spe|1\n|upkeep\n|turn|8\n|\n|t:|1697815870\n|move|p1a: Drifblim|Minimize|p1a: Drifblim\n|-boost|p1a: Drifblim|evasion|2\n|move|p2a: Scovillain|Giga Drain|p1a: Drifblim\n|-resisted|p1a: Drifblim\n|-damage|p1a: Drifblim|61\/100\n|-heal|p2a: Scovillain|100\/100 par|[from] drain|[of] p1a: Drifblim\n|\n|-ability|p2a: Scovillain|Moody|boost\n|-boost|p2a: Scovillain|spa|2\n|-unboost|p2a: Scovillain|atk|1\n|upkeep\n|turn|9\n|\n|t:|1697815891\n|move|p1a: Drifblim|Minimize|p1a: Drifblim\n|-boost|p1a: Drifblim|evasion|2\n|move|p2a: Scovillain|Flamethrower|p1a: Drifblim\n|-damage|p1a: Drifblim|0 fnt\n|faint|p1a: Drifblim\n|\n|-ability|p2a: Scovillain|Moody|boost\n|-boost|p2a: Scovillain|spe|2\n|-unboost|p2a: Scovillain|spd|1\n|upkeep\n|\n|t:|1697815902\n|switch|p1a: Lucario|Lucario, F|100\/100\n|turn|10\n|\n|t:|1697815906\n|move|p1a: Lucario|Aura Sphere|p2a: Scovillain\n|-end|p2a: Scovillain|Substitute\n|move|p2a: Scovillain|Leech Seed|p1a: Lucario\n|-start|p1a: Lucario|move: Leech Seed\n|\n|-damage|p1a: Lucario|88\/100|[from] Leech Seed|[of] p2a: Scovillain\n|-ability|p2a: Scovillain|Moody|boost\n|-boost|p2a: Scovillain|spe|2\n|-unboost|p2a: Scovillain|atk|1\n|upkeep\n|turn|11\n|\n|t:|1697815922\n|move|p2a: Scovillain|Flamethrower|p1a: Lucario\n|-supereffective|p1a: Lucario\n|-damage|p1a: Lucario|0 fnt\n|faint|p1a: Lucario\n|\n|-ability|p2a: Scovillain|Moody|boost\n|-boost|p2a: Scovillain|spe|1\n|-unboost|p2a: Scovillain|atk|1\n|upkeep\n|\n|t:|1697815930\n|switch|p1a: Hoopa|Hoopa-Unbound|100\/100\n|turn|12\n|\n|t:|1697815944\n|move|p2a: Scovillain|Giga Drain|p1a: Hoopa\n|-damage|p1a: Hoopa|7\/100\n|move|p1a: Hoopa|Hyperspace Fury|p2a: Scovillain\n|-damage|p2a: Scovillain|0 fnt\n|-unboost|p1a: Hoopa|def|1\n|faint|p2a: Scovillain\n|\n|upkeep\n|\n|t:|1697815954\n|switch|p2a: Samurott|Samurott-Hisui, F|100\/100\n|turn|13\n|\n|t:|1697815969\n|move|p2a: Samurott|Ceaseless Edge|p1a: Hoopa\n|-damage|p1a: Hoopa|0 fnt\n|-sidestart|p1: SudoWatt|Spikes\n|faint|p1a: Hoopa\n|\n|upkeep\n|\n|t:|1697815974\n|switch|p1a: Luxray|Luxray, M|69\/100\n|-damage|p1a: Luxray|57\/100|[from] Spikes\n|-ability|p1a: Luxray|Intimidate|boost\n|-unboost|p2a: Samurott|atk|1\n|turn|14\n|\n|t:|1697815981\n|move|p2a: Samurott|Ceaseless Edge|p1a: Luxray|[miss]\n|-miss|p2a: Samurott|p1a: Luxray\n|move|p1a: Luxray|Thunder|p2a: Samurott\n|-supereffective|p2a: Samurott\n|-damage|p2a: Samurott|14\/100\n|-status|p2a: Samurott|par\n|\n|upkeep\n|turn|15\n|\n|t:|1697815993\n|move|p1a: Luxray|Thunder Fang|p2a: Samurott\n|-supereffective|p2a: Samurott\n|-damage|p2a: Samurott|0 fnt\n|faint|p2a: Samurott\n|\n|upkeep\n|\n|t:|1697816000\n|switch|p2a: Breloom|Breloom, F|100\/100\n|turn|16\n|\n|t:|1697816009\n|move|p1a: Luxray|Thunder|p2a: Breloom|[miss]\n|-miss|p1a: Luxray|p2a: Breloom\n|move|p2a: Breloom|Spore|p1a: Luxray\n|-status|p1a: Luxray|slp|[from] move: Spore\n|\n|-status|p2a: Breloom|tox|[from] item: Toxic Orb\n|upkeep\n|turn|17\n|\n|t:|1697816021\n|cant|p1a: Luxray|slp\n|move|p2a: Breloom|Leech Seed|p1a: Luxray\n|-start|p1a: Luxray|move: Leech Seed\n|\n|-damage|p1a: Luxray|44\/100 slp|[from] Leech Seed|[of] p2a: Breloom\n|upkeep\n|turn|18\n|\n|t:|1697816029\n|cant|p1a: Luxray|slp\n|move|p2a: Breloom|Facade|p1a: Luxray\n|-crit|p1a: Luxray\n|-damage|p1a: Luxray|0 fnt\n|faint|p1a: Luxray\n|\n|upkeep\n|\n|t:|1697816035\n|switch|p1a: Oshawott|Oshawott, L96, M|100\/100\n|-damage|p1a: Oshawott|88\/100|[from] Spikes\n|turn|19\n|\n|t:|1697816041\n|move|p2a: Breloom|Spore|p1a: Oshawott\n|-status|p1a: Oshawott|slp|[from] move: Spore\n|cant|p1a: Oshawott|slp\n|\n|upkeep\n|turn|20\n|n|!SudoWatt|sudowatt\n|-message|SudoWatt forfeited.\n|\n|win|soggypluto2\n|raw|SudoWatt's rating: 1041 &rarr; <strong>1028<\/strong><br \/>(-13 for losing)\n|raw|soggypluto2's rating: 1104 &rarr; <strong>1125<\/strong><br \/>(+21 for winning)\n","uploadtime":1697816059,"views":7,"p1id":"sudowatt","p2id":"soggypluto2","formatid":"gen9anythinggoes","rating":1028,"private":0,"password":""}