{"id":"gen9anythinggoes-1991107137","p1":"Ahi_Fire","p2":"NoobeQv4","format":"[Gen 9] Anything Goes","log":"|j|\u2606Ahi_Fire\n|j|\u2606NoobeQv4\n|t:|1700043984\n|gametype|singles\n|player|p1|Ahi_Fire|cyclist|1094\n|player|p2|NoobeQv4|1|1058\n|teamsize|p1|6\n|teamsize|p2|6\n|gen|9\n|tier|[Gen 9] Anything Goes\n|rated|\n|rule|HP Percentage Mod: HP is shown in percentages\n|rule|Endless Battle Clause: Forcing endless battles is banned\n|clearpoke\n|poke|p1|Maushold|\n|poke|p1|Maushold|\n|poke|p1|Maushold|\n|poke|p1|Maushold|\n|poke|p1|Maushold|\n|poke|p1|Maushold|\n|poke|p2|Maushold-Four|\n|poke|p2|Tornadus, M|\n|poke|p2|Iron Hands|\n|poke|p2|Dragapult, M|\n|poke|p2|Volcanion|\n|poke|p2|Chien-Pao|\n|teampreview\n|inactive|Battle timer is ON: inactive players will automatically lose when time's up. (requested by Ahi_Fire)\n|\n|t:|1700043993\n|start\n|switch|p1a: Maushold|Maushold, shiny|100\/100\n|switch|p2a: Tornadus|Tornadus, M|100\/100\n|turn|1\n|\n|t:|1700044001\n|move|p2a: Tornadus|Tailwind|p2a: Tornadus\n|-sidestart|p2: NoobeQv4|move: Tailwind\n|move|p1a: Maushold|Tidy Up|p1a: Maushold\n|-boost|p1a: Maushold|atk|1\n|-boost|p1a: Maushold|spe|1\n|\n|upkeep\n|turn|2\n|\n|t:|1700044006\n|move|p2a: Tornadus|Focus Blast|p1a: Maushold\n|-supereffective|p1a: Maushold\n|-damage|p1a: Maushold|0 fnt\n|faint|p1a: Maushold\n|\n|upkeep\n|\n|t:|1700044009\n|switch|p1a: Maushold|Maushold, shiny|100\/100\n|turn|3\n|\n|t:|1700044012\n|move|p2a: Tornadus|Focus Blast|p1a: Maushold\n|-supereffective|p1a: Maushold\n|-damage|p1a: Maushold|0 fnt\n|faint|p1a: Maushold\n|\n|upkeep\n|\n|t:|1700044015\n|switch|p1a: Maushold|Maushold, shiny|100\/100\n|turn|4\n|\n|t:|1700044020\n|move|p2a: Tornadus|Focus Blast|p1a: Maushold|[miss]\n|-miss|p2a: Tornadus|p1a: Maushold\n|move|p1a: Maushold|Population Bomb|p2a: Tornadus\n|-damage|p2a: Tornadus|89\/100\n|-damage|p2a: Tornadus|76\/100\n|-damage|p2a: Tornadus|63\/100\n|-damage|p2a: Tornadus|50\/100\n|-damage|p2a: Tornadus|39\/100\n|-damage|p2a: Tornadus|27\/100\n|-damage|p2a: Tornadus|15\/100\n|-damage|p2a: Tornadus|2\/100\n|-damage|p2a: Tornadus|0 fnt\n|faint|p2a: Tornadus\n|-hitcount|p2: Tornadus|9\n|\n|-sideend|p2: NoobeQv4|move: Tailwind\n|upkeep\n|\n|t:|1700044028\n|switch|p2a: Iron Hands|Iron Hands|100\/100\n|turn|5\n|\n|t:|1700044045\n|move|p2a: Iron Hands|Fake Out|p1a: Maushold\n|-damage|p1a: Maushold|80\/100\n|cant|p1a: Maushold|flinch\n|\n|upkeep\n|turn|6\n|\n|t:|1700044049\n|move|p1a: Maushold|Population Bomb|p2a: Iron Hands\n|-crit|p2a: Iron Hands\n|-damage|p2a: Iron Hands|92\/100\n|-damage|p2a: Iron Hands|86\/100\n|-damage|p2a: Iron Hands|80\/100\n|-damage|p2a: Iron Hands|75\/100\n|-damage|p2a: Iron Hands|69\/100\n|-damage|p2a: Iron Hands|63\/100\n|-damage|p2a: Iron Hands|58\/100\n|-damage|p2a: Iron Hands|52\/100\n|-damage|p2a: Iron Hands|46\/100\n|-damage|p2a: Iron Hands|40\/100\n|-hitcount|p2a: Iron Hands|10\n|move|p2a: Iron Hands|Close Combat|p1a: Maushold\n|-supereffective|p1a: Maushold\n|-damage|p1a: Maushold|0 fnt\n|-unboost|p2a: Iron Hands|def|1\n|-unboost|p2a: Iron Hands|spd|1\n|faint|p1a: Maushold\n|\n|-heal|p2a: Iron Hands|46\/100|[from] item: Leftovers\n|upkeep\n|\n|t:|1700044067\n|switch|p1a: Maushold|Maushold, shiny|100\/100\n|turn|7\n|\n|t:|1700044075\n|-end|p2a: Iron Hands|Quark Drive|[silent]\n|switch|p2a: Dragapult|Dragapult, M|100\/100\n|-terastallize|p1a: Maushold|Ghost\n|move|p1a: Maushold|Population Bomb|p2a: Dragapult\n|-immune|p2a: Dragapult\n|\n|upkeep\n|turn|8\n|\n|t:|1700044085\n|switch|p1a: Maushold|Maushold, shiny|100\/100\n|move|p2a: Dragapult|Dragon Darts|p1a: Maushold\n|-damage|p1a: Maushold|61\/100\n|-anim|p2a: Dragapult|Dragon Darts|p1a: Maushold\n|-damage|p1a: Maushold|18\/100\n|\n|upkeep\n|turn|9\n|\n|t:|1700044093\n|move|p2a: Dragapult|Dragon Darts|p1a: Maushold\n|-damage|p1a: Maushold|0 fnt\n|faint|p1a: Maushold\n|\n|upkeep\n|\n|t:|1700044095\n|switch|p1a: Maushold|Maushold, shiny|100\/100\n|turn|10\n|\n|t:|1700044099\n|move|p2a: Dragapult|Dragon Darts|p1a: Maushold\n|-damage|p1a: Maushold|54\/100\n|-anim|p2a: Dragapult|Dragon Darts|p1a: Maushold\n|-damage|p1a: Maushold|12\/100\n|move|p1a: Maushold|Crunch|p2a: Dragapult\n|-supereffective|p2a: Dragapult\n|-damage|p2a: Dragapult|42\/100\n|\n|-heal|p2a: Dragapult|48\/100|[from] item: Leftovers\n|upkeep\n|turn|11\n|c|\u2606NoobeQv4|nice team bro\n|\n|t:|1700044109\n|move|p2a: Dragapult|Dragon Darts|p1a: Maushold\n|-damage|p1a: Maushold|0 fnt\n|faint|p1a: Maushold\n|\n|-heal|p2a: Dragapult|54\/100|[from] item: Leftovers\n|upkeep\n|\n|t:|1700044111\n|switch|p1a: Maushold|Maushold, shiny, tera:Ghost|100\/100\n|turn|12\n|\n|t:|1700044114\n|move|p2a: Dragapult|Dragon Darts|p1a: Maushold\n|-damage|p1a: Maushold|60\/100\n|-anim|p2a: Dragapult|Dragon Darts|p1a: Maushold\n|-damage|p1a: Maushold|18\/100\n|move|p1a: Maushold|Crunch|p2a: Dragapult\n|-supereffective|p2a: Dragapult\n|-damage|p2a: Dragapult|0 fnt\n|faint|p2a: Dragapult\n|\n|upkeep\n|\n|t:|1700044119\n|switch|p2a: Chien-Pao|Chien-Pao|100\/100\n|-ability|p2a: Chien-Pao|Sword of Ruin\n|turn|13\n|c|\u2606Ahi_Fire|thx i try\n|\n|t:|1700044127\n|move|p2a: Chien-Pao|Sacred Sword|p1a: Maushold\n|-immune|p1a: Maushold\n|move|p1a: Maushold|Population Bomb|p2a: Chien-Pao\n|-damage|p2a: Chien-Pao|83\/100\n|-damage|p2a: Chien-Pao|68\/100\n|-damage|p2a: Chien-Pao|51\/100\n|-damage|p2a: Chien-Pao|35\/100\n|-damage|p2a: Chien-Pao|18\/100\n|-crit|p2a: Chien-Pao\n|-damage|p2a: Chien-Pao|0 fnt\n|faint|p2a: Chien-Pao\n|-hitcount|p2: Chien-Pao|6\n|\n|upkeep\n|\n|t:|1700044135\n|switch|p2a: Volcanion|Volcanion|100\/100\n|turn|14\n|\n|t:|1700044142\n|move|p1a: Maushold|Population Bomb|p2a: Volcanion\n|-damage|p2a: Volcanion|92\/100\n|-damage|p2a: Volcanion|83\/100\n|-damage|p2a: Volcanion|73\/100\n|-damage|p2a: Volcanion|65\/100\n|-damage|p2a: Volcanion|55\/100\n|-damage|p2a: Volcanion|47\/100\n|-damage|p2a: Volcanion|38\/100\n|-damage|p2a: Volcanion|30\/100\n|-damage|p2a: Volcanion|22\/100\n|-damage|p2a: Volcanion|14\/100\n|-hitcount|p2a: Volcanion|10\n|move|p2a: Volcanion|Steam Eruption|p1a: Maushold\n|-damage|p1a: Maushold|0 fnt\n|faint|p1a: Maushold\n|\n|win|NoobeQv4\n|raw|Ahi_Fire's rating: 1094 &rarr; <strong>1067<\/strong><br \/>(-27 for losing)\n|raw|NoobeQv4's rating: 1058 &rarr; <strong>1093<\/strong><br \/>(+35 for winning)\n|c|\u2606Ahi_Fire|gg\n","uploadtime":1700044158,"views":4,"p1id":"ahifire","p2id":"noobeqv4","formatid":"gen9anythinggoes","rating":1067,"private":0,"password":""}