{"id":"gen9anythinggoes-1983712301","p1":"def_pid","p2":"keojjej","format":"[Gen 9] Anything Goes","log":"|j|\u2606def_pid\n|j|\u2606keojjej\n|t:|1699165415\n|gametype|singles\n|player|p1|def_pid|carmine-festival|1316\n|player|p2|keojjej|102|1290\n|teamsize|p1|6\n|teamsize|p2|6\n|gen|9\n|tier|[Gen 9] Anything Goes\n|rated|\n|rule|HP Percentage Mod: HP is shown in percentages\n|rule|Endless Battle Clause: Forcing endless battles is banned\n|clearpoke\n|poke|p1|Bellibolt, F|\n|poke|p1|Bellibolt, M|\n|poke|p1|Bellibolt, M|\n|poke|p1|Bellibolt, M|\n|poke|p1|Bellibolt, M|\n|poke|p1|Bellibolt, F|\n|poke|p2|Calyrex-Shadow|\n|poke|p2|Arceus|\n|poke|p2|Ariados, F|\n|poke|p2|Miraidon|\n|poke|p2|Annihilape, M|\n|poke|p2|Zacian-*|\n|teampreview\n|inactive|Battle timer is ON: inactive players will automatically lose when time's up. (requested by def_pid)\n|\n|t:|1699165422\n|start\n|switch|p1a: fat fuck|Bellibolt, F|100\/100\n|switch|p2a: Ariados|Ariados, F|100\/100\n|turn|1\n|c|\u2606keojjej|Wth\n|c|\u2606def_pid|prepare yourself\n|\n|t:|1699165430\n|move|p2a: Ariados|Sticky Web|p1a: fat fuck\n|-sidestart|p1: def_pid|move: Sticky Web\n|move|p1a: fat fuck|Volt Switch|p2a: Ariados\n|-damage|p2a: Ariados|44\/100\n|\n|t:|1699165436\n|switch|p1a: fat frick|Bellibolt, M|100\/100|[from] Volt Switch\n|-activate|p1a: fat frick|move: Sticky Web\n|-unboost|p1a: fat frick|spe|1\n|\n|upkeep\n|turn|2\n|\n|t:|1699165441\n|move|p2a: Ariados|Toxic Spikes|p1a: fat frick\n|-sidestart|p1: def_pid|move: Toxic Spikes\n|move|p1a: fat frick|Volt Switch|p2a: Ariados\n|-damage|p2a: Ariados|0 fnt\n|faint|p2a: Ariados\n|\n|t:|1699165451\n|switch|p1a: fat fuck|Bellibolt, F|100\/100|[from] Volt Switch\n|-activate|p1a: fat fuck|move: Sticky Web\n|-unboost|p1a: fat fuck|spe|1\n|-status|p1a: fat fuck|psn\n|\n|-damage|p1a: fat fuck|88\/100 psn|[from] psn\n|upkeep\n|c|\u2606keojjej|What about calyrex\n|\n|t:|1699165467\n|switch|p2a: Calyrex|Calyrex-Shadow|100\/100\n|-ability|p2a: Calyrex|As One\n|-ability|p2a: Calyrex|Unnerve\n|turn|3\n|c|\u2606def_pid|what about it\n|\n|t:|1699165475\n|move|p2a: Calyrex|Astral Barrage|p1a: fat fuck\n|-damage|p1a: fat fuck|14\/100 psn\n|-start|p1a: fat fuck|Charge|Astral Barrage|[from] ability: Electromorphosis\n|move|p1a: fat fuck|Thunderbolt|p2a: Calyrex\n|-damage|p2a: Calyrex|0 fnt\n|faint|p2a: Calyrex\n|-end|p1a: fat fuck|Charge|[silent]\n|\n|-damage|p1a: fat fuck|2\/100 psn|[from] psn\n|upkeep\n|c|\u2606keojjej|Omg\n|\n|t:|1699165489\n|switch|p2a: Arceus|Arceus|100\/100\n|turn|4\n|\n|t:|1699165492\n|move|p2a: Arceus|Extreme Speed|p1a: fat fuck\n|-damage|p1a: fat fuck|0 fnt\n|faint|p1a: fat fuck\n|\n|upkeep\n|\n|t:|1699165496\n|switch|p1a: fat frick|Bellibolt, M|100\/100\n|-activate|p1a: fat frick|move: Sticky Web\n|-unboost|p1a: fat frick|spe|1\n|-status|p1a: fat frick|psn\n|turn|5\n|c|\u2606keojjej|How bulky is that thing\n|c|\u2606def_pid|not very\n|\n|t:|1699165520\n|move|p2a: Arceus|Dark Pulse|p1a: fat frick\n|-damage|p1a: fat frick|74\/100 psn\n|-start|p1a: fat frick|Charge|Dark Pulse|[from] ability: Electromorphosis\n|move|p1a: fat frick|Thunderbolt|p2a: Arceus\n|-damage|p2a: Arceus|7\/100\n|-end|p1a: fat frick|Charge|[silent]\n|\n|-damage|p1a: fat frick|62\/100 psn|[from] psn\n|upkeep\n|turn|6\n|\n|t:|1699165532\n|move|p2a: Arceus|Dark Pulse|p1a: fat frick\n|-damage|p1a: fat frick|38\/100 psn\n|-start|p1a: fat frick|Charge|Dark Pulse|[from] ability: Electromorphosis\n|move|p1a: fat frick|Thunderbolt|p2a: Arceus\n|-damage|p2a: Arceus|0 fnt\n|faint|p2a: Arceus\n|-end|p1a: fat frick|Charge|[silent]\n|\n|-damage|p1a: fat frick|25\/100 psn|[from] psn\n|upkeep\n|\n|t:|1699165540\n|switch|p2a: Miraidon|Miraidon|100\/100\n|-fieldstart|move: Electric Terrain|[from] ability: Hadron Engine|[of] p2a: Miraidon\n|turn|7\n|\n|t:|1699165546\n|move|p2a: Miraidon|Dragon Pulse|p1a: fat frick\n|-damage|p1a: fat frick|0 fnt\n|faint|p1a: fat frick\n|\n|upkeep\n|\n|t:|1699165552\n|switch|p1a: Bartholomeo|Bellibolt, F|100\/100\n|-activate|p1a: Bartholomeo|move: Sticky Web\n|-unboost|p1a: Bartholomeo|spe|1\n|-status|p1a: Bartholomeo|psn\n|turn|8\n|\n|t:|1699165557\n|-terastallize|p1a: Bartholomeo|Fairy\n|move|p2a: Miraidon|Dragon Pulse|p1a: Bartholomeo\n|-immune|p1a: Bartholomeo\n|move|p1a: Bartholomeo|Tera Blast|p2a: Miraidon|[anim] Tera Blast Fairy\n|-supereffective|p2a: Miraidon\n|-damage|p2a: Miraidon|1\/100\n|\n|-damage|p1a: Bartholomeo|88\/100 psn|[from] psn\n|upkeep\n|turn|9\n|\n|t:|1699165562\n|switch|p2a: Annihilape|Annihilape, M|100\/100\n|move|p1a: Bartholomeo|Tera Blast|p2a: Annihilape|[anim] Tera Blast Fairy\n|-supereffective|p2a: Annihilape\n|-damage|p2a: Annihilape|0 fnt\n|faint|p2a: Annihilape\n|\n|-damage|p1a: Bartholomeo|76\/100 psn|[from] psn\n|upkeep\n|\n|t:|1699165567\n|switch|p2a: Miraidon|Miraidon|1\/100\n|-activate|p2a: Miraidon|ability: Hadron Engine\n|turn|10\n|\n|t:|1699165573\n|move|p2a: Miraidon|Electro Drift|p1a: Bartholomeo\n|-damage|p1a: Bartholomeo|0 fnt\n|faint|p1a: Bartholomeo\n|\n|upkeep\n|\n|t:|1699165578\n|switch|p1a: fat heck|Bellibolt, M|100\/100\n|-activate|p1a: fat heck|move: Sticky Web\n|-unboost|p1a: fat heck|spe|1\n|-status|p1a: fat heck|psn\n|turn|11\n|c|\u2606keojjej|Ohhh nooo\n|\n|t:|1699165584\n|move|p2a: Miraidon|Electro Drift|p1a: fat heck\n|-resisted|p1a: fat heck\n|-damage|p1a: fat heck|59\/100 psn\n|-start|p1a: fat heck|Charge|Electro Drift|[from] ability: Electromorphosis\n|move|p1a: fat heck|Thunderbolt|p2a: Miraidon\n|-resisted|p2a: Miraidon\n|-crit|p2a: Miraidon\n|-damage|p2a: Miraidon|0 fnt\n|faint|p2a: Miraidon\n|-end|p1a: fat heck|Charge|[silent]\n|\n|-damage|p1a: fat heck|46\/100 psn|[from] psn\n|-fieldend|move: Electric Terrain\n|upkeep\n|\n|t:|1699165589\n|switch|p2a: Zacian|Zacian-Crowned|100\/100\n|-ability|p2a: Zacian|Intrepid Sword|boost\n|-boost|p2a: Zacian|atk|1\n|turn|12\n|\n|t:|1699165594\n|-terastallize|p2a: Zacian|Fairy\n|move|p2a: Zacian|Behemoth Blade|p1a: fat heck\n|-resisted|p1a: fat heck\n|-damage|p1a: fat heck|12\/100 psn\n|-start|p1a: fat heck|Charge|Behemoth Blade|[from] ability: Electromorphosis\n|move|p1a: fat heck|Thunderbolt|p2a: Zacian\n|-damage|p2a: Zacian|0 fnt\n|faint|p2a: Zacian\n|-end|p1a: fat heck|Charge|[silent]\n|\n|win|def_pid\n|raw|def_pid's rating: 1316 &rarr; <strong>1335<\/strong><br \/>(+19 for winning)\n|raw|keojjej's rating: 1290 &rarr; <strong>1267<\/strong><br \/>(-23 for losing)\n|c|\u2606def_pid|gg\n|c|\u2606keojjej|Gg\n|l|\u2606keojjej\n","uploadtime":1699165669,"views":4,"p1id":"defpid","p2id":"keojjej","formatid":"gen9anythinggoes","rating":1267,"private":0,"password":""}