{"id":"gen9anythinggoes-1995083818","p1":"temptx","p2":"hoenn militian","format":"[Gen 9] Anything Goes","log":"|j|\u2606temptx\n|j|\u2606hoenn militian\n|t:|1700520752\n|gametype|singles\n|player|p1|temptx|skyla|1474\n|player|p2|hoenn militian|169|1741\n|teamsize|p1|6\n|teamsize|p2|6\n|gen|9\n|tier|[Gen 9] Anything Goes\n|rated|\n|rule|HP Percentage Mod: HP is shown in percentages\n|rule|Endless Battle Clause: Forcing endless battles is banned\n|clearpoke\n|poke|p1|Dragapult, M|\n|poke|p1|Milotic, M|\n|poke|p1|Arceus|\n|poke|p1|Zacian-*|\n|poke|p1|Calyrex-Shadow|\n|poke|p1|Arceus-Fairy|\n|poke|p2|Miraidon|\n|poke|p2|Grimmsnarl, M|\n|poke|p2|Skeledirge, M|\n|poke|p2|Arceus|\n|poke|p2|Blissey, F|\n|poke|p2|Calyrex-Ice|\n|teampreview\n|\n|t:|1700520771\n|start\n|switch|p1a: Zacian|Zacian-Crowned|100\/100\n|switch|p2a: Grimmsnarl|Grimmsnarl, M|100\/100\n|-ability|p1a: Zacian|Intrepid Sword|boost\n|-boost|p1a: Zacian|atk|1\n|turn|1\n|\n|t:|1700520779\n|switch|p2a: Skeledirge|Skeledirge, M|100\/100\n|move|p1a: Zacian|Behemoth Blade|p2a: Skeledirge\n|-resisted|p2a: Skeledirge\n|-damage|p2a: Skeledirge|82\/100\n|\n|upkeep\n|turn|2\n|\n|t:|1700520791\n|switch|p1a: Milotic|Milotic, M|100\/100\n|move|p2a: Skeledirge|Will-O-Wisp|p1a: Milotic\n|-status|p1a: Milotic|brn\n|\n|-damage|p1a: Milotic|94\/100 brn|[from] brn\n|upkeep\n|turn|3\n|\n|t:|1700520800\n|switch|p2a: Blissey|Blissey, F|100\/100\n|move|p1a: Milotic|Aqua Ring|p1a: Milotic\n|-start|p1a: Milotic|Aqua Ring\n|\n|-heal|p1a: Milotic|100\/100 brn|[from] Aqua Ring\n|-damage|p1a: Milotic|94\/100 brn|[from] brn\n|upkeep\n|turn|4\n|\n|t:|1700520811\n|move|p1a: Milotic|Scald|p2a: Blissey\n|-damage|p2a: Blissey|93\/100\n|move|p2a: Blissey|Stealth Rock|p1a: Milotic\n|-sidestart|p1: temptx|move: Stealth Rock\n|\n|-heal|p1a: Milotic|100\/100 brn|[from] Aqua Ring\n|-damage|p1a: Milotic|94\/100 brn|[from] brn\n|upkeep\n|turn|5\n|\n|t:|1700520828\n|switch|p1a: Zacian|Zacian-Crowned|100\/100\n|-damage|p1a: Zacian|94\/100|[from] Stealth Rock\n|move|p2a: Blissey|Seismic Toss|p1a: Zacian\n|-damage|p1a: Zacian|64\/100\n|\n|upkeep\n|turn|6\n|\n|t:|1700520841\n|switch|p2a: Skeledirge|Skeledirge, M|82\/100\n|move|p1a: Zacian|Behemoth Blade|p2a: Skeledirge\n|-resisted|p2a: Skeledirge\n|-damage|p2a: Skeledirge|65\/100\n|\n|upkeep\n|turn|7\n|\n|t:|1700520852\n|switch|p1a: Milotic|Milotic, M|94\/100 brn\n|-damage|p1a: Milotic|82\/100 brn|[from] Stealth Rock\n|move|p2a: Skeledirge|Slack Off|p2a: Skeledirge\n|-heal|p2a: Skeledirge|100\/100\n|\n|-damage|p1a: Milotic|76\/100 brn|[from] brn\n|upkeep\n|turn|8\n|\n|t:|1700520861\n|switch|p2a: Blissey|Blissey, F|93\/100\n|move|p1a: Milotic|Scald|p2a: Blissey\n|-crit|p2a: Blissey\n|-damage|p2a: Blissey|81\/100\n|-status|p2a: Blissey|brn\n|\n|-damage|p1a: Milotic|70\/100 brn|[from] brn\n|-damage|p2a: Blissey|75\/100 brn|[from] brn\n|upkeep\n|turn|9\n|\n|t:|1700520874\n|move|p1a: Milotic|Aqua Ring|p1a: Milotic\n|-start|p1a: Milotic|Aqua Ring\n|move|p2a: Blissey|Seismic Toss|p1a: Milotic\n|-damage|p1a: Milotic|40\/100 brn\n|\n|-heal|p1a: Milotic|46\/100 brn|[from] Aqua Ring\n|-damage|p1a: Milotic|40\/100 brn|[from] brn\n|-damage|p2a: Blissey|69\/100 brn|[from] brn\n|upkeep\n|turn|10\n|\n|t:|1700520886\n|move|p1a: Milotic|Recover|p1a: Milotic\n|-heal|p1a: Milotic|90\/100 brn\n|move|p2a: Blissey|Heal Bell|p2a: Blissey\n|-activate|p2a: Blissey|move: Heal Bell\n|-curestatus|p2a: Blissey|brn|[msg]\n|\n|-heal|p1a: Milotic|96\/100 brn|[from] Aqua Ring\n|-damage|p1a: Milotic|90\/100 brn|[from] brn\n|upkeep\n|turn|11\n|\n|t:|1700520896\n|move|p1a: Milotic|Scald|p2a: Blissey\n|-damage|p2a: Blissey|60\/100\n|move|p2a: Blissey|Seismic Toss|p1a: Milotic\n|-damage|p1a: Milotic|60\/100 brn\n|\n|-heal|p1a: Milotic|66\/100 brn|[from] Aqua Ring\n|-damage|p1a: Milotic|60\/100 brn|[from] brn\n|upkeep\n|turn|12\n|\n|t:|1700520905\n|move|p1a: Milotic|Scald|p2a: Blissey\n|-damage|p2a: Blissey|52\/100\n|move|p2a: Blissey|Seismic Toss|p1a: Milotic\n|-damage|p1a: Milotic|30\/100 brn\n|\n|-heal|p1a: Milotic|36\/100 brn|[from] Aqua Ring\n|-damage|p1a: Milotic|30\/100 brn|[from] brn\n|upkeep\n|turn|13\n|\n|t:|1700520931\n|switch|p1a: Arceus|Arceus|100\/100\n|move|p2a: Blissey|Soft-Boiled|p2a: Blissey\n|-heal|p2a: Blissey|100\/100\n|\n|upkeep\n|turn|14\n|\n|t:|1700520942\n|switch|p2a: Skeledirge|Skeledirge, M|100\/100\n|move|p1a: Arceus|Extreme Speed|p2a: Skeledirge\n|-immune|p2a: Skeledirge\n|\n|upkeep\n|turn|15\n|\n|t:|1700520949\n|switch|p1a: Milotic|Milotic, M|30\/100 brn\n|-damage|p1a: Milotic|17\/100 brn|[from] Stealth Rock\n|move|p2a: Skeledirge|Will-O-Wisp|p1a: Milotic\n|-fail|p1a: Milotic|brn\n|\n|-damage|p1a: Milotic|11\/100 brn|[from] brn\n|upkeep\n|turn|16\n|\n|t:|1700520960\n|move|p1a: Milotic|Recover|p1a: Milotic\n|-heal|p1a: Milotic|61\/100 brn\n|move|p2a: Skeledirge|Hex|p1a: Milotic\n|-damage|p1a: Milotic|29\/100 brn\n|\n|-damage|p1a: Milotic|23\/100 brn|[from] brn\n|upkeep\n|turn|17\n|\n|t:|1700520969\n|switch|p2a: Blissey|Blissey, F|100\/100\n|move|p1a: Milotic|Recover|p1a: Milotic\n|-heal|p1a: Milotic|73\/100 brn\n|\n|-damage|p1a: Milotic|67\/100 brn|[from] brn\n|upkeep\n|turn|18\n|\n|t:|1700520976\n|switch|p1a: Arceus|Arceus|100\/100\n|move|p2a: Blissey|Seismic Toss|p1a: Arceus\n|-damage|p1a: Arceus|74\/100\n|\n|upkeep\n|turn|19\n|\n|t:|1700520986\n|switch|p2a: Skeledirge|Skeledirge, M|100\/100\n|move|p1a: Arceus|Earthquake|p2a: Skeledirge\n|-supereffective|p2a: Skeledirge\n|-damage|p2a: Skeledirge|59\/100\n|\n|upkeep\n|turn|20\n|\n|t:|1700520993\n|switch|p1a: Milotic|Milotic, M|67\/100 brn\n|-damage|p1a: Milotic|54\/100 brn|[from] Stealth Rock\n|move|p2a: Skeledirge|Slack Off|p2a: Skeledirge\n|-heal|p2a: Skeledirge|100\/100\n|\n|-damage|p1a: Milotic|48\/100 brn|[from] brn\n|upkeep\n|turn|21\n|\n|t:|1700521003\n|switch|p2a: Miraidon|Miraidon|100\/100\n|-fieldstart|move: Electric Terrain|[from] ability: Hadron Engine|[of] p2a: Miraidon\n|move|p1a: Milotic|Recover|p1a: Milotic\n|-heal|p1a: Milotic|98\/100 brn\n|\n|-damage|p1a: Milotic|92\/100 brn|[from] brn\n|upkeep\n|turn|22\n|\n|t:|1700521016\n|move|p1a: Milotic|Protect|p1a: Milotic\n|-singleturn|p1a: Milotic|Protect\n|move|p2a: Miraidon|U-turn|p1a: Milotic\n|-activate|p1a: Milotic|move: Protect\n|\n|-damage|p1a: Milotic|86\/100 brn|[from] brn\n|upkeep\n|turn|23\n|\n|t:|1700521025\n|move|p2a: Miraidon|Electro Drift|p1a: Milotic\n|-supereffective|p1a: Milotic\n|-damage|p1a: Milotic|0 fnt\n|faint|p1a: Milotic\n|\n|upkeep\n|\n|t:|1700521040\n|switch|p1a: Zacian|Zacian-Crowned|64\/100\n|-damage|p1a: Zacian|57\/100|[from] Stealth Rock\n|turn|24\n|\n|t:|1700521045\n|switch|p2a: Skeledirge|Skeledirge, M|100\/100\n|move|p1a: Zacian|Play Rough|p2a: Skeledirge\n|-resisted|p2a: Skeledirge\n|-damage|p2a: Skeledirge|86\/100\n|-unboost|p2a: Skeledirge|atk|1\n|\n|upkeep\n|turn|25\n|\n|t:|1700521068\n|switch|p1a: Arceus|Arceus|74\/100\n|move|p2a: Skeledirge|Will-O-Wisp|p1a: Arceus\n|-status|p1a: Arceus|brn\n|\n|-damage|p1a: Arceus|68\/100 brn|[from] brn\n|-fieldend|move: Electric Terrain\n|upkeep\n|turn|26\n|\n|t:|1700521079\n|move|p1a: Arceus|Earthquake|p2a: Skeledirge\n|-supereffective|p2a: Skeledirge\n|-damage|p2a: Skeledirge|64\/100\n|move|p2a: Skeledirge|Torch Song|p1a: Arceus\n|-damage|p1a: Arceus|46\/100 brn\n|-boost|p2a: Skeledirge|spa|1\n|\n|-damage|p1a: Arceus|40\/100 brn|[from] brn\n|upkeep\n|turn|27\n|\n|t:|1700521090\n|move|p1a: Arceus|Earthquake|p2a: Skeledirge\n|-supereffective|p2a: Skeledirge\n|-damage|p2a: Skeledirge|42\/100\n|move|p2a: Skeledirge|Slack Off|p2a: Skeledirge\n|-heal|p2a: Skeledirge|92\/100\n|\n|-damage|p1a: Arceus|34\/100 brn|[from] brn\n|upkeep\n|turn|28\n|\n|t:|1700521100\n|move|p1a: Arceus|Recover|p1a: Arceus\n|-heal|p1a: Arceus|84\/100 brn\n|move|p2a: Skeledirge|Torch Song|p1a: Arceus\n|-damage|p1a: Arceus|53\/100 brn\n|-boost|p2a: Skeledirge|spa|1\n|\n|-damage|p1a: Arceus|47\/100 brn|[from] brn\n|upkeep\n|turn|29\n|\n|t:|1700521108\n|move|p1a: Arceus|Earthquake|p2a: Skeledirge\n|-supereffective|p2a: Skeledirge\n|-damage|p2a: Skeledirge|71\/100\n|move|p2a: Skeledirge|Torch Song|p1a: Arceus\n|-damage|p1a: Arceus|7\/100 brn\n|-boost|p2a: Skeledirge|spa|1\n|\n|-damage|p1a: Arceus|1\/100 brn|[from] brn\n|upkeep\n|turn|30\n|inactive|Battle timer is ON: inactive players will automatically lose when time's up. (requested by temptx)\n|\n|t:|1700521143\n|move|p1a: Arceus|Earthquake|p2a: Skeledirge\n|-supereffective|p2a: Skeledirge\n|-damage|p2a: Skeledirge|48\/100\n|move|p2a: Skeledirge|Slack Off|p2a: Skeledirge\n|-heal|p2a: Skeledirge|98\/100\n|\n|-damage|p1a: Arceus|0 fnt|[from] brn\n|faint|p1a: Arceus\n|upkeep\n|\n|t:|1700521153\n|switch|p1a: Dragapult|Dragapult, M|100\/100\n|-damage|p1a: Dragapult|88\/100|[from] Stealth Rock\n|turn|31\n|\n|t:|1700521163\n|switch|p2a: Blissey|Blissey, F|100\/100\n|-terastallize|p1a: Dragapult|Normal\n|move|p1a: Dragapult|Dragon Dance|p1a: Dragapult\n|-boost|p1a: Dragapult|atk|1\n|-boost|p1a: Dragapult|spe|1\n|\n|upkeep\n|turn|32\n|\n|t:|1700521173\n|switch|p2a: Skeledirge|Skeledirge, M|98\/100\n|move|p1a: Dragapult|Dragon Darts|p2a: Skeledirge\n|-damage|p2a: Skeledirge|81\/100\n|-anim|p1a: Dragapult|Dragon Darts|p2a: Skeledirge\n|-damage|p2a: Skeledirge|65\/100\n|\n|upkeep\n|turn|33\n|\n|t:|1700521190\n|move|p1a: Dragapult|Phantom Force||[still]\n|-prepare|p1a: Dragapult|Phantom Force\n|move|p2a: Skeledirge|Slack Off|p2a: Skeledirge\n|-heal|p2a: Skeledirge|100\/100\n|\n|upkeep\n|turn|34\n|\n|t:|1700521197\n|switch|p2a: Blissey|Blissey, F|100\/100\n|move|p1a: Dragapult|Phantom Force|p2a: Blissey|[from]lockedmove\n|-immune|p2a: Blissey\n|\n|upkeep\n|turn|35\n|\n|t:|1700521205\n|switch|p2a: Skeledirge|Skeledirge, M|100\/100\n|move|p1a: Dragapult|Dragon Dance|p1a: Dragapult\n|-boost|p1a: Dragapult|atk|1\n|-boost|p1a: Dragapult|spe|1\n|\n|upkeep\n|turn|36\n|\n|t:|1700521212\n|move|p1a: Dragapult|Phantom Force||[still]\n|-prepare|p1a: Dragapult|Phantom Force\n|move|p2a: Skeledirge|Will-O-Wisp|p1a: Dragapult|[miss]\n|-miss|p2a: Skeledirge|p1a: Dragapult\n|\n|upkeep\n|turn|37\n|\n|t:|1700521220\n|-terastallize|p2a: Skeledirge|Normal\n|move|p1a: Dragapult|Phantom Force|p2a: Skeledirge|[from]lockedmove\n|-immune|p2a: Skeledirge\n|move|p2a: Skeledirge|Will-O-Wisp|p1a: Dragapult\n|-status|p1a: Dragapult|brn\n|\n|-damage|p1a: Dragapult|82\/100 brn|[from] brn\n|upkeep\n|turn|38\n|\n|t:|1700521234\n|move|p1a: Dragapult|Dragon Darts|p2a: Skeledirge\n|-damage|p2a: Skeledirge|92\/100\n|-anim|p1a: Dragapult|Dragon Darts|p2a: Skeledirge\n|-damage|p2a: Skeledirge|84\/100\n|move|p2a: Skeledirge|Torch Song|p1a: Dragapult\n|-damage|p1a: Dragapult|38\/100 brn\n|-boost|p2a: Skeledirge|spa|1\n|\n|-damage|p1a: Dragapult|32\/100 brn|[from] brn\n|upkeep\n|turn|39\n|\n|t:|1700521248\n|move|p1a: Dragapult|Dragon Darts|p2a: Skeledirge\n|-damage|p2a: Skeledirge|76\/100\n|-anim|p1a: Dragapult|Dragon Darts|p2a: Skeledirge\n|-damage|p2a: Skeledirge|68\/100\n|move|p2a: Skeledirge|Hex|p1a: Dragapult\n|-immune|p1a: Dragapult\n|\n|-damage|p1a: Dragapult|26\/100 brn|[from] brn\n|upkeep\n|turn|40\n|\n|t:|1700521258\n|move|p1a: Dragapult|Dragon Darts|p2a: Skeledirge\n|-damage|p2a: Skeledirge|59\/100\n|-anim|p1a: Dragapult|Dragon Darts|p2a: Skeledirge\n|-damage|p2a: Skeledirge|51\/100\n|move|p2a: Skeledirge|Slack Off|p2a: Skeledirge\n|-heal|p2a: Skeledirge|100\/100\n|\n|-damage|p1a: Dragapult|20\/100 brn|[from] brn\n|upkeep\n|turn|41\n|\n|t:|1700521266\n|switch|p2a: Grimmsnarl|Grimmsnarl, M|100\/100\n|move|p1a: Dragapult|Sucker Punch||[still]\n|-fail|p1a: Dragapult\n|\n|-damage|p1a: Dragapult|14\/100 brn|[from] brn\n|upkeep\n|turn|42\n|\n|t:|1700521280\n|move|p2a: Grimmsnarl|Sucker Punch|p1a: Dragapult\n|-damage|p1a: Dragapult|0 fnt\n|faint|p1a: Dragapult\n|\n|upkeep\n|\n|t:|1700521287\n|switch|p1a: Zacian|Zacian-Crowned|57\/100\n|-damage|p1a: Zacian|51\/100|[from] Stealth Rock\n|turn|43\n|\n|t:|1700521294\n|move|p2a: Grimmsnarl|Parting Shot|p1a: Zacian\n|-unboost|p1a: Zacian|atk|1\n|-unboost|p1a: Zacian|spa|1\n|\n|t:|1700521300\n|switch|p2a: Arceus|Arceus|100\/100|[from] Parting Shot\n|move|p1a: Zacian|Sacred Sword|p2a: Arceus\n|-supereffective|p2a: Arceus\n|-damage|p2a: Arceus|69\/100\n|\n|upkeep\n|turn|44\n|\n|t:|1700521312\n|switch|p1a: Arceus|Arceus-Fairy|100\/100\n|-damage|p1a: Arceus|88\/100|[from] Stealth Rock\n|move|p2a: Arceus|Recover|p2a: Arceus\n|-heal|p2a: Arceus|100\/100\n|\n|upkeep\n|turn|45\n|\n|t:|1700521320\n|move|p1a: Arceus|Will-O-Wisp|p2a: Arceus\n|-status|p2a: Arceus|brn\n|move|p2a: Arceus|Perish Song|p2a: Arceus\n|-start|p1a: Arceus|perish3|[silent]\n|-start|p2a: Arceus|perish3|[silent]\n|-fieldactivate|move: Perish Song\n|\n|-damage|p2a: Arceus|94\/100 brn|[from] brn\n|-start|p2a: Arceus|perish3\n|-start|p1a: Arceus|perish3\n|upkeep\n|turn|46\n|\n|t:|1700521329\n|switch|p2a: Blissey|Blissey, F|100\/100\n|move|p1a: Arceus|Future Sight|p2a: Blissey\n|-start|p1a: Arceus|move: Future Sight\n|\n|-start|p1a: Arceus|perish2\n|upkeep\n|turn|47\n|\n|t:|1700521339\n|switch|p1a: Zacian|Zacian-Crowned|51\/100\n|-damage|p1a: Zacian|45\/100|[from] Stealth Rock\n|move|p2a: Blissey|Heal Bell|p2a: Blissey\n|-activate|p2a: Blissey|move: Heal Bell\n|-curestatus|p2: Arceus|brn|[msg]\n|\n|upkeep\n|turn|48\n|\n|t:|1700521354\n|switch|p2a: Skeledirge|Skeledirge, M, tera:Normal|100\/100\n|move|p1a: Zacian|Sacred Sword|p2a: Skeledirge\n|-supereffective|p2a: Skeledirge\n|-damage|p2a: Skeledirge|61\/100\n|\n|-end|p2a: Skeledirge|move: Future Sight\n|-damage|p2a: Skeledirge|14\/100\n|upkeep\n|turn|49\n|\n|t:|1700521365\n|move|p1a: Zacian|Sacred Sword|p2a: Skeledirge\n|-supereffective|p2a: Skeledirge\n|-damage|p2a: Skeledirge|0 fnt\n|faint|p2a: Skeledirge\n|\n|upkeep\n|\n|t:|1700521378\n|switch|p2a: Arceus|Arceus|94\/100\n|turn|50\n|\n|t:|1700521385\n|switch|p1a: Arceus|Arceus-Fairy|88\/100\n|-damage|p1a: Arceus|76\/100|[from] Stealth Rock\n|move|p2a: Arceus|Will-O-Wisp|p1a: Arceus\n|-status|p1a: Arceus|brn\n|\n|-damage|p1a: Arceus|70\/100 brn|[from] brn\n|upkeep\n|turn|51\n|\n|t:|1700521399\n|switch|p2a: Blissey|Blissey, F|100\/100\n|move|p1a: Arceus|Will-O-Wisp|p2a: Blissey\n|-status|p2a: Blissey|brn\n|\n|-damage|p1a: Arceus|64\/100 brn|[from] brn\n|-damage|p2a: Blissey|94\/100 brn|[from] brn\n|upkeep\n|turn|52\n|\n|t:|1700521412\n|move|p1a: Arceus|Future Sight|p2a: Blissey\n|-start|p1a: Arceus|move: Future Sight\n|move|p2a: Blissey|Seismic Toss|p1a: Arceus\n|-damage|p1a: Arceus|38\/100 brn\n|\n|-damage|p1a: Arceus|32\/100 brn|[from] brn\n|-damage|p2a: Blissey|88\/100 brn|[from] brn\n|upkeep\n|turn|53\n|\n|t:|1700521420\n|move|p1a: Arceus|Recover|p1a: Arceus\n|-heal|p1a: Arceus|82\/100 brn\n|move|p2a: Blissey|Seismic Toss|p1a: Arceus\n|-damage|p1a: Arceus|55\/100 brn\n|\n|-damage|p1a: Arceus|49\/100 brn|[from] brn\n|-damage|p2a: Blissey|82\/100 brn|[from] brn\n|upkeep\n|turn|54\n|\n|t:|1700521429\n|move|p1a: Arceus|Judgment|p2a: Blissey\n|-damage|p2a: Blissey|63\/100 brn\n|move|p2a: Blissey|Heal Bell|p2a: Blissey\n|-activate|p2a: Blissey|move: Heal Bell\n|-curestatus|p2a: Blissey|brn|[msg]\n|\n|-end|p2a: Blissey|move: Future Sight\n|-damage|p2a: Blissey|51\/100\n|-damage|p1a: Arceus|43\/100 brn|[from] brn\n|upkeep\n|turn|55\n|\n|t:|1700521439\n|move|p1a: Arceus|Recover|p1a: Arceus\n|-heal|p1a: Arceus|93\/100 brn\n|move|p2a: Blissey|Seismic Toss|p1a: Arceus\n|-damage|p1a: Arceus|67\/100 brn\n|\n|-damage|p1a: Arceus|61\/100 brn|[from] brn\n|upkeep\n|turn|56\n|\n|t:|1700521447\n|move|p1a: Arceus|Will-O-Wisp|p2a: Blissey\n|-status|p2a: Blissey|brn\n|move|p2a: Blissey|Seismic Toss|p1a: Arceus\n|-damage|p1a: Arceus|35\/100 brn\n|\n|-damage|p1a: Arceus|29\/100 brn|[from] brn\n|-damage|p2a: Blissey|44\/100 brn|[from] brn\n|upkeep\n|turn|57\n|\n|t:|1700521459\n|switch|p1a: Zacian|Zacian-Crowned|45\/100\n|-damage|p1a: Zacian|39\/100|[from] Stealth Rock\n|move|p2a: Blissey|Soft-Boiled|p2a: Blissey\n|-heal|p2a: Blissey|94\/100 brn\n|\n|-damage|p2a: Blissey|88\/100 brn|[from] brn\n|upkeep\n|turn|58\n|\n|t:|1700521472\n|-curestatus|p2a: Blissey|brn|[from] ability: Natural Cure\n|switch|p2a: Arceus|Arceus|94\/100\n|move|p1a: Zacian|Sacred Sword|p2a: Arceus\n|-supereffective|p2a: Arceus\n|-damage|p2a: Arceus|46\/100\n|\n|upkeep\n|turn|59\n|\n|t:|1700521488\n|move|p1a: Zacian|Sacred Sword|p2a: Arceus\n|-supereffective|p2a: Arceus\n|-damage|p2a: Arceus|0 fnt\n|faint|p2a: Arceus\n|\n|upkeep\n|\n|t:|1700521494\n|switch|p2a: Calyrex|Calyrex-Ice|100\/100\n|-ability|p2a: Calyrex|As One\n|-ability|p2a: Calyrex|Unnerve\n|turn|60\n|\n|t:|1700521513\n|move|p1a: Zacian|Behemoth Blade|p2a: Calyrex\n|-supereffective|p2a: Calyrex\n|-damage|p2a: Calyrex|26\/100\n|move|p2a: Calyrex|Glacial Lance|p1a: Zacian\n|-resisted|p1a: Zacian\n|-damage|p1a: Zacian|3\/100\n|\n|upkeep\n|turn|61\n|\n|t:|1700521523\n|move|p1a: Zacian|Behemoth Blade|p2a: Calyrex\n|-supereffective|p2a: Calyrex\n|-damage|p2a: Calyrex|0 fnt\n|faint|p2a: Calyrex\n|\n|upkeep\n|\n|t:|1700521528\n|switch|p2a: Grimmsnarl|Grimmsnarl, M|100\/100\n|turn|62\n|\n|t:|1700521551\n|move|p2a: Grimmsnarl|Sucker Punch|p1a: Zacian\n|-resisted|p1a: Zacian\n|-damage|p1a: Zacian|0 fnt\n|faint|p1a: Zacian\n|\n|upkeep\n|\n|t:|1700521559\n|switch|p1a: Arceus|Arceus-Fairy|29\/100 brn\n|-damage|p1a: Arceus|17\/100 brn|[from] Stealth Rock\n|turn|63\n|\n|t:|1700521563\n|move|p2a: Grimmsnarl|Parting Shot|p1a: Arceus\n|-unboost|p1a: Arceus|atk|1\n|-unboost|p1a: Arceus|spa|1\n|\n|t:|1700521567\n|switch|p2a: Blissey|Blissey, F|88\/100|[from] Parting Shot\n|move|p1a: Arceus|Recover|p1a: Arceus\n|-heal|p1a: Arceus|67\/100 brn\n|\n|-damage|p1a: Arceus|61\/100 brn|[from] brn\n|upkeep\n|turn|64\n|\n|t:|1700521577\n|switch|p1a: Calyrex|Calyrex-Shadow|100\/100\n|-ability|p1a: Calyrex|As One\n|-ability|p1a: Calyrex|Unnerve\n|-damage|p1a: Calyrex|88\/100|[from] Stealth Rock\n|move|p2a: Blissey|Seismic Toss|p1a: Calyrex\n|-immune|p1a: Calyrex\n|\n|upkeep\n|turn|65\n|\n|t:|1700521590\n|switch|p2a: Grimmsnarl|Grimmsnarl, M|100\/100\n|move|p1a: Calyrex|Nasty Plot|p1a: Calyrex\n|-boost|p1a: Calyrex|spa|2\n|\n|upkeep\n|turn|66\n|\n|t:|1700521596\n|move|p2a: Grimmsnarl|Sucker Punch||[still]\n|-fail|p2a: Grimmsnarl\n|move|p1a: Calyrex|Nasty Plot|p1a: Calyrex\n|-boost|p1a: Calyrex|spa|2\n|\n|upkeep\n|turn|67\n|\n|t:|1700521603\n|move|p2a: Grimmsnarl|Sucker Punch||[still]\n|-fail|p2a: Grimmsnarl\n|move|p1a: Calyrex|Nasty Plot|p1a: Calyrex\n|-boost|p1a: Calyrex|spa|2\n|\n|upkeep\n|turn|68\n|\n|t:|1700521609\n|move|p2a: Grimmsnarl|Sucker Punch||[still]\n|-fail|p2a: Grimmsnarl\n|move|p1a: Calyrex|Nasty Plot|p1a: Calyrex\n|-boost|p1a: Calyrex|spa|0\n|\n|upkeep\n|turn|69\n|\n|t:|1700521616\n|move|p1a: Calyrex|Nasty Plot|p1a: Calyrex\n|-boost|p1a: Calyrex|spa|0\n|move|p2a: Grimmsnarl|Spirit Break|p1a: Calyrex\n|-damage|p1a: Calyrex|50\/100\n|-unboost|p1a: Calyrex|spa|1\n|\n|upkeep\n|turn|70\n|\n|t:|1700521623\n|move|p2a: Grimmsnarl|Sucker Punch||[still]\n|-fail|p2a: Grimmsnarl\n|move|p1a: Calyrex|Nasty Plot|p1a: Calyrex\n|-boost|p1a: Calyrex|spa|1\n|\n|upkeep\n|turn|71\n|\n|t:|1700521629\n|move|p2a: Grimmsnarl|Thunder Wave|p1a: Calyrex\n|-status|p1a: Calyrex|par\n|move|p1a: Calyrex|Astral Barrage|p2a: Grimmsnarl\n|-resisted|p2a: Grimmsnarl\n|-damage|p2a: Grimmsnarl|0 fnt\n|faint|p2a: Grimmsnarl\n|\n|upkeep\n|\n|t:|1700521638\n|switch|p2a: Miraidon|Miraidon|100\/100\n|-fieldstart|move: Electric Terrain|[from] ability: Hadron Engine|[of] p2a: Miraidon\n|turn|72\n|\n|t:|1700521642\n|move|p2a: Miraidon|Electro Drift|p1a: Calyrex\n|-damage|p1a: Calyrex|0 fnt\n|faint|p1a: Calyrex\n|\n|upkeep\n|\n|t:|1700521647\n|switch|p1a: Arceus|Arceus-Fairy|61\/100 brn\n|-damage|p1a: Arceus|48\/100 brn|[from] Stealth Rock\n|turn|73\n|\n|t:|1700521654\n|move|p2a: Miraidon|Electro Drift|p1a: Arceus\n|-crit|p1a: Arceus\n|-damage|p1a: Arceus|0 fnt\n|faint|p1a: Arceus\n|\n|win|hoenn militian\n|raw|temptx's rating: 1474 &rarr; <strong>1467<\/strong><br \/>(-7 for losing)\n|raw|hoenn militian's rating: 1741 &rarr; <strong>1748<\/strong><br \/>(+7 for winning)\n|l|\u2606temptx\n","uploadtime":1700521674,"views":0,"p1id":"temptx","p2id":"hoennmilitian","formatid":"gen9anythinggoes","rating":1467,"private":0,"password":""}