{"id":"gen9anythinggoes-1989161283","p1":"GateOfDeath08","p2":"Srpetey","format":"[Gen 9] Anything Goes","log":"|j|\u2606GateOfDeath08\n|j|\u2606Srpetey\n|t:|1699818715\n|gametype|singles\n|player|p1|GateOfDeath08|red|1067\n|player|p2|Srpetey|ingo|1021\n|teamsize|p1|6\n|teamsize|p2|6\n|gen|9\n|tier|[Gen 9] Anything Goes\n|rated|\n|rule|HP Percentage Mod: HP is shown in percentages\n|rule|Endless Battle Clause: Forcing endless battles is banned\n|clearpoke\n|poke|p1|Clodsire, M|\n|poke|p1|Gliscor, M|\n|poke|p1|Toedscruel, M|\n|poke|p1|Camerupt, M|\n|poke|p1|Krookodile, F|\n|poke|p1|Snorlax, F|\n|poke|p2|Garchomp, F|\n|poke|p2|Tinkaton, F|\n|poke|p2|Electrode-Hisui|\n|poke|p2|Salazzle, F|\n|poke|p2|Gliscor, M|\n|poke|p2|Espathra, F|\n|teampreview\n|inactive|Battle timer is ON: inactive players will automatically lose when time's up. (requested by Srpetey)\n|\n|t:|1699818723\n|start\n|switch|p1a: Clodsire|Clodsire, M, shiny|100\/100\n|switch|p2a: Espathra|Espathra, F, shiny|100\/100\n|turn|1\n|\n|t:|1699818730\n|move|p2a: Espathra|Sandstorm|p2a: Espathra\n|-weather|Sandstorm\n|move|p1a: Clodsire|Toxic Spikes|p2a: Espathra\n|-sidestart|p2: Srpetey|move: Toxic Spikes\n|\n|-weather|Sandstorm|[upkeep]\n|-damage|p2a: Espathra|94\/100|[from] Sandstorm\n|-ability|p2a: Espathra|Speed Boost|boost\n|-boost|p2a: Espathra|spe|1\n|upkeep\n|turn|2\n|\n|t:|1699818737\n|move|p2a: Espathra|Light Screen|p2a: Espathra\n|-sidestart|p2: Srpetey|move: Light Screen\n|move|p1a: Clodsire|Toxic Spikes|p2a: Espathra\n|-sidestart|p2: Srpetey|move: Toxic Spikes\n|\n|-weather|Sandstorm|[upkeep]\n|-damage|p2a: Espathra|88\/100|[from] Sandstorm\n|-ability|p2a: Espathra|Speed Boost|boost\n|-boost|p2a: Espathra|spe|1\n|upkeep\n|turn|3\n|\n|t:|1699818744\n|move|p2a: Espathra|Reflect|p2a: Espathra\n|-sidestart|p2: Srpetey|Reflect\n|move|p1a: Clodsire|Spikes|p2a: Espathra\n|-sidestart|p2: Srpetey|Spikes\n|\n|-weather|Sandstorm|[upkeep]\n|-damage|p2a: Espathra|82\/100|[from] Sandstorm\n|-ability|p2a: Espathra|Speed Boost|boost\n|-boost|p2a: Espathra|spe|1\n|upkeep\n|turn|4\n|\n|t:|1699818751\n|switch|p2a: Gliscor|Gliscor, M, shiny|100\/100\n|move|p1a: Clodsire|Spikes|p2a: Gliscor\n|-sidestart|p2: Srpetey|Spikes\n|\n|-weather|Sandstorm|[upkeep]\n|upkeep\n|turn|5\n|\n|t:|1699818759\n|move|p2a: Gliscor|Substitute|p2a: Gliscor\n|-start|p2a: Gliscor|Substitute\n|-damage|p2a: Gliscor|75\/100\n|move|p1a: Clodsire|Spikes|p2a: Gliscor\n|-sidestart|p2: Srpetey|Spikes\n|\n|-weather|none\n|upkeep\n|turn|6\n|\n|t:|1699818766\n|move|p2a: Gliscor|Swords Dance|p2a: Gliscor\n|-boost|p2a: Gliscor|atk|2\n|move|p1a: Clodsire|Toxic Spikes||[still]\n|-fail|p1a: Clodsire\n|\n|-sideend|p2: Srpetey|move: Light Screen\n|upkeep\n|turn|7\n|\n|t:|1699818773\n|switch|p1a: Gliscor|Gliscor, M, shiny|100\/100\n|move|p2a: Gliscor|Swords Dance|p2a: Gliscor\n|-boost|p2a: Gliscor|atk|2\n|\n|-sideend|p2: Srpetey|Reflect\n|upkeep\n|turn|8\n|\n|t:|1699818782\n|move|p1a: Gliscor|Agility|p1a: Gliscor\n|-boost|p1a: Gliscor|spe|2\n|move|p2a: Gliscor|Swords Dance|p2a: Gliscor\n|-boost|p2a: Gliscor|atk|2\n|\n|upkeep\n|turn|9\n|\n|t:|1699818790\n|move|p1a: Gliscor|Agility|p1a: Gliscor\n|-boost|p1a: Gliscor|spe|2\n|move|p2a: Gliscor|Baton Pass|p2a: Gliscor\n|\n|t:|1699818796\n|switch|p2a: Garchomp|Garchomp, F, shiny|100\/100|[from] Baton Pass\n|-status|p2a: Garchomp|tox\n|-damage|p2a: Garchomp|76\/100 tox|[from] Spikes\n|\n|-damage|p2a: Garchomp|69\/100 tox|[from] psn\n|upkeep\n|turn|10\n|\n|t:|1699818808\n|move|p1a: Gliscor|Swords Dance|p1a: Gliscor\n|-boost|p1a: Gliscor|atk|2\n|move|p2a: Garchomp|Outrage|p1a: Gliscor\n|-damage|p1a: Gliscor|0 fnt\n|faint|p1a: Gliscor\n|\n|-damage|p2a: Garchomp|57\/100 tox|[from] psn\n|upkeep\n|\n|t:|1699818824\n|switch|p1a: Clodsire|Clodsire, M, shiny|100\/100\n|turn|11\n|\n|t:|1699818828\n|move|p2a: Garchomp|Outrage|p1a: Clodsire|[from]lockedmove\n|-damage|p1a: Clodsire|51\/100\n|move|p1a: Clodsire|Earthquake|p2a: Garchomp\n|-end|p2a: Garchomp|Substitute\n|\n|-heal|p1a: Clodsire|57\/100|[from] item: Black Sludge\n|-damage|p2a: Garchomp|39\/100 tox|[from] psn\n|upkeep\n|turn|12\n|\n|t:|1699818837\n|move|p2a: Garchomp|Outrage|p1a: Clodsire|[from]lockedmove\n|-damage|p1a: Clodsire|7\/100\n|-start|p2a: Garchomp|confusion|[fatigue]\n|move|p1a: Clodsire|Earthquake|p2a: Garchomp\n|-damage|p2a: Garchomp|12\/100 tox\n|\n|-heal|p1a: Clodsire|13\/100|[from] item: Black Sludge\n|-damage|p2a: Garchomp|0 fnt|[from] psn\n|faint|p2a: Garchomp\n|upkeep\n|\n|t:|1699818848\n|switch|p2a: Electrode|Electrode-Hisui, shiny|100\/100\n|-status|p2a: Electrode|tox\n|-damage|p2a: Electrode|76\/100 tox|[from] Spikes\n|turn|13\n|\n|t:|1699818862\n|move|p2a: Electrode|Rain Dance|p2a: Electrode\n|-weather|RainDance\n|move|p1a: Clodsire|Earthquake|p2a: Electrode\n|-damage|p2a: Electrode|29\/100 tox\n|\n|-weather|RainDance|[upkeep]\n|-heal|p1a: Clodsire|19\/100|[from] item: Black Sludge\n|-damage|p2a: Electrode|23\/100 tox|[from] psn\n|upkeep\n|turn|14\n|\n|t:|1699818872\n|switch|p2a: Salazzle|Salazzle, F, shiny|100\/100\n|-sideend|p2: Srpetey|move: Toxic Spikes|[of] p2a: Salazzle\n|-damage|p2a: Salazzle|76\/100|[from] Spikes\n|move|p1a: Clodsire|Sandstorm|p1a: Clodsire\n|-weather|Sandstorm\n|\n|-weather|Sandstorm|[upkeep]\n|-damage|p2a: Salazzle|70\/100|[from] Sandstorm\n|-heal|p1a: Clodsire|25\/100|[from] item: Black Sludge\n|upkeep\n|turn|15\n|\n|t:|1699818881\n|move|p2a: Salazzle|Toxic Spikes|p1a: Clodsire\n|-sidestart|p1: GateOfDeath08|move: Toxic Spikes\n|move|p1a: Clodsire|Earthquake|p2a: Salazzle\n|-supereffective|p2a: Salazzle\n|-damage|p2a: Salazzle|0 fnt\n|faint|p2a: Salazzle\n|\n|-weather|Sandstorm|[upkeep]\n|-heal|p1a: Clodsire|32\/100|[from] item: Black Sludge\n|upkeep\n|\n|t:|1699818893\n|switch|p2a: Espathra|Espathra, F, shiny|82\/100\n|-damage|p2a: Espathra|57\/100|[from] Spikes\n|turn|16\n|\n|t:|1699818898\n|move|p2a: Espathra|Psyshock|p1a: Clodsire\n|-supereffective|p1a: Clodsire\n|-damage|p1a: Clodsire|0 fnt\n|faint|p1a: Clodsire\n|\n|-weather|Sandstorm|[upkeep]\n|-damage|p2a: Espathra|51\/100|[from] Sandstorm\n|-ability|p2a: Espathra|Speed Boost|boost\n|-boost|p2a: Espathra|spe|1\n|upkeep\n|\n|t:|1699818908\n|switch|p1a: Camerupt|Camerupt, M, shiny|100\/100\n|-status|p1a: Camerupt|psn\n|turn|17\n|\n|t:|1699818915\n|move|p2a: Espathra|Reflect|p2a: Espathra\n|-sidestart|p2: Srpetey|Reflect\n|move|p1a: Camerupt|Lava Plume|p2a: Espathra\n|-damage|p2a: Espathra|1\/100\n|\n|-weather|Sandstorm|[upkeep]\n|-damage|p2a: Espathra|0 fnt|[from] Sandstorm\n|faint|p2a: Espathra\n|-damage|p1a: Camerupt|88\/100 psn|[from] psn\n|upkeep\n|\n|t:|1699818929\n|switch|p2a: Gliscor|Gliscor, M, shiny|75\/100\n|turn|18\n|\n|t:|1699818935\n|move|p2a: Gliscor|Substitute|p2a: Gliscor\n|-start|p2a: Gliscor|Substitute\n|-damage|p2a: Gliscor|50\/100\n|move|p1a: Camerupt|Lava Plume|p2a: Gliscor\n|-crit|p2a: Gliscor\n|-end|p2a: Gliscor|Substitute\n|\n|-weather|none\n|-heal|p1a: Camerupt|94\/100 psn|[from] item: Leftovers\n|-damage|p1a: Camerupt|82\/100 psn|[from] psn\n|upkeep\n|turn|19\n|\n|t:|1699818946\n|move|p2a: Gliscor|Swords Dance|p2a: Gliscor\n|-boost|p2a: Gliscor|atk|2\n|move|p1a: Camerupt|Lava Plume|p2a: Gliscor\n|-damage|p2a: Gliscor|11\/100\n|-enditem|p2a: Gliscor|Aguav Berry|[eat]\n|-heal|p2a: Gliscor|45\/100|[from] item: Aguav Berry\n|\n|-heal|p1a: Camerupt|88\/100 psn|[from] item: Leftovers\n|-damage|p1a: Camerupt|75\/100 psn|[from] psn\n|upkeep\n|turn|20\n|\n|t:|1699818959\n|move|p2a: Gliscor|Earthquake|p1a: Camerupt\n|-supereffective|p1a: Camerupt\n|-damage|p1a: Camerupt|0 fnt\n|faint|p1a: Camerupt\n|\n|upkeep\n|\n|t:|1699818967\n|switch|p1a: Krookodile|Krookodile, F, shiny|100\/100\n|-status|p1a: Krookodile|psn\n|turn|21\n|\n|t:|1699818975\n|move|p1a: Krookodile|Taunt|p2a: Gliscor\n|-start|p2a: Gliscor|move: Taunt\n|cant|p2a: Gliscor|move: Taunt|Substitute\n|\n|-damage|p1a: Krookodile|88\/100 psn|[from] psn\n|-sideend|p2: Srpetey|Reflect\n|upkeep\n|turn|22\n|\n|t:|1699818983\n|move|p1a: Krookodile|Earthquake|p2a: Gliscor\n|-immune|p2a: Gliscor\n|move|p2a: Gliscor|Earthquake|p1a: Krookodile\n|-damage|p1a: Krookodile|0 fnt\n|faint|p1a: Krookodile\n|\n|upkeep\n|\n|t:|1699818991\n|switch|p1a: Snorlax|Snorlax, F, shiny|100\/100\n|-status|p1a: Snorlax|psn\n|turn|23\n|\n|t:|1699818999\n|-terastallize|p1a: Snorlax|Ground\n|move|p2a: Gliscor|Earthquake|p1a: Snorlax\n|-damage|p1a: Snorlax|52\/100 psn\n|move|p1a: Snorlax|Curse|p1a: Snorlax\n|-unboost|p1a: Snorlax|spe|1\n|-boost|p1a: Snorlax|atk|1\n|-boost|p1a: Snorlax|def|1\n|\n|-damage|p1a: Snorlax|40\/100 psn|[from] psn\n|-end|p2a: Gliscor|move: Taunt\n|upkeep\n|turn|24\n|\n|t:|1699819015\n|move|p2a: Gliscor|Swords Dance|p2a: Gliscor\n|-boost|p2a: Gliscor|atk|2\n|move|p1a: Snorlax|Ice Punch|p2a: Gliscor\n|-supereffective|p2a: Gliscor\n|-damage|p2a: Gliscor|0 fnt\n|faint|p2a: Gliscor\n|\n|-damage|p1a: Snorlax|28\/100 psn|[from] psn\n|upkeep\n|\n|t:|1699819028\n|switch|p2a: Electrode|Electrode-Hisui, shiny|23\/100 tox\n|-damage|p2a: Electrode|0 fnt|[from] Spikes\n|faint|p2a: Electrode\n|\n|t:|1699819032\n|switch|p2a: Tinkaton|Tinkaton, F, shiny|100\/100\n|-damage|p2a: Tinkaton|76\/100|[from] Spikes\n|-ability|p2a: Tinkaton|Mold Breaker\n|turn|25\n|\n|t:|1699819045\n|-terastallize|p2a: Tinkaton|Fairy\n|move|p2a: Tinkaton|Tera Blast|p1a: Snorlax|[anim] Tera Blast Fairy\n|-damage|p1a: Snorlax|6\/100 psn\n|move|p1a: Snorlax|Metronome|p1a: Snorlax\n|move|p1a: Snorlax|Synthesis|p1a: Snorlax|[from]move: Metronome\n|-heal|p1a: Snorlax|56\/100 psn\n|\n|-damage|p1a: Snorlax|44\/100 psn|[from] psn\n|upkeep\n|turn|26\n|\n|t:|1699819056\n|move|p2a: Tinkaton|Tera Blast|p1a: Snorlax|[anim] Tera Blast Fairy\n|-damage|p1a: Snorlax|23\/100 psn\n|move|p1a: Snorlax|Metronome|p1a: Snorlax\n|move|p1a: Snorlax|Foul Play|p2a: Tinkaton|[from]move: Metronome\n|-resisted|p2a: Tinkaton\n|-damage|p2a: Tinkaton|56\/100\n|\n|-damage|p1a: Snorlax|11\/100 psn|[from] psn\n|upkeep\n|turn|27\n|\n|t:|1699819066\n|move|p2a: Tinkaton|Tera Blast|p1a: Snorlax|[anim] Tera Blast Fairy\n|-damage|p1a: Snorlax|0 fnt\n|faint|p1a: Snorlax\n|\n|upkeep\n|\n|t:|1699819070\n|switch|p1a: Toedscruel|Toedscruel, M, shiny|100\/100\n|-status|p1a: Toedscruel|psn\n|turn|28\n|\n|t:|1699819081\n|move|p2a: Tinkaton|Protect|p2a: Tinkaton\n|-singleturn|p2a: Tinkaton|Protect\n|move|p1a: Toedscruel|Stun Spore|p2a: Tinkaton\n|-activate|p2a: Tinkaton|move: Protect\n|\n|-damage|p1a: Toedscruel|88\/100 psn|[from] psn\n|upkeep\n|turn|29\n|\n|t:|1699819090\n|move|p2a: Tinkaton|Gigaton Hammer|p1a: Toedscruel\n|-damage|p1a: Toedscruel|20\/100 psn\n|move|p1a: Toedscruel|Confuse Ray|p2a: Tinkaton\n|-start|p2a: Tinkaton|confusion\n|\n|-damage|p1a: Toedscruel|8\/100 psn|[from] psn\n|upkeep\n|turn|30\n|\n|t:|1699819098\n|-activate|p2a: Tinkaton|confusion\n|move|p2a: Tinkaton|Protect|p2a: Tinkaton\n|-singleturn|p2a: Tinkaton|Protect\n|move|p1a: Toedscruel|Giga Drain|p2a: Tinkaton\n|-activate|p2a: Tinkaton|move: Protect\n|\n|-damage|p1a: Toedscruel|0 fnt|[from] psn\n|faint|p1a: Toedscruel\n|\n|win|Srpetey\n|upkeep\n|raw|GateOfDeath08's rating: 1067 &rarr; <strong>1044<\/strong><br \/>(-23 for losing)\n|raw|Srpetey's rating: 1021 &rarr; <strong>1063<\/strong><br \/>(+42 for winning)\n|c|\u2606GateOfDeath08|Gg\n","uploadtime":1699819112,"views":4,"p1id":"gateofdeath08","p2id":"srpetey","formatid":"gen9anythinggoes","rating":1044,"private":0,"password":""}