{"id":"gen9anythinggoes-1986673474","p1":"Lucasb9650","p2":"Outbackasshat","format":"[Gen 9] Anything Goes","log":"|j|\u2606Lucasb9650\n|j|\u2606Outbackasshat\n|t:|1699505698\n|gametype|singles\n|player|p1|Lucasb9650|101|1072\n|player|p2|Outbackasshat|pokemaniac|1028\n|teamsize|p1|6\n|teamsize|p2|6\n|gen|9\n|tier|[Gen 9] Anything Goes\n|rated|\n|rule|HP Percentage Mod: HP is shown in percentages\n|rule|Endless Battle Clause: Forcing endless battles is banned\n|clearpoke\n|poke|p1|Ceruledge, F|\n|poke|p1|Meowscarada, F|\n|poke|p1|Slaking, F|\n|poke|p1|Primeape, M|\n|poke|p1|Hoopa-Unbound|\n|poke|p1|Avalugg-Hisui, F|\n|poke|p2|Maushold-Four|\n|poke|p2|Rabsca, M|\n|poke|p2|Pawmot, M|\n|poke|p2|Chi-Yu|\n|poke|p2|Palafin, F|\n|poke|p2|Amoonguss, F|\n|teampreview\n|\n|t:|1699505710\n|start\n|switch|p1a: Primeape|Primeape, M|100\/100\n|switch|p2a: Dom tworetto|Maushold-Four|100\/100\n|turn|1\n|\n|t:|1699505717\n|move|p2a: Dom tworetto|Population Bomb|p1a: Primeape\n|-damage|p1a: Primeape|87\/100\n|-damage|p1a: Primeape|73\/100\n|-damage|p1a: Primeape|58\/100\n|-damage|p1a: Primeape|44\/100\n|-damage|p1a: Primeape|29\/100\n|-damage|p1a: Primeape|15\/100\n|-damage|p1a: Primeape|0 fnt\n|faint|p1a: Primeape\n|-hitcount|p1: Primeape|7\n|\n|upkeep\n|\n|t:|1699505729\n|switch|p1a: Meowscarada|Meowscarada, F|100\/100\n|turn|2\n|\n|t:|1699505736\n|move|p1a: Meowscarada|Flower Trick|p2a: Dom tworetto\n|-crit|p2a: Dom tworetto\n|-damage|p2a: Dom tworetto|23\/100\n|move|p2a: Dom tworetto|Population Bomb|p1a: Meowscarada\n|-crit|p1a: Meowscarada\n|-damage|p1a: Meowscarada|77\/100\n|-damage|p1a: Meowscarada|60\/100\n|-damage|p1a: Meowscarada|42\/100\n|-damage|p1a: Meowscarada|25\/100\n|-damage|p1a: Meowscarada|6\/100\n|-damage|p1a: Meowscarada|0 fnt\n|faint|p1a: Meowscarada\n|-hitcount|p1: Meowscarada|6\n|\n|upkeep\n|\n|t:|1699505747\n|switch|p1a: Ceruledge|Ceruledge, F|100\/100\n|turn|3\n|\n|t:|1699505758\n|switch|p2a: Palafin|Palafin, F|100\/100\n|move|p1a: Ceruledge|Dragon Claw|p2a: Palafin\n|-damage|p2a: Palafin|70\/100\n|\n|-heal|p2a: Palafin|76\/100|[from] item: Leftovers\n|upkeep\n|turn|4\n|\n|t:|1699505772\n|switch|p1a: Avalugg|Avalugg-Hisui, F|100\/100\n|move|p2a: Palafin|Aqua Tail|p1a: Avalugg|[miss]\n|-miss|p2a: Palafin|p1a: Avalugg\n|\n|-heal|p2a: Palafin|82\/100|[from] item: Leftovers\n|upkeep\n|turn|5\n|\n|t:|1699505787\n|detailschange|p2a: Palafin|Palafin-Hero, F\n|switch|p2a: Chi-Yu|Chi-Yu|100\/100\n|-ability|p2a: Chi-Yu|Beads of Ruin\n|move|p1a: Avalugg|Mountain Gale|p2a: Chi-Yu\n|-resisted|p2a: Chi-Yu\n|-damage|p2a: Chi-Yu|62\/100\n|\n|-heal|p2a: Chi-Yu|68\/100|[from] item: Leftovers\n|upkeep\n|turn|6\n|\n|t:|1699505799\n|move|p2a: Chi-Yu|Fire Blast|p1a: Avalugg\n|-damage|p1a: Avalugg|0 fnt\n|faint|p1a: Avalugg\n|\n|-heal|p2a: Chi-Yu|75\/100|[from] item: Leftovers\n|upkeep\n|\n|t:|1699505815\n|switch|p1a: Slaking|Slaking, F|100\/100\n|turn|7\n|\n|t:|1699505825\n|move|p2a: Chi-Yu|Nasty Plot|p2a: Chi-Yu\n|-boost|p2a: Chi-Yu|spa|2\n|move|p1a: Slaking|Yawn|p2a: Chi-Yu\n|-start|p2a: Chi-Yu|move: Yawn|[of] p1a: Slaking\n|\n|-heal|p2a: Chi-Yu|81\/100|[from] item: Leftovers\n|upkeep\n|turn|8\n|\n|t:|1699505837\n|move|p2a: Chi-Yu|Dark Pulse|p1a: Slaking\n|-damage|p1a: Slaking|0 fnt\n|faint|p1a: Slaking\n|\n|-heal|p2a: Chi-Yu|87\/100|[from] item: Leftovers\n|-end|p2a: Chi-Yu|move: Yawn|[silent]\n|-status|p2a: Chi-Yu|slp\n|upkeep\n|\n|t:|1699505842\n|switch|p1a: Hoopa|Hoopa-Unbound|100\/100\n|turn|9\n|\n|t:|1699505852\n|switch|p2a: Pawmot|Pawmot, M|100\/100\n|move|p1a: Hoopa|Calm Mind|p1a: Hoopa\n|-boost|p1a: Hoopa|spa|1\n|-boost|p1a: Hoopa|spd|1\n|\n|upkeep\n|turn|10\n|\n|t:|1699505860\n|move|p1a: Hoopa|Psychic|p2a: Pawmot\n|-supereffective|p2a: Pawmot\n|-damage|p2a: Pawmot|0 fnt\n|faint|p2a: Pawmot\n|\n|upkeep\n|\n|t:|1699505866\n|switch|p2a: Amoonguss|Amoonguss, F|100\/100\n|turn|11\n|\n|t:|1699505870\n|move|p1a: Hoopa|Psychic|p2a: Amoonguss\n|-supereffective|p2a: Amoonguss\n|-damage|p2a: Amoonguss|0 fnt\n|faint|p2a: Amoonguss\n|\n|upkeep\n|\n|t:|1699505886\n|switch|p2a: Palafin|Palafin-Hero, F|82\/100\n|-activate|p2a: Palafin|ability: Zero to Hero\n|turn|12\n|\n|t:|1699505898\n|move|p1a: Hoopa|Psychic|p2a: Palafin\n|-damage|p2a: Palafin|0 fnt\n|faint|p2a: Palafin\n|\n|upkeep\n|\n|t:|1699505905\n|switch|p2a: Rabsca|Rabsca, M|100\/100\n|turn|13\n|inactive|Battle timer is ON: inactive players will automatically lose when time's up. (requested by Lucasb9650)\n|\n|t:|1699505914\n|move|p1a: Hoopa|Hyperspace Fury|p2a: Rabsca\n|-supereffective|p2a: Rabsca\n|-damage|p2a: Rabsca|4\/100\n|-unboost|p1a: Hoopa|def|1\n|move|p2a: Rabsca|Revival Blessing|p2a: Rabsca\n|\n|t:|1699505921\n|-heal|p2: Pawmot|50\/100|[from] move: Revival Blessing\n|\n|-heal|p2a: Rabsca|10\/100|[from] item: Leftovers\n|upkeep\n|turn|14\n|\n|t:|1699505931\n|switch|p2a: Chi-Yu|Chi-Yu|87\/100 slp\n|-ability|p2a: Chi-Yu|Beads of Ruin\n|move|p1a: Hoopa|Hyperspace Fury|p2a: Chi-Yu\n|-resisted|p2a: Chi-Yu\n|-damage|p2a: Chi-Yu|53\/100 slp\n|-unboost|p1a: Hoopa|def|1\n|\n|-heal|p2a: Chi-Yu|59\/100 slp|[from] item: Leftovers\n|upkeep\n|turn|15\n|\n|t:|1699505943\n|move|p1a: Hoopa|Gunk Shot|p2a: Chi-Yu\n|-damage|p2a: Chi-Yu|0 fnt\n|faint|p2a: Chi-Yu\n|\n|upkeep\n|\n|t:|1699505950\n|switch|p2a: Pawmot|Pawmot, M|50\/100\n|turn|16\n|\n|t:|1699505955\n|move|p1a: Hoopa|Psychic|p2a: Pawmot\n|-supereffective|p2a: Pawmot\n|-damage|p2a: Pawmot|0 fnt\n|faint|p2a: Pawmot\n|\n|upkeep\n|\n|t:|1699505966\n|switch|p2a: Dom tworetto|Maushold-Four|23\/100\n|turn|17\n|\n|t:|1699505970\n|move|p2a: Dom tworetto|Population Bomb|p1a: Hoopa\n|-damage|p1a: Hoopa|60\/100\n|-hitcount|p1a: Hoopa|1\n|move|p1a: Hoopa|Psychic|p2a: Dom tworetto\n|-damage|p2a: Dom tworetto|0 fnt\n|faint|p2a: Dom tworetto\n|\n|-heal|p1a: Hoopa|66\/100|[from] item: Leftovers\n|upkeep\n|\n|t:|1699505981\n|switch|p2a: Rabsca|Rabsca, M|10\/100\n|turn|18\n|\n|t:|1699505989\n|move|p1a: Hoopa|Psychic|p2a: Rabsca\n|-resisted|p2a: Rabsca\n|-damage|p2a: Rabsca|0 fnt\n|faint|p2a: Rabsca\n|\n|win|Lucasb9650\n|raw|Lucasb9650's rating: 1072 &rarr; <strong>1098<\/strong><br \/>(+26 for winning)\n|raw|Outbackasshat's rating: 1028 &rarr; <strong>1016<\/strong><br \/>(-12 for losing)\n|l|\u2606Outbackasshat\n","uploadtime":1699505997,"views":10,"p1id":"lucasb9650","p2id":"outbackasshat","formatid":"gen9anythinggoes","rating":1016,"private":0,"password":""}