{"id":"gen9anythinggoes-1995339803","p1":"MrMimeIsMrKetchum","p2":"Blaze Akai","format":"[Gen 9] Anything Goes","log":"|j|\u2606MrMimeIsMrKetchum\n|j|\u2606Blaze Akai\n|t:|1700556390\n|gametype|singles\n|player|p1|MrMimeIsMrKetchum|swimmerf-gen4|1090\n|player|p2|Blaze Akai|hugh|1152\n|teamsize|p1|1\n|teamsize|p2|6\n|gen|9\n|tier|[Gen 9] Anything Goes\n|rated|\n|rule|HP Percentage Mod: HP is shown in percentages\n|rule|Endless Battle Clause: Forcing endless battles is banned\n|clearpoke\n|poke|p1|Scovillain, M|\n|poke|p2|Garchomp, M|\n|poke|p2|Corviknight, M|\n|poke|p2|Gyarados, M|\n|poke|p2|Zoroark-Hisui, M|\n|poke|p2|Lilligant-Hisui, F|\n|poke|p2|Arcanine, M|\n|teampreview\n|inactive|Battle timer is ON: inactive players will automatically lose when time's up. (requested by Blaze Akai)\n|\n|t:|1700556402\n|start\n|switch|p1a: Scovillain|Scovillain, M, shiny|100\/100\n|switch|p2a: Kim|Lilligant-Hisui, F|100\/100\n|turn|1\n|\n|t:|1700556418\n|switch|p2a: Bravo|Corviknight, M, shiny|100\/100\n|-ability|p2a: Bravo|Pressure\n|move|p1a: Scovillain|Substitute|p1a: Scovillain\n|-start|p1a: Scovillain|Substitute\n|-damage|p1a: Scovillain|76\/100\n|\n|-heal|p1a: Scovillain|82\/100|[from] item: Leftovers\n|-ability|p1a: Scovillain|Moody|boost\n|-boost|p1a: Scovillain|spe|2\n|-unboost|p1a: Scovillain|spd|1\n|upkeep\n|turn|2\n|\n|t:|1700556431\n|switch|p2a: Goldy|Gyarados, M, shiny|100\/100\n|move|p1a: Scovillain|Protect||[still]\n|-fail|p1a: Scovillain\n|\n|-heal|p1a: Scovillain|88\/100|[from] item: Leftovers\n|-ability|p1a: Scovillain|Moody|boost\n|-boost|p1a: Scovillain|spd|2\n|-unboost|p1a: Scovillain|spa|1\n|upkeep\n|turn|3\n|\n|t:|1700556444\n|move|p1a: Scovillain|Leech Seed|p2a: Goldy\n|-start|p2a: Goldy|move: Leech Seed\n|move|p2a: Goldy|Dragon Dance|p2a: Goldy\n|-boost|p2a: Goldy|atk|1\n|-boost|p2a: Goldy|spe|1\n|\n|-heal|p1a: Scovillain|94\/100|[from] item: Leftovers\n|-damage|p2a: Goldy|88\/100|[from] Leech Seed|[of] p1a: Scovillain\n|-heal|p1a: Scovillain|100\/100|[silent]\n|-ability|p1a: Scovillain|Moody|boost\n|-boost|p1a: Scovillain|spe|2\n|-unboost|p1a: Scovillain|def|1\n|upkeep\n|turn|4\n|\n|t:|1700556457\n|move|p1a: Scovillain|Protect|p1a: Scovillain\n|-singleturn|p1a: Scovillain|Protect\n|move|p2a: Goldy|Dragon Dance|p2a: Goldy\n|-boost|p2a: Goldy|atk|1\n|-boost|p2a: Goldy|spe|1\n|\n|-damage|p2a: Goldy|76\/100|[from] Leech Seed|[of] p1a: Scovillain\n|-ability|p1a: Scovillain|Moody|boost\n|-boost|p1a: Scovillain|spd|2\n|-unboost|p1a: Scovillain|spa|1\n|upkeep\n|turn|5\n|\n|t:|1700556468\n|move|p1a: Scovillain|Substitute|p1a: Scovillain\n|-fail|p1a: Scovillain|move: Substitute\n|move|p2a: Goldy|Outrage|p1a: Scovillain\n|-end|p1a: Scovillain|Substitute\n|\n|-damage|p2a: Goldy|63\/100|[from] Leech Seed|[of] p1a: Scovillain\n|-ability|p1a: Scovillain|Moody|boost\n|-boost|p1a: Scovillain|spe|2\n|-unboost|p1a: Scovillain|spd|1\n|upkeep\n|turn|6\n|\n|t:|1700556480\n|move|p1a: Scovillain|Substitute|p1a: Scovillain\n|-start|p1a: Scovillain|Substitute\n|-damage|p1a: Scovillain|76\/100\n|move|p2a: Goldy|Outrage|p1a: Scovillain|[from]lockedmove\n|-end|p1a: Scovillain|Substitute\n|\n|-heal|p1a: Scovillain|82\/100|[from] item: Leftovers\n|-damage|p2a: Goldy|51\/100|[from] Leech Seed|[of] p1a: Scovillain\n|-heal|p1a: Scovillain|94\/100|[silent]\n|-ability|p1a: Scovillain|Moody|boost\n|-boost|p1a: Scovillain|spa|2\n|-unboost|p1a: Scovillain|def|1\n|upkeep\n|turn|7\n|\n|t:|1700556493\n|move|p1a: Scovillain|Substitute|p1a: Scovillain\n|-start|p1a: Scovillain|Substitute\n|-damage|p1a: Scovillain|69\/100\n|move|p2a: Goldy|Outrage|p1a: Scovillain|[from]lockedmove\n|-end|p1a: Scovillain|Substitute\n|-start|p2a: Goldy|confusion|[fatigue]\n|\n|-heal|p1a: Scovillain|75\/100|[from] item: Leftovers\n|-damage|p2a: Goldy|39\/100|[from] Leech Seed|[of] p1a: Scovillain\n|-heal|p1a: Scovillain|87\/100|[silent]\n|-ability|p1a: Scovillain|Moody|boost\n|-boost|p1a: Scovillain|def|2\n|-unboost|p1a: Scovillain|spa|1\n|upkeep\n|turn|8\n|\n|t:|1700556508\n|move|p1a: Scovillain|Substitute|p1a: Scovillain\n|-start|p1a: Scovillain|Substitute\n|-damage|p1a: Scovillain|62\/100\n|-activate|p2a: Goldy|confusion\n|move|p2a: Goldy|Dragon Dance|p2a: Goldy\n|-boost|p2a: Goldy|atk|1\n|-boost|p2a: Goldy|spe|1\n|\n|-heal|p1a: Scovillain|68\/100|[from] item: Leftovers\n|-damage|p2a: Goldy|26\/100|[from] Leech Seed|[of] p1a: Scovillain\n|-heal|p1a: Scovillain|81\/100|[silent]\n|-ability|p1a: Scovillain|Moody|boost\n|-boost|p1a: Scovillain|def|2\n|-unboost|p1a: Scovillain|spe|1\n|upkeep\n|turn|9\n|\n|t:|1700556522\n|move|p1a: Scovillain|Protect|p1a: Scovillain\n|-singleturn|p1a: Scovillain|Protect\n|-activate|p2a: Goldy|confusion\n|-damage|p2a: Goldy|0 fnt|[from] confusion\n|faint|p2a: Goldy\n|\n|-heal|p1a: Scovillain|87\/100|[from] item: Leftovers\n|-ability|p1a: Scovillain|Moody|boost\n|-boost|p1a: Scovillain|spa|2\n|-unboost|p1a: Scovillain|spd|1\n|upkeep\n|\n|t:|1700556542\n|switch|p2a: Kim|Lilligant-Hisui, F|100\/100\n|turn|10\n|\n|t:|1700556547\n|move|p1a: Scovillain|Flamethrower|p2a: Kim\n|-supereffective|p2a: Kim\n|-damage|p2a: Kim|0 fnt\n|faint|p2a: Kim\n|\n|-heal|p1a: Scovillain|93\/100|[from] item: Leftovers\n|-ability|p1a: Scovillain|Moody|boost\n|-boost|p1a: Scovillain|spe|1\n|-unboost|p1a: Scovillain|def|1\n|upkeep\n|\n|t:|1700556562\n|switch|p2a: Hatake|Arcanine, M|100\/100\n|-ability|p2a: Hatake|Intimidate|boost\n|-immune|p1a: Scovillain\n|turn|11\n|\n|t:|1700556571\n|move|p2a: Hatake|Extreme Speed|p1a: Scovillain\n|-activate|p1a: Scovillain|move: Substitute|[damage]\n|move|p1a: Scovillain|Leech Seed|p2a: Hatake\n|-start|p2a: Hatake|move: Leech Seed\n|\n|-heal|p1a: Scovillain|99\/100|[from] item: Leftovers\n|-damage|p2a: Hatake|88\/100|[from] Leech Seed|[of] p1a: Scovillain\n|-heal|p1a: Scovillain|100\/100|[silent]\n|-ability|p1a: Scovillain|Moody|boost\n|-boost|p1a: Scovillain|spa|2\n|-unboost|p1a: Scovillain|def|1\n|upkeep\n|turn|12\n|\n|t:|1700556587\n|move|p1a: Scovillain|Protect|p1a: Scovillain\n|-singleturn|p1a: Scovillain|Protect\n|move|p2a: Hatake|Extreme Speed|p1a: Scovillain\n|-activate|p1a: Scovillain|move: Protect\n|\n|-damage|p2a: Hatake|76\/100|[from] Leech Seed|[of] p1a: Scovillain\n|-ability|p1a: Scovillain|Moody|boost\n|-boost|p1a: Scovillain|spd|2\n|-unboost|p1a: Scovillain|atk|1\n|upkeep\n|turn|13\n|\n|t:|1700556599\n|move|p2a: Hatake|Extreme Speed|p1a: Scovillain\n|-end|p1a: Scovillain|Substitute\n|move|p1a: Scovillain|Substitute|p1a: Scovillain\n|-start|p1a: Scovillain|Substitute\n|-damage|p1a: Scovillain|76\/100\n|\n|-heal|p1a: Scovillain|82\/100|[from] item: Leftovers\n|-damage|p2a: Hatake|63\/100|[from] Leech Seed|[of] p1a: Scovillain\n|-heal|p1a: Scovillain|94\/100|[silent]\n|-ability|p1a: Scovillain|Moody|boost\n|-boost|p1a: Scovillain|atk|2\n|-unboost|p1a: Scovillain|spa|1\n|upkeep\n|turn|14\n|\n|t:|1700556612\n|move|p1a: Scovillain|Protect|p1a: Scovillain\n|-singleturn|p1a: Scovillain|Protect\n|move|p2a: Hatake|Extreme Speed|p1a: Scovillain\n|-activate|p1a: Scovillain|move: Protect\n|\n|-heal|p1a: Scovillain|99\/100|[from] item: Leftovers\n|-damage|p2a: Hatake|51\/100|[from] Leech Seed|[of] p1a: Scovillain\n|-heal|p1a: Scovillain|100\/100|[silent]\n|-ability|p1a: Scovillain|Moody|boost\n|-boost|p1a: Scovillain|atk|2\n|-unboost|p1a: Scovillain|spe|1\n|upkeep\n|turn|15\n|\n|t:|1700556625\n|move|p2a: Hatake|Extreme Speed|p1a: Scovillain\n|-end|p1a: Scovillain|Substitute\n|move|p1a: Scovillain|Substitute|p1a: Scovillain\n|-start|p1a: Scovillain|Substitute\n|-damage|p1a: Scovillain|76\/100\n|\n|-heal|p1a: Scovillain|82\/100|[from] item: Leftovers\n|-damage|p2a: Hatake|38\/100|[from] Leech Seed|[of] p1a: Scovillain\n|-heal|p1a: Scovillain|94\/100|[silent]\n|-ability|p1a: Scovillain|Moody|boost\n|-boost|p1a: Scovillain|spa|2\n|-unboost|p1a: Scovillain|spe|1\n|upkeep\n|turn|16\n|\n|t:|1700556638\n|move|p1a: Scovillain|Protect|p1a: Scovillain\n|-singleturn|p1a: Scovillain|Protect\n|move|p2a: Hatake|Extreme Speed|p1a: Scovillain\n|-activate|p1a: Scovillain|move: Protect\n|\n|-heal|p1a: Scovillain|99\/100|[from] item: Leftovers\n|-damage|p2a: Hatake|26\/100|[from] Leech Seed|[of] p1a: Scovillain\n|-heal|p1a: Scovillain|100\/100|[silent]\n|-ability|p1a: Scovillain|Moody|boost\n|-boost|p1a: Scovillain|spa|2\n|-unboost|p1a: Scovillain|def|1\n|upkeep\n|turn|17\n|\n|t:|1700556651\n|move|p1a: Scovillain|Substitute|p1a: Scovillain\n|-fail|p1a: Scovillain|move: Substitute\n|move|p2a: Hatake|Outrage|p1a: Scovillain\n|-end|p1a: Scovillain|Substitute\n|\n|-damage|p2a: Hatake|13\/100|[from] Leech Seed|[of] p1a: Scovillain\n|-ability|p1a: Scovillain|Moody|boost\n|-boost|p1a: Scovillain|atk|2\n|-unboost|p1a: Scovillain|spa|1\n|upkeep\n|turn|18\n|\n|t:|1700556663\n|move|p1a: Scovillain|Substitute|p1a: Scovillain\n|-start|p1a: Scovillain|Substitute\n|-damage|p1a: Scovillain|76\/100\n|move|p2a: Hatake|Outrage|p1a: Scovillain|[from]lockedmove\n|-end|p1a: Scovillain|Substitute\n|-start|p2a: Hatake|confusion|[fatigue]\n|\n|-heal|p1a: Scovillain|82\/100|[from] item: Leftovers\n|-damage|p2a: Hatake|1\/100|[from] Leech Seed|[of] p1a: Scovillain\n|-heal|p1a: Scovillain|94\/100|[silent]\n|-ability|p1a: Scovillain|Moody|boost\n|-boost|p1a: Scovillain|def|2\n|-unboost|p1a: Scovillain|atk|1\n|upkeep\n|turn|19\n|\n|t:|1700556679\n|-activate|p2a: Hatake|confusion\n|move|p2a: Hatake|Extreme Speed|p1a: Scovillain\n|-damage|p1a: Scovillain|71\/100\n|move|p1a: Scovillain|Substitute|p1a: Scovillain\n|-start|p1a: Scovillain|Substitute\n|-damage|p1a: Scovillain|47\/100\n|\n|-heal|p1a: Scovillain|53\/100|[from] item: Leftovers\n|-damage|p2a: Hatake|0 fnt|[from] Leech Seed|[of] p1a: Scovillain\n|-heal|p1a: Scovillain|53\/100|[silent]\n|faint|p2a: Hatake\n|-ability|p1a: Scovillain|Moody|boost\n|-boost|p1a: Scovillain|spa|1\n|-unboost|p1a: Scovillain|def|1\n|upkeep\n|inactive|Blaze Akai has 120 seconds left.\n|\n|t:|1700556698\n|switch|p2a: Valtryek|Garchomp, M|100\/100\n|turn|20\n|inactive|Blaze Akai has 120 seconds left.\n|\n|t:|1700556710\n|move|p1a: Scovillain|Leech Seed|p2a: Valtryek\n|-start|p2a: Valtryek|move: Leech Seed\n|move|p2a: Valtryek|Flamethrower|p1a: Scovillain\n|-activate|p1a: Scovillain|move: Substitute|[damage]\n|\n|-heal|p1a: Scovillain|59\/100|[from] item: Leftovers\n|-damage|p2a: Valtryek|88\/100|[from] Leech Seed|[of] p1a: Scovillain\n|-heal|p1a: Scovillain|68\/100|[silent]\n|-ability|p1a: Scovillain|Moody|boost\n|-boost|p1a: Scovillain|spe|2\n|-unboost|p1a: Scovillain|def|1\n|upkeep\n|turn|21\n|inactive|Blaze Akai has 120 seconds left.\n|\n|t:|1700556724\n|move|p1a: Scovillain|Protect|p1a: Scovillain\n|-singleturn|p1a: Scovillain|Protect\n|move|p2a: Valtryek|Nasty Plot|p2a: Valtryek\n|-boost|p2a: Valtryek|spa|2\n|\n|-heal|p1a: Scovillain|74\/100|[from] item: Leftovers\n|-damage|p2a: Valtryek|76\/100|[from] Leech Seed|[of] p1a: Scovillain\n|-heal|p1a: Scovillain|83\/100|[silent]\n|-ability|p1a: Scovillain|Moody|boost\n|-boost|p1a: Scovillain|def|2\n|-unboost|p1a: Scovillain|atk|1\n|upkeep\n|turn|22\n|inactive|Blaze Akai has 120 seconds left.\n|\n|t:|1700556737\n|move|p1a: Scovillain|Flamethrower|p2a: Valtryek\n|-damage|p2a: Valtryek|0 fnt\n|replace|p2a: Frosken|Zoroark-Hisui, M\n|-end|p2a: Frosken|Illusion\n|faint|p2a: Frosken\n|\n|-heal|p1a: Scovillain|89\/100|[from] item: Leftovers\n|-ability|p1a: Scovillain|Moody|boost\n|-boost|p1a: Scovillain|def|2\n|-unboost|p1a: Scovillain|spd|1\n|upkeep\n|inactive|Blaze Akai has 120 seconds left.\n|\n|t:|1700556748\n|switch|p2a: Valtryek|Garchomp, M|100\/100\n|turn|23\n|inactive|Blaze Akai has 120 seconds left.\n|\n|t:|1700556755\n|move|p1a: Scovillain|Leech Seed|p2a: Valtryek\n|-start|p2a: Valtryek|move: Leech Seed\n|move|p2a: Valtryek|Dragon Claw|p1a: Scovillain\n|-end|p1a: Scovillain|Substitute\n|\n|-heal|p1a: Scovillain|95\/100|[from] item: Leftovers\n|-damage|p2a: Valtryek|88\/100|[from] Leech Seed|[of] p1a: Scovillain\n|-heal|p1a: Scovillain|100\/100|[silent]\n|-ability|p1a: Scovillain|Moody|boost\n|-boost|p1a: Scovillain|def|2\n|-unboost|p1a: Scovillain|spa|1\n|upkeep\n|turn|24\n|inactive|Blaze Akai has 120 seconds left.\n|\n|t:|1700556769\n|move|p1a: Scovillain|Substitute|p1a: Scovillain\n|-start|p1a: Scovillain|Substitute\n|-damage|p1a: Scovillain|76\/100\n|move|p2a: Valtryek|Dragon Claw|p1a: Scovillain\n|-activate|p1a: Scovillain|move: Substitute|[damage]\n|\n|-heal|p1a: Scovillain|82\/100|[from] item: Leftovers\n|-damage|p2a: Valtryek|76\/100|[from] Leech Seed|[of] p1a: Scovillain\n|-heal|p1a: Scovillain|95\/100|[silent]\n|-ability|p1a: Scovillain|Moody|boost\n|-boost|p1a: Scovillain|def|1\n|-unboost|p1a: Scovillain|spe|1\n|upkeep\n|turn|25\n|inactive|Blaze Akai has 120 seconds left.\n|\n|t:|1700556786\n|move|p1a: Scovillain|Protect|p1a: Scovillain\n|-singleturn|p1a: Scovillain|Protect\n|move|p2a: Valtryek|Dragon Claw|p1a: Scovillain\n|-activate|p1a: Scovillain|move: Protect\n|\n|-heal|p1a: Scovillain|100\/100|[from] item: Leftovers\n|-damage|p2a: Valtryek|63\/100|[from] Leech Seed|[of] p1a: Scovillain\n|-ability|p1a: Scovillain|Moody|boost\n|-boost|p1a: Scovillain|spe|1\n|-unboost|p1a: Scovillain|spd|1\n|upkeep\n|turn|26\n|inactive|Blaze Akai has 120 seconds left.\n|\n|t:|1700556791\n|move|p1a: Scovillain|Flamethrower|p2a: Valtryek\n|-resisted|p2a: Valtryek\n|-damage|p2a: Valtryek|2\/100\n|move|p2a: Valtryek|Dragon Claw|p1a: Scovillain\n|-end|p1a: Scovillain|Substitute\n|\n|-damage|p2a: Valtryek|0 fnt|[from] Leech Seed|[of] p1a: Scovillain\n|faint|p2a: Valtryek\n|-ability|p1a: Scovillain|Moody|boost\n|-boost|p1a: Scovillain|spa|1\n|-unboost|p1a: Scovillain|spe|1\n|upkeep\n|\n|t:|1700556794\n|switch|p2a: Bravo|Corviknight, M, shiny|100\/100\n|-ability|p2a: Bravo|Pressure\n|turn|27\n|\n|t:|1700556803\n|-terastallize|p1a: Scovillain|Fire\n|move|p1a: Scovillain|Flamethrower|p2a: Bravo\n|-supereffective|p2a: Bravo\n|-damage|p2a: Bravo|0 fnt\n|faint|p2a: Bravo\n|\n|win|MrMimeIsMrKetchum\n|raw|MrMimeIsMrKetchum's rating: 1090 &rarr; <strong>1121<\/strong><br \/>(+31 for winning)\n|raw|Blaze Akai's rating: 1152 &rarr; <strong>1123<\/strong><br \/>(-29 for losing)\n|c|\u2606MrMimeIsMrKetchum|gg\n","uploadtime":1700556893,"views":0,"p1id":"mrmimeismrketchum","p2id":"blazeakai","formatid":"gen9anythinggoes","rating":1121,"private":0,"password":""}