{"id":"gen9anythinggoes-1978771635","p1":"Yuro LiTriiX","p2":"wyrmcorrompu","format":"[Gen 9] Anything Goes","log":"|j|\u2606Yuro LiTriiX\n|j|\u2606wyrmcorrompu\n|t:|1698593207\n|gametype|singles\n|player|p1|Yuro LiTriiX|n-masters3|\n|player|p2|wyrmcorrompu|n|\n|teamsize|p1|6\n|teamsize|p2|6\n|gen|9\n|tier|[Gen 9] Anything Goes\n|rule|HP Percentage Mod: HP is shown in percentages\n|rule|Endless Battle Clause: Forcing endless battles is banned\n|clearpoke\n|poke|p1|Slowking, M|\n|poke|p1|Dragalge, M|\n|poke|p1|Trevenant, F|\n|poke|p1|Rabsca, M|\n|poke|p1|Brute Bonnet|\n|poke|p1|Ting-Lu|\n|poke|p2|Glimmora, F|\n|poke|p2|Gholdengo|\n|poke|p2|Kingambit, M|\n|poke|p2|Chien-Pao|\n|poke|p2|Skeledirge, F|\n|poke|p2|Chandelure, M|\n|teampreview\n|\n|t:|1698593261\n|start\n|switch|p1a: Ting-Lu|Ting-Lu|100\/100\n|switch|p2a: Glimmora|Glimmora, F|100\/100\n|-ability|p1a: Ting-Lu|Vessel of Ruin\n|turn|1\n|\n|t:|1698593303\n|move|p2a: Glimmora|Stealth Rock|p1a: Ting-Lu\n|-sidestart|p1: Yuro LiTriiX|move: Stealth Rock\n|move|p1a: Ting-Lu|Stealth Rock|p2a: Glimmora\n|-sidestart|p2: wyrmcorrompu|move: Stealth Rock\n|\n|upkeep\n|turn|2\n|\n|t:|1698593318\n|move|p2a: Glimmora|Earth Power|p1a: Ting-Lu\n|-damage|p1a: Ting-Lu|89\/100\n|move|p1a: Ting-Lu|Whirlwind|p2a: Glimmora\n|drag|p2a: Kingambit|Kingambit, M|100\/100\n|-damage|p2a: Kingambit|94\/100|[from] Stealth Rock\n|\n|-heal|p1a: Ting-Lu|95\/100|[from] item: Leftovers\n|upkeep\n|turn|3\n|\n|t:|1698593338\n|switch|p2a: Gholdengo|Gholdengo|100\/100\n|-damage|p2a: Gholdengo|94\/100|[from] Stealth Rock\n|-item|p2a: Gholdengo|Air Balloon\n|move|p1a: Ting-Lu|Earthquake|p2a: Gholdengo\n|-immune|p2a: Gholdengo\n|\n|-heal|p1a: Ting-Lu|100\/100|[from] item: Leftovers\n|upkeep\n|turn|4\n|\n|t:|1698593352\n|move|p2a: Gholdengo|Shadow Ball|p1a: Ting-Lu\n|-resisted|p1a: Ting-Lu\n|-damage|p1a: Ting-Lu|94\/100\n|move|p1a: Ting-Lu|Ruination|p2a: Gholdengo\n|-damage|p2a: Gholdengo|47\/100\n|-enditem|p2a: Gholdengo|Air Balloon\n|\n|-heal|p1a: Ting-Lu|99\/100|[from] item: Leftovers\n|upkeep\n|turn|5\n|\n|t:|1698593363\n|move|p2a: Gholdengo|Recover|p2a: Gholdengo\n|-heal|p2a: Gholdengo|97\/100\n|move|p1a: Ting-Lu|Earthquake|p2a: Gholdengo\n|-supereffective|p2a: Gholdengo\n|-damage|p2a: Gholdengo|17\/100\n|\n|-heal|p1a: Ting-Lu|100\/100|[from] item: Leftovers\n|upkeep\n|turn|6\n|\n|t:|1698593388\n|move|p2a: Gholdengo|Make It Rain|p1a: Ting-Lu\n|-damage|p1a: Ting-Lu|78\/100\n|-unboost|p2a: Gholdengo|spa|1\n|move|p1a: Ting-Lu|Earthquake|p2a: Gholdengo\n|-supereffective|p2a: Gholdengo\n|-damage|p2a: Gholdengo|0 fnt\n|faint|p2a: Gholdengo\n|\n|-heal|p1a: Ting-Lu|85\/100|[from] item: Leftovers\n|upkeep\n|\n|t:|1698593401\n|switch|p2a: Chien-Pao|Chien-Pao|100\/100\n|-damage|p2a: Chien-Pao|75\/100|[from] Stealth Rock\n|-ability|p2a: Chien-Pao|Sword of Ruin\n|turn|7\n|\n|t:|1698593413\n|move|p2a: Chien-Pao|Icicle Crash|p1a: Ting-Lu\n|-supereffective|p1a: Ting-Lu\n|-damage|p1a: Ting-Lu|33\/100\n|move|p1a: Ting-Lu|Whirlwind|p2a: Chien-Pao\n|drag|p2a: Glimmora|Glimmora, F|100\/100\n|-damage|p2a: Glimmora|88\/100|[from] Stealth Rock\n|\n|-heal|p1a: Ting-Lu|39\/100|[from] item: Leftovers\n|upkeep\n|turn|8\n|\n|t:|1698593430\n|move|p2a: Glimmora|Earth Power|p1a: Ting-Lu\n|-damage|p1a: Ting-Lu|28\/100\n|move|p1a: Ting-Lu|Earthquake|p2a: Glimmora\n|-supereffective|p2a: Glimmora\n|-damage|p2a: Glimmora|0 fnt\n|-activate|p2a: Glimmora|ability: Toxic Debris\n|-sidestart|p1: Yuro LiTriiX|move: Toxic Spikes\n|faint|p2a: Glimmora\n|\n|-heal|p1a: Ting-Lu|34\/100|[from] item: Leftovers\n|upkeep\n|\n|t:|1698593444\n|switch|p2a: Chien-Pao|Chien-Pao|75\/100\n|-damage|p2a: Chien-Pao|50\/100|[from] Stealth Rock\n|-ability|p2a: Chien-Pao|Sword of Ruin\n|turn|9\n|\n|t:|1698593452\n|move|p2a: Chien-Pao|Sacred Sword|p1a: Ting-Lu\n|-supereffective|p1a: Ting-Lu\n|-damage|p1a: Ting-Lu|0 fnt\n|faint|p1a: Ting-Lu\n|\n|upkeep\n|\n|t:|1698593457\n|switch|p1a: Dragalge|Dragalge, M|100\/100\n|-damage|p1a: Dragalge|88\/100|[from] Stealth Rock\n|-sideend|p1: Yuro LiTriiX|move: Toxic Spikes|[of] p1a: Dragalge\n|turn|10\n|\n|t:|1698593466\n|move|p2a: Chien-Pao|Icicle Crash|p1a: Dragalge\n|-supereffective|p1a: Dragalge\n|-damage|p1a: Dragalge|0 fnt\n|faint|p1a: Dragalge\n|\n|upkeep\n|\n|t:|1698593471\n|switch|p1a: Slowking|Slowking, M|100\/100\n|turn|11\n|\n|t:|1698593480\n|move|p2a: Chien-Pao|Crunch|p1a: Slowking\n|-supereffective|p1a: Slowking\n|-damage|p1a: Slowking|38\/100\n|move|p1a: Slowking|Trick Room|p1a: Slowking\n|-fieldstart|move: Trick Room|[of] p1a: Slowking\n|\n|upkeep\n|turn|12\n|\n|t:|1698593489\n|move|p1a: Slowking|Scald|p2a: Chien-Pao\n|-damage|p2a: Chien-Pao|5\/100\n|move|p2a: Chien-Pao|Crunch|p1a: Slowking\n|-supereffective|p1a: Slowking\n|-damage|p1a: Slowking|0 fnt\n|faint|p1a: Slowking\n|\n|upkeep\n|\n|t:|1698593500\n|switch|p1a: Brute Bonnet|Brute Bonnet, shiny|100\/100\n|-damage|p1a: Brute Bonnet|88\/100|[from] Stealth Rock\n|turn|13\n|\n|t:|1698593508\n|move|p1a: Brute Bonnet|Sucker Punch|p2a: Chien-Pao\n|-resisted|p2a: Chien-Pao\n|-damage|p2a: Chien-Pao|0 fnt\n|faint|p2a: Chien-Pao\n|\n|upkeep\n|\n|t:|1698593516\n|switch|p2a: Kingambit|Kingambit, M|94\/100\n|-damage|p2a: Kingambit|88\/100|[from] Stealth Rock\n|turn|14\n|\n|t:|1698593523\n|-terastallize|p1a: Brute Bonnet|Fire\n|move|p1a: Brute Bonnet|Tera Blast|p2a: Kingambit|[anim] Tera Blast Fire\n|-supereffective|p2a: Kingambit\n|-damage|p2a: Kingambit|21\/100\n|move|p2a: Kingambit|Iron Head|p1a: Brute Bonnet\n|-resisted|p1a: Brute Bonnet\n|-damage|p1a: Brute Bonnet|73\/100\n|\n|upkeep\n|turn|15\n|\n|t:|1698593534\n|move|p2a: Kingambit|Sucker Punch||[still]\n|-fail|p2a: Kingambit\n|move|p1a: Brute Bonnet|Spore|p2a: Kingambit\n|-status|p2a: Kingambit|slp|[from] move: Spore\n|\n|-fieldend|move: Trick Room\n|upkeep\n|turn|16\n|\n|t:|1698593543\n|-end|p1a: Brute Bonnet|Protosynthesis|[silent]\n|switch|p1a: Rabsca|Rabsca, M|100\/100\n|-damage|p1a: Rabsca|76\/100|[from] Stealth Rock\n|cant|p2a: Kingambit|slp\n|\n|upkeep\n|turn|17\n|\n|t:|1698593550\n|cant|p2a: Kingambit|slp\n|move|p1a: Rabsca|Trick Room|p1a: Rabsca\n|-fieldstart|move: Trick Room|[of] p1a: Rabsca\n|\n|upkeep\n|turn|18\n|\n|t:|1698593555\n|move|p1a: Rabsca|Bug Buzz|p2a: Kingambit\n|-damage|p2a: Kingambit|0 fnt\n|faint|p2a: Kingambit\n|\n|upkeep\n|\n|t:|1698593561\n|switch|p2a: Skeledirge|Skeledirge, F|100\/100\n|-damage|p2a: Skeledirge|75\/100|[from] Stealth Rock\n|turn|19\n|\n|t:|1698593568\n|move|p1a: Rabsca|Revival Blessing|p1a: Rabsca\n|-enditem|p1a: Rabsca|Leppa Berry|[eat]\n|-activate|p1a: Rabsca|item: Leppa Berry|Revival Blessing|[consumed]\n|\n|t:|1698593572\n|-heal|p1: Slowking|50\/100|[from] move: Revival Blessing\n|move|p2a: Skeledirge|Torch Song|p1a: Rabsca\n|-supereffective|p1a: Rabsca\n|-damage|p1a: Rabsca|3\/100\n|-boost|p2a: Skeledirge|spa|1\n|-damage|p2a: Skeledirge|66\/100|[from] item: Life Orb\n|\n|upkeep\n|turn|20\n|\n|t:|1698593583\n|move|p1a: Rabsca|Revival Blessing|p1a: Rabsca\n|\n|t:|1698593588\n|-heal|p1: Dragalge|50\/100|[from] move: Revival Blessing\n|move|p2a: Skeledirge|Torch Song|p1a: Rabsca\n|-supereffective|p1a: Rabsca\n|-damage|p1a: Rabsca|0 fnt\n|-boost|p2a: Skeledirge|spa|1\n|faint|p1a: Rabsca\n|-damage|p2a: Skeledirge|56\/100|[from] item: Life Orb\n|\n|upkeep\n|\n|t:|1698593593\n|switch|p1a: Trevenant|Trevenant, F|100\/100\n|-damage|p1a: Trevenant|88\/100|[from] Stealth Rock\n|turn|21\n|\n|t:|1698593603\n|-terastallize|p2a: Skeledirge|Fire\n|move|p1a: Trevenant|Poltergeist|p2a: Skeledirge\n|-activate|p2a: Skeledirge|move: Poltergeist|Life Orb\n|-damage|p2a: Skeledirge|0 fnt\n|faint|p2a: Skeledirge\n|\n|-fieldend|move: Trick Room\n|upkeep\n|\n|t:|1698593613\n|switch|p2a: Chandelure|Chandelure, M|100\/100\n|-damage|p2a: Chandelure|75\/100|[from] Stealth Rock\n|turn|22\n|\n|t:|1698593620\n|move|p1a: Trevenant|Poltergeist|p2a: Chandelure\n|-activate|p2a: Chandelure|move: Poltergeist|Lagging Tail\n|-supereffective|p2a: Chandelure\n|-damage|p2a: Chandelure|0 fnt\n|faint|p2a: Chandelure\n|\n|win|Yuro LiTriiX\n|c|\u2606Yuro LiTriiX|gg\n|l|\u2606wyrmcorrompu\n","uploadtime":1698593689,"views":20,"p1id":"yurolitriix","p2id":"wyrmcorrompu","formatid":"gen9anythinggoes","rating":0,"private":0,"password":""}