{"id":"gen9anythinggoes-1972138787","p1":"grouxy","p2":"ziemniaki","format":"[Gen 9] Anything Goes","log":"|j|\u2606grouxy\n|j|\u2606ziemniaki\n|t:|1697816008\n|gametype|singles\n|player|p1|grouxy|101|1122\n|player|p2|ziemniaki|lucas-gen4pt|1171\n|teamsize|p1|6\n|teamsize|p2|6\n|gen|9\n|tier|[Gen 9] Anything Goes\n|rated|\n|rule|HP Percentage Mod: HP is shown in percentages\n|rule|Endless Battle Clause: Forcing endless battles is banned\n|clearpoke\n|poke|p1|Azumarill, F|\n|poke|p1|Zoroark-Hisui, F|\n|poke|p1|Azumarill, F|\n|poke|p1|Azumarill, F|\n|poke|p1|Azumarill, F|\n|poke|p1|Azumarill, F|\n|poke|p2|Noivern, M|\n|poke|p2|Chesnaught, M|\n|poke|p2|Iron Thorns|\n|poke|p2|Empoleon, M|\n|poke|p2|Goodra-Hisui, F|\n|poke|p2|Clodsire, F|\n|teampreview\n|inactive|Battle timer is ON: inactive players will automatically lose when time's up. (requested by ziemniaki)\n|\n|t:|1697816030\n|start\n|switch|p1a: Azumarill|Azumarill, F|100\/100\n|switch|p2a: El Pancake|Clodsire, F|100\/100\n|turn|1\n|\n|t:|1697816040\n|move|p1a: Azumarill|U-turn|p2a: El Pancake\n|-resisted|p2a: El Pancake\n|-damage|p2a: El Pancake|91\/100\n|\n|t:|1697816049\n|switch|p1a: Azumarill|Azumarill, F|100\/100|[from] U-turn\n|move|p2a: El Pancake|Gunk Shot|p1a: Azumarill|[miss]\n|-miss|p2a: El Pancake|p1a: Azumarill\n|\n|-heal|p2a: El Pancake|98\/100|[from] item: Leftovers\n|upkeep\n|turn|2\n|c|\u2606ziemniaki|you wanna play quiz\n|\n|t:|1697816059\n|move|p1a: Azumarill|Liquidation|p2a: El Pancake\n|-heal|p2a: El Pancake|100\/100|[from] ability: Water Absorb|[of] p1a: Azumarill\n|move|p2a: El Pancake|Gunk Shot|p1a: Azumarill\n|-supereffective|p1a: Azumarill\n|-damage|p1a: Azumarill|20\/100\n|-status|p1a: Azumarill|psn\n|-enditem|p1a: Azumarill|Sitrus Berry|[eat]\n|-heal|p1a: Azumarill|45\/100 psn|[from] item: Sitrus Berry\n|\n|-damage|p1a: Azumarill|32\/100 psn|[from] psn\n|upkeep\n|turn|3\n|c|\u2606grouxy|hahah it is the goal\n|c|\u2606ziemniaki|i meant other quiz\n|\n|t:|1697816084\n|move|p1a: Azumarill|Superpower|p2a: El Pancake\n|-resisted|p2a: El Pancake\n|-damage|p2a: El Pancake|72\/100\n|-unboost|p1a: Azumarill|atk|1\n|-unboost|p1a: Azumarill|def|1\n|move|p2a: El Pancake|Spikes|p1a: Azumarill\n|-sidestart|p1: grouxy|Spikes\n|\n|-heal|p2a: El Pancake|78\/100|[from] item: Leftovers\n|-damage|p1a: Azumarill|20\/100 psn|[from] psn\n|upkeep\n|turn|4\n|c|\u2606ziemniaki|i will ask you questuons about pokemon\n|\n|t:|1697816102\n|move|p1a: Azumarill|Superpower|p2a: El Pancake\n|-resisted|p2a: El Pancake\n|-damage|p2a: El Pancake|58\/100\n|-unboost|p1a: Azumarill|atk|1\n|-unboost|p1a: Azumarill|def|1\n|move|p2a: El Pancake|Gunk Shot|p1a: Azumarill\n|-supereffective|p1a: Azumarill\n|-damage|p1a: Azumarill|0 fnt\n|faint|p1a: Azumarill\n|\n|-heal|p2a: El Pancake|65\/100|[from] item: Leftovers\n|upkeep\n|\n|t:|1697816115\n|switch|p1a: Azumarill|Azumarill, F|100\/100\n|-damage|p1a: Azumarill|88\/100|[from] Spikes\n|turn|5\n|\n|t:|1697816121\n|move|p1a: Azumarill|Perish Song|p1a: Azumarill\n|-start|p1a: Azumarill|perish3|[silent]\n|-start|p2a: El Pancake|perish3|[silent]\n|-fieldactivate|move: Perish Song\n|move|p2a: El Pancake|Gunk Shot|p1a: Azumarill\n|-supereffective|p1a: Azumarill\n|-damage|p1a: Azumarill|15\/100\n|\n|-heal|p1a: Azumarill|22\/100|[from] item: Leftovers\n|-heal|p2a: El Pancake|71\/100|[from] item: Leftovers\n|-start|p1a: Azumarill|perish3\n|-start|p2a: El Pancake|perish3\n|upkeep\n|turn|6\n|\n|t:|1697816131\n|move|p1a: Azumarill|Light Screen|p1a: Azumarill\n|-sidestart|p1: grouxy|move: Light Screen\n|move|p2a: El Pancake|Gunk Shot|p1a: Azumarill\n|-supereffective|p1a: Azumarill\n|-damage|p1a: Azumarill|0 fnt\n|faint|p1a: Azumarill\n|\n|-heal|p2a: El Pancake|77\/100|[from] item: Leftovers\n|-start|p2a: El Pancake|perish2\n|upkeep\n|\n|t:|1697816143\n|switch|p1a: Azumarill|Azumarill, F|100\/100\n|-damage|p1a: Azumarill|88\/100|[from] Spikes\n|turn|7\n|\n|t:|1697816148\n|-terastallize|p1a: Azumarill|Steel\n|move|p1a: Azumarill|Knock Off|p2a: El Pancake\n|-damage|p2a: El Pancake|10\/100\n|-enditem|p2a: El Pancake|Leftovers|[from] move: Knock Off|[of] p1a: Azumarill\n|move|p2a: El Pancake|Gunk Shot|p1a: Azumarill\n|-immune|p1a: Azumarill\n|\n|-start|p2a: El Pancake|perish1\n|upkeep\n|turn|8\n|\n|t:|1697816159\n|move|p1a: Azumarill|Knock Off|p2a: El Pancake\n|-damage|p2a: El Pancake|0 fnt\n|faint|p2a: El Pancake\n|\n|upkeep\n|\n|t:|1697816172\n|switch|p2a: Tank|Chesnaught, M, shiny|100\/100\n|turn|9\n|\n|t:|1697816184\n|switch|p1a: Azumarill|Azumarill, F|100\/100\n|-damage|p1a: Azumarill|88\/100|[from] Spikes\n|move|p2a: Tank|Spiky Shield||[still]\n|-fail|p2a: Tank\n|\n|upkeep\n|turn|10\n|\n|t:|1697816190\n|move|p2a: Tank|Hammer Arm|p1a: Azumarill\n|-resisted|p1a: Azumarill\n|-damage|p1a: Azumarill|61\/100\n|-unboost|p2a: Tank|spe|1\n|-damage|p2a: Tank|91\/100|[from] item: Life Orb\n|move|p1a: Azumarill|Play Rough|p2a: Tank\n|-supereffective|p2a: Tank\n|-damage|p2a: Tank|0 fnt\n|faint|p2a: Tank\n|\n|-sideend|p1: grouxy|move: Light Screen\n|upkeep\n|\n|t:|1697816209\n|switch|p2a: King|Noivern, M|100\/100\n|turn|11\n|\n|t:|1697816213\n|move|p2a: King|Boomburst|p1a: Azumarill\n|-damage|p1a: Azumarill|23\/100\n|move|p1a: Azumarill|Play Rough|p2a: King|[miss]\n|-miss|p1a: Azumarill|p2a: King\n|\n|upkeep\n|turn|12\n|\n|t:|1697816221\n|switch|p1a: Azumarill|Azumarill, F|100\/100\n|-damage|p1a: Azumarill|88\/100|[from] Spikes\n|move|p2a: King|Boomburst|p1a: Azumarill\n|-immune|p1a: Azumarill\n|\n|upkeep\n|turn|13\n|\n|t:|1697816231\n|switch|p2a: Dale|Goodra-Hisui, F|100\/100\n|move|p1a: Azumarill|Hyper Voice|p2a: Dale\n|-resisted|p2a: Dale\n|-damage|p2a: Dale|84\/100\n|\n|-heal|p2a: Dale|90\/100|[from] item: Leftovers\n|upkeep\n|turn|14\n|\n|t:|1697816240\n|switch|p1a: Azumarill|Azumarill, F|23\/100\n|-damage|p1a: Azumarill|10\/100|[from] Spikes\n|move|p2a: Dale|Rain Dance|p2a: Dale\n|-weather|RainDance\n|\n|-weather|RainDance|[upkeep]\n|-heal|p2a: Dale|96\/100|[from] item: Leftovers\n|upkeep\n|turn|15\n|\n|t:|1697816248\n|move|p1a: Azumarill|Aqua Jet|p2a: Dale\n|-resisted|p2a: Dale\n|-damage|p2a: Dale|63\/100\n|move|p2a: Dale|Flash Cannon|p1a: Azumarill\n|-damage|p1a: Azumarill|0 fnt\n|faint|p1a: Azumarill\n|\n|-weather|RainDance|[upkeep]\n|-heal|p2a: Dale|69\/100|[from] item: Leftovers\n|upkeep\n|\n|t:|1697816259\n|switch|p1a: Azumarill|Azumarill, F, tera:Steel|88\/100\n|-damage|p1a: Azumarill|76\/100|[from] Spikes\n|turn|16\n|\n|t:|1697816267\n|move|p1a: Azumarill|Superpower|p2a: Dale\n|-supereffective|p2a: Dale\n|-damage|p2a: Dale|0 fnt\n|-unboost|p1a: Azumarill|atk|1\n|-unboost|p1a: Azumarill|def|1\n|faint|p2a: Dale\n|\n|-weather|RainDance|[upkeep]\n|upkeep\n|\n|t:|1697816281\n|switch|p2a: Empoleon|Empoleon, M|100\/100\n|turn|17\n|\n|t:|1697816291\n|move|p1a: Azumarill|Superpower|p2a: Empoleon\n|-supereffective|p2a: Empoleon\n|-crit|p2a: Empoleon\n|-damage|p2a: Empoleon|0 fnt\n|-unboost|p1a: Azumarill|atk|1\n|-unboost|p1a: Azumarill|def|1\n|-damage|p1a: Azumarill|59\/100|[from] item: Rocky Helmet|[of] p2a: Empoleon\n|faint|p2a: Empoleon\n|\n|-weather|RainDance|[upkeep]\n|upkeep\n|\n|t:|1697816299\n|switch|p2a: King|Noivern, M|100\/100\n|turn|18\n|\n|t:|1697816313\n|switch|p1a: Azumarill|Azumarill, F|88\/100\n|-damage|p1a: Azumarill|76\/100|[from] Spikes\n|-terastallize|p2a: King|Steel\n|move|p2a: King|Flamethrower|p1a: Azumarill\n|-damage|p1a: Azumarill|48\/100\n|-status|p1a: Azumarill|brn\n|replace|p1a: Zoroark|Zoroark-Hisui, F\n|-end|p1a: Zoroark|Illusion\n|\n|-weather|none\n|-damage|p1a: Zoroark|42\/100 brn|[from] brn\n|upkeep\n|turn|19\n|\n|t:|1697816325\n|move|p1a: Zoroark|Shadow Ball|p2a: King\n|-crit|p2a: King\n|-damage|p2a: King|20\/100\n|move|p2a: King|Hurricane|p1a: Zoroark\n|-damage|p1a: Zoroark|0 fnt\n|faint|p1a: Zoroark\n|\n|upkeep\n|\n|t:|1697816340\n|switch|p1a: Azumarill|Azumarill, F|100\/100\n|-damage|p1a: Azumarill|88\/100|[from] Spikes\n|turn|20\n|\n|t:|1697816346\n|move|p2a: King|Boomburst|p1a: Azumarill\n|-damage|p1a: Azumarill|43\/100\n|-enditem|p1a: Azumarill|Sitrus Berry|[eat]\n|-heal|p1a: Azumarill|68\/100|[from] item: Sitrus Berry\n|move|p1a: Azumarill|Trailblaze|p2a: King\n|-resisted|p2a: King\n|-damage|p2a: King|8\/100\n|-boost|p1a: Azumarill|spe|1\n|\n|upkeep\n|turn|21\n|\n|t:|1697816356\n|move|p1a: Azumarill|Aqua Jet|p2a: King\n|-damage|p2a: King|0 fnt\n|faint|p2a: King\n|\n|upkeep\n|\n|t:|1697816360\n|switch|p2a: Godzilla|Iron Thorns|100\/100\n|turn|22\n|\n|t:|1697816365\n|move|p1a: Azumarill|Liquidation|p2a: Godzilla\n|-supereffective|p2a: Godzilla\n|-damage|p2a: Godzilla|17\/100\n|move|p2a: Godzilla|Rock Blast|p1a: Azumarill\n|-damage|p1a: Azumarill|51\/100\n|-damage|p1a: Azumarill|35\/100\n|-damage|p1a: Azumarill|16\/100\n|-damage|p1a: Azumarill|0 fnt\n|faint|p1a: Azumarill\n|-hitcount|p1: Azumarill|4\n|\n|upkeep\n|\n|t:|1697816373\n|switch|p1a: Azumarill|Azumarill, F, tera:Steel|59\/100\n|-damage|p1a: Azumarill|47\/100|[from] Spikes\n|turn|23\n|\n|t:|1697816378\n|move|p1a: Azumarill|Aqua Jet|p2a: Godzilla\n|-supereffective|p2a: Godzilla\n|-damage|p2a: Godzilla|0 fnt\n|faint|p2a: Godzilla\n|-end|p2a: Godzilla|Quark Drive|[silent]\n|\n|win|grouxy\n|raw|grouxy's rating: 1122 &rarr; <strong>1151<\/strong><br \/>(+29 for winning)\n|raw|ziemniaki's rating: 1171 &rarr; <strong>1142<\/strong><br \/>(-29 for losing)\n|c|\u2606grouxy|gg\n|l|\u2606ziemniaki\n","uploadtime":1697816387,"views":9,"p1id":"grouxy","p2id":"ziemniaki","formatid":"gen9anythinggoes","rating":1142,"private":0,"password":""}