{"id":"gen9anythinggoes-1983833075","p1":"gaming rn!","p2":"Chunnibyou","format":"[Gen 9] Anything Goes","log":"|j|\u2606gaming rn!\n|j|\u2606Chunnibyou\n|t:|1699189091\n|gametype|singles\n|player|p1|gaming rn!|brendan|1382\n|player|p2|Chunnibyou|102|1384\n|teamsize|p1|6\n|teamsize|p2|6\n|gen|9\n|tier|[Gen 9] Anything Goes\n|rated|\n|rule|HP Percentage Mod: HP is shown in percentages\n|rule|Endless Battle Clause: Forcing endless battles is banned\n|clearpoke\n|poke|p1|Espathra, F|\n|poke|p1|Hatterene, F|\n|poke|p1|Drifblim, M|\n|poke|p1|Vaporeon, M|\n|poke|p1|Venomoth, F|\n|poke|p1|Magearna|\n|poke|p2|Clodsire, M|\n|poke|p2|Cloyster, F|\n|poke|p2|Miraidon|\n|poke|p2|Flutter Mane|\n|poke|p2|Kingambit, M|\n|poke|p2|Great Tusk|\n|teampreview\n|inactive|Battle timer is ON: inactive players will automatically lose when time's up. (requested by Chunnibyou)\n|\n|t:|1699189096\n|start\n|switch|p1a: Vaporeon|Vaporeon, M|100\/100\n|switch|p2a: Clodsire|Clodsire, M|100\/100\n|turn|1\n|\n|t:|1699189104\n|-terastallize|p2a: Clodsire|Water\n|move|p1a: Vaporeon|Substitute|p1a: Vaporeon\n|-start|p1a: Vaporeon|Substitute\n|-damage|p1a: Vaporeon|75\/100\n|move|p2a: Clodsire|Toxic Spikes|p1a: Vaporeon\n|-sidestart|p1: gaming rn!|move: Toxic Spikes\n|\n|-heal|p1a: Vaporeon|82\/100|[from] item: Leftovers\n|upkeep\n|turn|2\n|\n|t:|1699189111\n|move|p1a: Vaporeon|Acid Armor|p1a: Vaporeon\n|-boost|p1a: Vaporeon|def|2\n|move|p2a: Clodsire|Toxic Spikes|p1a: Vaporeon\n|-sidestart|p1: gaming rn!|move: Toxic Spikes\n|\n|-heal|p1a: Vaporeon|88\/100|[from] item: Leftovers\n|upkeep\n|turn|3\n|\n|t:|1699189120\n|move|p1a: Vaporeon|Aqua Ring|p1a: Vaporeon\n|-start|p1a: Vaporeon|Aqua Ring\n|move|p2a: Clodsire|Stealth Rock|p1a: Vaporeon\n|-sidestart|p1: gaming rn!|move: Stealth Rock\n|\n|-heal|p1a: Vaporeon|94\/100|[from] item: Leftovers\n|-heal|p1a: Vaporeon|100\/100|[from] Aqua Ring\n|upkeep\n|turn|4\n|\n|t:|1699189126\n|move|p1a: Vaporeon|Acid Armor|p1a: Vaporeon\n|-boost|p1a: Vaporeon|def|2\n|move|p2a: Clodsire|Earthquake|p1a: Vaporeon\n|-activate|p1a: Vaporeon|move: Substitute|[damage]\n|\n|upkeep\n|turn|5\n|\n|t:|1699189133\n|move|p1a: Vaporeon|Acid Armor|p1a: Vaporeon\n|-boost|p1a: Vaporeon|def|2\n|move|p2a: Clodsire|Earthquake|p1a: Vaporeon\n|-end|p1a: Vaporeon|Substitute\n|\n|upkeep\n|turn|6\n|\n|t:|1699189142\n|switch|p2a: Miraidon|Miraidon|100\/100\n|-fieldstart|move: Electric Terrain|[from] ability: Hadron Engine|[of] p2a: Miraidon\n|move|p1a: Vaporeon|Substitute|p1a: Vaporeon\n|-start|p1a: Vaporeon|Substitute\n|-damage|p1a: Vaporeon|75\/100\n|\n|-heal|p1a: Vaporeon|82\/100|[from] item: Leftovers\n|-heal|p1a: Vaporeon|88\/100|[from] Aqua Ring\n|upkeep\n|turn|7\n|\n|t:|1699189154\n|-terastallize|p1a: Vaporeon|Dragon\n|move|p2a: Miraidon|Parabolic Charge|p1a: Vaporeon\n|-resisted|p1a: Vaporeon\n|-activate|p1a: Vaporeon|move: Substitute|[damage]\n|move|p1a: Vaporeon|Baton Pass|p1a: Vaporeon\n|\n|t:|1699189159\n|switch|p1a: Venomoth|Venomoth, F, shiny|100\/100|[from] Baton Pass\n|-sideend|p1: gaming rn!|move: Toxic Spikes|[of] p1a: Venomoth\n|\n|upkeep\n|turn|8\n|\n|t:|1699189166\n|move|p2a: Miraidon|Electro Drift|p1a: Venomoth\n|-end|p1a: Venomoth|Substitute\n|move|p1a: Venomoth|Quiver Dance|p1a: Venomoth\n|-boost|p1a: Venomoth|spa|1\n|-boost|p1a: Venomoth|spd|1\n|-boost|p1a: Venomoth|spe|1\n|\n|upkeep\n|turn|9\n|\n|t:|1699189175\n|move|p1a: Venomoth|Quiver Dance|p1a: Venomoth\n|-boost|p1a: Venomoth|spa|1\n|-boost|p1a: Venomoth|spd|1\n|-boost|p1a: Venomoth|spe|1\n|move|p2a: Miraidon|Draco Meteor|p1a: Venomoth\n|-damage|p1a: Venomoth|39\/100\n|-unboost|p2a: Miraidon|spa|2\n|\n|-heal|p1a: Venomoth|46\/100|[from] Aqua Ring\n|upkeep\n|turn|10\n|\n|t:|1699189184\n|move|p1a: Venomoth|Quiver Dance|p1a: Venomoth\n|-boost|p1a: Venomoth|spa|1\n|-boost|p1a: Venomoth|spd|1\n|-boost|p1a: Venomoth|spe|1\n|move|p2a: Miraidon|Electro Drift|p1a: Venomoth\n|-damage|p1a: Venomoth|23\/100\n|\n|-heal|p1a: Venomoth|30\/100|[from] Aqua Ring\n|-fieldend|move: Electric Terrain\n|upkeep\n|turn|11\n|\n|t:|1699189194\n|switch|p2a: Clodsire|Clodsire, M, tera:Water|100\/100\n|move|p1a: Venomoth|Quiver Dance|p1a: Venomoth\n|-boost|p1a: Venomoth|spa|1\n|-boost|p1a: Venomoth|spd|1\n|-boost|p1a: Venomoth|spe|1\n|\n|-heal|p1a: Venomoth|36\/100|[from] Aqua Ring\n|upkeep\n|turn|12\n|\n|t:|1699189200\n|move|p1a: Venomoth|Substitute|p1a: Venomoth\n|-start|p1a: Venomoth|Substitute\n|-damage|p1a: Venomoth|11\/100\n|move|p2a: Clodsire|Earthquake|p1a: Venomoth\n|-end|p1a: Venomoth|Substitute\n|\n|-heal|p1a: Venomoth|17\/100|[from] Aqua Ring\n|upkeep\n|turn|13\n|\n|t:|1699189205\n|move|p1a: Venomoth|Baton Pass|p1a: Venomoth\n|\n|t:|1699189207\n|switch|p1a: Drifblim|Drifblim, M, shiny|100\/100|[from] Baton Pass\n|-damage|p1a: Drifblim|75\/100|[from] Stealth Rock\n|move|p2a: Clodsire|Earthquake|p1a: Drifblim\n|-immune|p1a: Drifblim\n|\n|-heal|p1a: Drifblim|82\/100|[from] Aqua Ring\n|upkeep\n|turn|14\n|\n|t:|1699189219\n|move|p1a: Drifblim|Substitute|p1a: Drifblim\n|-start|p1a: Drifblim|Substitute\n|-damage|p1a: Drifblim|57\/100\n|move|p2a: Clodsire|Toxic Spikes|p1a: Drifblim\n|-sidestart|p1: gaming rn!|move: Toxic Spikes\n|\n|-heal|p1a: Drifblim|63\/100|[from] Aqua Ring\n|upkeep\n|turn|15\n|\n|t:|1699189223\n|move|p1a: Drifblim|Minimize|p1a: Drifblim\n|-boost|p1a: Drifblim|evasion|2\n|move|p2a: Clodsire|Toxic Spikes|p1a: Drifblim\n|-sidestart|p1: gaming rn!|move: Toxic Spikes\n|\n|-heal|p1a: Drifblim|69\/100|[from] Aqua Ring\n|upkeep\n|turn|16\n|\n|t:|1699189233\n|switch|p2a: Flutter Mane|Flutter Mane|100\/100\n|-enditem|p2a: Flutter Mane|Booster Energy\n|-activate|p2a: Flutter Mane|ability: Protosynthesis|[fromitem]\n|-start|p2a: Flutter Mane|protosynthesisspe\n|move|p1a: Drifblim|Minimize|p1a: Drifblim\n|-boost|p1a: Drifblim|evasion|2\n|\n|-heal|p1a: Drifblim|75\/100|[from] Aqua Ring\n|upkeep\n|turn|17\n|\n|t:|1699189240\n|move|p1a: Drifblim|Baton Pass|p1a: Drifblim\n|\n|t:|1699189244\n|switch|p1a: Magearna|Magearna|100\/100|[from] Baton Pass\n|-damage|p1a: Magearna|94\/100|[from] Stealth Rock\n|move|p2a: Flutter Mane|Moonblast|p1a: Magearna\n|-resisted|p1a: Magearna\n|-activate|p1a: Magearna|move: Substitute|[damage]\n|\n|-heal|p1a: Magearna|100\/100|[from] item: Leftovers\n|upkeep\n|turn|18\n|\n|t:|1699189261\n|move|p2a: Flutter Mane|Draining Kiss|p1a: Magearna|[miss]\n|-miss|p2a: Flutter Mane|p1a: Magearna\n|move|p1a: Magearna|Stored Power|p2a: Flutter Mane\n|-damage|p2a: Flutter Mane|0 fnt\n|faint|p2a: Flutter Mane\n|-ability|p1a: Magearna|Soul-Heart|boost\n|-boost|p1a: Magearna|spa|1\n|-end|p2a: Flutter Mane|Protosynthesis|[silent]\n|\n|upkeep\n|\n|t:|1699189267\n|switch|p2a: Great Tusk|Great Tusk|100\/100\n|-enditem|p2a: Great Tusk|Booster Energy\n|-activate|p2a: Great Tusk|ability: Protosynthesis|[fromitem]\n|-start|p2a: Great Tusk|protosynthesisdef\n|turn|19\n|\n|t:|1699189272\n|move|p1a: Magearna|Stored Power|p2a: Great Tusk\n|-supereffective|p2a: Great Tusk\n|-damage|p2a: Great Tusk|0 fnt\n|faint|p2a: Great Tusk\n|-ability|p1a: Magearna|Soul-Heart|boost\n|-boost|p1a: Magearna|spa|1\n|-end|p2a: Great Tusk|Protosynthesis|[silent]\n|\n|upkeep\n|\n|t:|1699189277\n|switch|p2a: Clodsire|Clodsire, M, tera:Water|100\/100\n|turn|20\n|\n|t:|1699189280\n|move|p1a: Magearna|Stored Power|p2a: Clodsire\n|-damage|p2a: Clodsire|27\/100\n|move|p2a: Clodsire|Earthquake|p1a: Magearna\n|-supereffective|p1a: Magearna\n|-end|p1a: Magearna|Substitute\n|\n|-heal|p2a: Clodsire|34\/100|[from] item: Leftovers\n|upkeep\n|turn|21\n|\n|t:|1699189288\n|move|p1a: Magearna|Stored Power|p2a: Clodsire\n|-damage|p2a: Clodsire|0 fnt\n|faint|p2a: Clodsire\n|\n|upkeep\n|\n|t:|1699189293\n|switch|p2a: Cloyster|Cloyster, F|100\/100\n|turn|22\n|\n|t:|1699189300\n|move|p1a: Magearna|Stored Power|p2a: Cloyster\n|-crit|p2a: Cloyster\n|-enditem|p2a: Cloyster|Focus Sash\n|-damage|p2a: Cloyster|1\/100\n|move|p2a: Cloyster|Shell Smash|p2a: Cloyster\n|-unboost|p2a: Cloyster|def|1\n|-unboost|p2a: Cloyster|spd|1\n|-boost|p2a: Cloyster|atk|2\n|-boost|p2a: Cloyster|spa|2\n|-boost|p2a: Cloyster|spe|2\n|\n|upkeep\n|turn|23\n|\n|t:|1699189310\n|move|p1a: Magearna|Stored Power|p2a: Cloyster\n|-damage|p2a: Cloyster|0 fnt\n|faint|p2a: Cloyster\n|\n|upkeep\n|\n|t:|1699189315\n|switch|p2a: Kingambit|Kingambit, M|100\/100\n|-activate|p2a: Kingambit|ability: Supreme Overlord\n|-start|p2a: Kingambit|fallen4|[silent]\n|turn|24\n|\n|t:|1699189318\n|move|p2a: Kingambit|Sucker Punch|p1a: Magearna|[miss]\n|-miss|p2a: Kingambit|p1a: Magearna\n|move|p1a: Magearna|Draining Kiss|p2a: Kingambit\n|-damage|p2a: Kingambit|0 fnt\n|faint|p2a: Kingambit\n|-end|p2a: Kingambit|fallen4|[silent]\n|\n|upkeep\n|\n|t:|1699189323\n|switch|p2a: Miraidon|Miraidon|100\/100\n|-fieldstart|move: Electric Terrain|[from] ability: Hadron Engine|[of] p2a: Miraidon\n|turn|25\n|\n|t:|1699189326\n|move|p1a: Magearna|Stored Power|p2a: Miraidon\n|-damage|p2a: Miraidon|0 fnt\n|faint|p2a: Miraidon\n|\n|win|gaming rn!\n|raw|gaming rn!'s rating: 1382 &rarr; <strong>1402<\/strong><br \/>(+20 for winning)\n|raw|Chunnibyou's rating: 1384 &rarr; <strong>1364<\/strong><br \/>(-20 for losing)\n|l|\u2606Chunnibyou\n|l|gamingrn\n|j|\u2606gaming rn!\n|player|p1|gaming rn!|brendan\n","uploadtime":1699189405,"views":3,"p1id":"gamingrn","p2id":"chunnibyou","formatid":"gen9anythinggoes","rating":1364,"private":0,"password":""}