{"id":"gen9anythinggoes-1974975238","p1":"cp99","p2":"PlasticTeamTester","format":"[Gen 9] Anything Goes","log":"|j|\u2606cp99\n|j|\u2606PlasticTeamTester\n|t:|1698151253\n|gametype|singles\n|player|p1|cp99|266|\n|player|p2|PlasticTeamTester|policeman-gen4|\n|teamsize|p1|6\n|teamsize|p2|6\n|gen|9\n|tier|[Gen 9] Anything Goes\n|rule|HP Percentage Mod: HP is shown in percentages\n|rule|Endless Battle Clause: Forcing endless battles is banned\n|clearpoke\n|poke|p1|Clodsire, M|\n|poke|p1|Tauros-Paldea-Blaze, M|\n|poke|p1|Noivern, M|\n|poke|p1|Iron Treads|\n|poke|p1|Iron Jugulis|\n|poke|p1|Slither Wing|\n|poke|p2|Kingambit, M|\n|poke|p2|Slowking-Galar, M|\n|poke|p2|Enamorus-Therian, F|\n|poke|p2|Tatsugiri, F|\n|poke|p2|Hippowdon, F|\n|poke|p2|Gallade, M|\n|teampreview\n|inactive|Battle timer is ON: inactive players will automatically lose when time's up. (requested by PlasticTeamTester)\n|\n|t:|1698151280\n|start\n|switch|p1a: Slither Wing|Slither Wing|100\/100\n|switch|p2a: Hippowdon|Hippowdon, F|100\/100\n|-weather|Sandstorm|[from] ability: Sand Stream|[of] p2a: Hippowdon\n|turn|1\n|\n|t:|1698151284\n|move|p1a: Slither Wing|U-turn|p2a: Hippowdon\n|-damage|p2a: Hippowdon|70\/100\n|c|\u2606cp99|oh\n|c|\u2606cp99|well how do i kill this thing\n|inactive|cp99 has 270 seconds left.\n|\n|t:|1698151329\n|-end|p1a: Slither Wing|Protosynthesis|[silent]\n|switch|p1a: Noivern|Noivern, M|100\/100|[from] U-turn\n|move|p2a: Hippowdon|Stealth Rock|p1a: Noivern\n|-sidestart|p1: cp99|move: Stealth Rock\n|\n|-weather|Sandstorm|[upkeep]\n|-damage|p1a: Noivern|94\/100|[from] Sandstorm\n|-heal|p2a: Hippowdon|77\/100|[from] item: Leftovers\n|upkeep\n|turn|2\n|\n|t:|1698151352\n|move|p1a: Noivern|Draco Meteor|p2a: Hippowdon\n|-damage|p2a: Hippowdon|11\/100\n|-unboost|p1a: Noivern|spa|2\n|move|p2a: Hippowdon|Stone Edge|p1a: Noivern\n|-supereffective|p1a: Noivern\n|-damage|p1a: Noivern|30\/100\n|\n|-weather|Sandstorm|[upkeep]\n|-damage|p1a: Noivern|24\/100|[from] Sandstorm\n|-heal|p2a: Hippowdon|18\/100|[from] item: Leftovers\n|upkeep\n|turn|3\n|\n|t:|1698151358\n|switch|p2a: Enamorus|Enamorus-Therian, F|100\/100\n|move|p1a: Noivern|Draco Meteor|p2a: Enamorus\n|-immune|p2a: Enamorus\n|\n|-weather|Sandstorm|[upkeep]\n|-damage|p1a: Noivern|18\/100|[from] Sandstorm\n|upkeep\n|turn|4\n|\n|t:|1698151366\n|switch|p1a: Clodsire|Clodsire, M|100\/100\n|-damage|p1a: Clodsire|94\/100|[from] Stealth Rock\n|move|p2a: Enamorus|Iron Defense|p2a: Enamorus\n|-boost|p2a: Enamorus|def|2\n|\n|-weather|Sandstorm|[upkeep]\n|-heal|p1a: Clodsire|100\/100|[from] item: Black Sludge\n|upkeep\n|turn|5\n|\n|t:|1698151373\n|move|p2a: Enamorus|Earth Power|p1a: Clodsire\n|-supereffective|p1a: Clodsire\n|-damage|p1a: Clodsire|72\/100\n|-unboost|p1a: Clodsire|spd|1\n|move|p1a: Clodsire|Haze|p1a: Clodsire\n|-clearallboost\n|\n|-weather|none\n|-heal|p1a: Clodsire|78\/100|[from] item: Black Sludge\n|upkeep\n|turn|6\n|\n|t:|1698151388\n|switch|p2a: Gallade|Gallade, M|100\/100\n|move|p1a: Clodsire|Stealth Rock|p2a: Gallade\n|-sidestart|p2: PlasticTeamTester|move: Stealth Rock\n|\n|-heal|p1a: Clodsire|85\/100|[from] item: Black Sludge\n|upkeep\n|turn|7\n|\n|t:|1698151396\n|switch|p1a: Iron Jugulis|Iron Jugulis|100\/100\n|-damage|p1a: Iron Jugulis|76\/100|[from] Stealth Rock\n|-enditem|p1a: Iron Jugulis|Booster Energy\n|-activate|p1a: Iron Jugulis|ability: Quark Drive|[fromitem]\n|-start|p1a: Iron Jugulis|quarkdrivespe\n|move|p2a: Gallade|Knock Off|p1a: Iron Jugulis\n|-resisted|p1a: Iron Jugulis\n|-damage|p1a: Iron Jugulis|62\/100\n|\n|upkeep\n|turn|8\n|\n|t:|1698151406\n|switch|p2a: Hippowdon|Hippowdon, F|18\/100\n|-damage|p2a: Hippowdon|11\/100|[from] Stealth Rock\n|-weather|Sandstorm|[from] ability: Sand Stream|[of] p2a: Hippowdon\n|move|p1a: Iron Jugulis|Hurricane|p2a: Hippowdon\n|-damage|p2a: Hippowdon|0 fnt\n|faint|p2a: Hippowdon\n|\n|-weather|Sandstorm|[upkeep]\n|-damage|p1a: Iron Jugulis|56\/100|[from] Sandstorm\n|upkeep\n|\n|t:|1698151415\n|switch|p2a: Enamorus|Enamorus-Therian, F|100\/100\n|-damage|p2a: Enamorus|76\/100|[from] Stealth Rock\n|turn|9\n|c|\u2606cp99|hurricane hit\n|\n|t:|1698151420\n|-end|p1a: Iron Jugulis|Quark Drive|[silent]\n|switch|p1a: Iron Treads|Iron Treads|100\/100\n|-damage|p1a: Iron Treads|97\/100|[from] Stealth Rock\n|-enditem|p1a: Iron Treads|Booster Energy\n|-activate|p1a: Iron Treads|ability: Quark Drive|[fromitem]\n|-start|p1a: Iron Treads|quarkdrivespe\n|move|p2a: Enamorus|Calm Mind|p2a: Enamorus\n|-boost|p2a: Enamorus|spa|1\n|-boost|p2a: Enamorus|spd|1\n|\n|-weather|Sandstorm|[upkeep]\n|-heal|p2a: Enamorus|82\/100|[from] item: Leftovers\n|upkeep\n|turn|10\n|\n|t:|1698151431\n|-terastallize|p2a: Enamorus|Steel\n|move|p1a: Iron Treads|Rapid Spin|p2a: Enamorus\n|-resisted|p2a: Enamorus\n|-damage|p2a: Enamorus|76\/100\n|-boost|p1a: Iron Treads|spe|1\n|-sideend|p1: cp99|Stealth Rock|[from] move: Rapid Spin|[of] p1a: Iron Treads\n|move|p2a: Enamorus|Iron Defense|p2a: Enamorus\n|-boost|p2a: Enamorus|def|2\n|\n|-weather|Sandstorm|[upkeep]\n|-heal|p2a: Enamorus|82\/100|[from] item: Leftovers\n|upkeep\n|turn|11\n|\n|t:|1698151441\n|move|p1a: Iron Treads|Earthquake|p2a: Enamorus\n|-supereffective|p2a: Enamorus\n|-damage|p2a: Enamorus|51\/100\n|move|p2a: Enamorus|Earth Power|p1a: Iron Treads\n|-supereffective|p1a: Iron Treads\n|-damage|p1a: Iron Treads|0 fnt\n|faint|p1a: Iron Treads\n|-end|p1a: Iron Treads|Quark Drive|[silent]\n|\n|-weather|Sandstorm|[upkeep]\n|-heal|p2a: Enamorus|57\/100|[from] item: Leftovers\n|upkeep\n|c|\u2606cp99|oh thats so ugly\n|\n|t:|1698151455\n|switch|p1a: Clodsire|Clodsire, M|85\/100\n|turn|12\n|\n|t:|1698151458\n|move|p2a: Enamorus|Earth Power|p1a: Clodsire\n|-supereffective|p1a: Clodsire\n|-damage|p1a: Clodsire|43\/100\n|move|p1a: Clodsire|Haze|p1a: Clodsire\n|-clearallboost\n|\n|-weather|none\n|-heal|p2a: Enamorus|63\/100|[from] item: Leftovers\n|-heal|p1a: Clodsire|49\/100|[from] item: Black Sludge\n|upkeep\n|turn|13\n|\n|t:|1698151467\n|switch|p2a: Tatsugiri|Tatsugiri, F|100\/100\n|move|p1a: Clodsire|Recover|p1a: Clodsire\n|-heal|p1a: Clodsire|99\/100\n|\n|-heal|p1a: Clodsire|100\/100|[from] item: Black Sludge\n|upkeep\n|turn|14\n|\n|t:|1698151481\n|move|p2a: Tatsugiri|Rapid Spin|p1a: Clodsire\n|-damage|p1a: Clodsire|94\/100\n|-boost|p2a: Tatsugiri|spe|1\n|-sideend|p2: PlasticTeamTester|Stealth Rock|[from] move: Rapid Spin|[of] p2a: Tatsugiri\n|move|p1a: Clodsire|Earthquake|p2a: Tatsugiri\n|-damage|p2a: Tatsugiri|46\/100\n|\n|-heal|p1a: Clodsire|99\/100|[from] item: Black Sludge\n|upkeep\n|turn|15\n|c|\u2606PlasticTeamTester|goddamn this thing is frail\n|c|\u2606cp99|lol\n|\n|t:|1698151508\n|switch|p2a: Enamorus|Enamorus-Therian, F, tera:Steel|63\/100\n|move|p1a: Clodsire|Earthquake|p2a: Enamorus\n|-supereffective|p2a: Enamorus\n|-damage|p2a: Enamorus|24\/100\n|\n|-heal|p2a: Enamorus|30\/100|[from] item: Leftovers\n|-heal|p1a: Clodsire|100\/100|[from] item: Black Sludge\n|upkeep\n|turn|16\n|\n|t:|1698151514\n|move|p2a: Enamorus|Earth Power|p1a: Clodsire\n|-supereffective|p1a: Clodsire\n|-damage|p1a: Clodsire|73\/100\n|move|p1a: Clodsire|Earthquake|p2a: Enamorus\n|-supereffective|p2a: Enamorus\n|-damage|p2a: Enamorus|0 fnt\n|faint|p2a: Enamorus\n|\n|-heal|p1a: Clodsire|79\/100|[from] item: Black Sludge\n|upkeep\n|\n|t:|1698151518\n|switch|p2a: Gallade|Gallade, M|100\/100\n|turn|17\n|\n|t:|1698151525\n|switch|p1a: Tauros|Tauros-Paldea-Blaze, M|100\/100\n|-ability|p1a: Tauros|Intimidate|boost\n|-unboost|p2a: Gallade|atk|1\n|move|p2a: Gallade|Sacred Sword|p1a: Tauros\n|-damage|p1a: Tauros|68\/100\n|\n|-heal|p1a: Tauros|75\/100|[from] item: Leftovers\n|upkeep\n|turn|18\n|\n|t:|1698151531\n|switch|p2a: Slowking|Slowking-Galar, M|100\/100\n|move|p1a: Tauros|Will-O-Wisp|p2a: Slowking\n|-status|p2a: Slowking|brn\n|\n|-heal|p1a: Tauros|81\/100|[from] item: Leftovers\n|-damage|p2a: Slowking|94\/100 brn|[from] brn\n|upkeep\n|turn|19\n|c|\u2606cp99|oh i have the wrong set\n|\n|t:|1698151544\n|switch|p1a: Clodsire|Clodsire, M|79\/100\n|move|p2a: Slowking|Sludge Bomb|p1a: Clodsire\n|-resisted|p1a: Clodsire\n|-damage|p1a: Clodsire|74\/100\n|\n|-heal|p1a: Clodsire|80\/100|[from] item: Black Sludge\n|-damage|p2a: Slowking|88\/100 brn|[from] brn\n|upkeep\n|turn|20\n|\n|t:|1698151547\n|move|p2a: Slowking|Psyshock|p1a: Clodsire\n|-supereffective|p1a: Clodsire\n|-damage|p1a: Clodsire|0 fnt\n|faint|p1a: Clodsire\n|\n|-damage|p2a: Slowking|82\/100 brn|[from] brn\n|upkeep\n|\n|t:|1698151552\n|switch|p1a: Slither Wing|Slither Wing|100\/100\n|turn|21\n|\n|t:|1698151562\n|switch|p2a: Tatsugiri|Tatsugiri, F|46\/100\n|move|p1a: Slither Wing|U-turn|p2a: Tatsugiri\n|-damage|p2a: Tatsugiri|0 fnt\n|faint|p2a: Tatsugiri\n|\n|t:|1698151574\n|-end|p1a: Slither Wing|Protosynthesis|[silent]\n|switch|p1a: Noivern|Noivern, M|18\/100|[from] U-turn\n|\n|upkeep\n|\n|t:|1698151582\n|switch|p2a: Kingambit|Kingambit, M|100\/100\n|-activate|p2a: Kingambit|ability: Supreme Overlord\n|-start|p2a: Kingambit|fallen3|[silent]\n|turn|22\n|\n|t:|1698151590\n|switch|p1a: Tauros|Tauros-Paldea-Blaze, M|81\/100\n|-ability|p1a: Tauros|Intimidate|boost\n|-unboost|p2a: Kingambit|atk|1\n|move|p2a: Kingambit|Sucker Punch||[still]\n|-fail|p2a: Kingambit\n|\n|-heal|p1a: Tauros|87\/100|[from] item: Leftovers\n|upkeep\n|turn|23\n|\n|t:|1698151597\n|-end|p2a: Kingambit|fallen3|[silent]\n|switch|p2a: Slowking|Slowking-Galar, M|100\/100 brn\n|move|p1a: Tauros|Will-O-Wisp|p2a: Slowking\n|-fail|p2a: Slowking|brn\n|\n|-heal|p1a: Tauros|93\/100|[from] item: Leftovers\n|-damage|p2a: Slowking|94\/100 brn|[from] brn\n|upkeep\n|turn|24\n|\n|t:|1698151609\n|switch|p1a: Noivern|Noivern, M|18\/100\n|move|p2a: Slowking|Sludge Bomb|p1a: Noivern\n|-damage|p1a: Noivern|0 fnt\n|faint|p1a: Noivern\n|\n|-damage|p2a: Slowking|88\/100 brn|[from] brn\n|upkeep\n|\n|t:|1698151610\n|switch|p1a: Slither Wing|Slither Wing|100\/100\n|turn|25\n|\n|t:|1698151615\n|move|p1a: Slither Wing|First Impression|p2a: Slowking\n|-damage|p2a: Slowking|0 fnt\n|faint|p2a: Slowking\n|\n|upkeep\n|\n|t:|1698151621\n|switch|p2a: Kingambit|Kingambit, M|100\/100\n|-activate|p2a: Kingambit|ability: Supreme Overlord\n|-start|p2a: Kingambit|fallen4|[silent]\n|turn|26\n|\n|t:|1698151628\n|-end|p1a: Slither Wing|Protosynthesis|[silent]\n|switch|p1a: Tauros|Tauros-Paldea-Blaze, M|93\/100\n|-ability|p1a: Tauros|Intimidate|boost\n|-unboost|p2a: Kingambit|atk|1\n|move|p2a: Kingambit|Swords Dance|p2a: Kingambit\n|-boost|p2a: Kingambit|atk|2\n|\n|-heal|p1a: Tauros|99\/100|[from] item: Leftovers\n|upkeep\n|turn|27\n|\n|t:|1698151640\n|move|p2a: Kingambit|Sucker Punch||[still]\n|-fail|p2a: Kingambit\n|move|p1a: Tauros|Will-O-Wisp|p2a: Kingambit\n|-status|p2a: Kingambit|brn\n|\n|-heal|p1a: Tauros|100\/100|[from] item: Leftovers\n|-damage|p2a: Kingambit|94\/100 brn|[from] brn\n|upkeep\n|turn|28\n|-message|PlasticTeamTester forfeited.\n|\n|win|cp99\n|l|\u2606PlasticTeamTester\n","uploadtime":1698151659,"views":9,"p1id":"cp99","p2id":"plasticteamtester","formatid":"gen9anythinggoes","rating":0,"private":0,"password":""}