{"id":"gen9anythinggoes-1987301909","p1":"Steeltachi","p2":"AegisArmy","format":"[Gen 9] Anything Goes","log":"|j|\u2606Steeltachi\n|j|\u2606AegisArmy\n|t:|1699575051\n|gametype|singles\n|player|p1|Steeltachi|clown|1211\n|player|p2|AegisArmy|caitlin|1348\n|teamsize|p1|6\n|teamsize|p2|6\n|gen|9\n|tier|[Gen 9] Anything Goes\n|rated|\n|rule|HP Percentage Mod: HP is shown in percentages\n|rule|Endless Battle Clause: Forcing endless battles is banned\n|clearpoke\n|poke|p1|Ditto|\n|poke|p1|Zoroark-Hisui, F|\n|poke|p1|Zoroark, M|\n|poke|p1|Ursaluna-Bloodmoon, M|\n|poke|p1|Mew|\n|poke|p1|Heracross, M|\n|poke|p2|Iron Moth|\n|poke|p2|Iron Hands|\n|poke|p2|Iron Bundle|\n|poke|p2|Iron Leaves|\n|poke|p2|Iron Valiant|\n|poke|p2|Iron Thorns|\n|teampreview\n|\n|t:|1699575058\n|start\n|switch|p1a: Not Zoroark|Ditto|100\/100\n|switch|p2a: Iron Bundle|Iron Bundle|100\/100\n|-transform|p1a: Not Zoroark|p2a: Iron Bundle|[from] ability: Imposter\n|-enditem|p2a: Iron Bundle|Booster Energy\n|-activate|p2a: Iron Bundle|ability: Quark Drive|[fromitem]\n|-start|p2a: Iron Bundle|quarkdrivespe\n|turn|1\n|\n|t:|1699575079\n|move|p2a: Iron Bundle|Snowscape|p2a: Iron Bundle\n|-weather|Snow\n|move|p1a: Not Zoroark|Ice Beam|p2a: Iron Bundle\n|-resisted|p2a: Iron Bundle\n|-damage|p2a: Iron Bundle|79\/100\n|\n|-weather|Snow|[upkeep]\n|upkeep\n|turn|2\n|\n|t:|1699575086\n|move|p2a: Iron Bundle|Aurora Veil|p2a: Iron Bundle\n|-sidestart|p2: AegisArmy|move: Aurora Veil\n|move|p1a: Not Zoroark|Aurora Veil|p1a: Not Zoroark\n|-sidestart|p1: Steeltachi|move: Aurora Veil\n|\n|-weather|Snow|[upkeep]\n|upkeep\n|turn|3\n|\n|t:|1699575104\n|-end|p1a: Not Zoroark|Quark Drive|[silent]\n|switch|p1a: Heracross|Heracross, M|100\/100\n|move|p2a: Iron Bundle|Hydro Pump|p1a: Heracross\n|-damage|p1a: Heracross|69\/100\n|\n|-weather|Snow|[upkeep]\n|upkeep\n|turn|4\n|\n|t:|1699575117\n|move|p2a: Iron Bundle|Ice Beam|p1a: Heracross\n|-damage|p1a: Heracross|44\/100\n|move|p1a: Heracross|Earthquake|p2a: Iron Bundle\n|-damage|p2a: Iron Bundle|57\/100\n|\n|-weather|Snow|[upkeep]\n|upkeep\n|turn|5\n|\n|t:|1699575162\n|switch|p1a: Not Zoroark|Ditto|100\/100\n|-transform|p1a: Not Zoroark|p2a: Iron Bundle|[from] ability: Imposter\n|move|p2a: Iron Bundle|Ice Beam|p1a: Not Zoroark\n|-resisted|p1a: Not Zoroark\n|-damage|p1a: Not Zoroark|91\/100\n|-enditem|p1a: Not Zoroark|Red Card|[of] p2a: Iron Bundle\n|-end|p2a: Iron Bundle|Quark Drive|[silent]\n|drag|p2a: Iron Valiant|Iron Valiant|100\/100\n|-enditem|p2a: Iron Valiant|Booster Energy\n|-activate|p2a: Iron Valiant|ability: Quark Drive|[fromitem]\n|-start|p2a: Iron Valiant|quarkdrivespe\n|\n|-weather|none\n|upkeep\n|turn|6\n|\n|t:|1699575177\n|move|p2a: Iron Valiant|Close Combat|p1a: Not Zoroark\n|-supereffective|p1a: Not Zoroark\n|-damage|p1a: Not Zoroark|22\/100\n|-unboost|p2a: Iron Valiant|def|1\n|-unboost|p2a: Iron Valiant|spd|1\n|move|p1a: Not Zoroark|Hydro Pump|p2a: Iron Valiant\n|-damage|p2a: Iron Valiant|26\/100\n|\n|-sideend|p1: Steeltachi|move: Aurora Veil\n|-sideend|p2: AegisArmy|move: Aurora Veil\n|upkeep\n|turn|7\n|\n|t:|1699575189\n|-end|p1a: Not Zoroark|Quark Drive|[silent]\n|switch|p1a: Heracross|Heracross, M|100\/100\n|move|p2a: Iron Valiant|Close Combat|p1a: Heracross\n|-immune|p1a: Heracross\n|\n|upkeep\n|turn|8\n|\n|t:|1699575212\n|move|p2a: Iron Valiant|Spirit Break|p1a: Heracross\n|-damage|p1a: Heracross|18\/100\n|-unboost|p1a: Heracross|spa|1\n|replace|p1a: Also Not Zoroark|Zoroark-Hisui, F\n|-end|p1a: Also Not Zoroark|Illusion\n|move|p1a: Also Not Zoroark|Shadow Ball|p2a: Iron Valiant\n|-damage|p2a: Iron Valiant|0 fnt\n|faint|p2a: Iron Valiant\n|-end|p2a: Iron Valiant|Quark Drive|[silent]\n|-damage|p1a: Also Not Zoroark|8\/100|[from] item: Life Orb\n|\n|upkeep\n|\n|t:|1699575228\n|switch|p2a: Iron Bundle|Iron Bundle|57\/100\n|turn|9\n|\n|t:|1699575234\n|move|p2a: Iron Bundle|Ice Beam|p1a: Also Not Zoroark\n|-damage|p1a: Also Not Zoroark|0 fnt\n|faint|p1a: Also Not Zoroark\n|\n|upkeep\n|\n|t:|1699575247\n|switch|p1a: Ursaluna|Ursaluna-Bloodmoon, M|100\/100\n|turn|10\n|\n|t:|1699575252\n|-terastallize|p1a: Ursaluna|Fighting\n|move|p1a: Ursaluna|Vacuum Wave|p2a: Iron Bundle\n|-supereffective|p2a: Iron Bundle\n|-damage|p2a: Iron Bundle|0 fnt\n|faint|p2a: Iron Bundle\n|-end|p2a: Iron Bundle|Quark Drive|[silent]\n|\n|upkeep\n|\n|t:|1699575259\n|switch|p2a: Iron Leaves|Iron Leaves|100\/100\n|-enditem|p2a: Iron Leaves|Booster Energy\n|-activate|p2a: Iron Leaves|ability: Quark Drive|[fromitem]\n|-start|p2a: Iron Leaves|quarkdriveatk\n|turn|11\n|\n|t:|1699575264\n|switch|p1a: Heracross|Heracross, M|100\/100\n|move|p2a: Iron Leaves|Psyblade|p1a: Heracross\n|-immune|p1a: Heracross\n|\n|upkeep\n|turn|12\n|\n|t:|1699575275\n|move|p1a: Heracross|Knock Off|p2a: Iron Leaves\n|-supereffective|p2a: Iron Leaves\n|-damage|p2a: Iron Leaves|29\/100\n|move|p2a: Iron Leaves|Brick Break|p1a: Heracross\n|-supereffective|p1a: Heracross\n|-crit|p1a: Heracross\n|-damage|p1a: Heracross|0 fnt\n|replace|p1a: OUR|Zoroark, M\n|-end|p1a: OUR|Illusion\n|faint|p1a: OUR\n|\n|upkeep\n|\n|t:|1699575288\n|switch|p1a: Mew|Mew|100\/100\n|turn|13\n|\n|t:|1699575293\n|move|p1a: Mew|Ice Beam|p2a: Iron Leaves\n|-supereffective|p2a: Iron Leaves\n|-damage|p2a: Iron Leaves|0 fnt\n|faint|p2a: Iron Leaves\n|-end|p2a: Iron Leaves|Quark Drive|[silent]\n|\n|upkeep\n|\n|t:|1699575305\n|switch|p2a: Iron Moth|Iron Moth|100\/100\n|-enditem|p2a: Iron Moth|Booster Energy\n|-activate|p2a: Iron Moth|ability: Quark Drive|[fromitem]\n|-start|p2a: Iron Moth|quarkdrivespa\n|turn|14\n|\n|t:|1699575312\n|switch|p1a: Not Zoroark|Ditto|22\/100\n|-transform|p1a: Not Zoroark|p2a: Iron Moth|[from] ability: Imposter\n|-terastallize|p2a: Iron Moth|Bug\n|move|p2a: Iron Moth|Bug Buzz|p1a: Not Zoroark\n|-resisted|p1a: Not Zoroark\n|-damage|p1a: Not Zoroark|6\/100\n|\n|upkeep\n|turn|15\n|\n|t:|1699575322\n|move|p2a: Iron Moth|Discharge|p1a: Not Zoroark\n|-damage|p1a: Not Zoroark|0 fnt\n|faint|p1a: Not Zoroark\n|-end|p1a: Not Zoroark|Quark Drive|[silent]\n|\n|upkeep\n|\n|t:|1699575332\n|switch|p1a: Heracross|Heracross, M|44\/100\n|turn|16\n|\n|t:|1699575339\n|move|p2a: Iron Moth|Fiery Dance|p1a: Heracross\n|-supereffective|p1a: Heracross\n|-damage|p1a: Heracross|0 fnt\n|faint|p1a: Heracross\n|\n|upkeep\n|\n|t:|1699575349\n|switch|p1a: Ursaluna|Ursaluna-Bloodmoon, M, tera:Fighting|100\/100\n|turn|17\n|\n|t:|1699575355\n|move|p2a: Iron Moth|Fiery Dance|p1a: Ursaluna\n|-damage|p1a: Ursaluna|40\/100\n|-boost|p2a: Iron Moth|spa|1\n|move|p1a: Ursaluna|Earth Power|p2a: Iron Moth\n|-resisted|p2a: Iron Moth\n|-damage|p2a: Iron Moth|73\/100\n|-unboost|p2a: Iron Moth|spd|1\n|\n|-heal|p1a: Ursaluna|46\/100|[from] item: Leftovers\n|upkeep\n|turn|18\n|\n|t:|1699575364\n|move|p1a: Ursaluna|Vacuum Wave|p2a: Iron Moth\n|-resisted|p2a: Iron Moth\n|-damage|p2a: Iron Moth|54\/100\n|move|p2a: Iron Moth|Fiery Dance|p1a: Ursaluna\n|-damage|p1a: Ursaluna|0 fnt\n|-boost|p2a: Iron Moth|spa|1\n|faint|p1a: Ursaluna\n|\n|upkeep\n|\n|t:|1699575373\n|switch|p1a: Mew|Mew|100\/100\n|turn|19\n|\n|t:|1699575377\n|move|p1a: Mew|Transform|p2a: Iron Moth\n|-transform|p1a: Mew|p2a: Iron Moth\n|move|p2a: Iron Moth|Bug Buzz|p1a: Mew\n|-resisted|p1a: Mew\n|-damage|p1a: Mew|62\/100\n|\n|upkeep\n|-start|p1a: Mew|typechange|Fire\/Poison|[silent]\n|turn|20\n|\n|t:|1699575385\n|move|p1a: Mew|Fiery Dance|p2a: Iron Moth\n|-supereffective|p2a: Iron Moth\n|-damage|p2a: Iron Moth|0 fnt\n|faint|p2a: Iron Moth\n|-end|p2a: Iron Moth|Quark Drive|[silent]\n|\n|upkeep\n|\n|t:|1699575390\n|switch|p2a: Iron Thorns|Iron Thorns|100\/100\n|-enditem|p2a: Iron Thorns|Booster Energy\n|-activate|p2a: Iron Thorns|ability: Quark Drive|[fromitem]\n|-start|p2a: Iron Thorns|quarkdrivedef\n|turn|21\n|\n|t:|1699575397\n|move|p1a: Mew|Fiery Dance|p2a: Iron Thorns\n|-resisted|p2a: Iron Thorns\n|-crit|p2a: Iron Thorns\n|-damage|p2a: Iron Thorns|15\/100\n|-boost|p1a: Mew|spa|1\n|move|p2a: Iron Thorns|Stone Edge|p1a: Mew|[miss]\n|-miss|p2a: Iron Thorns|p1a: Mew\n|\n|upkeep\n|turn|22\n|\n|t:|1699575405\n|move|p1a: Mew|Fiery Dance|p2a: Iron Thorns\n|-resisted|p2a: Iron Thorns\n|-damage|p2a: Iron Thorns|0 fnt\n|-boost|p1a: Mew|spa|1\n|faint|p2a: Iron Thorns\n|-end|p2a: Iron Thorns|Quark Drive|[silent]\n|\n|upkeep\n|\n|t:|1699575411\n|switch|p2a: Iron Hands|Iron Hands|100\/100\n|-enditem|p2a: Iron Hands|Booster Energy\n|-activate|p2a: Iron Hands|ability: Quark Drive|[fromitem]\n|-start|p2a: Iron Hands|quarkdriveatk\n|turn|23\n|\n|t:|1699575419\n|move|p1a: Mew|Fiery Dance|p2a: Iron Hands\n|-damage|p2a: Iron Hands|0 fnt\n|faint|p2a: Iron Hands\n|-end|p2a: Iron Hands|Quark Drive|[silent]\n|\n|win|Steeltachi\n|raw|Steeltachi's rating: 1211 &rarr; <strong>1245<\/strong><br \/>(+34 for winning)\n|raw|AegisArmy's rating: 1348 &rarr; <strong>1320<\/strong><br \/>(-28 for losing)\n|l|\u2606AegisArmy\n","uploadtime":1699575434,"views":4,"p1id":"steeltachi","p2id":"aegisarmy","formatid":"gen9anythinggoes","rating":1245,"private":0,"password":""}