{"id":"gen9anythinggoes-1976018564","p1":"Nrox","p2":"dave1200","format":"[Gen 9] Anything Goes","log":"|j|\u2606Nrox\n|j|\u2606dave1200\n|t:|1698256952\n|gametype|singles\n|player|p1|Nrox|n|\n|player|p2|dave1200|265|\n|teamsize|p1|6\n|teamsize|p2|6\n|gen|9\n|tier|[Gen 9] Anything Goes\n|rule|HP Percentage Mod: HP is shown in percentages\n|rule|Endless Battle Clause: Forcing endless battles is banned\n|clearpoke\n|poke|p1|Ditto|\n|poke|p1|Volcanion|\n|poke|p1|Donphan, M|\n|poke|p1|Clefable, M|\n|poke|p1|Garganacl, F|\n|poke|p1|Ceruledge, F|\n|poke|p2|Infernape, M|\n|poke|p2|Gardevoir, M|\n|poke|p2|Weezing, F|\n|poke|p2|Iron Treads|\n|poke|p2|Greninja-*, M|\n|poke|p2|Goodra, F|\n|teampreview\n|c|\u2606dave1200|hf\n|\n|t:|1698257039\n|start\n|switch|p1a: Donphan|Donphan, M|100\/100\n|switch|p2a: Gardevoir|Gardevoir, M|100\/100\n|-ability|p2a: Gardevoir|Sturdy|[from] ability: Trace|[of] p1a: Donphan\n|turn|1\n|c|\u2606Nrox|gl hf\n|\n|t:|1698257065\n|move|p2a: Gardevoir|Moonblast|p1a: Donphan\n|-ability|p1a: Donphan|Sturdy\n|-damage|p1a: Donphan|1\/100\n|-unboost|p1a: Donphan|spa|1\n|move|p1a: Donphan|Stealth Rock|p2a: Gardevoir\n|-sidestart|p2: dave1200|move: Stealth Rock\n|\n|upkeep\n|turn|2\n|\n|t:|1698257079\n|move|p2a: Gardevoir|Moonblast|p1a: Donphan\n|-damage|p1a: Donphan|0 fnt\n|faint|p1a: Donphan\n|\n|upkeep\n|\n|t:|1698257100\n|switch|p1a: Garganacl|Garganacl, F|100\/100\n|turn|3\n|\n|t:|1698257107\n|move|p2a: Gardevoir|Moonblast|p1a: Garganacl\n|-damage|p1a: Garganacl|49\/100\n|-unboost|p1a: Garganacl|spa|1\n|move|p1a: Garganacl|Salt Cure|p2a: Gardevoir\n|-damage|p2a: Gardevoir|75\/100\n|-start|p2a: Gardevoir|Salt Cure\n|\n|-heal|p1a: Garganacl|55\/100|[from] item: Leftovers\n|-damage|p2a: Gardevoir|63\/100|[from] Salt Cure\n|upkeep\n|turn|4\n|\n|t:|1698257120\n|switch|p2a: Iron Treads|Iron Treads|100\/100\n|-damage|p2a: Iron Treads|97\/100|[from] Stealth Rock\n|move|p1a: Garganacl|Recover|p1a: Garganacl\n|-heal|p1a: Garganacl|100\/100\n|\n|upkeep\n|turn|5\n|\n|t:|1698257138\n|move|p2a: Iron Treads|Rapid Spin|p1a: Garganacl\n|-resisted|p1a: Garganacl\n|-damage|p1a: Garganacl|95\/100\n|-boost|p2a: Iron Treads|spe|1\n|-sideend|p2: dave1200|Stealth Rock|[from] move: Rapid Spin|[of] p2a: Iron Treads\n|move|p1a: Garganacl|Salt Cure|p2a: Iron Treads\n|-resisted|p2a: Iron Treads\n|-damage|p2a: Iron Treads|95\/100\n|-start|p2a: Iron Treads|Salt Cure\n|\n|-heal|p1a: Garganacl|100\/100|[from] item: Leftovers\n|-damage|p2a: Iron Treads|70\/100|[from] Salt Cure\n|upkeep\n|turn|6\n|\n|t:|1698257150\n|move|p2a: Iron Treads|Earthquake|p1a: Garganacl\n|-supereffective|p1a: Garganacl\n|-damage|p1a: Garganacl|39\/100\n|move|p1a: Garganacl|Iron Defense|p1a: Garganacl\n|-boost|p1a: Garganacl|def|2\n|\n|-heal|p1a: Garganacl|45\/100|[from] item: Leftovers\n|-damage|p2a: Iron Treads|45\/100|[from] Salt Cure\n|upkeep\n|turn|7\n|\n|t:|1698257159\n|-end|p2a: Iron Treads|Quark Drive|[silent]\n|switch|p2a: Gardevoir|Gardevoir, M|63\/100\n|-ability|p2a: Gardevoir|Purifying Salt|[from] ability: Trace|[of] p1a: Garganacl\n|move|p1a: Garganacl|Recover|p1a: Garganacl\n|-heal|p1a: Garganacl|95\/100\n|\n|-heal|p1a: Garganacl|100\/100|[from] item: Leftovers\n|upkeep\n|turn|8\n|\n|t:|1698257170\n|move|p2a: Gardevoir|Energy Ball|p1a: Garganacl\n|-supereffective|p1a: Garganacl\n|-damage|p1a: Garganacl|34\/100\n|move|p1a: Garganacl|Salt Cure|p2a: Gardevoir\n|-damage|p2a: Gardevoir|39\/100\n|-start|p2a: Gardevoir|Salt Cure\n|\n|-heal|p1a: Garganacl|40\/100|[from] item: Leftovers\n|-damage|p2a: Gardevoir|27\/100|[from] Salt Cure\n|upkeep\n|turn|9\n|\n|t:|1698257181\n|switch|p1a: Volcanion|Volcanion|100\/100\n|move|p2a: Gardevoir|Energy Ball|p1a: Volcanion\n|-damage|p1a: Volcanion|70\/100\n|\n|-damage|p2a: Gardevoir|15\/100|[from] Salt Cure\n|upkeep\n|turn|10\n|\n|t:|1698257203\n|switch|p2a: Goodra|Goodra, F|100\/100\n|move|p1a: Volcanion|Steam Eruption|p2a: Goodra\n|-resisted|p2a: Goodra\n|-damage|p2a: Goodra|90\/100\n|-status|p2a: Goodra|brn\n|\n|-damage|p2a: Goodra|83\/100 brn|[from] brn\n|upkeep\n|turn|11\n|\n|t:|1698257246\n|switch|p1a: Clefable|Clefable, M|100\/100\n|move|p2a: Goodra|Thunderbolt|p1a: Clefable\n|-damage|p1a: Clefable|75\/100\n|\n|-damage|p2a: Goodra|77\/100 brn|[from] brn\n|upkeep\n|turn|12\n|\n|t:|1698257254\n|-terastallize|p2a: Goodra|Water\n|move|p2a: Goodra|Sludge Bomb|p1a: Clefable\n|-supereffective|p1a: Clefable\n|-damage|p1a: Clefable|24\/100\n|move|p1a: Clefable|Calm Mind|p1a: Clefable\n|-boost|p1a: Clefable|spa|1\n|-boost|p1a: Clefable|spd|1\n|\n|-damage|p2a: Goodra|71\/100 brn|[from] brn\n|upkeep\n|turn|13\n|\n|t:|1698257290\n|move|p2a: Goodra|Sludge Bomb|p1a: Clefable\n|-supereffective|p1a: Clefable\n|-damage|p1a: Clefable|0 fnt\n|faint|p1a: Clefable\n|\n|-damage|p2a: Goodra|65\/100 brn|[from] brn\n|upkeep\n|\n|t:|1698257304\n|switch|p1a: Ceruledge|Ceruledge, F, shiny|100\/100\n|turn|14\n|\n|t:|1698257309\n|move|p1a: Ceruledge|Swords Dance|p1a: Ceruledge\n|-boost|p1a: Ceruledge|atk|2\n|move|p2a: Goodra|Scald|p1a: Ceruledge\n|-supereffective|p1a: Ceruledge\n|-damage|p1a: Ceruledge|20\/100\n|\n|-damage|p2a: Goodra|58\/100 brn|[from] brn\n|upkeep\n|turn|15\n|\n|t:|1698257351\n|switch|p2a: Weezing|Weezing, F, shiny|100\/100\n|move|p1a: Ceruledge|Close Combat|p2a: Weezing\n|-resisted|p2a: Weezing\n|-damage|p2a: Weezing|75\/100\n|-unboost|p1a: Ceruledge|def|1\n|-unboost|p1a: Ceruledge|spd|1\n|\n|-heal|p2a: Weezing|81\/100|[from] item: Black Sludge\n|upkeep\n|turn|16\n|\n|t:|1698257363\n|move|p1a: Ceruledge|Destiny Bond|p1a: Ceruledge\n|-singlemove|p1a: Ceruledge|Destiny Bond\n|move|p2a: Weezing|Sludge Bomb|p1a: Ceruledge\n|-resisted|p1a: Ceruledge\n|-damage|p1a: Ceruledge|0 fnt\n|faint|p1a: Ceruledge\n|-activate|p1a: Ceruledge|move: Destiny Bond\n|faint|p2a: Weezing\n|\n|upkeep\n|\n|t:|1698257387\n|switch|p1a: Ditto|Ditto|100\/100\n|switch|p2a: Gardevoir|Gardevoir, M|15\/100\n|-transform|p1a: Ditto|p2a: Gardevoir|[from] ability: Imposter\n|turn|17\n|\n|t:|1698257409\n|switch|p2a: Goodra|Goodra, F, tera:Water|58\/100 brn\n|-ability|p1a: Ditto|Sap Sipper|[from] ability: Trace|[of] p2a: Goodra\n|move|p1a: Ditto|Moonblast|p2a: Goodra\n|-damage|p2a: Goodra|39\/100 brn\n|\n|-damage|p2a: Goodra|32\/100 brn|[from] brn\n|upkeep\n|turn|18\n|\n|t:|1698257423\n|switch|p1a: Volcanion|Volcanion|70\/100\n|move|p2a: Goodra|Sludge Bomb|p1a: Volcanion\n|-damage|p1a: Volcanion|53\/100\n|\n|-damage|p2a: Goodra|26\/100 brn|[from] brn\n|upkeep\n|turn|19\n|\n|t:|1698257432\n|move|p2a: Goodra|Thunderbolt|p1a: Volcanion\n|-supereffective|p1a: Volcanion\n|-damage|p1a: Volcanion|15\/100\n|move|p1a: Volcanion|Earth Power|p2a: Goodra\n|-damage|p2a: Goodra|14\/100 brn\n|\n|-damage|p2a: Goodra|8\/100 brn|[from] brn\n|upkeep\n|turn|20\n|\n|t:|1698257439\n|move|p2a: Goodra|Thunderbolt|p1a: Volcanion\n|-supereffective|p1a: Volcanion\n|-damage|p1a: Volcanion|0 fnt\n|faint|p1a: Volcanion\n|\n|-damage|p2a: Goodra|1\/100 brn|[from] brn\n|upkeep\n|\n|t:|1698257444\n|switch|p1a: Garganacl|Garganacl, F|40\/100\n|turn|21\n|\n|t:|1698257457\n|move|p2a: Goodra|Scald|p1a: Garganacl\n|-supereffective|p1a: Garganacl\n|-damage|p1a: Garganacl|0 fnt\n|faint|p1a: Garganacl\n|\n|-damage|p2a: Goodra|0 fnt|[from] brn\n|faint|p2a: Goodra\n|upkeep\n|\n|t:|1698257482\n|switch|p2a: Greninja|Greninja, M|100\/100\n|switch|p1a: Ditto|Ditto|100\/100\n|-transform|p1a: Ditto|p2a: Greninja|[from] ability: Imposter\n|turn|22\n|\n|t:|1698257505\n|move|p1a: Ditto|Surf|p2a: Greninja\n|-resisted|p2a: Greninja\n|-damage|p2a: Greninja|68\/100\n|move|p2a: Greninja|Surf|p1a: Ditto\n|-resisted|p1a: Ditto\n|-damage|p1a: Ditto|70\/100\n|\n|upkeep\n|turn|23\n|\n|t:|1698257512\n|move|p1a: Ditto|Surf|p2a: Greninja\n|-resisted|p2a: Greninja\n|-damage|p2a: Greninja|34\/100\n|move|p2a: Greninja|Surf|p1a: Ditto\n|-resisted|p1a: Ditto\n|-damage|p1a: Ditto|39\/100\n|\n|upkeep\n|turn|24\n|\n|t:|1698257519\n|move|p1a: Ditto|Surf|p2a: Greninja\n|-resisted|p2a: Greninja\n|-damage|p2a: Greninja|0 fnt\n|faint|p2a: Greninja\n|\n|upkeep\n|\n|t:|1698257523\n|switch|p2a: Infernape|Infernape, M|100\/100\n|turn|25\n|\n|t:|1698257528\n|move|p2a: Infernape|Mach Punch|p1a: Ditto\n|-supereffective|p1a: Ditto\n|-damage|p1a: Ditto|0 fnt\n|faint|p1a: Ditto\n|\n|win|dave1200\n|c|\u2606Nrox|GG!\n|c|\u2606dave1200|gg\n","uploadtime":1698257543,"views":27,"p1id":"nrox","p2id":"dave1200","formatid":"gen9anythinggoes","rating":0,"private":0,"password":""}