{"id":"gen9anythinggoes-1987700193","p1":"TXEBXXGEYMXN","p2":"goofyboi99","format":"[Gen 9] Anything Goes","log":"|j|\u2606TXEBXXGEYMXN\n|j|\u2606goofyboi99\n|t:|1699628935\n|gametype|singles\n|player|p1|TXEBXXGEYMXN|veteran|1100\n|player|p2|goofyboi99|brycen|1115\n|teamsize|p1|6\n|teamsize|p2|6\n|gen|9\n|tier|[Gen 9] Anything Goes\n|rated|\n|rule|HP Percentage Mod: HP is shown in percentages\n|rule|Endless Battle Clause: Forcing endless battles is banned\n|clearpoke\n|poke|p1|Calyrex-Shadow|\n|poke|p1|Ogerpon-Hearthflame, F|\n|poke|p1|Zacian-*|\n|poke|p1|Baxcalibur, M|\n|poke|p1|Regieleki|\n|poke|p1|Darkrai|\n|poke|p2|Eiscue, M|\n|poke|p2|Gliscor, M|\n|poke|p2|Overqwil, M|\n|poke|p2|Ambipom, F|\n|poke|p2|Oricorio, F|\n|poke|p2|Gallade, M|\n|teampreview\n|inactive|Battle timer is ON: inactive players will automatically lose when time's up. (requested by TXEBXXGEYMXN)\n|c|\u2606goofyboi99|man\n|c|\u2606TXEBXXGEYMXN|wsp\n|\n|t:|1699628949\n|start\n|switch|p1a: GO TO EEP|Darkrai|100\/100\n|switch|p2a: Ambipom|Ambipom, F|100\/100\n|turn|1\n|\n|t:|1699628956\n|move|p1a: GO TO EEP|Hypnosis|p2a: Ambipom|[miss]\n|-miss|p1a: GO TO EEP|p2a: Ambipom\n|move|p2a: Ambipom|U-turn|p1a: GO TO EEP\n|-supereffective|p1a: GO TO EEP\n|-damage|p1a: GO TO EEP|46\/100\n|\n|t:|1699628961\n|switch|p2a: Overqwil|Overqwil, M|100\/100|[from] U-turn\n|-ability|p2a: Overqwil|Intimidate|boost\n|-unboost|p1a: GO TO EEP|atk|1\n|\n|upkeep\n|turn|2\n|c|\u2606TXEBXXGEYMXN|ofc it missed my god bruh\n|\n|t:|1699628971\n|move|p1a: GO TO EEP|Hypnosis|p2a: Overqwil\n|-status|p2a: Overqwil|slp|[from] move: Hypnosis\n|cant|p2a: Overqwil|slp\n|\n|-damage|p2a: Overqwil|88\/100 slp|[from] ability: Bad Dreams|[of] p1a: GO TO EEP\n|upkeep\n|turn|3\n|\n|t:|1699628981\n|move|p1a: GO TO EEP|Icy Wind|p2a: Overqwil\n|-damage|p2a: Overqwil|64\/100 slp\n|-unboost|p2a: Overqwil|spe|1\n|cant|p2a: Overqwil|slp\n|\n|-heal|p2a: Overqwil|70\/100 slp|[from] item: Leftovers\n|-damage|p2a: Overqwil|57\/100 slp|[from] ability: Bad Dreams|[of] p1a: GO TO EEP\n|upkeep\n|turn|4\n|\n|t:|1699628993\n|move|p1a: GO TO EEP|Hex|p2a: Overqwil\n|-resisted|p2a: Overqwil\n|-damage|p2a: Overqwil|28\/100 slp\n|cant|p2a: Overqwil|slp\n|\n|-heal|p2a: Overqwil|34\/100 slp|[from] item: Leftovers\n|-damage|p2a: Overqwil|22\/100 slp|[from] ability: Bad Dreams|[of] p1a: GO TO EEP\n|upkeep\n|turn|5\n|\n|t:|1699629000\n|move|p1a: GO TO EEP|Dark Pulse|p2a: Overqwil\n|-resisted|p2a: Overqwil\n|-damage|p2a: Overqwil|0 fnt\n|faint|p2a: Overqwil\n|\n|upkeep\n|c|\u2606goofyboi99|!weak darkrai\n|c| goofyboi99|\/raw <div class=\"infobox\">Darkrai (ignoring abilities):<br \/><span class=\"message-effect-weak\">Weaknesses<\/span>: Bug, Fairy, Fighting<br \/><span class=\"message-effect-resist\">Resistances<\/span>: Dark, Ghost<br \/><span class=\"message-effect-immune\">Immunities<\/span>: Psychic, Prankster<\/div>\n|\n|t:|1699629010\n|switch|p2a: Gallade|Gallade, M|100\/100\n|turn|6\n|\n|t:|1699629016\n|move|p1a: GO TO EEP|Hypnosis|p2a: Gallade\n|-status|p2a: Gallade|slp|[from] move: Hypnosis\n|cant|p2a: Gallade|slp\n|\n|-damage|p2a: Gallade|88\/100 slp|[from] ability: Bad Dreams|[of] p1a: GO TO EEP\n|upkeep\n|turn|7\n|\n|t:|1699629022\n|move|p1a: GO TO EEP|Dark Pulse|p2a: Gallade\n|-damage|p2a: Gallade|56\/100 slp\n|cant|p2a: Gallade|slp\n|\n|-damage|p2a: Gallade|44\/100 slp|[from] ability: Bad Dreams|[of] p1a: GO TO EEP\n|upkeep\n|turn|8\n|c|\u2606TXEBXXGEYMXN|BRO WHAT?\n|c|\u2606TXEBXXGEYMXN|your a pychic type you should be dead\n|\n|t:|1699629051\n|move|p1a: GO TO EEP|Dark Pulse|p2a: Gallade\n|-damage|p2a: Gallade|15\/100 slp\n|-curestatus|p2a: Gallade|slp|[msg]\n|move|p2a: Gallade|Drain Punch|p1a: GO TO EEP\n|-supereffective|p1a: GO TO EEP\n|-damage|p1a: GO TO EEP|0 fnt\n|-heal|p2a: Gallade|38\/100|[from] drain|[of] p1a: GO TO EEP\n|faint|p1a: GO TO EEP\n|\n|upkeep\n|c|\u2606goofyboi99|psychic fighting\n|inactive|TXEBXXGEYMXN has 120 seconds left.\n|c|\u2606TXEBXXGEYMXN|still......\n|c|\u2606goofyboi99|!weak Gallade\n|c| goofyboi99|\/raw <div class=\"infobox\">Gallade (ignoring abilities):<br \/><span class=\"message-effect-weak\">Weaknesses<\/span>: Fairy, Flying, Ghost<br \/><span class=\"message-effect-resist\">Resistances<\/span>: Fighting, Rock<br \/><span class=\"message-effect-immune\">Immunities<\/span>: <font color=#999999>None<\/font><\/div>\n|c|\u2606TXEBXXGEYMXN|psychic is your primary type\n|c|\u2606goofyboi99|and fighting is my secondary\n|c|\u2606goofyboi99|whats your point?\n|inactive|TXEBXXGEYMXN has 90 seconds left.\n|c|\u2606goofyboi99|secondary types still count resistances\n|c|\u2606TXEBXXGEYMXN|psychic moves should be affected against a dark type move\n|\n|t:|1699629114\n|switch|p1a: AUTISTIC BUTTFLAKE|Ogerpon-Hearthflame, F|100\/100\n|-ability|p1a: AUTISTIC BUTTFLAKE|Mold Breaker\n|turn|9\n|\n|t:|1699629127\n|move|p1a: AUTISTIC BUTTFLAKE|Horn Leech|p2a: Gallade\n|-damage|p2a: Gallade|0 fnt\n|faint|p2a: Gallade\n|\n|upkeep\n|\n|t:|1699629133\n|switch|p2a: Ambipom|Ambipom, F|100\/100\n|turn|10\n|inactive|TXEBXXGEYMXN has 90 seconds left.\n|\n|t:|1699629138\n|-terastallize|p1a: AUTISTIC BUTTFLAKE|Fire\n|detailschange|p1a: AUTISTIC BUTTFLAKE|Ogerpon-Hearthflame-Tera, F, tera:Fire\n|-ability|p1a: AUTISTIC BUTTFLAKE|Embody Aspect (Hearthflame)|boost\n|-boost|p1a: AUTISTIC BUTTFLAKE|atk|1\n|move|p2a: Ambipom|Fake Out|p1a: AUTISTIC BUTTFLAKE\n|-damage|p1a: AUTISTIC BUTTFLAKE|55\/100\n|cant|p1a: AUTISTIC BUTTFLAKE|flinch\n|\n|upkeep\n|turn|11\n|\n|t:|1699629147\n|move|p1a: AUTISTIC BUTTFLAKE|Ivy Cudgel|p2a: Ambipom\n|-damage|p2a: Ambipom|0 fnt\n|faint|p2a: Ambipom\n|\n|upkeep\n|\n|t:|1699629152\n|switch|p2a: Gliscor|Gliscor, M|100\/100\n|turn|12\n|\n|t:|1699629160\n|move|p1a: AUTISTIC BUTTFLAKE|Horn Leech|p2a: Gliscor\n|-damage|p2a: Gliscor|44\/100\n|-heal|p1a: AUTISTIC BUTTFLAKE|82\/100|[from] drain|[of] p2a: Gliscor\n|move|p2a: Gliscor|Earthquake|p1a: AUTISTIC BUTTFLAKE\n|-supereffective|p1a: AUTISTIC BUTTFLAKE\n|-damage|p1a: AUTISTIC BUTTFLAKE|0 fnt\n|faint|p1a: AUTISTIC BUTTFLAKE\n|\n|-status|p2a: Gliscor|tox|[from] item: Toxic Orb\n|upkeep\n|\n|t:|1699629175\n|switch|p1a: ITS GODZILLAAA|Baxcalibur, M|100\/100\n|turn|13\n|\n|t:|1699629180\n|move|p2a: Gliscor|Toxic|p1a: ITS GODZILLAAA|[miss]\n|-miss|p2a: Gliscor|p1a: ITS GODZILLAAA\n|move|p1a: ITS GODZILLAAA|Icicle Spear|p2a: Gliscor\n|-supereffective|p2a: Gliscor\n|-damage|p2a: Gliscor|0 fnt\n|faint|p2a: Gliscor\n|-hitcount|p2: Gliscor|1\n|\n|upkeep\n|\n|t:|1699629187\n|switch|p2a: Oricorio|Oricorio, F, shiny|100\/100\n|turn|14\n|inactive|TXEBXXGEYMXN has 120 seconds left.\n|\n|t:|1699629197\n|move|p2a: Oricorio|Quiver Dance|p2a: Oricorio\n|-boost|p2a: Oricorio|spa|1\n|-boost|p2a: Oricorio|spd|1\n|-boost|p2a: Oricorio|spe|1\n|move|p1a: ITS GODZILLAAA|Dragon Dance|p1a: ITS GODZILLAAA\n|-boost|p1a: ITS GODZILLAAA|atk|1\n|-boost|p1a: ITS GODZILLAAA|spe|1\n|-activate|p2a: Oricorio|ability: Dancer\n|move|p2a: Oricorio|Dragon Dance|p2a: Oricorio|[from]ability: Dancer\n|-boost|p2a: Oricorio|atk|1\n|-boost|p2a: Oricorio|spe|1\n|\n|upkeep\n|turn|15\n|inactive|TXEBXXGEYMXN has 120 seconds left.\n|\n|t:|1699629209\n|move|p2a: Oricorio|Quiver Dance|p2a: Oricorio\n|-boost|p2a: Oricorio|spa|1\n|-boost|p2a: Oricorio|spd|1\n|-boost|p2a: Oricorio|spe|1\n|move|p1a: ITS GODZILLAAA|Scale Shot|p2a: Oricorio\n|-crit|p2a: Oricorio\n|-damage|p2a: Oricorio|43\/100\n|-damage|p2a: Oricorio|5\/100\n|-damage|p2a: Oricorio|0 fnt\n|faint|p2a: Oricorio\n|-hitcount|p2: Oricorio|3\n|-unboost|p1a: ITS GODZILLAAA|def|1\n|-boost|p1a: ITS GODZILLAAA|spe|1\n|\n|upkeep\n|\n|t:|1699629221\n|switch|p2a: Eiscue|Eiscue, M, shiny|100\/100\n|turn|16\n|-activate|p2a: Eiscue|item: Quick Claw\n|\n|t:|1699629231\n|move|p2a: Eiscue|Belly Drum|p2a: Eiscue\n|-damage|p2a: Eiscue|50\/100\n|-setboost|p2a: Eiscue|atk|6|[from] move: Belly Drum\n|move|p1a: ITS GODZILLAAA|Scale Shot|p2a: Eiscue\n|-activate|p2a: Eiscue|ability: Ice Face\n|-damage|p2a: Eiscue|50\/100\n|detailschange|p2a: Eiscue|Eiscue-Noice, M, shiny\n|-damage|p2a: Eiscue|11\/100\n|-damage|p2a: Eiscue|0 fnt\n|faint|p2a: Eiscue\n|-hitcount|p2: Eiscue|3\n|\n|win|TXEBXXGEYMXN\n|raw|TXEBXXGEYMXN's rating: 1100 &rarr; <strong>1126<\/strong><br \/>(+26 for winning)\n|raw|goofyboi99's rating: 1115 &rarr; <strong>1089<\/strong><br \/>(-26 for losing)\n","uploadtime":1699629048,"views":4,"p1id":"txebxxgeymxn","p2id":"goofyboi99","formatid":"gen9anythinggoes","rating":1089,"private":0,"password":""}