{"id":"gen9anythinggoes-1984898040","p1":"NTW9891","p2":"gfdfdgsdsy","format":"[Gen 9] Anything Goes","log":"|j|\u2606NTW9891\n|j|\u2606gfdfdgsdsy\n|t:|1699308726\n|gametype|singles\n|player|p1|NTW9891|kieran|1148\n|player|p2|gfdfdgsdsy|2|1252\n|teamsize|p1|6\n|teamsize|p2|6\n|gen|9\n|tier|[Gen 9] Anything Goes\n|rated|\n|rule|HP Percentage Mod: HP is shown in percentages\n|rule|Endless Battle Clause: Forcing endless battles is banned\n|clearpoke\n|poke|p1|Zoroark-Hisui, M|\n|poke|p1|Zangoose, M|\n|poke|p1|Polteageist|\n|poke|p1|Ceruledge, M|\n|poke|p1|Tinkaton, F|\n|poke|p1|Ursaluna-Bloodmoon, M|\n|poke|p2|Ninetales-Alola, M|\n|poke|p2|Baxcalibur, F|\n|poke|p2|Hattrem, F|\n|poke|p2|Cetitan, M|\n|poke|p2|Slowking-Galar, M|\n|poke|p2|Dialga|\n|teampreview\n|\n|t:|1699308733\n|start\n|switch|p1a: Zangoose|Zangoose, M|100\/100\n|switch|p2a: Slowking|Slowking-Galar, M|100\/100\n|turn|1\n|\n|t:|1699308738\n|move|p1a: Zangoose|Trick|p2a: Slowking\n|-activate|p1a: Zangoose|move: Trick|[of] p2a: Slowking\n|-item|p2a: Slowking|Choice Scarf|[from] move: Trick\n|-item|p1a: Zangoose|Icy Rock|[from] move: Trick\n|move|p2a: Slowking|Chilly Reception|p2a: Slowking\n|-weather|Snow\n|inactive|Battle timer is ON: inactive players will automatically lose when time's up. (requested by NTW9891)\n|\n|t:|1699308753\n|switch|p2a: Baxcalibur|Baxcalibur, F|100\/100|[from] Chilly Reception\n|\n|-weather|Snow|[upkeep]\n|upkeep\n|turn|2\n|\n|t:|1699308763\n|move|p1a: Zangoose|Bitter Malice|p2a: Baxcalibur\n|-damage|p2a: Baxcalibur|61\/100\n|-unboost|p2a: Baxcalibur|atk|1\n|move|p2a: Baxcalibur|Dragon Dance|p2a: Baxcalibur\n|-boost|p2a: Baxcalibur|atk|1\n|-boost|p2a: Baxcalibur|spe|1\n|\n|-weather|Snow|[upkeep]\n|upkeep\n|turn|3\n|\n|t:|1699308765\n|move|p2a: Baxcalibur|Icicle Spear|p1a: Zangoose\n|-damage|p1a: Zangoose|72\/100\n|replace|p1a: Zoroark|Zoroark-Hisui, M, shiny\n|-end|p1a: Zoroark|Illusion\n|-crit|p1a: Zoroark\n|-damage|p1a: Zoroark|25\/100\n|-damage|p1a: Zoroark|0 fnt\n|faint|p1a: Zoroark\n|-hitcount|p1: Zoroark|3\n|\n|-weather|Snow|[upkeep]\n|upkeep\n|\n|t:|1699308770\n|switch|p1a: Tinkaton|Tinkaton, F|100\/100\n|turn|4\n|\n|t:|1699308776\n|switch|p2a: Slowking|Slowking-Galar, M|100\/100\n|move|p1a: Tinkaton|Gigaton Hammer|p2a: Slowking\n|-damage|p2a: Slowking|55\/100\n|\n|-weather|Snow|[upkeep]\n|upkeep\n|turn|5\n|\n|t:|1699308784\n|move|p1a: Tinkaton|Protect|p1a: Tinkaton\n|-singleturn|p1a: Tinkaton|Protect\n|move|p2a: Slowking|Chilly Reception|p2a: Slowking\n|\n|t:|1699308794\n|switch|p2a: Hattrem|Hattrem, F|100\/100|[from] Chilly Reception\n|\n|-weather|none\n|upkeep\n|turn|6\n|\n|t:|1699308798\n|switch|p2a: Dialga|Dialga|100\/100\n|-ability|p2a: Dialga|Pressure\n|move|p1a: Tinkaton|Gigaton Hammer|p2a: Dialga\n|-resisted|p2a: Dialga\n|-damage|p2a: Dialga|72\/100\n|\n|upkeep\n|turn|7\n|\n|t:|1699308806\n|switch|p2a: Slowking|Slowking-Galar, M|88\/100\n|move|p1a: Tinkaton|Protect||[still]\n|-fail|p1a: Tinkaton\n|\n|upkeep\n|turn|8\n|\n|t:|1699308812\n|move|p1a: Tinkaton|Gigaton Hammer|p2a: Slowking\n|-damage|p2a: Slowking|41\/100\n|move|p2a: Slowking|Chilly Reception|p2a: Slowking\n|-weather|Snow\n|\n|t:|1699308816\n|switch|p2a: Cetitan|Cetitan, M|100\/100|[from] Chilly Reception\n|\n|-weather|Snow|[upkeep]\n|upkeep\n|turn|9\n|\n|t:|1699308819\n|move|p1a: Tinkaton|Protect|p1a: Tinkaton\n|-singleturn|p1a: Tinkaton|Protect\n|move|p2a: Cetitan|Belly Drum|p2a: Cetitan\n|-damage|p2a: Cetitan|50\/100\n|-setboost|p2a: Cetitan|atk|6|[from] move: Belly Drum\n|-enditem|p2a: Cetitan|Sitrus Berry|[eat]\n|-heal|p2a: Cetitan|75\/100|[from] item: Sitrus Berry\n|\n|-weather|Snow|[upkeep]\n|upkeep\n|turn|10\n|\n|t:|1699308821\n|move|p2a: Cetitan|Earthquake|p1a: Tinkaton\n|-supereffective|p1a: Tinkaton\n|-damage|p1a: Tinkaton|0 fnt\n|faint|p1a: Tinkaton\n|\n|-weather|Snow|[upkeep]\n|upkeep\n|\n|t:|1699308830\n|switch|p1a: Ceruledge|Ceruledge, M, shiny|100\/100\n|turn|11\n|\n|t:|1699308838\n|-terastallize|p1a: Ceruledge|Water\n|move|p2a: Cetitan|Earthquake|p1a: Ceruledge\n|-damage|p1a: Ceruledge|0 fnt\n|faint|p1a: Ceruledge\n|\n|-weather|Snow|[upkeep]\n|upkeep\n|-message|NTW9891 forfeited.\n|\n|win|gfdfdgsdsy\n|raw|NTW9891's rating: 1148 &rarr; <strong>1130<\/strong><br \/>(-18 for losing)\n|raw|gfdfdgsdsy's rating: 1252 &rarr; <strong>1270<\/strong><br \/>(+18 for winning)\n|l|\u2606NTW9891\n","uploadtime":1699308859,"views":3,"p1id":"ntw9891","p2id":"gfdfdgsdsy","formatid":"gen9anythinggoes","rating":1130,"private":0,"password":""}