{"id":"gen9anythinggoes-1995258416","p1":"rubbisheeric","p2":"gobrightly","format":"[Gen 9] Anything Goes","log":"|j|\u203drubbisheeric\n|j|\u2606gobrightly\n|t:|1700542449\n|gametype|singles\n|player|p1|rubbisheeric|hiker-gen4|1327\n|player|p2|gobrightly|rancher|1315\n|teamsize|p1|6\n|teamsize|p2|6\n|gen|9\n|tier|[Gen 9] Anything Goes\n|rated|\n|rule|HP Percentage Mod: HP is shown in percentages\n|rule|Endless Battle Clause: Forcing endless battles is banned\n|clearpoke\n|poke|p1|Koraidon|\n|poke|p1|Miraidon|\n|poke|p1|Cloyster, M|\n|poke|p1|Zacian-*|\n|poke|p1|Toxapex, M|\n|poke|p1|Calyrex-Shadow|\n|poke|p2|Gastrodon-East, M|\n|poke|p2|Dragapult, F|\n|poke|p2|Weavile, M|\n|poke|p2|Hatterene, F|\n|poke|p2|Urshifu-*, F|\n|poke|p2|Volcarona, F|\n|teampreview\n|inactive|Battle timer is ON: inactive players will automatically lose when time's up. (requested by gobrightly)\n|\n|t:|1700542458\n|start\n|switch|p1a: Cloyster|Cloyster, M|100\/100\n|switch|p2a: Weavile|Weavile, M|100\/100\n|turn|1\n|\n|t:|1700542462\n|move|p2a: Weavile|Fake Out|p1a: Cloyster\n|-damage|p1a: Cloyster|89\/100\n|cant|p1a: Cloyster|flinch\n|\n|upkeep\n|turn|2\n|\n|t:|1700542487\n|switch|p1a: Zacian|Zacian-Crowned|100\/100\n|-ability|p1a: Zacian|Intrepid Sword|boost\n|-boost|p1a: Zacian|atk|1\n|move|p2a: Weavile|Beat Up|p1a: Zacian\n|-resisted|p1a: Zacian\n|-damage|p1a: Zacian|97\/100\n|-resisted|p1a: Zacian\n|-damage|p1a: Zacian|93\/100\n|-resisted|p1a: Zacian\n|-damage|p1a: Zacian|90\/100\n|-resisted|p1a: Zacian\n|-damage|p1a: Zacian|87\/100\n|-resisted|p1a: Zacian\n|-damage|p1a: Zacian|83\/100\n|-resisted|p1a: Zacian\n|-damage|p1a: Zacian|80\/100\n|-hitcount|p1a: Zacian|6\n|\n|upkeep\n|turn|3\n|\n|t:|1700542494\n|switch|p2a: Volcarona|Volcarona, F|100\/100\n|move|p1a: Zacian|Behemoth Blade|p2a: Volcarona\n|-resisted|p2a: Volcarona\n|-damage|p2a: Volcarona|39\/100\n|\n|upkeep\n|turn|4\n|\n|t:|1700542503\n|move|p2a: Volcarona|Fiery Dance|p1a: Zacian\n|-supereffective|p1a: Zacian\n|-damage|p1a: Zacian|6\/100\n|-boost|p2a: Volcarona|spa|1\n|move|p1a: Zacian|Behemoth Blade|p2a: Volcarona\n|-resisted|p2a: Volcarona\n|-damage|p2a: Volcarona|0 fnt\n|faint|p2a: Volcarona\n|\n|upkeep\n|\n|t:|1700542514\n|switch|p2a: Weavile|Weavile, M|100\/100\n|turn|5\n|\n|t:|1700542517\n|move|p2a: Weavile|Fake Out|p1a: Zacian\n|-resisted|p1a: Zacian\n|-damage|p1a: Zacian|0 fnt\n|faint|p1a: Zacian\n|\n|upkeep\n|\n|t:|1700542534\n|switch|p1a: Koraidon|Koraidon|100\/100\n|-weather|SunnyDay|[from] ability: Orichalcum Pulse|[of] p1a: Koraidon\n|-activate|p1a: Koraidon|Orichalcum Pulse|[source]\n|turn|6\n|\n|t:|1700542539\n|switch|p2a: Hatterene|Hatterene, F|100\/100\n|move|p1a: Koraidon|Collision Course|p2a: Hatterene\n|-resisted|p2a: Hatterene\n|-damage|p2a: Hatterene|80\/100\n|\n|-weather|SunnyDay|[upkeep]\n|upkeep\n|turn|7\n|\n|t:|1700542569\n|switch|p1a: Miraidon|Miraidon|100\/100\n|-fieldstart|move: Electric Terrain|[from] ability: Hadron Engine|[of] p1a: Miraidon\n|move|p2a: Hatterene|Nuzzle|p1a: Miraidon\n|-resisted|p1a: Miraidon\n|-damage|p1a: Miraidon|99\/100\n|\n|-weather|SunnyDay|[upkeep]\n|upkeep\n|turn|8\n|\n|t:|1700542575\n|switch|p2a: Gastrodon|Gastrodon-East, M|100\/100\n|move|p1a: Miraidon|Parabolic Charge|p2a: Gastrodon\n|-immune|p2a: Gastrodon\n|\n|-weather|SunnyDay|[upkeep]\n|upkeep\n|turn|9\n|\n|t:|1700542584\n|move|p1a: Miraidon|Parabolic Charge|p2a: Gastrodon\n|-immune|p2a: Gastrodon\n|move|p2a: Gastrodon|Earth Power|p1a: Miraidon\n|-supereffective|p1a: Miraidon\n|-damage|p1a: Miraidon|48\/100\n|\n|-weather|SunnyDay|[upkeep]\n|upkeep\n|turn|10\n|\n|t:|1700542589\n|move|p1a: Miraidon|Dragon Pulse|p2a: Gastrodon\n|-damage|p2a: Gastrodon|59\/100\n|move|p2a: Gastrodon|Earth Power|p1a: Miraidon\n|-supereffective|p1a: Miraidon\n|-damage|p1a: Miraidon|0 fnt\n|faint|p1a: Miraidon\n|\n|-weather|none\n|upkeep\n|\n|t:|1700542596\n|switch|p1a: Toxapex|Toxapex, M|100\/100\n|turn|11\n|\n|t:|1700542599\n|switch|p2a: Hatterene|Hatterene, F|80\/100\n|move|p1a: Toxapex|Toxic|p2a: Hatterene\n|move|p2a: Hatterene|Toxic|p1a: Toxapex|[from]ability: Magic Bounce\n|-immune|p1a: Toxapex\n|\n|-fieldend|move: Electric Terrain\n|upkeep\n|turn|12\n|\n|t:|1700542609\n|move|p1a: Toxapex|Toxic|p2a: Hatterene\n|move|p2a: Hatterene|Toxic|p1a: Toxapex|[from]ability: Magic Bounce\n|-immune|p1a: Toxapex\n|move|p2a: Hatterene|Psychic|p1a: Toxapex\n|-supereffective|p1a: Toxapex\n|-damage|p1a: Toxapex|8\/100\n|\n|-heal|p1a: Toxapex|14\/100|[from] item: Black Sludge\n|upkeep\n|turn|13\n|\n|t:|1700542616\n|switch|p1a: Calyrex|Calyrex-Shadow|100\/100\n|-ability|p1a: Calyrex|As One\n|-ability|p1a: Calyrex|Unnerve\n|move|p2a: Hatterene|Psychic|p1a: Calyrex\n|-resisted|p1a: Calyrex\n|-damage|p1a: Calyrex|73\/100\n|\n|upkeep\n|turn|14\n|\n|t:|1700542622\n|move|p1a: Calyrex|Astral Barrage|p2a: Hatterene\n|-supereffective|p2a: Hatterene\n|-damage|p2a: Hatterene|0 fnt\n|faint|p2a: Hatterene\n|-ability|p1a: Calyrex|Grim Neigh|boost\n|-boost|p1a: Calyrex|spa|1\n|\n|upkeep\n|\n|t:|1700542625\n|switch|p2a: Urshifu|Urshifu, F|100\/100\n|turn|15\n|\n|t:|1700542627\n|move|p1a: Calyrex|Astral Barrage|p2a: Urshifu\n|-resisted|p2a: Urshifu\n|-damage|p2a: Urshifu|9\/100\n|move|p2a: Urshifu|Wicked Blow|p1a: Calyrex\n|-supereffective|p1a: Calyrex\n|-crit|p1a: Calyrex\n|-damage|p1a: Calyrex|0 fnt\n|faint|p1a: Calyrex\n|\n|upkeep\n|\n|t:|1700542633\n|switch|p1a: Koraidon|Koraidon|100\/100\n|-weather|SunnyDay|[from] ability: Orichalcum Pulse|[of] p1a: Koraidon\n|-activate|p1a: Koraidon|Orichalcum Pulse|[source]\n|turn|16\n|\n|t:|1700542642\n|move|p1a: Koraidon|Flare Blitz|p2a: Urshifu\n|-damage|p2a: Urshifu|0 fnt\n|faint|p2a: Urshifu\n|-damage|p1a: Koraidon|98\/100|[from] Recoil\n|\n|-weather|SunnyDay|[upkeep]\n|upkeep\n|\n|t:|1700542647\n|switch|p2a: Gastrodon|Gastrodon-East, M|59\/100\n|turn|17\n|\n|t:|1700542658\n|-terastallize|p2a: Gastrodon|Water\n|move|p1a: Koraidon|Flare Blitz|p2a: Gastrodon\n|-resisted|p2a: Gastrodon\n|-damage|p2a: Gastrodon|11\/100\n|-damage|p1a: Koraidon|81\/100|[from] item: Rocky Helmet|[of] p2a: Gastrodon\n|-damage|p1a: Koraidon|61\/100|[from] Recoil\n|move|p2a: Gastrodon|Recover|p2a: Gastrodon\n|-heal|p2a: Gastrodon|61\/100\n|\n|-weather|SunnyDay|[upkeep]\n|upkeep\n|turn|18\n|\n|t:|1700542669\n|-terastallize|p1a: Koraidon|Fire\n|move|p1a: Koraidon|Flare Blitz|p2a: Gastrodon\n|-resisted|p2a: Gastrodon\n|-damage|p2a: Gastrodon|0 fnt\n|-damage|p1a: Koraidon|45\/100|[from] item: Rocky Helmet|[of] p2a: Gastrodon\n|faint|p2a: Gastrodon\n|-damage|p1a: Koraidon|20\/100|[from] Recoil\n|\n|-weather|SunnyDay|[upkeep]\n|upkeep\n|\n|t:|1700542680\n|switch|p2a: Weavile|Weavile, M|100\/100\n|turn|19\n|\n|t:|1700542685\n|move|p2a: Weavile|Fake Out|p1a: Koraidon\n|-damage|p1a: Koraidon|9\/100\n|cant|p1a: Koraidon|flinch\n|\n|-weather|SunnyDay|[upkeep]\n|upkeep\n|turn|20\n|\n|t:|1700542694\n|switch|p1a: Toxapex|Toxapex, M|14\/100\n|move|p2a: Weavile|Beat Up|p1a: Toxapex\n|-damage|p1a: Toxapex|9\/100\n|-damage|p1a: Toxapex|4\/100\n|-hitcount|p1a: Toxapex|2\n|\n|-weather|none\n|-heal|p1a: Toxapex|10\/100|[from] item: Black Sludge\n|upkeep\n|turn|21\n|\n|t:|1700542702\n|move|p1a: Toxapex|Baneful Bunker|p1a: Toxapex\n|-singleturn|p1a: Toxapex|move: Protect\n|move|p2a: Weavile|Brick Break|p1a: Toxapex\n|-activate|p1a: Toxapex|move: Protect\n|-status|p2a: Weavile|psn\n|\n|-heal|p1a: Toxapex|16\/100|[from] item: Black Sludge\n|-damage|p2a: Weavile|88\/100 psn|[from] psn\n|upkeep\n|turn|22\n|\n|t:|1700542712\n|switch|p2a: Dragapult|Dragapult, F|100\/100\n|move|p1a: Toxapex|Surf|p2a: Dragapult\n|-resisted|p2a: Dragapult\n|-damage|p2a: Dragapult|88\/100\n|\n|-heal|p1a: Toxapex|23\/100|[from] item: Black Sludge\n|upkeep\n|turn|23\n|\n|t:|1700542718\n|move|p1a: Toxapex|Baneful Bunker|p1a: Toxapex\n|-singleturn|p1a: Toxapex|move: Protect\n|move|p2a: Dragapult|Dragon Dance|p2a: Dragapult\n|-boost|p2a: Dragapult|atk|1\n|-boost|p2a: Dragapult|spe|1\n|\n|-heal|p1a: Toxapex|29\/100|[from] item: Black Sludge\n|upkeep\n|turn|24\n|\n|t:|1700542726\n|move|p2a: Dragapult|Dragon Darts|p1a: Toxapex\n|-damage|p1a: Toxapex|0 fnt\n|faint|p1a: Toxapex\n|-damage|p2a: Dragapult|78\/100|[from] item: Life Orb\n|\n|upkeep\n|\n|t:|1700542729\n|switch|p1a: Cloyster|Cloyster, M|89\/100\n|turn|25\n|\n|t:|1700542738\n|move|p2a: Dragapult|Dragon Darts|p1a: Cloyster\n|-damage|p1a: Cloyster|49\/100\n|-anim|p2a: Dragapult|Dragon Darts|p1a: Cloyster\n|-damage|p1a: Cloyster|10\/100\n|-damage|p2a: Dragapult|69\/100|[from] item: Life Orb\n|move|p1a: Cloyster|Shell Smash|p1a: Cloyster\n|-unboost|p1a: Cloyster|def|1\n|-unboost|p1a: Cloyster|spd|1\n|-boost|p1a: Cloyster|atk|2\n|-boost|p1a: Cloyster|spa|2\n|-boost|p1a: Cloyster|spe|2\n|\n|upkeep\n|turn|26\n|\n|t:|1700542745\n|move|p2a: Dragapult|Sucker Punch|p1a: Cloyster\n|-damage|p1a: Cloyster|0 fnt\n|faint|p1a: Cloyster\n|-damage|p2a: Dragapult|59\/100|[from] item: Life Orb\n|\n|upkeep\n|\n|t:|1700542749\n|switch|p1a: Koraidon|Koraidon, tera:Fire|9\/100\n|-weather|SunnyDay|[from] ability: Orichalcum Pulse|[of] p1a: Koraidon\n|-activate|p1a: Koraidon|Orichalcum Pulse|[source]\n|turn|27\n|\n|t:|1700542752\n|move|p2a: Dragapult|Dragon Darts|p1a: Koraidon\n|-damage|p1a: Koraidon|0 fnt\n|faint|p1a: Koraidon\n|-damage|p2a: Dragapult|49\/100|[from] item: Life Orb\n|\n|win|gobrightly\n|raw|rubbisheeric's rating: 1327 &rarr; <strong>1306<\/strong><br \/>(-21 for losing)\n|raw|gobrightly's rating: 1315 &rarr; <strong>1336<\/strong><br \/>(+21 for winning)\n|l|\u203drubbisheeric\n|c|\u2606gobrightly|Gg wp\n","uploadtime":1700542768,"views":0,"p1id":"rubbisheeric","p2id":"gobrightly","formatid":"gen9anythinggoes","rating":1306,"private":0,"password":""}