{"id":"gen9anythinggoes-1984856236","p1":"doofyfisher","p2":"frog daddy 224","format":"[Gen 9] Anything Goes","log":"|j|\u2606doofyfisher\n|j|\u2606frog daddy 224\n|t:|1699304894\n|gametype|singles\n|player|p1|doofyfisher|n|\n|player|p2|frog daddy 224|n|\n|teamsize|p1|6\n|teamsize|p2|6\n|gen|9\n|tier|[Gen 9] Anything Goes\n|rule|HP Percentage Mod: HP is shown in percentages\n|rule|Endless Battle Clause: Forcing endless battles is banned\n|clearpoke\n|poke|p1|Sylveon, M|\n|poke|p1|Annihilape, M|\n|poke|p1|Mew|\n|poke|p1|Volcanion|\n|poke|p1|Iron Hands|\n|poke|p1|Garchomp, F|\n|poke|p2|Scream Tail|\n|poke|p2|Glimmora, M|\n|poke|p2|Dragapult, M|\n|poke|p2|Arcanine, M|\n|poke|p2|Zapdos|\n|poke|p2|Slowking, M|\n|teampreview\n|\n|t:|1699304906\n|start\n|switch|p1a: Garchomp|Garchomp, F|100\/100\n|switch|p2a: Scream Tail|Scream Tail|100\/100\n|turn|1\n|\n|t:|1699304916\n|move|p2a: Scream Tail|Reflect|p2a: Scream Tail\n|-sidestart|p2: frog daddy 224|Reflect\n|move|p1a: Garchomp|Earthquake|p2a: Scream Tail\n|-damage|p2a: Scream Tail|76\/100\n|-damage|p1a: Garchomp|91\/100|[from] item: Life Orb\n|\n|upkeep\n|turn|2\n|\n|t:|1699304932\n|switch|p1a: Volcanion|Volcanion|100\/100\n|move|p2a: Scream Tail|Stealth Rock|p1a: Volcanion\n|-sidestart|p1: doofyfisher|move: Stealth Rock\n|\n|upkeep\n|turn|3\n|\n|t:|1699304943\n|move|p2a: Scream Tail|Thunder Wave|p1a: Volcanion\n|-status|p1a: Volcanion|par\n|move|p1a: Volcanion|Sludge Bomb|p2a: Scream Tail\n|-supereffective|p2a: Scream Tail\n|-damage|p2a: Scream Tail|36\/100\n|-status|p2a: Scream Tail|psn\n|\n|-damage|p2a: Scream Tail|24\/100 psn|[from] psn\n|upkeep\n|turn|4\n|\n|t:|1699304966\n|-end|p2a: Scream Tail|Protosynthesis|[silent]\n|switch|p2a: Dragapult|Dragapult, M|100\/100\n|move|p1a: Volcanion|Sludge Bomb|p2a: Dragapult\n|-resisted|p2a: Dragapult\n|-damage|p2a: Dragapult|81\/100\n|\n|upkeep\n|turn|5\n|\n|t:|1699304985\n|switch|p1a: Sylveon|Sylveon, M, shiny|100\/100\n|-damage|p1a: Sylveon|88\/100|[from] Stealth Rock\n|move|p2a: Dragapult|U-turn|p1a: Sylveon\n|-resisted|p1a: Sylveon\n|-damage|p1a: Sylveon|75\/100\n|\n|t:|1699304991\n|switch|p2a: Glimmora|Glimmora, M|100\/100|[from] U-turn\n|-item|p2a: Glimmora|Air Balloon\n|\n|-heal|p1a: Sylveon|81\/100|[from] item: Leftovers\n|upkeep\n|turn|6\n|\n|t:|1699305008\n|move|p2a: Glimmora|Mortal Spin|p1a: Sylveon\n|-supereffective|p1a: Sylveon\n|-damage|p1a: Sylveon|61\/100\n|-status|p1a: Sylveon|psn\n|move|p1a: Sylveon|Hyper Voice|p2a: Glimmora\n|-resisted|p2a: Glimmora\n|-damage|p2a: Glimmora|73\/100\n|-enditem|p2a: Glimmora|Air Balloon\n|\n|-heal|p1a: Sylveon|67\/100 psn|[from] item: Leftovers\n|-damage|p1a: Sylveon|55\/100 psn|[from] psn\n|upkeep\n|turn|7\n|\n|t:|1699305021\n|move|p2a: Glimmora|Spikes|p1a: Sylveon\n|-sidestart|p1: doofyfisher|Spikes\n|move|p1a: Sylveon|Draining Kiss|p2a: Glimmora\n|-resisted|p2a: Glimmora\n|-damage|p2a: Glimmora|60\/100\n|-heal|p1a: Sylveon|64\/100 psn|[from] drain|[of] p2a: Glimmora\n|\n|-heal|p1a: Sylveon|70\/100 psn|[from] item: Leftovers\n|-damage|p1a: Sylveon|58\/100 psn|[from] psn\n|upkeep\n|turn|8\n|\n|t:|1699305030\n|move|p2a: Glimmora|Spikes|p1a: Sylveon\n|-sidestart|p1: doofyfisher|Spikes\n|move|p1a: Sylveon|Hyper Voice|p2a: Glimmora\n|-resisted|p2a: Glimmora\n|-damage|p2a: Glimmora|35\/100\n|\n|-heal|p1a: Sylveon|64\/100 psn|[from] item: Leftovers\n|-damage|p1a: Sylveon|52\/100 psn|[from] psn\n|-sideend|p2: frog daddy 224|Reflect\n|upkeep\n|turn|9\n|\n|t:|1699305046\n|switch|p1a: Garchomp|Garchomp, F|91\/100\n|-damage|p1a: Garchomp|85\/100|[from] Stealth Rock\n|-damage|p1a: Garchomp|68\/100|[from] Spikes\n|move|p2a: Glimmora|Spikes|p1a: Garchomp\n|-sidestart|p1: doofyfisher|Spikes\n|\n|upkeep\n|turn|10\n|\n|t:|1699305059\n|switch|p2a: Zapdos|Zapdos|100\/100\n|move|p1a: Garchomp|Earthquake|p2a: Zapdos\n|-immune|p2a: Zapdos\n|\n|upkeep\n|turn|11\n|\n|t:|1699305082\n|switch|p2a: Arcanine|Arcanine, M|100\/100\n|-ability|p2a: Arcanine|Intimidate|boost\n|-unboost|p1a: Garchomp|atk|1\n|move|p1a: Garchomp|Stone Edge|p2a: Arcanine\n|-supereffective|p2a: Arcanine\n|-damage|p2a: Arcanine|41\/100\n|-damage|p1a: Garchomp|58\/100|[from] item: Life Orb\n|\n|upkeep\n|turn|12\n|\n|t:|1699305098\n|move|p1a: Garchomp|Earthquake|p2a: Arcanine\n|-supereffective|p2a: Arcanine\n|-damage|p2a: Arcanine|0 fnt\n|faint|p2a: Arcanine\n|-damage|p1a: Garchomp|48\/100|[from] item: Life Orb\n|\n|upkeep\n|\n|t:|1699305116\n|switch|p2a: Dragapult|Dragapult, M|81\/100\n|turn|13\n|\n|t:|1699305129\n|switch|p1a: Sylveon|Sylveon, M, shiny|52\/100 psn\n|-damage|p1a: Sylveon|39\/100 psn|[from] Stealth Rock\n|-damage|p1a: Sylveon|14\/100 psn|[from] Spikes\n|move|p2a: Dragapult|Draco Meteor|p1a: Sylveon\n|-immune|p1a: Sylveon\n|\n|-heal|p1a: Sylveon|20\/100 psn|[from] item: Leftovers\n|-damage|p1a: Sylveon|8\/100 psn|[from] psn\n|upkeep\n|turn|14\n|\n|t:|1699305146\n|switch|p2a: Slowking|Slowking, M|100\/100\n|move|p1a: Sylveon|Hyper Voice|p2a: Slowking\n|-damage|p2a: Slowking|60\/100\n|\n|-heal|p1a: Sylveon|14\/100 psn|[from] item: Leftovers\n|-heal|p2a: Slowking|66\/100|[from] item: Leftovers\n|-damage|p1a: Sylveon|2\/100 psn|[from] psn\n|upkeep\n|turn|15\n|\n|t:|1699305164\n|move|p1a: Sylveon|Hyper Voice|p2a: Slowking\n|-damage|p2a: Slowking|25\/100\n|move|p2a: Slowking|Slack Off|p2a: Slowking\n|-heal|p2a: Slowking|75\/100\n|\n|-heal|p1a: Sylveon|8\/100 psn|[from] item: Leftovers\n|-heal|p2a: Slowking|81\/100|[from] item: Leftovers\n|-damage|p1a: Sylveon|0 fnt|[from] psn\n|faint|p1a: Sylveon\n|upkeep\n|\n|t:|1699305174\n|switch|p1a: Mew|Mew|100\/100\n|-damage|p1a: Mew|88\/100|[from] Stealth Rock\n|-damage|p1a: Mew|63\/100|[from] Spikes\n|turn|16\n|\n|t:|1699305186\n|switch|p2a: Zapdos|Zapdos|100\/100\n|move|p1a: Mew|Knock Off|p2a: Zapdos\n|-damage|p2a: Zapdos|72\/100\n|-status|p1a: Mew|par|[from] ability: Static|[of] p2a: Zapdos\n|-activate|p1a: Mew|ability: Synchronize\n|-immune|p2a: Zapdos\n|-enditem|p2a: Zapdos|Heavy-Duty Boots|[from] move: Knock Off|[of] p1a: Mew\n|\n|upkeep\n|turn|17\n|\n|t:|1699305208\n|switch|p1a: Garchomp|Garchomp, F|48\/100\n|-damage|p1a: Garchomp|42\/100|[from] Stealth Rock\n|-damage|p1a: Garchomp|17\/100|[from] Spikes\n|move|p2a: Zapdos|Volt Switch|p1a: Garchomp\n|-immune|p1a: Garchomp\n|\n|upkeep\n|turn|18\n|\n|t:|1699305227\n|switch|p2a: Glimmora|Glimmora, M|35\/100\n|move|p1a: Garchomp|Stone Edge|p2a: Glimmora\n|-damage|p2a: Glimmora|0 fnt\n|-activate|p2a: Glimmora|ability: Toxic Debris\n|-sidestart|p1: doofyfisher|move: Toxic Spikes\n|faint|p2a: Glimmora\n|-damage|p1a: Garchomp|8\/100|[from] item: Life Orb\n|\n|upkeep\n|\n|t:|1699305241\n|switch|p2a: Scream Tail|Scream Tail|24\/100 psn\n|turn|19\n|\n|t:|1699305250\n|move|p2a: Scream Tail|Reflect|p2a: Scream Tail\n|-sidestart|p2: frog daddy 224|Reflect\n|move|p1a: Garchomp|Earthquake|p2a: Scream Tail\n|-damage|p2a: Scream Tail|0 fnt\n|faint|p2a: Scream Tail\n|-end|p2a: Scream Tail|Protosynthesis|[silent]\n|-damage|p1a: Garchomp|0 fnt|[from] item: Life Orb\n|faint|p1a: Garchomp\n|\n|upkeep\n|\n|t:|1699305263\n|switch|p2a: Dragapult|Dragapult, M|81\/100\n|switch|p1a: Volcanion|Volcanion|100\/100 par\n|-damage|p1a: Volcanion|76\/100 par|[from] Stealth Rock\n|-damage|p1a: Volcanion|51\/100 par|[from] Spikes\n|turn|20\n|\n|t:|1699305275\n|move|p2a: Dragapult|Thunderbolt|p1a: Volcanion\n|-supereffective|p1a: Volcanion\n|-damage|p1a: Volcanion|0 fnt\n|faint|p1a: Volcanion\n|\n|upkeep\n|\n|t:|1699305280\n|switch|p1a: Annihilape|Annihilape, M|100\/100\n|-damage|p1a: Annihilape|94\/100|[from] Stealth Rock\n|-damage|p1a: Annihilape|69\/100|[from] Spikes\n|-status|p1a: Annihilape|psn\n|turn|21\n|\n|t:|1699305295\n|switch|p2a: Zapdos|Zapdos|72\/100\n|move|p1a: Annihilape|Bulk Up|p1a: Annihilape\n|-boost|p1a: Annihilape|atk|1\n|-boost|p1a: Annihilape|def|1\n|\n|-damage|p1a: Annihilape|57\/100 psn|[from] psn\n|upkeep\n|turn|22\n|\n|t:|1699305307\n|move|p2a: Zapdos|Hurricane|p1a: Annihilape\n|-supereffective|p1a: Annihilape\n|-damage|p1a: Annihilape|0 fnt\n|faint|p1a: Annihilape\n|\n|upkeep\n|\n|t:|1699305311\n|switch|p1a: Iron Hands|Iron Hands|100\/100\n|-damage|p1a: Iron Hands|94\/100|[from] Stealth Rock\n|-damage|p1a: Iron Hands|69\/100|[from] Spikes\n|-status|p1a: Iron Hands|psn\n|-enditem|p1a: Iron Hands|Booster Energy\n|-activate|p1a: Iron Hands|ability: Quark Drive|[fromitem]\n|-start|p1a: Iron Hands|quarkdriveatk\n|turn|23\n|\n|t:|1699305325\n|move|p2a: Zapdos|Roost|p2a: Zapdos\n|-heal|p2a: Zapdos|100\/100\n|-singleturn|p2a: Zapdos|move: Roost\n|move|p1a: Iron Hands|Thunder Punch|p2a: Zapdos\n|-resisted|p2a: Zapdos\n|-damage|p2a: Zapdos|88\/100\n|\n|-damage|p1a: Iron Hands|57\/100 psn|[from] psn\n|upkeep\n|turn|24\n|\n|t:|1699305340\n|move|p2a: Zapdos|Hurricane|p1a: Iron Hands|[miss]\n|-miss|p2a: Zapdos|p1a: Iron Hands\n|move|p1a: Iron Hands|Thunder Punch|p2a: Zapdos\n|-damage|p2a: Zapdos|61\/100\n|\n|-damage|p1a: Iron Hands|44\/100 psn|[from] psn\n|upkeep\n|turn|25\n|\n|t:|1699305351\n|move|p2a: Zapdos|Roost|p2a: Zapdos\n|-heal|p2a: Zapdos|100\/100\n|-singleturn|p2a: Zapdos|move: Roost\n|move|p1a: Iron Hands|Thunder Punch|p2a: Zapdos\n|-resisted|p2a: Zapdos\n|-damage|p2a: Zapdos|86\/100\n|\n|-damage|p1a: Iron Hands|32\/100 psn|[from] psn\n|upkeep\n|turn|26\n|\n|t:|1699305364\n|move|p2a: Zapdos|Discharge|p1a: Iron Hands\n|-resisted|p1a: Iron Hands\n|-damage|p1a: Iron Hands|15\/100 psn\n|move|p1a: Iron Hands|Thunder Punch|p2a: Zapdos\n|-damage|p2a: Zapdos|60\/100\n|\n|-damage|p1a: Iron Hands|2\/100 psn|[from] psn\n|-sideend|p2: frog daddy 224|Reflect\n|upkeep\n|turn|27\n|\n|t:|1699305377\n|move|p2a: Zapdos|Discharge|p1a: Iron Hands\n|-resisted|p1a: Iron Hands\n|-damage|p1a: Iron Hands|0 fnt\n|faint|p1a: Iron Hands\n|-end|p1a: Iron Hands|Quark Drive|[silent]\n|\n|upkeep\n|\n|t:|1699305382\n|switch|p1a: Mew|Mew|63\/100 par\n|-damage|p1a: Mew|51\/100 par|[from] Stealth Rock\n|-damage|p1a: Mew|26\/100 par|[from] Spikes\n|turn|28\n|\n|t:|1699305392\n|move|p2a: Zapdos|Discharge|p1a: Mew\n|-crit|p1a: Mew\n|-damage|p1a: Mew|0 fnt\n|faint|p1a: Mew\n|\n|win|frog daddy 224\n","uploadtime":1699305400,"views":3,"p1id":"doofyfisher","p2id":"frogdaddy224","formatid":"gen9anythinggoes","rating":0,"private":0,"password":""}