{"id":"gen9anythinggoes-1992681834","p1":"AMuteNewt","p2":"Rotolito","format":"[Gen 9] Anything Goes","log":"|j|\u2606AMuteNewt\n|j|\u2606Rotolito\n|t:|1700224645\n|gametype|singles\n|player|p1|AMuteNewt|101|1000\n|player|p2|Rotolito|medium|1015\n|teamsize|p1|4\n|teamsize|p2|6\n|gen|9\n|tier|[Gen 9] Anything Goes\n|rated|\n|rule|HP Percentage Mod: HP is shown in percentages\n|rule|Endless Battle Clause: Forcing endless battles is banned\n|clearpoke\n|poke|p1|Clauncher, F|\n|poke|p1|Amoonguss, F|\n|poke|p1|Bisharp, F|\n|poke|p1|Lampent, F|\n|poke|p2|Dipplin, M|\n|poke|p2|Frosmoth, F|\n|poke|p2|Garganacl, M|\n|poke|p2|Drifblim, M|\n|poke|p2|Volcarona, F|\n|poke|p2|Espathra, F|\n|teampreview\n|inactive|Battle timer is ON: inactive players will automatically lose when time's up. (requested by Rotolito)\n|\n|t:|1700224655\n|start\n|switch|p1a: Amoonguss|Amoonguss, F|100\/100\n|switch|p2a: Hindenburg|Drifblim, M, shiny|100\/100\n|turn|1\n|\n|t:|1700224665\n|move|p2a: Hindenburg|Minimize|p2a: Hindenburg\n|-boost|p2a: Hindenburg|evasion|2\n|move|p1a: Amoonguss|Grass Knot|p2a: Hindenburg\n|-resisted|p2a: Hindenburg\n|-damage|p2a: Hindenburg|93\/100\n|\n|upkeep\n|turn|2\n|\n|t:|1700224674\n|move|p2a: Hindenburg|Minimize|p2a: Hindenburg\n|-boost|p2a: Hindenburg|evasion|2\n|move|p1a: Amoonguss|Spore|p2a: Hindenburg\n|-status|p2a: Hindenburg|slp|[from] move: Spore\n|\n|upkeep\n|turn|3\n|\n|t:|1700224681\n|cant|p2a: Hindenburg|slp\n|move|p1a: Amoonguss|Clear Smog|p2a: Hindenburg\n|-resisted|p2a: Hindenburg\n|-damage|p2a: Hindenburg|83\/100 slp\n|-clearboost|p2a: Hindenburg\n|\n|upkeep\n|turn|4\n|\n|t:|1700224688\n|-curestatus|p2a: Hindenburg|slp|[msg]\n|move|p2a: Hindenburg|Minimize|p2a: Hindenburg\n|-boost|p2a: Hindenburg|evasion|2\n|move|p1a: Amoonguss|Giga Drain|p2a: Hindenburg|[miss]\n|-miss|p1a: Amoonguss|p2a: Hindenburg\n|\n|upkeep\n|turn|5\n|\n|t:|1700224698\n|switch|p1a: Bisharp|Bisharp, F|100\/100\n|move|p2a: Hindenburg|Minimize|p2a: Hindenburg\n|-boost|p2a: Hindenburg|evasion|2\n|\n|upkeep\n|turn|6\n|\n|t:|1700224707\n|-terastallize|p1a: Bisharp|Dark\n|move|p2a: Hindenburg|Minimize|p2a: Hindenburg\n|-boost|p2a: Hindenburg|evasion|2\n|move|p1a: Bisharp|Night Slash|p2a: Hindenburg\n|-supereffective|p2a: Hindenburg\n|-damage|p2a: Hindenburg|0 fnt\n|-damage|p1a: Bisharp|75\/100|[from] ability: Aftermath|[of] p2a: Hindenburg\n|faint|p2a: Hindenburg\n|\n|upkeep\n|\n|t:|1700224720\n|switch|p2a: Ice Butterfly|Frosmoth, F, shiny|100\/100\n|turn|7\n|\n|t:|1700224725\n|move|p2a: Ice Butterfly|Quiver Dance|p2a: Ice Butterfly\n|-boost|p2a: Ice Butterfly|spa|1\n|-boost|p2a: Ice Butterfly|spd|1\n|-boost|p2a: Ice Butterfly|spe|1\n|move|p1a: Bisharp|Metal Burst||[still]\n|-fail|p1a: Bisharp\n|\n|upkeep\n|turn|8\n|\n|t:|1700224732\n|move|p2a: Ice Butterfly|Quiver Dance|p2a: Ice Butterfly\n|-boost|p2a: Ice Butterfly|spa|1\n|-boost|p2a: Ice Butterfly|spd|1\n|-boost|p2a: Ice Butterfly|spe|1\n|move|p1a: Bisharp|Flash Cannon|p2a: Ice Butterfly\n|-supereffective|p2a: Ice Butterfly\n|-crit|p2a: Ice Butterfly\n|-damage|p2a: Ice Butterfly|0 fnt\n|faint|p2a: Ice Butterfly\n|\n|upkeep\n|-message|Rotolito forfeited.\n|\n|win|AMuteNewt\n|raw|AMuteNewt's rating: 1000 &rarr; <strong>1042<\/strong><br \/>(+42 for winning)\n|raw|Rotolito's rating: 1015 &rarr; <strong>1002<\/strong><br \/>(-13 for losing)\n|l|\u2606Rotolito\n","uploadtime":1700224759,"views":4,"p1id":"amutenewt","p2id":"rotolito","formatid":"gen9anythinggoes","rating":1002,"private":0,"password":""}