{"id":"gen9anythinggoes-1982972178","p1":"Ecco4502","p2":"DaisyFlores11","format":"[Gen 9] Anything Goes","log":"|j|\u2606Ecco4502\n|j|\u2606DaisyFlores11\n|t:|1699064834\n|gametype|singles\n|player|p1|Ecco4502|hilbert|1082\n|player|p2|DaisyFlores11|preschoolerf|1187\n|teamsize|p1|6\n|teamsize|p2|6\n|gen|9\n|tier|[Gen 9] Anything Goes\n|rated|\n|rule|HP Percentage Mod: HP is shown in percentages\n|rule|Endless Battle Clause: Forcing endless battles is banned\n|clearpoke\n|poke|p1|Raichu-Alola, F|\n|poke|p1|Flareon, M|\n|poke|p1|Sawsbuck-Winter, F|\n|poke|p1|Milotic, F|\n|poke|p1|Furret, F|\n|poke|p1|Ninetales-Alola, M|\n|poke|p2|Phione|\n|poke|p2|Goodra, M|\n|poke|p2|Politoed, F|\n|poke|p2|Vaporeon, F|\n|poke|p2|Sawsbuck-Autumn, F|\n|poke|p2|Palkia-Origin|\n|teampreview\n|inactive|Battle timer is ON: inactive players will automatically lose when time's up. (requested by DaisyFlores11)\n|\n|t:|1699064845\n|start\n|switch|p1a: Psyshock|Raichu-Alola, F|100\/100\n|switch|p2a: Raspberry|Politoed, F, shiny|100\/100\n|-weather|RainDance|[from] ability: Drizzle|[of] p2a: Raspberry\n|turn|1\n|\n|t:|1699064860\n|move|p1a: Psyshock|Electric Terrain|p1a: Psyshock\n|-fieldstart|move: Electric Terrain\n|-enditem|p1a: Psyshock|Electric Seed\n|-boost|p1a: Psyshock|def|1|[from] item: Electric Seed\n|move|p2a: Raspberry|Icy Wind|p1a: Psyshock|[miss]\n|-miss|p2a: Raspberry|p1a: Psyshock\n|\n|-weather|RainDance|[upkeep]\n|upkeep\n|turn|2\n|\n|t:|1699064868\n|move|p1a: Psyshock|Electro Ball|p2a: Raspberry\n|-supereffective|p2a: Raspberry\n|-damage|p2a: Raspberry|0 fnt\n|faint|p2a: Raspberry\n|\n|-weather|RainDance|[upkeep]\n|upkeep\n|\n|t:|1699064873\n|switch|p2a: Vappy|Vaporeon, F, shiny|100\/100\n|turn|3\n|\n|t:|1699064878\n|-terastallize|p2a: Vappy|Ground\n|move|p1a: Psyshock|Electro Ball|p2a: Vappy\n|-immune|p2a: Vappy\n|move|p2a: Vappy|Calm Mind|p2a: Vappy\n|-boost|p2a: Vappy|spa|1\n|-boost|p2a: Vappy|spd|1\n|\n|-weather|RainDance|[upkeep]\n|upkeep\n|turn|4\n|\n|t:|1699064889\n|move|p1a: Psyshock|Nasty Plot|p1a: Psyshock\n|-boost|p1a: Psyshock|spa|2\n|move|p2a: Vappy|Calm Mind|p2a: Vappy\n|-boost|p2a: Vappy|spa|1\n|-boost|p2a: Vappy|spd|1\n|\n|-weather|RainDance|[upkeep]\n|upkeep\n|turn|5\n|\n|t:|1699064897\n|move|p1a: Psyshock|Nasty Plot|p1a: Psyshock\n|-boost|p1a: Psyshock|spa|2\n|move|p2a: Vappy|Surf|p1a: Psyshock\n|-damage|p1a: Psyshock|0 fnt\n|faint|p1a: Psyshock\n|\n|-weather|RainDance|[upkeep]\n|-fieldend|move: Electric Terrain\n|upkeep\n|\n|t:|1699064906\n|switch|p1a: Leviathan|Milotic, F, shiny|100\/100\n|turn|6\n|\n|t:|1699064913\n|move|p1a: Leviathan|Haze|p1a: Leviathan\n|-clearallboost\n|move|p2a: Vappy|Calm Mind|p2a: Vappy\n|-boost|p2a: Vappy|spa|1\n|-boost|p2a: Vappy|spd|1\n|\n|-weather|RainDance|[upkeep]\n|-status|p1a: Leviathan|brn|[from] item: Flame Orb\n|upkeep\n|turn|7\n|\n|t:|1699064936\n|switch|p2a: Autumn Deer|Sawsbuck-Autumn, F, shiny|100\/100\n|move|p1a: Leviathan|Scald|p2a: Autumn Deer\n|-resisted|p2a: Autumn Deer\n|-damage|p2a: Autumn Deer|71\/100\n|\n|-weather|RainDance|[upkeep]\n|-damage|p1a: Leviathan|94\/100 brn|[from] brn\n|upkeep\n|turn|8\n|\n|t:|1699064947\n|move|p2a: Autumn Deer|Horn Leech|p1a: Leviathan\n|-supereffective|p1a: Leviathan\n|-damage|p1a: Leviathan|55\/100 brn\n|-heal|p2a: Autumn Deer|97\/100|[from] drain|[of] p1a: Leviathan\n|-damage|p2a: Autumn Deer|87\/100|[from] item: Life Orb\n|move|p1a: Leviathan|Ice Beam|p2a: Autumn Deer\n|-supereffective|p2a: Autumn Deer\n|-crit|p2a: Autumn Deer\n|-damage|p2a: Autumn Deer|0 fnt\n|faint|p2a: Autumn Deer\n|\n|-weather|none\n|-damage|p1a: Leviathan|49\/100 brn|[from] brn\n|upkeep\n|inactive|DaisyFlores11 has 120 seconds left.\n|\n|t:|1699064963\n|switch|p2a: Gummy dragon|Goodra, M, shiny|100\/100\n|turn|9\n|\n|t:|1699064967\n|move|p2a: Gummy dragon|Dragon Pulse|p1a: Leviathan\n|-crit|p1a: Leviathan\n|-damage|p1a: Leviathan|3\/100 brn\n|move|p1a: Leviathan|Recover|p1a: Leviathan\n|-heal|p1a: Leviathan|53\/100 brn\n|\n|-damage|p1a: Leviathan|47\/100 brn|[from] brn\n|upkeep\n|turn|10\n|\n|t:|1699064975\n|move|p2a: Gummy dragon|Dragon Pulse|p1a: Leviathan\n|-damage|p1a: Leviathan|21\/100 brn\n|move|p1a: Leviathan|Recover|p1a: Leviathan\n|-heal|p1a: Leviathan|71\/100 brn\n|\n|-damage|p1a: Leviathan|65\/100 brn|[from] brn\n|upkeep\n|turn|11\n|\n|t:|1699064988\n|move|p2a: Gummy dragon|Dragon Pulse|p1a: Leviathan\n|-damage|p1a: Leviathan|35\/100 brn\n|move|p1a: Leviathan|Recover|p1a: Leviathan\n|-heal|p1a: Leviathan|85\/100 brn\n|\n|-damage|p1a: Leviathan|79\/100 brn|[from] brn\n|upkeep\n|turn|12\n|\n|t:|1699064997\n|switch|p2a: Palkia|Palkia-Origin, shiny|100\/100\n|switch|p1a: Frost|Ninetales-Alola, M|100\/100\n|-weather|Snow|[from] ability: Snow Warning|[of] p1a: Frost\n|\n|-weather|Snow|[upkeep]\n|upkeep\n|turn|13\n|\n|t:|1699065008\n|move|p2a: Palkia|Surf|p1a: Frost\n|-damage|p1a: Frost|41\/100\n|move|p1a: Frost|Aurora Veil|p1a: Frost\n|-sidestart|p1: Ecco4502|move: Aurora Veil\n|\n|-weather|Snow|[upkeep]\n|upkeep\n|turn|14\n|\n|t:|1699065020\n|-terastallize|p1a: Frost|Steel\n|move|p2a: Palkia|Surf|p1a: Frost\n|-damage|p1a: Frost|10\/100\n|move|p1a: Frost|Freeze-Dry|p2a: Palkia\n|-supereffective|p2a: Palkia\n|-damage|p2a: Palkia|32\/100\n|-status|p2a: Palkia|frz\n|\n|-weather|Snow|[upkeep]\n|upkeep\n|turn|15\n|\n|t:|1699065031\n|cant|p2a: Palkia|frz\n|move|p1a: Frost|Freeze-Dry|p2a: Palkia\n|-supereffective|p2a: Palkia\n|-damage|p2a: Palkia|0 fnt\n|faint|p2a: Palkia\n|\n|-weather|Snow|[upkeep]\n|upkeep\n|\n|t:|1699065044\n|switch|p2a: Marina|Phione, shiny|100\/100\n|turn|16\n|\n|t:|1699065050\n|move|p1a: Frost|Freeze-Dry|p2a: Marina\n|-supereffective|p2a: Marina\n|-damage|p2a: Marina|62\/100\n|move|p2a: Marina|Scald|p1a: Frost\n|-damage|p1a: Frost|0 fnt\n|faint|p1a: Frost\n|\n|-weather|none\n|upkeep\n|\n|t:|1699065066\n|switch|p1a: Ida|Sawsbuck-Winter, F, shiny|100\/100\n|turn|17\n|\n|t:|1699065070\n|move|p1a: Ida|Headbutt|p2a: Marina\n|-damage|p2a: Marina|23\/100\n|cant|p2a: Marina|flinch\n|\n|upkeep\n|turn|18\n|\n|t:|1699065077\n|move|p1a: Ida|Headbutt|p2a: Marina\n|-damage|p2a: Marina|0 fnt\n|faint|p2a: Marina\n|\n|upkeep\n|\n|t:|1699065082\n|switch|p2a: Vappy|Vaporeon, F, shiny, tera:Ground|100\/100\n|turn|19\n|\n|t:|1699065088\n|switch|p1a: Gidget|Furret, F, shiny|100\/100\n|-item|p2a: Vappy|Leftovers|[from] ability: Frisk|[of] p1a: Gidget|[identify]\n|move|p2a: Vappy|Surf|p1a: Gidget\n|-damage|p1a: Gidget|66\/100\n|\n|upkeep\n|turn|20\n|\n|t:|1699065098\n|move|p1a: Gidget|Tidy Up|p1a: Gidget\n|-boost|p1a: Gidget|atk|1\n|-boost|p1a: Gidget|spe|1\n|move|p2a: Vappy|Calm Mind|p2a: Vappy\n|-boost|p2a: Vappy|spa|1\n|-boost|p2a: Vappy|spd|1\n|\n|-sideend|p1: Ecco4502|move: Aurora Veil\n|upkeep\n|turn|21\n|\n|t:|1699065107\n|move|p1a: Gidget|Knock Off|p2a: Vappy\n|-damage|p2a: Vappy|60\/100\n|-enditem|p2a: Vappy|Leftovers|[from] move: Knock Off|[of] p1a: Gidget\n|-damage|p1a: Gidget|56\/100|[from] item: Life Orb\n|move|p2a: Vappy|Calm Mind|p2a: Vappy\n|-boost|p2a: Vappy|spa|1\n|-boost|p2a: Vappy|spd|1\n|\n|upkeep\n|turn|22\n|\n|t:|1699065116\n|move|p1a: Gidget|Giga Impact|p2a: Vappy\n|-damage|p2a: Vappy|0 fnt\n|-mustrecharge|p1a: Gidget\n|faint|p2a: Vappy\n|-damage|p1a: Gidget|46\/100|[from] item: Life Orb\n|\n|upkeep\n|-message|DaisyFlores11 forfeited.\n|\n|win|Ecco4502\n|raw|Ecco4502's rating: 1082 &rarr; <strong>1118<\/strong><br \/>(+36 for winning)\n|raw|DaisyFlores11's rating: 1187 &rarr; <strong>1155<\/strong><br \/>(-32 for losing)\n|l|\u2606DaisyFlores11\n","uploadtime":1699065164,"views":9,"p1id":"ecco4502","p2id":"daisyflores11","formatid":"gen9anythinggoes","rating":1118,"private":0,"password":""}