{"id":"gen9anythinggoes-1976566651","p1":"HappyCake","p2":"Mr meme959","format":"[Gen 9] Anything Goes","log":"|j|\u2606HappyCake\n|j|\u2606Mr meme959\n|t:|1698322529\n|gametype|singles\n|player|p1|HappyCake|unknown|1109\n|player|p2|Mr meme959|2|1083\n|teamsize|p1|6\n|teamsize|p2|6\n|gen|9\n|tier|[Gen 9] Anything Goes\n|rated|\n|rule|HP Percentage Mod: HP is shown in percentages\n|rule|Endless Battle Clause: Forcing endless battles is banned\n|clearpoke\n|poke|p1|Cloyster, M|\n|poke|p1|Cloyster, M|\n|poke|p1|Cloyster, M|\n|poke|p1|Cloyster, M|\n|poke|p1|Cloyster, M|\n|poke|p1|Cloyster, M|\n|poke|p2|Maushold-Four|\n|poke|p2|Maushold-Four|\n|poke|p2|Maushold-Four|\n|poke|p2|Maushold-Four|\n|poke|p2|Maushold-Four|\n|poke|p2|Basculegion, M|\n|teampreview\n|\n|t:|1698322544\n|start\n|switch|p1a: Demon Core|Cloyster, M|100\/100\n|switch|p2a: Maushold|Maushold-Four|100\/100\n|turn|1\n|\n|t:|1698322565\n|move|p2a: Maushold|Tidy Up|p2a: Maushold\n|-boost|p2a: Maushold|atk|1\n|-boost|p2a: Maushold|spe|1\n|move|p1a: Demon Core|Shell Smash|p1a: Demon Core\n|-unboost|p1a: Demon Core|def|1\n|-unboost|p1a: Demon Core|spd|1\n|-boost|p1a: Demon Core|atk|2\n|-boost|p1a: Demon Core|spa|2\n|-boost|p1a: Demon Core|spe|2\n|\n|upkeep\n|turn|2\n|\n|t:|1698322591\n|move|p2a: Maushold|Population Bomb|p1a: Demon Core\n|-damage|p1a: Demon Core|77\/100\n|-damage|p1a: Demon Core|52\/100\n|-hitcount|p1a: Demon Core|2\n|move|p1a: Demon Core|Icicle Spear|p2a: Maushold\n|-damage|p2a: Maushold|51\/100\n|-damage|p2a: Maushold|0 fnt\n|faint|p2a: Maushold\n|-hitcount|p2: Maushold|2\n|\n|upkeep\n|\n|t:|1698322603\n|switch|p2a: Maushold|Maushold-Four|100\/100\n|turn|3\n|\n|t:|1698322608\n|move|p1a: Demon Core|Icicle Spear|p2a: Maushold\n|-damage|p2a: Maushold|51\/100\n|-damage|p2a: Maushold|5\/100\n|-damage|p2a: Maushold|0 fnt\n|faint|p2a: Maushold\n|-hitcount|p2: Maushold|3\n|\n|upkeep\n|\n|t:|1698322630\n|switch|p2a: Maushold|Maushold-Four, shiny|100\/100\n|turn|4\n|inactive|Battle timer is ON: inactive players will automatically lose when time's up. (requested by Mr meme959)\n|\n|t:|1698322654\n|move|p1a: Demon Core|Icicle Spear|p2a: Maushold\n|-damage|p2a: Maushold|53\/100\n|-damage|p2a: Maushold|7\/100\n|-damage|p2a: Maushold|0 fnt\n|faint|p2a: Maushold\n|-hitcount|p2: Maushold|3\n|\n|upkeep\n|\n|t:|1698322663\n|switch|p2a: Maushold|Maushold-Four|100\/100\n|turn|5\n|\n|t:|1698322668\n|move|p1a: Demon Core|Icicle Spear|p2a: Maushold\n|-damage|p2a: Maushold|49\/100\n|-damage|p2a: Maushold|0 fnt\n|faint|p2a: Maushold\n|-hitcount|p2: Maushold|2\n|\n|upkeep\n|\n|t:|1698322674\n|switch|p2a: Maushold|Maushold-Four|100\/100\n|turn|6\n|\n|t:|1698322679\n|move|p1a: Demon Core|Icicle Spear|p2a: Maushold\n|-damage|p2a: Maushold|52\/100\n|-damage|p2a: Maushold|7\/100\n|-damage|p2a: Maushold|0 fnt\n|faint|p2a: Maushold\n|-hitcount|p2: Maushold|3\n|\n|upkeep\n|\n|t:|1698322686\n|switch|p2a: Basculegion|Basculegion, M, shiny|100\/100\n|turn|7\n|\n|t:|1698322696\n|move|p1a: Demon Core|Icicle Spear|p2a: Basculegion\n|-resisted|p2a: Basculegion\n|-damage|p2a: Basculegion|81\/100\n|-resisted|p2a: Basculegion\n|-damage|p2a: Basculegion|64\/100\n|-resisted|p2a: Basculegion\n|-damage|p2a: Basculegion|46\/100\n|-resisted|p2a: Basculegion\n|-damage|p2a: Basculegion|29\/100\n|-resisted|p2a: Basculegion\n|-damage|p2a: Basculegion|10\/100\n|-hitcount|p2a: Basculegion|5\n|move|p2a: Basculegion|Last Respects|p1a: Demon Core\n|-crit|p1a: Demon Core\n|-damage|p1a: Demon Core|0 fnt\n|faint|p1a: Demon Core\n|\n|upkeep\n|\n|t:|1698322709\n|switch|p1a: Cloyster|Cloyster, M|100\/100\n|turn|8\n|\n|t:|1698322713\n|move|p2a: Basculegion|Last Respects|p1a: Cloyster\n|-damage|p1a: Cloyster|0 fnt\n|faint|p1a: Cloyster\n|\n|upkeep\n|\n|t:|1698322722\n|switch|p1a: Cloyster|Cloyster, M|100\/100\n|turn|9\n|\n|t:|1698322725\n|move|p2a: Basculegion|Last Respects|p1a: Cloyster\n|-damage|p1a: Cloyster|0 fnt\n|faint|p1a: Cloyster\n|\n|upkeep\n|\n|t:|1698322730\n|switch|p1a: Cloyster|Cloyster, M|100\/100\n|turn|10\n|\n|t:|1698322733\n|move|p2a: Basculegion|Last Respects|p1a: Cloyster\n|-damage|p1a: Cloyster|0 fnt\n|faint|p1a: Cloyster\n|\n|upkeep\n|\n|t:|1698322737\n|switch|p1a: Cloyster|Cloyster, M|100\/100\n|turn|11\n|\n|t:|1698322741\n|move|p2a: Basculegion|Last Respects|p1a: Cloyster\n|-damage|p1a: Cloyster|0 fnt\n|faint|p1a: Cloyster\n|\n|upkeep\n|\n|t:|1698322745\n|switch|p1a: Cloyster|Cloyster, M|100\/100\n|turn|12\n|\n|t:|1698322751\n|-terastallize|p2a: Basculegion|Ghost\n|-terastallize|p1a: Cloyster|Water\n|move|p2a: Basculegion|Last Respects|p1a: Cloyster\n|-damage|p1a: Cloyster|0 fnt\n|faint|p1a: Cloyster\n|\n|win|Mr meme959\n|raw|HappyCake's rating: 1109 &rarr; <strong>1082<\/strong><br \/>(-27 for losing)\n|raw|Mr meme959's rating: 1083 &rarr; <strong>1113<\/strong><br \/>(+30 for winning)\n|c|\u2606HappyCake|ggs\n","uploadtime":1698322764,"views":10,"p1id":"happycake","p2id":"mrmeme959","formatid":"gen9anythinggoes","rating":1082,"private":0,"password":""}