{"id":"gen9anythinggoes-1986080139","p1":"acdds","p2":"Reludechan","format":"[Gen 9] Anything Goes","log":"|j|\u2606acdds\n|j|\u2606Reludechan\n|t:|1699447811\n|gametype|singles\n|player|p1|acdds|silver|1100\n|player|p2|Reludechan|veteran-gen4|1000\n|teamsize|p1|6\n|teamsize|p2|6\n|gen|9\n|tier|[Gen 9] Anything Goes\n|rated|\n|rule|HP Percentage Mod: HP is shown in percentages\n|rule|Endless Battle Clause: Forcing endless battles is banned\n|clearpoke\n|poke|p1|Greninja-*, M|\n|poke|p1|Gardevoir, M|\n|poke|p1|Kyogre|\n|poke|p1|Infernape, M|\n|poke|p1|Urshifu-*, M|\n|poke|p1|Zacian-*|\n|poke|p2|Diglett, M|\n|poke|p2|Diglett, F|\n|poke|p2|Diglett, M|\n|poke|p2|Diglett, M|\n|poke|p2|Diglett, M|\n|poke|p2|Diglett, F|\n|teampreview\n|c|\u2606Reludechan|Diglett\n|\n|t:|1699447821\n|start\n|switch|p1a: DADDY|Greninja, M|100\/100\n|switch|p2a: Diglett|Diglett, M|100\/100\n|turn|1\n|\n|t:|1699447833\n|-terastallize|p1a: DADDY|Ground\n|move|p1a: DADDY|Surf|p2a: Diglett\n|-supereffective|p2a: Diglett\n|-enditem|p2a: Diglett|Focus Sash\n|-damage|p2a: Diglett|1\/100\n|move|p2a: Diglett|Fissure|p1a: DADDY\n|-damage|p1a: DADDY|0 fnt\n|faint|p1a: DADDY\n|-ohko\n|\n|upkeep\n|c|\u2606Reludechan|Diglett\n|\n|t:|1699447846\n|switch|p1a: firetigerveryfiery|Infernape, M|100\/100\n|turn|2\n|\n|t:|1699447852\n|move|p2a: Diglett|Sucker Punch|p1a: firetigerveryfiery\n|-resisted|p1a: firetigerveryfiery\n|-damage|p1a: firetigerveryfiery|90\/100\n|move|p1a: firetigerveryfiery|Aura Sphere|p2a: Diglett\n|-damage|p2a: Diglett|0 fnt\n|faint|p2a: Diglett\n|\n|upkeep\n|c|\u2606acdds|Infernape\n|\n|t:|1699447868\n|switch|p2a: Diglett|Diglett, M|100\/100\n|turn|3\n|\n|t:|1699447882\n|move|p2a: Diglett|Fissure|p1a: firetigerveryfiery|[miss]\n|-miss|p2a: Diglett|p1a: firetigerveryfiery\n|move|p1a: firetigerveryfiery|Nasty Plot|p1a: firetigerveryfiery\n|-boost|p1a: firetigerveryfiery|spa|2\n|\n|upkeep\n|turn|4\n|c|\u2606acdds|hmm arena trap....\n|\n|t:|1699447891\n|move|p2a: Diglett|Fissure|p1a: firetigerveryfiery\n|-damage|p1a: firetigerveryfiery|0 fnt\n|faint|p1a: firetigerveryfiery\n|-ohko\n|\n|upkeep\n|c|\u2606Reludechan|Diglett\n|\n|t:|1699447908\n|switch|p1a: SIGMA|Urshifu, M|100\/100\n|turn|5\n|\n|t:|1699447915\n|move|p2a: Diglett|Fissure|p1a: SIGMA|[miss]\n|-miss|p2a: Diglett|p1a: SIGMA\n|move|p1a: SIGMA|Wicked Blow|p2a: Diglett\n|-crit|p2a: Diglett\n|-enditem|p2a: Diglett|Focus Sash\n|-damage|p2a: Diglett|1\/100\n|\n|upkeep\n|turn|6\n|\n|t:|1699447923\n|move|p1a: SIGMA|Sucker Punch|p2a: Diglett\n|-damage|p2a: Diglett|0 fnt\n|faint|p2a: Diglett\n|\n|upkeep\n|\n|t:|1699447929\n|switch|p2a: Diglett|Diglett, M|100\/100\n|turn|7\n|\n|t:|1699447934\n|move|p2a: Diglett|Fissure|p1a: SIGMA\n|-damage|p1a: SIGMA|0 fnt\n|faint|p1a: SIGMA\n|-ohko\n|\n|upkeep\n|c|\u2606Reludechan|Diglett\n|\n|t:|1699447942\n|switch|p1a: BIG ASS WHALE|Kyogre|100\/100\n|-weather|RainDance|[from] ability: Drizzle|[of] p1a: BIG ASS WHALE\n|turn|8\n|\n|t:|1699447948\n|move|p2a: Diglett|Fissure|p1a: BIG ASS WHALE|[miss]\n|-miss|p2a: Diglett|p1a: BIG ASS WHALE\n|move|p1a: BIG ASS WHALE|Water Spout|p2a: Diglett\n|-supereffective|p2a: Diglett\n|-enditem|p2a: Diglett|Focus Sash\n|-damage|p2a: Diglett|1\/100\n|\n|-weather|RainDance|[upkeep]\n|upkeep\n|turn|9\n|\n|t:|1699447972\n|move|p2a: Diglett|Fissure|p1a: BIG ASS WHALE|[miss]\n|-miss|p2a: Diglett|p1a: BIG ASS WHALE\n|move|p1a: BIG ASS WHALE|Ancient Power|p2a: Diglett\n|-resisted|p2a: Diglett\n|-damage|p2a: Diglett|0 fnt\n|faint|p2a: Diglett\n|\n|-weather|RainDance|[upkeep]\n|upkeep\n|\n|t:|1699447983\n|switch|p2a: Diglett|Diglett, F|100\/100\n|turn|10\n|\n|t:|1699447992\n|move|p2a: Diglett|Fissure|p1a: BIG ASS WHALE\n|-damage|p1a: BIG ASS WHALE|0 fnt\n|faint|p1a: BIG ASS WHALE\n|-ohko\n|\n|-weather|RainDance|[upkeep]\n|upkeep\n|c|\u2606Reludechan|Diglett\n|inactive|Battle timer is ON: inactive players will automatically lose when time's up. (requested by Reludechan)\n|inactive|acdds has 120 seconds left.\n|inactive|acdds has 90 seconds left.\n|c|\u2606Reludechan|Diglett (I like your nicknames by the way)\n|inactive|acdds has 60 seconds left.\n|inactive|acdds has 30 seconds left.\n|inactive|acdds has 20 seconds left.\n|inactive|acdds has 15 seconds left.\n|inactive|acdds has 10 seconds left.\n|inactive|acdds has 5 seconds left.\n|c|\u2606Reludechan|Touch Diglett\n|-message|acdds lost due to inactivity.\n|\n|win|Reludechan\n|raw|acdds's rating: 1100 &rarr; <strong>1068<\/strong><br \/>(-32 for losing)\n|raw|Reludechan's rating: 1000 &rarr; <strong>1051<\/strong><br \/>(+51 for winning)\n","uploadtime":1699448208,"views":14,"p1id":"acdds","p2id":"reludechan","formatid":"gen9anythinggoes","rating":1051,"private":0,"password":""}