{"id":"gen9anythinggoes-1974608657","p1":"Rowlet the Birb","p2":"mrdeletee","format":"[Gen 9] Anything Goes","log":"|j|\u2606Rowlet the Birb\n|j|\u2606mrdeletee\n|t:|1698102176\n|gametype|singles\n|player|p1|Rowlet the Birb|170|1417\n|player|p2|mrdeletee|shadowtriad|1501\n|teamsize|p1|6\n|teamsize|p2|6\n|gen|9\n|tier|[Gen 9] Anything Goes\n|rated|\n|rule|HP Percentage Mod: HP is shown in percentages\n|rule|Endless Battle Clause: Forcing endless battles is banned\n|clearpoke\n|poke|p1|Drifblim, M|\n|poke|p1|Espathra, F|\n|poke|p1|Scream Tail|\n|poke|p1|Manaphy|\n|poke|p1|Zacian-*|\n|poke|p1|Calyrex-Shadow|\n|poke|p2|Calyrex-Shadow|\n|poke|p2|Ogerpon-Hearthflame, F|\n|poke|p2|Groudon|\n|poke|p2|Zacian-*|\n|poke|p2|Flutter Mane|\n|poke|p2|Miraidon|\n|teampreview\n|inactive|Battle timer is ON: inactive players will automatically lose when time's up. (requested by mrdeletee)\n|inactive|Rowlet the Birb also wants the timer to be on.\n|\n|t:|1698102187\n|start\n|switch|p1a: Drifblim|Drifblim, M|100\/100\n|switch|p2a: Groudon|Groudon|100\/100\n|-weather|SunnyDay|[from] ability: Drought|[of] p2a: Groudon\n|turn|1\n|\n|t:|1698102195\n|move|p2a: Groudon|Swords Dance|p2a: Groudon\n|-boost|p2a: Groudon|atk|2\n|move|p1a: Drifblim|Minimize|p1a: Drifblim\n|-boost|p1a: Drifblim|evasion|2\n|\n|-weather|SunnyDay|[upkeep]\n|upkeep\n|turn|2\n|\n|t:|1698102198\n|move|p2a: Groudon|Rock Slide|p1a: Drifblim\n|-supereffective|p1a: Drifblim\n|-enditem|p1a: Drifblim|Focus Sash\n|-damage|p1a: Drifblim|1\/100\n|-damage|p2a: Groudon|91\/100|[from] item: Life Orb\n|move|p1a: Drifblim|Minimize|p1a: Drifblim\n|-boost|p1a: Drifblim|evasion|2\n|\n|-weather|SunnyDay|[upkeep]\n|upkeep\n|turn|3\n|\n|t:|1698102204\n|move|p1a: Drifblim|Baton Pass|p1a: Drifblim\n|\n|t:|1698102207\n|switch|p1a: Espathra|Espathra, F|100\/100|[from] Baton Pass\n|move|p2a: Groudon|Fire Punch|p1a: Espathra|[miss]\n|-miss|p2a: Groudon|p1a: Espathra\n|\n|-weather|SunnyDay|[upkeep]\n|upkeep\n|turn|4\n|\n|t:|1698102211\n|move|p1a: Espathra|Calm Mind|p1a: Espathra\n|-boost|p1a: Espathra|spa|1\n|-boost|p1a: Espathra|spd|1\n|move|p2a: Groudon|Fire Punch|p1a: Espathra|[miss]\n|-miss|p2a: Groudon|p1a: Espathra\n|\n|-weather|SunnyDay|[upkeep]\n|-ability|p1a: Espathra|Speed Boost|boost\n|-boost|p1a: Espathra|spe|1\n|upkeep\n|turn|5\n|\n|t:|1698102222\n|move|p1a: Espathra|Stored Power|p2a: Groudon\n|-damage|p2a: Groudon|0 fnt\n|faint|p2a: Groudon\n|\n|-weather|none\n|-ability|p1a: Espathra|Speed Boost|boost\n|-boost|p1a: Espathra|spe|1\n|upkeep\n|\n|t:|1698102226\n|switch|p2a: Calyrex|Calyrex-Shadow|100\/100\n|-ability|p2a: Calyrex|As One\n|-ability|p2a: Calyrex|Unnerve\n|turn|6\n|\n|t:|1698102234\n|move|p1a: Espathra|Stored Power|p2a: Calyrex\n|-resisted|p2a: Calyrex\n|-damage|p2a: Calyrex|37\/100\n|move|p2a: Calyrex|Astral Barrage|p1a: Espathra|[miss]\n|-miss|p2a: Calyrex|p1a: Espathra\n|\n|-ability|p1a: Espathra|Speed Boost|boost\n|-boost|p1a: Espathra|spe|1\n|upkeep\n|turn|7\n|\n|t:|1698102241\n|move|p1a: Espathra|Calm Mind|p1a: Espathra\n|-boost|p1a: Espathra|spa|1\n|-boost|p1a: Espathra|spd|1\n|move|p2a: Calyrex|Astral Barrage|p1a: Espathra\n|-supereffective|p1a: Espathra\n|-damage|p1a: Espathra|0 fnt\n|faint|p1a: Espathra\n|-ability|p2a: Calyrex|Grim Neigh|boost\n|-boost|p2a: Calyrex|spa|1\n|\n|upkeep\n|\n|t:|1698102248\n|switch|p1a: Scream Tail|Scream Tail|100\/100\n|-enditem|p1a: Scream Tail|Booster Energy\n|-activate|p1a: Scream Tail|ability: Protosynthesis|[fromitem]\n|-start|p1a: Scream Tail|protosynthesisspd\n|turn|8\n|\n|t:|1698102252\n|move|p2a: Calyrex|Astral Barrage|p1a: Scream Tail\n|-supereffective|p1a: Scream Tail\n|-damage|p1a: Scream Tail|0 fnt\n|faint|p1a: Scream Tail\n|-end|p1a: Scream Tail|Protosynthesis|[silent]\n|-ability|p2a: Calyrex|Grim Neigh|boost\n|-boost|p2a: Calyrex|spa|1\n|\n|upkeep\n|\n|t:|1698102256\n|switch|p1a: Manaphy|Manaphy|100\/100\n|turn|9\n|\n|t:|1698102260\n|move|p2a: Calyrex|Astral Barrage|p1a: Manaphy\n|-damage|p1a: Manaphy|0 fnt\n|faint|p1a: Manaphy\n|-ability|p2a: Calyrex|Grim Neigh|boost\n|-boost|p2a: Calyrex|spa|1\n|\n|upkeep\n|\n|t:|1698102265\n|switch|p1a: Calyrex|Calyrex-Shadow|100\/100\n|-ability|p1a: Calyrex|As One\n|-ability|p1a: Calyrex|Unnerve\n|turn|10\n|\n|t:|1698102270\n|-terastallize|p2a: Calyrex|Normal\n|move|p2a: Calyrex|Astral Barrage|p1a: Calyrex\n|-supereffective|p1a: Calyrex\n|-damage|p1a: Calyrex|0 fnt\n|faint|p1a: Calyrex\n|-ability|p2a: Calyrex|Grim Neigh|boost\n|-boost|p2a: Calyrex|spa|1\n|\n|upkeep\n|\n|t:|1698102275\n|switch|p1a: Zacian|Zacian-Crowned|100\/100\n|-ability|p1a: Zacian|Intrepid Sword|boost\n|-boost|p1a: Zacian|atk|1\n|turn|11\n|\n|t:|1698102279\n|move|p2a: Calyrex|Astral Barrage|p1a: Zacian\n|-damage|p1a: Zacian|0 fnt\n|faint|p1a: Zacian\n|-ability|p2a: Calyrex|Grim Neigh|boost\n|-boost|p2a: Calyrex|spa|1\n|\n|upkeep\n|-message|Rowlet the Birb forfeited.\n|\n|win|mrdeletee\n|raw|Rowlet the Birb's rating: 1417 &rarr; <strong>1402<\/strong><br \/>(-15 for losing)\n|raw|mrdeletee's rating: 1501 &rarr; <strong>1516<\/strong><br \/>(+15 for winning)\n|l|\u2606Rowlet the Birb\n|l|\u2606mrdeletee\n|j|\u2606mrdeletee\n|player|p2|mrdeletee|shadowtriad\n","uploadtime":1698102298,"views":7,"p1id":"rowletthebirb","p2id":"mrdeletee","formatid":"gen9anythinggoes","rating":1402,"private":0,"password":""}