{"id":"gen9anythinggoes-2000128284","p1":"D1flicted","p2":"That_one_mangos","format":"[Gen 9] Anything Goes","log":"|j|\u2606D1flicted\n|j|\u2606That_one_mangos\n|t:|1701159891\n|gametype|singles\n|player|p1|D1flicted|265|1133\n|player|p2|That_one_mangos|veteran|1171\n|teamsize|p1|6\n|teamsize|p2|6\n|gen|9\n|tier|[Gen 9] Anything Goes\n|rated|\n|rule|HP Percentage Mod: HP is shown in percentages\n|rule|Endless Battle Clause: Forcing endless battles is banned\n|clearpoke\n|poke|p1|Ribombee, F|\n|poke|p1|Charizard, M|\n|poke|p1|Quagsire, F|\n|poke|p1|Amoonguss, F|\n|poke|p1|Tyranitar, M|\n|poke|p1|Conkeldurr, M|\n|poke|p2|Enamorus, F|\n|poke|p2|Calyrex-Shadow|\n|poke|p2|Sinistcha|\n|poke|p2|Regieleki|\n|poke|p2|Glimmora, M|\n|poke|p2|Kyogre|\n|teampreview\n|inactive|Battle timer is ON: inactive players will automatically lose when time's up. (requested by That_one_mangos)\n|\n|t:|1701159906\n|start\n|switch|p1a: Amoonguss|Amoonguss, F|100\/100\n|switch|p2a: Kyogre|Kyogre, shiny|100\/100\n|-weather|RainDance|[from] ability: Drizzle|[of] p2a: Kyogre\n|turn|1\n|\n|t:|1701159915\n|move|p2a: Kyogre|Water Spout|p1a: Amoonguss\n|-resisted|p1a: Amoonguss\n|-damage|p1a: Amoonguss|41\/100\n|move|p1a: Amoonguss|Spore|p2a: Kyogre\n|-status|p2a: Kyogre|slp|[from] move: Spore\n|\n|-weather|RainDance|[upkeep]\n|-heal|p1a: Amoonguss|47\/100|[from] item: Leftovers\n|upkeep\n|turn|2\n|\n|t:|1701159925\n|cant|p2a: Kyogre|slp\n|move|p1a: Amoonguss|Giga Drain|p2a: Kyogre\n|-supereffective|p2a: Kyogre\n|-damage|p2a: Kyogre|51\/100 slp\n|-heal|p1a: Amoonguss|67\/100|[from] drain|[of] p2a: Kyogre\n|\n|-weather|RainDance|[upkeep]\n|-heal|p2a: Kyogre|57\/100 slp|[from] item: Leftovers\n|-heal|p1a: Amoonguss|73\/100|[from] item: Leftovers\n|upkeep\n|turn|3\n|\n|t:|1701159934\n|-curestatus|p2a: Kyogre|slp|[msg]\n|move|p2a: Kyogre|Origin Pulse|p1a: Amoonguss\n|-resisted|p1a: Amoonguss\n|-damage|p1a: Amoonguss|31\/100\n|move|p1a: Amoonguss|Giga Drain|p2a: Kyogre\n|-supereffective|p2a: Kyogre\n|-damage|p2a: Kyogre|12\/100\n|-heal|p1a: Amoonguss|49\/100|[from] drain|[of] p2a: Kyogre\n|\n|-weather|RainDance|[upkeep]\n|-heal|p2a: Kyogre|19\/100|[from] item: Leftovers\n|-heal|p1a: Amoonguss|55\/100|[from] item: Leftovers\n|upkeep\n|turn|4\n|\n|t:|1701159949\n|switch|p1a: Quagsire|Quagsire, F|100\/100\n|move|p2a: Kyogre|Origin Pulse|p1a: Quagsire\n|-immune|p1a: Quagsire|[from] ability: Water Absorb\n|\n|-weather|RainDance|[upkeep]\n|-heal|p2a: Kyogre|25\/100|[from] item: Leftovers\n|upkeep\n|turn|5\n|\n|t:|1701159968\n|move|p2a: Kyogre|Earthquake|p1a: Quagsire\n|-damage|p1a: Quagsire|82\/100\n|move|p1a: Quagsire|Earthquake|p2a: Kyogre\n|-damage|p2a: Kyogre|0 fnt\n|faint|p2a: Kyogre\n|\n|-weather|none\n|-heal|p1a: Quagsire|88\/100|[from] item: Leftovers\n|upkeep\n|\n|t:|1701159974\n|switch|p2a: Enamorus|Enamorus, F, shiny|100\/100\n|turn|6\n|\n|t:|1701159980\n|move|p2a: Enamorus|Superpower|p1a: Quagsire\n|-damage|p1a: Quagsire|52\/100\n|-boost|p2a: Enamorus|atk|1\n|-boost|p2a: Enamorus|def|1\n|move|p1a: Quagsire|Avalanche|p2a: Enamorus\n|-supereffective|p2a: Enamorus\n|-damage|p2a: Enamorus|24\/100\n|\n|-heal|p1a: Quagsire|58\/100|[from] item: Leftovers\n|upkeep\n|turn|7\n|\n|t:|1701159991\n|move|p2a: Enamorus|Sludge Bomb|p1a: Quagsire\n|-resisted|p1a: Quagsire\n|-damage|p1a: Quagsire|41\/100\n|move|p1a: Quagsire|Avalanche|p2a: Enamorus\n|-supereffective|p2a: Enamorus\n|-damage|p2a: Enamorus|0 fnt\n|faint|p2a: Enamorus\n|\n|-heal|p1a: Quagsire|47\/100|[from] item: Leftovers\n|upkeep\n|\n|t:|1701159997\n|switch|p2a: Glimmora|Glimmora, M, shiny|100\/100\n|turn|8\n|\n|t:|1701160004\n|move|p2a: Glimmora|Spiky Shield|p2a: Glimmora\n|-singleturn|p2a: Glimmora|move: Protect\n|move|p1a: Quagsire|Waterfall|p2a: Glimmora\n|-activate|p2a: Glimmora|move: Protect\n|-damage|p1a: Quagsire|34\/100|[from] Spiky Shield|[of] p2a: Glimmora\n|\n|-heal|p1a: Quagsire|40\/100|[from] item: Leftovers\n|upkeep\n|turn|9\n|inactive|That_one_mangos has 120 seconds left.\n|\n|t:|1701160037\n|move|p2a: Glimmora|Stealth Rock|p1a: Quagsire\n|-sidestart|p1: D1flicted|move: Stealth Rock\n|move|p1a: Quagsire|Waterfall|p2a: Glimmora\n|-supereffective|p2a: Glimmora\n|-damage|p2a: Glimmora|37\/100\n|-activate|p2a: Glimmora|ability: Toxic Debris\n|-sidestart|p1: D1flicted|move: Toxic Spikes\n|\n|-heal|p1a: Quagsire|46\/100|[from] item: Leftovers\n|upkeep\n|turn|10\n|\n|t:|1701160048\n|move|p2a: Glimmora|Spiky Shield|p2a: Glimmora\n|-singleturn|p2a: Glimmora|move: Protect\n|move|p1a: Quagsire|Waterfall|p2a: Glimmora\n|-activate|p2a: Glimmora|move: Protect\n|-damage|p1a: Quagsire|34\/100|[from] Spiky Shield|[of] p2a: Glimmora\n|\n|-heal|p1a: Quagsire|40\/100|[from] item: Leftovers\n|upkeep\n|turn|11\n|\n|t:|1701160056\n|move|p2a: Glimmora|Spikes|p1a: Quagsire\n|-sidestart|p1: D1flicted|Spikes\n|move|p1a: Quagsire|Waterfall|p2a: Glimmora\n|-supereffective|p2a: Glimmora\n|-damage|p2a: Glimmora|0 fnt\n|-activate|p2a: Glimmora|ability: Toxic Debris\n|-sidestart|p1: D1flicted|move: Toxic Spikes\n|faint|p2a: Glimmora\n|\n|-heal|p1a: Quagsire|46\/100|[from] item: Leftovers\n|upkeep\n|\n|t:|1701160066\n|switch|p2a: Regieleki|Regieleki, shiny|100\/100\n|turn|12\n|\n|t:|1701160070\n|move|p2a: Regieleki|Reflect|p2a: Regieleki\n|-sidestart|p2: That_one_mangos|Reflect\n|move|p1a: Quagsire|Earthquake|p2a: Regieleki\n|-supereffective|p2a: Regieleki\n|-damage|p2a: Regieleki|39\/100\n|\n|-heal|p1a: Quagsire|52\/100|[from] item: Leftovers\n|upkeep\n|turn|13\n|\n|t:|1701160076\n|move|p2a: Regieleki|Light Screen|p2a: Regieleki\n|-sidestart|p2: That_one_mangos|move: Light Screen\n|move|p1a: Quagsire|Earthquake|p2a: Regieleki\n|-supereffective|p2a: Regieleki\n|-damage|p2a: Regieleki|0 fnt\n|faint|p2a: Regieleki\n|\n|-heal|p1a: Quagsire|58\/100|[from] item: Leftovers\n|upkeep\n|\n|t:|1701160078\n|switch|p2a: Sinistcha|Sinistcha, shiny|100\/100\n|turn|14\n|\n|t:|1701160085\n|move|p2a: Sinistcha|Calm Mind|p2a: Sinistcha\n|-boost|p2a: Sinistcha|spa|1\n|-boost|p2a: Sinistcha|spd|1\n|move|p1a: Quagsire|Avalanche|p2a: Sinistcha\n|-supereffective|p2a: Sinistcha\n|-damage|p2a: Sinistcha|85\/100\n|\n|-heal|p2a: Sinistcha|91\/100|[from] item: Leftovers\n|-heal|p1a: Quagsire|64\/100|[from] item: Leftovers\n|upkeep\n|turn|15\n|\n|t:|1701160098\n|move|p2a: Sinistcha|Iron Defense|p2a: Sinistcha\n|-boost|p2a: Sinistcha|def|2\n|move|p1a: Quagsire|Stealth Rock|p2a: Sinistcha\n|-sidestart|p2: That_one_mangos|move: Stealth Rock\n|\n|-heal|p2a: Sinistcha|97\/100|[from] item: Leftovers\n|-heal|p1a: Quagsire|71\/100|[from] item: Leftovers\n|upkeep\n|turn|16\n|\n|t:|1701160107\n|move|p2a: Sinistcha|Calm Mind|p2a: Sinistcha\n|-boost|p2a: Sinistcha|spa|1\n|-boost|p2a: Sinistcha|spd|1\n|move|p1a: Quagsire|Avalanche|p2a: Sinistcha\n|-supereffective|p2a: Sinistcha\n|-damage|p2a: Sinistcha|90\/100\n|\n|-heal|p2a: Sinistcha|96\/100|[from] item: Leftovers\n|-heal|p1a: Quagsire|77\/100|[from] item: Leftovers\n|-sideend|p2: That_one_mangos|Reflect\n|upkeep\n|turn|17\n|\n|t:|1701160118\n|move|p2a: Sinistcha|Calm Mind|p2a: Sinistcha\n|-boost|p2a: Sinistcha|spa|1\n|-boost|p2a: Sinistcha|spd|1\n|move|p1a: Quagsire|Avalanche|p2a: Sinistcha\n|-supereffective|p2a: Sinistcha\n|-damage|p2a: Sinistcha|80\/100\n|\n|-heal|p2a: Sinistcha|86\/100|[from] item: Leftovers\n|-heal|p1a: Quagsire|83\/100|[from] item: Leftovers\n|-sideend|p2: That_one_mangos|move: Light Screen\n|upkeep\n|turn|18\n|\n|t:|1701160127\n|move|p2a: Sinistcha|Calm Mind|p2a: Sinistcha\n|-boost|p2a: Sinistcha|spa|1\n|-boost|p2a: Sinistcha|spd|1\n|move|p1a: Quagsire|Avalanche|p2a: Sinistcha\n|-supereffective|p2a: Sinistcha\n|-damage|p2a: Sinistcha|72\/100\n|\n|-heal|p2a: Sinistcha|78\/100|[from] item: Leftovers\n|-heal|p1a: Quagsire|89\/100|[from] item: Leftovers\n|upkeep\n|turn|19\n|\n|t:|1701160136\n|switch|p1a: Charizard|Charizard, M|100\/100\n|move|p2a: Sinistcha|Iron Defense|p2a: Sinistcha\n|-boost|p2a: Sinistcha|def|2\n|\n|-heal|p2a: Sinistcha|84\/100|[from] item: Leftovers\n|upkeep\n|turn|20\n|\n|t:|1701160150\n|move|p1a: Charizard|Dragon Dance|p1a: Charizard\n|-boost|p1a: Charizard|atk|1\n|-boost|p1a: Charizard|spe|1\n|move|p2a: Sinistcha|Matcha Gotcha|p1a: Charizard\n|-resisted|p1a: Charizard\n|-damage|p1a: Charizard|68\/100\n|-heal|p2a: Sinistcha|99\/100|[from] drain|[of] p1a: Charizard\n|\n|-heal|p2a: Sinistcha|100\/100|[from] item: Leftovers\n|upkeep\n|turn|21\n|\n|t:|1701160160\n|move|p1a: Charizard|Fire Punch|p2a: Sinistcha\n|-supereffective|p2a: Sinistcha\n|-damage|p2a: Sinistcha|87\/100\n|move|p2a: Sinistcha|Calm Mind|p2a: Sinistcha\n|-boost|p2a: Sinistcha|spa|1\n|-boost|p2a: Sinistcha|spd|1\n|\n|-heal|p2a: Sinistcha|93\/100|[from] item: Leftovers\n|upkeep\n|turn|22\n|\n|t:|1701160168\n|move|p1a: Charizard|Dragon Dance|p1a: Charizard\n|-boost|p1a: Charizard|atk|1\n|-boost|p1a: Charizard|spe|1\n|move|p2a: Sinistcha|Matcha Gotcha|p1a: Charizard\n|-resisted|p1a: Charizard\n|-damage|p1a: Charizard|28\/100\n|-heal|p2a: Sinistcha|100\/100|[from] drain|[of] p1a: Charizard\n|\n|upkeep\n|turn|23\n|\n|t:|1701160176\n|move|p1a: Charizard|Fire Punch|p2a: Sinistcha\n|-supereffective|p2a: Sinistcha\n|-damage|p2a: Sinistcha|74\/100\n|move|p2a: Sinistcha|Matcha Gotcha|p1a: Charizard|[miss]\n|-miss|p2a: Sinistcha|p1a: Charizard\n|\n|-heal|p2a: Sinistcha|80\/100|[from] item: Leftovers\n|upkeep\n|turn|24\n|\n|t:|1701160185\n|move|p1a: Charizard|Fire Punch|p2a: Sinistcha\n|-supereffective|p2a: Sinistcha\n|-damage|p2a: Sinistcha|50\/100\n|move|p2a: Sinistcha|Matcha Gotcha|p1a: Charizard\n|-resisted|p1a: Charizard\n|-damage|p1a: Charizard|0 fnt\n|-heal|p2a: Sinistcha|63\/100|[from] drain|[of] p1a: Charizard\n|faint|p1a: Charizard\n|\n|-heal|p2a: Sinistcha|69\/100|[from] item: Leftovers\n|upkeep\n|\n|t:|1701160206\n|switch|p1a: Amoonguss|Amoonguss, F|55\/100\n|-damage|p1a: Amoonguss|42\/100|[from] Stealth Rock\n|-sideend|p1: D1flicted|move: Toxic Spikes|[of] p1a: Amoonguss\n|-damage|p1a: Amoonguss|30\/100|[from] Spikes\n|turn|25\n|\n|t:|1701160222\n|move|p2a: Sinistcha|Calm Mind|p2a: Sinistcha\n|-boost|p2a: Sinistcha|spa|1\n|-boost|p2a: Sinistcha|spd|1\n|move|p1a: Amoonguss|Spore|p2a: Sinistcha\n|-immune|p2a: Sinistcha\n|\n|-heal|p2a: Sinistcha|75\/100|[from] item: Leftovers\n|-heal|p1a: Amoonguss|36\/100|[from] item: Leftovers\n|upkeep\n|turn|26\n|\n|t:|1701160231\n|move|p2a: Sinistcha|Matcha Gotcha|p1a: Amoonguss\n|-resisted|p1a: Amoonguss\n|-damage|p1a: Amoonguss|6\/100\n|-heal|p2a: Sinistcha|96\/100|[from] drain|[of] p1a: Amoonguss\n|move|p1a: Amoonguss|Sludge Bomb|p2a: Sinistcha\n|-damage|p2a: Sinistcha|85\/100\n|-status|p2a: Sinistcha|psn\n|\n|-heal|p2a: Sinistcha|91\/100 psn|[from] item: Leftovers\n|-heal|p1a: Amoonguss|12\/100|[from] item: Leftovers\n|-damage|p2a: Sinistcha|79\/100 psn|[from] psn\n|upkeep\n|turn|27\n|\n|t:|1701160245\n|move|p2a: Sinistcha|Matcha Gotcha|p1a: Amoonguss|[miss]\n|-miss|p2a: Sinistcha|p1a: Amoonguss\n|move|p1a: Amoonguss|Synthesis|p1a: Amoonguss\n|-heal|p1a: Amoonguss|62\/100\n|\n|-heal|p2a: Sinistcha|85\/100 psn|[from] item: Leftovers\n|-heal|p1a: Amoonguss|68\/100|[from] item: Leftovers\n|-damage|p2a: Sinistcha|73\/100 psn|[from] psn\n|upkeep\n|turn|28\n|\n|t:|1701160258\n|move|p2a: Sinistcha|Iron Defense|p2a: Sinistcha\n|-boost|p2a: Sinistcha|def|2\n|move|p1a: Amoonguss|Sludge Bomb|p2a: Sinistcha\n|-damage|p2a: Sinistcha|63\/100 psn\n|\n|-heal|p2a: Sinistcha|70\/100 psn|[from] item: Leftovers\n|-heal|p1a: Amoonguss|74\/100|[from] item: Leftovers\n|-damage|p2a: Sinistcha|57\/100 psn|[from] psn\n|upkeep\n|turn|29\n|\n|t:|1701160267\n|move|p2a: Sinistcha|Matcha Gotcha|p1a: Amoonguss\n|-resisted|p1a: Amoonguss\n|-damage|p1a: Amoonguss|42\/100\n|-heal|p2a: Sinistcha|79\/100 psn|[from] drain|[of] p1a: Amoonguss\n|move|p1a: Amoonguss|Synthesis|p1a: Amoonguss\n|-heal|p1a: Amoonguss|92\/100\n|\n|-heal|p2a: Sinistcha|85\/100 psn|[from] item: Leftovers\n|-heal|p1a: Amoonguss|98\/100|[from] item: Leftovers\n|-damage|p2a: Sinistcha|73\/100 psn|[from] psn\n|upkeep\n|turn|30\n|\n|t:|1701160278\n|move|p2a: Sinistcha|Matcha Gotcha|p1a: Amoonguss\n|-resisted|p1a: Amoonguss\n|-damage|p1a: Amoonguss|66\/100\n|-heal|p2a: Sinistcha|94\/100 psn|[from] drain|[of] p1a: Amoonguss\n|move|p1a: Amoonguss|Sludge Bomb|p2a: Sinistcha\n|-damage|p2a: Sinistcha|84\/100 psn\n|\n|-heal|p2a: Sinistcha|91\/100 psn|[from] item: Leftovers\n|-heal|p1a: Amoonguss|72\/100|[from] item: Leftovers\n|-damage|p2a: Sinistcha|78\/100 psn|[from] psn\n|upkeep\n|turn|31\n|\n|t:|1701160296\n|move|p2a: Sinistcha|Matcha Gotcha|p1a: Amoonguss\n|-resisted|p1a: Amoonguss\n|-damage|p1a: Amoonguss|42\/100\n|-heal|p2a: Sinistcha|98\/100 psn|[from] drain|[of] p1a: Amoonguss\n|move|p1a: Amoonguss|Sludge Bomb|p2a: Sinistcha\n|-damage|p2a: Sinistcha|88\/100 psn\n|\n|-heal|p2a: Sinistcha|94\/100 psn|[from] item: Leftovers\n|-heal|p1a: Amoonguss|48\/100|[from] item: Leftovers\n|-damage|p2a: Sinistcha|81\/100 psn|[from] psn\n|upkeep\n|turn|32\n|\n|t:|1701160310\n|move|p2a: Sinistcha|Matcha Gotcha|p1a: Amoonguss\n|-resisted|p1a: Amoonguss\n|-damage|p1a: Amoonguss|20\/100\n|-heal|p2a: Sinistcha|100\/100 psn|[from] drain|[of] p1a: Amoonguss\n|move|p1a: Amoonguss|Synthesis|p1a: Amoonguss\n|-heal|p1a: Amoonguss|69\/100\n|\n|-heal|p1a: Amoonguss|75\/100|[from] item: Leftovers\n|-damage|p2a: Sinistcha|88\/100 psn|[from] psn\n|upkeep\n|turn|33\n|c|\u2606That_one_mangos|Bro\n|l|\u2606That_one_mangos\n|inactive|That_one_mangos disconnected and has a minute to reconnect!\n|player|p2|\n|j|\u2606That_one_mangos\n|inactive|That_one_mangos reconnected and has 130 seconds left.\n|player|p2|That_one_mangos|veteran\n|\n|t:|1701160338\n|move|p2a: Sinistcha|Matcha Gotcha|p1a: Amoonguss\n|-resisted|p1a: Amoonguss\n|-damage|p1a: Amoonguss|45\/100\n|-heal|p2a: Sinistcha|100\/100 psn|[from] drain|[of] p1a: Amoonguss\n|-status|p1a: Amoonguss|brn\n|move|p1a: Amoonguss|Synthesis|p1a: Amoonguss\n|-heal|p1a: Amoonguss|95\/100 brn\n|\n|-heal|p1a: Amoonguss|100\/100 brn|[from] item: Leftovers\n|-damage|p2a: Sinistcha|88\/100 psn|[from] psn\n|-damage|p1a: Amoonguss|94\/100 brn|[from] brn\n|upkeep\n|turn|34\n|\n|t:|1701160353\n|move|p2a: Sinistcha|Matcha Gotcha|p1a: Amoonguss\n|-resisted|p1a: Amoonguss\n|-damage|p1a: Amoonguss|65\/100 brn\n|-heal|p2a: Sinistcha|100\/100 psn|[from] drain|[of] p1a: Amoonguss\n|move|p1a: Amoonguss|Sludge Bomb|p2a: Sinistcha\n|-damage|p2a: Sinistcha|91\/100 psn\n|\n|-heal|p2a: Sinistcha|97\/100 psn|[from] item: Leftovers\n|-heal|p1a: Amoonguss|71\/100 brn|[from] item: Leftovers\n|-damage|p2a: Sinistcha|85\/100 psn|[from] psn\n|-damage|p1a: Amoonguss|65\/100 brn|[from] brn\n|upkeep\n|turn|35\n|\n|t:|1701160371\n|move|p2a: Sinistcha|Matcha Gotcha|p1a: Amoonguss\n|-resisted|p1a: Amoonguss\n|-damage|p1a: Amoonguss|37\/100 brn\n|-heal|p2a: Sinistcha|100\/100 psn|[from] drain|[of] p1a: Amoonguss\n|move|p1a: Amoonguss|Synthesis|p1a: Amoonguss\n|-heal|p1a: Amoonguss|87\/100 brn\n|\n|-heal|p1a: Amoonguss|93\/100 brn|[from] item: Leftovers\n|-damage|p2a: Sinistcha|88\/100 psn|[from] psn\n|-damage|p1a: Amoonguss|87\/100 brn|[from] brn\n|upkeep\n|turn|36\n|inactive|D1flicted has 120 seconds left.\n|\n|t:|1701160388\n|move|p2a: Sinistcha|Matcha Gotcha|p1a: Amoonguss\n|-resisted|p1a: Amoonguss\n|-damage|p1a: Amoonguss|57\/100 brn\n|-heal|p2a: Sinistcha|100\/100 psn|[from] drain|[of] p1a: Amoonguss\n|move|p1a: Amoonguss|Sludge Bomb|p2a: Sinistcha\n|-damage|p2a: Sinistcha|90\/100 psn\n|\n|-heal|p2a: Sinistcha|96\/100 psn|[from] item: Leftovers\n|-heal|p1a: Amoonguss|63\/100 brn|[from] item: Leftovers\n|-damage|p2a: Sinistcha|84\/100 psn|[from] psn\n|-damage|p1a: Amoonguss|57\/100 brn|[from] brn\n|upkeep\n|turn|37\n|inactive|D1flicted has 120 seconds left.\n|\n|t:|1701160409\n|move|p2a: Sinistcha|Matcha Gotcha|p1a: Amoonguss\n|-resisted|p1a: Amoonguss\n|-damage|p1a: Amoonguss|26\/100 brn\n|-heal|p2a: Sinistcha|100\/100 psn|[from] drain|[of] p1a: Amoonguss\n|move|p1a: Amoonguss|Synthesis|p1a: Amoonguss\n|-heal|p1a: Amoonguss|76\/100 brn\n|\n|-heal|p1a: Amoonguss|82\/100 brn|[from] item: Leftovers\n|-damage|p2a: Sinistcha|88\/100 psn|[from] psn\n|-damage|p1a: Amoonguss|76\/100 brn|[from] brn\n|upkeep\n|turn|38\n|inactive|D1flicted has 120 seconds left.\n|\n|t:|1701160423\n|move|p2a: Sinistcha|Matcha Gotcha|p1a: Amoonguss\n|-resisted|p1a: Amoonguss\n|-damage|p1a: Amoonguss|49\/100 brn\n|-heal|p2a: Sinistcha|100\/100 psn|[from] drain|[of] p1a: Amoonguss\n|move|p1a: Amoonguss|Sludge Bomb|p2a: Sinistcha\n|-damage|p2a: Sinistcha|90\/100 psn\n|\n|-heal|p2a: Sinistcha|96\/100 psn|[from] item: Leftovers\n|-heal|p1a: Amoonguss|55\/100 brn|[from] item: Leftovers\n|-damage|p2a: Sinistcha|84\/100 psn|[from] psn\n|-damage|p1a: Amoonguss|49\/100 brn|[from] brn\n|upkeep\n|turn|39\n|inactive|D1flicted has 120 seconds left.\n|\n|t:|1701160436\n|move|p2a: Sinistcha|Matcha Gotcha|p1a: Amoonguss\n|-resisted|p1a: Amoonguss\n|-damage|p1a: Amoonguss|20\/100 brn\n|-heal|p2a: Sinistcha|100\/100 psn|[from] drain|[of] p1a: Amoonguss\n|move|p1a: Amoonguss|Synthesis|p1a: Amoonguss\n|-heal|p1a: Amoonguss|70\/100 brn\n|\n|-heal|p1a: Amoonguss|76\/100 brn|[from] item: Leftovers\n|-damage|p2a: Sinistcha|88\/100 psn|[from] psn\n|-damage|p1a: Amoonguss|70\/100 brn|[from] brn\n|upkeep\n|turn|40\n|inactive|D1flicted has 120 seconds left.\n|\n|t:|1701160449\n|move|p2a: Sinistcha|Matcha Gotcha|p1a: Amoonguss\n|-resisted|p1a: Amoonguss\n|-damage|p1a: Amoonguss|42\/100 brn\n|-heal|p2a: Sinistcha|100\/100 psn|[from] drain|[of] p1a: Amoonguss\n|move|p1a: Amoonguss|Synthesis|p1a: Amoonguss\n|-heal|p1a: Amoonguss|92\/100 brn\n|\n|-heal|p1a: Amoonguss|98\/100 brn|[from] item: Leftovers\n|-damage|p2a: Sinistcha|88\/100 psn|[from] psn\n|-damage|p1a: Amoonguss|92\/100 brn|[from] brn\n|upkeep\n|turn|41\n|inactive|D1flicted has 120 seconds left.\n|\n|t:|1701160465\n|move|p2a: Sinistcha|Matcha Gotcha|p1a: Amoonguss|[miss]\n|-miss|p2a: Sinistcha|p1a: Amoonguss\n|move|p1a: Amoonguss|Sludge Bomb|p2a: Sinistcha\n|-damage|p2a: Sinistcha|77\/100 psn\n|\n|-heal|p2a: Sinistcha|84\/100 psn|[from] item: Leftovers\n|-heal|p1a: Amoonguss|98\/100 brn|[from] item: Leftovers\n|-damage|p2a: Sinistcha|71\/100 psn|[from] psn\n|-damage|p1a: Amoonguss|92\/100 brn|[from] brn\n|upkeep\n|turn|42\n|inactive|D1flicted has 120 seconds left.\n|\n|t:|1701160480\n|move|p2a: Sinistcha|Matcha Gotcha|p1a: Amoonguss\n|-resisted|p1a: Amoonguss\n|-damage|p1a: Amoonguss|63\/100 brn\n|-heal|p2a: Sinistcha|91\/100 psn|[from] drain|[of] p1a: Amoonguss\n|move|p1a: Amoonguss|Sludge Bomb|p2a: Sinistcha\n|-damage|p2a: Sinistcha|80\/100 psn\n|\n|-heal|p2a: Sinistcha|86\/100 psn|[from] item: Leftovers\n|-heal|p1a: Amoonguss|69\/100 brn|[from] item: Leftovers\n|-damage|p2a: Sinistcha|74\/100 psn|[from] psn\n|-damage|p1a: Amoonguss|63\/100 brn|[from] brn\n|upkeep\n|turn|43\n|inactive|D1flicted has 120 seconds left.\n|\n|t:|1701160493\n|move|p2a: Sinistcha|Strength Sap|p1a: Amoonguss\n|-unboost|p1a: Amoonguss|atk|1\n|-heal|p2a: Sinistcha|100\/100 psn\n|move|p1a: Amoonguss|Sludge Bomb|p2a: Sinistcha\n|-damage|p2a: Sinistcha|89\/100 psn\n|\n|-heal|p2a: Sinistcha|96\/100 psn|[from] item: Leftovers\n|-heal|p1a: Amoonguss|69\/100 brn|[from] item: Leftovers\n|-damage|p2a: Sinistcha|83\/100 psn|[from] psn\n|-damage|p1a: Amoonguss|63\/100 brn|[from] brn\n|upkeep\n|turn|44\n|inactive|D1flicted has 120 seconds left.\n|\n|t:|1701160505\n|move|p2a: Sinistcha|Strength Sap|p1a: Amoonguss\n|-unboost|p1a: Amoonguss|atk|1\n|-heal|p2a: Sinistcha|100\/100 psn\n|move|p1a: Amoonguss|Sludge Bomb|p2a: Sinistcha\n|-damage|p2a: Sinistcha|91\/100 psn\n|\n|-heal|p2a: Sinistcha|97\/100 psn|[from] item: Leftovers\n|-heal|p1a: Amoonguss|69\/100 brn|[from] item: Leftovers\n|-damage|p2a: Sinistcha|85\/100 psn|[from] psn\n|-damage|p1a: Amoonguss|63\/100 brn|[from] brn\n|upkeep\n|turn|45\n|\n|t:|1701160508\n|move|p2a: Sinistcha|Matcha Gotcha|p1a: Amoonguss\n|-resisted|p1a: Amoonguss\n|-damage|p1a: Amoonguss|35\/100 brn\n|-heal|p2a: Sinistcha|100\/100 psn|[from] drain|[of] p1a: Amoonguss\n|move|p1a: Amoonguss|Sludge Bomb|p2a: Sinistcha\n|-damage|p2a: Sinistcha|90\/100 psn\n|\n|-heal|p2a: Sinistcha|96\/100 psn|[from] item: Leftovers\n|-heal|p1a: Amoonguss|41\/100 brn|[from] item: Leftovers\n|-damage|p2a: Sinistcha|84\/100 psn|[from] psn\n|-damage|p1a: Amoonguss|35\/100 brn|[from] brn\n|upkeep\n|turn|46\n|inactive|D1flicted has 120 seconds left.\n|\n|t:|1701160529\n|move|p2a: Sinistcha|Matcha Gotcha|p1a: Amoonguss\n|-resisted|p1a: Amoonguss\n|-damage|p1a: Amoonguss|3\/100 brn\n|-heal|p2a: Sinistcha|100\/100 psn|[from] drain|[of] p1a: Amoonguss\n|move|p1a: Amoonguss|Sludge Bomb|p2a: Sinistcha\n|-damage|p2a: Sinistcha|90\/100 psn\n|\n|-heal|p2a: Sinistcha|96\/100 psn|[from] item: Leftovers\n|-heal|p1a: Amoonguss|9\/100 brn|[from] item: Leftovers\n|-damage|p2a: Sinistcha|84\/100 psn|[from] psn\n|-damage|p1a: Amoonguss|3\/100 brn|[from] brn\n|upkeep\n|turn|47\n|inactive|D1flicted has 120 seconds left.\n|\n|t:|1701160543\n|move|p2a: Sinistcha|Strength Sap|p1a: Amoonguss\n|-unboost|p1a: Amoonguss|atk|1\n|-heal|p2a: Sinistcha|100\/100 psn\n|move|p1a: Amoonguss|Giga Drain|p2a: Sinistcha\n|-resisted|p2a: Sinistcha\n|-damage|p2a: Sinistcha|97\/100 psn\n|-heal|p1a: Amoonguss|5\/100 brn|[from] drain|[of] p2a: Sinistcha\n|\n|-heal|p2a: Sinistcha|100\/100 psn|[from] item: Leftovers\n|-heal|p1a: Amoonguss|11\/100 brn|[from] item: Leftovers\n|-damage|p2a: Sinistcha|88\/100 psn|[from] psn\n|-damage|p1a: Amoonguss|5\/100 brn|[from] brn\n|upkeep\n|turn|48\n|inactive|D1flicted has 120 seconds left.\n|\n|t:|1701160557\n|move|p2a: Sinistcha|Matcha Gotcha|p1a: Amoonguss\n|-resisted|p1a: Amoonguss\n|-damage|p1a: Amoonguss|0 fnt\n|-heal|p2a: Sinistcha|91\/100 psn|[from] drain|[of] p1a: Amoonguss\n|faint|p1a: Amoonguss\n|\n|-heal|p2a: Sinistcha|97\/100 psn|[from] item: Leftovers\n|-damage|p2a: Sinistcha|85\/100 psn|[from] psn\n|upkeep\n|\n|t:|1701160578\n|switch|p1a: Ribombee|Ribombee, F|100\/100\n|-damage|p1a: Ribombee|76\/100|[from] Stealth Rock\n|-damage|p1a: Ribombee|63\/100|[from] Spikes\n|turn|49\n|\n|t:|1701160589\n|move|p1a: Ribombee|Dazzling Gleam|p2a: Sinistcha\n|-damage|p2a: Sinistcha|73\/100 psn\n|-damage|p1a: Ribombee|53\/100|[from] item: Life Orb\n|move|p2a: Sinistcha|Matcha Gotcha|p1a: Ribombee\n|-resisted|p1a: Ribombee\n|-damage|p1a: Ribombee|0 fnt\n|-heal|p2a: Sinistcha|95\/100 psn|[from] drain|[of] p1a: Ribombee\n|faint|p1a: Ribombee\n|\n|-heal|p2a: Sinistcha|100\/100 psn|[from] item: Leftovers\n|-damage|p2a: Sinistcha|88\/100 psn|[from] psn\n|upkeep\n|inactive|D1flicted has 90 seconds left.\n|\n|t:|1701160605\n|switch|p1a: Quagsire|Quagsire, F|89\/100\n|-damage|p1a: Quagsire|83\/100|[from] Stealth Rock\n|-damage|p1a: Quagsire|70\/100|[from] Spikes\n|turn|50\n|\n|t:|1701160624\n|move|p2a: Sinistcha|Strength Sap|p1a: Quagsire\n|-unboost|p1a: Quagsire|atk|1\n|-heal|p2a: Sinistcha|100\/100 psn\n|move|p1a: Quagsire|Avalanche|p2a: Sinistcha\n|-supereffective|p2a: Sinistcha\n|-damage|p2a: Sinistcha|95\/100 psn\n|\n|-heal|p2a: Sinistcha|100\/100 psn|[from] item: Leftovers\n|-heal|p1a: Quagsire|76\/100|[from] item: Leftovers\n|-damage|p2a: Sinistcha|88\/100 psn|[from] psn\n|upkeep\n|turn|51\n|inactive|D1flicted has 90 seconds left.\n|\n|t:|1701160639\n|move|p2a: Sinistcha|Strength Sap|p1a: Quagsire\n|-unboost|p1a: Quagsire|atk|1\n|-heal|p2a: Sinistcha|100\/100 psn\n|move|p1a: Quagsire|Avalanche|p2a: Sinistcha\n|-supereffective|p2a: Sinistcha\n|-damage|p2a: Sinistcha|96\/100 psn\n|\n|-heal|p2a: Sinistcha|100\/100 psn|[from] item: Leftovers\n|-heal|p1a: Quagsire|82\/100|[from] item: Leftovers\n|-damage|p2a: Sinistcha|88\/100 psn|[from] psn\n|upkeep\n|turn|52\n|inactive|D1flicted has 90 seconds left.\n|\n|t:|1701160654\n|move|p2a: Sinistcha|Strength Sap|p1a: Quagsire\n|-unboost|p1a: Quagsire|atk|1\n|-heal|p2a: Sinistcha|100\/100 psn\n|move|p1a: Quagsire|Earthquake|p2a: Sinistcha\n|-resisted|p2a: Sinistcha\n|-damage|p2a: Sinistcha|99\/100 psn\n|\n|-heal|p2a: Sinistcha|100\/100 psn|[from] item: Leftovers\n|-heal|p1a: Quagsire|89\/100|[from] item: Leftovers\n|-damage|p2a: Sinistcha|88\/100 psn|[from] psn\n|upkeep\n|turn|53\n|inactive|D1flicted has 90 seconds left.\n|\n|t:|1701160672\n|move|p2a: Sinistcha|Strength Sap|p1a: Quagsire\n|-unboost|p1a: Quagsire|atk|1\n|-heal|p2a: Sinistcha|100\/100 psn\n|move|p1a: Quagsire|Earthquake|p2a: Sinistcha\n|-resisted|p2a: Sinistcha\n|-damage|p2a: Sinistcha|99\/100 psn\n|\n|-heal|p2a: Sinistcha|100\/100 psn|[from] item: Leftovers\n|-heal|p1a: Quagsire|95\/100|[from] item: Leftovers\n|-damage|p2a: Sinistcha|88\/100 psn|[from] psn\n|upkeep\n|turn|54\n|\n|t:|1701160690\n|move|p2a: Sinistcha|Strength Sap|p1a: Quagsire\n|-unboost|p1a: Quagsire|atk|1\n|-heal|p2a: Sinistcha|100\/100 psn\n|move|p1a: Quagsire|Earthquake|p2a: Sinistcha\n|-resisted|p2a: Sinistcha\n|-damage|p2a: Sinistcha|99\/100 psn\n|\n|-heal|p2a: Sinistcha|100\/100 psn|[from] item: Leftovers\n|-heal|p1a: Quagsire|100\/100|[from] item: Leftovers\n|-damage|p2a: Sinistcha|88\/100 psn|[from] psn\n|upkeep\n|turn|55\n|\n|t:|1701160701\n|move|p2a: Sinistcha|Calm Mind|p2a: Sinistcha\n|-boost|p2a: Sinistcha|spa|0\n|-boost|p2a: Sinistcha|spd|0\n|move|p1a: Quagsire|Earthquake|p2a: Sinistcha\n|-resisted|p2a: Sinistcha\n|-damage|p2a: Sinistcha|86\/100 psn\n|\n|-heal|p2a: Sinistcha|93\/100 psn|[from] item: Leftovers\n|-damage|p2a: Sinistcha|80\/100 psn|[from] psn\n|upkeep\n|turn|56\n|\n|t:|1701160711\n|move|p2a: Sinistcha|Calm Mind|p2a: Sinistcha\n|-boost|p2a: Sinistcha|spa|0\n|-boost|p2a: Sinistcha|spd|0\n|move|p1a: Quagsire|Earthquake|p2a: Sinistcha\n|-resisted|p2a: Sinistcha\n|-damage|p2a: Sinistcha|79\/100 psn\n|\n|-heal|p2a: Sinistcha|85\/100 psn|[from] item: Leftovers\n|-damage|p2a: Sinistcha|72\/100 psn|[from] psn\n|upkeep\n|turn|57\n|\n|t:|1701160721\n|move|p2a: Sinistcha|Calm Mind|p2a: Sinistcha\n|-boost|p2a: Sinistcha|spa|0\n|-boost|p2a: Sinistcha|spd|0\n|move|p1a: Quagsire|Earthquake|p2a: Sinistcha\n|-resisted|p2a: Sinistcha\n|-damage|p2a: Sinistcha|71\/100 psn\n|\n|-heal|p2a: Sinistcha|77\/100 psn|[from] item: Leftovers\n|-damage|p2a: Sinistcha|64\/100 psn|[from] psn\n|upkeep\n|turn|58\n|inactive|D1flicted has 90 seconds left.\n|\n|t:|1701160731\n|move|p2a: Sinistcha|Strength Sap|p1a: Quagsire\n|-unboost|p1a: Quagsire|atk|1\n|-heal|p2a: Sinistcha|91\/100 psn\n|move|p1a: Quagsire|Avalanche|p2a: Sinistcha\n|-supereffective|p2a: Sinistcha\n|-damage|p2a: Sinistcha|88\/100 psn\n|\n|-heal|p2a: Sinistcha|94\/100 psn|[from] item: Leftovers\n|-damage|p2a: Sinistcha|82\/100 psn|[from] psn\n|upkeep\n|turn|59\n|inactive|D1flicted has 90 seconds left.\n|\n|t:|1701160744\n|move|p2a: Sinistcha|Calm Mind|p2a: Sinistcha\n|-boost|p2a: Sinistcha|spa|0\n|-boost|p2a: Sinistcha|spd|0\n|move|p1a: Quagsire|Earthquake|p2a: Sinistcha\n|-resisted|p2a: Sinistcha\n|-damage|p2a: Sinistcha|81\/100 psn\n|\n|-heal|p2a: Sinistcha|87\/100 psn|[from] item: Leftovers\n|-damage|p2a: Sinistcha|74\/100 psn|[from] psn\n|upkeep\n|turn|60\n|inactive|D1flicted has 90 seconds left.\n|\n|t:|1701160757\n|move|p2a: Sinistcha|Strength Sap||[still]\n|-fail|p2a: Sinistcha\n|move|p1a: Quagsire|Avalanche|p2a: Sinistcha\n|-supereffective|p2a: Sinistcha\n|-damage|p2a: Sinistcha|72\/100 psn\n|\n|-heal|p2a: Sinistcha|78\/100 psn|[from] item: Leftovers\n|-damage|p2a: Sinistcha|66\/100 psn|[from] psn\n|upkeep\n|turn|61\n|\n|t:|1701160770\n|move|p2a: Sinistcha|Calm Mind|p2a: Sinistcha\n|-boost|p2a: Sinistcha|spa|0\n|-boost|p2a: Sinistcha|spd|0\n|move|p1a: Quagsire|Avalanche|p2a: Sinistcha\n|-supereffective|p2a: Sinistcha\n|-damage|p2a: Sinistcha|63\/100 psn\n|\n|-heal|p2a: Sinistcha|69\/100 psn|[from] item: Leftovers\n|-damage|p2a: Sinistcha|57\/100 psn|[from] psn\n|upkeep\n|turn|62\n|\n|t:|1701160779\n|move|p2a: Sinistcha|Iron Defense|p2a: Sinistcha\n|-boost|p2a: Sinistcha|def|0\n|move|p1a: Quagsire|Avalanche|p2a: Sinistcha\n|-supereffective|p2a: Sinistcha\n|-damage|p2a: Sinistcha|54\/100 psn\n|\n|-heal|p2a: Sinistcha|61\/100 psn|[from] item: Leftovers\n|-damage|p2a: Sinistcha|48\/100 psn|[from] psn\n|upkeep\n|turn|63\n|\n|t:|1701160790\n|move|p2a: Sinistcha|Iron Defense|p2a: Sinistcha\n|-boost|p2a: Sinistcha|def|0\n|move|p1a: Quagsire|Avalanche|p2a: Sinistcha\n|-supereffective|p2a: Sinistcha\n|-crit|p2a: Sinistcha\n|-damage|p2a: Sinistcha|4\/100 psn\n|\n|-heal|p2a: Sinistcha|10\/100 psn|[from] item: Leftovers\n|-damage|p2a: Sinistcha|0 fnt|[from] psn\n|faint|p2a: Sinistcha\n|upkeep\n|\n|t:|1701160799\n|switch|p2a: Calyrex|Calyrex-Shadow|100\/100\n|-ability|p2a: Calyrex|As One\n|-ability|p2a: Calyrex|Unnerve\n|-damage|p2a: Calyrex|88\/100|[from] Stealth Rock\n|turn|64\n|c|\u2606D1flicted|finally\n|\n|t:|1701160806\n|move|p2a: Calyrex|Astral Barrage|p1a: Quagsire\n|-damage|p1a: Quagsire|10\/100\n|move|p1a: Quagsire|Earthquake|p2a: Calyrex\n|-damage|p2a: Calyrex|76\/100\n|\n|-heal|p1a: Quagsire|16\/100|[from] item: Leftovers\n|upkeep\n|turn|65\n|inactive|D1flicted has 120 seconds left.\n|\n|t:|1701160815\n|move|p2a: Calyrex|Astral Barrage|p1a: Quagsire\n|-damage|p1a: Quagsire|0 fnt\n|faint|p1a: Quagsire\n|-ability|p2a: Calyrex|Grim Neigh|boost\n|-boost|p2a: Calyrex|spa|1\n|\n|upkeep\n|inactive|D1flicted has 120 seconds left.\n|\n|t:|1701160822\n|switch|p1a: Tyranitar|Tyranitar, M|100\/100\n|-damage|p1a: Tyranitar|88\/100|[from] Stealth Rock\n|-damage|p1a: Tyranitar|76\/100|[from] Spikes\n|-weather|Sandstorm|[from] ability: Sand Stream|[of] p1a: Tyranitar\n|turn|66\n|inactive|D1flicted has 120 seconds left.\n|\n|t:|1701160834\n|move|p2a: Calyrex|Astral Barrage|p1a: Tyranitar\n|-resisted|p1a: Tyranitar\n|-damage|p1a: Tyranitar|46\/100\n|move|p1a: Tyranitar|Rock Slide|p2a: Calyrex\n|-damage|p2a: Calyrex|25\/100\n|\n|-weather|Sandstorm|[upkeep]\n|-damage|p2a: Calyrex|19\/100|[from] Sandstorm\n|upkeep\n|turn|67\n|\n|t:|1701160856\n|move|p2a: Calyrex|Body Press|p1a: Tyranitar\n|-supereffective|p1a: Tyranitar\n|-damage|p1a: Tyranitar|0 fnt\n|faint|p1a: Tyranitar\n|-ability|p2a: Calyrex|Grim Neigh|boost\n|-boost|p2a: Calyrex|spa|1\n|\n|-weather|Sandstorm|[upkeep]\n|-damage|p2a: Calyrex|12\/100|[from] Sandstorm\n|upkeep\n|\n|t:|1701160864\n|switch|p1a: Conkeldurr|Conkeldurr, M|100\/100\n|-damage|p1a: Conkeldurr|94\/100|[from] Stealth Rock\n|-damage|p1a: Conkeldurr|82\/100|[from] Spikes\n|turn|68\n|\n|t:|1701160872\n|move|p2a: Calyrex|Astral Barrage|p1a: Conkeldurr\n|-damage|p1a: Conkeldurr|0 fnt\n|faint|p1a: Conkeldurr\n|\n|win|That_one_mangos\n|raw|D1flicted's rating: 1133 &rarr; <strong>1111<\/strong><br \/>(-22 for losing)\n|raw|That_one_mangos's rating: 1171 &rarr; <strong>1193<\/strong><br \/>(+22 for winning)\n","uploadtime":1701160909,"views":0,"p1id":"d1flicted","p2id":"thatonemangos","formatid":"gen9anythinggoes","rating":1111,"private":0,"password":""}