{"id":"gen9anythinggoes-1979446940","p1":"Aplegends","p2":"Just-Miraidon","format":"[Gen 9] Anything Goes","log":"|j|\u2606Aplegends\n|j|\u2606Just-Miraidon\n|t:|1698683388\n|gametype|singles\n|player|p1|Aplegends|102|1109\n|player|p2|Just-Miraidon|ghetsis-gen5bw|1183\n|teamsize|p1|6\n|teamsize|p2|6\n|gen|9\n|tier|[Gen 9] Anything Goes\n|rated|\n|rule|HP Percentage Mod: HP is shown in percentages\n|rule|Endless Battle Clause: Forcing endless battles is banned\n|clearpoke\n|poke|p1|Staraptor, M|\n|poke|p1|Urshifu-*, M|\n|poke|p1|Clodsire, M|\n|poke|p1|Greninja-*, M|\n|poke|p1|Crabominable, M|\n|poke|p1|Goodra-Hisui, F|\n|poke|p2|Calyrex-Shadow|\n|poke|p2|Miraidon|\n|poke|p2|Kyogre|\n|poke|p2|Miraidon|\n|poke|p2|Miraidon|\n|poke|p2|Miraidon|\n|teampreview\n|inactive|Battle timer is ON: inactive players will automatically lose when time's up. (requested by Aplegends)\n|c|\u2606Just-Miraidon|hi\n|\n|t:|1698683400\n|start\n|switch|p1a: Mamahuevo|Goodra-Hisui, F, shiny|100\/100\n|switch|p2a: Miraidon|Miraidon|100\/100\n|-fieldstart|move: Electric Terrain|[from] ability: Hadron Engine|[of] p2a: Miraidon\n|turn|1\n|\n|t:|1698683411\n|-terastallize|p1a: Mamahuevo|Fairy\n|move|p2a: Miraidon|Volt Switch|p1a: Mamahuevo\n|-damage|p1a: Mamahuevo|46\/100\n|\n|t:|1698683425\n|switch|p2a: Miraidon|Miraidon|100\/100|[from] Volt Switch\n|-activate|p2a: Miraidon|ability: Hadron Engine\n|move|p1a: Mamahuevo|Draco Meteor|p2a: Miraidon|[miss]\n|-miss|p1a: Mamahuevo|p2a: Miraidon\n|\n|upkeep\n|turn|2\n|c|\u2606Aplegends|Why all legs\n|\n|t:|1698683438\n|move|p2a: Miraidon|Electro Drift|p1a: Mamahuevo\n|-damage|p1a: Mamahuevo|0 fnt\n|-ability|p1a: Mamahuevo|Gooey\n|-unboost|p2a: Miraidon|spe|1\n|faint|p1a: Mamahuevo\n|-damage|p2a: Miraidon|91\/100|[from] item: Life Orb\n|\n|upkeep\n|c|\u2606Just-Miraidon|why not?\n|\n|t:|1698683445\n|switch|p1a: \u00d1api|Crabominable, M|100\/100\n|turn|3\n|c|\u2606Just-Miraidon|its ag lol\n|\n|t:|1698683462\n|move|p2a: Miraidon|Electro Drift|p1a: \u00d1api\n|-damage|p1a: \u00d1api|0 fnt\n|faint|p1a: \u00d1api\n|-damage|p2a: Miraidon|81\/100|[from] item: Life Orb\n|\n|upkeep\n|c|\u2606Aplegends|Yea but still\n|c|\u2606Just-Miraidon|?\n|c|\u2606Aplegends|Why not have fun\n|\n|t:|1698683478\n|switch|p1a: Caca|Clodsire, M, shiny|100\/100\n|-enditem|p1a: Caca|Electric Seed\n|-boost|p1a: Caca|def|1|[from] item: Electric Seed\n|turn|4\n|c|\u2606Just-Miraidon|its fun\n|inactive|Aplegends has 120 seconds left.\n|\n|t:|1698683504\n|switch|p2a: Kyogre|Kyogre, shiny|100\/100\n|-weather|RainDance|[from] ability: Drizzle|[of] p2a: Kyogre\n|move|p1a: Caca|Earthquake|p2a: Kyogre\n|-damage|p2a: Kyogre|71\/100\n|\n|-weather|RainDance|[upkeep]\n|upkeep\n|turn|5\n|c|\u2606Just-Miraidon|why shouldnt it be fun?\n|c|\u2606Aplegends|Cause its braindead\n|\n|t:|1698683525\n|move|p2a: Kyogre|Origin Pulse|p1a: Caca\n|-immune|p1a: Caca|[from] ability: Water Absorb\n|move|p1a: Caca|Gunk Shot|p2a: Kyogre|[miss]\n|-miss|p1a: Caca|p2a: Kyogre\n|\n|-weather|RainDance|[upkeep]\n|-fieldend|move: Electric Terrain\n|upkeep\n|turn|6\n|\n|t:|1698683539\n|switch|p2a: Miraidon|Miraidon|100\/100\n|-fieldstart|move: Electric Terrain|[from] ability: Hadron Engine|[of] p2a: Miraidon\n|move|p1a: Caca|Gunk Shot|p2a: Miraidon\n|-damage|p2a: Miraidon|65\/100\n|-status|p2a: Miraidon|psn\n|\n|-weather|RainDance|[upkeep]\n|-damage|p2a: Miraidon|53\/100 psn|[from] psn\n|upkeep\n|turn|7\n|c|\u2606Just-Miraidon|lol\n|\n|t:|1698683551\n|move|p2a: Miraidon|Draco Meteor|p1a: Caca\n|-damage|p1a: Caca|38\/100\n|-unboost|p2a: Miraidon|spa|2\n|move|p1a: Caca|Earthquake|p2a: Miraidon\n|-supereffective|p2a: Miraidon\n|-damage|p2a: Miraidon|0 fnt\n|faint|p2a: Miraidon\n|\n|-weather|RainDance|[upkeep]\n|upkeep\n|\n|t:|1698683555\n|switch|p2a: Calyrex|Calyrex-Shadow|100\/100\n|-ability|p2a: Calyrex|As One\n|-ability|p2a: Calyrex|Unnerve\n|turn|8\n|\n|t:|1698683562\n|move|p2a: Calyrex|Psychic|p1a: Caca\n|-supereffective|p1a: Caca\n|-damage|p1a: Caca|0 fnt\n|faint|p1a: Caca\n|-ability|p2a: Calyrex|Grim Neigh|boost\n|-boost|p2a: Calyrex|spa|1\n|-damage|p2a: Calyrex|91\/100|[from] item: Life Orb\n|\n|-weather|none\n|upkeep\n|\n|t:|1698683571\n|switch|p1a: Joputa|Greninja, M|100\/100\n|turn|9\n|\n|t:|1698683596\n|move|p2a: Calyrex|Draining Kiss|p1a: Joputa\n|-supereffective|p1a: Joputa\n|-damage|p1a: Joputa|0 fnt\n|-heal|p2a: Calyrex|100\/100|[from] drain|[of] p1a: Joputa\n|faint|p1a: Joputa\n|-ability|p2a: Calyrex|Grim Neigh|boost\n|-boost|p2a: Calyrex|spa|1\n|-damage|p2a: Calyrex|91\/100|[from] item: Life Orb\n|\n|upkeep\n|\n|t:|1698683602\n|switch|p1a: Japaro|Staraptor, M, shiny|100\/100\n|turn|10\n|c|\u2606Just-Miraidon|this is my 5th round on my new acc and i got 4 wins\n|c|\u2606Just-Miraidon|maybe 5\n|\n|t:|1698683621\n|move|p2a: Calyrex|Psychic|p1a: Japaro\n|-damage|p1a: Japaro|0 fnt\n|faint|p1a: Japaro\n|-ability|p2a: Calyrex|Grim Neigh|boost\n|-boost|p2a: Calyrex|spa|1\n|-damage|p2a: Calyrex|81\/100|[from] item: Life Orb\n|\n|-fieldend|move: Electric Terrain\n|upkeep\n|c|\u2606Aplegends|Crazy\n|c|\u2606Just-Miraidon|i know\n|\n|t:|1698683638\n|switch|p1a: OsoLol|Urshifu-Rapid-Strike, M|100\/100\n|turn|11\n|\n|t:|1698683646\n|-terastallize|p2a: Calyrex|Ghost\n|move|p2a: Calyrex|Astral Barrage|p1a: OsoLol\n|-enditem|p1a: OsoLol|Focus Sash\n|-damage|p1a: OsoLol|1\/100\n|-damage|p2a: Calyrex|71\/100|[from] item: Life Orb\n|move|p1a: OsoLol|Bulk Up|p1a: OsoLol\n|-boost|p1a: OsoLol|atk|1\n|-boost|p1a: OsoLol|def|1\n|\n|upkeep\n|turn|12\n|c|\u2606Aplegends|Gg go jump off a cliff\n|inactive|Just-Miraidon has 120 seconds left.\n|\n|t:|1698683693\n|move|p1a: OsoLol|Aqua Jet|p2a: Calyrex\n|-damage|p2a: Calyrex|32\/100\n|move|p2a: Calyrex|Draining Kiss|p1a: OsoLol\n|-supereffective|p1a: OsoLol\n|-damage|p1a: OsoLol|0 fnt\n|-heal|p2a: Calyrex|32\/100|[from] drain|[of] p1a: OsoLol\n|faint|p1a: OsoLol\n|-damage|p2a: Calyrex|22\/100|[from] item: Life Orb\n|\n|win|Just-Miraidon\n|raw|Aplegends's rating: 1109 &rarr; <strong>1089<\/strong><br \/>(-20 for losing)\n|raw|Just-Miraidon's rating: 1183 &rarr; <strong>1203<\/strong><br \/>(+20 for winning)\n","uploadtime":1698683690,"views":5,"p1id":"aplegends","p2id":"justmiraidon","formatid":"gen9anythinggoes","rating":1089,"private":0,"password":""}