{"id":"gen9anythinggoes-1974677313","p1":"poulpws","p2":"Reigjinokou","format":"[Gen 9] Anything Goes","log":"|j|\u2606poulpws\n|j|\u2606Reigjinokou\n|t:|1698109499\n|gametype|singles\n|player|p1|poulpws|janitor|1246\n|player|p2|Reigjinokou|169|1143\n|teamsize|p1|6\n|teamsize|p2|6\n|gen|9\n|tier|[Gen 9] Anything Goes\n|rated|\n|rule|HP Percentage Mod: HP is shown in percentages\n|rule|Endless Battle Clause: Forcing endless battles is banned\n|clearpoke\n|poke|p1|Skeledirge, M|\n|poke|p1|Krookodile, M|\n|poke|p1|Sinistcha-Masterpiece|\n|poke|p1|Azumarill, F|\n|poke|p1|Bellibolt, M|\n|poke|p1|Revavroom, M|\n|poke|p2|Hatterene, F|\n|poke|p2|Kingambit, M|\n|poke|p2|Maushold|\n|poke|p2|Meowscarada, F|\n|poke|p2|Gengar, M|\n|poke|p2|Conkeldurr, F|\n|teampreview\n|\n|t:|1698109517\n|start\n|switch|p1a: Revavroom|Revavroom, M|100\/100\n|switch|p2a: Gengar|Gengar, M|100\/100\n|turn|1\n|\n|t:|1698109525\n|move|p2a: Gengar|Nasty Plot|p2a: Gengar\n|-boost|p2a: Gengar|spa|2\n|move|p1a: Revavroom|High Horsepower|p2a: Gengar\n|-supereffective|p2a: Gengar\n|-damage|p2a: Gengar|0 fnt\n|faint|p2a: Gengar\n|\n|upkeep\n|\n|t:|1698109532\n|switch|p2a: Maushold|Maushold|100\/100\n|turn|2\n|\n|t:|1698109537\n|move|p2a: Maushold|Population Bomb|p1a: Revavroom\n|-resisted|p1a: Revavroom\n|-damage|p1a: Revavroom|95\/100\n|-resisted|p1a: Revavroom\n|-damage|p1a: Revavroom|88\/100\n|-hitcount|p1a: Revavroom|2\n|cant|p1a: Revavroom|flinch\n|\n|-heal|p1a: Revavroom|94\/100|[from] item: Leftovers\n|upkeep\n|turn|3\n|\n|t:|1698109549\n|move|p2a: Maushold|Population Bomb|p1a: Revavroom\n|-resisted|p1a: Revavroom\n|-damage|p1a: Revavroom|87\/100\n|-resisted|p1a: Revavroom\n|-damage|p1a: Revavroom|80\/100\n|-resisted|p1a: Revavroom\n|-damage|p1a: Revavroom|73\/100\n|-resisted|p1a: Revavroom\n|-damage|p1a: Revavroom|67\/100\n|-hitcount|p1a: Revavroom|4\n|cant|p1a: Revavroom|flinch\n|\n|-heal|p1a: Revavroom|73\/100|[from] item: Leftovers\n|upkeep\n|turn|4\n|\n|t:|1698109562\n|move|p2a: Maushold|Population Bomb|p1a: Revavroom|[miss]\n|-miss|p2a: Maushold|p1a: Revavroom\n|move|p1a: Revavroom|Shift Gear|p1a: Revavroom\n|-boost|p1a: Revavroom|spe|2\n|-boost|p1a: Revavroom|atk|1\n|\n|-heal|p1a: Revavroom|79\/100|[from] item: Leftovers\n|upkeep\n|turn|5\n|\n|t:|1698109572\n|move|p1a: Revavroom|Gunk Shot|p2a: Maushold|[miss]\n|-miss|p1a: Revavroom|p2a: Maushold\n|move|p2a: Maushold|Encore|p1a: Revavroom\n|-start|p1a: Revavroom|Encore\n|\n|-heal|p1a: Revavroom|85\/100|[from] item: Leftovers\n|upkeep\n|turn|6\n|\n|t:|1698109583\n|switch|p1a: Krookodile|Krookodile, M|100\/100\n|switch|p2a: Kingambit|Kingambit, M|100\/100\n|-activate|p2a: Kingambit|ability: Supreme Overlord\n|-start|p2a: Kingambit|fallen1|[silent]\n|\n|upkeep\n|turn|7\n|\n|t:|1698109597\n|-end|p2a: Kingambit|fallen1|[silent]\n|switch|p2a: Meowscarada|Meowscarada, F|100\/100\n|move|p1a: Krookodile|Earthquake|p2a: Meowscarada\n|-resisted|p2a: Meowscarada\n|-damage|p2a: Meowscarada|63\/100\n|\n|upkeep\n|turn|8\n|\n|t:|1698109613\n|switch|p1a: Bellibolt|Bellibolt, M|100\/100\n|move|p2a: Meowscarada|Agility|p2a: Meowscarada\n|-start|p2a: Meowscarada|typechange|Psychic|[from] ability: Protean\n|-boost|p2a: Meowscarada|spe|2\n|\n|upkeep\n|turn|9\n|\n|t:|1698109623\n|move|p2a: Meowscarada|Flower Trick|p1a: Bellibolt\n|-crit|p1a: Bellibolt\n|-damage|p1a: Bellibolt|76\/100\n|-start|p1a: Bellibolt|Charge|Flower Trick|[from] ability: Electromorphosis\n|move|p1a: Bellibolt|Parabolic Charge|p2a: Meowscarada\n|-damage|p2a: Meowscarada|0 fnt\n|-heal|p1a: Bellibolt|98\/100|[from] drain|[of] p2a: Meowscarada\n|faint|p2a: Meowscarada\n|-end|p1a: Bellibolt|Charge|[silent]\n|\n|-heal|p1a: Bellibolt|100\/100|[from] item: Leftovers\n|upkeep\n|\n|t:|1698109635\n|switch|p2a: Hatterene|Hatterene, F|100\/100\n|turn|10\n|\n|t:|1698109640\n|move|p1a: Bellibolt|Charge Beam|p2a: Hatterene\n|-damage|p2a: Hatterene|83\/100\n|-boost|p1a: Bellibolt|spa|1\n|move|p2a: Hatterene|Light Screen|p2a: Hatterene\n|-sidestart|p2: Reigjinokou|move: Light Screen\n|\n|upkeep\n|turn|11\n|\n|t:|1698109647\n|move|p1a: Bellibolt|Charge Beam|p2a: Hatterene\n|-damage|p2a: Hatterene|70\/100\n|-boost|p1a: Bellibolt|spa|1\n|move|p2a: Hatterene|Trick Room|p2a: Hatterene\n|-fieldstart|move: Trick Room|[of] p2a: Hatterene\n|\n|upkeep\n|turn|12\n|\n|t:|1698109653\n|move|p2a: Hatterene|Reflect|p2a: Hatterene\n|-sidestart|p2: Reigjinokou|Reflect\n|move|p1a: Bellibolt|Charge Beam|p2a: Hatterene\n|-damage|p2a: Hatterene|53\/100\n|-boost|p1a: Bellibolt|spa|1\n|\n|upkeep\n|turn|13\n|\n|t:|1698109660\n|switch|p2a: Conkeldurr|Conkeldurr, F|100\/100\n|move|p1a: Bellibolt|Charge Beam|p2a: Conkeldurr\n|-damage|p2a: Conkeldurr|75\/100\n|-boost|p1a: Bellibolt|spa|1\n|\n|-status|p2a: Conkeldurr|brn|[from] item: Flame Orb\n|upkeep\n|turn|14\n|\n|t:|1698109670\n|move|p2a: Conkeldurr|Earthquake|p1a: Bellibolt\n|-supereffective|p1a: Bellibolt\n|-damage|p1a: Bellibolt|16\/100\n|-start|p1a: Bellibolt|Charge|Earthquake|[from] ability: Electromorphosis\n|move|p1a: Bellibolt|Parabolic Charge|p2a: Conkeldurr\n|-damage|p2a: Conkeldurr|0 fnt\n|-heal|p1a: Bellibolt|52\/100|[from] drain|[of] p2a: Conkeldurr\n|faint|p2a: Conkeldurr\n|-end|p1a: Bellibolt|Charge|[silent]\n|\n|-heal|p1a: Bellibolt|59\/100|[from] item: Leftovers\n|upkeep\n|\n|t:|1698109680\n|switch|p2a: Kingambit|Kingambit, M|100\/100\n|-activate|p2a: Kingambit|ability: Supreme Overlord\n|-start|p2a: Kingambit|fallen3|[silent]\n|-enditem|p2a: Kingambit|Room Service\n|-unboost|p2a: Kingambit|spe|1|[from] item: Room Service\n|turn|15\n|\n|t:|1698109688\n|move|p2a: Kingambit|Retaliate|p1a: Bellibolt\n|-damage|p1a: Bellibolt|9\/100\n|-start|p1a: Bellibolt|Charge|Retaliate|[from] ability: Electromorphosis\n|move|p1a: Bellibolt|Parabolic Charge|p2a: Kingambit\n|-damage|p2a: Kingambit|29\/100\n|-heal|p1a: Bellibolt|39\/100|[from] drain|[of] p2a: Kingambit\n|-end|p1a: Bellibolt|Charge|[silent]\n|\n|-heal|p1a: Bellibolt|46\/100|[from] item: Leftovers\n|-fieldend|move: Trick Room\n|upkeep\n|turn|16\n|\n|t:|1698109699\n|move|p1a: Bellibolt|Parabolic Charge|p2a: Kingambit\n|-damage|p2a: Kingambit|0 fnt\n|-heal|p1a: Bellibolt|57\/100|[from] drain|[of] p2a: Kingambit\n|faint|p2a: Kingambit\n|-end|p2a: Kingambit|fallen3|[silent]\n|\n|-heal|p1a: Bellibolt|64\/100|[from] item: Leftovers\n|upkeep\n|\n|t:|1698109709\n|switch|p2a: Hatterene|Hatterene, F|53\/100\n|turn|17\n|\n|t:|1698109713\n|move|p2a: Hatterene|Protect|p2a: Hatterene\n|-singleturn|p2a: Hatterene|Protect\n|move|p1a: Bellibolt|Parabolic Charge|p2a: Hatterene\n|-activate|p2a: Hatterene|move: Protect\n|\n|-heal|p1a: Bellibolt|70\/100|[from] item: Leftovers\n|-sideend|p2: Reigjinokou|move: Light Screen\n|upkeep\n|turn|18\n|\n|t:|1698109722\n|move|p1a: Bellibolt|Parabolic Charge|p2a: Hatterene\n|-damage|p2a: Hatterene|0 fnt\n|-heal|p1a: Bellibolt|89\/100|[from] drain|[of] p2a: Hatterene\n|faint|p2a: Hatterene\n|\n|-heal|p1a: Bellibolt|96\/100|[from] item: Leftovers\n|upkeep\n|\n|t:|1698109728\n|switch|p2a: Maushold|Maushold|100\/100\n|turn|19\n|\n|t:|1698109732\n|move|p2a: Maushold|Population Bomb|p1a: Bellibolt\n|-damage|p1a: Bellibolt|87\/100\n|-start|p1a: Bellibolt|Charge|Population Bomb|[from] ability: Electromorphosis\n|-damage|p1a: Bellibolt|80\/100\n|-start|p1a: Bellibolt|Charge|Population Bomb|[from] ability: Electromorphosis\n|-damage|p1a: Bellibolt|72\/100\n|-start|p1a: Bellibolt|Charge|Population Bomb|[from] ability: Electromorphosis\n|-damage|p1a: Bellibolt|64\/100\n|-start|p1a: Bellibolt|Charge|Population Bomb|[from] ability: Electromorphosis\n|-hitcount|p1a: Bellibolt|4\n|move|p1a: Bellibolt|Parabolic Charge|p2a: Maushold\n|-damage|p2a: Maushold|0 fnt\n|-heal|p1a: Bellibolt|98\/100|[from] drain|[of] p2a: Maushold\n|faint|p2a: Maushold\n|-end|p1a: Bellibolt|Charge|[silent]\n|\n|win|poulpws\n|raw|poulpws's rating: 1246 &rarr; <strong>1264<\/strong><br \/>(+18 for winning)\n|raw|Reigjinokou's rating: 1143 &rarr; <strong>1125<\/strong><br \/>(-18 for losing)\n|l|\u2606Reigjinokou\n","uploadtime":1698109754,"views":9,"p1id":"poulpws","p2id":"reigjinokou","formatid":"gen9anythinggoes","rating":1125,"private":0,"password":""}