{"id":"gen9anythinggoes-1998354809","p1":"GANATHUR","p2":"Testiculater","format":"[Gen 9] Anything Goes","log":"|j|\u2606GANATHUR\n|j|\u2606Testiculater\n|t:|1700933022\n|gametype|singles\n|player|p1|GANATHUR|fantina|\n|player|p2|Testiculater|biker-gen4|\n|teamsize|p1|6\n|teamsize|p2|6\n|gen|9\n|tier|[Gen 9] Anything Goes\n|rule|HP Percentage Mod: HP is shown in percentages\n|rule|Endless Battle Clause: Forcing endless battles is banned\n|clearpoke\n|poke|p1|Great Tusk|\n|poke|p1|Vaporeon, M|\n|poke|p1|Baxcalibur, M|\n|poke|p1|Volcarona, M|\n|poke|p1|Amoonguss, M|\n|poke|p1|Gholdengo|\n|poke|p2|Toxapex, M|\n|poke|p2|Torterra, M|\n|poke|p2|Amoonguss, M|\n|poke|p2|Cinderace, F|\n|poke|p2|Weezing-Galar, M|\n|poke|p2|Tropius, F|\n|teampreview\n|\n|t:|1700933032\n|start\n|switch|p1a: Vaporeon|Vaporeon, M, shiny|100\/100\n|switch|p2a: Weezing|Weezing-Galar, M, shiny|100\/100\n|turn|1\n|\n|t:|1700933045\n|move|p1a: Vaporeon|Hydro Pump|p2a: Weezing\n|-crit|p2a: Weezing\n|-damage|p2a: Weezing|0 fnt\n|faint|p2a: Weezing\n|\n|upkeep\n|\n|t:|1700933051\n|switch|p2a: Tropius|Tropius, F|100\/100\n|turn|2\n|\n|t:|1700933062\n|move|p2a: Tropius|Substitute|p2a: Tropius\n|-start|p2a: Tropius|Substitute\n|-damage|p2a: Tropius|75\/100\n|move|p1a: Vaporeon|Hydro Pump|p2a: Tropius\n|-resisted|p2a: Tropius\n|-end|p2a: Tropius|Substitute\n|\n|upkeep\n|turn|3\n|\n|t:|1700933070\n|switch|p1a: Volcarona|Volcarona, M, shiny|100\/100\n|move|p2a: Tropius|Leech Seed|p1a: Volcarona\n|-start|p1a: Volcarona|move: Leech Seed\n|\n|-damage|p1a: Volcarona|88\/100|[from] Leech Seed|[of] p2a: Tropius\n|-heal|p2a: Tropius|86\/100|[silent]\n|upkeep\n|turn|4\n|\n|t:|1700933080\n|move|p2a: Tropius|Protect|p2a: Tropius\n|-singleturn|p2a: Tropius|Protect\n|move|p1a: Volcarona|Fire Blast|p2a: Tropius\n|-activate|p2a: Tropius|move: Protect\n|\n|-damage|p1a: Volcarona|76\/100|[from] Leech Seed|[of] p2a: Tropius\n|-heal|p2a: Tropius|96\/100|[silent]\n|upkeep\n|turn|5\n|\n|t:|1700933091\n|-terastallize|p2a: Tropius|Rock\n|move|p1a: Volcarona|Fire Blast|p2a: Tropius\n|-resisted|p2a: Tropius\n|-damage|p2a: Tropius|64\/100\n|-status|p2a: Tropius|brn\n|move|p2a: Tropius|Hurricane|p1a: Volcarona|[miss]\n|-miss|p2a: Tropius|p1a: Volcarona\n|\n|-damage|p1a: Volcarona|63\/100|[from] Leech Seed|[of] p2a: Tropius\n|-heal|p2a: Tropius|75\/100 brn|[silent]\n|-damage|p2a: Tropius|69\/100 brn|[from] brn\n|upkeep\n|turn|6\n|\n|t:|1700933105\n|move|p1a: Volcarona|U-turn|p2a: Tropius\n|-damage|p2a: Tropius|53\/100 brn\n|\n|t:|1700933112\n|switch|p1a: Great Tusk|Great Tusk, shiny|100\/100|[from] U-turn\n|-enditem|p1a: Great Tusk|Booster Energy\n|-activate|p1a: Great Tusk|ability: Protosynthesis|[fromitem]\n|-start|p1a: Great Tusk|protosynthesisdef\n|move|p2a: Tropius|Hurricane|p1a: Great Tusk\n|-supereffective|p1a: Great Tusk\n|-damage|p1a: Great Tusk|28\/100\n|-start|p1a: Great Tusk|confusion\n|\n|-damage|p2a: Tropius|47\/100 brn|[from] brn\n|upkeep\n|turn|7\n|\n|t:|1700933129\n|-activate|p1a: Great Tusk|confusion\n|move|p1a: Great Tusk|Close Combat|p2a: Tropius\n|-supereffective|p2a: Tropius\n|-damage|p2a: Tropius|0 fnt\n|-unboost|p1a: Great Tusk|def|1\n|-unboost|p1a: Great Tusk|spd|1\n|faint|p2a: Tropius\n|\n|upkeep\n|\n|t:|1700933136\n|switch|p2a: Torterra|Torterra, M|100\/100\n|turn|8\n|\n|t:|1700933143\n|move|p2a: Torterra|Protect|p2a: Torterra\n|-singleturn|p2a: Torterra|Protect\n|-end|p1a: Great Tusk|confusion\n|move|p1a: Great Tusk|Close Combat|p2a: Torterra\n|-activate|p2a: Torterra|move: Protect\n|\n|upkeep\n|turn|9\n|\n|t:|1700933158\n|move|p1a: Great Tusk|Rest|p1a: Great Tusk\n|-status|p1a: Great Tusk|slp|[from] move: Rest\n|-heal|p1a: Great Tusk|100\/100 slp|[silent]\n|move|p2a: Torterra|Earthquake|p1a: Great Tusk\n|-damage|p1a: Great Tusk|68\/100 slp\n|\n|upkeep\n|turn|10\n|\n|t:|1700933167\n|cant|p1a: Great Tusk|slp\n|move|p1a: Great Tusk|Sleep Talk|p1a: Great Tusk\n|move|p1a: Great Tusk|Rest||[from]move: Sleep Talk|[still]\n|-fail|p1a: Great Tusk\n|move|p2a: Torterra|Earthquake|p1a: Great Tusk\n|-damage|p1a: Great Tusk|36\/100 slp\n|\n|upkeep\n|turn|11\n|\n|t:|1700933188\n|-end|p1a: Great Tusk|Protosynthesis|[silent]\n|switch|p1a: Baxcalibur|Baxcalibur, M, shiny|100\/100\n|move|p2a: Torterra|Shell Smash|p2a: Torterra\n|-unboost|p2a: Torterra|def|1\n|-unboost|p2a: Torterra|spd|1\n|-boost|p2a: Torterra|atk|2\n|-boost|p2a: Torterra|spa|2\n|-boost|p2a: Torterra|spe|2\n|\n|upkeep\n|turn|12\n|\n|t:|1700933197\n|move|p2a: Torterra|Protect|p2a: Torterra\n|-singleturn|p2a: Torterra|Protect\n|move|p1a: Baxcalibur|Blizzard|p2a: Torterra\n|-activate|p2a: Torterra|move: Protect\n|\n|upkeep\n|turn|13\n|\n|t:|1700933207\n|move|p2a: Torterra|Crunch|p1a: Baxcalibur\n|-damage|p1a: Baxcalibur|53\/100\n|move|p1a: Baxcalibur|Blizzard|p2a: Torterra\n|-supereffective|p2a: Torterra\n|-damage|p2a: Torterra|0 fnt\n|faint|p2a: Torterra\n|\n|upkeep\n|\n|t:|1700933216\n|switch|p2a: Cinderace|Cinderace, F|100\/100\n|turn|14\n|\n|t:|1700933225\n|switch|p1a: Vaporeon|Vaporeon, M, shiny|100\/100\n|move|p2a: Cinderace|High Jump Kick|p1a: Vaporeon\n|-start|p2a: Cinderace|typechange|Fighting|[from] ability: Libero\n|-damage|p1a: Vaporeon|36\/100\n|\n|upkeep\n|turn|15\n|\n|t:|1700933240\n|switch|p1a: Amoonguss|Amoonguss, M, shiny|100\/100\n|move|p2a: Cinderace|U-turn|p1a: Amoonguss\n|-damage|p1a: Amoonguss|81\/100\n|\n|t:|1700933248\n|switch|p2a: Amoonguss|Amoonguss, M, shiny|100\/100|[from] U-turn\n|\n|upkeep\n|turn|16\n|\n|t:|1700933260\n|switch|p1a: Volcarona|Volcarona, M, shiny|63\/100\n|switch|p2a: Cinderace|Cinderace, F|100\/100\n|\n|upkeep\n|turn|17\n|\n|t:|1700933268\n|move|p2a: Cinderace|Bounce||[still]\n|-prepare|p2a: Cinderace|Bounce\n|-start|p2a: Cinderace|typechange|Flying|[from] ability: Libero\n|move|p1a: Volcarona|U-turn|p2a: Cinderace|[miss]\n|-miss|p1a: Volcarona|p2a: Cinderace\n|\n|upkeep\n|turn|18\n|\n|t:|1700933291\n|switch|p1a: Baxcalibur|Baxcalibur, M, shiny|53\/100\n|move|p2a: Cinderace|Bounce|p1a: Baxcalibur|[from]lockedmove\n|-damage|p1a: Baxcalibur|17\/100\n|\n|upkeep\n|turn|19\n|\n|t:|1700933302\n|move|p2a: Cinderace|High Jump Kick|p1a: Baxcalibur|[miss]\n|-miss|p2a: Cinderace|p1a: Baxcalibur\n|-damage|p2a: Cinderace|51\/100|[from] highjumpkick\n|move|p1a: Baxcalibur|Blizzard|p2a: Cinderace|[miss]\n|-miss|p1a: Baxcalibur|p2a: Cinderace\n|\n|upkeep\n|turn|20\n|\n|t:|1700933310\n|move|p2a: Cinderace|High Jump Kick|p1a: Baxcalibur\n|-supereffective|p1a: Baxcalibur\n|-damage|p1a: Baxcalibur|0 fnt\n|faint|p1a: Baxcalibur\n|\n|upkeep\n|\n|t:|1700933317\n|switch|p1a: Volcarona|Volcarona, M, shiny|63\/100\n|turn|21\n|\n|t:|1700933326\n|move|p2a: Cinderace|Bounce||[still]\n|-prepare|p2a: Cinderace|Bounce\n|move|p1a: Volcarona|Fire Blast|p2a: Cinderace|[miss]\n|-miss|p1a: Volcarona|p2a: Cinderace\n|\n|upkeep\n|turn|22\n|\n|t:|1700933333\n|move|p1a: Volcarona|Protect|p1a: Volcarona\n|-singleturn|p1a: Volcarona|Protect\n|move|p2a: Cinderace|Bounce|p1a: Volcarona|[from]lockedmove\n|-activate|p1a: Volcarona|move: Protect\n|\n|upkeep\n|turn|23\n|\n|t:|1700933342\n|move|p2a: Cinderace|Pyro Ball|p1a: Volcarona\n|-damage|p1a: Volcarona|15\/100\n|move|p1a: Volcarona|U-turn|p2a: Cinderace\n|-resisted|p2a: Cinderace\n|-damage|p2a: Cinderace|35\/100\n|\n|t:|1700933355\n|switch|p1a: Amoonguss|Amoonguss, M, shiny|100\/100|[from] U-turn\n|\n|upkeep\n|turn|24\n|\n|t:|1700933359\n|move|p2a: Cinderace|Bounce||[still]\n|-prepare|p2a: Cinderace|Bounce\n|move|p1a: Amoonguss|Spore|p2a: Cinderace|[miss]\n|-miss|p1a: Amoonguss|p2a: Cinderace\n|\n|upkeep\n|turn|25\n|\n|t:|1700933364\n|move|p1a: Amoonguss|Protect|p1a: Amoonguss\n|-singleturn|p1a: Amoonguss|Protect\n|move|p2a: Cinderace|Bounce|p1a: Amoonguss|[from]lockedmove\n|-activate|p1a: Amoonguss|move: Protect\n|\n|upkeep\n|turn|26\n|\n|t:|1700933375\n|move|p2a: Cinderace|High Jump Kick|p1a: Amoonguss\n|-resisted|p1a: Amoonguss\n|-damage|p1a: Amoonguss|83\/100\n|move|p1a: Amoonguss|Spore|p2a: Cinderace\n|-status|p2a: Cinderace|slp|[from] move: Spore\n|\n|upkeep\n|turn|27\n|\n|t:|1700933384\n|switch|p2a: Amoonguss|Amoonguss, M, shiny|100\/100\n|move|p1a: Amoonguss|Sludge Bomb|p2a: Amoonguss\n|-damage|p2a: Amoonguss|71\/100\n|\n|upkeep\n|turn|28\n|\n|t:|1700933395\n|switch|p1a: Gholdengo|Gholdengo, shiny|100\/100\n|move|p2a: Amoonguss|Sludge Bomb|p1a: Gholdengo\n|-immune|p1a: Gholdengo\n|\n|upkeep\n|turn|29\n|\n|t:|1700933402\n|move|p1a: Gholdengo|Shadow Ball|p2a: Amoonguss\n|-damage|p2a: Amoonguss|30\/100\n|move|p2a: Amoonguss|Foul Play|p1a: Gholdengo\n|-supereffective|p1a: Gholdengo\n|-damage|p1a: Gholdengo|81\/100\n|\n|upkeep\n|turn|30\n|\n|t:|1700933413\n|switch|p2a: Cinderace|Cinderace, F|35\/100 slp\n|move|p1a: Gholdengo|Shadow Ball|p2a: Cinderace\n|-damage|p2a: Cinderace|0 fnt\n|faint|p2a: Cinderace\n|\n|upkeep\n|\n|t:|1700933420\n|switch|p2a: Toxapex|Toxapex, M, shiny|100\/100\n|turn|31\n|\n|t:|1700933425\n|move|p1a: Gholdengo|Shadow Ball|p2a: Toxapex\n|-damage|p2a: Toxapex|60\/100\n|move|p2a: Toxapex|Hex|p1a: Gholdengo\n|-supereffective|p1a: Gholdengo\n|-damage|p1a: Gholdengo|58\/100\n|\n|-heal|p2a: Toxapex|66\/100|[from] item: Black Sludge\n|upkeep\n|turn|32\n|\n|t:|1700933433\n|move|p1a: Gholdengo|Recover|p1a: Gholdengo\n|-heal|p1a: Gholdengo|100\/100\n|move|p2a: Toxapex|Hex|p1a: Gholdengo\n|-supereffective|p1a: Gholdengo\n|-damage|p1a: Gholdengo|79\/100\n|\n|-heal|p2a: Toxapex|72\/100|[from] item: Black Sludge\n|upkeep\n|turn|33\n|\n|t:|1700933440\n|move|p1a: Gholdengo|Shadow Ball|p2a: Toxapex\n|-damage|p2a: Toxapex|26\/100\n|move|p2a: Toxapex|Hex|p1a: Gholdengo\n|-supereffective|p1a: Gholdengo\n|-damage|p1a: Gholdengo|59\/100\n|\n|-heal|p2a: Toxapex|32\/100|[from] item: Black Sludge\n|upkeep\n|turn|34\n|\n|t:|1700933450\n|move|p1a: Gholdengo|Recover|p1a: Gholdengo\n|-heal|p1a: Gholdengo|100\/100\n|move|p2a: Toxapex|Hex|p1a: Gholdengo\n|-supereffective|p1a: Gholdengo\n|-damage|p1a: Gholdengo|79\/100\n|\n|-heal|p2a: Toxapex|39\/100|[from] item: Black Sludge\n|upkeep\n|turn|35\n|\n|t:|1700933458\n|move|p1a: Gholdengo|Shadow Ball|p2a: Toxapex\n|-damage|p2a: Toxapex|0 fnt\n|faint|p2a: Toxapex\n|\n|upkeep\n|\n|t:|1700933464\n|switch|p2a: Amoonguss|Amoonguss, M, shiny|63\/100\n|turn|36\n|\n|t:|1700933469\n|move|p1a: Gholdengo|Shadow Ball|p2a: Amoonguss\n|-damage|p2a: Amoonguss|19\/100\n|move|p2a: Amoonguss|Foul Play|p1a: Gholdengo\n|-supereffective|p1a: Gholdengo\n|-damage|p1a: Gholdengo|60\/100\n|\n|upkeep\n|turn|37\n|\n|t:|1700933480\n|move|p1a: Gholdengo|Recover|p1a: Gholdengo\n|-heal|p1a: Gholdengo|100\/100\n|move|p2a: Amoonguss|Foul Play|p1a: Gholdengo\n|-supereffective|p1a: Gholdengo\n|-damage|p1a: Gholdengo|82\/100\n|\n|upkeep\n|turn|38\n|\n|t:|1700933489\n|switch|p1a: Volcarona|Volcarona, M, shiny|15\/100\n|move|p2a: Amoonguss|Foul Play|p1a: Volcarona\n|-damage|p1a: Volcarona|0 fnt\n|faint|p1a: Volcarona\n|\n|upkeep\n|\n|t:|1700933497\n|switch|p1a: Amoonguss|Amoonguss, M, shiny|100\/100\n|turn|39\n|\n|t:|1700933503\n|move|p1a: Amoonguss|Sludge Bomb|p2a: Amoonguss\n|-damage|p2a: Amoonguss|0 fnt\n|faint|p2a: Amoonguss\n|\n|win|GANATHUR\n|l|\u2606Testiculater\n","uploadtime":1700933564,"views":1,"p1id":"ganathur","p2id":"testiculater","formatid":"gen9anythinggoes","rating":0,"private":0,"password":""}