{"id":"gen9anythinggoes-1983473660","p1":"Lolmann24","p2":"Haxxhatred","format":"[Gen 9] Anything Goes","log":"|j|\u2606Lolmann24\n|j|\u2606Haxxhatred\n|t:|1699133923\n|gametype|singles\n|player|p1|Lolmann24|palmer|1268\n|player|p2|Haxxhatred|169|1248\n|teamsize|p1|6\n|teamsize|p2|6\n|gen|9\n|tier|[Gen 9] Anything Goes\n|rated|\n|rule|HP Percentage Mod: HP is shown in percentages\n|rule|Endless Battle Clause: Forcing endless battles is banned\n|clearpoke\n|poke|p1|Palafin, M|\n|poke|p1|Maushold-Four|\n|poke|p1|Annihilape, M|\n|poke|p1|Zapdos-Galar|\n|poke|p1|Kingambit, M|\n|poke|p1|Espathra, F|\n|poke|p2|Basculegion, M|\n|poke|p2|Arceus|\n|poke|p2|Iron Valiant|\n|poke|p2|Koraidon|\n|poke|p2|Arceus-Dark|\n|poke|p2|Kleavor, F|\n|teampreview\n|inactive|Battle timer is ON: inactive players will automatically lose when time's up. (requested by Lolmann24)\n|inactive|Haxxhatred has 120 seconds left.\n|\n|t:|1699133986\n|start\n|switch|p1a: Palafin|Palafin, M, shiny|100\/100\n|switch|p2a: Iron Valiant|Iron Valiant, shiny|100\/100\n|turn|1\n|\n|t:|1699133994\n|move|p2a: Iron Valiant|Thunderbolt|p1a: Palafin\n|-supereffective|p1a: Palafin\n|-damage|p1a: Palafin|31\/100\n|move|p1a: Palafin|Flip Turn|p2a: Iron Valiant\n|-damage|p2a: Iron Valiant|70\/100\n|\n|t:|1699134008\n|detailschange|p1a: Palafin|Palafin-Hero, M, shiny\n|switch|p1a: Espathra|Espathra, F, shiny|100\/100|[from] Flip Turn\n|\n|upkeep\n|turn|2\n|\n|t:|1699134021\n|-end|p2a: Iron Valiant|Quark Drive|[silent]\n|switch|p2a: Arceus|Arceus|100\/100\n|move|p1a: Espathra|Calm Mind|p1a: Espathra\n|-boost|p1a: Espathra|spa|1\n|-boost|p1a: Espathra|spd|1\n|\n|-ability|p1a: Espathra|Speed Boost|boost\n|-boost|p1a: Espathra|spe|1\n|upkeep\n|turn|3\n|\n|t:|1699134035\n|move|p1a: Espathra|Stored Power|p2a: Arceus\n|-damage|p2a: Arceus|68\/100\n|move|p2a: Arceus|Perish Song|p2a: Arceus\n|-start|p1a: Espathra|perish3|[silent]\n|-start|p2a: Arceus|perish3|[silent]\n|-fieldactivate|move: Perish Song\n|\n|-start|p1a: Espathra|perish3\n|-start|p2a: Arceus|perish3\n|-ability|p1a: Espathra|Speed Boost|boost\n|-boost|p1a: Espathra|spe|1\n|upkeep\n|turn|4\n|\n|t:|1699134047\n|move|p1a: Espathra|Calm Mind|p1a: Espathra\n|-boost|p1a: Espathra|spa|1\n|-boost|p1a: Espathra|spd|1\n|move|p2a: Arceus|Recover|p2a: Arceus\n|-heal|p2a: Arceus|100\/100\n|\n|-start|p1a: Espathra|perish2\n|-start|p2a: Arceus|perish2\n|-ability|p1a: Espathra|Speed Boost|boost\n|-boost|p1a: Espathra|spe|1\n|upkeep\n|turn|5\n|\n|t:|1699134058\n|move|p2a: Arceus|Extreme Speed|p1a: Espathra\n|-damage|p1a: Espathra|58\/100\n|-damage|p2a: Arceus|91\/100|[from] item: Life Orb\n|move|p1a: Espathra|Stored Power|p2a: Arceus\n|-damage|p2a: Arceus|8\/100\n|\n|-heal|p1a: Espathra|64\/100|[from] item: Leftovers\n|-start|p1a: Espathra|perish1\n|-start|p2a: Arceus|perish1\n|-ability|p1a: Espathra|Speed Boost|boost\n|-boost|p1a: Espathra|spe|1\n|upkeep\n|turn|6\n|\n|t:|1699134072\n|switch|p1a: Annihilape|Annihilape, M, shiny|100\/100\n|move|p2a: Arceus|Recover|p2a: Arceus\n|-heal|p2a: Arceus|58\/100\n|\n|-start|p2a: Arceus|perish0\n|upkeep\n|faint|p2a: Arceus\n|inactive|Haxxhatred has 120 seconds left.\n|\n|t:|1699134104\n|switch|p2a: Basculegion|Basculegion, M|100\/100\n|turn|7\n|inactive|Haxxhatred has 120 seconds left.\n|\n|t:|1699134120\n|move|p1a: Annihilape|Rage Fist|p2a: Basculegion\n|-supereffective|p2a: Basculegion\n|-damage|p2a: Basculegion|63\/100\n|move|p2a: Basculegion|Last Respects|p1a: Annihilape\n|-supereffective|p1a: Annihilape\n|-damage|p1a: Annihilape|0 fnt\n|faint|p1a: Annihilape\n|-damage|p2a: Basculegion|53\/100|[from] item: Life Orb\n|\n|upkeep\n|\n|t:|1699134133\n|switch|p1a: Kingambit|Kingambit, M|100\/100\n|-activate|p1a: Kingambit|ability: Supreme Overlord\n|-start|p1a: Kingambit|fallen1|[silent]\n|turn|8\n|inactive|Haxxhatred has 120 seconds left.\n|inactive|Haxxhatred has 90 seconds left.\n|\n|t:|1699134181\n|move|p2a: Basculegion|Wave Crash|p1a: Kingambit\n|-damage|p1a: Kingambit|22\/100\n|-damage|p2a: Basculegion|29\/100|[from] Recoil\n|-damage|p2a: Basculegion|19\/100|[from] item: Life Orb\n|move|p1a: Kingambit|Kowtow Cleave|p2a: Basculegion\n|-supereffective|p2a: Basculegion\n|-damage|p2a: Basculegion|0 fnt\n|faint|p2a: Basculegion\n|\n|-heal|p1a: Kingambit|28\/100|[from] item: Leftovers\n|upkeep\n|inactive|Haxxhatred has 90 seconds left.\n|\n|t:|1699134195\n|switch|p2a: Kleavor|Kleavor, F|100\/100\n|turn|9\n|\n|t:|1699134211\n|-end|p1a: Kingambit|fallen1|[silent]\n|switch|p1a: Palafin|Palafin-Hero, M, shiny|31\/100\n|-activate|p1a: Palafin|ability: Zero to Hero\n|move|p2a: Kleavor|Stone Axe|p1a: Palafin\n|-damage|p1a: Palafin|0 fnt\n|-sidestart|p1: Lolmann24|move: Stealth Rock\n|faint|p1a: Palafin\n|\n|upkeep\n|\n|t:|1699134219\n|switch|p1a: Zapdos|Zapdos-Galar, shiny|100\/100\n|-damage|p1a: Zapdos|88\/100|[from] Stealth Rock\n|turn|10\n|\n|t:|1699134226\n|move|p1a: Zapdos|Thunderous Kick|p2a: Kleavor\n|-damage|p2a: Kleavor|38\/100\n|-unboost|p2a: Kleavor|def|1\n|move|p2a: Kleavor|Tailwind|p2a: Kleavor\n|-sidestart|p2: Haxxhatred|move: Tailwind\n|\n|upkeep\n|turn|11\n|\n|t:|1699134236\n|move|p2a: Kleavor|Stone Axe|p1a: Zapdos\n|-damage|p1a: Zapdos|21\/100\n|move|p1a: Zapdos|Thunderous Kick|p2a: Kleavor\n|-damage|p2a: Kleavor|0 fnt\n|faint|p2a: Kleavor\n|\n|upkeep\n|inactive|Haxxhatred has 90 seconds left.\n|\n|t:|1699134270\n|switch|p2a: Koraidon|Koraidon|100\/100\n|-weather|SunnyDay|[from] ability: Orichalcum Pulse|[of] p2a: Koraidon\n|-activate|p2a: Koraidon|Orichalcum Pulse|[source]\n|turn|12\n|inactive|Haxxhatred has 90 seconds left.\n|\n|t:|1699134284\n|move|p2a: Koraidon|Collision Course|p1a: Zapdos\n|-resisted|p1a: Zapdos\n|-damage|p1a: Zapdos|0 fnt\n|faint|p1a: Zapdos\n|\n|-weather|SunnyDay|[upkeep]\n|upkeep\n|inactive|Lolmann24 has 120 seconds left.\n|\n|t:|1699134331\n|switch|p1a: Maushold|Maushold-Four|100\/100\n|-damage|p1a: Maushold|88\/100|[from] Stealth Rock\n|turn|13\n|\n|t:|1699134340\n|move|p2a: Koraidon|Collision Course|p1a: Maushold\n|-supereffective|p1a: Maushold\n|-damage|p1a: Maushold|0 fnt\n|faint|p1a: Maushold\n|\n|-weather|SunnyDay|[upkeep]\n|-sideend|p2: Haxxhatred|move: Tailwind\n|upkeep\n|\n|t:|1699134344\n|switch|p1a: Espathra|Espathra, F, shiny|64\/100\n|-damage|p1a: Espathra|52\/100|[from] Stealth Rock\n|turn|14\n|\n|t:|1699134353\n|move|p2a: Koraidon|Outrage|p1a: Espathra\n|-damage|p1a: Espathra|0 fnt\n|faint|p1a: Espathra\n|\n|-weather|SunnyDay|[upkeep]\n|upkeep\n|\n|t:|1699134356\n|switch|p1a: Kingambit|Kingambit, M|28\/100\n|-damage|p1a: Kingambit|22\/100|[from] Stealth Rock\n|-activate|p1a: Kingambit|ability: Supreme Overlord\n|-start|p1a: Kingambit|fallen5|[silent]\n|turn|15\n|inactive|Haxxhatred has 120 seconds left.\n|\n|t:|1699134364\n|move|p1a: Kingambit|Sucker Punch|p2a: Koraidon\n|-resisted|p2a: Koraidon\n|-damage|p2a: Koraidon|76\/100\n|move|p2a: Koraidon|Outrage|p1a: Kingambit|[from]lockedmove\n|-resisted|p1a: Kingambit\n|-damage|p1a: Kingambit|0 fnt\n|faint|p1a: Kingambit\n|-end|p1a: Kingambit|fallen5|[silent]\n|-start|p2a: Koraidon|confusion|[fatigue]\n|\n|win|Haxxhatred\n|raw|Lolmann24's rating: 1268 &rarr; <strong>1242<\/strong><br \/>(-26 for losing)\n|raw|Haxxhatred's rating: 1248 &rarr; <strong>1274<\/strong><br \/>(+26 for winning)\n|l|\u2606Lolmann24\n","uploadtime":1699134376,"views":4,"p1id":"lolmann24","p2id":"haxxhatred","formatid":"gen9anythinggoes","rating":1242,"private":0,"password":""}