{"id":"gen9anythinggoes-1999128015","p1":"Irasrei","p2":"hsbshb","format":"[Gen 9] Anything Goes","log":"|j|\u2606Irasrei\n|j|\u2606hsbshb\n|t:|1701036155\n|gametype|singles\n|player|p1|Irasrei|cynthia|1199\n|player|p2|hsbshb|lucas|1152\n|teamsize|p1|6\n|teamsize|p2|6\n|gen|9\n|tier|[Gen 9] Anything Goes\n|rated|\n|rule|HP Percentage Mod: HP is shown in percentages\n|rule|Endless Battle Clause: Forcing endless battles is banned\n|clearpoke\n|poke|p1|Crabominable, F|\n|poke|p1|Squawkabilly-Yellow, M|\n|poke|p1|Kingambit, F|\n|poke|p1|Gyarados, F|\n|poke|p1|Polteageist-Antique|\n|poke|p1|Garchomp, F|\n|poke|p2|Lycanroc, F|\n|poke|p2|Salamence, M|\n|poke|p2|Urshifu-*, M|\n|poke|p2|Hawlucha, M|\n|poke|p2|Rillaboom, F|\n|poke|p2|Volcarona, M|\n|teampreview\n|inactive|Battle timer is ON: inactive players will automatically lose when time's up. (requested by Irasrei)\n|\n|t:|1701036158\n|start\n|switch|p1a: T\u00e9-quiero-papear|Polteageist-Antique, shiny|100\/100\n|switch|p2a: Lycanroc|Lycanroc, F|100\/100\n|turn|1\n|\n|t:|1701036165\n|-terastallize|p2a: Lycanroc|Normal\n|move|p2a: Lycanroc|Stealth Rock|p1a: T\u00e9-quiero-papear\n|-sidestart|p1: Irasrei|move: Stealth Rock\n|move|p1a: T\u00e9-quiero-papear|Shell Smash|p1a: T\u00e9-quiero-papear\n|-unboost|p1a: T\u00e9-quiero-papear|def|1\n|-unboost|p1a: T\u00e9-quiero-papear|spd|1\n|-boost|p1a: T\u00e9-quiero-papear|atk|2\n|-boost|p1a: T\u00e9-quiero-papear|spa|2\n|-boost|p1a: T\u00e9-quiero-papear|spe|2\n|\n|upkeep\n|turn|2\n|\n|t:|1701036176\n|-terastallize|p1a: T\u00e9-quiero-papear|Fighting\n|move|p1a: T\u00e9-quiero-papear|Tera Blast|p2a: Lycanroc|[anim] Tera Blast Fighting\n|-supereffective|p2a: Lycanroc\n|-enditem|p2a: Lycanroc|Focus Sash\n|-damage|p2a: Lycanroc|1\/100\n|move|p2a: Lycanroc|Taunt|p1a: T\u00e9-quiero-papear\n|-start|p1a: T\u00e9-quiero-papear|move: Taunt\n|\n|upkeep\n|turn|3\n|\n|t:|1701036190\n|move|p1a: T\u00e9-quiero-papear|Tera Blast|p2a: Lycanroc|[anim] Tera Blast Fighting\n|-supereffective|p2a: Lycanroc\n|-damage|p2a: Lycanroc|0 fnt\n|faint|p2a: Lycanroc\n|\n|upkeep\n|c|\u2606hsbshb|how do you outspeed?\n|c|\u2606hsbshb|ur 200 speed\n|\n|t:|1701036204\n|switch|p2a: Urshifu|Urshifu-Rapid-Strike, M|100\/100\n|turn|4\n|\n|t:|1701036212\n|move|p1a: T\u00e9-quiero-papear|Stored Power|p2a: Urshifu\n|-supereffective|p2a: Urshifu\n|-damage|p2a: Urshifu|0 fnt\n|faint|p2a: Urshifu\n|\n|upkeep\n|c|\u2606hsbshb|wf\n|\n|t:|1701036219\n|switch|p2a: Salamence|Salamence, M|100\/100\n|turn|5\n|\n|t:|1701036226\n|move|p1a: T\u00e9-quiero-papear|Stored Power|p2a: Salamence\n|-damage|p2a: Salamence|0 fnt\n|faint|p2a: Salamence\n|\n|-end|p1a: T\u00e9-quiero-papear|move: Taunt\n|upkeep\n|c|\u2606hsbshb|wow so fucking skillful arent u\n|\n|t:|1701036238\n|switch|p2a: Rillaboom|Rillaboom, F|100\/100\n|-fieldstart|move: Grassy Terrain|[from] ability: Grassy Surge|[of] p2a: Rillaboom\n|turn|6\n|\n|t:|1701036246\n|move|p1a: T\u00e9-quiero-papear|Stored Power|p2a: Rillaboom\n|-damage|p2a: Rillaboom|0 fnt\n|faint|p2a: Rillaboom\n|\n|upkeep\n|-message|hsbshb forfeited.\n|\n|win|Irasrei\n|raw|Irasrei's rating: 1199 &rarr; <strong>1221<\/strong><br \/>(+22 for winning)\n|raw|hsbshb's rating: 1152 &rarr; <strong>1130<\/strong><br \/>(-22 for losing)\n|l|\u2606hsbshb\n","uploadtime":1701036236,"views":1,"p1id":"irasrei","p2id":"hsbshb","formatid":"gen9anythinggoes","rating":1130,"private":0,"password":""}