{"id":"gen9anythinggoes-1982757350","p1":"GigaBytes7","p2":"AnimeZZZZ5","format":"[Gen 9] Anything Goes","log":"|j|\u2606GigaBytes7\n|j|\u2606AnimeZZZZ5\n|t:|1699042020\n|gametype|singles\n|player|p1|GigaBytes7|kofu|1838\n|player|p2|AnimeZZZZ5|102|1844\n|teamsize|p1|6\n|teamsize|p2|6\n|gen|9\n|tier|[Gen 9] Anything Goes\n|rated|\n|rule|HP Percentage Mod: HP is shown in percentages\n|rule|Endless Battle Clause: Forcing endless battles is banned\n|clearpoke\n|poke|p1|Miraidon|\n|poke|p1|Calyrex-Shadow|\n|poke|p1|Ting-Lu|\n|poke|p1|Arceus|\n|poke|p1|Arceus-Water|\n|poke|p1|Arceus-Fairy|\n|poke|p2|Rayquaza|\n|poke|p2|Ditto|\n|poke|p2|Miraidon|\n|poke|p2|Glimmora, M|\n|poke|p2|Ogerpon-Hearthflame, F|\n|poke|p2|Arceus|\n|teampreview\n|inactive|Battle timer is ON: inactive players will automatically lose when time's up. (requested by AnimeZZZZ5)\n|\n|t:|1699042055\n|start\n|switch|p1a: Calyrex|Calyrex-Shadow|100\/100\n|switch|p2a: Glimmora|Glimmora, M|100\/100\n|-ability|p1a: Calyrex|As One\n|-ability|p1a: Calyrex|Unnerve\n|turn|1\n|inactive|AnimeZZZZ5 has 120 seconds left.\n|\n|t:|1699042088\n|switch|p2a: Miraidon|Miraidon|100\/100\n|-fieldstart|move: Electric Terrain|[from] ability: Hadron Engine|[of] p2a: Miraidon\n|-enditem|p2a: Miraidon|Electric Seed\n|-boost|p2a: Miraidon|def|1|[from] item: Electric Seed\n|move|p1a: Calyrex|Psyshock|p2a: Miraidon\n|-damage|p2a: Miraidon|67\/100\n|\n|upkeep\n|turn|2\n|inactive|AnimeZZZZ5 has 120 seconds left.\n|\n|t:|1699042112\n|switch|p1a: Ting-Lu|Ting-Lu|100\/100\n|-ability|p1a: Ting-Lu|Vessel of Ruin\n|move|p2a: Miraidon|Dragon Pulse|p1a: Ting-Lu\n|-damage|p1a: Ting-Lu|72\/100\n|\n|-heal|p1a: Ting-Lu|79\/100|[from] item: Leftovers\n|upkeep\n|turn|3\n|\n|t:|1699042115\n|switch|p2a: Glimmora|Glimmora, M|100\/100\n|move|p1a: Ting-Lu|Stealth Rock|p2a: Glimmora\n|-sidestart|p2: AnimeZZZZ5|move: Stealth Rock\n|\n|-heal|p1a: Ting-Lu|85\/100|[from] item: Leftovers\n|upkeep\n|turn|4\n|\n|t:|1699042120\n|switch|p1a: Calyrex|Calyrex-Shadow|100\/100\n|-ability|p1a: Calyrex|As One\n|-ability|p1a: Calyrex|Unnerve\n|move|p2a: Glimmora|Mortal Spin|p1a: Calyrex\n|-resisted|p1a: Calyrex\n|-damage|p1a: Calyrex|97\/100\n|-status|p1a: Calyrex|psn\n|-sideend|p2: AnimeZZZZ5|Stealth Rock|[from] move: Mortal Spin|[of] p2a: Glimmora\n|\n|-damage|p1a: Calyrex|85\/100 psn|[from] psn\n|upkeep\n|turn|5\n|\n|t:|1699042141\n|switch|p2a: Arceus|Arceus|100\/100\n|move|p1a: Calyrex|Psyshock|p2a: Arceus\n|-damage|p2a: Arceus|69\/100\n|\n|-heal|p2a: Arceus|75\/100|[from] item: Leftovers\n|-damage|p1a: Calyrex|72\/100 psn|[from] psn\n|-fieldend|move: Electric Terrain\n|upkeep\n|turn|6\n|\n|t:|1699042160\n|switch|p1a: Arceus|Arceus|100\/100\n|move|p2a: Arceus|Will-O-Wisp|p1a: Arceus\n|-status|p1a: Arceus|brn\n|\n|-heal|p2a: Arceus|82\/100|[from] item: Leftovers\n|-damage|p1a: Arceus|94\/100 brn|[from] brn\n|upkeep\n|turn|7\n|\n|t:|1699042178\n|switch|p1a: Calyrex|Calyrex-Shadow|72\/100 psn\n|-ability|p1a: Calyrex|As One\n|-ability|p1a: Calyrex|Unnerve\n|switch|p2a: Glimmora|Glimmora, M|100\/100\n|\n|-damage|p1a: Calyrex|60\/100 psn|[from] psn\n|upkeep\n|turn|8\n|\n|t:|1699042181\n|switch|p2a: Arceus|Arceus|82\/100\n|move|p1a: Calyrex|Psyshock|p2a: Arceus\n|-damage|p2a: Arceus|50\/100\n|\n|-heal|p2a: Arceus|56\/100|[from] item: Leftovers\n|-damage|p1a: Calyrex|48\/100 psn|[from] psn\n|upkeep\n|turn|9\n|\n|t:|1699042184\n|switch|p1a: Arceus|Arceus|94\/100 brn\n|move|p2a: Arceus|Recover|p2a: Arceus\n|-heal|p2a: Arceus|100\/100\n|\n|-damage|p1a: Arceus|88\/100 brn|[from] brn\n|upkeep\n|turn|10\n|\n|t:|1699042188\n|switch|p1a: Ting-Lu|Ting-Lu|85\/100\n|-ability|p1a: Ting-Lu|Vessel of Ruin\n|move|p2a: Arceus|Taunt|p1a: Ting-Lu\n|-start|p1a: Ting-Lu|move: Taunt\n|\n|-heal|p1a: Ting-Lu|91\/100|[from] item: Leftovers\n|upkeep\n|turn|11\n|inactive|AnimeZZZZ5 has 120 seconds left.\n|\n|t:|1699042219\n|switch|p1a: Arceus|Arceus-Water|100\/100\n|move|p2a: Arceus|Will-O-Wisp|p1a: Arceus\n|-status|p1a: Arceus|brn\n|\n|-damage|p1a: Arceus|94\/100 brn|[from] brn\n|upkeep\n|turn|12\n|\n|t:|1699042224\n|move|p1a: Arceus|Will-O-Wisp|p2a: Arceus\n|-status|p2a: Arceus|brn\n|move|p2a: Arceus|Taunt|p1a: Arceus\n|-start|p1a: Arceus|move: Taunt\n|\n|-damage|p1a: Arceus|88\/100 brn|[from] brn\n|-damage|p2a: Arceus|94\/100 brn|[from] brn\n|upkeep\n|turn|13\n|\n|t:|1699042230\n|switch|p2a: Miraidon|Miraidon|67\/100\n|-fieldstart|move: Electric Terrain|[from] ability: Hadron Engine|[of] p2a: Miraidon\n|move|p1a: Arceus|Judgment|p2a: Miraidon\n|-resisted|p2a: Miraidon\n|-damage|p2a: Miraidon|46\/100\n|\n|-damage|p1a: Arceus|82\/100 brn|[from] brn\n|upkeep\n|turn|14\n|\n|t:|1699042236\n|switch|p1a: Ting-Lu|Ting-Lu|91\/100\n|-ability|p1a: Ting-Lu|Vessel of Ruin\n|move|p2a: Miraidon|Dragon Pulse|p1a: Ting-Lu\n|-damage|p1a: Ting-Lu|62\/100\n|\n|-heal|p1a: Ting-Lu|68\/100|[from] item: Leftovers\n|upkeep\n|turn|15\n|\n|t:|1699042266\n|switch|p2a: Glimmora|Glimmora, M|100\/100\n|move|p1a: Ting-Lu|Stealth Rock|p2a: Glimmora\n|-sidestart|p2: AnimeZZZZ5|move: Stealth Rock\n|\n|-heal|p1a: Ting-Lu|75\/100|[from] item: Leftovers\n|upkeep\n|turn|16\n|\n|t:|1699042278\n|switch|p1a: Calyrex|Calyrex-Shadow|48\/100 psn\n|-ability|p1a: Calyrex|As One\n|-ability|p1a: Calyrex|Unnerve\n|move|p2a: Glimmora|Mortal Spin|p1a: Calyrex\n|-resisted|p1a: Calyrex\n|-damage|p1a: Calyrex|44\/100 psn\n|-sideend|p2: AnimeZZZZ5|Stealth Rock|[from] move: Mortal Spin|[of] p2a: Glimmora\n|\n|-damage|p1a: Calyrex|32\/100 psn|[from] psn\n|upkeep\n|turn|17\n|\n|t:|1699042285\n|switch|p2a: Arceus|Arceus|94\/100 brn\n|move|p1a: Calyrex|Trick|p2a: Arceus\n|-activate|p1a: Calyrex|move: Trick|[of] p2a: Arceus\n|-item|p2a: Arceus|Choice Scarf|[from] move: Trick\n|-item|p1a: Calyrex|Leftovers|[from] move: Trick\n|\n|-heal|p1a: Calyrex|38\/100 psn|[from] item: Leftovers\n|-damage|p1a: Calyrex|26\/100 psn|[from] psn\n|-damage|p2a: Arceus|88\/100 brn|[from] brn\n|-fieldend|move: Electric Terrain\n|upkeep\n|turn|18\n|\n|t:|1699042297\n|switch|p1a: Ting-Lu|Ting-Lu|75\/100\n|-ability|p1a: Ting-Lu|Vessel of Ruin\n|move|p2a: Arceus|Foul Play|p1a: Ting-Lu\n|-resisted|p1a: Ting-Lu\n|-damage|p1a: Ting-Lu|71\/100\n|\n|-heal|p1a: Ting-Lu|77\/100|[from] item: Leftovers\n|-damage|p2a: Arceus|82\/100 brn|[from] brn\n|upkeep\n|turn|19\n|\n|t:|1699042306\n|switch|p2a: Glimmora|Glimmora, M|100\/100\n|move|p1a: Ting-Lu|Stealth Rock|p2a: Glimmora\n|-sidestart|p2: AnimeZZZZ5|move: Stealth Rock\n|\n|-heal|p1a: Ting-Lu|84\/100|[from] item: Leftovers\n|upkeep\n|turn|20\n|\n|t:|1699042314\n|switch|p1a: Calyrex|Calyrex-Shadow|26\/100 psn\n|-ability|p1a: Calyrex|As One\n|-ability|p1a: Calyrex|Unnerve\n|move|p2a: Glimmora|Mortal Spin|p1a: Calyrex\n|-resisted|p1a: Calyrex\n|-damage|p1a: Calyrex|22\/100 psn\n|-sideend|p2: AnimeZZZZ5|Stealth Rock|[from] move: Mortal Spin|[of] p2a: Glimmora\n|\n|-heal|p1a: Calyrex|28\/100 psn|[from] item: Leftovers\n|-damage|p1a: Calyrex|16\/100 psn|[from] psn\n|upkeep\n|turn|21\n|\n|t:|1699042318\n|switch|p2a: Arceus|Arceus|82\/100 brn\n|move|p1a: Calyrex|Psyshock|p2a: Arceus\n|-damage|p2a: Arceus|50\/100 brn\n|\n|-heal|p1a: Calyrex|22\/100 psn|[from] item: Leftovers\n|-damage|p1a: Calyrex|10\/100 psn|[from] psn\n|-damage|p2a: Arceus|44\/100 brn|[from] brn\n|upkeep\n|turn|22\n|\n|t:|1699042321\n|move|p1a: Calyrex|Psyshock|p2a: Arceus\n|-damage|p2a: Arceus|13\/100 brn\n|move|p2a: Arceus|Recover|p2a: Arceus\n|-heal|p2a: Arceus|63\/100 brn\n|\n|-heal|p1a: Calyrex|16\/100 psn|[from] item: Leftovers\n|-damage|p1a: Calyrex|4\/100 psn|[from] psn\n|-damage|p2a: Arceus|57\/100 brn|[from] brn\n|upkeep\n|turn|23\n|\n|t:|1699042327\n|switch|p1a: Miraidon|Miraidon|100\/100\n|-fieldstart|move: Electric Terrain|[from] ability: Hadron Engine|[of] p1a: Miraidon\n|move|p2a: Arceus|Recover|p2a: Arceus\n|-heal|p2a: Arceus|100\/100 brn\n|\n|-damage|p2a: Arceus|94\/100 brn|[from] brn\n|upkeep\n|turn|24\n|\n|t:|1699042332\n|switch|p2a: Miraidon|Miraidon|46\/100\n|-activate|p2a: Miraidon|ability: Hadron Engine\n|move|p1a: Miraidon|Calm Mind|p1a: Miraidon\n|-boost|p1a: Miraidon|spa|1\n|-boost|p1a: Miraidon|spd|1\n|\n|upkeep\n|turn|25\n|\n|t:|1699042337\n|-terastallize|p1a: Miraidon|Fairy\n|move|p2a: Miraidon|Dragon Pulse|p1a: Miraidon\n|-immune|p1a: Miraidon\n|move|p1a: Miraidon|Agility|p1a: Miraidon\n|-boost|p1a: Miraidon|spe|2\n|\n|upkeep\n|turn|26\n|\n|t:|1699042342\n|move|p1a: Miraidon|Dazzling Gleam|p2a: Miraidon\n|-supereffective|p2a: Miraidon\n|-damage|p2a: Miraidon|0 fnt\n|faint|p2a: Miraidon\n|\n|upkeep\n|\n|t:|1699042349\n|switch|p2a: Glimmora|Glimmora, M|100\/100\n|turn|27\n|\n|t:|1699042352\n|move|p1a: Miraidon|Parabolic Charge|p2a: Glimmora\n|-enditem|p2a: Glimmora|Focus Sash\n|-damage|p2a: Glimmora|1\/100\n|move|p2a: Glimmora|Mortal Spin|p1a: Miraidon\n|-supereffective|p1a: Miraidon\n|-damage|p1a: Miraidon|90\/100\n|-status|p1a: Miraidon|psn\n|\n|-heal|p1a: Miraidon|96\/100 psn|[from] item: Leftovers\n|-damage|p1a: Miraidon|83\/100 psn|[from] psn\n|-fieldend|move: Electric Terrain\n|upkeep\n|turn|28\n|\n|t:|1699042356\n|switch|p2a: Arceus|Arceus|94\/100 brn\n|move|p1a: Miraidon|Parabolic Charge|p2a: Arceus\n|-damage|p2a: Arceus|64\/100 brn\n|-heal|p1a: Miraidon|100\/100 psn|[from] drain|[of] p2a: Arceus\n|\n|-damage|p1a: Miraidon|88\/100 psn|[from] psn\n|-damage|p2a: Arceus|58\/100 brn|[from] brn\n|upkeep\n|turn|29\n|\n|t:|1699042367\n|move|p1a: Miraidon|Calm Mind|p1a: Miraidon\n|-boost|p1a: Miraidon|spa|1\n|-boost|p1a: Miraidon|spd|1\n|move|p2a: Arceus|Recover|p2a: Arceus\n|-heal|p2a: Arceus|100\/100 brn\n|\n|-heal|p1a: Miraidon|94\/100 psn|[from] item: Leftovers\n|-damage|p1a: Miraidon|82\/100 psn|[from] psn\n|-damage|p2a: Arceus|94\/100 brn|[from] brn\n|upkeep\n|turn|30\n|\n|t:|1699042369\n|move|p1a: Miraidon|Calm Mind|p1a: Miraidon\n|-boost|p1a: Miraidon|spa|1\n|-boost|p1a: Miraidon|spd|1\n|move|p2a: Arceus|Recover|p2a: Arceus\n|-heal|p2a: Arceus|100\/100 brn\n|\n|-heal|p1a: Miraidon|88\/100 psn|[from] item: Leftovers\n|-damage|p1a: Miraidon|76\/100 psn|[from] psn\n|-damage|p2a: Arceus|94\/100 brn|[from] brn\n|upkeep\n|turn|31\n|\n|t:|1699042372\n|move|p1a: Miraidon|Calm Mind|p1a: Miraidon\n|-boost|p1a: Miraidon|spa|1\n|-boost|p1a: Miraidon|spd|1\n|move|p2a: Arceus|Recover|p2a: Arceus\n|-heal|p2a: Arceus|100\/100 brn\n|\n|-heal|p1a: Miraidon|82\/100 psn|[from] item: Leftovers\n|-damage|p1a: Miraidon|69\/100 psn|[from] psn\n|-damage|p2a: Arceus|94\/100 brn|[from] brn\n|upkeep\n|turn|32\n|\n|t:|1699042375\n|move|p1a: Miraidon|Calm Mind|p1a: Miraidon\n|-boost|p1a: Miraidon|spa|1\n|-boost|p1a: Miraidon|spd|1\n|move|p2a: Arceus|Recover|p2a: Arceus\n|-heal|p2a: Arceus|100\/100 brn\n|\n|-heal|p1a: Miraidon|75\/100 psn|[from] item: Leftovers\n|-damage|p1a: Miraidon|63\/100 psn|[from] psn\n|-damage|p2a: Arceus|94\/100 brn|[from] brn\n|upkeep\n|turn|33\n|\n|t:|1699042378\n|move|p1a: Miraidon|Calm Mind|p1a: Miraidon\n|-boost|p1a: Miraidon|spa|1\n|-boost|p1a: Miraidon|spd|1\n|move|p2a: Arceus|Recover|p2a: Arceus\n|-heal|p2a: Arceus|100\/100 brn\n|\n|-heal|p1a: Miraidon|69\/100 psn|[from] item: Leftovers\n|-damage|p1a: Miraidon|57\/100 psn|[from] psn\n|-damage|p2a: Arceus|94\/100 brn|[from] brn\n|upkeep\n|turn|34\n|\n|t:|1699042380\n|move|p1a: Miraidon|Parabolic Charge|p2a: Arceus\n|-crit|p2a: Arceus\n|-damage|p2a: Arceus|0 fnt\n|-heal|p1a: Miraidon|100\/100 psn|[from] drain|[of] p2a: Arceus\n|faint|p2a: Arceus\n|\n|-damage|p1a: Miraidon|88\/100 psn|[from] psn\n|upkeep\n|\n|t:|1699042384\n|switch|p2a: Ditto|Ditto|100\/100\n|-transform|p2a: Ditto|p1a: Miraidon|[from] ability: Imposter\n|-fieldstart|move: Electric Terrain|[from] ability: Hadron Engine|[of] p2a: Ditto\n|-start|p2a: Ditto|typechange|Electric\/Dragon|[silent]\n|turn|35\n|\n|t:|1699042391\n|-terastallize|p2a: Ditto|Fairy\n|move|p2a: Ditto|Parabolic Charge|p1a: Miraidon\n|-damage|p1a: Miraidon|34\/100 psn\n|move|p1a: Miraidon|Dazzling Gleam|p2a: Ditto\n|-damage|p2a: Ditto|42\/100\n|\n|-heal|p1a: Miraidon|40\/100 psn|[from] item: Leftovers\n|-damage|p1a: Miraidon|28\/100 psn|[from] psn\n|upkeep\n|turn|36\n|\n|t:|1699042393\n|move|p2a: Ditto|Parabolic Charge|p1a: Miraidon\n|-damage|p1a: Miraidon|0 fnt\n|-heal|p2a: Ditto|59\/100|[from] drain|[of] p1a: Miraidon\n|faint|p1a: Miraidon\n|\n|upkeep\n|\n|t:|1699042395\n|switch|p1a: Ting-Lu|Ting-Lu|84\/100\n|-ability|p1a: Ting-Lu|Vessel of Ruin\n|turn|37\n|\n|t:|1699042398\n|switch|p2a: Glimmora|Glimmora, M|1\/100\n|move|p1a: Ting-Lu|Stealth Rock|p2a: Glimmora\n|-sidestart|p2: AnimeZZZZ5|move: Stealth Rock\n|\n|-heal|p1a: Ting-Lu|90\/100|[from] item: Leftovers\n|upkeep\n|turn|38\n|\n|t:|1699042406\n|move|p2a: Glimmora|Mortal Spin|p1a: Ting-Lu\n|-resisted|p1a: Ting-Lu\n|-damage|p1a: Ting-Lu|88\/100\n|-status|p1a: Ting-Lu|psn\n|-sideend|p2: AnimeZZZZ5|Stealth Rock|[from] move: Mortal Spin|[of] p2a: Glimmora\n|move|p1a: Ting-Lu|Earthquake|p2a: Glimmora\n|-supereffective|p2a: Glimmora\n|-damage|p2a: Glimmora|0 fnt\n|-activate|p2a: Glimmora|ability: Toxic Debris\n|-sidestart|p1: GigaBytes7|move: Toxic Spikes\n|faint|p2a: Glimmora\n|\n|-heal|p1a: Ting-Lu|94\/100 psn|[from] item: Leftovers\n|-damage|p1a: Ting-Lu|82\/100 psn|[from] psn\n|upkeep\n|\n|t:|1699042414\n|switch|p2a: Ogerpon|Ogerpon-Hearthflame, F|100\/100\n|-ability|p2a: Ogerpon|Mold Breaker\n|turn|39\n|\n|t:|1699042422\n|move|p2a: Ogerpon|Swords Dance|p2a: Ogerpon\n|-boost|p2a: Ogerpon|atk|2\n|move|p1a: Ting-Lu|Whirlwind|p2a: Ogerpon\n|drag|p2a: Rayquaza|Rayquaza|100\/100\n|-ability|p2a: Rayquaza|Air Lock\n|\n|-heal|p1a: Ting-Lu|88\/100 psn|[from] item: Leftovers\n|-damage|p1a: Ting-Lu|76\/100 psn|[from] psn\n|-fieldend|move: Electric Terrain\n|upkeep\n|turn|40\n|\n|t:|1699042430\n|move|p2a: Rayquaza|Swords Dance|p2a: Rayquaza\n|-boost|p2a: Rayquaza|atk|2\n|move|p1a: Ting-Lu|Stealth Rock|p2a: Rayquaza\n|-sidestart|p2: AnimeZZZZ5|move: Stealth Rock\n|\n|-heal|p1a: Ting-Lu|82\/100 psn|[from] item: Leftovers\n|-damage|p1a: Ting-Lu|70\/100 psn|[from] psn\n|upkeep\n|turn|41\n|\n|t:|1699042432\n|move|p2a: Rayquaza|Scale Shot|p1a: Ting-Lu\n|-damage|p1a: Ting-Lu|45\/100 psn\n|-damage|p1a: Ting-Lu|24\/100 psn\n|-crit|p1a: Ting-Lu\n|-damage|p1a: Ting-Lu|0 fnt\n|faint|p1a: Ting-Lu\n|-hitcount|p1: Ting-Lu|3\n|-unboost|p2a: Rayquaza|def|1\n|-boost|p2a: Rayquaza|spe|1\n|-damage|p2a: Rayquaza|91\/100|[from] item: Life Orb\n|\n|upkeep\n|\n|t:|1699042440\n|switch|p1a: Arceus|Arceus|88\/100 brn\n|turn|42\n|\n|t:|1699042447\n|move|p1a: Arceus|Extreme Speed|p2a: Rayquaza\n|-damage|p2a: Rayquaza|55\/100\n|move|p2a: Rayquaza|Dragon Ascent|p1a: Arceus\n|-damage|p1a: Arceus|0 fnt\n|-unboost|p2a: Rayquaza|def|1\n|-unboost|p2a: Rayquaza|spd|1\n|faint|p1a: Arceus\n|-damage|p2a: Rayquaza|45\/100|[from] item: Life Orb\n|\n|upkeep\n|\n|t:|1699042455\n|switch|p1a: Arceus|Arceus-Water|82\/100 brn\n|turn|43\n|\n|t:|1699042457\n|move|p2a: Rayquaza|Dragon Ascent|p1a: Arceus\n|-damage|p1a: Arceus|0 fnt\n|-unboost|p2a: Rayquaza|def|1\n|-unboost|p2a: Rayquaza|spd|1\n|faint|p1a: Arceus\n|-damage|p2a: Rayquaza|35\/100|[from] item: Life Orb\n|\n|upkeep\n|\n|t:|1699042465\n|switch|p1a: Arceus|Arceus-Fairy|100\/100\n|-status|p1a: Arceus|psn\n|turn|44\n|\n|t:|1699042473\n|move|p2a: Rayquaza|Dragon Ascent|p1a: Arceus\n|-damage|p1a: Arceus|0 fnt\n|-unboost|p2a: Rayquaza|def|1\n|-unboost|p2a: Rayquaza|spd|1\n|faint|p1a: Arceus\n|-damage|p2a: Rayquaza|25\/100|[from] item: Life Orb\n|\n|upkeep\n|\n|t:|1699042489\n|switch|p1a: Calyrex|Calyrex-Shadow|4\/100 psn\n|-ability|p1a: Calyrex|As One\n|-ability|p1a: Calyrex|Unnerve\n|turn|45\n|\n|t:|1699042496\n|move|p1a: Calyrex|Astral Barrage|p2a: Rayquaza\n|-damage|p2a: Rayquaza|0 fnt\n|faint|p2a: Rayquaza\n|-ability|p1a: Calyrex|Grim Neigh|boost\n|-boost|p1a: Calyrex|spa|1\n|\n|-heal|p1a: Calyrex|10\/100 psn|[from] item: Leftovers\n|-damage|p1a: Calyrex|0 fnt|[from] psn\n|faint|p1a: Calyrex\n|\n|win|AnimeZZZZ5\n|upkeep\n|raw|GigaBytes7's rating: 1838 &rarr; <strong>1818<\/strong><br \/>(-20 for losing)\n|raw|AnimeZZZZ5's rating: 1844 &rarr; <strong>1864<\/strong><br \/>(+20 for winning)\n|c|\u2606GigaBytes7|oh\n|c|\u2606GigaBytes7|gg\n|c|\u2606GigaBytes7|oops\n|c|\u2606AnimeZZZZ5|hah gg\n","uploadtime":1699042509,"views":6,"p1id":"gigabytes7","p2id":"animezzzz5","formatid":"gen9anythinggoes","rating":1818,"private":0,"password":""}