{"id":"gen9anythinggoes-1977613356","p1":"ninvefcive2cc","p2":"Naeval_Eco","format":"[Gen 9] Anything Goes","log":"|j|\u2606ninvefcive2cc\n|j|\u2606Naeval_Eco\n|t:|1698431901\n|gametype|singles\n|player|p1|ninvefcive2cc|giovanni|1013\n|player|p2|Naeval_Eco|iris-gen5bw2|1104\n|teamsize|p1|6\n|teamsize|p2|6\n|gen|9\n|tier|[Gen 9] Anything Goes\n|rated|\n|rule|HP Percentage Mod: HP is shown in percentages\n|rule|Endless Battle Clause: Forcing endless battles is banned\n|clearpoke\n|poke|p1|Hawlucha, M|\n|poke|p1|Sneasler, M|\n|poke|p1|Koraidon|\n|poke|p1|Quaquaval, M|\n|poke|p1|Arceus-Fighting|\n|poke|p1|Toxicroak, M|\n|poke|p2|Espeon, M|\n|poke|p2|Glimmora, F|\n|poke|p2|Leafeon, F|\n|poke|p2|Walking Wake|\n|poke|p2|Polteageist|\n|poke|p2|Honchkrow, F|\n|teampreview\n|inactive|Battle timer is ON: inactive players will automatically lose when time's up. (requested by Naeval_Eco)\n|\n|t:|1698431909\n|start\n|switch|p1a: Quaquaval|Quaquaval, M, shiny|100\/100\n|switch|p2a: Espeon|Espeon, M|100\/100\n|turn|1\n|c|\u2606ninvefcive2cc|uh oh\n|\n|t:|1698431920\n|move|p1a: Quaquaval|Knock Off|p2a: Espeon\n|-supereffective|p2a: Espeon\n|-enditem|p2a: Espeon|Focus Sash\n|-damage|p2a: Espeon|1\/100\n|move|p2a: Espeon|Calm Mind|p2a: Espeon\n|-boost|p2a: Espeon|spa|1\n|-boost|p2a: Espeon|spd|1\n|\n|upkeep\n|turn|2\n|\n|t:|1698431930\n|move|p1a: Quaquaval|Aqua Step|p2a: Espeon\n|-damage|p2a: Espeon|0 fnt\n|-boost|p1a: Quaquaval|spe|1\n|faint|p2a: Espeon\n|-ability|p1a: Quaquaval|Moxie|boost\n|-boost|p1a: Quaquaval|atk|1\n|\n|upkeep\n|\n|t:|1698431938\n|switch|p2a: Glimmora|Glimmora, F|100\/100\n|turn|3\n|\n|t:|1698431946\n|move|p1a: Quaquaval|Swords Dance|p1a: Quaquaval\n|-boost|p1a: Quaquaval|atk|2\n|move|p2a: Glimmora|Spikes|p1a: Quaquaval\n|-sidestart|p1: ninvefcive2cc|Spikes\n|\n|upkeep\n|turn|4\n|\n|t:|1698431953\n|move|p1a: Quaquaval|Swords Dance|p1a: Quaquaval\n|-boost|p1a: Quaquaval|atk|2\n|move|p2a: Glimmora|Stealth Rock|p1a: Quaquaval\n|-sidestart|p1: ninvefcive2cc|move: Stealth Rock\n|\n|upkeep\n|turn|5\n|\n|t:|1698431962\n|move|p1a: Quaquaval|Aqua Step|p2a: Glimmora\n|-supereffective|p2a: Glimmora\n|-damage|p2a: Glimmora|0 fnt\n|-boost|p1a: Quaquaval|spe|1\n|-activate|p2a: Glimmora|ability: Toxic Debris\n|-sidestart|p1: ninvefcive2cc|move: Toxic Spikes\n|faint|p2a: Glimmora\n|-ability|p1a: Quaquaval|Moxie|boost\n|-boost|p1a: Quaquaval|atk|1\n|\n|upkeep\n|\n|t:|1698431978\n|switch|p2a: Honchkrow|Honchkrow, F|100\/100\n|turn|6\n|\n|t:|1698431983\n|move|p1a: Quaquaval|Ice Spinner|p2a: Honchkrow\n|-supereffective|p2a: Honchkrow\n|-damage|p2a: Honchkrow|0 fnt\n|faint|p2a: Honchkrow\n|\n|upkeep\n|c|\u2606ninvefcive2cc|gg\n|\n|t:|1698431989\n|switch|p2a: Walking Wake|Walking Wake|100\/100\n|turn|7\n|c|\u2606ninvefcive2cc|I win this\n|\n|t:|1698431996\n|move|p1a: Quaquaval|Ice Spinner|p2a: Walking Wake\n|-damage|p2a: Walking Wake|1\/100\n|move|p2a: Walking Wake|Dragon Tail|p1a: Quaquaval\n|-damage|p1a: Quaquaval|77\/100\n|drag|p1a: Hawlucha|Hawlucha, M, shiny|100\/100\n|-damage|p1a: Hawlucha|88\/100|[from] Stealth Rock\n|-ability|p1a: Hawlucha|Mold Breaker\n|\n|upkeep\n|turn|8\n|c|\u2606ninvefcive2cc|NOOOOOOO\n|\n|t:|1698432010\n|move|p1a: Hawlucha|Acrobatics|p2a: Walking Wake\n|-crit|p2a: Walking Wake\n|-damage|p2a: Walking Wake|0 fnt\n|faint|p2a: Walking Wake\n|-end|p2a: Walking Wake|Protosynthesis|[silent]\n|\n|upkeep\n|\n|t:|1698432016\n|switch|p2a: Polteageist|Polteageist|100\/100\n|turn|9\n|c|\u2606ninvefcive2cc|WHYYYYYYYYY\n|\n|t:|1698432022\n|move|p1a: Hawlucha|Poison Jab|p2a: Polteageist\n|-resisted|p2a: Polteageist\n|-damage|p2a: Polteageist|81\/100\n|-status|p2a: Polteageist|psn\n|-ability|p2a: Polteageist|Weak Armor|boost\n|-unboost|p2a: Polteageist|def|1\n|-boost|p2a: Polteageist|spe|2\n|-enditem|p2a: Polteageist|White Herb\n|-clearnegativeboost|p2a: Polteageist|[silent]\n|move|p2a: Polteageist|Shell Smash|p2a: Polteageist\n|-unboost|p2a: Polteageist|def|1\n|-unboost|p2a: Polteageist|spd|1\n|-boost|p2a: Polteageist|atk|2\n|-boost|p2a: Polteageist|spa|2\n|-boost|p2a: Polteageist|spe|2\n|\n|-damage|p2a: Polteageist|68\/100 psn|[from] psn\n|upkeep\n|turn|10\n|\n|t:|1698432042\n|switch|p1a: Toxicroak|Toxicroak, M, shiny|100\/100\n|-sideend|p1: ninvefcive2cc|move: Toxic Spikes|[of] p1a: Toxicroak\n|-ability|p1a: Toxicroak|Anticipation\n|move|p2a: Polteageist|Psychic|p1a: Toxicroak\n|-supereffective|p1a: Toxicroak\n|-damage|p1a: Toxicroak|0 fnt\n|faint|p1a: Toxicroak\n|\n|-damage|p2a: Polteageist|56\/100 psn|[from] psn\n|upkeep\n|\n|t:|1698432056\n|switch|p1a: Sneasler|Sneasler, M, shiny|100\/100\n|-damage|p1a: Sneasler|88\/100|[from] Spikes\n|-damage|p1a: Sneasler|82\/100|[from] Stealth Rock\n|turn|11\n|\n|t:|1698432061\n|move|p2a: Polteageist|Psychic|p1a: Sneasler\n|-supereffective|p1a: Sneasler\n|-damage|p1a: Sneasler|0 fnt\n|faint|p1a: Sneasler\n|\n|-damage|p2a: Polteageist|43\/100 psn|[from] psn\n|upkeep\n|\n|t:|1698432064\n|switch|p1a: Koraidon|Koraidon|100\/100\n|-damage|p1a: Koraidon|88\/100|[from] Spikes\n|-damage|p1a: Koraidon|82\/100|[from] Stealth Rock\n|-weather|SunnyDay|[from] ability: Orichalcum Pulse|[of] p1a: Koraidon\n|-activate|p1a: Koraidon|Orichalcum Pulse|[source]\n|turn|12\n|\n|t:|1698432075\n|move|p2a: Polteageist|Psychic|p1a: Koraidon\n|-supereffective|p1a: Koraidon\n|-damage|p1a: Koraidon|0 fnt\n|faint|p1a: Koraidon\n|\n|-weather|SunnyDay|[upkeep]\n|-damage|p2a: Polteageist|31\/100 psn|[from] psn\n|upkeep\n|\n|t:|1698432079\n|switch|p1a: Quaquaval|Quaquaval, M, shiny|77\/100\n|-damage|p1a: Quaquaval|65\/100|[from] Spikes\n|-damage|p1a: Quaquaval|59\/100|[from] Stealth Rock\n|turn|13\n|c|\u2606ninvefcive2cc|NOOOOOOOOO\n|\n|t:|1698432087\n|move|p2a: Polteageist|Psychic|p1a: Quaquaval\n|-supereffective|p1a: Quaquaval\n|-damage|p1a: Quaquaval|0 fnt\n|faint|p1a: Quaquaval\n|\n|-weather|SunnyDay|[upkeep]\n|-damage|p2a: Polteageist|18\/100 psn|[from] psn\n|upkeep\n|\n|t:|1698432090\n|switch|p1a: Hawlucha|Hawlucha, M, shiny|88\/100\n|-damage|p1a: Hawlucha|76\/100|[from] Stealth Rock\n|-ability|p1a: Hawlucha|Mold Breaker\n|turn|14\n|\n|t:|1698432101\n|move|p2a: Polteageist|Psychic|p1a: Hawlucha\n|-supereffective|p1a: Hawlucha\n|-damage|p1a: Hawlucha|0 fnt\n|faint|p1a: Hawlucha\n|\n|-weather|SunnyDay|[upkeep]\n|-damage|p2a: Polteageist|6\/100 psn|[from] psn\n|upkeep\n|\n|t:|1698432104\n|switch|p1a: Arceus|Arceus-Fighting, shiny|100\/100\n|-damage|p1a: Arceus|88\/100|[from] Spikes\n|-damage|p1a: Arceus|82\/100|[from] Stealth Rock\n|turn|15\n|\n|t:|1698432114\n|move|p2a: Polteageist|Psychic|p1a: Arceus\n|-supereffective|p1a: Arceus\n|-damage|p1a: Arceus|0 fnt\n|faint|p1a: Arceus\n|\n|win|Naeval_Eco\n|raw|ninvefcive2cc's rating: 1013 &rarr; <strong>1004<\/strong><br \/>(-9 for losing)\n|raw|Naeval_Eco's rating: 1104 &rarr; <strong>1123<\/strong><br \/>(+19 for winning)\n|l|\u2606ninvefcive2cc\n","uploadtime":1698432123,"views":14,"p1id":"ninvefcive2cc","p2id":"naevaleco","formatid":"gen9anythinggoes","rating":1004,"private":0,"password":""}