{"id":"gen9anythinggoes-1983279870","p1":"R1212","p2":"TheShinySigilyph","format":"[Gen 9] Anything Goes","log":"|j|\u2606R1212\n|j|\u2606TheShinySigilyph\n|t:|1699113613\n|gametype|singles\n|player|p1|R1212|101|1206\n|player|p2|TheShinySigilyph|iris-gen5bw2|1271\n|teamsize|p1|6\n|teamsize|p2|6\n|gen|9\n|tier|[Gen 9] Anything Goes\n|rated|\n|rule|HP Percentage Mod: HP is shown in percentages\n|rule|Endless Battle Clause: Forcing endless battles is banned\n|clearpoke\n|poke|p1|Inteleon, M|\n|poke|p1|Drifblim, F|\n|poke|p1|Clefable, M|\n|poke|p1|Manaphy|\n|poke|p1|Espathra, M|\n|poke|p1|Espeon, M|\n|poke|p2|Calyrex-Shadow|\n|poke|p2|Eternatus|\n|poke|p2|Glimmora, M|\n|poke|p2|Manaphy|\n|poke|p2|Gliscor, F|\n|poke|p2|Zacian-*|\n|teampreview\n|\n|t:|1699113621\n|start\n|switch|p1a: Espeon|Espeon, M|100\/100\n|switch|p2a: Glimmora|Glimmora, M|100\/100\n|turn|1\n|\n|t:|1699113626\n|switch|p2a: Gliscor|Gliscor, F|100\/100\n|move|p1a: Espeon|Trick|p2a: Gliscor\n|-activate|p1a: Espeon|move: Trick|[of] p2a: Gliscor\n|-item|p2a: Gliscor|Choice Scarf|[from] move: Trick\n|-item|p1a: Espeon|Toxic Orb|[from] move: Trick\n|\n|-status|p1a: Espeon|tox|[from] item: Toxic Orb\n|upkeep\n|turn|2\n|\n|t:|1699113642\n|switch|p1a: Drifblim|Drifblim, F|100\/100\n|move|p2a: Gliscor|Dual Wingbeat|p1a: Drifblim\n|-damage|p1a: Drifblim|86\/100\n|-damage|p1a: Drifblim|71\/100\n|-hitcount|p1a: Drifblim|2\n|\n|-heal|p1a: Drifblim|77\/100|[from] item: Leftovers\n|upkeep\n|turn|3\n|inactive|Battle timer is ON: inactive players will automatically lose when time's up. (requested by R1212)\n|\n|t:|1699113651\n|move|p2a: Gliscor|Dual Wingbeat|p1a: Drifblim\n|-damage|p1a: Drifblim|63\/100\n|-damage|p1a: Drifblim|47\/100\n|-hitcount|p1a: Drifblim|2\n|move|p1a: Drifblim|Minimize|p1a: Drifblim\n|-boost|p1a: Drifblim|evasion|2\n|\n|-heal|p1a: Drifblim|53\/100|[from] item: Leftovers\n|upkeep\n|turn|4\n|\n|t:|1699113659\n|move|p2a: Gliscor|Dual Wingbeat|p1a: Drifblim\n|-damage|p1a: Drifblim|37\/100\n|-damage|p1a: Drifblim|23\/100\n|-hitcount|p1a: Drifblim|2\n|move|p1a: Drifblim|Minimize|p1a: Drifblim\n|-boost|p1a: Drifblim|evasion|2\n|\n|-heal|p1a: Drifblim|29\/100|[from] item: Leftovers\n|upkeep\n|turn|5\n|\n|t:|1699113669\n|move|p2a: Gliscor|Dual Wingbeat|p1a: Drifblim|[miss]\n|-miss|p2a: Gliscor|p1a: Drifblim\n|move|p1a: Drifblim|Substitute|p1a: Drifblim\n|-start|p1a: Drifblim|Substitute\n|-damage|p1a: Drifblim|4\/100\n|\n|-heal|p1a: Drifblim|10\/100|[from] item: Leftovers\n|upkeep\n|turn|6\n|\n|t:|1699113676\n|move|p2a: Gliscor|Dual Wingbeat|p1a: Drifblim|[miss]\n|-miss|p2a: Gliscor|p1a: Drifblim\n|move|p1a: Drifblim|Minimize|p1a: Drifblim\n|-boost|p1a: Drifblim|evasion|2\n|\n|-heal|p1a: Drifblim|17\/100|[from] item: Leftovers\n|upkeep\n|turn|7\n|\n|t:|1699113684\n|move|p2a: Gliscor|Dual Wingbeat|p1a: Drifblim|[miss]\n|-miss|p2a: Gliscor|p1a: Drifblim\n|move|p1a: Drifblim|Focus Energy|p1a: Drifblim\n|-start|p1a: Drifblim|move: Focus Energy\n|\n|-heal|p1a: Drifblim|23\/100|[from] item: Leftovers\n|upkeep\n|turn|8\n|\n|t:|1699113690\n|move|p2a: Gliscor|Dual Wingbeat|p1a: Drifblim\n|-activate|p1a: Drifblim|move: Substitute|[damage]\n|-end|p1a: Drifblim|Substitute\n|-hitcount|p1a: Drifblim|2\n|move|p1a: Drifblim|Substitute|p1a: Drifblim\n|-fail|p1a: Drifblim|move: Substitute|[weak]\n|\n|-heal|p1a: Drifblim|29\/100|[from] item: Leftovers\n|upkeep\n|turn|9\n|\n|t:|1699113698\n|move|p2a: Gliscor|Dual Wingbeat|p1a: Drifblim|[miss]\n|-miss|p2a: Gliscor|p1a: Drifblim\n|move|p1a: Drifblim|Substitute|p1a: Drifblim\n|-start|p1a: Drifblim|Substitute\n|-damage|p1a: Drifblim|4\/100\n|\n|-heal|p1a: Drifblim|10\/100|[from] item: Leftovers\n|upkeep\n|turn|10\n|\n|t:|1699113705\n|move|p2a: Gliscor|Dual Wingbeat|p1a: Drifblim\n|-activate|p1a: Drifblim|move: Substitute|[damage]\n|-end|p1a: Drifblim|Substitute\n|-hitcount|p1a: Drifblim|2\n|move|p1a: Drifblim|Baton Pass|p1a: Drifblim\n|\n|t:|1699113710\n|switch|p1a: Espathra|Espathra, M|100\/100|[from] Baton Pass\n|\n|upkeep\n|turn|11\n|\n|t:|1699113714\n|move|p2a: Gliscor|Dual Wingbeat|p1a: Espathra\n|-damage|p1a: Espathra|83\/100\n|-damage|p1a: Espathra|65\/100\n|-hitcount|p1a: Espathra|2\n|move|p1a: Espathra|Substitute|p1a: Espathra\n|-start|p1a: Espathra|Substitute\n|-damage|p1a: Espathra|40\/100\n|\n|-heal|p1a: Espathra|46\/100|[from] item: Leftovers\n|-ability|p1a: Espathra|Speed Boost|boost\n|-boost|p1a: Espathra|spe|1\n|upkeep\n|turn|12\n|\n|t:|1699113724\n|move|p2a: Gliscor|Dual Wingbeat|p1a: Espathra|[miss]\n|-miss|p2a: Gliscor|p1a: Espathra\n|move|p1a: Espathra|Calm Mind|p1a: Espathra\n|-boost|p1a: Espathra|spa|1\n|-boost|p1a: Espathra|spd|1\n|\n|-heal|p1a: Espathra|52\/100|[from] item: Leftovers\n|-ability|p1a: Espathra|Speed Boost|boost\n|-boost|p1a: Espathra|spe|1\n|upkeep\n|turn|13\n|\n|t:|1699113733\n|move|p1a: Espathra|Calm Mind|p1a: Espathra\n|-boost|p1a: Espathra|spa|1\n|-boost|p1a: Espathra|spd|1\n|move|p2a: Gliscor|Dual Wingbeat|p1a: Espathra|[miss]\n|-miss|p2a: Gliscor|p1a: Espathra\n|\n|-heal|p1a: Espathra|58\/100|[from] item: Leftovers\n|-ability|p1a: Espathra|Speed Boost|boost\n|-boost|p1a: Espathra|spe|1\n|upkeep\n|turn|14\n|\n|t:|1699113742\n|move|p1a: Espathra|Calm Mind|p1a: Espathra\n|-boost|p1a: Espathra|spa|1\n|-boost|p1a: Espathra|spd|1\n|move|p2a: Gliscor|Dual Wingbeat|p1a: Espathra\n|-activate|p1a: Espathra|move: Substitute|[damage]\n|-end|p1a: Espathra|Substitute\n|-hitcount|p1a: Espathra|2\n|\n|-heal|p1a: Espathra|64\/100|[from] item: Leftovers\n|-ability|p1a: Espathra|Speed Boost|boost\n|-boost|p1a: Espathra|spe|1\n|upkeep\n|turn|15\n|\n|t:|1699113753\n|move|p1a: Espathra|Substitute|p1a: Espathra\n|-start|p1a: Espathra|Substitute\n|-damage|p1a: Espathra|39\/100\n|move|p2a: Gliscor|Dual Wingbeat|p1a: Espathra\n|-activate|p1a: Espathra|move: Substitute|[damage]\n|-end|p1a: Espathra|Substitute\n|-hitcount|p1a: Espathra|2\n|\n|-heal|p1a: Espathra|45\/100|[from] item: Leftovers\n|-ability|p1a: Espathra|Speed Boost|boost\n|-boost|p1a: Espathra|spe|1\n|upkeep\n|turn|16\n|\n|t:|1699113763\n|move|p1a: Espathra|Baton Pass|p1a: Espathra\n|\n|t:|1699113775\n|switch|p1a: Clefable|Clefable, M|100\/100|[from] Baton Pass\n|move|p2a: Gliscor|Dual Wingbeat|p1a: Clefable\n|-damage|p1a: Clefable|85\/100\n|-damage|p1a: Clefable|71\/100\n|-hitcount|p1a: Clefable|2\n|\n|-heal|p1a: Clefable|77\/100|[from] item: Leftovers\n|upkeep\n|turn|17\n|\n|t:|1699113785\n|move|p1a: Clefable|Stealth Rock|p2a: Gliscor\n|-sidestart|p2: TheShinySigilyph|move: Stealth Rock\n|move|p2a: Gliscor|Dual Wingbeat|p1a: Clefable|[miss]\n|-miss|p2a: Gliscor|p1a: Clefable\n|\n|-heal|p1a: Clefable|83\/100|[from] item: Leftovers\n|upkeep\n|turn|18\n|\n|t:|1699113792\n|move|p1a: Clefable|Cosmic Power|p1a: Clefable\n|-boost|p1a: Clefable|def|1\n|-boost|p1a: Clefable|spd|1\n|-activate|p2a: Gliscor|move: Struggle\n|move|p2a: Gliscor|Struggle|p1a: Clefable\n|-damage|p1a: Clefable|75\/100\n|-damage|p2a: Gliscor|75\/100|[from] recoil\n|\n|-heal|p1a: Clefable|81\/100|[from] item: Leftovers\n|upkeep\n|turn|19\n|\n|t:|1699113801\n|move|p1a: Clefable|Cosmic Power|p1a: Clefable\n|-boost|p1a: Clefable|def|1\n|-boost|p1a: Clefable|spd|1\n|-activate|p2a: Gliscor|move: Struggle\n|move|p2a: Gliscor|Struggle|p1a: Clefable\n|-damage|p1a: Clefable|75\/100\n|-damage|p2a: Gliscor|50\/100|[from] recoil\n|\n|-heal|p1a: Clefable|81\/100|[from] item: Leftovers\n|upkeep\n|turn|20\n|\n|t:|1699113809\n|move|p1a: Clefable|Cosmic Power|p1a: Clefable\n|-boost|p1a: Clefable|def|1\n|-boost|p1a: Clefable|spd|1\n|-activate|p2a: Gliscor|move: Struggle\n|move|p2a: Gliscor|Struggle|p1a: Clefable\n|-crit|p1a: Clefable\n|-damage|p1a: Clefable|63\/100\n|-damage|p2a: Gliscor|25\/100|[from] recoil\n|\n|-heal|p1a: Clefable|70\/100|[from] item: Leftovers\n|upkeep\n|turn|21\n|\n|t:|1699113818\n|move|p1a: Clefable|Baton Pass|p1a: Clefable\n|\n|t:|1699113822\n|switch|p1a: Espathra|Espathra, M|45\/100|[from] Baton Pass\n|-activate|p2a: Gliscor|move: Struggle\n|move|p2a: Gliscor|Struggle|p1a: Espathra\n|-damage|p1a: Espathra|39\/100\n|-damage|p2a: Gliscor|0 fnt|[from] recoil\n|faint|p2a: Gliscor\n|\n|-heal|p1a: Espathra|45\/100|[from] item: Leftovers\n|upkeep\n|\n|t:|1699113830\n|switch|p2a: Glimmora|Glimmora, M|100\/100\n|-damage|p2a: Glimmora|88\/100|[from] Stealth Rock\n|turn|22\n|\n|t:|1699113836\n|move|p1a: Espathra|Substitute|p1a: Espathra\n|-start|p1a: Espathra|Substitute\n|-damage|p1a: Espathra|20\/100\n|move|p2a: Glimmora|Mortal Spin|p1a: Espathra|[miss]\n|-miss|p2a: Glimmora|p1a: Espathra\n|\n|-heal|p1a: Espathra|26\/100|[from] item: Leftovers\n|-heal|p2a: Glimmora|94\/100|[from] item: Black Sludge\n|-ability|p1a: Espathra|Speed Boost|boost\n|-boost|p1a: Espathra|spe|1\n|upkeep\n|turn|23\n|\n|t:|1699113846\n|move|p1a: Espathra|Baton Pass|p1a: Espathra\n|\n|t:|1699113848\n|switch|p1a: Manaphy|Manaphy|100\/100|[from] Baton Pass\n|move|p2a: Glimmora|Mortal Spin|p1a: Manaphy\n|-activate|p1a: Manaphy|move: Substitute|[damage]\n|-sideend|p2: TheShinySigilyph|Stealth Rock|[from] move: Mortal Spin|[of] p2a: Glimmora\n|\n|-heal|p2a: Glimmora|100\/100|[from] item: Black Sludge\n|upkeep\n|turn|24\n|\n|t:|1699113858\n|move|p1a: Manaphy|Surf|p2a: Glimmora\n|-supereffective|p2a: Glimmora\n|-damage|p2a: Glimmora|0 fnt\n|faint|p2a: Glimmora\n|\n|upkeep\n|\n|t:|1699113863\n|switch|p2a: Manaphy|Manaphy|100\/100\n|turn|25\n|\n|t:|1699113872\n|move|p1a: Manaphy|Tail Glow|p1a: Manaphy\n|-boost|p1a: Manaphy|spa|3\n|move|p2a: Manaphy|Heart Swap|p1a: Manaphy\n|-swapboost|p2a: Manaphy|p1a: Manaphy|[from] move: Heart Swap\n|\n|upkeep\n|turn|26\n|\n|t:|1699113878\n|move|p2a: Manaphy|Baton Pass|p2a: Manaphy\n|\n|t:|1699113882\n|switch|p2a: Calyrex|Calyrex-Shadow|100\/100|[from] Baton Pass\n|-ability|p2a: Calyrex|As One\n|-ability|p2a: Calyrex|Unnerve\n|move|p1a: Manaphy|Heart Swap|p2a: Calyrex\n|-swapboost|p1a: Manaphy|p2a: Calyrex|[from] move: Heart Swap\n|\n|upkeep\n|turn|27\n|c|\u2606TheShinySigilyph|Of course\n|\n|t:|1699113895\n|move|p1a: Manaphy|Surf|p2a: Calyrex\n|-crit|p2a: Calyrex\n|-damage|p2a: Calyrex|0 fnt\n|faint|p2a: Calyrex\n|\n|upkeep\n|\n|t:|1699113899\n|switch|p2a: Manaphy|Manaphy|100\/100\n|turn|28\n|\n|t:|1699113903\n|move|p1a: Manaphy|Surf|p2a: Manaphy\n|-resisted|p2a: Manaphy\n|-damage|p2a: Manaphy|43\/100\n|move|p2a: Manaphy|Heart Swap|p1a: Manaphy\n|-swapboost|p2a: Manaphy|p1a: Manaphy|[from] move: Heart Swap\n|\n|upkeep\n|turn|29\n|\n|t:|1699113915\n|switch|p2a: Zacian|Zacian-Crowned|100\/100\n|-ability|p2a: Zacian|Intrepid Sword|boost\n|-boost|p2a: Zacian|atk|1\n|move|p1a: Manaphy|Heart Swap|p2a: Zacian\n|-swapboost|p1a: Manaphy|p2a: Zacian|[from] move: Heart Swap\n|\n|upkeep\n|turn|30\n|\n|t:|1699113927\n|move|p2a: Zacian|Play Rough|p1a: Manaphy\n|-end|p1a: Manaphy|Substitute\n|move|p1a: Manaphy|Tail Glow|p1a: Manaphy\n|-boost|p1a: Manaphy|spa|3\n|\n|upkeep\n|turn|31\n|\n|t:|1699113940\n|-terastallize|p2a: Zacian|Fairy\n|move|p2a: Zacian|Play Rough|p1a: Manaphy\n|-damage|p1a: Manaphy|43\/100\n|move|p1a: Manaphy|Tail Glow|p1a: Manaphy\n|-boost|p1a: Manaphy|spa|3\n|\n|upkeep\n|turn|32\n|\n|t:|1699113947\n|move|p2a: Zacian|Play Rough|p1a: Manaphy\n|-damage|p1a: Manaphy|0 fnt\n|faint|p1a: Manaphy\n|\n|upkeep\n|\n|t:|1699113950\n|switch|p1a: Espeon|Espeon, M|100\/100 tox\n|turn|33\n|\n|t:|1699113954\n|move|p2a: Zacian|Play Rough|p1a: Espeon\n|-damage|p1a: Espeon|0 fnt\n|faint|p1a: Espeon\n|\n|upkeep\n|\n|t:|1699113961\n|switch|p1a: Clefable|Clefable, M|70\/100\n|turn|34\n|\n|t:|1699113965\n|move|p2a: Zacian|Swords Dance|p2a: Zacian\n|-boost|p2a: Zacian|atk|2\n|move|p1a: Clefable|Cosmic Power|p1a: Clefable\n|-boost|p1a: Clefable|def|1\n|-boost|p1a: Clefable|spd|1\n|\n|-heal|p1a: Clefable|76\/100|[from] item: Leftovers\n|upkeep\n|turn|35\n|\n|t:|1699113972\n|move|p2a: Zacian|Behemoth Blade|p1a: Clefable\n|-supereffective|p1a: Clefable\n|-damage|p1a: Clefable|14\/100\n|move|p1a: Clefable|Cosmic Power|p1a: Clefable\n|-boost|p1a: Clefable|def|1\n|-boost|p1a: Clefable|spd|1\n|\n|-heal|p1a: Clefable|20\/100|[from] item: Leftovers\n|upkeep\n|turn|36\n|\n|t:|1699113980\n|move|p2a: Zacian|Behemoth Blade|p1a: Clefable\n|-supereffective|p1a: Clefable\n|-damage|p1a: Clefable|0 fnt\n|faint|p1a: Clefable\n|\n|upkeep\n|\n|t:|1699113987\n|switch|p1a: Espathra|Espathra, M|26\/100\n|turn|37\n|\n|t:|1699113992\n|move|p2a: Zacian|Play Rough|p1a: Espathra\n|-damage|p1a: Espathra|0 fnt\n|faint|p1a: Espathra\n|\n|upkeep\n|\n|t:|1699113994\n|switch|p1a: Inteleon|Inteleon, M|100\/100\n|turn|38\n|\n|t:|1699113999\n|move|p2a: Zacian|Play Rough|p1a: Inteleon\n|-enditem|p1a: Inteleon|Focus Sash\n|-damage|p1a: Inteleon|1\/100\n|move|p1a: Inteleon|Snipe Shot|p2a: Zacian\n|-damage|p2a: Zacian|62\/100\n|\n|upkeep\n|turn|39\n|\n|t:|1699114006\n|move|p2a: Zacian|Play Rough|p1a: Inteleon\n|-damage|p1a: Inteleon|0 fnt\n|faint|p1a: Inteleon\n|\n|upkeep\n|-message|R1212 forfeited.\n|\n|win|TheShinySigilyph\n|raw|R1212's rating: 1206 &rarr; <strong>1186<\/strong><br \/>(-20 for losing)\n|raw|TheShinySigilyph's rating: 1271 &rarr; <strong>1291<\/strong><br \/>(+20 for winning)\n|l|\u2606R1212\n","uploadtime":1699114661,"views":4,"p1id":"r1212","p2id":"theshinysigilyph","formatid":"gen9anythinggoes","rating":1186,"private":0,"password":""}