{"id":"gen9anythinggoes-1981378400","p1":"WomboBombo","p2":"Fardulf07","format":"[Gen 9] Anything Goes","log":"|j|\u2606WomboBombo\n|j|\u2606Fardulf07\n|t:|1698889293\n|gametype|singles\n|player|p1|WomboBombo|ethan|\n|player|p2|Fardulf07|sabrina|\n|teamsize|p1|6\n|teamsize|p2|6\n|gen|9\n|tier|[Gen 9] Anything Goes\n|rule|HP Percentage Mod: HP is shown in percentages\n|rule|Endless Battle Clause: Forcing endless battles is banned\n|clearpoke\n|poke|p1|Clefable, F|\n|poke|p1|Manaphy|\n|poke|p1|Corviknight, M|\n|poke|p1|Landorus-Therian, M|\n|poke|p1|Dragapult, M|\n|poke|p1|Skeledirge, M|\n|poke|p2|Toxapex, F|\n|poke|p2|Garganacl, F|\n|poke|p2|Naclstack, F|\n|poke|p2|Roaring Moon|\n|poke|p2|Ribombee, F|\n|poke|p2|Regieleki|\n|teampreview\n|j| caligulahar\n|j| Kingu01\n|\n|t:|1698889316\n|start\n|switch|p1a: Terra|Landorus-Therian, M|100\/100\n|switch|p2a: Toxapex|Toxapex, F|100\/100\n|-ability|p1a: Terra|Intimidate|boost\n|-unboost|p2a: Toxapex|atk|1\n|turn|1\n|\n|t:|1698889333\n|move|p1a: Terra|Stealth Rock|p2a: Toxapex\n|-sidestart|p2: Fardulf07|move: Stealth Rock\n|move|p2a: Toxapex|Toxic Spikes|p1a: Terra\n|-sidestart|p1: WomboBombo|move: Toxic Spikes\n|\n|upkeep\n|turn|2\n|\n|t:|1698889346\n|move|p1a: Terra|Earthquake|p2a: Toxapex\n|-supereffective|p2a: Toxapex\n|-damage|p2a: Toxapex|43\/100\n|move|p2a: Toxapex|Toxic Spikes|p1a: Terra\n|-sidestart|p1: WomboBombo|move: Toxic Spikes\n|\n|-heal|p2a: Toxapex|49\/100|[from] item: Leftovers\n|upkeep\n|turn|3\n|\n|t:|1698889356\n|move|p2a: Toxapex|Baneful Bunker|p2a: Toxapex\n|-singleturn|p2a: Toxapex|move: Protect\n|move|p1a: Terra|Earthquake|p2a: Toxapex\n|-activate|p2a: Toxapex|move: Protect\n|\n|-heal|p2a: Toxapex|55\/100|[from] item: Leftovers\n|upkeep\n|turn|4\n|\n|t:|1698889365\n|move|p1a: Terra|Earthquake|p2a: Toxapex\n|-supereffective|p2a: Toxapex\n|-damage|p2a: Toxapex|1\/100\n|move|p2a: Toxapex|Recover|p2a: Toxapex\n|-heal|p2a: Toxapex|51\/100\n|\n|-heal|p2a: Toxapex|57\/100|[from] item: Leftovers\n|upkeep\n|turn|5\n|\n|t:|1698889375\n|move|p1a: Terra|Earthquake|p2a: Toxapex\n|-supereffective|p2a: Toxapex\n|-damage|p2a: Toxapex|1\/100\n|move|p2a: Toxapex|Toxic|p1a: Terra\n|-status|p1a: Terra|tox\n|\n|-heal|p2a: Toxapex|8\/100|[from] item: Leftovers\n|-damage|p1a: Terra|94\/100 tox|[from] psn\n|upkeep\n|turn|6\n|\n|t:|1698889384\n|move|p2a: Toxapex|Baneful Bunker|p2a: Toxapex\n|-singleturn|p2a: Toxapex|move: Protect\n|move|p1a: Terra|Earthquake|p2a: Toxapex\n|-activate|p2a: Toxapex|move: Protect\n|\n|-heal|p2a: Toxapex|14\/100|[from] item: Leftovers\n|-damage|p1a: Terra|82\/100 tox|[from] psn\n|upkeep\n|turn|7\n|\n|t:|1698889399\n|switch|p2a: Ribombee|Ribombee, F|100\/100\n|-damage|p2a: Ribombee|76\/100|[from] Stealth Rock\n|move|p1a: Terra|Taunt|p2a: Ribombee\n|-start|p2a: Ribombee|move: Taunt\n|\n|-heal|p2a: Ribombee|82\/100|[from] item: Leftovers\n|-damage|p1a: Terra|64\/100 tox|[from] psn\n|upkeep\n|turn|8\n|\n|t:|1698889416\n|switch|p2a: Toxapex|Toxapex, F|47\/100\n|-damage|p2a: Toxapex|35\/100|[from] Stealth Rock\n|move|p1a: Terra|Earthquake|p2a: Toxapex\n|-supereffective|p2a: Toxapex\n|-damage|p2a: Toxapex|0 fnt\n|faint|p2a: Toxapex\n|\n|-damage|p1a: Terra|40\/100 tox|[from] psn\n|upkeep\n|\n|t:|1698889427\n|switch|p2a: Garganacl|Garganacl, F|100\/100\n|-damage|p2a: Garganacl|88\/100|[from] Stealth Rock\n|turn|9\n|\n|t:|1698889436\n|move|p2a: Garganacl|Protect|p2a: Garganacl\n|-singleturn|p2a: Garganacl|Protect\n|move|p1a: Terra|U-turn|p2a: Garganacl\n|-activate|p2a: Garganacl|move: Protect\n|\n|-heal|p2a: Garganacl|94\/100|[from] item: Leftovers\n|-damage|p1a: Terra|10\/100 tox|[from] psn\n|upkeep\n|turn|10\n|\n|t:|1698889454\n|move|p1a: Terra|U-turn|p2a: Garganacl\n|-damage|p2a: Garganacl|83\/100\n|\n|t:|1698889462\n|switch|p1a: Manamo|Manaphy|100\/100|[from] U-turn\n|-status|p1a: Manamo|tox\n|move|p2a: Garganacl|Stealth Rock|p1a: Manamo\n|-sidestart|p1: WomboBombo|move: Stealth Rock\n|\n|-heal|p2a: Garganacl|89\/100|[from] item: Leftovers\n|-damage|p1a: Manamo|94\/100 tox|[from] psn\n|upkeep\n|turn|11\n|\n|t:|1698889475\n|move|p1a: Manamo|Tail Glow|p1a: Manamo\n|-boost|p1a: Manamo|spa|3\n|move|p2a: Garganacl|Salt Cure|p1a: Manamo\n|-damage|p1a: Manamo|82\/100 tox\n|-start|p1a: Manamo|Salt Cure\n|\n|-heal|p1a: Manamo|88\/100 tox|[from] item: Leftovers\n|-heal|p2a: Garganacl|95\/100|[from] item: Leftovers\n|-damage|p1a: Manamo|76\/100 tox|[from] psn\n|-damage|p1a: Manamo|51\/100 tox|[from] Salt Cure\n|upkeep\n|turn|12\n|\n|t:|1698889486\n|move|p2a: Garganacl|Protect|p2a: Garganacl\n|-singleturn|p2a: Garganacl|Protect\n|move|p1a: Manamo|Scald|p2a: Garganacl\n|-activate|p2a: Garganacl|move: Protect\n|\n|-heal|p1a: Manamo|57\/100 tox|[from] item: Leftovers\n|-heal|p2a: Garganacl|100\/100|[from] item: Leftovers\n|-damage|p1a: Manamo|38\/100 tox|[from] psn\n|-damage|p1a: Manamo|13\/100 tox|[from] Salt Cure\n|upkeep\n|turn|13\n|\n|t:|1698889501\n|move|p1a: Manamo|Baton Pass|p1a: Manamo\n|\n|t:|1698889504\n|switch|p1a: Clefamo|Clefable, F|100\/100|[from] Baton Pass\n|-status|p1a: Clefamo|tox\n|move|p2a: Garganacl|Stealth Rock||[still]\n|-fail|p2a: Garganacl\n|\n|upkeep\n|turn|14\n|\n|t:|1698889515\n|move|p1a: Clefamo|Moonblast|p2a: Garganacl\n|-crit|p2a: Garganacl\n|-damage|p2a: Garganacl|1\/100\n|-unboost|p2a: Garganacl|spa|1\n|move|p2a: Garganacl|Salt Cure|p1a: Clefamo\n|-damage|p1a: Clefamo|89\/100 tox\n|-start|p1a: Clefamo|Salt Cure\n|\n|-heal|p1a: Clefamo|95\/100 tox|[from] item: Leftovers\n|-heal|p2a: Garganacl|8\/100|[from] item: Leftovers\n|upkeep\n|turn|15\n|\n|t:|1698889527\n|move|p2a: Garganacl|Protect|p2a: Garganacl\n|-singleturn|p2a: Garganacl|Protect\n|move|p1a: Clefamo|Moonblast|p2a: Garganacl\n|-activate|p2a: Garganacl|move: Protect\n|\n|-heal|p1a: Clefamo|100\/100 tox|[from] item: Leftovers\n|-heal|p2a: Garganacl|14\/100|[from] item: Leftovers\n|upkeep\n|turn|16\n|\n|t:|1698889538\n|move|p1a: Clefamo|Moonblast|p2a: Garganacl\n|-damage|p2a: Garganacl|0 fnt\n|faint|p2a: Garganacl\n|\n|upkeep\n|\n|t:|1698889551\n|switch|p2a: Ribombee|Ribombee, F|82\/100\n|-damage|p2a: Ribombee|57\/100|[from] Stealth Rock\n|turn|17\n|\n|t:|1698889557\n|move|p2a: Ribombee|Substitute|p2a: Ribombee\n|-start|p2a: Ribombee|Substitute\n|-damage|p2a: Ribombee|32\/100\n|move|p1a: Clefamo|Moonblast|p2a: Ribombee\n|-end|p2a: Ribombee|Substitute\n|\n|-heal|p2a: Ribombee|39\/100|[from] item: Leftovers\n|upkeep\n|turn|18\n|\n|t:|1698889576\n|move|p2a: Ribombee|Protect|p2a: Ribombee\n|-singleturn|p2a: Ribombee|Protect\n|move|p1a: Clefamo|Moonblast|p2a: Ribombee\n|-activate|p2a: Ribombee|move: Protect\n|\n|-heal|p2a: Ribombee|45\/100|[from] item: Leftovers\n|upkeep\n|turn|19\n|\n|t:|1698889604\n|move|p2a: Ribombee|Substitute|p2a: Ribombee\n|-start|p2a: Ribombee|Substitute\n|-damage|p2a: Ribombee|20\/100\n|move|p1a: Clefamo|Moonblast|p2a: Ribombee\n|-end|p2a: Ribombee|Substitute\n|\n|-heal|p2a: Ribombee|26\/100|[from] item: Leftovers\n|upkeep\n|turn|20\n|\n|t:|1698889615\n|move|p2a: Ribombee|Calm Mind|p2a: Ribombee\n|-boost|p2a: Ribombee|spa|1\n|-boost|p2a: Ribombee|spd|1\n|move|p1a: Clefamo|Moonblast|p2a: Ribombee\n|-damage|p2a: Ribombee|0 fnt\n|faint|p2a: Ribombee\n|\n|upkeep\n|\n|t:|1698889629\n|switch|p2a: Regieleki|Regieleki|100\/100\n|-damage|p2a: Regieleki|88\/100|[from] Stealth Rock\n|turn|21\n|\n|t:|1698889654\n|move|p2a: Regieleki|Thunder Cage|p1a: Clefamo\n|-damage|p1a: Clefamo|46\/100 tox\n|-activate|p1a: Clefamo|move: Thunder Cage|[of] p2a: Regieleki\n|-damage|p2a: Regieleki|78\/100|[from] item: Life Orb\n|move|p1a: Clefamo|Knock Off|p2a: Regieleki\n|-damage|p2a: Regieleki|47\/100\n|-enditem|p2a: Regieleki|Life Orb|[from] move: Knock Off|[of] p1a: Clefamo\n|\n|-heal|p1a: Clefamo|52\/100 tox|[from] item: Leftovers\n|upkeep\n|turn|22\n|\n|t:|1698889667\n|move|p1a: Clefamo|Protect|p1a: Clefamo\n|-singleturn|p1a: Clefamo|Protect\n|move|p2a: Regieleki|Volt Switch|p1a: Clefamo\n|-activate|p1a: Clefamo|move: Protect\n|\n|-heal|p1a: Clefamo|58\/100 tox|[from] item: Leftovers\n|upkeep\n|turn|23\n|\n|t:|1698889680\n|move|p2a: Regieleki|Thunder Cage|p1a: Clefamo\n|-damage|p1a: Clefamo|17\/100 tox\n|move|p1a: Clefamo|Wish|p1a: Clefamo\n|\n|-heal|p1a: Clefamo|23\/100 tox|[from] item: Leftovers\n|upkeep\n|turn|24\n|\n|t:|1698889687\n|move|p1a: Clefamo|Protect|p1a: Clefamo\n|-singleturn|p1a: Clefamo|Protect\n|move|p2a: Regieleki|Volt Switch|p1a: Clefamo\n|-activate|p1a: Clefamo|move: Protect\n|\n|-heal|p1a: Clefamo|73\/100 tox|[from] move: Wish|[wisher] Clefamo\n|-heal|p1a: Clefamo|79\/100 tox|[from] item: Leftovers\n|upkeep\n|turn|25\n|\n|t:|1698889695\n|move|p2a: Regieleki|Thunder|p1a: Clefamo\n|-damage|p1a: Clefamo|19\/100 tox\n|move|p1a: Clefamo|Moonblast|p2a: Regieleki\n|-damage|p2a: Regieleki|0 fnt\n|faint|p2a: Regieleki\n|\n|-heal|p1a: Clefamo|25\/100 tox|[from] item: Leftovers\n|-end|p1a: Clefamo|Thunder Cage|[partiallytrapped]\n|upkeep\n|\n|t:|1698889711\n|switch|p2a: Roaring Moon|Roaring Moon|100\/100\n|-damage|p2a: Roaring Moon|88\/100|[from] Stealth Rock\n|-enditem|p2a: Roaring Moon|Booster Energy\n|-activate|p2a: Roaring Moon|ability: Protosynthesis|[fromitem]\n|-start|p2a: Roaring Moon|protosynthesisatk\n|turn|26\n|\n|t:|1698889757\n|move|p2a: Roaring Moon|Dragon Claw|p1a: Clefamo\n|-immune|p1a: Clefamo\n|move|p1a: Clefamo|Moonblast|p2a: Roaring Moon\n|-supereffective|p2a: Roaring Moon\n|-damage|p2a: Roaring Moon|0 fnt\n|faint|p2a: Roaring Moon\n|-end|p2a: Roaring Moon|Protosynthesis|[silent]\n|\n|-heal|p1a: Clefamo|31\/100 tox|[from] item: Leftovers\n|upkeep\n|\n|t:|1698889773\n|switch|p2a: Naclstack|Naclstack, F|100\/100\n|-damage|p2a: Naclstack|88\/100|[from] Stealth Rock\n|turn|27\n|\n|t:|1698889781\n|move|p1a: Clefamo|Moonblast|p2a: Naclstack\n|-damage|p2a: Naclstack|9\/100\n|move|p2a: Naclstack|Salt Cure|p1a: Clefamo\n|-damage|p1a: Clefamo|24\/100 tox\n|\n|-heal|p1a: Clefamo|30\/100 tox|[from] item: Leftovers\n|upkeep\n|turn|28\n|\n|t:|1698889792\n|move|p1a: Clefamo|Moonblast|p2a: Naclstack\n|-damage|p2a: Naclstack|0 fnt\n|faint|p2a: Naclstack\n|\n|win|WomboBombo\n|l|\u2606Fardulf07\n|l|\u2606WomboBombo\n|l| caligulahar\n|l| Kingu01\n|j| Kingu01\n","uploadtime":1698889839,"views":13,"p1id":"wombobombo","p2id":"fardulf07","formatid":"gen9anythinggoes","rating":0,"private":0,"password":""}