{"id":"gen9anythinggoes-1986696399","p1":"Dumbfudge","p2":"MrWhiskerS1712012","format":"[Gen 9] Anything Goes","log":"|j|\u2606Dumbfudge\n|j|\u2606MrWhiskerS1712012\n|t:|1699509444\n|gametype|singles\n|player|p1|Dumbfudge|blackbelt-gen4dp|1273\n|player|p2|MrWhiskerS1712012|backpacker|1208\n|teamsize|p1|6\n|teamsize|p2|6\n|gen|9\n|tier|[Gen 9] Anything Goes\n|rated|\n|rule|HP Percentage Mod: HP is shown in percentages\n|rule|Endless Battle Clause: Forcing endless battles is banned\n|clearpoke\n|poke|p1|Espathra, F|\n|poke|p1|Giratina|\n|poke|p1|Shaymin-Sky|\n|poke|p1|Zacian-*|\n|poke|p1|Ditto|\n|poke|p1|Breloom, F|\n|poke|p2|Goodra-Hisui, M|\n|poke|p2|Chandelure, M|\n|poke|p2|Gyarados, M|\n|poke|p2|Sneasler, F|\n|poke|p2|Sandy Shocks|\n|poke|p2|Leafeon, F|\n|teampreview\n|inactive|Battle timer is ON: inactive players will automatically lose when time's up. (requested by MrWhiskerS1712012)\n|\n|t:|1699509452\n|start\n|switch|p1a: Whooping cough|Zacian-Crowned|100\/100\n|switch|p2a: Sandy Shocks|Sandy Shocks|100\/100\n|-ability|p1a: Whooping cough|Intrepid Sword|boost\n|-boost|p1a: Whooping cough|atk|1\n|-enditem|p2a: Sandy Shocks|Booster Energy\n|-activate|p2a: Sandy Shocks|ability: Protosynthesis|[fromitem]\n|-start|p2a: Sandy Shocks|protosynthesisspa\n|turn|1\n|\n|t:|1699509463\n|-terastallize|p1a: Whooping cough|Steel\n|move|p1a: Whooping cough|Behemoth Blade|p2a: Sandy Shocks\n|-resisted|p2a: Sandy Shocks\n|-damage|p2a: Sandy Shocks|35\/100\n|move|p2a: Sandy Shocks|Thunder Wave|p1a: Whooping cough\n|-status|p1a: Whooping cough|par\n|\n|upkeep\n|turn|2\n|\n|t:|1699509472\n|move|p2a: Sandy Shocks|Stealth Rock|p1a: Whooping cough\n|-sidestart|p1: Dumbfudge|move: Stealth Rock\n|move|p1a: Whooping cough|Behemoth Blade|p2a: Sandy Shocks\n|-resisted|p2a: Sandy Shocks\n|-damage|p2a: Sandy Shocks|0 fnt\n|faint|p2a: Sandy Shocks\n|-end|p2a: Sandy Shocks|Protosynthesis|[silent]\n|\n|upkeep\n|inactive|MrWhiskerS1712012 has 120 seconds left.\n|\n|t:|1699509514\n|switch|p2a: Chandelure|Chandelure, M|100\/100\n|turn|3\n|\n|t:|1699509518\n|switch|p1a: Lice|Giratina|100\/100\n|-damage|p1a: Lice|88\/100|[from] Stealth Rock\n|-ability|p1a: Lice|Pressure\n|move|p2a: Chandelure|Flamethrower|p1a: Lice\n|-resisted|p1a: Lice\n|-damage|p1a: Lice|76\/100\n|\n|upkeep\n|turn|4\n|\n|t:|1699509529\n|move|p2a: Chandelure|Shadow Ball|p1a: Lice\n|-supereffective|p1a: Lice\n|-damage|p1a: Lice|28\/100\n|move|p1a: Lice|Defog|p2a: Chandelure\n|-unboost|p2a: Chandelure|evasion|1\n|-sideend|p1: Dumbfudge|Stealth Rock|[from] move: Defog|[of] p1a: Lice\n|\n|upkeep\n|turn|5\n|\n|t:|1699509538\n|move|p1a: Lice|Shadow Sneak|p2a: Chandelure\n|-supereffective|p2a: Chandelure\n|-damage|p2a: Chandelure|45\/100\n|move|p2a: Chandelure|Shadow Ball|p1a: Lice\n|-supereffective|p1a: Lice\n|-damage|p1a: Lice|0 fnt\n|faint|p1a: Lice\n|\n|upkeep\n|\n|t:|1699509548\n|switch|p1a: Cancer|Shaymin-Sky|100\/100\n|turn|6\n|\n|t:|1699509552\n|move|p1a: Cancer|Air Slash|p2a: Chandelure\n|-damage|p2a: Chandelure|0 fnt\n|faint|p2a: Chandelure\n|\n|upkeep\n|\n|t:|1699509559\n|switch|p2a: Sneasler|Sneasler, F|100\/100\n|turn|7\n|\n|t:|1699509562\n|move|p2a: Sneasler|Fake Out|p1a: Cancer\n|-enditem|p2a: Sneasler|Normal Gem|[from] gem\n|-damage|p1a: Cancer|77\/100\n|cant|p1a: Cancer|flinch\n|\n|upkeep\n|turn|8\n|\n|t:|1699509568\n|move|p2a: Sneasler|Dire Claw|p1a: Cancer\n|-supereffective|p1a: Cancer\n|-damage|p1a: Cancer|0 fnt\n|faint|p1a: Cancer\n|\n|upkeep\n|\n|t:|1699509581\n|switch|p1a: Schizoid|Ditto|100\/100\n|-transform|p1a: Schizoid|p2a: Sneasler|[from] ability: Imposter\n|turn|9\n|\n|t:|1699509590\n|move|p2a: Sneasler|Shadow Claw|p1a: Schizoid\n|-damage|p1a: Schizoid|56\/100\n|move|p1a: Schizoid|Close Combat|p2a: Sneasler\n|-resisted|p2a: Sneasler\n|-damage|p2a: Sneasler|45\/100\n|-unboost|p1a: Schizoid|def|1\n|-unboost|p1a: Schizoid|spd|1\n|\n|upkeep\n|turn|10\n|\n|t:|1699509599\n|move|p2a: Sneasler|Shadow Claw|p1a: Schizoid\n|-damage|p1a: Schizoid|0 fnt\n|faint|p1a: Schizoid\n|\n|upkeep\n|\n|t:|1699509606\n|switch|p1a: Whooping cough|Zacian-Crowned, tera:Steel|100\/100 par\n|turn|11\n|\n|t:|1699509610\n|move|p2a: Sneasler|Close Combat|p1a: Whooping cough\n|-supereffective|p1a: Whooping cough\n|-damage|p1a: Whooping cough|0 fnt\n|-unboost|p2a: Sneasler|def|1\n|-unboost|p2a: Sneasler|spd|1\n|faint|p1a: Whooping cough\n|\n|upkeep\n|c|\u2606Dumbfudge|How are you so fast\n|\n|t:|1699509627\n|switch|p1a: Chickenpox|Espathra, F|100\/100\n|turn|12\n|c|\u2606MrWhiskerS1712012|unburden\n|\n|t:|1699509639\n|move|p1a: Chickenpox|Protect|p1a: Chickenpox\n|-singleturn|p1a: Chickenpox|Protect\n|move|p2a: Sneasler|Shadow Claw|p1a: Chickenpox\n|-activate|p1a: Chickenpox|move: Protect\n|\n|-ability|p1a: Chickenpox|Speed Boost|boost\n|-boost|p1a: Chickenpox|spe|1\n|upkeep\n|turn|13\n|c|\u2606Dumbfudge|Oh ok\n|c|\u2606MrWhiskerS1712012|678 speed\n|\n|t:|1699509654\n|move|p2a: Sneasler|Shadow Claw|p1a: Chickenpox\n|-supereffective|p1a: Chickenpox\n|-damage|p1a: Chickenpox|26\/100\n|move|p1a: Chickenpox|Hypnosis|p2a: Sneasler\n|-status|p2a: Sneasler|slp|[from] move: Hypnosis\n|\n|-ability|p1a: Chickenpox|Speed Boost|boost\n|-boost|p1a: Chickenpox|spe|1\n|upkeep\n|turn|14\n|inactive|Dumbfudge has 120 seconds left.\n|\n|t:|1699509688\n|move|p1a: Chickenpox|Substitute|p1a: Chickenpox\n|-start|p1a: Chickenpox|Substitute\n|-damage|p1a: Chickenpox|1\/100\n|cant|p2a: Sneasler|slp\n|\n|-ability|p1a: Chickenpox|Speed Boost|boost\n|-boost|p1a: Chickenpox|spe|1\n|upkeep\n|turn|15\n|inactive|Dumbfudge has 120 seconds left.\n|\n|t:|1699509702\n|move|p1a: Chickenpox|Protect|p1a: Chickenpox\n|-singleturn|p1a: Chickenpox|Protect\n|cant|p2a: Sneasler|slp\n|\n|-ability|p1a: Chickenpox|Speed Boost|boost\n|-boost|p1a: Chickenpox|spe|1\n|upkeep\n|turn|16\n|\n|t:|1699509712\n|move|p1a: Chickenpox|Baton Pass|p1a: Chickenpox\n|\n|t:|1699509713\n|switch|p1a: Flat out AIDS|Breloom, F|100\/100|[from] Baton Pass\n|-curestatus|p2a: Sneasler|slp|[msg]\n|move|p2a: Sneasler|Shadow Claw|p1a: Flat out AIDS\n|-crit|p1a: Flat out AIDS\n|-end|p1a: Flat out AIDS|Substitute\n|\n|upkeep\n|turn|17\n|\n|t:|1699509723\n|move|p1a: Flat out AIDS|Spore|p2a: Sneasler\n|-status|p2a: Sneasler|slp|[from] move: Spore\n|cant|p2a: Sneasler|slp\n|\n|upkeep\n|turn|18\n|\n|t:|1699509736\n|switch|p2a: Goodra|Goodra-Hisui, M, shiny|100\/100\n|move|p1a: Flat out AIDS|Substitute|p1a: Flat out AIDS\n|-start|p1a: Flat out AIDS|Substitute\n|-damage|p1a: Flat out AIDS|75\/100\n|\n|-heal|p1a: Flat out AIDS|82\/100|[from] item: Leftovers\n|upkeep\n|turn|19\n|\n|t:|1699509750\n|move|p1a: Flat out AIDS|Drain Punch|p2a: Goodra\n|-supereffective|p2a: Goodra\n|-damage|p2a: Goodra|34\/100\n|-heal|p1a: Flat out AIDS|100\/100|[from] drain|[of] p2a: Goodra\n|-ability|p2a: Goodra|Gooey\n|-unboost|p1a: Flat out AIDS|spe|1\n|move|p2a: Goodra|Ice Beam|p1a: Flat out AIDS\n|-supereffective|p1a: Flat out AIDS\n|-end|p1a: Flat out AIDS|Substitute\n|\n|upkeep\n|turn|20\n|\n|t:|1699509765\n|-terastallize|p2a: Goodra|Ghost\n|move|p1a: Flat out AIDS|Drain Punch|p2a: Goodra\n|-immune|p2a: Goodra\n|move|p2a: Goodra|Ice Beam|p1a: Flat out AIDS\n|-supereffective|p1a: Flat out AIDS\n|-damage|p1a: Flat out AIDS|19\/100\n|\n|-heal|p1a: Flat out AIDS|25\/100|[from] item: Leftovers\n|upkeep\n|turn|21\n|\n|t:|1699509776\n|move|p1a: Flat out AIDS|Spore|p2a: Goodra\n|-status|p2a: Goodra|slp|[from] move: Spore\n|cant|p2a: Goodra|slp\n|\n|-heal|p1a: Flat out AIDS|31\/100|[from] item: Leftovers\n|upkeep\n|turn|22\n|\n|t:|1699509784\n|move|p1a: Flat out AIDS|Substitute|p1a: Flat out AIDS\n|-start|p1a: Flat out AIDS|Substitute\n|-damage|p1a: Flat out AIDS|6\/100\n|cant|p2a: Goodra|slp\n|\n|-heal|p1a: Flat out AIDS|13\/100|[from] item: Leftovers\n|upkeep\n|turn|23\n|\n|t:|1699509792\n|move|p1a: Flat out AIDS|Leech Seed|p2a: Goodra\n|-start|p2a: Goodra|move: Leech Seed\n|-curestatus|p2a: Goodra|slp|[msg]\n|move|p2a: Goodra|Ice Beam|p1a: Flat out AIDS\n|-supereffective|p1a: Flat out AIDS\n|-crit|p1a: Flat out AIDS\n|-end|p1a: Flat out AIDS|Substitute\n|\n|-heal|p1a: Flat out AIDS|19\/100|[from] item: Leftovers\n|-damage|p2a: Goodra|21\/100|[from] Leech Seed|[of] p1a: Flat out AIDS\n|-heal|p1a: Flat out AIDS|33\/100|[silent]\n|upkeep\n|turn|24\n|\n|t:|1699509803\n|move|p1a: Flat out AIDS|Spore|p2a: Goodra\n|-status|p2a: Goodra|slp|[from] move: Spore\n|cant|p2a: Goodra|slp\n|\n|-heal|p1a: Flat out AIDS|39\/100|[from] item: Leftovers\n|-damage|p2a: Goodra|9\/100 slp|[from] Leech Seed|[of] p1a: Flat out AIDS\n|-heal|p1a: Flat out AIDS|53\/100|[silent]\n|upkeep\n|turn|25\n|\n|t:|1699509816\n|switch|p2a: Leafeon|Leafeon, F|100\/100\n|move|p1a: Flat out AIDS|Substitute|p1a: Flat out AIDS\n|-start|p1a: Flat out AIDS|Substitute\n|-damage|p1a: Flat out AIDS|28\/100\n|\n|-heal|p1a: Flat out AIDS|34\/100|[from] item: Leftovers\n|upkeep\n|turn|26\n|\n|t:|1699509825\n|move|p1a: Flat out AIDS|Drain Punch|p2a: Leafeon\n|-damage|p2a: Leafeon|74\/100\n|-heal|p1a: Flat out AIDS|48\/100|[from] drain|[of] p2a: Leafeon\n|move|p2a: Leafeon|Sunny Day|p2a: Leafeon\n|-weather|SunnyDay\n|\n|-weather|SunnyDay|[upkeep]\n|-heal|p1a: Flat out AIDS|54\/100|[from] item: Leftovers\n|upkeep\n|turn|27\n|\n|t:|1699509835\n|move|p1a: Flat out AIDS|Drain Punch|p2a: Leafeon\n|-damage|p2a: Leafeon|46\/100\n|-heal|p1a: Flat out AIDS|68\/100|[from] drain|[of] p2a: Leafeon\n|move|p2a: Leafeon|Swords Dance|p2a: Leafeon\n|-boost|p2a: Leafeon|atk|2\n|\n|-weather|SunnyDay|[upkeep]\n|-heal|p1a: Flat out AIDS|75\/100|[from] item: Leftovers\n|upkeep\n|turn|28\n|\n|t:|1699509845\n|move|p1a: Flat out AIDS|Drain Punch|p2a: Leafeon\n|-damage|p2a: Leafeon|20\/100\n|-heal|p1a: Flat out AIDS|88\/100|[from] drain|[of] p2a: Leafeon\n|move|p2a: Leafeon|Tera Blast|p1a: Flat out AIDS\n|-activate|p1a: Flat out AIDS|move: Substitute|[damage]\n|-damage|p2a: Leafeon|10\/100|[from] item: Life Orb\n|\n|-weather|SunnyDay|[upkeep]\n|-heal|p1a: Flat out AIDS|94\/100|[from] item: Leftovers\n|upkeep\n|turn|29\n|c|\u2606MrWhiskerS1712012|wth\n|\n|t:|1699509856\n|move|p1a: Flat out AIDS|Drain Punch|p2a: Leafeon\n|-crit|p2a: Leafeon\n|-damage|p2a: Leafeon|0 fnt\n|-heal|p1a: Flat out AIDS|99\/100|[from] drain|[of] p2a: Leafeon\n|faint|p2a: Leafeon\n|\n|-weather|SunnyDay|[upkeep]\n|-heal|p1a: Flat out AIDS|100\/100|[from] item: Leftovers\n|upkeep\n|\n|t:|1699509861\n|switch|p2a: Gyarados|Gyarados, M|100\/100\n|turn|30\n|c|\u2606MrWhiskerS1712012|this is abuse\\\n|\n|t:|1699509872\n|move|p1a: Flat out AIDS|Spore|p2a: Gyarados\n|-status|p2a: Gyarados|slp|[from] move: Spore\n|cant|p2a: Gyarados|slp\n|\n|-weather|none\n|upkeep\n|turn|31\n|c|\u2606Dumbfudge|Dude u can end it with the 670 speed pokemon\n|c|\u2606MrWhiskerS1712012|its sleeping\n|inactive|Dumbfudge has 120 seconds left.\n|c|\u2606Dumbfudge|its not abuse no sleep clause\n|\n|t:|1699509913\n|move|p1a: Flat out AIDS|Leech Seed|p2a: Gyarados\n|-start|p2a: Gyarados|move: Leech Seed\n|-curestatus|p2a: Gyarados|slp|[msg]\n|move|p2a: Gyarados|Ice Fang|p1a: Flat out AIDS\n|-supereffective|p1a: Flat out AIDS\n|-end|p1a: Flat out AIDS|Substitute\n|-damage|p2a: Gyarados|91\/100|[from] item: Life Orb\n|\n|-damage|p2a: Gyarados|78\/100|[from] Leech Seed|[of] p1a: Flat out AIDS\n|upkeep\n|turn|32\n|\n|t:|1699509924\n|move|p1a: Flat out AIDS|Spore|p2a: Gyarados\n|-status|p2a: Gyarados|slp|[from] move: Spore\n|cant|p2a: Gyarados|slp\n|\n|-damage|p2a: Gyarados|66\/100 slp|[from] Leech Seed|[of] p1a: Flat out AIDS\n|upkeep\n|turn|33\n|\n|t:|1699509933\n|move|p1a: Flat out AIDS|Substitute|p1a: Flat out AIDS\n|-start|p1a: Flat out AIDS|Substitute\n|-damage|p1a: Flat out AIDS|75\/100\n|-curestatus|p2a: Gyarados|slp|[msg]\n|move|p2a: Gyarados|Ice Fang|p1a: Flat out AIDS|[miss]\n|-miss|p2a: Gyarados|p1a: Flat out AIDS\n|\n|-heal|p1a: Flat out AIDS|82\/100|[from] item: Leftovers\n|-damage|p2a: Gyarados|54\/100|[from] Leech Seed|[of] p1a: Flat out AIDS\n|-heal|p1a: Flat out AIDS|94\/100|[silent]\n|upkeep\n|turn|34\n|inactive|Dumbfudge has 120 seconds left.\n|c|\u2606MrWhiskerS1712012|bro\n|\n|t:|1699509946\n|move|p1a: Flat out AIDS|Spore|p2a: Gyarados\n|-status|p2a: Gyarados|slp|[from] move: Spore\n|cant|p2a: Gyarados|slp\n|\n|-heal|p1a: Flat out AIDS|100\/100|[from] item: Leftovers\n|-damage|p2a: Gyarados|41\/100 slp|[from] Leech Seed|[of] p1a: Flat out AIDS\n|upkeep\n|turn|35\n|inactive|Dumbfudge has 120 seconds left.\n|c|\u2606Dumbfudge|Also im running out of po\n|c|\u2606Dumbfudge|pp\n|\n|t:|1699509970\n|move|p1a: Flat out AIDS|Drain Punch|p2a: Gyarados\n|-resisted|p2a: Gyarados\n|-damage|p2a: Gyarados|20\/100 slp\n|cant|p2a: Gyarados|slp\n|\n|-damage|p2a: Gyarados|7\/100 slp|[from] Leech Seed|[of] p1a: Flat out AIDS\n|upkeep\n|turn|36\n|c|\u2606MrWhiskerS1712012|good\n|\n|t:|1699509979\n|switch|p2a: Sneasler|Sneasler, F|45\/100 slp\n|move|p1a: Flat out AIDS|Drain Punch|p2a: Sneasler\n|-resisted|p2a: Sneasler\n|-damage|p2a: Sneasler|18\/100 slp\n|\n|upkeep\n|turn|37\n|\n|t:|1699509989\n|switch|p2a: Goodra|Goodra-Hisui, M, shiny, tera:Ghost|9\/100 slp\n|move|p1a: Flat out AIDS|Drain Punch|p2a: Goodra\n|-immune|p2a: Goodra\n|\n|upkeep\n|turn|38\n|inactive|Dumbfudge has 120 seconds left.\n|\n|t:|1699510002\n|move|p1a: Flat out AIDS|Leech Seed|p2a: Goodra|[miss]\n|-miss|p1a: Flat out AIDS|p2a: Goodra\n|-curestatus|p2a: Goodra|slp|[msg]\n|move|p2a: Goodra|Ice Beam|p1a: Flat out AIDS\n|-supereffective|p1a: Flat out AIDS\n|-end|p1a: Flat out AIDS|Substitute\n|\n|upkeep\n|turn|39\n|\n|t:|1699510010\n|move|p1a: Flat out AIDS|Spore|p2a: Goodra\n|-status|p2a: Goodra|slp|[from] move: Spore\n|cant|p2a: Goodra|slp\n|\n|upkeep\n|turn|40\n|\n|t:|1699510017\n|move|p1a: Flat out AIDS|Substitute|p1a: Flat out AIDS\n|-start|p1a: Flat out AIDS|Substitute\n|-damage|p1a: Flat out AIDS|75\/100\n|cant|p2a: Goodra|slp\n|\n|-heal|p1a: Flat out AIDS|82\/100|[from] item: Leftovers\n|upkeep\n|turn|41\n|c|\u2606Dumbfudge|Goodra has an ability that counters sleep\n|inactive|Dumbfudge has 120 seconds left.\n|\n|t:|1699510039\n|move|p1a: Flat out AIDS|Leech Seed|p2a: Goodra\n|-start|p2a: Goodra|move: Leech Seed\n|cant|p2a: Goodra|slp\n|\n|-heal|p1a: Flat out AIDS|88\/100|[from] item: Leftovers\n|-damage|p2a: Goodra|0 fnt|[from] Leech Seed|[of] p1a: Flat out AIDS\n|-heal|p1a: Flat out AIDS|97\/100|[silent]\n|faint|p2a: Goodra\n|upkeep\n|c|\u2606MrWhiskerS1712012|no just steeels cracked\n|\n|t:|1699510051\n|switch|p2a: Sneasler|Sneasler, F|18\/100 slp\n|turn|42\n|\n|t:|1699510065\n|-curestatus|p2a: Sneasler|slp|[msg]\n|move|p2a: Sneasler|Fake Out|p1a: Flat out AIDS\n|-activate|p1a: Flat out AIDS|move: Substitute|[damage]\n|move|p1a: Flat out AIDS|Drain Punch|p2a: Sneasler\n|-resisted|p2a: Sneasler\n|-damage|p2a: Sneasler|0 fnt\n|-heal|p1a: Flat out AIDS|100\/100|[from] drain|[of] p2a: Sneasler\n|faint|p2a: Sneasler\n|\n|upkeep\n|\n|t:|1699510071\n|switch|p2a: Gyarados|Gyarados, M|7\/100 slp\n|turn|43\n|c|\u2606Dumbfudge|Gg\n|inactive|MrWhiskerS1712012 has 120 seconds left.\n|inactiveoff|Battle timer is now OFF.\n|c|\u2606Dumbfudge|Why u do this\n|c|\u2606MrWhiskerS1712012|why u spam spore\n|c|\u2606Dumbfudge|Cuz im new and its a good strat\n|c|\u2606MrWhiskerS1712012|well im crying\n|c|\u2606Dumbfudge|im sorry\n|c|\u2606Dumbfudge|ill forfeit this time\n|c|\u2606Dumbfudge|but next time u be prepared\n|-message|Dumbfudge forfeited.\n|\n|win|MrWhiskerS1712012\n|raw|Dumbfudge's rating: 1273 &rarr; <strong>1243<\/strong><br \/>(-30 for losing)\n|raw|MrWhiskerS1712012's rating: 1208 &rarr; <strong>1238<\/strong><br \/>(+30 for winning)\n|l|\u2606Dumbfudge\n","uploadtime":1699510107,"views":4,"p1id":"dumbfudge","p2id":"mrwhiskers1712012","formatid":"gen9anythinggoes","rating":1238,"private":0,"password":""}