{"id":"gen9anythinggoes-1972887988","p1":"KOMORNIKK","p2":"MelloBello","format":"[Gen 9] Anything Goes","log":"|j|\u2606KOMORNIKK\n|j|\u2606MelloBello\n|t:|1697905761\n|gametype|singles\n|player|p1|KOMORNIKK|rood|1079\n|player|p2|MelloBello|darach-caitlin|1046\n|teamsize|p1|6\n|teamsize|p2|6\n|gen|9\n|tier|[Gen 9] Anything Goes\n|rated|\n|rule|HP Percentage Mod: HP is shown in percentages\n|rule|Endless Battle Clause: Forcing endless battles is banned\n|clearpoke\n|poke|p1|Kingambit, M|\n|poke|p1|Walking Wake|\n|poke|p1|Glalie, M|\n|poke|p1|Eelektross, M|\n|poke|p1|Ogerpon-Hearthflame, F|\n|poke|p1|Armarouge, F|\n|poke|p2|Alomomola, M|\n|poke|p2|Calyrex-Shadow|\n|poke|p2|Volcarona, M|\n|poke|p2|Forretress, M|\n|poke|p2|Masquerain, M|\n|poke|p2|Iron Valiant|\n|teampreview\n|\n|t:|1697905780\n|start\n|switch|p1a: Armarouge|Armarouge, F|100\/100\n|switch|p2a: Forretress|Forretress, M|100\/100\n|turn|1\n|\n|t:|1697905793\n|move|p1a: Armarouge|Sunny Day|p1a: Armarouge\n|-weather|SunnyDay\n|move|p2a: Forretress|Toxic Spikes|p1a: Armarouge\n|-sidestart|p1: KOMORNIKK|move: Toxic Spikes\n|\n|-weather|SunnyDay|[upkeep]\n|upkeep\n|turn|2\n|\n|t:|1697905803\n|move|p1a: Armarouge|Armor Cannon|p2a: Forretress\n|-supereffective|p2a: Forretress\n|-ability|p2a: Forretress|Sturdy\n|-damage|p2a: Forretress|1\/100\n|-unboost|p1a: Armarouge|def|1\n|-unboost|p1a: Armarouge|spd|1\n|move|p2a: Forretress|Stealth Rock|p1a: Armarouge\n|-sidestart|p1: KOMORNIKK|move: Stealth Rock\n|\n|-weather|SunnyDay|[upkeep]\n|-heal|p2a: Forretress|7\/100|[from] item: Leftovers\n|upkeep\n|turn|3\n|\n|t:|1697905822\n|move|p1a: Armarouge|Night Shade|p2a: Forretress\n|-damage|p2a: Forretress|0 fnt\n|faint|p2a: Forretress\n|\n|-weather|SunnyDay|[upkeep]\n|upkeep\n|inactive|Battle timer is ON: inactive players will automatically lose when time's up. (requested by KOMORNIKK)\n|\n|t:|1697905862\n|switch|p2a: Masquerain|Masquerain, M|100\/100\n|-ability|p2a: Masquerain|Intimidate|boost\n|-unboost|p1a: Armarouge|atk|1\n|turn|4\n|\n|t:|1697905869\n|move|p2a: Masquerain|Sticky Web|p1a: Armarouge\n|-sidestart|p1: KOMORNIKK|move: Sticky Web\n|move|p1a: Armarouge|Armor Cannon|p2a: Masquerain\n|-supereffective|p2a: Masquerain\n|-damage|p2a: Masquerain|0 fnt\n|-unboost|p1a: Armarouge|def|1\n|-unboost|p1a: Armarouge|spd|1\n|faint|p2a: Masquerain\n|\n|-weather|SunnyDay|[upkeep]\n|upkeep\n|\n|t:|1697905885\n|switch|p2a: Calyrex|Calyrex-Shadow|100\/100\n|-ability|p2a: Calyrex|As One\n|-ability|p2a: Calyrex|Unnerve\n|turn|5\n|\n|t:|1697905895\n|move|p2a: Calyrex|Astral Barrage|p1a: Armarouge\n|-supereffective|p1a: Armarouge\n|-damage|p1a: Armarouge|0 fnt\n|faint|p1a: Armarouge\n|-ability|p2a: Calyrex|Grim Neigh|boost\n|-boost|p2a: Calyrex|spa|1\n|\n|-weather|none\n|upkeep\n|\n|t:|1697905910\n|switch|p1a: Kingambit|Kingambit, M|100\/100\n|-damage|p1a: Kingambit|94\/100|[from] Stealth Rock\n|-activate|p1a: Kingambit|move: Sticky Web\n|-unboost|p1a: Kingambit|spe|1\n|-activate|p1a: Kingambit|ability: Supreme Overlord\n|-start|p1a: Kingambit|fallen1|[silent]\n|turn|6\n|\n|t:|1697905922\n|move|p2a: Calyrex|Stomping Tantrum|p1a: Kingambit\n|-supereffective|p1a: Kingambit\n|-damage|p1a: Kingambit|75\/100\n|-damage|p2a: Calyrex|84\/100|[from] item: Rocky Helmet|[of] p1a: Kingambit\n|move|p1a: Kingambit|Swords Dance|p1a: Kingambit\n|-boost|p1a: Kingambit|atk|2\n|\n|upkeep\n|turn|7\n|\n|t:|1697905940\n|switch|p2a: Iron Valiant|Iron Valiant|100\/100\n|move|p1a: Kingambit|Swords Dance|p1a: Kingambit\n|-boost|p1a: Kingambit|atk|2\n|\n|upkeep\n|turn|8\n|\n|t:|1697905956\n|move|p2a: Iron Valiant|Calm Mind|p2a: Iron Valiant\n|-boost|p2a: Iron Valiant|spa|1\n|-boost|p2a: Iron Valiant|spd|1\n|move|p1a: Kingambit|Stone Edge|p2a: Iron Valiant\n|-resisted|p2a: Iron Valiant\n|-damage|p2a: Iron Valiant|32\/100\n|\n|upkeep\n|turn|9\n|\n|t:|1697905968\n|move|p2a: Iron Valiant|Fire Punch|p1a: Kingambit\n|-supereffective|p1a: Kingambit\n|-damage|p1a: Kingambit|41\/100\n|-damage|p2a: Iron Valiant|16\/100|[from] item: Rocky Helmet|[of] p1a: Kingambit\n|move|p1a: Kingambit|Stone Edge|p2a: Iron Valiant\n|-resisted|p2a: Iron Valiant\n|-damage|p2a: Iron Valiant|0 fnt\n|faint|p2a: Iron Valiant\n|-end|p2a: Iron Valiant|Quark Drive|[silent]\n|\n|upkeep\n|\n|t:|1697905980\n|switch|p2a: Alomomola|Alomomola, M|100\/100\n|turn|10\n|\n|t:|1697905985\n|move|p2a: Alomomola|Wish|p2a: Alomomola\n|move|p1a: Kingambit|Shadow Claw|p2a: Alomomola\n|-damage|p2a: Alomomola|41\/100\n|\n|upkeep\n|turn|11\n|\n|t:|1697906002\n|move|p2a: Alomomola|Flip Turn|p1a: Kingambit\n|-damage|p1a: Kingambit|29\/100\n|-damage|p2a: Alomomola|24\/100|[from] item: Rocky Helmet|[of] p1a: Kingambit\n|\n|t:|1697906012\n|switch|p2a: Volcarona|Volcarona, M, shiny|100\/100|[from] Flip Turn\n|move|p1a: Kingambit|Shadow Claw|p2a: Volcarona\n|-damage|p2a: Volcarona|5\/100\n|\n|-heal|p2a: Volcarona|85\/100|[from] move: Wish|[wisher] Alomomola\n|upkeep\n|turn|12\n|\n|t:|1697906025\n|move|p2a: Volcarona|Fiery Dance|p1a: Kingambit\n|-supereffective|p1a: Kingambit\n|-damage|p1a: Kingambit|0 fnt\n|faint|p1a: Kingambit\n|-end|p1a: Kingambit|fallen1|[silent]\n|\n|upkeep\n|\n|t:|1697906034\n|switch|p1a: Walking Wake|Walking Wake|100\/100\n|-status|p1a: Walking Wake|psn\n|-damage|p1a: Walking Wake|88\/100 psn|[from] Stealth Rock\n|-activate|p1a: Walking Wake|move: Sticky Web\n|-unboost|p1a: Walking Wake|spe|1\n|turn|13\n|\n|t:|1697906042\n|move|p2a: Volcarona|Giga Drain|p1a: Walking Wake\n|-damage|p1a: Walking Wake|66\/100 psn\n|-heal|p2a: Volcarona|96\/100|[from] drain|[of] p1a: Walking Wake\n|move|p1a: Walking Wake|Sunny Day|p1a: Walking Wake\n|-weather|SunnyDay\n|-activate|p1a: Walking Wake|ability: Protosynthesis\n|-start|p1a: Walking Wake|protosynthesisdef\n|\n|-weather|SunnyDay|[upkeep]\n|-damage|p1a: Walking Wake|53\/100 psn|[from] psn\n|upkeep\n|turn|14\n|\n|t:|1697906053\n|move|p2a: Volcarona|Giga Drain|p1a: Walking Wake\n|-damage|p1a: Walking Wake|30\/100 psn\n|-heal|p2a: Volcarona|100\/100|[from] drain|[of] p1a: Walking Wake\n|move|p1a: Walking Wake|Hydro Steam|p2a: Volcarona\n|-supereffective|p2a: Volcarona\n|-crit|p2a: Volcarona\n|-damage|p2a: Volcarona|0 fnt\n|faint|p2a: Volcarona\n|\n|-weather|SunnyDay|[upkeep]\n|-damage|p1a: Walking Wake|18\/100 psn|[from] psn\n|upkeep\n|\n|t:|1697906066\n|switch|p2a: Calyrex|Calyrex-Shadow|84\/100\n|-ability|p2a: Calyrex|As One\n|-ability|p2a: Calyrex|Unnerve\n|turn|15\n|\n|t:|1697906076\n|move|p2a: Calyrex|Giga Drain|p1a: Walking Wake\n|-damage|p1a: Walking Wake|0 fnt\n|-heal|p2a: Calyrex|92\/100|[from] drain|[of] p1a: Walking Wake\n|faint|p1a: Walking Wake\n|-end|p1a: Walking Wake|Protosynthesis|[silent]\n|-ability|p2a: Calyrex|Grim Neigh|boost\n|-boost|p2a: Calyrex|spa|1\n|\n|-weather|SunnyDay|[upkeep]\n|upkeep\n|\n|t:|1697906092\n|switch|p1a: Eelektross|Eelektross, M|100\/100\n|-damage|p1a: Eelektross|88\/100|[from] Stealth Rock\n|turn|16\n|\n|t:|1697906098\n|move|p2a: Calyrex|Astral Barrage|p1a: Eelektross\n|-damage|p1a: Eelektross|0 fnt\n|faint|p1a: Eelektross\n|-ability|p2a: Calyrex|Grim Neigh|boost\n|-boost|p2a: Calyrex|spa|1\n|\n|-weather|SunnyDay|[upkeep]\n|upkeep\n|\n|t:|1697906110\n|switch|p1a: Glalie|Glalie, M|100\/100\n|-status|p1a: Glalie|psn\n|-damage|p1a: Glalie|76\/100 psn|[from] Stealth Rock\n|-activate|p1a: Glalie|move: Sticky Web\n|-unboost|p1a: Glalie|spe|1\n|turn|17\n|\n|t:|1697906119\n|move|p1a: Glalie|Protect|p1a: Glalie\n|-singleturn|p1a: Glalie|Protect\n|move|p2a: Calyrex|Astral Barrage|p1a: Glalie\n|-activate|p1a: Glalie|move: Protect\n|\n|-weather|SunnyDay|[upkeep]\n|-heal|p1a: Glalie|82\/100 psn|[from] item: Leftovers\n|-damage|p1a: Glalie|69\/100 psn|[from] psn\n|-ability|p1a: Glalie|Moody|boost\n|-boost|p1a: Glalie|spe|2\n|-unboost|p1a: Glalie|spa|1\n|upkeep\n|turn|18\n|\n|t:|1697906134\n|move|p1a: Glalie|Substitute|p1a: Glalie\n|-start|p1a: Glalie|Substitute\n|-damage|p1a: Glalie|44\/100 psn\n|move|p2a: Calyrex|Astral Barrage|p1a: Glalie\n|-end|p1a: Glalie|Substitute\n|\n|-weather|SunnyDay|[upkeep]\n|-heal|p1a: Glalie|50\/100 psn|[from] item: Leftovers\n|-damage|p1a: Glalie|38\/100 psn|[from] psn\n|-ability|p1a: Glalie|Moody|boost\n|-boost|p1a: Glalie|spd|2\n|-unboost|p1a: Glalie|spa|1\n|upkeep\n|turn|19\n|\n|t:|1697906148\n|move|p1a: Glalie|Earthquake|p2a: Calyrex\n|-damage|p2a: Calyrex|75\/100\n|move|p2a: Calyrex|Stomping Tantrum|p1a: Glalie\n|-damage|p1a: Glalie|19\/100 psn\n|\n|-weather|SunnyDay|[upkeep]\n|-heal|p1a: Glalie|25\/100 psn|[from] item: Leftovers\n|-damage|p1a: Glalie|13\/100 psn|[from] psn\n|-ability|p1a: Glalie|Moody|boost\n|-boost|p1a: Glalie|spa|2\n|-unboost|p1a: Glalie|atk|1\n|upkeep\n|turn|20\n|\n|t:|1697906167\n|move|p1a: Glalie|Protect|p1a: Glalie\n|-singleturn|p1a: Glalie|Protect\n|move|p2a: Calyrex|Giga Drain|p1a: Glalie\n|-activate|p1a: Glalie|move: Protect\n|\n|-weather|none\n|-heal|p1a: Glalie|19\/100 psn|[from] item: Leftovers\n|-damage|p1a: Glalie|7\/100 psn|[from] psn\n|-ability|p1a: Glalie|Moody|boost\n|-boost|p1a: Glalie|spe|2\n|-unboost|p1a: Glalie|spa|1\n|upkeep\n|turn|21\n|\n|t:|1697906180\n|move|p1a: Glalie|Earthquake|p2a: Calyrex\n|-damage|p2a: Calyrex|63\/100\n|move|p2a: Calyrex|Giga Drain|p1a: Glalie\n|-damage|p1a: Glalie|0 fnt\n|-heal|p2a: Calyrex|65\/100|[from] drain|[of] p1a: Glalie\n|faint|p1a: Glalie\n|-ability|p2a: Calyrex|Grim Neigh|boost\n|-boost|p2a: Calyrex|spa|1\n|\n|upkeep\n|\n|t:|1697906190\n|switch|p1a: Ogerpon|Ogerpon-Hearthflame, F|100\/100\n|-status|p1a: Ogerpon|psn\n|-damage|p1a: Ogerpon|76\/100 psn|[from] Stealth Rock\n|-activate|p1a: Ogerpon|move: Sticky Web\n|-unboost|p1a: Ogerpon|spe|1\n|-ability|p1a: Ogerpon|Mold Breaker\n|turn|22\n|\n|t:|1697906203\n|-terastallize|p1a: Ogerpon|Fire\n|detailschange|p1a: Ogerpon|Ogerpon-Hearthflame-Tera, F, tera:Fire\n|-ability|p1a: Ogerpon|Embody Aspect (Hearthflame)|boost\n|-boost|p1a: Ogerpon|atk|1\n|move|p2a: Calyrex|Astral Barrage|p1a: Ogerpon\n|-damage|p1a: Ogerpon|0 fnt\n|faint|p1a: Ogerpon\n|\n|win|MelloBello\n|raw|KOMORNIKK's rating: 1079 &rarr; <strong>1055<\/strong><br \/>(-24 for losing)\n|raw|MelloBello's rating: 1046 &rarr; <strong>1082<\/strong><br \/>(+36 for winning)\n|l|\u2606KOMORNIKK\n","uploadtime":1697906216,"views":8,"p1id":"komornikk","p2id":"mellobello","formatid":"gen9anythinggoes","rating":1055,"private":0,"password":""}