{"id":"gen9anythinggoes-1978100160","p1":"wyydg","p2":"qkyquqkqy","format":"[Gen 9] Anything Goes","log":"|j|\u2606wyydg\n|j|\u2606qkyquqkqy\n|t:|1698499291\n|gametype|singles\n|player|p1|wyydg|hilbert|\n|player|p2|qkyquqkqy|266|\n|teamsize|p1|1\n|teamsize|p2|6\n|gen|9\n|tier|[Gen 9] Anything Goes\n|rule|HP Percentage Mod: HP is shown in percentages\n|rule|Endless Battle Clause: Forcing endless battles is banned\n|clearpoke\n|poke|p1|Shaymin-Sky|\n|poke|p2|Dragapult, F|\n|poke|p2|Cinderace, F|\n|poke|p2|Copperajah, F|\n|poke|p2|Clodsire, M|\n|poke|p2|Greninja-*, M|\n|poke|p2|Altaria, F|\n|teampreview\n|\n|t:|1698499296\n|start\n|switch|p1a: Shaymin|Shaymin-Sky|100\/100\n|switch|p2a: Dragapult|Dragapult, F|100\/100\n|turn|1\n|\n|t:|1698499305\n|-terastallize|p1a: Shaymin|Flying\n|move|p1a: Shaymin|Air Slash|p2a: Dragapult\n|-damage|p2a: Dragapult|47\/100\n|cant|p2a: Dragapult|flinch\n|\n|upkeep\n|turn|2\n|\n|t:|1698499313\n|move|p1a: Shaymin|Air Slash|p2a: Dragapult\n|-crit|p2a: Dragapult\n|-damage|p2a: Dragapult|0 fnt\n|faint|p2a: Dragapult\n|\n|upkeep\n|\n|t:|1698499319\n|switch|p2a: Greninja|Greninja, M|100\/100\n|turn|3\n|\n|t:|1698499325\n|move|p1a: Shaymin|Air Slash|p2a: Greninja\n|-damage|p2a: Greninja|40\/100\n|cant|p2a: Greninja|flinch\n|\n|upkeep\n|turn|4\n|\n|t:|1698499332\n|move|p1a: Shaymin|Air Slash|p2a: Greninja\n|-damage|p2a: Greninja|0 fnt\n|faint|p2a: Greninja\n|\n|upkeep\n|\n|t:|1698499338\n|switch|p2a: Clodsire|Clodsire, M|100\/100\n|turn|5\n|\n|t:|1698499343\n|move|p1a: Shaymin|Seed Flare|p2a: Clodsire\n|-damage|p2a: Clodsire|56\/100\n|-unboost|p2a: Clodsire|spd|2\n|move|p2a: Clodsire|Gunk Shot|p1a: Shaymin\n|-damage|p1a: Shaymin|53\/100\n|\n|-heal|p1a: Shaymin|59\/100|[from] item: Leftovers\n|upkeep\n|turn|6\n|\n|t:|1698499353\n|move|p1a: Shaymin|Air Slash|p2a: Clodsire\n|-damage|p2a: Clodsire|0 fnt\n|faint|p2a: Clodsire\n|\n|-heal|p1a: Shaymin|65\/100|[from] item: Leftovers\n|upkeep\n|\n|t:|1698499358\n|switch|p2a: Altaria|Altaria, F|100\/100\n|turn|7\n|\n|t:|1698499368\n|move|p1a: Shaymin|Air Slash|p2a: Altaria\n|-damage|p2a: Altaria|52\/100\n|cant|p2a: Altaria|flinch\n|\n|-heal|p1a: Shaymin|71\/100|[from] item: Leftovers\n|upkeep\n|turn|8\n|\n|t:|1698499379\n|move|p1a: Shaymin|Air Slash|p2a: Altaria\n|-damage|p2a: Altaria|0 fnt\n|faint|p2a: Altaria\n|\n|-heal|p1a: Shaymin|77\/100|[from] item: Leftovers\n|upkeep\n|\n|t:|1698499387\n|switch|p2a: Cinderace|Cinderace, F|100\/100\n|turn|9\n|\n|t:|1698499392\n|move|p1a: Shaymin|Air Slash|p2a: Cinderace\n|-damage|p2a: Cinderace|60\/100\n|cant|p2a: Cinderace|flinch\n|\n|-heal|p1a: Shaymin|83\/100|[from] item: Leftovers\n|upkeep\n|turn|10\n|\n|t:|1698499400\n|move|p1a: Shaymin|Air Slash|p2a: Cinderace\n|-damage|p2a: Cinderace|20\/100\n|move|p2a: Cinderace|Fire Blast|p1a: Shaymin\n|-damage|p1a: Shaymin|24\/100\n|\n|-heal|p1a: Shaymin|30\/100|[from] item: Leftovers\n|upkeep\n|turn|11\n|\n|t:|1698499409\n|move|p1a: Shaymin|Air Slash|p2a: Cinderace\n|-damage|p2a: Cinderace|0 fnt\n|faint|p2a: Cinderace\n|\n|-heal|p1a: Shaymin|37\/100|[from] item: Leftovers\n|upkeep\n|\n|t:|1698499417\n|switch|p2a: Copperajah|Copperajah, F|100\/100\n|turn|12\n|\n|t:|1698499424\n|move|p1a: Shaymin|Protect|p1a: Shaymin\n|-singleturn|p1a: Shaymin|Protect\n|move|p2a: Copperajah|Heat Crash|p1a: Shaymin\n|-activate|p1a: Shaymin|move: Protect\n|\n|-heal|p1a: Shaymin|43\/100|[from] item: Leftovers\n|upkeep\n|turn|13\n|\n|t:|1698499434\n|move|p1a: Shaymin|Synthesis|p1a: Shaymin\n|-heal|p1a: Shaymin|93\/100\n|move|p2a: Copperajah|Facade|p1a: Shaymin\n|-damage|p1a: Shaymin|66\/100\n|\n|-heal|p1a: Shaymin|72\/100|[from] item: Leftovers\n|upkeep\n|turn|14\n|\n|t:|1698499443\n|move|p1a: Shaymin|Seed Flare|p2a: Copperajah\n|-resisted|p2a: Copperajah\n|-damage|p2a: Copperajah|71\/100\n|move|p2a: Copperajah|Heat Crash|p1a: Shaymin\n|-damage|p1a: Shaymin|28\/100\n|\n|-heal|p1a: Shaymin|34\/100|[from] item: Leftovers\n|upkeep\n|turn|15\n|\n|t:|1698499455\n|move|p1a: Shaymin|Protect|p1a: Shaymin\n|-singleturn|p1a: Shaymin|Protect\n|move|p2a: Copperajah|Heat Crash|p1a: Shaymin\n|-activate|p1a: Shaymin|move: Protect\n|\n|-heal|p1a: Shaymin|40\/100|[from] item: Leftovers\n|upkeep\n|turn|16\n|\n|t:|1698499468\n|move|p1a: Shaymin|Synthesis|p1a: Shaymin\n|-heal|p1a: Shaymin|90\/100\n|move|p2a: Copperajah|Heat Crash|p1a: Shaymin\n|-damage|p1a: Shaymin|40\/100\n|\n|-heal|p1a: Shaymin|47\/100|[from] item: Leftovers\n|upkeep\n|turn|17\n|\n|t:|1698499477\n|move|p1a: Shaymin|Protect|p1a: Shaymin\n|-singleturn|p1a: Shaymin|Protect\n|move|p2a: Copperajah|Heat Crash|p1a: Shaymin\n|-activate|p1a: Shaymin|move: Protect\n|\n|-heal|p1a: Shaymin|53\/100|[from] item: Leftovers\n|upkeep\n|turn|18\n|\n|t:|1698499486\n|move|p1a: Shaymin|Air Slash|p2a: Copperajah\n|-resisted|p2a: Copperajah\n|-damage|p2a: Copperajah|45\/100\n|cant|p2a: Copperajah|flinch\n|\n|-heal|p1a: Shaymin|59\/100|[from] item: Leftovers\n|upkeep\n|turn|19\n|\n|t:|1698499495\n|move|p1a: Shaymin|Air Slash|p2a: Copperajah\n|-resisted|p2a: Copperajah\n|-damage|p2a: Copperajah|19\/100\n|cant|p2a: Copperajah|flinch\n|\n|-heal|p1a: Shaymin|65\/100|[from] item: Leftovers\n|upkeep\n|turn|20\n|\n|t:|1698499504\n|move|p1a: Shaymin|Air Slash|p2a: Copperajah\n|-resisted|p2a: Copperajah\n|-damage|p2a: Copperajah|0 fnt\n|faint|p2a: Copperajah\n|\n|win|wyydg\n|l|\u2606qkyquqkqy\n","uploadtime":1698499510,"views":11,"p1id":"wyydg","p2id":"qkyquqkqy","formatid":"gen9anythinggoes","rating":0,"private":0,"password":""}