{"id":"gen9anythinggoes-1999519999","p1":"johab9","p2":"11223344556677889C","format":"[Gen 9] Anything Goes","log":"|j|\u2606johab9\n|j|\u260611223344556677889C\n|t:|1701091902\n|gametype|singles\n|player|p1|johab9|cyrus|1271\n|player|p2|11223344556677889C|101|1249\n|teamsize|p1|6\n|teamsize|p2|6\n|gen|9\n|tier|[Gen 9] Anything Goes\n|rated|\n|rule|HP Percentage Mod: HP is shown in percentages\n|rule|Endless Battle Clause: Forcing endless battles is banned\n|clearpoke\n|poke|p1|Groudon|\n|poke|p1|Shiftry, F|\n|poke|p1|Flutter Mane|\n|poke|p1|Walking Wake|\n|poke|p1|Volcarona, F|\n|poke|p1|Mewtwo|\n|poke|p2|Arceus|\n|poke|p2|Koraidon|\n|poke|p2|Calyrex-Shadow|\n|poke|p2|Arceus-Ground|\n|poke|p2|Landorus-Therian, M|\n|poke|p2|Eternatus|\n|teampreview\n|\n|t:|1701091912\n|start\n|switch|p1a: Groudon|Groudon|100\/100\n|switch|p2a: Koraidon|Koraidon|100\/100\n|-weather|SunnyDay|[from] ability: Orichalcum Pulse|[of] p2a: Koraidon\n|-activate|p2a: Koraidon|Orichalcum Pulse|[source]\n|turn|1\n|\n|t:|1701091927\n|-terastallize|p2a: Koraidon|Fire\n|move|p2a: Koraidon|Scale Shot|p1a: Groudon\n|-damage|p1a: Groudon|94\/100\n|-damage|p1a: Groudon|87\/100\n|-damage|p1a: Groudon|80\/100\n|-crit|p1a: Groudon\n|-damage|p1a: Groudon|68\/100\n|-damage|p1a: Groudon|61\/100\n|-hitcount|p1a: Groudon|5\n|-unboost|p2a: Koraidon|def|1\n|-boost|p2a: Koraidon|spe|1\n|move|p1a: Groudon|Will-O-Wisp|p2a: Koraidon\n|-immune|p2a: Koraidon\n|\n|-weather|SunnyDay|[upkeep]\n|upkeep\n|turn|2\n|\n|t:|1701091948\n|move|p2a: Koraidon|Low Kick|p1a: Groudon\n|-damage|p1a: Groudon|28\/100\n|move|p1a: Groudon|Precipice Blades|p2a: Koraidon|[miss]\n|-miss|p1a: Groudon|p2a: Koraidon\n|\n|-weather|SunnyDay|[upkeep]\n|upkeep\n|turn|3\n|l|\u2606johab9\n|player|p1|\n|j|\u2606johab9\n|player|p1|johab9|cyrus\n|\n|t:|1701092004\n|switch|p1a: Flutter Mane|Flutter Mane|100\/100\n|-activate|p1a: Flutter Mane|ability: Protosynthesis\n|-start|p1a: Flutter Mane|protosynthesisspe\n|move|p2a: Koraidon|Low Kick|p1a: Flutter Mane\n|-immune|p1a: Flutter Mane\n|\n|-weather|SunnyDay|[upkeep]\n|upkeep\n|turn|4\n|\n|t:|1701092015\n|move|p1a: Flutter Mane|Moonblast|p2a: Koraidon\n|-resisted|p2a: Koraidon\n|-damage|p2a: Koraidon|66\/100\n|move|p2a: Koraidon|Flare Blitz|p1a: Flutter Mane\n|-damage|p1a: Flutter Mane|0 fnt\n|faint|p1a: Flutter Mane\n|-end|p1a: Flutter Mane|Protosynthesis|[silent]\n|-damage|p2a: Koraidon|46\/100|[from] Recoil\n|\n|-weather|SunnyDay|[upkeep]\n|upkeep\n|\n|t:|1701092022\n|switch|p1a: Walking Wake|Walking Wake|100\/100\n|-activate|p1a: Walking Wake|ability: Protosynthesis\n|-start|p1a: Walking Wake|protosynthesisspa\n|turn|5\n|\n|t:|1701092030\n|move|p2a: Koraidon|Low Kick|p1a: Walking Wake\n|-damage|p1a: Walking Wake|20\/100\n|move|p1a: Walking Wake|Hydro Steam|p2a: Koraidon\n|-supereffective|p2a: Koraidon\n|-damage|p2a: Koraidon|0 fnt\n|faint|p2a: Koraidon\n|\n|-weather|none\n|-end|p1a: Walking Wake|Protosynthesis\n|upkeep\n|\n|t:|1701092042\n|switch|p2a: Arceus|Arceus-Ground|100\/100\n|turn|6\n|\n|t:|1701092048\n|move|p2a: Arceus|Calm Mind|p2a: Arceus\n|-boost|p2a: Arceus|spa|1\n|-boost|p2a: Arceus|spd|1\n|move|p1a: Walking Wake|Hydro Steam|p2a: Arceus\n|-supereffective|p2a: Arceus\n|-damage|p2a: Arceus|43\/100\n|\n|upkeep\n|turn|7\n|\n|t:|1701092055\n|move|p2a: Arceus|Judgment|p1a: Walking Wake\n|-damage|p1a: Walking Wake|0 fnt\n|faint|p1a: Walking Wake\n|-end|p1a: Walking Wake|Protosynthesis|[silent]\n|\n|upkeep\n|\n|t:|1701092060\n|switch|p1a: Groudon|Groudon|28\/100\n|-weather|SunnyDay|[from] ability: Drought|[of] p1a: Groudon\n|turn|8\n|\n|t:|1701092069\n|move|p2a: Arceus|Judgment|p1a: Groudon\n|-damage|p1a: Groudon|0 fnt\n|faint|p1a: Groudon\n|\n|-weather|SunnyDay|[upkeep]\n|upkeep\n|\n|t:|1701092076\n|switch|p1a: Mewtwo|Mewtwo, shiny|100\/100\n|-ability|p1a: Mewtwo|Pressure\n|turn|9\n|\n|t:|1701092080\n|move|p1a: Mewtwo|Grass Knot|p2a: Arceus\n|-supereffective|p2a: Arceus\n|-damage|p2a: Arceus|0 fnt\n|faint|p2a: Arceus\n|\n|-weather|SunnyDay|[upkeep]\n|upkeep\n|\n|t:|1701092090\n|switch|p2a: Calyrex|Calyrex-Shadow|100\/100\n|-ability|p2a: Calyrex|As One\n|-ability|p2a: Calyrex|Unnerve\n|turn|10\n|\n|t:|1701092106\n|switch|p1a: Shiftry|Shiftry, F, shiny|100\/100\n|move|p2a: Calyrex|Astral Barrage|p1a: Shiftry\n|-resisted|p1a: Shiftry\n|-damage|p1a: Shiftry|44\/100\n|\n|-weather|SunnyDay|[upkeep]\n|upkeep\n|turn|11\n|\n|t:|1701092115\n|move|p2a: Calyrex|Astral Barrage|p1a: Shiftry\n|-resisted|p1a: Shiftry\n|-damage|p1a: Shiftry|0 fnt\n|faint|p1a: Shiftry\n|-ability|p2a: Calyrex|Grim Neigh|boost\n|-boost|p2a: Calyrex|spa|1\n|\n|-weather|SunnyDay|[upkeep]\n|upkeep\n|\n|t:|1701092126\n|switch|p1a: Volcarona|Volcarona, F, shiny|100\/100\n|turn|12\n|\n|t:|1701092129\n|move|p2a: Calyrex|Astral Barrage|p1a: Volcarona\n|-damage|p1a: Volcarona|0 fnt\n|faint|p1a: Volcarona\n|-ability|p2a: Calyrex|Grim Neigh|boost\n|-boost|p2a: Calyrex|spa|1\n|\n|-weather|SunnyDay|[upkeep]\n|upkeep\n|\n|t:|1701092132\n|switch|p1a: Mewtwo|Mewtwo, shiny|100\/100\n|-ability|p1a: Mewtwo|Pressure\n|turn|13\n|\n|t:|1701092139\n|move|p2a: Calyrex|Astral Barrage|p1a: Mewtwo\n|-supereffective|p1a: Mewtwo\n|-damage|p1a: Mewtwo|0 fnt\n|faint|p1a: Mewtwo\n|\n|win|11223344556677889C\n|raw|johab9's rating: 1271 &rarr; <strong>1244<\/strong><br \/>(-27 for losing)\n|raw|11223344556677889C's rating: 1249 &rarr; <strong>1276<\/strong><br \/>(+27 for winning)\n|l|\u2606johab9\n","uploadtime":1701092000,"views":1,"p1id":"johab9","p2id":"11223344556677889c","formatid":"gen9anythinggoes","rating":1244,"private":0,"password":""}