{"id":"gen9anythinggoes-1978461637","p1":"SeaDragonGamer1928","p2":"Rodtime","format":"[Gen 9] Anything Goes","log":"|j|\u2606SeaDragonGamer1928\n|j|\u2606Rodtime\n|t:|1698542010\n|gametype|singles\n|player|p1|SeaDragonGamer1928|1|1031\n|player|p2|Rodtime|blue|1008\n|teamsize|p1|2\n|teamsize|p2|6\n|gen|9\n|tier|[Gen 9] Anything Goes\n|rated|\n|rule|HP Percentage Mod: HP is shown in percentages\n|rule|Endless Battle Clause: Forcing endless battles is banned\n|clearpoke\n|poke|p1|Uxie|\n|poke|p1|Torterra, F|\n|poke|p2|Ninetales-Alola, F|\n|poke|p2|Sandslash-Alola, F|\n|poke|p2|Arceus-Ice|\n|poke|p2|Frosmoth, M|\n|poke|p2|Crabominable, M|\n|poke|p2|Froslass, F|\n|teampreview\n|c|\u2606Rodtime|Hi sir ah you good?\n|\n|t:|1698542040\n|start\n|switch|p1a: Uxie|Uxie|100\/100\n|switch|p2a: Frosmoth|Frosmoth, M, shiny|100\/100\n|turn|1\n|\n|t:|1698542050\n|move|p1a: Uxie|Light Screen|p1a: Uxie\n|-sidestart|p1: SeaDragonGamer1928|move: Light Screen\n|move|p2a: Frosmoth|Bug Buzz|p1a: Uxie\n|-supereffective|p1a: Uxie\n|-damage|p1a: Uxie|59\/100\n|\n|upkeep\n|turn|2\n|\n|t:|1698542058\n|move|p1a: Uxie|Thunder Wave|p2a: Frosmoth\n|-status|p2a: Frosmoth|par\n|cant|p2a: Frosmoth|par\n|\n|upkeep\n|turn|3\n|\n|t:|1698542066\n|move|p1a: Uxie|Reflect|p1a: Uxie\n|-sidestart|p1: SeaDragonGamer1928|Reflect\n|move|p2a: Frosmoth|Bug Buzz|p1a: Uxie\n|-supereffective|p1a: Uxie\n|-damage|p1a: Uxie|20\/100\n|\n|upkeep\n|turn|4\n|\n|t:|1698542075\n|move|p1a: Uxie|Memento|p2a: Frosmoth\n|-unboost|p2a: Frosmoth|atk|2\n|-unboost|p2a: Frosmoth|spa|2\n|faint|p1a: Uxie\n|move|p2a: Frosmoth|Aurora Beam|p1: Uxie|[notarget]\n|-fail|p2a: Frosmoth\n|\n|upkeep\n|\n|t:|1698542080\n|switch|p1a: Torterra|Torterra, F|100\/100\n|turn|5\n|\n|t:|1698542087\n|move|p1a: Torterra|Shell Smash|p1a: Torterra\n|-unboost|p1a: Torterra|def|1\n|-unboost|p1a: Torterra|spd|1\n|-boost|p1a: Torterra|atk|2\n|-boost|p1a: Torterra|spa|2\n|-boost|p1a: Torterra|spe|2\n|move|p2a: Frosmoth|Aurora Beam|p1a: Torterra\n|-supereffective|p1a: Torterra\n|-damage|p1a: Torterra|39\/100\n|\n|upkeep\n|turn|6\n|\n|t:|1698542108\n|move|p1a: Torterra|Rock Blast|p2a: Frosmoth|[miss]\n|-miss|p1a: Torterra|p2a: Frosmoth\n|move|p2a: Frosmoth|Mirror Coat||[still]\n|-fail|p2a: Frosmoth\n|\n|upkeep\n|turn|7\n|\n|t:|1698542115\n|-terastallize|p1a: Torterra|Steel\n|move|p1a: Torterra|Rock Blast|p2a: Frosmoth\n|-supereffective|p2a: Frosmoth\n|-damage|p2a: Frosmoth|4\/100 par\n|-supereffective|p2a: Frosmoth\n|-damage|p2a: Frosmoth|0 fnt\n|faint|p2a: Frosmoth\n|-hitcount|p2: Frosmoth|2\n|\n|upkeep\n|\n|t:|1698542130\n|switch|p2a: Crabominable|Crabominable, M, shiny|100\/100\n|turn|8\n|\n|t:|1698542140\n|-terastallize|p2a: Crabominable|Ghost\n|move|p1a: Torterra|Bullet Seed|p2a: Crabominable\n|-damage|p2a: Crabominable|70\/100\n|-damage|p2a: Crabominable|41\/100\n|-damage|p2a: Crabominable|9\/100\n|-damage|p2a: Crabominable|0 fnt\n|faint|p2a: Crabominable\n|-hitcount|p2: Crabominable|4\n|\n|-sideend|p1: SeaDragonGamer1928|move: Light Screen\n|upkeep\n|\n|t:|1698542154\n|switch|p2a: Arceus|Arceus-Ice|100\/100\n|turn|9\n|\n|t:|1698542158\n|move|p1a: Torterra|Rock Blast|p2a: Arceus\n|-supereffective|p2a: Arceus\n|-damage|p2a: Arceus|80\/100\n|-supereffective|p2a: Arceus\n|-damage|p2a: Arceus|59\/100\n|-supereffective|p2a: Arceus\n|-damage|p2a: Arceus|38\/100\n|-supereffective|p2a: Arceus\n|-damage|p2a: Arceus|14\/100\n|-supereffective|p2a: Arceus\n|-damage|p2a: Arceus|0 fnt\n|faint|p2a: Arceus\n|-hitcount|p2: Arceus|5\n|\n|upkeep\n|\n|t:|1698542173\n|switch|p2a: Sandslash|Sandslash-Alola, F|100\/100\n|turn|10\n|\n|t:|1698542183\n|move|p1a: Torterra|Earthquake|p2a: Sandslash\n|-supereffective|p2a: Sandslash\n|-damage|p2a: Sandslash|0 fnt\n|faint|p2a: Sandslash\n|\n|-sideend|p1: SeaDragonGamer1928|Reflect\n|upkeep\n|\n|t:|1698542189\n|switch|p2a: Froslass|Froslass, F, shiny|100\/100\n|turn|11\n|\n|t:|1698542194\n|move|p1a: Torterra|Rock Blast|p2a: Froslass|[miss]\n|-miss|p1a: Torterra|p2a: Froslass\n|move|p2a: Froslass|Destiny Bond|p2a: Froslass\n|-singlemove|p2a: Froslass|Destiny Bond\n|\n|upkeep\n|turn|12\n|\n|t:|1698542201\n|move|p1a: Torterra|Shell Smash|p1a: Torterra\n|-unboost|p1a: Torterra|def|1\n|-unboost|p1a: Torterra|spd|1\n|-boost|p1a: Torterra|atk|2\n|-boost|p1a: Torterra|spa|2\n|-boost|p1a: Torterra|spe|2\n|move|p2a: Froslass|Snowscape|p2a: Froslass\n|-weather|Snow\n|\n|-weather|Snow|[upkeep]\n|upkeep\n|turn|13\n|\n|t:|1698542211\n|move|p1a: Torterra|Rock Blast|p2a: Froslass|[miss]\n|-miss|p1a: Torterra|p2a: Froslass\n|move|p2a: Froslass|Destiny Bond|p2a: Froslass\n|-singlemove|p2a: Froslass|Destiny Bond\n|\n|-weather|Snow|[upkeep]\n|upkeep\n|turn|14\n|\n|t:|1698542220\n|move|p1a: Torterra|Shell Smash|p1a: Torterra\n|-unboost|p1a: Torterra|def|1\n|-unboost|p1a: Torterra|spd|1\n|-boost|p1a: Torterra|atk|2\n|-boost|p1a: Torterra|spa|2\n|-boost|p1a: Torterra|spe|2\n|move|p2a: Froslass|Destiny Bond||[still]\n|-fail|p2a: Froslass\n|\n|-weather|Snow|[upkeep]\n|upkeep\n|turn|15\n|\n|t:|1698542236\n|move|p1a: Torterra|Rock Blast|p2a: Froslass\n|-supereffective|p2a: Froslass\n|-damage|p2a: Froslass|38\/100\n|-supereffective|p2a: Froslass\n|-damage|p2a: Froslass|0 fnt\n|faint|p2a: Froslass\n|-hitcount|p2: Froslass|2\n|\n|-weather|Snow|[upkeep]\n|upkeep\n|\n|t:|1698542244\n|switch|p2a: Ninetales|Ninetales-Alola, F, shiny|100\/100\n|turn|16\n|\n|t:|1698542249\n|move|p1a: Torterra|Rock Blast|p2a: Ninetales\n|-supereffective|p2a: Ninetales\n|-damage|p2a: Ninetales|29\/100\n|-supereffective|p2a: Ninetales\n|-damage|p2a: Ninetales|0 fnt\n|faint|p2a: Ninetales\n|-hitcount|p2: Ninetales|2\n|\n|win|SeaDragonGamer1928\n|raw|SeaDragonGamer1928's rating: 1031 &rarr; <strong>1064<\/strong><br \/>(+33 for winning)\n|raw|Rodtime's rating: 1008 &rarr; <strong>1000<\/strong><br \/>(-8 for losing)\n|c|\u2606SeaDragonGamer1928|Yes I am good\n","uploadtime":1698542261,"views":11,"p1id":"seadragongamer1928","p2id":"rodtime","formatid":"gen9anythinggoes","rating":1000,"private":0,"password":""}