{"id":"gen9anythinggoes-1976659696","p1":"waitttt","p2":"fraudscamevade","format":"[Gen 9] Anything Goes","log":"|j|\u2606waitttt\n|j|\u2606fraudscamevade\n|t:|1698331234\n|gametype|singles\n|player|p1|waitttt|burglar|\n|player|p2|fraudscamevade|petrel|\n|teamsize|p1|2\n|teamsize|p2|6\n|gen|9\n|tier|[Gen 9] Anything Goes\n|rule|HP Percentage Mod: HP is shown in percentages\n|rule|Endless Battle Clause: Forcing endless battles is banned\n|clearpoke\n|poke|p1|Espeon, F|\n|poke|p1|Skeledirge, F|\n|poke|p2|Cyclizar, F|\n|poke|p2|Cloyster, M|\n|poke|p2|Torterra, F|\n|poke|p2|Quaquaval, M|\n|poke|p2|Breloom, F|\n|poke|p2|Toxtricity-Low-Key, M|\n|teampreview\n|inactive|Battle timer is ON: inactive players will automatically lose when time's up. (requested by fraudscamevade)\n|c|\u2606fraudscamevade|another easy win\n|\n|t:|1698331242\n|start\n|switch|p1a: Espeon|Espeon, F|100\/100\n|switch|p2a: Just dance|Quaquaval, M|100\/100\n|turn|1\n|c|\u2606waitttt|ok\n|\n|t:|1698331251\n|-terastallize|p2a: Just dance|Flying\n|move|p1a: Espeon|Reflect|p1a: Espeon\n|-sidestart|p1: waitttt|Reflect\n|move|p2a: Just dance|Swords Dance|p2a: Just dance\n|-boost|p2a: Just dance|atk|2\n|\n|upkeep\n|turn|2\n|\n|t:|1698331257\n|move|p1a: Espeon|Yawn|p2a: Just dance\n|-start|p2a: Just dance|move: Yawn|[of] p1a: Espeon\n|move|p2a: Just dance|Swords Dance|p2a: Just dance\n|-boost|p2a: Just dance|atk|2\n|\n|upkeep\n|turn|3\n|\n|t:|1698331264\n|move|p1a: Espeon|Light Screen|p1a: Espeon\n|-sidestart|p1: waitttt|move: Light Screen\n|move|p2a: Just dance|Acrobatics|p1a: Espeon\n|-damage|p1a: Espeon|0 fnt\n|faint|p1a: Espeon\n|-ability|p2a: Just dance|Moxie|boost\n|-boost|p2a: Just dance|atk|1\n|\n|-end|p2a: Just dance|move: Yawn|[silent]\n|-status|p2a: Just dance|slp\n|upkeep\n|\n|t:|1698331272\n|switch|p1a: Skeledirge|Skeledirge, F, shiny|100\/100\n|turn|4\n|\n|t:|1698331276\n|-terastallize|p1a: Skeledirge|Fire\n|cant|p2a: Just dance|slp\n|move|p1a: Skeledirge|Torch Song|p2a: Just dance\n|-damage|p2a: Just dance|37\/100 slp\n|-boost|p1a: Skeledirge|spa|1\n|\n|upkeep\n|turn|5\n|\n|t:|1698331284\n|-curestatus|p2a: Just dance|slp|[msg]\n|move|p2a: Just dance|Acrobatics|p1a: Skeledirge\n|-damage|p1a: Skeledirge|76\/100\n|move|p1a: Skeledirge|Torch Song|p2a: Just dance\n|-damage|p2a: Just dance|0 fnt\n|-boost|p1a: Skeledirge|spa|1\n|faint|p2a: Just dance\n|\n|upkeep\n|\n|t:|1698331296\n|switch|p2a: Toxtricity|Toxtricity-Low-Key, M, shiny|100\/100\n|turn|6\n|\n|t:|1698331301\n|move|p1a: Skeledirge|Sing|p2a: Toxtricity\n|-status|p2a: Toxtricity|slp|[from] move: Sing\n|cant|p2a: Toxtricity|slp\n|\n|upkeep\n|turn|7\n|\n|t:|1698331307\n|move|p1a: Skeledirge|Torch Song|p2a: Toxtricity\n|-damage|p2a: Toxtricity|41\/100 slp\n|-boost|p1a: Skeledirge|spa|1\n|cant|p2a: Toxtricity|slp\n|\n|upkeep\n|turn|8\n|\n|t:|1698331314\n|move|p1a: Skeledirge|Torch Song|p2a: Toxtricity\n|-damage|p2a: Toxtricity|0 fnt\n|-boost|p1a: Skeledirge|spa|1\n|faint|p2a: Toxtricity\n|\n|-sideend|p1: waitttt|Reflect\n|upkeep\n|\n|t:|1698331321\n|switch|p2a: Obi wan|Breloom, F|100\/100\n|turn|9\n|\n|t:|1698331326\n|move|p1a: Skeledirge|Torch Song|p2a: Obi wan\n|-supereffective|p2a: Obi wan\n|-damage|p2a: Obi wan|0 fnt\n|-boost|p1a: Skeledirge|spa|1\n|faint|p2a: Obi wan\n|\n|upkeep\n|\n|t:|1698331333\n|switch|p2a: Captain america|Torterra, F|100\/100\n|turn|10\n|\n|t:|1698331338\n|move|p1a: Skeledirge|Torch Song|p2a: Captain america\n|-supereffective|p2a: Captain america\n|-damage|p2a: Captain america|0 fnt\n|-boost|p1a: Skeledirge|spa|1\n|faint|p2a: Captain america\n|\n|-sideend|p1: waitttt|move: Light Screen\n|upkeep\n|\n|t:|1698331351\n|switch|p2a: Oyster|Cloyster, M, shiny|100\/100\n|turn|11\n|\n|t:|1698331355\n|move|p1a: Skeledirge|Torch Song|p2a: Oyster\n|-damage|p2a: Oyster|0 fnt\n|faint|p2a: Oyster\n|\n|upkeep\n|\n|t:|1698331359\n|switch|p2a: Fodder|Cyclizar, F|100\/100\n|turn|12\n|c|\u2606fraudscamevade|so easyy\n|c|\u2606fraudscamevade|ahaahaha\n|c|\u2606fraudscamevade|rematch ill beat you\n|\n|t:|1698331383\n|move|p2a: Fodder|Dragon Claw|p1a: Skeledirge\n|-damage|p1a: Skeledirge|43\/100\n|move|p1a: Skeledirge|Torch Song|p2a: Fodder\n|-resisted|p2a: Fodder\n|-damage|p2a: Fodder|0 fnt\n|faint|p2a: Fodder\n|\n|win|waitttt\n|l|\u2606fraudscamevade\n|c|\u2606waitttt|another easy win\n|c|\u2606waitttt|:)\n","uploadtime":1698331403,"views":12,"p1id":"waitttt","p2id":"fraudscamevade","formatid":"gen9anythinggoes","rating":0,"private":0,"password":""}