{"id":"gen9anythinggoes-1973225441","p1":"Duckbirdy","p2":"Getting food","format":"[Gen 9] Anything Goes","log":"|j|\u2606Duckbirdy\n|j|\u2606Getting food\n|t:|1697941503\n|gametype|singles\n|player|p1|Duckbirdy|plasmagrunt|1070\n|player|p2|Getting food|backpacker|1000\n|teamsize|p1|6\n|teamsize|p2|6\n|gen|9\n|tier|[Gen 9] Anything Goes\n|rated|\n|rule|HP Percentage Mod: HP is shown in percentages\n|rule|Endless Battle Clause: Forcing endless battles is banned\n|clearpoke\n|poke|p1|Rayquaza|\n|poke|p1|Zacian-*|\n|poke|p1|Volcarona, M|\n|poke|p1|Groudon|\n|poke|p1|Mewtwo|\n|poke|p1|Regieleki|\n|poke|p2|Orthworm, F|\n|poke|p2|Clodsire, M|\n|poke|p2|Glimmora, M|\n|poke|p2|Garganacl, M|\n|poke|p2|Kingambit, M|\n|poke|p2|Ceruledge, M|\n|teampreview\n|\n|t:|1697941515\n|start\n|switch|p1a: Rayquaza|Rayquaza, shiny|100\/100\n|switch|p2a: Ceruledge|Ceruledge, M, shiny|100\/100\n|-ability|p1a: Rayquaza|Air Lock\n|turn|1\n|\n|t:|1697941527\n|move|p1a: Rayquaza|Dragon Ascent|p2a: Ceruledge\n|-damage|p2a: Ceruledge|4\/100\n|-unboost|p1a: Rayquaza|def|1\n|-unboost|p1a: Rayquaza|spd|1\n|-ability|p2a: Ceruledge|Weak Armor|boost\n|-unboost|p2a: Ceruledge|def|1\n|-boost|p2a: Ceruledge|spe|2\n|move|p2a: Ceruledge|Swords Dance|p2a: Ceruledge\n|-boost|p2a: Ceruledge|atk|2\n|\n|upkeep\n|turn|2\n|\n|t:|1697941539\n|move|p2a: Ceruledge|Destiny Bond|p2a: Ceruledge\n|-singlemove|p2a: Ceruledge|Destiny Bond\n|move|p1a: Rayquaza|U-turn|p2a: Ceruledge\n|-resisted|p2a: Ceruledge\n|-damage|p2a: Ceruledge|0 fnt\n|faint|p2a: Ceruledge\n|-activate|p2a: Ceruledge|move: Destiny Bond\n|faint|p1a: Rayquaza\n|\n|upkeep\n|\n|t:|1697941557\n|switch|p1a: Volcarona|Volcarona, M, shiny|100\/100\n|switch|p2a: Glimmora|Glimmora, M, shiny|100\/100\n|turn|3\n|\n|t:|1697941570\n|switch|p1a: Groudon|Groudon, shiny|100\/100\n|-weather|SunnyDay|[from] ability: Drought|[of] p1a: Groudon\n|move|p2a: Glimmora|Power Gem|p1a: Groudon\n|-resisted|p1a: Groudon\n|-damage|p1a: Groudon|86\/100\n|\n|-weather|SunnyDay|[upkeep]\n|upkeep\n|turn|4\n|inactive|Battle timer is ON: inactive players will automatically lose when time's up. (requested by Getting food)\n|\n|t:|1697941575\n|move|p2a: Glimmora|Spiky Shield|p2a: Glimmora\n|-singleturn|p2a: Glimmora|move: Protect\n|move|p1a: Groudon|Earthquake|p2a: Glimmora\n|-activate|p2a: Glimmora|move: Protect\n|\n|-weather|SunnyDay|[upkeep]\n|upkeep\n|turn|5\n|\n|t:|1697941583\n|switch|p2a: Orthworm|Orthworm, F, shiny|100\/100\n|move|p1a: Groudon|Earthquake|p2a: Orthworm\n|-immune|p2a: Orthworm|[from] ability: Earth Eater\n|\n|-weather|SunnyDay|[upkeep]\n|upkeep\n|turn|6\n|\n|t:|1697941594\n|move|p2a: Orthworm|Protect|p2a: Orthworm\n|-singleturn|p2a: Orthworm|Protect\n|move|p1a: Groudon|Fire Punch|p2a: Orthworm\n|-activate|p2a: Orthworm|move: Protect\n|\n|-weather|SunnyDay|[upkeep]\n|upkeep\n|turn|7\n|\n|t:|1697941609\n|switch|p2a: Glimmora|Glimmora, M, shiny|100\/100\n|move|p1a: Groudon|Fire Punch|p2a: Glimmora\n|-resisted|p2a: Glimmora\n|-damage|p2a: Glimmora|79\/100\n|-activate|p2a: Glimmora|ability: Toxic Debris\n|-sidestart|p1: Duckbirdy|move: Toxic Spikes\n|\n|-weather|none\n|-heal|p2a: Glimmora|86\/100|[from] item: Black Sludge\n|upkeep\n|turn|8\n|\n|t:|1697941620\n|move|p2a: Glimmora|Spiky Shield|p2a: Glimmora\n|-singleturn|p2a: Glimmora|move: Protect\n|move|p1a: Groudon|Earthquake|p2a: Glimmora\n|-activate|p2a: Glimmora|move: Protect\n|\n|-heal|p2a: Glimmora|92\/100|[from] item: Black Sludge\n|upkeep\n|turn|9\n|\n|t:|1697941631\n|switch|p2a: Orthworm|Orthworm, F, shiny|100\/100\n|move|p1a: Groudon|Fire Punch|p2a: Orthworm\n|-supereffective|p2a: Orthworm\n|-damage|p2a: Orthworm|62\/100\n|-status|p2a: Orthworm|brn\n|\n|-heal|p2a: Orthworm|68\/100 brn|[from] item: Leftovers\n|-damage|p2a: Orthworm|62\/100 brn|[from] brn\n|upkeep\n|turn|10\n|c|\u2606Duckbirdy|RAHHHH\n|c|\u2606Duckbirdy|PREDICTION\n|\n|t:|1697941662\n|-terastallize|p2a: Orthworm|Fairy\n|move|p1a: Groudon|Fire Punch|p2a: Orthworm\n|-damage|p2a: Orthworm|42\/100 brn\n|move|p2a: Orthworm|Coil|p2a: Orthworm\n|-boost|p2a: Orthworm|atk|1\n|-boost|p2a: Orthworm|def|1\n|-boost|p2a: Orthworm|accuracy|1\n|\n|-heal|p2a: Orthworm|48\/100 brn|[from] item: Leftovers\n|-damage|p2a: Orthworm|42\/100 brn|[from] brn\n|upkeep\n|turn|11\n|inactive|Duckbirdy has 120 seconds left.\n|\n|t:|1697941679\n|switch|p1a: Regieleki|Regieleki, shiny|100\/100\n|-status|p1a: Regieleki|psn\n|move|p2a: Orthworm|Wrap|p1a: Regieleki\n|-crit|p1a: Regieleki\n|-damage|p1a: Regieleki|92\/100 psn\n|-activate|p1a: Regieleki|move: Wrap|[of] p2a: Orthworm\n|\n|-heal|p2a: Orthworm|48\/100 brn|[from] item: Leftovers\n|-damage|p1a: Regieleki|80\/100 psn|[from] psn\n|-damage|p2a: Orthworm|42\/100 brn|[from] brn\n|-damage|p1a: Regieleki|67\/100 psn|[from] move: Wrap|[partiallytrapped]\n|upkeep\n|turn|12\n|inactive|Duckbirdy has 120 seconds left.\n|\n|t:|1697941689\n|move|p2a: Orthworm|Protect|p2a: Orthworm\n|-singleturn|p2a: Orthworm|Protect\n|move|p1a: Regieleki|Substitute|p1a: Regieleki\n|-start|p1a: Regieleki|Substitute\n|-end|p1a: Regieleki|Wrap|[partiallytrapped]|[silent]\n|-damage|p1a: Regieleki|42\/100 psn\n|\n|-heal|p2a: Orthworm|48\/100 brn|[from] item: Leftovers\n|-damage|p1a: Regieleki|30\/100 psn|[from] psn\n|-damage|p2a: Orthworm|42\/100 brn|[from] brn\n|upkeep\n|turn|13\n|\n|t:|1697941703\n|switch|p2a: Clodsire|Clodsire, M, shiny|100\/100\n|move|p1a: Regieleki|Thunderbolt|p2a: Clodsire\n|-immune|p2a: Clodsire\n|\n|-damage|p1a: Regieleki|18\/100 psn|[from] psn\n|upkeep\n|turn|14\n|\n|t:|1697941722\n|switch|p1a: Mewtwo|Mewtwo, shiny|100\/100\n|-status|p1a: Mewtwo|psn\n|-ability|p1a: Mewtwo|Pressure\n|move|p2a: Clodsire|Amnesia|p2a: Clodsire\n|-boost|p2a: Clodsire|spd|2\n|\n|-damage|p1a: Mewtwo|88\/100 psn|[from] psn\n|upkeep\n|turn|15\n|\n|t:|1697941736\n|switch|p1a: Groudon|Groudon, shiny|86\/100\n|-status|p1a: Groudon|psn\n|-weather|SunnyDay|[from] ability: Drought|[of] p1a: Groudon\n|move|p2a: Clodsire|Earthquake|p1a: Groudon\n|-damage|p1a: Groudon|58\/100 psn\n|\n|-weather|SunnyDay|[upkeep]\n|-damage|p1a: Groudon|46\/100 psn|[from] psn\n|upkeep\n|turn|16\n|\n|t:|1697941744\n|switch|p2a: Orthworm|Orthworm, F, shiny, tera:Fairy|42\/100 brn\n|move|p1a: Groudon|Earthquake|p2a: Orthworm\n|-heal|p2a: Orthworm|67\/100 brn|[from] ability: Earth Eater|[of] p1a: Groudon\n|\n|-weather|SunnyDay|[upkeep]\n|-heal|p2a: Orthworm|73\/100 brn|[from] item: Leftovers\n|-damage|p1a: Groudon|34\/100 psn|[from] psn\n|-damage|p2a: Orthworm|67\/100 brn|[from] brn\n|upkeep\n|turn|17\n|\n|t:|1697941760\n|-terastallize|p1a: Groudon|Electric\n|move|p2a: Orthworm|Protect|p2a: Orthworm\n|-singleturn|p2a: Orthworm|Protect\n|move|p1a: Groudon|Thunder Punch|p2a: Orthworm\n|-activate|p2a: Orthworm|move: Protect\n|\n|-weather|SunnyDay|[upkeep]\n|-heal|p2a: Orthworm|73\/100 brn|[from] item: Leftovers\n|-damage|p1a: Groudon|21\/100 psn|[from] psn\n|-damage|p2a: Orthworm|67\/100 brn|[from] brn\n|upkeep\n|turn|18\n|\n|t:|1697941773\n|switch|p2a: Clodsire|Clodsire, M, shiny|100\/100\n|move|p1a: Groudon|Thunder Punch|p2a: Clodsire\n|-immune|p2a: Clodsire\n|\n|-weather|SunnyDay|[upkeep]\n|-damage|p1a: Groudon|9\/100 psn|[from] psn\n|upkeep\n|turn|19\n|\n|t:|1697941784\n|switch|p2a: Glimmora|Glimmora, M, shiny|92\/100\n|move|p1a: Groudon|Earthquake|p2a: Glimmora\n|-supereffective|p2a: Glimmora\n|-damage|p2a: Glimmora|0 fnt\n|-activate|p2a: Glimmora|ability: Toxic Debris\n|-sidestart|p1: Duckbirdy|move: Toxic Spikes\n|faint|p2a: Glimmora\n|\n|-weather|none\n|-damage|p1a: Groudon|0 fnt|[from] psn\n|faint|p1a: Groudon\n|upkeep\n|\n|t:|1697941793\n|switch|p1a: Zacian|Zacian-Crowned, shiny|100\/100\n|switch|p2a: Garganacl|Garganacl, M, shiny|100\/100\n|-ability|p1a: Zacian|Intrepid Sword|boost\n|-boost|p1a: Zacian|atk|1\n|turn|20\n|\n|t:|1697941803\n|move|p1a: Zacian|Behemoth Blade|p2a: Garganacl\n|-supereffective|p2a: Garganacl\n|-damage|p2a: Garganacl|2\/100\n|move|p2a: Garganacl|Salt Cure|p1a: Zacian\n|-resisted|p1a: Zacian\n|-damage|p1a: Zacian|94\/100\n|-start|p1a: Zacian|Salt Cure\n|\n|-damage|p1a: Zacian|69\/100|[from] Salt Cure\n|upkeep\n|turn|21\n|\n|t:|1697941816\n|switch|p1a: Regieleki|Regieleki, shiny|18\/100 psn\n|move|p2a: Garganacl|Recover|p2a: Garganacl\n|-heal|p2a: Garganacl|52\/100\n|\n|-damage|p1a: Regieleki|5\/100 psn|[from] psn\n|upkeep\n|turn|22\n|\n|t:|1697941824\n|switch|p2a: Clodsire|Clodsire, M, shiny|100\/100\n|move|p1a: Regieleki|Thunderbolt|p2a: Clodsire\n|-immune|p2a: Clodsire\n|\n|-damage|p1a: Regieleki|0 fnt|[from] psn\n|faint|p1a: Regieleki\n|upkeep\n|\n|t:|1697941828\n|switch|p1a: Mewtwo|Mewtwo, shiny|88\/100 psn\n|-ability|p1a: Mewtwo|Pressure\n|turn|23\n|\n|t:|1697941838\n|switch|p2a: Kingambit|Kingambit, M, shiny|100\/100\n|-activate|p2a: Kingambit|ability: Supreme Overlord\n|-start|p2a: Kingambit|fallen2|[silent]\n|move|p1a: Mewtwo|Ice Beam|p2a: Kingambit\n|-resisted|p2a: Kingambit\n|-damage|p2a: Kingambit|85\/100\n|-damage|p1a: Mewtwo|78\/100 psn|[from] item: Life Orb\n|\n|-damage|p1a: Mewtwo|66\/100 psn|[from] psn\n|upkeep\n|turn|24\n|\n|t:|1697941846\n|move|p1a: Mewtwo|Aura Sphere|p2a: Kingambit\n|-supereffective|p2a: Kingambit\n|-damage|p2a: Kingambit|0 fnt\n|faint|p2a: Kingambit\n|-end|p2a: Kingambit|fallen2|[silent]\n|-damage|p1a: Mewtwo|56\/100 psn|[from] item: Life Orb\n|\n|-damage|p1a: Mewtwo|43\/100 psn|[from] psn\n|upkeep\n|\n|t:|1697941852\n|switch|p2a: Clodsire|Clodsire, M, shiny|100\/100\n|turn|25\n|\n|t:|1697941859\n|move|p1a: Mewtwo|Ice Beam|p2a: Clodsire\n|-supereffective|p2a: Clodsire\n|-damage|p2a: Clodsire|45\/100\n|-damage|p1a: Mewtwo|33\/100 psn|[from] item: Life Orb\n|move|p2a: Clodsire|Earthquake|p1a: Mewtwo\n|-damage|p1a: Mewtwo|0 fnt\n|faint|p1a: Mewtwo\n|\n|upkeep\n|\n|t:|1697941871\n|switch|p1a: Volcarona|Volcarona, M, shiny|100\/100\n|-status|p1a: Volcarona|tox\n|turn|26\n|\n|t:|1697941877\n|move|p1a: Volcarona|Fiery Dance|p2a: Clodsire\n|-damage|p2a: Clodsire|18\/100\n|move|p2a: Clodsire|Recover|p2a: Clodsire\n|-heal|p2a: Clodsire|68\/100\n|\n|-damage|p1a: Volcarona|94\/100 tox|[from] psn\n|upkeep\n|turn|27\n|\n|t:|1697941883\n|move|p1a: Volcarona|Quiver Dance|p1a: Volcarona\n|-boost|p1a: Volcarona|spa|1\n|-boost|p1a: Volcarona|spd|1\n|-boost|p1a: Volcarona|spe|1\n|move|p2a: Clodsire|Recover|p2a: Clodsire\n|-heal|p2a: Clodsire|100\/100\n|\n|-damage|p1a: Volcarona|82\/100 tox|[from] psn\n|upkeep\n|turn|28\n|\n|t:|1697941890\n|move|p1a: Volcarona|Fiery Dance|p2a: Clodsire\n|-damage|p2a: Clodsire|58\/100\n|move|p2a: Clodsire|Amnesia|p2a: Clodsire\n|-boost|p2a: Clodsire|spd|2\n|\n|-damage|p1a: Volcarona|64\/100 tox|[from] psn\n|upkeep\n|turn|29\n|\n|t:|1697941895\n|move|p1a: Volcarona|Fiery Dance|p2a: Clodsire\n|-damage|p2a: Clodsire|37\/100\n|move|p2a: Clodsire|Amnesia|p2a: Clodsire\n|-boost|p2a: Clodsire|spd|2\n|\n|-damage|p1a: Volcarona|39\/100 tox|[from] psn\n|upkeep\n|turn|30\n|\n|t:|1697941898\n|move|p1a: Volcarona|Quiver Dance|p1a: Volcarona\n|-boost|p1a: Volcarona|spa|1\n|-boost|p1a: Volcarona|spd|1\n|-boost|p1a: Volcarona|spe|1\n|move|p2a: Clodsire|Recover|p2a: Clodsire\n|-heal|p2a: Clodsire|87\/100\n|\n|-damage|p1a: Volcarona|9\/100 tox|[from] psn\n|upkeep\n|turn|31\n|\n|t:|1697941907\n|move|p1a: Volcarona|Fiery Dance|p2a: Clodsire\n|-damage|p2a: Clodsire|67\/100\n|-boost|p1a: Volcarona|spa|1\n|move|p2a: Clodsire|Recover|p2a: Clodsire\n|-heal|p2a: Clodsire|100\/100\n|\n|-damage|p1a: Volcarona|0 fnt|[from] psn\n|faint|p1a: Volcarona\n|upkeep\n|\n|t:|1697941909\n|switch|p1a: Zacian|Zacian-Crowned, shiny|69\/100\n|turn|32\n|\n|t:|1697941915\n|move|p1a: Zacian|Behemoth Blade|p2a: Clodsire\n|-damage|p2a: Clodsire|30\/100\n|-damage|p1a: Zacian|52\/100|[from] item: Rocky Helmet|[of] p2a: Clodsire\n|move|p2a: Clodsire|Earthquake|p1a: Zacian\n|-supereffective|p1a: Zacian\n|-damage|p1a: Zacian|0 fnt\n|faint|p1a: Zacian\n|\n|win|Getting food\n|raw|Duckbirdy's rating: 1070 &rarr; <strong>1045<\/strong><br \/>(-25 for losing)\n|raw|Getting food's rating: 1000 &rarr; <strong>1048<\/strong><br \/>(+48 for winning)\n|l|\u2606Duckbirdy\n","uploadtime":1697941930,"views":20,"p1id":"duckbirdy","p2id":"gettingfood","formatid":"gen9anythinggoes","rating":1045,"private":0,"password":""}