{"id":"gen9anythinggoes-1994225675","p1":"josema_09","p2":"vianor97","format":"[Gen 9] Anything Goes","log":"|j|\u2606josema_09\n|j|\u2606vianor97\n|t:|1700420889\n|gametype|singles\n|player|p1|josema_09|waiter-gen4|\n|player|p2|vianor97|unknownf|\n|teamsize|p1|6\n|teamsize|p2|6\n|gen|9\n|tier|[Gen 9] Anything Goes\n|rule|HP Percentage Mod: HP is shown in percentages\n|rule|Endless Battle Clause: Forcing endless battles is banned\n|clearpoke\n|poke|p1|Glastrier|\n|poke|p1|Gurdurr, M|\n|poke|p1|Corviknight, F|\n|poke|p1|Toxapex, F|\n|poke|p1|Ursaluna-Bloodmoon, M|\n|poke|p1|Volcarona, M|\n|poke|p2|Blissey, F|\n|poke|p2|Great Tusk|\n|poke|p2|Bellibolt, M|\n|poke|p2|Iron Valiant|\n|poke|p2|Tauros-Paldea-Aqua, M|\n|poke|p2|Weezing, F|\n|teampreview\n|c|\u2606vianor97|gl hf\n|c|\u2606josema_09|hf\n|inactive|Battle timer is ON: inactive players will automatically lose when time's up. (requested by josema_09)\n|\n|t:|1700420930\n|start\n|switch|p1a: Glastrier|Glastrier|100\/100\n|switch|p2a: Cancer|Weezing, F, shiny|100\/100\n|-ability|p2a: Cancer|Neutralizing Gas\n|turn|1\n|\n|t:|1700420944\n|switch|p1a: Corviknight|Corviknight, F|100\/100\n|move|p2a: Cancer|Taunt|p1a: Corviknight\n|-start|p1a: Corviknight|move: Taunt\n|\n|upkeep\n|turn|2\n|\n|t:|1700420958\n|move|p1a: Corviknight|Brave Bird|p2a: Cancer\n|-damage|p2a: Cancer|73\/100\n|-damage|p1a: Corviknight|93\/100|[from] Recoil\n|move|p2a: Cancer|Toxic Spikes|p1a: Corviknight\n|-sidestart|p1: josema_09|move: Toxic Spikes\n|\n|-heal|p1a: Corviknight|99\/100|[from] item: Leftovers\n|-heal|p2a: Cancer|79\/100|[from] item: Black Sludge\n|upkeep\n|turn|3\n|\n|t:|1700420970\n|move|p1a: Corviknight|Brave Bird|p2a: Cancer\n|-damage|p2a: Cancer|52\/100\n|-damage|p1a: Corviknight|92\/100|[from] Recoil\n|move|p2a: Cancer|Toxic Spikes|p1a: Corviknight\n|-sidestart|p1: josema_09|move: Toxic Spikes\n|\n|-heal|p1a: Corviknight|98\/100|[from] item: Leftovers\n|-heal|p2a: Cancer|58\/100|[from] item: Black Sludge\n|-end|p1a: Corviknight|move: Taunt\n|upkeep\n|turn|4\n|\n|t:|1700420987\n|-end|p2a: Cancer|ability: Neutralizing Gas\n|-ability|p1a: Corviknight|Pressure\n|switch|p2a: Insulina|Bellibolt, M, shiny|100\/100\n|move|p1a: Corviknight|Defog|p2a: Insulina\n|-unboost|p2a: Insulina|evasion|1\n|-sideend|p1: josema_09|Toxic Spikes|[from] move: Defog|[of] p1a: Corviknight\n|\n|-heal|p1a: Corviknight|100\/100|[from] item: Leftovers\n|upkeep\n|turn|5\n|\n|t:|1700421000\n|-terastallize|p2a: Insulina|Electric\n|move|p1a: Corviknight|U-turn|p2a: Insulina\n|-damage|p2a: Insulina|91\/100\n|-status|p1a: Corviknight|par|[from] ability: Static|[of] p2a: Insulina\n|\n|t:|1700421008\n|switch|p1a: Ursaluna|Ursaluna-Bloodmoon, M|100\/100|[from] U-turn\n|move|p2a: Insulina|Parabolic Charge|p1a: Ursaluna\n|-immune|p1a: Ursaluna\n|\n|-heal|p2a: Insulina|98\/100|[from] item: Leftovers\n|upkeep\n|turn|6\n|\n|t:|1700421032\n|switch|p2a: Chansey|Blissey, F, shiny|100\/100\n|move|p1a: Ursaluna|Substitute|p1a: Ursaluna\n|-start|p1a: Ursaluna|Substitute\n|-damage|p1a: Ursaluna|76\/100\n|\n|-heal|p1a: Ursaluna|82\/100|[from] item: Leftovers\n|upkeep\n|turn|7\n|\n|t:|1700421051\n|move|p1a: Ursaluna|Calm Mind|p1a: Ursaluna\n|-boost|p1a: Ursaluna|spa|1\n|-boost|p1a: Ursaluna|spd|1\n|move|p2a: Chansey|Seismic Toss|p1a: Ursaluna\n|-activate|p1a: Ursaluna|move: Substitute|[damage]\n|\n|-heal|p1a: Ursaluna|88\/100|[from] item: Leftovers\n|upkeep\n|turn|8\n|inactive|vianor97 has 270 seconds left.\n|\n|t:|1700421069\n|move|p1a: Ursaluna|Calm Mind|p1a: Ursaluna\n|-boost|p1a: Ursaluna|spa|1\n|-boost|p1a: Ursaluna|spd|1\n|move|p2a: Chansey|Seismic Toss|p1a: Ursaluna\n|-end|p1a: Ursaluna|Substitute\n|\n|-heal|p1a: Ursaluna|94\/100|[from] item: Leftovers\n|upkeep\n|turn|9\n|inactive|vianor97 has 270 seconds left.\n|\n|t:|1700421085\n|switch|p2a: Cancer|Weezing, F, shiny|58\/100\n|-ability|p2a: Cancer|Neutralizing Gas\n|move|p1a: Ursaluna|Substitute|p1a: Ursaluna\n|-start|p1a: Ursaluna|Substitute\n|-damage|p1a: Ursaluna|69\/100\n|\n|-heal|p2a: Cancer|64\/100|[from] item: Black Sludge\n|-heal|p1a: Ursaluna|75\/100|[from] item: Leftovers\n|upkeep\n|turn|10\n|inactive|vianor97 has 270 seconds left.\n|\n|t:|1700421098\n|move|p2a: Cancer|Taunt|p1a: Ursaluna\n|-start|p1a: Ursaluna|move: Taunt\n|move|p1a: Ursaluna|Blood Moon|p2a: Cancer\n|-damage|p2a: Cancer|0 fnt\n|faint|p2a: Cancer\n|-end|p2a: Cancer|ability: Neutralizing Gas\n|\n|-heal|p1a: Ursaluna|82\/100|[from] item: Leftovers\n|upkeep\n|inactive|vianor97 has 240 seconds left.\n|\n|t:|1700421133\n|switch|p2a: Great Tush|Great Tusk, shiny|100\/100\n|turn|11\n|\n|t:|1700421140\n|move|p2a: Great Tush|Close Combat|p1a: Ursaluna\n|-supereffective|p1a: Ursaluna\n|-end|p1a: Ursaluna|Substitute\n|-unboost|p2a: Great Tush|def|1\n|-unboost|p2a: Great Tush|spd|1\n|move|p1a: Ursaluna|Earth Power|p2a: Great Tush\n|-damage|p2a: Great Tush|0 fnt\n|faint|p2a: Great Tush\n|-end|p2a: Great Tush|Protosynthesis|[silent]\n|\n|-heal|p1a: Ursaluna|88\/100|[from] item: Leftovers\n|upkeep\n|inactive|vianor97 has 240 seconds left.\n|\n|t:|1700421153\n|switch|p2a: ColaNazi|Tauros-Paldea-Aqua, M, shiny|100\/100\n|-ability|p2a: ColaNazi|Intimidate|boost\n|-unboost|p1a: Ursaluna|atk|1\n|turn|12\n|\n|t:|1700421161\n|switch|p1a: Toxapex|Toxapex, F|100\/100\n|move|p2a: ColaNazi|Close Combat|p1a: Toxapex\n|-resisted|p1a: Toxapex\n|-damage|p1a: Toxapex|77\/100\n|-unboost|p2a: ColaNazi|def|1\n|-unboost|p2a: ColaNazi|spd|1\n|\n|-heal|p1a: Toxapex|83\/100|[from] item: Black Sludge\n|upkeep\n|turn|13\n|inactive|vianor97 has 240 seconds left.\n|\n|t:|1700421181\n|move|p2a: ColaNazi|Bulk Up|p2a: ColaNazi\n|-boost|p2a: ColaNazi|atk|1\n|-boost|p2a: ColaNazi|def|1\n|move|p1a: Toxapex|Toxic|p2a: ColaNazi\n|-status|p2a: ColaNazi|tox\n|\n|-heal|p1a: Toxapex|90\/100|[from] item: Black Sludge\n|-damage|p2a: ColaNazi|94\/100 tox|[from] psn\n|upkeep\n|turn|14\n|c|\u2606josema_09|cola nazi JAJAJAJ\n|inactive|vianor97 has 240 seconds left.\n|\n|t:|1700421193\n|switch|p2a: Insulina|Bellibolt, M, shiny, tera:Electric|98\/100\n|move|p1a: Toxapex|Haze|p1a: Toxapex\n|-clearallboost\n|\n|-heal|p1a: Toxapex|96\/100|[from] item: Black Sludge\n|-heal|p2a: Insulina|100\/100|[from] item: Leftovers\n|upkeep\n|turn|15\n|\n|t:|1700421206\n|move|p1a: Toxapex|Toxic|p2a: Insulina\n|-status|p2a: Insulina|tox\n|move|p2a: Insulina|Volt Switch|p1a: Toxapex\n|-supereffective|p1a: Toxapex\n|-damage|p1a: Toxapex|54\/100\n|inactive|vianor97 has 240 seconds left.\n|\n|t:|1700421222\n|switch|p2a: Trans|Iron Valiant, shiny|100\/100|[from] Volt Switch\n|-enditem|p2a: Trans|Booster Energy\n|-activate|p2a: Trans|ability: Quark Drive|[fromitem]\n|-start|p2a: Trans|quarkdrivespe\n|\n|-heal|p1a: Toxapex|60\/100|[from] item: Black Sludge\n|upkeep\n|turn|16\n|inactive|vianor97 has 240 seconds left.\n|\n|t:|1700421229\n|move|p2a: Trans|Calm Mind|p2a: Trans\n|-boost|p2a: Trans|spa|1\n|-boost|p2a: Trans|spd|1\n|move|p1a: Toxapex|Toxic|p2a: Trans\n|-status|p2a: Trans|tox\n|\n|-heal|p1a: Toxapex|66\/100|[from] item: Black Sludge\n|-damage|p2a: Trans|94\/100 tox|[from] psn\n|upkeep\n|turn|17\n|\n|t:|1700421237\n|move|p2a: Trans|Thunderbolt|p1a: Toxapex\n|-supereffective|p1a: Toxapex\n|-damage|p1a: Toxapex|6\/100\n|move|p1a: Toxapex|Haze|p1a: Toxapex\n|-clearallboost\n|\n|-heal|p1a: Toxapex|13\/100|[from] item: Black Sludge\n|-damage|p2a: Trans|82\/100 tox|[from] psn\n|upkeep\n|turn|18\n|\n|t:|1700421252\n|switch|p1a: Ursaluna|Ursaluna-Bloodmoon, M|88\/100\n|move|p2a: Trans|Moonblast|p1a: Ursaluna\n|-damage|p1a: Ursaluna|37\/100\n|\n|-heal|p1a: Ursaluna|44\/100|[from] item: Leftovers\n|-damage|p2a: Trans|63\/100 tox|[from] psn\n|upkeep\n|turn|19\n|\n|t:|1700421260\n|switch|p1a: Toxapex|Toxapex, F|46\/100\n|move|p2a: Trans|Moonblast|p1a: Toxapex\n|-resisted|p1a: Toxapex\n|-damage|p1a: Toxapex|32\/100\n|-unboost|p1a: Toxapex|spa|1\n|\n|-heal|p1a: Toxapex|38\/100|[from] item: Black Sludge\n|-damage|p2a: Trans|38\/100 tox|[from] psn\n|upkeep\n|turn|20\n|\n|t:|1700421270\n|-end|p2a: Trans|Quark Drive|[silent]\n|switch|p2a: Insulina|Bellibolt, M, shiny, tera:Electric|100\/100 tox\n|switch|p1a: Corviknight|Corviknight, F|100\/100 par\n|-ability|p1a: Corviknight|Pressure\n|\n|-damage|p2a: Insulina|94\/100 tox|[from] psn\n|upkeep\n|turn|21\n|\n|t:|1700421280\n|move|p2a: Insulina|Volt Switch|p1a: Corviknight\n|-supereffective|p1a: Corviknight\n|-damage|p1a: Corviknight|32\/100 par\n|inactive|vianor97 has 240 seconds left.\n|\n|t:|1700421301\n|switch|p2a: ColaNazi|Tauros-Paldea-Aqua, M, shiny|94\/100 tox|[from] Volt Switch\n|-ability|p2a: ColaNazi|Intimidate|boost\n|-unboost|p1a: Corviknight|atk|1\n|cant|p1a: Corviknight|par\n|\n|-heal|p2a: ColaNazi|100\/100 tox|[from] item: Leftovers\n|-heal|p1a: Corviknight|39\/100 par|[from] item: Leftovers\n|-damage|p2a: ColaNazi|94\/100 tox|[from] psn\n|upkeep\n|turn|22\n|inactive|vianor97 has 240 seconds left.\n|\n|t:|1700421325\n|switch|p1a: Toxapex|Toxapex, F|72\/100\n|move|p2a: ColaNazi|Bulk Up|p2a: ColaNazi\n|-boost|p2a: ColaNazi|atk|1\n|-boost|p2a: ColaNazi|def|1\n|\n|-heal|p2a: ColaNazi|100\/100 tox|[from] item: Leftovers\n|-heal|p1a: Toxapex|78\/100|[from] item: Black Sludge\n|-damage|p2a: ColaNazi|88\/100 tox|[from] psn\n|upkeep\n|turn|23\n|\n|t:|1700421338\n|switch|p2a: Insulina|Bellibolt, M, shiny, tera:Electric|94\/100 tox\n|move|p1a: Toxapex|Haze|p1a: Toxapex\n|-clearallboost\n|\n|-heal|p1a: Toxapex|84\/100|[from] item: Black Sludge\n|-heal|p2a: Insulina|100\/100 tox|[from] item: Leftovers\n|-damage|p2a: Insulina|94\/100 tox|[from] psn\n|upkeep\n|turn|24\n|\n|t:|1700421349\n|move|p1a: Toxapex|Recover|p1a: Toxapex\n|-heal|p1a: Toxapex|100\/100\n|move|p2a: Insulina|Chilling Water|p1a: Toxapex\n|-resisted|p1a: Toxapex\n|-damage|p1a: Toxapex|97\/100\n|-unboost|p1a: Toxapex|atk|1\n|\n|-heal|p1a: Toxapex|100\/100|[from] item: Black Sludge\n|-heal|p2a: Insulina|100\/100 tox|[from] item: Leftovers\n|-damage|p2a: Insulina|88\/100 tox|[from] psn\n|upkeep\n|turn|25\n|\n|t:|1700421359\n|switch|p1a: Ursaluna|Ursaluna-Bloodmoon, M|44\/100\n|move|p2a: Insulina|Parabolic Charge|p1a: Ursaluna\n|-immune|p1a: Ursaluna\n|\n|-heal|p1a: Ursaluna|50\/100|[from] item: Leftovers\n|-heal|p2a: Insulina|94\/100 tox|[from] item: Leftovers\n|-damage|p2a: Insulina|76\/100 tox|[from] psn\n|upkeep\n|turn|26\n|\n|t:|1700421372\n|switch|p2a: Trans|Iron Valiant, shiny|38\/100 tox\n|move|p1a: Ursaluna|Earth Power|p2a: Trans\n|-damage|p2a: Trans|0 fnt\n|faint|p2a: Trans\n|-end|p2a: Trans|Quark Drive|[silent]\n|\n|-heal|p1a: Ursaluna|56\/100|[from] item: Leftovers\n|upkeep\n|\n|t:|1700421394\n|switch|p2a: ColaNazi|Tauros-Paldea-Aqua, M, shiny|88\/100 tox\n|-ability|p2a: ColaNazi|Intimidate|boost\n|-unboost|p1a: Ursaluna|atk|1\n|turn|27\n|\n|t:|1700421402\n|switch|p1a: Toxapex|Toxapex, F|100\/100\n|move|p2a: ColaNazi|Close Combat|p1a: Toxapex\n|-resisted|p1a: Toxapex\n|-damage|p1a: Toxapex|80\/100\n|-unboost|p2a: ColaNazi|def|1\n|-unboost|p2a: ColaNazi|spd|1\n|\n|-heal|p2a: ColaNazi|94\/100 tox|[from] item: Leftovers\n|-heal|p1a: Toxapex|87\/100|[from] item: Black Sludge\n|-damage|p2a: ColaNazi|88\/100 tox|[from] psn\n|upkeep\n|turn|28\n|\n|t:|1700421409\n|switch|p2a: Chansey|Blissey, F, shiny|100\/100\n|move|p1a: Toxapex|Chilling Water|p2a: Chansey\n|-damage|p2a: Chansey|98\/100\n|-unboost|p2a: Chansey|atk|1\n|\n|-heal|p2a: Chansey|100\/100|[from] item: Leftovers\n|-heal|p1a: Toxapex|93\/100|[from] item: Black Sludge\n|upkeep\n|turn|29\n|\n|t:|1700421419\n|switch|p1a: Ursaluna|Ursaluna-Bloodmoon, M|56\/100\n|move|p2a: Chansey|Stealth Rock|p1a: Ursaluna\n|-sidestart|p1: josema_09|move: Stealth Rock\n|\n|-heal|p1a: Ursaluna|62\/100|[from] item: Leftovers\n|upkeep\n|turn|30\n|\n|t:|1700421433\n|move|p1a: Ursaluna|Substitute|p1a: Ursaluna\n|-start|p1a: Ursaluna|Substitute\n|-damage|p1a: Ursaluna|37\/100\n|move|p2a: Chansey|Seismic Toss|p1a: Ursaluna\n|-activate|p1a: Ursaluna|move: Substitute|[damage]\n|\n|-heal|p1a: Ursaluna|43\/100|[from] item: Leftovers\n|upkeep\n|turn|31\n|\n|t:|1700421447\n|switch|p2a: ColaNazi|Tauros-Paldea-Aqua, M, shiny|88\/100 tox\n|-ability|p2a: ColaNazi|Intimidate|boost\n|-immune|p1a: Ursaluna\n|move|p1a: Ursaluna|Calm Mind|p1a: Ursaluna\n|-boost|p1a: Ursaluna|spa|1\n|-boost|p1a: Ursaluna|spd|1\n|\n|-heal|p2a: ColaNazi|94\/100 tox|[from] item: Leftovers\n|-heal|p1a: Ursaluna|49\/100|[from] item: Leftovers\n|-damage|p2a: ColaNazi|88\/100 tox|[from] psn\n|upkeep\n|turn|32\n|\n|t:|1700421457\n|move|p2a: ColaNazi|Aqua Jet|p1a: Ursaluna\n|-supereffective|p1a: Ursaluna\n|-end|p1a: Ursaluna|Substitute\n|move|p1a: Ursaluna|Blood Moon|p2a: ColaNazi\n|-crit|p2a: ColaNazi\n|-damage|p2a: ColaNazi|0 fnt\n|faint|p2a: ColaNazi\n|\n|-heal|p1a: Ursaluna|56\/100|[from] item: Leftovers\n|upkeep\n|\n|t:|1700421468\n|switch|p2a: Insulina|Bellibolt, M, shiny, tera:Electric|76\/100 tox\n|turn|33\n|\n|t:|1700421476\n|move|p1a: Ursaluna|Earth Power|p2a: Insulina\n|-supereffective|p2a: Insulina\n|-damage|p2a: Insulina|0 fnt\n|faint|p2a: Insulina\n|\n|-heal|p1a: Ursaluna|62\/100|[from] item: Leftovers\n|upkeep\n|\n|t:|1700421479\n|switch|p2a: Chansey|Blissey, F, shiny|100\/100\n|turn|34\n|\n|t:|1700421483\n|move|p1a: Ursaluna|Substitute|p1a: Ursaluna\n|-start|p1a: Ursaluna|Substitute\n|-damage|p1a: Ursaluna|37\/100\n|move|p2a: Chansey|Seismic Toss|p1a: Ursaluna\n|-activate|p1a: Ursaluna|move: Substitute|[damage]\n|\n|-heal|p1a: Ursaluna|43\/100|[from] item: Leftovers\n|upkeep\n|turn|35\n|\n|t:|1700421489\n|move|p1a: Ursaluna|Calm Mind|p1a: Ursaluna\n|-boost|p1a: Ursaluna|spa|1\n|-boost|p1a: Ursaluna|spd|1\n|move|p2a: Chansey|Seismic Toss|p1a: Ursaluna\n|-end|p1a: Ursaluna|Substitute\n|\n|-heal|p1a: Ursaluna|49\/100|[from] item: Leftovers\n|upkeep\n|turn|36\n|\n|t:|1700421498\n|move|p1a: Ursaluna|Substitute|p1a: Ursaluna\n|-start|p1a: Ursaluna|Substitute\n|-damage|p1a: Ursaluna|24\/100\n|move|p2a: Chansey|Seismic Toss|p1a: Ursaluna\n|-activate|p1a: Ursaluna|move: Substitute|[damage]\n|\n|-heal|p1a: Ursaluna|31\/100|[from] item: Leftovers\n|upkeep\n|turn|37\n|inactive|vianor97 has 270 seconds left.\n|\n|t:|1700421505\n|move|p1a: Ursaluna|Blood Moon|p2a: Chansey\n|-damage|p2a: Chansey|52\/100\n|move|p2a: Chansey|Seismic Toss|p1a: Ursaluna\n|-end|p1a: Ursaluna|Substitute\n|\n|-heal|p1a: Ursaluna|37\/100|[from] item: Leftovers\n|-heal|p2a: Chansey|58\/100|[from] item: Leftovers\n|upkeep\n|turn|38\n|\n|t:|1700421514\n|move|p1a: Ursaluna|Earth Power|p2a: Chansey\n|-damage|p2a: Chansey|26\/100\n|move|p2a: Chansey|Seismic Toss|p1a: Ursaluna\n|-damage|p1a: Ursaluna|13\/100\n|\n|-heal|p1a: Ursaluna|19\/100|[from] item: Leftovers\n|-heal|p2a: Chansey|32\/100|[from] item: Leftovers\n|upkeep\n|turn|39\n|\n|t:|1700421524\n|move|p1a: Ursaluna|Blood Moon|p2a: Chansey\n|-damage|p2a: Chansey|0 fnt\n|faint|p2a: Chansey\n|\n|win|josema_09\n|c|\u2606josema_09|gg\n|c|\u2606vianor97|gg\n","uploadtime":1700421539,"views":20,"p1id":"josema09","p2id":"vianor97","formatid":"gen9anythinggoes","rating":0,"private":0,"password":""}