{"id":"gen9anythinggoes-1987819722","p1":"AnimeMitsuki","p2":"MECATROW","format":"[Gen 9] Anything Goes","log":"|j|\u2606AnimeMitsuki\n|j|\u2606MECATROW\n|t:|1699639805\n|gametype|singles\n|player|p1|AnimeMitsuki|veteran|1224\n|player|p2|MECATROW|galacticgrunt|1165\n|teamsize|p1|6\n|teamsize|p2|6\n|gen|9\n|tier|[Gen 9] Anything Goes\n|rated|\n|rule|HP Percentage Mod: HP is shown in percentages\n|rule|Endless Battle Clause: Forcing endless battles is banned\n|clearpoke\n|poke|p1|Skeledirge, M|\n|poke|p1|Samurott-Hisui, M|\n|poke|p1|Koraidon|\n|poke|p1|Regieleki|\n|poke|p1|Ogerpon-Cornerstone, F|\n|poke|p1|Mewtwo|\n|poke|p2|Lokix, M|\n|poke|p2|Ceruledge, M|\n|poke|p2|Kleavor, F|\n|poke|p2|Greninja-*, M|\n|poke|p2|Espeon, M|\n|poke|p2|Annihilape, F|\n|teampreview\n|\n|t:|1699639816\n|start\n|switch|p1a: Skeledirge|Skeledirge, M, shiny|100\/100\n|switch|p2a: Lokix|Lokix, M|100\/100\n|turn|1\n|\n|t:|1699639828\n|move|p2a: Lokix|Sucker Punch|p1a: Skeledirge\n|-supereffective|p1a: Skeledirge\n|-damage|p1a: Skeledirge|22\/100\n|-damage|p2a: Lokix|91\/100|[from] item: Life Orb\n|move|p1a: Skeledirge|Torch Song|p2a: Lokix\n|-supereffective|p2a: Lokix\n|-damage|p2a: Lokix|0 fnt\n|-boost|p1a: Skeledirge|spa|1\n|faint|p2a: Lokix\n|\n|upkeep\n|\n|t:|1699639839\n|switch|p2a: Kleavor|Kleavor, F|100\/100\n|turn|2\n|\n|t:|1699639844\n|move|p2a: Kleavor|Stone Axe|p1a: Skeledirge\n|-supereffective|p1a: Skeledirge\n|-damage|p1a: Skeledirge|0 fnt\n|-sidestart|p1: AnimeMitsuki|move: Stealth Rock\n|faint|p1a: Skeledirge\n|\n|upkeep\n|\n|t:|1699639850\n|switch|p1a: Koraidon|Koraidon|100\/100\n|-damage|p1a: Koraidon|94\/100|[from] Stealth Rock\n|-weather|SunnyDay|[from] ability: Orichalcum Pulse|[of] p1a: Koraidon\n|-activate|p1a: Koraidon|Orichalcum Pulse|[source]\n|turn|3\n|\n|t:|1699639860\n|switch|p2a: Annihilape|Annihilape, F|100\/100\n|move|p1a: Koraidon|Collision Course|p2a: Annihilape\n|-immune|p2a: Annihilape\n|\n|-weather|SunnyDay|[upkeep]\n|upkeep\n|turn|4\n|\n|t:|1699639868\n|move|p2a: Annihilape|Final Gambit|p1a: Koraidon\n|-damage|p1a: Koraidon|0 fnt\n|faint|p2a: Annihilape\n|faint|p1a: Koraidon\n|\n|-weather|SunnyDay|[upkeep]\n|upkeep\n|\n|t:|1699639879\n|switch|p1a: Regieleki|Regieleki, shiny|100\/100\n|switch|p2a: Greninja|Greninja, M|100\/100\n|-damage|p1a: Regieleki|88\/100|[from] Stealth Rock\n|-item|p1a: Regieleki|Air Balloon\n|turn|5\n|\n|t:|1699639887\n|move|p1a: Regieleki|Thunder Cage|p2a: Greninja\n|-supereffective|p2a: Greninja\n|-crit|p2a: Greninja\n|-damage|p2a: Greninja|0 fnt\n|faint|p2a: Greninja\n|\n|-weather|SunnyDay|[upkeep]\n|upkeep\n|\n|t:|1699639897\n|switch|p2a: Espeon|Espeon, M|100\/100\n|turn|6\n|\n|t:|1699639900\n|move|p1a: Regieleki|Thunder Cage|p2a: Espeon\n|-damage|p2a: Espeon|36\/100\n|-activate|p2a: Espeon|move: Thunder Cage|[of] p1a: Regieleki\n|move|p2a: Espeon|Yawn|p1a: Regieleki\n|-start|p1a: Regieleki|move: Yawn|[of] p2a: Espeon\n|\n|-weather|SunnyDay|[upkeep]\n|-damage|p2a: Espeon|24\/100|[from] move: Thunder Cage|[partiallytrapped]\n|upkeep\n|turn|7\n|\n|t:|1699639912\n|switch|p1a: Samurott|Samurott-Hisui, M, shiny|100\/100\n|-damage|p1a: Samurott|88\/100|[from] Stealth Rock\n|move|p2a: Espeon|Light Screen|p2a: Espeon\n|-sidestart|p2: MECATROW|move: Light Screen\n|\n|-weather|none\n|-end|p2a: Espeon|Thunder Cage|[partiallytrapped]|[silent]\n|upkeep\n|turn|8\n|\n|t:|1699639924\n|move|p2a: Espeon|Reflect|p2a: Espeon\n|-sidestart|p2: MECATROW|Reflect\n|move|p1a: Samurott|Ceaseless Edge|p2a: Espeon\n|-supereffective|p2a: Espeon\n|-damage|p2a: Espeon|0 fnt\n|-sidestart|p2: MECATROW|Spikes\n|faint|p2a: Espeon\n|\n|upkeep\n|\n|t:|1699639933\n|switch|p2a: Ceruledge|Ceruledge, M|100\/100\n|-damage|p2a: Ceruledge|88\/100|[from] Spikes\n|turn|9\n|\n|t:|1699639940\n|-terastallize|p2a: Ceruledge|Normal\n|move|p2a: Ceruledge|Swords Dance|p2a: Ceruledge\n|-boost|p2a: Ceruledge|atk|2\n|move|p1a: Samurott|Ceaseless Edge|p2a: Ceruledge\n|-damage|p2a: Ceruledge|55\/100\n|-ability|p2a: Ceruledge|Weak Armor|boost\n|-unboost|p2a: Ceruledge|def|1\n|-boost|p2a: Ceruledge|spe|2\n|-sidestart|p2: MECATROW|Spikes\n|\n|upkeep\n|turn|10\n|\n|t:|1699639958\n|move|p2a: Ceruledge|Swords Dance|p2a: Ceruledge\n|-boost|p2a: Ceruledge|atk|2\n|move|p1a: Samurott|Aqua Cutter|p2a: Ceruledge\n|-damage|p2a: Ceruledge|6\/100\n|-ability|p2a: Ceruledge|Weak Armor|boost\n|-unboost|p2a: Ceruledge|def|1\n|-boost|p2a: Ceruledge|spe|2\n|\n|upkeep\n|turn|11\n|\n|t:|1699639968\n|move|p2a: Ceruledge|Bitter Blade|p1a: Samurott\n|-resisted|p1a: Samurott\n|-damage|p1a: Samurott|7\/100\n|-heal|p2a: Ceruledge|51\/100|[from] drain|[of] p1a: Samurott\n|-damage|p2a: Ceruledge|41\/100|[from] item: Life Orb\n|move|p1a: Samurott|Aqua Cutter|p2a: Ceruledge\n|-damage|p2a: Ceruledge|0 fnt\n|faint|p2a: Ceruledge\n|\n|-sideend|p2: MECATROW|move: Light Screen\n|upkeep\n|\n|t:|1699639980\n|switch|p2a: Kleavor|Kleavor, F|100\/100\n|-damage|p2a: Kleavor|84\/100|[from] Spikes\n|turn|12\n|\n|t:|1699639987\n|move|p2a: Kleavor|X-Scissor|p1a: Samurott\n|-supereffective|p1a: Samurott\n|-damage|p1a: Samurott|0 fnt\n|faint|p1a: Samurott\n|\n|-sideend|p2: MECATROW|Reflect\n|upkeep\n|\n|t:|1699639993\n|switch|p1a: Regieleki|Regieleki, shiny|88\/100\n|-damage|p1a: Regieleki|76\/100|[from] Stealth Rock\n|-item|p1a: Regieleki|Air Balloon\n|turn|13\n|\n|t:|1699640001\n|move|p1a: Regieleki|Thunder Cage|p2a: Kleavor\n|-damage|p2a: Kleavor|7\/100\n|-activate|p2a: Kleavor|move: Thunder Cage|[of] p1a: Regieleki\n|move|p2a: Kleavor|X-Scissor|p1a: Regieleki\n|-damage|p1a: Regieleki|0 fnt\n|-enditem|p1a: Regieleki|Air Balloon\n|faint|p1a: Regieleki\n|\n|-end|p2a: Kleavor|Thunder Cage|[partiallytrapped]|[silent]\n|upkeep\n|\n|t:|1699640010\n|switch|p1a: Ogerpon|Ogerpon-Cornerstone, F|100\/100\n|-damage|p1a: Ogerpon|88\/100|[from] Stealth Rock\n|turn|14\n|\n|t:|1699640015\n|move|p2a: Kleavor|X-Scissor|p1a: Ogerpon\n|-supereffective|p1a: Ogerpon\n|-damage|p1a: Ogerpon|0 fnt\n|faint|p1a: Ogerpon\n|\n|upkeep\n|\n|t:|1699640020\n|switch|p1a: Mewtwo|Mewtwo, shiny|100\/100\n|-ability|p1a: Mewtwo|Unnerve\n|-damage|p1a: Mewtwo|88\/100|[from] Stealth Rock\n|turn|15\n|\n|t:|1699640026\n|move|p2a: Kleavor|X-Scissor|p1a: Mewtwo\n|-supereffective|p1a: Mewtwo\n|-crit|p1a: Mewtwo\n|-damage|p1a: Mewtwo|0 fnt\n|faint|p1a: Mewtwo\n|\n|win|MECATROW\n|raw|AnimeMitsuki's rating: 1224 &rarr; <strong>1195<\/strong><br \/>(-29 for losing)\n|raw|MECATROW's rating: 1165 &rarr; <strong>1194<\/strong><br \/>(+29 for winning)\n|c|\u2606AnimeMitsuki|gg\n|c|\u2606MECATROW|Clutch\n|c|\u2606MECATROW|gg\n|l|\u2606MECATROW\n|j|\u2606MECATROW\n|player|p2|MECATROW|galacticgrunt\n","uploadtime":1699640234,"views":7,"p1id":"animemitsuki","p2id":"mecatrow","formatid":"gen9anythinggoes","rating":1194,"private":0,"password":""}