{"id":"gen9anythinggoes-2000638807","p1":"AltaltLyly","p2":"LordRevan22","format":"[Gen 9] Anything Goes","log":"|j|\u2606AltaltLyly\n|j|\u2606LordRevan22\n|t:|1701213287\n|gametype|singles\n|player|p1|AltaltLyly|winona|\n|player|p2|LordRevan22|169|\n|teamsize|p1|6\n|teamsize|p2|6\n|gen|9\n|tier|[Gen 9] Anything Goes\n|rule|HP Percentage Mod: HP is shown in percentages\n|rule|Endless Battle Clause: Forcing endless battles is banned\n|clearpoke\n|poke|p1|Kyogre|\n|poke|p1|Greninja-*, M|\n|poke|p1|Qwilfish-Hisui, F|\n|poke|p1|Jolteon, M|\n|poke|p1|Thundurus, M|\n|poke|p1|Politoed, F|\n|poke|p2|Urshifu-*, F|\n|poke|p2|Clodsire, F|\n|poke|p2|Volcarona, M|\n|poke|p2|Arboliva, F|\n|poke|p2|Quagsire, F|\n|poke|p2|Masquerain, F|\n|teampreview\n|\n|t:|1701213327\n|start\n|switch|p1a: Thundurus|Thundurus, M|100\/100\n|switch|p2a: Bear|Urshifu, F|100\/100\n|turn|1\n|\n|t:|1701213353\n|switch|p1a: Qwilfish|Qwilfish-Hisui, F|100\/100\n|move|p2a: Bear|U-turn|p1a: Qwilfish\n|-damage|p1a: Qwilfish|73\/100\n|\n|t:|1701213370\n|switch|p2a: Baxcaliber|Volcarona, M|100\/100|[from] U-turn\n|\n|upkeep\n|turn|2\n|\n|t:|1701213380\n|move|p1a: Qwilfish|Swords Dance|p1a: Qwilfish\n|-boost|p1a: Qwilfish|atk|2\n|move|p2a: Baxcaliber|Quiver Dance|p2a: Baxcaliber\n|-boost|p2a: Baxcaliber|spa|1\n|-boost|p2a: Baxcaliber|spd|1\n|-boost|p2a: Baxcaliber|spe|1\n|\n|upkeep\n|turn|3\n|\n|t:|1701213389\n|move|p1a: Qwilfish|Aqua Jet|p2a: Baxcaliber\n|-supereffective|p2a: Baxcaliber\n|-damage|p2a: Baxcaliber|31\/100\n|move|p2a: Baxcaliber|Fiery Dance|p1a: Qwilfish\n|-damage|p1a: Qwilfish|0 fnt\n|-boost|p2a: Baxcaliber|spa|1\n|faint|p1a: Qwilfish\n|\n|-heal|p2a: Baxcaliber|37\/100|[from] item: Leftovers\n|upkeep\n|\n|t:|1701213403\n|switch|p1a: Politoed|Politoed, F|100\/100\n|-weather|RainDance|[from] ability: Drizzle|[of] p1a: Politoed\n|turn|4\n|\n|t:|1701213410\n|move|p2a: Baxcaliber|Giga Drain|p1a: Politoed\n|-supereffective|p1a: Politoed\n|-damage|p1a: Politoed|10\/100\n|-heal|p2a: Baxcaliber|83\/100|[from] drain|[of] p1a: Politoed\n|move|p1a: Politoed|Haze|p1a: Politoed\n|-clearallboost\n|\n|-weather|RainDance|[upkeep]\n|-heal|p2a: Baxcaliber|90\/100|[from] item: Leftovers\n|upkeep\n|turn|5\n|\n|t:|1701213429\n|switch|p1a: Thundurus|Thundurus, M|100\/100\n|move|p2a: Baxcaliber|Quiver Dance|p2a: Baxcaliber\n|-boost|p2a: Baxcaliber|spa|1\n|-boost|p2a: Baxcaliber|spd|1\n|-boost|p2a: Baxcaliber|spe|1\n|\n|-weather|RainDance|[upkeep]\n|-heal|p2a: Baxcaliber|96\/100|[from] item: Leftovers\n|upkeep\n|turn|6\n|\n|t:|1701213439\n|move|p1a: Thundurus|Thunder Wave|p2a: Baxcaliber\n|-status|p2a: Baxcaliber|par\n|move|p2a: Baxcaliber|Quiver Dance|p2a: Baxcaliber\n|-boost|p2a: Baxcaliber|spa|1\n|-boost|p2a: Baxcaliber|spd|1\n|-boost|p2a: Baxcaliber|spe|1\n|\n|-weather|RainDance|[upkeep]\n|-heal|p2a: Baxcaliber|100\/100 par|[from] item: Leftovers\n|upkeep\n|turn|7\n|\n|t:|1701213452\n|move|p1a: Thundurus|Nasty Plot|p1a: Thundurus\n|-boost|p1a: Thundurus|spa|2\n|move|p2a: Baxcaliber|Fiery Dance|p1a: Thundurus\n|-damage|p1a: Thundurus|46\/100\n|\n|-weather|RainDance|[upkeep]\n|upkeep\n|turn|8\n|\n|t:|1701213462\n|move|p1a: Thundurus|Thunderbolt|p2a: Baxcaliber\n|-damage|p2a: Baxcaliber|59\/100 par\n|move|p2a: Baxcaliber|Fiery Dance|p1a: Thundurus\n|-damage|p1a: Thundurus|0 fnt\n|-boost|p2a: Baxcaliber|spa|1\n|faint|p1a: Thundurus\n|\n|-weather|RainDance|[upkeep]\n|-heal|p2a: Baxcaliber|65\/100 par|[from] item: Leftovers\n|upkeep\n|\n|t:|1701213475\n|switch|p1a: Kyogre|Kyogre|100\/100\n|turn|9\n|\n|t:|1701213483\n|cant|p2a: Baxcaliber|par\n|move|p1a: Kyogre|Calm Mind|p1a: Kyogre\n|-boost|p1a: Kyogre|spa|1\n|-boost|p1a: Kyogre|spd|1\n|\n|-weather|RainDance|[upkeep]\n|-heal|p2a: Baxcaliber|71\/100 par|[from] item: Leftovers\n|upkeep\n|turn|10\n|\n|t:|1701213493\n|move|p2a: Baxcaliber|Giga Drain|p1a: Kyogre\n|-supereffective|p1a: Kyogre\n|-damage|p1a: Kyogre|48\/100\n|-heal|p2a: Baxcaliber|95\/100 par|[from] drain|[of] p1a: Kyogre\n|move|p1a: Kyogre|Origin Pulse|p2a: Baxcaliber\n|-supereffective|p2a: Baxcaliber\n|-damage|p2a: Baxcaliber|0 fnt\n|faint|p2a: Baxcaliber\n|\n|-weather|RainDance|[upkeep]\n|-heal|p1a: Kyogre|54\/100|[from] item: Leftovers\n|upkeep\n|\n|t:|1701213511\n|switch|p2a: Co Cap Olive|Arboliva, F, shiny|100\/100\n|turn|11\n|\n|t:|1701213520\n|move|p1a: Kyogre|Calm Mind|p1a: Kyogre\n|-boost|p1a: Kyogre|spa|1\n|-boost|p1a: Kyogre|spd|1\n|move|p2a: Co Cap Olive|Giga Drain|p1a: Kyogre\n|-supereffective|p1a: Kyogre\n|-damage|p1a: Kyogre|36\/100\n|\n|-weather|none\n|-heal|p1a: Kyogre|42\/100|[from] item: Leftovers\n|upkeep\n|turn|12\n|\n|t:|1701213531\n|move|p1a: Kyogre|Ice Beam|p2a: Co Cap Olive\n|-supereffective|p2a: Co Cap Olive\n|-damage|p2a: Co Cap Olive|18\/100\n|-fieldstart|move: Grassy Terrain|[from] ability: Seed Sower|[of] p2a: Co Cap Olive\n|move|p2a: Co Cap Olive|Leech Seed|p1a: Kyogre\n|-start|p1a: Kyogre|move: Leech Seed\n|\n|-heal|p1a: Kyogre|48\/100|[from] Grassy Terrain\n|-heal|p1a: Kyogre|54\/100|[from] item: Leftovers\n|-heal|p2a: Co Cap Olive|24\/100|[from] Grassy Terrain\n|-heal|p2a: Co Cap Olive|30\/100|[from] item: Leftovers\n|-damage|p1a: Kyogre|42\/100|[from] Leech Seed|[of] p2a: Co Cap Olive\n|-heal|p2a: Co Cap Olive|42\/100|[silent]\n|upkeep\n|turn|13\n|\n|t:|1701213550\n|move|p1a: Kyogre|Calm Mind|p1a: Kyogre\n|-boost|p1a: Kyogre|spa|1\n|-boost|p1a: Kyogre|spd|1\n|move|p2a: Co Cap Olive|Strength Sap|p1a: Kyogre\n|-unboost|p1a: Kyogre|atk|1\n|-heal|p2a: Co Cap Olive|93\/100\n|\n|-heal|p1a: Kyogre|48\/100|[from] Grassy Terrain\n|-heal|p1a: Kyogre|54\/100|[from] item: Leftovers\n|-heal|p2a: Co Cap Olive|99\/100|[from] Grassy Terrain\n|-heal|p2a: Co Cap Olive|100\/100|[from] item: Leftovers\n|-damage|p1a: Kyogre|42\/100|[from] Leech Seed|[of] p2a: Co Cap Olive\n|upkeep\n|turn|14\n|\n|t:|1701213564\n|move|p1a: Kyogre|Ice Beam|p2a: Co Cap Olive\n|-supereffective|p2a: Co Cap Olive\n|-damage|p2a: Co Cap Olive|0 fnt\n|faint|p2a: Co Cap Olive\n|\n|-heal|p1a: Kyogre|48\/100|[from] Grassy Terrain\n|-heal|p1a: Kyogre|54\/100|[from] item: Leftovers\n|upkeep\n|\n|t:|1701213576\n|switch|p2a: Captain Clod|Clodsire, F, shiny|100\/100\n|turn|15\n|\n|t:|1701213588\n|-terastallize|p2a: Captain Clod|Water\n|move|p1a: Kyogre|Ice Beam|p2a: Captain Clod\n|-resisted|p2a: Captain Clod\n|-damage|p2a: Captain Clod|78\/100\n|move|p2a: Captain Clod|Toxic|p1a: Kyogre\n|-status|p1a: Kyogre|tox\n|\n|-heal|p1a: Kyogre|60\/100 tox|[from] Grassy Terrain\n|-heal|p1a: Kyogre|66\/100 tox|[from] item: Leftovers\n|-heal|p2a: Captain Clod|85\/100|[from] Grassy Terrain\n|-heal|p2a: Captain Clod|91\/100|[from] item: Leftovers\n|-damage|p1a: Kyogre|54\/100 tox|[from] Leech Seed|[of] p2a: Captain Clod\n|-heal|p2a: Captain Clod|99\/100|[silent]\n|-damage|p1a: Kyogre|48\/100 tox|[from] psn\n|upkeep\n|turn|16\n|\n|t:|1701213607\n|move|p1a: Kyogre|Thunder|p2a: Captain Clod\n|-supereffective|p2a: Captain Clod\n|-damage|p2a: Captain Clod|0 fnt\n|faint|p2a: Captain Clod\n|\n|-heal|p1a: Kyogre|54\/100 tox|[from] Grassy Terrain\n|-heal|p1a: Kyogre|60\/100 tox|[from] item: Leftovers\n|-damage|p1a: Kyogre|48\/100 tox|[from] psn\n|-fieldend|move: Grassy Terrain\n|upkeep\n|\n|t:|1701213617\n|switch|p2a: Bear|Urshifu, F|100\/100\n|turn|17\n|\n|t:|1701213639\n|move|p2a: Bear|Close Combat|p1a: Kyogre\n|-damage|p1a: Kyogre|0 fnt\n|-unboost|p2a: Bear|def|1\n|-unboost|p2a: Bear|spd|1\n|faint|p1a: Kyogre\n|\n|upkeep\n|\n|t:|1701213647\n|switch|p1a: Politoed|Politoed, F|10\/100\n|-weather|RainDance|[from] ability: Drizzle|[of] p1a: Politoed\n|turn|18\n|\n|t:|1701213657\n|switch|p2a: Masquerain|Masquerain, F, shiny|100\/100\n|-ability|p2a: Masquerain|Intimidate|boost\n|-unboost|p1a: Politoed|atk|1\n|move|p1a: Politoed|Ice Beam|p2a: Masquerain\n|-supereffective|p2a: Masquerain\n|-damage|p2a: Masquerain|63\/100\n|-status|p2a: Masquerain|frz\n|\n|-weather|RainDance|[upkeep]\n|-heal|p2a: Masquerain|69\/100 frz|[from] item: Leftovers\n|upkeep\n|turn|19\n|\n|t:|1701213671\n|-curestatus|p2a: Masquerain|frz|[msg]\n|move|p2a: Masquerain|Hurricane|p1a: Politoed\n|-damage|p1a: Politoed|0 fnt\n|faint|p1a: Politoed\n|\n|-weather|RainDance|[upkeep]\n|-heal|p2a: Masquerain|75\/100|[from] item: Leftovers\n|upkeep\n|\n|t:|1701213696\n|switch|p1a: Greninja|Greninja, M|100\/100\n|turn|20\n|\n|t:|1701213713\n|move|p1a: Greninja|Ice Beam|p2a: Masquerain\n|-start|p1a: Greninja|typechange|Ice|[from] ability: Protean\n|-supereffective|p2a: Masquerain\n|-damage|p2a: Masquerain|0 fnt\n|faint|p2a: Masquerain\n|\n|-weather|RainDance|[upkeep]\n|upkeep\n|\n|t:|1701213722\n|switch|p2a: Bear|Urshifu, F|100\/100\n|turn|21\n|\n|t:|1701213729\n|switch|p1a: Jolteon|Jolteon, M|100\/100\n|move|p2a: Bear|Close Combat|p1a: Jolteon\n|-enditem|p1a: Jolteon|Focus Sash\n|-damage|p1a: Jolteon|1\/100\n|-unboost|p2a: Bear|def|1\n|-unboost|p2a: Bear|spd|1\n|\n|-weather|RainDance|[upkeep]\n|upkeep\n|turn|22\n|\n|t:|1701213743\n|move|p2a: Bear|Close Combat|p1a: Jolteon\n|-crit|p1a: Jolteon\n|-damage|p1a: Jolteon|0 fnt\n|-unboost|p2a: Bear|def|1\n|-unboost|p2a: Bear|spd|1\n|faint|p1a: Jolteon\n|\n|-weather|RainDance|[upkeep]\n|upkeep\n|\n|t:|1701213752\n|switch|p1a: Greninja|Greninja, M|100\/100\n|turn|23\n|\n|t:|1701213766\n|switch|p2a: Quagsire|Quagsire, F, shiny|100\/100\n|move|p1a: Greninja|Surf|p2a: Quagsire\n|-start|p1a: Greninja|typechange|Water|[from] ability: Protean\n|-damage|p2a: Quagsire|0 fnt\n|faint|p2a: Quagsire\n|\n|-weather|RainDance|[upkeep]\n|upkeep\n|\n|t:|1701213777\n|switch|p2a: Bear|Urshifu, F|100\/100\n|turn|24\n|\n|t:|1701213788\n|move|p2a: Bear|Thunder Punch|p1a: Greninja\n|-supereffective|p1a: Greninja\n|-damage|p1a: Greninja|11\/100\n|move|p1a: Greninja|Surf|p2a: Bear\n|-damage|p2a: Bear|0 fnt\n|faint|p2a: Bear\n|\n|win|AltaltLyly\n|l|\u2606LordRevan22\n","uploadtime":1701213799,"views":1,"p1id":"altaltlyly","p2id":"lordrevan22","formatid":"gen9anythinggoes","rating":0,"private":0,"password":""}