{"id":"gen9anythinggoes-1981667404","p1":"ragefistftw","p2":"Shadowclonekoko","format":"[Gen 9] Anything Goes","log":"|j|\u2606ragefistftw\n|j|\u2606Shadowclonekoko\n|t:|1698931917\n|gametype|singles\n|player|p1|ragefistftw|benga|1175\n|player|p2|Shadowclonekoko|dawn|1236\n|teamsize|p1|6\n|teamsize|p2|6\n|gen|9\n|tier|[Gen 9] Anything Goes\n|rated|\n|rule|HP Percentage Mod: HP is shown in percentages\n|rule|Endless Battle Clause: Forcing endless battles is banned\n|clearpoke\n|poke|p1|Farigiraf, M|\n|poke|p1|Iron Treads|\n|poke|p1|Urshifu-*, F|\n|poke|p1|Mesprit|\n|poke|p1|Tornadus-Therian, M|\n|poke|p1|Tauros-Paldea-Aqua, M|\n|poke|p2|Mightyena, M|\n|poke|p2|Calyrex-Shadow|\n|poke|p2|Regieleki|\n|poke|p2|Ribombee, F|\n|poke|p2|Urshifu-*, F|\n|poke|p2|Drifblim, F|\n|teampreview\n|l|\u2606Shadowclonekoko\n|player|p2|\n|inactive|Battle timer is ON: inactive players will automatically lose when time's up. (requested by ragefistftw)\n|j|\u2606Shadowclonekoko\n|inactive|Shadowclonekoko reconnected and has 145 seconds left.\n|player|p2|Shadowclonekoko|dawn\n|\n|t:|1698931932\n|start\n|switch|p1a: Farigiraf|Farigiraf, M|100\/100\n|switch|p2a: Ribombee|Ribombee, F|100\/100\n|turn|1\n|\n|t:|1698931939\n|move|p2a: Ribombee|Sticky Web|p1a: Farigiraf\n|-sidestart|p1: ragefistftw|move: Sticky Web\n|move|p1a: Farigiraf|Calm Mind|p1a: Farigiraf\n|-boost|p1a: Farigiraf|spa|1\n|-boost|p1a: Farigiraf|spd|1\n|\n|upkeep\n|turn|2\n|\n|t:|1698931947\n|move|p2a: Ribombee|Quiver Dance|p2a: Ribombee\n|-boost|p2a: Ribombee|spa|1\n|-boost|p2a: Ribombee|spd|1\n|-boost|p2a: Ribombee|spe|1\n|move|p1a: Farigiraf|Calm Mind|p1a: Farigiraf\n|-boost|p1a: Farigiraf|spa|1\n|-boost|p1a: Farigiraf|spd|1\n|\n|upkeep\n|turn|3\n|\n|t:|1698931955\n|move|p2a: Ribombee|Quiver Dance|p2a: Ribombee\n|-boost|p2a: Ribombee|spa|1\n|-boost|p2a: Ribombee|spd|1\n|-boost|p2a: Ribombee|spe|1\n|move|p1a: Farigiraf|Future Sight|p2a: Ribombee\n|-start|p1a: Farigiraf|move: Future Sight\n|\n|upkeep\n|turn|4\n|\n|t:|1698931962\n|move|p2a: Ribombee|Baton Pass|p2a: Ribombee\n|\n|t:|1698931967\n|switch|p2a: Drifblim|Drifblim, F, shiny|100\/100|[from] Baton Pass\n|move|p1a: Farigiraf|Baton Pass|p1a: Farigiraf\n|\n|t:|1698931978\n|switch|p1a: Tornadus|Tornadus-Therian, M|100\/100|[from] Baton Pass\n|\n|upkeep\n|turn|5\n|\n|t:|1698931994\n|move|p2a: Drifblim|Minimize|p2a: Drifblim\n|-boost|p2a: Drifblim|evasion|2\n|move|p1a: Tornadus|Rain Dance|p1a: Tornadus\n|-weather|RainDance\n|\n|-weather|RainDance|[upkeep]\n|-end|p2a: Drifblim|move: Future Sight\n|-damage|p2a: Drifblim|72\/100\n|upkeep\n|turn|6\n|\n|t:|1698932002\n|move|p2a: Drifblim|Minimize|p2a: Drifblim\n|-boost|p2a: Drifblim|evasion|2\n|move|p1a: Tornadus|Bleakwind Storm|p2a: Drifblim\n|-damage|p2a: Drifblim|21\/100\n|\n|-weather|RainDance|[upkeep]\n|upkeep\n|turn|7\n|\n|t:|1698932013\n|move|p2a: Drifblim|Minimize|p2a: Drifblim\n|-boost|p2a: Drifblim|evasion|2\n|move|p1a: Tornadus|Bleakwind Storm|p2a: Drifblim\n|-damage|p2a: Drifblim|0 fnt\n|faint|p2a: Drifblim\n|\n|-weather|RainDance|[upkeep]\n|upkeep\n|\n|t:|1698932019\n|switch|p2a: Calyrex|Calyrex-Shadow|100\/100\n|-ability|p2a: Calyrex|As One\n|-ability|p2a: Calyrex|Unnerve\n|turn|8\n|\n|t:|1698932025\n|move|p2a: Calyrex|Astral Barrage|p1a: Tornadus\n|-damage|p1a: Tornadus|58\/100\n|-damage|p2a: Calyrex|90\/100|[from] item: Life Orb\n|move|p1a: Tornadus|Bleakwind Storm|p2a: Calyrex\n|-crit|p2a: Calyrex\n|-damage|p2a: Calyrex|0 fnt\n|faint|p2a: Calyrex\n|\n|-weather|RainDance|[upkeep]\n|-heal|p1a: Tornadus|64\/100|[from] item: Leftovers\n|upkeep\n|\n|t:|1698932037\n|switch|p2a: Regieleki|Regieleki|100\/100\n|turn|9\n|c|\u2606ragefistftw|bleakwind storm cant miss in rain\n|\n|t:|1698932044\n|move|p2a: Regieleki|Thunder|p1a: Tornadus\n|-supereffective|p1a: Tornadus\n|-damage|p1a: Tornadus|8\/100\n|move|p1a: Tornadus|U-turn|p2a: Regieleki\n|-damage|p2a: Regieleki|78\/100\n|\n|t:|1698932051\n|switch|p1a: Iron Treads|Iron Treads|100\/100|[from] U-turn\n|-activate|p1a: Iron Treads|move: Sticky Web\n|-unboost|p1a: Iron Treads|spe|1\n|-enditem|p1a: Iron Treads|Booster Energy\n|-activate|p1a: Iron Treads|ability: Quark Drive|[fromitem]\n|-start|p1a: Iron Treads|quarkdriveatk\n|\n|-weather|none\n|-heal|p2a: Regieleki|84\/100|[from] item: Leftovers\n|upkeep\n|turn|10\n|c|\u2606Shadowclonekoko|Oh\n|\n|t:|1698932064\n|-terastallize|p2a: Regieleki|Water\n|move|p2a: Regieleki|Tera Blast|p1a: Iron Treads|[anim] Tera Blast Water\n|-supereffective|p1a: Iron Treads\n|-damage|p1a: Iron Treads|46\/100\n|move|p1a: Iron Treads|Earthquake|p2a: Regieleki\n|-damage|p2a: Regieleki|0 fnt\n|faint|p2a: Regieleki\n|\n|upkeep\n|\n|t:|1698932068\n|switch|p2a: Urshifu|Urshifu, F|100\/100\n|turn|11\n|\n|t:|1698932073\n|move|p2a: Urshifu|Wicked Blow|p1a: Iron Treads\n|-crit|p1a: Iron Treads\n|-damage|p1a: Iron Treads|0 fnt\n|faint|p1a: Iron Treads\n|-end|p1a: Iron Treads|Quark Drive|[silent]\n|\n|upkeep\n|\n|t:|1698932083\n|switch|p1a: Tauros|Tauros-Paldea-Aqua, M|100\/100\n|-activate|p1a: Tauros|move: Sticky Web\n|-unboost|p1a: Tauros|spe|1\n|turn|12\n|\n|t:|1698932094\n|move|p1a: Tauros|Raging Bull|p2a: Urshifu\n|-damage|p2a: Urshifu|64\/100\n|move|p2a: Urshifu|Wicked Blow|p1a: Tauros\n|-resisted|p1a: Tauros\n|-crit|p1a: Tauros\n|-damage|p1a: Tauros|67\/100\n|-setboost|p1a: Tauros|atk|6|[from] ability: Anger Point\n|\n|-heal|p2a: Urshifu|70\/100|[from] item: Leftovers\n|upkeep\n|turn|13\n|\n|t:|1698932102\n|move|p1a: Tauros|Raging Bull|p2a: Urshifu\n|-damage|p2a: Urshifu|0 fnt\n|faint|p2a: Urshifu\n|\n|upkeep\n|\n|t:|1698932109\n|switch|p2a: Ribombee|Ribombee, F|100\/100\n|turn|14\n|\n|t:|1698932112\n|move|p2a: Ribombee|Moonblast|p1a: Tauros\n|-supereffective|p1a: Tauros\n|-damage|p1a: Tauros|0 fnt\n|faint|p1a: Tauros\n|\n|upkeep\n|\n|t:|1698932119\n|switch|p1a: Mesprit|Mesprit|100\/100\n|turn|15\n|\n|t:|1698932125\n|move|p2a: Ribombee|Quiver Dance|p2a: Ribombee\n|-boost|p2a: Ribombee|spa|1\n|-boost|p2a: Ribombee|spd|1\n|-boost|p2a: Ribombee|spe|1\n|move|p1a: Mesprit|Mystical Power|p2a: Ribombee\n|-damage|p2a: Ribombee|55\/100\n|-boost|p1a: Mesprit|spa|1\n|-damage|p1a: Mesprit|91\/100|[from] item: Life Orb\n|\n|upkeep\n|turn|16\n|\n|t:|1698932133\n|move|p2a: Ribombee|Quiver Dance|p2a: Ribombee\n|-boost|p2a: Ribombee|spa|1\n|-boost|p2a: Ribombee|spd|1\n|-boost|p2a: Ribombee|spe|1\n|move|p1a: Mesprit|Mystical Power|p2a: Ribombee|[miss]\n|-miss|p1a: Mesprit|p2a: Ribombee\n|\n|upkeep\n|turn|17\n|\n|t:|1698932140\n|move|p2a: Ribombee|Baton Pass|p2a: Ribombee\n|\n|t:|1698932142\n|switch|p2a: Mightyena|Mightyena, M|100\/100|[from] Baton Pass\n|move|p1a: Mesprit|Mystical Power|p2a: Mightyena\n|-immune|p2a: Mightyena\n|\n|-status|p2a: Mightyena|tox|[from] item: Toxic Orb\n|upkeep\n|turn|18\n|\n|t:|1698932154\n|move|p2a: Mightyena|Crunch|p1a: Mesprit\n|-supereffective|p1a: Mesprit\n|-crit|p1a: Mesprit\n|-damage|p1a: Mesprit|0 fnt\n|faint|p1a: Mesprit\n|\n|-damage|p2a: Mightyena|94\/100 tox|[from] psn\n|upkeep\n|\n|t:|1698932160\n|switch|p1a: Farigiraf|Farigiraf, M|100\/100\n|-activate|p1a: Farigiraf|move: Sticky Web\n|-unboost|p1a: Farigiraf|spe|1\n|turn|19\n|\n|t:|1698932167\n|move|p2a: Mightyena|Crunch|p1a: Farigiraf\n|-supereffective|p1a: Farigiraf\n|-damage|p1a: Farigiraf|42\/100\n|-enditem|p1a: Farigiraf|Sitrus Berry|[eat]\n|-heal|p1a: Farigiraf|67\/100|[from] item: Sitrus Berry\n|move|p1a: Farigiraf|Dazzling Gleam|p2a: Mightyena\n|-supereffective|p2a: Mightyena\n|-damage|p2a: Mightyena|56\/100 tox\n|\n|-damage|p2a: Mightyena|44\/100 tox|[from] psn\n|upkeep\n|turn|20\n|\n|t:|1698932183\n|move|p2a: Mightyena|Crunch|p1a: Farigiraf\n|-supereffective|p1a: Farigiraf\n|-damage|p1a: Farigiraf|6\/100\n|move|p1a: Farigiraf|Dazzling Gleam|p2a: Mightyena\n|-supereffective|p2a: Mightyena\n|-damage|p2a: Mightyena|5\/100 tox\n|\n|-damage|p2a: Mightyena|0 fnt|[from] psn\n|faint|p2a: Mightyena\n|-activate|p1a: Farigiraf|ability: Cud Chew\n|-enditem|p1a: Farigiraf|Sitrus Berry|[eat]\n|-heal|p1a: Farigiraf|31\/100|[from] item: Sitrus Berry\n|upkeep\n|\n|t:|1698932191\n|switch|p2a: Ribombee|Ribombee, F|55\/100\n|turn|21\n|\n|t:|1698932197\n|move|p2a: Ribombee|Moonblast|p1a: Farigiraf\n|-damage|p1a: Farigiraf|0 fnt\n|faint|p1a: Farigiraf\n|\n|upkeep\n|\n|t:|1698932203\n|switch|p1a: Urshifu|Urshifu, F|100\/100\n|-activate|p1a: Urshifu|move: Sticky Web\n|-unboost|p1a: Urshifu|spe|1\n|turn|22\n|\n|t:|1698932210\n|move|p1a: Urshifu|Sucker Punch|p2a: Ribombee\n|-resisted|p2a: Ribombee\n|-damage|p2a: Ribombee|5\/100\n|move|p2a: Ribombee|Moonblast|p1a: Urshifu\n|-supereffective|p1a: Urshifu\n|-damage|p1a: Urshifu|0 fnt\n|faint|p1a: Urshifu\n|\n|upkeep\n|\n|t:|1698932217\n|switch|p1a: Tornadus|Tornadus-Therian, M|41\/100\n|turn|23\n|\n|t:|1698932225\n|move|p2a: Ribombee|Moonblast|p1a: Tornadus\n|-damage|p1a: Tornadus|0 fnt\n|faint|p1a: Tornadus\n|\n|win|Shadowclonekoko\n|raw|ragefistftw's rating: 1175 &rarr; <strong>1154<\/strong><br \/>(-21 for losing)\n|raw|Shadowclonekoko's rating: 1236 &rarr; <strong>1257<\/strong><br \/>(+21 for winning)\n|l|\u2606ragefistftw\n|l|\u2606Shadowclonekoko\n|j|\u2606Shadowclonekoko\n|player|p2|Shadowclonekoko|dawn\n","uploadtime":1698932423,"views":8,"p1id":"ragefistftw","p2id":"shadowclonekoko","formatid":"gen9anythinggoes","rating":1154,"private":0,"password":""}