{"id":"gen9anythinggoes-1971500703","p1":"T8745f","p2":"Yurabeach","format":"[Gen 9] Anything Goes","log":"|j|\u2606T8745f\n|j|\u2606Yurabeach\n|t:|1697743427\n|gametype|singles\n|player|p1|T8745f|101|1173\n|player|p2|Yurabeach|backpacker|1115\n|teamsize|p1|6\n|teamsize|p2|6\n|gen|9\n|tier|[Gen 9] Anything Goes\n|rated|\n|rule|HP Percentage Mod: HP is shown in percentages\n|rule|Endless Battle Clause: Forcing endless battles is banned\n|clearpoke\n|poke|p1|Garganacl, M|\n|poke|p1|Espathra, F|\n|poke|p1|Pawmot, M|\n|poke|p1|Gliscor, M|\n|poke|p1|Magearna|\n|poke|p1|Mew|\n|poke|p2|Orthworm, M|\n|poke|p2|Clodsire, F|\n|poke|p2|Glimmora, M|\n|poke|p2|Garganacl, F|\n|poke|p2|Kingambit, M|\n|poke|p2|Ceruledge, M|\n|teampreview\n|inactive|Battle timer is ON: inactive players will automatically lose when time's up. (requested by T8745f)\n|\n|t:|1697743437\n|start\n|switch|p1a: Espathra|Espathra, F, shiny|100\/100\n|switch|p2a: Ceruledge|Ceruledge, M, shiny|100\/100\n|turn|1\n|\n|t:|1697743449\n|-terastallize|p1a: Espathra|Electric\n|move|p2a: Ceruledge|Swords Dance|p2a: Ceruledge\n|-boost|p2a: Ceruledge|atk|2\n|move|p1a: Espathra|Calm Mind|p1a: Espathra\n|-boost|p1a: Espathra|spa|1\n|-boost|p1a: Espathra|spd|1\n|\n|-ability|p1a: Espathra|Speed Boost|boost\n|-boost|p1a: Espathra|spe|1\n|upkeep\n|turn|2\n|\n|t:|1697743471\n|move|p1a: Espathra|Baton Pass|p1a: Espathra\n|\n|t:|1697743472\n|switch|p1a: Gliscor|Gliscor, M|100\/100|[from] Baton Pass\n|move|p2a: Ceruledge|Bitter Blade|p1a: Gliscor\n|-damage|p1a: Gliscor|19\/100\n|\n|-status|p1a: Gliscor|tox|[from] item: Toxic Orb\n|upkeep\n|turn|3\n|\n|t:|1697743487\n|move|p2a: Ceruledge|Shadow Sneak|p1a: Gliscor\n|-damage|p1a: Gliscor|0 fnt\n|faint|p1a: Gliscor\n|\n|upkeep\n|inactive|T8745f has 120 seconds left.\n|\n|t:|1697743514\n|switch|p1a: Garganacl|Garganacl, M, shiny|100\/100\n|turn|4\n|\n|t:|1697743522\n|switch|p2a: Garganacl|Garganacl, F, shiny|100\/100\n|move|p1a: Garganacl|Salt Cure|p2a: Garganacl\n|-damage|p2a: Garganacl|93\/100\n|\n|upkeep\n|turn|5\n|inactive|T8745f has 120 seconds left.\n|\n|t:|1697743542\n|move|p1a: Garganacl|Body Press|p2a: Garganacl\n|-supereffective|p2a: Garganacl\n|-damage|p2a: Garganacl|66\/100\n|move|p2a: Garganacl|Salt Cure|p1a: Garganacl\n|-damage|p1a: Garganacl|91\/100\n|-start|p1a: Garganacl|Salt Cure\n|\n|-heal|p1a: Garganacl|97\/100|[from] item: Leftovers\n|-damage|p1a: Garganacl|85\/100|[from] Salt Cure\n|upkeep\n|turn|6\n|inactive|T8745f has 120 seconds left.\n|\n|t:|1697743559\n|switch|p1a: Espathra|Espathra, F, shiny, tera:Electric|100\/100\n|move|p2a: Garganacl|Iron Defense|p2a: Garganacl\n|-boost|p2a: Garganacl|def|2\n|\n|upkeep\n|turn|7\n|inactive|T8745f has 120 seconds left.\n|\n|t:|1697743571\n|move|p1a: Espathra|Calm Mind|p1a: Espathra\n|-boost|p1a: Espathra|spa|1\n|-boost|p1a: Espathra|spd|1\n|move|p2a: Garganacl|Body Press|p1a: Espathra\n|-damage|p1a: Espathra|48\/100\n|\n|-heal|p1a: Espathra|54\/100|[from] item: Leftovers\n|-ability|p1a: Espathra|Speed Boost|boost\n|-boost|p1a: Espathra|spe|1\n|upkeep\n|turn|8\n|inactive|T8745f has 120 seconds left.\n|\n|t:|1697743587\n|move|p1a: Espathra|Roost|p1a: Espathra\n|-heal|p1a: Espathra|100\/100\n|move|p2a: Garganacl|Body Press|p1a: Espathra\n|-damage|p1a: Espathra|46\/100\n|\n|-heal|p1a: Espathra|52\/100|[from] item: Leftovers\n|-ability|p1a: Espathra|Speed Boost|boost\n|-boost|p1a: Espathra|spe|1\n|upkeep\n|turn|9\n|\n|t:|1697743598\n|move|p1a: Espathra|Baton Pass|p1a: Espathra\n|\n|t:|1697743599\n|switch|p1a: Magearna|Magearna|100\/100|[from] Baton Pass\n|move|p2a: Garganacl|Salt Cure|p1a: Magearna\n|-resisted|p1a: Magearna\n|-damage|p1a: Magearna|95\/100\n|-start|p1a: Magearna|Salt Cure\n|\n|-heal|p1a: Magearna|100\/100|[from] item: Leftovers\n|-damage|p1a: Magearna|76\/100|[from] Salt Cure\n|upkeep\n|turn|10\n|inactive|T8745f has 120 seconds left.\n|\n|t:|1697743617\n|move|p1a: Magearna|Iron Defense|p1a: Magearna\n|-boost|p1a: Magearna|def|2\n|move|p2a: Garganacl|Recover|p2a: Garganacl\n|-heal|p2a: Garganacl|100\/100\n|\n|-heal|p1a: Magearna|82\/100|[from] item: Leftovers\n|-damage|p1a: Magearna|57\/100|[from] Salt Cure\n|upkeep\n|turn|11\n|inactive|T8745f has 120 seconds left.\n|\n|t:|1697743630\n|move|p1a: Magearna|Iron Defense|p1a: Magearna\n|-boost|p1a: Magearna|def|2\n|move|p2a: Garganacl|Body Press|p1a: Magearna\n|-damage|p1a: Magearna|42\/100\n|\n|-heal|p1a: Magearna|48\/100|[from] item: Leftovers\n|-damage|p1a: Magearna|23\/100|[from] Salt Cure\n|upkeep\n|turn|12\n|inactive|T8745f has 120 seconds left.\n|\n|t:|1697743645\n|move|p1a: Magearna|Baton Pass|p1a: Magearna\n|\n|t:|1697743651\n|switch|p1a: Mew|Mew|100\/100|[from] Baton Pass\n|move|p2a: Garganacl|Body Press|p1a: Mew\n|-resisted|p1a: Mew\n|-damage|p1a: Mew|93\/100\n|\n|-heal|p1a: Mew|99\/100|[from] item: Leftovers\n|upkeep\n|turn|13\n|inactive|T8745f has 120 seconds left.\n|\n|t:|1697743662\n|move|p1a: Mew|Substitute|p1a: Mew\n|-start|p1a: Mew|Substitute\n|-damage|p1a: Mew|74\/100\n|move|p2a: Garganacl|Salt Cure|p1a: Mew\n|-activate|p1a: Mew|move: Substitute|[damage]\n|\n|-heal|p1a: Mew|80\/100|[from] item: Leftovers\n|upkeep\n|turn|14\n|inactive|T8745f has 120 seconds left.\n|\n|t:|1697743672\n|move|p1a: Mew|Drain Punch|p2a: Garganacl\n|-supereffective|p2a: Garganacl\n|-damage|p2a: Garganacl|92\/100\n|-heal|p1a: Mew|85\/100|[from] drain|[of] p2a: Garganacl\n|move|p2a: Garganacl|Salt Cure|p1a: Mew\n|-activate|p1a: Mew|move: Substitute|[damage]\n|\n|-heal|p1a: Mew|91\/100|[from] item: Leftovers\n|upkeep\n|turn|15\n|inactive|T8745f has 120 seconds left.\n|\n|t:|1697743683\n|move|p1a: Mew|Baton Pass|p1a: Mew\n|inactive|T8745f has 120 seconds left.\n|\n|t:|1697743689\n|switch|p1a: Espathra|Espathra, F, shiny, tera:Electric|52\/100|[from] Baton Pass\n|move|p2a: Garganacl|Body Press|p1a: Espathra\n|-activate|p1a: Espathra|move: Substitute|[damage]\n|\n|-heal|p1a: Espathra|58\/100|[from] item: Leftovers\n|upkeep\n|turn|16\n|\n|t:|1697743700\n|switch|p2a: Kingambit|Kingambit, M, shiny|100\/100\n|move|p1a: Espathra|Calm Mind|p1a: Espathra\n|-boost|p1a: Espathra|spa|1\n|-boost|p1a: Espathra|spd|1\n|\n|-heal|p1a: Espathra|64\/100|[from] item: Leftovers\n|-ability|p1a: Espathra|Speed Boost|boost\n|-boost|p1a: Espathra|spe|1\n|upkeep\n|turn|17\n|\n|t:|1697743713\n|move|p1a: Espathra|Roost|p1a: Espathra\n|-heal|p1a: Espathra|100\/100\n|move|p2a: Kingambit|Kowtow Cleave|p1a: Espathra\n|-end|p1a: Espathra|Substitute\n|\n|-ability|p1a: Espathra|Speed Boost|boost\n|-boost|p1a: Espathra|spe|1\n|upkeep\n|turn|18\n|\n|t:|1697743723\n|move|p1a: Espathra|Baton Pass|p1a: Espathra\n|\n|t:|1697743732\n|switch|p1a: Pawmot|Pawmot, M|100\/100|[from] Baton Pass\n|move|p2a: Kingambit|Guillotine|p1a: Pawmot\n|-damage|p1a: Pawmot|0 fnt\n|faint|p1a: Pawmot\n|-ohko\n|\n|upkeep\n|inactive|T8745f has 120 seconds left.\n|-message|T8745f forfeited.\n|\n|win|Yurabeach\n|raw|T8745f's rating: 1173 &rarr; <strong>1144<\/strong><br \/>(-29 for losing)\n|raw|Yurabeach's rating: 1115 &rarr; <strong>1144<\/strong><br \/>(+29 for winning)\n|l|\u2606T8745f\n","uploadtime":1697743765,"views":5,"p1id":"t8745f","p2id":"yurabeach","formatid":"gen9anythinggoes","rating":1144,"private":0,"password":""}