{"id":"gen9anythinggoes-1990308119","p1":"didmak","p2":"Ferret i guess","format":"[Gen 9] Anything Goes","log":"|j|\u2606didmak\n|j|\u2606Ferret i guess\n|t:|1699954401\n|gametype|singles\n|player|p1|didmak|1|1084\n|player|p2|Ferret i guess|psychicf|1160\n|teamsize|p1|6\n|teamsize|p2|6\n|gen|9\n|tier|[Gen 9] Anything Goes\n|rated|\n|rule|HP Percentage Mod: HP is shown in percentages\n|rule|Endless Battle Clause: Forcing endless battles is banned\n|clearpoke\n|poke|p1|Arceus-Poison|\n|poke|p1|Arceus-Ground|\n|poke|p1|Arceus-Fighting|\n|poke|p1|Arceus-Psychic|\n|poke|p1|Arceus-Steel|\n|poke|p1|Arceus-Flying|\n|poke|p2|Zorua-Hisui, F|\n|poke|p2|Meowscarada, M|\n|poke|p2|Eternatus|\n|poke|p2|Kyogre|\n|poke|p2|Calyrex-Shadow|\n|poke|p2|Arceus-Fighting|\n|teampreview\n|c|\u2606Ferret i guess|nice horses\n|\n|t:|1699954425\n|start\n|switch|p1a: Arceus|Arceus-Fighting|100\/100\n|switch|p2a: The horse|Arceus-Fighting|100\/100\n|turn|1\n|\n|t:|1699954437\n|-terastallize|p1a: Arceus|Fighting\n|move|p1a: Arceus|Judgment|p2a: The horse\n|-immune|p2a: The horse\n|move|p2a: The horse|Scratch|p1a: Arceus\n|-damage|p1a: Arceus|94\/100\n|\n|upkeep\n|turn|2\n|\n|t:|1699954445\n|move|p1a: Arceus|Shadow Ball|p2a: The horse\n|-immune|p2a: The horse\n|move|p2a: The horse|Scratch|p1a: Arceus\n|-damage|p1a: Arceus|89\/100\n|\n|upkeep\n|turn|3\n|\n|t:|1699954454\n|switch|p1a: Arceus|Arceus-Steel|100\/100\n|move|p2a: The horse|Scratch|p1a: Arceus\n|-resisted|p1a: Arceus\n|-damage|p1a: Arceus|98\/100\n|\n|upkeep\n|turn|4\n|\n|t:|1699954460\n|move|p1a: Arceus|Iron Head|p2a: The horse\n|-damage|p2a: The horse|0 fnt\n|replace|p2a: Kyogre|Zorua-Hisui, F\n|-end|p2a: Kyogre|Illusion\n|faint|p2a: Kyogre\n|\n|upkeep\n|\n|t:|1699954467\n|switch|p2a: The horse|Arceus-Fighting|100\/100\n|turn|5\n|\n|t:|1699954472\n|move|p1a: Arceus|Swords Dance|p1a: Arceus\n|-boost|p1a: Arceus|atk|2\n|move|p2a: The horse|Aura Sphere|p1a: Arceus\n|-supereffective|p1a: Arceus\n|-damage|p1a: Arceus|25\/100\n|\n|upkeep\n|turn|6\n|\n|t:|1699954479\n|move|p1a: Arceus|Iron Head|p2a: The horse\n|-damage|p2a: The horse|41\/100\n|move|p2a: The horse|Aura Sphere|p1a: Arceus\n|-supereffective|p1a: Arceus\n|-damage|p1a: Arceus|0 fnt\n|faint|p1a: Arceus\n|\n|upkeep\n|\n|t:|1699954488\n|switch|p1a: Arceus|Arceus-Ground|100\/100\n|turn|7\n|\n|t:|1699954493\n|switch|p2a: Groudon|Kyogre|100\/100\n|-weather|RainDance|[from] ability: Drizzle|[of] p2a: Groudon\n|move|p1a: Arceus|Draco Meteor|p2a: Groudon\n|-damage|p2a: Groudon|78\/100\n|-unboost|p1a: Arceus|spa|2\n|\n|-weather|RainDance|[upkeep]\n|upkeep\n|turn|8\n|\n|t:|1699954505\n|switch|p1a: Arceus|Arceus-Flying|100\/100\n|move|p2a: Groudon|Calm Mind|p2a: Groudon\n|-boost|p2a: Groudon|spa|1\n|-boost|p2a: Groudon|spd|1\n|\n|-weather|RainDance|[upkeep]\n|upkeep\n|turn|9\n|\n|t:|1699954512\n|move|p1a: Arceus|Judgment|p2a: Groudon\n|-crit|p2a: Groudon\n|-damage|p2a: Groudon|32\/100\n|move|p2a: Groudon|Thunder|p1a: Arceus\n|-supereffective|p1a: Arceus\n|-damage|p1a: Arceus|12\/100\n|\n|-weather|RainDance|[upkeep]\n|upkeep\n|turn|10\n|c|\u2606Ferret i guess|good crit\n|\n|t:|1699954528\n|switch|p1a: Arceus|Arceus-Ground|100\/100\n|move|p2a: Groudon|Thunder|p1a: Arceus\n|-immune|p1a: Arceus\n|\n|-weather|RainDance|[upkeep]\n|upkeep\n|turn|11\n|\n|t:|1699954538\n|move|p1a: Arceus|Draco Meteor|p2a: Groudon\n|-damage|p2a: Groudon|17\/100\n|-unboost|p1a: Arceus|spa|2\n|-enditem|p2a: Groudon|Iapapa Berry|[eat]\n|-heal|p2a: Groudon|50\/100|[from] item: Iapapa Berry\n|move|p2a: Groudon|Water Spout|p1a: Arceus\n|-supereffective|p1a: Arceus\n|-damage|p1a: Arceus|0 fnt\n|faint|p1a: Arceus\n|\n|-weather|none\n|upkeep\n|\n|t:|1699954543\n|switch|p1a: Arceus|Arceus-Fighting, tera:Fighting|89\/100\n|turn|12\n|\n|t:|1699954552\n|move|p1a: Arceus|Judgment|p2a: Groudon\n|-damage|p2a: Groudon|21\/100\n|move|p2a: Groudon|Rest|p2a: Groudon\n|-status|p2a: Groudon|slp|[from] move: Rest\n|-heal|p2a: Groudon|100\/100 slp|[silent]\n|\n|upkeep\n|turn|13\n|\n|t:|1699954565\n|switch|p2a: Howd you get here|Calyrex-Shadow|100\/100\n|-ability|p2a: Howd you get here|As One\n|-ability|p2a: Howd you get here|Unnerve\n|move|p1a: Arceus|Judgment|p2a: Howd you get here\n|-immune|p2a: Howd you get here\n|\n|upkeep\n|turn|14\n|\n|t:|1699954581\n|move|p2a: Howd you get here|Reflect|p2a: Howd you get here\n|-sidestart|p2: Ferret i guess|Reflect\n|move|p1a: Arceus|Shadow Ball|p2a: Howd you get here\n|-supereffective|p2a: Howd you get here\n|-damage|p2a: Howd you get here|24\/100\n|\n|-heal|p2a: Howd you get here|30\/100|[from] item: Leftovers\n|upkeep\n|turn|15\n|\n|t:|1699954589\n|move|p2a: Howd you get here|Light Screen|p2a: Howd you get here\n|-sidestart|p2: Ferret i guess|move: Light Screen\n|move|p1a: Arceus|Judgment|p2a: Howd you get here\n|-immune|p2a: Howd you get here\n|\n|-heal|p2a: Howd you get here|37\/100|[from] item: Leftovers\n|upkeep\n|turn|16\n|\n|t:|1699954596\n|move|p2a: Howd you get here|Calm Mind|p2a: Howd you get here\n|-boost|p2a: Howd you get here|spa|1\n|-boost|p2a: Howd you get here|spd|1\n|move|p1a: Arceus|Calm Mind|p1a: Arceus\n|-boost|p1a: Arceus|spa|1\n|-boost|p1a: Arceus|spd|1\n|\n|-heal|p2a: Howd you get here|43\/100|[from] item: Leftovers\n|upkeep\n|turn|17\n|\n|t:|1699954608\n|move|p2a: Howd you get here|Baton Pass|p2a: Howd you get here\n|\n|t:|1699954626\n|switch|p2a: Cataris|Meowscarada, M|100\/100|[from] Baton Pass\n|move|p1a: Arceus|Shadow Ball|p2a: Cataris\n|-resisted|p2a: Cataris\n|-damage|p2a: Cataris|92\/100\n|\n|upkeep\n|turn|18\n|\n|t:|1699954636\n|move|p2a: Cataris|Play Rough|p1a: Arceus\n|-start|p2a: Cataris|typechange|Fairy|[from] ability: Protean\n|-supereffective|p1a: Arceus\n|-damage|p1a: Arceus|7\/100\n|move|p1a: Arceus|Judgment|p2a: Cataris\n|-resisted|p2a: Cataris\n|-damage|p2a: Cataris|67\/100\n|\n|-sideend|p2: Ferret i guess|Reflect\n|upkeep\n|turn|19\n|\n|t:|1699954646\n|move|p2a: Cataris|Play Rough|p1a: Arceus\n|-supereffective|p1a: Arceus\n|-damage|p1a: Arceus|0 fnt\n|faint|p1a: Arceus\n|\n|-sideend|p2: Ferret i guess|move: Light Screen\n|upkeep\n|\n|t:|1699954650\n|switch|p1a: Arceus|Arceus-Psychic|100\/100\n|turn|20\n|\n|t:|1699954656\n|move|p2a: Cataris|Play Rough|p1a: Arceus|[miss]\n|-miss|p2a: Cataris|p1a: Arceus\n|move|p1a: Arceus|Will-O-Wisp|p2a: Cataris\n|-status|p2a: Cataris|brn\n|\n|-damage|p2a: Cataris|61\/100 brn|[from] brn\n|upkeep\n|turn|21\n|\n|t:|1699954664\n|move|p2a: Cataris|Play Rough|p1a: Arceus\n|-damage|p1a: Arceus|79\/100\n|move|p1a: Arceus|Judgment|p2a: Cataris\n|-damage|p2a: Cataris|9\/100 brn\n|\n|-damage|p2a: Cataris|3\/100 brn|[from] brn\n|upkeep\n|turn|22\n|\n|t:|1699954673\n|move|p2a: Cataris|Play Rough|p1a: Arceus\n|-damage|p1a: Arceus|56\/100\n|move|p1a: Arceus|Ice Beam|p2a: Cataris\n|-damage|p2a: Cataris|0 fnt\n|faint|p2a: Cataris\n|\n|upkeep\n|\n|t:|1699954683\n|switch|p2a: Howd you get here|Calyrex-Shadow|43\/100\n|-ability|p2a: Howd you get here|As One\n|-ability|p2a: Howd you get here|Unnerve\n|turn|23\n|\n|t:|1699954696\n|move|p2a: Howd you get here|Light Screen|p2a: Howd you get here\n|-sidestart|p2: Ferret i guess|move: Light Screen\n|move|p1a: Arceus|Recover|p1a: Arceus\n|-heal|p1a: Arceus|100\/100\n|\n|-heal|p2a: Howd you get here|49\/100|[from] item: Leftovers\n|upkeep\n|turn|24\n|\n|t:|1699954702\n|move|p2a: Howd you get here|Reflect|p2a: Howd you get here\n|-sidestart|p2: Ferret i guess|Reflect\n|move|p1a: Arceus|Judgment|p2a: Howd you get here\n|-resisted|p2a: Howd you get here\n|-damage|p2a: Howd you get here|39\/100\n|\n|-heal|p2a: Howd you get here|45\/100|[from] item: Leftovers\n|upkeep\n|turn|25\n|\n|t:|1699954709\n|move|p2a: Howd you get here|Calm Mind|p2a: Howd you get here\n|-boost|p2a: Howd you get here|spa|1\n|-boost|p2a: Howd you get here|spd|1\n|move|p1a: Arceus|Judgment|p2a: Howd you get here\n|-resisted|p2a: Howd you get here\n|-damage|p2a: Howd you get here|39\/100\n|\n|-heal|p2a: Howd you get here|45\/100|[from] item: Leftovers\n|upkeep\n|turn|26\n|\n|t:|1699954717\n|move|p2a: Howd you get here|Calm Mind|p2a: Howd you get here\n|-boost|p2a: Howd you get here|spa|1\n|-boost|p2a: Howd you get here|spd|1\n|move|p1a: Arceus|Will-O-Wisp|p2a: Howd you get here\n|-status|p2a: Howd you get here|brn\n|\n|-heal|p2a: Howd you get here|51\/100 brn|[from] item: Leftovers\n|-damage|p2a: Howd you get here|45\/100 brn|[from] brn\n|upkeep\n|turn|27\n|\n|t:|1699954725\n|move|p2a: Howd you get here|Calm Mind|p2a: Howd you get here\n|-boost|p2a: Howd you get here|spa|1\n|-boost|p2a: Howd you get here|spd|1\n|move|p1a: Arceus|Judgment|p2a: Howd you get here\n|-resisted|p2a: Howd you get here\n|-damage|p2a: Howd you get here|41\/100 brn\n|\n|-heal|p2a: Howd you get here|47\/100 brn|[from] item: Leftovers\n|-damage|p2a: Howd you get here|41\/100 brn|[from] brn\n|-sideend|p2: Ferret i guess|move: Light Screen\n|upkeep\n|turn|28\n|\n|t:|1699954735\n|move|p2a: Howd you get here|Calm Mind|p2a: Howd you get here\n|-boost|p2a: Howd you get here|spa|1\n|-boost|p2a: Howd you get here|spd|1\n|move|p1a: Arceus|Will-O-Wisp|p2a: Howd you get here\n|-fail|p2a: Howd you get here|brn\n|\n|-heal|p2a: Howd you get here|47\/100 brn|[from] item: Leftovers\n|-damage|p2a: Howd you get here|41\/100 brn|[from] brn\n|-sideend|p2: Ferret i guess|Reflect\n|upkeep\n|turn|29\n|\n|t:|1699954744\n|move|p2a: Howd you get here|Calm Mind|p2a: Howd you get here\n|-boost|p2a: Howd you get here|spa|1\n|-boost|p2a: Howd you get here|spd|1\n|move|p1a: Arceus|Recover||[still]\n|-fail|p1a: Arceus|heal\n|\n|-heal|p2a: Howd you get here|47\/100 brn|[from] item: Leftovers\n|-damage|p2a: Howd you get here|41\/100 brn|[from] brn\n|upkeep\n|turn|30\n|\n|t:|1699954752\n|move|p2a: Howd you get here|Calm Mind|p2a: Howd you get here\n|-boost|p2a: Howd you get here|spa|1\n|-boost|p2a: Howd you get here|spd|1\n|move|p1a: Arceus|Will-O-Wisp|p2a: Howd you get here\n|-fail|p2a: Howd you get here|brn\n|\n|-heal|p2a: Howd you get here|47\/100 brn|[from] item: Leftovers\n|-damage|p2a: Howd you get here|41\/100 brn|[from] brn\n|upkeep\n|turn|31\n|\n|t:|1699954760\n|move|p2a: Howd you get here|Light Screen|p2a: Howd you get here\n|-sidestart|p2: Ferret i guess|move: Light Screen\n|move|p1a: Arceus|Ice Beam|p2a: Howd you get here\n|-damage|p2a: Howd you get here|38\/100 brn\n|\n|-heal|p2a: Howd you get here|44\/100 brn|[from] item: Leftovers\n|-damage|p2a: Howd you get here|38\/100 brn|[from] brn\n|upkeep\n|turn|32\n|\n|t:|1699954768\n|switch|p1a: Arceus|Arceus-Poison|100\/100\n|move|p2a: Howd you get here|Reflect|p2a: Howd you get here\n|-sidestart|p2: Ferret i guess|Reflect\n|\n|-heal|p2a: Howd you get here|44\/100 brn|[from] item: Leftovers\n|-damage|p2a: Howd you get here|38\/100 brn|[from] brn\n|upkeep\n|turn|33\n|\n|t:|1699954776\n|move|p2a: Howd you get here|Baton Pass|p2a: Howd you get here\n|\n|t:|1699954779\n|switch|p2a: The dog|Eternatus|100\/100|[from] Baton Pass\n|-ability|p2a: The dog|Pressure\n|move|p1a: Arceus|Sludge Bomb|p2a: The dog\n|-resisted|p2a: The dog\n|-damage|p2a: The dog|98\/100\n|\n|-heal|p2a: The dog|100\/100|[from] item: Leftovers\n|upkeep\n|turn|34\n|\n|t:|1699954790\n|move|p2a: The dog|Dynamax Cannon|p1a: Arceus\n|-damage|p1a: Arceus|0 fnt\n|faint|p1a: Arceus\n|\n|upkeep\n|-message|didmak forfeited.\n|\n|win|Ferret i guess\n|raw|didmak's rating: 1084 &rarr; <strong>1066<\/strong><br \/>(-18 for losing)\n|raw|Ferret i guess's rating: 1160 &rarr; <strong>1180<\/strong><br \/>(+20 for winning)\n|l|\u2606didmak\n","uploadtime":1699954886,"views":12,"p1id":"didmak","p2id":"ferretiguess","formatid":"gen9anythinggoes","rating":1066,"private":0,"password":""}