{"id":"gen9anythinggoes-1981768353","p1":"Scythe110","p2":"Manbench","format":"[Gen 9] Anything Goes","log":"|j|\u2606Scythe110\n|j|\u2606Manbench\n|t:|1698940163\n|gametype|singles\n|player|p1|Scythe110|266|1016\n|player|p2|Manbench|chuck|1104\n|teamsize|p1|6\n|teamsize|p2|6\n|gen|9\n|tier|[Gen 9] Anything Goes\n|rated|\n|rule|HP Percentage Mod: HP is shown in percentages\n|rule|Endless Battle Clause: Forcing endless battles is banned\n|clearpoke\n|poke|p1|Calyrex-Shadow|\n|poke|p1|Palkia|\n|poke|p1|Groudon|\n|poke|p1|Gengar, F|\n|poke|p1|Ditto|\n|poke|p1|Zacian-*|\n|poke|p2|Golem, M|\n|poke|p2|Arcanine-Hisui, M|\n|poke|p2|Klawf, F|\n|poke|p2|Iron Thorns|\n|poke|p2|Kleavor, F|\n|poke|p2|Lycanroc, M|\n|teampreview\n|\n|t:|1698940181\n|start\n|switch|p1a: Groudon|Groudon|100\/100\n|switch|p2a: Smash-Hound|Arcanine-Hisui, M|100\/100\n|-weather|SunnyDay|[from] ability: Drought|[of] p1a: Groudon\n|turn|1\n|inactive|Battle timer is ON: inactive players will automatically lose when time's up. (requested by Scythe110)\n|\n|t:|1698940193\n|switch|p2a: Blue Ball|Golem, M|100\/100\n|move|p1a: Groudon|Ancient Power|p2a: Blue Ball\n|-resisted|p2a: Blue Ball\n|-damage|p2a: Blue Ball|86\/100\n|-damage|p1a: Groudon|91\/100|[from] item: Life Orb\n|\n|-weather|SunnyDay|[upkeep]\n|upkeep\n|turn|2\n|\n|t:|1698940203\n|move|p1a: Groudon|Ancient Power|p2a: Blue Ball\n|-resisted|p2a: Blue Ball\n|-damage|p2a: Blue Ball|72\/100\n|-damage|p1a: Groudon|81\/100|[from] item: Life Orb\n|move|p2a: Blue Ball|Earthquake|p1a: Groudon\n|-damage|p1a: Groudon|42\/100\n|\n|-weather|SunnyDay|[upkeep]\n|upkeep\n|turn|3\n|\n|t:|1698940213\n|move|p1a: Groudon|Earthquake|p2a: Blue Ball\n|-supereffective|p2a: Blue Ball\n|-damage|p2a: Blue Ball|0 fnt\n|faint|p2a: Blue Ball\n|-damage|p1a: Groudon|32\/100|[from] item: Life Orb\n|\n|-weather|SunnyDay|[upkeep]\n|upkeep\n|\n|t:|1698940226\n|switch|p2a: Broken Move|Kleavor, F|100\/100\n|turn|4\n|\n|t:|1698940230\n|move|p2a: Broken Move|Stone Axe|p1a: Groudon\n|-resisted|p1a: Groudon\n|-damage|p1a: Groudon|12\/100\n|-sidestart|p1: Scythe110|move: Stealth Rock\n|move|p1a: Groudon|Ancient Power|p2a: Broken Move\n|-supereffective|p2a: Broken Move\n|-damage|p2a: Broken Move|40\/100\n|-damage|p1a: Groudon|2\/100|[from] item: Life Orb\n|\n|-weather|SunnyDay|[upkeep]\n|upkeep\n|turn|5\n|\n|t:|1698940240\n|move|p2a: Broken Move|Stone Axe|p1a: Groudon|[miss]\n|-miss|p2a: Broken Move|p1a: Groudon\n|move|p1a: Groudon|Body Slam|p2a: Broken Move\n|-resisted|p2a: Broken Move\n|-damage|p2a: Broken Move|14\/100\n|-damage|p1a: Groudon|0 fnt|[from] item: Life Orb\n|faint|p1a: Groudon\n|\n|-weather|none\n|upkeep\n|\n|t:|1698940254\n|switch|p1a: Ditto|Ditto|100\/100\n|-damage|p1a: Ditto|88\/100|[from] Stealth Rock\n|-transform|p1a: Ditto|p2a: Broken Move|[from] ability: Imposter\n|turn|6\n|\n|t:|1698940262\n|move|p2a: Broken Move|Stone Axe|p1a: Ditto\n|-supereffective|p1a: Ditto\n|-damage|p1a: Ditto|0 fnt\n|faint|p1a: Ditto\n|\n|upkeep\n|\n|t:|1698940271\n|switch|p1a: Zacian|Zacian|100\/100\n|-damage|p1a: Zacian|88\/100|[from] Stealth Rock\n|-ability|p1a: Zacian|Intrepid Sword|boost\n|-boost|p1a: Zacian|atk|1\n|turn|7\n|\n|t:|1698940286\n|move|p2a: Broken Move|Stone Axe|p1a: Zacian\n|-damage|p1a: Zacian|33\/100\n|move|p1a: Zacian|Poison Jab|p2a: Broken Move\n|-resisted|p2a: Broken Move\n|-damage|p2a: Broken Move|0 fnt\n|faint|p2a: Broken Move\n|-damage|p1a: Zacian|24\/100|[from] item: Life Orb\n|\n|upkeep\n|\n|t:|1698940304\n|switch|p2a: Crab|Klawf, F|100\/100\n|turn|8\n|\n|t:|1698940312\n|-terastallize|p1a: Zacian|Fairy\n|move|p1a: Zacian|Poison Jab|p2a: Crab\n|-resisted|p2a: Crab\n|-damage|p2a: Crab|69\/100\n|-damage|p1a: Zacian|14\/100|[from] item: Life Orb\n|move|p2a: Crab|High Horsepower|p1a: Zacian\n|-damage|p1a: Zacian|0 fnt\n|faint|p1a: Zacian\n|\n|upkeep\n|\n|t:|1698940325\n|switch|p1a: Gengar|Gengar, F|100\/100\n|-damage|p1a: Gengar|88\/100|[from] Stealth Rock\n|turn|9\n|\n|t:|1698940332\n|-terastallize|p2a: Crab|Fairy\n|move|p1a: Gengar|Focus Blast|p2a: Crab|[miss]\n|-miss|p1a: Gengar|p2a: Crab\n|move|p2a: Crab|High Horsepower|p1a: Gengar\n|-supereffective|p1a: Gengar\n|-damage|p1a: Gengar|0 fnt\n|faint|p1a: Gengar\n|\n|upkeep\n|\n|t:|1698940344\n|switch|p1a: Calyrex|Calyrex-Shadow|100\/100\n|-ability|p1a: Calyrex|As One\n|-ability|p1a: Calyrex|Unnerve\n|-damage|p1a: Calyrex|88\/100|[from] Stealth Rock\n|turn|10\n|\n|t:|1698940354\n|move|p1a: Calyrex|Giga Drain|p2a: Crab\n|-damage|p2a: Crab|0 fnt\n|-heal|p1a: Calyrex|100\/100|[from] drain|[of] p2a: Crab\n|faint|p2a: Crab\n|-ability|p1a: Calyrex|Grim Neigh|boost\n|-boost|p1a: Calyrex|spa|1\n|\n|upkeep\n|\n|t:|1698940364\n|switch|p2a: Dog|Lycanroc, M|100\/100\n|turn|11\n|\n|t:|1698940372\n|move|p2a: Dog|Sucker Punch||[still]\n|-fail|p2a: Dog\n|move|p1a: Calyrex|Calm Mind|p1a: Calyrex\n|-boost|p1a: Calyrex|spa|1\n|-boost|p1a: Calyrex|spd|1\n|\n|upkeep\n|turn|12\n|\n|t:|1698940380\n|move|p2a: Dog|Sucker Punch|p1a: Calyrex\n|-supereffective|p1a: Calyrex\n|-damage|p1a: Calyrex|0 fnt\n|faint|p1a: Calyrex\n|-damage|p2a: Dog|91\/100|[from] item: Life Orb\n|\n|upkeep\n|\n|t:|1698940386\n|switch|p1a: Palkia|Palkia|100\/100\n|-damage|p1a: Palkia|88\/100|[from] Stealth Rock\n|-ability|p1a: Palkia|Pressure\n|turn|13\n|\n|t:|1698940395\n|move|p2a: Dog|Stone Edge|p1a: Palkia|[miss]\n|-miss|p2a: Dog|p1a: Palkia\n|move|p1a: Palkia|Draco Meteor|p2a: Dog\n|-damage|p2a: Dog|0 fnt\n|-unboost|p1a: Palkia|spa|2\n|faint|p2a: Dog\n|\n|upkeep\n|\n|t:|1698940403\n|switch|p2a: Smash-Hound|Arcanine-Hisui, M|100\/100\n|turn|14\n|\n|t:|1698940407\n|move|p2a: Smash-Hound|Head Smash|p1a: Palkia\n|-damage|p1a: Palkia|0 fnt\n|faint|p1a: Palkia\n|\n|win|Manbench\n|raw|Scythe110's rating: 1016 &rarr; <strong>1007<\/strong><br \/>(-9 for losing)\n|raw|Manbench's rating: 1104 &rarr; <strong>1123<\/strong><br \/>(+19 for winning)\n","uploadtime":1698940417,"views":7,"p1id":"scythe110","p2id":"manbench","formatid":"gen9anythinggoes","rating":1007,"private":0,"password":""}