{"id":"gen9anythinggoes-1988349840","p1":"El Rey Primo","p2":"TietAsnee","format":"[Gen 9] Anything Goes","log":"|j|\u2606El Rey Primo\n|j|\u2606TietAsnee\n|t:|1699712372\n|gametype|singles\n|player|p1|El Rey Primo|juan|\n|player|p2|TietAsnee|skyla|\n|teamsize|p1|6\n|teamsize|p2|6\n|gen|9\n|tier|[Gen 9] Anything Goes\n|rule|HP Percentage Mod: HP is shown in percentages\n|rule|Endless Battle Clause: Forcing endless battles is banned\n|clearpoke\n|poke|p1|Rillaboom, F|\n|poke|p1|Drifblim, F|\n|poke|p1|Roaring Moon|\n|poke|p1|Ribombee, F|\n|poke|p1|Sandy Shocks|\n|poke|p1|Quaxwell, F|\n|poke|p2|Clefable, M|\n|poke|p2|Heatran, F|\n|poke|p2|Garchomp, M|\n|poke|p2|Amoonguss, M|\n|poke|p2|Manaphy|\n|poke|p2|Scizor, F|\n|teampreview\n|j| Sportaflops\n|\n|t:|1699712434\n|start\n|switch|p1a: RibomBUSSY|Ribombee, F|100\/100\n|switch|p2a: Heatran|Heatran, F|100\/100\n|turn|1\n|\n|t:|1699712474\n|switch|p1a: Roaring GOON|Roaring Moon|100\/100\n|move|p2a: Heatran|Will-O-Wisp|p1a: Roaring GOON\n|-status|p1a: Roaring GOON|brn\n|\n|-damage|p1a: Roaring GOON|95\/100 brn|[from] brn\n|upkeep\n|turn|2\n|\n|t:|1699712491\n|switch|p2a: Clefable|Clefable, M|100\/100\n|move|p1a: Roaring GOON|Knock Off|p2a: Clefable\n|-resisted|p2a: Clefable\n|-damage|p2a: Clefable|77\/100\n|-enditem|p2a: Clefable|Life Orb|[from] move: Knock Off|[of] p1a: Roaring GOON\n|\n|-damage|p1a: Roaring GOON|89\/100 brn|[from] brn\n|upkeep\n|turn|3\n|\n|t:|1699712518\n|-end|p1a: Roaring GOON|Protosynthesis|[silent]\n|switch|p1a: GYATTwell|Quaxwell, F|100\/100\n|move|p2a: Clefable|Moonblast|p1a: GYATTwell\n|-damage|p1a: GYATTwell|70\/100\n|\n|upkeep\n|turn|4\n|\n|t:|1699712548\n|move|p1a: GYATTwell|Roost|p1a: GYATTwell\n|-heal|p1a: GYATTwell|100\/100\n|-singleturn|p1a: GYATTwell|move: Roost\n|move|p2a: Clefable|Thunder Wave|p1a: GYATTwell\n|-status|p1a: GYATTwell|par\n|\n|upkeep\n|turn|5\n|\n|t:|1699712565\n|switch|p2a: Amoonguss|Amoonguss, M|100\/100\n|move|p1a: GYATTwell|Flip Turn|p2a: Amoonguss\n|-resisted|p2a: Amoonguss\n|-damage|p2a: Amoonguss|94\/100\n|\n|t:|1699712610\n|switch|p1a: Roaring GOON|Roaring Moon|89\/100 brn|[from] Flip Turn\n|\n|-damage|p1a: Roaring GOON|83\/100 brn|[from] brn\n|upkeep\n|turn|6\n|\n|t:|1699712640\n|move|p1a: Roaring GOON|U-turn|p2a: Amoonguss\n|-damage|p2a: Amoonguss|81\/100\n|\n|t:|1699712644\n|-end|p1a: Roaring GOON|Protosynthesis|[silent]\n|switch|p1a: SKIBIDI Shocks|Sandy Shocks|100\/100|[from] U-turn\n|-item|p1a: SKIBIDI Shocks|Air Balloon\n|move|p2a: Amoonguss|Giga Drain|p1a: SKIBIDI Shocks\n|-supereffective|p1a: SKIBIDI Shocks\n|-damage|p1a: SKIBIDI Shocks|56\/100\n|-heal|p2a: Amoonguss|99\/100|[from] drain|[of] p1a: SKIBIDI Shocks\n|-enditem|p1a: SKIBIDI Shocks|Air Balloon\n|\n|upkeep\n|turn|7\n|\n|t:|1699712686\n|move|p1a: SKIBIDI Shocks|Spikes|p2a: Amoonguss\n|-sidestart|p2: TietAsnee|Spikes\n|move|p2a: Amoonguss|Foul Play|p1a: SKIBIDI Shocks\n|-damage|p1a: SKIBIDI Shocks|42\/100\n|\n|upkeep\n|turn|8\n|\n|t:|1699712694\n|move|p1a: SKIBIDI Shocks|Volt Switch|p2a: Amoonguss\n|-resisted|p2a: Amoonguss\n|-damage|p2a: Amoonguss|84\/100\n|\n|t:|1699712697\n|-end|p1a: SKIBIDI Shocks|Protosynthesis|[silent]\n|switch|p1a: RIZZaboom|Rillaboom, F|100\/100|[from] Volt Switch\n|-fieldstart|move: Grassy Terrain|[from] ability: Grassy Surge|[of] p1a: RIZZaboom\n|-enditem|p1a: RIZZaboom|Grassy Seed\n|-boost|p1a: RIZZaboom|def|1|[from] item: Grassy Seed\n|move|p2a: Amoonguss|Giga Drain|p1a: RIZZaboom\n|-resisted|p1a: RIZZaboom\n|-damage|p1a: RIZZaboom|79\/100\n|-heal|p2a: Amoonguss|92\/100|[from] drain|[of] p1a: RIZZaboom\n|\n|-heal|p1a: RIZZaboom|86\/100|[from] Grassy Terrain\n|-heal|p2a: Amoonguss|98\/100|[from] Grassy Terrain\n|upkeep\n|turn|9\n|\n|t:|1699712714\n|move|p1a: RIZZaboom|Acrobatics|p2a: Amoonguss\n|-supereffective|p2a: Amoonguss\n|-damage|p2a: Amoonguss|44\/100\n|move|p2a: Amoonguss|Foul Play|p1a: RIZZaboom\n|-damage|p1a: RIZZaboom|61\/100\n|\n|-heal|p1a: RIZZaboom|67\/100|[from] Grassy Terrain\n|-heal|p2a: Amoonguss|50\/100|[from] Grassy Terrain\n|upkeep\n|turn|10\n|\n|t:|1699712744\n|switch|p2a: Heatran|Heatran, F|100\/100\n|-damage|p2a: Heatran|88\/100|[from] Spikes\n|move|p1a: RIZZaboom|Swords Dance|p1a: RIZZaboom\n|-boost|p1a: RIZZaboom|atk|2\n|\n|-heal|p1a: RIZZaboom|73\/100|[from] Grassy Terrain\n|-heal|p2a: Heatran|94\/100|[from] Grassy Terrain\n|-heal|p2a: Heatran|100\/100|[from] item: Leftovers\n|upkeep\n|turn|11\n|\n|t:|1699712787\n|move|p1a: RIZZaboom|Drain Punch|p2a: Heatran\n|-supereffective|p2a: Heatran\n|-damage|p2a: Heatran|22\/100\n|-heal|p1a: RIZZaboom|100\/100|[from] drain|[of] p2a: Heatran\n|move|p2a: Heatran|Will-O-Wisp|p1a: RIZZaboom\n|-status|p1a: RIZZaboom|brn\n|\n|-heal|p2a: Heatran|28\/100|[from] Grassy Terrain\n|-heal|p2a: Heatran|35\/100|[from] item: Leftovers\n|-damage|p1a: RIZZaboom|94\/100 brn|[from] brn\n|upkeep\n|turn|12\n|\n|t:|1699712799\n|move|p1a: RIZZaboom|Drain Punch|p2a: Heatran\n|-supereffective|p2a: Heatran\n|-damage|p2a: Heatran|0 fnt\n|-heal|p1a: RIZZaboom|100\/100 brn|[from] drain|[of] p2a: Heatran\n|faint|p2a: Heatran\n|\n|-damage|p1a: RIZZaboom|94\/100 brn|[from] brn\n|-fieldend|move: Grassy Terrain\n|upkeep\n|\n|t:|1699712813\n|switch|p2a: Scizor|Scizor, F|100\/100\n|turn|13\n|\n|t:|1699712877\n|move|p1a: RIZZaboom|Acrobatics|p2a: Scizor\n|-damage|p2a: Scizor|63\/100\n|move|p2a: Scizor|U-turn|p1a: RIZZaboom\n|-supereffective|p1a: RIZZaboom\n|-damage|p1a: RIZZaboom|32\/100 brn\n|\n|t:|1699712883\n|switch|p2a: Amoonguss|Amoonguss, M|84\/100|[from] U-turn\n|-damage|p2a: Amoonguss|71\/100|[from] Spikes\n|\n|-damage|p1a: RIZZaboom|26\/100 brn|[from] brn\n|upkeep\n|turn|14\n|\n|t:|1699712914\n|switch|p1a: Roaring GOON|Roaring Moon|83\/100 brn\n|move|p2a: Amoonguss|Sludge Bomb|p1a: Roaring GOON\n|-damage|p1a: Roaring GOON|57\/100 brn\n|\n|-damage|p1a: Roaring GOON|51\/100 brn|[from] brn\n|upkeep\n|turn|15\n|\n|t:|1699712957\n|move|p1a: Roaring GOON|U-turn|p2a: Amoonguss\n|-damage|p2a: Amoonguss|57\/100\n|\n|t:|1699712978\n|-end|p1a: Roaring GOON|Protosynthesis|[silent]\n|switch|p1a: RIZZaboom|Rillaboom, F|26\/100 brn|[from] U-turn\n|-fieldstart|move: Grassy Terrain|[from] ability: Grassy Surge|[of] p1a: RIZZaboom\n|move|p2a: Amoonguss|Giga Drain|p1a: RIZZaboom\n|-resisted|p1a: RIZZaboom\n|-damage|p1a: RIZZaboom|7\/100 brn\n|-heal|p2a: Amoonguss|65\/100|[from] drain|[of] p1a: RIZZaboom\n|\n|-heal|p1a: RIZZaboom|13\/100 brn|[from] Grassy Terrain\n|-heal|p2a: Amoonguss|71\/100|[from] Grassy Terrain\n|-damage|p1a: RIZZaboom|7\/100 brn|[from] brn\n|upkeep\n|turn|16\n|c|\u2606El Rey Primo|oujagbwuoirb vpowqig\n|\n|t:|1699713027\n|move|p1a: RIZZaboom|Acrobatics|p2a: Amoonguss\n|-supereffective|p2a: Amoonguss\n|-damage|p2a: Amoonguss|42\/100\n|move|p2a: Amoonguss|Giga Drain|p1a: RIZZaboom\n|-resisted|p1a: RIZZaboom\n|-damage|p1a: RIZZaboom|0 fnt\n|-heal|p2a: Amoonguss|45\/100|[from] drain|[of] p1a: RIZZaboom\n|faint|p1a: RIZZaboom\n|\n|-heal|p2a: Amoonguss|51\/100|[from] Grassy Terrain\n|upkeep\n|\n|t:|1699713030\n|switch|p1a: HIMblim|Drifblim, F|100\/100\n|-enditem|p1a: HIMblim|Grassy Seed\n|-boost|p1a: HIMblim|def|1|[from] item: Grassy Seed\n|turn|17\n|\n|t:|1699713059\n|move|p1a: HIMblim|Calm Mind|p1a: HIMblim\n|-boost|p1a: HIMblim|spa|1\n|-boost|p1a: HIMblim|spd|1\n|move|p2a: Amoonguss|Foul Play|p1a: HIMblim\n|-supereffective|p1a: HIMblim\n|-damage|p1a: HIMblim|72\/100\n|\n|-heal|p2a: Amoonguss|57\/100|[from] Grassy Terrain\n|upkeep\n|turn|18\n|\n|t:|1699713104\n|switch|p2a: Manaphy|Manaphy|100\/100\n|-damage|p2a: Manaphy|88\/100|[from] Spikes\n|move|p1a: HIMblim|Calm Mind|p1a: HIMblim\n|-boost|p1a: HIMblim|spa|1\n|-boost|p1a: HIMblim|spd|1\n|\n|-heal|p2a: Manaphy|94\/100|[from] Grassy Terrain\n|-heal|p2a: Manaphy|100\/100|[from] item: Leftovers\n|upkeep\n|turn|19\n|\n|t:|1699713130\n|move|p1a: HIMblim|Air Slash|p2a: Manaphy\n|-damage|p2a: Manaphy|42\/100\n|move|p2a: Manaphy|Scald|p1a: HIMblim\n|-damage|p1a: HIMblim|54\/100\n|\n|-heal|p2a: Manaphy|48\/100|[from] Grassy Terrain\n|-heal|p2a: Manaphy|54\/100|[from] item: Leftovers\n|-fieldend|move: Grassy Terrain\n|upkeep\n|turn|20\n|c|\u2606El Rey Primo|first i gyatt your brother\n|c|\u2606El Rey Primo|now i rizz you\n|c|\u2606El Rey Primo|skibidi my friend\n|j| Da1ba Nana\n|\n|t:|1699713257\n|move|p1a: HIMblim|Calm Mind|p1a: HIMblim\n|-boost|p1a: HIMblim|spa|1\n|-boost|p1a: HIMblim|spd|1\n|move|p2a: Manaphy|Scald|p1a: HIMblim\n|-crit|p1a: HIMblim\n|-damage|p1a: HIMblim|5\/100\n|-status|p1a: HIMblim|brn\n|\n|-heal|p2a: Manaphy|60\/100|[from] item: Leftovers\n|-damage|p1a: HIMblim|0 fnt|[from] brn\n|faint|p1a: HIMblim\n|upkeep\n|\n|t:|1699713287\n|switch|p1a: RibomBUSSY|Ribombee, F|100\/100\n|turn|21\n|\n|t:|1699713358\n|move|p1a: RibomBUSSY|Sticky Web|p2a: Manaphy\n|-sidestart|p2: TietAsnee|move: Sticky Web\n|move|p2a: Manaphy|Acid Armor|p2a: Manaphy\n|-boost|p2a: Manaphy|def|2\n|\n|-heal|p2a: Manaphy|67\/100|[from] item: Leftovers\n|upkeep\n|turn|22\n|\n|t:|1699713370\n|switch|p1a: GYATTwell|Quaxwell, F|100\/100 par\n|move|p2a: Manaphy|Take Heart|p2a: Manaphy\n|-boost|p2a: Manaphy|spa|1\n|-boost|p2a: Manaphy|spd|1\n|\n|-heal|p2a: Manaphy|73\/100|[from] item: Leftovers\n|upkeep\n|turn|23\n|\n|t:|1699713380\n|move|p2a: Manaphy|Stored Power|p1a: GYATTwell\n|-damage|p1a: GYATTwell|80\/100 par\n|cant|p1a: GYATTwell|par\n|\n|-heal|p2a: Manaphy|79\/100|[from] item: Leftovers\n|upkeep\n|turn|24\n|\n|t:|1699713417\n|move|p2a: Manaphy|Scald|p1a: GYATTwell\n|-resisted|p1a: GYATTwell\n|-damage|p1a: GYATTwell|66\/100 par\n|move|p1a: GYATTwell|Encore|p2a: Manaphy\n|-start|p2a: Manaphy|Encore\n|\n|-heal|p2a: Manaphy|85\/100|[from] item: Leftovers\n|upkeep\n|turn|25\n|\n|t:|1699713427\n|move|p2a: Manaphy|Scald|p1a: GYATTwell\n|-resisted|p1a: GYATTwell\n|-damage|p1a: GYATTwell|51\/100 par\n|cant|p1a: GYATTwell|par\n|\n|-heal|p2a: Manaphy|91\/100|[from] item: Leftovers\n|upkeep\n|turn|26\n|\n|t:|1699713434\n|move|p2a: Manaphy|Scald|p1a: GYATTwell\n|-resisted|p1a: GYATTwell\n|-damage|p1a: GYATTwell|37\/100 par\n|move|p1a: GYATTwell|Roost|p1a: GYATTwell\n|-heal|p1a: GYATTwell|87\/100 par\n|-singleturn|p1a: GYATTwell|move: Roost\n|\n|-heal|p2a: Manaphy|98\/100|[from] item: Leftovers\n|upkeep\n|turn|27\n|\n|t:|1699713456\n|move|p2a: Manaphy|Scald|p1a: GYATTwell\n|-resisted|p1a: GYATTwell\n|-damage|p1a: GYATTwell|73\/100 par\n|move|p1a: GYATTwell|Encore||[still]\n|-fail|p1a: GYATTwell\n|\n|-heal|p2a: Manaphy|100\/100|[from] item: Leftovers\n|-end|p2a: Manaphy|Encore\n|upkeep\n|turn|28\n|\n|t:|1699713466\n|move|p2a: Manaphy|Take Heart|p2a: Manaphy\n|-boost|p2a: Manaphy|spa|1\n|-boost|p2a: Manaphy|spd|1\n|move|p1a: GYATTwell|Encore|p2a: Manaphy\n|-start|p2a: Manaphy|Encore\n|\n|upkeep\n|turn|29\n|\n|t:|1699713730\n|switch|p2a: Scizor|Scizor, F|63\/100\n|switch|p1a: SKIBIDI Shocks|Sandy Shocks|42\/100\n|\n|upkeep\n|turn|30\n|\n|t:|1699713736\n|-end|p1a: SKIBIDI Shocks|Protosynthesis|[silent]\n|switch|p1a: GYATTwell|Quaxwell, F|73\/100 par\n|switch|p2a: Manaphy|Manaphy|100\/100\n|-damage|p2a: Manaphy|88\/100|[from] Spikes\n|-activate|p2a: Manaphy|move: Sticky Web\n|-unboost|p2a: Manaphy|spe|1\n|\n|-heal|p2a: Manaphy|94\/100|[from] item: Leftovers\n|upkeep\n|turn|31\n|\n|t:|1699713750\n|move|p2a: Manaphy|Acid Armor|p2a: Manaphy\n|-boost|p2a: Manaphy|def|2\n|move|p1a: GYATTwell|Roost|p1a: GYATTwell\n|-heal|p1a: GYATTwell|100\/100 par\n|-singleturn|p1a: GYATTwell|move: Roost\n|\n|-heal|p2a: Manaphy|100\/100|[from] item: Leftovers\n|upkeep\n|turn|32\n|\n|t:|1699713757\n|move|p2a: Manaphy|Acid Armor|p2a: Manaphy\n|-boost|p2a: Manaphy|def|2\n|move|p1a: GYATTwell|Encore|p2a: Manaphy\n|-start|p2a: Manaphy|Encore\n|\n|upkeep\n|turn|33\n|\n|t:|1699713762\n|switch|p1a: SKIBIDI Shocks|Sandy Shocks|42\/100\n|move|p2a: Manaphy|Acid Armor|p2a: Manaphy\n|-boost|p2a: Manaphy|def|2\n|\n|upkeep\n|turn|34\n|\n|t:|1699713768\n|move|p1a: SKIBIDI Shocks|Thunderbolt|p2a: Manaphy\n|-supereffective|p2a: Manaphy\n|-damage|p2a: Manaphy|17\/100\n|move|p2a: Manaphy|Acid Armor|p2a: Manaphy\n|-boost|p2a: Manaphy|def|0\n|\n|-heal|p2a: Manaphy|24\/100|[from] item: Leftovers\n|upkeep\n|turn|35\n|\n|t:|1699713820\n|-end|p1a: SKIBIDI Shocks|Protosynthesis|[silent]\n|switch|p1a: RibomBUSSY|Ribombee, F|100\/100\n|switch|p2a: Garchomp|Garchomp, M|100\/100\n|-damage|p2a: Garchomp|88\/100|[from] Spikes\n|-activate|p2a: Garchomp|move: Sticky Web\n|-unboost|p2a: Garchomp|spe|1\n|\n|-heal|p2a: Garchomp|94\/100|[from] item: Leftovers\n|upkeep\n|turn|36\n|\n|t:|1699713848\n|move|p1a: RibomBUSSY|Moonblast|p2a: Garchomp\n|-supereffective|p2a: Garchomp\n|-damage|p2a: Garchomp|35\/100\n|move|p2a: Garchomp|Earthquake|p1a: RibomBUSSY\n|-resisted|p1a: RibomBUSSY\n|-damage|p1a: RibomBUSSY|66\/100\n|\n|-heal|p2a: Garchomp|41\/100|[from] item: Leftovers\n|upkeep\n|turn|37\n|\n|t:|1699713913\n|move|p1a: RibomBUSSY|Moonblast|p2a: Garchomp\n|-supereffective|p2a: Garchomp\n|-damage|p2a: Garchomp|0 fnt\n|faint|p2a: Garchomp\n|\n|upkeep\n|\n|t:|1699713935\n|switch|p2a: Scizor|Scizor, F|63\/100\n|turn|38\n|\n|t:|1699713942\n|switch|p1a: GYATTwell|Quaxwell, F|100\/100 par\n|move|p2a: Scizor|Bullet Punch|p1a: GYATTwell\n|-resisted|p1a: GYATTwell\n|-damage|p1a: GYATTwell|84\/100 par\n|\n|upkeep\n|turn|39\n|\n|t:|1699713963\n|move|p2a: Scizor|Defog|p1a: GYATTwell\n|-unboost|p1a: GYATTwell|evasion|1\n|-sideend|p2: TietAsnee|Spikes|[from] move: Defog|[of] p2a: Scizor\n|-sideend|p2: TietAsnee|Sticky Web|[from] move: Defog|[of] p2a: Scizor\n|move|p1a: GYATTwell|Flip Turn|p2a: Scizor\n|-damage|p2a: Scizor|44\/100\n|\n|t:|1699713972\n|switch|p1a: SKIBIDI Shocks|Sandy Shocks|42\/100|[from] Flip Turn\n|\n|upkeep\n|turn|40\n|\n|t:|1699714052\n|switch|p2a: Clefable|Clefable, M|77\/100\n|move|p1a: SKIBIDI Shocks|Thunderbolt|p2a: Clefable\n|-damage|p2a: Clefable|34\/100\n|\n|upkeep\n|turn|41\n|\n|t:|1699714092\n|move|p1a: SKIBIDI Shocks|Thunderbolt|p2a: Clefable\n|-damage|p2a: Clefable|0 fnt\n|faint|p2a: Clefable\n|\n|upkeep\n|\n|t:|1699714097\n|switch|p2a: Amoonguss|Amoonguss, M|91\/100\n|turn|42\n|\n|t:|1699714113\n|move|p1a: SKIBIDI Shocks|Volt Switch|p2a: Amoonguss\n|-resisted|p2a: Amoonguss\n|-damage|p2a: Amoonguss|72\/100\n|\n|t:|1699714122\n|-end|p1a: SKIBIDI Shocks|Protosynthesis|[silent]\n|switch|p1a: Roaring GOON|Roaring Moon|51\/100 brn|[from] Volt Switch\n|move|p2a: Amoonguss|Spore||[still]\n|-fail|p2a: Amoonguss\n|\n|-damage|p1a: Roaring GOON|45\/100 brn|[from] brn\n|upkeep\n|turn|43\n|\n|t:|1699714132\n|move|p1a: Roaring GOON|Knock Off|p2a: Amoonguss\n|-damage|p2a: Amoonguss|46\/100\n|-enditem|p2a: Amoonguss|Occa Berry|[from] move: Knock Off|[of] p1a: Roaring GOON\n|move|p2a: Amoonguss|Sludge Bomb|p1a: Roaring GOON\n|-damage|p1a: Roaring GOON|17\/100 brn\n|\n|-damage|p1a: Roaring GOON|11\/100 brn|[from] brn\n|upkeep\n|turn|44\n|\n|t:|1699714145\n|move|p1a: Roaring GOON|Knock Off|p2a: Amoonguss\n|-damage|p2a: Amoonguss|27\/100\n|move|p2a: Amoonguss|Giga Drain|p1a: Roaring GOON\n|-resisted|p1a: Roaring GOON\n|-damage|p1a: Roaring GOON|0 fnt\n|-heal|p2a: Amoonguss|31\/100|[from] drain|[of] p1a: Roaring GOON\n|faint|p1a: Roaring GOON\n|-end|p1a: Roaring GOON|Protosynthesis|[silent]\n|\n|upkeep\n|\n|t:|1699714153\n|switch|p1a: SKIBIDI Shocks|Sandy Shocks|42\/100\n|turn|45\n|\n|t:|1699714185\n|move|p1a: SKIBIDI Shocks|Earth Power|p2a: Amoonguss\n|-damage|p2a: Amoonguss|0 fnt\n|faint|p2a: Amoonguss\n|\n|upkeep\n|\n|t:|1699714204\n|switch|p2a: Scizor|Scizor, F|44\/100\n|turn|46\n|\n|t:|1699714231\n|move|p1a: SKIBIDI Shocks|Earth Power|p2a: Scizor\n|-damage|p2a: Scizor|0 fnt\n|faint|p2a: Scizor\n|\n|upkeep\n|\n|t:|1699714235\n|switch|p2a: Manaphy|Manaphy|24\/100\n|turn|47\n|\n|t:|1699714251\n|move|p2a: Manaphy|Scald|p1a: SKIBIDI Shocks\n|-supereffective|p1a: SKIBIDI Shocks\n|-damage|p1a: SKIBIDI Shocks|0 fnt\n|faint|p1a: SKIBIDI Shocks\n|-end|p1a: SKIBIDI Shocks|Protosynthesis|[silent]\n|\n|-heal|p2a: Manaphy|30\/100|[from] item: Leftovers\n|upkeep\n|\n|t:|1699714255\n|switch|p1a: GYATTwell|Quaxwell, F|84\/100 par\n|turn|48\n|\n|t:|1699714263\n|move|p2a: Manaphy|Scald|p1a: GYATTwell\n|-resisted|p1a: GYATTwell\n|-damage|p1a: GYATTwell|75\/100 par\n|cant|p1a: GYATTwell|par\n|\n|-heal|p2a: Manaphy|36\/100|[from] item: Leftovers\n|upkeep\n|turn|49\n|\n|t:|1699714270\n|move|p2a: Manaphy|Acid Armor|p2a: Manaphy\n|-boost|p2a: Manaphy|def|2\n|move|p1a: GYATTwell|Rapid Spin|p2a: Manaphy\n|-damage|p2a: Manaphy|32\/100\n|-boost|p1a: GYATTwell|spe|1\n|\n|-heal|p2a: Manaphy|39\/100|[from] item: Leftovers\n|upkeep\n|turn|50\n|\n|t:|1699714280\n|move|p2a: Manaphy|Scald|p1a: GYATTwell\n|-resisted|p1a: GYATTwell\n|-damage|p1a: GYATTwell|65\/100 par\n|cant|p1a: GYATTwell|par\n|\n|-heal|p2a: Manaphy|45\/100|[from] item: Leftovers\n|upkeep\n|turn|51\n|\n|t:|1699714287\n|move|p2a: Manaphy|Scald|p1a: GYATTwell\n|-resisted|p1a: GYATTwell\n|-damage|p1a: GYATTwell|56\/100 par\n|move|p1a: GYATTwell|Encore|p2a: Manaphy\n|-start|p2a: Manaphy|Encore\n|\n|-heal|p2a: Manaphy|51\/100|[from] item: Leftovers\n|upkeep\n|turn|52\n|\n|t:|1699714294\n|move|p2a: Manaphy|Scald|p1a: GYATTwell\n|-resisted|p1a: GYATTwell\n|-damage|p1a: GYATTwell|47\/100 par\n|move|p1a: GYATTwell|Roost|p1a: GYATTwell\n|-heal|p1a: GYATTwell|97\/100 par\n|-singleturn|p1a: GYATTwell|move: Roost\n|\n|-heal|p2a: Manaphy|57\/100|[from] item: Leftovers\n|upkeep\n|turn|53\n|\n|t:|1699714302\n|move|p2a: Manaphy|Scald|p1a: GYATTwell\n|-resisted|p1a: GYATTwell\n|-damage|p1a: GYATTwell|89\/100 par\n|move|p1a: GYATTwell|Rapid Spin|p2a: Manaphy\n|-damage|p2a: Manaphy|54\/100\n|-boost|p1a: GYATTwell|spe|1\n|\n|-heal|p2a: Manaphy|60\/100|[from] item: Leftovers\n|upkeep\n|turn|54\n|\n|t:|1699714314\n|move|p2a: Manaphy|Scald|p1a: GYATTwell\n|-resisted|p1a: GYATTwell\n|-damage|p1a: GYATTwell|80\/100 par\n|move|p1a: GYATTwell|Rapid Spin|p2a: Manaphy\n|-crit|p2a: Manaphy\n|-damage|p2a: Manaphy|49\/100\n|-boost|p1a: GYATTwell|spe|1\n|\n|-heal|p2a: Manaphy|55\/100|[from] item: Leftovers\n|-end|p2a: Manaphy|Encore\n|upkeep\n|turn|55\n|\n|t:|1699714337\n|move|p2a: Manaphy|Acid Armor|p2a: Manaphy\n|-boost|p2a: Manaphy|def|2\n|move|p1a: GYATTwell|Rapid Spin|p2a: Manaphy\n|-damage|p2a: Manaphy|53\/100\n|-boost|p1a: GYATTwell|spe|1\n|\n|-heal|p2a: Manaphy|59\/100|[from] item: Leftovers\n|upkeep\n|turn|56\n|\n|t:|1699714354\n|move|p2a: Manaphy|Scald|p1a: GYATTwell\n|-resisted|p1a: GYATTwell\n|-damage|p1a: GYATTwell|71\/100 par\n|move|p1a: GYATTwell|Encore|p2a: Manaphy\n|-start|p2a: Manaphy|Encore\n|\n|-heal|p2a: Manaphy|65\/100|[from] item: Leftovers\n|upkeep\n|turn|57\n|\n|t:|1699714362\n|move|p2a: Manaphy|Scald|p1a: GYATTwell\n|-resisted|p1a: GYATTwell\n|-damage|p1a: GYATTwell|63\/100 par\n|move|p1a: GYATTwell|Rapid Spin|p2a: Manaphy\n|-damage|p2a: Manaphy|63\/100\n|-boost|p1a: GYATTwell|spe|1\n|\n|-heal|p2a: Manaphy|69\/100|[from] item: Leftovers\n|upkeep\n|turn|58\n|\n|t:|1699714370\n|cant|p1a: GYATTwell|par\n|move|p2a: Manaphy|Scald|p1a: GYATTwell\n|-resisted|p1a: GYATTwell\n|-damage|p1a: GYATTwell|53\/100 par\n|\n|-heal|p2a: Manaphy|75\/100|[from] item: Leftovers\n|upkeep\n|turn|59\n|\n|t:|1699714377\n|move|p1a: GYATTwell|Roost|p1a: GYATTwell\n|-heal|p1a: GYATTwell|100\/100 par\n|-singleturn|p1a: GYATTwell|move: Roost\n|move|p2a: Manaphy|Scald|p1a: GYATTwell\n|-resisted|p1a: GYATTwell\n|-damage|p1a: GYATTwell|91\/100 par\n|\n|-heal|p2a: Manaphy|82\/100|[from] item: Leftovers\n|-end|p2a: Manaphy|Encore\n|upkeep\n|turn|60\n|\n|t:|1699714387\n|move|p1a: GYATTwell|Rapid Spin|p2a: Manaphy\n|-damage|p2a: Manaphy|79\/100\n|-boost|p1a: GYATTwell|spe|1\n|move|p2a: Manaphy|Stored Power|p1a: GYATTwell\n|-damage|p1a: GYATTwell|76\/100 par\n|\n|-heal|p2a: Manaphy|85\/100|[from] item: Leftovers\n|upkeep\n|turn|61\n|\n|t:|1699714396\n|move|p1a: GYATTwell|Rapid Spin|p2a: Manaphy\n|-damage|p2a: Manaphy|83\/100\n|move|p2a: Manaphy|Stored Power|p1a: GYATTwell\n|-damage|p1a: GYATTwell|62\/100 par\n|\n|-heal|p2a: Manaphy|89\/100|[from] item: Leftovers\n|upkeep\n|turn|62\n|\n|t:|1699714408\n|move|p1a: GYATTwell|Rapid Spin|p2a: Manaphy\n|-damage|p2a: Manaphy|87\/100\n|move|p2a: Manaphy|Stored Power|p1a: GYATTwell\n|-damage|p1a: GYATTwell|47\/100 par\n|\n|-heal|p2a: Manaphy|93\/100|[from] item: Leftovers\n|upkeep\n|turn|63\n|\n|t:|1699714415\n|cant|p1a: GYATTwell|par\n|move|p2a: Manaphy|Stored Power|p1a: GYATTwell\n|-damage|p1a: GYATTwell|31\/100 par\n|\n|-heal|p2a: Manaphy|99\/100|[from] item: Leftovers\n|upkeep\n|turn|64\n|\n|t:|1699714421\n|move|p1a: GYATTwell|Roost|p1a: GYATTwell\n|-heal|p1a: GYATTwell|81\/100 par\n|-singleturn|p1a: GYATTwell|move: Roost\n|move|p2a: Manaphy|Stored Power|p1a: GYATTwell\n|-damage|p1a: GYATTwell|66\/100 par\n|\n|-heal|p2a: Manaphy|100\/100|[from] item: Leftovers\n|upkeep\n|turn|65\n|\n|t:|1699714435\n|move|p1a: GYATTwell|Roost|p1a: GYATTwell\n|-heal|p1a: GYATTwell|100\/100 par\n|-singleturn|p1a: GYATTwell|move: Roost\n|move|p2a: Manaphy|Stored Power|p1a: GYATTwell\n|-damage|p1a: GYATTwell|84\/100 par\n|\n|upkeep\n|turn|66\n|\n|t:|1699714443\n|move|p1a: GYATTwell|Rapid Spin|p2a: Manaphy\n|-damage|p2a: Manaphy|98\/100\n|move|p2a: Manaphy|Stored Power|p1a: GYATTwell\n|-damage|p1a: GYATTwell|70\/100 par\n|\n|-heal|p2a: Manaphy|100\/100|[from] item: Leftovers\n|upkeep\n|turn|67\n|\n|t:|1699714460\n|move|p1a: GYATTwell|Rapid Spin|p2a: Manaphy\n|-crit|p2a: Manaphy\n|-damage|p2a: Manaphy|91\/100\n|move|p2a: Manaphy|Acid Armor|p2a: Manaphy\n|-boost|p2a: Manaphy|def|2\n|\n|-heal|p2a: Manaphy|97\/100|[from] item: Leftovers\n|upkeep\n|turn|68\n|\n|t:|1699714467\n|move|p1a: GYATTwell|Encore|p2a: Manaphy\n|-start|p2a: Manaphy|Encore\n|move|p2a: Manaphy|Acid Armor|p2a: Manaphy\n|-boost|p2a: Manaphy|def|0\n|\n|-heal|p2a: Manaphy|100\/100|[from] item: Leftovers\n|upkeep\n|turn|69\n|\n|t:|1699714474\n|switch|p1a: RibomBUSSY|Ribombee, F|66\/100\n|move|p2a: Manaphy|Acid Armor|p2a: Manaphy\n|-boost|p2a: Manaphy|def|0\n|\n|upkeep\n|turn|70\n|\n|t:|1699714479\n|move|p1a: RibomBUSSY|Moonblast|p2a: Manaphy\n|-damage|p2a: Manaphy|74\/100\n|move|p2a: Manaphy|Acid Armor|p2a: Manaphy\n|-boost|p2a: Manaphy|def|0\n|\n|-heal|p2a: Manaphy|80\/100|[from] item: Leftovers\n|-end|p2a: Manaphy|Encore\n|upkeep\n|turn|71\n|\n|t:|1699714534\n|move|p1a: RibomBUSSY|Moonblast|p2a: Manaphy\n|-damage|p2a: Manaphy|55\/100\n|move|p2a: Manaphy|Stored Power|p1a: RibomBUSSY\n|-damage|p1a: RibomBUSSY|18\/100\n|\n|-heal|p2a: Manaphy|61\/100|[from] item: Leftovers\n|upkeep\n|turn|72\n|\n|t:|1699714591\n|move|p1a: RibomBUSSY|Stun Spore|p2a: Manaphy|[miss]\n|-miss|p1a: RibomBUSSY|p2a: Manaphy\n|move|p2a: Manaphy|Stored Power|p1a: RibomBUSSY\n|-damage|p1a: RibomBUSSY|0 fnt\n|faint|p1a: RibomBUSSY\n|\n|-heal|p2a: Manaphy|68\/100|[from] item: Leftovers\n|upkeep\n|\n|t:|1699714594\n|switch|p1a: GYATTwell|Quaxwell, F|70\/100 par\n|turn|73\n|\n|t:|1699714600\n|move|p2a: Manaphy|Stored Power|p1a: GYATTwell\n|-damage|p1a: GYATTwell|48\/100 par\n|move|p1a: GYATTwell|Rapid Spin|p2a: Manaphy\n|-damage|p2a: Manaphy|66\/100\n|-boost|p1a: GYATTwell|spe|1\n|\n|-heal|p2a: Manaphy|72\/100|[from] item: Leftovers\n|upkeep\n|turn|74\n|\n|t:|1699714611\n|move|p2a: Manaphy|Stored Power|p1a: GYATTwell\n|-damage|p1a: GYATTwell|27\/100 par\n|move|p1a: GYATTwell|Roost|p1a: GYATTwell\n|-heal|p1a: GYATTwell|77\/100 par\n|-singleturn|p1a: GYATTwell|move: Roost\n|\n|-heal|p2a: Manaphy|78\/100|[from] item: Leftovers\n|upkeep\n|turn|75\n|\n|t:|1699714621\n|move|p2a: Manaphy|Scald|p1a: GYATTwell\n|-resisted|p1a: GYATTwell\n|-damage|p1a: GYATTwell|69\/100 par\n|move|p1a: GYATTwell|Rapid Spin|p2a: Manaphy\n|-damage|p2a: Manaphy|76\/100\n|-boost|p1a: GYATTwell|spe|1\n|\n|-heal|p2a: Manaphy|82\/100|[from] item: Leftovers\n|upkeep\n|turn|76\n|\n|t:|1699714630\n|move|p2a: Manaphy|Scald|p1a: GYATTwell\n|-resisted|p1a: GYATTwell\n|-damage|p1a: GYATTwell|60\/100 par\n|cant|p1a: GYATTwell|par\n|\n|-heal|p2a: Manaphy|89\/100|[from] item: Leftovers\n|upkeep\n|turn|77\n|\n|t:|1699714642\n|move|p2a: Manaphy|Scald|p1a: GYATTwell\n|-resisted|p1a: GYATTwell\n|-damage|p1a: GYATTwell|50\/100 par\n|cant|p1a: GYATTwell|par\n|\n|-heal|p2a: Manaphy|95\/100|[from] item: Leftovers\n|upkeep\n|turn|78\n|\n|t:|1699714651\n|move|p2a: Manaphy|Stored Power|p1a: GYATTwell\n|-damage|p1a: GYATTwell|28\/100 par\n|move|p1a: GYATTwell|Flip Turn|p2a: Manaphy\n|-resisted|p2a: Manaphy\n|-crit|p2a: Manaphy\n|-damage|p2a: Manaphy|86\/100\n|\n|-heal|p2a: Manaphy|93\/100|[from] item: Leftovers\n|upkeep\n|turn|79\n|\n|t:|1699714660\n|move|p2a: Manaphy|Stored Power|p1a: GYATTwell\n|-damage|p1a: GYATTwell|8\/100 par\n|cant|p1a: GYATTwell|par\n|\n|-heal|p2a: Manaphy|99\/100|[from] item: Leftovers\n|upkeep\n|turn|80\n|\n|t:|1699714667\n|-terastallize|p1a: GYATTwell|Fairy\n|move|p2a: Manaphy|Stored Power|p1a: GYATTwell\n|-damage|p1a: GYATTwell|0 fnt\n|faint|p1a: GYATTwell\n|\n|win|TietAsnee\n","uploadtime":1699714676,"views":5,"p1id":"elreyprimo","p2id":"tietasnee","formatid":"gen9anythinggoes","rating":0,"private":0,"password":""}