{"id":"gen9anythinggoes-1993749175","p1":"FemboyPlayer","p2":"NotMyMan","format":"[Gen 9] Anything Goes","log":"|j|\u2606FemboyPlayer\n|j|\u2606NotMyMan\n|t:|1700352671\n|gametype|singles\n|player|p1|FemboyPlayer|elesa|1068\n|player|p2|NotMyMan|dancer|1091\n|teamsize|p1|6\n|teamsize|p2|6\n|gen|9\n|tier|[Gen 9] Anything Goes\n|rated|\n|rule|HP Percentage Mod: HP is shown in percentages\n|rule|Endless Battle Clause: Forcing endless battles is banned\n|clearpoke\n|poke|p1|Espeon, M|\n|poke|p1|Zoroark-Hisui, M|\n|poke|p1|Zoroark, M|\n|poke|p1|Delphox, M|\n|poke|p1|Ninetales, M|\n|poke|p1|Ninetales-Alola, M|\n|poke|p2|Corviknight, F|\n|poke|p2|Kleavor, F|\n|poke|p2|Gengar, M|\n|poke|p2|Azumarill, M|\n|poke|p2|Breloom, F|\n|poke|p2|Rotom-Heat|\n|teampreview\n|inactive|Battle timer is ON: inactive players will automatically lose when time's up. (requested by NotMyMan)\n|\n|t:|1700352675\n|start\n|switch|p1a: Masculinity|Espeon, M|100\/100\n|switch|p2a: Rotom|Rotom-Heat|100\/100\n|turn|1\n|\n|t:|1700352683\n|move|p1a: Masculinity|Thunder Wave|p2a: Rotom|[miss]\n|-miss|p1a: Masculinity|p2a: Rotom\n|move|p2a: Rotom|Will-O-Wisp|p1a: Masculinity\n|move|p1a: Masculinity|Will-O-Wisp|p2a: Rotom|[from]ability: Magic Bounce\n|-immune|p2a: Rotom\n|\n|upkeep\n|turn|2\n|\n|t:|1700352693\n|move|p1a: Masculinity|Thunder Wave|p2a: Rotom\n|-immune|p2a: Rotom\n|move|p2a: Rotom|Poltergeist|p1a: Masculinity\n|-activate|p1a: Masculinity|move: Poltergeist|Mirror Herb\n|-supereffective|p1a: Masculinity\n|-damage|p1a: Masculinity|30\/100\n|\n|upkeep\n|turn|3\n|\n|t:|1700352705\n|-terastallize|p1a: Masculinity|Normal\n|move|p1a: Masculinity|Psychic|p2a: Rotom\n|-damage|p2a: Rotom|65\/100\n|move|p2a: Rotom|Poltergeist|p1a: Masculinity\n|-immune|p1a: Masculinity\n|\n|upkeep\n|turn|4\n|\n|t:|1700352714\n|move|p1a: Masculinity|Psychic|p2a: Rotom\n|-damage|p2a: Rotom|27\/100\n|move|p2a: Rotom|Discharge|p1a: Masculinity\n|-damage|p1a: Masculinity|0 fnt\n|faint|p1a: Masculinity\n|\n|upkeep\n|\n|t:|1700352734\n|switch|p1a: Multifluff|Ninetales-Alola, M, shiny|100\/100\n|turn|5\n|\n|t:|1700352744\n|move|p1a: Multifluff|Confuse Ray|p2a: Rotom\n|-start|p2a: Rotom|confusion\n|-activate|p2a: Rotom|confusion\n|-damage|p2a: Rotom|19\/100|[from] confusion\n|\n|upkeep\n|turn|6\n|\n|t:|1700352759\n|switch|p2a: Corviknight|Corviknight, F|100\/100\n|move|p1a: Multifluff|Hyper Voice|p2a: Corviknight\n|-resisted|p2a: Corviknight\n|-damage|p2a: Corviknight|76\/100\n|\n|upkeep\n|turn|7\n|\n|t:|1700352769\n|move|p1a: Multifluff|Taunt|p2a: Corviknight\n|-start|p2a: Corviknight|move: Taunt\n|move|p2a: Corviknight|Iron Head|p1a: Multifluff\n|-crit|p1a: Multifluff\n|-damage|p1a: Multifluff|0 fnt\n|replace|p1a: Lycanrock-Twilight|Zoroark-Hisui, M, shiny\n|-end|p1a: Lycanrock-Twilight|Illusion\n|faint|p1a: Lycanrock-Twilight\n|\n|upkeep\n|\n|t:|1700352798\n|switch|p1a: Ninefails|Ninetales, M, shiny|100\/100\n|-weather|SunnyDay|[from] ability: Drought|[of] p1a: Ninefails\n|turn|8\n|\n|t:|1700352812\n|switch|p2a: Azumarill|Azumarill, M|100\/100\n|move|p1a: Ninefails|Flamethrower|p2a: Azumarill\n|-resisted|p2a: Azumarill\n|-damage|p2a: Azumarill|80\/100\n|\n|-weather|SunnyDay|[upkeep]\n|upkeep\n|turn|9\n|\n|t:|1700352822\n|move|p1a: Ninefails|Solar Beam||[still]\n|-prepare|p1a: Ninefails|Solar Beam\n|-anim|p1a: Ninefails|Solar Beam|p2a: Azumarill\n|-supereffective|p2a: Azumarill\n|-damage|p2a: Azumarill|31\/100\n|move|p2a: Azumarill|Chilling Water|p1a: Ninefails\n|-supereffective|p1a: Ninefails\n|-damage|p1a: Ninefails|86\/100\n|-unboost|p1a: Ninefails|atk|1\n|\n|-weather|SunnyDay|[upkeep]\n|upkeep\n|turn|10\n|\n|t:|1700352837\n|switch|p2a: Gengar|Gengar, M|100\/100\n|move|p1a: Ninefails|Solar Beam||[still]\n|-prepare|p1a: Ninefails|Solar Beam\n|-anim|p1a: Ninefails|Solar Beam|p2a: Gengar\n|-resisted|p2a: Gengar\n|-damage|p2a: Gengar|73\/100\n|\n|-weather|SunnyDay|[upkeep]\n|upkeep\n|turn|11\n|\n|t:|1700352849\n|move|p2a: Gengar|Toxic Spikes|p1a: Ninefails\n|-sidestart|p1: FemboyPlayer|move: Toxic Spikes\n|move|p1a: Ninefails|Confuse Ray|p2a: Gengar\n|-start|p2a: Gengar|confusion\n|\n|-weather|SunnyDay|[upkeep]\n|upkeep\n|turn|12\n|\n|t:|1700352864\n|-activate|p2a: Gengar|confusion\n|move|p2a: Gengar|Toxic Spikes|p1a: Ninefails\n|-sidestart|p1: FemboyPlayer|move: Toxic Spikes\n|move|p1a: Ninefails|Flamethrower|p2a: Gengar\n|-damage|p2a: Gengar|0 fnt\n|faint|p2a: Gengar\n|\n|-weather|none\n|upkeep\n|\n|t:|1700352872\n|switch|p2a: Kleavor|Kleavor, F|100\/100\n|turn|13\n|\n|t:|1700352877\n|move|p1a: Ninefails|Flamethrower|p2a: Kleavor\n|-damage|p2a: Kleavor|31\/100\n|move|p2a: Kleavor|Stone Axe|p1a: Ninefails\n|-supereffective|p1a: Ninefails\n|-damage|p1a: Ninefails|0 fnt\n|faint|p1a: Ninefails\n|\n|upkeep\n|inactive|FemboyPlayer has 120 seconds left.\n|\n|t:|1700352908\n|switch|p1a: Multifluff|Ninetales-Alola, M, shiny|100\/100\n|-weather|Snow|[from] ability: Snow Warning|[of] p1a: Multifluff\n|turn|14\n|\n|t:|1700352920\n|move|p1a: Multifluff|Moonblast|p2a: Kleavor\n|-damage|p2a: Kleavor|0 fnt\n|faint|p2a: Kleavor\n|\n|-weather|Snow|[upkeep]\n|upkeep\n|\n|t:|1700352929\n|switch|p2a: Corviknight|Corviknight, F|76\/100\n|turn|15\n|\n|t:|1700352935\n|move|p1a: Multifluff|Blizzard|p2a: Corviknight\n|-damage|p2a: Corviknight|26\/100\n|move|p2a: Corviknight|Iron Head|p1a: Multifluff\n|-supereffective|p1a: Multifluff\n|-damage|p1a: Multifluff|0 fnt\n|faint|p1a: Multifluff\n|\n|-weather|Snow|[upkeep]\n|upkeep\n|\n|t:|1700352952\n|switch|p1a: Kitsune|Delphox, M|100\/100\n|-status|p1a: Kitsune|tox\n|turn|16\n|\n|t:|1700352969\n|switch|p2a: Rotom|Rotom-Heat|19\/100\n|move|p1a: Kitsune|Flamethrower|p2a: Rotom\n|-resisted|p2a: Rotom\n|-damage|p2a: Rotom|3\/100\n|\n|-weather|Snow|[upkeep]\n|-damage|p1a: Kitsune|94\/100 tox|[from] psn\n|upkeep\n|turn|17\n|\n|t:|1700352978\n|move|p1a: Kitsune|Flamethrower|p2a: Rotom\n|-resisted|p2a: Rotom\n|-damage|p2a: Rotom|0 fnt\n|faint|p2a: Rotom\n|\n|-weather|Snow|[upkeep]\n|-damage|p1a: Kitsune|82\/100 tox|[from] psn\n|upkeep\n|\n|t:|1700352987\n|switch|p2a: Azumarill|Azumarill, M|31\/100\n|turn|18\n|\n|t:|1700352997\n|move|p2a: Azumarill|Aqua Jet|p1a: Kitsune\n|-supereffective|p1a: Kitsune\n|-crit|p1a: Kitsune\n|-damage|p1a: Kitsune|0 fnt\n|faint|p1a: Kitsune\n|\n|-weather|none\n|upkeep\n|\n|t:|1700353000\n|switch|p1a: Lucari\u03bf|Zoroark, M, shiny|100\/100\n|-status|p1a: Lucari\u03bf|tox\n|turn|19\n|\n|t:|1700353018\n|-terastallize|p2a: Azumarill|Steel\n|move|p2a: Azumarill|Protect|p2a: Azumarill\n|-singleturn|p2a: Azumarill|Protect\n|move|p1a: Lucari\u03bf|Toxic|p2a: Azumarill\n|-activate|p2a: Azumarill|move: Protect\n|\n|-damage|p1a: Lucari\u03bf|94\/100 tox|[from] psn\n|upkeep\n|turn|20\n|\n|t:|1700353026\n|move|p1a: Lucari\u03bf|Dark Pulse|p2a: Azumarill\n|-damage|p2a: Azumarill|5\/100\n|cant|p2a: Azumarill|flinch\n|\n|-heal|p1a: Lucari\u03bf|100\/100 tox|[from] item: Leftovers\n|-damage|p1a: Lucari\u03bf|88\/100 tox|[from] psn\n|upkeep\n|turn|21\n|\n|t:|1700353040\n|move|p1a: Lucari\u03bf|Dark Pulse|p2a: Azumarill\n|-damage|p2a: Azumarill|0 fnt\n|faint|p2a: Azumarill\n|\n|-heal|p1a: Lucari\u03bf|94\/100 tox|[from] item: Leftovers\n|-damage|p1a: Lucari\u03bf|76\/100 tox|[from] psn\n|upkeep\n|\n|t:|1700353046\n|switch|p2a: Breloom|Breloom, F|100\/100\n|turn|22\n|\n|t:|1700353053\n|move|p1a: Lucari\u03bf|Dark Pulse|p2a: Breloom\n|-resisted|p2a: Breloom\n|-crit|p2a: Breloom\n|-damage|p2a: Breloom|30\/100\n|cant|p2a: Breloom|flinch\n|\n|-heal|p1a: Lucari\u03bf|82\/100 tox|[from] item: Leftovers\n|-damage|p1a: Lucari\u03bf|58\/100 tox|[from] psn\n|upkeep\n|turn|23\n|\n|t:|1700353063\n|switch|p2a: Corviknight|Corviknight, F|26\/100\n|move|p1a: Lucari\u03bf|Dark Pulse|p2a: Corviknight\n|-damage|p2a: Corviknight|0 fnt\n|faint|p2a: Corviknight\n|\n|-heal|p1a: Lucari\u03bf|64\/100 tox|[from] item: Leftovers\n|-damage|p1a: Lucari\u03bf|33\/100 tox|[from] psn\n|upkeep\n|\n|t:|1700353072\n|switch|p2a: Breloom|Breloom, F|30\/100\n|turn|24\n|\n|t:|1700353080\n|move|p1a: Lucari\u03bf|Dark Pulse|p2a: Breloom\n|-resisted|p2a: Breloom\n|-damage|p2a: Breloom|0 fnt\n|faint|p2a: Breloom\n|\n|win|FemboyPlayer\n|raw|FemboyPlayer's rating: 1068 &rarr; <strong>1100<\/strong><br \/>(+32 for winning)\n|raw|NotMyMan's rating: 1091 &rarr; <strong>1066<\/strong><br \/>(-25 for losing)\n|c|\u2606NotMyMan|gg\n","uploadtime":1700353087,"views":2,"p1id":"femboyplayer","p2id":"notmyman","formatid":"gen9anythinggoes","rating":1066,"private":0,"password":""}