{"id":"gen9anythinggoes-1989562050","p1":"ross676","p2":"siams","format":"[Gen 9] Anything Goes","log":"|j|\u2606ross676\n|j|\u2606siams\n|t:|1699871654\n|gametype|singles\n|player|p1|ross676|169|1056\n|player|p2|siams|lance|1134\n|teamsize|p1|6\n|teamsize|p2|6\n|gen|9\n|tier|[Gen 9] Anything Goes\n|rated|\n|rule|HP Percentage Mod: HP is shown in percentages\n|rule|Endless Battle Clause: Forcing endless battles is banned\n|clearpoke\n|poke|p1|Kingambit, M|\n|poke|p1|Zacian-*|\n|poke|p1|Chi-Yu|\n|poke|p1|Chien-Pao|\n|poke|p1|Iron Hands|\n|poke|p1|Palkia-Origin|\n|poke|p2|Ursaluna-Bloodmoon, M|\n|poke|p2|Calyrex-Shadow|\n|poke|p2|Miraidon|\n|poke|p2|Darkrai|\n|poke|p2|Volbeat, M|\n|poke|p2|Grimmsnarl, M|\n|teampreview\n|inactive|Battle timer is ON: inactive players will automatically lose when time's up. (requested by siams)\n|\n|t:|1699871689\n|start\n|switch|p1a: Dunsparce|Zacian-Crowned, shiny|100\/100\n|switch|p2a: Volbeat|Volbeat, M|100\/100\n|-ability|p1a: Dunsparce|Intrepid Sword|boost\n|-boost|p1a: Dunsparce|atk|1\n|turn|1\n|c|\u2606siams|bruh\n|c|\u2606siams|what\n|\n|t:|1699871713\n|move|p2a: Volbeat|Tail Glow|p2a: Volbeat\n|-boost|p2a: Volbeat|spa|3\n|move|p1a: Dunsparce|Swords Dance|p1a: Dunsparce\n|-boost|p1a: Dunsparce|atk|2\n|\n|upkeep\n|turn|2\n|\n|t:|1699871723\n|move|p2a: Volbeat|Tail Glow|p2a: Volbeat\n|-boost|p2a: Volbeat|spa|3\n|move|p1a: Dunsparce|Swords Dance|p1a: Dunsparce\n|-boost|p1a: Dunsparce|atk|2\n|\n|upkeep\n|turn|3\n|\n|t:|1699871731\n|move|p2a: Volbeat|Encore|p1a: Dunsparce\n|-start|p1a: Dunsparce|Encore\n|move|p1a: Dunsparce|Swords Dance|p1a: Dunsparce\n|-boost|p1a: Dunsparce|atk|1\n|\n|upkeep\n|turn|4\n|\n|t:|1699871739\n|move|p2a: Volbeat|Baton Pass|p2a: Volbeat\n|\n|t:|1699871745\n|switch|p2a: Calyrex|Calyrex-Shadow|100\/100|[from] Baton Pass\n|-ability|p2a: Calyrex|As One\n|-ability|p2a: Calyrex|Unnerve\n|move|p1a: Dunsparce|Swords Dance|p1a: Dunsparce\n|-boost|p1a: Dunsparce|atk|0\n|\n|upkeep\n|turn|5\n|\n|t:|1699871763\n|switch|p1a: Ting-lu|Chi-Yu|100\/100\n|-ability|p1a: Ting-lu|Beads of Ruin\n|move|p2a: Calyrex|Astral Barrage|p1a: Ting-lu\n|-resisted|p1a: Ting-lu\n|-enditem|p1a: Ting-lu|Focus Sash\n|-damage|p1a: Ting-lu|1\/100\n|\n|upkeep\n|turn|6\n|\n|t:|1699871777\n|move|p2a: Calyrex|Astral Barrage|p1a: Ting-lu\n|-resisted|p1a: Ting-lu\n|-damage|p1a: Ting-lu|0 fnt\n|faint|p1a: Ting-lu\n|\n|upkeep\n|\n|t:|1699871787\n|switch|p1a: Kingambit|Kingambit, M, shiny|100\/100\n|turn|7\n|\n|t:|1699871794\n|move|p2a: Calyrex|Astral Barrage|p1a: Kingambit\n|-resisted|p1a: Kingambit\n|-enditem|p1a: Kingambit|Focus Sash\n|-damage|p1a: Kingambit|1\/100\n|move|p1a: Kingambit|Swords Dance|p1a: Kingambit\n|-boost|p1a: Kingambit|atk|2\n|\n|upkeep\n|turn|8\n|\n|t:|1699871812\n|move|p2a: Calyrex|Astral Barrage|p1a: Kingambit\n|-resisted|p1a: Kingambit\n|-damage|p1a: Kingambit|0 fnt\n|faint|p1a: Kingambit\n|\n|upkeep\n|inactive|ross676 has 120 seconds left.\n|inactive|ross676 has 90 seconds left.\n|\n|t:|1699871870\n|switch|p1a: Chien-Pao|Chien-Pao|100\/100\n|-ability|p1a: Chien-Pao|Sword of Ruin\n|turn|9\n|inactive|ross676 has 90 seconds left.\n|\n|t:|1699871881\n|move|p2a: Calyrex|Pollen Puff|p1a: Chien-Pao\n|-supereffective|p1a: Chien-Pao\n|-enditem|p1a: Chien-Pao|Focus Sash\n|-damage|p1a: Chien-Pao|1\/100\n|move|p1a: Chien-Pao|Blizzard|p2a: Calyrex|[miss]\n|-miss|p1a: Chien-Pao|p2a: Calyrex\n|\n|upkeep\n|turn|10\n|inactive|ross676 has 90 seconds left.\n|\n|t:|1699871894\n|move|p2a: Calyrex|Astral Barrage|p1a: Chien-Pao\n|-resisted|p1a: Chien-Pao\n|-damage|p1a: Chien-Pao|0 fnt\n|faint|p1a: Chien-Pao\n|\n|upkeep\n|\n|t:|1699871917\n|switch|p1a: Palkia|Palkia-Origin|100\/100\n|-ability|p1a: Palkia|Pressure\n|turn|11\n|inactive|ross676 has 60 seconds left.\n|\n|t:|1699871949\n|move|p2a: Calyrex|Astral Barrage|p1a: Palkia\n|-damage|p1a: Palkia|0 fnt\n|faint|p1a: Palkia\n|\n|upkeep\n|\n|t:|1699871958\n|switch|p1a: Dunsparce|Zacian-Crowned, shiny|100\/100\n|turn|12\n|\n|t:|1699871966\n|move|p2a: Calyrex|Astral Barrage|p1a: Dunsparce\n|-damage|p1a: Dunsparce|0 fnt\n|faint|p1a: Dunsparce\n|\n|upkeep\n|\n|t:|1699871973\n|switch|p1a: Iron Hands|Iron Hands|100\/100\n|turn|13\n|inactive|ross676 has 60 seconds left.\n|\n|t:|1699871981\n|-terastallize|p1a: Iron Hands|Fighting\n|move|p2a: Calyrex|Psychic|p1a: Iron Hands\n|-supereffective|p1a: Iron Hands\n|-enditem|p1a: Iron Hands|Focus Sash\n|-damage|p1a: Iron Hands|1\/100\n|move|p1a: Iron Hands|Thunder|p2a: Calyrex|[miss]\n|-miss|p1a: Iron Hands|p2a: Calyrex\n|\n|upkeep\n|turn|14\n|inactive|ross676 has 60 seconds left.\n|c|\u2606siams|might as well resign\n|\n|t:|1699872001\n|-singleturn|p1a: Iron Hands|move: Focus Punch\n|move|p2a: Calyrex|Psychic|p1a: Iron Hands\n|-supereffective|p1a: Iron Hands\n|-damage|p1a: Iron Hands|0 fnt\n|faint|p1a: Iron Hands\n|-end|p1a: Iron Hands|Quark Drive|[silent]\n|\n|win|siams\n|raw|ross676's rating: 1056 &rarr; <strong>1042<\/strong><br \/>(-14 for losing)\n|raw|siams's rating: 1134 &rarr; <strong>1153<\/strong><br \/>(+19 for winning)\n","uploadtime":1699872010,"views":4,"p1id":"ross676","p2id":"siams","formatid":"gen9anythinggoes","rating":1042,"private":0,"password":""}