{"id":"gen9anythinggoes-1991015171","p1":"emrysthemay","p2":"idkuhfnaf","format":"[Gen 9] Anything Goes","log":"|j|\u2606emrysthemay\n|j|\u2606idkuhfnaf\n|t:|1700028297\n|gametype|singles\n|player|p1|emrysthemay|169|1000\n|player|p2|idkuhfnaf|169|1075\n|teamsize|p1|6\n|teamsize|p2|6\n|gen|9\n|tier|[Gen 9] Anything Goes\n|rated|\n|rule|HP Percentage Mod: HP is shown in percentages\n|rule|Endless Battle Clause: Forcing endless battles is banned\n|clearpoke\n|poke|p1|Ceruledge, F|\n|poke|p1|Goodra, F|\n|poke|p1|Muk, M|\n|poke|p1|Cloyster, F|\n|poke|p1|Espeon, M|\n|poke|p1|Gliscor, F|\n|poke|p2|Ursaring, M|\n|poke|p2|Delphox, M|\n|poke|p2|Vullaby, F|\n|poke|p2|Cinderace, M|\n|poke|p2|Ursaluna-Bloodmoon, M|\n|poke|p2|Ditto|\n|teampreview\n|\n|t:|1700028306\n|start\n|switch|p1a: Gliscor|Gliscor, F|100\/100\n|switch|p2a: The Mimic|Ditto|100\/100\n|-transform|p2a: The Mimic|p1a: Gliscor|[from] ability: Imposter\n|turn|1\n|\n|t:|1700028320\n|move|p2a: The Mimic|Psychic Fangs|p1a: Gliscor\n|-damage|p1a: Gliscor|79\/100\n|move|p1a: Gliscor|Toxic Spikes|p2a: The Mimic\n|-sidestart|p2: idkuhfnaf|move: Toxic Spikes\n|\n|-status|p1a: Gliscor|tox|[from] item: Toxic Orb\n|upkeep\n|turn|2\n|\n|t:|1700028353\n|move|p2a: The Mimic|Psychic Fangs|p1a: Gliscor\n|-crit|p1a: Gliscor\n|-damage|p1a: Gliscor|44\/100 tox\n|move|p1a: Gliscor|Gunk Shot|p2a: The Mimic\n|-resisted|p2a: The Mimic\n|-damage|p2a: The Mimic|79\/100\n|\n|-heal|p1a: Gliscor|56\/100 tox|[from] ability: Poison Heal\n|upkeep\n|turn|3\n|\n|t:|1700028364\n|move|p2a: The Mimic|Psychic Fangs|p1a: Gliscor\n|-damage|p1a: Gliscor|33\/100 tox\n|move|p1a: Gliscor|Toxic Spikes|p2a: The Mimic\n|-sidestart|p2: idkuhfnaf|move: Toxic Spikes\n|\n|-heal|p1a: Gliscor|45\/100 tox|[from] ability: Poison Heal\n|upkeep\n|turn|4\n|\n|t:|1700028375\n|switch|p1a: The|Ceruledge, F|100\/100\n|move|p2a: The Mimic|Psychic Fangs|p1a: The\n|-damage|p1a: The|63\/100\n|\n|upkeep\n|turn|5\n|\n|t:|1700028387\n|move|p1a: The|Shadow Sneak|p2a: The Mimic\n|-damage|p2a: The Mimic|49\/100\n|move|p2a: The Mimic|Psychic Fangs|p1a: The\n|-damage|p1a: The|21\/100\n|\n|upkeep\n|turn|6\n|\n|t:|1700028396\n|switch|p2a: Bonnie|Cinderace, M|100\/100\n|switch|p1a: Man|Goodra, F|100\/100\n|\n|upkeep\n|turn|7\n|\n|t:|1700028415\n|move|p2a: Bonnie|Court Change|p2a: Bonnie\n|-start|p2a: Bonnie|typechange|Normal|[from] ability: Libero\n|-swapsideconditions\n|-activate|p2a: Bonnie|move: Court Change\n|move|p1a: Man|Sludge Bomb|p2a: Bonnie\n|-damage|p2a: Bonnie|46\/100\n|-damage|p1a: Man|91\/100|[from] item: Life Orb\n|\n|upkeep\n|turn|8\n|\n|t:|1700028425\n|move|p2a: Bonnie|U-turn|p1a: Man\n|-damage|p1a: Man|54\/100\n|-ability|p1a: Man|Gooey\n|-unboost|p2a: Bonnie|spe|1\n|\n|t:|1700028433\n|switch|p2a: Foxy|Delphox, M|100\/100|[from] U-turn\n|move|p1a: Man|Sludge Bomb|p2a: Foxy\n|-damage|p2a: Foxy|61\/100\n|-damage|p1a: Man|44\/100|[from] item: Life Orb\n|\n|upkeep\n|turn|9\n|\n|t:|1700028443\n|switch|p1a: Behind|Muk, M|100\/100\n|-sideend|p1: emrysthemay|move: Toxic Spikes|[of] p1a: Behind\n|move|p2a: Foxy|Dazzling Gleam|p1a: Behind\n|-resisted|p1a: Behind\n|-damage|p1a: Behind|92\/100\n|\n|upkeep\n|turn|10\n|\n|t:|1700028454\n|move|p1a: Behind|Shadow Sneak|p2a: Foxy\n|-supereffective|p2a: Foxy\n|-damage|p2a: Foxy|24\/100\n|-enditem|p2a: Foxy|Sitrus Berry|[eat]\n|-heal|p2a: Foxy|49\/100|[from] item: Sitrus Berry\n|move|p2a: Foxy|Psychic|p1a: Behind\n|-supereffective|p1a: Behind\n|-damage|p1a: Behind|35\/100\n|-item|p2a: Foxy|Poison Barb|[from] ability: Magician|[of] p1a: Behind\n|\n|upkeep\n|turn|11\n|\n|t:|1700028468\n|move|p1a: Behind|Shadow Sneak|p2a: Foxy\n|-supereffective|p2a: Foxy\n|-damage|p2a: Foxy|13\/100\n|cant|p2a: Foxy|flinch\n|\n|upkeep\n|turn|12\n|\n|t:|1700028480\n|switch|p2a: Chica|Vullaby, F|100\/100\n|move|p1a: Behind|Shadow Sneak|p2a: Chica\n|-resisted|p2a: Chica\n|-damage|p2a: Chica|97\/100\n|\n|upkeep\n|turn|13\n|\n|t:|1700028498\n|move|p2a: Chica|Knock Off|p1a: Behind\n|-crit|p1a: Behind\n|-damage|p1a: Behind|14\/100\n|move|p1a: Behind|Toxic Spikes|p2a: Chica\n|-sidestart|p2: idkuhfnaf|move: Toxic Spikes\n|\n|upkeep\n|turn|14\n|\n|t:|1700028507\n|move|p2a: Chica|Knock Off|p1a: Behind\n|-damage|p1a: Behind|0 fnt\n|faint|p1a: Behind\n|\n|upkeep\n|\n|t:|1700028511\n|switch|p1a: The|Cloyster, F|100\/100\n|turn|15\n|\n|t:|1700028539\n|move|p1a: The|Poison Jab|p2a: Chica\n|-damage|p2a: Chica|87\/100\n|move|p2a: Chica|Toxic|p1a: The|[miss]\n|-miss|p2a: Chica|p1a: The\n|\n|upkeep\n|turn|16\n|\n|t:|1700028548\n|move|p1a: The|Poison Jab|p2a: Chica\n|-damage|p2a: Chica|76\/100\n|move|p2a: Chica|Knock Off|p1a: The\n|-damage|p1a: The|89\/100\n|-enditem|p1a: The|Wiki Berry|[from] move: Knock Off|[of] p2a: Chica\n|\n|upkeep\n|turn|17\n|\n|t:|1700028557\n|move|p1a: The|Poison Jab|p2a: Chica\n|-damage|p2a: Chica|64\/100\n|-status|p2a: Chica|psn\n|move|p2a: Chica|Toxic|p1a: The\n|-status|p1a: The|tox\n|\n|-damage|p1a: The|83\/100 tox|[from] psn\n|-damage|p2a: Chica|52\/100 psn|[from] psn\n|upkeep\n|turn|18\n|\n|t:|1700028568\n|move|p1a: The|Poison Jab|p2a: Chica\n|-damage|p2a: Chica|41\/100 psn\n|move|p2a: Chica|Roost|p2a: Chica\n|-heal|p2a: Chica|91\/100 psn\n|-singleturn|p2a: Chica|move: Roost\n|\n|-damage|p1a: The|71\/100 tox|[from] psn\n|-damage|p2a: Chica|79\/100 psn|[from] psn\n|upkeep\n|turn|19\n|\n|t:|1700028584\n|move|p1a: The|Poison Jab|p2a: Chica\n|-damage|p2a: Chica|68\/100 psn\n|move|p2a: Chica|Roost|p2a: Chica\n|-heal|p2a: Chica|100\/100 psn\n|-singleturn|p2a: Chica|move: Roost\n|\n|-damage|p1a: The|54\/100 tox|[from] psn\n|-damage|p2a: Chica|88\/100 psn|[from] psn\n|upkeep\n|turn|20\n|\n|t:|1700028601\n|move|p1a: The|Toxic Spikes|p2a: Chica\n|-sidestart|p2: idkuhfnaf|move: Toxic Spikes\n|move|p2a: Chica|Knock Off|p1a: The\n|-damage|p1a: The|47\/100 tox\n|\n|-damage|p1a: The|23\/100 tox|[from] psn\n|-damage|p2a: Chica|76\/100 psn|[from] psn\n|upkeep\n|turn|21\n|\n|t:|1700028609\n|move|p1a: The|Rest|p1a: The\n|-status|p1a: The|slp|[from] move: Rest\n|-heal|p1a: The|100\/100 slp|[silent]\n|move|p2a: Chica|U-turn|p1a: The\n|-damage|p1a: The|95\/100 slp\n|\n|t:|1700028618\n|switch|p2a: The Mimic|Ditto|49\/100|[from] U-turn\n|-status|p2a: The Mimic|tox\n|-transform|p2a: The Mimic|p1a: The|[from] ability: Imposter\n|\n|-damage|p2a: The Mimic|43\/100 tox|[from] psn\n|upkeep\n|turn|22\n|\n|t:|1700028632\n|move|p2a: The Mimic|Poison Jab|p1a: The\n|-damage|p1a: The|86\/100 slp\n|cant|p1a: The|slp\n|\n|-damage|p2a: The Mimic|31\/100 tox|[from] psn\n|upkeep\n|turn|23\n|\n|t:|1700028643\n|switch|p2a: Bonnie|Cinderace, M|46\/100\n|cant|p1a: The|slp\n|\n|upkeep\n|turn|24\n|\n|t:|1700028651\n|move|p2a: Bonnie|Court Change|p2a: Bonnie\n|-start|p2a: Bonnie|typechange|Normal|[from] ability: Libero\n|-swapsideconditions\n|-activate|p2a: Bonnie|move: Court Change\n|-curestatus|p1a: The|slp|[msg]\n|move|p1a: The|Poison Jab|p2a: Bonnie\n|-damage|p2a: Bonnie|18\/100\n|\n|upkeep\n|turn|25\n|\n|t:|1700028659\n|move|p2a: Bonnie|High Jump Kick|p1a: The\n|-supereffective|p1a: The\n|-damage|p1a: The|37\/100\n|move|p1a: The|Poison Jab|p2a: Bonnie\n|-damage|p2a: Bonnie|0 fnt\n|faint|p2a: Bonnie\n|\n|upkeep\n|\n|t:|1700028676\n|switch|p2a: Freddy|Ursaring, M|100\/100\n|turn|26\n|\n|t:|1700028692\n|move|p1a: The|Toxic Spikes|p2a: Freddy\n|-sidestart|p2: idkuhfnaf|move: Toxic Spikes\n|move|p2a: Freddy|Bulk Up|p2a: Freddy\n|-boost|p2a: Freddy|atk|1\n|-boost|p2a: Freddy|def|1\n|\n|upkeep\n|turn|27\n|\n|t:|1700028700\n|move|p1a: The|Toxic Spikes|p2a: Freddy\n|-sidestart|p2: idkuhfnaf|move: Toxic Spikes\n|move|p2a: Freddy|Earthquake|p1a: The\n|-damage|p1a: The|8\/100\n|\n|upkeep\n|turn|28\n|\n|t:|1700028706\n|move|p1a: The|Rest|p1a: The\n|-status|p1a: The|slp|[from] move: Rest\n|-heal|p1a: The|100\/100 slp|[silent]\n|move|p2a: Freddy|Earthquake|p1a: The\n|-damage|p1a: The|72\/100 slp\n|\n|upkeep\n|turn|29\n|\n|t:|1700028716\n|cant|p1a: The|slp\n|move|p2a: Freddy|Bulk Up|p2a: Freddy\n|-boost|p2a: Freddy|atk|1\n|-boost|p2a: Freddy|def|1\n|\n|upkeep\n|turn|30\n|\n|t:|1700028723\n|cant|p1a: The|slp\n|move|p2a: Freddy|Bulk Up|p2a: Freddy\n|-boost|p2a: Freddy|atk|1\n|-boost|p2a: Freddy|def|1\n|\n|upkeep\n|turn|31\n|\n|t:|1700028729\n|-curestatus|p1a: The|slp|[msg]\n|move|p1a: The|Poison Jab|p2a: Freddy\n|-damage|p2a: Freddy|96\/100\n|move|p2a: Freddy|Bulk Up|p2a: Freddy\n|-boost|p2a: Freddy|atk|1\n|-boost|p2a: Freddy|def|1\n|\n|upkeep\n|turn|32\n|\n|t:|1700028738\n|move|p1a: The|Poison Jab|p2a: Freddy\n|-damage|p2a: Freddy|91\/100\n|move|p2a: Freddy|Earthquake|p1a: The\n|-damage|p1a: The|9\/100\n|\n|upkeep\n|turn|33\n|\n|t:|1700028745\n|move|p1a: The|Poison Jab|p2a: Freddy\n|-damage|p2a: Freddy|86\/100\n|move|p2a: Freddy|Earthquake|p1a: The\n|-damage|p1a: The|0 fnt\n|faint|p1a: The\n|\n|upkeep\n|\n|t:|1700028752\n|switch|p1a: Slaughter|Espeon, M|100\/100\n|-status|p1a: Slaughter|tox\n|turn|34\n|\n|t:|1700028768\n|move|p1a: Slaughter|Psychic|p2a: Freddy\n|-damage|p2a: Freddy|41\/100\n|move|p2a: Freddy|Earthquake|p1a: Slaughter\n|-damage|p1a: Slaughter|0 fnt\n|faint|p1a: Slaughter\n|\n|upkeep\n|\n|t:|1700028778\n|switch|p1a: Gliscor|Gliscor, F|45\/100 tox\n|turn|35\n|\n|t:|1700028792\n|-terastallize|p1a: Gliscor|Poison\n|move|p1a: Gliscor|Gunk Shot|p2a: Freddy\n|-damage|p2a: Freddy|28\/100\n|move|p2a: Freddy|Facade|p1a: Gliscor\n|-damage|p1a: Gliscor|0 fnt\n|faint|p1a: Gliscor\n|\n|upkeep\n|\n|t:|1700028805\n|switch|p1a: Man|Goodra, F|44\/100\n|-status|p1a: Man|tox\n|turn|36\n|\n|t:|1700028818\n|move|p1a: Man|Toxic|p2a: Freddy\n|-status|p2a: Freddy|tox\n|move|p2a: Freddy|Earthquake|p1a: Man\n|-damage|p1a: Man|0 fnt\n|faint|p1a: Man\n|\n|-damage|p2a: Freddy|22\/100 tox|[from] psn\n|upkeep\n|\n|t:|1700028826\n|switch|p1a: The|Ceruledge, F|21\/100\n|-status|p1a: The|tox\n|turn|37\n|\n|t:|1700028833\n|move|p1a: The|Dragon Claw|p2a: Freddy\n|-damage|p2a: Freddy|14\/100 tox\n|move|p2a: Freddy|Earthquake|p1a: The\n|-supereffective|p1a: The\n|-damage|p1a: The|0 fnt\n|faint|p1a: The\n|\n|win|idkuhfnaf\n|raw|emrysthemay's rating: 1000 &rarr; <strong>1000<\/strong><br \/>(+0 for losing)\n|raw|idkuhfnaf's rating: 1075 &rarr; <strong>1098<\/strong><br \/>(+23 for winning)\n|l|\u2606idkuhfnaf\n|c|\u2606emrysthemay|nice fnaf team LOL\n","uploadtime":1700028844,"views":15,"p1id":"emrysthemay","p2id":"idkuhfnaf","formatid":"gen9anythinggoes","rating":1000,"private":0,"password":""}