{"id":"gen9anythinggoes-1974235783","p1":"sun.pdf","p2":"Dave1200","format":"[Gen 9] Anything Goes","log":"|j|\u2606sun.pdf\n|j|\u2606Dave1200\n|t:|1698070820\n|gametype|singles\n|player|p1|sun.pdf|serena-masters|1170\n|player|p2|Dave1200|cyrus|1229\n|teamsize|p1|6\n|teamsize|p2|6\n|gen|9\n|tier|[Gen 9] Anything Goes\n|rated|\n|rule|HP Percentage Mod: HP is shown in percentages\n|rule|Endless Battle Clause: Forcing endless battles is banned\n|clearpoke\n|poke|p1|Umbreon, F|\n|poke|p1|Sylveon, M|\n|poke|p1|Greninja-*, M|\n|poke|p1|Ninetales-Alola, F|\n|poke|p1|Gallade, M|\n|poke|p1|Goodra-Hisui, F|\n|poke|p2|Infernape, F|\n|poke|p2|Snorlax, F|\n|poke|p2|Weezing, F|\n|poke|p2|Iron Treads|\n|poke|p2|Greninja-*, M|\n|poke|p2|Mesprit|\n|teampreview\n|inactive|Battle timer is ON: inactive players will automatically lose when time's up. (requested by sun.pdf)\n|inactive|Dave1200 has 120 seconds left.\n|inactive|Dave1200 has 90 seconds left.\n|\n|t:|1698070889\n|start\n|switch|p1a: Syrup|Goodra-Hisui, F, shiny|100\/100\n|switch|p2a: Snorlax|Snorlax, F|100\/100\n|turn|1\n|\n|t:|1698070898\n|move|p1a: Syrup|Surf|p2a: Snorlax\n|-damage|p2a: Snorlax|90\/100\n|move|p2a: Snorlax|Substitute|p2a: Snorlax\n|-start|p2a: Snorlax|Substitute\n|-damage|p2a: Snorlax|65\/100\n|\n|upkeep\n|turn|2\n|\n|t:|1698070905\n|move|p1a: Syrup|Flamethrower|p2a: Snorlax\n|-activate|p2a: Snorlax|move: Substitute|[damage]\n|move|p2a: Snorlax|Belly Drum|p2a: Snorlax\n|-damage|p2a: Snorlax|15\/100\n|-setboost|p2a: Snorlax|atk|6|[from] move: Belly Drum\n|-enditem|p2a: Snorlax|Sitrus Berry|[eat]\n|-heal|p2a: Snorlax|40\/100|[from] item: Sitrus Berry\n|\n|upkeep\n|turn|3\n|\n|t:|1698070915\n|move|p1a: Syrup|Dragon Pulse|p2a: Snorlax\n|-activate|p2a: Snorlax|move: Substitute|[damage]\n|move|p2a: Snorlax|Earthquake|p1a: Syrup\n|-supereffective|p1a: Syrup\n|-damage|p1a: Syrup|0 fnt\n|faint|p1a: Syrup\n|\n|upkeep\n|\n|t:|1698070924\n|switch|p1a: Azura|Sylveon, M, shiny|100\/100\n|turn|4\n|\n|t:|1698070928\n|move|p1a: Azura|Hyper Voice|p2a: Snorlax\n|-damage|p2a: Snorlax|2\/100\n|move|p2a: Snorlax|Body Slam|p1a: Azura\n|-damage|p1a: Azura|0 fnt\n|faint|p1a: Azura\n|\n|upkeep\n|\n|t:|1698070933\n|switch|p1a: Twitter|Greninja, M|100\/100\n|turn|5\n|\n|t:|1698070937\n|move|p1a: Twitter|Water Shuriken|p2a: Snorlax\n|-activate|p2a: Snorlax|move: Substitute|[damage]\n|-end|p2a: Snorlax|Substitute\n|-damage|p2a: Snorlax|0 fnt\n|faint|p2a: Snorlax\n|-ability|p1a: Twitter|Battle Bond|boost\n|-boost|p1a: Twitter|atk|1\n|-boost|p1a: Twitter|spa|1\n|-boost|p1a: Twitter|spe|1\n|-activate|p1a: Twitter|ability: Battle Bond\n|-hitcount|p2: Snorlax|3\n|\n|upkeep\n|\n|t:|1698070950\n|switch|p2a: Infernape|Infernape, F|100\/100\n|turn|6\n|\n|t:|1698070954\n|move|p1a: Twitter|Water Shuriken|p2a: Infernape\n|-supereffective|p2a: Infernape\n|-damage|p2a: Infernape|67\/100\n|-supereffective|p2a: Infernape\n|-damage|p2a: Infernape|32\/100\n|-supereffective|p2a: Infernape\n|-damage|p2a: Infernape|1\/100\n|-supereffective|p2a: Infernape\n|-damage|p2a: Infernape|0 fnt\n|faint|p2a: Infernape\n|-hitcount|p2: Infernape|4\n|\n|upkeep\n|\n|t:|1698070966\n|switch|p2a: Mesprit|Mesprit|100\/100\n|turn|7\n|\n|t:|1698070971\n|move|p1a: Twitter|Dark Pulse|p2a: Mesprit\n|-supereffective|p2a: Mesprit\n|-damage|p2a: Mesprit|8\/100\n|cant|p2a: Mesprit|flinch\n|\n|-heal|p2a: Mesprit|14\/100|[from] item: Leftovers\n|upkeep\n|turn|8\n|-message|Dave1200 forfeited.\n|\n|win|sun.pdf\n|raw|sun.pdf's rating: 1170 &rarr; <strong>1199<\/strong><br \/>(+29 for winning)\n|raw|Dave1200's rating: 1229 &rarr; <strong>1200<\/strong><br \/>(-29 for losing)\n|l|\u2606Dave1200\n|c|\u2606sun.pdf|gg\n","uploadtime":1698070991,"views":14,"p1id":"sunpdf","p2id":"dave1200","formatid":"gen9anythinggoes","rating":1199,"private":0,"password":""}