{"id":"gen9anythinggoes-1981686672","p1":"JustDaras","p2":"Wixu","format":"[Gen 9] Anything Goes","log":"|j|\u2606JustDaras\n|j|\u2606Wixu\n|t:|1698933662\n|gametype|singles\n|player|p1|JustDaras|265|\n|player|p2|Wixu|101|\n|teamsize|p1|6\n|teamsize|p2|6\n|gen|9\n|tier|[Gen 9] Anything Goes\n|rule|HP Percentage Mod: HP is shown in percentages\n|rule|Endless Battle Clause: Forcing endless battles is banned\n|clearpoke\n|poke|p1|Blissey, F|\n|poke|p1|Kyogre|\n|poke|p1|Infernape, F|\n|poke|p1|Gengar, F|\n|poke|p1|Dragapult, F|\n|poke|p1|Sylveon, M|\n|poke|p2|Moltres|\n|poke|p2|Toxicroak, M|\n|poke|p2|Wigglytuff, M|\n|poke|p2|Ninetales-Alola, F|\n|poke|p2|Slowbro-Galar, M|\n|poke|p2|Lucario, M|\n|teampreview\n|\n|t:|1698933733\n|start\n|switch|p1a: Infernape|Infernape, F|100\/100\n|switch|p2a: Toxicroak|Toxicroak, M|100\/100\n|turn|1\n|\n|t:|1698933742\n|move|p1a: Infernape|Fake Out|p2a: Toxicroak\n|-damage|p2a: Toxicroak|86\/100\n|cant|p2a: Toxicroak|flinch\n|\n|-heal|p2a: Toxicroak|92\/100|[from] item: Leftovers\n|upkeep\n|turn|2\n|\n|t:|1698933754\n|move|p1a: Infernape|Fire Punch|p2a: Toxicroak\n|-damage|p2a: Toxicroak|35\/100\n|move|p2a: Toxicroak|Brick Break|p1a: Infernape\n|-damage|p1a: Infernape|52\/100\n|\n|-heal|p1a: Infernape|58\/100|[from] item: Leftovers\n|-heal|p2a: Toxicroak|41\/100|[from] item: Leftovers\n|upkeep\n|turn|3\n|\n|t:|1698933763\n|switch|p2a: Lucario|Lucario, M|100\/100\n|move|p1a: Infernape|Fire Punch|p2a: Lucario\n|-supereffective|p2a: Lucario\n|-damage|p2a: Lucario|0 fnt\n|faint|p2a: Lucario\n|\n|-heal|p1a: Infernape|64\/100|[from] item: Leftovers\n|upkeep\n|\n|t:|1698933778\n|switch|p2a: Wigglytuff|Wigglytuff, M|100\/100\n|turn|4\n|\n|t:|1698933786\n|move|p1a: Infernape|Fake Out||[still]\n|-hint|Fake Out only works on your first turn out.\n|-fail|p1a: Infernape\n|move|p2a: Wigglytuff|Thunder Wave|p1a: Infernape\n|-status|p1a: Infernape|par\n|\n|-heal|p1a: Infernape|70\/100 par|[from] item: Leftovers\n|upkeep\n|turn|5\n|\n|t:|1698933795\n|cant|p1a: Infernape|par\n|move|p2a: Wigglytuff|Chilling Water|p1a: Infernape\n|-supereffective|p1a: Infernape\n|-damage|p1a: Infernape|43\/100 par\n|-unboost|p1a: Infernape|atk|1\n|\n|-heal|p1a: Infernape|49\/100 par|[from] item: Leftovers\n|upkeep\n|turn|6\n|\n|t:|1698933805\n|move|p1a: Infernape|Fire Punch|p2a: Wigglytuff\n|-damage|p2a: Wigglytuff|68\/100\n|-start|p1a: Infernape|Attract|[from] ability: Cute Charm|[of] p2a: Wigglytuff\n|move|p2a: Wigglytuff|Thunder Wave|p1a: Infernape|[miss]\n|-miss|p2a: Wigglytuff|p1a: Infernape\n|\n|-heal|p1a: Infernape|55\/100 par|[from] item: Leftovers\n|-heal|p2a: Wigglytuff|74\/100|[from] item: Leftovers\n|upkeep\n|turn|7\n|\n|t:|1698933815\n|-activate|p1a: Infernape|move: Attract|[of] p2a: Wigglytuff\n|cant|p1a: Infernape|Attract\n|move|p2a: Wigglytuff|Thunder Wave|p1a: Infernape\n|-fail|p1a: Infernape|par\n|\n|-heal|p1a: Infernape|61\/100 par|[from] item: Leftovers\n|-heal|p2a: Wigglytuff|80\/100|[from] item: Leftovers\n|upkeep\n|turn|8\n|\n|t:|1698933827\n|-terastallize|p2a: Wigglytuff|Normal\n|-activate|p1a: Infernape|move: Attract|[of] p2a: Wigglytuff\n|move|p1a: Infernape|Fire Blast|p2a: Wigglytuff\n|-damage|p2a: Wigglytuff|28\/100\n|move|p2a: Wigglytuff|Double-Edge|p1a: Infernape\n|-damage|p1a: Infernape|0 fnt\n|faint|p1a: Infernape\n|-damage|p2a: Wigglytuff|15\/100|[from] Recoil\n|\n|-heal|p2a: Wigglytuff|21\/100|[from] item: Leftovers\n|upkeep\n|\n|t:|1698933842\n|switch|p1a: Gengar|Gengar, F|100\/100\n|turn|9\n|\n|t:|1698933847\n|switch|p2a: Ninetales|Ninetales-Alola, F|100\/100\n|-weather|Snow|[from] ability: Snow Warning|[of] p2a: Ninetales\n|move|p1a: Gengar|Toxic Spikes|p2a: Ninetales\n|-sidestart|p2: Wixu|move: Toxic Spikes\n|\n|-weather|Snow|[upkeep]\n|upkeep\n|turn|10\n|\n|t:|1698933855\n|move|p1a: Gengar|Toxic|p2a: Ninetales\n|-status|p2a: Ninetales|tox\n|move|p2a: Ninetales|Hypnosis|p1a: Gengar|[miss]\n|-miss|p2a: Ninetales|p1a: Gengar\n|\n|-weather|Snow|[upkeep]\n|-damage|p2a: Ninetales|94\/100 tox|[from] psn\n|upkeep\n|turn|11\n|\n|t:|1698933879\n|switch|p1a: Blissey|Blissey, F|100\/100\n|move|p2a: Ninetales|Freeze-Dry|p1a: Blissey\n|-damage|p1a: Blissey|93\/100\n|\n|-weather|Snow|[upkeep]\n|-heal|p2a: Ninetales|100\/100 tox|[from] item: Leftovers\n|-heal|p1a: Blissey|99\/100|[from] item: Leftovers\n|-damage|p2a: Ninetales|88\/100 tox|[from] psn\n|upkeep\n|turn|12\n|\n|t:|1698933891\n|switch|p2a: Moltres|Moltres|100\/100\n|move|p1a: Blissey|Water Pulse|p2a: Moltres\n|-supereffective|p2a: Moltres\n|-damage|p2a: Moltres|77\/100\n|\n|-weather|Snow|[upkeep]\n|-heal|p2a: Moltres|83\/100|[from] item: Leftovers\n|-heal|p1a: Blissey|100\/100|[from] item: Leftovers\n|upkeep\n|turn|13\n|\n|t:|1698933900\n|move|p2a: Moltres|Fire Blast|p1a: Blissey\n|-damage|p1a: Blissey|84\/100\n|move|p1a: Blissey|Water Pulse|p2a: Moltres\n|-supereffective|p2a: Moltres\n|-damage|p2a: Moltres|60\/100\n|\n|-weather|none\n|-heal|p2a: Moltres|66\/100|[from] item: Leftovers\n|-heal|p1a: Blissey|90\/100|[from] item: Leftovers\n|upkeep\n|turn|14\n|\n|t:|1698933909\n|move|p2a: Moltres|Brave Bird|p1a: Blissey\n|-damage|p1a: Blissey|48\/100\n|-damage|p2a: Moltres|41\/100|[from] Recoil\n|move|p1a: Blissey|Water Pulse|p2a: Moltres\n|-supereffective|p2a: Moltres\n|-damage|p2a: Moltres|18\/100\n|\n|-heal|p2a: Moltres|25\/100|[from] item: Leftovers\n|-heal|p1a: Blissey|54\/100|[from] item: Leftovers\n|upkeep\n|turn|15\n|\n|t:|1698933919\n|move|p2a: Moltres|Rest|p2a: Moltres\n|-status|p2a: Moltres|slp|[from] move: Rest\n|-heal|p2a: Moltres|100\/100 slp|[silent]\n|move|p1a: Blissey|Water Pulse|p2a: Moltres\n|-supereffective|p2a: Moltres\n|-damage|p2a: Moltres|76\/100 slp\n|\n|-heal|p2a: Moltres|82\/100 slp|[from] item: Leftovers\n|-heal|p1a: Blissey|61\/100|[from] item: Leftovers\n|upkeep\n|turn|16\n|\n|t:|1698933929\n|cant|p2a: Moltres|slp\n|move|p2a: Moltres|Sleep Talk|p2a: Moltres\n|move|p2a: Moltres|Brave Bird|p1a: Blissey|[from]move: Sleep Talk\n|-damage|p1a: Blissey|18\/100\n|-damage|p2a: Moltres|57\/100 slp|[from] Recoil\n|move|p1a: Blissey|Water Pulse|p2a: Moltres\n|-supereffective|p2a: Moltres\n|-damage|p2a: Moltres|33\/100 slp\n|\n|-heal|p2a: Moltres|40\/100 slp|[from] item: Leftovers\n|-heal|p1a: Blissey|24\/100|[from] item: Leftovers\n|upkeep\n|turn|17\n|\n|t:|1698933941\n|cant|p2a: Moltres|slp\n|move|p1a: Blissey|Rest|p1a: Blissey\n|-status|p1a: Blissey|slp|[from] move: Rest\n|-heal|p1a: Blissey|100\/100 slp|[silent]\n|\n|-heal|p2a: Moltres|46\/100 slp|[from] item: Leftovers\n|upkeep\n|turn|18\n|\n|t:|1698933951\n|-curestatus|p2a: Moltres|slp|[msg]\n|move|p2a: Moltres|Rest|p2a: Moltres\n|-status|p2a: Moltres|slp|[from] move: Rest\n|-heal|p2a: Moltres|100\/100 slp|[silent]\n|cant|p1a: Blissey|slp\n|move|p1a: Blissey|Sleep Talk|p1a: Blissey\n|move|p1a: Blissey|Rest||[from]move: Sleep Talk|[still]\n|-fail|p1a: Blissey\n|\n|upkeep\n|turn|19\n|\n|t:|1698933961\n|cant|p2a: Moltres|slp\n|cant|p1a: Blissey|slp\n|\n|upkeep\n|turn|20\n|\n|t:|1698933967\n|cant|p2a: Moltres|slp\n|move|p2a: Moltres|Sleep Talk|p2a: Moltres\n|move|p2a: Moltres|Fire Blast|p1a: Blissey|[from]move: Sleep Talk\n|-damage|p1a: Blissey|82\/100 slp\n|-curestatus|p1a: Blissey|slp|[msg]\n|move|p1a: Blissey|Water Pulse|p2a: Moltres\n|-supereffective|p2a: Moltres\n|-damage|p2a: Moltres|80\/100 slp\n|\n|-heal|p2a: Moltres|86\/100 slp|[from] item: Leftovers\n|-heal|p1a: Blissey|88\/100|[from] item: Leftovers\n|upkeep\n|turn|21\n|\n|t:|1698933984\n|-curestatus|p2a: Moltres|slp|[msg]\n|move|p2a: Moltres|Brave Bird|p1a: Blissey\n|-damage|p1a: Blissey|42\/100\n|-damage|p2a: Moltres|58\/100|[from] Recoil\n|move|p1a: Blissey|Water Pulse|p2a: Moltres\n|-supereffective|p2a: Moltres\n|-damage|p2a: Moltres|37\/100\n|-start|p2a: Moltres|confusion\n|\n|-heal|p2a: Moltres|43\/100|[from] item: Leftovers\n|-heal|p1a: Blissey|48\/100|[from] item: Leftovers\n|upkeep\n|turn|22\n|\n|t:|1698933996\n|-activate|p2a: Moltres|confusion\n|move|p2a: Moltres|Rest|p2a: Moltres\n|-status|p2a: Moltres|slp|[from] move: Rest\n|-heal|p2a: Moltres|100\/100 slp|[silent]\n|move|p1a: Blissey|Water Pulse|p2a: Moltres\n|-supereffective|p2a: Moltres\n|-damage|p2a: Moltres|78\/100 slp\n|\n|-heal|p2a: Moltres|84\/100 slp|[from] item: Leftovers\n|-heal|p1a: Blissey|54\/100|[from] item: Leftovers\n|upkeep\n|turn|23\n|\n|t:|1698934009\n|cant|p2a: Moltres|slp\n|-end|p2a: Moltres|confusion\n|move|p2a: Moltres|Sleep Talk|p2a: Moltres\n|move|p2a: Moltres|Fire Blast|p1a: Blissey|[from]move: Sleep Talk\n|-damage|p1a: Blissey|36\/100\n|move|p1a: Blissey|Rest|p1a: Blissey\n|-status|p1a: Blissey|slp|[from] move: Rest\n|-heal|p1a: Blissey|100\/100 slp|[silent]\n|\n|-heal|p2a: Moltres|91\/100 slp|[from] item: Leftovers\n|upkeep\n|turn|24\n|\n|t:|1698934023\n|cant|p2a: Moltres|slp\n|cant|p1a: Blissey|slp\n|move|p1a: Blissey|Sleep Talk|p1a: Blissey\n|move|p1a: Blissey|Water Pulse|p2a: Moltres|[from]move: Sleep Talk\n|-supereffective|p2a: Moltres\n|-damage|p2a: Moltres|67\/100 slp\n|-start|p2a: Moltres|confusion\n|\n|-heal|p2a: Moltres|73\/100 slp|[from] item: Leftovers\n|upkeep\n|turn|25\n|\n|t:|1698934032\n|-curestatus|p2a: Moltres|slp|[msg]\n|-activate|p2a: Moltres|confusion\n|move|p2a: Moltres|Rest|p2a: Moltres\n|-status|p2a: Moltres|slp|[from] move: Rest\n|-heal|p2a: Moltres|100\/100 slp|[silent]\n|cant|p1a: Blissey|slp\n|move|p1a: Blissey|Sleep Talk|p1a: Blissey\n|move|p1a: Blissey|Water Pulse|p2a: Moltres|[from]move: Sleep Talk\n|-supereffective|p2a: Moltres\n|-damage|p2a: Moltres|77\/100 slp\n|\n|-heal|p2a: Moltres|83\/100 slp|[from] item: Leftovers\n|upkeep\n|turn|26\n|\n|t:|1698934044\n|cant|p2a: Moltres|slp\n|-activate|p2a: Moltres|confusion\n|move|p2a: Moltres|Sleep Talk|p2a: Moltres\n|move|p2a: Moltres|Fire Blast|p1a: Blissey|[from]move: Sleep Talk\n|-damage|p1a: Blissey|82\/100 slp\n|-curestatus|p1a: Blissey|slp|[msg]\n|move|p1a: Blissey|Sleep Talk||[still]\n|-fail|p1a: Blissey\n|\n|-heal|p2a: Moltres|89\/100 slp|[from] item: Leftovers\n|-heal|p1a: Blissey|88\/100|[from] item: Leftovers\n|upkeep\n|turn|27\n|\n|t:|1698934056\n|cant|p2a: Moltres|slp\n|-activate|p2a: Moltres|confusion\n|move|p2a: Moltres|Sleep Talk|p2a: Moltres\n|move|p2a: Moltres|Rest||[from]move: Sleep Talk|[still]\n|-fail|p2a: Moltres\n|move|p1a: Blissey|Water Pulse|p2a: Moltres\n|-supereffective|p2a: Moltres\n|-damage|p2a: Moltres|68\/100 slp\n|\n|-heal|p2a: Moltres|74\/100 slp|[from] item: Leftovers\n|-heal|p1a: Blissey|95\/100|[from] item: Leftovers\n|upkeep\n|turn|28\n|\n|t:|1698934068\n|-curestatus|p2a: Moltres|slp|[msg]\n|-activate|p2a: Moltres|confusion\n|-damage|p2a: Moltres|67\/100|[from] confusion\n|move|p1a: Blissey|Water Pulse|p2a: Moltres\n|-supereffective|p2a: Moltres\n|-damage|p2a: Moltres|43\/100\n|\n|-heal|p2a: Moltres|50\/100|[from] item: Leftovers\n|-heal|p1a: Blissey|100\/100|[from] item: Leftovers\n|upkeep\n|turn|29\n|\n|t:|1698934079\n|-end|p2a: Moltres|confusion\n|move|p2a: Moltres|Rest|p2a: Moltres\n|-status|p2a: Moltres|slp|[from] move: Rest\n|-heal|p2a: Moltres|100\/100 slp|[silent]\n|move|p1a: Blissey|Water Pulse|p2a: Moltres\n|-supereffective|p2a: Moltres\n|-damage|p2a: Moltres|79\/100 slp\n|\n|-heal|p2a: Moltres|85\/100 slp|[from] item: Leftovers\n|upkeep\n|turn|30\n|\n|t:|1698934089\n|switch|p1a: Gengar|Gengar, F|100\/100\n|cant|p2a: Moltres|slp\n|move|p2a: Moltres|Sleep Talk|p2a: Moltres\n|move|p2a: Moltres|Brave Bird|p1a: Gengar|[from]move: Sleep Talk\n|-damage|p1a: Gengar|47\/100\n|-damage|p2a: Moltres|71\/100 slp|[from] Recoil\n|\n|-heal|p1a: Gengar|53\/100|[from] item: Leftovers\n|-heal|p2a: Moltres|77\/100 slp|[from] item: Leftovers\n|upkeep\n|turn|31\n|\n|t:|1698934102\n|switch|p2a: Slowbro|Slowbro-Galar, M|100\/100\n|-sideend|p2: Wixu|move: Toxic Spikes|[of] p2a: Slowbro\n|move|p1a: Gengar|Toxic|p2a: Slowbro\n|-immune|p2a: Slowbro\n|\n|-heal|p1a: Gengar|59\/100|[from] item: Leftovers\n|upkeep\n|turn|32\n|\n|t:|1698934112\n|switch|p1a: Sylveon|Sylveon, M, shiny|100\/100\n|move|p2a: Slowbro|Drain Punch|p1a: Sylveon\n|-resisted|p1a: Sylveon\n|-damage|p1a: Sylveon|89\/100\n|\n|upkeep\n|turn|33\n|-activate|p2a: Slowbro|ability: Quick Draw\n|\n|t:|1698934121\n|move|p2a: Slowbro|Blizzard|p1a: Sylveon|[miss]\n|-miss|p2a: Slowbro|p1a: Sylveon\n|move|p1a: Sylveon|Dazzling Gleam|p2a: Slowbro\n|-resisted|p2a: Slowbro\n|-damage|p2a: Slowbro|75\/100\n|\n|-heal|p2a: Slowbro|81\/100|[from] item: Leftovers\n|upkeep\n|turn|34\n|\n|t:|1698934133\n|switch|p2a: Ninetales|Ninetales-Alola, F|88\/100 tox\n|-weather|Snow|[from] ability: Snow Warning|[of] p2a: Ninetales\n|move|p1a: Sylveon|Dazzling Gleam|p2a: Ninetales\n|-damage|p2a: Ninetales|55\/100 tox\n|\n|-weather|Snow|[upkeep]\n|-heal|p2a: Ninetales|61\/100 tox|[from] item: Leftovers\n|-damage|p2a: Ninetales|55\/100 tox|[from] psn\n|upkeep\n|turn|35\n|\n|t:|1698934144\n|switch|p1a: Gengar|Gengar, F|59\/100\n|move|p2a: Ninetales|Hypnosis|p1a: Gengar|[miss]\n|-miss|p2a: Ninetales|p1a: Gengar\n|\n|-weather|Snow|[upkeep]\n|-heal|p1a: Gengar|65\/100|[from] item: Leftovers\n|-heal|p2a: Ninetales|61\/100 tox|[from] item: Leftovers\n|-damage|p2a: Ninetales|49\/100 tox|[from] psn\n|upkeep\n|turn|36\n|\n|t:|1698934156\n|switch|p2a: Toxicroak|Toxicroak, M|41\/100\n|move|p1a: Gengar|Toxic Spikes|p2a: Toxicroak\n|-sidestart|p2: Wixu|move: Toxic Spikes\n|\n|-weather|Snow|[upkeep]\n|-heal|p1a: Gengar|71\/100|[from] item: Leftovers\n|-heal|p2a: Toxicroak|47\/100|[from] item: Leftovers\n|upkeep\n|turn|37\n|\n|t:|1698934167\n|switch|p1a: Sylveon|Sylveon, M, shiny|89\/100\n|move|p2a: Toxicroak|Chilling Water|p1a: Sylveon\n|-damage|p1a: Sylveon|80\/100\n|-unboost|p1a: Sylveon|atk|1\n|\n|-weather|Snow|[upkeep]\n|-heal|p2a: Toxicroak|53\/100|[from] item: Leftovers\n|upkeep\n|turn|38\n|\n|t:|1698934176\n|move|p2a: Toxicroak|Bullet Punch|p1a: Sylveon\n|-supereffective|p1a: Sylveon\n|-damage|p1a: Sylveon|45\/100\n|move|p1a: Sylveon|Dazzling Gleam|p2a: Toxicroak\n|-damage|p2a: Toxicroak|1\/100\n|\n|-weather|none\n|-heal|p2a: Toxicroak|7\/100|[from] item: Leftovers\n|upkeep\n|turn|39\n|\n|t:|1698934187\n|move|p2a: Toxicroak|Earthquake|p1a: Sylveon\n|-damage|p1a: Sylveon|8\/100\n|move|p1a: Sylveon|Rest|p1a: Sylveon\n|-status|p1a: Sylveon|slp|[from] move: Rest\n|-heal|p1a: Sylveon|100\/100 slp|[silent]\n|\n|-heal|p2a: Toxicroak|13\/100|[from] item: Leftovers\n|upkeep\n|turn|40\n|\n|t:|1698934201\n|switch|p2a: Slowbro|Slowbro-Galar, M|81\/100\n|-sideend|p2: Wixu|move: Toxic Spikes|[of] p2a: Slowbro\n|cant|p1a: Sylveon|slp\n|\n|-heal|p2a: Slowbro|87\/100|[from] item: Leftovers\n|upkeep\n|turn|41\n|\n|t:|1698934214\n|cant|p1a: Sylveon|slp\n|move|p2a: Slowbro|Body Slam|p1a: Sylveon\n|-damage|p1a: Sylveon|70\/100 slp\n|\n|-heal|p2a: Slowbro|93\/100|[from] item: Leftovers\n|upkeep\n|turn|42\n|\n|t:|1698934229\n|-curestatus|p1a: Sylveon|slp|[msg]\n|move|p1a: Sylveon|Draining Kiss|p2a: Slowbro\n|-resisted|p2a: Slowbro\n|-damage|p2a: Slowbro|78\/100\n|-heal|p1a: Sylveon|82\/100|[from] drain|[of] p2a: Slowbro\n|move|p2a: Slowbro|Drain Punch|p1a: Sylveon\n|-resisted|p1a: Sylveon\n|-damage|p1a: Sylveon|70\/100\n|-heal|p2a: Slowbro|84\/100|[from] drain|[of] p1a: Sylveon\n|\n|-heal|p2a: Slowbro|90\/100|[from] item: Leftovers\n|upkeep\n|turn|43\n|c|\u2606Wixu|chuj\n|\n|t:|1698934242\n|move|p1a: Sylveon|Draining Kiss|p2a: Slowbro\n|-resisted|p2a: Slowbro\n|-damage|p2a: Slowbro|74\/100\n|-heal|p1a: Sylveon|82\/100|[from] drain|[of] p2a: Slowbro\n|move|p2a: Slowbro|Avalanche|p1a: Sylveon\n|-damage|p1a: Sylveon|40\/100\n|\n|-heal|p2a: Slowbro|80\/100|[from] item: Leftovers\n|upkeep\n|turn|44\n|\n|t:|1698934262\n|move|p1a: Sylveon|Draining Kiss|p2a: Slowbro\n|-resisted|p2a: Slowbro\n|-damage|p2a: Slowbro|65\/100\n|-heal|p1a: Sylveon|52\/100|[from] drain|[of] p2a: Slowbro\n|move|p2a: Slowbro|Avalanche|p1a: Sylveon\n|-damage|p1a: Sylveon|9\/100\n|\n|-heal|p2a: Slowbro|71\/100|[from] item: Leftovers\n|upkeep\n|turn|45\n|\n|t:|1698934272\n|move|p1a: Sylveon|Rest|p1a: Sylveon\n|-status|p1a: Sylveon|slp|[from] move: Rest\n|-heal|p1a: Sylveon|100\/100 slp|[silent]\n|move|p2a: Slowbro|Avalanche|p1a: Sylveon\n|-damage|p1a: Sylveon|79\/100 slp\n|\n|-heal|p2a: Slowbro|77\/100|[from] item: Leftovers\n|upkeep\n|turn|46\n|\n|t:|1698934286\n|switch|p1a: Dragapult|Dragapult, F|100\/100\n|move|p2a: Slowbro|Avalanche|p1a: Dragapult\n|-supereffective|p1a: Dragapult\n|-damage|p1a: Dragapult|63\/100\n|\n|-heal|p2a: Slowbro|83\/100|[from] item: Leftovers\n|upkeep\n|turn|47\n|\n|t:|1698934294\n|move|p2a: Slowbro|Avalanche|p1a: Dragapult\n|-supereffective|p1a: Dragapult\n|-damage|p1a: Dragapult|26\/100\n|move|p1a: Dragapult|Dragon Tail|p2a: Slowbro\n|-damage|p2a: Slowbro|50\/100\n|drag|p2a: Ninetales|Ninetales-Alola, F|49\/100 tox\n|-weather|Snow|[from] ability: Snow Warning|[of] p2a: Ninetales\n|\n|-weather|Snow|[upkeep]\n|-heal|p2a: Ninetales|55\/100 tox|[from] item: Leftovers\n|-damage|p2a: Ninetales|49\/100 tox|[from] psn\n|upkeep\n|turn|48\n|\n|t:|1698934308\n|move|p1a: Dragapult|Protect|p1a: Dragapult\n|-singleturn|p1a: Dragapult|Protect\n|move|p2a: Ninetales|Powder Snow|p1a: Dragapult\n|-activate|p1a: Dragapult|move: Protect\n|\n|-weather|Snow|[upkeep]\n|-heal|p2a: Ninetales|55\/100 tox|[from] item: Leftovers\n|-damage|p2a: Ninetales|42\/100 tox|[from] psn\n|upkeep\n|turn|49\n|\n|t:|1698934322\n|move|p1a: Dragapult|Shadow Ball|p2a: Ninetales\n|-damage|p2a: Ninetales|18\/100 tox\n|move|p2a: Ninetales|Hypnosis|p1a: Dragapult\n|-status|p1a: Dragapult|slp|[from] move: Hypnosis\n|\n|-weather|Snow|[upkeep]\n|-heal|p2a: Ninetales|24\/100 tox|[from] item: Leftovers\n|-damage|p2a: Ninetales|5\/100 tox|[from] psn\n|upkeep\n|turn|50\n|\n|t:|1698934334\n|switch|p1a: Gengar|Gengar, F|71\/100\n|move|p2a: Ninetales|Body Slam|p1a: Gengar\n|-immune|p1a: Gengar\n|\n|-weather|Snow|[upkeep]\n|-heal|p1a: Gengar|77\/100|[from] item: Leftovers\n|-heal|p2a: Ninetales|11\/100 tox|[from] item: Leftovers\n|-damage|p2a: Ninetales|0 fnt|[from] psn\n|faint|p2a: Ninetales\n|upkeep\n|\n|t:|1698934347\n|switch|p2a: Slowbro|Slowbro-Galar, M|50\/100\n|turn|51\n|\n|t:|1698934358\n|move|p1a: Gengar|Protect|p1a: Gengar\n|-singleturn|p1a: Gengar|Protect\n|move|p2a: Slowbro|Avalanche|p1a: Gengar\n|-activate|p1a: Gengar|move: Protect\n|\n|-weather|none\n|-heal|p1a: Gengar|83\/100|[from] item: Leftovers\n|-heal|p2a: Slowbro|56\/100|[from] item: Leftovers\n|upkeep\n|turn|52\n|\n|t:|1698934367\n|switch|p1a: Dragapult|Dragapult, F|26\/100 slp\n|move|p2a: Slowbro|Avalanche|p1a: Dragapult\n|-supereffective|p1a: Dragapult\n|-crit|p1a: Dragapult\n|-damage|p1a: Dragapult|0 fnt\n|faint|p1a: Dragapult\n|\n|-heal|p2a: Slowbro|62\/100|[from] item: Leftovers\n|upkeep\n|\n|t:|1698934380\n|switch|p1a: Blissey|Blissey, F|100\/100\n|turn|53\n|\n|t:|1698934383\n|switch|p2a: Moltres|Moltres|77\/100 slp\n|move|p1a: Blissey|Water Pulse|p2a: Moltres\n|-supereffective|p2a: Moltres\n|-damage|p2a: Moltres|55\/100 slp\n|\n|-heal|p2a: Moltres|62\/100 slp|[from] item: Leftovers\n|upkeep\n|turn|54\n|\n|t:|1698934391\n|cant|p2a: Moltres|slp\n|move|p2a: Moltres|Sleep Talk|p2a: Moltres\n|move|p2a: Moltres|Rest||[from]move: Sleep Talk|[still]\n|-fail|p2a: Moltres\n|move|p1a: Blissey|Water Pulse|p2a: Moltres\n|-supereffective|p2a: Moltres\n|-damage|p2a: Moltres|41\/100 slp\n|-start|p2a: Moltres|confusion\n|\n|-heal|p2a: Moltres|48\/100 slp|[from] item: Leftovers\n|upkeep\n|turn|55\n|\n|t:|1698934409\n|-curestatus|p2a: Moltres|slp|[msg]\n|-activate|p2a: Moltres|confusion\n|-damage|p2a: Moltres|40\/100|[from] confusion\n|move|p1a: Blissey|Water Pulse|p2a: Moltres\n|-supereffective|p2a: Moltres\n|-damage|p2a: Moltres|16\/100\n|\n|-heal|p2a: Moltres|22\/100|[from] item: Leftovers\n|upkeep\n|turn|56\n|\n|t:|1698934418\n|-activate|p2a: Moltres|confusion\n|-damage|p2a: Moltres|15\/100|[from] confusion\n|move|p1a: Blissey|Water Pulse|p2a: Moltres\n|-supereffective|p2a: Moltres\n|-damage|p2a: Moltres|0 fnt\n|faint|p2a: Moltres\n|\n|upkeep\n|\n|t:|1698934426\n|switch|p2a: Slowbro|Slowbro-Galar, M|62\/100\n|turn|57\n|\n|t:|1698934441\n|move|p1a: Blissey|Water Pulse|p2a: Slowbro\n|-damage|p2a: Slowbro|48\/100\n|-start|p2a: Slowbro|confusion\n|-activate|p2a: Slowbro|confusion\n|-damage|p2a: Slowbro|36\/100|[from] confusion\n|\n|-heal|p2a: Slowbro|43\/100|[from] item: Leftovers\n|upkeep\n|turn|58\n|\n|t:|1698934450\n|move|p1a: Blissey|Water Pulse|p2a: Slowbro\n|-crit|p2a: Slowbro\n|-damage|p2a: Slowbro|21\/100\n|-activate|p2a: Slowbro|confusion\n|-damage|p2a: Slowbro|10\/100|[from] confusion\n|\n|-heal|p2a: Slowbro|16\/100|[from] item: Leftovers\n|upkeep\n|turn|59\n|\n|t:|1698934466\n|move|p1a: Blissey|Water Pulse|p2a: Slowbro\n|-damage|p2a: Slowbro|2\/100\n|-end|p2a: Slowbro|confusion\n|move|p2a: Slowbro|Drain Punch|p1a: Blissey\n|-supereffective|p1a: Blissey\n|-damage|p1a: Blissey|54\/100\n|-heal|p2a: Slowbro|47\/100|[from] drain|[of] p1a: Blissey\n|\n|-heal|p1a: Blissey|60\/100|[from] item: Leftovers\n|-heal|p2a: Slowbro|53\/100|[from] item: Leftovers\n|upkeep\n|turn|60\n|\n|t:|1698934478\n|move|p1a: Blissey|Water Pulse|p2a: Slowbro\n|-damage|p2a: Slowbro|41\/100\n|-start|p2a: Slowbro|confusion\n|-activate|p2a: Slowbro|confusion\n|move|p2a: Slowbro|Drain Punch|p1a: Blissey\n|-supereffective|p1a: Blissey\n|-damage|p1a: Blissey|13\/100\n|-heal|p2a: Slowbro|86\/100|[from] drain|[of] p1a: Blissey\n|\n|-heal|p1a: Blissey|20\/100|[from] item: Leftovers\n|-heal|p2a: Slowbro|92\/100|[from] item: Leftovers\n|upkeep\n|turn|61\n|-activate|p2a: Slowbro|ability: Quick Draw\n|\n|t:|1698934489\n|-end|p2a: Slowbro|confusion\n|move|p2a: Slowbro|Drain Punch|p1a: Blissey\n|-supereffective|p1a: Blissey\n|-damage|p1a: Blissey|0 fnt\n|-heal|p2a: Slowbro|100\/100|[from] drain|[of] p1a: Blissey\n|faint|p1a: Blissey\n|\n|upkeep\n|\n|t:|1698934499\n|switch|p1a: Sylveon|Sylveon, M, shiny|79\/100 slp\n|turn|62\n|\n|t:|1698934506\n|cant|p1a: Sylveon|slp\n|move|p2a: Slowbro|Avalanche|p1a: Sylveon\n|-damage|p1a: Sylveon|59\/100 slp\n|\n|upkeep\n|turn|63\n|\n|t:|1698934513\n|cant|p1a: Sylveon|slp\n|move|p2a: Slowbro|Blizzard|p1a: Sylveon\n|-damage|p1a: Sylveon|36\/100 slp\n|\n|upkeep\n|turn|64\n|\n|t:|1698934521\n|-curestatus|p1a: Sylveon|slp|[msg]\n|move|p1a: Sylveon|Draining Kiss|p2a: Slowbro\n|-resisted|p2a: Slowbro\n|-damage|p2a: Slowbro|86\/100\n|-heal|p1a: Sylveon|47\/100|[from] drain|[of] p2a: Slowbro\n|move|p2a: Slowbro|Drain Punch|p1a: Sylveon\n|-resisted|p1a: Sylveon\n|-damage|p1a: Sylveon|34\/100\n|-heal|p2a: Slowbro|93\/100|[from] drain|[of] p1a: Sylveon\n|\n|-heal|p2a: Slowbro|99\/100|[from] item: Leftovers\n|upkeep\n|turn|65\n|\n|t:|1698934534\n|switch|p2a: Toxicroak|Toxicroak, M|13\/100\n|move|p1a: Sylveon|Dazzling Gleam|p2a: Toxicroak\n|-damage|p2a: Toxicroak|0 fnt\n|faint|p2a: Toxicroak\n|\n|upkeep\n|\n|t:|1698934540\n|switch|p2a: Wigglytuff|Wigglytuff, M, tera:Normal|21\/100\n|turn|66\n|\n|t:|1698934549\n|move|p1a: Sylveon|Trailblaze|p2a: Wigglytuff\n|-damage|p2a: Wigglytuff|9\/100\n|-boost|p1a: Sylveon|spe|1\n|move|p2a: Wigglytuff|Chilling Water|p1a: Sylveon\n|-damage|p1a: Sylveon|24\/100\n|-unboost|p1a: Sylveon|atk|1\n|\n|-heal|p2a: Wigglytuff|15\/100|[from] item: Leftovers\n|upkeep\n|turn|67\n|\n|t:|1698934562\n|move|p1a: Sylveon|Draining Kiss|p2a: Wigglytuff\n|-damage|p2a: Wigglytuff|0 fnt\n|-heal|p1a: Sylveon|39\/100|[from] drain|[of] p2a: Wigglytuff\n|faint|p2a: Wigglytuff\n|\n|upkeep\n|\n|t:|1698934568\n|switch|p2a: Slowbro|Slowbro-Galar, M|99\/100\n|turn|68\n|\n|t:|1698934573\n|move|p1a: Sylveon|Draining Kiss|p2a: Slowbro\n|-resisted|p2a: Slowbro\n|-crit|p2a: Slowbro\n|-damage|p2a: Slowbro|78\/100\n|-heal|p1a: Sylveon|55\/100|[from] drain|[of] p2a: Slowbro\n|move|p2a: Slowbro|Body Slam|p1a: Sylveon\n|-damage|p1a: Sylveon|24\/100\n|-status|p1a: Sylveon|par\n|\n|-heal|p2a: Slowbro|84\/100|[from] item: Leftovers\n|upkeep\n|turn|69\n|\n|t:|1698934583\n|move|p1a: Sylveon|Draining Kiss|p2a: Slowbro\n|-resisted|p2a: Slowbro\n|-damage|p2a: Slowbro|69\/100\n|-heal|p1a: Sylveon|35\/100 par|[from] drain|[of] p2a: Slowbro\n|move|p2a: Slowbro|Body Slam|p1a: Sylveon\n|-damage|p1a: Sylveon|8\/100 par\n|\n|-heal|p2a: Slowbro|75\/100|[from] item: Leftovers\n|upkeep\n|turn|70\n|-activate|p2a: Slowbro|ability: Quick Draw\n|\n|t:|1698934592\n|move|p2a: Slowbro|Body Slam|p1a: Sylveon\n|-damage|p1a: Sylveon|0 fnt\n|faint|p1a: Sylveon\n|\n|-heal|p2a: Slowbro|81\/100|[from] item: Leftovers\n|upkeep\n|\n|t:|1698934599\n|switch|p1a: Kyogre|Kyogre, shiny|100\/100\n|-weather|RainDance|[from] ability: Drizzle|[of] p1a: Kyogre\n|turn|71\n|\n|t:|1698934610\n|move|p1a: Kyogre|Ancient Power|p2a: Slowbro\n|-crit|p2a: Slowbro\n|-damage|p2a: Slowbro|43\/100\n|move|p2a: Slowbro|Body Slam|p1a: Kyogre\n|-damage|p1a: Kyogre|76\/100\n|\n|-weather|RainDance|[upkeep]\n|-heal|p2a: Slowbro|50\/100|[from] item: Leftovers\n|upkeep\n|turn|72\n|-activate|p2a: Slowbro|ability: Quick Draw\n|\n|t:|1698934617\n|move|p2a: Slowbro|Drain Punch|p1a: Kyogre\n|-damage|p1a: Kyogre|58\/100\n|-heal|p2a: Slowbro|59\/100|[from] drain|[of] p1a: Kyogre\n|move|p1a: Kyogre|Ancient Power|p2a: Slowbro\n|-damage|p2a: Slowbro|34\/100\n|\n|-weather|RainDance|[upkeep]\n|-heal|p2a: Slowbro|40\/100|[from] item: Leftovers\n|upkeep\n|turn|73\n|\n|t:|1698934629\n|move|p1a: Kyogre|Ancient Power|p2a: Slowbro\n|-damage|p2a: Slowbro|12\/100\n|move|p2a: Slowbro|Blizzard|p1a: Kyogre\n|-resisted|p1a: Kyogre\n|-damage|p1a: Kyogre|47\/100\n|\n|-weather|RainDance|[upkeep]\n|-heal|p2a: Slowbro|19\/100|[from] item: Leftovers\n|upkeep\n|turn|74\n|\n|t:|1698934638\n|move|p1a: Kyogre|Ancient Power|p2a: Slowbro\n|-damage|p2a: Slowbro|0 fnt\n|faint|p2a: Slowbro\n|\n|win|JustDaras\n","uploadtime":1698934645,"views":12,"p1id":"justdaras","p2id":"wixu","formatid":"gen9anythinggoes","rating":0,"private":0,"password":""}