{"id":"gen9anythinggoes-1998907894","p1":"Jerome1234567","p2":"Jeremoon","format":"[Gen 9] Anything Goes","log":"|j|\u2606Jerome1234567\n|j|\u2606Jeremoon\n|t:|1701011629\n|gametype|singles\n|player|p1|Jerome1234567|1|\n|player|p2|Jeremoon|1|\n|teamsize|p1|6\n|teamsize|p2|6\n|gen|9\n|tier|[Gen 9] Anything Goes\n|rule|HP Percentage Mod: HP is shown in percentages\n|rule|Endless Battle Clause: Forcing endless battles is banned\n|clearpoke\n|poke|p1|Glimmora, F|\n|poke|p1|Milotic, F|\n|poke|p1|Ogerpon-Hearthflame, F|\n|poke|p1|Florges, F|\n|poke|p1|Eelektross, M|\n|poke|p1|Staraptor, M|\n|poke|p2|Diancie|\n|poke|p2|Cresselia, F|\n|poke|p2|Heatran, M|\n|poke|p2|Goodra-Hisui, F|\n|poke|p2|Thundurus-Therian, M|\n|poke|p2|Zoroark-Hisui, M|\n|teampreview\n|c|\u2606Jerome1234567|Gl hf\n|\n|t:|1701011714\n|start\n|switch|p1a: Glimmora|Glimmora, F, shiny|100\/100\n|switch|p2a: Cresselia|Cresselia, F|100\/100\n|turn|1\n|\n|t:|1701011737\n|move|p1a: Glimmora|Earth Power|p2a: Cresselia\n|-immune|p2a: Cresselia|[from] ability: Levitate\n|move|p2a: Cresselia|Calm Mind|p2a: Cresselia\n|-boost|p2a: Cresselia|spa|1\n|-boost|p2a: Cresselia|spd|1\n|\n|upkeep\n|turn|2\n|\n|t:|1701011751\n|switch|p1a: Eelektross|Eelektross, M|100\/100\n|move|p2a: Cresselia|Trick Room|p2a: Cresselia\n|-fieldstart|move: Trick Room|[of] p2a: Cresselia\n|\n|upkeep\n|turn|3\n|\n|t:|1701011776\n|move|p1a: Eelektross|Discharge|p2a: Cresselia\n|-damage|p2a: Cresselia|86\/100\n|move|p2a: Cresselia|Moonblast|p1a: Eelektross\n|-damage|p1a: Eelektross|83\/100\n|\n|upkeep\n|turn|4\n|\n|t:|1701011784\n|move|p1a: Eelektross|Giga Drain|p2a: Cresselia\n|-damage|p2a: Cresselia|75\/100\n|-heal|p1a: Eelektross|90\/100|[from] drain|[of] p2a: Cresselia\n|move|p2a: Cresselia|Calm Mind|p2a: Cresselia\n|-boost|p2a: Cresselia|spa|1\n|-boost|p2a: Cresselia|spd|1\n|\n|upkeep\n|turn|5\n|\n|t:|1701011792\n|move|p1a: Eelektross|Discharge|p2a: Cresselia\n|-damage|p2a: Cresselia|63\/100\n|move|p2a: Cresselia|Calm Mind|p2a: Cresselia\n|-boost|p2a: Cresselia|spa|1\n|-boost|p2a: Cresselia|spd|1\n|\n|upkeep\n|turn|6\n|\n|t:|1701011816\n|move|p1a: Eelektross|Volt Switch|p2a: Cresselia\n|-damage|p2a: Cresselia|54\/100\n|\n|t:|1701011821\n|switch|p1a: Florges|Florges, F|100\/100|[from] Volt Switch\n|move|p2a: Cresselia|Moonblast|p1a: Florges\n|-damage|p1a: Florges|71\/100\n|\n|-heal|p1a: Florges|77\/100|[from] item: Leftovers\n|-fieldend|move: Trick Room\n|upkeep\n|turn|7\n|\n|t:|1701011837\n|move|p2a: Cresselia|Moonblast|p1a: Florges\n|-damage|p1a: Florges|49\/100\n|-unboost|p1a: Florges|spa|1\n|move|p1a: Florges|Calm Mind|p1a: Florges\n|-boost|p1a: Florges|spa|1\n|-boost|p1a: Florges|spd|1\n|\n|-heal|p1a: Florges|55\/100|[from] item: Leftovers\n|upkeep\n|turn|8\n|\n|t:|1701011857\n|move|p2a: Cresselia|Moonblast|p1a: Florges\n|-crit|p1a: Florges\n|-damage|p1a: Florges|10\/100\n|move|p1a: Florges|Calm Mind|p1a: Florges\n|-boost|p1a: Florges|spa|1\n|-boost|p1a: Florges|spd|1\n|\n|-heal|p1a: Florges|17\/100|[from] item: Leftovers\n|upkeep\n|turn|9\n|\n|t:|1701011876\n|move|p2a: Cresselia|Moonblast|p1a: Florges\n|-damage|p1a: Florges|4\/100\n|move|p1a: Florges|Draining Kiss|p2a: Cresselia\n|-damage|p2a: Cresselia|45\/100\n|-heal|p1a: Florges|12\/100|[from] drain|[of] p2a: Cresselia\n|-damage|p1a: Florges|0 fnt|[from] item: Rocky Helmet|[of] p2a: Cresselia\n|faint|p1a: Florges\n|\n|upkeep\n|\n|t:|1701011886\n|switch|p1a: Ogerpon|Ogerpon-Hearthflame, F|100\/100\n|-ability|p1a: Ogerpon|Mold Breaker\n|turn|10\n|\n|t:|1701011897\n|-terastallize|p2a: Cresselia|Fairy\n|move|p1a: Ogerpon|Knock Off|p2a: Cresselia\n|-resisted|p2a: Cresselia\n|-damage|p2a: Cresselia|35\/100\n|-damage|p1a: Ogerpon|84\/100|[from] item: Rocky Helmet|[of] p2a: Cresselia\n|-enditem|p2a: Cresselia|Rocky Helmet|[from] move: Knock Off|[of] p1a: Ogerpon\n|move|p2a: Cresselia|Moonlight|p2a: Cresselia\n|-heal|p2a: Cresselia|85\/100\n|\n|upkeep\n|turn|11\n|\n|t:|1701011911\n|switch|p1a: Glimmora|Glimmora, F, shiny|100\/100\n|move|p2a: Cresselia|Moonblast|p1a: Glimmora\n|-resisted|p1a: Glimmora\n|-damage|p1a: Glimmora|60\/100\n|\n|upkeep\n|turn|12\n|\n|t:|1701011921\n|move|p1a: Glimmora|Sludge Wave|p2a: Cresselia\n|-supereffective|p2a: Cresselia\n|-damage|p2a: Cresselia|47\/100\n|move|p2a: Cresselia|Moonblast|p1a: Glimmora\n|-resisted|p1a: Glimmora\n|-damage|p1a: Glimmora|17\/100\n|-unboost|p1a: Glimmora|spa|1\n|\n|upkeep\n|turn|13\n|\n|t:|1701011932\n|move|p1a: Glimmora|Sludge Wave|p2a: Cresselia\n|-supereffective|p2a: Cresselia\n|-damage|p2a: Cresselia|24\/100\n|move|p2a: Cresselia|Moonlight|p2a: Cresselia\n|-heal|p2a: Cresselia|74\/100\n|\n|upkeep\n|turn|14\n|\n|t:|1701011941\n|move|p1a: Glimmora|Sludge Wave|p2a: Cresselia\n|-supereffective|p2a: Cresselia\n|-damage|p2a: Cresselia|50\/100\n|-status|p2a: Cresselia|psn\n|move|p2a: Cresselia|Moonblast|p1a: Glimmora\n|-resisted|p1a: Glimmora\n|-damage|p1a: Glimmora|0 fnt\n|faint|p1a: Glimmora\n|\n|-damage|p2a: Cresselia|38\/100 psn|[from] psn\n|upkeep\n|\n|t:|1701011963\n|switch|p1a: Staraptor|Staraptor, M|100\/100\n|turn|15\n|\n|t:|1701011972\n|move|p1a: Staraptor|U-turn|p2a: Cresselia\n|-resisted|p2a: Cresselia\n|-damage|p2a: Cresselia|31\/100 psn\n|\n|t:|1701011977\n|switch|p1a: Eelektross|Eelektross, M|90\/100|[from] U-turn\n|move|p2a: Cresselia|Trick Room|p2a: Cresselia\n|-fieldstart|move: Trick Room|[of] p2a: Cresselia\n|\n|-damage|p2a: Cresselia|19\/100 psn|[from] psn\n|upkeep\n|turn|16\n|\n|t:|1701011987\n|move|p1a: Eelektross|Discharge|p2a: Cresselia\n|-damage|p2a: Cresselia|10\/100 psn\n|move|p2a: Cresselia|Moonblast|p1a: Eelektross\n|-damage|p1a: Eelektross|41\/100\n|-unboost|p1a: Eelektross|spa|1\n|\n|-damage|p2a: Cresselia|0 fnt|[from] psn\n|faint|p2a: Cresselia\n|upkeep\n|\n|t:|1701012009\n|switch|p2a: Diancie|Diancie|100\/100\n|turn|17\n|\n|t:|1701012017\n|move|p2a: Diancie|Diamond Storm|p1a: Eelektross\n|-damage|p1a: Eelektross|4\/100\n|-boost|p2a: Diancie|def|2\n|move|p1a: Eelektross|Giga Drain|p2a: Diancie\n|-supereffective|p2a: Diancie\n|-damage|p2a: Diancie|79\/100\n|-heal|p1a: Eelektross|13\/100|[from] drain|[of] p2a: Diancie\n|-enditem|p2a: Diancie|Weakness Policy\n|-boost|p2a: Diancie|atk|2|[from] item: Weakness Policy\n|-boost|p2a: Diancie|spa|2|[from] item: Weakness Policy\n|\n|upkeep\n|turn|18\n|\n|t:|1701012029\n|switch|p1a: Ogerpon|Ogerpon-Hearthflame, F|84\/100\n|-ability|p1a: Ogerpon|Mold Breaker\n|move|p2a: Diancie|Diamond Storm|p1a: Ogerpon\n|-supereffective|p1a: Ogerpon\n|-damage|p1a: Ogerpon|0 fnt\n|faint|p1a: Ogerpon\n|\n|upkeep\n|\n|t:|1701012040\n|switch|p1a: Staraptor|Staraptor, M|100\/100\n|turn|19\n|\n|t:|1701012046\n|move|p2a: Diancie|Diamond Storm|p1a: Staraptor\n|-supereffective|p1a: Staraptor\n|-damage|p1a: Staraptor|0 fnt\n|faint|p1a: Staraptor\n|\n|-fieldend|move: Trick Room\n|upkeep\n|\n|t:|1701012052\n|switch|p1a: Milotic|Milotic, F|100\/100\n|turn|20\n|\n|t:|1701012082\n|move|p1a: Milotic|Ice Beam|p2a: Diancie\n|-damage|p2a: Diancie|65\/100\n|move|p2a: Diancie|Diamond Storm|p1a: Milotic\n|-damage|p1a: Milotic|47\/100\n|\n|-status|p1a: Milotic|brn|[from] item: Flame Orb\n|upkeep\n|turn|21\n|\n|t:|1701012096\n|move|p1a: Milotic|Ice Beam|p2a: Diancie\n|-damage|p2a: Diancie|51\/100\n|-status|p2a: Diancie|frz\n|cant|p2a: Diancie|frz\n|\n|-damage|p1a: Milotic|41\/100 brn|[from] brn\n|upkeep\n|turn|22\n|\n|t:|1701012104\n|move|p1a: Milotic|Recover|p1a: Milotic\n|-heal|p1a: Milotic|91\/100 brn\n|-curestatus|p2a: Diancie|frz|[msg]\n|move|p2a: Diancie|Diamond Storm|p1a: Milotic\n|-damage|p1a: Milotic|53\/100 brn\n|\n|-damage|p1a: Milotic|47\/100 brn|[from] brn\n|upkeep\n|turn|23\n|\n|t:|1701012117\n|move|p1a: Milotic|Ice Beam|p2a: Diancie\n|-damage|p2a: Diancie|37\/100\n|move|p2a: Diancie|Diamond Storm|p1a: Milotic\n|-crit|p1a: Milotic\n|-damage|p1a: Milotic|0 fnt\n|faint|p1a: Milotic\n|\n|upkeep\n|\n|t:|1701012125\n|switch|p1a: Eelektross|Eelektross, M|13\/100\n|turn|24\n|\n|t:|1701012133\n|switch|p2a: Thundurus|Thundurus-Therian, M|100\/100\n|move|p1a: Eelektross|Giga Drain|p2a: Thundurus\n|-resisted|p2a: Thundurus\n|-damage|p2a: Thundurus|88\/100\n|-heal|p1a: Eelektross|18\/100|[from] drain|[of] p2a: Thundurus\n|\n|upkeep\n|turn|25\n|\n|t:|1701012146\n|move|p2a: Thundurus|Psychic|p1a: Eelektross\n|-damage|p1a: Eelektross|0 fnt\n|faint|p1a: Eelektross\n|\n|win|Jeremoon\n|l|\u2606Jerome1234567\n","uploadtime":1701012166,"views":24,"p1id":"jerome1234567","p2id":"jeremoon","formatid":"gen9anythinggoes","rating":0,"private":0,"password":""}