{"id":"gen9anythinggoes-1981803408","p1":"TanPadeusz","p2":"Wixu","format":"[Gen 9] Anything Goes","log":"|j|\u2606TanPadeusz\n|j|\u2606Wixu\n|t:|1698942821\n|gametype|singles\n|player|p1|TanPadeusz|giovanni|\n|player|p2|Wixu|101|\n|teamsize|p1|6\n|teamsize|p2|6\n|gen|9\n|tier|[Gen 9] Anything Goes\n|rule|HP Percentage Mod: HP is shown in percentages\n|rule|Endless Battle Clause: Forcing endless battles is banned\n|clearpoke\n|poke|p1|Gallade, M|\n|poke|p1|Tinkaton, F|\n|poke|p1|Toxapex, M|\n|poke|p1|Gliscor, M|\n|poke|p1|Zoroark-Hisui, F|\n|poke|p1|Hydreigon, F|\n|poke|p2|Moltres|\n|poke|p2|Lucario, M|\n|poke|p2|Slowbro-Galar, F|\n|poke|p2|Greninja-*, M|\n|poke|p2|Dragapult, M|\n|poke|p2|Regieleki|\n|teampreview\n|\n|t:|1698942826\n|start\n|switch|p1a: Toxapex|Toxapex, M|100\/100\n|switch|p2a: Lucario|Lucario, M|100\/100\n|turn|1\n|\n|t:|1698942835\n|switch|p2a: kurwa jebana|Regieleki|100\/100\n|switch|p1a: Gliscor|Gliscor, M|100\/100\n|\n|-status|p1a: Gliscor|tox|[from] item: Toxic Orb\n|upkeep\n|turn|2\n|\n|t:|1698942843\n|switch|p2a: Lucario|Lucario, M|100\/100\n|move|p1a: Gliscor|Earthquake|p2a: Lucario\n|-supereffective|p2a: Lucario\n|-enditem|p2a: Lucario|Focus Sash\n|-damage|p2a: Lucario|1\/100\n|\n|upkeep\n|turn|3\n|\n|t:|1698942858\n|move|p1a: Gliscor|Knock Off|p2a: Lucario\n|-resisted|p2a: Lucario\n|-damage|p2a: Lucario|0 fnt\n|faint|p2a: Lucario\n|\n|upkeep\n|\n|t:|1698942878\n|switch|p2a: Slowbro|Slowbro-Galar, F|100\/100\n|turn|4\n|\n|t:|1698942886\n|-terastallize|p2a: Slowbro|Poison\n|move|p2a: Slowbro|Protect|p2a: Slowbro\n|-singleturn|p2a: Slowbro|Protect\n|move|p1a: Gliscor|Earthquake|p2a: Slowbro\n|-activate|p2a: Slowbro|move: Protect\n|\n|upkeep\n|turn|5\n|j| itsStona\n|\n|t:|1698942895\n|move|p2a: Slowbro|Protect|p2a: Slowbro\n|-singleturn|p2a: Slowbro|Protect\n|move|p1a: Gliscor|Earthquake|p2a: Slowbro\n|-activate|p2a: Slowbro|move: Protect\n|\n|upkeep\n|turn|6\n|\n|t:|1698942901\n|move|p2a: Slowbro|Protect||[still]\n|-fail|p2a: Slowbro\n|move|p1a: Gliscor|Earthquake|p2a: Slowbro\n|-supereffective|p2a: Slowbro\n|-damage|p2a: Slowbro|19\/100\n|\n|-heal|p2a: Slowbro|25\/100|[from] item: Leftovers\n|upkeep\n|turn|7\n|\n|t:|1698942908\n|move|p1a: Gliscor|Earthquake|p2a: Slowbro\n|-supereffective|p2a: Slowbro\n|-damage|p2a: Slowbro|0 fnt\n|faint|p2a: Slowbro\n|\n|upkeep\n|\n|t:|1698942912\n|switch|p2a: kurwa jebana|Regieleki|100\/100\n|turn|8\n|\n|t:|1698942919\n|move|p1a: Gliscor|Protect|p1a: Gliscor\n|-singleturn|p1a: Gliscor|Protect\n|move|p2a: kurwa jebana|Ancient Power|p1a: Gliscor\n|-activate|p1a: Gliscor|move: Protect\n|\n|upkeep\n|turn|9\n|\n|t:|1698942927\n|move|p2a: kurwa jebana|Thunderbolt|p1a: Gliscor\n|-immune|p1a: Gliscor\n|move|p1a: Gliscor|Earthquake|p2a: kurwa jebana\n|-supereffective|p2a: kurwa jebana\n|-enditem|p2a: kurwa jebana|Focus Sash\n|-damage|p2a: kurwa jebana|1\/100\n|\n|upkeep\n|turn|10\n|\n|t:|1698942938\n|move|p2a: kurwa jebana|Protect|p2a: kurwa jebana\n|-singleturn|p2a: kurwa jebana|Protect\n|move|p1a: Gliscor|Protect||[still]\n|-fail|p1a: Gliscor\n|\n|upkeep\n|turn|11\n|c| itsStona|kurwa wix smh\n|\n|t:|1698942944\n|move|p2a: kurwa jebana|Explosion|p1a: Gliscor\n|-damage|p1a: Gliscor|50\/100 tox\n|faint|p2a: kurwa jebana\n|move|p1a: Gliscor|Earthquake|p2: kurwa jebana|[notarget]\n|-fail|p1a: Gliscor\n|\n|-heal|p1a: Gliscor|63\/100 tox|[from] ability: Poison Heal\n|upkeep\n|\n|t:|1698942951\n|switch|p2a: Moltres|Moltres|100\/100\n|turn|12\n|\n|t:|1698942962\n|move|p1a: Gliscor|Dual Wingbeat|p2a: Moltres\n|-damage|p2a: Moltres|82\/100\n|-damage|p2a: Moltres|63\/100\n|-hitcount|p2a: Moltres|2\n|move|p2a: Moltres|Brave Bird|p1a: Gliscor\n|-damage|p1a: Gliscor|0 fnt\n|faint|p1a: Gliscor\n|-damage|p2a: Moltres|43\/100|[from] Recoil\n|-damage|p2a: Moltres|33\/100|[from] item: Life Orb\n|\n|upkeep\n|\n|t:|1698942972\n|switch|p1a: Hydreigon|Hydreigon, F|100\/100\n|turn|13\n|\n|t:|1698942979\n|move|p2a: Moltres|Rest|p2a: Moltres\n|-status|p2a: Moltres|slp|[from] move: Rest\n|-heal|p2a: Moltres|100\/100 slp|[silent]\n|move|p1a: Hydreigon|Dragon Dance|p1a: Hydreigon\n|-boost|p1a: Hydreigon|atk|1\n|-boost|p1a: Hydreigon|spe|1\n|\n|upkeep\n|turn|14\n|\n|t:|1698942986\n|move|p1a: Hydreigon|Dragon Dance|p1a: Hydreigon\n|-boost|p1a: Hydreigon|atk|1\n|-boost|p1a: Hydreigon|spe|1\n|cant|p2a: Moltres|slp\n|move|p2a: Moltres|Sleep Talk|p2a: Moltres\n|move|p2a: Moltres|Brave Bird|p1a: Hydreigon|[from]move: Sleep Talk\n|-damage|p1a: Hydreigon|24\/100\n|-damage|p2a: Moltres|75\/100 slp|[from] Recoil\n|-damage|p2a: Moltres|65\/100 slp|[from] item: Life Orb\n|\n|upkeep\n|turn|15\n|\n|t:|1698942998\n|move|p1a: Hydreigon|Crunch|p2a: Moltres\n|-damage|p2a: Moltres|0 fnt\n|-status|p1a: Hydreigon|brn|[from] ability: Flame Body|[of] p2a: Moltres\n|faint|p2a: Moltres\n|\n|-damage|p1a: Hydreigon|18\/100 brn|[from] brn\n|upkeep\n|\n|t:|1698943006\n|switch|p2a: Greninja|Greninja, M|100\/100\n|turn|16\n|\n|t:|1698943013\n|move|p2a: Greninja|Ice Beam|p1a: Hydreigon\n|-supereffective|p1a: Hydreigon\n|-damage|p1a: Hydreigon|0 fnt\n|faint|p1a: Hydreigon\n|-ability|p2a: Greninja|Battle Bond|boost\n|-boost|p2a: Greninja|atk|1\n|-boost|p2a: Greninja|spa|1\n|-boost|p2a: Greninja|spe|1\n|-activate|p2a: Greninja|ability: Battle Bond\n|\n|upkeep\n|\n|t:|1698943021\n|switch|p1a: Toxapex|Toxapex, M|100\/100\n|turn|17\n|c| itsStona|brat realnie zrobil moltresa tak ze traci 50% hp za kazdym attackiem\n|\n|t:|1698943025\n|move|p2a: Greninja|Ice Beam|p1a: Toxapex\n|-resisted|p1a: Toxapex\n|-damage|p1a: Toxapex|82\/100\n|move|p1a: Toxapex|Toxic|p2a: Greninja\n|-status|p2a: Greninja|tox\n|\n|-heal|p1a: Toxapex|88\/100|[from] item: Black Sludge\n|-damage|p2a: Greninja|95\/100 tox|[from] psn\n|upkeep\n|turn|18\n|\n|t:|1698943035\n|move|p1a: Toxapex|Baneful Bunker|p1a: Toxapex\n|-singleturn|p1a: Toxapex|move: Protect\n|move|p2a: Greninja|Dark Pulse|p1a: Toxapex\n|-activate|p1a: Toxapex|move: Protect\n|\n|-heal|p1a: Toxapex|95\/100|[from] item: Black Sludge\n|-damage|p2a: Greninja|83\/100 tox|[from] psn\n|upkeep\n|turn|19\n|c| itsStona|wywal life orb\n|c|\u2606Wixu|co ty tu kurwa robisz\n|\n|t:|1698943052\n|move|p2a: Greninja|Dark Pulse|p1a: Toxapex\n|-damage|p1a: Toxapex|50\/100\n|move|p1a: Toxapex|Toxic Spikes|p2a: Greninja\n|-sidestart|p2: Wixu|move: Toxic Spikes\n|\n|-heal|p1a: Toxapex|56\/100|[from] item: Black Sludge\n|-damage|p2a: Greninja|65\/100 tox|[from] psn\n|upkeep\n|turn|20\n|c| itsStona|sram\n|c|\u2606Wixu|wy pier dalaj\n|\n|t:|1698943059\n|move|p1a: Toxapex|Baneful Bunker|p1a: Toxapex\n|-singleturn|p1a: Toxapex|move: Protect\n|move|p2a: Greninja|Dark Pulse|p1a: Toxapex\n|-activate|p1a: Toxapex|move: Protect\n|\n|-heal|p1a: Toxapex|62\/100|[from] item: Black Sludge\n|-damage|p2a: Greninja|41\/100 tox|[from] psn\n|upkeep\n|turn|21\n|\n|t:|1698943072\n|move|p2a: Greninja|Dark Pulse|p1a: Toxapex\n|-damage|p1a: Toxapex|19\/100\n|cant|p1a: Toxapex|flinch\n|\n|-heal|p1a: Toxapex|26\/100|[from] item: Black Sludge\n|-damage|p2a: Greninja|11\/100 tox|[from] psn\n|upkeep\n|turn|22\n|c| itsStona|nie dopoki padeusz nie zrobi ze mna 1v1\n|\n|t:|1698943080\n|move|p1a: Toxapex|Baneful Bunker|p1a: Toxapex\n|-singleturn|p1a: Toxapex|move: Protect\n|move|p2a: Greninja|Dark Pulse|p1a: Toxapex\n|-activate|p1a: Toxapex|move: Protect\n|\n|-heal|p1a: Toxapex|32\/100|[from] item: Black Sludge\n|-damage|p2a: Greninja|0 fnt|[from] psn\n|faint|p2a: Greninja\n|upkeep\n|\n|t:|1698943088\n|switch|p2a: Dragapult|Dragapult, M|100\/100\n|-status|p2a: Dragapult|psn\n|turn|23\n|\n|t:|1698943101\n|move|p2a: Dragapult|Draco Meteor|p1a: Toxapex\n|-damage|p1a: Toxapex|0 fnt\n|-unboost|p2a: Dragapult|spa|2\n|faint|p1a: Toxapex\n|\n|-damage|p2a: Dragapult|88\/100 psn|[from] psn\n|upkeep\n|\n|t:|1698943108\n|switch|p1a: Tinkaton|Tinkaton, F|100\/100\n|turn|24\n|\n|t:|1698943111\n|move|p2a: Dragapult|Draco Meteor|p1a: Tinkaton\n|-immune|p1a: Tinkaton\n|move|p1a: Tinkaton|Gigaton Hammer|p2a: Dragapult\n|-damage|p2a: Dragapult|17\/100 psn\n|-start|p1a: Tinkaton|Disable|Gigaton Hammer|[from] ability: Cursed Body|[of] p2a: Dragapult\n|\n|-damage|p2a: Dragapult|4\/100 psn|[from] psn\n|upkeep\n|turn|25\n|\n|t:|1698943122\n|move|p2a: Dragapult|Dragon Dance|p2a: Dragapult\n|-boost|p2a: Dragapult|atk|1\n|-boost|p2a: Dragapult|spe|1\n|move|p1a: Tinkaton|Play Rough|p2a: Dragapult\n|-supereffective|p2a: Dragapult\n|-damage|p2a: Dragapult|0 fnt\n|faint|p2a: Dragapult\n|\n|win|TanPadeusz\n","uploadtime":1698943146,"views":5,"p1id":"tanpadeusz","p2id":"wixu","formatid":"gen9anythinggoes","rating":0,"private":0,"password":""}