{"id":"gen9anythinggoes-1988591595","p1":"cattya","p2":"superboicool","format":"[Gen 9] Anything Goes","log":"|j|\u203dcattya\n|j|\u2606superboicool\n|t:|1699739604\n|gametype|singles\n|player|p1|cattya|plasmagruntf|1100\n|player|p2|superboicool|266|1062\n|teamsize|p1|6\n|teamsize|p2|6\n|gen|9\n|tier|[Gen 9] Anything Goes\n|rated|\n|rule|HP Percentage Mod: HP is shown in percentages\n|rule|Endless Battle Clause: Forcing endless battles is banned\n|clearpoke\n|poke|p1|Glimmora, F|\n|poke|p1|Spiritomb, F|\n|poke|p1|Zoroark-Hisui, F|\n|poke|p1|Iron Hands|\n|poke|p1|Samurott-Hisui, M|\n|poke|p1|Rayquaza|\n|poke|p2|Mewtwo|\n|poke|p2|Koraidon|\n|poke|p2|Zacian-*|\n|poke|p2|Dialga|\n|poke|p2|Magnezone|\n|poke|p2|Blissey, F|\n|teampreview\n|\n|t:|1699739618\n|start\n|switch|p1a: Glimmora|Glimmora, F|100\/100\n|switch|p2a: Magnezone|Magnezone, shiny|100\/100\n|-item|p1a: Glimmora|Air Balloon\n|turn|1\n|\n|t:|1699739625\n|move|p1a: Glimmora|Stealth Rock|p2a: Magnezone\n|-sidestart|p2: superboicool|move: Stealth Rock\n|move|p2a: Magnezone|Thunderbolt|p1a: Glimmora\n|-damage|p1a: Glimmora|64\/100\n|-enditem|p1a: Glimmora|Air Balloon\n|\n|upkeep\n|turn|2\n|\n|t:|1699739631\n|move|p1a: Glimmora|Spikes|p2a: Magnezone\n|-sidestart|p2: superboicool|Spikes\n|move|p2a: Magnezone|Thunderbolt|p1a: Glimmora\n|-damage|p1a: Glimmora|29\/100\n|\n|upkeep\n|turn|3\n|\n|t:|1699739637\n|move|p1a: Glimmora|Spikes|p2a: Magnezone\n|-sidestart|p2: superboicool|Spikes\n|move|p2a: Magnezone|Thunderbolt|p1a: Glimmora\n|-damage|p1a: Glimmora|0 fnt\n|faint|p1a: Glimmora\n|\n|upkeep\n|inactive|Battle timer is ON: inactive players will automatically lose when time's up. (requested by superboicool)\n|\n|t:|1699739650\n|switch|p1a: Iron Hands|Iron Hands|100\/100\n|-enditem|p1a: Iron Hands|Booster Energy\n|-activate|p1a: Iron Hands|ability: Quark Drive|[fromitem]\n|-start|p1a: Iron Hands|quarkdriveatk\n|turn|4\n|\n|t:|1699739657\n|move|p1a: Iron Hands|Fake Out|p2a: Magnezone\n|-resisted|p2a: Magnezone\n|-damage|p2a: Magnezone|91\/100\n|cant|p2a: Magnezone|flinch\n|\n|upkeep\n|turn|5\n|\n|t:|1699739662\n|move|p2a: Magnezone|Thunderbolt|p1a: Iron Hands\n|-resisted|p1a: Iron Hands\n|-damage|p1a: Iron Hands|83\/100\n|move|p1a: Iron Hands|Drain Punch|p2a: Magnezone\n|-supereffective|p2a: Magnezone\n|-damage|p2a: Magnezone|0 fnt\n|-heal|p1a: Iron Hands|100\/100|[from] drain|[of] p2a: Magnezone\n|faint|p2a: Magnezone\n|\n|upkeep\n|\n|t:|1699739670\n|switch|p2a: Blissey|Blissey, F, shiny|100\/100\n|-damage|p2a: Blissey|88\/100|[from] Stealth Rock\n|-damage|p2a: Blissey|71\/100|[from] Spikes\n|turn|6\n|\n|t:|1699739676\n|move|p2a: Blissey|Ice Beam|p1a: Iron Hands\n|-damage|p1a: Iron Hands|86\/100\n|-status|p1a: Iron Hands|frz\n|cant|p1a: Iron Hands|frz\n|\n|upkeep\n|turn|7\n|\n|t:|1699739683\n|move|p2a: Blissey|Blizzard|p1a: Iron Hands\n|-damage|p1a: Iron Hands|69\/100 frz\n|-curestatus|p1a: Iron Hands|frz|[msg]\n|move|p1a: Iron Hands|Belly Drum|p1a: Iron Hands\n|-damage|p1a: Iron Hands|19\/100\n|-setboost|p1a: Iron Hands|atk|6|[from] move: Belly Drum\n|\n|upkeep\n|turn|8\n|\n|t:|1699739692\n|move|p2a: Blissey|Calm Mind|p2a: Blissey\n|-boost|p2a: Blissey|spa|1\n|-boost|p2a: Blissey|spd|1\n|move|p1a: Iron Hands|Drain Punch|p2a: Blissey\n|-supereffective|p2a: Blissey\n|-damage|p2a: Blissey|0 fnt\n|-heal|p1a: Iron Hands|64\/100|[from] drain|[of] p2a: Blissey\n|faint|p2a: Blissey\n|\n|upkeep\n|\n|t:|1699739700\n|switch|p2a: Mewtwo|Mewtwo, shiny|100\/100\n|-damage|p2a: Mewtwo|88\/100|[from] Stealth Rock\n|-damage|p2a: Mewtwo|72\/100|[from] Spikes\n|-ability|p2a: Mewtwo|Pressure\n|turn|9\n|\n|t:|1699739708\n|move|p2a: Mewtwo|Zen Headbutt|p1a: Iron Hands\n|-supereffective|p1a: Iron Hands\n|-damage|p1a: Iron Hands|17\/100\n|move|p1a: Iron Hands|Fire Punch|p2a: Mewtwo\n|-damage|p2a: Mewtwo|0 fnt\n|faint|p2a: Mewtwo\n|\n|upkeep\n|\n|t:|1699739715\n|switch|p2a: Dialga|Dialga, shiny|100\/100\n|-damage|p2a: Dialga|95\/100|[from] Stealth Rock\n|-damage|p2a: Dialga|78\/100|[from] Spikes\n|-ability|p2a: Dialga|Pressure\n|turn|10\n|\n|t:|1699739724\n|-terastallize|p1a: Iron Hands|Fighting\n|move|p2a: Dialga|Brick Break|p1a: Iron Hands\n|-damage|p1a: Iron Hands|5\/100\n|move|p1a: Iron Hands|Drain Punch|p2a: Dialga\n|-supereffective|p2a: Dialga\n|-damage|p2a: Dialga|0 fnt\n|-heal|p1a: Iron Hands|33\/100|[from] drain|[of] p2a: Dialga\n|faint|p2a: Dialga\n|\n|upkeep\n|\n|t:|1699739735\n|switch|p2a: Zacian|Zacian-Crowned, shiny|100\/100\n|-damage|p2a: Zacian|94\/100|[from] Stealth Rock\n|-damage|p2a: Zacian|78\/100|[from] Spikes\n|-ability|p2a: Zacian|Intrepid Sword|boost\n|-boost|p2a: Zacian|atk|1\n|turn|11\n|\n|t:|1699739741\n|move|p2a: Zacian|Dazzling Gleam|p1a: Iron Hands\n|-supereffective|p1a: Iron Hands\n|-damage|p1a: Iron Hands|0 fnt\n|faint|p1a: Iron Hands\n|-end|p1a: Iron Hands|Quark Drive|[silent]\n|\n|upkeep\n|\n|t:|1699739764\n|switch|p1a: Spiritomb|Spiritomb, F, shiny|100\/100\n|turn|12\n|\n|t:|1699739790\n|move|p2a: Zacian|Iron Defense|p2a: Zacian\n|-boost|p2a: Zacian|def|2\n|move|p1a: Spiritomb|Knock Off|p2a: Zacian\n|-resisted|p2a: Zacian\n|-crit|p2a: Zacian\n|-damage|p2a: Zacian|64\/100\n|\n|upkeep\n|turn|13\n|\n|t:|1699739797\n|-singleturn|p1a: Spiritomb|move: Focus Punch\n|move|p2a: Zacian|Psychic Fangs|p1a: Spiritomb\n|-damage|p1a: Spiritomb|2\/100\n|replace|p1a: Zoroark|Zoroark-Hisui, F, shiny\n|-end|p1a: Zoroark|Illusion\n|cant|p1a: Zoroark|Focus Punch|Focus Punch\n|\n|upkeep\n|turn|14\n|\n|t:|1699739810\n|move|p2a: Zacian|Iron Defense|p2a: Zacian\n|-boost|p2a: Zacian|def|2\n|move|p1a: Zoroark|Hex|p2a: Zacian\n|-damage|p2a: Zacian|43\/100\n|\n|upkeep\n|turn|15\n|\n|t:|1699739816\n|-singleturn|p1a: Zoroark|move: Focus Punch\n|move|p2a: Zacian|Body Slam|p1a: Zoroark\n|-immune|p1a: Zoroark\n|move|p1a: Zoroark|Focus Punch|p2a: Zacian\n|-damage|p2a: Zacian|30\/100\n|\n|upkeep\n|turn|16\n|\n|t:|1699739823\n|-singleturn|p1a: Zoroark|move: Focus Punch\n|move|p2a: Zacian|Psychic Fangs|p1a: Zoroark\n|-damage|p1a: Zoroark|0 fnt\n|faint|p1a: Zoroark\n|\n|upkeep\n|\n|t:|1699739832\n|switch|p1a: Samurott|Samurott-Hisui, M|100\/100\n|turn|17\n|\n|t:|1699739837\n|move|p2a: Zacian|Psychic Fangs|p1a: Samurott\n|-immune|p1a: Samurott\n|move|p1a: Samurott|Sacred Sword|p2a: Zacian\n|-damage|p2a: Zacian|0 fnt\n|faint|p2a: Zacian\n|\n|upkeep\n|\n|t:|1699739844\n|switch|p2a: Koraidon|Koraidon|100\/100\n|-damage|p2a: Koraidon|94\/100|[from] Stealth Rock\n|-damage|p2a: Koraidon|78\/100|[from] Spikes\n|-weather|SunnyDay|[from] ability: Orichalcum Pulse|[of] p2a: Koraidon\n|-activate|p2a: Koraidon|Orichalcum Pulse|[source]\n|turn|18\n|\n|t:|1699739851\n|move|p2a: Koraidon|Bulk Up|p2a: Koraidon\n|-boost|p2a: Koraidon|atk|1\n|-boost|p2a: Koraidon|def|1\n|move|p1a: Samurott|Sacred Sword|p2a: Koraidon\n|-damage|p2a: Koraidon|41\/100\n|-damage|p1a: Samurott|84\/100|[from] item: Rocky Helmet|[of] p2a: Koraidon\n|\n|-weather|SunnyDay|[upkeep]\n|upkeep\n|turn|19\n|\n|t:|1699739860\n|move|p2a: Koraidon|Draco Meteor|p1a: Samurott\n|-damage|p1a: Samurott|15\/100\n|-unboost|p2a: Koraidon|spa|2\n|move|p1a: Samurott|Sacred Sword|p2a: Koraidon\n|-damage|p2a: Koraidon|0 fnt\n|-damage|p1a: Samurott|0 fnt|[from] item: Rocky Helmet|[of] p2a: Koraidon\n|faint|p2a: Koraidon\n|faint|p1a: Samurott\n|\n|win|cattya\n|raw|cattya's rating: 1100 &rarr; <strong>1122<\/strong><br \/>(+22 for winning)\n|raw|superboicool's rating: 1062 &rarr; <strong>1045<\/strong><br \/>(-17 for losing)\n","uploadtime":1699739874,"views":6,"p1id":"cattya","p2id":"superboicool","formatid":"gen9anythinggoes","rating":1045,"private":0,"password":""}