{"id":"gen9anythinggoes-1975066030","p1":"cp99","p2":"PlasticTeamTester","format":"[Gen 9] Anything Goes","log":"|j|\u2606cp99\n|j|\u2606PlasticTeamTester\n|t:|1698159238\n|gametype|singles\n|player|p1|cp99|266|\n|player|p2|PlasticTeamTester|policeman-gen4|\n|teamsize|p1|6\n|teamsize|p2|6\n|gen|9\n|tier|[Gen 9] Anything Goes\n|rule|HP Percentage Mod: HP is shown in percentages\n|rule|Endless Battle Clause: Forcing endless battles is banned\n|clearpoke\n|poke|p1|Clodsire, F|\n|poke|p1|Tauros-Paldea-Blaze, M|\n|poke|p1|Noivern, M|\n|poke|p1|Iron Treads|\n|poke|p1|Iron Jugulis|\n|poke|p1|Slither Wing|\n|poke|p2|Slowking-Galar, M|\n|poke|p2|Tatsugiri, F|\n|poke|p2|Hippowdon, M|\n|poke|p2|Rotom-Heat|\n|poke|p2|Polteageist|\n|poke|p2|Enamorus-Therian, F|\n|teampreview\n|inactive|Battle timer is ON: inactive players will automatically lose when time's up. (requested by PlasticTeamTester)\n|\n|t:|1698159250\n|start\n|switch|p1a: Noivern|Noivern, M|100\/100\n|switch|p2a: Rotom|Rotom-Heat|100\/100\n|turn|1\n|inactive|cp99 has 270 seconds left.\n|\n|t:|1698159282\n|move|p1a: Noivern|Super Fang|p2a: Rotom\n|-damage|p2a: Rotom|50\/100\n|move|p2a: Rotom|Volt Switch|p1a: Noivern\n|-damage|p1a: Noivern|66\/100\n|\n|t:|1698159285\n|switch|p2a: Slowking|Slowking-Galar, M|100\/100|[from] Volt Switch\n|\n|upkeep\n|turn|2\n|\n|t:|1698159290\n|switch|p1a: Iron Treads|Iron Treads|100\/100\n|-enditem|p1a: Iron Treads|Booster Energy\n|-activate|p1a: Iron Treads|ability: Quark Drive|[fromitem]\n|-start|p1a: Iron Treads|quarkdrivespe\n|move|p2a: Slowking|Surf|p1a: Iron Treads\n|-supereffective|p1a: Iron Treads\n|-damage|p1a: Iron Treads|13\/100\n|\n|upkeep\n|turn|3\n|\n|t:|1698159300\n|switch|p2a: Hippowdon|Hippowdon, M|100\/100\n|-weather|Sandstorm|[from] ability: Sand Stream|[of] p2a: Hippowdon\n|move|p1a: Iron Treads|Knock Off|p2a: Hippowdon\n|-damage|p2a: Hippowdon|85\/100\n|-enditem|p2a: Hippowdon|Leftovers|[from] move: Knock Off|[of] p1a: Iron Treads\n|\n|-weather|Sandstorm|[upkeep]\n|upkeep\n|turn|4\n|\n|t:|1698159327\n|move|p1a: Iron Treads|Earthquake|p2a: Hippowdon\n|-crit|p2a: Hippowdon\n|-damage|p2a: Hippowdon|46\/100\n|move|p2a: Hippowdon|Stealth Rock|p1a: Iron Treads\n|-sidestart|p1: cp99|move: Stealth Rock\n|\n|-weather|Sandstorm|[upkeep]\n|upkeep\n|turn|5\n|\n|t:|1698159336\n|move|p1a: Iron Treads|Rapid Spin|p2a: Hippowdon\n|-damage|p2a: Hippowdon|38\/100\n|-boost|p1a: Iron Treads|spe|1\n|-sideend|p1: cp99|Stealth Rock|[from] move: Rapid Spin|[of] p1a: Iron Treads\n|move|p2a: Hippowdon|Slack Off|p2a: Hippowdon\n|-heal|p2a: Hippowdon|88\/100\n|\n|-weather|Sandstorm|[upkeep]\n|upkeep\n|turn|6\n|\n|t:|1698159341\n|-end|p1a: Iron Treads|Quark Drive|[silent]\n|switch|p1a: Noivern|Noivern, M|66\/100\n|move|p2a: Hippowdon|Earthquake|p1a: Noivern\n|-immune|p1a: Noivern\n|\n|-weather|Sandstorm|[upkeep]\n|-damage|p1a: Noivern|60\/100|[from] Sandstorm\n|upkeep\n|turn|7\n|\n|t:|1698159345\n|switch|p2a: Slowking|Slowking-Galar, M|100\/100\n|move|p1a: Noivern|Draco Meteor|p2a: Slowking\n|-damage|p2a: Slowking|65\/100\n|-unboost|p1a: Noivern|spa|2\n|\n|-weather|none\n|upkeep\n|turn|8\n|\n|t:|1698159356\n|move|p1a: Noivern|Roost|p1a: Noivern\n|-heal|p1a: Noivern|100\/100\n|-singleturn|p1a: Noivern|move: Roost\n|move|p2a: Slowking|Psyshock|p1a: Noivern\n|-damage|p1a: Noivern|46\/100\n|\n|upkeep\n|turn|9\n|\n|t:|1698159366\n|move|p1a: Noivern|Roost|p1a: Noivern\n|-heal|p1a: Noivern|96\/100\n|-singleturn|p1a: Noivern|move: Roost\n|move|p2a: Slowking|Sludge Bomb|p1a: Noivern\n|-damage|p1a: Noivern|40\/100\n|-status|p1a: Noivern|psn\n|\n|-damage|p1a: Noivern|28\/100 psn|[from] psn\n|upkeep\n|turn|10\n|\n|t:|1698159372\n|move|p1a: Noivern|Super Fang|p2a: Slowking|[miss]\n|-miss|p1a: Noivern|p2a: Slowking\n|move|p2a: Slowking|Sludge Bomb|p1a: Noivern\n|-damage|p1a: Noivern|0 fnt\n|faint|p1a: Noivern\n|\n|upkeep\n|\n|t:|1698159374\n|switch|p1a: Iron Treads|Iron Treads|13\/100\n|turn|11\n|\n|t:|1698159382\n|switch|p2a: Hippowdon|Hippowdon, M|88\/100\n|-weather|Sandstorm|[from] ability: Sand Stream|[of] p2a: Hippowdon\n|move|p1a: Iron Treads|Earthquake|p2a: Hippowdon\n|-damage|p2a: Hippowdon|65\/100\n|\n|-weather|Sandstorm|[upkeep]\n|upkeep\n|turn|12\n|\n|t:|1698159384\n|move|p1a: Iron Treads|Earthquake|p2a: Hippowdon\n|-crit|p2a: Hippowdon\n|-damage|p2a: Hippowdon|29\/100\n|move|p2a: Hippowdon|Stealth Rock|p1a: Iron Treads\n|-sidestart|p1: cp99|move: Stealth Rock\n|\n|-weather|Sandstorm|[upkeep]\n|upkeep\n|turn|13\n|\n|t:|1698159390\n|move|p1a: Iron Treads|Rapid Spin|p2a: Hippowdon\n|-damage|p2a: Hippowdon|21\/100\n|-boost|p1a: Iron Treads|spe|1\n|-sideend|p1: cp99|Stealth Rock|[from] move: Rapid Spin|[of] p1a: Iron Treads\n|move|p2a: Hippowdon|Slack Off|p2a: Hippowdon\n|-heal|p2a: Hippowdon|71\/100\n|\n|-weather|Sandstorm|[upkeep]\n|upkeep\n|turn|14\n|\n|t:|1698159397\n|-end|p1a: Iron Treads|Quark Drive|[silent]\n|switch|p1a: Iron Jugulis|Iron Jugulis|100\/100\n|-enditem|p1a: Iron Jugulis|Booster Energy\n|-activate|p1a: Iron Jugulis|ability: Quark Drive|[fromitem]\n|-start|p1a: Iron Jugulis|quarkdrivespe\n|move|p2a: Hippowdon|Stealth Rock|p1a: Iron Jugulis\n|-sidestart|p1: cp99|move: Stealth Rock\n|\n|-weather|Sandstorm|[upkeep]\n|-damage|p1a: Iron Jugulis|94\/100|[from] Sandstorm\n|upkeep\n|turn|15\n|\n|t:|1698159407\n|move|p1a: Iron Jugulis|Dark Pulse|p2a: Hippowdon\n|-damage|p2a: Hippowdon|26\/100\n|cant|p2a: Hippowdon|flinch\n|\n|-weather|none\n|upkeep\n|turn|16\n|\n|t:|1698159412\n|switch|p2a: Slowking|Slowking-Galar, M|99\/100\n|move|p1a: Iron Jugulis|Dark Pulse|p2a: Slowking\n|-supereffective|p2a: Slowking\n|-damage|p2a: Slowking|59\/100\n|\n|upkeep\n|turn|17\n|\n|t:|1698159422\n|-end|p1a: Iron Jugulis|Quark Drive|[silent]\n|switch|p1a: Iron Treads|Iron Treads|13\/100\n|-damage|p1a: Iron Treads|10\/100|[from] Stealth Rock\n|move|p2a: Slowking|Sludge Bomb|p1a: Iron Treads\n|-immune|p1a: Iron Treads\n|\n|upkeep\n|turn|18\n|\n|t:|1698159434\n|switch|p2a: Enamorus|Enamorus-Therian, F|100\/100\n|move|p1a: Iron Treads|Rapid Spin|p2a: Enamorus\n|-damage|p2a: Enamorus|89\/100\n|-boost|p1a: Iron Treads|spe|1\n|-sideend|p1: cp99|Stealth Rock|[from] move: Rapid Spin|[of] p1a: Iron Treads\n|\n|-heal|p2a: Enamorus|95\/100|[from] item: Leftovers\n|upkeep\n|turn|19\n|\n|t:|1698159458\n|-terastallize|p2a: Enamorus|Ground\n|move|p1a: Iron Treads|Earthquake|p2a: Enamorus\n|-damage|p2a: Enamorus|61\/100\n|move|p2a: Enamorus|Iron Defense|p2a: Enamorus\n|-boost|p2a: Enamorus|def|2\n|\n|-heal|p2a: Enamorus|67\/100|[from] item: Leftovers\n|upkeep\n|turn|20\n|\n|t:|1698159462\n|-end|p1a: Iron Treads|Quark Drive|[silent]\n|switch|p1a: Clodsire|Clodsire, F|100\/100\n|move|p2a: Enamorus|Calm Mind|p2a: Enamorus\n|-boost|p2a: Enamorus|spa|1\n|-boost|p2a: Enamorus|spd|1\n|\n|-heal|p2a: Enamorus|73\/100|[from] item: Leftovers\n|upkeep\n|turn|21\n|\n|t:|1698159465\n|move|p2a: Enamorus|Earth Power|p1a: Clodsire\n|-supereffective|p1a: Clodsire\n|-damage|p1a: Clodsire|31\/100\n|move|p1a: Clodsire|Haze|p1a: Clodsire\n|-clearallboost\n|\n|-heal|p2a: Enamorus|79\/100|[from] item: Leftovers\n|upkeep\n|turn|22\n|\n|t:|1698159475\n|move|p2a: Enamorus|Earth Power|p1a: Clodsire\n|-supereffective|p1a: Clodsire\n|-damage|p1a: Clodsire|0 fnt\n|faint|p1a: Clodsire\n|\n|-heal|p2a: Enamorus|85\/100|[from] item: Leftovers\n|upkeep\n|c|\u2606cp99|this is no bueno\n|c|\u2606PlasticTeamTester|you can still win I think\n|inactive|cp99 has 270 seconds left.\n|\n|t:|1698159513\n|switch|p1a: Iron Jugulis|Iron Jugulis|94\/100\n|turn|23\n|inactive|cp99 has 270 seconds left.\n|\n|t:|1698159523\n|-terastallize|p1a: Iron Jugulis|Fire\n|move|p1a: Iron Jugulis|Fire Blast|p2a: Enamorus|[miss]\n|-miss|p1a: Iron Jugulis|p2a: Enamorus\n|move|p2a: Enamorus|Calm Mind|p2a: Enamorus\n|-boost|p2a: Enamorus|spa|1\n|-boost|p2a: Enamorus|spd|1\n|\n|-heal|p2a: Enamorus|91\/100|[from] item: Leftovers\n|upkeep\n|turn|24\n|\n|t:|1698159529\n|move|p1a: Iron Jugulis|Fire Blast|p2a: Enamorus\n|-damage|p2a: Enamorus|53\/100\n|move|p2a: Enamorus|Earth Power|p1a: Iron Jugulis\n|-supereffective|p1a: Iron Jugulis\n|-damage|p1a: Iron Jugulis|0 fnt\n|faint|p1a: Iron Jugulis\n|-end|p1a: Iron Jugulis|Quark Drive|[silent]\n|\n|-heal|p2a: Enamorus|59\/100|[from] item: Leftovers\n|upkeep\n|c|\u2606cp99|i should have taunted\n|\n|t:|1698159535\n|switch|p1a: Slither Wing|Slither Wing|100\/100\n|turn|25\n|\n|t:|1698159547\n|move|p1a: Slither Wing|U-turn|p2a: Enamorus\n|-damage|p2a: Enamorus|15\/100\n|\n|t:|1698159552\n|-end|p1a: Slither Wing|Protosynthesis|[silent]\n|switch|p1a: Iron Treads|Iron Treads|10\/100|[from] U-turn\n|move|p2a: Enamorus|Draining Kiss|p1a: Iron Treads\n|-resisted|p1a: Iron Treads\n|-damage|p1a: Iron Treads|0 fnt\n|-heal|p2a: Enamorus|22\/100|[from] drain|[of] p1a: Iron Treads\n|faint|p1a: Iron Treads\n|-end|p1a: Iron Treads|Quark Drive|[silent]\n|\n|-heal|p2a: Enamorus|28\/100|[from] item: Leftovers\n|upkeep\n|\n|t:|1698159558\n|switch|p1a: Slither Wing|Slither Wing|100\/100\n|turn|26\n|c|\u2606PlasticTeamTester|ok yeah this looks hopeless\n|\n|t:|1698159569\n|move|p1a: Slither Wing|U-turn|p2a: Enamorus\n|-damage|p2a: Enamorus|0 fnt\n|faint|p2a: Enamorus\n|\n|t:|1698159571\n|-end|p1a: Slither Wing|Protosynthesis|[silent]\n|switch|p1a: Tauros|Tauros-Paldea-Blaze, M|100\/100|[from] U-turn\n|\n|upkeep\n|c|\u2606cp99|yeah\n|\n|t:|1698159577\n|switch|p2a: Tatsugiri|Tatsugiri, F|100\/100\n|turn|27\n|\n|t:|1698159587\n|move|p2a: Tatsugiri|Surf|p1a: Tauros\n|-supereffective|p1a: Tauros\n|-damage|p1a: Tauros|0 fnt\n|faint|p1a: Tauros\n|\n|upkeep\n|\n|t:|1698159589\n|switch|p1a: Slither Wing|Slither Wing|100\/100\n|turn|28\n|\n|t:|1698159592\n|move|p2a: Tatsugiri|Draco Meteor|p1a: Slither Wing\n|-damage|p1a: Slither Wing|34\/100\n|-unboost|p2a: Tatsugiri|spa|2\n|move|p1a: Slither Wing|U-turn|p2a: Tatsugiri\n|-crit|p2a: Tatsugiri\n|-damage|p2a: Tatsugiri|0 fnt\n|faint|p2a: Tatsugiri\n|\n|upkeep\n|\n|t:|1698159599\n|switch|p2a: Rotom|Rotom-Heat|50\/100\n|turn|29\n|\n|t:|1698159602\n|move|p1a: Slither Wing|U-turn|p2a: Rotom\n|-resisted|p2a: Rotom\n|-damage|p2a: Rotom|16\/100\n|move|p2a: Rotom|Overheat|p1a: Slither Wing\n|-supereffective|p1a: Slither Wing\n|-damage|p1a: Slither Wing|0 fnt\n|-unboost|p2a: Rotom|spa|2\n|faint|p1a: Slither Wing\n|-end|p1a: Slither Wing|Protosynthesis|[silent]\n|\n|win|PlasticTeamTester\n|l|\u2606PlasticTeamTester\n","uploadtime":1698159611,"views":12,"p1id":"cp99","p2id":"plasticteamtester","formatid":"gen9anythinggoes","rating":0,"private":0,"password":""}