{"id":"gen9anythinggoes-1986076900","p1":"YoungEsq","p2":"funmitan","format":"[Gen 9] Anything Goes","log":"|j|\u2606YoungEsq\n|j|\u2606funmitan\n|t:|1699447422\n|gametype|singles\n|player|p1|YoungEsq|265|1357\n|player|p2|funmitan|1|1267\n|teamsize|p1|6\n|teamsize|p2|6\n|gen|9\n|tier|[Gen 9] Anything Goes\n|rated|\n|rule|HP Percentage Mod: HP is shown in percentages\n|rule|Endless Battle Clause: Forcing endless battles is banned\n|clearpoke\n|poke|p1|Ting-Lu|\n|poke|p1|Gholdengo|\n|poke|p1|Roaring Moon|\n|poke|p1|Chi-Yu|\n|poke|p1|Samurott-Hisui, M|\n|poke|p1|Mandibuzz, F|\n|poke|p2|Ninetales-Alola, F|\n|poke|p2|Murkrow, F|\n|poke|p2|Great Tusk|\n|poke|p2|Salazzle, F|\n|poke|p2|Cloyster, F|\n|poke|p2|Calyrex-Shadow|\n|teampreview\n|inactive|Battle timer is ON: inactive players will automatically lose when time's up. (requested by YoungEsq)\n|\n|t:|1699447433\n|start\n|switch|p1a: Ting-Lu|Ting-Lu|100\/100\n|switch|p2a: Ninetales|Ninetales-Alola, F|100\/100\n|-weather|Snow|[from] ability: Snow Warning|[of] p2a: Ninetales\n|-ability|p1a: Ting-Lu|Vessel of Ruin\n|turn|1\n|\n|t:|1699447460\n|move|p2a: Ninetales|Blizzard|p1a: Ting-Lu\n|-supereffective|p1a: Ting-Lu\n|-damage|p1a: Ting-Lu|63\/100\n|move|p1a: Ting-Lu|Stealth Rock|p2a: Ninetales\n|-sidestart|p2: funmitan|move: Stealth Rock\n|\n|-weather|Snow|[upkeep]\n|-heal|p1a: Ting-Lu|69\/100|[from] item: Leftovers\n|upkeep\n|turn|2\n|\n|t:|1699447474\n|move|p2a: Ninetales|Nasty Plot|p2a: Ninetales\n|-boost|p2a: Ninetales|spa|2\n|move|p1a: Ting-Lu|Whirlwind|p2a: Ninetales\n|drag|p2a: Calyrex|Calyrex-Shadow|100\/100\n|-ability|p2a: Calyrex|As One\n|-ability|p2a: Calyrex|Unnerve\n|-damage|p2a: Calyrex|88\/100|[from] Stealth Rock\n|\n|-weather|Snow|[upkeep]\n|-heal|p1a: Ting-Lu|76\/100|[from] item: Leftovers\n|upkeep\n|turn|3\n|\n|t:|1699447485\n|move|p2a: Calyrex|Pollen Puff|p1a: Ting-Lu\n|-supereffective|p1a: Ting-Lu\n|-damage|p1a: Ting-Lu|43\/100\n|move|p1a: Ting-Lu|Earthquake|p2a: Calyrex\n|-damage|p2a: Calyrex|46\/100\n|\n|-weather|Snow|[upkeep]\n|-heal|p1a: Ting-Lu|49\/100|[from] item: Leftovers\n|upkeep\n|turn|4\n|\n|t:|1699447499\n|switch|p2a: Murkrow|Murkrow, F|100\/100\n|-damage|p2a: Murkrow|76\/100|[from] Stealth Rock\n|move|p1a: Ting-Lu|Whirlwind|p2a: Murkrow\n|drag|p2a: Cloyster|Cloyster, F|100\/100\n|-damage|p2a: Cloyster|76\/100|[from] Stealth Rock\n|\n|-weather|Snow|[upkeep]\n|-heal|p1a: Ting-Lu|55\/100|[from] item: Leftovers\n|upkeep\n|turn|5\n|\n|t:|1699447509\n|move|p2a: Cloyster|Icicle Spear|p1a: Ting-Lu\n|-supereffective|p1a: Ting-Lu\n|-damage|p1a: Ting-Lu|42\/100\n|-supereffective|p1a: Ting-Lu\n|-damage|p1a: Ting-Lu|27\/100\n|-supereffective|p1a: Ting-Lu\n|-damage|p1a: Ting-Lu|15\/100\n|-supereffective|p1a: Ting-Lu\n|-damage|p1a: Ting-Lu|1\/100\n|-supereffective|p1a: Ting-Lu\n|-damage|p1a: Ting-Lu|0 fnt\n|faint|p1a: Ting-Lu\n|-hitcount|p1: Ting-Lu|5\n|\n|-weather|Snow|[upkeep]\n|upkeep\n|\n|t:|1699447514\n|switch|p1a: Chi-Yu|Chi-Yu|100\/100\n|-ability|p1a: Chi-Yu|Beads of Ruin\n|turn|6\n|\n|t:|1699447525\n|move|p1a: Chi-Yu|Flamethrower|p2a: Cloyster\n|-damage|p2a: Cloyster|0 fnt\n|faint|p2a: Cloyster\n|\n|-weather|Snow|[upkeep]\n|upkeep\n|-message|funmitan forfeited.\n|\n|win|YoungEsq\n|raw|YoungEsq's rating: 1357 &rarr; <strong>1372<\/strong><br \/>(+15 for winning)\n|raw|funmitan's rating: 1267 &rarr; <strong>1248<\/strong><br \/>(-19 for losing)\n|l|\u2606funmitan\n","uploadtime":1699447533,"views":5,"p1id":"youngesq","p2id":"funmitan","formatid":"gen9anythinggoes","rating":1248,"private":0,"password":""}