{"id":"gen9anythinggoes-1972584810","p1":"NOHARA MISAE","p2":"ClanMacKay2","format":"[Gen 9] Anything Goes","log":"|j|\u2606NOHARA MISAE\n|j|\u2606ClanMacKay2\n|t:|1697860285\n|gametype|singles\n|player|p1|NOHARA MISAE|dahlia|1237\n|player|p2|ClanMacKay2|170|1110\n|teamsize|p1|6\n|teamsize|p2|6\n|gen|9\n|tier|[Gen 9] Anything Goes\n|rated|\n|rule|HP Percentage Mod: HP is shown in percentages\n|rule|Endless Battle Clause: Forcing endless battles is banned\n|clearpoke\n|poke|p1|Iron Valiant|\n|poke|p1|Iron Treads|\n|poke|p1|Munkidori, M|\n|poke|p1|Ninetales-Alola, M|\n|poke|p1|Electrode-Hisui|\n|poke|p1|Ditto|\n|poke|p2|Skeledirge, M|\n|poke|p2|Spidops, F|\n|poke|p2|Tinkaton, F|\n|poke|p2|Annihilape, F|\n|poke|p2|Ogerpon-Wellspring, F|\n|poke|p2|Spiritomb, F|\n|teampreview\n|\n|t:|1697860298\n|start\n|switch|p1a: Ninetales|Ninetales-Alola, M, shiny|100\/100\n|switch|p2a: Falkirk|Spiritomb, F|100\/100\n|-weather|Snow|[from] ability: Snow Warning|[of] p1a: Ninetales\n|turn|1\n|\n|t:|1697860308\n|move|p1a: Ninetales|Aurora Veil|p1a: Ninetales\n|-sidestart|p1: NOHARA MISAE|move: Aurora Veil\n|move|p2a: Falkirk|Hypnosis|p1a: Ninetales|[miss]\n|-miss|p2a: Falkirk|p1a: Ninetales\n|\n|-weather|Snow|[upkeep]\n|upkeep\n|turn|2\n|\n|t:|1697860321\n|switch|p1a: Electrode|Electrode-Hisui|100\/100\n|move|p2a: Falkirk|Hypnosis|p1a: Electrode\n|-status|p1a: Electrode|slp|[from] move: Hypnosis\n|\n|-weather|Snow|[upkeep]\n|upkeep\n|turn|3\n|\n|t:|1697860334\n|switch|p1a: Iron Treads|Iron Treads|100\/100\n|-enditem|p1a: Iron Treads|Booster Energy\n|-activate|p1a: Iron Treads|ability: Quark Drive|[fromitem]\n|-start|p1a: Iron Treads|quarkdrivespe\n|switch|p2a: Arantxa|Spidops, F, shiny|100\/100\n|\n|-weather|Snow|[upkeep]\n|upkeep\n|turn|4\n|\n|t:|1697860347\n|move|p1a: Iron Treads|Stone Edge|p2a: Arantxa\n|-supereffective|p2a: Arantxa\n|-damage|p2a: Arantxa|41\/100\n|move|p2a: Arantxa|Lunge|p1a: Iron Treads\n|-resisted|p1a: Iron Treads\n|-damage|p1a: Iron Treads|94\/100\n|-unboost|p1a: Iron Treads|atk|1\n|\n|-weather|Snow|[upkeep]\n|upkeep\n|turn|5\n|\n|t:|1697860357\n|move|p2a: Arantxa|Silk Trap|p2a: Arantxa\n|-singleturn|p2a: Arantxa|Protect\n|move|p1a: Iron Treads|Stone Edge|p2a: Arantxa\n|-activate|p2a: Arantxa|move: Protect\n|\n|-weather|none\n|upkeep\n|turn|6\n|\n|t:|1697860378\n|switch|p2a: Falkirk|Spiritomb, F|100\/100\n|move|p1a: Iron Treads|Stone Edge|p2a: Falkirk\n|-damage|p2a: Falkirk|80\/100\n|\n|upkeep\n|turn|7\n|\n|t:|1697860386\n|move|p1a: Iron Treads|Iron Head|p2a: Falkirk\n|-damage|p2a: Falkirk|54\/100\n|move|p2a: Falkirk|Hypnosis|p1a: Iron Treads\n|-status|p1a: Iron Treads|slp|[from] move: Hypnosis\n|\n|upkeep\n|turn|8\n|\n|t:|1697860402\n|-end|p1a: Iron Treads|Quark Drive|[silent]\n|switch|p1a: Iron Valiant|Iron Valiant|100\/100\n|-enditem|p1a: Iron Valiant|Booster Energy\n|-activate|p1a: Iron Valiant|ability: Quark Drive|[fromitem]\n|-start|p1a: Iron Valiant|quarkdrivespe\n|switch|p2a: Mar\u00eda|Ogerpon-Wellspring, F|100\/100\n|\n|-sideend|p1: NOHARA MISAE|move: Aurora Veil\n|upkeep\n|turn|9\n|\n|t:|1697860415\n|move|p1a: Iron Valiant|Ice Punch|p2a: Mar\u00eda\n|-crit|p2a: Mar\u00eda\n|-damage|p2a: Mar\u00eda|47\/100\n|move|p2a: Mar\u00eda|U-turn|p1a: Iron Valiant\n|-resisted|p1a: Iron Valiant\n|-crit|p1a: Iron Valiant\n|-damage|p1a: Iron Valiant|88\/100\n|\n|t:|1697860422\n|switch|p2a: Ivette|Tinkaton, F|100\/100|[from] U-turn\n|-ability|p2a: Ivette|Mold Breaker\n|\n|upkeep\n|turn|10\n|\n|t:|1697860432\n|move|p1a: Iron Valiant|Knock Off|p2a: Ivette\n|-resisted|p2a: Ivette\n|-damage|p2a: Ivette|79\/100\n|-enditem|p2a: Ivette|Muscle Band|[from] move: Knock Off|[of] p1a: Iron Valiant\n|move|p2a: Ivette|Play Rough|p1a: Iron Valiant\n|-supereffective|p1a: Iron Valiant\n|-damage|p1a: Iron Valiant|5\/100\n|\n|upkeep\n|turn|11\n|\n|t:|1697860445\n|-end|p1a: Iron Valiant|Quark Drive|[silent]\n|switch|p1a: Iron Treads|Iron Treads|94\/100 slp\n|move|p2a: Ivette|Play Rough|p1a: Iron Treads\n|-resisted|p1a: Iron Treads\n|-damage|p1a: Iron Treads|79\/100 slp\n|\n|upkeep\n|turn|12\n|\n|t:|1697860455\n|switch|p2a: Mar\u00eda|Ogerpon-Wellspring, F|47\/100\n|cant|p1a: Iron Treads|slp\n|\n|upkeep\n|turn|13\n|\n|t:|1697860460\n|-curestatus|p1a: Iron Treads|slp|[msg]\n|move|p1a: Iron Treads|Iron Head|p2a: Mar\u00eda\n|-resisted|p2a: Mar\u00eda\n|-damage|p2a: Mar\u00eda|22\/100\n|cant|p2a: Mar\u00eda|flinch\n|\n|upkeep\n|turn|14\n|\n|t:|1697860472\n|switch|p2a: Kelly|Annihilape, F|100\/100\n|move|p1a: Iron Treads|Stone Edge|p2a: Kelly\n|-resisted|p2a: Kelly\n|-damage|p2a: Kelly|86\/100\n|\n|upkeep\n|turn|15\n|\n|t:|1697860480\n|move|p1a: Iron Treads|Iron Head|p2a: Kelly\n|-damage|p2a: Kelly|48\/100\n|move|p2a: Kelly|Drain Punch|p1a: Iron Treads\n|-supereffective|p1a: Iron Treads\n|-damage|p1a: Iron Treads|18\/100\n|-heal|p2a: Kelly|71\/100|[from] drain|[of] p1a: Iron Treads\n|\n|upkeep\n|turn|16\n|\n|t:|1697860488\n|move|p1a: Iron Treads|Iron Head|p2a: Kelly\n|-damage|p2a: Kelly|36\/100\n|move|p2a: Kelly|Rage Fist|p1a: Iron Treads\n|-damage|p1a: Iron Treads|0 fnt\n|faint|p1a: Iron Treads\n|-end|p1a: Iron Treads|Quark Drive|[silent]\n|\n|upkeep\n|\n|t:|1697860496\n|switch|p1a: Ninetales|Ninetales-Alola, M, shiny|100\/100\n|-weather|Snow|[from] ability: Snow Warning|[of] p1a: Ninetales\n|turn|17\n|\n|t:|1697860500\n|move|p1a: Ninetales|Aurora Veil|p1a: Ninetales\n|-sidestart|p1: NOHARA MISAE|move: Aurora Veil\n|move|p2a: Kelly|Taunt|p1a: Ninetales\n|-start|p1a: Ninetales|move: Taunt\n|\n|-weather|Snow|[upkeep]\n|upkeep\n|turn|18\n|\n|t:|1697860510\n|switch|p1a: Ditto|Ditto, shiny|100\/100\n|-transform|p1a: Ditto|p2a: Kelly|[from] ability: Imposter\n|move|p2a: Kelly|Rage Fist|p1a: Ditto\n|-supereffective|p1a: Ditto\n|-damage|p1a: Ditto|0 fnt\n|faint|p1a: Ditto\n|\n|-weather|Snow|[upkeep]\n|upkeep\n|\n|t:|1697860518\n|switch|p1a: Munkidori|Munkidori, M|100\/100\n|turn|19\n|\n|t:|1697860526\n|move|p1a: Munkidori|Psychic|p2a: Kelly\n|-supereffective|p2a: Kelly\n|-damage|p2a: Kelly|0 fnt\n|faint|p2a: Kelly\n|\n|-weather|Snow|[upkeep]\n|upkeep\n|\n|t:|1697860533\n|switch|p2a: Falkirk|Spiritomb, F|54\/100\n|turn|20\n|\n|t:|1697860538\n|move|p1a: Munkidori|U-turn|p2a: Falkirk\n|-damage|p2a: Falkirk|36\/100\n|\n|t:|1697860543\n|switch|p1a: Iron Valiant|Iron Valiant|5\/100|[from] U-turn\n|move|p2a: Falkirk|Hypnosis|p1a: Iron Valiant\n|-status|p1a: Iron Valiant|slp|[from] move: Hypnosis\n|\n|-weather|Snow|[upkeep]\n|upkeep\n|turn|21\n|\n|t:|1697860559\n|cant|p1a: Iron Valiant|slp\n|move|p2a: Falkirk|Dream Eater|p1a: Iron Valiant\n|-supereffective|p1a: Iron Valiant\n|-damage|p1a: Iron Valiant|0 fnt\n|-heal|p2a: Falkirk|39\/100|[from] drain|[of] p1a: Iron Valiant\n|faint|p1a: Iron Valiant\n|-end|p1a: Iron Valiant|Quark Drive|[silent]\n|\n|-weather|none\n|upkeep\n|\n|t:|1697860566\n|switch|p1a: Electrode|Electrode-Hisui|100\/100 slp\n|turn|22\n|\n|t:|1697860570\n|-terastallize|p2a: Falkirk|Psychic\n|cant|p1a: Electrode|slp\n|move|p2a: Falkirk|Dream Eater|p1a: Electrode\n|-damage|p1a: Electrode|49\/100 slp\n|-heal|p2a: Falkirk|61\/100|[from] drain|[of] p1a: Electrode\n|\n|upkeep\n|turn|23\n|\n|t:|1697860579\n|cant|p1a: Electrode|slp\n|move|p2a: Falkirk|Dream Eater|p1a: Electrode\n|-damage|p1a: Electrode|0 fnt\n|-heal|p2a: Falkirk|82\/100|[from] drain|[of] p1a: Electrode\n|faint|p1a: Electrode\n|\n|upkeep\n|\n|t:|1697860584\n|switch|p1a: Munkidori|Munkidori, M|100\/100\n|turn|24\n|\n|t:|1697860589\n|move|p1a: Munkidori|Fake Out|p2a: Falkirk\n|-damage|p2a: Falkirk|72\/100\n|cant|p2a: Falkirk|flinch\n|\n|-sideend|p1: NOHARA MISAE|move: Aurora Veil\n|upkeep\n|turn|25\n|\n|t:|1697860597\n|move|p1a: Munkidori|U-turn|p2a: Falkirk\n|-supereffective|p2a: Falkirk\n|-damage|p2a: Falkirk|38\/100\n|-status|p2a: Falkirk|tox|[from] ability: Toxic Chain|[of] p1a: Munkidori\n|\n|t:|1697860602\n|switch|p1a: Ninetales|Ninetales-Alola, M, shiny|100\/100|[from] U-turn\n|-weather|Snow|[from] ability: Snow Warning|[of] p1a: Ninetales\n|move|p2a: Falkirk|Hypnosis|p1a: Ninetales\n|-status|p1a: Ninetales|slp|[from] move: Hypnosis\n|\n|-weather|Snow|[upkeep]\n|-damage|p2a: Falkirk|31\/100 tox|[from] psn\n|upkeep\n|turn|26\n|\n|t:|1697860612\n|cant|p1a: Ninetales|slp\n|move|p2a: Falkirk|Dream Eater|p1a: Ninetales\n|-damage|p1a: Ninetales|68\/100 slp\n|-heal|p2a: Falkirk|50\/100 tox|[from] drain|[of] p1a: Ninetales\n|\n|-weather|Snow|[upkeep]\n|-damage|p2a: Falkirk|38\/100 tox|[from] psn\n|upkeep\n|turn|27\n|\n|t:|1697860622\n|switch|p1a: Munkidori|Munkidori, M|100\/100\n|switch|p2a: Julio|Skeledirge, M|100\/100\n|\n|-weather|Snow|[upkeep]\n|upkeep\n|turn|28\n|\n|t:|1697860632\n|move|p1a: Munkidori|Psychic|p2a: Julio\n|-damage|p2a: Julio|69\/100\n|move|p2a: Julio|Torch Song|p1a: Munkidori\n|-damage|p1a: Munkidori|58\/100\n|-boost|p2a: Julio|spa|1\n|-enditem|p2a: Julio|Throat Spray\n|-boost|p2a: Julio|spa|1|[from] item: Throat Spray\n|\n|-weather|Snow|[upkeep]\n|-heal|p1a: Munkidori|64\/100|[from] item: Leftovers\n|upkeep\n|turn|29\n|\n|t:|1697860646\n|move|p1a: Munkidori|Psychic|p2a: Julio\n|-damage|p2a: Julio|41\/100\n|move|p2a: Julio|Hex|p1a: Munkidori\n|-supereffective|p1a: Munkidori\n|-damage|p1a: Munkidori|0 fnt\n|faint|p1a: Munkidori\n|\n|-weather|none\n|upkeep\n|\n|t:|1697860652\n|switch|p1a: Ninetales|Ninetales-Alola, M, shiny|68\/100 slp\n|-weather|Snow|[from] ability: Snow Warning|[of] p1a: Ninetales\n|turn|30\n|-message|NOHARA MISAE forfeited.\n|\n|win|ClanMacKay2\n|raw|NOHARA MISAE's rating: 1237 &rarr; <strong>1203<\/strong><br \/>(-34 for losing)\n|raw|ClanMacKay2's rating: 1110 &rarr; <strong>1144<\/strong><br \/>(+34 for winning)\n|l|\u2606NOHARA MISAE\n|c|\u2606ClanMacKay2|Gg\n","uploadtime":1697860914,"views":12,"p1id":"noharamisae","p2id":"clanmackay2","formatid":"gen9anythinggoes","rating":1144,"private":0,"password":""}