{"id":"gen9anythinggoes-1974396519","p1":"theluckyone26","p2":"Emily Bodoo","format":"[Gen 9] Anything Goes","log":"|j|\u2606theluckyone26\n|j|\u2606Emily Bodoo\n|t:|1698083669\n|gametype|singles\n|player|p1|theluckyone26|265|1211\n|player|p2|Emily Bodoo|iris|1270\n|teamsize|p1|5\n|teamsize|p2|6\n|gen|9\n|tier|[Gen 9] Anything Goes\n|rated|\n|rule|HP Percentage Mod: HP is shown in percentages\n|rule|Endless Battle Clause: Forcing endless battles is banned\n|clearpoke\n|poke|p1|Nacli, F|\n|poke|p1|Riolu, M|\n|poke|p1|Toxapex, M|\n|poke|p1|Salazzle, F|\n|poke|p1|Riolu, F|\n|poke|p2|Palossand, M|\n|poke|p2|Mismagius, M|\n|poke|p2|Gengar, M|\n|poke|p2|Weezing-Galar, M|\n|poke|p2|Dusknoir, M|\n|poke|p2|Snorlax, M|\n|teampreview\n|\n|t:|1698083677\n|start\n|switch|p1a: Toxapex|Toxapex, M|100\/100\n|switch|p2a: Dusknoir|Dusknoir, M|100\/100\n|-item|p1a: Toxapex|Leftovers|[from] ability: Frisk|[of] p2a: Dusknoir|[identify]\n|turn|1\n|\n|t:|1698083694\n|move|p1a: Toxapex|Toxic|p2a: Dusknoir\n|-status|p2a: Dusknoir|tox\n|move|p2a: Dusknoir|Trick Room|p2a: Dusknoir\n|-fieldstart|move: Trick Room|[of] p2a: Dusknoir\n|\n|-damage|p2a: Dusknoir|94\/100 tox|[from] psn\n|upkeep\n|turn|2\n|j| Mattattac\n|\n|t:|1698083703\n|move|p1a: Toxapex|Toxic Spikes|p2a: Dusknoir\n|-sidestart|p2: Emily Bodoo|move: Toxic Spikes\n|move|p2a: Dusknoir|Poltergeist|p1a: Toxapex\n|-activate|p1a: Toxapex|move: Poltergeist|Leftovers\n|-damage|p1a: Toxapex|53\/100\n|\n|-heal|p1a: Toxapex|59\/100|[from] item: Leftovers\n|-damage|p2a: Dusknoir|82\/100 tox|[from] psn\n|upkeep\n|turn|3\n|\n|t:|1698083713\n|move|p1a: Toxapex|Toxic Spikes|p2a: Dusknoir\n|-sidestart|p2: Emily Bodoo|move: Toxic Spikes\n|move|p2a: Dusknoir|Poltergeist|p1a: Toxapex\n|-activate|p1a: Toxapex|move: Poltergeist|Leftovers\n|-damage|p1a: Toxapex|16\/100\n|\n|-heal|p1a: Toxapex|22\/100|[from] item: Leftovers\n|-damage|p2a: Dusknoir|64\/100 tox|[from] psn\n|upkeep\n|turn|4\n|\n|t:|1698083724\n|move|p1a: Toxapex|Baneful Bunker|p1a: Toxapex\n|-singleturn|p1a: Toxapex|move: Protect\n|move|p2a: Dusknoir|Poltergeist|p1a: Toxapex\n|-activate|p1a: Toxapex|move: Protect\n|\n|-heal|p1a: Toxapex|28\/100|[from] item: Leftovers\n|-damage|p2a: Dusknoir|39\/100 tox|[from] psn\n|upkeep\n|turn|5\n|\n|t:|1698083736\n|switch|p2a: Gengar|Gengar, M|100\/100\n|-sideend|p2: Emily Bodoo|move: Toxic Spikes|[of] p2a: Gengar\n|move|p1a: Toxapex|Toxic Spikes|p2a: Gengar\n|-sidestart|p2: Emily Bodoo|move: Toxic Spikes\n|\n|-heal|p1a: Toxapex|34\/100|[from] item: Leftovers\n|-fieldend|move: Trick Room\n|upkeep\n|turn|6\n|\n|t:|1698083745\n|move|p2a: Gengar|Perish Song|p2a: Gengar\n|-start|p1a: Toxapex|perish3|[silent]\n|-start|p2a: Gengar|perish3|[silent]\n|-fieldactivate|move: Perish Song\n|move|p1a: Toxapex|Toxic Spikes|p2a: Gengar\n|-sidestart|p2: Emily Bodoo|move: Toxic Spikes\n|\n|-heal|p1a: Toxapex|41\/100|[from] item: Leftovers\n|-start|p2a: Gengar|perish3\n|-start|p1a: Toxapex|perish3\n|upkeep\n|turn|7\n|\n|t:|1698083755\n|move|p2a: Gengar|Mean Look|p1a: Toxapex\n|-activate|p1a: Toxapex|trapped\n|move|p1a: Toxapex|Haze|p1a: Toxapex\n|-clearallboost\n|\n|-heal|p1a: Toxapex|47\/100|[from] item: Leftovers\n|-start|p2a: Gengar|perish2\n|-start|p1a: Toxapex|perish2\n|upkeep\n|turn|8\n|\n|t:|1698083766\n|move|p2a: Gengar|Protect|p2a: Gengar\n|-singleturn|p2a: Gengar|Protect\n|move|p1a: Toxapex|Toxic Spikes||[still]\n|-fail|p1a: Toxapex\n|\n|-heal|p1a: Toxapex|53\/100|[from] item: Leftovers\n|-start|p2a: Gengar|perish1\n|-start|p1a: Toxapex|perish1\n|upkeep\n|turn|9\n|\n|t:|1698083777\n|switch|p2a: Dusknoir|Dusknoir, M|39\/100 tox\n|-item|p1a: Toxapex|Leftovers|[from] ability: Frisk|[of] p2a: Dusknoir|[identify]\n|move|p1a: Toxapex|Toxic|p2a: Dusknoir\n|-fail|p2a: Dusknoir|tox\n|\n|-heal|p1a: Toxapex|59\/100|[from] item: Leftovers\n|-damage|p2a: Dusknoir|33\/100 tox|[from] psn\n|-start|p1a: Toxapex|perish0\n|upkeep\n|faint|p1a: Toxapex\n|\n|t:|1698083784\n|switch|p1a: Salazzle|Salazzle, F|100\/100\n|turn|10\n|\n|t:|1698083792\n|move|p1a: Salazzle|Knock Off|p2a: Dusknoir\n|-supereffective|p2a: Dusknoir\n|-damage|p2a: Dusknoir|0 fnt\n|-enditem|p2a: Dusknoir|Aguav Berry|[from] move: Knock Off|[of] p1a: Salazzle\n|faint|p2a: Dusknoir\n|\n|upkeep\n|\n|t:|1698083799\n|switch|p2a: Palossand|Palossand, M|100\/100\n|-status|p2a: Palossand|tox\n|turn|11\n|\n|t:|1698083811\n|move|p1a: Salazzle|Knock Off|p2a: Palossand\n|-supereffective|p2a: Palossand\n|-damage|p2a: Palossand|60\/100 tox\n|-enditem|p2a: Palossand|Enigma Berry|[eat]\n|-heal|p2a: Palossand|85\/100 tox|[from] item: Enigma Berry|[of] p1a: Salazzle\n|move|p2a: Palossand|Earth Power|p1a: Salazzle\n|-supereffective|p1a: Salazzle\n|-enditem|p1a: Salazzle|Focus Sash\n|-damage|p1a: Salazzle|1\/100\n|\n|-damage|p2a: Palossand|79\/100 tox|[from] psn\n|upkeep\n|turn|12\n|\n|t:|1698083824\n|move|p1a: Salazzle|Taunt|p2a: Palossand\n|-start|p2a: Palossand|move: Taunt\n|move|p2a: Palossand|Psychic|p1a: Salazzle\n|-supereffective|p1a: Salazzle\n|-damage|p1a: Salazzle|0 fnt\n|faint|p1a: Salazzle\n|\n|-damage|p2a: Palossand|67\/100 tox|[from] psn\n|upkeep\n|l|\u2606theluckyone26\n|player|p1|\n|j|\u2606theluckyone26\n|player|p1|theluckyone26|265\n|\n|t:|1698083856\n|switch|p1a: Nacli|Nacli, F|100\/100\n|turn|13\n|\n|t:|1698083865\n|move|p2a: Palossand|Earth Power|p1a: Nacli\n|-supereffective|p1a: Nacli\n|-ability|p1a: Nacli|Sturdy\n|-damage|p1a: Nacli|1\/100\n|move|p1a: Nacli|Dig||[still]\n|-prepare|p1a: Nacli|Dig\n|\n|-damage|p2a: Palossand|49\/100 tox|[from] psn\n|-damage|p1a: Nacli|0 fnt|[from] item: Sticky Barb\n|faint|p1a: Nacli\n|upkeep\n|\n|t:|1698083875\n|switch|p1a: Riolu|Riolu, M|100\/100\n|turn|14\n|\n|t:|1698083881\n|move|p1a: Riolu|Copycat|p1a: Riolu\n|move|p1a: Riolu|Dig||[from]move: Copycat|[still]\n|-prepare|p1a: Riolu|Dig\n|move|p2a: Palossand|Psychic|p1a: Riolu|[miss]\n|-miss|p2a: Palossand|p1a: Riolu\n|\n|-damage|p2a: Palossand|24\/100 tox|[from] psn\n|-end|p2a: Palossand|move: Taunt\n|upkeep\n|turn|15\n|\n|t:|1698083892\n|move|p2a: Palossand|Destiny Bond|p2a: Palossand\n|-singlemove|p2a: Palossand|Destiny Bond\n|move|p1a: Riolu|Dig|p2a: Palossand|[from]lockedmove\n|-damage|p2a: Palossand|4\/100 tox\n|\n|-damage|p2a: Palossand|0 fnt|[from] psn\n|faint|p2a: Palossand\n|upkeep\n|\n|t:|1698083901\n|switch|p2a: Weezing|Weezing-Galar, M|100\/100\n|turn|16\n|c| Mattattac|damn\n|c| Mattattac|sad\n|\n|t:|1698083906\n|move|p1a: Riolu|Copycat|p1a: Riolu\n|move|p1a: Riolu|Dig||[from]move: Copycat|[still]\n|-prepare|p1a: Riolu|Dig\n|move|p2a: Weezing|Dazzling Gleam|p1a: Riolu|[miss]\n|-miss|p2a: Weezing|p1a: Riolu\n|\n|upkeep\n|turn|17\n|\n|t:|1698083913\n|move|p2a: Weezing|Dazzling Gleam|p1a: Riolu|[miss]\n|-miss|p2a: Weezing|p1a: Riolu\n|move|p1a: Riolu|Dig|p2a: Weezing|[from]lockedmove\n|-immune|p2a: Weezing|[from] ability: Levitate\n|\n|upkeep\n|turn|18\n|c|\u2606theluckyone26|Welp\n|c|\u2606theluckyone26|u got me\n|c|\u2606theluckyone26|lol\n|c|\u2606theluckyone26|Lol it only knows copy cat I can\u2019t do anything now\n|c|\u2606theluckyone26|gg\n|-message|theluckyone26 forfeited.\n|\n|win|Emily Bodoo\n|raw|theluckyone26's rating: 1211 &rarr; <strong>1190<\/strong><br \/>(-21 for losing)\n|raw|Emily Bodoo's rating: 1270 &rarr; <strong>1291<\/strong><br \/>(+21 for winning)\n|l|\u2606theluckyone26\n","uploadtime":1698083962,"views":14,"p1id":"theluckyone26","p2id":"emilybodoo","formatid":"gen9anythinggoes","rating":1190,"private":0,"password":""}