{"id":"gen9anythinggoes-1974163931","p1":"PKRS Romeo","p2":"extremetom89","format":"[Gen 9] Anything Goes","log":"|j|\u2606PKRS Romeo\n|j|\u2606extremetom89\n|t:|1698063985\n|gametype|singles\n|player|p1|PKRS Romeo|benga|\n|player|p2|extremetom89|birdkeeper-gen4dp|\n|teamsize|p1|6\n|teamsize|p2|6\n|gen|9\n|tier|[Gen 9] Anything Goes\n|rule|HP Percentage Mod: HP is shown in percentages\n|rule|Endless Battle Clause: Forcing endless battles is banned\n|clearpoke\n|poke|p1|Toxapex, F|\n|poke|p1|Slowking-Galar, M|\n|poke|p1|Mienshao, F|\n|poke|p1|Ogerpon-Hearthflame, F|\n|poke|p1|Clefable, M|\n|poke|p1|Munkidori, M|\n|poke|p2|Ursaluna-Bloodmoon, M|\n|poke|p2|Ninetales-Alola, M|\n|poke|p2|Ogerpon-Hearthflame, F|\n|poke|p2|Baxcalibur, F|\n|poke|p2|Sinistcha-Masterpiece|\n|poke|p2|Okidogi, M|\n|teampreview\n|\n|t:|1698063990\n|start\n|switch|p1a: Munkidori|Munkidori, M|100\/100\n|switch|p2a: Ninetales|Ninetales-Alola, M, shiny|100\/100\n|-weather|Snow|[from] ability: Snow Warning|[of] p2a: Ninetales\n|turn|1\n|\n|t:|1698063998\n|move|p1a: Munkidori|Sludge Wave|p2a: Ninetales\n|-supereffective|p2a: Ninetales\n|-damage|p2a: Ninetales|0 fnt\n|faint|p2a: Ninetales\n|\n|-weather|Snow|[upkeep]\n|upkeep\n|\n|t:|1698064013\n|switch|p2a: Baxcalibur|Baxcalibur, F, shiny|100\/100\n|turn|2\n|\n|t:|1698064028\n|switch|p1a: Clefable|Clefable, M|100\/100\n|move|p2a: Baxcalibur|Earthquake|p1a: Clefable\n|-damage|p1a: Clefable|66\/100\n|\n|-weather|Snow|[upkeep]\n|-heal|p1a: Clefable|72\/100|[from] item: Leftovers\n|upkeep\n|turn|3\n|\n|t:|1698064042\n|move|p2a: Baxcalibur|Dragon Dance|p2a: Baxcalibur\n|-boost|p2a: Baxcalibur|atk|1\n|-boost|p2a: Baxcalibur|spe|1\n|move|p1a: Clefable|Moonlight|p1a: Clefable\n|-heal|p1a: Clefable|97\/100\n|\n|-weather|Snow|[upkeep]\n|-heal|p1a: Clefable|100\/100|[from] item: Leftovers\n|upkeep\n|turn|4\n|\n|t:|1698064052\n|move|p2a: Baxcalibur|Dragon Dance|p2a: Baxcalibur\n|-boost|p2a: Baxcalibur|atk|1\n|-boost|p2a: Baxcalibur|spe|1\n|move|p1a: Clefable|Cosmic Power|p1a: Clefable\n|-boost|p1a: Clefable|def|1\n|-boost|p1a: Clefable|spd|1\n|\n|-weather|Snow|[upkeep]\n|upkeep\n|turn|5\n|\n|t:|1698064062\n|move|p2a: Baxcalibur|Icicle Spear|p1a: Clefable\n|-damage|p1a: Clefable|91\/100\n|-damage|p1a: Clefable|83\/100\n|-damage|p1a: Clefable|74\/100\n|-damage|p1a: Clefable|65\/100\n|-hitcount|p1a: Clefable|4\n|move|p1a: Clefable|Cosmic Power|p1a: Clefable\n|-boost|p1a: Clefable|def|1\n|-boost|p1a: Clefable|spd|1\n|\n|-weather|none\n|-heal|p1a: Clefable|71\/100|[from] item: Leftovers\n|upkeep\n|turn|6\n|\n|t:|1698064076\n|move|p2a: Baxcalibur|Dragon Dance|p2a: Baxcalibur\n|-boost|p2a: Baxcalibur|atk|1\n|-boost|p2a: Baxcalibur|spe|1\n|move|p1a: Clefable|Moonlight|p1a: Clefable\n|-heal|p1a: Clefable|100\/100\n|\n|upkeep\n|turn|7\n|\n|t:|1698064084\n|move|p2a: Baxcalibur|Dragon Dance|p2a: Baxcalibur\n|-boost|p2a: Baxcalibur|atk|1\n|-boost|p2a: Baxcalibur|spe|1\n|move|p1a: Clefable|Cosmic Power|p1a: Clefable\n|-boost|p1a: Clefable|def|1\n|-boost|p1a: Clefable|spd|1\n|\n|upkeep\n|turn|8\n|\n|t:|1698064092\n|move|p2a: Baxcalibur|Dragon Dance|p2a: Baxcalibur\n|-boost|p2a: Baxcalibur|atk|1\n|-boost|p2a: Baxcalibur|spe|1\n|move|p1a: Clefable|Cosmic Power|p1a: Clefable\n|-boost|p1a: Clefable|def|1\n|-boost|p1a: Clefable|spd|1\n|\n|upkeep\n|turn|9\n|\n|t:|1698064099\n|move|p2a: Baxcalibur|Dragon Dance|p2a: Baxcalibur\n|-boost|p2a: Baxcalibur|atk|1\n|-boost|p2a: Baxcalibur|spe|1\n|move|p1a: Clefable|Cosmic Power|p1a: Clefable\n|-boost|p1a: Clefable|def|1\n|-boost|p1a: Clefable|spd|1\n|\n|upkeep\n|turn|10\n|\n|t:|1698064107\n|move|p2a: Baxcalibur|Dragon Dance|p2a: Baxcalibur\n|-boost|p2a: Baxcalibur|atk|0\n|-boost|p2a: Baxcalibur|spe|0\n|move|p1a: Clefable|Cosmic Power|p1a: Clefable\n|-boost|p1a: Clefable|def|1\n|-boost|p1a: Clefable|spd|1\n|\n|upkeep\n|turn|11\n|\n|t:|1698064115\n|move|p2a: Baxcalibur|Earthquake|p1a: Clefable\n|-damage|p1a: Clefable|91\/100\n|move|p1a: Clefable|Stored Power|p2a: Baxcalibur\n|-damage|p2a: Baxcalibur|38\/100\n|\n|-heal|p1a: Clefable|97\/100|[from] item: Leftovers\n|upkeep\n|turn|12\n|\n|t:|1698064126\n|move|p2a: Baxcalibur|Icicle Spear|p1a: Clefable\n|-damage|p1a: Clefable|94\/100\n|-damage|p1a: Clefable|91\/100\n|-damage|p1a: Clefable|88\/100\n|-damage|p1a: Clefable|85\/100\n|-hitcount|p1a: Clefable|4\n|move|p1a: Clefable|Stored Power|p2a: Baxcalibur\n|-damage|p2a: Baxcalibur|0 fnt\n|faint|p2a: Baxcalibur\n|\n|-heal|p1a: Clefable|91\/100|[from] item: Leftovers\n|upkeep\n|\n|t:|1698064140\n|switch|p2a: Ogerpon|Ogerpon-Hearthflame, F|100\/100\n|-ability|p2a: Ogerpon|Mold Breaker\n|turn|13\n|\n|t:|1698064148\n|move|p2a: Ogerpon|Ivy Cudgel|p1a: Clefable\n|-damage|p1a: Clefable|77\/100\n|move|p1a: Clefable|Stored Power|p2a: Ogerpon\n|-damage|p2a: Ogerpon|37\/100\n|\n|-heal|p1a: Clefable|83\/100|[from] item: Leftovers\n|upkeep\n|turn|14\n|\n|t:|1698064158\n|move|p2a: Ogerpon|Ivy Cudgel|p1a: Clefable\n|-damage|p1a: Clefable|70\/100\n|move|p1a: Clefable|Stored Power|p2a: Ogerpon\n|-damage|p2a: Ogerpon|0 fnt\n|faint|p2a: Ogerpon\n|\n|-heal|p1a: Clefable|76\/100|[from] item: Leftovers\n|upkeep\n|\n|t:|1698064172\n|switch|p2a: Sinistcha|Sinistcha-Masterpiece, shiny|100\/100\n|turn|15\n|\n|t:|1698064178\n|move|p1a: Clefable|Stored Power|p2a: Sinistcha\n|-damage|p2a: Sinistcha|34\/100\n|move|p2a: Sinistcha|Trick Room|p2a: Sinistcha\n|-fieldstart|move: Trick Room|[of] p2a: Sinistcha\n|\n|-heal|p1a: Clefable|82\/100|[from] item: Leftovers\n|upkeep\n|turn|16\n|\n|t:|1698064194\n|move|p1a: Clefable|Moonlight|p1a: Clefable\n|-heal|p1a: Clefable|100\/100\n|move|p2a: Sinistcha|Matcha Gotcha|p1a: Clefable\n|-damage|p1a: Clefable|88\/100\n|-heal|p2a: Sinistcha|42\/100|[from] drain|[of] p1a: Clefable\n|-damage|p2a: Sinistcha|32\/100|[from] item: Life Orb\n|\n|-heal|p1a: Clefable|94\/100|[from] item: Leftovers\n|upkeep\n|turn|17\n|\n|t:|1698064205\n|move|p1a: Clefable|Charge Beam|p2a: Sinistcha\n|-resisted|p2a: Sinistcha\n|-damage|p2a: Sinistcha|25\/100\n|move|p2a: Sinistcha|Matcha Gotcha|p1a: Clefable\n|-damage|p1a: Clefable|81\/100\n|-heal|p2a: Sinistcha|33\/100|[from] drain|[of] p1a: Clefable\n|-damage|p2a: Sinistcha|23\/100|[from] item: Life Orb\n|\n|-heal|p1a: Clefable|87\/100|[from] item: Leftovers\n|upkeep\n|turn|18\n|\n|t:|1698064219\n|move|p1a: Clefable|Charge Beam|p2a: Sinistcha\n|-resisted|p2a: Sinistcha\n|-damage|p2a: Sinistcha|16\/100\n|-boost|p1a: Clefable|spa|1\n|move|p2a: Sinistcha|Matcha Gotcha|p1a: Clefable\n|-damage|p1a: Clefable|75\/100\n|-heal|p2a: Sinistcha|23\/100|[from] drain|[of] p1a: Clefable\n|-damage|p2a: Sinistcha|13\/100|[from] item: Life Orb\n|\n|-heal|p1a: Clefable|81\/100|[from] item: Leftovers\n|upkeep\n|turn|19\n|\n|t:|1698064232\n|move|p1a: Clefable|Moonlight|p1a: Clefable\n|-heal|p1a: Clefable|100\/100\n|move|p2a: Sinistcha|Matcha Gotcha|p1a: Clefable\n|-damage|p1a: Clefable|88\/100\n|-heal|p2a: Sinistcha|20\/100|[from] drain|[of] p1a: Clefable\n|-damage|p2a: Sinistcha|10\/100|[from] item: Life Orb\n|\n|-heal|p1a: Clefable|94\/100|[from] item: Leftovers\n|-fieldend|move: Trick Room\n|upkeep\n|turn|20\n|\n|t:|1698064247\n|move|p1a: Clefable|Stored Power|p2a: Sinistcha\n|-damage|p2a: Sinistcha|0 fnt\n|faint|p2a: Sinistcha\n|\n|-heal|p1a: Clefable|100\/100|[from] item: Leftovers\n|upkeep\n|\n|t:|1698064254\n|switch|p2a: Okidogi|Okidogi, M|100\/100\n|turn|21\n|\n|t:|1698064261\n|-terastallize|p2a: Okidogi|Water\n|move|p2a: Okidogi|Taunt|p1a: Clefable\n|-start|p1a: Clefable|move: Taunt\n|move|p1a: Clefable|Stored Power|p2a: Okidogi\n|-damage|p2a: Okidogi|5\/100\n|\n|-heal|p2a: Okidogi|11\/100|[from] item: Leftovers\n|upkeep\n|turn|22\n|\n|t:|1698064273\n|move|p2a: Okidogi|Drain Punch|p1a: Clefable\n|-resisted|p1a: Clefable\n|-damage|p1a: Clefable|96\/100\n|-heal|p2a: Okidogi|13\/100|[from] drain|[of] p1a: Clefable\n|move|p1a: Clefable|Stored Power|p2a: Okidogi\n|-damage|p2a: Okidogi|0 fnt\n|faint|p2a: Okidogi\n|\n|-heal|p1a: Clefable|100\/100|[from] item: Leftovers\n|upkeep\n|\n|t:|1698064285\n|switch|p2a: Ursaluna|Ursaluna-Bloodmoon, M|100\/100\n|turn|23\n|\n|t:|1698064291\n|move|p1a: Clefable|Stored Power|p2a: Ursaluna\n|-damage|p2a: Ursaluna|30\/100\n|move|p2a: Ursaluna|Blood Moon|p1a: Clefable\n|-damage|p1a: Clefable|83\/100\n|\n|-heal|p1a: Clefable|89\/100|[from] item: Leftovers\n|-end|p1a: Clefable|move: Taunt\n|upkeep\n|turn|24\n|\n|t:|1698064301\n|move|p1a: Clefable|Stored Power|p2a: Ursaluna\n|-damage|p2a: Ursaluna|0 fnt\n|faint|p2a: Ursaluna\n|\n|win|PKRS Romeo\n","uploadtime":1698064393,"views":11,"p1id":"pkrsromeo","p2id":"extremetom89","formatid":"gen9anythinggoes","rating":0,"private":0,"password":""}