{"id":"gen9anythinggoes-1981426471","p1":"inflamedcabbage","p2":"wispkey","format":"[Gen 9] Anything Goes","log":"|j|\u2606inflamedcabbage\n|j|\u2606wispkey\n|t:|1698894578\n|gametype|singles\n|player|p1|inflamedcabbage|102|\n|player|p2|wispkey|n|\n|teamsize|p1|6\n|teamsize|p2|6\n|gen|9\n|tier|[Gen 9] Anything Goes\n|rule|HP Percentage Mod: HP is shown in percentages\n|rule|Endless Battle Clause: Forcing endless battles is banned\n|clearpoke\n|poke|p1|Voltorb-Hisui|\n|poke|p1|Forretress, M|\n|poke|p1|Hydreigon, M|\n|poke|p1|Primeape, F|\n|poke|p1|Cresselia, F|\n|poke|p1|Volcarona, F|\n|poke|p2|Goodra-Hisui, M|\n|poke|p2|Scream Tail|\n|poke|p2|Salazzle, F|\n|poke|p2|Samurott-Hisui, M|\n|poke|p2|Zapdos|\n|poke|p2|Tauros-Paldea-Combat, M|\n|teampreview\n|inactive|Battle timer is ON: inactive players will automatically lose when time's up. (requested by inflamedcabbage)\n|\n|t:|1698894605\n|start\n|switch|p1a: Voltorb|Voltorb-Hisui|100\/100\n|switch|p2a: Salazzle|Salazzle, F, shiny|100\/100\n|turn|1\n|\n|t:|1698894615\n|move|p2a: Salazzle|Protect|p2a: Salazzle\n|-singleturn|p2a: Salazzle|Protect\n|move|p1a: Voltorb|Volt Switch|p2a: Salazzle\n|-activate|p2a: Salazzle|move: Protect\n|\n|upkeep\n|turn|2\n|\n|t:|1698894631\n|switch|p1a: Volcarona|Volcarona, F|100\/100\n|move|p2a: Salazzle|Sludge Bomb|p1a: Volcarona\n|-crit|p1a: Volcarona\n|-damage|p1a: Volcarona|44\/100\n|\n|upkeep\n|turn|3\n|\n|t:|1698894659\n|switch|p2a: Goodra|Goodra-Hisui, M|100\/100\n|move|p1a: Volcarona|Quiver Dance|p1a: Volcarona\n|-boost|p1a: Volcarona|spa|1\n|-boost|p1a: Volcarona|spd|1\n|-boost|p1a: Volcarona|spe|1\n|\n|upkeep\n|turn|4\n|\n|t:|1698894669\n|move|p1a: Volcarona|Flamethrower|p2a: Goodra\n|-damage|p2a: Goodra|75\/100\n|-status|p2a: Goodra|brn\n|move|p2a: Goodra|Dragon Tail|p1a: Volcarona\n|-damage|p1a: Volcarona|30\/100\n|drag|p1a: Forretress|Forretress, M|100\/100\n|\n|-damage|p2a: Goodra|69\/100 brn|[from] brn\n|upkeep\n|turn|5\n|\n|t:|1698894688\n|switch|p2a: Zapdos|Zapdos|100\/100\n|move|p1a: Forretress|Stealth Rock|p2a: Zapdos\n|-sidestart|p2: wispkey|move: Stealth Rock\n|\n|upkeep\n|turn|6\n|\n|t:|1698894702\n|switch|p1a: Hydreigon|Hydreigon, M|100\/100\n|move|p2a: Zapdos|Heat Wave|p1a: Hydreigon\n|-resisted|p1a: Hydreigon\n|-damage|p1a: Hydreigon|82\/100\n|-status|p1a: Hydreigon|brn\n|\n|-damage|p1a: Hydreigon|76\/100 brn|[from] brn\n|upkeep\n|turn|7\n|inactive|wispkey has 270 seconds left.\n|\n|t:|1698894724\n|switch|p2a: Scream Tail|Scream Tail|100\/100\n|-damage|p2a: Scream Tail|88\/100|[from] Stealth Rock\n|move|p1a: Hydreigon|U-turn|p2a: Scream Tail\n|-damage|p2a: Scream Tail|81\/100\n|\n|t:|1698894729\n|switch|p1a: Primeape|Primeape, F|100\/100|[from] U-turn\n|\n|-heal|p2a: Scream Tail|88\/100|[from] item: Leftovers\n|upkeep\n|turn|8\n|\n|t:|1698894739\n|move|p1a: Primeape|Gunk Shot|p2a: Scream Tail\n|-supereffective|p2a: Scream Tail\n|-damage|p2a: Scream Tail|20\/100\n|move|p2a: Scream Tail|Wish|p2a: Scream Tail\n|\n|-heal|p2a: Scream Tail|26\/100|[from] item: Leftovers\n|upkeep\n|turn|9\n|inactive|inflamedcabbage has 270 seconds left.\n|\n|t:|1698894778\n|switch|p1a: Cresselia|Cresselia, F|100\/100\n|move|p2a: Scream Tail|Protect||[still]\n|-fail|p2a: Scream Tail\n|\n|-heal|p2a: Scream Tail|76\/100|[from] move: Wish|[wisher] Scream Tail\n|-heal|p2a: Scream Tail|82\/100|[from] item: Leftovers\n|upkeep\n|turn|10\n|\n|t:|1698894791\n|move|p2a: Scream Tail|Wish|p2a: Scream Tail\n|move|p1a: Cresselia|Light Screen|p1a: Cresselia\n|-sidestart|p1: inflamedcabbage|move: Light Screen\n|\n|-heal|p2a: Scream Tail|88\/100|[from] item: Leftovers\n|upkeep\n|turn|11\n|\n|t:|1698894805\n|switch|p1a: Primeape|Primeape, F|100\/100\n|move|p2a: Scream Tail|Encore||[still]\n|-fail|p2a: Scream Tail\n|\n|-heal|p2a: Scream Tail|100\/100|[from] move: Wish|[wisher] Scream Tail\n|upkeep\n|turn|12\n|\n|t:|1698894815\n|move|p2a: Scream Tail|Protect|p2a: Scream Tail\n|-singleturn|p2a: Scream Tail|Protect\n|move|p1a: Primeape|Rage Fist|p2a: Scream Tail\n|-activate|p2a: Scream Tail|move: Protect\n|\n|upkeep\n|turn|13\n|\n|t:|1698894841\n|-end|p2a: Scream Tail|Protosynthesis|[silent]\n|switch|p2a: Salazzle|Salazzle, F, shiny|100\/100\n|-damage|p2a: Salazzle|76\/100|[from] Stealth Rock\n|move|p1a: Primeape|Rage Fist|p2a: Salazzle\n|-damage|p2a: Salazzle|49\/100\n|\n|-heal|p2a: Salazzle|55\/100|[from] item: Black Sludge\n|upkeep\n|turn|14\n|inactive|inflamedcabbage has 270 seconds left.\n|\n|t:|1698894861\n|move|p1a: Primeape|Rage Fist|p2a: Salazzle\n|-damage|p2a: Salazzle|30\/100\n|move|p2a: Salazzle|Toxic|p1a: Primeape\n|-status|p1a: Primeape|tox\n|\n|-heal|p2a: Salazzle|36\/100|[from] item: Black Sludge\n|-damage|p1a: Primeape|95\/100 tox|[from] psn\n|-sideend|p1: inflamedcabbage|move: Light Screen\n|upkeep\n|turn|15\n|\n|t:|1698894871\n|move|p2a: Salazzle|Protect|p2a: Salazzle\n|-singleturn|p2a: Salazzle|Protect\n|move|p1a: Primeape|Rage Fist|p2a: Salazzle\n|-activate|p2a: Salazzle|move: Protect\n|\n|-heal|p2a: Salazzle|42\/100|[from] item: Black Sludge\n|-damage|p1a: Primeape|83\/100 tox|[from] psn\n|upkeep\n|turn|16\n|\n|t:|1698894896\n|switch|p2a: Scream Tail|Scream Tail|100\/100\n|-damage|p2a: Scream Tail|88\/100|[from] Stealth Rock\n|move|p1a: Primeape|Rage Fist|p2a: Scream Tail\n|-supereffective|p2a: Scream Tail\n|-damage|p2a: Scream Tail|62\/100\n|\n|-heal|p2a: Scream Tail|68\/100|[from] item: Leftovers\n|-damage|p1a: Primeape|65\/100 tox|[from] psn\n|upkeep\n|turn|17\n|\n|t:|1698894925\n|switch|p1a: Voltorb|Voltorb-Hisui|100\/100\n|move|p2a: Scream Tail|Wish|p2a: Scream Tail\n|\n|-heal|p2a: Scream Tail|75\/100|[from] item: Leftovers\n|upkeep\n|turn|18\n|inactive|wispkey has 270 seconds left.\n|\n|t:|1698894953\n|-end|p2a: Scream Tail|Protosynthesis|[silent]\n|switch|p2a: Goodra|Goodra-Hisui, M|69\/100 brn\n|-damage|p2a: Goodra|63\/100 brn|[from] Stealth Rock\n|move|p1a: Voltorb|Thunder Wave||[still]\n|-fail|p1a: Voltorb\n|\n|-heal|p2a: Goodra|100\/100 brn|[from] move: Wish|[wisher] Scream Tail\n|-damage|p2a: Goodra|94\/100 brn|[from] brn\n|upkeep\n|turn|19\n|inactive|inflamedcabbage has 270 seconds left.\n|\n|t:|1698894976\n|move|p1a: Voltorb|Thunder Wave||[still]\n|-fail|p1a: Voltorb\n|move|p2a: Goodra|Knock Off|p1a: Voltorb\n|-damage|p1a: Voltorb|65\/100\n|-enditem|p1a: Voltorb|Choice Specs|[from] move: Knock Off|[of] p2a: Goodra\n|\n|-damage|p2a: Goodra|88\/100 brn|[from] brn\n|upkeep\n|turn|20\n|inactive|inflamedcabbage has 270 seconds left.\n|\n|t:|1698895005\n|move|p1a: Voltorb|Volt Switch|p2a: Goodra\n|-resisted|p2a: Goodra\n|-damage|p2a: Goodra|83\/100 brn\n|\n|t:|1698895007\n|switch|p1a: Hydreigon|Hydreigon, M|76\/100 brn|[from] Volt Switch\n|move|p2a: Goodra|Fire Punch|p1a: Hydreigon\n|-resisted|p1a: Hydreigon\n|-damage|p1a: Hydreigon|69\/100 brn\n|\n|-damage|p1a: Hydreigon|63\/100 brn|[from] brn\n|-damage|p2a: Goodra|77\/100 brn|[from] brn\n|upkeep\n|turn|21\n|inactive|wispkey has 240 seconds left.\n|inactive|wispkey has 210 seconds left.\n|\n|t:|1698895074\n|move|p1a: Hydreigon|U-turn|p2a: Goodra\n|-resisted|p2a: Goodra\n|-damage|p2a: Goodra|74\/100 brn\n|\n|t:|1698895080\n|switch|p1a: Voltorb|Voltorb-Hisui|65\/100|[from] U-turn\n|move|p2a: Goodra|Dragon Tail|p1a: Voltorb\n|-damage|p1a: Voltorb|33\/100\n|drag|p1a: Primeape|Primeape, F|65\/100 tox\n|\n|-damage|p1a: Primeape|59\/100 tox|[from] psn\n|-damage|p2a: Goodra|68\/100 brn|[from] brn\n|upkeep\n|turn|22\n|inactive|inflamedcabbage has 270 seconds left.\n|inactive|wispkey has 210 seconds left.\n|\n|t:|1698895113\n|switch|p2a: Tauros|Tauros-Paldea-Combat, M|100\/100\n|-damage|p2a: Tauros|94\/100|[from] Stealth Rock\n|move|p1a: Primeape|Rage Fist|p2a: Tauros\n|-damage|p2a: Tauros|75\/100\n|\n|-damage|p1a: Primeape|47\/100 tox|[from] psn\n|upkeep\n|turn|23\n|\n|t:|1698895124\n|switch|p1a: Voltorb|Voltorb-Hisui|33\/100\n|move|p2a: Tauros|Bulk Up|p2a: Tauros\n|-boost|p2a: Tauros|atk|1\n|-boost|p2a: Tauros|def|1\n|\n|upkeep\n|turn|24\n|inactive|wispkey has 180 seconds left.\n|\n|t:|1698895160\n|move|p2a: Tauros|Raging Bull|p1a: Voltorb\n|-damage|p1a: Voltorb|0 fnt\n|-damage|p2a: Tauros|50\/100|[from] ability: Aftermath|[of] p1a: Voltorb\n|faint|p1a: Voltorb\n|\n|upkeep\n|inactive|inflamedcabbage has 270 seconds left.\n|inactive|inflamedcabbage has 240 seconds left.\n|\n|t:|1698895213\n|switch|p1a: Primeape|Primeape, F|47\/100 tox\n|turn|25\n|\n|t:|1698895222\n|move|p1a: Primeape|Rage Fist|p2a: Tauros\n|-damage|p2a: Tauros|38\/100\n|move|p2a: Tauros|Trailblaze|p1a: Primeape\n|-damage|p1a: Primeape|5\/100 tox\n|-boost|p2a: Tauros|spe|1\n|\n|-damage|p1a: Primeape|0 fnt|[from] psn\n|faint|p1a: Primeape\n|upkeep\n|inactive|inflamedcabbage has 240 seconds left.\n|\n|t:|1698895243\n|switch|p1a: Hydreigon|Hydreigon, M|63\/100 brn\n|turn|26\n|\n|t:|1698895249\n|move|p2a: Tauros|Raging Bull|p1a: Hydreigon\n|-supereffective|p1a: Hydreigon\n|-damage|p1a: Hydreigon|0 fnt\n|faint|p1a: Hydreigon\n|\n|upkeep\n|inactive|inflamedcabbage has 240 seconds left.\n|\n|t:|1698895257\n|switch|p1a: Cresselia|Cresselia, F|100\/100\n|turn|27\n|\n|t:|1698895265\n|move|p2a: Tauros|Stone Edge|p1a: Cresselia\n|-damage|p1a: Cresselia|66\/100\n|move|p1a: Cresselia|Lunar Dance|p1a: Cresselia\n|faint|p1a: Cresselia\n|\n|upkeep\n|\n|t:|1698895268\n|switch|p1a: Volcarona|Volcarona, F|30\/100\n|-heal|p1a: Volcarona|100\/100|[from] move: Lunar Dance\n|turn|28\n|\n|t:|1698895275\n|move|p2a: Tauros|Stone Edge|p1a: Volcarona\n|-supereffective|p1a: Volcarona\n|-damage|p1a: Volcarona|0 fnt\n|faint|p1a: Volcarona\n|\n|upkeep\n|\n|t:|1698895277\n|switch|p1a: Forretress|Forretress, M|100\/100\n|turn|29\n|c|\u2606inflamedcabbage|gg\n|\n|t:|1698895287\n|move|p2a: Tauros|Raging Bull|p1a: Forretress\n|-damage|p1a: Forretress|67\/100\n|-damage|p2a: Tauros|21\/100|[from] item: Rocky Helmet|[of] p1a: Forretress\n|move|p1a: Forretress|Earthquake|p2a: Tauros\n|-damage|p2a: Tauros|4\/100\n|\n|upkeep\n|turn|30\n|\n|t:|1698895295\n|move|p2a: Tauros|Raging Bull|p1a: Forretress\n|-damage|p1a: Forretress|29\/100\n|-damage|p2a: Tauros|0 fnt|[from] item: Rocky Helmet|[of] p1a: Forretress\n|faint|p2a: Tauros\n|move|p1a: Forretress|Earthquake|p2: Tauros|[notarget]\n|-fail|p1a: Forretress\n|\n|upkeep\n|\n|t:|1698895302\n|switch|p2a: Samurott|Samurott-Hisui, M, shiny|100\/100\n|-damage|p2a: Samurott|88\/100|[from] Stealth Rock\n|turn|31\n|\n|t:|1698895312\n|move|p2a: Samurott|Aqua Jet|p1a: Forretress\n|-damage|p1a: Forretress|19\/100\n|-damage|p2a: Samurott|72\/100|[from] item: Rocky Helmet|[of] p1a: Forretress\n|move|p1a: Forretress|Earthquake|p2a: Samurott\n|-damage|p2a: Samurott|44\/100\n|\n|upkeep\n|turn|32\n|\n|t:|1698895323\n|move|p2a: Samurott|Sacred Sword|p1a: Forretress\n|-damage|p1a: Forretress|0 fnt\n|-damage|p2a: Samurott|27\/100|[from] item: Rocky Helmet|[of] p1a: Forretress\n|faint|p1a: Forretress\n|\n|win|wispkey\n","uploadtime":1698895343,"views":36,"p1id":"inflamedcabbage","p2id":"wispkey","formatid":"gen9anythinggoes","rating":0,"private":0,"password":""}