{"id":"gen9anythinggoes-1975582096","p1":"superkittyhawk","p2":"leonhard937","format":"[Gen 9] Anything Goes","log":"|j|\u2606superkittyhawk\n|j|\u2606leonhard937\n|t:|1698207965\n|gametype|singles\n|player|p1|superkittyhawk|iris-gen5bw2|1159\n|player|p2|leonhard937|265|1187\n|teamsize|p1|6\n|teamsize|p2|6\n|gen|9\n|tier|[Gen 9] Anything Goes\n|rated|\n|rule|HP Percentage Mod: HP is shown in percentages\n|rule|Endless Battle Clause: Forcing endless battles is banned\n|clearpoke\n|poke|p1|Iron Bundle|\n|poke|p1|Iron Moth|\n|poke|p1|Iron Jugulis|\n|poke|p1|Iron Treads|\n|poke|p1|Iron Valiant|\n|poke|p1|Miraidon|\n|poke|p2|Annihilape, M|\n|poke|p2|Calyrex-Shadow|\n|poke|p2|Chansey, F|\n|poke|p2|Arceus-Rock|\n|poke|p2|Maushold-Four|\n|poke|p2|Houndstone, F|\n|teampreview\n|inactive|Battle timer is ON: inactive players will automatically lose when time's up. (requested by leonhard937)\n|inactive|superkittyhawk also wants the timer to be on.\n|\n|t:|1698207971\n|start\n|switch|p1a: Iron Bundle|Iron Bundle, shiny|100\/100\n|switch|p2a: Annihilape|Annihilape, M|100\/100\n|-enditem|p1a: Iron Bundle|Booster Energy\n|-activate|p1a: Iron Bundle|ability: Quark Drive|[fromitem]\n|-start|p1a: Iron Bundle|quarkdrivespe\n|turn|1\n|\n|t:|1698207983\n|move|p1a: Iron Bundle|Hydro Pump|p2a: Annihilape\n|-damage|p2a: Annihilape|49\/100\n|move|p2a: Annihilape|Close Combat|p1a: Iron Bundle\n|-supereffective|p1a: Iron Bundle\n|-damage|p1a: Iron Bundle|0 fnt\n|-unboost|p2a: Annihilape|def|1\n|-unboost|p2a: Annihilape|spd|1\n|faint|p1a: Iron Bundle\n|-end|p1a: Iron Bundle|Quark Drive|[silent]\n|\n|upkeep\n|\n|t:|1698207993\n|switch|p1a: Miraidon|Miraidon|100\/100\n|-fieldstart|move: Electric Terrain|[from] ability: Hadron Engine|[of] p1a: Miraidon\n|turn|2\n|\n|t:|1698208002\n|move|p1a: Miraidon|Electro Drift|p2a: Annihilape\n|-damage|p2a: Annihilape|0 fnt\n|faint|p2a: Annihilape\n|\n|upkeep\n|\n|t:|1698208009\n|switch|p2a: Calyrex|Calyrex-Shadow|100\/100\n|-ability|p2a: Calyrex|As One\n|-ability|p2a: Calyrex|Unnerve\n|turn|3\n|\n|t:|1698208019\n|move|p2a: Calyrex|Astral Barrage|p1a: Miraidon\n|-damage|p1a: Miraidon|44\/100\n|move|p1a: Miraidon|Volt Switch|p2a: Calyrex\n|-damage|p2a: Calyrex|48\/100\n|\n|t:|1698208029\n|switch|p1a: Iron Jugulis|Iron Jugulis|100\/100|[from] Volt Switch\n|-activate|p1a: Iron Jugulis|ability: Quark Drive\n|-start|p1a: Iron Jugulis|quarkdrivespe\n|\n|-heal|p2a: Calyrex|54\/100|[from] item: Leftovers\n|upkeep\n|turn|4\n|\n|t:|1698208042\n|switch|p2a: Arceus|Arceus-Rock|100\/100\n|move|p1a: Iron Jugulis|Dark Pulse|p2a: Arceus\n|-damage|p2a: Arceus|73\/100\n|\n|upkeep\n|turn|5\n|\n|t:|1698208056\n|-end|p1a: Iron Jugulis|Quark Drive|[silent]\n|switch|p1a: Iron Treads|Iron Treads|100\/100\n|-activate|p1a: Iron Treads|ability: Quark Drive\n|-start|p1a: Iron Treads|quarkdrivespe\n|move|p2a: Arceus|Judgment|p1a: Iron Treads\n|-resisted|p1a: Iron Treads\n|-damage|p1a: Iron Treads|76\/100\n|\n|upkeep\n|turn|6\n|\n|t:|1698208067\n|switch|p2a: Chansey|Chansey, F|100\/100\n|move|p1a: Iron Treads|Iron Head|p2a: Chansey\n|-damage|p2a: Chansey|69\/100\n|\n|-fieldend|move: Electric Terrain\n|-end|p1a: Iron Treads|Quark Drive\n|upkeep\n|-enditem|p1a: Iron Treads|Booster Energy\n|-activate|p1a: Iron Treads|ability: Quark Drive|[fromitem]\n|-start|p1a: Iron Treads|quarkdrivespe\n|turn|7\n|\n|t:|1698208078\n|move|p1a: Iron Treads|Knock Off|p2a: Chansey\n|-damage|p2a: Chansey|47\/100\n|-enditem|p2a: Chansey|Eviolite|[from] move: Knock Off|[of] p1a: Iron Treads\n|move|p2a: Chansey|Stealth Rock|p1a: Iron Treads\n|-sidestart|p1: superkittyhawk|move: Stealth Rock\n|\n|upkeep\n|turn|8\n|\n|t:|1698208085\n|move|p1a: Iron Treads|Earthquake|p2a: Chansey\n|-damage|p2a: Chansey|0 fnt\n|faint|p2a: Chansey\n|\n|upkeep\n|\n|t:|1698208093\n|switch|p2a: Calyrex|Calyrex-Shadow|54\/100\n|-ability|p2a: Calyrex|As One\n|-ability|p2a: Calyrex|Unnerve\n|turn|9\n|\n|t:|1698208098\n|move|p1a: Iron Treads|Knock Off|p2a: Calyrex\n|-supereffective|p2a: Calyrex\n|-damage|p2a: Calyrex|0 fnt\n|-enditem|p2a: Calyrex|Leftovers|[from] move: Knock Off|[of] p1a: Iron Treads\n|faint|p2a: Calyrex\n|\n|upkeep\n|\n|t:|1698208104\n|switch|p2a: Maushold|Maushold-Four|100\/100\n|turn|10\n|\n|t:|1698208108\n|move|p1a: Iron Treads|Earthquake|p2a: Maushold\n|-damage|p2a: Maushold|36\/100\n|move|p2a: Maushold|Population Bomb|p1a: Iron Treads\n|-resisted|p1a: Iron Treads\n|-damage|p1a: Iron Treads|72\/100\n|-resisted|p1a: Iron Treads\n|-damage|p1a: Iron Treads|68\/100\n|-resisted|p1a: Iron Treads\n|-damage|p1a: Iron Treads|65\/100\n|-resisted|p1a: Iron Treads\n|-damage|p1a: Iron Treads|61\/100\n|-resisted|p1a: Iron Treads\n|-damage|p1a: Iron Treads|58\/100\n|-resisted|p1a: Iron Treads\n|-crit|p1a: Iron Treads\n|-damage|p1a: Iron Treads|52\/100\n|-resisted|p1a: Iron Treads\n|-damage|p1a: Iron Treads|48\/100\n|-resisted|p1a: Iron Treads\n|-damage|p1a: Iron Treads|45\/100\n|-resisted|p1a: Iron Treads\n|-damage|p1a: Iron Treads|41\/100\n|-resisted|p1a: Iron Treads\n|-damage|p1a: Iron Treads|37\/100\n|-hitcount|p1a: Iron Treads|10\n|\n|upkeep\n|turn|11\n|\n|t:|1698208118\n|switch|p2a: Arceus|Arceus-Rock|73\/100\n|move|p1a: Iron Treads|Earthquake|p2a: Arceus\n|-supereffective|p2a: Arceus\n|-damage|p2a: Arceus|7\/100\n|\n|upkeep\n|turn|12\n|\n|t:|1698208128\n|move|p1a: Iron Treads|Ice Spinner|p2a: Arceus\n|-damage|p2a: Arceus|0 fnt\n|faint|p2a: Arceus\n|\n|upkeep\n|inactive|leonhard937 has 120 seconds left.\n|\n|t:|1698208181\n|switch|p2a: Maushold|Maushold-Four|36\/100\n|turn|13\n|\n|t:|1698208185\n|move|p1a: Iron Treads|Earthquake|p2a: Maushold\n|-damage|p2a: Maushold|0 fnt\n|faint|p2a: Maushold\n|\n|upkeep\n|\n|t:|1698208192\n|switch|p2a: Houndstone|Houndstone, F|100\/100\n|turn|14\n|\n|t:|1698208196\n|move|p1a: Iron Treads|Knock Off|p2a: Houndstone\n|-supereffective|p2a: Houndstone\n|-damage|p2a: Houndstone|27\/100\n|-enditem|p2a: Houndstone|Life Orb|[from] move: Knock Off|[of] p1a: Iron Treads\n|move|p2a: Houndstone|Last Respects|p1a: Iron Treads\n|-damage|p1a: Iron Treads|0 fnt\n|faint|p1a: Iron Treads\n|-end|p1a: Iron Treads|Quark Drive|[silent]\n|\n|upkeep\n|\n|t:|1698208199\n|switch|p1a: Iron Jugulis|Iron Jugulis|100\/100\n|-damage|p1a: Iron Jugulis|76\/100|[from] Stealth Rock\n|-enditem|p1a: Iron Jugulis|Booster Energy\n|-activate|p1a: Iron Jugulis|ability: Quark Drive|[fromitem]\n|-start|p1a: Iron Jugulis|quarkdrivespe\n|turn|15\n|\n|t:|1698208208\n|move|p1a: Iron Jugulis|Dark Pulse|p2a: Houndstone\n|-supereffective|p2a: Houndstone\n|-damage|p2a: Houndstone|0 fnt\n|faint|p2a: Houndstone\n|\n|win|superkittyhawk\n|raw|superkittyhawk's rating: 1159 &rarr; <strong>1186<\/strong><br \/>(+27 for winning)\n|raw|leonhard937's rating: 1187 &rarr; <strong>1160<\/strong><br \/>(-27 for losing)\n|l|\u2606leonhard937\n","uploadtime":1698208217,"views":11,"p1id":"superkittyhawk","p2id":"leonhard937","formatid":"gen9anythinggoes","rating":1160,"private":0,"password":""}