{"id":"gen9anythinggoes-1998836050","p1":"baby keeem","p2":"789789456456L","format":"[Gen 9] Anything Goes","log":"|j|\u2606baby keeem\n|j|\u2606789789456456L\n|t:|1701000464\n|gametype|singles\n|player|p1|baby keeem|dawn|1323\n|player|p2|789789456456L|2|1489\n|teamsize|p1|6\n|teamsize|p2|6\n|gen|9\n|tier|[Gen 9] Anything Goes\n|rated|\n|rule|HP Percentage Mod: HP is shown in percentages\n|rule|Endless Battle Clause: Forcing endless battles is banned\n|clearpoke\n|poke|p1|Zacian-*|\n|poke|p1|Zacian-*|\n|poke|p1|Zacian-*|\n|poke|p1|Zacian-*|\n|poke|p1|Zacian-*|\n|poke|p1|Calyrex-Shadow|\n|poke|p2|Toxapex, M|\n|poke|p2|Cloyster, F|\n|poke|p2|Magearna|\n|poke|p2|Murkrow, M|\n|poke|p2|Iron Treads|\n|poke|p2|Espathra, M|\n|teampreview\n|inactive|Battle timer is ON: inactive players will automatically lose when time's up. (requested by baby keeem)\n|\n|t:|1701000481\n|start\n|switch|p1a: Zacian|Zacian-Crowned|100\/100\n|switch|p2a: Toxapex|Toxapex, M|100\/100\n|-ability|p1a: Zacian|Intrepid Sword|boost\n|-boost|p1a: Zacian|atk|1\n|turn|1\n|\n|t:|1701000487\n|move|p1a: Zacian|Crunch|p2a: Toxapex\n|-damage|p2a: Toxapex|69\/100\n|move|p2a: Toxapex|Toxic Spikes|p1a: Zacian\n|-sidestart|p1: baby keeem|move: Toxic Spikes\n|\n|-heal|p2a: Toxapex|75\/100|[from] item: Black Sludge\n|upkeep\n|turn|2\n|\n|t:|1701000493\n|move|p1a: Zacian|Crunch|p2a: Toxapex\n|-damage|p2a: Toxapex|43\/100\n|move|p2a: Toxapex|Toxic Spikes|p1a: Zacian\n|-sidestart|p1: baby keeem|move: Toxic Spikes\n|\n|-heal|p2a: Toxapex|49\/100|[from] item: Black Sludge\n|upkeep\n|turn|3\n|c|\u2606baby keeem|1: Zacian is immune against toxic\n|c|\u2606baby keeem|2: If you want a hazard setter, use Glimmora\n|\n|t:|1701000520\n|move|p2a: Toxapex|Baneful Bunker|p2a: Toxapex\n|-singleturn|p2a: Toxapex|move: Protect\n|move|p1a: Zacian|Crunch|p2a: Toxapex\n|-activate|p2a: Toxapex|move: Protect\n|\n|-heal|p2a: Toxapex|55\/100|[from] item: Black Sludge\n|upkeep\n|turn|4\n|\n|t:|1701000527\n|move|p1a: Zacian|Crunch|p2a: Toxapex\n|-damage|p2a: Toxapex|26\/100\n|move|p2a: Toxapex|Infestation|p1a: Zacian\n|-resisted|p1a: Zacian\n|-damage|p1a: Zacian|99\/100\n|-activate|p1a: Zacian|move: Infestation|[of] p2a: Toxapex\n|\n|-heal|p2a: Toxapex|33\/100|[from] item: Black Sludge\n|-damage|p1a: Zacian|88\/100|[from] move: Infestation|[partiallytrapped]\n|upkeep\n|turn|5\n|c|\u2606baby keeem|But anyways what does it even matter\n|c|\u2606baby keeem|You're fucking dead\n|\n|t:|1701000538\n|move|p2a: Toxapex|Baneful Bunker|p2a: Toxapex\n|-singleturn|p2a: Toxapex|move: Protect\n|move|p1a: Zacian|Crunch|p2a: Toxapex\n|-activate|p2a: Toxapex|move: Protect\n|\n|-heal|p2a: Toxapex|39\/100|[from] item: Black Sludge\n|-damage|p1a: Zacian|75\/100|[from] move: Infestation|[partiallytrapped]\n|upkeep\n|turn|6\n|\n|t:|1701000545\n|move|p2a: Toxapex|Baneful Bunker||[still]\n|-fail|p2a: Toxapex\n|move|p1a: Zacian|Crunch|p2a: Toxapex\n|-damage|p2a: Toxapex|9\/100\n|\n|-heal|p2a: Toxapex|15\/100|[from] item: Black Sludge\n|-damage|p1a: Zacian|63\/100|[from] move: Infestation|[partiallytrapped]\n|upkeep\n|turn|7\n|\n|t:|1701000553\n|move|p2a: Toxapex|Baneful Bunker|p2a: Toxapex\n|-singleturn|p2a: Toxapex|move: Protect\n|move|p1a: Zacian|Crunch|p2a: Toxapex\n|-activate|p2a: Toxapex|move: Protect\n|\n|-heal|p2a: Toxapex|21\/100|[from] item: Black Sludge\n|-damage|p1a: Zacian|51\/100|[from] move: Infestation|[partiallytrapped]\n|upkeep\n|turn|8\n|\n|t:|1701000564\n|move|p2a: Toxapex|Baneful Bunker||[still]\n|-fail|p2a: Toxapex\n|move|p1a: Zacian|Crunch|p2a: Toxapex\n|-damage|p2a: Toxapex|0 fnt\n|faint|p2a: Toxapex\n|\n|-end|p1a: Zacian|Infestation|[partiallytrapped]|[silent]\n|upkeep\n|\n|t:|1701000573\n|switch|p2a: Espathra|Espathra, M|100\/100\n|turn|9\n|\n|t:|1701000583\n|move|p2a: Espathra|Protect|p2a: Espathra\n|-singleturn|p2a: Espathra|Protect\n|move|p1a: Zacian|Crunch|p2a: Espathra\n|-activate|p2a: Espathra|move: Protect\n|\n|-ability|p2a: Espathra|Speed Boost|boost\n|-boost|p2a: Espathra|spe|1\n|upkeep\n|turn|10\n|\n|t:|1701000589\n|move|p2a: Espathra|Hypnosis|p1a: Zacian\n|-status|p1a: Zacian|slp|[from] move: Hypnosis\n|cant|p1a: Zacian|slp\n|\n|-ability|p2a: Espathra|Speed Boost|boost\n|-boost|p2a: Espathra|spe|1\n|upkeep\n|turn|11\n|\n|t:|1701000598\n|switch|p1a: Zacian|Zacian-Crowned|100\/100\n|-ability|p1a: Zacian|Intrepid Sword|boost\n|-boost|p1a: Zacian|atk|1\n|move|p2a: Espathra|Stored Power|p1a: Zacian\n|-resisted|p1a: Zacian\n|-damage|p1a: Zacian|88\/100\n|\n|-ability|p2a: Espathra|Speed Boost|boost\n|-boost|p2a: Espathra|spe|1\n|upkeep\n|turn|12\n|\n|t:|1701000606\n|move|p1a: Zacian|Quick Attack|p2a: Espathra\n|-damage|p2a: Espathra|67\/100\n|move|p2a: Espathra|Hypnosis|p1a: Zacian\n|-status|p1a: Zacian|slp|[from] move: Hypnosis\n|\n|-ability|p2a: Espathra|Speed Boost|boost\n|-boost|p2a: Espathra|spe|1\n|upkeep\n|turn|13\n|\n|t:|1701000626\n|switch|p1a: Zacian|Zacian-Crowned|100\/100\n|-ability|p1a: Zacian|Intrepid Sword|boost\n|-boost|p1a: Zacian|atk|1\n|move|p2a: Espathra|Baton Pass|p2a: Espathra\n|\n|t:|1701000632\n|switch|p2a: Magearna|Magearna|100\/100|[from] Baton Pass\n|\n|upkeep\n|turn|14\n|\n|t:|1701000641\n|move|p2a: Magearna|Flash Cannon|p1a: Zacian\n|-damage|p1a: Zacian|54\/100\n|move|p1a: Zacian|Crunch|p2a: Magearna\n|-resisted|p2a: Magearna\n|-damage|p2a: Magearna|76\/100\n|-unboost|p2a: Magearna|def|1\n|\n|upkeep\n|turn|15\n|\n|t:|1701000647\n|move|p2a: Magearna|Flash Cannon|p1a: Zacian\n|-damage|p1a: Zacian|9\/100\n|-heal|p2a: Magearna|82\/100|[from] item: Shell Bell|[of] p1a: Zacian\n|move|p1a: Zacian|Crunch|p2a: Magearna\n|-resisted|p2a: Magearna\n|-damage|p2a: Magearna|44\/100\n|\n|upkeep\n|turn|16\n|\n|t:|1701000657\n|move|p1a: Zacian|Quick Attack|p2a: Magearna\n|-resisted|p2a: Magearna\n|-damage|p2a: Magearna|26\/100\n|move|p2a: Magearna|Flash Cannon|p1a: Zacian\n|-damage|p1a: Zacian|0 fnt\n|faint|p1a: Zacian\n|-ability|p2a: Magearna|Soul-Heart|boost\n|-boost|p2a: Magearna|spa|1\n|-heal|p2a: Magearna|27\/100|[from] item: Shell Bell|[of] p1: Zacian\n|\n|upkeep\n|\n|t:|1701000663\n|switch|p1a: Zacian|Zacian-Crowned|100\/100\n|-ability|p1a: Zacian|Intrepid Sword|boost\n|-boost|p1a: Zacian|atk|1\n|turn|17\n|\n|t:|1701000671\n|move|p2a: Magearna|Flash Cannon|p1a: Zacian\n|-damage|p1a: Zacian|41\/100\n|-heal|p2a: Magearna|35\/100|[from] item: Shell Bell|[of] p1a: Zacian\n|move|p1a: Zacian|Behemoth Blade|p2a: Magearna\n|-damage|p2a: Magearna|0 fnt\n|faint|p2a: Magearna\n|\n|upkeep\n|\n|t:|1701000679\n|switch|p2a: Iron Treads|Iron Treads|100\/100\n|turn|18\n|\n|t:|1701000684\n|move|p1a: Zacian|Sacred Sword|p2a: Iron Treads\n|-supereffective|p2a: Iron Treads\n|-damage|p2a: Iron Treads|0 fnt\n|faint|p2a: Iron Treads\n|-end|p2a: Iron Treads|Quark Drive|[silent]\n|\n|upkeep\n|\n|t:|1701000687\n|switch|p2a: Cloyster|Cloyster, F|100\/100\n|turn|19\n|\n|t:|1701000692\n|move|p1a: Zacian|Sacred Sword|p2a: Cloyster\n|-supereffective|p2a: Cloyster\n|-damage|p2a: Cloyster|18\/100\n|move|p2a: Cloyster|Shell Smash|p2a: Cloyster\n|-unboost|p2a: Cloyster|def|1\n|-unboost|p2a: Cloyster|spd|1\n|-boost|p2a: Cloyster|atk|2\n|-boost|p2a: Cloyster|spa|2\n|-boost|p2a: Cloyster|spe|2\n|\n|upkeep\n|turn|20\n|-message|789789456456L forfeited.\n|\n|win|baby keeem\n|raw|baby keeem's rating: 1323 &rarr; <strong>1352<\/strong><br \/>(+29 for winning)\n|raw|789789456456L's rating: 1489 &rarr; <strong>1460<\/strong><br \/>(-29 for losing)\n|l|\u2606789789456456L\n","uploadtime":1701000535,"views":2,"p1id":"babykeeem","p2id":"789789456456l","formatid":"gen9anythinggoes","rating":1352,"private":0,"password":""}