{"id":"gen9anythinggoes-1973624779","p1":"Hhbghgbt","p2":"Save freedom","format":"[Gen 9] Anything Goes","log":"|j|\u2606Hhbghgbt\n|j|\u2606Save freedom\n|t:|1697997333\n|gametype|singles\n|player|p1|Hhbghgbt|2|1155\n|player|p2|Save freedom|backpacker|1070\n|teamsize|p1|6\n|teamsize|p2|6\n|gen|9\n|tier|[Gen 9] Anything Goes\n|rated|\n|rule|HP Percentage Mod: HP is shown in percentages\n|rule|Endless Battle Clause: Forcing endless battles is banned\n|clearpoke\n|poke|p1|Calyrex-Ice|\n|poke|p1|Arceus|\n|poke|p1|Zacian-*|\n|poke|p1|Eternatus|\n|poke|p1|Kyogre|\n|poke|p1|Gliscor, M|\n|poke|p2|Orthworm, M|\n|poke|p2|Clodsire, F|\n|poke|p2|Glimmora, F|\n|poke|p2|Garganacl, M|\n|poke|p2|Kingambit, M|\n|poke|p2|Ceruledge, F|\n|teampreview\n|\n|t:|1697997346\n|start\n|switch|p1a: Calyrex|Calyrex-Ice|100\/100\n|switch|p2a: Clodsire|Clodsire, F, shiny|100\/100\n|-ability|p1a: Calyrex|As One\n|-ability|p1a: Calyrex|Unnerve\n|turn|1\n|\n|t:|1697997360\n|-terastallize|p2a: Clodsire|Dark\n|move|p1a: Calyrex|Swords Dance|p1a: Calyrex\n|-boost|p1a: Calyrex|atk|2\n|move|p2a: Clodsire|Toxic|p1a: Calyrex\n|-status|p1a: Calyrex|tox\n|\n|-damage|p1a: Calyrex|94\/100 tox|[from] psn\n|upkeep\n|turn|2\n|\n|t:|1697997375\n|switch|p2a: Glimmora|Glimmora, F, shiny|100\/100\n|move|p1a: Calyrex|Swords Dance|p1a: Calyrex\n|-boost|p1a: Calyrex|atk|2\n|\n|-heal|p1a: Calyrex|100\/100 tox|[from] item: Leftovers\n|-damage|p1a: Calyrex|88\/100 tox|[from] psn\n|upkeep\n|turn|3\n|\n|t:|1697997389\n|move|p2a: Glimmora|Acid Armor|p2a: Glimmora\n|-boost|p2a: Glimmora|def|2\n|move|p1a: Calyrex|Baton Pass|p1a: Calyrex\n|\n|t:|1697997404\n|switch|p1a: Arceus|Arceus|100\/100|[from] Baton Pass\n|\n|upkeep\n|turn|4\n|\n|t:|1697997413\n|move|p1a: Arceus|Extreme Speed|p2a: Glimmora\n|-resisted|p2a: Glimmora\n|-damage|p2a: Glimmora|56\/100\n|-activate|p2a: Glimmora|ability: Toxic Debris\n|-sidestart|p1: Hhbghgbt|move: Toxic Spikes\n|move|p2a: Glimmora|Stealth Rock|p1a: Arceus\n|-sidestart|p1: Hhbghgbt|move: Stealth Rock\n|\n|-heal|p2a: Glimmora|62\/100|[from] item: Black Sludge\n|upkeep\n|turn|5\n|\n|t:|1697997423\n|move|p2a: Glimmora|Spiky Shield|p2a: Glimmora\n|-singleturn|p2a: Glimmora|move: Protect\n|move|p1a: Arceus|Extreme Speed|p2a: Glimmora\n|-activate|p2a: Glimmora|move: Protect\n|-damage|p1a: Arceus|88\/100|[from] Spiky Shield|[of] p2a: Glimmora\n|\n|-heal|p2a: Glimmora|68\/100|[from] item: Black Sludge\n|upkeep\n|turn|6\n|\n|t:|1697997434\n|move|p1a: Arceus|Extreme Speed|p2a: Glimmora\n|-resisted|p2a: Glimmora\n|-damage|p2a: Glimmora|23\/100\n|-activate|p2a: Glimmora|ability: Toxic Debris\n|-sidestart|p1: Hhbghgbt|move: Toxic Spikes\n|move|p2a: Glimmora|Power Gem|p1a: Arceus\n|-damage|p1a: Arceus|59\/100\n|\n|-heal|p2a: Glimmora|29\/100|[from] item: Black Sludge\n|upkeep\n|turn|7\n|\n|t:|1697997445\n|move|p2a: Glimmora|Spiky Shield|p2a: Glimmora\n|-singleturn|p2a: Glimmora|move: Protect\n|move|p1a: Arceus|Extreme Speed|p2a: Glimmora\n|-activate|p2a: Glimmora|move: Protect\n|-damage|p1a: Arceus|46\/100|[from] Spiky Shield|[of] p2a: Glimmora\n|\n|-heal|p2a: Glimmora|35\/100|[from] item: Black Sludge\n|upkeep\n|turn|8\n|\n|t:|1697997457\n|switch|p2a: Ceruledge|Ceruledge, F, shiny|100\/100\n|move|p1a: Arceus|Extreme Speed|p2a: Ceruledge\n|-immune|p2a: Ceruledge\n|\n|upkeep\n|turn|9\n|\n|t:|1697997468\n|switch|p1a: Gliscor|Gliscor, M|100\/100\n|-damage|p1a: Gliscor|88\/100|[from] Stealth Rock\n|move|p2a: Ceruledge|Bitter Blade|p1a: Gliscor\n|-damage|p1a: Gliscor|50\/100\n|\n|-status|p1a: Gliscor|tox|[from] item: Toxic Orb\n|upkeep\n|turn|10\n|\n|t:|1697997479\n|move|p2a: Ceruledge|Swords Dance|p2a: Ceruledge\n|-boost|p2a: Ceruledge|atk|2\n|move|p1a: Gliscor|Toxic|p2a: Ceruledge\n|-status|p2a: Ceruledge|tox\n|\n|-damage|p2a: Ceruledge|94\/100 tox|[from] psn\n|-heal|p1a: Gliscor|62\/100 tox|[from] ability: Poison Heal\n|upkeep\n|turn|11\n|\n|t:|1697997489\n|move|p2a: Ceruledge|Bitter Blade|p1a: Gliscor\n|-crit|p1a: Gliscor\n|-damage|p1a: Gliscor|0 fnt\n|-heal|p2a: Ceruledge|100\/100 tox|[from] drain|[of] p1a: Gliscor\n|faint|p1a: Gliscor\n|\n|-damage|p2a: Ceruledge|88\/100 tox|[from] psn\n|upkeep\n|\n|t:|1697997498\n|switch|p1a: Kyogre|Kyogre|100\/100\n|-status|p1a: Kyogre|tox\n|-damage|p1a: Kyogre|88\/100 tox|[from] Stealth Rock\n|-weather|RainDance|[from] ability: Drizzle|[of] p1a: Kyogre\n|turn|12\n|\n|t:|1697997511\n|switch|p2a: Clodsire|Clodsire, F, shiny, tera:Dark|100\/100\n|move|p1a: Kyogre|Origin Pulse|p2a: Clodsire\n|-immune|p2a: Clodsire|[from] ability: Water Absorb\n|\n|-weather|RainDance|[upkeep]\n|-damage|p1a: Kyogre|82\/100 tox|[from] psn\n|upkeep\n|turn|13\n|\n|t:|1697997520\n|move|p1a: Kyogre|Thunder Wave|p2a: Clodsire\n|-status|p2a: Clodsire|par\n|cant|p2a: Clodsire|par\n|\n|-weather|RainDance|[upkeep]\n|-damage|p1a: Kyogre|70\/100 tox|[from] psn\n|upkeep\n|turn|14\n|\n|t:|1697997528\n|move|p1a: Kyogre|Blizzard|p2a: Clodsire|[miss]\n|-miss|p1a: Kyogre|p2a: Clodsire\n|move|p2a: Clodsire|Amnesia|p2a: Clodsire\n|-boost|p2a: Clodsire|spd|2\n|\n|-weather|RainDance|[upkeep]\n|-damage|p1a: Kyogre|51\/100 tox|[from] psn\n|upkeep\n|turn|15\n|\n|t:|1697997539\n|switch|p1a: Zacian|Zacian-Crowned, shiny|100\/100\n|-damage|p1a: Zacian|94\/100|[from] Stealth Rock\n|-ability|p1a: Zacian|Intrepid Sword|boost\n|-boost|p1a: Zacian|atk|1\n|move|p2a: Clodsire|Earthquake|p1a: Zacian\n|-supereffective|p1a: Zacian\n|-damage|p1a: Zacian|31\/100\n|\n|-weather|RainDance|[upkeep]\n|upkeep\n|turn|16\n|\n|t:|1697997552\n|move|p1a: Zacian|Close Combat|p2a: Clodsire\n|-supereffective|p2a: Clodsire\n|-damage|p2a: Clodsire|0 fnt\n|-unboost|p1a: Zacian|def|1\n|-unboost|p1a: Zacian|spd|1\n|-damage|p1a: Zacian|14\/100|[from] item: Rocky Helmet|[of] p2a: Clodsire\n|faint|p2a: Clodsire\n|\n|-weather|none\n|upkeep\n|\n|t:|1697997556\n|switch|p2a: Ceruledge|Ceruledge, F, shiny|88\/100 tox\n|turn|17\n|\n|t:|1697997568\n|move|p2a: Ceruledge|Shadow Sneak|p1a: Zacian\n|-damage|p1a: Zacian|0 fnt\n|faint|p1a: Zacian\n|\n|-damage|p2a: Ceruledge|82\/100 tox|[from] psn\n|upkeep\n|\n|t:|1697997575\n|switch|p1a: Kyogre|Kyogre|51\/100 tox\n|-damage|p1a: Kyogre|39\/100 tox|[from] Stealth Rock\n|-weather|RainDance|[from] ability: Drizzle|[of] p1a: Kyogre\n|turn|18\n|\n|t:|1697997593\n|switch|p2a: Glimmora|Glimmora, F, shiny|35\/100\n|move|p1a: Kyogre|Rest|p1a: Kyogre\n|-status|p1a: Kyogre|slp|[from] move: Rest\n|-heal|p1a: Kyogre|100\/100 slp|[silent]\n|-enditem|p1a: Kyogre|Chesto Berry|[eat]\n|-curestatus|p1a: Kyogre|slp|[msg]\n|\n|-weather|RainDance|[upkeep]\n|-heal|p2a: Glimmora|41\/100|[from] item: Black Sludge\n|upkeep\n|turn|19\n|\n|t:|1697997604\n|move|p2a: Glimmora|Spiky Shield|p2a: Glimmora\n|-singleturn|p2a: Glimmora|move: Protect\n|move|p1a: Kyogre|Origin Pulse|p2a: Glimmora\n|-activate|p2a: Glimmora|move: Protect\n|\n|-weather|RainDance|[upkeep]\n|-heal|p2a: Glimmora|47\/100|[from] item: Black Sludge\n|upkeep\n|turn|20\n|\n|t:|1697997624\n|move|p2a: Glimmora|Power Gem|p1a: Kyogre\n|-crit|p1a: Kyogre\n|-damage|p1a: Kyogre|60\/100\n|move|p1a: Kyogre|Origin Pulse|p2a: Glimmora\n|-supereffective|p2a: Glimmora\n|-damage|p2a: Glimmora|0 fnt\n|faint|p2a: Glimmora\n|\n|-weather|RainDance|[upkeep]\n|upkeep\n|\n|t:|1697997638\n|switch|p2a: Ceruledge|Ceruledge, F, shiny|82\/100 tox\n|turn|21\n|\n|t:|1697997643\n|move|p2a: Ceruledge|Destiny Bond|p2a: Ceruledge\n|-singlemove|p2a: Ceruledge|Destiny Bond\n|move|p1a: Kyogre|Origin Pulse|p2a: Ceruledge\n|-supereffective|p2a: Ceruledge\n|-damage|p2a: Ceruledge|0 fnt\n|faint|p2a: Ceruledge\n|-activate|p2a: Ceruledge|move: Destiny Bond\n|faint|p1a: Kyogre\n|\n|-weather|RainDance|[upkeep]\n|upkeep\n|\n|t:|1697997655\n|switch|p2a: Garganacl|Garganacl, M, shiny|100\/100\n|switch|p1a: Calyrex|Calyrex-Ice|88\/100 tox\n|-ability|p1a: Calyrex|As One\n|-ability|p1a: Calyrex|Unnerve\n|-damage|p1a: Calyrex|63\/100 tox|[from] Stealth Rock\n|turn|22\n|\n|t:|1697997667\n|move|p1a: Calyrex|Leech Seed|p2a: Garganacl\n|-start|p2a: Garganacl|move: Leech Seed\n|move|p2a: Garganacl|Salt Cure|p1a: Calyrex\n|-supereffective|p1a: Calyrex\n|-damage|p1a: Calyrex|50\/100 tox\n|-start|p1a: Calyrex|Salt Cure\n|\n|-weather|none\n|-heal|p1a: Calyrex|56\/100 tox|[from] item: Leftovers\n|-damage|p2a: Garganacl|88\/100|[from] Leech Seed|[of] p1a: Calyrex\n|-heal|p1a: Calyrex|69\/100 tox|[silent]\n|-damage|p1a: Calyrex|63\/100 tox|[from] psn\n|-damage|p1a: Calyrex|50\/100 tox|[from] Salt Cure\n|upkeep\n|turn|23\n|\n|t:|1697997680\n|switch|p2a: Orthworm|Orthworm, M, shiny|100\/100\n|move|p1a: Calyrex|Swords Dance|p1a: Calyrex\n|-boost|p1a: Calyrex|atk|2\n|\n|-heal|p1a: Calyrex|56\/100 tox|[from] item: Leftovers\n|-damage|p1a: Calyrex|44\/100 tox|[from] psn\n|-damage|p1a: Calyrex|32\/100 tox|[from] Salt Cure\n|upkeep\n|turn|24\n|\n|t:|1697997691\n|move|p2a: Orthworm|Coil|p2a: Orthworm\n|-boost|p2a: Orthworm|atk|1\n|-boost|p2a: Orthworm|def|1\n|-boost|p2a: Orthworm|accuracy|1\n|move|p1a: Calyrex|Baton Pass|p1a: Calyrex\n|\n|t:|1697997697\n|switch|p1a: Arceus|Arceus|46\/100|[from] Baton Pass\n|-status|p1a: Arceus|tox\n|-damage|p1a: Arceus|34\/100 tox|[from] Stealth Rock\n|\n|-damage|p1a: Arceus|28\/100 tox|[from] psn\n|upkeep\n|turn|25\n|\n|t:|1697997708\n|move|p2a: Orthworm|Protect|p2a: Orthworm\n|-singleturn|p2a: Orthworm|Protect\n|move|p1a: Arceus|Flare Blitz|p2a: Orthworm\n|-activate|p2a: Orthworm|move: Protect\n|\n|-damage|p1a: Arceus|16\/100 tox|[from] psn\n|upkeep\n|turn|26\n|\n|t:|1697997722\n|switch|p2a: Garganacl|Garganacl, M, shiny|88\/100\n|move|p1a: Arceus|Flare Blitz|p2a: Garganacl\n|-resisted|p2a: Garganacl\n|-damage|p2a: Garganacl|48\/100\n|-damage|p1a: Arceus|2\/100 tox|[from] Recoil\n|\n|-damage|p1a: Arceus|0 fnt|[from] psn\n|faint|p1a: Arceus\n|upkeep\n|\n|t:|1697997733\n|switch|p1a: Eternatus|Eternatus|100\/100\n|-sideend|p1: Hhbghgbt|move: Toxic Spikes|[of] p1a: Eternatus\n|-damage|p1a: Eternatus|88\/100|[from] Stealth Rock\n|-ability|p1a: Eternatus|Pressure\n|turn|27\n|\n|t:|1697997742\n|move|p1a: Eternatus|Shadow Ball|p2a: Garganacl\n|-damage|p2a: Garganacl|31\/100\n|-damage|p1a: Eternatus|78\/100|[from] item: Life Orb\n|move|p2a: Garganacl|Salt Cure|p1a: Eternatus\n|-damage|p1a: Eternatus|65\/100\n|-start|p1a: Eternatus|Salt Cure\n|\n|-damage|p1a: Eternatus|53\/100|[from] Salt Cure\n|upkeep\n|turn|28\n|\n|t:|1697997755\n|move|p1a: Eternatus|Sludge Bomb|p2a: Garganacl\n|-resisted|p2a: Garganacl\n|-damage|p2a: Garganacl|6\/100\n|-damage|p1a: Eternatus|43\/100|[from] item: Life Orb\n|move|p2a: Garganacl|Recover|p2a: Garganacl\n|-heal|p2a: Garganacl|56\/100\n|\n|-damage|p1a: Eternatus|31\/100|[from] Salt Cure\n|upkeep\n|turn|29\n|\n|t:|1697997765\n|move|p1a: Eternatus|Sludge Bomb|p2a: Garganacl\n|-resisted|p2a: Garganacl\n|-damage|p2a: Garganacl|30\/100\n|-damage|p1a: Eternatus|21\/100|[from] item: Life Orb\n|move|p2a: Garganacl|Recover|p2a: Garganacl\n|-heal|p2a: Garganacl|80\/100\n|\n|-damage|p1a: Eternatus|9\/100|[from] Salt Cure\n|upkeep\n|turn|30\n|\n|t:|1697997774\n|move|p1a: Eternatus|Recover|p1a: Eternatus\n|-heal|p1a: Eternatus|59\/100\n|move|p2a: Garganacl|Recover|p2a: Garganacl\n|-heal|p2a: Garganacl|100\/100\n|\n|-damage|p1a: Eternatus|46\/100|[from] Salt Cure\n|upkeep\n|turn|31\n|\n|t:|1697997783\n|move|p1a: Eternatus|Recover|p1a: Eternatus\n|-heal|p1a: Eternatus|96\/100\n|move|p2a: Garganacl|Body Press|p1a: Eternatus\n|-resisted|p1a: Eternatus\n|-damage|p1a: Eternatus|85\/100\n|\n|-damage|p1a: Eternatus|72\/100|[from] Salt Cure\n|upkeep\n|turn|32\n|\n|t:|1697997793\n|move|p1a: Eternatus|Recover|p1a: Eternatus\n|-heal|p1a: Eternatus|100\/100\n|move|p2a: Garganacl|Iron Defense|p2a: Garganacl\n|-boost|p2a: Garganacl|def|2\n|\n|-damage|p1a: Eternatus|88\/100|[from] Salt Cure\n|upkeep\n|turn|33\n|\n|t:|1697997801\n|move|p1a: Eternatus|Sludge Bomb|p2a: Garganacl\n|-resisted|p2a: Garganacl\n|-damage|p2a: Garganacl|76\/100\n|-damage|p1a: Eternatus|78\/100|[from] item: Life Orb\n|move|p2a: Garganacl|Iron Defense|p2a: Garganacl\n|-boost|p2a: Garganacl|def|2\n|\n|-damage|p1a: Eternatus|66\/100|[from] Salt Cure\n|upkeep\n|turn|34\n|\n|t:|1697997811\n|move|p1a: Eternatus|Sludge Bomb|p2a: Garganacl\n|-resisted|p2a: Garganacl\n|-damage|p2a: Garganacl|52\/100\n|-damage|p1a: Eternatus|56\/100|[from] item: Life Orb\n|move|p2a: Garganacl|Body Press|p1a: Eternatus\n|-resisted|p1a: Eternatus\n|-damage|p1a: Eternatus|19\/100\n|\n|-damage|p1a: Eternatus|6\/100|[from] Salt Cure\n|upkeep\n|turn|35\n|\n|t:|1697997821\n|move|p1a: Eternatus|Recover|p1a: Eternatus\n|-heal|p1a: Eternatus|56\/100\n|move|p2a: Garganacl|Salt Cure|p1a: Eternatus\n|-damage|p1a: Eternatus|45\/100\n|\n|-damage|p1a: Eternatus|33\/100|[from] Salt Cure\n|upkeep\n|turn|36\n|\n|t:|1697997830\n|move|p1a: Eternatus|Recover|p1a: Eternatus\n|-heal|p1a: Eternatus|83\/100\n|move|p2a: Garganacl|Body Press|p1a: Eternatus\n|-resisted|p1a: Eternatus\n|-damage|p1a: Eternatus|46\/100\n|\n|-damage|p1a: Eternatus|34\/100|[from] Salt Cure\n|upkeep\n|turn|37\n|\n|t:|1697997839\n|move|p1a: Eternatus|Recover|p1a: Eternatus\n|-heal|p1a: Eternatus|84\/100\n|move|p2a: Garganacl|Body Press|p1a: Eternatus\n|-resisted|p1a: Eternatus\n|-damage|p1a: Eternatus|47\/100\n|\n|-damage|p1a: Eternatus|35\/100|[from] Salt Cure\n|upkeep\n|turn|38\n|inactive|Battle timer is ON: inactive players will automatically lose when time's up. (requested by Save freedom)\n|\n|t:|1697997848\n|move|p1a: Eternatus|Recover|p1a: Eternatus\n|-heal|p1a: Eternatus|85\/100\n|move|p2a: Garganacl|Body Press|p1a: Eternatus\n|-resisted|p1a: Eternatus\n|-damage|p1a: Eternatus|53\/100\n|\n|-damage|p1a: Eternatus|41\/100|[from] Salt Cure\n|upkeep\n|turn|39\n|\n|t:|1697997857\n|move|p1a: Eternatus|Sludge Bomb|p2a: Garganacl\n|-resisted|p2a: Garganacl\n|-damage|p2a: Garganacl|27\/100\n|-damage|p1a: Eternatus|31\/100|[from] item: Life Orb\n|move|p2a: Garganacl|Body Press|p1a: Eternatus\n|-resisted|p1a: Eternatus\n|-damage|p1a: Eternatus|0 fnt\n|faint|p1a: Eternatus\n|\n|upkeep\n|-message|Hhbghgbt forfeited.\n|\n|win|Save freedom\n|raw|Hhbghgbt's rating: 1155 &rarr; <strong>1124<\/strong><br \/>(-31 for losing)\n|raw|Save freedom's rating: 1070 &rarr; <strong>1107<\/strong><br \/>(+37 for winning)\n|l|\u2606Hhbghgbt\n","uploadtime":1697997877,"views":12,"p1id":"hhbghgbt","p2id":"savefreedom","formatid":"gen9anythinggoes","rating":1107,"private":0,"password":""}