{"id":"gen9anythinggoes-1986247361","p1":"oOo Spume oOo","p2":"godryhiem","format":"[Gen 9] Anything Goes","log":"|j|\u2606oOo Spume oOo\n|j|\u203dgodryhiem\n|t:|1699463144\n|gametype|singles\n|player|p1|oOo Spume oOo|evelyn|1542\n|player|p2|godryhiem|gladion-stance|1466\n|teamsize|p1|6\n|teamsize|p2|6\n|gen|9\n|tier|[Gen 9] Anything Goes\n|rated|\n|rule|HP Percentage Mod: HP is shown in percentages\n|rule|Endless Battle Clause: Forcing endless battles is banned\n|clearpoke\n|poke|p1|Ditto|\n|poke|p1|Wooper-Paldea, M|\n|poke|p1|Clodsire, M|\n|poke|p1|Arceus|\n|poke|p1|Eternatus|\n|poke|p1|Calyrex-Shadow|\n|poke|p2|Baxcalibur, F|\n|poke|p2|Espathra, F|\n|poke|p2|Orthworm, M|\n|poke|p2|Cloyster, M|\n|poke|p2|Kingambit, M|\n|poke|p2|Great Tusk|\n|teampreview\n|inactive|Battle timer is ON: inactive players will automatically lose when time's up. (requested by godryhiem)\n|\n|t:|1699463173\n|start\n|switch|p1a: Wooper|Wooper-Paldea, M, shiny|100\/100\n|switch|p2a: Orthworm|Orthworm, M, shiny|100\/100\n|turn|1\n|\n|t:|1699463180\n|move|p2a: Orthworm|Shed Tail|p2a: Orthworm\n|-start|p2a: Orthworm|Substitute|[from] move: Shed Tail\n|-damage|p2a: Orthworm|50\/100\n|-enditem|p2a: Orthworm|Sitrus Berry|[eat]\n|-heal|p2a: Orthworm|75\/100|[from] item: Sitrus Berry\n|\n|t:|1699463187\n|switch|p2a: Cloyster|Cloyster, M, shiny|100\/100|[from] Shed Tail\n|move|p1a: Wooper|Toxic Spikes|p2a: Cloyster\n|-sidestart|p2: godryhiem|move: Toxic Spikes\n|\n|upkeep\n|turn|2\n|\n|t:|1699463194\n|switch|p1a: God ?|Arceus, shiny|100\/100\n|move|p2a: Cloyster|Shell Smash|p2a: Cloyster\n|-unboost|p2a: Cloyster|def|1\n|-unboost|p2a: Cloyster|spd|1\n|-boost|p2a: Cloyster|atk|2\n|-boost|p2a: Cloyster|spa|2\n|-boost|p2a: Cloyster|spe|2\n|\n|upkeep\n|turn|3\n|\n|t:|1699463204\n|move|p2a: Cloyster|Shell Smash|p2a: Cloyster\n|-unboost|p2a: Cloyster|def|1\n|-unboost|p2a: Cloyster|spd|1\n|-boost|p2a: Cloyster|atk|2\n|-boost|p2a: Cloyster|spa|2\n|-boost|p2a: Cloyster|spe|2\n|move|p1a: God ?|Roar|p2a: Cloyster\n|drag|p2a: Baxcalibur|Baxcalibur, F|100\/100\n|-status|p2a: Baxcalibur|psn\n|\n|-damage|p2a: Baxcalibur|88\/100 psn|[from] psn\n|upkeep\n|turn|4\n|\n|t:|1699463217\n|move|p2a: Baxcalibur|Glaive Rush|p1a: God ?\n|-damage|p1a: God ?|63\/100\n|-singlemove|p2a: Baxcalibur|Glaive Rush|[silent]\n|move|p1a: God ?|Swords Dance|p1a: God ?\n|-boost|p1a: God ?|atk|2\n|\n|-heal|p1a: God ?|69\/100|[from] item: Leftovers\n|-damage|p2a: Baxcalibur|76\/100 psn|[from] psn\n|upkeep\n|turn|5\n|\n|t:|1699463228\n|switch|p2a: Great Tusk|Great Tusk|100\/100\n|-status|p2a: Great Tusk|psn\n|move|p1a: God ?|Extreme Speed|p2a: Great Tusk\n|-damage|p2a: Great Tusk|53\/100 psn\n|\n|-heal|p1a: God ?|75\/100|[from] item: Leftovers\n|-heal|p2a: Great Tusk|59\/100 psn|[from] item: Leftovers\n|-damage|p2a: Great Tusk|46\/100 psn|[from] psn\n|upkeep\n|turn|6\n|\n|t:|1699463238\n|switch|p1a: Death|Calyrex-Shadow|100\/100\n|-ability|p1a: Death|As One\n|-ability|p1a: Death|Unnerve\n|move|p2a: Great Tusk|Rapid Spin|p1a: Death\n|-immune|p1a: Death\n|\n|-heal|p2a: Great Tusk|53\/100 psn|[from] item: Leftovers\n|-damage|p2a: Great Tusk|40\/100 psn|[from] psn\n|upkeep\n|turn|7\n|\n|t:|1699463251\n|move|p1a: Death|Psyshock|p2a: Great Tusk\n|-supereffective|p2a: Great Tusk\n|-damage|p2a: Great Tusk|0 fnt\n|faint|p2a: Great Tusk\n|-end|p2a: Great Tusk|Protosynthesis|[silent]\n|-ability|p1a: Death|Grim Neigh|boost\n|-boost|p1a: Death|spa|1\n|\n|upkeep\n|\n|t:|1699463258\n|switch|p2a: Kingambit|Kingambit, M|100\/100\n|-activate|p2a: Kingambit|ability: Supreme Overlord\n|-start|p2a: Kingambit|fallen1|[silent]\n|turn|8\n|\n|t:|1699463271\n|move|p2a: Kingambit|Sucker Punch|p1a: Death\n|-supereffective|p1a: Death\n|-enditem|p1a: Death|Focus Sash\n|-damage|p1a: Death|1\/100\n|move|p1a: Death|Pollen Puff|p2a: Kingambit\n|-damage|p2a: Kingambit|36\/100\n|\n|upkeep\n|turn|9\n|\n|t:|1699463281\n|switch|p1a: Le Grapin|Eternatus, shiny|100\/100\n|-ability|p1a: Le Grapin|Pressure\n|move|p2a: Kingambit|Sucker Punch||[still]\n|-fail|p2a: Kingambit\n|\n|upkeep\n|turn|10\n|\n|t:|1699463288\n|-end|p2a: Kingambit|fallen1|[silent]\n|switch|p2a: Orthworm|Orthworm, M, shiny|75\/100\n|move|p1a: Le Grapin|Flamethrower|p2a: Orthworm\n|-supereffective|p2a: Orthworm\n|-damage|p2a: Orthworm|0 fnt\n|faint|p2a: Orthworm\n|\n|upkeep\n|\n|t:|1699463303\n|switch|p2a: Espathra|Espathra, F|100\/100\n|-status|p2a: Espathra|psn\n|turn|11\n|\n|t:|1699463313\n|switch|p1a: God ?|Arceus, shiny|75\/100\n|move|p2a: Espathra|Calm Mind|p2a: Espathra\n|-boost|p2a: Espathra|spa|1\n|-boost|p2a: Espathra|spd|1\n|\n|-heal|p1a: God ?|81\/100|[from] item: Leftovers\n|-damage|p2a: Espathra|88\/100 psn|[from] psn\n|-ability|p2a: Espathra|Speed Boost|boost\n|-boost|p2a: Espathra|spe|1\n|upkeep\n|turn|12\n|\n|t:|1699463335\n|move|p2a: Espathra|Stored Power|p1a: God ?\n|-damage|p1a: God ?|58\/100\n|move|p1a: God ?|Roar|p2a: Espathra\n|drag|p2a: Baxcalibur|Baxcalibur, F|76\/100 psn\n|\n|-heal|p1a: God ?|64\/100|[from] item: Leftovers\n|-damage|p2a: Baxcalibur|63\/100 psn|[from] psn\n|upkeep\n|turn|13\n|\n|t:|1699463347\n|move|p2a: Baxcalibur|Dragon Dance|p2a: Baxcalibur\n|-boost|p2a: Baxcalibur|atk|1\n|-boost|p2a: Baxcalibur|spe|1\n|move|p1a: God ?|Recover|p1a: God ?\n|-heal|p1a: God ?|100\/100\n|\n|-damage|p2a: Baxcalibur|51\/100 psn|[from] psn\n|upkeep\n|turn|14\n|\n|t:|1699463359\n|move|p2a: Baxcalibur|Icicle Spear|p1a: God ?\n|-damage|p1a: God ?|88\/100\n|-damage|p1a: God ?|75\/100\n|-damage|p1a: God ?|64\/100\n|-damage|p1a: God ?|53\/100\n|-damage|p1a: God ?|41\/100\n|-hitcount|p1a: God ?|5\n|move|p1a: God ?|Swords Dance|p1a: God ?\n|-boost|p1a: God ?|atk|2\n|\n|-heal|p1a: God ?|47\/100|[from] item: Leftovers\n|-damage|p2a: Baxcalibur|39\/100 psn|[from] psn\n|upkeep\n|turn|15\n|\n|t:|1699463376\n|move|p1a: God ?|Extreme Speed|p2a: Baxcalibur\n|-crit|p2a: Baxcalibur\n|-damage|p2a: Baxcalibur|0 fnt\n|faint|p2a: Baxcalibur\n|\n|-heal|p1a: God ?|53\/100|[from] item: Leftovers\n|upkeep\n|\n|t:|1699463383\n|switch|p2a: Kingambit|Kingambit, M|36\/100\n|-activate|p2a: Kingambit|ability: Supreme Overlord\n|-start|p2a: Kingambit|fallen3|[silent]\n|turn|16\n|\n|t:|1699463390\n|-terastallize|p2a: Kingambit|Dark\n|move|p1a: God ?|Extreme Speed|p2a: Kingambit\n|-damage|p2a: Kingambit|0 fnt\n|faint|p2a: Kingambit\n|-end|p2a: Kingambit|fallen3|[silent]\n|\n|-heal|p1a: God ?|59\/100|[from] item: Leftovers\n|upkeep\n|\n|t:|1699463398\n|switch|p2a: Cloyster|Cloyster, M, shiny|100\/100\n|-status|p2a: Cloyster|psn\n|turn|17\n|\n|t:|1699463404\n|move|p1a: God ?|Extreme Speed|p2a: Cloyster\n|-damage|p2a: Cloyster|48\/100 psn\n|move|p2a: Cloyster|Shell Smash|p2a: Cloyster\n|-unboost|p2a: Cloyster|def|1\n|-unboost|p2a: Cloyster|spd|1\n|-boost|p2a: Cloyster|atk|2\n|-boost|p2a: Cloyster|spa|2\n|-boost|p2a: Cloyster|spe|2\n|\n|-heal|p1a: God ?|65\/100|[from] item: Leftovers\n|-damage|p2a: Cloyster|36\/100 psn|[from] psn\n|upkeep\n|turn|18\n|\n|t:|1699463415\n|move|p1a: God ?|Extreme Speed|p2a: Cloyster\n|-damage|p2a: Cloyster|0 fnt\n|faint|p2a: Cloyster\n|\n|-heal|p1a: God ?|71\/100|[from] item: Leftovers\n|upkeep\n|\n|t:|1699463422\n|switch|p2a: Espathra|Espathra, F|88\/100 psn\n|turn|19\n|\n|t:|1699463425\n|move|p1a: God ?|Extreme Speed|p2a: Espathra\n|-crit|p2a: Espathra\n|-damage|p2a: Espathra|0 fnt\n|faint|p2a: Espathra\n|\n|win|oOo Spume oOo\n|raw|oOo Spume oOo's rating: 1542 &rarr; <strong>1558<\/strong><br \/>(+16 for winning)\n|raw|godryhiem's rating: 1466 &rarr; <strong>1450<\/strong><br \/>(-16 for losing)\n|l|\u203dgodryhiem\n","uploadtime":1699463440,"views":4,"p1id":"ooospumeooo","p2id":"godryhiem","formatid":"gen9anythinggoes","rating":1450,"private":0,"password":""}