{"id":"gen9anythinggoes-1997952241","p1":"BillyBobwho2","p2":"shrekthemaneo4","format":"[Gen 9] Anything Goes","log":"|j|\u2606BillyBobwho2\n|j|\u2606shrekthemaneo4\n|t:|1700871424\n|gametype|singles\n|player|p1|BillyBobwho2|benga|1100\n|player|p2|shrekthemaneo4|artist-gen4|1158\n|teamsize|p1|6\n|teamsize|p2|6\n|gen|9\n|tier|[Gen 9] Anything Goes\n|rated|\n|rule|HP Percentage Mod: HP is shown in percentages\n|rule|Endless Battle Clause: Forcing endless battles is banned\n|clearpoke\n|poke|p1|Grafaiai, M|\n|poke|p1|Decidueye-Hisui, M|\n|poke|p1|Gyarados, M|\n|poke|p1|Tyranitar, M|\n|poke|p1|Maushold-Four|\n|poke|p1|Weavile, M|\n|poke|p2|Florges, F|\n|poke|p2|Baxcalibur, M|\n|poke|p2|Avalugg, F|\n|poke|p2|Hoopa-Unbound|\n|poke|p2|Palafin, M|\n|poke|p2|Torkoal, M|\n|teampreview\n|j| Mattattac\n|c|\u2606shrekthemaneo4|OOH TRANITAR\n|c|\u2606shrekthemaneo4|i cant spell\n|\n|t:|1700871453\n|start\n|switch|p1a: Weavile|Weavile, M|100\/100\n|switch|p2a: roses|Florges, F|100\/100\n|turn|1\n|\n|t:|1700871465\n|move|p1a: Weavile|Substitute|p1a: Weavile\n|-start|p1a: Weavile|Substitute\n|-damage|p1a: Weavile|75\/100\n|move|p2a: roses|Moonblast|p1a: Weavile\n|-supereffective|p1a: Weavile\n|-end|p1a: Weavile|Substitute\n|\n|-heal|p1a: Weavile|82\/100|[from] item: Leftovers\n|upkeep\n|turn|2\n|\n|t:|1700871472\n|move|p1a: Weavile|Substitute|p1a: Weavile\n|-start|p1a: Weavile|Substitute\n|-damage|p1a: Weavile|57\/100\n|move|p2a: roses|Moonblast|p1a: Weavile\n|-supereffective|p1a: Weavile\n|-end|p1a: Weavile|Substitute\n|\n|-heal|p1a: Weavile|63\/100|[from] item: Leftovers\n|upkeep\n|turn|3\n|\n|t:|1700871481\n|move|p1a: Weavile|Baton Pass|p1a: Weavile\n|\n|t:|1700871483\n|switch|p1a: Maushold|Maushold-Four|100\/100|[from] Baton Pass\n|move|p2a: roses|Moonblast|p1a: Maushold\n|-damage|p1a: Maushold|54\/100\n|\n|upkeep\n|turn|4\n|c|\u2606shrekthemaneo4|its time to stop\n|\n|t:|1700871495\n|-terastallize|p2a: roses|Ground\n|move|p1a: Maushold|Population Bomb|p2a: roses\n|-damage|p2a: roses|94\/100\n|-damage|p2a: roses|87\/100\n|-damage|p2a: roses|80\/100\n|-damage|p2a: roses|72\/100\n|-damage|p2a: roses|64\/100\n|-damage|p2a: roses|57\/100\n|-damage|p2a: roses|49\/100\n|-damage|p2a: roses|42\/100\n|-damage|p2a: roses|34\/100\n|-damage|p2a: roses|26\/100\n|-hitcount|p2a: roses|10\n|cant|p2a: roses|flinch\n|\n|-heal|p2a: roses|32\/100|[from] item: Leftovers\n|upkeep\n|turn|5\n|c|\u2606shrekthemaneo4|NO\n|c|\u2606shrekthemaneo4|NOT AGAIN\n|c|\u2606shrekthemaneo4|NO THE CROWN\n|c|\u2606shrekthemaneo4|NOOO\n|\n|t:|1700871524\n|switch|p2a: glacier|Avalugg, F|100\/100\n|move|p1a: Maushold|Population Bomb|p2a: glacier\n|-damage|p2a: glacier|97\/100\n|-damage|p2a: glacier|93\/100\n|-damage|p2a: glacier|90\/100\n|-hitcount|p2a: glacier|3\n|\n|upkeep\n|turn|6\n|c|\u2606shrekthemaneo4|tanky guy time\n|\n|t:|1700871534\n|move|p1a: Maushold|Population Bomb|p2a: glacier|[miss]\n|-miss|p1a: Maushold|p2a: glacier\n|move|p2a: glacier|Body Press|p1a: Maushold\n|-supereffective|p1a: Maushold\n|-crit|p1a: Maushold\n|-damage|p1a: Maushold|0 fnt\n|faint|p1a: Maushold\n|\n|upkeep\n|\n|t:|1700871543\n|switch|p1a: Gyarados|Gyarados, M|100\/100\n|-ability|p1a: Gyarados|Intimidate|boost\n|-unboost|p2a: glacier|atk|1\n|turn|7\n|\n|t:|1700871554\n|move|p1a: Gyarados|Flamethrower|p2a: glacier\n|-supereffective|p2a: glacier\n|-damage|p2a: glacier|0 fnt\n|faint|p2a: glacier\n|\n|upkeep\n|c|\u2606shrekthemaneo4|GYARADOS HAS FLAMETHROWER\n|c| Mattattac|I knew\n|c|\u2606shrekthemaneo4|THATS GONNA BE A TM\n|c| Mattattac|but forgot\n|c|\u2606BillyBobwho2|BigBrain\n|\n|t:|1700871593\n|switch|p2a: hoola|Hoopa-Unbound|100\/100\n|turn|8\n|c|\u2606shrekthemaneo4|beeg brain\n|\n|t:|1700871613\n|switch|p1a: Grafaiai|Grafaiai, M|100\/100\n|move|p2a: hoola|Hyperspace Fury|p1a: Grafaiai\n|-damage|p1a: Grafaiai|7\/100\n|-unboost|p2a: hoola|def|1\n|\n|upkeep\n|turn|9\n|\n|t:|1700871624\n|move|p2a: hoola|Hyperspace Fury|p1a: Grafaiai\n|-damage|p1a: Grafaiai|0 fnt\n|-unboost|p2a: hoola|def|1\n|faint|p1a: Grafaiai\n|\n|upkeep\n|\n|t:|1700871632\n|switch|p1a: Weavile|Weavile, M|63\/100\n|turn|10\n|\n|t:|1700871639\n|move|p2a: hoola|Hyperspace Fury|p1a: Weavile\n|-resisted|p1a: Weavile\n|-damage|p1a: Weavile|16\/100\n|-unboost|p2a: hoola|def|1\n|move|p1a: Weavile|Baton Pass|p1a: Weavile\n|\n|t:|1700871644\n|switch|p1a: Tyranitar|Tyranitar, M|100\/100|[from] Baton Pass\n|-weather|Sandstorm|[from] ability: Sand Stream|[of] p1a: Tyranitar\n|\n|-weather|Sandstorm|[upkeep]\n|-damage|p2a: hoola|95\/100|[from] Sandstorm\n|upkeep\n|turn|11\n|c|\u2606shrekthemaneo4|ATTAK\n|\n|t:|1700871665\n|move|p2a: hoola|Hyperspace Fury|p1a: Tyranitar\n|-resisted|p1a: Tyranitar\n|-damage|p1a: Tyranitar|81\/100\n|-unboost|p2a: hoola|def|1\n|move|p1a: Tyranitar|Smack Down|p2a: hoola\n|-damage|p2a: hoola|0 fnt\n|faint|p2a: hoola\n|\n|-weather|Sandstorm|[upkeep]\n|upkeep\n|c|\u2606shrekthemaneo4|wait\n|c|\u2606shrekthemaneo4|17 percent\n|c|\u2606shrekthemaneo4|toonk\n|\n|t:|1700871694\n|switch|p2a: Excalibur|Baxcalibur, M|100\/100\n|turn|12\n|\n|t:|1700871705\n|move|p2a: Excalibur|Glaive Rush|p1a: Tyranitar\n|-damage|p1a: Tyranitar|34\/100\n|-singlemove|p2a: Excalibur|Glaive Rush|[silent]\n|move|p1a: Tyranitar|Smack Down|p2a: Excalibur\n|-supereffective|p2a: Excalibur\n|-damage|p2a: Excalibur|10\/100\n|\n|-weather|Sandstorm|[upkeep]\n|-damage|p2a: Excalibur|4\/100|[from] Sandstorm\n|upkeep\n|turn|13\n|\n|t:|1700871720\n|move|p2a: Excalibur|Glaive Rush|p1a: Tyranitar\n|-damage|p1a: Tyranitar|0 fnt\n|-singlemove|p2a: Excalibur|Glaive Rush|[silent]\n|faint|p1a: Tyranitar\n|\n|-weather|Sandstorm|[upkeep]\n|-damage|p2a: Excalibur|0 fnt|[from] Sandstorm\n|faint|p2a: Excalibur\n|upkeep\n|c|\u2606shrekthemaneo4|i died\n|\n|t:|1700871735\n|switch|p2a: metro man|Palafin, M|100\/100\n|switch|p1a: Gyarados|Gyarados, M|100\/100\n|-ability|p1a: Gyarados|Intimidate|boost\n|-unboost|p2a: metro man|atk|1\n|turn|14\n|\n|t:|1700871745\n|move|p2a: metro man|Ice Punch|p1a: Gyarados\n|-damage|p1a: Gyarados|81\/100\n|move|p1a: Gyarados|Thunderbolt|p2a: metro man\n|-supereffective|p2a: metro man\n|-damage|p2a: metro man|20\/100\n|\n|-weather|none\n|upkeep\n|turn|15\n|\n|t:|1700871753\n|move|p2a: metro man|Ice Punch|p1a: Gyarados\n|-damage|p1a: Gyarados|60\/100\n|move|p1a: Gyarados|Thunderbolt|p2a: metro man\n|-supereffective|p2a: metro man\n|-crit|p2a: metro man\n|-damage|p2a: metro man|0 fnt\n|faint|p2a: metro man\n|\n|upkeep\n|\n|t:|1700871767\n|switch|p2a: roses|Florges, F, tera:Ground|32\/100\n|turn|16\n|\n|t:|1700871774\n|switch|p1a: Decidueye|Decidueye-Hisui, M|100\/100\n|move|p2a: roses|Tera Blast|p1a: Decidueye|[anim] Tera Blast Ground\n|-resisted|p1a: Decidueye\n|-damage|p1a: Decidueye|85\/100\n|\n|-heal|p2a: roses|39\/100|[from] item: Leftovers\n|-status|p1a: Decidueye|brn|[from] item: Flame Orb\n|upkeep\n|turn|17\n|\n|t:|1700871791\n|move|p1a: Decidueye|Aura Sphere|p2a: roses\n|-damage|p2a: roses|21\/100\n|move|p2a: roses|Moonblast|p1a: Decidueye\n|-supereffective|p1a: Decidueye\n|-damage|p1a: Decidueye|8\/100 brn\n|-unboost|p1a: Decidueye|spa|1\n|\n|-heal|p2a: roses|27\/100|[from] item: Leftovers\n|-damage|p1a: Decidueye|2\/100 brn|[from] brn\n|upkeep\n|turn|18\n|\n|t:|1700871806\n|move|p1a: Decidueye|Facade|p2a: roses\n|-damage|p2a: roses|0 fnt\n|faint|p2a: roses\n|\n|-damage|p1a: Decidueye|0 fnt|[from] brn\n|faint|p1a: Decidueye\n|upkeep\n|\n|t:|1700871814\n|switch|p1a: Gyarados|Gyarados, M|60\/100\n|switch|p2a: tortle|Torkoal, M|100\/100\n|-ability|p1a: Gyarados|Intimidate|boost\n|-unboost|p2a: tortle|atk|1\n|-weather|SunnyDay|[from] ability: Drought|[of] p2a: tortle\n|turn|19\n|\n|t:|1700871827\n|move|p1a: Gyarados|Scald|p2a: tortle\n|-supereffective|p2a: tortle\n|-damage|p2a: tortle|48\/100\n|move|p2a: tortle|Yawn|p1a: Gyarados\n|-start|p1a: Gyarados|move: Yawn|[of] p2a: tortle\n|\n|-weather|SunnyDay|[upkeep]\n|upkeep\n|turn|20\n|\n|t:|1700871834\n|move|p1a: Gyarados|Scald|p2a: tortle\n|-supereffective|p2a: tortle\n|-damage|p2a: tortle|0 fnt\n|faint|p2a: tortle\n|\n|win|BillyBobwho2\n|raw|BillyBobwho2's rating: 1100 &rarr; <strong>1129<\/strong><br \/>(+29 for winning)\n|raw|shrekthemaneo4's rating: 1158 &rarr; <strong>1129<\/strong><br \/>(-29 for losing)\n","uploadtime":1700871845,"views":1,"p1id":"billybobwho2","p2id":"shrekthemaneo4","formatid":"gen9anythinggoes","rating":1129,"private":0,"password":""}