{"id":"gen9anythinggoes-1980482197","p1":"Leo mate","p2":"ashthepokemon","format":"[Gen 9] Anything Goes","log":"|j|\u2606Leo mate\n|j|\u2606ashthepokemon\n|t:|1698789120\n|gametype|singles\n|player|p1|Leo mate|lady-gen4|1152\n|player|p2|ashthepokemon|266|1110\n|teamsize|p1|6\n|teamsize|p2|6\n|gen|9\n|tier|[Gen 9] Anything Goes\n|rated|\n|rule|HP Percentage Mod: HP is shown in percentages\n|rule|Endless Battle Clause: Forcing endless battles is banned\n|clearpoke\n|poke|p1|Manaphy|\n|poke|p1|Ditto|\n|poke|p1|Mimikyu, F|\n|poke|p1|Jumpluff, F|\n|poke|p1|Heracross, M|\n|poke|p1|Eiscue, M|\n|poke|p2|Annihilape, M|\n|poke|p2|Baxcalibur, M|\n|poke|p2|Palafin, M|\n|poke|p2|Gholdengo|\n|poke|p2|Azumarill, M|\n|poke|p2|Maushold-Four|\n|teampreview\n|\n|t:|1698789132\n|start\n|switch|p1a: Jumpluff|Jumpluff, F|100\/100\n|switch|p2a: Maushold|Maushold-Four|100\/100\n|turn|1\n|\n|t:|1698789147\n|move|p1a: Jumpluff|Switcheroo|p2a: Maushold\n|-activate|p1a: Jumpluff|move: Trick|[of] p2a: Maushold\n|-item|p2a: Maushold|Choice Scarf|[from] move: Switcheroo\n|-item|p1a: Jumpluff|Wide Lens|[from] move: Switcheroo\n|move|p2a: Maushold|Population Bomb|p1a: Jumpluff\n|-damage|p1a: Jumpluff|87\/100\n|-damage|p1a: Jumpluff|72\/100\n|-damage|p1a: Jumpluff|58\/100\n|-damage|p1a: Jumpluff|45\/100\n|-damage|p1a: Jumpluff|31\/100\n|-damage|p1a: Jumpluff|16\/100\n|-damage|p1a: Jumpluff|3\/100\n|-crit|p1a: Jumpluff\n|-damage|p1a: Jumpluff|0 fnt\n|faint|p1a: Jumpluff\n|-hitcount|p1: Jumpluff|8\n|\n|upkeep\n|c|\u2606ashthepokemon|:)\n|\n|t:|1698789169\n|switch|p1a: Mimikyu|Mimikyu, F|100\/100\n|turn|2\n|\n|t:|1698789177\n|switch|p2a: Gholdengo|Gholdengo|100\/100\n|move|p1a: Mimikyu|Swords Dance|p1a: Mimikyu\n|-boost|p1a: Mimikyu|atk|2\n|\n|upkeep\n|turn|3\n|\n|t:|1698789197\n|move|p1a: Mimikyu|Swords Dance|p1a: Mimikyu\n|-boost|p1a: Mimikyu|atk|2\n|move|p2a: Gholdengo|Trick|p1a: Mimikyu\n|-activate|p2a: Gholdengo|move: Trick|[of] p1a: Mimikyu\n|-item|p1a: Mimikyu|Toxic Orb|[from] move: Trick\n|-item|p2a: Gholdengo|Weakness Policy|[from] move: Trick\n|\n|-status|p1a: Mimikyu|tox|[from] item: Toxic Orb\n|upkeep\n|turn|4\n|c|\u2606ashthepokemon|lol\n|\n|t:|1698789210\n|move|p1a: Mimikyu|Shadow Sneak|p2a: Gholdengo\n|-supereffective|p2a: Gholdengo\n|-damage|p2a: Gholdengo|0 fnt\n|faint|p2a: Gholdengo\n|\n|-damage|p1a: Mimikyu|95\/100 tox|[from] psn\n|upkeep\n|\n|t:|1698789216\n|switch|p2a: Azumarill|Azumarill, M|100\/100\n|turn|5\n|\n|t:|1698789238\n|move|p1a: Mimikyu|Play Rough|p2a: Azumarill\n|-damage|p2a: Azumarill|0 fnt\n|faint|p2a: Azumarill\n|\n|-damage|p1a: Mimikyu|83\/100 tox|[from] psn\n|upkeep\n|\n|t:|1698789246\n|switch|p2a: Palafin|Palafin, M|100\/100\n|turn|6\n|\n|t:|1698789263\n|detailschange|p2a: Palafin|Palafin-Hero, M\n|switch|p2a: Maushold|Maushold-Four|100\/100\n|move|p1a: Mimikyu|Drain Punch|p2a: Maushold\n|-supereffective|p2a: Maushold\n|-damage|p2a: Maushold|0 fnt\n|-heal|p1a: Mimikyu|100\/100 tox|[from] drain|[of] p2a: Maushold\n|faint|p2a: Maushold\n|\n|-damage|p1a: Mimikyu|83\/100 tox|[from] psn\n|upkeep\n|\n|t:|1698789272\n|switch|p2a: Palafin|Palafin-Hero, M|100\/100\n|-activate|p2a: Palafin|ability: Zero to Hero\n|turn|7\n|\n|t:|1698789298\n|-terastallize|p2a: Palafin|Water\n|move|p2a: Palafin|Jet Punch|p1a: Mimikyu\n|-activate|p1a: Mimikyu|ability: Disguise\n|-damage|p1a: Mimikyu|83\/100 tox\n|detailschange|p1a: Mimikyu|Mimikyu-Busted, F\n|-damage|p1a: Mimikyu|70\/100 tox|[from] pokemon: Mimikyu-Busted\n|move|p1a: Mimikyu|Play Rough|p2a: Palafin\n|-damage|p2a: Palafin|0 fnt\n|faint|p2a: Palafin\n|\n|-damage|p1a: Mimikyu|46\/100 tox|[from] psn\n|upkeep\n|-message|ashthepokemon forfeited.\n|\n|win|Leo mate\n|raw|Leo mate's rating: 1152 &rarr; <strong>1174<\/strong><br \/>(+22 for winning)\n|raw|ashthepokemon's rating: 1110 &rarr; <strong>1088<\/strong><br \/>(-22 for losing)\n|l|\u2606ashthepokemon\n","uploadtime":1698789343,"views":8,"p1id":"leomate","p2id":"ashthepokemon","formatid":"gen9anythinggoes","rating":1088,"private":0,"password":""}