{"id":"gen9anythinggoes-1993549158","p1":"papahue","p2":"Bell of the Air","format":"[Gen 9] Anything Goes","log":"|j|\u2606papahue\n|j|\u2606Bell of the Air\n|t:|1700330596\n|gametype|singles\n|player|p1|papahue|265|1492\n|player|p2|Bell of the Air|caitlin|1395\n|teamsize|p1|6\n|teamsize|p2|6\n|gen|9\n|tier|[Gen 9] Anything Goes\n|rated|\n|rule|HP Percentage Mod: HP is shown in percentages\n|rule|Endless Battle Clause: Forcing endless battles is banned\n|clearpoke\n|poke|p1|Espathra, F|\n|poke|p1|Grimmsnarl, M|\n|poke|p1|Torkoal, M|\n|poke|p1|Vaporeon, F|\n|poke|p1|Meowscarada, F|\n|poke|p1|Delphox, F|\n|poke|p2|Urshifu-*, M|\n|poke|p2|Greninja-*, M|\n|poke|p2|Kommo-o, F|\n|poke|p2|Heatran, F|\n|poke|p2|Arceus-Fairy|\n|poke|p2|Glimmora, F|\n|teampreview\n|\n|t:|1700330605\n|start\n|switch|p1a: Salacia|Vaporeon, F|100\/100\n|switch|p2a: Filmora|Glimmora, F|100\/100\n|turn|1\n|\n|t:|1700330615\n|move|p2a: Filmora|Energy Ball|p1a: Salacia\n|-supereffective|p1a: Salacia\n|-damage|p1a: Salacia|52\/100\n|move|p1a: Salacia|Scald|p2a: Filmora\n|-supereffective|p2a: Filmora\n|-damage|p2a: Filmora|8\/100\n|\n|-heal|p1a: Salacia|58\/100|[from] item: Leftovers\n|upkeep\n|turn|2\n|\n|t:|1700330630\n|-terastallize|p2a: Filmora|Grass\n|move|p2a: Filmora|Energy Ball|p1a: Salacia\n|-supereffective|p1a: Salacia\n|-damage|p1a: Salacia|0 fnt\n|faint|p1a: Salacia\n|\n|upkeep\n|\n|t:|1700330640\n|switch|p1a: Ronald G. Snarls|Grimmsnarl, M|100\/100\n|turn|3\n|\n|t:|1700330645\n|move|p1a: Ronald G. Snarls|Light Screen|p1a: Ronald G. Snarls\n|-sidestart|p1: papahue|move: Light Screen\n|move|p2a: Filmora|Sludge Bomb|p1a: Ronald G. Snarls\n|-supereffective|p1a: Ronald G. Snarls\n|-damage|p1a: Ronald G. Snarls|46\/100\n|\n|upkeep\n|turn|4\n|\n|t:|1700330655\n|move|p1a: Ronald G. Snarls|Reflect|p1a: Ronald G. Snarls\n|-sidestart|p1: papahue|Reflect\n|move|p2a: Filmora|Sludge Bomb|p1a: Ronald G. Snarls\n|-supereffective|p1a: Ronald G. Snarls\n|-damage|p1a: Ronald G. Snarls|0 fnt\n|faint|p1a: Ronald G. Snarls\n|\n|upkeep\n|\n|t:|1700330657\n|switch|p1a: Anat|Espathra, F|100\/100\n|turn|5\n|\n|t:|1700330668\n|move|p2a: Filmora|Sludge Bomb|p1a: Anat\n|-damage|p1a: Anat|73\/100\n|-status|p1a: Anat|psn\n|move|p1a: Anat|Calm Mind|p1a: Anat\n|-boost|p1a: Anat|spa|1\n|-boost|p1a: Anat|spd|1\n|\n|-damage|p1a: Anat|60\/100 psn|[from] psn\n|-ability|p1a: Anat|Speed Boost|boost\n|-boost|p1a: Anat|spe|1\n|upkeep\n|turn|6\n|\n|t:|1700330683\n|move|p1a: Anat|Calm Mind|p1a: Anat\n|-boost|p1a: Anat|spa|1\n|-boost|p1a: Anat|spd|1\n|move|p2a: Filmora|Stealth Rock|p1a: Anat\n|-sidestart|p1: papahue|move: Stealth Rock\n|\n|-damage|p1a: Anat|48\/100 psn|[from] psn\n|-ability|p1a: Anat|Speed Boost|boost\n|-boost|p1a: Anat|spe|1\n|upkeep\n|turn|7\n|\n|t:|1700330700\n|move|p1a: Anat|Baton Pass|p1a: Anat\n|\n|t:|1700330701\n|switch|p1a: Delphi|Delphox, F, shiny|100\/100|[from] Baton Pass\n|-damage|p1a: Delphi|76\/100|[from] Stealth Rock\n|move|p2a: Filmora|Sludge Bomb|p1a: Delphi\n|-damage|p1a: Delphi|65\/100\n|\n|upkeep\n|turn|8\n|\n|t:|1700330714\n|move|p1a: Delphi|Flamethrower|p2a: Filmora\n|-supereffective|p2a: Filmora\n|-damage|p2a: Filmora|0 fnt\n|faint|p2a: Filmora\n|-heal|p1a: Delphi|65\/100|[from] item: Shell Bell|[of] p2: Filmora\n|\n|upkeep\n|\n|t:|1700330736\n|switch|p2a: Pixilicious|Arceus-Fairy|100\/100\n|turn|9\n|\n|t:|1700330748\n|-terastallize|p1a: Delphi|Fire\n|move|p1a: Delphi|Psychic Terrain|p1a: Delphi\n|-fieldstart|move: Psychic Terrain\n|move|p2a: Pixilicious|Calm Mind|p2a: Pixilicious\n|-boost|p2a: Pixilicious|spa|1\n|-boost|p2a: Pixilicious|spd|1\n|\n|upkeep\n|turn|10\n|\n|t:|1700330759\n|move|p1a: Delphi|Stored Power|p2a: Pixilicious\n|-damage|p2a: Pixilicious|25\/100\n|-heal|p1a: Delphi|77\/100|[from] item: Shell Bell|[of] p2a: Pixilicious\n|move|p2a: Pixilicious|Judgment|p1a: Delphi\n|-resisted|p1a: Delphi\n|-damage|p1a: Delphi|65\/100\n|\n|-sideend|p1: papahue|move: Light Screen\n|upkeep\n|turn|11\n|\n|t:|1700330773\n|switch|p2a: Tactical Toad|Greninja, M|100\/100\n|move|p1a: Delphi|Stored Power|p2a: Tactical Toad\n|-immune|p2a: Tactical Toad\n|\n|-sideend|p1: papahue|Reflect\n|upkeep\n|turn|12\n|\n|t:|1700330783\n|move|p1a: Delphi|Dazzling Gleam|p2a: Tactical Toad\n|-supereffective|p2a: Tactical Toad\n|-damage|p2a: Tactical Toad|0 fnt\n|faint|p2a: Tactical Toad\n|-heal|p1a: Delphi|75\/100|[from] item: Shell Bell|[of] p2: Tactical Toad\n|\n|upkeep\n|\n|t:|1700330794\n|switch|p2a: Slippi|Heatran, F|100\/100\n|turn|13\n|\n|t:|1700330804\n|move|p1a: Delphi|Stored Power|p2a: Slippi\n|-resisted|p2a: Slippi\n|-damage|p2a: Slippi|40\/100\n|-heal|p1a: Delphi|83\/100|[from] item: Shell Bell|[of] p2a: Slippi\n|move|p2a: Slippi|Earth Power|p1a: Delphi\n|-supereffective|p1a: Delphi\n|-damage|p1a: Delphi|50\/100\n|\n|-heal|p2a: Slippi|46\/100|[from] item: Leftovers\n|-fieldend|move: Psychic Terrain\n|upkeep\n|turn|14\n|\n|t:|1700330817\n|move|p2a: Slippi|Protect|p2a: Slippi\n|-singleturn|p2a: Slippi|Protect\n|move|p1a: Delphi|Psychic Terrain|p1a: Delphi\n|-fieldstart|move: Psychic Terrain\n|\n|-heal|p2a: Slippi|52\/100|[from] item: Leftovers\n|upkeep\n|turn|15\n|\n|t:|1700330839\n|move|p1a: Delphi|Stored Power|p2a: Slippi\n|-resisted|p2a: Slippi\n|-damage|p2a: Slippi|0 fnt\n|faint|p2a: Slippi\n|-heal|p1a: Delphi|57\/100|[from] item: Shell Bell|[of] p2: Slippi\n|\n|upkeep\n|c|\u2606Bell of the Air|Gg i lost lol\n|c|\u2606papahue|Gg\n|\n|t:|1700330859\n|switch|p2a: Pixilicious|Arceus-Fairy|25\/100\n|turn|16\n|\n|t:|1700330866\n|move|p1a: Delphi|Flamethrower|p2a: Pixilicious\n|-damage|p2a: Pixilicious|0 fnt\n|faint|p2a: Pixilicious\n|-heal|p1a: Delphi|61\/100|[from] item: Shell Bell|[of] p2: Pixilicious\n|\n|upkeep\n|\n|t:|1700330877\n|switch|p2a: Water no Ice|Urshifu-Rapid-Strike, M|100\/100\n|turn|17\n|\n|t:|1700330882\n|move|p1a: Delphi|Stored Power|p2a: Water no Ice\n|-supereffective|p2a: Water no Ice\n|-damage|p2a: Water no Ice|0 fnt\n|faint|p2a: Water no Ice\n|-heal|p1a: Delphi|75\/100|[from] item: Shell Bell|[of] p2: Water no Ice\n|\n|upkeep\n|\n|t:|1700330893\n|switch|p2a: Big Mama|Kommo-o, F|100\/100\n|turn|18\n|\n|t:|1700330902\n|move|p1a: Delphi|Stored Power|p2a: Big Mama\n|-supereffective|p2a: Big Mama\n|-damage|p2a: Big Mama|0 fnt\n|faint|p2a: Big Mama\n|-heal|p1a: Delphi|85\/100|[from] item: Shell Bell|[of] p2: Big Mama\n|\n|win|papahue\n|raw|papahue's rating: 1492 &rarr; <strong>1507<\/strong><br \/>(+15 for winning)\n|raw|Bell of the Air's rating: 1395 &rarr; <strong>1380<\/strong><br \/>(-15 for losing)\n|c|\u2606papahue|Gg\n|l|\u2606Bell of the Air\n|player|p1|papahue|265\n","uploadtime":1700331146,"views":13,"p1id":"papahue","p2id":"belloftheair","formatid":"gen9anythinggoes","rating":1380,"private":0,"password":""}