{"id":"gen9anythinggoes-1977108429","p1":"spookysceptile","p2":"gg188","format":"[Gen 9] Anything Goes","log":"|j|\u2606spookysceptile\n|j|\u2606gg188\n|t:|1698372470\n|gametype|singles\n|player|p1|spookysceptile|169|1094\n|player|p2|gg188|265|1058\n|teamsize|p1|6\n|teamsize|p2|3\n|gen|9\n|tier|[Gen 9] Anything Goes\n|rated|\n|rule|HP Percentage Mod: HP is shown in percentages\n|rule|Endless Battle Clause: Forcing endless battles is banned\n|clearpoke\n|poke|p1|Chandelure, F|\n|poke|p1|Empoleon, M|\n|poke|p1|Ninetales-Alola, F|\n|poke|p1|Dialga-Origin|\n|poke|p1|Okidogi, M|\n|poke|p1|Volcarona, F|\n|poke|p2|Rayquaza|\n|poke|p2|Vivillon-Elegant, M|\n|poke|p2|Dugtrio, F|\n|teampreview\n|\n|t:|1698372481\n|start\n|switch|p1a: Ninetales|Ninetales-Alola, F|100\/100\n|switch|p2a: Rayquaza|Rayquaza, shiny|100\/100\n|-ability|p2a: Rayquaza|Air Lock\n|-weather|Snow|[from] ability: Snow Warning|[of] p1a: Ninetales\n|turn|1\n|\n|t:|1698372490\n|move|p2a: Rayquaza|Dragon Dance|p2a: Rayquaza\n|-boost|p2a: Rayquaza|atk|1\n|-boost|p2a: Rayquaza|spe|1\n|move|p1a: Ninetales|Aurora Veil||[still]\n|-fail|p1a: Ninetales\n|\n|-weather|Snow|[upkeep]\n|upkeep\n|turn|2\n|inactive|Battle timer is ON: inactive players will automatically lose when time's up. (requested by gg188)\n|\n|t:|1698372498\n|-terastallize|p2a: Rayquaza|Steel\n|move|p2a: Rayquaza|Earthquake|p1a: Ninetales\n|-damage|p1a: Ninetales|29\/100\n|move|p1a: Ninetales|Nasty Plot|p1a: Ninetales\n|-boost|p1a: Ninetales|spa|2\n|\n|-weather|Snow|[upkeep]\n|upkeep\n|turn|3\n|\n|t:|1698372506\n|move|p2a: Rayquaza|Earthquake|p1a: Ninetales\n|-damage|p1a: Ninetales|0 fnt\n|faint|p1a: Ninetales\n|\n|-weather|Snow|[upkeep]\n|upkeep\n|\n|t:|1698372520\n|switch|p1a: Volcarona|Volcarona, F|100\/100\n|turn|4\n|\n|t:|1698372528\n|move|p2a: Rayquaza|Scale Shot|p1a: Volcarona\n|-damage|p1a: Volcarona|68\/100\n|-damage|p1a: Volcarona|35\/100\n|-crit|p1a: Volcarona\n|-damage|p1a: Volcarona|0 fnt\n|faint|p1a: Volcarona\n|-hitcount|p1: Volcarona|3\n|-unboost|p2a: Rayquaza|def|1\n|-boost|p2a: Rayquaza|spe|1\n|\n|-weather|Snow|[upkeep]\n|upkeep\n|\n|t:|1698372539\n|switch|p1a: Empoleon|Empoleon, M|100\/100\n|turn|5\n|\n|t:|1698372552\n|move|p2a: Rayquaza|Dragon Dance|p2a: Rayquaza\n|-boost|p2a: Rayquaza|atk|1\n|-boost|p2a: Rayquaza|spe|1\n|move|p1a: Empoleon|Chilling Water|p2a: Rayquaza\n|-damage|p2a: Rayquaza|75\/100\n|-unboost|p2a: Rayquaza|atk|1\n|\n|-weather|none\n|upkeep\n|turn|6\n|\n|t:|1698372576\n|move|p2a: Rayquaza|Earthquake|p1a: Empoleon\n|-supereffective|p1a: Empoleon\n|-damage|p1a: Empoleon|0 fnt\n|faint|p1a: Empoleon\n|\n|upkeep\n|\n|t:|1698372587\n|switch|p1a: Chandelure|Chandelure, F|100\/100\n|turn|7\n|\n|t:|1698372606\n|-terastallize|p1a: Chandelure|Grass\n|move|p2a: Rayquaza|Earthquake|p1a: Chandelure\n|-resisted|p1a: Chandelure\n|-damage|p1a: Chandelure|61\/100\n|move|p1a: Chandelure|Fire Blast|p2a: Rayquaza|[miss]\n|-miss|p1a: Chandelure|p2a: Rayquaza\n|\n|-heal|p1a: Chandelure|67\/100|[from] item: Leftovers\n|upkeep\n|turn|8\n|\n|t:|1698372615\n|move|p2a: Rayquaza|Scale Shot|p1a: Chandelure\n|-damage|p1a: Chandelure|42\/100\n|-damage|p1a: Chandelure|13\/100\n|-damage|p1a: Chandelure|0 fnt\n|faint|p1a: Chandelure\n|-hitcount|p1: Chandelure|3\n|-unboost|p2a: Rayquaza|def|1\n|-boost|p2a: Rayquaza|spe|1\n|\n|upkeep\n|l|\u2606spookysceptile\n|inactive|spookysceptile disconnected and has a minute to reconnect!\n|player|p1|\n|inactive|spookysceptile has 30 seconds to reconnect!\n|inactive|spookysceptile has 20 seconds to reconnect!\n|inactive|spookysceptile has 15 seconds to reconnect!\n|inactive|spookysceptile has 10 seconds to reconnect!\n|inactive|spookysceptile has 5 seconds to reconnect!\n|n|!gg188|gg188\n|-message|spookysceptile lost due to inactivity.\n|\n|win|gg188\n|raw|spookysceptile's rating: 1094 &rarr; <strong>1067<\/strong><br \/>(-27 for losing)\n|raw|gg188's rating: 1058 &rarr; <strong>1093<\/strong><br \/>(+35 for winning)\n","uploadtime":1698372683,"views":4,"p1id":"spookysceptile","p2id":"gg188","formatid":"gen9anythinggoes","rating":1067,"private":0,"password":""}