{"id":"gen9anythinggoes-1975686095","p1":"Dumbfudge","p2":"NeonSqueaky","format":"[Gen 9] Anything Goes","log":"|j|\u2606Dumbfudge\n|j|\u2606NeonSqueaky\n|t:|1698224966\n|gametype|singles\n|player|p1|Dumbfudge|blackbelt-gen4dp|1337\n|player|p2|NeonSqueaky|waitress|1352\n|teamsize|p1|6\n|teamsize|p2|6\n|gen|9\n|tier|[Gen 9] Anything Goes\n|rated|\n|rule|HP Percentage Mod: HP is shown in percentages\n|rule|Endless Battle Clause: Forcing endless battles is banned\n|clearpoke\n|poke|p1|Grimmsnarl, M|\n|poke|p1|Dudunsparce-*, F|\n|poke|p1|Zacian-*|\n|poke|p1|Drifblim, F|\n|poke|p1|Calyrex-Shadow|\n|poke|p1|Darkrai|\n|poke|p2|Calyrex-Shadow|\n|poke|p2|Arceus|\n|poke|p2|Urshifu-*, M|\n|poke|p2|Lilligant-Hisui, F|\n|poke|p2|Groudon|\n|poke|p2|Koraidon|\n|teampreview\n|inactive|Battle timer is ON: inactive players will automatically lose when time's up. (requested by NeonSqueaky)\n|\n|t:|1698224976\n|start\n|switch|p1a: Grimmsnarl|Grimmsnarl, M|100\/100\n|switch|p2a: Groudon|Groudon|100\/100\n|-weather|SunnyDay|[from] ability: Drought|[of] p2a: Groudon\n|turn|1\n|c|\u2606Dumbfudge|glhf\n|\n|t:|1698225005\n|move|p1a: Grimmsnarl|Light Screen|p1a: Grimmsnarl\n|-sidestart|p1: Dumbfudge|move: Light Screen\n|move|p2a: Groudon|Precipice Blades|p1a: Grimmsnarl\n|-damage|p1a: Grimmsnarl|48\/100\n|\n|-weather|SunnyDay|[upkeep]\n|upkeep\n|turn|2\n|\n|t:|1698225012\n|move|p1a: Grimmsnarl|Reflect|p1a: Grimmsnarl\n|-sidestart|p1: Dumbfudge|Reflect\n|move|p2a: Groudon|Precipice Blades|p1a: Grimmsnarl\n|-damage|p1a: Grimmsnarl|21\/100\n|\n|-weather|SunnyDay|[upkeep]\n|upkeep\n|turn|3\n|\n|t:|1698225023\n|move|p1a: Grimmsnarl|Sucker Punch|p2a: Groudon\n|-damage|p2a: Groudon|87\/100\n|move|p2a: Groudon|Precipice Blades|p1a: Grimmsnarl\n|-damage|p1a: Grimmsnarl|0 fnt\n|faint|p1a: Grimmsnarl\n|\n|-weather|SunnyDay|[upkeep]\n|upkeep\n|\n|t:|1698225031\n|switch|p1a: Dudunsparce|Dudunsparce, F|100\/100\n|turn|4\n|\n|t:|1698225043\n|move|p2a: Groudon|Precipice Blades|p1a: Dudunsparce\n|-damage|p1a: Dudunsparce|79\/100\n|move|p1a: Dudunsparce|Yawn|p2a: Groudon\n|-start|p2a: Groudon|move: Yawn|[of] p1a: Dudunsparce\n|\n|-weather|SunnyDay|[upkeep]\n|upkeep\n|turn|5\n|\n|t:|1698225056\n|move|p2a: Groudon|Precipice Blades|p1a: Dudunsparce\n|-crit|p1a: Dudunsparce\n|-damage|p1a: Dudunsparce|4\/100\n|move|p1a: Dudunsparce|Coil|p1a: Dudunsparce\n|-boost|p1a: Dudunsparce|atk|1\n|-boost|p1a: Dudunsparce|def|1\n|-boost|p1a: Dudunsparce|accuracy|1\n|\n|-weather|none\n|-end|p2a: Groudon|move: Yawn|[silent]\n|-status|p2a: Groudon|slp\n|upkeep\n|turn|6\n|\n|t:|1698225068\n|cant|p2a: Groudon|slp\n|move|p1a: Dudunsparce|Roost|p1a: Dudunsparce\n|-heal|p1a: Dudunsparce|54\/100\n|-singleturn|p1a: Dudunsparce|move: Roost\n|\n|upkeep\n|turn|7\n|\n|t:|1698225076\n|cant|p2a: Groudon|slp\n|move|p1a: Dudunsparce|Baton Pass|p1a: Dudunsparce\n|\n|t:|1698225080\n|switch|p1a: Calyrex|Calyrex-Shadow|100\/100|[from] Baton Pass\n|-ability|p1a: Calyrex|As One\n|-ability|p1a: Calyrex|Unnerve\n|\n|upkeep\n|turn|8\n|\n|t:|1698225088\n|move|p1a: Calyrex|Agility|p1a: Calyrex\n|-boost|p1a: Calyrex|spe|2\n|-curestatus|p2a: Groudon|slp|[msg]\n|move|p2a: Groudon|Crunch|p1a: Calyrex\n|-supereffective|p1a: Calyrex\n|-damage|p1a: Calyrex|60\/100\n|-unboost|p1a: Calyrex|def|1\n|\n|-sideend|p1: Dumbfudge|move: Light Screen\n|upkeep\n|turn|9\n|\n|t:|1698225103\n|move|p1a: Calyrex|Baton Pass|p1a: Calyrex\n|\n|t:|1698225105\n|switch|p1a: Darkrai|Darkrai|100\/100|[from] Baton Pass\n|move|p2a: Groudon|Crunch|p1a: Darkrai\n|-resisted|p1a: Darkrai\n|-damage|p1a: Darkrai|92\/100\n|\n|-sideend|p1: Dumbfudge|Reflect\n|upkeep\n|turn|10\n|\n|t:|1698225117\n|move|p1a: Darkrai|Hypnosis|p2a: Groudon\n|-status|p2a: Groudon|slp|[from] move: Hypnosis\n|cant|p2a: Groudon|slp\n|\n|-damage|p2a: Groudon|75\/100 slp|[from] ability: Bad Dreams|[of] p1a: Darkrai\n|upkeep\n|turn|11\n|\n|t:|1698225130\n|move|p1a: Darkrai|Dark Pulse|p2a: Groudon\n|-damage|p2a: Groudon|49\/100 slp\n|cant|p2a: Groudon|slp\n|\n|-damage|p2a: Groudon|37\/100 slp|[from] ability: Bad Dreams|[of] p1a: Darkrai\n|upkeep\n|turn|12\n|\n|t:|1698225137\n|move|p1a: Darkrai|Dark Pulse|p2a: Groudon\n|-damage|p2a: Groudon|14\/100 slp\n|cant|p2a: Groudon|slp\n|\n|-damage|p2a: Groudon|2\/100 slp|[from] ability: Bad Dreams|[of] p1a: Darkrai\n|upkeep\n|turn|13\n|\n|t:|1698225147\n|move|p1a: Darkrai|Dark Pulse|p2a: Groudon\n|-damage|p2a: Groudon|0 fnt\n|faint|p2a: Groudon\n|\n|upkeep\n|\n|t:|1698225157\n|switch|p2a: Koraidon|Koraidon|100\/100\n|-weather|SunnyDay|[from] ability: Orichalcum Pulse|[of] p2a: Koraidon\n|-activate|p2a: Koraidon|Orichalcum Pulse|[source]\n|turn|14\n|\n|t:|1698225163\n|move|p1a: Darkrai|Hypnosis|p2a: Koraidon\n|-status|p2a: Koraidon|slp|[from] move: Hypnosis\n|cant|p2a: Koraidon|slp\n|\n|-weather|SunnyDay|[upkeep]\n|-damage|p2a: Koraidon|88\/100 slp|[from] ability: Bad Dreams|[of] p1a: Darkrai\n|upkeep\n|turn|15\n|c|\u2606NeonSqueaky|Bruhhh\n|\n|t:|1698225173\n|move|p1a: Darkrai|Dark Pulse|p2a: Koraidon\n|-resisted|p2a: Koraidon\n|-damage|p2a: Koraidon|66\/100 slp\n|cant|p2a: Koraidon|slp\n|\n|-weather|SunnyDay|[upkeep]\n|-damage|p2a: Koraidon|54\/100 slp|[from] ability: Bad Dreams|[of] p1a: Darkrai\n|upkeep\n|turn|16\n|c|\u2606Dumbfudge|what\n|inactive|Dumbfudge has 120 seconds left.\n|c|\u2606Dumbfudge|im new im figuring out the game\n|c|\u2606NeonSqueaky|Ah\n|c|\u2606Dumbfudge|and i like playing with darkrai but not very viable\n|c|\u2606NeonSqueaky|Hes viable\n|c|\u2606NeonSqueaky|And kinda busted\n|\n|t:|1698225225\n|-terastallize|p1a: Darkrai|Dark\n|move|p1a: Darkrai|Dark Pulse|p2a: Koraidon\n|-resisted|p2a: Koraidon\n|-damage|p2a: Koraidon|27\/100 slp\n|cant|p2a: Koraidon|slp\n|\n|-weather|SunnyDay|[upkeep]\n|-damage|p2a: Koraidon|15\/100 slp|[from] ability: Bad Dreams|[of] p1a: Darkrai\n|upkeep\n|turn|17\n|c|\u2606Dumbfudge|he is just luck based\n|c|\u2606NeonSqueaky|I'm just annoyed that i literally just removed my sleep counter\n|c|\u2606NeonSqueaky|Not that luck based tho\n|c|\u2606Dumbfudge|oh haha\n|inactive|NeonSqueaky has 120 seconds left.\n|\n|t:|1698225258\n|move|p1a: Darkrai|Dark Pulse|p2a: Koraidon\n|-resisted|p2a: Koraidon\n|-damage|p2a: Koraidon|0 fnt\n|faint|p2a: Koraidon\n|\n|-weather|SunnyDay|[upkeep]\n|upkeep\n|c|\u2606Dumbfudge|i used coil + wide lens\n|inactive|NeonSqueaky has 120 seconds left.\n|\n|t:|1698225271\n|switch|p2a: Calyrex|Calyrex-Shadow|100\/100\n|-ability|p2a: Calyrex|As One\n|-ability|p2a: Calyrex|Unnerve\n|turn|18\n|c|\u2606Dumbfudge|so the chances of hypnosis hitting is 87 percent\n|inactive|NeonSqueaky has 120 seconds left.\n|\n|t:|1698225279\n|-terastallize|p2a: Calyrex|Fairy\n|move|p1a: Darkrai|Hypnosis|p2a: Calyrex\n|-status|p2a: Calyrex|slp|[from] move: Hypnosis\n|cant|p2a: Calyrex|slp\n|\n|-weather|none\n|-damage|p2a: Calyrex|88\/100 slp|[from] ability: Bad Dreams|[of] p1a: Darkrai\n|upkeep\n|turn|19\n|c|\u2606NeonSqueaky|Bruh\n|inactive|NeonSqueaky has 120 seconds left.\n|c|\u2606NeonSqueaky|Wow\n|c|\u2606NeonSqueaky|Busted\n|\n|t:|1698225299\n|move|p1a: Darkrai|Dark Pulse|p2a: Calyrex\n|-resisted|p2a: Calyrex\n|-damage|p2a: Calyrex|59\/100 slp\n|cant|p2a: Calyrex|slp\n|\n|-damage|p2a: Calyrex|46\/100 slp|[from] ability: Bad Dreams|[of] p1a: Darkrai\n|upkeep\n|turn|20\n|c|\u2606Dumbfudge|yep but people get pissed at me\n|inactive|NeonSqueaky has 120 seconds left.\n|c|\u2606Dumbfudge|i think its a good strat\n|c|\u2606Dumbfudge|there are many counters to it\n|c|\u2606Dumbfudge|so its not op\n|\n|t:|1698225332\n|move|p1a: Darkrai|Dark Pulse|p2a: Calyrex\n|-resisted|p2a: Calyrex\n|-damage|p2a: Calyrex|17\/100 slp\n|-curestatus|p2a: Calyrex|slp|[msg]\n|move|p2a: Calyrex|Body Press|p1a: Darkrai\n|-supereffective|p1a: Darkrai\n|-damage|p1a: Darkrai|44\/100\n|\n|upkeep\n|turn|21\n|\n|t:|1698225341\n|move|p1a: Darkrai|Hypnosis|p2a: Calyrex\n|-status|p2a: Calyrex|slp|[from] move: Hypnosis\n|cant|p2a: Calyrex|slp\n|\n|-damage|p2a: Calyrex|5\/100 slp|[from] ability: Bad Dreams|[of] p1a: Darkrai\n|upkeep\n|turn|22\n|\n|t:|1698225357\n|move|p1a: Darkrai|Drain Punch|p2a: Calyrex\n|-resisted|p2a: Calyrex\n|-damage|p2a: Calyrex|0 fnt\n|-heal|p1a: Darkrai|46\/100|[from] drain|[of] p2a: Calyrex\n|faint|p2a: Calyrex\n|\n|upkeep\n|\n|t:|1698225363\n|switch|p2a: Arceus|Arceus|100\/100\n|turn|23\n|\n|t:|1698225368\n|move|p2a: Arceus|Extreme Speed|p1a: Darkrai\n|-damage|p1a: Darkrai|0 fnt\n|faint|p1a: Darkrai\n|-damage|p2a: Arceus|91\/100|[from] item: Life Orb\n|\n|upkeep\n|c|\u2606Dumbfudge|see you could counter it\n|\n|t:|1698225385\n|switch|p1a: Dudunsparce|Dudunsparce, F|54\/100\n|turn|24\n|c|\u2606NeonSqueaky|Why did i noy just do that to begin with \ud83e\udd72\n|\n|t:|1698225394\n|move|p2a: Arceus|Extreme Speed|p1a: Dudunsparce\n|-damage|p1a: Dudunsparce|8\/100\n|-damage|p2a: Arceus|74\/100|[from] item: Rocky Helmet|[of] p1a: Dudunsparce\n|-damage|p2a: Arceus|64\/100|[from] item: Life Orb\n|move|p1a: Dudunsparce|Roost|p1a: Dudunsparce\n|-heal|p1a: Dudunsparce|58\/100\n|-singleturn|p1a: Dudunsparce|move: Roost\n|\n|upkeep\n|turn|25\n|inactive|NeonSqueaky has 120 seconds left.\n|\n|t:|1698225408\n|move|p2a: Arceus|Swords Dance|p2a: Arceus\n|-boost|p2a: Arceus|atk|2\n|move|p1a: Dudunsparce|Roost|p1a: Dudunsparce\n|-heal|p1a: Dudunsparce|100\/100\n|-singleturn|p1a: Dudunsparce|move: Roost\n|\n|upkeep\n|turn|26\n|\n|t:|1698225417\n|move|p2a: Arceus|Swords Dance|p2a: Arceus\n|-boost|p2a: Arceus|atk|2\n|move|p1a: Dudunsparce|Yawn|p2a: Arceus\n|-start|p2a: Arceus|move: Yawn|[of] p1a: Dudunsparce\n|\n|upkeep\n|turn|27\n|inactive|Dumbfudge has 120 seconds left.\n|\n|t:|1698225425\n|move|p2a: Arceus|Extreme Speed|p1a: Dudunsparce\n|-damage|p1a: Dudunsparce|0 fnt\n|-damage|p2a: Arceus|47\/100|[from] item: Rocky Helmet|[of] p1a: Dudunsparce\n|faint|p1a: Dudunsparce\n|-damage|p2a: Arceus|38\/100|[from] item: Life Orb\n|\n|-end|p2a: Arceus|move: Yawn|[silent]\n|-status|p2a: Arceus|slp\n|upkeep\n|inactive|Dumbfudge has 120 seconds left.\n|\n|t:|1698225437\n|switch|p1a: Zacian|Zacian-Crowned|100\/100\n|-ability|p1a: Zacian|Intrepid Sword|boost\n|-boost|p1a: Zacian|atk|1\n|turn|28\n|inactive|Dumbfudge has 120 seconds left.\n|\n|t:|1698225444\n|cant|p2a: Arceus|slp\n|move|p1a: Zacian|Behemoth Blade|p2a: Arceus\n|-damage|p2a: Arceus|0 fnt\n|faint|p2a: Arceus\n|\n|upkeep\n|\n|t:|1698225451\n|switch|p2a: Urshifu|Urshifu-Rapid-Strike, M|100\/100\n|turn|29\n|\n|t:|1698225459\n|move|p1a: Zacian|Behemoth Blade|p2a: Urshifu\n|-resisted|p2a: Urshifu\n|-damage|p2a: Urshifu|60\/100\n|move|p2a: Urshifu|Drain Punch|p1a: Zacian\n|-damage|p1a: Zacian|50\/100\n|-heal|p2a: Urshifu|84\/100|[from] drain|[of] p1a: Zacian\n|-damage|p2a: Urshifu|74\/100|[from] item: Life Orb\n|\n|upkeep\n|turn|30\n|\n|t:|1698225470\n|move|p1a: Zacian|Play Rough|p2a: Urshifu\n|-supereffective|p2a: Urshifu\n|-damage|p2a: Urshifu|0 fnt\n|faint|p2a: Urshifu\n|\n|upkeep\n|\n|t:|1698225476\n|switch|p2a: Lilligant|Lilligant-Hisui, F|100\/100\n|turn|31\n|c|\u2606Dumbfudge|darkrai is my fav pokemon\n|\n|t:|1698225483\n|move|p1a: Zacian|Behemoth Blade|p2a: Lilligant\n|-damage|p2a: Lilligant|0 fnt\n|faint|p2a: Lilligant\n|\n|win|Dumbfudge\n|raw|Dumbfudge's rating: 1337 &rarr; <strong>1358<\/strong><br \/>(+21 for winning)\n|raw|NeonSqueaky's rating: 1352 &rarr; <strong>1331<\/strong><br \/>(-21 for losing)\n|c|\u2606Dumbfudge|gg\n|c|\u2606NeonSqueaky|Gg\n|c|\u2606NeonSqueaky|Zacian crazy\n|l|\u2606NeonSqueaky\n|c|\u2606Dumbfudge|yeah i use him when darkrai dont work lol\n","uploadtime":1698225523,"views":9,"p1id":"dumbfudge","p2id":"neonsqueaky","formatid":"gen9anythinggoes","rating":1331,"private":0,"password":""}