{"id":"gen9anythinggoes-1975417629","p1":"Rj3Games","p2":"ronaldlikesdong","format":"[Gen 9] Anything Goes","log":"|j|\u2606Rj3Games\n|j|\u2606ronaldlikesdong\n|t:|1698189080\n|gametype|singles\n|player|p1|Rj3Games|2|\n|player|p2|ronaldlikesdong|blue|\n|teamsize|p1|6\n|teamsize|p2|6\n|gen|9\n|tier|[Gen 9] Anything Goes\n|rule|HP Percentage Mod: HP is shown in percentages\n|rule|Endless Battle Clause: Forcing endless battles is banned\n|clearpoke\n|poke|p1|Calyrex|\n|poke|p1|Cresselia, F|\n|poke|p1|Annihilape, F|\n|poke|p1|Thundurus-Therian, M|\n|poke|p1|Iron Treads|\n|poke|p1|Samurott-Hisui, F|\n|poke|p2|Landorus-Therian, M|\n|poke|p2|Iron Valiant|\n|poke|p2|Iron Hands|\n|poke|p2|Volcarona, M|\n|poke|p2|Garganacl, F|\n|poke|p2|Rotom-Frost|\n|teampreview\n|\n|t:|1698189090\n|start\n|switch|p1a: Samurott|Samurott-Hisui, F|100\/100\n|switch|p2a: Rotom|Rotom-Frost|100\/100\n|turn|1\n|\n|t:|1698189112\n|move|p2a: Rotom|Trick|p1a: Samurott\n|-activate|p2a: Rotom|move: Trick|[of] p1a: Samurott\n|-item|p1a: Samurott|Choice Scarf|[from] move: Trick\n|-item|p2a: Rotom|Choice Scarf|[from] move: Trick\n|move|p1a: Samurott|Flip Turn|p2a: Rotom\n|-damage|p2a: Rotom|69\/100\n|c|\u2606ronaldlikesdong|lel\n|c|\u2606Rj3Games|LMAO\n|\n|t:|1698189137\n|switch|p1a: Annihilape|Annihilape, F|100\/100|[from] Flip Turn\n|\n|upkeep\n|turn|2\n|c|\u2606ronaldlikesdong|i dont think thats ever happened to me before\n|\n|t:|1698189159\n|move|p2a: Rotom|Trick|p1a: Annihilape\n|-activate|p2a: Rotom|move: Trick|[of] p1a: Annihilape\n|-item|p1a: Annihilape|Choice Scarf|[from] move: Trick\n|-item|p2a: Rotom|Choice Scarf|[from] move: Trick\n|move|p1a: Annihilape|Close Combat|p2a: Rotom\n|-supereffective|p2a: Rotom\n|-damage|p2a: Rotom|0 fnt\n|-unboost|p1a: Annihilape|def|1\n|-unboost|p1a: Annihilape|spd|1\n|faint|p2a: Rotom\n|\n|upkeep\n|c|\u2606Rj3Games|ANOTHA ONE\n|\n|t:|1698189171\n|switch|p2a: Iron Valiant|Iron Valiant|100\/100\n|turn|3\n|c|\u2606ronaldlikesdong|fuck i forgot to change this things item'\n|\n|t:|1698189192\n|switch|p1a: Cresselia|Cresselia, F|100\/100\n|move|p2a: Iron Valiant|Moonblast|p1a: Cresselia\n|-damage|p1a: Cresselia|69\/100\n|-unboost|p1a: Cresselia|spa|1\n|\n|-heal|p1a: Cresselia|75\/100|[from] item: Leftovers\n|upkeep\n|turn|4\n|\n|t:|1698189202\n|-end|p2a: Iron Valiant|Quark Drive|[silent]\n|switch|p2a: Volcarona|Volcarona, M|100\/100\n|move|p1a: Cresselia|Calm Mind|p1a: Cresselia\n|-boost|p1a: Cresselia|spa|1\n|-boost|p1a: Cresselia|spd|1\n|\n|-heal|p1a: Cresselia|81\/100|[from] item: Leftovers\n|upkeep\n|turn|5\n|\n|t:|1698189237\n|move|p2a: Volcarona|Will-O-Wisp|p1a: Cresselia\n|-status|p1a: Cresselia|brn\n|move|p1a: Cresselia|Calm Mind|p1a: Cresselia\n|-boost|p1a: Cresselia|spa|1\n|-boost|p1a: Cresselia|spd|1\n|\n|-heal|p1a: Cresselia|87\/100 brn|[from] item: Leftovers\n|-damage|p1a: Cresselia|81\/100 brn|[from] brn\n|upkeep\n|turn|6\n|\n|t:|1698189257\n|move|p2a: Volcarona|Quiver Dance|p2a: Volcarona\n|-boost|p2a: Volcarona|spa|1\n|-boost|p2a: Volcarona|spd|1\n|-boost|p2a: Volcarona|spe|1\n|move|p1a: Cresselia|Calm Mind|p1a: Cresselia\n|-boost|p1a: Cresselia|spa|1\n|-boost|p1a: Cresselia|spd|1\n|\n|-heal|p1a: Cresselia|87\/100 brn|[from] item: Leftovers\n|-damage|p1a: Cresselia|81\/100 brn|[from] brn\n|upkeep\n|turn|7\n|\n|t:|1698189263\n|move|p2a: Volcarona|Quiver Dance|p2a: Volcarona\n|-boost|p2a: Volcarona|spa|1\n|-boost|p2a: Volcarona|spd|1\n|-boost|p2a: Volcarona|spe|1\n|move|p1a: Cresselia|Psychic|p2a: Volcarona\n|-damage|p2a: Volcarona|78\/100\n|\n|-heal|p1a: Cresselia|87\/100 brn|[from] item: Leftovers\n|-damage|p1a: Cresselia|81\/100 brn|[from] brn\n|upkeep\n|turn|8\n|\n|t:|1698189272\n|move|p2a: Volcarona|Bug Buzz|p1a: Cresselia\n|-supereffective|p1a: Cresselia\n|-damage|p1a: Cresselia|44\/100 brn\n|move|p1a: Cresselia|Psychic|p2a: Volcarona\n|-damage|p2a: Volcarona|54\/100\n|\n|-heal|p1a: Cresselia|50\/100 brn|[from] item: Leftovers\n|-damage|p1a: Cresselia|44\/100 brn|[from] brn\n|upkeep\n|turn|9\n|\n|t:|1698189277\n|move|p2a: Volcarona|Quiver Dance|p2a: Volcarona\n|-boost|p2a: Volcarona|spa|1\n|-boost|p2a: Volcarona|spd|1\n|-boost|p2a: Volcarona|spe|1\n|move|p1a: Cresselia|Moonlight|p1a: Cresselia\n|-heal|p1a: Cresselia|94\/100 brn\n|\n|-heal|p1a: Cresselia|100\/100 brn|[from] item: Leftovers\n|-damage|p1a: Cresselia|94\/100 brn|[from] brn\n|upkeep\n|turn|10\n|\n|t:|1698189283\n|move|p2a: Volcarona|Bug Buzz|p1a: Cresselia\n|-supereffective|p1a: Cresselia\n|-damage|p1a: Cresselia|51\/100 brn\n|move|p1a: Cresselia|Calm Mind|p1a: Cresselia\n|-boost|p1a: Cresselia|spa|1\n|-boost|p1a: Cresselia|spd|1\n|\n|-heal|p1a: Cresselia|57\/100 brn|[from] item: Leftovers\n|-damage|p1a: Cresselia|51\/100 brn|[from] brn\n|upkeep\n|turn|11\n|\n|t:|1698189288\n|move|p2a: Volcarona|Quiver Dance|p2a: Volcarona\n|-boost|p2a: Volcarona|spa|1\n|-boost|p2a: Volcarona|spd|1\n|-boost|p2a: Volcarona|spe|1\n|move|p1a: Cresselia|Moonlight|p1a: Cresselia\n|-heal|p1a: Cresselia|100\/100 brn\n|\n|-damage|p1a: Cresselia|94\/100 brn|[from] brn\n|upkeep\n|turn|12\n|\n|t:|1698189291\n|move|p2a: Volcarona|Quiver Dance|p2a: Volcarona\n|-boost|p2a: Volcarona|spa|1\n|-boost|p2a: Volcarona|spd|1\n|-boost|p2a: Volcarona|spe|1\n|move|p1a: Cresselia|Calm Mind|p1a: Cresselia\n|-boost|p1a: Cresselia|spa|1\n|-boost|p1a: Cresselia|spd|1\n|\n|-heal|p1a: Cresselia|100\/100 brn|[from] item: Leftovers\n|-damage|p1a: Cresselia|94\/100 brn|[from] brn\n|upkeep\n|turn|13\n|\n|t:|1698189296\n|move|p2a: Volcarona|Quiver Dance|p2a: Volcarona\n|-boost|p2a: Volcarona|spa|1\n|-boost|p2a: Volcarona|spd|1\n|-boost|p2a: Volcarona|spe|1\n|move|p1a: Cresselia|Calm Mind|p1a: Cresselia\n|-boost|p1a: Cresselia|spa|1\n|-boost|p1a: Cresselia|spd|1\n|\n|-heal|p1a: Cresselia|100\/100 brn|[from] item: Leftovers\n|-damage|p1a: Cresselia|94\/100 brn|[from] brn\n|upkeep\n|turn|14\n|\n|t:|1698189297\n|move|p2a: Volcarona|Bug Buzz|p1a: Cresselia\n|-supereffective|p1a: Cresselia\n|-damage|p1a: Cresselia|48\/100 brn\n|move|p1a: Cresselia|Calm Mind|p1a: Cresselia\n|-boost|p1a: Cresselia|spa|1\n|-boost|p1a: Cresselia|spd|0\n|\n|-heal|p1a: Cresselia|55\/100 brn|[from] item: Leftovers\n|-damage|p1a: Cresselia|48\/100 brn|[from] brn\n|upkeep\n|turn|15\n|\n|t:|1698189301\n|move|p2a: Volcarona|Bug Buzz|p1a: Cresselia\n|-supereffective|p1a: Cresselia\n|-damage|p1a: Cresselia|5\/100 brn\n|move|p1a: Cresselia|Moonlight|p1a: Cresselia\n|-heal|p1a: Cresselia|55\/100 brn\n|\n|-heal|p1a: Cresselia|61\/100 brn|[from] item: Leftovers\n|-damage|p1a: Cresselia|55\/100 brn|[from] brn\n|upkeep\n|turn|16\n|\n|t:|1698189304\n|move|p2a: Volcarona|Bug Buzz|p1a: Cresselia\n|-supereffective|p1a: Cresselia\n|-damage|p1a: Cresselia|8\/100 brn\n|move|p1a: Cresselia|Moonlight|p1a: Cresselia\n|-heal|p1a: Cresselia|58\/100 brn\n|\n|-heal|p1a: Cresselia|64\/100 brn|[from] item: Leftovers\n|-damage|p1a: Cresselia|58\/100 brn|[from] brn\n|upkeep\n|turn|17\n|\n|t:|1698189308\n|move|p2a: Volcarona|Bug Buzz|p1a: Cresselia\n|-supereffective|p1a: Cresselia\n|-damage|p1a: Cresselia|16\/100 brn\n|move|p1a: Cresselia|Moonlight|p1a: Cresselia\n|-heal|p1a: Cresselia|66\/100 brn\n|\n|-heal|p1a: Cresselia|72\/100 brn|[from] item: Leftovers\n|-damage|p1a: Cresselia|66\/100 brn|[from] brn\n|upkeep\n|turn|18\n|\n|t:|1698189310\n|move|p2a: Volcarona|Bug Buzz|p1a: Cresselia\n|-supereffective|p1a: Cresselia\n|-damage|p1a: Cresselia|23\/100 brn\n|move|p1a: Cresselia|Psychic|p2a: Volcarona\n|-damage|p2a: Volcarona|30\/100\n|\n|-heal|p1a: Cresselia|29\/100 brn|[from] item: Leftovers\n|-damage|p1a: Cresselia|23\/100 brn|[from] brn\n|upkeep\n|turn|19\n|\n|t:|1698189314\n|move|p2a: Volcarona|Bug Buzz|p1a: Cresselia\n|-supereffective|p1a: Cresselia\n|-damage|p1a: Cresselia|0 fnt\n|faint|p1a: Cresselia\n|\n|upkeep\n|\n|t:|1698189339\n|switch|p1a: Samurott|Samurott-Hisui, F|100\/100\n|turn|20\n|\n|t:|1698189353\n|move|p2a: Volcarona|Bug Buzz|p1a: Samurott\n|-supereffective|p1a: Samurott\n|-damage|p1a: Samurott|0 fnt\n|faint|p1a: Samurott\n|\n|upkeep\n|c|\u2606Rj3Games|Ope i put aqua cutter thats not aqua jett\n|c|\u2606ronaldlikesdong|big f\n|\n|t:|1698189376\n|switch|p1a: Annihilape|Annihilape, F|100\/100\n|turn|21\n|c|\u2606ronaldlikesdong|i was trying to just sac this anyways on the chance it had jet\n|\n|t:|1698189384\n|move|p2a: Volcarona|Fiery Dance|p1a: Annihilape\n|-damage|p1a: Annihilape|0 fnt\n|faint|p1a: Annihilape\n|\n|upkeep\n|\n|t:|1698189390\n|switch|p1a: Iron Treads|Iron Treads|100\/100\n|turn|22\n|c|\u2606ronaldlikesdong|well volc finally did something after like 7 weeks\n|c|\u2606Rj3Games|i thought it did xD\n|\n|t:|1698189401\n|-terastallize|p1a: Iron Treads|Ground\n|move|p2a: Volcarona|Fiery Dance|p1a: Iron Treads\n|-damage|p1a: Iron Treads|0 fnt\n|faint|p1a: Iron Treads\n|-end|p1a: Iron Treads|Quark Drive|[silent]\n|\n|upkeep\n|\n|t:|1698189404\n|switch|p1a: Thundurus|Thundurus-Therian, M|100\/100\n|turn|23\n|\n|t:|1698189410\n|move|p2a: Volcarona|Fiery Dance|p1a: Thundurus\n|-damage|p1a: Thundurus|0 fnt\n|faint|p1a: Thundurus\n|\n|upkeep\n|\n|t:|1698189411\n|switch|p1a: Calyrex|Calyrex|100\/100\n|-ability|p1a: Calyrex|Unnerve\n|turn|24\n|\n|t:|1698189416\n|move|p2a: Volcarona|Fiery Dance|p1a: Calyrex\n|-supereffective|p1a: Calyrex\n|-damage|p1a: Calyrex|0 fnt\n|faint|p1a: Calyrex\n|\n|win|ronaldlikesdong\n|c|\u2606ronaldlikesdong|now you can tie ronald\n|c|\u2606ronaldlikesdong|gg\n|l|\u2606ronaldlikesdong\n|c|\u2606Rj3Games|I was trying to wear it down and lot let you heal up\n","uploadtime":1698189443,"views":14,"p1id":"rj3games","p2id":"ronaldlikesdong","formatid":"gen9anythinggoes","rating":0,"private":0,"password":""}