{"id":"gen9anythinggoes-1976887721","p1":"fishy145","p2":"krummshot","format":"[Gen 9] Anything Goes","log":"|j|\u2606fishy145\n|j|\u2606krummshot\n|t:|1698349600\n|gametype|singles\n|player|p1|fishy145|265|1205\n|player|p2|krummshot|dancer|1139\n|teamsize|p1|6\n|teamsize|p2|6\n|gen|9\n|tier|[Gen 9] Anything Goes\n|rated|\n|rule|HP Percentage Mod: HP is shown in percentages\n|rule|Endless Battle Clause: Forcing endless battles is banned\n|clearpoke\n|poke|p1|Azumarill, F|\n|poke|p1|Cloyster, M|\n|poke|p1|Gholdengo|\n|poke|p1|Clodsire, M|\n|poke|p1|Gliscor, F|\n|poke|p1|Chi-Yu|\n|poke|p2|Mew|\n|poke|p2|Skeledirge, M|\n|poke|p2|Leafeon, F|\n|poke|p2|Sylveon, F|\n|poke|p2|Gyarados, M|\n|poke|p2|Tyranitar, M|\n|teampreview\n|\n|t:|1698349605\n|start\n|switch|p1a: Clodsire|Clodsire, M|100\/100\n|switch|p2a: Mew|Mew|100\/100\n|turn|1\n|\n|t:|1698349613\n|move|p2a: Mew|Light Screen|p2a: Mew\n|-sidestart|p2: krummshot|move: Light Screen\n|move|p1a: Clodsire|Spikes|p2a: Mew\n|-sidestart|p2: krummshot|Spikes\n|\n|upkeep\n|turn|2\n|\n|t:|1698349617\n|move|p2a: Mew|Iron Defense|p2a: Mew\n|-boost|p2a: Mew|def|2\n|move|p1a: Clodsire|Spikes|p2a: Mew\n|-sidestart|p2: krummshot|Spikes\n|\n|upkeep\n|turn|3\n|\n|t:|1698349622\n|move|p2a: Mew|Iron Defense|p2a: Mew\n|-boost|p2a: Mew|def|2\n|move|p1a: Clodsire|Spikes|p2a: Mew\n|-sidestart|p2: krummshot|Spikes\n|\n|upkeep\n|turn|4\n|\n|t:|1698349638\n|move|p2a: Mew|Iron Defense|p2a: Mew\n|-boost|p2a: Mew|def|2\n|move|p1a: Clodsire|Toxic|p2a: Mew\n|-status|p2a: Mew|tox\n|-activate|p2a: Mew|ability: Synchronize\n|-immune|p1a: Clodsire\n|\n|-damage|p2a: Mew|94\/100 tox|[from] psn\n|upkeep\n|turn|5\n|\n|t:|1698349649\n|move|p2a: Mew|Swords Dance|p2a: Mew\n|-boost|p2a: Mew|atk|2\n|move|p1a: Clodsire|Earthquake|p2a: Mew\n|-damage|p2a: Mew|89\/100 tox\n|\n|-damage|p2a: Mew|77\/100 tox|[from] psn\n|-sideend|p2: krummshot|move: Light Screen\n|upkeep\n|turn|6\n|\n|t:|1698349674\n|move|p2a: Mew|Light Screen|p2a: Mew\n|-sidestart|p2: krummshot|move: Light Screen\n|move|p1a: Clodsire|Earthquake|p2a: Mew\n|-damage|p2a: Mew|71\/100 tox\n|\n|-damage|p2a: Mew|53\/100 tox|[from] psn\n|upkeep\n|turn|7\n|\n|t:|1698349680\n|move|p2a: Mew|Swords Dance|p2a: Mew\n|-boost|p2a: Mew|atk|2\n|move|p1a: Clodsire|Earthquake|p2a: Mew\n|-damage|p2a: Mew|47\/100 tox\n|\n|-damage|p2a: Mew|22\/100 tox|[from] psn\n|upkeep\n|turn|8\n|\n|t:|1698349687\n|move|p2a: Mew|Baton Pass|p2a: Mew\n|\n|t:|1698349695\n|switch|p2a: Sylveon|Sylveon, F, shiny|100\/100|[from] Baton Pass\n|-damage|p2a: Sylveon|76\/100|[from] Spikes\n|move|p1a: Clodsire|Earthquake|p2a: Sylveon\n|-damage|p2a: Sylveon|66\/100\n|\n|-heal|p2a: Sylveon|72\/100|[from] item: Leftovers\n|upkeep\n|turn|9\n|\n|t:|1698349704\n|move|p2a: Sylveon|Moonblast|p1a: Clodsire\n|-resisted|p1a: Clodsire\n|-damage|p1a: Clodsire|89\/100\n|move|p1a: Clodsire|Toxic|p2a: Sylveon\n|-status|p2a: Sylveon|tox\n|\n|-heal|p2a: Sylveon|78\/100 tox|[from] item: Leftovers\n|-heal|p1a: Clodsire|96\/100|[from] item: Leftovers\n|-damage|p2a: Sylveon|72\/100 tox|[from] psn\n|upkeep\n|turn|10\n|\n|t:|1698349715\n|move|p2a: Sylveon|Wish|p2a: Sylveon\n|move|p1a: Clodsire|Earthquake|p2a: Sylveon\n|-damage|p2a: Sylveon|62\/100 tox\n|\n|-heal|p2a: Sylveon|68\/100 tox|[from] item: Leftovers\n|-heal|p1a: Clodsire|100\/100|[from] item: Leftovers\n|-damage|p2a: Sylveon|56\/100 tox|[from] psn\n|-sideend|p2: krummshot|move: Light Screen\n|upkeep\n|turn|11\n|\n|t:|1698349722\n|move|p2a: Sylveon|Hyper Voice|p1a: Clodsire\n|-damage|p1a: Clodsire|85\/100\n|move|p1a: Clodsire|Earthquake|p2a: Sylveon\n|-damage|p2a: Sylveon|47\/100 tox\n|\n|-heal|p2a: Sylveon|97\/100 tox|[from] move: Wish|[wisher] Sylveon\n|-heal|p2a: Sylveon|100\/100 tox|[from] item: Leftovers\n|-heal|p1a: Clodsire|92\/100|[from] item: Leftovers\n|-damage|p2a: Sylveon|82\/100 tox|[from] psn\n|upkeep\n|turn|12\n|\n|t:|1698349741\n|move|p2a: Sylveon|Baton Pass|p2a: Sylveon\n|\n|t:|1698349743\n|switch|p2a: Gyarados|Gyarados, M|100\/100|[from] Baton Pass\n|-ability|p2a: Gyarados|Intimidate|boost\n|-unboost|p1a: Clodsire|atk|1\n|move|p1a: Clodsire|Earthquake|p2a: Gyarados\n|-immune|p2a: Gyarados\n|\n|-heal|p1a: Clodsire|98\/100|[from] item: Leftovers\n|upkeep\n|turn|13\n|\n|t:|1698349751\n|move|p2a: Gyarados|Aqua Tail|p1a: Clodsire\n|-heal|p1a: Clodsire|100\/100|[from] ability: Water Absorb|[of] p2a: Gyarados\n|move|p1a: Clodsire|Toxic|p2a: Gyarados\n|-status|p2a: Gyarados|tox\n|\n|-damage|p2a: Gyarados|94\/100 tox|[from] psn\n|upkeep\n|turn|14\n|\n|t:|1698349761\n|move|p2a: Gyarados|Blizzard|p1a: Clodsire\n|-supereffective|p1a: Clodsire\n|-damage|p1a: Clodsire|74\/100\n|move|p1a: Clodsire|Toxic|p2a: Gyarados\n|-fail|p2a: Gyarados|tox\n|\n|-heal|p1a: Clodsire|80\/100|[from] item: Leftovers\n|-damage|p2a: Gyarados|82\/100 tox|[from] psn\n|upkeep\n|turn|15\n|\n|t:|1698349769\n|move|p2a: Gyarados|Blizzard|p1a: Clodsire\n|-supereffective|p1a: Clodsire\n|-damage|p1a: Clodsire|53\/100\n|move|p1a: Clodsire|Recover|p1a: Clodsire\n|-heal|p1a: Clodsire|100\/100\n|\n|-damage|p2a: Gyarados|64\/100 tox|[from] psn\n|upkeep\n|turn|16\n|\n|t:|1698349783\n|switch|p1a: Cloyster|Cloyster, M|100\/100\n|move|p2a: Gyarados|Blizzard|p1a: Cloyster\n|-resisted|p1a: Cloyster\n|-damage|p1a: Cloyster|86\/100\n|\n|-damage|p2a: Gyarados|40\/100 tox|[from] psn\n|upkeep\n|turn|17\n|\n|t:|1698349796\n|-terastallize|p1a: Cloyster|Electric\n|move|p1a: Cloyster|Tera Blast|p2a: Gyarados|[anim] Tera Blast Electric\n|-supereffective|p2a: Gyarados\n|-damage|p2a: Gyarados|0 fnt\n|faint|p2a: Gyarados\n|\n|upkeep\n|\n|t:|1698349805\n|switch|p2a: Skeledirge|Skeledirge, M, shiny|100\/100\n|-damage|p2a: Skeledirge|76\/100|[from] Spikes\n|turn|18\n|\n|t:|1698349811\n|-terastallize|p2a: Skeledirge|Normal\n|move|p1a: Cloyster|Rock Blast|p2a: Skeledirge\n|-damage|p2a: Skeledirge|68\/100\n|-damage|p2a: Skeledirge|61\/100\n|-damage|p2a: Skeledirge|54\/100\n|-damage|p2a: Skeledirge|46\/100\n|-damage|p2a: Skeledirge|39\/100\n|-hitcount|p2a: Skeledirge|5\n|move|p2a: Skeledirge|Poltergeist|p1a: Cloyster\n|-activate|p1a: Cloyster|move: Poltergeist|Sitrus Berry\n|-damage|p1a: Cloyster|48\/100\n|-enditem|p1a: Cloyster|Sitrus Berry|[eat]\n|-heal|p1a: Cloyster|73\/100|[from] item: Sitrus Berry\n|\n|upkeep\n|turn|19\n|\n|t:|1698349825\n|move|p1a: Cloyster|Rock Blast|p2a: Skeledirge\n|-damage|p2a: Skeledirge|31\/100\n|-damage|p2a: Skeledirge|24\/100\n|-damage|p2a: Skeledirge|16\/100\n|-damage|p2a: Skeledirge|9\/100\n|-damage|p2a: Skeledirge|1\/100\n|-hitcount|p2a: Skeledirge|5\n|move|p2a: Skeledirge|Sing|p1a: Cloyster\n|-status|p1a: Cloyster|slp|[from] move: Sing\n|\n|upkeep\n|turn|20\n|\n|t:|1698349836\n|cant|p1a: Cloyster|slp\n|move|p2a: Skeledirge|Zen Headbutt|p1a: Cloyster|[miss]\n|-miss|p2a: Skeledirge|p1a: Cloyster\n|\n|upkeep\n|turn|21\n|\n|t:|1698349840\n|-curestatus|p1a: Cloyster|slp|[msg]\n|move|p1a: Cloyster|Rock Blast|p2a: Skeledirge\n|-damage|p2a: Skeledirge|0 fnt\n|faint|p2a: Skeledirge\n|-hitcount|p2: Skeledirge|1\n|\n|upkeep\n|\n|t:|1698349844\n|switch|p2a: Tyranitar|Tyranitar, M|100\/100\n|-damage|p2a: Tyranitar|75\/100|[from] Spikes\n|-weather|Sandstorm|[from] ability: Sand Stream|[of] p2a: Tyranitar\n|turn|22\n|\n|t:|1698349850\n|move|p1a: Cloyster|Icicle Spear|p2a: Tyranitar\n|-damage|p2a: Tyranitar|67\/100\n|-damage|p2a: Tyranitar|57\/100\n|-damage|p2a: Tyranitar|48\/100\n|-damage|p2a: Tyranitar|38\/100\n|-damage|p2a: Tyranitar|30\/100\n|-hitcount|p2a: Tyranitar|5\n|move|p2a: Tyranitar|Rock Blast|p1a: Cloyster\n|-damage|p1a: Cloyster|62\/100\n|-damage|p1a: Cloyster|52\/100\n|-hitcount|p1a: Cloyster|2\n|\n|-weather|Sandstorm|[upkeep]\n|-damage|p1a: Cloyster|46\/100|[from] Sandstorm\n|-heal|p2a: Tyranitar|36\/100|[from] item: Leftovers\n|upkeep\n|turn|23\n|\n|t:|1698349865\n|move|p1a: Cloyster|Icicle Spear|p2a: Tyranitar\n|-damage|p2a: Tyranitar|28\/100\n|-damage|p2a: Tyranitar|19\/100\n|-damage|p2a: Tyranitar|10\/100\n|-damage|p2a: Tyranitar|1\/100\n|-damage|p2a: Tyranitar|0 fnt\n|faint|p2a: Tyranitar\n|-hitcount|p2: Tyranitar|5\n|\n|-weather|Sandstorm|[upkeep]\n|-damage|p1a: Cloyster|40\/100|[from] Sandstorm\n|upkeep\n|\n|t:|1698349874\n|switch|p2a: Sylveon|Sylveon, F, shiny|82\/100 tox\n|-damage|p2a: Sylveon|58\/100 tox|[from] Spikes\n|turn|24\n|\n|t:|1698349887\n|move|p1a: Cloyster|Tera Blast|p2a: Sylveon|[anim] Tera Blast Electric\n|-damage|p2a: Sylveon|8\/100 tox\n|move|p2a: Sylveon|Moonblast|p1a: Cloyster\n|-damage|p1a: Cloyster|0 fnt\n|faint|p1a: Cloyster\n|\n|-weather|Sandstorm|[upkeep]\n|-damage|p2a: Sylveon|2\/100 tox|[from] Sandstorm\n|-heal|p2a: Sylveon|8\/100 tox|[from] item: Leftovers\n|-damage|p2a: Sylveon|2\/100 tox|[from] psn\n|upkeep\n|\n|t:|1698349898\n|switch|p1a: Clodsire|Clodsire, M|100\/100\n|turn|25\n|\n|t:|1698349907\n|move|p2a: Sylveon|Moonblast|p1a: Clodsire\n|-resisted|p1a: Clodsire\n|-damage|p1a: Clodsire|88\/100\n|move|p1a: Clodsire|Earthquake|p2a: Sylveon\n|-damage|p2a: Sylveon|0 fnt\n|faint|p2a: Sylveon\n|\n|-weather|Sandstorm|[upkeep]\n|-heal|p1a: Clodsire|94\/100|[from] item: Leftovers\n|upkeep\n|\n|t:|1698349912\n|switch|p2a: Mew|Mew|22\/100 tox\n|-damage|p2a: Mew|0 fnt|[from] Spikes\n|faint|p2a: Mew\n|\n|t:|1698349914\n|switch|p2a: Leafeon|Leafeon, F, shiny|100\/100\n|-damage|p2a: Leafeon|76\/100|[from] Spikes\n|turn|26\n|\n|t:|1698349922\n|move|p2a: Leafeon|Giga Drain|p1a: Clodsire\n|-damage|p1a: Clodsire|78\/100\n|-heal|p2a: Leafeon|89\/100|[from] drain|[of] p1a: Clodsire\n|move|p1a: Clodsire|Toxic|p2a: Leafeon\n|-status|p2a: Leafeon|tox\n|\n|-weather|none\n|-heal|p1a: Clodsire|85\/100|[from] item: Leftovers\n|-damage|p2a: Leafeon|84\/100 tox|[from] psn\n|upkeep\n|turn|27\n|\n|t:|1698349931\n|move|p2a: Leafeon|Giga Drain|p1a: Clodsire\n|-damage|p1a: Clodsire|70\/100\n|-heal|p2a: Leafeon|96\/100 tox|[from] drain|[of] p1a: Clodsire\n|move|p1a: Clodsire|Earthquake|p2a: Leafeon\n|-resisted|p2a: Leafeon\n|-damage|p2a: Leafeon|82\/100 tox\n|\n|-heal|p1a: Clodsire|76\/100|[from] item: Leftovers\n|-damage|p2a: Leafeon|70\/100 tox|[from] psn\n|upkeep\n|turn|28\n|\n|t:|1698349958\n|move|p2a: Leafeon|Sunny Day|p2a: Leafeon\n|-weather|SunnyDay\n|move|p1a: Clodsire|Earthquake|p2a: Leafeon\n|-resisted|p2a: Leafeon\n|-damage|p2a: Leafeon|56\/100 tox\n|\n|-weather|SunnyDay|[upkeep]\n|-heal|p1a: Clodsire|83\/100|[from] item: Leftovers\n|-damage|p2a: Leafeon|39\/100 tox|[from] psn\n|upkeep\n|turn|29\n|\n|t:|1698349967\n|move|p2a: Leafeon|Solar Blade||[still]\n|-prepare|p2a: Leafeon|Solar Blade\n|-anim|p2a: Leafeon|Solar Blade|p1a: Clodsire\n|-damage|p1a: Clodsire|24\/100\n|move|p1a: Clodsire|Earthquake|p2a: Leafeon\n|-resisted|p2a: Leafeon\n|-damage|p2a: Leafeon|25\/100 tox\n|\n|-weather|SunnyDay|[upkeep]\n|-heal|p1a: Clodsire|30\/100|[from] item: Leftovers\n|-damage|p2a: Leafeon|1\/100 tox|[from] psn\n|upkeep\n|turn|30\n|c|\u2606krummshot|gg\n|\n|t:|1698349977\n|move|p2a: Leafeon|Solar Blade||[still]\n|-prepare|p2a: Leafeon|Solar Blade\n|-anim|p2a: Leafeon|Solar Blade|p1a: Clodsire\n|-damage|p1a: Clodsire|0 fnt\n|faint|p1a: Clodsire\n|\n|-weather|SunnyDay|[upkeep]\n|-damage|p2a: Leafeon|0 fnt|[from] psn\n|faint|p2a: Leafeon\n|\n|win|fishy145\n|upkeep\n|raw|fishy145's rating: 1205 &rarr; <strong>1225<\/strong><br \/>(+20 for winning)\n|raw|krummshot's rating: 1139 &rarr; <strong>1119<\/strong><br \/>(-20 for losing)\n|c|\u2606fishy145|gg wp\n|c|\u2606krummshot|to you as well\n","uploadtime":1698349996,"views":5,"p1id":"fishy145","p2id":"krummshot","formatid":"gen9anythinggoes","rating":1119,"private":0,"password":""}