{"id":"gen9anythinggoes-1993090599","p1":"Supernevan6","p2":"ilyass drago","format":"[Gen 9] Anything Goes","log":"|j|\u2606Supernevan6\n|j|\u2606ilyass drago\n|t:|1700263637\n|gametype|singles\n|player|p1|Supernevan6|266|1188\n|player|p2|ilyass drago|102|1096\n|teamsize|p1|6\n|teamsize|p2|3\n|gen|9\n|tier|[Gen 9] Anything Goes\n|rated|\n|rule|HP Percentage Mod: HP is shown in percentages\n|rule|Endless Battle Clause: Forcing endless battles is banned\n|clearpoke\n|poke|p1|Scovillain, M|\n|poke|p1|Ceruledge, F|\n|poke|p1|Azelf|\n|poke|p1|Vaporeon, M|\n|poke|p1|Pelipper, F|\n|poke|p1|Kyogre|\n|poke|p2|Sneasler, F|\n|poke|p2|Ogerpon-Hearthflame, F|\n|poke|p2|Ting-Lu|\n|teampreview\n|inactive|Battle timer is ON: inactive players will automatically lose when time's up. (requested by ilyass drago)\n|\n|t:|1700263647\n|start\n|switch|p1a: Azelf|Azelf|100\/100\n|switch|p2a: Sneasler|Sneasler, F|100\/100\n|-ability|p2a: Sneasler|Pressure\n|turn|1\n|\n|t:|1700263654\n|move|p2a: Sneasler|Swords Dance|p2a: Sneasler\n|-boost|p2a: Sneasler|atk|2\n|move|p1a: Azelf|Thunder Wave|p2a: Sneasler\n|-status|p2a: Sneasler|par\n|\n|upkeep\n|turn|2\n|\n|t:|1700263661\n|move|p1a: Azelf|Reflect|p1a: Azelf\n|-sidestart|p1: Supernevan6|Reflect\n|move|p2a: Sneasler|Gunk Shot|p1a: Azelf|[miss]\n|-miss|p2a: Sneasler|p1a: Azelf\n|\n|upkeep\n|turn|3\n|\n|t:|1700263667\n|move|p1a: Azelf|Future Sight|p2a: Sneasler\n|-start|p1a: Azelf|move: Future Sight\n|move|p2a: Sneasler|Gunk Shot|p1a: Azelf\n|-damage|p1a: Azelf|23\/100\n|\n|upkeep\n|turn|4\n|\n|t:|1700263672\n|move|p1a: Azelf|Light Screen|p1a: Azelf\n|-sidestart|p1: Supernevan6|move: Light Screen\n|move|p2a: Sneasler|Gunk Shot|p1a: Azelf\n|-damage|p1a: Azelf|0 fnt\n|faint|p1a: Azelf\n|\n|upkeep\n|\n|t:|1700263681\n|switch|p1a: Vaporeon|Vaporeon, M|100\/100\n|turn|5\n|\n|t:|1700263686\n|move|p2a: Sneasler|Trailblaze|p1a: Vaporeon\n|-supereffective|p1a: Vaporeon\n|-damage|p1a: Vaporeon|58\/100\n|-boost|p2a: Sneasler|spe|1\n|-enditem|p1a: Vaporeon|Weakness Policy\n|-boost|p1a: Vaporeon|atk|2|[from] item: Weakness Policy\n|-boost|p1a: Vaporeon|spa|2|[from] item: Weakness Policy\n|move|p1a: Vaporeon|Acid Armor|p1a: Vaporeon\n|-boost|p1a: Vaporeon|def|2\n|\n|-end|p2a: Sneasler|move: Future Sight\n|-supereffective|p2a: Sneasler\n|-damage|p2a: Sneasler|0 fnt\n|faint|p2a: Sneasler\n|upkeep\n|\n|t:|1700263698\n|switch|p2a: Ting-Lu|Ting-Lu|100\/100\n|-ability|p2a: Ting-Lu|Vessel of Ruin\n|turn|6\n|\n|t:|1700263712\n|move|p1a: Vaporeon|Substitute|p1a: Vaporeon\n|-start|p1a: Vaporeon|Substitute\n|-damage|p1a: Vaporeon|34\/100\n|move|p2a: Ting-Lu|Throat Chop|p1a: Vaporeon\n|-activate|p1a: Vaporeon|move: Substitute|[damage]\n|\n|-sideend|p1: Supernevan6|Reflect\n|upkeep\n|turn|7\n|\n|t:|1700263720\n|move|p1a: Vaporeon|Acid Armor|p1a: Vaporeon\n|-boost|p1a: Vaporeon|def|2\n|move|p2a: Ting-Lu|Throat Chop|p1a: Vaporeon\n|-end|p1a: Vaporeon|Substitute\n|\n|upkeep\n|turn|8\n|\n|t:|1700263727\n|move|p1a: Vaporeon|Substitute|p1a: Vaporeon\n|-start|p1a: Vaporeon|Substitute\n|-damage|p1a: Vaporeon|9\/100\n|move|p2a: Ting-Lu|Ruination|p1a: Vaporeon\n|-activate|p1a: Vaporeon|move: Substitute|[damage]\n|\n|-sideend|p1: Supernevan6|move: Light Screen\n|upkeep\n|turn|9\n|\n|t:|1700263733\n|move|p1a: Vaporeon|Acid Armor|p1a: Vaporeon\n|-boost|p1a: Vaporeon|def|2\n|move|p2a: Ting-Lu|Ruination|p1a: Vaporeon\n|-activate|p1a: Vaporeon|move: Substitute|[damage]\n|\n|upkeep\n|turn|10\n|\n|t:|1700263739\n|move|p1a: Vaporeon|Hydro Pump|p2a: Ting-Lu\n|-supereffective|p2a: Ting-Lu\n|-damage|p2a: Ting-Lu|32\/100\n|move|p2a: Ting-Lu|Ruination|p1a: Vaporeon\n|-activate|p1a: Vaporeon|move: Substitute|[damage]\n|\n|upkeep\n|turn|11\n|\n|t:|1700263745\n|move|p1a: Vaporeon|Hydro Pump|p2a: Ting-Lu\n|-supereffective|p2a: Ting-Lu\n|-damage|p2a: Ting-Lu|0 fnt\n|faint|p2a: Ting-Lu\n|\n|upkeep\n|\n|t:|1700263748\n|switch|p2a: Ogerpon|Ogerpon-Hearthflame, F|100\/100\n|-ability|p2a: Ogerpon|Mold Breaker\n|turn|12\n|\n|t:|1700263753\n|move|p2a: Ogerpon|Spiky Shield|p2a: Ogerpon\n|-singleturn|p2a: Ogerpon|move: Protect\n|move|p1a: Vaporeon|Stored Power|p2a: Ogerpon\n|-activate|p2a: Ogerpon|move: Protect\n|\n|upkeep\n|turn|13\n|\n|t:|1700263762\n|move|p2a: Ogerpon|Horn Leech|p1a: Vaporeon\n|-supereffective|p1a: Vaporeon\n|-end|p1a: Vaporeon|Substitute\n|move|p1a: Vaporeon|Stored Power|p2a: Ogerpon\n|-damage|p2a: Ogerpon|0 fnt\n|faint|p2a: Ogerpon\n|\n|win|Supernevan6\n|raw|Supernevan6's rating: 1188 &rarr; <strong>1207<\/strong><br \/>(+19 for winning)\n|raw|ilyass drago's rating: 1096 &rarr; <strong>1078<\/strong><br \/>(-18 for losing)\n|l|\u2606ilyass drago\n","uploadtime":1700263777,"views":19,"p1id":"supernevan6","p2id":"ilyassdrago","formatid":"gen9anythinggoes","rating":1078,"private":0,"password":""}