{"id":"gen9anythinggoes-1984105204","p1":"Huntau1562","p2":"Memezter","format":"[Gen 9] Anything Goes","log":"|j|\u2606Huntau1562\n|j|\u2606Memezter\n|t:|1699219185\n|gametype|singles\n|player|p1|Huntau1562|169|1090\n|player|p2|Memezter|pokemaniac|1012\n|teamsize|p1|6\n|teamsize|p2|6\n|gen|9\n|tier|[Gen 9] Anything Goes\n|rated|\n|rule|HP Percentage Mod: HP is shown in percentages\n|rule|Endless Battle Clause: Forcing endless battles is banned\n|clearpoke\n|poke|p1|Sinistcha-Masterpiece|\n|poke|p1|Flutter Mane|\n|poke|p1|Gengar, M|\n|poke|p1|Palossand, F|\n|poke|p1|Dragapult, F|\n|poke|p1|Skeledirge, M|\n|poke|p2|Lucario, M|\n|poke|p2|Rabsca, M|\n|poke|p2|Rabsca, F|\n|poke|p2|Rabsca, M|\n|poke|p2|Calyrex-Ice|\n|poke|p2|Cinderace, M|\n|teampreview\n|c|\u2606Huntau1562|oh boy revival blessing strats\n|c|\u2606Huntau1562|what ever will my ghosts do\n|\n|t:|1699219239\n|start\n|switch|p1a: UwU|Flutter Mane|100\/100\n|switch|p2a: ki|Calyrex-Ice|100\/100\n|-ability|p2a: ki|As One\n|-ability|p2a: ki|Unnerve\n|-enditem|p1a: UwU|Booster Energy\n|-activate|p1a: UwU|ability: Protosynthesis|[fromitem]\n|-start|p1a: UwU|protosynthesisspe\n|turn|1\n|\n|t:|1699219251\n|move|p1a: UwU|Substitute|p1a: UwU\n|-start|p1a: UwU|Substitute\n|-damage|p1a: UwU|76\/100\n|move|p2a: ki|Calm Mind|p2a: ki\n|-boost|p2a: ki|spa|1\n|-boost|p2a: ki|spd|1\n|\n|upkeep\n|turn|2\n|\n|t:|1699219259\n|move|p1a: UwU|Calm Mind|p1a: UwU\n|-boost|p1a: UwU|spa|1\n|-boost|p1a: UwU|spd|1\n|move|p2a: ki|Calm Mind|p2a: ki\n|-boost|p2a: ki|spa|1\n|-boost|p2a: ki|spd|1\n|\n|upkeep\n|turn|3\n|\n|t:|1699219268\n|move|p1a: UwU|Calm Mind|p1a: UwU\n|-boost|p1a: UwU|spa|1\n|-boost|p1a: UwU|spd|1\n|move|p2a: ki|Calm Mind|p2a: ki\n|-boost|p2a: ki|spa|1\n|-boost|p2a: ki|spd|1\n|\n|upkeep\n|turn|4\n|\n|t:|1699219278\n|move|p1a: UwU|Dark Pulse|p2a: ki\n|-supereffective|p2a: ki\n|-damage|p2a: ki|71\/100\n|cant|p2a: ki|flinch\n|\n|upkeep\n|turn|5\n|\n|t:|1699219288\n|move|p1a: UwU|Dark Pulse|p2a: ki\n|-supereffective|p2a: ki\n|-damage|p2a: ki|41\/100\n|move|p2a: ki|Roar|p1a: UwU\n|-end|p1a: UwU|Protosynthesis|[silent]\n|drag|p1a: Daring Darts|Dragapult, F|100\/100\n|\n|upkeep\n|turn|6\n|\n|t:|1699219301\n|move|p1a: Daring Darts|Phantom Force||[still]\n|-prepare|p1a: Daring Darts|Phantom Force\n|move|p2a: ki|Baton Pass|p2a: ki\n|\n|t:|1699219305\n|switch|p2a: ki|Cinderace, M, shiny|100\/100|[from] Baton Pass\n|\n|upkeep\n|turn|7\n|\n|t:|1699219310\n|move|p2a: ki|Protect|p2a: ki\n|-singleturn|p2a: ki|Protect\n|move|p1a: Daring Darts|Phantom Force|p2a: ki|[from]lockedmove\n|-activate|p2a: ki|move: Phantom Force|[broken]\n|-damage|p2a: ki|42\/100\n|\n|upkeep\n|turn|8\n|\n|t:|1699219320\n|move|p1a: Daring Darts|Phantom Force||[still]\n|-prepare|p1a: Daring Darts|Phantom Force\n|move|p2a: ki|Bulk Up|p2a: ki\n|-boost|p2a: ki|atk|1\n|-boost|p2a: ki|def|1\n|\n|upkeep\n|turn|9\n|\n|t:|1699219326\n|move|p1a: Daring Darts|Phantom Force|p2a: ki|[from]lockedmove\n|-damage|p2a: ki|4\/100\n|-enditem|p2a: ki|Aguav Berry|[eat]\n|-heal|p2a: ki|37\/100|[from] item: Aguav Berry\n|move|p2a: ki|Baton Pass|p2a: ki\n|\n|t:|1699219334\n|switch|p2a: Goku (ss2)|Lucario, M, shiny|100\/100|[from] Baton Pass\n|\n|upkeep\n|turn|10\n|\n|t:|1699219357\n|move|p1a: Daring Darts|Dragon Dance|p1a: Daring Darts\n|-boost|p1a: Daring Darts|atk|1\n|-boost|p1a: Daring Darts|spe|1\n|move|p2a: Goku (ss2)|Aura Sphere|p1a: Daring Darts\n|-immune|p1a: Daring Darts\n|\n|upkeep\n|turn|11\n|c|\u2606Huntau1562|pff\n|c|\u2606Memezter|damm gg you win\n|c|\u2606Huntau1562|wait really?\n|\n|t:|1699219384\n|move|p2a: Goku (ss2)|Extreme Speed|p1a: Daring Darts\n|-immune|p1a: Daring Darts\n|move|p1a: Daring Darts|Dragon Dance|p1a: Daring Darts\n|-boost|p1a: Daring Darts|atk|1\n|-boost|p1a: Daring Darts|spe|1\n|\n|upkeep\n|turn|12\n|\n|t:|1699219396\n|move|p1a: Daring Darts|Dragon Darts|p2a: Goku (ss2)\n|-resisted|p2a: Goku (ss2)\n|-damage|p2a: Goku (ss2)|72\/100\n|-anim|p1a: Daring Darts|Dragon Darts|p2a: Goku (ss2)\n|-resisted|p2a: Goku (ss2)\n|-damage|p2a: Goku (ss2)|44\/100\n|move|p2a: Goku (ss2)|Circle Throw|p1a: Daring Darts\n|-immune|p1a: Daring Darts\n|\n|upkeep\n|turn|13\n|c|\u2606Huntau1562|wait\n|c|\u2606Huntau1562|wait\n|c|\u2606Huntau1562|wait what\n|\n|t:|1699219415\n|move|p1a: Daring Darts|Dragon Darts|p2a: Goku (ss2)\n|-resisted|p2a: Goku (ss2)\n|-damage|p2a: Goku (ss2)|7\/100\n|-anim|p1a: Daring Darts|Dragon Darts|p2a: Goku (ss2)\n|-resisted|p2a: Goku (ss2)\n|-damage|p2a: Goku (ss2)|0 fnt\n|faint|p2a: Goku (ss2)\n|\n|upkeep\n|c|\u2606Huntau1562|I countered your main thing\n|c|\u2606Huntau1562|by\n|\n|t:|1699219424\n|switch|p2a: ki|Calyrex-Ice|41\/100\n|-ability|p2a: ki|As One\n|-ability|p2a: ki|Unnerve\n|turn|14\n|c|\u2606Huntau1562|bringing only ghosts\n|\n|t:|1699219433\n|move|p1a: Daring Darts|Dragon Darts|p2a: ki\n|-damage|p2a: ki|8\/100\n|-enditem|p2a: ki|Aguav Berry|[eat]\n|-heal|p2a: ki|41\/100|[from] item: Aguav Berry\n|-anim|p1a: Daring Darts|Dragon Darts|p2a: ki\n|-damage|p2a: ki|11\/100\n|move|p2a: ki|Draining Kiss|p1a: Daring Darts\n|-supereffective|p1a: Daring Darts\n|-damage|p1a: Daring Darts|72\/100\n|-heal|p2a: ki|28\/100|[from] drain|[of] p1a: Daring Darts\n|\n|upkeep\n|turn|15\n|\n|t:|1699219446\n|move|p1a: Daring Darts|Dragon Darts|p2a: ki\n|-damage|p2a: ki|0 fnt\n|faint|p2a: ki\n|\n|upkeep\n|\n|t:|1699219451\n|switch|p2a: senzu bean|Rabsca, M|100\/100\n|turn|16\n|c|\u2606Huntau1562|well I hope this has been a significantly spooky battle\n|\n|t:|1699219467\n|move|p1a: Daring Darts|Dragon Darts|p2a: senzu bean\n|-damage|p2a: senzu bean|10\/100\n|-anim|p1a: Daring Darts|Dragon Darts|p2a: senzu bean\n|-damage|p2a: senzu bean|0 fnt\n|faint|p2a: senzu bean\n|\n|upkeep\n|\n|t:|1699219473\n|switch|p2a: senzu bean|Rabsca, F|100\/100\n|turn|17\n|\n|t:|1699219484\n|-terastallize|p2a: senzu bean|Bug\n|move|p1a: Daring Darts|Dragon Darts|p2a: senzu bean\n|-damage|p2a: senzu bean|0 fnt\n|faint|p2a: senzu bean\n|\n|upkeep\n|\n|t:|1699219494\n|switch|p2a: senzu bean|Rabsca, M|100\/100\n|turn|18\n|c|\u2606Memezter|im dumb\n|c|\u2606Huntau1562|daring darts has metronome\n|\n|t:|1699219520\n|move|p1a: Daring Darts|Dragon Darts|p2a: senzu bean\n|-damage|p2a: senzu bean|0 fnt\n|faint|p2a: senzu bean\n|\n|upkeep\n|c|\u2606Huntau1562|he not only hits fast\n|\n|t:|1699219525\n|switch|p2a: ki|Cinderace, M, shiny|37\/100\n|turn|19\n|c|\u2606Huntau1562|he hits harder each time he hits\n|\n|t:|1699219536\n|move|p1a: Daring Darts|Dragon Darts|p2a: ki\n|-damage|p2a: ki|0 fnt\n|faint|p2a: ki\n|\n|win|Huntau1562\n|raw|Huntau1562's rating: 1090 &rarr; <strong>1111<\/strong><br \/>(+21 for winning)\n|raw|Memezter's rating: 1012 &rarr; <strong>1003<\/strong><br \/>(-9 for losing)\n|c|\u2606Huntau1562|MUDAMUDAMUD-\n|c|\u2606Huntau1562|anyways\n|c|\u2606Memezter|gg\n|c|\u2606Huntau1562|gg\n|l|\u2606Memezter\n","uploadtime":1699219996,"views":2,"p1id":"huntau1562","p2id":"memezter","formatid":"gen9anythinggoes","rating":1003,"private":0,"password":""}