{"id":"gen9anythinggoes-1981055865","p1":"Siiroth","p2":"dittoboys","format":"[Gen 9] Anything Goes","log":"|j|\u2606Siiroth\n|j|\u2606dittoboys\n|t:|1698860079\n|gametype|singles\n|player|p1|Siiroth|lady-gen4|\n|player|p2|dittoboys|pokemaniac|\n|teamsize|p1|6\n|teamsize|p2|6\n|gen|9\n|tier|[Gen 9] Anything Goes\n|rule|HP Percentage Mod: HP is shown in percentages\n|rule|Endless Battle Clause: Forcing endless battles is banned\n|clearpoke\n|poke|p1|Zapdos-Galar|\n|poke|p1|Leavanny, M|\n|poke|p1|Samurott-Hisui, M|\n|poke|p1|Salazzle, F|\n|poke|p1|Espathra, F|\n|poke|p1|Coalossal, M|\n|poke|p2|Iron Bundle|\n|poke|p2|Goodra-Hisui, F|\n|poke|p2|Ursaluna, F|\n|poke|p2|Meowscarada, M|\n|poke|p2|Dachsbun, M|\n|poke|p2|Zoroark-Hisui, F|\n|teampreview\n|j| Tredz\n|inactive|Battle timer is ON: inactive players will automatically lose when time's up. (requested by Siiroth)\n|\n|t:|1698860171\n|start\n|switch|p1a: Coalossal|Coalossal, M|100\/100\n|switch|p2a: dark magician|Meowscarada, M|100\/100\n|turn|1\n|inactive|dittoboys has 270 seconds left.\n|\n|t:|1698860212\n|move|p2a: dark magician|Taunt|p1a: Coalossal\n|-start|p2a: dark magician|typechange|Dark|[from] ability: Protean\n|-start|p1a: Coalossal|move: Taunt\n|cant|p1a: Coalossal|move: Taunt|Stealth Rock\n|\n|upkeep\n|turn|2\n|inactive|dittoboys has 270 seconds left.\n|j| Amoongdrip\n|inactive|Siiroth has 270 seconds left.\n|inactive|dittoboys has 240 seconds left.\n|\n|t:|1698860258\n|switch|p2a: Kuriboh|Ursaluna, F|100\/100\n|switch|p1a: Zapdos|Zapdos-Galar|100\/100\n|\n|-status|p2a: Kuriboh|brn|[from] item: Flame Orb\n|upkeep\n|turn|3\n|inactive|Siiroth has 270 seconds left.\n|inactive|dittoboys has 210 seconds left.\n|\n|t:|1698860294\n|switch|p2a: Toon world|Dachsbun, M|100\/100\n|move|p1a: Zapdos|U-turn|p2a: Toon world\n|-resisted|p2a: Toon world\n|-damage|p2a: Toon world|90\/100\n|\n|t:|1698860306\n|switch|p1a: Coalossal|Coalossal, M|100\/100|[from] U-turn\n|\n|-heal|p2a: Toon world|96\/100|[from] item: Leftovers\n|upkeep\n|turn|4\n|inactive|dittoboys has 210 seconds left.\n|\n|t:|1698860340\n|switch|p1a: Samurott|Samurott-Hisui, M|100\/100\n|move|p2a: Toon world|Body Press|p1a: Samurott\n|-supereffective|p1a: Samurott\n|-damage|p1a: Samurott|35\/100\n|\n|-heal|p2a: Toon world|100\/100|[from] item: Leftovers\n|upkeep\n|turn|5\n|inactive|dittoboys has 180 seconds left.\n|inactive|Siiroth has 240 seconds left.\n|\n|t:|1698860378\n|move|p2a: Toon world|Protect|p2a: Toon world\n|-singleturn|p2a: Toon world|Protect\n|move|p1a: Samurott|Flip Turn|p2a: Toon world\n|-activate|p2a: Toon world|move: Protect\n|\n|upkeep\n|turn|6\n|\n|t:|1698860386\n|move|p1a: Samurott|Flip Turn|p2a: Toon world\n|-damage|p2a: Toon world|77\/100\n|inactive|Siiroth has 240 seconds left.\n|\n|t:|1698860394\n|switch|p1a: Salazzle|Salazzle, F|100\/100|[from] Flip Turn\n|move|p2a: Toon world|Wish|p2a: Toon world\n|\n|-heal|p2a: Toon world|83\/100|[from] item: Leftovers\n|upkeep\n|turn|7\n|inactive|dittoboys has 180 seconds left.\n|inactive|Siiroth has 240 seconds left.\n|\n|t:|1698860415\n|switch|p1a: Zapdos|Zapdos-Galar|100\/100\n|switch|p2a: Kuriboh|Ursaluna, F|100\/100 brn\n|\n|-damage|p2a: Kuriboh|94\/100 brn|[from] brn\n|upkeep\n|turn|8\n|inactive|dittoboys has 150 seconds left.\n|\n|t:|1698860457\n|move|p1a: Zapdos|Close Combat|p2a: Kuriboh\n|-supereffective|p2a: Kuriboh\n|-damage|p2a: Kuriboh|0 fnt\n|-unboost|p1a: Zapdos|def|1\n|-unboost|p1a: Zapdos|spd|1\n|faint|p2a: Kuriboh\n|\n|upkeep\n|\n|t:|1698860467\n|switch|p2a: Toon world|Dachsbun, M|100\/100\n|turn|9\n|inactive|Siiroth has 210 seconds left.\n|j| Unovajournies\n|inactive|Siiroth has 180 seconds left.\n|\n|t:|1698860526\n|switch|p1a: Leavanny|Leavanny, M|100\/100\n|move|p2a: Toon world|Substitute|p2a: Toon world\n|-start|p2a: Toon world|Substitute\n|-damage|p2a: Toon world|76\/100\n|\n|-heal|p2a: Toon world|82\/100|[from] item: Leftovers\n|upkeep\n|turn|10\n|inactive|Siiroth has 180 seconds left.\n|\n|t:|1698860538\n|move|p2a: Toon world|Nasty Plot|p2a: Toon world\n|-boost|p2a: Toon world|spa|2\n|move|p1a: Leavanny|Trailblaze|p2a: Toon world\n|-end|p2a: Toon world|Substitute\n|-boost|p1a: Leavanny|spe|1\n|\n|-heal|p2a: Toon world|88\/100|[from] item: Leftovers\n|upkeep\n|turn|11\n|inactive|dittoboys has 150 seconds left.\n|inactive|dittoboys has 120 seconds left.\n|\n|t:|1698860574\n|move|p1a: Leavanny|Knock Off|p2a: Toon world\n|-supereffective|p2a: Toon world\n|-damage|p2a: Toon world|0 fnt\n|replace|p2a: trap card|Zoroark-Hisui, F\n|-end|p2a: trap card|Illusion\n|-enditem|p2a: trap card|Leftovers|[from] move: Knock Off|[of] p1a: Leavanny\n|faint|p2a: trap card\n|\n|upkeep\n|inactive|dittoboys has 120 seconds left.\n|\n|t:|1698860591\n|switch|p2a: pot of greed|Goodra-Hisui, F|100\/100\n|turn|12\n|c| Unovajournies|Leavanny sweep\n|inactive|Siiroth has 180 seconds left.\n|\n|t:|1698860622\n|switch|p1a: Coalossal|Coalossal, M|100\/100\n|move|p2a: pot of greed|Draco Meteor|p1a: Coalossal\n|-damage|p1a: Coalossal|57\/100\n|-unboost|p2a: pot of greed|spa|2\n|\n|upkeep\n|turn|13\n|inactive|Siiroth has 180 seconds left.\n|c| Unovajournies|:(\n|\n|t:|1698860641\n|switch|p2a: Toon world|Dachsbun, M|83\/100\n|-terastallize|p1a: Coalossal|Fairy\n|move|p1a: Coalossal|Stealth Rock|p2a: Toon world\n|-sidestart|p2: dittoboys|move: Stealth Rock\n|\n|-heal|p2a: Toon world|89\/100|[from] item: Leftovers\n|upkeep\n|turn|14\n|inactive|dittoboys has 90 seconds left.\n|inactive|dittoboys has 60 seconds left.\n|c| Unovajournies|Timer win again \ud83d\ude03\n|\n|t:|1698860709\n|move|p2a: Toon world|Body Press|p1a: Coalossal\n|-resisted|p1a: Coalossal\n|-damage|p1a: Coalossal|49\/100\n|move|p1a: Coalossal|Stone Edge|p2a: Toon world\n|-damage|p2a: Toon world|66\/100\n|\n|-heal|p2a: Toon world|72\/100|[from] item: Leftovers\n|upkeep\n|turn|15\n|inactive|dittoboys has 60 seconds left.\n|\n|t:|1698860721\n|move|p2a: Toon world|Wish|p2a: Toon world\n|move|p1a: Coalossal|Flare Blitz|p2a: Toon world\n|-ability|p2a: Toon world|Well-Baked Body|boost\n|-boost|p2a: Toon world|def|2\n|\n|-heal|p2a: Toon world|78\/100|[from] item: Leftovers\n|upkeep\n|turn|16\n|c|\u2606dittoboys|thx\n|c| Unovajournies|Ruh Roh\n|\n|t:|1698860732\n|switch|p1a: Salazzle|Salazzle, F|100\/100\n|move|p2a: Toon world|Body Press|p1a: Salazzle\n|-resisted|p1a: Salazzle\n|-damage|p1a: Salazzle|61\/100\n|\n|-heal|p2a: Toon world|100\/100|[from] move: Wish|[wisher] Toon world\n|-heal|p1a: Salazzle|67\/100|[from] item: Black Sludge\n|upkeep\n|turn|17\n|\n|t:|1698860747\n|move|p1a: Salazzle|Toxic|p2a: Toon world\n|-status|p2a: Toon world|tox\n|move|p2a: Toon world|Body Press|p1a: Salazzle\n|-resisted|p1a: Salazzle\n|-damage|p1a: Salazzle|28\/100\n|\n|-heal|p1a: Salazzle|34\/100|[from] item: Black Sludge\n|-damage|p2a: Toon world|95\/100 tox|[from] psn\n|upkeep\n|turn|18\n|inactive|Siiroth has 180 seconds left.\n|c| Unovajournies|Brock\u2019s favourite set\n|\n|t:|1698860764\n|-terastallize|p2a: Toon world|Water\n|move|p1a: Salazzle|Substitute|p1a: Salazzle\n|-start|p1a: Salazzle|Substitute\n|-damage|p1a: Salazzle|10\/100\n|move|p2a: Toon world|Body Press|p1a: Salazzle\n|-resisted|p1a: Salazzle\n|-end|p1a: Salazzle|Substitute\n|\n|-heal|p1a: Salazzle|16\/100|[from] item: Black Sludge\n|-heal|p2a: Toon world|100\/100 tox|[from] item: Leftovers\n|-damage|p2a: Toon world|89\/100 tox|[from] psn\n|upkeep\n|turn|19\n|\n|t:|1698860771\n|move|p1a: Salazzle|Protect|p1a: Salazzle\n|-singleturn|p1a: Salazzle|Protect\n|move|p2a: Toon world|Wish|p2a: Toon world\n|\n|-heal|p1a: Salazzle|22\/100|[from] item: Black Sludge\n|-heal|p2a: Toon world|95\/100 tox|[from] item: Leftovers\n|-damage|p2a: Toon world|77\/100 tox|[from] psn\n|upkeep\n|turn|20\n|inactive|Siiroth has 180 seconds left.\n|c| Unovajournies|Why not protect first?\n|c|\u2606Siiroth|he shoulda switched there\n|inactive|Siiroth has 150 seconds left.\n|c| Unovajournies|Ic\n|\n|t:|1698860813\n|switch|p1a: Coalossal|Coalossal, M, tera:Fairy|49\/100\n|move|p2a: Toon world|Body Press|p1a: Coalossal\n|-resisted|p1a: Coalossal\n|-damage|p1a: Coalossal|34\/100\n|\n|-heal|p2a: Toon world|100\/100 tox|[from] move: Wish|[wisher] Toon world\n|-damage|p2a: Toon world|77\/100 tox|[from] psn\n|upkeep\n|turn|21\n|inactive|Siiroth has 150 seconds left.\n|inactive|Siiroth has 120 seconds left.\n|\n|t:|1698860863\n|switch|p2a: pot of greed|Goodra-Hisui, F|100\/100\n|-damage|p2a: pot of greed|94\/100|[from] Stealth Rock\n|move|p1a: Coalossal|Stone Edge|p2a: pot of greed\n|-resisted|p2a: pot of greed\n|-damage|p2a: pot of greed|84\/100\n|\n|-heal|p2a: pot of greed|90\/100|[from] item: Leftovers\n|upkeep\n|turn|22\n|\n|t:|1698860871\n|move|p2a: pot of greed|Flash Cannon|p1a: Coalossal\n|-supereffective|p1a: Coalossal\n|-damage|p1a: Coalossal|0 fnt\n|faint|p1a: Coalossal\n|\n|-heal|p2a: pot of greed|96\/100|[from] item: Leftovers\n|upkeep\n|c|\u2606dittoboys|i thought u woulda brought clef\n|\n|t:|1698860898\n|switch|p1a: Zapdos|Zapdos-Galar|100\/100\n|turn|23\n|inactive|Siiroth has 90 seconds left.\n|inactive|dittoboys has 60 seconds left.\n|\n|t:|1698860934\n|switch|p2a: Toon world|Dachsbun, M, tera:Water|77\/100 tox\n|-damage|p2a: Toon world|64\/100 tox|[from] Stealth Rock\n|move|p1a: Zapdos|Close Combat|p2a: Toon world\n|-damage|p2a: Toon world|8\/100 tox\n|-unboost|p1a: Zapdos|def|1\n|-unboost|p1a: Zapdos|spd|1\n|\n|-heal|p2a: Toon world|14\/100 tox|[from] item: Leftovers\n|-damage|p2a: Toon world|8\/100 tox|[from] psn\n|upkeep\n|turn|24\n|\n|t:|1698860957\n|move|p1a: Zapdos|U-turn|p2a: Toon world\n|-damage|p2a: Toon world|0 fnt\n|faint|p2a: Toon world\n|\n|t:|1698860960\n|switch|p1a: Salazzle|Salazzle, F|22\/100|[from] U-turn\n|\n|-heal|p1a: Salazzle|28\/100|[from] item: Black Sludge\n|upkeep\n|inactive|dittoboys has 60 seconds left.\n|\n|t:|1698860975\n|switch|p2a: dark magician|Meowscarada, M|100\/100\n|-damage|p2a: dark magician|88\/100|[from] Stealth Rock\n|turn|25\n|\n|t:|1698860992\n|move|p1a: Salazzle|Protect|p1a: Salazzle\n|-singleturn|p1a: Salazzle|Protect\n|move|p2a: dark magician|Knock Off|p1a: Salazzle\n|-start|p2a: dark magician|typechange|Dark|[from] ability: Protean\n|-activate|p1a: Salazzle|move: Protect\n|\n|-heal|p1a: Salazzle|34\/100|[from] item: Black Sludge\n|upkeep\n|turn|26\n|c|\u2606dittoboys|whats tacking a knock off?\n|inactive|Siiroth has 60 seconds left.\n|c| Unovajournies|(Doesn\u2019t click it)\n|l| Unovajournies\n|\n|t:|1698861036\n|move|p2a: dark magician|Knock Off|p1a: Salazzle\n|-damage|p1a: Salazzle|0 fnt\n|-enditem|p1a: Salazzle|Black Sludge|[from] move: Knock Off|[of] p2a: dark magician\n|faint|p1a: Salazzle\n|\n|upkeep\n|\n|t:|1698861039\n|switch|p1a: Zapdos|Zapdos-Galar|100\/100\n|turn|27\n|j| Unovajournies\n|inactive|Siiroth has 60 seconds left.\n|inactive|dittoboys has 60 seconds left.\n|\n|t:|1698861073\n|move|p2a: dark magician|Flower Trick|p1a: Zapdos\n|-resisted|p1a: Zapdos\n|-crit|p1a: Zapdos\n|-damage|p1a: Zapdos|83\/100\n|move|p1a: Zapdos|Brave Bird|p2a: dark magician\n|-damage|p2a: dark magician|0 fnt\n|faint|p2a: dark magician\n|-damage|p1a: Zapdos|56\/100|[from] Recoil\n|\n|upkeep\n|\n|t:|1698861079\n|switch|p2a: blue-eyes penguin|Iron Bundle|100\/100\n|-damage|p2a: blue-eyes penguin|75\/100|[from] Stealth Rock\n|-enditem|p2a: blue-eyes penguin|Booster Energy\n|-activate|p2a: blue-eyes penguin|ability: Quark Drive|[fromitem]\n|-start|p2a: blue-eyes penguin|quarkdrivespe\n|turn|28\n|inactive|Siiroth has 30 seconds left.\n|inactive|Siiroth has 20 seconds left.\n|c| Unovajournies|Gonna lose\n|inactive|Siiroth has 15 seconds left.\n|\n|t:|1698861125\n|switch|p1a: Espathra|Espathra, F|100\/100\n|move|p2a: blue-eyes penguin|Substitute|p2a: blue-eyes penguin\n|-start|p2a: blue-eyes penguin|Substitute\n|-damage|p2a: blue-eyes penguin|50\/100\n|\n|upkeep\n|turn|29\n|inactive|Siiroth has 25 seconds left this turn.\n|c| Unovajournies|To his own timer\n|inactive|Siiroth has 20 seconds left.\n|\n|t:|1698861131\n|move|p2a: blue-eyes penguin|Ice Beam|p1a: Espathra\n|-damage|p1a: Espathra|31\/100\n|move|p1a: Espathra|Energy Ball|p2a: blue-eyes penguin\n|-supereffective|p2a: blue-eyes penguin\n|-end|p2a: blue-eyes penguin|Substitute\n|\n|-ability|p1a: Espathra|Speed Boost|boost\n|-boost|p1a: Espathra|spe|1\n|upkeep\n|turn|30\n|inactive|Siiroth has 30 seconds left this turn.\n|\n|t:|1698861139\n|move|p2a: blue-eyes penguin|Ice Beam|p1a: Espathra\n|-damage|p1a: Espathra|0 fnt\n|faint|p1a: Espathra\n|\n|upkeep\n|inactive|Siiroth has 30 seconds left this turn.\n|\n|t:|1698861145\n|switch|p1a: Leavanny|Leavanny, M|100\/100\n|turn|31\n|c| Unovajournies|Oh shit\n|inactive|dittoboys has 60 seconds left.\n|c|\u2606dittoboys|sash gg\n|inactive|dittoboys has 30 seconds left.\n|inactive|dittoboys has 20 seconds left.\n|\n|t:|1698861193\n|move|p2a: blue-eyes penguin|Ice Beam|p1a: Leavanny\n|-supereffective|p1a: Leavanny\n|-damage|p1a: Leavanny|15\/100\n|move|p1a: Leavanny|Leaf Blade|p2a: blue-eyes penguin\n|-supereffective|p2a: blue-eyes penguin\n|-damage|p2a: blue-eyes penguin|0 fnt\n|faint|p2a: blue-eyes penguin\n|-end|p2a: blue-eyes penguin|Quark Drive|[silent]\n|\n|upkeep\n|inactive|dittoboys has 25 seconds left this turn.\n|inactive|dittoboys has 20 seconds left.\n|\n|t:|1698861198\n|switch|p2a: pot of greed|Goodra-Hisui, F|96\/100\n|-damage|p2a: pot of greed|90\/100|[from] Stealth Rock\n|turn|32\n|inactive|dittoboys has 30 seconds left this turn.\n|\n|t:|1698861206\n|move|p1a: Leavanny|Knock Off|p2a: pot of greed\n|-damage|p2a: pot of greed|67\/100\n|-enditem|p2a: pot of greed|Leftovers|[from] move: Knock Off|[of] p1a: Leavanny\n|move|p2a: pot of greed|Thunderbolt|p1a: Leavanny\n|-resisted|p1a: Leavanny\n|-damage|p1a: Leavanny|4\/100\n|-status|p1a: Leavanny|par\n|\n|upkeep\n|turn|33\n|c| Unovajournies|U had to switch there\n|inactive|dittoboys has 30 seconds left.\n|\n|t:|1698861212\n|move|p2a: pot of greed|Rest|p2a: pot of greed\n|-status|p2a: pot of greed|slp|[from] move: Rest\n|-heal|p2a: pot of greed|100\/100 slp|[silent]\n|move|p1a: Leavanny|Knock Off|p2a: pot of greed\n|-damage|p2a: pot of greed|85\/100 slp\n|\n|upkeep\n|turn|34\n|\n|t:|1698861221\n|switch|p1a: Zapdos|Zapdos-Galar|56\/100\n|cant|p2a: pot of greed|slp\n|\n|upkeep\n|turn|35\n|\n|t:|1698861224\n|move|p1a: Zapdos|Close Combat|p2a: pot of greed\n|-supereffective|p2a: pot of greed\n|-damage|p2a: pot of greed|0 fnt\n|-unboost|p1a: Zapdos|def|1\n|-unboost|p1a: Zapdos|spd|1\n|faint|p2a: pot of greed\n|\n|win|Siiroth\n|c|\u2606Siiroth|gg\n|c|\u2606dittoboys|gg\n|c| Unovajournies|Bro didn\u2019t want the +\/-\n|c| Unovajournies|:(\n|c|\u2606dittoboys|bro shhh\n|c|\u2606dittoboys|u dont know my sets\n|l| Tredz\n|c| Unovajournies|Tru\n|c| Unovajournies|couldve been crazy\n|l| Unovajournies\n|c|\u2606dittoboys|actullay u right\n","uploadtime":1698861281,"views":21,"p1id":"siiroth","p2id":"dittoboys","formatid":"gen9anythinggoes","rating":0,"private":0,"password":""}