{"id":"gen9anythinggoes-1986200178","p1":"Penter","p2":"Sir Grandmaster","format":"[Gen 9] Anything Goes","log":"|j|\u2606Penter\n|j|\u2606Sir Grandmaster\n|inactive|Battle timer is ON: inactive players will automatically lose when time's up.\n|t:|1699459256\n|gametype|singles\n|player|p1|Penter|n|\n|player|p2|Sir Grandmaster|ghetsis|\n|teamsize|p1|6\n|teamsize|p2|6\n|gen|9\n|tier|[Gen 9] Anything Goes\n|rated|Tournament battle\n|rule|HP Percentage Mod: HP is shown in percentages\n|rule|Endless Battle Clause: Forcing endless battles is banned\n|rule|Species Clause: Limit one of each Pok\u00e9mon\n|rule|OHKO Clause: OHKO moves are banned\n|rule|Evasion Moves Clause: Evasion moves are banned\n|rule|Sleep Moves Clause: Sleep-inducing moves are banned\n|rule|Re-Evolution Mod: Pok\u00e9mon gain the boosts they would gain from evolving again\n|clearpoke\n|poke|p1|Rillaboom, M|\n|poke|p1|Gliscor, F|\n|poke|p1|Ceruledge, F|\n|poke|p1|Toxapex, M|\n|poke|p1|Roaring Moon|\n|poke|p1|Gholdengo|\n|poke|p2|Salazzle, F|\n|poke|p2|Gardevoir, F|\n|poke|p2|Noivern, M|\n|poke|p2|Corviknight, F|\n|poke|p2|Flareon, M|\n|poke|p2|Slowking, M|\n|teampreview\n|j|*Lady Monita \u263d\n|j| TheGriffinKing2O\n|inactive|Penter has 120 seconds left.\n|l| TheGriffinKing2O\n|\n|t:|1699459309\n|start\n|switch|p1a: Rillaboom|Rillaboom, M|100\/100\n|switch|p2a: Slowking|Slowking, M|100\/100\n|-fieldstart|move: Grassy Terrain|[from] ability: Grassy Surge|[of] p1a: Rillaboom\n|turn|1\n|j| eevee enjoyer62\n|inactive|Sir Grandmaster has 120 seconds left.\n|l| eevee enjoyer62\n|inactive|Sir Grandmaster has 90 seconds left.\n|\n|t:|1699459378\n|move|p1a: Rillaboom|U-turn|p2a: Slowking\n|-supereffective|p2a: Slowking\n|-damage|p2a: Slowking|42\/100\n|\n|t:|1699459394\n|switch|p1a: Toxapex|Toxapex, M|100\/100|[from] U-turn\n|move|p2a: Slowking|Chilling Water|p1a: Toxapex\n|-resisted|p1a: Toxapex\n|-damage|p1a: Toxapex|94\/100\n|-unboost|p1a: Toxapex|atk|1\n|\n|-heal|p2a: Slowking|48\/100|[from] Grassy Terrain\n|-heal|p1a: Toxapex|99\/100|[from] Grassy Terrain\n|-heal|p1a: Toxapex|100\/100|[from] item: Black Sludge\n|upkeep\n|turn|2\n|inactive|Sir Grandmaster has 90 seconds left.\n|\n|t:|1699459406\n|switch|p2a: Gardevoir|Gardevoir, F|100\/100\n|-ability|p2a: Gardevoir|Regenerator|[from] ability: Trace|[of] p1a: Toxapex\n|move|p1a: Toxapex|Toxic Spikes|p2a: Gardevoir\n|-sidestart|p2: Sir Grandmaster|move: Toxic Spikes\n|\n|upkeep\n|turn|3\n|\n|t:|1699459423\n|switch|p1a: Gholdengo|Gholdengo|100\/100\n|move|p2a: Gardevoir|Psychic|p1a: Gholdengo\n|-resisted|p1a: Gholdengo\n|-damage|p1a: Gholdengo|79\/100\n|\n|-heal|p1a: Gholdengo|85\/100|[from] Grassy Terrain\n|upkeep\n|turn|4\n|\n|t:|1699459440\n|switch|p2a: Corviknight|Corviknight, F|100\/100\n|-ability|p2a: Corviknight|Pressure\n|move|p1a: Gholdengo|Bitter Malice|p2a: Corviknight\n|-damage|p2a: Corviknight|74\/100\n|-unboost|p2a: Corviknight|atk|1\n|\n|-heal|p1a: Gholdengo|91\/100|[from] Grassy Terrain\n|-heal|p2a: Corviknight|80\/100|[from] item: Leftovers\n|upkeep\n|turn|5\n|\n|t:|1699459448\n|switch|p1a: Toxapex|Toxapex, M|100\/100\n|switch|p2a: Flareon|Flareon, M|100\/100\n|-status|p2a: Flareon|psn\n|\n|-damage|p2a: Flareon|88\/100 psn|[from] psn\n|-fieldend|move: Grassy Terrain\n|upkeep\n|turn|6\n|\n|t:|1699459456\n|switch|p2a: Salazzle|Salazzle, F|100\/100\n|-sideend|p2: Sir Grandmaster|move: Toxic Spikes|[of] p2a: Salazzle\n|move|p1a: Toxapex|Toxic Spikes|p2a: Salazzle\n|-sidestart|p2: Sir Grandmaster|move: Toxic Spikes\n|\n|upkeep\n|turn|7\n|\n|t:|1699459461\n|move|p2a: Salazzle|Toxic|p1a: Toxapex\n|-status|p1a: Toxapex|tox\n|move|p1a: Toxapex|Toxic Spikes|p2a: Salazzle\n|-sidestart|p2: Sir Grandmaster|move: Toxic Spikes\n|\n|-damage|p1a: Toxapex|94\/100 tox|[from] psn\n|upkeep\n|turn|8\n|\n|t:|1699459468\n|switch|p1a: Gliscor|Gliscor, F|100\/100\n|move|p2a: Salazzle|Nasty Plot|p2a: Salazzle\n|-boost|p2a: Salazzle|spa|2\n|\n|-status|p1a: Gliscor|tox|[from] item: Toxic Orb\n|upkeep\n|turn|9\n|\n|t:|1699459481\n|switch|p1a: Toxapex|Toxapex, M|100\/100 tox\n|move|p2a: Salazzle|Fire Blast|p1a: Toxapex\n|-resisted|p1a: Toxapex\n|-damage|p1a: Toxapex|68\/100 tox\n|\n|-heal|p1a: Toxapex|75\/100 tox|[from] item: Black Sludge\n|-damage|p1a: Toxapex|68\/100 tox|[from] psn\n|upkeep\n|turn|10\n|\n|t:|1699459484\n|move|p2a: Salazzle|Sludge Wave|p1a: Toxapex\n|-resisted|p1a: Toxapex\n|-damage|p1a: Toxapex|41\/100 tox\n|move|p1a: Toxapex|Haze|p1a: Toxapex\n|-clearallboost\n|\n|-heal|p1a: Toxapex|47\/100 tox|[from] item: Black Sludge\n|-damage|p1a: Toxapex|34\/100 tox|[from] psn\n|upkeep\n|turn|11\n|\n|t:|1699459492\n|switch|p2a: Corviknight|Corviknight, F|80\/100\n|-ability|p2a: Corviknight|Pressure\n|switch|p1a: Gliscor|Gliscor, F|100\/100 tox\n|\n|-heal|p2a: Corviknight|86\/100|[from] item: Leftovers\n|upkeep\n|turn|12\n|\n|t:|1699459496\n|move|p1a: Gliscor|Knock Off|p2a: Corviknight\n|-damage|p2a: Corviknight|71\/100\n|-enditem|p2a: Corviknight|Leftovers|[from] move: Knock Off|[of] p1a: Gliscor\n|move|p2a: Corviknight|Bulk Up|p2a: Corviknight\n|-boost|p2a: Corviknight|atk|1\n|-boost|p2a: Corviknight|def|1\n|\n|upkeep\n|turn|13\n|\n|t:|1699459506\n|switch|p1a: Rillaboom|Rillaboom, M|100\/100\n|-fieldstart|move: Grassy Terrain|[from] ability: Grassy Surge|[of] p1a: Rillaboom\n|move|p2a: Corviknight|Bulk Up|p2a: Corviknight\n|-boost|p2a: Corviknight|atk|1\n|-boost|p2a: Corviknight|def|1\n|\n|upkeep\n|turn|14\n|\n|t:|1699459515\n|move|p1a: Rillaboom|U-turn|p2a: Corviknight\n|-resisted|p2a: Corviknight\n|-damage|p2a: Corviknight|69\/100\n|\n|t:|1699459520\n|switch|p1a: Ceruledge|Ceruledge, F|100\/100|[from] U-turn\n|-enditem|p1a: Ceruledge|Grassy Seed\n|-boost|p1a: Ceruledge|def|1|[from] item: Grassy Seed\n|move|p2a: Corviknight|Roost|p2a: Corviknight\n|-heal|p2a: Corviknight|100\/100\n|-singleturn|p2a: Corviknight|move: Roost\n|\n|upkeep\n|turn|15\n|\n|t:|1699459525\n|move|p1a: Ceruledge|Swords Dance|p1a: Ceruledge\n|-boost|p1a: Ceruledge|atk|2\n|move|p2a: Corviknight|Brave Bird|p1a: Ceruledge\n|-crit|p1a: Ceruledge\n|-damage|p1a: Ceruledge|11\/100\n|-damage|p2a: Corviknight|73\/100|[from] Recoil\n|\n|-heal|p1a: Ceruledge|17\/100|[from] Grassy Terrain\n|upkeep\n|turn|16\n|\n|t:|1699459540\n|move|p1a: Ceruledge|Protect|p1a: Ceruledge\n|-singleturn|p1a: Ceruledge|Protect\n|move|p2a: Corviknight|Brave Bird|p1a: Ceruledge\n|-activate|p1a: Ceruledge|move: Protect\n|\n|-heal|p1a: Ceruledge|23\/100|[from] Grassy Terrain\n|upkeep\n|turn|17\n|\n|t:|1699459560\n|move|p1a: Ceruledge|Bitter Blade|p2a: Corviknight\n|-supereffective|p2a: Corviknight\n|-damage|p2a: Corviknight|4\/100\n|-heal|p1a: Ceruledge|61\/100|[from] drain|[of] p2a: Corviknight\n|move|p2a: Corviknight|Brave Bird|p1a: Ceruledge\n|-damage|p1a: Ceruledge|19\/100\n|-damage|p2a: Corviknight|0 fnt|[from] Recoil\n|faint|p2a: Corviknight\n|\n|-heal|p1a: Ceruledge|25\/100|[from] Grassy Terrain\n|-fieldend|move: Grassy Terrain\n|upkeep\n|\n|t:|1699459565\n|switch|p2a: Noivern|Noivern, M|100\/100\n|turn|18\n|inactive|Penter has 120 seconds left.\n|\n|t:|1699459615\n|move|p2a: Noivern|Draco Meteor|p1a: Ceruledge\n|-damage|p1a: Ceruledge|0 fnt\n|-unboost|p2a: Noivern|spa|2\n|faint|p1a: Ceruledge\n|\n|upkeep\n|\n|t:|1699459621\n|switch|p1a: Gholdengo|Gholdengo|91\/100\n|turn|19\n|\n|t:|1699459633\n|move|p1a: Gholdengo|Make It Rain|p2a: Noivern\n|-damage|p2a: Noivern|39\/100\n|-unboost|p1a: Gholdengo|spa|1\n|move|p2a: Noivern|Flamethrower|p1a: Gholdengo\n|-supereffective|p1a: Gholdengo\n|-damage|p1a: Gholdengo|63\/100\n|\n|upkeep\n|turn|20\n|inactive|Penter has 90 seconds left.\n|\n|t:|1699459670\n|switch|p2a: Salazzle|Salazzle, F|100\/100\n|-sideend|p2: Sir Grandmaster|move: Toxic Spikes|[of] p2a: Salazzle\n|move|p1a: Gholdengo|Make It Rain|p2a: Salazzle\n|-resisted|p2a: Salazzle\n|-damage|p2a: Salazzle|62\/100\n|-unboost|p1a: Gholdengo|spa|1\n|\n|upkeep\n|turn|21\n|\n|t:|1699459683\n|switch|p1a: Gliscor|Gliscor, F|100\/100 tox\n|switch|p2a: Gardevoir|Gardevoir, F|100\/100\n|-ability|p2a: Gardevoir|Poison Heal|[from] ability: Trace|[of] p1a: Gliscor\n|\n|upkeep\n|turn|22\n|inactive|Penter has 90 seconds left.\n|\n|t:|1699459719\n|move|p2a: Gardevoir|Moonblast|p1a: Gliscor\n|-damage|p1a: Gliscor|17\/100 tox\n|move|p1a: Gliscor|Knock Off|p2a: Gardevoir\n|-damage|p2a: Gardevoir|68\/100\n|-enditem|p2a: Gardevoir|Choice Scarf|[from] move: Knock Off|[of] p1a: Gliscor\n|\n|-heal|p1a: Gliscor|29\/100 tox|[from] ability: Poison Heal\n|upkeep\n|turn|23\n|\n|t:|1699459726\n|move|p1a: Gliscor|Protect|p1a: Gliscor\n|-singleturn|p1a: Gliscor|Protect\n|move|p2a: Gardevoir|Psychic|p1a: Gliscor\n|-activate|p1a: Gliscor|move: Protect\n|\n|-heal|p1a: Gliscor|41\/100 tox|[from] ability: Poison Heal\n|upkeep\n|turn|24\n|inactive|Penter has 60 seconds left.\n|\n|t:|1699459767\n|switch|p1a: Gholdengo|Gholdengo|63\/100\n|move|p2a: Gardevoir|Moonblast|p1a: Gholdengo\n|-resisted|p1a: Gholdengo\n|-damage|p1a: Gholdengo|38\/100\n|\n|upkeep\n|turn|25\n|j| Carolina6969\n|\n|t:|1699459789\n|switch|p2a: Slowking|Slowking, M|81\/100\n|move|p1a: Gholdengo|Make It Rain|p2a: Slowking\n|-resisted|p2a: Slowking\n|-crit|p2a: Slowking\n|-damage|p2a: Slowking|55\/100\n|-unboost|p1a: Gholdengo|spa|1\n|\n|upkeep\n|turn|26\n|\n|t:|1699459798\n|switch|p1a: Rillaboom|Rillaboom, M|100\/100\n|-fieldstart|move: Grassy Terrain|[from] ability: Grassy Surge|[of] p1a: Rillaboom\n|move|p2a: Slowking|Chilling Water|p1a: Rillaboom\n|-resisted|p1a: Rillaboom\n|-damage|p1a: Rillaboom|87\/100\n|-unboost|p1a: Rillaboom|atk|1\n|\n|-heal|p1a: Rillaboom|93\/100|[from] Grassy Terrain\n|-heal|p2a: Slowking|61\/100|[from] Grassy Terrain\n|upkeep\n|turn|27\n|\n|t:|1699459813\n|switch|p2a: Noivern|Noivern, M|39\/100\n|move|p1a: Rillaboom|U-turn|p2a: Noivern\n|-resisted|p2a: Noivern\n|-damage|p2a: Noivern|32\/100\n|\n|t:|1699459826\n|switch|p1a: Gholdengo|Gholdengo|38\/100|[from] U-turn\n|\n|-heal|p1a: Gholdengo|44\/100|[from] Grassy Terrain\n|upkeep\n|turn|28\n|l| Carolina6969\n|\n|t:|1699459834\n|move|p1a: Gholdengo|Bitter Malice|p2a: Noivern\n|-damage|p2a: Noivern|0 fnt\n|faint|p2a: Noivern\n|\n|-heal|p1a: Gholdengo|50\/100|[from] Grassy Terrain\n|upkeep\n|\n|t:|1699459838\n|switch|p2a: Flareon|Flareon, M|88\/100 psn\n|turn|29\n|\n|t:|1699459855\n|move|p1a: Gholdengo|Bitter Malice|p2a: Flareon\n|-damage|p2a: Flareon|49\/100 psn\n|-unboost|p2a: Flareon|atk|1\n|move|p2a: Flareon|Trailblaze|p1a: Gholdengo\n|-resisted|p1a: Gholdengo\n|-damage|p1a: Gholdengo|40\/100\n|-boost|p2a: Flareon|spe|1\n|\n|-heal|p1a: Gholdengo|46\/100|[from] Grassy Terrain\n|-heal|p2a: Flareon|55\/100 psn|[from] Grassy Terrain\n|-damage|p2a: Flareon|43\/100 psn|[from] psn\n|upkeep\n|turn|30\n|\n|t:|1699459863\n|move|p1a: Gholdengo|Bitter Malice|p2a: Flareon\n|-damage|p2a: Flareon|2\/100 psn\n|-unboost|p2a: Flareon|atk|1\n|move|p2a: Flareon|Flare Blitz|p1a: Gholdengo\n|-supereffective|p1a: Gholdengo\n|-damage|p1a: Gholdengo|0 fnt\n|faint|p1a: Gholdengo\n|-damage|p2a: Flareon|0 fnt|[from] Recoil\n|faint|p2a: Flareon\n|\n|-fieldend|move: Grassy Terrain\n|upkeep\n|inactive|Penter has 90 seconds left.\n|inactive|Penter has 60 seconds left.\n|\n|t:|1699459898\n|switch|p1a: Toxapex|Toxapex, M|68\/100 tox\n|switch|p2a: Gardevoir|Gardevoir, F|68\/100\n|-ability|p2a: Gardevoir|Regenerator|[from] ability: Trace|[of] p1a: Toxapex\n|turn|31\n|\n|t:|1699459909\n|switch|p1a: Rillaboom|Rillaboom, M|93\/100\n|-fieldstart|move: Grassy Terrain|[from] ability: Grassy Surge|[of] p1a: Rillaboom\n|move|p2a: Gardevoir|Psychic|p1a: Rillaboom\n|-damage|p1a: Rillaboom|27\/100\n|\n|-heal|p1a: Rillaboom|33\/100|[from] Grassy Terrain\n|-heal|p2a: Gardevoir|75\/100|[from] Grassy Terrain\n|upkeep\n|turn|32\n|inactive|Penter has 60 seconds left.\n|j|^RUMYMOME\n|\n|t:|1699459939\n|move|p1a: Rillaboom|Wood Hammer|p2a: Gardevoir\n|-damage|p2a: Gardevoir|0 fnt\n|faint|p2a: Gardevoir\n|-damage|p1a: Rillaboom|13\/100|[from] Recoil\n|\n|-heal|p1a: Rillaboom|19\/100|[from] Grassy Terrain\n|upkeep\n|\n|t:|1699459956\n|switch|p2a: Salazzle|Salazzle, F|62\/100\n|turn|33\n|inactive|Penter has 60 seconds left.\n|\n|t:|1699459975\n|switch|p1a: Roaring Moon|Roaring Moon|100\/100\n|-enditem|p1a: Roaring Moon|Grassy Seed\n|-boost|p1a: Roaring Moon|def|1|[from] item: Grassy Seed\n|move|p2a: Salazzle|Nasty Plot|p2a: Salazzle\n|-boost|p2a: Salazzle|spa|2\n|\n|-heal|p2a: Salazzle|68\/100|[from] Grassy Terrain\n|upkeep\n|turn|34\n|\n|t:|1699459982\n|-terastallize|p2a: Salazzle|Poison\n|move|p2a: Salazzle|Sludge Wave|p1a: Roaring Moon\n|-damage|p1a: Roaring Moon|0 fnt\n|faint|p1a: Roaring Moon\n|-end|p1a: Roaring Moon|Protosynthesis|[silent]\n|\n|-heal|p2a: Salazzle|74\/100|[from] Grassy Terrain\n|upkeep\n|inactive|Penter has 30 seconds left.\n|\n|t:|1699460018\n|switch|p1a: Rillaboom|Rillaboom, M|19\/100\n|turn|35\n|\n|t:|1699460031\n|move|p2a: Salazzle|Sludge Wave|p1a: Rillaboom\n|-supereffective|p1a: Rillaboom\n|-damage|p1a: Rillaboom|0 fnt\n|faint|p1a: Rillaboom\n|\n|-heal|p2a: Salazzle|80\/100|[from] Grassy Terrain\n|-fieldend|move: Grassy Terrain\n|upkeep\n|inactive|Penter has 30 seconds left.\n|\n|t:|1699460047\n|switch|p1a: Gliscor|Gliscor, F|41\/100 tox\n|turn|36\n|inactive|Penter has 30 seconds left.\n|\n|t:|1699460062\n|move|p2a: Salazzle|Sludge Wave|p1a: Gliscor\n|-resisted|p1a: Gliscor\n|-damage|p1a: Gliscor|0 fnt\n|faint|p1a: Gliscor\n|\n|upkeep\n|inactive|Penter has 30 seconds left.\n|inactive|Penter has 20 seconds left.\n|\n|t:|1699460077\n|switch|p1a: Toxapex|Toxapex, M|100\/100 tox\n|turn|37\n|inactive|Penter has 30 seconds left this turn.\n|-message|Penter forfeited.\n|\n|win|Sir Grandmaster\n|n|\u2606Penter|penter\n|n|\u2606Sir Grandmaster|sirgrandmaster\n|n|*Lady Monita \u263d|ladymonita\n|n| RUMYMOME|rumymome\n","uploadtime":1699460084,"views":13,"p1id":"penter","p2id":"sirgrandmaster","formatid":"gen9anythinggoes","rating":0,"private":0,"password":""}