{"id":"gen9anythinggoes-1985118569","p1":"Viwfys","p2":"GrimE4","format":"[Gen 9] Anything Goes","log":"|j|\u2606Viwfys\n|j|\u2606GrimE4\n|t:|1699333446\n|gametype|singles\n|player|p1|Viwfys|will|\n|player|p2|GrimE4|bellelba|\n|teamsize|p1|6\n|teamsize|p2|6\n|gen|9\n|tier|[Gen 9] Anything Goes\n|rule|HP Percentage Mod: HP is shown in percentages\n|rule|Endless Battle Clause: Forcing endless battles is banned\n|clearpoke\n|poke|p1|Cinderace, M|\n|poke|p1|Clodsire, M|\n|poke|p1|Zoroark, M|\n|poke|p1|Dialga|\n|poke|p1|Gengar, M|\n|poke|p1|Corviknight, M|\n|poke|p2|Cinderace, M|\n|poke|p2|Clodsire, M|\n|poke|p2|Zoroark, M|\n|poke|p2|Dialga|\n|poke|p2|Gengar, M|\n|poke|p2|Corviknight, M|\n|teampreview\n|c|\u2606Viwfys|Hey :3\n|c|\u2606GrimE4|Oh no\n|\n|t:|1699333497\n|start\n|switch|p1a: Sir Clod iii|Clodsire, M, shiny|100\/100\n|switch|p2a: Sir Clod iii|Clodsire, M, shiny|100\/100\n|turn|1\n|\n|t:|1699333507\n|move|p2a: Sir Clod iii|Spikes|p1a: Sir Clod iii\n|-sidestart|p1: Viwfys|Spikes\n|move|p1a: Sir Clod iii|Curse|p1a: Sir Clod iii\n|-unboost|p1a: Sir Clod iii|spe|1\n|-boost|p1a: Sir Clod iii|atk|1\n|-boost|p1a: Sir Clod iii|def|1\n|\n|upkeep\n|turn|2\n|\n|t:|1699333515\n|move|p2a: Sir Clod iii|Spikes|p1a: Sir Clod iii\n|-sidestart|p1: Viwfys|Spikes\n|move|p1a: Sir Clod iii|Curse|p1a: Sir Clod iii\n|-unboost|p1a: Sir Clod iii|spe|1\n|-boost|p1a: Sir Clod iii|atk|1\n|-boost|p1a: Sir Clod iii|def|1\n|\n|upkeep\n|turn|3\n|\n|t:|1699333522\n|move|p2a: Sir Clod iii|Spikes|p1a: Sir Clod iii\n|-sidestart|p1: Viwfys|Spikes\n|move|p1a: Sir Clod iii|Curse|p1a: Sir Clod iii\n|-unboost|p1a: Sir Clod iii|spe|1\n|-boost|p1a: Sir Clod iii|atk|1\n|-boost|p1a: Sir Clod iii|def|1\n|\n|upkeep\n|turn|4\n|\n|t:|1699333530\n|move|p2a: Sir Clod iii|Gunk Shot|p1a: Sir Clod iii|[miss]\n|-miss|p2a: Sir Clod iii|p1a: Sir Clod iii\n|move|p1a: Sir Clod iii|Curse|p1a: Sir Clod iii\n|-unboost|p1a: Sir Clod iii|spe|1\n|-boost|p1a: Sir Clod iii|atk|1\n|-boost|p1a: Sir Clod iii|def|1\n|\n|upkeep\n|turn|5\n|\n|t:|1699333538\n|move|p2a: Sir Clod iii|Gunk Shot|p1a: Sir Clod iii|[miss]\n|-miss|p2a: Sir Clod iii|p1a: Sir Clod iii\n|move|p1a: Sir Clod iii|Curse|p1a: Sir Clod iii\n|-unboost|p1a: Sir Clod iii|spe|1\n|-boost|p1a: Sir Clod iii|atk|1\n|-boost|p1a: Sir Clod iii|def|1\n|\n|upkeep\n|turn|6\n|\n|t:|1699333546\n|move|p2a: Sir Clod iii|High Horsepower|p1a: Sir Clod iii\n|-supereffective|p1a: Sir Clod iii\n|-damage|p1a: Sir Clod iii|78\/100\n|move|p1a: Sir Clod iii|Curse|p1a: Sir Clod iii\n|-unboost|p1a: Sir Clod iii|spe|1\n|-boost|p1a: Sir Clod iii|atk|1\n|-boost|p1a: Sir Clod iii|def|1\n|\n|-heal|p1a: Sir Clod iii|84\/100|[from] item: Leftovers\n|upkeep\n|turn|7\n|\n|t:|1699333557\n|move|p2a: Sir Clod iii|Gunk Shot|p1a: Sir Clod iii\n|-resisted|p1a: Sir Clod iii\n|-damage|p1a: Sir Clod iii|81\/100\n|move|p1a: Sir Clod iii|Earthquake|p2a: Sir Clod iii\n|-supereffective|p2a: Sir Clod iii\n|-damage|p2a: Sir Clod iii|0 fnt\n|faint|p2a: Sir Clod iii\n|\n|-heal|p1a: Sir Clod iii|88\/100|[from] item: Leftovers\n|upkeep\n|\n|t:|1699333569\n|switch|p2a: Sam jr|Cinderace, M|100\/100\n|turn|8\n|\n|t:|1699333572\n|move|p2a: Sam jr|Fire Blast|p1a: Sir Clod iii\n|-damage|p1a: Sir Clod iii|65\/100\n|move|p1a: Sir Clod iii|Earthquake|p2a: Sam jr\n|-supereffective|p2a: Sam jr\n|-enditem|p2a: Sam jr|Focus Sash\n|-damage|p2a: Sam jr|1\/100\n|\n|-heal|p1a: Sir Clod iii|71\/100|[from] item: Leftovers\n|upkeep\n|turn|9\n|\n|t:|1699333585\n|move|p2a: Sam jr|Heat Wave|p1a: Sir Clod iii\n|-damage|p1a: Sir Clod iii|42\/100\n|move|p1a: Sir Clod iii|Earthquake|p2a: Sam jr\n|-supereffective|p2a: Sam jr\n|-damage|p2a: Sam jr|0 fnt\n|faint|p2a: Sam jr\n|\n|-heal|p1a: Sir Clod iii|48\/100|[from] item: Leftovers\n|upkeep\n|\n|t:|1699333595\n|switch|p2a: puppy|Dialga|100\/100\n|-ability|p2a: puppy|Pressure\n|turn|10\n|\n|t:|1699333600\n|move|p2a: puppy|Dragon Pulse|p1a: Sir Clod iii\n|-damage|p1a: Sir Clod iii|12\/100\n|move|p1a: Sir Clod iii|Earthquake|p2a: puppy\n|-supereffective|p2a: puppy\n|-damage|p2a: puppy|0 fnt\n|faint|p2a: puppy\n|\n|-heal|p1a: Sir Clod iii|18\/100|[from] item: Leftovers\n|upkeep\n|\n|t:|1699333610\n|switch|p2a: boo|Gengar, M|100\/100\n|turn|11\n|\n|t:|1699333615\n|move|p2a: boo|Foul Play|p1a: Sir Clod iii\n|-damage|p1a: Sir Clod iii|0 fnt\n|faint|p1a: Sir Clod iii\n|\n|upkeep\n|\n|t:|1699333627\n|switch|p1a: Sam jr|Cinderace, M|100\/100\n|-damage|p1a: Sam jr|76\/100|[from] Spikes\n|turn|12\n|\n|t:|1699333632\n|move|p1a: Sam jr|Court Change|p1a: Sam jr\n|-start|p1a: Sam jr|typechange|Normal|[from] ability: Libero\n|-swapsideconditions\n|-activate|p1a: Sam jr|move: Court Change\n|move|p2a: boo|Foul Play|p1a: Sam jr\n|-damage|p1a: Sam jr|15\/100\n|\n|upkeep\n|turn|13\n|\n|t:|1699333644\n|switch|p1a: puppy|Dialga|100\/100\n|-ability|p1a: puppy|Pressure\n|move|p2a: boo|Foul Play|p1a: puppy\n|-damage|p1a: puppy|76\/100\n|\n|upkeep\n|turn|14\n|\n|t:|1699333657\n|move|p1a: puppy|Draco Meteor|p2a: boo\n|-damage|p2a: boo|0 fnt\n|-unboost|p1a: puppy|spa|2\n|replace|p2a: N|Zoroark, M\n|-end|p2a: N|Illusion\n|faint|p2a: N\n|\n|upkeep\n|\n|t:|1699333665\n|switch|p2a: corn|Corviknight, M, shiny|100\/100\n|-ability|p2a: corn|Pressure\n|turn|15\n|\n|t:|1699333679\n|switch|p1a: corn|Corviknight, M, shiny|100\/100\n|move|p2a: corn|Brave Bird|p1a: corn\n|-resisted|p1a: corn\n|-damage|p1a: corn|87\/100\n|-damage|p2a: corn|95\/100|[from] Recoil\n|\n|-heal|p2a: corn|100\/100|[from] item: Leftovers\n|-heal|p1a: corn|93\/100|[from] item: Leftovers\n|upkeep\n|turn|16\n|\n|t:|1699333696\n|move|p2a: corn|Steel Beam|p1a: corn\n|-resisted|p1a: corn\n|-damage|p1a: corn|73\/100\n|-damage|p2a: corn|50\/100|[from] steelbeam\n|move|p1a: corn|Iron Head|p2a: corn\n|-resisted|p2a: corn\n|-damage|p2a: corn|38\/100\n|\n|-heal|p2a: corn|45\/100|[from] item: Leftovers\n|-heal|p1a: corn|79\/100|[from] item: Leftovers\n|upkeep\n|turn|17\n|\n|t:|1699333709\n|switch|p2a: boo|Gengar, M|100\/100\n|-damage|p2a: boo|76\/100|[from] Spikes\n|move|p1a: corn|Brave Bird|p2a: boo\n|-damage|p2a: boo|18\/100\n|-damage|p1a: corn|63\/100|[from] item: Rocky Helmet|[of] p2a: boo\n|-damage|p1a: corn|50\/100|[from] Recoil\n|\n|-heal|p1a: corn|57\/100|[from] item: Leftovers\n|upkeep\n|turn|18\n|\n|t:|1699333722\n|switch|p1a: puppy|Dialga|76\/100\n|-ability|p1a: puppy|Pressure\n|move|p2a: boo|Poltergeist|p1a: puppy\n|-activate|p1a: puppy|move: Poltergeist|Adamant Orb\n|-damage|p1a: puppy|44\/100\n|\n|upkeep\n|turn|19\n|\n|t:|1699333738\n|move|p1a: puppy|Flash Cannon|p2a: boo\n|-damage|p2a: boo|0 fnt\n|-start|p1a: puppy|Disable|Flash Cannon|[from] ability: Cursed Body|[of] p2a: boo\n|faint|p2a: boo\n|\n|upkeep\n|\n|t:|1699333744\n|switch|p2a: corn|Corviknight, M, shiny|45\/100\n|-ability|p2a: corn|Pressure\n|turn|20\n|\n|t:|1699333750\n|move|p1a: puppy|Draco Meteor|p2a: corn\n|-resisted|p2a: corn\n|-damage|p2a: corn|0 fnt\n|-unboost|p1a: puppy|spa|2\n|faint|p2a: corn\n|\n|win|Viwfys\n|c|\u2606GrimE4|Gg\n|c|\u2606Viwfys|Gg\n","uploadtime":1699333764,"views":9,"p1id":"viwfys","p2id":"grime4","formatid":"gen9anythinggoes","rating":0,"private":0,"password":""}