{"id":"gen9anythinggoes-1986530128","p1":"rolotism","p2":"mouchepute","format":"[Gen 9] Anything Goes","log":"|j|\u2606rolotism\n|j|\u2606mouchepute\n|t:|1699488674\n|gametype|singles\n|player|p1|rolotism|ingo|\n|player|p2|mouchepute|2|\n|teamsize|p1|6\n|teamsize|p2|6\n|gen|9\n|tier|[Gen 9] Anything Goes\n|rule|HP Percentage Mod: HP is shown in percentages\n|rule|Endless Battle Clause: Forcing endless battles is banned\n|clearpoke\n|poke|p1|Donphan, F|\n|poke|p1|Chandelure, M|\n|poke|p1|Scizor, M|\n|poke|p1|Sylveon, M|\n|poke|p1|Cinderace, M|\n|poke|p1|Zapdos|\n|poke|p2|Okidogi, M|\n|poke|p2|Luxray, M|\n|poke|p2|Froslass, F|\n|poke|p2|Gholdengo|\n|poke|p2|Greninja-*, M|\n|poke|p2|Ogerpon-Hearthflame, F|\n|teampreview\n|j| Qxtel\n|\n|t:|1699488766\n|start\n|switch|p1a: Donphan|Donphan, F, shiny|100\/100\n|switch|p2a: Okidogi|Okidogi, M|100\/100\n|turn|1\n|\n|t:|1699488815\n|move|p2a: Okidogi|Ice Punch|p1a: Donphan\n|-supereffective|p1a: Donphan\n|-damage|p1a: Donphan|41\/100\n|-status|p1a: Donphan|frz\n|cant|p1a: Donphan|frz\n|\n|upkeep\n|turn|2\n|c|\u2606rolotism|B\n|c|\u2606mouchepute|ben non\n|c|\u2606rolotism|ruh\n|j| BubblesLOU\n|c| BubblesLOU|LOL\n|\n|t:|1699488845\n|switch|p2a: Ogerpon|Ogerpon-Hearthflame, F|100\/100\n|-ability|p2a: Ogerpon|Mold Breaker\n|switch|p1a: Zapdos|Zapdos, shiny|100\/100\n|\n|upkeep\n|turn|3\n|c| BubblesLOU|Oli allait faire leer anyway cest sur\n|j| mumu97\n|c| mumu97|Skill diff\n|c|\u2606rolotism|Yalready know\n|\n|t:|1699488885\n|switch|p2a: Gholdengo|Gholdengo|100\/100\n|move|p1a: Zapdos|Hurricane|p2a: Gholdengo|[miss]\n|-miss|p1a: Zapdos|p2a: Gholdengo\n|\n|upkeep\n|turn|4\n|c|\u2606rolotism|:\/\n|c| BubblesLOU|Tomorrow is another day\n|c|\u2606mouchepute|shit game\n|\n|t:|1699488934\n|move|p1a: Zapdos|Volt Switch|p2a: Gholdengo\n|-damage|p2a: Gholdengo|69\/100\n|\n|t:|1699488941\n|switch|p1a: Sylveon|Sylveon, M, shiny|100\/100|[from] Volt Switch\n|move|p2a: Gholdengo|Thunder Wave|p1a: Sylveon\n|-status|p1a: Sylveon|par\n|\n|-heal|p2a: Gholdengo|75\/100|[from] item: Leftovers\n|upkeep\n|turn|5\n|\n|t:|1699488990\n|switch|p1a: Zapdos|Zapdos, shiny|100\/100\n|move|p2a: Gholdengo|Make It Rain|p1a: Zapdos\n|-resisted|p1a: Zapdos\n|-damage|p1a: Zapdos|59\/100\n|-unboost|p2a: Gholdengo|spa|1\n|\n|-heal|p1a: Zapdos|66\/100|[from] item: Leftovers\n|-heal|p2a: Gholdengo|81\/100|[from] item: Leftovers\n|upkeep\n|turn|6\n|\n|t:|1699489033\n|switch|p2a: Froslass|Froslass, F|100\/100\n|move|p1a: Zapdos|Heat Wave|p2a: Froslass\n|-supereffective|p2a: Froslass\n|-damage|p2a: Froslass|0 fnt\n|faint|p2a: Froslass\n|\n|-heal|p1a: Zapdos|72\/100|[from] item: Leftovers\n|upkeep\n|c|\u2606mouchepute|dam\n|\n|t:|1699489052\n|switch|p2a: Greninja|Greninja, M|100\/100\n|turn|7\n|c| BubblesLOU|homie esperait pour un autre miss\n|\n|t:|1699489086\n|switch|p1a: Sylveon|Sylveon, M, shiny|100\/100 par\n|move|p2a: Greninja|Ice Beam|p1a: Sylveon\n|-damage|p1a: Sylveon|83\/100 par\n|-damage|p2a: Greninja|91\/100|[from] item: Life Orb\n|\n|upkeep\n|turn|8\n|\n|t:|1699489104\n|switch|p2a: Gholdengo|Gholdengo|81\/100\n|move|p1a: Sylveon|Reflect|p1a: Sylveon\n|-sidestart|p1: rolotism|Reflect\n|\n|-heal|p2a: Gholdengo|88\/100|[from] item: Leftovers\n|upkeep\n|turn|9\n|\n|t:|1699489140\n|switch|p1a: Scizor|Scizor, M, shiny|100\/100\n|move|p2a: Gholdengo|Make It Rain|p1a: Scizor\n|-resisted|p1a: Scizor\n|-damage|p1a: Scizor|60\/100\n|-unboost|p2a: Gholdengo|spa|1\n|\n|-heal|p2a: Gholdengo|94\/100|[from] item: Leftovers\n|upkeep\n|turn|10\n|\n|t:|1699489184\n|move|p2a: Gholdengo|Thunder Wave|p1a: Scizor\n|-status|p1a: Scizor|par\n|move|p1a: Scizor|Knock Off|p2a: Gholdengo\n|-supereffective|p2a: Gholdengo\n|-damage|p2a: Gholdengo|0 fnt\n|-enditem|p2a: Gholdengo|Leftovers|[from] move: Knock Off|[of] p1a: Scizor\n|faint|p2a: Gholdengo\n|\n|upkeep\n|\n|t:|1699489206\n|switch|p2a: Ogerpon|Ogerpon-Hearthflame, F|100\/100\n|-ability|p2a: Ogerpon|Mold Breaker\n|turn|11\n|\n|t:|1699489232\n|switch|p1a: Chandelure|Chandelure, M, shiny|100\/100\n|move|p2a: Ogerpon|Swords Dance|p2a: Ogerpon\n|-boost|p2a: Ogerpon|atk|2\n|\n|upkeep\n|turn|12\n|\n|t:|1699489298\n|move|p2a: Ogerpon|Stomping Tantrum|p1a: Chandelure\n|-supereffective|p1a: Chandelure\n|-damage|p1a: Chandelure|5\/100\n|move|p1a: Chandelure|Shadow Ball|p2a: Ogerpon\n|-damage|p2a: Ogerpon|45\/100\n|\n|upkeep\n|turn|13\n|\n|t:|1699489325\n|switch|p1a: Donphan|Donphan, F, shiny|41\/100 frz\n|move|p2a: Ogerpon|Horn Leech|p1a: Donphan\n|-supereffective|p1a: Donphan\n|-damage|p1a: Donphan|0 fnt\n|-heal|p2a: Ogerpon|71\/100|[from] drain|[of] p1a: Donphan\n|faint|p1a: Donphan\n|\n|upkeep\n|\n|t:|1699489341\n|switch|p1a: Zapdos|Zapdos, shiny|72\/100\n|turn|14\n|\n|t:|1699489356\n|switch|p2a: Luxray|Luxray, M|100\/100\n|move|p1a: Zapdos|Hurricane|p2a: Luxray\n|-resisted|p2a: Luxray\n|-damage|p2a: Luxray|63\/100\n|\n|-heal|p1a: Zapdos|78\/100|[from] item: Leftovers\n|-status|p2a: Luxray|brn|[from] item: Flame Orb\n|upkeep\n|turn|15\n|\n|t:|1699489388\n|switch|p1a: Cinderace|Cinderace, M, shiny|100\/100\n|move|p2a: Luxray|Facade|p1a: Cinderace\n|-damage|p1a: Cinderace|58\/100\n|\n|-heal|p1a: Cinderace|64\/100|[from] item: Leftovers\n|-damage|p2a: Luxray|57\/100 brn|[from] brn\n|-sideend|p1: rolotism|Reflect\n|upkeep\n|turn|16\n|\n|t:|1699489447\n|move|p1a: Cinderace|Pyro Ball|p2a: Luxray\n|-damage|p2a: Luxray|0 fnt\n|faint|p2a: Luxray\n|\n|-heal|p1a: Cinderace|70\/100|[from] item: Leftovers\n|upkeep\n|\n|t:|1699489452\n|switch|p2a: Greninja|Greninja, M|91\/100\n|turn|17\n|\n|t:|1699489462\n|switch|p1a: Chandelure|Chandelure, M, shiny|5\/100\n|move|p2a: Greninja|Water Shuriken|p1a: Chandelure\n|-supereffective|p1a: Chandelure\n|-damage|p1a: Chandelure|0 fnt\n|faint|p1a: Chandelure\n|-ability|p2a: Greninja|Battle Bond|boost\n|-boost|p2a: Greninja|atk|1\n|-boost|p2a: Greninja|spa|1\n|-boost|p2a: Greninja|spe|1\n|-activate|p2a: Greninja|ability: Battle Bond\n|-hitcount|p1: Chandelure|1\n|-damage|p2a: Greninja|81\/100|[from] item: Life Orb\n|\n|upkeep\n|l| mumu97\n|c| BubblesLOU|wtf happenned\n|c|\u2606mouchepute|?\n|\n|t:|1699489512\n|switch|p1a: Sylveon|Sylveon, M, shiny|83\/100 par\n|turn|18\n|c| BubblesLOU|Battle Bond a proc twice dans le texte\n|c|\u2606mouchepute|lol\n|\n|t:|1699489528\n|move|p2a: Greninja|Hydro Pump|p1a: Sylveon\n|-damage|p1a: Sylveon|30\/100 par\n|-damage|p2a: Greninja|71\/100|[from] item: Life Orb\n|move|p1a: Sylveon|Light Screen|p1a: Sylveon\n|-sidestart|p1: rolotism|move: Light Screen\n|\n|upkeep\n|turn|19\n|\n|t:|1699489546\n|move|p2a: Greninja|Hydro Pump|p1a: Sylveon\n|-damage|p1a: Sylveon|4\/100 par\n|-damage|p2a: Greninja|61\/100|[from] item: Life Orb\n|move|p1a: Sylveon|Wish|p1a: Sylveon\n|\n|upkeep\n|turn|20\n|\n|t:|1699489562\n|switch|p1a: Zapdos|Zapdos, shiny|78\/100\n|move|p2a: Greninja|Water Shuriken|p1a: Zapdos\n|-damage|p1a: Zapdos|71\/100\n|-damage|p1a: Zapdos|63\/100\n|-damage|p1a: Zapdos|56\/100\n|-hitcount|p1a: Zapdos|3\n|-damage|p2a: Greninja|51\/100|[from] item: Life Orb\n|\n|-heal|p1a: Zapdos|100\/100|[from] move: Wish|[wisher] Sylveon\n|upkeep\n|turn|21\n|\n|t:|1699489586\n|switch|p2a: Ogerpon|Ogerpon-Hearthflame, F|71\/100\n|-ability|p2a: Ogerpon|Mold Breaker\n|move|p1a: Zapdos|Hurricane|p2a: Ogerpon\n|-supereffective|p2a: Ogerpon\n|-damage|p2a: Ogerpon|0 fnt\n|faint|p2a: Ogerpon\n|\n|upkeep\n|\n|t:|1699489594\n|switch|p2a: Okidogi|Okidogi, M|100\/100\n|turn|22\n|\n|t:|1699489600\n|move|p2a: Okidogi|Gunk Shot|p1a: Zapdos\n|-damage|p1a: Zapdos|21\/100\n|-status|p1a: Zapdos|tox|[from] ability: Toxic Chain|[of] p2a: Okidogi\n|move|p1a: Zapdos|Hurricane|p2a: Okidogi|[miss]\n|-miss|p1a: Zapdos|p2a: Okidogi\n|\n|-heal|p1a: Zapdos|27\/100 tox|[from] item: Leftovers\n|-damage|p1a: Zapdos|21\/100 tox|[from] psn\n|upkeep\n|turn|23\n|c|\u2606rolotism|:(\n|c| BubblesLOU|fallait\n|\n|t:|1699489619\n|move|p2a: Okidogi|Gunk Shot|p1a: Zapdos|[miss]\n|-miss|p2a: Okidogi|p1a: Zapdos\n|move|p1a: Zapdos|Hurricane|p2a: Okidogi\n|-supereffective|p2a: Okidogi\n|-damage|p2a: Okidogi|0 fnt\n|faint|p2a: Okidogi\n|\n|-heal|p1a: Zapdos|27\/100 tox|[from] item: Leftovers\n|-damage|p1a: Zapdos|15\/100 tox|[from] psn\n|upkeep\n|c| BubblesLOU|fallait\n|c|\u2606mouchepute|lol\n|\n|t:|1699489629\n|switch|p2a: Greninja|Greninja, M|51\/100\n|turn|24\n|c|\u2606rolotism|lmao\n|c| BubblesLOU|estceque dou peut clutch?\n|\n|t:|1699489658\n|move|p2a: Greninja|Hydro Pump|p1a: Zapdos\n|-damage|p1a: Zapdos|0 fnt\n|faint|p1a: Zapdos\n|-damage|p2a: Greninja|42\/100|[from] item: Life Orb\n|\n|upkeep\n|\n|t:|1699489666\n|switch|p1a: Scizor|Scizor, M, shiny|60\/100 par\n|turn|25\n|\n|t:|1699489673\n|move|p1a: Scizor|Bullet Punch|p2a: Greninja\n|-resisted|p2a: Greninja\n|-damage|p2a: Greninja|2\/100\n|move|p2a: Greninja|Hydro Pump|p1a: Scizor\n|-damage|p1a: Scizor|20\/100 par\n|-damage|p2a: Greninja|0 fnt|[from] item: Life Orb\n|faint|p2a: Greninja\n|\n|win|rolotism\n|c|\u2606mouchepute|gg\n|c|\u2606rolotism|gg\n|c| BubblesLOU|gg\n|l| BubblesLOU\n","uploadtime":1699489697,"views":7,"p1id":"rolotism","p2id":"mouchepute","formatid":"gen9anythinggoes","rating":0,"private":0,"password":""}