{"id":"gen9anythinggoes-1992400901","p1":"Toke'sMenagrie","p2":"swamprattatas","format":"[Gen 9] Anything Goes","log":"|j|\u2606Toke'sMenagrie\n|j|\u2606swamprattatas\n|t:|1700183236\n|gametype|singles\n|player|p1|Toke'sMenagrie|benga|\n|player|p2|swamprattatas|266|\n|teamsize|p1|6\n|teamsize|p2|6\n|gen|9\n|tier|[Gen 9] Anything Goes\n|rule|HP Percentage Mod: HP is shown in percentages\n|rule|Endless Battle Clause: Forcing endless battles is banned\n|clearpoke\n|poke|p1|Ribombee, M|\n|poke|p1|Ursaluna-Bloodmoon, M|\n|poke|p1|Indeedee, M|\n|poke|p1|Garganacl, M|\n|poke|p1|Spiritomb, M|\n|poke|p1|Lucario, F|\n|poke|p2|Torkoal, F|\n|poke|p2|Arcanine, M|\n|poke|p2|Brute Bonnet|\n|poke|p2|Scovillain, F|\n|poke|p2|Coalossal, F|\n|poke|p2|Pyroar, M|\n|teampreview\n|j| Crabbrawlers\n|j| FerrothornFembots\n|\n|t:|1700183316\n|start\n|switch|p1a: Jizzabell|Ribombee, M|100\/100\n|switch|p2a: Torkoal|Torkoal, F|100\/100\n|-weather|SunnyDay|[from] ability: Drought|[of] p2a: Torkoal\n|turn|1\n|\n|t:|1700183327\n|move|p1a: Jizzabell|Sticky Web|p2a: Torkoal\n|-sidestart|p2: swamprattatas|move: Sticky Web\n|move|p2a: Torkoal|Stealth Rock|p1a: Jizzabell\n|-sidestart|p1: Toke'sMenagrie|move: Stealth Rock\n|\n|-weather|SunnyDay|[upkeep]\n|upkeep\n|turn|2\n|\n|t:|1700183364\n|switch|p1a: YasQueen|Indeedee, M|100\/100\n|-damage|p1a: YasQueen|88\/100|[from] Stealth Rock\n|-fieldstart|move: Psychic Terrain|[from] ability: Psychic Surge|[of] p1a: YasQueen\n|move|p2a: Torkoal|Rapid Spin|p1a: YasQueen\n|-damage|p1a: YasQueen|68\/100\n|-boost|p2a: Torkoal|spe|1\n|-sideend|p2: swamprattatas|Sticky Web|[from] move: Rapid Spin|[of] p2a: Torkoal\n|\n|-weather|SunnyDay|[upkeep]\n|upkeep\n|turn|3\n|c| FerrothornFembots|GLHF!\n|\n|t:|1700183411\n|switch|p2a: Arcanine|Arcanine, M|100\/100\n|-ability|p2a: Arcanine|Intimidate|boost\n|-unboost|p1a: YasQueen|atk|1\n|move|p1a: YasQueen|Encore||[still]\n|-fail|p1a: YasQueen\n|\n|-weather|SunnyDay|[upkeep]\n|upkeep\n|turn|4\n|\n|t:|1700183431\n|move|p1a: YasQueen|Psychic|p2a: Arcanine\n|-damage|p2a: Arcanine|43\/100\n|-unboost|p2a: Arcanine|spd|1\n|move|p2a: Arcanine|Flare Blitz|p1a: YasQueen\n|-damage|p1a: YasQueen|0 fnt\n|faint|p1a: YasQueen\n|-damage|p2a: Arcanine|25\/100|[from] Recoil\n|-damage|p2a: Arcanine|15\/100|[from] item: Life Orb\n|\n|-weather|SunnyDay|[upkeep]\n|upkeep\n|\n|t:|1700183463\n|switch|p1a: Brownswatche|Garganacl, M|100\/100\n|-damage|p1a: Brownswatche|88\/100|[from] Stealth Rock\n|turn|5\n|\n|t:|1700183503\n|move|p2a: Arcanine|Morning Sun|p2a: Arcanine\n|-heal|p2a: Arcanine|82\/100\n|move|p1a: Brownswatche|Body Press|p2a: Arcanine\n|-crit|p2a: Arcanine\n|-damage|p2a: Arcanine|28\/100\n|\n|-weather|SunnyDay|[upkeep]\n|-heal|p1a: Brownswatche|94\/100|[from] item: Leftovers\n|upkeep\n|turn|6\n|\n|t:|1700183513\n|move|p2a: Arcanine|Morning Sun|p2a: Arcanine\n|-heal|p2a: Arcanine|95\/100\n|move|p1a: Brownswatche|Salt Cure|p2a: Arcanine\n|-supereffective|p2a: Arcanine\n|-damage|p2a: Arcanine|58\/100\n|-start|p2a: Arcanine|Salt Cure\n|\n|-weather|SunnyDay|[upkeep]\n|-heal|p1a: Brownswatche|100\/100|[from] item: Leftovers\n|-damage|p2a: Arcanine|46\/100|[from] Salt Cure\n|upkeep\n|turn|7\n|\n|t:|1700183548\n|move|p2a: Arcanine|Morning Sun|p2a: Arcanine\n|-heal|p2a: Arcanine|100\/100\n|move|p1a: Brownswatche|Salt Cure|p2a: Arcanine\n|-supereffective|p2a: Arcanine\n|-damage|p2a: Arcanine|63\/100\n|\n|-weather|SunnyDay|[upkeep]\n|-damage|p2a: Arcanine|51\/100|[from] Salt Cure\n|upkeep\n|turn|8\n|\n|t:|1700183585\n|move|p2a: Arcanine|Morning Sun|p2a: Arcanine\n|-heal|p2a: Arcanine|100\/100\n|move|p1a: Brownswatche|Salt Cure|p2a: Arcanine\n|-supereffective|p2a: Arcanine\n|-damage|p2a: Arcanine|66\/100\n|\n|-weather|none\n|-damage|p2a: Arcanine|54\/100|[from] Salt Cure\n|upkeep\n|turn|9\n|\n|t:|1700183593\n|switch|p2a: Torkoal|Torkoal, F|100\/100\n|-weather|SunnyDay|[from] ability: Drought|[of] p2a: Torkoal\n|move|p1a: Brownswatche|Body Press|p2a: Torkoal\n|-damage|p2a: Torkoal|84\/100\n|\n|-weather|SunnyDay|[upkeep]\n|-fieldend|move: Psychic Terrain\n|upkeep\n|turn|10\n|\n|t:|1700183610\n|switch|p2a: Scovillain|Scovillain, F|100\/100\n|move|p1a: Brownswatche|Salt Cure|p2a: Scovillain\n|-supereffective|p2a: Scovillain\n|-damage|p2a: Scovillain|56\/100\n|-start|p2a: Scovillain|Salt Cure\n|\n|-weather|SunnyDay|[upkeep]\n|-damage|p2a: Scovillain|43\/100|[from] Salt Cure\n|upkeep\n|turn|11\n|\n|t:|1700183624\n|switch|p1a: Jizzabell|Ribombee, M|100\/100\n|-damage|p1a: Jizzabell|76\/100|[from] Stealth Rock\n|move|p2a: Scovillain|Grass Knot|p1a: Jizzabell\n|-resisted|p1a: Jizzabell\n|-damage|p1a: Jizzabell|68\/100\n|\n|-weather|SunnyDay|[upkeep]\n|-damage|p2a: Scovillain|31\/100|[from] Salt Cure\n|upkeep\n|turn|12\n|\n|t:|1700183643\n|move|p2a: Scovillain|Flamethrower|p1a: Jizzabell\n|-supereffective|p1a: Jizzabell\n|-damage|p1a: Jizzabell|0 fnt\n|faint|p1a: Jizzabell\n|\n|-weather|SunnyDay|[upkeep]\n|-damage|p2a: Scovillain|18\/100|[from] Salt Cure\n|upkeep\n|\n|t:|1700183654\n|switch|p1a: KwikKick|Lucario, F|100\/100\n|-damage|p1a: KwikKick|98\/100|[from] Stealth Rock\n|turn|13\n|\n|t:|1700183671\n|switch|p2a: Torkoal|Torkoal, F|84\/100\n|move|p1a: KwikKick|Extreme Speed|p2a: Torkoal\n|-damage|p2a: Torkoal|64\/100\n|\n|-weather|SunnyDay|[upkeep]\n|upkeep\n|turn|14\n|\n|t:|1700183682\n|switch|p1a: Grimace|Spiritomb, M|100\/100\n|-ability|p1a: Grimace|Pressure\n|move|p2a: Torkoal|Lava Plume|p1a: Grimace\n|-damage|p1a: Grimace|63\/100\n|\n|-weather|SunnyDay|[upkeep]\n|upkeep\n|turn|15\n|\n|t:|1700183707\n|switch|p2a: Coalossal|Coalossal, F|100\/100\n|move|p1a: Grimace|Dark Pulse|p2a: Coalossal\n|-damage|p2a: Coalossal|85\/100\n|\n|-weather|SunnyDay|[upkeep]\n|-heal|p2a: Coalossal|91\/100|[from] item: Leftovers\n|upkeep\n|turn|16\n|\n|t:|1700183721\n|move|p1a: Grimace|Rest|p1a: Grimace\n|-status|p1a: Grimace|slp|[from] move: Rest\n|-heal|p1a: Grimace|100\/100 slp|[silent]\n|move|p2a: Coalossal|Flamethrower|p1a: Grimace\n|-damage|p1a: Grimace|61\/100 slp\n|\n|-weather|none\n|-heal|p2a: Coalossal|97\/100|[from] item: Leftovers\n|upkeep\n|turn|17\n|\n|t:|1700183733\n|cant|p1a: Grimace|slp\n|move|p1a: Grimace|Sleep Talk|p1a: Grimace\n|move|p1a: Grimace|Calm Mind|p1a: Grimace|[from]move: Sleep Talk\n|-boost|p1a: Grimace|spa|1\n|-boost|p1a: Grimace|spd|1\n|move|p2a: Coalossal|Flamethrower|p1a: Grimace\n|-damage|p1a: Grimace|43\/100 slp\n|\n|-heal|p2a: Coalossal|100\/100|[from] item: Leftovers\n|upkeep\n|turn|18\n|\n|t:|1700183753\n|switch|p2a: Brute Bonnet|Brute Bonnet|100\/100\n|cant|p1a: Grimace|slp\n|move|p1a: Grimace|Sleep Talk|p1a: Grimace\n|move|p1a: Grimace|Dark Pulse|p2a: Brute Bonnet|[from]move: Sleep Talk\n|-resisted|p2a: Brute Bonnet\n|-damage|p2a: Brute Bonnet|84\/100\n|\n|upkeep\n|turn|19\n|\n|t:|1700183775\n|switch|p1a: Grinandbearit|Ursaluna-Bloodmoon, M|100\/100\n|-damage|p1a: Grinandbearit|95\/100|[from] Stealth Rock\n|move|p2a: Brute Bonnet|Bullet Seed|p1a: Grinandbearit\n|-supereffective|p1a: Grinandbearit\n|-damage|p1a: Grinandbearit|71\/100\n|-supereffective|p1a: Grinandbearit\n|-damage|p1a: Grinandbearit|47\/100\n|-supereffective|p1a: Grinandbearit\n|-damage|p1a: Grinandbearit|25\/100\n|-enditem|p1a: Grinandbearit|Aguav Berry|[eat]\n|-heal|p1a: Grinandbearit|58\/100|[from] item: Aguav Berry\n|-supereffective|p1a: Grinandbearit\n|-damage|p1a: Grinandbearit|33\/100\n|-hitcount|p1a: Grinandbearit|4\n|\n|upkeep\n|turn|20\n|\n|t:|1700183824\n|-end|p2a: Brute Bonnet|Protosynthesis|[silent]\n|switch|p2a: Pyroar|Pyroar, M|100\/100\n|move|p1a: Grinandbearit|Blood Moon|p2a: Pyroar\n|-enditem|p2a: Pyroar|Focus Sash\n|-damage|p2a: Pyroar|1\/100\n|\n|upkeep\n|turn|21\n|\n|t:|1700183854\n|move|p2a: Pyroar|Hyper Voice|p1a: Grinandbearit\n|-crit|p1a: Grinandbearit\n|-damage|p1a: Grinandbearit|0 fnt\n|faint|p1a: Grinandbearit\n|\n|upkeep\n|\n|t:|1700183861\n|switch|p1a: KwikKick|Lucario, F|98\/100\n|-damage|p1a: KwikKick|95\/100|[from] Stealth Rock\n|turn|22\n|\n|t:|1700183873\n|move|p1a: KwikKick|Extreme Speed|p2a: Pyroar\n|-damage|p2a: Pyroar|0 fnt\n|faint|p2a: Pyroar\n|\n|upkeep\n|\n|t:|1700183898\n|switch|p2a: Torkoal|Torkoal, F|64\/100\n|-weather|SunnyDay|[from] ability: Drought|[of] p2a: Torkoal\n|turn|23\n|\n|t:|1700183906\n|move|p1a: KwikKick|Extreme Speed|p2a: Torkoal\n|-damage|p2a: Torkoal|43\/100\n|move|p2a: Torkoal|Lava Plume|p1a: KwikKick\n|-supereffective|p1a: KwikKick\n|-damage|p1a: KwikKick|0 fnt\n|faint|p1a: KwikKick\n|\n|-weather|SunnyDay|[upkeep]\n|upkeep\n|\n|t:|1700183922\n|switch|p1a: Grimace|Spiritomb, M|43\/100 slp\n|-ability|p1a: Grimace|Pressure\n|turn|24\n|\n|t:|1700183933\n|switch|p2a: Brute Bonnet|Brute Bonnet|84\/100\n|-activate|p2a: Brute Bonnet|ability: Protosynthesis\n|-start|p2a: Brute Bonnet|protosynthesisatk\n|-curestatus|p1a: Grimace|slp|[msg]\n|move|p1a: Grimace|Dark Pulse|p2a: Brute Bonnet\n|-resisted|p2a: Brute Bonnet\n|-damage|p2a: Brute Bonnet|74\/100\n|\n|-weather|SunnyDay|[upkeep]\n|upkeep\n|turn|25\n|\n|t:|1700183954\n|-terastallize|p2a: Brute Bonnet|Fire\n|move|p2a: Brute Bonnet|Bullet Seed|p1a: Grimace\n|-damage|p1a: Grimace|29\/100\n|-damage|p1a: Grimace|15\/100\n|-damage|p1a: Grimace|1\/100\n|-damage|p1a: Grimace|0 fnt\n|faint|p1a: Grimace\n|-hitcount|p1: Grimace|4\n|\n|-weather|SunnyDay|[upkeep]\n|upkeep\n|\n|t:|1700183963\n|switch|p1a: Brownswatche|Garganacl, M|100\/100\n|-damage|p1a: Brownswatche|88\/100|[from] Stealth Rock\n|turn|26\n|\n|t:|1700183972\n|move|p2a: Brute Bonnet|Spore|p1a: Brownswatche\n|-immune|p1a: Brownswatche|[from] ability: Purifying Salt\n|move|p1a: Brownswatche|Salt Cure|p2a: Brute Bonnet\n|-supereffective|p2a: Brute Bonnet\n|-damage|p2a: Brute Bonnet|51\/100\n|-start|p2a: Brute Bonnet|Salt Cure\n|\n|-weather|SunnyDay|[upkeep]\n|-heal|p1a: Brownswatche|94\/100|[from] item: Leftovers\n|-damage|p2a: Brute Bonnet|39\/100|[from] Salt Cure\n|upkeep\n|turn|27\n|\n|t:|1700183983\n|move|p2a: Brute Bonnet|Bullet Seed|p1a: Brownswatche\n|-supereffective|p1a: Brownswatche\n|-damage|p1a: Brownswatche|75\/100\n|-supereffective|p1a: Brownswatche\n|-damage|p1a: Brownswatche|55\/100\n|-supereffective|p1a: Brownswatche\n|-damage|p1a: Brownswatche|35\/100\n|-supereffective|p1a: Brownswatche\n|-damage|p1a: Brownswatche|14\/100\n|-hitcount|p1a: Brownswatche|4\n|move|p1a: Brownswatche|Body Press|p2a: Brute Bonnet\n|-damage|p2a: Brute Bonnet|14\/100\n|\n|-weather|SunnyDay|[upkeep]\n|-heal|p1a: Brownswatche|20\/100|[from] item: Leftovers\n|-damage|p2a: Brute Bonnet|2\/100|[from] Salt Cure\n|upkeep\n|turn|28\n|\n|t:|1700184004\n|move|p2a: Brute Bonnet|Bullet Seed|p1a: Brownswatche\n|-supereffective|p1a: Brownswatche\n|-damage|p1a: Brownswatche|0 fnt\n|faint|p1a: Brownswatche\n|-hitcount|p1: Brownswatche|1\n|\n|win|swamprattatas\n|c|\u2606swamprattatas|GGs\n|c|\u2606Toke'sMenagrie|gg\n|c| FerrothornFembots|GG\n|l|\u2606Toke'sMenagrie\n|l| Crabbrawlers\n","uploadtime":1700184085,"views":32,"p1id":"tokesmenagrie","p2id":"swamprattatas","formatid":"gen9anythinggoes","rating":0,"private":0,"password":""}