{"id":"gen9anythinggoes-1989010644","p1":"lukeluna","p2":"OhHiItsNotMe","format":"[Gen 9] Anything Goes","log":"|j|\u2606lukeluna\n|j|\u2606OhHiItsNotMe\n|t:|1699801851\n|gametype|singles\n|player|p1|lukeluna|ghetsis-gen5bw|1260\n|player|p2|OhHiItsNotMe|unknown|1367\n|teamsize|p1|6\n|teamsize|p2|6\n|gen|9\n|tier|[Gen 9] Anything Goes\n|rated|\n|rule|HP Percentage Mod: HP is shown in percentages\n|rule|Endless Battle Clause: Forcing endless battles is banned\n|clearpoke\n|poke|p1|Ribombee, F|\n|poke|p1|Rayquaza|\n|poke|p1|Orthworm, F|\n|poke|p1|Chansey, F|\n|poke|p1|Chandelure, M|\n|poke|p1|Regieleki|\n|poke|p2|Calyrex-Shadow|\n|poke|p2|Espathra, F|\n|poke|p2|Darkrai|\n|poke|p2|Zacian-*|\n|poke|p2|Shaymin-Sky|\n|poke|p2|Koraidon|\n|teampreview\n|inactive|Battle timer is ON: inactive players will automatically lose when time's up. (requested by lukeluna)\n|c|\u2606lukeluna|glhf\n|c|\u2606OhHiItsNotMe|Hi\n|c|\u2606lukeluna|hi?\n|inactive|lukeluna has 120 seconds left.\n|\n|t:|1699801883\n|start\n|switch|p1a: Ribombee|Ribombee, F|100\/100\n|switch|p2a: Espathra|Espathra, F, shiny|100\/100\n|turn|1\n|\n|t:|1699801895\n|move|p1a: Ribombee|Sticky Web|p2a: Espathra\n|-sidestart|p2: OhHiItsNotMe|move: Sticky Web\n|move|p2a: Espathra|Calm Mind|p2a: Espathra\n|-boost|p2a: Espathra|spa|1\n|-boost|p2a: Espathra|spd|1\n|\n|-ability|p2a: Espathra|Speed Boost|boost\n|-boost|p2a: Espathra|spe|1\n|upkeep\n|turn|2\n|\n|t:|1699801905\n|move|p1a: Ribombee|U-turn|p2a: Espathra\n|-supereffective|p2a: Espathra\n|-damage|p2a: Espathra|76\/100\n|\n|t:|1699801908\n|switch|p1a: Chansey|Chansey, F|100\/100|[from] U-turn\n|move|p2a: Espathra|Calm Mind|p2a: Espathra\n|-boost|p2a: Espathra|spa|1\n|-boost|p2a: Espathra|spd|1\n|\n|-heal|p2a: Espathra|82\/100|[from] item: Leftovers\n|-ability|p2a: Espathra|Speed Boost|boost\n|-boost|p2a: Espathra|spe|1\n|upkeep\n|turn|3\n|\n|t:|1699801916\n|move|p2a: Espathra|Calm Mind|p2a: Espathra\n|-boost|p2a: Espathra|spa|1\n|-boost|p2a: Espathra|spd|1\n|move|p1a: Chansey|Thunder Wave|p2a: Espathra\n|-status|p2a: Espathra|par\n|\n|-heal|p2a: Espathra|88\/100 par|[from] item: Leftovers\n|-ability|p2a: Espathra|Speed Boost|boost\n|-boost|p2a: Espathra|spe|1\n|upkeep\n|turn|4\n|\n|t:|1699801925\n|move|p2a: Espathra|Substitute|p2a: Espathra\n|-start|p2a: Espathra|Substitute\n|-damage|p2a: Espathra|63\/100 par\n|move|p1a: Chansey|Seismic Toss|p2a: Espathra\n|-end|p2a: Espathra|Substitute\n|\n|-heal|p2a: Espathra|69\/100 par|[from] item: Leftovers\n|-ability|p2a: Espathra|Speed Boost|boost\n|-boost|p2a: Espathra|spe|1\n|upkeep\n|turn|5\n|\n|t:|1699801938\n|cant|p2a: Espathra|par\n|move|p1a: Chansey|Seismic Toss|p2a: Espathra\n|-damage|p2a: Espathra|44\/100 par\n|\n|-heal|p2a: Espathra|50\/100 par|[from] item: Leftovers\n|-ability|p2a: Espathra|Speed Boost|boost\n|-boost|p2a: Espathra|spe|1\n|upkeep\n|turn|6\n|\n|t:|1699801947\n|move|p2a: Espathra|Baton Pass|p2a: Espathra\n|\n|t:|1699801949\n|switch|p2a: Death|Calyrex-Shadow|100\/100|[from] Baton Pass\n|-ability|p2a: Death|As One\n|-ability|p2a: Death|Unnerve\n|-activate|p2a: Death|move: Sticky Web\n|-unboost|p2a: Death|spe|1\n|move|p1a: Chansey|Seismic Toss|p2a: Death\n|-immune|p2a: Death\n|\n|upkeep\n|turn|7\n|c|\u2606lukeluna|not baton pass\n|c|\u2606lukeluna|oh no\n|\n|t:|1699801970\n|move|p2a: Death|Psychic|p1a: Chansey\n|-damage|p1a: Chansey|41\/100\n|-damage|p2a: Death|91\/100|[from] item: Life Orb\n|move|p1a: Chansey|Thunder Wave|p2a: Death|[miss]\n|-miss|p1a: Chansey|p2a: Death\n|\n|upkeep\n|turn|8\n|c|\u2606lukeluna|welp\n|c|\u2606OhHiItsNotMe|I\u2019m so lucky\n|c|\u2606lukeluna|that miss about does it\n|inactive|lukeluna has 120 seconds left.\n|c|\u2606lukeluna|lol\n|c|\u2606lukeluna|i\u2019d say you prolly sweep anyways\n|c|\u2606OhHiItsNotMe|Gg\n|inactive|lukeluna has 90 seconds left.\n|c|\u2606OhHiItsNotMe|I got a shiny cetoddle brb\n|\n|t:|1699802029\n|switch|p1a: Ribombee|Ribombee, F|100\/100\n|move|p2a: Death|Psychic|p1a: Ribombee\n|-damage|p1a: Ribombee|0 fnt\n|faint|p1a: Ribombee\n|-ability|p2a: Death|Grim Neigh|boost\n|-boost|p2a: Death|spa|1\n|-damage|p2a: Death|81\/100|[from] item: Life Orb\n|\n|upkeep\n|\n|t:|1699802034\n|switch|p1a: Rayquaza|Rayquaza|100\/100\n|-ability|p1a: Rayquaza|Air Lock\n|turn|9\n|c|\u2606OhHiItsNotMe|I caught it\n|\n|t:|1699802053\n|-terastallize|p1a: Rayquaza|Dragon\n|move|p2a: Death|Astral Barrage|p1a: Rayquaza\n|-enditem|p1a: Rayquaza|Focus Sash\n|-damage|p1a: Rayquaza|1\/100\n|-damage|p2a: Death|71\/100|[from] item: Life Orb\n|move|p1a: Rayquaza|Dragon Claw|p2a: Death\n|-damage|p2a: Death|0 fnt\n|faint|p2a: Death\n|\n|upkeep\n|c|\u2606lukeluna|???\n|c|\u2606lukeluna|are you playing pok\u00e9mon go\n|c|\u2606OhHiItsNotMe|No violet\n|c|\u2606lukeluna|ah i see\n|inactive|OhHiItsNotMe has 120 seconds left.\n|\n|t:|1699802073\n|switch|p2a: Flinch|Shaymin-Sky, shiny|100\/100\n|turn|10\n|\n|t:|1699802084\n|switch|p1a: Orthworm|Orthworm, F|100\/100\n|move|p2a: Flinch|Psychic|p1a: Orthworm\n|-resisted|p1a: Orthworm\n|-damage|p1a: Orthworm|78\/100\n|\n|upkeep\n|turn|11\n|\n|t:|1699802091\n|move|p2a: Flinch|Seed Flare|p1a: Orthworm\n|-resisted|p1a: Orthworm\n|-damage|p1a: Orthworm|32\/100\n|-unboost|p1a: Orthworm|spd|2\n|-enditem|p1a: Orthworm|Sitrus Berry|[eat]\n|-heal|p1a: Orthworm|56\/100|[from] item: Sitrus Berry\n|move|p1a: Orthworm|Shed Tail|p1a: Orthworm\n|-start|p1a: Orthworm|Substitute|[from] move: Shed Tail\n|-damage|p1a: Orthworm|6\/100\n|\n|t:|1699802099\n|switch|p1a: Rayquaza|Rayquaza, tera:Dragon|1\/100|[from] Shed Tail\n|-ability|p1a: Rayquaza|Air Lock\n|\n|upkeep\n|turn|12\n|\n|t:|1699802104\n|move|p2a: Flinch|Air Slash|p1a: Rayquaza\n|-end|p1a: Rayquaza|Substitute\n|move|p1a: Rayquaza|Dragon Dance|p1a: Rayquaza\n|-boost|p1a: Rayquaza|atk|1\n|-boost|p1a: Rayquaza|spe|1\n|\n|upkeep\n|turn|13\n|\n|t:|1699802114\n|move|p1a: Rayquaza|Dragon Ascent|p2a: Flinch\n|-supereffective|p2a: Flinch\n|-enditem|p2a: Flinch|Focus Sash\n|-damage|p2a: Flinch|1\/100\n|-unboost|p1a: Rayquaza|def|1\n|-unboost|p1a: Rayquaza|spd|1\n|move|p2a: Flinch|Air Slash|p1a: Rayquaza\n|-damage|p1a: Rayquaza|0 fnt\n|faint|p1a: Rayquaza\n|\n|upkeep\n|c|\u2606lukeluna|nice sash\n|inactive|lukeluna has 120 seconds left.\n|c|\u2606OhHiItsNotMe|Thx\n|c|\u2606OhHiItsNotMe|omg it has a mark\n|\n|t:|1699802140\n|switch|p1a: Regieleki|Regieleki|100\/100\n|turn|14\n|c|\u2606OhHiItsNotMe|*shiny cetoddle*\n|\n|t:|1699802148\n|move|p1a: Regieleki|Volt Switch|p2a: Flinch\n|-damage|p2a: Flinch|0 fnt\n|faint|p2a: Flinch\n|\n|t:|1699802157\n|switch|p1a: Chansey|Chansey, F|41\/100|[from] Volt Switch\n|\n|upkeep\n|\n|t:|1699802162\n|switch|p2a: Espathra|Espathra, F, shiny|50\/100 par\n|-activate|p2a: Espathra|move: Sticky Web\n|-unboost|p2a: Espathra|spe|1\n|turn|15\n|\n|t:|1699802168\n|move|p1a: Chansey|Soft-Boiled|p1a: Chansey\n|-heal|p1a: Chansey|91\/100\n|cant|p2a: Espathra|par\n|\n|-heal|p2a: Espathra|56\/100 par|[from] item: Leftovers\n|-ability|p2a: Espathra|Speed Boost|boost\n|-boost|p2a: Espathra|spe|1\n|upkeep\n|turn|16\n|\n|t:|1699802175\n|move|p1a: Chansey|Seismic Toss|p2a: Espathra\n|-damage|p2a: Espathra|30\/100 par\n|move|p2a: Espathra|Calm Mind|p2a: Espathra\n|-boost|p2a: Espathra|spa|1\n|-boost|p2a: Espathra|spd|1\n|\n|-heal|p2a: Espathra|37\/100 par|[from] item: Leftovers\n|-ability|p2a: Espathra|Speed Boost|boost\n|-boost|p2a: Espathra|spe|1\n|upkeep\n|turn|17\n|\n|t:|1699802183\n|move|p2a: Espathra|Calm Mind|p2a: Espathra\n|-boost|p2a: Espathra|spa|1\n|-boost|p2a: Espathra|spd|1\n|move|p1a: Chansey|Seismic Toss|p2a: Espathra\n|-damage|p2a: Espathra|11\/100 par\n|\n|-heal|p2a: Espathra|17\/100 par|[from] item: Leftovers\n|-ability|p2a: Espathra|Speed Boost|boost\n|-boost|p2a: Espathra|spe|1\n|upkeep\n|turn|18\n|\n|t:|1699802192\n|move|p2a: Espathra|Baton Pass|p2a: Espathra\n|\n|t:|1699802194\n|switch|p2a: Spook|Darkrai, shiny|100\/100|[from] Baton Pass\n|-activate|p2a: Spook|move: Sticky Web\n|-unboost|p2a: Spook|spe|1\n|move|p1a: Chansey|Seismic Toss|p2a: Spook\n|-damage|p2a: Spook|65\/100\n|\n|upkeep\n|turn|19\n|\n|t:|1699802204\n|move|p2a: Spook|Focus Blast|p1a: Chansey\n|-supereffective|p1a: Chansey\n|-damage|p1a: Chansey|35\/100\n|move|p1a: Chansey|Seismic Toss|p2a: Spook\n|-damage|p2a: Spook|29\/100\n|\n|upkeep\n|turn|20\n|\n|t:|1699802212\n|switch|p1a: Chandelure|Chandelure, M|100\/100\n|move|p2a: Spook|Focus Blast|p1a: Chandelure\n|-immune|p1a: Chandelure\n|\n|upkeep\n|turn|21\n|c|\u2606OhHiItsNotMe|Nice switch\n|inactive|lukeluna has 120 seconds left.\n|\n|t:|1699802245\n|switch|p1a: Orthworm|Orthworm, F|6\/100\n|move|p2a: Spook|Dark Pulse|p1a: Orthworm\n|-damage|p1a: Orthworm|0 fnt\n|faint|p1a: Orthworm\n|\n|upkeep\n|\n|t:|1699802250\n|switch|p1a: Chansey|Chansey, F|35\/100\n|turn|22\n|\n|t:|1699802253\n|move|p2a: Spook|Dark Pulse|p1a: Chansey\n|-damage|p1a: Chansey|8\/100\n|cant|p1a: Chansey|flinch\n|\n|upkeep\n|turn|23\n|c|\u2606OhHiItsNotMe|My luck!\n|c|\u2606lukeluna|rip\n|\n|t:|1699802273\n|move|p2a: Spook|Dark Pulse|p1a: Chansey\n|-damage|p1a: Chansey|0 fnt\n|faint|p1a: Chansey\n|\n|upkeep\n|c|\u2606OhHiItsNotMe|U should win\n|\n|t:|1699802277\n|switch|p1a: Regieleki|Regieleki|100\/100\n|turn|24\n|c|\u2606lukeluna|doubt\n|\n|t:|1699802286\n|move|p2a: Spook|Hypnosis|p1a: Regieleki\n|-status|p1a: Regieleki|slp|[from] move: Hypnosis\n|cant|p1a: Regieleki|slp\n|\n|-damage|p1a: Regieleki|88\/100 slp|[from] ability: Bad Dreams|[of] p2a: Spook\n|upkeep\n|turn|25\n|c|\u2606lukeluna|\u2026\n|c|\u2606lukeluna|im done\n|\n|t:|1699802296\n|move|p2a: Spook|Hex|p1a: Regieleki\n|-damage|p1a: Regieleki|0 fnt\n|faint|p1a: Regieleki\n|\n|upkeep\n|\n|t:|1699802298\n|switch|p1a: Chandelure|Chandelure, M|100\/100\n|turn|26\n|\n|t:|1699802315\n|-terastallize|p2a: Spook|Dark\n|move|p2a: Spook|Dark Pulse|p1a: Chandelure\n|-supereffective|p1a: Chandelure\n|-damage|p1a: Chandelure|0 fnt\n|faint|p1a: Chandelure\n|\n|win|OhHiItsNotMe\n|raw|lukeluna's rating: 1260 &rarr; <strong>1242<\/strong><br \/>(-18 for losing)\n|raw|OhHiItsNotMe's rating: 1367 &rarr; <strong>1381<\/strong><br \/>(+14 for winning)\n|c|\u2606lukeluna|ggs\n","uploadtime":1699802323,"views":4,"p1id":"lukeluna","p2id":"ohhiitsnotme","formatid":"gen9anythinggoes","rating":1242,"private":0,"password":""}