{"id":"gen9anythinggoes-1983249626","p1":"pterodactyl45","p2":"15Luap09","format":"[Gen 9] Anything Goes","log":"|j|\u2606pterodactyl45\n|j|\u260615Luap09\n|t:|1699110349\n|gametype|singles\n|player|p1|pterodactyl45|schoolkid-gen4|1088\n|player|p2|15Luap09|1|1115\n|teamsize|p1|6\n|teamsize|p2|6\n|gen|9\n|tier|[Gen 9] Anything Goes\n|rated|\n|rule|HP Percentage Mod: HP is shown in percentages\n|rule|Endless Battle Clause: Forcing endless battles is banned\n|clearpoke\n|poke|p1|Ogerpon-Wellspring, F|\n|poke|p1|Volcanion|\n|poke|p1|Palafin, M|\n|poke|p1|Giratina|\n|poke|p1|Mew|\n|poke|p1|Zamazenta-*|\n|poke|p2|Espathra, F|\n|poke|p2|Grimmsnarl, M|\n|poke|p2|Nacli, M|\n|poke|p2|Dudunsparce-*, F|\n|poke|p2|Scream Tail|\n|poke|p2|Chansey, F|\n|teampreview\n|\n|t:|1699110358\n|start\n|switch|p1a: Meow|Mew|100\/100\n|switch|p2a: Grimsley|Grimmsnarl, M, shiny|100\/100\n|turn|1\n|\n|t:|1699110373\n|move|p2a: Grimsley|Light Screen|p2a: Grimsley\n|-sidestart|p2: 15Luap09|move: Light Screen\n|move|p1a: Meow|Bulk Up|p1a: Meow\n|-boost|p1a: Meow|atk|1\n|-boost|p1a: Meow|def|1\n|\n|upkeep\n|turn|2\n|\n|t:|1699110379\n|move|p2a: Grimsley|Reflect|p2a: Grimsley\n|-sidestart|p2: 15Luap09|Reflect\n|move|p1a: Meow|Bulk Up|p1a: Meow\n|-boost|p1a: Meow|atk|1\n|-boost|p1a: Meow|def|1\n|\n|upkeep\n|turn|3\n|\n|t:|1699110385\n|move|p1a: Meow|Agility|p1a: Meow\n|-boost|p1a: Meow|spe|2\n|move|p2a: Grimsley|Fling|p1a: Meow\n|-supereffective|p1a: Meow\n|-damage|p1a: Meow|91\/100\n|-status|p1a: Meow|par\n|-activate|p1a: Meow|ability: Synchronize\n|-status|p2a: Grimsley|par\n|-enditem|p2a: Grimsley|Light Ball|[from] move: Fling\n|\n|-heal|p1a: Meow|97\/100 par|[from] item: Leftovers\n|upkeep\n|turn|4\n|\n|t:|1699110397\n|move|p1a: Meow|Protect|p1a: Meow\n|-singleturn|p1a: Meow|Protect\n|cant|p2a: Grimsley|par\n|\n|-heal|p1a: Meow|100\/100 par|[from] item: Leftovers\n|upkeep\n|turn|5\n|\n|t:|1699110405\n|move|p1a: Meow|Bulk Up|p1a: Meow\n|-boost|p1a: Meow|atk|1\n|-boost|p1a: Meow|def|1\n|cant|p2a: Grimsley|par\n|\n|-sideend|p2: 15Luap09|move: Light Screen\n|upkeep\n|turn|6\n|\n|t:|1699110412\n|cant|p1a: Meow|par\n|move|p2a: Grimsley|Thief|p1a: Meow\n|-supereffective|p1a: Meow\n|-damage|p1a: Meow|86\/100 par\n|-enditem|p1a: Meow|Leftovers|[silent]|[from] move: Thief|[of] p2a: Grimsley\n|-item|p2a: Grimsley|Leftovers|[from] move: Thief|[of] p1a: Meow\n|\n|-sideend|p2: 15Luap09|Reflect\n|upkeep\n|turn|7\n|\n|t:|1699110421\n|move|p2a: Grimsley|Reflect|p2a: Grimsley\n|-sidestart|p2: 15Luap09|Reflect\n|cant|p1a: Meow|par\n|\n|upkeep\n|turn|8\n|\n|t:|1699110425\n|move|p1a: Meow|Bulk Up|p1a: Meow\n|-boost|p1a: Meow|atk|1\n|-boost|p1a: Meow|def|1\n|cant|p2a: Grimsley|par\n|\n|upkeep\n|turn|9\n|\n|t:|1699110432\n|move|p1a: Meow|Bulk Up|p1a: Meow\n|-boost|p1a: Meow|atk|1\n|-boost|p1a: Meow|def|1\n|cant|p2a: Grimsley|par\n|\n|upkeep\n|turn|10\n|\n|t:|1699110438\n|cant|p1a: Meow|par\n|move|p2a: Grimsley|Fling|p1a: Meow\n|-supereffective|p1a: Meow\n|-damage|p1a: Meow|84\/100 par\n|-enditem|p2a: Grimsley|Leftovers|[from] move: Fling\n|\n|upkeep\n|turn|11\n|\n|t:|1699110447\n|move|p2a: Grimsley|Light Screen|p2a: Grimsley\n|-sidestart|p2: 15Luap09|move: Light Screen\n|move|p1a: Meow|Bulk Up|p1a: Meow\n|-boost|p1a: Meow|atk|1\n|-boost|p1a: Meow|def|1\n|\n|-sideend|p2: 15Luap09|Reflect\n|upkeep\n|turn|12\n|\n|t:|1699110454\n|move|p2a: Grimsley|Reflect|p2a: Grimsley\n|-sidestart|p2: 15Luap09|Reflect\n|move|p1a: Meow|Agility|p1a: Meow\n|-boost|p1a: Meow|spe|2\n|\n|upkeep\n|turn|13\n|\n|t:|1699110461\n|switch|p2a: Espartame|Espathra, F|100\/100\n|cant|p1a: Meow|par\n|\n|upkeep\n|turn|14\n|\n|t:|1699110467\n|cant|p1a: Meow|par\n|move|p2a: Espartame|Substitute|p2a: Espartame\n|-start|p2a: Espartame|Substitute\n|-damage|p2a: Espartame|76\/100\n|\n|-heal|p2a: Espartame|82\/100|[from] item: Leftovers\n|-ability|p2a: Espartame|Speed Boost|boost\n|-boost|p2a: Espartame|spe|1\n|upkeep\n|turn|15\n|\n|t:|1699110477\n|move|p1a: Meow|Agility|p1a: Meow\n|-boost|p1a: Meow|spe|2\n|move|p2a: Espartame|Lumina Crash|p1a: Meow\n|-resisted|p1a: Meow\n|-damage|p1a: Meow|70\/100 par\n|-unboost|p1a: Meow|spd|2\n|\n|-heal|p2a: Espartame|88\/100|[from] item: Leftovers\n|-sideend|p2: 15Luap09|move: Light Screen\n|-ability|p2a: Espartame|Speed Boost|boost\n|-boost|p2a: Espartame|spe|1\n|upkeep\n|turn|16\n|\n|t:|1699110489\n|move|p1a: Meow|Baton Pass|p1a: Meow\n|\n|t:|1699110495\n|switch|p1a: Shield|Zamazenta-Crowned|100\/100|[from] Baton Pass\n|move|p2a: Espartame|Lumina Crash|p1a: Shield\n|-damage|p1a: Shield|59\/100\n|-unboost|p1a: Shield|spd|2\n|\n|-heal|p2a: Espartame|94\/100|[from] item: Leftovers\n|-sideend|p2: 15Luap09|Reflect\n|-ability|p2a: Espartame|Speed Boost|boost\n|-boost|p2a: Espartame|spe|1\n|upkeep\n|turn|17\n|\n|t:|1699110511\n|move|p1a: Shield|Brick Break|p2a: Espartame\n|-resisted|p2a: Espartame\n|-end|p2a: Espartame|Substitute\n|move|p2a: Espartame|Lumina Crash|p1a: Shield\n|-damage|p1a: Shield|3\/100\n|-unboost|p1a: Shield|spd|2\n|\n|-heal|p2a: Espartame|99\/100|[from] item: Leftovers\n|-ability|p2a: Espartame|Speed Boost|boost\n|-boost|p2a: Espartame|spe|1\n|upkeep\n|turn|18\n|\n|t:|1699110534\n|switch|p2a: Salty DC?|Nacli, M, shiny|100\/100\n|move|p1a: Shield|Behemoth Bash|p2a: Salty DC?\n|-supereffective|p2a: Salty DC?\n|-damage|p2a: Salty DC?|0 fnt\n|-damage|p1a: Shield|0 fnt|[from] item: Rocky Helmet|[of] p2a: Salty DC?\n|faint|p2a: Salty DC?\n|faint|p1a: Shield\n|\n|upkeep\n|\n|t:|1699110546\n|switch|p1a: Meow|Mew|70\/100 par\n|switch|p2a: Espartame|Espathra, F|99\/100\n|turn|19\n|c|\u2606pterodactyl45|;-;\n|c|\u260615Luap09|A worth while sacrifice \ud83e\udd23\n|\n|t:|1699110560\n|move|p2a: Espartame|Substitute|p2a: Espartame\n|-start|p2a: Espartame|Substitute\n|-damage|p2a: Espartame|75\/100\n|move|p1a: Meow|Agility|p1a: Meow\n|-boost|p1a: Meow|spe|2\n|\n|-heal|p2a: Espartame|81\/100|[from] item: Leftovers\n|-ability|p2a: Espartame|Speed Boost|boost\n|-boost|p2a: Espartame|spe|1\n|upkeep\n|turn|20\n|\n|t:|1699110570\n|move|p2a: Espartame|Calm Mind|p2a: Espartame\n|-boost|p2a: Espartame|spa|1\n|-boost|p2a: Espartame|spd|1\n|cant|p1a: Meow|par\n|\n|-heal|p2a: Espartame|87\/100|[from] item: Leftovers\n|-ability|p2a: Espartame|Speed Boost|boost\n|-boost|p2a: Espartame|spe|1\n|upkeep\n|turn|21\n|\n|t:|1699110580\n|move|p2a: Espartame|Lumina Crash|p1a: Meow\n|-resisted|p1a: Meow\n|-damage|p1a: Meow|48\/100 par\n|-unboost|p1a: Meow|spd|2\n|move|p1a: Meow|Bulk Up|p1a: Meow\n|-boost|p1a: Meow|atk|1\n|-boost|p1a: Meow|def|1\n|\n|-heal|p2a: Espartame|93\/100|[from] item: Leftovers\n|-ability|p2a: Espartame|Speed Boost|boost\n|-boost|p2a: Espartame|spe|1\n|upkeep\n|turn|22\n|\n|t:|1699110592\n|move|p2a: Espartame|Lumina Crash|p1a: Meow\n|-resisted|p1a: Meow\n|-damage|p1a: Meow|9\/100 par\n|-unboost|p1a: Meow|spd|2\n|cant|p1a: Meow|par\n|\n|-heal|p2a: Espartame|99\/100|[from] item: Leftovers\n|-ability|p2a: Espartame|Speed Boost|boost\n|-boost|p2a: Espartame|spe|1\n|upkeep\n|turn|23\n|\n|t:|1699110603\n|move|p2a: Espartame|Lumina Crash|p1a: Meow\n|-resisted|p1a: Meow\n|-damage|p1a: Meow|0 fnt\n|faint|p1a: Meow\n|\n|-heal|p2a: Espartame|100\/100|[from] item: Leftovers\n|-ability|p2a: Espartame|Speed Boost|boost\n|-boost|p2a: Espartame|spe|1\n|upkeep\n|\n|t:|1699110613\n|switch|p1a: Gelatin|Giratina|100\/100\n|-ability|p1a: Gelatin|Pressure\n|turn|24\n|\n|t:|1699110622\n|move|p2a: Espartame|Baton Pass|p2a: Espartame\n|\n|t:|1699110624\n|switch|p2a: Land Snek|Dudunsparce-Three-Segment, F|100\/100|[from] Baton Pass\n|move|p1a: Gelatin|Poltergeist|p2a: Land Snek\n|-immune|p2a: Land Snek\n|\n|upkeep\n|turn|25\n|\n|t:|1699110634\n|switch|p1a: Dolphin|Palafin, M|100\/100\n|move|p2a: Land Snek|Coil|p2a: Land Snek\n|-boost|p2a: Land Snek|atk|1\n|-boost|p2a: Land Snek|def|1\n|-boost|p2a: Land Snek|accuracy|1\n|\n|upkeep\n|turn|26\n|\n|t:|1699110645\n|move|p2a: Land Snek|Coil|p2a: Land Snek\n|-boost|p2a: Land Snek|atk|1\n|-boost|p2a: Land Snek|def|1\n|-boost|p2a: Land Snek|accuracy|1\n|move|p1a: Dolphin|Flip Turn|p2a: Land Snek\n|-activate|p2a: Land Snek|move: Substitute|[damage]\n|\n|t:|1699110653\n|detailschange|p1a: Dolphin|Palafin-Hero, M\n|switch|p1a: Volcano|Volcanion|100\/100|[from] Flip Turn\n|\n|upkeep\n|turn|27\n|\n|t:|1699110663\n|move|p2a: Land Snek|Coil|p2a: Land Snek\n|-boost|p2a: Land Snek|atk|1\n|-boost|p2a: Land Snek|def|1\n|-boost|p2a: Land Snek|accuracy|1\n|move|p1a: Volcano|Flash Cannon|p2a: Land Snek\n|-activate|p2a: Land Snek|move: Substitute|[damage]\n|\n|upkeep\n|turn|28\n|\n|t:|1699110673\n|move|p2a: Land Snek|Coil|p2a: Land Snek\n|-boost|p2a: Land Snek|atk|1\n|-boost|p2a: Land Snek|def|1\n|-boost|p2a: Land Snek|accuracy|1\n|move|p1a: Volcano|Flamethrower|p2a: Land Snek\n|-end|p2a: Land Snek|Substitute\n|\n|upkeep\n|turn|29\n|\n|t:|1699110682\n|move|p2a: Land Snek|Substitute|p2a: Land Snek\n|-start|p2a: Land Snek|Substitute\n|-damage|p2a: Land Snek|76\/100\n|move|p1a: Volcano|Flamethrower|p2a: Land Snek\n|-activate|p2a: Land Snek|move: Substitute|[damage]\n|\n|upkeep\n|turn|30\n|\n|t:|1699110693\n|move|p2a: Land Snek|Coil|p2a: Land Snek\n|-boost|p2a: Land Snek|atk|1\n|-boost|p2a: Land Snek|def|1\n|-boost|p2a: Land Snek|accuracy|1\n|move|p1a: Volcano|Flamethrower|p2a: Land Snek\n|-end|p2a: Land Snek|Substitute\n|\n|upkeep\n|turn|31\n|\n|t:|1699110703\n|move|p2a: Land Snek|Substitute|p2a: Land Snek\n|-start|p2a: Land Snek|Substitute\n|-damage|p2a: Land Snek|51\/100\n|move|p1a: Volcano|Hydro Pump|p2a: Land Snek\n|-activate|p2a: Land Snek|move: Substitute|[damage]\n|\n|upkeep\n|turn|32\n|\n|t:|1699110740\n|move|p2a: Land Snek|Coil|p2a: Land Snek\n|-boost|p2a: Land Snek|atk|1\n|-boost|p2a: Land Snek|def|1\n|-boost|p2a: Land Snek|accuracy|1\n|move|p1a: Volcano|Flamethrower|p2a: Land Snek\n|-end|p2a: Land Snek|Substitute\n|\n|upkeep\n|turn|33\n|c|\u260615Luap09|I just realised something. My physical Chansey can't hit your Giratina unless it rids the ghost type \ud83e\udd23\n|\n|t:|1699110759\n|move|p2a: Land Snek|Substitute|p2a: Land Snek\n|-start|p2a: Land Snek|Substitute\n|-damage|p2a: Land Snek|26\/100\n|move|p1a: Volcano|Flash Cannon|p2a: Land Snek\n|-activate|p2a: Land Snek|move: Substitute|[damage]\n|\n|upkeep\n|turn|34\n|\n|t:|1699110768\n|move|p2a: Land Snek|Baton Pass|p2a: Land Snek\n|\n|t:|1699110771\n|switch|p2a: Espartame|Espathra, F|100\/100|[from] Baton Pass\n|move|p1a: Volcano|Flash Cannon|p2a: Espartame\n|-end|p2a: Espartame|Substitute\n|\n|upkeep\n|turn|35\n|c|\u2606pterodactyl45|;-;\n|\n|t:|1699110779\n|move|p2a: Espartame|Substitute|p2a: Espartame\n|-start|p2a: Espartame|Substitute\n|-damage|p2a: Espartame|76\/100\n|move|p1a: Volcano|Flamethrower|p2a: Espartame\n|-end|p2a: Espartame|Substitute\n|\n|-heal|p2a: Espartame|82\/100|[from] item: Leftovers\n|-ability|p2a: Espartame|Speed Boost|boost\n|-boost|p2a: Espartame|spe|1\n|upkeep\n|turn|36\n|\n|t:|1699110789\n|move|p2a: Espartame|Lumina Crash|p1a: Volcano\n|-damage|p1a: Volcano|54\/100\n|-unboost|p1a: Volcano|spd|2\n|move|p1a: Volcano|Flamethrower|p2a: Espartame\n|-damage|p2a: Espartame|57\/100\n|\n|-heal|p2a: Espartame|63\/100|[from] item: Leftovers\n|upkeep\n|turn|37\n|\n|t:|1699110804\n|move|p2a: Espartame|Substitute|p2a: Espartame\n|-start|p2a: Espartame|Substitute\n|-damage|p2a: Espartame|38\/100\n|move|p1a: Volcano|Flamethrower|p2a: Espartame\n|-end|p2a: Espartame|Substitute\n|\n|-heal|p2a: Espartame|44\/100|[from] item: Leftovers\n|upkeep\n|turn|38\n|\n|t:|1699110813\n|move|p2a: Espartame|Lumina Crash|p1a: Volcano\n|-damage|p1a: Volcano|0 fnt\n|faint|p1a: Volcano\n|\n|-heal|p2a: Espartame|50\/100|[from] item: Leftovers\n|upkeep\n|\n|t:|1699110821\n|switch|p1a: Water girl|Ogerpon-Wellspring, F|100\/100\n|turn|39\n|\n|t:|1699110826\n|move|p2a: Espartame|Substitute|p2a: Espartame\n|-start|p2a: Espartame|Substitute\n|-damage|p2a: Espartame|26\/100\n|move|p1a: Water girl|Zen Headbutt|p2a: Espartame\n|-resisted|p2a: Espartame\n|-crit|p2a: Espartame\n|-end|p2a: Espartame|Substitute\n|\n|-heal|p2a: Espartame|32\/100|[from] item: Leftovers\n|upkeep\n|turn|40\n|\n|t:|1699110836\n|move|p2a: Espartame|Substitute|p2a: Espartame\n|-start|p2a: Espartame|Substitute\n|-damage|p2a: Espartame|7\/100\n|move|p1a: Water girl|Horn Leech|p2a: Espartame\n|-activate|p2a: Espartame|move: Substitute|[damage]\n|\n|-heal|p2a: Espartame|13\/100|[from] item: Leftovers\n|upkeep\n|turn|41\n|\n|t:|1699110845\n|move|p2a: Espartame|Calm Mind|p2a: Espartame\n|-boost|p2a: Espartame|spa|1\n|-boost|p2a: Espartame|spd|1\n|move|p1a: Water girl|Knock Off|p2a: Espartame\n|-supereffective|p2a: Espartame\n|-end|p2a: Espartame|Substitute\n|\n|-heal|p2a: Espartame|19\/100|[from] item: Leftovers\n|upkeep\n|turn|42\n|\n|t:|1699110854\n|move|p2a: Espartame|Lumina Crash|p1a: Water girl\n|-damage|p1a: Water girl|39\/100\n|-unboost|p1a: Water girl|spd|2\n|move|p1a: Water girl|Knock Off|p2a: Espartame\n|-supereffective|p2a: Espartame\n|-damage|p2a: Espartame|0 fnt\n|-enditem|p2a: Espartame|Leftovers|[from] move: Knock Off|[of] p1a: Water girl\n|faint|p2a: Espartame\n|\n|upkeep\n|\n|t:|1699110869\n|switch|p2a: Land Snek|Dudunsparce-Three-Segment, F|26\/100\n|turn|43\n|\n|t:|1699110875\n|move|p1a: Water girl|Low Kick|p2a: Land Snek\n|-supereffective|p2a: Land Snek\n|-damage|p2a: Land Snek|0 fnt\n|faint|p2a: Land Snek\n|\n|upkeep\n|\n|t:|1699110881\n|switch|p2a: Bigglytuff|Scream Tail, shiny|100\/100\n|turn|44\n|\n|t:|1699110885\n|move|p1a: Water girl|Knock Off|p2a: Bigglytuff\n|-damage|p2a: Bigglytuff|85\/100\n|move|p2a: Bigglytuff|Bulk Up|p2a: Bigglytuff\n|-boost|p2a: Bigglytuff|atk|1\n|-boost|p2a: Bigglytuff|def|1\n|\n|upkeep\n|turn|45\n|\n|t:|1699110892\n|move|p1a: Water girl|Low Kick|p2a: Bigglytuff\n|-resisted|p2a: Bigglytuff\n|-damage|p2a: Bigglytuff|84\/100\n|move|p2a: Bigglytuff|Bulk Up|p2a: Bigglytuff\n|-boost|p2a: Bigglytuff|atk|1\n|-boost|p2a: Bigglytuff|def|1\n|\n|upkeep\n|turn|46\n|c|\u2606pterodactyl45|oh no\n|\n|t:|1699110905\n|move|p1a: Water girl|Zen Headbutt|p2a: Bigglytuff\n|-resisted|p2a: Bigglytuff\n|-damage|p2a: Bigglytuff|80\/100\n|move|p2a: Bigglytuff|Bulk Up|p2a: Bigglytuff\n|-boost|p2a: Bigglytuff|atk|1\n|-boost|p2a: Bigglytuff|def|1\n|\n|upkeep\n|turn|47\n|\n|t:|1699110912\n|switch|p1a: Gelatin|Giratina|100\/100\n|-ability|p1a: Gelatin|Pressure\n|move|p2a: Bigglytuff|Bulk Up|p2a: Bigglytuff\n|-boost|p2a: Bigglytuff|atk|1\n|-boost|p2a: Bigglytuff|def|1\n|\n|upkeep\n|turn|48\n|\n|t:|1699110925\n|move|p2a: Bigglytuff|Bulk Up|p2a: Bigglytuff\n|-boost|p2a: Bigglytuff|atk|1\n|-boost|p2a: Bigglytuff|def|1\n|move|p1a: Gelatin|Draco Meteor|p2a: Bigglytuff\n|-immune|p2a: Bigglytuff\n|\n|upkeep\n|turn|49\n|\n|t:|1699110932\n|move|p2a: Bigglytuff|Bulk Up|p2a: Bigglytuff\n|-boost|p2a: Bigglytuff|atk|1\n|-boost|p2a: Bigglytuff|def|1\n|move|p1a: Gelatin|Poltergeist||[still]\n|-fail|p1a: Gelatin\n|\n|upkeep\n|turn|50\n|\n|t:|1699110939\n|move|p2a: Bigglytuff|Calm Mind|p2a: Bigglytuff\n|-boost|p2a: Bigglytuff|spa|1\n|-boost|p2a: Bigglytuff|spd|1\n|move|p1a: Gelatin|Destiny Bond|p1a: Gelatin\n|-singlemove|p1a: Gelatin|Destiny Bond\n|\n|upkeep\n|turn|51\n|\n|t:|1699110947\n|move|p2a: Bigglytuff|Bulk Up|p2a: Bigglytuff\n|-boost|p2a: Bigglytuff|atk|0\n|-boost|p2a: Bigglytuff|def|0\n|move|p1a: Gelatin|Dual Wingbeat|p2a: Bigglytuff\n|-damage|p2a: Bigglytuff|78\/100\n|-damage|p2a: Bigglytuff|76\/100\n|-hitcount|p2a: Bigglytuff|2\n|\n|upkeep\n|turn|52\n|c|\u2606pterodactyl45|ok\n|\n|t:|1699110967\n|move|p2a: Bigglytuff|Calm Mind|p2a: Bigglytuff\n|-boost|p2a: Bigglytuff|spa|1\n|-boost|p2a: Bigglytuff|spd|1\n|move|p1a: Gelatin|Poltergeist||[still]\n|-fail|p1a: Gelatin\n|\n|upkeep\n|turn|53\n|\n|t:|1699110978\n|move|p2a: Bigglytuff|Bulk Up|p2a: Bigglytuff\n|-boost|p2a: Bigglytuff|atk|0\n|-boost|p2a: Bigglytuff|def|0\n|move|p1a: Gelatin|Draco Meteor|p2a: Bigglytuff\n|-immune|p2a: Bigglytuff\n|\n|upkeep\n|turn|54\n|\n|t:|1699110988\n|switch|p1a: Water girl|Ogerpon-Wellspring, F|39\/100\n|move|p2a: Bigglytuff|Baton Pass|p2a: Bigglytuff\n|\n|t:|1699110994\n|-end|p2a: Bigglytuff|Protosynthesis|[silent]\n|switch|p2a: Punch Bag|Chansey, F, shiny|100\/100|[from] Baton Pass\n|\n|upkeep\n|turn|55\n|\n|t:|1699110999\n|move|p1a: Water girl|Low Kick|p2a: Punch Bag\n|-supereffective|p2a: Punch Bag\n|-damage|p2a: Punch Bag|87\/100\n|move|p2a: Punch Bag|Body Slam|p1a: Water girl\n|-damage|p1a: Water girl|0 fnt\n|faint|p1a: Water girl\n|\n|upkeep\n|\n|t:|1699111008\n|switch|p1a: Dolphin|Palafin-Hero, M|100\/100\n|-activate|p1a: Dolphin|ability: Zero to Hero\n|turn|56\n|\n|t:|1699111016\n|move|p1a: Dolphin|Close Combat|p2a: Punch Bag\n|-supereffective|p2a: Punch Bag\n|-damage|p2a: Punch Bag|59\/100\n|-unboost|p1a: Dolphin|def|1\n|-unboost|p1a: Dolphin|spd|1\n|move|p2a: Punch Bag|Body Slam|p1a: Dolphin\n|-damage|p1a: Dolphin|30\/100\n|\n|-heal|p1a: Dolphin|36\/100|[from] item: Leftovers\n|upkeep\n|turn|57\n|\n|t:|1699111031\n|move|p1a: Dolphin|Close Combat|p2a: Punch Bag\n|-supereffective|p2a: Punch Bag\n|-damage|p2a: Punch Bag|30\/100\n|-unboost|p1a: Dolphin|def|1\n|-unboost|p1a: Dolphin|spd|1\n|move|p2a: Punch Bag|Drain Punch|p1a: Dolphin\n|-damage|p1a: Dolphin|0 fnt\n|-heal|p2a: Punch Bag|40\/100|[from] drain|[of] p1a: Dolphin\n|faint|p1a: Dolphin\n|\n|upkeep\n|\n|t:|1699111043\n|switch|p1a: Gelatin|Giratina|100\/100\n|-ability|p1a: Gelatin|Pressure\n|turn|58\n|\n|t:|1699111052\n|move|p1a: Gelatin|Draco Meteor|p2a: Punch Bag\n|-damage|p2a: Punch Bag|28\/100\n|-unboost|p1a: Gelatin|spa|2\n|move|p2a: Punch Bag|Drain Punch|p1a: Gelatin\n|-immune|p1a: Gelatin\n|\n|upkeep\n|turn|59\n|\n|t:|1699111061\n|move|p1a: Gelatin|Poltergeist|p2a: Punch Bag\n|-immune|p2a: Punch Bag\n|move|p2a: Punch Bag|Facade|p1a: Gelatin\n|-immune|p1a: Gelatin\n|\n|upkeep\n|turn|60\n|\n|t:|1699111069\n|move|p1a: Gelatin|Dual Wingbeat|p2a: Punch Bag\n|-damage|p2a: Punch Bag|24\/100\n|-damage|p2a: Punch Bag|21\/100\n|-hitcount|p2a: Punch Bag|2\n|move|p2a: Punch Bag|Giga Impact|p1a: Gelatin\n|-immune|p1a: Gelatin\n|\n|upkeep\n|turn|61\n|c|\u260615Luap09|You saw all my moves lol\n|\n|t:|1699111083\n|move|p1a: Gelatin|Dual Wingbeat|p2a: Punch Bag\n|-damage|p2a: Punch Bag|17\/100\n|-damage|p2a: Punch Bag|14\/100\n|-hitcount|p2a: Punch Bag|2\n|move|p2a: Punch Bag|Body Slam|p1a: Gelatin\n|-immune|p1a: Gelatin\n|\n|upkeep\n|turn|62\n|c|\u2606pterodactyl45|k\n|\n|t:|1699111091\n|move|p1a: Gelatin|Dual Wingbeat|p2a: Punch Bag\n|-damage|p2a: Punch Bag|10\/100\n|-damage|p2a: Punch Bag|7\/100\n|-hitcount|p2a: Punch Bag|2\n|move|p2a: Punch Bag|Drain Punch|p1a: Gelatin\n|-immune|p1a: Gelatin\n|\n|upkeep\n|turn|63\n|\n|t:|1699111099\n|move|p1a: Gelatin|Dual Wingbeat|p2a: Punch Bag|[miss]\n|-miss|p1a: Gelatin|p2a: Punch Bag\n|move|p2a: Punch Bag|Facade|p1a: Gelatin\n|-immune|p1a: Gelatin\n|\n|upkeep\n|turn|64\n|\n|t:|1699111107\n|move|p1a: Gelatin|Dual Wingbeat|p2a: Punch Bag\n|-damage|p2a: Punch Bag|3\/100\n|-damage|p2a: Punch Bag|0 fnt\n|faint|p2a: Punch Bag\n|-hitcount|p2: Punch Bag|2\n|\n|upkeep\n|\n|t:|1699111115\n|switch|p2a: Bigglytuff|Scream Tail, shiny|76\/100\n|turn|65\n|c|\u2606pterodactyl45|oh no\n|\n|t:|1699111127\n|move|p2a: Bigglytuff|Bulk Up|p2a: Bigglytuff\n|-boost|p2a: Bigglytuff|atk|1\n|-boost|p2a: Bigglytuff|def|1\n|move|p1a: Gelatin|Dual Wingbeat|p2a: Bigglytuff\n|-damage|p2a: Bigglytuff|71\/100\n|-damage|p2a: Bigglytuff|66\/100\n|-hitcount|p2a: Bigglytuff|2\n|\n|upkeep\n|turn|66\n|\n|t:|1699111136\n|move|p2a: Bigglytuff|Bulk Up|p2a: Bigglytuff\n|-boost|p2a: Bigglytuff|atk|1\n|-boost|p2a: Bigglytuff|def|1\n|move|p1a: Gelatin|Dual Wingbeat|p2a: Bigglytuff|[miss]\n|-miss|p1a: Gelatin|p2a: Bigglytuff\n|\n|upkeep\n|turn|67\n|\n|t:|1699111153\n|move|p2a: Bigglytuff|Bulk Up|p2a: Bigglytuff\n|-boost|p2a: Bigglytuff|atk|1\n|-boost|p2a: Bigglytuff|def|1\n|move|p1a: Gelatin|Dual Wingbeat|p2a: Bigglytuff\n|-damage|p2a: Bigglytuff|63\/100\n|-damage|p2a: Bigglytuff|60\/100\n|-hitcount|p2a: Bigglytuff|2\n|\n|upkeep\n|turn|68\n|c|\u260615Luap09|Grimmsnarl is gonna win this\n|\n|t:|1699111164\n|move|p2a: Bigglytuff|Bulk Up|p2a: Bigglytuff\n|-boost|p2a: Bigglytuff|atk|1\n|-boost|p2a: Bigglytuff|def|1\n|move|p1a: Gelatin|Dual Wingbeat|p2a: Bigglytuff\n|-damage|p2a: Bigglytuff|58\/100\n|-damage|p2a: Bigglytuff|55\/100\n|-hitcount|p2a: Bigglytuff|2\n|\n|upkeep\n|turn|69\n|\n|t:|1699111173\n|move|p2a: Bigglytuff|Bulk Up|p2a: Bigglytuff\n|-boost|p2a: Bigglytuff|atk|1\n|-boost|p2a: Bigglytuff|def|1\n|move|p1a: Gelatin|Dual Wingbeat|p2a: Bigglytuff|[miss]\n|-miss|p1a: Gelatin|p2a: Bigglytuff\n|\n|upkeep\n|turn|70\n|\n|t:|1699111181\n|move|p2a: Bigglytuff|Baton Pass|p2a: Bigglytuff\n|\n|t:|1699111183\n|-end|p2a: Bigglytuff|Protosynthesis|[silent]\n|switch|p2a: Grimsley|Grimmsnarl, M, shiny|100\/100 par|[from] Baton Pass\n|move|p1a: Gelatin|Dual Wingbeat|p2a: Grimsley|[miss]\n|-miss|p1a: Gelatin|p2a: Grimsley\n|\n|upkeep\n|turn|71\n|\n|t:|1699111199\n|move|p2a: Grimsley|Reflect|p2a: Grimsley\n|-sidestart|p2: 15Luap09|Reflect\n|move|p1a: Gelatin|Poltergeist||[still]\n|-fail|p1a: Gelatin\n|\n|upkeep\n|turn|72\n|\n|t:|1699111204\n|move|p1a: Gelatin|Draco Meteor|p2a: Grimsley\n|-immune|p2a: Grimsley\n|move|p2a: Grimsley|Thief|p1a: Gelatin\n|-supereffective|p1a: Gelatin\n|-damage|p1a: Gelatin|10\/100\n|-enditem|p1a: Gelatin|Griseous Orb|[silent]|[from] move: Thief|[of] p2a: Grimsley\n|-item|p2a: Grimsley|Griseous Orb|[from] move: Thief|[of] p1a: Gelatin\n|\n|upkeep\n|turn|73\n|c|\u2606pterodactyl45|ok\n|c|\u2606pterodactyl45|gg\n|c|\u260615Luap09|Ggs\n|\n|t:|1699111221\n|-terastallize|p1a: Gelatin|Ghost\n|move|p1a: Gelatin|Destiny Bond|p1a: Gelatin\n|-singlemove|p1a: Gelatin|Destiny Bond\n|cant|p2a: Grimsley|par\n|\n|upkeep\n|turn|74\n|c|\u2606pterodactyl45|;-;\n|\n|t:|1699111236\n|move|p1a: Gelatin|Dual Wingbeat|p2a: Grimsley\n|-damage|p2a: Grimsley|99\/100 par\n|-damage|p2a: Grimsley|97\/100 par\n|-hitcount|p2a: Grimsley|2\n|move|p2a: Grimsley|Fling|p1a: Gelatin\n|-supereffective|p1a: Gelatin\n|-damage|p1a: Gelatin|0 fnt\n|-enditem|p2a: Grimsley|Griseous Orb|[from] move: Fling\n|faint|p1a: Gelatin\n|\n|win|15Luap09\n|raw|pterodactyl45's rating: 1088 &rarr; <strong>1067<\/strong><br \/>(-21 for losing)\n|raw|15Luap09's rating: 1115 &rarr; <strong>1138<\/strong><br \/>(+23 for winning)\n|c|\u260615Luap09|That was unlucky\n|l|\u2606pterodactyl45\n","uploadtime":1699111266,"views":4,"p1id":"pterodactyl45","p2id":"15luap09","formatid":"gen9anythinggoes","rating":1067,"private":0,"password":""}