{"id":"gen9anythinggoes-1981012614","p1":"LingLing007","p2":"Glubgogabgolab","format":"[Gen 9] Anything Goes","log":"|j|\u2606LingLing007\n|j|\u2606Glubgogabgolab\n|t:|1698856690\n|gametype|singles\n|player|p1|LingLing007|proton|1370\n|player|p2|Glubgogabgolab|marshal|1354\n|teamsize|p1|6\n|teamsize|p2|6\n|gen|9\n|tier|[Gen 9] Anything Goes\n|rated|\n|rule|HP Percentage Mod: HP is shown in percentages\n|rule|Endless Battle Clause: Forcing endless battles is banned\n|clearpoke\n|poke|p1|Roaring Moon|\n|poke|p1|Toxapex, F|\n|poke|p1|Zoroark-Hisui, M|\n|poke|p1|Polteageist-Antique|\n|poke|p1|Great Tusk|\n|poke|p1|Ninetales-Alola, F|\n|poke|p2|Corviknight, F|\n|poke|p2|Flutter Mane|\n|poke|p2|Infernape, M|\n|poke|p2|Cinderace, F|\n|poke|p2|Gengar, F|\n|poke|p2|Quaquaval, F|\n|teampreview\n|inactive|Battle timer is ON: inactive players will automatically lose when time's up. (requested by LingLing007)\n|\n|t:|1698856700\n|start\n|switch|p1a: Great Tusk|Great Tusk|100\/100\n|switch|p2a: SIGMA|Corviknight, F|100\/100\n|turn|1\n|\n|t:|1698856708\n|move|p1a: Great Tusk|Knock Off|p2a: SIGMA\n|-damage|p2a: SIGMA|77\/100\n|-enditem|p2a: SIGMA|Weakness Policy|[from] move: Knock Off|[of] p1a: Great Tusk\n|move|p2a: SIGMA|Bulk Up|p2a: SIGMA\n|-boost|p2a: SIGMA|atk|1\n|-boost|p2a: SIGMA|def|1\n|\n|upkeep\n|turn|2\n|\n|t:|1698856723\n|move|p1a: Great Tusk|Stealth Rock|p2a: SIGMA\n|-sidestart|p2: Glubgogabgolab|move: Stealth Rock\n|move|p2a: SIGMA|Bulk Up|p2a: SIGMA\n|-boost|p2a: SIGMA|atk|1\n|-boost|p2a: SIGMA|def|1\n|\n|upkeep\n|turn|3\n|\n|t:|1698856730\n|-end|p1a: Great Tusk|Protosynthesis|[silent]\n|switch|p1a: Toxapex|Toxapex, F|100\/100\n|move|p2a: SIGMA|Bulk Up|p2a: SIGMA\n|-boost|p2a: SIGMA|atk|1\n|-boost|p2a: SIGMA|def|1\n|\n|upkeep\n|turn|4\n|\n|t:|1698856737\n|move|p2a: SIGMA|Dual Wingbeat|p1a: Toxapex\n|-damage|p1a: Toxapex|66\/100\n|-damage|p2a: SIGMA|61\/100|[from] item: Rocky Helmet|[of] p1a: Toxapex\n|-damage|p1a: Toxapex|35\/100\n|-damage|p2a: SIGMA|44\/100|[from] item: Rocky Helmet|[of] p1a: Toxapex\n|-hitcount|p1a: Toxapex|2\n|move|p1a: Toxapex|Haze|p1a: Toxapex\n|-clearallboost\n|\n|upkeep\n|turn|5\n|\n|t:|1698856744\n|move|p2a: SIGMA|Dual Wingbeat|p1a: Toxapex\n|-damage|p1a: Toxapex|20\/100\n|-damage|p2a: SIGMA|28\/100|[from] item: Rocky Helmet|[of] p1a: Toxapex\n|-damage|p1a: Toxapex|7\/100\n|-damage|p2a: SIGMA|11\/100|[from] item: Rocky Helmet|[of] p1a: Toxapex\n|-hitcount|p1a: Toxapex|2\n|move|p1a: Toxapex|Recover|p1a: Toxapex\n|-heal|p1a: Toxapex|57\/100\n|\n|upkeep\n|turn|6\n|\n|t:|1698856755\n|move|p2a: SIGMA|Steel Wing|p1a: Toxapex\n|-resisted|p1a: Toxapex\n|-damage|p1a: Toxapex|45\/100\n|-damage|p2a: SIGMA|0 fnt|[from] item: Rocky Helmet|[of] p1a: Toxapex\n|faint|p2a: SIGMA\n|move|p1a: Toxapex|Recover|p1a: Toxapex\n|-heal|p1a: Toxapex|95\/100\n|\n|upkeep\n|\n|t:|1698856761\n|switch|p2a: Farter|Quaquaval, F|100\/100\n|-damage|p2a: Farter|94\/100|[from] Stealth Rock\n|turn|7\n|\n|t:|1698856765\n|move|p2a: Farter|Rapid Spin|p1a: Toxapex\n|-damage|p1a: Toxapex|81\/100\n|-boost|p2a: Farter|spe|1\n|-damage|p2a: Farter|78\/100|[from] item: Rocky Helmet|[of] p1a: Toxapex\n|-sideend|p2: Glubgogabgolab|Stealth Rock|[from] move: Rapid Spin|[of] p2a: Farter\n|move|p1a: Toxapex|Toxic|p2a: Farter\n|-status|p2a: Farter|tox\n|\n|-damage|p2a: Farter|72\/100 tox|[from] psn\n|upkeep\n|turn|8\n|\n|t:|1698856770\n|move|p2a: Farter|Ice Spinner|p1a: Toxapex\n|-resisted|p1a: Toxapex\n|-crit|p1a: Toxapex\n|-damage|p1a: Toxapex|66\/100\n|-damage|p2a: Farter|55\/100 tox|[from] item: Rocky Helmet|[of] p1a: Toxapex\n|move|p1a: Toxapex|Haze|p1a: Toxapex\n|-clearallboost\n|\n|-damage|p2a: Farter|43\/100 tox|[from] psn\n|upkeep\n|turn|9\n|\n|t:|1698856773\n|move|p2a: Farter|Aqua Step|p1a: Toxapex\n|-resisted|p1a: Toxapex\n|-damage|p1a: Toxapex|52\/100\n|-boost|p2a: Farter|spe|1\n|-damage|p2a: Farter|27\/100 tox|[from] item: Rocky Helmet|[of] p1a: Toxapex\n|move|p1a: Toxapex|Liquidation|p2a: Farter\n|-resisted|p2a: Farter\n|-damage|p2a: Farter|14\/100 tox\n|\n|-damage|p2a: Farter|0 fnt|[from] psn\n|faint|p2a: Farter\n|upkeep\n|\n|t:|1698856778\n|switch|p2a: OHIO|Flutter Mane|100\/100\n|-enditem|p2a: OHIO|Booster Energy\n|-activate|p2a: OHIO|ability: Protosynthesis|[fromitem]\n|-start|p2a: OHIO|protosynthesisspe\n|turn|10\n|\n|t:|1698856785\n|move|p2a: OHIO|Thunderbolt|p1a: Toxapex\n|-supereffective|p1a: Toxapex\n|-damage|p1a: Toxapex|12\/100\n|move|p1a: Toxapex|Toxic|p2a: OHIO\n|-status|p2a: OHIO|tox\n|\n|-damage|p2a: OHIO|95\/100 tox|[from] psn\n|upkeep\n|turn|11\n|\n|t:|1698856789\n|switch|p1a: Great Tusk|Great Tusk|100\/100\n|move|p2a: OHIO|Thunderbolt|p1a: Great Tusk\n|-immune|p1a: Great Tusk\n|\n|-damage|p2a: OHIO|83\/100 tox|[from] psn\n|upkeep\n|turn|12\n|\n|t:|1698856799\n|-end|p1a: Great Tusk|Protosynthesis|[silent]\n|switch|p1a: Ninetales|Ninetales-Alola, F, shiny|100\/100\n|-weather|Snow|[from] ability: Snow Warning|[of] p1a: Ninetales\n|move|p2a: OHIO|Moonblast|p1a: Ninetales\n|-damage|p1a: Ninetales|50\/100\n|\n|-weather|Snow|[upkeep]\n|-damage|p2a: OHIO|65\/100 tox|[from] psn\n|upkeep\n|turn|13\n|\n|t:|1698856804\n|move|p2a: OHIO|Shadow Ball|p1a: Ninetales\n|-damage|p1a: Ninetales|9\/100\n|-unboost|p1a: Ninetales|spd|1\n|move|p1a: Ninetales|Aurora Veil|p1a: Ninetales\n|-sidestart|p1: LingLing007|move: Aurora Veil\n|\n|-weather|Snow|[upkeep]\n|-damage|p2a: OHIO|41\/100 tox|[from] psn\n|upkeep\n|turn|14\n|\n|t:|1698856810\n|move|p2a: OHIO|Moonblast|p1a: Ninetales\n|-damage|p1a: Ninetales|0 fnt\n|faint|p1a: Ninetales\n|\n|-weather|Snow|[upkeep]\n|-damage|p2a: OHIO|11\/100 tox|[from] psn\n|upkeep\n|\n|t:|1698856812\n|switch|p1a: Roaring Moon|Roaring Moon|100\/100\n|-enditem|p1a: Roaring Moon|Booster Energy\n|-activate|p1a: Roaring Moon|ability: Protosynthesis|[fromitem]\n|-start|p1a: Roaring Moon|protosynthesisspe\n|turn|15\n|\n|t:|1698856816\n|-terastallize|p1a: Roaring Moon|Flying\n|move|p2a: OHIO|Moonblast|p1a: Roaring Moon\n|-damage|p1a: Roaring Moon|77\/100\n|move|p1a: Roaring Moon|Dragon Dance|p1a: Roaring Moon\n|-boost|p1a: Roaring Moon|atk|1\n|-boost|p1a: Roaring Moon|spe|1\n|\n|-weather|Snow|[upkeep]\n|-damage|p2a: OHIO|0 fnt|[from] psn\n|faint|p2a: OHIO\n|-end|p2a: OHIO|Protosynthesis|[silent]\n|upkeep\n|\n|t:|1698856828\n|switch|p2a: Inferrap e|Infernape, M, shiny|100\/100\n|turn|16\n|\n|t:|1698856831\n|move|p1a: Roaring Moon|Acrobatics|p2a: Inferrap e\n|-supereffective|p2a: Inferrap e\n|-enditem|p2a: Inferrap e|Focus Sash\n|-damage|p2a: Inferrap e|1\/100\n|move|p2a: Inferrap e|Thunder Punch|p1a: Roaring Moon\n|-supereffective|p1a: Roaring Moon\n|-damage|p1a: Roaring Moon|44\/100\n|\n|-weather|none\n|upkeep\n|turn|17\n|\n|t:|1698856844\n|move|p1a: Roaring Moon|Earthquake|p2a: Inferrap e\n|-supereffective|p2a: Inferrap e\n|-damage|p2a: Inferrap e|0 fnt\n|faint|p2a: Inferrap e\n|\n|upkeep\n|\n|t:|1698856848\n|switch|p2a: Genigar|Gengar, F|100\/100\n|turn|18\n|\n|t:|1698856850\n|move|p1a: Roaring Moon|Knock Off|p2a: Genigar\n|-supereffective|p2a: Genigar\n|-enditem|p2a: Genigar|Focus Sash\n|-damage|p2a: Genigar|1\/100\n|-start|p1a: Roaring Moon|Disable|Knock Off|[from] ability: Cursed Body|[of] p2a: Genigar\n|move|p2a: Genigar|Thunderbolt|p1a: Roaring Moon\n|-supereffective|p1a: Roaring Moon\n|-damage|p1a: Roaring Moon|11\/100\n|\n|upkeep\n|turn|19\n|\n|t:|1698856859\n|move|p1a: Roaring Moon|Acrobatics|p2a: Genigar\n|-damage|p2a: Genigar|0 fnt\n|faint|p2a: Genigar\n|\n|upkeep\n|\n|t:|1698856861\n|switch|p2a: OHIO FART|Cinderace, F|100\/100\n|turn|20\n|\n|t:|1698856864\n|move|p2a: OHIO FART|Sucker Punch|p1a: Roaring Moon\n|-crit|p1a: Roaring Moon\n|-damage|p1a: Roaring Moon|0 fnt\n|faint|p1a: Roaring Moon\n|-end|p1a: Roaring Moon|Protosynthesis|[silent]\n|\n|-sideend|p1: LingLing007|move: Aurora Veil\n|upkeep\n|\n|t:|1698856868\n|switch|p1a: Polteageist|Polteageist-Antique|100\/100\n|turn|21\n|\n|t:|1698856872\n|move|p2a: OHIO FART|Pyro Ball|p1a: Polteageist\n|-enditem|p1a: Polteageist|Focus Sash\n|-damage|p1a: Polteageist|1\/100\n|move|p1a: Polteageist|Shell Smash|p1a: Polteageist\n|-unboost|p1a: Polteageist|def|1\n|-unboost|p1a: Polteageist|spd|1\n|-boost|p1a: Polteageist|atk|2\n|-boost|p1a: Polteageist|spa|2\n|-boost|p1a: Polteageist|spe|2\n|\n|upkeep\n|turn|22\n|\n|t:|1698856875\n|move|p2a: OHIO FART|Sucker Punch||[still]\n|-fail|p2a: OHIO FART\n|move|p1a: Polteageist|Shell Smash|p1a: Polteageist\n|-unboost|p1a: Polteageist|def|1\n|-unboost|p1a: Polteageist|spd|1\n|-boost|p1a: Polteageist|atk|2\n|-boost|p1a: Polteageist|spa|2\n|-boost|p1a: Polteageist|spe|2\n|\n|upkeep\n|turn|23\n|\n|t:|1698856879\n|move|p2a: OHIO FART|Sucker Punch||[still]\n|-fail|p2a: OHIO FART\n|move|p1a: Polteageist|Shell Smash|p1a: Polteageist\n|-unboost|p1a: Polteageist|def|1\n|-unboost|p1a: Polteageist|spd|1\n|-boost|p1a: Polteageist|atk|2\n|-boost|p1a: Polteageist|spa|2\n|-boost|p1a: Polteageist|spe|2\n|\n|upkeep\n|turn|24\n|\n|t:|1698856883\n|move|p2a: OHIO FART|Sucker Punch|p1a: Polteageist\n|-supereffective|p1a: Polteageist\n|-damage|p1a: Polteageist|0 fnt\n|-start|p2a: OHIO FART|Disable|Sucker Punch|[from] ability: Cursed Body|[of] p1a: Polteageist\n|faint|p1a: Polteageist\n|\n|upkeep\n|\n|t:|1698856891\n|switch|p1a: Great Tusk|Great Tusk|100\/100\n|turn|25\n|\n|t:|1698856898\n|move|p2a: OHIO FART|Pyro Ball|p1a: Great Tusk\n|-crit|p1a: Great Tusk\n|-enditem|p1a: Great Tusk|Focus Sash\n|-damage|p1a: Great Tusk|1\/100\n|-status|p1a: Great Tusk|brn\n|replace|p1a: Zoroark|Zoroark-Hisui, M, shiny\n|-end|p1a: Zoroark|Illusion\n|move|p1a: Zoroark|Hyper Voice|p2a: OHIO FART\n|-damage|p2a: OHIO FART|32\/100\n|\n|-damage|p1a: Zoroark|0 fnt|[from] brn\n|faint|p1a: Zoroark\n|upkeep\n|\n|t:|1698856906\n|switch|p1a: Great Tusk|Great Tusk|100\/100\n|turn|26\n|\n|t:|1698856909\n|move|p2a: OHIO FART|Pyro Ball|p1a: Great Tusk\n|-damage|p1a: Great Tusk|51\/100\n|move|p1a: Great Tusk|Earthquake|p2a: OHIO FART\n|-supereffective|p2a: OHIO FART\n|-damage|p2a: OHIO FART|0 fnt\n|faint|p2a: OHIO FART\n|\n|win|LingLing007\n|raw|LingLing007's rating: 1370 &rarr; <strong>1389<\/strong><br \/>(+19 for winning)\n|raw|Glubgogabgolab's rating: 1354 &rarr; <strong>1335<\/strong><br \/>(-19 for losing)\n|c|\u2606LingLing007|gg\n|l|\u2606Glubgogabgolab\n","uploadtime":1698856915,"views":15,"p1id":"lingling007","p2id":"glubgogabgolab","formatid":"gen9anythinggoes","rating":1335,"private":0,"password":""}