{"id":"gen9anythinggoes-1996301082","p1":"lucasb9650","p2":"MauriVanRiffo","format":"[Gen 9] Anything Goes","log":"|j|\u2606lucasb9650\n|j|\u2606MauriVanRiffo\n|t:|1700669036\n|gametype|singles\n|player|p1|lucasb9650|swimmerf|\n|player|p2|MauriVanRiffo|hilbert|\n|teamsize|p1|6\n|teamsize|p2|6\n|gen|9\n|tier|[Gen 9] Anything Goes\n|rule|HP Percentage Mod: HP is shown in percentages\n|rule|Endless Battle Clause: Forcing endless battles is banned\n|clearpoke\n|poke|p1|Zamazenta-*|\n|poke|p1|Ceruledge, F|\n|poke|p1|Corviknight, F|\n|poke|p1|Heatran, F|\n|poke|p1|Cloyster, F|\n|poke|p1|Dragonite, F|\n|poke|p2|Tyranitar, F|\n|poke|p2|Volcarona, F|\n|poke|p2|Hydreigon, M|\n|poke|p2|Talonflame, M|\n|poke|p2|Rillaboom, M|\n|poke|p2|Bisharp, M|\n|teampreview\n|c|\u2606MauriVanRiffo|Oh\n|c|\u2606MauriVanRiffo|Hi again\n|\n|t:|1700669054\n|start\n|switch|p1a: Zamazenta|Zamazenta|100\/100\n|switch|p2a: Mothra|Volcarona, F|100\/100\n|-ability|p1a: Zamazenta|Dauntless Shield|boost\n|-boost|p1a: Zamazenta|def|1\n|turn|1\n|c|\u2606lucasb9650|I love the Godzilla\n|\n|t:|1700669070\n|move|p1a: Zamazenta|Light Screen|p1a: Zamazenta\n|-sidestart|p1: lucasb9650|move: Light Screen\n|move|p2a: Mothra|Quiver Dance|p2a: Mothra\n|-boost|p2a: Mothra|spa|1\n|-boost|p2a: Mothra|spd|1\n|-boost|p2a: Mothra|spe|1\n|\n|upkeep\n|turn|2\n|c|\u2606MauriVanRiffo|Oh thnxs\n|\n|t:|1700669078\n|move|p2a: Mothra|Quiver Dance|p2a: Mothra\n|-boost|p2a: Mothra|spa|1\n|-boost|p2a: Mothra|spd|1\n|-boost|p2a: Mothra|spe|1\n|move|p1a: Zamazenta|Reflect|p1a: Zamazenta\n|-sidestart|p1: lucasb9650|Reflect\n|\n|upkeep\n|turn|3\n|\n|t:|1700669086\n|move|p2a: Mothra|Fiery Dance|p1a: Zamazenta\n|-damage|p1a: Zamazenta|67\/100\n|-boost|p2a: Mothra|spa|1\n|move|p1a: Zamazenta|Crunch|p2a: Mothra\n|-damage|p2a: Mothra|65\/100\n|\n|upkeep\n|turn|4\n|\n|t:|1700669094\n|move|p2a: Mothra|Fiery Dance|p1a: Zamazenta\n|-damage|p1a: Zamazenta|24\/100\n|move|p1a: Zamazenta|Crunch|p2a: Mothra\n|-damage|p2a: Mothra|30\/100\n|\n|upkeep\n|turn|5\n|\n|t:|1700669112\n|switch|p1a: Dragonite|Dragonite, F|100\/100\n|move|p2a: Mothra|Fiery Dance|p1a: Dragonite\n|-resisted|p1a: Dragonite\n|-damage|p1a: Dragonite|86\/100\n|\n|-heal|p1a: Dragonite|92\/100|[from] item: Leftovers\n|upkeep\n|turn|6\n|\n|t:|1700669125\n|move|p2a: Mothra|Bug Buzz|p1a: Dragonite\n|-resisted|p1a: Dragonite\n|-damage|p1a: Dragonite|59\/100\n|-unboost|p1a: Dragonite|spd|1\n|move|p1a: Dragonite|Fire Punch|p2a: Mothra\n|-damage|p2a: Mothra|0 fnt\n|faint|p2a: Mothra\n|\n|-heal|p1a: Dragonite|65\/100|[from] item: Leftovers\n|upkeep\n|\n|t:|1700669136\n|switch|p2a: Godzilla|Tyranitar, F|100\/100\n|-weather|Sandstorm|[from] ability: Sand Stream|[of] p2a: Godzilla\n|turn|7\n|inactive|Battle timer is ON: inactive players will automatically lose when time's up. (requested by lucasb9650)\n|\n|t:|1700669145\n|-terastallize|p1a: Dragonite|Dragon\n|move|p1a: Dragonite|Dragon Dance|p1a: Dragonite\n|-boost|p1a: Dragonite|atk|1\n|-boost|p1a: Dragonite|spe|1\n|move|p2a: Godzilla|Ice Punch|p1a: Dragonite\n|-supereffective|p1a: Dragonite\n|-damage|p1a: Dragonite|31\/100\n|\n|-weather|Sandstorm|[upkeep]\n|-damage|p1a: Dragonite|25\/100|[from] Sandstorm\n|-heal|p1a: Dragonite|31\/100|[from] item: Leftovers\n|upkeep\n|turn|8\n|\n|t:|1700669161\n|switch|p1a: Cloyster|Cloyster, F, shiny|100\/100\n|move|p2a: Godzilla|Ice Punch|p1a: Cloyster\n|-resisted|p1a: Cloyster\n|-damage|p1a: Cloyster|98\/100\n|\n|-weather|Sandstorm|[upkeep]\n|-damage|p1a: Cloyster|91\/100|[from] Sandstorm\n|-sideend|p1: lucasb9650|move: Light Screen\n|upkeep\n|turn|9\n|\n|t:|1700669169\n|move|p1a: Cloyster|Waterfall|p2a: Godzilla\n|-supereffective|p2a: Godzilla\n|-damage|p2a: Godzilla|41\/100\n|-enditem|p2a: Godzilla|Weakness Policy\n|-boost|p2a: Godzilla|atk|2|[from] item: Weakness Policy\n|-boost|p2a: Godzilla|spa|2|[from] item: Weakness Policy\n|cant|p2a: Godzilla|flinch\n|\n|-weather|Sandstorm|[upkeep]\n|-damage|p1a: Cloyster|85\/100|[from] Sandstorm\n|-sideend|p1: lucasb9650|Reflect\n|upkeep\n|turn|10\n|\n|t:|1700669180\n|move|p1a: Cloyster|Waterfall|p2a: Godzilla\n|-supereffective|p2a: Godzilla\n|-damage|p2a: Godzilla|0 fnt\n|faint|p2a: Godzilla\n|\n|-weather|Sandstorm|[upkeep]\n|-damage|p1a: Cloyster|79\/100|[from] Sandstorm\n|upkeep\n|\n|t:|1700669185\n|switch|p2a: King Kong|Rillaboom, M|100\/100\n|-fieldstart|move: Grassy Terrain|[from] ability: Grassy Surge|[of] p2a: King Kong\n|-enditem|p2a: King Kong|Grassy Seed\n|-boost|p2a: King Kong|def|1|[from] item: Grassy Seed\n|turn|11\n|\n|t:|1700669195\n|move|p2a: King Kong|Drain Punch|p1a: Cloyster\n|-supereffective|p1a: Cloyster\n|-damage|p1a: Cloyster|41\/100\n|move|p1a: Cloyster|Icicle Spear|p2a: King Kong\n|-supereffective|p2a: King Kong\n|-damage|p2a: King Kong|85\/100\n|-supereffective|p2a: King Kong\n|-damage|p2a: King Kong|70\/100\n|-supereffective|p2a: King Kong\n|-damage|p2a: King Kong|55\/100\n|-supereffective|p2a: King Kong\n|-damage|p2a: King Kong|41\/100\n|-supereffective|p2a: King Kong\n|-damage|p2a: King Kong|26\/100\n|-hitcount|p2a: King Kong|5\n|\n|-weather|none\n|-heal|p2a: King Kong|32\/100|[from] Grassy Terrain\n|-heal|p1a: Cloyster|47\/100|[from] Grassy Terrain\n|upkeep\n|turn|12\n|c|\u2606MauriVanRiffo|Your team it's just to strong\n|c|\u2606MauriVanRiffo|Even against Godzilla\n|\n|t:|1700669219\n|move|p2a: King Kong|Drain Punch|p1a: Cloyster\n|-supereffective|p1a: Cloyster\n|-damage|p1a: Cloyster|7\/100\n|-heal|p2a: King Kong|46\/100|[from] drain|[of] p1a: Cloyster\n|move|p1a: Cloyster|Icicle Spear|p2a: King Kong\n|-supereffective|p2a: King Kong\n|-damage|p2a: King Kong|32\/100\n|-supereffective|p2a: King Kong\n|-damage|p2a: King Kong|17\/100\n|-supereffective|p2a: King Kong\n|-damage|p2a: King Kong|3\/100\n|-supereffective|p2a: King Kong\n|-damage|p2a: King Kong|0 fnt\n|faint|p2a: King Kong\n|-hitcount|p2: King Kong|4\n|\n|-heal|p1a: Cloyster|13\/100|[from] Grassy Terrain\n|upkeep\n|\n|t:|1700669226\n|switch|p2a: Jet Jaguar|Bisharp, M|100\/100\n|turn|13\n|\n|t:|1700669246\n|switch|p1a: Heatran|Heatran, F|100\/100\n|move|p2a: Jet Jaguar|Foul Play|p1a: Heatran\n|-damage|p1a: Heatran|80\/100\n|\n|-heal|p1a: Heatran|86\/100|[from] Grassy Terrain\n|upkeep\n|turn|14\n|\n|t:|1700669256\n|switch|p2a: Ghidorah|Hydreigon, M|100\/100\n|move|p1a: Heatran|Sunny Day|p1a: Heatran\n|-weather|SunnyDay\n|\n|-weather|SunnyDay|[upkeep]\n|-heal|p1a: Heatran|92\/100|[from] Grassy Terrain\n|upkeep\n|turn|15\n|inactive|lucasb9650 has 270 seconds left.\n|\n|t:|1700669292\n|move|p2a: Ghidorah|Dark Pulse|p1a: Heatran\n|-damage|p1a: Heatran|61\/100\n|move|p1a: Heatran|Dragon Pulse|p2a: Ghidorah\n|-supereffective|p2a: Ghidorah\n|-damage|p2a: Ghidorah|63\/100\n|\n|-weather|SunnyDay|[upkeep]\n|-heal|p1a: Heatran|67\/100|[from] Grassy Terrain\n|-fieldend|move: Grassy Terrain\n|upkeep\n|turn|16\n|\n|t:|1700669302\n|move|p2a: Ghidorah|Dark Pulse|p1a: Heatran\n|-damage|p1a: Heatran|38\/100\n|cant|p1a: Heatran|flinch\n|\n|-weather|SunnyDay|[upkeep]\n|upkeep\n|turn|17\n|\n|t:|1700669309\n|move|p2a: Ghidorah|Dark Pulse|p1a: Heatran\n|-damage|p1a: Heatran|9\/100\n|-enditem|p1a: Heatran|Aguav Berry|[eat]\n|-heal|p1a: Heatran|42\/100|[from] item: Aguav Berry\n|move|p1a: Heatran|Solar Beam||[still]\n|-prepare|p1a: Heatran|Solar Beam\n|-anim|p1a: Heatran|Solar Beam|p2a: Ghidorah\n|-resisted|p2a: Ghidorah\n|-damage|p2a: Ghidorah|51\/100\n|\n|-weather|SunnyDay|[upkeep]\n|upkeep\n|turn|18\n|inactive|lucasb9650 has 270 seconds left.\n|\n|t:|1700669330\n|switch|p1a: Dragonite|Dragonite, F, tera:Dragon|31\/100\n|move|p2a: Ghidorah|Dark Pulse|p1a: Dragonite\n|-damage|p1a: Dragonite|0 fnt\n|faint|p1a: Dragonite\n|\n|-weather|none\n|upkeep\n|\n|t:|1700669336\n|switch|p1a: Corviknight|Corviknight, F|100\/100\n|turn|19\n|\n|t:|1700669348\n|-terastallize|p2a: Ghidorah|Electric\n|move|p2a: Ghidorah|Flamethrower|p1a: Corviknight\n|-supereffective|p1a: Corviknight\n|-damage|p1a: Corviknight|38\/100\n|move|p1a: Corviknight|Agility|p1a: Corviknight\n|-boost|p1a: Corviknight|spe|2\n|\n|upkeep\n|turn|20\n|\n|t:|1700669362\n|move|p1a: Corviknight|Body Press|p2a: Ghidorah\n|-damage|p2a: Ghidorah|30\/100\n|move|p2a: Ghidorah|Flamethrower|p1a: Corviknight\n|-supereffective|p1a: Corviknight\n|-damage|p1a: Corviknight|0 fnt\n|faint|p1a: Corviknight\n|\n|upkeep\n|\n|t:|1700669367\n|switch|p1a: Ceruledge|Ceruledge, F|100\/100\n|turn|21\n|\n|t:|1700669373\n|move|p2a: Ghidorah|Dark Pulse|p1a: Ceruledge\n|-supereffective|p1a: Ceruledge\n|-damage|p1a: Ceruledge|19\/100\n|move|p1a: Ceruledge|Flame Charge|p2a: Ghidorah\n|-damage|p2a: Ghidorah|5\/100\n|-boost|p1a: Ceruledge|spe|1\n|\n|upkeep\n|turn|22\n|\n|t:|1700669379\n|move|p1a: Ceruledge|Bitter Blade|p2a: Ghidorah\n|-damage|p2a: Ghidorah|0 fnt\n|-heal|p1a: Ceruledge|22\/100|[from] drain|[of] p2a: Ghidorah\n|faint|p2a: Ghidorah\n|\n|upkeep\n|\n|t:|1700669383\n|switch|p2a: Rodan|Talonflame, M|100\/100\n|turn|23\n|\n|t:|1700669396\n|move|p2a: Rodan|Brave Bird|p1a: Ceruledge\n|-damage|p1a: Ceruledge|0 fnt\n|faint|p1a: Ceruledge\n|-damage|p2a: Rodan|93\/100|[from] Recoil\n|\n|upkeep\n|\n|t:|1700669402\n|switch|p1a: Cloyster|Cloyster, F, shiny|13\/100\n|turn|24\n|\n|t:|1700669405\n|move|p2a: Rodan|Brave Bird|p1a: Cloyster\n|-damage|p1a: Cloyster|0 fnt\n|faint|p1a: Cloyster\n|-damage|p2a: Rodan|90\/100|[from] Recoil\n|\n|upkeep\n|\n|t:|1700669409\n|switch|p1a: Zamazenta|Zamazenta|24\/100\n|turn|25\n|\n|t:|1700669413\n|move|p2a: Rodan|Brave Bird|p1a: Zamazenta\n|-supereffective|p1a: Zamazenta\n|-damage|p1a: Zamazenta|0 fnt\n|faint|p1a: Zamazenta\n|-damage|p2a: Rodan|80\/100|[from] Recoil\n|\n|upkeep\n|\n|t:|1700669416\n|switch|p1a: Heatran|Heatran, F|42\/100\n|turn|26\n|\n|t:|1700669423\n|move|p2a: Rodan|Brave Bird|p1a: Heatran\n|-resisted|p1a: Heatran\n|-damage|p1a: Heatran|20\/100\n|-damage|p2a: Rodan|72\/100|[from] Recoil\n|move|p1a: Heatran|Dragon Pulse|p2a: Rodan\n|-damage|p2a: Rodan|24\/100\n|\n|upkeep\n|turn|27\n|\n|t:|1700669431\n|move|p2a: Rodan|Brave Bird|p1a: Heatran\n|-resisted|p1a: Heatran\n|-damage|p1a: Heatran|0 fnt\n|faint|p1a: Heatran\n|-damage|p2a: Rodan|17\/100|[from] Recoil\n|\n|win|MauriVanRiffo\n","uploadtime":1700669441,"views":0,"p1id":"lucasb9650","p2id":"maurivanriffo","formatid":"gen9anythinggoes","rating":0,"private":0,"password":""}