{"id":"gen9anythinggoes-1983351516","p1":"O Colosso","p2":"Imoral","format":"[Gen 9] Anything Goes","log":"|j|\u2606O Colosso\n|j|\u2606Imoral\n|inactive|Battle timer is ON: inactive players will automatically lose when time's up.\n|t:|1699121057\n|gametype|singles\n|player|p1|O Colosso|noland-gen3|\n|player|p2|Imoral|kahili|\n|teamsize|p1|6\n|teamsize|p2|6\n|gen|9\n|tier|[Gen 9] Anything Goes\n|rated|Tournament battle\n|rule|HP Percentage Mod: HP is shown in percentages\n|rule|Endless Battle Clause: Forcing endless battles is banned\n|clearpoke\n|poke|p1|Arceus-Fairy|\n|poke|p1|Ting-Lu|\n|poke|p1|Koraidon|\n|poke|p1|Arceus|\n|poke|p1|Calyrex-Shadow|\n|poke|p1|Toxapex, M|\n|poke|p2|Miraidon|\n|poke|p2|Koraidon|\n|poke|p2|Ting-Lu|\n|poke|p2|Arceus|\n|poke|p2|Skeledirge, F|\n|poke|p2|Calyrex-Shadow|\n|teampreview\n|inactive|Imoral also wants the timer to be on.\n|c|\u2606Imoral|hf\n|c|\u2606O Colosso|u2\n|\n|t:|1699121068\n|start\n|switch|p1a: Koraidon|Koraidon|100\/100\n|switch|p2a: Koraidon|Koraidon|100\/100\n|-weather|SunnyDay|[from] ability: Orichalcum Pulse|[of] p2a: Koraidon\n|-activate|p2a: Koraidon|Orichalcum Pulse|[source]\n|-activate|p1a: Koraidon|ability: Orichalcum Pulse\n|turn|1\n|\n|t:|1699121071\n|move|p2a: Koraidon|U-turn|p1a: Koraidon\n|-resisted|p1a: Koraidon\n|-crit|p1a: Koraidon\n|-damage|p1a: Koraidon|79\/100\n|\n|t:|1699121079\n|switch|p2a: Skeledirge|Skeledirge, F|100\/100|[from] U-turn\n|move|p1a: Koraidon|Outrage|p2a: Skeledirge\n|-damage|p2a: Skeledirge|40\/100\n|\n|-weather|SunnyDay|[upkeep]\n|upkeep\n|turn|2\n|\n|t:|1699121090\n|-terastallize|p2a: Skeledirge|Fairy\n|move|p1a: Koraidon|Outrage|p2a: Skeledirge|[from]lockedmove\n|-immune|p2a: Skeledirge\n|move|p2a: Skeledirge|Will-O-Wisp|p1a: Koraidon\n|-status|p1a: Koraidon|brn\n|\n|-weather|SunnyDay|[upkeep]\n|-damage|p1a: Koraidon|73\/100 brn|[from] brn\n|upkeep\n|turn|3\n|j|+Drampa\u5927Raivoso\n|\n|t:|1699121108\n|switch|p1a: Ting-Lu|Ting-Lu|100\/100\n|-ability|p1a: Ting-Lu|Vessel of Ruin\n|move|p2a: Skeledirge|Slack Off|p2a: Skeledirge\n|-heal|p2a: Skeledirge|90\/100\n|\n|-weather|SunnyDay|[upkeep]\n|upkeep\n|turn|4\n|\n|t:|1699121112\n|move|p2a: Skeledirge|Will-O-Wisp|p1a: Ting-Lu\n|-status|p1a: Ting-Lu|brn\n|move|p1a: Ting-Lu|Spikes|p2a: Skeledirge\n|-sidestart|p2: Imoral|Spikes\n|\n|-weather|SunnyDay|[upkeep]\n|-damage|p1a: Ting-Lu|94\/100 brn|[from] brn\n|upkeep\n|turn|5\n|j| Catalisador\n|\n|t:|1699121117\n|move|p2a: Skeledirge|Torch Song|p1a: Ting-Lu\n|-damage|p1a: Ting-Lu|73\/100 brn\n|-boost|p2a: Skeledirge|spa|1\n|move|p1a: Ting-Lu|Spikes|p2a: Skeledirge\n|-sidestart|p2: Imoral|Spikes\n|\n|-weather|none\n|-heal|p1a: Ting-Lu|79\/100 brn|[from] item: Leftovers\n|-damage|p1a: Ting-Lu|73\/100 brn|[from] brn\n|upkeep\n|turn|6\n|\n|t:|1699121120\n|move|p2a: Skeledirge|Torch Song|p1a: Ting-Lu\n|-damage|p1a: Ting-Lu|52\/100 brn\n|-boost|p2a: Skeledirge|spa|1\n|move|p1a: Ting-Lu|Whirlwind|p2a: Skeledirge\n|drag|p2a: Calyrex|Calyrex-Shadow|100\/100\n|-ability|p2a: Calyrex|As One\n|-ability|p2a: Calyrex|Unnerve\n|\n|-heal|p1a: Ting-Lu|59\/100 brn|[from] item: Leftovers\n|-damage|p1a: Ting-Lu|52\/100 brn|[from] brn\n|upkeep\n|turn|7\n|\n|t:|1699121124\n|move|p2a: Calyrex|Grass Knot|p1a: Ting-Lu\n|-supereffective|p1a: Ting-Lu\n|-damage|p1a: Ting-Lu|13\/100 brn\n|move|p1a: Ting-Lu|Payback|p2a: Calyrex\n|-supereffective|p2a: Calyrex\n|-damage|p2a: Calyrex|15\/100\n|\n|-heal|p1a: Ting-Lu|19\/100 brn|[from] item: Leftovers\n|-damage|p1a: Ting-Lu|13\/100 brn|[from] brn\n|upkeep\n|turn|8\n|\n|t:|1699121130\n|move|p2a: Calyrex|Grass Knot|p1a: Ting-Lu\n|-supereffective|p1a: Ting-Lu\n|-damage|p1a: Ting-Lu|0 fnt\n|faint|p1a: Ting-Lu\n|-ability|p2a: Calyrex|Grim Neigh|boost\n|-boost|p2a: Calyrex|spa|1\n|\n|upkeep\n|\n|t:|1699121134\n|switch|p1a: Koraidon|Koraidon|73\/100 brn\n|-weather|SunnyDay|[from] ability: Orichalcum Pulse|[of] p1a: Koraidon\n|-activate|p1a: Koraidon|Orichalcum Pulse|[source]\n|turn|9\n|l|+Drampa\u5927Raivoso\n|\n|t:|1699121145\n|move|p1a: Koraidon|U-turn|p2a: Calyrex\n|-damage|p2a: Calyrex|0 fnt\n|faint|p2a: Calyrex\n|\n|t:|1699121149\n|switch|p1a: Arceus|Arceus|100\/100|[from] U-turn\n|\n|-weather|SunnyDay|[upkeep]\n|upkeep\n|\n|t:|1699121158\n|switch|p2a: Koraidon|Koraidon|100\/100\n|-damage|p2a: Koraidon|84\/100|[from] Spikes\n|-activate|p2a: Koraidon|ability: Orichalcum Pulse\n|turn|10\n|\n|t:|1699121168\n|switch|p1a: Calyrex|Calyrex-Shadow|100\/100\n|-ability|p1a: Calyrex|As One\n|-ability|p1a: Calyrex|Unnerve\n|move|p2a: Koraidon|U-turn|p1a: Calyrex\n|-damage|p1a: Calyrex|64\/100\n|\n|t:|1699121173\n|switch|p2a: Arceus|Arceus|100\/100|[from] U-turn\n|\n|-weather|SunnyDay|[upkeep]\n|upkeep\n|turn|11\n|\n|t:|1699121180\n|move|p1a: Calyrex|Trick|p2a: Arceus\n|-activate|p1a: Calyrex|move: Trick|[of] p2a: Arceus\n|-item|p2a: Arceus|Choice Specs|[from] move: Trick\n|-item|p1a: Calyrex|Heavy-Duty Boots|[from] move: Trick\n|move|p2a: Arceus|Swords Dance|p2a: Arceus\n|-boost|p2a: Arceus|atk|2\n|\n|-weather|SunnyDay|[upkeep]\n|upkeep\n|turn|12\n|\n|t:|1699121187\n|switch|p2a: Ting-Lu|Ting-Lu|100\/100\n|-damage|p2a: Ting-Lu|84\/100|[from] Spikes\n|-ability|p2a: Ting-Lu|Vessel of Ruin\n|move|p1a: Calyrex|Psyshock|p2a: Ting-Lu\n|-immune|p2a: Ting-Lu\n|\n|-weather|SunnyDay|[upkeep]\n|-heal|p2a: Ting-Lu|90\/100|[from] item: Leftovers\n|upkeep\n|turn|13\n|\n|t:|1699121194\n|move|p1a: Calyrex|Grass Knot|p2a: Ting-Lu\n|-supereffective|p2a: Ting-Lu\n|-damage|p2a: Ting-Lu|50\/100\n|move|p2a: Ting-Lu|Ruination|p1a: Calyrex\n|-damage|p1a: Calyrex|32\/100\n|\n|-weather|none\n|-heal|p2a: Ting-Lu|56\/100|[from] item: Leftovers\n|upkeep\n|turn|14\n|\n|t:|1699121199\n|move|p1a: Calyrex|Grass Knot|p2a: Ting-Lu\n|-supereffective|p2a: Ting-Lu\n|-damage|p2a: Ting-Lu|17\/100\n|move|p2a: Ting-Lu|Earthquake|p1a: Calyrex\n|-damage|p1a: Calyrex|0 fnt\n|faint|p1a: Calyrex\n|\n|-heal|p2a: Ting-Lu|24\/100|[from] item: Leftovers\n|upkeep\n|\n|t:|1699121208\n|switch|p1a: Arceus|Arceus-Fairy|100\/100\n|turn|15\n|\n|t:|1699121218\n|move|p1a: Arceus|Judgment|p2a: Ting-Lu\n|-supereffective|p2a: Ting-Lu\n|-damage|p2a: Ting-Lu|0 fnt\n|faint|p2a: Ting-Lu\n|\n|upkeep\n|l| Catalisador\n|\n|t:|1699121224\n|switch|p2a: Skeledirge|Skeledirge, F, tera:Fairy|90\/100\n|turn|16\n|\n|t:|1699121233\n|switch|p1a: Koraidon|Koraidon|73\/100 brn\n|-weather|SunnyDay|[from] ability: Orichalcum Pulse|[of] p1a: Koraidon\n|-activate|p1a: Koraidon|Orichalcum Pulse|[source]\n|move|p2a: Skeledirge|Torch Song|p1a: Koraidon\n|-resisted|p1a: Koraidon\n|-damage|p1a: Koraidon|53\/100 brn\n|-boost|p2a: Skeledirge|spa|1\n|\n|-weather|SunnyDay|[upkeep]\n|-damage|p1a: Koraidon|47\/100 brn|[from] brn\n|upkeep\n|turn|17\n|\n|t:|1699121254\n|move|p1a: Koraidon|Flare Blitz|p2a: Skeledirge\n|-damage|p2a: Skeledirge|64\/100\n|-damage|p1a: Koraidon|37\/100 brn|[from] Recoil\n|move|p2a: Skeledirge|Torch Song|p1a: Koraidon\n|-resisted|p1a: Koraidon\n|-damage|p1a: Koraidon|5\/100 brn\n|-boost|p2a: Skeledirge|spa|1\n|\n|-weather|SunnyDay|[upkeep]\n|-damage|p1a: Koraidon|0 fnt|[from] brn\n|faint|p1a: Koraidon\n|upkeep\n|\n|t:|1699121257\n|switch|p1a: Toxapex|Toxapex, M|100\/100\n|turn|18\n|\n|t:|1699121264\n|move|p2a: Skeledirge|Torch Song|p1a: Toxapex\n|-resisted|p1a: Toxapex\n|-damage|p1a: Toxapex|65\/100\n|-boost|p2a: Skeledirge|spa|1\n|move|p1a: Toxapex|Toxic|p2a: Skeledirge\n|-status|p2a: Skeledirge|tox\n|\n|-weather|SunnyDay|[upkeep]\n|-damage|p2a: Skeledirge|58\/100 tox|[from] psn\n|upkeep\n|turn|19\n|\n|t:|1699121270\n|-terastallize|p1a: Toxapex|Normal\n|move|p2a: Skeledirge|Will-O-Wisp|p1a: Toxapex\n|-status|p1a: Toxapex|brn\n|move|p1a: Toxapex|Haze|p1a: Toxapex\n|-clearallboost\n|\n|-weather|SunnyDay|[upkeep]\n|-damage|p2a: Skeledirge|46\/100 tox|[from] psn\n|-damage|p1a: Toxapex|59\/100 brn|[from] brn\n|upkeep\n|turn|20\n|\n|t:|1699121275\n|move|p2a: Skeledirge|Slack Off|p2a: Skeledirge\n|-heal|p2a: Skeledirge|96\/100 tox\n|move|p1a: Toxapex|Recover|p1a: Toxapex\n|-heal|p1a: Toxapex|100\/100 brn\n|\n|-weather|none\n|-damage|p2a: Skeledirge|78\/100 tox|[from] psn\n|-damage|p1a: Toxapex|95\/100 brn|[from] brn\n|upkeep\n|turn|21\n|\n|t:|1699121284\n|switch|p2a: Koraidon|Koraidon|84\/100\n|-damage|p2a: Koraidon|68\/100|[from] Spikes\n|-weather|SunnyDay|[from] ability: Orichalcum Pulse|[of] p2a: Koraidon\n|-activate|p2a: Koraidon|Orichalcum Pulse|[source]\n|move|p1a: Toxapex|Toxic Spikes|p2a: Koraidon\n|-sidestart|p2: Imoral|move: Toxic Spikes\n|\n|-weather|SunnyDay|[upkeep]\n|-damage|p1a: Toxapex|89\/100 brn|[from] brn\n|upkeep\n|turn|22\n|\n|t:|1699121294\n|move|p2a: Koraidon|Flare Blitz|p1a: Toxapex\n|-damage|p1a: Toxapex|33\/100 brn\n|-damage|p2a: Koraidon|51\/100|[from] item: Rocky Helmet|[of] p1a: Toxapex\n|-damage|p2a: Koraidon|35\/100|[from] Recoil\n|move|p1a: Toxapex|Recover|p1a: Toxapex\n|-heal|p1a: Toxapex|83\/100 brn\n|\n|-weather|SunnyDay|[upkeep]\n|-damage|p1a: Toxapex|77\/100 brn|[from] brn\n|upkeep\n|turn|23\n|\n|t:|1699121298\n|move|p2a: Koraidon|Flare Blitz|p1a: Toxapex\n|-damage|p1a: Toxapex|27\/100 brn\n|-damage|p2a: Koraidon|18\/100|[from] item: Rocky Helmet|[of] p1a: Toxapex\n|-damage|p2a: Koraidon|4\/100|[from] Recoil\n|move|p1a: Toxapex|Recover|p1a: Toxapex\n|-heal|p1a: Toxapex|77\/100 brn\n|\n|-weather|SunnyDay|[upkeep]\n|-damage|p1a: Toxapex|71\/100 brn|[from] brn\n|upkeep\n|turn|24\n|\n|t:|1699121303\n|move|p2a: Koraidon|Flare Blitz|p1a: Toxapex\n|-damage|p1a: Toxapex|16\/100 brn\n|-damage|p2a: Koraidon|0 fnt|[from] item: Rocky Helmet|[of] p1a: Toxapex\n|faint|p2a: Koraidon\n|move|p1a: Toxapex|Recover|p1a: Toxapex\n|-heal|p1a: Toxapex|67\/100 brn\n|\n|-weather|SunnyDay|[upkeep]\n|-damage|p1a: Toxapex|61\/100 brn|[from] brn\n|upkeep\n|\n|t:|1699121304\n|switch|p2a: Miraidon|Miraidon|100\/100\n|-fieldstart|move: Electric Terrain|[from] ability: Hadron Engine|[of] p2a: Miraidon\n|turn|25\n|\n|t:|1699121310\n|move|p2a: Miraidon|Calm Mind|p2a: Miraidon\n|-boost|p2a: Miraidon|spa|1\n|-boost|p2a: Miraidon|spd|1\n|move|p1a: Toxapex|Toxic|p2a: Miraidon\n|-status|p2a: Miraidon|tox\n|\n|-weather|none\n|-damage|p2a: Miraidon|94\/100 tox|[from] psn\n|-damage|p1a: Toxapex|55\/100 brn|[from] brn\n|upkeep\n|turn|26\n|\n|t:|1699121314\n|move|p2a: Miraidon|Electro Drift|p1a: Toxapex\n|-damage|p1a: Toxapex|0 fnt\n|-damage|p2a: Miraidon|78\/100 tox|[from] item: Rocky Helmet|[of] p1a: Toxapex\n|faint|p1a: Toxapex\n|\n|-damage|p2a: Miraidon|66\/100 tox|[from] psn\n|upkeep\n|\n|t:|1699121318\n|switch|p1a: Arceus|Arceus|100\/100\n|turn|27\n|\n|t:|1699121326\n|move|p2a: Miraidon|Electro Drift|p1a: Arceus\n|-damage|p1a: Arceus|11\/100\n|move|p1a: Arceus|Swords Dance|p1a: Arceus\n|-boost|p1a: Arceus|atk|2\n|\n|-damage|p2a: Miraidon|47\/100 tox|[from] psn\n|upkeep\n|turn|28\n|\n|t:|1699121329\n|move|p1a: Arceus|Extreme Speed|p2a: Miraidon\n|-damage|p2a: Miraidon|0 fnt\n|faint|p2a: Miraidon\n|\n|upkeep\n|\n|t:|1699121332\n|switch|p2a: Arceus|Arceus|100\/100\n|-damage|p2a: Arceus|84\/100|[from] Spikes\n|-status|p2a: Arceus|psn\n|turn|29\n|\n|t:|1699121335\n|move|p1a: Arceus|Extreme Speed|p2a: Arceus\n|-damage|p2a: Arceus|31\/100 psn\n|move|p2a: Arceus|Extreme Speed|p1a: Arceus\n|-damage|p1a: Arceus|0 fnt\n|faint|p1a: Arceus\n|\n|-damage|p2a: Arceus|19\/100 psn|[from] psn\n|-fieldend|move: Electric Terrain\n|upkeep\n|\n|t:|1699121339\n|switch|p1a: Arceus|Arceus-Fairy|100\/100\n|turn|30\n|\n|t:|1699121343\n|move|p2a: Arceus|Extreme Speed|p1a: Arceus\n|-damage|p1a: Arceus|79\/100\n|move|p1a: Arceus|Judgment|p2a: Arceus\n|-damage|p2a: Arceus|0 fnt\n|faint|p2a: Arceus\n|\n|upkeep\n|\n|t:|1699121345\n|switch|p2a: Skeledirge|Skeledirge, F, tera:Fairy|78\/100 tox\n|turn|31\n|\n|t:|1699121349\n|move|p1a: Arceus|Judgment|p2a: Skeledirge\n|-damage|p2a: Skeledirge|31\/100 tox\n|move|p2a: Skeledirge|Torch Song|p1a: Arceus\n|-damage|p1a: Arceus|58\/100\n|-boost|p2a: Skeledirge|spa|1\n|\n|-damage|p2a: Skeledirge|25\/100 tox|[from] psn\n|upkeep\n|turn|32\n|\n|t:|1699121353\n|move|p1a: Arceus|Judgment|p2a: Skeledirge\n|-damage|p2a: Skeledirge|0 fnt\n|faint|p2a: Skeledirge\n|\n|win|O Colosso\n|n|\u2606O Colosso|ocolosso\n|n|\u2606Imoral|imoral\n","uploadtime":1699121354,"views":5,"p1id":"ocolosso","p2id":"imoral","formatid":"gen9anythinggoes","rating":0,"private":0,"password":""}