{"id":"gen9anythinggoes-1992465233","p1":"SceptileKyle","p2":"Puptup","format":"[Gen 9] Anything Goes","log":"|j|\u2606SceptileKyle\n|j|\u2606Puptup\n|t:|1700190885\n|gametype|singles\n|player|p1|SceptileKyle|169|\n|player|p2|Puptup|burglar|\n|teamsize|p1|6\n|teamsize|p2|6\n|gen|9\n|tier|[Gen 9] Anything Goes\n|rule|HP Percentage Mod: HP is shown in percentages\n|rule|Endless Battle Clause: Forcing endless battles is banned\n|clearpoke\n|poke|p1|Landorus-Therian, M|\n|poke|p1|Annihilape, M|\n|poke|p1|Volcarona, M|\n|poke|p1|Tyranitar, F|\n|poke|p1|Lycanroc, F|\n|poke|p1|Dugtrio-Alola, F|\n|poke|p2|Iron Valiant|\n|poke|p2|Gothitelle, F|\n|poke|p2|Alomomola, F|\n|poke|p2|Slowking-Galar, M|\n|poke|p2|Iron Treads|\n|poke|p2|Chesnaught, M|\n|teampreview\n|\n|t:|1700190906\n|start\n|switch|p1a: Landorus|Landorus-Therian, M|100\/100\n|switch|p2a: Lightly|Iron Treads, shiny|100\/100\n|-ability|p1a: Landorus|Intimidate|boost\n|-unboost|p2a: Lightly|atk|1\n|turn|1\n|\n|t:|1700190911\n|move|p1a: Landorus|Earthquake|p2a: Lightly\n|-supereffective|p2a: Lightly\n|-enditem|p2a: Lightly|Shuca Berry|[eat]\n|-enditem|p2a: Lightly|Shuca Berry|[weaken]\n|-damage|p2a: Lightly|45\/100\n|move|p2a: Lightly|Ice Spinner|p1a: Landorus\n|-supereffective|p1a: Landorus\n|-damage|p1a: Landorus|11\/100\n|\n|upkeep\n|turn|2\n|\n|t:|1700190916\n|-end|p2a: Lightly|Quark Drive|[silent]\n|switch|p2a: Gidle|Alomomola, F, shiny|100\/100\n|move|p1a: Landorus|Earthquake|p2a: Gidle\n|-damage|p2a: Gidle|71\/100\n|\n|-heal|p2a: Gidle|77\/100|[from] item: Leftovers\n|upkeep\n|turn|3\n|\n|t:|1700190924\n|switch|p1a: Annihilape|Annihilape, M|100\/100\n|move|p2a: Gidle|Flip Turn|p1a: Annihilape\n|-damage|p1a: Annihilape|86\/100\n|\n|t:|1700190947\n|switch|p2a: Makhachev|Slowking-Galar, M|100\/100|[from] Flip Turn\n|\n|-heal|p1a: Annihilape|92\/100|[from] item: Leftovers\n|upkeep\n|turn|4\n|\n|t:|1700190957\n|move|p1a: Annihilape|Rage Fist|p2a: Makhachev\n|-supereffective|p2a: Makhachev\n|-damage|p2a: Makhachev|0 fnt\n|faint|p2a: Makhachev\n|\n|-heal|p1a: Annihilape|98\/100|[from] item: Leftovers\n|upkeep\n|\n|t:|1700190988\n|switch|p2a: Greedo|Chesnaught, M|100\/100\n|turn|5\n|\n|t:|1700190995\n|move|p1a: Annihilape|Bulk Up|p1a: Annihilape\n|-boost|p1a: Annihilape|atk|1\n|-boost|p1a: Annihilape|def|1\n|move|p2a: Greedo|Spikes|p1a: Annihilape\n|-sidestart|p1: SceptileKyle|Spikes\n|\n|-heal|p1a: Annihilape|100\/100|[from] item: Leftovers\n|upkeep\n|turn|6\n|\n|t:|1700191002\n|switch|p2a: Hello Moto|Gothitelle, F, shiny|100\/100\n|move|p1a: Annihilape|Drain Punch|p2a: Hello Moto\n|-resisted|p2a: Hello Moto\n|-damage|p2a: Hello Moto|63\/100\n|\n|upkeep\n|turn|7\n|\n|t:|1700191010\n|move|p2a: Hello Moto|Psychic|p1a: Annihilape\n|-supereffective|p1a: Annihilape\n|-damage|p1a: Annihilape|32\/100\n|-unboost|p1a: Annihilape|spd|1\n|-ability|p1a: Annihilape|Defiant|boost\n|-boost|p1a: Annihilape|atk|2\n|move|p1a: Annihilape|Rage Fist|p2a: Hello Moto\n|-supereffective|p2a: Hello Moto\n|-damage|p2a: Hello Moto|0 fnt\n|faint|p2a: Hello Moto\n|\n|-heal|p1a: Annihilape|38\/100|[from] item: Leftovers\n|upkeep\n|\n|t:|1700191013\n|switch|p2a: Tennyson|Iron Valiant|100\/100\n|turn|8\n|\n|t:|1700191084\n|move|p2a: Tennyson|Moonblast|p1a: Annihilape\n|-supereffective|p1a: Annihilape\n|-damage|p1a: Annihilape|0 fnt\n|faint|p1a: Annihilape\n|\n|upkeep\n|\n|t:|1700191088\n|switch|p1a: Volcarona|Volcarona, M|100\/100\n|turn|9\n|\n|t:|1700191093\n|move|p2a: Tennyson|Liquidation|p1a: Volcarona\n|-supereffective|p1a: Volcarona\n|-damage|p1a: Volcarona|25\/100\n|-unboost|p1a: Volcarona|def|1\n|move|p1a: Volcarona|Quiver Dance|p1a: Volcarona\n|-boost|p1a: Volcarona|spa|1\n|-boost|p1a: Volcarona|spd|1\n|-boost|p1a: Volcarona|spe|1\n|\n|upkeep\n|turn|10\n|\n|t:|1700191106\n|move|p1a: Volcarona|Fiery Dance|p2a: Tennyson\n|-damage|p2a: Tennyson|0 fnt\n|faint|p2a: Tennyson\n|-end|p2a: Tennyson|Quark Drive|[silent]\n|\n|upkeep\n|\n|t:|1700191113\n|switch|p2a: Gidle|Alomomola, F, shiny|100\/100\n|turn|11\n|\n|t:|1700191117\n|-terastallize|p2a: Gidle|Dragon\n|move|p1a: Volcarona|Giga Drain|p2a: Gidle\n|-resisted|p2a: Gidle\n|-crit|p2a: Gidle\n|-damage|p2a: Gidle|59\/100\n|-heal|p1a: Volcarona|60\/100|[from] drain|[of] p2a: Gidle\n|move|p2a: Gidle|Flip Turn|p1a: Volcarona\n|-supereffective|p1a: Volcarona\n|-damage|p1a: Volcarona|0 fnt\n|faint|p1a: Volcarona\n|\n|t:|1700191127\n|switch|p2a: Lightly|Iron Treads, shiny|45\/100|[from] Flip Turn\n|\n|upkeep\n|\n|t:|1700191135\n|switch|p1a: Tyranitar|Tyranitar, F|100\/100\n|-damage|p1a: Tyranitar|88\/100|[from] Spikes\n|-weather|Sandstorm|[from] ability: Sand Stream|[of] p1a: Tyranitar\n|turn|12\n|\n|t:|1700191167\n|-end|p2a: Lightly|Quark Drive|[silent]\n|switch|p2a: Greedo|Chesnaught, M|100\/100\n|move|p1a: Tyranitar|Dragon Dance|p1a: Tyranitar\n|-boost|p1a: Tyranitar|atk|1\n|-boost|p1a: Tyranitar|spe|1\n|\n|-weather|Sandstorm|[upkeep]\n|-damage|p2a: Greedo|94\/100|[from] Sandstorm\n|-heal|p2a: Greedo|100\/100|[from] item: Leftovers\n|upkeep\n|turn|13\n|\n|t:|1700191172\n|move|p1a: Tyranitar|Ice Punch|p2a: Greedo\n|-supereffective|p2a: Greedo\n|-damage|p2a: Greedo|51\/100\n|move|p2a: Greedo|Body Press|p1a: Tyranitar\n|-supereffective|p1a: Tyranitar\n|-damage|p1a: Tyranitar|0 fnt\n|faint|p1a: Tyranitar\n|\n|-weather|Sandstorm|[upkeep]\n|-damage|p2a: Greedo|45\/100|[from] Sandstorm\n|-heal|p2a: Greedo|51\/100|[from] item: Leftovers\n|upkeep\n|\n|t:|1700191181\n|switch|p1a: Dugtrio|Dugtrio-Alola, F|100\/100\n|-damage|p1a: Dugtrio|88\/100|[from] Spikes\n|turn|14\n|\n|t:|1700191184\n|switch|p2a: Gidle|Alomomola, F, shiny, tera:Dragon|92\/100\n|move|p1a: Dugtrio|Iron Head|p2a: Gidle\n|-damage|p2a: Gidle|68\/100\n|\n|-weather|Sandstorm|[upkeep]\n|-damage|p2a: Gidle|62\/100|[from] Sandstorm\n|-heal|p2a: Gidle|68\/100|[from] item: Leftovers\n|upkeep\n|turn|15\n|\n|t:|1700191199\n|move|p1a: Dugtrio|Earthquake|p2a: Gidle\n|-damage|p2a: Gidle|37\/100\n|move|p2a: Gidle|Wish|p2a: Gidle\n|\n|-weather|Sandstorm|[upkeep]\n|-damage|p2a: Gidle|31\/100|[from] Sandstorm\n|-heal|p2a: Gidle|37\/100|[from] item: Leftovers\n|upkeep\n|turn|16\n|\n|t:|1700191212\n|move|p2a: Gidle|Protect|p2a: Gidle\n|-singleturn|p2a: Gidle|Protect\n|move|p1a: Dugtrio|Earthquake|p2a: Gidle\n|-activate|p2a: Gidle|move: Protect\n|\n|-weather|Sandstorm|[upkeep]\n|-damage|p2a: Gidle|31\/100|[from] Sandstorm\n|-heal|p2a: Gidle|81\/100|[from] move: Wish|[wisher] Gidle\n|-heal|p2a: Gidle|87\/100|[from] item: Leftovers\n|upkeep\n|turn|17\n|\n|t:|1700191214\n|move|p1a: Dugtrio|Earthquake|p2a: Gidle\n|-damage|p2a: Gidle|59\/100\n|move|p2a: Gidle|Wish|p2a: Gidle\n|\n|-weather|Sandstorm|[upkeep]\n|-damage|p2a: Gidle|53\/100|[from] Sandstorm\n|-heal|p2a: Gidle|59\/100|[from] item: Leftovers\n|upkeep\n|turn|18\n|\n|t:|1700191219\n|switch|p1a: Landorus|Landorus-Therian, M|11\/100\n|-ability|p1a: Landorus|Intimidate|boost\n|-unboost|p2a: Gidle|atk|1\n|move|p2a: Gidle|Scald|p1a: Landorus\n|-supereffective|p1a: Landorus\n|-damage|p1a: Landorus|0 fnt\n|faint|p1a: Landorus\n|\n|-weather|Sandstorm|[upkeep]\n|-damage|p2a: Gidle|53\/100|[from] Sandstorm\n|-heal|p2a: Gidle|100\/100|[from] move: Wish|[wisher] Gidle\n|upkeep\n|\n|t:|1700191222\n|switch|p1a: Lycanroc|Lycanroc, F|100\/100\n|-damage|p1a: Lycanroc|88\/100|[from] Spikes\n|turn|19\n|\n|t:|1700191227\n|-terastallize|p1a: Lycanroc|Ghost\n|move|p1a: Lycanroc|Stone Edge|p2a: Gidle\n|-crit|p2a: Gidle\n|-damage|p2a: Gidle|45\/100\n|-damage|p1a: Lycanroc|78\/100|[from] item: Life Orb\n|move|p2a: Gidle|Scald|p1a: Lycanroc\n|-damage|p1a: Lycanroc|55\/100\n|\n|-weather|none\n|-heal|p2a: Gidle|51\/100|[from] item: Leftovers\n|upkeep\n|turn|20\n|\n|t:|1700191237\n|switch|p2a: Lightly|Iron Treads, shiny|45\/100\n|move|p1a: Lycanroc|Stone Edge|p2a: Lightly|[miss]\n|-miss|p1a: Lycanroc|p2a: Lightly\n|\n|upkeep\n|turn|21\n|\n|t:|1700191240\n|move|p1a: Lycanroc|Drill Run|p2a: Lightly\n|-supereffective|p2a: Lightly\n|-crit|p2a: Lightly\n|-damage|p2a: Lightly|0 fnt\n|faint|p2a: Lightly\n|-end|p2a: Lightly|Quark Drive|[silent]\n|-damage|p1a: Lycanroc|46\/100|[from] item: Life Orb\n|\n|upkeep\n|\n|t:|1700191242\n|switch|p2a: Gidle|Alomomola, F, shiny, tera:Dragon|84\/100\n|turn|22\n|\n|t:|1700191245\n|move|p1a: Lycanroc|Stone Edge|p2a: Gidle\n|-damage|p2a: Gidle|46\/100\n|-damage|p1a: Lycanroc|36\/100|[from] item: Life Orb\n|move|p2a: Gidle|Scald|p1a: Lycanroc\n|-damage|p1a: Lycanroc|11\/100\n|\n|-heal|p2a: Gidle|52\/100|[from] item: Leftovers\n|upkeep\n|turn|23\n|\n|t:|1700191253\n|move|p2a: Gidle|Protect|p2a: Gidle\n|-singleturn|p2a: Gidle|Protect\n|move|p1a: Lycanroc|Stone Edge|p2a: Gidle\n|-activate|p2a: Gidle|move: Protect\n|\n|-heal|p2a: Gidle|58\/100|[from] item: Leftovers\n|upkeep\n|turn|24\n|\n|t:|1700191255\n|switch|p2a: Greedo|Chesnaught, M|51\/100\n|move|p1a: Lycanroc|Stone Edge|p2a: Greedo\n|-resisted|p2a: Greedo\n|-damage|p2a: Greedo|29\/100\n|-damage|p1a: Lycanroc|1\/100|[from] item: Life Orb\n|\n|-heal|p2a: Greedo|35\/100|[from] item: Leftovers\n|upkeep\n|turn|25\n|\n|t:|1700191261\n|move|p1a: Lycanroc|Tera Blast|p2a: Greedo|[anim] Tera Blast Ghost\n|-damage|p2a: Greedo|4\/100\n|-damage|p1a: Lycanroc|0 fnt|[from] item: Life Orb\n|faint|p1a: Lycanroc\n|move|p2a: Greedo|Spikes|p1: Lycanroc\n|-sidestart|p1: SceptileKyle|Spikes\n|\n|-heal|p2a: Greedo|10\/100|[from] item: Leftovers\n|upkeep\n|\n|t:|1700191265\n|switch|p1a: Dugtrio|Dugtrio-Alola, F|88\/100\n|-damage|p1a: Dugtrio|72\/100|[from] Spikes\n|turn|26\n|\n|t:|1700191270\n|switch|p2a: Gidle|Alomomola, F, shiny, tera:Dragon|91\/100\n|move|p1a: Dugtrio|Iron Head|p2a: Gidle\n|-damage|p2a: Gidle|74\/100\n|\n|-heal|p2a: Gidle|80\/100|[from] item: Leftovers\n|upkeep\n|turn|27\n|\n|t:|1700191282\n|move|p2a: Gidle|Protect|p2a: Gidle\n|-singleturn|p2a: Gidle|Protect\n|move|p1a: Dugtrio|Iron Head|p2a: Gidle\n|-activate|p2a: Gidle|move: Protect\n|\n|-heal|p2a: Gidle|86\/100|[from] item: Leftovers\n|upkeep\n|turn|28\n|\n|t:|1700191285\n|move|p1a: Dugtrio|Iron Head|p2a: Gidle\n|-damage|p2a: Gidle|69\/100\n|move|p2a: Gidle|Scald|p1a: Dugtrio\n|-supereffective|p1a: Dugtrio\n|-damage|p1a: Dugtrio|11\/100\n|\n|-heal|p2a: Gidle|75\/100|[from] item: Leftovers\n|upkeep\n|turn|29\n|\n|t:|1700191291\n|move|p1a: Dugtrio|Earthquake|p2a: Gidle\n|-damage|p2a: Gidle|52\/100\n|move|p2a: Gidle|Scald|p1a: Dugtrio\n|-supereffective|p1a: Dugtrio\n|-crit|p1a: Dugtrio\n|-damage|p1a: Dugtrio|0 fnt\n|faint|p1a: Dugtrio\n|\n|win|Puptup\n|l|\u2606SceptileKyle\n","uploadtime":1700191483,"views":13,"p1id":"sceptilekyle","p2id":"puptup","formatid":"gen9anythinggoes","rating":0,"private":0,"password":""}