{"id":"gen9anythinggoes-1997805565","p1":"Guest 3107088","p2":"bluefeefee","format":"[Gen 9] Anything Goes","log":"|j|\u203dGuest 3107088\n|j|\u2606bluefeefee\n|t:|1700854633\n|gametype|singles\n|player|p1|Guest 3107088|266|1232\n|player|p2|bluefeefee|preschooler|1393\n|teamsize|p1|6\n|teamsize|p2|6\n|gen|9\n|tier|[Gen 9] Anything Goes\n|rated|\n|rule|HP Percentage Mod: HP is shown in percentages\n|rule|Endless Battle Clause: Forcing endless battles is banned\n|clearpoke\n|poke|p1|Annihilape, M|\n|poke|p1|Annihilape, M|\n|poke|p1|Kingambit, F|\n|poke|p1|Annihilape, F|\n|poke|p1|Annihilape, M|\n|poke|p1|Annihilape, M|\n|poke|p2|Chien-Pao|\n|poke|p2|Zacian-*|\n|poke|p2|Miraidon|\n|poke|p2|Calyrex-Shadow|\n|poke|p2|Ogerpon-Hearthflame, F|\n|poke|p2|Rayquaza|\n|teampreview\n|\n|t:|1700854638\n|start\n|switch|p1a: Annihilape|Annihilape, F|100\/100\n|switch|p2a: ice ice baby.|Chien-Pao|100\/100\n|-ability|p2a: ice ice baby.|Sword of Ruin\n|turn|1\n|\n|t:|1700854647\n|-terastallize|p2a: ice ice baby.|Dark\n|move|p2a: ice ice baby.|Sucker Punch||[still]\n|-fail|p2a: ice ice baby.\n|move|p1a: Annihilape|Stealth Rock|p2a: ice ice baby.\n|-sidestart|p2: bluefeefee|move: Stealth Rock\n|\n|upkeep\n|turn|2\n|\n|t:|1700854657\n|move|p2a: ice ice baby.|Icicle Crash|p1a: Annihilape\n|-damage|p1a: Annihilape|43\/100\n|cant|p1a: Annihilape|flinch\n|\n|-heal|p1a: Annihilape|49\/100|[from] item: Leftovers\n|upkeep\n|turn|3\n|\n|t:|1700854682\n|move|p2a: ice ice baby.|Icicle Crash|p1a: Annihilape\n|-damage|p1a: Annihilape|0 fnt\n|faint|p1a: Annihilape\n|\n|upkeep\n|\n|t:|1700854684\n|switch|p1a: Annihilape|Annihilape, M|100\/100\n|turn|4\n|\n|t:|1700854693\n|move|p2a: ice ice baby.|Sucker Punch|p1a: Annihilape\n|-damage|p1a: Annihilape|45\/100\n|move|p1a: Annihilape|U-turn|p2a: ice ice baby.\n|-supereffective|p2a: ice ice baby.\n|-damage|p2a: ice ice baby.|53\/100\n|\n|t:|1700854700\n|switch|p1a: Annihilape|Annihilape, M|100\/100|[from] U-turn\n|\n|upkeep\n|turn|5\n|\n|t:|1700854705\n|move|p1a: Annihilape|Close Combat|p2a: ice ice baby.\n|-supereffective|p2a: ice ice baby.\n|-damage|p2a: ice ice baby.|0 fnt\n|-unboost|p1a: Annihilape|def|1\n|-unboost|p1a: Annihilape|spd|1\n|faint|p2a: ice ice baby.\n|\n|upkeep\n|\n|t:|1700854719\n|switch|p2a: peeper boi|Calyrex-Shadow|100\/100\n|-ability|p2a: peeper boi|As One\n|-ability|p2a: peeper boi|Unnerve\n|-damage|p2a: peeper boi|88\/100|[from] Stealth Rock\n|turn|6\n|\n|t:|1700854731\n|switch|p1a: Annihilape|Annihilape, M|45\/100\n|move|p2a: peeper boi|Astral Barrage|p1a: Annihilape\n|-supereffective|p1a: Annihilape\n|-damage|p1a: Annihilape|0 fnt\n|faint|p1a: Annihilape\n|-ability|p2a: peeper boi|Grim Neigh|boost\n|-boost|p2a: peeper boi|spa|1\n|-damage|p2a: peeper boi|78\/100|[from] item: Life Orb\n|\n|upkeep\n|\n|t:|1700854735\n|switch|p1a: Annihilape|Annihilape, M|100\/100\n|turn|7\n|\n|t:|1700854744\n|move|p1a: Annihilape|Rage Fist|p2a: peeper boi\n|-supereffective|p2a: peeper boi\n|-damage|p2a: peeper boi|0 fnt\n|faint|p2a: peeper boi\n|\n|upkeep\n|\n|t:|1700854756\n|switch|p2a: tesla BIKLE|Miraidon|100\/100\n|-damage|p2a: tesla BIKLE|88\/100|[from] Stealth Rock\n|-fieldstart|move: Electric Terrain|[from] ability: Hadron Engine|[of] p2a: tesla BIKLE\n|turn|8\n|\n|t:|1700854766\n|move|p1a: Annihilape|Rage Fist|p2a: tesla BIKLE\n|-crit|p2a: tesla BIKLE\n|-damage|p2a: tesla BIKLE|56\/100\n|move|p2a: tesla BIKLE|Electro Drift|p1a: Annihilape\n|-damage|p1a: Annihilape|0 fnt\n|faint|p1a: Annihilape\n|-damage|p2a: tesla BIKLE|46\/100|[from] item: Life Orb\n|\n|upkeep\n|\n|t:|1700854772\n|switch|p1a: Annihilape|Annihilape, M|100\/100\n|turn|9\n|\n|t:|1700854778\n|move|p1a: Annihilape|Final Gambit|p2a: tesla BIKLE\n|-damage|p2a: tesla BIKLE|0 fnt\n|faint|p1a: Annihilape\n|faint|p2a: tesla BIKLE\n|\n|upkeep\n|\n|t:|1700854786\n|switch|p2a: STABBY BOI|Zacian-Crowned, shiny|100\/100\n|switch|p1a: Annihilape|Annihilape, M|100\/100\n|-damage|p2a: STABBY BOI|94\/100|[from] Stealth Rock\n|-ability|p2a: STABBY BOI|Intrepid Sword|boost\n|-boost|p2a: STABBY BOI|atk|1\n|turn|10\n|\n|t:|1700854802\n|move|p1a: Annihilape|Final Gambit|p2a: STABBY BOI\n|-damage|p2a: STABBY BOI|0 fnt\n|faint|p1a: Annihilape\n|faint|p2a: STABBY BOI\n|\n|upkeep\n|\n|t:|1700854806\n|switch|p2a: pogergon|Ogerpon-Hearthflame, F|100\/100\n|switch|p1a: Kingambit|Kingambit, F|100\/100\n|-damage|p2a: pogergon|76\/100|[from] Stealth Rock\n|-ability|p2a: pogergon|Mold Breaker\n|-activate|p1a: Kingambit|ability: Supreme Overlord\n|-start|p1a: Kingambit|fallen5|[silent]\n|turn|11\n|\n|t:|1700854818\n|-terastallize|p1a: Kingambit|Dark\n|move|p2a: pogergon|Ivy Cudgel|p1a: Kingambit|[anim] Ivy Cudgel Fire\n|-damage|p1a: Kingambit|59\/100\n|move|p1a: Kingambit|Swords Dance|p1a: Kingambit\n|-boost|p1a: Kingambit|atk|2\n|\n|upkeep\n|turn|12\n|\n|t:|1700854827\n|move|p1a: Kingambit|Sucker Punch|p2a: pogergon\n|-damage|p2a: pogergon|0 fnt\n|faint|p2a: pogergon\n|\n|-fieldend|move: Electric Terrain\n|upkeep\n|\n|t:|1700854831\n|switch|p2a: scaley boi|Rayquaza|100\/100\n|-damage|p2a: scaley boi|76\/100|[from] Stealth Rock\n|-ability|p2a: scaley boi|Air Lock\n|turn|13\n|\n|t:|1700854840\n|move|p2a: scaley boi|Extreme Speed|p1a: Kingambit\n|-damage|p1a: Kingambit|39\/100\n|move|p1a: Kingambit|Kowtow Cleave|p2a: scaley boi\n|-damage|p2a: scaley boi|0 fnt\n|faint|p2a: scaley boi\n|\n|win|Guest 3107088\n|raw|Guest 3107088's rating: 1232 &rarr; <strong>1268<\/strong><br \/>(+36 for winning)\n|raw|bluefeefee's rating: 1393 &rarr; <strong>1364<\/strong><br \/>(-29 for losing)\n","uploadtime":1700854844,"views":1,"p1id":"guest3107088","p2id":"bluefeefee","formatid":"gen9anythinggoes","rating":1268,"private":0,"password":""}