{"id":"gen9anythinggoes-1995551715","p1":"gawd958","p2":"CallMeWeeaboo","format":"[Gen 9] Anything Goes","log":"|j|\u2606gawd958\n|j|\u2606CallMeWeeaboo\n|t:|1700582163\n|gametype|singles\n|player|p1|gawd958|steven|1212\n|player|p2|CallMeWeeaboo|mina|1198\n|teamsize|p1|6\n|teamsize|p2|6\n|gen|9\n|tier|[Gen 9] Anything Goes\n|rated|\n|rule|HP Percentage Mod: HP is shown in percentages\n|rule|Endless Battle Clause: Forcing endless battles is banned\n|clearpoke\n|poke|p1|Decidueye-Hisui, M|\n|poke|p1|Ogerpon-Hearthflame, F|\n|poke|p1|Kyogre|\n|poke|p1|Gliscor, F|\n|poke|p1|Manaphy|\n|poke|p1|Meowscarada, F|\n|poke|p2|Manaphy|\n|poke|p2|Arcanine-Hisui, F|\n|poke|p2|Chien-Pao|\n|poke|p2|Palafin, M|\n|poke|p2|Great Tusk|\n|poke|p2|Ogerpon-Hearthflame, F|\n|teampreview\n|inactive|Battle timer is ON: inactive players will automatically lose when time's up. (requested by CallMeWeeaboo)\n|\n|t:|1700582184\n|start\n|switch|p1a: Gliscor|Gliscor, F|100\/100\n|switch|p2a: Palafin|Palafin, M|100\/100\n|turn|1\n|\n|t:|1700582191\n|move|p2a: Palafin|Flip Turn|p1a: Gliscor\n|-supereffective|p1a: Gliscor\n|-damage|p1a: Gliscor|53\/100\n|\n|t:|1700582195\n|detailschange|p2a: Palafin|Palafin-Hero, M\n|switch|p2a: Chien-Pao|Chien-Pao|100\/100|[from] Flip Turn\n|-ability|p2a: Chien-Pao|Sword of Ruin\n|move|p1a: Gliscor|Toxic Spikes|p2a: Chien-Pao\n|-sidestart|p2: CallMeWeeaboo|move: Toxic Spikes\n|\n|-status|p1a: Gliscor|tox|[from] item: Toxic Orb\n|upkeep\n|turn|2\n|\n|t:|1700582205\n|move|p1a: Gliscor|Protect|p1a: Gliscor\n|-singleturn|p1a: Gliscor|Protect\n|move|p2a: Chien-Pao|Ice Spinner|p1a: Gliscor\n|-activate|p1a: Gliscor|move: Protect\n|\n|-heal|p1a: Gliscor|65\/100 tox|[from] ability: Poison Heal\n|upkeep\n|turn|3\n|\n|t:|1700582213\n|move|p2a: Chien-Pao|Ice Spinner|p1a: Gliscor\n|-supereffective|p1a: Gliscor\n|-damage|p1a: Gliscor|0 fnt\n|faint|p1a: Gliscor\n|\n|upkeep\n|\n|t:|1700582218\n|switch|p1a: Decidueye|Decidueye-Hisui, M, shiny|100\/100\n|turn|4\n|\n|t:|1700582224\n|switch|p2a: Great Tusk|Great Tusk|100\/100\n|-status|p2a: Great Tusk|psn\n|move|p1a: Decidueye|Triple Arrows|p2a: Great Tusk\n|-crit|p2a: Great Tusk\n|-damage|p2a: Great Tusk|59\/100 psn\n|-unboost|p2a: Great Tusk|def|1\n|\n|-damage|p2a: Great Tusk|47\/100 psn|[from] psn\n|upkeep\n|turn|5\n|\n|t:|1700582236\n|move|p1a: Decidueye|Triple Arrows|p2a: Great Tusk\n|-crit|p2a: Great Tusk\n|-damage|p2a: Great Tusk|0 fnt\n|faint|p2a: Great Tusk\n|-end|p2a: Great Tusk|Protosynthesis|[silent]\n|\n|upkeep\n|\n|t:|1700582243\n|switch|p2a: Arcanine|Arcanine-Hisui, F|100\/100\n|-status|p2a: Arcanine|psn\n|turn|6\n|\n|t:|1700582249\n|switch|p1a: Kyogre|Kyogre, shiny|100\/100\n|-weather|RainDance|[from] ability: Drizzle|[of] p1a: Kyogre\n|move|p2a: Arcanine|Flare Blitz|p1a: Kyogre\n|-resisted|p1a: Kyogre\n|-damage|p1a: Kyogre|85\/100\n|\n|-weather|RainDance|[upkeep]\n|-damage|p2a: Arcanine|88\/100 psn|[from] psn\n|upkeep\n|turn|7\n|\n|t:|1700582260\n|switch|p2a: Manaphy|Manaphy|100\/100\n|-status|p2a: Manaphy|psn\n|move|p1a: Kyogre|Water Spout|p2a: Manaphy\n|-resisted|p2a: Manaphy\n|-damage|p2a: Manaphy|27\/100 psn\n|\n|-weather|RainDance|[upkeep]\n|-activate|p2a: Manaphy|ability: Hydration\n|-curestatus|p2a: Manaphy|psn|[msg]\n|-heal|p2a: Manaphy|34\/100|[from] item: Leftovers\n|upkeep\n|turn|8\n|\n|t:|1700582273\n|move|p1a: Kyogre|Water Spout|p2a: Manaphy\n|-resisted|p2a: Manaphy\n|-damage|p2a: Manaphy|0 fnt\n|faint|p2a: Manaphy\n|\n|-weather|RainDance|[upkeep]\n|upkeep\n|\n|t:|1700582280\n|switch|p2a: Arcanine|Arcanine-Hisui, F|88\/100 psn\n|turn|9\n|\n|t:|1700582284\n|move|p2a: Arcanine|Wild Charge|p1a: Kyogre\n|-supereffective|p1a: Kyogre\n|-damage|p1a: Kyogre|27\/100\n|move|p1a: Kyogre|Water Spout|p2a: Arcanine\n|-supereffective|p2a: Arcanine\n|-damage|p2a: Arcanine|0 fnt\n|faint|p2a: Arcanine\n|\n|-weather|RainDance|[upkeep]\n|upkeep\n|\n|t:|1700582294\n|switch|p2a: Ogerpon|Ogerpon-Hearthflame, F|100\/100\n|-status|p2a: Ogerpon|psn\n|-ability|p2a: Ogerpon|Mold Breaker\n|turn|10\n|\n|t:|1700582300\n|move|p2a: Ogerpon|Horn Leech|p1a: Kyogre\n|-supereffective|p1a: Kyogre\n|-damage|p1a: Kyogre|0 fnt\n|faint|p1a: Kyogre\n|\n|-weather|none\n|-damage|p2a: Ogerpon|88\/100 psn|[from] psn\n|upkeep\n|\n|t:|1700582313\n|switch|p1a: Ogerpon|Ogerpon-Hearthflame, F|100\/100\n|-ability|p1a: Ogerpon|Mold Breaker\n|turn|11\n|\n|t:|1700582319\n|-terastallize|p2a: Ogerpon|Fire\n|detailschange|p2a: Ogerpon|Ogerpon-Hearthflame-Tera, F, tera:Fire\n|-ability|p2a: Ogerpon|Embody Aspect (Hearthflame)|boost\n|-boost|p2a: Ogerpon|atk|1\n|move|p2a: Ogerpon|Ivy Cudgel|p1a: Ogerpon|[anim] Ivy Cudgel Fire\n|-damage|p1a: Ogerpon|0 fnt\n|faint|p1a: Ogerpon\n|\n|-damage|p2a: Ogerpon|76\/100 psn|[from] psn\n|upkeep\n|\n|t:|1700582329\n|switch|p1a: Manaphy|Manaphy|100\/100\n|turn|12\n|\n|t:|1700582334\n|move|p2a: Ogerpon|Horn Leech|p1a: Manaphy\n|-supereffective|p1a: Manaphy\n|-enditem|p1a: Manaphy|Focus Sash\n|-damage|p1a: Manaphy|1\/100\n|-heal|p2a: Ogerpon|100\/100 psn|[from] drain|[of] p1a: Manaphy\n|move|p1a: Manaphy|Hydro Pump|p2a: Ogerpon|[miss]\n|-miss|p1a: Manaphy|p2a: Ogerpon\n|\n|-damage|p2a: Ogerpon|88\/100 psn|[from] psn\n|upkeep\n|turn|13\n|\n|t:|1700582345\n|move|p2a: Ogerpon|Horn Leech|p1a: Manaphy\n|-supereffective|p1a: Manaphy\n|-damage|p1a: Manaphy|0 fnt\n|-heal|p2a: Ogerpon|89\/100 psn|[from] drain|[of] p1a: Manaphy\n|faint|p1a: Manaphy\n|\n|-damage|p2a: Ogerpon|76\/100 psn|[from] psn\n|upkeep\n|\n|t:|1700582355\n|switch|p1a: Decidueye|Decidueye-Hisui, M, shiny|100\/100\n|turn|14\n|\n|t:|1700582361\n|move|p2a: Ogerpon|Ivy Cudgel|p1a: Decidueye|[anim] Ivy Cudgel Fire\n|-supereffective|p1a: Decidueye\n|-damage|p1a: Decidueye|0 fnt\n|faint|p1a: Decidueye\n|\n|-damage|p2a: Ogerpon|64\/100 psn|[from] psn\n|upkeep\n|\n|t:|1700582367\n|switch|p1a: Meowscarada|Meowscarada, F, shiny|100\/100\n|turn|15\n|\n|t:|1700582373\n|move|p1a: Meowscarada|Thunder Punch|p2a: Ogerpon\n|-start|p1a: Meowscarada|typechange|Electric|[from] ability: Protean\n|-damage|p2a: Ogerpon|29\/100 psn\n|move|p2a: Ogerpon|Ivy Cudgel|p1a: Meowscarada|[anim] Ivy Cudgel Fire\n|-damage|p1a: Meowscarada|0 fnt\n|faint|p1a: Meowscarada\n|\n|win|CallMeWeeaboo\n|raw|gawd958's rating: 1212 &rarr; <strong>1186<\/strong><br \/>(-26 for losing)\n|raw|CallMeWeeaboo's rating: 1198 &rarr; <strong>1224<\/strong><br \/>(+26 for winning)\n|l|\u2606gawd958\n","uploadtime":1700582392,"views":0,"p1id":"gawd958","p2id":"callmeweeaboo","formatid":"gen9anythinggoes","rating":1186,"private":0,"password":""}