{"id":"gen9anythinggoes-1992405978","p1":"Yuki Nevasca","p2":"Blade Z Knights","format":"[Gen 9] Anything Goes","log":"|j|\u2606Yuki Nevasca\n|j|\u2606Blade Z Knights\n|t:|1700183826\n|gametype|singles\n|player|p1|Yuki Nevasca|102|1230\n|player|p2|Blade Z Knights|giovanni|1230\n|teamsize|p1|6\n|teamsize|p2|6\n|gen|9\n|tier|[Gen 9] Anything Goes\n|rated|\n|rule|HP Percentage Mod: HP is shown in percentages\n|rule|Endless Battle Clause: Forcing endless battles is banned\n|clearpoke\n|poke|p1|Annihilape, M|\n|poke|p1|Gengar, M|\n|poke|p1|Dragonite, F|\n|poke|p1|Greninja-*, M|\n|poke|p1|Breloom, M|\n|poke|p1|Mimikyu, F|\n|poke|p2|Calyrex-Shadow|\n|poke|p2|Glimmora, M|\n|poke|p2|Polteageist-Antique|\n|poke|p2|Dusclops, M|\n|poke|p2|Indeedee-F, F|\n|poke|p2|Torkoal, F|\n|teampreview\n|inactive|Battle timer is ON: inactive players will automatically lose when time's up. (requested by Blade Z Knights)\n|\n|t:|1700183835\n|start\n|switch|p1a: Annihilape|Annihilape, M, shiny|100\/100\n|switch|p2a: Indeedee|Indeedee-F, F|100\/100\n|-fieldstart|move: Psychic Terrain|[from] ability: Psychic Surge|[of] p2a: Indeedee\n|turn|1\n|\n|t:|1700183844\n|move|p1a: Annihilape|Drain Punch|p2a: Indeedee\n|-damage|p2a: Indeedee|72\/100\n|move|p2a: Indeedee|Substitute|p2a: Indeedee\n|-start|p2a: Indeedee|Substitute\n|-damage|p2a: Indeedee|47\/100\n|-enditem|p2a: Indeedee|Sitrus Berry|[eat]\n|-heal|p2a: Indeedee|72\/100|[from] item: Sitrus Berry\n|\n|upkeep\n|turn|2\n|\n|t:|1700183853\n|move|p1a: Annihilape|Bulk Up|p1a: Annihilape\n|-boost|p1a: Annihilape|atk|1\n|-boost|p1a: Annihilape|def|1\n|move|p2a: Indeedee|Trick Room|p2a: Indeedee\n|-fieldstart|move: Trick Room|[of] p2a: Indeedee\n|\n|upkeep\n|turn|3\n|\n|t:|1700183864\n|move|p2a: Indeedee|Baton Pass|p2a: Indeedee\n|\n|t:|1700183875\n|switch|p2a: Torkoal|Torkoal, F|100\/100|[from] Baton Pass\n|-weather|SunnyDay|[from] ability: Drought|[of] p2a: Torkoal\n|move|p1a: Annihilape|Drain Punch|p2a: Torkoal\n|-end|p2a: Torkoal|Substitute\n|\n|-weather|SunnyDay|[upkeep]\n|upkeep\n|turn|4\n|\n|t:|1700183887\n|-terastallize|p2a: Torkoal|Fire\n|move|p2a: Torkoal|Eruption|p1a: Annihilape\n|-damage|p1a: Annihilape|0 fnt\n|faint|p1a: Annihilape\n|\n|-weather|SunnyDay|[upkeep]\n|upkeep\n|\n|t:|1700183893\n|switch|p1a: Greninja|Greninja, M, shiny|100\/100\n|turn|5\n|\n|t:|1700183898\n|move|p2a: Torkoal|Eruption|p1a: Greninja\n|-resisted|p1a: Greninja\n|-damage|p1a: Greninja|0 fnt\n|faint|p1a: Greninja\n|\n|-weather|SunnyDay|[upkeep]\n|-fieldend|move: Psychic Terrain\n|upkeep\n|\n|t:|1700183907\n|switch|p1a: Mimikyu|Mimikyu, F, shiny|100\/100\n|turn|6\n|\n|t:|1700183911\n|move|p2a: Torkoal|Eruption|p1a: Mimikyu\n|-activate|p1a: Mimikyu|ability: Disguise\n|-damage|p1a: Mimikyu|100\/100\n|detailschange|p1a: Mimikyu|Mimikyu-Busted, F, shiny\n|-damage|p1a: Mimikyu|88\/100|[from] pokemon: Mimikyu-Busted\n|move|p1a: Mimikyu|Play Rough|p2a: Torkoal\n|-resisted|p2a: Torkoal\n|-damage|p2a: Torkoal|82\/100\n|-damage|p1a: Mimikyu|78\/100|[from] item: Life Orb\n|\n|-weather|SunnyDay|[upkeep]\n|-fieldend|move: Trick Room\n|upkeep\n|turn|7\n|\n|t:|1700183928\n|switch|p2a: Dusclops|Dusclops, M, shiny|100\/100\n|-ability|p2a: Dusclops|Pressure\n|move|p1a: Mimikyu|Shadow Sneak|p2a: Dusclops\n|-supereffective|p2a: Dusclops\n|-damage|p2a: Dusclops|75\/100\n|-damage|p1a: Mimikyu|68\/100|[from] item: Life Orb\n|\n|-weather|none\n|upkeep\n|turn|8\n|\n|t:|1700183944\n|move|p1a: Mimikyu|Shadow Claw|p2a: Dusclops\n|-supereffective|p2a: Dusclops\n|-damage|p2a: Dusclops|34\/100\n|-damage|p1a: Mimikyu|58\/100|[from] item: Life Orb\n|move|p2a: Dusclops|Trick Room|p2a: Dusclops\n|-fieldstart|move: Trick Room|[of] p2a: Dusclops\n|\n|upkeep\n|turn|9\n|\n|t:|1700183955\n|move|p2a: Dusclops|Will-O-Wisp|p1a: Mimikyu\n|-status|p1a: Mimikyu|brn\n|move|p1a: Mimikyu|Shadow Claw|p2a: Dusclops\n|-supereffective|p2a: Dusclops\n|-damage|p2a: Dusclops|9\/100\n|-damage|p1a: Mimikyu|48\/100 brn|[from] item: Life Orb\n|\n|-damage|p1a: Mimikyu|42\/100 brn|[from] brn\n|upkeep\n|turn|10\n|\n|t:|1700183965\n|move|p1a: Mimikyu|Shadow Sneak|p2a: Dusclops\n|-supereffective|p2a: Dusclops\n|-crit|p2a: Dusclops\n|-damage|p2a: Dusclops|0 fnt\n|faint|p2a: Dusclops\n|-damage|p1a: Mimikyu|32\/100 brn|[from] item: Life Orb\n|\n|-damage|p1a: Mimikyu|26\/100 brn|[from] brn\n|upkeep\n|\n|t:|1700183975\n|switch|p2a: Indeedee|Indeedee-F, F|72\/100\n|-fieldstart|move: Psychic Terrain|[from] ability: Psychic Surge|[of] p2a: Indeedee\n|turn|11\n|c|\u2606Yuki Nevasca|!weak indeedee\n|c| Yuki Nevasca|\/raw <div class=\"infobox\">Indeedee (ignoring abilities):<br \/><span class=\"message-effect-weak\">Weaknesses<\/span>: Bug, Dark<br \/><span class=\"message-effect-resist\">Resistances<\/span>: Psychic<br \/><span class=\"message-effect-immune\">Immunities<\/span>: Ghost<\/div>\n|\n|t:|1700183996\n|move|p2a: Indeedee|Psychic|p1a: Mimikyu\n|-damage|p1a: Mimikyu|0 fnt\n|faint|p1a: Mimikyu\n|\n|upkeep\n|\n|t:|1700184004\n|switch|p1a: Gengar|Gengar, M, shiny|100\/100\n|turn|12\n|\n|t:|1700184010\n|move|p2a: Indeedee|Substitute|p2a: Indeedee\n|-start|p2a: Indeedee|Substitute\n|-damage|p2a: Indeedee|47\/100\n|move|p1a: Gengar|Thunderbolt|p2a: Indeedee\n|-end|p2a: Indeedee|Substitute\n|\n|-fieldend|move: Trick Room\n|upkeep\n|turn|13\n|\n|t:|1700184021\n|-terastallize|p1a: Gengar|Psychic\n|move|p1a: Gengar|Thunderbolt|p2a: Indeedee\n|-damage|p2a: Indeedee|21\/100\n|move|p2a: Indeedee|Trick Room|p2a: Indeedee\n|-fieldstart|move: Trick Room|[of] p2a: Indeedee\n|\n|upkeep\n|turn|14\n|\n|t:|1700184030\n|move|p2a: Indeedee|Psychic|p1a: Gengar\n|-resisted|p1a: Gengar\n|-damage|p1a: Gengar|69\/100\n|-start|p2a: Indeedee|Disable|Psychic|[from] ability: Cursed Body|[of] p1a: Gengar\n|move|p1a: Gengar|Thunderbolt|p2a: Indeedee\n|-damage|p2a: Indeedee|0 fnt\n|faint|p2a: Indeedee\n|\n|upkeep\n|\n|t:|1700184040\n|switch|p2a: Torkoal|Torkoal, F, tera:Fire|82\/100\n|-weather|SunnyDay|[from] ability: Drought|[of] p2a: Torkoal\n|turn|15\n|\n|t:|1700184045\n|move|p2a: Torkoal|Eruption|p1a: Gengar\n|-damage|p1a: Gengar|0 fnt\n|faint|p1a: Gengar\n|\n|-weather|SunnyDay|[upkeep]\n|-fieldend|move: Psychic Terrain\n|upkeep\n|\n|t:|1700184052\n|switch|p1a: Dragonite|Dragonite, F|100\/100\n|turn|16\n|\n|t:|1700184059\n|move|p2a: Torkoal|Eruption|p1a: Dragonite\n|-resisted|p1a: Dragonite\n|-damage|p1a: Dragonite|60\/100\n|move|p1a: Dragonite|Earthquake|p2a: Torkoal\n|-supereffective|p2a: Torkoal\n|-crit|p2a: Torkoal\n|-damage|p2a: Torkoal|0 fnt\n|faint|p2a: Torkoal\n|\n|-weather|SunnyDay|[upkeep]\n|upkeep\n|\n|t:|1700184070\n|switch|p2a: Glimmora|Glimmora, M|100\/100\n|turn|17\n|\n|t:|1700184078\n|move|p1a: Dragonite|Earthquake|p2a: Glimmora\n|-supereffective|p2a: Glimmora\n|-enditem|p2a: Glimmora|Focus Sash\n|-damage|p2a: Glimmora|1\/100\n|-activate|p2a: Glimmora|ability: Toxic Debris\n|-sidestart|p1: Yuki Nevasca|move: Toxic Spikes\n|move|p2a: Glimmora|Mortal Spin|p1a: Dragonite\n|-damage|p1a: Dragonite|53\/100\n|-status|p1a: Dragonite|psn\n|\n|-weather|SunnyDay|[upkeep]\n|-damage|p1a: Dragonite|40\/100 psn|[from] psn\n|-fieldend|move: Trick Room\n|upkeep\n|turn|18\n|\n|t:|1700184091\n|move|p1a: Dragonite|Extreme Speed|p2a: Glimmora\n|-resisted|p2a: Glimmora\n|-damage|p2a: Glimmora|0 fnt\n|-activate|p2a: Glimmora|ability: Toxic Debris\n|-sidestart|p1: Yuki Nevasca|move: Toxic Spikes\n|faint|p2a: Glimmora\n|\n|-weather|SunnyDay|[upkeep]\n|-damage|p1a: Dragonite|28\/100 psn|[from] psn\n|upkeep\n|\n|t:|1700184101\n|switch|p2a: Polteageist|Polteageist-Antique|100\/100\n|turn|19\n|\n|t:|1700184105\n|move|p1a: Dragonite|Earthquake|p2a: Polteageist\n|-damage|p2a: Polteageist|26\/100\n|-ability|p2a: Polteageist|Weak Armor|boost\n|-unboost|p2a: Polteageist|def|1\n|-boost|p2a: Polteageist|spe|2\n|move|p2a: Polteageist|Shell Smash|p2a: Polteageist\n|-unboost|p2a: Polteageist|def|1\n|-unboost|p2a: Polteageist|spd|1\n|-boost|p2a: Polteageist|atk|2\n|-boost|p2a: Polteageist|spa|2\n|-boost|p2a: Polteageist|spe|2\n|\n|-weather|none\n|-damage|p1a: Dragonite|16\/100 psn|[from] psn\n|upkeep\n|turn|20\n|\n|t:|1700184119\n|move|p2a: Polteageist|Stored Power|p1a: Dragonite\n|-damage|p1a: Dragonite|0 fnt\n|faint|p1a: Dragonite\n|\n|upkeep\n|\n|t:|1700184124\n|switch|p1a: Breloom|Breloom, M|100\/100\n|-status|p1a: Breloom|tox\n|turn|21\n|\n|t:|1700184131\n|move|p1a: Breloom|Mach Punch|p2a: Polteageist\n|-immune|p2a: Polteageist\n|move|p2a: Polteageist|Stored Power|p1a: Breloom\n|-supereffective|p1a: Breloom\n|-damage|p1a: Breloom|0 fnt\n|faint|p1a: Breloom\n|\n|win|Blade Z Knights\n|raw|Yuki Nevasca's rating: 1230 &rarr; <strong>1205<\/strong><br \/>(-25 for losing)\n|raw|Blade Z Knights's rating: 1230 &rarr; <strong>1255<\/strong><br \/>(+25 for winning)\n|l|\u2606Yuki Nevasca\n","uploadtime":1700184180,"views":5,"p1id":"yukinevasca","p2id":"bladezknights","formatid":"gen9anythinggoes","rating":1205,"private":0,"password":""}