{"id":"gen9anythinggoes-1998831546","p1":"haveagooddayg","p2":"TutsTheNoob","format":"[Gen 9] Anything Goes","log":"|j|\u2606haveagooddayg\n|j|\u2606TutsTheNoob\n|t:|1700999633\n|gametype|singles\n|player|p1|haveagooddayg|266|1000\n|player|p2|TutsTheNoob|wallace|1123\n|teamsize|p1|6\n|teamsize|p2|6\n|gen|9\n|tier|[Gen 9] Anything Goes\n|rated|\n|rule|HP Percentage Mod: HP is shown in percentages\n|rule|Endless Battle Clause: Forcing endless battles is banned\n|clearpoke\n|poke|p1|Blissey, F|\n|poke|p1|Charizard, F|\n|poke|p1|Giratina-Origin|\n|poke|p1|Dragonite, F|\n|poke|p1|Basculegion-F, F|\n|poke|p1|Iron Moth|\n|poke|p2|Maushold-Four|\n|poke|p2|Ursaluna-Bloodmoon, M|\n|poke|p2|Vivillon, F|\n|poke|p2|Toxapex, F|\n|poke|p2|Gholdengo|\n|poke|p2|Annihilape, F|\n|teampreview\n|inactive|Battle timer is ON: inactive players will automatically lose when time's up. (requested by TutsTheNoob)\n|\n|t:|1700999649\n|start\n|switch|p1a: wow green|Dragonite, F, shiny|100\/100\n|switch|p2a: Toxapex|Toxapex, F|100\/100\n|turn|1\n|\n|t:|1700999658\n|move|p1a: wow green|Dragon Dance|p1a: wow green\n|-boost|p1a: wow green|atk|1\n|-boost|p1a: wow green|spe|1\n|move|p2a: Toxapex|Toxic|p1a: wow green\n|-status|p1a: wow green|tox\n|\n|-damage|p1a: wow green|94\/100 tox|[from] psn\n|upkeep\n|turn|2\n|\n|t:|1700999666\n|move|p1a: wow green|Outrage|p2a: Toxapex\n|-damage|p2a: Toxapex|29\/100\n|move|p2a: Toxapex|Haze|p2a: Toxapex\n|-clearallboost\n|\n|-damage|p1a: wow green|82\/100 tox|[from] psn\n|upkeep\n|turn|3\n|\n|t:|1700999673\n|move|p1a: wow green|Outrage|p2a: Toxapex|[from]lockedmove\n|-crit|p2a: Toxapex\n|-damage|p2a: Toxapex|0 fnt\n|faint|p2a: Toxapex\n|\n|-damage|p1a: wow green|63\/100 tox|[from] psn\n|upkeep\n|\n|t:|1700999680\n|switch|p2a: Maushold|Maushold-Four, shiny|100\/100\n|turn|4\n|\n|t:|1700999683\n|move|p2a: Maushold|Play Rough|p1a: wow green|[miss]\n|-miss|p2a: Maushold|p1a: wow green\n|move|p1a: wow green|Outrage|p2a: Maushold|[from]lockedmove\n|-damage|p2a: Maushold|18\/100\n|-start|p1a: wow green|confusion|[fatigue]\n|\n|-damage|p1a: wow green|38\/100 tox|[from] psn\n|upkeep\n|turn|5\n|\n|t:|1700999694\n|move|p2a: Maushold|Play Rough|p1a: wow green|[miss]\n|-miss|p2a: Maushold|p1a: wow green\n|-activate|p1a: wow green|confusion\n|move|p1a: wow green|Draco Meteor|p2a: Maushold\n|-damage|p2a: Maushold|0 fnt\n|-unboost|p1a: wow green|spa|2\n|faint|p2a: Maushold\n|\n|-damage|p1a: wow green|7\/100 tox|[from] psn\n|upkeep\n|inactive|TutsTheNoob has 120 seconds left.\n|\n|t:|1700999734\n|switch|p2a: Annihilape|Annihilape, F|100\/100\n|turn|6\n|\n|t:|1700999737\n|move|p2a: Annihilape|Rage Fist|p1a: wow green\n|-damage|p1a: wow green|0 fnt\n|faint|p1a: wow green\n|-damage|p2a: Annihilape|91\/100|[from] item: Life Orb\n|\n|upkeep\n|\n|t:|1700999744\n|switch|p1a: Iron Moth|Iron Moth|100\/100\n|turn|7\n|\n|t:|1700999756\n|move|p1a: Iron Moth|Flare Blitz|p2a: Annihilape\n|-damage|p2a: Annihilape|52\/100\n|-damage|p1a: Iron Moth|85\/100|[from] Recoil\n|move|p2a: Annihilape|Rage Fist|p1a: Iron Moth\n|-damage|p1a: Iron Moth|6\/100\n|-damage|p2a: Annihilape|35\/100|[from] item: Rocky Helmet|[of] p1a: Iron Moth\n|-damage|p2a: Annihilape|25\/100|[from] item: Life Orb\n|\n|upkeep\n|turn|8\n|\n|t:|1700999768\n|move|p1a: Iron Moth|Toxic Spikes|p2a: Annihilape\n|-sidestart|p2: TutsTheNoob|move: Toxic Spikes\n|move|p2a: Annihilape|Rest|p2a: Annihilape\n|-fail|p2a: Annihilape|[from] ability: Vital Spirit|[of] p2a: Annihilape\n|\n|upkeep\n|turn|9\n|\n|t:|1700999773\n|move|p1a: Iron Moth|Toxic Spikes|p2a: Annihilape\n|-sidestart|p2: TutsTheNoob|move: Toxic Spikes\n|move|p2a: Annihilape|Rage Fist|p1a: Iron Moth\n|-damage|p1a: Iron Moth|0 fnt\n|-damage|p2a: Annihilape|9\/100|[from] item: Rocky Helmet|[of] p1a: Iron Moth\n|faint|p1a: Iron Moth\n|-end|p1a: Iron Moth|Quark Drive|[silent]\n|-damage|p2a: Annihilape|0 fnt|[from] item: Life Orb\n|faint|p2a: Annihilape\n|\n|upkeep\n|\n|t:|1700999786\n|switch|p1a: fat pink thing|Blissey, F, shiny|100\/100\n|switch|p2a: Gholdengo|Gholdengo|100\/100\n|turn|10\n|\n|t:|1700999793\n|move|p2a: Gholdengo|Trick|p1a: fat pink thing\n|-activate|p2a: Gholdengo|move: Trick|[of] p1a: fat pink thing\n|-item|p1a: fat pink thing|Choice Specs|[from] move: Trick\n|-item|p2a: Gholdengo|Focus Sash|[from] move: Trick\n|move|p1a: fat pink thing|Calm Mind|p1a: fat pink thing\n|-boost|p1a: fat pink thing|spa|1\n|-boost|p1a: fat pink thing|spd|1\n|\n|upkeep\n|turn|11\n|\n|t:|1700999801\n|move|p2a: Gholdengo|Make It Rain|p1a: fat pink thing\n|-damage|p1a: fat pink thing|84\/100\n|-unboost|p2a: Gholdengo|spa|1\n|move|p1a: fat pink thing|Calm Mind|p1a: fat pink thing\n|-boost|p1a: fat pink thing|spa|1\n|-boost|p1a: fat pink thing|spd|1\n|\n|upkeep\n|turn|12\n|\n|t:|1700999811\n|move|p2a: Gholdengo|Make It Rain|p1a: fat pink thing\n|-damage|p1a: fat pink thing|75\/100\n|-unboost|p2a: Gholdengo|spa|1\n|move|p1a: fat pink thing|Calm Mind|p1a: fat pink thing\n|-boost|p1a: fat pink thing|spa|1\n|-boost|p1a: fat pink thing|spd|1\n|\n|upkeep\n|turn|13\n|\n|t:|1700999831\n|move|p2a: Gholdengo|Shadow Ball|p1a: fat pink thing\n|-immune|p1a: fat pink thing\n|move|p1a: fat pink thing|Calm Mind|p1a: fat pink thing\n|-boost|p1a: fat pink thing|spa|1\n|-boost|p1a: fat pink thing|spd|1\n|\n|upkeep\n|turn|14\n|\n|t:|1700999838\n|move|p2a: Gholdengo|Make It Rain|p1a: fat pink thing\n|-damage|p1a: fat pink thing|71\/100\n|-unboost|p2a: Gholdengo|spa|1\n|move|p1a: fat pink thing|Calm Mind|p1a: fat pink thing\n|-boost|p1a: fat pink thing|spa|1\n|-boost|p1a: fat pink thing|spd|1\n|\n|upkeep\n|turn|15\n|\n|t:|1700999847\n|move|p2a: Gholdengo|Make It Rain|p1a: fat pink thing\n|-damage|p1a: fat pink thing|68\/100\n|-unboost|p2a: Gholdengo|spa|1\n|move|p1a: fat pink thing|Calm Mind|p1a: fat pink thing\n|-boost|p1a: fat pink thing|spa|1\n|-boost|p1a: fat pink thing|spd|1\n|\n|upkeep\n|turn|16\n|\n|t:|1700999855\n|move|p2a: Gholdengo|Make It Rain|p1a: fat pink thing\n|-damage|p1a: fat pink thing|65\/100\n|-unboost|p2a: Gholdengo|spa|1\n|move|p1a: fat pink thing|Calm Mind|p1a: fat pink thing\n|-boost|p1a: fat pink thing|spa|0\n|-boost|p1a: fat pink thing|spd|0\n|\n|upkeep\n|turn|17\n|\n|t:|1700999865\n|-terastallize|p1a: fat pink thing|Normal\n|move|p2a: Gholdengo|Make It Rain|p1a: fat pink thing\n|-damage|p1a: fat pink thing|63\/100\n|-unboost|p2a: Gholdengo|spa|1\n|move|p1a: fat pink thing|Calm Mind|p1a: fat pink thing\n|-boost|p1a: fat pink thing|spa|0\n|-boost|p1a: fat pink thing|spd|0\n|\n|upkeep\n|turn|18\n|\n|t:|1700999879\n|switch|p2a: Ursaluna|Ursaluna-Bloodmoon, M|100\/100\n|-status|p2a: Ursaluna|tox\n|move|p1a: fat pink thing|Calm Mind|p1a: fat pink thing\n|-boost|p1a: fat pink thing|spa|0\n|-boost|p1a: fat pink thing|spd|0\n|\n|-damage|p2a: Ursaluna|94\/100 tox|[from] psn\n|upkeep\n|turn|19\n|\n|t:|1700999889\n|move|p1a: fat pink thing|Calm Mind|p1a: fat pink thing\n|-boost|p1a: fat pink thing|spa|0\n|-boost|p1a: fat pink thing|spd|0\n|move|p2a: Ursaluna|Belly Drum|p2a: Ursaluna\n|-damage|p2a: Ursaluna|44\/100 tox\n|-setboost|p2a: Ursaluna|atk|6|[from] move: Belly Drum\n|\n|-damage|p2a: Ursaluna|32\/100 tox|[from] psn\n|upkeep\n|turn|20\n|\n|t:|1700999898\n|move|p1a: fat pink thing|Calm Mind|p1a: fat pink thing\n|-boost|p1a: fat pink thing|spa|0\n|-boost|p1a: fat pink thing|spd|0\n|move|p2a: Ursaluna|Rest|p2a: Ursaluna\n|-status|p2a: Ursaluna|slp|[from] move: Rest\n|-heal|p2a: Ursaluna|100\/100 slp|[silent]\n|-enditem|p2a: Ursaluna|Chesto Berry|[eat]\n|-curestatus|p2a: Ursaluna|slp|[msg]\n|\n|upkeep\n|turn|21\n|\n|t:|1700999909\n|move|p1a: fat pink thing|Calm Mind|p1a: fat pink thing\n|-boost|p1a: fat pink thing|spa|0\n|-boost|p1a: fat pink thing|spd|0\n|move|p2a: Ursaluna|Earthquake|p1a: fat pink thing\n|-damage|p1a: fat pink thing|0 fnt\n|faint|p1a: fat pink thing\n|\n|upkeep\n|\n|t:|1700999915\n|switch|p1a: big fish|Basculegion-F, F, shiny|100\/100\n|turn|22\n|\n|t:|1700999925\n|move|p1a: big fish|Aqua Jet|p2a: Ursaluna\n|-supereffective|p2a: Ursaluna\n|-damage|p2a: Ursaluna|82\/100\n|move|p2a: Ursaluna|Earthquake|p1a: big fish\n|-damage|p1a: big fish|0 fnt\n|faint|p1a: big fish\n|\n|upkeep\n|\n|t:|1700999931\n|switch|p1a: ohhhhh|Giratina-Origin, shiny|100\/100\n|turn|23\n|\n|t:|1700999953\n|move|p1a: ohhhhh|Destiny Bond|p1a: ohhhhh\n|-singlemove|p1a: ohhhhh|Destiny Bond\n|move|p2a: Ursaluna|Earthquake|p1a: ohhhhh\n|-immune|p1a: ohhhhh|[from] ability: Levitate\n|\n|upkeep\n|turn|24\n|\n|t:|1700999966\n|switch|p2a: Gholdengo|Gholdengo|100\/100\n|move|p1a: ohhhhh|Stone Edge|p2a: Gholdengo\n|-resisted|p2a: Gholdengo\n|-crit|p2a: Gholdengo\n|-damage|p2a: Gholdengo|81\/100\n|\n|upkeep\n|turn|25\n|\n|t:|1700999976\n|switch|p1a: sick|Charizard, F, shiny|100\/100\n|move|p2a: Gholdengo|Shadow Ball|p1a: sick\n|-damage|p1a: sick|49\/100\n|-unboost|p1a: sick|spd|1\n|\n|upkeep\n|turn|26\n|\n|t:|1700999985\n|move|p1a: sick|Fire Blast|p2a: Gholdengo\n|-supereffective|p2a: Gholdengo\n|-damage|p2a: Gholdengo|0 fnt\n|faint|p2a: Gholdengo\n|\n|upkeep\n|\n|t:|1700999990\n|switch|p2a: Ursaluna|Ursaluna-Bloodmoon, M|82\/100\n|-status|p2a: Ursaluna|tox\n|turn|27\n|\n|t:|1700999994\n|switch|p1a: ohhhhh|Giratina-Origin, shiny|100\/100\n|move|p2a: Ursaluna|Blood Moon|p1a: ohhhhh\n|-damage|p1a: ohhhhh|45\/100\n|\n|-damage|p2a: Ursaluna|76\/100 tox|[from] psn\n|upkeep\n|turn|28\n|\n|t:|1701000007\n|switch|p2a: Vivillon|Vivillon, F, shiny|100\/100\n|move|p1a: ohhhhh|Destiny Bond|p1a: ohhhhh\n|-singlemove|p1a: ohhhhh|Destiny Bond\n|\n|upkeep\n|turn|29\n|\n|t:|1701000019\n|move|p2a: Vivillon|Sleep Powder|p1a: ohhhhh\n|-status|p1a: ohhhhh|slp|[from] move: Sleep Powder\n|cant|p1a: ohhhhh|slp\n|\n|upkeep\n|turn|30\n|\n|t:|1701000037\n|move|p2a: Vivillon|Substitute|p2a: Vivillon\n|-start|p2a: Vivillon|Substitute\n|-damage|p2a: Vivillon|76\/100\n|-curestatus|p1a: ohhhhh|slp|[msg]\n|move|p1a: ohhhhh|Stone Edge|p2a: Vivillon\n|-supereffective|p2a: Vivillon\n|-end|p2a: Vivillon|Substitute\n|\n|-heal|p2a: Vivillon|82\/100|[from] item: Leftovers\n|upkeep\n|turn|31\n|\n|t:|1701000047\n|move|p2a: Vivillon|Sleep Powder|p1a: ohhhhh\n|-status|p1a: ohhhhh|slp|[from] move: Sleep Powder\n|cant|p1a: ohhhhh|slp\n|\n|-heal|p2a: Vivillon|88\/100|[from] item: Leftovers\n|upkeep\n|turn|32\n|\n|t:|1701000055\n|move|p2a: Vivillon|Substitute|p2a: Vivillon\n|-start|p2a: Vivillon|Substitute\n|-damage|p2a: Vivillon|63\/100\n|cant|p1a: ohhhhh|slp\n|\n|-heal|p2a: Vivillon|69\/100|[from] item: Leftovers\n|upkeep\n|turn|33\n|\n|t:|1701000062\n|move|p2a: Vivillon|Hurricane|p1a: ohhhhh\n|-damage|p1a: ohhhhh|9\/100 slp\n|-curestatus|p1a: ohhhhh|slp|[msg]\n|move|p1a: ohhhhh|Stone Edge|p2a: Vivillon|[miss]\n|-miss|p1a: ohhhhh|p2a: Vivillon\n|\n|-heal|p2a: Vivillon|75\/100|[from] item: Leftovers\n|upkeep\n|turn|34\n|\n|t:|1701000072\n|switch|p1a: sick|Charizard, F, shiny|49\/100\n|move|p2a: Vivillon|Hurricane|p1a: sick\n|-damage|p1a: sick|0 fnt\n|faint|p1a: sick\n|\n|-heal|p2a: Vivillon|81\/100|[from] item: Leftovers\n|upkeep\n|\n|t:|1701000079\n|switch|p1a: ohhhhh|Giratina-Origin, shiny|9\/100\n|turn|35\n|\n|t:|1701000084\n|move|p2a: Vivillon|Hurricane|p1a: ohhhhh\n|-damage|p1a: ohhhhh|0 fnt\n|faint|p1a: ohhhhh\n|\n|win|TutsTheNoob\n|raw|haveagooddayg's rating: 1000 &rarr; <strong>1000<\/strong><br \/>(+0 for losing)\n|raw|TutsTheNoob's rating: 1123 &rarr; <strong>1140<\/strong><br \/>(+17 for winning)\n","uploadtime":1701000099,"views":13,"p1id":"haveagooddayg","p2id":"tutsthenoob","formatid":"gen9anythinggoes","rating":1000,"private":0,"password":""}