{"id":"gen9anythinggoes-2000422556","p1":"bagguete_xd","p2":"Maeyw","format":"[Gen 9] Anything Goes","log":"|j|\u2606bagguete_xd\n|j|\u2606Maeyw\n|t:|1701193503\n|gametype|singles\n|player|p1|bagguete_xd|n|1106\n|player|p2|Maeyw|hugh|1152\n|teamsize|p1|6\n|teamsize|p2|6\n|gen|9\n|tier|[Gen 9] Anything Goes\n|rated|\n|rule|HP Percentage Mod: HP is shown in percentages\n|rule|Endless Battle Clause: Forcing endless battles is banned\n|clearpoke\n|poke|p1|Maushold|\n|poke|p1|Dragonite, F|\n|poke|p1|Oricorio, F|\n|poke|p1|Drifblim, F|\n|poke|p1|Lilligant, F|\n|poke|p1|Polteageist-Antique|\n|poke|p2|Mimikyu, F|\n|poke|p2|Mimikyu, F|\n|poke|p2|Maushold-Four|\n|poke|p2|Maushold-Four|\n|poke|p2|Calyrex-Ice|\n|poke|p2|Chi-Yu|\n|teampreview\n|\n|t:|1701193506\n|start\n|switch|p1a: Maushold|Maushold|100\/100\n|switch|p2a: Maushold|Maushold-Four|100\/100\n|turn|1\n|\n|t:|1701193511\n|move|p2a: Maushold|Population Bomb|p1a: Maushold\n|-damage|p1a: Maushold|88\/100\n|-damage|p1a: Maushold|75\/100\n|-damage|p1a: Maushold|61\/100\n|-hitcount|p1a: Maushold|3\n|move|p1a: Maushold|Tidy Up|p1a: Maushold\n|-boost|p1a: Maushold|atk|1\n|-boost|p1a: Maushold|spe|1\n|\n|upkeep\n|turn|2\n|\n|t:|1701193522\n|move|p1a: Maushold|Population Bomb|p2a: Maushold\n|-damage|p2a: Maushold|79\/100\n|-damage|p2a: Maushold|56\/100\n|-damage|p2a: Maushold|33\/100\n|-damage|p2a: Maushold|11\/100\n|-damage|p2a: Maushold|0 fnt\n|faint|p2a: Maushold\n|-hitcount|p2: Maushold|5\n|\n|upkeep\n|\n|t:|1701193531\n|switch|p2a: Maushold|Maushold-Four|100\/100\n|turn|3\n|\n|t:|1701193534\n|move|p1a: Maushold|Population Bomb|p2a: Maushold\n|-damage|p2a: Maushold|79\/100\n|-damage|p2a: Maushold|58\/100\n|-damage|p2a: Maushold|38\/100\n|-damage|p2a: Maushold|15\/100\n|-crit|p2a: Maushold\n|-damage|p2a: Maushold|0 fnt\n|faint|p2a: Maushold\n|-hitcount|p2: Maushold|5\n|\n|upkeep\n|\n|t:|1701193543\n|switch|p2a: Chi-Yu|Chi-Yu|100\/100\n|-ability|p2a: Chi-Yu|Beads of Ruin\n|turn|4\n|\n|t:|1701193547\n|move|p1a: Maushold|Population Bomb|p2a: Chi-Yu\n|-damage|p2a: Chi-Yu|73\/100\n|-damage|p2a: Chi-Yu|47\/100\n|-damage|p2a: Chi-Yu|19\/100\n|-hitcount|p2a: Chi-Yu|3\n|move|p2a: Chi-Yu|Flamethrower|p1a: Maushold\n|-damage|p1a: Maushold|0 fnt\n|faint|p1a: Maushold\n|\n|-heal|p2a: Chi-Yu|25\/100|[from] item: Leftovers\n|upkeep\n|\n|t:|1701193557\n|switch|p1a: Oricorio|Oricorio, F, shiny|100\/100\n|turn|5\n|\n|t:|1701193563\n|move|p2a: Chi-Yu|Dark Pulse|p1a: Oricorio\n|-damage|p1a: Oricorio|4\/100\n|cant|p1a: Oricorio|flinch\n|\n|-heal|p2a: Chi-Yu|31\/100|[from] item: Leftovers\n|upkeep\n|turn|6\n|\n|t:|1701193568\n|move|p2a: Chi-Yu|Dark Pulse|p1a: Oricorio\n|-damage|p1a: Oricorio|0 fnt\n|faint|p1a: Oricorio\n|\n|-heal|p2a: Chi-Yu|37\/100|[from] item: Leftovers\n|upkeep\n|\n|t:|1701193578\n|switch|p1a: Dragonite|Dragonite, F|100\/100\n|turn|7\n|\n|t:|1701193580\n|move|p2a: Chi-Yu|Psychic|p1a: Dragonite\n|-damage|p1a: Dragonite|78\/100\n|move|p1a: Dragonite|Dragon Dance|p1a: Dragonite\n|-boost|p1a: Dragonite|atk|1\n|-boost|p1a: Dragonite|spe|1\n|\n|-heal|p2a: Chi-Yu|43\/100|[from] item: Leftovers\n|upkeep\n|turn|8\n|\n|t:|1701193584\n|move|p1a: Dragonite|Dragon Dance|p1a: Dragonite\n|-boost|p1a: Dragonite|atk|1\n|-boost|p1a: Dragonite|spe|1\n|move|p2a: Chi-Yu|Dark Pulse|p1a: Dragonite\n|-crit|p1a: Dragonite\n|-damage|p1a: Dragonite|0 fnt\n|faint|p1a: Dragonite\n|\n|-heal|p2a: Chi-Yu|49\/100|[from] item: Leftovers\n|upkeep\n|\n|t:|1701193590\n|switch|p1a: Drifblim|Drifblim, F|100\/100\n|turn|9\n|\n|t:|1701193593\n|move|p2a: Chi-Yu|Dark Pulse|p1a: Drifblim\n|-supereffective|p1a: Drifblim\n|-damage|p1a: Drifblim|1\/100\n|move|p1a: Drifblim|Minimize|p1a: Drifblim\n|-boost|p1a: Drifblim|evasion|2\n|\n|-heal|p2a: Chi-Yu|55\/100|[from] item: Leftovers\n|-heal|p1a: Drifblim|7\/100|[from] item: Leftovers\n|upkeep\n|turn|10\n|\n|t:|1701193597\n|move|p2a: Chi-Yu|Flamethrower|p1a: Drifblim\n|-damage|p1a: Drifblim|0 fnt\n|faint|p1a: Drifblim\n|\n|-heal|p2a: Chi-Yu|61\/100|[from] item: Leftovers\n|upkeep\n|\n|t:|1701193601\n|switch|p1a: Lilligant|Lilligant, F|100\/100\n|turn|11\n|\n|t:|1701193605\n|move|p2a: Chi-Yu|Flamethrower|p1a: Lilligant\n|-supereffective|p1a: Lilligant\n|-damage|p1a: Lilligant|0 fnt\n|faint|p1a: Lilligant\n|\n|-heal|p2a: Chi-Yu|67\/100|[from] item: Leftovers\n|upkeep\n|\n|t:|1701193608\n|switch|p1a: Polteageist|Polteageist-Antique, shiny|100\/100\n|turn|12\n|\n|t:|1701193611\n|move|p2a: Chi-Yu|Dark Pulse|p1a: Polteageist\n|-supereffective|p1a: Polteageist\n|-damage|p1a: Polteageist|0 fnt\n|faint|p1a: Polteageist\n|\n|win|Maeyw\n|raw|bagguete_xd's rating: 1106 &rarr; <strong>1084<\/strong><br \/>(-22 for losing)\n|raw|Maeyw's rating: 1152 &rarr; <strong>1174<\/strong><br \/>(+22 for winning)\n|l|\u2606bagguete_xd\n|c|\u2606Maeyw|Ggs\n","uploadtime":1701193630,"views":2,"p1id":"bagguetexd","p2id":"maeyw","formatid":"gen9anythinggoes","rating":1084,"private":0,"password":""}