{"id":"gen9anythinggoes-1981108217","p1":"qing_kong1423","p2":"ElKirbyQueRie","format":"[Gen 9] Anything Goes","log":"|j|\u203dqing_kong1423\n|j|\u2606ElKirbyQueRie\n|t:|1698864177\n|gametype|singles\n|player|p1|qing_kong1423|elesa-masters|1511\n|player|p2|ElKirbyQueRie|benga|1478\n|teamsize|p1|6\n|teamsize|p2|6\n|gen|9\n|tier|[Gen 9] Anything Goes\n|rated|\n|rule|HP Percentage Mod: HP is shown in percentages\n|rule|Endless Battle Clause: Forcing endless battles is banned\n|clearpoke\n|poke|p1|Ribombee, M|\n|poke|p1|Calyrex-Shadow|\n|poke|p1|Koraidon|\n|poke|p1|Vivillon, M|\n|poke|p1|Arceus|\n|poke|p1|Arceus-Ground|\n|poke|p2|Calyrex-Shadow|\n|poke|p2|Regieleki|\n|poke|p2|Koraidon|\n|poke|p2|Eternatus|\n|poke|p2|Zacian-*|\n|poke|p2|Palkia-Origin|\n|teampreview\n|\n|t:|1698864190\n|start\n|switch|p1a: Ribombee|Ribombee, M|100\/100\n|switch|p2a: Regieleki|Regieleki|100\/100\n|turn|1\n|\n|t:|1698864198\n|move|p2a: Regieleki|Thunderbolt|p1a: Ribombee\n|-damage|p1a: Ribombee|7\/100\n|move|p1a: Ribombee|Sticky Web|p2a: Regieleki\n|-sidestart|p2: ElKirbyQueRie|move: Sticky Web\n|\n|upkeep\n|turn|2\n|\n|t:|1698864206\n|switch|p1a: Calyrex|Calyrex-Shadow|100\/100\n|-ability|p1a: Calyrex|As One\n|-ability|p1a: Calyrex|Unnerve\n|move|p2a: Regieleki|Rapid Spin|p1a: Calyrex\n|-immune|p1a: Calyrex\n|\n|upkeep\n|turn|3\n|\n|t:|1698864215\n|move|p1a: Calyrex|Astral Barrage|p2a: Regieleki\n|-enditem|p2a: Regieleki|Focus Sash\n|-damage|p2a: Regieleki|1\/100\n|-damage|p1a: Calyrex|91\/100|[from] item: Life Orb\n|move|p2a: Regieleki|Thunder Wave|p1a: Calyrex\n|-status|p1a: Calyrex|par\n|\n|upkeep\n|turn|4\n|\n|t:|1698864228\n|move|p2a: Regieleki|Thunderbolt|p1a: Calyrex\n|-damage|p1a: Calyrex|37\/100 par\n|move|p1a: Calyrex|Astral Barrage|p2a: Regieleki\n|-damage|p2a: Regieleki|0 fnt\n|faint|p2a: Regieleki\n|-ability|p1a: Calyrex|Grim Neigh|boost\n|-boost|p1a: Calyrex|spa|1\n|-damage|p1a: Calyrex|27\/100 par|[from] item: Life Orb\n|\n|upkeep\n|\n|t:|1698864241\n|switch|p2a: Calyrex|Calyrex-Shadow|100\/100\n|-ability|p2a: Calyrex|As One\n|-ability|p2a: Calyrex|Unnerve\n|-activate|p2a: Calyrex|move: Sticky Web\n|-unboost|p2a: Calyrex|spe|1\n|turn|5\n|\n|t:|1698864250\n|switch|p1a: Arceus|Arceus|100\/100\n|move|p2a: Calyrex|Dark Pulse|p1a: Arceus\n|-damage|p1a: Arceus|80\/100\n|\n|upkeep\n|turn|6\n|\n|t:|1698864258\n|move|p2a: Calyrex|Psychic|p1a: Arceus\n|-damage|p1a: Arceus|44\/100\n|move|p1a: Arceus|Shadow Claw|p2a: Calyrex\n|-supereffective|p2a: Calyrex\n|-enditem|p2a: Calyrex|Focus Sash\n|-damage|p2a: Calyrex|1\/100\n|\n|upkeep\n|turn|7\n|\n|t:|1698864271\n|move|p2a: Calyrex|Psychic|p1a: Arceus\n|-crit|p1a: Arceus\n|-damage|p1a: Arceus|0 fnt\n|faint|p1a: Arceus\n|-ability|p2a: Calyrex|Grim Neigh|boost\n|-boost|p2a: Calyrex|spa|1\n|\n|upkeep\n|\n|t:|1698864277\n|switch|p1a: Vivillon|Vivillon, M|100\/100\n|turn|8\n|\n|t:|1698864282\n|move|p1a: Vivillon|Sleep Powder|p2a: Calyrex|[miss]\n|-miss|p1a: Vivillon|p2a: Calyrex\n|move|p2a: Calyrex|Astral Barrage|p1a: Vivillon\n|-enditem|p1a: Vivillon|Focus Sash\n|-damage|p1a: Vivillon|1\/100\n|\n|upkeep\n|turn|9\n|\n|t:|1698864295\n|move|p1a: Vivillon|Sleep Powder|p2a: Calyrex\n|-status|p2a: Calyrex|slp|[from] move: Sleep Powder\n|cant|p2a: Calyrex|slp\n|\n|upkeep\n|turn|10\n|\n|t:|1698864300\n|move|p1a: Vivillon|Quiver Dance|p1a: Vivillon\n|-boost|p1a: Vivillon|spa|1\n|-boost|p1a: Vivillon|spd|1\n|-boost|p1a: Vivillon|spe|1\n|cant|p2a: Calyrex|slp\n|\n|upkeep\n|turn|11\n|\n|t:|1698864304\n|move|p1a: Vivillon|Hurricane|p2a: Calyrex\n|-damage|p2a: Calyrex|0 fnt\n|faint|p2a: Calyrex\n|\n|upkeep\n|\n|t:|1698864311\n|switch|p2a: Eternatus|Eternatus|100\/100\n|-ability|p2a: Eternatus|Pressure\n|-item|p2a: Eternatus|Air Balloon\n|turn|12\n|\n|t:|1698864319\n|move|p1a: Vivillon|Sleep Powder|p2a: Eternatus\n|-status|p2a: Eternatus|slp|[from] move: Sleep Powder\n|cant|p2a: Eternatus|slp\n|\n|upkeep\n|turn|13\n|\n|t:|1698864323\n|move|p1a: Vivillon|Hurricane|p2a: Eternatus\n|-damage|p2a: Eternatus|44\/100 slp\n|-enditem|p2a: Eternatus|Air Balloon\n|cant|p2a: Eternatus|slp\n|\n|upkeep\n|turn|14\n|\n|t:|1698864328\n|move|p1a: Vivillon|Hurricane|p2a: Eternatus\n|-damage|p2a: Eternatus|0 fnt\n|faint|p2a: Eternatus\n|\n|upkeep\n|-message|ElKirbyQueRie forfeited.\n|\n|win|qing_kong1423\n|raw|qing_kong1423's rating: 1511 &rarr; <strong>1529<\/strong><br \/>(+18 for winning)\n|raw|ElKirbyQueRie's rating: 1478 &rarr; <strong>1460<\/strong><br \/>(-18 for losing)\n|l|\u2606ElKirbyQueRie\n","uploadtime":1698864360,"views":11,"p1id":"qingkong1423","p2id":"elkirbyquerie","formatid":"gen9anythinggoes","rating":1460,"private":0,"password":""}