{"id":"gen9anythinggoes-1991932994","p1":"DaroSilvertail","p2":"Ghost8759","format":"[Gen 9] Anything Goes","log":"|j|\u2606DaroSilvertail\n|j|\u2606Ghost8759\n|t:|1700139799\n|gametype|singles\n|player|p1|DaroSilvertail|swimmerf-gen4dp|1088\n|player|p2|Ghost8759|giovanni|1041\n|teamsize|p1|6\n|teamsize|p2|6\n|gen|9\n|tier|[Gen 9] Anything Goes\n|rated|\n|rule|HP Percentage Mod: HP is shown in percentages\n|rule|Endless Battle Clause: Forcing endless battles is banned\n|clearpoke\n|poke|p1|Vaporeon, M|\n|poke|p1|Clawitzer, M|\n|poke|p1|Goodra, F|\n|poke|p1|Dragapult, M|\n|poke|p1|Azumarill, F|\n|poke|p1|Dragonite, F|\n|poke|p2|Ditto|\n|poke|p2|Ditto|\n|poke|p2|Ditto|\n|poke|p2|Garchomp, M|\n|poke|p2|Ditto|\n|poke|p2|Scizor, M|\n|teampreview\n|\n|t:|1700139804\n|start\n|switch|p1a: Vappy|Vaporeon, M|100\/100\n|switch|p2a: Scizor|Scizor, M|100\/100\n|turn|1\n|\n|t:|1700139810\n|move|p2a: Scizor|Swords Dance|p2a: Scizor\n|-boost|p2a: Scizor|atk|2\n|move|p1a: Vappy|Aqua Ring|p1a: Vappy\n|-start|p1a: Vappy|Aqua Ring\n|\n|upkeep\n|turn|2\n|\n|t:|1700139824\n|move|p2a: Scizor|Swords Dance|p2a: Scizor\n|-boost|p2a: Scizor|atk|2\n|move|p1a: Vappy|Calm Mind|p1a: Vappy\n|-boost|p1a: Vappy|spa|1\n|-boost|p1a: Vappy|spd|1\n|\n|upkeep\n|turn|3\n|\n|t:|1700139831\n|move|p2a: Scizor|Swords Dance|p2a: Scizor\n|-boost|p2a: Scizor|atk|2\n|move|p1a: Vappy|Ice Beam|p2a: Scizor\n|-resisted|p2a: Scizor\n|-damage|p2a: Scizor|82\/100\n|\n|upkeep\n|turn|4\n|\n|t:|1700139839\n|move|p1a: Vappy|Surf|p2a: Scizor\n|-damage|p2a: Scizor|22\/100\n|move|p2a: Scizor|Tailwind|p2a: Scizor\n|-sidestart|p2: Ghost8759|move: Tailwind\n|\n|upkeep\n|turn|5\n|\n|t:|1700139845\n|move|p2a: Scizor|Baton Pass|p2a: Scizor\n|\n|t:|1700139849\n|switch|p2a: Garchomp|Garchomp, M|100\/100|[from] Baton Pass\n|move|p1a: Vappy|Surf|p2a: Garchomp\n|-damage|p2a: Garchomp|27\/100\n|\n|upkeep\n|turn|6\n|\n|t:|1700139856\n|move|p1a: Vappy|Ice Beam|p2a: Garchomp\n|-supereffective|p2a: Garchomp\n|-damage|p2a: Garchomp|0 fnt\n|faint|p2a: Garchomp\n|\n|upkeep\n|\n|t:|1700139862\n|switch|p2a: Ditto|Ditto|100\/100\n|-transform|p2a: Ditto|p1a: Vappy|[from] ability: Imposter\n|turn|7\n|\n|t:|1700139871\n|move|p2a: Ditto|Calm Mind|p2a: Ditto\n|-boost|p2a: Ditto|spa|1\n|-boost|p2a: Ditto|spd|1\n|move|p1a: Vappy|Calm Mind|p1a: Vappy\n|-boost|p1a: Vappy|spa|1\n|-boost|p1a: Vappy|spd|1\n|\n|-sideend|p2: Ghost8759|move: Tailwind\n|upkeep\n|turn|8\n|\n|t:|1700139883\n|move|p1a: Vappy|Ice Beam|p2a: Ditto\n|-resisted|p2a: Ditto\n|-damage|p2a: Ditto|81\/100\n|move|p2a: Ditto|Ice Beam|p1a: Vappy\n|-resisted|p1a: Vappy\n|-damage|p1a: Vappy|86\/100\n|\n|-heal|p1a: Vappy|94\/100|[from] Aqua Ring\n|upkeep\n|turn|9\n|\n|t:|1700139897\n|move|p1a: Vappy|Ice Beam|p2a: Ditto\n|-resisted|p2a: Ditto\n|-damage|p2a: Ditto|60\/100\n|-status|p2a: Ditto|frz\n|-curestatus|p2a: Ditto|frz|[msg]\n|move|p2a: Ditto|Calm Mind|p2a: Ditto\n|-boost|p2a: Ditto|spa|1\n|-boost|p2a: Ditto|spd|1\n|\n|-heal|p1a: Vappy|100\/100|[from] Aqua Ring\n|upkeep\n|turn|10\n|\n|t:|1700139909\n|move|p2a: Ditto|Surf|p1a: Vappy\n|-immune|p1a: Vappy|[from] ability: Water Absorb\n|move|p1a: Vappy|Ice Beam|p2a: Ditto\n|-resisted|p2a: Ditto\n|-damage|p2a: Ditto|44\/100\n|\n|upkeep\n|turn|11\n|\n|t:|1700139916\n|move|p2a: Ditto|Ice Beam|p1a: Vappy\n|-resisted|p1a: Vappy\n|-damage|p1a: Vappy|85\/100\n|move|p1a: Vappy|Ice Beam|p2a: Ditto\n|-resisted|p2a: Ditto\n|-damage|p2a: Ditto|29\/100\n|\n|-heal|p1a: Vappy|93\/100|[from] Aqua Ring\n|upkeep\n|turn|12\n|\n|t:|1700139926\n|move|p2a: Ditto|Ice Beam|p1a: Vappy\n|-resisted|p1a: Vappy\n|-damage|p1a: Vappy|75\/100\n|move|p1a: Vappy|Ice Beam|p2a: Ditto\n|-resisted|p2a: Ditto\n|-damage|p2a: Ditto|15\/100\n|\n|-heal|p1a: Vappy|83\/100|[from] Aqua Ring\n|upkeep\n|turn|13\n|\n|t:|1700139935\n|move|p1a: Vappy|Ice Beam|p2a: Ditto\n|-resisted|p2a: Ditto\n|-damage|p2a: Ditto|0 fnt\n|faint|p2a: Ditto\n|\n|-heal|p1a: Vappy|91\/100|[from] Aqua Ring\n|upkeep\n|\n|t:|1700139942\n|switch|p2a: Scizor|Scizor, M|22\/100\n|turn|14\n|\n|t:|1700139948\n|move|p2a: Scizor|Iron Defense|p2a: Scizor\n|-boost|p2a: Scizor|def|2\n|move|p1a: Vappy|Surf|p2a: Scizor\n|-damage|p2a: Scizor|0 fnt\n|faint|p2a: Scizor\n|\n|-heal|p1a: Vappy|99\/100|[from] Aqua Ring\n|upkeep\n|\n|t:|1700139958\n|switch|p2a: Ditto|Ditto|100\/100\n|-transform|p2a: Ditto|p1a: Vappy|[from] ability: Imposter\n|turn|15\n|\n|t:|1700139967\n|move|p1a: Vappy|Surf|p2a: Ditto\n|-immune|p2a: Ditto|[from] ability: Water Absorb\n|move|p2a: Ditto|Calm Mind|p2a: Ditto\n|-boost|p2a: Ditto|spa|1\n|-boost|p2a: Ditto|spd|1\n|\n|-heal|p1a: Vappy|100\/100|[from] Aqua Ring\n|upkeep\n|turn|16\n|\n|t:|1700139976\n|move|p2a: Ditto|Calm Mind|p2a: Ditto\n|-boost|p2a: Ditto|spa|1\n|-boost|p2a: Ditto|spd|1\n|move|p1a: Vappy|Calm Mind|p1a: Vappy\n|-boost|p1a: Vappy|spa|1\n|-boost|p1a: Vappy|spd|1\n|\n|upkeep\n|turn|17\n|\n|t:|1700139983\n|move|p1a: Vappy|Calm Mind|p1a: Vappy\n|-boost|p1a: Vappy|spa|1\n|-boost|p1a: Vappy|spd|1\n|move|p2a: Ditto|Calm Mind|p2a: Ditto\n|-boost|p2a: Ditto|spa|1\n|-boost|p2a: Ditto|spd|1\n|\n|upkeep\n|turn|18\n|\n|t:|1700139990\n|move|p2a: Ditto|Ice Beam|p1a: Vappy\n|-resisted|p1a: Vappy\n|-damage|p1a: Vappy|86\/100\n|move|p1a: Vappy|Calm Mind|p1a: Vappy\n|-boost|p1a: Vappy|spa|1\n|-boost|p1a: Vappy|spd|1\n|\n|-heal|p1a: Vappy|94\/100|[from] Aqua Ring\n|upkeep\n|turn|19\n|\n|t:|1700139999\n|move|p1a: Vappy|Calm Mind|p1a: Vappy\n|-boost|p1a: Vappy|spa|1\n|-boost|p1a: Vappy|spd|1\n|move|p2a: Ditto|Calm Mind|p2a: Ditto\n|-boost|p2a: Ditto|spa|1\n|-boost|p2a: Ditto|spd|1\n|\n|-heal|p1a: Vappy|100\/100|[from] Aqua Ring\n|upkeep\n|turn|20\n|\n|t:|1700140008\n|move|p1a: Vappy|Ice Beam|p2a: Ditto\n|-resisted|p2a: Ditto\n|-damage|p2a: Ditto|81\/100\n|move|p2a: Ditto|Ice Beam|p1a: Vappy\n|-resisted|p1a: Vappy\n|-damage|p1a: Vappy|88\/100\n|\n|-heal|p1a: Vappy|96\/100|[from] Aqua Ring\n|upkeep\n|turn|21\n|\n|t:|1700140018\n|move|p2a: Ditto|Aqua Ring|p2a: Ditto\n|-start|p2a: Ditto|Aqua Ring\n|move|p1a: Vappy|Ice Beam|p2a: Ditto\n|-resisted|p2a: Ditto\n|-damage|p2a: Ditto|61\/100\n|\n|-heal|p2a: Ditto|67\/100|[from] Aqua Ring\n|-heal|p1a: Vappy|100\/100|[from] Aqua Ring\n|upkeep\n|turn|22\n|\n|t:|1700140030\n|move|p1a: Vappy|Ice Beam|p2a: Ditto\n|-resisted|p2a: Ditto\n|-damage|p2a: Ditto|47\/100\n|move|p2a: Ditto|Ice Beam|p1a: Vappy\n|-resisted|p1a: Vappy\n|-damage|p1a: Vappy|87\/100\n|\n|-heal|p2a: Ditto|53\/100|[from] Aqua Ring\n|-heal|p1a: Vappy|95\/100|[from] Aqua Ring\n|upkeep\n|turn|23\n|\n|t:|1700140041\n|move|p1a: Vappy|Ice Beam|p2a: Ditto\n|-resisted|p2a: Ditto\n|-damage|p2a: Ditto|32\/100\n|move|p2a: Ditto|Ice Beam|p1a: Vappy\n|-resisted|p1a: Vappy\n|-damage|p1a: Vappy|80\/100\n|\n|-heal|p2a: Ditto|39\/100|[from] Aqua Ring\n|-heal|p1a: Vappy|88\/100|[from] Aqua Ring\n|upkeep\n|turn|24\n|\n|t:|1700140052\n|move|p1a: Vappy|Ice Beam|p2a: Ditto\n|-resisted|p2a: Ditto\n|-damage|p2a: Ditto|18\/100\n|move|p2a: Ditto|Ice Beam|p1a: Vappy\n|-resisted|p1a: Vappy\n|-crit|p1a: Vappy\n|-damage|p1a: Vappy|6\/100\n|\n|-heal|p1a: Vappy|14\/100|[from] Aqua Ring\n|-heal|p2a: Ditto|24\/100|[from] Aqua Ring\n|upkeep\n|turn|25\n|\n|t:|1700140061\n|move|p2a: Ditto|Aqua Ring||[still]\n|-fail|p2a: Ditto\n|move|p1a: Vappy|Ice Beam|p2a: Ditto\n|-resisted|p2a: Ditto\n|-damage|p2a: Ditto|3\/100\n|\n|-heal|p2a: Ditto|9\/100|[from] Aqua Ring\n|-heal|p1a: Vappy|22\/100|[from] Aqua Ring\n|upkeep\n|turn|26\n|\n|t:|1700140076\n|move|p2a: Ditto|Surf|p1a: Vappy\n|-heal|p1a: Vappy|47\/100|[from] ability: Water Absorb|[of] p2a: Ditto\n|move|p1a: Vappy|Ice Beam|p2a: Ditto\n|-resisted|p2a: Ditto\n|-damage|p2a: Ditto|0 fnt\n|faint|p2a: Ditto\n|\n|-heal|p1a: Vappy|55\/100|[from] Aqua Ring\n|upkeep\n|\n|t:|1700140087\n|switch|p2a: Ditto|Ditto|100\/100\n|-transform|p2a: Ditto|p1a: Vappy|[from] ability: Imposter\n|turn|27\n|inactive|Battle timer is ON: inactive players will automatically lose when time's up. (requested by Ghost8759)\n|\n|t:|1700140104\n|switch|p1a: Claus|Clawitzer, M|100\/100\n|move|p2a: Ditto|Ice Beam|p1a: Claus\n|-resisted|p1a: Claus\n|-damage|p1a: Claus|20\/100\n|\n|upkeep\n|turn|28\n|\n|t:|1700140126\n|move|p1a: Claus|Dark Pulse|p2a: Ditto\n|-damage|p2a: Ditto|85\/100\n|-heal|p1a: Claus|22\/100|[from] item: Shell Bell|[of] p2a: Ditto\n|move|p2a: Ditto|Ice Beam|p1a: Claus\n|-resisted|p1a: Claus\n|-damage|p1a: Claus|0 fnt\n|faint|p1a: Claus\n|\n|upkeep\n|\n|t:|1700140139\n|switch|p1a: Bonty|Dragapult, M|100\/100\n|turn|29\n|\n|t:|1700140147\n|move|p1a: Bonty|Phantom Force||[still]\n|-prepare|p1a: Bonty|Phantom Force\n|move|p2a: Ditto|Ice Beam|p1a: Bonty|[miss]\n|-miss|p2a: Ditto|p1a: Bonty\n|\n|upkeep\n|turn|30\n|\n|t:|1700140157\n|move|p1a: Bonty|Phantom Force|p2a: Ditto|[from]lockedmove\n|-damage|p2a: Ditto|19\/100\n|move|p2a: Ditto|Aqua Ring|p2a: Ditto\n|-start|p2a: Ditto|Aqua Ring\n|\n|-heal|p2a: Ditto|25\/100|[from] Aqua Ring\n|upkeep\n|turn|31\n|\n|t:|1700140165\n|move|p1a: Bonty|Dragon Darts|p2a: Ditto\n|-damage|p2a: Ditto|0 fnt\n|faint|p2a: Ditto\n|\n|upkeep\n|\n|t:|1700140171\n|switch|p2a: Ditto|Ditto|100\/100\n|-transform|p2a: Ditto|p1a: Bonty|[from] ability: Imposter\n|turn|32\n|\n|t:|1700140181\n|move|p2a: Ditto|Dragon Dance|p2a: Ditto\n|-boost|p2a: Ditto|atk|1\n|-boost|p2a: Ditto|spe|1\n|move|p1a: Bonty|Dragon Dance|p1a: Bonty\n|-boost|p1a: Bonty|atk|1\n|-boost|p1a: Bonty|spe|1\n|\n|upkeep\n|turn|33\n|\n|t:|1700140187\n|move|p1a: Bonty|Dragon Darts|p2a: Ditto\n|-supereffective|p2a: Ditto\n|-crit|p2a: Ditto\n|-enditem|p2a: Ditto|Focus Sash\n|-damage|p2a: Ditto|1\/100\n|-anim|p1a: Bonty|Dragon Darts|p2a: Ditto\n|-supereffective|p2a: Ditto\n|-damage|p2a: Ditto|0 fnt\n|faint|p2a: Ditto\n|\n|win|DaroSilvertail\n|raw|DaroSilvertail's rating: 1088 &rarr; <strong>1111<\/strong><br \/>(+23 for winning)\n|raw|Ghost8759's rating: 1041 &rarr; <strong>1027<\/strong><br \/>(-14 for losing)\n","uploadtime":1700140209,"views":14,"p1id":"darosilvertail","p2id":"ghost8759","formatid":"gen9anythinggoes","rating":1027,"private":0,"password":""}