{"id":"gen9anythinggoes-1986906238","p1":"DrontDoDugs","p2":"17 character name","format":"[Gen 9] Anything Goes","log":"|j|\u2606DrontDoDugs\n|j|\u260617 character name\n|t:|1699539789\n|gametype|singles\n|player|p1|DrontDoDugs|shadowtriad|1571\n|player|p2|17 character name|silver-masters|1514\n|teamsize|p1|6\n|teamsize|p2|6\n|gen|9\n|tier|[Gen 9] Anything Goes\n|rated|\n|rule|HP Percentage Mod: HP is shown in percentages\n|rule|Endless Battle Clause: Forcing endless battles is banned\n|clearpoke\n|poke|p1|Skeledirge, M|\n|poke|p1|Calyrex-Shadow|\n|poke|p1|Blissey, F|\n|poke|p1|Giratina|\n|poke|p1|Forretress, M|\n|poke|p1|Espathra, F|\n|poke|p2|Regieleki|\n|poke|p2|Zacian-*|\n|poke|p2|Calyrex-Shadow|\n|poke|p2|Arceus|\n|poke|p2|Iron Bundle|\n|poke|p2|Ogerpon-Hearthflame, F|\n|teampreview\n|inactive|Battle timer is ON: inactive players will automatically lose when time's up. (requested by 17 character name)\n|inactive|DrontDoDugs also wants the timer to be on.\n|\n|t:|1699539800\n|start\n|switch|p1a: Forretress|Forretress, M, shiny|100\/100\n|switch|p2a: Arceus|Arceus|100\/100\n|turn|1\n|\n|t:|1699539809\n|move|p2a: Arceus|Dragon Dance|p2a: Arceus\n|-boost|p2a: Arceus|atk|1\n|-boost|p2a: Arceus|spe|1\n|move|p1a: Forretress|Stealth Rock|p2a: Arceus\n|-sidestart|p2: 17 character name|move: Stealth Rock\n|\n|upkeep\n|turn|2\n|\n|t:|1699539814\n|move|p2a: Arceus|Dragon Dance|p2a: Arceus\n|-boost|p2a: Arceus|atk|1\n|-boost|p2a: Arceus|spe|1\n|move|p1a: Forretress|Toxic Spikes|p2a: Arceus\n|-sidestart|p2: 17 character name|move: Toxic Spikes\n|\n|upkeep\n|turn|3\n|\n|t:|1699539818\n|move|p2a: Arceus|Dragon Dance|p2a: Arceus\n|-boost|p2a: Arceus|atk|1\n|-boost|p2a: Arceus|spe|1\n|move|p1a: Forretress|Toxic Spikes|p2a: Arceus\n|-sidestart|p2: 17 character name|move: Toxic Spikes\n|\n|upkeep\n|turn|4\n|\n|t:|1699539821\n|move|p2a: Arceus|Dragon Dance|p2a: Arceus\n|-boost|p2a: Arceus|atk|1\n|-boost|p2a: Arceus|spe|1\n|move|p1a: Forretress|Gyro Ball|p2a: Arceus\n|-damage|p2a: Arceus|62\/100\n|\n|-heal|p2a: Arceus|68\/100|[from] item: Leftovers\n|upkeep\n|turn|5\n|\n|t:|1699539826\n|move|p2a: Arceus|Earthquake|p1a: Forretress\n|-damage|p1a: Forretress|45\/100\n|move|p1a: Forretress|Gyro Ball|p2a: Arceus\n|-damage|p2a: Arceus|34\/100\n|\n|-heal|p2a: Arceus|40\/100|[from] item: Leftovers\n|-heal|p1a: Forretress|51\/100|[from] item: Leftovers\n|upkeep\n|turn|6\n|\n|t:|1699539833\n|move|p2a: Arceus|Earthquake|p1a: Forretress\n|-damage|p1a: Forretress|0 fnt\n|faint|p1a: Forretress\n|\n|-heal|p2a: Arceus|46\/100|[from] item: Leftovers\n|upkeep\n|\n|t:|1699539837\n|switch|p1a: Skeledirge|Skeledirge, M, shiny|100\/100\n|turn|7\n|\n|t:|1699539842\n|-terastallize|p1a: Skeledirge|Flying\n|move|p2a: Arceus|Earthquake|p1a: Skeledirge\n|-immune|p1a: Skeledirge\n|move|p1a: Skeledirge|Substitute|p1a: Skeledirge\n|-start|p1a: Skeledirge|Substitute\n|-damage|p1a: Skeledirge|76\/100\n|\n|-heal|p2a: Arceus|52\/100|[from] item: Leftovers\n|-heal|p1a: Skeledirge|82\/100|[from] item: Leftovers\n|upkeep\n|turn|8\n|\n|t:|1699539849\n|move|p2a: Arceus|Liquidation|p1a: Skeledirge\n|-activate|p1a: Skeledirge|move: Substitute|[damage]\n|move|p1a: Skeledirge|Torch Song|p2a: Arceus\n|-damage|p2a: Arceus|30\/100\n|-boost|p1a: Skeledirge|spa|1\n|\n|-heal|p2a: Arceus|36\/100|[from] item: Leftovers\n|-heal|p1a: Skeledirge|88\/100|[from] item: Leftovers\n|upkeep\n|turn|9\n|\n|t:|1699539854\n|move|p2a: Arceus|Extreme Speed|p1a: Skeledirge\n|-end|p1a: Skeledirge|Substitute\n|move|p1a: Skeledirge|Torch Song|p2a: Arceus\n|-damage|p2a: Arceus|2\/100\n|-boost|p1a: Skeledirge|spa|1\n|\n|-heal|p2a: Arceus|8\/100|[from] item: Leftovers\n|-heal|p1a: Skeledirge|94\/100|[from] item: Leftovers\n|upkeep\n|turn|10\n|\n|t:|1699539860\n|move|p2a: Arceus|Extreme Speed|p1a: Skeledirge\n|-damage|p1a: Skeledirge|70\/100\n|move|p1a: Skeledirge|Substitute|p1a: Skeledirge\n|-start|p1a: Skeledirge|Substitute\n|-damage|p1a: Skeledirge|45\/100\n|\n|-heal|p2a: Arceus|14\/100|[from] item: Leftovers\n|-heal|p1a: Skeledirge|51\/100|[from] item: Leftovers\n|upkeep\n|turn|11\n|\n|t:|1699539867\n|move|p2a: Arceus|Extreme Speed|p1a: Skeledirge\n|-activate|p1a: Skeledirge|move: Substitute|[damage]\n|move|p1a: Skeledirge|Slack Off|p1a: Skeledirge\n|-heal|p1a: Skeledirge|100\/100\n|\n|-heal|p2a: Arceus|20\/100|[from] item: Leftovers\n|upkeep\n|turn|12\n|c|\u260617 character name|how is it taking the hits so well?\n|\n|t:|1699539887\n|move|p2a: Arceus|Extreme Speed|p1a: Skeledirge\n|-end|p1a: Skeledirge|Substitute\n|move|p1a: Skeledirge|Substitute|p1a: Skeledirge\n|-start|p1a: Skeledirge|Substitute\n|-damage|p1a: Skeledirge|76\/100\n|\n|-heal|p2a: Arceus|26\/100|[from] item: Leftovers\n|-heal|p1a: Skeledirge|82\/100|[from] item: Leftovers\n|upkeep\n|turn|13\n|\n|t:|1699539892\n|move|p2a: Arceus|Extreme Speed|p1a: Skeledirge\n|-end|p1a: Skeledirge|Substitute\n|move|p1a: Skeledirge|Torch Song|p2a: Arceus\n|-damage|p2a: Arceus|0 fnt\n|-boost|p1a: Skeledirge|spa|1\n|faint|p2a: Arceus\n|\n|-heal|p1a: Skeledirge|88\/100|[from] item: Leftovers\n|upkeep\n|\n|t:|1699539898\n|switch|p2a: Regieleki|Regieleki|100\/100\n|-damage|p2a: Regieleki|88\/100|[from] Stealth Rock\n|-status|p2a: Regieleki|tox\n|turn|14\n|\n|t:|1699539906\n|switch|p1a: Blissey|Blissey, F|100\/100\n|move|p2a: Regieleki|Rapid Spin|p1a: Blissey\n|-damage|p1a: Blissey|79\/100\n|-boost|p2a: Regieleki|spe|1\n|-sideend|p2: 17 character name|Toxic Spikes|[from] move: Rapid Spin|[of] p2a: Regieleki\n|-sideend|p2: 17 character name|Stealth Rock|[from] move: Rapid Spin|[of] p2a: Regieleki\n|\n|-heal|p1a: Blissey|85\/100|[from] item: Leftovers\n|-damage|p2a: Regieleki|82\/100 tox|[from] psn\n|upkeep\n|turn|15\n|\n|t:|1699539915\n|switch|p2a: Ogerpon|Ogerpon-Hearthflame, F|100\/100\n|-ability|p2a: Ogerpon|Mold Breaker\n|move|p1a: Blissey|Seismic Toss|p2a: Ogerpon\n|-damage|p2a: Ogerpon|67\/100\n|\n|-heal|p1a: Blissey|91\/100|[from] item: Leftovers\n|upkeep\n|turn|16\n|\n|t:|1699539936\n|switch|p1a: Giratina|Giratina, shiny|100\/100\n|-ability|p1a: Giratina|Pressure\n|-terastallize|p2a: Ogerpon|Fire\n|detailschange|p2a: Ogerpon|Ogerpon-Hearthflame-Tera, F, tera:Fire\n|-ability|p2a: Ogerpon|Embody Aspect (Hearthflame)|boost\n|-boost|p2a: Ogerpon|atk|1\n|move|p2a: Ogerpon|Ivy Cudgel|p1a: Giratina\n|-resisted|p1a: Giratina\n|-damage|p1a: Giratina|74\/100\n|\n|-heal|p1a: Giratina|80\/100|[from] item: Leftovers\n|upkeep\n|turn|17\n|\n|t:|1699539947\n|move|p2a: Ogerpon|Play Rough|p1a: Giratina\n|-supereffective|p1a: Giratina\n|-damage|p1a: Giratina|38\/100\n|move|p1a: Giratina|Thunder Wave|p2a: Ogerpon|[miss]\n|-miss|p1a: Giratina|p2a: Ogerpon\n|\n|-heal|p1a: Giratina|44\/100|[from] item: Leftovers\n|upkeep\n|turn|18\n|\n|t:|1699539953\n|move|p2a: Ogerpon|Play Rough|p1a: Giratina\n|-supereffective|p1a: Giratina\n|-crit|p1a: Giratina\n|-damage|p1a: Giratina|0 fnt\n|faint|p1a: Giratina\n|\n|upkeep\n|\n|t:|1699539962\n|switch|p1a: Calyrex|Calyrex-Shadow|100\/100\n|-ability|p1a: Calyrex|As One\n|-ability|p1a: Calyrex|Unnerve\n|turn|19\n|\n|t:|1699539968\n|move|p1a: Calyrex|Astral Barrage|p2a: Ogerpon\n|-damage|p2a: Ogerpon|0 fnt\n|faint|p2a: Ogerpon\n|-ability|p1a: Calyrex|Grim Neigh|boost\n|-boost|p1a: Calyrex|spa|1\n|\n|upkeep\n|\n|t:|1699539973\n|switch|p2a: Regieleki|Regieleki|82\/100 tox\n|turn|20\n|\n|t:|1699539978\n|switch|p1a: Blissey|Blissey, F|91\/100\n|move|p2a: Regieleki|Thunderbolt|p1a: Blissey\n|-damage|p1a: Blissey|78\/100\n|\n|-heal|p1a: Blissey|84\/100|[from] item: Leftovers\n|-damage|p2a: Regieleki|76\/100 tox|[from] psn\n|upkeep\n|turn|21\n|\n|t:|1699539985\n|switch|p2a: Zacian|Zacian-Crowned|100\/100\n|-ability|p2a: Zacian|Intrepid Sword|boost\n|-boost|p2a: Zacian|atk|1\n|move|p1a: Blissey|Thunder Wave|p2a: Zacian\n|-status|p2a: Zacian|par\n|\n|-heal|p1a: Blissey|90\/100|[from] item: Leftovers\n|upkeep\n|turn|22\n|inactive|17 character name has 120 seconds left.\n|\n|t:|1699540021\n|switch|p1a: Skeledirge|Skeledirge, M, shiny, tera:Flying|88\/100\n|move|p2a: Zacian|Behemoth Blade|p1a: Skeledirge\n|-damage|p1a: Skeledirge|53\/100\n|\n|-heal|p1a: Skeledirge|59\/100|[from] item: Leftovers\n|upkeep\n|turn|23\n|inactive|17 character name has 120 seconds left.\n|\n|t:|1699540028\n|move|p2a: Zacian|Behemoth Blade|p1a: Skeledirge\n|-crit|p1a: Skeledirge\n|-damage|p1a: Skeledirge|8\/100\n|move|p1a: Skeledirge|Slack Off|p1a: Skeledirge\n|-heal|p1a: Skeledirge|58\/100\n|\n|-heal|p1a: Skeledirge|64\/100|[from] item: Leftovers\n|upkeep\n|turn|24\n|\n|t:|1699540034\n|switch|p2a: Iron Bundle|Iron Bundle|100\/100\n|-enditem|p2a: Iron Bundle|Booster Energy\n|-activate|p2a: Iron Bundle|ability: Quark Drive|[fromitem]\n|-start|p2a: Iron Bundle|quarkdrivespe\n|move|p1a: Skeledirge|Slack Off|p1a: Skeledirge\n|-heal|p1a: Skeledirge|100\/100\n|\n|upkeep\n|turn|25\n|\n|t:|1699540041\n|switch|p1a: Blissey|Blissey, F|90\/100\n|move|p2a: Iron Bundle|Ice Beam|p1a: Blissey\n|-damage|p1a: Blissey|78\/100\n|\n|-heal|p1a: Blissey|84\/100|[from] item: Leftovers\n|upkeep\n|turn|26\n|\n|t:|1699540047\n|-end|p2a: Iron Bundle|Quark Drive|[silent]\n|switch|p2a: Zacian|Zacian-Crowned|100\/100 par\n|move|p1a: Blissey|Thunder Wave|p2a: Zacian|[miss]\n|-miss|p1a: Blissey|p2a: Zacian\n|\n|-heal|p1a: Blissey|91\/100|[from] item: Leftovers\n|upkeep\n|turn|27\n|\n|t:|1699540049\n|switch|p1a: Skeledirge|Skeledirge, M, shiny, tera:Flying|100\/100\n|move|p2a: Zacian|Close Combat|p1a: Skeledirge\n|-resisted|p1a: Skeledirge\n|-damage|p1a: Skeledirge|87\/100\n|-unboost|p2a: Zacian|def|1\n|-unboost|p2a: Zacian|spd|1\n|\n|-heal|p1a: Skeledirge|93\/100|[from] item: Leftovers\n|upkeep\n|turn|28\n|\n|t:|1699540056\n|move|p2a: Zacian|Behemoth Blade|p1a: Skeledirge\n|-damage|p1a: Skeledirge|59\/100\n|move|p1a: Skeledirge|Substitute|p1a: Skeledirge\n|-start|p1a: Skeledirge|Substitute\n|-damage|p1a: Skeledirge|34\/100\n|\n|-heal|p1a: Skeledirge|40\/100|[from] item: Leftovers\n|upkeep\n|turn|29\n|\n|t:|1699540060\n|cant|p2a: Zacian|par\n|move|p1a: Skeledirge|Slack Off|p1a: Skeledirge\n|-heal|p1a: Skeledirge|90\/100\n|\n|-heal|p1a: Skeledirge|96\/100|[from] item: Leftovers\n|upkeep\n|turn|30\n|\n|t:|1699540064\n|move|p2a: Zacian|Behemoth Blade|p1a: Skeledirge\n|-end|p1a: Skeledirge|Substitute\n|move|p1a: Skeledirge|Torch Song|p2a: Zacian\n|-supereffective|p2a: Zacian\n|-damage|p2a: Zacian|48\/100 par\n|-boost|p1a: Skeledirge|spa|1\n|\n|-heal|p1a: Skeledirge|100\/100|[from] item: Leftovers\n|upkeep\n|turn|31\n|\n|t:|1699540071\n|switch|p2a: Regieleki|Regieleki|76\/100 tox\n|move|p1a: Skeledirge|Substitute|p1a: Skeledirge\n|-start|p1a: Skeledirge|Substitute\n|-damage|p1a: Skeledirge|76\/100\n|\n|-heal|p1a: Skeledirge|82\/100|[from] item: Leftovers\n|-damage|p2a: Regieleki|70\/100 tox|[from] psn\n|upkeep\n|turn|32\n|\n|t:|1699540078\n|switch|p2a: Zacian|Zacian-Crowned|48\/100 par\n|move|p1a: Skeledirge|Torch Song|p2a: Zacian\n|-supereffective|p2a: Zacian\n|-damage|p2a: Zacian|0 fnt\n|-boost|p1a: Skeledirge|spa|1\n|faint|p2a: Zacian\n|\n|-heal|p1a: Skeledirge|88\/100|[from] item: Leftovers\n|upkeep\n|\n|t:|1699540086\n|switch|p2a: Iron Bundle|Iron Bundle|100\/100\n|turn|33\n|\n|t:|1699540097\n|-end|p2a: Iron Bundle|Quark Drive|[silent]\n|switch|p2a: Regieleki|Regieleki|70\/100 tox\n|move|p1a: Skeledirge|Torch Song|p2a: Regieleki\n|-damage|p2a: Regieleki|0 fnt\n|-boost|p1a: Skeledirge|spa|1\n|faint|p2a: Regieleki\n|\n|-heal|p1a: Skeledirge|94\/100|[from] item: Leftovers\n|upkeep\n|\n|t:|1699540101\n|switch|p2a: Calyrex|Calyrex-Shadow|100\/100\n|-ability|p2a: Calyrex|As One\n|-ability|p2a: Calyrex|Unnerve\n|turn|34\n|\n|t:|1699540110\n|move|p2a: Calyrex|Astral Barrage|p1a: Skeledirge\n|-crit|p1a: Skeledirge\n|-end|p1a: Skeledirge|Substitute\n|move|p1a: Skeledirge|Shadow Ball|p2a: Calyrex\n|-supereffective|p2a: Calyrex\n|-enditem|p2a: Calyrex|Focus Sash\n|-damage|p2a: Calyrex|1\/100\n|\n|-heal|p1a: Skeledirge|99\/100|[from] item: Leftovers\n|upkeep\n|turn|35\n|\n|t:|1699540118\n|switch|p1a: Blissey|Blissey, F|91\/100\n|move|p2a: Calyrex|Astral Barrage|p1a: Blissey\n|-immune|p1a: Blissey\n|\n|-heal|p1a: Blissey|97\/100|[from] item: Leftovers\n|upkeep\n|turn|36\n|\n|t:|1699540123\n|move|p2a: Calyrex|Dark Pulse|p1a: Blissey\n|-damage|p1a: Blissey|87\/100\n|cant|p1a: Blissey|flinch\n|\n|-heal|p1a: Blissey|94\/100|[from] item: Leftovers\n|upkeep\n|turn|37\n|\n|t:|1699540127\n|move|p2a: Calyrex|Psychic|p1a: Blissey\n|-damage|p1a: Blissey|78\/100\n|-unboost|p1a: Blissey|spd|1\n|move|p1a: Blissey|Thunder Wave|p2a: Calyrex\n|-status|p2a: Calyrex|par\n|\n|-heal|p1a: Blissey|84\/100|[from] item: Leftovers\n|upkeep\n|turn|38\n|\n|t:|1699540133\n|switch|p1a: Espathra|Espathra, F, shiny|100\/100\n|move|p2a: Calyrex|Psychic|p1a: Espathra\n|-resisted|p1a: Espathra\n|-damage|p1a: Espathra|61\/100\n|\n|-heal|p1a: Espathra|67\/100|[from] item: Leftovers\n|upkeep\n|turn|39\n|\n|t:|1699540139\n|move|p1a: Espathra|Substitute|p1a: Espathra\n|-start|p1a: Espathra|Substitute\n|-damage|p1a: Espathra|42\/100\n|move|p2a: Calyrex|Astral Barrage|p1a: Espathra\n|-supereffective|p1a: Espathra\n|-end|p1a: Espathra|Substitute\n|\n|-heal|p1a: Espathra|48\/100|[from] item: Leftovers\n|-ability|p1a: Espathra|Speed Boost|boost\n|-boost|p1a: Espathra|spe|1\n|upkeep\n|turn|40\n|\n|t:|1699540144\n|move|p1a: Espathra|Substitute|p1a: Espathra\n|-start|p1a: Espathra|Substitute\n|-damage|p1a: Espathra|23\/100\n|move|p2a: Calyrex|Astral Barrage|p1a: Espathra\n|-supereffective|p1a: Espathra\n|-end|p1a: Espathra|Substitute\n|\n|-heal|p1a: Espathra|29\/100|[from] item: Leftovers\n|-ability|p1a: Espathra|Speed Boost|boost\n|-boost|p1a: Espathra|spe|1\n|upkeep\n|turn|41\n|\n|t:|1699540148\n|move|p1a: Espathra|Substitute|p1a: Espathra\n|-start|p1a: Espathra|Substitute\n|-damage|p1a: Espathra|5\/100\n|move|p2a: Calyrex|Astral Barrage|p1a: Espathra\n|-supereffective|p1a: Espathra\n|-end|p1a: Espathra|Substitute\n|\n|-heal|p1a: Espathra|11\/100|[from] item: Leftovers\n|-ability|p1a: Espathra|Speed Boost|boost\n|-boost|p1a: Espathra|spe|1\n|upkeep\n|turn|42\n|\n|t:|1699540155\n|move|p1a: Espathra|Stored Power|p2a: Calyrex\n|-resisted|p2a: Calyrex\n|-damage|p2a: Calyrex|0 fnt\n|faint|p2a: Calyrex\n|\n|-heal|p1a: Espathra|17\/100|[from] item: Leftovers\n|-ability|p1a: Espathra|Speed Boost|boost\n|-boost|p1a: Espathra|spe|1\n|upkeep\n|\n|t:|1699540157\n|switch|p2a: Iron Bundle|Iron Bundle|100\/100\n|turn|43\n|\n|t:|1699540166\n|move|p1a: Espathra|Stored Power|p2a: Iron Bundle\n|-damage|p2a: Iron Bundle|26\/100\n|move|p2a: Iron Bundle|Ice Beam|p1a: Espathra\n|-damage|p1a: Espathra|0 fnt\n|faint|p1a: Espathra\n|\n|upkeep\n|\n|t:|1699540171\n|switch|p1a: Blissey|Blissey, F|84\/100\n|turn|44\n|\n|t:|1699540176\n|move|p2a: Iron Bundle|Hydro Pump|p1a: Blissey|[miss]\n|-miss|p2a: Iron Bundle|p1a: Blissey\n|move|p1a: Blissey|Seismic Toss|p2a: Iron Bundle\n|-damage|p2a: Iron Bundle|0 fnt\n|faint|p2a: Iron Bundle\n|-end|p2a: Iron Bundle|Quark Drive|[silent]\n|\n|win|DrontDoDugs\n|raw|DrontDoDugs's rating: 1571 &rarr; <strong>1588<\/strong><br \/>(+17 for winning)\n|raw|17 character name's rating: 1514 &rarr; <strong>1497<\/strong><br \/>(-17 for losing)\n|l|\u2606DrontDoDugs\n","uploadtime":1699540182,"views":3,"p1id":"drontdodugs","p2id":"17charactername","formatid":"gen9anythinggoes","rating":1497,"private":0,"password":""}