{"id":"gen9anythinggoes-1996801236","p1":"zhangdinglong","p2":"juchan\/marie","format":"[Gen 9] Anything Goes","log":"|j|\u2606zhangdinglong\n|j|\u2606juchan\/marie\n|t:|1700727557\n|gametype|singles\n|player|p1|zhangdinglong|elesa-masters|1509\n|player|p2|juchan\/marie|iono|1620\n|teamsize|p1|6\n|teamsize|p2|6\n|gen|9\n|tier|[Gen 9] Anything Goes\n|rated|\n|rule|HP Percentage Mod: HP is shown in percentages\n|rule|Endless Battle Clause: Forcing endless battles is banned\n|clearpoke\n|poke|p1|Arceus|\n|poke|p1|Arceus-Ground|\n|poke|p1|Koraidon|\n|poke|p1|Calyrex-Ice|\n|poke|p1|Rayquaza|\n|poke|p1|Kyogre|\n|poke|p2|Koraidon|\n|poke|p2|Arceus-Fairy|\n|poke|p2|Arceus-Ground|\n|poke|p2|Calyrex-Shadow|\n|poke|p2|Kingambit, F|\n|poke|p2|Great Tusk|\n|teampreview\n|\n|t:|1700727567\n|start\n|switch|p1a: Rayquaza|Rayquaza|100\/100\n|switch|p2a: MOM ?|Great Tusk|100\/100\n|-ability|p1a: Rayquaza|Air Lock\n|turn|1\n|\n|t:|1700727575\n|move|p1a: Rayquaza|Dragon Ascent|p2a: MOM ?\n|-supereffective|p2a: MOM ?\n|-damage|p2a: MOM ?|34\/100\n|-unboost|p1a: Rayquaza|def|1\n|-unboost|p1a: Rayquaza|spd|1\n|move|p2a: MOM ?|Stealth Rock|p1a: Rayquaza\n|-sidestart|p1: zhangdinglong|move: Stealth Rock\n|\n|-heal|p2a: MOM ?|40\/100|[from] item: Leftovers\n|upkeep\n|turn|2\n|\n|t:|1700727592\n|-end|p2a: MOM ?|Protosynthesis|[silent]\n|switch|p2a: princesse j\u00e9sus|Arceus-Fairy|100\/100\n|move|p1a: Rayquaza|Stealth Rock|p2a: princesse j\u00e9sus\n|-sidestart|p2: juchan\/marie|move: Stealth Rock\n|\n|upkeep\n|turn|3\n|\n|t:|1700727607\n|move|p2a: princesse j\u00e9sus|Judgment|p1a: Rayquaza\n|-supereffective|p1a: Rayquaza\n|-enditem|p1a: Rayquaza|Focus Sash\n|-damage|p1a: Rayquaza|1\/100\n|move|p1a: Rayquaza|Dragon Ascent|p2a: princesse j\u00e9sus\n|-damage|p2a: princesse j\u00e9sus|47\/100\n|-unboost|p1a: Rayquaza|def|1\n|-unboost|p1a: Rayquaza|spd|1\n|\n|upkeep\n|turn|4\n|\n|t:|1700727618\n|move|p1a: Rayquaza|Extreme Speed|p2a: princesse j\u00e9sus\n|-damage|p2a: princesse j\u00e9sus|25\/100\n|move|p2a: princesse j\u00e9sus|Judgment|p1a: Rayquaza\n|-supereffective|p1a: Rayquaza\n|-damage|p1a: Rayquaza|0 fnt\n|faint|p1a: Rayquaza\n|\n|upkeep\n|\n|t:|1700727658\n|switch|p1a: Arceus|Arceus|100\/100\n|-damage|p1a: Arceus|88\/100|[from] Stealth Rock\n|turn|5\n|\n|t:|1700727667\n|move|p2a: princesse j\u00e9sus|Recover|p2a: princesse j\u00e9sus\n|-heal|p2a: princesse j\u00e9sus|75\/100\n|move|p1a: Arceus|Trick Room|p1a: Arceus\n|-fieldstart|move: Trick Room|[of] p1a: Arceus\n|\n|upkeep\n|turn|6\n|\n|t:|1700727701\n|switch|p1a: Calyrex|Calyrex-Ice|100\/100\n|-ability|p1a: Calyrex|As One\n|-ability|p1a: Calyrex|Unnerve\n|-damage|p1a: Calyrex|76\/100|[from] Stealth Rock\n|move|p2a: princesse j\u00e9sus|Judgment|p1a: Calyrex\n|-damage|p1a: Calyrex|35\/100\n|\n|-heal|p1a: Calyrex|41\/100|[from] item: Leftovers\n|upkeep\n|turn|7\n|\n|t:|1700727712\n|-terastallize|p1a: Calyrex|Ice\n|move|p1a: Calyrex|Glacial Lance|p2a: princesse j\u00e9sus\n|-damage|p2a: princesse j\u00e9sus|0 fnt\n|faint|p2a: princesse j\u00e9sus\n|-ability|p1a: Calyrex|Chilling Neigh|boost\n|-boost|p1a: Calyrex|atk|1\n|\n|-heal|p1a: Calyrex|48\/100|[from] item: Leftovers\n|upkeep\n|\n|t:|1700727719\n|switch|p2a: KingOfOU|Kingambit, F|100\/100\n|-damage|p2a: KingOfOU|94\/100|[from] Stealth Rock\n|-activate|p2a: KingOfOU|ability: Supreme Overlord\n|-start|p2a: KingOfOU|fallen1|[silent]\n|turn|8\n|\n|t:|1700727742\n|move|p1a: Calyrex|High Horsepower|p2a: KingOfOU\n|-supereffective|p2a: KingOfOU\n|-damage|p2a: KingOfOU|0 fnt\n|faint|p2a: KingOfOU\n|-end|p2a: KingOfOU|fallen1|[silent]\n|-ability|p1a: Calyrex|Chilling Neigh|boost\n|-boost|p1a: Calyrex|atk|1\n|\n|-heal|p1a: Calyrex|54\/100|[from] item: Leftovers\n|upkeep\n|\n|t:|1700727755\n|switch|p2a: MOM ?|Great Tusk|40\/100\n|-damage|p2a: MOM ?|37\/100|[from] Stealth Rock\n|turn|9\n|\n|t:|1700727768\n|move|p1a: Calyrex|Glacial Lance|p2a: MOM ?\n|-supereffective|p2a: MOM ?\n|-damage|p2a: MOM ?|0 fnt\n|faint|p2a: MOM ?\n|-end|p2a: MOM ?|Protosynthesis|[silent]\n|-ability|p1a: Calyrex|Chilling Neigh|boost\n|-boost|p1a: Calyrex|atk|1\n|\n|-heal|p1a: Calyrex|60\/100|[from] item: Leftovers\n|-fieldend|move: Trick Room\n|upkeep\n|\n|t:|1700727772\n|switch|p2a: Koraidecoke|Koraidon|100\/100\n|-damage|p2a: Koraidecoke|94\/100|[from] Stealth Rock\n|-weather|SunnyDay|[from] ability: Orichalcum Pulse|[of] p2a: Koraidecoke\n|-activate|p2a: Koraidecoke|Orichalcum Pulse|[source]\n|turn|10\n|\n|t:|1700727778\n|switch|p1a: Arceus|Arceus-Ground|100\/100\n|-damage|p1a: Arceus|94\/100|[from] Stealth Rock\n|move|p2a: Koraidecoke|Low Kick|p1a: Arceus\n|-damage|p1a: Arceus|33\/100\n|\n|-weather|SunnyDay|[upkeep]\n|upkeep\n|turn|11\n|\n|t:|1700727786\n|move|p2a: Koraidecoke|Scale Shot|p1a: Arceus\n|-damage|p1a: Arceus|22\/100\n|-damage|p1a: Arceus|11\/100\n|-damage|p1a: Arceus|0 fnt\n|faint|p1a: Arceus\n|-hitcount|p1: Arceus|3\n|-unboost|p2a: Koraidecoke|def|1\n|-boost|p2a: Koraidecoke|spe|1\n|\n|-weather|SunnyDay|[upkeep]\n|upkeep\n|\n|t:|1700727792\n|switch|p1a: Arceus|Arceus|88\/100\n|-damage|p1a: Arceus|76\/100|[from] Stealth Rock\n|turn|12\n|\n|t:|1700727798\n|move|p2a: Koraidecoke|Low Kick|p1a: Arceus\n|-supereffective|p1a: Arceus\n|-damage|p1a: Arceus|0 fnt\n|faint|p1a: Arceus\n|\n|-weather|SunnyDay|[upkeep]\n|upkeep\n|\n|t:|1700727809\n|switch|p1a: Koraidon|Koraidon|100\/100\n|-damage|p1a: Koraidon|94\/100|[from] Stealth Rock\n|-activate|p1a: Koraidon|ability: Orichalcum Pulse\n|turn|13\n|\n|t:|1700727814\n|move|p1a: Koraidon|Outrage|p2a: Koraidecoke\n|-supereffective|p2a: Koraidecoke\n|-damage|p2a: Koraidecoke|0 fnt\n|faint|p2a: Koraidecoke\n|\n|-weather|SunnyDay|[upkeep]\n|upkeep\n|\n|t:|1700727818\n|switch|p2a: J\u00e9sus|Arceus-Ground|100\/100\n|-damage|p2a: J\u00e9sus|94\/100|[from] Stealth Rock\n|turn|14\n|\n|t:|1700727861\n|-terastallize|p2a: J\u00e9sus|Fairy\n|move|p1a: Koraidon|Outrage|p2a: J\u00e9sus|[from]lockedmove\n|-immune|p2a: J\u00e9sus\n|-start|p1a: Koraidon|confusion|[fatigue]\n|move|p2a: J\u00e9sus|Will-O-Wisp|p1a: Koraidon\n|-status|p1a: Koraidon|brn\n|\n|-weather|none\n|-damage|p1a: Koraidon|88\/100 brn|[from] brn\n|upkeep\n|turn|15\n|inactive|Battle timer is ON: inactive players will automatically lose when time's up. (requested by juchan\/marie)\n|\n|t:|1700727873\n|switch|p1a: Kyogre|Kyogre|100\/100\n|-damage|p1a: Kyogre|88\/100|[from] Stealth Rock\n|-weather|RainDance|[from] ability: Drizzle|[of] p1a: Kyogre\n|move|p2a: J\u00e9sus|Taunt|p1a: Kyogre\n|-start|p1a: Kyogre|move: Taunt\n|\n|-weather|RainDance|[upkeep]\n|-heal|p1a: Kyogre|94\/100|[from] item: Leftovers\n|upkeep\n|turn|16\n|\n|t:|1700727896\n|switch|p2a: Win.exe|Calyrex-Shadow|100\/100\n|-ability|p2a: Win.exe|As One\n|-ability|p2a: Win.exe|Unnerve\n|move|p1a: Kyogre|Origin Pulse|p2a: Win.exe\n|-damage|p2a: Win.exe|0 fnt\n|faint|p2a: Win.exe\n|\n|-weather|RainDance|[upkeep]\n|-heal|p1a: Kyogre|100\/100|[from] item: Leftovers\n|upkeep\n|\n|t:|1700727907\n|switch|p2a: J\u00e9sus|Arceus-Ground, tera:Fairy|94\/100\n|-damage|p2a: J\u00e9sus|82\/100|[from] Stealth Rock\n|turn|17\n|\n|t:|1700727931\n|move|p2a: J\u00e9sus|Earthquake|p1a: Kyogre\n|-damage|p1a: Kyogre|44\/100\n|move|p1a: Kyogre|Origin Pulse|p2a: J\u00e9sus\n|-damage|p2a: J\u00e9sus|17\/100\n|\n|-weather|RainDance|[upkeep]\n|-heal|p1a: Kyogre|50\/100|[from] item: Leftovers\n|-end|p1a: Kyogre|move: Taunt\n|upkeep\n|turn|18\n|\n|t:|1700727941\n|move|p2a: J\u00e9sus|Recover|p2a: J\u00e9sus\n|-heal|p2a: J\u00e9sus|67\/100\n|move|p1a: Kyogre|Thunder|p2a: J\u00e9sus\n|-damage|p2a: J\u00e9sus|35\/100\n|\n|-weather|RainDance|[upkeep]\n|-heal|p1a: Kyogre|57\/100|[from] item: Leftovers\n|upkeep\n|turn|19\n|\n|t:|1700727949\n|move|p2a: J\u00e9sus|Recover|p2a: J\u00e9sus\n|-heal|p2a: J\u00e9sus|86\/100\n|move|p1a: Kyogre|Origin Pulse|p2a: J\u00e9sus|[miss]\n|-miss|p1a: Kyogre|p2a: J\u00e9sus\n|\n|-weather|none\n|-heal|p1a: Kyogre|63\/100|[from] item: Leftovers\n|upkeep\n|turn|20\n|\n|t:|1700727955\n|move|p2a: J\u00e9sus|Earthquake|p1a: Kyogre\n|-damage|p1a: Kyogre|6\/100\n|move|p1a: Kyogre|Origin Pulse|p2a: J\u00e9sus\n|-damage|p2a: J\u00e9sus|38\/100\n|\n|-heal|p1a: Kyogre|13\/100|[from] item: Leftovers\n|upkeep\n|turn|21\n|\n|t:|1700727961\n|move|p2a: J\u00e9sus|Recover|p2a: J\u00e9sus\n|-heal|p2a: J\u00e9sus|88\/100\n|move|p1a: Kyogre|Origin Pulse|p2a: J\u00e9sus\n|-damage|p2a: J\u00e9sus|45\/100\n|\n|-heal|p1a: Kyogre|19\/100|[from] item: Leftovers\n|upkeep\n|turn|22\n|\n|t:|1700727967\n|move|p2a: J\u00e9sus|Recover|p2a: J\u00e9sus\n|-heal|p2a: J\u00e9sus|96\/100\n|move|p1a: Kyogre|Origin Pulse|p2a: J\u00e9sus\n|-damage|p2a: J\u00e9sus|51\/100\n|\n|-heal|p1a: Kyogre|25\/100|[from] item: Leftovers\n|upkeep\n|turn|23\n|\n|t:|1700727975\n|move|p2a: J\u00e9sus|Earthquake|p1a: Kyogre\n|-damage|p1a: Kyogre|0 fnt\n|faint|p1a: Kyogre\n|\n|upkeep\n|inactive|zhangdinglong has 120 seconds left.\n|\n|t:|1700728007\n|switch|p1a: Calyrex|Calyrex-Ice, tera:Ice|60\/100\n|-ability|p1a: Calyrex|As One\n|-ability|p1a: Calyrex|Unnerve\n|-damage|p1a: Calyrex|35\/100|[from] Stealth Rock\n|turn|24\n|\n|t:|1700728016\n|move|p2a: J\u00e9sus|Earthquake|p1a: Calyrex\n|-damage|p1a: Calyrex|6\/100\n|move|p1a: Calyrex|Glacial Lance|p2a: J\u00e9sus\n|-damage|p2a: J\u00e9sus|0 fnt\n|faint|p2a: J\u00e9sus\n|\n|win|zhangdinglong\n|raw|zhangdinglong's rating: 1509 &rarr; <strong>1535<\/strong><br \/>(+26 for winning)\n|raw|juchan&#x2f;marie's rating: 1620 &rarr; <strong>1594<\/strong><br \/>(-26 for losing)\n|l|\u2606juchan\/marie\n","uploadtime":1700728043,"views":1,"p1id":"zhangdinglong","p2id":"juchanmarie","formatid":"gen9anythinggoes","rating":1535,"private":0,"password":""}