{"id":"gen9anythinggoes-1978840525","p1":"Mothstalgia","p2":"Mr.WTM","format":"[Gen 9] Anything Goes","log":"|j|\u2606Mothstalgia\n|j|\u2606Mr.WTM\n|t:|1698601453\n|gametype|singles\n|player|p1|Mothstalgia|rei|1315\n|player|p2|Mr.WTM|norman|1370\n|teamsize|p1|6\n|teamsize|p2|6\n|gen|9\n|tier|[Gen 9] Anything Goes\n|rated|\n|rule|HP Percentage Mod: HP is shown in percentages\n|rule|Endless Battle Clause: Forcing endless battles is banned\n|clearpoke\n|poke|p1|Magearna|\n|poke|p1|Clefable, M|\n|poke|p1|Quagsire, M|\n|poke|p1|Espathra, F|\n|poke|p1|Ninetales-Alola, M|\n|poke|p1|Drifblim, F|\n|poke|p2|Leavanny, F|\n|poke|p2|Jirachi|\n|poke|p2|Arceus|\n|poke|p2|Iron Treads|\n|poke|p2|Dragapult, M|\n|poke|p2|Mamoswine, F|\n|teampreview\n|inactive|Battle timer is ON: inactive players will automatically lose when time's up. (requested by Mr.WTM)\n|\n|t:|1698601462\n|start\n|switch|p1a: Drifblim|Drifblim, F, shiny|100\/100\n|switch|p2a: Hocus|Leavanny, F|100\/100\n|turn|1\n|\n|t:|1698601476\n|move|p2a: Hocus|Switcheroo|p1a: Drifblim\n|-activate|p2a: Hocus|move: Trick|[of] p1a: Drifblim\n|-item|p1a: Drifblim|Choice Scarf|[from] move: Switcheroo\n|-item|p2a: Hocus|Red Card|[from] move: Switcheroo\n|move|p1a: Drifblim|Minimize|p1a: Drifblim\n|-boost|p1a: Drifblim|evasion|2\n|\n|upkeep\n|turn|2\n|\n|t:|1698601494\n|switch|p1a: Ninetales|Ninetales-Alola, M, shiny|100\/100\n|-weather|Snow|[from] ability: Snow Warning|[of] p1a: Ninetales\n|move|p2a: Hocus|Sticky Web|p1a: Ninetales\n|-sidestart|p1: Mothstalgia|move: Sticky Web\n|\n|-weather|Snow|[upkeep]\n|upkeep\n|turn|3\n|\n|t:|1698601503\n|switch|p2a: Manny|Mamoswine, F|100\/100\n|move|p1a: Ninetales|Aurora Veil|p1a: Ninetales\n|-sidestart|p1: Mothstalgia|move: Aurora Veil\n|\n|-weather|Snow|[upkeep]\n|upkeep\n|turn|4\n|\n|t:|1698601528\n|move|p1a: Ninetales|Calm Mind|p1a: Ninetales\n|-boost|p1a: Ninetales|spa|1\n|-boost|p1a: Ninetales|spd|1\n|move|p2a: Manny|Earthquake|p1a: Ninetales\n|-damage|p1a: Ninetales|74\/100\n|\n|-weather|Snow|[upkeep]\n|upkeep\n|turn|5\n|\n|t:|1698601536\n|move|p1a: Ninetales|Calm Mind|p1a: Ninetales\n|-boost|p1a: Ninetales|spa|1\n|-boost|p1a: Ninetales|spd|1\n|move|p2a: Manny|Earthquake|p1a: Ninetales\n|-damage|p1a: Ninetales|47\/100\n|\n|-weather|Snow|[upkeep]\n|upkeep\n|turn|6\n|\n|t:|1698601545\n|move|p1a: Ninetales|Baton Pass|p1a: Ninetales\n|\n|t:|1698601552\n|switch|p1a: Clefable|Clefable, M, shiny|100\/100|[from] Baton Pass\n|-activate|p1a: Clefable|move: Sticky Web\n|-unboost|p1a: Clefable|spe|1\n|move|p2a: Manny|Earthquake|p1a: Clefable\n|-damage|p1a: Clefable|69\/100\n|-enditem|p1a: Clefable|Red Card|[of] p2a: Manny\n|drag|p2a: Odin|Arceus|100\/100\n|\n|-weather|none\n|upkeep\n|turn|7\n|\n|t:|1698601563\n|switch|p2a: Pocus|Jirachi|100\/100\n|move|p1a: Clefable|Cosmic Power|p1a: Clefable\n|-boost|p1a: Clefable|def|1\n|-boost|p1a: Clefable|spd|1\n|\n|upkeep\n|turn|8\n|inactive|Mothstalgia has 120 seconds left.\n|\n|t:|1698601596\n|-terastallize|p1a: Clefable|Steel\n|move|p2a: Pocus|Trick|p1a: Clefable\n|-activate|p2a: Pocus|move: Trick|[of] p1a: Clefable\n|-item|p1a: Clefable|Choice Scarf|[from] move: Trick\n|-enditem|p2a: Pocus|Choice Scarf|[silent]|[from] move: Trick\n|move|p1a: Clefable|Baton Pass|p1a: Clefable\n|inactive|Mothstalgia has 120 seconds left.\n|\n|t:|1698601609\n|switch|p1a: Magearna|Magearna|100\/100|[from] Baton Pass\n|-activate|p1a: Magearna|move: Sticky Web\n|-unboost|p1a: Magearna|spe|1\n|\n|upkeep\n|turn|9\n|inactive|Mothstalgia has 120 seconds left.\n|\n|t:|1698601621\n|switch|p2a: Manny|Mamoswine, F|100\/100\n|move|p1a: Magearna|Shift Gear|p1a: Magearna\n|-boost|p1a: Magearna|spe|2\n|-boost|p1a: Magearna|atk|1\n|\n|upkeep\n|turn|10\n|inactive|Mothstalgia has 120 seconds left.\n|\n|t:|1698601632\n|move|p2a: Manny|Earthquake|p1a: Magearna\n|-supereffective|p1a: Magearna\n|-damage|p1a: Magearna|75\/100\n|-enditem|p1a: Magearna|Weakness Policy\n|-boost|p1a: Magearna|atk|2|[from] item: Weakness Policy\n|-boost|p1a: Magearna|spa|2|[from] item: Weakness Policy\n|move|p1a: Magearna|Shift Gear|p1a: Magearna\n|-boost|p1a: Magearna|spe|2\n|-boost|p1a: Magearna|atk|1\n|\n|-sideend|p1: Mothstalgia|move: Aurora Veil\n|upkeep\n|turn|11\n|inactive|Mothstalgia has 120 seconds left.\n|\n|t:|1698601651\n|move|p1a: Magearna|Iron Head|p2a: Manny\n|-supereffective|p2a: Manny\n|-damage|p2a: Manny|0 fnt\n|faint|p2a: Manny\n|-ability|p1a: Magearna|Soul-Heart|boost\n|-boost|p1a: Magearna|spa|1\n|\n|upkeep\n|\n|t:|1698601653\n|switch|p2a: Pumba|Iron Treads|100\/100\n|-enditem|p2a: Pumba|Booster Energy\n|-activate|p2a: Pumba|ability: Quark Drive|[fromitem]\n|-start|p2a: Pumba|quarkdrivespe\n|turn|12\n|inactive|Mothstalgia has 120 seconds left.\n|\n|t:|1698601670\n|-terastallize|p2a: Pumba|Grass\n|move|p2a: Pumba|Earthquake|p1a: Magearna\n|-supereffective|p1a: Magearna\n|-damage|p1a: Magearna|30\/100\n|move|p1a: Magearna|Baton Pass|p1a: Magearna\n|\n|t:|1698601693\n|switch|p1a: Quagsire|Quagsire, M, shiny|100\/100|[from] Baton Pass\n|-activate|p1a: Quagsire|move: Sticky Web\n|-unboost|p1a: Quagsire|spe|1\n|\n|upkeep\n|turn|13\n|\n|t:|1698601713\n|-end|p2a: Pumba|Quark Drive|[silent]\n|switch|p2a: Hocus|Leavanny, F|100\/100\n|move|p1a: Quagsire|Ice Beam|p2a: Hocus\n|-supereffective|p2a: Hocus\n|-damage|p2a: Hocus|0 fnt\n|faint|p2a: Hocus\n|\n|upkeep\n|\n|t:|1698601718\n|switch|p2a: Pocus|Jirachi|100\/100\n|turn|14\n|\n|t:|1698601723\n|move|p2a: Pocus|Iron Head|p1a: Quagsire\n|-resisted|p1a: Quagsire\n|-damage|p1a: Quagsire|93\/100\n|cant|p1a: Quagsire|flinch\n|\n|-heal|p1a: Quagsire|99\/100|[from] item: Leftovers\n|upkeep\n|turn|15\n|\n|t:|1698601731\n|move|p2a: Pocus|Iron Head|p1a: Quagsire\n|-resisted|p1a: Quagsire\n|-damage|p1a: Quagsire|91\/100\n|move|p1a: Quagsire|Earthquake|p2a: Pocus\n|-supereffective|p2a: Pocus\n|-damage|p2a: Pocus|0 fnt\n|faint|p2a: Pocus\n|\n|-heal|p1a: Quagsire|97\/100|[from] item: Leftovers\n|upkeep\n|-message|Mr.WTM forfeited.\n|\n|win|Mothstalgia\n|raw|Mothstalgia's rating: 1315 &rarr; <strong>1338<\/strong><br \/>(+23 for winning)\n|raw|Mr.WTM's rating: 1370 &rarr; <strong>1347<\/strong><br \/>(-23 for losing)\n|l|\u2606Mr.WTM\n","uploadtime":1698601759,"views":7,"p1id":"mothstalgia","p2id":"mrwtm","formatid":"gen9anythinggoes","rating":1338,"private":0,"password":""}