{"id":"gen9anythinggoes-1993870767","p1":"SpiderMania","p2":"12qw12qw","format":"[Gen 9] Anything Goes","log":"|j|\u2606SpiderMania\n|j|\u260612qw12qw\n|t:|1700367919\n|gametype|singles\n|player|p1|SpiderMania|red|1110\n|player|p2|12qw12qw|169|1000\n|teamsize|p1|6\n|teamsize|p2|6\n|gen|9\n|tier|[Gen 9] Anything Goes\n|rated|\n|rule|HP Percentage Mod: HP is shown in percentages\n|rule|Endless Battle Clause: Forcing endless battles is banned\n|clearpoke\n|poke|p1|Dipplin, M|\n|poke|p1|Heatran, M|\n|poke|p1|Bruxish, F|\n|poke|p1|Chandelure, F|\n|poke|p1|Sandslash, M|\n|poke|p1|Tyranitar, M|\n|poke|p2|Klefki, F|\n|poke|p2|Zoroark-Hisui, M|\n|poke|p2|Slither Wing|\n|poke|p2|Typhlosion-Hisui, M|\n|poke|p2|Ninetales, M|\n|poke|p2|Rotom-Wash|\n|teampreview\n|j| pikakirbyyy\n|\n|t:|1700367932\n|start\n|switch|p1a: Bruxish|Bruxish, F|100\/100\n|switch|p2a: Rotom|Rotom-Wash|100\/100\n|turn|1\n|c|\u2606SpiderMania|Hi spectator!\n|inactive|Battle timer is ON: inactive players will automatically lose when time's up. (requested by 12qw12qw)\n|\n|t:|1700367960\n|move|p1a: Bruxish|Flip Turn|p2a: Rotom\n|-damage|p2a: Rotom|46\/100\n|replace|p2a: Zoroark|Zoroark-Hisui, M\n|-end|p2a: Zoroark|Illusion\n|c| pikakirbyyy|hello :3\n|\n|t:|1700367972\n|switch|p1a: Chandelure|Chandelure, F, shiny|100\/100|[from] Flip Turn\n|move|p2a: Zoroark|Shadow Ball|p1a: Chandelure\n|-supereffective|p1a: Chandelure\n|-damage|p1a: Chandelure|0 fnt\n|faint|p1a: Chandelure\n|\n|upkeep\n|c|\u2606SpiderMania|Im a certified dumbass\n|inactive|SpiderMania has 120 seconds left.\n|\n|t:|1700367997\n|switch|p1a: Tyranitar|Tyranitar, M|100\/100\n|-weather|Sandstorm|[from] ability: Sand Stream|[of] p1a: Tyranitar\n|turn|2\n|\n|t:|1700368007\n|move|p2a: Zoroark|Protect|p2a: Zoroark\n|-singleturn|p2a: Zoroark|Protect\n|move|p1a: Tyranitar|Knock Off|p2a: Zoroark\n|-activate|p2a: Zoroark|move: Protect\n|\n|-weather|Sandstorm|[upkeep]\n|-damage|p2a: Zoroark|40\/100|[from] Sandstorm\n|upkeep\n|turn|3\n|\n|t:|1700368015\n|move|p2a: Zoroark|Icy Wind|p1a: Tyranitar\n|-damage|p1a: Tyranitar|87\/100\n|-unboost|p1a: Tyranitar|spe|1\n|move|p1a: Tyranitar|Knock Off|p2a: Zoroark\n|-supereffective|p2a: Zoroark\n|-damage|p2a: Zoroark|0 fnt\n|-enditem|p2a: Zoroark|Focus Sash|[from] move: Knock Off|[of] p1a: Tyranitar\n|faint|p2a: Zoroark\n|\n|-weather|Sandstorm|[upkeep]\n|upkeep\n|\n|t:|1700368027\n|switch|p2a: Ninetales|Ninetales, M|100\/100\n|-weather|SunnyDay|[from] ability: Drought|[of] p2a: Ninetales\n|turn|4\n|\n|t:|1700368035\n|move|p2a: Ninetales|Solar Beam||[still]\n|-prepare|p2a: Ninetales|Solar Beam\n|-anim|p2a: Ninetales|Solar Beam|p1a: Tyranitar\n|-supereffective|p1a: Tyranitar\n|-damage|p1a: Tyranitar|23\/100\n|move|p1a: Tyranitar|Rock Blast|p2a: Ninetales\n|-supereffective|p2a: Ninetales\n|-damage|p2a: Ninetales|63\/100\n|-supereffective|p2a: Ninetales\n|-damage|p2a: Ninetales|26\/100\n|-supereffective|p2a: Ninetales\n|-damage|p2a: Ninetales|0 fnt\n|faint|p2a: Ninetales\n|-hitcount|p2: Ninetales|3\n|\n|-weather|SunnyDay|[upkeep]\n|upkeep\n|\n|t:|1700368050\n|switch|p2a: Typhlosion|Typhlosion-Hisui, M|100\/100\n|turn|5\n|\n|t:|1700368058\n|move|p2a: Typhlosion|Eruption|p1a: Tyranitar\n|-resisted|p1a: Tyranitar\n|-damage|p1a: Tyranitar|0 fnt\n|faint|p1a: Tyranitar\n|\n|-weather|SunnyDay|[upkeep]\n|upkeep\n|\n|t:|1700368065\n|switch|p1a: Sandslash|Sandslash, M|100\/100\n|turn|6\n|\n|t:|1700368072\n|switch|p2a: Rotom|Rotom-Wash|100\/100\n|move|p1a: Sandslash|Knock Off|p2a: Rotom\n|-crit|p2a: Rotom\n|-damage|p2a: Rotom|71\/100\n|-enditem|p2a: Rotom|Leftovers|[from] move: Knock Off|[of] p1a: Sandslash\n|\n|-weather|SunnyDay|[upkeep]\n|upkeep\n|turn|7\n|\n|t:|1700368086\n|move|p2a: Rotom|Hydro Pump|p1a: Sandslash\n|-supereffective|p1a: Sandslash\n|-damage|p1a: Sandslash|69\/100\n|move|p1a: Sandslash|Earthquake|p2a: Rotom\n|-immune|p2a: Rotom|[from] ability: Levitate\n|\n|-weather|SunnyDay|[upkeep]\n|upkeep\n|turn|8\n|c|\u2606SpiderMania|HE HAS LEVITATE?\n|c|\u2606SpiderMania|dcbjdbjsbchbcs\n|\n|t:|1700368115\n|switch|p1a: Dipplin|Dipplin, M, shiny|100\/100\n|move|p2a: Rotom|Hydro Pump|p1a: Dipplin\n|-resisted|p1a: Dipplin\n|-damage|p1a: Dipplin|97\/100\n|\n|-weather|SunnyDay|[upkeep]\n|upkeep\n|turn|9\n|c| pikakirbyyy|yeah rotom tends to have levitate as an ability\n|\n|t:|1700368128\n|move|p2a: Rotom|Volt Switch|p1a: Dipplin\n|-resisted|p1a: Dipplin\n|-crit|p1a: Dipplin\n|-damage|p1a: Dipplin|90\/100\n|\n|t:|1700368134\n|switch|p2a: Typhlosion|Typhlosion-Hisui, M|100\/100|[from] Volt Switch\n|move|p1a: Dipplin|Energy Ball|p2a: Typhlosion\n|-resisted|p2a: Typhlosion\n|-damage|p2a: Typhlosion|74\/100\n|\n|-weather|SunnyDay|[upkeep]\n|upkeep\n|turn|10\n|\n|t:|1700368145\n|switch|p1a: Bruxish|Bruxish, F|100\/100\n|move|p2a: Typhlosion|Eruption|p1a: Bruxish\n|-resisted|p1a: Bruxish\n|-damage|p1a: Bruxish|24\/100\n|\n|-weather|SunnyDay|[upkeep]\n|upkeep\n|turn|11\n|\n|t:|1700368157\n|move|p1a: Bruxish|Crunch|p2a: Typhlosion\n|-supereffective|p2a: Typhlosion\n|-damage|p2a: Typhlosion|0 fnt\n|faint|p2a: Typhlosion\n|\n|-weather|none\n|upkeep\n|\n|t:|1700368166\n|switch|p2a: Klefki|Klefki, F|100\/100\n|turn|12\n|\n|t:|1700368174\n|move|p1a: Bruxish|Crunch|p2a: Klefki\n|-resisted|p2a: Klefki\n|-damage|p2a: Klefki|82\/100\n|move|p2a: Klefki|Foul Play|p1a: Bruxish\n|-supereffective|p1a: Bruxish\n|-damage|p1a: Bruxish|0 fnt\n|faint|p1a: Bruxish\n|\n|upkeep\n|\n|t:|1700368182\n|switch|p1a: Heatran|Heatran, M|100\/100\n|turn|13\n|\n|t:|1700368191\n|move|p2a: Klefki|Thunder Wave|p1a: Heatran\n|-status|p1a: Heatran|par\n|cant|p1a: Heatran|par\n|\n|upkeep\n|turn|14\n|\n|t:|1700368197\n|move|p2a: Klefki|Reflect|p2a: Klefki\n|-sidestart|p2: 12qw12qw|Reflect\n|move|p1a: Heatran|Lava Plume|p2a: Klefki\n|-supereffective|p2a: Klefki\n|-damage|p2a: Klefki|1\/100\n|-status|p2a: Klefki|brn\n|\n|-damage|p2a: Klefki|0 fnt|[from] brn\n|faint|p2a: Klefki\n|upkeep\n|\n|t:|1700368206\n|switch|p2a: Rotom|Rotom-Wash|71\/100\n|turn|15\n|\n|t:|1700368215\n|switch|p1a: Dipplin|Dipplin, M, shiny|90\/100\n|move|p2a: Rotom|Hydro Pump|p1a: Dipplin\n|-resisted|p1a: Dipplin\n|-crit|p1a: Dipplin\n|-damage|p1a: Dipplin|79\/100\n|\n|upkeep\n|turn|16\n|\n|t:|1700368225\n|move|p2a: Rotom|Will-O-Wisp|p1a: Dipplin|[miss]\n|-miss|p2a: Rotom|p1a: Dipplin\n|move|p1a: Dipplin|Energy Ball|p2a: Rotom\n|-supereffective|p2a: Rotom\n|-damage|p2a: Rotom|0 fnt\n|faint|p2a: Rotom\n|\n|upkeep\n|\n|t:|1700368232\n|switch|p2a: Slither Wing|Slither Wing|100\/100\n|turn|17\n|c|\u2606SpiderMania|Jfc im lucky\n|\n|t:|1700368251\n|move|p2a: Slither Wing|Leech Life|p1a: Dipplin\n|-supereffective|p1a: Dipplin\n|-damage|p1a: Dipplin|29\/100\n|move|p1a: Dipplin|Draco Meteor|p2a: Slither Wing\n|-damage|p2a: Slither Wing|65\/100\n|-unboost|p1a: Dipplin|spa|2\n|\n|upkeep\n|turn|18\n|\n|t:|1700368260\n|move|p2a: Slither Wing|Leech Life|p1a: Dipplin\n|-supereffective|p1a: Dipplin\n|-damage|p1a: Dipplin|0 fnt\n|-heal|p2a: Slither Wing|79\/100|[from] drain|[of] p1a: Dipplin\n|faint|p1a: Dipplin\n|\n|upkeep\n|\n|t:|1700368266\n|switch|p1a: Sandslash|Sandslash, M|69\/100\n|turn|19\n|\n|t:|1700368277\n|move|p2a: Slither Wing|Close Combat|p1a: Sandslash\n|-damage|p1a: Sandslash|20\/100\n|-unboost|p2a: Slither Wing|def|1\n|-unboost|p2a: Slither Wing|spd|1\n|move|p1a: Sandslash|Stone Edge|p2a: Slither Wing\n|-damage|p2a: Slither Wing|63\/100\n|\n|upkeep\n|turn|20\n|\n|t:|1700368288\n|move|p2a: Slither Wing|Close Combat|p1a: Sandslash\n|-damage|p1a: Sandslash|0 fnt\n|-unboost|p2a: Slither Wing|def|1\n|-unboost|p2a: Slither Wing|spd|1\n|faint|p1a: Sandslash\n|\n|upkeep\n|\n|t:|1700368294\n|switch|p1a: Heatran|Heatran, M|100\/100 par\n|turn|21\n|\n|t:|1700368312\n|-terastallize|p2a: Slither Wing|Fire\n|move|p2a: Slither Wing|Close Combat|p1a: Heatran\n|-supereffective|p1a: Heatran\n|-damage|p1a: Heatran|0 fnt\n|-unboost|p2a: Slither Wing|def|1\n|-unboost|p2a: Slither Wing|spd|1\n|faint|p1a: Heatran\n|\n|win|12qw12qw\n|raw|SpiderMania's rating: 1110 &rarr; <strong>1077<\/strong><br \/>(-33 for losing)\n|raw|12qw12qw's rating: 1000 &rarr; <strong>1052<\/strong><br \/>(+52 for winning)\n|l|\u2606SpiderMania\n","uploadtime":1700368324,"views":12,"p1id":"spidermania","p2id":"12qw12qw","formatid":"gen9anythinggoes","rating":1052,"private":0,"password":""}