{"id":"gen9anythinggoes-1989121870","p1":"lelouchviteselia","p2":"TheTrueTauboy","format":"[Gen 9] Anything Goes","log":"|j|\u2606lelouchviteselia\n|j|\u2606TheTrueTauboy\n|t:|1699814579\n|gametype|singles\n|player|p1|lelouchviteselia|ghetsis|\n|player|p2|TheTrueTauboy|pokekid|\n|teamsize|p1|6\n|teamsize|p2|6\n|gen|9\n|tier|[Gen 9] Anything Goes\n|rule|HP Percentage Mod: HP is shown in percentages\n|rule|Endless Battle Clause: Forcing endless battles is banned\n|clearpoke\n|poke|p1|Iron Bundle|\n|poke|p1|Ogerpon-Cornerstone, F|\n|poke|p1|Glastrier|\n|poke|p1|Corviknight, F|\n|poke|p1|Meloetta|\n|poke|p1|Dachsbun, M|\n|poke|p2|Slowking, M|\n|poke|p2|Garchomp, F|\n|poke|p2|Weezing-Galar, M|\n|poke|p2|Scizor, M|\n|poke|p2|Tornadus-Therian, M|\n|poke|p2|Rotom-Frost|\n|teampreview\n|c|\u2606TheTrueTauboy|gud lac hab fan\n|c|\u2606lelouchviteselia|gudlac\n|j| mimizukii\n|j| antdursan98\n|j| Red Krow\n|j| MrMachaca\n|\n|t:|1699814714\n|start\n|switch|p1a: BONK|Ogerpon-Cornerstone, F|100\/100\n|switch|p2a: Birdperson|Tornadus-Therian, M|100\/100\n|turn|1\n|\n|t:|1699814771\n|move|p2a: Birdperson|U-turn|p1a: BONK\n|-supereffective|p1a: BONK\n|-damage|p1a: BONK|63\/100\n|\n|t:|1699814786\n|switch|p2a: CHOMP|Garchomp, F|100\/100|[from] U-turn\n|move|p1a: BONK|Spikes|p2a: CHOMP\n|-sidestart|p2: TheTrueTauboy|Spikes\n|\n|upkeep\n|turn|2\n|\n|t:|1699814855\n|switch|p1a: Juan|Glastrier|100\/100\n|move|p2a: CHOMP|Stealth Rock|p1a: Juan\n|-sidestart|p1: lelouchviteselia|move: Stealth Rock\n|\n|upkeep\n|turn|3\n|\n|t:|1699814915\n|switch|p2a: SmartFridge|Rotom-Frost|100\/100\n|-terastallize|p1a: Juan|Fairy\n|move|p1a: Juan|Icicle Crash|p2a: SmartFridge\n|-resisted|p2a: SmartFridge\n|-damage|p2a: SmartFridge|75\/100\n|\n|-heal|p2a: SmartFridge|81\/100|[from] item: Leftovers\n|upkeep\n|turn|4\n|\n|t:|1699814943\n|move|p2a: SmartFridge|Will-O-Wisp|p1a: Juan\n|-status|p1a: Juan|brn\n|move|p1a: Juan|Tera Blast|p2a: SmartFridge|[anim] Tera Blast Fairy\n|-damage|p2a: SmartFridge|55\/100\n|\n|-heal|p2a: SmartFridge|62\/100|[from] item: Leftovers\n|-damage|p1a: Juan|94\/100 brn|[from] brn\n|upkeep\n|turn|5\n|\n|t:|1699814984\n|move|p2a: SmartFridge|Volt Switch|p1a: Juan\n|-damage|p1a: Juan|76\/100 brn\n|\n|t:|1699815009\n|switch|p2a: DougDimmadome|Weezing-Galar, M|100\/100|[from] Volt Switch\n|move|p1a: Juan|Crunch|p2a: DougDimmadome\n|-resisted|p2a: DougDimmadome\n|-damage|p2a: DougDimmadome|95\/100\n|-unboost|p2a: DougDimmadome|def|1\n|\n|-heal|p2a: DougDimmadome|100\/100|[from] item: Black Sludge\n|-damage|p1a: Juan|70\/100 brn|[from] brn\n|upkeep\n|turn|6\n|\n|t:|1699815026\n|move|p2a: DougDimmadome|Sludge Bomb|p1a: Juan\n|-supereffective|p1a: Juan\n|-damage|p1a: Juan|42\/100 brn\n|move|p1a: Juan|Heavy Slam|p2a: DougDimmadome\n|-supereffective|p2a: DougDimmadome\n|-damage|p2a: DougDimmadome|56\/100\n|\n|-heal|p2a: DougDimmadome|62\/100|[from] item: Black Sludge\n|-damage|p1a: Juan|35\/100 brn|[from] brn\n|upkeep\n|turn|7\n|\n|t:|1699815072\n|switch|p2a: Juan Carlos I|Slowking, M|100\/100\n|-damage|p2a: Juan Carlos I|88\/100|[from] Spikes\n|switch|p1a: Paco Paquito|Corviknight, F|100\/100\n|-damage|p1a: Paco Paquito|88\/100|[from] Stealth Rock\n|-ability|p1a: Paco Paquito|Pressure\n|\n|-heal|p1a: Paco Paquito|94\/100|[from] item: Leftovers\n|upkeep\n|turn|8\n|\n|t:|1699815124\n|move|p1a: Paco Paquito|Defog|p2a: Juan Carlos I\n|-unboost|p2a: Juan Carlos I|evasion|1\n|-sideend|p2: TheTrueTauboy|Spikes|[from] move: Defog|[of] p1a: Paco Paquito\n|-sideend|p1: lelouchviteselia|Stealth Rock|[from] move: Defog|[of] p1a: Paco Paquito\n|move|p2a: Juan Carlos I|Scald|p1a: Paco Paquito\n|-damage|p1a: Paco Paquito|75\/100\n|\n|-heal|p1a: Paco Paquito|81\/100|[from] item: Leftovers\n|upkeep\n|turn|9\n|\n|t:|1699815189\n|switch|p1a: Duwap|Dachsbun, M|100\/100\n|move|p2a: Juan Carlos I|Scald|p1a: Duwap\n|-damage|p1a: Duwap|74\/100\n|-status|p1a: Duwap|brn\n|\n|-damage|p1a: Duwap|68\/100 brn|[from] brn\n|upkeep\n|turn|10\n|c|\u2606lelouchviteselia|que suerte ni\u00f1o\n|\n|t:|1699815235\n|switch|p2a: DougDimmadome|Weezing-Galar, M|62\/100\n|move|p1a: Duwap|Wish|p1a: Duwap\n|\n|-heal|p2a: DougDimmadome|68\/100|[from] item: Black Sludge\n|-damage|p1a: Duwap|62\/100 brn|[from] brn\n|upkeep\n|turn|11\n|\n|t:|1699815254\n|switch|p1a: Badgyyaaaal|Meloetta|100\/100\n|move|p2a: DougDimmadome|Sludge Bomb|p1a: Badgyyaaaal\n|-damage|p1a: Badgyyaaaal|76\/100\n|-status|p1a: Badgyyaaaal|psn\n|\n|-heal|p1a: Badgyyaaaal|100\/100 psn|[from] move: Wish|[wisher] Duwap\n|-heal|p2a: DougDimmadome|74\/100|[from] item: Black Sludge\n|-damage|p1a: Badgyyaaaal|88\/100 psn|[from] psn\n|upkeep\n|turn|12\n|c|\u2606lelouchviteselia|que suerte loco\n|\n|t:|1699815355\n|switch|p2a: Birdperson|Tornadus-Therian, M|100\/100\n|move|p1a: Badgyyaaaal|Relic Song|p2a: Birdperson\n|-crit|p2a: Birdperson\n|-damage|p2a: Birdperson|57\/100\n|-formechange|p1a: Badgyyaaaal|Meloetta-Pirouette|[msg]\n|\n|-damage|p1a: Badgyyaaaal|76\/100 psn|[from] psn\n|upkeep\n|turn|13\n|\n|t:|1699815398\n|move|p1a: Badgyyaaaal|Ice Punch|p2a: Birdperson\n|-supereffective|p2a: Birdperson\n|-damage|p2a: Birdperson|0 fnt\n|faint|p2a: Birdperson\n|\n|-damage|p1a: Badgyyaaaal|64\/100 psn|[from] psn\n|upkeep\n|\n|t:|1699815409\n|switch|p2a: Juan Carlos I|Slowking, M|100\/100\n|turn|14\n|\n|t:|1699815418\n|switch|p1a: Juan|Glastrier, tera:Fairy|35\/100 brn\n|move|p2a: Juan Carlos I|Psychic|p1a: Juan\n|-damage|p1a: Juan|18\/100 brn\n|\n|-damage|p1a: Juan|11\/100 brn|[from] brn\n|upkeep\n|turn|15\n|\n|t:|1699815427\n|move|p2a: Juan Carlos I|Psychic|p1a: Juan\n|-damage|p1a: Juan|0 fnt\n|faint|p1a: Juan\n|\n|upkeep\n|\n|t:|1699815446\n|switch|p1a: BONK|Ogerpon-Cornerstone, F|63\/100\n|turn|16\n|\n|t:|1699815459\n|switch|p2a: BETIGUERAS|Scizor, M, shiny|100\/100\n|move|p1a: BONK|Knock Off|p2a: BETIGUERAS\n|-damage|p2a: BETIGUERAS|64\/100\n|-enditem|p2a: BETIGUERAS|Leftovers|[from] move: Knock Off|[of] p1a: BONK\n|\n|upkeep\n|turn|17\n|\n|t:|1699815471\n|switch|p1a: Paco Paquito|Corviknight, F|81\/100\n|-ability|p1a: Paco Paquito|Pressure\n|move|p2a: BETIGUERAS|Close Combat|p1a: Paco Paquito\n|-damage|p1a: Paco Paquito|41\/100\n|-unboost|p2a: BETIGUERAS|def|1\n|-unboost|p2a: BETIGUERAS|spd|1\n|\n|-heal|p1a: Paco Paquito|48\/100|[from] item: Leftovers\n|upkeep\n|turn|18\n|\n|t:|1699815507\n|move|p1a: Paco Paquito|Roost|p1a: Paco Paquito\n|-heal|p1a: Paco Paquito|98\/100\n|-singleturn|p1a: Paco Paquito|move: Roost\n|move|p2a: BETIGUERAS|Close Combat|p1a: Paco Paquito\n|-supereffective|p1a: Paco Paquito\n|-damage|p1a: Paco Paquito|21\/100\n|-unboost|p2a: BETIGUERAS|def|1\n|-unboost|p2a: BETIGUERAS|spd|1\n|\n|-heal|p1a: Paco Paquito|27\/100|[from] item: Leftovers\n|upkeep\n|turn|19\n|\n|t:|1699815604\n|switch|p2a: SmartFridge|Rotom-Frost|62\/100\n|move|p1a: Paco Paquito|Body Press|p2a: SmartFridge\n|-supereffective|p2a: SmartFridge\n|-damage|p2a: SmartFridge|22\/100\n|\n|-heal|p2a: SmartFridge|28\/100|[from] item: Leftovers\n|-heal|p1a: Paco Paquito|34\/100|[from] item: Leftovers\n|upkeep\n|turn|20\n|\n|t:|1699815695\n|switch|p1a: Duwap|Dachsbun, M|62\/100 brn\n|-terastallize|p2a: SmartFridge|Electric\n|move|p2a: SmartFridge|Volt Switch|p1a: Duwap\n|-damage|p1a: Duwap|21\/100 brn\n|\n|t:|1699815715\n|switch|p2a: BETIGUERAS|Scizor, M, shiny|64\/100|[from] Volt Switch\n|\n|-damage|p1a: Duwap|15\/100 brn|[from] brn\n|upkeep\n|turn|21\n|\n|t:|1699815727\n|move|p2a: BETIGUERAS|Bullet Punch|p1a: Duwap\n|-supereffective|p1a: Duwap\n|-damage|p1a: Duwap|0 fnt\n|faint|p1a: Duwap\n|\n|upkeep\n|\n|t:|1699815753\n|switch|p1a: Badgyyaaaal|Meloetta|64\/100 psn\n|turn|22\n|\n|t:|1699815839\n|move|p1a: Badgyyaaaal|Fire Punch|p2a: BETIGUERAS\n|-supereffective|p2a: BETIGUERAS\n|-damage|p2a: BETIGUERAS|0 fnt\n|faint|p2a: BETIGUERAS\n|\n|-damage|p1a: Badgyyaaaal|51\/100 psn|[from] psn\n|upkeep\n|\n|t:|1699815844\n|switch|p2a: Juan Carlos I|Slowking, M|100\/100\n|turn|23\n|l| Red Krow\n|j| Red Krow\n|\n|t:|1699815927\n|switch|p1a: Paco Paquito|Corviknight, F|34\/100\n|-ability|p1a: Paco Paquito|Pressure\n|move|p2a: Juan Carlos I|Scald|p1a: Paco Paquito\n|-damage|p1a: Paco Paquito|13\/100\n|-status|p1a: Paco Paquito|brn\n|\n|-heal|p1a: Paco Paquito|19\/100 brn|[from] item: Leftovers\n|-damage|p1a: Paco Paquito|13\/100 brn|[from] brn\n|upkeep\n|turn|24\n|c|\u2606lelouchviteselia|que suerte etas teniendo ni\u00f1o\n|\n|t:|1699815943\n|switch|p2a: SmartFridge|Rotom-Frost, tera:Electric|28\/100\n|move|p1a: Paco Paquito|Roost|p1a: Paco Paquito\n|-heal|p1a: Paco Paquito|63\/100 brn\n|-singleturn|p1a: Paco Paquito|move: Roost\n|\n|-heal|p2a: SmartFridge|35\/100|[from] item: Leftovers\n|-heal|p1a: Paco Paquito|69\/100 brn|[from] item: Leftovers\n|-damage|p1a: Paco Paquito|63\/100 brn|[from] brn\n|upkeep\n|turn|25\n|j| pepitodechocolate\n|\n|t:|1699815974\n|switch|p1a: Badgyyaaaal|Meloetta|51\/100 psn\n|move|p2a: SmartFridge|Volt Switch|p1a: Badgyyaaaal\n|-crit|p1a: Badgyyaaaal\n|-damage|p1a: Badgyyaaaal|0 fnt\n|faint|p1a: Badgyyaaaal\n|c|\u2606lelouchviteselia|que suerte\n|c|\u2606lelouchviteselia|perdon por el rageo\n|c|\u2606lelouchviteselia|jjajaja\n|c|\u2606lelouchviteselia|ce la vi\n|c| pepitodechocolate|arbi, revisa el rng\n|\n|t:|1699816035\n|switch|p2a: Juan Carlos I|Slowking, M|100\/100|[from] Volt Switch\n|\n|upkeep\n|\n|t:|1699816051\n|switch|p1a: FIIIIAAAAAUUuun|Iron Bundle|100\/100\n|turn|26\n|\n|t:|1699816056\n|move|p1a: FIIIIAAAAAUUuun|Freeze-Dry|p2a: Juan Carlos I\n|-supereffective|p2a: Juan Carlos I\n|-damage|p2a: Juan Carlos I|56\/100\n|move|p2a: Juan Carlos I|Psychic|p1a: FIIIIAAAAAUUuun\n|-damage|p1a: FIIIIAAAAAUUuun|28\/100\n|\n|upkeep\n|turn|27\n|\n|t:|1699816076\n|-end|p1a: FIIIIAAAAAUUuun|Quark Drive|[silent]\n|switch|p1a: Paco Paquito|Corviknight, F|63\/100 brn\n|-ability|p1a: Paco Paquito|Pressure\n|move|p2a: Juan Carlos I|Psychic|p1a: Paco Paquito\n|-resisted|p1a: Paco Paquito\n|-damage|p1a: Paco Paquito|52\/100 brn\n|\n|-heal|p1a: Paco Paquito|59\/100 brn|[from] item: Leftovers\n|-damage|p1a: Paco Paquito|52\/100 brn|[from] brn\n|upkeep\n|turn|28\n|\n|t:|1699816090\n|switch|p2a: SmartFridge|Rotom-Frost, tera:Electric|35\/100\n|move|p1a: Paco Paquito|Iron Defense|p1a: Paco Paquito\n|-boost|p1a: Paco Paquito|def|2\n|\n|-heal|p2a: SmartFridge|41\/100|[from] item: Leftovers\n|-heal|p1a: Paco Paquito|59\/100 brn|[from] item: Leftovers\n|-damage|p1a: Paco Paquito|52\/100 brn|[from] brn\n|upkeep\n|turn|29\n|\n|t:|1699816103\n|move|p2a: SmartFridge|Volt Switch|p1a: Paco Paquito\n|-supereffective|p1a: Paco Paquito\n|-damage|p1a: Paco Paquito|0 fnt\n|faint|p1a: Paco Paquito\n|\n|t:|1699816109\n|switch|p2a: Juan Carlos I|Slowking, M|90\/100|[from] Volt Switch\n|\n|upkeep\n|\n|t:|1699816113\n|switch|p1a: BONK|Ogerpon-Cornerstone, F|63\/100\n|turn|30\n|\n|t:|1699816161\n|switch|p1a: FIIIIAAAAAUUuun|Iron Bundle|28\/100\n|switch|p2a: SmartFridge|Rotom-Frost, tera:Electric|41\/100\n|\n|-heal|p2a: SmartFridge|47\/100|[from] item: Leftovers\n|upkeep\n|turn|31\n|\n|t:|1699816171\n|switch|p2a: Juan Carlos I|Slowking, M|100\/100\n|move|p1a: FIIIIAAAAAUUuun|Freeze-Dry|p2a: Juan Carlos I\n|-supereffective|p2a: Juan Carlos I\n|-damage|p2a: Juan Carlos I|54\/100\n|\n|upkeep\n|turn|32\n|\n|t:|1699816215\n|-end|p1a: FIIIIAAAAAUUuun|Quark Drive|[silent]\n|switch|p1a: BONK|Ogerpon-Cornerstone, F|63\/100\n|move|p2a: Juan Carlos I|Psychic|p1a: BONK\n|-damage|p1a: BONK|26\/100\n|\n|upkeep\n|turn|33\n|\n|t:|1699816238\n|switch|p2a: SmartFridge|Rotom-Frost, tera:Electric|47\/100\n|move|p1a: BONK|Knock Off|p2a: SmartFridge\n|-damage|p2a: SmartFridge|5\/100\n|-enditem|p2a: SmartFridge|Leftovers|[from] move: Knock Off|[of] p1a: BONK\n|\n|upkeep\n|turn|34\n|\n|t:|1699816249\n|move|p1a: BONK|Ivy Cudgel|p2a: SmartFridge\n|-damage|p2a: SmartFridge|0 fnt\n|faint|p2a: SmartFridge\n|\n|upkeep\n|\n|t:|1699816252\n|switch|p2a: CHOMP|Garchomp, F|100\/100\n|turn|35\n|\n|t:|1699816268\n|move|p1a: BONK|Spikes|p2a: CHOMP\n|-sidestart|p2: TheTrueTauboy|Spikes\n|move|p2a: CHOMP|Earthquake|p1a: BONK\n|-damage|p1a: BONK|0 fnt\n|faint|p1a: BONK\n|\n|upkeep\n|\n|t:|1699816274\n|switch|p1a: FIIIIAAAAAUUuun|Iron Bundle|28\/100\n|turn|36\n|\n|t:|1699816285\n|switch|p2a: DougDimmadome|Weezing-Galar, M|74\/100\n|move|p1a: FIIIIAAAAAUUuun|Freeze-Dry|p2a: DougDimmadome\n|-damage|p2a: DougDimmadome|0 fnt\n|faint|p2a: DougDimmadome\n|\n|upkeep\n|\n|t:|1699816287\n|switch|p2a: Juan Carlos I|Slowking, M|88\/100\n|-damage|p2a: Juan Carlos I|75\/100|[from] Spikes\n|turn|37\n|\n|t:|1699816294\n|move|p1a: FIIIIAAAAAUUuun|Freeze-Dry|p2a: Juan Carlos I\n|-supereffective|p2a: Juan Carlos I\n|-damage|p2a: Juan Carlos I|31\/100\n|move|p2a: Juan Carlos I|Psychic|p1a: FIIIIAAAAAUUuun\n|-damage|p1a: FIIIIAAAAAUUuun|0 fnt\n|faint|p1a: FIIIIAAAAAUUuun\n|-end|p1a: FIIIIAAAAAUUuun|Quark Drive|[silent]\n|\n|win|TheTrueTauboy\n|c|\u2606TheTrueTauboy|gg wp\n|c|\u2606lelouchviteselia|gg wp\n|l| MrMachaca\n|l| Red Krow\n|c|\u2606lelouchviteselia|solo me falto un poco de rng\n|c|\u2606TheTrueTauboy|tuve bastante suerte, s\u00ed\n","uploadtime":1699816313,"views":33,"p1id":"lelouchviteselia","p2id":"thetruetauboy","formatid":"gen9anythinggoes","rating":0,"private":0,"password":""}