{"id":"gen9anythinggoes-1997823569","p1":"Sft46","p2":"saru_bean","format":"[Gen 9] Anything Goes","log":"|j|\u2606Sft46\n|j|\u2606saru_bean\n|t:|1700856584\n|gametype|singles\n|player|p1|Sft46|bellelba|1109\n|player|p2|saru_bean|erbie-unite|1197\n|teamsize|p1|6\n|teamsize|p2|6\n|gen|9\n|tier|[Gen 9] Anything Goes\n|rated|\n|rule|HP Percentage Mod: HP is shown in percentages\n|rule|Endless Battle Clause: Forcing endless battles is banned\n|clearpoke\n|poke|p1|Polteageist-Antique|\n|poke|p1|Calyrex-Shadow|\n|poke|p1|Espathra, F|\n|poke|p1|Ribombee, F|\n|poke|p1|Magearna|\n|poke|p1|Kyogre|\n|poke|p2|Garganacl, M|\n|poke|p2|Cinderace, F|\n|poke|p2|Dragapult, F|\n|poke|p2|Kingambit, M|\n|poke|p2|Ursaluna-Bloodmoon, M|\n|poke|p2|Espathra, F|\n|teampreview\n|inactive|Battle timer is ON: inactive players will automatically lose when time's up. (requested by Sft46)\n|\n|t:|1700856592\n|start\n|switch|p1a: Polteageist|Polteageist-Antique, shiny|100\/100\n|switch|p2a: Daisy Dukes|Espathra, F|100\/100\n|turn|1\n|\n|t:|1700856617\n|-terastallize|p2a: Daisy Dukes|Normal\n|move|p2a: Daisy Dukes|Substitute|p2a: Daisy Dukes\n|-start|p2a: Daisy Dukes|Substitute\n|-damage|p2a: Daisy Dukes|76\/100\n|move|p1a: Polteageist|Shell Smash|p1a: Polteageist\n|-unboost|p1a: Polteageist|def|1\n|-unboost|p1a: Polteageist|spd|1\n|-boost|p1a: Polteageist|atk|2\n|-boost|p1a: Polteageist|spa|2\n|-boost|p1a: Polteageist|spe|2\n|\n|-heal|p2a: Daisy Dukes|82\/100|[from] item: Leftovers\n|-ability|p2a: Daisy Dukes|Speed Boost|boost\n|-boost|p2a: Daisy Dukes|spe|1\n|upkeep\n|turn|2\n|\n|t:|1700856631\n|move|p1a: Polteageist|Shell Smash|p1a: Polteageist\n|-unboost|p1a: Polteageist|def|1\n|-unboost|p1a: Polteageist|spd|1\n|-boost|p1a: Polteageist|atk|2\n|-boost|p1a: Polteageist|spa|2\n|-boost|p1a: Polteageist|spe|2\n|move|p2a: Daisy Dukes|Calm Mind|p2a: Daisy Dukes\n|-boost|p2a: Daisy Dukes|spa|1\n|-boost|p2a: Daisy Dukes|spd|1\n|\n|-heal|p2a: Daisy Dukes|88\/100|[from] item: Leftovers\n|-ability|p2a: Daisy Dukes|Speed Boost|boost\n|-boost|p2a: Daisy Dukes|spe|1\n|upkeep\n|turn|3\n|\n|t:|1700856644\n|move|p1a: Polteageist|Baton Pass|p1a: Polteageist\n|\n|t:|1700856650\n|switch|p1a: Rainy Cloud\ud83c\udf27\ufe0f|Kyogre|100\/100|[from] Baton Pass\n|-weather|RainDance|[from] ability: Drizzle|[of] p1a: Rainy Cloud\ud83c\udf27\ufe0f\n|move|p2a: Daisy Dukes|Psychic|p1a: Rainy Cloud\ud83c\udf27\ufe0f\n|-damage|p1a: Rainy Cloud\ud83c\udf27\ufe0f|43\/100\n|\n|-weather|RainDance|[upkeep]\n|-heal|p2a: Daisy Dukes|94\/100|[from] item: Leftovers\n|-heal|p1a: Rainy Cloud\ud83c\udf27\ufe0f|49\/100|[from] item: Leftovers\n|-ability|p2a: Daisy Dukes|Speed Boost|boost\n|-boost|p2a: Daisy Dukes|spe|1\n|upkeep\n|turn|4\n|\n|t:|1700856665\n|move|p2a: Daisy Dukes|Psychic|p1a: Rainy Cloud\ud83c\udf27\ufe0f\n|-damage|p1a: Rainy Cloud\ud83c\udf27\ufe0f|0 fnt\n|faint|p1a: Rainy Cloud\ud83c\udf27\ufe0f\n|\n|-weather|RainDance|[upkeep]\n|-heal|p2a: Daisy Dukes|99\/100|[from] item: Leftovers\n|-ability|p2a: Daisy Dukes|Speed Boost|boost\n|-boost|p2a: Daisy Dukes|spe|1\n|upkeep\n|\n|t:|1700856675\n|switch|p1a: Polteageist|Polteageist-Antique, shiny|100\/100\n|turn|5\n|\n|t:|1700856679\n|move|p1a: Polteageist|Sucker Punch|p2a: Daisy Dukes\n|-activate|p2a: Daisy Dukes|move: Substitute|[damage]\n|move|p2a: Daisy Dukes|Psychic|p1a: Polteageist\n|-damage|p1a: Polteageist|57\/100\n|-start|p2a: Daisy Dukes|Disable|Psychic|[from] ability: Cursed Body|[of] p1a: Polteageist\n|\n|-weather|RainDance|[upkeep]\n|-heal|p2a: Daisy Dukes|100\/100|[from] item: Leftovers\n|-ability|p2a: Daisy Dukes|Speed Boost|boost\n|-boost|p2a: Daisy Dukes|spe|1\n|upkeep\n|turn|6\n|\n|t:|1700856690\n|move|p2a: Daisy Dukes|Calm Mind|p2a: Daisy Dukes\n|-boost|p2a: Daisy Dukes|spa|1\n|-boost|p2a: Daisy Dukes|spd|1\n|move|p1a: Polteageist|Shell Smash|p1a: Polteageist\n|-unboost|p1a: Polteageist|def|1\n|-unboost|p1a: Polteageist|spd|1\n|-boost|p1a: Polteageist|atk|2\n|-boost|p1a: Polteageist|spa|2\n|-boost|p1a: Polteageist|spe|2\n|\n|-weather|RainDance|[upkeep]\n|-ability|p2a: Daisy Dukes|Speed Boost|boost\n|-boost|p2a: Daisy Dukes|spe|1\n|upkeep\n|turn|7\n|\n|t:|1700856702\n|move|p1a: Polteageist|Sucker Punch||[still]\n|-fail|p1a: Polteageist\n|move|p2a: Daisy Dukes|Calm Mind|p2a: Daisy Dukes\n|-boost|p2a: Daisy Dukes|spa|1\n|-boost|p2a: Daisy Dukes|spd|1\n|\n|-weather|none\n|upkeep\n|turn|8\n|\n|t:|1700856711\n|move|p1a: Polteageist|Sucker Punch||[still]\n|-fail|p1a: Polteageist\n|move|p2a: Daisy Dukes|Calm Mind|p2a: Daisy Dukes\n|-boost|p2a: Daisy Dukes|spa|1\n|-boost|p2a: Daisy Dukes|spd|1\n|\n|-end|p2a: Daisy Dukes|Disable\n|upkeep\n|turn|9\n|\n|t:|1700856719\n|move|p1a: Polteageist|Sucker Punch|p2a: Daisy Dukes\n|-end|p2a: Daisy Dukes|Substitute\n|move|p2a: Daisy Dukes|Psychic|p1a: Polteageist\n|-damage|p1a: Polteageist|0 fnt\n|faint|p1a: Polteageist\n|\n|upkeep\n|\n|t:|1700856734\n|switch|p1a: Calyrex|Calyrex-Shadow|100\/100\n|-ability|p1a: Calyrex|As One\n|-ability|p1a: Calyrex|Unnerve\n|turn|10\n|\n|t:|1700856749\n|-terastallize|p1a: Calyrex|Fighting\n|move|p2a: Daisy Dukes|Baton Pass|p2a: Daisy Dukes\n|\n|t:|1700856752\n|switch|p2a: Freddy Fastbear|Ursaluna-Bloodmoon, M|100\/100|[from] Baton Pass\n|move|p1a: Calyrex|Tera Blast|p2a: Freddy Fastbear|[anim] Tera Blast Fighting\n|-supereffective|p2a: Freddy Fastbear\n|-damage|p2a: Freddy Fastbear|61\/100\n|\n|-heal|p2a: Freddy Fastbear|67\/100|[from] item: Leftovers\n|upkeep\n|turn|11\n|\n|t:|1700856763\n|move|p2a: Freddy Fastbear|Moonblast|p1a: Calyrex\n|-supereffective|p1a: Calyrex\n|-enditem|p1a: Calyrex|Focus Sash\n|-damage|p1a: Calyrex|1\/100\n|move|p1a: Calyrex|Tera Blast|p2a: Freddy Fastbear|[anim] Tera Blast Fighting\n|-supereffective|p2a: Freddy Fastbear\n|-damage|p2a: Freddy Fastbear|29\/100\n|\n|-heal|p2a: Freddy Fastbear|35\/100|[from] item: Leftovers\n|upkeep\n|turn|12\n|\n|t:|1700856778\n|move|p2a: Freddy Fastbear|Moonblast|p1a: Calyrex\n|-supereffective|p1a: Calyrex\n|-damage|p1a: Calyrex|0 fnt\n|faint|p1a: Calyrex\n|\n|-heal|p2a: Freddy Fastbear|41\/100|[from] item: Leftovers\n|upkeep\n|\n|t:|1700856786\n|switch|p1a: Espathra|Espathra, F|100\/100\n|turn|13\n|\n|t:|1700856795\n|move|p1a: Espathra|Protect|p1a: Espathra\n|-singleturn|p1a: Espathra|Protect\n|move|p2a: Freddy Fastbear|Blood Moon|p1a: Espathra\n|-activate|p1a: Espathra|move: Protect\n|\n|-heal|p2a: Freddy Fastbear|47\/100|[from] item: Leftovers\n|-ability|p1a: Espathra|Speed Boost|boost\n|-boost|p1a: Espathra|spe|1\n|upkeep\n|turn|14\n|\n|t:|1700856807\n|move|p2a: Freddy Fastbear|Earth Power|p1a: Espathra\n|-enditem|p1a: Espathra|Focus Sash\n|-damage|p1a: Espathra|1\/100\n|move|p1a: Espathra|Baton Pass|p1a: Espathra\n|\n|t:|1700856812\n|switch|p1a: Magearna|Magearna|100\/100|[from] Baton Pass\n|\n|-heal|p2a: Freddy Fastbear|54\/100|[from] item: Leftovers\n|upkeep\n|turn|15\n|\n|t:|1700856822\n|move|p2a: Freddy Fastbear|Earth Power|p1a: Magearna\n|-supereffective|p1a: Magearna\n|-damage|p1a: Magearna|0 fnt\n|faint|p1a: Magearna\n|\n|-heal|p2a: Freddy Fastbear|60\/100|[from] item: Leftovers\n|upkeep\n|\n|t:|1700856831\n|switch|p1a: Ribombee|Ribombee, F|100\/100\n|turn|16\n|\n|t:|1700856836\n|move|p2a: Freddy Fastbear|Blood Moon|p1a: Ribombee\n|-enditem|p1a: Ribombee|Focus Sash\n|-damage|p1a: Ribombee|1\/100\n|move|p1a: Ribombee|Draining Kiss|p2a: Freddy Fastbear\n|-damage|p2a: Freddy Fastbear|52\/100\n|-heal|p1a: Ribombee|10\/100|[from] drain|[of] p2a: Freddy Fastbear\n|\n|-heal|p2a: Freddy Fastbear|58\/100|[from] item: Leftovers\n|upkeep\n|turn|17\n|-message|Sft46 forfeited.\n|\n|win|saru_bean\n|raw|Sft46's rating: 1109 &rarr; <strong>1090<\/strong><br \/>(-19 for losing)\n|raw|saru_bean's rating: 1197 &rarr; <strong>1216<\/strong><br \/>(+19 for winning)\n|l|\u2606Sft46\n","uploadtime":1700856854,"views":11,"p1id":"sft46","p2id":"sarubean","formatid":"gen9anythinggoes","rating":1090,"private":0,"password":""}