{"id":"gen9anythinggoes-1983797793","p1":"Notaspectre","p2":"math3w-\u2605","format":"[Gen 9] Anything Goes","log":"|j|\u2606Notaspectre\n|j|\u2606math3w-\u2605\n|t:|1699183045\n|gametype|singles\n|player|p1|Notaspectre|169|1112\n|player|p2|math3w-\u2605|ethan|1000\n|teamsize|p1|6\n|teamsize|p2|6\n|gen|9\n|tier|[Gen 9] Anything Goes\n|rated|\n|rule|HP Percentage Mod: HP is shown in percentages\n|rule|Endless Battle Clause: Forcing endless battles is banned\n|clearpoke\n|poke|p1|Gliscor, F|\n|poke|p1|Zamazenta-*|\n|poke|p1|Manaphy|\n|poke|p1|Zoroark-Hisui, M|\n|poke|p1|Komala, F|\n|poke|p1|Forretress, M|\n|poke|p2|Umbreon, M|\n|poke|p2|Altaria, M|\n|poke|p2|Regieleki|\n|poke|p2|Leafeon, F|\n|poke|p2|Rillaboom, F|\n|poke|p2|Mamoswine, M|\n|teampreview\n|inactive|Battle timer is ON: inactive players will automatically lose when time's up. (requested by Notaspectre)\n|\n|t:|1699183054\n|start\n|switch|p1a: Test|Forretress, M|100\/100\n|switch|p2a: Leafeon|Leafeon, F|100\/100\n|turn|1\n|\n|t:|1699183067\n|switch|p2a: Altaria|Altaria, M|100\/100\n|move|p1a: Test|Toxic Spikes|p2a: Altaria\n|-sidestart|p2: math3w-\u2605|move: Toxic Spikes\n|\n|upkeep\n|turn|2\n|\n|t:|1699183078\n|-terastallize|p2a: Altaria|Dragon\n|move|p2a: Altaria|Draco Meteor|p1a: Test\n|-resisted|p1a: Test\n|-damage|p1a: Test|67\/100\n|-unboost|p2a: Altaria|spa|2\n|move|p1a: Test|Stealth Rock|p2a: Altaria\n|-sidestart|p2: math3w-\u2605|move: Stealth Rock\n|\n|upkeep\n|turn|3\n|\n|t:|1699183090\n|move|p2a: Altaria|Dragon Dance|p2a: Altaria\n|-boost|p2a: Altaria|atk|1\n|-boost|p2a: Altaria|spe|1\n|move|p1a: Test|Toxic Spikes|p2a: Altaria\n|-sidestart|p2: math3w-\u2605|move: Toxic Spikes\n|\n|upkeep\n|turn|4\n|\n|t:|1699183100\n|move|p2a: Altaria|Dragon Dance|p2a: Altaria\n|-boost|p2a: Altaria|atk|1\n|-boost|p2a: Altaria|spe|1\n|move|p1a: Test|Spikes|p2a: Altaria\n|-sidestart|p2: math3w-\u2605|Spikes\n|\n|upkeep\n|turn|5\n|\n|t:|1699183112\n|switch|p1a: Test|Gliscor, F|100\/100\n|move|p2a: Altaria|Dragon Dance|p2a: Altaria\n|-boost|p2a: Altaria|atk|1\n|-boost|p2a: Altaria|spe|1\n|\n|-status|p1a: Test|tox|[from] item: Toxic Orb\n|upkeep\n|turn|6\n|\n|t:|1699183126\n|move|p2a: Altaria|Draco Meteor|p1a: Test\n|-damage|p1a: Test|62\/100 tox\n|-unboost|p2a: Altaria|spa|2\n|move|p1a: Test|Psychic Fangs|p2a: Altaria\n|-damage|p2a: Altaria|73\/100\n|\n|-heal|p2a: Altaria|79\/100|[from] item: Leftovers\n|-heal|p1a: Test|74\/100 tox|[from] ability: Poison Heal\n|upkeep\n|turn|7\n|\n|t:|1699183139\n|move|p2a: Altaria|Acrobatics|p1a: Test\n|-damage|p1a: Test|35\/100 tox\n|move|p1a: Test|Dual Wingbeat|p2a: Altaria\n|-damage|p2a: Altaria|62\/100\n|-damage|p2a: Altaria|45\/100\n|-hitcount|p2a: Altaria|2\n|\n|-heal|p2a: Altaria|51\/100|[from] item: Leftovers\n|-heal|p1a: Test|48\/100 tox|[from] ability: Poison Heal\n|upkeep\n|turn|8\n|\n|t:|1699183151\n|move|p2a: Altaria|Acrobatics|p1a: Test\n|-damage|p1a: Test|8\/100 tox\n|move|p1a: Test|Dual Wingbeat|p2a: Altaria\n|-damage|p2a: Altaria|33\/100\n|-damage|p2a: Altaria|14\/100\n|-hitcount|p2a: Altaria|2\n|\n|-heal|p2a: Altaria|20\/100|[from] item: Leftovers\n|-heal|p1a: Test|21\/100 tox|[from] ability: Poison Heal\n|upkeep\n|turn|9\n|\n|t:|1699183164\n|move|p2a: Altaria|Acrobatics|p1a: Test\n|-damage|p1a: Test|0 fnt\n|faint|p1a: Test\n|\n|-heal|p2a: Altaria|27\/100|[from] item: Leftovers\n|upkeep\n|inactive|Notaspectre has 120 seconds left.\n|\n|t:|1699183190\n|switch|p1a: Test|Komala, F|100\/100\n|turn|10\n|\n|t:|1699183197\n|move|p2a: Altaria|Brave Bird|p1a: Test\n|-damage|p1a: Test|0 fnt\n|replace|p1a: Test|Zoroark-Hisui, M\n|-end|p1a: Test|Illusion\n|faint|p1a: Test\n|-damage|p2a: Altaria|1\/100|[from] Recoil\n|\n|-heal|p2a: Altaria|7\/100|[from] item: Leftovers\n|upkeep\n|\n|t:|1699183208\n|switch|p1a: Test|Komala, F|100\/100\n|-ability|p1a: Test|Comatose\n|turn|11\n|\n|t:|1699183214\n|move|p2a: Altaria|Brave Bird|p1a: Test\n|-damage|p1a: Test|0 fnt\n|faint|p1a: Test\n|-damage|p2a: Altaria|0 fnt|[from] Recoil\n|faint|p2a: Altaria\n|\n|upkeep\n|\n|t:|1699183226\n|switch|p2a: Mamoswine|Mamoswine, M|100\/100\n|switch|p1a: Test|Zamazenta|100\/100\n|-ability|p1a: Test|Dauntless Shield|boost\n|-boost|p1a: Test|def|1\n|-status|p2a: Mamoswine|tox\n|-damage|p2a: Mamoswine|88\/100 tox|[from] Stealth Rock\n|-damage|p2a: Mamoswine|76\/100 tox|[from] Spikes\n|turn|12\n|\n|t:|1699183240\n|move|p1a: Test|Body Press|p2a: Mamoswine\n|-supereffective|p2a: Mamoswine\n|-damage|p2a: Mamoswine|0 fnt\n|faint|p2a: Mamoswine\n|\n|upkeep\n|\n|t:|1699183259\n|switch|p2a: Leafeon|Leafeon, F|100\/100\n|-status|p2a: Leafeon|tox\n|-damage|p2a: Leafeon|88\/100 tox|[from] Stealth Rock\n|-damage|p2a: Leafeon|76\/100 tox|[from] Spikes\n|turn|13\n|\n|t:|1699183272\n|move|p1a: Test|Crunch|p2a: Leafeon\n|-damage|p2a: Leafeon|51\/100 tox\n|move|p2a: Leafeon|Leaf Storm|p1a: Test\n|-damage|p1a: Test|76\/100\n|-unboost|p2a: Leafeon|spa|2\n|\n|-heal|p2a: Leafeon|57\/100 tox|[from] item: Leftovers\n|-damage|p2a: Leafeon|51\/100 tox|[from] psn\n|upkeep\n|turn|14\n|inactive|math3w-\u2605 has 120 seconds left.\n|\n|t:|1699183294\n|move|p1a: Test|Iron Defense|p1a: Test\n|-boost|p1a: Test|def|2\n|move|p2a: Leafeon|Leaf Blade|p1a: Test\n|-crit|p1a: Test\n|-damage|p1a: Test|37\/100\n|\n|-heal|p2a: Leafeon|57\/100 tox|[from] item: Leftovers\n|-damage|p2a: Leafeon|45\/100 tox|[from] psn\n|upkeep\n|turn|15\n|inactive|math3w-\u2605 has 120 seconds left.\n|\n|t:|1699183304\n|move|p1a: Test|Body Press|p2a: Leafeon\n|-damage|p2a: Leafeon|0 fnt\n|faint|p2a: Leafeon\n|\n|upkeep\n|inactive|math3w-\u2605 has 120 seconds left.\n|\n|t:|1699183311\n|switch|p2a: Rillaboom|Rillaboom, F|100\/100\n|-status|p2a: Rillaboom|tox\n|-damage|p2a: Rillaboom|88\/100 tox|[from] Stealth Rock\n|-damage|p2a: Rillaboom|76\/100 tox|[from] Spikes\n|-fieldstart|move: Grassy Terrain|[from] ability: Grassy Surge|[of] p2a: Rillaboom\n|turn|16\n|inactive|math3w-\u2605 has 120 seconds left.\n|\n|t:|1699183327\n|move|p1a: Test|Body Press|p2a: Rillaboom\n|-damage|p2a: Rillaboom|2\/100 tox\n|move|p2a: Rillaboom|Drum Beating|p1a: Test\n|-damage|p1a: Test|24\/100\n|-unboost|p1a: Test|spe|1\n|\n|-heal|p2a: Rillaboom|8\/100 tox|[from] Grassy Terrain\n|-heal|p2a: Rillaboom|14\/100 tox|[from] item: Leftovers\n|-heal|p1a: Test|30\/100|[from] Grassy Terrain\n|-damage|p2a: Rillaboom|8\/100 tox|[from] psn\n|upkeep\n|turn|17\n|inactive|math3w-\u2605 has 120 seconds left.\n|\n|t:|1699183342\n|move|p2a: Rillaboom|Energy Ball|p1a: Test\n|-damage|p1a: Test|7\/100\n|-unboost|p1a: Test|spd|1\n|move|p1a: Test|Trailblaze|p2a: Rillaboom\n|-resisted|p2a: Rillaboom\n|-damage|p2a: Rillaboom|0 fnt\n|-boost|p1a: Test|spe|1\n|faint|p2a: Rillaboom\n|\n|-heal|p1a: Test|14\/100|[from] Grassy Terrain\n|upkeep\n|\n|t:|1699183355\n|switch|p2a: Umbreon|Umbreon, M|100\/100\n|-status|p2a: Umbreon|tox\n|-damage|p2a: Umbreon|88\/100 tox|[from] Stealth Rock\n|-damage|p2a: Umbreon|76\/100 tox|[from] Spikes\n|turn|18\n|\n|t:|1699183367\n|move|p1a: Test|Body Press|p2a: Umbreon\n|-supereffective|p2a: Umbreon\n|-damage|p2a: Umbreon|0 fnt\n|faint|p2a: Umbreon\n|\n|-heal|p1a: Test|20\/100|[from] Grassy Terrain\n|upkeep\n|\n|t:|1699183374\n|switch|p2a: Regieleki|Regieleki|100\/100\n|-status|p2a: Regieleki|tox\n|-damage|p2a: Regieleki|88\/100 tox|[from] Stealth Rock\n|-damage|p2a: Regieleki|76\/100 tox|[from] Spikes\n|turn|19\n|\n|t:|1699183384\n|move|p2a: Regieleki|Thunderbolt|p1a: Test\n|-damage|p1a: Test|0 fnt\n|faint|p1a: Test\n|\n|-heal|p2a: Regieleki|82\/100 tox|[from] Grassy Terrain\n|-heal|p2a: Regieleki|88\/100 tox|[from] item: Leftovers\n|-damage|p2a: Regieleki|82\/100 tox|[from] psn\n|upkeep\n|\n|t:|1699183395\n|switch|p1a: Test|Manaphy|100\/100\n|turn|20\n|\n|t:|1699183400\n|move|p2a: Regieleki|Thunderbolt|p1a: Test\n|-supereffective|p1a: Test\n|-damage|p1a: Test|5\/100\n|move|p1a: Test|Take Heart|p1a: Test\n|-boost|p1a: Test|spa|1\n|-boost|p1a: Test|spd|1\n|\n|-heal|p2a: Regieleki|88\/100 tox|[from] Grassy Terrain\n|-heal|p2a: Regieleki|94\/100 tox|[from] item: Leftovers\n|-heal|p1a: Test|12\/100|[from] Grassy Terrain\n|-damage|p2a: Regieleki|82\/100 tox|[from] psn\n|-fieldend|move: Grassy Terrain\n|upkeep\n|turn|21\n|\n|t:|1699183413\n|move|p2a: Regieleki|Thunderbolt|p1a: Test\n|-supereffective|p1a: Test\n|-damage|p1a: Test|0 fnt\n|faint|p1a: Test\n|\n|-heal|p2a: Regieleki|88\/100 tox|[from] item: Leftovers\n|-damage|p2a: Regieleki|70\/100 tox|[from] psn\n|upkeep\n|\n|t:|1699183421\n|switch|p1a: Test|Forretress, M|67\/100\n|turn|22\n|\n|t:|1699183427\n|move|p2a: Regieleki|Thunder|p1a: Test\n|-damage|p1a: Test|0 fnt\n|faint|p1a: Test\n|\n|win|math3w-\u2605\n|raw|Notaspectre's rating: 1112 &rarr; <strong>1079<\/strong><br \/>(-33 for losing)\n|raw|math3w-\u2605's rating: 1000 &rarr; <strong>1052<\/strong><br \/>(+52 for winning)\n","uploadtime":1699183437,"views":3,"p1id":"notaspectre","p2id":"math3w","formatid":"gen9anythinggoes","rating":1052,"private":0,"password":""}