{"id":"gen9anythinggoes-1983077917","p1":"Dumbfudge","p2":"Kayleb1718","format":"[Gen 9] Anything Goes","log":"|j|\u2606Dumbfudge\n|j|\u2606Kayleb1718\n|t:|1699080938\n|gametype|singles\n|player|p1|Dumbfudge|265|1255\n|player|p2|Kayleb1718|lucas-gen4pt|1412\n|teamsize|p1|6\n|teamsize|p2|6\n|gen|9\n|tier|[Gen 9] Anything Goes\n|rated|\n|rule|HP Percentage Mod: HP is shown in percentages\n|rule|Endless Battle Clause: Forcing endless battles is banned\n|clearpoke\n|poke|p1|Giratina|\n|poke|p1|Zacian-*|\n|poke|p1|Shaymin-Sky|\n|poke|p1|Grimmsnarl, M|\n|poke|p1|Jumpluff, F|\n|poke|p1|Espathra, M|\n|poke|p2|Zacian-*|\n|poke|p2|Calyrex-Shadow|\n|poke|p2|Urshifu-*, M|\n|poke|p2|Kingambit, F|\n|poke|p2|Miraidon|\n|poke|p2|Arceus-Fire|\n|teampreview\n|inactive|Battle timer is ON: inactive players will automatically lose when time's up. (requested by Dumbfudge)\n|\n|t:|1699080949\n|start\n|switch|p1a: Shaymin|Shaymin-Sky|100\/100\n|switch|p2a: Arceus|Arceus-Fire|100\/100\n|turn|1\n|\n|t:|1699080956\n|move|p1a: Shaymin|Air Slash|p2a: Arceus\n|-damage|p2a: Arceus|73\/100\n|cant|p2a: Arceus|flinch\n|\n|upkeep\n|turn|2\n|\n|t:|1699080962\n|move|p1a: Shaymin|Air Slash|p2a: Arceus\n|-damage|p2a: Arceus|45\/100\n|move|p2a: Arceus|Dragon Dance|p2a: Arceus\n|-boost|p2a: Arceus|atk|1\n|-boost|p2a: Arceus|spe|1\n|\n|upkeep\n|turn|3\n|\n|t:|1699080969\n|move|p1a: Shaymin|Air Slash|p2a: Arceus\n|-damage|p2a: Arceus|18\/100\n|move|p2a: Arceus|Flamethrower|p1a: Shaymin\n|-supereffective|p1a: Shaymin\n|-damage|p1a: Shaymin|0 fnt\n|faint|p1a: Shaymin\n|\n|upkeep\n|\n|t:|1699080979\n|switch|p1a: Giratina|Giratina|100\/100\n|-ability|p1a: Giratina|Pressure\n|turn|4\n|\n|t:|1699080987\n|move|p1a: Giratina|Shadow Sneak|p2a: Arceus\n|-damage|p2a: Arceus|4\/100\n|move|p2a: Arceus|Stealth Rock|p1a: Giratina\n|-sidestart|p1: Dumbfudge|move: Stealth Rock\n|\n|upkeep\n|turn|5\n|\n|t:|1699080994\n|move|p1a: Giratina|Shadow Sneak|p2a: Arceus\n|-damage|p2a: Arceus|0 fnt\n|faint|p2a: Arceus\n|\n|upkeep\n|\n|t:|1699081006\n|switch|p2a: Calyrex|Calyrex-Shadow|100\/100\n|-ability|p2a: Calyrex|As One\n|-ability|p2a: Calyrex|Unnerve\n|turn|6\n|\n|t:|1699081015\n|-terastallize|p2a: Calyrex|Normal\n|move|p1a: Giratina|Shadow Sneak|p2a: Calyrex\n|-immune|p2a: Calyrex\n|move|p2a: Calyrex|Astral Barrage|p1a: Giratina\n|-supereffective|p1a: Giratina\n|-damage|p1a: Giratina|23\/100\n|\n|upkeep\n|turn|7\n|\n|t:|1699081036\n|switch|p1a: Grimmsnarl|Grimmsnarl, M|100\/100\n|-damage|p1a: Grimmsnarl|88\/100|[from] Stealth Rock\n|move|p2a: Calyrex|Psyshock|p1a: Grimmsnarl\n|-immune|p1a: Grimmsnarl\n|\n|upkeep\n|turn|8\n|\n|t:|1699081049\n|move|p1a: Grimmsnarl|Light Screen|p1a: Grimmsnarl\n|-sidestart|p1: Dumbfudge|move: Light Screen\n|move|p2a: Calyrex|Astral Barrage|p1a: Grimmsnarl\n|-resisted|p1a: Grimmsnarl\n|-damage|p1a: Grimmsnarl|69\/100\n|\n|upkeep\n|turn|9\n|\n|t:|1699081056\n|switch|p2a: Urshifu|Urshifu-Rapid-Strike, M|100\/100\n|move|p1a: Grimmsnarl|Parting Shot|p2a: Urshifu\n|-unboost|p2a: Urshifu|atk|1\n|-unboost|p2a: Urshifu|spa|1\n|\n|t:|1699081064\n|switch|p1a: Espathra|Espathra, M|100\/100|[from] Parting Shot\n|-damage|p1a: Espathra|88\/100|[from] Stealth Rock\n|\n|upkeep\n|turn|10\n|\n|t:|1699081072\n|move|p1a: Espathra|Protect|p1a: Espathra\n|-singleturn|p1a: Espathra|Protect\n|move|p2a: Urshifu|Surging Strikes|p1a: Espathra\n|-crit|p1a: Espathra\n|-damage|p1a: Espathra|62\/100\n|-crit|p1a: Espathra\n|-damage|p1a: Espathra|36\/100\n|-crit|p1a: Espathra\n|-damage|p1a: Espathra|10\/100\n|-hitcount|p1a: Espathra|3\n|\n|-ability|p1a: Espathra|Speed Boost|boost\n|-boost|p1a: Espathra|spe|1\n|upkeep\n|turn|11\n|\n|t:|1699081087\n|move|p1a: Espathra|Hypnosis|p2a: Urshifu\n|-status|p2a: Urshifu|slp|[from] move: Hypnosis\n|cant|p2a: Urshifu|slp\n|\n|-ability|p1a: Espathra|Speed Boost|boost\n|-boost|p1a: Espathra|spe|1\n|upkeep\n|turn|12\n|\n|t:|1699081096\n|switch|p2a: Calyrex|Calyrex-Shadow, tera:Normal|100\/100\n|-ability|p2a: Calyrex|As One\n|-ability|p2a: Calyrex|Unnerve\n|move|p1a: Espathra|Baton Pass|p1a: Espathra\n|\n|t:|1699081103\n|switch|p1a: Jumpluff|Jumpluff, F|100\/100|[from] Baton Pass\n|-damage|p1a: Jumpluff|76\/100|[from] Stealth Rock\n|\n|upkeep\n|turn|13\n|\n|t:|1699081113\n|move|p1a: Jumpluff|Sleep Powder|p2a: Calyrex|[miss]\n|-miss|p1a: Jumpluff|p2a: Calyrex\n|move|p2a: Calyrex|Astral Barrage|p1a: Jumpluff\n|-crit|p1a: Jumpluff\n|-damage|p1a: Jumpluff|0 fnt\n|faint|p1a: Jumpluff\n|-ability|p2a: Calyrex|Grim Neigh|boost\n|-boost|p2a: Calyrex|spa|1\n|\n|upkeep\n|\n|t:|1699081130\n|switch|p1a: Whooping cough|Zacian-Crowned|100\/100\n|-damage|p1a: Whooping cough|94\/100|[from] Stealth Rock\n|-ability|p1a: Whooping cough|Intrepid Sword|boost\n|-boost|p1a: Whooping cough|atk|1\n|turn|14\n|\n|t:|1699081137\n|-terastallize|p1a: Whooping cough|Steel\n|move|p2a: Calyrex|Astral Barrage|p1a: Whooping cough\n|-damage|p1a: Whooping cough|42\/100\n|move|p1a: Whooping cough|Behemoth Blade|p2a: Calyrex\n|-damage|p2a: Calyrex|0 fnt\n|faint|p2a: Calyrex\n|\n|upkeep\n|\n|t:|1699081151\n|switch|p2a: Zacian|Zacian-Crowned, shiny|100\/100\n|-ability|p2a: Zacian|Intrepid Sword|boost\n|-boost|p2a: Zacian|atk|1\n|turn|15\n|\n|t:|1699081157\n|move|p2a: Zacian|Sacred Sword|p1a: Whooping cough\n|-supereffective|p1a: Whooping cough\n|-damage|p1a: Whooping cough|0 fnt\n|faint|p1a: Whooping cough\n|\n|-sideend|p1: Dumbfudge|move: Light Screen\n|upkeep\n|\n|t:|1699081165\n|switch|p1a: Grimmsnarl|Grimmsnarl, M|69\/100\n|-damage|p1a: Grimmsnarl|56\/100|[from] Stealth Rock\n|turn|16\n|\n|t:|1699081172\n|move|p1a: Grimmsnarl|Reflect|p1a: Grimmsnarl\n|-sidestart|p1: Dumbfudge|Reflect\n|move|p2a: Zacian|Sacred Sword|p1a: Grimmsnarl\n|-damage|p1a: Grimmsnarl|25\/100\n|\n|upkeep\n|turn|17\n|\n|t:|1699081179\n|move|p1a: Grimmsnarl|Parting Shot|p2a: Zacian\n|-unboost|p2a: Zacian|atk|1\n|-unboost|p2a: Zacian|spa|1\n|\n|t:|1699081182\n|switch|p1a: Espathra|Espathra, M|10\/100|[from] Parting Shot\n|-damage|p1a: Espathra|0 fnt|[from] Stealth Rock\n|faint|p1a: Espathra\n|move|p2a: Zacian|Behemoth Blade|p1: Espathra|[notarget]\n|-fail|p2a: Zacian\n|\n|upkeep\n|-message|Dumbfudge forfeited.\n|\n|win|Kayleb1718\n|raw|Dumbfudge's rating: 1255 &rarr; <strong>1241<\/strong><br \/>(-14 for losing)\n|raw|Kayleb1718's rating: 1412 &rarr; <strong>1424<\/strong><br \/>(+12 for winning)\n|l|\u2606Dumbfudge\n","uploadtime":1699081201,"views":6,"p1id":"dumbfudge","p2id":"kayleb1718","formatid":"gen9anythinggoes","rating":1241,"private":0,"password":""}