{"id":"gen9anythinggoes-1972474646","p1":"Exceperojo","p2":"ponmpy","format":"[Gen 9] Anything Goes","log":"|j|\u2606Exceperojo\n|j|\u2606ponmpy\n|t:|1697846966\n|gametype|singles\n|player|p1|Exceperojo|acetrainersnowf|1000\n|player|p2|ponmpy|102|1000\n|teamsize|p1|3\n|teamsize|p2|6\n|gen|9\n|tier|[Gen 9] Anything Goes\n|rated|\n|rule|HP Percentage Mod: HP is shown in percentages\n|rule|Endless Battle Clause: Forcing endless battles is banned\n|clearpoke\n|poke|p1|Komala, M|\n|poke|p1|Poliwrath, F|\n|poke|p1|Espathra, M|\n|poke|p2|Greninja-*, M|\n|poke|p2|Urshifu-*, F|\n|poke|p2|Empoleon, M|\n|poke|p2|Starly, F|\n|poke|p2|Gliscor, M|\n|poke|p2|Dialga-Origin|\n|teampreview\n|\n|t:|1697846981\n|start\n|switch|p1a: Espathra|Espathra, M|100\/100\n|switch|p2a: IF i die u comin|Starly, F|100\/100\n|turn|1\n|\n|t:|1697846990\n|move|p1a: Espathra|Substitute|p1a: Espathra\n|-start|p1a: Espathra|Substitute\n|-damage|p1a: Espathra|76\/100\n|move|p2a: IF i die u comin|Endeavor|p1a: Espathra\n|-activate|p1a: Espathra|move: Substitute|[damage]\n|\n|-ability|p1a: Espathra|Speed Boost|boost\n|-boost|p1a: Espathra|spe|1\n|upkeep\n|turn|2\n|\n|t:|1697846999\n|move|p1a: Espathra|Protect|p1a: Espathra\n|-singleturn|p1a: Espathra|Protect\n|move|p2a: IF i die u comin|Endeavor|p1a: Espathra\n|-activate|p1a: Espathra|move: Protect\n|\n|-ability|p1a: Espathra|Speed Boost|boost\n|-boost|p1a: Espathra|spe|1\n|upkeep\n|turn|3\n|\n|t:|1697847007\n|move|p2a: IF i die u comin|Quick Attack|p1a: Espathra\n|-end|p1a: Espathra|Substitute\n|move|p1a: Espathra|Roost|p1a: Espathra\n|-heal|p1a: Espathra|100\/100\n|-singleturn|p1a: Espathra|move: Roost\n|\n|-ability|p1a: Espathra|Speed Boost|boost\n|-boost|p1a: Espathra|spe|1\n|upkeep\n|turn|4\n|\n|t:|1697847014\n|move|p2a: IF i die u comin|Quick Attack|p1a: Espathra\n|-damage|p1a: Espathra|90\/100\n|move|p1a: Espathra|Substitute|p1a: Espathra\n|-start|p1a: Espathra|Substitute\n|-damage|p1a: Espathra|65\/100\n|\n|-ability|p1a: Espathra|Speed Boost|boost\n|-boost|p1a: Espathra|spe|1\n|upkeep\n|turn|5\n|\n|t:|1697847022\n|move|p1a: Espathra|Protect|p1a: Espathra\n|-singleturn|p1a: Espathra|Protect\n|move|p2a: IF i die u comin|Quick Attack|p1a: Espathra\n|-activate|p1a: Espathra|move: Protect\n|\n|-ability|p1a: Espathra|Speed Boost|boost\n|-boost|p1a: Espathra|spe|1\n|upkeep\n|turn|6\n|\n|t:|1697847032\n|move|p2a: IF i die u comin|Quick Attack|p1a: Espathra\n|-activate|p1a: Espathra|move: Substitute|[damage]\n|move|p1a: Espathra|Roost|p1a: Espathra\n|-heal|p1a: Espathra|100\/100\n|-singleturn|p1a: Espathra|move: Roost\n|\n|-ability|p1a: Espathra|Speed Boost|boost\n|-boost|p1a: Espathra|spe|1\n|upkeep\n|turn|7\n|\n|t:|1697847041\n|move|p2a: IF i die u comin|Quick Attack|p1a: Espathra\n|-activate|p1a: Espathra|move: Substitute|[damage]\n|move|p1a: Espathra|Baton Pass|p1a: Espathra\n|\n|t:|1697847045\n|switch|p1a: Poliwrath|Poliwrath, F|100\/100|[from] Baton Pass\n|\n|upkeep\n|turn|8\n|\n|t:|1697847050\n|move|p1a: Poliwrath|Belly Drum|p1a: Poliwrath\n|-damage|p1a: Poliwrath|50\/100\n|-setboost|p1a: Poliwrath|atk|6|[from] move: Belly Drum\n|move|p2a: IF i die u comin|Agility|p2a: IF i die u comin\n|-boost|p2a: IF i die u comin|spe|2\n|\n|-heal|p1a: Poliwrath|57\/100|[from] item: Leftovers\n|upkeep\n|turn|9\n|\n|t:|1697847061\n|move|p1a: Poliwrath|Baton Pass|p1a: Poliwrath\n|\n|t:|1697847063\n|switch|p1a: Komala|Komala, M|100\/100|[from] Baton Pass\n|-ability|p1a: Komala|Comatose\n|move|p2a: IF i die u comin|Agility|p2a: IF i die u comin\n|-boost|p2a: IF i die u comin|spe|2\n|\n|upkeep\n|turn|10\n|\n|t:|1697847073\n|move|p1a: Komala|Rock Slide|p2a: IF i die u comin|[miss]\n|-miss|p1a: Komala|p2a: IF i die u comin\n|move|p2a: IF i die u comin|Agility|p2a: IF i die u comin\n|-boost|p2a: IF i die u comin|spe|2\n|\n|upkeep\n|turn|11\n|\n|t:|1697847083\n|move|p1a: Komala|Rock Slide|p2a: IF i die u comin\n|-supereffective|p2a: IF i die u comin\n|-enditem|p2a: IF i die u comin|Focus Sash\n|-damage|p2a: IF i die u comin|1\/100\n|-damage|p1a: Komala|91\/100|[from] item: Life Orb\n|move|p2a: IF i die u comin|Endeavor|p1a: Komala\n|-end|p1a: Komala|Substitute\n|\n|upkeep\n|turn|12\n|\n|t:|1697847093\n|move|p1a: Komala|Iron Head|p2a: IF i die u comin\n|-damage|p2a: IF i die u comin|0 fnt\n|faint|p2a: IF i die u comin\n|-damage|p1a: Komala|81\/100|[from] item: Life Orb\n|\n|upkeep\n|\n|t:|1697847101\n|switch|p2a: hyper wings|Gliscor, M|100\/100\n|turn|13\n|\n|t:|1697847110\n|-terastallize|p1a: Komala|Ghost\n|move|p1a: Komala|Shadow Claw|p2a: hyper wings\n|-damage|p2a: hyper wings|0 fnt\n|faint|p2a: hyper wings\n|-damage|p1a: Komala|71\/100|[from] item: Life Orb\n|\n|upkeep\n|\n|t:|1697847119\n|switch|p2a: THE WORLD!|Dialga-Origin|100\/100\n|-ability|p2a: THE WORLD!|Pressure\n|turn|14\n|\n|t:|1697847124\n|move|p1a: Komala|Earthquake|p2a: THE WORLD!\n|-supereffective|p2a: THE WORLD!\n|-damage|p2a: THE WORLD!|0 fnt\n|faint|p2a: THE WORLD!\n|-damage|p1a: Komala|61\/100|[from] item: Life Orb\n|\n|upkeep\n|\n|t:|1697847130\n|switch|p2a: kung-rain|Urshifu-Rapid-Strike, F|100\/100\n|turn|15\n|\n|t:|1697847138\n|switch|p2a: Ice king|Empoleon, M, shiny|100\/100\n|move|p1a: Komala|Earthquake|p2a: Ice king\n|-supereffective|p2a: Ice king\n|-damage|p2a: Ice king|0 fnt\n|faint|p2a: Ice king\n|-damage|p1a: Komala|51\/100|[from] item: Life Orb\n|\n|upkeep\n|\n|t:|1697847148\n|switch|p2a: kung-rain|Urshifu-Rapid-Strike, F|100\/100\n|turn|16\n|\n|t:|1697847153\n|-singleturn|p2a: kung-rain|move: Focus Punch\n|move|p1a: Komala|Shadow Claw|p2a: kung-rain\n|-damage|p2a: kung-rain|0 fnt\n|faint|p2a: kung-rain\n|-damage|p1a: Komala|41\/100|[from] item: Life Orb\n|\n|upkeep\n|\n|t:|1697847163\n|switch|p2a: Water ninja|Greninja, M|100\/100\n|turn|17\n|\n|t:|1697847191\n|move|p1a: Komala|Earthquake|p2a: Water ninja\n|-damage|p2a: Water ninja|0 fnt\n|faint|p2a: Water ninja\n|-damage|p1a: Komala|31\/100|[from] item: Life Orb\n|\n|win|Exceperojo\n|raw|Exceperojo's rating: 1000 &rarr; <strong>1040<\/strong><br \/>(+40 for winning)\n|raw|ponmpy's rating: 1000 &rarr; <strong>1000<\/strong><br \/>(+0 for losing)\n|l|\u2606ponmpy\n","uploadtime":1697847206,"views":7,"p1id":"exceperojo","p2id":"ponmpy","formatid":"gen9anythinggoes","rating":1000,"private":0,"password":""}