{"id":"gen9anythinggoes-1986000516","p1":"9uhf","p2":"EROZA","format":"[Gen 9] Anything Goes","log":"|j|\u26069uhf\n|j|\u2606EROZA\n|t:|1699436644\n|gametype|singles\n|player|p1|9uhf|brawly|1068\n|player|p2|EROZA|bruno|1035\n|teamsize|p1|6\n|teamsize|p2|6\n|gen|9\n|tier|[Gen 9] Anything Goes\n|rated|\n|rule|HP Percentage Mod: HP is shown in percentages\n|rule|Endless Battle Clause: Forcing endless battles is banned\n|clearpoke\n|poke|p1|Furret, M|\n|poke|p1|Maushold-Four|\n|poke|p1|Regieleki|\n|poke|p1|Blissey, F|\n|poke|p1|Palafin, F|\n|poke|p1|Toxapex, M|\n|poke|p2|Maushold-Four|\n|poke|p2|Indeedee-F, F|\n|poke|p2|Hydreigon, F|\n|poke|p2|Meowscarada, F|\n|poke|p2|Gholdengo|\n|poke|p2|Armarouge, F|\n|teampreview\n|inactive|Battle timer is ON: inactive players will automatically lose when time's up. (requested by 9uhf)\n|c|\u26069uhf|You people\n|c|\u2606EROZA|Glhf\n|\n|t:|1699436664\n|start\n|switch|p1a: Mr. Troll|Furret, M, shiny|100\/100\n|switch|p2a: baddie|Meowscarada, F|100\/100\n|turn|1\n|c|\u26069uhf|time is going\n|c|\u26069uhf|L\n|c|\u26069uhf|loser\n|c|\u2606EROZA|This a doubles team idk why i brought it here\n|c|\u26069uhf|fucking piece of shit\n|inactive|EROZA has 120 seconds left.\n|\n|t:|1699436719\n|switch|p2a: she was 12|Gholdengo|100\/100\n|-item|p2a: she was 12|Air Balloon\n|move|p1a: Mr. Troll|Tidy Up|p1a: Mr. Troll\n|-boost|p1a: Mr. Troll|atk|1\n|-boost|p1a: Mr. Troll|spe|1\n|\n|upkeep\n|turn|2\n|inactive|EROZA has 90 seconds left.\n|c|\u2606EROZA|You dont get the joke?\n|c|\u2606EROZA|Its a doubles team\n|inactive|EROZA has 60 seconds left.\n|\n|t:|1699436773\n|-singleturn|p1a: Mr. Troll|move: Focus Punch\n|move|p2a: she was 12|Protect|p2a: she was 12\n|-singleturn|p2a: she was 12|Protect\n|move|p1a: Mr. Troll|Focus Punch|p2a: she was 12\n|-activate|p2a: she was 12|move: Protect\n|\n|upkeep\n|turn|3\n|inactive|EROZA has 60 seconds left.\n|c|\u2606EROZA|Meowscarada is baddie and goldengo is she was twelve together its baddie, she was twelve\n|inactive|9uhf has 120 seconds left.\n|\n|t:|1699436800\n|move|p1a: Mr. Troll|Tidy Up|p1a: Mr. Troll\n|-boost|p1a: Mr. Troll|atk|1\n|-boost|p1a: Mr. Troll|spe|1\n|move|p2a: she was 12|Make It Rain|p1a: Mr. Troll\n|-damage|p1a: Mr. Troll|3\/100\n|-unboost|p2a: she was 12|spa|1\n|\n|upkeep\n|turn|4\n|inactive|9uhf has 120 seconds left.\n|\n|t:|1699436823\n|move|p2a: she was 12|Protect|p2a: she was 12\n|-singleturn|p2a: she was 12|Protect\n|move|p1a: Mr. Troll|Baton Pass|p1a: Mr. Troll\n|c|\u2606EROZA|Orrr\n|c|\u2606EROZA|Actually\n|inactive|9uhf has 90 seconds left.\n|c|\u2606EROZA|Why dont you take the pleasure of shutting the fuck up?\n|inactive|9uhf has 60 seconds left.\n|inactive|9uhf has 30 seconds left.\n|\n|t:|1699436919\n|switch|p1a: Toxapex|Toxapex, M, shiny|100\/100|[from] Baton Pass\n|\n|upkeep\n|turn|5\n|inactive|9uhf has 30 seconds left.\n|\n|t:|1699436925\n|move|p2a: she was 12|Nasty Plot|p2a: she was 12\n|-boost|p2a: she was 12|spa|2\n|move|p1a: Toxapex|Substitute|p1a: Toxapex\n|-start|p1a: Toxapex|Substitute\n|-damage|p1a: Toxapex|76\/100\n|\n|-heal|p1a: Toxapex|82\/100|[from] item: Leftovers\n|upkeep\n|turn|6\n|\n|t:|1699436937\n|switch|p2a: kfc family meal|Maushold-Four, shiny|100\/100\n|move|p1a: Toxapex|Toxic Spikes|p2a: kfc family meal\n|-sidestart|p2: EROZA|move: Toxic Spikes\n|\n|-heal|p1a: Toxapex|88\/100|[from] item: Leftovers\n|upkeep\n|turn|7\n|\n|t:|1699436946\n|move|p2a: kfc family meal|Population Bomb|p1a: Toxapex\n|-activate|p1a: Toxapex|move: Substitute|[damage]\n|-activate|p1a: Toxapex|move: Substitute|[damage]\n|-activate|p1a: Toxapex|move: Substitute|[damage]\n|-end|p1a: Toxapex|Substitute\n|-damage|p1a: Toxapex|81\/100\n|-damage|p1a: Toxapex|75\/100\n|-hitcount|p1a: Toxapex|6\n|move|p1a: Toxapex|Gunk Shot|p2a: kfc family meal\n|-damage|p2a: kfc family meal|28\/100\n|-status|p2a: kfc family meal|psn\n|\n|-heal|p1a: Toxapex|81\/100|[from] item: Leftovers\n|-damage|p2a: kfc family meal|16\/100 psn|[from] psn\n|upkeep\n|turn|8\n|inactive|EROZA has 60 seconds left.\n|\n|t:|1699436963\n|move|p1a: Toxapex|Protect|p1a: Toxapex\n|-singleturn|p1a: Toxapex|Protect\n|move|p2a: kfc family meal|Population Bomb|p1a: Toxapex\n|-activate|p1a: Toxapex|move: Protect\n|\n|-heal|p1a: Toxapex|87\/100|[from] item: Leftovers\n|-damage|p2a: kfc family meal|3\/100 psn|[from] psn\n|upkeep\n|turn|9\n|inactive|EROZA has 60 seconds left.\n|\n|t:|1699436973\n|switch|p2a: dead brothers|Hydreigon, F|100\/100\n|move|p1a: Toxapex|Substitute|p1a: Toxapex\n|-start|p1a: Toxapex|Substitute\n|-damage|p1a: Toxapex|62\/100\n|\n|-heal|p1a: Toxapex|69\/100|[from] item: Leftovers\n|upkeep\n|turn|10\n|inactive|EROZA has 60 seconds left.\n|\n|t:|1699436989\n|switch|p1a: Just fat|Blissey, F, shiny|100\/100\n|move|p2a: dead brothers|Tailwind|p2a: dead brothers\n|-sidestart|p2: EROZA|move: Tailwind\n|\n|upkeep\n|turn|11\n|inactive|EROZA has 60 seconds left.\n|c|\u26069uhf|Loser\n|c|\u26069uhf|loser\n|\n|t:|1699437007\n|move|p2a: dead brothers|Draco Meteor|p1a: Just fat\n|-damage|p1a: Just fat|76\/100\n|-unboost|p2a: dead brothers|spa|2\n|move|p1a: Just fat|Stealth Rock|p2a: dead brothers\n|-sidestart|p2: EROZA|move: Stealth Rock\n|\n|upkeep\n|turn|12\n|c|\u2606EROZA|Thanks\n|inactive|EROZA has 60 seconds left.\n|c|\u2606EROZA|I dont give a shit\n|\n|t:|1699437020\n|move|p2a: dead brothers|Dark Pulse|p1a: Just fat\n|-damage|p1a: Just fat|68\/100\n|move|p1a: Just fat|Body Slam|p2a: dead brothers\n|-damage|p2a: dead brothers|91\/100\n|-status|p2a: dead brothers|par\n|-damage|p1a: Just fat|58\/100|[from] item: Life Orb\n|\n|upkeep\n|turn|13\n|inactive|EROZA has 60 seconds left.\n|c|\u26069uhf|To what you say\n|c|\u26069uhf|L\n|c|\u26069uhf|loser\n|c|\u2606EROZA|!weakness Blissey\n|c| EROZA|\/raw <div class=\"infobox\">Blissey (ignoring abilities):<br \/><span class=\"message-effect-weak\">Weaknesses<\/span>: Fighting<br \/><span class=\"message-effect-resist\">Resistances<\/span>: <font color=#999999>None<\/font><br \/><span class=\"message-effect-immune\">Immunities<\/span>: Ghost<\/div>\n|inactive|EROZA has 30 seconds left.\n|\n|t:|1699437061\n|-terastallize|p2a: dead brothers|Dark\n|move|p2a: dead brothers|Dark Pulse|p1a: Just fat\n|-damage|p1a: Just fat|48\/100\n|move|p1a: Just fat|Rest|p1a: Just fat\n|-status|p1a: Just fat|slp|[from] move: Rest\n|-heal|p1a: Just fat|100\/100 slp|[silent]\n|\n|-sideend|p2: EROZA|move: Tailwind\n|upkeep\n|turn|14\n|inactive|EROZA has 30 seconds left.\n|\n|t:|1699437074\n|move|p2a: dead brothers|Tailwind|p2a: dead brothers\n|-sidestart|p2: EROZA|move: Tailwind\n|cant|p1a: Just fat|slp\n|\n|upkeep\n|turn|15\n|inactive|EROZA has 30 seconds left.\n|\n|t:|1699437084\n|switch|p2a: fodder|Indeedee-F, F|100\/100\n|-status|p2a: fodder|psn\n|-damage|p2a: fodder|88\/100 psn|[from] Stealth Rock\n|-fieldstart|move: Psychic Terrain|[from] ability: Psychic Surge|[of] p2a: fodder\n|-enditem|p2a: fodder|Psychic Seed\n|-boost|p2a: fodder|spd|1|[from] item: Psychic Seed\n|cant|p1a: Just fat|slp\n|\n|-damage|p2a: fodder|76\/100 psn|[from] psn\n|upkeep\n|turn|16\n|inactive|9uhf has 60 seconds left.\n|inactive|EROZA has 30 seconds left.\n|c|\u26069uhf|L\n|inactive|EROZA has 20 seconds left.\n|\n|t:|1699437104\n|-curestatus|p1a: Just fat|slp|[from] ability: Natural Cure\n|switch|p1a: Happy Family|Maushold-Four|100\/100\n|move|p2a: fodder|Psyshock|p1a: Happy Family\n|-damage|p1a: Happy Family|59\/100\n|\n|-damage|p2a: fodder|64\/100 psn|[from] psn\n|upkeep\n|turn|17\n|inactive|EROZA has 30 seconds left this turn.\n|c|\u26069uhf|loser\n|inactive|9uhf has 60 seconds left.\n|inactive|EROZA has 20 seconds left.\n|\n|t:|1699437115\n|switch|p2a: kfc family meal|Maushold-Four, shiny|3\/100 psn\n|-damage|p2a: kfc family meal|0 fnt|[from] Stealth Rock\n|faint|p2a: kfc family meal\n|move|p1a: Happy Family|Population Bomb|p2: kfc family meal|[notarget]\n|-fail|p1a: Happy Family\n|\n|-sideend|p2: EROZA|move: Tailwind\n|upkeep\n|inactive|EROZA has 25 seconds left this turn.\n|inactive|EROZA has 20 seconds left.\n|\n|t:|1699437125\n|switch|p2a: dead brothers|Hydreigon, F, tera:Dark|91\/100 par\n|-damage|p2a: dead brothers|78\/100 par|[from] Stealth Rock\n|turn|18\n|inactive|EROZA has 30 seconds left this turn.\n|inactive|EROZA has 20 seconds left.\n|\n|t:|1699437138\n|switch|p1a: Just fat|Blissey, F, shiny|100\/100\n|move|p2a: dead brothers|Protect||[still]\n|-fail|p2a: dead brothers\n|\n|upkeep\n|turn|19\n|inactive|EROZA has 30 seconds left this turn.\n|c|\u26069uhf|L\n|c|\u26069uhf|loser\n|l|\u2606EROZA\n|inactive|EROZA disconnected and has a minute to reconnect!\n|player|p2|\n|inactive|EROZA has 20 seconds left.\n|inactive|EROZA has 15 seconds left.\n|inactive|EROZA has 10 seconds left.\n|inactive|EROZA has 5 seconds left.\n|-message|EROZA lost due to inactivity.\n|\n|win|9uhf\n|raw|9uhf's rating: 1068 &rarr; <strong>1095<\/strong><br \/>(+27 for winning)\n|raw|EROZA's rating: 1035 &rarr; <strong>1021<\/strong><br \/>(-14 for losing)\n","uploadtime":1699436691,"views":3,"p1id":"9uhf","p2id":"eroza","formatid":"gen9anythinggoes","rating":1021,"private":0,"password":""}