{"id":"gen9anythinggoes-1977785338","p1":"laprasplayer","p2":"Future king of ou","format":"[Gen 9] Anything Goes","log":"|j|\u2606laprasplayer\n|j|\u2606Future king of ou\n|inactive|Battle timer is ON: inactive players will automatically lose when time's up.\n|t:|1698449324\n|gametype|singles\n|player|p1|laprasplayer|169|\n|player|p2|Future king of ou|heroine-conquest|\n|teamsize|p1|6\n|teamsize|p2|6\n|gen|9\n|tier|[Gen 9] Anything Goes\n|rated|Tournament battle\n|rule|HP Percentage Mod: HP is shown in percentages\n|rule|Endless Battle Clause: Forcing endless battles is banned\n|clearpoke\n|poke|p1|Miraidon|\n|poke|p1|Koraidon|\n|poke|p1|Arceus-Fairy|\n|poke|p1|Landorus-Therian, M|\n|poke|p1|Arceus-Water|\n|poke|p1|Mandibuzz, F|\n|poke|p2|Landorus-Therian, M|\n|poke|p2|Toxapex, M|\n|poke|p2|Arceus|\n|poke|p2|Flutter Mane|\n|poke|p2|Koraidon|\n|poke|p2|Ting-Lu|\n|teampreview\n|j| Dregone\n|c|\u2606laprasplayer|who let bro cook flutter mane\n|inactive|Future king of ou has 120 seconds left.\n|inactive|Future king of ou has 90 seconds left.\n|\n|t:|1698449386\n|start\n|switch|p1a: Fought for All|Arceus-Fairy|100\/100\n|switch|p2a: Flutter Mane|Flutter Mane|100\/100\n|turn|1\n|\n|t:|1698449394\n|-end|p2a: Flutter Mane|Protosynthesis|[silent]\n|switch|p2a: Toxapex|Toxapex, M|100\/100\n|move|p1a: Fought for All|Judgment|p2a: Toxapex\n|-resisted|p2a: Toxapex\n|-damage|p2a: Toxapex|80\/100\n|\n|upkeep\n|turn|2\n|\n|t:|1698449413\n|move|p1a: Fought for All|Taunt|p2a: Toxapex\n|-start|p2a: Toxapex|move: Taunt\n|cant|p2a: Toxapex|move: Taunt|Toxic\n|\n|upkeep\n|turn|3\n|\n|t:|1698449437\n|switch|p2a: Arceus|Arceus|100\/100\n|move|p1a: Fought for All|Calm Mind|p1a: Fought for All\n|-boost|p1a: Fought for All|spa|1\n|-boost|p1a: Fought for All|spd|1\n|\n|upkeep\n|turn|4\n|l|\u2606Future king of ou\n|inactive|Future king of ou disconnected and has a minute to reconnect!\n|player|p2|\n|c|\u2606laprasplayer|moment\n|j|\u2606Future king of ou\n|inactive|Future king of ou reconnected and has 130 seconds left.\n|player|p2|Future king of ou|heroine-conquest\n|inactive|Future king of ou has 120 seconds left.\n|\n|t:|1698449468\n|move|p1a: Fought for All|Judgment|p2a: Arceus\n|-damage|p2a: Arceus|50\/100\n|move|p2a: Arceus|Swords Dance|p2a: Arceus\n|-boost|p2a: Arceus|atk|2\n|\n|upkeep\n|turn|5\n|\n|t:|1698449472\n|move|p2a: Arceus|Extreme Speed|p1a: Fought for All\n|-damage|p1a: Fought for All|47\/100\n|move|p1a: Fought for All|Judgment|p2a: Arceus\n|-damage|p2a: Arceus|3\/100\n|\n|upkeep\n|turn|6\n|\n|t:|1698449478\n|switch|p1a: Last Standing|Landorus-Therian, M|100\/100\n|-ability|p1a: Last Standing|Intimidate|boost\n|-unboost|p2a: Arceus|atk|1\n|move|p2a: Arceus|Extreme Speed|p1a: Last Standing\n|-damage|p1a: Last Standing|53\/100\n|-damage|p2a: Arceus|0 fnt|[from] item: Rocky Helmet|[of] p1a: Last Standing\n|faint|p2a: Arceus\n|\n|upkeep\n|\n|t:|1698449481\n|switch|p2a: Flutter Mane|Flutter Mane|100\/100\n|turn|7\n|\n|t:|1698449484\n|switch|p1a: Crashing Waves|Arceus-Water|100\/100\n|-terastallize|p2a: Flutter Mane|Fairy\n|move|p2a: Flutter Mane|Moonblast|p1a: Crashing Waves\n|-damage|p1a: Crashing Waves|38\/100\n|\n|upkeep\n|turn|8\n|\n|t:|1698449494\n|move|p2a: Flutter Mane|Moonblast|p1a: Crashing Waves\n|-damage|p1a: Crashing Waves|0 fnt\n|faint|p1a: Crashing Waves\n|\n|upkeep\n|\n|t:|1698449496\n|switch|p1a: Fought for All|Arceus-Fairy|47\/100\n|turn|9\n|\n|t:|1698449503\n|-terastallize|p1a: Fought for All|Poison\n|move|p2a: Flutter Mane|Moonblast|p1a: Fought for All\n|-resisted|p1a: Fought for All\n|-damage|p1a: Fought for All|13\/100\n|move|p1a: Fought for All|Recover|p1a: Fought for All\n|-heal|p1a: Fought for All|63\/100\n|\n|upkeep\n|turn|10\n|\n|t:|1698449506\n|-end|p2a: Flutter Mane|Protosynthesis|[silent]\n|switch|p2a: Landorus|Landorus-Therian, M|100\/100\n|-ability|p2a: Landorus|Intimidate|boost\n|-unboost|p1a: Fought for All|atk|1\n|move|p1a: Fought for All|Calm Mind|p1a: Fought for All\n|-boost|p1a: Fought for All|spa|1\n|-boost|p1a: Fought for All|spd|1\n|\n|upkeep\n|turn|11\n|\n|t:|1698449509\n|switch|p1a: Last Standing|Landorus-Therian, M|53\/100\n|-ability|p1a: Last Standing|Intimidate|boost\n|-unboost|p2a: Landorus|atk|1\n|move|p2a: Landorus|Earthquake|p1a: Last Standing\n|-immune|p1a: Last Standing\n|\n|upkeep\n|turn|12\n|\n|t:|1698449511\n|move|p1a: Last Standing|Stealth Rock|p2a: Landorus\n|-sidestart|p2: Future king of ou|move: Stealth Rock\n|move|p2a: Landorus|Stealth Rock|p1a: Last Standing\n|-sidestart|p1: laprasplayer|move: Stealth Rock\n|\n|upkeep\n|turn|13\n|\n|t:|1698449514\n|move|p2a: Landorus|U-turn|p1a: Last Standing\n|-resisted|p1a: Last Standing\n|-damage|p1a: Last Standing|48\/100\n|-damage|p2a: Landorus|84\/100|[from] item: Rocky Helmet|[of] p1a: Last Standing\n|\n|t:|1698449516\n|switch|p2a: Toxapex|Toxapex, M|100\/100|[from] U-turn\n|move|p1a: Last Standing|U-turn|p2a: Toxapex\n|-resisted|p2a: Toxapex\n|-damage|p2a: Toxapex|94\/100\n|\n|t:|1698449522\n|switch|p1a: Violet Violence|Miraidon|100\/100|[from] U-turn\n|-damage|p1a: Violet Violence|88\/100|[from] Stealth Rock\n|-fieldstart|move: Electric Terrain|[from] ability: Hadron Engine|[of] p1a: Violet Violence\n|\n|upkeep\n|turn|14\n|\n|t:|1698449525\n|switch|p1a: Scarlet Savagery|Koraidon|100\/100\n|-damage|p1a: Scarlet Savagery|94\/100|[from] Stealth Rock\n|-weather|SunnyDay|[from] ability: Orichalcum Pulse|[of] p1a: Scarlet Savagery\n|-activate|p1a: Scarlet Savagery|Orichalcum Pulse|[source]\n|switch|p2a: Ting-Lu|Ting-Lu|100\/100\n|-damage|p2a: Ting-Lu|94\/100|[from] Stealth Rock\n|-ability|p2a: Ting-Lu|Vessel of Ruin\n|\n|-weather|SunnyDay|[upkeep]\n|-heal|p2a: Ting-Lu|100\/100|[from] item: Leftovers\n|upkeep\n|turn|15\n|\n|t:|1698449529\n|switch|p2a: Toxapex|Toxapex, M|100\/100\n|move|p1a: Scarlet Savagery|U-turn|p2a: Toxapex\n|-resisted|p2a: Toxapex\n|-damage|p2a: Toxapex|91\/100\n|\n|t:|1698449531\n|switch|p1a: Violet Violence|Miraidon|88\/100|[from] U-turn\n|-damage|p1a: Violet Violence|75\/100|[from] Stealth Rock\n|-activate|p1a: Violet Violence|ability: Hadron Engine\n|\n|-weather|SunnyDay|[upkeep]\n|upkeep\n|turn|16\n|\n|t:|1698449535\n|switch|p2a: Ting-Lu|Ting-Lu|100\/100\n|-damage|p2a: Ting-Lu|94\/100|[from] Stealth Rock\n|-ability|p2a: Ting-Lu|Vessel of Ruin\n|move|p1a: Violet Violence|Overheat|p2a: Ting-Lu\n|-damage|p2a: Ting-Lu|44\/100\n|-unboost|p1a: Violet Violence|spa|2\n|\n|-weather|SunnyDay|[upkeep]\n|-heal|p2a: Ting-Lu|50\/100|[from] item: Leftovers\n|upkeep\n|turn|17\n|\n|t:|1698449538\n|switch|p1a: a Fallen Warrior|Mandibuzz, F|100\/100\n|move|p2a: Ting-Lu|Spikes|p1a: a Fallen Warrior\n|-sidestart|p1: laprasplayer|Spikes\n|\n|-weather|SunnyDay|[upkeep]\n|-heal|p2a: Ting-Lu|56\/100|[from] item: Leftovers\n|-fieldend|move: Electric Terrain\n|upkeep\n|turn|18\n|\n|t:|1698449541\n|move|p1a: a Fallen Warrior|Toxic|p2a: Ting-Lu\n|-status|p2a: Ting-Lu|tox\n|move|p2a: Ting-Lu|Taunt|p1a: a Fallen Warrior\n|-start|p1a: a Fallen Warrior|move: Taunt\n|\n|-weather|none\n|-heal|p2a: Ting-Lu|62\/100 tox|[from] item: Leftovers\n|-damage|p2a: Ting-Lu|56\/100 tox|[from] psn\n|upkeep\n|turn|19\n|j| whitebeard solos\n|\n|t:|1698449545\n|switch|p1a: Last Standing|Landorus-Therian, M|48\/100\n|-damage|p1a: Last Standing|36\/100|[from] Stealth Rock\n|-ability|p1a: Last Standing|Intimidate|boost\n|-unboost|p2a: Ting-Lu|atk|1\n|move|p2a: Ting-Lu|Whirlwind|p1a: Last Standing\n|drag|p1a: Scarlet Savagery|Koraidon|94\/100\n|-damage|p1a: Scarlet Savagery|88\/100|[from] Stealth Rock\n|-damage|p1a: Scarlet Savagery|76\/100|[from] Spikes\n|-weather|SunnyDay|[from] ability: Orichalcum Pulse|[of] p1a: Scarlet Savagery\n|-activate|p1a: Scarlet Savagery|Orichalcum Pulse|[source]\n|\n|-weather|SunnyDay|[upkeep]\n|-heal|p2a: Ting-Lu|62\/100 tox|[from] item: Leftovers\n|-damage|p2a: Ting-Lu|50\/100 tox|[from] psn\n|upkeep\n|turn|20\n|\n|t:|1698449547\n|move|p1a: Scarlet Savagery|U-turn|p2a: Ting-Lu\n|-supereffective|p2a: Ting-Lu\n|-damage|p2a: Ting-Lu|13\/100 tox\n|\n|t:|1698449549\n|switch|p1a: a Fallen Warrior|Mandibuzz, F|100\/100|[from] U-turn\n|move|p2a: Ting-Lu|Spikes|p1a: a Fallen Warrior\n|-sidestart|p1: laprasplayer|Spikes\n|\n|-weather|SunnyDay|[upkeep]\n|-heal|p2a: Ting-Lu|19\/100 tox|[from] item: Leftovers\n|-damage|p2a: Ting-Lu|0 fnt|[from] psn\n|faint|p2a: Ting-Lu\n|upkeep\n|\n|t:|1698449553\n|switch|p2a: Flutter Mane|Flutter Mane, tera:Fairy|100\/100\n|-damage|p2a: Flutter Mane|88\/100|[from] Stealth Rock\n|-activate|p2a: Flutter Mane|ability: Protosynthesis\n|-start|p2a: Flutter Mane|protosynthesisspe\n|turn|21\n|\n|t:|1698449555\n|move|p2a: Flutter Mane|Moonblast|p1a: a Fallen Warrior\n|-supereffective|p1a: a Fallen Warrior\n|-damage|p1a: a Fallen Warrior|0 fnt\n|faint|p1a: a Fallen Warrior\n|\n|-weather|SunnyDay|[upkeep]\n|upkeep\n|l| whitebeard solos\n|\n|t:|1698449562\n|switch|p1a: Fought for All|Arceus-Fairy, tera:Poison|63\/100\n|-damage|p1a: Fought for All|51\/100|[from] Stealth Rock\n|-damage|p1a: Fought for All|35\/100|[from] Spikes\n|turn|22\n|\n|t:|1698449574\n|move|p2a: Flutter Mane|Moonblast|p1a: Fought for All\n|-resisted|p1a: Fought for All\n|-damage|p1a: Fought for All|0 fnt\n|faint|p1a: Fought for All\n|\n|-weather|SunnyDay|[upkeep]\n|upkeep\n|c|\u2606laprasplayer|whoa\n|c|\u2606laprasplayer|gg\n|-message|laprasplayer forfeited.\n|\n|win|Future king of ou\n|n|\u2606laprasplayer|laprasplayer\n|n| Dregone|dregone\n|n|\u2606Future king of ou|futurekingofou\n|l| Dregone\n|c|\u2606Future king of ou|See I can cook\n|c|\u2606Future king of ou|Too\n|c|\u2606laprasplayer|~~rarely~~\n","uploadtime":1698449587,"views":33,"p1id":"laprasplayer","p2id":"futurekingofou","formatid":"gen9anythinggoes","rating":0,"private":0,"password":""}