{"id":"gen9anythinggoes-1978450454","p1":"TurboKaiSM64","p2":"The Skill Queen","format":"[Gen 9] Anything Goes","log":"|j|\u2606TurboKaiSM64\n|j|\u2606The Skill Queen\n|t:|1698540575\n|gametype|singles\n|player|p1|TurboKaiSM64|lucas-gen4pt|1012\n|player|p2|The Skill Queen|lyra|1000\n|teamsize|p1|6\n|teamsize|p2|6\n|gen|9\n|tier|[Gen 9] Anything Goes\n|rated|\n|rule|HP Percentage Mod: HP is shown in percentages\n|rule|Endless Battle Clause: Forcing endless battles is banned\n|clearpoke\n|poke|p1|Scream Tail|\n|poke|p1|Gothitelle, F|\n|poke|p1|Azumarill, M|\n|poke|p1|Gothorita, M|\n|poke|p1|Greninja-*, M|\n|poke|p1|Dragapult, M|\n|poke|p2|Groudon|\n|poke|p2|Great Tusk|\n|poke|p2|Palafin, M|\n|poke|p2|Ribombee, F|\n|poke|p2|Jirachi|\n|poke|p2|Gliscor, F|\n|teampreview\n|inactive|Battle timer is ON: inactive players will automatically lose when time's up. (requested by The Skill Queen)\n|\n|t:|1698540592\n|start\n|switch|p1a: Scream Tail|Scream Tail|100\/100\n|switch|p2a: Ribombee|Ribombee, F|100\/100\n|turn|1\n|\n|t:|1698540611\n|move|p2a: Ribombee|Sticky Web|p1a: Scream Tail\n|-sidestart|p1: TurboKaiSM64|move: Sticky Web\n|move|p1a: Scream Tail|Play Rough|p2a: Ribombee\n|-damage|p2a: Ribombee|56\/100\n|\n|upkeep\n|turn|2\n|\n|t:|1698540618\n|move|p2a: Ribombee|U-turn|p1a: Scream Tail\n|-crit|p1a: Scream Tail\n|-damage|p1a: Scream Tail|82\/100\n|-enditem|p1a: Scream Tail|Eject Button\n|inactive|TurboKaiSM64 has 120 seconds left.\n|\n|t:|1698540667\n|-end|p1a: Scream Tail|Protosynthesis|[silent]\n|switch|p1a: Dragapult|Dragapult, M|100\/100\n|-activate|p1a: Dragapult|move: Sticky Web\n|-unboost|p1a: Dragapult|spe|1\n|\n|upkeep\n|turn|3\n|inactive|TurboKaiSM64 has 90 seconds left.\n|\n|t:|1698540703\n|switch|p1a: Scream Tail|Scream Tail|82\/100\n|-activate|p1a: Scream Tail|move: Sticky Web\n|-unboost|p1a: Scream Tail|spe|1\n|move|p2a: Ribombee|Dazzling Gleam|p1a: Scream Tail\n|-damage|p1a: Scream Tail|58\/100\n|\n|upkeep\n|turn|4\n|\n|t:|1698540711\n|move|p2a: Ribombee|U-turn|p1a: Scream Tail\n|-damage|p1a: Scream Tail|47\/100\n|\n|t:|1698540715\n|switch|p2a: Groudon|Groudon|100\/100|[from] U-turn\n|-weather|SunnyDay|[from] ability: Drought|[of] p2a: Groudon\n|-activate|p1a: Scream Tail|ability: Protosynthesis\n|-start|p1a: Scream Tail|protosynthesisspd\n|move|p1a: Scream Tail|Perish Song|p1a: Scream Tail\n|-start|p1a: Scream Tail|perish3|[silent]\n|-start|p2a: Groudon|perish3|[silent]\n|-fieldactivate|move: Perish Song\n|\n|-weather|SunnyDay|[upkeep]\n|-start|p2a: Groudon|perish3\n|-start|p1a: Scream Tail|perish3\n|upkeep\n|turn|5\n|inactive|TurboKaiSM64 has 90 seconds left.\n|\n|t:|1698540728\n|-end|p1a: Scream Tail|Protosynthesis|[silent]\n|switch|p1a: Gothorita|Gothorita, M|100\/100\n|-activate|p1a: Gothorita|move: Sticky Web\n|-unboost|p1a: Gothorita|spe|1\n|move|p2a: Groudon|Heavy Slam|p1a: Gothorita\n|-damage|p1a: Gothorita|63\/100\n|\n|-weather|SunnyDay|[upkeep]\n|-start|p2a: Groudon|perish2\n|upkeep\n|turn|6\n|inactive|TurboKaiSM64 has 90 seconds left.\n|\n|t:|1698540740\n|move|p1a: Gothorita|Fake Out|p2a: Groudon\n|-damage|p2a: Groudon|96\/100\n|-damage|p1a: Gothorita|47\/100|[from] item: Rocky Helmet|[of] p2a: Groudon\n|cant|p2a: Groudon|flinch\n|\n|-weather|SunnyDay|[upkeep]\n|-start|p2a: Groudon|perish1\n|upkeep\n|turn|7\n|inactive|TurboKaiSM64 has 90 seconds left.\n|\n|t:|1698540752\n|move|p1a: Gothorita|Protect|p1a: Gothorita\n|-singleturn|p1a: Gothorita|Protect\n|move|p2a: Groudon|Earthquake|p1a: Gothorita\n|-activate|p1a: Gothorita|move: Protect\n|\n|-weather|SunnyDay|[upkeep]\n|-start|p2a: Groudon|perish0\n|faint|p2a: Groudon\n|upkeep\n|\n|t:|1698540763\n|switch|p2a: Great Tusk|Great Tusk|100\/100\n|-activate|p2a: Great Tusk|ability: Protosynthesis\n|-start|p2a: Great Tusk|protosynthesisdef\n|turn|8\n|inactive|TurboKaiSM64 has 90 seconds left.\n|inactive|TurboKaiSM64 has 60 seconds left.\n|\n|t:|1698540824\n|-terastallize|p1a: Gothorita|Dark\n|move|p2a: Great Tusk|Stealth Rock|p1a: Gothorita\n|-sidestart|p1: TurboKaiSM64|move: Stealth Rock\n|move|p1a: Gothorita|Psychic|p2a: Great Tusk\n|-supereffective|p2a: Great Tusk\n|-damage|p2a: Great Tusk|34\/100\n|\n|-weather|none\n|-end|p2a: Great Tusk|Protosynthesis\n|upkeep\n|turn|9\n|\n|t:|1698540831\n|move|p2a: Great Tusk|Body Press|p1a: Gothorita\n|-supereffective|p1a: Gothorita\n|-damage|p1a: Gothorita|0 fnt\n|faint|p1a: Gothorita\n|\n|upkeep\n|inactive|TurboKaiSM64 has 30 seconds left.\n|\n|t:|1698540858\n|switch|p1a: Azumarill|Azumarill, M|100\/100\n|-activate|p1a: Azumarill|move: Sticky Web\n|-unboost|p1a: Azumarill|spe|1\n|-damage|p1a: Azumarill|88\/100|[from] Stealth Rock\n|turn|10\n|inactive|TurboKaiSM64 has 30 seconds left.\n|\n|t:|1698540871\n|move|p2a: Great Tusk|Earthquake|p1a: Azumarill\n|-damage|p1a: Azumarill|46\/100\n|-enditem|p1a: Azumarill|Eject Button\n|inactive|TurboKaiSM64 has 30 seconds left this turn.\n|\n|t:|1698540877\n|switch|p1a: Greninja|Greninja, M|100\/100\n|-activate|p1a: Greninja|move: Sticky Web\n|-unboost|p1a: Greninja|spe|1\n|-damage|p1a: Greninja|88\/100|[from] Stealth Rock\n|\n|upkeep\n|turn|11\n|inactive|TurboKaiSM64 has 30 seconds left.\n|\n|t:|1698540888\n|move|p1a: Greninja|Water Shuriken|p2a: Great Tusk\n|-supereffective|p2a: Great Tusk\n|-damage|p2a: Great Tusk|17\/100\n|-supereffective|p2a: Great Tusk\n|-damage|p2a: Great Tusk|0 fnt\n|faint|p2a: Great Tusk\n|-end|p2a: Great Tusk|Protosynthesis|[silent]\n|-ability|p1a: Greninja|Battle Bond|boost\n|-boost|p1a: Greninja|atk|1\n|-boost|p1a: Greninja|spa|1\n|-boost|p1a: Greninja|spe|1\n|-activate|p1a: Greninja|ability: Battle Bond\n|-hitcount|p2: Great Tusk|2\n|\n|upkeep\n|inactive|TurboKaiSM64 has 30 seconds left this turn.\n|\n|t:|1698540901\n|switch|p2a: Starry|Jirachi|100\/100\n|turn|12\n|\n|t:|1698540910\n|move|p1a: Greninja|Dark Pulse|p2a: Starry\n|-supereffective|p2a: Starry\n|-damage|p2a: Starry|0 fnt\n|faint|p2a: Starry\n|\n|upkeep\n|\n|t:|1698540915\n|switch|p2a: Ribombee|Ribombee, F|56\/100\n|turn|13\n|\n|t:|1698540924\n|move|p1a: Greninja|Ice Beam|p2a: Ribombee\n|-damage|p2a: Ribombee|0 fnt\n|faint|p2a: Ribombee\n|\n|upkeep\n|\n|t:|1698540928\n|switch|p2a: Palafin|Palafin, M|100\/100\n|turn|14\n|\n|t:|1698540937\n|move|p1a: Greninja|Dark Pulse|p2a: Palafin\n|-damage|p2a: Palafin|24\/100\n|-enditem|p2a: Palafin|Mago Berry|[eat]\n|-heal|p2a: Palafin|57\/100|[from] item: Mago Berry\n|move|p2a: Palafin|Flip Turn|p1a: Greninja\n|-resisted|p1a: Greninja\n|-damage|p1a: Greninja|69\/100\n|\n|t:|1698540945\n|detailschange|p2a: Palafin|Palafin-Hero, M\n|switch|p2a: Gliscor|Gliscor, F, shiny|100\/100|[from] Flip Turn\n|\n|-status|p2a: Gliscor|tox|[from] item: Toxic Orb\n|upkeep\n|turn|15\n|\n|t:|1698540952\n|move|p1a: Greninja|Ice Beam|p2a: Gliscor\n|-supereffective|p2a: Gliscor\n|-damage|p2a: Gliscor|0 fnt\n|faint|p2a: Gliscor\n|\n|upkeep\n|\n|t:|1698540957\n|switch|p2a: Palafin|Palafin-Hero, M|57\/100\n|-activate|p2a: Palafin|ability: Zero to Hero\n|turn|16\n|\n|t:|1698540963\n|move|p1a: Greninja|Dark Pulse|p2a: Palafin\n|-damage|p2a: Palafin|0 fnt\n|faint|p2a: Palafin\n|\n|win|TurboKaiSM64\n|raw|TurboKaiSM64's rating: 1054 &rarr; <strong>1081<\/strong><br \/>(+27 for winning)\n|raw|The Skill Queen's rating: 1000 &rarr; <strong>1000<\/strong><br \/>(+0 for losing)\n","uploadtime":1698540969,"views":10,"p1id":"turbokaism64","p2id":"theskillqueen","formatid":"gen9anythinggoes","rating":1000,"private":0,"password":""}