{"id":"gen9anythinggoes-1978076339","p1":"iluvtrickroom","p2":"Ryoshi2000","format":"[Gen 9] Anything Goes","log":"|j|\u2606iluvtrickroom\n|j|\u2606Ryoshi2000\n|t:|1698495775\n|gametype|singles\n|player|p1|iluvtrickroom|hilda|1063\n|player|p2|Ryoshi2000|giovanni|1162\n|teamsize|p1|6\n|teamsize|p2|6\n|gen|9\n|tier|[Gen 9] Anything Goes\n|rated|\n|rule|HP Percentage Mod: HP is shown in percentages\n|rule|Endless Battle Clause: Forcing endless battles is banned\n|clearpoke\n|poke|p1|Zacian-*|\n|poke|p1|Alomomola, F|\n|poke|p1|Muk-Alola, F|\n|poke|p1|Clodsire, F|\n|poke|p1|Ting-Lu|\n|poke|p1|Blissey, F|\n|poke|p2|Skeledirge, M|\n|poke|p2|Hawlucha, F|\n|poke|p2|Toxtricity, M|\n|poke|p2|Kingambit, M|\n|poke|p2|Hatterene, F|\n|poke|p2|Haxorus, M|\n|teampreview\n|\n|t:|1698495785\n|start\n|switch|p1a: Ting-Lu|Ting-Lu|100\/100\n|switch|p2a: Hatterene|Hatterene, F, shiny|100\/100\n|-ability|p1a: Ting-Lu|Vessel of Ruin\n|turn|1\n|inactive|Battle timer is ON: inactive players will automatically lose when time's up. (requested by Ryoshi2000)\n|\n|t:|1698495812\n|move|p1a: Ting-Lu|Ruination|p2a: Hatterene\n|-damage|p2a: Hatterene|51\/100\n|move|p2a: Hatterene|Trick Room|p2a: Hatterene\n|-fieldstart|move: Trick Room|[of] p2a: Hatterene\n|\n|upkeep\n|turn|2\n|c|\u2606iluvtrickroom|trickroom, right?\n|c|\u2606Ryoshi2000|yeah \ud83d\ude02\n|\n|t:|1698495824\n|switch|p1a: Blissey|Blissey, F, shiny|100\/100\n|move|p2a: Hatterene|Dazzling Gleam|p1a: Blissey\n|-damage|p1a: Blissey|82\/100\n|\n|-heal|p1a: Blissey|88\/100|[from] item: Leftovers\n|upkeep\n|turn|3\n|\n|t:|1698495851\n|move|p2a: Hatterene|Mystical Fire|p1a: Blissey\n|-damage|p1a: Blissey|75\/100\n|-unboost|p1a: Blissey|spa|1\n|move|p1a: Blissey|Seismic Toss|p2a: Hatterene\n|-damage|p2a: Hatterene|14\/100\n|\n|-heal|p1a: Blissey|82\/100|[from] item: Leftovers\n|upkeep\n|turn|4\n|c|\u2606iluvtrickroom|no exploding... intresting....?\n|\n|t:|1698495863\n|move|p2a: Hatterene|Psychic|p1a: Blissey\n|-damage|p1a: Blissey|58\/100\n|move|p1a: Blissey|Seismic Toss|p2a: Hatterene\n|-damage|p2a: Hatterene|0 fnt\n|faint|p2a: Hatterene\n|\n|-heal|p1a: Blissey|65\/100|[from] item: Leftovers\n|upkeep\n|c|\u2606Ryoshi2000|dam your lissy is a tank\n|\n|t:|1698495880\n|switch|p2a: Hawlucha|Hawlucha, F|100\/100\n|turn|5\n|c|\u2606iluvtrickroom|how about using psyshock?\n|\n|t:|1698495890\n|move|p1a: Blissey|Protect|p1a: Blissey\n|-singleturn|p1a: Blissey|Protect\n|move|p2a: Hawlucha|Swords Dance|p2a: Hawlucha\n|-boost|p2a: Hawlucha|atk|2\n|\n|-heal|p1a: Blissey|71\/100|[from] item: Leftovers\n|-fieldend|move: Trick Room\n|upkeep\n|turn|6\n|c|\u2606iluvtrickroom|hmmmm\n|\n|t:|1698495909\n|switch|p1a: Alomomola|Alomomola, F, shiny|100\/100\n|move|p2a: Hawlucha|Swords Dance|p2a: Hawlucha\n|-boost|p2a: Hawlucha|atk|2\n|\n|upkeep\n|turn|7\n|c|\u2606Ryoshi2000|i like your name  just saw it \ud83d\ude02\n|inactive|iluvtrickroom has 120 seconds left.\n|c|\u2606iluvtrickroom|hahaha\n|\n|t:|1698495934\n|move|p2a: Hawlucha|Aerial Ace|p1a: Alomomola\n|-damage|p1a: Alomomola|48\/100\n|move|p1a: Alomomola|Flip Turn|p2a: Hawlucha\n|-damage|p2a: Hawlucha|79\/100\n|inactive|iluvtrickroom has 120 seconds left.\n|\n|t:|1698495941\n|switch|p1a: Zacian|Zacian-Crowned, shiny|100\/100|[from] Flip Turn\n|-ability|p1a: Zacian|Intrepid Sword|boost\n|-boost|p1a: Zacian|atk|1\n|\n|upkeep\n|turn|8\n|\n|t:|1698495953\n|move|p1a: Zacian|Play Rough|p2a: Hawlucha\n|-supereffective|p2a: Hawlucha\n|-damage|p2a: Hawlucha|0 fnt\n|faint|p2a: Hawlucha\n|\n|upkeep\n|\n|t:|1698495957\n|switch|p2a: Toxtricity|Toxtricity, M|100\/100\n|turn|9\n|\n|t:|1698495967\n|-terastallize|p1a: Zacian|Steel\n|move|p1a: Zacian|Crunch|p2a: Toxtricity\n|-damage|p2a: Toxtricity|39\/100\n|move|p2a: Toxtricity|Boomburst|p1a: Zacian\n|-resisted|p1a: Zacian\n|-damage|p1a: Zacian|66\/100\n|-damage|p2a: Toxtricity|29\/100|[from] item: Life Orb\n|\n|upkeep\n|turn|10\n|inactive|iluvtrickroom has 120 seconds left.\n|\n|t:|1698495993\n|move|p1a: Zacian|Crunch|p2a: Toxtricity\n|-damage|p2a: Toxtricity|0 fnt\n|faint|p2a: Toxtricity\n|\n|upkeep\n|\n|t:|1698495997\n|switch|p2a: Skeledirge|Skeledirge, M|100\/100\n|turn|11\n|\n|t:|1698496004\n|switch|p1a: Alomomola|Alomomola, F, shiny|81\/100\n|-terastallize|p2a: Skeledirge|Fire\n|move|p2a: Skeledirge|Torch Song|p1a: Alomomola\n|-resisted|p1a: Alomomola\n|-damage|p1a: Alomomola|56\/100\n|-boost|p2a: Skeledirge|spa|1\n|\n|-heal|p1a: Alomomola|62\/100|[from] item: Leftovers\n|upkeep\n|turn|12\n|inactive|iluvtrickroom has 120 seconds left.\n|\n|t:|1698496019\n|move|p1a: Alomomola|Wish|p1a: Alomomola\n|move|p2a: Skeledirge|Earth Power|p1a: Alomomola\n|-damage|p1a: Alomomola|14\/100\n|\n|-heal|p1a: Alomomola|20\/100|[from] item: Leftovers\n|upkeep\n|turn|13\n|inactive|iluvtrickroom has 120 seconds left.\n|\n|t:|1698496031\n|move|p1a: Alomomola|Aqua Jet|p2a: Skeledirge\n|-supereffective|p2a: Skeledirge\n|-damage|p2a: Skeledirge|84\/100\n|-enditem|p2a: Skeledirge|Weakness Policy\n|-boost|p2a: Skeledirge|atk|2|[from] item: Weakness Policy\n|-boost|p2a: Skeledirge|spa|2|[from] item: Weakness Policy\n|move|p2a: Skeledirge|Earth Power|p1a: Alomomola\n|-damage|p1a: Alomomola|0 fnt\n|faint|p1a: Alomomola\n|\n|upkeep\n|inactive|iluvtrickroom has 120 seconds left.\n|c|\u2606iluvtrickroom|wwwwhhhhhhat\n|\n|t:|1698496050\n|switch|p1a: Ting-Lu|Ting-Lu|100\/100\n|-ability|p1a: Ting-Lu|Vessel of Ruin\n|turn|14\n|\n|t:|1698496059\n|move|p1a: Ting-Lu|Protect|p1a: Ting-Lu\n|-singleturn|p1a: Ting-Lu|Protect\n|move|p2a: Skeledirge|Earth Power|p1a: Ting-Lu\n|-activate|p1a: Ting-Lu|move: Protect\n|\n|upkeep\n|turn|15\n|inactive|iluvtrickroom has 120 seconds left.\n|\n|t:|1698496066\n|move|p2a: Skeledirge|Torch Song|p1a: Ting-Lu\n|-damage|p1a: Ting-Lu|27\/100\n|-boost|p2a: Skeledirge|spa|1\n|move|p1a: Ting-Lu|Earthquake|p2a: Skeledirge\n|-supereffective|p2a: Skeledirge\n|-damage|p2a: Skeledirge|17\/100\n|\n|-heal|p1a: Ting-Lu|34\/100|[from] item: Leftovers\n|upkeep\n|turn|16\n|inactive|iluvtrickroom has 120 seconds left.\n|\n|t:|1698496081\n|switch|p1a: Muk|Muk-Alola, F|100\/100\n|move|p2a: Skeledirge|Torch Song|p1a: Muk\n|-damage|p1a: Muk|11\/100\n|-boost|p2a: Skeledirge|spa|1\n|-enditem|p1a: Muk|Figy Berry|[eat]\n|-heal|p1a: Muk|44\/100|[from] item: Figy Berry\n|\n|upkeep\n|turn|17\n|inactive|iluvtrickroom has 120 seconds left.\n|\n|t:|1698496097\n|move|p2a: Skeledirge|Earth Power|p1a: Muk\n|-supereffective|p1a: Muk\n|-damage|p1a: Muk|0 fnt\n|faint|p1a: Muk\n|\n|upkeep\n|\n|t:|1698496108\n|switch|p1a: Zacian|Zacian-Crowned, shiny, tera:Steel|66\/100\n|turn|18\n|c|\u2606Ryoshi2000|i have 11120 spa rn\n|\n|t:|1698496116\n|move|p1a: Zacian|Crunch|p2a: Skeledirge\n|-damage|p2a: Skeledirge|0 fnt\n|faint|p2a: Skeledirge\n|\n|upkeep\n|\n|t:|1698496119\n|switch|p2a: Kingambit|Kingambit, M|100\/100\n|turn|19\n|inactive|iluvtrickroom has 120 seconds left.\n|c|\u2606iluvtrickroom|now ya dont and he isnt supreme thingy?\n|\n|t:|1698496143\n|move|p1a: Zacian|Close Combat|p2a: Kingambit\n|-supereffective|p2a: Kingambit\n|-damage|p2a: Kingambit|0 fnt\n|-unboost|p1a: Zacian|def|1\n|-unboost|p1a: Zacian|spd|1\n|faint|p2a: Kingambit\n|\n|upkeep\n|c|\u2606Ryoshi2000|nahh\n|\n|t:|1698496149\n|switch|p2a: Haxorus|Haxorus, M, shiny|100\/100\n|-ability|p2a: Haxorus|Mold Breaker\n|turn|20\n|c|\u2606Ryoshi2000|maybe i should tho\n|\n|t:|1698496172\n|switch|p1a: Clodsire|Clodsire, F|100\/100\n|move|p2a: Haxorus|Earthquake|p1a: Clodsire\n|-supereffective|p1a: Clodsire\n|-damage|p1a: Clodsire|27\/100\n|-enditem|p1a: Clodsire|Sitrus Berry|[eat]\n|-heal|p1a: Clodsire|52\/100|[from] item: Sitrus Berry\n|\n|upkeep\n|turn|21\n|\n|t:|1698496189\n|move|p1a: Clodsire|Protect|p1a: Clodsire\n|-singleturn|p1a: Clodsire|Protect\n|move|p2a: Haxorus|Iron Head|p1a: Clodsire\n|-activate|p1a: Clodsire|move: Protect\n|\n|upkeep\n|turn|22\n|inactive|iluvtrickroom has 90 seconds left.\n|\n|t:|1698496206\n|move|p2a: Haxorus|Dragon Dance|p2a: Haxorus\n|-boost|p2a: Haxorus|atk|1\n|-boost|p2a: Haxorus|spe|1\n|move|p1a: Clodsire|Toxic Spikes|p2a: Haxorus\n|-sidestart|p2: Ryoshi2000|move: Toxic Spikes\n|\n|upkeep\n|turn|23\n|inactive|iluvtrickroom has 90 seconds left.\n|\n|t:|1698496216\n|move|p1a: Clodsire|Protect|p1a: Clodsire\n|-singleturn|p1a: Clodsire|Protect\n|move|p2a: Haxorus|Earthquake|p1a: Clodsire\n|-activate|p1a: Clodsire|move: Protect\n|\n|upkeep\n|turn|24\n|inactive|iluvtrickroom has 90 seconds left.\n|\n|t:|1698496229\n|move|p2a: Haxorus|Dragon Dance|p2a: Haxorus\n|-boost|p2a: Haxorus|atk|1\n|-boost|p2a: Haxorus|spe|1\n|move|p1a: Clodsire|Recover|p1a: Clodsire\n|-heal|p1a: Clodsire|100\/100\n|\n|upkeep\n|turn|25\n|inactive|iluvtrickroom has 90 seconds left.\n|\n|t:|1698496241\n|move|p1a: Clodsire|Protect|p1a: Clodsire\n|-singleturn|p1a: Clodsire|Protect\n|move|p2a: Haxorus|Dragon Dance|p2a: Haxorus\n|-boost|p2a: Haxorus|atk|1\n|-boost|p2a: Haxorus|spe|1\n|\n|upkeep\n|turn|26\n|\n|t:|1698496248\n|move|p2a: Haxorus|Earthquake|p1a: Clodsire\n|-supereffective|p1a: Clodsire\n|-damage|p1a: Clodsire|0 fnt\n|faint|p1a: Clodsire\n|\n|upkeep\n|inactive|iluvtrickroom has 90 seconds left.\n|\n|t:|1698496264\n|switch|p1a: Ting-Lu|Ting-Lu|34\/100\n|-ability|p1a: Ting-Lu|Vessel of Ruin\n|turn|27\n|inactive|iluvtrickroom has 90 seconds left.\n|\n|t:|1698496273\n|move|p2a: Haxorus|Earthquake|p1a: Ting-Lu\n|-damage|p1a: Ting-Lu|0 fnt\n|faint|p1a: Ting-Lu\n|\n|upkeep\n|inactive|iluvtrickroom has 90 seconds left.\n|c|\u2606iluvtrickroom|im doomed lol\n|\n|t:|1698496281\n|switch|p1a: Zacian|Zacian-Crowned, shiny, tera:Steel|66\/100\n|turn|28\n|c|\u2606Ryoshi2000|\ud83d\ude02\n|c|\u2606Ryoshi2000|i know you let me set up\n|\n|t:|1698496308\n|move|p2a: Haxorus|Earthquake|p1a: Zacian\n|-supereffective|p1a: Zacian\n|-damage|p1a: Zacian|0 fnt\n|faint|p1a: Zacian\n|\n|upkeep\n|c|\u2606Ryoshi2000|why did you give me the win\n|\n|t:|1698496321\n|switch|p1a: Blissey|Blissey, F, shiny|71\/100\n|turn|29\n|c|\u2606Ryoshi2000|?\n|inactive|iluvtrickroom has 90 seconds left.\n|c|\u2606iluvtrickroom|because you used trick room\n|c|\u2606Ryoshi2000|\ud83d\ude02\n|c|\u2606iluvtrickroom|lol gg\n|c|\u2606Ryoshi2000|thanks man your a w\n|\n|t:|1698496361\n|move|p2a: Haxorus|Earthquake|p1a: Blissey\n|-damage|p1a: Blissey|0 fnt\n|faint|p1a: Blissey\n|\n|win|Ryoshi2000\n|raw|iluvtrickroom's rating: 1063 &rarr; <strong>1049<\/strong><br \/>(-14 for losing)\n|raw|Ryoshi2000's rating: 1162 &rarr; <strong>1180<\/strong><br \/>(+18 for winning)\n|c|\u2606Ryoshi2000|yeah gg\n|c|\u2606Ryoshi2000|have a blessed one man\n","uploadtime":1698496370,"views":8,"p1id":"iluvtrickroom","p2id":"ryoshi2000","formatid":"gen9anythinggoes","rating":1049,"private":0,"password":""}