{"id":"gen9anythinggoes-1980596422","p1":"Majinleak2Nicee","p2":"MemeMimicks","format":"[Gen 9] Anything Goes","log":"|j|\u2606Majinleak2Nicee\n|j|\u2606MemeMimicks\n|t:|1698801425\n|gametype|singles\n|player|p1|Majinleak2Nicee|red|1283\n|player|p2|MemeMimicks|emmet|1188\n|teamsize|p1|6\n|teamsize|p2|6\n|gen|9\n|tier|[Gen 9] Anything Goes\n|rated|\n|rule|HP Percentage Mod: HP is shown in percentages\n|rule|Endless Battle Clause: Forcing endless battles is banned\n|clearpoke\n|poke|p1|Dragonite, M|\n|poke|p1|Roaring Moon|\n|poke|p1|Armarouge, F|\n|poke|p1|Ursaluna, F|\n|poke|p1|Rotom-Wash|\n|poke|p1|Ceruledge, F|\n|poke|p2|Glimmora, F|\n|poke|p2|Manaphy|\n|poke|p2|Annihilape, F|\n|poke|p2|Ting-Lu|\n|poke|p2|Calyrex-Shadow|\n|poke|p2|Kingambit, M|\n|teampreview\n|\n|t:|1698801437\n|start\n|switch|p1a: Roaring Moon|Roaring Moon, shiny|100\/100\n|switch|p2a: Glimmora|Glimmora, F|100\/100\n|-enditem|p1a: Roaring Moon|Booster Energy\n|-activate|p1a: Roaring Moon|ability: Protosynthesis|[fromitem]\n|-start|p1a: Roaring Moon|protosynthesisatk\n|turn|1\n|inactive|Battle timer is ON: inactive players will automatically lose when time's up. (requested by Majinleak2Nicee)\n|\n|t:|1698801445\n|move|p1a: Roaring Moon|Dragon Dance|p1a: Roaring Moon\n|-boost|p1a: Roaring Moon|atk|1\n|-boost|p1a: Roaring Moon|spe|1\n|move|p2a: Glimmora|Stealth Rock|p1a: Roaring Moon\n|-sidestart|p1: Majinleak2Nicee|move: Stealth Rock\n|\n|upkeep\n|turn|2\n|c|\u2606Majinleak2Nicee|glhf\n|\n|t:|1698801451\n|move|p1a: Roaring Moon|Dragon Dance|p1a: Roaring Moon\n|-boost|p1a: Roaring Moon|atk|1\n|-boost|p1a: Roaring Moon|spe|1\n|move|p2a: Glimmora|Spikes|p1a: Roaring Moon\n|-sidestart|p1: Majinleak2Nicee|Spikes\n|\n|upkeep\n|turn|3\n|\n|t:|1698801456\n|move|p1a: Roaring Moon|Dragon Dance|p1a: Roaring Moon\n|-boost|p1a: Roaring Moon|atk|1\n|-boost|p1a: Roaring Moon|spe|1\n|move|p2a: Glimmora|Mortal Spin|p1a: Roaring Moon\n|-damage|p1a: Roaring Moon|92\/100\n|-status|p1a: Roaring Moon|psn\n|\n|-damage|p1a: Roaring Moon|80\/100 psn|[from] psn\n|upkeep\n|turn|4\n|c|\u2606MemeMimicks|same to you\n|\n|t:|1698801474\n|-terastallize|p1a: Roaring Moon|Fairy\n|move|p1a: Roaring Moon|Acrobatics|p2a: Glimmora\n|-resisted|p2a: Glimmora\n|-damage|p2a: Glimmora|30\/100\n|-damage|p1a: Roaring Moon|63\/100 psn|[from] item: Rocky Helmet|[of] p2a: Glimmora\n|-activate|p2a: Glimmora|ability: Toxic Debris\n|-sidestart|p1: Majinleak2Nicee|move: Toxic Spikes\n|move|p2a: Glimmora|Spikes|p1a: Roaring Moon\n|-sidestart|p1: Majinleak2Nicee|Spikes\n|\n|-damage|p1a: Roaring Moon|51\/100 psn|[from] psn\n|upkeep\n|turn|5\n|\n|t:|1698801484\n|move|p1a: Roaring Moon|Crunch|p2a: Glimmora\n|-damage|p2a: Glimmora|0 fnt\n|-damage|p1a: Roaring Moon|34\/100 psn|[from] item: Rocky Helmet|[of] p2a: Glimmora\n|-activate|p2a: Glimmora|ability: Toxic Debris\n|-sidestart|p1: Majinleak2Nicee|move: Toxic Spikes\n|faint|p2a: Glimmora\n|\n|-damage|p1a: Roaring Moon|22\/100 psn|[from] psn\n|upkeep\n|\n|t:|1698801500\n|switch|p2a: Annihilape|Annihilape, F|100\/100\n|turn|6\n|\n|t:|1698801506\n|switch|p2a: Ting-Lu|Ting-Lu|100\/100\n|-ability|p2a: Ting-Lu|Vessel of Ruin\n|move|p1a: Roaring Moon|Crunch|p2a: Ting-Lu\n|-resisted|p2a: Ting-Lu\n|-damage|p2a: Ting-Lu|53\/100\n|\n|-damage|p1a: Roaring Moon|10\/100 psn|[from] psn\n|upkeep\n|turn|7\n|\n|t:|1698801516\n|move|p1a: Roaring Moon|X-Scissor|p2a: Ting-Lu\n|-supereffective|p2a: Ting-Lu\n|-damage|p2a: Ting-Lu|0 fnt\n|faint|p2a: Ting-Lu\n|\n|-damage|p1a: Roaring Moon|0 fnt|[from] psn\n|faint|p1a: Roaring Moon\n|-end|p1a: Roaring Moon|Protosynthesis|[silent]\n|upkeep\n|\n|t:|1698801526\n|switch|p1a: Rotom|Rotom-Wash, shiny|100\/100\n|switch|p2a: Manaphy|Manaphy|100\/100\n|-damage|p1a: Rotom|88\/100|[from] Stealth Rock\n|turn|8\n|\n|t:|1698801531\n|move|p2a: Manaphy|Tail Glow|p2a: Manaphy\n|-boost|p2a: Manaphy|spa|3\n|move|p1a: Rotom|Thunder Wave|p2a: Manaphy\n|-status|p2a: Manaphy|par\n|\n|-heal|p1a: Rotom|94\/100|[from] item: Leftovers\n|upkeep\n|turn|9\n|\n|t:|1698801538\n|move|p1a: Rotom|Reflect|p1a: Rotom\n|-sidestart|p1: Majinleak2Nicee|Reflect\n|cant|p2a: Manaphy|par\n|\n|-heal|p1a: Rotom|100\/100|[from] item: Leftovers\n|upkeep\n|turn|10\n|\n|t:|1698801543\n|move|p1a: Rotom|Thunderbolt|p2a: Manaphy\n|-supereffective|p2a: Manaphy\n|-damage|p2a: Manaphy|33\/100 par\n|move|p2a: Manaphy|Baton Pass|p2a: Manaphy\n|\n|t:|1698801547\n|switch|p2a: Calyrex|Calyrex-Shadow|100\/100|[from] Baton Pass\n|-ability|p2a: Calyrex|As One\n|-ability|p2a: Calyrex|Unnerve\n|\n|upkeep\n|turn|11\n|\n|t:|1698801554\n|move|p2a: Calyrex|Astral Barrage|p1a: Rotom\n|-damage|p1a: Rotom|0 fnt\n|faint|p1a: Rotom\n|-ability|p2a: Calyrex|Grim Neigh|boost\n|-boost|p2a: Calyrex|spa|1\n|\n|upkeep\n|\n|t:|1698801557\n|switch|p1a: Ursaluna|Ursaluna, F, shiny|100\/100\n|-damage|p1a: Ursaluna|94\/100|[from] Stealth Rock\n|-damage|p1a: Ursaluna|78\/100|[from] Spikes\n|-status|p1a: Ursaluna|tox\n|turn|12\n|\n|t:|1698801566\n|-terastallize|p2a: Calyrex|Grass\n|move|p2a: Calyrex|Energy Ball|p1a: Ursaluna\n|-supereffective|p1a: Ursaluna\n|-damage|p1a: Ursaluna|0 fnt\n|faint|p1a: Ursaluna\n|-ability|p2a: Calyrex|Grim Neigh|boost\n|-boost|p2a: Calyrex|spa|1\n|\n|upkeep\n|c|\u2606Majinleak2Nicee|whelp\n|\n|t:|1698801577\n|switch|p1a: Dragonite|Dragonite, M|100\/100\n|-damage|p1a: Dragonite|76\/100|[from] Stealth Rock\n|turn|13\n|\n|t:|1698801583\n|move|p2a: Calyrex|Astral Barrage|p1a: Dragonite\n|-damage|p1a: Dragonite|0 fnt\n|faint|p1a: Dragonite\n|-ability|p2a: Calyrex|Grim Neigh|boost\n|-boost|p2a: Calyrex|spa|1\n|\n|-sideend|p1: Majinleak2Nicee|Reflect\n|upkeep\n|\n|t:|1698801585\n|switch|p1a: Armarouge|Armarouge, F, shiny|100\/100\n|-damage|p1a: Armarouge|76\/100|[from] Stealth Rock\n|-damage|p1a: Armarouge|59\/100|[from] Spikes\n|-status|p1a: Armarouge|tox\n|turn|14\n|c|\u2606Majinleak2Nicee|gg\n|c|\u2606MemeMimicks|gg\n|\n|t:|1698801594\n|move|p2a: Calyrex|Astral Barrage|p1a: Armarouge\n|-supereffective|p1a: Armarouge\n|-damage|p1a: Armarouge|0 fnt\n|faint|p1a: Armarouge\n|\n|upkeep\n|\n|t:|1698801597\n|switch|p1a: Ceruledge|Ceruledge, F|100\/100\n|-damage|p1a: Ceruledge|76\/100|[from] Stealth Rock\n|-damage|p1a: Ceruledge|59\/100|[from] Spikes\n|-status|p1a: Ceruledge|tox\n|turn|15\n|\n|t:|1698801604\n|move|p2a: Calyrex|Astral Barrage|p1a: Ceruledge\n|-supereffective|p1a: Ceruledge\n|-damage|p1a: Ceruledge|0 fnt\n|faint|p1a: Ceruledge\n|\n|win|MemeMimicks\n|raw|Majinleak2Nicee's rating: 1283 &rarr; <strong>1251<\/strong><br \/>(-32 for losing)\n|raw|MemeMimicks's rating: 1188 &rarr; <strong>1220<\/strong><br \/>(+32 for winning)\n|l|\u2606Majinleak2Nicee\n","uploadtime":1698801613,"views":7,"p1id":"majinleak2nicee","p2id":"mememimicks","formatid":"gen9anythinggoes","rating":1220,"private":0,"password":""}