{"id":"gen9anythinggoes-1973270696","p1":"WrathgodXD","p2":"MAFIA_JOKER","format":"[Gen 9] Anything Goes","log":"|j|\u2606WrathgodXD\n|j|\u2606MAFIA_JOKER\n|t:|1697946852\n|gametype|singles\n|player|p1|WrathgodXD|ninjaboy|1251\n|player|p2|MAFIA_JOKER|170|1187\n|teamsize|p1|6\n|teamsize|p2|6\n|gen|9\n|tier|[Gen 9] Anything Goes\n|rated|\n|rule|HP Percentage Mod: HP is shown in percentages\n|rule|Endless Battle Clause: Forcing endless battles is banned\n|clearpoke\n|poke|p1|Espathra, M|\n|poke|p1|Great Tusk|\n|poke|p1|Torkoal, M|\n|poke|p1|Baxcalibur, F|\n|poke|p1|Pelipper, F|\n|poke|p1|Zacian-*|\n|poke|p2|Dialga-Origin|\n|poke|p2|Palkia|\n|poke|p2|Rayquaza|\n|poke|p2|Giratina-Origin|\n|poke|p2|Miraidon|\n|poke|p2|Koraidon|\n|teampreview\n|inactive|Battle timer is ON: inactive players will automatically lose when time's up. (requested by WrathgodXD)\n|\n|t:|1697946860\n|start\n|switch|p1a: Baxcalibur|Baxcalibur, F|100\/100\n|switch|p2a: Palkia|Palkia|100\/100\n|-ability|p2a: Palkia|Pressure\n|turn|1\n|\n|t:|1697946872\n|move|p2a: Palkia|Waterfall|p1a: Baxcalibur\n|-resisted|p1a: Baxcalibur\n|-damage|p1a: Baxcalibur|85\/100\n|move|p1a: Baxcalibur|Dragon Dance|p1a: Baxcalibur\n|-boost|p1a: Baxcalibur|atk|1\n|-boost|p1a: Baxcalibur|spe|1\n|\n|upkeep\n|turn|2\n|\n|t:|1697946881\n|move|p1a: Baxcalibur|Scale Shot|p2a: Palkia\n|-supereffective|p2a: Palkia\n|-damage|p2a: Palkia|71\/100\n|-supereffective|p2a: Palkia\n|-damage|p2a: Palkia|42\/100\n|-supereffective|p2a: Palkia\n|-damage|p2a: Palkia|14\/100\n|-supereffective|p2a: Palkia\n|-damage|p2a: Palkia|0 fnt\n|faint|p2a: Palkia\n|-hitcount|p2: Palkia|4\n|-unboost|p1a: Baxcalibur|def|1\n|-boost|p1a: Baxcalibur|spe|1\n|\n|upkeep\n|\n|t:|1697946904\n|switch|p2a: Dialga|Dialga-Origin|100\/100\n|-ability|p2a: Dialga|Pressure\n|turn|3\n|\n|t:|1697946910\n|move|p1a: Baxcalibur|Dragon Claw|p2a: Dialga\n|-damage|p2a: Dialga|59\/100\n|move|p2a: Dialga|Roar of Time|p1a: Baxcalibur|[miss]\n|-miss|p2a: Dialga|p1a: Baxcalibur\n|\n|upkeep\n|turn|4\n|\n|t:|1697946920\n|switch|p2a: Miraidon|Miraidon|100\/100\n|-fieldstart|move: Electric Terrain|[from] ability: Hadron Engine|[of] p2a: Miraidon\n|move|p1a: Baxcalibur|Icicle Spear|p2a: Miraidon\n|-supereffective|p2a: Miraidon\n|-damage|p2a: Miraidon|71\/100\n|-supereffective|p2a: Miraidon\n|-damage|p2a: Miraidon|39\/100\n|-supereffective|p2a: Miraidon\n|-damage|p2a: Miraidon|10\/100\n|-supereffective|p2a: Miraidon\n|-damage|p2a: Miraidon|0 fnt\n|faint|p2a: Miraidon\n|-hitcount|p2: Miraidon|4\n|\n|upkeep\n|\n|t:|1697946935\n|switch|p2a: Koraidon|Koraidon|100\/100\n|-weather|SunnyDay|[from] ability: Orichalcum Pulse|[of] p2a: Koraidon\n|-activate|p2a: Koraidon|Orichalcum Pulse|[source]\n|turn|5\n|\n|t:|1697946941\n|move|p1a: Baxcalibur|Dragon Claw|p2a: Koraidon\n|-supereffective|p2a: Koraidon\n|-damage|p2a: Koraidon|3\/100\n|move|p2a: Koraidon|Focus Blast|p1a: Baxcalibur\n|-supereffective|p1a: Baxcalibur\n|-damage|p1a: Baxcalibur|20\/100\n|\n|-weather|SunnyDay|[upkeep]\n|upkeep\n|turn|6\n|\n|t:|1697946955\n|switch|p2a: Dialga|Dialga-Origin|59\/100\n|-ability|p2a: Dialga|Pressure\n|move|p1a: Baxcalibur|Scale Shot|p2a: Dialga\n|-damage|p2a: Dialga|44\/100\n|-damage|p2a: Dialga|30\/100\n|-damage|p2a: Dialga|15\/100\n|-damage|p2a: Dialga|1\/100\n|-hitcount|p2a: Dialga|4\n|-unboost|p1a: Baxcalibur|def|1\n|-boost|p1a: Baxcalibur|spe|1\n|\n|-weather|SunnyDay|[upkeep]\n|upkeep\n|turn|7\n|\n|t:|1697946971\n|move|p1a: Baxcalibur|Icicle Spear|p2a: Dialga\n|-damage|p2a: Dialga|0 fnt\n|faint|p2a: Dialga\n|-hitcount|p2: Dialga|1\n|\n|-weather|SunnyDay|[upkeep]\n|upkeep\n|\n|t:|1697946978\n|switch|p2a: Koraidon|Koraidon|3\/100\n|-activate|p2a: Koraidon|ability: Orichalcum Pulse\n|turn|8\n|\n|t:|1697946984\n|move|p1a: Baxcalibur|Icicle Spear|p2a: Koraidon\n|-supereffective|p2a: Koraidon\n|-damage|p2a: Koraidon|0 fnt\n|faint|p2a: Koraidon\n|-hitcount|p2: Koraidon|1\n|\n|-weather|SunnyDay|[upkeep]\n|-fieldend|move: Electric Terrain\n|upkeep\n|\n|t:|1697946992\n|switch|p2a: Rayquaza|Rayquaza|100\/100\n|-ability|p2a: Rayquaza|Air Lock\n|turn|9\n|\n|t:|1697946998\n|-terastallize|p2a: Rayquaza|Dragon\n|move|p1a: Baxcalibur|Dragon Claw|p2a: Rayquaza\n|-supereffective|p2a: Rayquaza\n|-damage|p2a: Rayquaza|0 fnt\n|faint|p2a: Rayquaza\n|\n|-weather|none\n|upkeep\n|\n|t:|1697947008\n|switch|p2a: Giratina|Giratina-Origin|100\/100\n|turn|10\n|\n|t:|1697947013\n|move|p1a: Baxcalibur|Dragon Claw|p2a: Giratina\n|-supereffective|p2a: Giratina\n|-damage|p2a: Giratina|22\/100\n|move|p2a: Giratina|Shadow Force||[still]\n|-prepare|p2a: Giratina|Shadow Force\n|\n|upkeep\n|turn|11\n|\n|t:|1697947021\n|move|p1a: Baxcalibur|Dragon Dance|p1a: Baxcalibur\n|-boost|p1a: Baxcalibur|atk|1\n|-boost|p1a: Baxcalibur|spe|1\n|move|p2a: Giratina|Shadow Force|p1a: Baxcalibur|[from]lockedmove\n|-damage|p1a: Baxcalibur|0 fnt\n|faint|p1a: Baxcalibur\n|\n|upkeep\n|\n|t:|1697947029\n|switch|p1a: Torkoal|Torkoal, M|100\/100\n|-weather|SunnyDay|[from] ability: Drought|[of] p1a: Torkoal\n|turn|12\n|\n|t:|1697947037\n|move|p2a: Giratina|Shadow Force||[still]\n|-prepare|p2a: Giratina|Shadow Force\n|move|p1a: Torkoal|Amnesia|p1a: Torkoal\n|-boost|p1a: Torkoal|spd|2\n|\n|-weather|SunnyDay|[upkeep]\n|upkeep\n|turn|13\n|\n|t:|1697947045\n|move|p2a: Giratina|Shadow Force|p1a: Torkoal|[from]lockedmove\n|-crit|p1a: Torkoal\n|-damage|p1a: Torkoal|37\/100\n|move|p1a: Torkoal|Lava Plume|p2a: Giratina\n|-resisted|p2a: Giratina\n|-damage|p2a: Giratina|6\/100\n|\n|-weather|SunnyDay|[upkeep]\n|-heal|p1a: Torkoal|43\/100|[from] item: Leftovers\n|upkeep\n|turn|14\n|\n|t:|1697947056\n|move|p2a: Giratina|Shadow Ball|p1a: Torkoal\n|-damage|p1a: Torkoal|21\/100\n|-unboost|p1a: Torkoal|spd|1\n|move|p1a: Torkoal|Solar Beam||[still]\n|-prepare|p1a: Torkoal|Solar Beam\n|-anim|p1a: Torkoal|Solar Beam|p2a: Giratina\n|-resisted|p2a: Giratina\n|-damage|p2a: Giratina|0 fnt\n|faint|p2a: Giratina\n|\n|win|WrathgodXD\n|raw|WrathgodXD's rating: 1251 &rarr; <strong>1271<\/strong><br \/>(+20 for winning)\n|raw|MAFIA_JOKER's rating: 1187 &rarr; <strong>1167<\/strong><br \/>(-20 for losing)\n|c|\u2606WrathgodXD|gg\n","uploadtime":1697947073,"views":9,"p1id":"wrathgodxd","p2id":"mafiajoker","formatid":"gen9anythinggoes","rating":1167,"private":0,"password":""}