{"id":"gen9anythinggoes-1992420973","p1":"SebMex17","p2":"Player6206","format":"[Gen 9] Anything Goes","log":"|j|\u2606SebMex17\n|j|\u2606Player6206\n|t:|1700185552\n|gametype|singles\n|player|p1|SebMex17|falkner|1094\n|player|p2|Player6206|hilbert|1171\n|teamsize|p1|6\n|teamsize|p2|6\n|gen|9\n|tier|[Gen 9] Anything Goes\n|rated|\n|rule|HP Percentage Mod: HP is shown in percentages\n|rule|Endless Battle Clause: Forcing endless battles is banned\n|clearpoke\n|poke|p1|Brambleghast, M|\n|poke|p1|Kilowattrel, F|\n|poke|p1|Dondozo, M|\n|poke|p1|Clodsire, M|\n|poke|p1|Ariados, F|\n|poke|p1|Ninetales, F|\n|poke|p2|Samurott-Hisui, M|\n|poke|p2|Dialga-Origin|\n|poke|p2|Cinderace, M|\n|poke|p2|Kommo-o, M|\n|poke|p2|Salamence, M|\n|poke|p2|Mimikyu, M|\n|teampreview\n|inactive|Battle timer is ON: inactive players will automatically lose when time's up. (requested by Player6206)\n|\n|t:|1700185558\n|start\n|switch|p1a: Webby|Ariados, F, shiny|100\/100\n|switch|p2a: Mimikyu|Mimikyu, M|100\/100\n|turn|1\n|\n|t:|1700185563\n|move|p2a: Mimikyu|Swords Dance|p2a: Mimikyu\n|-boost|p2a: Mimikyu|atk|2\n|move|p1a: Webby|Sticky Web|p2a: Mimikyu\n|-sidestart|p2: Player6206|move: Sticky Web\n|\n|upkeep\n|turn|2\n|\n|t:|1700185571\n|move|p2a: Mimikyu|Swords Dance|p2a: Mimikyu\n|-boost|p2a: Mimikyu|atk|2\n|move|p1a: Webby|Swords Dance|p1a: Webby\n|-boost|p1a: Webby|atk|2\n|\n|upkeep\n|turn|3\n|\n|t:|1700185576\n|move|p2a: Mimikyu|Swords Dance|p2a: Mimikyu\n|-boost|p2a: Mimikyu|atk|2\n|move|p1a: Webby|Poison Jab|p2a: Mimikyu\n|-activate|p2a: Mimikyu|ability: Disguise\n|-damage|p2a: Mimikyu|100\/100\n|detailschange|p2a: Mimikyu|Mimikyu-Busted, M\n|-damage|p2a: Mimikyu|88\/100|[from] pokemon: Mimikyu-Busted\n|\n|upkeep\n|turn|4\n|\n|t:|1700185585\n|move|p2a: Mimikyu|Shadow Sneak|p1a: Webby\n|-damage|p1a: Webby|6\/100\n|-damage|p2a: Mimikyu|78\/100|[from] item: Life Orb\n|move|p1a: Webby|Poison Jab|p2a: Mimikyu\n|-damage|p2a: Mimikyu|0 fnt\n|faint|p2a: Mimikyu\n|\n|upkeep\n|\n|t:|1700185593\n|switch|p2a: Salamence|Salamence, M|100\/100\n|turn|5\n|\n|t:|1700185598\n|move|p2a: Salamence|Dual Wingbeat|p1a: Webby|[miss]\n|-miss|p2a: Salamence|p1a: Webby\n|move|p1a: Webby|Leech Life|p2a: Salamence\n|-resisted|p2a: Salamence\n|-damage|p2a: Salamence|64\/100\n|-heal|p1a: Webby|25\/100|[from] drain|[of] p2a: Salamence\n|\n|upkeep\n|turn|6\n|\n|t:|1700185605\n|move|p2a: Salamence|Dual Wingbeat|p1a: Webby\n|-supereffective|p1a: Webby\n|-damage|p1a: Webby|0 fnt\n|faint|p1a: Webby\n|-ability|p2a: Salamence|Moxie|boost\n|-boost|p2a: Salamence|atk|1\n|-hitcount|p1: Webby|1\n|\n|upkeep\n|\n|t:|1700185612\n|switch|p1a: Dollar Tree Zapdos|Kilowattrel, F|100\/100\n|turn|7\n|\n|t:|1700185619\n|move|p1a: Dollar Tree Zapdos|Tailwind|p1a: Dollar Tree Zapdos\n|-sidestart|p1: SebMex17|move: Tailwind\n|-start|p1a: Dollar Tree Zapdos|Charge|Tailwind|[from] ability: Wind Power\n|move|p2a: Salamence|Dragon Dance|p2a: Salamence\n|-boost|p2a: Salamence|atk|1\n|-boost|p2a: Salamence|spe|1\n|\n|upkeep\n|turn|8\n|\n|t:|1700185626\n|move|p1a: Dollar Tree Zapdos|Electro Ball|p2a: Salamence\n|-damage|p2a: Salamence|0 fnt\n|faint|p2a: Salamence\n|-end|p1a: Dollar Tree Zapdos|Charge|[silent]\n|\n|upkeep\n|\n|t:|1700185631\n|switch|p2a: Dialga|Dialga-Origin|100\/100\n|-activate|p2a: Dialga|move: Sticky Web\n|-unboost|p2a: Dialga|spe|1\n|-ability|p2a: Dialga|Pressure\n|turn|9\n|\n|t:|1700185645\n|switch|p1a: ProteinFish|Dondozo, M, shiny|100\/100\n|move|p2a: Dialga|Roar of Time|p1a: ProteinFish\n|-damage|p1a: ProteinFish|17\/100\n|-mustrecharge|p2a: Dialga\n|-enditem|p1a: ProteinFish|Aguav Berry|[eat]\n|-heal|p1a: ProteinFish|51\/100|[from] item: Aguav Berry\n|\n|upkeep\n|turn|10\n|\n|t:|1700185657\n|move|p1a: ProteinFish|Earthquake|p2a: Dialga\n|-supereffective|p2a: Dialga\n|-damage|p2a: Dialga|60\/100\n|cant|p2a: Dialga|recharge\n|\n|-sideend|p1: SebMex17|move: Tailwind\n|upkeep\n|turn|11\n|\n|t:|1700185667\n|move|p2a: Dialga|Earthquake|p1a: ProteinFish\n|-damage|p1a: ProteinFish|35\/100\n|move|p1a: ProteinFish|Earthquake|p2a: Dialga\n|-supereffective|p2a: Dialga\n|-damage|p2a: Dialga|14\/100\n|\n|upkeep\n|turn|12\n|\n|t:|1700185677\n|move|p2a: Dialga|Draco Meteor|p1a: ProteinFish\n|-damage|p1a: ProteinFish|0 fnt\n|-unboost|p2a: Dialga|spa|2\n|faint|p1a: ProteinFish\n|\n|upkeep\n|\n|t:|1700185683\n|switch|p1a: Dollar Tree Zapdos|Kilowattrel, F|100\/100\n|turn|13\n|\n|t:|1700185687\n|move|p1a: Dollar Tree Zapdos|Air Slash|p2a: Dialga\n|-resisted|p2a: Dialga\n|-damage|p2a: Dialga|0 fnt\n|faint|p2a: Dialga\n|\n|upkeep\n|\n|t:|1700185692\n|switch|p2a: Kommo-o|Kommo-o, M|100\/100\n|-activate|p2a: Kommo-o|move: Sticky Web\n|-unboost|p2a: Kommo-o|spe|1\n|turn|14\n|\n|t:|1700185696\n|move|p1a: Dollar Tree Zapdos|Tailwind|p1a: Dollar Tree Zapdos\n|-sidestart|p1: SebMex17|move: Tailwind\n|-start|p1a: Dollar Tree Zapdos|Charge|Tailwind|[from] ability: Wind Power\n|move|p2a: Kommo-o|Clangorous Soul|p2a: Kommo-o\n|-boost|p2a: Kommo-o|atk|1\n|-boost|p2a: Kommo-o|def|1\n|-boost|p2a: Kommo-o|spa|1\n|-boost|p2a: Kommo-o|spd|1\n|-boost|p2a: Kommo-o|spe|1\n|-damage|p2a: Kommo-o|68\/100\n|-enditem|p2a: Kommo-o|Throat Spray\n|-boost|p2a: Kommo-o|spa|1|[from] item: Throat Spray\n|\n|upkeep\n|turn|15\n|\n|t:|1700185708\n|move|p1a: Dollar Tree Zapdos|Electro Ball|p2a: Kommo-o\n|-immune|p2a: Kommo-o|[from] ability: Bulletproof\n|-end|p1a: Dollar Tree Zapdos|Charge|[silent]\n|move|p2a: Kommo-o|Clanging Scales|p1a: Dollar Tree Zapdos\n|-damage|p1a: Dollar Tree Zapdos|0 fnt\n|faint|p1a: Dollar Tree Zapdos\n|-unboost|p2a: Kommo-o|def|1\n|\n|upkeep\n|\n|t:|1700185716\n|switch|p1a: Tumbleweed tim|Brambleghast, M, shiny|100\/100\n|-ability|p1a: Tumbleweed tim|Wind Rider|boost\n|-boost|p1a: Tumbleweed tim|atk|1\n|turn|16\n|\n|t:|1700185723\n|-terastallize|p1a: Tumbleweed tim|Fire\n|move|p1a: Tumbleweed tim|Poltergeist||[still]\n|-fail|p1a: Tumbleweed tim\n|move|p2a: Kommo-o|Clanging Scales|p1a: Tumbleweed tim\n|-damage|p1a: Tumbleweed tim|0 fnt\n|faint|p1a: Tumbleweed tim\n|-unboost|p2a: Kommo-o|def|1\n|\n|upkeep\n|\n|t:|1700185739\n|switch|p1a: Battle Mercy|Ninetales, F|100\/100\n|-weather|SunnyDay|[from] ability: Drought|[of] p1a: Battle Mercy\n|turn|17\n|\n|t:|1700185751\n|move|p1a: Battle Mercy|Calm Mind|p1a: Battle Mercy\n|-boost|p1a: Battle Mercy|spa|1\n|-boost|p1a: Battle Mercy|spd|1\n|move|p2a: Kommo-o|Counter||[still]\n|-fail|p2a: Kommo-o\n|\n|-weather|SunnyDay|[upkeep]\n|-sideend|p1: SebMex17|move: Tailwind\n|upkeep\n|turn|18\n|\n|t:|1700185757\n|move|p1a: Battle Mercy|Calm Mind|p1a: Battle Mercy\n|-boost|p1a: Battle Mercy|spa|1\n|-boost|p1a: Battle Mercy|spd|1\n|move|p2a: Kommo-o|Clanging Scales|p1a: Battle Mercy|[miss]\n|-miss|p2a: Kommo-o|p1a: Battle Mercy\n|\n|-weather|SunnyDay|[upkeep]\n|upkeep\n|turn|19\n|\n|t:|1700185763\n|move|p1a: Battle Mercy|Calm Mind|p1a: Battle Mercy\n|-boost|p1a: Battle Mercy|spa|1\n|-boost|p1a: Battle Mercy|spd|1\n|move|p2a: Kommo-o|Clanging Scales|p1a: Battle Mercy\n|-damage|p1a: Battle Mercy|67\/100\n|-unboost|p2a: Kommo-o|def|1\n|\n|-weather|SunnyDay|[upkeep]\n|upkeep\n|turn|20\n|\n|t:|1700185771\n|move|p1a: Battle Mercy|Calm Mind|p1a: Battle Mercy\n|-boost|p1a: Battle Mercy|spa|1\n|-boost|p1a: Battle Mercy|spd|1\n|move|p2a: Kommo-o|Clangorous Soul|p2a: Kommo-o\n|-boost|p2a: Kommo-o|atk|1\n|-boost|p2a: Kommo-o|def|1\n|-boost|p2a: Kommo-o|spa|1\n|-boost|p2a: Kommo-o|spd|1\n|-boost|p2a: Kommo-o|spe|1\n|-damage|p2a: Kommo-o|35\/100\n|\n|-weather|SunnyDay|[upkeep]\n|upkeep\n|turn|21\n|\n|t:|1700185782\n|move|p2a: Kommo-o|Clanging Scales|p1a: Battle Mercy\n|-damage|p1a: Battle Mercy|33\/100\n|-unboost|p2a: Kommo-o|def|1\n|move|p1a: Battle Mercy|Flamethrower|p2a: Kommo-o\n|-resisted|p2a: Kommo-o\n|-damage|p2a: Kommo-o|0 fnt\n|faint|p2a: Kommo-o\n|\n|-weather|none\n|upkeep\n|\n|t:|1700185790\n|switch|p2a: Samurott|Samurott-Hisui, M|100\/100\n|-activate|p2a: Samurott|move: Sticky Web\n|-unboost|p2a: Samurott|spe|1\n|turn|22\n|\n|t:|1700185796\n|-terastallize|p2a: Samurott|Ground\n|move|p1a: Battle Mercy|Energy Ball|p2a: Samurott\n|-supereffective|p2a: Samurott\n|-damage|p2a: Samurott|0 fnt\n|faint|p2a: Samurott\n|\n|upkeep\n|\n|t:|1700185803\n|switch|p2a: Cinderace|Cinderace, M|100\/100\n|turn|23\n|\n|t:|1700185810\n|move|p2a: Cinderace|High Jump Kick|p1a: Battle Mercy\n|-start|p2a: Cinderace|typechange|Fighting|[from] ability: Libero\n|-damage|p1a: Battle Mercy|0 fnt\n|faint|p1a: Battle Mercy\n|\n|upkeep\n|\n|t:|1700185815\n|switch|p1a: CLOD HIMSELF|Clodsire, M, shiny|100\/100\n|turn|24\n|\n|t:|1700185822\n|move|p2a: Cinderace|High Jump Kick|p1a: CLOD HIMSELF\n|-resisted|p1a: CLOD HIMSELF\n|-damage|p1a: CLOD HIMSELF|69\/100\n|move|p1a: CLOD HIMSELF|Substitute|p1a: CLOD HIMSELF\n|-start|p1a: CLOD HIMSELF|Substitute\n|-damage|p1a: CLOD HIMSELF|44\/100\n|\n|-heal|p1a: CLOD HIMSELF|50\/100|[from] item: Black Sludge\n|upkeep\n|turn|25\n|\n|t:|1700185829\n|move|p2a: Cinderace|Acrobatics|p1a: CLOD HIMSELF\n|-activate|p1a: CLOD HIMSELF|move: Substitute|[damage]\n|move|p1a: CLOD HIMSELF|Gunk Shot|p2a: Cinderace\n|-damage|p2a: Cinderace|62\/100\n|-status|p2a: Cinderace|psn\n|\n|-heal|p1a: CLOD HIMSELF|56\/100|[from] item: Black Sludge\n|-damage|p2a: Cinderace|49\/100 psn|[from] psn\n|upkeep\n|turn|26\n|\n|t:|1700185840\n|move|p2a: Cinderace|Pyro Ball|p1a: CLOD HIMSELF\n|-end|p1a: CLOD HIMSELF|Substitute\n|move|p1a: CLOD HIMSELF|Gunk Shot|p2a: Cinderace|[miss]\n|-miss|p1a: CLOD HIMSELF|p2a: Cinderace\n|\n|-heal|p1a: CLOD HIMSELF|62\/100|[from] item: Black Sludge\n|-damage|p2a: Cinderace|37\/100 psn|[from] psn\n|upkeep\n|turn|27\n|\n|t:|1700185848\n|move|p2a: Cinderace|Acrobatics|p1a: CLOD HIMSELF\n|-damage|p1a: CLOD HIMSELF|46\/100\n|move|p1a: CLOD HIMSELF|Substitute|p1a: CLOD HIMSELF\n|-start|p1a: CLOD HIMSELF|Substitute\n|-damage|p1a: CLOD HIMSELF|21\/100\n|\n|-heal|p1a: CLOD HIMSELF|27\/100|[from] item: Black Sludge\n|-damage|p2a: Cinderace|25\/100 psn|[from] psn\n|upkeep\n|turn|28\n|\n|t:|1700185857\n|move|p2a: Cinderace|Acrobatics|p1a: CLOD HIMSELF\n|-activate|p1a: CLOD HIMSELF|move: Substitute|[damage]\n|move|p1a: CLOD HIMSELF|Gunk Shot|p2a: Cinderace\n|-damage|p2a: Cinderace|0 fnt\n|faint|p2a: Cinderace\n|\n|win|SebMex17\n|raw|SebMex17's rating: 1094 &rarr; <strong>1126<\/strong><br \/>(+32 for winning)\n|raw|Player6206's rating: 1171 &rarr; <strong>1141<\/strong><br \/>(-30 for losing)\n|l|\u2606Player6206\n","uploadtime":1700185871,"views":4,"p1id":"sebmex17","p2id":"player6206","formatid":"gen9anythinggoes","rating":1126,"private":0,"password":""}