{"id":"gen9anythinggoes-1994665299","p1":"salmon in space","p2":"krookodilemoxie","format":"[Gen 9] Anything Goes","log":"|j|\u2606salmon in space\n|j|\u2606krookodilemoxie\n|t:|1700477851\n|gametype|singles\n|player|p1|salmon in space|swimmer-gen4|1112\n|player|p2|krookodilemoxie|byron|1241\n|teamsize|p1|6\n|teamsize|p2|6\n|gen|9\n|tier|[Gen 9] Anything Goes\n|rated|\n|rule|HP Percentage Mod: HP is shown in percentages\n|rule|Endless Battle Clause: Forcing endless battles is banned\n|clearpoke\n|poke|p1|Basculegion, M|\n|poke|p1|Cresselia, F|\n|poke|p1|Goodra-Hisui, M|\n|poke|p1|Tornadus, M|\n|poke|p1|Ursaluna, F|\n|poke|p1|Urshifu-*, F|\n|poke|p2|Calyrex-Shadow|\n|poke|p2|Clefable, F|\n|poke|p2|Hatterene, F|\n|poke|p2|Snorlax, F|\n|poke|p2|Dusclops, F|\n|poke|p2|Grimmsnarl, M|\n|teampreview\n|inactive|Battle timer is ON: inactive players will automatically lose when time's up. (requested by krookodilemoxie)\n|\n|t:|1700477861\n|start\n|switch|p1a: solid snake|Urshifu, F|100\/100\n|switch|p2a: Calyrex|Calyrex-Shadow|100\/100\n|-ability|p2a: Calyrex|As One\n|-ability|p2a: Calyrex|Unnerve\n|turn|1\n|\n|t:|1700477870\n|move|p2a: Calyrex|Metronome|p2a: Calyrex\n|move|p2a: Calyrex|Wood Hammer|p1a: solid snake|[from]move: Metronome\n|-damage|p1a: solid snake|79\/100\n|-damage|p2a: Calyrex|93\/100|[from] Recoil\n|move|p1a: solid snake|Wicked Blow|p2a: Calyrex\n|-supereffective|p2a: Calyrex\n|-crit|p2a: Calyrex\n|-damage|p2a: Calyrex|0 fnt\n|faint|p2a: Calyrex\n|\n|upkeep\n|\n|t:|1700477882\n|switch|p2a: Clefable|Clefable, F|100\/100\n|turn|2\n|\n|t:|1700477891\n|switch|p1a: fredrick|Ursaluna, F|100\/100\n|move|p2a: Clefable|Metronome|p2a: Clefable\n|move|p2a: Clefable|Wild Charge|p1a: fredrick|[from]move: Metronome\n|-immune|p1a: fredrick\n|\n|-status|p1a: fredrick|brn|[from] item: Flame Orb\n|upkeep\n|turn|3\n|\n|t:|1700477899\n|move|p2a: Clefable|Metronome|p2a: Clefable\n|move|p2a: Clefable|Taunt|p1a: fredrick|[from]move: Metronome\n|-start|p1a: fredrick|move: Taunt\n|move|p1a: fredrick|Facade|p2a: Clefable\n|-damage|p2a: Clefable|0 fnt\n|faint|p2a: Clefable\n|\n|-damage|p1a: fredrick|94\/100 brn|[from] brn\n|upkeep\n|\n|t:|1700477904\n|switch|p2a: Dusclops|Dusclops, F|100\/100\n|-item|p1a: fredrick|Flame Orb|[from] ability: Frisk|[of] p2a: Dusclops|[identify]\n|turn|4\n|c|\u2606salmon in space|Die\n|\n|t:|1700477915\n|move|p1a: fredrick|Facade|p2a: Dusclops\n|-immune|p2a: Dusclops\n|move|p2a: Dusclops|Metronome|p2a: Dusclops\n|move|p2a: Dusclops|Mortal Spin|p1a: fredrick|[from]move: Metronome\n|-resisted|p1a: fredrick\n|-damage|p1a: fredrick|91\/100 brn\n|\n|-damage|p1a: fredrick|85\/100 brn|[from] brn\n|upkeep\n|turn|5\n|c|\u2606salmon in space|Uh oh\n|\n|t:|1700477933\n|switch|p1a: solid snake|Urshifu, F|79\/100\n|move|p2a: Dusclops|Metronome|p2a: Dusclops\n|move|p2a: Dusclops|Brine|p1a: solid snake|[from]move: Metronome\n|-damage|p1a: solid snake|66\/100\n|\n|upkeep\n|turn|6\n|\n|t:|1700477945\n|-terastallize|p2a: Dusclops|Dark\n|move|p1a: solid snake|Sucker Punch||[still]\n|-fail|p1a: solid snake\n|move|p2a: Dusclops|Metronome|p2a: Dusclops\n|move|p2a: Dusclops|Poison Jab|p1a: solid snake|[from]move: Metronome\n|-damage|p1a: solid snake|44\/100\n|-status|p1a: solid snake|psn\n|\n|-damage|p1a: solid snake|32\/100 psn|[from] psn\n|upkeep\n|turn|7\n|\n|t:|1700477960\n|-terastallize|p1a: solid snake|Poison\n|move|p1a: solid snake|Close Combat|p2a: Dusclops\n|-supereffective|p2a: Dusclops\n|-damage|p2a: Dusclops|18\/100\n|-unboost|p1a: solid snake|def|1\n|-unboost|p1a: solid snake|spd|1\n|move|p2a: Dusclops|Metronome|p2a: Dusclops\n|move|p2a: Dusclops|Poison Tail|p1a: solid snake|[from]move: Metronome\n|-resisted|p1a: solid snake\n|-damage|p1a: solid snake|23\/100 psn\n|\n|-damage|p1a: solid snake|10\/100 psn|[from] psn\n|upkeep\n|turn|8\n|\n|t:|1700477973\n|move|p1a: solid snake|Close Combat|p2a: Dusclops\n|-supereffective|p2a: Dusclops\n|-damage|p2a: Dusclops|0 fnt\n|-unboost|p1a: solid snake|def|1\n|-unboost|p1a: solid snake|spd|1\n|faint|p2a: Dusclops\n|\n|-damage|p1a: solid snake|0 fnt|[from] psn\n|faint|p1a: solid snake\n|upkeep\n|\n|t:|1700477981\n|switch|p1a: solid snail|Goodra-Hisui, M|100\/100\n|switch|p2a: Grimmsnarl|Grimmsnarl, M|100\/100\n|turn|9\n|\n|t:|1700477988\n|move|p2a: Grimmsnarl|Metronome|p2a: Grimmsnarl\n|move|p2a: Grimmsnarl|Glare|p1a: solid snail|[from]move: Metronome\n|-status|p1a: solid snail|par\n|move|p1a: solid snail|Flash Cannon|p2a: Grimmsnarl\n|-supereffective|p2a: Grimmsnarl\n|-enditem|p2a: Grimmsnarl|Focus Sash\n|-damage|p2a: Grimmsnarl|1\/100\n|-damage|p1a: solid snail|91\/100 par|[from] item: Life Orb\n|\n|upkeep\n|turn|10\n|\n|t:|1700478000\n|move|p2a: Grimmsnarl|Metronome|p2a: Grimmsnarl\n|move|p2a: Grimmsnarl|Zing Zap|p1a: solid snail|[from]move: Metronome\n|-resisted|p1a: solid snail\n|-damage|p1a: solid snail|78\/100 par\n|move|p1a: solid snail|Flash Cannon|p2a: Grimmsnarl\n|-supereffective|p2a: Grimmsnarl\n|-damage|p2a: Grimmsnarl|0 fnt\n|faint|p2a: Grimmsnarl\n|-damage|p1a: solid snail|68\/100 par|[from] item: Life Orb\n|\n|upkeep\n|\n|t:|1700478003\n|switch|p2a: Snorlax|Snorlax, F|100\/100\n|turn|11\n|\n|t:|1700478011\n|switch|p1a: feesh|Basculegion, M|100\/100\n|move|p2a: Snorlax|Metronome|p2a: Snorlax\n|move|p2a: Snorlax|Heavy Slam|p1a: feesh|[from]move: Metronome\n|-resisted|p1a: feesh\n|-damage|p1a: feesh|79\/100\n|\n|upkeep\n|turn|12\n|\n|t:|1700478022\n|switch|p1a: fredrick|Ursaluna, F|85\/100 brn\n|move|p2a: Snorlax|Metronome|p2a: Snorlax\n|move|p2a: Snorlax|Calm Mind|p2a: Snorlax|[from]move: Metronome\n|-boost|p2a: Snorlax|spa|1\n|-boost|p2a: Snorlax|spd|1\n|\n|-damage|p1a: fredrick|79\/100 brn|[from] brn\n|upkeep\n|turn|13\n|\n|t:|1700478027\n|move|p1a: fredrick|Ice Punch|p2a: Snorlax\n|-damage|p2a: Snorlax|78\/100\n|move|p2a: Snorlax|Metronome|p2a: Snorlax\n|move|p2a: Snorlax|Mean Look|p1a: fredrick|[from]move: Metronome\n|-activate|p1a: fredrick|trapped\n|\n|-heal|p2a: Snorlax|84\/100|[from] item: Leftovers\n|-damage|p1a: fredrick|73\/100 brn|[from] brn\n|upkeep\n|turn|14\n|\n|t:|1700478036\n|move|p1a: fredrick|Earthquake|p2a: Snorlax\n|-damage|p2a: Snorlax|0 fnt\n|faint|p2a: Snorlax\n|\n|-damage|p1a: fredrick|66\/100 brn|[from] brn\n|upkeep\n|-message|krookodilemoxie forfeited.\n|\n|win|salmon in space\n|raw|salmon in space's rating: 1112 &rarr; <strong>1146<\/strong><br \/>(+34 for winning)\n|raw|krookodilemoxie's rating: 1241 &rarr; <strong>1207<\/strong><br \/>(-34 for losing)\n|l|\u2606krookodilemoxie\n","uploadtime":1700477930,"views":8,"p1id":"salmoninspace","p2id":"krookodilemoxie","formatid":"gen9anythinggoes","rating":1146,"private":0,"password":""}