{"id":"gen9anythinggoes-1986151406","p1":"staynxd","p2":"Zaya575","format":"[Gen 9] Anything Goes","log":"|j|\u2606staynxd\n|j|\u2606Zaya575\n|t:|1699455061\n|gametype|singles\n|player|p1|staynxd|101|1000\n|player|p2|Zaya575|veteran|1096\n|teamsize|p1|6\n|teamsize|p2|6\n|gen|9\n|tier|[Gen 9] Anything Goes\n|rated|\n|rule|HP Percentage Mod: HP is shown in percentages\n|rule|Endless Battle Clause: Forcing endless battles is banned\n|clearpoke\n|poke|p1|Zacian-*|\n|poke|p1|Baxcalibur, M|\n|poke|p1|Kyogre|\n|poke|p1|Zoroark-Hisui, M|\n|poke|p1|Giratina-Origin|\n|poke|p1|Darkrai|\n|poke|p2|Arceus-Dragon|\n|poke|p2|Zamazenta-*|\n|poke|p2|Zacian-*|\n|poke|p2|Koraidon|\n|poke|p2|Miraidon|\n|poke|p2|Kingambit, M|\n|teampreview\n|inactive|Battle timer is ON: inactive players will automatically lose when time's up. (requested by Zaya575)\n|inactive|staynxd has 120 seconds left.\n|\n|t:|1699455113\n|start\n|switch|p1a: Darkrai|Darkrai, shiny|100\/100\n|switch|p2a: Miraidon|Miraidon|100\/100\n|-fieldstart|move: Electric Terrain|[from] ability: Hadron Engine|[of] p2a: Miraidon\n|turn|1\n|inactive|staynxd has 120 seconds left.\n|\n|t:|1699455157\n|-terastallize|p1a: Darkrai|Normal\n|move|p1a: Darkrai|Shadow Ball|p2a: Miraidon\n|-damage|p2a: Miraidon|56\/100\n|move|p2a: Miraidon|Electro Drift|p1a: Darkrai\n|-damage|p1a: Darkrai|0 fnt\n|replace|p1a: Zoroark|Zoroark-Hisui, M, shiny\n|-end|p1a: Zoroark|Illusion\n|faint|p1a: Zoroark\n|\n|-heal|p2a: Miraidon|62\/100|[from] item: Leftovers\n|upkeep\n|\n|t:|1699455169\n|switch|p1a: Zacian|Zacian-Crowned, shiny|100\/100\n|-ability|p1a: Zacian|Intrepid Sword|boost\n|-boost|p1a: Zacian|atk|1\n|turn|2\n|\n|t:|1699455197\n|move|p1a: Zacian|Behemoth Blade|p2a: Miraidon\n|-resisted|p2a: Miraidon\n|-damage|p2a: Miraidon|30\/100\n|move|p2a: Miraidon|Electro Drift|p1a: Zacian\n|-damage|p1a: Zacian|33\/100\n|\n|-heal|p2a: Miraidon|36\/100|[from] item: Leftovers\n|upkeep\n|turn|3\n|\n|t:|1699455210\n|move|p1a: Zacian|Close Combat|p2a: Miraidon\n|-damage|p2a: Miraidon|0 fnt\n|-unboost|p1a: Zacian|def|1\n|-unboost|p1a: Zacian|spd|1\n|faint|p2a: Miraidon\n|\n|upkeep\n|inactive|Zaya575 has 120 seconds left.\n|\n|t:|1699455248\n|switch|p2a: Koraidon|Koraidon|100\/100\n|-weather|SunnyDay|[from] ability: Orichalcum Pulse|[of] p2a: Koraidon\n|-activate|p2a: Koraidon|Orichalcum Pulse|[source]\n|turn|4\n|inactive|staynxd has 120 seconds left.\n|\n|t:|1699455253\n|move|p1a: Zacian|Close Combat|p2a: Koraidon\n|-damage|p2a: Koraidon|54\/100\n|-unboost|p1a: Zacian|def|1\n|-unboost|p1a: Zacian|spd|1\n|move|p2a: Koraidon|Drain Punch|p1a: Zacian\n|-damage|p1a: Zacian|0 fnt\n|-heal|p2a: Koraidon|69\/100|[from] drain|[of] p1a: Zacian\n|faint|p1a: Zacian\n|\n|-weather|SunnyDay|[upkeep]\n|-heal|p2a: Koraidon|75\/100|[from] item: Leftovers\n|upkeep\n|inactive|staynxd has 120 seconds left.\n|\n|t:|1699455269\n|switch|p1a: Baxcalibur|Baxcalibur, M, shiny|100\/100\n|turn|5\n|inactive|Zaya575 has 120 seconds left.\n|\n|t:|1699455293\n|move|p2a: Koraidon|Dragon Pulse|p1a: Baxcalibur\n|-supereffective|p1a: Baxcalibur\n|-damage|p1a: Baxcalibur|42\/100\n|move|p1a: Baxcalibur|Glaive Rush|p2a: Koraidon\n|-supereffective|p2a: Koraidon\n|-damage|p2a: Koraidon|0 fnt\n|-singlemove|p1a: Baxcalibur|Glaive Rush|[silent]\n|faint|p2a: Koraidon\n|\n|-weather|SunnyDay|[upkeep]\n|-fieldend|move: Electric Terrain\n|upkeep\n|\n|t:|1699455298\n|switch|p2a: Zamazenta|Zamazenta-Crowned, shiny|100\/100\n|-ability|p2a: Zamazenta|Dauntless Shield|boost\n|-boost|p2a: Zamazenta|def|1\n|turn|6\n|\n|t:|1699455305\n|move|p2a: Zamazenta|Brick Break|p1a: Baxcalibur\n|-supereffective|p1a: Baxcalibur\n|-damage|p1a: Baxcalibur|0 fnt\n|faint|p1a: Baxcalibur\n|\n|-weather|SunnyDay|[upkeep]\n|upkeep\n|\n|t:|1699455314\n|switch|p1a: Giratina|Giratina-Origin, shiny|100\/100\n|turn|7\n|\n|t:|1699455320\n|move|p2a: Zamazenta|Behemoth Bash|p1a: Giratina\n|-damage|p1a: Giratina|72\/100\n|move|p1a: Giratina|Will-O-Wisp|p2a: Zamazenta|[miss]\n|-miss|p1a: Giratina|p2a: Zamazenta\n|\n|-weather|SunnyDay|[upkeep]\n|upkeep\n|turn|8\n|\n|t:|1699455343\n|switch|p2a: Arceus|Arceus-Dragon, shiny|100\/100\n|move|p1a: Giratina|Shadow Sneak|p2a: Arceus\n|-damage|p2a: Arceus|88\/100\n|\n|-weather|none\n|upkeep\n|turn|9\n|\n|t:|1699455351\n|move|p2a: Arceus|Dragon Pulse|p1a: Giratina\n|-supereffective|p1a: Giratina\n|-damage|p1a: Giratina|2\/100\n|move|p1a: Giratina|Draco Meteor|p2a: Arceus\n|-supereffective|p2a: Arceus\n|-damage|p2a: Arceus|0 fnt\n|-unboost|p1a: Giratina|spa|2\n|faint|p2a: Arceus\n|\n|upkeep\n|\n|t:|1699455366\n|switch|p2a: Zamazenta|Zamazenta-Crowned, shiny|100\/100\n|turn|10\n|\n|t:|1699455373\n|move|p2a: Zamazenta|Behemoth Bash|p1a: Giratina\n|-damage|p1a: Giratina|0 fnt\n|faint|p1a: Giratina\n|\n|upkeep\n|\n|t:|1699455376\n|switch|p1a: Darkrai|Darkrai, shiny|100\/100\n|turn|11\n|\n|t:|1699455381\n|move|p1a: Darkrai|Hypnosis|p2a: Zamazenta\n|-status|p2a: Zamazenta|slp|[from] move: Hypnosis\n|cant|p2a: Zamazenta|slp\n|\n|-damage|p2a: Zamazenta|88\/100 slp|[from] ability: Bad Dreams|[of] p1a: Darkrai\n|upkeep\n|turn|12\n|inactive|staynxd has 120 seconds left.\n|\n|t:|1699455433\n|move|p1a: Darkrai|Thunder|p2a: Zamazenta|[miss]\n|-miss|p1a: Darkrai|p2a: Zamazenta\n|-curestatus|p2a: Zamazenta|slp|[msg]\n|move|p2a: Zamazenta|Brick Break|p1a: Darkrai\n|-supereffective|p1a: Darkrai\n|-damage|p1a: Darkrai|10\/100\n|\n|upkeep\n|turn|13\n|\n|t:|1699455440\n|move|p1a: Darkrai|Thunder|p2a: Zamazenta\n|-damage|p2a: Zamazenta|56\/100\n|-damage|p1a: Darkrai|0 fnt|[from] item: Life Orb\n|faint|p1a: Darkrai\n|move|p2a: Zamazenta|Brick Break|p1: Darkrai|[notarget]\n|-fail|p2a: Zamazenta\n|\n|upkeep\n|\n|t:|1699455448\n|switch|p1a: Kyogre|Kyogre, shiny|100\/100\n|-weather|RainDance|[from] ability: Drizzle|[of] p1a: Kyogre\n|turn|14\n|\n|t:|1699455458\n|switch|p2a: Zacian|Zacian-Crowned, shiny|100\/100\n|-ability|p2a: Zacian|Intrepid Sword|boost\n|-boost|p2a: Zacian|atk|1\n|move|p1a: Kyogre|Water Spout|p2a: Zacian\n|-damage|p2a: Zacian|0 fnt\n|faint|p2a: Zacian\n|\n|-weather|RainDance|[upkeep]\n|upkeep\n|\n|t:|1699455464\n|switch|p2a: Zamazenta|Zamazenta-Crowned, shiny|56\/100\n|turn|15\n|\n|t:|1699455470\n|move|p2a: Zamazenta|Behemoth Bash|p1a: Kyogre\n|-resisted|p1a: Kyogre\n|-damage|p1a: Kyogre|77\/100\n|move|p1a: Kyogre|Water Spout|p2a: Zamazenta\n|-damage|p2a: Zamazenta|0 fnt\n|faint|p2a: Zamazenta\n|\n|-weather|RainDance|[upkeep]\n|upkeep\n|\n|t:|1699455475\n|switch|p2a: Kingambit|Kingambit, M|100\/100\n|-activate|p2a: Kingambit|ability: Supreme Overlord\n|-start|p2a: Kingambit|fallen5|[silent]\n|turn|16\n|\n|t:|1699455480\n|move|p2a: Kingambit|Sucker Punch|p1a: Kyogre\n|-damage|p1a: Kyogre|23\/100\n|move|p1a: Kyogre|Water Spout|p2a: Kingambit\n|-damage|p2a: Kingambit|50\/100\n|\n|-weather|RainDance|[upkeep]\n|-heal|p2a: Kingambit|56\/100|[from] item: Leftovers\n|upkeep\n|turn|17\n|\n|t:|1699455488\n|move|p2a: Kingambit|Sucker Punch|p1a: Kyogre\n|-damage|p1a: Kyogre|0 fnt\n|faint|p1a: Kyogre\n|\n|win|Zaya575\n|raw|staynxd's rating: 1000 &rarr; <strong>1000<\/strong><br \/>(+0 for losing)\n|raw|Zaya575's rating: 1096 &rarr; <strong>1115<\/strong><br \/>(+19 for winning)\n|c|\u2606Zaya575|GG\n","uploadtime":1699455496,"views":9,"p1id":"staynxd","p2id":"zaya575","formatid":"gen9anythinggoes","rating":1000,"private":0,"password":""}