{"id":"gen9anythinggoes-1983837890","p1":"Botlike Coursing","p2":"AGisgood\u82cd\u54cd\u4fa0","format":"[Gen 9] Anything Goes","log":"|j|\u2606Botlike Coursing\n|j|\u2606AGisgood\u82cd\u54cd\u4fa0\n|t:|1699189814\n|gametype|singles\n|player|p1|Botlike Coursing|unknown|1611\n|player|p2|AGisgood\u82cd\u54cd\u4fa0|cynthia-masters|1847\n|teamsize|p1|6\n|teamsize|p2|6\n|gen|9\n|tier|[Gen 9] Anything Goes\n|rated|\n|rule|HP Percentage Mod: HP is shown in percentages\n|rule|Endless Battle Clause: Forcing endless battles is banned\n|clearpoke\n|poke|p1|Chansey, F|\n|poke|p1|Dondozo, M|\n|poke|p1|Alomomola, M|\n|poke|p1|Ting-Lu|\n|poke|p1|Weezing-Galar, M|\n|poke|p1|Muk-Alola, F|\n|poke|p2|Arceus|\n|poke|p2|Arceus-Ground|\n|poke|p2|Calyrex-Shadow|\n|poke|p2|Koraidon|\n|poke|p2|Zacian-*|\n|poke|p2|Koraidon|\n|teampreview\n|inactive|Battle timer is ON: inactive players will automatically lose when time's up. (requested by Botlike Coursing)\n|inactive|AGisgood\u82cd\u54cd\u4fa0 also wants the timer to be on.\n|c|\u2606Botlike Coursing|cool!\n|\n|t:|1699189843\n|start\n|switch|p1a: Ting-Lu|Ting-Lu|100\/100\n|switch|p2a: Calyrex|Calyrex-Shadow|100\/100\n|-ability|p2a: Calyrex|As One\n|-ability|p2a: Calyrex|Unnerve\n|-ability|p1a: Ting-Lu|Vessel of Ruin\n|turn|1\n|\n|t:|1699189855\n|move|p2a: Calyrex|Nasty Plot|p2a: Calyrex\n|-boost|p2a: Calyrex|spa|2\n|move|p1a: Ting-Lu|Stealth Rock|p2a: Calyrex\n|-sidestart|p2: AGisgood\u82cd\u54cd\u4fa0|move: Stealth Rock\n|\n|upkeep\n|turn|2\n|\n|t:|1699189865\n|switch|p1a: Muk|Muk-Alola, F|100\/100\n|move|p2a: Calyrex|Nasty Plot|p2a: Calyrex\n|-boost|p2a: Calyrex|spa|2\n|\n|upkeep\n|turn|3\n|\n|t:|1699189868\n|-terastallize|p2a: Calyrex|Fighting\n|move|p2a: Calyrex|Grass Knot|p1a: Muk\n|-resisted|p1a: Muk\n|-damage|p1a: Muk|70\/100\n|move|p1a: Muk|Knock Off|p2a: Calyrex\n|-resisted|p2a: Calyrex\n|-damage|p2a: Calyrex|79\/100\n|-enditem|p2a: Calyrex|Heavy-Duty Boots|[from] move: Knock Off|[of] p1a: Muk\n|\n|upkeep\n|turn|4\n|\n|t:|1699189877\n|move|p2a: Calyrex|Tera Blast|p1a: Muk|[anim] Tera Blast Fighting\n|-damage|p1a: Muk|0 fnt\n|faint|p1a: Muk\n|-ability|p2a: Calyrex|Grim Neigh|boost\n|-boost|p2a: Calyrex|spa|1\n|\n|upkeep\n|\n|t:|1699189880\n|switch|p1a: Ting-Lu|Ting-Lu|100\/100\n|-ability|p1a: Ting-Lu|Vessel of Ruin\n|turn|5\n|\n|t:|1699189882\n|-terastallize|p1a: Ting-Lu|Grass\n|move|p2a: Calyrex|Grass Knot|p1a: Ting-Lu\n|-resisted|p1a: Ting-Lu\n|-crit|p1a: Ting-Lu\n|-damage|p1a: Ting-Lu|50\/100\n|move|p1a: Ting-Lu|Whirlwind|p2a: Calyrex\n|drag|p2a: Koraidon|Koraidon|100\/100\n|-damage|p2a: Koraidon|94\/100|[from] Stealth Rock\n|-weather|SunnyDay|[from] ability: Orichalcum Pulse|[of] p2a: Koraidon\n|-activate|p2a: Koraidon|Orichalcum Pulse|[source]\n|\n|-weather|SunnyDay|[upkeep]\n|-heal|p1a: Ting-Lu|56\/100|[from] item: Leftovers\n|upkeep\n|turn|6\n|\n|t:|1699189889\n|switch|p1a: Alomomola|Alomomola, M, shiny|100\/100\n|move|p2a: Koraidon|U-turn|p1a: Alomomola\n|-damage|p1a: Alomomola|82\/100\n|\n|t:|1699189893\n|switch|p2a: Arceus|Arceus-Ground|100\/100|[from] U-turn\n|-damage|p2a: Arceus|94\/100|[from] Stealth Rock\n|\n|-weather|SunnyDay|[upkeep]\n|upkeep\n|turn|7\n|\n|t:|1699189896\n|move|p2a: Arceus|Will-O-Wisp|p1a: Alomomola\n|-status|p1a: Alomomola|brn\n|move|p1a: Alomomola|Flip Turn|p2a: Arceus\n|-supereffective|p2a: Arceus\n|-damage|p2a: Arceus|90\/100\n|\n|t:|1699189904\n|switch|p1a: Ting-Lu|Ting-Lu, tera:Grass|56\/100|[from] Flip Turn\n|-ability|p1a: Ting-Lu|Vessel of Ruin\n|\n|-weather|SunnyDay|[upkeep]\n|-heal|p1a: Ting-Lu|62\/100|[from] item: Leftovers\n|upkeep\n|turn|8\n|\n|t:|1699189908\n|move|p2a: Arceus|Stealth Rock|p1a: Ting-Lu\n|-sidestart|p1: Botlike Coursing|move: Stealth Rock\n|move|p1a: Ting-Lu|Spikes|p2a: Arceus\n|-sidestart|p2: AGisgood\u82cd\u54cd\u4fa0|Spikes\n|\n|-weather|SunnyDay|[upkeep]\n|-heal|p1a: Ting-Lu|68\/100|[from] item: Leftovers\n|upkeep\n|turn|9\n|\n|t:|1699189912\n|switch|p2a: Calyrex|Calyrex-Shadow, tera:Fighting|79\/100\n|-ability|p2a: Calyrex|As One\n|-ability|p2a: Calyrex|Unnerve\n|-damage|p2a: Calyrex|73\/100|[from] Stealth Rock\n|-damage|p2a: Calyrex|61\/100|[from] Spikes\n|move|p1a: Ting-Lu|Spikes|p2a: Calyrex\n|-sidestart|p2: AGisgood\u82cd\u54cd\u4fa0|Spikes\n|\n|-weather|none\n|-heal|p1a: Ting-Lu|74\/100|[from] item: Leftovers\n|upkeep\n|turn|10\n|\n|t:|1699189916\n|move|p2a: Calyrex|Astral Barrage|p1a: Ting-Lu\n|-damage|p1a: Ting-Lu|41\/100\n|move|p1a: Ting-Lu|Whirlwind|p2a: Calyrex\n|drag|p2a: Zacian|Zacian-Crowned|100\/100\n|-damage|p2a: Zacian|95\/100|[from] Stealth Rock\n|-damage|p2a: Zacian|78\/100|[from] Spikes\n|-ability|p2a: Zacian|Intrepid Sword|boost\n|-boost|p2a: Zacian|atk|1\n|\n|-heal|p1a: Ting-Lu|47\/100|[from] item: Leftovers\n|upkeep\n|turn|11\n|\n|t:|1699189923\n|switch|p1a: Alomomola|Alomomola, M, shiny|100\/100 brn\n|move|p2a: Zacian|Play Rough|p1a: Alomomola\n|-damage|p1a: Alomomola|56\/100 brn\n|\n|-damage|p1a: Alomomola|49\/100 brn|[from] brn\n|upkeep\n|turn|12\n|\n|t:|1699189926\n|move|p2a: Zacian|Play Rough|p1a: Alomomola\n|-damage|p1a: Alomomola|6\/100 brn\n|move|p1a: Alomomola|Wish|p1a: Alomomola\n|\n|-damage|p1a: Alomomola|0 fnt|[from] brn\n|faint|p1a: Alomomola\n|upkeep\n|\n|t:|1699189931\n|switch|p1a: Dondozo|Dondozo, M|100\/100\n|-damage|p1a: Dondozo|88\/100|[from] Stealth Rock\n|turn|13\n|\n|t:|1699189939\n|switch|p2a: Arceus|Arceus-Ground|90\/100\n|-damage|p2a: Arceus|84\/100|[from] Stealth Rock\n|-damage|p2a: Arceus|67\/100|[from] Spikes\n|move|p1a: Dondozo|Fissure|p2a: Arceus|[miss]\n|-miss|p1a: Dondozo|p2a: Arceus\n|\n|-heal|p1a: Dondozo|100\/100|[from] move: Wish|[wisher] Alomomola\n|upkeep\n|turn|14\n|\n|t:|1699189942\n|move|p2a: Arceus|Judgment|p1a: Dondozo\n|-damage|p1a: Dondozo|50\/100\n|move|p1a: Dondozo|Wave Crash|p2a: Arceus\n|-supereffective|p2a: Arceus\n|-damage|p2a: Arceus|19\/100\n|-damage|p1a: Dondozo|36\/100|[from] Recoil\n|\n|-heal|p1a: Dondozo|43\/100|[from] item: Leftovers\n|upkeep\n|turn|15\n|\n|t:|1699189951\n|switch|p1a: Ting-Lu|Ting-Lu, tera:Grass|47\/100\n|-damage|p1a: Ting-Lu|35\/100|[from] Stealth Rock\n|-ability|p1a: Ting-Lu|Vessel of Ruin\n|move|p2a: Arceus|Judgment|p1a: Ting-Lu\n|-resisted|p1a: Ting-Lu\n|-damage|p1a: Ting-Lu|25\/100\n|\n|-heal|p1a: Ting-Lu|31\/100|[from] item: Leftovers\n|upkeep\n|turn|16\n|\n|t:|1699189955\n|move|p2a: Arceus|Judgment|p1a: Ting-Lu\n|-resisted|p1a: Ting-Lu\n|-damage|p1a: Ting-Lu|20\/100\n|move|p1a: Ting-Lu|Whirlwind|p2a: Arceus\n|drag|p2a: Calyrex|Calyrex-Shadow, tera:Fighting|61\/100\n|-ability|p2a: Calyrex|As One\n|-ability|p2a: Calyrex|Unnerve\n|-damage|p2a: Calyrex|55\/100|[from] Stealth Rock\n|-damage|p2a: Calyrex|38\/100|[from] Spikes\n|\n|-heal|p1a: Ting-Lu|26\/100|[from] item: Leftovers\n|upkeep\n|turn|17\n|\n|t:|1699189960\n|switch|p1a: Chansey|Chansey, F|100\/100\n|-damage|p1a: Chansey|88\/100|[from] Stealth Rock\n|move|p2a: Calyrex|Tera Blast|p1a: Chansey|[anim] Tera Blast Fighting\n|-supereffective|p1a: Chansey\n|-damage|p1a: Chansey|66\/100\n|\n|upkeep\n|turn|18\n|\n|t:|1699189964\n|move|p2a: Calyrex|Tera Blast|p1a: Chansey|[anim] Tera Blast Fighting\n|-supereffective|p1a: Chansey\n|-damage|p1a: Chansey|44\/100\n|move|p1a: Chansey|Seismic Toss|p2a: Calyrex\n|-damage|p2a: Calyrex|9\/100\n|\n|upkeep\n|turn|19\n|\n|t:|1699189966\n|move|p2a: Calyrex|Tera Blast|p1a: Chansey|[anim] Tera Blast Fighting\n|-supereffective|p1a: Chansey\n|-damage|p1a: Chansey|20\/100\n|move|p1a: Chansey|Soft-Boiled|p1a: Chansey\n|-heal|p1a: Chansey|70\/100\n|\n|upkeep\n|turn|20\n|\n|t:|1699189972\n|move|p2a: Calyrex|Tera Blast|p1a: Chansey|[anim] Tera Blast Fighting\n|-supereffective|p1a: Chansey\n|-damage|p1a: Chansey|48\/100\n|move|p1a: Chansey|Seismic Toss|p2a: Calyrex\n|-damage|p2a: Calyrex|0 fnt\n|faint|p2a: Calyrex\n|\n|upkeep\n|\n|t:|1699189977\n|switch|p2a: Koraidon|Koraidon|100\/100\n|-damage|p2a: Koraidon|94\/100|[from] Stealth Rock\n|-damage|p2a: Koraidon|78\/100|[from] Spikes\n|-weather|SunnyDay|[from] ability: Orichalcum Pulse|[of] p2a: Koraidon\n|-activate|p2a: Koraidon|Orichalcum Pulse|[source]\n|turn|21\n|\n|t:|1699189980\n|switch|p1a: Weezing|Weezing-Galar, M|100\/100\n|-damage|p1a: Weezing|88\/100|[from] Stealth Rock\n|move|p2a: Koraidon|Swords Dance|p2a: Koraidon\n|-boost|p2a: Koraidon|atk|2\n|\n|-weather|SunnyDay|[upkeep]\n|-heal|p1a: Weezing|94\/100|[from] item: Leftovers\n|upkeep\n|turn|22\n|\n|t:|1699189986\n|move|p2a: Koraidon|Flare Blitz|p1a: Weezing\n|-damage|p1a: Weezing|0 fnt\n|faint|p1a: Weezing\n|-damage|p2a: Koraidon|48\/100|[from] Recoil\n|\n|-weather|SunnyDay|[upkeep]\n|upkeep\n|\n|t:|1699189989\n|switch|p1a: Dondozo|Dondozo, M|43\/100\n|-damage|p1a: Dondozo|30\/100|[from] Stealth Rock\n|turn|23\n|\n|t:|1699189992\n|move|p2a: Koraidon|Scale Shot|p1a: Dondozo\n|-damage|p1a: Dondozo|22\/100\n|-damage|p1a: Dondozo|14\/100\n|-damage|p1a: Dondozo|7\/100\n|-damage|p1a: Dondozo|0 fnt\n|faint|p1a: Dondozo\n|-hitcount|p1: Dondozo|4\n|-unboost|p2a: Koraidon|def|1\n|-boost|p2a: Koraidon|spe|1\n|\n|-weather|SunnyDay|[upkeep]\n|upkeep\n|\n|t:|1699189995\n|switch|p1a: Ting-Lu|Ting-Lu, tera:Grass|26\/100\n|-damage|p1a: Ting-Lu|14\/100|[from] Stealth Rock\n|-ability|p1a: Ting-Lu|Vessel of Ruin\n|turn|24\n|c|\u2606Botlike Coursing|yea im bad\n|\n|t:|1699190000\n|move|p2a: Koraidon|Scale Shot|p1a: Ting-Lu\n|-damage|p1a: Ting-Lu|0 fnt\n|faint|p1a: Ting-Lu\n|-hitcount|p1: Ting-Lu|1\n|-unboost|p2a: Koraidon|def|1\n|-boost|p2a: Koraidon|spe|1\n|\n|-weather|SunnyDay|[upkeep]\n|upkeep\n|\n|t:|1699190003\n|switch|p1a: Chansey|Chansey, F|48\/100\n|-damage|p1a: Chansey|36\/100|[from] Stealth Rock\n|turn|25\n|\n|t:|1699190005\n|move|p2a: Koraidon|Scale Shot|p1a: Chansey\n|-damage|p1a: Chansey|0 fnt\n|faint|p1a: Chansey\n|-hitcount|p1: Chansey|1\n|\n|win|AGisgood\u82cd\u54cd\u4fa0\n|raw|Botlike Coursing's rating: 1611 &rarr; <strong>1603<\/strong><br \/>(-8 for losing)\n|raw|AGisgood\u82cd\u54cd\u4fa0's rating: 1847 &rarr; <strong>1855<\/strong><br \/>(+8 for winning)\n|c|\u2606Botlike Coursing|gg\n|c|\u2606AGisgood\u82cd\u54cd\u4fa0|gg\n","uploadtime":1699190064,"views":3,"p1id":"botlikecoursing","p2id":"agisgood","formatid":"gen9anythinggoes","rating":1603,"private":0,"password":""}