{"id":"gen9anythinggoes-1996516983","p1":"hejjsbjsisheh","p2":"pyrodactilus","format":"[Gen 9] Anything Goes","log":"|j|\u2606hejjsbjsisheh\n|j|\u2606pyrodactilus\n|t:|1700689757\n|gametype|singles\n|player|p1|hejjsbjsisheh|ethan|1082\n|player|p2|pyrodactilus|170|1023\n|teamsize|p1|6\n|teamsize|p2|6\n|gen|9\n|tier|[Gen 9] Anything Goes\n|rated|\n|rule|HP Percentage Mod: HP is shown in percentages\n|rule|Endless Battle Clause: Forcing endless battles is banned\n|clearpoke\n|poke|p1|Gengar, M|\n|poke|p1|Greninja-*, M|\n|poke|p1|Toxicroak, M|\n|poke|p1|Bellibolt, M|\n|poke|p1|Poliwrath, M|\n|poke|p1|Politoed, M|\n|poke|p2|Dugtrio, M|\n|poke|p2|Dugtrio, M|\n|poke|p2|Dugtrio, M|\n|poke|p2|Gothitelle, M|\n|poke|p2|Dugtrio, M|\n|poke|p2|Dugtrio, M|\n|teampreview\n|inactive|Battle timer is ON: inactive players will automatically lose when time's up. (requested by pyrodactilus)\n|\n|t:|1700689778\n|start\n|switch|p1a: Poison Frog|Toxicroak, M, shiny|100\/100\n|switch|p2a: Gothitelle|Gothitelle, M|100\/100\n|turn|1\n|\n|t:|1700689787\n|move|p2a: Gothitelle|Trick|p1a: Poison Frog\n|-activate|p2a: Gothitelle|move: Trick|[of] p1a: Poison Frog\n|-item|p1a: Poison Frog|Choice Scarf|[from] move: Trick\n|-item|p2a: Gothitelle|Punching Glove|[from] move: Trick\n|move|p1a: Poison Frog|Brick Break|p2a: Gothitelle\n|-resisted|p2a: Gothitelle\n|-damage|p2a: Gothitelle|78\/100\n|\n|upkeep\n|turn|2\n|\n|t:|1700689806\n|move|p1a: Poison Frog|Brick Break|p2a: Gothitelle\n|-resisted|p2a: Gothitelle\n|-damage|p2a: Gothitelle|56\/100\n|move|p2a: Gothitelle|Light Screen|p2a: Gothitelle\n|-sidestart|p2: pyrodactilus|move: Light Screen\n|\n|upkeep\n|turn|3\n|\n|t:|1700689811\n|move|p1a: Poison Frog|Brick Break|p2a: Gothitelle\n|-sideend|p2: pyrodactilus|move: Light Screen\n|-resisted|p2a: Gothitelle\n|-damage|p2a: Gothitelle|35\/100\n|move|p2a: Gothitelle|Light Screen|p2a: Gothitelle\n|-sidestart|p2: pyrodactilus|move: Light Screen\n|\n|upkeep\n|turn|4\n|\n|t:|1700689817\n|move|p1a: Poison Frog|Brick Break|p2a: Gothitelle\n|-sideend|p2: pyrodactilus|move: Light Screen\n|-resisted|p2a: Gothitelle\n|-damage|p2a: Gothitelle|13\/100\n|move|p2a: Gothitelle|Reflect|p2a: Gothitelle\n|-sidestart|p2: pyrodactilus|Reflect\n|\n|upkeep\n|turn|5\n|\n|t:|1700689825\n|move|p1a: Poison Frog|Brick Break|p2a: Gothitelle\n|-sideend|p2: pyrodactilus|Reflect\n|-resisted|p2a: Gothitelle\n|-damage|p2a: Gothitelle|0 fnt\n|faint|p2a: Gothitelle\n|\n|upkeep\n|\n|t:|1700689829\n|switch|p2a: Dugtrio|Dugtrio, M|100\/100\n|turn|6\n|\n|t:|1700689843\n|-terastallize|p2a: Dugtrio|Ghost\n|move|p1a: Poison Frog|Brick Break|p2a: Dugtrio\n|-immune|p2a: Dugtrio\n|move|p2a: Dugtrio|Agility|p2a: Dugtrio\n|-boost|p2a: Dugtrio|spe|2\n|\n|upkeep\n|turn|7\n|\n|t:|1700689861\n|move|p2a: Dugtrio|Agility|p2a: Dugtrio\n|-boost|p2a: Dugtrio|spe|2\n|move|p1a: Poison Frog|Brick Break|p2a: Dugtrio\n|-immune|p2a: Dugtrio\n|\n|upkeep\n|turn|8\n|\n|t:|1700689867\n|move|p2a: Dugtrio|Agility|p2a: Dugtrio\n|-boost|p2a: Dugtrio|spe|2\n|move|p1a: Poison Frog|Brick Break|p2a: Dugtrio\n|-immune|p2a: Dugtrio\n|\n|upkeep\n|turn|9\n|\n|t:|1700689877\n|move|p2a: Dugtrio|Swords Dance|p2a: Dugtrio\n|-boost|p2a: Dugtrio|atk|2\n|move|p1a: Poison Frog|Brick Break|p2a: Dugtrio\n|-immune|p2a: Dugtrio\n|\n|upkeep\n|turn|10\n|\n|t:|1700689883\n|move|p2a: Dugtrio|Swords Dance|p2a: Dugtrio\n|-boost|p2a: Dugtrio|atk|2\n|move|p1a: Poison Frog|Brick Break|p2a: Dugtrio\n|-immune|p2a: Dugtrio\n|\n|upkeep\n|turn|11\n|\n|t:|1700689889\n|move|p2a: Dugtrio|Swords Dance|p2a: Dugtrio\n|-boost|p2a: Dugtrio|atk|2\n|move|p1a: Poison Frog|Brick Break|p2a: Dugtrio\n|-immune|p2a: Dugtrio\n|\n|upkeep\n|turn|12\n|\n|t:|1700689895\n|move|p2a: Dugtrio|Earthquake|p1a: Poison Frog\n|-supereffective|p1a: Poison Frog\n|-damage|p1a: Poison Frog|0 fnt\n|faint|p1a: Poison Frog\n|\n|upkeep\n|\n|t:|1700689899\n|switch|p1a: Pure Frog|Politoed, M, shiny|100\/100\n|-weather|RainDance|[from] ability: Drizzle|[of] p1a: Pure Frog\n|turn|13\n|\n|t:|1700689904\n|move|p2a: Dugtrio|Tera Blast|p1a: Pure Frog|[anim] Tera Blast Ghost\n|-crit|p1a: Pure Frog\n|-damage|p1a: Pure Frog|0 fnt\n|faint|p1a: Pure Frog\n|\n|-weather|RainDance|[upkeep]\n|upkeep\n|\n|t:|1700689911\n|switch|p1a: Ghost Frog|Gengar, M, shiny|100\/100\n|turn|14\n|\n|t:|1700689918\n|move|p1a: Ghost Frog|Sucker Punch|p2a: Dugtrio\n|-supereffective|p2a: Dugtrio\n|-damage|p2a: Dugtrio|53\/100\n|move|p2a: Dugtrio|Earthquake|p1a: Ghost Frog\n|-supereffective|p1a: Ghost Frog\n|-damage|p1a: Ghost Frog|0 fnt\n|faint|p1a: Ghost Frog\n|\n|-weather|RainDance|[upkeep]\n|-heal|p2a: Dugtrio|59\/100|[from] item: Leftovers\n|upkeep\n|\n|t:|1700689928\n|switch|p1a: Frog Ali|Poliwrath, M, shiny|100\/100\n|turn|15\n|\n|t:|1700689933\n|move|p2a: Dugtrio|Earthquake|p1a: Frog Ali\n|-damage|p1a: Frog Ali|0 fnt\n|faint|p1a: Frog Ali\n|\n|-weather|RainDance|[upkeep]\n|-heal|p2a: Dugtrio|65\/100|[from] item: Leftovers\n|upkeep\n|\n|t:|1700689940\n|switch|p1a: Battery Frog|Bellibolt, M, shiny|100\/100\n|turn|16\n|\n|t:|1700689945\n|move|p1a: Battery Frog|Sucker Punch|p2a: Dugtrio\n|-supereffective|p2a: Dugtrio\n|-damage|p2a: Dugtrio|14\/100\n|move|p2a: Dugtrio|Tera Blast|p1a: Battery Frog|[anim] Tera Blast Ghost\n|-crit|p1a: Battery Frog\n|-damage|p1a: Battery Frog|0 fnt\n|faint|p1a: Battery Frog\n|\n|-weather|RainDance|[upkeep]\n|-heal|p2a: Dugtrio|20\/100|[from] item: Leftovers\n|upkeep\n|\n|t:|1700689954\n|switch|p1a: Ninja Frog|Greninja, M, shiny|100\/100\n|turn|17\n|\n|t:|1700689958\n|move|p1a: Ninja Frog|Shadow Sneak|p2a: Dugtrio\n|-start|p1a: Ninja Frog|typechange|Ghost|[from] ability: Protean\n|-supereffective|p2a: Dugtrio\n|-damage|p2a: Dugtrio|0 fnt\n|faint|p2a: Dugtrio\n|\n|-weather|none\n|upkeep\n|\n|t:|1700689973\n|switch|p2a: Dugtrio|Dugtrio, M|100\/100\n|turn|18\n|\n|t:|1700689979\n|move|p1a: Ninja Frog|Night Slash|p2a: Dugtrio\n|-damage|p2a: Dugtrio|69\/100\n|move|p2a: Dugtrio|Fissure|p1a: Ninja Frog|[miss]\n|-miss|p2a: Dugtrio|p1a: Ninja Frog\n|\n|-heal|p2a: Dugtrio|76\/100|[from] item: Leftovers\n|upkeep\n|turn|19\n|\n|t:|1700689988\n|move|p1a: Ninja Frog|Shadow Sneak|p2a: Dugtrio\n|-damage|p2a: Dugtrio|47\/100\n|move|p2a: Dugtrio|Fissure|p1a: Ninja Frog\n|-damage|p1a: Ninja Frog|0 fnt\n|faint|p1a: Ninja Frog\n|-ohko\n|\n|win|pyrodactilus\n|raw|hejjsbjsisheh's rating: 1082 &rarr; <strong>1056<\/strong><br \/>(-26 for losing)\n|raw|pyrodactilus's rating: 1023 &rarr; <strong>1066<\/strong><br \/>(+43 for winning)\n|l|\u2606hejjsbjsisheh\n","uploadtime":1700689998,"views":12,"p1id":"hejjsbjsisheh","p2id":"pyrodactilus","formatid":"gen9anythinggoes","rating":1056,"private":0,"password":""}