{"id":"gen9anythinggoes-1996052073","p1":"digdugdoug","p2":"Koibitio","format":"[Gen 9] Anything Goes","log":"|j|\u2606digdugdoug\n|j|\u203dKoibitio\n|t:|1700635863\n|gametype|singles\n|player|p1|digdugdoug|benga|1496\n|player|p2|Koibitio|buck|1509\n|teamsize|p1|6\n|teamsize|p2|6\n|gen|9\n|tier|[Gen 9] Anything Goes\n|rated|\n|rule|HP Percentage Mod: HP is shown in percentages\n|rule|Endless Battle Clause: Forcing endless battles is banned\n|clearpoke\n|poke|p1|Zamazenta-*|\n|poke|p1|Barraskewda, F|\n|poke|p1|Roaring Moon|\n|poke|p1|Zoroark-Hisui, M|\n|poke|p1|Flutter Mane|\n|poke|p1|Regieleki|\n|poke|p2|Koraidon|\n|poke|p2|Flutter Mane|\n|poke|p2|Torkoal, M|\n|poke|p2|Chi-Yu|\n|poke|p2|Lilligant-Hisui, F|\n|poke|p2|Maushold-Four|\n|teampreview\n|inactive|Battle timer is ON: inactive players will automatically lose when time's up. (requested by digdugdoug)\n|\n|t:|1700635890\n|start\n|switch|p1a: Flutter Mane|Flutter Mane|100\/100\n|switch|p2a: Torkoal|Torkoal, M, shiny|100\/100\n|-weather|SunnyDay|[from] ability: Drought|[of] p2a: Torkoal\n|-activate|p1a: Flutter Mane|ability: Protosynthesis\n|-start|p1a: Flutter Mane|protosynthesisspe\n|turn|1\n|\n|t:|1700635908\n|move|p1a: Flutter Mane|Calm Mind|p1a: Flutter Mane\n|-boost|p1a: Flutter Mane|spa|1\n|-boost|p1a: Flutter Mane|spd|1\n|move|p2a: Torkoal|Yawn|p1a: Flutter Mane\n|-start|p1a: Flutter Mane|move: Yawn|[of] p2a: Torkoal\n|\n|-weather|SunnyDay|[upkeep]\n|upkeep\n|turn|2\n|\n|t:|1700635924\n|move|p1a: Flutter Mane|Shadow Ball|p2a: Torkoal\n|-damage|p2a: Torkoal|9\/100\n|move|p2a: Torkoal|Stealth Rock|p1a: Flutter Mane\n|-sidestart|p1: digdugdoug|move: Stealth Rock\n|\n|-weather|SunnyDay|[upkeep]\n|-end|p1a: Flutter Mane|move: Yawn|[silent]\n|-status|p1a: Flutter Mane|slp\n|upkeep\n|turn|3\n|\n|t:|1700635943\n|switch|p2a: Chi-Yu|Chi-Yu|100\/100\n|-ability|p2a: Chi-Yu|Beads of Ruin\n|cant|p1a: Flutter Mane|slp\n|\n|-weather|SunnyDay|[upkeep]\n|upkeep\n|turn|4\n|\n|t:|1700635965\n|cant|p1a: Flutter Mane|slp\n|move|p2a: Chi-Yu|Heat Wave|p1a: Flutter Mane\n|-damage|p1a: Flutter Mane|23\/100 slp\n|\n|-weather|SunnyDay|[upkeep]\n|upkeep\n|turn|5\n|\n|t:|1700635975\n|-curestatus|p1a: Flutter Mane|slp|[msg]\n|move|p1a: Flutter Mane|Moonblast|p2a: Chi-Yu\n|-damage|p2a: Chi-Yu|14\/100\n|-unboost|p2a: Chi-Yu|spa|1\n|move|p2a: Chi-Yu|Heat Wave|p1a: Flutter Mane\n|-damage|p1a: Flutter Mane|0 fnt\n|faint|p1a: Flutter Mane\n|-end|p1a: Flutter Mane|Protosynthesis|[silent]\n|\n|-weather|SunnyDay|[upkeep]\n|upkeep\n|\n|t:|1700635984\n|switch|p1a: Regieleki|Regieleki|100\/100\n|turn|6\n|inactive|Koibitio has 120 seconds left.\n|\n|t:|1700636017\n|switch|p2a: Lilligant|Lilligant-Hisui, F, shiny|100\/100\n|move|p1a: Regieleki|Rapid Spin|p2a: Lilligant\n|-damage|p2a: Lilligant|83\/100\n|-boost|p1a: Regieleki|spe|1\n|-sideend|p1: digdugdoug|Stealth Rock|[from] move: Rapid Spin|[of] p1a: Regieleki\n|\n|-weather|SunnyDay|[upkeep]\n|upkeep\n|turn|7\n|\n|t:|1700636037\n|-terastallize|p1a: Regieleki|Ice\n|move|p1a: Regieleki|Tera Blast|p2a: Lilligant|[anim] Tera Blast Ice\n|-supereffective|p2a: Lilligant\n|-damage|p2a: Lilligant|0 fnt\n|faint|p2a: Lilligant\n|\n|-weather|SunnyDay|[upkeep]\n|upkeep\n|inactive|Koibitio has 120 seconds left.\n|\n|t:|1700636065\n|switch|p2a: Koraidon|Koraidon|100\/100\n|-activate|p2a: Koraidon|ability: Orichalcum Pulse\n|turn|8\n|\n|t:|1700636074\n|-terastallize|p2a: Koraidon|Steel\n|move|p1a: Regieleki|Tera Blast|p2a: Koraidon|[anim] Tera Blast Ice\n|-resisted|p2a: Koraidon\n|-damage|p2a: Koraidon|82\/100\n|move|p2a: Koraidon|Collision Course|p1a: Regieleki\n|-supereffective|p1a: Regieleki\n|-damage|p1a: Regieleki|0 fnt\n|faint|p1a: Regieleki\n|\n|-weather|none\n|upkeep\n|\n|t:|1700636085\n|switch|p1a: Barraskewda|Barraskewda, F|100\/100\n|turn|9\n|inactive|Koibitio has 120 seconds left.\n|\n|t:|1700636091\n|switch|p2a: Torkoal|Torkoal, M, shiny|9\/100\n|-weather|SunnyDay|[from] ability: Drought|[of] p2a: Torkoal\n|move|p1a: Barraskewda|Close Combat|p2a: Torkoal\n|-damage|p2a: Torkoal|0 fnt\n|-unboost|p1a: Barraskewda|def|1\n|-unboost|p1a: Barraskewda|spd|1\n|faint|p2a: Torkoal\n|\n|-weather|SunnyDay|[upkeep]\n|upkeep\n|inactive|Koibitio has 120 seconds left.\n|\n|t:|1700636108\n|switch|p2a: Flutter Mane|Flutter Mane|100\/100\n|-activate|p2a: Flutter Mane|ability: Protosynthesis\n|-start|p2a: Flutter Mane|protosynthesisspe\n|turn|10\n|\n|t:|1700636130\n|switch|p1a: Zamazenta|Zamazenta-Crowned|100\/100\n|-ability|p1a: Zamazenta|Dauntless Shield|boost\n|-boost|p1a: Zamazenta|def|1\n|move|p2a: Flutter Mane|Energy Ball|p1a: Zamazenta\n|-resisted|p1a: Zamazenta\n|-damage|p1a: Zamazenta|83\/100\n|\n|-weather|SunnyDay|[upkeep]\n|upkeep\n|turn|11\n|\n|t:|1700636139\n|-end|p2a: Flutter Mane|Protosynthesis|[silent]\n|switch|p2a: Chi-Yu|Chi-Yu|14\/100\n|-ability|p2a: Chi-Yu|Beads of Ruin\n|move|p1a: Zamazenta|Behemoth Bash|p2a: Chi-Yu\n|-resisted|p2a: Chi-Yu\n|-damage|p2a: Chi-Yu|0 fnt\n|faint|p2a: Chi-Yu\n|\n|-weather|SunnyDay|[upkeep]\n|upkeep\n|\n|t:|1700636147\n|switch|p2a: Flutter Mane|Flutter Mane|100\/100\n|-activate|p2a: Flutter Mane|ability: Protosynthesis\n|-start|p2a: Flutter Mane|protosynthesisspe\n|turn|12\n|\n|t:|1700636163\n|move|p2a: Flutter Mane|Mystical Fire|p1a: Zamazenta\n|-supereffective|p1a: Zamazenta\n|-damage|p1a: Zamazenta|0 fnt\n|faint|p1a: Zamazenta\n|\n|-weather|SunnyDay|[upkeep]\n|upkeep\n|\n|t:|1700636177\n|switch|p1a: Roaring Moon|Roaring Moon|100\/100\n|turn|13\n|\n|t:|1700636191\n|-end|p2a: Flutter Mane|Protosynthesis|[silent]\n|switch|p2a: Koraidon|Koraidon, tera:Steel|82\/100\n|-activate|p2a: Koraidon|ability: Orichalcum Pulse\n|move|p1a: Roaring Moon|Shadow Ball|p2a: Koraidon\n|-damage|p2a: Koraidon|23\/100\n|\n|-weather|SunnyDay|[upkeep]\n|upkeep\n|turn|14\n|inactive|digdugdoug has 120 seconds left.\n|\n|t:|1700636231\n|switch|p2a: Maushold|Maushold-Four|100\/100\n|switch|p1a: Barraskewda|Barraskewda, F|100\/100\n|\n|-weather|SunnyDay|[upkeep]\n|upkeep\n|turn|15\n|\n|t:|1700636245\n|switch|p2a: Flutter Mane|Flutter Mane|100\/100\n|-activate|p2a: Flutter Mane|ability: Protosynthesis\n|-start|p2a: Flutter Mane|protosynthesisspe\n|move|p1a: Barraskewda|Close Combat|p2a: Flutter Mane\n|-immune|p2a: Flutter Mane\n|\n|-weather|SunnyDay|[upkeep]\n|upkeep\n|turn|16\n|inactive|digdugdoug has 120 seconds left.\n|\n|t:|1700636257\n|move|p2a: Flutter Mane|Moonblast|p1a: Barraskewda\n|-damage|p1a: Barraskewda|0 fnt\n|faint|p1a: Barraskewda\n|\n|-weather|none\n|-end|p2a: Flutter Mane|Protosynthesis\n|upkeep\n|inactive|digdugdoug has 120 seconds left.\n|\n|t:|1700636267\n|switch|p1a: Roaring Moon|Roaring Moon|100\/100\n|-enditem|p1a: Roaring Moon|Booster Energy\n|-activate|p1a: Roaring Moon|ability: Protosynthesis|[fromitem]\n|-start|p1a: Roaring Moon|protosynthesisspe\n|turn|17\n|c|\u2606digdugdoug|gg\n|inactive|digdugdoug has 120 seconds left.\n|\n|t:|1700636278\n|move|p1a: Roaring Moon|Jaw Lock|p2a: Flutter Mane\n|-damage|p2a: Flutter Mane|0 fnt\n|faint|p2a: Flutter Mane\n|-end|p2a: Flutter Mane|Protosynthesis|[silent]\n|\n|upkeep\n|\n|t:|1700636284\n|switch|p2a: Koraidon|Koraidon, tera:Steel|23\/100\n|-weather|SunnyDay|[from] ability: Orichalcum Pulse|[of] p2a: Koraidon\n|-activate|p2a: Koraidon|Orichalcum Pulse|[source]\n|turn|18\n|\n|t:|1700636291\n|move|p1a: Roaring Moon|Jaw Lock|p2a: Koraidon\n|-damage|p2a: Koraidon|0 fnt\n|faint|p2a: Koraidon\n|\n|-weather|SunnyDay|[upkeep]\n|upkeep\n|\n|t:|1700636294\n|switch|p2a: Maushold|Maushold-Four|100\/100\n|turn|19\n|\n|t:|1700636300\n|move|p1a: Roaring Moon|Jaw Lock|p2a: Maushold\n|-damage|p2a: Maushold|32\/100\n|-activate|p1a: Roaring Moon|trapped\n|-activate|p2a: Maushold|trapped\n|move|p2a: Maushold|Population Bomb|p1a: Roaring Moon\n|-damage|p1a: Roaring Moon|86\/100\n|-damage|p1a: Roaring Moon|72\/100\n|-damage|p1a: Roaring Moon|58\/100\n|-damage|p1a: Roaring Moon|43\/100\n|-damage|p1a: Roaring Moon|30\/100\n|-damage|p1a: Roaring Moon|16\/100\n|-hitcount|p1a: Roaring Moon|6\n|\n|-weather|SunnyDay|[upkeep]\n|upkeep\n|turn|20\n|\n|t:|1700636316\n|move|p1a: Roaring Moon|Dragon Claw|p2a: Maushold\n|-damage|p2a: Maushold|0 fnt\n|faint|p2a: Maushold\n|\n|win|digdugdoug\n|raw|digdugdoug's rating: 1496 &rarr; <strong>1517<\/strong><br \/>(+21 for winning)\n|raw|Koibitio's rating: 1509 &rarr; <strong>1488<\/strong><br \/>(-21 for losing)\n","uploadtime":1700636320,"views":0,"p1id":"digdugdoug","p2id":"koibitio","formatid":"gen9anythinggoes","rating":1488,"private":0,"password":""}