{"id":"gen9anythinggoes-1980949303","p1":"NachoDestroyer37","p2":"Jisco03","format":"[Gen 9] Anything Goes","log":"|j|\u2606NachoDestroyer37\n|j|\u2606Jisco03\n|t:|1698851537\n|gametype|singles\n|player|p1|NachoDestroyer37|n|\n|player|p2|Jisco03|lucas|\n|teamsize|p1|6\n|teamsize|p2|6\n|gen|9\n|tier|[Gen 9] Anything Goes\n|rule|HP Percentage Mod: HP is shown in percentages\n|rule|Endless Battle Clause: Forcing endless battles is banned\n|clearpoke\n|poke|p1|Gliscor, F|\n|poke|p1|Zapdos|\n|poke|p1|Pelipper, M|\n|poke|p1|Maushold-Four|\n|poke|p1|Slowking-Galar, M|\n|poke|p1|Kingambit, F|\n|poke|p2|Moltres-Galar|\n|poke|p2|Empoleon, F|\n|poke|p2|Infernape, F|\n|poke|p2|Zoroark-Hisui, M|\n|poke|p2|Sylveon, M|\n|poke|p2|Jolteon, F|\n|teampreview\n|\n|t:|1698851562\n|start\n|switch|p1a: Bombardeen la US|Zapdos|100\/100\n|switch|p2a: Empoleon|Empoleon, F|100\/100\n|turn|1\n|\n|t:|1698851576\n|switch|p1a: Folagor putero|Gliscor, F|100\/100\n|move|p2a: Empoleon|Ice Beam|p1a: Folagor putero\n|-supereffective|p1a: Folagor putero\n|-damage|p1a: Folagor putero|0 fnt\n|faint|p1a: Folagor putero\n|\n|upkeep\n|\n|t:|1698851588\n|switch|p1a: Bombardeen la US|Zapdos|100\/100\n|turn|2\n|\n|t:|1698851594\n|switch|p2a: Jolteon|Jolteon, F|100\/100\n|move|p1a: Bombardeen la US|Thunderbolt|p2a: Jolteon\n|-immune|p2a: Jolteon|[from] ability: Volt Absorb\n|\n|upkeep\n|turn|3\n|\n|t:|1698851612\n|-terastallize|p2a: Jolteon|Electric\n|move|p2a: Jolteon|Hyper Voice|p1a: Bombardeen la US\n|-damage|p1a: Bombardeen la US|75\/100\n|move|p1a: Bombardeen la US|Hurricane|p2a: Jolteon\n|-resisted|p2a: Jolteon\n|-damage|p2a: Jolteon|79\/100\n|-start|p2a: Jolteon|confusion\n|\n|upkeep\n|turn|4\n|\n|t:|1698851623\n|switch|p1a: NoMeSentaoEnTolDia|Kingambit, F|100\/100\n|-activate|p1a: NoMeSentaoEnTolDia|ability: Supreme Overlord\n|-start|p1a: NoMeSentaoEnTolDia|fallen1|[silent]\n|-activate|p2a: Jolteon|confusion\n|-damage|p2a: Jolteon|68\/100|[from] confusion\n|\n|upkeep\n|turn|5\n|\n|t:|1698851638\n|switch|p2a: Infernape|Infernape, F|100\/100\n|move|p1a: NoMeSentaoEnTolDia|Kowtow Cleave|p2a: Infernape\n|-resisted|p2a: Infernape\n|-damage|p2a: Infernape|59\/100\n|\n|upkeep\n|turn|6\n|\n|t:|1698851651\n|-end|p1a: NoMeSentaoEnTolDia|fallen1|[silent]\n|switch|p1a: Mayonesa xdd|Pelipper, M|100\/100\n|-weather|RainDance|[from] ability: Drizzle|[of] p1a: Mayonesa xdd\n|move|p2a: Infernape|Drain Punch|p1a: Mayonesa xdd\n|-resisted|p1a: Mayonesa xdd\n|-damage|p1a: Mayonesa xdd|83\/100\n|-heal|p2a: Infernape|68\/100|[from] drain|[of] p1a: Mayonesa xdd\n|\n|-weather|RainDance|[upkeep]\n|-heal|p1a: Mayonesa xdd|89\/100|[from] item: Leftovers\n|upkeep\n|turn|7\n|\n|t:|1698851667\n|switch|p2a: Moltres|Moltres-Galar|100\/100\n|move|p1a: Mayonesa xdd|Hurricane|p2a: Moltres\n|-damage|p2a: Moltres|71\/100\n|\n|-weather|RainDance|[upkeep]\n|-heal|p1a: Mayonesa xdd|96\/100|[from] item: Leftovers\n|upkeep\n|turn|8\n|\n|t:|1698851681\n|move|p2a: Moltres|Fiery Wrath|p1a: Mayonesa xdd\n|-damage|p1a: Mayonesa xdd|43\/100\n|move|p1a: Mayonesa xdd|U-turn|p2a: Moltres\n|-damage|p2a: Moltres|64\/100\n|\n|t:|1698851685\n|switch|p1a: Bombardeen la US|Zapdos|75\/100|[from] U-turn\n|\n|-weather|RainDance|[upkeep]\n|upkeep\n|turn|9\n|\n|t:|1698851694\n|switch|p2a: Jolteon|Jolteon, F, tera:Electric|68\/100\n|move|p1a: Bombardeen la US|Hurricane|p2a: Jolteon\n|-resisted|p2a: Jolteon\n|-damage|p2a: Jolteon|47\/100\n|-start|p2a: Jolteon|confusion\n|\n|-weather|RainDance|[upkeep]\n|upkeep\n|turn|10\n|\n|t:|1698851717\n|switch|p1a: Fentanilo eono|Slowking-Galar, M|100\/100\n|-activate|p2a: Jolteon|confusion\n|move|p2a: Jolteon|Discharge|p1a: Fentanilo eono\n|-damage|p1a: Fentanilo eono|84\/100\n|-status|p1a: Fentanilo eono|par\n|\n|-weather|none\n|upkeep\n|turn|11\n|\n|t:|1698851737\n|switch|p2a: Empoleon|Empoleon, F|100\/100\n|move|p1a: Fentanilo eono|Sludge Bomb|p2a: Empoleon\n|-immune|p2a: Empoleon\n|\n|upkeep\n|turn|12\n|\n|t:|1698851755\n|move|p2a: Empoleon|Agility|p2a: Empoleon\n|-boost|p2a: Empoleon|spe|2\n|move|p1a: Fentanilo eono|Flamethrower|p2a: Empoleon\n|-damage|p2a: Empoleon|80\/100\n|\n|upkeep\n|turn|13\n|\n|t:|1698851775\n|switch|p1a: NoMeSentaoEnTolDia|Kingambit, F|100\/100\n|-activate|p1a: NoMeSentaoEnTolDia|ability: Supreme Overlord\n|-start|p1a: NoMeSentaoEnTolDia|fallen1|[silent]\n|move|p2a: Empoleon|Ice Beam|p1a: NoMeSentaoEnTolDia\n|-resisted|p1a: NoMeSentaoEnTolDia\n|-damage|p1a: NoMeSentaoEnTolDia|86\/100\n|\n|upkeep\n|turn|14\n|\n|t:|1698851793\n|move|p2a: Empoleon|Hydro Pump|p1a: NoMeSentaoEnTolDia|[miss]\n|-miss|p2a: Empoleon|p1a: NoMeSentaoEnTolDia\n|move|p1a: NoMeSentaoEnTolDia|Kowtow Cleave|p2a: Empoleon\n|-damage|p2a: Empoleon|4\/100\n|-damage|p1a: NoMeSentaoEnTolDia|69\/100|[from] item: Rocky Helmet|[of] p2a: Empoleon\n|\n|upkeep\n|turn|15\n|\n|t:|1698851807\n|switch|p2a: Sylveon|Sylveon, M|100\/100\n|move|p1a: NoMeSentaoEnTolDia|Sucker Punch||[still]\n|-fail|p1a: NoMeSentaoEnTolDia\n|\n|upkeep\n|turn|16\n|\n|t:|1698851816\n|-end|p1a: NoMeSentaoEnTolDia|fallen1|[silent]\n|switch|p1a: Fentanilo eono|Slowking-Galar, M|100\/100 par\n|move|p2a: Sylveon|Draining Kiss|p1a: Fentanilo eono\n|-resisted|p1a: Fentanilo eono\n|-damage|p1a: Fentanilo eono|97\/100 par\n|\n|upkeep\n|turn|17\n|\n|t:|1698851830\n|switch|p2a: Empoleon|Empoleon, F|4\/100\n|cant|p1a: Fentanilo eono|par\n|\n|upkeep\n|turn|18\n|\n|t:|1698851841\n|move|p2a: Empoleon|Flash Cannon|p1a: Fentanilo eono\n|-damage|p1a: Fentanilo eono|85\/100 par\n|move|p1a: Fentanilo eono|Ice Beam|p2a: Empoleon\n|-resisted|p2a: Empoleon\n|-damage|p2a: Empoleon|0 fnt\n|faint|p2a: Empoleon\n|\n|upkeep\n|\n|t:|1698851853\n|switch|p2a: Infernape|Infernape, F|68\/100\n|turn|19\n|\n|t:|1698851864\n|move|p2a: Infernape|Earthquake|p1a: Fentanilo eono\n|-supereffective|p1a: Fentanilo eono\n|-damage|p1a: Fentanilo eono|2\/100 par\n|move|p1a: Fentanilo eono|Sludge Bomb|p2a: Infernape\n|-damage|p2a: Infernape|22\/100\n|\n|upkeep\n|turn|20\n|\n|t:|1698851875\n|switch|p1a: Mayonesa xdd|Pelipper, M|43\/100\n|-weather|RainDance|[from] ability: Drizzle|[of] p1a: Mayonesa xdd\n|move|p2a: Infernape|Earthquake|p1a: Mayonesa xdd\n|-immune|p1a: Mayonesa xdd\n|\n|-weather|RainDance|[upkeep]\n|-heal|p1a: Mayonesa xdd|49\/100|[from] item: Leftovers\n|upkeep\n|turn|21\n|\n|t:|1698851896\n|switch|p2a: Jolteon|Jolteon, F, tera:Electric|47\/100\n|move|p1a: Mayonesa xdd|Surf|p2a: Jolteon\n|-damage|p2a: Jolteon|12\/100\n|\n|-weather|RainDance|[upkeep]\n|-heal|p1a: Mayonesa xdd|55\/100|[from] item: Leftovers\n|upkeep\n|turn|22\n|\n|t:|1698851908\n|switch|p1a: Fentanilo eono|Slowking-Galar, M|35\/100 par\n|move|p2a: Jolteon|Discharge|p1a: Fentanilo eono\n|-damage|p1a: Fentanilo eono|19\/100 par\n|\n|-weather|RainDance|[upkeep]\n|upkeep\n|turn|23\n|\n|t:|1698851923\n|move|p2a: Jolteon|Hyper Voice|p1a: Fentanilo eono\n|-damage|p1a: Fentanilo eono|8\/100 par\n|move|p1a: Fentanilo eono|Future Sight|p2a: Jolteon\n|-start|p1a: Fentanilo eono|move: Future Sight\n|\n|-weather|RainDance|[upkeep]\n|upkeep\n|turn|24\n|\n|t:|1698851934\n|switch|p1a: NoMeSentaoEnTolDia|Kingambit, F|69\/100\n|-activate|p1a: NoMeSentaoEnTolDia|ability: Supreme Overlord\n|-start|p1a: NoMeSentaoEnTolDia|fallen1|[silent]\n|move|p2a: Jolteon|Stored Power|p1a: NoMeSentaoEnTolDia\n|-immune|p1a: NoMeSentaoEnTolDia\n|\n|-weather|none\n|upkeep\n|turn|25\n|\n|t:|1698851945\n|move|p2a: Jolteon|Last Resort|p1a: NoMeSentaoEnTolDia\n|-resisted|p1a: NoMeSentaoEnTolDia\n|-damage|p1a: NoMeSentaoEnTolDia|59\/100\n|move|p1a: NoMeSentaoEnTolDia|Swords Dance|p1a: NoMeSentaoEnTolDia\n|-boost|p1a: NoMeSentaoEnTolDia|atk|2\n|\n|-end|p2a: Jolteon|move: Future Sight\n|-damage|p2a: Jolteon|0 fnt\n|faint|p2a: Jolteon\n|upkeep\n|\n|t:|1698851957\n|switch|p2a: Infernape|Infernape, F|22\/100\n|turn|26\n|\n|t:|1698851965\n|move|p2a: Infernape|Fake Out|p1a: NoMeSentaoEnTolDia\n|-resisted|p1a: NoMeSentaoEnTolDia\n|-damage|p1a: NoMeSentaoEnTolDia|52\/100\n|cant|p1a: NoMeSentaoEnTolDia|flinch\n|\n|upkeep\n|turn|27\n|\n|t:|1698851980\n|switch|p2a: Moltres|Moltres-Galar|64\/100\n|move|p1a: NoMeSentaoEnTolDia|Sucker Punch||[still]\n|-fail|p1a: NoMeSentaoEnTolDia\n|\n|upkeep\n|turn|28\n|\n|t:|1698852011\n|-end|p1a: NoMeSentaoEnTolDia|fallen1|[silent]\n|switch|p1a: Mayonesa xdd|Pelipper, M|55\/100\n|-weather|RainDance|[from] ability: Drizzle|[of] p1a: Mayonesa xdd\n|move|p2a: Moltres|Agility|p2a: Moltres\n|-boost|p2a: Moltres|spe|2\n|\n|-weather|RainDance|[upkeep]\n|-heal|p1a: Mayonesa xdd|61\/100|[from] item: Leftovers\n|upkeep\n|turn|29\n|\n|t:|1698852054\n|move|p2a: Moltres|Hurricane|p1a: Mayonesa xdd\n|-damage|p1a: Mayonesa xdd|1\/100\n|move|p1a: Mayonesa xdd|Surf|p2a: Moltres\n|-damage|p2a: Moltres|28\/100\n|-ability|p2a: Moltres|Berserk|boost\n|-boost|p2a: Moltres|spa|1\n|\n|-weather|RainDance|[upkeep]\n|-heal|p1a: Mayonesa xdd|7\/100|[from] item: Leftovers\n|upkeep\n|turn|30\n|\n|t:|1698852067\n|move|p2a: Moltres|Air Slash|p1a: Mayonesa xdd\n|-damage|p1a: Mayonesa xdd|0 fnt\n|faint|p1a: Mayonesa xdd\n|\n|-weather|RainDance|[upkeep]\n|upkeep\n|\n|t:|1698852083\n|switch|p1a: NoMeSentaoEnTolDia|Kingambit, F|52\/100\n|-activate|p1a: NoMeSentaoEnTolDia|ability: Supreme Overlord\n|-start|p1a: NoMeSentaoEnTolDia|fallen2|[silent]\n|turn|31\n|\n|t:|1698852091\n|move|p1a: NoMeSentaoEnTolDia|Sucker Punch|p2a: Moltres\n|-resisted|p2a: Moltres\n|-damage|p2a: Moltres|4\/100\n|-enditem|p2a: Moltres|Salac Berry|[eat]\n|-boost|p2a: Moltres|spe|1|[from] item: Salac Berry\n|move|p2a: Moltres|Hurricane|p1a: NoMeSentaoEnTolDia\n|-resisted|p1a: NoMeSentaoEnTolDia\n|-damage|p1a: NoMeSentaoEnTolDia|15\/100\n|\n|-weather|RainDance|[upkeep]\n|upkeep\n|turn|32\n|\n|t:|1698852107\n|switch|p2a: Moltres|Moltres-Galar|100\/100\n|move|p1a: NoMeSentaoEnTolDia|Sucker Punch||[still]\n|-fail|p1a: NoMeSentaoEnTolDia\n|\n|-weather|none\n|upkeep\n|turn|33\n|\n|t:|1698852121\n|move|p1a: NoMeSentaoEnTolDia|Sucker Punch|p2a: Moltres\n|-supereffective|p2a: Moltres\n|-damage|p2a: Moltres|0 fnt\n|-damage|p1a: NoMeSentaoEnTolDia|0 fnt|[from] item: Rocky Helmet|[of] p2a: Moltres\n|replace|p2a: Zoroark|Zoroark-Hisui, M\n|-end|p2a: Zoroark|Illusion\n|faint|p2a: Zoroark\n|faint|p1a: NoMeSentaoEnTolDia\n|-end|p1a: NoMeSentaoEnTolDia|fallen2|[silent]\n|\n|upkeep\n|\n|t:|1698852137\n|switch|p2a: Sylveon|Sylveon, M|100\/100\n|switch|p1a: Bombardeen la US|Zapdos|75\/100\n|turn|34\n|\n|t:|1698852154\n|move|p1a: Bombardeen la US|Thunderbolt|p2a: Sylveon\n|-damage|p2a: Sylveon|67\/100\n|move|p2a: Sylveon|Moonblast|p1a: Bombardeen la US\n|-damage|p1a: Bombardeen la US|29\/100\n|-unboost|p1a: Bombardeen la US|spa|1\n|\n|-heal|p2a: Sylveon|74\/100|[from] item: Leftovers\n|upkeep\n|turn|35\n|\n|t:|1698852164\n|switch|p1a: Fentanilo eono|Slowking-Galar, M|41\/100 par\n|move|p2a: Sylveon|Draining Kiss|p1a: Fentanilo eono\n|-resisted|p1a: Fentanilo eono\n|-damage|p1a: Fentanilo eono|37\/100 par\n|-heal|p2a: Sylveon|77\/100|[from] drain|[of] p1a: Fentanilo eono\n|\n|-heal|p2a: Sylveon|83\/100|[from] item: Leftovers\n|upkeep\n|turn|36\n|\n|t:|1698852179\n|move|p2a: Sylveon|Psychic|p1a: Fentanilo eono\n|-damage|p1a: Fentanilo eono|28\/100 par\n|-unboost|p1a: Fentanilo eono|spd|1\n|move|p1a: Fentanilo eono|Sludge Bomb|p2a: Sylveon\n|-supereffective|p2a: Sylveon\n|-damage|p2a: Sylveon|35\/100\n|-status|p2a: Sylveon|psn\n|\n|-heal|p2a: Sylveon|41\/100 psn|[from] item: Leftovers\n|-damage|p2a: Sylveon|29\/100 psn|[from] psn\n|upkeep\n|turn|37\n|\n|t:|1698852193\n|move|p2a: Sylveon|Psychic|p1a: Fentanilo eono\n|-damage|p1a: Fentanilo eono|14\/100 par\n|move|p1a: Fentanilo eono|Sludge Bomb|p2a: Sylveon\n|-supereffective|p2a: Sylveon\n|-damage|p2a: Sylveon|0 fnt\n|faint|p2a: Sylveon\n|\n|upkeep\n|\n|t:|1698852202\n|switch|p2a: Infernape|Infernape, F|22\/100\n|turn|38\n|\n|t:|1698852207\n|move|p2a: Infernape|Flamethrower|p1a: Fentanilo eono\n|-damage|p1a: Fentanilo eono|0 fnt\n|faint|p1a: Fentanilo eono\n|\n|upkeep\n|\n|t:|1698852218\n|switch|p1a: Y somos amigos|Maushold-Four|100\/100\n|turn|39\n|\n|t:|1698852227\n|move|p1a: Y somos amigos|Population Bomb|p2a: Infernape\n|-damage|p2a: Infernape|9\/100\n|-damage|p2a: Infernape|0 fnt\n|faint|p2a: Infernape\n|-hitcount|p2: Infernape|2\n|\n|upkeep\n|\n|t:|1698852234\n|switch|p2a: Moltres|Moltres-Galar|4\/100\n|turn|40\n|\n|t:|1698852239\n|move|p1a: Y somos amigos|Population Bomb|p2a: Moltres\n|-damage|p2a: Moltres|0 fnt\n|faint|p2a: Moltres\n|-hitcount|p2: Moltres|1\n|\n|win|NachoDestroyer37\n","uploadtime":1698852255,"views":57,"p1id":"nachodestroyer37","p2id":"jisco03","formatid":"gen9anythinggoes","rating":0,"private":0,"password":""}