{"id":"gen9anythinggoes-1998895977","p1":"PrimalKyogre555","p2":"Champions 95","format":"[Gen 9] Anything Goes","log":"|j|\u2606PrimalKyogre555\n|j|\u2606Champions 95\n|inactive|Battle timer is ON: inactive players will automatically lose when time's up.\n|t:|1701010016\n|gametype|singles\n|player|p1|PrimalKyogre555|az|\n|player|p2|Champions 95|170|\n|teamsize|p1|6\n|teamsize|p2|6\n|gen|9\n|tier|[Gen 9] Anything Goes\n|rated|Tournament battle\n|rule|HP Percentage Mod: HP is shown in percentages\n|rule|Endless Battle Clause: Forcing endless battles is banned\n|clearpoke\n|poke|p1|Arceus|\n|poke|p1|Calyrex-Shadow|\n|poke|p1|Miraidon|\n|poke|p1|Ting-Lu|\n|poke|p1|Arceus-Water|\n|poke|p1|Koraidon|\n|poke|p2|Calyrex-Shadow|\n|poke|p2|Regieleki|\n|poke|p2|Palkia-Origin|\n|poke|p2|Eternatus|\n|poke|p2|Koraidon|\n|poke|p2|Ditto|\n|teampreview\n|j|+Primordiallite\n|\n|t:|1701010027\n|start\n|switch|p1a: Miraidon|Miraidon|100\/100\n|switch|p2a: Koraidon|Koraidon|100\/100\n|-weather|SunnyDay|[from] ability: Orichalcum Pulse|[of] p2a: Koraidon\n|-activate|p2a: Koraidon|Orichalcum Pulse|[source]\n|-fieldstart|move: Electric Terrain|[from] ability: Hadron Engine|[of] p1a: Miraidon\n|turn|1\n|\n|t:|1701010033\n|switch|p1a: Arceus|Arceus-Water|100\/100\n|-terastallize|p2a: Koraidon|Fighting\n|move|p2a: Koraidon|Flame Charge|p1a: Arceus\n|-resisted|p1a: Arceus\n|-damage|p1a: Arceus|91\/100\n|-boost|p2a: Koraidon|spe|1\n|\n|-weather|SunnyDay|[upkeep]\n|upkeep\n|turn|2\n|j| eavo\n|\n|t:|1701010040\n|move|p2a: Koraidon|Swords Dance|p2a: Koraidon\n|-boost|p2a: Koraidon|atk|2\n|move|p1a: Arceus|Will-O-Wisp|p2a: Koraidon\n|-status|p2a: Koraidon|brn\n|\n|-weather|SunnyDay|[upkeep]\n|-damage|p2a: Koraidon|94\/100 brn|[from] brn\n|upkeep\n|turn|3\n|\n|t:|1701010047\n|move|p2a: Koraidon|Collision Course|p1a: Arceus\n|-damage|p1a: Arceus|45\/100\n|move|p1a: Arceus|Recover|p1a: Arceus\n|-heal|p1a: Arceus|95\/100\n|\n|-weather|SunnyDay|[upkeep]\n|-damage|p2a: Koraidon|88\/100 brn|[from] brn\n|upkeep\n|turn|4\n|\n|t:|1701010051\n|move|p2a: Koraidon|Swords Dance|p2a: Koraidon\n|-boost|p2a: Koraidon|atk|2\n|move|p1a: Arceus|Recover|p1a: Arceus\n|-heal|p1a: Arceus|100\/100\n|\n|-weather|SunnyDay|[upkeep]\n|-damage|p2a: Koraidon|82\/100 brn|[from] brn\n|upkeep\n|turn|5\n|\n|t:|1701010053\n|move|p2a: Koraidon|Swords Dance|p2a: Koraidon\n|-boost|p2a: Koraidon|atk|2\n|move|p1a: Arceus|Recover||[still]\n|-fail|p1a: Arceus|heal\n|\n|-weather|none\n|-damage|p2a: Koraidon|76\/100 brn|[from] brn\n|-fieldend|move: Electric Terrain\n|upkeep\n|turn|6\n|\n|t:|1701010057\n|move|p2a: Koraidon|Collision Course|p1a: Arceus\n|-damage|p1a: Arceus|26\/100\n|move|p1a: Arceus|Recover|p1a: Arceus\n|-heal|p1a: Arceus|76\/100\n|\n|-damage|p2a: Koraidon|70\/100 brn|[from] brn\n|upkeep\n|turn|7\n|\n|t:|1701010062\n|switch|p1a: Calyrex|Calyrex-Shadow|100\/100\n|-ability|p1a: Calyrex|As One\n|-ability|p1a: Calyrex|Unnerve\n|move|p2a: Koraidon|Collision Course|p1a: Calyrex\n|-immune|p1a: Calyrex\n|\n|-damage|p2a: Koraidon|64\/100 brn|[from] brn\n|upkeep\n|turn|8\n|\n|t:|1701010065\n|switch|p1a: Arceus|Arceus-Water|76\/100\n|move|p2a: Koraidon|Dragon Claw|p1a: Arceus\n|-damage|p1a: Arceus|33\/100\n|\n|-damage|p2a: Koraidon|58\/100 brn|[from] brn\n|upkeep\n|turn|9\n|j| laprasplayer\n|\n|t:|1701010071\n|-terastallize|p1a: Arceus|Fairy\n|move|p2a: Koraidon|Dragon Claw|p1a: Arceus\n|-immune|p1a: Arceus\n|move|p1a: Arceus|Recover|p1a: Arceus\n|-heal|p1a: Arceus|83\/100\n|\n|-damage|p2a: Koraidon|51\/100 brn|[from] brn\n|upkeep\n|turn|10\n|\n|t:|1701010076\n|move|p2a: Koraidon|Flame Charge|p1a: Arceus\n|-damage|p1a: Arceus|65\/100\n|-boost|p2a: Koraidon|spe|1\n|move|p1a: Arceus|Judgment|p2a: Koraidon\n|-damage|p2a: Koraidon|4\/100 brn\n|\n|-damage|p2a: Koraidon|0 fnt|[from] brn\n|faint|p2a: Koraidon\n|upkeep\n|\n|t:|1701010089\n|switch|p2a: Regieleki|Regieleki|100\/100\n|turn|11\n|\n|t:|1701010093\n|move|p2a: Regieleki|Thunderbolt|p1a: Arceus\n|-crit|p1a: Arceus\n|-damage|p1a: Arceus|13\/100\n|move|p1a: Arceus|Judgment|p2a: Regieleki\n|-damage|p2a: Regieleki|8\/100\n|\n|upkeep\n|turn|12\n|\n|t:|1701010095\n|switch|p1a: Ting-Lu|Ting-Lu|100\/100\n|-ability|p1a: Ting-Lu|Vessel of Ruin\n|move|p2a: Regieleki|Thunderbolt|p1a: Ting-Lu\n|-immune|p1a: Ting-Lu\n|\n|upkeep\n|turn|13\n|\n|t:|1701010107\n|switch|p2a: Ditto|Ditto|100\/100\n|-transform|p2a: Ditto|p1a: Ting-Lu|[from] ability: Imposter\n|-ability|p2a: Ditto|Vessel of Ruin\n|move|p1a: Ting-Lu|Spikes|p2a: Ditto\n|-sidestart|p2: Champions 95|Spikes\n|\n|upkeep\n|turn|14\n|\n|t:|1701010113\n|switch|p1a: Arceus|Arceus-Water, tera:Fairy|13\/100\n|move|p2a: Ditto|Ruination|p1a: Arceus\n|-damage|p1a: Arceus|7\/100\n|\n|upkeep\n|turn|15\n|j| ZowwyCafe\u2764\n|\n|t:|1701010118\n|switch|p2a: Calyrex|Calyrex-Shadow|100\/100\n|-ability|p2a: Calyrex|As One\n|-ability|p2a: Calyrex|Unnerve\n|-damage|p2a: Calyrex|88\/100|[from] Spikes\n|move|p1a: Arceus|Recover|p1a: Arceus\n|-heal|p1a: Arceus|57\/100\n|\n|upkeep\n|turn|16\n|\n|t:|1701010120\n|switch|p1a: Arceus|Arceus|100\/100\n|move|p2a: Calyrex|Astral Barrage|p1a: Arceus\n|-immune|p1a: Arceus\n|\n|upkeep\n|turn|17\n|\n|t:|1701010123\n|move|p2a: Calyrex|Psychic|p1a: Arceus\n|-damage|p1a: Arceus|66\/100\n|move|p1a: Arceus|Shadow Claw|p2a: Calyrex\n|-supereffective|p2a: Calyrex\n|-damage|p2a: Calyrex|0 fnt\n|faint|p2a: Calyrex\n|\n|upkeep\n|l| ZowwyCafe\u2764\n|\n|t:|1701010129\n|switch|p2a: Eternatus|Eternatus|100\/100\n|-damage|p2a: Eternatus|88\/100|[from] Spikes\n|-ability|p2a: Eternatus|Pressure\n|turn|18\n|\n|t:|1701010134\n|switch|p1a: Ting-Lu|Ting-Lu|100\/100\n|-ability|p1a: Ting-Lu|Vessel of Ruin\n|move|p2a: Eternatus|Dynamax Cannon|p1a: Ting-Lu\n|-damage|p1a: Ting-Lu|77\/100\n|\n|-heal|p1a: Ting-Lu|83\/100|[from] item: Leftovers\n|upkeep\n|turn|19\n|l|+Primordiallite\n|\n|t:|1701010141\n|move|p2a: Eternatus|Dynamax Cannon|p1a: Ting-Lu\n|-damage|p1a: Ting-Lu|59\/100\n|move|p1a: Ting-Lu|Earthquake|p2a: Eternatus\n|-supereffective|p2a: Eternatus\n|-damage|p2a: Eternatus|24\/100\n|\n|-heal|p1a: Ting-Lu|65\/100|[from] item: Leftovers\n|upkeep\n|turn|20\n|\n|t:|1701010143\n|move|p2a: Eternatus|Dynamax Cannon|p1a: Ting-Lu\n|-damage|p1a: Ting-Lu|43\/100\n|move|p1a: Ting-Lu|Spikes|p2a: Eternatus\n|-sidestart|p2: Champions 95|Spikes\n|\n|-heal|p1a: Ting-Lu|49\/100|[from] item: Leftovers\n|upkeep\n|turn|21\n|\n|t:|1701010148\n|move|p2a: Eternatus|Dynamax Cannon|p1a: Ting-Lu\n|-damage|p1a: Ting-Lu|25\/100\n|move|p1a: Ting-Lu|Earthquake|p2a: Eternatus\n|-supereffective|p2a: Eternatus\n|-damage|p2a: Eternatus|0 fnt\n|faint|p2a: Eternatus\n|\n|-heal|p1a: Ting-Lu|32\/100|[from] item: Leftovers\n|upkeep\n|\n|t:|1701010150\n|switch|p2a: Regieleki|Regieleki|8\/100\n|-damage|p2a: Regieleki|0 fnt|[from] Spikes\n|faint|p2a: Regieleki\n|\n|t:|1701010157\n|switch|p2a: Palkia|Palkia-Origin|100\/100\n|-damage|p2a: Palkia|84\/100|[from] Spikes\n|-ability|p2a: Palkia|Pressure\n|turn|22\n|\n|t:|1701010160\n|move|p2a: Palkia|Surf|p1a: Ting-Lu\n|-supereffective|p1a: Ting-Lu\n|-damage|p1a: Ting-Lu|0 fnt\n|faint|p1a: Ting-Lu\n|\n|upkeep\n|\n|t:|1701010162\n|switch|p1a: Koraidon|Koraidon|100\/100\n|-weather|SunnyDay|[from] ability: Orichalcum Pulse|[of] p1a: Koraidon\n|-activate|p1a: Koraidon|Orichalcum Pulse|[source]\n|turn|23\n|\n|t:|1701010165\n|move|p1a: Koraidon|Outrage|p2a: Palkia\n|-supereffective|p2a: Palkia\n|-damage|p2a: Palkia|0 fnt\n|faint|p2a: Palkia\n|\n|-weather|SunnyDay|[upkeep]\n|upkeep\n|\n|t:|1701010167\n|switch|p2a: Ditto|Ditto|100\/100\n|-damage|p2a: Ditto|84\/100|[from] Spikes\n|-transform|p2a: Ditto|p1a: Koraidon|[from] ability: Imposter\n|-activate|p2a: Ditto|ability: Orichalcum Pulse\n|turn|24\n|\n|t:|1701010169\n|move|p2a: Ditto|Outrage|p1a: Koraidon\n|-supereffective|p1a: Koraidon\n|-damage|p1a: Koraidon|0 fnt\n|faint|p1a: Koraidon\n|\n|-weather|SunnyDay|[upkeep]\n|upkeep\n|\n|t:|1701010174\n|switch|p1a: Calyrex|Calyrex-Shadow|100\/100\n|-ability|p1a: Calyrex|As One\n|-ability|p1a: Calyrex|Unnerve\n|turn|25\n|\n|t:|1701010177\n|move|p2a: Ditto|Outrage|p1a: Calyrex|[from]lockedmove\n|-damage|p1a: Calyrex|8\/100\n|move|p1a: Calyrex|Draining Kiss|p2a: Ditto\n|-supereffective|p2a: Ditto\n|-damage|p2a: Ditto|0 fnt\n|-heal|p1a: Calyrex|51\/100|[from] drain|[of] p2a: Ditto\n|faint|p2a: Ditto\n|\n|win|PrimalKyogre555\n|n|\u2606PrimalKyogre555|primalkyogre555\n|n|\u2606Champions 95|champions95\n|n| eavo|eavo\n|n| laprasplayer|laprasplayer\n","uploadtime":1701010187,"views":1,"p1id":"primalkyogre555","p2id":"champions95","formatid":"gen9anythinggoes","rating":0,"private":0,"password":""}