{"id":"gen9anythinggoes-1999008249","p1":"Ater12344567","p2":"kromydas","format":"[Gen 9] Anything Goes","log":"|j|\u2606Ater12344567\n|j|\u203dkromydas\n|t:|1701023337\n|gametype|singles\n|player|p1|Ater12344567|alder|1325\n|player|p2|kromydas|alec-anime|1274\n|teamsize|p1|6\n|teamsize|p2|6\n|gen|9\n|tier|[Gen 9] Anything Goes\n|rated|\n|rule|HP Percentage Mod: HP is shown in percentages\n|rule|Endless Battle Clause: Forcing endless battles is banned\n|clearpoke\n|poke|p1|Basculegion, M|\n|poke|p1|Zacian-*|\n|poke|p1|Vivillon-Monsoon, F|\n|poke|p1|Urshifu-*, M|\n|poke|p1|Calyrex-Shadow|\n|poke|p1|Ribombee, M|\n|poke|p2|Greninja-*, M|\n|poke|p2|Manaphy|\n|poke|p2|Kyogre|\n|poke|p2|Kingambit, F|\n|poke|p2|Mew|\n|poke|p2|Clefable, F|\n|teampreview\n|\n|t:|1701023345\n|start\n|switch|p1a: So pra hazard memo|Ribombee, M|100\/100\n|switch|p2a: Kyogre|Kyogre|100\/100\n|-weather|RainDance|[from] ability: Drizzle|[of] p2a: Kyogre\n|turn|1\n|\n|t:|1701023380\n|move|p2a: Kyogre|Water Spout|p1a: So pra hazard memo\n|-enditem|p1a: So pra hazard memo|Focus Sash\n|-damage|p1a: So pra hazard memo|1\/100\n|move|p1a: So pra hazard memo|Sticky Web|p2a: Kyogre\n|-sidestart|p2: kromydas|move: Sticky Web\n|\n|-weather|RainDance|[upkeep]\n|upkeep\n|turn|2\n|\n|t:|1701023392\n|switch|p2a: Manaphy|Manaphy|100\/100\n|-activate|p2a: Manaphy|move: Sticky Web\n|-unboost|p2a: Manaphy|spe|1\n|move|p1a: So pra hazard memo|Moonblast|p2a: Manaphy\n|-damage|p2a: Manaphy|74\/100\n|\n|-weather|RainDance|[upkeep]\n|-heal|p2a: Manaphy|80\/100|[from] item: Leftovers\n|upkeep\n|turn|3\n|\n|t:|1701023404\n|move|p1a: So pra hazard memo|Quiver Dance|p1a: So pra hazard memo\n|-boost|p1a: So pra hazard memo|spa|1\n|-boost|p1a: So pra hazard memo|spd|1\n|-boost|p1a: So pra hazard memo|spe|1\n|move|p2a: Manaphy|Tail Glow|p2a: Manaphy\n|-boost|p2a: Manaphy|spa|3\n|\n|-weather|RainDance|[upkeep]\n|-heal|p2a: Manaphy|87\/100|[from] item: Leftovers\n|upkeep\n|turn|4\n|\n|t:|1701023415\n|move|p1a: So pra hazard memo|Quiver Dance|p1a: So pra hazard memo\n|-boost|p1a: So pra hazard memo|spa|1\n|-boost|p1a: So pra hazard memo|spd|1\n|-boost|p1a: So pra hazard memo|spe|1\n|move|p2a: Manaphy|Tail Glow|p2a: Manaphy\n|-boost|p2a: Manaphy|spa|3\n|\n|-weather|RainDance|[upkeep]\n|-heal|p2a: Manaphy|93\/100|[from] item: Leftovers\n|upkeep\n|turn|5\n|\n|t:|1701023424\n|move|p1a: So pra hazard memo|Moonblast|p2a: Manaphy\n|-damage|p2a: Manaphy|46\/100\n|-unboost|p2a: Manaphy|spa|1\n|move|p2a: Manaphy|Baton Pass|p2a: Manaphy\n|\n|t:|1701023429\n|switch|p2a: Greninja|Greninja, M|100\/100|[from] Baton Pass\n|-activate|p2a: Greninja|move: Sticky Web\n|-unboost|p2a: Greninja|spe|1\n|\n|-weather|none\n|upkeep\n|turn|6\n|\n|t:|1701023437\n|-terastallize|p2a: Greninja|Water\n|move|p2a: Greninja|Water Shuriken|p1a: So pra hazard memo\n|-damage|p1a: So pra hazard memo|0 fnt\n|faint|p1a: So pra hazard memo\n|-ability|p2a: Greninja|Battle Bond|boost\n|-boost|p2a: Greninja|atk|1\n|-boost|p2a: Greninja|spa|1\n|-boost|p2a: Greninja|spe|1\n|-activate|p2a: Greninja|ability: Battle Bond\n|-hitcount|p1: So pra hazard memo|1\n|\n|upkeep\n|\n|t:|1701023475\n|switch|p1a: Fraquinho n\u00e9 ?|Vivillon-Monsoon, F, shiny|100\/100\n|turn|7\n|\n|t:|1701023480\n|move|p2a: Greninja|Water Shuriken|p1a: Fraquinho n\u00e9 ?\n|-damage|p1a: Fraquinho n\u00e9 ?|20\/100\n|-damage|p1a: Fraquinho n\u00e9 ?|0 fnt\n|faint|p1a: Fraquinho n\u00e9 ?\n|-hitcount|p1: Fraquinho n\u00e9 ?|2\n|\n|upkeep\n|\n|t:|1701023487\n|switch|p1a: Bora se bufar|Calyrex-Shadow|100\/100\n|-ability|p1a: Bora se bufar|As One\n|-ability|p1a: Bora se bufar|Unnerve\n|turn|8\n|\n|t:|1701023494\n|move|p2a: Greninja|Water Shuriken|p1a: Bora se bufar\n|-damage|p1a: Bora se bufar|59\/100\n|-damage|p1a: Bora se bufar|22\/100\n|-damage|p1a: Bora se bufar|0 fnt\n|faint|p1a: Bora se bufar\n|-hitcount|p1: Bora se bufar|3\n|\n|upkeep\n|\n|t:|1701023503\n|switch|p1a: Cr\u00edtico 100%|Urshifu-Rapid-Strike, M|100\/100\n|turn|9\n|\n|t:|1701023513\n|move|p2a: Greninja|Water Shuriken|p1a: Cr\u00edtico 100%\n|-resisted|p1a: Cr\u00edtico 100%\n|-damage|p1a: Cr\u00edtico 100%|71\/100\n|-resisted|p1a: Cr\u00edtico 100%\n|-damage|p1a: Cr\u00edtico 100%|40\/100\n|-resisted|p1a: Cr\u00edtico 100%\n|-damage|p1a: Cr\u00edtico 100%|10\/100\n|-resisted|p1a: Cr\u00edtico 100%\n|-damage|p1a: Cr\u00edtico 100%|0 fnt\n|faint|p1a: Cr\u00edtico 100%\n|-hitcount|p1: Cr\u00edtico 100%|4\n|\n|upkeep\n|inactive|Battle timer is ON: inactive players will automatically lose when time's up. (requested by kromydas)\n|\n|t:|1701023559\n|switch|p1a: Atackizin|Zacian-Crowned, shiny|100\/100\n|-ability|p1a: Atackizin|Intrepid Sword|boost\n|-boost|p1a: Atackizin|atk|1\n|turn|10\n|\n|t:|1701023564\n|move|p2a: Greninja|Water Shuriken|p1a: Atackizin\n|-damage|p1a: Atackizin|68\/100\n|-damage|p1a: Atackizin|39\/100\n|-damage|p1a: Atackizin|9\/100\n|-damage|p1a: Atackizin|0 fnt\n|faint|p1a: Atackizin\n|-hitcount|p1: Atackizin|4\n|\n|upkeep\n|\n|t:|1701023573\n|switch|p1a: Me deu for\u00e7a|Basculegion, M|100\/100\n|-ability|p1a: Me deu for\u00e7a|Mold Breaker\n|turn|11\n|-message|Ater12344567 forfeited.\n|\n|win|kromydas\n|raw|Ater12344567's rating: 1325 &rarr; <strong>1302<\/strong><br \/>(-23 for losing)\n|raw|kromydas's rating: 1274 &rarr; <strong>1303<\/strong><br \/>(+29 for winning)\n|l|\u2606Ater12344567\n","uploadtime":1701023580,"views":0,"p1id":"ater12344567","p2id":"kromydas","formatid":"gen9anythinggoes","rating":1302,"private":0,"password":""}