{"id":"gen9anythinggoes-1978816788","p1":"NachoDestroyer37","p2":"jrt730","format":"[Gen 9] Anything Goes","log":"|j|\u2606NachoDestroyer37\n|j|\u2606jrt730\n|t:|1698598689\n|gametype|singles\n|player|p1|NachoDestroyer37|n|\n|player|p2|jrt730|clair|\n|teamsize|p1|6\n|teamsize|p2|6\n|gen|9\n|tier|[Gen 9] Anything Goes\n|rule|HP Percentage Mod: HP is shown in percentages\n|rule|Endless Battle Clause: Forcing endless battles is banned\n|clearpoke\n|poke|p1|Florges-Yellow, F|\n|poke|p1|Volcanion|\n|poke|p1|Maushold-Four|\n|poke|p1|Slowking-Galar, M|\n|poke|p1|Gliscor, M|\n|poke|p1|Beartic, F|\n|poke|p2|Landorus-Therian, M|\n|poke|p2|Meowscarada, F|\n|poke|p2|Hydreigon, M|\n|poke|p2|Gastrodon-East, M|\n|poke|p2|Breloom, M|\n|poke|p2|Rotom-Heat|\n|teampreview\n|\n|t:|1698598720\n|start\n|switch|p1a: Dari yanki|Volcanion|100\/100\n|switch|p2a: Gastrodon|Gastrodon-East, M|100\/100\n|turn|1\n|\n|t:|1698598741\n|switch|p1a: 3 papeles|Florges-Yellow, F|100\/100\n|move|p2a: Gastrodon|Spikes|p1a: 3 papeles\n|-sidestart|p1: NachoDestroyer37|Spikes\n|\n|upkeep\n|turn|2\n|\n|t:|1698598768\n|switch|p2a: Rotom|Rotom-Heat|100\/100\n|move|p1a: 3 papeles|Calm Mind|p1a: 3 papeles\n|-boost|p1a: 3 papeles|spa|1\n|-boost|p1a: 3 papeles|spd|1\n|\n|upkeep\n|turn|3\n|\n|t:|1698598851\n|move|p2a: Rotom|Will-O-Wisp|p1a: 3 papeles\n|-status|p1a: 3 papeles|brn\n|move|p1a: 3 papeles|Moonblast|p2a: Rotom\n|-resisted|p2a: Rotom\n|-damage|p2a: Rotom|70\/100\n|\n|-damage|p1a: 3 papeles|94\/100 brn|[from] brn\n|upkeep\n|turn|4\n|\n|t:|1698598861\n|move|p2a: Rotom|Nasty Plot|p2a: Rotom\n|-boost|p2a: Rotom|spa|2\n|move|p1a: 3 papeles|Wish|p1a: 3 papeles\n|\n|-heal|p1a: 3 papeles|100\/100 brn|[from] item: Leftovers\n|-damage|p1a: 3 papeles|94\/100 brn|[from] brn\n|upkeep\n|turn|5\n|\n|t:|1698598869\n|move|p2a: Rotom|Overheat|p1a: 3 papeles\n|-damage|p1a: 3 papeles|54\/100 brn\n|-unboost|p2a: Rotom|spa|2\n|move|p1a: 3 papeles|Moonblast|p2a: Rotom\n|-resisted|p2a: Rotom\n|-damage|p2a: Rotom|40\/100\n|-unboost|p2a: Rotom|spa|1\n|\n|-heal|p1a: 3 papeles|100\/100 brn|[from] move: Wish|[wisher] 3 papeles\n|-damage|p1a: 3 papeles|94\/100 brn|[from] brn\n|upkeep\n|turn|6\n|\n|t:|1698598895\n|switch|p2a: Gastrodon|Gastrodon-East, M|100\/100\n|move|p1a: 3 papeles|Calm Mind|p1a: 3 papeles\n|-boost|p1a: 3 papeles|spa|1\n|-boost|p1a: 3 papeles|spd|1\n|\n|-heal|p1a: 3 papeles|100\/100 brn|[from] item: Leftovers\n|-damage|p1a: 3 papeles|94\/100 brn|[from] brn\n|upkeep\n|turn|7\n|\n|t:|1698598916\n|switch|p2a: Hydreigon|Hydreigon, M|100\/100\n|move|p1a: 3 papeles|Calm Mind|p1a: 3 papeles\n|-boost|p1a: 3 papeles|spa|1\n|-boost|p1a: 3 papeles|spd|1\n|\n|-heal|p1a: 3 papeles|100\/100 brn|[from] item: Leftovers\n|-damage|p1a: 3 papeles|94\/100 brn|[from] brn\n|upkeep\n|turn|8\n|\n|t:|1698598927\n|move|p2a: Hydreigon|Flash Cannon|p1a: 3 papeles\n|-supereffective|p1a: 3 papeles\n|-damage|p1a: 3 papeles|79\/100 brn\n|move|p1a: 3 papeles|Moonblast|p2a: Hydreigon\n|-supereffective|p2a: Hydreigon\n|-damage|p2a: Hydreigon|0 fnt\n|faint|p2a: Hydreigon\n|\n|-heal|p1a: 3 papeles|85\/100 brn|[from] item: Leftovers\n|-damage|p1a: 3 papeles|79\/100 brn|[from] brn\n|upkeep\n|\n|t:|1698598954\n|switch|p2a: Meowscarada|Meowscarada, F|100\/100\n|turn|9\n|\n|t:|1698598958\n|move|p2a: Meowscarada|Knock Off|p1a: 3 papeles\n|-start|p2a: Meowscarada|typechange|Dark|[from] ability: Protean\n|-resisted|p1a: 3 papeles\n|-crit|p1a: 3 papeles\n|-damage|p1a: 3 papeles|33\/100 brn\n|-enditem|p1a: 3 papeles|Leftovers|[from] move: Knock Off|[of] p2a: Meowscarada\n|move|p1a: 3 papeles|Moonblast|p2a: Meowscarada\n|-supereffective|p2a: Meowscarada\n|-damage|p2a: Meowscarada|0 fnt\n|faint|p2a: Meowscarada\n|\n|-damage|p1a: 3 papeles|26\/100 brn|[from] brn\n|upkeep\n|\n|t:|1698598972\n|switch|p2a: Gastrodon|Gastrodon-East, M|100\/100\n|turn|10\n|\n|t:|1698598977\n|move|p1a: 3 papeles|Giga Drain|p2a: Gastrodon\n|-supereffective|p2a: Gastrodon\n|-damage|p2a: Gastrodon|0 fnt\n|-heal|p1a: 3 papeles|86\/100 brn|[from] drain|[of] p2a: Gastrodon\n|faint|p2a: Gastrodon\n|\n|-damage|p1a: 3 papeles|80\/100 brn|[from] brn\n|upkeep\n|\n|t:|1698598986\n|switch|p2a: Rotom|Rotom-Heat|40\/100\n|turn|11\n|\n|t:|1698598992\n|move|p2a: Rotom|Nasty Plot|p2a: Rotom\n|-boost|p2a: Rotom|spa|2\n|move|p1a: 3 papeles|Wish|p1a: 3 papeles\n|\n|-damage|p1a: 3 papeles|73\/100 brn|[from] brn\n|upkeep\n|turn|12\n|\n|t:|1698599001\n|move|p2a: Rotom|Overheat|p1a: 3 papeles\n|-damage|p1a: 3 papeles|49\/100 brn\n|-unboost|p2a: Rotom|spa|2\n|move|p1a: 3 papeles|Moonblast|p2a: Rotom\n|-resisted|p2a: Rotom\n|-damage|p2a: Rotom|0 fnt\n|faint|p2a: Rotom\n|\n|-heal|p1a: 3 papeles|99\/100 brn|[from] move: Wish|[wisher] 3 papeles\n|-damage|p1a: 3 papeles|93\/100 brn|[from] brn\n|upkeep\n|\n|t:|1698599031\n|switch|p2a: Breloom|Breloom, M|100\/100\n|turn|13\n|\n|t:|1698599039\n|move|p2a: Breloom|Bullet Seed|p1a: 3 papeles\n|-damage|p1a: 3 papeles|75\/100 brn\n|-damage|p1a: 3 papeles|57\/100 brn\n|-damage|p1a: 3 papeles|39\/100 brn\n|-damage|p1a: 3 papeles|22\/100 brn\n|-damage|p1a: 3 papeles|3\/100 brn\n|-hitcount|p1a: 3 papeles|5\n|move|p1a: 3 papeles|Moonblast|p2a: Breloom\n|-supereffective|p2a: Breloom\n|-crit|p2a: Breloom\n|-damage|p2a: Breloom|0 fnt\n|faint|p2a: Breloom\n|\n|-damage|p1a: 3 papeles|0 fnt|[from] brn\n|faint|p1a: 3 papeles\n|upkeep\n|\n|t:|1698599063\n|switch|p2a: Landorus|Landorus-Therian, M|100\/100\n|switch|p1a: Dari yanki|Volcanion|100\/100\n|-damage|p1a: Dari yanki|88\/100|[from] Spikes\n|-ability|p2a: Landorus|Intimidate|boost\n|-unboost|p1a: Dari yanki|atk|1\n|turn|14\n|\n|t:|1698599088\n|move|p1a: Dari yanki|Steam Eruption|p2a: Landorus\n|-supereffective|p2a: Landorus\n|-damage|p2a: Landorus|0 fnt\n|faint|p2a: Landorus\n|\n|win|NachoDestroyer37\n|c|\u2606NachoDestroyer37|gg\n","uploadtime":1698599103,"views":43,"p1id":"nachodestroyer37","p2id":"jrt730","formatid":"gen9anythinggoes","rating":0,"private":0,"password":""}