{"id":"gen9anythinggoes-1989139458","p1":"carmillavkarnstein","p2":"Xeo009","format":"[Gen 9] Anything Goes","log":"|j|\u2606carmillavkarnstein\n|j|\u2606Xeo009\n|t:|1699816445\n|gametype|singles\n|player|p1|carmillavkarnstein|169|1373\n|player|p2|Xeo009|ash-alola|1631\n|teamsize|p1|6\n|teamsize|p2|6\n|gen|9\n|tier|[Gen 9] Anything Goes\n|rated|\n|rule|HP Percentage Mod: HP is shown in percentages\n|rule|Endless Battle Clause: Forcing endless battles is banned\n|clearpoke\n|poke|p1|Miraidon|\n|poke|p1|Grimmsnarl, M|\n|poke|p1|Skeledirge, M|\n|poke|p1|Blissey, F|\n|poke|p1|Moltres|\n|poke|p1|Calyrex-Ice|\n|poke|p2|Ditto|\n|poke|p2|Pawmot, M|\n|poke|p2|Corviknight, M|\n|poke|p2|Zacian-*|\n|poke|p2|Calyrex-Shadow|\n|poke|p2|Koraidon|\n|teampreview\n|\n|t:|1699816454\n|start\n|switch|p1a: Miraidon|Miraidon|100\/100\n|switch|p2a: Koraidon|Koraidon|100\/100\n|-fieldstart|move: Electric Terrain|[from] ability: Hadron Engine|[of] p1a: Miraidon\n|-weather|SunnyDay|[from] ability: Orichalcum Pulse|[of] p2a: Koraidon\n|-activate|p2a: Koraidon|Orichalcum Pulse|[source]\n|turn|1\n|\n|t:|1699816463\n|move|p1a: Miraidon|Protect|p1a: Miraidon\n|-singleturn|p1a: Miraidon|Protect\n|move|p2a: Koraidon|Outrage|p1a: Miraidon\n|-activate|p1a: Miraidon|move: Protect\n|\n|-weather|SunnyDay|[upkeep]\n|upkeep\n|turn|2\n|\n|t:|1699816473\n|-terastallize|p1a: Miraidon|Fairy\n|move|p1a: Miraidon|Dragon Pulse|p2a: Koraidon\n|-supereffective|p2a: Koraidon\n|-enditem|p2a: Koraidon|Focus Sash\n|-damage|p2a: Koraidon|1\/100\n|move|p2a: Koraidon|Stomping Tantrum|p1a: Miraidon\n|-damage|p1a: Miraidon|61\/100\n|\n|-weather|SunnyDay|[upkeep]\n|upkeep\n|turn|3\n|\n|t:|1699816483\n|move|p2a: Koraidon|Flame Charge|p1a: Miraidon\n|-damage|p1a: Miraidon|28\/100\n|-boost|p2a: Koraidon|spe|1\n|move|p1a: Miraidon|U-turn|p2a: Koraidon\n|-resisted|p2a: Koraidon\n|-damage|p2a: Koraidon|0 fnt\n|faint|p2a: Koraidon\n|\n|t:|1699816499\n|switch|p1a: Calyrex|Calyrex-Ice|100\/100|[from] U-turn\n|-ability|p1a: Calyrex|As One\n|-ability|p1a: Calyrex|Unnerve\n|\n|-weather|SunnyDay|[upkeep]\n|upkeep\n|\n|t:|1699816511\n|switch|p2a: Calyrex|Calyrex-Shadow|100\/100\n|-ability|p2a: Calyrex|As One\n|-ability|p2a: Calyrex|Unnerve\n|turn|4\n|\n|t:|1699816516\n|switch|p1a: Grimmsnarl|Grimmsnarl, M|100\/100\n|move|p2a: Calyrex|Astral Barrage|p1a: Grimmsnarl\n|-resisted|p1a: Grimmsnarl\n|-damage|p1a: Grimmsnarl|70\/100\n|\n|-weather|SunnyDay|[upkeep]\n|upkeep\n|turn|5\n|\n|t:|1699816526\n|switch|p2a: Zacian|Zacian-Crowned|100\/100\n|-ability|p2a: Zacian|Intrepid Sword|boost\n|-boost|p2a: Zacian|atk|1\n|move|p1a: Grimmsnarl|Spirit Break|p2a: Zacian\n|-resisted|p2a: Zacian\n|-damage|p2a: Zacian|86\/100\n|-unboost|p2a: Zacian|spa|1\n|\n|-weather|none\n|-fieldend|move: Electric Terrain\n|upkeep\n|turn|6\n|\n|t:|1699816535\n|move|p1a: Grimmsnarl|Parting Shot|p2a: Zacian\n|-unboost|p2a: Zacian|atk|1\n|-unboost|p2a: Zacian|spa|1\n|\n|t:|1699816541\n|switch|p1a: Skeledirge|Skeledirge, M|100\/100|[from] Parting Shot\n|move|p2a: Zacian|Behemoth Blade|p1a: Skeledirge\n|-resisted|p1a: Skeledirge\n|-damage|p1a: Skeledirge|82\/100\n|\n|upkeep\n|turn|7\n|\n|t:|1699816554\n|switch|p2a: Corviknight|Corviknight, M|100\/100\n|-ability|p2a: Corviknight|Pressure\n|move|p1a: Skeledirge|Will-O-Wisp|p2a: Corviknight\n|-status|p2a: Corviknight|brn\n|\n|-damage|p2a: Corviknight|94\/100 brn|[from] brn\n|upkeep\n|turn|8\n|\n|t:|1699816563\n|move|p2a: Corviknight|Brave Bird|p1a: Skeledirge\n|-damage|p1a: Skeledirge|71\/100\n|-damage|p2a: Corviknight|91\/100 brn|[from] Recoil\n|move|p1a: Skeledirge|Torch Song|p2a: Corviknight\n|-supereffective|p2a: Corviknight\n|-damage|p2a: Corviknight|28\/100 brn\n|-boost|p1a: Skeledirge|spa|1\n|-enditem|p2a: Corviknight|Weakness Policy\n|-boost|p2a: Corviknight|atk|2|[from] item: Weakness Policy\n|-boost|p2a: Corviknight|spa|2|[from] item: Weakness Policy\n|\n|-damage|p2a: Corviknight|22\/100 brn|[from] brn\n|upkeep\n|turn|9\n|\n|t:|1699816574\n|move|p2a: Corviknight|Brave Bird|p1a: Skeledirge\n|-damage|p1a: Skeledirge|60\/100\n|-damage|p2a: Corviknight|18\/100 brn|[from] Recoil\n|move|p1a: Skeledirge|Slack Off|p1a: Skeledirge\n|-heal|p1a: Skeledirge|100\/100\n|\n|-damage|p2a: Corviknight|12\/100 brn|[from] brn\n|upkeep\n|turn|10\n|\n|t:|1699816582\n|move|p2a: Corviknight|Brave Bird|p1a: Skeledirge\n|-damage|p1a: Skeledirge|89\/100\n|-damage|p2a: Corviknight|8\/100 brn|[from] Recoil\n|move|p1a: Skeledirge|Torch Song|p2a: Corviknight\n|-supereffective|p2a: Corviknight\n|-damage|p2a: Corviknight|0 fnt\n|-boost|p1a: Skeledirge|spa|1\n|faint|p2a: Corviknight\n|\n|upkeep\n|\n|t:|1699816587\n|switch|p2a: Calyrex|Calyrex-Shadow|100\/100\n|-ability|p2a: Calyrex|As One\n|-ability|p2a: Calyrex|Unnerve\n|turn|11\n|\n|t:|1699816595\n|switch|p1a: Blissey|Blissey, F|100\/100\n|move|p2a: Calyrex|Astral Barrage|p1a: Blissey\n|-immune|p1a: Blissey\n|\n|upkeep\n|turn|12\n|\n|t:|1699816604\n|switch|p2a: Zacian|Zacian-Crowned|86\/100\n|switch|p1a: Calyrex|Calyrex-Ice|100\/100\n|-ability|p1a: Calyrex|As One\n|-ability|p1a: Calyrex|Unnerve\n|\n|upkeep\n|turn|13\n|\n|t:|1699816612\n|switch|p1a: Skeledirge|Skeledirge, M|89\/100\n|move|p2a: Zacian|Behemoth Blade|p1a: Skeledirge\n|-resisted|p1a: Skeledirge\n|-damage|p1a: Skeledirge|71\/100\n|\n|upkeep\n|turn|14\n|\n|t:|1699816620\n|switch|p2a: Pawmot|Pawmot, M|100\/100\n|move|p1a: Skeledirge|Hex|p2a: Pawmot\n|-damage|p2a: Pawmot|56\/100\n|\n|upkeep\n|turn|15\n|\n|t:|1699816627\n|move|p2a: Pawmot|Revival Blessing|p2a: Pawmot\n|\n|t:|1699816629\n|-heal|p2: Koraidon|50\/100|[from] move: Revival Blessing\n|move|p1a: Skeledirge|Torch Song|p2a: Pawmot\n|-damage|p2a: Pawmot|1\/100\n|-boost|p1a: Skeledirge|spa|1\n|\n|upkeep\n|turn|16\n|\n|t:|1699816636\n|move|p2a: Pawmot|Double Shock|p1a: Skeledirge\n|-damage|p1a: Skeledirge|36\/100\n|-start|p2a: Pawmot|typechange|???\/Fighting|[from] move: Double Shock\n|move|p1a: Skeledirge|Torch Song|p2a: Pawmot\n|-damage|p2a: Pawmot|0 fnt\n|-boost|p1a: Skeledirge|spa|1\n|faint|p2a: Pawmot\n|\n|upkeep\n|\n|t:|1699816645\n|switch|p2a: Koraidon|Koraidon|50\/100\n|-weather|SunnyDay|[from] ability: Orichalcum Pulse|[of] p2a: Koraidon\n|-activate|p2a: Koraidon|Orichalcum Pulse|[source]\n|turn|17\n|\n|t:|1699816653\n|move|p2a: Koraidon|Stomping Tantrum|p1a: Skeledirge\n|-supereffective|p1a: Skeledirge\n|-damage|p1a: Skeledirge|0 fnt\n|faint|p1a: Skeledirge\n|\n|-weather|SunnyDay|[upkeep]\n|upkeep\n|\n|t:|1699816660\n|switch|p1a: Calyrex|Calyrex-Ice|100\/100\n|-ability|p1a: Calyrex|As One\n|-ability|p1a: Calyrex|Unnerve\n|turn|18\n|\n|t:|1699816670\n|-terastallize|p2a: Koraidon|Fire\n|move|p2a: Koraidon|Flame Charge|p1a: Calyrex\n|-supereffective|p1a: Calyrex\n|-damage|p1a: Calyrex|26\/100\n|-boost|p2a: Koraidon|spe|1\n|move|p1a: Calyrex|Glacial Lance|p2a: Koraidon\n|-resisted|p2a: Koraidon\n|-damage|p2a: Koraidon|14\/100\n|\n|-weather|SunnyDay|[upkeep]\n|upkeep\n|turn|19\n|\n|t:|1699816679\n|move|p2a: Koraidon|Flame Charge|p1a: Calyrex\n|-supereffective|p1a: Calyrex\n|-damage|p1a: Calyrex|0 fnt\n|-boost|p2a: Koraidon|spe|1\n|faint|p1a: Calyrex\n|\n|-weather|SunnyDay|[upkeep]\n|upkeep\n|\n|t:|1699816689\n|switch|p1a: Grimmsnarl|Grimmsnarl, M|70\/100\n|turn|20\n|\n|t:|1699816694\n|move|p1a: Grimmsnarl|Sucker Punch|p2a: Koraidon\n|-damage|p2a: Koraidon|0 fnt\n|faint|p2a: Koraidon\n|\n|-weather|SunnyDay|[upkeep]\n|upkeep\n|\n|t:|1699816700\n|switch|p2a: Zacian|Zacian-Crowned|86\/100\n|turn|21\n|\n|t:|1699816706\n|move|p1a: Grimmsnarl|Parting Shot|p2a: Zacian\n|-unboost|p2a: Zacian|atk|1\n|-unboost|p2a: Zacian|spa|1\n|\n|t:|1699816712\n|switch|p1a: Moltres|Moltres|100\/100|[from] Parting Shot\n|move|p2a: Zacian|Behemoth Blade|p1a: Moltres\n|-resisted|p1a: Moltres\n|-damage|p1a: Moltres|87\/100\n|\n|-weather|none\n|upkeep\n|turn|22\n|\n|t:|1699816720\n|switch|p2a: Ditto|Ditto|100\/100\n|-transform|p2a: Ditto|p1a: Moltres|[from] ability: Imposter\n|move|p1a: Moltres|U-turn|p2a: Ditto\n|-resisted|p2a: Ditto\n|-damage|p2a: Ditto|97\/100\n|\n|t:|1699816729\n|switch|p1a: Miraidon|Miraidon, tera:Fairy|28\/100|[from] U-turn\n|-fieldstart|move: Electric Terrain|[from] ability: Hadron Engine|[of] p1a: Miraidon\n|\n|upkeep\n|turn|23\n|\n|t:|1699816742\n|move|p1a: Miraidon|Electro Drift|p2a: Ditto\n|-supereffective|p2a: Ditto\n|-damage|p2a: Ditto|0 fnt\n|faint|p2a: Ditto\n|\n|upkeep\n|\n|t:|1699816754\n|switch|p2a: Calyrex|Calyrex-Shadow|100\/100\n|-ability|p2a: Calyrex|As One\n|-ability|p2a: Calyrex|Unnerve\n|turn|24\n|\n|t:|1699816759\n|move|p1a: Miraidon|Protect|p1a: Miraidon\n|-singleturn|p1a: Miraidon|Protect\n|move|p2a: Calyrex|Psychic|p1a: Miraidon\n|-activate|p1a: Miraidon|move: Protect\n|\n|upkeep\n|turn|25\n|\n|t:|1699816768\n|switch|p1a: Grimmsnarl|Grimmsnarl, M|70\/100\n|move|p2a: Calyrex|Astral Barrage|p1a: Grimmsnarl\n|-resisted|p1a: Grimmsnarl\n|-damage|p1a: Grimmsnarl|44\/100\n|\n|upkeep\n|turn|26\n|\n|t:|1699816792\n|move|p1a: Grimmsnarl|Thunder Wave|p2a: Calyrex\n|-status|p2a: Calyrex|par\n|move|p2a: Calyrex|Substitute|p2a: Calyrex\n|-start|p2a: Calyrex|Substitute\n|-damage|p2a: Calyrex|76\/100 par\n|\n|-fieldend|move: Electric Terrain\n|upkeep\n|turn|27\n|\n|t:|1699816800\n|move|p2a: Calyrex|Astral Barrage|p1a: Grimmsnarl\n|-resisted|p1a: Grimmsnarl\n|-damage|p1a: Grimmsnarl|15\/100\n|move|p1a: Grimmsnarl|Spirit Break|p2a: Calyrex\n|-crit|p2a: Calyrex\n|-end|p2a: Calyrex|Substitute\n|\n|upkeep\n|turn|28\n|\n|t:|1699816809\n|move|p2a: Calyrex|Substitute|p2a: Calyrex\n|-start|p2a: Calyrex|Substitute\n|-damage|p2a: Calyrex|51\/100 par\n|move|p1a: Grimmsnarl|Spirit Break|p2a: Calyrex\n|-end|p2a: Calyrex|Substitute\n|\n|upkeep\n|turn|29\n|\n|t:|1699816818\n|move|p2a: Calyrex|Substitute|p2a: Calyrex\n|-start|p2a: Calyrex|Substitute\n|-damage|p2a: Calyrex|26\/100 par\n|move|p1a: Grimmsnarl|Spirit Break|p2a: Calyrex\n|-end|p2a: Calyrex|Substitute\n|\n|upkeep\n|turn|30\n|\n|t:|1699816824\n|move|p2a: Calyrex|Astral Barrage|p1a: Grimmsnarl\n|-resisted|p1a: Grimmsnarl\n|-damage|p1a: Grimmsnarl|0 fnt\n|faint|p1a: Grimmsnarl\n|-ability|p2a: Calyrex|Grim Neigh|boost\n|-boost|p2a: Calyrex|spa|1\n|\n|upkeep\n|\n|t:|1699816831\n|switch|p1a: Miraidon|Miraidon, tera:Fairy|28\/100\n|-fieldstart|move: Electric Terrain|[from] ability: Hadron Engine|[of] p1a: Miraidon\n|turn|31\n|\n|t:|1699816836\n|move|p1a: Miraidon|Dragon Pulse|p2a: Calyrex\n|-damage|p2a: Calyrex|0 fnt\n|faint|p2a: Calyrex\n|\n|upkeep\n|\n|t:|1699816839\n|switch|p2a: Zacian|Zacian-Crowned|86\/100\n|turn|32\n|\n|t:|1699816845\n|move|p2a: Zacian|Behemoth Blade|p1a: Miraidon\n|-supereffective|p1a: Miraidon\n|-damage|p1a: Miraidon|0 fnt\n|faint|p1a: Miraidon\n|\n|upkeep\n|\n|t:|1699816850\n|switch|p1a: Moltres|Moltres|87\/100\n|turn|33\n|\n|t:|1699816854\n|move|p2a: Zacian|Play Rough|p1a: Moltres\n|-resisted|p1a: Moltres\n|-damage|p1a: Moltres|69\/100\n|-status|p2a: Zacian|brn|[from] ability: Flame Body|[of] p1a: Moltres\n|move|p1a: Moltres|Will-O-Wisp|p2a: Zacian\n|-fail|p2a: Zacian|brn\n|\n|-damage|p2a: Zacian|80\/100 brn|[from] brn\n|upkeep\n|turn|34\n|\n|t:|1699816864\n|move|p2a: Zacian|Behemoth Blade|p1a: Moltres\n|-resisted|p1a: Moltres\n|-crit|p1a: Moltres\n|-damage|p1a: Moltres|53\/100\n|move|p1a: Moltres|Burning Jealousy|p2a: Zacian\n|-supereffective|p2a: Zacian\n|-damage|p2a: Zacian|28\/100 brn\n|\n|-damage|p2a: Zacian|22\/100 brn|[from] brn\n|upkeep\n|turn|35\n|\n|t:|1699816872\n|move|p2a: Zacian|Behemoth Blade|p1a: Moltres\n|-resisted|p1a: Moltres\n|-damage|p1a: Moltres|43\/100\n|move|p1a: Moltres|Burning Jealousy|p2a: Zacian\n|-supereffective|p2a: Zacian\n|-damage|p2a: Zacian|0 fnt\n|faint|p2a: Zacian\n|\n|win|carmillavkarnstein\n|raw|carmillavkarnstein's rating: 1373 &rarr; <strong>1406<\/strong><br \/>(+33 for winning)\n|raw|Xeo009's rating: 1631 &rarr; <strong>1598<\/strong><br \/>(-33 for losing)\n|l|\u2606Xeo009\n","uploadtime":1699816903,"views":3,"p1id":"carmillavkarnstein","p2id":"xeo009","formatid":"gen9anythinggoes","rating":1406,"private":0,"password":""}