{"id":"gen9anythinggoes-1989913405","p1":"Fig Jam n Crepes","p2":"fletchermed","format":"[Gen 9] Anything Goes","log":"|j|\u2606Fig Jam n Crepes\n|j|\u2606fletchermed\n|t:|1699906231\n|gametype|singles\n|player|p1|Fig Jam n Crepes|youngn|1226\n|player|p2|fletchermed|maid|1309\n|teamsize|p1|6\n|teamsize|p2|6\n|gen|9\n|tier|[Gen 9] Anything Goes\n|rated|\n|rule|HP Percentage Mod: HP is shown in percentages\n|rule|Endless Battle Clause: Forcing endless battles is banned\n|clearpoke\n|poke|p1|Morpeko, M|\n|poke|p1|Morpeko, M|\n|poke|p1|Morpeko, M|\n|poke|p1|Morpeko, M|\n|poke|p1|Morpeko, F|\n|poke|p1|Morpeko, F|\n|poke|p2|Drifblim, M|\n|poke|p2|Clefable, M|\n|poke|p2|Clefable, F|\n|poke|p2|Espeon, M|\n|poke|p2|Ninetales-Alola, F|\n|poke|p2|Munkidori, M|\n|teampreview\n|\n|t:|1699906255\n|start\n|switch|p1a: Terry|Morpeko, M|100\/100\n|switch|p2a: Aftermath|Drifblim, M|100\/100\n|turn|1\n|\n|t:|1699906257\n|move|p1a: Terry|Aura Wheel|p2a: Aftermath\n|-supereffective|p2a: Aftermath\n|-enditem|p2a: Aftermath|Focus Sash\n|-damage|p2a: Aftermath|1\/100\n|-boost|p1a: Terry|spe|1\n|move|p2a: Aftermath|Minimize|p2a: Aftermath\n|-boost|p2a: Aftermath|evasion|2\n|\n|-formechange|p1a: Terry|Morpeko-Hangry||[from] ability: Hunger Switch\n|upkeep\n|turn|2\n|\n|t:|1699906261\n|move|p2a: Aftermath|Baton Pass|p2a: Aftermath\n|\n|t:|1699906268\n|switch|p2a: Unaware|Clefable, F|100\/100|[from] Baton Pass\n|move|p1a: Terry|Aura Wheel|p2a: Unaware\n|-resisted|p2a: Unaware\n|-damage|p2a: Unaware|80\/100\n|-boost|p1a: Terry|spe|1\n|\n|-heal|p2a: Unaware|86\/100|[from] item: Leftovers\n|-formechange|p1a: Terry|Morpeko||[from] ability: Hunger Switch\n|upkeep\n|turn|3\n|\n|t:|1699906272\n|move|p1a: Terry|Aura Wheel|p2a: Unaware\n|-damage|p2a: Unaware|41\/100\n|-boost|p1a: Terry|spe|1\n|move|p2a: Unaware|Cosmic Power|p2a: Unaware\n|-boost|p2a: Unaware|def|1\n|-boost|p2a: Unaware|spd|1\n|\n|-heal|p2a: Unaware|47\/100|[from] item: Leftovers\n|-formechange|p1a: Terry|Morpeko-Hangry||[from] ability: Hunger Switch\n|upkeep\n|turn|4\n|\n|t:|1699906277\n|move|p1a: Terry|Ice Fang|p2a: Unaware|[miss]\n|-miss|p1a: Terry|p2a: Unaware\n|move|p2a: Unaware|Baton Pass|p2a: Unaware\n|\n|t:|1699906281\n|switch|p2a: Magic Guard|Clefable, M|100\/100|[from] Baton Pass\n|\n|-formechange|p1a: Terry|Morpeko||[from] ability: Hunger Switch\n|upkeep\n|turn|5\n|\n|t:|1699906284\n|move|p1a: Terry|Aura Wheel|p2a: Magic Guard\n|-damage|p2a: Magic Guard|72\/100\n|-boost|p1a: Terry|spe|1\n|move|p2a: Magic Guard|Cosmic Power|p2a: Magic Guard\n|-boost|p2a: Magic Guard|def|1\n|-boost|p2a: Magic Guard|spd|1\n|\n|-heal|p2a: Magic Guard|78\/100|[from] item: Leftovers\n|-formechange|p1a: Terry|Morpeko-Hangry||[from] ability: Hunger Switch\n|upkeep\n|turn|6\n|\n|t:|1699906288\n|move|p1a: Terry|Aura Wheel|p2a: Magic Guard\n|-resisted|p2a: Magic Guard\n|-damage|p2a: Magic Guard|67\/100\n|-boost|p1a: Terry|spe|1\n|move|p2a: Magic Guard|Cosmic Power|p2a: Magic Guard\n|-boost|p2a: Magic Guard|def|1\n|-boost|p2a: Magic Guard|spd|1\n|\n|-heal|p2a: Magic Guard|73\/100|[from] item: Leftovers\n|-formechange|p1a: Terry|Morpeko||[from] ability: Hunger Switch\n|upkeep\n|turn|7\n|\n|t:|1699906290\n|move|p1a: Terry|Aura Wheel|p2a: Magic Guard\n|-damage|p2a: Magic Guard|55\/100\n|-boost|p1a: Terry|spe|1\n|move|p2a: Magic Guard|Cosmic Power|p2a: Magic Guard\n|-boost|p2a: Magic Guard|def|1\n|-boost|p2a: Magic Guard|spd|1\n|\n|-heal|p2a: Magic Guard|61\/100|[from] item: Leftovers\n|-formechange|p1a: Terry|Morpeko-Hangry||[from] ability: Hunger Switch\n|upkeep\n|turn|8\n|\n|t:|1699906293\n|move|p1a: Terry|Aura Wheel|p2a: Magic Guard|[miss]\n|-miss|p1a: Terry|p2a: Magic Guard\n|move|p2a: Magic Guard|Cosmic Power|p2a: Magic Guard\n|-boost|p2a: Magic Guard|def|1\n|-boost|p2a: Magic Guard|spd|1\n|\n|-heal|p2a: Magic Guard|67\/100|[from] item: Leftovers\n|-formechange|p1a: Terry|Morpeko||[from] ability: Hunger Switch\n|upkeep\n|turn|9\n|\n|t:|1699906294\n|move|p1a: Terry|Aura Wheel|p2a: Magic Guard\n|-damage|p2a: Magic Guard|54\/100\n|move|p2a: Magic Guard|Cosmic Power|p2a: Magic Guard\n|-boost|p2a: Magic Guard|def|1\n|-boost|p2a: Magic Guard|spd|1\n|\n|-heal|p2a: Magic Guard|60\/100|[from] item: Leftovers\n|-formechange|p1a: Terry|Morpeko-Hangry||[from] ability: Hunger Switch\n|upkeep\n|turn|10\n|\n|t:|1699906296\n|move|p1a: Terry|Aura Wheel|p2a: Magic Guard\n|-resisted|p2a: Magic Guard\n|-damage|p2a: Magic Guard|54\/100\n|move|p2a: Magic Guard|Moonlight|p2a: Magic Guard\n|-heal|p2a: Magic Guard|100\/100\n|\n|-formechange|p1a: Terry|Morpeko||[from] ability: Hunger Switch\n|upkeep\n|turn|11\n|\n|t:|1699906299\n|move|p1a: Terry|Aura Wheel|p2a: Magic Guard|[miss]\n|-miss|p1a: Terry|p2a: Magic Guard\n|move|p2a: Magic Guard|Metronome|p2a: Magic Guard\n|move|p2a: Magic Guard|Entrainment|p1a: Terry|[from]move: Metronome\n|-endability|p1a: Terry|Hunger Switch|[from] move: Entrainment\n|-ability|p1a: Terry|Unaware|[from] move: Entrainment\n|\n|upkeep\n|turn|12\n|\n|t:|1699906301\n|move|p1a: Terry|Ice Fang|p2a: Magic Guard\n|-damage|p2a: Magic Guard|84\/100\n|move|p2a: Magic Guard|Metronome|p2a: Magic Guard\n|move|p2a: Magic Guard|Power Gem|p1a: Terry|[from]move: Metronome\n|-damage|p1a: Terry|65\/100\n|\n|-heal|p2a: Magic Guard|90\/100|[from] item: Leftovers\n|upkeep\n|turn|13\n|\n|t:|1699906304\n|move|p1a: Terry|Aura Wheel|p2a: Magic Guard\n|-damage|p2a: Magic Guard|47\/100\n|move|p2a: Magic Guard|Metronome|p2a: Magic Guard\n|move|p2a: Magic Guard|Double-Edge|p1a: Terry|[from]move: Metronome\n|-damage|p1a: Terry|29\/100\n|-damage|p2a: Magic Guard|38\/100|[from] Recoil\n|\n|-heal|p2a: Magic Guard|44\/100|[from] item: Leftovers\n|upkeep\n|turn|14\n|\n|t:|1699906310\n|move|p1a: Terry|Aura Wheel|p2a: Magic Guard\n|-damage|p2a: Magic Guard|0 fnt\n|faint|p2a: Magic Guard\n|\n|upkeep\n|\n|t:|1699906313\n|switch|p2a: Aftermath|Drifblim, M|1\/100\n|turn|15\n|\n|t:|1699906316\n|move|p1a: Terry|Aura Wheel|p2a: Aftermath\n|-supereffective|p2a: Aftermath\n|-damage|p2a: Aftermath|0 fnt\n|faint|p2a: Aftermath\n|\n|upkeep\n|\n|t:|1699906318\n|switch|p2a: Unaware|Clefable, F|47\/100\n|turn|16\n|\n|t:|1699906321\n|-terastallize|p1a: Terry|Ice\n|move|p1a: Terry|Aura Wheel|p2a: Unaware\n|-damage|p2a: Unaware|8\/100\n|move|p2a: Unaware|Cosmic Power|p2a: Unaware\n|-boost|p2a: Unaware|def|1\n|-boost|p2a: Unaware|spd|1\n|\n|-heal|p2a: Unaware|14\/100|[from] item: Leftovers\n|upkeep\n|turn|17\n|\n|t:|1699906323\n|move|p1a: Terry|Aura Wheel|p2a: Unaware\n|-damage|p2a: Unaware|0 fnt\n|faint|p2a: Unaware\n|\n|upkeep\n|\n|t:|1699906325\n|switch|p2a: Synchronize|Espeon, M|100\/100\n|turn|18\n|\n|t:|1699906328\n|move|p1a: Terry|Ice Fang|p2a: Synchronize\n|-damage|p2a: Synchronize|67\/100\n|cant|p2a: Synchronize|flinch\n|\n|-heal|p2a: Synchronize|73\/100|[from] item: Leftovers\n|upkeep\n|turn|19\n|\n|t:|1699906334\n|move|p1a: Terry|Aura Wheel|p2a: Synchronize\n|-damage|p2a: Synchronize|13\/100\n|move|p2a: Synchronize|Roar|p1a: Terry\n|drag|p1a: Lerry|Morpeko, F|100\/100\n|\n|-heal|p2a: Synchronize|19\/100|[from] item: Leftovers\n|-formechange|p1a: Lerry|Morpeko-Hangry||[from] ability: Hunger Switch\n|upkeep\n|turn|20\n|\n|t:|1699906339\n|move|p1a: Lerry|Aura Wheel|p2a: Synchronize\n|-supereffective|p2a: Synchronize\n|-damage|p2a: Synchronize|0 fnt\n|-boost|p1a: Lerry|spe|1\n|faint|p2a: Synchronize\n|\n|-formechange|p1a: Lerry|Morpeko||[from] ability: Hunger Switch\n|upkeep\n|\n|t:|1699906341\n|switch|p2a: Snow Cloak|Ninetales-Alola, F|100\/100\n|-weather|Snow|[from] ability: Snow Warning|[of] p2a: Snow Cloak\n|turn|21\n|\n|t:|1699906346\n|move|p1a: Lerry|Aura Wheel|p2a: Snow Cloak\n|-damage|p2a: Snow Cloak|70\/100\n|-boost|p1a: Lerry|spe|1\n|move|p2a: Snow Cloak|Aurora Veil|p2a: Snow Cloak\n|-sidestart|p2: fletchermed|move: Aurora Veil\n|\n|-weather|Snow|[upkeep]\n|-heal|p2a: Snow Cloak|77\/100|[from] item: Leftovers\n|-formechange|p1a: Lerry|Morpeko-Hangry||[from] ability: Hunger Switch\n|upkeep\n|turn|22\n|\n|t:|1699906351\n|move|p1a: Lerry|Electric Terrain|p1a: Lerry\n|-fieldstart|move: Electric Terrain\n|move|p2a: Snow Cloak|Substitute|p2a: Snow Cloak\n|-start|p2a: Snow Cloak|Substitute\n|-damage|p2a: Snow Cloak|52\/100\n|\n|-weather|Snow|[upkeep]\n|-heal|p2a: Snow Cloak|58\/100|[from] item: Leftovers\n|-formechange|p1a: Lerry|Morpeko||[from] ability: Hunger Switch\n|upkeep\n|turn|23\n|\n|t:|1699906363\n|move|p1a: Lerry|Aura Wheel|p2a: Snow Cloak\n|-activate|p2a: Snow Cloak|move: Substitute|[damage]\n|-boost|p1a: Lerry|spe|1\n|move|p2a: Snow Cloak|Roar|p1a: Lerry\n|drag|p1a: Perry|Morpeko, M|100\/100\n|\n|-weather|Snow|[upkeep]\n|-heal|p2a: Snow Cloak|64\/100|[from] item: Leftovers\n|-formechange|p1a: Perry|Morpeko-Hangry||[from] ability: Hunger Switch\n|upkeep\n|turn|24\n|\n|t:|1699906370\n|move|p1a: Perry|Super Fang|p2a: Snow Cloak\n|-end|p2a: Snow Cloak|Substitute\n|move|p2a: Snow Cloak|Roar|p1a: Perry\n|drag|p1a: Jerry|Morpeko, M, shiny|100\/100\n|\n|-weather|Snow|[upkeep]\n|-heal|p2a: Snow Cloak|70\/100|[from] item: Leftovers\n|-formechange|p1a: Jerry|Morpeko-Hangry||[from] ability: Hunger Switch\n|upkeep\n|turn|25\n|\n|t:|1699906373\n|move|p1a: Jerry|Psychic Fangs|p2a: Snow Cloak\n|-sideend|p2: fletchermed|move: Aurora Veil\n|-damage|p2a: Snow Cloak|55\/100\n|move|p2a: Snow Cloak|Roar|p1a: Jerry\n|drag|p1a: Huckleberry|Morpeko, M|100\/100\n|\n|-weather|none\n|-heal|p2a: Snow Cloak|61\/100|[from] item: Leftovers\n|-formechange|p1a: Huckleberry|Morpeko-Hangry||[from] ability: Hunger Switch\n|upkeep\n|turn|26\n|\n|t:|1699906375\n|move|p1a: Huckleberry|Aura Wheel|p2a: Snow Cloak\n|-resisted|p2a: Snow Cloak\n|-damage|p2a: Snow Cloak|39\/100\n|-boost|p1a: Huckleberry|spe|1\n|move|p2a: Snow Cloak|Aurora Veil||[still]\n|-fail|p2a: Snow Cloak\n|\n|-heal|p2a: Snow Cloak|45\/100|[from] item: Leftovers\n|-fieldend|move: Electric Terrain\n|-formechange|p1a: Huckleberry|Morpeko||[from] ability: Hunger Switch\n|upkeep\n|turn|27\n|\n|t:|1699906380\n|move|p1a: Huckleberry|Aura Wheel|p2a: Snow Cloak\n|-damage|p2a: Snow Cloak|0 fnt\n|-boost|p1a: Huckleberry|spe|1\n|faint|p2a: Snow Cloak\n|\n|-formechange|p1a: Huckleberry|Morpeko-Hangry||[from] ability: Hunger Switch\n|upkeep\n|\n|t:|1699906383\n|switch|p2a: Munkidori|Munkidori, M|100\/100\n|turn|28\n|\n|t:|1699906385\n|move|p1a: Huckleberry|Aura Wheel|p2a: Munkidori\n|-supereffective|p2a: Munkidori\n|-damage|p2a: Munkidori|8\/100\n|-boost|p1a: Huckleberry|spe|1\n|move|p2a: Munkidori|Substitute|p2a: Munkidori\n|-fail|p2a: Munkidori|move: Substitute|[weak]\n|\n|-heal|p2a: Munkidori|14\/100|[from] item: Leftovers\n|-formechange|p1a: Huckleberry|Morpeko||[from] ability: Hunger Switch\n|upkeep\n|turn|29\n|\n|t:|1699906390\n|move|p1a: Huckleberry|Outrage|p2a: Munkidori\n|-damage|p2a: Munkidori|0 fnt\n|faint|p2a: Munkidori\n|\n|win|Fig Jam n Crepes\n|raw|Fig Jam n Crepes's rating: 1226 &rarr; <strong>1257<\/strong><br \/>(+31 for winning)\n|raw|fletchermed's rating: 1309 &rarr; <strong>1284<\/strong><br \/>(-25 for losing)\n|l|\u2606fletchermed\n","uploadtime":1699906453,"views":5,"p1id":"figjamncrepes","p2id":"fletchermed","formatid":"gen9anythinggoes","rating":1257,"private":0,"password":""}