{"id":"gen9anythinggoes-1984458810","p1":"LilithTheHunter","p2":"Captain Carbs","format":"[Gen 9] Anything Goes","log":"|j|\u2606LilithTheHunter\n|j|\u2606Captain Carbs\n|t:|1699267115\n|gametype|singles\n|player|p1|LilithTheHunter|dawn|1069\n|player|p2|Captain Carbs|hiker-gen4|1045\n|teamsize|p1|6\n|teamsize|p2|6\n|gen|9\n|tier|[Gen 9] Anything Goes\n|rated|\n|rule|HP Percentage Mod: HP is shown in percentages\n|rule|Endless Battle Clause: Forcing endless battles is banned\n|clearpoke\n|poke|p1|Umbreon, F|\n|poke|p1|Palafin, M|\n|poke|p1|Dragapult, F|\n|poke|p1|Kommo-o, M|\n|poke|p1|Camerupt, M|\n|poke|p1|Ninetales-Alola, F|\n|poke|p2|Shaymin-Sky|\n|poke|p2|Mewtwo|\n|poke|p2|Gyarados, F|\n|poke|p2|Scovillain, F|\n|poke|p2|Scizor, F|\n|poke|p2|Calyrex-Shadow|\n|teampreview\n|inactive|Battle timer is ON: inactive players will automatically lose when time's up. (requested by Captain Carbs)\n|\n|t:|1699267119\n|start\n|switch|p1a: Oscar|Palafin, M|100\/100\n|switch|p2a:  |Calyrex-Shadow|100\/100\n|-ability|p2a:  |As One\n|-ability|p2a:  |Unnerve\n|turn|1\n|c|\u2606Captain Carbs|muhuhuhu\n|\n|t:|1699267128\n|move|p2a:  |Trick|p1a: Oscar\n|-activate|p2a:  |move: Trick|[of] p1a: Oscar\n|-item|p1a: Oscar|Flame Orb|[from] move: Trick\n|-item|p2a:  |Choice Band|[from] move: Trick\n|move|p1a: Oscar|Flip Turn|p2a:  \n|-damage|p2a:  |81\/100\n|\n|t:|1699267135\n|detailschange|p1a: Oscar|Palafin-Hero, M\n|switch|p1a: Phase|Dragapult, F, shiny|100\/100|[from] Flip Turn\n|\n|upkeep\n|turn|2\n|\n|t:|1699267140\n|move|p1a: Phase|Dragon Dance|p1a: Phase\n|-boost|p1a: Phase|atk|1\n|-boost|p1a: Phase|spe|1\n|move|p2a:  |Leech Seed|p1a: Phase\n|-start|p1a: Phase|move: Leech Seed\n|\n|-damage|p1a: Phase|88\/100|[from] Leech Seed|[of] p2a:  \n|-heal|p2a:  |95\/100|[silent]\n|upkeep\n|turn|3\n|\n|t:|1699267149\n|switch|p2a: Fed Mantis|Scizor, F|100\/100\n|move|p1a: Phase|Substitute|p1a: Phase\n|-start|p1a: Phase|Substitute\n|-damage|p1a: Phase|63\/100\n|\n|-damage|p1a: Phase|51\/100|[from] Leech Seed|[of] p2a: Fed Mantis\n|upkeep\n|turn|4\n|\n|t:|1699267157\n|move|p1a: Phase|Baton Pass|p1a: Phase\n|\n|t:|1699267159\n|switch|p1a: Oscar|Palafin-Hero, M|100\/100|[from] Baton Pass\n|-activate|p1a: Oscar|ability: Zero to Hero\n|move|p2a: Fed Mantis|Double Team|p2a: Fed Mantis\n|-boost|p2a: Fed Mantis|evasion|1\n|\n|-damage|p1a: Oscar|88\/100|[from] Leech Seed|[of] p2a: Fed Mantis\n|-status|p1a: Oscar|brn|[from] item: Flame Orb\n|upkeep\n|turn|5\n|\n|t:|1699267180\n|move|p2a: Fed Mantis|Bullet Punch|p1a: Oscar\n|-resisted|p1a: Oscar\n|-activate|p1a: Oscar|move: Substitute|[damage]\n|move|p1a: Oscar|Drain Punch|p2a: Fed Mantis|[miss]\n|-miss|p1a: Oscar|p2a: Fed Mantis\n|\n|-damage|p1a: Oscar|76\/100 brn|[from] Leech Seed|[of] p2a: Fed Mantis\n|-damage|p1a: Oscar|70\/100 brn|[from] brn\n|upkeep\n|turn|6\n|\n|t:|1699267190\n|move|p1a: Oscar|Drain Punch|p2a: Fed Mantis\n|-damage|p2a: Fed Mantis|71\/100\n|-heal|p1a: Oscar|82\/100 brn|[from] drain|[of] p2a: Fed Mantis\n|move|p2a: Fed Mantis|Double Team|p2a: Fed Mantis\n|-boost|p2a: Fed Mantis|evasion|1\n|\n|-damage|p1a: Oscar|69\/100 brn|[from] Leech Seed|[of] p2a: Fed Mantis\n|-heal|p2a: Fed Mantis|86\/100|[silent]\n|-damage|p1a: Oscar|63\/100 brn|[from] brn\n|upkeep\n|turn|7\n|\n|t:|1699267206\n|-terastallize|p2a: Fed Mantis|Bug\n|move|p1a: Oscar|Ice Punch|p2a: Fed Mantis|[miss]\n|-miss|p1a: Oscar|p2a: Fed Mantis\n|move|p2a: Fed Mantis|Double Team|p2a: Fed Mantis\n|-boost|p2a: Fed Mantis|evasion|1\n|\n|-damage|p1a: Oscar|51\/100 brn|[from] Leech Seed|[of] p2a: Fed Mantis\n|-heal|p2a: Fed Mantis|100\/100|[silent]\n|-damage|p1a: Oscar|45\/100 brn|[from] brn\n|upkeep\n|turn|8\n|inactive|LilithTheHunter has 120 seconds left.\n|\n|t:|1699267221\n|move|p1a: Oscar|Flip Turn|p2a: Fed Mantis\n|-damage|p2a: Fed Mantis|68\/100\n|inactive|LilithTheHunter has 120 seconds left.\n|\n|t:|1699267227\n|switch|p1a: Shade|Umbreon, F|100\/100|[from] Flip Turn\n|move|p2a: Fed Mantis|Double Team|p2a: Fed Mantis\n|-boost|p2a: Fed Mantis|evasion|1\n|\n|upkeep\n|turn|9\n|\n|t:|1699267234\n|move|p2a: Fed Mantis|Acrobatics|p1a: Shade\n|-damage|p1a: Shade|76\/100\n|move|p1a: Shade|Calm Mind|p1a: Shade\n|-boost|p1a: Shade|spa|1\n|-boost|p1a: Shade|spd|1\n|\n|upkeep\n|turn|10\n|\n|t:|1699267242\n|move|p2a: Fed Mantis|Acrobatics|p1a: Shade\n|-damage|p1a: Shade|52\/100\n|move|p1a: Shade|Baton Pass|p1a: Shade\n|\n|t:|1699267248\n|switch|p1a: Gelmir|Camerupt, M|100\/100|[from] Baton Pass\n|\n|upkeep\n|turn|11\n|\n|t:|1699267261\n|-terastallize|p1a: Gelmir|Flying\n|move|p2a: Fed Mantis|Double Team|p2a: Fed Mantis\n|-boost|p2a: Fed Mantis|evasion|1\n|move|p1a: Gelmir|Lava Plume|p2a: Fed Mantis|[miss]\n|-miss|p1a: Gelmir|p2a: Fed Mantis\n|\n|upkeep\n|turn|12\n|\n|t:|1699267269\n|move|p2a: Fed Mantis|Bullet Punch|p1a: Gelmir\n|-damage|p1a: Gelmir|53\/100\n|move|p1a: Gelmir|Lava Plume|p2a: Fed Mantis\n|-supereffective|p2a: Fed Mantis\n|-damage|p2a: Fed Mantis|0 fnt\n|faint|p2a: Fed Mantis\n|\n|upkeep\n|\n|t:|1699267277\n|switch|p2a:  |Calyrex-Shadow|95\/100\n|-ability|p2a:  |As One\n|-ability|p2a:  |Unnerve\n|turn|13\n|c|\u2606Captain Carbs|scoff\n|\n|t:|1699267288\n|move|p2a:  |Trick|p1a: Gelmir\n|-activate|p2a:  |move: Trick|[of] p1a: Gelmir\n|-item|p1a: Gelmir|Choice Band|[from] move: Trick\n|-item|p2a:  |Assault Vest|[from] move: Trick\n|move|p1a: Gelmir|Earth Power|p2a:  \n|-damage|p2a:  |50\/100\n|-unboost|p2a:  |spd|1\n|\n|upkeep\n|turn|14\n|\n|t:|1699267297\n|switch|p2a: Shaniqua From HR|Gyarados, F|100\/100\n|move|p1a: Gelmir|Earth Power|p2a: Shaniqua From HR\n|-immune|p2a: Shaniqua From HR\n|\n|upkeep\n|turn|15\n|\n|t:|1699267304\n|switch|p1a: Shade|Umbreon, F|52\/100\n|move|p2a: Shaniqua From HR|Dragon Dance|p2a: Shaniqua From HR\n|-boost|p2a: Shaniqua From HR|atk|1\n|-boost|p2a: Shaniqua From HR|spe|1\n|\n|upkeep\n|turn|16\n|\n|t:|1699267311\n|move|p2a: Shaniqua From HR|Earthquake|p1a: Shade\n|-damage|p1a: Shade|13\/100\n|move|p1a: Shade|Substitute|p1a: Shade\n|-fail|p1a: Shade|move: Substitute|[weak]\n|\n|upkeep\n|turn|17\n|\n|t:|1699267319\n|move|p2a: Shaniqua From HR|Earthquake|p1a: Shade\n|-damage|p1a: Shade|0 fnt\n|faint|p1a: Shade\n|-ability|p2a: Shaniqua From HR|Moxie|boost\n|-boost|p2a: Shaniqua From HR|atk|1\n|\n|upkeep\n|\n|t:|1699267328\n|switch|p1a: Bruce|Kommo-o, M|100\/100\n|turn|18\n|\n|t:|1699267331\n|move|p2a: Shaniqua From HR|Ice Fang|p1a: Bruce\n|-supereffective|p1a: Bruce\n|-damage|p1a: Bruce|22\/100\n|-enditem|p1a: Bruce|Sitrus Berry|[eat]\n|-heal|p1a: Bruce|47\/100|[from] item: Sitrus Berry\n|move|p1a: Bruce|Thunder Punch|p2a: Shaniqua From HR\n|-supereffective|p2a: Shaniqua From HR\n|-damage|p2a: Shaniqua From HR|11\/100\n|\n|upkeep\n|turn|19\n|\n|t:|1699267342\n|move|p2a: Shaniqua From HR|Ice Fang|p1a: Bruce\n|-supereffective|p1a: Bruce\n|-damage|p1a: Bruce|0 fnt\n|faint|p1a: Bruce\n|-ability|p2a: Shaniqua From HR|Moxie|boost\n|-boost|p2a: Shaniqua From HR|atk|1\n|\n|upkeep\n|c|\u2606Captain Carbs|!\n|-message|LilithTheHunter forfeited.\n|\n|win|Captain Carbs\n|raw|LilithTheHunter's rating: 1069 &rarr; <strong>1047<\/strong><br \/>(-22 for losing)\n|raw|Captain Carbs's rating: 1045 &rarr; <strong>1081<\/strong><br \/>(+36 for winning)\n|c|\u2606Captain Carbs|do not electrocute shaniqua\n|l|\u2606LilithTheHunter\n","uploadtime":1699267371,"views":4,"p1id":"liliththehunter","p2id":"captaincarbs","formatid":"gen9anythinggoes","rating":1047,"private":0,"password":""}