{"id":"gen9anythinggoes-1999090192","p1":"wolfmaster222","p2":"Jacoangel","format":"[Gen 9] Anything Goes","log":"|j|\u2606wolfmaster222\n|j|\u2606Jacoangel\n|t:|1701032081\n|gametype|singles\n|player|p1|wolfmaster222|veteran|1317\n|player|p2|Jacoangel|gentleman-gen4|1309\n|teamsize|p1|6\n|teamsize|p2|6\n|gen|9\n|tier|[Gen 9] Anything Goes\n|rated|\n|rule|HP Percentage Mod: HP is shown in percentages\n|rule|Endless Battle Clause: Forcing endless battles is banned\n|clearpoke\n|poke|p1|Lycanroc-Dusk, F|\n|poke|p1|Volcarona, F|\n|poke|p1|Breloom, F|\n|poke|p1|Azumarill, F|\n|poke|p1|Garchomp, F|\n|poke|p1|Magnezone|\n|poke|p2|Calyrex-Shadow|\n|poke|p2|Espathra, M|\n|poke|p2|Dachsbun, M|\n|poke|p2|Chien-Pao|\n|poke|p2|Eternatus|\n|poke|p2|Garganacl, F|\n|teampreview\n|\n|t:|1701032091\n|start\n|switch|p1a: Albaz|Garchomp, F, shiny|100\/100\n|switch|p2a: Eternatus|Eternatus|100\/100\n|-ability|p2a: Eternatus|Pressure\n|turn|1\n|\n|t:|1701032107\n|move|p2a: Eternatus|Toxic Spikes|p1a: Albaz\n|-sidestart|p1: wolfmaster222|move: Toxic Spikes\n|move|p1a: Albaz|Earthquake|p2a: Eternatus\n|-supereffective|p2a: Eternatus\n|-damage|p2a: Eternatus|24\/100\n|\n|upkeep\n|turn|2\n|\n|t:|1701032117\n|move|p2a: Eternatus|Dynamax Cannon|p1a: Albaz\n|-supereffective|p1a: Albaz\n|-damage|p1a: Albaz|0 fnt\n|faint|p1a: Albaz\n|-damage|p2a: Eternatus|14\/100|[from] item: Life Orb\n|\n|upkeep\n|\n|t:|1701032123\n|switch|p1a: Magneto|Magnezone, shiny|100\/100\n|turn|3\n|\n|t:|1701032131\n|move|p2a: Eternatus|Toxic Spikes|p1a: Magneto\n|-sidestart|p1: wolfmaster222|move: Toxic Spikes\n|move|p1a: Magneto|Flash Cannon|p2a: Eternatus\n|-damage|p2a: Eternatus|0 fnt\n|faint|p2a: Eternatus\n|\n|upkeep\n|\n|t:|1701032139\n|switch|p2a: Garganacl|Garganacl, F|100\/100\n|turn|4\n|\n|t:|1701032141\n|move|p1a: Magneto|Flash Cannon|p2a: Garganacl\n|-supereffective|p2a: Garganacl\n|-damage|p2a: Garganacl|27\/100\n|move|p2a: Garganacl|Salt Cure|p1a: Magneto\n|-resisted|p1a: Magneto\n|-damage|p1a: Magneto|94\/100\n|-start|p1a: Magneto|Salt Cure\n|\n|-heal|p2a: Garganacl|33\/100|[from] item: Leftovers\n|-damage|p1a: Magneto|69\/100|[from] Salt Cure\n|upkeep\n|turn|5\n|\n|t:|1701032191\n|move|p1a: Magneto|Flash Cannon|p2a: Garganacl\n|-supereffective|p2a: Garganacl\n|-damage|p2a: Garganacl|0 fnt\n|faint|p2a: Garganacl\n|\n|-damage|p1a: Magneto|44\/100|[from] Salt Cure\n|upkeep\n|\n|t:|1701032207\n|switch|p2a: Calyrex|Calyrex-Shadow|100\/100\n|-ability|p2a: Calyrex|As One\n|-ability|p2a: Calyrex|Unnerve\n|turn|6\n|\n|t:|1701032231\n|move|p2a: Calyrex|Astral Barrage|p1a: Magneto\n|-damage|p1a: Magneto|0 fnt\n|faint|p1a: Magneto\n|-ability|p2a: Calyrex|Grim Neigh|boost\n|-boost|p2a: Calyrex|spa|1\n|\n|upkeep\n|\n|t:|1701032239\n|switch|p1a: Mushhead|Breloom, F, shiny|100\/100\n|-status|p1a: Mushhead|tox\n|turn|7\n|\n|t:|1701032248\n|-terastallize|p2a: Calyrex|Ghost\n|-terastallize|p1a: Mushhead|Normal\n|move|p2a: Calyrex|Astral Barrage|p1a: Mushhead\n|-immune|p1a: Mushhead\n|move|p1a: Mushhead|Spore|p2a: Calyrex\n|-status|p2a: Calyrex|slp|[from] move: Spore\n|\n|upkeep\n|turn|8\n|\n|t:|1701032263\n|switch|p2a: Dachsbun|Dachsbun, M|100\/100\n|move|p1a: Mushhead|Substitute|p1a: Mushhead\n|-start|p1a: Mushhead|Substitute\n|-damage|p1a: Mushhead|76\/100 tox\n|\n|-heal|p1a: Mushhead|88\/100 tox|[from] ability: Poison Heal\n|upkeep\n|turn|9\n|c|\u2606Jacoangel|that was legit\n|\n|t:|1701032278\n|move|p2a: Dachsbun|Body Press|p1a: Mushhead\n|-supereffective|p1a: Mushhead\n|-end|p1a: Mushhead|Substitute\n|move|p1a: Mushhead|Spore|p2a: Dachsbun\n|-status|p2a: Dachsbun|slp|[from] move: Spore\n|\n|-heal|p1a: Mushhead|100\/100 tox|[from] ability: Poison Heal\n|upkeep\n|turn|10\n|\n|t:|1701032297\n|cant|p2a: Dachsbun|slp\n|move|p1a: Mushhead|Substitute|p1a: Mushhead\n|-start|p1a: Mushhead|Substitute\n|-damage|p1a: Mushhead|76\/100 tox\n|\n|-heal|p1a: Mushhead|88\/100 tox|[from] ability: Poison Heal\n|upkeep\n|turn|11\n|c|\u2606wolfmaster222|yep\n|\n|t:|1701032303\n|-curestatus|p2a: Dachsbun|slp|[msg]\n|move|p2a: Dachsbun|Body Press|p1a: Mushhead\n|-supereffective|p1a: Mushhead\n|-end|p1a: Mushhead|Substitute\n|move|p1a: Mushhead|Leech Seed|p2a: Dachsbun\n|-start|p2a: Dachsbun|move: Leech Seed\n|\n|-damage|p2a: Dachsbun|88\/100|[from] Leech Seed|[of] p1a: Mushhead\n|-heal|p1a: Mushhead|99\/100 tox|[silent]\n|-heal|p1a: Mushhead|100\/100 tox|[from] ability: Poison Heal\n|upkeep\n|turn|12\n|\n|t:|1701032328\n|move|p2a: Dachsbun|Body Press|p1a: Mushhead\n|-supereffective|p1a: Mushhead\n|-damage|p1a: Mushhead|31\/100 tox\n|move|p1a: Mushhead|Spore|p2a: Dachsbun\n|-status|p2a: Dachsbun|slp|[from] move: Spore\n|\n|-damage|p2a: Dachsbun|76\/100 slp|[from] Leech Seed|[of] p1a: Mushhead\n|-heal|p1a: Mushhead|43\/100 tox|[silent]\n|-heal|p1a: Mushhead|56\/100 tox|[from] ability: Poison Heal\n|upkeep\n|turn|13\n|\n|t:|1701032339\n|switch|p2a: Calyrex|Calyrex-Shadow, tera:Ghost|100\/100 slp\n|-ability|p2a: Calyrex|As One\n|-ability|p2a: Calyrex|Unnerve\n|move|p1a: Mushhead|Substitute|p1a: Mushhead\n|-start|p1a: Mushhead|Substitute\n|-damage|p1a: Mushhead|31\/100 tox\n|\n|-heal|p1a: Mushhead|43\/100 tox|[from] ability: Poison Heal\n|upkeep\n|turn|14\n|\n|t:|1701032359\n|cant|p2a: Calyrex|slp\n|move|p1a: Mushhead|Spore|p2a: Calyrex\n|-fail|p2a: Calyrex|slp\n|\n|-heal|p1a: Mushhead|56\/100 tox|[from] ability: Poison Heal\n|upkeep\n|turn|15\n|\n|t:|1701032366\n|cant|p2a: Calyrex|slp\n|move|p1a: Mushhead|Spore|p2a: Calyrex\n|-fail|p2a: Calyrex|slp\n|\n|-heal|p1a: Mushhead|68\/100 tox|[from] ability: Poison Heal\n|upkeep\n|turn|16\n|\n|t:|1701032373\n|-curestatus|p2a: Calyrex|slp|[msg]\n|move|p2a: Calyrex|Psychic|p1a: Mushhead\n|-end|p1a: Mushhead|Substitute\n|move|p1a: Mushhead|Spore|p2a: Calyrex\n|-status|p2a: Calyrex|slp|[from] move: Spore\n|\n|-heal|p1a: Mushhead|80\/100 tox|[from] ability: Poison Heal\n|upkeep\n|turn|17\n|\n|t:|1701032386\n|cant|p2a: Calyrex|slp\n|move|p1a: Mushhead|Substitute|p1a: Mushhead\n|-start|p1a: Mushhead|Substitute\n|-damage|p1a: Mushhead|56\/100 tox\n|\n|-heal|p1a: Mushhead|68\/100 tox|[from] ability: Poison Heal\n|upkeep\n|turn|18\n|\n|t:|1701032401\n|cant|p2a: Calyrex|slp\n|move|p1a: Mushhead|Leech Seed|p2a: Calyrex\n|-start|p2a: Calyrex|move: Leech Seed\n|\n|-damage|p2a: Calyrex|88\/100 slp|[from] Leech Seed|[of] p1a: Mushhead\n|-heal|p1a: Mushhead|81\/100 tox|[silent]\n|-heal|p1a: Mushhead|93\/100 tox|[from] ability: Poison Heal\n|upkeep\n|turn|19\n|\n|t:|1701032427\n|switch|p2a: Dachsbun|Dachsbun, M|76\/100 slp\n|move|p1a: Mushhead|Spore|p2a: Dachsbun\n|-fail|p2a: Dachsbun|slp\n|\n|-heal|p1a: Mushhead|100\/100 tox|[from] ability: Poison Heal\n|upkeep\n|turn|20\n|\n|t:|1701032437\n|switch|p2a: Calyrex|Calyrex-Shadow, tera:Ghost|88\/100 slp\n|-ability|p2a: Calyrex|As One\n|-ability|p2a: Calyrex|Unnerve\n|move|p1a: Mushhead|Leech Seed|p2a: Calyrex\n|-start|p2a: Calyrex|move: Leech Seed\n|\n|-damage|p2a: Calyrex|76\/100 slp|[from] Leech Seed|[of] p1a: Mushhead\n|upkeep\n|turn|21\n|\n|t:|1701032453\n|switch|p2a: Dachsbun|Dachsbun, M|76\/100 slp\n|-singleturn|p1a: Mushhead|move: Focus Punch\n|move|p1a: Mushhead|Focus Punch|p2a: Dachsbun\n|-resisted|p2a: Dachsbun\n|-damage|p2a: Dachsbun|53\/100 slp\n|-damage|p1a: Mushhead|84\/100 tox|[from] item: Rocky Helmet|[of] p2a: Dachsbun\n|\n|-heal|p1a: Mushhead|96\/100 tox|[from] ability: Poison Heal\n|upkeep\n|turn|22\n|\n|t:|1701032474\n|cant|p2a: Dachsbun|slp\n|move|p1a: Mushhead|Leech Seed|p2a: Dachsbun\n|-start|p2a: Dachsbun|move: Leech Seed\n|\n|-damage|p2a: Dachsbun|41\/100 slp|[from] Leech Seed|[of] p1a: Mushhead\n|-heal|p1a: Mushhead|100\/100 tox|[silent]\n|upkeep\n|turn|23\n|\n|t:|1701032480\n|switch|p2a: Calyrex|Calyrex-Shadow, tera:Ghost|76\/100 slp\n|-ability|p2a: Calyrex|As One\n|-ability|p2a: Calyrex|Unnerve\n|move|p1a: Mushhead|Spore|p2a: Calyrex\n|-fail|p2a: Calyrex|slp\n|\n|upkeep\n|turn|24\n|inactive|Battle timer is ON: inactive players will automatically lose when time's up. (requested by wolfmaster222)\n|\n|t:|1701032553\n|cant|p2a: Calyrex|slp\n|move|p1a: Mushhead|Leech Seed|p2a: Calyrex\n|-start|p2a: Calyrex|move: Leech Seed\n|\n|-damage|p2a: Calyrex|64\/100 slp|[from] Leech Seed|[of] p1a: Mushhead\n|upkeep\n|turn|25\n|\n|t:|1701032567\n|switch|p2a: Dachsbun|Dachsbun, M|41\/100 slp\n|-singleturn|p1a: Mushhead|move: Focus Punch\n|move|p1a: Mushhead|Focus Punch|p2a: Dachsbun\n|-resisted|p2a: Dachsbun\n|-damage|p2a: Dachsbun|18\/100 slp\n|-damage|p1a: Mushhead|84\/100 tox|[from] item: Rocky Helmet|[of] p2a: Dachsbun\n|\n|-heal|p1a: Mushhead|96\/100 tox|[from] ability: Poison Heal\n|upkeep\n|turn|26\n|\n|t:|1701032586\n|cant|p2a: Dachsbun|slp\n|move|p1a: Mushhead|Leech Seed|p2a: Dachsbun\n|-start|p2a: Dachsbun|move: Leech Seed\n|\n|-damage|p2a: Dachsbun|6\/100 slp|[from] Leech Seed|[of] p1a: Mushhead\n|-heal|p1a: Mushhead|100\/100 tox|[silent]\n|upkeep\n|turn|27\n|\n|t:|1701032596\n|switch|p2a: Calyrex|Calyrex-Shadow, tera:Ghost|64\/100 slp\n|-ability|p2a: Calyrex|As One\n|-ability|p2a: Calyrex|Unnerve\n|move|p1a: Mushhead|Leech Seed|p2a: Calyrex|[miss]\n|-miss|p1a: Mushhead|p2a: Calyrex\n|\n|upkeep\n|turn|28\n|\n|t:|1701032606\n|-curestatus|p2a: Calyrex|slp|[msg]\n|move|p2a: Calyrex|Psychic|p1a: Mushhead\n|-end|p1a: Mushhead|Substitute\n|move|p1a: Mushhead|Spore|p2a: Calyrex\n|-status|p2a: Calyrex|slp|[from] move: Spore\n|\n|upkeep\n|turn|29\n|\n|t:|1701032615\n|cant|p2a: Calyrex|slp\n|move|p1a: Mushhead|Substitute|p1a: Mushhead\n|-start|p1a: Mushhead|Substitute\n|-damage|p1a: Mushhead|76\/100 tox\n|\n|-heal|p1a: Mushhead|88\/100 tox|[from] ability: Poison Heal\n|upkeep\n|turn|30\n|\n|t:|1701032625\n|-curestatus|p2a: Calyrex|slp|[msg]\n|move|p2a: Calyrex|Psychic|p1a: Mushhead\n|-end|p1a: Mushhead|Substitute\n|move|p1a: Mushhead|Leech Seed|p2a: Calyrex\n|-start|p2a: Calyrex|move: Leech Seed\n|\n|-damage|p2a: Calyrex|51\/100|[from] Leech Seed|[of] p1a: Mushhead\n|-heal|p1a: Mushhead|100\/100 tox|[silent]\n|upkeep\n|turn|31\n|\n|t:|1701032646\n|switch|p2a: Dachsbun|Dachsbun, M|6\/100 slp\n|move|p1a: Mushhead|Spore|p2a: Dachsbun\n|-fail|p2a: Dachsbun|slp\n|\n|upkeep\n|turn|32\n|\n|t:|1701032662\n|switch|p2a: Calyrex|Calyrex-Shadow, tera:Ghost|51\/100\n|-ability|p2a: Calyrex|As One\n|-ability|p2a: Calyrex|Unnerve\n|move|p1a: Mushhead|Substitute|p1a: Mushhead\n|-start|p1a: Mushhead|Substitute\n|-damage|p1a: Mushhead|76\/100 tox\n|\n|-heal|p1a: Mushhead|88\/100 tox|[from] ability: Poison Heal\n|upkeep\n|turn|33\n|\n|t:|1701032674\n|switch|p2a: Dachsbun|Dachsbun, M|6\/100 slp\n|-singleturn|p1a: Mushhead|move: Focus Punch\n|move|p1a: Mushhead|Focus Punch|p2a: Dachsbun\n|-resisted|p2a: Dachsbun\n|-damage|p2a: Dachsbun|0 fnt\n|-damage|p1a: Mushhead|72\/100 tox|[from] item: Rocky Helmet|[of] p2a: Dachsbun\n|faint|p2a: Dachsbun\n|\n|-heal|p1a: Mushhead|84\/100 tox|[from] ability: Poison Heal\n|upkeep\n|inactive|Jacoangel has 120 seconds left.\n|\n|t:|1701032700\n|switch|p2a: Espathra|Espathra, M|100\/100\n|turn|34\n|\n|t:|1701032712\n|move|p2a: Espathra|Calm Mind|p2a: Espathra\n|-boost|p2a: Espathra|spa|1\n|-boost|p2a: Espathra|spd|1\n|move|p1a: Mushhead|Spore|p2a: Espathra\n|-status|p2a: Espathra|slp|[from] move: Spore\n|\n|-heal|p1a: Mushhead|96\/100 tox|[from] ability: Poison Heal\n|-ability|p2a: Espathra|Speed Boost|boost\n|-boost|p2a: Espathra|spe|1\n|upkeep\n|turn|35\n|\n|t:|1701032724\n|cant|p2a: Espathra|slp\n|move|p1a: Mushhead|Leech Seed|p2a: Espathra\n|-start|p2a: Espathra|move: Leech Seed\n|\n|-damage|p2a: Espathra|88\/100 slp|[from] Leech Seed|[of] p1a: Mushhead\n|-heal|p1a: Mushhead|100\/100 tox|[silent]\n|-ability|p2a: Espathra|Speed Boost|boost\n|-boost|p2a: Espathra|spe|1\n|upkeep\n|turn|36\n|\n|t:|1701032732\n|-singleturn|p1a: Mushhead|move: Focus Punch\n|cant|p2a: Espathra|slp\n|move|p1a: Mushhead|Focus Punch|p2a: Espathra\n|-resisted|p2a: Espathra\n|-damage|p2a: Espathra|60\/100 slp\n|\n|-heal|p2a: Espathra|66\/100 slp|[from] item: Leftovers\n|-damage|p2a: Espathra|53\/100 slp|[from] Leech Seed|[of] p1a: Mushhead\n|-ability|p2a: Espathra|Speed Boost|boost\n|-boost|p2a: Espathra|spe|1\n|upkeep\n|turn|37\n|\n|t:|1701032742\n|-singleturn|p1a: Mushhead|move: Focus Punch\n|-curestatus|p2a: Espathra|slp|[msg]\n|move|p2a: Espathra|Stored Power|p1a: Mushhead\n|-end|p1a: Mushhead|Substitute\n|move|p1a: Mushhead|Focus Punch|p2a: Espathra\n|-resisted|p2a: Espathra\n|-damage|p2a: Espathra|26\/100\n|\n|-heal|p2a: Espathra|32\/100|[from] item: Leftovers\n|-damage|p2a: Espathra|20\/100|[from] Leech Seed|[of] p1a: Mushhead\n|-ability|p2a: Espathra|Speed Boost|boost\n|-boost|p2a: Espathra|spe|1\n|upkeep\n|turn|38\n|\n|t:|1701032755\n|move|p2a: Espathra|Stored Power|p1a: Mushhead\n|-damage|p1a: Mushhead|19\/100 tox\n|move|p1a: Mushhead|Spore|p2a: Espathra\n|-status|p2a: Espathra|slp|[from] move: Spore\n|\n|-heal|p2a: Espathra|26\/100 slp|[from] item: Leftovers\n|-damage|p2a: Espathra|13\/100 slp|[from] Leech Seed|[of] p1a: Mushhead\n|-heal|p1a: Mushhead|35\/100 tox|[silent]\n|-heal|p1a: Mushhead|47\/100 tox|[from] ability: Poison Heal\n|-ability|p2a: Espathra|Speed Boost|boost\n|-boost|p2a: Espathra|spe|1\n|upkeep\n|turn|39\n|\n|t:|1701032768\n|cant|p2a: Espathra|slp\n|move|p1a: Mushhead|Substitute|p1a: Mushhead\n|-start|p1a: Mushhead|Substitute\n|-damage|p1a: Mushhead|22\/100 tox\n|\n|-heal|p2a: Espathra|20\/100 slp|[from] item: Leftovers\n|-damage|p2a: Espathra|7\/100 slp|[from] Leech Seed|[of] p1a: Mushhead\n|-heal|p1a: Mushhead|37\/100 tox|[silent]\n|-heal|p1a: Mushhead|50\/100 tox|[from] ability: Poison Heal\n|-ability|p2a: Espathra|Speed Boost|boost\n|-boost|p2a: Espathra|spe|1\n|upkeep\n|turn|40\n|\n|t:|1701032778\n|-singleturn|p1a: Mushhead|move: Focus Punch\n|cant|p2a: Espathra|slp\n|move|p1a: Mushhead|Focus Punch|p2a: Espathra\n|-resisted|p2a: Espathra\n|-damage|p2a: Espathra|0 fnt\n|faint|p2a: Espathra\n|\n|-heal|p1a: Mushhead|62\/100 tox|[from] ability: Poison Heal\n|upkeep\n|\n|t:|1701032798\n|switch|p2a: Chien-Pao|Chien-Pao|100\/100\n|-ability|p2a: Chien-Pao|Sword of Ruin\n|turn|41\n|\n|t:|1701032810\n|switch|p2a: Calyrex|Calyrex-Shadow, tera:Ghost|51\/100\n|-ability|p2a: Calyrex|As One\n|-ability|p2a: Calyrex|Unnerve\n|move|p1a: Mushhead|Spore|p2a: Calyrex\n|-status|p2a: Calyrex|slp|[from] move: Spore\n|\n|-heal|p1a: Mushhead|74\/100 tox|[from] ability: Poison Heal\n|upkeep\n|turn|42\n|inactive|Jacoangel has 90 seconds left.\n|inactive|Jacoangel has 60 seconds left.\n|\n|t:|1701032863\n|cant|p2a: Calyrex|slp\n|move|p1a: Mushhead|Leech Seed|p2a: Calyrex\n|-start|p2a: Calyrex|move: Leech Seed\n|\n|-damage|p2a: Calyrex|39\/100 slp|[from] Leech Seed|[of] p1a: Mushhead\n|-heal|p1a: Mushhead|87\/100 tox|[silent]\n|-heal|p1a: Mushhead|99\/100 tox|[from] ability: Poison Heal\n|upkeep\n|turn|43\n|\n|t:|1701032875\n|switch|p2a: Chien-Pao|Chien-Pao|100\/100\n|-ability|p2a: Chien-Pao|Sword of Ruin\n|-singleturn|p1a: Mushhead|move: Focus Punch\n|move|p1a: Mushhead|Focus Punch|p2a: Chien-Pao\n|-supereffective|p2a: Chien-Pao\n|-damage|p2a: Chien-Pao|0 fnt\n|faint|p2a: Chien-Pao\n|\n|-heal|p1a: Mushhead|100\/100 tox|[from] ability: Poison Heal\n|upkeep\n|-message|Jacoangel forfeited.\n|\n|win|wolfmaster222\n|raw|wolfmaster222's rating: 1317 &rarr; <strong>1337<\/strong><br \/>(+20 for winning)\n|raw|Jacoangel's rating: 1309 &rarr; <strong>1289<\/strong><br \/>(-20 for losing)\n|l|\u2606Jacoangel\n|c|\u2606wolfmaster222|gg\n","uploadtime":1701032895,"views":0,"p1id":"wolfmaster222","p2id":"jacoangel","formatid":"gen9anythinggoes","rating":1289,"private":0,"password":""}