{"id":"gen9anythinggoes-1975105217","p1":"kingokp","p2":"MrBurdLover","format":"[Gen 9] Anything Goes","log":"|j|\u2606kingokp\n|j|\u2606MrBurdLover\n|t:|1698162289\n|gametype|singles\n|player|p1|kingokp|clair|1298\n|player|p2|MrBurdLover|benga|1203\n|teamsize|p1|6\n|teamsize|p2|6\n|gen|9\n|tier|[Gen 9] Anything Goes\n|rated|\n|rule|HP Percentage Mod: HP is shown in percentages\n|rule|Endless Battle Clause: Forcing endless battles is banned\n|clearpoke\n|poke|p1|Krookodile, F|\n|poke|p1|Krookodile, M|\n|poke|p1|Orthworm, F|\n|poke|p1|Zapdos|\n|poke|p1|Iron Bundle|\n|poke|p1|Azumarill, F|\n|poke|p2|Urshifu-*, M|\n|poke|p2|Volcarona, M|\n|poke|p2|Calyrex-Shadow|\n|poke|p2|Roaring Moon|\n|poke|p2|Zacian-*|\n|poke|p2|Kyogre|\n|teampreview\n|inactive|Battle timer is ON: inactive players will automatically lose when time's up. (requested by kingokp)\n|c|\u2606kingokp|go easy im new\n|c|\u2606MrBurdLover|arent we all\n|inactive|MrBurdLover has 120 seconds left.\n|c|\u2606kingokp|ye\n|c|\u2606kingokp|ig\n|\n|t:|1698162324\n|start\n|switch|p1a: Orthworm|Orthworm, F|100\/100\n|switch|p2a: Darkness|Urshifu, M|100\/100\n|turn|1\n|\n|t:|1698162330\n|move|p2a: Darkness|Taunt|p1a: Orthworm\n|-start|p1a: Orthworm|move: Taunt\n|cant|p1a: Orthworm|move: Taunt|Shed Tail\n|\n|upkeep\n|turn|2\n|\n|t:|1698162339\n|switch|p1a: Zapdos|Zapdos|100\/100\n|move|p2a: Darkness|Trailblaze|p1a: Zapdos\n|-resisted|p1a: Zapdos\n|-damage|p1a: Zapdos|90\/100\n|-boost|p2a: Darkness|spe|1\n|-status|p2a: Darkness|par|[from] ability: Static|[of] p1a: Zapdos\n|\n|-heal|p1a: Zapdos|96\/100|[from] item: Leftovers\n|upkeep\n|turn|3\n|\n|t:|1698162352\n|move|p1a: Zapdos|Volt Switch|p2a: Darkness\n|-damage|p2a: Darkness|48\/100 par\n|\n|t:|1698162356\n|switch|p1a: Orthworm|Orthworm, F|100\/100|[from] Volt Switch\n|move|p2a: Darkness|Wicked Blow|p1a: Orthworm\n|-crit|p1a: Orthworm\n|-damage|p1a: Orthworm|64\/100\n|\n|upkeep\n|turn|4\n|\n|t:|1698162366\n|cant|p2a: Darkness|par\n|move|p1a: Orthworm|Shed Tail|p1a: Orthworm\n|-start|p1a: Orthworm|Substitute|[from] move: Shed Tail\n|-damage|p1a: Orthworm|14\/100\n|-enditem|p1a: Orthworm|Sitrus Berry|[eat]\n|-heal|p1a: Orthworm|38\/100|[from] item: Sitrus Berry\n|\n|t:|1698162370\n|switch|p1a: one punch|Azumarill, F, shiny|100\/100|[from] Shed Tail\n|\n|upkeep\n|turn|5\n|\n|t:|1698162377\n|cant|p2a: Darkness|par\n|move|p1a: one punch|Belly Drum|p1a: one punch\n|-damage|p1a: one punch|50\/100\n|-setboost|p1a: one punch|atk|6|[from] move: Belly Drum\n|-enditem|p1a: one punch|Sitrus Berry|[eat]\n|-heal|p1a: one punch|75\/100|[from] item: Sitrus Berry\n|\n|upkeep\n|turn|6\n|\n|t:|1698162384\n|move|p1a: one punch|Aqua Jet|p2a: Darkness\n|-damage|p2a: Darkness|0 fnt\n|faint|p2a: Darkness\n|\n|upkeep\n|c|\u2606MrBurdLover|man the double paralyze\n|inactive|MrBurdLover has 120 seconds left.\n|c|\u2606kingokp|ye\n|c|\u2606kingokp|i got lucky\n|\n|t:|1698162427\n|switch|p2a: Dog|Zacian-Crowned|100\/100\n|-ability|p2a: Dog|Intrepid Sword|boost\n|-boost|p2a: Dog|atk|1\n|turn|7\n|\n|t:|1698162436\n|move|p1a: one punch|Aqua Jet|p2a: Dog\n|-damage|p2a: Dog|1\/100\n|move|p2a: Dog|Behemoth Blade|p1a: one punch\n|-end|p1a: one punch|Substitute\n|\n|upkeep\n|turn|8\n|c|\u2606MrBurdLover|BROS THE GOAT\n|c|\u2606kingokp|so\n|c|\u2606kingokp|1 hp\n|\n|t:|1698162448\n|move|p1a: one punch|Aqua Jet|p2a: Dog\n|-damage|p2a: Dog|0 fnt\n|faint|p2a: Dog\n|\n|upkeep\n|\n|t:|1698162450\n|switch|p2a: Gay|Calyrex-Shadow|100\/100\n|-ability|p2a: Gay|As One\n|-ability|p2a: Gay|Unnerve\n|turn|9\n|\n|t:|1698162456\n|move|p1a: one punch|Aqua Jet|p2a: Gay\n|-enditem|p2a: Gay|Focus Sash\n|-damage|p2a: Gay|1\/100\n|move|p2a: Gay|Astral Barrage|p1a: one punch\n|-damage|p1a: one punch|0 fnt\n|faint|p1a: one punch\n|-ability|p2a: Gay|Grim Neigh|boost\n|-boost|p2a: Gay|spa|1\n|\n|upkeep\n|\n|t:|1698162462\n|switch|p1a: Iron Bundle|Iron Bundle|100\/100\n|-enditem|p1a: Iron Bundle|Booster Energy\n|-activate|p1a: Iron Bundle|ability: Quark Drive|[fromitem]\n|-start|p1a: Iron Bundle|quarkdrivespe\n|turn|10\n|\n|t:|1698162468\n|switch|p2a: Killa whale|Kyogre|100\/100\n|-weather|RainDance|[from] ability: Drizzle|[of] p2a: Killa whale\n|move|p1a: Iron Bundle|Ice Beam|p2a: Killa whale\n|-resisted|p2a: Killa whale\n|-damage|p2a: Killa whale|83\/100\n|\n|-weather|RainDance|[upkeep]\n|upkeep\n|turn|11\n|\n|t:|1698162474\n|move|p1a: Iron Bundle|Freeze-Dry|p2a: Killa whale\n|-supereffective|p2a: Killa whale\n|-damage|p2a: Killa whale|25\/100\n|move|p2a: Killa whale|Water Spout|p1a: Iron Bundle\n|-resisted|p1a: Iron Bundle\n|-damage|p1a: Iron Bundle|67\/100\n|\n|-weather|RainDance|[upkeep]\n|upkeep\n|turn|12\n|c|\u2606kingokp|do you like my car\n|\n|t:|1698162482\n|switch|p2a: Kvorvaard|Volcarona, M|100\/100\n|move|p1a: Iron Bundle|Freeze-Dry|p2a: Kvorvaard\n|-resisted|p2a: Kvorvaard\n|-damage|p2a: Kvorvaard|83\/100\n|-status|p2a: Kvorvaard|frz\n|\n|-weather|RainDance|[upkeep]\n|upkeep\n|turn|13\n|c|\u2606MrBurdLover|mid car booo\n|c|\u2606MrBurdLover|AND THE FREEZE\n|c|\u2606MrBurdLover|NAH\n|c|\u2606kingokp|:(\n|c|\u2606MrBurdLover|NAH\n|c|\u2606MrBurdLover|BS\n|c|\u2606kingokp|LOL\n|\n|t:|1698162501\n|move|p1a: Iron Bundle|Hydro Pump|p2a: Kvorvaard\n|-supereffective|p2a: Kvorvaard\n|-damage|p2a: Kvorvaard|0 fnt\n|faint|p2a: Kvorvaard\n|\n|-weather|RainDance|[upkeep]\n|upkeep\n|\n|t:|1698162506\n|switch|p2a: Killa whale|Kyogre|25\/100\n|turn|14\n|\n|t:|1698162509\n|move|p1a: Iron Bundle|Freeze-Dry|p2a: Killa whale\n|-supereffective|p2a: Killa whale\n|-damage|p2a: Killa whale|0 fnt\n|faint|p2a: Killa whale\n|\n|-weather|none\n|upkeep\n|\n|t:|1698162512\n|switch|p2a: Dark Cresent|Roaring Moon|100\/100\n|-enditem|p2a: Dark Cresent|Booster Energy\n|-activate|p2a: Dark Cresent|ability: Protosynthesis|[fromitem]\n|-start|p2a: Dark Cresent|protosynthesisatk\n|turn|15\n|\n|t:|1698162518\n|-terastallize|p2a: Dark Cresent|Dark\n|move|p1a: Iron Bundle|Ice Beam|p2a: Dark Cresent\n|-damage|p2a: Dark Cresent|55\/100\n|-status|p2a: Dark Cresent|frz\n|cant|p2a: Dark Cresent|frz\n|\n|upkeep\n|turn|16\n|c|\u2606MrBurdLover|IM SO\n|c|\u2606kingokp|AGAIN\n|c|\u2606MrBurdLover|NO WAY\n|c|\u2606kingokp|lol\n|c|\u2606MrBurdLover|THIS BULLSHIT\n|\n|t:|1698162540\n|move|p1a: Iron Bundle|Hydro Pump|p2a: Dark Cresent\n|-damage|p2a: Dark Cresent|0 fnt\n|faint|p2a: Dark Cresent\n|-end|p2a: Dark Cresent|Protosynthesis|[silent]\n|\n|upkeep\n|\n|t:|1698162544\n|switch|p2a: Gay|Calyrex-Shadow|1\/100\n|-ability|p2a: Gay|As One\n|-ability|p2a: Gay|Unnerve\n|turn|17\n|c|\u2606MrBurdLover|MAN\n|c|\u2606kingokp|gg lol\n|\n|t:|1698162553\n|move|p1a: Iron Bundle|Ice Beam|p2a: Gay\n|-damage|p2a: Gay|0 fnt\n|faint|p2a: Gay\n|\n|win|kingokp\n|raw|kingokp's rating: 1298 &rarr; <strong>1316<\/strong><br \/>(+18 for winning)\n|raw|MrBurdLover's rating: 1203 &rarr; <strong>1185<\/strong><br \/>(-18 for losing)\n|c|\u2606MrBurdLover|aint even saying gg\n|c|\u2606MrBurdLover|bullshit rn\n|c|\u2606MrBurdLover|g\n|c|\u2606kingokp|gg\n|c|\u2606kingokp|btw\n|c|\u2606kingokp|im saving this\n","uploadtime":1698162582,"views":7,"p1id":"kingokp","p2id":"mrburdlover","formatid":"gen9anythinggoes","rating":1185,"private":0,"password":""}