{"id":"gen9anythinggoes-1992997460","p1":"Nekogamer2168","p2":"davidu12","format":"[Gen 9] Anything Goes","log":"|j|\u2606Nekogamer2168\n|j|\u2606davidu12\n|t:|1700253953\n|gametype|singles\n|player|p1|Nekogamer2168|palmer|1165\n|player|p2|davidu12|bellelba|1183\n|teamsize|p1|6\n|teamsize|p2|6\n|gen|9\n|tier|[Gen 9] Anything Goes\n|rated|\n|rule|HP Percentage Mod: HP is shown in percentages\n|rule|Endless Battle Clause: Forcing endless battles is banned\n|clearpoke\n|poke|p1|Klefki, F|\n|poke|p1|Drifloon, M|\n|poke|p1|Volcarona, F|\n|poke|p1|Primeape, M|\n|poke|p1|Blissey, F|\n|poke|p1|Gengar, M|\n|poke|p2|Chien-Pao|\n|poke|p2|Ursaluna-Bloodmoon, M|\n|poke|p2|Ogerpon-Hearthflame, F|\n|poke|p2|Calyrex-Shadow|\n|poke|p2|Flutter Mane|\n|poke|p2|Eternatus|\n|teampreview\n|inactive|Battle timer is ON: inactive players will automatically lose when time's up. (requested by davidu12)\n|\n|t:|1700253965\n|start\n|switch|p1a: Key's r useful.|Klefki, F, shiny|100\/100\n|switch|p2a: Ogerpon|Ogerpon-Hearthflame, F|100\/100\n|-ability|p2a: Ogerpon|Mold Breaker\n|turn|1\n|\n|t:|1700253972\n|move|p1a: Key's r useful.|Spikes|p2a: Ogerpon\n|-sidestart|p2: davidu12|Spikes\n|move|p2a: Ogerpon|Ivy Cudgel|p1a: Key's r useful.|[anim] Ivy Cudgel Fire\n|-supereffective|p1a: Key's r useful.\n|-damage|p1a: Key's r useful.|0 fnt\n|faint|p1a: Key's r useful.\n|\n|upkeep\n|\n|t:|1700253974\n|switch|p1a: Ghost|Gengar, M|100\/100\n|turn|2\n|\n|t:|1700253983\n|switch|p1a: Ello|Drifloon, M, shiny|100\/100\n|move|p2a: Ogerpon|Zen Headbutt|p1a: Ello|[miss]\n|-miss|p2a: Ogerpon|p1a: Ello\n|\n|upkeep\n|turn|3\n|\n|t:|1700253991\n|move|p2a: Ogerpon|Ivy Cudgel|p1a: Ello|[anim] Ivy Cudgel Fire\n|-damage|p1a: Ello|17\/100\n|move|p1a: Ello|Minimize|p1a: Ello\n|-boost|p1a: Ello|evasion|2\n|\n|upkeep\n|turn|4\n|\n|t:|1700253997\n|move|p2a: Ogerpon|Ivy Cudgel|p1a: Ello|[anim] Ivy Cudgel Fire\n|-damage|p1a: Ello|0 fnt\n|faint|p1a: Ello\n|\n|upkeep\n|\n|t:|1700254000\n|switch|p1a: TANK|Blissey, F, shiny|100\/100\n|turn|5\n|\n|t:|1700254007\n|move|p2a: Ogerpon|Zen Headbutt|p1a: TANK\n|-damage|p1a: TANK|30\/100\n|move|p1a: TANK|Thunder|p2a: Ogerpon\n|-resisted|p2a: Ogerpon\n|-damage|p2a: Ogerpon|85\/100\n|-status|p2a: Ogerpon|par\n|\n|-heal|p1a: TANK|36\/100|[from] item: Leftovers\n|upkeep\n|turn|6\n|\n|t:|1700254016\n|move|p1a: TANK|Soft-Boiled|p1a: TANK\n|-heal|p1a: TANK|86\/100\n|move|p2a: Ogerpon|Ivy Cudgel|p1a: TANK|[anim] Ivy Cudgel Fire\n|-crit|p1a: TANK\n|-damage|p1a: TANK|0 fnt\n|faint|p1a: TANK\n|\n|upkeep\n|\n|t:|1700254019\n|switch|p1a: This pkmn is fire.|Volcarona, F|100\/100\n|turn|7\n|\n|t:|1700254032\n|move|p1a: This pkmn is fire.|Quiver Dance|p1a: This pkmn is fire.\n|-boost|p1a: This pkmn is fire.|spa|1\n|-boost|p1a: This pkmn is fire.|spd|1\n|-boost|p1a: This pkmn is fire.|spe|1\n|move|p2a: Ogerpon|Play Rough|p1a: This pkmn is fire.\n|-resisted|p1a: This pkmn is fire.\n|-damage|p1a: This pkmn is fire.|74\/100\n|-unboost|p1a: This pkmn is fire.|atk|1\n|\n|upkeep\n|turn|8\n|\n|t:|1700254042\n|move|p1a: This pkmn is fire.|Quiver Dance|p1a: This pkmn is fire.\n|-boost|p1a: This pkmn is fire.|spa|1\n|-boost|p1a: This pkmn is fire.|spd|1\n|-boost|p1a: This pkmn is fire.|spe|1\n|cant|p2a: Ogerpon|par\n|\n|upkeep\n|turn|9\n|\n|t:|1700254048\n|move|p1a: This pkmn is fire.|Quiver Dance|p1a: This pkmn is fire.\n|-boost|p1a: This pkmn is fire.|spa|1\n|-boost|p1a: This pkmn is fire.|spd|1\n|-boost|p1a: This pkmn is fire.|spe|1\n|move|p2a: Ogerpon|Wood Hammer|p1a: This pkmn is fire.\n|-resisted|p1a: This pkmn is fire.\n|-crit|p1a: This pkmn is fire.\n|-damage|p1a: This pkmn is fire.|33\/100\n|-damage|p2a: Ogerpon|71\/100 par|[from] Recoil\n|\n|upkeep\n|turn|10\n|\n|t:|1700254057\n|move|p1a: This pkmn is fire.|Psychic|p2a: Ogerpon\n|-damage|p2a: Ogerpon|0 fnt\n|faint|p2a: Ogerpon\n|\n|upkeep\n|\n|t:|1700254062\n|switch|p2a: Eternatus|Eternatus|100\/100\n|-ability|p2a: Eternatus|Pressure\n|turn|11\n|\n|t:|1700254073\n|move|p1a: This pkmn is fire.|Fiery Dance|p2a: Eternatus\n|-resisted|p2a: Eternatus\n|-damage|p2a: Eternatus|48\/100\n|-boost|p1a: This pkmn is fire.|spa|1\n|move|p2a: Eternatus|Gunk Shot|p1a: This pkmn is fire.|[miss]\n|-miss|p2a: Eternatus|p1a: This pkmn is fire.\n|\n|upkeep\n|turn|12\n|\n|t:|1700254081\n|move|p1a: This pkmn is fire.|Giga Drain|p2a: Eternatus\n|-resisted|p2a: Eternatus\n|-damage|p2a: Eternatus|29\/100\n|-heal|p1a: This pkmn is fire.|46\/100|[from] drain|[of] p2a: Eternatus\n|move|p2a: Eternatus|Dynamax Cannon|p1a: This pkmn is fire.\n|-damage|p1a: This pkmn is fire.|20\/100\n|\n|upkeep\n|turn|13\n|\n|t:|1700254088\n|move|p1a: This pkmn is fire.|Fiery Dance|p2a: Eternatus\n|-resisted|p2a: Eternatus\n|-damage|p2a: Eternatus|0 fnt\n|faint|p2a: Eternatus\n|\n|upkeep\n|\n|t:|1700254093\n|switch|p2a: Calyrex|Calyrex-Shadow|100\/100\n|-ability|p2a: Calyrex|As One\n|-ability|p2a: Calyrex|Unnerve\n|-damage|p2a: Calyrex|88\/100|[from] Spikes\n|turn|14\n|\n|t:|1700254100\n|move|p1a: This pkmn is fire.|Giga Drain|p2a: Calyrex\n|-damage|p2a: Calyrex|4\/100\n|-heal|p1a: This pkmn is fire.|67\/100|[from] drain|[of] p2a: Calyrex\n|move|p2a: Calyrex|Astral Barrage|p1a: This pkmn is fire.\n|-damage|p1a: This pkmn is fire.|17\/100\n|\n|upkeep\n|turn|15\n|\n|t:|1700254109\n|move|p1a: This pkmn is fire.|Fiery Dance|p2a: Calyrex\n|-damage|p2a: Calyrex|0 fnt\n|-boost|p1a: This pkmn is fire.|spa|1\n|faint|p2a: Calyrex\n|\n|upkeep\n|\n|t:|1700254119\n|switch|p2a: Flutter Mane|Flutter Mane|100\/100\n|-damage|p2a: Flutter Mane|88\/100|[from] Spikes\n|turn|16\n|\n|t:|1700254126\n|move|p1a: This pkmn is fire.|Giga Drain|p2a: Flutter Mane\n|-damage|p2a: Flutter Mane|0 fnt\n|-heal|p1a: This pkmn is fire.|52\/100|[from] drain|[of] p2a: Flutter Mane\n|faint|p2a: Flutter Mane\n|-end|p2a: Flutter Mane|Protosynthesis|[silent]\n|\n|upkeep\n|\n|t:|1700254132\n|switch|p2a: Ursaluna|Ursaluna-Bloodmoon, M|100\/100\n|-damage|p2a: Ursaluna|88\/100|[from] Spikes\n|turn|17\n|\n|t:|1700254136\n|move|p1a: This pkmn is fire.|Giga Drain|p2a: Ursaluna\n|-supereffective|p2a: Ursaluna\n|-damage|p2a: Ursaluna|0 fnt\n|-heal|p1a: This pkmn is fire.|100\/100|[from] drain|[of] p2a: Ursaluna\n|faint|p2a: Ursaluna\n|\n|upkeep\n|\n|t:|1700254141\n|switch|p2a: Chien-Pao|Chien-Pao|100\/100\n|-damage|p2a: Chien-Pao|88\/100|[from] Spikes\n|-ability|p2a: Chien-Pao|Sword of Ruin\n|turn|18\n|\n|t:|1700254147\n|move|p1a: This pkmn is fire.|Fiery Dance|p2a: Chien-Pao\n|-supereffective|p2a: Chien-Pao\n|-damage|p2a: Chien-Pao|0 fnt\n|faint|p2a: Chien-Pao\n|\n|win|Nekogamer2168\n|raw|Nekogamer2168's rating: 1165 &rarr; <strong>1191<\/strong><br \/>(+26 for winning)\n|raw|davidu12's rating: 1183 &rarr; <strong>1157<\/strong><br \/>(-26 for losing)\n|c|\u2606Nekogamer2168|gg\n|l|\u2606davidu12\n","uploadtime":1700254157,"views":5,"p1id":"nekogamer2168","p2id":"davidu12","formatid":"gen9anythinggoes","rating":1157,"private":0,"password":""}