{"id":"gen9anythinggoes-1998717224","p1":"Khryce","p2":"specialker","format":"[Gen 9] Anything Goes","log":"|j|\u2606Khryce\n|j|\u2606specialker\n|t:|1700977117\n|gametype|singles\n|player|p1|Khryce|preschooler|1136\n|player|p2|specialker|266|1188\n|teamsize|p1|6\n|teamsize|p2|6\n|gen|9\n|tier|[Gen 9] Anything Goes\n|rated|\n|rule|HP Percentage Mod: HP is shown in percentages\n|rule|Endless Battle Clause: Forcing endless battles is banned\n|clearpoke\n|poke|p1|Sylveon, F|\n|poke|p1|Dudunsparce-*, F|\n|poke|p1|Dragapult, F|\n|poke|p1|Chandelure, M|\n|poke|p1|Seviper, F|\n|poke|p1|Skeledirge, M|\n|poke|p2|Espeon, M|\n|poke|p2|Scream Tail|\n|poke|p2|Espathra, F|\n|poke|p2|Drifblim, M|\n|poke|p2|Farigiraf, F|\n|poke|p2|Lechonk, F|\n|teampreview\n|inactive|Battle timer is ON: inactive players will automatically lose when time's up. (requested by Khryce)\n|\n|t:|1700977128\n|start\n|switch|p1a: Sylveon|Sylveon, F|100\/100\n|switch|p2a: Scream Tail|Scream Tail|100\/100\n|-enditem|p2a: Scream Tail|Booster Energy\n|-activate|p2a: Scream Tail|ability: Protosynthesis|[fromitem]\n|-start|p2a: Scream Tail|protosynthesisspe\n|turn|1\n|\n|t:|1700977134\n|move|p2a: Scream Tail|Amnesia|p2a: Scream Tail\n|-boost|p2a: Scream Tail|spd|2\n|move|p1a: Sylveon|Calm Mind|p1a: Sylveon\n|-boost|p1a: Sylveon|spa|1\n|-boost|p1a: Sylveon|spd|1\n|\n|upkeep\n|turn|2\n|\n|t:|1700977139\n|move|p2a: Scream Tail|Amnesia|p2a: Scream Tail\n|-boost|p2a: Scream Tail|spd|2\n|move|p1a: Sylveon|Calm Mind|p1a: Sylveon\n|-boost|p1a: Sylveon|spa|1\n|-boost|p1a: Sylveon|spd|1\n|\n|upkeep\n|turn|3\n|\n|t:|1700977144\n|move|p2a: Scream Tail|Substitute|p2a: Scream Tail\n|-start|p2a: Scream Tail|Substitute\n|-damage|p2a: Scream Tail|76\/100\n|move|p1a: Sylveon|Calm Mind|p1a: Sylveon\n|-boost|p1a: Sylveon|spa|1\n|-boost|p1a: Sylveon|spd|1\n|\n|upkeep\n|turn|4\n|\n|t:|1700977150\n|move|p2a: Scream Tail|Baton Pass|p2a: Scream Tail\n|\n|t:|1700977152\n|-end|p2a: Scream Tail|Protosynthesis|[silent]\n|switch|p2a: Drifblim|Drifblim, M, shiny|100\/100|[from] Baton Pass\n|move|p1a: Sylveon|Calm Mind|p1a: Sylveon\n|-boost|p1a: Sylveon|spa|1\n|-boost|p1a: Sylveon|spd|1\n|\n|upkeep\n|turn|5\n|\n|t:|1700977157\n|move|p2a: Drifblim|Clear Smog|p1a: Sylveon\n|-supereffective|p1a: Sylveon\n|-damage|p1a: Sylveon|95\/100\n|-clearboost|p1a: Sylveon\n|move|p1a: Sylveon|Calm Mind|p1a: Sylveon\n|-boost|p1a: Sylveon|spa|1\n|-boost|p1a: Sylveon|spd|1\n|\n|-heal|p1a: Sylveon|100\/100|[from] item: Leftovers\n|upkeep\n|turn|6\n|\n|t:|1700977166\n|move|p2a: Drifblim|Minimize|p2a: Drifblim\n|-boost|p2a: Drifblim|evasion|2\n|move|p1a: Sylveon|Roar|p2a: Drifblim\n|drag|p2a: Farigiraf|Farigiraf, F|100\/100\n|\n|upkeep\n|turn|7\n|\n|t:|1700977175\n|switch|p2a: Drifblim|Drifblim, M, shiny|100\/100\n|move|p1a: Sylveon|Hyper Voice|p2a: Drifblim\n|-damage|p2a: Drifblim|7\/100\n|-enditem|p2a: Drifblim|Sitrus Berry|[eat]\n|-heal|p2a: Drifblim|32\/100|[from] item: Sitrus Berry\n|\n|upkeep\n|turn|8\n|\n|t:|1700977182\n|move|p2a: Drifblim|Clear Smog|p1a: Sylveon\n|-supereffective|p1a: Sylveon\n|-damage|p1a: Sylveon|90\/100\n|-clearboost|p1a: Sylveon\n|move|p1a: Sylveon|Hyper Voice|p2a: Drifblim\n|-crit|p2a: Drifblim\n|-damage|p2a: Drifblim|0 fnt\n|faint|p2a: Drifblim\n|\n|-heal|p1a: Sylveon|96\/100|[from] item: Leftovers\n|upkeep\n|\n|t:|1700977188\n|switch|p2a: Espeon|Espeon, M, shiny|100\/100\n|turn|9\n|\n|t:|1700977194\n|move|p2a: Espeon|Calm Mind|p2a: Espeon\n|-boost|p2a: Espeon|spa|1\n|-boost|p2a: Espeon|spd|1\n|move|p1a: Sylveon|Hyper Voice|p2a: Espeon\n|-damage|p2a: Espeon|62\/100\n|\n|-heal|p2a: Espeon|68\/100|[from] item: Leftovers\n|-heal|p1a: Sylveon|100\/100|[from] item: Leftovers\n|upkeep\n|turn|10\n|\n|t:|1700977202\n|move|p2a: Espeon|Calm Mind|p2a: Espeon\n|-boost|p2a: Espeon|spa|1\n|-boost|p2a: Espeon|spd|1\n|move|p1a: Sylveon|Roar|p2a: Espeon\n|move|p2a: Espeon|Roar|p1a: Sylveon|[from]ability: Magic Bounce\n|drag|p1a: Dragapult|Dragapult, F|100\/100\n|\n|-heal|p2a: Espeon|74\/100|[from] item: Leftovers\n|upkeep\n|turn|11\n|\n|t:|1700977215\n|switch|p1a: Seviper|Seviper, F|100\/100\n|-terastallize|p2a: Espeon|Dark\n|move|p2a: Espeon|Shadow Ball|p1a: Seviper\n|-damage|p1a: Seviper|27\/100\n|\n|-heal|p2a: Espeon|80\/100|[from] item: Leftovers\n|-heal|p1a: Seviper|33\/100|[from] item: Leftovers\n|upkeep\n|turn|12\n|\n|t:|1700977225\n|move|p2a: Espeon|Stored Power|p1a: Seviper\n|-supereffective|p1a: Seviper\n|-damage|p1a: Seviper|0 fnt\n|faint|p1a: Seviper\n|\n|-heal|p2a: Espeon|86\/100|[from] item: Leftovers\n|upkeep\n|\n|t:|1700977231\n|switch|p1a: Dudunsparce|Dudunsparce-Three-Segment, F|100\/100\n|turn|13\n|\n|t:|1700977236\n|move|p2a: Espeon|Stored Power|p1a: Dudunsparce\n|-damage|p1a: Dudunsparce|13\/100\n|move|p1a: Dudunsparce|Body Slam|p2a: Espeon\n|-damage|p2a: Espeon|18\/100\n|-status|p2a: Espeon|par\n|\n|-heal|p2a: Espeon|24\/100 par|[from] item: Leftovers\n|-heal|p1a: Dudunsparce|19\/100|[from] item: Leftovers\n|upkeep\n|turn|14\n|\n|t:|1700977245\n|move|p2a: Espeon|Stored Power|p1a: Dudunsparce\n|-damage|p1a: Dudunsparce|0 fnt\n|faint|p1a: Dudunsparce\n|\n|-heal|p2a: Espeon|30\/100 par|[from] item: Leftovers\n|upkeep\n|\n|t:|1700977250\n|switch|p1a: Dragapult|Dragapult, F|100\/100\n|turn|15\n|\n|t:|1700977254\n|move|p1a: Dragapult|Flamethrower|p2a: Espeon\n|-damage|p2a: Espeon|15\/100 par\n|move|p2a: Espeon|Shadow Ball|p1a: Dragapult\n|-supereffective|p1a: Dragapult\n|-damage|p1a: Dragapult|0 fnt\n|faint|p1a: Dragapult\n|\n|-heal|p2a: Espeon|21\/100 par|[from] item: Leftovers\n|upkeep\n|\n|t:|1700977262\n|switch|p1a: Skeledirge|Skeledirge, M|100\/100\n|turn|16\n|\n|t:|1700977265\n|-terastallize|p1a: Skeledirge|Poison\n|move|p2a: Espeon|Shadow Ball|p1a: Skeledirge\n|-damage|p1a: Skeledirge|76\/100\n|move|p1a: Skeledirge|Torch Song|p2a: Espeon\n|-damage|p2a: Espeon|0 fnt\n|-boost|p1a: Skeledirge|spa|1\n|faint|p2a: Espeon\n|\n|upkeep\n|\n|t:|1700977271\n|switch|p2a: Scream Tail|Scream Tail|76\/100\n|turn|17\n|\n|t:|1700977276\n|move|p2a: Scream Tail|Amnesia|p2a: Scream Tail\n|-boost|p2a: Scream Tail|spd|2\n|move|p1a: Skeledirge|Torch Song|p2a: Scream Tail\n|-damage|p2a: Scream Tail|30\/100\n|-boost|p1a: Skeledirge|spa|1\n|\n|upkeep\n|turn|18\n|\n|t:|1700977282\n|move|p2a: Scream Tail|Baton Pass|p2a: Scream Tail\n|\n|t:|1700977284\n|-end|p2a: Scream Tail|Protosynthesis|[silent]\n|switch|p2a: Espathra|Espathra, F|100\/100|[from] Baton Pass\n|move|p1a: Skeledirge|Torch Song|p2a: Espathra\n|-damage|p2a: Espathra|0 fnt\n|-boost|p1a: Skeledirge|spa|1\n|faint|p2a: Espathra\n|\n|upkeep\n|\n|t:|1700977289\n|switch|p2a: Scream Tail|Scream Tail|30\/100\n|turn|19\n|\n|t:|1700977293\n|move|p2a: Scream Tail|Amnesia|p2a: Scream Tail\n|-boost|p2a: Scream Tail|spd|2\n|move|p1a: Skeledirge|Torch Song|p2a: Scream Tail\n|-crit|p2a: Scream Tail\n|-damage|p2a: Scream Tail|0 fnt\n|-boost|p1a: Skeledirge|spa|1\n|faint|p2a: Scream Tail\n|-end|p2a: Scream Tail|Protosynthesis|[silent]\n|\n|upkeep\n|\n|t:|1700977296\n|switch|p2a: Farigiraf|Farigiraf, F|100\/100\n|turn|20\n|\n|t:|1700977301\n|move|p2a: Farigiraf|Stored Power|p1a: Skeledirge\n|-supereffective|p1a: Skeledirge\n|-damage|p1a: Skeledirge|61\/100\n|move|p1a: Skeledirge|Torch Song|p2a: Farigiraf\n|-damage|p2a: Farigiraf|0 fnt\n|-boost|p1a: Skeledirge|spa|1\n|faint|p2a: Farigiraf\n|\n|upkeep\n|-message|specialker forfeited.\n|\n|win|Khryce\n|raw|Khryce's rating: 1136 &rarr; <strong>1165<\/strong><br \/>(+29 for winning)\n|raw|specialker's rating: 1188 &rarr; <strong>1159<\/strong><br \/>(-29 for losing)\n|l|\u2606specialker\n","uploadtime":1700977314,"views":7,"p1id":"khryce","p2id":"specialker","formatid":"gen9anythinggoes","rating":1159,"private":0,"password":""}