{"id":"gen9anythinggoes-1988737547","p1":"micemoments","p2":"Einzbern640","format":"[Gen 9] Anything Goes","log":"|j|\u2606micemoments\n|j|\u2606Einzbern640\n|t:|1699756761\n|gametype|singles\n|player|p1|micemoments|preschooler|1073\n|player|p2|Einzbern640|waiter|1179\n|teamsize|p1|6\n|teamsize|p2|6\n|gen|9\n|tier|[Gen 9] Anything Goes\n|rated|\n|rule|HP Percentage Mod: HP is shown in percentages\n|rule|Endless Battle Clause: Forcing endless battles is banned\n|clearpoke\n|poke|p1|Maushold-Four|\n|poke|p1|Maushold-Four|\n|poke|p1|Maushold-Four|\n|poke|p1|Maushold-Four|\n|poke|p1|Maushold-Four|\n|poke|p1|Kingambit, M|\n|poke|p2|Empoleon, F|\n|poke|p2|Empoleon, M|\n|poke|p2|Empoleon, M|\n|poke|p2|Empoleon, M|\n|poke|p2|Empoleon, F|\n|poke|p2|Empoleon, F|\n|teampreview\n|c|\u2606micemoments|mice\n|c|\u2606micemoments|holy penguin\n|c|\u2606Einzbern640|Penguins\n|c|\u2606Einzbern640|The last one is a weird mouse\n|c|\u2606micemoments|nah he had a growth spurt\n|c|\u2606Einzbern640|Ahh that makes sense\n|c|\u2606micemoments|yeah\n|\n|t:|1699756825\n|start\n|switch|p1a: meece|Maushold-Four|100\/100\n|switch|p2a: Emperor|Empoleon, M, shiny|100\/100\n|turn|1\n|\n|t:|1699756833\n|move|p2a: Emperor|Vacuum Wave|p1a: meece\n|-supereffective|p1a: meece\n|-damage|p1a: meece|44\/100\n|move|p1a: meece|Population Bomb|p2a: Emperor\n|-resisted|p2a: Emperor\n|-damage|p2a: Emperor|94\/100\n|-resisted|p2a: Emperor\n|-damage|p2a: Emperor|87\/100\n|-resisted|p2a: Emperor\n|-damage|p2a: Emperor|80\/100\n|-resisted|p2a: Emperor\n|-damage|p2a: Emperor|74\/100\n|-resisted|p2a: Emperor\n|-damage|p2a: Emperor|67\/100\n|-hitcount|p2a: Emperor|5\n|\n|upkeep\n|turn|2\n|c|\u2606micemoments|i didnt account for steel typing and you are faster\n|\n|t:|1699756850\n|move|p2a: Emperor|Vacuum Wave|p1a: meece\n|-supereffective|p1a: meece\n|-damage|p1a: meece|0 fnt\n|faint|p1a: meece\n|\n|upkeep\n|c|\u2606Einzbern640|Don't worry believe in your mice\n|\n|t:|1699756859\n|switch|p1a: meece|Maushold-Four|100\/100\n|turn|3\n|c|\u2606micemoments|tru\n|\n|t:|1699756867\n|move|p2a: Emperor|Vacuum Wave|p1a: meece\n|-supereffective|p1a: meece\n|-damage|p1a: meece|49\/100\n|move|p1a: meece|Trailblaze|p2a: Emperor\n|-damage|p2a: Emperor|47\/100\n|-boost|p1a: meece|spe|1\n|\n|upkeep\n|turn|4\n|\n|t:|1699756874\n|move|p2a: Emperor|Vacuum Wave|p1a: meece\n|-supereffective|p1a: meece\n|-damage|p1a: meece|0 fnt\n|faint|p1a: meece\n|\n|upkeep\n|\n|t:|1699756878\n|switch|p1a: meece|Maushold-Four|100\/100\n|turn|5\n|c|\u2606micemoments|what is vaccum wave do\n|\n|t:|1699756888\n|move|p2a: Emperor|Vacuum Wave|p1a: meece\n|-supereffective|p1a: meece\n|-damage|p1a: meece|47\/100\n|move|p1a: meece|Population Bomb|p2a: Emperor\n|-resisted|p2a: Emperor\n|-crit|p2a: Emperor\n|-damage|p2a: Emperor|37\/100\n|-resisted|p2a: Emperor\n|-damage|p2a: Emperor|30\/100\n|-resisted|p2a: Emperor\n|-damage|p2a: Emperor|23\/100\n|-resisted|p2a: Emperor\n|-damage|p2a: Emperor|16\/100\n|-resisted|p2a: Emperor\n|-damage|p2a: Emperor|10\/100\n|-resisted|p2a: Emperor\n|-damage|p2a: Emperor|3\/100\n|-resisted|p2a: Emperor\n|-damage|p2a: Emperor|0 fnt\n|faint|p2a: Emperor\n|-hitcount|p2: Emperor|7\n|\n|upkeep\n|c|\u2606Einzbern640|Priority special fighting move\n|c|\u2606micemoments|o\n|c|\u2606micemoments|ic\n|c|\u2606Einzbern640|R.I.P Emperor\n|c|\u2606micemoments|rip 8 meece\n|\n|t:|1699756934\n|switch|p2a: Winter|Empoleon, F, shiny|100\/100\n|turn|6\n|c|\u2606Einzbern640|They did well\n|\n|t:|1699756942\n|move|p1a: meece|Population Bomb|p2a: Winter\n|-resisted|p2a: Winter\n|-damage|p2a: Winter|95\/100\n|-resisted|p2a: Winter\n|-damage|p2a: Winter|89\/100\n|-resisted|p2a: Winter\n|-damage|p2a: Winter|84\/100\n|-resisted|p2a: Winter\n|-damage|p2a: Winter|78\/100\n|-resisted|p2a: Winter\n|-damage|p2a: Winter|73\/100\n|-resisted|p2a: Winter\n|-damage|p2a: Winter|67\/100\n|-resisted|p2a: Winter\n|-damage|p2a: Winter|61\/100\n|-resisted|p2a: Winter\n|-damage|p2a: Winter|56\/100\n|-resisted|p2a: Winter\n|-damage|p2a: Winter|50\/100\n|-hitcount|p2a: Winter|9\n|move|p2a: Winter|Stealth Rock|p1a: meece\n|-sidestart|p1: micemoments|move: Stealth Rock\n|\n|upkeep\n|turn|7\n|c|\u2606micemoments|true\n|\n|t:|1699756960\n|move|p1a: meece|Population Bomb|p2a: Winter\n|-resisted|p2a: Winter\n|-damage|p2a: Winter|44\/100\n|-resisted|p2a: Winter\n|-damage|p2a: Winter|38\/100\n|-resisted|p2a: Winter\n|-damage|p2a: Winter|33\/100\n|-resisted|p2a: Winter\n|-damage|p2a: Winter|28\/100\n|-resisted|p2a: Winter\n|-damage|p2a: Winter|22\/100\n|-resisted|p2a: Winter\n|-damage|p2a: Winter|16\/100\n|-resisted|p2a: Winter\n|-damage|p2a: Winter|11\/100\n|-hitcount|p2a: Winter|7\n|move|p2a: Winter|Blizzard|p1a: meece\n|-damage|p1a: meece|0 fnt\n|faint|p1a: meece\n|\n|upkeep\n|c|\u2606Einzbern640|Wow that hit\n|c|\u2606micemoments|you didnt do setup before emperor?\n|\n|t:|1699756976\n|switch|p1a: meece|Maushold-Four|100\/100\n|-damage|p1a: meece|88\/100|[from] Stealth Rock\n|turn|8\n|c|\u2606micemoments|i see\n|c|\u2606Einzbern640|I saw Vacuum Wave and I just spammed it\n|c|\u2606micemoments|o\n|c|\u2606micemoments|mk\n|\n|t:|1699756993\n|move|p1a: meece|Population Bomb|p2a: Winter\n|-resisted|p2a: Winter\n|-damage|p2a: Winter|6\/100\n|-resisted|p2a: Winter\n|-damage|p2a: Winter|1\/100\n|-resisted|p2a: Winter\n|-damage|p2a: Winter|0 fnt\n|faint|p2a: Winter\n|-hitcount|p2: Winter|3\n|\n|upkeep\n|\n|t:|1699757005\n|switch|p2a: Empress|Empoleon, F|100\/100\n|turn|9\n|c|\u2606micemoments|rip 12 meece\n|\n|t:|1699757012\n|move|p1a: meece|Population Bomb|p2a: Empress|[miss]\n|-miss|p1a: meece|p2a: Empress\n|move|p2a: Empress|Substitute|p2a: Empress\n|-start|p2a: Empress|Substitute\n|-damage|p2a: Empress|76\/100\n|\n|-heal|p2a: Empress|82\/100|[from] item: Leftovers\n|upkeep\n|turn|10\n|c|\u2606Einzbern640|rip\n|\n|t:|1699757020\n|move|p1a: meece|Trailblaze|p2a: Empress\n|-activate|p2a: Empress|move: Substitute|[damage]\n|-boost|p1a: meece|spe|1\n|move|p2a: Empress|Roar|p1a: meece\n|drag|p1a: Kingambit|Kingambit, M|100\/100\n|-damage|p1a: Kingambit|94\/100|[from] Stealth Rock\n|-activate|p1a: Kingambit|ability: Supreme Overlord\n|-start|p1a: Kingambit|fallen3|[silent]\n|\n|-heal|p2a: Empress|88\/100|[from] item: Leftovers\n|upkeep\n|turn|11\n|c|\u2606micemoments|man\n|c|\u2606Einzbern640|uh oh\n|c|\u2606micemoments|i was not ready\n|c|\u2606micemoments|you have a sub\n|\n|t:|1699757050\n|move|p1a: Kingambit|Sucker Punch||[still]\n|-fail|p1a: Kingambit\n|move|p2a: Empress|Roar|p1a: Kingambit\n|-end|p1a: Kingambit|fallen3|[silent]\n|drag|p1a: meece|Maushold-Four|100\/100\n|-damage|p1a: meece|88\/100|[from] Stealth Rock\n|\n|-heal|p2a: Empress|94\/100|[from] item: Leftovers\n|upkeep\n|turn|12\n|c|\u2606Einzbern640|Empress is kinda pissed her husband died\n|c|\u2606micemoments|i see\n|c|\u2606Einzbern640|So she might be annoying rn\n|\n|t:|1699757067\n|move|p1a: meece|Population Bomb|p2a: Empress\n|-resisted|p2a: Empress\n|-activate|p2a: Empress|move: Substitute|[damage]\n|-resisted|p2a: Empress\n|-end|p2a: Empress|Substitute\n|-resisted|p2a: Empress\n|-damage|p2a: Empress|89\/100\n|-resisted|p2a: Empress\n|-damage|p2a: Empress|84\/100\n|-resisted|p2a: Empress\n|-damage|p2a: Empress|80\/100\n|-resisted|p2a: Empress\n|-damage|p2a: Empress|75\/100\n|-resisted|p2a: Empress\n|-crit|p2a: Empress\n|-damage|p2a: Empress|67\/100\n|-hitcount|p2a: Empress|7\n|move|p2a: Empress|Roar|p1a: meece\n|drag|p1a: Kingambit|Kingambit, M|94\/100\n|-damage|p1a: Kingambit|88\/100|[from] Stealth Rock\n|-activate|p1a: Kingambit|ability: Supreme Overlord\n|-start|p1a: Kingambit|fallen3|[silent]\n|\n|-heal|p2a: Empress|73\/100|[from] item: Leftovers\n|upkeep\n|turn|13\n|c|\u2606micemoments|the big mouse over there is a wee bit angy\n|c|\u2606Einzbern640|Seems like it\n|c|\u2606micemoments|yea\n|\n|t:|1699757095\n|switch|p2a: Poseidon|Empoleon, M|100\/100\n|move|p1a: Kingambit|Foul Play|p2a: Poseidon\n|-damage|p2a: Poseidon|76\/100\n|\n|upkeep\n|turn|14\n|\n|t:|1699757102\n|move|p1a: Kingambit|Sucker Punch||[still]\n|-fail|p1a: Kingambit\n|move|p2a: Poseidon|Yawn|p1a: Kingambit\n|-start|p1a: Kingambit|move: Yawn|[of] p2a: Poseidon\n|\n|upkeep\n|turn|15\n|\n|t:|1699757108\n|-end|p1a: Kingambit|fallen3|[silent]\n|switch|p1a: meece|Maushold-Four|88\/100\n|-damage|p1a: meece|76\/100|[from] Stealth Rock\n|move|p2a: Poseidon|Rain Dance|p2a: Poseidon\n|-weather|RainDance\n|\n|-weather|RainDance|[upkeep]\n|upkeep\n|turn|16\n|\n|t:|1699757116\n|move|p1a: meece|Population Bomb|p2a: Poseidon\n|-resisted|p2a: Poseidon\n|-damage|p2a: Poseidon|71\/100\n|-resisted|p2a: Poseidon\n|-damage|p2a: Poseidon|66\/100\n|-resisted|p2a: Poseidon\n|-damage|p2a: Poseidon|61\/100\n|-resisted|p2a: Poseidon\n|-crit|p2a: Poseidon\n|-damage|p2a: Poseidon|52\/100\n|-resisted|p2a: Poseidon\n|-damage|p2a: Poseidon|47\/100\n|-resisted|p2a: Poseidon\n|-damage|p2a: Poseidon|42\/100\n|-resisted|p2a: Poseidon\n|-damage|p2a: Poseidon|37\/100\n|-hitcount|p2a: Poseidon|7\n|move|p2a: Poseidon|Surf|p1a: meece\n|-damage|p1a: meece|3\/100\n|\n|-weather|RainDance|[upkeep]\n|upkeep\n|turn|17\n|c|\u2606Einzbern640|welp\n|c|\u2606micemoments|nah you live\n|c|\u2606micemoments|o\n|\n|t:|1699757134\n|move|p1a: meece|Population Bomb|p2a: Poseidon|[miss]\n|-miss|p1a: meece|p2a: Poseidon\n|move|p2a: Poseidon|Surf|p1a: meece\n|-damage|p1a: meece|0 fnt\n|faint|p1a: meece\n|\n|-weather|RainDance|[upkeep]\n|upkeep\n|c|\u2606micemoments|noooo\n|c|\u2606Einzbern640|lucky\n|c|\u2606micemoments|tru\n|\n|t:|1699757144\n|switch|p1a: meece|Maushold-Four|88\/100\n|-damage|p1a: meece|76\/100|[from] Stealth Rock\n|turn|18\n|\n|t:|1699757150\n|move|p1a: meece|Population Bomb|p2a: Poseidon\n|-resisted|p2a: Poseidon\n|-damage|p2a: Poseidon|32\/100\n|-resisted|p2a: Poseidon\n|-damage|p2a: Poseidon|27\/100\n|-resisted|p2a: Poseidon\n|-damage|p2a: Poseidon|22\/100\n|-resisted|p2a: Poseidon\n|-damage|p2a: Poseidon|17\/100\n|-resisted|p2a: Poseidon\n|-damage|p2a: Poseidon|12\/100\n|-resisted|p2a: Poseidon\n|-damage|p2a: Poseidon|7\/100\n|-resisted|p2a: Poseidon\n|-crit|p2a: Poseidon\n|-damage|p2a: Poseidon|0 fnt\n|faint|p2a: Poseidon\n|-hitcount|p2: Poseidon|7\n|\n|-weather|RainDance|[upkeep]\n|upkeep\n|\n|t:|1699757158\n|switch|p2a: Empress|Empoleon, F|73\/100\n|turn|19\n|c|\u2606micemoments|oh boy\n|\n|t:|1699757172\n|move|p1a: meece|Population Bomb|p2a: Empress\n|-resisted|p2a: Empress\n|-damage|p2a: Empress|69\/100\n|-resisted|p2a: Empress\n|-damage|p2a: Empress|64\/100\n|-resisted|p2a: Empress\n|-damage|p2a: Empress|59\/100\n|-resisted|p2a: Empress\n|-damage|p2a: Empress|54\/100\n|-resisted|p2a: Empress\n|-damage|p2a: Empress|50\/100\n|-resisted|p2a: Empress\n|-damage|p2a: Empress|45\/100\n|-resisted|p2a: Empress\n|-damage|p2a: Empress|40\/100\n|-hitcount|p2a: Empress|7\n|move|p2a: Empress|Roost|p2a: Empress\n|-heal|p2a: Empress|90\/100\n|-singleturn|p2a: Empress|move: Roost\n|\n|-weather|RainDance|[upkeep]\n|-heal|p2a: Empress|96\/100|[from] item: Leftovers\n|upkeep\n|turn|20\n|c|\u2606micemoments|damn\n|c|\u2606micemoments|i see how she is annoying now\n|\n|t:|1699757201\n|move|p1a: meece|Population Bomb|p2a: Empress\n|-resisted|p2a: Empress\n|-damage|p2a: Empress|91\/100\n|-resisted|p2a: Empress\n|-damage|p2a: Empress|87\/100\n|-resisted|p2a: Empress\n|-damage|p2a: Empress|82\/100\n|-resisted|p2a: Empress\n|-damage|p2a: Empress|78\/100\n|-resisted|p2a: Empress\n|-damage|p2a: Empress|73\/100\n|-resisted|p2a: Empress\n|-damage|p2a: Empress|68\/100\n|-hitcount|p2a: Empress|6\n|move|p2a: Empress|Substitute|p2a: Empress\n|-start|p2a: Empress|Substitute\n|-damage|p2a: Empress|43\/100\n|\n|-weather|RainDance|[upkeep]\n|-heal|p2a: Empress|49\/100|[from] item: Leftovers\n|upkeep\n|turn|21\n|c|\u2606Einzbern640|Sorry about her\n|c|\u2606micemoments|its ok\n|c|\u2606Einzbern640|Her husband just died\n|c|\u2606micemoments|didnt he die 10 rounds ago\n|\n|t:|1699757241\n|move|p1a: meece|Chilling Water|p2a: Empress\n|-resisted|p2a: Empress\n|-activate|p2a: Empress|move: Substitute|[damage]\n|move|p2a: Empress|Roar|p1a: meece\n|drag|p1a: Kingambit|Kingambit, M|88\/100\n|-damage|p1a: Kingambit|82\/100|[from] Stealth Rock\n|-activate|p1a: Kingambit|ability: Supreme Overlord\n|-start|p1a: Kingambit|fallen4|[silent]\n|\n|-weather|RainDance|[upkeep]\n|-heal|p2a: Empress|55\/100|[from] item: Leftovers\n|upkeep\n|turn|22\n|c|\u2606Einzbern640|Yeah she has a hard time moving on\n|\n|t:|1699757270\n|-end|p1a: Kingambit|fallen4|[silent]\n|switch|p1a: meece|Maushold-Four|76\/100\n|-damage|p1a: meece|63\/100|[from] Stealth Rock\n|-terastallize|p2a: Empress|Fairy\n|move|p2a: Empress|Tera Blast|p1a: meece|[anim] Tera Blast Fairy\n|-damage|p1a: meece|18\/100\n|\n|-weather|none\n|-heal|p2a: Empress|61\/100|[from] item: Leftovers\n|upkeep\n|turn|23\n|c|\u2606micemoments|i forgor terra\n|\n|t:|1699757292\n|move|p1a: meece|Chilling Water|p2a: Empress\n|-activate|p2a: Empress|move: Substitute|[damage]\n|move|p2a: Empress|Roar|p1a: meece\n|drag|p1a: Kingambit|Kingambit, M|82\/100\n|-damage|p1a: Kingambit|76\/100|[from] Stealth Rock\n|-activate|p1a: Kingambit|ability: Supreme Overlord\n|-start|p1a: Kingambit|fallen4|[silent]\n|\n|-heal|p2a: Empress|68\/100|[from] item: Leftovers\n|upkeep\n|turn|24\n|c|\u2606micemoments|i fotgot to do it\n|\n|t:|1699757306\n|-end|p1a: Kingambit|fallen4|[silent]\n|switch|p1a: meece|Maushold-Four|18\/100\n|-damage|p1a: meece|6\/100|[from] Stealth Rock\n|move|p2a: Empress|Tera Blast|p1a: meece|[anim] Tera Blast Fairy\n|-damage|p1a: meece|0 fnt\n|faint|p1a: meece\n|\n|-heal|p2a: Empress|74\/100|[from] item: Leftovers\n|upkeep\n|\n|t:|1699757315\n|switch|p1a: Kingambit|Kingambit, M|76\/100\n|-damage|p1a: Kingambit|70\/100|[from] Stealth Rock\n|-activate|p1a: Kingambit|ability: Supreme Overlord\n|-start|p1a: Kingambit|fallen5|[silent]\n|turn|25\n|c|\u2606micemoments|here is where i lose\n|\n|t:|1699757330\n|move|p1a: Kingambit|Sucker Punch|p2a: Empress\n|-resisted|p2a: Empress\n|-end|p2a: Empress|Substitute\n|move|p2a: Empress|Tera Blast|p1a: Kingambit|[anim] Tera Blast Fairy\n|-damage|p1a: Kingambit|38\/100\n|\n|-heal|p2a: Empress|80\/100|[from] item: Leftovers\n|upkeep\n|turn|26\n|c|\u2606Einzbern640|There is still a chance\n|c|\u2606micemoments|yea\n|\n|t:|1699757352\n|move|p2a: Empress|Roost|p2a: Empress\n|-heal|p2a: Empress|100\/100\n|move|p1a: Kingambit|Flash Cannon|p2a: Empress\n|-supereffective|p2a: Empress\n|-damage|p2a: Empress|29\/100\n|\n|-heal|p2a: Empress|35\/100|[from] item: Leftovers\n|upkeep\n|turn|27\n|c|\u2606Einzbern640|yep\n|\n|t:|1699757364\n|move|p1a: Kingambit|Sucker Punch|p2a: Empress\n|-resisted|p2a: Empress\n|-damage|p2a: Empress|14\/100\n|move|p2a: Empress|Tera Blast|p1a: Kingambit|[anim] Tera Blast Fairy\n|-damage|p1a: Kingambit|10\/100\n|\n|-heal|p2a: Empress|20\/100|[from] item: Leftovers\n|upkeep\n|turn|28\n|c|\u2606micemoments|ok maybe there is a chance\n|\n|t:|1699757374\n|move|p2a: Empress|Roost|p2a: Empress\n|-heal|p2a: Empress|70\/100\n|move|p1a: Kingambit|Flash Cannon|p2a: Empress\n|-supereffective|p2a: Empress\n|-damage|p2a: Empress|0 fnt\n|faint|p2a: Empress\n|\n|upkeep\n|c|\u2606Einzbern640|ooh\n|c|\u2606micemoments|yeaaa\n|c|\u2606micemoments|lets go\n|\n|t:|1699757392\n|switch|p2a: Napoleon|Empoleon, M|100\/100\n|turn|29\n|c|\u2606micemoments|he really angry now\n|c|\u2606micemoments|he didnt even need quick claw\n|-activate|p1a: Kingambit|item: Quick Claw\n|\n|t:|1699757406\n|move|p1a: Kingambit|Flash Cannon|p2a: Napoleon\n|-resisted|p2a: Napoleon\n|-damage|p2a: Napoleon|89\/100\n|move|p2a: Napoleon|Liquidation|p1a: Kingambit\n|-damage|p1a: Kingambit|0 fnt\n|faint|p1a: Kingambit\n|-end|p1a: Kingambit|fallen5|[silent]\n|-damage|p2a: Napoleon|79\/100|[from] item: Life Orb\n|\n|win|Einzbern640\n|raw|micemoments's rating: 1073 &rarr; <strong>1058<\/strong><br \/>(-15 for losing)\n|raw|Einzbern640's rating: 1179 &rarr; <strong>1197<\/strong><br \/>(+18 for winning)\n|c|\u2606Einzbern640|bro\n|c|\u2606micemoments|yike\n|c|\u2606micemoments|ggs\n|c|\u2606Einzbern640|why flash cannon lol\n|c|\u2606Einzbern640|gg\n|c|\u2606micemoments|idk\n|c|\u2606Einzbern640|that was fun\n|c|\u2606micemoments|was super effective against last one and i forgot terra into fairy\n|c|\u2606micemoments|so yea\n|c|\u2606micemoments|it was fun\n|c|\u2606micemoments|see ya\n|c|\u2606Einzbern640|See ya\n|l|\u2606micemoments\n","uploadtime":1699757472,"views":4,"p1id":"micemoments","p2id":"einzbern640","formatid":"gen9anythinggoes","rating":1058,"private":0,"password":""}