{"id":"gen9anythinggoes-1978002522","p1":"Maka_bae","p2":"alexandernz","format":"[Gen 9] Anything Goes","log":"|j|\u203dMaka_bae\n|j|\u2606alexandernz\n|t:|1698482244\n|gametype|singles\n|player|p1|Maka_bae|170|1446\n|player|p2|alexandernz|266|1388\n|teamsize|p1|6\n|teamsize|p2|6\n|gen|9\n|tier|[Gen 9] Anything Goes\n|rated|\n|rule|HP Percentage Mod: HP is shown in percentages\n|rule|Endless Battle Clause: Forcing endless battles is banned\n|clearpoke\n|poke|p1|Kyogre|\n|poke|p1|Kyogre|\n|poke|p1|Kyogre|\n|poke|p1|Kyogre|\n|poke|p1|Kyogre|\n|poke|p1|Kyogre|\n|poke|p2|Calyrex-Shadow|\n|poke|p2|Arceus-Fairy|\n|poke|p2|Kyogre|\n|poke|p2|Groudon|\n|poke|p2|Koraidon|\n|poke|p2|Regieleki|\n|teampreview\n|inactive|Battle timer is ON: inactive players will automatically lose when time's up. (requested by Maka_bae)\n|\n|t:|1698482253\n|start\n|switch|p1a: Kyogre|Kyogre|100\/100\n|switch|p2a: Kyogre|Kyogre|100\/100\n|-weather|RainDance|[from] ability: Drizzle|[of] p1a: Kyogre\n|turn|1\n|\n|t:|1698482262\n|move|p1a: Kyogre|Thunder|p2a: Kyogre\n|-supereffective|p2a: Kyogre\n|-damage|p2a: Kyogre|34\/100\n|-status|p2a: Kyogre|par\n|move|p2a: Kyogre|Thunder|p1a: Kyogre\n|-supereffective|p1a: Kyogre\n|-damage|p1a: Kyogre|8\/100\n|\n|-weather|RainDance|[upkeep]\n|upkeep\n|turn|2\n|\n|t:|1698482272\n|move|p1a: Kyogre|Thunder|p2a: Kyogre\n|-supereffective|p2a: Kyogre\n|-damage|p2a: Kyogre|0 fnt\n|faint|p2a: Kyogre\n|\n|-weather|RainDance|[upkeep]\n|upkeep\n|\n|t:|1698482276\n|switch|p2a: Arceus|Arceus-Fairy|100\/100\n|turn|3\n|\n|t:|1698482281\n|move|p2a: Arceus|Extreme Speed|p1a: Kyogre\n|-damage|p1a: Kyogre|0 fnt\n|faint|p1a: Kyogre\n|\n|-weather|RainDance|[upkeep]\n|upkeep\n|\n|t:|1698482287\n|switch|p1a: Kyogre|Kyogre|100\/100\n|turn|4\n|\n|t:|1698482293\n|move|p1a: Kyogre|Water Spout|p2a: Arceus\n|-damage|p2a: Arceus|0 fnt\n|faint|p2a: Arceus\n|\n|-weather|RainDance|[upkeep]\n|upkeep\n|\n|t:|1698482298\n|switch|p2a: Regieleki|Regieleki|100\/100\n|turn|5\n|\n|t:|1698482302\n|move|p2a: Regieleki|Thunder|p1a: Kyogre\n|-supereffective|p1a: Kyogre\n|-damage|p1a: Kyogre|0 fnt\n|faint|p1a: Kyogre\n|\n|-weather|none\n|upkeep\n|\n|t:|1698482311\n|switch|p1a: Kyogre|Kyogre|100\/100\n|-weather|RainDance|[from] ability: Drizzle|[of] p1a: Kyogre\n|turn|6\n|\n|t:|1698482316\n|-terastallize|p1a: Kyogre|Ground\n|move|p2a: Regieleki|Thunder|p1a: Kyogre\n|-immune|p1a: Kyogre\n|move|p1a: Kyogre|Water Spout|p2a: Regieleki\n|-damage|p2a: Regieleki|0 fnt\n|faint|p2a: Regieleki\n|\n|-weather|RainDance|[upkeep]\n|upkeep\n|\n|t:|1698482328\n|switch|p2a: Calyrex|Calyrex-Shadow|100\/100\n|-ability|p2a: Calyrex|As One\n|-ability|p2a: Calyrex|Unnerve\n|turn|7\n|\n|t:|1698482334\n|move|p1a: Kyogre|Water Spout|p2a: Calyrex\n|-damage|p2a: Calyrex|0 fnt\n|faint|p2a: Calyrex\n|\n|-weather|RainDance|[upkeep]\n|upkeep\n|\n|t:|1698482339\n|switch|p2a: Groudon|Groudon|100\/100\n|-weather|SunnyDay|[from] ability: Drought|[of] p2a: Groudon\n|turn|8\n|\n|t:|1698482347\n|switch|p1a: Kyogre|Kyogre|100\/100\n|-weather|RainDance|[from] ability: Drizzle|[of] p1a: Kyogre\n|move|p2a: Groudon|Solar Beam||[still]\n|-prepare|p2a: Groudon|Solar Beam\n|\n|-weather|RainDance|[upkeep]\n|upkeep\n|turn|9\n|\n|t:|1698482359\n|move|p1a: Kyogre|Water Spout|p2a: Groudon\n|-supereffective|p2a: Groudon\n|-damage|p2a: Groudon|0 fnt\n|faint|p2a: Groudon\n|\n|-weather|RainDance|[upkeep]\n|upkeep\n|\n|t:|1698482363\n|switch|p2a: Koraidon|Koraidon|100\/100\n|-weather|SunnyDay|[from] ability: Orichalcum Pulse|[of] p2a: Koraidon\n|-activate|p2a: Koraidon|Orichalcum Pulse|[source]\n|turn|10\n|\n|t:|1698482376\n|switch|p1a: Kyogre|Kyogre|100\/100\n|-weather|RainDance|[from] ability: Drizzle|[of] p1a: Kyogre\n|move|p2a: Koraidon|Scale Shot|p1a: Kyogre\n|-damage|p1a: Kyogre|86\/100\n|-damage|p1a: Kyogre|72\/100\n|-damage|p1a: Kyogre|57\/100\n|-damage|p1a: Kyogre|42\/100\n|-hitcount|p1a: Kyogre|4\n|-unboost|p2a: Koraidon|def|1\n|-boost|p2a: Koraidon|spe|1\n|\n|-weather|RainDance|[upkeep]\n|upkeep\n|turn|11\n|\n|t:|1698482390\n|move|p2a: Koraidon|Scale Shot|p1a: Kyogre\n|-damage|p1a: Kyogre|28\/100\n|-damage|p1a: Kyogre|12\/100\n|-damage|p1a: Kyogre|0 fnt\n|faint|p1a: Kyogre\n|-hitcount|p1: Kyogre|3\n|-unboost|p2a: Koraidon|def|1\n|-boost|p2a: Koraidon|spe|1\n|\n|-weather|RainDance|[upkeep]\n|upkeep\n|\n|t:|1698482401\n|switch|p1a: Kyogre|Kyogre, tera:Ground|100\/100\n|turn|12\n|\n|t:|1698482405\n|move|p2a: Koraidon|Scale Shot|p1a: Kyogre\n|-damage|p1a: Kyogre|86\/100\n|-damage|p1a: Kyogre|72\/100\n|-damage|p1a: Kyogre|58\/100\n|-damage|p1a: Kyogre|42\/100\n|-hitcount|p1a: Kyogre|4\n|-unboost|p2a: Koraidon|def|1\n|-boost|p2a: Koraidon|spe|1\n|move|p1a: Kyogre|Ice Beam|p2a: Koraidon\n|-supereffective|p2a: Koraidon\n|-damage|p2a: Koraidon|34\/100\n|\n|-weather|RainDance|[upkeep]\n|upkeep\n|turn|13\n|\n|t:|1698482418\n|move|p2a: Koraidon|Scale Shot|p1a: Kyogre\n|-damage|p1a: Kyogre|27\/100\n|-damage|p1a: Kyogre|13\/100\n|-damage|p1a: Kyogre|0 fnt\n|faint|p1a: Kyogre\n|-hitcount|p1: Kyogre|3\n|-unboost|p2a: Koraidon|def|1\n|-boost|p2a: Koraidon|spe|1\n|\n|-weather|RainDance|[upkeep]\n|upkeep\n|\n|t:|1698482429\n|switch|p1a: Kyogre|Kyogre|100\/100\n|turn|14\n|\n|t:|1698482432\n|move|p2a: Koraidon|Scale Shot|p1a: Kyogre\n|-damage|p1a: Kyogre|86\/100\n|-damage|p1a: Kyogre|72\/100\n|-damage|p1a: Kyogre|58\/100\n|-damage|p1a: Kyogre|43\/100\n|-hitcount|p1a: Kyogre|4\n|-unboost|p2a: Koraidon|def|1\n|-boost|p2a: Koraidon|spe|1\n|move|p1a: Kyogre|Ice Beam|p2a: Koraidon\n|-supereffective|p2a: Koraidon\n|-damage|p2a: Koraidon|0 fnt\n|faint|p2a: Koraidon\n|\n|win|Maka_bae\n|raw|Maka_bae's rating: 1446 &rarr; <strong>1463<\/strong><br \/>(+17 for winning)\n|raw|alexandernz's rating: 1388 &rarr; <strong>1371<\/strong><br \/>(-17 for losing)\n|l|\u2606alexandernz\n","uploadtime":1698482569,"views":10,"p1id":"makabae","p2id":"alexandernz","formatid":"gen9anythinggoes","rating":1371,"private":0,"password":""}