{"id":"gen9anythinggoes-1989075409","p1":"ImATrollAtThisGame","p2":"ibex PU player","format":"[Gen 9] Anything Goes","log":"|j|\u2606ImATrollAtThisGame\n|j|\u2606ibex PU player\n|t:|1699809481\n|gametype|singles\n|player|p1|ImATrollAtThisGame|clown|1305\n|player|p2|ibex PU player|veteran|1324\n|teamsize|p1|6\n|teamsize|p2|6\n|gen|9\n|tier|[Gen 9] Anything Goes\n|rated|\n|rule|HP Percentage Mod: HP is shown in percentages\n|rule|Endless Battle Clause: Forcing endless battles is banned\n|clearpoke\n|poke|p1|Donphan, L1, F|\n|poke|p1|Sneasler, M|\n|poke|p1|Hawlucha, F|\n|poke|p1|Arceus-Ghost|\n|poke|p1|Hatterene, F|\n|poke|p1|Gliscor, F|\n|poke|p2|Vivillon-Pokeball, M|\n|poke|p2|Ditto|\n|poke|p2|Numel, F|\n|poke|p2|Dachsbun, F|\n|poke|p2|Sableye, M|\n|poke|p2|Appletun, F|\n|teampreview\n|inactive|Battle timer is ON: inactive players will automatically lose when time's up. (requested by ImATrollAtThisGame)\n|\n|t:|1699809504\n|start\n|switch|p1a: Hatterene|Hatterene, F|100\/100\n|switch|p2a: Vivillon|Vivillon-Pokeball, M|100\/100\n|turn|1\n|\n|t:|1699809515\n|switch|p2a: Sableye|Sableye, M|100\/100\n|move|p1a: Hatterene|Nuzzle|p2a: Sableye\n|-damage|p2a: Sableye|94\/100\n|-status|p2a: Sableye|par\n|\n|upkeep\n|turn|2\n|\n|t:|1699809518\n|move|p2a: Sableye|Light Screen|p2a: Sableye\n|-sidestart|p2: ibex PU player|move: Light Screen\n|move|p1a: Hatterene|Light Screen|p1a: Hatterene\n|-sidestart|p1: ImATrollAtThisGame|move: Light Screen\n|\n|upkeep\n|turn|3\n|\n|t:|1699809521\n|move|p1a: Hatterene|Reflect|p1a: Hatterene\n|-sidestart|p1: ImATrollAtThisGame|Reflect\n|move|p2a: Sableye|Knock Off|p1a: Hatterene\n|-damage|p1a: Hatterene|85\/100\n|-enditem|p1a: Hatterene|Light Clay|[from] move: Knock Off|[of] p2a: Sableye\n|\n|upkeep\n|turn|4\n|\n|t:|1699809541\n|switch|p1a: Hawlucha|Hawlucha, F|100\/100\n|move|p2a: Sableye|Reflect|p2a: Sableye\n|-sidestart|p2: ibex PU player|Reflect\n|\n|upkeep\n|turn|5\n|\n|t:|1699809548\n|move|p2a: Sableye|Will-O-Wisp|p1a: Hawlucha\n|-status|p1a: Hawlucha|brn\n|move|p1a: Hawlucha|Swords Dance|p1a: Hawlucha\n|-boost|p1a: Hawlucha|atk|2\n|\n|-damage|p1a: Hawlucha|94\/100 brn|[from] brn\n|upkeep\n|turn|6\n|\n|t:|1699809552\n|switch|p2a: Dachsbun|Dachsbun, F|100\/100\n|move|p1a: Hawlucha|Swords Dance|p1a: Hawlucha\n|-boost|p1a: Hawlucha|atk|2\n|\n|-damage|p1a: Hawlucha|88\/100 brn|[from] brn\n|upkeep\n|turn|7\n|\n|t:|1699809555\n|move|p1a: Hawlucha|Swords Dance|p1a: Hawlucha\n|-boost|p1a: Hawlucha|atk|2\n|move|p2a: Dachsbun|Roar|p1a: Hawlucha\n|drag|p1a: Gliscor|Gliscor, F|100\/100\n|\n|-status|p1a: Gliscor|tox|[from] item: Toxic Orb\n|upkeep\n|turn|8\n|\n|t:|1699809560\n|switch|p2a: Appletun|Appletun, F|100\/100\n|move|p1a: Gliscor|Toxic|p2a: Appletun\n|-status|p2a: Appletun|tox\n|\n|-damage|p2a: Appletun|94\/100 tox|[from] psn\n|upkeep\n|turn|9\n|\n|t:|1699809565\n|move|p1a: Gliscor|Protect|p1a: Gliscor\n|-singleturn|p1a: Gliscor|Protect\n|move|p2a: Appletun|Leech Seed|p1a: Gliscor\n|-activate|p1a: Gliscor|move: Protect\n|\n|-heal|p2a: Appletun|100\/100 tox|[from] item: Leftovers\n|-damage|p2a: Appletun|88\/100 tox|[from] psn\n|-sideend|p2: ibex PU player|move: Light Screen\n|-sideend|p1: ImATrollAtThisGame|move: Light Screen\n|upkeep\n|turn|10\n|\n|t:|1699809574\n|switch|p2a: Vivillon|Vivillon-Pokeball, M|100\/100\n|move|p1a: Gliscor|Substitute|p1a: Gliscor\n|-start|p1a: Gliscor|Substitute\n|-damage|p1a: Gliscor|76\/100 tox\n|\n|-heal|p1a: Gliscor|88\/100 tox|[from] ability: Poison Heal\n|-sideend|p1: ImATrollAtThisGame|Reflect\n|upkeep\n|turn|11\n|\n|t:|1699809578\n|move|p1a: Gliscor|Toxic|p2a: Vivillon\n|-status|p2a: Vivillon|tox\n|move|p2a: Vivillon|Substitute|p2a: Vivillon\n|-start|p2a: Vivillon|Substitute\n|-damage|p2a: Vivillon|76\/100 tox\n|\n|-heal|p2a: Vivillon|82\/100 tox|[from] item: Leftovers\n|-heal|p1a: Gliscor|100\/100 tox|[from] ability: Poison Heal\n|-damage|p2a: Vivillon|76\/100 tox|[from] psn\n|-sideend|p2: ibex PU player|Reflect\n|upkeep\n|turn|12\n|c|\u2606ibex PU player|cancer has an entirely new meaning now\n|-message|ibex PU player forfeited.\n|\n|win|ImATrollAtThisGame\n|raw|ImATrollAtThisGame's rating: 1305 &rarr; <strong>1326<\/strong><br \/>(+21 for winning)\n|raw|ibex PU player's rating: 1324 &rarr; <strong>1303<\/strong><br \/>(-21 for losing)\n|l|\u2606ibex PU player\n|c|\u2606ImATrollAtThisGame|lolll\n","uploadtime":1699809603,"views":10,"p1id":"imatrollatthisgame","p2id":"ibexpuplayer","formatid":"gen9anythinggoes","rating":1303,"private":0,"password":""}