{"id":"gen9anythinggoes-1978003459","p1":"Maka_bae","p2":"AGisgood\u82cd\u54cd\u4fa0","format":"[Gen 9] Anything Goes","log":"|j|\u203dMaka_bae\n|j|\u2606AGisgood\u82cd\u54cd\u4fa0\n|t:|1698482439\n|gametype|singles\n|player|p1|Maka_bae|170|1463\n|player|p2|AGisgood\u82cd\u54cd\u4fa0|cynthia-gen4|1659\n|teamsize|p1|6\n|teamsize|p2|6\n|gen|9\n|tier|[Gen 9] Anything Goes\n|rated|\n|rule|HP Percentage Mod: HP is shown in percentages\n|rule|Endless Battle Clause: Forcing endless battles is banned\n|clearpoke\n|poke|p1|Kyogre|\n|poke|p1|Kyogre|\n|poke|p1|Kyogre|\n|poke|p1|Kyogre|\n|poke|p1|Kyogre|\n|poke|p1|Kyogre|\n|poke|p2|Arceus|\n|poke|p2|Calyrex-Shadow|\n|poke|p2|Koraidon|\n|poke|p2|Ting-Lu|\n|poke|p2|Dondozo, F|\n|poke|p2|Zacian-*|\n|teampreview\n|inactive|Battle timer is ON: inactive players will automatically lose when time's up. (requested by AGisgood\u82cd\u54cd\u4fa0)\n|\n|t:|1698482469\n|start\n|switch|p1a: Kyogre|Kyogre|100\/100\n|switch|p2a: Arceus|Arceus|100\/100\n|-weather|RainDance|[from] ability: Drizzle|[of] p1a: Kyogre\n|turn|1\n|\n|t:|1698482476\n|move|p2a: Arceus|Extreme Speed|p1a: Kyogre\n|-damage|p1a: Kyogre|51\/100\n|move|p1a: Kyogre|Water Spout|p2a: Arceus\n|-damage|p2a: Arceus|55\/100\n|\n|-weather|RainDance|[upkeep]\n|-heal|p2a: Arceus|61\/100|[from] item: Leftovers\n|upkeep\n|turn|2\n|\n|t:|1698482492\n|move|p2a: Arceus|Extreme Speed|p1a: Kyogre\n|-damage|p1a: Kyogre|7\/100\n|move|p1a: Kyogre|Water Spout|p2a: Arceus\n|-damage|p2a: Arceus|56\/100\n|\n|-weather|RainDance|[upkeep]\n|-heal|p2a: Arceus|62\/100|[from] item: Leftovers\n|upkeep\n|turn|3\n|\n|t:|1698482502\n|switch|p1a: Kyogre|Kyogre|100\/100\n|move|p2a: Arceus|Swords Dance|p2a: Arceus\n|-boost|p2a: Arceus|atk|2\n|\n|-weather|RainDance|[upkeep]\n|-heal|p2a: Arceus|68\/100|[from] item: Leftovers\n|upkeep\n|turn|4\n|\n|t:|1698482511\n|move|p2a: Arceus|Extreme Speed|p1a: Kyogre\n|-damage|p1a: Kyogre|0 fnt\n|faint|p1a: Kyogre\n|\n|-weather|RainDance|[upkeep]\n|-heal|p2a: Arceus|74\/100|[from] item: Leftovers\n|upkeep\n|\n|t:|1698482518\n|switch|p1a: Kyogre|Kyogre|100\/100\n|turn|5\n|\n|t:|1698482525\n|move|p2a: Arceus|Extreme Speed|p1a: Kyogre\n|-damage|p1a: Kyogre|1\/100\n|move|p1a: Kyogre|Origin Pulse|p2a: Arceus|[miss]\n|-miss|p1a: Kyogre|p2a: Arceus\n|\n|-weather|none\n|-heal|p2a: Arceus|80\/100|[from] item: Leftovers\n|upkeep\n|turn|6\n|\n|t:|1698482534\n|move|p2a: Arceus|Extreme Speed|p1a: Kyogre\n|-damage|p1a: Kyogre|0 fnt\n|faint|p1a: Kyogre\n|\n|-heal|p2a: Arceus|86\/100|[from] item: Leftovers\n|upkeep\n|\n|t:|1698482541\n|switch|p1a: Kyogre|Kyogre|100\/100\n|-weather|RainDance|[from] ability: Drizzle|[of] p1a: Kyogre\n|turn|7\n|\n|t:|1698482547\n|move|p2a: Arceus|Extreme Speed|p1a: Kyogre\n|-damage|p1a: Kyogre|13\/100\n|move|p1a: Kyogre|Origin Pulse|p2a: Arceus\n|-damage|p2a: Arceus|28\/100\n|\n|-weather|RainDance|[upkeep]\n|-heal|p2a: Arceus|35\/100|[from] item: Leftovers\n|upkeep\n|turn|8\n|\n|t:|1698482556\n|move|p2a: Arceus|Extreme Speed|p1a: Kyogre\n|-damage|p1a: Kyogre|0 fnt\n|faint|p1a: Kyogre\n|\n|-weather|RainDance|[upkeep]\n|-heal|p2a: Arceus|41\/100|[from] item: Leftovers\n|upkeep\n|\n|t:|1698482565\n|switch|p1a: Kyogre|Kyogre|100\/100\n|turn|9\n|\n|t:|1698482568\n|move|p2a: Arceus|Extreme Speed|p1a: Kyogre\n|-damage|p1a: Kyogre|7\/100\n|move|p1a: Kyogre|Origin Pulse|p2a: Arceus\n|-damage|p2a: Arceus|0 fnt\n|faint|p2a: Arceus\n|\n|-weather|RainDance|[upkeep]\n|upkeep\n|\n|t:|1698482574\n|switch|p2a: Koraidon|Koraidon|100\/100\n|-weather|SunnyDay|[from] ability: Orichalcum Pulse|[of] p2a: Koraidon\n|-activate|p2a: Koraidon|Orichalcum Pulse|[source]\n|turn|10\n|\n|t:|1698482582\n|move|p2a: Koraidon|U-turn|p1a: Kyogre\n|-damage|p1a: Kyogre|0 fnt\n|faint|p1a: Kyogre\n|-message|Maka_bae forfeited.\n|\n|win|AGisgood\u82cd\u54cd\u4fa0\n|raw|Maka_bae's rating: 1463 &rarr; <strong>1453<\/strong><br \/>(-10 for losing)\n|raw|AGisgood\u82cd\u54cd\u4fa0's rating: 1659 &rarr; <strong>1669<\/strong><br \/>(+10 for winning)\n|l|\u203dMaka_bae\n","uploadtime":1698482616,"views":13,"p1id":"makabae","p2id":"agisgood","formatid":"gen9anythinggoes","rating":1453,"private":0,"password":""}