{"id":"gen9anythinggoes-1999119627","p1":"Silverwolf3030","p2":"sparkiestjolteon","format":"[Gen 9] Anything Goes","log":"|j|\u2606Silverwolf3030\n|j|\u2606sparkiestjolteon\n|t:|1701035234\n|gametype|singles\n|player|p1|Silverwolf3030|medium|\n|player|p2|sparkiestjolteon|waitress|\n|teamsize|p1|6\n|teamsize|p2|6\n|gen|9\n|tier|[Gen 9] Anything Goes\n|rule|HP Percentage Mod: HP is shown in percentages\n|rule|Endless Battle Clause: Forcing endless battles is banned\n|clearpoke\n|poke|p1|Brute Bonnet|\n|poke|p1|Cryogonal|\n|poke|p1|Tinkaton, F|\n|poke|p1|Hawlucha, F|\n|poke|p1|Eelektross, M|\n|poke|p1|Armarouge, F|\n|poke|p2|Toxtricity, M|\n|poke|p2|Kilowattrel, M|\n|poke|p2|Haxorus, F|\n|poke|p2|Dachsbun, F|\n|poke|p2|Klefki, M|\n|poke|p2|Pyroar, F|\n|teampreview\n|j| Bird.gov\n|j| TBarnsley\n|j| UltimoTheNerd\n|j| Vincenrepeat\n|\n|t:|1701035438\n|start\n|switch|p1a: Cloth|Tinkaton, F|100\/100\n|switch|p2a: Marie|Haxorus, F, shiny|100\/100\n|-ability|p2a: Marie|Mold Breaker\n|-ability|p1a: Cloth|Mold Breaker\n|turn|1\n|c| Vincenrepeat|Intense Staredown\n|c| Bird.gov|always blame lag\n|\n|t:|1701035642\n|switch|p2a: Vitani|Pyroar, F|100\/100\n|-ability|p2a: Vitani|Unnerve\n|move|p1a: Cloth|Fake Out|p2a: Vitani\n|-damage|p2a: Vitani|85\/100\n|\n|upkeep\n|turn|2\n|\n|t:|1701035660\n|switch|p1a: \u00c5l|Eelektross, M|100\/100\n|move|p2a: Vitani|Fire Blast|p1a: \u00c5l\n|-damage|p1a: \u00c5l|51\/100\n|-status|p1a: \u00c5l|brn\n|-damage|p2a: Vitani|76\/100|[from] item: Life Orb\n|\n|-damage|p1a: \u00c5l|45\/100 brn|[from] brn\n|upkeep\n|turn|3\n|c| Vincenrepeat|Thats where Abi's rng went\n|\n|t:|1701035735\n|move|p2a: Vitani|Fire Blast|p1a: \u00c5l\n|-damage|p1a: \u00c5l|0 fnt\n|faint|p1a: \u00c5l\n|-damage|p2a: Vitani|66\/100|[from] item: Life Orb\n|\n|upkeep\n|\n|t:|1701035748\n|switch|p1a: El Macho|Hawlucha, F, shiny|100\/100\n|turn|4\n|l| Vincenrepeat\n|j| Vincenrepeat\n|\n|t:|1701035891\n|switch|p2a: Jingles|Klefki, M|100\/100\n|move|p1a: El Macho|Close Combat|p2a: Jingles\n|-damage|p2a: Jingles|45\/100\n|-unboost|p1a: El Macho|def|1\n|-unboost|p1a: El Macho|spd|1\n|\n|upkeep\n|turn|5\n|\n|t:|1701035907\n|move|p2a: Jingles|Reflect|p2a: Jingles\n|-sidestart|p2: sparkiestjolteon|Reflect\n|move|p1a: El Macho|Close Combat|p2a: Jingles\n|-damage|p2a: Jingles|16\/100\n|-unboost|p1a: El Macho|def|1\n|-unboost|p1a: El Macho|spd|1\n|\n|upkeep\n|turn|6\n|l| Vincenrepeat\n|j| Vincenrepeat\n|\n|t:|1701036085\n|move|p2a: Jingles|Thunder Wave|p1a: El Macho\n|-immune|p1a: El Macho|[from] ability: Limber\n|move|p1a: El Macho|Close Combat|p2a: Jingles\n|-damage|p2a: Jingles|0 fnt\n|-unboost|p1a: El Macho|def|1\n|-unboost|p1a: El Macho|spd|1\n|faint|p2a: Jingles\n|\n|upkeep\n|\n|t:|1701036103\n|switch|p2a: chuck|Kilowattrel, M|100\/100\n|turn|7\n|\n|t:|1701036165\n|switch|p1a: Cloth|Tinkaton, F|100\/100\n|-ability|p1a: Cloth|Mold Breaker\n|move|p2a: chuck|Tailwind|p2a: chuck\n|-sidestart|p2: sparkiestjolteon|move: Tailwind\n|-start|p2a: chuck|Charge|Tailwind|[from] ability: Wind Power\n|\n|upkeep\n|turn|8\n|\n|t:|1701036194\n|switch|p2a: Vitani|Pyroar, F|66\/100\n|-ability|p2a: Vitani|Unnerve\n|move|p1a: Cloth|Brick Break|p2a: Vitani\n|-sideend|p2: sparkiestjolteon|Reflect\n|-supereffective|p2a: Vitani\n|-damage|p2a: Vitani|18\/100\n|\n|upkeep\n|turn|9\n|\n|t:|1701036209\n|switch|p1a: Prometheus|Armarouge, F|100\/100\n|move|p2a: Vitani|Fire Blast|p1a: Prometheus|[miss]\n|-miss|p2a: Vitani|p1a: Prometheus\n|\n|upkeep\n|turn|10\n|j| spookacho\n|\n|t:|1701036236\n|move|p2a: Vitani|Dark Pulse|p1a: Prometheus\n|-supereffective|p1a: Prometheus\n|-damage|p1a: Prometheus|9\/100\n|-damage|p2a: Vitani|8\/100|[from] item: Life Orb\n|move|p1a: Prometheus|Psychic|p2a: Vitani\n|-damage|p2a: Vitani|0 fnt\n|faint|p2a: Vitani\n|\n|-sideend|p2: sparkiestjolteon|move: Tailwind\n|upkeep\n|l| Vincenrepeat\n|j| Vincenrepeat\n|j| ThorbsIRM\n|\n|t:|1701036461\n|switch|p2a: I know what u are.|Dachsbun, F|100\/100\n|turn|11\n|c| Bird.gov|homosexual bread\n|\n|t:|1701036571\n|move|p1a: Prometheus|Psychic|p2a: I know what u are.\n|-crit|p2a: I know what u are.\n|-damage|p2a: I know what u are.|7\/100\n|move|p2a: I know what u are.|Body Press|p1a: Prometheus\n|-resisted|p1a: Prometheus\n|-damage|p1a: Prometheus|0 fnt\n|faint|p1a: Prometheus\n|\n|-heal|p2a: I know what u are.|13\/100|[from] item: Leftovers\n|upkeep\n|\n|t:|1701036584\n|switch|p1a: Cloth|Tinkaton, F|100\/100\n|-ability|p1a: Cloth|Mold Breaker\n|turn|12\n|\n|t:|1701036598\n|move|p2a: I know what u are.|Protect|p2a: I know what u are.\n|-singleturn|p2a: I know what u are.|Protect\n|move|p1a: Cloth|Fake Out|p2a: I know what u are.\n|-activate|p2a: I know what u are.|move: Protect\n|\n|-heal|p2a: I know what u are.|19\/100|[from] item: Leftovers\n|upkeep\n|turn|13\n|c| Bird.gov|\"I feel like I'm twerking the fuck out\"\n|c| Bird.gov|-Addict, according to Tom\n|c| UltimoTheNerd|Tom hears what he wants to hear\n|\n|t:|1701036652\n|move|p1a: Cloth|Stealth Rock|p2a: I know what u are.\n|-sidestart|p2: sparkiestjolteon|move: Stealth Rock\n|move|p2a: I know what u are.|Body Press|p1a: Cloth\n|-damage|p1a: Cloth|65\/100\n|\n|-heal|p2a: I know what u are.|25\/100|[from] item: Leftovers\n|upkeep\n|turn|14\n|l| ThorbsIRM\n|j| ThorbsIRM\n|\n|t:|1701036669\n|switch|p1a: El Macho|Hawlucha, F, shiny|100\/100\n|move|p2a: I know what u are.|Protect||[still]\n|-fail|p2a: I know what u are.\n|\n|-heal|p2a: I know what u are.|31\/100|[from] item: Leftovers\n|upkeep\n|turn|15\n|\n|t:|1701036724\n|move|p1a: El Macho|Iron Head|p2a: I know what u are.\n|-supereffective|p2a: I know what u are.\n|-damage|p2a: I know what u are.|0 fnt\n|faint|p2a: I know what u are.\n|\n|upkeep\n|\n|t:|1701036798\n|switch|p2a: Marie|Haxorus, F, shiny|100\/100\n|-damage|p2a: Marie|88\/100|[from] Stealth Rock\n|-ability|p2a: Marie|Mold Breaker\n|turn|16\n|\n|t:|1701036811\n|move|p1a: El Macho|Iron Head|p2a: Marie\n|-damage|p2a: Marie|56\/100\n|move|p2a: Marie|Outrage|p1a: El Macho\n|-crit|p1a: El Macho\n|-damage|p1a: El Macho|0 fnt\n|faint|p1a: El Macho\n|\n|upkeep\n|\n|t:|1701036816\n|switch|p1a: Cloth|Tinkaton, F|65\/100\n|-ability|p1a: Cloth|Mold Breaker\n|turn|17\n|\n|t:|1701036837\n|move|p2a: Marie|Outrage|p1a: Cloth|[from]lockedmove\n|-immune|p1a: Cloth\n|-start|p2a: Marie|confusion|[fatigue]\n|move|p1a: Cloth|Play Rough|p2a: Marie\n|-supereffective|p2a: Marie\n|-damage|p2a: Marie|0 fnt\n|faint|p2a: Marie\n|\n|upkeep\n|\n|t:|1701036944\n|switch|p2a: chuck|Kilowattrel, M|100\/100\n|-damage|p2a: chuck|76\/100|[from] Stealth Rock\n|turn|18\n|\n|t:|1701037073\n|move|p2a: chuck|Thunderbolt|p1a: Cloth\n|-damage|p1a: Cloth|19\/100\n|-status|p1a: Cloth|par\n|move|p1a: Cloth|Play Rough|p2a: chuck\n|-damage|p2a: chuck|14\/100\n|-enditem|p2a: chuck|Eject Button\n|\n|t:|1701037081\n|switch|p2a: Stereo|Toxtricity, M|100\/100\n|-damage|p2a: Stereo|88\/100|[from] Stealth Rock\n|\n|upkeep\n|turn|19\n|\n|t:|1701037107\n|switch|p1a: Zane|Cryogonal, shiny|100\/100\n|move|p2a: Stereo|Boomburst|p1a: Zane\n|-damage|p1a: Zane|15\/100\n|\n|upkeep\n|turn|20\n|\n|t:|1701037118\n|-terastallize|p2a: Stereo|Normal\n|move|p1a: Zane|Ice Beam|p2a: Stereo\n|-damage|p2a: Stereo|0 fnt\n|faint|p2a: Stereo\n|\n|upkeep\n|\n|t:|1701037143\n|switch|p2a: chuck|Kilowattrel, M|14\/100\n|-damage|p2a: chuck|0 fnt|[from] Stealth Rock\n|faint|p2a: chuck\n|\n|win|Silverwolf3030\n","uploadtime":1701037150,"views":22,"p1id":"silverwolf3030","p2id":"sparkiestjolteon","formatid":"gen9anythinggoes","rating":0,"private":0,"password":""}