{"id":"gen9anythinggoes-1983566246","p1":"Blue Sharpie 06","p2":"Atomina","format":"[Gen 9] Anything Goes","log":"|j|\u2606Blue Sharpie 06\n|j|\u2606Atomina\n|t:|1699144122\n|gametype|singles\n|player|p1|Blue Sharpie 06|giovanni|1477\n|player|p2|Atomina|burglar|1395\n|teamsize|p1|6\n|teamsize|p2|6\n|gen|9\n|tier|[Gen 9] Anything Goes\n|rated|\n|rule|HP Percentage Mod: HP is shown in percentages\n|rule|Endless Battle Clause: Forcing endless battles is banned\n|clearpoke\n|poke|p1|Calyrex-Shadow|\n|poke|p1|Cyclizar, F|\n|poke|p1|Alomomola, M|\n|poke|p1|Annihilape, M|\n|poke|p1|Volcarona, M|\n|poke|p1|Arceus|\n|poke|p2|Glimmora, F|\n|poke|p2|Urshifu-*, F|\n|poke|p2|Corviknight, F|\n|poke|p2|Iron Leaves|\n|poke|p2|Miraidon|\n|poke|p2|Koraidon|\n|teampreview\n|inactive|Battle timer is ON: inactive players will automatically lose when time's up. (requested by Blue Sharpie 06)\n|c|\u2606Blue Sharpie 06|Hf\n|\n|t:|1699144137\n|start\n|switch|p1a: Cyclizar|Cyclizar, F, shiny|100\/100\n|switch|p2a: Koraidon|Koraidon|100\/100\n|-weather|SunnyDay|[from] ability: Orichalcum Pulse|[of] p2a: Koraidon\n|-activate|p2a: Koraidon|Orichalcum Pulse|[source]\n|turn|1\n|\n|t:|1699144148\n|move|p1a: Cyclizar|Shed Tail|p1a: Cyclizar\n|-start|p1a: Cyclizar|Substitute|[from] move: Shed Tail\n|-damage|p1a: Cyclizar|50\/100\n|\n|t:|1699144152\n|switch|p1a: Calyrex|Calyrex-Shadow|100\/100|[from] Shed Tail\n|-ability|p1a: Calyrex|As One\n|-ability|p1a: Calyrex|Unnerve\n|move|p2a: Koraidon|Swords Dance|p2a: Koraidon\n|-boost|p2a: Koraidon|atk|2\n|\n|-weather|SunnyDay|[upkeep]\n|upkeep\n|turn|2\n|\n|t:|1699144164\n|-terastallize|p2a: Koraidon|Normal\n|move|p1a: Calyrex|Draining Kiss|p2a: Koraidon\n|-damage|p2a: Koraidon|81\/100\n|move|p2a: Koraidon|Scale Shot|p1a: Calyrex|[miss]\n|-miss|p2a: Koraidon|p1a: Calyrex\n|\n|-weather|SunnyDay|[upkeep]\n|upkeep\n|turn|3\n|\n|t:|1699144175\n|-terastallize|p1a: Calyrex|Fighting\n|move|p1a: Calyrex|Tera Blast|p2a: Koraidon|[anim] Tera Blast Fighting\n|-supereffective|p2a: Koraidon\n|-damage|p2a: Koraidon|0 fnt\n|faint|p2a: Koraidon\n|-ability|p1a: Calyrex|Grim Neigh|boost\n|-boost|p1a: Calyrex|spa|1\n|\n|-weather|SunnyDay|[upkeep]\n|upkeep\n|\n|t:|1699144182\n|switch|p2a: Glimmora|Glimmora, F, shiny|100\/100\n|turn|4\n|\n|t:|1699144187\n|move|p1a: Calyrex|Astral Barrage|p2a: Glimmora\n|-enditem|p2a: Glimmora|Focus Sash\n|-damage|p2a: Glimmora|1\/100\n|move|p2a: Glimmora|Mortal Spin|p1a: Calyrex\n|-activate|p1a: Calyrex|move: Substitute|[damage]\n|\n|-weather|SunnyDay|[upkeep]\n|upkeep\n|turn|5\n|\n|t:|1699144199\n|move|p1a: Calyrex|Tera Blast|p2a: Glimmora|[anim] Tera Blast Fighting\n|-damage|p2a: Glimmora|0 fnt\n|faint|p2a: Glimmora\n|-ability|p1a: Calyrex|Grim Neigh|boost\n|-boost|p1a: Calyrex|spa|1\n|\n|-weather|none\n|upkeep\n|\n|t:|1699144223\n|switch|p2a: Urshifu|Urshifu-Rapid-Strike, F|100\/100\n|turn|6\n|\n|t:|1699144231\n|move|p1a: Calyrex|Astral Barrage|p2a: Urshifu\n|-damage|p2a: Urshifu|0 fnt\n|faint|p2a: Urshifu\n|-ability|p1a: Calyrex|Grim Neigh|boost\n|-boost|p1a: Calyrex|spa|1\n|\n|upkeep\n|\n|t:|1699144236\n|switch|p2a: Corviknight|Corviknight, F, shiny|100\/100\n|-ability|p2a: Corviknight|Pressure\n|turn|7\n|\n|t:|1699144241\n|move|p1a: Calyrex|Astral Barrage|p2a: Corviknight\n|-damage|p2a: Corviknight|0 fnt\n|faint|p2a: Corviknight\n|-ability|p1a: Calyrex|Grim Neigh|boost\n|-boost|p1a: Calyrex|spa|1\n|\n|upkeep\n|-message|Atomina forfeited.\n|\n|win|Blue Sharpie 06\n|raw|Blue Sharpie 06's rating: 1477 &rarr; <strong>1492<\/strong><br \/>(+15 for winning)\n|raw|Atomina's rating: 1395 &rarr; <strong>1380<\/strong><br \/>(-15 for losing)\n|l|\u2606Atomina\n|j|\u2606Atomina\n|player|p2|Atomina|burglar\n|c|\u2606Blue Sharpie 06|Gg\n|l|\u2606Atomina\n|player|p2|\n","uploadtime":1699144265,"views":15,"p1id":"bluesharpie06","p2id":"atomina","formatid":"gen9anythinggoes","rating":1380,"private":0,"password":""}