{"id":"gen9anythinggoes-1972263599","p1":"Aaronzhangbozo69","p2":"GX001","format":"[Gen 9] Anything Goes","log":"|j|\u2606Aaronzhangbozo69\n|j|\u2606GX001\n|t:|1697826173\n|gametype|singles\n|player|p1|Aaronzhangbozo69|265|1505\n|player|p2|GX001|102|1711\n|teamsize|p1|6\n|teamsize|p2|6\n|gen|9\n|tier|[Gen 9] Anything Goes\n|rated|\n|rule|HP Percentage Mod: HP is shown in percentages\n|rule|Endless Battle Clause: Forcing endless battles is banned\n|clearpoke\n|poke|p1|Miraidon|\n|poke|p1|Miraidon|\n|poke|p1|Koraidon|\n|poke|p1|Koraidon|\n|poke|p1|Koraidon|\n|poke|p1|Ditto|\n|poke|p2|Calyrex-Shadow|\n|poke|p2|Chien-Pao|\n|poke|p2|Zacian-*|\n|poke|p2|Kyogre|\n|poke|p2|Ditto|\n|poke|p2|Koraidon|\n|teampreview\n|inactive|Battle timer is ON: inactive players will automatically lose when time's up. (requested by GX001)\n|c|\u2606GX001|Bro\n|c|\u2606Aaronzhangbozo69|wtf\n|c|\u2606GX001|unitas\n|c|\u2606GX001|LMAO\n|\n|t:|1697826199\n|start\n|switch|p1a: Koraidon|Koraidon|100\/100\n|switch|p2a: Koraidon|Koraidon|100\/100\n|-weather|SunnyDay|[from] ability: Orichalcum Pulse|[of] p2a: Koraidon\n|-activate|p2a: Koraidon|Orichalcum Pulse|[source]\n|-activate|p1a: Koraidon|ability: Orichalcum Pulse\n|turn|1\n|\n|t:|1697826206\n|move|p2a: Koraidon|U-turn|p1a: Koraidon\n|-resisted|p1a: Koraidon\n|-damage|p1a: Koraidon|85\/100\n|\n|t:|1697826210\n|switch|p2a: Zacian|Zacian-Crowned|100\/100|[from] U-turn\n|-ability|p2a: Zacian|Intrepid Sword|boost\n|-boost|p2a: Zacian|atk|1\n|move|p1a: Koraidon|Dragon Claw|p2a: Zacian\n|-immune|p2a: Zacian\n|\n|-weather|SunnyDay|[upkeep]\n|upkeep\n|turn|2\n|\n|t:|1697826217\n|move|p2a: Zacian|Play Rough|p1a: Koraidon\n|-supereffective|p1a: Koraidon\n|-damage|p1a: Koraidon|0 fnt\n|faint|p1a: Koraidon\n|\n|-weather|SunnyDay|[upkeep]\n|upkeep\n|c|\u2606Aaronzhangbozo69|cringe\n|\n|t:|1697826225\n|switch|p1a: Koraidon|Koraidon|100\/100\n|-activate|p1a: Koraidon|ability: Orichalcum Pulse\n|turn|3\n|c|\u2606GX001|Lmaoo\n|\n|t:|1697826231\n|move|p2a: Zacian|Play Rough|p1a: Koraidon|[miss]\n|-miss|p2a: Zacian|p1a: Koraidon\n|move|p1a: Koraidon|Flame Charge|p2a: Zacian\n|-supereffective|p2a: Zacian\n|-damage|p2a: Zacian|39\/100\n|-boost|p1a: Koraidon|spe|1\n|\n|-weather|SunnyDay|[upkeep]\n|upkeep\n|turn|4\n|c|\u2606Aaronzhangbozo69|damn\n|n|!GX001|gx001\n|\n|t:|1697826240\n|move|p1a: Koraidon|Flame Charge|p2a: Zacian\n|-supereffective|p2a: Zacian\n|-damage|p2a: Zacian|0 fnt\n|-boost|p1a: Koraidon|spe|1\n|faint|p2a: Zacian\n|\n|-weather|SunnyDay|[upkeep]\n|upkeep\n|\n|t:|1697826258\n|switch|p2a: Ditto|Ditto|100\/100\n|-transform|p2a: Ditto|p1a: Koraidon|[from] ability: Imposter\n|-activate|p2a: Ditto|ability: Orichalcum Pulse\n|turn|5\n|\n|t:|1697826266\n|move|p2a: Ditto|Dragon Claw|p1a: Koraidon\n|-supereffective|p1a: Koraidon\n|-damage|p1a: Koraidon|5\/100\n|move|p1a: Koraidon|Dragon Claw|p2a: Ditto\n|-supereffective|p2a: Ditto\n|-damage|p2a: Ditto|0 fnt\n|faint|p2a: Ditto\n|\n|-weather|none\n|upkeep\n|\n|t:|1697826273\n|switch|p2a: Koraidon|Koraidon|100\/100\n|-weather|SunnyDay|[from] ability: Orichalcum Pulse|[of] p2a: Koraidon\n|-activate|p2a: Koraidon|Orichalcum Pulse|[source]\n|turn|6\n|c|\u2606Aaronzhangbozo69|damn\n|\n|t:|1697826277\n|move|p1a: Koraidon|Dragon Claw|p2a: Koraidon\n|-supereffective|p2a: Koraidon\n|-damage|p2a: Koraidon|0 fnt\n|faint|p2a: Koraidon\n|\n|-weather|SunnyDay|[upkeep]\n|upkeep\n|\n|t:|1697826283\n|switch|p2a: Chien-Pao|Chien-Pao|100\/100\n|-ability|p2a: Chien-Pao|Sword of Ruin\n|turn|7\n|\n|t:|1697826287\n|move|p2a: Chien-Pao|Sucker Punch|p1a: Koraidon\n|-resisted|p1a: Koraidon\n|-damage|p1a: Koraidon|0 fnt\n|faint|p1a: Koraidon\n|-damage|p2a: Chien-Pao|91\/100|[from] item: Life Orb\n|\n|-weather|SunnyDay|[upkeep]\n|upkeep\n|\n|t:|1697826291\n|switch|p1a: Koraidon|Koraidon|100\/100\n|-activate|p1a: Koraidon|ability: Orichalcum Pulse\n|turn|8\n|\n|t:|1697826295\n|move|p2a: Chien-Pao|Ice Spinner|p1a: Koraidon\n|-supereffective|p1a: Koraidon\n|-enditem|p1a: Koraidon|Focus Sash\n|-damage|p1a: Koraidon|1\/100\n|-damage|p2a: Chien-Pao|81\/100|[from] item: Life Orb\n|move|p1a: Koraidon|Flame Charge|p2a: Chien-Pao\n|-supereffective|p2a: Chien-Pao\n|-damage|p2a: Chien-Pao|0 fnt\n|-boost|p1a: Koraidon|spe|1\n|faint|p2a: Chien-Pao\n|\n|-weather|SunnyDay|[upkeep]\n|upkeep\n|\n|t:|1697826300\n|switch|p2a: Kyogre|Kyogre|100\/100\n|-weather|RainDance|[from] ability: Drizzle|[of] p2a: Kyogre\n|turn|9\n|\n|t:|1697826310\n|move|p1a: Koraidon|Collision Course|p2a: Kyogre\n|-damage|p2a: Kyogre|47\/100\n|move|p2a: Kyogre|Ice Beam|p1a: Koraidon\n|-supereffective|p1a: Koraidon\n|-damage|p1a: Koraidon|0 fnt\n|faint|p1a: Koraidon\n|\n|-weather|RainDance|[upkeep]\n|upkeep\n|\n|t:|1697826316\n|switch|p1a: Miraidon|Miraidon|100\/100\n|-fieldstart|move: Electric Terrain|[from] ability: Hadron Engine|[of] p1a: Miraidon\n|turn|10\n|\n|t:|1697826324\n|move|p1a: Miraidon|Electro Drift|p2a: Kyogre\n|-supereffective|p2a: Kyogre\n|-damage|p2a: Kyogre|0 fnt\n|faint|p2a: Kyogre\n|\n|-weather|RainDance|[upkeep]\n|upkeep\n|\n|t:|1697826327\n|switch|p2a: Calyrex|Calyrex-Shadow|100\/100\n|-ability|p2a: Calyrex|As One\n|-ability|p2a: Calyrex|Unnerve\n|turn|11\n|\n|t:|1697826332\n|move|p2a: Calyrex|Astral Barrage|p1a: Miraidon\n|-damage|p1a: Miraidon|38\/100\n|move|p1a: Miraidon|Electro Drift|p2a: Calyrex\n|-enditem|p2a: Calyrex|Focus Sash\n|-damage|p2a: Calyrex|1\/100\n|\n|-weather|RainDance|[upkeep]\n|upkeep\n|turn|12\n|\n|t:|1697826340\n|move|p2a: Calyrex|Astral Barrage|p1a: Miraidon\n|-damage|p1a: Miraidon|0 fnt\n|faint|p1a: Miraidon\n|-ability|p2a: Calyrex|Grim Neigh|boost\n|-boost|p2a: Calyrex|spa|1\n|\n|-weather|RainDance|[upkeep]\n|upkeep\n|\n|t:|1697826344\n|switch|p1a: Miraidon|Miraidon|100\/100\n|-activate|p1a: Miraidon|ability: Hadron Engine\n|turn|13\n|\n|t:|1697826348\n|move|p2a: Calyrex|Astral Barrage|p1a: Miraidon\n|-damage|p1a: Miraidon|3\/100\n|move|p1a: Miraidon|Agility|p1a: Miraidon\n|-boost|p1a: Miraidon|spe|2\n|\n|-weather|none\n|upkeep\n|turn|14\n|c|\u2606Aaronzhangbozo69|OW\n|\n|t:|1697826357\n|move|p1a: Miraidon|Electro Drift|p2a: Calyrex\n|-damage|p2a: Calyrex|0 fnt\n|faint|p2a: Calyrex\n|\n|win|Aaronzhangbozo69\n|raw|Aaronzhangbozo69's rating: 1505 &rarr; <strong>1536<\/strong><br \/>(+31 for winning)\n|raw|GX001's rating: 1711 &rarr; <strong>1680<\/strong><br \/>(-31 for losing)\n","uploadtime":1697826238,"views":10,"p1id":"aaronzhangbozo69","p2id":"gx001","formatid":"gen9anythinggoes","rating":1536,"private":0,"password":""}