{"id":"gen9anythinggoes-1988709195","p1":"Jamelisgod","p2":"LingLing007","format":"[Gen 9] Anything Goes","log":"|j|\u2606Jamelisgod\n|j|\u2606LingLing007\n|t:|1699753335\n|gametype|singles\n|player|p1|Jamelisgod|1|1271\n|player|p2|LingLing007|cynthia-masters2|1304\n|teamsize|p1|6\n|teamsize|p2|6\n|gen|9\n|tier|[Gen 9] Anything Goes\n|rated|\n|rule|HP Percentage Mod: HP is shown in percentages\n|rule|Endless Battle Clause: Forcing endless battles is banned\n|clearpoke\n|poke|p1|Tauros-Paldea-Combat, M|\n|poke|p1|Rayquaza|\n|poke|p1|Arcanine, M|\n|poke|p1|Sandy Shocks|\n|poke|p1|Krookodile, M|\n|poke|p1|Slither Wing|\n|poke|p2|Scream Tail|\n|poke|p2|Slither Wing|\n|poke|p2|Sandy Shocks|\n|poke|p2|Brute Bonnet|\n|poke|p2|Roaring Moon|\n|poke|p2|Flutter Mane|\n|teampreview\n|inactive|Battle timer is ON: inactive players will automatically lose when time's up. (requested by LingLing007)\n|\n|t:|1699753343\n|start\n|switch|p1a: Sandy Shocks|Sandy Shocks|100\/100\n|switch|p2a: Sandy Shocks|Sandy Shocks|100\/100\n|-enditem|p2a: Sandy Shocks|Booster Energy\n|-activate|p2a: Sandy Shocks|ability: Protosynthesis|[fromitem]\n|-start|p2a: Sandy Shocks|protosynthesisspa\n|-enditem|p1a: Sandy Shocks|Booster Energy\n|-activate|p1a: Sandy Shocks|ability: Protosynthesis|[fromitem]\n|-start|p1a: Sandy Shocks|protosynthesisspa\n|turn|1\n|\n|t:|1699753370\n|move|p2a: Sandy Shocks|Earth Power|p1a: Sandy Shocks\n|-supereffective|p1a: Sandy Shocks\n|-damage|p1a: Sandy Shocks|0 fnt\n|faint|p1a: Sandy Shocks\n|-end|p1a: Sandy Shocks|Protosynthesis|[silent]\n|\n|upkeep\n|inactive|Jamelisgod has 120 seconds left.\n|c|\u2606Jamelisgod|Damn speed tie\n|c|\u2606Jamelisgod|lol\n|\n|t:|1699753393\n|switch|p1a: Tauros|Tauros-Paldea-Combat, M|100\/100\n|-ability|p1a: Tauros|Intimidate|boost\n|-unboost|p2a: Sandy Shocks|atk|1\n|turn|2\n|\n|t:|1699753412\n|move|p2a: Sandy Shocks|Discharge|p1a: Tauros\n|-damage|p1a: Tauros|10\/100\n|move|p1a: Tauros|Earthquake|p2a: Sandy Shocks\n|-supereffective|p2a: Sandy Shocks\n|-damage|p2a: Sandy Shocks|0 fnt\n|faint|p2a: Sandy Shocks\n|-end|p2a: Sandy Shocks|Protosynthesis|[silent]\n|\n|upkeep\n|\n|t:|1699753424\n|switch|p2a: Slither Wing|Slither Wing|100\/100\n|-enditem|p2a: Slither Wing|Booster Energy\n|-activate|p2a: Slither Wing|ability: Protosynthesis|[fromitem]\n|-start|p2a: Slither Wing|protosynthesisatk\n|turn|3\n|\n|t:|1699753433\n|move|p2a: Slither Wing|First Impression|p1a: Tauros\n|-resisted|p1a: Tauros\n|-damage|p1a: Tauros|0 fnt\n|faint|p1a: Tauros\n|\n|upkeep\n|\n|t:|1699753440\n|switch|p1a: Rayquaza|Rayquaza|100\/100\n|-ability|p1a: Rayquaza|Air Lock\n|turn|4\n|\n|t:|1699753455\n|move|p1a: Rayquaza|Dragon Dance|p1a: Rayquaza\n|-boost|p1a: Rayquaza|atk|1\n|-boost|p1a: Rayquaza|spe|1\n|move|p2a: Slither Wing|Wild Charge|p1a: Rayquaza\n|-damage|p1a: Rayquaza|64\/100\n|-damage|p2a: Slither Wing|88\/100|[from] Recoil\n|\n|-heal|p1a: Rayquaza|70\/100|[from] item: Leftovers\n|upkeep\n|turn|5\n|\n|t:|1699753466\n|move|p1a: Rayquaza|Dragon Ascent|p2a: Slither Wing\n|-supereffective|p2a: Slither Wing\n|-damage|p2a: Slither Wing|0 fnt\n|-unboost|p1a: Rayquaza|def|1\n|-unboost|p1a: Rayquaza|spd|1\n|faint|p2a: Slither Wing\n|-end|p2a: Slither Wing|Protosynthesis|[silent]\n|\n|-heal|p1a: Rayquaza|76\/100|[from] item: Leftovers\n|upkeep\n|\n|t:|1699753477\n|switch|p2a: Scream Tail|Scream Tail|100\/100\n|-enditem|p2a: Scream Tail|Booster Energy\n|-activate|p2a: Scream Tail|ability: Protosynthesis|[fromitem]\n|-start|p2a: Scream Tail|protosynthesisdef\n|turn|6\n|\n|t:|1699753493\n|-terastallize|p1a: Rayquaza|Fairy\n|move|p1a: Rayquaza|Dragon Dance|p1a: Rayquaza\n|-boost|p1a: Rayquaza|atk|1\n|-boost|p1a: Rayquaza|spe|1\n|move|p2a: Scream Tail|Calm Mind|p2a: Scream Tail\n|-boost|p2a: Scream Tail|spa|1\n|-boost|p2a: Scream Tail|spd|1\n|\n|-heal|p1a: Rayquaza|82\/100|[from] item: Leftovers\n|upkeep\n|turn|7\n|\n|t:|1699753504\n|move|p1a: Rayquaza|Dragon Ascent|p2a: Scream Tail\n|-damage|p2a: Scream Tail|53\/100\n|-unboost|p1a: Rayquaza|def|1\n|-unboost|p1a: Rayquaza|spd|1\n|move|p2a: Scream Tail|Calm Mind|p2a: Scream Tail\n|-boost|p2a: Scream Tail|spa|1\n|-boost|p2a: Scream Tail|spd|1\n|\n|-heal|p1a: Rayquaza|88\/100|[from] item: Leftovers\n|upkeep\n|turn|8\n|\n|t:|1699753514\n|switch|p1a: Arcanine|Arcanine, M|100\/100\n|-ability|p1a: Arcanine|Intimidate|boost\n|-unboost|p2a: Scream Tail|atk|1\n|move|p2a: Scream Tail|Stored Power|p1a: Arcanine\n|-damage|p1a: Arcanine|41\/100\n|\n|upkeep\n|turn|9\n|\n|t:|1699753533\n|move|p1a: Arcanine|Raging Fury|p2a: Scream Tail\n|-damage|p2a: Scream Tail|27\/100\n|move|p2a: Scream Tail|Wish|p2a: Scream Tail\n|\n|upkeep\n|turn|10\n|\n|t:|1699753540\n|move|p1a: Arcanine|Raging Fury|p2a: Scream Tail|[from]lockedmove\n|-damage|p2a: Scream Tail|2\/100\n|move|p2a: Scream Tail|Calm Mind|p2a: Scream Tail\n|-boost|p2a: Scream Tail|spa|1\n|-boost|p2a: Scream Tail|spd|1\n|\n|-heal|p2a: Scream Tail|52\/100|[from] move: Wish|[wisher] Scream Tail\n|upkeep\n|turn|11\n|\n|t:|1699753547\n|move|p1a: Arcanine|Raging Fury|p2a: Scream Tail|[from]lockedmove\n|-damage|p2a: Scream Tail|29\/100\n|-start|p1a: Arcanine|confusion|[fatigue]\n|-enditem|p1a: Arcanine|Lum Berry|[eat]\n|-end|p1a: Arcanine|confusion\n|move|p2a: Scream Tail|Wish|p2a: Scream Tail\n|\n|upkeep\n|turn|12\n|\n|t:|1699753566\n|move|p1a: Arcanine|Raging Fury|p2a: Scream Tail\n|-damage|p2a: Scream Tail|4\/100\n|move|p2a: Scream Tail|Stored Power|p1a: Arcanine\n|-damage|p1a: Arcanine|0 fnt\n|faint|p1a: Arcanine\n|\n|-heal|p2a: Scream Tail|54\/100|[from] move: Wish|[wisher] Scream Tail\n|upkeep\n|inactive|Jamelisgod has 120 seconds left.\n|\n|t:|1699753596\n|switch|p1a: Krookodile|Krookodile, M|100\/100\n|turn|13\n|\n|t:|1699753615\n|move|p1a: Krookodile|Gunk Shot|p2a: Scream Tail\n|-supereffective|p2a: Scream Tail\n|-damage|p2a: Scream Tail|18\/100\n|move|p2a: Scream Tail|Wish|p2a: Scream Tail\n|\n|upkeep\n|turn|14\n|\n|t:|1699753621\n|move|p1a: Krookodile|Gunk Shot|p2a: Scream Tail\n|-supereffective|p2a: Scream Tail\n|-damage|p2a: Scream Tail|0 fnt\n|faint|p2a: Scream Tail\n|-end|p2a: Scream Tail|Protosynthesis|[silent]\n|-ability|p1a: Krookodile|Moxie|boost\n|-boost|p1a: Krookodile|atk|1\n|\n|upkeep\n|\n|t:|1699753624\n|switch|p2a: Flutter Mane|Flutter Mane|100\/100\n|-enditem|p2a: Flutter Mane|Booster Energy\n|-activate|p2a: Flutter Mane|ability: Protosynthesis|[fromitem]\n|-start|p2a: Flutter Mane|protosynthesisspe\n|turn|15\n|\n|t:|1699753630\n|switch|p1a: Slither Wing|Slither Wing, shiny|100\/100\n|move|p2a: Flutter Mane|Moonblast|p1a: Slither Wing\n|-supereffective|p1a: Slither Wing\n|-damage|p1a: Slither Wing|0 fnt\n|faint|p1a: Slither Wing\n|-end|p1a: Slither Wing|Protosynthesis|[silent]\n|\n|upkeep\n|\n|t:|1699753635\n|switch|p1a: Rayquaza|Rayquaza, tera:Fairy|88\/100\n|-ability|p1a: Rayquaza|Air Lock\n|turn|16\n|\n|t:|1699753649\n|move|p2a: Flutter Mane|Moonblast|p1a: Rayquaza\n|-damage|p1a: Rayquaza|36\/100\n|move|p1a: Rayquaza|Dragon Dance|p1a: Rayquaza\n|-boost|p1a: Rayquaza|atk|1\n|-boost|p1a: Rayquaza|spe|1\n|\n|-heal|p1a: Rayquaza|42\/100|[from] item: Leftovers\n|upkeep\n|turn|17\n|\n|t:|1699753657\n|move|p2a: Flutter Mane|Moonblast|p1a: Rayquaza\n|-damage|p1a: Rayquaza|0 fnt\n|faint|p1a: Rayquaza\n|\n|upkeep\n|\n|t:|1699753660\n|switch|p1a: Krookodile|Krookodile, M|100\/100\n|turn|18\n|\n|t:|1699753673\n|-terastallize|p2a: Flutter Mane|Normal\n|move|p2a: Flutter Mane|Moonblast|p1a: Krookodile\n|-supereffective|p1a: Krookodile\n|-damage|p1a: Krookodile|0 fnt\n|faint|p1a: Krookodile\n|\n|win|LingLing007\n|raw|Jamelisgod's rating: 1271 &rarr; <strong>1248<\/strong><br \/>(-23 for losing)\n|raw|LingLing007's rating: 1304 &rarr; <strong>1322<\/strong><br \/>(+18 for winning)\n|c|\u2606LingLing007|gg\n","uploadtime":1699753683,"views":6,"p1id":"jamelisgod","p2id":"lingling007","formatid":"gen9anythinggoes","rating":1248,"private":0,"password":""}