{"id":"gen9anythinggoes-1976776188","p1":"Brenzino","p2":"Kowtow kleabe","format":"[Gen 9] Anything Goes","log":"|j|\u2606Brenzino\n|j|\u2606Kowtow kleabe\n|t:|1698340453\n|gametype|singles\n|player|p1|Brenzino|pokemaniac|\n|player|p2|Kowtow kleabe|steven|\n|teamsize|p1|6\n|teamsize|p2|6\n|gen|9\n|tier|[Gen 9] Anything Goes\n|rule|HP Percentage Mod: HP is shown in percentages\n|rule|Endless Battle Clause: Forcing endless battles is banned\n|clearpoke\n|poke|p1|Cresselia, F|\n|poke|p1|Iron Jugulis|\n|poke|p1|Slaking, M|\n|poke|p1|Samurott-Hisui, F|\n|poke|p1|Clodsire, F|\n|poke|p1|Spiritomb, F|\n|poke|p2|Gliscor, M|\n|poke|p2|Morpeko, F|\n|poke|p2|Weavile, F|\n|poke|p2|Rillaboom, M|\n|poke|p2|Inteleon, F|\n|poke|p2|Infernape, F|\n|teampreview\n|\n|t:|1698340459\n|start\n|switch|p1a: Samurott|Samurott-Hisui, F|100\/100\n|switch|p2a: james pond|Inteleon, F|100\/100\n|turn|1\n|\n|t:|1698340464\n|move|p2a: james pond|Flip Turn|p1a: Samurott\n|-resisted|p1a: Samurott\n|-damage|p1a: Samurott|93\/100\n|\n|t:|1698340468\n|switch|p2a: monk|Rillaboom, M|100\/100|[from] Flip Turn\n|-fieldstart|move: Grassy Terrain|[from] ability: Grassy Surge|[of] p2a: monk\n|move|p1a: Samurott|Ice Beam|p2a: monk\n|-supereffective|p2a: monk\n|-damage|p2a: monk|23\/100\n|-damage|p1a: Samurott|83\/100|[from] item: Life Orb\n|\n|-heal|p1a: Samurott|89\/100|[from] Grassy Terrain\n|-heal|p2a: monk|30\/100|[from] Grassy Terrain\n|-heal|p2a: monk|36\/100|[from] item: Leftovers\n|upkeep\n|turn|2\n|\n|t:|1698340476\n|move|p2a: monk|Grassy Glide|p1a: Samurott\n|-supereffective|p1a: Samurott\n|-damage|p1a: Samurott|12\/100\n|move|p1a: Samurott|Ice Beam|p2a: monk\n|-supereffective|p2a: monk\n|-damage|p2a: monk|0 fnt\n|faint|p2a: monk\n|-damage|p1a: Samurott|2\/100|[from] item: Life Orb\n|\n|-heal|p1a: Samurott|8\/100|[from] Grassy Terrain\n|upkeep\n|\n|t:|1698340481\n|switch|p2a: taller than ben|Weavile, F|100\/100\n|-ability|p2a: taller than ben|Pressure\n|turn|3\n|\n|t:|1698340498\n|switch|p1a: Clodsire|Clodsire, F|100\/100\n|move|p2a: taller than ben|Brick Break|p1a: Clodsire\n|-resisted|p1a: Clodsire\n|-damage|p1a: Clodsire|85\/100\n|-damage|p2a: taller than ben|91\/100|[from] item: Life Orb\n|\n|-heal|p2a: taller than ben|97\/100|[from] Grassy Terrain\n|-heal|p1a: Clodsire|92\/100|[from] Grassy Terrain\n|-heal|p1a: Clodsire|98\/100|[from] item: Leftovers\n|upkeep\n|turn|4\n|\n|t:|1698340506\n|move|p2a: taller than ben|Swords Dance|p2a: taller than ben\n|-boost|p2a: taller than ben|atk|2\n|move|p1a: Clodsire|Earthquake|p2a: taller than ben\n|-damage|p2a: taller than ben|75\/100\n|\n|-heal|p2a: taller than ben|81\/100|[from] Grassy Terrain\n|-heal|p1a: Clodsire|100\/100|[from] Grassy Terrain\n|upkeep\n|turn|5\n|\n|t:|1698340521\n|switch|p1a: Iron Jugulis|Iron Jugulis|100\/100\n|move|p2a: taller than ben|Ice Spinner|p1a: Iron Jugulis\n|-supereffective|p1a: Iron Jugulis\n|-damage|p1a: Iron Jugulis|0 fnt\n|-fieldend|move: Grassy Terrain\n|faint|p1a: Iron Jugulis\n|-end|p1a: Iron Jugulis|Quark Drive|[silent]\n|-damage|p2a: taller than ben|71\/100|[from] item: Life Orb\n|\n|upkeep\n|\n|t:|1698340528\n|switch|p1a: Samurott|Samurott-Hisui, F|8\/100\n|turn|6\n|\n|t:|1698340532\n|move|p2a: taller than ben|Brick Break|p1a: Samurott\n|-supereffective|p1a: Samurott\n|-damage|p1a: Samurott|0 fnt\n|faint|p1a: Samurott\n|-damage|p2a: taller than ben|61\/100|[from] item: Life Orb\n|\n|upkeep\n|\n|t:|1698340535\n|switch|p1a: Spiritomb|Spiritomb, F|100\/100\n|turn|7\n|\n|t:|1698340542\n|move|p2a: taller than ben|Knock Off|p1a: Spiritomb\n|-crit|p1a: Spiritomb\n|-damage|p1a: Spiritomb|0 fnt\n|-enditem|p1a: Spiritomb|Figy Berry|[from] move: Knock Off|[of] p2a: taller than ben\n|faint|p1a: Spiritomb\n|-damage|p2a: taller than ben|51\/100|[from] item: Life Orb\n|\n|upkeep\n|\n|t:|1698340545\n|switch|p1a: Cresselia|Cresselia, F|100\/100\n|turn|8\n|\n|t:|1698340551\n|move|p2a: taller than ben|Knock Off|p1a: Cresselia\n|-supereffective|p1a: Cresselia\n|-damage|p1a: Cresselia|0 fnt\n|-enditem|p1a: Cresselia|Leftovers|[from] move: Knock Off|[of] p2a: taller than ben\n|faint|p1a: Cresselia\n|-damage|p2a: taller than ben|41\/100|[from] item: Life Orb\n|\n|upkeep\n|\n|t:|1698340553\n|switch|p1a: Clodsire|Clodsire, F|100\/100\n|turn|9\n|\n|t:|1698340558\n|move|p1a: Clodsire|Protect|p1a: Clodsire\n|-singleturn|p1a: Clodsire|Protect\n|move|p2a: taller than ben|Ice Spinner|p1a: Clodsire\n|-activate|p1a: Clodsire|move: Protect\n|\n|upkeep\n|turn|10\n|\n|t:|1698340562\n|switch|p1a: Slaking|Slaking, M|100\/100\n|move|p2a: taller than ben|Ice Spinner|p1a: Slaking\n|-damage|p1a: Slaking|10\/100\n|-damage|p2a: taller than ben|31\/100|[from] item: Life Orb\n|\n|upkeep\n|turn|11\n|\n|t:|1698340575\n|move|p2a: taller than ben|Knock Off|p1a: Slaking\n|-damage|p1a: Slaking|0 fnt\n|-enditem|p1a: Slaking|Choice Specs|[from] move: Knock Off|[of] p2a: taller than ben\n|faint|p1a: Slaking\n|-damage|p2a: taller than ben|21\/100|[from] item: Life Orb\n|\n|upkeep\n|\n|t:|1698340578\n|switch|p1a: Clodsire|Clodsire, F|100\/100\n|turn|12\n|\n|t:|1698340584\n|move|p2a: taller than ben|Ice Spinner|p1a: Clodsire\n|-supereffective|p1a: Clodsire\n|-damage|p1a: Clodsire|0 fnt\n|-status|p2a: taller than ben|psn|[from] ability: Poison Point|[of] p1a: Clodsire\n|faint|p1a: Clodsire\n|-damage|p2a: taller than ben|12\/100 psn|[from] item: Life Orb\n|\n|win|Kowtow kleabe\n|l|\u2606Brenzino\n","uploadtime":1698340603,"views":12,"p1id":"brenzino","p2id":"kowtowkleabe","formatid":"gen9anythinggoes","rating":0,"private":0,"password":""}