{"id":"gen9anythinggoes-1990093714","p1":"BeatMidlers","p2":"BramblinBoonies","format":"[Gen 9] Anything Goes","log":"|j|\u2606BeatMidlers\n|j|\u2606BramblinBoonies\n|t:|1699923844\n|gametype|singles\n|player|p1|BeatMidlers|pokemonranger|\n|player|p2|BramblinBoonies|dancer|\n|teamsize|p1|6\n|teamsize|p2|6\n|gen|9\n|tier|[Gen 9] Anything Goes\n|rule|HP Percentage Mod: HP is shown in percentages\n|rule|Endless Battle Clause: Forcing endless battles is banned\n|clearpoke\n|poke|p1|Dragalge, F|\n|poke|p1|Decidueye, F|\n|poke|p1|Chandelure, F|\n|poke|p1|Toxtricity, F|\n|poke|p1|Quagsire, M|\n|poke|p1|Azumarill, M|\n|poke|p2|Rillaboom, F|\n|poke|p2|Heatran, F|\n|poke|p2|Flutter Mane|\n|poke|p2|Thundurus-Therian, M|\n|poke|p2|Krookodile, F|\n|poke|p2|Slowbro, M|\n|teampreview\n|j| FerrothornFembots\n|c| FerrothornFembots|Hey Boys! me and MIkey in tha buildling\n|c| FerrothornFembots|GLHF\n|\n|t:|1699924088\n|start\n|switch|p1a: Azumarill|Azumarill, M|100\/100\n|switch|p2a: Rillaboom|Rillaboom, F|100\/100\n|-fieldstart|move: Grassy Terrain|[from] ability: Grassy Surge|[of] p2a: Rillaboom\n|turn|1\n|\n|t:|1699924126\n|switch|p1a: Chandelure|Chandelure, F|100\/100\n|move|p2a: Rillaboom|Wood Hammer|p1a: Chandelure\n|-resisted|p1a: Chandelure\n|-damage|p1a: Chandelure|41\/100\n|-damage|p2a: Rillaboom|86\/100|[from] Recoil\n|\n|-heal|p1a: Chandelure|48\/100|[from] Grassy Terrain\n|-heal|p2a: Rillaboom|92\/100|[from] Grassy Terrain\n|upkeep\n|turn|2\n|\n|t:|1699924160\n|switch|p2a: Krookodile|Krookodile, F|100\/100\n|-ability|p2a: Krookodile|Intimidate|boost\n|-unboost|p1a: Chandelure|atk|1\n|move|p1a: Chandelure|Flamethrower|p2a: Krookodile\n|-damage|p2a: Krookodile|30\/100\n|\n|-heal|p1a: Chandelure|54\/100|[from] Grassy Terrain\n|-heal|p2a: Krookodile|36\/100|[from] Grassy Terrain\n|upkeep\n|turn|3\n|\n|t:|1699924182\n|move|p1a: Chandelure|Flamethrower|p2a: Krookodile\n|-damage|p2a: Krookodile|0 fnt\n|faint|p2a: Krookodile\n|\n|-heal|p1a: Chandelure|60\/100|[from] Grassy Terrain\n|upkeep\n|\n|t:|1699924196\n|switch|p2a: Slowbro|Slowbro, M|100\/100\n|turn|4\n|\n|t:|1699924216\n|switch|p1a: Toxtricity|Toxtricity, F|100\/100\n|move|p2a: Slowbro|Scald|p1a: Toxtricity\n|-damage|p1a: Toxtricity|60\/100\n|-status|p1a: Toxtricity|brn\n|\n|-heal|p1a: Toxtricity|66\/100 brn|[from] Grassy Terrain\n|-damage|p1a: Toxtricity|60\/100 brn|[from] brn\n|upkeep\n|turn|5\n|j| Snorlaxsleepers\n|\n|t:|1699924242\n|switch|p2a: Rillaboom|Rillaboom, F|92\/100\n|move|p1a: Toxtricity|Volt Switch|p2a: Rillaboom\n|-resisted|p2a: Rillaboom\n|-damage|p2a: Rillaboom|55\/100\n|\n|t:|1699924254\n|switch|p1a: Chandelure|Chandelure, F|60\/100|[from] Volt Switch\n|\n|-heal|p1a: Chandelure|66\/100|[from] Grassy Terrain\n|-heal|p2a: Rillaboom|61\/100|[from] Grassy Terrain\n|upkeep\n|turn|6\n|j| Crabbrawlers\n|\n|t:|1699924286\n|move|p2a: Rillaboom|Grassy Glide|p1a: Chandelure\n|-resisted|p1a: Chandelure\n|-damage|p1a: Chandelure|41\/100\n|-status|p2a: Rillaboom|brn|[from] ability: Flame Body|[of] p1a: Chandelure\n|move|p1a: Chandelure|Flamethrower|p2a: Rillaboom\n|-supereffective|p2a: Rillaboom\n|-damage|p2a: Rillaboom|0 fnt\n|faint|p2a: Rillaboom\n|\n|-heal|p1a: Chandelure|47\/100|[from] Grassy Terrain\n|upkeep\n|\n|t:|1699924299\n|switch|p2a: Flutter Mane|Flutter Mane|100\/100\n|turn|7\n|\n|t:|1699924335\n|move|p2a: Flutter Mane|Psyshock|p1a: Chandelure\n|-damage|p1a: Chandelure|0 fnt\n|faint|p1a: Chandelure\n|\n|upkeep\n|\n|t:|1699924351\n|switch|p1a: Azumarill|Azumarill, M|100\/100\n|turn|8\n|\n|t:|1699924406\n|move|p2a: Flutter Mane|Psyshock|p1a: Azumarill\n|-damage|p1a: Azumarill|52\/100\n|move|p1a: Azumarill|Knock Off|p2a: Flutter Mane\n|-damage|p2a: Flutter Mane|15\/100\n|-enditem|p2a: Flutter Mane|Choice Specs|[from] move: Knock Off|[of] p1a: Azumarill\n|\n|-heal|p2a: Flutter Mane|21\/100|[from] Grassy Terrain\n|-heal|p1a: Azumarill|58\/100|[from] Grassy Terrain\n|-fieldend|move: Grassy Terrain\n|upkeep\n|turn|9\n|\n|t:|1699924431\n|-end|p2a: Flutter Mane|Protosynthesis|[silent]\n|switch|p2a: Thundurus|Thundurus-Therian, M|100\/100\n|move|p1a: Azumarill|Knock Off|p2a: Thundurus\n|-damage|p2a: Thundurus|42\/100\n|-enditem|p2a: Thundurus|Heavy-Duty Boots|[from] move: Knock Off|[of] p1a: Azumarill\n|\n|upkeep\n|turn|10\n|l|\u2606BramblinBoonies\n|player|p2|\n|j|\u2606BramblinBoonies\n|player|p2|BramblinBoonies|dancer\n|inactive|Battle timer is ON: inactive players will automatically lose when time's up. (requested by BramblinBoonies)\n|inactiveoff|Battle timer is now OFF.\n|l| Crabbrawlers\n|\n|t:|1699924715\n|switch|p1a: Quagsire|Quagsire, M|100\/100\n|move|p2a: Thundurus|Thunderbolt|p1a: Quagsire\n|-immune|p1a: Quagsire\n|\n|upkeep\n|turn|11\n|j| Crabbrawlers\n|\n|t:|1699924741\n|move|p2a: Thundurus|Thunderbolt|p1a: Quagsire\n|-immune|p1a: Quagsire\n|move|p1a: Quagsire|Aqua Tail|p2a: Thundurus|[miss]\n|-miss|p1a: Quagsire|p2a: Thundurus\n|\n|upkeep\n|turn|12\n|\n|t:|1699924753\n|switch|p2a: Heatran|Heatran, F|100\/100\n|move|p1a: Quagsire|Aqua Tail|p2a: Heatran\n|-supereffective|p2a: Heatran\n|-damage|p2a: Heatran|50\/100\n|\n|-heal|p2a: Heatran|56\/100|[from] item: Leftovers\n|upkeep\n|turn|13\n|\n|t:|1699924764\n|move|p2a: Heatran|Solar Beam||[still]\n|-prepare|p2a: Heatran|Solar Beam\n|move|p1a: Quagsire|Aqua Tail|p2a: Heatran\n|-supereffective|p2a: Heatran\n|-damage|p2a: Heatran|2\/100\n|\n|-heal|p2a: Heatran|8\/100|[from] item: Leftovers\n|upkeep\n|turn|14\n|\n|t:|1699924777\n|move|p2a: Heatran|Solar Beam|p1a: Quagsire|[from]lockedmove\n|-supereffective|p1a: Quagsire\n|-damage|p1a: Quagsire|0 fnt\n|faint|p1a: Quagsire\n|\n|-heal|p2a: Heatran|14\/100|[from] item: Leftovers\n|upkeep\n|\n|t:|1699924788\n|switch|p1a: Azumarill|Azumarill, M|58\/100\n|turn|15\n|\n|t:|1699924793\n|switch|p2a: Slowbro|Slowbro, M|100\/100\n|move|p1a: Azumarill|Aqua Jet|p2a: Slowbro\n|-resisted|p2a: Slowbro\n|-damage|p2a: Slowbro|93\/100\n|\n|upkeep\n|turn|16\n|\n|t:|1699924825\n|move|p1a: Azumarill|Knock Off|p2a: Slowbro\n|-supereffective|p2a: Slowbro\n|-damage|p2a: Slowbro|38\/100\n|-enditem|p2a: Slowbro|Heavy-Duty Boots|[from] move: Knock Off|[of] p1a: Azumarill\n|move|p2a: Slowbro|Future Sight|p1a: Azumarill\n|-start|p2a: Slowbro|move: Future Sight\n|\n|upkeep\n|turn|17\n|\n|t:|1699924844\n|move|p1a: Azumarill|Knock Off|p2a: Slowbro\n|-supereffective|p2a: Slowbro\n|-damage|p2a: Slowbro|2\/100\n|move|p2a: Slowbro|Body Press|p1a: Azumarill\n|-resisted|p1a: Azumarill\n|-damage|p1a: Azumarill|44\/100\n|-enditem|p1a: Azumarill|Sitrus Berry|[eat]\n|-heal|p1a: Azumarill|69\/100|[from] item: Sitrus Berry\n|\n|upkeep\n|turn|18\n|\n|t:|1699924858\n|move|p1a: Azumarill|Knock Off|p2a: Slowbro\n|-supereffective|p2a: Slowbro\n|-damage|p2a: Slowbro|0 fnt\n|faint|p2a: Slowbro\n|\n|-end|p1a: Azumarill|move: Future Sight\n|-damage|p1a: Azumarill|23\/100\n|upkeep\n|\n|t:|1699924868\n|switch|p2a: Thundurus|Thundurus-Therian, M|42\/100\n|turn|19\n|\n|t:|1699924889\n|switch|p1a: Toxtricity|Toxtricity, F|60\/100 brn\n|move|p2a: Thundurus|Thunderbolt|p1a: Toxtricity\n|-resisted|p1a: Toxtricity\n|-damage|p1a: Toxtricity|22\/100 brn\n|\n|-damage|p1a: Toxtricity|16\/100 brn|[from] brn\n|upkeep\n|turn|20\n|\n|t:|1699924919\n|move|p2a: Thundurus|Focus Blast|p1a: Toxtricity\n|-resisted|p1a: Toxtricity\n|-damage|p1a: Toxtricity|0 fnt\n|faint|p1a: Toxtricity\n|\n|upkeep\n|\n|t:|1699924929\n|switch|p1a: Dragalge|Dragalge, F|100\/100\n|turn|21\n|l| FerrothornFembots\n|\n|t:|1699924978\n|switch|p2a: Flutter Mane|Flutter Mane|21\/100\n|move|p1a: Dragalge|Draco Meteor|p2a: Flutter Mane\n|-immune|p2a: Flutter Mane\n|\n|upkeep\n|turn|22\n|j| FerrothornFembots\n|\n|t:|1699924995\n|move|p2a: Flutter Mane|Moonblast|p1a: Dragalge\n|-damage|p1a: Dragalge|54\/100\n|move|p1a: Dragalge|Sludge Bomb|p2a: Flutter Mane\n|-damage|p2a: Flutter Mane|0 fnt\n|faint|p2a: Flutter Mane\n|-end|p2a: Flutter Mane|Protosynthesis|[silent]\n|\n|-heal|p1a: Dragalge|60\/100|[from] item: Black Sludge\n|upkeep\n|\n|t:|1699925006\n|switch|p2a: Heatran|Heatran, F|14\/100\n|turn|23\n|\n|t:|1699925016\n|move|p2a: Heatran|Flash Cannon|p1a: Dragalge\n|-damage|p1a: Dragalge|23\/100\n|move|p1a: Dragalge|Sludge Bomb|p2a: Heatran\n|-immune|p2a: Heatran\n|\n|-heal|p2a: Heatran|21\/100|[from] item: Leftovers\n|-heal|p1a: Dragalge|29\/100|[from] item: Black Sludge\n|upkeep\n|turn|24\n|\n|t:|1699925050\n|move|p2a: Heatran|Flash Cannon|p1a: Dragalge\n|-damage|p1a: Dragalge|0 fnt\n|faint|p1a: Dragalge\n|\n|-heal|p2a: Heatran|27\/100|[from] item: Leftovers\n|upkeep\n|\n|t:|1699925062\n|switch|p1a: Azumarill|Azumarill, M|23\/100\n|turn|25\n|\n|t:|1699925078\n|switch|p2a: Thundurus|Thundurus-Therian, M|42\/100\n|move|p1a: Azumarill|Play Rough|p2a: Thundurus\n|-damage|p2a: Thundurus|0 fnt\n|faint|p2a: Thundurus\n|\n|upkeep\n|\n|t:|1699925086\n|switch|p2a: Heatran|Heatran, F|27\/100\n|turn|26\n|\n|t:|1699925091\n|move|p1a: Azumarill|Aqua Jet|p2a: Heatran\n|-supereffective|p2a: Heatran\n|-damage|p2a: Heatran|0 fnt\n|faint|p2a: Heatran\n|\n|win|BeatMidlers\n","uploadtime":1699925102,"views":17,"p1id":"beatmidlers","p2id":"bramblinboonies","formatid":"gen9anythinggoes","rating":0,"private":0,"password":""}