{"id":"gen9anythinggoes-1977997779","p1":"Valorantnoob","p2":"AGisgood\u82cd\u54cd\u4fa0","format":"[Gen 9] Anything Goes","log":"|j|\u2606Valorantnoob\n|j|\u2606AGisgood\u82cd\u54cd\u4fa0\n|t:|1698481269\n|gametype|singles\n|player|p1|Valorantnoob|wallace|1469\n|player|p2|AGisgood\u82cd\u54cd\u4fa0|cynthia-gen4|1602\n|teamsize|p1|6\n|teamsize|p2|6\n|gen|9\n|tier|[Gen 9] Anything Goes\n|rated|\n|rule|HP Percentage Mod: HP is shown in percentages\n|rule|Endless Battle Clause: Forcing endless battles is banned\n|clearpoke\n|poke|p1|Chien-Pao|\n|poke|p1|Kyogre|\n|poke|p1|Calyrex-Shadow|\n|poke|p1|Ditto|\n|poke|p1|Groudon|\n|poke|p1|Infernape, M|\n|poke|p2|Arceus|\n|poke|p2|Calyrex-Shadow|\n|poke|p2|Koraidon|\n|poke|p2|Ting-Lu|\n|poke|p2|Dondozo, F|\n|poke|p2|Zacian-*|\n|teampreview\n|inactive|Battle timer is ON: inactive players will automatically lose when time's up. (requested by Valorantnoob)\n|inactive|AGisgood\u82cd\u54cd\u4fa0 also wants the timer to be on.\n|c|\u2606Valorantnoob|Bro\n|c|\u2606AGisgood\u82cd\u54cd\u4fa0|Its my ture team\n|inactive|AGisgood\u82cd\u54cd\u4fa0 has 120 seconds left.\n|c|\u2606Valorantnoob|Okay\n|c|\u2606AGisgood\u82cd\u54cd\u4fa0|II just have fun to use other team\n|\n|t:|1698481324\n|start\n|switch|p1a: Infernape|Infernape, M|100\/100\n|switch|p2a: Koraidon|Koraidon|100\/100\n|-weather|SunnyDay|[from] ability: Orichalcum Pulse|[of] p2a: Koraidon\n|-activate|p2a: Koraidon|Orichalcum Pulse|[source]\n|turn|1\n|\n|t:|1698481334\n|move|p2a: Koraidon|U-turn|p1a: Infernape\n|-resisted|p1a: Infernape\n|-damage|p1a: Infernape|89\/100\n|\n|t:|1698481340\n|switch|p2a: Calyrex|Calyrex-Shadow|100\/100|[from] U-turn\n|-ability|p2a: Calyrex|As One\n|-ability|p2a: Calyrex|Unnerve\n|move|p1a: Infernape|Grass Knot|p2a: Calyrex\n|-damage|p2a: Calyrex|73\/100\n|\n|-weather|SunnyDay|[upkeep]\n|upkeep\n|turn|2\n|\n|t:|1698481345\n|move|p2a: Calyrex|Astral Barrage|p1a: Infernape\n|-crit|p1a: Infernape\n|-damage|p1a: Infernape|0 fnt\n|faint|p1a: Infernape\n|-ability|p2a: Calyrex|Grim Neigh|boost\n|-boost|p2a: Calyrex|spa|1\n|\n|-weather|SunnyDay|[upkeep]\n|upkeep\n|\n|t:|1698481355\n|switch|p1a: Groudon|Groudon|100\/100\n|turn|3\n|\n|t:|1698481359\n|move|p2a: Calyrex|Astral Barrage|p1a: Groudon\n|-damage|p1a: Groudon|5\/100\n|move|p1a: Groudon|Stealth Rock|p2a: Calyrex\n|-sidestart|p2: AGisgood\u82cd\u54cd\u4fa0|move: Stealth Rock\n|\n|-weather|SunnyDay|[upkeep]\n|upkeep\n|turn|4\n|\n|t:|1698481363\n|move|p2a: Calyrex|Astral Barrage|p1a: Groudon\n|-damage|p1a: Groudon|0 fnt\n|faint|p1a: Groudon\n|-ability|p2a: Calyrex|Grim Neigh|boost\n|-boost|p2a: Calyrex|spa|1\n|\n|-weather|SunnyDay|[upkeep]\n|upkeep\n|\n|t:|1698481366\n|switch|p1a: Calyrex|Calyrex-Shadow|100\/100\n|-ability|p1a: Calyrex|As One\n|-ability|p1a: Calyrex|Unnerve\n|turn|5\n|\n|t:|1698481372\n|switch|p2a: Ting-Lu|Ting-Lu|100\/100\n|-damage|p2a: Ting-Lu|94\/100|[from] Stealth Rock\n|-ability|p2a: Ting-Lu|Vessel of Ruin\n|switch|p1a: Chien-Pao|Chien-Pao|100\/100\n|-ability|p1a: Chien-Pao|Sword of Ruin\n|\n|-weather|none\n|-heal|p2a: Ting-Lu|100\/100|[from] item: Leftovers\n|upkeep\n|turn|6\n|\n|t:|1698481380\n|switch|p2a: Dondozo|Dondozo, F|100\/100\n|-damage|p2a: Dondozo|88\/100|[from] Stealth Rock\n|move|p1a: Chien-Pao|Sheer Cold|p2a: Dondozo\n|-damage|p2a: Dondozo|0 fnt\n|faint|p2a: Dondozo\n|-ohko\n|\n|upkeep\n|c|\u2606Valorantnoob|Nice team\n|c|\u2606AGisgood\u82cd\u54cd\u4fa0|what the hell\n|\n|t:|1698481402\n|switch|p2a: Arceus|Arceus|100\/100\n|-damage|p2a: Arceus|88\/100|[from] Stealth Rock\n|turn|7\n|\n|t:|1698481406\n|move|p2a: Arceus|Extreme Speed|p1a: Chien-Pao\n|-damage|p1a: Chien-Pao|44\/100\n|move|p1a: Chien-Pao|Sheer Cold|p2a: Arceus|[miss]\n|-miss|p1a: Chien-Pao|p2a: Arceus\n|\n|-heal|p2a: Arceus|94\/100|[from] item: Leftovers\n|upkeep\n|turn|8\n|\n|t:|1698481410\n|move|p2a: Arceus|Extreme Speed|p1a: Chien-Pao\n|-damage|p1a: Chien-Pao|0 fnt\n|faint|p1a: Chien-Pao\n|\n|-heal|p2a: Arceus|99\/100|[from] item: Leftovers\n|upkeep\n|\n|t:|1698481412\n|switch|p1a: Calyrex|Calyrex-Shadow|100\/100\n|-ability|p1a: Calyrex|As One\n|-ability|p1a: Calyrex|Unnerve\n|turn|9\n|j| jasonpokemon123\n|\n|t:|1698481419\n|-terastallize|p1a: Calyrex|Fighting\n|move|p1a: Calyrex|Tera Blast|p2a: Arceus|[anim] Tera Blast Fighting\n|-supereffective|p2a: Arceus\n|-damage|p2a: Arceus|31\/100\n|move|p2a: Arceus|Shadow Claw|p1a: Calyrex\n|-damage|p1a: Calyrex|70\/100\n|\n|-heal|p1a: Calyrex|76\/100|[from] item: Leftovers\n|-heal|p2a: Arceus|37\/100|[from] item: Leftovers\n|upkeep\n|turn|10\n|\n|t:|1698481440\n|move|p2a: Arceus|Extreme Speed|p1a: Calyrex\n|-damage|p1a: Calyrex|28\/100\n|move|p1a: Calyrex|Dark Pulse|p2a: Arceus\n|-damage|p2a: Arceus|14\/100\n|\n|-heal|p1a: Calyrex|34\/100|[from] item: Leftovers\n|-heal|p2a: Arceus|20\/100|[from] item: Leftovers\n|upkeep\n|turn|11\n|\n|t:|1698481453\n|switch|p1a: Kyogre|Kyogre|100\/100\n|-weather|RainDance|[from] ability: Drizzle|[of] p1a: Kyogre\n|move|p2a: Arceus|Extreme Speed|p1a: Kyogre\n|-damage|p1a: Kyogre|58\/100\n|\n|-weather|RainDance|[upkeep]\n|-heal|p2a: Arceus|26\/100|[from] item: Leftovers\n|upkeep\n|turn|12\n|\n|t:|1698481457\n|move|p2a: Arceus|Extreme Speed|p1a: Kyogre\n|-damage|p1a: Kyogre|18\/100\n|move|p1a: Kyogre|Thunderbolt|p2a: Arceus\n|-damage|p2a: Arceus|8\/100\n|\n|-weather|RainDance|[upkeep]\n|-heal|p2a: Arceus|14\/100|[from] item: Leftovers\n|upkeep\n|turn|13\n|\n|t:|1698481463\n|move|p2a: Arceus|Extreme Speed|p1a: Kyogre\n|-damage|p1a: Kyogre|0 fnt\n|faint|p1a: Kyogre\n|\n|-weather|RainDance|[upkeep]\n|-heal|p2a: Arceus|20\/100|[from] item: Leftovers\n|upkeep\n|\n|t:|1698481465\n|switch|p1a: Ditto|Ditto|100\/100\n|-transform|p1a: Ditto|p2a: Arceus|[from] ability: Imposter\n|turn|14\n|\n|t:|1698481471\n|-terastallize|p2a: Arceus|Ghost\n|move|p1a: Ditto|Extreme Speed|p2a: Arceus\n|-immune|p2a: Arceus\n|move|p2a: Arceus|Recover|p2a: Arceus\n|-heal|p2a: Arceus|70\/100\n|\n|-weather|RainDance|[upkeep]\n|-heal|p2a: Arceus|76\/100|[from] item: Leftovers\n|upkeep\n|turn|15\n|\n|t:|1698481479\n|move|p1a: Ditto|Extreme Speed|p2a: Arceus\n|-immune|p2a: Arceus\n|move|p2a: Arceus|Extreme Speed|p1a: Ditto\n|-damage|p1a: Ditto|57\/100\n|\n|-weather|none\n|-heal|p2a: Arceus|82\/100|[from] item: Leftovers\n|upkeep\n|turn|16\n|c|\u2606Valorantnoob|Ggwp bro\n|\n|t:|1698481484\n|switch|p1a: Calyrex|Calyrex-Shadow, tera:Fighting|34\/100\n|-ability|p1a: Calyrex|As One\n|-ability|p1a: Calyrex|Unnerve\n|move|p2a: Arceus|Swords Dance|p2a: Arceus\n|-boost|p2a: Arceus|atk|2\n|\n|-heal|p1a: Calyrex|40\/100|[from] item: Leftovers\n|-heal|p2a: Arceus|88\/100|[from] item: Leftovers\n|upkeep\n|turn|17\n|\n|t:|1698481487\n|move|p2a: Arceus|Extreme Speed|p1a: Calyrex\n|-damage|p1a: Calyrex|0 fnt\n|faint|p1a: Calyrex\n|\n|-heal|p2a: Arceus|94\/100|[from] item: Leftovers\n|upkeep\n|\n|t:|1698481489\n|switch|p1a: Ditto|Ditto|57\/100\n|-transform|p1a: Ditto|p2a: Arceus|[from] ability: Imposter\n|-start|p1a: Ditto|typechange|Normal|[silent]\n|turn|18\n|\n|t:|1698481496\n|move|p1a: Ditto|Shadow Claw|p2a: Arceus\n|-supereffective|p2a: Arceus\n|-damage|p2a: Arceus|28\/100\n|move|p2a: Arceus|Recover|p2a: Arceus\n|-heal|p2a: Arceus|78\/100\n|\n|-heal|p2a: Arceus|84\/100|[from] item: Leftovers\n|upkeep\n|turn|19\n|\n|t:|1698481499\n|move|p1a: Ditto|Shadow Claw|p2a: Arceus\n|-supereffective|p2a: Arceus\n|-damage|p2a: Arceus|23\/100\n|move|p2a: Arceus|Recover|p2a: Arceus\n|-heal|p2a: Arceus|73\/100\n|\n|-heal|p2a: Arceus|79\/100|[from] item: Leftovers\n|upkeep\n|turn|20\n|\n|t:|1698481502\n|move|p1a: Ditto|Shadow Claw|p2a: Arceus\n|-supereffective|p2a: Arceus\n|-damage|p2a: Arceus|10\/100\n|move|p2a: Arceus|Recover|p2a: Arceus\n|-heal|p2a: Arceus|60\/100\n|\n|-heal|p2a: Arceus|66\/100|[from] item: Leftovers\n|upkeep\n|turn|21\n|-message|Valorantnoob forfeited.\n|\n|win|AGisgood\u82cd\u54cd\u4fa0\n|raw|Valorantnoob's rating: 1469 &rarr; <strong>1456<\/strong><br \/>(-13 for losing)\n|raw|AGisgood\u82cd\u54cd\u4fa0's rating: 1602 &rarr; <strong>1615<\/strong><br \/>(+13 for winning)\n|l|\u2606Valorantnoob\n|l|\u2606AGisgood\u82cd\u54cd\u4fa0\n","uploadtime":1698481530,"views":6,"p1id":"valorantnoob","p2id":"agisgood","formatid":"gen9anythinggoes","rating":1456,"private":0,"password":""}