{"id":"gen9anythinggoes-1988813914","p1":"Matsurizzzu","p2":"Gobermanss","format":"[Gen 9] Anything Goes","log":"|j|\u2606Matsurizzzu\n|j|\u2606Gobermanss\n|t:|1699767022\n|gametype|singles\n|player|p1|Matsurizzzu|dawn|1076\n|player|p2|Gobermanss|ghetsis-gen5bw|1154\n|teamsize|p1|6\n|teamsize|p2|6\n|gen|9\n|tier|[Gen 9] Anything Goes\n|rated|\n|rule|HP Percentage Mod: HP is shown in percentages\n|rule|Endless Battle Clause: Forcing endless battles is banned\n|clearpoke\n|poke|p1|Lycanroc-Dusk, M|\n|poke|p1|Lycanroc-Dusk, M|\n|poke|p1|Lycanroc-Dusk, M|\n|poke|p1|Lycanroc-Dusk, M|\n|poke|p1|Lycanroc-Dusk, M|\n|poke|p1|Lycanroc-Dusk, M|\n|poke|p2|Maushold-Four|\n|poke|p2|Kingambit, F|\n|poke|p2|Salamence, M|\n|poke|p2|Dragonite, M|\n|poke|p2|Glimmora, F|\n|poke|p2|Annihilape, M|\n|teampreview\n|inactive|Battle timer is ON: inactive players will automatically lose when time's up. (requested by Matsurizzzu)\n|c|\u2606Gobermanss|Yo what\u2019s this\n|\n|t:|1699767032\n|start\n|switch|p1a: GOOD BOY|Lycanroc-Dusk, M|100\/100\n|switch|p2a: Glimmora|Glimmora, F|100\/100\n|turn|1\n|c|\u2606Matsurizzzu|Some dawgs\n|\n|t:|1699767044\n|move|p1a: GOOD BOY|Drill Run|p2a: Glimmora\n|-supereffective|p2a: Glimmora\n|-crit|p2a: Glimmora\n|-enditem|p2a: Glimmora|Focus Sash\n|-damage|p2a: Glimmora|1\/100\n|-activate|p2a: Glimmora|ability: Toxic Debris\n|-sidestart|p1: Matsurizzzu|move: Toxic Spikes\n|move|p2a: Glimmora|Toxic Spikes|p1a: GOOD BOY\n|-sidestart|p1: Matsurizzzu|move: Toxic Spikes\n|\n|upkeep\n|turn|2\n|c|\u2606Gobermanss|Nice dog\n|\n|t:|1699767062\n|move|p1a: GOOD BOY|Accelerock|p2a: Glimmora\n|-damage|p2a: Glimmora|0 fnt\n|faint|p2a: Glimmora\n|\n|upkeep\n|c|\u2606Matsurizzzu|Thanks\n|\n|t:|1699767075\n|switch|p2a: Maushold|Maushold-Four|100\/100\n|turn|3\n|\n|t:|1699767082\n|move|p1a: GOOD BOY|Close Combat|p2a: Maushold\n|-supereffective|p2a: Maushold\n|-damage|p2a: Maushold|0 fnt\n|-unboost|p1a: GOOD BOY|def|1\n|-unboost|p1a: GOOD BOY|spd|1\n|faint|p2a: Maushold\n|\n|upkeep\n|\n|t:|1699767093\n|switch|p2a: Dragonite|Dragonite, M|100\/100\n|turn|4\n|\n|t:|1699767099\n|-terastallize|p1a: GOOD BOY|Rock\n|move|p1a: GOOD BOY|Accelerock|p2a: Dragonite\n|-supereffective|p2a: Dragonite\n|-damage|p2a: Dragonite|66\/100\n|move|p2a: Dragonite|Dragon Dance|p2a: Dragonite\n|-boost|p2a: Dragonite|atk|1\n|-boost|p2a: Dragonite|spe|1\n|\n|-heal|p2a: Dragonite|73\/100|[from] item: Leftovers\n|upkeep\n|turn|5\n|\n|t:|1699767106\n|move|p1a: GOOD BOY|Accelerock|p2a: Dragonite\n|-supereffective|p2a: Dragonite\n|-damage|p2a: Dragonite|6\/100\n|move|p2a: Dragonite|Earthquake|p1a: GOOD BOY\n|-supereffective|p1a: GOOD BOY\n|-enditem|p1a: GOOD BOY|Focus Sash\n|-damage|p1a: GOOD BOY|1\/100\n|\n|-heal|p2a: Dragonite|12\/100|[from] item: Leftovers\n|upkeep\n|turn|6\n|\n|t:|1699767111\n|move|p2a: Dragonite|Extreme Speed|p1a: GOOD BOY\n|-resisted|p1a: GOOD BOY\n|-damage|p1a: GOOD BOY|0 fnt\n|faint|p1a: GOOD BOY\n|\n|-heal|p2a: Dragonite|18\/100|[from] item: Leftovers\n|upkeep\n|\n|t:|1699767113\n|switch|p1a: Found it@the pound|Lycanroc-Dusk, M|100\/100\n|-status|p1a: Found it@the pound|tox\n|turn|7\n|\n|t:|1699767115\n|move|p1a: Found it@the pound|Accelerock|p2a: Dragonite\n|-supereffective|p2a: Dragonite\n|-damage|p2a: Dragonite|0 fnt\n|faint|p2a: Dragonite\n|\n|-damage|p1a: Found it@the pound|94\/100 tox|[from] psn\n|upkeep\n|\n|t:|1699767125\n|switch|p2a: Annihilape|Annihilape, M|100\/100\n|turn|8\n|\n|t:|1699767127\n|move|p1a: Found it@the pound|Play Rough|p2a: Annihilape\n|-supereffective|p2a: Annihilape\n|-damage|p2a: Annihilape|29\/100\n|move|p2a: Annihilape|Rage Fist|p1a: Found it@the pound\n|-damage|p1a: Found it@the pound|19\/100 tox\n|\n|-damage|p1a: Found it@the pound|7\/100 tox|[from] psn\n|upkeep\n|turn|9\n|\n|t:|1699767132\n|-terastallize|p2a: Annihilape|Fighting\n|move|p1a: Found it@the pound|Play Rough|p2a: Annihilape\n|-supereffective|p2a: Annihilape\n|-damage|p2a: Annihilape|0 fnt\n|faint|p2a: Annihilape\n|\n|-damage|p1a: Found it@the pound|0 fnt|[from] psn\n|faint|p1a: Found it@the pound\n|upkeep\n|\n|t:|1699767136\n|switch|p1a: Houndoom|Lycanroc-Dusk, M|100\/100\n|switch|p2a: Salamence|Salamence, M|100\/100\n|-status|p1a: Houndoom|tox\n|turn|10\n|\n|t:|1699767138\n|move|p1a: Houndoom|Play Rough|p2a: Salamence\n|-supereffective|p2a: Salamence\n|-damage|p2a: Salamence|32\/100\n|move|p2a: Salamence|Dragon Dance|p2a: Salamence\n|-boost|p2a: Salamence|atk|1\n|-boost|p2a: Salamence|spe|1\n|\n|-damage|p1a: Houndoom|94\/100 tox|[from] psn\n|upkeep\n|turn|11\n|\n|t:|1699767143\n|move|p1a: Houndoom|Accelerock|p2a: Salamence\n|-supereffective|p2a: Salamence\n|-damage|p2a: Salamence|0 fnt\n|faint|p2a: Salamence\n|\n|-damage|p1a: Houndoom|82\/100 tox|[from] psn\n|upkeep\n|\n|t:|1699767145\n|switch|p2a: Kingambit|Kingambit, F|100\/100\n|-activate|p2a: Kingambit|ability: Supreme Overlord\n|-start|p2a: Kingambit|fallen5|[silent]\n|turn|12\n|\n|t:|1699767154\n|move|p1a: Houndoom|Swords Dance|p1a: Houndoom\n|-boost|p1a: Houndoom|atk|2\n|move|p2a: Kingambit|Kowtow Cleave|p1a: Houndoom\n|-damage|p1a: Houndoom|0 fnt\n|faint|p1a: Houndoom\n|\n|upkeep\n|\n|t:|1699767156\n|switch|p1a: Old yeller|Lycanroc-Dusk, M|100\/100\n|-status|p1a: Old yeller|tox\n|turn|13\n|\n|t:|1699767160\n|move|p1a: Old yeller|Outrage|p2a: Kingambit\n|-resisted|p2a: Kingambit\n|-damage|p2a: Kingambit|85\/100\n|move|p2a: Kingambit|Kowtow Cleave|p1a: Old yeller\n|-damage|p1a: Old yeller|8\/100 tox\n|\n|-damage|p1a: Old yeller|2\/100 tox|[from] psn\n|upkeep\n|turn|14\n|\n|t:|1699767166\n|move|p1a: Old yeller|Outrage|p2a: Kingambit|[from]lockedmove\n|-resisted|p2a: Kingambit\n|-damage|p2a: Kingambit|72\/100\n|-start|p1a: Old yeller|confusion|[fatigue]\n|move|p2a: Kingambit|Kowtow Cleave|p1a: Old yeller\n|-damage|p1a: Old yeller|0 fnt\n|faint|p1a: Old yeller\n|\n|upkeep\n|\n|t:|1699767169\n|switch|p1a: Flees|Lycanroc-Dusk, M|100\/100\n|-status|p1a: Flees|tox\n|turn|15\n|\n|t:|1699767176\n|move|p1a: Flees|Play Rough|p2a: Kingambit\n|-damage|p2a: Kingambit|50\/100\n|-unboost|p2a: Kingambit|atk|1\n|move|p2a: Kingambit|Kowtow Cleave|p1a: Flees\n|-damage|p1a: Flees|38\/100 tox\n|\n|-damage|p1a: Flees|32\/100 tox|[from] psn\n|upkeep\n|turn|16\n|c|\u2606Gobermanss|Bad dog\n|\n|t:|1699767188\n|move|p1a: Flees|Play Rough|p2a: Kingambit\n|-damage|p2a: Kingambit|27\/100\n|-unboost|p2a: Kingambit|atk|1\n|move|p2a: Kingambit|Kowtow Cleave|p1a: Flees\n|-damage|p1a: Flees|0 fnt\n|faint|p1a: Flees\n|\n|upkeep\n|c|\u2606Matsurizzzu|Noooo\n|c|\u2606Matsurizzzu|good dog\n|\n|t:|1699767194\n|switch|p1a: Furry|Lycanroc-Dusk, M|100\/100\n|-status|p1a: Furry|tox\n|turn|17\n|\n|t:|1699767198\n|move|p1a: Furry|Close Combat|p2a: Kingambit\n|-supereffective|p2a: Kingambit\n|-damage|p2a: Kingambit|0 fnt\n|-unboost|p1a: Furry|def|1\n|-unboost|p1a: Furry|spd|1\n|faint|p2a: Kingambit\n|-end|p2a: Kingambit|fallen5|[silent]\n|\n|win|Matsurizzzu\n|raw|Matsurizzzu's rating: 1076 &rarr; <strong>1111<\/strong><br \/>(+35 for winning)\n|raw|Gobermanss's rating: 1154 &rarr; <strong>1123<\/strong><br \/>(-31 for losing)\n|c|\u2606Matsurizzzu|Gg\n|l|\u2606Gobermanss\n","uploadtime":1699767204,"views":25,"p1id":"matsurizzzu","p2id":"gobermanss","formatid":"gen9anythinggoes","rating":1111,"private":0,"password":""}