{"id":"gen9anythinggoes-1990674666","p1":"RequiemRevived","p2":"MrTRB","format":"[Gen 9] Anything Goes","log":"|j|\u2606RequiemRevived\n|j|\u2606MrTRB\n|t:|1699990749\n|gametype|singles\n|player|p1|RequiemRevived|dahlia|1229\n|player|p2|MrTRB|benga|1258\n|teamsize|p1|6\n|teamsize|p2|6\n|gen|9\n|tier|[Gen 9] Anything Goes\n|rated|\n|rule|HP Percentage Mod: HP is shown in percentages\n|rule|Endless Battle Clause: Forcing endless battles is banned\n|clearpoke\n|poke|p1|Blissey, F|\n|poke|p1|Skeledirge, M|\n|poke|p1|Scovillain, M|\n|poke|p1|Corviknight, M|\n|poke|p1|Dondozo, M|\n|poke|p1|Gholdengo|\n|poke|p2|Gholdengo|\n|poke|p2|Cyclizar, M|\n|poke|p2|Volcarona, F|\n|poke|p2|Dipplin, M|\n|poke|p2|Garganacl, F|\n|poke|p2|Glimmora, M|\n|teampreview\n|inactive|Battle timer is ON: inactive players will automatically lose when time's up. (requested by RequiemRevived)\n|\n|t:|1699990756\n|start\n|switch|p1a: Scovillain|Scovillain, M|100\/100\n|switch|p2a: Glimmora|Glimmora, M|100\/100\n|turn|1\n|\n|t:|1699990762\n|move|p2a: Glimmora|Stealth Rock|p1a: Scovillain\n|-sidestart|p1: RequiemRevived|move: Stealth Rock\n|move|p1a: Scovillain|Substitute|p1a: Scovillain\n|-start|p1a: Scovillain|Substitute\n|-damage|p1a: Scovillain|76\/100\n|\n|-heal|p1a: Scovillain|82\/100|[from] item: Leftovers\n|-ability|p1a: Scovillain|Moody|boost\n|-boost|p1a: Scovillain|atk|2\n|-unboost|p1a: Scovillain|def|1\n|upkeep\n|turn|2\n|\n|t:|1699990772\n|move|p2a: Glimmora|Sludge Bomb|p1a: Scovillain\n|-supereffective|p1a: Scovillain\n|-end|p1a: Scovillain|Substitute\n|move|p1a: Scovillain|Giga Drain|p2a: Glimmora\n|-crit|p2a: Glimmora\n|-damage|p2a: Glimmora|48\/100\n|-heal|p1a: Scovillain|100\/100|[from] drain|[of] p2a: Glimmora\n|\n|-ability|p1a: Scovillain|Moody|boost\n|-boost|p1a: Scovillain|def|2\n|-unboost|p1a: Scovillain|spe|1\n|upkeep\n|turn|3\n|\n|t:|1699990790\n|move|p1a: Scovillain|Protect|p1a: Scovillain\n|-singleturn|p1a: Scovillain|Protect\n|move|p2a: Glimmora|Sludge Bomb|p1a: Scovillain\n|-activate|p1a: Scovillain|move: Protect\n|\n|-ability|p1a: Scovillain|Moody|boost\n|-boost|p1a: Scovillain|def|2\n|-unboost|p1a: Scovillain|atk|1\n|upkeep\n|turn|4\n|\n|t:|1699990797\n|move|p2a: Glimmora|Sludge Bomb|p1a: Scovillain\n|-supereffective|p1a: Scovillain\n|-damage|p1a: Scovillain|2\/100\n|move|p1a: Scovillain|Giga Drain|p2a: Glimmora\n|-damage|p2a: Glimmora|14\/100\n|-heal|p1a: Scovillain|18\/100|[from] drain|[of] p2a: Glimmora\n|\n|-heal|p1a: Scovillain|24\/100|[from] item: Leftovers\n|-ability|p1a: Scovillain|Moody|boost\n|-boost|p1a: Scovillain|spa|2\n|-unboost|p1a: Scovillain|def|1\n|upkeep\n|turn|5\n|\n|t:|1699990804\n|move|p1a: Scovillain|Protect|p1a: Scovillain\n|-singleturn|p1a: Scovillain|Protect\n|move|p2a: Glimmora|Spikes|p1a: Scovillain\n|-sidestart|p1: RequiemRevived|Spikes\n|\n|-heal|p1a: Scovillain|30\/100|[from] item: Leftovers\n|-ability|p1a: Scovillain|Moody|boost\n|-boost|p1a: Scovillain|spa|2\n|-unboost|p1a: Scovillain|spd|1\n|upkeep\n|turn|6\n|\n|t:|1699990813\n|move|p2a: Glimmora|Sludge Bomb|p1a: Scovillain\n|-supereffective|p1a: Scovillain\n|-damage|p1a: Scovillain|0 fnt\n|faint|p1a: Scovillain\n|\n|upkeep\n|\n|t:|1699990816\n|switch|p1a: Corviknight|Corviknight, M, shiny|100\/100\n|turn|7\n|\n|t:|1699990821\n|move|p2a: Glimmora|Spikes|p1a: Corviknight\n|-sidestart|p1: RequiemRevived|Spikes\n|move|p1a: Corviknight|Defog|p2a: Glimmora\n|-unboost|p2a: Glimmora|evasion|1\n|-sideend|p1: RequiemRevived|Spikes|[from] move: Defog|[of] p1a: Corviknight\n|-sideend|p1: RequiemRevived|Stealth Rock|[from] move: Defog|[of] p1a: Corviknight\n|\n|upkeep\n|turn|8\n|\n|t:|1699990826\n|move|p2a: Glimmora|Stealth Rock|p1a: Corviknight\n|-sidestart|p1: RequiemRevived|move: Stealth Rock\n|move|p1a: Corviknight|Bulk Up|p1a: Corviknight\n|-boost|p1a: Corviknight|atk|1\n|-boost|p1a: Corviknight|def|1\n|\n|upkeep\n|turn|9\n|\n|t:|1699990832\n|move|p2a: Glimmora|Power Gem|p1a: Corviknight\n|-damage|p1a: Corviknight|71\/100\n|move|p1a: Corviknight|Bulk Up|p1a: Corviknight\n|-boost|p1a: Corviknight|atk|1\n|-boost|p1a: Corviknight|def|1\n|\n|upkeep\n|turn|10\n|\n|t:|1699990838\n|move|p2a: Glimmora|Spikes|p1a: Corviknight\n|-sidestart|p1: RequiemRevived|Spikes\n|move|p1a: Corviknight|Body Press|p2a: Glimmora\n|-damage|p2a: Glimmora|0 fnt\n|-activate|p2a: Glimmora|ability: Toxic Debris\n|-sidestart|p1: RequiemRevived|move: Toxic Spikes\n|faint|p2a: Glimmora\n|\n|upkeep\n|\n|t:|1699990846\n|switch|p2a: Gholdengo|Gholdengo|100\/100\n|turn|11\n|\n|t:|1699990855\n|switch|p1a: Skeledirge|Skeledirge, M|100\/100\n|-damage|p1a: Skeledirge|76\/100|[from] Stealth Rock\n|-damage|p1a: Skeledirge|63\/100|[from] Spikes\n|-status|p1a: Skeledirge|psn\n|move|p2a: Gholdengo|Nasty Plot|p2a: Gholdengo\n|-boost|p2a: Gholdengo|spa|2\n|\n|-heal|p1a: Skeledirge|69\/100 psn|[from] item: Leftovers\n|-damage|p1a: Skeledirge|57\/100 psn|[from] psn\n|upkeep\n|turn|12\n|\n|t:|1699990870\n|move|p2a: Gholdengo|Shadow Ball|p1a: Skeledirge\n|-supereffective|p1a: Skeledirge\n|-damage|p1a: Skeledirge|0 fnt\n|faint|p1a: Skeledirge\n|\n|upkeep\n|\n|t:|1699990881\n|switch|p1a: Gholdengo|Gholdengo|100\/100\n|-damage|p1a: Gholdengo|94\/100|[from] Stealth Rock\n|-damage|p1a: Gholdengo|82\/100|[from] Spikes\n|turn|13\n|\n|t:|1699990888\n|-terastallize|p1a: Gholdengo|Dark\n|move|p1a: Gholdengo|Nasty Plot|p1a: Gholdengo\n|-boost|p1a: Gholdengo|spa|2\n|move|p2a: Gholdengo|Shadow Ball|p1a: Gholdengo\n|-resisted|p1a: Gholdengo\n|-damage|p1a: Gholdengo|27\/100\n|\n|-heal|p1a: Gholdengo|33\/100|[from] item: Leftovers\n|upkeep\n|turn|14\n|\n|t:|1699990896\n|move|p1a: Gholdengo|Shadow Ball|p2a: Gholdengo\n|-supereffective|p2a: Gholdengo\n|-damage|p2a: Gholdengo|0 fnt\n|faint|p2a: Gholdengo\n|\n|-heal|p1a: Gholdengo|39\/100|[from] item: Leftovers\n|upkeep\n|\n|t:|1699990907\n|switch|p2a: Garganacl|Garganacl, F|100\/100\n|turn|15\n|\n|t:|1699990925\n|-terastallize|p2a: Garganacl|Water\n|move|p1a: Gholdengo|Make It Rain|p2a: Garganacl\n|-resisted|p2a: Garganacl\n|-damage|p2a: Garganacl|59\/100\n|-unboost|p1a: Gholdengo|spa|1\n|move|p2a: Garganacl|Iron Defense|p2a: Garganacl\n|-boost|p2a: Garganacl|def|2\n|\n|-heal|p1a: Gholdengo|45\/100|[from] item: Leftovers\n|-heal|p2a: Garganacl|65\/100|[from] item: Leftovers\n|upkeep\n|turn|16\n|\n|t:|1699990944\n|move|p1a: Gholdengo|Dazzling Gleam|p2a: Garganacl\n|-damage|p2a: Garganacl|35\/100\n|move|p2a: Garganacl|Recover|p2a: Garganacl\n|-heal|p2a: Garganacl|85\/100\n|\n|-heal|p1a: Gholdengo|51\/100|[from] item: Leftovers\n|-heal|p2a: Garganacl|92\/100|[from] item: Leftovers\n|upkeep\n|turn|17\n|\n|t:|1699990952\n|switch|p1a: Corviknight|Corviknight, M, shiny|71\/100\n|move|p2a: Garganacl|Iron Defense|p2a: Garganacl\n|-boost|p2a: Garganacl|def|2\n|\n|-heal|p2a: Garganacl|98\/100|[from] item: Leftovers\n|upkeep\n|turn|18\n|\n|t:|1699990962\n|move|p1a: Corviknight|Defog|p2a: Garganacl\n|-unboost|p2a: Garganacl|evasion|1\n|-sideend|p1: RequiemRevived|Spikes|[from] move: Defog|[of] p1a: Corviknight\n|-sideend|p1: RequiemRevived|Toxic Spikes|[from] move: Defog|[of] p1a: Corviknight\n|-sideend|p1: RequiemRevived|Stealth Rock|[from] move: Defog|[of] p1a: Corviknight\n|move|p2a: Garganacl|Salt Cure|p1a: Corviknight\n|-damage|p1a: Corviknight|60\/100\n|-start|p1a: Corviknight|Salt Cure\n|\n|-heal|p2a: Garganacl|100\/100|[from] item: Leftovers\n|-damage|p1a: Corviknight|35\/100|[from] Salt Cure\n|upkeep\n|turn|19\n|\n|t:|1699990972\n|switch|p1a: Gholdengo|Gholdengo, tera:Dark|51\/100\n|move|p2a: Garganacl|Iron Defense|p2a: Garganacl\n|-boost|p2a: Garganacl|def|2\n|\n|-heal|p1a: Gholdengo|57\/100|[from] item: Leftovers\n|upkeep\n|turn|20\n|\n|t:|1699990990\n|move|p1a: Gholdengo|Nasty Plot|p1a: Gholdengo\n|-boost|p1a: Gholdengo|spa|2\n|move|p2a: Garganacl|Body Press|p1a: Gholdengo\n|-supereffective|p1a: Gholdengo\n|-damage|p1a: Gholdengo|0 fnt\n|faint|p1a: Gholdengo\n|\n|upkeep\n|\n|t:|1699990997\n|switch|p1a: Blissey|Blissey, F|100\/100\n|turn|21\n|\n|t:|1699991000\n|move|p1a: Blissey|Thunder Wave|p2a: Garganacl\n|-immune|p2a: Garganacl|[from] ability: Purifying Salt\n|move|p2a: Garganacl|Body Press|p1a: Blissey\n|-supereffective|p1a: Blissey\n|-damage|p1a: Blissey|0 fnt\n|-damage|p2a: Garganacl|84\/100|[from] item: Rocky Helmet|[of] p1a: Blissey\n|faint|p1a: Blissey\n|\n|-heal|p2a: Garganacl|90\/100|[from] item: Leftovers\n|upkeep\n|\n|t:|1699991006\n|switch|p1a: Dondozo|Dondozo, M|100\/100\n|turn|22\n|\n|t:|1699991011\n|move|p2a: Garganacl|Body Press|p1a: Dondozo\n|-damage|p1a: Dondozo|91\/100\n|move|p1a: Dondozo|Yawn|p2a: Garganacl\n|-immune|p2a: Garganacl|[from] ability: Purifying Salt\n|\n|-heal|p2a: Garganacl|96\/100|[from] item: Leftovers\n|-heal|p1a: Dondozo|97\/100|[from] item: Leftovers\n|upkeep\n|turn|23\n|\n|t:|1699991017\n|move|p2a: Garganacl|Salt Cure|p1a: Dondozo\n|-damage|p1a: Dondozo|90\/100\n|-start|p1a: Dondozo|Salt Cure\n|move|p1a: Dondozo|Curse|p1a: Dondozo\n|-unboost|p1a: Dondozo|spe|1\n|-boost|p1a: Dondozo|atk|1\n|-boost|p1a: Dondozo|def|1\n|\n|-heal|p2a: Garganacl|100\/100|[from] item: Leftovers\n|-heal|p1a: Dondozo|96\/100|[from] item: Leftovers\n|-damage|p1a: Dondozo|71\/100|[from] Salt Cure\n|upkeep\n|turn|24\n|\n|t:|1699991024\n|move|p2a: Garganacl|Body Press|p1a: Dondozo\n|-damage|p1a: Dondozo|64\/100\n|move|p1a: Dondozo|Curse|p1a: Dondozo\n|-unboost|p1a: Dondozo|spe|1\n|-boost|p1a: Dondozo|atk|1\n|-boost|p1a: Dondozo|def|1\n|\n|-heal|p1a: Dondozo|71\/100|[from] item: Leftovers\n|-damage|p1a: Dondozo|46\/100|[from] Salt Cure\n|upkeep\n|turn|25\n|\n|t:|1699991034\n|move|p2a: Garganacl|Body Press|p1a: Dondozo\n|-damage|p1a: Dondozo|40\/100\n|move|p1a: Dondozo|Body Press|p2a: Garganacl\n|-damage|p2a: Garganacl|62\/100\n|\n|-heal|p2a: Garganacl|68\/100|[from] item: Leftovers\n|-heal|p1a: Dondozo|46\/100|[from] item: Leftovers\n|-damage|p1a: Dondozo|21\/100|[from] Salt Cure\n|upkeep\n|turn|26\n|\n|t:|1699991047\n|switch|p1a: Corviknight|Corviknight, M, shiny|35\/100\n|move|p2a: Garganacl|Recover|p2a: Garganacl\n|-heal|p2a: Garganacl|100\/100\n|\n|upkeep\n|turn|27\n|\n|t:|1699991067\n|move|p1a: Corviknight|Roost|p1a: Corviknight\n|-heal|p1a: Corviknight|85\/100\n|-singleturn|p1a: Corviknight|move: Roost\n|move|p2a: Garganacl|Salt Cure|p1a: Corviknight\n|-resisted|p1a: Corviknight\n|-damage|p1a: Corviknight|80\/100\n|-start|p1a: Corviknight|Salt Cure\n|\n|-damage|p1a: Corviknight|55\/100|[from] Salt Cure\n|upkeep\n|turn|28\n|\n|t:|1699991080\n|switch|p1a: Dondozo|Dondozo, M|21\/100\n|move|p2a: Garganacl|Salt Cure|p1a: Dondozo\n|-damage|p1a: Dondozo|15\/100\n|-start|p1a: Dondozo|Salt Cure\n|\n|-heal|p1a: Dondozo|21\/100|[from] item: Leftovers\n|-damage|p1a: Dondozo|0 fnt|[from] Salt Cure\n|faint|p1a: Dondozo\n|upkeep\n|inactive|RequiemRevived has 120 seconds left.\n|\n|t:|1699991101\n|switch|p1a: Corviknight|Corviknight, M, shiny|55\/100\n|turn|29\n|\n|t:|1699991105\n|move|p1a: Corviknight|Bulk Up|p1a: Corviknight\n|-boost|p1a: Corviknight|atk|1\n|-boost|p1a: Corviknight|def|1\n|move|p2a: Garganacl|Body Press|p1a: Corviknight\n|-damage|p1a: Corviknight|2\/100\n|\n|upkeep\n|turn|30\n|c|\u2606RequiemRevived|gg\n|\n|t:|1699991112\n|move|p1a: Corviknight|Roost|p1a: Corviknight\n|-heal|p1a: Corviknight|52\/100\n|-singleturn|p1a: Corviknight|move: Roost\n|move|p2a: Garganacl|Salt Cure|p1a: Corviknight\n|-resisted|p1a: Corviknight\n|-damage|p1a: Corviknight|49\/100\n|-start|p1a: Corviknight|Salt Cure\n|\n|-damage|p1a: Corviknight|24\/100|[from] Salt Cure\n|upkeep\n|turn|31\n|c|\u2606MrTRB|gg\n|\n|t:|1699991122\n|move|p1a: Corviknight|Body Press|p2a: Garganacl\n|-damage|p2a: Garganacl|96\/100\n|move|p2a: Garganacl|Body Press|p1a: Corviknight\n|-damage|p1a: Corviknight|0 fnt\n|faint|p1a: Corviknight\n|\n|win|MrTRB\n|raw|RequiemRevived's rating: 1229 &rarr; <strong>1206<\/strong><br \/>(-23 for losing)\n|raw|MrTRB's rating: 1258 &rarr; <strong>1281<\/strong><br \/>(+23 for winning)\n","uploadtime":1699991130,"views":5,"p1id":"requiemrevived","p2id":"mrtrb","formatid":"gen9anythinggoes","rating":1206,"private":0,"password":""}