{"id":"gen9anythinggoes-1993370777","p1":"Aragi Timoshi","p2":"jerin123","format":"[Gen 9] Anything Goes","log":"|j|\u2606Aragi Timoshi\n|j|\u2606jerin123\n|t:|1700307673\n|gametype|singles\n|player|p1|Aragi Timoshi|clerk|1205\n|player|p2|jerin123|ghetsis|1316\n|teamsize|p1|6\n|teamsize|p2|6\n|gen|9\n|tier|[Gen 9] Anything Goes\n|rated|\n|rule|HP Percentage Mod: HP is shown in percentages\n|rule|Endless Battle Clause: Forcing endless battles is banned\n|clearpoke\n|poke|p1|Chandelure, M|\n|poke|p1|Lilligant-Hisui, F|\n|poke|p1|Vivillon-Fancy, F|\n|poke|p1|Garganacl, M|\n|poke|p1|Maushold|\n|poke|p1|Corviknight, F|\n|poke|p2|Koraidon|\n|poke|p2|Iron Moth|\n|poke|p2|Cloyster, M|\n|poke|p2|Great Tusk|\n|poke|p2|Chien-Pao|\n|poke|p2|Miraidon|\n|teampreview\n|inactive|Battle timer is ON: inactive players will automatically lose when time's up. (requested by Aragi Timoshi)\n|\n|t:|1700307686\n|start\n|switch|p1a: Samson|Garganacl, M|100\/100\n|switch|p2a: Cloyster|Cloyster, M|100\/100\n|turn|1\n|\n|t:|1700307692\n|move|p2a: Cloyster|Shell Smash|p2a: Cloyster\n|-unboost|p2a: Cloyster|def|1\n|-unboost|p2a: Cloyster|spd|1\n|-boost|p2a: Cloyster|atk|2\n|-boost|p2a: Cloyster|spa|2\n|-boost|p2a: Cloyster|spe|2\n|move|p1a: Samson|Salt Cure|p2a: Cloyster\n|-supereffective|p2a: Cloyster\n|-damage|p2a: Cloyster|62\/100\n|-start|p2a: Cloyster|Salt Cure\n|\n|-damage|p2a: Cloyster|37\/100|[from] Salt Cure\n|upkeep\n|turn|2\n|\n|t:|1700307709\n|move|p1a: Samson|Protect|p1a: Samson\n|-singleturn|p1a: Samson|Protect\n|move|p2a: Cloyster|Icicle Spear|p1a: Samson\n|-activate|p1a: Samson|move: Protect\n|\n|-damage|p2a: Cloyster|13\/100|[from] Salt Cure\n|upkeep\n|turn|3\n|\n|t:|1700307718\n|move|p2a: Cloyster|Icicle Spear|p1a: Samson\n|-damage|p1a: Samson|89\/100\n|-damage|p1a: Samson|78\/100\n|-damage|p1a: Samson|67\/100\n|-damage|p1a: Samson|56\/100\n|-damage|p1a: Samson|45\/100\n|-hitcount|p1a: Samson|5\n|move|p1a: Samson|Stealth Rock|p2a: Cloyster\n|-sidestart|p2: jerin123|move: Stealth Rock\n|\n|-damage|p2a: Cloyster|0 fnt|[from] Salt Cure\n|faint|p2a: Cloyster\n|upkeep\n|\n|t:|1700307731\n|switch|p2a: Great Tusk|Great Tusk|100\/100\n|-damage|p2a: Great Tusk|98\/100|[from] Stealth Rock\n|turn|4\n|\n|t:|1700307736\n|switch|p1a: Elden Crow|Corviknight, F|100\/100\n|-ability|p1a: Elden Crow|Pressure\n|move|p2a: Great Tusk|Headlong Rush|p1a: Elden Crow\n|-immune|p1a: Elden Crow\n|\n|upkeep\n|turn|5\n|\n|t:|1700307751\n|-end|p2a: Great Tusk|Protosynthesis|[silent]\n|switch|p2a: Chien-Pao|Chien-Pao|100\/100\n|-damage|p2a: Chien-Pao|76\/100|[from] Stealth Rock\n|-ability|p2a: Chien-Pao|Sword of Ruin\n|move|p1a: Elden Crow|Brave Bird|p2a: Chien-Pao\n|-damage|p2a: Chien-Pao|28\/100\n|-damage|p1a: Elden Crow|89\/100|[from] Recoil\n|\n|upkeep\n|turn|6\n|\n|t:|1700307759\n|move|p2a: Chien-Pao|Sucker Punch|p1a: Elden Crow\n|-damage|p1a: Elden Crow|31\/100\n|move|p1a: Elden Crow|Brave Bird|p2a: Chien-Pao\n|-damage|p2a: Chien-Pao|0 fnt\n|faint|p2a: Chien-Pao\n|-damage|p1a: Elden Crow|24\/100|[from] Recoil\n|\n|upkeep\n|\n|t:|1700307783\n|switch|p2a: Koraidon|Koraidon|100\/100\n|-damage|p2a: Koraidon|94\/100|[from] Stealth Rock\n|-weather|SunnyDay|[from] ability: Orichalcum Pulse|[of] p2a: Koraidon\n|-activate|p2a: Koraidon|Orichalcum Pulse|[source]\n|turn|7\n|\n|t:|1700307790\n|move|p2a: Koraidon|Flame Charge|p1a: Elden Crow\n|-supereffective|p1a: Elden Crow\n|-damage|p1a: Elden Crow|0 fnt\n|-boost|p2a: Koraidon|spe|1\n|faint|p1a: Elden Crow\n|\n|-weather|SunnyDay|[upkeep]\n|upkeep\n|\n|t:|1700307798\n|switch|p1a: Lillel|Lilligant-Hisui, F|100\/100\n|turn|8\n|inactive|jerin123 has 120 seconds left.\n|\n|t:|1700307829\n|move|p2a: Koraidon|Flame Charge|p1a: Lillel\n|-supereffective|p1a: Lillel\n|-damage|p1a: Lillel|0 fnt\n|-boost|p2a: Koraidon|spe|1\n|faint|p1a: Lillel\n|\n|-weather|SunnyDay|[upkeep]\n|upkeep\n|\n|t:|1700307838\n|switch|p1a: Samson|Garganacl, M|45\/100\n|turn|9\n|inactive|jerin123 has 120 seconds left.\n|inactive|jerin123 has 90 seconds left.\n|\n|t:|1700307909\n|move|p2a: Koraidon|Flame Charge|p1a: Samson\n|-resisted|p1a: Samson\n|-damage|p1a: Samson|32\/100\n|-boost|p2a: Koraidon|spe|1\n|-damage|p2a: Koraidon|78\/100|[from] item: Rocky Helmet|[of] p1a: Samson\n|move|p1a: Samson|Recover|p1a: Samson\n|-heal|p1a: Samson|82\/100\n|\n|-weather|SunnyDay|[upkeep]\n|upkeep\n|turn|10\n|\n|t:|1700307924\n|switch|p2a: Great Tusk|Great Tusk|98\/100\n|-damage|p2a: Great Tusk|95\/100|[from] Stealth Rock\n|-activate|p2a: Great Tusk|ability: Protosynthesis\n|-start|p2a: Great Tusk|protosynthesisatk\n|move|p1a: Samson|Salt Cure|p2a: Great Tusk\n|-resisted|p2a: Great Tusk\n|-damage|p2a: Great Tusk|92\/100\n|-start|p2a: Great Tusk|Salt Cure\n|\n|-weather|SunnyDay|[upkeep]\n|-damage|p2a: Great Tusk|80\/100|[from] Salt Cure\n|upkeep\n|turn|11\n|\n|t:|1700307934\n|move|p1a: Samson|Protect|p1a: Samson\n|-singleturn|p1a: Samson|Protect\n|move|p2a: Great Tusk|Headlong Rush|p1a: Samson\n|-activate|p1a: Samson|move: Protect\n|\n|-weather|none\n|-end|p2a: Great Tusk|Protosynthesis\n|-damage|p2a: Great Tusk|67\/100|[from] Salt Cure\n|upkeep\n|turn|12\n|\n|t:|1700307938\n|switch|p1a: Vivi|Vivillon-Fancy, F|100\/100\n|move|p2a: Great Tusk|Headlong Rush|p1a: Vivi\n|-immune|p1a: Vivi\n|\n|-damage|p2a: Great Tusk|55\/100|[from] Salt Cure\n|upkeep\n|turn|13\n|inactive|jerin123 has 90 seconds left.\n|\n|t:|1700307963\n|-end|p2a: Great Tusk|Protosynthesis|[silent]\n|switch|p2a: Koraidon|Koraidon|78\/100\n|-damage|p2a: Koraidon|72\/100|[from] Stealth Rock\n|-weather|SunnyDay|[from] ability: Orichalcum Pulse|[of] p2a: Koraidon\n|-activate|p2a: Koraidon|Orichalcum Pulse|[source]\n|move|p1a: Vivi|Sleep Powder|p2a: Koraidon\n|-status|p2a: Koraidon|slp|[from] move: Sleep Powder\n|\n|-weather|SunnyDay|[upkeep]\n|upkeep\n|turn|14\n|\n|t:|1700307969\n|cant|p2a: Koraidon|slp\n|move|p1a: Vivi|Quiver Dance|p1a: Vivi\n|-boost|p1a: Vivi|spa|1\n|-boost|p1a: Vivi|spd|1\n|-boost|p1a: Vivi|spe|1\n|\n|-weather|SunnyDay|[upkeep]\n|upkeep\n|turn|15\n|\n|t:|1700307973\n|switch|p2a: Iron Moth|Iron Moth|100\/100\n|-damage|p2a: Iron Moth|76\/100|[from] Stealth Rock\n|-enditem|p2a: Iron Moth|Booster Energy\n|-activate|p2a: Iron Moth|ability: Quark Drive|[fromitem]\n|-start|p2a: Iron Moth|quarkdrivespa\n|move|p1a: Vivi|Hurricane|p2a: Iron Moth\n|-damage|p2a: Iron Moth|1\/100\n|\n|-weather|SunnyDay|[upkeep]\n|upkeep\n|turn|16\n|\n|t:|1700307979\n|move|p1a: Vivi|Psychic|p2a: Iron Moth\n|-supereffective|p2a: Iron Moth\n|-damage|p2a: Iron Moth|0 fnt\n|faint|p2a: Iron Moth\n|-end|p2a: Iron Moth|Quark Drive|[silent]\n|\n|-weather|SunnyDay|[upkeep]\n|upkeep\n|inactive|jerin123 has 90 seconds left.\n|\n|t:|1700308005\n|switch|p2a: Koraidon|Koraidon|72\/100 slp\n|-damage|p2a: Koraidon|66\/100 slp|[from] Stealth Rock\n|-activate|p2a: Koraidon|ability: Orichalcum Pulse\n|turn|17\n|\n|t:|1700308011\n|move|p1a: Vivi|Hurricane|p2a: Koraidon\n|-supereffective|p2a: Koraidon\n|-damage|p2a: Koraidon|0 fnt\n|faint|p2a: Koraidon\n|\n|-weather|none\n|upkeep\n|inactive|jerin123 has 90 seconds left.\n|\n|t:|1700308043\n|switch|p2a: Miraidon|Miraidon|100\/100\n|-damage|p2a: Miraidon|88\/100|[from] Stealth Rock\n|-fieldstart|move: Electric Terrain|[from] ability: Hadron Engine|[of] p2a: Miraidon\n|turn|18\n|\n|t:|1700308056\n|-terastallize|p1a: Vivi|Electric\n|move|p1a: Vivi|Psychic|p2a: Miraidon\n|-damage|p2a: Miraidon|57\/100\n|move|p2a: Miraidon|Dazzling Gleam|p1a: Vivi\n|-damage|p1a: Vivi|6\/100\n|\n|upkeep\n|turn|19\n|inactive|jerin123 has 60 seconds left.\n|\n|t:|1700308089\n|move|p1a: Vivi|Psychic|p2a: Miraidon\n|-damage|p2a: Miraidon|26\/100\n|move|p2a: Miraidon|Dazzling Gleam|p1a: Vivi\n|-damage|p1a: Vivi|0 fnt\n|faint|p1a: Vivi\n|\n|upkeep\n|\n|t:|1700308094\n|switch|p1a: Flare|Chandelure, M|100\/100\n|turn|20\n|\n|t:|1700308099\n|move|p1a: Flare|Shadow Ball|p2a: Miraidon\n|-damage|p2a: Miraidon|0 fnt\n|faint|p2a: Miraidon\n|\n|upkeep\n|\n|t:|1700308103\n|switch|p2a: Great Tusk|Great Tusk|55\/100\n|-damage|p2a: Great Tusk|52\/100|[from] Stealth Rock\n|turn|21\n|\n|t:|1700308113\n|move|p2a: Great Tusk|Headlong Rush|p1a: Flare\n|-supereffective|p1a: Flare\n|-damage|p1a: Flare|0 fnt\n|-unboost|p2a: Great Tusk|def|1\n|-unboost|p2a: Great Tusk|spd|1\n|faint|p1a: Flare\n|\n|upkeep\n|\n|t:|1700308120\n|switch|p1a: Samson|Garganacl, M|82\/100\n|turn|22\n|inactive|jerin123 has 90 seconds left.\n|\n|t:|1700308152\n|move|p1a: Samson|Protect|p1a: Samson\n|-singleturn|p1a: Samson|Protect\n|move|p2a: Great Tusk|Headlong Rush|p1a: Samson\n|-activate|p1a: Samson|move: Protect\n|\n|-fieldend|move: Electric Terrain\n|upkeep\n|turn|23\n|inactive|jerin123 has 60 seconds left.\n|inactive|jerin123 has 30 seconds left.\n|\n|t:|1700308209\n|move|p1a: Samson|Protect||[still]\n|-fail|p1a: Samson\n|move|p2a: Great Tusk|Headlong Rush|p1a: Samson\n|-supereffective|p1a: Samson\n|-damage|p1a: Samson|21\/100\n|-unboost|p2a: Great Tusk|def|1\n|-unboost|p2a: Great Tusk|spd|1\n|-damage|p2a: Great Tusk|36\/100|[from] item: Rocky Helmet|[of] p1a: Samson\n|\n|upkeep\n|turn|24\n|\n|t:|1700308215\n|move|p1a: Samson|Protect|p1a: Samson\n|-singleturn|p1a: Samson|Protect\n|move|p2a: Great Tusk|Headlong Rush|p1a: Samson\n|-activate|p1a: Samson|move: Protect\n|\n|upkeep\n|turn|25\n|\n|t:|1700308222\n|-activate|p2a: Great Tusk|move: Struggle\n|move|p2a: Great Tusk|Struggle|p1a: Samson\n|-damage|p1a: Samson|11\/100\n|-damage|p2a: Great Tusk|19\/100|[from] item: Rocky Helmet|[of] p1a: Samson\n|-damage|p2a: Great Tusk|0 fnt|[from] recoil\n|faint|p2a: Great Tusk\n|-end|p2a: Great Tusk|Protosynthesis|[silent]\n|\n|win|Aragi Timoshi\n|raw|Aragi Timoshi's rating: 1205 &rarr; <strong>1238<\/strong><br \/>(+33 for winning)\n|raw|jerin123's rating: 1316 &rarr; <strong>1290<\/strong><br \/>(-26 for losing)\n|c|\u2606Aragi Timoshi|Gg\n|c|\u2606jerin123|gg\n|c|\u2606jerin123|wp\n|c|\u2606Aragi Timoshi|You too\n|c|\u2606Aragi Timoshi|Wo\n|c|\u2606Aragi Timoshi|Wp\n","uploadtime":1700308316,"views":3,"p1id":"aragitimoshi","p2id":"jerin123","formatid":"gen9anythinggoes","rating":1238,"private":0,"password":""}