{"id":"gen9anythinggoes-1975225235","p1":"Pure Hackmons","p2":"Banded Body Press","format":"[Gen 9] Anything Goes","log":"|j|\u2606Pure Hackmons@!\n|j|\u2606Banded Body Press\n|t:|1698171642\n|gametype|singles\n|player|p1|Pure Hackmons|ethan|\n|player|p2|Banded Body Press|bugcatcher-gen4dp|\n|teamsize|p1|6\n|teamsize|p2|6\n|gen|9\n|tier|[Gen 9] Anything Goes\n|rated|Tournament battle\n|rule|HP Percentage Mod: HP is shown in percentages\n|rule|Endless Battle Clause: Forcing endless battles is banned\n|rule|Species Clause: Limit one of each Pok\u00e9mon\n|rule|OHKO Clause: OHKO moves are banned\n|rule|Evasion Moves Clause: Evasion moves are banned\n|rule|1 Ability Clause: Limit 1 of each ability\n|rule|Sleep Moves Clause: Sleep-inducing moves are banned\n|rule|Terastal Clause: You cannot Terastallize\n|clearpoke\n|poke|p1|Ting-Lu|\n|poke|p1|Blissey, F|\n|poke|p1|Empoleon, F|\n|poke|p1|Corviknight, F|\n|poke|p1|Dipplin, F|\n|poke|p1|Toxapex, F|\n|poke|p2|Gliscor, M|\n|poke|p2|Toxapex, M|\n|poke|p2|Mandibuzz, F|\n|poke|p2|Ogerpon-Hearthflame, F|\n|poke|p2|Rotom-Heat|\n|poke|p2|Scream Tail|\n|teampreview\n|j|%Iolanthe\n|c|\u2606Pure Hackmons|hf\n|\n|t:|1698171659\n|start\n|switch|p1a: Toxapex|Toxapex, F|100\/100\n|switch|p2a: Toxapex|Toxapex, M|100\/100\n|turn|1\n|l|%Iolanthe\n|\n|t:|1698171664\n|move|p2a: Toxapex|Scald|p1a: Toxapex\n|-resisted|p1a: Toxapex\n|-damage|p1a: Toxapex|94\/100\n|move|p1a: Toxapex|Scald|p2a: Toxapex\n|-resisted|p2a: Toxapex\n|-damage|p2a: Toxapex|97\/100\n|\n|upkeep\n|turn|2\n|\n|t:|1698171674\n|move|p2a: Toxapex|Scald|p1a: Toxapex\n|-resisted|p1a: Toxapex\n|-damage|p1a: Toxapex|88\/100\n|move|p1a: Toxapex|Scald|p2a: Toxapex\n|-resisted|p2a: Toxapex\n|-damage|p2a: Toxapex|93\/100\n|\n|upkeep\n|turn|3\n|\n|t:|1698171678\n|move|p2a: Toxapex|Scald|p1a: Toxapex\n|-resisted|p1a: Toxapex\n|-damage|p1a: Toxapex|81\/100\n|move|p1a: Toxapex|Scald|p2a: Toxapex\n|-resisted|p2a: Toxapex\n|-damage|p2a: Toxapex|90\/100\n|\n|upkeep\n|turn|4\n|\n|t:|1698171681\n|move|p2a: Toxapex|Scald|p1a: Toxapex\n|-resisted|p1a: Toxapex\n|-damage|p1a: Toxapex|75\/100\n|move|p1a: Toxapex|Scald|p2a: Toxapex\n|-resisted|p2a: Toxapex\n|-damage|p2a: Toxapex|86\/100\n|-status|p2a: Toxapex|brn\n|\n|-damage|p2a: Toxapex|80\/100 brn|[from] brn\n|upkeep\n|turn|5\n|j| Jterry\n|\n|t:|1698171694\n|move|p2a: Toxapex|Mortal Spin|p1a: Toxapex\n|-resisted|p1a: Toxapex\n|-damage|p1a: Toxapex|74\/100\n|-damage|p2a: Toxapex|63\/100 brn|[from] item: Rocky Helmet|[of] p1a: Toxapex\n|move|p1a: Toxapex|Flip Turn|p2a: Toxapex\n|-resisted|p2a: Toxapex\n|-damage|p2a: Toxapex|57\/100 brn\n|\n|t:|1698171699\n|switch|p1a: Empoleon|Empoleon, F|100\/100|[from] Flip Turn\n|\n|-damage|p2a: Toxapex|51\/100 brn|[from] brn\n|upkeep\n|turn|6\n|\n|t:|1698171704\n|move|p1a: Empoleon|Knock Off|p2a: Toxapex\n|-damage|p2a: Toxapex|36\/100 brn\n|-enditem|p2a: Toxapex|Assault Vest|[from] move: Knock Off|[of] p1a: Empoleon\n|move|p2a: Toxapex|Flip Turn|p1a: Empoleon\n|-resisted|p1a: Empoleon\n|-damage|p1a: Empoleon|98\/100\n|l| Jterry\n|\n|t:|1698171711\n|switch|p2a: Mandibuzz|Mandibuzz, F|100\/100|[from] Flip Turn\n|\n|-heal|p1a: Empoleon|100\/100|[from] item: Leftovers\n|upkeep\n|turn|7\n|\n|t:|1698171716\n|switch|p1a: Toxapex|Toxapex, F|100\/100\n|move|p2a: Mandibuzz|Knock Off|p1a: Toxapex\n|-damage|p1a: Toxapex|86\/100\n|-damage|p2a: Mandibuzz|84\/100|[from] item: Rocky Helmet|[of] p1a: Toxapex\n|-enditem|p1a: Toxapex|Rocky Helmet|[from] move: Knock Off|[of] p2a: Mandibuzz\n|\n|upkeep\n|turn|8\n|\n|t:|1698171723\n|move|p2a: Mandibuzz|U-turn|p1a: Toxapex\n|-resisted|p1a: Toxapex\n|-damage|p1a: Toxapex|83\/100\n|\n|t:|1698171725\n|switch|p2a: Toxapex|Toxapex, M|69\/100 brn|[from] U-turn\n|move|p1a: Toxapex|Flip Turn|p2a: Toxapex\n|-resisted|p2a: Toxapex\n|-damage|p2a: Toxapex|64\/100 brn\n|\n|t:|1698171729\n|switch|p1a: Empoleon|Empoleon, F|100\/100|[from] Flip Turn\n|\n|-damage|p2a: Toxapex|58\/100 brn|[from] brn\n|upkeep\n|turn|9\n|\n|t:|1698171734\n|switch|p1a: Toxapex|Toxapex, F|100\/100\n|move|p2a: Toxapex|Flip Turn|p1a: Toxapex\n|-resisted|p1a: Toxapex\n|-damage|p1a: Toxapex|98\/100\n|\n|t:|1698171742\n|switch|p2a: Rotom|Rotom-Heat|100\/100|[from] Flip Turn\n|\n|upkeep\n|turn|10\n|\n|t:|1698171746\n|switch|p1a: Blissey|Blissey, F|100\/100\n|move|p2a: Rotom|Will-O-Wisp|p1a: Blissey\n|-status|p1a: Blissey|brn\n|\n|-damage|p1a: Blissey|94\/100 brn|[from] brn\n|upkeep\n|turn|11\n|\n|t:|1698171755\n|switch|p1a: Toxapex|Toxapex, F|100\/100\n|move|p2a: Rotom|Will-O-Wisp|p1a: Toxapex\n|-status|p1a: Toxapex|brn\n|\n|-damage|p1a: Toxapex|95\/100 brn|[from] brn\n|upkeep\n|turn|12\n|\n|t:|1698171762\n|switch|p1a: Blissey|Blissey, F|94\/100 brn\n|move|p2a: Rotom|Volt Switch|p1a: Blissey\n|-damage|p1a: Blissey|86\/100 brn\n|\n|t:|1698171773\n|switch|p2a: Gliscor|Gliscor, M|100\/100|[from] Volt Switch\n|-ability|p2a: Gliscor|Intimidate|boost\n|-unboost|p1a: Blissey|atk|1\n|\n|-heal|p1a: Blissey|92\/100 brn|[from] item: Leftovers\n|-damage|p1a: Blissey|86\/100 brn|[from] brn\n|upkeep\n|turn|13\n|\n|t:|1698171778\n|switch|p1a: Toxapex|Toxapex, F|100\/100 brn\n|move|p2a: Gliscor|U-turn|p1a: Toxapex\n|-resisted|p1a: Toxapex\n|-damage|p1a: Toxapex|96\/100 brn\n|\n|t:|1698171789\n|switch|p2a: Mandibuzz|Mandibuzz, F|84\/100|[from] U-turn\n|\n|-damage|p1a: Toxapex|90\/100 brn|[from] brn\n|upkeep\n|turn|14\n|\n|t:|1698171793\n|move|p2a: Mandibuzz|U-turn|p1a: Toxapex\n|-resisted|p1a: Toxapex\n|-damage|p1a: Toxapex|86\/100 brn\n|\n|t:|1698171795\n|switch|p2a: Toxapex|Toxapex, M|91\/100 brn|[from] U-turn\n|move|p1a: Toxapex|Mortal Spin|p2a: Toxapex\n|-resisted|p2a: Toxapex\n|-damage|p2a: Toxapex|90\/100 brn\n|\n|-damage|p2a: Toxapex|84\/100 brn|[from] brn\n|-damage|p1a: Toxapex|80\/100 brn|[from] brn\n|upkeep\n|turn|15\n|\n|t:|1698171799\n|move|p2a: Toxapex|Flip Turn|p1a: Toxapex\n|-resisted|p1a: Toxapex\n|-damage|p1a: Toxapex|78\/100 brn\n|\n|t:|1698171801\n|switch|p2a: Rotom|Rotom-Heat|100\/100|[from] Flip Turn\n|move|p1a: Toxapex|Flip Turn|p2a: Rotom\n|-supereffective|p2a: Rotom\n|-damage|p2a: Rotom|90\/100\n|\n|t:|1698171812\n|switch|p1a: Blissey|Blissey, F|86\/100 brn|[from] Flip Turn\n|\n|-heal|p2a: Rotom|96\/100|[from] item: Leftovers\n|-heal|p1a: Blissey|92\/100 brn|[from] item: Leftovers\n|-damage|p1a: Blissey|86\/100 brn|[from] brn\n|upkeep\n|turn|16\n|\n|t:|1698171816\n|switch|p1a: Toxapex|Toxapex, F|100\/100 brn\n|move|p2a: Rotom|Volt Switch|p1a: Toxapex\n|-supereffective|p1a: Toxapex\n|-damage|p1a: Toxapex|61\/100 brn\n|\n|t:|1698171821\n|switch|p2a: Scream Tail|Scream Tail|100\/100|[from] Volt Switch\n|\n|-damage|p1a: Toxapex|55\/100 brn|[from] brn\n|upkeep\n|turn|17\n|\n|t:|1698171826\n|switch|p2a: Ogerpon|Ogerpon-Hearthflame, F|100\/100\n|switch|p1a: Empoleon|Empoleon, F|100\/100\n|\n|upkeep\n|turn|18\n|\n|t:|1698171835\n|switch|p1a: Dipplin|Dipplin, F|100\/100\n|-ability|p1a: Dipplin|Intimidate|boost\n|-unboost|p2a: Ogerpon|atk|1\n|move|p2a: Ogerpon|Swords Dance|p2a: Ogerpon\n|-boost|p2a: Ogerpon|atk|2\n|\n|upkeep\n|turn|19\n|\n|t:|1698171843\n|move|p2a: Ogerpon|Swords Dance|p2a: Ogerpon\n|-boost|p2a: Ogerpon|atk|2\n|move|p1a: Dipplin|Dragon Tail|p2a: Ogerpon\n|-damage|p2a: Ogerpon|78\/100\n|drag|p2a: Gliscor|Gliscor, M|100\/100\n|-ability|p2a: Gliscor|Intimidate|boost\n|-unboost|p1a: Dipplin|atk|1\n|\n|upkeep\n|turn|20\n|\n|t:|1698171847\n|switch|p1a: Toxapex|Toxapex, F|88\/100 brn\n|move|p2a: Gliscor|Stealth Rock|p1a: Toxapex\n|-sidestart|p1: Pure Hackmons|move: Stealth Rock\n|\n|-damage|p1a: Toxapex|82\/100 brn|[from] brn\n|upkeep\n|turn|21\n|\n|t:|1698171854\n|switch|p1a: Corviknight|Corviknight, F|100\/100\n|-damage|p1a: Corviknight|88\/100|[from] Stealth Rock\n|move|p2a: Gliscor|U-turn|p1a: Corviknight\n|-resisted|p1a: Corviknight\n|-damage|p1a: Corviknight|87\/100\n|\n|t:|1698171858\n|switch|p2a: Ogerpon|Ogerpon-Hearthflame, F|78\/100|[from] U-turn\n|\n|-heal|p1a: Corviknight|93\/100|[from] item: Leftovers\n|upkeep\n|turn|22\n|\n|t:|1698171862\n|switch|p1a: Dipplin|Dipplin, F|100\/100\n|-damage|p1a: Dipplin|88\/100|[from] Stealth Rock\n|-ability|p1a: Dipplin|Intimidate|boost\n|-unboost|p2a: Ogerpon|atk|1\n|move|p2a: Ogerpon|Swords Dance|p2a: Ogerpon\n|-boost|p2a: Ogerpon|atk|2\n|\n|upkeep\n|turn|23\n|\n|t:|1698171867\n|move|p2a: Ogerpon|Bitter Blade|p1a: Dipplin\n|-damage|p1a: Dipplin|53\/100\n|-heal|p2a: Ogerpon|99\/100|[from] drain|[of] p1a: Dipplin\n|move|p1a: Dipplin|Strength Sap|p2a: Ogerpon\n|-unboost|p2a: Ogerpon|atk|1\n|-heal|p1a: Dipplin|100\/100\n|\n|upkeep\n|turn|24\n|\n|t:|1698171875\n|switch|p2a: Scream Tail|Scream Tail|100\/100\n|move|p1a: Dipplin|Dragon Tail|p2a: Scream Tail\n|-immune|p2a: Scream Tail\n|\n|upkeep\n|turn|25\n|\n|t:|1698171878\n|switch|p1a: Toxapex|Toxapex, F|100\/100 brn\n|-damage|p1a: Toxapex|88\/100 brn|[from] Stealth Rock\n|move|p2a: Scream Tail|Calm Mind|p2a: Scream Tail\n|-boost|p2a: Scream Tail|spa|1\n|-boost|p2a: Scream Tail|spd|1\n|\n|-damage|p1a: Toxapex|82\/100 brn|[from] brn\n|upkeep\n|turn|26\n|\n|t:|1698171883\n|move|p2a: Scream Tail|Esper Wing|p1a: Toxapex\n|-supereffective|p1a: Toxapex\n|-damage|p1a: Toxapex|34\/100 brn\n|-boost|p2a: Scream Tail|spe|1\n|move|p1a: Toxapex|Mortal Spin|p2a: Scream Tail\n|-supereffective|p2a: Scream Tail\n|-crit|p2a: Scream Tail\n|-damage|p2a: Scream Tail|94\/100\n|-status|p2a: Scream Tail|psn\n|-sideend|p1: Pure Hackmons|Stealth Rock|[from] move: Mortal Spin|[of] p1a: Toxapex\n|\n|-heal|p2a: Scream Tail|100\/100 psn|[from] item: Leftovers\n|-damage|p2a: Scream Tail|88\/100 psn|[from] psn\n|-damage|p1a: Toxapex|28\/100 brn|[from] brn\n|upkeep\n|turn|27\n|\n|t:|1698171888\n|switch|p1a: Empoleon|Empoleon, F|100\/100\n|move|p2a: Scream Tail|Calm Mind|p2a: Scream Tail\n|-boost|p2a: Scream Tail|spa|1\n|-boost|p2a: Scream Tail|spd|1\n|\n|-heal|p2a: Scream Tail|94\/100 psn|[from] item: Leftovers\n|-damage|p2a: Scream Tail|82\/100 psn|[from] psn\n|upkeep\n|turn|28\n|\n|t:|1698171893\n|move|p2a: Scream Tail|Boomburst|p1a: Empoleon\n|-resisted|p1a: Empoleon\n|-damage|p1a: Empoleon|63\/100\n|move|p1a: Empoleon|Knock Off|p2a: Scream Tail\n|-damage|p2a: Scream Tail|70\/100 psn\n|-enditem|p2a: Scream Tail|Leftovers|[from] move: Knock Off|[of] p1a: Empoleon\n|\n|-heal|p1a: Empoleon|70\/100|[from] item: Leftovers\n|-damage|p2a: Scream Tail|57\/100 psn|[from] psn\n|upkeep\n|turn|29\n|\n|t:|1698171898\n|switch|p1a: Blissey|Blissey, F|86\/100 brn\n|move|p2a: Scream Tail|Calm Mind|p2a: Scream Tail\n|-boost|p2a: Scream Tail|spa|1\n|-boost|p2a: Scream Tail|spd|1\n|\n|-heal|p1a: Blissey|92\/100 brn|[from] item: Leftovers\n|-damage|p2a: Scream Tail|45\/100 psn|[from] psn\n|-damage|p1a: Blissey|86\/100 brn|[from] brn\n|upkeep\n|turn|30\n|\n|t:|1698171905\n|move|p2a: Scream Tail|Calm Mind|p2a: Scream Tail\n|-boost|p2a: Scream Tail|spa|1\n|-boost|p2a: Scream Tail|spd|1\n|move|p1a: Blissey|Transform|p2a: Scream Tail\n|-transform|p1a: Blissey|p2a: Scream Tail\n|\n|-heal|p1a: Blissey|92\/100 brn|[from] item: Leftovers\n|-damage|p2a: Scream Tail|33\/100 psn|[from] psn\n|-damage|p1a: Blissey|86\/100 brn|[from] brn\n|upkeep\n|turn|31\n|\n|t:|1698171912\n|move|p2a: Scream Tail|Moonlight|p2a: Scream Tail\n|-heal|p2a: Scream Tail|83\/100 psn\n|move|p1a: Blissey|Boomburst|p2a: Scream Tail\n|-damage|p2a: Scream Tail|54\/100 psn\n|\n|-heal|p1a: Blissey|92\/100 brn|[from] item: Leftovers\n|-damage|p2a: Scream Tail|42\/100 psn|[from] psn\n|-damage|p1a: Blissey|86\/100 brn|[from] brn\n|upkeep\n|turn|32\n|\n|t:|1698171917\n|move|p1a: Blissey|Boomburst|p2a: Scream Tail\n|-damage|p2a: Scream Tail|16\/100 psn\n|move|p2a: Scream Tail|Moonlight|p2a: Scream Tail\n|-heal|p2a: Scream Tail|66\/100 psn\n|\n|-heal|p1a: Blissey|92\/100 brn|[from] item: Leftovers\n|-damage|p2a: Scream Tail|53\/100 psn|[from] psn\n|-damage|p1a: Blissey|86\/100 brn|[from] brn\n|upkeep\n|turn|33\n|\n|t:|1698171919\n|move|p2a: Scream Tail|Moonlight|p2a: Scream Tail\n|-heal|p2a: Scream Tail|100\/100 psn\n|move|p1a: Blissey|Boomburst|p2a: Scream Tail\n|-damage|p2a: Scream Tail|73\/100 psn\n|\n|-heal|p1a: Blissey|92\/100 brn|[from] item: Leftovers\n|-damage|p2a: Scream Tail|60\/100 psn|[from] psn\n|-damage|p1a: Blissey|86\/100 brn|[from] brn\n|upkeep\n|turn|34\n|\n|t:|1698171927\n|move|p2a: Scream Tail|Calm Mind|p2a: Scream Tail\n|-boost|p2a: Scream Tail|spa|1\n|-boost|p2a: Scream Tail|spd|1\n|move|p1a: Blissey|Boomburst|p2a: Scream Tail\n|-damage|p2a: Scream Tail|36\/100 psn\n|\n|-heal|p1a: Blissey|92\/100 brn|[from] item: Leftovers\n|-damage|p2a: Scream Tail|24\/100 psn|[from] psn\n|-damage|p1a: Blissey|86\/100 brn|[from] brn\n|upkeep\n|turn|35\n|\n|t:|1698171932\n|switch|p1a: Empoleon|Empoleon, F|70\/100\n|move|p2a: Scream Tail|Moonlight|p2a: Scream Tail\n|-heal|p2a: Scream Tail|74\/100 psn\n|\n|-heal|p1a: Empoleon|76\/100|[from] item: Leftovers\n|-damage|p2a: Scream Tail|61\/100 psn|[from] psn\n|upkeep\n|turn|36\n|\n|t:|1698171937\n|switch|p1a: Blissey|Blissey, F|86\/100 brn\n|move|p2a: Scream Tail|Boomburst|p1a: Blissey\n|-damage|p1a: Blissey|73\/100 brn\n|\n|-heal|p1a: Blissey|79\/100 brn|[from] item: Leftovers\n|-damage|p2a: Scream Tail|49\/100 psn|[from] psn\n|-damage|p1a: Blissey|73\/100 brn|[from] brn\n|upkeep\n|turn|37\n|\n|t:|1698171959\n|switch|p2a: Rotom|Rotom-Heat|96\/100\n|move|p1a: Blissey|Shadow Ball|p2a: Rotom\n|-damage|p2a: Rotom|79\/100\n|-unboost|p2a: Rotom|spd|1\n|\n|-heal|p2a: Rotom|86\/100|[from] item: Leftovers\n|-heal|p1a: Blissey|79\/100 brn|[from] item: Leftovers\n|-damage|p1a: Blissey|73\/100 brn|[from] brn\n|upkeep\n|turn|38\n|\n|t:|1698171968\n|move|p2a: Rotom|Volt Switch|p1a: Blissey\n|-damage|p1a: Blissey|65\/100 brn\n|\n|t:|1698171970\n|switch|p2a: Ogerpon|Ogerpon-Hearthflame, F|99\/100|[from] Volt Switch\n|move|p1a: Blissey|Transform|p2a: Ogerpon\n|-transform|p1a: Blissey|p2a: Ogerpon\n|\n|-heal|p1a: Blissey|71\/100 brn|[from] item: Leftovers\n|-damage|p1a: Blissey|65\/100 brn|[from] brn\n|upkeep\n|turn|39\n|\n|t:|1698171989\n|switch|p2a: Toxapex|Toxapex, M|100\/100 brn\n|switch|p1a: Dipplin|Dipplin, F|100\/100\n|-ability|p1a: Dipplin|Intimidate|boost\n|-unboost|p2a: Toxapex|atk|1\n|\n|-damage|p2a: Toxapex|95\/100 brn|[from] brn\n|upkeep\n|turn|40\n|\n|t:|1698171993\n|switch|p1a: Toxapex|Toxapex, F|62\/100 brn\n|move|p2a: Toxapex|Scald|p1a: Toxapex\n|-resisted|p1a: Toxapex\n|-damage|p1a: Toxapex|56\/100 brn\n|\n|-damage|p2a: Toxapex|89\/100 brn|[from] brn\n|-damage|p1a: Toxapex|50\/100 brn|[from] brn\n|upkeep\n|turn|41\n|\n|t:|1698171999\n|switch|p1a: Empoleon|Empoleon, F|76\/100\n|move|p2a: Toxapex|Flip Turn|p1a: Empoleon\n|-resisted|p1a: Empoleon\n|-damage|p1a: Empoleon|74\/100\n|\n|t:|1698172002\n|switch|p2a: Ogerpon|Ogerpon-Hearthflame, F|99\/100|[from] Flip Turn\n|\n|-heal|p1a: Empoleon|80\/100|[from] item: Leftovers\n|upkeep\n|turn|42\n|\n|t:|1698172007\n|switch|p1a: Dipplin|Dipplin, F|100\/100\n|-ability|p1a: Dipplin|Intimidate|boost\n|-unboost|p2a: Ogerpon|atk|1\n|move|p2a: Ogerpon|Swords Dance|p2a: Ogerpon\n|-boost|p2a: Ogerpon|atk|2\n|\n|upkeep\n|turn|43\n|\n|t:|1698172014\n|move|p2a: Ogerpon|Bitter Blade|p1a: Dipplin\n|-damage|p1a: Dipplin|67\/100\n|-heal|p2a: Ogerpon|100\/100|[from] drain|[of] p1a: Dipplin\n|move|p1a: Dipplin|Dragon Tail|p2a: Ogerpon\n|-damage|p2a: Ogerpon|78\/100\n|drag|p2a: Rotom|Rotom-Heat|86\/100\n|\n|-heal|p2a: Rotom|92\/100|[from] item: Leftovers\n|upkeep\n|turn|44\n|\n|t:|1698172028\n|switch|p1a: Blissey|Blissey, F|65\/100 brn\n|move|p2a: Rotom|Will-O-Wisp|p1a: Blissey\n|-fail|p1a: Blissey|brn\n|\n|-heal|p2a: Rotom|98\/100|[from] item: Leftovers\n|-heal|p1a: Blissey|71\/100 brn|[from] item: Leftovers\n|-damage|p1a: Blissey|65\/100 brn|[from] brn\n|upkeep\n|turn|45\n|\n|t:|1698172033\n|switch|p2a: Mandibuzz|Mandibuzz, F|84\/100\n|switch|p1a: Toxapex|Toxapex, F|83\/100 brn\n|\n|-damage|p1a: Toxapex|77\/100 brn|[from] brn\n|upkeep\n|turn|46\n|\n|t:|1698172041\n|switch|p2a: Rotom|Rotom-Heat|98\/100\n|switch|p1a: Ting-Lu|Ting-Lu|100\/100\n|-ability|p1a: Ting-Lu|Tablets of Ruin\n|\n|-heal|p2a: Rotom|100\/100|[from] item: Leftovers\n|upkeep\n|turn|47\n|\n|t:|1698172045\n|switch|p1a: Toxapex|Toxapex, F|100\/100 brn\n|move|p2a: Rotom|Will-O-Wisp|p1a: Toxapex\n|-fail|p1a: Toxapex|brn\n|\n|-damage|p1a: Toxapex|95\/100 brn|[from] brn\n|upkeep\n|turn|48\n|\n|t:|1698172053\n|move|p2a: Rotom|Volt Switch|p1a: Toxapex\n|-supereffective|p1a: Toxapex\n|-damage|p1a: Toxapex|50\/100 brn\n|\n|t:|1698172055\n|switch|p2a: Toxapex|Toxapex, M|100\/100 brn|[from] Volt Switch\n|move|p1a: Toxapex|Flip Turn|p2a: Toxapex\n|-resisted|p2a: Toxapex\n|-damage|p2a: Toxapex|98\/100 brn\n|\n|t:|1698172061\n|switch|p1a: Empoleon|Empoleon, F|80\/100|[from] Flip Turn\n|\n|-heal|p1a: Empoleon|87\/100|[from] item: Leftovers\n|-damage|p2a: Toxapex|92\/100 brn|[from] brn\n|upkeep\n|turn|49\n|\n|t:|1698172066\n|switch|p1a: Toxapex|Toxapex, F|84\/100 brn\n|move|p2a: Toxapex|Scald|p1a: Toxapex\n|-resisted|p1a: Toxapex\n|-damage|p1a: Toxapex|77\/100 brn\n|\n|-damage|p2a: Toxapex|86\/100 brn|[from] brn\n|-damage|p1a: Toxapex|71\/100 brn|[from] brn\n|upkeep\n|turn|50\n|\n|t:|1698172068\n|switch|p1a: Empoleon|Empoleon, F|87\/100\n|move|p2a: Toxapex|Flip Turn|p1a: Empoleon\n|-resisted|p1a: Empoleon\n|-damage|p1a: Empoleon|84\/100\n|\n|t:|1698172070\n|switch|p2a: Mandibuzz|Mandibuzz, F|84\/100|[from] Flip Turn\n|\n|-heal|p1a: Empoleon|90\/100|[from] item: Leftovers\n|upkeep\n|turn|51\n|\n|t:|1698172076\n|switch|p1a: Toxapex|Toxapex, F|100\/100 brn\n|move|p2a: Mandibuzz|Knock Off|p1a: Toxapex\n|-damage|p1a: Toxapex|90\/100 brn\n|\n|-damage|p1a: Toxapex|84\/100 brn|[from] brn\n|upkeep\n|turn|52\n|\n|t:|1698172083\n|switch|p1a: Corviknight|Corviknight, F|93\/100\n|move|p2a: Mandibuzz|Ceaseless Edge|p1a: Corviknight\n|-damage|p1a: Corviknight|88\/100\n|-sidestart|p1: Pure Hackmons|Spikes\n|\n|-heal|p1a: Corviknight|94\/100|[from] item: Leftovers\n|upkeep\n|turn|53\n|\n|t:|1698172089\n|switch|p1a: Toxapex|Toxapex, F|100\/100 brn\n|-damage|p1a: Toxapex|88\/100 brn|[from] Spikes\n|move|p2a: Mandibuzz|Knock Off|p1a: Toxapex\n|-damage|p1a: Toxapex|78\/100 brn\n|\n|-damage|p1a: Toxapex|72\/100 brn|[from] brn\n|upkeep\n|turn|54\n|\n|t:|1698172105\n|move|p2a: Mandibuzz|Ceaseless Edge|p1a: Toxapex\n|-damage|p1a: Toxapex|63\/100 brn\n|-sidestart|p1: Pure Hackmons|Spikes\n|move|p1a: Toxapex|Mortal Spin|p2a: Mandibuzz\n|-damage|p2a: Mandibuzz|81\/100\n|-status|p2a: Mandibuzz|psn\n|-sideend|p1: Pure Hackmons|Spikes|[from] move: Mortal Spin|[of] p1a: Toxapex\n|\n|-damage|p2a: Mandibuzz|69\/100 psn|[from] psn\n|-damage|p1a: Toxapex|57\/100 brn|[from] brn\n|upkeep\n|turn|55\n|-message|Banded Body Press forfeited.\n|\n|win|Pure Hackmons\n|n|\u2606Pure Hackmons@!|purehackmons\n|n|\u2606Banded Body Press|bandedbodypress\n|l|\u2606Banded Body Press\n|c|\u2606Pure Hackmons|g_g\n|l|\u2606Pure Hackmons\n|j|\u2606Pure Hackmons@!\n|player|p1|Pure Hackmons|ethan\n","uploadtime":1698172109,"views":10,"p1id":"purehackmons","p2id":"bandedbodypress","formatid":"gen9anythinggoes","rating":0,"private":0,"password":""}