{"id":"gen9anythinggoes-1983380911","p1":"Iusjs","p2":"Cozyk8ng","format":"[Gen 9] Anything Goes","log":"|j|\u2606Iusjs\n|j|\u2606Cozyk8ng\n|t:|1699124102\n|gametype|singles\n|player|p1|Iusjs|102|1257\n|player|p2|Cozyk8ng|102|1361\n|teamsize|p1|6\n|teamsize|p2|6\n|gen|9\n|tier|[Gen 9] Anything Goes\n|rated|\n|rule|HP Percentage Mod: HP is shown in percentages\n|rule|Endless Battle Clause: Forcing endless battles is banned\n|clearpoke\n|poke|p1|Pincurchin, M|\n|poke|p1|Sinistcha|\n|poke|p1|Iron Valiant|\n|poke|p1|Ursaluna-Bloodmoon, M|\n|poke|p1|Regieleki|\n|poke|p1|Iron Bundle|\n|poke|p2|Calyrex-Shadow|\n|poke|p2|Regieleki|\n|poke|p2|Urshifu-*, M|\n|poke|p2|Samurott-Hisui, M|\n|poke|p2|Ursaluna, F|\n|poke|p2|Pincurchin, F|\n|teampreview\n|inactive|Battle timer is ON: inactive players will automatically lose when time's up. (requested by Cozyk8ng)\n|\n|t:|1699124111\n|start\n|switch|p1a: Pincurchin|Pincurchin, M|100\/100\n|switch|p2a: Ursaluna|Ursaluna, F|100\/100\n|-fieldstart|move: Electric Terrain|[from] ability: Electric Surge|[of] p1a: Pincurchin\n|turn|1\n|\n|t:|1699124114\n|move|p2a: Ursaluna|Swords Dance|p2a: Ursaluna\n|-boost|p2a: Ursaluna|atk|2\n|move|p1a: Pincurchin|Spikes|p2a: Ursaluna\n|-sidestart|p2: Cozyk8ng|Spikes\n|\n|-status|p2a: Ursaluna|brn|[from] item: Flame Orb\n|upkeep\n|turn|2\n|\n|t:|1699124118\n|move|p2a: Ursaluna|Earthquake|p1a: Pincurchin\n|-supereffective|p1a: Pincurchin\n|-enditem|p1a: Pincurchin|Focus Sash\n|-damage|p1a: Pincurchin|1\/100\n|move|p1a: Pincurchin|Memento|p2a: Ursaluna\n|-unboost|p2a: Ursaluna|atk|2\n|-unboost|p2a: Ursaluna|spa|2\n|faint|p1a: Pincurchin\n|\n|-damage|p2a: Ursaluna|94\/100 brn|[from] brn\n|upkeep\n|\n|t:|1699124129\n|switch|p1a: Sinistcha|Sinistcha|100\/100\n|-enditem|p1a: Sinistcha|Electric Seed\n|-boost|p1a: Sinistcha|def|1|[from] item: Electric Seed\n|turn|3\n|\n|t:|1699124134\n|move|p1a: Sinistcha|Strength Sap|p2a: Ursaluna\n|-unboost|p2a: Ursaluna|atk|1\n|move|p2a: Ursaluna|Crunch|p1a: Sinistcha\n|-supereffective|p1a: Sinistcha\n|-damage|p1a: Sinistcha|60\/100\n|\n|-damage|p2a: Ursaluna|88\/100 brn|[from] brn\n|upkeep\n|turn|4\n|\n|t:|1699124140\n|move|p1a: Sinistcha|Calm Mind|p1a: Sinistcha\n|-boost|p1a: Sinistcha|spa|1\n|-boost|p1a: Sinistcha|spd|1\n|move|p2a: Ursaluna|Swords Dance|p2a: Ursaluna\n|-boost|p2a: Ursaluna|atk|2\n|\n|-damage|p2a: Ursaluna|82\/100 brn|[from] brn\n|upkeep\n|turn|5\n|\n|t:|1699124142\n|move|p1a: Sinistcha|Matcha Gotcha|p2a: Ursaluna\n|-supereffective|p2a: Ursaluna\n|-damage|p2a: Ursaluna|0 fnt\n|-heal|p1a: Sinistcha|100\/100|[from] drain|[of] p2a: Ursaluna\n|faint|p2a: Ursaluna\n|\n|-fieldend|move: Electric Terrain\n|upkeep\n|\n|t:|1699124146\n|switch|p2a: Samurott|Samurott-Hisui, M|100\/100\n|-damage|p2a: Samurott|88\/100|[from] Spikes\n|turn|6\n|\n|t:|1699124159\n|move|p2a: Samurott|Ceaseless Edge|p1a: Sinistcha\n|-supereffective|p1a: Sinistcha\n|-damage|p1a: Sinistcha|46\/100\n|-sidestart|p1: Iusjs|Spikes\n|move|p1a: Sinistcha|Strength Sap|p2a: Samurott\n|-unboost|p2a: Samurott|atk|1\n|-heal|p1a: Sinistcha|100\/100\n|\n|upkeep\n|turn|7\n|\n|t:|1699124166\n|move|p2a: Samurott|Ceaseless Edge|p1a: Sinistcha\n|-supereffective|p1a: Sinistcha\n|-damage|p1a: Sinistcha|61\/100\n|-sidestart|p1: Iusjs|Spikes\n|move|p1a: Sinistcha|Calm Mind|p1a: Sinistcha\n|-boost|p1a: Sinistcha|spa|1\n|-boost|p1a: Sinistcha|spd|1\n|\n|upkeep\n|turn|8\n|\n|t:|1699124172\n|move|p2a: Samurott|Ceaseless Edge|p1a: Sinistcha\n|-supereffective|p1a: Sinistcha\n|-damage|p1a: Sinistcha|24\/100\n|-sidestart|p1: Iusjs|Spikes\n|move|p1a: Sinistcha|Strength Sap|p2a: Samurott\n|-unboost|p2a: Samurott|atk|1\n|-heal|p1a: Sinistcha|84\/100\n|\n|upkeep\n|turn|9\n|\n|t:|1699124178\n|move|p2a: Samurott|Ceaseless Edge|p1a: Sinistcha\n|-supereffective|p1a: Sinistcha\n|-damage|p1a: Sinistcha|57\/100\n|move|p1a: Sinistcha|Strength Sap|p2a: Samurott\n|-unboost|p2a: Samurott|atk|1\n|-heal|p1a: Sinistcha|100\/100\n|\n|upkeep\n|turn|10\n|\n|t:|1699124183\n|move|p2a: Samurott|Ceaseless Edge|p1a: Sinistcha\n|-supereffective|p1a: Sinistcha\n|-damage|p1a: Sinistcha|79\/100\n|move|p1a: Sinistcha|Calm Mind|p1a: Sinistcha\n|-boost|p1a: Sinistcha|spa|1\n|-boost|p1a: Sinistcha|spd|1\n|\n|upkeep\n|turn|11\n|\n|t:|1699124193\n|move|p2a: Samurott|Ceaseless Edge|p1a: Sinistcha\n|-supereffective|p1a: Sinistcha\n|-damage|p1a: Sinistcha|54\/100\n|move|p1a: Sinistcha|Matcha Gotcha|p2a: Samurott\n|-supereffective|p2a: Samurott\n|-damage|p2a: Samurott|0 fnt\n|-heal|p1a: Sinistcha|95\/100|[from] drain|[of] p2a: Samurott\n|faint|p2a: Samurott\n|\n|upkeep\n|\n|t:|1699124200\n|switch|p2a: Urshifu|Urshifu-Rapid-Strike, M|100\/100\n|-damage|p2a: Urshifu|88\/100|[from] Spikes\n|turn|12\n|c|\u2606Iusjs|Gotcha\n|\n|t:|1699124209\n|-terastallize|p2a: Urshifu|Grass\n|move|p2a: Urshifu|Swords Dance|p2a: Urshifu\n|-boost|p2a: Urshifu|atk|2\n|move|p1a: Sinistcha|Matcha Gotcha|p2a: Urshifu\n|-resisted|p2a: Urshifu\n|-damage|p2a: Urshifu|21\/100\n|-heal|p1a: Sinistcha|100\/100|[from] drain|[of] p2a: Urshifu\n|\n|-heal|p2a: Urshifu|27\/100|[from] item: Leftovers\n|upkeep\n|turn|13\n|\n|t:|1699124221\n|move|p2a: Urshifu|Surging Strikes|p1a: Sinistcha\n|-resisted|p1a: Sinistcha\n|-crit|p1a: Sinistcha\n|-damage|p1a: Sinistcha|82\/100\n|-resisted|p1a: Sinistcha\n|-crit|p1a: Sinistcha\n|-damage|p1a: Sinistcha|65\/100\n|-resisted|p1a: Sinistcha\n|-crit|p1a: Sinistcha\n|-damage|p1a: Sinistcha|46\/100\n|-hitcount|p1a: Sinistcha|3\n|move|p1a: Sinistcha|Matcha Gotcha|p2a: Urshifu\n|-resisted|p2a: Urshifu\n|-damage|p2a: Urshifu|0 fnt\n|-heal|p1a: Sinistcha|60\/100|[from] drain|[of] p2a: Urshifu\n|faint|p2a: Urshifu\n|\n|upkeep\n|\n|t:|1699124232\n|switch|p2a: Regieleki|Regieleki|100\/100\n|turn|14\n|\n|t:|1699124237\n|move|p2a: Regieleki|Zap Cannon|p1a: Sinistcha|[miss]\n|-miss|p2a: Regieleki|p1a: Sinistcha\n|move|p1a: Sinistcha|Strength Sap|p2a: Regieleki\n|-unboost|p2a: Regieleki|atk|1\n|-heal|p1a: Sinistcha|100\/100\n|\n|upkeep\n|turn|15\n|\n|t:|1699124243\n|move|p2a: Regieleki|Zap Cannon|p1a: Sinistcha\n|-resisted|p1a: Sinistcha\n|-damage|p1a: Sinistcha|89\/100\n|-status|p1a: Sinistcha|par\n|move|p1a: Sinistcha|Shadow Ball|p2a: Regieleki\n|-damage|p2a: Regieleki|0 fnt\n|faint|p2a: Regieleki\n|\n|upkeep\n|\n|t:|1699124252\n|switch|p2a: Calyrex|Calyrex-Shadow|100\/100\n|-ability|p2a: Calyrex|As One\n|-ability|p2a: Calyrex|Unnerve\n|turn|16\n|\n|t:|1699124256\n|move|p2a: Calyrex|Astral Barrage|p1a: Sinistcha\n|-supereffective|p1a: Sinistcha\n|-damage|p1a: Sinistcha|32\/100 par\n|move|p1a: Sinistcha|Shadow Ball|p2a: Calyrex\n|-supereffective|p2a: Calyrex\n|-damage|p2a: Calyrex|0 fnt\n|faint|p2a: Calyrex\n|\n|upkeep\n|\n|t:|1699124261\n|switch|p2a: Pincurchin|Pincurchin, F|100\/100\n|-damage|p2a: Pincurchin|88\/100|[from] Spikes\n|-fieldstart|move: Electric Terrain|[from] ability: Electric Surge|[of] p2a: Pincurchin\n|turn|17\n|\n|t:|1699124266\n|move|p1a: Sinistcha|Matcha Gotcha|p2a: Pincurchin|[miss]\n|-miss|p1a: Sinistcha|p2a: Pincurchin\n|move|p2a: Pincurchin|Memento|p1a: Sinistcha\n|-unboost|p1a: Sinistcha|atk|2\n|-unboost|p1a: Sinistcha|spa|2\n|faint|p2a: Pincurchin\n|\n|win|Iusjs\n|raw|Iusjs's rating: 1257 &rarr; <strong>1289<\/strong><br \/>(+32 for winning)\n|raw|Cozyk8ng's rating: 1361 &rarr; <strong>1335<\/strong><br \/>(-26 for losing)\n|c|\u2606Cozyk8ng|gg\n|l|\u2606Cozyk8ng\n|c|\u2606Iusjs|gg\n","uploadtime":1699124424,"views":5,"p1id":"iusjs","p2id":"cozyk8ng","formatid":"gen9anythinggoes","rating":1289,"private":0,"password":""}