{"id":"gen9anythinggoes-1980813495","p1":"OKFOKOL","p2":"cris9y","format":"[Gen 9] Anything Goes","log":"|j|\u2606OKFOKOL\n|j|\u2606cris9y\n|t:|1698837417\n|gametype|singles\n|player|p1|OKFOKOL|ingo|1096\n|player|p2|cris9y|winona|1056\n|teamsize|p1|6\n|teamsize|p2|6\n|gen|9\n|tier|[Gen 9] Anything Goes\n|rated|\n|rule|HP Percentage Mod: HP is shown in percentages\n|rule|Endless Battle Clause: Forcing endless battles is banned\n|clearpoke\n|poke|p1|Zamazenta-*|\n|poke|p1|Greedent, F|\n|poke|p1|Zoroark, F|\n|poke|p1|Starly, L1, F|\n|poke|p1|Oricorio-Sensu, F|\n|poke|p1|Cyclizar, M|\n|poke|p2|Maushold-Four|\n|poke|p2|Dragapult, F|\n|poke|p2|Urshifu-*, F|\n|poke|p2|Tyranitar, M|\n|poke|p2|Eiscue, F|\n|poke|p2|Darkrai|\n|teampreview\n|\n|t:|1698837439\n|start\n|switch|p1a: Cyclizar|Cyclizar, M|100\/100\n|switch|p2a: Darkrai|Darkrai, shiny|100\/100\n|turn|1\n|\n|t:|1698837444\n|move|p1a: Cyclizar|Shed Tail|p1a: Cyclizar\n|-start|p1a: Cyclizar|Substitute|[from] move: Shed Tail\n|-damage|p1a: Cyclizar|50\/100\n|\n|t:|1698837447\n|switch|p1a: Oricorio|Oricorio-Sensu, F|100\/100|[from] Shed Tail\n|move|p2a: Darkrai|Hypnosis|p1a: Oricorio|[miss]\n|-miss|p2a: Darkrai|p1a: Oricorio\n|\n|upkeep\n|turn|2\n|\n|t:|1698837455\n|switch|p2a: Dragapult|Dragapult, F, shiny|100\/100\n|move|p1a: Oricorio|Quiver Dance|p1a: Oricorio\n|-boost|p1a: Oricorio|spa|1\n|-boost|p1a: Oricorio|spd|1\n|-boost|p1a: Oricorio|spe|1\n|\n|upkeep\n|turn|3\n|\n|t:|1698837463\n|move|p1a: Oricorio|Quiver Dance|p1a: Oricorio\n|-boost|p1a: Oricorio|spa|1\n|-boost|p1a: Oricorio|spd|1\n|-boost|p1a: Oricorio|spe|1\n|move|p2a: Dragapult|Dragon Darts|p1a: Oricorio\n|-end|p1a: Oricorio|Substitute\n|-anim|p2a: Dragapult|Dragon Darts|p1a: Oricorio\n|-damage|p1a: Oricorio|69\/100\n|\n|upkeep\n|turn|4\n|\n|t:|1698837474\n|move|p1a: Oricorio|Baton Pass|p1a: Oricorio\n|\n|t:|1698837477\n|switch|p1a: Zamazenta|Zamazenta-Crowned|100\/100|[from] Baton Pass\n|-ability|p1a: Zamazenta|Dauntless Shield|boost\n|-boost|p1a: Zamazenta|def|1\n|move|p2a: Dragapult|Dragon Darts|p1a: Zamazenta\n|-resisted|p1a: Zamazenta\n|-damage|p1a: Zamazenta|96\/100\n|-anim|p2a: Dragapult|Dragon Darts|p1a: Zamazenta\n|-resisted|p1a: Zamazenta\n|-damage|p1a: Zamazenta|91\/100\n|\n|upkeep\n|turn|5\n|\n|t:|1698837487\n|move|p1a: Zamazenta|Iron Defense|p1a: Zamazenta\n|-boost|p1a: Zamazenta|def|2\n|move|p2a: Dragapult|Fire Blast|p1a: Zamazenta|[miss]\n|-miss|p2a: Dragapult|p1a: Zamazenta\n|\n|upkeep\n|turn|6\n|-message|cris9y forfeited.\n|\n|win|OKFOKOL\n|raw|OKFOKOL's rating: 1096 &rarr; <strong>1119<\/strong><br \/>(+23 for winning)\n|raw|cris9y's rating: 1056 &rarr; <strong>1040<\/strong><br \/>(-16 for losing)\n|l|\u2606cris9y\n","uploadtime":1698837496,"views":12,"p1id":"okfokol","p2id":"cris9y","formatid":"gen9anythinggoes","rating":1040,"private":0,"password":""}