{"id":"gen9anythinggoes-1983651767","p1":"LoveKurumi","p2":"gaming rn!","format":"[Gen 9] Anything Goes","log":"|j|\u2606LoveKurumi\n|j|\u2606gaming rn!\n|t:|1699154156\n|gametype|singles\n|player|p1|LoveKurumi|cynthia|1301\n|player|p2|gaming rn!|brendan|1354\n|teamsize|p1|6\n|teamsize|p2|6\n|gen|9\n|tier|[Gen 9] Anything Goes\n|rated|\n|rule|HP Percentage Mod: HP is shown in percentages\n|rule|Endless Battle Clause: Forcing endless battles is banned\n|clearpoke\n|poke|p1|Arceus-Fairy|\n|poke|p1|Dondozo, M|\n|poke|p1|Blissey, F|\n|poke|p1|Arceus|\n|poke|p1|Ting-Lu|\n|poke|p1|Glimmora, F|\n|poke|p2|Espathra, M|\n|poke|p2|Hatterene, F|\n|poke|p2|Drifblim, M|\n|poke|p2|Vaporeon, M|\n|poke|p2|Venomoth, F|\n|poke|p2|Magearna|\n|teampreview\n|inactive|Battle timer is ON: inactive players will automatically lose when time's up. (requested by LoveKurumi)\n|\n|t:|1699154165\n|start\n|switch|p1a: Ting-Lu|Ting-Lu|100\/100\n|switch|p2a: Espathra|Espathra, M|100\/100\n|-ability|p1a: Ting-Lu|Vessel of Ruin\n|turn|1\n|\n|t:|1699154172\n|move|p2a: Espathra|Protect|p2a: Espathra\n|-singleturn|p2a: Espathra|Protect\n|move|p1a: Ting-Lu|Spikes|p2a: Espathra\n|-sidestart|p2: gaming rn!|Spikes\n|\n|-ability|p2a: Espathra|Speed Boost|boost\n|-boost|p2a: Espathra|spe|1\n|upkeep\n|turn|2\n|\n|t:|1699154177\n|move|p2a: Espathra|Substitute|p2a: Espathra\n|-start|p2a: Espathra|Substitute\n|-damage|p2a: Espathra|76\/100\n|move|p1a: Ting-Lu|Taunt|p2a: Espathra\n|-start|p2a: Espathra|move: Taunt\n|\n|-ability|p2a: Espathra|Speed Boost|boost\n|-boost|p2a: Espathra|spe|1\n|upkeep\n|turn|3\n|\n|t:|1699154184\n|switch|p2a: Hatterene|Hatterene, F|100\/100\n|-damage|p2a: Hatterene|88\/100|[from] Spikes\n|move|p1a: Ting-Lu|Spikes|p2a: Hatterene\n|move|p2a: Hatterene|Spikes|p1a: Ting-Lu|[from]ability: Magic Bounce\n|-sidestart|p1: LoveKurumi|Spikes\n|\n|upkeep\n|turn|4\n|c|\u2606gaming rn!|stall already?\n|\n|t:|1699154192\n|move|p1a: Ting-Lu|Fissure|p2a: Hatterene|[miss]\n|-miss|p1a: Ting-Lu|p2a: Hatterene\n|move|p2a: Hatterene|Swords Dance|p2a: Hatterene\n|-boost|p2a: Hatterene|atk|2\n|\n|upkeep\n|turn|5\n|\n|t:|1699154200\n|switch|p1a: Dondozo|Dondozo, M, shiny|100\/100\n|-damage|p1a: Dondozo|88\/100|[from] Spikes\n|-terastallize|p2a: Hatterene|Flying\n|move|p2a: Hatterene|Substitute|p2a: Hatterene\n|-start|p2a: Hatterene|Substitute\n|-damage|p2a: Hatterene|63\/100\n|\n|-heal|p1a: Dondozo|94\/100|[from] item: Leftovers\n|upkeep\n|turn|6\n|\n|t:|1699154213\n|move|p1a: Dondozo|Curse|p1a: Dondozo\n|-unboost|p1a: Dondozo|spe|1\n|-boost|p1a: Dondozo|atk|1\n|-boost|p1a: Dondozo|def|1\n|move|p2a: Hatterene|Swords Dance|p2a: Hatterene\n|-boost|p2a: Hatterene|atk|2\n|\n|-heal|p1a: Dondozo|99\/100|[from] item: Leftovers\n|upkeep\n|turn|7\n|\n|t:|1699154218\n|move|p2a: Hatterene|Swords Dance|p2a: Hatterene\n|-boost|p2a: Hatterene|atk|2\n|move|p1a: Dondozo|Curse|p1a: Dondozo\n|-unboost|p1a: Dondozo|spe|1\n|-boost|p1a: Dondozo|atk|1\n|-boost|p1a: Dondozo|def|1\n|\n|-heal|p1a: Dondozo|100\/100|[from] item: Leftovers\n|upkeep\n|turn|8\n|\n|t:|1699154222\n|move|p2a: Hatterene|Baton Pass|p2a: Hatterene\n|\n|t:|1699154227\n|switch|p2a: Drifblim|Drifblim, M, shiny|100\/100|[from] Baton Pass\n|move|p1a: Dondozo|Curse|p1a: Dondozo\n|-unboost|p1a: Dondozo|spe|1\n|-boost|p1a: Dondozo|atk|1\n|-boost|p1a: Dondozo|def|1\n|\n|upkeep\n|turn|9\n|\n|t:|1699154232\n|move|p2a: Drifblim|Minimize|p2a: Drifblim\n|-boost|p2a: Drifblim|evasion|2\n|move|p1a: Dondozo|Liquidation|p2a: Drifblim\n|-end|p2a: Drifblim|Substitute\n|\n|upkeep\n|turn|10\n|\n|t:|1699154238\n|move|p2a: Drifblim|Substitute|p2a: Drifblim\n|-start|p2a: Drifblim|Substitute\n|-damage|p2a: Drifblim|75\/100\n|move|p1a: Dondozo|Liquidation|p2a: Drifblim\n|-end|p2a: Drifblim|Substitute\n|\n|upkeep\n|turn|11\n|\n|t:|1699154242\n|move|p2a: Drifblim|Substitute|p2a: Drifblim\n|-start|p2a: Drifblim|Substitute\n|-damage|p2a: Drifblim|50\/100\n|-enditem|p2a: Drifblim|Sitrus Berry|[eat]\n|-heal|p2a: Drifblim|75\/100|[from] item: Sitrus Berry\n|move|p1a: Dondozo|Liquidation|p2a: Drifblim\n|-end|p2a: Drifblim|Substitute\n|\n|upkeep\n|turn|12\n|\n|t:|1699154245\n|move|p2a: Drifblim|Baton Pass|p2a: Drifblim\n|\n|t:|1699154247\n|switch|p2a: Vaporeon|Vaporeon, M|100\/100|[from] Baton Pass\n|-damage|p2a: Vaporeon|88\/100|[from] Spikes\n|move|p1a: Dondozo|Liquidation|p2a: Vaporeon\n|-heal|p2a: Vaporeon|100\/100|[from] ability: Water Absorb|[of] p1a: Dondozo\n|\n|upkeep\n|turn|13\n|\n|t:|1699154255\n|move|p2a: Vaporeon|Acid Armor|p2a: Vaporeon\n|-boost|p2a: Vaporeon|def|2\n|move|p1a: Dondozo|Curse|p1a: Dondozo\n|-unboost|p1a: Dondozo|spe|1\n|-boost|p1a: Dondozo|atk|1\n|-boost|p1a: Dondozo|def|1\n|\n|upkeep\n|turn|14\n|\n|t:|1699154264\n|move|p2a: Vaporeon|Substitute|p2a: Vaporeon\n|-start|p2a: Vaporeon|Substitute\n|-damage|p2a: Vaporeon|75\/100\n|move|p1a: Dondozo|Curse|p1a: Dondozo\n|-unboost|p1a: Dondozo|spe|1\n|-boost|p1a: Dondozo|atk|1\n|-boost|p1a: Dondozo|def|1\n|\n|-heal|p2a: Vaporeon|82\/100|[from] item: Leftovers\n|upkeep\n|turn|15\n|\n|t:|1699154269\n|move|p2a: Vaporeon|Aqua Ring|p2a: Vaporeon\n|-start|p2a: Vaporeon|Aqua Ring\n|move|p1a: Dondozo|Curse|p1a: Dondozo\n|-unboost|p1a: Dondozo|spe|1\n|-boost|p1a: Dondozo|atk|1\n|-boost|p1a: Dondozo|def|1\n|\n|-heal|p2a: Vaporeon|88\/100|[from] item: Leftovers\n|-heal|p2a: Vaporeon|94\/100|[from] Aqua Ring\n|upkeep\n|turn|16\n|\n|t:|1699154273\n|move|p2a: Vaporeon|Acid Armor|p2a: Vaporeon\n|-boost|p2a: Vaporeon|def|2\n|move|p1a: Dondozo|Fissure|p2a: Vaporeon|[miss]\n|-miss|p1a: Dondozo|p2a: Vaporeon\n|\n|-heal|p2a: Vaporeon|100\/100|[from] item: Leftovers\n|upkeep\n|turn|17\n|\n|t:|1699154277\n|move|p2a: Vaporeon|Acid Armor|p2a: Vaporeon\n|-boost|p2a: Vaporeon|def|2\n|move|p1a: Dondozo|Fissure|p2a: Vaporeon|[miss]\n|-miss|p1a: Dondozo|p2a: Vaporeon\n|\n|upkeep\n|turn|18\n|\n|t:|1699154282\n|move|p2a: Vaporeon|Baton Pass|p2a: Vaporeon\n|\n|t:|1699154292\n|switch|p2a: Drifblim|Drifblim, M, shiny|75\/100|[from] Baton Pass\n|move|p1a: Dondozo|Fissure|p2a: Drifblim\n|-immune|p2a: Drifblim\n|\n|-heal|p2a: Drifblim|82\/100|[from] Aqua Ring\n|upkeep\n|turn|19\n|\n|t:|1699154300\n|move|p2a: Drifblim|Minimize|p2a: Drifblim\n|-boost|p2a: Drifblim|evasion|2\n|move|p1a: Dondozo|Liquidation|p2a: Drifblim\n|-end|p2a: Drifblim|Substitute\n|\n|-heal|p2a: Drifblim|88\/100|[from] Aqua Ring\n|upkeep\n|turn|20\n|\n|t:|1699154307\n|move|p2a: Drifblim|Substitute|p2a: Drifblim\n|-start|p2a: Drifblim|Substitute\n|-damage|p2a: Drifblim|63\/100\n|move|p1a: Dondozo|Liquidation|p2a: Drifblim\n|-end|p2a: Drifblim|Substitute\n|\n|-heal|p2a: Drifblim|69\/100|[from] Aqua Ring\n|upkeep\n|turn|21\n|\n|t:|1699154314\n|move|p2a: Drifblim|Baton Pass|p2a: Drifblim\n|\n|t:|1699154316\n|switch|p2a: Vaporeon|Vaporeon, M|100\/100|[from] Baton Pass\n|-damage|p2a: Vaporeon|88\/100|[from] Spikes\n|move|p1a: Dondozo|Liquidation|p2a: Vaporeon\n|-heal|p2a: Vaporeon|100\/100|[from] ability: Water Absorb|[of] p1a: Dondozo\n|\n|upkeep\n|turn|22\n|\n|t:|1699154320\n|move|p2a: Vaporeon|Substitute|p2a: Vaporeon\n|-start|p2a: Vaporeon|Substitute\n|-damage|p2a: Vaporeon|75\/100\n|move|p1a: Dondozo|Fissure|p2a: Vaporeon|[miss]\n|-miss|p1a: Dondozo|p2a: Vaporeon\n|\n|-heal|p2a: Vaporeon|82\/100|[from] item: Leftovers\n|-heal|p2a: Vaporeon|88\/100|[from] Aqua Ring\n|upkeep\n|turn|23\n|\n|t:|1699154325\n|move|p2a: Vaporeon|Baton Pass|p2a: Vaporeon\n|c|\u2606gaming rn!|oh unaware\n|c|\u2606gaming rn!|oh\n|\n|t:|1699154338\n|switch|p2a: Hatterene|Hatterene, F, tera:Flying|63\/100|[from] Baton Pass\n|move|p1a: Dondozo|Fissure|p2a: Hatterene\n|-immune|p2a: Hatterene\n|\n|-heal|p2a: Hatterene|69\/100|[from] Aqua Ring\n|upkeep\n|turn|24\n|\n|t:|1699154343\n|move|p2a: Hatterene|Stored Power|p1a: Dondozo\n|-damage|p1a: Dondozo|0 fnt\n|faint|p1a: Dondozo\n|\n|-heal|p2a: Hatterene|75\/100|[from] Aqua Ring\n|upkeep\n|-message|LoveKurumi forfeited.\n|\n|win|gaming rn!\n|raw|LoveKurumi's rating: 1301 &rarr; <strong>1284<\/strong><br \/>(-17 for losing)\n|raw|gaming rn!'s rating: 1354 &rarr; <strong>1371<\/strong><br \/>(+17 for winning)\n","uploadtime":1699154353,"views":10,"p1id":"lovekurumi","p2id":"gamingrn","formatid":"gen9anythinggoes","rating":1284,"private":0,"password":""}