{"id":"gen9anythinggoes-1988593982","p1":"nyamogus","p2":"ValentinoApenaskk","format":"[Gen 9] Anything Goes","log":"|j|\u2606nyamogus\n|j|\u2606ValentinoApenaskk\n|t:|1699739867\n|gametype|singles\n|player|p1|nyamogus|furisodegirl-blue|1047\n|player|p2|ValentinoApenaskk|guitarist-gen4|1079\n|teamsize|p1|6\n|teamsize|p2|6\n|gen|9\n|tier|[Gen 9] Anything Goes\n|rated|\n|rule|HP Percentage Mod: HP is shown in percentages\n|rule|Endless Battle Clause: Forcing endless battles is banned\n|clearpoke\n|poke|p1|Amoonguss, F|\n|poke|p1|Amoonguss, M|\n|poke|p1|Amoonguss, F|\n|poke|p1|Brute Bonnet|\n|poke|p1|Amoonguss, F|\n|poke|p1|Amoonguss, F|\n|poke|p2|Fezandipiti, M|\n|poke|p2|Ambipom, M|\n|poke|p2|Torkoal, M|\n|poke|p2|Vikavolt, M|\n|poke|p2|Leafeon, F|\n|poke|p2|Rillaboom, F|\n|teampreview\n|\n|t:|1699739888\n|start\n|switch|p1a: Crewmate|Amoonguss, F|100\/100\n|switch|p2a: Bones|Torkoal, M|100\/100\n|-weather|SunnyDay|[from] ability: Drought|[of] p2a: Bones\n|turn|1\n|c|\u2606nyamogus|glhf\n|\n|t:|1699739903\n|-terastallize|p1a: Crewmate|Ground\n|move|p1a: Crewmate|Stomping Tantrum|p2a: Bones\n|-supereffective|p2a: Bones\n|-damage|p2a: Bones|67\/100\n|move|p2a: Bones|Earthquake|p1a: Crewmate\n|-damage|p1a: Crewmate|69\/100\n|\n|-weather|SunnyDay|[upkeep]\n|upkeep\n|turn|2\n|\n|t:|1699739918\n|move|p1a: Crewmate|Substitute|p1a: Crewmate\n|-start|p1a: Crewmate|Substitute\n|-damage|p1a: Crewmate|44\/100\n|move|p2a: Bones|Earthquake|p1a: Crewmate\n|-end|p1a: Crewmate|Substitute\n|\n|-weather|SunnyDay|[upkeep]\n|upkeep\n|turn|3\n|\n|t:|1699739927\n|move|p1a: Crewmate|Synthesis|p1a: Crewmate\n|-heal|p1a: Crewmate|100\/100\n|move|p2a: Bones|Heat Crash|p1a: Crewmate\n|-crit|p1a: Crewmate\n|-damage|p1a: Crewmate|0 fnt\n|faint|p1a: Crewmate\n|\n|-weather|SunnyDay|[upkeep]\n|upkeep\n|c|\u2606nyamogus|oh\n|c|\u2606nyamogus|true\n|\n|t:|1699739936\n|switch|p1a: Imposter|Brute Bonnet|100\/100\n|-activate|p1a: Imposter|ability: Protosynthesis\n|-start|p1a: Imposter|protosynthesisatk\n|turn|4\n|\n|t:|1699739952\n|move|p1a: Imposter|Stomping Tantrum|p2a: Bones\n|-supereffective|p2a: Bones\n|-damage|p2a: Bones|0 fnt\n|faint|p2a: Bones\n|-damage|p1a: Imposter|91\/100|[from] item: Life Orb\n|\n|-weather|SunnyDay|[upkeep]\n|upkeep\n|\n|t:|1699739956\n|switch|p2a: Bad liar|Leafeon, F|100\/100\n|turn|5\n|\n|t:|1699739986\n|move|p2a: Bad liar|Solar Blade||[still]\n|-prepare|p2a: Bad liar|Solar Blade\n|-anim|p2a: Bad liar|Solar Blade|p1a: Imposter\n|-resisted|p1a: Imposter\n|-damage|p1a: Imposter|59\/100\n|move|p1a: Imposter|Stomping Tantrum|p2a: Bad liar\n|-resisted|p2a: Bad liar\n|-damage|p2a: Bad liar|78\/100\n|-damage|p1a: Imposter|49\/100|[from] item: Life Orb\n|\n|-weather|none\n|-end|p1a: Imposter|Protosynthesis\n|upkeep\n|turn|6\n|j|+Rumia\n|\n|t:|1699740016\n|move|p2a: Bad liar|Solar Blade||[still]\n|-prepare|p2a: Bad liar|Solar Blade\n|move|p1a: Imposter|Close Combat|p2a: Bad liar\n|-damage|p2a: Bad liar|20\/100\n|-unboost|p1a: Imposter|def|1\n|-unboost|p1a: Imposter|spd|1\n|-damage|p1a: Imposter|39\/100|[from] item: Life Orb\n|\n|upkeep\n|turn|7\n|c|+Rumia|lets go nyamogus!!!!!\n|\n|t:|1699740027\n|move|p1a: Imposter|Sucker Punch|p2a: Bad liar\n|-damage|p2a: Bad liar|0 fnt\n|faint|p2a: Bad liar\n|-damage|p1a: Imposter|29\/100|[from] item: Life Orb\n|\n|upkeep\n|\n|t:|1699740037\n|switch|p2a: Whatever it takes|Rillaboom, F|100\/100\n|-fieldstart|move: Grassy Terrain|[from] ability: Grassy Surge|[of] p2a: Whatever it takes\n|turn|8\n|\n|t:|1699740046\n|-end|p1a: Imposter|Protosynthesis|[silent]\n|switch|p1a: Crewmate|Amoonguss, F|100\/100\n|move|p2a: Whatever it takes|Fake Out|p1a: Crewmate\n|-damage|p1a: Crewmate|88\/100\n|\n|-heal|p1a: Crewmate|94\/100|[from] Grassy Terrain\n|-heal|p1a: Crewmate|99\/100|[from] item: Black Sludge\n|upkeep\n|turn|9\n|\n|t:|1699740059\n|move|p2a: Whatever it takes|Drum Beating|p1a: Crewmate\n|-resisted|p1a: Crewmate\n|-damage|p1a: Crewmate|88\/100\n|-unboost|p1a: Crewmate|spe|1\n|move|p1a: Crewmate|Sludge Bomb|p2a: Whatever it takes\n|-supereffective|p2a: Whatever it takes\n|-damage|p2a: Whatever it takes|55\/100\n|\n|-heal|p2a: Whatever it takes|61\/100|[from] Grassy Terrain\n|-heal|p1a: Crewmate|94\/100|[from] Grassy Terrain\n|-heal|p1a: Crewmate|99\/100|[from] item: Black Sludge\n|upkeep\n|turn|10\n|\n|t:|1699740075\n|move|p2a: Whatever it takes|Body Press|p1a: Crewmate\n|-resisted|p1a: Crewmate\n|-damage|p1a: Crewmate|89\/100\n|move|p1a: Crewmate|Sludge Bomb|p2a: Whatever it takes\n|-supereffective|p2a: Whatever it takes\n|-damage|p2a: Whatever it takes|12\/100\n|\n|-heal|p2a: Whatever it takes|18\/100|[from] Grassy Terrain\n|-heal|p1a: Crewmate|96\/100|[from] Grassy Terrain\n|-heal|p1a: Crewmate|100\/100|[from] item: Black Sludge\n|upkeep\n|turn|11\n|\n|t:|1699740090\n|move|p2a: Whatever it takes|Earthquake|p1a: Crewmate\n|-damage|p1a: Crewmate|87\/100\n|move|p1a: Crewmate|Sludge Bomb|p2a: Whatever it takes\n|-supereffective|p2a: Whatever it takes\n|-damage|p2a: Whatever it takes|0 fnt\n|faint|p2a: Whatever it takes\n|\n|-heal|p1a: Crewmate|93\/100|[from] Grassy Terrain\n|-heal|p1a: Crewmate|99\/100|[from] item: Black Sludge\n|upkeep\n|\n|t:|1699740101\n|switch|p2a: Thunder|Vikavolt, M, shiny|100\/100\n|turn|12\n|\n|t:|1699740112\n|move|p2a: Thunder|Thunder|p1a: Crewmate\n|-resisted|p1a: Crewmate\n|-damage|p1a: Crewmate|72\/100\n|move|p1a: Crewmate|Spore|p2a: Thunder\n|-status|p2a: Thunder|slp|[from] move: Spore\n|\n|-heal|p1a: Crewmate|78\/100|[from] Grassy Terrain\n|-heal|p1a: Crewmate|85\/100|[from] item: Black Sludge\n|-fieldend|move: Grassy Terrain\n|upkeep\n|turn|13\n|c|+Rumia|THE GOAT\n|l|+Rumia\n|\n|t:|1699740153\n|switch|p2a: Natural|Ambipom, M|100\/100\n|move|p1a: Crewmate|Sludge Bomb|p2a: Natural\n|-damage|p2a: Natural|34\/100\n|-status|p2a: Natural|psn\n|\n|-heal|p1a: Crewmate|91\/100|[from] item: Black Sludge\n|-damage|p2a: Natural|22\/100 psn|[from] psn\n|upkeep\n|turn|14\n|j|+Rumia\n|\n|t:|1699740174\n|move|p2a: Natural|Fake Out|p1a: Crewmate\n|-damage|p1a: Crewmate|71\/100\n|cant|p1a: Crewmate|flinch\n|\n|-heal|p1a: Crewmate|77\/100|[from] item: Black Sludge\n|-damage|p2a: Natural|9\/100 psn|[from] psn\n|upkeep\n|turn|15\n|\n|t:|1699740186\n|move|p2a: Natural|Last Resort|p1a: Crewmate\n|-damage|p1a: Crewmate|15\/100\n|move|p1a: Crewmate|Giga Drain|p2a: Natural\n|-damage|p2a: Natural|0 fnt\n|-heal|p1a: Crewmate|18\/100|[from] drain|[of] p2a: Natural\n|faint|p2a: Natural\n|\n|-heal|p1a: Crewmate|24\/100|[from] item: Black Sludge\n|upkeep\n|\n|t:|1699740198\n|switch|p2a: Radioactive|Fezandipiti, M|100\/100\n|turn|16\n|\n|t:|1699740206\n|-terastallize|p2a: Radioactive|Normal\n|move|p2a: Radioactive|Tail Slap|p1a: Crewmate\n|-damage|p1a: Crewmate|4\/100\n|-damage|p1a: Crewmate|0 fnt\n|faint|p1a: Crewmate\n|-hitcount|p1: Crewmate|2\n|\n|upkeep\n|\n|t:|1699740215\n|switch|p1a: Crewmate|Amoonguss, M|100\/100\n|turn|17\n|\n|t:|1699740220\n|move|p2a: Radioactive|Tail Slap|p1a: Crewmate\n|-damage|p1a: Crewmate|80\/100\n|-damage|p1a: Crewmate|56\/100\n|-hitcount|p1a: Crewmate|2\n|move|p1a: Crewmate|Foul Play|p2a: Radioactive\n|-damage|p2a: Radioactive|44\/100\n|\n|upkeep\n|turn|18\n|\n|t:|1699740231\n|move|p2a: Radioactive|Roost|p2a: Radioactive\n|-heal|p2a: Radioactive|95\/100\n|move|p1a: Crewmate|Foul Play|p2a: Radioactive\n|-crit|p2a: Radioactive\n|-damage|p2a: Radioactive|11\/100\n|\n|upkeep\n|turn|19\n|\n|t:|1699740237\n|move|p2a: Radioactive|Tail Slap|p1a: Crewmate\n|-crit|p1a: Crewmate\n|-damage|p1a: Crewmate|23\/100\n|-damage|p1a: Crewmate|3\/100\n|-hitcount|p1a: Crewmate|2\n|move|p1a: Crewmate|Foul Play|p2a: Radioactive\n|-damage|p2a: Radioactive|0 fnt\n|faint|p2a: Radioactive\n|\n|upkeep\n|\n|t:|1699740254\n|switch|p2a: Thunder|Vikavolt, M, shiny|100\/100 slp\n|turn|20\n|-message|ValentinoApenaskk forfeited.\n|\n|win|nyamogus\n|raw|nyamogus's rating: 1047 &rarr; <strong>1083<\/strong><br \/>(+36 for winning)\n|raw|ValentinoApenaskk's rating: 1079 &rarr; <strong>1055<\/strong><br \/>(-24 for losing)\n|l|\u2606ValentinoApenaskk\n","uploadtime":1699740275,"views":5,"p1id":"nyamogus","p2id":"valentinoapenaskk","formatid":"gen9anythinggoes","rating":1055,"private":0,"password":""}