{"id":"gen9anythinggoes-1987680999","p1":"BirdLawExpert","p2":"Toddynzin","format":"[Gen 9] Anything Goes","log":"|j|\u2606BirdLawExpert\n|j|\u2606Toddynzin\n|t:|1699627089\n|gametype|singles\n|player|p1|BirdLawExpert|dragontamer|1279\n|player|p2|Toddynzin|policeman-gen4|1383\n|teamsize|p1|6\n|teamsize|p2|6\n|gen|9\n|tier|[Gen 9] Anything Goes\n|rated|\n|rule|HP Percentage Mod: HP is shown in percentages\n|rule|Endless Battle Clause: Forcing endless battles is banned\n|clearpoke\n|poke|p1|Decidueye-Hisui, F|\n|poke|p1|Goodra-Hisui, M|\n|poke|p1|Toxapex, F|\n|poke|p1|Hoopa-Unbound|\n|poke|p1|Glimmora, M|\n|poke|p1|Arceus|\n|poke|p2|Calyrex-Shadow|\n|poke|p2|Samurott-Hisui, M|\n|poke|p2|Urshifu-*, M|\n|poke|p2|Mudsdale, M|\n|poke|p2|Arcanine-Hisui, M|\n|poke|p2|Masquerain, F|\n|teampreview\n|inactive|Battle timer is ON: inactive players will automatically lose when time's up. (requested by Toddynzin)\n|\n|t:|1699627098\n|start\n|switch|p1a: Glimmora|Glimmora, M|100\/100\n|switch|p2a: Mudsdale|Mudsdale, M|100\/100\n|turn|1\n|\n|t:|1699627106\n|switch|p1a: Decidueye|Decidueye-Hisui, F|100\/100\n|-terastallize|p2a: Mudsdale|Steel\n|move|p2a: Mudsdale|Stealth Rock|p1a: Decidueye\n|-sidestart|p1: BirdLawExpert|move: Stealth Rock\n|\n|upkeep\n|turn|2\n|\n|t:|1699627116\n|move|p1a: Decidueye|Bulk Up|p1a: Decidueye\n|-boost|p1a: Decidueye|atk|1\n|-boost|p1a: Decidueye|def|1\n|-enditem|p2a: Mudsdale|Mirror Herb\n|-boost|p2a: Mudsdale|atk|1|[from] item: Mirror Herb\n|-boost|p2a: Mudsdale|def|1|[from] item: Mirror Herb\n|move|p2a: Mudsdale|Roar|p1a: Decidueye\n|drag|p1a: Toxapex|Toxapex, F|100\/100\n|-damage|p1a: Toxapex|88\/100|[from] Stealth Rock\n|\n|upkeep\n|turn|3\n|\n|t:|1699627137\n|move|p1a: Toxapex|Haze|p1a: Toxapex\n|-clearallboost\n|move|p2a: Mudsdale|Earthquake|p1a: Toxapex\n|-supereffective|p1a: Toxapex\n|-damage|p1a: Toxapex|35\/100\n|\n|upkeep\n|turn|4\n|c|\u2606BirdLawExpert|haze\n|\n|t:|1699627145\n|switch|p1a: Decidueye|Decidueye-Hisui, F|100\/100\n|-damage|p1a: Decidueye|94\/100|[from] Stealth Rock\n|move|p2a: Mudsdale|Roar|p1a: Decidueye\n|drag|p1a: Glimmora|Glimmora, M|100\/100\n|-damage|p1a: Glimmora|88\/100|[from] Stealth Rock\n|\n|upkeep\n|turn|5\n|\n|t:|1699627154\n|move|p1a: Glimmora|Toxic|p2a: Mudsdale\n|-status|p2a: Mudsdale|tox\n|move|p2a: Mudsdale|Earthquake|p1a: Glimmora\n|-supereffective|p1a: Glimmora\n|-damage|p1a: Glimmora|0 fnt\n|faint|p1a: Glimmora\n|\n|-damage|p2a: Mudsdale|94\/100 tox|[from] psn\n|upkeep\n|\n|t:|1699627160\n|switch|p1a: Decidueye|Decidueye-Hisui, F|94\/100\n|-damage|p1a: Decidueye|88\/100|[from] Stealth Rock\n|turn|6\n|c|\u2606BirdLawExpert|triple arrows\n|\n|t:|1699627171\n|move|p1a: Decidueye|Triple Arrows|p2a: Mudsdale\n|-supereffective|p2a: Mudsdale\n|-damage|p2a: Mudsdale|54\/100 tox\n|-ability|p2a: Mudsdale|Stamina|boost\n|-boost|p2a: Mudsdale|def|1\n|move|p2a: Mudsdale|Body Press|p1a: Decidueye\n|-damage|p1a: Decidueye|48\/100\n|\n|-heal|p1a: Decidueye|54\/100|[from] item: Leftovers\n|-damage|p2a: Mudsdale|42\/100 tox|[from] psn\n|upkeep\n|turn|7\n|\n|t:|1699627180\n|move|p1a: Decidueye|Triple Arrows|p2a: Mudsdale\n|-supereffective|p2a: Mudsdale\n|-damage|p2a: Mudsdale|15\/100 tox\n|-ability|p2a: Mudsdale|Stamina|boost\n|-boost|p2a: Mudsdale|def|1\n|move|p2a: Mudsdale|Body Press|p1a: Decidueye\n|-damage|p1a: Decidueye|1\/100\n|\n|-heal|p1a: Decidueye|7\/100|[from] item: Leftovers\n|-damage|p2a: Mudsdale|0 fnt|[from] psn\n|faint|p2a: Mudsdale\n|upkeep\n|\n|t:|1699627191\n|switch|p2a: Arcanine|Arcanine-Hisui, M, shiny|100\/100\n|turn|8\n|\n|t:|1699627195\n|switch|p1a: Toxapex|Toxapex, F|68\/100\n|-damage|p1a: Toxapex|55\/100|[from] Stealth Rock\n|move|p2a: Arcanine|Extreme Speed|p1a: Toxapex\n|-damage|p1a: Toxapex|41\/100\n|-damage|p2a: Arcanine|84\/100|[from] item: Rocky Helmet|[of] p1a: Toxapex\n|\n|upkeep\n|turn|9\n|\n|t:|1699627202\n|move|p2a: Arcanine|Head Smash|p1a: Toxapex|[miss]\n|-miss|p2a: Arcanine|p1a: Toxapex\n|move|p1a: Toxapex|Toxic|p2a: Arcanine\n|-status|p2a: Arcanine|tox\n|\n|-damage|p2a: Arcanine|78\/100 tox|[from] psn\n|upkeep\n|turn|10\n|\n|t:|1699627207\n|move|p1a: Toxapex|Baneful Bunker|p1a: Toxapex\n|-singleturn|p1a: Toxapex|move: Protect\n|move|p2a: Arcanine|Head Smash|p1a: Toxapex\n|-activate|p1a: Toxapex|move: Protect\n|\n|-damage|p2a: Arcanine|66\/100 tox|[from] psn\n|upkeep\n|turn|11\n|\n|t:|1699627211\n|move|p2a: Arcanine|Head Smash|p1a: Toxapex\n|-damage|p1a: Toxapex|1\/100\n|-damage|p2a: Arcanine|49\/100 tox|[from] item: Rocky Helmet|[of] p1a: Toxapex\n|move|p1a: Toxapex|Chilling Water|p2a: Arcanine\n|-supereffective|p2a: Arcanine\n|-damage|p2a: Arcanine|0 fnt\n|faint|p2a: Arcanine\n|\n|upkeep\n|\n|t:|1699627220\n|switch|p2a: Samurott|Samurott-Hisui, M, shiny|100\/100\n|turn|12\n|\n|t:|1699627225\n|move|p1a: Toxapex|Baneful Bunker|p1a: Toxapex\n|-singleturn|p1a: Toxapex|move: Protect\n|move|p2a: Samurott|Swords Dance|p2a: Samurott\n|-boost|p2a: Samurott|atk|2\n|\n|upkeep\n|turn|13\n|\n|t:|1699627232\n|move|p2a: Samurott|Aqua Jet|p1a: Toxapex\n|-resisted|p1a: Toxapex\n|-damage|p1a: Toxapex|0 fnt\n|-damage|p2a: Samurott|84\/100|[from] item: Rocky Helmet|[of] p1a: Toxapex\n|faint|p1a: Toxapex\n|\n|upkeep\n|\n|t:|1699627235\n|switch|p1a: Hoopa|Hoopa-Unbound|100\/100\n|-damage|p1a: Hoopa|88\/100|[from] Stealth Rock\n|turn|14\n|\n|t:|1699627245\n|move|p1a: Hoopa|Thunderbolt|p2a: Samurott\n|-supereffective|p2a: Samurott\n|-damage|p2a: Samurott|0 fnt\n|faint|p2a: Samurott\n|\n|upkeep\n|\n|t:|1699627260\n|switch|p2a: Urshifu|Urshifu, M|100\/100\n|turn|15\n|\n|t:|1699627270\n|move|p1a: Hoopa|Thunderbolt|p2a: Urshifu\n|-damage|p2a: Urshifu|45\/100\n|move|p2a: Urshifu|Drain Punch|p1a: Hoopa\n|-damage|p1a: Hoopa|22\/100\n|-heal|p2a: Urshifu|74\/100|[from] drain|[of] p1a: Hoopa\n|\n|upkeep\n|turn|16\n|\n|t:|1699627277\n|move|p2a: Urshifu|Sucker Punch|p1a: Hoopa\n|-damage|p1a: Hoopa|0 fnt\n|faint|p1a: Hoopa\n|\n|upkeep\n|\n|t:|1699627281\n|switch|p1a: Arceus|Arceus, shiny|100\/100\n|-damage|p1a: Arceus|88\/100|[from] Stealth Rock\n|turn|17\n|\n|t:|1699627290\n|-terastallize|p1a: Arceus|Ghost\n|move|p2a: Urshifu|Drain Punch|p1a: Arceus\n|-immune|p1a: Arceus\n|move|p1a: Arceus|Swords Dance|p1a: Arceus\n|-boost|p1a: Arceus|atk|2\n|-enditem|p2a: Urshifu|Mirror Herb\n|-boost|p2a: Urshifu|atk|2|[from] item: Mirror Herb\n|\n|-heal|p1a: Arceus|94\/100|[from] item: Leftovers\n|upkeep\n|turn|18\n|\n|t:|1699627295\n|move|p2a: Urshifu|Sucker Punch|p1a: Arceus\n|-supereffective|p1a: Arceus\n|-damage|p1a: Arceus|29\/100\n|move|p1a: Arceus|Earthquake|p2a: Urshifu\n|-damage|p2a: Urshifu|16\/100\n|\n|-heal|p1a: Arceus|35\/100|[from] item: Leftovers\n|upkeep\n|turn|19\n|\n|t:|1699627301\n|move|p1a: Arceus|Extreme Speed|p2a: Urshifu\n|-damage|p2a: Urshifu|0 fnt\n|faint|p2a: Urshifu\n|\n|-heal|p1a: Arceus|41\/100|[from] item: Leftovers\n|upkeep\n|\n|t:|1699627308\n|switch|p2a: Calyrex|Calyrex-Shadow|100\/100\n|-ability|p2a: Calyrex|As One\n|-ability|p2a: Calyrex|Unnerve\n|turn|20\n|\n|t:|1699627313\n|switch|p1a: Goodra|Goodra-Hisui, M|100\/100\n|-damage|p1a: Goodra|94\/100|[from] Stealth Rock\n|move|p2a: Calyrex|Astral Barrage|p1a: Goodra\n|-damage|p1a: Goodra|71\/100\n|\n|upkeep\n|turn|21\n|\n|t:|1699627321\n|move|p2a: Calyrex|Nasty Plot|p2a: Calyrex\n|-boost|p2a: Calyrex|spa|2\n|move|p1a: Goodra|Heavy Slam|p2a: Calyrex\n|-damage|p2a: Calyrex|53\/100\n|\n|upkeep\n|turn|22\n|\n|t:|1699627328\n|move|p2a: Calyrex|Astral Barrage|p1a: Goodra\n|-damage|p1a: Goodra|24\/100\n|move|p1a: Goodra|Dragon Tail|p2a: Calyrex\n|-damage|p2a: Calyrex|28\/100\n|drag|p2a: Masquerain|Masquerain, F, shiny|100\/100\n|-ability|p2a: Masquerain|Intimidate|boost\n|-unboost|p1a: Goodra|atk|1\n|\n|upkeep\n|turn|23\n|\n|t:|1699627341\n|move|p2a: Masquerain|Chilling Water|p1a: Goodra\n|-resisted|p1a: Goodra\n|-damage|p1a: Goodra|21\/100\n|-unboost|p1a: Goodra|atk|1\n|move|p1a: Goodra|Dragon Tail|p2a: Masquerain\n|-damage|p2a: Masquerain|82\/100\n|drag|p2a: Calyrex|Calyrex-Shadow|28\/100\n|-ability|p2a: Calyrex|As One\n|-ability|p2a: Calyrex|Unnerve\n|\n|upkeep\n|turn|24\n|\n|t:|1699627350\n|move|p2a: Calyrex|Astral Barrage|p1a: Goodra\n|-damage|p1a: Goodra|0 fnt\n|faint|p1a: Goodra\n|-ability|p2a: Calyrex|Grim Neigh|boost\n|-boost|p2a: Calyrex|spa|1\n|\n|upkeep\n|\n|t:|1699627354\n|switch|p1a: Decidueye|Decidueye-Hisui, F|7\/100\n|-damage|p1a: Decidueye|1\/100|[from] Stealth Rock\n|turn|25\n|\n|t:|1699627360\n|move|p1a: Decidueye|Shadow Sneak|p2a: Calyrex\n|-supereffective|p2a: Calyrex\n|-damage|p2a: Calyrex|0 fnt\n|faint|p2a: Calyrex\n|\n|-heal|p1a: Decidueye|7\/100|[from] item: Leftovers\n|upkeep\n|\n|t:|1699627363\n|switch|p2a: Masquerain|Masquerain, F, shiny|82\/100\n|-ability|p2a: Masquerain|Intimidate|boost\n|-fail|p1a: Decidueye|unboost|Attack|[from] ability: Scrappy|[of] p1a: Decidueye\n|turn|26\n|\n|t:|1699627367\n|move|p1a: Decidueye|Shadow Sneak|p2a: Masquerain\n|-damage|p2a: Masquerain|65\/100\n|move|p2a: Masquerain|Air Slash|p1a: Decidueye\n|-supereffective|p1a: Decidueye\n|-damage|p1a: Decidueye|0 fnt\n|faint|p1a: Decidueye\n|\n|upkeep\n|\n|t:|1699627370\n|switch|p1a: Arceus|Arceus, shiny, tera:Ghost|41\/100\n|-damage|p1a: Arceus|29\/100|[from] Stealth Rock\n|turn|27\n|\n|t:|1699627378\n|move|p1a: Arceus|Extreme Speed|p2a: Masquerain\n|-damage|p2a: Masquerain|6\/100\n|move|p2a: Masquerain|Air Slash|p1a: Arceus\n|-damage|p1a: Arceus|4\/100\n|\n|-heal|p1a: Arceus|10\/100|[from] item: Leftovers\n|upkeep\n|turn|28\n|c|\u2606BirdLawExpert|gg\n|\n|t:|1699627386\n|move|p1a: Arceus|Extreme Speed|p2a: Masquerain\n|-damage|p2a: Masquerain|0 fnt\n|faint|p2a: Masquerain\n|\n|win|BirdLawExpert\n|raw|BirdLawExpert's rating: 1279 &rarr; <strong>1311<\/strong><br \/>(+32 for winning)\n|raw|Toddynzin's rating: 1383 &rarr; <strong>1357<\/strong><br \/>(-26 for losing)\n|l|\u2606BirdLawExpert\n","uploadtime":1699627393,"views":3,"p1id":"birdlawexpert","p2id":"toddynzin","formatid":"gen9anythinggoes","rating":1311,"private":0,"password":""}