{"id":"gen9anythinggoes-1998686975","p1":"MrMimeIsMrKetchum","p2":"Nemitration","format":"[Gen 9] Anything Goes","log":"|j|\u2606MrMimeIsMrKetchum\n|j|\u2606Nemitration\n|t:|1700972542\n|gametype|singles\n|player|p1|MrMimeIsMrKetchum|swimmerf-gen4|\n|player|p2|Nemitration|1|\n|teamsize|p1|6\n|teamsize|p2|6\n|gen|9\n|tier|[Gen 9] Anything Goes\n|rule|HP Percentage Mod: HP is shown in percentages\n|rule|Endless Battle Clause: Forcing endless battles is banned\n|clearpoke\n|poke|p1|Hatterene, F|\n|poke|p1|Glimmora, F|\n|poke|p1|Diglett, M|\n|poke|p1|Dugtrio, F|\n|poke|p1|Walking Wake|\n|poke|p1|Scovillain, F|\n|poke|p2|Iron Bundle|\n|poke|p2|Dondozo, M|\n|poke|p2|Garchomp, F|\n|poke|p2|Toxapex, F|\n|poke|p2|Goodra, F|\n|poke|p2|Gholdengo|\n|teampreview\n|inactive|Battle timer is ON: inactive players will automatically lose when time's up. (requested by MrMimeIsMrKetchum)\n|\n|t:|1700972557\n|start\n|switch|p1a: Hatterene|Hatterene, F, shiny|100\/100\n|switch|p2a: Iron Bundle|Iron Bundle|100\/100\n|turn|1\n|\n|t:|1700972576\n|-terastallize|p2a: Iron Bundle|Ice\n|move|p2a: Iron Bundle|Ice Beam|p1a: Hatterene\n|-damage|p1a: Hatterene|46\/100\n|move|p1a: Hatterene|Nuzzle|p2a: Iron Bundle\n|-damage|p2a: Iron Bundle|95\/100\n|-status|p2a: Iron Bundle|par\n|\n|upkeep\n|turn|2\n|\n|t:|1700972585\n|move|p2a: Iron Bundle|Ice Beam|p1a: Hatterene\n|-damage|p1a: Hatterene|0 fnt\n|faint|p1a: Hatterene\n|\n|upkeep\n|\n|t:|1700972589\n|switch|p1a: Glimmora|Glimmora, F, shiny|100\/100\n|turn|3\n|\n|t:|1700972600\n|-end|p2a: Iron Bundle|Quark Drive|[silent]\n|switch|p2a: Garchomp|Garchomp, F|100\/100\n|move|p1a: Glimmora|Toxic Spikes|p2a: Garchomp\n|-sidestart|p2: Nemitration|move: Toxic Spikes\n|\n|upkeep\n|turn|4\n|\n|t:|1700972610\n|move|p2a: Garchomp|Swords Dance|p2a: Garchomp\n|-boost|p2a: Garchomp|atk|2\n|move|p1a: Glimmora|Stealth Rock|p2a: Garchomp\n|-sidestart|p2: Nemitration|move: Stealth Rock\n|\n|upkeep\n|turn|5\n|\n|t:|1700972616\n|move|p2a: Garchomp|Earthquake|p1a: Glimmora\n|-supereffective|p1a: Glimmora\n|-enditem|p1a: Glimmora|Focus Sash\n|-damage|p1a: Glimmora|1\/100\n|-activate|p1a: Glimmora|ability: Toxic Debris\n|-sidestart|p2: Nemitration|move: Toxic Spikes\n|move|p1a: Glimmora|Mortal Spin|p2a: Garchomp\n|-resisted|p2a: Garchomp\n|-damage|p2a: Garchomp|97\/100\n|-status|p2a: Garchomp|psn\n|\n|-damage|p2a: Garchomp|85\/100 psn|[from] psn\n|upkeep\n|turn|6\n|\n|t:|1700972633\n|switch|p1a: Diglett|Diglett, M|100\/100\n|move|p2a: Garchomp|Earthquake|p1a: Diglett\n|-damage|p1a: Diglett|0 fnt\n|faint|p1a: Diglett\n|\n|-damage|p2a: Garchomp|73\/100 psn|[from] psn\n|upkeep\n|\n|t:|1700972641\n|switch|p1a: Dugtrio|Dugtrio, F, shiny|100\/100\n|turn|7\n|\n|t:|1700972649\n|move|p1a: Dugtrio|Protect|p1a: Dugtrio\n|-singleturn|p1a: Dugtrio|Protect\n|move|p2a: Garchomp|Earthquake|p1a: Dugtrio\n|-activate|p1a: Dugtrio|move: Protect\n|\n|-damage|p2a: Garchomp|60\/100 psn|[from] psn\n|upkeep\n|turn|8\n|\n|t:|1700972656\n|move|p2a: Garchomp|Earthquake|p1a: Dugtrio\n|-damage|p1a: Dugtrio|0 fnt\n|faint|p1a: Dugtrio\n|\n|-damage|p2a: Garchomp|48\/100 psn|[from] psn\n|upkeep\n|\n|t:|1700972662\n|switch|p1a: Glimmora|Glimmora, F, shiny|1\/100\n|turn|9\n|\n|t:|1700972669\n|move|p2a: Garchomp|Dragon Claw|p1a: Glimmora\n|-damage|p1a: Glimmora|0 fnt\n|faint|p1a: Glimmora\n|\n|-damage|p2a: Garchomp|36\/100 psn|[from] psn\n|upkeep\n|\n|t:|1700972674\n|switch|p1a: Walking Wake|Walking Wake|100\/100\n|turn|10\n|\n|t:|1700972687\n|move|p1a: Walking Wake|Dragon Pulse|p2a: Garchomp\n|-supereffective|p2a: Garchomp\n|-damage|p2a: Garchomp|0 fnt\n|faint|p2a: Garchomp\n|\n|upkeep\n|\n|t:|1700972692\n|switch|p2a: Toxapex|Toxapex, F|100\/100\n|-sideend|p2: Nemitration|move: Toxic Spikes|[of] p2a: Toxapex\n|-damage|p2a: Toxapex|88\/100|[from] Stealth Rock\n|turn|11\n|\n|t:|1700972704\n|move|p1a: Walking Wake|Dragon Pulse|p2a: Toxapex\n|-damage|p2a: Toxapex|48\/100\n|move|p2a: Toxapex|Toxic|p1a: Walking Wake\n|-status|p1a: Walking Wake|tox\n|\n|-heal|p2a: Toxapex|55\/100|[from] item: Black Sludge\n|-damage|p1a: Walking Wake|94\/100 tox|[from] psn\n|upkeep\n|turn|12\n|\n|t:|1700972713\n|move|p2a: Toxapex|Baneful Bunker|p2a: Toxapex\n|-singleturn|p2a: Toxapex|move: Protect\n|move|p1a: Walking Wake|Dragon Pulse|p2a: Toxapex\n|-activate|p2a: Toxapex|move: Protect\n|\n|-heal|p2a: Toxapex|61\/100|[from] item: Black Sludge\n|-damage|p1a: Walking Wake|82\/100 tox|[from] psn\n|upkeep\n|turn|13\n|\n|t:|1700972721\n|move|p1a: Walking Wake|Dragon Pulse|p2a: Toxapex\n|-damage|p2a: Toxapex|26\/100\n|move|p2a: Toxapex|Recover|p2a: Toxapex\n|-heal|p2a: Toxapex|76\/100\n|\n|-heal|p2a: Toxapex|82\/100|[from] item: Black Sludge\n|-damage|p1a: Walking Wake|63\/100 tox|[from] psn\n|upkeep\n|turn|14\n|\n|t:|1700972732\n|move|p1a: Walking Wake|Dragon Pulse|p2a: Toxapex\n|-damage|p2a: Toxapex|43\/100\n|move|p2a: Toxapex|Stockpile|p2a: Toxapex\n|-start|p2a: Toxapex|stockpile1\n|-boost|p2a: Toxapex|def|1\n|-boost|p2a: Toxapex|spd|1\n|\n|-heal|p2a: Toxapex|50\/100|[from] item: Black Sludge\n|-damage|p1a: Walking Wake|39\/100 tox|[from] psn\n|upkeep\n|turn|15\n|\n|t:|1700972742\n|move|p2a: Toxapex|Baneful Bunker|p2a: Toxapex\n|-singleturn|p2a: Toxapex|move: Protect\n|move|p1a: Walking Wake|Dragon Pulse|p2a: Toxapex\n|-activate|p2a: Toxapex|move: Protect\n|\n|-heal|p2a: Toxapex|56\/100|[from] item: Black Sludge\n|-damage|p1a: Walking Wake|8\/100 tox|[from] psn\n|upkeep\n|turn|16\n|\n|t:|1700972750\n|move|p1a: Walking Wake|Dragon Pulse|p2a: Toxapex\n|-damage|p2a: Toxapex|31\/100\n|move|p2a: Toxapex|Recover|p2a: Toxapex\n|-heal|p2a: Toxapex|81\/100\n|\n|-heal|p2a: Toxapex|87\/100|[from] item: Black Sludge\n|-damage|p1a: Walking Wake|0 fnt|[from] psn\n|faint|p1a: Walking Wake\n|-end|p1a: Walking Wake|Protosynthesis|[silent]\n|upkeep\n|\n|t:|1700972753\n|switch|p1a: Scovillain|Scovillain, F, shiny|100\/100\n|turn|17\n|\n|t:|1700972760\n|move|p1a: Scovillain|Substitute|p1a: Scovillain\n|-start|p1a: Scovillain|Substitute\n|-damage|p1a: Scovillain|76\/100\n|move|p2a: Toxapex|Toxic||[still]\n|-fail|p2a: Toxapex\n|\n|-heal|p1a: Scovillain|82\/100|[from] item: Leftovers\n|-heal|p2a: Toxapex|93\/100|[from] item: Black Sludge\n|-ability|p1a: Scovillain|Moody|boost\n|-boost|p1a: Scovillain|spe|2\n|-unboost|p1a: Scovillain|spa|1\n|upkeep\n|turn|18\n|\n|t:|1700972773\n|switch|p2a: Goodra|Goodra, F|100\/100\n|-damage|p2a: Goodra|88\/100|[from] Stealth Rock\n|move|p1a: Scovillain|Leech Seed|p2a: Goodra\n|-ability|p2a: Goodra|Sap Sipper|boost\n|-boost|p2a: Goodra|atk|1\n|\n|-heal|p1a: Scovillain|88\/100|[from] item: Leftovers\n|-ability|p1a: Scovillain|Moody|boost\n|-boost|p1a: Scovillain|spa|2\n|-unboost|p1a: Scovillain|def|1\n|upkeep\n|turn|19\n|\n|t:|1700972784\n|move|p1a: Scovillain|Protect|p1a: Scovillain\n|-singleturn|p1a: Scovillain|Protect\n|move|p2a: Goodra|Flamethrower|p1a: Scovillain\n|-activate|p1a: Scovillain|move: Protect\n|\n|-heal|p1a: Scovillain|94\/100|[from] item: Leftovers\n|-ability|p1a: Scovillain|Moody|boost\n|-boost|p1a: Scovillain|spa|2\n|-unboost|p1a: Scovillain|atk|1\n|upkeep\n|turn|20\n|\n|t:|1700972797\n|-terastallize|p1a: Scovillain|Fire\n|move|p1a: Scovillain|Flamethrower|p2a: Goodra\n|-resisted|p2a: Goodra\n|-damage|p2a: Goodra|52\/100\n|-status|p2a: Goodra|brn\n|move|p2a: Goodra|Dragon Pulse|p1a: Scovillain\n|-end|p1a: Scovillain|Substitute\n|\n|-heal|p1a: Scovillain|99\/100|[from] item: Leftovers\n|-damage|p2a: Goodra|46\/100 brn|[from] brn\n|-ability|p1a: Scovillain|Moody|boost\n|-boost|p1a: Scovillain|spd|2\n|-unboost|p1a: Scovillain|def|1\n|upkeep\n|turn|21\n|\n|t:|1700972812\n|move|p1a: Scovillain|Substitute|p1a: Scovillain\n|-start|p1a: Scovillain|Substitute\n|-damage|p1a: Scovillain|75\/100\n|move|p2a: Goodra|Rest|p2a: Goodra\n|-status|p2a: Goodra|slp|[from] move: Rest\n|-heal|p2a: Goodra|100\/100 slp|[silent]\n|-enditem|p2a: Goodra|Chesto Berry|[eat]\n|-curestatus|p2a: Goodra|slp|[msg]\n|\n|-heal|p1a: Scovillain|81\/100|[from] item: Leftovers\n|-ability|p1a: Scovillain|Moody|boost\n|-boost|p1a: Scovillain|spe|2\n|-unboost|p1a: Scovillain|def|1\n|upkeep\n|turn|22\n|\n|t:|1700972825\n|move|p1a: Scovillain|Protect|p1a: Scovillain\n|-singleturn|p1a: Scovillain|Protect\n|move|p2a: Goodra|Dragon Pulse|p1a: Scovillain\n|-activate|p1a: Scovillain|move: Protect\n|\n|-heal|p1a: Scovillain|87\/100|[from] item: Leftovers\n|-ability|p1a: Scovillain|Moody|boost\n|-boost|p1a: Scovillain|atk|2\n|-unboost|p1a: Scovillain|spd|1\n|upkeep\n|turn|23\n|\n|t:|1700972834\n|move|p1a: Scovillain|Flamethrower|p2a: Goodra\n|-resisted|p2a: Goodra\n|-damage|p2a: Goodra|66\/100\n|move|p2a: Goodra|Dragon Pulse|p1a: Scovillain\n|-end|p1a: Scovillain|Substitute\n|\n|-heal|p1a: Scovillain|93\/100|[from] item: Leftovers\n|-ability|p1a: Scovillain|Moody|boost\n|-boost|p1a: Scovillain|spd|2\n|-unboost|p1a: Scovillain|def|1\n|upkeep\n|turn|24\n|\n|t:|1700972844\n|move|p1a: Scovillain|Substitute|p1a: Scovillain\n|-start|p1a: Scovillain|Substitute\n|-damage|p1a: Scovillain|68\/100\n|move|p2a: Goodra|Dragon Pulse|p1a: Scovillain\n|-end|p1a: Scovillain|Substitute\n|\n|-heal|p1a: Scovillain|74\/100|[from] item: Leftovers\n|-ability|p1a: Scovillain|Moody|boost\n|-boost|p1a: Scovillain|def|2\n|-unboost|p1a: Scovillain|spe|1\n|upkeep\n|turn|25\n|\n|t:|1700972853\n|move|p1a: Scovillain|Protect|p1a: Scovillain\n|-singleturn|p1a: Scovillain|Protect\n|move|p2a: Goodra|Dragon Pulse|p1a: Scovillain\n|-activate|p1a: Scovillain|move: Protect\n|\n|-heal|p1a: Scovillain|80\/100|[from] item: Leftovers\n|-ability|p1a: Scovillain|Moody|boost\n|-boost|p1a: Scovillain|atk|2\n|-unboost|p1a: Scovillain|def|1\n|upkeep\n|turn|26\n|\n|t:|1700972861\n|move|p1a: Scovillain|Substitute|p1a: Scovillain\n|-start|p1a: Scovillain|Substitute\n|-damage|p1a: Scovillain|55\/100\n|move|p2a: Goodra|Dragon Pulse|p1a: Scovillain\n|-end|p1a: Scovillain|Substitute\n|\n|-heal|p1a: Scovillain|61\/100|[from] item: Leftovers\n|-ability|p1a: Scovillain|Moody|boost\n|-boost|p1a: Scovillain|def|2\n|-unboost|p1a: Scovillain|spa|1\n|upkeep\n|turn|27\n|\n|t:|1700972870\n|move|p1a: Scovillain|Protect|p1a: Scovillain\n|-singleturn|p1a: Scovillain|Protect\n|move|p2a: Goodra|Flamethrower|p1a: Scovillain\n|-activate|p1a: Scovillain|move: Protect\n|\n|-heal|p1a: Scovillain|67\/100|[from] item: Leftovers\n|-ability|p1a: Scovillain|Moody|boost\n|-boost|p1a: Scovillain|spa|2\n|-unboost|p1a: Scovillain|def|1\n|upkeep\n|turn|28\n|\n|t:|1700972880\n|move|p1a: Scovillain|Substitute|p1a: Scovillain\n|-start|p1a: Scovillain|Substitute\n|-damage|p1a: Scovillain|42\/100\n|move|p2a: Goodra|Flamethrower|p1a: Scovillain\n|-resisted|p1a: Scovillain\n|-activate|p1a: Scovillain|move: Substitute|[damage]\n|\n|-heal|p1a: Scovillain|48\/100|[from] item: Leftovers\n|-ability|p1a: Scovillain|Moody|boost\n|-boost|p1a: Scovillain|def|2\n|-unboost|p1a: Scovillain|spe|1\n|upkeep\n|turn|29\n|\n|t:|1700972890\n|move|p1a: Scovillain|Protect|p1a: Scovillain\n|-singleturn|p1a: Scovillain|Protect\n|move|p2a: Goodra|Dragon Pulse|p1a: Scovillain\n|-activate|p1a: Scovillain|move: Protect\n|\n|-heal|p1a: Scovillain|54\/100|[from] item: Leftovers\n|-ability|p1a: Scovillain|Moody|boost\n|-boost|p1a: Scovillain|spe|2\n|-unboost|p1a: Scovillain|atk|1\n|upkeep\n|turn|30\n|\n|t:|1700972899\n|move|p1a: Scovillain|Flamethrower|p2a: Goodra\n|-resisted|p2a: Goodra\n|-damage|p2a: Goodra|26\/100\n|move|p2a: Goodra|Dragon Pulse|p1a: Scovillain\n|-end|p1a: Scovillain|Substitute\n|\n|-heal|p1a: Scovillain|60\/100|[from] item: Leftovers\n|-ability|p1a: Scovillain|Moody|boost\n|-boost|p1a: Scovillain|def|2\n|-unboost|p1a: Scovillain|spa|1\n|upkeep\n|turn|31\n|\n|t:|1700972912\n|move|p1a: Scovillain|Flamethrower|p2a: Goodra\n|-resisted|p2a: Goodra\n|-damage|p2a: Goodra|0 fnt\n|faint|p2a: Goodra\n|\n|-heal|p1a: Scovillain|66\/100|[from] item: Leftovers\n|-ability|p1a: Scovillain|Moody|boost\n|-boost|p1a: Scovillain|spe|2\n|-unboost|p1a: Scovillain|def|1\n|upkeep\n|\n|t:|1700972921\n|switch|p2a: Iron Bundle|Iron Bundle, tera:Ice|95\/100 par\n|-damage|p2a: Iron Bundle|70\/100 par|[from] Stealth Rock\n|turn|32\n|\n|t:|1700972932\n|move|p1a: Scovillain|Protect|p1a: Scovillain\n|-singleturn|p1a: Scovillain|Protect\n|move|p2a: Iron Bundle|Chilling Water|p1a: Scovillain\n|-activate|p1a: Scovillain|move: Protect\n|\n|-heal|p1a: Scovillain|72\/100|[from] item: Leftovers\n|-ability|p1a: Scovillain|Moody|boost\n|-boost|p1a: Scovillain|spa|2\n|-unboost|p1a: Scovillain|def|1\n|upkeep\n|turn|33\n|\n|t:|1700972942\n|move|p1a: Scovillain|Substitute|p1a: Scovillain\n|-start|p1a: Scovillain|Substitute\n|-damage|p1a: Scovillain|47\/100\n|move|p2a: Iron Bundle|Chilling Water|p1a: Scovillain\n|-supereffective|p1a: Scovillain\n|-end|p1a: Scovillain|Substitute\n|\n|-heal|p1a: Scovillain|53\/100|[from] item: Leftovers\n|-ability|p1a: Scovillain|Moody|boost\n|-boost|p1a: Scovillain|spa|1\n|-unboost|p1a: Scovillain|spd|1\n|upkeep\n|turn|34\n|\n|t:|1700972966\n|-end|p2a: Iron Bundle|Quark Drive|[silent]\n|switch|p2a: Dondozo|Dondozo, M|100\/100\n|-damage|p2a: Dondozo|88\/100|[from] Stealth Rock\n|move|p1a: Scovillain|Substitute|p1a: Scovillain\n|-start|p1a: Scovillain|Substitute\n|-damage|p1a: Scovillain|28\/100\n|\n|-heal|p1a: Scovillain|34\/100|[from] item: Leftovers\n|-heal|p2a: Dondozo|94\/100|[from] item: Leftovers\n|-ability|p1a: Scovillain|Moody|boost\n|-boost|p1a: Scovillain|atk|2\n|-unboost|p1a: Scovillain|spa|1\n|upkeep\n|turn|35\n|\n|t:|1700972979\n|move|p1a: Scovillain|Protect|p1a: Scovillain\n|-singleturn|p1a: Scovillain|Protect\n|move|p2a: Dondozo|Waterfall|p1a: Scovillain\n|-activate|p1a: Scovillain|move: Protect\n|\n|-heal|p1a: Scovillain|40\/100|[from] item: Leftovers\n|-heal|p2a: Dondozo|99\/100|[from] item: Leftovers\n|-ability|p1a: Scovillain|Moody|boost\n|-boost|p1a: Scovillain|spd|2\n|-unboost|p1a: Scovillain|spe|1\n|upkeep\n|turn|36\n|\n|t:|1700972990\n|move|p1a: Scovillain|Leech Seed|p2a: Dondozo\n|-start|p2a: Dondozo|move: Leech Seed\n|move|p2a: Dondozo|Waterfall|p1a: Scovillain\n|-supereffective|p1a: Scovillain\n|-end|p1a: Scovillain|Substitute\n|\n|-heal|p1a: Scovillain|46\/100|[from] item: Leftovers\n|-heal|p2a: Dondozo|100\/100|[from] item: Leftovers\n|-damage|p2a: Dondozo|88\/100|[from] Leech Seed|[of] p1a: Scovillain\n|-heal|p1a: Scovillain|65\/100|[silent]\n|-ability|p1a: Scovillain|Moody|boost\n|-boost|p1a: Scovillain|def|2\n|-unboost|p1a: Scovillain|atk|1\n|upkeep\n|turn|37\n|\n|t:|1700973008\n|switch|p2a: Iron Bundle|Iron Bundle, tera:Ice|70\/100 par\n|-damage|p2a: Iron Bundle|45\/100 par|[from] Stealth Rock\n|move|p1a: Scovillain|Protect||[still]\n|-fail|p1a: Scovillain\n|\n|-heal|p1a: Scovillain|71\/100|[from] item: Leftovers\n|-ability|p1a: Scovillain|Moody|boost\n|-boost|p1a: Scovillain|spe|1\n|-unboost|p1a: Scovillain|def|1\n|upkeep\n|turn|38\n|inactive|Nemitration has 270 seconds left.\n|\n|t:|1700973028\n|move|p1a: Scovillain|Substitute|p1a: Scovillain\n|-start|p1a: Scovillain|Substitute\n|-damage|p1a: Scovillain|46\/100\n|move|p2a: Iron Bundle|Chilling Water|p1a: Scovillain\n|-supereffective|p1a: Scovillain\n|-end|p1a: Scovillain|Substitute\n|\n|-heal|p1a: Scovillain|52\/100|[from] item: Leftovers\n|-ability|p1a: Scovillain|Moody|boost\n|-boost|p1a: Scovillain|def|2\n|-unboost|p1a: Scovillain|atk|1\n|upkeep\n|turn|39\n|inactive|Nemitration has 270 seconds left.\n|\n|t:|1700973038\n|move|p1a: Scovillain|Substitute|p1a: Scovillain\n|-start|p1a: Scovillain|Substitute\n|-damage|p1a: Scovillain|27\/100\n|cant|p2a: Iron Bundle|par\n|\n|-heal|p1a: Scovillain|33\/100|[from] item: Leftovers\n|-ability|p1a: Scovillain|Moody|boost\n|-boost|p1a: Scovillain|spd|2\n|-unboost|p1a: Scovillain|spa|1\n|upkeep\n|turn|40\n|\n|t:|1700973046\n|move|p1a: Scovillain|Protect|p1a: Scovillain\n|-singleturn|p1a: Scovillain|Protect\n|cant|p2a: Iron Bundle|par\n|\n|-heal|p1a: Scovillain|39\/100|[from] item: Leftovers\n|-ability|p1a: Scovillain|Moody|boost\n|-boost|p1a: Scovillain|spa|2\n|-unboost|p1a: Scovillain|def|1\n|upkeep\n|turn|41\n|\n|t:|1700973054\n|move|p1a: Scovillain|Flamethrower|p2a: Iron Bundle\n|-supereffective|p2a: Iron Bundle\n|-damage|p2a: Iron Bundle|0 fnt\n|faint|p2a: Iron Bundle\n|-end|p2a: Iron Bundle|Quark Drive|[silent]\n|\n|-heal|p1a: Scovillain|45\/100|[from] item: Leftovers\n|-ability|p1a: Scovillain|Moody|boost\n|-boost|p1a: Scovillain|def|2\n|-unboost|p1a: Scovillain|spe|1\n|upkeep\n|\n|t:|1700973066\n|switch|p2a: Toxapex|Toxapex, F|100\/100\n|-damage|p2a: Toxapex|88\/100|[from] Stealth Rock\n|turn|42\n|\n|t:|1700973072\n|move|p1a: Scovillain|Leech Seed|p2a: Toxapex\n|-start|p2a: Toxapex|move: Leech Seed\n|move|p2a: Toxapex|Stockpile|p2a: Toxapex\n|-start|p2a: Toxapex|stockpile1\n|-boost|p2a: Toxapex|def|1\n|-boost|p2a: Toxapex|spd|1\n|\n|-heal|p1a: Scovillain|51\/100|[from] item: Leftovers\n|-heal|p2a: Toxapex|94\/100|[from] item: Black Sludge\n|-damage|p2a: Toxapex|82\/100|[from] Leech Seed|[of] p1a: Scovillain\n|-heal|p1a: Scovillain|60\/100|[silent]\n|-ability|p1a: Scovillain|Moody|boost\n|-boost|p1a: Scovillain|atk|2\n|-unboost|p1a: Scovillain|def|1\n|upkeep\n|turn|43\n|\n|t:|1700973090\n|move|p1a: Scovillain|Leech Seed||[still]\n|-fail|p1a: Scovillain\n|move|p2a: Toxapex|Stockpile|p2a: Toxapex\n|-start|p2a: Toxapex|stockpile2\n|-boost|p2a: Toxapex|def|1\n|-boost|p2a: Toxapex|spd|1\n|\n|-heal|p1a: Scovillain|66\/100|[from] item: Leftovers\n|-heal|p2a: Toxapex|88\/100|[from] item: Black Sludge\n|-damage|p2a: Toxapex|76\/100|[from] Leech Seed|[of] p1a: Scovillain\n|-heal|p1a: Scovillain|75\/100|[silent]\n|-ability|p1a: Scovillain|Moody|boost\n|-boost|p1a: Scovillain|def|2\n|-unboost|p1a: Scovillain|spa|1\n|upkeep\n|turn|44\n|\n|t:|1700973102\n|move|p1a: Scovillain|Flamethrower|p2a: Toxapex\n|-resisted|p2a: Toxapex\n|-damage|p2a: Toxapex|45\/100\n|move|p2a: Toxapex|Stockpile|p2a: Toxapex\n|-start|p2a: Toxapex|stockpile3\n|-boost|p2a: Toxapex|def|1\n|-boost|p2a: Toxapex|spd|1\n|\n|-heal|p1a: Scovillain|81\/100|[from] item: Leftovers\n|-heal|p2a: Toxapex|51\/100|[from] item: Black Sludge\n|-damage|p2a: Toxapex|39\/100|[from] Leech Seed|[of] p1a: Scovillain\n|-heal|p1a: Scovillain|90\/100|[silent]\n|-ability|p1a: Scovillain|Moody|boost\n|-boost|p1a: Scovillain|atk|2\n|-unboost|p1a: Scovillain|def|1\n|upkeep\n|turn|45\n|\n|t:|1700973117\n|move|p1a: Scovillain|Flamethrower|p2a: Toxapex\n|-resisted|p2a: Toxapex\n|-damage|p2a: Toxapex|10\/100\n|move|p2a: Toxapex|Recover|p2a: Toxapex\n|-heal|p2a: Toxapex|60\/100\n|\n|-heal|p1a: Scovillain|96\/100|[from] item: Leftovers\n|-heal|p2a: Toxapex|66\/100|[from] item: Black Sludge\n|-damage|p2a: Toxapex|54\/100|[from] Leech Seed|[of] p1a: Scovillain\n|-heal|p1a: Scovillain|100\/100|[silent]\n|-ability|p1a: Scovillain|Moody|boost\n|-boost|p1a: Scovillain|spa|1\n|-unboost|p1a: Scovillain|spd|1\n|upkeep\n|turn|46\n|\n|t:|1700973136\n|move|p2a: Toxapex|Baneful Bunker|p2a: Toxapex\n|-singleturn|p2a: Toxapex|move: Protect\n|move|p1a: Scovillain|Leech Seed|p2a: Toxapex\n|-activate|p2a: Toxapex|move: Protect\n|\n|-heal|p2a: Toxapex|60\/100|[from] item: Black Sludge\n|-damage|p2a: Toxapex|48\/100|[from] Leech Seed|[of] p1a: Scovillain\n|-ability|p1a: Scovillain|Moody|boost\n|-boost|p1a: Scovillain|spd|1\n|-unboost|p1a: Scovillain|spa|1\n|upkeep\n|turn|47\n|\n|t:|1700973146\n|move|p1a: Scovillain|Flamethrower|p2a: Toxapex\n|-resisted|p2a: Toxapex\n|-damage|p2a: Toxapex|19\/100\n|move|p2a: Toxapex|Recover|p2a: Toxapex\n|-heal|p2a: Toxapex|69\/100\n|\n|-heal|p2a: Toxapex|75\/100|[from] item: Black Sludge\n|-damage|p2a: Toxapex|62\/100|[from] Leech Seed|[of] p1a: Scovillain\n|-ability|p1a: Scovillain|Moody|boost\n|-boost|p1a: Scovillain|def|2\n|-unboost|p1a: Scovillain|spd|1\n|upkeep\n|turn|48\n|\n|t:|1700973157\n|move|p1a: Scovillain|Leech Seed||[still]\n|-fail|p1a: Scovillain\n|move|p2a: Toxapex|Recover|p2a: Toxapex\n|-heal|p2a: Toxapex|100\/100\n|\n|-damage|p2a: Toxapex|88\/100|[from] Leech Seed|[of] p1a: Scovillain\n|-ability|p1a: Scovillain|Moody|boost\n|-boost|p1a: Scovillain|spd|1\n|-unboost|p1a: Scovillain|def|1\n|upkeep\n|turn|49\n|\n|t:|1700973166\n|move|p2a: Toxapex|Baneful Bunker|p2a: Toxapex\n|-singleturn|p2a: Toxapex|move: Protect\n|move|p1a: Scovillain|Flamethrower|p2a: Toxapex\n|-activate|p2a: Toxapex|move: Protect\n|\n|-heal|p2a: Toxapex|94\/100|[from] item: Black Sludge\n|-damage|p2a: Toxapex|82\/100|[from] Leech Seed|[of] p1a: Scovillain\n|-ability|p1a: Scovillain|Moody|boost\n|-boost|p1a: Scovillain|def|1\n|-unboost|p1a: Scovillain|spa|1\n|upkeep\n|turn|50\n|\n|t:|1700973188\n|switch|p2a: Dondozo|Dondozo, M|88\/100\n|-damage|p2a: Dondozo|75\/100|[from] Stealth Rock\n|move|p1a: Scovillain|Flamethrower|p2a: Dondozo\n|-resisted|p2a: Dondozo\n|-damage|p2a: Dondozo|53\/100\n|\n|-heal|p2a: Dondozo|60\/100|[from] item: Leftovers\n|-ability|p1a: Scovillain|Moody|boost\n|-boost|p1a: Scovillain|spe|1\n|-unboost|p1a: Scovillain|spd|1\n|upkeep\n|turn|51\n|\n|t:|1700973200\n|move|p1a: Scovillain|Leech Seed|p2a: Dondozo\n|-start|p2a: Dondozo|move: Leech Seed\n|move|p2a: Dondozo|Waterfall|p1a: Scovillain\n|-supereffective|p1a: Scovillain\n|-end|p1a: Scovillain|Substitute\n|\n|-heal|p2a: Dondozo|66\/100|[from] item: Leftovers\n|-damage|p2a: Dondozo|53\/100|[from] Leech Seed|[of] p1a: Scovillain\n|-ability|p1a: Scovillain|Moody|boost\n|-boost|p1a: Scovillain|spd|1\n|-unboost|p1a: Scovillain|spa|1\n|upkeep\n|turn|52\n|inactive|Nemitration has 270 seconds left.\n|\n|t:|1700973218\n|switch|p2a: Toxapex|Toxapex, F|100\/100\n|-damage|p2a: Toxapex|88\/100|[from] Stealth Rock\n|move|p1a: Scovillain|Substitute|p1a: Scovillain\n|-start|p1a: Scovillain|Substitute\n|-damage|p1a: Scovillain|76\/100\n|\n|-heal|p1a: Scovillain|82\/100|[from] item: Leftovers\n|-heal|p2a: Toxapex|94\/100|[from] item: Black Sludge\n|-ability|p1a: Scovillain|Moody|boost\n|-boost|p1a: Scovillain|spa|2\n|-unboost|p1a: Scovillain|atk|1\n|upkeep\n|turn|53\n|inactive|Nemitration has 270 seconds left.\n|\n|t:|1700973229\n|move|p2a: Toxapex|Baneful Bunker|p2a: Toxapex\n|-singleturn|p2a: Toxapex|move: Protect\n|move|p1a: Scovillain|Leech Seed|p2a: Toxapex\n|-activate|p2a: Toxapex|move: Protect\n|\n|-heal|p1a: Scovillain|88\/100|[from] item: Leftovers\n|-heal|p2a: Toxapex|100\/100|[from] item: Black Sludge\n|-ability|p1a: Scovillain|Moody|boost\n|-boost|p1a: Scovillain|spa|1\n|-unboost|p1a: Scovillain|atk|1\n|upkeep\n|turn|54\n|inactive|Nemitration has 270 seconds left.\n|\n|t:|1700973240\n|switch|p2a: Gholdengo|Gholdengo|100\/100\n|-damage|p2a: Gholdengo|94\/100|[from] Stealth Rock\n|move|p1a: Scovillain|Leech Seed|p2a: Gholdengo\n|-immune|p2a: Gholdengo|[from] ability: Good as Gold\n|\n|-heal|p1a: Scovillain|94\/100|[from] item: Leftovers\n|-ability|p1a: Scovillain|Moody|boost\n|-boost|p1a: Scovillain|atk|2\n|-unboost|p1a: Scovillain|spd|1\n|upkeep\n|turn|55\n|inactive|Nemitration has 270 seconds left.\n|\n|t:|1700973253\n|switch|p2a: Toxapex|Toxapex, F|100\/100\n|-damage|p2a: Toxapex|88\/100|[from] Stealth Rock\n|move|p1a: Scovillain|Flamethrower|p2a: Toxapex\n|-resisted|p2a: Toxapex\n|-damage|p2a: Toxapex|10\/100\n|\n|-heal|p1a: Scovillain|99\/100|[from] item: Leftovers\n|-heal|p2a: Toxapex|16\/100|[from] item: Black Sludge\n|-ability|p1a: Scovillain|Moody|boost\n|-boost|p1a: Scovillain|spd|1\n|-unboost|p1a: Scovillain|atk|1\n|upkeep\n|turn|56\n|inactive|Nemitration has 270 seconds left.\n|\n|t:|1700973265\n|move|p2a: Toxapex|Baneful Bunker|p2a: Toxapex\n|-singleturn|p2a: Toxapex|move: Protect\n|move|p1a: Scovillain|Leech Seed|p2a: Toxapex\n|-activate|p2a: Toxapex|move: Protect\n|\n|-heal|p1a: Scovillain|100\/100|[from] item: Leftovers\n|-heal|p2a: Toxapex|22\/100|[from] item: Black Sludge\n|-ability|p1a: Scovillain|Moody|boost\n|-boost|p1a: Scovillain|atk|1\n|-unboost|p1a: Scovillain|def|1\n|upkeep\n|turn|57\n|inactive|Nemitration has 270 seconds left.\n|\n|t:|1700973276\n|switch|p2a: Gholdengo|Gholdengo|94\/100\n|-damage|p2a: Gholdengo|88\/100|[from] Stealth Rock\n|move|p1a: Scovillain|Flamethrower|p2a: Gholdengo\n|-supereffective|p2a: Gholdengo\n|-damage|p2a: Gholdengo|0 fnt\n|faint|p2a: Gholdengo\n|\n|-ability|p1a: Scovillain|Moody|boost\n|-boost|p1a: Scovillain|def|1\n|-unboost|p1a: Scovillain|spa|1\n|upkeep\n|inactive|Nemitration has 270 seconds left.\n|\n|t:|1700973286\n|switch|p2a: Dondozo|Dondozo, M|53\/100\n|-damage|p2a: Dondozo|41\/100|[from] Stealth Rock\n|turn|58\n|inactive|Nemitration has 270 seconds left.\n|\n|t:|1700973294\n|move|p1a: Scovillain|Leech Seed|p2a: Dondozo\n|-start|p2a: Dondozo|move: Leech Seed\n|move|p2a: Dondozo|Waterfall|p1a: Scovillain\n|-supereffective|p1a: Scovillain\n|-end|p1a: Scovillain|Substitute\n|\n|-heal|p2a: Dondozo|47\/100|[from] item: Leftovers\n|-damage|p2a: Dondozo|34\/100|[from] Leech Seed|[of] p1a: Scovillain\n|-ability|p1a: Scovillain|Moody|boost\n|-boost|p1a: Scovillain|spa|1\n|-unboost|p1a: Scovillain|spe|1\n|upkeep\n|turn|59\n|inactive|Nemitration has 270 seconds left.\n|\n|t:|1700973306\n|move|p1a: Scovillain|Substitute|p1a: Scovillain\n|-start|p1a: Scovillain|Substitute\n|-damage|p1a: Scovillain|76\/100\n|move|p2a: Dondozo|Waterfall|p1a: Scovillain\n|-supereffective|p1a: Scovillain\n|-end|p1a: Scovillain|Substitute\n|\n|-heal|p1a: Scovillain|82\/100|[from] item: Leftovers\n|-heal|p2a: Dondozo|41\/100|[from] item: Leftovers\n|-damage|p2a: Dondozo|28\/100|[from] Leech Seed|[of] p1a: Scovillain\n|-heal|p1a: Scovillain|100\/100|[silent]\n|-ability|p1a: Scovillain|Moody|boost\n|-boost|p1a: Scovillain|spe|1\n|-unboost|p1a: Scovillain|atk|1\n|upkeep\n|turn|60\n|inactive|Nemitration has 270 seconds left.\n|\n|t:|1700973321\n|move|p1a: Scovillain|Substitute|p1a: Scovillain\n|-start|p1a: Scovillain|Substitute\n|-damage|p1a: Scovillain|76\/100\n|move|p2a: Dondozo|Waterfall|p1a: Scovillain\n|-supereffective|p1a: Scovillain\n|-end|p1a: Scovillain|Substitute\n|\n|-heal|p1a: Scovillain|82\/100|[from] item: Leftovers\n|-heal|p2a: Dondozo|34\/100|[from] item: Leftovers\n|-damage|p2a: Dondozo|22\/100|[from] Leech Seed|[of] p1a: Scovillain\n|-heal|p1a: Scovillain|100\/100|[silent]\n|-ability|p1a: Scovillain|Moody|boost\n|-boost|p1a: Scovillain|atk|1\n|-unboost|p1a: Scovillain|spd|1\n|upkeep\n|turn|61\n|inactive|Nemitration has 270 seconds left.\n|\n|t:|1700973334\n|move|p1a: Scovillain|Protect|p1a: Scovillain\n|-singleturn|p1a: Scovillain|Protect\n|move|p2a: Dondozo|Waterfall|p1a: Scovillain\n|-activate|p1a: Scovillain|move: Protect\n|\n|-heal|p2a: Dondozo|28\/100|[from] item: Leftovers\n|-damage|p2a: Dondozo|15\/100|[from] Leech Seed|[of] p1a: Scovillain\n|-ability|p1a: Scovillain|Moody|boost\n|-boost|p1a: Scovillain|spd|1\n|-unboost|p1a: Scovillain|spe|1\n|upkeep\n|turn|62\n|inactive|Nemitration has 270 seconds left.\n|\n|t:|1700973344\n|move|p1a: Scovillain|Substitute|p1a: Scovillain\n|-start|p1a: Scovillain|Substitute\n|-damage|p1a: Scovillain|76\/100\n|move|p2a: Dondozo|Waterfall|p1a: Scovillain\n|-supereffective|p1a: Scovillain\n|-end|p1a: Scovillain|Substitute\n|\n|-heal|p1a: Scovillain|82\/100|[from] item: Leftovers\n|-heal|p2a: Dondozo|22\/100|[from] item: Leftovers\n|-damage|p2a: Dondozo|9\/100|[from] Leech Seed|[of] p1a: Scovillain\n|-heal|p1a: Scovillain|100\/100|[silent]\n|-ability|p1a: Scovillain|Moody|boost\n|-boost|p1a: Scovillain|spe|1\n|-unboost|p1a: Scovillain|def|1\n|upkeep\n|turn|63\n|inactive|Nemitration has 270 seconds left.\n|\n|t:|1700973361\n|move|p1a: Scovillain|Flamethrower|p2a: Dondozo\n|-resisted|p2a: Dondozo\n|-damage|p2a: Dondozo|0 fnt\n|faint|p2a: Dondozo\n|\n|-ability|p1a: Scovillain|Moody|boost\n|-boost|p1a: Scovillain|def|1\n|-unboost|p1a: Scovillain|spd|1\n|upkeep\n|inactive|Nemitration has 270 seconds left.\n|\n|t:|1700973368\n|switch|p2a: Toxapex|Toxapex, F|55\/100\n|-damage|p2a: Toxapex|43\/100|[from] Stealth Rock\n|turn|64\n|\n|t:|1700973377\n|move|p2a: Toxapex|Baneful Bunker|p2a: Toxapex\n|-singleturn|p2a: Toxapex|move: Protect\n|move|p1a: Scovillain|Substitute|p1a: Scovillain\n|-start|p1a: Scovillain|Substitute\n|-damage|p1a: Scovillain|76\/100\n|\n|-heal|p1a: Scovillain|82\/100|[from] item: Leftovers\n|-heal|p2a: Toxapex|49\/100|[from] item: Black Sludge\n|-ability|p1a: Scovillain|Moody|boost\n|-boost|p1a: Scovillain|spd|1\n|-unboost|p1a: Scovillain|spa|1\n|upkeep\n|turn|65\n|inactive|Nemitration has 270 seconds left.\n|inactive|Nemitration has 240 seconds left.\n|\n|t:|1700973450\n|move|p2a: Toxapex|Baneful Bunker||[still]\n|-fail|p2a: Toxapex\n|move|p1a: Scovillain|Leech Seed|p2a: Toxapex\n|-start|p2a: Toxapex|move: Leech Seed\n|\n|-heal|p1a: Scovillain|88\/100|[from] item: Leftovers\n|-heal|p2a: Toxapex|55\/100|[from] item: Black Sludge\n|-damage|p2a: Toxapex|43\/100|[from] Leech Seed|[of] p1a: Scovillain\n|-heal|p1a: Scovillain|97\/100|[silent]\n|-ability|p1a: Scovillain|Moody|boost\n|-boost|p1a: Scovillain|spa|1\n|-unboost|p1a: Scovillain|atk|1\n|upkeep\n|turn|66\n|\n|t:|1700973461\n|move|p2a: Toxapex|Baneful Bunker|p2a: Toxapex\n|-singleturn|p2a: Toxapex|move: Protect\n|move|p1a: Scovillain|Flamethrower|p2a: Toxapex\n|-activate|p2a: Toxapex|move: Protect\n|\n|-heal|p1a: Scovillain|100\/100|[from] item: Leftovers\n|-heal|p2a: Toxapex|49\/100|[from] item: Black Sludge\n|-damage|p2a: Toxapex|36\/100|[from] Leech Seed|[of] p1a: Scovillain\n|-ability|p1a: Scovillain|Moody|boost\n|-boost|p1a: Scovillain|atk|1\n|-unboost|p1a: Scovillain|spa|1\n|upkeep\n|turn|67\n|\n|t:|1700973473\n|move|p1a: Scovillain|Flamethrower|p2a: Toxapex\n|-resisted|p2a: Toxapex\n|-damage|p2a: Toxapex|0 fnt\n|faint|p2a: Toxapex\n|\n|win|MrMimeIsMrKetchum\n|l|\u2606Nemitration\n","uploadtime":1700973493,"views":2,"p1id":"mrmimeismrketchum","p2id":"nemitration","formatid":"gen9anythinggoes","rating":0,"private":0,"password":""}