{"id":"gen9anythinggoes-1995428231","p1":"hussein672","p2":"88lemurs","format":"[Gen 9] Anything Goes","log":"|j|\u2606hussein672\n|j|\u260688lemurs\n|t:|1700569527\n|gametype|singles\n|player|p1|hussein672|2|1138\n|player|p2|88lemurs|lucas|1025\n|teamsize|p1|6\n|teamsize|p2|6\n|gen|9\n|tier|[Gen 9] Anything Goes\n|rated|\n|rule|HP Percentage Mod: HP is shown in percentages\n|rule|Endless Battle Clause: Forcing endless battles is banned\n|clearpoke\n|poke|p1|Gliscor, F|\n|poke|p1|Koraidon|\n|poke|p1|Sneasler, M|\n|poke|p1|Tyranitar, M|\n|poke|p1|Miraidon|\n|poke|p1|Dondozo, F|\n|poke|p2|Flutter Mane|\n|poke|p2|Flutter Mane|\n|poke|p2|Flutter Mane|\n|poke|p2|Flutter Mane|\n|poke|p2|Flutter Mane|\n|poke|p2|Flutter Mane|\n|teampreview\n|\n|t:|1700569533\n|start\n|switch|p1a: Gliscor|Gliscor, F|100\/100\n|switch|p2a: Flutter Mane1|Flutter Mane|100\/100\n|-enditem|p2a: Flutter Mane1|Booster Energy\n|-activate|p2a: Flutter Mane1|ability: Protosynthesis|[fromitem]\n|-start|p2a: Flutter Mane1|protosynthesisspa\n|turn|1\n|\n|t:|1700569547\n|move|p2a: Flutter Mane1|Calm Mind|p2a: Flutter Mane1\n|-boost|p2a: Flutter Mane1|spa|1\n|-boost|p2a: Flutter Mane1|spd|1\n|move|p1a: Gliscor|Stealth Rock|p2a: Flutter Mane1\n|-sidestart|p2: 88lemurs|move: Stealth Rock\n|\n|upkeep\n|turn|2\n|\n|t:|1700569554\n|move|p2a: Flutter Mane1|Moonblast|p1a: Gliscor\n|-damage|p1a: Gliscor|0 fnt\n|faint|p1a: Gliscor\n|\n|upkeep\n|\n|t:|1700569557\n|switch|p1a: Dondozo|Dondozo, F|100\/100\n|turn|3\n|\n|t:|1700569562\n|move|p2a: Flutter Mane1|Moonblast|p1a: Dondozo\n|-damage|p1a: Dondozo|31\/100\n|-unboost|p1a: Dondozo|spa|1\n|move|p1a: Dondozo|Crunch|p2a: Flutter Mane1\n|-damage|p2a: Flutter Mane1|46\/100\n|\n|upkeep\n|turn|4\n|\n|t:|1700569572\n|move|p2a: Flutter Mane1|Moonblast|p1a: Dondozo\n|-damage|p1a: Dondozo|0 fnt\n|faint|p1a: Dondozo\n|\n|upkeep\n|\n|t:|1700569576\n|switch|p1a: Sneasler|Sneasler, M|100\/100\n|-ability|p1a: Sneasler|Pressure\n|turn|5\n|\n|t:|1700569583\n|move|p1a: Sneasler|Bulk Up|p1a: Sneasler\n|-boost|p1a: Sneasler|atk|1\n|-boost|p1a: Sneasler|def|1\n|move|p2a: Flutter Mane1|Moonblast|p1a: Sneasler\n|-damage|p1a: Sneasler|0 fnt\n|faint|p1a: Sneasler\n|\n|upkeep\n|\n|t:|1700569586\n|switch|p1a: Tyranitar|Tyranitar, M|100\/100\n|-weather|Sandstorm|[from] ability: Sand Stream|[of] p1a: Tyranitar\n|turn|6\n|\n|t:|1700569595\n|move|p2a: Flutter Mane1|Moonblast|p1a: Tyranitar\n|-supereffective|p1a: Tyranitar\n|-damage|p1a: Tyranitar|0 fnt\n|faint|p1a: Tyranitar\n|\n|-weather|Sandstorm|[upkeep]\n|-damage|p2a: Flutter Mane1|40\/100|[from] Sandstorm\n|upkeep\n|c|\u2606hussein672|Got me this time\n|c|\u2606hussein672|Hahhaha\n|\n|t:|1700569612\n|switch|p1a: Koraidon|Koraidon|100\/100\n|-weather|SunnyDay|[from] ability: Orichalcum Pulse|[of] p1a: Koraidon\n|-activate|p1a: Koraidon|Orichalcum Pulse|[source]\n|turn|7\n|\n|t:|1700569616\n|move|p1a: Koraidon|Iron Head|p2a: Flutter Mane1\n|-supereffective|p2a: Flutter Mane1\n|-damage|p2a: Flutter Mane1|0 fnt\n|faint|p2a: Flutter Mane1\n|-end|p2a: Flutter Mane1|Protosynthesis|[silent]\n|\n|-weather|SunnyDay|[upkeep]\n|upkeep\n|\n|t:|1700569626\n|switch|p2a: Flutter Mane5|Flutter Mane|100\/100\n|-damage|p2a: Flutter Mane5|88\/100|[from] Stealth Rock\n|-activate|p2a: Flutter Mane5|ability: Protosynthesis\n|-start|p2a: Flutter Mane5|protosynthesisspe\n|turn|8\n|\n|t:|1700569634\n|-terastallize|p2a: Flutter Mane5|Fairy\n|move|p2a: Flutter Mane5|Moonblast|p1a: Koraidon\n|-supereffective|p1a: Koraidon\n|-damage|p1a: Koraidon|0 fnt\n|faint|p1a: Koraidon\n|-damage|p2a: Flutter Mane5|78\/100|[from] item: Life Orb\n|\n|-weather|SunnyDay|[upkeep]\n|upkeep\n|\n|t:|1700569639\n|switch|p1a: Miraidon|Miraidon|100\/100\n|-fieldstart|move: Electric Terrain|[from] ability: Hadron Engine|[of] p1a: Miraidon\n|turn|9\n|\n|t:|1700569646\n|move|p2a: Flutter Mane5|Moonblast|p1a: Miraidon\n|-supereffective|p1a: Miraidon\n|-damage|p1a: Miraidon|0 fnt\n|faint|p1a: Miraidon\n|-damage|p2a: Flutter Mane5|68\/100|[from] item: Life Orb\n|\n|win|88lemurs\n|raw|hussein672's rating: 1138 &rarr; <strong>1105<\/strong><br \/>(-33 for losing)\n|raw|88lemurs's rating: 1025 &rarr; <strong>1073<\/strong><br \/>(+48 for winning)\n|l|\u2606hussein672\n","uploadtime":1700569737,"views":5,"p1id":"hussein672","p2id":"88lemurs","formatid":"gen9anythinggoes","rating":1073,"private":0,"password":""}