{"id":"gen9anythinggoes-1982944995","p1":"sillyfloat","p2":"LingLing007","format":"[Gen 9] Anything Goes","log":"|j|\u2606sillyfloat\n|j|\u2606LingLing007\n|t:|1699061638\n|gametype|singles\n|player|p1|sillyfloat|veteran|1228\n|player|p2|LingLing007|hilbert-masters2|1314\n|teamsize|p1|6\n|teamsize|p2|6\n|gen|9\n|tier|[Gen 9] Anything Goes\n|rated|\n|rule|HP Percentage Mod: HP is shown in percentages\n|rule|Endless Battle Clause: Forcing endless battles is banned\n|clearpoke\n|poke|p1|Kingambit, M|\n|poke|p1|Iron Valiant|\n|poke|p1|Breloom, F|\n|poke|p1|Gholdengo|\n|poke|p1|Dragonite, F|\n|poke|p1|Grimmsnarl, M|\n|poke|p2|Roaring Moon|\n|poke|p2|Toxapex, F|\n|poke|p2|Gliscor, M|\n|poke|p2|Polteageist-Antique|\n|poke|p2|Tinkaton, F|\n|poke|p2|Gengar, M|\n|teampreview\n|inactive|Battle timer is ON: inactive players will automatically lose when time's up. (requested by sillyfloat)\n|\n|t:|1699061643\n|start\n|switch|p1a: Grimmsnarl|Grimmsnarl, M, shiny|100\/100\n|switch|p2a: Tinkaton|Tinkaton, F|100\/100\n|-ability|p2a: Tinkaton|Mold Breaker\n|turn|1\n|\n|t:|1699061648\n|move|p1a: Grimmsnarl|Reflect|p1a: Grimmsnarl\n|-sidestart|p1: sillyfloat|Reflect\n|move|p2a: Tinkaton|Knock Off|p1a: Grimmsnarl\n|-resisted|p1a: Grimmsnarl\n|-damage|p1a: Grimmsnarl|98\/100\n|-enditem|p1a: Grimmsnarl|Light Clay|[from] move: Knock Off|[of] p2a: Tinkaton\n|\n|upkeep\n|turn|2\n|\n|t:|1699061656\n|move|p1a: Grimmsnarl|Light Screen|p1a: Grimmsnarl\n|-sidestart|p1: sillyfloat|move: Light Screen\n|move|p2a: Tinkaton|Stealth Rock|p1a: Grimmsnarl\n|-sidestart|p1: sillyfloat|move: Stealth Rock\n|\n|upkeep\n|turn|3\n|\n|t:|1699061660\n|move|p1a: Grimmsnarl|Taunt|p2a: Tinkaton\n|-start|p2a: Tinkaton|move: Taunt\n|cant|p2a: Tinkaton|move: Taunt|Thunder Wave\n|\n|upkeep\n|turn|4\n|\n|t:|1699061665\n|switch|p2a: Gliscor|Gliscor, M|100\/100\n|move|p1a: Grimmsnarl|Spirit Break|p2a: Gliscor\n|-damage|p2a: Gliscor|84\/100\n|-unboost|p2a: Gliscor|spa|1\n|\n|-status|p2a: Gliscor|tox|[from] item: Toxic Orb\n|upkeep\n|turn|5\n|\n|t:|1699061670\n|move|p1a: Grimmsnarl|Taunt|p2a: Gliscor\n|-start|p2a: Gliscor|move: Taunt\n|move|p2a: Gliscor|Earthquake|p1a: Grimmsnarl\n|-damage|p1a: Grimmsnarl|78\/100\n|\n|-heal|p2a: Gliscor|96\/100 tox|[from] ability: Poison Heal\n|upkeep\n|turn|6\n|\n|t:|1699061675\n|switch|p2a: Tinkaton|Tinkaton, F|100\/100\n|-ability|p2a: Tinkaton|Mold Breaker\n|move|p1a: Grimmsnarl|Reflect||[still]\n|-fail|p1a: Grimmsnarl\n|\n|-sideend|p1: sillyfloat|move: Light Screen\n|upkeep\n|turn|7\n|\n|t:|1699061690\n|switch|p2a: Gliscor|Gliscor, M|96\/100 tox\n|move|p1a: Grimmsnarl|Taunt|p2a: Gliscor\n|-start|p2a: Gliscor|move: Taunt\n|\n|-heal|p2a: Gliscor|100\/100 tox|[from] ability: Poison Heal\n|upkeep\n|turn|8\n|\n|t:|1699061693\n|move|p1a: Grimmsnarl|Light Screen|p1a: Grimmsnarl\n|-sidestart|p1: sillyfloat|move: Light Screen\n|move|p2a: Gliscor|Earthquake|p1a: Grimmsnarl\n|-damage|p1a: Grimmsnarl|59\/100\n|\n|-sideend|p1: sillyfloat|Reflect\n|upkeep\n|turn|9\n|\n|t:|1699061697\n|move|p1a: Grimmsnarl|Reflect|p1a: Grimmsnarl\n|-sidestart|p1: sillyfloat|Reflect\n|move|p2a: Gliscor|Earthquake|p1a: Grimmsnarl\n|-damage|p1a: Grimmsnarl|40\/100\n|\n|-end|p2a: Gliscor|move: Taunt\n|upkeep\n|turn|10\n|\n|t:|1699061701\n|move|p1a: Grimmsnarl|Taunt|p2a: Gliscor\n|-start|p2a: Gliscor|move: Taunt\n|move|p2a: Gliscor|Earthquake|p1a: Grimmsnarl\n|-damage|p1a: Grimmsnarl|21\/100\n|\n|upkeep\n|turn|11\n|\n|t:|1699061704\n|move|p1a: Grimmsnarl|Spirit Break|p2a: Gliscor\n|-damage|p2a: Gliscor|81\/100 tox\n|-unboost|p2a: Gliscor|spa|1\n|move|p2a: Gliscor|Earthquake|p1a: Grimmsnarl\n|-damage|p1a: Grimmsnarl|0 fnt\n|faint|p1a: Grimmsnarl\n|\n|-heal|p2a: Gliscor|93\/100 tox|[from] ability: Poison Heal\n|upkeep\n|\n|t:|1699061708\n|switch|p1a: Dragonite|Dragonite, F, shiny|100\/100\n|turn|12\n|\n|t:|1699061711\n|switch|p2a: Tinkaton|Tinkaton, F|100\/100\n|-ability|p2a: Tinkaton|Mold Breaker\n|move|p1a: Dragonite|Dragon Dance|p1a: Dragonite\n|-boost|p1a: Dragonite|atk|1\n|-boost|p1a: Dragonite|spe|1\n|\n|-sideend|p1: sillyfloat|move: Light Screen\n|upkeep\n|turn|13\n|\n|t:|1699061715\n|move|p1a: Dragonite|Dragon Dance|p1a: Dragonite\n|-boost|p1a: Dragonite|atk|1\n|-boost|p1a: Dragonite|spe|1\n|move|p2a: Tinkaton|Encore|p1a: Dragonite\n|-start|p1a: Dragonite|Encore\n|\n|-sideend|p1: sillyfloat|Reflect\n|upkeep\n|turn|14\n|\n|t:|1699061718\n|move|p1a: Dragonite|Dragon Dance|p1a: Dragonite\n|-boost|p1a: Dragonite|atk|1\n|-boost|p1a: Dragonite|spe|1\n|move|p2a: Tinkaton|Thunder Wave|p1a: Dragonite\n|-status|p1a: Dragonite|par\n|\n|upkeep\n|turn|15\n|\n|t:|1699061726\n|move|p1a: Dragonite|Dragon Dance|p1a: Dragonite\n|-boost|p1a: Dragonite|atk|1\n|-boost|p1a: Dragonite|spe|1\n|move|p2a: Tinkaton|Knock Off|p1a: Dragonite\n|-damage|p1a: Dragonite|82\/100 par\n|-enditem|p1a: Dragonite|Heavy-Duty Boots|[from] move: Knock Off|[of] p2a: Tinkaton\n|\n|upkeep\n|turn|16\n|\n|t:|1699061739\n|switch|p2a: Gengar|Gengar, M|100\/100\n|move|p1a: Dragonite|Dragon Dance|p1a: Dragonite\n|-boost|p1a: Dragonite|atk|1\n|-boost|p1a: Dragonite|spe|1\n|\n|-end|p1a: Dragonite|Encore\n|upkeep\n|turn|17\n|\n|t:|1699061744\n|move|p1a: Dragonite|Earthquake|p2a: Gengar\n|-supereffective|p2a: Gengar\n|-enditem|p2a: Gengar|Focus Sash\n|-damage|p2a: Gengar|1\/100\n|-start|p1a: Dragonite|Disable|Earthquake|[from] ability: Cursed Body|[of] p2a: Gengar\n|move|p2a: Gengar|Destiny Bond|p2a: Gengar\n|-singlemove|p2a: Gengar|Destiny Bond\n|\n|upkeep\n|turn|18\n|\n|t:|1699061752\n|move|p1a: Dragonite|Dragon Dance|p1a: Dragonite\n|-boost|p1a: Dragonite|atk|1\n|-boost|p1a: Dragonite|spe|1\n|move|p2a: Gengar|Thunder|p1a: Dragonite\n|-damage|p1a: Dragonite|42\/100 par\n|\n|upkeep\n|turn|19\n|\n|t:|1699061759\n|switch|p2a: Gliscor|Gliscor, M|93\/100 tox\n|move|p1a: Dragonite|Fire Punch|p2a: Gliscor\n|-damage|p2a: Gliscor|26\/100 tox\n|\n|-heal|p2a: Gliscor|38\/100 tox|[from] ability: Poison Heal\n|upkeep\n|turn|20\n|\n|t:|1699061766\n|move|p2a: Gliscor|Protect|p2a: Gliscor\n|-singleturn|p2a: Gliscor|Protect\n|move|p1a: Dragonite|Fire Punch|p2a: Gliscor\n|-activate|p2a: Gliscor|move: Protect\n|\n|-heal|p2a: Gliscor|51\/100 tox|[from] ability: Poison Heal\n|-end|p1a: Dragonite|Disable\n|upkeep\n|turn|21\n|\n|t:|1699061772\n|switch|p2a: Toxapex|Toxapex, F|100\/100\n|cant|p1a: Dragonite|par\n|\n|upkeep\n|turn|22\n|\n|t:|1699061777\n|switch|p2a: Gliscor|Gliscor, M|51\/100 tox\n|move|p1a: Dragonite|Earthquake|p2a: Gliscor\n|-immune|p2a: Gliscor\n|\n|-heal|p2a: Gliscor|63\/100 tox|[from] ability: Poison Heal\n|upkeep\n|turn|23\n|\n|t:|1699061781\n|move|p2a: Gliscor|Protect|p2a: Gliscor\n|-singleturn|p2a: Gliscor|Protect\n|cant|p1a: Dragonite|par\n|\n|-heal|p2a: Gliscor|76\/100 tox|[from] ability: Poison Heal\n|upkeep\n|turn|24\n|\n|t:|1699061788\n|move|p1a: Dragonite|Extreme Speed|p2a: Gliscor\n|-damage|p2a: Gliscor|0 fnt\n|faint|p2a: Gliscor\n|\n|upkeep\n|\n|t:|1699061802\n|switch|p2a: Toxapex|Toxapex, F|100\/100\n|turn|25\n|\n|t:|1699061809\n|cant|p1a: Dragonite|par\n|move|p2a: Toxapex|Haze|p2a: Toxapex\n|-clearallboost\n|\n|upkeep\n|turn|26\n|n|!sillyfloat|sillyfloat\n|\n|t:|1699061826\n|cant|p1a: Dragonite|par\n|move|p2a: Toxapex|Liquidation|p1a: Dragonite\n|-resisted|p1a: Dragonite\n|-damage|p1a: Dragonite|32\/100 par\n|-unboost|p1a: Dragonite|def|1\n|\n|upkeep\n|turn|27\n|\n|t:|1699061832\n|cant|p1a: Dragonite|par\n|move|p2a: Toxapex|Liquidation|p1a: Dragonite\n|-resisted|p1a: Dragonite\n|-damage|p1a: Dragonite|15\/100 par\n|\n|upkeep\n|turn|28\n|\n|t:|1699061836\n|move|p1a: Dragonite|Earthquake|p2a: Toxapex\n|-supereffective|p2a: Toxapex\n|-damage|p2a: Toxapex|35\/100\n|move|p2a: Toxapex|Liquidation|p1a: Dragonite\n|-resisted|p1a: Dragonite\n|-damage|p1a: Dragonite|0 fnt\n|faint|p1a: Dragonite\n|\n|upkeep\n|\n|t:|1699061842\n|switch|p1a: Breloom|Breloom, F, shiny|100\/100\n|-damage|p1a: Breloom|94\/100|[from] Stealth Rock\n|turn|29\n|\n|t:|1699061847\n|switch|p2a: Gengar|Gengar, M|1\/100\n|move|p1a: Breloom|Spore|p2a: Gengar\n|-status|p2a: Gengar|slp|[from] move: Spore\n|\n|-status|p1a: Breloom|tox|[from] item: Toxic Orb\n|upkeep\n|turn|30\n|\n|t:|1699061854\n|cant|p2a: Gengar|slp\n|move|p1a: Breloom|Substitute|p1a: Breloom\n|-start|p1a: Breloom|Substitute\n|-damage|p1a: Breloom|69\/100 tox\n|\n|-heal|p1a: Breloom|82\/100 tox|[from] ability: Poison Heal\n|upkeep\n|turn|31\n|\n|t:|1699061859\n|cant|p2a: Gengar|slp\n|move|p1a: Breloom|Leech Seed|p2a: Gengar\n|-start|p2a: Gengar|move: Leech Seed\n|\n|-damage|p2a: Gengar|0 fnt|[from] Leech Seed|[of] p1a: Breloom\n|-heal|p1a: Breloom|82\/100 tox|[silent]\n|faint|p2a: Gengar\n|-heal|p1a: Breloom|95\/100 tox|[from] ability: Poison Heal\n|upkeep\n|\n|t:|1699061870\n|switch|p2a: Polteageist|Polteageist-Antique|100\/100\n|turn|32\n|\n|t:|1699061873\n|move|p1a: Breloom|Spore|p2a: Polteageist\n|-status|p2a: Polteageist|slp|[from] move: Spore\n|cant|p2a: Polteageist|slp\n|\n|-heal|p1a: Breloom|100\/100 tox|[from] ability: Poison Heal\n|upkeep\n|turn|33\n|\n|t:|1699061876\n|switch|p2a: Toxapex|Toxapex, F|69\/100\n|move|p1a: Breloom|Leech Seed|p2a: Toxapex\n|-start|p2a: Toxapex|move: Leech Seed\n|\n|-damage|p2a: Toxapex|56\/100|[from] Leech Seed|[of] p1a: Breloom\n|upkeep\n|turn|34\n|\n|t:|1699061882\n|switch|p2a: Tinkaton|Tinkaton, F|100\/100\n|-ability|p2a: Tinkaton|Mold Breaker\n|move|p1a: Breloom|Spore|p2a: Tinkaton\n|-status|p2a: Tinkaton|slp|[from] move: Spore\n|\n|upkeep\n|turn|35\n|\n|t:|1699061892\n|move|p1a: Breloom|Leech Seed|p2a: Tinkaton\n|-start|p2a: Tinkaton|move: Leech Seed\n|cant|p2a: Tinkaton|slp\n|\n|-damage|p2a: Tinkaton|88\/100 slp|[from] Leech Seed|[of] p1a: Breloom\n|upkeep\n|turn|36\n|\n|t:|1699061896\n|-singleturn|p1a: Breloom|move: Focus Punch\n|-curestatus|p2a: Tinkaton|slp|[msg]\n|move|p2a: Tinkaton|Knock Off|p1a: Breloom\n|-resisted|p1a: Breloom\n|-activate|p1a: Breloom|move: Substitute|[damage]\n|move|p1a: Breloom|Focus Punch|p2a: Tinkaton\n|-damage|p2a: Tinkaton|33\/100\n|\n|-heal|p2a: Tinkaton|40\/100|[from] item: Leftovers\n|-damage|p2a: Tinkaton|27\/100|[from] Leech Seed|[of] p1a: Breloom\n|upkeep\n|turn|37\n|\n|t:|1699061908\n|move|p1a: Breloom|Spore|p2a: Tinkaton\n|-status|p2a: Tinkaton|slp|[from] move: Spore\n|cant|p2a: Tinkaton|slp\n|\n|-heal|p2a: Tinkaton|33\/100 slp|[from] item: Leftovers\n|-damage|p2a: Tinkaton|21\/100 slp|[from] Leech Seed|[of] p1a: Breloom\n|upkeep\n|turn|38\n|\n|t:|1699061912\n|switch|p2a: Toxapex|Toxapex, F|89\/100\n|-singleturn|p1a: Breloom|move: Focus Punch\n|move|p1a: Breloom|Focus Punch|p2a: Toxapex\n|-resisted|p2a: Toxapex\n|-damage|p2a: Toxapex|64\/100\n|-damage|p1a: Breloom|84\/100 tox|[from] item: Rocky Helmet|[of] p2a: Toxapex\n|\n|-heal|p1a: Breloom|96\/100 tox|[from] ability: Poison Heal\n|upkeep\n|turn|39\n|\n|t:|1699061919\n|move|p1a: Breloom|Spore|p2a: Toxapex\n|-status|p2a: Toxapex|slp|[from] move: Spore\n|cant|p2a: Toxapex|slp\n|\n|-heal|p1a: Breloom|100\/100 tox|[from] ability: Poison Heal\n|upkeep\n|turn|40\n|-message|LingLing007 forfeited.\n|\n|win|sillyfloat\n|raw|sillyfloat's rating: 1228 &rarr; <strong>1259<\/strong><br \/>(+31 for winning)\n|raw|LingLing007's rating: 1314 &rarr; <strong>1289<\/strong><br \/>(-25 for losing)\n|l|\u2606LingLing007\n","uploadtime":1699061817,"views":5,"p1id":"sillyfloat","p2id":"lingling007","formatid":"gen9anythinggoes","rating":1259,"private":0,"password":""}