{"id":"gen9anythinggoes-1991345989","p1":"Eyeos","p2":"Foreback","format":"[Gen 9] Anything Goes","log":"|j|\u2606Eyeos\n|j|\u2606Foreback\n|t:|1700069472\n|gametype|singles\n|player|p1|Eyeos|roxie|1522\n|player|p2|Foreback|265|1617\n|teamsize|p1|6\n|teamsize|p2|6\n|gen|9\n|tier|[Gen 9] Anything Goes\n|rated|\n|rule|HP Percentage Mod: HP is shown in percentages\n|rule|Endless Battle Clause: Forcing endless battles is banned\n|clearpoke\n|poke|p1|Calyrex-Shadow|\n|poke|p1|Toxapex, M|\n|poke|p1|Corviknight, M|\n|poke|p1|Clodsire, F|\n|poke|p1|Miraidon|\n|poke|p1|Gothitelle, F|\n|poke|p2|Calyrex-Shadow|\n|poke|p2|Ting-Lu|\n|poke|p2|Kyogre|\n|poke|p2|Koraidon|\n|poke|p2|Shaymin-Sky|\n|poke|p2|Arceus|\n|teampreview\n|\n|t:|1700069496\n|start\n|switch|p1a: Calyrex|Calyrex-Shadow|100\/100\n|switch|p2a: Calyrex|Calyrex-Shadow|100\/100\n|-ability|p1a: Calyrex|As One\n|-ability|p1a: Calyrex|Unnerve\n|-ability|p2a: Calyrex|As One\n|-ability|p2a: Calyrex|Unnerve\n|turn|1\n|\n|t:|1700069501\n|switch|p2a: Ting-Lu|Ting-Lu|100\/100\n|-ability|p2a: Ting-Lu|Vessel of Ruin\n|move|p1a: Calyrex|Astral Barrage|p2a: Ting-Lu\n|-resisted|p2a: Ting-Lu\n|-damage|p2a: Ting-Lu|83\/100\n|\n|-heal|p2a: Ting-Lu|90\/100|[from] item: Leftovers\n|upkeep\n|turn|2\n|\n|t:|1700069506\n|switch|p1a: Gothitelle|Gothitelle, F|100\/100\n|move|p2a: Ting-Lu|Stealth Rock|p1a: Gothitelle\n|-sidestart|p1: Eyeos|move: Stealth Rock\n|\n|-heal|p2a: Ting-Lu|96\/100|[from] item: Leftovers\n|upkeep\n|turn|3\n|\n|t:|1700069509\n|move|p1a: Gothitelle|Grass Knot|p2a: Ting-Lu\n|-supereffective|p2a: Ting-Lu\n|-damage|p2a: Ting-Lu|46\/100\n|move|p2a: Ting-Lu|Throat Chop|p1a: Gothitelle\n|-supereffective|p1a: Gothitelle\n|-damage|p1a: Gothitelle|30\/100\n|-start|p1a: Gothitelle|Throat Chop|[silent]\n|\n|-heal|p2a: Ting-Lu|52\/100|[from] item: Leftovers\n|upkeep\n|turn|4\n|\n|t:|1700069513\n|move|p1a: Gothitelle|Grass Knot|p2a: Ting-Lu\n|-supereffective|p2a: Ting-Lu\n|-damage|p2a: Ting-Lu|4\/100\n|move|p2a: Ting-Lu|Throat Chop|p1a: Gothitelle\n|-supereffective|p1a: Gothitelle\n|-damage|p1a: Gothitelle|0 fnt\n|faint|p1a: Gothitelle\n|\n|-heal|p2a: Ting-Lu|10\/100|[from] item: Leftovers\n|upkeep\n|\n|t:|1700069516\n|switch|p1a: Calyrex|Calyrex-Shadow|100\/100\n|-ability|p1a: Calyrex|As One\n|-ability|p1a: Calyrex|Unnerve\n|-damage|p1a: Calyrex|88\/100|[from] Stealth Rock\n|turn|5\n|\n|t:|1700069525\n|move|p1a: Calyrex|Tera Blast|p2a: Ting-Lu\n|-damage|p2a: Ting-Lu|0 fnt\n|faint|p2a: Ting-Lu\n|-ability|p1a: Calyrex|Grim Neigh|boost\n|-boost|p1a: Calyrex|spa|1\n|\n|upkeep\n|j| Ham venom\n|\n|t:|1700069535\n|switch|p2a: Calyrex|Calyrex-Shadow|100\/100\n|-ability|p2a: Calyrex|As One\n|-ability|p2a: Calyrex|Unnerve\n|turn|6\n|\n|t:|1700069538\n|switch|p1a: Clodsire|Clodsire, F|100\/100\n|-damage|p1a: Clodsire|94\/100|[from] Stealth Rock\n|move|p2a: Calyrex|Astral Barrage|p1a: Clodsire\n|-damage|p1a: Clodsire|34\/100\n|\n|-heal|p1a: Clodsire|40\/100|[from] item: Leftovers\n|upkeep\n|turn|7\n|\n|t:|1700069542\n|switch|p1a: Corviknight|Corviknight, M|100\/100\n|-damage|p1a: Corviknight|88\/100|[from] Stealth Rock\n|-ability|p1a: Corviknight|Pressure\n|move|p2a: Calyrex|Astral Barrage|p1a: Corviknight\n|-damage|p1a: Corviknight|0 fnt\n|faint|p1a: Corviknight\n|-ability|p2a: Calyrex|Grim Neigh|boost\n|-boost|p2a: Calyrex|spa|1\n|\n|upkeep\n|\n|t:|1700069545\n|switch|p1a: Calyrex|Calyrex-Shadow|88\/100\n|-ability|p1a: Calyrex|As One\n|-ability|p1a: Calyrex|Unnerve\n|-damage|p1a: Calyrex|76\/100|[from] Stealth Rock\n|turn|8\n|\n|t:|1700069550\n|move|p1a: Calyrex|Astral Barrage|p2a: Calyrex\n|-supereffective|p2a: Calyrex\n|-crit|p2a: Calyrex\n|-damage|p2a: Calyrex|0 fnt\n|faint|p2a: Calyrex\n|-ability|p1a: Calyrex|Grim Neigh|boost\n|-boost|p1a: Calyrex|spa|1\n|\n|upkeep\n|\n|t:|1700069568\n|switch|p2a: Arceus|Arceus|100\/100\n|turn|9\n|\n|t:|1700069573\n|switch|p1a: Toxapex|Toxapex, M|100\/100\n|-damage|p1a: Toxapex|88\/100|[from] Stealth Rock\n|move|p2a: Arceus|Substitute|p2a: Arceus\n|-start|p2a: Arceus|Substitute\n|-damage|p2a: Arceus|75\/100\n|\n|-heal|p2a: Arceus|82\/100|[from] item: Leftovers\n|upkeep\n|turn|10\n|\n|t:|1700069575\n|move|p2a: Arceus|Swords Dance|p2a: Arceus\n|-boost|p2a: Arceus|atk|2\n|move|p1a: Toxapex|Infestation|p2a: Arceus\n|-activate|p2a: Arceus|move: Substitute|[damage]\n|\n|-heal|p2a: Arceus|88\/100|[from] item: Leftovers\n|upkeep\n|turn|11\n|\n|t:|1700069579\n|move|p2a: Arceus|Extreme Speed|p1a: Toxapex\n|-damage|p1a: Toxapex|34\/100\n|-damage|p2a: Arceus|71\/100|[from] item: Rocky Helmet|[of] p1a: Toxapex\n|move|p1a: Toxapex|Haze|p1a: Toxapex\n|-clearallboost\n|\n|-heal|p2a: Arceus|77\/100|[from] item: Leftovers\n|upkeep\n|turn|12\n|\n|t:|1700069585\n|-terastallize|p2a: Arceus|Normal\n|move|p2a: Arceus|Extreme Speed|p1a: Toxapex\n|-damage|p1a: Toxapex|0 fnt\n|-damage|p2a: Arceus|60\/100|[from] item: Rocky Helmet|[of] p1a: Toxapex\n|faint|p1a: Toxapex\n|\n|-heal|p2a: Arceus|66\/100|[from] item: Leftovers\n|upkeep\n|\n|t:|1700069590\n|switch|p1a: Miraidon|Miraidon|100\/100\n|-damage|p1a: Miraidon|88\/100|[from] Stealth Rock\n|-fieldstart|move: Electric Terrain|[from] ability: Hadron Engine|[of] p1a: Miraidon\n|turn|13\n|\n|t:|1700069593\n|move|p1a: Miraidon|Parabolic Charge|p2a: Arceus\n|-end|p2a: Arceus|Substitute\n|-heal|p1a: Miraidon|100\/100|[from] drain|[of] p2a: Arceus\n|move|p2a: Arceus|Outrage|p1a: Miraidon\n|-supereffective|p1a: Miraidon\n|-damage|p1a: Miraidon|23\/100\n|\n|-heal|p1a: Miraidon|29\/100|[from] item: Leftovers\n|-heal|p2a: Arceus|73\/100|[from] item: Leftovers\n|upkeep\n|turn|14\n|\n|t:|1700069601\n|-terastallize|p1a: Miraidon|Fairy\n|move|p1a: Miraidon|Agility|p1a: Miraidon\n|-boost|p1a: Miraidon|spe|2\n|move|p2a: Arceus|Outrage|p1a: Miraidon|[from]lockedmove\n|-immune|p1a: Miraidon\n|\n|-heal|p1a: Miraidon|35\/100|[from] item: Leftovers\n|-heal|p2a: Arceus|79\/100|[from] item: Leftovers\n|upkeep\n|turn|15\n|\n|t:|1700069605\n|move|p2a: Arceus|Extreme Speed|p1a: Miraidon\n|-damage|p1a: Miraidon|0 fnt\n|faint|p1a: Miraidon\n|\n|-heal|p2a: Arceus|85\/100|[from] item: Leftovers\n|upkeep\n|\n|t:|1700069611\n|switch|p1a: Calyrex|Calyrex-Shadow|76\/100\n|-ability|p1a: Calyrex|As One\n|-ability|p1a: Calyrex|Unnerve\n|-damage|p1a: Calyrex|64\/100|[from] Stealth Rock\n|turn|16\n|\n|t:|1700069616\n|switch|p2a: Kyogre|Kyogre|100\/100\n|-weather|RainDance|[from] ability: Drizzle|[of] p2a: Kyogre\n|move|p1a: Calyrex|Psyshock|p2a: Kyogre\n|-damage|p2a: Kyogre|55\/100\n|\n|-weather|RainDance|[upkeep]\n|-heal|p2a: Kyogre|61\/100|[from] item: Leftovers\n|upkeep\n|turn|17\n|\n|t:|1700069622\n|switch|p1a: Clodsire|Clodsire, F|40\/100\n|-damage|p1a: Clodsire|34\/100|[from] Stealth Rock\n|move|p2a: Kyogre|Ice Beam|p1a: Clodsire\n|-supereffective|p1a: Clodsire\n|-damage|p1a: Clodsire|0 fnt\n|faint|p1a: Clodsire\n|\n|-weather|RainDance|[upkeep]\n|-heal|p2a: Kyogre|68\/100|[from] item: Leftovers\n|-fieldend|move: Electric Terrain\n|upkeep\n|\n|t:|1700069624\n|switch|p1a: Calyrex|Calyrex-Shadow|64\/100\n|-ability|p1a: Calyrex|As One\n|-ability|p1a: Calyrex|Unnerve\n|-damage|p1a: Calyrex|51\/100|[from] Stealth Rock\n|turn|18\n|\n|t:|1700069627\n|move|p1a: Calyrex|Psyshock|p2a: Kyogre\n|-damage|p2a: Kyogre|19\/100\n|move|p2a: Kyogre|Thunder|p1a: Calyrex\n|-damage|p1a: Calyrex|3\/100\n|\n|-weather|RainDance|[upkeep]\n|-heal|p2a: Kyogre|25\/100|[from] item: Leftovers\n|upkeep\n|turn|19\n|\n|t:|1700069632\n|move|p1a: Calyrex|Psyshock|p2a: Kyogre\n|-damage|p2a: Kyogre|0 fnt\n|faint|p2a: Kyogre\n|-ability|p1a: Calyrex|Grim Neigh|boost\n|-boost|p1a: Calyrex|spa|1\n|\n|-weather|RainDance|[upkeep]\n|upkeep\n|\n|t:|1700069635\n|switch|p2a: Shaymin|Shaymin-Sky|100\/100\n|turn|20\n|\n|t:|1700069636\n|move|p1a: Calyrex|Psyshock|p2a: Shaymin\n|-damage|p2a: Shaymin|2\/100\n|move|p2a: Shaymin|Air Slash|p1a: Calyrex\n|-damage|p1a: Calyrex|0 fnt\n|faint|p1a: Calyrex\n|\n|win|Foreback\n|raw|Eyeos's rating: 1535 &rarr; <strong>1520<\/strong><br \/>(-15 for losing)\n|raw|Foreback's rating: 1617 &rarr; <strong>1632<\/strong><br \/>(+15 for winning)\n|l|\u2606Eyeos\n|l|\u2606Foreback\n","uploadtime":1700069745,"views":5,"p1id":"eyeos","p2id":"foreback","formatid":"gen9anythinggoes","rating":1520,"private":0,"password":""}