{"id":"gen9anythinggoes-1987875870","p1":"dlcing","p2":"WeaselmanWasTaken","format":"[Gen 9] Anything Goes","log":"|j|\u2606dlcing\n|j|\u2606WeaselmanWasTaken\n|t:|1699644967\n|gametype|singles\n|player|p1|dlcing|eusine|\n|player|p2|WeaselmanWasTaken|erika|\n|teamsize|p1|6\n|teamsize|p2|6\n|gen|9\n|tier|[Gen 9] Anything Goes\n|rule|HP Percentage Mod: HP is shown in percentages\n|rule|Endless Battle Clause: Forcing endless battles is banned\n|clearpoke\n|poke|p1|Flutter Mane|\n|poke|p1|Walking Wake|\n|poke|p1|Chi-Yu|\n|poke|p1|Maushold|\n|poke|p1|Grimmsnarl, M|\n|poke|p1|Ting-Lu|\n|poke|p2|Kommo-o, M|\n|poke|p2|Lokix, F|\n|poke|p2|Iron Treads|\n|poke|p2|Hatterene, F|\n|poke|p2|Umbreon, F|\n|poke|p2|Tyranitar, F|\n|teampreview\n|inactive|Battle timer is ON: inactive players will automatically lose when time's up. (requested by WeaselmanWasTaken)\n|\n|t:|1699644991\n|start\n|switch|p1a: Walking Wake|Walking Wake|100\/100\n|switch|p2a: Kommo-o|Kommo-o, M|100\/100\n|turn|1\n|\n|t:|1699645000\n|-end|p1a: Walking Wake|Protosynthesis|[silent]\n|switch|p1a: Grimmsnarl|Grimmsnarl, M|100\/100\n|move|p2a: Kommo-o|Iron Head|p1a: Grimmsnarl\n|-supereffective|p1a: Grimmsnarl\n|-damage|p1a: Grimmsnarl|41\/100\n|\n|upkeep\n|turn|2\n|c|\u2606dlcing|noice\n|\n|t:|1699645013\n|switch|p2a: Iron Treads|Iron Treads|100\/100\n|move|p1a: Grimmsnarl|Bulk Up|p1a: Grimmsnarl\n|-boost|p1a: Grimmsnarl|atk|1\n|-boost|p1a: Grimmsnarl|def|1\n|\n|upkeep\n|turn|3\n|\n|t:|1699645019\n|move|p2a: Iron Treads|Iron Head|p1a: Grimmsnarl\n|-supereffective|p1a: Grimmsnarl\n|-crit|p1a: Grimmsnarl\n|-damage|p1a: Grimmsnarl|0 fnt\n|faint|p1a: Grimmsnarl\n|\n|upkeep\n|\n|t:|1699645027\n|switch|p1a: Ting-Lu|Ting-Lu|100\/100\n|-ability|p1a: Ting-Lu|Vessel of Ruin\n|turn|4\n|\n|t:|1699645036\n|-end|p2a: Iron Treads|Quark Drive|[silent]\n|switch|p2a: Great Pretender|Umbreon, F|100\/100\n|move|p1a: Ting-Lu|Earthquake|p2a: Great Pretender\n|-damage|p2a: Great Pretender|56\/100\n|\n|-heal|p2a: Great Pretender|62\/100|[from] item: Leftovers\n|upkeep\n|turn|5\n|c|\u2606dlcing|ppl forget 110 attack is no joke\n|\n|t:|1699645056\n|switch|p1a: Flutter Mane|Flutter Mane|100\/100\n|-enditem|p1a: Flutter Mane|Booster Energy\n|-activate|p1a: Flutter Mane|ability: Protosynthesis|[fromitem]\n|-start|p1a: Flutter Mane|protosynthesisspe\n|move|p2a: Great Pretender|Toxic|p1a: Flutter Mane\n|-status|p1a: Flutter Mane|tox\n|\n|-heal|p2a: Great Pretender|69\/100|[from] item: Leftovers\n|-damage|p1a: Flutter Mane|95\/100 tox|[from] psn\n|upkeep\n|turn|6\n|c|\u2606WeaselmanWasTaken|i used to use choice band thing lu\n|\n|t:|1699645068\n|move|p1a: Flutter Mane|Moonblast|p2a: Great Pretender\n|-supereffective|p2a: Great Pretender\n|-damage|p2a: Great Pretender|15\/100\n|move|p2a: Great Pretender|Baton Pass|p2a: Great Pretender\n|c|\u2606dlcing|that used to be popular\n|c|\u2606dlcing|HE DID THE THING\n|\n|t:|1699645077\n|switch|p2a: Ben 10 (intro)|Lokix, F|100\/100|[from] Baton Pass\n|\n|-damage|p1a: Flutter Mane|83\/100 tox|[from] psn\n|upkeep\n|turn|7\n|\n|t:|1699645087\n|move|p2a: Ben 10 (intro)|Sucker Punch|p1a: Flutter Mane\n|-damage|p1a: Flutter Mane|7\/100 tox\n|move|p1a: Flutter Mane|Moonblast|p2a: Ben 10 (intro)\n|-supereffective|p2a: Ben 10 (intro)\n|-damage|p2a: Ben 10 (intro)|0 fnt\n|faint|p2a: Ben 10 (intro)\n|\n|-damage|p1a: Flutter Mane|0 fnt|[from] psn\n|faint|p1a: Flutter Mane\n|-end|p1a: Flutter Mane|Protosynthesis|[silent]\n|upkeep\n|c|\u2606WeaselmanWasTaken|un fortunate\n|\n|t:|1699645106\n|switch|p1a: Walking Wake|Walking Wake|100\/100\n|switch|p2a: Kommo-o|Kommo-o, M|100\/100\n|turn|8\n|c|\u2606dlcing|imo ur not winning with sd\n|c|\u2606dlcing|and fluttermane could threaten you\n|\n|t:|1699645126\n|move|p2a: Kommo-o|Clanging Scales|p1a: Walking Wake\n|-supereffective|p1a: Walking Wake\n|-damage|p1a: Walking Wake|1\/100\n|-unboost|p2a: Kommo-o|def|1\n|move|p1a: Walking Wake|Draco Meteor|p2a: Kommo-o|[miss]\n|-miss|p1a: Walking Wake|p2a: Kommo-o\n|\n|upkeep\n|turn|9\n|c|\u2606WeaselmanWasTaken|life orb is better\n|c|\u2606dlcing|AHHHHHHHH\n|c|\u2606WeaselmanWasTaken|wtf\n|c|\u2606WeaselmanWasTaken|what is your spread\n|c|\u2606dlcing|im literally at 1 hp\n|inactive|dlcing has 270 seconds left.\n|c|\u2606dlcing|wdym my spread\n|c|\u2606dlcing|oh\n|c|\u2606WeaselmanWasTaken|had to be a low roll\n|c|\u2606dlcing|252 i think\n|c|\u2606WeaselmanWasTaken|spdef\n|c|\u2606WeaselmanWasTaken|?\n|c|\u2606dlcing|4\n|\n|t:|1699645174\n|move|p2a: Kommo-o|Clanging Scales|p1a: Walking Wake\n|-supereffective|p1a: Walking Wake\n|-damage|p1a: Walking Wake|0 fnt\n|faint|p1a: Walking Wake\n|-end|p1a: Walking Wake|Protosynthesis|[silent]\n|-unboost|p2a: Kommo-o|def|1\n|\n|upkeep\n|c|\u2606WeaselmanWasTaken|oh hp\n|\n|t:|1699645179\n|switch|p1a: Maushold|Maushold|100\/100\n|turn|10\n|c|\u2606dlcing|nothing\n|\n|t:|1699645187\n|switch|p2a: Iron Treads|Iron Treads|100\/100\n|-terastallize|p1a: Maushold|Normal\n|move|p1a: Maushold|Population Bomb|p2a: Iron Treads\n|-resisted|p2a: Iron Treads\n|-damage|p2a: Iron Treads|94\/100\n|-damage|p1a: Maushold|84\/100|[from] item: Rocky Helmet|[of] p2a: Iron Treads\n|-resisted|p2a: Iron Treads\n|-damage|p2a: Iron Treads|89\/100\n|-damage|p1a: Maushold|67\/100|[from] item: Rocky Helmet|[of] p2a: Iron Treads\n|-resisted|p2a: Iron Treads\n|-damage|p2a: Iron Treads|83\/100\n|-damage|p1a: Maushold|51\/100|[from] item: Rocky Helmet|[of] p2a: Iron Treads\n|-resisted|p2a: Iron Treads\n|-damage|p2a: Iron Treads|77\/100\n|-damage|p1a: Maushold|34\/100|[from] item: Rocky Helmet|[of] p2a: Iron Treads\n|-resisted|p2a: Iron Treads\n|-damage|p2a: Iron Treads|71\/100\n|-damage|p1a: Maushold|17\/100|[from] item: Rocky Helmet|[of] p2a: Iron Treads\n|-resisted|p2a: Iron Treads\n|-damage|p2a: Iron Treads|66\/100\n|-damage|p1a: Maushold|1\/100|[from] item: Rocky Helmet|[of] p2a: Iron Treads\n|-resisted|p2a: Iron Treads\n|-damage|p2a: Iron Treads|60\/100\n|-damage|p1a: Maushold|0 fnt|[from] item: Rocky Helmet|[of] p2a: Iron Treads\n|faint|p1a: Maushold\n|-hitcount|p2a: Iron Treads|7\n|\n|upkeep\n|\n|t:|1699645191\n|switch|p1a: Ting-Lu|Ting-Lu|100\/100\n|-ability|p1a: Ting-Lu|Vessel of Ruin\n|turn|11\n|\n|t:|1699645214\n|move|p2a: Iron Treads|Knock Off|p1a: Ting-Lu\n|-resisted|p1a: Ting-Lu\n|-damage|p1a: Ting-Lu|93\/100\n|-enditem|p1a: Ting-Lu|Weakness Policy|[from] move: Knock Off|[of] p2a: Iron Treads\n|move|p1a: Ting-Lu|Earthquake|p2a: Iron Treads\n|-supereffective|p2a: Iron Treads\n|-damage|p2a: Iron Treads|0 fnt\n|faint|p2a: Iron Treads\n|-end|p2a: Iron Treads|Quark Drive|[silent]\n|\n|upkeep\n|\n|t:|1699645226\n|switch|p2a: Great Pretender|Umbreon, F|15\/100\n|turn|12\n|\n|t:|1699645231\n|move|p2a: Great Pretender|Toxic|p1a: Ting-Lu\n|-status|p1a: Ting-Lu|tox\n|move|p1a: Ting-Lu|Earthquake|p2a: Great Pretender\n|-damage|p2a: Great Pretender|0 fnt\n|faint|p2a: Great Pretender\n|\n|-damage|p1a: Ting-Lu|87\/100 tox|[from] psn\n|upkeep\n|\n|t:|1699645242\n|switch|p2a: N.S.F.W|Hatterene, F|100\/100\n|turn|13\n|c|\u2606dlcing|do you have cc on kommo-o?\n|c|\u2606WeaselmanWasTaken|yeah\n|\n|t:|1699645250\n|-terastallize|p2a: N.S.F.W|Water\n|move|p1a: Ting-Lu|Heavy Slam|p2a: N.S.F.W\n|-resisted|p2a: N.S.F.W\n|-damage|p2a: N.S.F.W|81\/100\n|move|p2a: N.S.F.W|Calm Mind|p2a: N.S.F.W\n|-boost|p2a: N.S.F.W|spa|1\n|-boost|p2a: N.S.F.W|spd|1\n|\n|-heal|p2a: N.S.F.W|87\/100|[from] item: Leftovers\n|-damage|p1a: Ting-Lu|74\/100 tox|[from] psn\n|upkeep\n|turn|14\n|c|\u2606dlcing|cool\n|c|\u2606WeaselmanWasTaken|ok this feels much better\n|c|\u2606dlcing|ok u won i think\n|\n|t:|1699645263\n|move|p1a: Ting-Lu|Earthquake|p2a: N.S.F.W\n|-damage|p2a: N.S.F.W|38\/100\n|move|p2a: N.S.F.W|Draining Kiss|p1a: Ting-Lu\n|-supereffective|p1a: Ting-Lu\n|-damage|p1a: Ting-Lu|32\/100 tox\n|-heal|p2a: N.S.F.W|89\/100|[from] drain|[of] p1a: Ting-Lu\n|\n|-heal|p2a: N.S.F.W|95\/100|[from] item: Leftovers\n|-damage|p1a: Ting-Lu|14\/100 tox|[from] psn\n|upkeep\n|turn|15\n|c|\u2606dlcing|another choke saved by me\n|c|\u2606WeaselmanWasTaken|lmfao\n|c|\u2606dlcing|u didnt have hat on ur og team\n|\n|t:|1699645289\n|move|p1a: Ting-Lu|Earthquake|p2a: N.S.F.W\n|-damage|p2a: N.S.F.W|52\/100\n|move|p2a: N.S.F.W|Draining Kiss|p1a: Ting-Lu\n|-supereffective|p1a: Ting-Lu\n|-damage|p1a: Ting-Lu|0 fnt\n|-heal|p2a: N.S.F.W|68\/100|[from] drain|[of] p1a: Ting-Lu\n|faint|p1a: Ting-Lu\n|\n|-heal|p2a: N.S.F.W|74\/100|[from] item: Leftovers\n|upkeep\n|\n|t:|1699645293\n|switch|p1a: Chi-Yu|Chi-Yu|100\/100\n|-ability|p1a: Chi-Yu|Beads of Ruin\n|turn|16\n|c|\u2606WeaselmanWasTaken|i considered her OK\n|c|\u2606dlcing|u feel good?\n|\n|t:|1699645302\n|move|p1a: Chi-Yu|Dark Pulse|p2a: N.S.F.W\n|-damage|p2a: N.S.F.W|12\/100\n|move|p2a: N.S.F.W|Draining Kiss|p1a: Chi-Yu\n|-damage|p1a: Chi-Yu|54\/100\n|-heal|p2a: N.S.F.W|40\/100|[from] drain|[of] p1a: Chi-Yu\n|\n|-heal|p2a: N.S.F.W|46\/100|[from] item: Leftovers\n|upkeep\n|turn|17\n|\n|t:|1699645310\n|move|p1a: Chi-Yu|Dark Pulse|p2a: N.S.F.W\n|-damage|p2a: N.S.F.W|0 fnt\n|faint|p2a: N.S.F.W\n|\n|upkeep\n|\n|t:|1699645314\n|switch|p2a: Kommo-o|Kommo-o, M|100\/100\n|turn|18\n|c|\u2606dlcing|if ur going for late game hat\n|c|\u2606dlcing|keep ttar alive\n|c|\u2606WeaselmanWasTaken|for sure\n|c|\u2606dlcing|i gotta go now i think\n|c|\u2606WeaselmanWasTaken|run it again tho\n|c|\u2606dlcing|but if u wanna play before hmu\n|c|\u2606WeaselmanWasTaken|oh ok\n|c|\u2606WeaselmanWasTaken|tysm\n|inactive|dlcing has 270 seconds left.\n|c|\u2606dlcing|i can after my basketball practice\n|c|\u2606dlcing|should only be in like\n|c|\u2606WeaselmanWasTaken|ive been enlightened by scarf\n|c|\u2606dlcing|an hour?\n|c|\u2606WeaselmanWasTaken|sure\n|c|\u2606dlcing|ye blunder used specs boomburst\n|c|\u2606dlcing|the key to becoming good in draft\n|inactive|dlcing has 240 seconds left.\n|c|\u2606dlcing|is to use the not normal stuff\n|\n|t:|1699645380\n|move|p2a: Kommo-o|Close Combat|p1a: Chi-Yu\n|-supereffective|p1a: Chi-Yu\n|-damage|p1a: Chi-Yu|0 fnt\n|-unboost|p2a: Kommo-o|def|1\n|-unboost|p2a: Kommo-o|spd|1\n|faint|p1a: Chi-Yu\n|\n|win|WeaselmanWasTaken\n|c|\u2606dlcing|alr ima scoot\n|c|\u2606dlcing|ill hit u up when im done\n|l|\u2606dlcing\n|l|\u2606WeaselmanWasTaken\n|j|\u2606WeaselmanWasTaken\n|player|p2|WeaselmanWasTaken|erika\n","uploadtime":1699645546,"views":7,"p1id":"dlcing","p2id":"weaselmanwastaken","formatid":"gen9anythinggoes","rating":0,"private":0,"password":""}