{"id":"gen9anythinggoes-1977241321","p1":"SkeletonStitches","p2":"Kayleb1718","format":"[Gen 9] Anything Goes","log":"|j|\u2606SkeletonStitches\n|j|\u2606Kayleb1718\n|t:|1698392463\n|gametype|singles\n|player|p1|SkeletonStitches|emmet|1439\n|player|p2|Kayleb1718|lucas-gen4pt|1315\n|teamsize|p1|6\n|teamsize|p2|6\n|gen|9\n|tier|[Gen 9] Anything Goes\n|rated|\n|rule|HP Percentage Mod: HP is shown in percentages\n|rule|Endless Battle Clause: Forcing endless battles is banned\n|clearpoke\n|poke|p1|Miraidon|\n|poke|p1|Kyogre|\n|poke|p1|Basculegion, M|\n|poke|p1|Blissey, F|\n|poke|p1|Hatterene, F|\n|poke|p1|Mimikyu, M|\n|poke|p2|Zacian-*|\n|poke|p2|Calyrex-Shadow|\n|poke|p2|Urshifu-*, F|\n|poke|p2|Miraidon|\n|poke|p2|Quaquaval, M|\n|poke|p2|Kingambit, F|\n|teampreview\n|inactive|Battle timer is ON: inactive players will automatically lose when time's up. (requested by SkeletonStitches)\n|\n|t:|1698392474\n|start\n|switch|p1a: Braindead|Miraidon|100\/100\n|switch|p2a: Quaquaval|Quaquaval, M, shiny|100\/100\n|-fieldstart|move: Electric Terrain|[from] ability: Hadron Engine|[of] p1a: Braindead\n|turn|1\n|\n|t:|1698392489\n|switch|p2a: Miraidon|Miraidon|100\/100\n|-activate|p2a: Miraidon|ability: Hadron Engine\n|move|p1a: Braindead|Electro Drift|p2a: Miraidon\n|-resisted|p2a: Miraidon\n|-damage|p2a: Miraidon|80\/100\n|\n|-heal|p2a: Miraidon|86\/100|[from] item: Leftovers\n|upkeep\n|turn|2\n|\n|t:|1698392500\n|switch|p1a: Egg|Blissey, F|100\/100\n|move|p2a: Miraidon|Dragon Pulse|p1a: Egg\n|-damage|p1a: Egg|87\/100\n|\n|-heal|p2a: Miraidon|93\/100|[from] item: Leftovers\n|-heal|p1a: Egg|93\/100|[from] item: Leftovers\n|upkeep\n|turn|3\n|\n|t:|1698392514\n|switch|p2a: Urshifu|Urshifu-Rapid-Strike, F|100\/100\n|move|p1a: Egg|Stealth Rock|p2a: Urshifu\n|-sidestart|p2: Kayleb1718|move: Stealth Rock\n|\n|-heal|p1a: Egg|99\/100|[from] item: Leftovers\n|upkeep\n|turn|4\n|\n|t:|1698392527\n|move|p2a: Urshifu|Surging Strikes|p1a: Egg\n|-crit|p1a: Egg\n|-damage|p1a: Egg|60\/100\n|-crit|p1a: Egg\n|-damage|p1a: Egg|23\/100\n|-crit|p1a: Egg\n|-damage|p1a: Egg|0 fnt\n|faint|p1a: Egg\n|-hitcount|p1: Egg|3\n|\n|upkeep\n|\n|t:|1698392531\n|switch|p1a: Braindead|Miraidon|100\/100\n|-activate|p1a: Braindead|ability: Hadron Engine\n|turn|5\n|\n|t:|1698392544\n|switch|p2a: Zacian|Zacian-Crowned, shiny|100\/100\n|-damage|p2a: Zacian|94\/100|[from] Stealth Rock\n|-ability|p2a: Zacian|Intrepid Sword|boost\n|-boost|p2a: Zacian|atk|1\n|move|p1a: Braindead|Dazzling Gleam|p2a: Zacian\n|-resisted|p2a: Zacian\n|-damage|p2a: Zacian|78\/100\n|\n|-fieldend|move: Electric Terrain\n|upkeep\n|turn|6\n|\n|t:|1698392556\n|switch|p1a: Plkachu|Mimikyu, M|100\/100\n|move|p2a: Zacian|Play Rough|p1a: Plkachu\n|-activate|p1a: Plkachu|ability: Disguise\n|-damage|p1a: Plkachu|100\/100\n|detailschange|p1a: Plkachu|Mimikyu-Busted, M\n|-damage|p1a: Plkachu|88\/100|[from] pokemon: Mimikyu-Busted\n|-enditem|p1a: Plkachu|Red Card|[of] p2a: Zacian\n|drag|p2a: Calyrex|Calyrex-Shadow|100\/100\n|-ability|p2a: Calyrex|As One\n|-ability|p2a: Calyrex|Unnerve\n|-damage|p2a: Calyrex|88\/100|[from] Stealth Rock\n|\n|-heal|p2a: Calyrex|94\/100|[from] item: Leftovers\n|upkeep\n|turn|7\n|\n|t:|1698392564\n|move|p2a: Calyrex|Astral Barrage|p1a: Plkachu\n|-supereffective|p1a: Plkachu\n|-damage|p1a: Plkachu|0 fnt\n|faint|p1a: Plkachu\n|-ability|p2a: Calyrex|Grim Neigh|boost\n|-boost|p2a: Calyrex|spa|1\n|\n|-heal|p2a: Calyrex|100\/100|[from] item: Leftovers\n|upkeep\n|\n|t:|1698392568\n|switch|p1a: Braindead|Miraidon|100\/100\n|-fieldstart|move: Electric Terrain|[from] ability: Hadron Engine|[of] p1a: Braindead\n|turn|8\n|\n|t:|1698392588\n|move|p1a: Braindead|Electro Drift|p2a: Calyrex\n|-damage|p2a: Calyrex|16\/100\n|move|p2a: Calyrex|Astral Barrage|p1a: Braindead\n|-damage|p1a: Braindead|0 fnt\n|faint|p1a: Braindead\n|-ability|p2a: Calyrex|Grim Neigh|boost\n|-boost|p2a: Calyrex|spa|1\n|\n|-heal|p2a: Calyrex|22\/100|[from] item: Leftovers\n|upkeep\n|\n|t:|1698392593\n|switch|p1a: Top Hat|Hatterene, F|100\/100\n|turn|9\n|\n|t:|1698392607\n|move|p2a: Calyrex|Astral Barrage|p1a: Top Hat\n|-supereffective|p1a: Top Hat\n|-enditem|p1a: Top Hat|Focus Sash\n|-damage|p1a: Top Hat|1\/100\n|move|p1a: Top Hat|Trick Room|p1a: Top Hat\n|-fieldstart|move: Trick Room|[of] p1a: Top Hat\n|\n|-heal|p2a: Calyrex|28\/100|[from] item: Leftovers\n|upkeep\n|turn|10\n|\n|t:|1698392619\n|move|p1a: Top Hat|Dazzling Gleam|p2a: Calyrex\n|-damage|p2a: Calyrex|0 fnt\n|faint|p2a: Calyrex\n|\n|upkeep\n|\n|t:|1698392630\n|switch|p2a: Zacian|Zacian-Crowned, shiny|78\/100\n|-damage|p2a: Zacian|72\/100|[from] Stealth Rock\n|turn|11\n|\n|t:|1698392635\n|move|p1a: Top Hat|Mystical Fire|p2a: Zacian\n|-supereffective|p2a: Zacian\n|-damage|p2a: Zacian|16\/100\n|-unboost|p2a: Zacian|spa|1\n|move|p2a: Zacian|Behemoth Blade|p1a: Top Hat\n|-supereffective|p1a: Top Hat\n|-damage|p1a: Top Hat|0 fnt\n|faint|p1a: Top Hat\n|\n|upkeep\n|\n|t:|1698392639\n|switch|p1a: Wale|Kyogre|100\/100\n|-weather|RainDance|[from] ability: Drizzle|[of] p1a: Wale\n|turn|12\n|\n|t:|1698392650\n|move|p1a: Wale|Water Spout|p2a: Zacian\n|-damage|p2a: Zacian|0 fnt\n|faint|p2a: Zacian\n|\n|-weather|RainDance|[upkeep]\n|-fieldend|move: Electric Terrain\n|upkeep\n|\n|t:|1698392660\n|switch|p2a: Urshifu|Urshifu-Rapid-Strike, F|100\/100\n|-damage|p2a: Urshifu|94\/100|[from] Stealth Rock\n|turn|13\n|\n|t:|1698392667\n|move|p1a: Wale|Thunderbolt|p2a: Urshifu\n|-supereffective|p2a: Urshifu\n|-damage|p2a: Urshifu|0 fnt\n|faint|p2a: Urshifu\n|\n|-weather|RainDance|[upkeep]\n|-fieldend|move: Trick Room\n|upkeep\n|\n|t:|1698392677\n|switch|p2a: Miraidon|Miraidon|93\/100\n|-damage|p2a: Miraidon|80\/100|[from] Stealth Rock\n|-fieldstart|move: Electric Terrain|[from] ability: Hadron Engine|[of] p2a: Miraidon\n|turn|14\n|\n|t:|1698392684\n|move|p2a: Miraidon|Electro Drift|p1a: Wale\n|-supereffective|p1a: Wale\n|-damage|p1a: Wale|0 fnt\n|faint|p1a: Wale\n|\n|-weather|RainDance|[upkeep]\n|-heal|p2a: Miraidon|86\/100|[from] item: Leftovers\n|upkeep\n|\n|t:|1698392688\n|switch|p1a: Bass Drop|Basculegion, M|100\/100\n|turn|15\n|\n|t:|1698392694\n|move|p1a: Bass Drop|Last Respects|p2a: Miraidon\n|-damage|p2a: Miraidon|0 fnt\n|faint|p2a: Miraidon\n|\n|-weather|RainDance|[upkeep]\n|upkeep\n|\n|t:|1698392702\n|switch|p2a: Quaquaval|Quaquaval, M, shiny|100\/100\n|-damage|p2a: Quaquaval|94\/100|[from] Stealth Rock\n|turn|16\n|\n|t:|1698392709\n|move|p1a: Bass Drop|Last Respects|p2a: Quaquaval\n|-damage|p2a: Quaquaval|0 fnt\n|faint|p2a: Quaquaval\n|\n|-weather|RainDance|[upkeep]\n|upkeep\n|\n|t:|1698392717\n|switch|p2a: Kingambit|Kingambit, F|100\/100\n|-damage|p2a: Kingambit|94\/100|[from] Stealth Rock\n|-activate|p2a: Kingambit|ability: Supreme Overlord\n|-start|p2a: Kingambit|fallen5|[silent]\n|turn|17\n|\n|t:|1698392724\n|-terastallize|p1a: Bass Drop|Normal\n|move|p2a: Kingambit|Sucker Punch|p1a: Bass Drop\n|-damage|p1a: Bass Drop|31\/100\n|move|p1a: Bass Drop|Last Respects|p2a: Kingambit\n|-resisted|p2a: Kingambit\n|-damage|p2a: Kingambit|26\/100\n|\n|-weather|RainDance|[upkeep]\n|-heal|p2a: Kingambit|32\/100|[from] item: Leftovers\n|upkeep\n|turn|18\n|c|\u2606SkeletonStitches|ah ggs\n|\n|t:|1698392741\n|move|p2a: Kingambit|Sucker Punch|p1a: Bass Drop\n|-damage|p1a: Bass Drop|0 fnt\n|faint|p1a: Bass Drop\n|\n|win|Kayleb1718\n|raw|SkeletonStitches's rating: 1439 &rarr; <strong>1412<\/strong><br \/>(-27 for losing)\n|raw|Kayleb1718's rating: 1315 &rarr; <strong>1342<\/strong><br \/>(+27 for winning)\n|c|\u2606Kayleb1718|Ggwp\n|c|\u2606SkeletonStitches|Close\n|c|\u2606Kayleb1718|Mhm\n|l|\u2606SkeletonStitches\n","uploadtime":1698392766,"views":14,"p1id":"skeletonstitches","p2id":"kayleb1718","formatid":"gen9anythinggoes","rating":1342,"private":0,"password":""}