{"id":"gen9anythinggoes-1992276386","p1":"TomPugs","p2":"Hurcule","format":"[Gen 9] Anything Goes","log":"|j|\u2606TomPugs\n|j|\u2606Hurcule\n|t:|1700170082\n|gametype|singles\n|player|p1|TomPugs|101|\n|player|p2|Hurcule|265|\n|teamsize|p1|6\n|teamsize|p2|6\n|gen|9\n|tier|[Gen 9] Anything Goes\n|rule|HP Percentage Mod: HP is shown in percentages\n|rule|Endless Battle Clause: Forcing endless battles is banned\n|clearpoke\n|poke|p1|Zoroark-Hisui, F|\n|poke|p1|Tornadus, M|\n|poke|p1|Goodra-Hisui, M|\n|poke|p1|Torkoal, M|\n|poke|p1|Toxtricity, M|\n|poke|p1|Chi-Yu|\n|poke|p2|Ting-Lu|\n|poke|p2|Tsareena, F|\n|poke|p2|Flamigo, F|\n|poke|p2|Crabominable, M|\n|poke|p2|Iron Thorns|\n|poke|p2|Mabosstiff, F|\n|teampreview\n|j| weechunk\n|j| Superrug\n|j| OhMyLaird\n|\n|t:|1700170098\n|start\n|switch|p1a: Torkoal|Torkoal, M, shiny|100\/100\n|switch|p2a: Ting-Lu|Ting-Lu|100\/100\n|-ability|p2a: Ting-Lu|Vessel of Ruin\n|-weather|SunnyDay|[from] ability: Drought|[of] p1a: Torkoal\n|turn|1\n|\n|t:|1700170107\n|move|p2a: Ting-Lu|Stealth Rock|p1a: Torkoal\n|-sidestart|p1: TomPugs|move: Stealth Rock\n|move|p1a: Torkoal|Yawn|p2a: Ting-Lu\n|-start|p2a: Ting-Lu|move: Yawn|[of] p1a: Torkoal\n|\n|-weather|SunnyDay|[upkeep]\n|upkeep\n|turn|2\n|\n|t:|1700170113\n|move|p2a: Ting-Lu|Spikes|p1a: Torkoal\n|-sidestart|p1: TomPugs|Spikes\n|move|p1a: Torkoal|Rapid Spin|p2a: Ting-Lu\n|-damage|p2a: Ting-Lu|95\/100\n|-boost|p1a: Torkoal|spe|1\n|-sideend|p1: TomPugs|Spikes|[from] move: Rapid Spin|[of] p1a: Torkoal\n|-sideend|p1: TomPugs|Stealth Rock|[from] move: Rapid Spin|[of] p1a: Torkoal\n|\n|-weather|SunnyDay|[upkeep]\n|-heal|p2a: Ting-Lu|100\/100|[from] item: Leftovers\n|-end|p2a: Ting-Lu|move: Yawn|[silent]\n|-status|p2a: Ting-Lu|slp\n|upkeep\n|turn|3\n|\n|t:|1700170148\n|switch|p2a: Iron Thorns|Iron Thorns|100\/100\n|-enditem|p2a: Iron Thorns|Booster Energy\n|-activate|p2a: Iron Thorns|ability: Quark Drive|[fromitem]\n|-start|p2a: Iron Thorns|quarkdriveatk\n|switch|p1a: Chi-Yu|Chi-Yu|100\/100\n|\n|-weather|SunnyDay|[upkeep]\n|upkeep\n|turn|4\n|\n|t:|1700170157\n|move|p1a: Chi-Yu|Grass Knot|p2a: Iron Thorns\n|-supereffective|p2a: Iron Thorns\n|-damage|p2a: Iron Thorns|0 fnt\n|faint|p2a: Iron Thorns\n|-end|p2a: Iron Thorns|Quark Drive|[silent]\n|-damage|p1a: Chi-Yu|91\/100|[from] item: Life Orb\n|\n|-weather|SunnyDay|[upkeep]\n|upkeep\n|\n|t:|1700170172\n|switch|p2a: Mabosstiff|Mabosstiff, F|100\/100\n|turn|5\n|\n|t:|1700170179\n|move|p1a: Chi-Yu|Shadow Ball|p2a: Mabosstiff\n|-resisted|p2a: Mabosstiff\n|-damage|p2a: Mabosstiff|58\/100\n|-damage|p1a: Chi-Yu|81\/100|[from] item: Life Orb\n|move|p2a: Mabosstiff|Retaliate|p1a: Chi-Yu\n|-immune|p1a: Chi-Yu\n|\n|-weather|SunnyDay|[upkeep]\n|upkeep\n|turn|6\n|\n|t:|1700170193\n|switch|p2a: Ting-Lu|Ting-Lu|100\/100 slp\n|-ability|p2a: Ting-Lu|Vessel of Ruin\n|move|p1a: Chi-Yu|Focus Blast|p2a: Ting-Lu\n|-supereffective|p2a: Ting-Lu\n|-damage|p2a: Ting-Lu|60\/100 slp\n|-damage|p1a: Chi-Yu|71\/100|[from] item: Life Orb\n|\n|-weather|SunnyDay|[upkeep]\n|-heal|p2a: Ting-Lu|66\/100 slp|[from] item: Leftovers\n|upkeep\n|turn|7\n|\n|t:|1700170207\n|switch|p2a: Mabosstiff|Mabosstiff, F|58\/100\n|move|p1a: Chi-Yu|Grass Knot|p2a: Mabosstiff\n|-damage|p2a: Mabosstiff|2\/100\n|-damage|p1a: Chi-Yu|61\/100|[from] item: Life Orb\n|\n|-weather|SunnyDay|[upkeep]\n|upkeep\n|turn|8\n|\n|t:|1700170214\n|move|p1a: Chi-Yu|Focus Blast|p2a: Mabosstiff|[miss]\n|-miss|p1a: Chi-Yu|p2a: Mabosstiff\n|move|p2a: Mabosstiff|Crunch|p1a: Chi-Yu\n|-supereffective|p1a: Chi-Yu\n|-damage|p1a: Chi-Yu|0 fnt\n|replace|p1a: Zoroark|Zoroark-Hisui, F, shiny\n|-end|p1a: Zoroark|Illusion\n|faint|p1a: Zoroark\n|\n|-weather|none\n|upkeep\n|\n|t:|1700170225\n|switch|p1a: Goodra|Goodra-Hisui, M, shiny|100\/100\n|turn|9\n|\n|t:|1700170230\n|move|p2a: Mabosstiff|Crunch|p1a: Goodra\n|-damage|p1a: Goodra|49\/100\n|-unboost|p1a: Goodra|def|1\n|move|p1a: Goodra|Draco Meteor|p2a: Mabosstiff\n|-damage|p2a: Mabosstiff|0 fnt\n|-unboost|p1a: Goodra|spa|2\n|faint|p2a: Mabosstiff\n|\n|-heal|p1a: Goodra|55\/100|[from] item: Leftovers\n|upkeep\n|\n|t:|1700170252\n|switch|p2a: Flamigo|Flamigo, F|100\/100\n|turn|10\n|\n|t:|1700170257\n|move|p2a: Flamigo|Close Combat|p1a: Goodra\n|-supereffective|p1a: Goodra\n|-damage|p1a: Goodra|0 fnt\n|-unboost|p2a: Flamigo|def|1\n|-unboost|p2a: Flamigo|spd|1\n|faint|p1a: Goodra\n|\n|upkeep\n|\n|t:|1700170264\n|switch|p1a: Torkoal|Torkoal, M, shiny|100\/100\n|-weather|SunnyDay|[from] ability: Drought|[of] p1a: Torkoal\n|turn|11\n|\n|t:|1700170279\n|move|p2a: Flamigo|Close Combat|p1a: Torkoal\n|-damage|p1a: Torkoal|70\/100\n|-unboost|p2a: Flamigo|def|1\n|-unboost|p2a: Flamigo|spd|1\n|move|p1a: Torkoal|Earthquake|p2a: Flamigo\n|-immune|p2a: Flamigo\n|\n|-weather|SunnyDay|[upkeep]\n|upkeep\n|turn|12\n|\n|t:|1700170297\n|switch|p1a: Chi-Yu|Chi-Yu|100\/100\n|-ability|p1a: Chi-Yu|Beads of Ruin\n|move|p2a: Flamigo|Close Combat|p1a: Chi-Yu\n|-supereffective|p1a: Chi-Yu\n|-enditem|p1a: Chi-Yu|Focus Sash\n|-damage|p1a: Chi-Yu|1\/100\n|-unboost|p2a: Flamigo|def|1\n|-unboost|p2a: Flamigo|spd|1\n|\n|-weather|SunnyDay|[upkeep]\n|upkeep\n|turn|13\n|\n|t:|1700170318\n|move|p2a: Flamigo|Close Combat|p1a: Chi-Yu\n|-supereffective|p1a: Chi-Yu\n|-damage|p1a: Chi-Yu|0 fnt\n|-unboost|p2a: Flamigo|def|1\n|-unboost|p2a: Flamigo|spd|1\n|faint|p1a: Chi-Yu\n|\n|-weather|SunnyDay|[upkeep]\n|upkeep\n|\n|t:|1700170329\n|switch|p1a: Toxtricity|Toxtricity, M, shiny|100\/100\n|turn|14\n|\n|t:|1700170367\n|move|p2a: Flamigo|Close Combat|p1a: Toxtricity\n|-resisted|p1a: Toxtricity\n|-damage|p1a: Toxtricity|58\/100\n|-unboost|p2a: Flamigo|def|1\n|-unboost|p2a: Flamigo|spd|1\n|move|p1a: Toxtricity|Boomburst|p2a: Flamigo\n|-enditem|p2a: Flamigo|Focus Sash\n|-damage|p2a: Flamigo|1\/100\n|-enditem|p1a: Toxtricity|Throat Spray\n|-boost|p1a: Toxtricity|spa|1|[from] item: Throat Spray\n|\n|-weather|SunnyDay|[upkeep]\n|upkeep\n|turn|15\n|\n|t:|1700170379\n|switch|p1a: Torkoal|Torkoal, M, shiny|70\/100\n|move|p2a: Flamigo|U-turn|p1a: Torkoal\n|-resisted|p1a: Torkoal\n|-damage|p1a: Torkoal|63\/100\n|\n|t:|1700170387\n|switch|p2a: Ting-Lu|Ting-Lu|66\/100 slp|[from] U-turn\n|-ability|p2a: Ting-Lu|Vessel of Ruin\n|\n|-weather|SunnyDay|[upkeep]\n|-heal|p2a: Ting-Lu|72\/100 slp|[from] item: Leftovers\n|upkeep\n|turn|16\n|\n|t:|1700170405\n|cant|p2a: Ting-Lu|slp\n|move|p1a: Torkoal|Rapid Spin|p2a: Ting-Lu\n|-damage|p2a: Ting-Lu|67\/100 slp\n|-boost|p1a: Torkoal|spe|1\n|\n|-weather|SunnyDay|[upkeep]\n|-heal|p2a: Ting-Lu|74\/100 slp|[from] item: Leftovers\n|upkeep\n|turn|17\n|\n|t:|1700170415\n|switch|p1a: Tornadus|Tornadus, M, shiny|100\/100\n|cant|p2a: Ting-Lu|slp\n|\n|-weather|SunnyDay|[upkeep]\n|-heal|p2a: Ting-Lu|80\/100 slp|[from] item: Leftovers\n|upkeep\n|turn|18\n|\n|t:|1700170429\n|switch|p2a: Crabominable|Crabominable, M|100\/100\n|move|p1a: Tornadus|Bleakwind Storm|p2a: Crabominable\n|-supereffective|p2a: Crabominable\n|-damage|p2a: Crabominable|18\/100\n|-unboost|p2a: Crabominable|spe|1\n|\n|-weather|none\n|upkeep\n|turn|19\n|\n|t:|1700170448\n|switch|p1a: Torkoal|Torkoal, M, shiny|63\/100\n|-weather|SunnyDay|[from] ability: Drought|[of] p1a: Torkoal\n|move|p2a: Crabominable|Ice Hammer|p1a: Torkoal\n|-resisted|p1a: Torkoal\n|-damage|p1a: Torkoal|42\/100\n|-unboost|p2a: Crabominable|spe|1\n|\n|-weather|SunnyDay|[upkeep]\n|upkeep\n|turn|20\n|\n|t:|1700170457\n|switch|p2a: Ting-Lu|Ting-Lu|80\/100 slp\n|-ability|p2a: Ting-Lu|Vessel of Ruin\n|move|p1a: Torkoal|Lava Plume|p2a: Ting-Lu\n|-damage|p2a: Ting-Lu|65\/100 slp\n|\n|-weather|SunnyDay|[upkeep]\n|-heal|p2a: Ting-Lu|72\/100 slp|[from] item: Leftovers\n|upkeep\n|turn|21\n|\n|t:|1700170474\n|switch|p1a: Toxtricity|Toxtricity, M, shiny|58\/100\n|cant|p2a: Ting-Lu|slp\n|\n|-weather|SunnyDay|[upkeep]\n|-heal|p2a: Ting-Lu|78\/100 slp|[from] item: Leftovers\n|upkeep\n|turn|22\n|\n|t:|1700170489\n|move|p1a: Toxtricity|Boomburst|p2a: Ting-Lu\n|-damage|p2a: Ting-Lu|52\/100 slp\n|-curestatus|p2a: Ting-Lu|slp|[msg]\n|move|p2a: Ting-Lu|Earthquake|p1a: Toxtricity\n|-supereffective|p1a: Toxtricity\n|-damage|p1a: Toxtricity|0 fnt\n|faint|p1a: Toxtricity\n|\n|-weather|SunnyDay|[upkeep]\n|-heal|p2a: Ting-Lu|58\/100|[from] item: Leftovers\n|upkeep\n|\n|t:|1700170505\n|switch|p1a: Torkoal|Torkoal, M, shiny|42\/100\n|turn|23\n|\n|t:|1700170515\n|move|p2a: Ting-Lu|Earthquake|p1a: Torkoal\n|-supereffective|p1a: Torkoal\n|-damage|p1a: Torkoal|2\/100\n|move|p1a: Torkoal|Earthquake|p2a: Ting-Lu\n|-damage|p2a: Ting-Lu|49\/100\n|\n|-weather|SunnyDay|[upkeep]\n|-heal|p2a: Ting-Lu|55\/100|[from] item: Leftovers\n|upkeep\n|turn|24\n|\n|t:|1700170529\n|move|p2a: Ting-Lu|Earthquake|p1a: Torkoal\n|-supereffective|p1a: Torkoal\n|-crit|p1a: Torkoal\n|-damage|p1a: Torkoal|0 fnt\n|faint|p1a: Torkoal\n|\n|-weather|SunnyDay|[upkeep]\n|-heal|p2a: Ting-Lu|61\/100|[from] item: Leftovers\n|upkeep\n|\n|t:|1700170536\n|switch|p1a: Tornadus|Tornadus, M, shiny|100\/100\n|turn|25\n|\n|t:|1700170544\n|switch|p2a: Tsareena|Tsareena, F|100\/100\n|move|p1a: Tornadus|Tailwind|p1a: Tornadus\n|-sidestart|p1: TomPugs|move: Tailwind\n|\n|-weather|SunnyDay|[upkeep]\n|upkeep\n|turn|26\n|\n|t:|1700170564\n|-terastallize|p2a: Tsareena|Fairy\n|move|p1a: Tornadus|Heat Wave|p2a: Tsareena|[miss]\n|-miss|p1a: Tornadus|p2a: Tsareena\n|move|p2a: Tsareena|Tera Blast|p1a: Tornadus|[anim] Tera Blast Fairy\n|-damage|p1a: Tornadus|39\/100\n|\n|-weather|none\n|upkeep\n|turn|27\n|\n|t:|1700170578\n|move|p1a: Tornadus|Bleakwind Storm|p2a: Tsareena\n|-damage|p2a: Tsareena|43\/100\n|move|p2a: Tsareena|Tera Blast|p1a: Tornadus|[anim] Tera Blast Fairy\n|-damage|p1a: Tornadus|0 fnt\n|faint|p1a: Tornadus\n|\n|win|Hurcule\n|c| weechunk|gg\n|l| OhMyLaird\n","uploadtime":1700170619,"views":18,"p1id":"tompugs","p2id":"hurcule","formatid":"gen9anythinggoes","rating":0,"private":0,"password":""}