{"id":"gen9anythinggoes-1986093723","p1":"MarshadoweQ","p2":"thediscopanda","format":"[Gen 9] Anything Goes","log":"|j|\u2606MarshadoweQ\n|j|\u2606thediscopanda\n|t:|1699449378\n|gametype|singles\n|player|p1|MarshadoweQ|byron|1122\n|player|p2|thediscopanda|veteran-gen4|1135\n|teamsize|p1|6\n|teamsize|p2|6\n|gen|9\n|tier|[Gen 9] Anything Goes\n|rated|\n|rule|HP Percentage Mod: HP is shown in percentages\n|rule|Endless Battle Clause: Forcing endless battles is banned\n|clearpoke\n|poke|p1|Meowscarada, M|\n|poke|p1|Ogerpon-Hearthflame, F|\n|poke|p1|Baxcalibur, M|\n|poke|p1|Ludicolo, M|\n|poke|p1|Dudunsparce-*, M|\n|poke|p1|Kingambit, M|\n|poke|p2|Froslass, F|\n|poke|p2|Jolteon, F|\n|poke|p2|Heracross, M|\n|poke|p2|Veluza, F|\n|poke|p2|Mismagius, M|\n|poke|p2|Salazzle, F|\n|teampreview\n|inactive|Battle timer is ON: inactive players will automatically lose when time's up. (requested by MarshadoweQ)\n|\n|t:|1699449392\n|start\n|switch|p1a: xD|Dudunsparce-Three-Segment, M, shiny|100\/100\n|switch|p2a: Froslass|Froslass, F|100\/100\n|turn|1\n|\n|t:|1699449397\n|move|p2a: Froslass|Spikes|p1a: xD\n|-sidestart|p1: MarshadoweQ|Spikes\n|move|p1a: xD|Yawn|p2a: Froslass\n|-start|p2a: Froslass|move: Yawn|[of] p1a: xD\n|\n|upkeep\n|turn|2\n|\n|t:|1699449402\n|move|p2a: Froslass|Spikes|p1a: xD\n|-sidestart|p1: MarshadoweQ|Spikes\n|move|p1a: xD|Coil|p1a: xD\n|-boost|p1a: xD|atk|1\n|-boost|p1a: xD|def|1\n|-boost|p1a: xD|accuracy|1\n|\n|-end|p2a: Froslass|move: Yawn|[silent]\n|-status|p2a: Froslass|slp\n|upkeep\n|turn|3\n|\n|t:|1699449409\n|cant|p2a: Froslass|slp\n|move|p1a: xD|Coil|p1a: xD\n|-boost|p1a: xD|atk|1\n|-boost|p1a: xD|def|1\n|-boost|p1a: xD|accuracy|1\n|\n|upkeep\n|turn|4\n|\n|t:|1699449414\n|cant|p2a: Froslass|slp\n|move|p1a: xD|Coil|p1a: xD\n|-boost|p1a: xD|atk|1\n|-boost|p1a: xD|def|1\n|-boost|p1a: xD|accuracy|1\n|\n|upkeep\n|turn|5\n|\n|t:|1699449420\n|-curestatus|p2a: Froslass|slp|[msg]\n|move|p2a: Froslass|Spikes|p1a: xD\n|-sidestart|p1: MarshadoweQ|Spikes\n|move|p1a: xD|Baton Pass|p1a: xD\n|\n|t:|1699449443\n|switch|p1a: Chainsaw Man|Kingambit, M, shiny|100\/100|[from] Baton Pass\n|-damage|p1a: Chainsaw Man|75\/100|[from] Spikes\n|\n|upkeep\n|turn|6\n|\n|t:|1699449453\n|move|p2a: Froslass|Destiny Bond|p2a: Froslass\n|-singlemove|p2a: Froslass|Destiny Bond\n|move|p1a: Chainsaw Man|Iron Head|p2a: Froslass\n|-supereffective|p2a: Froslass\n|-enditem|p2a: Froslass|Focus Sash\n|-damage|p2a: Froslass|1\/100\n|\n|upkeep\n|turn|7\n|\n|t:|1699449471\n|-end|p1a: Chainsaw Man|fallenundefined|[silent]\n|switch|p1a: meow ;)|Meowscarada, M, shiny|100\/100\n|-damage|p1a: meow ;)|76\/100|[from] Spikes\n|move|p2a: Froslass|Destiny Bond||[still]\n|-fail|p2a: Froslass\n|\n|upkeep\n|turn|8\n|\n|t:|1699449483\n|move|p1a: meow ;)|Flower Trick|p2a: Froslass\n|-start|p1a: meow ;)|typechange|Grass|[from] ability: Protean\n|-crit|p2a: Froslass\n|-damage|p2a: Froslass|0 fnt\n|faint|p2a: Froslass\n|\n|upkeep\n|\n|t:|1699449491\n|switch|p2a: Mismagius|Mismagius, M|100\/100\n|turn|9\n|\n|t:|1699449500\n|switch|p2a: Jolteon|Jolteon, F|100\/100\n|move|p1a: meow ;)|Knock Off|p2a: Jolteon\n|-damage|p2a: Jolteon|47\/100\n|-enditem|p2a: Jolteon|Leftovers|[from] move: Knock Off|[of] p1a: meow ;)\n|\n|upkeep\n|turn|10\n|\n|t:|1699449508\n|move|p2a: Jolteon|Thunderbolt|p1a: meow ;)\n|-resisted|p1a: meow ;)\n|-damage|p1a: meow ;)|42\/100\n|-enditem|p1a: meow ;)|Sitrus Berry|[eat]\n|-heal|p1a: meow ;)|67\/100|[from] item: Sitrus Berry\n|move|p1a: meow ;)|Knock Off|p2a: Jolteon\n|-damage|p2a: Jolteon|11\/100\n|\n|upkeep\n|turn|11\n|\n|t:|1699449516\n|move|p2a: Jolteon|Thunderbolt|p1a: meow ;)\n|-resisted|p1a: meow ;)\n|-damage|p1a: meow ;)|33\/100\n|move|p1a: meow ;)|Knock Off|p2a: Jolteon\n|-damage|p2a: Jolteon|0 fnt\n|faint|p2a: Jolteon\n|\n|upkeep\n|\n|t:|1699449521\n|switch|p2a: Salazzle|Salazzle, F|100\/100\n|turn|12\n|\n|t:|1699449527\n|switch|p1a: xD|Dudunsparce-Three-Segment, M, shiny|100\/100\n|-damage|p1a: xD|76\/100|[from] Spikes\n|move|p2a: Salazzle|Nasty Plot|p2a: Salazzle\n|-boost|p2a: Salazzle|spa|2\n|\n|upkeep\n|turn|13\n|\n|t:|1699449533\n|move|p2a: Salazzle|Sludge Bomb|p1a: xD\n|-damage|p1a: xD|0 fnt\n|faint|p1a: xD\n|\n|upkeep\n|\n|t:|1699449561\n|switch|p1a: Ludicolo|Ludicolo, M, shiny|100\/100\n|-damage|p1a: Ludicolo|76\/100|[from] Spikes\n|turn|14\n|\n|t:|1699449570\n|-terastallize|p2a: Salazzle|Poison\n|move|p2a: Salazzle|Sludge Bomb|p1a: Ludicolo\n|-supereffective|p1a: Ludicolo\n|-damage|p1a: Ludicolo|0 fnt\n|faint|p1a: Ludicolo\n|\n|upkeep\n|inactive|MarshadoweQ has 120 seconds left.\n|\n|t:|1699449598\n|switch|p1a: Gnome|Ogerpon-Hearthflame, F|100\/100\n|-damage|p1a: Gnome|76\/100|[from] Spikes\n|-ability|p1a: Gnome|Mold Breaker\n|turn|15\n|\n|t:|1699449603\n|move|p2a: Salazzle|Sludge Bomb|p1a: Gnome\n|-supereffective|p1a: Gnome\n|-damage|p1a: Gnome|0 fnt\n|faint|p1a: Gnome\n|\n|upkeep\n|\n|t:|1699449613\n|switch|p1a: meow ;)|Meowscarada, M, shiny|33\/100\n|-damage|p1a: meow ;)|8\/100|[from] Spikes\n|turn|16\n|-message|MarshadoweQ forfeited.\n|\n|win|thediscopanda\n|raw|MarshadoweQ's rating: 1122 &rarr; <strong>1098<\/strong><br \/>(-24 for losing)\n|raw|thediscopanda's rating: 1135 &rarr; <strong>1159<\/strong><br \/>(+24 for winning)\n|l|\u2606MarshadoweQ\n","uploadtime":1699449644,"views":19,"p1id":"marshadoweq","p2id":"thediscopanda","formatid":"gen9anythinggoes","rating":1098,"private":0,"password":""}