{"id":"gen9anythinggoes-1978339483","p1":"brissacrafa","p2":"beef821","format":"[Gen 9] Anything Goes","log":"|j|\u2606brissacrafa\n|j|\u2606beef821\n|t:|1698526913\n|gametype|singles\n|player|p1|brissacrafa|cynthia-gen4|1168\n|player|p2|beef821|266|1221\n|teamsize|p1|6\n|teamsize|p2|6\n|gen|9\n|tier|[Gen 9] Anything Goes\n|rated|\n|rule|HP Percentage Mod: HP is shown in percentages\n|rule|Endless Battle Clause: Forcing endless battles is banned\n|clearpoke\n|poke|p1|Lilligant-Hisui, F|\n|poke|p1|Ceruledge, M|\n|poke|p1|Sylveon, F|\n|poke|p1|Ogerpon-Cornerstone, F|\n|poke|p1|Maushold-Four|\n|poke|p1|Garchomp, M|\n|poke|p2|Miraidon|\n|poke|p2|Scizor, F|\n|poke|p2|Clefable, M|\n|poke|p2|Gengar, M|\n|poke|p2|Lechonk, M|\n|poke|p2|Koraidon|\n|teampreview\n|inactive|Battle timer is ON: inactive players will automatically lose when time's up. (requested by beef821)\n|\n|t:|1698526950\n|start\n|switch|p1a: Ceruledge|Ceruledge, M|100\/100\n|switch|p2a: Lechonk|Lechonk, M|100\/100\n|turn|1\n|\n|t:|1698526961\n|move|p1a: Ceruledge|Swords Dance|p1a: Ceruledge\n|-boost|p1a: Ceruledge|atk|2\n|move|p2a: Lechonk|Iron Head|p1a: Ceruledge\n|-resisted|p1a: Ceruledge\n|-damage|p1a: Ceruledge|90\/100\n|\n|upkeep\n|turn|2\n|\n|t:|1698526970\n|switch|p2a: Koraidon|Koraidon|100\/100\n|-weather|SunnyDay|[from] ability: Orichalcum Pulse|[of] p2a: Koraidon\n|-activate|p2a: Koraidon|Orichalcum Pulse|[source]\n|move|p1a: Ceruledge|Close Combat|p2a: Koraidon\n|-damage|p2a: Koraidon|19\/100\n|-unboost|p1a: Ceruledge|def|1\n|-unboost|p1a: Ceruledge|spd|1\n|\n|-weather|SunnyDay|[upkeep]\n|upkeep\n|turn|3\n|\n|t:|1698526983\n|move|p2a: Koraidon|Collision Course|p1a: Ceruledge\n|-immune|p1a: Ceruledge\n|move|p1a: Ceruledge|Bitter Blade|p2a: Koraidon\n|-resisted|p2a: Koraidon\n|-damage|p2a: Koraidon|0 fnt\n|-heal|p1a: Ceruledge|100\/100|[from] drain|[of] p2a: Koraidon\n|faint|p2a: Koraidon\n|\n|-weather|SunnyDay|[upkeep]\n|upkeep\n|\n|t:|1698526998\n|switch|p2a: Miraidon|Miraidon|100\/100\n|-fieldstart|move: Electric Terrain|[from] ability: Hadron Engine|[of] p2a: Miraidon\n|turn|4\n|\n|t:|1698527010\n|move|p2a: Miraidon|Electro Drift|p1a: Ceruledge\n|-damage|p1a: Ceruledge|0 fnt\n|faint|p1a: Ceruledge\n|\n|-weather|SunnyDay|[upkeep]\n|upkeep\n|\n|t:|1698527018\n|switch|p1a: Garchomp|Garchomp, M, shiny|100\/100\n|turn|5\n|\n|t:|1698527023\n|move|p2a: Miraidon|Dazzling Gleam|p1a: Garchomp\n|-supereffective|p1a: Garchomp\n|-damage|p1a: Garchomp|6\/100\n|move|p1a: Garchomp|Sandstorm|p1a: Garchomp\n|-weather|Sandstorm\n|\n|-weather|Sandstorm|[upkeep]\n|-damage|p2a: Miraidon|94\/100|[from] Sandstorm\n|upkeep\n|turn|6\n|\n|t:|1698527031\n|move|p2a: Miraidon|Dazzling Gleam|p1a: Garchomp\n|-supereffective|p1a: Garchomp\n|-damage|p1a: Garchomp|0 fnt\n|faint|p1a: Garchomp\n|\n|-weather|Sandstorm|[upkeep]\n|-damage|p2a: Miraidon|88\/100|[from] Sandstorm\n|upkeep\n|inactive|brissacrafa has 120 seconds left.\n|\n|t:|1698527067\n|switch|p1a: Sylveon|Sylveon, F|100\/100\n|turn|7\n|inactive|brissacrafa has 120 seconds left.\n|\n|t:|1698527073\n|move|p2a: Miraidon|Agility|p2a: Miraidon\n|-boost|p2a: Miraidon|spe|2\n|move|p1a: Sylveon|Substitute|p1a: Sylveon\n|-start|p1a: Sylveon|Substitute\n|-damage|p1a: Sylveon|75\/100\n|\n|-weather|Sandstorm|[upkeep]\n|-damage|p2a: Miraidon|82\/100|[from] Sandstorm\n|-damage|p1a: Sylveon|69\/100|[from] Sandstorm\n|-heal|p1a: Sylveon|75\/100|[from] item: Leftovers\n|upkeep\n|turn|8\n|inactive|brissacrafa has 120 seconds left.\n|\n|t:|1698527085\n|move|p2a: Miraidon|Dazzling Gleam|p1a: Sylveon\n|-end|p1a: Sylveon|Substitute\n|move|p1a: Sylveon|Calm Mind|p1a: Sylveon\n|-boost|p1a: Sylveon|spa|1\n|-boost|p1a: Sylveon|spd|1\n|\n|-weather|Sandstorm|[upkeep]\n|-damage|p2a: Miraidon|76\/100|[from] Sandstorm\n|-damage|p1a: Sylveon|69\/100|[from] Sandstorm\n|-heal|p1a: Sylveon|75\/100|[from] item: Leftovers\n|-fieldend|move: Electric Terrain\n|upkeep\n|turn|9\n|inactive|brissacrafa has 120 seconds left.\n|\n|t:|1698527099\n|move|p2a: Miraidon|Electro Drift|p1a: Sylveon\n|-damage|p1a: Sylveon|48\/100\n|move|p1a: Sylveon|Hyper Voice|p2a: Miraidon\n|-supereffective|p2a: Miraidon\n|-damage|p2a: Miraidon|0 fnt\n|faint|p2a: Miraidon\n|\n|-weather|Sandstorm|[upkeep]\n|-damage|p1a: Sylveon|42\/100|[from] Sandstorm\n|-heal|p1a: Sylveon|48\/100|[from] item: Leftovers\n|upkeep\n|\n|t:|1698527111\n|switch|p2a: Scizor|Scizor, F|100\/100\n|turn|10\n|inactive|brissacrafa has 120 seconds left.\n|inactive|brissacrafa has 90 seconds left.\n|\n|t:|1698527166\n|switch|p1a: Ogerpon|Ogerpon-Cornerstone, F|100\/100\n|move|p2a: Scizor|Bullet Punch|p1a: Ogerpon\n|-supereffective|p1a: Ogerpon\n|-damage|p1a: Ogerpon|48\/100\n|\n|-weather|Sandstorm|[upkeep]\n|upkeep\n|turn|11\n|inactive|brissacrafa has 90 seconds left.\n|inactive|beef821 has 120 seconds left.\n|\n|t:|1698527210\n|-terastallize|p1a: Ogerpon|Rock\n|detailschange|p1a: Ogerpon|Ogerpon-Cornerstone-Tera, F, tera:Rock\n|-ability|p1a: Ogerpon|Embody Aspect (Cornerstone)|boost\n|-boost|p1a: Ogerpon|def|1\n|move|p1a: Ogerpon|Ivy Cudgel|p2a: Scizor\n|-damage|p2a: Scizor|15\/100\n|move|p2a: Scizor|Iron Head|p1a: Ogerpon\n|-supereffective|p1a: Ogerpon\n|-damage|p1a: Ogerpon|0 fnt\n|faint|p1a: Ogerpon\n|\n|-weather|Sandstorm|[upkeep]\n|-heal|p2a: Scizor|21\/100|[from] item: Leftovers\n|upkeep\n|\n|t:|1698527232\n|switch|p1a: Maushold|Maushold-Four|100\/100\n|turn|12\n|inactive|beef821 has 120 seconds left.\n|\n|t:|1698527244\n|move|p2a: Scizor|Bullet Punch|p1a: Maushold\n|-damage|p1a: Maushold|64\/100\n|move|p1a: Maushold|Population Bomb|p2a: Scizor\n|-resisted|p2a: Scizor\n|-damage|p2a: Scizor|15\/100\n|-hitcount|p2a: Scizor|1\n|\n|-weather|none\n|-heal|p2a: Scizor|21\/100|[from] item: Leftovers\n|upkeep\n|turn|13\n|inactive|beef821 has 120 seconds left.\n|\n|t:|1698527258\n|move|p1a: Maushold|Population Bomb|p2a: Scizor\n|-resisted|p2a: Scizor\n|-damage|p2a: Scizor|14\/100\n|-resisted|p2a: Scizor\n|-damage|p2a: Scizor|8\/100\n|-resisted|p2a: Scizor\n|-damage|p2a: Scizor|1\/100\n|-resisted|p2a: Scizor\n|-damage|p2a: Scizor|0 fnt\n|faint|p2a: Scizor\n|-hitcount|p2: Scizor|4\n|\n|upkeep\n|c|\u2606brissacrafa|ONLY ONE?\n|inactive|beef821 has 120 seconds left.\n|\n|t:|1698527275\n|switch|p2a: Lechonk|Lechonk, M|100\/100\n|turn|14\n|\n|t:|1698527293\n|move|p1a: Maushold|Population Bomb|p2a: Lechonk\n|-damage|p2a: Lechonk|76\/100\n|-damage|p2a: Lechonk|51\/100\n|-damage|p2a: Lechonk|25\/100\n|-damage|p2a: Lechonk|1\/100\n|-damage|p2a: Lechonk|0 fnt\n|faint|p2a: Lechonk\n|-hitcount|p2: Lechonk|5\n|\n|upkeep\n|\n|t:|1698527303\n|switch|p2a: Gengar|Gengar, M|100\/100\n|turn|15\n|\n|t:|1698527309\n|move|p2a: Gengar|Focus Blast|p1a: Maushold|[miss]\n|-miss|p2a: Gengar|p1a: Maushold\n|move|p1a: Maushold|Crunch|p2a: Gengar\n|-supereffective|p2a: Gengar\n|-damage|p2a: Gengar|20\/100\n|\n|upkeep\n|turn|16\n|\n|t:|1698527319\n|move|p2a: Gengar|Focus Blast|p1a: Maushold\n|-supereffective|p1a: Maushold\n|-damage|p1a: Maushold|0 fnt\n|faint|p1a: Maushold\n|\n|upkeep\n|\n|t:|1698527324\n|switch|p1a: Sylveon|Sylveon, F|48\/100\n|turn|17\n|\n|t:|1698527330\n|move|p2a: Gengar|Focus Blast|p1a: Sylveon|[miss]\n|-miss|p2a: Gengar|p1a: Sylveon\n|move|p1a: Sylveon|Hyper Voice|p2a: Gengar\n|-resisted|p2a: Gengar\n|-damage|p2a: Gengar|0 fnt\n|-start|p1a: Sylveon|Disable|Hyper Voice|[from] ability: Cursed Body|[of] p2a: Gengar\n|faint|p2a: Gengar\n|\n|-heal|p1a: Sylveon|54\/100|[from] item: Leftovers\n|upkeep\n|\n|t:|1698527341\n|switch|p2a: Clefable|Clefable, M|100\/100\n|turn|18\n|\n|t:|1698527353\n|move|p2a: Clefable|Protect|p2a: Clefable\n|-singleturn|p2a: Clefable|Protect\n|move|p1a: Sylveon|Calm Mind|p1a: Sylveon\n|-boost|p1a: Sylveon|spa|1\n|-boost|p1a: Sylveon|spd|1\n|\n|-heal|p1a: Sylveon|61\/100|[from] item: Leftovers\n|upkeep\n|turn|19\n|\n|t:|1698527363\n|move|p1a: Sylveon|Calm Mind|p1a: Sylveon\n|-boost|p1a: Sylveon|spa|1\n|-boost|p1a: Sylveon|spd|1\n|move|p2a: Clefable|Wish|p2a: Clefable\n|\n|-heal|p1a: Sylveon|67\/100|[from] item: Leftovers\n|upkeep\n|turn|20\n|\n|t:|1698527370\n|move|p2a: Clefable|Protect|p2a: Clefable\n|-singleturn|p2a: Clefable|Protect\n|move|p1a: Sylveon|Calm Mind|p1a: Sylveon\n|-boost|p1a: Sylveon|spa|1\n|-boost|p1a: Sylveon|spd|1\n|\n|-heal|p1a: Sylveon|73\/100|[from] item: Leftovers\n|-end|p1a: Sylveon|Disable\n|upkeep\n|turn|21\n|\n|t:|1698527380\n|move|p1a: Sylveon|Calm Mind|p1a: Sylveon\n|-boost|p1a: Sylveon|spa|1\n|-boost|p1a: Sylveon|spd|1\n|move|p2a: Clefable|Calm Mind|p2a: Clefable\n|-boost|p2a: Clefable|spa|1\n|-boost|p2a: Clefable|spd|1\n|\n|-heal|p1a: Sylveon|79\/100|[from] item: Leftovers\n|upkeep\n|turn|22\n|inactive|brissacrafa has 120 seconds left.\n|\n|t:|1698527389\n|move|p2a: Clefable|Calm Mind|p2a: Clefable\n|-boost|p2a: Clefable|spa|1\n|-boost|p2a: Clefable|spd|1\n|move|p1a: Sylveon|Hyper Voice|p2a: Clefable\n|-crit|p2a: Clefable\n|-damage|p2a: Clefable|0 fnt\n|faint|p2a: Clefable\n|\n|win|brissacrafa\n|raw|brissacrafa's rating: 1168 &rarr; <strong>1197<\/strong><br \/>(+29 for winning)\n|raw|beef821's rating: 1221 &rarr; <strong>1192<\/strong><br \/>(-29 for losing)\n","uploadtime":1698527401,"views":6,"p1id":"brissacrafa","p2id":"beef821","formatid":"gen9anythinggoes","rating":1192,"private":0,"password":""}