{"id":"gen9anythinggoes-1973822922","p1":"Doris.","p2":"Dirpz","format":"[Gen 9] Anything Goes","log":"|j|\u2606Doris.\n|j|\u2606Dirpz\n|t:|1698017341\n|gametype|singles\n|player|p1|Doris.|preschoolerf|\n|player|p2|Dirpz|malva|\n|teamsize|p1|6\n|teamsize|p2|6\n|gen|9\n|tier|[Gen 9] Anything Goes\n|rule|HP Percentage Mod: HP is shown in percentages\n|rule|Endless Battle Clause: Forcing endless battles is banned\n|clearpoke\n|poke|p1|Rillaboom, M|\n|poke|p1|Iron Moth|\n|poke|p1|Vulpix-Alola, F|\n|poke|p1|Hatterene, F|\n|poke|p1|Sneasler, F|\n|poke|p1|Gliscor, F|\n|poke|p2|Cryogonal|\n|poke|p2|Dragapult, M|\n|poke|p2|Delphox, M|\n|poke|p2|Klefki, F|\n|poke|p2|Sneasel-Hisui, F|\n|poke|p2|Mandibuzz, F|\n|teampreview\n|c|\u2606Doris.|GL\n|c|\u2606Dirpz|GL\n|j| Skrumply\n|\n|t:|1698017411\n|start\n|switch|p1a: Vulpix|Vulpix-Alola, F|100\/100\n|switch|p2a: Cryogonal|Cryogonal|100\/100\n|-weather|Snow|[from] ability: Snow Warning|[of] p1a: Vulpix\n|turn|1\n|\n|t:|1698017418\n|move|p2a: Cryogonal|Flash Cannon|p1a: Vulpix\n|-supereffective|p1a: Vulpix\n|-damage|p1a: Vulpix|16\/100\n|move|p1a: Vulpix|Aurora Veil|p1a: Vulpix\n|-sidestart|p1: Doris.|move: Aurora Veil\n|\n|-weather|Snow|[upkeep]\n|upkeep\n|turn|2\n|\n|t:|1698017443\n|switch|p2a: Dragapult|Dragapult, M|100\/100\n|switch|p1a: Gliscor|Gliscor, F|100\/100\n|\n|-weather|Snow|[upkeep]\n|-status|p1a: Gliscor|tox|[from] item: Toxic Orb\n|upkeep\n|turn|3\n|\n|t:|1698017451\n|move|p2a: Dragapult|Psychic Fangs|p1a: Gliscor\n|-sideend|p1: Doris.|move: Aurora Veil\n|-damage|p1a: Gliscor|62\/100 tox\n|move|p1a: Gliscor|Stealth Rock|p2a: Dragapult\n|-sidestart|p2: Dirpz|move: Stealth Rock\n|\n|-weather|Snow|[upkeep]\n|-heal|p1a: Gliscor|75\/100 tox|[from] ability: Poison Heal\n|upkeep\n|turn|4\n|\n|t:|1698017459\n|switch|p2a: Cryogonal|Cryogonal|100\/100\n|-damage|p2a: Cryogonal|76\/100|[from] Stealth Rock\n|move|p1a: Gliscor|Toxic|p2a: Cryogonal\n|-status|p2a: Cryogonal|tox\n|\n|-weather|Snow|[upkeep]\n|-damage|p2a: Cryogonal|69\/100 tox|[from] psn\n|-heal|p1a: Gliscor|87\/100 tox|[from] ability: Poison Heal\n|upkeep\n|turn|5\n|\n|t:|1698017466\n|move|p1a: Gliscor|Protect|p1a: Gliscor\n|-singleturn|p1a: Gliscor|Protect\n|move|p2a: Cryogonal|Rapid Spin|p1a: Gliscor\n|-activate|p1a: Gliscor|move: Protect\n|\n|-weather|none\n|-damage|p2a: Cryogonal|57\/100 tox|[from] psn\n|-heal|p1a: Gliscor|99\/100 tox|[from] ability: Poison Heal\n|upkeep\n|turn|6\n|inactive|Battle timer is ON: inactive players will automatically lose when time's up. (requested by Dirpz)\n|\n|t:|1698017552\n|switch|p1a: Iron Moth|Iron Moth|100\/100\n|-enditem|p1a: Iron Moth|Booster Energy\n|-activate|p1a: Iron Moth|ability: Quark Drive|[fromitem]\n|-start|p1a: Iron Moth|quarkdrivespa\n|move|p2a: Cryogonal|Rapid Spin|p1a: Iron Moth\n|-damage|p1a: Iron Moth|91\/100\n|-boost|p2a: Cryogonal|spe|1\n|-sideend|p2: Dirpz|Stealth Rock|[from] move: Rapid Spin|[of] p2a: Cryogonal\n|\n|-damage|p2a: Cryogonal|38\/100 tox|[from] psn\n|upkeep\n|turn|7\n|\n|t:|1698017561\n|switch|p2a: Sneasel|Sneasel-Hisui, F|100\/100\n|move|p1a: Iron Moth|Agility|p1a: Iron Moth\n|-boost|p1a: Iron Moth|spe|2\n|\n|upkeep\n|turn|8\n|\n|t:|1698017567\n|move|p1a: Iron Moth|Fiery Dance|p2a: Sneasel\n|-damage|p2a: Sneasel|31\/100\n|move|p2a: Sneasel|Close Combat|p1a: Iron Moth\n|-resisted|p1a: Iron Moth\n|-damage|p1a: Iron Moth|47\/100\n|-unboost|p2a: Sneasel|def|1\n|-unboost|p2a: Sneasel|spd|1\n|\n|upkeep\n|turn|9\n|\n|t:|1698017587\n|move|p1a: Iron Moth|Sludge Wave|p2a: Sneasel\n|-resisted|p2a: Sneasel\n|-damage|p2a: Sneasel|0 fnt\n|faint|p2a: Sneasel\n|\n|upkeep\n|\n|t:|1698017590\n|switch|p2a: Klefki|Klefki, F|100\/100\n|turn|10\n|\n|t:|1698017592\n|move|p2a: Klefki|Thunder Wave|p1a: Iron Moth\n|-status|p1a: Iron Moth|par\n|move|p1a: Iron Moth|Fiery Dance|p2a: Klefki\n|-supereffective|p2a: Klefki\n|-damage|p2a: Klefki|0 fnt\n|faint|p2a: Klefki\n|\n|upkeep\n|\n|t:|1698017594\n|switch|p2a: Dragapult|Dragapult, M|100\/100\n|turn|11\n|\n|t:|1698017602\n|move|p2a: Dragapult|U-turn|p1a: Iron Moth\n|-resisted|p1a: Iron Moth\n|-damage|p1a: Iron Moth|30\/100 par\n|\n|t:|1698017604\n|switch|p2a: Delphox|Delphox, M|100\/100|[from] U-turn\n|cant|p1a: Iron Moth|par\n|\n|upkeep\n|turn|12\n|\n|t:|1698017610\n|cant|p1a: Iron Moth|par\n|move|p2a: Delphox|Psyshock|p1a: Iron Moth\n|-supereffective|p1a: Iron Moth\n|-damage|p1a: Iron Moth|0 fnt\n|faint|p1a: Iron Moth\n|-end|p1a: Iron Moth|Quark Drive|[silent]\n|\n|upkeep\n|inactive|Doris. has 270 seconds left.\n|\n|t:|1698017641\n|switch|p1a: Gliscor|Gliscor, F|99\/100 tox\n|turn|13\n|\n|t:|1698017648\n|switch|p2a: Cryogonal|Cryogonal|38\/100 tox\n|move|p1a: Gliscor|Stealth Rock|p2a: Cryogonal\n|-sidestart|p2: Dirpz|move: Stealth Rock\n|\n|-damage|p2a: Cryogonal|32\/100 tox|[from] psn\n|-heal|p1a: Gliscor|100\/100 tox|[from] ability: Poison Heal\n|upkeep\n|turn|14\n|\n|t:|1698017651\n|move|p1a: Gliscor|Protect|p1a: Gliscor\n|-singleturn|p1a: Gliscor|Protect\n|move|p2a: Cryogonal|Freeze-Dry|p1a: Gliscor\n|-activate|p1a: Gliscor|move: Protect\n|\n|-damage|p2a: Cryogonal|20\/100 tox|[from] psn\n|upkeep\n|turn|15\n|\n|t:|1698017654\n|switch|p1a: Vulpix|Vulpix-Alola, F|16\/100\n|-weather|Snow|[from] ability: Snow Warning|[of] p1a: Vulpix\n|move|p2a: Cryogonal|Freeze-Dry|p1a: Vulpix\n|-resisted|p1a: Vulpix\n|-damage|p1a: Vulpix|0 fnt\n|faint|p1a: Vulpix\n|\n|-weather|Snow|[upkeep]\n|-damage|p2a: Cryogonal|1\/100 tox|[from] psn\n|upkeep\n|\n|t:|1698017658\n|switch|p1a: Rillaboom|Rillaboom, M|100\/100\n|-fieldstart|move: Grassy Terrain|[from] ability: Grassy Surge|[of] p1a: Rillaboom\n|turn|16\n|\n|t:|1698017663\n|switch|p2a: Mandibuzz|Mandibuzz, F|100\/100\n|-damage|p2a: Mandibuzz|75\/100|[from] Stealth Rock\n|move|p1a: Rillaboom|Grassy Glide|p2a: Mandibuzz\n|-resisted|p2a: Mandibuzz\n|-damage|p2a: Mandibuzz|63\/100\n|\n|-weather|Snow|[upkeep]\n|-heal|p2a: Mandibuzz|70\/100|[from] item: Leftovers\n|upkeep\n|turn|17\n|\n|t:|1698017669\n|move|p1a: Rillaboom|Knock Off|p2a: Mandibuzz\n|-resisted|p2a: Mandibuzz\n|-damage|p2a: Mandibuzz|60\/100\n|-enditem|p2a: Mandibuzz|Leftovers|[from] move: Knock Off|[of] p1a: Rillaboom\n|move|p2a: Mandibuzz|Defog|p1a: Rillaboom\n|-unboost|p1a: Rillaboom|evasion|1\n|-sideend|p2: Dirpz|Stealth Rock|[from] move: Defog|[of] p2a: Mandibuzz\n|-fieldend|move: Grassy Terrain\n|\n|-weather|Snow|[upkeep]\n|upkeep\n|turn|18\n|\n|t:|1698017674\n|move|p1a: Rillaboom|U-turn|p2a: Mandibuzz\n|-damage|p2a: Mandibuzz|46\/100\n|\n|t:|1698017676\n|switch|p1a: Gliscor|Gliscor, F|100\/100 tox|[from] U-turn\n|move|p2a: Mandibuzz|Knock Off|p1a: Gliscor\n|-damage|p1a: Gliscor|83\/100 tox\n|-enditem|p1a: Gliscor|Toxic Orb|[from] move: Knock Off|[of] p2a: Mandibuzz\n|\n|-weather|Snow|[upkeep]\n|-heal|p1a: Gliscor|96\/100 tox|[from] ability: Poison Heal\n|upkeep\n|turn|19\n|\n|t:|1698017683\n|move|p1a: Gliscor|Stealth Rock|p2a: Mandibuzz\n|-sidestart|p2: Dirpz|move: Stealth Rock\n|move|p2a: Mandibuzz|Taunt|p1a: Gliscor\n|-start|p1a: Gliscor|move: Taunt\n|\n|-weather|none\n|-heal|p1a: Gliscor|100\/100 tox|[from] ability: Poison Heal\n|upkeep\n|turn|20\n|\n|t:|1698017690\n|switch|p1a: Hatterene|Hatterene, F|100\/100\n|move|p2a: Mandibuzz|Roost|p2a: Mandibuzz\n|-heal|p2a: Mandibuzz|96\/100\n|-singleturn|p2a: Mandibuzz|move: Roost\n|\n|upkeep\n|turn|21\n|\n|t:|1698017695\n|switch|p2a: Delphox|Delphox, M|100\/100\n|move|p1a: Hatterene|Dazzling Gleam|p2a: Delphox\n|-resisted|p2a: Delphox\n|-damage|p2a: Delphox|79\/100\n|\n|upkeep\n|turn|22\n|\n|t:|1698017701\n|move|p2a: Delphox|Nasty Plot|p2a: Delphox\n|-boost|p2a: Delphox|spa|2\n|move|p1a: Hatterene|Healing Wish|p1a: Hatterene\n|faint|p1a: Hatterene\n|\n|upkeep\n|\n|t:|1698017712\n|switch|p1a: Sneasler|Sneasler, F|100\/100\n|turn|23\n|\n|t:|1698017715\n|move|p1a: Sneasler|Fling|p2a: Delphox\n|-supereffective|p2a: Delphox\n|-damage|p2a: Delphox|0 fnt\n|-enditem|p1a: Sneasler|Big Nugget|[from] move: Fling\n|faint|p2a: Delphox\n|\n|upkeep\n|\n|t:|1698017718\n|switch|p2a: Mandibuzz|Mandibuzz, F|96\/100\n|-damage|p2a: Mandibuzz|71\/100|[from] Stealth Rock\n|turn|24\n|\n|t:|1698017723\n|move|p1a: Sneasler|Swords Dance|p1a: Sneasler\n|-boost|p1a: Sneasler|atk|2\n|move|p2a: Mandibuzz|Defog|p1a: Sneasler\n|-unboost|p1a: Sneasler|evasion|1\n|-sideend|p2: Dirpz|Stealth Rock|[from] move: Defog|[of] p2a: Mandibuzz\n|\n|upkeep\n|turn|25\n|\n|t:|1698017726\n|move|p1a: Sneasler|Close Combat|p2a: Mandibuzz\n|-damage|p2a: Mandibuzz|1\/100\n|-unboost|p1a: Sneasler|def|1\n|-unboost|p1a: Sneasler|spd|1\n|move|p2a: Mandibuzz|Roost|p2a: Mandibuzz\n|-heal|p2a: Mandibuzz|51\/100\n|-singleturn|p2a: Mandibuzz|move: Roost\n|\n|upkeep\n|turn|26\n|\n|t:|1698017733\n|move|p1a: Sneasler|Close Combat|p2a: Mandibuzz\n|-damage|p2a: Mandibuzz|0 fnt\n|-unboost|p1a: Sneasler|def|1\n|-unboost|p1a: Sneasler|spd|1\n|faint|p2a: Mandibuzz\n|\n|upkeep\n|\n|t:|1698017737\n|switch|p2a: Dragapult|Dragapult, M|100\/100\n|turn|27\n|\n|t:|1698017740\n|move|p1a: Sneasler|Dire Claw|p2a: Dragapult\n|-resisted|p2a: Dragapult\n|-damage|p2a: Dragapult|46\/100\n|move|p2a: Dragapult|Psychic Fangs|p1a: Sneasler\n|-supereffective|p1a: Sneasler\n|-damage|p1a: Sneasler|0 fnt\n|faint|p1a: Sneasler\n|\n|upkeep\n|\n|t:|1698017747\n|switch|p1a: Gliscor|Gliscor, F|100\/100 tox\n|-heal|p1a: Gliscor|100\/100|[from] move: Healing Wish\n|turn|28\n|\n|t:|1698017753\n|move|p2a: Dragapult|Psychic Fangs|p1a: Gliscor\n|-damage|p1a: Gliscor|67\/100\n|move|p1a: Gliscor|Earthquake|p2a: Dragapult\n|-damage|p2a: Dragapult|2\/100\n|\n|upkeep\n|turn|29\n|\n|t:|1698017757\n|move|p2a: Dragapult|Psychic Fangs|p1a: Gliscor\n|-damage|p1a: Gliscor|31\/100\n|move|p1a: Gliscor|Earthquake|p2a: Dragapult\n|-crit|p2a: Dragapult\n|-damage|p2a: Dragapult|0 fnt\n|faint|p2a: Dragapult\n|\n|upkeep\n|\n|t:|1698017760\n|switch|p2a: Cryogonal|Cryogonal|1\/100 tox\n|turn|30\n|\n|t:|1698017762\n|move|p1a: Gliscor|Protect|p1a: Gliscor\n|-singleturn|p1a: Gliscor|Protect\n|move|p2a: Cryogonal|Freeze-Dry|p1a: Gliscor\n|-activate|p1a: Gliscor|move: Protect\n|\n|-damage|p2a: Cryogonal|0 fnt|[from] psn\n|faint|p2a: Cryogonal\n|\n|win|Doris.\n|upkeep\n|c|\u2606Dirpz|gg\n|c|\u2606Doris.|gg\n|l|\u2606Doris.\n|l| Skrumply\n|j|\u2606Doris.\n|player|p1|Doris.|preschoolerf\n","uploadtime":1698017840,"views":10,"p1id":"doris","p2id":"dirpz","formatid":"gen9anythinggoes","rating":0,"private":0,"password":""}