{"id":"gen9anythinggoes-1990653780","p1":"goofy ahh uncle 46","p2":"Shadowkipz13","format":"[Gen 9] Anything Goes","log":"|j|\u2606goofy ahh uncle 46\n|j|\u2606Shadowkipz13\n|t:|1699989044\n|gametype|singles\n|player|p1|goofy ahh uncle 46|lady-gen4|1227\n|player|p2|Shadowkipz13|petrel|1379\n|teamsize|p1|6\n|teamsize|p2|6\n|gen|9\n|tier|[Gen 9] Anything Goes\n|rated|\n|rule|HP Percentage Mod: HP is shown in percentages\n|rule|Endless Battle Clause: Forcing endless battles is banned\n|clearpoke\n|poke|p1|Koraidon|\n|poke|p1|Grimmsnarl, M|\n|poke|p1|Great Tusk|\n|poke|p1|Roaring Moon|\n|poke|p1|Vivillon-Fancy, F|\n|poke|p1|Veluza, F|\n|poke|p2|Skeledirge, F|\n|poke|p2|Sinistcha-Masterpiece|\n|poke|p2|Palafin, F|\n|poke|p2|Ribombee, F|\n|poke|p2|Tyranitar, M|\n|poke|p2|Gliscor, M|\n|teampreview\n|l|\u2606Shadowkipz13\n|player|p2|\n|j|\u2606Shadowkipz13\n|player|p2|Shadowkipz13|petrel\n|\n|t:|1699989105\n|start\n|switch|p1a: Grimmsnarl|Grimmsnarl, M, shiny|100\/100\n|switch|p2a: TOTSUGEKI|Palafin, F|100\/100\n|turn|1\n|inactive|Battle timer is ON: inactive players will automatically lose when time's up. (requested by Shadowkipz13)\n|\n|t:|1699989130\n|detailschange|p2a: TOTSUGEKI|Palafin-Hero, F\n|switch|p2a: Faye|Ribombee, F|100\/100\n|move|p1a: Grimmsnarl|Reflect|p1a: Grimmsnarl\n|-sidestart|p1: goofy ahh uncle 46|Reflect\n|\n|upkeep\n|turn|2\n|c|\u2606goofy ahh uncle 46|you should get flip turn on palafin\n|inactive|goofy ahh uncle 46 has 120 seconds left.\n|\n|t:|1699989168\n|move|p1a: Grimmsnarl|Taunt|p2a: Faye\n|-start|p2a: Faye|move: Taunt\n|cant|p2a: Faye|move: Taunt|Sticky Web\n|\n|upkeep\n|turn|3\n|\n|t:|1699989173\n|move|p1a: Grimmsnarl|Parting Shot|p2a: Faye\n|-unboost|p2a: Faye|atk|1\n|-unboost|p2a: Faye|spa|1\n|inactive|goofy ahh uncle 46 has 120 seconds left.\n|\n|t:|1699989185\n|switch|p1a: Veluza|Veluza, F|100\/100|[from] Parting Shot\n|move|p2a: Faye|Moonblast|p1a: Veluza\n|-damage|p1a: Veluza|68\/100\n|-unboost|p1a: Veluza|spa|1\n|\n|upkeep\n|turn|4\n|\n|t:|1699989205\n|switch|p2a: Big sippy|Sinistcha-Masterpiece|100\/100\n|move|p1a: Veluza|Aqua Cutter|p2a: Big sippy\n|-resisted|p2a: Big sippy\n|-crit|p2a: Big sippy\n|-damage|p2a: Big sippy|67\/100\n|\n|upkeep\n|turn|5\n|inactive|goofy ahh uncle 46 has 120 seconds left.\n|c|\u2606Shadowkipz13|Ehh...\n|\n|t:|1699989232\n|switch|p1a: Koraidon|Koraidon|100\/100\n|-weather|SunnyDay|[from] ability: Orichalcum Pulse|[of] p1a: Koraidon\n|-activate|p1a: Koraidon|Orichalcum Pulse|[source]\n|move|p2a: Big sippy|Strength Sap|p1a: Koraidon\n|-unboost|p1a: Koraidon|atk|1\n|-heal|p2a: Big sippy|100\/100\n|\n|-weather|SunnyDay|[upkeep]\n|upkeep\n|turn|6\n|c|\u2606goofy ahh uncle 46|if you dont want to its ok though\n|c|\u2606goofy ahh uncle 46|it is your team after all\n|inactive|Shadowkipz13 has 120 seconds left.\n|c|\u2606Shadowkipz13|Twave Grimm and choice specs grass and or electric types...\n|c|\u2606Shadowkipz13|Rough history with flip turn lol\n|c|\u2606goofy ahh uncle 46|true\n|\n|t:|1699989288\n|-terastallize|p1a: Koraidon|Fire\n|move|p1a: Koraidon|Wild Charge|p2a: Big sippy\n|-resisted|p2a: Big sippy\n|-damage|p2a: Big sippy|87\/100\n|-damage|p1a: Koraidon|98\/100|[from] Recoil\n|move|p2a: Big sippy|Strength Sap|p1a: Koraidon\n|-unboost|p1a: Koraidon|atk|1\n|-heal|p2a: Big sippy|100\/100\n|\n|-weather|SunnyDay|[upkeep]\n|-heal|p1a: Koraidon|100\/100|[from] item: Leftovers\n|upkeep\n|turn|7\n|inactive|goofy ahh uncle 46 has 120 seconds left.\n|c|\u2606goofy ahh uncle 46|misclic\n|c|\u2606goofy ahh uncle 46|sad\n|\n|t:|1699989310\n|move|p1a: Koraidon|Flame Charge|p2a: Big sippy\n|-supereffective|p2a: Big sippy\n|-damage|p2a: Big sippy|67\/100\n|-boost|p1a: Koraidon|spe|1\n|-enditem|p2a: Big sippy|Weakness Policy\n|-boost|p2a: Big sippy|atk|2|[from] item: Weakness Policy\n|-boost|p2a: Big sippy|spa|2|[from] item: Weakness Policy\n|move|p2a: Big sippy|Scald|p1a: Koraidon\n|-supereffective|p1a: Koraidon\n|-damage|p1a: Koraidon|48\/100\n|\n|-weather|SunnyDay|[upkeep]\n|-heal|p1a: Koraidon|54\/100|[from] item: Leftovers\n|upkeep\n|turn|8\n|c|\u2606Shadowkipz13|I should switch...\n|\n|t:|1699989323\n|move|p1a: Koraidon|Flare Blitz|p2a: Big sippy\n|-supereffective|p2a: Big sippy\n|-damage|p2a: Big sippy|7\/100\n|-damage|p1a: Koraidon|38\/100|[from] Recoil\n|move|p2a: Big sippy|Strength Sap|p1a: Koraidon\n|-unboost|p1a: Koraidon|atk|1\n|-heal|p2a: Big sippy|72\/100\n|\n|-weather|SunnyDay|[upkeep]\n|-heal|p1a: Koraidon|44\/100|[from] item: Leftovers\n|-sideend|p1: goofy ahh uncle 46|Reflect\n|upkeep\n|turn|9\n|\n|t:|1699989331\n|move|p1a: Koraidon|Flare Blitz|p2a: Big sippy\n|-supereffective|p2a: Big sippy\n|-damage|p2a: Big sippy|19\/100\n|-damage|p1a: Koraidon|29\/100|[from] Recoil\n|move|p2a: Big sippy|Strength Sap|p1a: Koraidon\n|-unboost|p1a: Koraidon|atk|1\n|-heal|p2a: Big sippy|70\/100\n|\n|-weather|none\n|-heal|p1a: Koraidon|36\/100|[from] item: Leftovers\n|upkeep\n|turn|10\n|inactive|goofy ahh uncle 46 has 120 seconds left.\n|\n|t:|1699989343\n|switch|p1a: Roaring Moon|Roaring Moon|100\/100\n|move|p2a: Big sippy|Scald|p1a: Roaring Moon\n|-resisted|p1a: Roaring Moon\n|-damage|p1a: Roaring Moon|74\/100\n|\n|-heal|p1a: Roaring Moon|80\/100|[from] item: Leftovers\n|upkeep\n|turn|11\n|inactive|goofy ahh uncle 46 has 120 seconds left.\n|inactive|Shadowkipz13 has 90 seconds left.\n|\n|t:|1699989367\n|move|p1a: Roaring Moon|U-turn|p2a: Big sippy\n|-damage|p2a: Big sippy|41\/100\n|inactive|goofy ahh uncle 46 has 120 seconds left.\n|\n|t:|1699989376\n|-end|p1a: Roaring Moon|Protosynthesis|[silent]\n|switch|p1a: Vivillon|Vivillon-Fancy, F, shiny|100\/100|[from] U-turn\n|move|p2a: Big sippy|Matcha Gotcha|p1a: Vivillon\n|-resisted|p1a: Vivillon\n|-damage|p1a: Vivillon|61\/100\n|-heal|p2a: Big sippy|62\/100|[from] drain|[of] p1a: Vivillon\n|\n|-heal|p1a: Vivillon|67\/100|[from] item: Leftovers\n|upkeep\n|turn|12\n|inactive|Shadowkipz13 has 90 seconds left.\n|\n|t:|1699989404\n|switch|p2a: Mountainous|Tyranitar, M, shiny|100\/100\n|-weather|Sandstorm|[from] ability: Sand Stream|[of] p2a: Mountainous\n|move|p1a: Vivillon|Sleep Powder|p2a: Mountainous\n|-status|p2a: Mountainous|slp|[from] move: Sleep Powder\n|\n|-weather|Sandstorm|[upkeep]\n|-damage|p1a: Vivillon|61\/100|[from] Sandstorm\n|-heal|p1a: Vivillon|67\/100|[from] item: Leftovers\n|upkeep\n|turn|13\n|\n|t:|1699989416\n|move|p1a: Vivillon|Hurricane|p2a: Mountainous\n|-resisted|p2a: Mountainous\n|-damage|p2a: Mountainous|91\/100 slp\n|cant|p2a: Mountainous|slp\n|\n|-weather|Sandstorm|[upkeep]\n|-damage|p1a: Vivillon|61\/100|[from] Sandstorm\n|-heal|p1a: Vivillon|67\/100|[from] item: Leftovers\n|upkeep\n|turn|14\n|inactive|goofy ahh uncle 46 has 120 seconds left.\n|\n|t:|1699989438\n|switch|p1a: Great Tusk|Great Tusk|100\/100\n|-curestatus|p2a: Mountainous|slp|[msg]\n|move|p2a: Mountainous|Knock Off|p1a: Great Tusk\n|-resisted|p1a: Great Tusk\n|-damage|p1a: Great Tusk|80\/100\n|-enditem|p1a: Great Tusk|Life Orb|[from] move: Knock Off|[of] p2a: Mountainous\n|\n|-weather|Sandstorm|[upkeep]\n|upkeep\n|turn|15\n|inactive|goofy ahh uncle 46 has 120 seconds left.\n|\n|t:|1699989449\n|switch|p2a: Kha'zix|Gliscor, M|100\/100\n|move|p1a: Great Tusk|Headlong Rush|p2a: Kha'zix\n|-immune|p2a: Kha'zix\n|\n|-weather|Sandstorm|[upkeep]\n|-status|p2a: Kha'zix|tox|[from] item: Toxic Orb\n|upkeep\n|turn|16\n|inactive|goofy ahh uncle 46 has 120 seconds left.\n|\n|t:|1699989461\n|move|p1a: Great Tusk|Stone Edge|p2a: Kha'zix|[miss]\n|-miss|p1a: Great Tusk|p2a: Kha'zix\n|move|p2a: Kha'zix|Stealth Rock|p1a: Great Tusk\n|-sidestart|p1: goofy ahh uncle 46|move: Stealth Rock\n|\n|-weather|none\n|upkeep\n|turn|17\n|c|\u2606Shadowkipz13|Ok ok\n|inactive|goofy ahh uncle 46 has 120 seconds left.\n|\n|t:|1699989478\n|move|p1a: Great Tusk|Rapid Spin|p2a: Kha'zix\n|-damage|p2a: Kha'zix|89\/100 tox\n|-boost|p1a: Great Tusk|spe|1\n|-sideend|p1: goofy ahh uncle 46|Stealth Rock|[from] move: Rapid Spin|[of] p1a: Great Tusk\n|move|p2a: Kha'zix|Toxic|p1a: Great Tusk\n|-status|p1a: Great Tusk|tox\n|\n|-damage|p1a: Great Tusk|74\/100 tox|[from] psn\n|-heal|p2a: Kha'zix|100\/100 tox|[from] ability: Poison Heal\n|upkeep\n|turn|18\n|c|\u2606Shadowkipz13|I GENUINELY want your thoughts\n|inactive|goofy ahh uncle 46 has 120 seconds left.\n|c|\u2606Shadowkipz13|Did Gliscor deserve to be banned?\n|inactive|Shadowkipz13 has 90 seconds left.\n|c|\u2606goofy ahh uncle 46|no\n|c|\u2606goofy ahh uncle 46|its fair\n|\n|t:|1699989509\n|move|p1a: Great Tusk|Stone Edge|p2a: Kha'zix\n|-damage|p2a: Kha'zix|74\/100 tox\n|move|p2a: Kha'zix|Stealth Rock|p1a: Great Tusk\n|-sidestart|p1: goofy ahh uncle 46|move: Stealth Rock\n|\n|-damage|p1a: Great Tusk|61\/100 tox|[from] psn\n|-heal|p2a: Kha'zix|86\/100 tox|[from] ability: Poison Heal\n|upkeep\n|turn|19\n|inactive|Shadowkipz13 has 90 seconds left.\n|c|\u2606goofy ahh uncle 46|just get good imo\n|\n|t:|1699989525\n|move|p2a: Kha'zix|Protect|p2a: Kha'zix\n|-singleturn|p2a: Kha'zix|Protect\n|move|p1a: Great Tusk|Stone Edge|p2a: Kha'zix\n|-activate|p2a: Kha'zix|move: Protect\n|\n|-damage|p1a: Great Tusk|43\/100 tox|[from] psn\n|-heal|p2a: Kha'zix|99\/100 tox|[from] ability: Poison Heal\n|upkeep\n|turn|20\n|inactive|Shadowkipz13 has 90 seconds left.\n|c|\u2606Shadowkipz13|Thank you...\n|\n|t:|1699989547\n|move|p1a: Great Tusk|Stone Edge|p2a: Kha'zix|[miss]\n|-miss|p1a: Great Tusk|p2a: Kha'zix\n|move|p2a: Kha'zix|Spikes|p1a: Great Tusk\n|-sidestart|p1: goofy ahh uncle 46|Spikes\n|\n|-damage|p1a: Great Tusk|18\/100 tox|[from] psn\n|-heal|p2a: Kha'zix|100\/100 tox|[from] ability: Poison Heal\n|upkeep\n|turn|21\n|\n|t:|1699989563\n|move|p2a: Kha'zix|Protect|p2a: Kha'zix\n|-singleturn|p2a: Kha'zix|Protect\n|move|p1a: Great Tusk|Stone Edge|p2a: Kha'zix\n|-activate|p2a: Kha'zix|move: Protect\n|\n|-damage|p1a: Great Tusk|0 fnt|[from] psn\n|faint|p1a: Great Tusk\n|-end|p1a: Great Tusk|Protosynthesis|[silent]\n|upkeep\n|c|\u2606Shadowkipz13|I've waited SO LONG for it's return...\n|\n|t:|1699989575\n|switch|p1a: Roaring Moon|Roaring Moon|80\/100\n|-damage|p1a: Roaring Moon|67\/100|[from] Stealth Rock\n|-damage|p1a: Roaring Moon|55\/100|[from] Spikes\n|turn|22\n|c|\u2606Shadowkipz13|And it got banned xD\n|\n|t:|1699989587\n|move|p1a: Roaring Moon|Outrage|p2a: Kha'zix\n|-damage|p2a: Kha'zix|51\/100 tox\n|move|p2a: Kha'zix|Toxic|p1a: Roaring Moon\n|-status|p1a: Roaring Moon|tox\n|\n|-heal|p1a: Roaring Moon|61\/100 tox|[from] item: Leftovers\n|-damage|p1a: Roaring Moon|55\/100 tox|[from] psn\n|-heal|p2a: Kha'zix|63\/100 tox|[from] ability: Poison Heal\n|upkeep\n|turn|23\n|c|\u2606goofy ahh uncle 46|i hate that one dog pokemon with last respects\n|inactive|goofy ahh uncle 46 has 90 seconds left.\n|c|\u2606goofy ahh uncle 46|its dummy op imo\n|\n|t:|1699989618\n|switch|p2a: Faye|Ribombee, F|100\/100\n|move|p1a: Roaring Moon|Outrage|p2a: Faye|[from]lockedmove\n|-immune|p2a: Faye\n|-start|p1a: Roaring Moon|confusion|[fatigue]\n|\n|-heal|p1a: Roaring Moon|61\/100 tox|[from] item: Leftovers\n|-damage|p1a: Roaring Moon|49\/100 tox|[from] psn\n|upkeep\n|turn|24\n|inactive|Shadowkipz13 has 90 seconds left.\n|c|\u2606Shadowkipz13|Now THAT was understandable...but A single normal type nullified it.\n|\n|t:|1699989641\n|move|p2a: Faye|Sticky Web|p1a: Roaring Moon\n|-sidestart|p1: goofy ahh uncle 46|move: Sticky Web\n|-activate|p1a: Roaring Moon|confusion\n|move|p1a: Roaring Moon|U-turn|p2a: Faye\n|-resisted|p2a: Faye\n|-damage|p2a: Faye|79\/100\n|c|\u2606goofy ahh uncle 46|true\n|c|\u2606goofy ahh uncle 46|but who runs those tbh?\n|\n|t:|1699989664\n|-end|p1a: Roaring Moon|Protosynthesis|[silent]\n|switch|p1a: Veluza|Veluza, F|68\/100|[from] U-turn\n|-damage|p1a: Veluza|55\/100|[from] Stealth Rock\n|-damage|p1a: Veluza|43\/100|[from] Spikes\n|-activate|p1a: Veluza|move: Sticky Web\n|-unboost|p1a: Veluza|spe|1\n|\n|upkeep\n|turn|25\n|inactive|Shadowkipz13 has 90 seconds left.\n|c|\u2606Shadowkipz13|Ursaluna bloodmoon, Maushold, Snorlax...you got a few options\n|inactive|Shadowkipz13 has 60 seconds left.\n|\n|t:|1699989710\n|move|p2a: Faye|Moonblast|p1a: Veluza\n|-damage|p1a: Veluza|0 fnt\n|faint|p1a: Veluza\n|\n|upkeep\n|\n|t:|1699989716\n|switch|p1a: Koraidon|Koraidon, tera:Fire|36\/100\n|-damage|p1a: Koraidon|11\/100|[from] Stealth Rock\n|-damage|p1a: Koraidon|0 fnt|[from] Spikes\n|-activate|p1a: Koraidon|move: Sticky Web\n|faint|p1a: Koraidon\n|\n|t:|1699989724\n|switch|p1a: Roaring Moon|Roaring Moon|49\/100 tox\n|-damage|p1a: Roaring Moon|37\/100 tox|[from] Stealth Rock\n|-damage|p1a: Roaring Moon|25\/100 tox|[from] Spikes\n|-activate|p1a: Roaring Moon|move: Sticky Web\n|-unboost|p1a: Roaring Moon|spe|1\n|turn|26\n|inactive|Shadowkipz13 has 60 seconds left.\n|c|\u2606Shadowkipz13|But the argument of...\"you rapid spin or defog because of ghouldengo \"\n|c|\u2606Shadowkipz13|LOOK UP \"TIDY UP\"\n|inactive|Shadowkipz13 has 30 seconds left.\n|\n|t:|1699989769\n|move|p2a: Faye|Moonblast|p1a: Roaring Moon\n|-supereffective|p1a: Roaring Moon\n|-damage|p1a: Roaring Moon|0 fnt\n|faint|p1a: Roaring Moon\n|-end|p1a: Roaring Moon|Protosynthesis|[silent]\n|\n|upkeep\n|c|\u2606goofy ahh uncle 46|true, ig u r right\n|c|\u2606goofy ahh uncle 46|i gotta go bro\n|c|\u2606goofy ahh uncle 46|youre big brain ngl\n|c|\u2606goofy ahh uncle 46|gg\n|inactive|goofy ahh uncle 46 has 60 seconds left.\n|c|\u2606Shadowkipz13|Understandable\n|c|\u2606Shadowkipz13|Gg\n|-message|goofy ahh uncle 46 forfeited.\n|\n|win|Shadowkipz13\n|raw|goofy ahh uncle 46's rating: 1227 &rarr; <strong>1212<\/strong><br \/>(-15 for losing)\n|raw|Shadowkipz13's rating: 1379 &rarr; <strong>1391<\/strong><br \/>(+12 for winning)\n|l|\u2606goofy ahh uncle 46\n|c|\u2606Shadowkipz13|Thank you\n","uploadtime":1699989844,"views":4,"p1id":"goofyahhuncle46","p2id":"shadowkipz13","formatid":"gen9anythinggoes","rating":1212,"private":0,"password":""}