{"id":"gen9anythinggoes-1993663245","p1":"Mouspi le goat","p2":"pokemoneateryumyum","format":"[Gen 9] Anything Goes","log":"|j|\u2606Mouspi le goat\n|j|\u2606pokemoneateryumyum\n|t:|1700342978\n|gametype|singles\n|player|p1|Mouspi le goat|red|1307\n|player|p2|pokemoneateryumyum|102|1290\n|teamsize|p1|6\n|teamsize|p2|6\n|gen|9\n|tier|[Gen 9] Anything Goes\n|rated|\n|rule|HP Percentage Mod: HP is shown in percentages\n|rule|Endless Battle Clause: Forcing endless battles is banned\n|clearpoke\n|poke|p1|Breloom, M|\n|poke|p1|Espathra, F|\n|poke|p1|Calyrex-Shadow|\n|poke|p1|Toxapex, F|\n|poke|p1|Ninetales-Alola, F|\n|poke|p1|Dugtrio, M|\n|poke|p2|Annihilape, F|\n|poke|p2|Regieleki|\n|poke|p2|Volcarona, F|\n|poke|p2|Miraidon|\n|poke|p2|Greninja-*, M|\n|poke|p2|Calyrex-Shadow|\n|teampreview\n|c|\u2606pokemoneateryumyum|Hello\n|c|\u2606Mouspi le goat|YOU !!!\n|c|\u2606pokemoneateryumyum|Ohhhh hi again LOL\n|\n|t:|1700343020\n|start\n|switch|p1a: Espathra|Espathra, F, shiny|100\/100\n|switch|p2a: Froggy|Greninja, M|100\/100\n|turn|1\n|c|\u2606pokemoneateryumyum|Ive changed my greninja a bit\n|\n|t:|1700343050\n|move|p1a: Espathra|Protect|p1a: Espathra\n|-singleturn|p1a: Espathra|Protect\n|move|p2a: Froggy|Swords Dance|p2a: Froggy\n|-boost|p2a: Froggy|atk|2\n|\n|-ability|p1a: Espathra|Speed Boost|boost\n|-boost|p1a: Espathra|spe|1\n|upkeep\n|turn|2\n|c|\u2606Mouspi le goat|what\n|\n|t:|1700343068\n|move|p1a: Espathra|Substitute|p1a: Espathra\n|-start|p1a: Espathra|Substitute\n|-damage|p1a: Espathra|76\/100\n|move|p2a: Froggy|Night Slash|p1a: Espathra\n|-supereffective|p1a: Espathra\n|-end|p1a: Espathra|Substitute\n|\n|-heal|p1a: Espathra|82\/100|[from] item: Leftovers\n|-ability|p1a: Espathra|Speed Boost|boost\n|-boost|p1a: Espathra|spe|1\n|upkeep\n|turn|3\n|c|\u2606pokemoneateryumyum|Dont hide\n|\n|t:|1700343083\n|move|p1a: Espathra|Substitute|p1a: Espathra\n|-start|p1a: Espathra|Substitute\n|-damage|p1a: Espathra|57\/100\n|move|p2a: Froggy|Night Slash|p1a: Espathra\n|-supereffective|p1a: Espathra\n|-crit|p1a: Espathra\n|-end|p1a: Espathra|Substitute\n|\n|-heal|p1a: Espathra|63\/100|[from] item: Leftovers\n|-ability|p1a: Espathra|Speed Boost|boost\n|-boost|p1a: Espathra|spe|1\n|upkeep\n|turn|4\n|c|\u2606pokemoneateryumyum|Hehe\n|\n|t:|1700343096\n|move|p1a: Espathra|Baton Pass|p1a: Espathra\n|\n|t:|1700343098\n|switch|p1a: Breloom|Breloom, M, shiny|100\/100|[from] Baton Pass\n|move|p2a: Froggy|Night Slash|p1a: Breloom\n|-resisted|p1a: Breloom\n|-damage|p1a: Breloom|55\/100\n|\n|upkeep\n|turn|5\n|c|\u2606pokemoneateryumyum|Let me kill you\n|\n|t:|1700343106\n|move|p1a: Breloom|Spore|p2a: Froggy\n|-status|p2a: Froggy|slp|[from] move: Spore\n|cant|p2a: Froggy|slp\n|\n|upkeep\n|turn|6\n|\n|t:|1700343113\n|move|p1a: Breloom|Swords Dance|p1a: Breloom\n|-boost|p1a: Breloom|atk|2\n|-curestatus|p2a: Froggy|slp|[msg]\n|move|p2a: Froggy|Night Slash|p1a: Breloom\n|-resisted|p1a: Breloom\n|-damage|p1a: Breloom|11\/100\n|\n|upkeep\n|turn|7\n|c|\u2606pokemoneateryumyum|Oh no\n|\n|t:|1700343122\n|move|p1a: Breloom|Mach Punch|p2a: Froggy\n|-supereffective|p2a: Froggy\n|-damage|p2a: Froggy|0 fnt\n|faint|p2a: Froggy\n|\n|upkeep\n|c|\u2606pokemoneateryumyum|AHHHHHH\n|\n|t:|1700343132\n|switch|p2a: FLASH|Regieleki, shiny|100\/100\n|turn|8\n|\n|t:|1700343136\n|-terastallize|p1a: Breloom|Ghost\n|move|p2a: FLASH|Extreme Speed|p1a: Breloom\n|-immune|p1a: Breloom\n|move|p1a: Breloom|Spore|p2a: FLASH\n|-status|p2a: FLASH|slp|[from] move: Spore\n|\n|upkeep\n|turn|9\n|\n|t:|1700343147\n|move|p1a: Breloom|Swords Dance|p1a: Breloom\n|-boost|p1a: Breloom|atk|2\n|cant|p2a: FLASH|slp\n|\n|upkeep\n|turn|10\n|\n|t:|1700343153\n|move|p1a: Breloom|Mach Punch|p2a: FLASH\n|-crit|p2a: FLASH\n|-damage|p2a: FLASH|0 fnt\n|faint|p2a: FLASH\n|\n|upkeep\n|\n|t:|1700343158\n|switch|p2a: BEGONE|Miraidon|100\/100\n|-fieldstart|move: Electric Terrain|[from] ability: Hadron Engine|[of] p2a: BEGONE\n|turn|11\n|\n|t:|1700343170\n|move|p1a: Breloom|Mach Punch|p2a: BEGONE\n|-damage|p2a: BEGONE|13\/100\n|move|p2a: BEGONE|Thunder|p1a: Breloom\n|-damage|p1a: Breloom|0 fnt\n|faint|p1a: Breloom\n|\n|upkeep\n|c|\u2606pokemoneateryumyum|Oh my\n|\n|t:|1700343176\n|switch|p1a: Dugtrio|Dugtrio, M, shiny|100\/100\n|turn|12\n|\n|t:|1700343183\n|move|p1a: Dugtrio|Sucker Punch|p2a: BEGONE\n|-damage|p2a: BEGONE|0 fnt\n|faint|p2a: BEGONE\n|\n|upkeep\n|c|\u2606pokemoneateryumyum|How fast is your dugtrio lol\n|\n|t:|1700343193\n|switch|p2a: BONK|Annihilape, F, shiny|100\/100\n|turn|13\n|c|\u2606Mouspi le goat|sucker punch\n|c|\u2606Mouspi le goat|priority +1\n|c|\u2606pokemoneateryumyum|Ahhhh\n|\n|t:|1700343222\n|move|p1a: Dugtrio|Hone Claws|p1a: Dugtrio\n|-boost|p1a: Dugtrio|atk|1\n|-boost|p1a: Dugtrio|accuracy|1\n|move|p2a: BONK|Bulk Up|p2a: BONK\n|-boost|p2a: BONK|atk|1\n|-boost|p2a: BONK|def|1\n|\n|upkeep\n|turn|14\n|\n|t:|1700343230\n|move|p1a: Dugtrio|Earthquake|p2a: BONK\n|-damage|p2a: BONK|49\/100\n|move|p2a: BONK|Phantom Force||[still]\n|-prepare|p2a: BONK|Phantom Force\n|\n|-heal|p2a: BONK|55\/100|[from] item: Leftovers\n|upkeep\n|turn|15\n|\n|t:|1700343237\n|move|p1a: Dugtrio|Hone Claws|p1a: Dugtrio\n|-boost|p1a: Dugtrio|atk|1\n|-boost|p1a: Dugtrio|accuracy|1\n|move|p2a: BONK|Phantom Force|p1a: Dugtrio|[from]lockedmove\n|-enditem|p1a: Dugtrio|Focus Sash\n|-damage|p1a: Dugtrio|1\/100\n|\n|-heal|p2a: BONK|61\/100|[from] item: Leftovers\n|-fieldend|move: Electric Terrain\n|upkeep\n|turn|16\n|\n|t:|1700343246\n|move|p1a: Dugtrio|Earthquake|p2a: BONK\n|-damage|p2a: BONK|0 fnt\n|faint|p2a: BONK\n|\n|upkeep\n|c|\u2606pokemoneateryumyum|Noooo\n|\n|t:|1700343252\n|switch|p2a: The Reaper|Calyrex-Shadow|100\/100\n|-ability|p2a: The Reaper|As One\n|-ability|p2a: The Reaper|Unnerve\n|turn|17\n|\n|t:|1700343259\n|move|p1a: Dugtrio|Sucker Punch||[still]\n|-fail|p1a: Dugtrio\n|move|p2a: The Reaper|Nasty Plot|p2a: The Reaper\n|-boost|p2a: The Reaper|spa|2\n|\n|upkeep\n|turn|18\n|\n|t:|1700343265\n|move|p1a: Dugtrio|Sucker Punch|p2a: The Reaper\n|-supereffective|p2a: The Reaper\n|-damage|p2a: The Reaper|0 fnt\n|faint|p2a: The Reaper\n|\n|upkeep\n|\n|t:|1700343270\n|switch|p2a: Ima melt ya|Volcarona, F, shiny|100\/100\n|turn|19\n|c|\u2606pokemoneateryumyum|Gg\n|\n|t:|1700343286\n|move|p1a: Dugtrio|Stone Edge|p2a: Ima melt ya\n|-supereffective|p2a: Ima melt ya\n|-damage|p2a: Ima melt ya|0 fnt\n|faint|p2a: Ima melt ya\n|\n|win|Mouspi le goat\n|raw|Mouspi le goat's rating: 1307 &rarr; <strong>1326<\/strong><br \/>(+19 for winning)\n|raw|pokemoneateryumyum's rating: 1290 &rarr; <strong>1266<\/strong><br \/>(-24 for losing)\n|c|\u2606pokemoneateryumyum|Zoomin dugtrio lol\n|c|\u2606Mouspi le goat|:)\n","uploadtime":1700343304,"views":3,"p1id":"mouspilegoat","p2id":"pokemoneateryumyum","formatid":"gen9anythinggoes","rating":1266,"private":0,"password":""}