{"id":"gen9anythinggoes-1982058096","p1":"Skittles_2290","p2":"realdarren","format":"[Gen 9] Anything Goes","log":"|j|\u2606Skittles_2290\n|j|\u2606realdarren\n|t:|1698963679\n|gametype|singles\n|player|p1|Skittles_2290|cynthia|1017\n|player|p2|realdarren|rancher|1065\n|teamsize|p1|6\n|teamsize|p2|6\n|gen|9\n|tier|[Gen 9] Anything Goes\n|rated|\n|rule|HP Percentage Mod: HP is shown in percentages\n|rule|Endless Battle Clause: Forcing endless battles is banned\n|clearpoke\n|poke|p1|Blissey, F|\n|poke|p1|Blissey, F|\n|poke|p1|Blissey, F|\n|poke|p1|Blissey, F|\n|poke|p1|Blissey, F|\n|poke|p1|Annihilape, M|\n|poke|p2|Spectrier|\n|poke|p2|Glimmora, F|\n|poke|p2|Thundurus, M|\n|poke|p2|Rayquaza|\n|poke|p2|Zacian-*|\n|poke|p2|Gengar, F|\n|teampreview\n|inactive|Battle timer is ON: inactive players will automatically lose when time's up. (requested by realdarren)\n|c|\u2606Skittles_2290|goooo\n|c|\u2606Skittles_2290|go\n|c|\u2606Skittles_2290|go\n|c|\u2606Skittles_2290|go\n|c|\u2606Skittles_2290|go\n|c|\u2606Skittles_2290|go\n|c|\u2606realdarren|stfu gay monkey\n|inactive|realdarren has 120 seconds left.\n|\n|t:|1698963711\n|start\n|switch|p1a: Annihilape|Annihilape, M|100\/100\n|switch|p2a: furry|Zacian-Crowned|100\/100\n|-ability|p2a: furry|Intrepid Sword|boost\n|-boost|p2a: furry|atk|1\n|turn|1\n|\n|t:|1698963735\n|move|p1a: Annihilape|Final Gambit|p2a: furry\n|-damage|p2a: furry|0 fnt\n|faint|p1a: Annihilape\n|faint|p2a: furry\n|\n|upkeep\n|\n|t:|1698963748\n|switch|p2a: Darrens horse|Spectrier|100\/100\n|switch|p1a: Blissey|Blissey, F|100\/100\n|turn|2\n|\n|t:|1698963768\n|move|p2a: Darrens horse|Nasty Plot|p2a: Darrens horse\n|-boost|p2a: Darrens horse|spa|2\n|move|p1a: Blissey|Dazzling Gleam|p2a: Darrens horse\n|-damage|p2a: Darrens horse|83\/100\n|\n|upkeep\n|turn|3\n|\n|t:|1698963777\n|move|p2a: Darrens horse|Disable|p1a: Blissey\n|-start|p1a: Blissey|Disable|Dazzling Gleam\n|cant|p1a: Blissey|Disable|Dazzling Gleam\n|\n|upkeep\n|turn|4\n|\n|t:|1698963785\n|move|p2a: Darrens horse|Shadow Ball|p1a: Blissey\n|-immune|p1a: Blissey\n|move|p1a: Blissey|Copycat|p1a: Blissey\n|move|p1a: Blissey|Shadow Ball|p2a: Darrens horse|[from]move: Copycat\n|-supereffective|p2a: Darrens horse\n|-damage|p2a: Darrens horse|49\/100\n|\n|upkeep\n|turn|5\n|\n|t:|1698963794\n|switch|p2a: Thundurus|Thundurus, M|100\/100\n|move|p1a: Blissey|Copycat|p1a: Blissey\n|move|p1a: Blissey|Shadow Ball|p2a: Thundurus|[from]move: Copycat\n|-damage|p2a: Thundurus|78\/100\n|\n|upkeep\n|turn|6\n|\n|t:|1698963801\n|move|p2a: Thundurus|Nasty Plot|p2a: Thundurus\n|-boost|p2a: Thundurus|spa|2\n|move|p1a: Blissey|Body Slam|p2a: Thundurus\n|-damage|p2a: Thundurus|69\/100\n|\n|-end|p1a: Blissey|Disable\n|upkeep\n|turn|7\n|\n|t:|1698963809\n|move|p2a: Thundurus|Discharge|p1a: Blissey\n|-damage|p1a: Blissey|75\/100\n|-status|p1a: Blissey|par\n|move|p1a: Blissey|Copycat|p1a: Blissey\n|move|p1a: Blissey|Discharge|p2a: Thundurus|[from]move: Copycat\n|-damage|p2a: Thundurus|48\/100\n|\n|upkeep\n|turn|8\n|\n|t:|1698963820\n|move|p2a: Thundurus|Flash Cannon|p1a: Blissey\n|-damage|p1a: Blissey|59\/100 par\n|-unboost|p1a: Blissey|spd|1\n|move|p1a: Blissey|Copycat|p1a: Blissey\n|move|p1a: Blissey|Flash Cannon|p2a: Thundurus|[from]move: Copycat\n|-resisted|p2a: Thundurus\n|-damage|p2a: Thundurus|37\/100\n|\n|upkeep\n|turn|9\n|\n|t:|1698963829\n|move|p2a: Thundurus|Crunch|p1a: Blissey\n|-damage|p1a: Blissey|41\/100 par\n|move|p1a: Blissey|Copycat|p1a: Blissey\n|move|p1a: Blissey|Crunch|p2a: Thundurus|[from]move: Copycat\n|-damage|p2a: Thundurus|32\/100\n|\n|upkeep\n|turn|10\n|\n|t:|1698963836\n|switch|p2a: darrens dragon|Rayquaza|100\/100\n|-ability|p2a: darrens dragon|Air Lock\n|move|p1a: Blissey|Dazzling Gleam|p2a: darrens dragon\n|-supereffective|p2a: darrens dragon\n|-damage|p2a: darrens dragon|71\/100\n|\n|upkeep\n|turn|11\n|\n|t:|1698963845\n|move|p2a: darrens dragon|Outrage|p1a: Blissey\n|-damage|p1a: Blissey|0 fnt\n|faint|p1a: Blissey\n|\n|upkeep\n|\n|t:|1698963856\n|switch|p1a: Blissey|Blissey, F|100\/100\n|turn|12\n|\n|t:|1698963861\n|move|p2a: darrens dragon|Outrage|p1a: Blissey|[from]lockedmove\n|-crit|p1a: Blissey\n|-damage|p1a: Blissey|21\/100\n|-enditem|p1a: Blissey|Aguav Berry|[eat]\n|-heal|p1a: Blissey|55\/100|[from] item: Aguav Berry\n|move|p1a: Blissey|Dazzling Gleam|p2a: darrens dragon\n|-supereffective|p2a: darrens dragon\n|-damage|p2a: darrens dragon|42\/100\n|\n|upkeep\n|turn|13\n|\n|t:|1698963869\n|move|p1a: Blissey|Protect|p1a: Blissey\n|-singleturn|p1a: Blissey|Protect\n|move|p2a: darrens dragon|Outrage|p1a: Blissey|[from]lockedmove\n|-activate|p1a: Blissey|move: Protect\n|-start|p2a: darrens dragon|confusion|[fatigue]\n|\n|upkeep\n|turn|14\n|\n|t:|1698963883\n|switch|p2a: purple ball|Gengar, F|100\/100\n|move|p1a: Blissey|Copycat|p1a: Blissey\n|move|p1a: Blissey|Outrage|p2a: purple ball|[from]move: Copycat\n|-damage|p2a: purple ball|91\/100\n|\n|upkeep\n|turn|15\n|\n|t:|1698963891\n|move|p2a: purple ball|Poison Jab|p1a: Blissey\n|-damage|p1a: Blissey|39\/100\n|move|p1a: Blissey|Outrage|p2a: purple ball|[from]lockedmove\n|-damage|p2a: purple ball|81\/100\n|-start|p1a: Blissey|Disable|Outrage|[from] ability: Cursed Body|[of] p2a: purple ball\n|\n|upkeep\n|turn|16\n|c|\u2606Skittles_2290|hi darren\n|\n|t:|1698963907\n|move|p2a: purple ball|Poison Jab|p1a: Blissey\n|-damage|p1a: Blissey|21\/100\n|cant|p1a: Blissey|Disable|Outrage\n|\n|-start|p1a: Blissey|confusion|[fatigue]\n|upkeep\n|turn|17\n|\n|t:|1698963915\n|-activate|p1a: Blissey|confusion\n|move|p1a: Blissey|Protect|p1a: Blissey\n|-singleturn|p1a: Blissey|Protect\n|move|p2a: purple ball|Psychic|p1a: Blissey\n|-activate|p1a: Blissey|move: Protect\n|\n|upkeep\n|turn|18\n|\n|t:|1698963923\n|move|p2a: purple ball|Psychic|p1a: Blissey\n|-damage|p1a: Blissey|12\/100\n|-activate|p1a: Blissey|confusion\n|move|p1a: Blissey|Dazzling Gleam|p2a: purple ball\n|-resisted|p2a: purple ball\n|-damage|p2a: purple ball|72\/100\n|\n|-end|p1a: Blissey|Disable\n|upkeep\n|turn|19\n|\n|t:|1698963932\n|move|p2a: purple ball|Poison Jab|p1a: Blissey\n|-damage|p1a: Blissey|0 fnt\n|faint|p1a: Blissey\n|\n|upkeep\n|\n|t:|1698963936\n|switch|p1a: Blissey|Blissey, F|100\/100\n|turn|20\n|\n|t:|1698963942\n|switch|p2a: Suicide Bomber|Glimmora, F|100\/100\n|move|p1a: Blissey|Copycat|p1a: Blissey\n|move|p1a: Blissey|Poison Jab|p2a: Suicide Bomber|[from]move: Copycat\n|-resisted|p2a: Suicide Bomber\n|-damage|p2a: Suicide Bomber|99\/100\n|-activate|p2a: Suicide Bomber|ability: Toxic Debris\n|-sidestart|p1: Skittles_2290|move: Toxic Spikes\n|\n|upkeep\n|turn|21\n|\n|t:|1698963951\n|move|p2a: Suicide Bomber|Spikes|p1a: Blissey\n|-sidestart|p1: Skittles_2290|Spikes\n|move|p1a: Blissey|Dazzling Gleam|p2a: Suicide Bomber\n|-resisted|p2a: Suicide Bomber\n|-damage|p2a: Suicide Bomber|92\/100\n|\n|upkeep\n|turn|22\n|\n|t:|1698963957\n|move|p2a: Suicide Bomber|Toxic Spikes|p1a: Blissey\n|-sidestart|p1: Skittles_2290|move: Toxic Spikes\n|move|p1a: Blissey|Body Slam|p2a: Suicide Bomber\n|-resisted|p2a: Suicide Bomber\n|-damage|p2a: Suicide Bomber|89\/100\n|-status|p2a: Suicide Bomber|par\n|\n|upkeep\n|turn|23\n|-message|Skittles_2290 forfeited.\n|\n|win|realdarren\n|raw|Skittles_2290's rating: 1017 &rarr; <strong>1006<\/strong><br \/>(-11 for losing)\n|raw|realdarren's rating: 1065 &rarr; <strong>1091<\/strong><br \/>(+26 for winning)\n|l|\u2606Skittles_2290\n","uploadtime":1698963707,"views":4,"p1id":"skittles2290","p2id":"realdarren","formatid":"gen9anythinggoes","rating":1006,"private":0,"password":""}