{"id":"gen9anythinggoes-1988127940","p1":"Lovit","p2":"qsxfy1234","format":"[Gen 9] Anything Goes","log":"|j|\u2606Lovit\n|j|\u2606qsxfy1234\n|t:|1699673025\n|gametype|singles\n|player|p1|Lovit|266|1000\n|player|p2|qsxfy1234|101|1102\n|teamsize|p1|6\n|teamsize|p2|6\n|gen|9\n|tier|[Gen 9] Anything Goes\n|rated|\n|rule|HP Percentage Mod: HP is shown in percentages\n|rule|Endless Battle Clause: Forcing endless battles is banned\n|clearpoke\n|poke|p1|Kyogre|\n|poke|p1|Espathra, F|\n|poke|p1|Corviknight, M|\n|poke|p1|Maushold-Four|\n|poke|p1|Glimmora, F|\n|poke|p1|Greninja-*, M|\n|poke|p2|Ninetales-Alola, M|\n|poke|p2|Eiscue, F|\n|poke|p2|Calyrex-Ice|\n|poke|p2|Mamoswine, F|\n|poke|p2|Rotom-Frost|\n|poke|p2|Cetitan, M|\n|teampreview\n|\n|t:|1699673037\n|start\n|switch|p1a: Espathra|Espathra, F, shiny|100\/100\n|switch|p2a: Ninetales|Ninetales-Alola, M|100\/100\n|-weather|Snow|[from] ability: Snow Warning|[of] p2a: Ninetales\n|turn|1\n|\n|t:|1699673052\n|move|p2a: Ninetales|Dark Pulse|p1a: Espathra\n|-supereffective|p1a: Espathra\n|-damage|p1a: Espathra|64\/100\n|move|p1a: Espathra|Substitute|p1a: Espathra\n|-start|p1a: Espathra|Substitute\n|-damage|p1a: Espathra|39\/100\n|\n|-weather|Snow|[upkeep]\n|-ability|p1a: Espathra|Speed Boost|boost\n|-boost|p1a: Espathra|spe|1\n|upkeep\n|turn|2\n|\n|t:|1699673063\n|switch|p2a: Cetitan|Cetitan, M|100\/100\n|move|p1a: Espathra|Calm Mind|p1a: Espathra\n|-boost|p1a: Espathra|spa|1\n|-boost|p1a: Espathra|spd|1\n|\n|-weather|Snow|[upkeep]\n|-ability|p1a: Espathra|Speed Boost|boost\n|-boost|p1a: Espathra|spe|1\n|upkeep\n|turn|3\n|\n|t:|1699673081\n|move|p1a: Espathra|Protect|p1a: Espathra\n|-singleturn|p1a: Espathra|Protect\n|move|p2a: Cetitan|Icicle Spear|p1a: Espathra\n|-activate|p1a: Espathra|move: Protect\n|\n|-weather|Snow|[upkeep]\n|-ability|p1a: Espathra|Speed Boost|boost\n|-boost|p1a: Espathra|spe|1\n|upkeep\n|turn|4\n|\n|t:|1699673095\n|move|p1a: Espathra|Baton Pass|p1a: Espathra\n|\n|t:|1699673099\n|switch|p1a: Kyogre|Kyogre|100\/100|[from] Baton Pass\n|-weather|RainDance|[from] ability: Drizzle|[of] p1a: Kyogre\n|move|p2a: Cetitan|Icicle Spear|p1a: Kyogre\n|-resisted|p1a: Kyogre\n|-activate|p1a: Kyogre|move: Substitute|[damage]\n|-resisted|p1a: Kyogre\n|-activate|p1a: Kyogre|move: Substitute|[damage]\n|-resisted|p1a: Kyogre\n|-activate|p1a: Kyogre|move: Substitute|[damage]\n|-resisted|p1a: Kyogre\n|-activate|p1a: Kyogre|move: Substitute|[damage]\n|-hitcount|p1a: Kyogre|4\n|\n|-weather|RainDance|[upkeep]\n|upkeep\n|turn|5\n|\n|t:|1699673119\n|-terastallize|p1a: Kyogre|Water\n|move|p1a: Kyogre|Water Spout|p2a: Cetitan\n|-damage|p2a: Cetitan|0 fnt\n|faint|p2a: Cetitan\n|\n|-weather|RainDance|[upkeep]\n|upkeep\n|\n|t:|1699673129\n|switch|p2a: Ninetales|Ninetales-Alola, M|100\/100\n|-weather|Snow|[from] ability: Snow Warning|[of] p2a: Ninetales\n|turn|6\n|\n|t:|1699673141\n|switch|p2a: Calyrex|Calyrex-Ice|100\/100\n|-ability|p2a: Calyrex|As One\n|-ability|p2a: Calyrex|Unnerve\n|move|p1a: Kyogre|Water Spout|p2a: Calyrex\n|-damage|p2a: Calyrex|0 fnt\n|faint|p2a: Calyrex\n|\n|-weather|Snow|[upkeep]\n|upkeep\n|\n|t:|1699673156\n|switch|p2a: Rotom|Rotom-Frost|100\/100\n|turn|7\n|\n|t:|1699673165\n|move|p1a: Kyogre|Water Spout|p2a: Rotom\n|-enditem|p2a: Rotom|Focus Sash\n|-damage|p2a: Rotom|1\/100\n|move|p2a: Rotom|Thunder|p1a: Kyogre|[miss]\n|-miss|p2a: Rotom|p1a: Kyogre\n|\n|-weather|Snow|[upkeep]\n|upkeep\n|turn|8\n|-message|qsxfy1234 forfeited.\n|\n|win|Lovit\n|raw|Lovit's rating: 1000 &rarr; <strong>1051<\/strong><br \/>(+51 for winning)\n|raw|qsxfy1234's rating: 1102 &rarr; <strong>1070<\/strong><br \/>(-32 for losing)\n|l|\u2606qsxfy1234\n","uploadtime":1699673186,"views":4,"p1id":"lovit","p2id":"qsxfy1234","formatid":"gen9anythinggoes","rating":1051,"private":0,"password":""}