{"id":"gen9anythinggoes-1992008397","p1":"redpikmin5","p2":"tris3123e","format":"[Gen 9] Anything Goes","log":"|j|\u2606redpikmin5\n|j|\u2606tris3123e\n|t:|1700147297\n|gametype|singles\n|player|p1|redpikmin5|170|\n|player|p2|tris3123e|170|\n|teamsize|p1|6\n|teamsize|p2|6\n|gen|9\n|tier|[Gen 9] Anything Goes\n|rule|HP Percentage Mod: HP is shown in percentages\n|rule|Endless Battle Clause: Forcing endless battles is banned\n|clearpoke\n|poke|p1|Regieleki|\n|poke|p1|Iron Moth|\n|poke|p1|Dipplin, M|\n|poke|p1|Magearna-Original|\n|poke|p1|Ursaluna-Bloodmoon, M|\n|poke|p1|Houndstone, F|\n|poke|p2|Ninetales, M|\n|poke|p2|Cinderace, F|\n|poke|p2|Blissey, F|\n|poke|p2|Samurott-Hisui, M|\n|poke|p2|Forretress, F|\n|poke|p2|Kleavor, M|\n|teampreview\n|inactive|Battle timer is ON: inactive players will automatically lose when time's up. (requested by tris3123e)\n|\n|t:|1700147304\n|start\n|switch|p1a: Little Zoom Orb|Regieleki|100\/100\n|switch|p2a: Forretress|Forretress, F, shiny|100\/100\n|turn|1\n|\n|t:|1700147315\n|move|p1a: Little Zoom Orb|Rapid Spin|p2a: Forretress\n|-resisted|p2a: Forretress\n|-damage|p2a: Forretress|96\/100\n|-boost|p1a: Little Zoom Orb|spe|1\n|move|p2a: Forretress|Iron Defense|p2a: Forretress\n|-boost|p2a: Forretress|def|2\n|\n|upkeep\n|turn|2\n|\n|t:|1700147327\n|move|p1a: Little Zoom Orb|Rapid Spin|p2a: Forretress\n|-resisted|p2a: Forretress\n|-damage|p2a: Forretress|93\/100\n|-boost|p1a: Little Zoom Orb|spe|1\n|move|p2a: Forretress|Spikes|p1a: Little Zoom Orb\n|-sidestart|p1: redpikmin5|Spikes\n|\n|upkeep\n|turn|3\n|\n|t:|1700147333\n|move|p1a: Little Zoom Orb|Rapid Spin|p2a: Forretress\n|-resisted|p2a: Forretress\n|-damage|p2a: Forretress|91\/100\n|-boost|p1a: Little Zoom Orb|spe|1\n|-sideend|p1: redpikmin5|Spikes|[from] move: Rapid Spin|[of] p1a: Little Zoom Orb\n|move|p2a: Forretress|Spikes|p1a: Little Zoom Orb\n|-sidestart|p1: redpikmin5|Spikes\n|\n|upkeep\n|turn|4\n|-activate|p2a: Forretress|item: Quick Claw\n|\n|t:|1700147341\n|move|p2a: Forretress|Spikes|p1a: Little Zoom Orb\n|-sidestart|p1: redpikmin5|Spikes\n|move|p1a: Little Zoom Orb|Rapid Spin|p2a: Forretress\n|-resisted|p2a: Forretress\n|-damage|p2a: Forretress|89\/100\n|-boost|p1a: Little Zoom Orb|spe|1\n|-sideend|p1: redpikmin5|Spikes|[from] move: Rapid Spin|[of] p1a: Little Zoom Orb\n|\n|upkeep\n|turn|5\n|\n|t:|1700147349\n|move|p1a: Little Zoom Orb|Rapid Spin|p2a: Forretress\n|-resisted|p2a: Forretress\n|-crit|p2a: Forretress\n|-damage|p2a: Forretress|81\/100\n|-boost|p1a: Little Zoom Orb|spe|1\n|move|p2a: Forretress|Toxic Spikes|p1a: Little Zoom Orb\n|-sidestart|p1: redpikmin5|move: Toxic Spikes\n|\n|upkeep\n|turn|6\n|\n|t:|1700147356\n|switch|p2a: Cinderace|Cinderace, F|100\/100\n|move|p1a: Little Zoom Orb|Rapid Spin|p2a: Cinderace\n|-damage|p2a: Cinderace|84\/100\n|-boost|p1a: Little Zoom Orb|spe|1\n|-sideend|p1: redpikmin5|Toxic Spikes|[from] move: Rapid Spin|[of] p1a: Little Zoom Orb\n|\n|upkeep\n|turn|7\n|\n|t:|1700147364\n|move|p1a: Little Zoom Orb|Electro Ball|p2a: Cinderace\n|-damage|p2a: Cinderace|0 fnt\n|faint|p2a: Cinderace\n|\n|upkeep\n|\n|t:|1700147367\n|switch|p2a: Samurott|Samurott-Hisui, M, shiny|100\/100\n|turn|8\n|\n|t:|1700147370\n|move|p1a: Little Zoom Orb|Electro Ball|p2a: Samurott\n|-supereffective|p2a: Samurott\n|-damage|p2a: Samurott|0 fnt\n|faint|p2a: Samurott\n|\n|upkeep\n|\n|t:|1700147373\n|switch|p2a: Kleavor|Kleavor, M|100\/100\n|turn|9\n|\n|t:|1700147376\n|move|p1a: Little Zoom Orb|Electro Ball|p2a: Kleavor\n|-damage|p2a: Kleavor|5\/100\n|move|p2a: Kleavor|Stone Axe|p1a: Little Zoom Orb\n|-damage|p1a: Little Zoom Orb|20\/100\n|-sidestart|p1: redpikmin5|move: Stealth Rock\n|\n|-heal|p1a: Little Zoom Orb|27\/100|[from] item: Leftovers\n|upkeep\n|turn|10\n|\n|t:|1700147383\n|move|p1a: Little Zoom Orb|Electro Ball|p2a: Kleavor\n|-damage|p2a: Kleavor|0 fnt\n|faint|p2a: Kleavor\n|\n|-heal|p1a: Little Zoom Orb|33\/100|[from] item: Leftovers\n|upkeep\n|\n|t:|1700147387\n|switch|p2a: Ninetales|Ninetales, M, shiny|100\/100\n|-weather|SunnyDay|[from] ability: Drought|[of] p2a: Ninetales\n|turn|11\n|\n|t:|1700147391\n|move|p1a: Little Zoom Orb|Electro Ball|p2a: Ninetales\n|-damage|p2a: Ninetales|25\/100\n|move|p2a: Ninetales|Inferno|p1a: Little Zoom Orb|[miss]\n|-miss|p2a: Ninetales|p1a: Little Zoom Orb\n|\n|-weather|SunnyDay|[upkeep]\n|-heal|p1a: Little Zoom Orb|39\/100|[from] item: Leftovers\n|upkeep\n|turn|12\n|\n|t:|1700147398\n|move|p1a: Little Zoom Orb|Electro Ball|p2a: Ninetales\n|-damage|p2a: Ninetales|0 fnt\n|faint|p2a: Ninetales\n|\n|-weather|SunnyDay|[upkeep]\n|-heal|p1a: Little Zoom Orb|45\/100|[from] item: Leftovers\n|upkeep\n|\n|t:|1700147401\n|switch|p2a: Blissey|Blissey, F|100\/100\n|turn|13\n|\n|t:|1700147405\n|move|p1a: Little Zoom Orb|Electro Ball|p2a: Blissey\n|-damage|p2a: Blissey|80\/100\n|move|p2a: Blissey|Dazzling Gleam|p1a: Little Zoom Orb\n|-damage|p1a: Little Zoom Orb|20\/100\n|\n|-weather|SunnyDay|[upkeep]\n|-heal|p1a: Little Zoom Orb|26\/100|[from] item: Leftovers\n|upkeep\n|turn|14\n|\n|t:|1700147412\n|move|p1a: Little Zoom Orb|Electro Ball|p2a: Blissey\n|-damage|p2a: Blissey|57\/100\n|move|p2a: Blissey|Dazzling Gleam|p1a: Little Zoom Orb\n|-damage|p1a: Little Zoom Orb|4\/100\n|\n|-weather|SunnyDay|[upkeep]\n|-heal|p1a: Little Zoom Orb|10\/100|[from] item: Leftovers\n|upkeep\n|turn|15\n|\n|t:|1700147419\n|move|p1a: Little Zoom Orb|Electro Ball|p2a: Blissey\n|-damage|p2a: Blissey|34\/100\n|move|p2a: Blissey|Dazzling Gleam|p1a: Little Zoom Orb\n|-damage|p1a: Little Zoom Orb|0 fnt\n|faint|p1a: Little Zoom Orb\n|\n|-weather|SunnyDay|[upkeep]\n|upkeep\n|\n|t:|1700147427\n|switch|p1a: Buck Bumble|Iron Moth|100\/100\n|-damage|p1a: Buck Bumble|76\/100|[from] Stealth Rock\n|-enditem|p1a: Buck Bumble|Booster Energy\n|-activate|p1a: Buck Bumble|ability: Quark Drive|[fromitem]\n|-start|p1a: Buck Bumble|quarkdrivespa\n|turn|16\n|\n|t:|1700147436\n|switch|p2a: Forretress|Forretress, F, shiny|81\/100\n|move|p1a: Buck Bumble|Flare Blitz|p2a: Forretress\n|-supereffective|p2a: Forretress\n|-damage|p2a: Forretress|0 fnt\n|faint|p2a: Forretress\n|-damage|p1a: Buck Bumble|52\/100|[from] Recoil\n|\n|-weather|SunnyDay|[upkeep]\n|upkeep\n|\n|t:|1700147438\n|switch|p2a: Blissey|Blissey, F|34\/100\n|turn|17\n|\n|t:|1700147446\n|move|p1a: Buck Bumble|Flare Blitz|p2a: Blissey\n|-damage|p2a: Blissey|0 fnt\n|faint|p2a: Blissey\n|-damage|p1a: Buck Bumble|27\/100|[from] Recoil\n|\n|win|redpikmin5\n|l|\u2606tris3123e\n","uploadtime":1700147458,"views":7,"p1id":"redpikmin5","p2id":"tris3123e","formatid":"gen9anythinggoes","rating":0,"private":0,"password":""}