{"id":"gen9anythinggoes-1977745620","p1":"Torzzi","p2":"Nasty N","format":"[Gen 9] Anything Goes","log":"|j|\u2606Torzzi\n|j|\u2606Nasty N\n|t:|1698444705\n|gametype|singles\n|player|p1|Torzzi|unknown|1264\n|player|p2|Nasty N|n|1346\n|teamsize|p1|6\n|teamsize|p2|6\n|gen|9\n|tier|[Gen 9] Anything Goes\n|rated|\n|rule|HP Percentage Mod: HP is shown in percentages\n|rule|Endless Battle Clause: Forcing endless battles is banned\n|clearpoke\n|poke|p1|Walking Wake|\n|poke|p1|Torkoal, F|\n|poke|p1|Lilligant-Hisui, F|\n|poke|p1|Slither Wing|\n|poke|p1|Ribombee, M|\n|poke|p1|Dragonite, F|\n|poke|p2|Calyrex-Shadow|\n|poke|p2|Arceus|\n|poke|p2|Darkrai|\n|poke|p2|Miraidon|\n|poke|p2|Kyogre|\n|poke|p2|Baxcalibur, M|\n|teampreview\n|inactive|Battle timer is ON: inactive players will automatically lose when time's up. (requested by Nasty N)\n|\n|t:|1698444711\n|start\n|switch|p1a: Ribombee|Ribombee, M, shiny|100\/100\n|switch|p2a: Miraidon|Miraidon|100\/100\n|-fieldstart|move: Electric Terrain|[from] ability: Hadron Engine|[of] p2a: Miraidon\n|turn|1\n|\n|t:|1698444717\n|move|p2a: Miraidon|Taunt|p1a: Ribombee\n|-start|p1a: Ribombee|move: Taunt\n|cant|p1a: Ribombee|move: Taunt|Sticky Web\n|\n|upkeep\n|turn|2\n|\n|t:|1698444723\n|move|p2a: Miraidon|Electro Drift|p1a: Ribombee\n|-enditem|p1a: Ribombee|Focus Sash\n|-damage|p1a: Ribombee|1\/100\n|move|p1a: Ribombee|Moonblast|p2a: Miraidon\n|-supereffective|p2a: Miraidon\n|-damage|p2a: Miraidon|24\/100\n|\n|upkeep\n|turn|3\n|\n|t:|1698444734\n|switch|p1a: Slither Wing|Slither Wing, shiny|100\/100\n|move|p2a: Miraidon|U-turn|p1a: Slither Wing\n|-resisted|p1a: Slither Wing\n|-damage|p1a: Slither Wing|91\/100\n|\n|t:|1698444740\n|switch|p2a: Darkrai|Darkrai|100\/100|[from] U-turn\n|\n|upkeep\n|turn|4\n|\n|t:|1698444748\n|move|p1a: Slither Wing|First Impression|p2a: Darkrai\n|-supereffective|p2a: Darkrai\n|-damage|p2a: Darkrai|0 fnt\n|faint|p2a: Darkrai\n|\n|upkeep\n|\n|t:|1698444753\n|switch|p2a: Baxcalibur|Baxcalibur, M|100\/100\n|turn|5\n|\n|t:|1698444761\n|move|p2a: Baxcalibur|Swords Dance|p2a: Baxcalibur\n|-boost|p2a: Baxcalibur|atk|2\n|move|p1a: Slither Wing|Close Combat|p2a: Baxcalibur\n|-supereffective|p2a: Baxcalibur\n|-damage|p2a: Baxcalibur|0 fnt\n|-unboost|p1a: Slither Wing|def|1\n|-unboost|p1a: Slither Wing|spd|1\n|faint|p2a: Baxcalibur\n|\n|-fieldend|move: Electric Terrain\n|upkeep\n|\n|t:|1698444773\n|switch|p2a: Calyrex|Calyrex-Shadow|100\/100\n|-ability|p2a: Calyrex|As One\n|-ability|p2a: Calyrex|Unnerve\n|turn|6\n|\n|t:|1698444780\n|-end|p1a: Slither Wing|Protosynthesis|[silent]\n|switch|p1a: Torkoal|Torkoal, F, shiny|100\/100\n|-weather|SunnyDay|[from] ability: Drought|[of] p1a: Torkoal\n|move|p2a: Calyrex|Astral Barrage|p1a: Torkoal\n|-damage|p1a: Torkoal|14\/100\n|\n|-weather|SunnyDay|[upkeep]\n|upkeep\n|turn|7\n|\n|t:|1698444792\n|move|p2a: Calyrex|Substitute|p2a: Calyrex\n|-start|p2a: Calyrex|Substitute\n|-damage|p2a: Calyrex|76\/100\n|move|p1a: Torkoal|Earth Power|p2a: Calyrex\n|-activate|p2a: Calyrex|move: Substitute|[damage]\n|\n|-weather|SunnyDay|[upkeep]\n|upkeep\n|turn|8\n|\n|t:|1698444800\n|move|p2a: Calyrex|Astral Barrage|p1a: Torkoal\n|-damage|p1a: Torkoal|0 fnt\n|faint|p1a: Torkoal\n|-ability|p2a: Calyrex|Grim Neigh|boost\n|-boost|p2a: Calyrex|spa|1\n|\n|-weather|SunnyDay|[upkeep]\n|upkeep\n|\n|t:|1698444823\n|switch|p1a: Slither Wing|Slither Wing, shiny|91\/100\n|-activate|p1a: Slither Wing|ability: Protosynthesis\n|-start|p1a: Slither Wing|protosynthesisatk\n|turn|9\n|\n|t:|1698444828\n|move|p1a: Slither Wing|First Impression|p2a: Calyrex\n|-end|p2a: Calyrex|Substitute\n|move|p2a: Calyrex|Draining Kiss|p1a: Slither Wing\n|-supereffective|p1a: Slither Wing\n|-damage|p1a: Slither Wing|46\/100\n|-heal|p2a: Calyrex|100\/100|[from] drain|[of] p1a: Slither Wing\n|\n|-weather|SunnyDay|[upkeep]\n|upkeep\n|turn|10\n|\n|t:|1698444839\n|move|p2a: Calyrex|Draining Kiss|p1a: Slither Wing\n|-supereffective|p1a: Slither Wing\n|-damage|p1a: Slither Wing|1\/100\n|move|p1a: Slither Wing|Leech Life|p2a: Calyrex\n|-damage|p2a: Calyrex|24\/100\n|-heal|p1a: Slither Wing|43\/100|[from] drain|[of] p2a: Calyrex\n|\n|-weather|SunnyDay|[upkeep]\n|upkeep\n|turn|11\n|\n|t:|1698444863\n|-end|p1a: Slither Wing|Protosynthesis|[silent]\n|switch|p1a: Dragonite|Dragonite, F, shiny|100\/100\n|move|p2a: Calyrex|Astral Barrage|p1a: Dragonite\n|-damage|p1a: Dragonite|43\/100\n|\n|-weather|SunnyDay|[upkeep]\n|upkeep\n|turn|12\n|\n|t:|1698444876\n|-terastallize|p1a: Dragonite|Steel\n|move|p2a: Calyrex|Draining Kiss|p1a: Dragonite\n|-resisted|p1a: Dragonite\n|-damage|p1a: Dragonite|26\/100\n|-heal|p2a: Calyrex|36\/100|[from] drain|[of] p1a: Dragonite\n|move|p1a: Dragonite|Dragon Claw|p2a: Calyrex\n|-damage|p2a: Calyrex|0 fnt\n|faint|p2a: Calyrex\n|\n|-weather|SunnyDay|[upkeep]\n|upkeep\n|\n|t:|1698444881\n|switch|p2a: Miraidon|Miraidon|24\/100\n|-fieldstart|move: Electric Terrain|[from] ability: Hadron Engine|[of] p2a: Miraidon\n|turn|13\n|\n|t:|1698444888\n|move|p1a: Dragonite|Extreme Speed|p2a: Miraidon\n|-damage|p2a: Miraidon|0 fnt\n|faint|p2a: Miraidon\n|\n|-weather|none\n|upkeep\n|\n|t:|1698444892\n|switch|p2a: Kyogre|Kyogre|100\/100\n|-weather|RainDance|[from] ability: Drizzle|[of] p2a: Kyogre\n|turn|14\n|\n|t:|1698444906\n|move|p1a: Dragonite|Extreme Speed|p2a: Kyogre\n|-damage|p2a: Kyogre|64\/100\n|move|p2a: Kyogre|Thunder|p1a: Dragonite\n|-damage|p1a: Dragonite|0 fnt\n|faint|p1a: Dragonite\n|\n|-weather|RainDance|[upkeep]\n|upkeep\n|\n|t:|1698444916\n|switch|p1a: Ribombee|Ribombee, M, shiny|1\/100\n|turn|15\n|\n|t:|1698444924\n|move|p2a: Kyogre|Thunder|p1a: Ribombee\n|-damage|p1a: Ribombee|0 fnt\n|faint|p1a: Ribombee\n|\n|-weather|RainDance|[upkeep]\n|upkeep\n|\n|t:|1698444931\n|switch|p1a: Slither Wing|Slither Wing, shiny|43\/100\n|turn|16\n|\n|t:|1698444936\n|move|p1a: Slither Wing|First Impression|p2a: Kyogre\n|-damage|p2a: Kyogre|3\/100\n|move|p2a: Kyogre|Thunder|p1a: Slither Wing\n|-damage|p1a: Slither Wing|6\/100\n|-status|p1a: Slither Wing|par\n|\n|-weather|RainDance|[upkeep]\n|upkeep\n|turn|17\n|\n|t:|1698444948\n|-end|p1a: Slither Wing|Protosynthesis|[silent]\n|switch|p1a: Lilligant|Lilligant-Hisui, F, shiny|100\/100\n|move|p2a: Kyogre|Thunder|p1a: Lilligant\n|-resisted|p1a: Lilligant\n|-damage|p1a: Lilligant|56\/100\n|\n|-weather|RainDance|[upkeep]\n|-fieldend|move: Electric Terrain\n|upkeep\n|turn|18\n|\n|t:|1698444971\n|move|p2a: Kyogre|Thunder|p1a: Lilligant\n|-resisted|p1a: Lilligant\n|-damage|p1a: Lilligant|21\/100\n|move|p1a: Lilligant|Close Combat|p2a: Kyogre\n|-damage|p2a: Kyogre|0 fnt\n|-unboost|p1a: Lilligant|def|1\n|-unboost|p1a: Lilligant|spd|1\n|faint|p2a: Kyogre\n|\n|-weather|none\n|upkeep\n|\n|t:|1698444986\n|switch|p2a: Arceus|Arceus, shiny|100\/100\n|turn|19\n|\n|t:|1698444989\n|-terastallize|p2a: Arceus|Ghost\n|move|p1a: Lilligant|Close Combat|p2a: Arceus\n|-immune|p2a: Arceus\n|move|p2a: Arceus|Swords Dance|p2a: Arceus\n|-boost|p2a: Arceus|atk|2\n|\n|upkeep\n|turn|20\n|\n|t:|1698445001\n|move|p2a: Arceus|Extreme Speed|p1a: Lilligant\n|-damage|p1a: Lilligant|0 fnt\n|faint|p1a: Lilligant\n|\n|upkeep\n|\n|t:|1698445006\n|switch|p1a: Slither Wing|Slither Wing, shiny|6\/100 par\n|turn|21\n|\n|t:|1698445010\n|move|p2a: Arceus|Extreme Speed|p1a: Slither Wing\n|-damage|p1a: Slither Wing|0 fnt\n|faint|p1a: Slither Wing\n|-end|p1a: Slither Wing|Protosynthesis|[silent]\n|\n|upkeep\n|\n|t:|1698445014\n|switch|p1a: Walking Wake|Walking Wake|100\/100\n|turn|22\n|\n|t:|1698445029\n|move|p2a: Arceus|Extreme Speed|p1a: Walking Wake\n|-damage|p1a: Walking Wake|0 fnt\n|faint|p1a: Walking Wake\n|-end|p1a: Walking Wake|Protosynthesis|[silent]\n|\n|win|Nasty N\n|raw|Torzzi's rating: 1264 &rarr; <strong>1245<\/strong><br \/>(-19 for losing)\n|raw|Nasty N's rating: 1346 &rarr; <strong>1361<\/strong><br \/>(+15 for winning)\n|l|\u2606Torzzi\n","uploadtime":1698445100,"views":4,"p1id":"torzzi","p2id":"nastyn","formatid":"gen9anythinggoes","rating":1245,"private":0,"password":""}