{"id":"gen9anythinggoes-1977580723","p1":"lochnesss","p2":"Escrow64","format":"[Gen 9] Anything Goes","log":"|j|\u2606lochnesss\n|j|\u2606Escrow64\n|t:|1698429087\n|gametype|singles\n|player|p1|lochnesss|hexmaniac-gen6|1000\n|player|p2|Escrow64|steven|1000\n|teamsize|p1|6\n|teamsize|p2|6\n|gen|9\n|tier|[Gen 9] Anything Goes\n|rated|\n|rule|HP Percentage Mod: HP is shown in percentages\n|rule|Endless Battle Clause: Forcing endless battles is banned\n|clearpoke\n|poke|p1|Ditto|\n|poke|p1|Ditto|\n|poke|p1|Ditto|\n|poke|p1|Ditto|\n|poke|p1|Ditto|\n|poke|p1|Ditto|\n|poke|p2|Baxcalibur, M|\n|poke|p2|Baxcalibur, M|\n|poke|p2|Baxcalibur, M|\n|poke|p2|Baxcalibur, M|\n|poke|p2|Ninetales-Alola, M|\n|poke|p2|Cyclizar, F|\n|teampreview\n|\n|t:|1698429101\n|start\n|switch|p1a: Mr. Trans|Ditto|100\/100\n|switch|p2a: Ninetales|Ninetales-Alola, M|100\/100\n|-weather|Snow|[from] ability: Snow Warning|[of] p2a: Ninetales\n|-transform|p1a: Mr. Trans|p2a: Ninetales|[from] ability: Imposter\n|turn|1\n|\n|t:|1698429120\n|move|p2a: Ninetales|Nasty Plot|p2a: Ninetales\n|-boost|p2a: Ninetales|spa|2\n|move|p1a: Mr. Trans|Aurora Veil|p1a: Mr. Trans\n|-sidestart|p1: lochnesss|move: Aurora Veil\n|\n|-weather|Snow|[upkeep]\n|upkeep\n|turn|2\n|\n|t:|1698429137\n|move|p2a: Ninetales|Moonblast|p1a: Mr. Trans\n|-damage|p1a: Mr. Trans|63\/100\n|move|p1a: Mr. Trans|Moonblast|p2a: Ninetales\n|-damage|p2a: Ninetales|58\/100\n|\n|-weather|Snow|[upkeep]\n|-heal|p1a: Mr. Trans|69\/100|[from] item: Leftovers\n|upkeep\n|turn|3\n|\n|t:|1698429148\n|move|p1a: Mr. Trans|Moonblast|p2a: Ninetales\n|-damage|p2a: Ninetales|16\/100\n|move|p2a: Ninetales|Aurora Veil|p2a: Ninetales\n|-sidestart|p2: Escrow64|move: Aurora Veil\n|\n|-weather|Snow|[upkeep]\n|-heal|p1a: Mr. Trans|75\/100|[from] item: Leftovers\n|upkeep\n|turn|4\n|\n|t:|1698429167\n|move|p1a: Mr. Trans|Moonblast|p2a: Ninetales\n|-damage|p2a: Ninetales|0 fnt\n|faint|p2a: Ninetales\n|\n|-weather|Snow|[upkeep]\n|-heal|p1a: Mr. Trans|81\/100|[from] item: Leftovers\n|upkeep\n|\n|t:|1698429172\n|switch|p2a: Baxcalibur|Baxcalibur, M|100\/100\n|turn|5\n|\n|t:|1698429178\n|move|p1a: Mr. Trans|Nasty Plot|p1a: Mr. Trans\n|-boost|p1a: Mr. Trans|spa|2\n|move|p2a: Baxcalibur|Swords Dance|p2a: Baxcalibur\n|-boost|p2a: Baxcalibur|atk|2\n|\n|-weather|none\n|-heal|p1a: Mr. Trans|87\/100|[from] item: Leftovers\n|-sideend|p1: lochnesss|move: Aurora Veil\n|upkeep\n|turn|6\n|\n|t:|1698429205\n|move|p1a: Mr. Trans|Moonblast|p2a: Baxcalibur\n|-supereffective|p2a: Baxcalibur\n|-damage|p2a: Baxcalibur|21\/100\n|move|p2a: Baxcalibur|Scale Shot|p1a: Mr. Trans\n|-immune|p1a: Mr. Trans\n|\n|-heal|p1a: Mr. Trans|93\/100|[from] item: Leftovers\n|upkeep\n|turn|7\n|\n|t:|1698429217\n|move|p1a: Mr. Trans|Moonblast|p2a: Baxcalibur\n|-supereffective|p2a: Baxcalibur\n|-damage|p2a: Baxcalibur|0 fnt\n|faint|p2a: Baxcalibur\n|\n|-heal|p1a: Mr. Trans|99\/100|[from] item: Leftovers\n|upkeep\n|\n|t:|1698429230\n|switch|p2a: Baxcalibur|Baxcalibur, M|100\/100\n|turn|8\n|\n|t:|1698429237\n|move|p1a: Mr. Trans|Nasty Plot|p1a: Mr. Trans\n|-boost|p1a: Mr. Trans|spa|2\n|move|p2a: Baxcalibur|Swords Dance|p2a: Baxcalibur\n|-boost|p2a: Baxcalibur|atk|2\n|\n|-heal|p1a: Mr. Trans|100\/100|[from] item: Leftovers\n|upkeep\n|turn|9\n|\n|t:|1698429251\n|move|p1a: Mr. Trans|Blizzard|p2a: Baxcalibur\n|-damage|p2a: Baxcalibur|35\/100\n|move|p2a: Baxcalibur|Scale Shot|p1a: Mr. Trans\n|-immune|p1a: Mr. Trans\n|\n|upkeep\n|turn|10\n|\n|t:|1698429259\n|move|p2a: Baxcalibur|Ice Shard|p1a: Mr. Trans\n|-resisted|p1a: Mr. Trans\n|-crit|p1a: Mr. Trans\n|-damage|p1a: Mr. Trans|52\/100\n|move|p1a: Mr. Trans|Blizzard|p2a: Baxcalibur\n|-damage|p2a: Baxcalibur|0 fnt\n|faint|p2a: Baxcalibur\n|\n|-heal|p1a: Mr. Trans|58\/100|[from] item: Leftovers\n|-sideend|p2: Escrow64|move: Aurora Veil\n|upkeep\n|\n|t:|1698429270\n|switch|p2a: Baxcalibur|Baxcalibur, M|100\/100\n|turn|11\n|\n|t:|1698429281\n|move|p1a: Mr. Trans|Nasty Plot|p1a: Mr. Trans\n|-boost|p1a: Mr. Trans|spa|2\n|move|p2a: Baxcalibur|Glaive Rush|p1a: Mr. Trans\n|-immune|p1a: Mr. Trans\n|\n|-heal|p1a: Mr. Trans|64\/100|[from] item: Leftovers\n|upkeep\n|turn|12\n|\n|t:|1698429301\n|move|p1a: Mr. Trans|Blizzard|p2a: Baxcalibur\n|-damage|p2a: Baxcalibur|0 fnt\n|faint|p2a: Baxcalibur\n|\n|-heal|p1a: Mr. Trans|70\/100|[from] item: Leftovers\n|upkeep\n|\n|t:|1698429320\n|switch|p2a: Cyclizar|Cyclizar, F|100\/100\n|turn|13\n|\n|t:|1698429338\n|move|p2a: Cyclizar|Shed Tail|p2a: Cyclizar\n|-start|p2a: Cyclizar|Substitute|[from] move: Shed Tail\n|-damage|p2a: Cyclizar|50\/100\n|-enditem|p2a: Cyclizar|Sitrus Berry|[eat]\n|-heal|p2a: Cyclizar|75\/100|[from] item: Sitrus Berry\n|\n|t:|1698429344\n|switch|p2a: Baxcalibur|Baxcalibur, M|100\/100|[from] Shed Tail\n|move|p1a: Mr. Trans|Blizzard|p2a: Baxcalibur\n|-end|p2a: Baxcalibur|Substitute\n|\n|-heal|p1a: Mr. Trans|76\/100|[from] item: Leftovers\n|upkeep\n|turn|14\n|\n|t:|1698429357\n|-terastallize|p2a: Baxcalibur|Fairy\n|move|p1a: Mr. Trans|Blizzard|p2a: Baxcalibur\n|-damage|p2a: Baxcalibur|0 fnt\n|faint|p2a: Baxcalibur\n|\n|-heal|p1a: Mr. Trans|82\/100|[from] item: Leftovers\n|upkeep\n|\n|t:|1698429379\n|switch|p2a: Cyclizar|Cyclizar, F|75\/100\n|turn|15\n|\n|t:|1698429394\n|move|p2a: Cyclizar|Quick Attack|p1a: Mr. Trans\n|-damage|p1a: Mr. Trans|58\/100\n|move|p1a: Mr. Trans|Nasty Plot|p1a: Mr. Trans\n|-boost|p1a: Mr. Trans|spa|0\n|\n|-heal|p1a: Mr. Trans|64\/100|[from] item: Leftovers\n|upkeep\n|turn|16\n|\n|t:|1698429404\n|move|p2a: Cyclizar|Quick Attack|p1a: Mr. Trans\n|-damage|p1a: Mr. Trans|37\/100\n|move|p1a: Mr. Trans|Nasty Plot|p1a: Mr. Trans\n|-boost|p1a: Mr. Trans|spa|0\n|\n|-heal|p1a: Mr. Trans|43\/100|[from] item: Leftovers\n|upkeep\n|turn|17\n|\n|t:|1698429413\n|move|p2a: Cyclizar|Quick Attack|p1a: Mr. Trans\n|-damage|p1a: Mr. Trans|20\/100\n|move|p1a: Mr. Trans|Aurora Veil||[still]\n|-fail|p1a: Mr. Trans\n|\n|-heal|p1a: Mr. Trans|26\/100|[from] item: Leftovers\n|upkeep\n|turn|18\n|\n|t:|1698429425\n|move|p2a: Cyclizar|Quick Attack|p1a: Mr. Trans\n|-damage|p1a: Mr. Trans|0 fnt\n|faint|p1a: Mr. Trans\n|\n|upkeep\n|\n|t:|1698429448\n|switch|p1a: Smelvin|Ditto|100\/100\n|-transform|p1a: Smelvin|p2a: Cyclizar|[from] ability: Imposter\n|turn|19\n|\n|t:|1698429466\n|move|p1a: Smelvin|Outrage|p2a: Cyclizar\n|-supereffective|p2a: Cyclizar\n|-damage|p2a: Cyclizar|0 fnt\n|faint|p2a: Cyclizar\n|\n|win|lochnesss\n|raw|lochnesss's rating: 1000 &rarr; <strong>1040<\/strong><br \/>(+40 for winning)\n|raw|Escrow64's rating: 1000 &rarr; <strong>1000<\/strong><br \/>(+0 for losing)\n|l|\u2606lochnesss\n|l|\u2606Escrow64\n|j|\u2606lochnesss\n|player|p1|lochnesss|hexmaniac-gen6\n","uploadtime":1698429491,"views":6,"p1id":"lochnesss","p2id":"escrow64","formatid":"gen9anythinggoes","rating":1000,"private":0,"password":""}