{"id":"gen9anythinggoes-1994885878","p1":"NightShade505","p2":"Nibolitic","format":"[Gen 9] Anything Goes","log":"|j|\u2606NightShade505\n|j|\u2606Nibolitic\n|t:|1700501690\n|gametype|singles\n|player|p1|NightShade505|winona-gen6|1298\n|player|p2|Nibolitic|101|1350\n|teamsize|p1|6\n|teamsize|p2|6\n|gen|9\n|tier|[Gen 9] Anything Goes\n|rated|\n|rule|HP Percentage Mod: HP is shown in percentages\n|rule|Endless Battle Clause: Forcing endless battles is banned\n|clearpoke\n|poke|p1|Calyrex-Shadow|\n|poke|p1|Chien-Pao|\n|poke|p1|Sneasler, F|\n|poke|p1|Shaymin-Sky|\n|poke|p1|Ribombee, F|\n|poke|p1|Iron Treads|\n|poke|p2|Cyclizar, F|\n|poke|p2|Espathra, M|\n|poke|p2|Magearna|\n|poke|p2|Drifblim, F|\n|poke|p2|Pikachu, M|\n|poke|p2|Hatterene, F|\n|teampreview\n|inactive|Battle timer is ON: inactive players will automatically lose when time's up. (requested by NightShade505)\n|c|\u2606NightShade505|another stall?\n|\n|t:|1700501701\n|start\n|switch|p1a: Ribombee|Ribombee, F|100\/100\n|switch|p2a: Cyclizar|Cyclizar, F|100\/100\n|turn|1\n|\n|t:|1700501706\n|move|p2a: Cyclizar|Shed Tail|p2a: Cyclizar\n|-start|p2a: Cyclizar|Substitute|[from] move: Shed Tail\n|-damage|p2a: Cyclizar|50\/100\n|\n|t:|1700501708\n|switch|p2a: Espathra|Espathra, M|100\/100|[from] Shed Tail\n|move|p1a: Ribombee|Stun Spore||[still]\n|-fail|p1a: Ribombee\n|\n|upkeep\n|turn|2\n|\n|t:|1700501714\n|move|p1a: Ribombee|Sticky Web|p2a: Espathra\n|-sidestart|p2: Nibolitic|move: Sticky Web\n|move|p2a: Espathra|Calm Mind|p2a: Espathra\n|-boost|p2a: Espathra|spa|1\n|-boost|p2a: Espathra|spd|1\n|\n|-ability|p2a: Espathra|Speed Boost|boost\n|-boost|p2a: Espathra|spe|1\n|upkeep\n|turn|3\n|\n|t:|1700501720\n|switch|p1a: Chien-Pao|Chien-Pao|100\/100\n|-ability|p1a: Chien-Pao|Sword of Ruin\n|move|p2a: Espathra|Calm Mind|p2a: Espathra\n|-boost|p2a: Espathra|spa|1\n|-boost|p2a: Espathra|spd|1\n|\n|-ability|p2a: Espathra|Speed Boost|boost\n|-boost|p2a: Espathra|spe|1\n|upkeep\n|turn|4\n|\n|t:|1700501734\n|-terastallize|p2a: Espathra|Fairy\n|move|p2a: Espathra|Calm Mind|p2a: Espathra\n|-boost|p2a: Espathra|spa|1\n|-boost|p2a: Espathra|spd|1\n|move|p1a: Chien-Pao|Haze|p1a: Chien-Pao\n|-clearallboost\n|\n|-ability|p2a: Espathra|Speed Boost|boost\n|-boost|p2a: Espathra|spe|1\n|upkeep\n|turn|5\n|\n|t:|1700501744\n|switch|p1a: Sneasler|Sneasler, F|100\/100\n|move|p2a: Espathra|Calm Mind|p2a: Espathra\n|-boost|p2a: Espathra|spa|1\n|-boost|p2a: Espathra|spd|1\n|\n|-ability|p2a: Espathra|Speed Boost|boost\n|-boost|p2a: Espathra|spe|1\n|upkeep\n|turn|6\n|\n|t:|1700501751\n|move|p1a: Sneasler|Fake Out|p2a: Espathra\n|-enditem|p1a: Sneasler|Normal Gem|[from] gem\n|-activate|p2a: Espathra|move: Substitute|[damage]\n|move|p2a: Espathra|Calm Mind|p2a: Espathra\n|-boost|p2a: Espathra|spa|1\n|-boost|p2a: Espathra|spd|1\n|\n|-ability|p2a: Espathra|Speed Boost|boost\n|-boost|p2a: Espathra|spe|1\n|upkeep\n|turn|7\n|\n|t:|1700501762\n|-terastallize|p1a: Sneasler|Normal\n|move|p1a: Sneasler|Shadow Claw|p2a: Espathra\n|-end|p2a: Espathra|Substitute\n|move|p2a: Espathra|Baton Pass|p2a: Espathra\n|\n|t:|1700501769\n|switch|p2a: Magearna|Magearna|100\/100|[from] Baton Pass\n|-activate|p2a: Magearna|move: Sticky Web\n|-unboost|p2a: Magearna|spe|1\n|\n|upkeep\n|turn|8\n|\n|t:|1700501775\n|move|p1a: Sneasler|Close Combat|p2a: Magearna\n|-damage|p2a: Magearna|54\/100\n|-unboost|p1a: Sneasler|def|1\n|-unboost|p1a: Sneasler|spd|1\n|move|p2a: Magearna|Substitute|p2a: Magearna\n|-start|p2a: Magearna|Substitute\n|-damage|p2a: Magearna|29\/100\n|\n|upkeep\n|turn|9\n|\n|t:|1700501783\n|move|p1a: Sneasler|Shadow Claw|p2a: Magearna\n|-activate|p2a: Magearna|move: Substitute|[damage]\n|move|p2a: Magearna|Iron Defense|p2a: Magearna\n|-boost|p2a: Magearna|def|2\n|\n|upkeep\n|turn|10\n|\n|t:|1700501791\n|move|p1a: Sneasler|Shadow Claw|p2a: Magearna\n|-end|p2a: Magearna|Substitute\n|move|p2a: Magearna|Iron Defense|p2a: Magearna\n|-boost|p2a: Magearna|def|2\n|\n|upkeep\n|turn|11\n|\n|t:|1700501798\n|move|p1a: Sneasler|Shadow Claw|p2a: Magearna\n|-damage|p2a: Magearna|23\/100\n|move|p2a: Magearna|Substitute|p2a: Magearna\n|-fail|p2a: Magearna|move: Substitute|[weak]\n|\n|upkeep\n|turn|12\n|\n|t:|1700501804\n|move|p1a: Sneasler|Close Combat|p2a: Magearna\n|-damage|p2a: Magearna|8\/100\n|-unboost|p1a: Sneasler|def|1\n|-unboost|p1a: Sneasler|spd|1\n|move|p2a: Magearna|Baton Pass|p2a: Magearna\n|\n|t:|1700501810\n|switch|p2a: Drifblim|Drifblim, F|100\/100|[from] Baton Pass\n|\n|upkeep\n|turn|13\n|\n|t:|1700501815\n|move|p1a: Sneasler|Dire Claw|p2a: Drifblim\n|-resisted|p2a: Drifblim\n|-damage|p2a: Drifblim|95\/100\n|-status|p2a: Drifblim|psn\n|move|p2a: Drifblim|Substitute|p2a: Drifblim\n|-start|p2a: Drifblim|Substitute\n|-damage|p2a: Drifblim|70\/100 psn\n|\n|-heal|p2a: Drifblim|76\/100 psn|[from] item: Leftovers\n|-damage|p2a: Drifblim|64\/100 psn|[from] psn\n|upkeep\n|turn|14\n|\n|t:|1700501825\n|move|p1a: Sneasler|Shadow Claw|p2a: Drifblim\n|-supereffective|p2a: Drifblim\n|-activate|p2a: Drifblim|move: Substitute|[damage]\n|move|p2a: Drifblim|Minimize|p2a: Drifblim\n|-boost|p2a: Drifblim|evasion|2\n|\n|-heal|p2a: Drifblim|70\/100 psn|[from] item: Leftovers\n|-damage|p2a: Drifblim|57\/100 psn|[from] psn\n|upkeep\n|turn|15\n|\n|t:|1700501833\n|switch|p1a: Chien-Pao|Chien-Pao|100\/100\n|-ability|p1a: Chien-Pao|Sword of Ruin\n|move|p2a: Drifblim|Minimize|p2a: Drifblim\n|-boost|p2a: Drifblim|evasion|2\n|\n|-heal|p2a: Drifblim|63\/100 psn|[from] item: Leftovers\n|-damage|p2a: Drifblim|51\/100 psn|[from] psn\n|upkeep\n|turn|16\n|n|!NightShade505|nightshade505\n|\n|t:|1700501842\n|move|p1a: Chien-Pao|Haze|p1a: Chien-Pao\n|-clearallboost\n|move|p2a: Drifblim|Minimize|p2a: Drifblim\n|-boost|p2a: Drifblim|evasion|2\n|\n|-heal|p2a: Drifblim|57\/100 psn|[from] item: Leftovers\n|-damage|p2a: Drifblim|45\/100 psn|[from] psn\n|upkeep\n|turn|17\n|\n|t:|1700501854\n|move|p1a: Chien-Pao|Haze|p1a: Chien-Pao\n|-clearallboost\n|move|p2a: Drifblim|Baton Pass|p2a: Drifblim\n|\n|t:|1700501865\n|switch|p2a: Hatterene|Hatterene, F|100\/100|[from] Baton Pass\n|-activate|p2a: Hatterene|move: Sticky Web\n|-unboost|p2a: Hatterene|spe|1\n|\n|upkeep\n|turn|18\n|\n|t:|1700501871\n|switch|p1a: Sneasler|Sneasler, F, tera:Normal|100\/100\n|move|p2a: Hatterene|Mystical Fire|p1a: Sneasler\n|-damage|p1a: Sneasler|63\/100\n|-unboost|p1a: Sneasler|spa|1\n|\n|upkeep\n|turn|19\n|-message|Nibolitic forfeited.\n|\n|win|NightShade505\n|raw|NightShade505's rating: 1298 &rarr; <strong>1327<\/strong><br \/>(+29 for winning)\n|raw|Nibolitic's rating: 1350 &rarr; <strong>1327<\/strong><br \/>(-23 for losing)\n|l|\u2606Nibolitic\n","uploadtime":1700501838,"views":0,"p1id":"nightshade505","p2id":"nibolitic","formatid":"gen9anythinggoes","rating":1327,"private":0,"password":""}