{"id":"gen9anythinggoes-1977514658","p1":"Tyranitar Kuma","p2":"Glaceran","format":"[Gen 9] Anything Goes","log":"|j|\u2606Tyranitar Kuma\n|j|\u2606Glaceran\n|t:|1698423568\n|gametype|singles\n|player|p1|Tyranitar Kuma|wattson|1335\n|player|p2|Glaceran|wally-gen3|1387\n|teamsize|p1|6\n|teamsize|p2|6\n|gen|9\n|tier|[Gen 9] Anything Goes\n|rated|\n|rule|HP Percentage Mod: HP is shown in percentages\n|rule|Endless Battle Clause: Forcing endless battles is banned\n|clearpoke\n|poke|p1|Miraidon|\n|poke|p1|Tyranitar, F|\n|poke|p1|Iron Valiant|\n|poke|p1|Sneasler, M|\n|poke|p1|Great Tusk|\n|poke|p1|Houndstone, F|\n|poke|p2|Sneasler, M|\n|poke|p2|Calyrex-Shadow|\n|poke|p2|Cloyster, F|\n|poke|p2|Skeledirge, F|\n|poke|p2|Corviknight, M|\n|poke|p2|Cyclizar, M|\n|teampreview\n|inactive|Battle timer is ON: inactive players will automatically lose when time's up. (requested by Tyranitar Kuma)\n|\n|t:|1698423575\n|start\n|switch|p1a: Kai D. O|Miraidon|100\/100\n|switch|p2a: Corviknight|Corviknight, M|100\/100\n|-fieldstart|move: Electric Terrain|[from] ability: Hadron Engine|[of] p1a: Kai D. O\n|-ability|p2a: Corviknight|Pressure\n|turn|1\n|\n|t:|1698423586\n|move|p1a: Kai D. O|Volt Switch|p2a: Corviknight\n|-supereffective|p2a: Corviknight\n|-damage|p2a: Corviknight|0 fnt\n|faint|p2a: Corviknight\n|\n|t:|1698423591\n|switch|p1a: Kiku|Iron Valiant|100\/100|[from] Volt Switch\n|-activate|p1a: Kiku|ability: Quark Drive\n|-start|p1a: Kiku|quarkdrivespe\n|\n|upkeep\n|\n|t:|1698423595\n|switch|p2a: Cloyster|Cloyster, F|100\/100\n|turn|2\n|\n|t:|1698423599\n|-terastallize|p2a: Cloyster|Ground\n|move|p1a: Kiku|Thunderbolt|p2a: Cloyster\n|-immune|p2a: Cloyster\n|move|p2a: Cloyster|Shell Smash|p2a: Cloyster\n|-unboost|p2a: Cloyster|def|1\n|-unboost|p2a: Cloyster|spd|1\n|-boost|p2a: Cloyster|atk|2\n|-boost|p2a: Cloyster|spa|2\n|-boost|p2a: Cloyster|spe|2\n|-enditem|p2a: Cloyster|White Herb\n|-clearnegativeboost|p2a: Cloyster|[silent]\n|\n|upkeep\n|turn|3\n|\n|t:|1698423613\n|-end|p1a: Kiku|Quark Drive|[silent]\n|switch|p1a: Jack|Great Tusk|100\/100\n|move|p2a: Cloyster|Shell Smash|p2a: Cloyster\n|-unboost|p2a: Cloyster|def|1\n|-unboost|p2a: Cloyster|spd|1\n|-boost|p2a: Cloyster|atk|2\n|-boost|p2a: Cloyster|spa|2\n|-boost|p2a: Cloyster|spe|2\n|\n|upkeep\n|turn|4\n|\n|t:|1698423621\n|move|p2a: Cloyster|Icicle Spear|p1a: Jack\n|-supereffective|p1a: Jack\n|-damage|p1a: Jack|54\/100\n|-supereffective|p1a: Jack\n|-damage|p1a: Jack|10\/100\n|-supereffective|p1a: Jack\n|-damage|p1a: Jack|0 fnt\n|faint|p1a: Jack\n|-end|p1a: Jack|Protosynthesis|[silent]\n|-hitcount|p1: Jack|3\n|\n|upkeep\n|\n|t:|1698423628\n|switch|p1a: Kuma|Tyranitar, F|100\/100\n|-weather|Sandstorm|[from] ability: Sand Stream|[of] p1a: Kuma\n|turn|5\n|\n|t:|1698423638\n|switch|p1a: Kiku|Iron Valiant|100\/100\n|-activate|p1a: Kiku|ability: Quark Drive\n|-start|p1a: Kiku|quarkdrivespe\n|move|p2a: Cloyster|Drill Run|p1a: Kiku\n|-damage|p1a: Kiku|0 fnt\n|faint|p1a: Kiku\n|-end|p1a: Kiku|Quark Drive|[silent]\n|\n|-weather|Sandstorm|[upkeep]\n|-fieldend|move: Electric Terrain\n|upkeep\n|\n|t:|1698423646\n|switch|p1a: Yamabro|Houndstone, F|100\/100\n|turn|6\n|\n|t:|1698423650\n|move|p2a: Cloyster|Icicle Spear|p1a: Yamabro\n|-damage|p1a: Yamabro|62\/100\n|-damage|p1a: Yamabro|21\/100\n|-damage|p1a: Yamabro|0 fnt\n|faint|p1a: Yamabro\n|-hitcount|p1: Yamabro|3\n|\n|-weather|Sandstorm|[upkeep]\n|upkeep\n|c|\u2606Tyranitar Kuma|well gg\n|\n|t:|1698423660\n|switch|p1a: Kai D. O|Miraidon|100\/100\n|-fieldstart|move: Electric Terrain|[from] ability: Hadron Engine|[of] p1a: Kai D. O\n|turn|7\n|\n|t:|1698423665\n|move|p2a: Cloyster|Icicle Spear|p1a: Kai D. O\n|-supereffective|p1a: Kai D. O\n|-crit|p1a: Kai D. O\n|-damage|p1a: Kai D. O|0 fnt\n|faint|p1a: Kai D. O\n|-hitcount|p1: Kai D. O|1\n|\n|-weather|Sandstorm|[upkeep]\n|upkeep\n|\n|t:|1698423670\n|switch|p1a: Doc Q|Sneasler, M|100\/100\n|-enditem|p1a: Doc Q|Electric Seed\n|-boost|p1a: Doc Q|def|1|[from] item: Electric Seed\n|turn|8\n|\n|t:|1698423676\n|move|p2a: Cloyster|Icicle Spear|p1a: Doc Q\n|-damage|p1a: Doc Q|62\/100\n|-damage|p1a: Doc Q|20\/100\n|-damage|p1a: Doc Q|0 fnt\n|faint|p1a: Doc Q\n|-hitcount|p1: Doc Q|3\n|\n|-weather|Sandstorm|[upkeep]\n|upkeep\n|\n|t:|1698423683\n|switch|p1a: Kuma|Tyranitar, F|100\/100\n|turn|9\n|l|\u2606Glaceran\n|inactive|Glaceran disconnected and has a minute to reconnect!\n|player|p2|\n|c|\u2606Tyranitar Kuma|lol someone's salty\n|inactive|Glaceran has 30 seconds to reconnect!\n|j|\u2606Glaceran\n|inactive|Glaceran reconnected and has 115 seconds left.\n|player|p2|Glaceran|wally-gen3\n|\n|t:|1698423723\n|move|p2a: Cloyster|Drill Run|p1a: Kuma\n|-supereffective|p1a: Kuma\n|-damage|p1a: Kuma|0 fnt\n|faint|p1a: Kuma\n|\n|win|Glaceran\n|raw|Tyranitar Kuma's rating: 1335 &rarr; <strong>1319<\/strong><br \/>(-16 for losing)\n|raw|Glaceran's rating: 1401 &rarr; <strong>1417<\/strong><br \/>(+16 for winning)\n|j| eevee enjoyer62\n|j| hoshizoranomemoria\n|l| eevee enjoyer62\n|j| SlendyPKMN\n|l| SlendyPKMN\n|j| GlaceonCatcher7\n|l| GlaceonCatcher7\n|l| hoshizoranomemoria\n|l|\u2606Glaceran\n|l|\u2606Tyranitar Kuma\n|j|\u2606Glaceran\n|player|p2|Glaceran|wally-gen3\n|c|\u2606Glaceran|all bark and zero biteforce\n|j| Xoecx\n|l| Xoecx\n","uploadtime":1698423972,"views":8,"p1id":"tyranitarkuma","p2id":"glaceran","formatid":"gen9anythinggoes","rating":1319,"private":0,"password":""}