{"id":"gen9anythinggoes-1995108257","p1":"Luigi3641","p2":"FanMac","format":"[Gen 9] Anything Goes","log":"|j|\u2606Luigi3641\n|j|\u2606FanMac\n|t:|1700523447\n|gametype|singles\n|player|p1|Luigi3641|juggler|1236\n|player|p2|FanMac|benga|1302\n|teamsize|p1|6\n|teamsize|p2|6\n|gen|9\n|tier|[Gen 9] Anything Goes\n|rated|\n|rule|HP Percentage Mod: HP is shown in percentages\n|rule|Endless Battle Clause: Forcing endless battles is banned\n|clearpoke\n|poke|p1|Krookodile, F|\n|poke|p1|Lilligant-Hisui, F|\n|poke|p1|Ninetales, F|\n|poke|p1|Chandelure, F|\n|poke|p1|Milotic, F|\n|poke|p1|Magnezone|\n|poke|p2|Palkia|\n|poke|p2|Shaymin-Sky|\n|poke|p2|Clodsire, M|\n|poke|p2|Chi-Yu|\n|poke|p2|Breloom, M|\n|poke|p2|Giratina|\n|teampreview\n|inactive|Battle timer is ON: inactive players will automatically lose when time's up. (requested by FanMac)\n|c|\u2606Luigi3641|Glhf\n|\n|t:|1700523464\n|start\n|switch|p1a: Milotic|Milotic, F|100\/100\n|switch|p2a: Chi-Yu|Chi-Yu|100\/100\n|-ability|p2a: Chi-Yu|Beads of Ruin\n|turn|1\n|\n|t:|1700523478\n|move|p2a: Chi-Yu|Dark Pulse|p1a: Milotic\n|-damage|p1a: Milotic|60\/100\n|move|p1a: Milotic|Coil|p1a: Milotic\n|-boost|p1a: Milotic|atk|1\n|-boost|p1a: Milotic|def|1\n|-boost|p1a: Milotic|accuracy|1\n|\n|-status|p1a: Milotic|brn|[from] item: Flame Orb\n|upkeep\n|turn|2\n|\n|t:|1700523488\n|move|p2a: Chi-Yu|Dark Pulse|p1a: Milotic\n|-damage|p1a: Milotic|23\/100 brn\n|move|p1a: Milotic|Recover|p1a: Milotic\n|-heal|p1a: Milotic|73\/100 brn\n|\n|-damage|p1a: Milotic|66\/100 brn|[from] brn\n|upkeep\n|turn|3\n|\n|t:|1700523497\n|switch|p2a: Giratina|Giratina|100\/100\n|-ability|p2a: Giratina|Pressure\n|move|p1a: Milotic|Dragon Tail|p2a: Giratina\n|-supereffective|p2a: Giratina\n|-damage|p2a: Giratina|95\/100\n|drag|p2a: Palkia|Palkia|100\/100\n|-ability|p2a: Palkia|Pressure\n|\n|-damage|p1a: Milotic|60\/100 brn|[from] brn\n|upkeep\n|turn|4\n|\n|t:|1700523508\n|move|p1a: Milotic|Recover|p1a: Milotic\n|-heal|p1a: Milotic|100\/100 brn\n|move|p2a: Palkia|Dragon Tail|p1a: Milotic|[miss]\n|-miss|p2a: Palkia|p1a: Milotic\n|\n|-damage|p1a: Milotic|94\/100 brn|[from] brn\n|upkeep\n|turn|5\n|\n|t:|1700523515\n|move|p2a: Palkia|Dragon Tail|p1a: Milotic\n|-damage|p1a: Milotic|87\/100 brn\n|drag|p1a: Krookodile|Krookodile, F|100\/100\n|\n|upkeep\n|turn|6\n|\n|t:|1700523522\n|move|p1a: Krookodile|Earthquake|p2a: Palkia\n|-damage|p2a: Palkia|50\/100\n|move|p2a: Palkia|Substitute|p2a: Palkia\n|-start|p2a: Palkia|Substitute\n|-damage|p2a: Palkia|25\/100\n|\n|-heal|p2a: Palkia|31\/100|[from] item: Leftovers\n|upkeep\n|turn|7\n|\n|t:|1700523532\n|move|p1a: Krookodile|Earthquake|p2a: Palkia\n|-end|p2a: Palkia|Substitute\n|move|p2a: Palkia|Earth Power|p1a: Krookodile\n|-damage|p1a: Krookodile|56\/100\n|\n|-heal|p2a: Palkia|38\/100|[from] item: Leftovers\n|upkeep\n|turn|8\n|\n|t:|1700523543\n|move|p1a: Krookodile|Earthquake|p2a: Palkia\n|-damage|p2a: Palkia|0 fnt\n|faint|p2a: Palkia\n|-ability|p1a: Krookodile|Moxie|boost\n|-boost|p1a: Krookodile|atk|1\n|\n|upkeep\n|\n|t:|1700523554\n|switch|p2a: Breloom|Breloom, M|100\/100\n|turn|9\n|\n|t:|1700523557\n|move|p1a: Krookodile|Earthquake|p2a: Breloom\n|-resisted|p2a: Breloom\n|-damage|p2a: Breloom|39\/100\n|move|p2a: Breloom|Spore|p1a: Krookodile\n|-status|p1a: Krookodile|slp|[from] move: Spore\n|\n|upkeep\n|turn|10\n|\n|t:|1700523566\n|cant|p1a: Krookodile|slp\n|move|p2a: Breloom|Swords Dance|p2a: Breloom\n|-boost|p2a: Breloom|atk|2\n|\n|upkeep\n|turn|11\n|\n|t:|1700523572\n|move|p2a: Breloom|Mach Punch|p1a: Krookodile\n|-supereffective|p1a: Krookodile\n|-damage|p1a: Krookodile|0 fnt\n|faint|p1a: Krookodile\n|\n|upkeep\n|\n|t:|1700523579\n|switch|p1a: Chandelure|Chandelure, F|100\/100\n|turn|12\n|\n|t:|1700523589\n|move|p1a: Chandelure|Fire Blast|p2a: Breloom\n|-supereffective|p2a: Breloom\n|-damage|p2a: Breloom|0 fnt\n|faint|p2a: Breloom\n|\n|upkeep\n|\n|t:|1700523596\n|switch|p2a: Shaymin|Shaymin-Sky|100\/100\n|turn|13\n|\n|t:|1700523603\n|move|p2a: Shaymin|Zen Headbutt|p1a: Chandelure\n|-damage|p1a: Chandelure|68\/100\n|-damage|p2a: Shaymin|91\/100|[from] item: Life Orb\n|move|p1a: Chandelure|Fire Blast|p2a: Shaymin\n|-supereffective|p2a: Shaymin\n|-damage|p2a: Shaymin|0 fnt\n|faint|p2a: Shaymin\n|\n|upkeep\n|\n|t:|1700523614\n|switch|p2a: Giratina|Giratina|95\/100\n|-ability|p2a: Giratina|Pressure\n|turn|14\n|\n|t:|1700523621\n|switch|p1a: Milotic|Milotic, F|87\/100 brn\n|move|p2a: Giratina|Will-O-Wisp|p1a: Milotic\n|-fail|p1a: Milotic|brn\n|\n|-heal|p2a: Giratina|100\/100|[from] item: Leftovers\n|-damage|p1a: Milotic|81\/100 brn|[from] brn\n|upkeep\n|turn|15\n|\n|t:|1700523633\n|move|p1a: Milotic|Coil|p1a: Milotic\n|-boost|p1a: Milotic|atk|1\n|-boost|p1a: Milotic|def|1\n|-boost|p1a: Milotic|accuracy|1\n|move|p2a: Giratina|Roar|p1a: Milotic\n|drag|p1a: Magnezone|Magnezone|100\/100\n|-item|p1a: Magnezone|Air Balloon\n|\n|upkeep\n|turn|16\n|\n|t:|1700523644\n|move|p2a: Giratina|Will-O-Wisp|p1a: Magnezone\n|-status|p1a: Magnezone|brn\n|move|p1a: Magnezone|Flash Cannon|p2a: Giratina\n|-damage|p2a: Giratina|68\/100\n|\n|-heal|p2a: Giratina|74\/100|[from] item: Leftovers\n|-damage|p1a: Magnezone|94\/100 brn|[from] brn\n|upkeep\n|turn|17\n|\n|t:|1700523652\n|move|p1a: Magnezone|Discharge|p2a: Giratina\n|-resisted|p2a: Giratina\n|-damage|p2a: Giratina|60\/100\n|move|p2a: Giratina|Roar|p1a: Magnezone\n|drag|p1a: Ninetales|Ninetales, F|100\/100\n|-weather|SunnyDay|[from] ability: Drought|[of] p1a: Ninetales\n|\n|-weather|SunnyDay|[upkeep]\n|-heal|p2a: Giratina|66\/100|[from] item: Leftovers\n|upkeep\n|turn|18\n|\n|t:|1700523662\n|move|p1a: Ninetales|Will-O-Wisp|p2a: Giratina\n|-status|p2a: Giratina|brn\n|move|p2a: Giratina|Roar|p1a: Ninetales\n|drag|p1a: Milotic|Milotic, F|81\/100 brn\n|\n|-weather|SunnyDay|[upkeep]\n|-heal|p2a: Giratina|72\/100 brn|[from] item: Leftovers\n|-damage|p2a: Giratina|66\/100 brn|[from] brn\n|-damage|p1a: Milotic|75\/100 brn|[from] brn\n|upkeep\n|turn|19\n|\n|t:|1700523673\n|move|p2a: Giratina|Roar|p1a: Milotic\n|drag|p1a: Ninetales|Ninetales, F|100\/100\n|\n|-weather|SunnyDay|[upkeep]\n|-heal|p2a: Giratina|72\/100 brn|[from] item: Leftovers\n|-damage|p2a: Giratina|66\/100 brn|[from] brn\n|upkeep\n|turn|20\n|\n|t:|1700523681\n|move|p1a: Ninetales|Weather Ball|p2a: Giratina\n|-resisted|p2a: Giratina\n|-damage|p2a: Giratina|51\/100 brn\n|move|p2a: Giratina|Roar|p1a: Ninetales\n|drag|p1a: Milotic|Milotic, F|75\/100 brn\n|\n|-weather|SunnyDay|[upkeep]\n|-heal|p2a: Giratina|57\/100 brn|[from] item: Leftovers\n|-damage|p2a: Giratina|51\/100 brn|[from] brn\n|-damage|p1a: Milotic|69\/100 brn|[from] brn\n|upkeep\n|turn|21\n|\n|t:|1700523691\n|move|p1a: Milotic|Recover|p1a: Milotic\n|-heal|p1a: Milotic|100\/100 brn\n|move|p2a: Giratina|Roar|p1a: Milotic\n|drag|p1a: Ninetales|Ninetales, F|100\/100\n|\n|-weather|SunnyDay|[upkeep]\n|-heal|p2a: Giratina|57\/100 brn|[from] item: Leftovers\n|-damage|p2a: Giratina|51\/100 brn|[from] brn\n|upkeep\n|turn|22\n|\n|t:|1700523700\n|move|p1a: Ninetales|Weather Ball|p2a: Giratina\n|-resisted|p2a: Giratina\n|-damage|p2a: Giratina|35\/100 brn\n|move|p2a: Giratina|Roar|p1a: Ninetales\n|drag|p1a: Magnezone|Magnezone|94\/100 brn\n|-item|p1a: Magnezone|Air Balloon\n|\n|-weather|SunnyDay|[upkeep]\n|-heal|p2a: Giratina|41\/100 brn|[from] item: Leftovers\n|-damage|p2a: Giratina|35\/100 brn|[from] brn\n|-damage|p1a: Magnezone|88\/100 brn|[from] brn\n|upkeep\n|turn|23\n|\n|t:|1700523711\n|move|p2a: Giratina|Rest|p2a: Giratina\n|-status|p2a: Giratina|slp|[from] move: Rest\n|-heal|p2a: Giratina|100\/100 slp|[silent]\n|move|p1a: Magnezone|Flash Cannon|p2a: Giratina\n|-damage|p2a: Giratina|65\/100 slp\n|\n|-weather|SunnyDay|[upkeep]\n|-heal|p2a: Giratina|71\/100 slp|[from] item: Leftovers\n|-damage|p1a: Magnezone|82\/100 brn|[from] brn\n|upkeep\n|turn|24\n|\n|t:|1700523721\n|cant|p2a: Giratina|slp\n|move|p2a: Giratina|Sleep Talk|p2a: Giratina\n|move|p2a: Giratina|Rest||[from]move: Sleep Talk|[still]\n|-fail|p2a: Giratina\n|move|p1a: Magnezone|Flash Cannon|p2a: Giratina\n|-damage|p2a: Giratina|36\/100 slp\n|\n|-weather|none\n|-heal|p2a: Giratina|42\/100 slp|[from] item: Leftovers\n|-damage|p1a: Magnezone|76\/100 brn|[from] brn\n|upkeep\n|turn|25\n|\n|t:|1700523731\n|cant|p2a: Giratina|slp\n|move|p2a: Giratina|Sleep Talk|p2a: Giratina\n|move|p2a: Giratina|Will-O-Wisp|p1a: Magnezone|[from]move: Sleep Talk\n|-fail|p1a: Magnezone|brn\n|move|p1a: Magnezone|Flash Cannon|p2a: Giratina\n|-damage|p2a: Giratina|9\/100 slp\n|\n|-heal|p2a: Giratina|15\/100 slp|[from] item: Leftovers\n|-damage|p1a: Magnezone|70\/100 brn|[from] brn\n|upkeep\n|turn|26\n|\n|t:|1700523742\n|-curestatus|p2a: Giratina|slp|[msg]\n|move|p2a: Giratina|Rest|p2a: Giratina\n|-status|p2a: Giratina|slp|[from] move: Rest\n|-heal|p2a: Giratina|100\/100 slp|[silent]\n|move|p1a: Magnezone|Flash Cannon|p2a: Giratina\n|-damage|p2a: Giratina|67\/100 slp\n|\n|-heal|p2a: Giratina|73\/100 slp|[from] item: Leftovers\n|-damage|p1a: Magnezone|64\/100 brn|[from] brn\n|upkeep\n|turn|27\n|\n|t:|1700523756\n|switch|p1a: Chandelure|Chandelure, F|68\/100\n|cant|p2a: Giratina|slp\n|move|p2a: Giratina|Sleep Talk|p2a: Giratina\n|move|p2a: Giratina|Rest||[from]move: Sleep Talk|[still]\n|-fail|p2a: Giratina\n|\n|-heal|p2a: Giratina|79\/100 slp|[from] item: Leftovers\n|upkeep\n|turn|28\n|\n|t:|1700523765\n|move|p1a: Chandelure|Shadow Ball|p2a: Giratina\n|-supereffective|p2a: Giratina\n|-damage|p2a: Giratina|5\/100 slp\n|cant|p2a: Giratina|slp\n|move|p2a: Giratina|Sleep Talk|p2a: Giratina\n|move|p2a: Giratina|Roar|p1a: Chandelure|[from]move: Sleep Talk\n|drag|p1a: Magnezone|Magnezone|64\/100 brn\n|-item|p1a: Magnezone|Air Balloon\n|\n|-heal|p2a: Giratina|11\/100 slp|[from] item: Leftovers\n|-damage|p1a: Magnezone|58\/100 brn|[from] brn\n|upkeep\n|turn|29\n|\n|t:|1700523790\n|-curestatus|p2a: Giratina|slp|[msg]\n|move|p2a: Giratina|Rest|p2a: Giratina\n|-status|p2a: Giratina|slp|[from] move: Rest\n|-heal|p2a: Giratina|100\/100 slp|[silent]\n|move|p1a: Magnezone|Flash Cannon|p2a: Giratina\n|-damage|p2a: Giratina|63\/100 slp\n|\n|-heal|p2a: Giratina|69\/100 slp|[from] item: Leftovers\n|-damage|p1a: Magnezone|52\/100 brn|[from] brn\n|upkeep\n|turn|30\n|\n|t:|1700523802\n|switch|p1a: Chandelure|Chandelure, F|68\/100\n|cant|p2a: Giratina|slp\n|move|p2a: Giratina|Sleep Talk|p2a: Giratina\n|move|p2a: Giratina|Will-O-Wisp|p1a: Chandelure|[from]move: Sleep Talk\n|-start|p1a: Chandelure|ability: Flash Fire\n|\n|-heal|p2a: Giratina|76\/100 slp|[from] item: Leftovers\n|upkeep\n|turn|31\n|\n|t:|1700523815\n|-terastallize|p1a: Chandelure|Ghost\n|move|p1a: Chandelure|Shadow Ball|p2a: Giratina\n|-supereffective|p2a: Giratina\n|-damage|p2a: Giratina|0 fnt\n|faint|p2a: Giratina\n|\n|upkeep\n|\n|t:|1700523824\n|switch|p2a: Clodsire|Clodsire, M|100\/100\n|turn|32\n|\n|t:|1700523830\n|-end|p1a: Chandelure|ability: Flash Fire|[silent]\n|switch|p1a: Magnezone|Magnezone|52\/100 brn\n|-item|p1a: Magnezone|Air Balloon\n|move|p2a: Clodsire|Earthquake|p1a: Magnezone\n|-immune|p1a: Magnezone\n|\n|-damage|p1a: Magnezone|45\/100 brn|[from] brn\n|upkeep\n|turn|33\n|\n|t:|1700523841\n|move|p1a: Magnezone|Flash Cannon|p2a: Clodsire\n|-damage|p2a: Clodsire|74\/100\n|-unboost|p2a: Clodsire|spd|1\n|move|p2a: Clodsire|Spikes|p1a: Magnezone\n|-sidestart|p1: Luigi3641|Spikes\n|\n|-heal|p2a: Clodsire|80\/100|[from] item: Leftovers\n|-damage|p1a: Magnezone|39\/100 brn|[from] brn\n|upkeep\n|turn|34\n|\n|t:|1700523854\n|move|p1a: Magnezone|Flash Cannon|p2a: Clodsire\n|-damage|p2a: Clodsire|45\/100\n|move|p2a: Clodsire|Stealth Rock|p1a: Magnezone\n|-sidestart|p1: Luigi3641|move: Stealth Rock\n|\n|-heal|p2a: Clodsire|51\/100|[from] item: Leftovers\n|-damage|p1a: Magnezone|33\/100 brn|[from] brn\n|upkeep\n|turn|35\n|\n|t:|1700523861\n|move|p1a: Magnezone|Flash Cannon|p2a: Clodsire\n|-damage|p2a: Clodsire|12\/100\n|move|p2a: Clodsire|Recover|p2a: Clodsire\n|-heal|p2a: Clodsire|62\/100\n|\n|-heal|p2a: Clodsire|69\/100|[from] item: Leftovers\n|-damage|p1a: Magnezone|27\/100 brn|[from] brn\n|upkeep\n|turn|36\n|\n|t:|1700523873\n|switch|p1a: Chandelure|Chandelure, F, tera:Ghost|68\/100\n|-damage|p1a: Chandelure|55\/100|[from] Spikes\n|-damage|p1a: Chandelure|43\/100|[from] Stealth Rock\n|move|p2a: Clodsire|Recover|p2a: Clodsire\n|-heal|p2a: Clodsire|100\/100\n|\n|upkeep\n|turn|37\n|\n|t:|1700523883\n|move|p1a: Chandelure|Psychic|p2a: Clodsire\n|-supereffective|p2a: Clodsire\n|-damage|p2a: Clodsire|25\/100\n|move|p2a: Clodsire|Spikes|p1a: Chandelure\n|-sidestart|p1: Luigi3641|Spikes\n|\n|-heal|p2a: Clodsire|31\/100|[from] item: Leftovers\n|upkeep\n|turn|38\n|\n|t:|1700523890\n|move|p1a: Chandelure|Psychic|p2a: Clodsire\n|-supereffective|p2a: Clodsire\n|-damage|p2a: Clodsire|0 fnt\n|faint|p2a: Clodsire\n|\n|upkeep\n|\n|t:|1700523897\n|switch|p2a: Chi-Yu|Chi-Yu|100\/100\n|-ability|p2a: Chi-Yu|Beads of Ruin\n|turn|39\n|\n|t:|1700523920\n|switch|p1a: Magnezone|Magnezone|27\/100 brn\n|-damage|p1a: Magnezone|21\/100 brn|[from] Stealth Rock\n|-item|p1a: Magnezone|Air Balloon\n|move|p2a: Chi-Yu|Dark Pulse|p1a: Magnezone\n|-damage|p1a: Magnezone|0 fnt\n|-enditem|p1a: Magnezone|Air Balloon\n|faint|p1a: Magnezone\n|\n|upkeep\n|\n|t:|1700523931\n|switch|p1a: Milotic|Milotic, F|100\/100 brn\n|-damage|p1a: Milotic|84\/100 brn|[from] Spikes\n|-damage|p1a: Milotic|72\/100 brn|[from] Stealth Rock\n|turn|40\n|\n|t:|1700523940\n|move|p2a: Chi-Yu|Dark Pulse|p1a: Milotic\n|-crit|p1a: Milotic\n|-damage|p1a: Milotic|12\/100 brn\n|move|p1a: Milotic|Scald|p2a: Chi-Yu\n|-supereffective|p2a: Chi-Yu\n|-damage|p2a: Chi-Yu|46\/100\n|\n|-damage|p1a: Milotic|6\/100 brn|[from] brn\n|upkeep\n|turn|41\n|\n|t:|1700523948\n|move|p2a: Chi-Yu|Dark Pulse|p1a: Milotic\n|-damage|p1a: Milotic|0 fnt\n|faint|p1a: Milotic\n|\n|upkeep\n|\n|t:|1700523950\n|switch|p1a: Ninetales|Ninetales, F|100\/100\n|-damage|p1a: Ninetales|84\/100|[from] Spikes\n|-damage|p1a: Ninetales|59\/100|[from] Stealth Rock\n|-weather|SunnyDay|[from] ability: Drought|[of] p1a: Ninetales\n|turn|42\n|\n|t:|1700523957\n|move|p2a: Chi-Yu|Dark Pulse|p1a: Ninetales\n|-damage|p1a: Ninetales|0 fnt\n|faint|p1a: Ninetales\n|\n|-weather|SunnyDay|[upkeep]\n|upkeep\n|\n|t:|1700523967\n|switch|p1a: Chandelure|Chandelure, F, tera:Ghost|43\/100\n|-damage|p1a: Chandelure|27\/100|[from] Spikes\n|-damage|p1a: Chandelure|14\/100|[from] Stealth Rock\n|turn|43\n|\n|t:|1700523973\n|move|p2a: Chi-Yu|Dark Pulse|p1a: Chandelure\n|-supereffective|p1a: Chandelure\n|-damage|p1a: Chandelure|0 fnt\n|faint|p1a: Chandelure\n|\n|-weather|SunnyDay|[upkeep]\n|upkeep\n|\n|t:|1700523976\n|switch|p1a: Lilligant|Lilligant-Hisui, F|100\/100\n|-damage|p1a: Lilligant|84\/100|[from] Spikes\n|-damage|p1a: Lilligant|78\/100|[from] Stealth Rock\n|turn|44\n|\n|t:|1700523986\n|move|p1a: Lilligant|Bullet Seed|p2a: Chi-Yu\n|-resisted|p2a: Chi-Yu\n|-damage|p2a: Chi-Yu|35\/100\n|-resisted|p2a: Chi-Yu\n|-damage|p2a: Chi-Yu|25\/100\n|-resisted|p2a: Chi-Yu\n|-damage|p2a: Chi-Yu|15\/100\n|-resisted|p2a: Chi-Yu\n|-damage|p2a: Chi-Yu|5\/100\n|-hitcount|p2a: Chi-Yu|4\n|move|p2a: Chi-Yu|Dark Pulse|p1a: Lilligant\n|-resisted|p1a: Lilligant\n|-damage|p1a: Lilligant|31\/100\n|\n|-weather|SunnyDay|[upkeep]\n|upkeep\n|turn|45\n|c|\u2606Luigi3641|gg\n|c|\u2606FanMac|I only lost because of flash fire\n|c|\u2606FanMac|sad\n|c|\u2606FanMac|gg\n|\n|t:|1700524013\n|move|p1a: Lilligant|Bullet Seed|p2a: Chi-Yu\n|-resisted|p2a: Chi-Yu\n|-damage|p2a: Chi-Yu|0 fnt\n|faint|p2a: Chi-Yu\n|-hitcount|p2: Chi-Yu|1\n|\n|win|Luigi3641\n|raw|Luigi3641's rating: 1236 &rarr; <strong>1266<\/strong><br \/>(+30 for winning)\n|raw|FanMac's rating: 1302 &rarr; <strong>1278<\/strong><br \/>(-24 for losing)\n|l|\u2606FanMac\n","uploadtime":1700524042,"views":0,"p1id":"luigi3641","p2id":"fanmac","formatid":"gen9anythinggoes","rating":1266,"private":0,"password":""}