{"id":"gen9anythinggoes-1999334294","p1":"Mean Mice","p2":"jjohns8","format":"[Gen 9] Anything Goes","log":"|j|\u2606Mean Mice\n|j|\u2606jjohns8\n|t:|1701062040\n|gametype|singles\n|player|p1|Mean Mice|1|1076\n|player|p2|jjohns8|266|1157\n|teamsize|p1|6\n|teamsize|p2|6\n|gen|9\n|tier|[Gen 9] Anything Goes\n|rated|\n|rule|HP Percentage Mod: HP is shown in percentages\n|rule|Endless Battle Clause: Forcing endless battles is banned\n|clearpoke\n|poke|p1|Swadloon, M|\n|poke|p1|Cyclizar, M|\n|poke|p1|Dragapult, M|\n|poke|p1|Mew|\n|poke|p1|Muk-Alola, F|\n|poke|p1|Diancie|\n|poke|p2|Zoroark-Hisui, F|\n|poke|p2|Lycanroc-Dusk, F|\n|poke|p2|Infernape, F|\n|poke|p2|Cloyster, F|\n|poke|p2|Urshifu-*, M|\n|poke|p2|Grafaiai, M|\n|teampreview\n|inactive|Battle timer is ON: inactive players will automatically lose when time's up. (requested by jjohns8)\n|\n|t:|1701062050\n|start\n|switch|p1a: Cyclizar|Cyclizar, M|100\/100\n|switch|p2a: Grafaiai|Grafaiai, M|100\/100\n|turn|1\n|\n|t:|1701062056\n|move|p2a: Grafaiai|Toxic|p1a: Cyclizar\n|-status|p1a: Cyclizar|tox\n|move|p1a: Cyclizar|Shed Tail|p1a: Cyclizar\n|-start|p1a: Cyclizar|Substitute|[from] move: Shed Tail\n|-damage|p1a: Cyclizar|50\/100 tox\n|-enditem|p1a: Cyclizar|Sitrus Berry|[eat]\n|-heal|p1a: Cyclizar|75\/100 tox|[from] item: Sitrus Berry\n|\n|t:|1701062067\n|switch|p1a: Diancie|Diancie|100\/100|[from] Shed Tail\n|\n|upkeep\n|turn|2\n|\n|t:|1701062072\n|move|p2a: Grafaiai|Poison Jab|p1a: Diancie\n|-activate|p1a: Diancie|move: Substitute|[damage]\n|move|p1a: Diancie|Iron Defense|p1a: Diancie\n|-boost|p1a: Diancie|def|2\n|\n|upkeep\n|turn|3\n|\n|t:|1701062075\n|move|p2a: Grafaiai|Poison Jab|p1a: Diancie\n|-end|p1a: Diancie|Substitute\n|move|p1a: Diancie|Iron Defense|p1a: Diancie\n|-boost|p1a: Diancie|def|2\n|\n|upkeep\n|turn|4\n|\n|t:|1701062080\n|move|p2a: Grafaiai|Toxic|p1a: Diancie\n|-status|p1a: Diancie|tox\n|move|p1a: Diancie|Substitute|p1a: Diancie\n|-start|p1a: Diancie|Substitute\n|-damage|p1a: Diancie|76\/100 tox\n|\n|-heal|p1a: Diancie|82\/100 tox|[from] item: Leftovers\n|-damage|p1a: Diancie|76\/100 tox|[from] psn\n|upkeep\n|turn|5\n|\n|t:|1701062085\n|move|p2a: Grafaiai|Knock Off|p1a: Diancie\n|-resisted|p1a: Diancie\n|-activate|p1a: Diancie|move: Substitute|[damage]\n|move|p1a: Diancie|Iron Defense|p1a: Diancie\n|-boost|p1a: Diancie|def|2\n|\n|-heal|p1a: Diancie|82\/100 tox|[from] item: Leftovers\n|-damage|p1a: Diancie|70\/100 tox|[from] psn\n|upkeep\n|turn|6\n|\n|t:|1701062090\n|move|p2a: Grafaiai|Knock Off|p1a: Diancie\n|-resisted|p1a: Diancie\n|-activate|p1a: Diancie|move: Substitute|[damage]\n|move|p1a: Diancie|Calm Mind|p1a: Diancie\n|-boost|p1a: Diancie|spa|1\n|-boost|p1a: Diancie|spd|1\n|\n|-heal|p1a: Diancie|76\/100 tox|[from] item: Leftovers\n|-damage|p1a: Diancie|58\/100 tox|[from] psn\n|upkeep\n|turn|7\n|\n|t:|1701062095\n|move|p2a: Grafaiai|Knock Off|p1a: Diancie\n|-resisted|p1a: Diancie\n|-activate|p1a: Diancie|move: Substitute|[damage]\n|move|p1a: Diancie|Calm Mind|p1a: Diancie\n|-boost|p1a: Diancie|spa|1\n|-boost|p1a: Diancie|spd|1\n|\n|-heal|p1a: Diancie|64\/100 tox|[from] item: Leftovers\n|-damage|p1a: Diancie|40\/100 tox|[from] psn\n|upkeep\n|turn|8\n|\n|t:|1701062101\n|move|p2a: Grafaiai|Knock Off|p1a: Diancie\n|-resisted|p1a: Diancie\n|-activate|p1a: Diancie|move: Substitute|[damage]\n|move|p1a: Diancie|Baton Pass|p1a: Diancie\n|\n|t:|1701062109\n|switch|p1a: Dragapult|Dragapult, M|100\/100|[from] Baton Pass\n|\n|upkeep\n|turn|9\n|\n|t:|1701062115\n|move|p1a: Dragapult|Substitute|p1a: Dragapult\n|-fail|p1a: Dragapult|move: Substitute\n|move|p2a: Grafaiai|Knock Off|p1a: Dragapult\n|-supereffective|p1a: Dragapult\n|-end|p1a: Dragapult|Substitute\n|\n|upkeep\n|turn|10\n|\n|t:|1701062121\n|move|p2a: Grafaiai|Toxic|p1a: Dragapult\n|-status|p1a: Dragapult|tox\n|move|p1a: Dragapult|Dragon Dance|p1a: Dragapult\n|-boost|p1a: Dragapult|atk|1\n|-boost|p1a: Dragapult|spe|1\n|\n|-damage|p1a: Dragapult|94\/100 tox|[from] psn\n|upkeep\n|turn|11\n|\n|t:|1701062125\n|move|p2a: Grafaiai|Switcheroo|p1a: Dragapult\n|-activate|p2a: Grafaiai|move: Trick|[of] p1a: Dragapult\n|-item|p1a: Dragapult|Black Sludge|[from] move: Switcheroo\n|-item|p2a: Grafaiai|Leftovers|[from] move: Switcheroo\n|move|p1a: Dragapult|Substitute|p1a: Dragapult\n|-start|p1a: Dragapult|Substitute\n|-damage|p1a: Dragapult|69\/100 tox\n|\n|-damage|p1a: Dragapult|57\/100 tox|[from] item: Black Sludge\n|-damage|p1a: Dragapult|45\/100 tox|[from] psn\n|upkeep\n|turn|12\n|\n|t:|1701062133\n|move|p1a: Dragapult|Dragon Dance|p1a: Dragapult\n|-boost|p1a: Dragapult|atk|1\n|-boost|p1a: Dragapult|spe|1\n|move|p2a: Grafaiai|Knock Off|p1a: Dragapult\n|-supereffective|p1a: Dragapult\n|-activate|p1a: Dragapult|move: Substitute|[damage]\n|\n|-damage|p1a: Dragapult|33\/100 tox|[from] item: Black Sludge\n|-damage|p1a: Dragapult|14\/100 tox|[from] psn\n|upkeep\n|turn|13\n|\n|t:|1701062141\n|move|p1a: Dragapult|Baton Pass|p1a: Dragapult\n|\n|t:|1701062143\n|switch|p1a: Mew|Mew|100\/100|[from] Baton Pass\n|move|p2a: Grafaiai|Knock Off|p1a: Mew\n|-supereffective|p1a: Mew\n|-end|p1a: Mew|Substitute\n|\n|upkeep\n|turn|14\n|\n|t:|1701062150\n|move|p2a: Grafaiai|Toxic|p1a: Mew\n|-status|p1a: Mew|tox\n|-activate|p1a: Mew|ability: Synchronize\n|-immune|p2a: Grafaiai\n|move|p1a: Mew|Substitute|p1a: Mew\n|-start|p1a: Mew|Substitute\n|-damage|p1a: Mew|75\/100 tox\n|\n|-heal|p1a: Mew|82\/100 tox|[from] item: Leftovers\n|-damage|p1a: Mew|75\/100 tox|[from] psn\n|upkeep\n|turn|15\n|\n|t:|1701062154\n|move|p1a: Mew|Dragon Dance|p1a: Mew\n|-boost|p1a: Mew|atk|1\n|-boost|p1a: Mew|spe|1\n|move|p2a: Grafaiai|Knock Off|p1a: Mew\n|-supereffective|p1a: Mew\n|-activate|p1a: Mew|move: Substitute|[damage]\n|\n|-heal|p1a: Mew|82\/100 tox|[from] item: Leftovers\n|-damage|p1a: Mew|69\/100 tox|[from] psn\n|upkeep\n|turn|16\n|\n|t:|1701062157\n|move|p1a: Mew|Dragon Dance|p1a: Mew\n|-boost|p1a: Mew|atk|1\n|-boost|p1a: Mew|spe|1\n|move|p2a: Grafaiai|Knock Off|p1a: Mew\n|-supereffective|p1a: Mew\n|-end|p1a: Mew|Substitute\n|\n|-heal|p1a: Mew|75\/100 tox|[from] item: Leftovers\n|-damage|p1a: Mew|57\/100 tox|[from] psn\n|upkeep\n|turn|17\n|\n|t:|1701062164\n|move|p1a: Mew|Substitute|p1a: Mew\n|-start|p1a: Mew|Substitute\n|-damage|p1a: Mew|32\/100 tox\n|move|p2a: Grafaiai|Poison Jab|p1a: Mew\n|-activate|p1a: Mew|move: Substitute|[damage]\n|\n|-heal|p1a: Mew|38\/100 tox|[from] item: Leftovers\n|-damage|p1a: Mew|13\/100 tox|[from] psn\n|upkeep\n|turn|18\n|\n|t:|1701062172\n|move|p1a: Mew|Baton Pass|p1a: Mew\n|\n|t:|1701062175\n|switch|p1a: Swadloon|Swadloon, M|100\/100|[from] Baton Pass\n|move|p2a: Grafaiai|Knock Off|p1a: Swadloon\n|-activate|p1a: Swadloon|move: Substitute|[damage]\n|\n|upkeep\n|turn|19\n|\n|t:|1701062179\n|-terastallize|p1a: Swadloon|Ground\n|move|p1a: Swadloon|Tera Blast|p2a: Grafaiai|[anim] Tera Blast Ground\n|-supereffective|p2a: Grafaiai\n|-damage|p2a: Grafaiai|0 fnt\n|faint|p2a: Grafaiai\n|-damage|p1a: Swadloon|91\/100|[from] item: Life Orb\n|\n|upkeep\n|\n|t:|1701062189\n|switch|p2a: Infernape|Infernape, F|100\/100\n|turn|20\n|\n|t:|1701062191\n|move|p1a: Swadloon|Tera Blast|p2a: Infernape|[anim] Tera Blast Ground\n|-damage|p2a: Infernape|0 fnt\n|replace|p2a: Zoroark|Zoroark-Hisui, F\n|-end|p2a: Zoroark|Illusion\n|faint|p2a: Zoroark\n|-damage|p1a: Swadloon|81\/100|[from] item: Life Orb\n|\n|upkeep\n|\n|t:|1701062196\n|switch|p2a: Urshifu|Urshifu-Rapid-Strike, M|100\/100\n|turn|21\n|-message|jjohns8 forfeited.\n|\n|win|Mean Mice\n|raw|Mean Mice's rating: 1076 &rarr; <strong>1111<\/strong><br \/>(+35 for winning)\n|raw|jjohns8's rating: 1157 &rarr; <strong>1126<\/strong><br \/>(-31 for losing)\n|l|\u2606jjohns8\n","uploadtime":1701062206,"views":1,"p1id":"meanmice","p2id":"jjohns8","formatid":"gen9anythinggoes","rating":1111,"private":0,"password":""}