{"id":"gen9anythinggoes-1987709969","p1":"2448a","p2":"BloomingFlowerSea","format":"[Gen 9] Anything Goes","log":"|j|\u26062448a\n|j|\u2606BloomingFlowerSea\n|t:|1699629817\n|gametype|singles\n|player|p1|2448a|backersf|1832\n|player|p2|BloomingFlowerSea|lillie-masters|1759\n|teamsize|p1|6\n|teamsize|p2|6\n|gen|9\n|tier|[Gen 9] Anything Goes\n|rated|\n|rule|HP Percentage Mod: HP is shown in percentages\n|rule|Endless Battle Clause: Forcing endless battles is banned\n|clearpoke\n|poke|p1|Kingambit, F|\n|poke|p1|Ting-Lu|\n|poke|p1|Eternatus|\n|poke|p1|Calyrex-Shadow|\n|poke|p1|Landorus-Therian, M|\n|poke|p1|Koraidon|\n|poke|p2|Rayquaza|\n|poke|p2|Koraidon|\n|poke|p2|Mandibuzz, F|\n|poke|p2|Arceus-Ground|\n|poke|p2|Kyogre|\n|poke|p2|Calyrex-Shadow|\n|teampreview\n|inactive|Battle timer is ON: inactive players will automatically lose when time's up. (requested by 2448a)\n|\n|t:|1699629826\n|start\n|switch|p1a: In The Clouds|Landorus-Therian, M, shiny|100\/100\n|switch|p2a: Arceus|Arceus-Ground|100\/100\n|-ability|p1a: In The Clouds|Intimidate|boost\n|-unboost|p2a: Arceus|atk|1\n|turn|1\n|\n|t:|1699629830\n|switch|p1a: Desert Anchor|Ting-Lu|100\/100\n|-ability|p1a: Desert Anchor|Vessel of Ruin\n|move|p2a: Arceus|Taunt|p1a: Desert Anchor\n|-start|p1a: Desert Anchor|move: Taunt\n|\n|upkeep\n|turn|2\n|\n|t:|1699629833\n|move|p2a: Arceus|Stealth Rock|p1a: Desert Anchor\n|-sidestart|p1: 2448a|move: Stealth Rock\n|move|p1a: Desert Anchor|Ruination|p2a: Arceus\n|-damage|p2a: Arceus|51\/100\n|\n|upkeep\n|turn|3\n|\n|t:|1699629836\n|move|p2a: Arceus|Judgment|p1a: Desert Anchor\n|-damage|p1a: Desert Anchor|76\/100\n|move|p1a: Desert Anchor|Ruination|p2a: Arceus\n|-damage|p2a: Arceus|26\/100\n|\n|-heal|p1a: Desert Anchor|82\/100|[from] item: Leftovers\n|-end|p1a: Desert Anchor|move: Taunt\n|upkeep\n|turn|4\n|\n|t:|1699629841\n|move|p2a: Arceus|Taunt|p1a: Desert Anchor\n|-start|p1a: Desert Anchor|move: Taunt\n|move|p1a: Desert Anchor|Ruination|p2a: Arceus\n|-damage|p2a: Arceus|13\/100\n|\n|-heal|p1a: Desert Anchor|88\/100|[from] item: Leftovers\n|upkeep\n|turn|5\n|j| peagmpmpos\n|\n|t:|1699629842\n|move|p2a: Arceus|Judgment|p1a: Desert Anchor\n|-damage|p1a: Desert Anchor|65\/100\n|move|p1a: Desert Anchor|Ruination|p2a: Arceus\n|-damage|p2a: Arceus|7\/100\n|\n|-heal|p1a: Desert Anchor|71\/100|[from] item: Leftovers\n|upkeep\n|turn|6\n|\n|t:|1699629846\n|move|p2a: Arceus|Icy Wind|p1a: Desert Anchor\n|-supereffective|p1a: Desert Anchor\n|-damage|p1a: Desert Anchor|54\/100\n|-unboost|p1a: Desert Anchor|spe|1\n|move|p1a: Desert Anchor|Earthquake|p2a: Arceus\n|-damage|p2a: Arceus|0 fnt\n|faint|p2a: Arceus\n|\n|-heal|p1a: Desert Anchor|61\/100|[from] item: Leftovers\n|-end|p1a: Desert Anchor|move: Taunt\n|upkeep\n|\n|t:|1699629860\n|switch|p2a: Rayquaza|Rayquaza|100\/100\n|-ability|p2a: Rayquaza|Air Lock\n|turn|7\n|\n|t:|1699629863\n|switch|p1a: In The Clouds|Landorus-Therian, M, shiny|100\/100\n|-damage|p1a: In The Clouds|88\/100|[from] Stealth Rock\n|-ability|p1a: In The Clouds|Intimidate|boost\n|-unboost|p2a: Rayquaza|atk|1\n|move|p2a: Rayquaza|Dragon Ascent|p1a: In The Clouds\n|-damage|p1a: In The Clouds|35\/100\n|-unboost|p2a: Rayquaza|def|1\n|-unboost|p2a: Rayquaza|spd|1\n|-damage|p2a: Rayquaza|84\/100|[from] item: Rocky Helmet|[of] p1a: In The Clouds\n|\n|upkeep\n|turn|8\n|\n|t:|1699629878\n|switch|p1a: Eternal Suffering|Eternatus, shiny|100\/100\n|-ability|p1a: Eternal Suffering|Pressure\n|move|p2a: Rayquaza|Dragon Ascent|p1a: Eternal Suffering\n|-damage|p1a: Eternal Suffering|42\/100\n|-unboost|p2a: Rayquaza|def|1\n|-unboost|p2a: Rayquaza|spd|1\n|\n|upkeep\n|turn|9\n|\n|t:|1699629885\n|switch|p1a: In The Clouds|Landorus-Therian, M, shiny|35\/100\n|-damage|p1a: In The Clouds|23\/100|[from] Stealth Rock\n|-ability|p1a: In The Clouds|Intimidate|boost\n|-unboost|p2a: Rayquaza|atk|1\n|switch|p2a: Kyogre|Kyogre|100\/100\n|-weather|RainDance|[from] ability: Drizzle|[of] p2a: Kyogre\n|\n|-weather|RainDance|[upkeep]\n|upkeep\n|turn|10\n|\n|t:|1699629894\n|move|p1a: In The Clouds|Stealth Rock|p2a: Kyogre\n|-sidestart|p2: BloomingFlowerSea|move: Stealth Rock\n|move|p2a: Kyogre|Surf|p1a: In The Clouds\n|-supereffective|p1a: In The Clouds\n|-crit|p1a: In The Clouds\n|-damage|p1a: In The Clouds|0 fnt\n|faint|p1a: In The Clouds\n|\n|-weather|RainDance|[upkeep]\n|upkeep\n|\n|t:|1699629900\n|switch|p1a: Featured Today|Koraidon|100\/100\n|-damage|p1a: Featured Today|94\/100|[from] Stealth Rock\n|-weather|SunnyDay|[from] ability: Orichalcum Pulse|[of] p1a: Featured Today\n|-activate|p1a: Featured Today|Orichalcum Pulse|[source]\n|turn|11\n|\n|t:|1699629907\n|move|p1a: Featured Today|U-turn|p2a: Kyogre\n|-damage|p2a: Kyogre|78\/100\n|\n|t:|1699629911\n|switch|p1a: The Botez Gambit|Kingambit, F, shiny|100\/100|[from] U-turn\n|-damage|p1a: The Botez Gambit|94\/100|[from] Stealth Rock\n|-activate|p1a: The Botez Gambit|ability: Supreme Overlord\n|-start|p1a: The Botez Gambit|fallen1|[silent]\n|move|p2a: Kyogre|Thunder Wave|p1a: The Botez Gambit\n|-status|p1a: The Botez Gambit|par\n|\n|-weather|SunnyDay|[upkeep]\n|-heal|p2a: Kyogre|84\/100|[from] item: Leftovers\n|-heal|p1a: The Botez Gambit|100\/100 par|[from] item: Leftovers\n|upkeep\n|turn|12\n|\n|t:|1699629916\n|switch|p2a: Koraidon|Koraidon|100\/100\n|-damage|p2a: Koraidon|94\/100|[from] Stealth Rock\n|-activate|p2a: Koraidon|ability: Orichalcum Pulse\n|move|p1a: The Botez Gambit|Swords Dance|p1a: The Botez Gambit\n|-boost|p1a: The Botez Gambit|atk|2\n|\n|-weather|SunnyDay|[upkeep]\n|upkeep\n|turn|13\n|\n|t:|1699629923\n|-terastallize|p1a: The Botez Gambit|Flying\n|move|p2a: Koraidon|Flare Blitz|p1a: The Botez Gambit\n|-damage|p1a: The Botez Gambit|23\/100 par\n|-damage|p2a: Koraidon|69\/100|[from] Recoil\n|move|p1a: The Botez Gambit|Low Kick|p2a: Koraidon\n|-damage|p2a: Koraidon|0 fnt\n|faint|p2a: Koraidon\n|\n|-weather|SunnyDay|[upkeep]\n|-heal|p1a: The Botez Gambit|29\/100 par|[from] item: Leftovers\n|upkeep\n|\n|t:|1699629930\n|switch|p2a: Calyrex|Calyrex-Shadow|100\/100\n|-ability|p2a: Calyrex|As One\n|-ability|p2a: Calyrex|Unnerve\n|turn|14\n|\n|t:|1699629933\n|move|p1a: The Botez Gambit|Sucker Punch||[still]\n|-fail|p1a: The Botez Gambit\n|move|p2a: Calyrex|Encore|p1a: The Botez Gambit\n|-start|p1a: The Botez Gambit|Encore\n|\n|-weather|SunnyDay|[upkeep]\n|-heal|p1a: The Botez Gambit|35\/100 par|[from] item: Leftovers\n|upkeep\n|turn|15\n|\n|t:|1699629939\n|switch|p2a: Rayquaza|Rayquaza|84\/100\n|-damage|p2a: Rayquaza|59\/100|[from] Stealth Rock\n|-ability|p2a: Rayquaza|Air Lock\n|-end|p1a: The Botez Gambit|fallen1|[silent]\n|switch|p1a: Desert Anchor|Ting-Lu|61\/100\n|-damage|p1a: Desert Anchor|54\/100|[from] Stealth Rock\n|-ability|p1a: Desert Anchor|Vessel of Ruin\n|\n|-weather|none\n|-heal|p1a: Desert Anchor|61\/100|[from] item: Leftovers\n|upkeep\n|turn|16\n|\n|t:|1699629949\n|switch|p1a: The Botez Gambit|Kingambit, F, shiny, tera:Flying|35\/100 par\n|-damage|p1a: The Botez Gambit|10\/100 par|[from] Stealth Rock\n|-activate|p1a: The Botez Gambit|ability: Supreme Overlord\n|-start|p1a: The Botez Gambit|fallen1|[silent]\n|move|p2a: Rayquaza|Dragon Ascent|p1a: The Botez Gambit\n|-damage|p1a: The Botez Gambit|0 fnt\n|-unboost|p2a: Rayquaza|def|1\n|-unboost|p2a: Rayquaza|spd|1\n|faint|p1a: The Botez Gambit\n|-end|p1a: The Botez Gambit|fallen1|[silent]\n|\n|upkeep\n|\n|t:|1699629956\n|switch|p1a: Eternal Suffering|Eternatus, shiny|42\/100\n|-ability|p1a: Eternal Suffering|Pressure\n|turn|17\n|\n|t:|1699629967\n|move|p1a: Eternal Suffering|Dynamax Cannon|p2a: Rayquaza\n|-supereffective|p2a: Rayquaza\n|-damage|p2a: Rayquaza|0 fnt\n|faint|p2a: Rayquaza\n|\n|upkeep\n|j| laprasplayer\n|\n|t:|1699629969\n|switch|p2a: Calyrex|Calyrex-Shadow|100\/100\n|-ability|p2a: Calyrex|As One\n|-ability|p2a: Calyrex|Unnerve\n|turn|18\n|\n|t:|1699629975\n|switch|p1a: Desert Anchor|Ting-Lu|61\/100\n|-damage|p1a: Desert Anchor|54\/100|[from] Stealth Rock\n|-ability|p1a: Desert Anchor|Vessel of Ruin\n|move|p2a: Calyrex|Grass Knot|p1a: Desert Anchor\n|-supereffective|p1a: Desert Anchor\n|-damage|p1a: Desert Anchor|12\/100\n|\n|-heal|p1a: Desert Anchor|18\/100|[from] item: Leftovers\n|upkeep\n|turn|19\n|\n|t:|1699629978\n|move|p2a: Calyrex|Grass Knot|p1a: Desert Anchor\n|-supereffective|p1a: Desert Anchor\n|-damage|p1a: Desert Anchor|0 fnt\n|faint|p1a: Desert Anchor\n|-ability|p2a: Calyrex|Grim Neigh|boost\n|-boost|p2a: Calyrex|spa|1\n|\n|upkeep\n|\n|t:|1699629982\n|switch|p1a: Featured Today|Koraidon|94\/100\n|-damage|p1a: Featured Today|88\/100|[from] Stealth Rock\n|-weather|SunnyDay|[from] ability: Orichalcum Pulse|[of] p1a: Featured Today\n|-activate|p1a: Featured Today|Orichalcum Pulse|[source]\n|turn|20\n|\n|t:|1699629986\n|switch|p2a: Kyogre|Kyogre|84\/100\n|-damage|p2a: Kyogre|71\/100|[from] Stealth Rock\n|-weather|RainDance|[from] ability: Drizzle|[of] p2a: Kyogre\n|move|p1a: Featured Today|Outrage|p2a: Kyogre\n|-damage|p2a: Kyogre|24\/100\n|\n|-weather|RainDance|[upkeep]\n|-heal|p2a: Kyogre|30\/100|[from] item: Leftovers\n|upkeep\n|turn|21\n|\n|t:|1699629995\n|-terastallize|p2a: Kyogre|Fairy\n|move|p1a: Featured Today|Outrage|p2a: Kyogre|[from]lockedmove\n|-immune|p2a: Kyogre\n|move|p2a: Kyogre|Thunder Wave|p1a: Featured Today\n|-status|p1a: Featured Today|par\n|\n|-weather|RainDance|[upkeep]\n|-heal|p2a: Kyogre|36\/100|[from] item: Leftovers\n|upkeep\n|turn|22\n|\n|t:|1699630003\n|switch|p1a: Eternal Suffering|Eternatus, shiny|42\/100\n|-ability|p1a: Eternal Suffering|Pressure\n|move|p2a: Kyogre|Ice Beam|p1a: Eternal Suffering\n|-supereffective|p1a: Eternal Suffering\n|-damage|p1a: Eternal Suffering|6\/100\n|\n|-weather|RainDance|[upkeep]\n|-heal|p2a: Kyogre|42\/100|[from] item: Leftovers\n|upkeep\n|turn|23\n|\n|t:|1699630010\n|move|p1a: Eternal Suffering|Recover|p1a: Eternal Suffering\n|-heal|p1a: Eternal Suffering|56\/100\n|move|p2a: Kyogre|Ice Beam|p1a: Eternal Suffering\n|-supereffective|p1a: Eternal Suffering\n|-damage|p1a: Eternal Suffering|16\/100\n|\n|-weather|RainDance|[upkeep]\n|-heal|p2a: Kyogre|48\/100|[from] item: Leftovers\n|upkeep\n|turn|24\n|\n|t:|1699630014\n|move|p1a: Eternal Suffering|Toxic Spikes|p2a: Kyogre\n|-sidestart|p2: BloomingFlowerSea|move: Toxic Spikes\n|move|p2a: Kyogre|Thunder Wave|p1a: Eternal Suffering\n|-status|p1a: Eternal Suffering|par\n|\n|-weather|none\n|-heal|p2a: Kyogre|55\/100|[from] item: Leftovers\n|upkeep\n|turn|25\n|\n|t:|1699630017\n|move|p2a: Kyogre|Ice Beam|p1a: Eternal Suffering\n|-supereffective|p1a: Eternal Suffering\n|-damage|p1a: Eternal Suffering|0 fnt\n|faint|p1a: Eternal Suffering\n|\n|-heal|p2a: Kyogre|61\/100|[from] item: Leftovers\n|upkeep\n|\n|t:|1699630022\n|switch|p1a: The Dark Horse|Calyrex-Shadow|100\/100\n|-ability|p1a: The Dark Horse|As One\n|-ability|p1a: The Dark Horse|Unnerve\n|turn|26\n|\n|t:|1699630026\n|move|p1a: The Dark Horse|Encore|p2a: Kyogre\n|-start|p2a: Kyogre|Encore\n|move|p2a: Kyogre|Ice Beam|p1a: The Dark Horse\n|-damage|p1a: The Dark Horse|73\/100\n|\n|-heal|p2a: Kyogre|67\/100|[from] item: Leftovers\n|upkeep\n|turn|27\n|\n|t:|1699630028\n|switch|p2a: Mandibuzz|Mandibuzz, F|100\/100\n|move|p1a: The Dark Horse|Nasty Plot|p1a: The Dark Horse\n|-boost|p1a: The Dark Horse|spa|2\n|\n|upkeep\n|turn|28\n|\n|t:|1699630037\n|switch|p1a: Featured Today|Koraidon|88\/100 par\n|-damage|p1a: Featured Today|82\/100 par|[from] Stealth Rock\n|-weather|SunnyDay|[from] ability: Orichalcum Pulse|[of] p1a: Featured Today\n|-activate|p1a: Featured Today|Orichalcum Pulse|[source]\n|move|p2a: Mandibuzz|Knock Off|p1a: Featured Today\n|-resisted|p1a: Featured Today\n|-damage|p1a: Featured Today|72\/100 par\n|-enditem|p1a: Featured Today|Choice Scarf|[from] move: Knock Off|[of] p2a: Mandibuzz\n|\n|-weather|SunnyDay|[upkeep]\n|upkeep\n|turn|29\n|\n|t:|1699630047\n|switch|p2a: Kyogre|Kyogre, tera:Fairy|67\/100\n|-damage|p2a: Kyogre|55\/100|[from] Stealth Rock\n|-status|p2a: Kyogre|psn\n|-weather|RainDance|[from] ability: Drizzle|[of] p2a: Kyogre\n|cant|p1a: Featured Today|par\n|\n|-weather|RainDance|[upkeep]\n|-heal|p2a: Kyogre|61\/100 psn|[from] item: Leftovers\n|-damage|p2a: Kyogre|48\/100 psn|[from] psn\n|upkeep\n|turn|30\n|\n|t:|1699630053\n|move|p2a: Kyogre|Ice Beam|p1a: Featured Today\n|-supereffective|p1a: Featured Today\n|-damage|p1a: Featured Today|19\/100 par\n|cant|p1a: Featured Today|par\n|\n|-weather|RainDance|[upkeep]\n|-heal|p2a: Kyogre|55\/100 psn|[from] item: Leftovers\n|-damage|p2a: Kyogre|42\/100 psn|[from] psn\n|upkeep\n|turn|31\n|\n|t:|1699630058\n|switch|p1a: The Dark Horse|Calyrex-Shadow|73\/100\n|-ability|p1a: The Dark Horse|As One\n|-ability|p1a: The Dark Horse|Unnerve\n|move|p2a: Kyogre|Ice Beam|p1a: The Dark Horse\n|-crit|p1a: The Dark Horse\n|-damage|p1a: The Dark Horse|33\/100\n|-status|p1a: The Dark Horse|frz\n|\n|-weather|RainDance|[upkeep]\n|-heal|p2a: Kyogre|48\/100 psn|[from] item: Leftovers\n|-damage|p2a: Kyogre|36\/100 psn|[from] psn\n|upkeep\n|turn|32\n|\n|t:|1699630060\n|cant|p1a: The Dark Horse|frz\n|move|p2a: Kyogre|Surf|p1a: The Dark Horse\n|-damage|p1a: The Dark Horse|0 fnt\n|faint|p1a: The Dark Horse\n|\n|-weather|RainDance|[upkeep]\n|-heal|p2a: Kyogre|42\/100 psn|[from] item: Leftovers\n|-damage|p2a: Kyogre|30\/100 psn|[from] psn\n|upkeep\n|\n|t:|1699630062\n|switch|p1a: Featured Today|Koraidon|19\/100 par\n|-damage|p1a: Featured Today|13\/100 par|[from] Stealth Rock\n|-weather|SunnyDay|[from] ability: Orichalcum Pulse|[of] p1a: Featured Today\n|-activate|p1a: Featured Today|Orichalcum Pulse|[source]\n|turn|33\n|\n|t:|1699630064\n|move|p2a: Kyogre|Ice Beam|p1a: Featured Today\n|-supereffective|p1a: Featured Today\n|-damage|p1a: Featured Today|0 fnt\n|faint|p1a: Featured Today\n|\n|win|BloomingFlowerSea\n|raw|2448a's rating: 1832 &rarr; <strong>1808<\/strong><br \/>(-24 for losing)\n|raw|BloomingFlowerSea's rating: 1767 &rarr; <strong>1791<\/strong><br \/>(+24 for winning)\n|c|\u26062448a|e\n|l|\u2606BloomingFlowerSea\n|j| eurybie\n","uploadtime":1699630188,"views":3,"p1id":"2448a","p2id":"bloomingflowersea","formatid":"gen9anythinggoes","rating":1791,"private":0,"password":""}