{"id":"gen9anythinggoes-1995280823","p1":"i5i","p2":"GreenyLover","format":"[Gen 9] Anything Goes","log":"|j|\u2606i5i\n|j|\u2606GreenyLover\n|t:|1700546101\n|gametype|singles\n|player|p1|i5i|n|\n|player|p2|GreenyLover|266|\n|teamsize|p1|6\n|teamsize|p2|6\n|gen|9\n|tier|[Gen 9] Anything Goes\n|rule|HP Percentage Mod: HP is shown in percentages\n|rule|Endless Battle Clause: Forcing endless battles is banned\n|clearpoke\n|poke|p1|Brambleghast, F|\n|poke|p1|Mandibuzz, F|\n|poke|p1|Cyclizar, M|\n|poke|p1|Kommo-o, F|\n|poke|p1|Torkoal, F|\n|poke|p1|Mamoswine, M|\n|poke|p2|Klawf, F|\n|poke|p2|Dusknoir, M|\n|poke|p2|Basculin, F|\n|poke|p2|Probopass, M|\n|poke|p2|Slither Wing|\n|poke|p2|Torterra, M|\n|teampreview\n|inactive|Battle timer is ON: inactive players will automatically lose when time's up. (requested by i5i)\n|j| AvatarofChronos\n|\n|t:|1700546111\n|start\n|switch|p1a: Kommo-o|Kommo-o, F, shiny|100\/100\n|switch|p2a: Not Dinner|Probopass, M, shiny|100\/100\n|turn|1\n|\n|t:|1700546117\n|move|p1a: Kommo-o|Clangorous Soul|p1a: Kommo-o\n|-boost|p1a: Kommo-o|atk|1\n|-boost|p1a: Kommo-o|def|1\n|-boost|p1a: Kommo-o|spa|1\n|-boost|p1a: Kommo-o|spd|1\n|-boost|p1a: Kommo-o|spe|1\n|-damage|p1a: Kommo-o|68\/100\n|-enditem|p1a: Kommo-o|Throat Spray\n|-boost|p1a: Kommo-o|spa|1|[from] item: Throat Spray\n|move|p2a: Not Dinner|Stealth Rock|p1a: Kommo-o\n|-sidestart|p1: i5i|move: Stealth Rock\n|\n|upkeep\n|turn|2\n|l| AvatarofChronos\n|\n|t:|1700546131\n|move|p2a: Not Dinner|Protect|p2a: Not Dinner\n|-singleturn|p2a: Not Dinner|Protect\n|move|p1a: Kommo-o|Aura Sphere|p2a: Not Dinner\n|-activate|p2a: Not Dinner|move: Protect\n|\n|upkeep\n|turn|3\n|\n|t:|1700546136\n|move|p1a: Kommo-o|Aura Sphere|p2a: Not Dinner\n|-supereffective|p2a: Not Dinner\n|-ability|p2a: Not Dinner|Sturdy\n|-damage|p2a: Not Dinner|1\/100\n|move|p2a: Not Dinner|Body Slam|p1a: Kommo-o\n|-damage|p1a: Kommo-o|59\/100\n|\n|-heal|p2a: Not Dinner|7\/100|[from] item: Leftovers\n|upkeep\n|turn|4\n|\n|t:|1700546146\n|move|p2a: Not Dinner|Protect|p2a: Not Dinner\n|-singleturn|p2a: Not Dinner|Protect\n|move|p1a: Kommo-o|Aura Sphere|p2a: Not Dinner\n|-activate|p2a: Not Dinner|move: Protect\n|\n|-heal|p2a: Not Dinner|13\/100|[from] item: Leftovers\n|upkeep\n|turn|5\n|\n|t:|1700546154\n|move|p1a: Kommo-o|Aura Sphere|p2a: Not Dinner\n|-supereffective|p2a: Not Dinner\n|-damage|p2a: Not Dinner|0 fnt\n|faint|p2a: Not Dinner\n|\n|upkeep\n|\n|t:|1700546158\n|switch|p2a: I eat Dinner|Dusknoir, M, shiny|100\/100\n|-ability|p2a: I eat Dinner|Pressure\n|turn|6\n|\n|t:|1700546166\n|move|p1a: Kommo-o|Clangorous Soul|p1a: Kommo-o\n|-boost|p1a: Kommo-o|atk|1\n|-boost|p1a: Kommo-o|def|1\n|-boost|p1a: Kommo-o|spa|1\n|-boost|p1a: Kommo-o|spd|1\n|-boost|p1a: Kommo-o|spe|1\n|-damage|p1a: Kommo-o|26\/100\n|move|p2a: I eat Dinner|Will-O-Wisp|p1a: Kommo-o\n|-status|p1a: Kommo-o|brn\n|\n|-damage|p1a: Kommo-o|20\/100 brn|[from] brn\n|upkeep\n|turn|7\n|\n|t:|1700546183\n|switch|p2a: Gross Dinner|Slither Wing|100\/100\n|-enditem|p2a: Gross Dinner|Booster Energy\n|-activate|p2a: Gross Dinner|ability: Protosynthesis|[fromitem]\n|-start|p2a: Gross Dinner|protosynthesisatk\n|move|p1a: Kommo-o|Clanging Scales|p2a: Gross Dinner\n|-damage|p2a: Gross Dinner|0 fnt\n|faint|p2a: Gross Dinner\n|-end|p2a: Gross Dinner|Protosynthesis|[silent]\n|-unboost|p1a: Kommo-o|def|1\n|\n|-damage|p1a: Kommo-o|14\/100 brn|[from] brn\n|upkeep\n|\n|t:|1700546194\n|switch|p2a: Dinner II|Basculin, F, shiny|100\/100\n|turn|8\n|\n|t:|1700546199\n|move|p2a: Dinner II|Aqua Jet|p1a: Kommo-o\n|-resisted|p1a: Kommo-o\n|-damage|p1a: Kommo-o|3\/100 brn\n|move|p1a: Kommo-o|Clanging Scales|p2a: Dinner II\n|-damage|p2a: Dinner II|0 fnt\n|faint|p2a: Dinner II\n|-unboost|p1a: Kommo-o|def|1\n|\n|-damage|p1a: Kommo-o|0 fnt|[from] brn\n|faint|p1a: Kommo-o\n|upkeep\n|\n|t:|1700546210\n|switch|p2a: Nice Dinner :)|Klawf, F, shiny|100\/100\n|switch|p1a: Mandibuzz|Mandibuzz, F, shiny|100\/100\n|-damage|p1a: Mandibuzz|75\/100|[from] Stealth Rock\n|turn|9\n|\n|t:|1700546216\n|move|p2a: Nice Dinner :)|Rock Slide|p1a: Mandibuzz\n|-supereffective|p1a: Mandibuzz\n|-damage|p1a: Mandibuzz|40\/100\n|cant|p1a: Mandibuzz|flinch\n|\n|-heal|p1a: Mandibuzz|46\/100|[from] item: Leftovers\n|upkeep\n|turn|10\n|\n|t:|1700546222\n|move|p2a: Nice Dinner :)|Rock Slide|p1a: Mandibuzz\n|-supereffective|p1a: Mandibuzz\n|-crit|p1a: Mandibuzz\n|-damage|p1a: Mandibuzz|0 fnt\n|faint|p1a: Mandibuzz\n|\n|upkeep\n|\n|t:|1700546228\n|switch|p1a: Cyclizar|Cyclizar, M|100\/100\n|-damage|p1a: Cyclizar|88\/100|[from] Stealth Rock\n|turn|11\n|\n|t:|1700546237\n|move|p1a: Cyclizar|Shed Tail|p1a: Cyclizar\n|-start|p1a: Cyclizar|Substitute|[from] move: Shed Tail\n|-damage|p1a: Cyclizar|38\/100\n|\n|t:|1700546239\n|switch|p1a: Brambleghast|Brambleghast, F, shiny|100\/100|[from] Shed Tail\n|-damage|p1a: Brambleghast|88\/100|[from] Stealth Rock\n|move|p2a: Nice Dinner :)|Rock Slide|p1a: Brambleghast\n|-end|p1a: Brambleghast|Substitute\n|\n|upkeep\n|turn|12\n|\n|t:|1700546255\n|switch|p2a: I eat Dinner|Dusknoir, M, shiny|100\/100\n|-ability|p2a: I eat Dinner|Pressure\n|move|p1a: Brambleghast|Bullet Seed|p2a: I eat Dinner\n|-damage|p2a: I eat Dinner|86\/100\n|-damage|p2a: I eat Dinner|72\/100\n|-damage|p2a: I eat Dinner|59\/100\n|-damage|p2a: I eat Dinner|45\/100\n|-damage|p2a: I eat Dinner|30\/100\n|-hitcount|p2a: I eat Dinner|5\n|\n|upkeep\n|turn|13\n|\n|t:|1700546268\n|move|p2a: I eat Dinner|Poltergeist|p1a: Brambleghast\n|-activate|p1a: Brambleghast|move: Poltergeist|Loaded Dice\n|-supereffective|p1a: Brambleghast\n|-damage|p1a: Brambleghast|0 fnt\n|faint|p1a: Brambleghast\n|\n|upkeep\n|\n|t:|1700546274\n|switch|p1a: Cyclizar|Cyclizar, M|71\/100\n|-damage|p1a: Cyclizar|59\/100|[from] Stealth Rock\n|turn|14\n|\n|t:|1700546277\n|move|p2a: I eat Dinner|Poltergeist|p1a: Cyclizar\n|-immune|p1a: Cyclizar\n|move|p1a: Cyclizar|Shed Tail|p1a: Cyclizar\n|-start|p1a: Cyclizar|Substitute|[from] move: Shed Tail\n|-damage|p1a: Cyclizar|9\/100\n|\n|t:|1700546285\n|switch|p1a: Torkoal|Torkoal, F, shiny|100\/100|[from] Shed Tail\n|-damage|p1a: Torkoal|76\/100|[from] Stealth Rock\n|-weather|SunnyDay|[from] ability: Drought|[of] p1a: Torkoal\n|\n|-weather|SunnyDay|[upkeep]\n|-heal|p1a: Torkoal|82\/100|[from] item: Leftovers\n|upkeep\n|turn|15\n|\n|t:|1700546292\n|move|p2a: I eat Dinner|Poltergeist|p1a: Torkoal\n|-activate|p1a: Torkoal|move: Poltergeist|Leftovers\n|-end|p1a: Torkoal|Substitute\n|move|p1a: Torkoal|Shell Smash|p1a: Torkoal\n|-unboost|p1a: Torkoal|def|1\n|-unboost|p1a: Torkoal|spd|1\n|-boost|p1a: Torkoal|atk|2\n|-boost|p1a: Torkoal|spa|2\n|-boost|p1a: Torkoal|spe|2\n|\n|-weather|SunnyDay|[upkeep]\n|-heal|p1a: Torkoal|88\/100|[from] item: Leftovers\n|upkeep\n|turn|16\n|\n|t:|1700546307\n|move|p2a: I eat Dinner|Poltergeist|p1a: Torkoal\n|-activate|p1a: Torkoal|move: Poltergeist|Leftovers\n|-damage|p1a: Torkoal|22\/100\n|move|p1a: Torkoal|Shell Smash|p1a: Torkoal\n|-unboost|p1a: Torkoal|def|1\n|-unboost|p1a: Torkoal|spd|1\n|-boost|p1a: Torkoal|atk|2\n|-boost|p1a: Torkoal|spa|2\n|-boost|p1a: Torkoal|spe|2\n|\n|-weather|SunnyDay|[upkeep]\n|-heal|p1a: Torkoal|28\/100|[from] item: Leftovers\n|upkeep\n|turn|17\n|\n|t:|1700546317\n|move|p1a: Torkoal|Eruption|p2a: I eat Dinner\n|-damage|p2a: I eat Dinner|0 fnt\n|faint|p2a: I eat Dinner\n|\n|-weather|SunnyDay|[upkeep]\n|-heal|p1a: Torkoal|34\/100|[from] item: Leftovers\n|upkeep\n|\n|t:|1700546323\n|switch|p2a: Nice Dinner :)|Klawf, F, shiny|100\/100\n|turn|18\n|\n|t:|1700546327\n|move|p1a: Torkoal|Earth Power|p2a: Nice Dinner :)\n|-supereffective|p2a: Nice Dinner :)\n|-damage|p2a: Nice Dinner :)|0 fnt\n|faint|p2a: Nice Dinner :)\n|\n|-weather|none\n|-heal|p1a: Torkoal|40\/100|[from] item: Leftovers\n|upkeep\n|\n|t:|1700546333\n|switch|p2a: Healthy Dinner|Torterra, M, shiny|100\/100\n|turn|19\n|\n|t:|1700546336\n|move|p1a: Torkoal|Flamethrower|p2a: Healthy Dinner\n|-supereffective|p2a: Healthy Dinner\n|-damage|p2a: Healthy Dinner|0 fnt\n|faint|p2a: Healthy Dinner\n|\n|win|i5i\n|l|\u2606GreenyLover\n","uploadtime":1700546345,"views":4,"p1id":"i5i","p2id":"greenylover","formatid":"gen9anythinggoes","rating":0,"private":0,"password":""}