{"id":"gen9anythinggoes-1987300232","p1":"Ups1deD0wnSyndrome","p2":"Demigodfletch","format":"[Gen 9] Anything Goes","log":"|j|\u2606Ups1deD0wnSyndrome\n|j|\u2606Demigodfletch\n|t:|1699574865\n|gametype|singles\n|player|p1|Ups1deD0wnSyndrome|266|\n|player|p2|Demigodfletch|170|\n|teamsize|p1|6\n|teamsize|p2|6\n|gen|9\n|tier|[Gen 9] Anything Goes\n|rule|HP Percentage Mod: HP is shown in percentages\n|rule|Endless Battle Clause: Forcing endless battles is banned\n|clearpoke\n|poke|p1|Haxorus, F|\n|poke|p1|Garganacl, F|\n|poke|p1|Sylveon, M|\n|poke|p1|Palafin, M|\n|poke|p1|Quagsire, F|\n|poke|p1|Farigiraf, M|\n|poke|p2|Walking Wake|\n|poke|p2|Torkoal, F|\n|poke|p2|Mamoswine, M|\n|poke|p2|Klefki, M|\n|poke|p2|Spiritomb, M|\n|poke|p2|Slither Wing|\n|teampreview\n|\n|t:|1699574873\n|start\n|switch|p1a: Palafin|Palafin, M|100\/100\n|switch|p2a: Klefki|Klefki, M|100\/100\n|turn|1\n|\n|t:|1699574881\n|detailschange|p1a: Palafin|Palafin-Hero, M\n|switch|p1a: Garganacl|Garganacl, F|100\/100\n|move|p2a: Klefki|Thunder Wave|p1a: Garganacl\n|-immune|p1a: Garganacl|[from] ability: Purifying Salt\n|\n|upkeep\n|turn|2\n|\n|t:|1699574896\n|switch|p2a: Slither Wing|Slither Wing|100\/100\n|move|p1a: Garganacl|Salt Cure|p2a: Slither Wing\n|-damage|p2a: Slither Wing|75\/100\n|-start|p2a: Slither Wing|Salt Cure\n|\n|-damage|p2a: Slither Wing|63\/100|[from] Salt Cure\n|upkeep\n|turn|3\n|\n|t:|1699574919\n|switch|p1a: Quagsire|Quagsire, F|100\/100\n|move|p2a: Slither Wing|Close Combat|p1a: Quagsire\n|-damage|p1a: Quagsire|40\/100\n|-unboost|p2a: Slither Wing|def|1\n|-unboost|p2a: Slither Wing|spd|1\n|-damage|p2a: Slither Wing|53\/100|[from] item: Life Orb\n|\n|-heal|p1a: Quagsire|46\/100|[from] item: Leftovers\n|-damage|p2a: Slither Wing|41\/100|[from] Salt Cure\n|upkeep\n|turn|4\n|\n|t:|1699574940\n|-terastallize|p1a: Quagsire|Ghost\n|move|p2a: Slither Wing|Close Combat|p1a: Quagsire\n|-immune|p1a: Quagsire\n|move|p1a: Quagsire|Stealth Rock|p2a: Slither Wing\n|-sidestart|p2: Demigodfletch|move: Stealth Rock\n|\n|-heal|p1a: Quagsire|52\/100|[from] item: Leftovers\n|-damage|p2a: Slither Wing|28\/100|[from] Salt Cure\n|upkeep\n|turn|5\n|\n|t:|1699574962\n|move|p2a: Slither Wing|U-turn|p1a: Quagsire\n|-resisted|p1a: Quagsire\n|-damage|p1a: Quagsire|36\/100\n|-damage|p2a: Slither Wing|19\/100|[from] item: Life Orb\n|\n|t:|1699574975\n|-end|p2a: Slither Wing|Protosynthesis|[silent]\n|switch|p2a: Torkoal|Torkoal, F|100\/100|[from] U-turn\n|-damage|p2a: Torkoal|76\/100|[from] Stealth Rock\n|-weather|SunnyDay|[from] ability: Drought|[of] p2a: Torkoal\n|move|p1a: Quagsire|Recover|p1a: Quagsire\n|-heal|p1a: Quagsire|86\/100\n|\n|-weather|SunnyDay|[upkeep]\n|-heal|p1a: Quagsire|92\/100|[from] item: Leftovers\n|upkeep\n|turn|6\n|\n|t:|1699575017\n|switch|p2a: Spiritomb|Spiritomb, M|100\/100\n|-damage|p2a: Spiritomb|88\/100|[from] Stealth Rock\n|move|p1a: Quagsire|Curse|p2a: Spiritomb\n|-start|p2a: Spiritomb|Curse|[of] p1a: Quagsire\n|-damage|p1a: Quagsire|42\/100\n|\n|-weather|SunnyDay|[upkeep]\n|-heal|p2a: Spiritomb|94\/100|[from] item: Leftovers\n|-heal|p1a: Quagsire|48\/100|[from] item: Leftovers\n|-damage|p2a: Spiritomb|69\/100|[from] Curse\n|upkeep\n|turn|7\n|c|\u2606Demigodfletch|Youre a hoe for that\n|\n|t:|1699575033\n|move|p1a: Quagsire|Recover|p1a: Quagsire\n|-heal|p1a: Quagsire|98\/100\n|move|p2a: Spiritomb|Dark Pulse|p1a: Quagsire\n|-supereffective|p1a: Quagsire\n|-damage|p1a: Quagsire|2\/100\n|\n|-weather|SunnyDay|[upkeep]\n|-heal|p1a: Quagsire|8\/100|[from] item: Leftovers\n|-heal|p2a: Spiritomb|75\/100|[from] item: Leftovers\n|-damage|p2a: Spiritomb|51\/100|[from] Curse\n|upkeep\n|turn|8\n|\n|t:|1699575048\n|switch|p1a: Sylveon|Sylveon, M|100\/100\n|move|p2a: Spiritomb|Dark Pulse|p1a: Sylveon\n|-resisted|p1a: Sylveon\n|-damage|p1a: Sylveon|88\/100\n|\n|-weather|SunnyDay|[upkeep]\n|-heal|p2a: Spiritomb|57\/100|[from] item: Leftovers\n|-damage|p2a: Spiritomb|32\/100|[from] Curse\n|upkeep\n|turn|9\n|\n|t:|1699575070\n|switch|p2a: Klefki|Klefki, M|100\/100\n|-damage|p2a: Klefki|95\/100|[from] Stealth Rock\n|move|p1a: Sylveon|Shadow Ball|p2a: Klefki\n|-damage|p2a: Klefki|50\/100\n|-unboost|p2a: Klefki|spd|1\n|\n|-weather|SunnyDay|[upkeep]\n|-heal|p2a: Klefki|56\/100|[from] item: Leftovers\n|upkeep\n|turn|10\n|\n|t:|1699575082\n|switch|p1a: Garganacl|Garganacl, F|100\/100\n|move|p2a: Klefki|Thunder Wave|p1a: Garganacl|[miss]\n|-miss|p2a: Klefki|p1a: Garganacl\n|\n|-weather|SunnyDay|[upkeep]\n|-heal|p2a: Klefki|62\/100|[from] item: Leftovers\n|upkeep\n|turn|11\n|\n|t:|1699575098\n|move|p2a: Klefki|Calm Mind|p2a: Klefki\n|-boost|p2a: Klefki|spa|1\n|-boost|p2a: Klefki|spd|1\n|move|p1a: Garganacl|Salt Cure|p2a: Klefki\n|-resisted|p2a: Klefki\n|-damage|p2a: Klefki|50\/100\n|-start|p2a: Klefki|Salt Cure\n|\n|-weather|SunnyDay|[upkeep]\n|-heal|p2a: Klefki|56\/100|[from] item: Leftovers\n|-damage|p2a: Klefki|31\/100|[from] Salt Cure\n|upkeep\n|turn|12\n|\n|t:|1699575110\n|move|p2a: Klefki|Draining Kiss|p1a: Garganacl\n|-crit|p1a: Garganacl\n|-damage|p1a: Garganacl|73\/100\n|-heal|p2a: Klefki|57\/100|[from] drain|[of] p1a: Garganacl\n|move|p1a: Garganacl|Earthquake|p2a: Klefki\n|-supereffective|p2a: Klefki\n|-damage|p2a: Klefki|0 fnt\n|faint|p2a: Klefki\n|\n|-weather|none\n|upkeep\n|\n|t:|1699575121\n|switch|p2a: Slither Wing|Slither Wing|19\/100\n|-damage|p2a: Slither Wing|6\/100|[from] Stealth Rock\n|turn|13\n|\n|t:|1699575131\n|switch|p1a: Quagsire|Quagsire, F, tera:Ghost|8\/100\n|move|p2a: Slither Wing|First Impression|p1a: Quagsire\n|-resisted|p1a: Quagsire\n|-damage|p1a: Quagsire|0 fnt\n|faint|p1a: Quagsire\n|-damage|p2a: Slither Wing|0 fnt|[from] item: Life Orb\n|faint|p2a: Slither Wing\n|-end|p2a: Slither Wing|Protosynthesis|[silent]\n|\n|upkeep\n|\n|t:|1699575154\n|switch|p2a: Spiritomb|Spiritomb, M|32\/100\n|switch|p1a: Sylveon|Sylveon, M|88\/100\n|-damage|p2a: Spiritomb|20\/100|[from] Stealth Rock\n|turn|14\n|\n|t:|1699575167\n|move|p1a: Sylveon|Hyper Voice|p2a: Spiritomb\n|-supereffective|p2a: Spiritomb\n|-damage|p2a: Spiritomb|0 fnt\n|faint|p2a: Spiritomb\n|\n|upkeep\n|\n|t:|1699575175\n|switch|p2a: Mamoswine|Mamoswine, M|100\/100\n|-damage|p2a: Mamoswine|88\/100|[from] Stealth Rock\n|turn|15\n|\n|t:|1699575181\n|move|p2a: Mamoswine|Heavy Slam|p1a: Sylveon\n|-supereffective|p1a: Sylveon\n|-damage|p1a: Sylveon|0 fnt\n|faint|p1a: Sylveon\n|\n|upkeep\n|\n|t:|1699575190\n|switch|p1a: Palafin|Palafin-Hero, M|100\/100\n|-activate|p1a: Palafin|ability: Zero to Hero\n|turn|16\n|\n|t:|1699575196\n|switch|p2a: Torkoal|Torkoal, F|76\/100\n|-damage|p2a: Torkoal|51\/100|[from] Stealth Rock\n|-weather|SunnyDay|[from] ability: Drought|[of] p2a: Torkoal\n|move|p1a: Palafin|Bulk Up|p1a: Palafin\n|-boost|p1a: Palafin|atk|1\n|-boost|p1a: Palafin|def|1\n|\n|-weather|SunnyDay|[upkeep]\n|upkeep\n|turn|17\n|\n|t:|1699575208\n|move|p1a: Palafin|Drain Punch|p2a: Torkoal\n|-damage|p2a: Torkoal|7\/100\n|move|p2a: Torkoal|Rock Slide|p1a: Palafin|[miss]\n|-miss|p2a: Torkoal|p1a: Palafin\n|\n|-weather|SunnyDay|[upkeep]\n|upkeep\n|turn|18\n|\n|t:|1699575217\n|move|p1a: Palafin|Drain Punch|p2a: Torkoal\n|-damage|p2a: Torkoal|0 fnt\n|faint|p2a: Torkoal\n|\n|-weather|SunnyDay|[upkeep]\n|upkeep\n|\n|t:|1699575228\n|switch|p2a: Walking Wake|Walking Wake|100\/100\n|-damage|p2a: Walking Wake|88\/100|[from] Stealth Rock\n|-activate|p2a: Walking Wake|ability: Protosynthesis\n|-start|p2a: Walking Wake|protosynthesisspa\n|turn|19\n|\n|t:|1699575244\n|move|p2a: Walking Wake|Dragon Pulse|p1a: Palafin\n|-damage|p1a: Palafin|35\/100\n|-damage|p2a: Walking Wake|78\/100|[from] item: Life Orb\n|move|p1a: Palafin|Drain Punch|p2a: Walking Wake\n|-damage|p2a: Walking Wake|23\/100\n|-heal|p1a: Palafin|58\/100|[from] drain|[of] p2a: Walking Wake\n|\n|-weather|SunnyDay|[upkeep]\n|-heal|p1a: Palafin|64\/100|[from] item: Leftovers\n|upkeep\n|turn|20\n|\n|t:|1699575261\n|move|p2a: Walking Wake|Dragon Pulse|p1a: Palafin\n|-damage|p1a: Palafin|0 fnt\n|faint|p1a: Palafin\n|-damage|p2a: Walking Wake|13\/100|[from] item: Life Orb\n|\n|-weather|SunnyDay|[upkeep]\n|upkeep\n|\n|t:|1699575276\n|switch|p1a: Farigiraf|Farigiraf, M|100\/100\n|turn|21\n|\n|t:|1699575295\n|move|p2a: Walking Wake|Hydro Steam|p1a: Farigiraf\n|-damage|p1a: Farigiraf|32\/100\n|-enditem|p1a: Farigiraf|Sitrus Berry|[eat]\n|-heal|p1a: Farigiraf|57\/100|[from] item: Sitrus Berry\n|-damage|p2a: Walking Wake|3\/100|[from] item: Life Orb\n|move|p1a: Farigiraf|Psychic|p2a: Walking Wake\n|-damage|p2a: Walking Wake|0 fnt\n|faint|p2a: Walking Wake\n|-end|p2a: Walking Wake|Protosynthesis|[silent]\n|\n|-weather|SunnyDay|[upkeep]\n|upkeep\n|\n|t:|1699575306\n|switch|p2a: Mamoswine|Mamoswine, M|88\/100\n|-damage|p2a: Mamoswine|76\/100|[from] Stealth Rock\n|turn|22\n|\n|t:|1699575314\n|move|p2a: Mamoswine|Icicle Crash|p1a: Farigiraf\n|-damage|p1a: Farigiraf|0 fnt\n|faint|p1a: Farigiraf\n|\n|-weather|SunnyDay|[upkeep]\n|upkeep\n|\n|t:|1699575321\n|switch|p1a: Haxorus|Haxorus, F|100\/100\n|-ability|p1a: Haxorus|Mold Breaker\n|turn|23\n|\n|t:|1699575330\n|move|p1a: Haxorus|Iron Head|p2a: Mamoswine\n|-supereffective|p2a: Mamoswine\n|-damage|p2a: Mamoswine|0 fnt\n|faint|p2a: Mamoswine\n|-damage|p1a: Haxorus|91\/100|[from] item: Life Orb\n|\n|win|Ups1deD0wnSyndrome\n","uploadtime":1699575354,"views":5,"p1id":"ups1ded0wnsyndrome","p2id":"demigodfletch","formatid":"gen9anythinggoes","rating":0,"private":0,"password":""}