{"id":"gen9anythinggoes-1994456520","p1":"XChuckle762","p2":"ValidJohnSmith","format":"[Gen 9] Anything Goes","log":"|j|\u2606XChuckle762\n|j|\u2606ValidJohnSmith\n|t:|1700446016\n|gametype|singles\n|player|p1|XChuckle762|koga|\n|player|p2|ValidJohnSmith|n|\n|teamsize|p1|6\n|teamsize|p2|6\n|gen|9\n|tier|[Gen 9] Anything Goes\n|rule|HP Percentage Mod: HP is shown in percentages\n|rule|Endless Battle Clause: Forcing endless battles is banned\n|clearpoke\n|poke|p1|Roaring Moon|\n|poke|p1|Goodra-Hisui, M|\n|poke|p1|Zangoose, F|\n|poke|p1|Gardevoir, F|\n|poke|p1|Dragonite, M|\n|poke|p1|Sneasler, F|\n|poke|p2|Great Tusk|\n|poke|p2|Gholdengo|\n|poke|p2|Samurott-Hisui, F|\n|poke|p2|Slowbro-Galar, M|\n|poke|p2|Dudunsparce-*, M|\n|poke|p2|Drifblim, M|\n|teampreview\n|inactive|Battle timer is ON: inactive players will automatically lose when time's up. (requested by XChuckle762)\n|j| Jojospicydong\n|\n|t:|1700446025\n|start\n|switch|p1a: Dragonite|Dragonite, M|100\/100\n|switch|p2a: Ow the Edge|Samurott-Hisui, F, shiny|100\/100\n|turn|1\n|j| BillTheThrill42\n|inactive|XChuckle762 has 270 seconds left.\n|\n|t:|1700446081\n|move|p1a: Dragonite|Extreme Speed|p2a: Ow the Edge\n|-damage|p2a: Ow the Edge|61\/100\n|move|p2a: Ow the Edge|Ceaseless Edge|p1a: Dragonite\n|-damage|p1a: Dragonite|75\/100\n|-sidestart|p1: XChuckle762|Spikes\n|\n|upkeep\n|turn|2\n|\n|t:|1700446093\n|move|p2a: Ow the Edge|Ceaseless Edge|p1a: Dragonite|[miss]\n|-miss|p2a: Ow the Edge|p1a: Dragonite\n|move|p1a: Dragonite|Outrage|p2a: Ow the Edge\n|-damage|p2a: Ow the Edge|0 fnt\n|faint|p2a: Ow the Edge\n|\n|upkeep\n|\n|t:|1700446118\n|switch|p2a: Ray Romano|Great Tusk|100\/100\n|-enditem|p2a: Ray Romano|Booster Energy\n|-activate|p2a: Ray Romano|ability: Protosynthesis|[fromitem]\n|-start|p2a: Ray Romano|protosynthesisatk\n|turn|3\n|\n|t:|1700446125\n|move|p2a: Ray Romano|Ice Spinner|p1a: Dragonite\n|-supereffective|p1a: Dragonite\n|-damage|p1a: Dragonite|0 fnt\n|faint|p1a: Dragonite\n|\n|upkeep\n|\n|t:|1700446132\n|switch|p1a: Gardevoir|Gardevoir, F|100\/100\n|-damage|p1a: Gardevoir|88\/100|[from] Spikes\n|turn|4\n|inactive|XChuckle762 has 270 seconds left.\n|\n|t:|1700446138\n|move|p1a: Gardevoir|Moonblast|p2a: Ray Romano\n|-supereffective|p2a: Ray Romano\n|-damage|p2a: Ray Romano|0 fnt\n|faint|p2a: Ray Romano\n|-end|p2a: Ray Romano|Protosynthesis|[silent]\n|\n|upkeep\n|\n|t:|1700446162\n|switch|p2a: Giga Sparce|Dudunsparce-Three-Segment, M, shiny|100\/100\n|-ability|p1a: Gardevoir|Serene Grace|[from] ability: Trace|[of] p2a: Giga Sparce\n|turn|5\n|\n|t:|1700446172\n|move|p1a: Gardevoir|Moonblast|p2a: Giga Sparce\n|-damage|p2a: Giga Sparce|52\/100\n|-unboost|p2a: Giga Sparce|spa|1\n|move|p2a: Giga Sparce|Glare|p1a: Gardevoir\n|-status|p1a: Gardevoir|par\n|\n|-heal|p2a: Giga Sparce|58\/100|[from] item: Leftovers\n|upkeep\n|turn|6\n|\n|t:|1700446181\n|switch|p1a: Zangoose|Zangoose, F, shiny|100\/100\n|-damage|p1a: Zangoose|88\/100|[from] Spikes\n|move|p2a: Giga Sparce|Coil|p2a: Giga Sparce\n|-boost|p2a: Giga Sparce|atk|1\n|-boost|p2a: Giga Sparce|def|1\n|-boost|p2a: Giga Sparce|accuracy|1\n|\n|-heal|p2a: Giga Sparce|64\/100|[from] item: Leftovers\n|-status|p1a: Zangoose|tox|[from] item: Toxic Orb\n|upkeep\n|turn|7\n|inactive|ValidJohnSmith has 270 seconds left.\n|\n|t:|1700446218\n|move|p1a: Zangoose|Close Combat|p2a: Giga Sparce\n|-supereffective|p2a: Giga Sparce\n|-damage|p2a: Giga Sparce|4\/100\n|-unboost|p1a: Zangoose|def|1\n|-unboost|p1a: Zangoose|spd|1\n|move|p2a: Giga Sparce|Coil|p2a: Giga Sparce\n|-boost|p2a: Giga Sparce|atk|1\n|-boost|p2a: Giga Sparce|def|1\n|-boost|p2a: Giga Sparce|accuracy|1\n|\n|-heal|p2a: Giga Sparce|11\/100|[from] item: Leftovers\n|-damage|p1a: Zangoose|82\/100 tox|[from] psn\n|upkeep\n|turn|8\n|\n|t:|1700446230\n|move|p1a: Zangoose|Knock Off|p2a: Giga Sparce\n|-crit|p2a: Giga Sparce\n|-damage|p2a: Giga Sparce|0 fnt\n|-enditem|p2a: Giga Sparce|Leftovers|[from] move: Knock Off|[of] p1a: Zangoose\n|faint|p2a: Giga Sparce\n|\n|-damage|p1a: Zangoose|71\/100 tox|[from] psn\n|upkeep\n|\n|t:|1700446251\n|switch|p2a: Big Cheese|Gholdengo|100\/100\n|turn|9\n|\n|t:|1700446256\n|move|p1a: Zangoose|Knock Off|p2a: Big Cheese\n|-supereffective|p2a: Big Cheese\n|-crit|p2a: Big Cheese\n|-damage|p2a: Big Cheese|0 fnt\n|-enditem|p2a: Big Cheese|Assault Vest|[from] move: Knock Off|[of] p1a: Zangoose\n|faint|p2a: Big Cheese\n|\n|-damage|p1a: Zangoose|53\/100 tox|[from] psn\n|upkeep\n|\n|t:|1700446263\n|switch|p2a: It's High Noon|Slowbro-Galar, M, shiny|100\/100\n|turn|10\n|\n|t:|1700446266\n|move|p1a: Zangoose|Knock Off|p2a: It's High Noon\n|-supereffective|p2a: It's High Noon\n|-damage|p2a: It's High Noon|23\/100\n|-enditem|p2a: It's High Noon|Quick Claw|[from] move: Knock Off|[of] p1a: Zangoose\n|move|p2a: It's High Noon|Shell Side Arm|p1a: Zangoose|[anim] Shell Side Arm Special\n|-damage|p1a: Zangoose|0 fnt\n|-hint|Special Shell Side Arm\n|faint|p1a: Zangoose\n|\n|upkeep\n|\n|t:|1700446270\n|switch|p1a: Goodra|Goodra-Hisui, M|100\/100\n|-damage|p1a: Goodra|88\/100|[from] Spikes\n|turn|11\n|\n|t:|1700446278\n|move|p1a: Goodra|Thunderbolt|p2a: It's High Noon\n|-damage|p2a: It's High Noon|0 fnt\n|faint|p2a: It's High Noon\n|\n|upkeep\n|\n|t:|1700446282\n|switch|p2a: Balloon Boy|Drifblim, M, shiny|100\/100\n|turn|12\n|\n|t:|1700446286\n|move|p2a: Balloon Boy|Fling|p1a: Goodra\n|-damage|p1a: Goodra|82\/100\n|-enditem|p2a: Balloon Boy|King's Rock|[from] move: Fling\n|cant|p1a: Goodra|flinch\n|\n|upkeep\n|turn|13\n|\n|t:|1700446294\n|move|p2a: Balloon Boy|Acrobatics|p1a: Goodra\n|-resisted|p1a: Goodra\n|-damage|p1a: Goodra|66\/100\n|-ability|p1a: Goodra|Gooey\n|-unboost|p2a: Balloon Boy|spe|1\n|move|p1a: Goodra|Thunderbolt|p2a: Balloon Boy\n|-supereffective|p2a: Balloon Boy\n|-crit|p2a: Balloon Boy\n|-damage|p2a: Balloon Boy|0 fnt\n|faint|p2a: Balloon Boy\n|\n|win|XChuckle762\n|l|\u2606XChuckle762\n","uploadtime":1700446305,"views":2,"p1id":"xchuckle762","p2id":"validjohnsmith","formatid":"gen9anythinggoes","rating":0,"private":0,"password":""}