{"id":"gen9anythinggoes-1998042930","p1":"Mr Pinehurst","p2":"Agustin jedi","format":"[Gen 9] Anything Goes","log":"|j|\u2606Mr Pinehurst\n|j|\u2606Agustin jedi\n|t:|1700882805\n|gametype|singles\n|player|p1|Mr Pinehurst|266|1220\n|player|p2|Agustin jedi|selene|1214\n|teamsize|p1|6\n|teamsize|p2|6\n|gen|9\n|tier|[Gen 9] Anything Goes\n|rated|\n|rule|HP Percentage Mod: HP is shown in percentages\n|rule|Endless Battle Clause: Forcing endless battles is banned\n|clearpoke\n|poke|p1|Maushold-Four|\n|poke|p1|Flutter Mane|\n|poke|p1|Miraidon|\n|poke|p1|Rabsca, M|\n|poke|p1|Garganacl, F|\n|poke|p1|Houndstone, M|\n|poke|p2|Furret, M|\n|poke|p2|Pincurchin, F|\n|poke|p2|Raichu-Alola, M|\n|poke|p2|Drifblim, M|\n|poke|p2|Florges-Yellow, F|\n|poke|p2|Staraptor, M|\n|teampreview\n|\n|t:|1700882809\n|start\n|switch|p1a: DeMarco|Miraidon|100\/100\n|switch|p2a: Furret|Furret, M|100\/100\n|-item|p1a: DeMarco|Assault Vest|[from] ability: Frisk|[of] p2a: Furret|[identify]\n|-fieldstart|move: Electric Terrain|[from] ability: Hadron Engine|[of] p1a: DeMarco\n|turn|1\n|inactive|Battle timer is ON: inactive players will automatically lose when time's up. (requested by Agustin jedi)\n|\n|t:|1700882819\n|-terastallize|p1a: DeMarco|Electric\n|move|p2a: Furret|Body Slam|p1a: DeMarco\n|-damage|p1a: DeMarco|71\/100\n|move|p1a: DeMarco|Electro Drift|p2a: Furret\n|-damage|p2a: Furret|0 fnt\n|faint|p2a: Furret\n|\n|upkeep\n|\n|t:|1700882826\n|switch|p2a: Staraptor|Staraptor, M|100\/100\n|turn|2\n|\n|t:|1700882834\n|move|p2a: Staraptor|Double-Edge|p1a: DeMarco\n|-damage|p1a: DeMarco|4\/100\n|-damage|p2a: Staraptor|76\/100|[from] Recoil\n|move|p1a: DeMarco|Electro Drift|p2a: Staraptor\n|-supereffective|p2a: Staraptor\n|-damage|p2a: Staraptor|0 fnt\n|faint|p2a: Staraptor\n|\n|upkeep\n|\n|t:|1700882841\n|switch|p2a: Drifblim|Drifblim, M|100\/100\n|-enditem|p2a: Drifblim|Electric Seed\n|-boost|p2a: Drifblim|def|1|[from] item: Electric Seed\n|turn|3\n|\n|t:|1700882852\n|move|p2a: Drifblim|Shadow Ball|p1a: DeMarco\n|-damage|p1a: DeMarco|0 fnt\n|faint|p1a: DeMarco\n|\n|upkeep\n|\n|t:|1700882857\n|switch|p1a: SSSReplacement|Garganacl, F, shiny|100\/100\n|turn|4\n|\n|t:|1700882861\n|move|p2a: Drifblim|Will-O-Wisp|p1a: SSSReplacement\n|-immune|p1a: SSSReplacement|[from] ability: Purifying Salt\n|move|p1a: SSSReplacement|Salt Cure|p2a: Drifblim\n|-supereffective|p2a: Drifblim\n|-damage|p2a: Drifblim|73\/100\n|-start|p2a: Drifblim|Salt Cure\n|\n|-damage|p2a: Drifblim|61\/100|[from] Salt Cure\n|upkeep\n|turn|5\n|\n|t:|1700882880\n|move|p2a: Drifblim|Shadow Ball|p1a: SSSReplacement\n|-damage|p1a: SSSReplacement|88\/100\n|move|p1a: SSSReplacement|Iron Defense|p1a: SSSReplacement\n|-boost|p1a: SSSReplacement|def|2\n|\n|-heal|p1a: SSSReplacement|94\/100|[from] item: Leftovers\n|-damage|p2a: Drifblim|48\/100|[from] Salt Cure\n|-fieldend|move: Electric Terrain\n|upkeep\n|turn|6\n|\n|t:|1700882903\n|move|p2a: Drifblim|Destiny Bond|p2a: Drifblim\n|-singlemove|p2a: Drifblim|Destiny Bond\n|move|p1a: SSSReplacement|Iron Defense|p1a: SSSReplacement\n|-boost|p1a: SSSReplacement|def|2\n|\n|-heal|p1a: SSSReplacement|99\/100|[from] item: Leftovers\n|-damage|p2a: Drifblim|36\/100|[from] Salt Cure\n|upkeep\n|turn|7\n|inactive|Mr Pinehurst has 120 seconds left.\n|\n|t:|1700882933\n|move|p2a: Drifblim|Air Slash|p1a: SSSReplacement\n|-resisted|p1a: SSSReplacement\n|-damage|p1a: SSSReplacement|90\/100\n|move|p1a: SSSReplacement|Iron Defense|p1a: SSSReplacement\n|-boost|p1a: SSSReplacement|def|2\n|\n|-heal|p1a: SSSReplacement|96\/100|[from] item: Leftovers\n|-damage|p2a: Drifblim|23\/100|[from] Salt Cure\n|upkeep\n|turn|8\n|inactive|Mr Pinehurst has 90 seconds left.\n|\n|t:|1700882964\n|move|p2a: Drifblim|Destiny Bond|p2a: Drifblim\n|-singlemove|p2a: Drifblim|Destiny Bond\n|move|p1a: SSSReplacement|Salt Cure|p2a: Drifblim\n|-supereffective|p2a: Drifblim\n|-damage|p2a: Drifblim|0 fnt\n|faint|p2a: Drifblim\n|-activate|p2a: Drifblim|move: Destiny Bond\n|faint|p1a: SSSReplacement\n|\n|upkeep\n|\n|t:|1700882968\n|switch|p2a: Pincurchin|Pincurchin, F|100\/100\n|switch|p1a: Flutter Mane|Flutter Mane, shiny|100\/100\n|-fieldstart|move: Electric Terrain|[from] ability: Electric Surge|[of] p2a: Pincurchin\n|turn|9\n|\n|t:|1700882970\n|move|p1a: Flutter Mane|Moonblast|p2a: Pincurchin\n|-damage|p2a: Pincurchin|11\/100\n|-damage|p1a: Flutter Mane|91\/100|[from] item: Life Orb\n|move|p2a: Pincurchin|Memento|p1a: Flutter Mane\n|-unboost|p1a: Flutter Mane|atk|2\n|-unboost|p1a: Flutter Mane|spa|2\n|faint|p2a: Pincurchin\n|\n|upkeep\n|\n|t:|1700882973\n|switch|p2a: Raichu|Raichu-Alola, M|100\/100\n|turn|10\n|inactive|Mr Pinehurst has 120 seconds left.\n|\n|t:|1700882996\n|-terastallize|p2a: Raichu|Electric\n|move|p2a: Raichu|Nasty Plot|p2a: Raichu\n|-boost|p2a: Raichu|spa|2\n|move|p1a: Flutter Mane|Shadow Ball|p2a: Raichu\n|-crit|p2a: Raichu\n|-damage|p2a: Raichu|0 fnt\n|faint|p2a: Raichu\n|-damage|p1a: Flutter Mane|81\/100|[from] item: Life Orb\n|\n|upkeep\n|\n|t:|1700882999\n|switch|p2a: Florges|Florges-Yellow, F, shiny|100\/100\n|turn|11\n|-message|Agustin jedi forfeited.\n|\n|win|Mr Pinehurst\n|raw|Mr Pinehurst's rating: 1220 &rarr; <strong>1245<\/strong><br \/>(+25 for winning)\n|raw|Agustin jedi's rating: 1214 &rarr; <strong>1189<\/strong><br \/>(-25 for losing)\n|l|\u2606Agustin jedi\n","uploadtime":1700883200,"views":0,"p1id":"mrpinehurst","p2id":"agustinjedi","formatid":"gen9anythinggoes","rating":1189,"private":0,"password":""}