{"id":"gen9anythinggoes-1984234777","p1":"Penguinator7","p2":"dancingnightmare","format":"[Gen 9] Anything Goes","log":"|j|\u2606Penguinator7\n|j|\u2606dancingnightmare\n|t:|1699233287\n|gametype|singles\n|player|p1|Penguinator7|palmer|\n|player|p2|dancingnightmare|2|\n|teamsize|p1|6\n|teamsize|p2|6\n|gen|9\n|tier|[Gen 9] Anything Goes\n|rule|HP Percentage Mod: HP is shown in percentages\n|rule|Endless Battle Clause: Forcing endless battles is banned\n|clearpoke\n|poke|p1|Altaria, M|\n|poke|p1|Amoonguss, F|\n|poke|p1|Ceruledge, F|\n|poke|p1|Pachirisu, F|\n|poke|p1|Meowscarada, F|\n|poke|p1|Iron Valiant|\n|poke|p2|Iron Moth|\n|poke|p2|Tinkaton, F|\n|poke|p2|Roaring Moon|\n|poke|p2|Ninetales, F|\n|poke|p2|Slither Wing|\n|poke|p2|Meloetta|\n|teampreview\n|inactive|Battle timer is ON: inactive players will automatically lose when time's up. (requested by Penguinator7)\n|j| alexwave55\n|j| FLOOR IT\n|c| alexwave55|GO ALEXIS\n|c| FLOOR IT|Beat her up Griffin\n|j| Ryno5311\n|c| alexwave55|BEAT UP GRIFFIN\n|c|\u2606dancingnightmare|glhf\n|inactive|Penguinator7 has 270 seconds left.\n|inactive|dancingnightmare has 270 seconds left.\n|c|\u2606Penguinator7|no u \u2665\n|inactiveoff|Battle timer is now OFF.\n|\n|t:|1699233351\n|start\n|switch|p1a: Ryne 4|Pachirisu, F|100\/100\n|switch|p2a: Momo|Ninetales, F|100\/100\n|-weather|SunnyDay|[from] ability: Drought|[of] p2a: Momo\n|turn|1\n|\n|t:|1699233360\n|move|p1a: Ryne 4|Nuzzle|p2a: Momo\n|-damage|p2a: Momo|94\/100\n|-status|p2a: Momo|par\n|move|p2a: Momo|Weather Ball|p1a: Ryne 4\n|-damage|p1a: Ryne 4|49\/100\n|\n|-weather|SunnyDay|[upkeep]\n|upkeep\n|turn|2\n|\n|t:|1699233371\n|move|p1a: Ryne 4|U-turn|p2a: Momo\n|-resisted|p2a: Momo\n|-damage|p2a: Momo|88\/100 par\n|\n|t:|1699233381\n|switch|p1a: Ryne 1|Altaria, M|100\/100|[from] U-turn\n|move|p2a: Momo|Foul Play|p1a: Ryne 1\n|-damage|p1a: Ryne 1|72\/100\n|\n|-weather|SunnyDay|[upkeep]\n|upkeep\n|turn|3\n|\n|t:|1699233425\n|move|p1a: Ryne 1|Earthquake|p2a: Momo\n|-supereffective|p2a: Momo\n|-damage|p2a: Momo|15\/100 par\n|move|p2a: Momo|Foul Play|p1a: Ryne 1\n|-damage|p1a: Ryne 1|43\/100\n|\n|-weather|SunnyDay|[upkeep]\n|upkeep\n|turn|4\n|\n|t:|1699233445\n|switch|p1a: Ryne 5|Meowscarada, F|100\/100\n|switch|p2a: Kento|Slither Wing|100\/100\n|-activate|p2a: Kento|ability: Protosynthesis\n|-start|p2a: Kento|protosynthesisatk\n|\n|-weather|SunnyDay|[upkeep]\n|upkeep\n|turn|5\n|\n|t:|1699233460\n|switch|p1a: Ryne 2|Amoonguss, F|100\/100\n|-terastallize|p2a: Kento|Electric\n|move|p2a: Kento|U-turn|p1a: Ryne 2\n|-damage|p1a: Ryne 2|64\/100\n|\n|t:|1699233483\n|-end|p2a: Kento|Protosynthesis|[silent]\n|switch|p2a: Shoko|Iron Moth|100\/100|[from] U-turn\n|\n|-weather|SunnyDay|[upkeep]\n|-heal|p1a: Ryne 2|70\/100|[from] item: Black Sludge\n|upkeep\n|turn|6\n|\n|t:|1699233507\n|switch|p1a: Ryne 4|Pachirisu, F|49\/100\n|move|p2a: Shoko|Discharge|p1a: Ryne 4\n|-heal|p1a: Ryne 4|74\/100|[from] ability: Volt Absorb|[of] p2a: Shoko\n|\n|-weather|SunnyDay|[upkeep]\n|upkeep\n|turn|7\n|\n|t:|1699233516\n|move|p2a: Shoko|Fiery Dance|p1a: Ryne 4\n|-damage|p1a: Ryne 4|23\/100\n|move|p1a: Ryne 4|Nuzzle|p2a: Shoko\n|-damage|p2a: Shoko|94\/100\n|-status|p2a: Shoko|par\n|\n|-weather|SunnyDay|[upkeep]\n|upkeep\n|turn|8\n|\n|t:|1699233531\n|move|p1a: Ryne 4|Super Fang|p2a: Shoko|[miss]\n|-miss|p1a: Ryne 4|p2a: Shoko\n|cant|p2a: Shoko|par\n|\n|-weather|none\n|upkeep\n|turn|9\n|\n|t:|1699233539\n|switch|p1a: Ryne 1|Altaria, M|43\/100\n|cant|p2a: Shoko|par\n|\n|upkeep\n|turn|10\n|\n|t:|1699233546\n|move|p1a: Ryne 1|Earthquake|p2a: Shoko\n|-supereffective|p2a: Shoko\n|-damage|p2a: Shoko|0 fnt\n|faint|p2a: Shoko\n|-end|p2a: Shoko|Quark Drive|[silent]\n|\n|upkeep\n|c| FLOOR IT|WOOO YES ALTARIA\n|\n|t:|1699233565\n|switch|p2a: Gojo|Roaring Moon|100\/100\n|turn|11\n|\n|t:|1699233587\n|switch|p1a: Ryne 4|Pachirisu, F|23\/100\n|move|p2a: Gojo|U-turn|p1a: Ryne 4\n|-damage|p1a: Ryne 4|0 fnt\n|faint|p1a: Ryne 4\n|\n|t:|1699233594\n|-end|p2a: Gojo|Protosynthesis|[silent]\n|switch|p2a: Momo|Ninetales, F|15\/100 par|[from] U-turn\n|-weather|SunnyDay|[from] ability: Drought|[of] p2a: Momo\n|\n|-weather|SunnyDay|[upkeep]\n|upkeep\n|\n|t:|1699233601\n|switch|p1a: Ryne 3|Ceruledge, F|100\/100\n|turn|12\n|\n|t:|1699233605\n|move|p1a: Ryne 3|Swords Dance|p1a: Ryne 3\n|-boost|p1a: Ryne 3|atk|2\n|move|p2a: Momo|Foul Play|p1a: Ryne 3\n|-supereffective|p1a: Ryne 3\n|-enditem|p1a: Ryne 3|Focus Sash\n|-damage|p1a: Ryne 3|1\/100\n|-ability|p1a: Ryne 3|Weak Armor|boost\n|-unboost|p1a: Ryne 3|def|1\n|-boost|p1a: Ryne 3|spe|2\n|\n|-weather|SunnyDay|[upkeep]\n|upkeep\n|turn|13\n|\n|t:|1699233617\n|move|p1a: Ryne 3|Bitter Blade|p2a: Momo\n|-resisted|p2a: Momo\n|-damage|p2a: Momo|0 fnt\n|-heal|p1a: Ryne 3|8\/100|[from] drain|[of] p2a: Momo\n|faint|p2a: Momo\n|\n|-weather|SunnyDay|[upkeep]\n|upkeep\n|\n|t:|1699233629\n|switch|p2a: Gojo|Roaring Moon|100\/100\n|-activate|p2a: Gojo|ability: Protosynthesis\n|-start|p2a: Gojo|protosynthesisspe\n|turn|14\n|\n|t:|1699233638\n|move|p1a: Ryne 3|Close Combat|p2a: Gojo\n|-supereffective|p2a: Gojo\n|-damage|p2a: Gojo|0 fnt\n|-unboost|p1a: Ryne 3|def|1\n|-unboost|p1a: Ryne 3|spd|1\n|faint|p2a: Gojo\n|-end|p2a: Gojo|Protosynthesis|[silent]\n|\n|-weather|SunnyDay|[upkeep]\n|upkeep\n|\n|t:|1699233647\n|switch|p2a: Kento|Slither Wing, tera:Electric|100\/100\n|-activate|p2a: Kento|ability: Protosynthesis\n|-start|p2a: Kento|protosynthesisatk\n|turn|15\n|\n|t:|1699233654\n|move|p1a: Ryne 3|Bitter Blade|p2a: Kento\n|-damage|p2a: Kento|0 fnt\n|-heal|p1a: Ryne 3|62\/100|[from] drain|[of] p2a: Kento\n|faint|p2a: Kento\n|-end|p2a: Kento|Protosynthesis|[silent]\n|\n|-weather|SunnyDay|[upkeep]\n|upkeep\n|\n|t:|1699233663\n|switch|p2a: Nobara|Tinkaton, F|100\/100\n|-ability|p2a: Nobara|Mold Breaker\n|turn|16\n|\n|t:|1699233668\n|move|p1a: Ryne 3|Bitter Blade|p2a: Nobara\n|-supereffective|p2a: Nobara\n|-damage|p2a: Nobara|0 fnt\n|-heal|p1a: Ryne 3|100\/100|[from] drain|[of] p2a: Nobara\n|faint|p2a: Nobara\n|\n|-weather|SunnyDay|[upkeep]\n|upkeep\n|\n|t:|1699233676\n|switch|p2a: Toge|Meloetta|100\/100\n|turn|17\n|\n|t:|1699233679\n|move|p1a: Ryne 3|Bitter Blade|p2a: Toge\n|-damage|p2a: Toge|0 fnt\n|faint|p2a: Toge\n|\n|win|Penguinator7\n|c|\u2606Penguinator7|ggs\n|c|\u2606dancingnightmare|gg\n|l| Ryno5311\n|l| alexwave55\n","uploadtime":1699233687,"views":6,"p1id":"penguinator7","p2id":"dancingnightmare","formatid":"gen9anythinggoes","rating":0,"private":0,"password":""}