{"id":"gen9anythinggoes-1982819309","p1":"artanjules","p2":"toloveocean","format":"[Gen 9] Anything Goes","log":"|j|\u2606artanjules\n|j|\u2606toloveocean\n|t:|1699047998\n|gametype|singles\n|player|p1|artanjules|169|\n|player|p2|toloveocean|101|\n|teamsize|p1|6\n|teamsize|p2|6\n|gen|9\n|tier|[Gen 9] Anything Goes\n|rule|HP Percentage Mod: HP is shown in percentages\n|rule|Endless Battle Clause: Forcing endless battles is banned\n|clearpoke\n|poke|p1|Sylveon, F|\n|poke|p1|Volcanion|\n|poke|p1|Conkeldurr, M|\n|poke|p1|Gholdengo|\n|poke|p1|Electrode-Hisui|\n|poke|p1|Gligar, F|\n|poke|p2|Meowscarada, M|\n|poke|p2|Coalossal, M|\n|poke|p2|Ninetales, F|\n|poke|p2|Walking Wake|\n|poke|p2|Magnezone|\n|poke|p2|Eelektross, F|\n|teampreview\n|j| caligulahar\n|c|\u2606toloveocean|stale you can't watch\n|c| caligulahar|yes i can\n|\n|t:|1699048024\n|start\n|switch|p1a: Jocelyn Flores|Sylveon, F|100\/100\n|switch|p2a: Ninetales|Ninetales, F|100\/100\n|-weather|SunnyDay|[from] ability: Drought|[of] p2a: Ninetales\n|turn|1\n|c|\u2606toloveocean|it makes me uncomfy\n|c|\u2606toloveocean|makes me play worse\n|c| caligulahar|pretend im not here\n|\n|t:|1699048047\n|move|p2a: Ninetales|Flamethrower|p1a: Jocelyn Flores\n|-damage|p1a: Jocelyn Flores|61\/100\n|move|p1a: Jocelyn Flores|Hyper Voice|p2a: Ninetales\n|-resisted|p2a: Ninetales\n|-crit|p2a: Ninetales\n|-damage|p2a: Ninetales|49\/100\n|-damage|p1a: Jocelyn Flores|51\/100|[from] item: Life Orb\n|\n|-weather|SunnyDay|[upkeep]\n|upkeep\n|turn|2\n|\n|t:|1699048059\n|switch|p1a: Lucid Dreams|Volcanion|100\/100\n|move|p2a: Ninetales|Flamethrower|p1a: Lucid Dreams\n|-resisted|p1a: Lucid Dreams\n|-damage|p1a: Lucid Dreams|88\/100\n|\n|-weather|SunnyDay|[upkeep]\n|upkeep\n|turn|3\n|\n|t:|1699048083\n|switch|p2a: Walking Wake|Walking Wake|100\/100\n|-activate|p2a: Walking Wake|ability: Protosynthesis\n|-start|p2a: Walking Wake|protosynthesisspe\n|move|p1a: Lucid Dreams|Overheat|p2a: Walking Wake\n|-resisted|p2a: Walking Wake\n|-damage|p2a: Walking Wake|71\/100\n|-unboost|p1a: Lucid Dreams|spa|2\n|\n|-weather|SunnyDay|[upkeep]\n|upkeep\n|turn|4\n|\n|t:|1699048107\n|move|p2a: Walking Wake|Dragon Dance|p2a: Walking Wake\n|-boost|p2a: Walking Wake|atk|1\n|-boost|p2a: Walking Wake|spe|1\n|move|p1a: Lucid Dreams|Earth Power|p2a: Walking Wake\n|-damage|p2a: Walking Wake|51\/100\n|\n|-weather|SunnyDay|[upkeep]\n|upkeep\n|turn|5\n|\n|t:|1699048122\n|move|p2a: Walking Wake|Dragon Dance|p2a: Walking Wake\n|-boost|p2a: Walking Wake|atk|1\n|-boost|p2a: Walking Wake|spe|1\n|move|p1a: Lucid Dreams|Overheat|p2a: Walking Wake|[miss]\n|-miss|p1a: Lucid Dreams|p2a: Walking Wake\n|\n|-weather|SunnyDay|[upkeep]\n|upkeep\n|turn|6\n|\n|t:|1699048135\n|move|p2a: Walking Wake|Knock Off|p1a: Lucid Dreams\n|-damage|p1a: Lucid Dreams|37\/100\n|-damage|p2a: Walking Wake|34\/100|[from] item: Rocky Helmet|[of] p1a: Lucid Dreams\n|-enditem|p1a: Lucid Dreams|Rocky Helmet|[from] move: Knock Off|[of] p2a: Walking Wake\n|-damage|p2a: Walking Wake|25\/100|[from] item: Life Orb\n|move|p1a: Lucid Dreams|Overheat|p2a: Walking Wake\n|-resisted|p2a: Walking Wake\n|-damage|p2a: Walking Wake|10\/100\n|-unboost|p1a: Lucid Dreams|spa|2\n|\n|-weather|SunnyDay|[upkeep]\n|upkeep\n|turn|7\n|\n|t:|1699048167\n|move|p2a: Walking Wake|Dragon Claw|p1a: Lucid Dreams\n|-damage|p1a: Lucid Dreams|0 fnt\n|faint|p1a: Lucid Dreams\n|-damage|p2a: Walking Wake|0 fnt|[from] item: Life Orb\n|faint|p2a: Walking Wake\n|-end|p2a: Walking Wake|Protosynthesis|[silent]\n|\n|-weather|SunnyDay|[upkeep]\n|upkeep\n|\n|t:|1699048190\n|switch|p2a: Eelektross|Eelektross, F|100\/100\n|switch|p1a: XO Tour Llif3|Gligar, F|100\/100\n|turn|8\n|\n|t:|1699048207\n|move|p1a: XO Tour Llif3|Stealth Rock|p2a: Eelektross\n|-sidestart|p2: toloveocean|move: Stealth Rock\n|move|p2a: Eelektross|U-turn|p1a: XO Tour Llif3\n|-resisted|p1a: XO Tour Llif3\n|-damage|p1a: XO Tour Llif3|94\/100\n|\n|t:|1699048250\n|switch|p2a: Meowscarada|Meowscarada, M, shiny|100\/100|[from] U-turn\n|-damage|p2a: Meowscarada|88\/100|[from] Stealth Rock\n|\n|-weather|none\n|upkeep\n|turn|9\n|\n|t:|1699048272\n|move|p2a: Meowscarada|Flower Trick|p1a: XO Tour Llif3\n|-start|p2a: Meowscarada|typechange|Grass|[from] ability: Protean\n|-crit|p1a: XO Tour Llif3\n|-damage|p1a: XO Tour Llif3|58\/100\n|move|p1a: XO Tour Llif3|Baton Pass|p1a: XO Tour Llif3\n|\n|t:|1699048293\n|switch|p1a: Love Scars|Conkeldurr, M|100\/100|[from] Baton Pass\n|\n|-status|p1a: Love Scars|brn|[from] item: Flame Orb\n|upkeep\n|turn|10\n|\n|t:|1699048315\n|switch|p2a: Eelektross|Eelektross, F|100\/100\n|-damage|p2a: Eelektross|88\/100|[from] Stealth Rock\n|move|p1a: Love Scars|Knock Off|p2a: Eelektross\n|-damage|p2a: Eelektross|26\/100\n|-enditem|p2a: Eelektross|Lum Berry|[from] move: Knock Off|[of] p1a: Love Scars\n|\n|-damage|p1a: Love Scars|94\/100 brn|[from] brn\n|upkeep\n|turn|11\n|\n|t:|1699048325\n|move|p1a: Love Scars|Mach Punch|p2a: Eelektross\n|-damage|p2a: Eelektross|0 fnt\n|faint|p2a: Eelektross\n|\n|-damage|p1a: Love Scars|88\/100 brn|[from] brn\n|upkeep\n|\n|t:|1699048344\n|switch|p2a: Meowscarada|Meowscarada, M, shiny|88\/100\n|-damage|p2a: Meowscarada|76\/100|[from] Stealth Rock\n|turn|12\n|\n|t:|1699048351\n|move|p1a: Love Scars|Mach Punch|p2a: Meowscarada\n|-supereffective|p2a: Meowscarada\n|-damage|p2a: Meowscarada|0 fnt\n|faint|p2a: Meowscarada\n|\n|-damage|p1a: Love Scars|82\/100 brn|[from] brn\n|upkeep\n|\n|t:|1699048359\n|switch|p2a: Ninetales|Ninetales, F|49\/100\n|-damage|p2a: Ninetales|25\/100|[from] Stealth Rock\n|-weather|SunnyDay|[from] ability: Drought|[of] p2a: Ninetales\n|turn|13\n|\n|t:|1699048376\n|move|p1a: Love Scars|Mach Punch|p2a: Ninetales\n|-damage|p2a: Ninetales|0 fnt\n|faint|p2a: Ninetales\n|\n|-weather|SunnyDay|[upkeep]\n|-damage|p1a: Love Scars|75\/100 brn|[from] brn\n|upkeep\n|\n|t:|1699048383\n|switch|p2a: Magnezone|Magnezone|100\/100\n|-damage|p2a: Magnezone|94\/100|[from] Stealth Rock\n|turn|14\n|\n|t:|1699048395\n|move|p1a: Love Scars|Mach Punch|p2a: Magnezone\n|-supereffective|p2a: Magnezone\n|-damage|p2a: Magnezone|35\/100\n|move|p2a: Magnezone|Thunderbolt|p1a: Love Scars\n|-damage|p1a: Love Scars|0 fnt\n|faint|p1a: Love Scars\n|\n|-weather|SunnyDay|[upkeep]\n|upkeep\n|\n|t:|1699048406\n|switch|p1a: witchblades|Gholdengo|100\/100\n|turn|15\n|\n|t:|1699048417\n|move|p1a: witchblades|Shadow Ball|p2a: Magnezone\n|-damage|p2a: Magnezone|0 fnt\n|faint|p2a: Magnezone\n|\n|-weather|SunnyDay|[upkeep]\n|upkeep\n|\n|t:|1699048422\n|switch|p2a: Coalossal|Coalossal, M|100\/100\n|-damage|p2a: Coalossal|76\/100|[from] Stealth Rock\n|turn|16\n|\n|t:|1699048429\n|-terastallize|p2a: Coalossal|Grass\n|move|p1a: witchblades|Shadow Ball|p2a: Coalossal\n|-damage|p2a: Coalossal|49\/100\n|move|p2a: Coalossal|Flare Blitz|p1a: witchblades\n|-supereffective|p1a: witchblades\n|-damage|p1a: witchblades|0 fnt\n|faint|p1a: witchblades\n|-damage|p2a: Coalossal|24\/100|[from] Recoil\n|\n|-weather|SunnyDay|[upkeep]\n|upkeep\n|\n|t:|1699048439\n|switch|p1a: caffiene|Electrode-Hisui|100\/100\n|turn|17\n|\n|t:|1699048444\n|-terastallize|p1a: caffiene|Fairy\n|move|p1a: caffiene|Tera Blast|p2a: Coalossal|[anim] Tera Blast Fairy\n|-damage|p2a: Coalossal|4\/100\n|move|p2a: Coalossal|Flare Blitz|p1a: caffiene\n|-damage|p1a: caffiene|0 fnt\n|-damage|p2a: Coalossal|0 fnt|[from] ability: Aftermath|[of] p1a: caffiene\n|faint|p1a: caffiene\n|faint|p2a: Coalossal\n|\n|win|artanjules\n|l|\u2606toloveocean\n|l|\u2606artanjules\n","uploadtime":1699048458,"views":13,"p1id":"artanjules","p2id":"toloveocean","formatid":"gen9anythinggoes","rating":0,"private":0,"password":""}