{"id":"gen9anythinggoes-1973606629","p1":"Draydius","p2":"Emily Bodoo","format":"[Gen 9] Anything Goes","log":"|j|\u2606Draydius\n|j|\u2606Emily Bodoo\n|t:|1697995535\n|gametype|singles\n|player|p1|Draydius|hugh|1201\n|player|p2|Emily Bodoo|iris|1204\n|teamsize|p1|6\n|teamsize|p2|6\n|gen|9\n|tier|[Gen 9] Anything Goes\n|rated|\n|rule|HP Percentage Mod: HP is shown in percentages\n|rule|Endless Battle Clause: Forcing endless battles is banned\n|clearpoke\n|poke|p1|Zoroark, M|\n|poke|p1|Zoroark-Hisui, M|\n|poke|p1|Greninja-*, M|\n|poke|p1|Ceruledge, M|\n|poke|p1|Gengar, M|\n|poke|p1|Moltres-Galar|\n|poke|p2|Palossand, M|\n|poke|p2|Mismagius, M|\n|poke|p2|Gengar, M|\n|poke|p2|Weezing-Galar, M|\n|poke|p2|Dusknoir, M|\n|poke|p2|Snorlax, M|\n|teampreview\n|\n|t:|1697995557\n|start\n|switch|p1a: Greninja|Greninja, M, shiny|100\/100\n|switch|p2a: Dusknoir|Dusknoir, M|100\/100\n|-item|p1a: Greninja|Loaded Dice|[from] ability: Frisk|[of] p2a: Dusknoir|[identify]\n|turn|1\n|\n|t:|1697995565\n|-terastallize|p2a: Dusknoir|Bug\n|move|p1a: Greninja|Dark Pulse|p2a: Dusknoir\n|-start|p1a: Greninja|typechange|Dark|[from] ability: Protean\n|-damage|p2a: Dusknoir|72\/100\n|move|p2a: Dusknoir|Leech Life|p1a: Greninja\n|-supereffective|p1a: Greninja\n|-damage|p1a: Greninja|0 fnt\n|-heal|p2a: Dusknoir|100\/100|[from] drain|[of] p1a: Greninja\n|faint|p1a: Greninja\n|\n|upkeep\n|\n|t:|1697995573\n|switch|p1a: Ceruledge|Ceruledge, M|100\/100\n|turn|2\n|\n|t:|1697995583\n|switch|p2a: Snorlax|Snorlax, M|100\/100\n|move|p1a: Ceruledge|Reflect|p1a: Ceruledge\n|-sidestart|p1: Draydius|Reflect\n|\n|upkeep\n|turn|3\n|\n|t:|1697995591\n|move|p1a: Ceruledge|Light Screen|p1a: Ceruledge\n|-sidestart|p1: Draydius|move: Light Screen\n|move|p2a: Snorlax|Fissure|p1a: Ceruledge|[miss]\n|-miss|p2a: Snorlax|p1a: Ceruledge\n|\n|upkeep\n|turn|4\n|\n|t:|1697995654\n|switch|p1a: Gengar|Gengar, M, shiny|100\/100\n|move|p2a: Snorlax|Fissure|p1a: Gengar\n|-damage|p1a: Gengar|0 fnt\n|faint|p1a: Gengar\n|-ohko\n|\n|upkeep\n|\n|t:|1697995673\n|switch|p1a: Ceruledge|Ceruledge, M|100\/100\n|turn|5\n|\n|t:|1697995677\n|move|p1a: Ceruledge|Trick|p2a: Snorlax\n|-activate|p1a: Ceruledge|move: Trick|[of] p2a: Snorlax\n|-item|p2a: Snorlax|Flame Orb|[from] move: Trick\n|-item|p1a: Ceruledge|Leftovers|[from] move: Trick\n|move|p2a: Snorlax|Fissure|p1a: Ceruledge|[miss]\n|-miss|p2a: Snorlax|p1a: Ceruledge\n|\n|-status|p2a: Snorlax|brn|[from] item: Flame Orb\n|upkeep\n|turn|6\n|\n|t:|1697995685\n|move|p1a: Ceruledge|Night Daze|p2a: Snorlax\n|-damage|p2a: Snorlax|82\/100 brn\n|move|p2a: Snorlax|Fissure|p1a: Ceruledge|[miss]\n|-miss|p2a: Snorlax|p1a: Ceruledge\n|\n|-damage|p2a: Snorlax|76\/100 brn|[from] brn\n|upkeep\n|turn|7\n|\n|t:|1697995693\n|move|p1a: Ceruledge|Night Daze|p2a: Snorlax\n|-damage|p2a: Snorlax|57\/100 brn\n|move|p2a: Snorlax|Fissure|p1a: Ceruledge|[miss]\n|-miss|p2a: Snorlax|p1a: Ceruledge\n|\n|-damage|p2a: Snorlax|51\/100 brn|[from] brn\n|upkeep\n|turn|8\n|\n|t:|1697995701\n|move|p1a: Ceruledge|Night Daze|p2a: Snorlax\n|-damage|p2a: Snorlax|32\/100 brn\n|move|p2a: Snorlax|Fissure|p1a: Ceruledge\n|-damage|p1a: Ceruledge|0 fnt\n|replace|p1a: Zoroark|Zoroark, M\n|-end|p1a: Zoroark|Illusion\n|faint|p1a: Zoroark\n|-ohko\n|\n|-damage|p2a: Snorlax|26\/100 brn|[from] brn\n|upkeep\n|\n|t:|1697995736\n|switch|p1a: Moltres|Moltres-Galar|100\/100\n|turn|9\n|\n|t:|1697995744\n|move|p1a: Moltres|Agility|p1a: Moltres\n|-boost|p1a: Moltres|spe|2\n|move|p2a: Snorlax|Rest|p2a: Snorlax\n|-status|p2a: Snorlax|slp|[from] move: Rest\n|-heal|p2a: Snorlax|100\/100 slp|[silent]\n|\n|-sideend|p1: Draydius|Reflect\n|upkeep\n|turn|10\n|\n|t:|1697995753\n|switch|p2a: Dusknoir|Dusknoir, M, tera:Bug|100\/100\n|-item|p1a: Moltres|Sitrus Berry|[from] ability: Frisk|[of] p2a: Dusknoir|[identify]\n|move|p1a: Moltres|Nasty Plot|p1a: Moltres\n|-boost|p1a: Moltres|spa|2\n|\n|-sideend|p1: Draydius|move: Light Screen\n|upkeep\n|turn|11\n|\n|t:|1697995787\n|move|p1a: Moltres|Nasty Plot|p1a: Moltres\n|-boost|p1a: Moltres|spa|2\n|move|p2a: Dusknoir|Trick Room|p2a: Dusknoir\n|-fieldstart|move: Trick Room|[of] p2a: Dusknoir\n|\n|upkeep\n|turn|12\n|\n|t:|1697995800\n|move|p2a: Dusknoir|Leech Life|p1a: Moltres\n|-damage|p1a: Moltres|66\/100\n|move|p1a: Moltres|Air Slash|p2a: Dusknoir\n|-supereffective|p2a: Dusknoir\n|-damage|p2a: Dusknoir|0 fnt\n|faint|p2a: Dusknoir\n|\n|upkeep\n|\n|t:|1697995808\n|switch|p2a: Mismagius|Mismagius, M|100\/100\n|turn|13\n|\n|t:|1697995818\n|move|p2a: Mismagius|Destiny Bond|p2a: Mismagius\n|-singlemove|p2a: Mismagius|Destiny Bond\n|move|p1a: Moltres|Fiery Wrath|p2a: Mismagius\n|-supereffective|p2a: Mismagius\n|-damage|p2a: Mismagius|0 fnt\n|faint|p2a: Mismagius\n|-activate|p2a: Mismagius|move: Destiny Bond\n|faint|p1a: Moltres\n|\n|upkeep\n|\n|t:|1697995831\n|switch|p1a: Ceruledge|Ceruledge, M|100\/100\n|switch|p2a: Palossand|Palossand, M|100\/100\n|turn|14\n|\n|t:|1697995836\n|move|p2a: Palossand|Earth Power|p1a: Ceruledge\n|-supereffective|p1a: Ceruledge\n|-damage|p1a: Ceruledge|17\/100\n|move|p1a: Ceruledge|Reflect|p1a: Ceruledge\n|-sidestart|p1: Draydius|Reflect\n|\n|upkeep\n|turn|15\n|\n|t:|1697995843\n|move|p1a: Ceruledge|Shadow Sneak|p2a: Palossand\n|-supereffective|p2a: Palossand\n|-damage|p2a: Palossand|54\/100\n|-enditem|p2a: Palossand|Enigma Berry|[eat]\n|-heal|p2a: Palossand|79\/100|[from] item: Enigma Berry|[of] p1a: Ceruledge\n|move|p2a: Palossand|Earth Power|p1a: Ceruledge\n|-supereffective|p1a: Ceruledge\n|-damage|p1a: Ceruledge|0 fnt\n|faint|p1a: Ceruledge\n|\n|-fieldend|move: Trick Room\n|upkeep\n|\n|t:|1697995846\n|switch|p1a: Zoroark|Zoroark-Hisui, M|100\/100\n|turn|16\n|\n|t:|1697995856\n|move|p1a: Zoroark|Calm Mind|p1a: Zoroark\n|-boost|p1a: Zoroark|spa|1\n|-boost|p1a: Zoroark|spd|1\n|move|p2a: Palossand|Earth Power|p1a: Zoroark\n|-damage|p1a: Zoroark|49\/100\n|\n|-heal|p1a: Zoroark|55\/100|[from] item: Leftovers\n|upkeep\n|turn|17\n|\n|t:|1697995864\n|move|p1a: Zoroark|Bitter Malice|p2a: Palossand\n|-supereffective|p2a: Palossand\n|-damage|p2a: Palossand|0 fnt\n|faint|p2a: Palossand\n|\n|-heal|p1a: Zoroark|61\/100|[from] item: Leftovers\n|upkeep\n|\n|t:|1697995874\n|switch|p2a: Gengar|Gengar, M|100\/100\n|turn|18\n|\n|t:|1697995880\n|move|p1a: Zoroark|Will-O-Wisp|p2a: Gengar|[miss]\n|-miss|p1a: Zoroark|p2a: Gengar\n|move|p2a: Gengar|Perish Song|p2a: Gengar\n|-start|p1a: Zoroark|perish3|[silent]\n|-start|p2a: Gengar|perish3|[silent]\n|-fieldactivate|move: Perish Song\n|\n|-heal|p1a: Zoroark|67\/100|[from] item: Leftovers\n|-start|p1a: Zoroark|perish3\n|-start|p2a: Gengar|perish3\n|upkeep\n|turn|19\n|\n|t:|1697995890\n|move|p2a: Gengar|Protect|p2a: Gengar\n|-singleturn|p2a: Gengar|Protect\n|move|p1a: Zoroark|Bitter Malice|p2a: Gengar\n|-activate|p2a: Gengar|move: Protect\n|\n|-heal|p1a: Zoroark|73\/100|[from] item: Leftovers\n|-start|p1a: Zoroark|perish2\n|-start|p2a: Gengar|perish2\n|upkeep\n|turn|20\n|\n|t:|1697995902\n|-terastallize|p1a: Zoroark|Fighting\n|move|p2a: Gengar|Protect||[still]\n|-fail|p2a: Gengar\n|move|p1a: Zoroark|Tera Blast|p2a: Gengar|[anim] Tera Blast Fighting\n|-immune|p2a: Gengar\n|\n|-heal|p1a: Zoroark|79\/100|[from] item: Leftovers\n|-start|p2a: Gengar|perish1\n|-start|p1a: Zoroark|perish1\n|upkeep\n|turn|21\n|\n|t:|1697995912\n|move|p2a: Gengar|Protect|p2a: Gengar\n|-singleturn|p2a: Gengar|Protect\n|move|p1a: Zoroark|Bitter Malice|p2a: Gengar\n|-activate|p2a: Gengar|move: Protect\n|\n|-heal|p1a: Zoroark|85\/100|[from] item: Leftovers\n|-start|p2a: Gengar|perish0\n|-start|p1a: Zoroark|perish0\n|-sideend|p1: Draydius|Reflect\n|faint|p2a: Gengar\n|faint|p1a: Zoroark\n|\n|win|Emily Bodoo\n|upkeep\n|raw|Draydius's rating: 1201 &rarr; <strong>1176<\/strong><br \/>(-25 for losing)\n|raw|Emily Bodoo's rating: 1204 &rarr; <strong>1229<\/strong><br \/>(+25 for winning)\n|l|\u2606Draydius\n","uploadtime":1697995938,"views":10,"p1id":"draydius","p2id":"emilybodoo","formatid":"gen9anythinggoes","rating":1176,"private":0,"password":""}