{"id":"gen9anythinggoes-1977969795","p1":"alexflamesword3d","p2":"BananaBusCrew4","format":"[Gen 9] Anything Goes","log":"|j|\u203dalexflamesword3d\n|j|\u2606BananaBusCrew4\n|t:|1698475429\n|gametype|singles\n|player|p1|alexflamesword3d|cameraman|1191\n|player|p2|BananaBusCrew4|265|1192\n|teamsize|p1|6\n|teamsize|p2|6\n|gen|9\n|tier|[Gen 9] Anything Goes\n|rated|\n|rule|HP Percentage Mod: HP is shown in percentages\n|rule|Endless Battle Clause: Forcing endless battles is banned\n|clearpoke\n|poke|p1|Volcarona, F|\n|poke|p1|Meowscarada, M|\n|poke|p1|Glimmora, M|\n|poke|p1|Rabsca, M|\n|poke|p1|Dragapult, M|\n|poke|p1|Gyarados, M|\n|poke|p2|Decidueye-Hisui, M|\n|poke|p2|Braviary, M|\n|poke|p2|Greninja-*, M|\n|poke|p2|Iron Treads|\n|poke|p2|Klawf, M|\n|poke|p2|Skeledirge, M|\n|teampreview\n|\n|t:|1698475433\n|start\n|switch|p1a: Glimmora|Glimmora, M|100\/100\n|switch|p2a: BasicallyIDoWrk|Greninja, M, shiny|100\/100\n|turn|1\n|\n|t:|1698475437\n|move|p2a: BasicallyIDoWrk|Water Shuriken|p1a: Glimmora\n|-start|p2a: BasicallyIDoWrk|typechange|Water|[from] ability: Protean\n|-supereffective|p1a: Glimmora\n|-damage|p1a: Glimmora|78\/100\n|-supereffective|p1a: Glimmora\n|-damage|p1a: Glimmora|59\/100\n|-hitcount|p1a: Glimmora|2\n|move|p1a: Glimmora|Stealth Rock|p2a: BasicallyIDoWrk\n|-sidestart|p2: BananaBusCrew4|move: Stealth Rock\n|\n|upkeep\n|turn|2\n|\n|t:|1698475444\n|move|p2a: BasicallyIDoWrk|Water Shuriken|p1a: Glimmora\n|-supereffective|p1a: Glimmora\n|-damage|p1a: Glimmora|39\/100\n|-supereffective|p1a: Glimmora\n|-damage|p1a: Glimmora|17\/100\n|-hitcount|p1a: Glimmora|2\n|move|p1a: Glimmora|Spikes|p2a: BasicallyIDoWrk\n|-sidestart|p2: BananaBusCrew4|Spikes\n|\n|upkeep\n|turn|3\n|\n|t:|1698475450\n|move|p2a: BasicallyIDoWrk|Water Shuriken|p1a: Glimmora\n|-supereffective|p1a: Glimmora\n|-damage|p1a: Glimmora|0 fnt\n|faint|p1a: Glimmora\n|-hitcount|p1: Glimmora|1\n|\n|upkeep\n|\n|t:|1698475454\n|switch|p1a: Meowscarada|Meowscarada, M|100\/100\n|turn|4\n|\n|t:|1698475458\n|switch|p2a: Terroriser|Iron Treads|100\/100\n|-damage|p2a: Terroriser|97\/100|[from] Stealth Rock\n|-damage|p2a: Terroriser|85\/100|[from] Spikes\n|move|p1a: Meowscarada|Flower Trick|p2a: Terroriser\n|-start|p1a: Meowscarada|typechange|Grass|[from] ability: Protean\n|-crit|p2a: Terroriser\n|-damage|p2a: Terroriser|50\/100\n|\n|upkeep\n|turn|5\n|\n|t:|1698475473\n|move|p1a: Meowscarada|Chilling Water|p2a: Terroriser\n|-supereffective|p2a: Terroriser\n|-damage|p2a: Terroriser|39\/100\n|-unboost|p2a: Terroriser|atk|1\n|move|p2a: Terroriser|Rapid Spin|p1a: Meowscarada\n|-damage|p1a: Meowscarada|89\/100\n|-boost|p2a: Terroriser|spe|1\n|-sideend|p2: BananaBusCrew4|Spikes|[from] move: Rapid Spin|[of] p2a: Terroriser\n|-sideend|p2: BananaBusCrew4|Stealth Rock|[from] move: Rapid Spin|[of] p2a: Terroriser\n|\n|upkeep\n|turn|6\n|\n|t:|1698475479\n|move|p2a: Terroriser|Ice Spinner|p1a: Meowscarada\n|-supereffective|p1a: Meowscarada\n|-damage|p1a: Meowscarada|47\/100\n|move|p1a: Meowscarada|Flower Trick|p2a: Terroriser\n|-crit|p2a: Terroriser\n|-damage|p2a: Terroriser|3\/100\n|\n|upkeep\n|turn|7\n|\n|t:|1698475484\n|move|p1a: Meowscarada|Sucker Punch|p2a: Terroriser\n|-damage|p2a: Terroriser|0 fnt\n|faint|p2a: Terroriser\n|-end|p2a: Terroriser|Quark Drive|[silent]\n|\n|upkeep\n|\n|t:|1698475488\n|switch|p2a: BasicallyIDoWrk|Greninja, M, shiny|100\/100\n|turn|8\n|\n|t:|1698475492\n|move|p2a: BasicallyIDoWrk|Ice Beam|p1a: Meowscarada\n|-start|p2a: BasicallyIDoWrk|typechange|Ice|[from] ability: Protean\n|-supereffective|p1a: Meowscarada\n|-damage|p1a: Meowscarada|0 fnt\n|faint|p1a: Meowscarada\n|\n|upkeep\n|\n|t:|1698475496\n|switch|p1a: Volcarona|Volcarona, F, shiny|100\/100\n|turn|9\n|inactive|Battle timer is ON: inactive players will automatically lose when time's up. (requested by BananaBusCrew4)\n|\n|t:|1698475512\n|switch|p2a: SilentDroidd|Skeledirge, M, shiny|100\/100\n|move|p1a: Volcarona|Giga Drain|p2a: SilentDroidd\n|-resisted|p2a: SilentDroidd\n|-damage|p2a: SilentDroidd|86\/100\n|\n|-heal|p2a: SilentDroidd|92\/100|[from] item: Leftovers\n|upkeep\n|turn|10\n|\n|t:|1698475525\n|move|p1a: Volcarona|Bug Buzz|p2a: SilentDroidd\n|-resisted|p2a: SilentDroidd\n|-damage|p2a: SilentDroidd|80\/100\n|move|p2a: SilentDroidd|Torch Song|p1a: Volcarona\n|-damage|p1a: Volcarona|70\/100\n|-boost|p2a: SilentDroidd|spa|1\n|\n|-heal|p2a: SilentDroidd|86\/100|[from] item: Leftovers\n|upkeep\n|turn|11\n|\n|t:|1698475528\n|move|p1a: Volcarona|Quiver Dance|p1a: Volcarona\n|-boost|p1a: Volcarona|spa|1\n|-boost|p1a: Volcarona|spd|1\n|-boost|p1a: Volcarona|spe|1\n|move|p2a: SilentDroidd|Torch Song|p1a: Volcarona\n|-damage|p1a: Volcarona|21\/100\n|-boost|p2a: SilentDroidd|spa|1\n|\n|-heal|p2a: SilentDroidd|92\/100|[from] item: Leftovers\n|upkeep\n|turn|12\n|\n|t:|1698475534\n|move|p1a: Volcarona|Fire Blast|p2a: SilentDroidd\n|-resisted|p2a: SilentDroidd\n|-damage|p2a: SilentDroidd|64\/100\n|move|p2a: SilentDroidd|Torch Song|p1a: Volcarona\n|-damage|p1a: Volcarona|0 fnt\n|-boost|p2a: SilentDroidd|spa|1\n|faint|p1a: Volcarona\n|\n|-heal|p2a: SilentDroidd|70\/100|[from] item: Leftovers\n|upkeep\n|\n|t:|1698475538\n|switch|p1a: Gyarados|Gyarados, M|100\/100\n|turn|13\n|\n|t:|1698475553\n|-terastallize|p2a: SilentDroidd|Normal\n|move|p1a: Gyarados|Waterfall|p2a: SilentDroidd\n|-damage|p2a: SilentDroidd|27\/100\n|move|p2a: SilentDroidd|Will-O-Wisp|p1a: Gyarados\n|-status|p1a: Gyarados|brn\n|\n|-heal|p2a: SilentDroidd|33\/100|[from] item: Leftovers\n|-damage|p1a: Gyarados|94\/100 brn|[from] brn\n|upkeep\n|turn|14\n|\n|t:|1698475559\n|move|p1a: Gyarados|Waterfall|p2a: SilentDroidd\n|-damage|p2a: SilentDroidd|10\/100\n|move|p2a: SilentDroidd|Slack Off|p2a: SilentDroidd\n|-heal|p2a: SilentDroidd|60\/100\n|\n|-heal|p2a: SilentDroidd|66\/100|[from] item: Leftovers\n|-damage|p1a: Gyarados|88\/100 brn|[from] brn\n|upkeep\n|turn|15\n|\n|t:|1698475563\n|move|p1a: Gyarados|Waterfall|p2a: SilentDroidd\n|-damage|p2a: SilentDroidd|43\/100\n|cant|p2a: SilentDroidd|flinch\n|\n|-heal|p2a: SilentDroidd|49\/100|[from] item: Leftovers\n|-damage|p1a: Gyarados|82\/100 brn|[from] brn\n|upkeep\n|turn|16\n|\n|t:|1698475568\n|move|p1a: Gyarados|Waterfall|p2a: SilentDroidd\n|-damage|p2a: SilentDroidd|28\/100\n|cant|p2a: SilentDroidd|flinch\n|\n|-heal|p2a: SilentDroidd|34\/100|[from] item: Leftovers\n|-damage|p1a: Gyarados|76\/100 brn|[from] brn\n|upkeep\n|turn|17\n|\n|t:|1698475571\n|move|p1a: Gyarados|Waterfall|p2a: SilentDroidd\n|-damage|p2a: SilentDroidd|13\/100\n|move|p2a: SilentDroidd|Slack Off|p2a: SilentDroidd\n|-heal|p2a: SilentDroidd|63\/100\n|\n|-heal|p2a: SilentDroidd|69\/100|[from] item: Leftovers\n|-damage|p1a: Gyarados|70\/100 brn|[from] brn\n|upkeep\n|turn|18\n|\n|t:|1698475579\n|switch|p2a: VanossGaming|Decidueye-Hisui, M, shiny|100\/100\n|move|p1a: Gyarados|Waterfall|p2a: VanossGaming\n|-resisted|p2a: VanossGaming\n|-damage|p2a: VanossGaming|84\/100\n|\n|-damage|p1a: Gyarados|64\/100 brn|[from] brn\n|upkeep\n|turn|19\n|\n|t:|1698475585\n|switch|p1a: Rabsca|Rabsca, M|100\/100\n|move|p2a: VanossGaming|Leaf Blade|p1a: Rabsca\n|-resisted|p1a: Rabsca\n|-damage|p1a: Rabsca|75\/100\n|\n|upkeep\n|turn|20\n|\n|t:|1698475591\n|move|p2a: VanossGaming|Sucker Punch||[still]\n|-fail|p2a: VanossGaming\n|move|p1a: Rabsca|Revival Blessing|p1a: Rabsca\n|\n|t:|1698475598\n|-heal|p1: Meowscarada|50\/100|[from] move: Revival Blessing\n|\n|upkeep\n|turn|21\n|\n|t:|1698475605\n|move|p2a: VanossGaming|Sucker Punch|p1a: Rabsca\n|-supereffective|p1a: Rabsca\n|-crit|p1a: Rabsca\n|-damage|p1a: Rabsca|0 fnt\n|faint|p1a: Rabsca\n|\n|upkeep\n|\n|t:|1698475612\n|switch|p1a: Dragapult|Dragapult, M|100\/100\n|turn|22\n|\n|t:|1698475616\n|move|p2a: VanossGaming|Sucker Punch|p1a: Dragapult\n|-supereffective|p1a: Dragapult\n|-crit|p1a: Dragapult\n|-damage|p1a: Dragapult|6\/100\n|move|p1a: Dragapult|Flamethrower|p2a: VanossGaming\n|-supereffective|p2a: VanossGaming\n|-damage|p2a: VanossGaming|46\/100\n|\n|upkeep\n|turn|23\n|\n|t:|1698475622\n|move|p2a: VanossGaming|Sucker Punch|p1a: Dragapult\n|-supereffective|p1a: Dragapult\n|-crit|p1a: Dragapult\n|-damage|p1a: Dragapult|0 fnt\n|faint|p1a: Dragapult\n|\n|upkeep\n|\n|t:|1698475633\n|switch|p1a: Gyarados|Gyarados, M|64\/100 brn\n|turn|24\n|\n|t:|1698475637\n|move|p1a: Gyarados|Outrage|p2a: VanossGaming\n|-damage|p2a: VanossGaming|8\/100\n|move|p2a: VanossGaming|Leaf Blade|p1a: Gyarados\n|-damage|p1a: Gyarados|19\/100 brn\n|\n|-damage|p1a: Gyarados|13\/100 brn|[from] brn\n|upkeep\n|turn|25\n|\n|t:|1698475643\n|move|p2a: VanossGaming|Sucker Punch|p1a: Gyarados\n|-damage|p1a: Gyarados|0 fnt\n|faint|p1a: Gyarados\n|\n|upkeep\n|\n|t:|1698475646\n|switch|p1a: Meowscarada|Meowscarada, M|50\/100\n|turn|26\n|\n|t:|1698475649\n|move|p1a: Meowscarada|Sucker Punch|p2a: VanossGaming\n|-start|p1a: Meowscarada|typechange|Dark|[from] ability: Protean\n|-resisted|p2a: VanossGaming\n|-damage|p2a: VanossGaming|0 fnt\n|faint|p2a: VanossGaming\n|\n|upkeep\n|\n|t:|1698475651\n|switch|p2a: Moo Snuckle|Braviary, M, shiny|100\/100\n|turn|27\n|\n|t:|1698475658\n|move|p1a: Meowscarada|Play Rough|p2a: Moo Snuckle\n|-damage|p2a: Moo Snuckle|65\/100\n|move|p2a: Moo Snuckle|Close Combat|p1a: Meowscarada\n|-supereffective|p1a: Meowscarada\n|-damage|p1a: Meowscarada|0 fnt\n|-unboost|p2a: Moo Snuckle|def|1\n|-unboost|p2a: Moo Snuckle|spd|1\n|faint|p1a: Meowscarada\n|\n|win|BananaBusCrew4\n|raw|alexflamesword3d's rating: 1191 &rarr; <strong>1166<\/strong><br \/>(-25 for losing)\n|raw|BananaBusCrew4's rating: 1192 &rarr; <strong>1217<\/strong><br \/>(+25 for winning)\n|l|\u203dalexflamesword3d\n","uploadtime":1698475670,"views":12,"p1id":"alexflamesword3d","p2id":"bananabuscrew4","formatid":"gen9anythinggoes","rating":1166,"private":0,"password":""}