{"id":"gen9anythinggoes-1999166231","p1":"HeavenBurningLight","p2":"rainydaysman","format":"[Gen 9] Anything Goes","log":"|j|\u2606HeavenBurningLight\n|j|\u2606rainydaysman\n|inactive|Battle timer is ON: inactive players will automatically lose when time's up.\n|t:|1701040494\n|gametype|singles\n|player|p1|HeavenBurningLight|rosa-pokestar|\n|player|p2|rainydaysman|dawn|\n|teamsize|p1|6\n|teamsize|p2|6\n|gen|9\n|tier|[Gen 9] Anything Goes\n|rated|Tournament battle\n|rule|HP Percentage Mod: HP is shown in percentages\n|rule|Endless Battle Clause: Forcing endless battles is banned\n|clearpoke\n|poke|p1|Mandibuzz, F|\n|poke|p1|Gliscor, M|\n|poke|p1|Blissey, F|\n|poke|p1|Alomomola, F|\n|poke|p1|Clodsire, M|\n|poke|p1|Dondozo, M|\n|poke|p2|Calyrex-Shadow|\n|poke|p2|Ribombee, M|\n|poke|p2|Great Tusk|\n|poke|p2|Arceus-Ground|\n|poke|p2|Zacian-*|\n|poke|p2|Miraidon|\n|teampreview\n|inactive|rainydaysman also wants the timer to be on.\n|\n|t:|1701040498\n|start\n|switch|p1a: Malevolent Shrine|Gliscor, M, shiny|100\/100\n|switch|p2a: Ribombee|Ribombee, M, shiny|100\/100\n|turn|1\n|\n|t:|1701040510\n|move|p1a: Malevolent Shrine|Protect|p1a: Malevolent Shrine\n|-singleturn|p1a: Malevolent Shrine|Protect\n|move|p2a: Ribombee|Stun Spore|p1a: Malevolent Shrine\n|-activate|p1a: Malevolent Shrine|move: Protect\n|\n|-status|p1a: Malevolent Shrine|tox|[from] item: Toxic Orb\n|upkeep\n|turn|2\n|\n|t:|1701040512\n|move|p2a: Ribombee|Sticky Web|p1a: Malevolent Shrine\n|-sidestart|p1: HeavenBurningLight|move: Sticky Web\n|move|p1a: Malevolent Shrine|Toxic|p2a: Ribombee\n|-status|p2a: Ribombee|tox\n|\n|-damage|p2a: Ribombee|94\/100 tox|[from] psn\n|upkeep\n|turn|3\n|inactive|rainydaysman has 120 seconds left.\n|\n|t:|1701040543\n|move|p2a: Ribombee|Moonblast|p1a: Malevolent Shrine\n|-damage|p1a: Malevolent Shrine|60\/100 tox\n|move|p1a: Malevolent Shrine|Spikes|p2a: Ribombee\n|-sidestart|p2: rainydaysman|Spikes\n|\n|-damage|p2a: Ribombee|82\/100 tox|[from] psn\n|-heal|p1a: Malevolent Shrine|73\/100 tox|[from] ability: Poison Heal\n|upkeep\n|turn|4\n|\n|t:|1701040546\n|move|p1a: Malevolent Shrine|Protect|p1a: Malevolent Shrine\n|-singleturn|p1a: Malevolent Shrine|Protect\n|move|p2a: Ribombee|Moonblast|p1a: Malevolent Shrine\n|-activate|p1a: Malevolent Shrine|move: Protect\n|\n|-damage|p2a: Ribombee|63\/100 tox|[from] psn\n|-heal|p1a: Malevolent Shrine|85\/100 tox|[from] ability: Poison Heal\n|upkeep\n|turn|5\n|\n|t:|1701040554\n|switch|p1a: Soothing Wetlands|Blissey, F, shiny|100\/100\n|move|p2a: Ribombee|Moonblast|p1a: Soothing Wetlands\n|-damage|p1a: Soothing Wetlands|92\/100\n|\n|-damage|p2a: Ribombee|39\/100 tox|[from] psn\n|upkeep\n|turn|6\n|\n|t:|1701040557\n|move|p2a: Ribombee|Stun Spore|p1a: Soothing Wetlands\n|-status|p1a: Soothing Wetlands|par\n|move|p1a: Soothing Wetlands|Shadow Ball|p2a: Ribombee\n|-damage|p2a: Ribombee|18\/100 tox\n|\n|-damage|p2a: Ribombee|0 fnt|[from] psn\n|faint|p2a: Ribombee\n|upkeep\n|\n|t:|1701040567\n|switch|p2a: Great Tusk|Great Tusk|100\/100\n|-damage|p2a: Great Tusk|88\/100|[from] Spikes\n|turn|7\n|\n|t:|1701040573\n|-curestatus|p1a: Soothing Wetlands|par|[from] ability: Natural Cure\n|switch|p1a: Malevolent Shrine|Gliscor, M, shiny|85\/100 tox\n|move|p2a: Great Tusk|Rapid Spin|p1a: Malevolent Shrine\n|-damage|p1a: Malevolent Shrine|76\/100 tox\n|-boost|p2a: Great Tusk|spe|1\n|-sideend|p2: rainydaysman|Spikes|[from] move: Rapid Spin|[of] p2a: Great Tusk\n|\n|-heal|p1a: Malevolent Shrine|88\/100 tox|[from] ability: Poison Heal\n|upkeep\n|turn|8\n|\n|t:|1701040579\n|move|p1a: Malevolent Shrine|Protect|p1a: Malevolent Shrine\n|-singleturn|p1a: Malevolent Shrine|Protect\n|move|p2a: Great Tusk|Knock Off|p1a: Malevolent Shrine\n|-activate|p1a: Malevolent Shrine|move: Protect\n|\n|-heal|p1a: Malevolent Shrine|100\/100 tox|[from] ability: Poison Heal\n|upkeep\n|turn|9\n|\n|t:|1701040583\n|move|p2a: Great Tusk|Knock Off|p1a: Malevolent Shrine\n|-damage|p1a: Malevolent Shrine|84\/100 tox\n|-enditem|p1a: Malevolent Shrine|Toxic Orb|[from] move: Knock Off|[of] p2a: Great Tusk\n|move|p1a: Malevolent Shrine|Toxic|p2a: Great Tusk|[miss]\n|-miss|p1a: Malevolent Shrine|p2a: Great Tusk\n|\n|-heal|p1a: Malevolent Shrine|97\/100 tox|[from] ability: Poison Heal\n|upkeep\n|turn|10\n|\n|t:|1701040594\n|-end|p2a: Great Tusk|Protosynthesis|[silent]\n|switch|p2a: Zacian|Zacian-Crowned, shiny|100\/100\n|-ability|p2a: Zacian|Intrepid Sword|boost\n|-boost|p2a: Zacian|atk|1\n|move|p1a: Malevolent Shrine|Knock Off|p2a: Zacian\n|-resisted|p2a: Zacian\n|-damage|p2a: Zacian|93\/100\n|\n|-heal|p1a: Malevolent Shrine|100\/100 tox|[from] ability: Poison Heal\n|upkeep\n|turn|11\n|\n|t:|1701040600\n|move|p2a: Zacian|Play Rough|p1a: Malevolent Shrine\n|-damage|p1a: Malevolent Shrine|54\/100 tox\n|move|p1a: Malevolent Shrine|Spikes|p2a: Zacian\n|-sidestart|p2: rainydaysman|Spikes\n|\n|-heal|p1a: Malevolent Shrine|66\/100 tox|[from] ability: Poison Heal\n|upkeep\n|turn|12\n|\n|t:|1701040613\n|move|p1a: Malevolent Shrine|Protect|p1a: Malevolent Shrine\n|-singleturn|p1a: Malevolent Shrine|Protect\n|move|p2a: Zacian|Play Rough|p1a: Malevolent Shrine\n|-activate|p1a: Malevolent Shrine|move: Protect\n|\n|-heal|p1a: Malevolent Shrine|79\/100 tox|[from] ability: Poison Heal\n|upkeep\n|turn|13\n|\n|t:|1701040618\n|switch|p1a: Wishing Stars|Alomomola, F|100\/100\n|move|p2a: Zacian|Play Rough|p1a: Wishing Stars\n|-damage|p1a: Wishing Stars|59\/100\n|\n|upkeep\n|turn|14\n|\n|t:|1701040622\n|move|p2a: Zacian|Behemoth Blade|p1a: Wishing Stars\n|-resisted|p1a: Wishing Stars\n|-damage|p1a: Wishing Stars|34\/100\n|move|p1a: Wishing Stars|Wish|p1a: Wishing Stars\n|\n|upkeep\n|turn|15\n|\n|t:|1701040627\n|move|p1a: Wishing Stars|Protect|p1a: Wishing Stars\n|-singleturn|p1a: Wishing Stars|Protect\n|move|p2a: Zacian|Play Rough|p1a: Wishing Stars\n|-activate|p1a: Wishing Stars|move: Protect\n|\n|-heal|p1a: Wishing Stars|84\/100|[from] move: Wish|[wisher] Wishing Stars\n|upkeep\n|turn|16\n|\n|t:|1701040629\n|move|p2a: Zacian|Play Rough|p1a: Wishing Stars\n|-damage|p1a: Wishing Stars|40\/100\n|move|p1a: Wishing Stars|Scald|p2a: Zacian\n|-damage|p2a: Zacian|80\/100\n|\n|upkeep\n|turn|17\n|\n|t:|1701040633\n|switch|p1a: Only Chance|Dondozo, M|100\/100\n|move|p2a: Zacian|Play Rough|p1a: Only Chance\n|-damage|p1a: Only Chance|78\/100\n|\n|upkeep\n|turn|18\n|\n|t:|1701040637\n|move|p2a: Zacian|Behemoth Blade|p1a: Only Chance\n|-resisted|p1a: Only Chance\n|-damage|p1a: Only Chance|66\/100\n|move|p1a: Only Chance|Fissure|p2a: Zacian\n|-damage|p2a: Zacian|0 fnt\n|faint|p2a: Zacian\n|-ohko\n|\n|upkeep\n|\n|t:|1701040644\n|switch|p2a: Great Tusk|Great Tusk|88\/100\n|-damage|p2a: Great Tusk|76\/100|[from] Spikes\n|turn|19\n|\n|t:|1701040647\n|move|p2a: Great Tusk|Rapid Spin|p1a: Only Chance\n|-damage|p1a: Only Chance|60\/100\n|-boost|p2a: Great Tusk|spe|1\n|-sideend|p2: rainydaysman|Spikes|[from] move: Rapid Spin|[of] p2a: Great Tusk\n|move|p1a: Only Chance|Fissure|p2a: Great Tusk|[miss]\n|-miss|p1a: Only Chance|p2a: Great Tusk\n|\n|upkeep\n|turn|20\n|\n|t:|1701040662\n|move|p2a: Great Tusk|Knock Off|p1a: Only Chance\n|-damage|p1a: Only Chance|46\/100\n|-enditem|p1a: Only Chance|Heavy-Duty Boots|[from] move: Knock Off|[of] p2a: Great Tusk\n|move|p1a: Only Chance|Fissure|p2a: Great Tusk|[miss]\n|-miss|p1a: Only Chance|p2a: Great Tusk\n|\n|upkeep\n|turn|21\n|\n|t:|1701040670\n|move|p2a: Great Tusk|Earthquake|p1a: Only Chance\n|-damage|p1a: Only Chance|28\/100\n|move|p1a: Only Chance|Fissure|p2a: Great Tusk|[miss]\n|-miss|p1a: Only Chance|p2a: Great Tusk\n|\n|upkeep\n|turn|22\n|\n|t:|1701040673\n|move|p2a: Great Tusk|Earthquake|p1a: Only Chance\n|-damage|p1a: Only Chance|8\/100\n|move|p1a: Only Chance|Rest|p1a: Only Chance\n|-status|p1a: Only Chance|slp|[from] move: Rest\n|-heal|p1a: Only Chance|100\/100 slp|[silent]\n|\n|upkeep\n|turn|23\n|\n|t:|1701040676\n|-end|p2a: Great Tusk|Protosynthesis|[silent]\n|switch|p2a: Miraidon|Miraidon|100\/100\n|-fieldstart|move: Electric Terrain|[from] ability: Hadron Engine|[of] p2a: Miraidon\n|cant|p1a: Only Chance|slp\n|move|p1a: Only Chance|Sleep Talk|p1a: Only Chance\n|move|p1a: Only Chance|Rest||[from]move: Sleep Talk|[still]\n|-fail|p1a: Only Chance\n|\n|upkeep\n|turn|24\n|\n|t:|1701040681\n|switch|p1a: Soothing Wetlands|Blissey, F, shiny|92\/100\n|move|p2a: Miraidon|Volt Switch|p1a: Soothing Wetlands\n|-damage|p1a: Soothing Wetlands|74\/100\n|\n|t:|1701040711\n|switch|p2a: Arceus|Arceus-Ground, shiny|100\/100|[from] Volt Switch\n|\n|upkeep\n|turn|25\n|\n|t:|1701040726\n|switch|p1a: Malevolent Shrine|Gliscor, M, shiny|79\/100 tox\n|move|p2a: Arceus|Dragon Dance|p2a: Arceus\n|-boost|p2a: Arceus|atk|1\n|-boost|p2a: Arceus|spe|1\n|\n|-heal|p1a: Malevolent Shrine|91\/100 tox|[from] ability: Poison Heal\n|upkeep\n|turn|26\n|-message|rainydaysman forfeited.\n|\n|win|HeavenBurningLight\n|n|\u2606HeavenBurningLight|heavenburninglight\n|n|\u2606rainydaysman|rainydaysman\n","uploadtime":1701040740,"views":0,"p1id":"heavenburninglight","p2id":"rainydaysman","formatid":"gen9anythinggoes","rating":0,"private":0,"password":""}