{"id":"gen9anythinggoes-1973115929","p1":"Jinxed_Dremmurrrrr","p2":"Lordthatguy","format":"[Gen 9] Anything Goes","log":"|j|\u2606Jinxed_Dremmurrrrr\n|j|\u2606Lordthatguy\n|t:|1697929368\n|gametype|singles\n|player|p1|Jinxed_Dremmurrrrr|blackbelt-gen4dp|1000\n|player|p2|Lordthatguy|pokekid|1000\n|teamsize|p1|6\n|teamsize|p2|6\n|gen|9\n|tier|[Gen 9] Anything Goes\n|rated|\n|rule|HP Percentage Mod: HP is shown in percentages\n|rule|Endless Battle Clause: Forcing endless battles is banned\n|clearpoke\n|poke|p1|Maushold-Four|\n|poke|p1|Maushold-Four|\n|poke|p1|Maushold-Four|\n|poke|p1|Maushold-Four|\n|poke|p1|Maushold-Four|\n|poke|p1|Maushold-Four|\n|poke|p2|Blissey, F|\n|poke|p2|Palafin, M|\n|poke|p2|Carbink|\n|poke|p2|Chandelure, M|\n|poke|p2|Goodra, M|\n|poke|p2|Electrode|\n|teampreview\n|l|\u2606Lordthatguy\n|player|p2|\n|j|\u2606Lordthatguy\n|player|p2|Lordthatguy|pokekid\n|\n|t:|1697929385\n|start\n|switch|p1a: 24 pokemon|Maushold-Four, shiny|100\/100\n|switch|p2a: Carbink|Carbink|100\/100\n|turn|1\n|\n|t:|1697929393\n|move|p1a: 24 pokemon|Population Bomb|p2a: Carbink\n|-resisted|p2a: Carbink\n|-damage|p2a: Carbink|98\/100\n|-resisted|p2a: Carbink\n|-damage|p2a: Carbink|95\/100\n|-resisted|p2a: Carbink\n|-damage|p2a: Carbink|91\/100\n|-hitcount|p2a: Carbink|3\n|move|p2a: Carbink|Stealth Rock|p1a: 24 pokemon\n|-sidestart|p1: Jinxed_Dremmurrrrr|move: Stealth Rock\n|\n|-heal|p2a: Carbink|97\/100|[from] item: Leftovers\n|upkeep\n|turn|2\n|\n|t:|1697929405\n|move|p1a: 24 pokemon|Population Bomb|p2a: Carbink\n|-resisted|p2a: Carbink\n|-damage|p2a: Carbink|94\/100\n|-resisted|p2a: Carbink\n|-damage|p2a: Carbink|90\/100\n|-hitcount|p2a: Carbink|2\n|move|p2a: Carbink|Spikes|p1a: 24 pokemon\n|-sidestart|p1: Jinxed_Dremmurrrrr|Spikes\n|\n|-heal|p2a: Carbink|96\/100|[from] item: Leftovers\n|upkeep\n|turn|3\n|\n|t:|1697929414\n|move|p1a: 24 pokemon|Population Bomb|p2a: Carbink\n|-resisted|p2a: Carbink\n|-damage|p2a: Carbink|93\/100\n|-resisted|p2a: Carbink\n|-damage|p2a: Carbink|90\/100\n|-resisted|p2a: Carbink\n|-damage|p2a: Carbink|87\/100\n|-resisted|p2a: Carbink\n|-damage|p2a: Carbink|84\/100\n|-resisted|p2a: Carbink\n|-damage|p2a: Carbink|81\/100\n|-hitcount|p2a: Carbink|5\n|move|p2a: Carbink|Spikes|p1a: 24 pokemon\n|-sidestart|p1: Jinxed_Dremmurrrrr|Spikes\n|\n|-heal|p2a: Carbink|87\/100|[from] item: Leftovers\n|upkeep\n|turn|4\n|\n|t:|1697929431\n|move|p1a: 24 pokemon|Population Bomb|p2a: Carbink\n|-resisted|p2a: Carbink\n|-damage|p2a: Carbink|84\/100\n|-resisted|p2a: Carbink\n|-damage|p2a: Carbink|80\/100\n|-resisted|p2a: Carbink\n|-damage|p2a: Carbink|77\/100\n|-resisted|p2a: Carbink\n|-damage|p2a: Carbink|74\/100\n|-resisted|p2a: Carbink\n|-damage|p2a: Carbink|71\/100\n|-resisted|p2a: Carbink\n|-damage|p2a: Carbink|68\/100\n|-resisted|p2a: Carbink\n|-damage|p2a: Carbink|65\/100\n|-resisted|p2a: Carbink\n|-damage|p2a: Carbink|62\/100\n|-resisted|p2a: Carbink\n|-damage|p2a: Carbink|59\/100\n|-resisted|p2a: Carbink\n|-damage|p2a: Carbink|56\/100\n|-hitcount|p2a: Carbink|10\n|move|p2a: Carbink|Spikes|p1a: 24 pokemon\n|-sidestart|p1: Jinxed_Dremmurrrrr|Spikes\n|\n|-heal|p2a: Carbink|62\/100|[from] item: Leftovers\n|upkeep\n|turn|5\n|\n|t:|1697929452\n|move|p1a: 24 pokemon|Population Bomb|p2a: Carbink|[miss]\n|-miss|p1a: 24 pokemon|p2a: Carbink\n|move|p2a: Carbink|Body Press|p1a: 24 pokemon\n|-supereffective|p1a: 24 pokemon\n|-damage|p1a: 24 pokemon|24\/100\n|\n|-heal|p2a: Carbink|68\/100|[from] item: Leftovers\n|upkeep\n|turn|6\n|\n|t:|1697929462\n|move|p1a: 24 pokemon|Population Bomb|p2a: Carbink\n|-resisted|p2a: Carbink\n|-damage|p2a: Carbink|65\/100\n|-resisted|p2a: Carbink\n|-damage|p2a: Carbink|62\/100\n|-hitcount|p2a: Carbink|2\n|move|p2a: Carbink|Body Press|p1a: 24 pokemon\n|-supereffective|p1a: 24 pokemon\n|-damage|p1a: 24 pokemon|0 fnt\n|faint|p1a: 24 pokemon\n|\n|-heal|p2a: Carbink|67\/100|[from] item: Leftovers\n|upkeep\n|\n|t:|1697929474\n|switch|p1a: Maushold|Maushold-Four|100\/100\n|-damage|p1a: Maushold|88\/100|[from] Stealth Rock\n|-damage|p1a: Maushold|63\/100|[from] Spikes\n|turn|7\n|\n|t:|1697929481\n|move|p1a: Maushold|Population Bomb|p2a: Carbink\n|-resisted|p2a: Carbink\n|-damage|p2a: Carbink|65\/100\n|-resisted|p2a: Carbink\n|-damage|p2a: Carbink|61\/100\n|-resisted|p2a: Carbink\n|-damage|p2a: Carbink|58\/100\n|-resisted|p2a: Carbink\n|-damage|p2a: Carbink|55\/100\n|-resisted|p2a: Carbink\n|-damage|p2a: Carbink|52\/100\n|-resisted|p2a: Carbink\n|-crit|p2a: Carbink\n|-damage|p2a: Carbink|48\/100\n|-resisted|p2a: Carbink\n|-damage|p2a: Carbink|44\/100\n|-resisted|p2a: Carbink\n|-crit|p2a: Carbink\n|-damage|p2a: Carbink|39\/100\n|-resisted|p2a: Carbink\n|-damage|p2a: Carbink|36\/100\n|-resisted|p2a: Carbink\n|-damage|p2a: Carbink|33\/100\n|-hitcount|p2a: Carbink|10\n|move|p2a: Carbink|Body Press|p1a: Maushold\n|-supereffective|p1a: Maushold\n|-damage|p1a: Maushold|0 fnt\n|faint|p1a: Maushold\n|\n|-heal|p2a: Carbink|39\/100|[from] item: Leftovers\n|upkeep\n|\n|t:|1697929503\n|switch|p1a: Maushold|Maushold-Four|100\/100\n|-damage|p1a: Maushold|88\/100|[from] Stealth Rock\n|-damage|p1a: Maushold|63\/100|[from] Spikes\n|turn|8\n|\n|t:|1697929513\n|move|p1a: Maushold|Play Rough|p2a: Carbink\n|-damage|p2a: Carbink|26\/100\n|move|p2a: Carbink|Body Press|p1a: Maushold\n|-supereffective|p1a: Maushold\n|-crit|p1a: Maushold\n|-damage|p1a: Maushold|0 fnt\n|faint|p1a: Maushold\n|\n|-heal|p2a: Carbink|32\/100|[from] item: Leftovers\n|upkeep\n|\n|t:|1697929523\n|switch|p1a: Maushold|Maushold-Four|100\/100\n|-damage|p1a: Maushold|88\/100|[from] Stealth Rock\n|-damage|p1a: Maushold|63\/100|[from] Spikes\n|turn|9\n|\n|t:|1697929528\n|move|p1a: Maushold|Population Bomb|p2a: Carbink\n|-resisted|p2a: Carbink\n|-damage|p2a: Carbink|29\/100\n|-hitcount|p2a: Carbink|1\n|move|p2a: Carbink|Body Press|p1a: Maushold\n|-supereffective|p1a: Maushold\n|-damage|p1a: Maushold|0 fnt\n|faint|p1a: Maushold\n|\n|-heal|p2a: Carbink|35\/100|[from] item: Leftovers\n|upkeep\n|\n|t:|1697929540\n|switch|p1a: Maushold|Maushold-Four|100\/100\n|-damage|p1a: Maushold|88\/100|[from] Stealth Rock\n|-damage|p1a: Maushold|63\/100|[from] Spikes\n|turn|10\n|c|\u2606Jinxed_Dremmurrrrr|free win\n|inactive|Battle timer is ON: inactive players will automatically lose when time's up. (requested by Lordthatguy)\n|c|\u2606Jinxed_Dremmurrrrr|since this isnt working\n|-message|Jinxed_Dremmurrrrr forfeited.\n|\n|win|Lordthatguy\n|raw|Jinxed_Dremmurrrrr's rating: 1000 &rarr; <strong>1000<\/strong><br \/>(+0 for losing)\n|raw|Lordthatguy's rating: 1000 &rarr; <strong>1040<\/strong><br \/>(+40 for winning)\n|l|\u2606Jinxed_Dremmurrrrr\n","uploadtime":1697929587,"views":10,"p1id":"jinxeddremmurrrrr","p2id":"lordthatguy","formatid":"gen9anythinggoes","rating":1000,"private":0,"password":""}