{"id":"gen9anythinggoes-1974265036","p1":"Hzozv","p2":"BrettNolan1993","format":"[Gen 9] Anything Goes","log":"|j|\u2606Hzozv\n|j|\u2606BrettNolan1993\n|t:|1698073197\n|gametype|singles\n|player|p1|Hzozv|lusamine-nihilego|1546\n|player|p2|BrettNolan1993|265|1373\n|teamsize|p1|6\n|teamsize|p2|6\n|gen|9\n|tier|[Gen 9] Anything Goes\n|rated|\n|rule|HP Percentage Mod: HP is shown in percentages\n|rule|Endless Battle Clause: Forcing endless battles is banned\n|clearpoke\n|poke|p1|Calyrex-Shadow|\n|poke|p1|Hatterene, F|\n|poke|p1|Clefable, F|\n|poke|p1|Drifblim, M|\n|poke|p1|Krookodile, F|\n|poke|p1|Ditto|\n|poke|p2|Hippowdon, M|\n|poke|p2|Corviknight, F|\n|poke|p2|Muk-Alola, M|\n|poke|p2|Toxapex, M|\n|poke|p2|Mimikyu, M|\n|poke|p2|Ditto|\n|teampreview\n|inactive|Battle timer is ON: inactive players will automatically lose when time's up. (requested by Hzozv)\n|\n|t:|1698073206\n|start\n|switch|p1a: Drifblim|Drifblim, M|100\/100\n|switch|p2a: Hippowdon|Hippowdon, M|100\/100\n|-weather|Sandstorm|[from] ability: Sand Stream|[of] p2a: Hippowdon\n|turn|1\n|\n|t:|1698073214\n|move|p1a: Drifblim|Substitute|p1a: Drifblim\n|-start|p1a: Drifblim|Substitute\n|-damage|p1a: Drifblim|76\/100\n|move|p2a: Hippowdon|Stealth Rock|p1a: Drifblim\n|-sidestart|p1: Hzozv|move: Stealth Rock\n|\n|-weather|Sandstorm|[upkeep]\n|-damage|p1a: Drifblim|69\/100|[from] Sandstorm\n|upkeep\n|turn|2\n|\n|t:|1698073219\n|move|p1a: Drifblim|Minimize|p1a: Drifblim\n|-boost|p1a: Drifblim|evasion|2\n|move|p2a: Hippowdon|Roar|p1a: Drifblim\n|drag|p1a: Krookodile|Krookodile, F|100\/100\n|-damage|p1a: Krookodile|94\/100|[from] Stealth Rock\n|\n|-weather|Sandstorm|[upkeep]\n|upkeep\n|turn|3\n|\n|t:|1698073228\n|switch|p1a: Drifblim|Drifblim, M|69\/100\n|-damage|p1a: Drifblim|45\/100|[from] Stealth Rock\n|-enditem|p1a: Drifblim|Sitrus Berry|[eat]\n|-heal|p1a: Drifblim|69\/100|[from] item: Sitrus Berry\n|move|p2a: Hippowdon|Earthquake|p1a: Drifblim\n|-immune|p1a: Drifblim\n|\n|-weather|Sandstorm|[upkeep]\n|-damage|p1a: Drifblim|63\/100|[from] Sandstorm\n|upkeep\n|turn|4\n|\n|t:|1698073239\n|move|p1a: Drifblim|Strength Sap|p2a: Hippowdon\n|-unboost|p2a: Hippowdon|atk|1\n|-heal|p1a: Drifblim|100\/100\n|move|p2a: Hippowdon|Roar|p1a: Drifblim\n|drag|p1a: Calyrex|Calyrex-Shadow|100\/100\n|-ability|p1a: Calyrex|As One\n|-ability|p1a: Calyrex|Unnerve\n|-damage|p1a: Calyrex|88\/100|[from] Stealth Rock\n|\n|-weather|Sandstorm|[upkeep]\n|-damage|p1a: Calyrex|82\/100|[from] Sandstorm\n|-heal|p1a: Calyrex|88\/100|[from] item: Leftovers\n|upkeep\n|turn|5\n|\n|t:|1698073253\n|move|p1a: Calyrex|Substitute|p1a: Calyrex\n|-start|p1a: Calyrex|Substitute\n|-damage|p1a: Calyrex|63\/100\n|move|p2a: Hippowdon|Roar|p1a: Calyrex\n|drag|p1a: Krookodile|Krookodile, F|94\/100\n|-damage|p1a: Krookodile|88\/100|[from] Stealth Rock\n|\n|-weather|none\n|upkeep\n|turn|6\n|\n|t:|1698073261\n|switch|p1a: Drifblim|Drifblim, M|100\/100\n|-damage|p1a: Drifblim|76\/100|[from] Stealth Rock\n|move|p2a: Hippowdon|Roar|p1a: Drifblim\n|drag|p1a: Clefable|Clefable, F|100\/100\n|\n|upkeep\n|turn|7\n|\n|t:|1698073270\n|move|p1a: Clefable|Stealth Rock|p2a: Hippowdon\n|-sidestart|p2: BrettNolan1993|move: Stealth Rock\n|move|p2a: Hippowdon|Roar|p1a: Clefable\n|drag|p1a: Calyrex|Calyrex-Shadow|63\/100\n|-ability|p1a: Calyrex|As One\n|-ability|p1a: Calyrex|Unnerve\n|-damage|p1a: Calyrex|51\/100|[from] Stealth Rock\n|\n|-heal|p1a: Calyrex|57\/100|[from] item: Leftovers\n|upkeep\n|turn|8\n|\n|t:|1698073280\n|move|p1a: Calyrex|Taunt|p2a: Hippowdon\n|-start|p2a: Hippowdon|move: Taunt\n|cant|p2a: Hippowdon|move: Taunt|Roar\n|\n|-heal|p1a: Calyrex|63\/100|[from] item: Leftovers\n|upkeep\n|turn|9\n|\n|t:|1698073286\n|switch|p2a: Corviknight|Corviknight, F|100\/100\n|-damage|p2a: Corviknight|88\/100|[from] Stealth Rock\n|move|p1a: Calyrex|Baton Pass|p1a: Calyrex\n|\n|t:|1698073291\n|switch|p1a: Drifblim|Drifblim, M|76\/100|[from] Baton Pass\n|-damage|p1a: Drifblim|51\/100|[from] Stealth Rock\n|\n|-heal|p2a: Corviknight|94\/100|[from] item: Leftovers\n|upkeep\n|turn|10\n|\n|t:|1698073299\n|move|p1a: Drifblim|Minimize|p1a: Drifblim\n|-boost|p1a: Drifblim|evasion|2\n|move|p2a: Corviknight|Defog|p1a: Drifblim\n|-unboost|p1a: Drifblim|evasion|1\n|-sideend|p1: Hzozv|Stealth Rock|[from] move: Defog|[of] p2a: Corviknight\n|-sideend|p2: BrettNolan1993|Stealth Rock|[from] move: Defog|[of] p2a: Corviknight\n|\n|-heal|p2a: Corviknight|100\/100|[from] item: Leftovers\n|upkeep\n|turn|11\n|\n|t:|1698073308\n|switch|p2a: Ditto|Ditto|100\/100\n|-transform|p2a: Ditto|p1a: Drifblim|[from] ability: Imposter\n|move|p1a: Drifblim|Minimize|p1a: Drifblim\n|-boost|p1a: Drifblim|evasion|2\n|\n|upkeep\n|turn|12\n|\n|t:|1698073316\n|move|p2a: Ditto|Baton Pass|p2a: Ditto\n|\n|t:|1698073317\n|switch|p2a: Hippowdon|Hippowdon, M|100\/100|[from] Baton Pass\n|-weather|Sandstorm|[from] ability: Sand Stream|[of] p2a: Hippowdon\n|move|p1a: Drifblim|Substitute|p1a: Drifblim\n|-start|p1a: Drifblim|Substitute\n|-damage|p1a: Drifblim|26\/100\n|\n|-weather|Sandstorm|[upkeep]\n|-damage|p1a: Drifblim|20\/100|[from] Sandstorm\n|upkeep\n|turn|13\n|\n|t:|1698073326\n|move|p1a: Drifblim|Baton Pass|p1a: Drifblim\n|\n|t:|1698073329\n|switch|p1a: Hatterene|Hatterene, F|100\/100|[from] Baton Pass\n|move|p2a: Hippowdon|Roar|p1a: Hatterene\n|move|p1a: Hatterene|Roar|p2a: Hippowdon|[from]ability: Magic Bounce\n|drag|p2a: Ditto|Ditto|100\/100\n|\n|-weather|Sandstorm|[upkeep]\n|-damage|p2a: Ditto|94\/100|[from] Sandstorm\n|-damage|p1a: Hatterene|95\/100|[from] Sandstorm\n|-heal|p1a: Hatterene|100\/100|[from] item: Leftovers\n|upkeep\n|turn|14\n|\n|t:|1698073344\n|switch|p2a: Mimikyu|Mimikyu, M|100\/100\n|move|p1a: Hatterene|Agility|p1a: Hatterene\n|-boost|p1a: Hatterene|spe|2\n|\n|-weather|Sandstorm|[upkeep]\n|-damage|p2a: Mimikyu|95\/100|[from] Sandstorm\n|-damage|p1a: Hatterene|95\/100|[from] Sandstorm\n|-heal|p1a: Hatterene|100\/100|[from] item: Leftovers\n|upkeep\n|turn|15\n|\n|t:|1698073355\n|move|p2a: Mimikyu|Shadow Claw|p1a: Hatterene|[miss]\n|-miss|p2a: Mimikyu|p1a: Hatterene\n|move|p1a: Hatterene|Baton Pass|p1a: Hatterene\n|\n|t:|1698073361\n|switch|p1a: Clefable|Clefable, F|100\/100|[from] Baton Pass\n|\n|-weather|Sandstorm|[upkeep]\n|-damage|p2a: Mimikyu|89\/100|[from] Sandstorm\n|upkeep\n|turn|16\n|\n|t:|1698073367\n|switch|p2a: Hippowdon|Hippowdon, M|100\/100\n|move|p1a: Clefable|Wish|p1a: Clefable\n|\n|-weather|none\n|upkeep\n|turn|17\n|\n|t:|1698073373\n|move|p1a: Clefable|Baton Pass|p1a: Clefable\n|\n|t:|1698073375\n|switch|p1a: Hatterene|Hatterene, F|100\/100|[from] Baton Pass\n|move|p2a: Hippowdon|Roar|p1a: Hatterene\n|move|p1a: Hatterene|Roar|p2a: Hippowdon|[from]ability: Magic Bounce\n|drag|p2a: Ditto|Ditto|94\/100\n|\n|upkeep\n|turn|18\n|\n|t:|1698073384\n|switch|p2a: Mimikyu|Mimikyu, M|89\/100\n|move|p1a: Hatterene|Agility|p1a: Hatterene\n|-boost|p1a: Hatterene|spe|2\n|\n|upkeep\n|turn|19\n|\n|t:|1698073392\n|move|p2a: Mimikyu|Shadow Claw|p1a: Hatterene\n|-supereffective|p1a: Hatterene\n|-end|p1a: Hatterene|Substitute\n|-damage|p2a: Mimikyu|79\/100|[from] item: Life Orb\n|move|p1a: Hatterene|Agility|p1a: Hatterene\n|-boost|p1a: Hatterene|spe|2\n|\n|upkeep\n|turn|20\n|\n|t:|1698073400\n|move|p1a: Hatterene|Baton Pass|p1a: Hatterene\n|\n|t:|1698073409\n|switch|p1a: Clefable|Clefable, F|100\/100|[from] Baton Pass\n|move|p2a: Mimikyu|Shadow Claw|p1a: Clefable|[miss]\n|-miss|p2a: Mimikyu|p1a: Clefable\n|\n|upkeep\n|turn|21\n|\n|t:|1698073416\n|switch|p2a: Toxapex|Toxapex, M|100\/100\n|move|p1a: Clefable|Wish|p1a: Clefable\n|\n|upkeep\n|turn|22\n|\n|t:|1698073424\n|move|p1a: Clefable|Stealth Rock|p2a: Toxapex\n|-sidestart|p2: BrettNolan1993|move: Stealth Rock\n|move|p2a: Toxapex|Infestation|p1a: Clefable|[miss]\n|-miss|p2a: Toxapex|p1a: Clefable\n|\n|upkeep\n|turn|23\n|\n|t:|1698073435\n|switch|p2a: Hippowdon|Hippowdon, M|100\/100\n|-damage|p2a: Hippowdon|94\/100|[from] Stealth Rock\n|-weather|Sandstorm|[from] ability: Sand Stream|[of] p2a: Hippowdon\n|move|p1a: Clefable|Wish|p1a: Clefable\n|\n|-weather|Sandstorm|[upkeep]\n|upkeep\n|turn|24\n|\n|t:|1698073444\n|move|p1a: Clefable|Baton Pass|p1a: Clefable\n|\n|t:|1698073446\n|switch|p1a: Hatterene|Hatterene, F|100\/100|[from] Baton Pass\n|move|p2a: Hippowdon|Roar|p1a: Hatterene\n|move|p1a: Hatterene|Roar|p2a: Hippowdon|[from]ability: Magic Bounce\n|drag|p2a: Muk|Muk-Alola, M|100\/100\n|-damage|p2a: Muk|88\/100|[from] Stealth Rock\n|\n|-weather|Sandstorm|[upkeep]\n|-damage|p1a: Hatterene|95\/100|[from] Sandstorm\n|-damage|p2a: Muk|82\/100|[from] Sandstorm\n|-heal|p1a: Hatterene|100\/100|[from] move: Wish|[wisher] Clefable\n|upkeep\n|turn|25\n|\n|t:|1698073463\n|move|p1a: Hatterene|Swords Dance|p1a: Hatterene\n|-boost|p1a: Hatterene|atk|2\n|move|p2a: Muk|Toxic|p1a: Hatterene\n|move|p1a: Hatterene|Toxic|p2a: Muk|[from]ability: Magic Bounce\n|-immune|p2a: Muk\n|\n|-weather|Sandstorm|[upkeep]\n|-damage|p1a: Hatterene|95\/100|[from] Sandstorm\n|-damage|p2a: Muk|76\/100|[from] Sandstorm\n|-heal|p1a: Hatterene|100\/100|[from] item: Leftovers\n|upkeep\n|turn|26\n|\n|t:|1698073477\n|move|p1a: Hatterene|Baton Pass|p1a: Hatterene\n|\n|t:|1698073479\n|switch|p1a: Clefable|Clefable, F|100\/100|[from] Baton Pass\n|move|p2a: Muk|Knock Off|p1a: Clefable|[miss]\n|-miss|p2a: Muk|p1a: Clefable\n|\n|-weather|Sandstorm|[upkeep]\n|-damage|p2a: Muk|70\/100|[from] Sandstorm\n|upkeep\n|turn|27\n|\n|t:|1698073489\n|move|p1a: Clefable|Cosmic Power|p1a: Clefable\n|-boost|p1a: Clefable|def|1\n|-boost|p1a: Clefable|spd|1\n|move|p2a: Muk|Knock Off|p1a: Clefable\n|-resisted|p1a: Clefable\n|-damage|p1a: Clefable|87\/100\n|-enditem|p1a: Clefable|Leftovers|[from] move: Knock Off|[of] p2a: Muk\n|\n|-weather|none\n|upkeep\n|turn|28\n|\n|t:|1698073499\n|switch|p2a: Corviknight|Corviknight, F|100\/100\n|-damage|p2a: Corviknight|88\/100|[from] Stealth Rock\n|move|p1a: Clefable|Cosmic Power|p1a: Clefable\n|-boost|p1a: Clefable|def|1\n|-boost|p1a: Clefable|spd|1\n|\n|-heal|p2a: Corviknight|94\/100|[from] item: Leftovers\n|upkeep\n|turn|29\n|\n|t:|1698073509\n|move|p1a: Clefable|Baton Pass|p1a: Clefable\n|\n|t:|1698073513\n|switch|p1a: Drifblim|Drifblim, M|20\/100|[from] Baton Pass\n|move|p2a: Corviknight|Defog|p1a: Drifblim\n|-unboost|p1a: Drifblim|evasion|1\n|-sideend|p2: BrettNolan1993|Stealth Rock|[from] move: Defog|[of] p2a: Corviknight\n|\n|-heal|p2a: Corviknight|100\/100|[from] item: Leftovers\n|upkeep\n|turn|30\n|\n|t:|1698073521\n|switch|p2a: Hippowdon|Hippowdon, M|94\/100\n|-weather|Sandstorm|[from] ability: Sand Stream|[of] p2a: Hippowdon\n|move|p1a: Drifblim|Strength Sap|p2a: Hippowdon\n|-unboost|p2a: Hippowdon|atk|1\n|-heal|p1a: Drifblim|71\/100\n|\n|-weather|Sandstorm|[upkeep]\n|-damage|p1a: Drifblim|65\/100|[from] Sandstorm\n|upkeep\n|turn|31\n|\n|t:|1698073537\n|switch|p2a: Ditto|Ditto|94\/100\n|-transform|p2a: Ditto|p1a: Drifblim|[from] ability: Imposter\n|move|p1a: Drifblim|Baton Pass|p1a: Drifblim\n|\n|t:|1698073554\n|switch|p1a: Calyrex|Calyrex-Shadow|63\/100|[from] Baton Pass\n|-ability|p1a: Calyrex|As One\n|-ability|p1a: Calyrex|Unnerve\n|\n|-weather|Sandstorm|[upkeep]\n|-damage|p1a: Calyrex|57\/100|[from] Sandstorm\n|-damage|p2a: Ditto|88\/100|[from] Sandstorm\n|-heal|p1a: Calyrex|63\/100|[from] item: Leftovers\n|upkeep\n|turn|32\n|\n|t:|1698073567\n|move|p1a: Calyrex|Substitute|p1a: Calyrex\n|-start|p1a: Calyrex|Substitute\n|-damage|p1a: Calyrex|38\/100\n|move|p2a: Ditto|Baton Pass|p2a: Ditto\n|\n|t:|1698073579\n|switch|p2a: Mimikyu|Mimikyu, M|79\/100|[from] Baton Pass\n|\n|-weather|Sandstorm|[upkeep]\n|-damage|p1a: Calyrex|32\/100|[from] Sandstorm\n|-damage|p2a: Mimikyu|73\/100|[from] Sandstorm\n|-heal|p1a: Calyrex|38\/100|[from] item: Leftovers\n|upkeep\n|turn|33\n|\n|t:|1698073589\n|move|p2a: Mimikyu|Shadow Sneak|p1a: Calyrex|[miss]\n|-miss|p2a: Mimikyu|p1a: Calyrex\n|move|p1a: Calyrex|Taunt|p2a: Mimikyu\n|-start|p2a: Mimikyu|move: Taunt\n|\n|-weather|Sandstorm|[upkeep]\n|-damage|p1a: Calyrex|32\/100|[from] Sandstorm\n|-damage|p2a: Mimikyu|67\/100|[from] Sandstorm\n|-heal|p1a: Calyrex|38\/100|[from] item: Leftovers\n|upkeep\n|turn|34\n|\n|t:|1698073599\n|move|p2a: Mimikyu|Shadow Sneak|p1a: Calyrex\n|-supereffective|p1a: Calyrex\n|-end|p1a: Calyrex|Substitute\n|-damage|p2a: Mimikyu|57\/100|[from] item: Life Orb\n|move|p1a: Calyrex|Baton Pass|p1a: Calyrex\n|\n|t:|1698073606\n|switch|p1a: Clefable|Clefable, F|87\/100|[from] Baton Pass\n|\n|-weather|none\n|upkeep\n|turn|35\n|\n|t:|1698073613\n|move|p2a: Mimikyu|Play Rough|p1a: Clefable\n|-damage|p1a: Clefable|38\/100\n|-unboost|p1a: Clefable|atk|1\n|-damage|p2a: Mimikyu|47\/100|[from] item: Life Orb\n|move|p1a: Clefable|Wish|p1a: Clefable\n|\n|upkeep\n|turn|36\n|\n|t:|1698073622\n|move|p2a: Mimikyu|Play Rough|p1a: Clefable|[miss]\n|-miss|p2a: Mimikyu|p1a: Clefable\n|move|p1a: Clefable|Cosmic Power|p1a: Clefable\n|-boost|p1a: Clefable|def|1\n|-boost|p1a: Clefable|spd|1\n|\n|-heal|p1a: Clefable|88\/100|[from] move: Wish|[wisher] Clefable\n|-end|p2a: Mimikyu|move: Taunt\n|upkeep\n|turn|37\n|\n|t:|1698073634\n|move|p2a: Mimikyu|Play Rough|p1a: Clefable|[miss]\n|-miss|p2a: Mimikyu|p1a: Clefable\n|move|p1a: Clefable|Wish|p1a: Clefable\n|\n|upkeep\n|turn|38\n|\n|t:|1698073641\n|switch|p2a: Ditto|Ditto|88\/100\n|-transform|p2a: Ditto|p1a: Clefable|[from] ability: Imposter\n|move|p1a: Clefable|Stealth Rock|p2a: Ditto\n|-sidestart|p2: BrettNolan1993|move: Stealth Rock\n|\n|-heal|p1a: Clefable|100\/100|[from] move: Wish|[wisher] Clefable\n|upkeep\n|turn|39\n|\n|t:|1698073650\n|move|p2a: Ditto|Stealth Rock|p1a: Clefable\n|-sidestart|p1: Hzozv|move: Stealth Rock\n|move|p1a: Clefable|Baton Pass|p1a: Clefable\n|\n|t:|1698073660\n|switch|p1a: Drifblim|Drifblim, M|65\/100|[from] Baton Pass\n|-damage|p1a: Drifblim|40\/100|[from] Stealth Rock\n|\n|upkeep\n|turn|40\n|\n|t:|1698073670\n|switch|p2a: Hippowdon|Hippowdon, M|94\/100\n|-damage|p2a: Hippowdon|88\/100|[from] Stealth Rock\n|-weather|Sandstorm|[from] ability: Sand Stream|[of] p2a: Hippowdon\n|move|p1a: Drifblim|Substitute|p1a: Drifblim\n|-start|p1a: Drifblim|Substitute\n|-damage|p1a: Drifblim|15\/100\n|\n|-weather|Sandstorm|[upkeep]\n|-damage|p1a: Drifblim|9\/100|[from] Sandstorm\n|upkeep\n|turn|41\n|\n|t:|1698073683\n|switch|p2a: Corviknight|Corviknight, F|100\/100\n|-damage|p2a: Corviknight|88\/100|[from] Stealth Rock\n|move|p1a: Drifblim|Baton Pass|p1a: Drifblim\n|\n|t:|1698073689\n|switch|p1a: Clefable|Clefable, F|100\/100|[from] Baton Pass\n|\n|-weather|Sandstorm|[upkeep]\n|-heal|p2a: Corviknight|94\/100|[from] item: Leftovers\n|upkeep\n|turn|42\n|\n|t:|1698073699\n|move|p1a: Clefable|Wish|p1a: Clefable\n|move|p2a: Corviknight|Iron Defense|p2a: Corviknight\n|-boost|p2a: Corviknight|def|2\n|\n|-weather|Sandstorm|[upkeep]\n|-heal|p2a: Corviknight|100\/100|[from] item: Leftovers\n|upkeep\n|turn|43\n|\n|t:|1698073707\n|move|p1a: Clefable|Cosmic Power|p1a: Clefable\n|-boost|p1a: Clefable|def|1\n|-boost|p1a: Clefable|spd|1\n|move|p2a: Corviknight|Iron Defense|p2a: Corviknight\n|-boost|p2a: Corviknight|def|2\n|\n|-weather|Sandstorm|[upkeep]\n|upkeep\n|turn|44\n|\n|t:|1698073713\n|move|p1a: Clefable|Cosmic Power|p1a: Clefable\n|-boost|p1a: Clefable|def|1\n|-boost|p1a: Clefable|spd|1\n|move|p2a: Corviknight|Body Press|p1a: Clefable\n|-resisted|p1a: Clefable\n|-activate|p1a: Clefable|move: Substitute|[damage]\n|\n|-weather|none\n|upkeep\n|turn|45\n|\n|t:|1698073725\n|move|p1a: Clefable|Cosmic Power|p1a: Clefable\n|-boost|p1a: Clefable|def|1\n|-boost|p1a: Clefable|spd|1\n|move|p2a: Corviknight|Body Press|p1a: Clefable|[miss]\n|-miss|p2a: Corviknight|p1a: Clefable\n|\n|upkeep\n|turn|46\n|\n|t:|1698073733\n|move|p1a: Clefable|Baton Pass|p1a: Clefable\n|\n|t:|1698073735\n|switch|p1a: Hatterene|Hatterene, F|100\/100|[from] Baton Pass\n|-damage|p1a: Hatterene|88\/100|[from] Stealth Rock\n|move|p2a: Corviknight|Body Press|p1a: Hatterene|[miss]\n|-miss|p2a: Corviknight|p1a: Hatterene\n|\n|-heal|p1a: Hatterene|94\/100|[from] item: Leftovers\n|upkeep\n|turn|47\n|\n|t:|1698073745\n|move|p1a: Hatterene|Swords Dance|p1a: Hatterene\n|-boost|p1a: Hatterene|atk|2\n|move|p2a: Corviknight|Body Press|p1a: Hatterene\n|-resisted|p1a: Hatterene\n|-activate|p1a: Hatterene|move: Substitute|[damage]\n|\n|-heal|p1a: Hatterene|99\/100|[from] item: Leftovers\n|upkeep\n|turn|48\n|\n|t:|1698073759\n|move|p1a: Hatterene|Stored Power|p2a: Corviknight\n|-resisted|p2a: Corviknight\n|-damage|p2a: Corviknight|22\/100\n|move|p2a: Corviknight|Body Press|p1a: Hatterene\n|-resisted|p1a: Hatterene\n|-activate|p1a: Hatterene|move: Substitute|[damage]\n|\n|-heal|p1a: Hatterene|100\/100|[from] item: Leftovers\n|-heal|p2a: Corviknight|29\/100|[from] item: Leftovers\n|upkeep\n|turn|49\n|\n|t:|1698073772\n|switch|p2a: Muk|Muk-Alola, M|70\/100\n|-damage|p2a: Muk|58\/100|[from] Stealth Rock\n|move|p1a: Hatterene|Baton Pass|p1a: Hatterene\n|\n|t:|1698073784\n|switch|p1a: Krookodile|Krookodile, F|88\/100|[from] Baton Pass\n|-damage|p1a: Krookodile|82\/100|[from] Stealth Rock\n|\n|upkeep\n|turn|50\n|\n|t:|1698073792\n|switch|p2a: Corviknight|Corviknight, F|29\/100\n|-damage|p2a: Corviknight|16\/100|[from] Stealth Rock\n|move|p1a: Krookodile|Earthquake|p2a: Corviknight\n|-immune|p2a: Corviknight\n|\n|-heal|p2a: Corviknight|22\/100|[from] item: Leftovers\n|upkeep\n|turn|51\n|\n|t:|1698073802\n|move|p1a: Krookodile|Power Trip|p2a: Corviknight\n|-damage|p2a: Corviknight|0 fnt\n|faint|p2a: Corviknight\n|-ability|p1a: Krookodile|Moxie|boost\n|-boost|p1a: Krookodile|atk|1\n|\n|upkeep\n|\n|t:|1698073809\n|switch|p2a: Mimikyu|Mimikyu, M|47\/100\n|-damage|p2a: Mimikyu|34\/100|[from] Stealth Rock\n|turn|52\n|\n|t:|1698073817\n|move|p2a: Mimikyu|Shadow Sneak|p1a: Krookodile|[miss]\n|-miss|p2a: Mimikyu|p1a: Krookodile\n|move|p1a: Krookodile|Aerial Ace|p2a: Mimikyu\n|-activate|p2a: Mimikyu|ability: Disguise\n|-damage|p2a: Mimikyu|34\/100\n|detailschange|p2a: Mimikyu|Mimikyu-Busted, M\n|-damage|p2a: Mimikyu|22\/100|[from] pokemon: Mimikyu-Busted\n|\n|upkeep\n|turn|53\n|\n|t:|1698073826\n|move|p1a: Krookodile|Aerial Ace|p2a: Mimikyu\n|-damage|p2a: Mimikyu|0 fnt\n|faint|p2a: Mimikyu\n|-ability|p1a: Krookodile|Moxie|boost\n|-boost|p1a: Krookodile|atk|1\n|\n|upkeep\n|\n|t:|1698073834\n|switch|p2a: Hippowdon|Hippowdon, M|88\/100\n|-damage|p2a: Hippowdon|82\/100|[from] Stealth Rock\n|-weather|Sandstorm|[from] ability: Sand Stream|[of] p2a: Hippowdon\n|turn|54\n|\n|t:|1698073842\n|move|p1a: Krookodile|Power Trip|p2a: Hippowdon\n|-damage|p2a: Hippowdon|0 fnt\n|faint|p2a: Hippowdon\n|-ability|p1a: Krookodile|Moxie|boost\n|-boost|p1a: Krookodile|atk|1\n|\n|-weather|Sandstorm|[upkeep]\n|upkeep\n|\n|t:|1698073847\n|switch|p2a: Muk|Muk-Alola, M|58\/100\n|-damage|p2a: Muk|45\/100|[from] Stealth Rock\n|-enditem|p2a: Muk|Sitrus Berry|[eat]\n|-heal|p2a: Muk|70\/100|[from] item: Sitrus Berry\n|turn|55\n|\n|t:|1698073855\n|move|p1a: Krookodile|Power Trip|p2a: Muk\n|-resisted|p2a: Muk\n|-damage|p2a: Muk|0 fnt\n|faint|p2a: Muk\n|\n|-weather|Sandstorm|[upkeep]\n|upkeep\n|\n|t:|1698073859\n|switch|p2a: Toxapex|Toxapex, M|100\/100\n|-damage|p2a: Toxapex|88\/100|[from] Stealth Rock\n|turn|56\n|\n|t:|1698073864\n|move|p1a: Krookodile|Earthquake|p2a: Toxapex\n|-supereffective|p2a: Toxapex\n|-damage|p2a: Toxapex|0 fnt\n|faint|p2a: Toxapex\n|\n|-weather|Sandstorm|[upkeep]\n|upkeep\n|l|\u2606BrettNolan1993\n|inactive|BrettNolan1993 disconnected and has a minute to reconnect!\n|player|p2|\n|inactive|BrettNolan1993 has 30 seconds to reconnect!\n|inactive|BrettNolan1993 has 20 seconds to reconnect!\n|inactive|BrettNolan1993 has 15 seconds to reconnect!\n|inactive|BrettNolan1993 has 10 seconds to reconnect!\n|inactive|BrettNolan1993 has 5 seconds to reconnect!\n|-message|BrettNolan1993 lost due to inactivity.\n|\n|win|Hzozv\n|raw|Hzozv's rating: 1546 &rarr; <strong>1557<\/strong><br \/>(+11 for winning)\n|raw|BrettNolan1993's rating: 1373 &rarr; <strong>1362<\/strong><br \/>(-11 for losing)\n","uploadtime":1698073935,"views":7,"p1id":"hzozv","p2id":"brettnolan1993","formatid":"gen9anythinggoes","rating":1362,"private":0,"password":""}