{"id":"gen9anythinggoes-1993767247","p1":"mr.Arch1","p2":"FemboyPlayer","format":"[Gen 9] Anything Goes","log":"|j|\u2606mr.Arch1\n|j|\u2606FemboyPlayer\n|t:|1700354837\n|gametype|singles\n|player|p1|mr.Arch1|ethan|1126\n|player|p2|FemboyPlayer|elesa|1122\n|teamsize|p1|6\n|teamsize|p2|6\n|gen|9\n|tier|[Gen 9] Anything Goes\n|rated|\n|rule|HP Percentage Mod: HP is shown in percentages\n|rule|Endless Battle Clause: Forcing endless battles is banned\n|clearpoke\n|poke|p1|Calyrex-Shadow|\n|poke|p1|Morpeko, F|\n|poke|p1|Chien-Pao|\n|poke|p1|Slowking-Galar, F|\n|poke|p1|Politoed, M|\n|poke|p1|Dondozo, F|\n|poke|p2|Espeon, F|\n|poke|p2|Zoroark-Hisui, M|\n|poke|p2|Zoroark, F|\n|poke|p2|Delphox, M|\n|poke|p2|Ninetales, M|\n|poke|p2|Ninetales-Alola, M|\n|teampreview\n|c|\u2606mr.Arch1|sorry was doing smth\n|c|\u2606mr.Arch1|anyways glhf\n|\n|t:|1700354869\n|start\n|switch|p1a: every mom joke|Dondozo, F, shiny|100\/100\n|switch|p2a: Mewthree|Espeon, F|100\/100\n|turn|1\n|\n|t:|1700354883\n|move|p2a: Mewthree|Thunder Wave|p1a: every mom joke\n|-status|p1a: every mom joke|par\n|move|p1a: every mom joke|Aqua Tail|p2a: Mewthree\n|-damage|p2a: Mewthree|10\/100\n|-damage|p1a: every mom joke|90\/100 par|[from] item: Life Orb\n|\n|upkeep\n|turn|2\n|\n|t:|1700354896\n|move|p2a: Mewthree|Psychic|p1a: every mom joke\n|-crit|p1a: every mom joke\n|-damage|p1a: every mom joke|21\/100 par\n|move|p1a: every mom joke|Aqua Tail|p2a: Mewthree\n|-damage|p2a: Mewthree|0 fnt\n|faint|p2a: Mewthree\n|-damage|p1a: every mom joke|11\/100 par|[from] item: Life Orb\n|\n|upkeep\n|\n|t:|1700354918\n|switch|p2a: Multifluff|Ninetales-Alola, M, shiny|100\/100\n|turn|3\n|\n|t:|1700354933\n|move|p2a: Multifluff|Psychic|p1a: every mom joke\n|-crit|p1a: every mom joke\n|-damage|p1a: every mom joke|0 fnt\n|faint|p1a: every mom joke\n|\n|upkeep\n|\n|t:|1700354944\n|switch|p1a: im bluey|Politoed, M, shiny|100\/100\n|-weather|RainDance|[from] ability: Drizzle|[of] p1a: im bluey\n|turn|4\n|\n|t:|1700354951\n|move|p2a: Multifluff|Grass Knot|p1a: im bluey\n|-supereffective|p1a: im bluey\n|-damage|p1a: im bluey|67\/100\n|move|p1a: im bluey|Liquidation|p2a: Multifluff\n|-damage|p2a: Multifluff|6\/100\n|replace|p2a: Lycanrock-Twilight|Zoroark-Hisui, M, shiny\n|-end|p2a: Lycanrock-Twilight|Illusion\n|\n|-weather|RainDance|[upkeep]\n|upkeep\n|turn|5\n|\n|t:|1700354961\n|move|p2a: Lycanrock-Twilight|Grass Knot|p1a: im bluey\n|-supereffective|p1a: im bluey\n|-damage|p1a: im bluey|29\/100\n|move|p1a: im bluey|Liquidation|p2a: Lycanrock-Twilight\n|-damage|p2a: Lycanrock-Twilight|0 fnt\n|faint|p2a: Lycanrock-Twilight\n|\n|-weather|RainDance|[upkeep]\n|upkeep\n|\n|t:|1700354972\n|switch|p2a: Ninefails|Ninetales, M, shiny|100\/100\n|-weather|SunnyDay|[from] ability: Drought|[of] p2a: Ninefails\n|turn|6\n|\n|t:|1700354979\n|switch|p1a: bro's hat is wild|Slowking-Galar, F, shiny|100\/100\n|move|p2a: Ninefails|Solar Beam||[still]\n|-prepare|p2a: Ninefails|Solar Beam\n|-anim|p2a: Ninefails|Solar Beam|p1a: bro's hat is wild\n|-resisted|p1a: bro's hat is wild\n|-damage|p1a: bro's hat is wild|88\/100\n|\n|-weather|SunnyDay|[upkeep]\n|upkeep\n|turn|7\n|\n|t:|1700354990\n|move|p2a: Ninefails|Confuse Ray|p1a: bro's hat is wild\n|-start|p1a: bro's hat is wild|confusion\n|-activate|p1a: bro's hat is wild|confusion\n|move|p1a: bro's hat is wild|Chilly Reception|p1a: bro's hat is wild\n|-weather|Snow\n|\n|t:|1700355000\n|switch|p1a: meppy|Morpeko, F, shiny|100\/100|[from] Chilly Reception\n|\n|-weather|Snow|[upkeep]\n|-formechange|p1a: meppy|Morpeko-Hangry||[from] ability: Hunger Switch\n|upkeep\n|turn|8\n|\n|t:|1700355011\n|move|p1a: meppy|Fake Out|p2a: Ninefails\n|-damage|p2a: Ninefails|86\/100\n|cant|p2a: Ninefails|flinch\n|\n|-weather|Snow|[upkeep]\n|-formechange|p1a: meppy|Morpeko||[from] ability: Hunger Switch\n|upkeep\n|turn|9\n|\n|t:|1700355019\n|move|p2a: Ninefails|Confuse Ray|p1a: meppy\n|-start|p1a: meppy|confusion\n|-activate|p1a: meppy|confusion\n|-damage|p1a: meppy|84\/100|[from] confusion\n|\n|-weather|Snow|[upkeep]\n|-formechange|p1a: meppy|Morpeko-Hangry||[from] ability: Hunger Switch\n|upkeep\n|turn|10\n|\n|t:|1700355033\n|move|p2a: Ninefails|Agility|p2a: Ninefails\n|-boost|p2a: Ninefails|spe|2\n|-activate|p1a: meppy|confusion\n|move|p1a: meppy|Brick Break|p2a: Ninefails\n|-damage|p2a: Ninefails|59\/100\n|\n|-weather|Snow|[upkeep]\n|-formechange|p1a: meppy|Morpeko||[from] ability: Hunger Switch\n|upkeep\n|turn|11\n|\n|t:|1700355043\n|move|p2a: Ninefails|Flamethrower|p1a: meppy\n|-damage|p1a: meppy|26\/100\n|-status|p1a: meppy|brn\n|-end|p1a: meppy|confusion\n|move|p1a: meppy|Brick Break|p2a: Ninefails\n|-damage|p2a: Ninefails|44\/100\n|\n|-weather|none\n|-damage|p1a: meppy|20\/100 brn|[from] brn\n|-formechange|p1a: meppy|Morpeko-Hangry||[from] ability: Hunger Switch\n|upkeep\n|turn|12\n|\n|t:|1700355065\n|move|p2a: Ninefails|Flamethrower|p1a: meppy\n|-damage|p1a: meppy|0 fnt\n|faint|p1a: meppy\n|\n|upkeep\n|\n|t:|1700355070\n|switch|p1a: im bluey|Politoed, M, shiny|29\/100\n|-weather|RainDance|[from] ability: Drizzle|[of] p1a: im bluey\n|turn|13\n|\n|t:|1700355090\n|switch|p1a: who dis?|Calyrex-Shadow|100\/100\n|-ability|p1a: who dis?|As One\n|-ability|p1a: who dis?|Unnerve\n|move|p2a: Ninefails|Confuse Ray|p1a: who dis?\n|-start|p1a: who dis?|confusion\n|\n|-weather|RainDance|[upkeep]\n|upkeep\n|turn|14\n|\n|t:|1700355105\n|move|p2a: Ninefails|Flamethrower|p1a: who dis?\n|-damage|p1a: who dis?|83\/100\n|-activate|p1a: who dis?|confusion\n|-damage|p1a: who dis?|73\/100|[from] confusion\n|\n|-weather|RainDance|[upkeep]\n|upkeep\n|turn|15\n|\n|t:|1700355111\n|move|p2a: Ninefails|Flamethrower|p1a: who dis?\n|-damage|p1a: who dis?|57\/100\n|-activate|p1a: who dis?|confusion\n|move|p1a: who dis?|Draining Kiss|p2a: Ninefails\n|-resisted|p2a: Ninefails\n|-damage|p2a: Ninefails|32\/100\n|-heal|p1a: who dis?|64\/100|[from] drain|[of] p2a: Ninefails\n|\n|-weather|RainDance|[upkeep]\n|upkeep\n|turn|16\n|\n|t:|1700355121\n|move|p2a: Ninefails|Flamethrower|p1a: who dis?\n|-damage|p1a: who dis?|47\/100\n|-activate|p1a: who dis?|confusion\n|move|p1a: who dis?|Astral Barrage|p2a: Ninefails\n|-damage|p2a: Ninefails|0 fnt\n|faint|p2a: Ninefails\n|-ability|p1a: who dis?|Grim Neigh|boost\n|-boost|p1a: who dis?|spa|1\n|\n|-weather|RainDance|[upkeep]\n|upkeep\n|\n|t:|1700355135\n|switch|p2a: Multifluff|Ninetales-Alola, M, shiny|100\/100\n|turn|17\n|\n|t:|1700355153\n|-terastallize|p2a: Multifluff|Normal\n|-activate|p1a: who dis?|confusion\n|move|p1a: who dis?|Astral Barrage|p2a: Multifluff\n|-immune|p2a: Multifluff\n|move|p2a: Multifluff|Copycat|p2a: Multifluff\n|move|p2a: Multifluff|Astral Barrage|p1a: who dis?|[from]move: Copycat\n|-supereffective|p1a: who dis?\n|-damage|p1a: who dis?|0 fnt\n|faint|p1a: who dis?\n|\n|-weather|none\n|upkeep\n|c|\u2606mr.Arch1|that was a very good play\n|\n|t:|1700355168\n|switch|p1a: chipper|Chien-Pao|100\/100\n|-ability|p1a: chipper|Sword of Ruin\n|turn|18\n|\n|t:|1700355198\n|move|p2a: Multifluff|Confuse Ray|p1a: chipper\n|-start|p1a: chipper|confusion\n|-activate|p1a: chipper|confusion\n|move|p1a: chipper|Sacred Sword|p2a: Multifluff\n|-supereffective|p2a: Multifluff\n|-enditem|p2a: Multifluff|Focus Sash\n|-damage|p2a: Multifluff|1\/100\n|replace|p2a: Lucari\u03bf-Hisui|Zoroark, F, shiny\n|-end|p2a: Lucari\u03bf-Hisui|Illusion\n|\n|upkeep\n|turn|19\n|c|\u2606mr.Arch1|not good enough through\n|\n|t:|1700355213\n|move|p2a: Lucari\u03bf-Hisui|Copycat|p2a: Lucari\u03bf-Hisui\n|move|p2a: Lucari\u03bf-Hisui|Sacred Sword|p1a: chipper|[from]move: Copycat\n|-supereffective|p1a: chipper\n|-damage|p1a: chipper|16\/100\n|-end|p1a: chipper|confusion\n|move|p1a: chipper|Sacred Sword|p2a: Lucari\u03bf-Hisui\n|-supereffective|p2a: Lucari\u03bf-Hisui\n|-damage|p2a: Lucari\u03bf-Hisui|0 fnt\n|faint|p2a: Lucari\u03bf-Hisui\n|\n|upkeep\n|\n|t:|1700355233\n|switch|p2a: Kurama|Delphox, M|100\/100\n|turn|20\n|\n|t:|1700355248\n|move|p1a: chipper|Protect|p1a: chipper\n|-singleturn|p1a: chipper|Protect\n|move|p2a: Kurama|Flamethrower|p1a: chipper\n|-activate|p1a: chipper|move: Protect\n|\n|upkeep\n|turn|21\n|\n|t:|1700355258\n|move|p2a: Kurama|Flamethrower|p1a: chipper\n|-supereffective|p1a: chipper\n|-damage|p1a: chipper|0 fnt\n|faint|p1a: chipper\n|\n|upkeep\n|\n|t:|1700355264\n|switch|p1a: bro's hat is wild|Slowking-Galar, F, shiny|88\/100\n|turn|22\n|\n|t:|1700355270\n|move|p2a: Kurama|Psyshock|p1a: bro's hat is wild\n|-damage|p1a: bro's hat is wild|50\/100\n|move|p1a: bro's hat is wild|Chilling Water|p2a: Kurama\n|-supereffective|p2a: Kurama\n|-damage|p2a: Kurama|67\/100\n|-unboost|p2a: Kurama|atk|1\n|\n|upkeep\n|turn|23\n|\n|t:|1700355285\n|move|p2a: Kurama|Psyshock|p1a: bro's hat is wild\n|-damage|p1a: bro's hat is wild|10\/100\n|move|p1a: bro's hat is wild|Chilling Water|p2a: Kurama\n|-supereffective|p2a: Kurama\n|-crit|p2a: Kurama\n|-damage|p2a: Kurama|15\/100\n|-unboost|p2a: Kurama|atk|1\n|\n|upkeep\n|turn|24\n|\n|t:|1700355295\n|move|p2a: Kurama|Psyshock|p1a: bro's hat is wild\n|-damage|p1a: bro's hat is wild|0 fnt\n|faint|p1a: bro's hat is wild\n|\n|upkeep\n|\n|t:|1700355300\n|switch|p1a: im bluey|Politoed, M, shiny|29\/100\n|-weather|RainDance|[from] ability: Drizzle|[of] p1a: im bluey\n|turn|25\n|\n|t:|1700355307\n|-terastallize|p1a: im bluey|Water\n|move|p2a: Kurama|Psyshock|p1a: im bluey\n|-crit|p1a: im bluey\n|-damage|p1a: im bluey|0 fnt\n|faint|p1a: im bluey\n|\n|win|FemboyPlayer\n|raw|mr.Arch1's rating: 1126 &rarr; <strong>1101<\/strong><br \/>(-25 for losing)\n|raw|FemboyPlayer's rating: 1122 &rarr; <strong>1147<\/strong><br \/>(+25 for winning)\n","uploadtime":1700355315,"views":2,"p1id":"mrarch1","p2id":"femboyplayer","formatid":"gen9anythinggoes","rating":1101,"private":0,"password":""}