{"id":"gen9anythinggoes-1994446391","p1":"Rick2fresh","p2":"LingLing007","format":"[Gen 9] Anything Goes","log":"|j|\u2606Rick2fresh\n|j|\u2606LingLing007\n|t:|1700444877\n|gametype|singles\n|player|p1|Rick2fresh|ethan|1229\n|player|p2|LingLing007|morty-masters|1416\n|teamsize|p1|6\n|teamsize|p2|6\n|gen|9\n|tier|[Gen 9] Anything Goes\n|rated|\n|rule|HP Percentage Mod: HP is shown in percentages\n|rule|Endless Battle Clause: Forcing endless battles is banned\n|clearpoke\n|poke|p1|Gliscor, F|\n|poke|p1|Arcanine, M|\n|poke|p1|Rotom-Wash|\n|poke|p1|Cloyster, M|\n|poke|p1|Chesnaught, M|\n|poke|p1|Scizor, F|\n|poke|p2|Roaring Moon|\n|poke|p2|Toxapex, F|\n|poke|p2|Polteageist-Antique|\n|poke|p2|Great Tusk|\n|poke|p2|Ninetales-Alola, F|\n|poke|p2|Gengar, F|\n|teampreview\n|inactive|Battle timer is ON: inactive players will automatically lose when time's up. (requested by LingLing007)\n|\n|t:|1700444891\n|start\n|switch|p1a: Cloyster|Cloyster, M|100\/100\n|switch|p2a: Toxapex|Toxapex, F|100\/100\n|turn|1\n|\n|t:|1700444900\n|move|p1a: Cloyster|Shell Smash|p1a: Cloyster\n|-unboost|p1a: Cloyster|def|1\n|-unboost|p1a: Cloyster|spd|1\n|-boost|p1a: Cloyster|atk|2\n|-boost|p1a: Cloyster|spa|2\n|-boost|p1a: Cloyster|spe|2\n|move|p2a: Toxapex|Haze|p2a: Toxapex\n|-clearallboost\n|\n|upkeep\n|turn|2\n|j| MrDrRubencio\n|\n|t:|1700444916\n|move|p1a: Cloyster|Shell Smash|p1a: Cloyster\n|-unboost|p1a: Cloyster|def|1\n|-unboost|p1a: Cloyster|spd|1\n|-boost|p1a: Cloyster|atk|2\n|-boost|p1a: Cloyster|spa|2\n|-boost|p1a: Cloyster|spe|2\n|move|p2a: Toxapex|Infestation|p1a: Cloyster\n|-damage|p1a: Cloyster|91\/100\n|-activate|p1a: Cloyster|move: Infestation|[of] p2a: Toxapex\n|\n|-damage|p1a: Cloyster|78\/100|[from] move: Infestation|[partiallytrapped]\n|upkeep\n|turn|3\n|l| MrDrRubencio\n|inactive|Rick2fresh has 120 seconds left.\n|\n|t:|1700444949\n|-terastallize|p1a: Cloyster|Ice\n|move|p1a: Cloyster|Icicle Spear|p2a: Toxapex\n|-resisted|p2a: Toxapex\n|-damage|p2a: Toxapex|89\/100\n|-resisted|p2a: Toxapex\n|-damage|p2a: Toxapex|76\/100\n|-resisted|p2a: Toxapex\n|-damage|p2a: Toxapex|64\/100\n|-resisted|p2a: Toxapex\n|-damage|p2a: Toxapex|51\/100\n|-resisted|p2a: Toxapex\n|-damage|p2a: Toxapex|39\/100\n|-hitcount|p2a: Toxapex|5\n|move|p2a: Toxapex|Haze|p2a: Toxapex\n|-clearallboost\n|\n|-damage|p1a: Cloyster|66\/100|[from] move: Infestation|[partiallytrapped]\n|upkeep\n|turn|4\n|inactive|Rick2fresh has 120 seconds left.\n|\n|t:|1700444968\n|move|p1a: Cloyster|Shell Smash|p1a: Cloyster\n|-unboost|p1a: Cloyster|def|1\n|-unboost|p1a: Cloyster|spd|1\n|-boost|p1a: Cloyster|atk|2\n|-boost|p1a: Cloyster|spa|2\n|-boost|p1a: Cloyster|spe|2\n|move|p2a: Toxapex|Recover|p2a: Toxapex\n|-heal|p2a: Toxapex|89\/100\n|\n|-damage|p1a: Cloyster|53\/100|[from] move: Infestation|[partiallytrapped]\n|upkeep\n|turn|5\n|\n|t:|1700444976\n|move|p1a: Cloyster|Rock Blast|p2a: Toxapex\n|-damage|p2a: Toxapex|75\/100\n|-damage|p2a: Toxapex|63\/100\n|-damage|p2a: Toxapex|50\/100\n|-damage|p2a: Toxapex|38\/100\n|-damage|p2a: Toxapex|26\/100\n|-hitcount|p2a: Toxapex|5\n|move|p2a: Toxapex|Haze|p2a: Toxapex\n|-clearallboost\n|\n|-damage|p1a: Cloyster|41\/100|[from] move: Infestation|[partiallytrapped]\n|upkeep\n|turn|6\n|inactive|Rick2fresh has 120 seconds left.\n|\n|t:|1700445007\n|move|p1a: Cloyster|Shell Smash|p1a: Cloyster\n|-unboost|p1a: Cloyster|def|1\n|-unboost|p1a: Cloyster|spd|1\n|-boost|p1a: Cloyster|atk|2\n|-boost|p1a: Cloyster|spa|2\n|-boost|p1a: Cloyster|spe|2\n|move|p2a: Toxapex|Toxic|p1a: Cloyster\n|-status|p1a: Cloyster|tox\n|\n|-damage|p1a: Cloyster|35\/100 tox|[from] psn\n|-damage|p1a: Cloyster|22\/100 tox|[from] move: Infestation|[partiallytrapped]\n|upkeep\n|turn|7\n|\n|t:|1700445017\n|switch|p2a: Ninetales|Ninetales-Alola, F, shiny|100\/100\n|-weather|Snow|[from] ability: Snow Warning|[of] p2a: Ninetales\n|move|p1a: Cloyster|Icicle Spear|p2a: Ninetales\n|-resisted|p2a: Ninetales\n|-damage|p2a: Ninetales|87\/100\n|-resisted|p2a: Ninetales\n|-damage|p2a: Ninetales|75\/100\n|-resisted|p2a: Ninetales\n|-damage|p2a: Ninetales|61\/100\n|-resisted|p2a: Ninetales\n|-damage|p2a: Ninetales|48\/100\n|-resisted|p2a: Ninetales\n|-damage|p2a: Ninetales|35\/100\n|-hitcount|p2a: Ninetales|5\n|\n|-weather|Snow|[upkeep]\n|-damage|p1a: Cloyster|10\/100 tox|[from] psn\n|-end|p1a: Cloyster|Infestation|[partiallytrapped]\n|upkeep\n|turn|8\n|\n|t:|1700445031\n|move|p2a: Ninetales|Ice Shard|p1a: Cloyster\n|-resisted|p1a: Cloyster\n|-damage|p1a: Cloyster|6\/100 tox\n|move|p1a: Cloyster|Icicle Spear|p2a: Ninetales\n|-resisted|p2a: Ninetales\n|-damage|p2a: Ninetales|23\/100\n|-resisted|p2a: Ninetales\n|-damage|p2a: Ninetales|10\/100\n|-resisted|p2a: Ninetales\n|-damage|p2a: Ninetales|0 fnt\n|faint|p2a: Ninetales\n|-hitcount|p2: Ninetales|3\n|\n|-weather|Snow|[upkeep]\n|-damage|p1a: Cloyster|0 fnt|[from] psn\n|faint|p1a: Cloyster\n|upkeep\n|\n|t:|1700445046\n|switch|p2a: Great Tusk|Great Tusk|100\/100\n|switch|p1a: Chesnaught|Chesnaught, M|100\/100\n|turn|9\n|\n|t:|1700445055\n|move|p2a: Great Tusk|Stealth Rock|p1a: Chesnaught\n|-sidestart|p1: Rick2fresh|move: Stealth Rock\n|move|p1a: Chesnaught|Seed Bomb|p2a: Great Tusk\n|-supereffective|p2a: Great Tusk\n|-damage|p2a: Great Tusk|42\/100\n|\n|-weather|Snow|[upkeep]\n|upkeep\n|turn|10\n|\n|t:|1700445061\n|move|p2a: Great Tusk|Knock Off|p1a: Chesnaught\n|-resisted|p1a: Chesnaught\n|-damage|p1a: Chesnaught|88\/100\n|-enditem|p1a: Chesnaught|Assault Vest|[from] move: Knock Off|[of] p2a: Great Tusk\n|move|p1a: Chesnaught|Seed Bomb|p2a: Great Tusk\n|-supereffective|p2a: Great Tusk\n|-damage|p2a: Great Tusk|0 fnt\n|faint|p2a: Great Tusk\n|-end|p2a: Great Tusk|Protosynthesis|[silent]\n|\n|-weather|Snow|[upkeep]\n|upkeep\n|\n|t:|1700445065\n|switch|p2a: Roaring Moon|Roaring Moon|100\/100\n|-enditem|p2a: Roaring Moon|Booster Energy\n|-activate|p2a: Roaring Moon|ability: Protosynthesis|[fromitem]\n|-start|p2a: Roaring Moon|protosynthesisspe\n|turn|11\n|inactive|Rick2fresh has 120 seconds left.\n|\n|t:|1700445076\n|-terastallize|p2a: Roaring Moon|Flying\n|move|p2a: Roaring Moon|Dragon Dance|p2a: Roaring Moon\n|-boost|p2a: Roaring Moon|atk|1\n|-boost|p2a: Roaring Moon|spe|1\n|move|p1a: Chesnaught|Drain Punch|p2a: Roaring Moon\n|-resisted|p2a: Roaring Moon\n|-damage|p2a: Roaring Moon|77\/100\n|-heal|p1a: Chesnaught|99\/100|[from] drain|[of] p2a: Roaring Moon\n|\n|-weather|none\n|upkeep\n|turn|12\n|inactive|Rick2fresh has 120 seconds left.\n|\n|t:|1700445084\n|move|p2a: Roaring Moon|Dragon Dance|p2a: Roaring Moon\n|-boost|p2a: Roaring Moon|atk|1\n|-boost|p2a: Roaring Moon|spe|1\n|move|p1a: Chesnaught|Rock Tomb|p2a: Roaring Moon\n|-supereffective|p2a: Roaring Moon\n|-damage|p2a: Roaring Moon|32\/100\n|-unboost|p2a: Roaring Moon|spe|1\n|\n|upkeep\n|turn|13\n|\n|t:|1700445091\n|move|p2a: Roaring Moon|Acrobatics|p1a: Chesnaught\n|-supereffective|p1a: Chesnaught\n|-damage|p1a: Chesnaught|0 fnt\n|faint|p1a: Chesnaught\n|\n|upkeep\n|inactive|Rick2fresh has 120 seconds left.\n|\n|t:|1700445103\n|switch|p1a: Gliscor|Gliscor, F|100\/100\n|-damage|p1a: Gliscor|88\/100|[from] Stealth Rock\n|turn|14\n|\n|t:|1700445107\n|move|p2a: Roaring Moon|Knock Off|p1a: Gliscor\n|-damage|p1a: Gliscor|26\/100\n|-enditem|p1a: Gliscor|Toxic Orb|[from] move: Knock Off|[of] p2a: Roaring Moon\n|move|p1a: Gliscor|Toxic|p2a: Roaring Moon|[miss]\n|-miss|p1a: Gliscor|p2a: Roaring Moon\n|\n|upkeep\n|turn|15\n|\n|t:|1700445112\n|move|p1a: Gliscor|Protect|p1a: Gliscor\n|-singleturn|p1a: Gliscor|Protect\n|move|p2a: Roaring Moon|Acrobatics|p1a: Gliscor\n|-activate|p1a: Gliscor|move: Protect\n|\n|upkeep\n|turn|16\n|\n|t:|1700445117\n|move|p2a: Roaring Moon|Acrobatics|p1a: Gliscor\n|-damage|p1a: Gliscor|0 fnt\n|faint|p1a: Gliscor\n|\n|upkeep\n|\n|t:|1700445121\n|switch|p1a: Rotom|Rotom-Wash|100\/100\n|-damage|p1a: Rotom|88\/100|[from] Stealth Rock\n|turn|17\n|\n|t:|1700445127\n|move|p2a: Roaring Moon|Knock Off|p1a: Rotom\n|-damage|p1a: Rotom|0 fnt\n|-enditem|p1a: Rotom|Leftovers|[from] move: Knock Off|[of] p2a: Roaring Moon\n|faint|p1a: Rotom\n|\n|upkeep\n|\n|t:|1700445131\n|switch|p1a: Arcanine|Arcanine, M|100\/100\n|-ability|p1a: Arcanine|Intimidate|boost\n|-unboost|p2a: Roaring Moon|atk|1\n|turn|18\n|\n|t:|1700445136\n|move|p1a: Arcanine|Extreme Speed|p2a: Roaring Moon\n|-damage|p2a: Roaring Moon|1\/100\n|move|p2a: Roaring Moon|Earthquake|p1a: Arcanine\n|-supereffective|p1a: Arcanine\n|-damage|p1a: Arcanine|0 fnt\n|faint|p1a: Arcanine\n|\n|upkeep\n|-message|Rick2fresh forfeited.\n|\n|win|LingLing007\n|raw|Rick2fresh's rating: 1229 &rarr; <strong>1216<\/strong><br \/>(-13 for losing)\n|raw|LingLing007's rating: 1416 &rarr; <strong>1426<\/strong><br \/>(+10 for winning)\n|l|\u2606Rick2fresh\n","uploadtime":1700445145,"views":2,"p1id":"rick2fresh","p2id":"lingling007","formatid":"gen9anythinggoes","rating":1216,"private":0,"password":""}