{"id":"gen9anythinggoes-1973792578","p1":"Bisharp_The_Hitter","p2":"Crustles","format":"[Gen 9] Anything Goes","log":"|j|\u203dBisharp_The_Hitter\n|j|\u2606Crustles\n|t:|1698013972\n|gametype|singles\n|player|p1|Bisharp_The_Hitter|psychic|1248\n|player|p2|Crustles|carmine-festival|1222\n|teamsize|p1|6\n|teamsize|p2|6\n|gen|9\n|tier|[Gen 9] Anything Goes\n|rated|\n|rule|HP Percentage Mod: HP is shown in percentages\n|rule|Endless Battle Clause: Forcing endless battles is banned\n|clearpoke\n|poke|p1|Calyrex-Ice|\n|poke|p1|Zacian-*|\n|poke|p1|Palafin, M|\n|poke|p1|Kommo-o, F|\n|poke|p1|Regieleki|\n|poke|p1|Milotic, F|\n|poke|p2|Miraidon|\n|poke|p2|Koraidon|\n|poke|p2|Ogerpon-Hearthflame, F|\n|poke|p2|Calyrex-Shadow|\n|poke|p2|Great Tusk|\n|poke|p2|Ditto|\n|teampreview\n|inactive|Battle timer is ON: inactive players will automatically lose when time's up. (requested by Bisharp_The_Hitter)\n|inactive|Crustles also wants the timer to be on.\n|\n|t:|1698013982\n|start\n|switch|p1a: Zacian|Zacian-Crowned|100\/100\n|switch|p2a: Miraidon|Miraidon|100\/100\n|-fieldstart|move: Electric Terrain|[from] ability: Hadron Engine|[of] p2a: Miraidon\n|-ability|p1a: Zacian|Intrepid Sword|boost\n|-boost|p1a: Zacian|atk|1\n|turn|1\n|\n|t:|1698013994\n|-terastallize|p2a: Miraidon|Electric\n|move|p2a: Miraidon|Electro Drift|p1a: Zacian\n|-damage|p1a: Zacian|0 fnt\n|faint|p1a: Zacian\n|\n|upkeep\n|inactive|Bisharp_The_Hitter has 120 seconds left.\n|\n|t:|1698014020\n|switch|p1a: Calyrex|Calyrex-Ice|100\/100\n|-ability|p1a: Calyrex|As One\n|-ability|p1a: Calyrex|Unnerve\n|turn|2\n|\n|t:|1698014028\n|switch|p1a: Regieleki|Regieleki|100\/100\n|move|p2a: Miraidon|Electro Drift|p1a: Regieleki\n|-resisted|p1a: Regieleki\n|-enditem|p1a: Regieleki|Focus Sash\n|-damage|p1a: Regieleki|1\/100\n|\n|upkeep\n|turn|3\n|\n|t:|1698014037\n|move|p1a: Regieleki|Extreme Speed|p2a: Miraidon\n|-damage|p2a: Miraidon|75\/100\n|move|p2a: Miraidon|Electro Drift|p1a: Regieleki\n|-resisted|p1a: Regieleki\n|-damage|p1a: Regieleki|0 fnt\n|faint|p1a: Regieleki\n|\n|upkeep\n|\n|t:|1698014048\n|switch|p1a: Calyrex|Calyrex-Ice|100\/100\n|-ability|p1a: Calyrex|As One\n|-ability|p1a: Calyrex|Unnerve\n|turn|4\n|\n|t:|1698014056\n|move|p2a: Miraidon|Electro Drift|p1a: Calyrex\n|-damage|p1a: Calyrex|23\/100\n|move|p1a: Calyrex|Trick Room|p1a: Calyrex\n|-fieldstart|move: Trick Room|[of] p1a: Calyrex\n|\n|upkeep\n|turn|5\n|\n|t:|1698014068\n|switch|p2a: Ditto|Ditto|100\/100\n|-transform|p2a: Ditto|p1a: Calyrex|[from] ability: Imposter\n|move|p1a: Calyrex|High Horsepower|p2a: Ditto\n|-crit|p2a: Ditto\n|-damage|p2a: Ditto|53\/100\n|\n|-fieldend|move: Electric Terrain\n|upkeep\n|turn|6\n|\n|t:|1698014081\n|-terastallize|p1a: Calyrex|Fire\n|move|p1a: Calyrex|High Horsepower|p2a: Ditto\n|-damage|p2a: Ditto|18\/100\n|move|p2a: Ditto|High Horsepower|p1a: Calyrex\n|-supereffective|p1a: Calyrex\n|-damage|p1a: Calyrex|0 fnt\n|faint|p1a: Calyrex\n|-ability|p2a: Ditto|Chilling Neigh|boost\n|-boost|p2a: Ditto|atk|1\n|\n|upkeep\n|inactive|Bisharp_The_Hitter has 120 seconds left.\n|\n|t:|1698014096\n|switch|p1a: Palafin|Palafin, M|100\/100\n|turn|7\n|\n|t:|1698014100\n|move|p2a: Ditto|High Horsepower|p1a: Palafin\n|-damage|p1a: Palafin|17\/100\n|move|p1a: Palafin|Zen Headbutt|p2a: Ditto\n|-resisted|p2a: Ditto\n|-damage|p2a: Ditto|10\/100\n|\n|upkeep\n|turn|8\n|\n|t:|1698014107\n|move|p1a: Palafin|Jet Punch|p2a: Ditto\n|-damage|p2a: Ditto|0 fnt\n|faint|p2a: Ditto\n|\n|-fieldend|move: Trick Room\n|upkeep\n|\n|t:|1698014114\n|switch|p2a: Ogerpon|Ogerpon-Hearthflame, F|100\/100\n|-ability|p2a: Ogerpon|Mold Breaker\n|turn|9\n|\n|t:|1698014123\n|move|p2a: Ogerpon|Trailblaze|p1a: Palafin\n|-supereffective|p1a: Palafin\n|-damage|p1a: Palafin|0 fnt\n|-boost|p2a: Ogerpon|spe|1\n|faint|p1a: Palafin\n|\n|upkeep\n|\n|t:|1698014130\n|switch|p1a: Kommo-o|Kommo-o, F|100\/100\n|turn|10\n|\n|t:|1698014135\n|move|p2a: Ogerpon|Swords Dance|p2a: Ogerpon\n|-boost|p2a: Ogerpon|atk|2\n|move|p1a: Kommo-o|Clangorous Soul|p1a: Kommo-o\n|-boost|p1a: Kommo-o|atk|1\n|-boost|p1a: Kommo-o|def|1\n|-boost|p1a: Kommo-o|spa|1\n|-boost|p1a: Kommo-o|spd|1\n|-boost|p1a: Kommo-o|spe|1\n|-damage|p1a: Kommo-o|68\/100\n|-enditem|p1a: Kommo-o|Throat Spray\n|-boost|p1a: Kommo-o|spa|1|[from] item: Throat Spray\n|\n|upkeep\n|turn|11\n|inactive|Bisharp_The_Hitter has 120 seconds left.\n|\n|t:|1698014169\n|move|p2a: Ogerpon|Ivy Cudgel|p1a: Kommo-o\n|-resisted|p1a: Kommo-o\n|-damage|p1a: Kommo-o|31\/100\n|move|p1a: Kommo-o|Clanging Scales|p2a: Ogerpon\n|-damage|p2a: Ogerpon|0 fnt\n|faint|p2a: Ogerpon\n|-unboost|p1a: Kommo-o|def|1\n|\n|upkeep\n|\n|t:|1698014181\n|switch|p2a: Koraidon|Koraidon|100\/100\n|-weather|SunnyDay|[from] ability: Orichalcum Pulse|[of] p2a: Koraidon\n|-activate|p2a: Koraidon|Orichalcum Pulse|[source]\n|turn|12\n|\n|t:|1698014187\n|move|p2a: Koraidon|Dragon Claw|p1a: Kommo-o\n|-supereffective|p1a: Kommo-o\n|-damage|p1a: Kommo-o|0 fnt\n|faint|p1a: Kommo-o\n|\n|-weather|SunnyDay|[upkeep]\n|upkeep\n|\n|t:|1698014194\n|switch|p1a: Milotic|Milotic, F|100\/100\n|turn|13\n|\n|t:|1698014200\n|switch|p2a: Miraidon|Miraidon, tera:Electric|75\/100\n|-fieldstart|move: Electric Terrain|[from] ability: Hadron Engine|[of] p2a: Miraidon\n|move|p1a: Milotic|Mirror Coat||[still]\n|-fail|p1a: Milotic\n|\n|-weather|SunnyDay|[upkeep]\n|upkeep\n|turn|14\n|c|\u2606Crustles|Mirror Coat?\n|c|\u2606Crustles|Against a physical attacker\n|\n|t:|1698014220\n|move|p2a: Miraidon|Electro Drift|p1a: Milotic\n|-supereffective|p1a: Milotic\n|-damage|p1a: Milotic|0 fnt\n|faint|p1a: Milotic\n|\n|win|Crustles\n|raw|Bisharp_The_Hitter's rating: 1248 &rarr; <strong>1221<\/strong><br \/>(-27 for losing)\n|raw|Crustles's rating: 1222 &rarr; <strong>1249<\/strong><br \/>(+27 for winning)\n","uploadtime":1698014225,"views":5,"p1id":"bisharpthehitter","p2id":"crustles","formatid":"gen9anythinggoes","rating":1221,"private":0,"password":""}