{"id":"gen9anythinggoes-1998042887","p1":"Hesley_New","p2":"Ahuehuehue","format":"[Gen 9] Anything Goes","log":"|j|\u2606Hesley_New\n|j|\u2606Ahuehuehue\n|t:|1700882799\n|gametype|singles\n|player|p1|Hesley_New|red|1540\n|player|p2|Ahuehuehue|170|1632\n|teamsize|p1|6\n|teamsize|p2|6\n|gen|9\n|tier|[Gen 9] Anything Goes\n|rated|\n|rule|HP Percentage Mod: HP is shown in percentages\n|rule|Endless Battle Clause: Forcing endless battles is banned\n|clearpoke\n|poke|p1|Palafin, M|\n|poke|p1|Chien-Pao|\n|poke|p1|Regieleki|\n|poke|p1|Koraidon|\n|poke|p1|Flutter Mane|\n|poke|p1|Landorus-Therian, M|\n|poke|p2|Koraidon|\n|poke|p2|Eternatus|\n|poke|p2|Miraidon|\n|poke|p2|Hatterene, F|\n|poke|p2|Corviknight, M|\n|poke|p2|Arceus|\n|teampreview\n|inactive|Battle timer is ON: inactive players will automatically lose when time's up. (requested by Hesley_New)\n|inactive|Ahuehuehue has 120 seconds left.\n|inactive|Ahuehuehue has 90 seconds left.\n|\n|t:|1700882869\n|start\n|switch|p1a: Palafin|Palafin, M, shiny|100\/100\n|switch|p2a: Miraidon|Miraidon|100\/100\n|-fieldstart|move: Electric Terrain|[from] ability: Hadron Engine|[of] p2a: Miraidon\n|turn|1\n|\n|t:|1700882871\n|detailschange|p1a: Palafin|Palafin-Hero, M, shiny\n|switch|p1a: Landorus|Landorus-Therian, M, shiny|100\/100\n|-ability|p1a: Landorus|Intimidate|boost\n|-unboost|p2a: Miraidon|atk|1\n|move|p2a: Miraidon|Draco Meteor|p1a: Landorus\n|-damage|p1a: Landorus|0 fnt\n|-unboost|p2a: Miraidon|spa|2\n|faint|p1a: Landorus\n|\n|upkeep\n|\n|t:|1700882884\n|switch|p1a: Koraidon|Koraidon|100\/100\n|-weather|SunnyDay|[from] ability: Orichalcum Pulse|[of] p1a: Koraidon\n|-activate|p1a: Koraidon|Orichalcum Pulse|[source]\n|turn|2\n|\n|t:|1700882893\n|switch|p2a: Corviknight|Corviknight, M|100\/100\n|-ability|p2a: Corviknight|Pressure\n|move|p1a: Koraidon|Scale Shot|p2a: Corviknight|[miss]\n|-miss|p1a: Koraidon|p2a: Corviknight\n|\n|-weather|SunnyDay|[upkeep]\n|upkeep\n|turn|3\n|\n|t:|1700882902\n|move|p1a: Koraidon|Collision Course|p2a: Corviknight\n|-damage|p2a: Corviknight|58\/100\n|-damage|p1a: Koraidon|84\/100|[from] item: Rocky Helmet|[of] p2a: Corviknight\n|move|p2a: Corviknight|Tailwind|p2a: Corviknight\n|-sidestart|p2: Ahuehuehue|move: Tailwind\n|\n|-weather|SunnyDay|[upkeep]\n|upkeep\n|turn|4\n|\n|t:|1700882913\n|move|p1a: Koraidon|Collision Course|p2a: Corviknight\n|-damage|p2a: Corviknight|13\/100\n|-damage|p1a: Koraidon|67\/100|[from] item: Rocky Helmet|[of] p2a: Corviknight\n|move|p2a: Corviknight|Roost|p2a: Corviknight\n|-heal|p2a: Corviknight|63\/100\n|-singleturn|p2a: Corviknight|move: Roost\n|\n|-weather|SunnyDay|[upkeep]\n|upkeep\n|turn|5\n|\n|t:|1700882926\n|move|p1a: Koraidon|Swords Dance|p1a: Koraidon\n|-boost|p1a: Koraidon|atk|2\n|move|p2a: Corviknight|Roost|p2a: Corviknight\n|-heal|p2a: Corviknight|100\/100\n|-singleturn|p2a: Corviknight|move: Roost\n|\n|-weather|SunnyDay|[upkeep]\n|-fieldend|move: Electric Terrain\n|upkeep\n|turn|6\n|\n|t:|1700882940\n|switch|p2a: Hatterene|Hatterene, F|100\/100\n|move|p1a: Koraidon|Collision Course|p2a: Hatterene\n|-resisted|p2a: Hatterene\n|-damage|p2a: Hatterene|70\/100\n|-enditem|p2a: Hatterene|Red Card|[of] p1a: Koraidon\n|drag|p1a: Chien-Pao|Chien-Pao|100\/100\n|-ability|p1a: Chien-Pao|Sword of Ruin\n|\n|-weather|none\n|-sideend|p2: Ahuehuehue|move: Tailwind\n|upkeep\n|turn|7\n|\n|t:|1700882953\n|move|p1a: Chien-Pao|Crunch|p2a: Hatterene\n|-damage|p2a: Hatterene|26\/100\n|move|p2a: Hatterene|Dazzling Gleam|p1a: Chien-Pao\n|-supereffective|p1a: Chien-Pao\n|-enditem|p1a: Chien-Pao|Focus Sash\n|-damage|p1a: Chien-Pao|1\/100\n|\n|upkeep\n|turn|8\n|\n|t:|1700882957\n|switch|p2a: Corviknight|Corviknight, M|100\/100\n|-ability|p2a: Corviknight|Pressure\n|move|p1a: Chien-Pao|Crunch|p2a: Corviknight\n|-damage|p2a: Corviknight|71\/100\n|-unboost|p2a: Corviknight|def|1\n|-damage|p1a: Chien-Pao|0 fnt|[from] item: Rocky Helmet|[of] p2a: Corviknight\n|faint|p1a: Chien-Pao\n|\n|upkeep\n|\n|t:|1700882963\n|switch|p1a: Koraidon|Koraidon|67\/100\n|-weather|SunnyDay|[from] ability: Orichalcum Pulse|[of] p1a: Koraidon\n|-activate|p1a: Koraidon|Orichalcum Pulse|[source]\n|turn|9\n|\n|t:|1700882969\n|move|p1a: Koraidon|Swords Dance|p1a: Koraidon\n|-boost|p1a: Koraidon|atk|2\n|move|p2a: Corviknight|Tailwind|p2a: Corviknight\n|-sidestart|p2: Ahuehuehue|move: Tailwind\n|\n|-weather|SunnyDay|[upkeep]\n|upkeep\n|turn|10\n|\n|t:|1700882972\n|switch|p2a: Hatterene|Hatterene, F|26\/100\n|move|p1a: Koraidon|Collision Course|p2a: Hatterene\n|-resisted|p2a: Hatterene\n|-damage|p2a: Hatterene|0 fnt\n|faint|p2a: Hatterene\n|\n|-weather|SunnyDay|[upkeep]\n|upkeep\n|\n|t:|1700882988\n|switch|p2a: Koraidon|Koraidon|100\/100\n|-activate|p2a: Koraidon|ability: Orichalcum Pulse\n|turn|11\n|\n|t:|1700882992\n|switch|p1a: Flutter Mane|Flutter Mane, shiny|100\/100\n|-activate|p1a: Flutter Mane|ability: Protosynthesis\n|-start|p1a: Flutter Mane|protosynthesisspe\n|move|p2a: Koraidon|Low Kick|p1a: Flutter Mane\n|-immune|p1a: Flutter Mane\n|\n|-weather|SunnyDay|[upkeep]\n|upkeep\n|turn|12\n|\n|t:|1700882998\n|switch|p2a: Eternatus|Eternatus|100\/100\n|-ability|p2a: Eternatus|Pressure\n|move|p1a: Flutter Mane|Moonblast|p2a: Eternatus\n|-damage|p2a: Eternatus|69\/100\n|\n|-weather|SunnyDay|[upkeep]\n|-heal|p2a: Eternatus|75\/100|[from] item: Leftovers\n|-sideend|p2: Ahuehuehue|move: Tailwind\n|upkeep\n|turn|13\n|\n|t:|1700883000\n|move|p1a: Flutter Mane|Psyshock|p2a: Eternatus\n|-supereffective|p2a: Eternatus\n|-damage|p2a: Eternatus|27\/100\n|move|p2a: Eternatus|Toxic|p1a: Flutter Mane\n|-status|p1a: Flutter Mane|tox\n|\n|-weather|none\n|-end|p1a: Flutter Mane|Protosynthesis\n|-heal|p2a: Eternatus|34\/100|[from] item: Leftovers\n|-damage|p1a: Flutter Mane|95\/100 tox|[from] psn\n|upkeep\n|turn|14\n|\n|t:|1700883004\n|move|p2a: Eternatus|Protect|p2a: Eternatus\n|-singleturn|p2a: Eternatus|Protect\n|move|p1a: Flutter Mane|Psyshock|p2a: Eternatus\n|-activate|p2a: Eternatus|move: Protect\n|\n|-heal|p2a: Eternatus|40\/100|[from] item: Leftovers\n|-damage|p1a: Flutter Mane|83\/100 tox|[from] psn\n|upkeep\n|turn|15\n|\n|t:|1700883008\n|switch|p2a: Corviknight|Corviknight, M|71\/100\n|-ability|p2a: Corviknight|Pressure\n|move|p1a: Flutter Mane|Psyshock|p2a: Corviknight\n|-resisted|p2a: Corviknight\n|-damage|p2a: Corviknight|63\/100\n|\n|-damage|p1a: Flutter Mane|65\/100 tox|[from] psn\n|upkeep\n|turn|16\n|\n|t:|1700883012\n|-end|p1a: Flutter Mane|Protosynthesis|[silent]\n|switch|p1a: Regieleki|Regieleki, shiny|100\/100\n|switch|p2a: Eternatus|Eternatus|40\/100\n|-ability|p2a: Eternatus|Pressure\n|\n|-heal|p2a: Eternatus|46\/100|[from] item: Leftovers\n|upkeep\n|turn|17\n|\n|t:|1700883016\n|move|p1a: Regieleki|Thunderbolt|p2a: Eternatus\n|-resisted|p2a: Eternatus\n|-damage|p2a: Eternatus|27\/100\n|move|p2a: Eternatus|Recover|p2a: Eternatus\n|-heal|p2a: Eternatus|77\/100\n|\n|-heal|p2a: Eternatus|83\/100|[from] item: Leftovers\n|upkeep\n|turn|18\n|\n|t:|1700883020\n|switch|p1a: Flutter Mane|Flutter Mane, shiny|65\/100 tox\n|move|p2a: Eternatus|Toxic|p1a: Flutter Mane\n|-fail|p1a: Flutter Mane|tox\n|\n|-heal|p2a: Eternatus|90\/100|[from] item: Leftovers\n|-damage|p1a: Flutter Mane|59\/100 tox|[from] psn\n|upkeep\n|turn|19\n|\n|t:|1700883024\n|move|p2a: Eternatus|Protect|p2a: Eternatus\n|-singleturn|p2a: Eternatus|Protect\n|move|p1a: Flutter Mane|Psyshock|p2a: Eternatus\n|-activate|p2a: Eternatus|move: Protect\n|\n|-heal|p2a: Eternatus|96\/100|[from] item: Leftovers\n|-damage|p1a: Flutter Mane|47\/100 tox|[from] psn\n|upkeep\n|turn|20\n|\n|t:|1700883029\n|move|p1a: Flutter Mane|Moonblast|p2a: Eternatus\n|-damage|p2a: Eternatus|66\/100\n|-unboost|p2a: Eternatus|spa|1\n|move|p2a: Eternatus|Recover|p2a: Eternatus\n|-heal|p2a: Eternatus|100\/100\n|\n|-damage|p1a: Flutter Mane|29\/100 tox|[from] psn\n|upkeep\n|turn|21\n|\n|t:|1700883033\n|move|p2a: Eternatus|Protect|p2a: Eternatus\n|-singleturn|p2a: Eternatus|Protect\n|move|p1a: Flutter Mane|Shadow Ball|p2a: Eternatus\n|-activate|p2a: Eternatus|move: Protect\n|\n|-damage|p1a: Flutter Mane|5\/100 tox|[from] psn\n|upkeep\n|turn|22\n|\n|t:|1700883037\n|move|p1a: Flutter Mane|Psyshock|p2a: Eternatus\n|-supereffective|p2a: Eternatus\n|-damage|p2a: Eternatus|50\/100\n|move|p2a: Eternatus|Recover|p2a: Eternatus\n|-heal|p2a: Eternatus|99\/100\n|\n|-heal|p2a: Eternatus|100\/100|[from] item: Leftovers\n|-damage|p1a: Flutter Mane|0 fnt|[from] psn\n|faint|p1a: Flutter Mane\n|-end|p1a: Flutter Mane|Protosynthesis|[silent]\n|upkeep\n|\n|t:|1700883042\n|switch|p1a: Koraidon|Koraidon|67\/100\n|-weather|SunnyDay|[from] ability: Orichalcum Pulse|[of] p1a: Koraidon\n|-activate|p1a: Koraidon|Orichalcum Pulse|[source]\n|turn|23\n|\n|t:|1700883046\n|move|p1a: Koraidon|Swords Dance|p1a: Koraidon\n|-boost|p1a: Koraidon|atk|2\n|move|p2a: Eternatus|Toxic|p1a: Koraidon\n|-status|p1a: Koraidon|tox\n|\n|-weather|SunnyDay|[upkeep]\n|-damage|p1a: Koraidon|61\/100 tox|[from] psn\n|upkeep\n|turn|24\n|\n|t:|1700883049\n|move|p1a: Koraidon|Scale Shot|p2a: Eternatus|[miss]\n|-miss|p1a: Koraidon|p2a: Eternatus\n|move|p2a: Eternatus|Substitute|p2a: Eternatus\n|-start|p2a: Eternatus|Substitute\n|-damage|p2a: Eternatus|76\/100\n|\n|-weather|SunnyDay|[upkeep]\n|-heal|p2a: Eternatus|82\/100|[from] item: Leftovers\n|-damage|p1a: Koraidon|49\/100 tox|[from] psn\n|upkeep\n|turn|25\n|c|\u2606Ahuehuehue|sry\n|\n|t:|1700883055\n|move|p2a: Eternatus|Protect|p2a: Eternatus\n|-singleturn|p2a: Eternatus|Protect\n|move|p1a: Koraidon|Scale Shot|p2a: Eternatus\n|-activate|p2a: Eternatus|move: Protect\n|\n|-weather|SunnyDay|[upkeep]\n|-heal|p2a: Eternatus|88\/100|[from] item: Leftovers\n|-damage|p1a: Koraidon|30\/100 tox|[from] psn\n|upkeep\n|turn|26\n|\n|t:|1700883058\n|move|p1a: Koraidon|Scale Shot|p2a: Eternatus\n|-supereffective|p2a: Eternatus\n|-end|p2a: Eternatus|Substitute\n|-supereffective|p2a: Eternatus\n|-damage|p2a: Eternatus|25\/100\n|-supereffective|p2a: Eternatus\n|-damage|p2a: Eternatus|0 fnt\n|faint|p2a: Eternatus\n|-hitcount|p2: Eternatus|3\n|-unboost|p1a: Koraidon|def|1\n|-boost|p1a: Koraidon|spe|1\n|\n|-weather|SunnyDay|[upkeep]\n|-damage|p1a: Koraidon|6\/100 tox|[from] psn\n|upkeep\n|\n|t:|1700883064\n|switch|p2a: Arceus|Arceus|100\/100\n|turn|27\n|\n|t:|1700883066\n|move|p2a: Arceus|Extreme Speed|p1a: Koraidon\n|-damage|p1a: Koraidon|0 fnt\n|faint|p1a: Koraidon\n|-damage|p2a: Arceus|91\/100|[from] item: Life Orb\n|\n|-weather|none\n|upkeep\n|\n|t:|1700883069\n|switch|p1a: Palafin|Palafin-Hero, M, shiny|100\/100\n|-activate|p1a: Palafin|ability: Zero to Hero\n|turn|28\n|\n|t:|1700883071\n|switch|p2a: Corviknight|Corviknight, M|63\/100\n|-ability|p2a: Corviknight|Pressure\n|move|p1a: Palafin|Close Combat|p2a: Corviknight\n|-damage|p2a: Corviknight|15\/100\n|-unboost|p1a: Palafin|def|1\n|-unboost|p1a: Palafin|spd|1\n|-damage|p1a: Palafin|84\/100|[from] item: Rocky Helmet|[of] p2a: Corviknight\n|\n|upkeep\n|turn|29\n|\n|t:|1700883075\n|switch|p1a: Regieleki|Regieleki, shiny|100\/100\n|move|p2a: Corviknight|U-turn|p1a: Regieleki\n|-damage|p1a: Regieleki|70\/100\n|\n|t:|1700883078\n|switch|p2a: Arceus|Arceus|91\/100|[from] U-turn\n|\n|upkeep\n|turn|30\n|\n|t:|1700883080\n|move|p2a: Arceus|Extreme Speed|p1a: Regieleki\n|-damage|p1a: Regieleki|0 fnt\n|faint|p1a: Regieleki\n|-damage|p2a: Arceus|81\/100|[from] item: Life Orb\n|\n|upkeep\n|\n|t:|1700883082\n|switch|p1a: Palafin|Palafin-Hero, M, shiny|84\/100\n|turn|31\n|\n|t:|1700883085\n|switch|p2a: Corviknight|Corviknight, M|15\/100\n|-ability|p2a: Corviknight|Pressure\n|-terastallize|p1a: Palafin|Water\n|move|p1a: Palafin|Jet Punch|p2a: Corviknight\n|-damage|p2a: Corviknight|0 fnt\n|-damage|p1a: Palafin|67\/100|[from] item: Rocky Helmet|[of] p2a: Corviknight\n|faint|p2a: Corviknight\n|\n|upkeep\n|\n|t:|1700883089\n|switch|p2a: Koraidon|Koraidon|100\/100\n|-weather|SunnyDay|[from] ability: Orichalcum Pulse|[of] p2a: Koraidon\n|-activate|p2a: Koraidon|Orichalcum Pulse|[source]\n|turn|32\n|\n|t:|1700883091\n|move|p1a: Palafin|Jet Punch|p2a: Koraidon\n|-resisted|p2a: Koraidon\n|-damage|p2a: Koraidon|83\/100\n|move|p2a: Koraidon|Dragon Claw|p1a: Palafin\n|-damage|p1a: Palafin|0 fnt\n|faint|p1a: Palafin\n|\n|win|Ahuehuehue\n|raw|Hesley_New's rating: 1540 &rarr; <strong>1525<\/strong><br \/>(-15 for losing)\n|raw|Ahuehuehue's rating: 1632 &rarr; <strong>1647<\/strong><br \/>(+15 for winning)\n","uploadtime":1700883095,"views":5,"p1id":"hesleynew","p2id":"ahuehuehue","formatid":"gen9anythinggoes","rating":1525,"private":0,"password":""}