{"id":"gen9anythinggoes-1975437599","p1":"mastwo1","p2":"saltyfur","format":"[Gen 9] Anything Goes","log":"|j|\u2606mastwo1\n|j|\u2606saltyfur\n|t:|1698191256\n|gametype|singles\n|player|p1|mastwo1|ninjaboy|\n|player|p2|saltyfur|2|\n|teamsize|p1|5\n|teamsize|p2|6\n|gen|9\n|tier|[Gen 9] Anything Goes\n|rule|HP Percentage Mod: HP is shown in percentages\n|rule|Endless Battle Clause: Forcing endless battles is banned\n|clearpoke\n|poke|p1|Lechonk, M|\n|poke|p1|Espathra, M|\n|poke|p1|Dudunsparce-*, M|\n|poke|p1|Drifblim, M|\n|poke|p1|Quaquaval, F|\n|poke|p2|Ribombee, M|\n|poke|p2|Volcarona, M|\n|poke|p2|Frosmoth, F|\n|poke|p2|Kleavor, M|\n|poke|p2|Lokix, M|\n|poke|p2|Heracross, F|\n|teampreview\n|c|\u2606mastwo1|ruh\n|\n|t:|1698191271\n|start\n|switch|p1a: i may be silly|Espathra, M|100\/100\n|switch|p2a: Ribombee|Ribombee, M, shiny|100\/100\n|turn|1\n|\n|t:|1698191277\n|move|p2a: Ribombee|Sticky Web|p1a: i may be silly\n|-sidestart|p1: mastwo1|move: Sticky Web\n|move|p1a: i may be silly|Hypnosis|p2a: Ribombee|[miss]\n|-miss|p1a: i may be silly|p2a: Ribombee\n|\n|-ability|p1a: i may be silly|Speed Boost|boost\n|-boost|p1a: i may be silly|spe|1\n|upkeep\n|turn|2\n|c|\u2606mastwo1|GO TO SLEEP NOW\n|\n|t:|1698191284\n|move|p1a: i may be silly|Hypnosis|p2a: Ribombee|[miss]\n|-miss|p1a: i may be silly|p2a: Ribombee\n|move|p2a: Ribombee|Stun Spore|p1a: i may be silly\n|-status|p1a: i may be silly|par\n|\n|-ability|p1a: i may be silly|Speed Boost|boost\n|-boost|p1a: i may be silly|spe|1\n|upkeep\n|turn|3\n|\n|t:|1698191292\n|move|p2a: Ribombee|Moonblast|p1a: i may be silly\n|-damage|p1a: i may be silly|45\/100 par\n|move|p1a: i may be silly|Hypnosis|p2a: Ribombee\n|-status|p2a: Ribombee|slp|[from] move: Hypnosis\n|\n|-ability|p1a: i may be silly|Speed Boost|boost\n|-boost|p1a: i may be silly|spe|1\n|upkeep\n|turn|4\n|\n|t:|1698191306\n|cant|p1a: i may be silly|par\n|cant|p2a: Ribombee|slp\n|\n|-ability|p1a: i may be silly|Speed Boost|boost\n|-boost|p1a: i may be silly|spe|1\n|upkeep\n|turn|5\n|\n|t:|1698191312\n|move|p1a: i may be silly|Baton Pass|p1a: i may be silly\n|\n|t:|1698191313\n|switch|p1a: i hate you|Quaquaval, F|100\/100|[from] Baton Pass\n|cant|p2a: Ribombee|slp\n|\n|upkeep\n|turn|6\n|\n|t:|1698191329\n|switch|p2a: Lokix|Lokix, M|100\/100\n|move|p1a: i hate you|Rapid Spin|p2a: Lokix\n|-damage|p2a: Lokix|81\/100\n|-boost|p1a: i hate you|spe|1\n|-sideend|p1: mastwo1|Sticky Web|[from] move: Rapid Spin|[of] p1a: i hate you\n|\n|upkeep\n|turn|7\n|\n|t:|1698191336\n|move|p1a: i hate you|Substitute|p1a: i hate you\n|-start|p1a: i hate you|Substitute\n|-damage|p1a: i hate you|76\/100\n|move|p2a: Lokix|Knock Off|p1a: i hate you\n|-resisted|p1a: i hate you\n|-end|p1a: i hate you|Substitute\n|\n|upkeep\n|turn|8\n|\n|t:|1698191341\n|move|p1a: i hate you|Substitute|p1a: i hate you\n|-start|p1a: i hate you|Substitute\n|-damage|p1a: i hate you|51\/100\n|move|p2a: Lokix|Knock Off|p1a: i hate you\n|-resisted|p1a: i hate you\n|-end|p1a: i hate you|Substitute\n|\n|upkeep\n|turn|9\n|\n|t:|1698191350\n|move|p1a: i hate you|Roost|p1a: i hate you\n|-heal|p1a: i hate you|100\/100\n|-singleturn|p1a: i hate you|move: Roost\n|move|p2a: Lokix|Knock Off|p1a: i hate you\n|-resisted|p1a: i hate you\n|-damage|p1a: i hate you|67\/100\n|-enditem|p1a: i hate you|Heavy-Duty Boots|[from] move: Knock Off|[of] p2a: Lokix\n|\n|upkeep\n|turn|10\n|\n|t:|1698191370\n|move|p1a: i hate you|Roost|p1a: i hate you\n|-heal|p1a: i hate you|100\/100\n|-singleturn|p1a: i hate you|move: Roost\n|move|p2a: Lokix|U-turn|p1a: i hate you\n|-resisted|p1a: i hate you\n|-damage|p1a: i hate you|75\/100\n|\n|t:|1698191395\n|switch|p2a: Kleavor|Kleavor, M|100\/100|[from] U-turn\n|\n|upkeep\n|turn|11\n|\n|t:|1698191405\n|move|p1a: i hate you|Substitute|p1a: i hate you\n|-start|p1a: i hate you|Substitute\n|-damage|p1a: i hate you|50\/100\n|move|p2a: Kleavor|Trailblaze|p1a: i hate you\n|-supereffective|p1a: i hate you\n|-end|p1a: i hate you|Substitute\n|-boost|p2a: Kleavor|spe|1\n|\n|upkeep\n|turn|12\n|\n|t:|1698191414\n|move|p1a: i hate you|Baton Pass|p1a: i hate you\n|\n|t:|1698191438\n|switch|p1a: holy shi|Drifblim, M|100\/100|[from] Baton Pass\n|move|p2a: Kleavor|Trailblaze|p1a: holy shi\n|-resisted|p1a: holy shi\n|-damage|p1a: holy shi|89\/100\n|-boost|p2a: Kleavor|spe|1\n|\n|upkeep\n|turn|13\n|\n|t:|1698191452\n|move|p1a: holy shi|Minimize|p1a: holy shi\n|-boost|p1a: holy shi|evasion|2\n|move|p2a: Kleavor|Stone Axe|p1a: holy shi\n|-supereffective|p1a: holy shi\n|-damage|p1a: holy shi|0 fnt\n|-sidestart|p1: mastwo1|move: Stealth Rock\n|faint|p1a: holy shi\n|\n|upkeep\n|\n|t:|1698191461\n|switch|p1a: i may be silly|Espathra, M|45\/100 par\n|-damage|p1a: i may be silly|32\/100 par|[from] Stealth Rock\n|turn|14\n|\n|t:|1698191469\n|move|p2a: Kleavor|Stone Axe|p1a: i may be silly\n|-damage|p1a: i may be silly|0 fnt\n|faint|p1a: i may be silly\n|\n|upkeep\n|-message|mastwo1 forfeited.\n|\n|win|saltyfur\n|l|\u2606mastwo1\n|c|\u2606saltyfur|Damn Man\n","uploadtime":1698191482,"views":11,"p1id":"mastwo1","p2id":"saltyfur","formatid":"gen9anythinggoes","rating":0,"private":0,"password":""}