{"id":"gen9anythinggoes-1986235179","p1":"Sixkssk","p2":"Da1ba Nana","format":"[Gen 9] Anything Goes","log":"|j|\u203dSixkssk\n|j|\u2606Da1ba Nana\n|t:|1699462142\n|gametype|singles\n|player|p1|Sixkssk|170|1063\n|player|p2|Da1ba Nana|baker|1132\n|teamsize|p1|6\n|teamsize|p2|6\n|gen|9\n|tier|[Gen 9] Anything Goes\n|rated|\n|rule|HP Percentage Mod: HP is shown in percentages\n|rule|Endless Battle Clause: Forcing endless battles is banned\n|clearpoke\n|poke|p1|Chien-Pao|\n|poke|p1|Darkrai|\n|poke|p1|Roaring Moon|\n|poke|p1|Urshifu-*, F|\n|poke|p1|Greninja-*, F|\n|poke|p1|Kingambit, F|\n|poke|p2|Heracross, M|\n|poke|p2|Blissey, F|\n|poke|p2|Bellibolt, M|\n|poke|p2|Infernape, M|\n|poke|p2|Sandslash-Alola, M|\n|poke|p2|Vigoroth, M|\n|teampreview\n|\n|t:|1699462152\n|start\n|switch|p1a: Darkrai|Darkrai|100\/100\n|switch|p2a: Heracross|Heracross, M|100\/100\n|turn|1\n|\n|t:|1699462159\n|move|p2a: Heracross|Close Combat|p1a: Darkrai\n|-supereffective|p1a: Darkrai\n|-damage|p1a: Darkrai|0 fnt\n|-unboost|p2a: Heracross|def|1\n|-unboost|p2a: Heracross|spd|1\n|faint|p1a: Darkrai\n|-ability|p2a: Heracross|Moxie|boost\n|-boost|p2a: Heracross|atk|1\n|\n|upkeep\n|\n|t:|1699462166\n|switch|p1a: Chien-Pao|Chien-Pao|100\/100\n|-ability|p1a: Chien-Pao|Sword of Ruin\n|turn|2\n|\n|t:|1699462173\n|switch|p2a: Bellibolt|Bellibolt, M|100\/100\n|move|p1a: Chien-Pao|Psychic Fangs|p2a: Bellibolt\n|-damage|p2a: Bellibolt|64\/100\n|-start|p2a: Bellibolt|Charge|Psychic Fangs|[from] ability: Electromorphosis\n|\n|-heal|p2a: Bellibolt|70\/100|[from] item: Leftovers\n|upkeep\n|turn|3\n|\n|t:|1699462181\n|move|p1a: Chien-Pao|Psychic Fangs|p2a: Bellibolt\n|-damage|p2a: Bellibolt|38\/100\n|-start|p2a: Bellibolt|Charge|Psychic Fangs|[from] ability: Electromorphosis\n|move|p2a: Bellibolt|Thunder Wave|p1a: Chien-Pao\n|-status|p1a: Chien-Pao|par\n|-end|p2a: Bellibolt|Charge|[silent]\n|\n|-heal|p2a: Bellibolt|45\/100|[from] item: Leftovers\n|upkeep\n|turn|4\n|\n|t:|1699462189\n|move|p1a: Chien-Pao|Psychic Fangs|p2a: Bellibolt\n|-damage|p2a: Bellibolt|12\/100\n|-start|p2a: Bellibolt|Charge|Psychic Fangs|[from] ability: Electromorphosis\n|move|p2a: Bellibolt|Slack Off|p2a: Bellibolt\n|-heal|p2a: Bellibolt|62\/100\n|\n|-heal|p2a: Bellibolt|68\/100|[from] item: Leftovers\n|upkeep\n|turn|5\n|\n|t:|1699462199\n|switch|p1a: Roaring Moon|Roaring Moon|100\/100\n|-enditem|p1a: Roaring Moon|Booster Energy\n|-activate|p1a: Roaring Moon|ability: Protosynthesis|[fromitem]\n|-start|p1a: Roaring Moon|protosynthesisatk\n|move|p2a: Bellibolt|Slack Off|p2a: Bellibolt\n|-heal|p2a: Bellibolt|100\/100\n|\n|upkeep\n|turn|6\n|\n|t:|1699462207\n|move|p1a: Roaring Moon|Dragon Dance|p1a: Roaring Moon\n|-boost|p1a: Roaring Moon|atk|1\n|-boost|p1a: Roaring Moon|spe|1\n|move|p2a: Bellibolt|Thunder Wave|p1a: Roaring Moon\n|-status|p1a: Roaring Moon|par\n|-end|p2a: Bellibolt|Charge|[silent]\n|\n|upkeep\n|turn|7\n|\n|t:|1699462213\n|move|p1a: Roaring Moon|Dragon Dance|p1a: Roaring Moon\n|-boost|p1a: Roaring Moon|atk|1\n|-boost|p1a: Roaring Moon|spe|1\n|move|p2a: Bellibolt|Acid Spray|p1a: Roaring Moon\n|-damage|p1a: Roaring Moon|91\/100 par\n|-unboost|p1a: Roaring Moon|spd|2\n|\n|upkeep\n|turn|8\n|\n|t:|1699462219\n|move|p1a: Roaring Moon|Dragon Dance|p1a: Roaring Moon\n|-boost|p1a: Roaring Moon|atk|1\n|-boost|p1a: Roaring Moon|spe|1\n|move|p2a: Bellibolt|Thunderbolt|p1a: Roaring Moon\n|-resisted|p1a: Roaring Moon\n|-damage|p1a: Roaring Moon|62\/100 par\n|\n|upkeep\n|turn|9\n|\n|t:|1699462225\n|move|p1a: Roaring Moon|Dragon Dance|p1a: Roaring Moon\n|-boost|p1a: Roaring Moon|atk|1\n|-boost|p1a: Roaring Moon|spe|1\n|move|p2a: Bellibolt|Thunderbolt|p1a: Roaring Moon\n|-resisted|p1a: Roaring Moon\n|-damage|p1a: Roaring Moon|31\/100 par\n|\n|upkeep\n|turn|10\n|\n|t:|1699462237\n|move|p1a: Roaring Moon|Dragon Claw|p2a: Bellibolt\n|-damage|p2a: Bellibolt|0 fnt\n|faint|p2a: Bellibolt\n|\n|upkeep\n|\n|t:|1699462243\n|switch|p2a: Infernape|Infernape, M|100\/100\n|turn|11\n|\n|t:|1699462247\n|move|p1a: Roaring Moon|Dragon Claw|p2a: Infernape\n|-damage|p2a: Infernape|0 fnt\n|faint|p2a: Infernape\n|\n|upkeep\n|\n|t:|1699462250\n|switch|p2a: Sandslash|Sandslash-Alola, M|100\/100\n|turn|12\n|\n|t:|1699462260\n|move|p1a: Roaring Moon|Dragon Claw|p2a: Sandslash\n|-resisted|p2a: Sandslash\n|-damage|p2a: Sandslash|12\/100\n|move|p2a: Sandslash|Icicle Spear|p1a: Roaring Moon\n|-supereffective|p1a: Roaring Moon\n|-damage|p1a: Roaring Moon|0 fnt\n|faint|p1a: Roaring Moon\n|-end|p1a: Roaring Moon|Protosynthesis|[silent]\n|-hitcount|p1: Roaring Moon|1\n|\n|upkeep\n|\n|t:|1699462270\n|switch|p1a: Chien-Pao|Chien-Pao|100\/100 par\n|-ability|p1a: Chien-Pao|Sword of Ruin\n|turn|13\n|\n|t:|1699462289\n|move|p2a: Sandslash|Low Kick|p1a: Chien-Pao\n|-supereffective|p1a: Chien-Pao\n|-damage|p1a: Chien-Pao|0 fnt\n|faint|p1a: Chien-Pao\n|\n|upkeep\n|\n|t:|1699462296\n|switch|p1a: Urshifu|Urshifu, F|100\/100\n|turn|14\n|\n|t:|1699462309\n|move|p1a: Urshifu|Close Combat|p2a: Sandslash\n|-supereffective|p2a: Sandslash\n|-damage|p2a: Sandslash|0 fnt\n|-unboost|p1a: Urshifu|def|1\n|-unboost|p1a: Urshifu|spd|1\n|faint|p2a: Sandslash\n|-damage|p1a: Urshifu|91\/100|[from] item: Life Orb\n|\n|upkeep\n|\n|t:|1699462311\n|switch|p2a: Heracross|Heracross, M|100\/100\n|turn|15\n|\n|t:|1699462317\n|move|p2a: Heracross|Close Combat|p1a: Urshifu\n|-supereffective|p1a: Urshifu\n|-damage|p1a: Urshifu|0 fnt\n|-unboost|p2a: Heracross|def|1\n|-unboost|p2a: Heracross|spd|1\n|faint|p1a: Urshifu\n|-ability|p2a: Heracross|Moxie|boost\n|-boost|p2a: Heracross|atk|1\n|\n|upkeep\n|\n|t:|1699462325\n|switch|p1a: Greninja|Greninja, F|100\/100\n|turn|16\n|\n|t:|1699462331\n|move|p2a: Heracross|Close Combat|p1a: Greninja\n|-supereffective|p1a: Greninja\n|-damage|p1a: Greninja|0 fnt\n|-unboost|p2a: Heracross|def|1\n|-unboost|p2a: Heracross|spd|1\n|faint|p1a: Greninja\n|-ability|p2a: Heracross|Moxie|boost\n|-boost|p2a: Heracross|atk|1\n|\n|upkeep\n|\n|t:|1699462345\n|switch|p1a: Kingambit|Kingambit, F|100\/100\n|-activate|p1a: Kingambit|ability: Supreme Overlord\n|-start|p1a: Kingambit|fallen5|[silent]\n|turn|17\n|\n|t:|1699462350\n|move|p2a: Heracross|Close Combat|p1a: Kingambit\n|-supereffective|p1a: Kingambit\n|-damage|p1a: Kingambit|0 fnt\n|-unboost|p2a: Heracross|def|1\n|-unboost|p2a: Heracross|spd|1\n|faint|p1a: Kingambit\n|-end|p1a: Kingambit|fallen5|[silent]\n|\n|win|Da1ba Nana\n|raw|Sixkssk's rating: 1063 &rarr; <strong>1047<\/strong><br \/>(-16 for losing)\n|raw|Da1ba Nana's rating: 1132 &rarr; <strong>1152<\/strong><br \/>(+20 for winning)\n","uploadtime":1699462356,"views":11,"p1id":"sixkssk","p2id":"da1banana","formatid":"gen9anythinggoes","rating":1047,"private":0,"password":""}