{"id":"gen9anythinggoes-1980625839","p1":"YoungCoconut19","p2":"Hesley Rokemon","format":"[Gen 9] Anything Goes","log":"|j|\u2606YoungCoconut19\n|j|\u2606Hesley Rokemon\n|t:|1698804768\n|gametype|singles\n|player|p1|YoungCoconut19|266|1257\n|player|p2|Hesley Rokemon|hilbert|1400\n|teamsize|p1|6\n|teamsize|p2|6\n|gen|9\n|tier|[Gen 9] Anything Goes\n|rated|\n|rule|HP Percentage Mod: HP is shown in percentages\n|rule|Endless Battle Clause: Forcing endless battles is banned\n|clearpoke\n|poke|p1|Koraidon|\n|poke|p1|Farigiraf, F|\n|poke|p1|Calyrex-Shadow|\n|poke|p1|Shaymin-Sky|\n|poke|p1|Urshifu-*, M|\n|poke|p1|Maushold|\n|poke|p2|Miraidon|\n|poke|p2|Koraidon|\n|poke|p2|Eternatus|\n|poke|p2|Ogerpon-Hearthflame, F|\n|poke|p2|Corviknight, F|\n|poke|p2|Hatterene, F|\n|teampreview\n|inactive|Battle timer is ON: inactive players will automatically lose when time's up. (requested by Hesley Rokemon)\n|\n|t:|1698804794\n|start\n|switch|p1a: Maushold|Maushold|100\/100\n|switch|p2a: Eternatus|Eternatus|100\/100\n|-ability|p2a: Eternatus|Pressure\n|turn|1\n|\n|t:|1698804820\n|move|p1a: Maushold|Tidy Up|p1a: Maushold\n|-boost|p1a: Maushold|atk|1\n|-boost|p1a: Maushold|spe|1\n|move|p2a: Eternatus|Toxic|p1a: Maushold\n|-status|p1a: Maushold|tox\n|\n|-damage|p1a: Maushold|94\/100 tox|[from] psn\n|upkeep\n|turn|2\n|\n|t:|1698804827\n|move|p2a: Eternatus|Protect|p2a: Eternatus\n|-singleturn|p2a: Eternatus|Protect\n|move|p1a: Maushold|Beat Up|p2a: Eternatus\n|-activate|p2a: Eternatus|move: Protect\n|\n|-damage|p1a: Maushold|82\/100 tox|[from] psn\n|upkeep\n|turn|3\n|\n|t:|1698804838\n|move|p1a: Maushold|Beat Up|p2a: Eternatus\n|-damage|p2a: Eternatus|97\/100\n|-damage|p2a: Eternatus|94\/100\n|-damage|p2a: Eternatus|91\/100\n|-damage|p2a: Eternatus|87\/100\n|-damage|p2a: Eternatus|82\/100\n|-damage|p2a: Eternatus|78\/100\n|-hitcount|p2a: Eternatus|6\n|move|p2a: Eternatus|Substitute|p2a: Eternatus\n|-start|p2a: Eternatus|Substitute\n|-damage|p2a: Eternatus|53\/100\n|\n|-heal|p2a: Eternatus|59\/100|[from] item: Leftovers\n|-damage|p1a: Maushold|63\/100 tox|[from] psn\n|upkeep\n|turn|4\n|\n|t:|1698804859\n|move|p2a: Eternatus|Protect|p2a: Eternatus\n|-singleturn|p2a: Eternatus|Protect\n|move|p1a: Maushold|Population Bomb|p2a: Eternatus\n|-activate|p2a: Eternatus|move: Protect\n|\n|-heal|p2a: Eternatus|65\/100|[from] item: Leftovers\n|-damage|p1a: Maushold|38\/100 tox|[from] psn\n|upkeep\n|turn|5\n|\n|t:|1698804868\n|move|p1a: Maushold|Population Bomb|p2a: Eternatus|[miss]\n|-miss|p1a: Maushold|p2a: Eternatus\n|move|p2a: Eternatus|Recover|p2a: Eternatus\n|-heal|p2a: Eternatus|100\/100\n|\n|-damage|p1a: Maushold|7\/100 tox|[from] psn\n|upkeep\n|turn|6\n|inactive|Hesley Rokemon has 120 seconds left.\n|\n|t:|1698804903\n|move|p2a: Eternatus|Protect|p2a: Eternatus\n|-singleturn|p2a: Eternatus|Protect\n|move|p1a: Maushold|Population Bomb|p2a: Eternatus\n|-activate|p2a: Eternatus|move: Protect\n|\n|-damage|p1a: Maushold|0 fnt|[from] psn\n|faint|p1a: Maushold\n|upkeep\n|\n|t:|1698804912\n|switch|p1a: Farigiraf|Farigiraf, F|100\/100\n|turn|7\n|\n|t:|1698804917\n|move|p2a: Eternatus|Toxic|p1a: Farigiraf\n|-status|p1a: Farigiraf|tox\n|move|p1a: Farigiraf|Twin Beam|p2a: Eternatus\n|-supereffective|p2a: Eternatus\n|-end|p2a: Eternatus|Substitute\n|-supereffective|p2a: Eternatus\n|-damage|p2a: Eternatus|70\/100\n|-hitcount|p2a: Eternatus|2\n|\n|-heal|p2a: Eternatus|76\/100|[from] item: Leftovers\n|-damage|p1a: Farigiraf|94\/100 tox|[from] psn\n|upkeep\n|turn|8\n|\n|t:|1698804927\n|move|p2a: Eternatus|Protect|p2a: Eternatus\n|-singleturn|p2a: Eternatus|Protect\n|move|p1a: Farigiraf|Twin Beam|p2a: Eternatus\n|-activate|p2a: Eternatus|move: Protect\n|\n|-heal|p2a: Eternatus|82\/100|[from] item: Leftovers\n|-damage|p1a: Farigiraf|82\/100 tox|[from] psn\n|upkeep\n|turn|9\n|\n|t:|1698804942\n|move|p2a: Eternatus|Substitute|p2a: Eternatus\n|-start|p2a: Eternatus|Substitute\n|-damage|p2a: Eternatus|58\/100\n|move|p1a: Farigiraf|Twin Beam|p2a: Eternatus\n|-supereffective|p2a: Eternatus\n|-end|p2a: Eternatus|Substitute\n|-supereffective|p2a: Eternatus\n|-damage|p2a: Eternatus|27\/100\n|-hitcount|p2a: Eternatus|2\n|\n|-heal|p2a: Eternatus|33\/100|[from] item: Leftovers\n|-damage|p1a: Farigiraf|64\/100 tox|[from] psn\n|upkeep\n|turn|10\n|\n|t:|1698804949\n|move|p2a: Eternatus|Recover|p2a: Eternatus\n|-heal|p2a: Eternatus|83\/100\n|move|p1a: Farigiraf|Twin Beam|p2a: Eternatus\n|-supereffective|p2a: Eternatus\n|-damage|p2a: Eternatus|55\/100\n|-supereffective|p2a: Eternatus\n|-damage|p2a: Eternatus|22\/100\n|-hitcount|p2a: Eternatus|2\n|\n|-heal|p2a: Eternatus|28\/100|[from] item: Leftovers\n|-damage|p1a: Farigiraf|40\/100 tox|[from] psn\n|upkeep\n|turn|11\n|\n|t:|1698804964\n|move|p2a: Eternatus|Recover|p2a: Eternatus\n|-heal|p2a: Eternatus|78\/100\n|move|p1a: Farigiraf|Twin Beam|p2a: Eternatus\n|-supereffective|p2a: Eternatus\n|-damage|p2a: Eternatus|50\/100\n|-supereffective|p2a: Eternatus\n|-damage|p2a: Eternatus|17\/100\n|-hitcount|p2a: Eternatus|2\n|\n|-heal|p2a: Eternatus|23\/100|[from] item: Leftovers\n|-damage|p1a: Farigiraf|10\/100 tox|[from] psn\n|upkeep\n|turn|12\n|\n|t:|1698804969\n|move|p2a: Eternatus|Protect|p2a: Eternatus\n|-singleturn|p2a: Eternatus|Protect\n|move|p1a: Farigiraf|Twin Beam|p2a: Eternatus\n|-activate|p2a: Eternatus|move: Protect\n|\n|-heal|p2a: Eternatus|29\/100|[from] item: Leftovers\n|-damage|p1a: Farigiraf|0 fnt|[from] psn\n|faint|p1a: Farigiraf\n|upkeep\n|\n|t:|1698804975\n|switch|p1a: Shaymin|Shaymin-Sky|100\/100\n|turn|13\n|\n|t:|1698804983\n|move|p1a: Shaymin|Earth Power|p2a: Eternatus\n|-supereffective|p2a: Eternatus\n|-damage|p2a: Eternatus|0 fnt\n|faint|p2a: Eternatus\n|\n|upkeep\n|\n|t:|1698804993\n|switch|p2a: Ogerpon|Ogerpon-Hearthflame, F|100\/100\n|-ability|p2a: Ogerpon|Mold Breaker\n|turn|14\n|\n|t:|1698805003\n|move|p2a: Ogerpon|Spiky Shield|p2a: Ogerpon\n|-singleturn|p2a: Ogerpon|move: Protect\n|move|p1a: Shaymin|Air Slash|p2a: Ogerpon\n|-activate|p2a: Ogerpon|move: Protect\n|\n|upkeep\n|turn|15\n|\n|t:|1698805012\n|move|p1a: Shaymin|Air Slash|p2a: Ogerpon\n|-supereffective|p2a: Ogerpon\n|-damage|p2a: Ogerpon|33\/100\n|cant|p2a: Ogerpon|flinch\n|\n|upkeep\n|turn|16\n|\n|t:|1698805017\n|move|p2a: Ogerpon|Spiky Shield|p2a: Ogerpon\n|-singleturn|p2a: Ogerpon|move: Protect\n|move|p1a: Shaymin|Air Slash|p2a: Ogerpon\n|-activate|p2a: Ogerpon|move: Protect\n|\n|upkeep\n|turn|17\n|\n|t:|1698805025\n|move|p1a: Shaymin|Air Slash|p2a: Ogerpon\n|-supereffective|p2a: Ogerpon\n|-damage|p2a: Ogerpon|0 fnt\n|faint|p2a: Ogerpon\n|\n|upkeep\n|\n|t:|1698805037\n|switch|p2a: Koraidon|Koraidon|100\/100\n|-weather|SunnyDay|[from] ability: Orichalcum Pulse|[of] p2a: Koraidon\n|-activate|p2a: Koraidon|Orichalcum Pulse|[source]\n|turn|18\n|\n|t:|1698805048\n|move|p2a: Koraidon|Scale Shot|p1a: Shaymin\n|-damage|p1a: Shaymin|79\/100\n|-damage|p1a: Shaymin|56\/100\n|-damage|p1a: Shaymin|34\/100\n|-damage|p1a: Shaymin|12\/100\n|-damage|p1a: Shaymin|0 fnt\n|faint|p1a: Shaymin\n|-hitcount|p1: Shaymin|5\n|-unboost|p2a: Koraidon|def|1\n|-boost|p2a: Koraidon|spe|1\n|\n|-weather|SunnyDay|[upkeep]\n|upkeep\n|\n|t:|1698805055\n|switch|p1a: Calyrex|Calyrex-Shadow|100\/100\n|-ability|p1a: Calyrex|As One\n|-ability|p1a: Calyrex|Unnerve\n|turn|19\n|\n|t:|1698805078\n|move|p2a: Koraidon|Scale Shot|p1a: Calyrex|[miss]\n|-miss|p2a: Koraidon|p1a: Calyrex\n|move|p1a: Calyrex|Draining Kiss|p2a: Koraidon\n|-supereffective|p2a: Koraidon\n|-crit|p2a: Koraidon\n|-damage|p2a: Koraidon|0 fnt\n|faint|p2a: Koraidon\n|-ability|p1a: Calyrex|Grim Neigh|boost\n|-boost|p1a: Calyrex|spa|1\n|\n|-weather|SunnyDay|[upkeep]\n|upkeep\n|\n|t:|1698805093\n|switch|p2a: Miraidon|Miraidon|100\/100\n|-fieldstart|move: Electric Terrain|[from] ability: Hadron Engine|[of] p2a: Miraidon\n|turn|20\n|\n|t:|1698805112\n|-terastallize|p2a: Miraidon|Electric\n|move|p2a: Miraidon|Electro Drift|p1a: Calyrex\n|-damage|p1a: Calyrex|0 fnt\n|faint|p1a: Calyrex\n|\n|-weather|SunnyDay|[upkeep]\n|upkeep\n|\n|t:|1698805117\n|switch|p1a: Urshifu|Urshifu-Rapid-Strike, M|100\/100\n|turn|21\n|\n|t:|1698805128\n|move|p2a: Miraidon|Electro Drift|p1a: Urshifu\n|-supereffective|p1a: Urshifu\n|-crit|p1a: Urshifu\n|-damage|p1a: Urshifu|0 fnt\n|faint|p1a: Urshifu\n|\n|-weather|SunnyDay|[upkeep]\n|upkeep\n|\n|t:|1698805129\n|switch|p1a: Koraidon|Koraidon|100\/100\n|-activate|p1a: Koraidon|ability: Orichalcum Pulse\n|turn|22\n|\n|t:|1698805134\n|move|p2a: Miraidon|Electro Drift|p1a: Koraidon\n|-resisted|p1a: Koraidon\n|-damage|p1a: Koraidon|36\/100\n|move|p1a: Koraidon|Scale Shot|p2a: Miraidon|[miss]\n|-miss|p1a: Koraidon|p2a: Miraidon\n|\n|-weather|none\n|upkeep\n|turn|23\n|\n|t:|1698805143\n|move|p2a: Miraidon|Electro Drift|p1a: Koraidon\n|-resisted|p1a: Koraidon\n|-damage|p1a: Koraidon|0 fnt\n|faint|p1a: Koraidon\n|\n|win|Hesley Rokemon\n|raw|YoungCoconut19's rating: 1257 &rarr; <strong>1242<\/strong><br \/>(-15 for losing)\n|raw|Hesley Rokemon's rating: 1400 &rarr; <strong>1412<\/strong><br \/>(+12 for winning)\n|l|\u2606YoungCoconut19\n","uploadtime":1698805155,"views":15,"p1id":"youngcoconut19","p2id":"hesleyrokemon","formatid":"gen9anythinggoes","rating":1242,"private":0,"password":""}