{"id":"gen9anythinggoes-1976315241","p1":"archhunt","p2":"AuXanthus","format":"[Gen 9] Anything Goes","log":"|j|\u2606archhunt\n|j|\u2606AuXanthus\n|t:|1698285647\n|gametype|singles\n|player|p1|archhunt|lusamine-nihilego|\n|player|p2|AuXanthus|plasmagrunt-gen5bw|\n|teamsize|p1|6\n|teamsize|p2|6\n|gen|9\n|tier|[Gen 9] Anything Goes\n|rule|HP Percentage Mod: HP is shown in percentages\n|rule|Endless Battle Clause: Forcing endless battles is banned\n|clearpoke\n|poke|p1|Clefable, F|\n|poke|p1|Roaring Moon|\n|poke|p1|Tornadus-Therian, M|\n|poke|p1|Gholdengo|\n|poke|p1|Sneasel-Hisui, M|\n|poke|p1|Piloswine, M|\n|poke|p2|Dragalge, F|\n|poke|p2|Ursaluna-Bloodmoon, M|\n|poke|p2|Vikavolt, M|\n|poke|p2|Heatran, F|\n|poke|p2|Rillaboom, F|\n|poke|p2|Zapdos-Galar|\n|teampreview\n|c|\u2606AuXanthus|we are likely not going to have many hop in\n|c|\u2606AuXanthus|but let's give em a couple just in case\n|c|\u2606archhunt|fair\n|j| Arbucks\n|c|\u2606AuXanthus|ok i'll select my starter\n|\n|t:|1698285843\n|start\n|switch|p1a: Green Goblin|Tornadus-Therian, M, shiny|100\/100\n|switch|p2a: pete|Heatran, F|100\/100\n|-item|p2a: pete|Air Balloon\n|turn|1\n|\n|t:|1698285975\n|switch|p2a: richard|Dragalge, F|100\/100\n|move|p1a: Green Goblin|U-turn|p2a: richard\n|-resisted|p2a: richard\n|-damage|p2a: richard|92\/100\n|\n|t:|1698285992\n|switch|p1a: King Pin|Piloswine, M, shiny|100\/100|[from] U-turn\n|\n|-heal|p2a: richard|98\/100|[from] item: Leftovers\n|upkeep\n|turn|2\n|\n|t:|1698286016\n|switch|p2a: jack|Vikavolt, M|100\/100\n|move|p1a: King Pin|Ice Shard|p2a: jack\n|-damage|p2a: jack|79\/100\n|\n|upkeep\n|turn|3\n|\n|t:|1698286095\n|switch|p1a: Carnage|Clefable, F|100\/100\n|move|p2a: jack|Sticky Web|p1a: Carnage\n|-sidestart|p1: archhunt|move: Sticky Web\n|\n|upkeep\n|turn|4\n|\n|t:|1698286117\n|move|p1a: Carnage|Stealth Rock|p2a: jack\n|-sidestart|p2: AuXanthus|move: Stealth Rock\n|move|p2a: jack|Volt Switch|p1a: Carnage\n|-damage|p1a: Carnage|59\/100\n|\n|t:|1698286132\n|switch|p2a: richard|Dragalge, F|98\/100|[from] Volt Switch\n|-damage|p2a: richard|86\/100|[from] Stealth Rock\n|\n|-heal|p1a: Carnage|65\/100|[from] item: Leftovers\n|-heal|p2a: richard|92\/100|[from] item: Leftovers\n|upkeep\n|turn|5\n|\n|t:|1698286195\n|switch|p1a: Green Goblin|Tornadus-Therian, M, shiny|100\/100\n|switch|p2a: pete|Heatran, F|100\/100\n|-damage|p2a: pete|88\/100|[from] Stealth Rock\n|-item|p2a: pete|Air Balloon\n|\n|upkeep\n|turn|6\n|\n|t:|1698286261\n|move|p1a: Green Goblin|Knock Off|p2a: pete\n|-damage|p2a: pete|71\/100\n|-enditem|p2a: pete|Air Balloon\n|move|p2a: pete|Stealth Rock|p1a: Green Goblin\n|-sidestart|p1: archhunt|move: Stealth Rock\n|\n|upkeep\n|turn|7\n|\n|t:|1698286268\n|move|p1a: Green Goblin|Knock Off|p2a: pete\n|-damage|p2a: pete|58\/100\n|move|p2a: pete|Magma Storm|p1a: Green Goblin\n|-damage|p1a: Green Goblin|30\/100\n|-activate|p1a: Green Goblin|move: Magma Storm|[of] p2a: pete\n|\n|-damage|p1a: Green Goblin|18\/100|[from] move: Magma Storm|[partiallytrapped]\n|upkeep\n|turn|8\n|c|\u2606AuXanthus|muahahaha\n|\n|t:|1698286313\n|move|p1a: Green Goblin|Knock Off|p2a: pete\n|-damage|p2a: pete|47\/100\n|move|p2a: pete|Magma Storm|p1a: Green Goblin|[miss]\n|-miss|p2a: pete|p1a: Green Goblin\n|\n|-damage|p1a: Green Goblin|6\/100|[from] move: Magma Storm|[partiallytrapped]\n|upkeep\n|turn|9\n|\n|t:|1698286322\n|move|p1a: Green Goblin|Knock Off|p2a: pete\n|-damage|p2a: pete|35\/100\n|move|p2a: pete|Magma Storm|p1a: Green Goblin\n|-damage|p1a: Green Goblin|0 fnt\n|faint|p1a: Green Goblin\n|\n|upkeep\n|\n|t:|1698286344\n|switch|p1a: Doc Oct|Gholdengo|100\/100\n|turn|10\n|c|\u2606AuXanthus|Wait, pete(r parker) killed the green goblin that's crazy\n|c|\u2606archhunt|peter is teh real vilan\n|c|\u2606archhunt|i swear\n|\n|t:|1698286374\n|move|p1a: Doc Oct|Shadow Ball|p2a: pete\n|-damage|p2a: pete|0 fnt\n|faint|p2a: pete\n|\n|upkeep\n|c|\u2606AuXanthus|so true\n|\n|t:|1698286385\n|switch|p2a: carl|Ursaluna-Bloodmoon, M|100\/100\n|-damage|p2a: carl|94\/100|[from] Stealth Rock\n|turn|11\n|\n|t:|1698286402\n|move|p1a: Doc Oct|Make It Rain|p2a: carl\n|-damage|p2a: carl|19\/100\n|-unboost|p1a: Doc Oct|spa|1\n|move|p2a: carl|Calm Mind|p2a: carl\n|-boost|p2a: carl|spa|1\n|-boost|p2a: carl|spd|1\n|\n|-heal|p2a: carl|25\/100|[from] item: Leftovers\n|upkeep\n|turn|12\n|\n|t:|1698286417\n|move|p1a: Doc Oct|Make It Rain|p2a: carl\n|-damage|p2a: carl|0 fnt\n|-unboost|p1a: Doc Oct|spa|1\n|faint|p2a: carl\n|\n|upkeep\n|\n|t:|1698286429\n|switch|p2a: jake|Rillaboom, F|100\/100\n|-damage|p2a: jake|88\/100|[from] Stealth Rock\n|-fieldstart|move: Grassy Terrain|[from] ability: Grassy Surge|[of] p2a: jake\n|turn|13\n|\n|t:|1698286476\n|switch|p1a: Carnage|Clefable, F|65\/100\n|-activate|p1a: Carnage|move: Sticky Web\n|-unboost|p1a: Carnage|spe|1\n|move|p2a: jake|Knock Off|p1a: Carnage\n|-resisted|p1a: Carnage\n|-damage|p1a: Carnage|45\/100\n|-enditem|p1a: Carnage|Leftovers|[from] move: Knock Off|[of] p2a: jake\n|\n|-heal|p2a: jake|94\/100|[from] Grassy Terrain\n|-heal|p1a: Carnage|52\/100|[from] Grassy Terrain\n|upkeep\n|turn|14\n|\n|t:|1698286510\n|switch|p2a: richard|Dragalge, F|92\/100\n|-damage|p2a: richard|80\/100|[from] Stealth Rock\n|move|p1a: Carnage|Knock Off|p2a: richard\n|-damage|p2a: richard|64\/100\n|-enditem|p2a: richard|Leftovers|[from] move: Knock Off|[of] p1a: Carnage\n|\n|-heal|p2a: richard|70\/100|[from] Grassy Terrain\n|-heal|p1a: Carnage|58\/100|[from] Grassy Terrain\n|upkeep\n|turn|15\n|\n|t:|1698286568\n|switch|p2a: jack|Vikavolt, M|79\/100\n|switch|p1a: King Pin|Piloswine, M, shiny|100\/100\n|-activate|p1a: King Pin|move: Sticky Web\n|-unboost|p1a: King Pin|spe|1\n|-damage|p1a: King Pin|88\/100|[from] Stealth Rock\n|\n|-heal|p1a: King Pin|94\/100|[from] Grassy Terrain\n|upkeep\n|turn|16\n|\n|t:|1698286582\n|move|p1a: King Pin|Ice Shard|p2a: jack\n|-damage|p2a: jack|57\/100\n|move|p2a: jack|Energy Ball|p1a: King Pin\n|-supereffective|p1a: King Pin\n|-damage|p1a: King Pin|29\/100\n|\n|-heal|p1a: King Pin|35\/100|[from] Grassy Terrain\n|upkeep\n|turn|17\n|\n|t:|1698286623\n|switch|p1a: Doc Oct|Gholdengo|100\/100\n|move|p2a: jack|Energy Ball|p1a: Doc Oct\n|-resisted|p1a: Doc Oct\n|-damage|p1a: Doc Oct|78\/100\n|\n|-heal|p1a: Doc Oct|84\/100|[from] Grassy Terrain\n|-fieldend|move: Grassy Terrain\n|upkeep\n|turn|18\n|\n|t:|1698286632\n|move|p1a: Doc Oct|Nasty Plot|p1a: Doc Oct\n|-boost|p1a: Doc Oct|spa|2\n|move|p2a: jack|Volt Switch|p1a: Doc Oct\n|-crit|p1a: Doc Oct\n|-damage|p1a: Doc Oct|13\/100\n|\n|t:|1698286640\n|switch|p2a: jake|Rillaboom, F|94\/100|[from] Volt Switch\n|-damage|p2a: jake|82\/100|[from] Stealth Rock\n|-fieldstart|move: Grassy Terrain|[from] ability: Grassy Surge|[of] p2a: jake\n|\n|-heal|p2a: jake|88\/100|[from] Grassy Terrain\n|-heal|p1a: Doc Oct|19\/100|[from] Grassy Terrain\n|upkeep\n|turn|19\n|\n|t:|1698286676\n|move|p2a: jake|Grassy Glide|p1a: Doc Oct\n|-resisted|p1a: Doc Oct\n|-damage|p1a: Doc Oct|0 fnt\n|faint|p1a: Doc Oct\n|\n|-heal|p2a: jake|94\/100|[from] Grassy Terrain\n|upkeep\n|\n|t:|1698286701\n|switch|p1a: King Pin|Piloswine, M, shiny|35\/100\n|-activate|p1a: King Pin|move: Sticky Web\n|-unboost|p1a: King Pin|spe|1\n|-damage|p1a: King Pin|23\/100|[from] Stealth Rock\n|turn|20\n|\n|t:|1698286707\n|move|p2a: jake|Grassy Glide|p1a: King Pin\n|-supereffective|p1a: King Pin\n|-damage|p1a: King Pin|0 fnt\n|faint|p1a: King Pin\n|\n|-heal|p2a: jake|100\/100|[from] Grassy Terrain\n|upkeep\n|\n|t:|1698286715\n|switch|p1a: Shocker|Sneasel-Hisui, M, shiny|100\/100\n|-activate|p1a: Shocker|move: Sticky Web\n|-unboost|p1a: Shocker|spe|1\n|-damage|p1a: Shocker|95\/100|[from] Stealth Rock\n|turn|21\n|\n|t:|1698286764\n|switch|p2a: tim|Zapdos-Galar|100\/100\n|-damage|p2a: tim|88\/100|[from] Stealth Rock\n|move|p1a: Shocker|Trailblaze|p2a: tim\n|-resisted|p2a: tim\n|-damage|p2a: tim|77\/100\n|-boost|p1a: Shocker|spe|1\n|\n|-heal|p1a: Shocker|100\/100|[from] Grassy Terrain\n|upkeep\n|turn|22\n|\n|t:|1698286831\n|-terastallize|p1a: Shocker|Fighting\n|move|p1a: Shocker|Close Combat|p2a: tim\n|-resisted|p2a: tim\n|-damage|p2a: tim|38\/100\n|-unboost|p1a: Shocker|def|1\n|-unboost|p1a: Shocker|spd|1\n|move|p2a: tim|Brave Bird|p1a: Shocker\n|-supereffective|p1a: Shocker\n|-damage|p1a: Shocker|0 fnt\n|faint|p1a: Shocker\n|-damage|p2a: tim|12\/100|[from] Recoil\n|\n|-fieldend|move: Grassy Terrain\n|upkeep\n|\n|t:|1698286864\n|switch|p1a: Carnage|Clefable, F|58\/100\n|-activate|p1a: Carnage|move: Sticky Web\n|-unboost|p1a: Carnage|spe|1\n|turn|23\n|\n|t:|1698286870\n|move|p2a: tim|Brave Bird|p1a: Carnage\n|-damage|p1a: Carnage|0 fnt\n|faint|p1a: Carnage\n|-damage|p2a: tim|0 fnt|[from] Recoil\n|faint|p2a: tim\n|\n|upkeep\n|\n|t:|1698286886\n|switch|p2a: jack|Vikavolt, M|57\/100\n|switch|p1a: Vulture|Roaring Moon|100\/100\n|-activate|p1a: Vulture|move: Sticky Web\n|-unboost|p1a: Vulture|spe|1\n|-damage|p1a: Vulture|88\/100|[from] Stealth Rock\n|turn|24\n|\n|t:|1698286900\n|move|p1a: Vulture|Outrage|p2a: jack\n|-damage|p2a: jack|0 fnt\n|faint|p2a: jack\n|\n|upkeep\n|\n|t:|1698286925\n|switch|p2a: jake|Rillaboom, F|100\/100\n|-damage|p2a: jake|88\/100|[from] Stealth Rock\n|-fieldstart|move: Grassy Terrain|[from] ability: Grassy Surge|[of] p2a: jake\n|turn|25\n|\n|t:|1698286930\n|move|p2a: jake|U-turn|p1a: Vulture\n|-supereffective|p1a: Vulture\n|-damage|p1a: Vulture|0 fnt\n|faint|p1a: Vulture\n|-end|p1a: Vulture|Protosynthesis|[silent]\n|\n|win|AuXanthus\n|c|\u2606archhunt|ggs\n|c|\u2606AuXanthus|gg!\n","uploadtime":1698286939,"views":15,"p1id":"archhunt","p2id":"auxanthus","formatid":"gen9anythinggoes","rating":0,"private":0,"password":""}