{"id":"gen9anythinggoes-1981900411","p1":"josema_09","p2":"pepe1313","format":"[Gen 9] Anything Goes","log":"|j|\u2606josema_09\n|j|\u2606pepe1313\n|t:|1698950185\n|gametype|singles\n|player|p1|josema_09|waiter-gen4|\n|player|p2|pepe1313|giovanni|\n|teamsize|p1|6\n|teamsize|p2|6\n|gen|9\n|tier|[Gen 9] Anything Goes\n|rule|HP Percentage Mod: HP is shown in percentages\n|rule|Endless Battle Clause: Forcing endless battles is banned\n|clearpoke\n|poke|p1|Grimmsnarl, M|\n|poke|p1|Corviknight, F|\n|poke|p1|Toxapex, M|\n|poke|p1|Ursaluna-Bloodmoon, M|\n|poke|p1|Volcarona, F|\n|poke|p1|Roaring Moon|\n|poke|p2|Iron Bundle|\n|poke|p2|Chi-Yu|\n|poke|p2|Kommo-o, F|\n|poke|p2|Murkrow, M|\n|poke|p2|Lokix, F|\n|poke|p2|Masquerain, M|\n|teampreview\n|c|\u2606pepe1313|Masquerain Tera Volador\n|c|\u2606pepe1313|tu llevas tera?\n|c|\u2606josema_09|no\n|c|\u2606pepe1313|vale\n|\n|t:|1698950213\n|start\n|switch|p1a: Grimmsnarl|Grimmsnarl, M|100\/100\n|switch|p2a: Masquerain|Masquerain, M, shiny|100\/100\n|-ability|p2a: Masquerain|Intimidate|boost\n|-unboost|p1a: Grimmsnarl|atk|1\n|turn|1\n|c|\u2606josema_09|pero el tera no hace falta avisarlo no?\n|\n|t:|1698950228\n|move|p1a: Grimmsnarl|Light Screen|p1a: Grimmsnarl\n|-sidestart|p1: josema_09|move: Light Screen\n|move|p2a: Masquerain|Sticky Web|p1a: Grimmsnarl\n|-sidestart|p1: josema_09|move: Sticky Web\n|\n|upkeep\n|turn|2\n|\n|t:|1698950233\n|move|p1a: Grimmsnarl|Reflect|p1a: Grimmsnarl\n|-sidestart|p1: josema_09|Reflect\n|move|p2a: Masquerain|Quiver Dance|p2a: Masquerain\n|-boost|p2a: Masquerain|spa|1\n|-boost|p2a: Masquerain|spd|1\n|-boost|p2a: Masquerain|spe|1\n|\n|upkeep\n|turn|3\n|\n|t:|1698950249\n|-terastallize|p2a: Masquerain|Flying\n|move|p1a: Grimmsnarl|Parting Shot|p2a: Masquerain\n|-unboost|p2a: Masquerain|atk|1\n|-unboost|p2a: Masquerain|spa|1\n|\n|t:|1698950254\n|switch|p1a: Corviknight|Corviknight, F|100\/100|[from] Parting Shot\n|-ability|p1a: Corviknight|Pressure\n|move|p2a: Masquerain|Quiver Dance|p2a: Masquerain\n|-boost|p2a: Masquerain|spa|1\n|-boost|p2a: Masquerain|spd|1\n|-boost|p2a: Masquerain|spe|1\n|\n|upkeep\n|turn|4\n|\n|t:|1698950269\n|move|p2a: Masquerain|Quiver Dance|p2a: Masquerain\n|-boost|p2a: Masquerain|spa|1\n|-boost|p2a: Masquerain|spd|1\n|-boost|p2a: Masquerain|spe|1\n|move|p1a: Corviknight|Brave Bird|p2a: Masquerain\n|-damage|p2a: Masquerain|34\/100\n|-damage|p1a: Corviknight|85\/100|[from] Recoil\n|\n|-heal|p1a: Corviknight|91\/100|[from] item: Leftovers\n|upkeep\n|turn|5\n|\n|t:|1698950277\n|move|p2a: Masquerain|Air Slash|p1a: Corviknight\n|-resisted|p1a: Corviknight\n|-damage|p1a: Corviknight|66\/100\n|move|p1a: Corviknight|Brave Bird|p2a: Masquerain\n|-damage|p2a: Masquerain|0 fnt\n|faint|p2a: Masquerain\n|-damage|p1a: Corviknight|59\/100|[from] Recoil\n|\n|-heal|p1a: Corviknight|65\/100|[from] item: Leftovers\n|upkeep\n|\n|t:|1698950294\n|switch|p2a: Chi-Yu|Chi-Yu|100\/100\n|-ability|p2a: Chi-Yu|Beads of Ruin\n|turn|6\n|\n|t:|1698950301\n|switch|p1a: Toxapex|Toxapex, M|100\/100\n|-activate|p1a: Toxapex|move: Sticky Web\n|-unboost|p1a: Toxapex|spe|1\n|move|p2a: Chi-Yu|Flame Charge|p1a: Toxapex\n|-resisted|p1a: Toxapex\n|-damage|p1a: Toxapex|98\/100\n|-boost|p2a: Chi-Yu|spe|1\n|\n|-heal|p1a: Toxapex|100\/100|[from] item: Black Sludge\n|upkeep\n|turn|7\n|\n|t:|1698950314\n|move|p2a: Chi-Yu|Nasty Plot|p2a: Chi-Yu\n|-boost|p2a: Chi-Yu|spa|2\n|move|p1a: Toxapex|Toxic|p2a: Chi-Yu\n|-status|p2a: Chi-Yu|tox\n|\n|-damage|p2a: Chi-Yu|95\/100 tox|[from] psn\n|upkeep\n|turn|8\n|\n|t:|1698950320\n|move|p2a: Chi-Yu|Dark Pulse|p1a: Toxapex\n|-damage|p1a: Toxapex|61\/100\n|move|p1a: Toxapex|Haze|p1a: Toxapex\n|-clearallboost\n|\n|-heal|p1a: Toxapex|67\/100|[from] item: Black Sludge\n|-damage|p2a: Chi-Yu|83\/100 tox|[from] psn\n|-sideend|p1: josema_09|move: Light Screen\n|upkeep\n|turn|9\n|\n|t:|1698950336\n|move|p2a: Chi-Yu|Nasty Plot|p2a: Chi-Yu\n|-boost|p2a: Chi-Yu|spa|2\n|move|p1a: Toxapex|Recover|p1a: Toxapex\n|-heal|p1a: Toxapex|100\/100\n|\n|-damage|p2a: Chi-Yu|65\/100 tox|[from] psn\n|-sideend|p1: josema_09|Reflect\n|upkeep\n|turn|10\n|\n|t:|1698950341\n|move|p2a: Chi-Yu|Dark Pulse|p1a: Toxapex\n|-damage|p1a: Toxapex|25\/100\n|move|p1a: Toxapex|Haze|p1a: Toxapex\n|-clearallboost\n|\n|-heal|p1a: Toxapex|31\/100|[from] item: Black Sludge\n|-damage|p2a: Chi-Yu|41\/100 tox|[from] psn\n|upkeep\n|turn|11\n|\n|t:|1698950346\n|switch|p1a: Grimmsnarl|Grimmsnarl, M|100\/100\n|-activate|p1a: Grimmsnarl|move: Sticky Web\n|-unboost|p1a: Grimmsnarl|spe|1\n|move|p2a: Chi-Yu|Dark Pulse|p1a: Grimmsnarl\n|-resisted|p1a: Grimmsnarl\n|-damage|p1a: Grimmsnarl|89\/100\n|\n|-damage|p2a: Chi-Yu|11\/100 tox|[from] psn\n|upkeep\n|turn|12\n|\n|t:|1698950352\n|move|p1a: Grimmsnarl|Light Screen|p1a: Grimmsnarl\n|-sidestart|p1: josema_09|move: Light Screen\n|move|p2a: Chi-Yu|Overheat|p1a: Grimmsnarl\n|-damage|p1a: Grimmsnarl|50\/100\n|-unboost|p2a: Chi-Yu|spa|2\n|\n|-damage|p2a: Chi-Yu|0 fnt|[from] psn\n|faint|p2a: Chi-Yu\n|upkeep\n|\n|t:|1698950377\n|switch|p2a: Lokix|Lokix, F|100\/100\n|turn|13\n|\n|t:|1698950385\n|switch|p1a: Corviknight|Corviknight, F|65\/100\n|-ability|p1a: Corviknight|Pressure\n|move|p2a: Lokix|U-turn|p1a: Corviknight\n|-resisted|p1a: Corviknight\n|-damage|p1a: Corviknight|49\/100\n|\n|t:|1698950394\n|switch|p2a: Kommo-o|Kommo-o, F, shiny|100\/100|[from] U-turn\n|\n|-heal|p1a: Corviknight|56\/100|[from] item: Leftovers\n|upkeep\n|turn|14\n|\n|t:|1698950407\n|move|p2a: Kommo-o|Clangorous Soul|p2a: Kommo-o\n|-boost|p2a: Kommo-o|atk|1\n|-boost|p2a: Kommo-o|def|1\n|-boost|p2a: Kommo-o|spa|1\n|-boost|p2a: Kommo-o|spd|1\n|-boost|p2a: Kommo-o|spe|1\n|-damage|p2a: Kommo-o|68\/100\n|-enditem|p2a: Kommo-o|Throat Spray\n|-boost|p2a: Kommo-o|spa|1|[from] item: Throat Spray\n|move|p1a: Corviknight|Brave Bird|p2a: Kommo-o\n|-supereffective|p2a: Kommo-o\n|-damage|p2a: Kommo-o|13\/100\n|-damage|p1a: Corviknight|43\/100|[from] Recoil\n|\n|-heal|p1a: Corviknight|49\/100|[from] item: Leftovers\n|upkeep\n|turn|15\n|\n|t:|1698950426\n|move|p2a: Kommo-o|Drain Punch|p1a: Corviknight\n|-damage|p1a: Corviknight|20\/100\n|-heal|p2a: Kommo-o|33\/100|[from] drain|[of] p1a: Corviknight\n|move|p1a: Corviknight|Brave Bird|p2a: Kommo-o\n|-supereffective|p2a: Kommo-o\n|-damage|p2a: Kommo-o|0 fnt\n|faint|p2a: Kommo-o\n|-damage|p1a: Corviknight|13\/100|[from] Recoil\n|\n|-heal|p1a: Corviknight|19\/100|[from] item: Leftovers\n|upkeep\n|\n|t:|1698950432\n|switch|p2a: Iron Bundle|Iron Bundle, shiny|100\/100\n|-enditem|p2a: Iron Bundle|Booster Energy\n|-activate|p2a: Iron Bundle|ability: Quark Drive|[fromitem]\n|-start|p2a: Iron Bundle|quarkdrivespa\n|turn|16\n|\n|t:|1698950446\n|switch|p1a: Toxapex|Toxapex, M|65\/100\n|-activate|p1a: Toxapex|move: Sticky Web\n|-unboost|p1a: Toxapex|spe|1\n|move|p2a: Iron Bundle|Ice Beam|p1a: Toxapex\n|-resisted|p1a: Toxapex\n|-damage|p1a: Toxapex|54\/100\n|\n|-heal|p1a: Toxapex|61\/100|[from] item: Black Sludge\n|upkeep\n|turn|17\n|\n|t:|1698950457\n|move|p2a: Iron Bundle|Freeze-Dry|p1a: Toxapex\n|-supereffective|p1a: Toxapex\n|-damage|p1a: Toxapex|30\/100\n|move|p1a: Toxapex|Toxic|p2a: Iron Bundle\n|-status|p2a: Iron Bundle|tox\n|\n|-heal|p1a: Toxapex|36\/100|[from] item: Black Sludge\n|-damage|p2a: Iron Bundle|95\/100 tox|[from] psn\n|upkeep\n|turn|18\n|\n|t:|1698950462\n|move|p2a: Iron Bundle|Encore|p1a: Toxapex\n|-start|p1a: Toxapex|Encore\n|move|p1a: Toxapex|Toxic|p2a: Iron Bundle\n|-fail|p2a: Iron Bundle|tox\n|\n|-heal|p1a: Toxapex|42\/100|[from] item: Black Sludge\n|-damage|p2a: Iron Bundle|83\/100 tox|[from] psn\n|upkeep\n|turn|19\n|\n|t:|1698950484\n|switch|p1a: Corviknight|Corviknight, F|19\/100\n|-ability|p1a: Corviknight|Pressure\n|move|p2a: Iron Bundle|Hydro Pump|p1a: Corviknight\n|-damage|p1a: Corviknight|0 fnt\n|faint|p1a: Corviknight\n|\n|-damage|p2a: Iron Bundle|65\/100 tox|[from] psn\n|-sideend|p1: josema_09|move: Light Screen\n|upkeep\n|\n|t:|1698950493\n|switch|p1a: Grimmsnarl|Grimmsnarl, M|50\/100\n|-activate|p1a: Grimmsnarl|move: Sticky Web\n|-unboost|p1a: Grimmsnarl|spe|1\n|turn|20\n|\n|t:|1698950498\n|move|p1a: Grimmsnarl|Light Screen|p1a: Grimmsnarl\n|-sidestart|p1: josema_09|move: Light Screen\n|move|p2a: Iron Bundle|Hydro Pump|p1a: Grimmsnarl\n|-damage|p1a: Grimmsnarl|16\/100\n|\n|-damage|p2a: Iron Bundle|41\/100 tox|[from] psn\n|upkeep\n|turn|21\n|\n|t:|1698950514\n|move|p2a: Iron Bundle|Ice Beam|p1a: Grimmsnarl\n|-damage|p1a: Grimmsnarl|0 fnt\n|faint|p1a: Grimmsnarl\n|\n|-damage|p2a: Iron Bundle|12\/100 tox|[from] psn\n|upkeep\n|\n|t:|1698950527\n|switch|p1a: Volcarona|Volcarona, F|100\/100\n|-activate|p1a: Volcarona|move: Sticky Web\n|-unboost|p1a: Volcarona|spe|1\n|turn|22\n|\n|t:|1698950532\n|switch|p1a: Toxapex|Toxapex, M|75\/100\n|-activate|p1a: Toxapex|move: Sticky Web\n|-unboost|p1a: Toxapex|spe|1\n|move|p2a: Iron Bundle|Hydro Pump|p1a: Toxapex\n|-resisted|p1a: Toxapex\n|-damage|p1a: Toxapex|62\/100\n|\n|-heal|p1a: Toxapex|69\/100|[from] item: Black Sludge\n|-damage|p2a: Iron Bundle|0 fnt|[from] psn\n|faint|p2a: Iron Bundle\n|-end|p2a: Iron Bundle|Quark Drive|[silent]\n|upkeep\n|\n|t:|1698950538\n|switch|p2a: Murkrow|Murkrow, M|100\/100\n|turn|23\n|\n|t:|1698950547\n|move|p2a: Murkrow|Thunder Wave|p1a: Toxapex\n|-status|p1a: Toxapex|par\n|cant|p1a: Toxapex|par\n|\n|-heal|p1a: Toxapex|75\/100 par|[from] item: Black Sludge\n|upkeep\n|turn|24\n|\n|t:|1698950551\n|move|p2a: Murkrow|Tailwind|p2a: Murkrow\n|-sidestart|p2: pepe1313|move: Tailwind\n|cant|p1a: Toxapex|par\n|\n|-heal|p1a: Toxapex|81\/100 par|[from] item: Black Sludge\n|upkeep\n|turn|25\n|\n|t:|1698950556\n|switch|p2a: Lokix|Lokix, F|100\/100\n|cant|p1a: Toxapex|par\n|\n|-heal|p1a: Toxapex|87\/100 par|[from] item: Black Sludge\n|upkeep\n|turn|26\n|\n|t:|1698950564\n|move|p2a: Lokix|Lunge|p1a: Toxapex\n|-resisted|p1a: Toxapex\n|-damage|p1a: Toxapex|40\/100 par\n|-unboost|p1a: Toxapex|atk|1\n|move|p1a: Toxapex|Toxic|p2a: Lokix\n|-status|p2a: Lokix|tox\n|\n|-heal|p1a: Toxapex|46\/100 par|[from] item: Black Sludge\n|-damage|p2a: Lokix|94\/100 tox|[from] psn\n|upkeep\n|turn|27\n|\n|t:|1698950599\n|switch|p1a: Ursaluna|Ursaluna-Bloodmoon, M|100\/100\n|-activate|p1a: Ursaluna|move: Sticky Web\n|-unboost|p1a: Ursaluna|spe|1\n|move|p2a: Lokix|Lunge|p1a: Ursaluna\n|-damage|p1a: Ursaluna|58\/100\n|-unboost|p1a: Ursaluna|atk|1\n|\n|-damage|p2a: Lokix|82\/100 tox|[from] psn\n|-sideend|p1: josema_09|move: Light Screen\n|-sideend|p2: pepe1313|move: Tailwind\n|upkeep\n|turn|28\n|\n|t:|1698950605\n|switch|p2a: Murkrow|Murkrow, M|100\/100\n|move|p1a: Ursaluna|Blood Moon|p2a: Murkrow\n|-damage|p2a: Murkrow|0 fnt\n|faint|p2a: Murkrow\n|\n|upkeep\n|\n|t:|1698950609\n|switch|p2a: Lokix|Lokix, F|82\/100 tox\n|turn|29\n|\n|t:|1698950624\n|switch|p1a: Toxapex|Toxapex, M|79\/100 par\n|-activate|p1a: Toxapex|move: Sticky Web\n|-unboost|p1a: Toxapex|spe|1\n|move|p2a: Lokix|Lunge|p1a: Toxapex\n|-resisted|p1a: Toxapex\n|-damage|p1a: Toxapex|31\/100 par\n|-unboost|p1a: Toxapex|atk|1\n|\n|-heal|p1a: Toxapex|38\/100 par|[from] item: Black Sludge\n|-damage|p2a: Lokix|76\/100 tox|[from] psn\n|upkeep\n|turn|30\n|\n|t:|1698950644\n|switch|p1a: Ursaluna|Ursaluna-Bloodmoon, M|58\/100\n|-activate|p1a: Ursaluna|move: Sticky Web\n|-unboost|p1a: Ursaluna|spe|1\n|move|p2a: Lokix|Lunge|p1a: Ursaluna\n|-damage|p1a: Ursaluna|22\/100\n|-unboost|p1a: Ursaluna|atk|1\n|\n|-damage|p2a: Lokix|64\/100 tox|[from] psn\n|upkeep\n|turn|31\n|\n|t:|1698950654\n|move|p2a: Lokix|Lunge|p1a: Ursaluna\n|-damage|p1a: Ursaluna|0 fnt\n|faint|p1a: Ursaluna\n|\n|-damage|p2a: Lokix|46\/100 tox|[from] psn\n|upkeep\n|\n|t:|1698950656\n|switch|p1a: Toxapex|Toxapex, M|71\/100 par\n|-activate|p1a: Toxapex|move: Sticky Web\n|-unboost|p1a: Toxapex|spe|1\n|turn|32\n|\n|t:|1698950659\n|move|p2a: Lokix|Lunge|p1a: Toxapex\n|-resisted|p1a: Toxapex\n|-damage|p1a: Toxapex|25\/100 par\n|-unboost|p1a: Toxapex|atk|1\n|move|p1a: Toxapex|Recover|p1a: Toxapex\n|-heal|p1a: Toxapex|75\/100 par\n|\n|-heal|p1a: Toxapex|82\/100 par|[from] item: Black Sludge\n|-damage|p2a: Lokix|22\/100 tox|[from] psn\n|upkeep\n|turn|33\n|\n|t:|1698950663\n|move|p2a: Lokix|Lunge|p1a: Toxapex\n|-resisted|p1a: Toxapex\n|-damage|p1a: Toxapex|38\/100 par\n|-unboost|p1a: Toxapex|atk|1\n|cant|p1a: Toxapex|par\n|\n|-heal|p1a: Toxapex|45\/100 par|[from] item: Black Sludge\n|-damage|p2a: Lokix|0 fnt|[from] psn\n|faint|p2a: Lokix\n|\n|win|josema_09\n|upkeep\n|c|\u2606pepe1313|gg\n|c|\u2606josema_09|gg\n|l|\u2606pepe1313\n","uploadtime":1698950691,"views":56,"p1id":"josema09","p2id":"pepe1313","formatid":"gen9anythinggoes","rating":0,"private":0,"password":""}