{"id":"gen9anythinggoes-1994820488","p1":"Penter","p2":"M1keyyy","format":"[Gen 9] Anything Goes","log":"|j|\u2606Penter\n|j|\u203dM1keyyy\n|inactive|Battle timer is ON: inactive players will automatically lose when time's up.\n|t:|1700495841\n|gametype|singles\n|player|p1|Penter|n|\n|player|p2|M1keyyy|carmine-festival|\n|teamsize|p1|6\n|teamsize|p2|6\n|gen|9\n|tier|[Gen 9] Anything Goes\n|rated|Tournament battle\n|rule|HP Percentage Mod: HP is shown in percentages\n|rule|Endless Battle Clause: Forcing endless battles is banned\n|rule|Species Clause: Limit one of each Pok\u00e9mon\n|rule|OHKO Clause: OHKO moves are banned\n|rule|Evasion Moves Clause: Evasion moves are banned\n|rule|Sleep Moves Clause: Sleep-inducing moves are banned\n|rule|Re-Evolution Mod: Pok\u00e9mon gain the boosts they would gain from evolving again\n|clearpoke\n|poke|p1|Rillaboom, M|\n|poke|p1|Gliscor, F|\n|poke|p1|Ceruledge, F|\n|poke|p1|Toxapex, F|\n|poke|p1|Samurott-Hisui, M|\n|poke|p1|Gholdengo|\n|poke|p2|Grimmsnarl, M|\n|poke|p2|Iron Valiant|\n|poke|p2|Iron Moth|\n|poke|p2|Volcanion|\n|poke|p2|Ogerpon-Cornerstone, F|\n|poke|p2|Meloetta|\n|teampreview\n|j|*Lady Monita \u2746\n|inactive|Penter has 120 seconds left.\n|\n|t:|1700495885\n|start\n|switch|p1a: Rillaboom|Rillaboom, M|100\/100\n|switch|p2a: Grimmsnarl|Grimmsnarl, M|100\/100\n|-fieldstart|move: Grassy Terrain|[from] ability: Grassy Surge|[of] p1a: Rillaboom\n|turn|1\n|j| Bunnysai\n|\n|t:|1700495900\n|move|p1a: Rillaboom|Grassy Glide|p2a: Grimmsnarl\n|-damage|p2a: Grimmsnarl|34\/100\n|move|p2a: Grimmsnarl|Reflect|p2a: Grimmsnarl\n|-sidestart|p2: M1keyyy|Reflect\n|\n|-heal|p2a: Grimmsnarl|40\/100|[from] Grassy Terrain\n|upkeep\n|turn|2\n|c| Bunnysai|Just miss.\n|\n|t:|1700495912\n|move|p1a: Rillaboom|Grassy Glide|p2a: Grimmsnarl\n|-crit|p2a: Grimmsnarl\n|-damage|p2a: Grimmsnarl|0 fnt\n|faint|p2a: Grimmsnarl\n|\n|upkeep\n|\n|t:|1700495918\n|switch|p2a: Iron Moth|Iron Moth|100\/100\n|-enditem|p2a: Iron Moth|Booster Energy\n|-activate|p2a: Iron Moth|ability: Quark Drive|[fromitem]\n|-start|p2a: Iron Moth|quarkdrivespe\n|turn|3\n|\n|t:|1700495929\n|switch|p1a: Toxapex|Toxapex, F|100\/100\n|move|p2a: Iron Moth|Torch Song|p1a: Toxapex\n|-resisted|p1a: Toxapex\n|-damage|p1a: Toxapex|92\/100\n|-boost|p2a: Iron Moth|spa|1\n|\n|-heal|p1a: Toxapex|98\/100|[from] Grassy Terrain\n|-heal|p1a: Toxapex|100\/100|[from] item: Black Sludge\n|upkeep\n|turn|4\n|\n|t:|1700495935\n|move|p2a: Iron Moth|Torch Song|p1a: Toxapex\n|-resisted|p1a: Toxapex\n|-damage|p1a: Toxapex|86\/100\n|-boost|p2a: Iron Moth|spa|1\n|move|p1a: Toxapex|Clear Smog|p2a: Iron Moth\n|-resisted|p2a: Iron Moth\n|-damage|p2a: Iron Moth|96\/100\n|-clearboost|p2a: Iron Moth\n|\n|-heal|p2a: Iron Moth|100\/100|[from] Grassy Terrain\n|-heal|p1a: Toxapex|92\/100|[from] Grassy Terrain\n|-heal|p1a: Toxapex|98\/100|[from] item: Black Sludge\n|upkeep\n|turn|5\n|\n|t:|1700495942\n|move|p2a: Iron Moth|Torch Song|p1a: Toxapex\n|-resisted|p1a: Toxapex\n|-damage|p1a: Toxapex|88\/100\n|-boost|p2a: Iron Moth|spa|1\n|move|p1a: Toxapex|Clear Smog|p2a: Iron Moth\n|-resisted|p2a: Iron Moth\n|-damage|p2a: Iron Moth|95\/100\n|-clearboost|p2a: Iron Moth\n|\n|-heal|p2a: Iron Moth|100\/100|[from] Grassy Terrain\n|-heal|p1a: Toxapex|95\/100|[from] Grassy Terrain\n|-heal|p1a: Toxapex|100\/100|[from] item: Black Sludge\n|-fieldend|move: Grassy Terrain\n|upkeep\n|turn|6\n|\n|t:|1700495947\n|move|p2a: Iron Moth|Torch Song|p1a: Toxapex\n|-resisted|p1a: Toxapex\n|-damage|p1a: Toxapex|90\/100\n|-boost|p2a: Iron Moth|spa|1\n|move|p1a: Toxapex|Clear Smog|p2a: Iron Moth\n|-resisted|p2a: Iron Moth\n|-damage|p2a: Iron Moth|96\/100\n|-clearboost|p2a: Iron Moth\n|\n|-heal|p1a: Toxapex|97\/100|[from] item: Black Sludge\n|upkeep\n|turn|7\n|\n|t:|1700495952\n|move|p2a: Iron Moth|Discharge|p1a: Toxapex\n|-supereffective|p1a: Toxapex\n|-damage|p1a: Toxapex|70\/100\n|move|p1a: Toxapex|Clear Smog|p2a: Iron Moth\n|-resisted|p2a: Iron Moth\n|-damage|p2a: Iron Moth|90\/100\n|-clearboost|p2a: Iron Moth\n|\n|-heal|p1a: Toxapex|76\/100|[from] item: Black Sludge\n|upkeep\n|turn|8\n|\n|t:|1700495958\n|move|p2a: Iron Moth|Discharge|p1a: Toxapex\n|-supereffective|p1a: Toxapex\n|-damage|p1a: Toxapex|50\/100\n|move|p1a: Toxapex|Flip Turn|p2a: Iron Moth\n|-supereffective|p2a: Iron Moth\n|-damage|p2a: Iron Moth|63\/100\n|inactive|Penter has 120 seconds left.\n|\n|t:|1700496014\n|switch|p1a: Samurott|Samurott-Hisui, M|100\/100|[from] Flip Turn\n|\n|-sideend|p2: M1keyyy|Reflect\n|upkeep\n|turn|9\n|\n|t:|1700496022\n|move|p2a: Iron Moth|Torch Song|p1a: Samurott\n|-resisted|p1a: Samurott\n|-damage|p1a: Samurott|86\/100\n|-boost|p2a: Iron Moth|spa|1\n|move|p1a: Samurott|Flip Turn|p2a: Iron Moth\n|-supereffective|p2a: Iron Moth\n|-damage|p2a: Iron Moth|0 fnt\n|faint|p2a: Iron Moth\n|-end|p2a: Iron Moth|Quark Drive|[silent]\n|inactive|Penter has 90 seconds left.\n|\n|t:|1700496051\n|switch|p1a: Gliscor|Gliscor, F|100\/100|[from] Flip Turn\n|\n|-status|p1a: Gliscor|tox|[from] item: Toxic Orb\n|upkeep\n|\n|t:|1700496060\n|switch|p2a: Volcanion|Volcanion|100\/100\n|turn|10\n|inactive|Penter has 90 seconds left.\n|inactive|Penter has 60 seconds left.\n|\n|t:|1700496118\n|move|p1a: Gliscor|Toxic|p2a: Volcanion\n|-status|p2a: Volcanion|tox\n|move|p2a: Volcanion|Torch Song|p1a: Gliscor\n|-damage|p1a: Gliscor|57\/100 tox\n|-boost|p2a: Volcanion|spa|1\n|\n|-heal|p1a: Gliscor|69\/100 tox|[from] ability: Poison Heal\n|-damage|p2a: Volcanion|94\/100 tox|[from] psn\n|upkeep\n|turn|11\n|\n|t:|1700496125\n|switch|p1a: Toxapex|Toxapex, F|83\/100\n|move|p2a: Volcanion|Torch Song|p1a: Toxapex\n|-resisted|p1a: Toxapex\n|-damage|p1a: Toxapex|67\/100\n|-boost|p2a: Volcanion|spa|1\n|\n|-heal|p1a: Toxapex|73\/100|[from] item: Black Sludge\n|-damage|p2a: Volcanion|82\/100 tox|[from] psn\n|upkeep\n|turn|12\n|\n|t:|1700496129\n|-terastallize|p2a: Volcanion|Ground\n|move|p2a: Volcanion|Earth Power|p1a: Toxapex\n|-supereffective|p1a: Toxapex\n|-damage|p1a: Toxapex|0 fnt\n|faint|p1a: Toxapex\n|\n|-damage|p2a: Volcanion|63\/100 tox|[from] psn\n|upkeep\n|\n|t:|1700496135\n|switch|p1a: Rillaboom|Rillaboom, M|100\/100\n|-fieldstart|move: Grassy Terrain|[from] ability: Grassy Surge|[of] p1a: Rillaboom\n|turn|13\n|\n|t:|1700496141\n|move|p1a: Rillaboom|Grassy Glide|p2a: Volcanion\n|-supereffective|p2a: Volcanion\n|-crit|p2a: Volcanion\n|-damage|p2a: Volcanion|0 fnt\n|faint|p2a: Volcanion\n|\n|upkeep\n|\n|t:|1700496148\n|switch|p2a: Iron Valiant|Iron Valiant|100\/100\n|-enditem|p2a: Iron Valiant|Booster Energy\n|-activate|p2a: Iron Valiant|ability: Quark Drive|[fromitem]\n|-start|p2a: Iron Valiant|quarkdrivespe\n|turn|14\n|\n|t:|1700496162\n|move|p1a: Rillaboom|Grassy Glide|p2a: Iron Valiant\n|-damage|p2a: Iron Valiant|10\/100\n|move|p2a: Iron Valiant|Swords Dance|p2a: Iron Valiant\n|-boost|p2a: Iron Valiant|atk|2\n|\n|-heal|p2a: Iron Valiant|16\/100|[from] Grassy Terrain\n|upkeep\n|turn|15\n|-message|M1keyyy forfeited.\n|\n|win|Penter\n|n|\u2606Penter|penter\n|n|\u203dM1keyyy|m1keyyy\n|n|*Lady Monita \u2746|ladymonita\n|n| Bunnysai|bunnysai\n|l|*Lady Monita \u2746\n|l|\u2606Penter\n|l|\u203dM1keyyy\n|j| RUMYMOME\n","uploadtime":1700496798,"views":0,"p1id":"penter","p2id":"m1keyyy","formatid":"gen9anythinggoes","rating":0,"private":0,"password":""}