{"id":"gen9anythinggoes-1979592674","p1":"ultra nuke","p2":"Jrmoore896","format":"[Gen 9] Anything Goes","log":"|j|\u2606ultra nuke\n|j|\u2606Jrmoore896\n|t:|1698694982\n|gametype|singles\n|player|p1|ultra nuke|wattson|1301\n|player|p2|Jrmoore896|lucas-gen4pt|1356\n|teamsize|p1|6\n|teamsize|p2|6\n|gen|9\n|tier|[Gen 9] Anything Goes\n|rated|\n|rule|HP Percentage Mod: HP is shown in percentages\n|rule|Endless Battle Clause: Forcing endless battles is banned\n|clearpoke\n|poke|p1|Iron Bundle|\n|poke|p1|Iron Treads|\n|poke|p1|Iron Leaves|\n|poke|p1|Iron Valiant|\n|poke|p1|Iron Moth|\n|poke|p1|Miraidon|\n|poke|p2|Calyrex-Shadow|\n|poke|p2|Mewtwo|\n|poke|p2|Espathra, M|\n|poke|p2|Hatterene, F|\n|poke|p2|Jirachi|\n|poke|p2|Cresselia, F|\n|teampreview\n|\n|t:|1698695005\n|start\n|switch|p1a: delibird air|Iron Bundle, shiny|100\/100\n|switch|p2a: Jirachi|Jirachi|100\/100\n|turn|1\n|inactive|Battle timer is ON: inactive players will automatically lose when time's up. (requested by Jrmoore896)\n|\n|t:|1698695019\n|move|p2a: Jirachi|U-turn|p1a: delibird air\n|-damage|p1a: delibird air|74\/100\n|\n|t:|1698695027\n|switch|p2a: Hatterene|Hatterene, F, shiny|100\/100|[from] U-turn\n|move|p1a: delibird air|Electric Terrain|p1a: delibird air\n|-fieldstart|move: Electric Terrain\n|-activate|p1a: delibird air|ability: Quark Drive\n|-start|p1a: delibird air|quarkdrivespe\n|\n|upkeep\n|turn|2\n|\n|t:|1698695048\n|move|p1a: delibird air|Hydro Pump|p2a: Hatterene\n|-damage|p2a: Hatterene|46\/100\n|move|p2a: Hatterene|Calm Mind|p2a: Hatterene\n|-boost|p2a: Hatterene|spa|1\n|-boost|p2a: Hatterene|spd|1\n|\n|-heal|p2a: Hatterene|52\/100|[from] item: Leftovers\n|upkeep\n|turn|3\n|\n|t:|1698695066\n|move|p1a: delibird air|Hydro Pump|p2a: Hatterene\n|-damage|p2a: Hatterene|13\/100\n|move|p2a: Hatterene|Draining Kiss|p1a: delibird air\n|-damage|p1a: delibird air|0 fnt\n|-heal|p2a: Hatterene|57\/100|[from] drain|[of] p1a: delibird air\n|faint|p1a: delibird air\n|-end|p1a: delibird air|Quark Drive|[silent]\n|\n|-heal|p2a: Hatterene|63\/100|[from] item: Leftovers\n|upkeep\n|\n|t:|1698695077\n|switch|p1a: Iron Treads|Iron Treads, shiny|100\/100\n|-activate|p1a: Iron Treads|ability: Quark Drive\n|-start|p1a: Iron Treads|quarkdrivespe\n|turn|4\n|\n|t:|1698695087\n|switch|p2a: Cresselia|Cresselia, F|100\/100\n|move|p1a: Iron Treads|Heavy Slam|p2a: Cresselia\n|-damage|p2a: Cresselia|83\/100\n|\n|-heal|p2a: Cresselia|89\/100|[from] item: Leftovers\n|upkeep\n|turn|5\n|\n|t:|1698695105\n|-end|p1a: Iron Treads|Quark Drive|[silent]\n|switch|p1a: Iron Leaves|Iron Leaves|100\/100\n|-activate|p1a: Iron Leaves|ability: Quark Drive\n|-start|p1a: Iron Leaves|quarkdriveatk\n|move|p2a: Cresselia|Calm Mind|p2a: Cresselia\n|-boost|p2a: Cresselia|spa|1\n|-boost|p2a: Cresselia|spd|1\n|\n|-heal|p2a: Cresselia|95\/100|[from] item: Leftovers\n|upkeep\n|turn|6\n|inactive|Jrmoore896 has 120 seconds left.\n|\n|t:|1698695133\n|switch|p2a: Jirachi|Jirachi|100\/100\n|move|p1a: Iron Leaves|Wild Charge|p2a: Jirachi\n|-damage|p2a: Jirachi|44\/100\n|-damage|p1a: Iron Leaves|85\/100|[from] Recoil\n|\n|upkeep\n|turn|7\n|\n|t:|1698695144\n|-end|p1a: Iron Leaves|Quark Drive|[silent]\n|switch|p1a: ROBO WAIFU|Iron Valiant, shiny|100\/100\n|-activate|p1a: ROBO WAIFU|ability: Quark Drive\n|-start|p1a: ROBO WAIFU|quarkdrivespe\n|move|p2a: Jirachi|U-turn|p1a: ROBO WAIFU\n|-resisted|p1a: ROBO WAIFU\n|-damage|p1a: ROBO WAIFU|93\/100\n|\n|t:|1698695152\n|switch|p2a: Calyrex|Calyrex-Shadow|100\/100|[from] U-turn\n|-ability|p2a: Calyrex|As One\n|-ability|p2a: Calyrex|Unnerve\n|\n|upkeep\n|turn|8\n|inactive|Jrmoore896 has 120 seconds left.\n|\n|t:|1698695165\n|move|p2a: Calyrex|Astral Barrage|p1a: ROBO WAIFU\n|-damage|p1a: ROBO WAIFU|0 fnt\n|faint|p1a: ROBO WAIFU\n|-end|p1a: ROBO WAIFU|Quark Drive|[silent]\n|-ability|p2a: Calyrex|Grim Neigh|boost\n|-boost|p2a: Calyrex|spa|1\n|\n|-fieldend|move: Electric Terrain\n|upkeep\n|\n|t:|1698695173\n|switch|p1a: Miraidon|Miraidon|100\/100\n|-fieldstart|move: Electric Terrain|[from] ability: Hadron Engine|[of] p1a: Miraidon\n|turn|9\n|\n|t:|1698695183\n|-terastallize|p1a: Miraidon|Electric\n|move|p2a: Calyrex|Astral Barrage|p1a: Miraidon\n|-damage|p1a: Miraidon|0 fnt\n|faint|p1a: Miraidon\n|-ability|p2a: Calyrex|Grim Neigh|boost\n|-boost|p2a: Calyrex|spa|1\n|\n|upkeep\n|-message|ultra nuke forfeited.\n|\n|win|Jrmoore896\n|raw|ultra nuke's rating: 1301 &rarr; <strong>1284<\/strong><br \/>(-17 for losing)\n|raw|Jrmoore896's rating: 1356 &rarr; <strong>1373<\/strong><br \/>(+17 for winning)\n|l|\u2606ultra nuke\n","uploadtime":1698695195,"views":7,"p1id":"ultranuke","p2id":"jrmoore896","formatid":"gen9anythinggoes","rating":1284,"private":0,"password":""}