{"id":"gen9anythinggoes-1996351642","p1":"redpikmin5","p2":"Gigrar","format":"[Gen 9] Anything Goes","log":"|j|\u2606redpikmin5\n|j|\u2606Gigrar\n|t:|1700673807\n|gametype|singles\n|player|p1|redpikmin5|169|1020\n|player|p2|Gigrar|1|1000\n|teamsize|p1|6\n|teamsize|p2|6\n|gen|9\n|tier|[Gen 9] Anything Goes\n|rated|\n|rule|HP Percentage Mod: HP is shown in percentages\n|rule|Endless Battle Clause: Forcing endless battles is banned\n|clearpoke\n|poke|p1|Regieleki|\n|poke|p1|Iron Moth|\n|poke|p1|Dipplin, F|\n|poke|p1|Magearna-Original|\n|poke|p1|Ursaluna-Bloodmoon, M|\n|poke|p1|Houndstone, F|\n|poke|p2|Greninja-*, M|\n|poke|p2|Greninja-*, F|\n|poke|p2|Greninja-*, M|\n|poke|p2|Greninja-*, F|\n|poke|p2|Greninja-*, M|\n|poke|p2|Greninja-*, F|\n|teampreview\n|c|\u2606redpikmin5|bruh\n|c|\u2606redpikmin5|all greninjas?\n|c|\u2606Gigrar|XD\n|c|\u2606Gigrar|yup\n|c|\u2606redpikmin5|really?\n|c|\u2606Gigrar|hf\n|\n|t:|1700673835\n|start\n|switch|p1a: Little Zoom Orb|Regieleki|100\/100\n|switch|p2a: Greninja|Greninja, M|100\/100\n|turn|1\n|\n|t:|1700673843\n|move|p1a: Little Zoom Orb|Rapid Spin|p2a: Greninja\n|-damage|p2a: Greninja|78\/100\n|-boost|p1a: Little Zoom Orb|spe|1\n|move|p2a: Greninja|Surf|p1a: Little Zoom Orb\n|-damage|p1a: Little Zoom Orb|34\/100\n|\n|-heal|p1a: Little Zoom Orb|40\/100|[from] item: Leftovers\n|upkeep\n|turn|2\n|\n|t:|1700673852\n|move|p2a: Greninja|Water Shuriken|p1a: Little Zoom Orb\n|-damage|p1a: Little Zoom Orb|30\/100\n|-damage|p1a: Little Zoom Orb|19\/100\n|-hitcount|p1a: Little Zoom Orb|2\n|move|p1a: Little Zoom Orb|Agility|p1a: Little Zoom Orb\n|-boost|p1a: Little Zoom Orb|spe|2\n|\n|-heal|p1a: Little Zoom Orb|26\/100|[from] item: Leftovers\n|upkeep\n|turn|3\n|\n|t:|1700673862\n|move|p2a: Greninja|Water Shuriken|p1a: Little Zoom Orb\n|-damage|p1a: Little Zoom Orb|15\/100\n|-damage|p1a: Little Zoom Orb|3\/100\n|-hitcount|p1a: Little Zoom Orb|2\n|move|p1a: Little Zoom Orb|Electro Ball|p2a: Greninja\n|-supereffective|p2a: Greninja\n|-damage|p2a: Greninja|0 fnt\n|faint|p2a: Greninja\n|\n|-heal|p1a: Little Zoom Orb|9\/100|[from] item: Leftovers\n|upkeep\n|\n|t:|1700673877\n|switch|p2a: Greninja|Greninja, M|100\/100\n|turn|4\n|\n|t:|1700673893\n|-terastallize|p2a: Greninja|Steel\n|move|p1a: Little Zoom Orb|Electro Ball|p2a: Greninja\n|-damage|p2a: Greninja|45\/100\n|move|p2a: Greninja|Chilling Water|p1a: Little Zoom Orb\n|-damage|p1a: Little Zoom Orb|0 fnt\n|faint|p1a: Little Zoom Orb\n|\n|-heal|p2a: Greninja|51\/100|[from] item: Leftovers\n|upkeep\n|c|\u2606redpikmin5|welp\n|c|\u2606redpikmin5|time for buck bumble\n|\n|t:|1700673914\n|switch|p1a: Buck Bumble|Iron Moth|100\/100\n|-enditem|p1a: Buck Bumble|Booster Energy\n|-activate|p1a: Buck Bumble|ability: Quark Drive|[fromitem]\n|-start|p1a: Buck Bumble|quarkdrivespa\n|turn|5\n|\n|t:|1700673930\n|switch|p2a: Greninja|Greninja, F|100\/100\n|move|p1a: Buck Bumble|Fire Blast|p2a: Greninja\n|-resisted|p2a: Greninja\n|-damage|p2a: Greninja|43\/100\n|\n|upkeep\n|turn|6\n|\n|t:|1700673964\n|move|p2a: Greninja|Endure|p2a: Greninja\n|-singleturn|p2a: Greninja|move: Endure\n|move|p1a: Buck Bumble|Fire Blast|p2a: Greninja\n|-resisted|p2a: Greninja\n|-activate|p2a: Greninja|move: Endure\n|-damage|p2a: Greninja|1\/100\n|\n|upkeep\n|turn|7\n|\n|t:|1700673972\n|move|p2a: Greninja|Surf|p1a: Buck Bumble\n|-supereffective|p1a: Buck Bumble\n|-damage|p1a: Buck Bumble|0 fnt\n|faint|p1a: Buck Bumble\n|-end|p1a: Buck Bumble|Quark Drive|[silent]\n|\n|upkeep\n|\n|t:|1700673977\n|switch|p1a: Cande Appl|Dipplin, F|100\/100\n|-ability|p1a: Cande Appl|Supersweet Syrup\n|-ability|p1a: Cande Appl|Supersweet Syrup|boost\n|-unboost|p2a: Greninja|evasion|1\n|turn|8\n|\n|t:|1700673984\n|move|p2a: Greninja|Endure|p2a: Greninja\n|-singleturn|p2a: Greninja|move: Endure\n|move|p1a: Cande Appl|Giga Drain|p2a: Greninja\n|-supereffective|p2a: Greninja\n|-activate|p2a: Greninja|move: Endure\n|-damage|p2a: Greninja|1\/100\n|-enditem|p2a: Greninja|Weakness Policy\n|-boost|p2a: Greninja|atk|2|[from] item: Weakness Policy\n|-boost|p2a: Greninja|spa|2|[from] item: Weakness Policy\n|\n|upkeep\n|turn|9\n|\n|t:|1700673992\n|move|p2a: Greninja|Hydro Cannon|p1a: Cande Appl\n|-resisted|p1a: Cande Appl\n|-damage|p1a: Cande Appl|39\/100\n|-mustrecharge|p2a: Greninja\n|move|p1a: Cande Appl|Giga Drain|p2a: Greninja\n|-supereffective|p2a: Greninja\n|-damage|p2a: Greninja|0 fnt\n|-heal|p1a: Cande Appl|40\/100|[from] drain|[of] p2a: Greninja\n|faint|p2a: Greninja\n|\n|upkeep\n|\n|t:|1700674003\n|switch|p2a: Greninja|Greninja, M|100\/100\n|turn|10\n|c|\u2606redpikmin5|endure aint gonna work forever hehe\n|\n|t:|1700674008\n|move|p2a: Greninja|U-turn|p1a: Cande Appl\n|-start|p2a: Greninja|typechange|Bug|[from] ability: Protean\n|-supereffective|p1a: Cande Appl\n|-damage|p1a: Cande Appl|0 fnt\n|faint|p1a: Cande Appl\n|\n|t:|1700674016\n|switch|p2a: Greninja|Greninja, F|100\/100|[from] U-turn\n|\n|upkeep\n|\n|t:|1700674021\n|switch|p1a: Magearna|Magearna-Original|100\/100\n|turn|11\n|\n|t:|1700674030\n|move|p2a: Greninja|Swords Dance|p2a: Greninja\n|-start|p2a: Greninja|typechange|Normal|[from] ability: Protean\n|-boost|p2a: Greninja|atk|2\n|move|p1a: Magearna|Draining Kiss|p2a: Greninja\n|-crit|p2a: Greninja\n|-damage|p2a: Greninja|52\/100\n|\n|upkeep\n|turn|12\n|\n|t:|1700674039\n|move|p2a: Greninja|Liquidation|p1a: Magearna\n|-damage|p1a: Magearna|59\/100\n|-unboost|p1a: Magearna|def|1\n|move|p1a: Magearna|Draining Kiss|p2a: Greninja\n|-crit|p2a: Greninja\n|-damage|p2a: Greninja|7\/100\n|-heal|p1a: Magearna|98\/100|[from] drain|[of] p2a: Greninja\n|\n|upkeep\n|turn|13\n|\n|t:|1700674049\n|move|p2a: Greninja|Liquidation|p1a: Magearna\n|-damage|p1a: Magearna|40\/100\n|move|p1a: Magearna|Draining Kiss|p2a: Greninja\n|-damage|p2a: Greninja|0 fnt\n|-heal|p1a: Magearna|46\/100|[from] drain|[of] p2a: Greninja\n|faint|p2a: Greninja\n|-ability|p1a: Magearna|Soul-Heart|boost\n|-boost|p1a: Magearna|spa|1\n|\n|upkeep\n|\n|t:|1700674056\n|switch|p2a: Greninja|Greninja, F|100\/100\n|turn|14\n|\n|t:|1700674064\n|move|p2a: Greninja|Switcheroo|p1a: Magearna\n|-start|p2a: Greninja|typechange|Dark|[from] ability: Protean\n|-activate|p2a: Greninja|move: Trick|[of] p1a: Magearna\n|-item|p1a: Magearna|Sticky Barb|[from] move: Switcheroo\n|-item|p2a: Greninja|Big Root|[from] move: Switcheroo\n|move|p1a: Magearna|Draining Kiss|p2a: Greninja\n|-supereffective|p2a: Greninja\n|-damage|p2a: Greninja|16\/100\n|-heal|p1a: Magearna|100\/100|[from] drain|[of] p2a: Greninja\n|\n|-damage|p1a: Magearna|88\/100|[from] item: Sticky Barb\n|upkeep\n|turn|15\n|\n|t:|1700674078\n|move|p2a: Greninja|Blizzard|p1a: Magearna\n|-resisted|p1a: Magearna\n|-damage|p1a: Magearna|76\/100\n|move|p1a: Magearna|Draining Kiss|p2a: Greninja\n|-supereffective|p2a: Greninja\n|-damage|p2a: Greninja|0 fnt\n|-heal|p1a: Magearna|89\/100|[from] drain|[of] p2a: Greninja\n|faint|p2a: Greninja\n|-ability|p1a: Magearna|Soul-Heart|boost\n|-boost|p1a: Magearna|spa|1\n|\n|-damage|p1a: Magearna|76\/100|[from] item: Sticky Barb\n|upkeep\n|\n|t:|1700674084\n|switch|p2a: Greninja|Greninja, M|100\/100\n|turn|16\n|\n|t:|1700674090\n|move|p2a: Greninja|Fling|p1a: Magearna\n|-start|p2a: Greninja|typechange|Dark|[from] ability: Protean\n|-resisted|p1a: Magearna\n|-damage|p1a: Magearna|68\/100\n|-status|p1a: Magearna|par\n|-enditem|p2a: Greninja|Light Ball|[from] move: Fling\n|move|p1a: Magearna|Draining Kiss|p2a: Greninja\n|-supereffective|p2a: Greninja\n|-damage|p2a: Greninja|0 fnt\n|-heal|p1a: Magearna|100\/100 par|[from] drain|[of] p2a: Greninja\n|faint|p2a: Greninja\n|-ability|p1a: Magearna|Soul-Heart|boost\n|-boost|p1a: Magearna|spa|1\n|\n|-damage|p1a: Magearna|88\/100 par|[from] item: Sticky Barb\n|upkeep\n|\n|t:|1700674097\n|switch|p2a: Greninja|Greninja, M, tera:Steel|51\/100\n|turn|17\n|c|\u2606redpikmin5|wow magearna sweep\n|\n|t:|1700674112\n|move|p2a: Greninja|Haze|p2a: Greninja\n|-clearallboost\n|move|p1a: Magearna|Draining Kiss|p2a: Greninja\n|-resisted|p2a: Greninja\n|-damage|p2a: Greninja|42\/100\n|-heal|p1a: Magearna|95\/100 par|[from] drain|[of] p2a: Greninja\n|\n|-heal|p2a: Greninja|48\/100|[from] item: Leftovers\n|-damage|p1a: Magearna|83\/100 par|[from] item: Sticky Barb\n|upkeep\n|turn|18\n|\n|t:|1700674122\n|move|p2a: Greninja|Spikes|p1a: Magearna\n|-sidestart|p1: redpikmin5|Spikes\n|move|p1a: Magearna|Draining Kiss|p2a: Greninja\n|-resisted|p2a: Greninja\n|-damage|p2a: Greninja|39\/100\n|-heal|p1a: Magearna|90\/100 par|[from] drain|[of] p2a: Greninja\n|\n|-heal|p2a: Greninja|45\/100|[from] item: Leftovers\n|-damage|p1a: Magearna|78\/100 par|[from] item: Sticky Barb\n|upkeep\n|turn|19\n|\n|t:|1700674133\n|move|p2a: Greninja|Spikes|p1a: Magearna\n|-sidestart|p1: redpikmin5|Spikes\n|move|p1a: Magearna|Draining Kiss|p2a: Greninja\n|-resisted|p2a: Greninja\n|-damage|p2a: Greninja|36\/100\n|-heal|p1a: Magearna|86\/100 par|[from] drain|[of] p2a: Greninja\n|\n|-heal|p2a: Greninja|42\/100|[from] item: Leftovers\n|-damage|p1a: Magearna|73\/100 par|[from] item: Sticky Barb\n|upkeep\n|turn|20\n|\n|t:|1700674144\n|move|p2a: Greninja|Chilling Water|p1a: Magearna\n|-damage|p1a: Magearna|57\/100 par\n|-unboost|p1a: Magearna|atk|1\n|cant|p1a: Magearna|par\n|\n|-heal|p2a: Greninja|48\/100|[from] item: Leftovers\n|-damage|p1a: Magearna|45\/100 par|[from] item: Sticky Barb\n|upkeep\n|turn|21\n|\n|t:|1700674156\n|move|p2a: Greninja|Chilling Water|p1a: Magearna\n|-damage|p1a: Magearna|29\/100 par\n|-unboost|p1a: Magearna|atk|1\n|cant|p1a: Magearna|par\n|\n|-heal|p2a: Greninja|54\/100|[from] item: Leftovers\n|-damage|p1a: Magearna|17\/100 par|[from] item: Sticky Barb\n|upkeep\n|turn|22\n|\n|t:|1700674164\n|move|p2a: Greninja|Chilling Water|p1a: Magearna\n|-damage|p1a: Magearna|1\/100 par\n|-unboost|p1a: Magearna|atk|1\n|cant|p1a: Magearna|par\n|\n|-heal|p2a: Greninja|60\/100|[from] item: Leftovers\n|-damage|p1a: Magearna|0 fnt|[from] item: Sticky Barb\n|faint|p1a: Magearna\n|upkeep\n|c|\u2606redpikmin5|or not\n|\n|t:|1700674176\n|switch|p1a: Ursaluna|Ursaluna-Bloodmoon, M|100\/100\n|-damage|p1a: Ursaluna|84\/100|[from] Spikes\n|turn|23\n|c|\u2606redpikmin5|but you wont win\n|\n|t:|1700674184\n|move|p2a: Greninja|Chilling Water|p1a: Ursaluna\n|-supereffective|p1a: Ursaluna\n|-damage|p1a: Ursaluna|47\/100\n|-unboost|p1a: Ursaluna|atk|1\n|move|p1a: Ursaluna|Blood Moon|p2a: Greninja\n|-resisted|p2a: Greninja\n|-damage|p2a: Greninja|34\/100\n|\n|-heal|p2a: Greninja|40\/100|[from] item: Leftovers\n|upkeep\n|turn|24\n|\n|t:|1700674204\n|move|p2a: Greninja|Chilling Water|p1a: Ursaluna\n|-supereffective|p1a: Ursaluna\n|-damage|p1a: Ursaluna|9\/100\n|-unboost|p1a: Ursaluna|atk|1\n|move|p1a: Ursaluna|Brick Break|p2a: Greninja\n|-supereffective|p2a: Greninja\n|-damage|p2a: Greninja|20\/100\n|\n|-heal|p2a: Greninja|26\/100|[from] item: Leftovers\n|upkeep\n|turn|25\n|c|\u2606Gigrar|I don't expect to win, however it's still a fun game\n|c|\u2606redpikmin5|yea ur right\n|\n|t:|1700674216\n|move|p2a: Greninja|Chilling Water|p1a: Ursaluna\n|-supereffective|p1a: Ursaluna\n|-damage|p1a: Ursaluna|0 fnt\n|faint|p1a: Ursaluna\n|\n|-heal|p2a: Greninja|32\/100|[from] item: Leftovers\n|upkeep\n|\n|t:|1700674224\n|switch|p1a: NYEH HEH HEH!|Houndstone, F|100\/100\n|-damage|p1a: NYEH HEH HEH!|84\/100|[from] Spikes\n|turn|26\n|c|\u2606redpikmin5|but it's time for my [SPECIL] ATTACK\n|\n|t:|1700674240\n|-terastallize|p1a: NYEH HEH HEH!|Ghost\n|move|p2a: Greninja|Chilling Water|p1a: NYEH HEH HEH!\n|-damage|p1a: NYEH HEH HEH!|57\/100\n|-unboost|p1a: NYEH HEH HEH!|atk|1\n|move|p1a: NYEH HEH HEH!|Last Respects|p2a: Greninja\n|-crit|p2a: Greninja\n|-damage|p2a: Greninja|0 fnt\n|faint|p2a: Greninja\n|\n|win|redpikmin5\n|raw|redpikmin5's rating: 1020 &rarr; <strong>1055<\/strong><br \/>(+35 for winning)\n|raw|Gigrar's rating: 1000 &rarr; <strong>1000<\/strong><br \/>(+0 for losing)\n|c|\u2606Gigrar|welp, gg\n|c|\u2606redpikmin5|hehe gg\n","uploadtime":1700674269,"views":0,"p1id":"redpikmin5","p2id":"gigrar","formatid":"gen9anythinggoes","rating":1000,"private":0,"password":""}