{"id":"gen9anythinggoes-1993276681","p1":"Excot","p2":"Sargenbob","format":"[Gen 9] Anything Goes","log":"|j|\u2606Excot\n|j|\u2606Sargenbob\n|t:|1700288731\n|gametype|singles\n|player|p1|Excot|nate|1185\n|player|p2|Sargenbob|red|1243\n|teamsize|p1|6\n|teamsize|p2|6\n|gen|9\n|tier|[Gen 9] Anything Goes\n|rated|\n|rule|HP Percentage Mod: HP is shown in percentages\n|rule|Endless Battle Clause: Forcing endless battles is banned\n|clearpoke\n|poke|p1|Sawsbuck-Winter, M|\n|poke|p1|Sneasler, M|\n|poke|p1|Ceruledge, M|\n|poke|p1|Milotic, F|\n|poke|p1|Ninetales-Alola, F|\n|poke|p1|Klefki, F|\n|poke|p2|Koraidon|\n|poke|p2|Flutter Mane|\n|poke|p2|Wo-Chien|\n|poke|p2|Calyrex-Shadow|\n|poke|p2|Zoroark-Hisui, M|\n|poke|p2|Skeledirge, M|\n|teampreview\n|inactive|Battle timer is ON: inactive players will automatically lose when time's up. (requested by Excot)\n|\n|t:|1700288746\n|start\n|switch|p1a: Klefki|Klefki, F|100\/100\n|switch|p2a: Lucy|Flutter Mane|100\/100\n|turn|1\n|\n|t:|1700288753\n|move|p1a: Klefki|Light Screen|p1a: Klefki\n|-sidestart|p1: Excot|move: Light Screen\n|move|p2a: Lucy|Taunt|p1a: Klefki\n|-start|p1a: Klefki|move: Taunt\n|\n|upkeep\n|turn|2\n|\n|t:|1700288775\n|-end|p2a: Lucy|Protosynthesis|[silent]\n|switch|p2a: Matt|Skeledirge, M, shiny|100\/100\n|switch|p1a: Milotic|Milotic, F|100\/100\n|\n|-status|p1a: Milotic|brn|[from] item: Flame Orb\n|upkeep\n|turn|3\n|\n|t:|1700288785\n|switch|p2a: Jon|Wo-Chien|100\/100\n|-ability|p2a: Jon|Tablets of Ruin\n|move|p1a: Milotic|Hydro Pump|p2a: Jon\n|-resisted|p2a: Jon\n|-damage|p2a: Jon|82\/100\n|\n|-heal|p2a: Jon|88\/100|[from] item: Leftovers\n|-damage|p1a: Milotic|94\/100 brn|[from] brn\n|upkeep\n|turn|4\n|\n|t:|1700288794\n|move|p2a: Jon|Leech Seed|p1a: Milotic\n|-start|p1a: Milotic|move: Leech Seed\n|move|p1a: Milotic|Blizzard|p2a: Jon|[miss]\n|-miss|p1a: Milotic|p2a: Jon\n|\n|-heal|p2a: Jon|94\/100|[from] item: Leftovers\n|-damage|p1a: Milotic|82\/100 brn|[from] Leech Seed|[of] p2a: Jon\n|-heal|p2a: Jon|100\/100|[silent]\n|-damage|p1a: Milotic|76\/100 brn|[from] brn\n|upkeep\n|turn|5\n|\n|t:|1700288803\n|move|p2a: Jon|Substitute|p2a: Jon\n|-start|p2a: Jon|Substitute\n|-damage|p2a: Jon|75\/100\n|move|p1a: Milotic|Blizzard|p2a: Jon|[miss]\n|-miss|p1a: Milotic|p2a: Jon\n|\n|-heal|p2a: Jon|82\/100|[from] item: Leftovers\n|-damage|p1a: Milotic|64\/100 brn|[from] Leech Seed|[of] p2a: Jon\n|-heal|p2a: Jon|94\/100|[silent]\n|-damage|p1a: Milotic|58\/100 brn|[from] brn\n|upkeep\n|turn|6\n|\n|t:|1700288814\n|move|p2a: Jon|Knock Off|p1a: Milotic\n|-crit|p1a: Milotic\n|-damage|p1a: Milotic|20\/100 brn\n|-enditem|p1a: Milotic|Flame Orb|[from] move: Knock Off|[of] p2a: Jon\n|move|p1a: Milotic|Recover|p1a: Milotic\n|-heal|p1a: Milotic|70\/100 brn\n|\n|-heal|p2a: Jon|99\/100|[from] item: Leftovers\n|-damage|p1a: Milotic|57\/100 brn|[from] Leech Seed|[of] p2a: Jon\n|-heal|p2a: Jon|100\/100|[silent]\n|-damage|p1a: Milotic|51\/100 brn|[from] brn\n|upkeep\n|turn|7\n|\n|t:|1700288826\n|move|p2a: Jon|Knock Off|p1a: Milotic\n|-damage|p1a: Milotic|34\/100 brn\n|move|p1a: Milotic|Recover|p1a: Milotic\n|-heal|p1a: Milotic|84\/100 brn\n|\n|-damage|p1a: Milotic|72\/100 brn|[from] Leech Seed|[of] p2a: Jon\n|-damage|p1a: Milotic|66\/100 brn|[from] brn\n|upkeep\n|turn|8\n|\n|t:|1700288835\n|move|p2a: Jon|Knock Off|p1a: Milotic\n|-damage|p1a: Milotic|49\/100 brn\n|move|p1a: Milotic|Recover|p1a: Milotic\n|-heal|p1a: Milotic|99\/100 brn\n|\n|-damage|p1a: Milotic|86\/100 brn|[from] Leech Seed|[of] p2a: Jon\n|-damage|p1a: Milotic|80\/100 brn|[from] brn\n|-sideend|p1: Excot|move: Light Screen\n|upkeep\n|turn|9\n|\n|t:|1700288846\n|switch|p1a: Sawsbuck|Sawsbuck-Winter, M|100\/100\n|move|p2a: Jon|Knock Off|p1a: Sawsbuck\n|-damage|p1a: Sawsbuck|50\/100\n|-enditem|p1a: Sawsbuck|King's Rock|[from] move: Knock Off|[of] p2a: Jon\n|\n|upkeep\n|turn|10\n|\n|t:|1700288857\n|move|p1a: Sawsbuck|Headbutt|p2a: Jon\n|-activate|p2a: Jon|move: Substitute|[damage]\n|move|p2a: Jon|Knock Off|p1a: Sawsbuck\n|-damage|p1a: Sawsbuck|20\/100\n|\n|upkeep\n|turn|11\n|\n|t:|1700288865\n|move|p1a: Sawsbuck|Headbutt|p2a: Jon\n|-end|p2a: Jon|Substitute\n|move|p2a: Jon|Knock Off|p1a: Sawsbuck\n|-damage|p1a: Sawsbuck|0 fnt\n|faint|p1a: Sawsbuck\n|\n|upkeep\n|\n|t:|1700288873\n|switch|p1a: Sneasler|Sneasler, M|100\/100\n|turn|12\n|\n|t:|1700288887\n|move|p1a: Sneasler|Swords Dance|p1a: Sneasler\n|-boost|p1a: Sneasler|atk|2\n|move|p2a: Jon|Substitute|p2a: Jon\n|-start|p2a: Jon|Substitute\n|-damage|p2a: Jon|75\/100\n|\n|-heal|p2a: Jon|82\/100|[from] item: Leftovers\n|upkeep\n|turn|13\n|\n|t:|1700288895\n|move|p1a: Sneasler|Close Combat|p2a: Jon\n|-supereffective|p2a: Jon\n|-end|p2a: Jon|Substitute\n|-unboost|p1a: Sneasler|def|1\n|-unboost|p1a: Sneasler|spd|1\n|-enditem|p1a: Sneasler|White Herb\n|-clearnegativeboost|p1a: Sneasler|[silent]\n|move|p2a: Jon|Leech Seed|p1a: Sneasler\n|-start|p1a: Sneasler|move: Leech Seed\n|\n|-heal|p2a: Jon|88\/100|[from] item: Leftovers\n|-damage|p1a: Sneasler|88\/100|[from] Leech Seed|[of] p2a: Jon\n|-heal|p2a: Jon|99\/100|[silent]\n|upkeep\n|turn|14\n|\n|t:|1700288907\n|switch|p2a: Owen|Calyrex-Shadow|100\/100\n|-ability|p2a: Owen|As One\n|-ability|p2a: Owen|Unnerve\n|-terastallize|p1a: Sneasler|Flying\n|move|p1a: Sneasler|Acrobatics|p2a: Owen\n|-damage|p2a: Owen|0 fnt\n|faint|p2a: Owen\n|\n|upkeep\n|\n|t:|1700288919\n|switch|p2a: Oliver|Koraidon|100\/100\n|-weather|SunnyDay|[from] ability: Orichalcum Pulse|[of] p2a: Oliver\n|-activate|p2a: Oliver|Orichalcum Pulse|[source]\n|turn|15\n|\n|t:|1700288924\n|-terastallize|p2a: Oliver|Steel\n|move|p1a: Sneasler|Acrobatics|p2a: Oliver\n|-resisted|p2a: Oliver\n|-damage|p2a: Oliver|55\/100\n|move|p2a: Oliver|Flame Charge|p1a: Sneasler\n|-damage|p1a: Sneasler|38\/100\n|-boost|p2a: Oliver|spe|1\n|\n|-weather|SunnyDay|[upkeep]\n|-heal|p2a: Oliver|61\/100|[from] item: Leftovers\n|-damage|p1a: Sneasler|25\/100|[from] Leech Seed|[of] p2a: Oliver\n|-heal|p2a: Oliver|71\/100|[silent]\n|upkeep\n|turn|16\n|\n|t:|1700288936\n|move|p1a: Sneasler|Close Combat|p2a: Oliver\n|-supereffective|p2a: Oliver\n|-damage|p2a: Oliver|0 fnt\n|-unboost|p1a: Sneasler|def|1\n|-unboost|p1a: Sneasler|spd|1\n|faint|p2a: Oliver\n|\n|-weather|SunnyDay|[upkeep]\n|upkeep\n|\n|t:|1700288942\n|switch|p2a: Jon|Wo-Chien|100\/100\n|turn|17\n|\n|t:|1700288945\n|move|p1a: Sneasler|Acrobatics|p2a: Jon\n|-enditem|p2a: Jon|Focus Sash\n|-damage|p2a: Jon|1\/100\n|replace|p2a: Zoroark|Zoroark-Hisui, M, shiny\n|-end|p2a: Zoroark|Illusion\n|move|p2a: Zoroark|Shadow Ball|p1a: Sneasler\n|-damage|p1a: Sneasler|0 fnt\n|faint|p1a: Sneasler\n|\n|-weather|SunnyDay|[upkeep]\n|upkeep\n|\n|t:|1700288966\n|switch|p1a: Milotic|Milotic, F|80\/100 brn\n|turn|18\n|\n|t:|1700288975\n|move|p2a: Zoroark|Shadow Ball|p1a: Milotic\n|-damage|p1a: Milotic|54\/100 brn\n|move|p1a: Milotic|Blizzard|p2a: Zoroark|[miss]\n|-miss|p1a: Milotic|p2a: Zoroark\n|\n|-weather|SunnyDay|[upkeep]\n|-damage|p1a: Milotic|48\/100 brn|[from] brn\n|upkeep\n|turn|19\n|\n|t:|1700288983\n|move|p2a: Zoroark|Shadow Ball|p1a: Milotic\n|-damage|p1a: Milotic|23\/100 brn\n|move|p1a: Milotic|Recover|p1a: Milotic\n|-heal|p1a: Milotic|73\/100 brn\n|\n|-weather|none\n|-damage|p1a: Milotic|67\/100 brn|[from] brn\n|upkeep\n|turn|20\n|\n|t:|1700288992\n|move|p2a: Zoroark|Nasty Plot|p2a: Zoroark\n|-boost|p2a: Zoroark|spa|2\n|move|p1a: Milotic|Recover|p1a: Milotic\n|-heal|p1a: Milotic|100\/100 brn\n|\n|-damage|p1a: Milotic|94\/100 brn|[from] brn\n|upkeep\n|turn|21\n|\n|t:|1700288999\n|move|p2a: Zoroark|Shadow Ball|p1a: Milotic\n|-damage|p1a: Milotic|44\/100 brn\n|move|p1a: Milotic|Hydro Pump|p2a: Zoroark\n|-damage|p2a: Zoroark|0 fnt\n|faint|p2a: Zoroark\n|\n|-damage|p1a: Milotic|38\/100 brn|[from] brn\n|upkeep\n|\n|t:|1700289004\n|switch|p2a: Lucy|Flutter Mane|100\/100\n|turn|22\n|\n|t:|1700289010\n|move|p2a: Lucy|Moonblast|p1a: Milotic\n|-damage|p1a: Milotic|0 fnt\n|faint|p1a: Milotic\n|-damage|p2a: Lucy|91\/100|[from] item: Life Orb\n|\n|upkeep\n|\n|t:|1700289016\n|switch|p1a: Ceruledge|Ceruledge, M|100\/100\n|turn|23\n|\n|t:|1700289021\n|move|p1a: Ceruledge|Shadow Sneak|p2a: Lucy\n|-supereffective|p2a: Lucy\n|-damage|p2a: Lucy|12\/100\n|move|p2a: Lucy|Shadow Ball|p1a: Ceruledge\n|-supereffective|p1a: Ceruledge\n|-enditem|p1a: Ceruledge|Focus Sash\n|-damage|p1a: Ceruledge|1\/100\n|-unboost|p1a: Ceruledge|spd|1\n|-damage|p2a: Lucy|2\/100|[from] item: Life Orb\n|\n|upkeep\n|turn|24\n|\n|t:|1700289031\n|-end|p2a: Lucy|Protosynthesis|[silent]\n|switch|p2a: Jon|Wo-Chien|99\/100\n|-ability|p2a: Jon|Tablets of Ruin\n|move|p1a: Ceruledge|Shadow Sneak|p2a: Jon\n|-resisted|p2a: Jon\n|-damage|p2a: Jon|91\/100\n|\n|-heal|p2a: Jon|97\/100|[from] item: Leftovers\n|upkeep\n|turn|25\n|\n|t:|1700289041\n|move|p1a: Ceruledge|Bitter Blade|p2a: Jon\n|-supereffective|p2a: Jon\n|-damage|p2a: Jon|30\/100\n|-heal|p1a: Ceruledge|39\/100|[from] drain|[of] p2a: Jon\n|move|p2a: Jon|Knock Off|p1a: Ceruledge\n|-supereffective|p1a: Ceruledge\n|-damage|p1a: Ceruledge|0 fnt\n|faint|p1a: Ceruledge\n|\n|-heal|p2a: Jon|36\/100|[from] item: Leftovers\n|upkeep\n|\n|t:|1700289052\n|switch|p1a: Ninetales|Ninetales-Alola, F|100\/100\n|turn|26\n|\n|t:|1700289058\n|move|p1a: Ninetales|Snowscape|p1a: Ninetales\n|-weather|Snow\n|move|p2a: Jon|Leech Seed|p1a: Ninetales\n|-start|p1a: Ninetales|move: Leech Seed\n|\n|-weather|Snow|[upkeep]\n|-heal|p2a: Jon|42\/100|[from] item: Leftovers\n|-damage|p1a: Ninetales|88\/100|[from] Leech Seed|[of] p2a: Jon\n|-heal|p2a: Jon|52\/100|[silent]\n|upkeep\n|turn|27\n|\n|t:|1700289072\n|move|p2a: Jon|Protect|p2a: Jon\n|-singleturn|p2a: Jon|Protect\n|move|p1a: Ninetales|Blizzard|p2a: Jon\n|-activate|p2a: Jon|move: Protect\n|\n|-weather|Snow|[upkeep]\n|-heal|p2a: Jon|58\/100|[from] item: Leftovers\n|-damage|p1a: Ninetales|76\/100|[from] Leech Seed|[of] p2a: Jon\n|-heal|p2a: Jon|69\/100|[silent]\n|upkeep\n|turn|28\n|\n|t:|1700289081\n|switch|p2a: Matt|Skeledirge, M, shiny|100\/100\n|move|p1a: Ninetales|Blizzard|p2a: Matt\n|-resisted|p2a: Matt\n|-damage|p2a: Matt|79\/100\n|\n|-weather|Snow|[upkeep]\n|-heal|p2a: Matt|85\/100|[from] item: Leftovers\n|-damage|p1a: Ninetales|64\/100|[from] Leech Seed|[of] p2a: Matt\n|-heal|p2a: Matt|95\/100|[silent]\n|upkeep\n|turn|29\n|\n|t:|1700289090\n|switch|p1a: Klefki|Klefki, F|100\/100\n|move|p2a: Matt|Torch Song|p1a: Klefki\n|-supereffective|p1a: Klefki\n|-damage|p1a: Klefki|25\/100\n|-boost|p2a: Matt|spa|1\n|\n|-weather|Snow|[upkeep]\n|-heal|p2a: Matt|100\/100|[from] item: Leftovers\n|upkeep\n|turn|30\n|\n|t:|1700289101\n|move|p1a: Klefki|Reflect|p1a: Klefki\n|-sidestart|p1: Excot|Reflect\n|move|p2a: Matt|Torch Song|p1a: Klefki\n|-supereffective|p1a: Klefki\n|-damage|p1a: Klefki|0 fnt\n|-boost|p2a: Matt|spa|1\n|faint|p1a: Klefki\n|\n|-weather|none\n|upkeep\n|c|\u2606Excot|missclick\n|\n|t:|1700289111\n|switch|p1a: Ninetales|Ninetales-Alola, F|64\/100\n|turn|31\n|\n|t:|1700289116\n|move|p1a: Ninetales|Moonblast|p2a: Matt\n|-resisted|p2a: Matt\n|-damage|p2a: Matt|82\/100\n|move|p2a: Matt|Torch Song|p1a: Ninetales\n|-supereffective|p1a: Ninetales\n|-damage|p1a: Ninetales|0 fnt\n|-boost|p2a: Matt|spa|1\n|faint|p1a: Ninetales\n|\n|win|Sargenbob\n|raw|Excot's rating: 1185 &rarr; <strong>1164<\/strong><br \/>(-21 for losing)\n|raw|Sargenbob's rating: 1243 &rarr; <strong>1264<\/strong><br \/>(+21 for winning)\n|c|\u2606Sargenbob|gg\n|c|\u2606Excot|gg\n","uploadtime":1700289128,"views":4,"p1id":"excot","p2id":"sargenbob","formatid":"gen9anythinggoes","rating":1164,"private":0,"password":""}