{"id":"gen9anythinggoes-1991377306","p1":"flan76","p2":"LavishRoach","format":"[Gen 9] Anything Goes","log":"|j|\u2606flan76\n|j|\u2606LavishRoach\n|t:|1700072056\n|gametype|singles\n|player|p1|flan76|archer|1071\n|player|p2|LavishRoach|marlon|1117\n|teamsize|p1|6\n|teamsize|p2|6\n|gen|9\n|tier|[Gen 9] Anything Goes\n|rated|\n|rule|HP Percentage Mod: HP is shown in percentages\n|rule|Endless Battle Clause: Forcing endless battles is banned\n|clearpoke\n|poke|p1|Calyrex-Shadow|\n|poke|p1|Ursaluna-Bloodmoon, M|\n|poke|p1|Arceus-Fairy|\n|poke|p1|Zacian-*|\n|poke|p1|Flutter Mane|\n|poke|p1|Miraidon|\n|poke|p2|Espathra, F|\n|poke|p2|Lycanroc-Dusk, M|\n|poke|p2|Arcanine, M|\n|poke|p2|Vaporeon, F|\n|poke|p2|Tsareena, F|\n|poke|p2|Mismagius, F|\n|teampreview\n|inactive|Battle timer is ON: inactive players will automatically lose when time's up. (requested by flan76)\n|\n|t:|1700072065\n|start\n|switch|p1a: Ursaluna|Ursaluna-Bloodmoon, M|100\/100\n|switch|p2a: Mismagius|Mismagius, F, shiny|100\/100\n|turn|1\n|\n|t:|1700072072\n|move|p2a: Mismagius|Will-O-Wisp|p1a: Ursaluna\n|-status|p1a: Ursaluna|brn\n|move|p1a: Ursaluna|Calm Mind|p1a: Ursaluna\n|-boost|p1a: Ursaluna|spa|1\n|-boost|p1a: Ursaluna|spd|1\n|\n|-damage|p1a: Ursaluna|94\/100 brn|[from] brn\n|upkeep\n|turn|2\n|\n|t:|1700072097\n|switch|p2a: Vaporeon|Vaporeon, F, shiny|100\/100\n|move|p1a: Ursaluna|Calm Mind|p1a: Ursaluna\n|-boost|p1a: Ursaluna|spa|1\n|-boost|p1a: Ursaluna|spd|1\n|\n|-heal|p1a: Ursaluna|100\/100 brn|[from] item: Leftovers\n|-damage|p1a: Ursaluna|94\/100 brn|[from] brn\n|upkeep\n|turn|3\n|\n|t:|1700072107\n|-terastallize|p1a: Ursaluna|Water\n|move|p2a: Vaporeon|Aqua Ring|p2a: Vaporeon\n|-start|p2a: Vaporeon|Aqua Ring\n|move|p1a: Ursaluna|Calm Mind|p1a: Ursaluna\n|-boost|p1a: Ursaluna|spa|1\n|-boost|p1a: Ursaluna|spd|1\n|\n|-heal|p1a: Ursaluna|100\/100 brn|[from] item: Leftovers\n|-damage|p1a: Ursaluna|94\/100 brn|[from] brn\n|upkeep\n|turn|4\n|\n|t:|1700072123\n|move|p2a: Vaporeon|Scald|p1a: Ursaluna\n|-resisted|p1a: Ursaluna\n|-damage|p1a: Ursaluna|86\/100 brn\n|move|p1a: Ursaluna|Blood Moon|p2a: Vaporeon\n|-damage|p2a: Vaporeon|0 fnt\n|faint|p2a: Vaporeon\n|\n|-heal|p1a: Ursaluna|92\/100 brn|[from] item: Leftovers\n|-damage|p1a: Ursaluna|86\/100 brn|[from] brn\n|upkeep\n|inactive|LavishRoach has 120 seconds left.\n|\n|t:|1700072136\n|switch|p2a: Mismagius|Mismagius, F, shiny|100\/100\n|turn|5\n|\n|t:|1700072141\n|move|p2a: Mismagius|Thunder Wave||[still]\n|-fail|p2a: Mismagius\n|move|p1a: Ursaluna|Moonlight|p1a: Ursaluna\n|-heal|p1a: Ursaluna|100\/100 brn\n|\n|-damage|p1a: Ursaluna|94\/100 brn|[from] brn\n|upkeep\n|turn|6\n|\n|t:|1700072157\n|move|p2a: Mismagius|Hex|p1a: Ursaluna\n|-damage|p1a: Ursaluna|67\/100 brn\n|move|p1a: Ursaluna|Blood Moon|p2a: Mismagius\n|-damage|p2a: Mismagius|0 fnt\n|faint|p2a: Mismagius\n|\n|-heal|p1a: Ursaluna|73\/100 brn|[from] item: Leftovers\n|-damage|p1a: Ursaluna|67\/100 brn|[from] brn\n|upkeep\n|inactive|LavishRoach has 120 seconds left.\n|c|\u2606flan76|wtf that animation is dope as fuck\n|\n|t:|1700072175\n|switch|p2a: Tsareena|Tsareena, F, shiny|100\/100\n|turn|7\n|inactive|LavishRoach has 120 seconds left.\n|\n|t:|1700072191\n|switch|p1a: Zacian|Zacian-Crowned|100\/100\n|-ability|p1a: Zacian|Intrepid Sword|boost\n|-boost|p1a: Zacian|atk|1\n|move|p2a: Tsareena|Knock Off|p1a: Zacian\n|-resisted|p1a: Zacian\n|-damage|p1a: Zacian|89\/100\n|\n|upkeep\n|turn|8\n|inactive|LavishRoach has 120 seconds left.\n|\n|t:|1700072205\n|move|p1a: Zacian|Swords Dance|p1a: Zacian\n|-boost|p1a: Zacian|atk|2\n|move|p2a: Tsareena|U-turn|p1a: Zacian\n|-resisted|p1a: Zacian\n|-damage|p1a: Zacian|83\/100\n|\n|t:|1700072215\n|switch|p2a: Arcanine|Arcanine, M, shiny|100\/100|[from] U-turn\n|-ability|p2a: Arcanine|Intimidate|boost\n|-unboost|p1a: Zacian|atk|1\n|\n|upkeep\n|turn|9\n|\n|t:|1700072222\n|switch|p2a: Tsareena|Tsareena, F, shiny|100\/100\n|move|p1a: Zacian|Behemoth Blade|p2a: Tsareena\n|-damage|p2a: Tsareena|0 fnt\n|faint|p2a: Tsareena\n|\n|upkeep\n|\n|t:|1700072235\n|switch|p2a: Arcanine|Arcanine, M, shiny|100\/100\n|-ability|p2a: Arcanine|Intimidate|boost\n|-unboost|p1a: Zacian|atk|1\n|turn|10\n|inactive|flan76 has 120 seconds left.\n|inactive|flan76 has 90 seconds left.\n|inactive|flan76 has 60 seconds left.\n|l|\u2606LavishRoach\n|inactive|LavishRoach disconnected and has a minute to reconnect!\n|player|p2|\n|inactive|flan76 has 30 seconds left.\n|\n|t:|1700072363\n|move|p1a: Zacian|Play Rough|p2a: Arcanine\n|-resisted|p2a: Arcanine\n|-damage|p2a: Arcanine|50\/100\n|move|p2a: Arcanine|Flame Charge|p1a: Zacian\n|-supereffective|p1a: Zacian\n|-damage|p1a: Zacian|33\/100\n|-boost|p2a: Arcanine|spe|1\n|\n|-heal|p2a: Arcanine|57\/100|[from] item: Leftovers\n|upkeep\n|turn|11\n|inactive|flan76 has 30 seconds left.\n|inactive|LavishRoach has 30 seconds to reconnect!\n|inactive|LavishRoach has 20 seconds to reconnect!\n|inactive|LavishRoach has 15 seconds to reconnect!\n|inactive|LavishRoach has 10 seconds to reconnect!\n|inactive|LavishRoach has 5 seconds to reconnect!\n|-message|LavishRoach lost due to inactivity.\n|\n|win|flan76\n|raw|flan76's rating: 1071 &rarr; <strong>1104<\/strong><br \/>(+33 for winning)\n|raw|LavishRoach's rating: 1117 &rarr; <strong>1089<\/strong><br \/>(-28 for losing)\n","uploadtime":1700072174,"views":7,"p1id":"flan76","p2id":"lavishroach","formatid":"gen9anythinggoes","rating":1089,"private":0,"password":""}