{"id":"gen9anythinggoes-1990132682","p1":"bigmansuperpower","p2":"Dirty Dilbert","format":"[Gen 9] Anything Goes","log":"|j|\u2606bigmansuperpower\n|j|\u2606Dirty Dilbert\n|t:|1699928076\n|gametype|singles\n|player|p1|bigmansuperpower|giovanni|\n|player|p2|Dirty Dilbert|artist-gen4|\n|teamsize|p1|6\n|teamsize|p2|6\n|gen|9\n|tier|[Gen 9] Anything Goes\n|rule|HP Percentage Mod: HP is shown in percentages\n|rule|Endless Battle Clause: Forcing endless battles is banned\n|clearpoke\n|poke|p1|Urshifu-*, M|\n|poke|p1|Zamazenta-*|\n|poke|p1|Dragapult, M|\n|poke|p1|Hydreigon, M|\n|poke|p1|Grimmsnarl, M|\n|poke|p1|Copperajah, M|\n|poke|p2|Regieleki|\n|poke|p2|Amoonguss, F|\n|poke|p2|Orthworm, M|\n|poke|p2|Noivern, F|\n|poke|p2|Iron Hands|\n|poke|p2|Armarouge, F|\n|teampreview\n|\n|t:|1699928102\n|start\n|switch|p1a: Zamazenta|Zamazenta|100\/100\n|switch|p2a: Regieleki|Regieleki, shiny|100\/100\n|-ability|p1a: Zamazenta|Dauntless Shield|boost\n|-boost|p1a: Zamazenta|def|1\n|turn|1\n|\n|t:|1699928119\n|move|p2a: Regieleki|Reflect|p2a: Regieleki\n|-sidestart|p2: Dirty Dilbert|Reflect\n|move|p1a: Zamazenta|Iron Defense|p1a: Zamazenta\n|-boost|p1a: Zamazenta|def|2\n|\n|upkeep\n|turn|2\n|\n|t:|1699928135\n|move|p2a: Regieleki|Volt Switch|p1a: Zamazenta\n|-damage|p1a: Zamazenta|71\/100\n|\n|t:|1699928139\n|switch|p2a: Amogus|Amoonguss, F, shiny|100\/100|[from] Volt Switch\n|move|p1a: Zamazenta|Stone Edge|p2a: Amogus\n|-damage|p2a: Amogus|90\/100\n|\n|-heal|p1a: Zamazenta|77\/100|[from] item: Leftovers\n|upkeep\n|turn|3\n|\n|t:|1699928164\n|move|p1a: Zamazenta|Close Combat|p2a: Amogus\n|-resisted|p2a: Amogus\n|-damage|p2a: Amogus|80\/100\n|-unboost|p1a: Zamazenta|def|1\n|-unboost|p1a: Zamazenta|spd|1\n|-damage|p1a: Zamazenta|60\/100|[from] item: Rocky Helmet|[of] p2a: Amogus\n|move|p2a: Amogus|Clear Smog|p1a: Zamazenta\n|-damage|p1a: Zamazenta|42\/100\n|-clearboost|p1a: Zamazenta\n|\n|-heal|p1a: Zamazenta|49\/100|[from] item: Leftovers\n|upkeep\n|turn|4\n|c|\u2606bigmansuperpower|lemme stream for joki rq\n|\n|t:|1699928205\n|switch|p1a: Hydreigon|Hydreigon, M|100\/100\n|move|p2a: Amogus|Giga Drain|p1a: Hydreigon\n|-resisted|p1a: Hydreigon\n|-damage|p1a: Hydreigon|90\/100\n|-heal|p2a: Amogus|85\/100|[from] drain|[of] p1a: Hydreigon\n|\n|-heal|p1a: Hydreigon|96\/100|[from] item: Leftovers\n|upkeep\n|turn|5\n|\n|t:|1699928225\n|move|p2a: Amogus|Protect|p2a: Amogus\n|-singleturn|p2a: Amogus|Protect\n|move|p1a: Hydreigon|Fire Blast|p2a: Amogus\n|-activate|p2a: Amogus|move: Protect\n|\n|-heal|p1a: Hydreigon|100\/100|[from] item: Leftovers\n|upkeep\n|turn|6\n|\n|t:|1699928248\n|switch|p2a: Noivern|Noivern, F|100\/100\n|move|p1a: Hydreigon|Fire Blast|p2a: Noivern\n|-resisted|p2a: Noivern\n|-crit|p2a: Noivern\n|-damage|p2a: Noivern|77\/100\n|-status|p2a: Noivern|brn\n|\n|-damage|p2a: Noivern|71\/100 brn|[from] brn\n|upkeep\n|turn|7\n|\n|t:|1699928277\n|-terastallize|p2a: Noivern|Fairy\n|move|p2a: Noivern|Draco Meteor|p1a: Hydreigon\n|-supereffective|p1a: Hydreigon\n|-damage|p1a: Hydreigon|0 fnt\n|-unboost|p2a: Noivern|spa|2\n|faint|p1a: Hydreigon\n|\n|-damage|p2a: Noivern|65\/100 brn|[from] brn\n|upkeep\n|\n|t:|1699928292\n|switch|p1a: Copperajah|Copperajah, M|100\/100\n|turn|8\n|\n|t:|1699928303\n|move|p2a: Noivern|Draco Meteor|p1a: Copperajah\n|-resisted|p1a: Copperajah\n|-crit|p1a: Copperajah\n|-damage|p1a: Copperajah|52\/100\n|-unboost|p2a: Noivern|spa|2\n|move|p1a: Copperajah|Heavy Slam|p2a: Noivern\n|-supereffective|p2a: Noivern\n|-damage|p2a: Noivern|1\/100 brn\n|\n|-heal|p1a: Copperajah|59\/100|[from] item: Leftovers\n|-damage|p2a: Noivern|0 fnt|[from] brn\n|faint|p2a: Noivern\n|-sideend|p2: Dirty Dilbert|Reflect\n|upkeep\n|\n|t:|1699928321\n|switch|p2a: Armarouge|Armarouge, F, shiny|100\/100\n|turn|9\n|\n|t:|1699928336\n|move|p2a: Armarouge|Psychic|p1a: Copperajah\n|-resisted|p1a: Copperajah\n|-damage|p1a: Copperajah|40\/100\n|-unboost|p1a: Copperajah|spd|1\n|move|p1a: Copperajah|Earthquake|p2a: Armarouge\n|-supereffective|p2a: Armarouge\n|-damage|p2a: Armarouge|40\/100\n|-ability|p2a: Armarouge|Weak Armor|boost\n|-unboost|p2a: Armarouge|def|1\n|-boost|p2a: Armarouge|spe|2\n|\n|-heal|p1a: Copperajah|46\/100|[from] item: Leftovers\n|upkeep\n|turn|10\n|\n|t:|1699928349\n|move|p2a: Armarouge|Armor Cannon|p1a: Copperajah\n|-supereffective|p1a: Copperajah\n|-damage|p1a: Copperajah|0 fnt\n|-unboost|p2a: Armarouge|def|1\n|-unboost|p2a: Armarouge|spd|1\n|faint|p1a: Copperajah\n|\n|upkeep\n|\n|t:|1699928363\n|switch|p1a: Dragapult|Dragapult, M, shiny|100\/100\n|turn|11\n|\n|t:|1699928377\n|move|p1a: Dragapult|U-turn|p2a: Armarouge\n|-damage|p2a: Armarouge|9\/100\n|-ability|p2a: Armarouge|Weak Armor|boost\n|-unboost|p2a: Armarouge|def|1\n|-boost|p2a: Armarouge|spe|2\n|\n|t:|1699928386\n|switch|p1a: Grimmsnarl|Grimmsnarl, M, shiny|100\/100|[from] U-turn\n|move|p2a: Armarouge|Dark Pulse|p1a: Grimmsnarl\n|-resisted|p1a: Grimmsnarl\n|-damage|p1a: Grimmsnarl|92\/100\n|\n|upkeep\n|turn|12\n|\n|t:|1699928399\n|move|p1a: Grimmsnarl|Sucker Punch|p2a: Armarouge\n|-supereffective|p2a: Armarouge\n|-damage|p2a: Armarouge|0 fnt\n|faint|p2a: Armarouge\n|\n|upkeep\n|\n|t:|1699928412\n|switch|p2a: Amogus|Amoonguss, F, shiny|100\/100\n|turn|13\n|\n|t:|1699928428\n|switch|p1a: Dragapult|Dragapult, M, shiny|100\/100\n|move|p2a: Amogus|Spore|p1a: Dragapult\n|-status|p1a: Dragapult|slp|[from] move: Spore\n|\n|upkeep\n|turn|14\n|\n|t:|1699928443\n|switch|p1a: Grimmsnarl|Grimmsnarl, M, shiny|92\/100\n|move|p2a: Amogus|Giga Drain|p1a: Grimmsnarl\n|-damage|p1a: Grimmsnarl|66\/100\n|\n|upkeep\n|turn|15\n|\n|t:|1699928459\n|move|p1a: Grimmsnarl|Sucker Punch||[still]\n|-fail|p1a: Grimmsnarl\n|move|p2a: Amogus|Spore|p1a: Grimmsnarl\n|-status|p1a: Grimmsnarl|slp|[from] move: Spore\n|\n|upkeep\n|turn|16\n|\n|t:|1699928469\n|switch|p1a: Zamazenta|Zamazenta|49\/100\n|move|p2a: Amogus|Clear Smog|p1a: Zamazenta\n|-crit|p1a: Zamazenta\n|-damage|p1a: Zamazenta|30\/100\n|-clearboost|p1a: Zamazenta\n|\n|-heal|p1a: Zamazenta|36\/100|[from] item: Leftovers\n|upkeep\n|turn|17\n|\n|t:|1699928484\n|move|p1a: Zamazenta|Close Combat|p2a: Amogus\n|-resisted|p2a: Amogus\n|-damage|p2a: Amogus|81\/100\n|-unboost|p1a: Zamazenta|def|1\n|-unboost|p1a: Zamazenta|spd|1\n|-damage|p1a: Zamazenta|20\/100|[from] item: Rocky Helmet|[of] p2a: Amogus\n|move|p2a: Amogus|Spore|p1a: Zamazenta\n|-status|p1a: Zamazenta|slp|[from] move: Spore\n|\n|-heal|p1a: Zamazenta|26\/100 slp|[from] item: Leftovers\n|upkeep\n|turn|18\n|\n|t:|1699928501\n|switch|p1a: Urshifu|Urshifu, M|100\/100\n|move|p2a: Amogus|Giga Drain|p1a: Urshifu\n|-damage|p1a: Urshifu|72\/100\n|-heal|p2a: Amogus|93\/100|[from] drain|[of] p1a: Urshifu\n|\n|-heal|p1a: Urshifu|78\/100|[from] item: Leftovers\n|upkeep\n|turn|19\n|\n|t:|1699928514\n|move|p2a: Amogus|Protect|p2a: Amogus\n|-singleturn|p2a: Amogus|Protect\n|move|p1a: Urshifu|Swords Dance|p1a: Urshifu\n|-boost|p1a: Urshifu|atk|2\n|\n|-heal|p1a: Urshifu|85\/100|[from] item: Leftovers\n|upkeep\n|turn|20\n|\n|t:|1699928523\n|move|p1a: Urshifu|Close Combat|p2a: Amogus\n|-resisted|p2a: Amogus\n|-damage|p2a: Amogus|46\/100\n|-unboost|p1a: Urshifu|def|1\n|-unboost|p1a: Urshifu|spd|1\n|-damage|p1a: Urshifu|68\/100|[from] item: Rocky Helmet|[of] p2a: Amogus\n|move|p2a: Amogus|Clear Smog|p1a: Urshifu\n|-damage|p1a: Urshifu|40\/100\n|-clearboost|p1a: Urshifu\n|\n|-heal|p1a: Urshifu|46\/100|[from] item: Leftovers\n|upkeep\n|turn|21\n|\n|t:|1699928541\n|move|p1a: Urshifu|Close Combat|p2a: Amogus\n|-resisted|p2a: Amogus\n|-damage|p2a: Amogus|24\/100\n|-unboost|p1a: Urshifu|def|1\n|-unboost|p1a: Urshifu|spd|1\n|-damage|p1a: Urshifu|29\/100|[from] item: Rocky Helmet|[of] p2a: Amogus\n|move|p2a: Amogus|Spore|p1a: Urshifu\n|-status|p1a: Urshifu|slp|[from] move: Spore\n|\n|-heal|p1a: Urshifu|36\/100 slp|[from] item: Leftovers\n|upkeep\n|turn|22\n|\n|t:|1699928561\n|switch|p1a: Dragapult|Dragapult, M, shiny|100\/100 slp\n|move|p2a: Amogus|Giga Drain|p1a: Dragapult\n|-resisted|p1a: Dragapult\n|-damage|p1a: Dragapult|84\/100 slp\n|-heal|p2a: Amogus|30\/100|[from] drain|[of] p1a: Dragapult\n|\n|upkeep\n|turn|23\n|\n|t:|1699928578\n|switch|p2a: Iron Hands|Iron Hands, shiny|100\/100\n|cant|p1a: Dragapult|slp\n|\n|upkeep\n|turn|24\n|\n|t:|1699928586\n|cant|p1a: Dragapult|slp\n|move|p2a: Iron Hands|Ice Punch|p1a: Dragapult\n|-supereffective|p1a: Dragapult\n|-damage|p1a: Dragapult|6\/100 slp\n|\n|upkeep\n|turn|25\n|\n|t:|1699928600\n|cant|p1a: Dragapult|slp\n|move|p2a: Iron Hands|Ice Punch|p1a: Dragapult\n|-supereffective|p1a: Dragapult\n|-damage|p1a: Dragapult|0 fnt\n|faint|p1a: Dragapult\n|\n|upkeep\n|\n|t:|1699928618\n|switch|p1a: Grimmsnarl|Grimmsnarl, M, shiny|66\/100 slp\n|turn|26\n|\n|t:|1699928639\n|cant|p1a: Grimmsnarl|slp\n|move|p2a: Iron Hands|Ice Punch|p1a: Grimmsnarl\n|-damage|p1a: Grimmsnarl|31\/100 slp\n|\n|upkeep\n|turn|27\n|\n|t:|1699928651\n|-curestatus|p1a: Grimmsnarl|slp|[msg]\n|move|p1a: Grimmsnarl|Thunder Wave|p2a: Iron Hands\n|-immune|p2a: Iron Hands\n|move|p2a: Iron Hands|Ice Punch|p1a: Grimmsnarl\n|-damage|p1a: Grimmsnarl|0 fnt\n|faint|p1a: Grimmsnarl\n|\n|upkeep\n|\n|t:|1699928664\n|switch|p1a: Zamazenta|Zamazenta|26\/100 slp\n|turn|28\n|\n|t:|1699928669\n|cant|p1a: Zamazenta|slp\n|move|p2a: Iron Hands|Drain Punch|p1a: Zamazenta\n|-damage|p1a: Zamazenta|0 fnt\n|faint|p1a: Zamazenta\n|\n|upkeep\n|\n|t:|1699928675\n|switch|p1a: Urshifu|Urshifu, M|36\/100 slp\n|turn|29\n|\n|t:|1699928681\n|move|p2a: Iron Hands|Drain Punch|p1a: Urshifu\n|-supereffective|p1a: Urshifu\n|-damage|p1a: Urshifu|0 fnt\n|faint|p1a: Urshifu\n|\n|win|Dirty Dilbert\n|l|\u2606bigmansuperpower\n|j|\u2606bigmansuperpower\n|player|p1|bigmansuperpower|giovanni\n|l|\u2606bigmansuperpower\n|player|p1|\n","uploadtime":1699928720,"views":27,"p1id":"bigmansuperpower","p2id":"dirtydilbert","formatid":"gen9anythinggoes","rating":0,"private":0,"password":""}