{"id":"gen9anythinggoes-1990233502","p1":"darth xman","p2":"Dregone","format":"[Gen 9] Anything Goes","log":"|j|\u2606darth xman\n|j|\u2606Dregone\n|inactive|Battle timer is ON: inactive players will automatically lose when time's up.\n|t:|1699941605\n|gametype|singles\n|player|p1|darth xman|170|\n|player|p2|Dregone|cynthia-masters|\n|teamsize|p1|6\n|teamsize|p2|6\n|gen|9\n|tier|[Gen 9] Anything Goes\n|rated|Tournament battle\n|rule|HP Percentage Mod: HP is shown in percentages\n|rule|Endless Battle Clause: Forcing endless battles is banned\n|rule|Camomons Mod: Pok\u00e9mon have their types set to match their first two moves.\n|clearpoke\n|poke|p1|Koraidon|\n|poke|p1|Iron Moth|\n|poke|p1|Cloyster, F|\n|poke|p1|Chien-Pao|\n|poke|p1|Miraidon|\n|poke|p1|Calyrex-Shadow|\n|poke|p2|Calyrex-Shadow|\n|poke|p2|Arceus-Ground|\n|poke|p2|Koraidon|\n|poke|p2|Arceus|\n|poke|p2|Arceus-Fairy|\n|poke|p2|Ribombee, F|\n|teampreview\n|j|*Lady Monita \u2746\n|inactive|darth xman also wants the timer to be on.\n|inactive|Dregone also wants the timer to be on.\n|\n|t:|1699941630\n|start\n|switch|p1a: Iron Moth|Iron Moth|100\/100\n|switch|p2a: Arceus|Arceus-Fairy|100\/100\n|-start|p2a: Arceus|typechange|Fairy|[silent]\n|-start|p1a: Iron Moth|typechange|Psychic\/Fire|[silent]\n|-enditem|p1a: Iron Moth|Booster Energy\n|-activate|p1a: Iron Moth|ability: Quark Drive|[fromitem]\n|-start|p1a: Iron Moth|quarkdrivespa\n|-start|p1a: Iron Moth|typechange|Psychic\/Fire|[silent]\n|turn|1\n|\n|t:|1699941646\n|move|p2a: Arceus|Stealth Rock|p1a: Iron Moth\n|-sidestart|p1: darth xman|move: Stealth Rock\n|move|p1a: Iron Moth|Agility|p1a: Iron Moth\n|-boost|p1a: Iron Moth|spe|2\n|\n|upkeep\n|turn|2\n|\n|t:|1699941652\n|move|p1a: Iron Moth|Fiery Dance|p2a: Arceus\n|-damage|p2a: Arceus|56\/100\n|-boost|p1a: Iron Moth|spa|1\n|move|p2a: Arceus|Taunt|p1a: Iron Moth\n|-start|p1a: Iron Moth|move: Taunt\n|\n|upkeep\n|turn|3\n|j| munchkinp\n|\n|t:|1699941680\n|move|p1a: Iron Moth|Fiery Dance|p2a: Arceus\n|-damage|p2a: Arceus|0 fnt\n|faint|p2a: Arceus\n|\n|upkeep\n|\n|t:|1699941687\n|switch|p2a: Arceus|Arceus-Ground|100\/100\n|-start|p2a: Arceus|typechange|Ground|[silent]\n|turn|4\n|\n|t:|1699941695\n|move|p1a: Iron Moth|Psychic|p2a: Arceus\n|-damage|p2a: Arceus|13\/100\n|move|p2a: Arceus|Earthquake|p1a: Iron Moth\n|-supereffective|p1a: Iron Moth\n|-damage|p1a: Iron Moth|0 fnt\n|faint|p1a: Iron Moth\n|-end|p1a: Iron Moth|Quark Drive|[silent]\n|\n|upkeep\n|\n|t:|1699941701\n|switch|p1a: Koraidon|Koraidon|100\/100\n|-start|p1a: Koraidon|typechange|Normal\/Fighting|[silent]\n|-damage|p1a: Koraidon|94\/100|[from] Stealth Rock\n|-weather|SunnyDay|[from] ability: Orichalcum Pulse|[of] p1a: Koraidon\n|-activate|p1a: Koraidon|Orichalcum Pulse|[source]\n|-start|p1a: Koraidon|typechange|Normal\/Fighting|[silent]\n|turn|5\n|\n|t:|1699941707\n|move|p1a: Koraidon|Drain Punch|p2a: Arceus\n|-damage|p2a: Arceus|0 fnt\n|-heal|p1a: Koraidon|100\/100|[from] drain|[of] p2a: Arceus\n|faint|p2a: Arceus\n|\n|-weather|SunnyDay|[upkeep]\n|upkeep\n|\n|t:|1699941710\n|switch|p2a: Ribombee|Ribombee, F|100\/100\n|-start|p2a: Ribombee|typechange|Normal\/Bug|[silent]\n|-start|p2a: Ribombee|typechange|Normal\/Bug|[silent]\n|turn|6\n|\n|t:|1699941714\n|move|p1a: Koraidon|Flame Charge|p2a: Ribombee\n|-supereffective|p2a: Ribombee\n|-enditem|p2a: Ribombee|Focus Sash\n|-damage|p2a: Ribombee|1\/100\n|-boost|p1a: Koraidon|spe|1\n|move|p2a: Ribombee|Tailwind|p2a: Ribombee\n|-sidestart|p2: Dregone|move: Tailwind\n|\n|-weather|SunnyDay|[upkeep]\n|upkeep\n|turn|7\n|\n|t:|1699941719\n|move|p2a: Ribombee|Sticky Web|p1a: Koraidon\n|-sidestart|p1: darth xman|move: Sticky Web\n|move|p1a: Koraidon|Flame Charge|p2a: Ribombee\n|-supereffective|p2a: Ribombee\n|-damage|p2a: Ribombee|0 fnt\n|-boost|p1a: Koraidon|spe|1\n|faint|p2a: Ribombee\n|\n|-weather|SunnyDay|[upkeep]\n|upkeep\n|j| Future king of ou\n|inactive|Dregone has 120 seconds left.\n|\n|t:|1699941752\n|switch|p2a: Calyrex|Calyrex-Shadow|100\/100\n|-ability|p2a: Calyrex|As One\n|-ability|p2a: Calyrex|Unnerve\n|-start|p2a: Calyrex|typechange|Ghost\/Normal|[silent]\n|-start|p2a: Calyrex|typechange|Ghost\/Normal|[silent]\n|turn|8\n|c| Future king of ou|Dregone no way you lose this.\n|inactive|Dregone has 120 seconds left.\n|\n|t:|1699941770\n|-terastallize|p1a: Koraidon|Fire\n|move|p2a: Calyrex|Nasty Plot|p2a: Calyrex\n|-boost|p2a: Calyrex|spa|2\n|move|p1a: Koraidon|Flame Charge|p2a: Calyrex\n|-damage|p2a: Calyrex|41\/100\n|-boost|p1a: Koraidon|spe|1\n|\n|-weather|SunnyDay|[upkeep]\n|upkeep\n|turn|9\n|c| Future king of ou|This guy is literally just using a prehome sample team with calyrexshadow instead\n|inactive|Dregone has 120 seconds left.\n|\n|t:|1699941785\n|switch|p2a: Koraidon|Koraidon|100\/100\n|-start|p2a: Koraidon|typechange|Normal\/Fire|[silent]\n|-activate|p2a: Koraidon|ability: Orichalcum Pulse\n|move|p1a: Koraidon|Flame Charge|p2a: Koraidon\n|-resisted|p2a: Koraidon\n|-damage|p2a: Koraidon|73\/100\n|-boost|p1a: Koraidon|spe|1\n|\n|-weather|none\n|-sideend|p2: Dregone|move: Tailwind\n|upkeep\n|-start|p2a: Koraidon|typechange|Normal\/Fire|[silent]\n|turn|10\n|inactive|Dregone has 120 seconds left.\n|\n|t:|1699941808\n|move|p1a: Koraidon|Drain Punch|p2a: Koraidon\n|-supereffective|p2a: Koraidon\n|-damage|p2a: Koraidon|1\/100\n|move|p2a: Koraidon|Scale Shot|p1a: Koraidon\n|-crit|p1a: Koraidon\n|-damage|p1a: Koraidon|89\/100\n|-damage|p1a: Koraidon|81\/100\n|-damage|p1a: Koraidon|72\/100\n|-crit|p1a: Koraidon\n|-damage|p1a: Koraidon|59\/100\n|-hitcount|p1a: Koraidon|4\n|-unboost|p2a: Koraidon|def|1\n|-boost|p2a: Koraidon|spe|1\n|\n|-heal|p1a: Koraidon|65\/100|[from] item: Leftovers\n|upkeep\n|turn|11\n|\n|t:|1699941819\n|move|p1a: Koraidon|Drain Punch|p2a: Koraidon\n|-supereffective|p2a: Koraidon\n|-damage|p2a: Koraidon|0 fnt\n|-heal|p1a: Koraidon|66\/100|[from] drain|[of] p2a: Koraidon\n|faint|p2a: Koraidon\n|\n|-heal|p1a: Koraidon|72\/100|[from] item: Leftovers\n|upkeep\n|\n|t:|1699941829\n|switch|p2a: Calyrex|Calyrex-Shadow|41\/100\n|-ability|p2a: Calyrex|As One\n|-ability|p2a: Calyrex|Unnerve\n|-start|p2a: Calyrex|typechange|Ghost\/Normal|[silent]\n|-start|p2a: Calyrex|typechange|Ghost\/Normal|[silent]\n|turn|12\n|\n|t:|1699941836\n|move|p1a: Koraidon|Outrage|p2a: Calyrex\n|-damage|p2a: Calyrex|1\/100\n|move|p2a: Calyrex|Astral Barrage|p1a: Koraidon\n|-damage|p1a: Koraidon|13\/100\n|\n|-heal|p1a: Koraidon|20\/100|[from] item: Leftovers\n|upkeep\n|turn|13\n|\n|t:|1699941843\n|move|p1a: Koraidon|Outrage|p2a: Calyrex|[from]lockedmove\n|-damage|p2a: Calyrex|0 fnt\n|faint|p2a: Calyrex\n|-start|p1a: Koraidon|confusion|[fatigue]\n|\n|-heal|p1a: Koraidon|26\/100|[from] item: Leftovers\n|upkeep\n|\n|t:|1699941845\n|switch|p2a: Arceus|Arceus|100\/100\n|-start|p2a: Arceus|typechange|Normal|[silent]\n|turn|14\n|\n|t:|1699941852\n|move|p2a: Arceus|Extreme Speed|p1a: Koraidon\n|-crit|p1a: Koraidon\n|-damage|p1a: Koraidon|0 fnt\n|faint|p1a: Koraidon\n|-damage|p2a: Arceus|90\/100|[from] item: Life Orb\n|\n|upkeep\n|\n|t:|1699941863\n|switch|p1a: Chien-Pao|Chien-Pao|100\/100\n|-start|p1a: Chien-Pao|typechange|Normal\/Dark|[silent]\n|-damage|p1a: Chien-Pao|88\/100|[from] Stealth Rock\n|-activate|p1a: Chien-Pao|move: Sticky Web\n|-unboost|p1a: Chien-Pao|spe|1\n|-ability|p1a: Chien-Pao|Sword of Ruin\n|-start|p1a: Chien-Pao|typechange|Normal\/Dark|[silent]\n|turn|15\n|j|^RUMYMOME\n|\n|t:|1699941880\n|-terastallize|p2a: Arceus|Normal\n|move|p2a: Arceus|Extreme Speed|p1a: Chien-Pao\n|-damage|p1a: Chien-Pao|0 fnt\n|faint|p1a: Chien-Pao\n|-damage|p2a: Arceus|80\/100|[from] item: Life Orb\n|\n|upkeep\n|\n|t:|1699941886\n|switch|p1a: Calyrex|Calyrex-Shadow|100\/100\n|-ability|p1a: Calyrex|As One\n|-ability|p1a: Calyrex|Unnerve\n|-start|p1a: Calyrex|typechange|Ghost\/Fairy|[silent]\n|-damage|p1a: Calyrex|88\/100|[from] Stealth Rock\n|-activate|p1a: Calyrex|move: Sticky Web\n|-unboost|p1a: Calyrex|spe|1\n|-start|p1a: Calyrex|typechange|Ghost\/Fairy|[silent]\n|turn|16\n|\n|t:|1699941896\n|move|p1a: Calyrex|Calm Mind|p1a: Calyrex\n|-boost|p1a: Calyrex|spa|1\n|-boost|p1a: Calyrex|spd|1\n|move|p2a: Arceus|Swords Dance|p2a: Arceus\n|-boost|p2a: Arceus|atk|2\n|\n|upkeep\n|turn|17\n|\n|t:|1699941902\n|move|p1a: Calyrex|Draining Kiss|p2a: Arceus\n|-damage|p2a: Arceus|48\/100\n|-heal|p1a: Calyrex|100\/100|[from] drain|[of] p2a: Arceus\n|move|p2a: Arceus|Earthquake|p1a: Calyrex\n|-enditem|p1a: Calyrex|Focus Sash\n|-damage|p1a: Calyrex|1\/100\n|-damage|p2a: Arceus|38\/100|[from] item: Life Orb\n|\n|upkeep\n|turn|18\n|\n|t:|1699941909\n|move|p1a: Calyrex|Draining Kiss|p2a: Arceus\n|-damage|p2a: Arceus|7\/100\n|-heal|p1a: Calyrex|31\/100|[from] drain|[of] p2a: Arceus\n|move|p2a: Arceus|Recover|p2a: Arceus\n|-heal|p2a: Arceus|57\/100\n|\n|upkeep\n|turn|19\n|\n|t:|1699941912\n|move|p1a: Calyrex|Draining Kiss|p2a: Arceus\n|-damage|p2a: Arceus|23\/100\n|-heal|p1a: Calyrex|63\/100|[from] drain|[of] p2a: Arceus\n|move|p2a: Arceus|Recover|p2a: Arceus\n|-heal|p2a: Arceus|73\/100\n|\n|upkeep\n|turn|20\n|\n|t:|1699941924\n|move|p1a: Calyrex|Calm Mind|p1a: Calyrex\n|-boost|p1a: Calyrex|spa|1\n|-boost|p1a: Calyrex|spd|1\n|move|p2a: Arceus|Earthquake|p1a: Calyrex\n|-damage|p1a: Calyrex|0 fnt\n|faint|p1a: Calyrex\n|-damage|p2a: Arceus|63\/100|[from] item: Life Orb\n|\n|upkeep\n|\n|t:|1699941926\n|switch|p1a: Miraidon|Miraidon|100\/100\n|-start|p1a: Miraidon|typechange|Steel\/Fairy|[silent]\n|-damage|p1a: Miraidon|94\/100|[from] Stealth Rock\n|-activate|p1a: Miraidon|move: Sticky Web\n|-unboost|p1a: Miraidon|spe|1\n|-fieldstart|move: Electric Terrain|[from] ability: Hadron Engine|[of] p1a: Miraidon\n|-start|p1a: Miraidon|typechange|Steel\/Fairy|[silent]\n|turn|21\n|\n|t:|1699941937\n|move|p2a: Arceus|Earthquake|p1a: Miraidon\n|-supereffective|p1a: Miraidon\n|-damage|p1a: Miraidon|0 fnt\n|faint|p1a: Miraidon\n|-damage|p2a: Arceus|53\/100|[from] item: Life Orb\n|\n|upkeep\n|\n|t:|1699941939\n|switch|p1a: Cloyster|Cloyster, F|100\/100\n|-start|p1a: Cloyster|typechange|Normal\/Ice|[silent]\n|-damage|p1a: Cloyster|76\/100|[from] Stealth Rock\n|-activate|p1a: Cloyster|move: Sticky Web\n|-unboost|p1a: Cloyster|spe|1\n|-start|p1a: Cloyster|typechange|Normal\/Ice|[silent]\n|turn|22\n|\n|t:|1699941945\n|move|p2a: Arceus|Extreme Speed|p1a: Cloyster\n|-damage|p1a: Cloyster|0 fnt\n|faint|p1a: Cloyster\n|-damage|p2a: Arceus|43\/100|[from] item: Life Orb\n|\n|win|Dregone\n|n|\u2606darth xman|darthxman\n|n|\u2606Dregone|dregone\n|n|*Lady Monita \u2746|ladymonita\n|n| munchkinp|munchkinp\n|n| Future king of ou|futurekingofou\n|n| RUMYMOME|rumymome\n|l|*Lady Monita \u2746\n|l|\u2606darth xman\n","uploadtime":1699941951,"views":6,"p1id":"darthxman","p2id":"dregone","formatid":"gen9anythinggoes","rating":0,"private":0,"password":""}