{"id":"gen9anythinggoes-1983985527","p1":"GnKUKI","p2":"Beh6z","format":"[Gen 9] Anything Goes","log":"|j|\u2606GnKUKI\n|j|\u2606Beh6z\n|t:|1699206959\n|gametype|singles\n|player|p1|GnKUKI|102|\n|player|p2|Beh6z|battlegirl-gen4|\n|teamsize|p1|6\n|teamsize|p2|6\n|gen|9\n|tier|[Gen 9] Anything Goes\n|rule|HP Percentage Mod: HP is shown in percentages\n|rule|Endless Battle Clause: Forcing endless battles is banned\n|clearpoke\n|poke|p1|Gardevoir, F|\n|poke|p1|Umbreon, F|\n|poke|p1|Decidueye, F|\n|poke|p1|Noivern, M|\n|poke|p1|Infernape, F|\n|poke|p1|Azumarill, F|\n|poke|p2|Calyrex-Shadow|\n|poke|p2|Chien-Pao|\n|poke|p2|Regieleki|\n|poke|p2|Miraidon|\n|poke|p2|Ogerpon-Hearthflame, F|\n|poke|p2|Gliscor, F|\n|teampreview\n|inactive|Battle timer is ON: inactive players will automatically lose when time's up. (requested by Beh6z)\n|j| Guibs279\n|j| OtavioStarshine\n|c| Guibs279|O cara colocou 4 lendarios no time.\n|inactive|Beh6z has 270 seconds left.\n|c| Guibs279|5*\n|c|\u2606Beh6z|ag n\u00e9\n|\n|t:|1699207018\n|start\n|switch|p1a: Umbreon|Umbreon, F|100\/100\n|switch|p2a: energy taxes|Regieleki|100\/100\n|turn|1\n|\n|t:|1699207040\n|move|p2a: energy taxes|Thunder Wave|p1a: Umbreon\n|-status|p1a: Umbreon|par\n|-activate|p1a: Umbreon|ability: Synchronize\n|-immune|p2a: energy taxes\n|move|p1a: Umbreon|Toxic|p2a: energy taxes\n|-status|p2a: energy taxes|tox\n|\n|-damage|p2a: energy taxes|95\/100 tox|[from] psn\n|upkeep\n|turn|2\n|\n|t:|1699207058\n|move|p2a: energy taxes|Volt Switch|p1a: Umbreon\n|-damage|p1a: Umbreon|58\/100 par\n|-damage|p2a: energy taxes|85\/100 tox|[from] item: Life Orb\n|inactive|Beh6z has 270 seconds left.\n|\n|t:|1699207090\n|switch|p2a: edgy the cat|Chien-Pao|100\/100|[from] Volt Switch\n|-ability|p2a: edgy the cat|Sword of Ruin\n|move|p1a: Umbreon|Foul Play|p2a: edgy the cat\n|-resisted|p2a: edgy the cat\n|-damage|p2a: edgy the cat|67\/100\n|\n|-heal|p1a: Umbreon|64\/100 par|[from] item: Leftovers\n|upkeep\n|turn|3\n|\n|t:|1699207110\n|move|p2a: edgy the cat|Sacred Sword|p1a: Umbreon\n|-supereffective|p1a: Umbreon\n|-damage|p1a: Umbreon|0 fnt\n|faint|p1a: Umbreon\n|\n|upkeep\n|\n|t:|1699207119\n|switch|p1a: Noivern|Noivern, M|100\/100\n|turn|4\n|\n|t:|1699207136\n|move|p2a: edgy the cat|Ice Shard|p1a: Noivern\n|-supereffective|p1a: Noivern\n|-damage|p1a: Noivern|0 fnt\n|faint|p1a: Noivern\n|\n|upkeep\n|c| Guibs279|Tadinho do Noivern.\n|\n|t:|1699207143\n|switch|p1a: Azumarill|Azumarill, F|100\/100\n|turn|5\n|inactive|Beh6z has 240 seconds left.\n|\n|t:|1699207172\n|move|p2a: edgy the cat|Swords Dance|p2a: edgy the cat\n|-boost|p2a: edgy the cat|atk|2\n|move|p1a: Azumarill|Knock Off|p2a: edgy the cat\n|-resisted|p2a: edgy the cat\n|-damage|p2a: edgy the cat|40\/100\n|-enditem|p2a: edgy the cat|Focus Sash|[from] move: Knock Off|[of] p1a: Azumarill\n|\n|upkeep\n|turn|6\n|inactive|Beh6z has 240 seconds left.\n|\n|t:|1699207201\n|move|p2a: edgy the cat|Sucker Punch||[still]\n|-fail|p2a: edgy the cat\n|move|p1a: Azumarill|Belly Drum|p1a: Azumarill\n|-damage|p1a: Azumarill|51\/100\n|-setboost|p1a: Azumarill|atk|6|[from] move: Belly Drum\n|\n|upkeep\n|turn|7\n|inactive|Beh6z has 240 seconds left.\n|\n|t:|1699207217\n|move|p2a: edgy the cat|Sucker Punch|p1a: Azumarill\n|-resisted|p1a: Azumarill\n|-damage|p1a: Azumarill|0 fnt\n|faint|p1a: Azumarill\n|\n|upkeep\n|\n|t:|1699207222\n|switch|p1a: Infernape|Infernape, F|100\/100\n|turn|8\n|inactive|Beh6z has 240 seconds left.\n|\n|t:|1699207231\n|move|p2a: edgy the cat|Ice Shard|p1a: Infernape\n|-resisted|p1a: Infernape\n|-damage|p1a: Infernape|59\/100\n|move|p1a: Infernape|Vacuum Wave|p2a: edgy the cat\n|-supereffective|p2a: edgy the cat\n|-damage|p2a: edgy the cat|0 fnt\n|faint|p2a: edgy the cat\n|-damage|p1a: Infernape|49\/100|[from] item: Life Orb\n|\n|upkeep\n|inactive|Beh6z has 240 seconds left.\n|\n|t:|1699207255\n|switch|p2a: SS+ tier|Calyrex-Shadow|100\/100\n|-ability|p2a: SS+ tier|As One\n|-ability|p2a: SS+ tier|Unnerve\n|turn|9\n|\n|t:|1699207265\n|switch|p1a: Decidueye|Decidueye, F|100\/100\n|move|p2a: SS+ tier|Psychic|p1a: Decidueye\n|-damage|p1a: Decidueye|18\/100\n|-damage|p2a: SS+ tier|91\/100|[from] item: Life Orb\n|\n|upkeep\n|turn|10\n|\n|t:|1699207276\n|move|p2a: SS+ tier|Psychic|p1a: Decidueye\n|-damage|p1a: Decidueye|0 fnt\n|faint|p1a: Decidueye\n|-ability|p2a: SS+ tier|Grim Neigh|boost\n|-boost|p2a: SS+ tier|spa|1\n|-damage|p2a: SS+ tier|81\/100|[from] item: Life Orb\n|\n|upkeep\n|\n|t:|1699207283\n|switch|p1a: Gardevoir|Gardevoir, F|100\/100\n|turn|11\n|\n|t:|1699207292\n|move|p2a: SS+ tier|Astral Barrage|p1a: Gardevoir\n|-supereffective|p1a: Gardevoir\n|-damage|p1a: Gardevoir|0 fnt\n|faint|p1a: Gardevoir\n|-ability|p2a: SS+ tier|Grim Neigh|boost\n|-boost|p2a: SS+ tier|spa|1\n|-damage|p2a: SS+ tier|71\/100|[from] item: Life Orb\n|\n|upkeep\n|\n|t:|1699207301\n|switch|p1a: Infernape|Infernape, F|49\/100\n|turn|12\n|c| Guibs279|F\n|c|\u2606Beh6z|uh\n|\n|t:|1699207313\n|move|p1a: Infernape|Vacuum Wave|p2a: SS+ tier\n|-immune|p2a: SS+ tier\n|move|p2a: SS+ tier|Psychic|p1a: Infernape\n|-supereffective|p1a: Infernape\n|-damage|p1a: Infernape|0 fnt\n|faint|p1a: Infernape\n|-damage|p2a: SS+ tier|61\/100|[from] item: Life Orb\n|\n|win|Beh6z\n|c|\u2606Beh6z|ok\n","uploadtime":1699207321,"views":6,"p1id":"gnkuki","p2id":"beh6z","formatid":"gen9anythinggoes","rating":0,"private":0,"password":""}