{"id":"gen9anythinggoes-1995111569","p1":"chandelurecandy","p2":"BillyBobWho2","format":"[Gen 9] Anything Goes","log":"|j|\u2606chandelurecandy\n|j|\u2606BillyBobWho2\n|t:|1700523820\n|gametype|singles\n|player|p1|chandelurecandy|dragontamer|1108\n|player|p2|BillyBobWho2|265|1115\n|teamsize|p1|6\n|teamsize|p2|6\n|gen|9\n|tier|[Gen 9] Anything Goes\n|rated|\n|rule|HP Percentage Mod: HP is shown in percentages\n|rule|Endless Battle Clause: Forcing endless battles is banned\n|clearpoke\n|poke|p1|Toxicroak, F|\n|poke|p1|Avalugg, M|\n|poke|p1|Chansey, F|\n|poke|p1|Mismagius, M|\n|poke|p1|Electrode-Hisui|\n|poke|p1|Gligar, F|\n|poke|p2|Sandshrew, F|\n|poke|p2|Dragapult, M|\n|poke|p2|Polteageist|\n|poke|p2|Tyranitar, M|\n|poke|p2|Hippowdon, F|\n|poke|p2|Iron Valiant|\n|teampreview\n|inactive|Battle timer is ON: inactive players will automatically lose when time's up. (requested by chandelurecandy)\n|c|\u2606chandelurecandy|glhf\n|\n|t:|1700523827\n|start\n|switch|p1a: Chansey|Chansey, F|100\/100\n|switch|p2a: Tyranitar|Tyranitar, M|100\/100\n|-weather|Sandstorm|[from] ability: Sand Stream|[of] p2a: Tyranitar\n|turn|1\n|\n|t:|1700523835\n|switch|p2a: Dragapult|Dragapult, M|100\/100\n|move|p1a: Chansey|Thunder Wave|p2a: Dragapult|[miss]\n|-miss|p1a: Chansey|p2a: Dragapult\n|\n|-weather|Sandstorm|[upkeep]\n|-damage|p2a: Dragapult|94\/100|[from] Sandstorm\n|-damage|p1a: Chansey|94\/100|[from] Sandstorm\n|upkeep\n|turn|2\n|\n|t:|1700523843\n|move|p2a: Dragapult|Double Team|p2a: Dragapult\n|-boost|p2a: Dragapult|evasion|1\n|move|p1a: Chansey|Thunder Wave|p2a: Dragapult\n|-status|p2a: Dragapult|par\n|\n|-weather|Sandstorm|[upkeep]\n|-damage|p2a: Dragapult|88\/100 par|[from] Sandstorm\n|-damage|p1a: Chansey|88\/100|[from] Sandstorm\n|upkeep\n|turn|3\n|\n|t:|1700523851\n|switch|p1a: Toxicroak|Toxicroak, F|100\/100\n|move|p2a: Dragapult|Double Team|p2a: Dragapult\n|-boost|p2a: Dragapult|evasion|1\n|\n|-weather|Sandstorm|[upkeep]\n|-damage|p1a: Toxicroak|94\/100|[from] Sandstorm\n|-damage|p2a: Dragapult|82\/100 par|[from] Sandstorm\n|upkeep\n|turn|4\n|\n|t:|1700523858\n|move|p1a: Toxicroak|Swords Dance|p1a: Toxicroak\n|-boost|p1a: Toxicroak|atk|2\n|-enditem|p2a: Dragapult|Mirror Herb\n|-boost|p2a: Dragapult|atk|2|[from] item: Mirror Herb\n|cant|p2a: Dragapult|par\n|\n|-weather|Sandstorm|[upkeep]\n|-damage|p1a: Toxicroak|88\/100|[from] Sandstorm\n|-damage|p2a: Dragapult|76\/100 par|[from] Sandstorm\n|upkeep\n|turn|5\n|\n|t:|1700523866\n|move|p1a: Toxicroak|Ice Punch|p2a: Dragapult\n|-supereffective|p2a: Dragapult\n|-damage|p2a: Dragapult|0 fnt\n|faint|p2a: Dragapult\n|-damage|p1a: Toxicroak|78\/100|[from] item: Life Orb\n|\n|-weather|none\n|upkeep\n|c|\u2606chandelurecandy|uh\n|\n|t:|1700523872\n|switch|p2a: Hippowdon|Hippowdon, F|100\/100\n|-weather|Sandstorm|[from] ability: Sand Stream|[of] p2a: Hippowdon\n|turn|6\n|\n|t:|1700523879\n|move|p1a: Toxicroak|Ice Punch|p2a: Hippowdon\n|-supereffective|p2a: Hippowdon\n|-damage|p2a: Hippowdon|18\/100\n|-status|p2a: Hippowdon|psn|[from] ability: Poison Touch|[of] p1a: Toxicroak\n|-damage|p1a: Toxicroak|69\/100|[from] item: Life Orb\n|move|p2a: Hippowdon|Facade|p1a: Toxicroak\n|-damage|p1a: Toxicroak|0 fnt\n|faint|p1a: Toxicroak\n|\n|-weather|Sandstorm|[upkeep]\n|-damage|p2a: Hippowdon|5\/100 psn|[from] psn\n|upkeep\n|\n|t:|1700523888\n|switch|p1a: Chansey|Chansey, F|88\/100\n|turn|7\n|\n|t:|1700523903\n|move|p1a: Chansey|Soft-Boiled|p1a: Chansey\n|-heal|p1a: Chansey|100\/100\n|move|p2a: Hippowdon|Facade|p1a: Chansey\n|-damage|p1a: Chansey|73\/100\n|\n|-weather|Sandstorm|[upkeep]\n|-damage|p1a: Chansey|67\/100|[from] Sandstorm\n|-damage|p2a: Hippowdon|0 fnt|[from] psn\n|faint|p2a: Hippowdon\n|upkeep\n|\n|t:|1700523916\n|switch|p2a: Iron Valiant|Iron Valiant|100\/100\n|turn|8\n|\n|t:|1700523921\n|move|p2a: Iron Valiant|Aura Sphere|p1a: Chansey\n|-supereffective|p1a: Chansey\n|-damage|p1a: Chansey|46\/100\n|move|p1a: Chansey|Thunder Wave|p2a: Iron Valiant\n|-status|p2a: Iron Valiant|par\n|\n|-weather|Sandstorm|[upkeep]\n|-damage|p2a: Iron Valiant|94\/100 par|[from] Sandstorm\n|-damage|p1a: Chansey|40\/100|[from] Sandstorm\n|upkeep\n|turn|9\n|\n|t:|1700523930\n|move|p2a: Iron Valiant|Aura Sphere|p1a: Chansey\n|-supereffective|p1a: Chansey\n|-damage|p1a: Chansey|17\/100\n|move|p1a: Chansey|Soft-Boiled|p1a: Chansey\n|-heal|p1a: Chansey|67\/100\n|\n|-weather|Sandstorm|[upkeep]\n|-damage|p2a: Iron Valiant|88\/100 par|[from] Sandstorm\n|-damage|p1a: Chansey|60\/100|[from] Sandstorm\n|upkeep\n|turn|10\n|\n|t:|1700523938\n|move|p2a: Iron Valiant|Aura Sphere|p1a: Chansey\n|-supereffective|p1a: Chansey\n|-damage|p1a: Chansey|39\/100\n|move|p1a: Chansey|Soft-Boiled|p1a: Chansey\n|-heal|p1a: Chansey|89\/100\n|\n|-weather|none\n|upkeep\n|turn|11\n|\n|t:|1700523946\n|move|p2a: Iron Valiant|Aura Sphere|p1a: Chansey\n|-supereffective|p1a: Chansey\n|-damage|p1a: Chansey|67\/100\n|move|p1a: Chansey|Soft-Boiled|p1a: Chansey\n|-heal|p1a: Chansey|100\/100\n|\n|upkeep\n|turn|12\n|\n|t:|1700523956\n|move|p2a: Iron Valiant|Aura Sphere|p1a: Chansey\n|-supereffective|p1a: Chansey\n|-damage|p1a: Chansey|80\/100\n|move|p1a: Chansey|Stealth Rock|p2a: Iron Valiant\n|-sidestart|p2: BillyBobWho2|move: Stealth Rock\n|\n|upkeep\n|turn|13\n|\n|t:|1700523964\n|move|p2a: Iron Valiant|Aura Sphere|p1a: Chansey\n|-supereffective|p1a: Chansey\n|-damage|p1a: Chansey|58\/100\n|move|p1a: Chansey|Soft-Boiled|p1a: Chansey\n|-heal|p1a: Chansey|100\/100\n|\n|upkeep\n|turn|14\n|\n|t:|1700523971\n|switch|p1a: Mismagius|Mismagius, M|100\/100\n|move|p2a: Iron Valiant|Aura Sphere|p1a: Mismagius\n|-immune|p1a: Mismagius\n|\n|upkeep\n|turn|15\n|\n|t:|1700523978\n|-end|p2a: Iron Valiant|Quark Drive|[silent]\n|switch|p2a: Tyranitar|Tyranitar, M|100\/100\n|-weather|Sandstorm|[from] ability: Sand Stream|[of] p2a: Tyranitar\n|move|p1a: Mismagius|Substitute|p1a: Mismagius\n|-start|p1a: Mismagius|Substitute\n|-damage|p1a: Mismagius|76\/100\n|\n|-weather|Sandstorm|[upkeep]\n|-damage|p1a: Mismagius|69\/100|[from] Sandstorm\n|upkeep\n|turn|16\n|\n|t:|1700523991\n|move|p1a: Mismagius|Nasty Plot|p1a: Mismagius\n|-boost|p1a: Mismagius|spa|2\n|move|p2a: Tyranitar|Thunder Punch|p1a: Mismagius\n|-end|p1a: Mismagius|Substitute\n|\n|-weather|Sandstorm|[upkeep]\n|-damage|p1a: Mismagius|63\/100|[from] Sandstorm\n|upkeep\n|turn|17\n|\n|t:|1700524001\n|move|p1a: Mismagius|Draining Kiss|p2a: Tyranitar\n|-supereffective|p2a: Tyranitar\n|-damage|p2a: Tyranitar|65\/100\n|-heal|p1a: Mismagius|100\/100|[from] drain|[of] p2a: Tyranitar\n|move|p2a: Tyranitar|Smack Down|p1a: Mismagius\n|-damage|p1a: Mismagius|50\/100\n|-start|p1a: Mismagius|Smack Down\n|\n|-weather|Sandstorm|[upkeep]\n|-damage|p1a: Mismagius|44\/100|[from] Sandstorm\n|upkeep\n|turn|18\n|\n|t:|1700524012\n|move|p1a: Mismagius|Draining Kiss|p2a: Tyranitar\n|-supereffective|p2a: Tyranitar\n|-damage|p2a: Tyranitar|32\/100\n|-heal|p1a: Mismagius|82\/100|[from] drain|[of] p2a: Tyranitar\n|move|p2a: Tyranitar|Thunder Punch|p1a: Mismagius\n|-damage|p1a: Mismagius|26\/100\n|\n|-weather|Sandstorm|[upkeep]\n|-damage|p1a: Mismagius|20\/100|[from] Sandstorm\n|-enditem|p1a: Mismagius|Salac Berry|[eat]\n|-boost|p1a: Mismagius|spe|1|[from] item: Salac Berry\n|upkeep\n|turn|19\n|\n|t:|1700524025\n|move|p1a: Mismagius|Draining Kiss|p2a: Tyranitar\n|-supereffective|p2a: Tyranitar\n|-damage|p2a: Tyranitar|0 fnt\n|-heal|p1a: Mismagius|55\/100|[from] drain|[of] p2a: Tyranitar\n|faint|p2a: Tyranitar\n|\n|-weather|none\n|upkeep\n|\n|t:|1700524032\n|switch|p2a: Sandshrew|Sandshrew, F|100\/100\n|-damage|p2a: Sandshrew|95\/100|[from] Stealth Rock\n|turn|20\n|\n|t:|1700524046\n|move|p1a: Mismagius|Draining Kiss|p2a: Sandshrew|[miss]\n|-miss|p1a: Mismagius|p2a: Sandshrew\n|move|p2a: Sandshrew|Rapid Spin|p1a: Mismagius\n|-immune|p1a: Mismagius\n|\n|upkeep\n|turn|21\n|\n|t:|1700524052\n|switch|p2a: Polteageist|Polteageist|100\/100\n|-damage|p2a: Polteageist|88\/100|[from] Stealth Rock\n|move|p1a: Mismagius|Draining Kiss|p2a: Polteageist\n|-damage|p2a: Polteageist|60\/100\n|-heal|p1a: Mismagius|81\/100|[from] drain|[of] p2a: Polteageist\n|\n|upkeep\n|turn|22\n|c|\u2606chandelurecandy|LOL\n|\n|t:|1700524062\n|move|p1a: Mismagius|Shadow Ball|p2a: Polteageist\n|-supereffective|p2a: Polteageist\n|-damage|p2a: Polteageist|0 fnt\n|faint|p2a: Polteageist\n|\n|upkeep\n|c|\u2606chandelurecandy|gg\n|\n|t:|1700524071\n|switch|p2a: Iron Valiant|Iron Valiant|88\/100 par\n|-damage|p2a: Iron Valiant|82\/100 par|[from] Stealth Rock\n|turn|23\n|\n|t:|1700524081\n|move|p1a: Mismagius|Draining Kiss|p2a: Iron Valiant\n|-supereffective|p2a: Iron Valiant\n|-damage|p2a: Iron Valiant|0 fnt\n|-heal|p1a: Mismagius|100\/100|[from] drain|[of] p2a: Iron Valiant\n|faint|p2a: Iron Valiant\n|-end|p2a: Iron Valiant|Quark Drive|[silent]\n|\n|upkeep\n|c|\u2606chandelurecandy|gg\n|-message|BillyBobWho2 forfeited.\n|\n|win|chandelurecandy\n|raw|chandelurecandy's rating: 1108 &rarr; <strong>1134<\/strong><br \/>(+26 for winning)\n|raw|BillyBobWho2's rating: 1115 &rarr; <strong>1089<\/strong><br \/>(-26 for losing)\n|l|\u2606BillyBobWho2\n","uploadtime":1700524146,"views":1,"p1id":"chandelurecandy","p2id":"billybobwho2","formatid":"gen9anythinggoes","rating":1089,"private":0,"password":""}