{"id":"gen9anythinggoes-1983602257","p1":"ImKyurem","p2":"Dumbfudge","format":"[Gen 9] Anything Goes","log":"|j|\u2606ImKyurem\n|j|\u2606Dumbfudge\n|t:|1699148224\n|gametype|singles\n|player|p1|ImKyurem|giovanni|1237\n|player|p2|Dumbfudge|blackbelt-gen4dp|1312\n|teamsize|p1|6\n|teamsize|p2|6\n|gen|9\n|tier|[Gen 9] Anything Goes\n|rated|\n|rule|HP Percentage Mod: HP is shown in percentages\n|rule|Endless Battle Clause: Forcing endless battles is banned\n|clearpoke\n|poke|p1|Espathra, F|\n|poke|p1|Cloyster, F|\n|poke|p1|Calyrex-Shadow|\n|poke|p1|Chien-Pao|\n|poke|p1|Regieleki|\n|poke|p1|Arceus|\n|poke|p2|Dudunsparce-*, F|\n|poke|p2|Darkrai|\n|poke|p2|Espathra, M|\n|poke|p2|Giratina|\n|poke|p2|Shaymin-Sky|\n|poke|p2|Zacian-*|\n|teampreview\n|inactive|Battle timer is ON: inactive players will automatically lose when time's up. (requested by ImKyurem)\n|\n|t:|1699148229\n|start\n|switch|p1a: Regieleki|Regieleki|100\/100\n|switch|p2a: Shaymin|Shaymin-Sky|100\/100\n|turn|1\n|\n|t:|1699148245\n|move|p2a: Shaymin|Air Slash|p1a: Regieleki\n|-resisted|p1a: Regieleki\n|-damage|p1a: Regieleki|69\/100\n|cant|p1a: Regieleki|flinch\n|\n|upkeep\n|turn|2\n|\n|t:|1699148250\n|move|p2a: Shaymin|Air Slash|p1a: Regieleki\n|-resisted|p1a: Regieleki\n|-damage|p1a: Regieleki|41\/100\n|cant|p1a: Regieleki|flinch\n|\n|upkeep\n|turn|3\n|\n|t:|1699148256\n|move|p2a: Shaymin|Air Slash|p1a: Regieleki\n|-resisted|p1a: Regieleki\n|-damage|p1a: Regieleki|9\/100\n|cant|p1a: Regieleki|flinch\n|\n|upkeep\n|turn|4\n|c|\u2606ImKyurem|AHHAHAHAHAHAAHHHAHAHAHAHA\n|c|\u2606ImKyurem|AHAHAHAHAHAHAHAHA\n|\n|t:|1699148267\n|move|p2a: Shaymin|Air Slash|p1a: Regieleki\n|-resisted|p1a: Regieleki\n|-damage|p1a: Regieleki|0 fnt\n|faint|p1a: Regieleki\n|\n|upkeep\n|\n|t:|1699148268\n|switch|p1a: Arceus|Arceus|100\/100\n|turn|5\n|\n|t:|1699148277\n|move|p2a: Shaymin|Air Slash|p1a: Arceus\n|-damage|p1a: Arceus|71\/100\n|cant|p1a: Arceus|flinch\n|\n|upkeep\n|turn|6\n|c|\u2606ImKyurem|WTF\n|\n|t:|1699148282\n|move|p2a: Shaymin|Air Slash|p1a: Arceus|[miss]\n|-miss|p2a: Shaymin|p1a: Arceus\n|move|p1a: Arceus|Swords Dance|p1a: Arceus\n|-boost|p1a: Arceus|atk|2\n|\n|upkeep\n|turn|7\n|n|!ImKyurem|imkyurem\n|\n|t:|1699148289\n|move|p1a: Arceus|Extreme Speed|p2a: Shaymin\n|-damage|p2a: Shaymin|0 fnt\n|faint|p2a: Shaymin\n|\n|upkeep\n|\n|t:|1699148295\n|switch|p2a: Giratina|Giratina|100\/100\n|-ability|p2a: Giratina|Pressure\n|turn|8\n|\n|t:|1699148300\n|move|p1a: Arceus|Shadow Claw|p2a: Giratina\n|-supereffective|p2a: Giratina\n|-damage|p2a: Giratina|38\/100\n|-damage|p1a: Arceus|54\/100|[from] item: Rocky Helmet|[of] p2a: Giratina\n|move|p2a: Giratina|Roar|p1a: Arceus\n|drag|p1a: Chien-Pao|Chien-Pao|100\/100\n|-ability|p1a: Chien-Pao|Sword of Ruin\n|\n|upkeep\n|turn|9\n|\n|t:|1699148316\n|move|p1a: Chien-Pao|Swords Dance|p1a: Chien-Pao\n|-boost|p1a: Chien-Pao|atk|2\n|move|p2a: Giratina|Outrage|p1a: Chien-Pao\n|-damage|p1a: Chien-Pao|31\/100\n|\n|upkeep\n|turn|10\n|\n|t:|1699148323\n|move|p1a: Chien-Pao|Sucker Punch|p2a: Giratina\n|-supereffective|p2a: Giratina\n|-damage|p2a: Giratina|0 fnt\n|-damage|p1a: Chien-Pao|14\/100|[from] item: Rocky Helmet|[of] p2a: Giratina\n|faint|p2a: Giratina\n|\n|upkeep\n|\n|t:|1699148330\n|switch|p2a: Whooping cough|Zacian-Crowned|100\/100\n|-ability|p2a: Whooping cough|Intrepid Sword|boost\n|-boost|p2a: Whooping cough|atk|1\n|turn|11\n|\n|t:|1699148343\n|-terastallize|p2a: Whooping cough|Steel\n|move|p2a: Whooping cough|Quick Attack|p1a: Chien-Pao\n|-damage|p1a: Chien-Pao|0 fnt\n|faint|p1a: Chien-Pao\n|\n|upkeep\n|\n|t:|1699148354\n|switch|p1a: Espathra|Espathra, F|100\/100\n|turn|12\n|inactive|Dumbfudge has 120 seconds left.\n|\n|t:|1699148384\n|switch|p2a: Darkrai|Darkrai|100\/100\n|move|p1a: Espathra|Protect||[still]\n|-fail|p1a: Espathra\n|\n|-ability|p1a: Espathra|Speed Boost|boost\n|-boost|p1a: Espathra|spe|1\n|upkeep\n|turn|13\n|\n|t:|1699148408\n|move|p1a: Espathra|Calm Mind|p1a: Espathra\n|-boost|p1a: Espathra|spa|1\n|-boost|p1a: Espathra|spd|1\n|move|p2a: Darkrai|Taunt|p1a: Espathra\n|-start|p1a: Espathra|move: Taunt\n|\n|-ability|p1a: Espathra|Speed Boost|boost\n|-boost|p1a: Espathra|spe|1\n|upkeep\n|turn|14\n|\n|t:|1699148416\n|-terastallize|p1a: Espathra|Fairy\n|move|p1a: Espathra|Stored Power|p2a: Darkrai\n|-immune|p2a: Darkrai\n|move|p2a: Darkrai|Dark Pulse|p1a: Espathra\n|-resisted|p1a: Espathra\n|-damage|p1a: Espathra|78\/100\n|\n|-ability|p1a: Espathra|Speed Boost|boost\n|-boost|p1a: Espathra|spe|1\n|upkeep\n|turn|15\n|\n|t:|1699148427\n|move|p1a: Espathra|Stored Power|p2a: Darkrai\n|-immune|p2a: Darkrai\n|move|p2a: Darkrai|Hypnosis|p1a: Espathra\n|-status|p1a: Espathra|slp|[from] move: Hypnosis\n|\n|-ability|p1a: Espathra|Speed Boost|boost\n|-boost|p1a: Espathra|spe|1\n|-damage|p1a: Espathra|66\/100 slp|[from] ability: Bad Dreams|[of] p2a: Darkrai\n|upkeep\n|turn|16\n|\n|t:|1699148444\n|switch|p2a: Whooping cough|Zacian-Crowned, tera:Steel|100\/100\n|cant|p1a: Espathra|slp\n|\n|-end|p1a: Espathra|move: Taunt\n|-ability|p1a: Espathra|Speed Boost|boost\n|-boost|p1a: Espathra|spe|1\n|upkeep\n|turn|17\n|\n|t:|1699148453\n|-curestatus|p1a: Espathra|slp|[msg]\n|move|p1a: Espathra|Baton Pass|p1a: Espathra\n|\n|t:|1699148459\n|switch|p1a: Calyrex|Calyrex-Shadow|100\/100|[from] Baton Pass\n|-ability|p1a: Calyrex|As One\n|-ability|p1a: Calyrex|Unnerve\n|move|p2a: Whooping cough|Behemoth Blade|p1a: Calyrex\n|-damage|p1a: Calyrex|10\/100\n|\n|upkeep\n|turn|18\n|\n|t:|1699148475\n|switch|p2a: Dudunsparce|Dudunsparce, F|100\/100\n|move|p1a: Calyrex|Astral Barrage|p2a: Dudunsparce\n|-immune|p2a: Dudunsparce\n|\n|upkeep\n|turn|19\n|inactive|Dumbfudge has 120 seconds left.\n|\n|t:|1699148500\n|move|p1a: Calyrex|Grass Knot|p2a: Dudunsparce\n|-damage|p2a: Dudunsparce|69\/100\n|-damage|p1a: Calyrex|0 fnt|[from] item: Rocky Helmet|[of] p2a: Dudunsparce\n|faint|p1a: Calyrex\n|move|p2a: Dudunsparce|Yawn|p1: Calyrex|[notarget]\n|-fail|p2a: Dudunsparce\n|\n|upkeep\n|\n|t:|1699148506\n|switch|p1a: Arceus|Arceus|54\/100\n|turn|20\n|\n|t:|1699148511\n|move|p1a: Arceus|Extreme Speed|p2a: Dudunsparce\n|-damage|p2a: Dudunsparce|29\/100\n|-damage|p1a: Arceus|38\/100|[from] item: Rocky Helmet|[of] p2a: Dudunsparce\n|move|p2a: Dudunsparce|Yawn|p1a: Arceus\n|-start|p1a: Arceus|move: Yawn|[of] p2a: Dudunsparce\n|\n|upkeep\n|turn|21\n|\n|t:|1699148520\n|switch|p1a: Cloyster|Cloyster, F|100\/100\n|move|p2a: Dudunsparce|Roost|p2a: Dudunsparce\n|-heal|p2a: Dudunsparce|79\/100\n|-singleturn|p2a: Dudunsparce|move: Roost\n|\n|upkeep\n|turn|22\n|\n|t:|1699148533\n|move|p1a: Cloyster|Shell Smash|p1a: Cloyster\n|-unboost|p1a: Cloyster|def|1\n|-unboost|p1a: Cloyster|spd|1\n|-boost|p1a: Cloyster|atk|2\n|-boost|p1a: Cloyster|spa|2\n|-boost|p1a: Cloyster|spe|2\n|move|p2a: Dudunsparce|Yawn|p1a: Cloyster\n|-start|p1a: Cloyster|move: Yawn|[of] p2a: Dudunsparce\n|\n|upkeep\n|turn|23\n|\n|t:|1699148554\n|switch|p2a: Whooping cough|Zacian-Crowned, tera:Steel|100\/100\n|move|p1a: Cloyster|Liquidation|p2a: Whooping cough\n|-damage|p2a: Whooping cough|21\/100\n|\n|-end|p1a: Cloyster|move: Yawn|[silent]\n|-status|p1a: Cloyster|slp\n|upkeep\n|turn|24\n|\n|t:|1699148563\n|cant|p1a: Cloyster|slp\n|move|p2a: Whooping cough|Behemoth Blade|p1a: Cloyster\n|-damage|p1a: Cloyster|4\/100 slp\n|\n|upkeep\n|turn|25\n|\n|t:|1699148572\n|move|p2a: Whooping cough|Quick Attack|p1a: Cloyster\n|-damage|p1a: Cloyster|0 fnt\n|faint|p1a: Cloyster\n|\n|upkeep\n|\n|t:|1699148574\n|switch|p1a: Espathra|Espathra, F, tera:Fairy|66\/100\n|turn|26\n|\n|t:|1699148579\n|move|p1a: Espathra|Protect|p1a: Espathra\n|-singleturn|p1a: Espathra|Protect\n|move|p2a: Whooping cough|Behemoth Blade|p1a: Espathra\n|-activate|p1a: Espathra|move: Protect\n|\n|-ability|p1a: Espathra|Speed Boost|boost\n|-boost|p1a: Espathra|spe|1\n|upkeep\n|turn|27\n|\n|t:|1699148591\n|move|p2a: Whooping cough|Quick Attack|p1a: Espathra\n|-damage|p1a: Espathra|51\/100\n|move|p1a: Espathra|Baton Pass|p1a: Espathra\n|\n|t:|1699148594\n|switch|p1a: Arceus|Arceus|38\/100|[from] Baton Pass\n|\n|upkeep\n|turn|28\n|\n|t:|1699148601\n|move|p1a: Arceus|Extreme Speed|p2a: Whooping cough\n|-resisted|p2a: Whooping cough\n|-crit|p2a: Whooping cough\n|-damage|p2a: Whooping cough|0 fnt\n|faint|p2a: Whooping cough\n|\n|upkeep\n|\n|t:|1699148608\n|switch|p2a: Dudunsparce|Dudunsparce, F|79\/100\n|turn|29\n|\n|t:|1699148611\n|move|p1a: Arceus|Recover|p1a: Arceus\n|-heal|p1a: Arceus|88\/100\n|move|p2a: Dudunsparce|Yawn|p1a: Arceus\n|-start|p1a: Arceus|move: Yawn|[of] p2a: Dudunsparce\n|\n|upkeep\n|turn|30\n|\n|t:|1699148619\n|move|p1a: Arceus|Extreme Speed|p2a: Dudunsparce\n|-damage|p2a: Dudunsparce|39\/100\n|-damage|p1a: Arceus|71\/100|[from] item: Rocky Helmet|[of] p2a: Dudunsparce\n|move|p2a: Dudunsparce|Roost|p2a: Dudunsparce\n|-heal|p2a: Dudunsparce|89\/100\n|-singleturn|p2a: Dudunsparce|move: Roost\n|\n|-end|p1a: Arceus|move: Yawn|[silent]\n|-status|p1a: Arceus|slp\n|upkeep\n|turn|31\n|\n|t:|1699148629\n|switch|p2a: Darkrai|Darkrai|100\/100\n|cant|p1a: Arceus|slp\n|\n|-damage|p1a: Arceus|59\/100 slp|[from] ability: Bad Dreams|[of] p2a: Darkrai\n|upkeep\n|turn|32\n|\n|t:|1699148637\n|cant|p1a: Arceus|slp\n|move|p2a: Darkrai|Substitute|p2a: Darkrai\n|-start|p2a: Darkrai|Substitute\n|-damage|p2a: Darkrai|76\/100\n|\n|-damage|p1a: Arceus|46\/100 slp|[from] ability: Bad Dreams|[of] p2a: Darkrai\n|upkeep\n|turn|33\n|\n|t:|1699148645\n|-curestatus|p1a: Arceus|slp|[msg]\n|move|p1a: Arceus|Extreme Speed|p2a: Darkrai\n|-end|p2a: Darkrai|Substitute\n|move|p2a: Darkrai|Dark Pulse|p1a: Arceus\n|-damage|p1a: Arceus|10\/100\n|\n|upkeep\n|turn|34\n|\n|t:|1699148656\n|move|p1a: Arceus|Recover|p1a: Arceus\n|-heal|p1a: Arceus|60\/100\n|move|p2a: Darkrai|Dark Pulse|p1a: Arceus\n|-damage|p1a: Arceus|25\/100\n|\n|upkeep\n|turn|35\n|\n|t:|1699148664\n|move|p1a: Arceus|Recover|p1a: Arceus\n|-heal|p1a: Arceus|75\/100\n|move|p2a: Darkrai|Dark Pulse|p1a: Arceus\n|-damage|p1a: Arceus|36\/100\n|\n|upkeep\n|turn|36\n|\n|t:|1699148672\n|move|p1a: Arceus|Recover|p1a: Arceus\n|-heal|p1a: Arceus|86\/100\n|move|p2a: Darkrai|Taunt|p1a: Arceus\n|-start|p1a: Arceus|move: Taunt\n|\n|upkeep\n|turn|37\n|\n|t:|1699148678\n|move|p1a: Arceus|Extreme Speed|p2a: Darkrai\n|-damage|p2a: Darkrai|12\/100\n|move|p2a: Darkrai|Hypnosis|p1a: Arceus|[miss]\n|-miss|p2a: Darkrai|p1a: Arceus\n|\n|upkeep\n|turn|38\n|-message|Dumbfudge forfeited.\n|\n|win|ImKyurem\n|raw|ImKyurem's rating: 1237 &rarr; <strong>1267<\/strong><br \/>(+30 for winning)\n|raw|Dumbfudge's rating: 1312 &rarr; <strong>1288<\/strong><br \/>(-24 for losing)\n","uploadtime":1699148287,"views":4,"p1id":"imkyurem","p2id":"dumbfudge","formatid":"gen9anythinggoes","rating":1267,"private":0,"password":""}