{"id":"gen9anythinggoes-1972094115","p1":"YoungEsq","p2":"imtryintolearn","format":"[Gen 9] Anything Goes","log":"|j|\u2606YoungEsq\n|j|\u2606imtryintolearn\n|t:|1697812312\n|gametype|singles\n|player|p1|YoungEsq|102|1289\n|player|p2|imtryintolearn|102|1362\n|teamsize|p1|6\n|teamsize|p2|6\n|gen|9\n|tier|[Gen 9] Anything Goes\n|rated|\n|rule|HP Percentage Mod: HP is shown in percentages\n|rule|Endless Battle Clause: Forcing endless battles is banned\n|clearpoke\n|poke|p1|Ting-Lu|\n|poke|p1|Gholdengo|\n|poke|p1|Roaring Moon|\n|poke|p1|Chi-Yu|\n|poke|p1|Samurott-Hisui, F|\n|poke|p1|Mandibuzz, F|\n|poke|p2|Jolteon, M|\n|poke|p2|Glimmora, F|\n|poke|p2|Forretress, M|\n|poke|p2|Ribombee, M|\n|poke|p2|Zoroark-Hisui, M|\n|poke|p2|Quaquaval, F|\n|teampreview\n|inactive|Battle timer is ON: inactive players will automatically lose when time's up. (requested by imtryintolearn)\n|\n|t:|1697812317\n|start\n|switch|p1a: Ting-Lu|Ting-Lu|100\/100\n|switch|p2a: Glimmora|Glimmora, F|100\/100\n|-ability|p1a: Ting-Lu|Vessel of Ruin\n|turn|1\n|\n|t:|1697812325\n|move|p2a: Glimmora|Stealth Rock|p1a: Ting-Lu\n|-sidestart|p1: YoungEsq|move: Stealth Rock\n|move|p1a: Ting-Lu|Whirlwind|p2a: Glimmora\n|drag|p2a: Jolteon|Jolteon, M|100\/100\n|\n|upkeep\n|turn|2\n|\n|t:|1697812333\n|-terastallize|p2a: Jolteon|Water\n|move|p2a: Jolteon|Tera Blast|p1a: Ting-Lu|[anim] Tera Blast Water\n|-supereffective|p1a: Ting-Lu\n|-damage|p1a: Ting-Lu|63\/100\n|move|p1a: Ting-Lu|Earthquake|p2a: Jolteon\n|-damage|p2a: Jolteon|27\/100\n|\n|-heal|p1a: Ting-Lu|69\/100|[from] item: Leftovers\n|upkeep\n|turn|3\n|\n|t:|1697812343\n|move|p2a: Jolteon|Tera Blast|p1a: Ting-Lu|[anim] Tera Blast Water\n|-supereffective|p1a: Ting-Lu\n|-damage|p1a: Ting-Lu|35\/100\n|move|p1a: Ting-Lu|Earthquake|p2a: Jolteon\n|-damage|p2a: Jolteon|0 fnt\n|faint|p2a: Jolteon\n|\n|-heal|p1a: Ting-Lu|41\/100|[from] item: Leftovers\n|upkeep\n|c|\u2606imtryintolearn|!dt ting lu\n|raw|<div class=\"message\"><ul class=\"utilichart\"><li class=\"result\"><span class=\"col numcol\">OU<\/span> <span class=\"col iconcol\"><psicon pokemon=\"tinglu\"\/><\/span> <span class=\"col pokemonnamecol\" style=\"white-space:nowrap\"><a href=\"https:\/\/dex.pokemonshowdown.com\/pokemon\/tinglu\" target=\"_blank\">Ting-Lu<\/a><\/span> <span class=\"col typecol\"><img src=\"https:\/\/play.pokemonshowdown.com\/sprites\/types\/Dark.png\" alt=\"Dark\" height=\"14\" width=\"32\"><img src=\"https:\/\/play.pokemonshowdown.com\/sprites\/types\/Ground.png\" alt=\"Ground\" height=\"14\" width=\"32\"><\/span> <span style=\"float:left;min-height:26px\"><span class=\"col abilitycol\">Vessel of Ruin<\/span><span class=\"col abilitycol\"><\/span><\/span><span style=\"float:left;min-height:26px\"><span class=\"col statcol\"><em>HP<\/em><br \/>155<\/span> <span class=\"col statcol\"><em>Atk<\/em><br \/>110<\/span> <span class=\"col statcol\"><em>Def<\/em><br \/>125<\/span> <span class=\"col statcol\"><em>SpA<\/em><br \/>55<\/span> <span class=\"col statcol\"><em>SpD<\/em><br \/>80<\/span> <span class=\"col statcol\"><em>Spe<\/em><br \/>45<\/span> <span class=\"col bstcol\"><em>BST<br \/>570<\/em><\/span> <\/span><\/li><li style=\"clear:both\"><\/li><\/ul><\/div>\n|raw|<font size=\"1\"><font color=\"#686868\">Dex#:<\/font> 1003&nbsp;|&ThickSpace;<font color=\"#686868\">Gen:<\/font> 9&nbsp;|&ThickSpace;<font color=\"#686868\">Height:<\/font> 2.7 m&nbsp;|&ThickSpace;<font color=\"#686868\">Weight:<\/font> 699.7 kg <em>(120 BP)<\/em>&nbsp;|&ThickSpace;<font color=\"#686868\">Dex Colour:<\/font> Brown&nbsp;|&ThickSpace;<font color=\"#686868\">Egg Group(s):<\/font> Undiscovered&nbsp;|&ThickSpace;<font color=\"#686868\">Does Not Evolve<\/font><\/font>\n\n|\n|t:|1697812355\n|switch|p2a: Ribombee|Ribombee, M|100\/100\n|turn|4\n|c|\u2606imtryintolearn|tonk\n|\n|t:|1697812361\n|move|p2a: Ribombee|Moonblast|p1a: Ting-Lu\n|-supereffective|p1a: Ting-Lu\n|-damage|p1a: Ting-Lu|3\/100\n|move|p1a: Ting-Lu|Whirlwind|p2a: Ribombee\n|drag|p2a: Glimmora|Glimmora, F|100\/100\n|\n|-heal|p1a: Ting-Lu|9\/100|[from] item: Leftovers\n|upkeep\n|turn|5\n|\n|t:|1697812370\n|move|p2a: Glimmora|Mortal Spin|p1a: Ting-Lu\n|-resisted|p1a: Ting-Lu\n|-damage|p1a: Ting-Lu|7\/100\n|-status|p1a: Ting-Lu|psn\n|move|p1a: Ting-Lu|Earthquake|p2a: Glimmora\n|-supereffective|p2a: Glimmora\n|-enditem|p2a: Glimmora|Focus Sash\n|-damage|p2a: Glimmora|1\/100\n|-activate|p2a: Glimmora|ability: Toxic Debris\n|-sidestart|p1: YoungEsq|move: Toxic Spikes\n|\n|-heal|p1a: Ting-Lu|13\/100 psn|[from] item: Leftovers\n|-damage|p1a: Ting-Lu|1\/100 psn|[from] psn\n|upkeep\n|turn|6\n|\n|t:|1697812384\n|move|p2a: Glimmora|Mortal Spin|p1a: Ting-Lu\n|-resisted|p1a: Ting-Lu\n|-damage|p1a: Ting-Lu|0 fnt\n|faint|p1a: Ting-Lu\n|\n|upkeep\n|\n|t:|1697812389\n|switch|p1a: Mandibuzz|Mandibuzz, F|100\/100\n|turn|7\n|\n|t:|1697812396\n|move|p2a: Glimmora|Power Gem|p1a: Mandibuzz\n|-supereffective|p1a: Mandibuzz\n|-damage|p1a: Mandibuzz|62\/100\n|move|p1a: Mandibuzz|Foul Play|p2a: Glimmora\n|-damage|p2a: Glimmora|0 fnt\n|-activate|p2a: Glimmora|ability: Toxic Debris\n|-sidestart|p1: YoungEsq|move: Toxic Spikes\n|faint|p2a: Glimmora\n|\n|upkeep\n|\n|t:|1697812422\n|switch|p2a: Forretress|Forretress, M|100\/100\n|turn|8\n|\n|t:|1697812426\n|move|p1a: Mandibuzz|Defog|p2a: Forretress\n|-unboost|p2a: Forretress|evasion|1\n|-sideend|p1: YoungEsq|Toxic Spikes|[from] move: Defog|[of] p1a: Mandibuzz\n|-sideend|p1: YoungEsq|Stealth Rock|[from] move: Defog|[of] p1a: Mandibuzz\n|move|p2a: Forretress|Body Press|p1a: Mandibuzz\n|-damage|p1a: Mandibuzz|38\/100\n|\n|upkeep\n|turn|9\n|\n|t:|1697812434\n|switch|p1a: Gholdengo|Gholdengo|100\/100\n|-item|p1a: Gholdengo|Air Balloon\n|move|p2a: Forretress|Body Press|p1a: Gholdengo\n|-immune|p1a: Gholdengo\n|\n|upkeep\n|turn|10\n|\n|t:|1697812442\n|move|p1a: Gholdengo|Nasty Plot|p1a: Gholdengo\n|-boost|p1a: Gholdengo|spa|2\n|move|p2a: Forretress|Thunder Wave|p1a: Gholdengo\n|-immune|p1a: Gholdengo|[from] ability: Good as Gold\n|\n|upkeep\n|turn|11\n|\n|t:|1697812455\n|move|p1a: Gholdengo|Nasty Plot|p1a: Gholdengo\n|-boost|p1a: Gholdengo|spa|2\n|move|p2a: Forretress|Spikes|p1a: Gholdengo\n|-sidestart|p1: YoungEsq|Spikes\n|\n|upkeep\n|turn|12\n|c|\u2606imtryintolearn|very sad\n|\n|t:|1697812461\n|move|p1a: Gholdengo|Nasty Plot|p1a: Gholdengo\n|-boost|p1a: Gholdengo|spa|2\n|move|p2a: Forretress|Spikes|p1a: Gholdengo\n|-sidestart|p1: YoungEsq|Spikes\n|\n|upkeep\n|turn|13\n|\n|t:|1697812467\n|move|p1a: Gholdengo|Shadow Ball|p2a: Forretress\n|-ability|p2a: Forretress|Sturdy\n|-damage|p2a: Forretress|1\/100\n|move|p2a: Forretress|Spikes|p1a: Gholdengo\n|-sidestart|p1: YoungEsq|Spikes\n|\n|-heal|p2a: Forretress|7\/100|[from] item: Leftovers\n|upkeep\n|turn|14\n|\n|t:|1697812477\n|move|p1a: Gholdengo|Shadow Ball|p2a: Forretress\n|-damage|p2a: Forretress|0 fnt\n|faint|p2a: Forretress\n|\n|upkeep\n|\n|t:|1697812487\n|switch|p2a: Quaquaval|Quaquaval, F|100\/100\n|turn|15\n|\n|t:|1697812497\n|move|p2a: Quaquaval|Flamethrower|p1a: Gholdengo\n|-supereffective|p1a: Gholdengo\n|-damage|p1a: Gholdengo|29\/100\n|-enditem|p1a: Gholdengo|Air Balloon\n|move|p1a: Gholdengo|Make It Rain|p2a: Quaquaval\n|-damage|p2a: Quaquaval|0 fnt\n|-unboost|p1a: Gholdengo|spa|1\n|replace|p2a: Zoroark|Zoroark-Hisui, M\n|-end|p2a: Zoroark|Illusion\n|faint|p2a: Zoroark\n|\n|upkeep\n|\n|t:|1697812508\n|switch|p2a: Quaquaval|Quaquaval, F|100\/100\n|turn|16\n|\n|t:|1697812514\n|move|p2a: Quaquaval|Aqua Step|p1a: Gholdengo\n|-damage|p1a: Gholdengo|0 fnt\n|-boost|p2a: Quaquaval|spe|1\n|faint|p1a: Gholdengo\n|-ability|p2a: Quaquaval|Moxie|boost\n|-boost|p2a: Quaquaval|atk|1\n|\n|upkeep\n|\n|t:|1697812526\n|switch|p1a: Chi-Yu|Chi-Yu|100\/100\n|-damage|p1a: Chi-Yu|76\/100|[from] Spikes\n|-ability|p1a: Chi-Yu|Beads of Ruin\n|turn|17\n|\n|t:|1697812535\n|-terastallize|p1a: Chi-Yu|Poison\n|move|p1a: Chi-Yu|Psychic|p2a: Quaquaval\n|-supereffective|p2a: Quaquaval\n|-damage|p2a: Quaquaval|0 fnt\n|faint|p2a: Quaquaval\n|\n|upkeep\n|\n|t:|1697812540\n|switch|p2a: Ribombee|Ribombee, M|100\/100\n|turn|18\n|\n|t:|1697812545\n|switch|p1a: Mandibuzz|Mandibuzz, F|38\/100\n|move|p2a: Ribombee|Stun Spore|p1a: Mandibuzz\n|-immune|p1a: Mandibuzz|[from] ability: Overcoat\n|\n|upkeep\n|turn|19\n|\n|t:|1697812552\n|move|p2a: Ribombee|Moonblast|p1a: Mandibuzz\n|-supereffective|p1a: Mandibuzz\n|-damage|p1a: Mandibuzz|0 fnt\n|faint|p1a: Mandibuzz\n|\n|upkeep\n|\n|t:|1697812555\n|switch|p1a: Chi-Yu|Chi-Yu, tera:Poison|76\/100\n|-damage|p1a: Chi-Yu|51\/100|[from] Spikes\n|-ability|p1a: Chi-Yu|Beads of Ruin\n|turn|20\n|c|\u2606imtryintolearn|scarff\n|\n|t:|1697812567\n|move|p1a: Chi-Yu|Flamethrower|p2a: Ribombee\n|-supereffective|p2a: Ribombee\n|-crit|p2a: Ribombee\n|-enditem|p2a: Ribombee|Focus Sash\n|-damage|p2a: Ribombee|1\/100\n|move|p2a: Ribombee|Quiver Dance|p2a: Ribombee\n|-boost|p2a: Ribombee|spa|1\n|-boost|p2a: Ribombee|spd|1\n|-boost|p2a: Ribombee|spe|1\n|\n|upkeep\n|turn|21\n|\n|t:|1697812578\n|move|p2a: Ribombee|Stored Power|p1a: Chi-Yu\n|-supereffective|p1a: Chi-Yu\n|-damage|p1a: Chi-Yu|0 fnt\n|faint|p1a: Chi-Yu\n|\n|upkeep\n|\n|t:|1697812582\n|switch|p1a: Samurott|Samurott-Hisui, F|100\/100\n|-damage|p1a: Samurott|76\/100|[from] Spikes\n|turn|22\n|c|\u2606imtryintolearn|gg\n|\n|t:|1697812593\n|move|p1a: Samurott|Aqua Jet|p2a: Ribombee\n|-damage|p2a: Ribombee|0 fnt\n|faint|p2a: Ribombee\n|\n|win|YoungEsq\n|raw|YoungEsq's rating: 1289 &rarr; <strong>1319<\/strong><br \/>(+30 for winning)\n|raw|imtryintolearn's rating: 1362 &rarr; <strong>1338<\/strong><br \/>(-24 for losing)\n|l|\u2606imtryintolearn\n","uploadtime":1697812612,"views":12,"p1id":"youngesq","p2id":"imtryintolearn","formatid":"gen9anythinggoes","rating":1319,"private":0,"password":""}