{"id":"gen9anythinggoes-1972088884","p1":"yo mAma thicc","p2":"A Bread Sandwich","format":"[Gen 9] Anything Goes","log":"|j|\u203dyo mAma thicc\n|j|\u2606A Bread Sandwich\n|t:|1697811872\n|gametype|singles\n|player|p1|yo mAma thicc|zinzolin|1679\n|player|p2|A Bread Sandwich|triathleteswimmer-gen6|1758\n|teamsize|p1|6\n|teamsize|p2|6\n|gen|9\n|tier|[Gen 9] Anything Goes\n|rated|\n|rule|HP Percentage Mod: HP is shown in percentages\n|rule|Endless Battle Clause: Forcing endless battles is banned\n|clearpoke\n|poke|p1|Giratina-Origin|\n|poke|p1|Arceus|\n|poke|p1|Koraidon|\n|poke|p1|Calyrex-Shadow|\n|poke|p1|Zacian-*|\n|poke|p1|Rayquaza|\n|poke|p2|Ribombee, M|\n|poke|p2|Landorus-Therian, M|\n|poke|p2|Vivillon, F|\n|poke|p2|Calyrex-Shadow|\n|poke|p2|Arceus|\n|poke|p2|Koraidon|\n|teampreview\n|\n|t:|1697811890\n|start\n|switch|p1a: Koraidon|Koraidon|100\/100\n|switch|p2a: Ribombee|Ribombee, M|100\/100\n|-weather|SunnyDay|[from] ability: Orichalcum Pulse|[of] p1a: Koraidon\n|-activate|p1a: Koraidon|Orichalcum Pulse|[source]\n|turn|1\n|\n|t:|1697811897\n|move|p1a: Koraidon|U-turn|p2a: Ribombee\n|-resisted|p2a: Ribombee\n|-crit|p2a: Ribombee\n|-damage|p2a: Ribombee|51\/100\n|\n|t:|1697811911\n|switch|p1a: Rayquaza|Rayquaza|100\/100|[from] U-turn\n|-ability|p1a: Rayquaza|Air Lock\n|move|p2a: Ribombee|Sticky Web|p1a: Rayquaza\n|-sidestart|p1: yo mAma thicc|move: Sticky Web\n|\n|-weather|SunnyDay|[upkeep]\n|upkeep\n|turn|2\n|\n|t:|1697811921\n|-terastallize|p1a: Rayquaza|Flying\n|move|p2a: Ribombee|Moonblast|p1a: Rayquaza\n|-damage|p1a: Rayquaza|56\/100\n|move|p1a: Rayquaza|Dragon Dance|p1a: Rayquaza\n|-boost|p1a: Rayquaza|atk|1\n|-boost|p1a: Rayquaza|spe|1\n|\n|-weather|SunnyDay|[upkeep]\n|upkeep\n|turn|3\n|\n|t:|1697811925\n|move|p1a: Rayquaza|Substitute|p1a: Rayquaza\n|-start|p1a: Rayquaza|Substitute\n|-damage|p1a: Rayquaza|31\/100\n|move|p2a: Ribombee|Moonblast|p1a: Rayquaza\n|-end|p1a: Rayquaza|Substitute\n|\n|-weather|SunnyDay|[upkeep]\n|upkeep\n|turn|4\n|\n|t:|1697811929\n|move|p1a: Rayquaza|Dragon Ascent|p2a: Ribombee\n|-supereffective|p2a: Ribombee\n|-damage|p2a: Ribombee|0 fnt\n|-unboost|p1a: Rayquaza|def|1\n|-unboost|p1a: Rayquaza|spd|1\n|faint|p2a: Ribombee\n|\n|-weather|SunnyDay|[upkeep]\n|upkeep\n|\n|t:|1697811935\n|switch|p2a: Landorus|Landorus-Therian, M|100\/100\n|-ability|p2a: Landorus|Intimidate|boost\n|-unboost|p1a: Rayquaza|atk|1\n|turn|5\n|\n|t:|1697811939\n|move|p1a: Rayquaza|Dragon Ascent|p2a: Landorus\n|-enditem|p2a: Landorus|Focus Sash\n|-damage|p2a: Landorus|1\/100\n|-unboost|p1a: Rayquaza|def|1\n|-unboost|p1a: Rayquaza|spd|1\n|move|p2a: Landorus|Stealth Rock|p1a: Rayquaza\n|-sidestart|p1: yo mAma thicc|move: Stealth Rock\n|\n|-weather|none\n|upkeep\n|turn|6\n|\n|t:|1697811945\n|move|p1a: Rayquaza|Dragon Ascent|p2a: Landorus\n|-damage|p2a: Landorus|0 fnt\n|-unboost|p1a: Rayquaza|def|1\n|-unboost|p1a: Rayquaza|spd|1\n|faint|p2a: Landorus\n|\n|upkeep\n|\n|t:|1697811949\n|switch|p2a: Arceus|Arceus|100\/100\n|turn|7\n|\n|t:|1697811954\n|switch|p1a: Giratina|Giratina-Origin|100\/100\n|-damage|p1a: Giratina|88\/100|[from] Stealth Rock\n|move|p2a: Arceus|Extreme Speed|p1a: Giratina\n|-immune|p1a: Giratina\n|\n|upkeep\n|turn|8\n|\n|t:|1697811957\n|move|p2a: Arceus|Taunt|p1a: Giratina\n|-start|p1a: Giratina|move: Taunt\n|cant|p1a: Giratina|move: Taunt|Defog\n|\n|upkeep\n|turn|9\n|\n|t:|1697811961\n|move|p2a: Arceus|Dragon Dance|p2a: Arceus\n|-boost|p2a: Arceus|atk|1\n|-boost|p2a: Arceus|spe|1\n|move|p1a: Giratina|Dragon Tail|p2a: Arceus\n|-damage|p2a: Arceus|76\/100\n|drag|p2a: Vivillon|Vivillon, F|100\/100\n|\n|upkeep\n|turn|10\n|\n|t:|1697811968\n|switch|p1a: Koraidon|Koraidon|100\/100\n|-activate|p1a: Koraidon|move: Sticky Web\n|-unboost|p1a: Koraidon|spe|1\n|-damage|p1a: Koraidon|94\/100|[from] Stealth Rock\n|-weather|SunnyDay|[from] ability: Orichalcum Pulse|[of] p1a: Koraidon\n|-activate|p1a: Koraidon|Orichalcum Pulse|[source]\n|move|p2a: Vivillon|Sleep Powder|p1a: Koraidon\n|-status|p1a: Koraidon|slp|[from] move: Sleep Powder\n|\n|-weather|SunnyDay|[upkeep]\n|upkeep\n|turn|11\n|\n|t:|1697811972\n|cant|p1a: Koraidon|slp\n|move|p2a: Vivillon|Substitute|p2a: Vivillon\n|-start|p2a: Vivillon|Substitute\n|-damage|p2a: Vivillon|76\/100\n|\n|-weather|SunnyDay|[upkeep]\n|-heal|p2a: Vivillon|82\/100|[from] item: Leftovers\n|upkeep\n|turn|12\n|\n|t:|1697811976\n|cant|p1a: Koraidon|slp\n|move|p2a: Vivillon|Quiver Dance|p2a: Vivillon\n|-boost|p2a: Vivillon|spa|1\n|-boost|p2a: Vivillon|spd|1\n|-boost|p2a: Vivillon|spe|1\n|\n|-weather|SunnyDay|[upkeep]\n|-heal|p2a: Vivillon|88\/100|[from] item: Leftovers\n|upkeep\n|turn|13\n|\n|t:|1697811984\n|move|p2a: Vivillon|Hurricane|p1a: Koraidon\n|-supereffective|p1a: Koraidon\n|-damage|p1a: Koraidon|0 fnt\n|faint|p1a: Koraidon\n|\n|-weather|SunnyDay|[upkeep]\n|-heal|p2a: Vivillon|94\/100|[from] item: Leftovers\n|upkeep\n|\n|t:|1697811989\n|switch|p1a: Arceus|Arceus|100\/100\n|-activate|p1a: Arceus|move: Sticky Web\n|-unboost|p1a: Arceus|spe|1\n|-damage|p1a: Arceus|88\/100|[from] Stealth Rock\n|turn|14\n|\n|t:|1697811992\n|-terastallize|p2a: Vivillon|Ghost\n|move|p1a: Arceus|Extreme Speed|p2a: Vivillon\n|-immune|p2a: Vivillon\n|move|p2a: Vivillon|Quiver Dance|p2a: Vivillon\n|-boost|p2a: Vivillon|spa|1\n|-boost|p2a: Vivillon|spd|1\n|-boost|p2a: Vivillon|spe|1\n|\n|-weather|none\n|-heal|p2a: Vivillon|99\/100|[from] item: Leftovers\n|upkeep\n|turn|15\n|\n|t:|1697811998\n|move|p2a: Vivillon|Sleep Powder|p1a: Arceus\n|-status|p1a: Arceus|slp|[from] move: Sleep Powder\n|cant|p1a: Arceus|slp\n|\n|-heal|p2a: Vivillon|100\/100|[from] item: Leftovers\n|upkeep\n|turn|16\n|\n|t:|1697812002\n|move|p2a: Vivillon|Quiver Dance|p2a: Vivillon\n|-boost|p2a: Vivillon|spa|1\n|-boost|p2a: Vivillon|spd|1\n|-boost|p2a: Vivillon|spe|1\n|cant|p1a: Arceus|slp\n|\n|upkeep\n|turn|17\n|\n|t:|1697812007\n|move|p2a: Vivillon|Hurricane|p1a: Arceus\n|-damage|p1a: Arceus|16\/100 slp\n|cant|p1a: Arceus|slp\n|\n|upkeep\n|turn|18\n|\n|t:|1697812012\n|move|p2a: Vivillon|Hurricane|p1a: Arceus\n|-damage|p1a: Arceus|0 fnt\n|faint|p1a: Arceus\n|\n|upkeep\n|\n|t:|1697812017\n|switch|p1a: Giratina|Giratina-Origin|88\/100\n|-damage|p1a: Giratina|76\/100|[from] Stealth Rock\n|turn|19\n|\n|t:|1697812021\n|move|p1a: Giratina|Shadow Sneak|p2a: Vivillon\n|-supereffective|p2a: Vivillon\n|-end|p2a: Vivillon|Substitute\n|move|p2a: Vivillon|Sleep Powder|p1a: Giratina\n|-status|p1a: Giratina|slp|[from] move: Sleep Powder\n|\n|upkeep\n|turn|20\n|\n|t:|1697812024\n|move|p2a: Vivillon|Hurricane|p1a: Giratina\n|-damage|p1a: Giratina|13\/100 slp\n|cant|p1a: Giratina|slp\n|\n|upkeep\n|turn|21\n|\n|t:|1697812028\n|-curestatus|p1a: Giratina|slp|[msg]\n|move|p1a: Giratina|Shadow Sneak|p2a: Vivillon\n|-supereffective|p2a: Vivillon\n|-damage|p2a: Vivillon|25\/100\n|move|p2a: Vivillon|Hurricane|p1a: Giratina\n|-damage|p1a: Giratina|0 fnt\n|faint|p1a: Giratina\n|\n|-heal|p2a: Vivillon|31\/100|[from] item: Leftovers\n|upkeep\n|\n|t:|1697812037\n|switch|p1a: Calyrex|Calyrex-Shadow|100\/100\n|-ability|p1a: Calyrex|As One\n|-ability|p1a: Calyrex|Unnerve\n|turn|22\n|\n|t:|1697812042\n|move|p2a: Vivillon|Hurricane|p1a: Calyrex\n|-damage|p1a: Calyrex|11\/100\n|move|p1a: Calyrex|Astral Barrage|p2a: Vivillon\n|-supereffective|p2a: Vivillon\n|-damage|p2a: Vivillon|0 fnt\n|faint|p2a: Vivillon\n|-ability|p1a: Calyrex|Grim Neigh|boost\n|-boost|p1a: Calyrex|spa|1\n|\n|upkeep\n|\n|t:|1697812047\n|switch|p2a: Arceus|Arceus|76\/100\n|turn|23\n|\n|t:|1697812053\n|move|p1a: Calyrex|Grass Knot|p2a: Arceus\n|-damage|p2a: Arceus|21\/100\n|move|p2a: Arceus|Dragon Dance|p2a: Arceus\n|-boost|p2a: Arceus|atk|1\n|-boost|p2a: Arceus|spe|1\n|\n|upkeep\n|turn|24\n|\n|t:|1697812058\n|move|p2a: Arceus|Shadow Claw|p1a: Calyrex\n|-supereffective|p1a: Calyrex\n|-damage|p1a: Calyrex|0 fnt\n|faint|p1a: Calyrex\n|\n|upkeep\n|j| Kanha Greninja\n|\n|t:|1697812063\n|switch|p1a: Zacian|Zacian-Crowned|100\/100\n|-activate|p1a: Zacian|move: Sticky Web\n|-unboost|p1a: Zacian|spe|1\n|-damage|p1a: Zacian|94\/100|[from] Stealth Rock\n|-ability|p1a: Zacian|Intrepid Sword|boost\n|-boost|p1a: Zacian|atk|1\n|turn|25\n|\n|t:|1697812067\n|move|p2a: Arceus|Shadow Claw|p1a: Zacian\n|-damage|p1a: Zacian|57\/100\n|move|p1a: Zacian|Behemoth Blade|p2a: Arceus\n|-damage|p2a: Arceus|0 fnt\n|faint|p2a: Arceus\n|\n|upkeep\n|\n|t:|1697812069\n|switch|p2a: Calyrex|Calyrex-Shadow|100\/100\n|-ability|p2a: Calyrex|As One\n|-ability|p2a: Calyrex|Unnerve\n|turn|26\n|\n|t:|1697812072\n|move|p2a: Calyrex|Astral Barrage|p1a: Zacian\n|-crit|p1a: Zacian\n|-damage|p1a: Zacian|0 fnt\n|faint|p1a: Zacian\n|-ability|p2a: Calyrex|Grim Neigh|boost\n|-boost|p2a: Calyrex|spa|1\n|\n|upkeep\n|\n|t:|1697812073\n|switch|p1a: Rayquaza|Rayquaza, tera:Flying|31\/100\n|-ability|p1a: Rayquaza|Air Lock\n|turn|27\n|\n|t:|1697812076\n|move|p2a: Calyrex|Astral Barrage|p1a: Rayquaza\n|-damage|p1a: Rayquaza|0 fnt\n|faint|p1a: Rayquaza\n|\n|win|A Bread Sandwich\n|raw|yo mAma thicc's rating: 1679 &rarr; <strong>1664<\/strong><br \/>(-15 for losing)\n|raw|A Bread Sandwich's rating: 1764 &rarr; <strong>1779<\/strong><br \/>(+15 for winning)\n|l|\u203dyo mAma thicc\n|l| Kanha Greninja\n|l|\u2606A Bread Sandwich\n","uploadtime":1697812088,"views":8,"p1id":"yomamathicc","p2id":"abreadsandwich","formatid":"gen9anythinggoes","rating":1664,"private":0,"password":""}