{"id":"gen9anythinggoes-1997184615","p1":"YIPPEEEEEEEE","p2":"Vogonic_Poetry","format":"[Gen 9] Anything Goes","log":"|j|\u2606YIPPEEEEEEEE\n|j|\u2606Vogonic_Poetry\n|t:|1700773202\n|gametype|singles\n|player|p1|YIPPEEEEEEEE|cynthia|1233\n|player|p2|Vogonic_Poetry|ghetsis-gen5bw|1198\n|teamsize|p1|6\n|teamsize|p2|6\n|gen|9\n|tier|[Gen 9] Anything Goes\n|rated|\n|rule|HP Percentage Mod: HP is shown in percentages\n|rule|Endless Battle Clause: Forcing endless battles is banned\n|clearpoke\n|poke|p1|Eternatus|\n|poke|p1|Arcanine-Hisui, M|\n|poke|p1|Great Tusk|\n|poke|p1|Gliscor, M|\n|poke|p1|Zacian-*|\n|poke|p1|Roaring Moon|\n|poke|p2|Cloyster, F|\n|poke|p2|Maushold|\n|poke|p2|Cyclizar, F|\n|poke|p2|Calyrex-Shadow|\n|poke|p2|Kingambit, F|\n|poke|p2|Espathra, M|\n|teampreview\n|inactive|Battle timer is ON: inactive players will automatically lose when time's up. (requested by Vogonic_Poetry)\n|\n|t:|1700773214\n|start\n|switch|p1a: Roaring Moon|Roaring Moon|100\/100\n|switch|p2a: Cuck|Cyclizar, F|100\/100\n|-enditem|p1a: Roaring Moon|Booster Energy\n|-activate|p1a: Roaring Moon|ability: Protosynthesis|[fromitem]\n|-start|p1a: Roaring Moon|protosynthesisatk\n|turn|1\n|\n|t:|1700773232\n|move|p2a: Cuck|Dragon Pulse|p1a: Roaring Moon\n|-supereffective|p1a: Roaring Moon\n|-damage|p1a: Roaring Moon|54\/100\n|move|p1a: Roaring Moon|Knock Off|p2a: Cuck\n|-damage|p2a: Cuck|1\/100\n|-enditem|p2a: Cuck|Heavy-Duty Boots|[from] move: Knock Off|[of] p1a: Roaring Moon\n|\n|upkeep\n|turn|2\n|\n|t:|1700773246\n|move|p2a: Cuck|Knock Off|p1a: Roaring Moon\n|-resisted|p1a: Roaring Moon\n|-damage|p1a: Roaring Moon|45\/100\n|move|p1a: Roaring Moon|Throat Chop|p2a: Cuck\n|-damage|p2a: Cuck|0 fnt\n|faint|p2a: Cuck\n|\n|upkeep\n|\n|t:|1700773258\n|switch|p2a: A-Train|Calyrex-Shadow|100\/100\n|-ability|p2a: A-Train|As One\n|-ability|p2a: A-Train|Unnerve\n|turn|3\n|\n|t:|1700773265\n|move|p2a: A-Train|Draining Kiss|p1a: Roaring Moon\n|-supereffective|p1a: Roaring Moon\n|-damage|p1a: Roaring Moon|0 fnt\n|faint|p1a: Roaring Moon\n|-end|p1a: Roaring Moon|Protosynthesis|[silent]\n|-ability|p2a: A-Train|Grim Neigh|boost\n|-boost|p2a: A-Train|spa|1\n|\n|upkeep\n|\n|t:|1700773282\n|switch|p1a: The main event|Eternatus|100\/100\n|-ability|p1a: The main event|Pressure\n|turn|4\n|\n|t:|1700773288\n|-terastallize|p1a: The main event|Dark\n|move|p2a: A-Train|Draining Kiss|p1a: The main event\n|-supereffective|p1a: The main event\n|-damage|p1a: The main event|45\/100\n|move|p1a: The main event|Tera Blast|p2a: A-Train|[anim] Tera Blast Dark\n|-supereffective|p2a: A-Train\n|-damage|p2a: A-Train|0 fnt\n|faint|p2a: A-Train\n|\n|upkeep\n|\n|t:|1700773307\n|switch|p2a: Bardock|Kingambit, F|100\/100\n|-activate|p2a: Bardock|ability: Supreme Overlord\n|-start|p2a: Bardock|fallen2|[silent]\n|turn|5\n|\n|t:|1700773314\n|switch|p1a: Doggo 2|Zacian-Crowned, shiny|100\/100\n|-ability|p1a: Doggo 2|Intrepid Sword|boost\n|-boost|p1a: Doggo 2|atk|1\n|move|p2a: Bardock|Sucker Punch||[still]\n|-fail|p2a: Bardock\n|\n|upkeep\n|turn|6\n|\n|t:|1700773329\n|-end|p2a: Bardock|fallen2|[silent]\n|switch|p2a: *throws baby*|Maushold|100\/100\n|move|p1a: Doggo 2|Close Combat|p2a: *throws baby*\n|-supereffective|p2a: *throws baby*\n|-damage|p2a: *throws baby*|0 fnt\n|-unboost|p1a: Doggo 2|def|1\n|-unboost|p1a: Doggo 2|spd|1\n|faint|p2a: *throws baby*\n|\n|upkeep\n|\n|t:|1700773340\n|switch|p2a: Acid Ostrich|Espathra, M|100\/100\n|turn|7\n|\n|t:|1700773346\n|move|p1a: Doggo 2|Behemoth Blade|p2a: Acid Ostrich\n|-enditem|p2a: Acid Ostrich|Focus Sash\n|-damage|p2a: Acid Ostrich|1\/100\n|move|p2a: Acid Ostrich|Calm Mind|p2a: Acid Ostrich\n|-boost|p2a: Acid Ostrich|spa|1\n|-boost|p2a: Acid Ostrich|spd|1\n|\n|-ability|p2a: Acid Ostrich|Speed Boost|boost\n|-boost|p2a: Acid Ostrich|spe|1\n|upkeep\n|turn|8\n|\n|t:|1700773359\n|move|p2a: Acid Ostrich|Lumina Crash|p1a: Doggo 2\n|-resisted|p1a: Doggo 2\n|-damage|p1a: Doggo 2|57\/100\n|-unboost|p1a: Doggo 2|spd|2\n|move|p1a: Doggo 2|Wild Charge|p2a: Acid Ostrich\n|-damage|p2a: Acid Ostrich|0 fnt\n|faint|p2a: Acid Ostrich\n|-damage|p1a: Doggo 2|57\/100|[from] Recoil\n|\n|upkeep\n|\n|t:|1700773370\n|switch|p2a: Star Platinum|Cloyster, F|100\/100\n|turn|9\n|\n|t:|1700773377\n|-terastallize|p2a: Star Platinum|Ice\n|move|p1a: Doggo 2|Wild Charge|p2a: Star Platinum\n|-crit|p2a: Star Platinum\n|-damage|p2a: Star Platinum|31\/100\n|-damage|p1a: Doggo 2|44\/100|[from] Recoil\n|move|p2a: Star Platinum|Shell Smash|p2a: Star Platinum\n|-unboost|p2a: Star Platinum|def|1\n|-unboost|p2a: Star Platinum|spd|1\n|-boost|p2a: Star Platinum|atk|2\n|-boost|p2a: Star Platinum|spa|2\n|-boost|p2a: Star Platinum|spe|2\n|\n|upkeep\n|turn|10\n|\n|t:|1700773390\n|move|p2a: Star Platinum|Icicle Spear|p1a: Doggo 2\n|-resisted|p1a: Doggo 2\n|-damage|p1a: Doggo 2|24\/100\n|-resisted|p1a: Doggo 2\n|-damage|p1a: Doggo 2|4\/100\n|-resisted|p1a: Doggo 2\n|-damage|p1a: Doggo 2|0 fnt\n|faint|p1a: Doggo 2\n|-hitcount|p1: Doggo 2|3\n|\n|upkeep\n|\n|t:|1700773398\n|switch|p1a: Doggo|Arcanine-Hisui, M, shiny|100\/100\n|turn|11\n|\n|t:|1700773404\n|move|p2a: Star Platinum|Chilling Water|p1a: Doggo\n|-supereffective|p1a: Doggo\n|-crit|p1a: Doggo\n|-damage|p1a: Doggo|0 fnt\n|faint|p1a: Doggo\n|\n|upkeep\n|\n|t:|1700773411\n|switch|p1a: The main event|Eternatus, tera:Dark|45\/100\n|-ability|p1a: The main event|Pressure\n|turn|12\n|\n|t:|1700773416\n|move|p2a: Star Platinum|Icicle Spear|p1a: The main event\n|-damage|p1a: The main event|21\/100\n|-crit|p1a: The main event\n|-damage|p1a: The main event|0 fnt\n|faint|p1a: The main event\n|-hitcount|p1: The main event|2\n|\n|upkeep\n|\n|t:|1700773425\n|switch|p1a: ORPHAN HERO|Gliscor, M|100\/100\n|turn|13\n|\n|t:|1700773430\n|move|p2a: Star Platinum|Icicle Spear|p1a: ORPHAN HERO\n|-supereffective|p1a: ORPHAN HERO\n|-damage|p1a: ORPHAN HERO|0 fnt\n|faint|p1a: ORPHAN HERO\n|-hitcount|p1: ORPHAN HERO|1\n|\n|upkeep\n|c|\u2606YIPPEEEEEEEE|Go to hell after you k       yd\n|c|\u2606YIPPEEEEEEEE|*ys\n|-message|YIPPEEEEEEEE forfeited.\n|\n|win|Vogonic_Poetry\n|raw|YIPPEEEEEEEE's rating: 1233 &rarr; <strong>1205<\/strong><br \/>(-28 for losing)\n|raw|Vogonic_Poetry's rating: 1198 &rarr; <strong>1226<\/strong><br \/>(+28 for winning)\n|l|\u2606YIPPEEEEEEEE\n","uploadtime":1700773444,"views":0,"p1id":"yippeeeeeeee","p2id":"vogonicpoetry","formatid":"gen9anythinggoes","rating":1205,"private":0,"password":""}