{"id":"gen9anythinggoes-1992214756","p1":"Ghost-User-Forever","p2":"thelegend0","format":"[Gen 9] Anything Goes","log":"|j|\u2606Ghost-User-Forever\n|j|\u2606thelegend0\n|t:|1700164539\n|gametype|singles\n|player|p1|Ghost-User-Forever|ghetsis|1000\n|player|p2|thelegend0|depotagent|1000\n|teamsize|p1|6\n|teamsize|p2|6\n|gen|9\n|tier|[Gen 9] Anything Goes\n|rated|\n|rule|HP Percentage Mod: HP is shown in percentages\n|rule|Endless Battle Clause: Forcing endless battles is banned\n|clearpoke\n|poke|p1|Annihilape, M|\n|poke|p1|Gengar, M|\n|poke|p1|Basculegion, M|\n|poke|p1|Polteageist-Antique|\n|poke|p1|Banette, M|\n|poke|p1|Mismagius, M|\n|poke|p2|Mew|\n|poke|p2|Garchomp, F|\n|poke|p2|Giratina|\n|poke|p2|Mewtwo|\n|poke|p2|Zapdos|\n|poke|p2|Palkia|\n|teampreview\n|c|\u2606Ghost-User-Forever|well...\n|j| Skittyrox\n|\n|t:|1700164559\n|start\n|switch|p1a: Polteageist|Polteageist-Antique, shiny|100\/100\n|switch|p2a: shark|Garchomp, F|100\/100\n|turn|1\n|\n|t:|1700164572\n|move|p1a: Polteageist|Substitute|p1a: Polteageist\n|-start|p1a: Polteageist|Substitute\n|-damage|p1a: Polteageist|75\/100\n|move|p2a: shark|Dragon Tail|p1a: Polteageist\n|-end|p1a: Polteageist|Substitute\n|\n|upkeep\n|turn|2\n|\n|t:|1700164580\n|move|p2a: shark|Swords Dance|p2a: shark\n|-boost|p2a: shark|atk|2\n|move|p1a: Polteageist|Reflect|p1a: Polteageist\n|-sidestart|p1: Ghost-User-Forever|Reflect\n|\n|upkeep\n|turn|3\n|\n|t:|1700164586\n|move|p2a: shark|Surf|p1a: Polteageist\n|-damage|p1a: Polteageist|59\/100\n|move|p1a: Polteageist|Light Screen|p1a: Polteageist\n|-sidestart|p1: Ghost-User-Forever|move: Light Screen\n|\n|upkeep\n|turn|4\n|\n|t:|1700164592\n|move|p1a: Polteageist|Substitute|p1a: Polteageist\n|-start|p1a: Polteageist|Substitute\n|-damage|p1a: Polteageist|34\/100\n|move|p2a: shark|Dragon Tail|p1a: Polteageist\n|-end|p1a: Polteageist|Substitute\n|\n|upkeep\n|turn|5\n|\n|t:|1700164597\n|move|p1a: Polteageist|Baton Pass|p1a: Polteageist\n|\n|t:|1700164607\n|switch|p1a: Basculegion|Basculegion, M, shiny|100\/100|[from] Baton Pass\n|-ability|p1a: Basculegion|Mold Breaker\n|move|p2a: shark|Dragon Tail|p1a: Basculegion|[miss]\n|-miss|p2a: shark|p1a: Basculegion\n|\n|upkeep\n|turn|6\n|\n|t:|1700164614\n|move|p2a: shark|Draco Meteor|p1a: Basculegion\n|-damage|p1a: Basculegion|81\/100\n|-unboost|p2a: shark|spa|2\n|move|p1a: Basculegion|Chilling Water|p2a: shark\n|-damage|p2a: shark|82\/100\n|-unboost|p2a: shark|atk|1\n|\n|-sideend|p1: Ghost-User-Forever|Reflect\n|upkeep\n|turn|7\n|\n|t:|1700164623\n|move|p2a: shark|Swords Dance|p2a: shark\n|-boost|p2a: shark|atk|2\n|move|p1a: Basculegion|Ice Beam|p2a: shark\n|-supereffective|p2a: shark\n|-damage|p2a: shark|0 fnt\n|faint|p2a: shark\n|\n|-sideend|p1: Ghost-User-Forever|move: Light Screen\n|upkeep\n|\n|t:|1700164630\n|switch|p2a: Zapdos|Zapdos, shiny|100\/100\n|turn|8\n|c|\u2606Ghost-User-Forever|and thats the only kill ill get.\n|\n|t:|1700164647\n|move|p2a: Zapdos|Volt Switch|p1a: Basculegion\n|-supereffective|p1a: Basculegion\n|-damage|p1a: Basculegion|15\/100\n|\n|t:|1700164654\n|switch|p2a: Palkia|Palkia|100\/100|[from] Volt Switch\n|-ability|p2a: Palkia|Pressure\n|move|p1a: Basculegion|Endeavor|p2a: Palkia\n|-damage|p2a: Palkia|18\/100\n|\n|upkeep\n|turn|9\n|\n|t:|1700164670\n|move|p2a: Palkia|Blizzard|p1a: Basculegion|[miss]\n|-miss|p2a: Palkia|p1a: Basculegion\n|move|p1a: Basculegion|Chilling Water|p2a: Palkia\n|-resisted|p2a: Palkia\n|-damage|p2a: Palkia|15\/100\n|-unboost|p2a: Palkia|atk|1\n|\n|upkeep\n|turn|10\n|\n|t:|1700164678\n|move|p2a: Palkia|Draco Meteor|p1a: Basculegion\n|-damage|p1a: Basculegion|0 fnt\n|-unboost|p2a: Palkia|spa|2\n|faint|p1a: Basculegion\n|\n|upkeep\n|\n|t:|1700164682\n|switch|p1a: Banette|Banette, M|100\/100\n|turn|11\n|\n|t:|1700164686\n|move|p2a: Palkia|Aqua Tail|p1a: Banette|[miss]\n|-miss|p2a: Palkia|p1a: Banette\n|move|p1a: Banette|Hex|p2a: Palkia\n|-damage|p2a: Palkia|0 fnt\n|faint|p2a: Palkia\n|\n|upkeep\n|\n|t:|1700164692\n|switch|p2a: Giratina|Giratina, shiny|100\/100\n|-ability|p2a: Giratina|Pressure\n|turn|12\n|\n|t:|1700164708\n|move|p2a: Giratina|Dragon Claw|p1a: Banette\n|-damage|p1a: Banette|44\/100\n|-damage|p2a: Giratina|84\/100|[from] item: Rocky Helmet|[of] p1a: Banette\n|move|p1a: Banette|Disable|p2a: Giratina\n|-start|p2a: Giratina|Disable|Dragon Claw\n|\n|upkeep\n|turn|13\n|\n|t:|1700164717\n|-activate|p2a: Giratina|move: Struggle\n|move|p2a: Giratina|Struggle|p1a: Banette\n|-damage|p1a: Banette|19\/100\n|-damage|p2a: Giratina|67\/100|[from] item: Rocky Helmet|[of] p1a: Banette\n|-damage|p2a: Giratina|42\/100|[from] recoil\n|move|p1a: Banette|Hex|p2a: Giratina\n|-supereffective|p2a: Giratina\n|-damage|p2a: Giratina|18\/100\n|\n|upkeep\n|turn|14\n|\n|t:|1700164725\n|-activate|p2a: Giratina|move: Struggle\n|move|p2a: Giratina|Struggle|p1a: Banette\n|-damage|p1a: Banette|0 fnt\n|-damage|p2a: Giratina|2\/100|[from] item: Rocky Helmet|[of] p1a: Banette\n|faint|p1a: Banette\n|-damage|p2a: Giratina|0 fnt|[from] recoil\n|faint|p2a: Giratina\n|\n|upkeep\n|\n|t:|1700164742\n|switch|p2a: Zapdos|Zapdos, shiny|100\/100\n|switch|p1a: Mismagius|Mismagius, M|100\/100\n|turn|15\n|\n|t:|1700164748\n|move|p2a: Zapdos|Hurricane|p1a: Mismagius|[miss]\n|-miss|p2a: Zapdos|p1a: Mismagius\n|move|p1a: Mismagius|Nasty Plot|p1a: Mismagius\n|-boost|p1a: Mismagius|spa|2\n|\n|upkeep\n|turn|16\n|\n|t:|1700164755\n|move|p2a: Zapdos|Volt Switch|p1a: Mismagius\n|-damage|p1a: Mismagius|66\/100\n|\n|t:|1700164758\n|switch|p2a: Mewtwo|Mewtwo, shiny|100\/100|[from] Volt Switch\n|-ability|p2a: Mewtwo|Unnerve\n|move|p1a: Mismagius|Hex|p2a: Mewtwo\n|-supereffective|p2a: Mewtwo\n|-enditem|p2a: Mewtwo|Focus Sash\n|-damage|p2a: Mewtwo|1\/100\n|\n|-heal|p1a: Mismagius|72\/100|[from] item: Leftovers\n|upkeep\n|turn|17\n|\n|t:|1700164769\n|move|p2a: Mewtwo|Fire Blast|p1a: Mismagius\n|-damage|p1a: Mismagius|24\/100\n|move|p1a: Mismagius|Dark Pulse|p2a: Mewtwo\n|-supereffective|p2a: Mewtwo\n|-damage|p2a: Mewtwo|0 fnt\n|faint|p2a: Mewtwo\n|\n|-heal|p1a: Mismagius|30\/100|[from] item: Leftovers\n|upkeep\n|\n|t:|1700164778\n|switch|p2a: Zapdos|Zapdos, shiny|100\/100\n|turn|18\n|\n|t:|1700164787\n|move|p2a: Zapdos|Thunderbolt|p1a: Mismagius\n|-damage|p1a: Mismagius|0 fnt\n|faint|p1a: Mismagius\n|\n|upkeep\n|\n|t:|1700164793\n|switch|p1a: Annihilape|Annihilape, M|100\/100\n|turn|19\n|\n|t:|1700164807\n|move|p2a: Zapdos|Hurricane|p1a: Annihilape\n|-supereffective|p1a: Annihilape\n|-damage|p1a: Annihilape|39\/100\n|move|p1a: Annihilape|Close Combat|p2a: Zapdos\n|-resisted|p2a: Zapdos\n|-damage|p2a: Zapdos|67\/100\n|-unboost|p1a: Annihilape|def|1\n|-unboost|p1a: Annihilape|spd|1\n|\n|upkeep\n|turn|20\n|\n|t:|1700164817\n|move|p2a: Zapdos|Hurricane|p1a: Annihilape|[miss]\n|-miss|p2a: Zapdos|p1a: Annihilape\n|move|p1a: Annihilape|Rage Fist|p2a: Zapdos\n|-crit|p2a: Zapdos\n|-damage|p2a: Zapdos|0 fnt\n|faint|p2a: Zapdos\n|\n|upkeep\n|\n|t:|1700164824\n|switch|p2a: Blu|Mew, shiny|100\/100\n|turn|21\n|\n|t:|1700164836\n|move|p2a: Blu|Fire Blast|p1a: Annihilape\n|-damage|p1a: Annihilape|14\/100\n|move|p1a: Annihilape|Rage Fist|p2a: Blu\n|-supereffective|p2a: Blu\n|-enditem|p2a: Blu|Focus Sash\n|-damage|p2a: Blu|1\/100\n|\n|upkeep\n|turn|22\n|\n|t:|1700164844\n|move|p2a: Blu|Flash Cannon|p1a: Annihilape\n|-damage|p1a: Annihilape|0 fnt\n|faint|p1a: Annihilape\n|\n|upkeep\n|\n|t:|1700164847\n|switch|p1a: Gengar|Gengar, M|100\/100\n|turn|23\n|\n|t:|1700164852\n|-terastallize|p2a: Blu|Ice\n|-terastallize|p1a: Gengar|Ghost\n|move|p2a: Blu|Ice Fang|p1a: Gengar\n|-crit|p1a: Gengar\n|-damage|p1a: Gengar|48\/100\n|move|p1a: Gengar|Shadow Ball|p2a: Blu\n|-damage|p2a: Blu|0 fnt\n|faint|p2a: Blu\n|\n|win|Ghost-User-Forever\n|raw|Ghost-User-Forever's rating: 1000 &rarr; <strong>1040<\/strong><br \/>(+40 for winning)\n|raw|thelegend0's rating: 1000 &rarr; <strong>1000<\/strong><br \/>(+0 for losing)\n|l|\u2606thelegend0\n|j| Toon Link Gaming64\n|j| 1hfkqhwhrelk%\u25d5\u203f\u203f\u25d5%\n|l| 1hfkqhwhrelk%\u25d5\u203f\u203f\u25d5%\n|j| igiveuponaname\n|l| igiveuponaname\n|l| Skittyrox\n","uploadtime":1700165064,"views":11,"p1id":"ghostuserforever","p2id":"thelegend0","formatid":"gen9anythinggoes","rating":1000,"private":0,"password":""}