{"id":"gen9anythinggoes-1974853000","p1":"Juuppa","p2":"most mid AG player","format":"[Gen 9] Anything Goes","log":"|j|\u2606Juuppa\n|j|\u2606most mid AG player\n|t:|1698135068\n|gametype|singles\n|player|p1|Juuppa|roxie|1081\n|player|p2|most mid AG player|dancer|1075\n|teamsize|p1|6\n|teamsize|p2|6\n|gen|9\n|tier|[Gen 9] Anything Goes\n|rated|\n|rule|HP Percentage Mod: HP is shown in percentages\n|rule|Endless Battle Clause: Forcing endless battles is banned\n|clearpoke\n|poke|p1|Clodsire, M|\n|poke|p1|Toxapex, M|\n|poke|p1|Grafaiai, F|\n|poke|p1|Amoonguss, F|\n|poke|p1|Sneasler, M|\n|poke|p1|Salazzle, F|\n|poke|p2|Koraidon|\n|poke|p2|Miraidon|\n|poke|p2|Groudon|\n|poke|p2|Calyrex-Shadow|\n|poke|p2|Flutter Mane|\n|poke|p2|Walking Wake|\n|teampreview\n|\n|t:|1698135077\n|start\n|switch|p1a: Blob|Clodsire, M|100\/100\n|switch|p2a: Groudon|Groudon|100\/100\n|-weather|SunnyDay|[from] ability: Drought|[of] p2a: Groudon\n|turn|1\n|\n|t:|1698135085\n|move|p2a: Groudon|Precipice Blades|p1a: Blob\n|-supereffective|p1a: Blob\n|-crit|p1a: Blob\n|-damage|p1a: Blob|0 fnt\n|faint|p1a: Blob\n|\n|-weather|SunnyDay|[upkeep]\n|upkeep\n|\n|t:|1698135091\n|switch|p1a: Bunker|Toxapex, M|100\/100\n|turn|2\n|\n|t:|1698135096\n|move|p1a: Bunker|Baneful Bunker|p1a: Bunker\n|-singleturn|p1a: Bunker|move: Protect\n|move|p2a: Groudon|Spikes|p1a: Bunker\n|-sidestart|p1: Juuppa|Spikes\n|\n|-weather|SunnyDay|[upkeep]\n|upkeep\n|turn|3\n|\n|t:|1698135103\n|move|p2a: Groudon|Precipice Blades|p1a: Bunker\n|-supereffective|p1a: Bunker\n|-damage|p1a: Bunker|6\/100\n|move|p1a: Bunker|Ice Spinner|p2a: Groudon\n|-supereffective|p2a: Groudon\n|-damage|p2a: Groudon|87\/100\n|\n|-weather|SunnyDay|[upkeep]\n|-heal|p2a: Groudon|93\/100|[from] item: Leftovers\n|-heal|p1a: Bunker|12\/100|[from] item: Leftovers\n|upkeep\n|turn|4\n|\n|t:|1698135113\n|move|p1a: Bunker|Baneful Bunker|p1a: Bunker\n|-singleturn|p1a: Bunker|move: Protect\n|move|p2a: Groudon|Spikes|p1a: Bunker\n|-sidestart|p1: Juuppa|Spikes\n|\n|-weather|SunnyDay|[upkeep]\n|-heal|p2a: Groudon|99\/100|[from] item: Leftovers\n|-heal|p1a: Bunker|19\/100|[from] item: Leftovers\n|upkeep\n|turn|5\n|-message|Juuppa forfeited.\n|\n|win|most mid AG player\n|raw|Juuppa's rating: 1081 &rarr; <strong>1058<\/strong><br \/>(-23 for losing)\n|raw|most mid AG player's rating: 1075 &rarr; <strong>1104<\/strong><br \/>(+29 for winning)\n|l|\u2606Juuppa\n","uploadtime":1698135130,"views":19,"p1id":"juuppa","p2id":"mostmidagplayer","formatid":"gen9anythinggoes","rating":1058,"private":0,"password":""}