{"id":"gen9anythinggoes-1994115860","p1":"Mouspi le goat","p2":"teho itan","format":"[Gen 9] Anything Goes","log":"|j|\u2606Mouspi le goat\n|j|\u2606teho itan\n|t:|1700408742\n|gametype|singles\n|player|p1|Mouspi le goat|red|1326\n|player|p2|teho itan|rood|1349\n|teamsize|p1|6\n|teamsize|p2|6\n|gen|9\n|tier|[Gen 9] Anything Goes\n|rated|\n|rule|HP Percentage Mod: HP is shown in percentages\n|rule|Endless Battle Clause: Forcing endless battles is banned\n|clearpoke\n|poke|p1|Breloom, M|\n|poke|p1|Espathra, F|\n|poke|p1|Calyrex-Shadow|\n|poke|p1|Toxapex, F|\n|poke|p1|Ninetales-Alola, F|\n|poke|p1|Dugtrio, M|\n|poke|p2|Espeon, M|\n|poke|p2|Manaphy|\n|poke|p2|Volbeat, M|\n|poke|p2|Dragapult, F|\n|poke|p2|Drifblim, F|\n|poke|p2|Koraidon|\n|teampreview\n|inactive|Battle timer is ON: inactive players will automatically lose when time's up. (requested by Mouspi le goat)\n|\n|t:|1700408764\n|start\n|switch|p1a: Espathra|Espathra, F, shiny|100\/100\n|switch|p2a: Volbeat|Volbeat, M, shiny|100\/100\n|turn|1\n|\n|t:|1700408773\n|move|p1a: Espathra|Substitute|p1a: Espathra\n|-start|p1a: Espathra|Substitute\n|-damage|p1a: Espathra|76\/100\n|move|p2a: Volbeat|Mud-Slap|p1a: Espathra\n|-activate|p1a: Espathra|move: Substitute|[damage]\n|\n|-heal|p1a: Espathra|82\/100|[from] item: Leftovers\n|-ability|p1a: Espathra|Speed Boost|boost\n|-boost|p1a: Espathra|spe|1\n|upkeep\n|turn|2\n|\n|t:|1700408785\n|move|p1a: Espathra|Protect|p1a: Espathra\n|-singleturn|p1a: Espathra|Protect\n|move|p2a: Volbeat|Tail Glow|p2a: Volbeat\n|-boost|p2a: Volbeat|spa|3\n|\n|-heal|p1a: Espathra|88\/100|[from] item: Leftovers\n|-ability|p1a: Espathra|Speed Boost|boost\n|-boost|p1a: Espathra|spe|1\n|upkeep\n|turn|3\n|\n|t:|1700408794\n|move|p2a: Volbeat|Tail Glow|p2a: Volbeat\n|-boost|p2a: Volbeat|spa|3\n|move|p1a: Espathra|Baton Pass|p1a: Espathra\n|\n|t:|1700408798\n|switch|p1a: Breloom|Breloom, M, shiny|100\/100|[from] Baton Pass\n|\n|upkeep\n|turn|4\n|\n|t:|1700408803\n|move|p2a: Volbeat|Baton Pass|p2a: Volbeat\n|\n|t:|1700408819\n|switch|p2a: Drifblim|Drifblim, F|100\/100|[from] Baton Pass\n|move|p1a: Breloom|Spore|p2a: Drifblim\n|-status|p2a: Drifblim|slp|[from] move: Spore\n|\n|upkeep\n|turn|5\n|\n|t:|1700408826\n|move|p1a: Breloom|Swords Dance|p1a: Breloom\n|-boost|p1a: Breloom|atk|2\n|cant|p2a: Drifblim|slp\n|\n|upkeep\n|turn|6\n|\n|t:|1700408831\n|move|p1a: Breloom|Aerial Ace|p2a: Drifblim\n|-damage|p2a: Drifblim|1\/100 slp\n|-enditem|p2a: Drifblim|Aguav Berry|[eat]\n|-heal|p2a: Drifblim|34\/100 slp|[from] item: Aguav Berry\n|cant|p2a: Drifblim|slp\n|\n|upkeep\n|turn|7\n|\n|t:|1700408858\n|move|p1a: Breloom|Swords Dance|p1a: Breloom\n|-boost|p1a: Breloom|atk|2\n|-curestatus|p2a: Drifblim|slp|[msg]\n|move|p2a: Drifblim|Minimize|p2a: Drifblim\n|-boost|p2a: Drifblim|evasion|2\n|\n|upkeep\n|turn|8\n|\n|t:|1700408865\n|move|p1a: Breloom|Aerial Ace|p2a: Drifblim\n|-damage|p2a: Drifblim|0 fnt\n|-damage|p1a: Breloom|76\/100|[from] ability: Aftermath|[of] p2a: Drifblim\n|faint|p2a: Drifblim\n|\n|upkeep\n|\n|t:|1700408872\n|switch|p2a: Dragapult|Dragapult, F, shiny|100\/100\n|turn|9\n|\n|t:|1700408876\n|move|p1a: Breloom|Spore|p2a: Dragapult\n|-status|p2a: Dragapult|slp|[from] move: Spore\n|cant|p2a: Dragapult|slp\n|\n|upkeep\n|turn|10\n|\n|t:|1700408882\n|move|p1a: Breloom|Swords Dance|p1a: Breloom\n|-boost|p1a: Breloom|atk|2\n|cant|p2a: Dragapult|slp\n|\n|upkeep\n|turn|11\n|c|\u2606teho itan|nice\n|\n|t:|1700408888\n|move|p1a: Breloom|Aerial Ace|p2a: Dragapult\n|-damage|p2a: Dragapult|0 fnt\n|-start|p1a: Breloom|Disable|Aerial Ace|[from] ability: Cursed Body|[of] p2a: Dragapult\n|faint|p2a: Dragapult\n|\n|upkeep\n|\n|t:|1700408906\n|switch|p2a: Volbeat|Volbeat, M, shiny|100\/100\n|turn|12\n|\n|t:|1700408910\n|move|p2a: Volbeat|Substitute|p2a: Volbeat\n|-start|p2a: Volbeat|Substitute\n|-damage|p2a: Volbeat|76\/100\n|move|p1a: Breloom|Spore||[still]\n|-fail|p1a: Breloom\n|\n|upkeep\n|turn|13\n|\n|t:|1700408920\n|move|p1a: Breloom|Mach Punch|p2a: Volbeat\n|-resisted|p2a: Volbeat\n|-end|p2a: Volbeat|Substitute\n|move|p2a: Volbeat|Mud-Slap|p1a: Breloom\n|-resisted|p1a: Breloom\n|-activate|p1a: Breloom|move: Substitute|[damage]\n|\n|upkeep\n|turn|14\n|\n|t:|1700408936\n|move|p1a: Breloom|Mach Punch|p2a: Volbeat\n|-resisted|p2a: Volbeat\n|-damage|p2a: Volbeat|5\/100\n|-enditem|p2a: Volbeat|Aguav Berry|[eat]\n|-heal|p2a: Volbeat|38\/100|[from] item: Aguav Berry\n|move|p2a: Volbeat|Tail Glow|p2a: Volbeat\n|-boost|p2a: Volbeat|spa|3\n|\n|-end|p1a: Breloom|Disable\n|upkeep\n|turn|15\n|\n|t:|1700408945\n|move|p2a: Volbeat|Baton Pass|p2a: Volbeat\n|\n|t:|1700408951\n|switch|p2a: Manaphy|Manaphy, shiny|100\/100|[from] Baton Pass\n|move|p1a: Breloom|Aerial Ace|p2a: Manaphy\n|-damage|p2a: Manaphy|0 fnt\n|faint|p2a: Manaphy\n|\n|upkeep\n|c|\u2606teho itan|gg\n|c|\u2606Mouspi le goat|thanks\n|inactive|teho itan has 120 seconds left.\n|c|\u2606teho itan|nice setup for this breloom\n|-message|teho itan forfeited.\n|\n|win|Mouspi le goat\n|raw|Mouspi le goat's rating: 1326 &rarr; <strong>1347<\/strong><br \/>(+21 for winning)\n|raw|teho itan's rating: 1349 &rarr; <strong>1328<\/strong><br \/>(-21 for losing)\n|l|\u2606teho itan\n|c|\u2606Mouspi le goat|:)\n","uploadtime":1700408990,"views":4,"p1id":"mouspilegoat","p2id":"tehoitan","formatid":"gen9anythinggoes","rating":1328,"private":0,"password":""}