{"id":"gen9anythinggoes-1993181503","p1":"ethangatch","p2":"SebMex17","format":"[Gen 9] Anything Goes","log":"|j|\u2606ethangatch\n|j|\u2606SebMex17\n|t:|1700274773\n|gametype|singles\n|player|p1|ethangatch|101|1111\n|player|p2|SebMex17|1|1090\n|teamsize|p1|6\n|teamsize|p2|6\n|gen|9\n|tier|[Gen 9] Anything Goes\n|rated|\n|rule|HP Percentage Mod: HP is shown in percentages\n|rule|Endless Battle Clause: Forcing endless battles is banned\n|clearpoke\n|poke|p1|Calyrex-Shadow|\n|poke|p1|Skeledirge, M|\n|poke|p1|Miraidon|\n|poke|p1|Chien-Pao|\n|poke|p1|Magearna|\n|poke|p1|Ogerpon-Hearthflame, F|\n|poke|p2|Brambleghast, M|\n|poke|p2|Kilowattrel, F|\n|poke|p2|Dondozo, M|\n|poke|p2|Clodsire, M|\n|poke|p2|Ariados, F|\n|poke|p2|Ninetales, F|\n|teampreview\n|\n|t:|1700274780\n|start\n|switch|p1a: Calyrex|Calyrex-Shadow|100\/100\n|switch|p2a: Ariados|Ariados, F, shiny|100\/100\n|-ability|p1a: Calyrex|As One\n|-ability|p1a: Calyrex|Unnerve\n|turn|1\n|\n|t:|1700274802\n|move|p1a: Calyrex|Astral Barrage|p2a: Ariados\n|-damage|p2a: Ariados|3\/100\n|move|p2a: Ariados|Sticky Web|p1a: Calyrex\n|-sidestart|p1: ethangatch|move: Sticky Web\n|\n|upkeep\n|turn|2\n|\n|t:|1700274821\n|move|p1a: Calyrex|Astral Barrage|p2a: Ariados\n|-damage|p2a: Ariados|0 fnt\n|faint|p2a: Ariados\n|-ability|p1a: Calyrex|Grim Neigh|boost\n|-boost|p1a: Calyrex|spa|1\n|\n|upkeep\n|\n|t:|1700274842\n|switch|p2a: Kilowattrel|Kilowattrel, F|100\/100\n|turn|3\n|\n|t:|1700274847\n|move|p1a: Calyrex|Astral Barrage|p2a: Kilowattrel\n|-damage|p2a: Kilowattrel|0 fnt\n|faint|p2a: Kilowattrel\n|-ability|p1a: Calyrex|Grim Neigh|boost\n|-boost|p1a: Calyrex|spa|1\n|\n|upkeep\n|\n|t:|1700274858\n|switch|p2a: Dondozo|Dondozo, M, shiny|100\/100\n|turn|4\n|\n|t:|1700274870\n|move|p1a: Calyrex|Astral Barrage|p2a: Dondozo\n|-damage|p2a: Dondozo|27\/100\n|move|p2a: Dondozo|Avalanche|p1a: Calyrex\n|-damage|p1a: Calyrex|51\/100\n|\n|upkeep\n|turn|5\n|\n|t:|1700274881\n|move|p1a: Calyrex|Astral Barrage|p2a: Dondozo\n|-damage|p2a: Dondozo|0 fnt\n|faint|p2a: Dondozo\n|-ability|p1a: Calyrex|Grim Neigh|boost\n|-boost|p1a: Calyrex|spa|1\n|\n|upkeep\n|\n|t:|1700274890\n|switch|p2a: Brambleghast|Brambleghast, M, shiny|100\/100\n|turn|6\n|\n|t:|1700274897\n|-terastallize|p2a: Brambleghast|Fire\n|move|p1a: Calyrex|Astral Barrage|p2a: Brambleghast\n|-damage|p2a: Brambleghast|0 fnt\n|faint|p2a: Brambleghast\n|-ability|p1a: Calyrex|Grim Neigh|boost\n|-boost|p1a: Calyrex|spa|1\n|\n|upkeep\n|n|!SebMex17|sebmex17\n|-message|SebMex17 forfeited.\n|\n|win|ethangatch\n|raw|ethangatch's rating: 1111 &rarr; <strong>1134<\/strong><br \/>(+23 for winning)\n|raw|SebMex17's rating: 1090 &rarr; <strong>1068<\/strong><br \/>(-22 for losing)\n|l|!SebMex17\n","uploadtime":1700274909,"views":4,"p1id":"ethangatch","p2id":"sebmex17","formatid":"gen9anythinggoes","rating":1068,"private":0,"password":""}