{"id":"gen9anythinggoes-1984738932","p1":"el daner","p2":"Aircraft Ape","format":"[Gen 9] Anything Goes","log":"|j|\u2606el daner\n|j|\u2606Aircraft Ape\n|t:|1699295062\n|gametype|singles\n|player|p1|el daner|hiker-gen4|1151\n|player|p2|Aircraft Ape|rei|1133\n|teamsize|p1|6\n|teamsize|p2|6\n|gen|9\n|tier|[Gen 9] Anything Goes\n|rated|\n|rule|HP Percentage Mod: HP is shown in percentages\n|rule|Endless Battle Clause: Forcing endless battles is banned\n|clearpoke\n|poke|p1|Chandelure, F|\n|poke|p1|Milotic, M|\n|poke|p1|Garchomp, M|\n|poke|p1|Trevenant, F|\n|poke|p1|Sylveon, M|\n|poke|p1|Salazzle, F|\n|poke|p2|Gothitelle, F|\n|poke|p2|Flutter Mane|\n|poke|p2|Great Tusk|\n|poke|p2|Kricketune, M|\n|poke|p2|Dugtrio, M|\n|poke|p2|Ogerpon-Hearthflame, F|\n|teampreview\n|\n|t:|1699295066\n|start\n|switch|p1a: Chandelure|Chandelure, F|100\/100\n|switch|p2a: Kricketune|Kricketune, M, shiny|100\/100\n|turn|1\n|inactive|Battle timer is ON: inactive players will automatically lose when time's up. (requested by el daner)\n|\n|t:|1699295073\n|move|p1a: Chandelure|Trick|p2a: Kricketune\n|-activate|p1a: Chandelure|move: Trick|[of] p2a: Kricketune\n|-item|p2a: Kricketune|Choice Scarf|[from] move: Trick\n|-item|p1a: Chandelure|Focus Sash|[from] move: Trick\n|move|p2a: Kricketune|Sticky Web|p1a: Chandelure\n|-sidestart|p1: el daner|move: Sticky Web\n|\n|upkeep\n|turn|2\n|\n|t:|1699295085\n|switch|p2a: Great Tusk|Great Tusk|100\/100\n|move|p1a: Chandelure|Flamethrower|p2a: Great Tusk\n|-damage|p2a: Great Tusk|62\/100\n|\n|upkeep\n|turn|3\n|\n|t:|1699295105\n|move|p1a: Chandelure|Flamethrower|p2a: Great Tusk\n|-damage|p2a: Great Tusk|23\/100\n|move|p2a: Great Tusk|Earthquake|p1a: Chandelure\n|-supereffective|p1a: Chandelure\n|-enditem|p1a: Chandelure|Focus Sash\n|-damage|p1a: Chandelure|1\/100\n|\n|upkeep\n|turn|4\n|\n|t:|1699295118\n|move|p1a: Chandelure|Flamethrower|p2a: Great Tusk\n|-damage|p2a: Great Tusk|0 fnt\n|faint|p2a: Great Tusk\n|-end|p2a: Great Tusk|Protosynthesis|[silent]\n|\n|upkeep\n|\n|t:|1699295129\n|switch|p2a: Flutter Mane|Flutter Mane|100\/100\n|turn|5\n|\n|t:|1699295134\n|move|p2a: Flutter Mane|Shadow Ball|p1a: Chandelure\n|-supereffective|p1a: Chandelure\n|-damage|p1a: Chandelure|0 fnt\n|faint|p1a: Chandelure\n|\n|upkeep\n|\n|t:|1699295143\n|switch|p1a: Salazzle|Salazzle, F|100\/100\n|-activate|p1a: Salazzle|move: Sticky Web\n|-unboost|p1a: Salazzle|spe|1\n|turn|6\n|\n|t:|1699295152\n|-end|p2a: Flutter Mane|Protosynthesis|[silent]\n|switch|p2a: Kricketune|Kricketune, M, shiny|100\/100\n|move|p1a: Salazzle|Sludge Bomb|p2a: Kricketune\n|-damage|p2a: Kricketune|49\/100\n|-status|p2a: Kricketune|psn\n|-damage|p1a: Salazzle|91\/100|[from] item: Life Orb\n|\n|-damage|p2a: Kricketune|37\/100 psn|[from] psn\n|upkeep\n|turn|7\n|\n|t:|1699295161\n|move|p2a: Kricketune|Perish Song|p2a: Kricketune\n|-start|p1a: Salazzle|perish3|[silent]\n|-start|p2a: Kricketune|perish3|[silent]\n|-fieldactivate|move: Perish Song\n|move|p1a: Salazzle|Nasty Plot|p1a: Salazzle\n|-boost|p1a: Salazzle|spa|2\n|\n|-damage|p2a: Kricketune|25\/100 psn|[from] psn\n|-start|p2a: Kricketune|perish3\n|-start|p1a: Salazzle|perish3\n|upkeep\n|turn|8\n|c|\u2606el daner|woah\n|\n|t:|1699295175\n|switch|p2a: Gothitelle|Gothitelle, F|100\/100\n|switch|p1a: Milotic|Milotic, M|100\/100\n|-activate|p1a: Milotic|move: Sticky Web\n|-unboost|p1a: Milotic|spe|1\n|\n|-status|p1a: Milotic|brn|[from] item: Flame Orb\n|upkeep\n|turn|9\n|\n|t:|1699295186\n|move|p1a: Milotic|Dragon Dance|p1a: Milotic\n|-boost|p1a: Milotic|atk|1\n|-boost|p1a: Milotic|spe|1\n|move|p2a: Gothitelle|Psychic|p1a: Milotic\n|-damage|p1a: Milotic|77\/100 brn\n|\n|-damage|p1a: Milotic|71\/100 brn|[from] brn\n|upkeep\n|turn|10\n|c|\u2606Aircraft Ape|that's original for sure\n|c|\u2606Aircraft Ape|it doesn't get agility ig\n|\n|t:|1699295215\n|move|p1a: Milotic|Dragon Dance|p1a: Milotic\n|-boost|p1a: Milotic|atk|1\n|-boost|p1a: Milotic|spe|1\n|move|p2a: Gothitelle|Psychic|p1a: Milotic\n|-damage|p1a: Milotic|44\/100 brn\n|\n|-damage|p1a: Milotic|38\/100 brn|[from] brn\n|upkeep\n|turn|11\n|\n|t:|1699295226\n|-terastallize|p1a: Milotic|Normal\n|-terastallize|p2a: Gothitelle|Steel\n|move|p1a: Milotic|Facade|p2a: Gothitelle\n|-resisted|p2a: Gothitelle\n|-damage|p2a: Gothitelle|54\/100\n|move|p2a: Gothitelle|Psychic|p1a: Milotic\n|-damage|p1a: Milotic|14\/100 brn\n|\n|-heal|p2a: Gothitelle|60\/100|[from] item: Leftovers\n|-damage|p1a: Milotic|8\/100 brn|[from] brn\n|upkeep\n|turn|12\n|\n|t:|1699295237\n|switch|p2a: Flutter Mane|Flutter Mane|100\/100\n|move|p1a: Milotic|Recover|p1a: Milotic\n|-heal|p1a: Milotic|58\/100 brn\n|\n|-damage|p1a: Milotic|52\/100 brn|[from] brn\n|upkeep\n|turn|13\n|\n|t:|1699295245\n|move|p1a: Milotic|Recover|p1a: Milotic\n|-heal|p1a: Milotic|100\/100 brn\n|move|p2a: Flutter Mane|Moonblast|p1a: Milotic\n|-crit|p1a: Milotic\n|-damage|p1a: Milotic|45\/100 brn\n|-unboost|p1a: Milotic|spa|1\n|\n|-damage|p1a: Milotic|39\/100 brn|[from] brn\n|upkeep\n|turn|14\n|\n|t:|1699295253\n|switch|p1a: Sylveon|Sylveon, M|100\/100\n|-activate|p1a: Sylveon|move: Sticky Web\n|-unboost|p1a: Sylveon|spe|1\n|move|p2a: Flutter Mane|Moonblast|p1a: Sylveon\n|-damage|p1a: Sylveon|62\/100\n|-unboost|p1a: Sylveon|spa|1\n|\n|-heal|p1a: Sylveon|68\/100|[from] item: Leftovers\n|upkeep\n|turn|15\n|\n|t:|1699295265\n|move|p2a: Flutter Mane|Shadow Ball|p1a: Sylveon\n|-damage|p1a: Sylveon|37\/100\n|move|p1a: Sylveon|Calm Mind|p1a: Sylveon\n|-boost|p1a: Sylveon|spa|1\n|-boost|p1a: Sylveon|spd|1\n|\n|-heal|p1a: Sylveon|43\/100|[from] item: Leftovers\n|upkeep\n|turn|16\n|\n|t:|1699295273\n|move|p2a: Flutter Mane|Calm Mind|p2a: Flutter Mane\n|-boost|p2a: Flutter Mane|spa|1\n|-boost|p2a: Flutter Mane|spd|1\n|move|p1a: Sylveon|Wish|p1a: Sylveon\n|\n|-heal|p1a: Sylveon|49\/100|[from] item: Leftovers\n|upkeep\n|turn|17\n|\n|t:|1699295279\n|move|p2a: Flutter Mane|Calm Mind|p2a: Flutter Mane\n|-boost|p2a: Flutter Mane|spa|1\n|-boost|p2a: Flutter Mane|spd|1\n|move|p1a: Sylveon|Calm Mind|p1a: Sylveon\n|-boost|p1a: Sylveon|spa|1\n|-boost|p1a: Sylveon|spd|1\n|\n|-heal|p1a: Sylveon|99\/100|[from] move: Wish|[wisher] Sylveon\n|-heal|p1a: Sylveon|100\/100|[from] item: Leftovers\n|upkeep\n|turn|18\n|\n|t:|1699295289\n|switch|p1a: Garchomp|Garchomp, M|100\/100\n|-activate|p1a: Garchomp|move: Sticky Web\n|-unboost|p1a: Garchomp|spe|1\n|move|p2a: Flutter Mane|Shadow Ball|p1a: Garchomp\n|-damage|p1a: Garchomp|42\/100\n|\n|upkeep\n|turn|19\n|\n|t:|1699295298\n|move|p2a: Flutter Mane|Moonblast|p1a: Garchomp\n|-supereffective|p1a: Garchomp\n|-damage|p1a: Garchomp|0 fnt\n|faint|p1a: Garchomp\n|\n|upkeep\n|\n|t:|1699295311\n|switch|p1a: Salazzle|Salazzle, F|91\/100\n|-activate|p1a: Salazzle|move: Sticky Web\n|-unboost|p1a: Salazzle|spe|1\n|turn|20\n|\n|t:|1699295318\n|move|p2a: Flutter Mane|Shadow Ball|p1a: Salazzle\n|-damage|p1a: Salazzle|0 fnt\n|faint|p1a: Salazzle\n|\n|upkeep\n|-message|el daner forfeited.\n|\n|win|Aircraft Ape\n|raw|el daner's rating: 1151 &rarr; <strong>1125<\/strong><br \/>(-26 for losing)\n|raw|Aircraft Ape's rating: 1133 &rarr; <strong>1159<\/strong><br \/>(+26 for winning)\n|l|\u2606el daner\n|c|\u2606Aircraft Ape|gg\n","uploadtime":1699295347,"views":6,"p1id":"eldaner","p2id":"aircraftape","formatid":"gen9anythinggoes","rating":1125,"private":0,"password":""}