{"id":"gen9anythinggoes-1996650537","p1":"eriririririririric","p2":"quaxli","format":"[Gen 9] Anything Goes","log":"|j|\u2606eriririririririric\n|j|\u203dquaxli\n|t:|1700705212\n|gametype|singles\n|player|p1|eriririririririric|hooligans|1588\n|player|p2|quaxli|brawly|1690\n|teamsize|p1|6\n|teamsize|p2|6\n|gen|9\n|tier|[Gen 9] Anything Goes\n|rated|\n|rule|HP Percentage Mod: HP is shown in percentages\n|rule|Endless Battle Clause: Forcing endless battles is banned\n|clearpoke\n|poke|p1|Calyrex-Shadow|\n|poke|p1|Arceus|\n|poke|p1|Zacian-*|\n|poke|p1|Koraidon|\n|poke|p1|Miraidon|\n|poke|p1|Lycanroc-Dusk, F|\n|poke|p2|Ting-Lu|\n|poke|p2|Calyrex-Shadow|\n|poke|p2|Ditto|\n|poke|p2|Koraidon|\n|poke|p2|Miraidon|\n|poke|p2|Zacian-*|\n|teampreview\n|inactive|Battle timer is ON: inactive players will automatically lose when time's up. (requested by quaxli)\n|inactive|eriririririririric also wants the timer to be on.\n|c|\u2606eriririririririric|WHAT\n|c|\u2606eriririririririric|QUAXLI\n|c|\u2606eriririririririric|HI\n|inactive|eriririririririric has 120 seconds left.\n|\n|t:|1700705243\n|start\n|switch|p1a: Lycanroc|Lycanroc-Dusk, F|100\/100\n|switch|p2a: Zacian|Zacian-Crowned|100\/100\n|-ability|p2a: Zacian|Intrepid Sword|boost\n|-boost|p2a: Zacian|atk|1\n|turn|1\n|\n|t:|1700705262\n|move|p2a: Zacian|Behemoth Blade|p1a: Lycanroc\n|-supereffective|p1a: Lycanroc\n|-enditem|p1a: Lycanroc|Focus Sash\n|-damage|p1a: Lycanroc|1\/100\n|move|p1a: Lycanroc|Stealth Rock|p2a: Zacian\n|-sidestart|p2: quaxli|move: Stealth Rock\n|\n|upkeep\n|turn|2\n|\n|t:|1700705273\n|move|p1a: Lycanroc|Accelerock|p2a: Zacian\n|-resisted|p2a: Zacian\n|-damage|p2a: Zacian|88\/100\n|move|p2a: Zacian|Behemoth Blade|p1a: Lycanroc\n|-supereffective|p1a: Lycanroc\n|-damage|p1a: Lycanroc|0 fnt\n|faint|p1a: Lycanroc\n|\n|upkeep\n|\n|t:|1700705282\n|switch|p1a: CrownDog|Zacian-Crowned|100\/100\n|-ability|p1a: CrownDog|Intrepid Sword|boost\n|-boost|p1a: CrownDog|atk|1\n|turn|3\n|\n|t:|1700705285\n|move|p2a: Zacian|Close Combat|p1a: CrownDog\n|-damage|p1a: CrownDog|38\/100\n|-unboost|p2a: Zacian|def|1\n|-unboost|p2a: Zacian|spd|1\n|move|p1a: CrownDog|Behemoth Blade|p2a: Zacian\n|-damage|p2a: Zacian|0 fnt\n|faint|p2a: Zacian\n|\n|upkeep\n|\n|t:|1700705290\n|switch|p2a: Ting-Lu|Ting-Lu|100\/100\n|-damage|p2a: Ting-Lu|94\/100|[from] Stealth Rock\n|-ability|p2a: Ting-Lu|Vessel of Ruin\n|turn|4\n|\n|t:|1700705294\n|move|p1a: CrownDog|Play Rough|p2a: Ting-Lu\n|-supereffective|p2a: Ting-Lu\n|-crit|p2a: Ting-Lu\n|-damage|p2a: Ting-Lu|4\/100\n|-damage|p1a: CrownDog|22\/100|[from] item: Rocky Helmet|[of] p2a: Ting-Lu\n|move|p2a: Ting-Lu|Stealth Rock|p1a: CrownDog\n|-sidestart|p1: eriririririririric|move: Stealth Rock\n|\n|upkeep\n|turn|5\n|\n|t:|1700705299\n|move|p1a: CrownDog|Play Rough|p2a: Ting-Lu\n|-supereffective|p2a: Ting-Lu\n|-crit|p2a: Ting-Lu\n|-damage|p2a: Ting-Lu|0 fnt\n|-damage|p1a: CrownDog|5\/100|[from] item: Rocky Helmet|[of] p2a: Ting-Lu\n|faint|p2a: Ting-Lu\n|\n|upkeep\n|c|\u2606eriririririririric|:)\n|\n|t:|1700705307\n|switch|p2a: Calyrex|Calyrex-Shadow|100\/100\n|-ability|p2a: Calyrex|As One\n|-ability|p2a: Calyrex|Unnerve\n|-damage|p2a: Calyrex|88\/100|[from] Stealth Rock\n|turn|6\n|c|\u2606eriririririririric|hehehehehe\n|c|\u2606eriririririririric|muahahahahhaa\n|\n|t:|1700705314\n|move|p2a: Calyrex|Giga Drain|p1a: CrownDog\n|-resisted|p1a: CrownDog\n|-damage|p1a: CrownDog|0 fnt\n|-heal|p2a: Calyrex|91\/100|[from] drain|[of] p1a: CrownDog\n|faint|p1a: CrownDog\n|-ability|p2a: Calyrex|Grim Neigh|boost\n|-boost|p2a: Calyrex|spa|1\n|\n|upkeep\n|\n|t:|1700705318\n|switch|p1a: E-Killer|Arceus|100\/100\n|-damage|p1a: E-Killer|88\/100|[from] Stealth Rock\n|turn|7\n|\n|t:|1700705323\n|move|p2a: Calyrex|Giga Drain|p1a: E-Killer\n|-damage|p1a: E-Killer|55\/100\n|-heal|p2a: Calyrex|100\/100|[from] drain|[of] p1a: E-Killer\n|move|p1a: E-Killer|Shadow Claw|p2a: Calyrex\n|-supereffective|p2a: Calyrex\n|-enditem|p2a: Calyrex|Focus Sash\n|-damage|p2a: Calyrex|1\/100\n|\n|upkeep\n|turn|8\n|\n|t:|1700705331\n|move|p2a: Calyrex|Psychic|p1a: E-Killer\n|-damage|p1a: E-Killer|0 fnt\n|faint|p1a: E-Killer\n|-ability|p2a: Calyrex|Grim Neigh|boost\n|-boost|p2a: Calyrex|spa|1\n|\n|upkeep\n|\n|t:|1700705335\n|switch|p1a: OutSpeed|Koraidon|100\/100\n|-damage|p1a: OutSpeed|94\/100|[from] Stealth Rock\n|-weather|SunnyDay|[from] ability: Orichalcum Pulse|[of] p1a: OutSpeed\n|-activate|p1a: OutSpeed|Orichalcum Pulse|[source]\n|turn|9\n|\n|t:|1700705338\n|move|p1a: OutSpeed|Dragon Claw|p2a: Calyrex\n|-crit|p2a: Calyrex\n|-damage|p2a: Calyrex|0 fnt\n|faint|p2a: Calyrex\n|\n|-weather|SunnyDay|[upkeep]\n|upkeep\n|\n|t:|1700705349\n|switch|p2a: Koraidon|Koraidon|100\/100\n|-damage|p2a: Koraidon|94\/100|[from] Stealth Rock\n|-activate|p2a: Koraidon|ability: Orichalcum Pulse\n|turn|10\n|\n|t:|1700705359\n|-terastallize|p2a: Koraidon|Fire\n|-terastallize|p1a: OutSpeed|Fire\n|move|p1a: OutSpeed|Dragon Claw|p2a: Koraidon\n|-damage|p2a: Koraidon|40\/100\n|move|p2a: Koraidon|Dragon Claw|p1a: OutSpeed\n|-damage|p1a: OutSpeed|41\/100\n|\n|-weather|SunnyDay|[upkeep]\n|upkeep\n|turn|11\n|\n|t:|1700705365\n|move|p1a: OutSpeed|Dragon Claw|p2a: Koraidon\n|-damage|p2a: Koraidon|0 fnt\n|faint|p2a: Koraidon\n|\n|-weather|SunnyDay|[upkeep]\n|upkeep\n|c|\u2606eriririririririric|ESZ\n|c|\u2606eriririririririric|EZ\n|c|\u2606eriririririririric|EZ\n|c|\u2606eriririririririric|EZ\n|c|\u2606eriririririririric|EZ\n|c|\u2606eriririririririric|HAHAHAHA\n|\n|t:|1700705377\n|switch|p2a: Ditto|Ditto|100\/100\n|-damage|p2a: Ditto|88\/100|[from] Stealth Rock\n|-transform|p2a: Ditto|p1a: OutSpeed|[from] ability: Imposter\n|-activate|p2a: Ditto|ability: Orichalcum Pulse\n|-start|p2a: Ditto|typechange|Fighting\/Dragon|[silent]\n|turn|12\n|c|\u2606eriririririririric|EZ\n|c|\u2606eriririririririric|EZ\n|c|\u2606eriririririririric|EZ\n|c|\u2606eriririririririric|IMMA WIN\n|c|\u2606eriririririririric|IMAGINE LOSING\n|\n|t:|1700705395\n|move|p1a: OutSpeed|Dragon Claw|p2a: Ditto\n|-supereffective|p2a: Ditto\n|-damage|p2a: Ditto|0 fnt\n|faint|p2a: Ditto\n|\n|-weather|SunnyDay|[upkeep]\n|upkeep\n|-message|quaxli forfeited.\n|\n|win|eriririririririric\n|raw|eriririririririric's rating: 1588 &rarr; <strong>1614<\/strong><br \/>(+26 for winning)\n|raw|quaxli's rating: 1690 &rarr; <strong>1664<\/strong><br \/>(-26 for losing)\n|l|\u203dquaxli\n|c|\u2606eriririririririric|YAHAHAHA\n","uploadtime":1700705409,"views":1,"p1id":"eriririririririric","p2id":"quaxli","formatid":"gen9anythinggoes","rating":1614,"private":0,"password":""}