{"id":"gen9anythinggoes-1985888079","p1":"hydro84","p2":"genisu x org","format":"[Gen 9] Anything Goes","log":"|j|\u2606hydro84\n|j|\u2606genisu x org\n|t:|1699417881\n|gametype|singles\n|player|p1|hydro84|veteran|1562\n|player|p2|genisu x org|266|1709\n|teamsize|p1|6\n|teamsize|p2|6\n|gen|9\n|tier|[Gen 9] Anything Goes\n|rated|\n|rule|HP Percentage Mod: HP is shown in percentages\n|rule|Endless Battle Clause: Forcing endless battles is banned\n|clearpoke\n|poke|p1|Calyrex-Shadow|\n|poke|p1|Arceus|\n|poke|p1|Koraidon|\n|poke|p1|Miraidon|\n|poke|p1|Arceus-Ground|\n|poke|p1|Leavanny, F|\n|poke|p2|Ursaluna-Bloodmoon, M|\n|poke|p2|Koraidon|\n|poke|p2|Calyrex-Ice|\n|poke|p2|Rayquaza|\n|poke|p2|Arceus-Fairy|\n|poke|p2|Arceus|\n|teampreview\n|\n|t:|1699417892\n|start\n|switch|p1a: Koraidon|Koraidon|100\/100\n|switch|p2a: Quetzalcoatl|Rayquaza|100\/100\n|-weather|SunnyDay|[from] ability: Orichalcum Pulse|[of] p1a: Koraidon\n|-activate|p1a: Koraidon|Orichalcum Pulse|[source]\n|-ability|p2a: Quetzalcoatl|Air Lock\n|turn|1\n|\n|t:|1699417912\n|move|p1a: Koraidon|Scale Shot|p2a: Quetzalcoatl\n|-supereffective|p2a: Quetzalcoatl\n|-damage|p2a: Quetzalcoatl|73\/100\n|-supereffective|p2a: Quetzalcoatl\n|-damage|p2a: Quetzalcoatl|42\/100\n|-supereffective|p2a: Quetzalcoatl\n|-damage|p2a: Quetzalcoatl|12\/100\n|-supereffective|p2a: Quetzalcoatl\n|-damage|p2a: Quetzalcoatl|0 fnt\n|faint|p2a: Quetzalcoatl\n|-hitcount|p2: Quetzalcoatl|4\n|-unboost|p1a: Koraidon|def|1\n|-boost|p1a: Koraidon|spe|1\n|\n|-weather|SunnyDay|[upkeep]\n|upkeep\n|inactive|Battle timer is ON: inactive players will automatically lose when time's up. (requested by genisu x org)\n|\n|t:|1699417919\n|switch|p2a: Yahweh|Arceus-Fairy|100\/100\n|turn|2\n|\n|t:|1699417925\n|move|p1a: Koraidon|Flare Blitz|p2a: Yahweh\n|-damage|p2a: Yahweh|46\/100\n|-damage|p1a: Koraidon|77\/100|[from] Recoil\n|move|p2a: Yahweh|Trick Room|p2a: Yahweh\n|-fieldstart|move: Trick Room|[of] p2a: Yahweh\n|\n|-weather|SunnyDay|[upkeep]\n|upkeep\n|turn|3\n|\n|t:|1699417938\n|switch|p1a: Arceus|Arceus-Ground|100\/100\n|move|p2a: Yahweh|Judgment|p1a: Arceus\n|-crit|p1a: Arceus\n|-damage|p1a: Arceus|57\/100\n|\n|-weather|SunnyDay|[upkeep]\n|upkeep\n|turn|4\n|\n|t:|1699417946\n|move|p2a: Yahweh|Healing Wish|p2a: Yahweh\n|faint|p2a: Yahweh\n|move|p1a: Arceus|Judgment|p2: Yahweh|[notarget]\n|-fail|p1a: Arceus\n|\n|-weather|SunnyDay|[upkeep]\n|upkeep\n|\n|t:|1699417955\n|switch|p2a: Siegfried|Calyrex-Ice|100\/100\n|-ability|p2a: Siegfried|As One\n|-ability|p2a: Siegfried|Unnerve\n|turn|5\n|\n|t:|1699417960\n|move|p2a: Siegfried|Glacial Lance|p1a: Arceus\n|-supereffective|p1a: Arceus\n|-damage|p1a: Arceus|0 fnt\n|faint|p1a: Arceus\n|-ability|p2a: Siegfried|Chilling Neigh|boost\n|-boost|p2a: Siegfried|atk|1\n|\n|-weather|none\n|upkeep\n|\n|t:|1699417965\n|switch|p1a: Leavanny|Leavanny, F|100\/100\n|turn|6\n|\n|t:|1699417978\n|move|p2a: Siegfried|Glacial Lance|p1a: Leavanny\n|-supereffective|p1a: Leavanny\n|-enditem|p1a: Leavanny|Focus Sash\n|-damage|p1a: Leavanny|1\/100\n|move|p1a: Leavanny|Sticky Web|p2a: Siegfried\n|-sidestart|p2: genisu x org|move: Sticky Web\n|\n|-fieldend|move: Trick Room\n|upkeep\n|turn|7\n|\n|t:|1699417984\n|move|p1a: Leavanny|Low Kick|p2a: Siegfried\n|-damage|p2a: Siegfried|84\/100\n|move|p2a: Siegfried|Glacial Lance|p1a: Leavanny\n|-supereffective|p1a: Leavanny\n|-damage|p1a: Leavanny|0 fnt\n|faint|p1a: Leavanny\n|-ability|p2a: Siegfried|Chilling Neigh|boost\n|-boost|p2a: Siegfried|atk|1\n|\n|upkeep\n|c|\u2606genisu x org|what does webs even do to me\n|\n|t:|1699417991\n|switch|p1a: Miraidon|Miraidon|100\/100\n|-fieldstart|move: Electric Terrain|[from] ability: Hadron Engine|[of] p1a: Miraidon\n|turn|8\n|c|\u2606genisu x org|im already trick room\n|\n|t:|1699418000\n|move|p1a: Miraidon|Overheat|p2a: Siegfried|[miss]\n|-miss|p1a: Miraidon|p2a: Siegfried\n|move|p2a: Siegfried|Glacial Lance|p1a: Miraidon\n|-supereffective|p1a: Miraidon\n|-damage|p1a: Miraidon|0 fnt\n|faint|p1a: Miraidon\n|-ability|p2a: Siegfried|Chilling Neigh|boost\n|-boost|p2a: Siegfried|atk|1\n|\n|upkeep\n|c|\u2606hydro84|i didnt know what to do with that mon\n|c|\u2606hydro84|also thats unfortunate\n|\n|t:|1699418010\n|switch|p1a: Koraidon|Koraidon|77\/100\n|-weather|SunnyDay|[from] ability: Orichalcum Pulse|[of] p1a: Koraidon\n|-activate|p1a: Koraidon|Orichalcum Pulse|[source]\n|turn|9\n|\n|t:|1699418037\n|-terastallize|p1a: Koraidon|Fire\n|move|p1a: Koraidon|Flare Blitz|p2a: Siegfried\n|-supereffective|p2a: Siegfried\n|-damage|p2a: Siegfried|0 fnt\n|faint|p2a: Siegfried\n|-damage|p1a: Koraidon|44\/100|[from] Recoil\n|\n|-weather|SunnyDay|[upkeep]\n|upkeep\n|\n|t:|1699418043\n|switch|p2a: Zeus|Arceus|100\/100\n|-activate|p2a: Zeus|move: Sticky Web\n|-unboost|p2a: Zeus|spe|1\n|turn|10\n|\n|t:|1699418051\n|move|p1a: Koraidon|Drain Punch|p2a: Zeus\n|-supereffective|p2a: Zeus\n|-enditem|p2a: Zeus|Chople Berry|[eat]\n|-enditem|p2a: Zeus|Chople Berry|[weaken]\n|-damage|p2a: Zeus|73\/100\n|-heal|p1a: Koraidon|62\/100|[from] drain|[of] p2a: Zeus\n|move|p2a: Zeus|Trick Room|p2a: Zeus\n|-fieldstart|move: Trick Room|[of] p2a: Zeus\n|\n|-weather|SunnyDay|[upkeep]\n|upkeep\n|turn|11\n|\n|t:|1699418062\n|move|p2a: Zeus|Healing Wish|p2a: Zeus\n|faint|p2a: Zeus\n|move|p1a: Koraidon|Scale Shot|p2: Zeus|[notarget]\n|-fail|p1a: Koraidon\n|\n|-weather|SunnyDay|[upkeep]\n|upkeep\n|\n|t:|1699418069\n|switch|p2a: ```Laser Bear|Ursaluna-Bloodmoon, M|100\/100\n|-activate|p2a: ```Laser Bear|move: Sticky Web\n|-unboost|p2a: ```Laser Bear|spe|1\n|turn|12\n|\n|t:|1699418078\n|move|p2a: ```Laser Bear|Earth Power|p1a: Koraidon\n|-supereffective|p1a: Koraidon\n|-damage|p1a: Koraidon|0 fnt\n|faint|p1a: Koraidon\n|-damage|p2a: ```Laser Bear|90\/100|[from] item: Life Orb\n|\n|-weather|SunnyDay|[upkeep]\n|-fieldend|move: Electric Terrain\n|upkeep\n|\n|t:|1699418081\n|switch|p1a: Arceus|Arceus|100\/100\n|turn|13\n|\n|t:|1699418091\n|move|p1a: Arceus|Extreme Speed|p2a: ```Laser Bear\n|-damage|p2a: ```Laser Bear|54\/100\n|-damage|p1a: Arceus|91\/100|[from] item: Life Orb\n|move|p2a: ```Laser Bear|Blood Moon|p1a: Arceus\n|-damage|p1a: Arceus|10\/100\n|-damage|p2a: ```Laser Bear|44\/100|[from] item: Life Orb\n|\n|-weather|none\n|upkeep\n|turn|14\n|\n|t:|1699418102\n|move|p1a: Arceus|Extreme Speed|p2a: ```Laser Bear\n|-damage|p2a: ```Laser Bear|4\/100\n|-damage|p1a: Arceus|0 fnt|[from] item: Life Orb\n|faint|p1a: Arceus\n|move|p2a: ```Laser Bear|Earth Power|p1: Arceus|[notarget]\n|-fail|p2a: ```Laser Bear\n|\n|-fieldend|move: Trick Room\n|upkeep\n|\n|t:|1699418105\n|switch|p1a: Calyrex|Calyrex-Shadow|100\/100\n|-ability|p1a: Calyrex|As One\n|-ability|p1a: Calyrex|Unnerve\n|turn|15\n|\n|t:|1699418114\n|move|p1a: Calyrex|Psyshock|p2a: ```Laser Bear\n|-damage|p2a: ```Laser Bear|0 fnt\n|faint|p2a: ```Laser Bear\n|-ability|p1a: Calyrex|Grim Neigh|boost\n|-boost|p1a: Calyrex|spa|1\n|-damage|p1a: Calyrex|91\/100|[from] item: Life Orb\n|\n|upkeep\n|\n|t:|1699418118\n|switch|p2a: Cretaceous King|Koraidon|100\/100\n|-activate|p2a: Cretaceous King|move: Sticky Web\n|-unboost|p2a: Cretaceous King|spe|1\n|-weather|SunnyDay|[from] ability: Orichalcum Pulse|[of] p2a: Cretaceous King\n|-activate|p2a: Cretaceous King|Orichalcum Pulse|[source]\n|turn|16\n|c|\u2606genisu x org|gg :(\n|c|\u2606hydro84|gg\n|\n|t:|1699418136\n|-terastallize|p2a: Cretaceous King|Ghost\n|move|p1a: Calyrex|Astral Barrage|p2a: Cretaceous King\n|-supereffective|p2a: Cretaceous King\n|-damage|p2a: Cretaceous King|0 fnt\n|faint|p2a: Cretaceous King\n|-damage|p1a: Calyrex|81\/100|[from] item: Life Orb\n|\n|win|hydro84\n|raw|hydro84's rating: 1562 &rarr; <strong>1590<\/strong><br \/>(+28 for winning)\n|raw|genisu x org's rating: 1709 &rarr; <strong>1681<\/strong><br \/>(-28 for losing)\n|l|\u2606hydro84\n","uploadtime":1699418152,"views":4,"p1id":"hydro84","p2id":"genisuxorg","formatid":"gen9anythinggoes","rating":1590,"private":0,"password":""}