{"id":"gen9anythinggoes-1997782302","p1":"xXRareAbsolXx","p2":"sandurus","format":"[Gen 9] Anything Goes","log":"|j|\u2606xXRareAbsolXx\n|j|\u2606sandurus\n|t:|1700852097\n|gametype|singles\n|player|p1|xXRareAbsolXx|169|\n|player|p2|sandurus|ingo|\n|teamsize|p1|6\n|teamsize|p2|6\n|gen|9\n|tier|[Gen 9] Anything Goes\n|rule|HP Percentage Mod: HP is shown in percentages\n|rule|Endless Battle Clause: Forcing endless battles is banned\n|clearpoke\n|poke|p1|Gholdengo|\n|poke|p1|Amoonguss, F|\n|poke|p1|Thundurus-Therian, M|\n|poke|p1|Samurott, M|\n|poke|p1|Zangoose, F|\n|poke|p1|Cetitan, M|\n|poke|p2|Manaphy|\n|poke|p2|Zamazenta-*|\n|poke|p2|Klefki, M|\n|poke|p2|Leafeon, F|\n|poke|p2|Weezing-Galar, F|\n|poke|p2|Politoed, F|\n|teampreview\n|\n|t:|1700852117\n|start\n|switch|p1a: Amoonguss|Amoonguss, F|100\/100\n|switch|p2a: Shimks|Klefki, M, shiny|100\/100\n|turn|1\n|\n|t:|1700852135\n|move|p1a: Amoonguss|Sludge Bomb|p2a: Shimks\n|-immune|p2a: Shimks\n|move|p2a: Shimks|Trick Room|p2a: Shimks\n|-fieldstart|move: Trick Room|[of] p2a: Shimks\n|\n|upkeep\n|turn|2\n|\n|t:|1700852146\n|move|p2a: Shimks|Spikes|p1a: Amoonguss\n|-sidestart|p1: xXRareAbsolXx|Spikes\n|move|p1a: Amoonguss|Foul Play|p2a: Shimks\n|-resisted|p2a: Shimks\n|-damage|p2a: Shimks|92\/100\n|\n|upkeep\n|turn|3\n|\n|t:|1700852155\n|move|p2a: Shimks|Spikes|p1a: Amoonguss\n|-sidestart|p1: xXRareAbsolXx|Spikes\n|move|p1a: Amoonguss|Spore|p2a: Shimks\n|-status|p2a: Shimks|slp|[from] move: Spore\n|\n|upkeep\n|turn|4\n|\n|t:|1700852163\n|cant|p2a: Shimks|slp\n|move|p1a: Amoonguss|Foul Play|p2a: Shimks\n|-resisted|p2a: Shimks\n|-damage|p2a: Shimks|82\/100 slp\n|\n|upkeep\n|turn|5\n|\n|t:|1700852172\n|move|p1a: Amoonguss|Foul Play|p2a: Shimks\n|-resisted|p2a: Shimks\n|-damage|p2a: Shimks|73\/100 slp\n|cant|p2a: Shimks|slp\n|\n|-fieldend|move: Trick Room\n|upkeep\n|turn|6\n|\n|t:|1700852181\n|move|p1a: Amoonguss|Foul Play|p2a: Shimks\n|-resisted|p2a: Shimks\n|-damage|p2a: Shimks|64\/100 slp\n|cant|p2a: Shimks|slp\n|\n|upkeep\n|turn|7\n|\n|t:|1700852188\n|-curestatus|p2a: Shimks|slp|[msg]\n|move|p2a: Shimks|Draining Kiss|p1a: Amoonguss\n|-resisted|p1a: Amoonguss\n|-damage|p1a: Amoonguss|92\/100\n|-heal|p2a: Shimks|72\/100|[from] drain|[of] p1a: Amoonguss\n|-damage|p2a: Shimks|55\/100|[from] item: Rocky Helmet|[of] p1a: Amoonguss\n|move|p1a: Amoonguss|Foul Play|p2a: Shimks\n|-resisted|p2a: Shimks\n|-damage|p2a: Shimks|46\/100\n|\n|upkeep\n|turn|8\n|\n|t:|1700852200\n|move|p1a: Amoonguss|Spore|p2a: Shimks\n|-status|p2a: Shimks|slp|[from] move: Spore\n|cant|p2a: Shimks|slp\n|\n|upkeep\n|turn|9\n|\n|t:|1700852211\n|move|p1a: Amoonguss|Foul Play|p2a: Shimks\n|-resisted|p2a: Shimks\n|-damage|p2a: Shimks|37\/100 slp\n|cant|p2a: Shimks|slp\n|\n|upkeep\n|turn|10\n|\n|t:|1700852226\n|move|p1a: Amoonguss|Foul Play|p2a: Shimks\n|-resisted|p2a: Shimks\n|-damage|p2a: Shimks|28\/100 slp\n|-curestatus|p2a: Shimks|slp|[msg]\n|move|p2a: Shimks|Trick Room|p2a: Shimks\n|-fieldstart|move: Trick Room|[of] p2a: Shimks\n|\n|upkeep\n|turn|11\n|\n|t:|1700852237\n|move|p1a: Amoonguss|Spore|p2a: Shimks\n|-status|p2a: Shimks|slp|[from] move: Spore\n|cant|p2a: Shimks|slp\n|\n|upkeep\n|turn|12\n|\n|t:|1700852243\n|switch|p2a: Stevw|Manaphy|100\/100\n|move|p1a: Amoonguss|Foul Play|p2a: Stevw\n|-damage|p2a: Stevw|87\/100\n|\n|-heal|p2a: Stevw|93\/100|[from] item: Leftovers\n|upkeep\n|turn|13\n|\n|t:|1700852251\n|switch|p2a: Politoed|Politoed, F, shiny|100\/100\n|-weather|RainDance|[from] ability: Drizzle|[of] p2a: Politoed\n|move|p1a: Amoonguss|Sludge Bomb|p2a: Politoed\n|-damage|p2a: Politoed|79\/100\n|\n|-weather|RainDance|[upkeep]\n|upkeep\n|turn|14\n|\n|t:|1700852273\n|switch|p2a: Androxus|Zamazenta-Crowned|100\/100\n|-ability|p2a: Androxus|Dauntless Shield|boost\n|-boost|p2a: Androxus|def|1\n|move|p1a: Amoonguss|Spore|p2a: Androxus\n|-status|p2a: Androxus|slp|[from] move: Spore\n|\n|-weather|RainDance|[upkeep]\n|-fieldend|move: Trick Room\n|upkeep\n|turn|15\n|\n|t:|1700852289\n|switch|p1a: Cetitan|Cetitan, M|100\/100\n|-damage|p1a: Cetitan|84\/100|[from] Spikes\n|cant|p2a: Androxus|slp\n|\n|-weather|RainDance|[upkeep]\n|upkeep\n|turn|16\n|\n|t:|1700852318\n|switch|p2a: Politoed|Politoed, F, shiny|79\/100\n|move|p1a: Cetitan|Ice Spinner|p2a: Politoed\n|-resisted|p2a: Politoed\n|-damage|p2a: Politoed|55\/100\n|\n|-weather|RainDance|[upkeep]\n|upkeep\n|turn|17\n|\n|t:|1700852336\n|-terastallize|p2a: Politoed|Steel\n|move|p1a: Cetitan|Ice Spinner|p2a: Politoed\n|-resisted|p2a: Politoed\n|-damage|p2a: Politoed|32\/100\n|move|p2a: Politoed|Tera Blast|p1a: Cetitan|[anim] Tera Blast Steel\n|-supereffective|p1a: Cetitan\n|-damage|p1a: Cetitan|0 fnt\n|faint|p1a: Cetitan\n|\n|-weather|none\n|upkeep\n|\n|t:|1700852350\n|switch|p1a: Amoonguss|Amoonguss, F|100\/100\n|-damage|p1a: Amoonguss|84\/100|[from] Spikes\n|turn|18\n|\n|t:|1700852359\n|switch|p2a: Weezing|Weezing-Galar, F, shiny|100\/100\n|-ability|p2a: Weezing|Neutralizing Gas\n|move|p1a: Amoonguss|Spore|p2a: Weezing\n|-status|p2a: Weezing|slp|[from] move: Spore\n|\n|upkeep\n|turn|19\n|\n|t:|1700852376\n|switch|p1a: Samurott|Samurott, M|100\/100\n|-damage|p1a: Samurott|84\/100|[from] Spikes\n|cant|p2a: Weezing|slp\n|\n|upkeep\n|turn|20\n|\n|t:|1700852387\n|-end|p2a: Weezing|ability: Neutralizing Gas\n|switch|p2a: Leafeon|Leafeon, F, shiny|100\/100\n|move|p1a: Samurott|Sacred Sword|p2a: Leafeon\n|-damage|p2a: Leafeon|80\/100\n|-damage|p1a: Samurott|74\/100|[from] item: Life Orb\n|\n|upkeep\n|turn|21\n|\n|t:|1700852397\n|-terastallize|p1a: Samurott|Ground\n|move|p1a: Samurott|Megahorn|p2a: Leafeon\n|-supereffective|p2a: Leafeon\n|-damage|p2a: Leafeon|30\/100\n|-damage|p1a: Samurott|64\/100|[from] item: Life Orb\n|move|p2a: Leafeon|Leaf Blade|p1a: Samurott\n|-supereffective|p1a: Samurott\n|-damage|p1a: Samurott|0 fnt\n|faint|p1a: Samurott\n|\n|upkeep\n|\n|t:|1700852410\n|switch|p1a: Zangoose|Zangoose, F|100\/100\n|-damage|p1a: Zangoose|84\/100|[from] Spikes\n|turn|22\n|\n|t:|1700852417\n|move|p2a: Leafeon|Protect|p2a: Leafeon\n|-singleturn|p2a: Leafeon|Protect\n|move|p1a: Zangoose|Night Slash|p2a: Leafeon\n|-activate|p2a: Leafeon|move: Protect\n|\n|-status|p1a: Zangoose|tox|[from] item: Toxic Orb\n|upkeep\n|turn|23\n|\n|t:|1700852428\n|move|p1a: Zangoose|Facade|p2a: Leafeon\n|-damage|p2a: Leafeon|0 fnt\n|faint|p2a: Leafeon\n|\n|-damage|p1a: Zangoose|78\/100 tox|[from] psn\n|upkeep\n|\n|t:|1700852438\n|switch|p2a: Politoed|Politoed, F, shiny, tera:Steel|32\/100\n|-weather|RainDance|[from] ability: Drizzle|[of] p2a: Politoed\n|turn|24\n|\n|t:|1700852443\n|move|p1a: Zangoose|Facade|p2a: Politoed\n|-resisted|p2a: Politoed\n|-damage|p2a: Politoed|0 fnt\n|faint|p2a: Politoed\n|\n|-weather|RainDance|[upkeep]\n|-damage|p1a: Zangoose|66\/100 tox|[from] psn\n|upkeep\n|\n|t:|1700852453\n|switch|p2a: Stevw|Manaphy|93\/100\n|turn|25\n|\n|t:|1700852458\n|move|p1a: Zangoose|Facade|p2a: Stevw\n|-damage|p2a: Stevw|18\/100\n|move|p2a: Stevw|Tail Glow|p2a: Stevw\n|-boost|p2a: Stevw|spa|3\n|\n|-weather|RainDance|[upkeep]\n|-heal|p2a: Stevw|24\/100|[from] item: Leftovers\n|-damage|p1a: Zangoose|49\/100 tox|[from] psn\n|upkeep\n|turn|26\n|\n|t:|1700852467\n|move|p1a: Zangoose|Facade|p2a: Stevw\n|-damage|p2a: Stevw|0 fnt\n|faint|p2a: Stevw\n|\n|-weather|RainDance|[upkeep]\n|-damage|p1a: Zangoose|25\/100 tox|[from] psn\n|upkeep\n|\n|t:|1700852476\n|switch|p2a: Weezing|Weezing-Galar, F, shiny|100\/100 slp\n|-ability|p2a: Weezing|Neutralizing Gas\n|turn|27\n|\n|t:|1700852485\n|move|p1a: Zangoose|Facade|p2a: Weezing\n|-damage|p2a: Weezing|60\/100 slp\n|-damage|p1a: Zangoose|9\/100 tox|[from] item: Rocky Helmet|[of] p2a: Weezing\n|-curestatus|p2a: Weezing|slp|[msg]\n|move|p2a: Weezing|Strange Steam|p1a: Zangoose\n|-damage|p1a: Zangoose|0 fnt\n|faint|p1a: Zangoose\n|\n|-weather|RainDance|[upkeep]\n|upkeep\n|\n|t:|1700852496\n|switch|p1a: Gholdengo|Gholdengo|100\/100\n|-damage|p1a: Gholdengo|84\/100|[from] Spikes\n|turn|28\n|\n|t:|1700852502\n|move|p1a: Gholdengo|Shadow Ball|p2a: Weezing\n|-damage|p2a: Weezing|2\/100\n|-unboost|p2a: Weezing|spd|1\n|move|p2a: Weezing|Will-O-Wisp|p1a: Gholdengo\n|-status|p1a: Gholdengo|brn\n|\n|-weather|none\n|-damage|p1a: Gholdengo|78\/100 brn|[from] brn\n|upkeep\n|turn|29\n|\n|t:|1700852512\n|move|p1a: Gholdengo|Shadow Ball|p2a: Weezing\n|-damage|p2a: Weezing|0 fnt\n|faint|p2a: Weezing\n|-end|p2a: Weezing|ability: Neutralizing Gas\n|\n|-damage|p1a: Gholdengo|72\/100 brn|[from] brn\n|upkeep\n|\n|t:|1700852519\n|switch|p2a: Shimks|Klefki, M, shiny|28\/100 slp\n|turn|30\n|\n|t:|1700852523\n|move|p1a: Gholdengo|Shadow Ball|p2a: Shimks\n|-damage|p2a: Shimks|0 fnt\n|faint|p2a: Shimks\n|\n|-damage|p1a: Gholdengo|66\/100 brn|[from] brn\n|upkeep\n|\n|t:|1700852529\n|switch|p2a: Androxus|Zamazenta-Crowned|100\/100 slp\n|turn|31\n|\n|t:|1700852533\n|move|p1a: Gholdengo|Shadow Ball|p2a: Androxus\n|-damage|p2a: Androxus|73\/100 slp\n|cant|p2a: Androxus|slp\n|\n|-damage|p1a: Gholdengo|60\/100 brn|[from] brn\n|upkeep\n|turn|32\n|\n|t:|1700852541\n|move|p1a: Gholdengo|Shadow Ball|p2a: Androxus\n|-damage|p2a: Androxus|47\/100 slp\n|-curestatus|p2a: Androxus|slp|[msg]\n|move|p2a: Androxus|Substitute|p2a: Androxus\n|-start|p2a: Androxus|Substitute\n|-damage|p2a: Androxus|22\/100\n|\n|-damage|p1a: Gholdengo|54\/100 brn|[from] brn\n|upkeep\n|turn|33\n|\n|t:|1700852551\n|move|p1a: Gholdengo|Shadow Ball|p2a: Androxus\n|-end|p2a: Androxus|Substitute\n|move|p2a: Androxus|Iron Defense|p2a: Androxus\n|-boost|p2a: Androxus|def|2\n|\n|-damage|p1a: Gholdengo|48\/100 brn|[from] brn\n|upkeep\n|turn|34\n|\n|t:|1700852559\n|move|p1a: Gholdengo|Shadow Ball|p2a: Androxus\n|-damage|p2a: Androxus|0 fnt\n|faint|p2a: Androxus\n|\n|win|xXRareAbsolXx\n|c|\u2606sandurus|GZ\n|c|\u2606sandurus|kannst du rein schicken\n","uploadtime":1700852574,"views":37,"p1id":"xxrareabsolxx","p2id":"sandurus","formatid":"gen9anythinggoes","rating":0,"private":0,"password":""}