{"id":"gen9anythinggoes-1973690157","p1":"D4RKZINtob","p2":"schulld","format":"[Gen 9] Anything Goes","log":"|j|\u2606D4RKZINtob\n|j|\u2606schulld\n|t:|1698003702\n|gametype|singles\n|player|p1|D4RKZINtob|n|1000\n|player|p2|schulld|2|1000\n|teamsize|p1|6\n|teamsize|p2|6\n|gen|9\n|tier|[Gen 9] Anything Goes\n|rated|\n|rule|HP Percentage Mod: HP is shown in percentages\n|rule|Endless Battle Clause: Forcing endless battles is banned\n|clearpoke\n|poke|p1|Magnemite|\n|poke|p1|Kingambit, L87, M|\n|poke|p1|Geodude-Alola, F|\n|poke|p1|Bonsly, M|\n|poke|p1|Pineco, M|\n|poke|p1|Electrode|\n|poke|p2|Dragapult, M|\n|poke|p2|Clefable, F|\n|poke|p2|Kommo-o, M|\n|poke|p2|Empoleon, M|\n|poke|p2|Scizor, M|\n|poke|p2|Rayquaza|\n|teampreview\n|\n|t:|1698003752\n|start\n|switch|p1a: Magnemite|Magnemite|100\/100\n|switch|p2a: Empoleon|Empoleon, M|100\/100\n|turn|1\n|\n|t:|1698003763\n|move|p2a: Empoleon|Aqua Jet|p1a: Magnemite\n|-damage|p1a: Magnemite|62\/100\n|move|p1a: Magnemite|Explosion|p2a: Empoleon\n|-resisted|p2a: Empoleon\n|-damage|p2a: Empoleon|78\/100\n|faint|p1a: Magnemite\n|\n|upkeep\n|\n|t:|1698003778\n|switch|p1a: Geodude|Geodude-Alola, F|100\/100\n|turn|2\n|\n|t:|1698003786\n|move|p2a: Empoleon|Agility|p2a: Empoleon\n|-boost|p2a: Empoleon|spe|2\n|move|p1a: Geodude|Body Slam|p2a: Empoleon\n|-resisted|p2a: Empoleon\n|-damage|p2a: Empoleon|66\/100\n|\n|upkeep\n|turn|3\n|\n|t:|1698003803\n|move|p2a: Empoleon|Surf|p1a: Geodude\n|-supereffective|p1a: Geodude\n|-ability|p1a: Geodude|Sturdy\n|-damage|p1a: Geodude|1\/100\n|move|p1a: Geodude|Self-Destruct|p2a: Empoleon\n|-resisted|p2a: Empoleon\n|-damage|p2a: Empoleon|40\/100\n|faint|p1a: Geodude\n|\n|upkeep\n|\n|t:|1698003817\n|switch|p1a: Bonsly|Bonsly, M|100\/100\n|turn|4\n|\n|t:|1698003823\n|move|p2a: Empoleon|Agility|p2a: Empoleon\n|-boost|p2a: Empoleon|spe|2\n|move|p1a: Bonsly|Trailblaze|p2a: Empoleon\n|-damage|p2a: Empoleon|26\/100\n|-boost|p1a: Bonsly|spe|1\n|\n|upkeep\n|turn|5\n|\n|t:|1698003835\n|move|p2a: Empoleon|Aqua Jet|p1a: Bonsly\n|-supereffective|p1a: Bonsly\n|-damage|p1a: Bonsly|32\/100\n|move|p1a: Bonsly|Trailblaze|p2a: Empoleon\n|-damage|p2a: Empoleon|12\/100\n|-boost|p1a: Bonsly|spe|1\n|-enditem|p2a: Empoleon|Wiki Berry|[eat]\n|-heal|p2a: Empoleon|45\/100|[from] item: Wiki Berry\n|\n|upkeep\n|turn|6\n|\n|t:|1698003852\n|switch|p2a: Clefable|Clefable, F|100\/100\n|move|p1a: Bonsly|Trailblaze|p2a: Clefable\n|-damage|p2a: Clefable|84\/100\n|-boost|p1a: Bonsly|spe|1\n|\n|upkeep\n|turn|7\n|\n|t:|1698003868\n|move|p1a: Bonsly|Low Kick|p2a: Clefable\n|-resisted|p2a: Clefable\n|-damage|p2a: Clefable|74\/100\n|move|p2a: Clefable|Fire Punch|p1a: Bonsly\n|-resisted|p1a: Bonsly\n|-damage|p1a: Bonsly|22\/100\n|\n|upkeep\n|turn|8\n|\n|t:|1698003888\n|move|p1a: Bonsly|Earthquake|p2a: Clefable\n|-damage|p2a: Clefable|41\/100\n|move|p2a: Clefable|Drain Punch|p1a: Bonsly\n|-supereffective|p1a: Bonsly\n|-damage|p1a: Bonsly|0 fnt\n|-heal|p2a: Clefable|48\/100|[from] drain|[of] p1a: Bonsly\n|faint|p1a: Bonsly\n|\n|upkeep\n|\n|t:|1698003904\n|switch|p1a: Pineco|Pineco, M|100\/100\n|turn|9\n|\n|t:|1698003924\n|move|p2a: Clefable|Fire Punch|p1a: Pineco\n|-supereffective|p1a: Pineco\n|-damage|p1a: Pineco|57\/100\n|move|p1a: Pineco|Spikes|p2a: Clefable\n|-sidestart|p2: schulld|Spikes\n|\n|upkeep\n|turn|10\n|\n|t:|1698003932\n|move|p2a: Clefable|Drain Punch|p1a: Pineco\n|-resisted|p1a: Pineco\n|-crit|p1a: Pineco\n|-damage|p1a: Pineco|39\/100\n|-heal|p2a: Clefable|54\/100|[from] drain|[of] p1a: Pineco\n|move|p1a: Pineco|Explosion|p2a: Clefable\n|-damage|p2a: Clefable|0 fnt\n|faint|p1a: Pineco\n|faint|p2a: Clefable\n|\n|upkeep\n|\n|t:|1698003946\n|switch|p2a: Kommo-o|Kommo-o, M|100\/100\n|switch|p1a: Electrode|Electrode|100\/100\n|-damage|p2a: Kommo-o|88\/100|[from] Spikes\n|turn|11\n|\n|t:|1698004004\n|move|p1a: Electrode|Electro Ball|p2a: Kommo-o\n|-resisted|p2a: Kommo-o\n|-damage|p2a: Kommo-o|80\/100\n|move|p2a: Kommo-o|Dragon Tail|p1a: Electrode\n|-crit|p1a: Electrode\n|-damage|p1a: Electrode|15\/100\n|drag|p1a: Kingambit|Kingambit, L87, M|100\/100\n|-activate|p1a: Kingambit|ability: Supreme Overlord\n|-start|p1a: Kingambit|fallen4|[silent]\n|\n|upkeep\n|turn|12\n|\n|t:|1698004044\n|move|p2a: Kommo-o|Body Press|p1a: Kingambit\n|-supereffective|p1a: Kingambit\n|-enditem|p1a: Kingambit|Focus Sash\n|-damage|p1a: Kingambit|1\/100\n|move|p1a: Kingambit|Shadow Claw|p2a: Kommo-o\n|-damage|p2a: Kommo-o|58\/100\n|\n|upkeep\n|turn|13\n|\n|t:|1698004062\n|-end|p1a: Kingambit|fallen4|[silent]\n|switch|p1a: Electrode|Electrode|15\/100\n|move|p2a: Kommo-o|Close Combat|p1a: Electrode\n|-damage|p1a: Electrode|0 fnt\n|-unboost|p2a: Kommo-o|def|1\n|-unboost|p2a: Kommo-o|spd|1\n|faint|p1a: Electrode\n|\n|upkeep\n|\n|t:|1698004074\n|switch|p1a: Kingambit|Kingambit, L87, M|1\/100\n|-activate|p1a: Kingambit|ability: Supreme Overlord\n|-start|p1a: Kingambit|fallen5|[silent]\n|turn|14\n|\n|t:|1698004099\n|-terastallize|p1a: Kingambit|Ghost\n|move|p1a: Kingambit|Sucker Punch|p2a: Kommo-o\n|-resisted|p2a: Kommo-o\n|-damage|p2a: Kommo-o|33\/100\n|move|p2a: Kommo-o|Body Press|p1a: Kingambit\n|-immune|p1a: Kingambit\n|\n|upkeep\n|turn|15\n|\n|t:|1698004119\n|move|p2a: Kommo-o|Close Combat|p1a: Kingambit\n|-immune|p1a: Kingambit\n|move|p1a: Kingambit|Shadow Claw|p2a: Kommo-o\n|-damage|p2a: Kommo-o|0 fnt\n|faint|p2a: Kommo-o\n|\n|upkeep\n|\n|t:|1698004126\n|switch|p2a: Empoleon|Empoleon, M|45\/100\n|-damage|p2a: Empoleon|33\/100|[from] Spikes\n|turn|16\n|\n|t:|1698004137\n|move|p2a: Empoleon|Aqua Jet|p1a: Kingambit\n|-damage|p1a: Kingambit|0 fnt\n|faint|p1a: Kingambit\n|-end|p1a: Kingambit|fallen5|[silent]\n|\n|win|schulld\n|raw|D4RKZINtob's rating: 1000 &rarr; <strong>1000<\/strong><br \/>(+0 for losing)\n|raw|schulld's rating: 1000 &rarr; <strong>1040<\/strong><br \/>(+40 for winning)\n","uploadtime":1698004167,"views":16,"p1id":"d4rkzintob","p2id":"schulld","formatid":"gen9anythinggoes","rating":1000,"private":0,"password":""}