{"id":"gen9anythinggoes-1980284002","p1":"StellarMudkip","p2":"jahamez the first","format":"[Gen 9] Anything Goes","log":"|j|\u2606StellarMudkip\n|j|\u2606jahamez the first\n|t:|1698772251\n|gametype|singles\n|player|p1|StellarMudkip|roark|\n|player|p2|jahamez the first|red|\n|teamsize|p1|6\n|teamsize|p2|6\n|gen|9\n|tier|[Gen 9] Anything Goes\n|rule|HP Percentage Mod: HP is shown in percentages\n|rule|Endless Battle Clause: Forcing endless battles is banned\n|clearpoke\n|poke|p1|Azumarill, M|\n|poke|p1|Electrode|\n|poke|p1|Pawmot, M|\n|poke|p1|Lurantis, F|\n|poke|p1|Iron Bundle|\n|poke|p1|Gliscor, F|\n|poke|p2|Electrode|\n|poke|p2|Dragonite, M|\n|poke|p2|Dudunsparce-*, M|\n|poke|p2|Polteageist-Antique|\n|poke|p2|Floatzel, M|\n|poke|p2|Hawlucha, M|\n|teampreview\n|inactive|Battle timer is ON: inactive players will automatically lose when time's up. (requested by StellarMudkip)\n|\n|t:|1698772254\n|start\n|switch|p1a: Bubbles|Azumarill, M|100\/100\n|switch|p2a: Great ball|Electrode, shiny|100\/100\n|turn|1\n|\n|t:|1698772262\n|move|p2a: Great ball|Screech|p1a: Bubbles\n|-unboost|p1a: Bubbles|def|2\n|move|p1a: Bubbles|Encore|p2a: Great ball\n|-start|p2a: Great ball|Encore\n|\n|upkeep\n|turn|2\n|\n|t:|1698772271\n|move|p2a: Great ball|Screech|p1a: Bubbles\n|-unboost|p1a: Bubbles|def|2\n|move|p1a: Bubbles|Waterfall|p2a: Great ball\n|-damage|p2a: Great ball|13\/100\n|\n|upkeep\n|turn|3\n|\n|t:|1698772280\n|move|p2a: Great ball|Screech|p1a: Bubbles\n|-unboost|p1a: Bubbles|def|2\n|move|p1a: Bubbles|Waterfall|p2a: Great ball\n|-damage|p2a: Great ball|0 fnt\n|-status|p1a: Bubbles|par|[from] ability: Static|[of] p2a: Great ball\n|faint|p2a: Great ball\n|\n|upkeep\n|c|\u2606jahamez the first|your paralyzed\n|\n|t:|1698772308\n|switch|p2a: La Dragon|Dragonite, M|100\/100\n|turn|4\n|\n|t:|1698772321\n|-terastallize|p2a: La Dragon|Normal\n|move|p2a: La Dragon|Dragon Dance|p2a: La Dragon\n|-boost|p2a: La Dragon|atk|1\n|-boost|p2a: La Dragon|spe|1\n|cant|p1a: Bubbles|par\n|\n|upkeep\n|turn|5\n|\n|t:|1698772329\n|move|p2a: La Dragon|Waterfall|p1a: Bubbles\n|-resisted|p1a: Bubbles\n|-damage|p1a: Bubbles|0 fnt\n|faint|p1a: Bubbles\n|\n|upkeep\n|\n|t:|1698772337\n|switch|p1a: D3l1b1rd|Iron Bundle|100\/100\n|turn|6\n|c|\u2606StellarMudkip|hey bye the way im staying in school tomorow because my dad didnt hear anything from his work about take your kid to work day\n|\n|t:|1698772351\n|move|p1a: D3l1b1rd|Blizzard|p2a: La Dragon\n|-crit|p2a: La Dragon\n|-damage|p2a: La Dragon|59\/100\n|move|p2a: La Dragon|Dragon Rush|p1a: D3l1b1rd\n|-damage|p1a: D3l1b1rd|0 fnt\n|faint|p1a: D3l1b1rd\n|-end|p1a: D3l1b1rd|Quark Drive|[silent]\n|\n|upkeep\n|c|\u2606jahamez the first|i'm ready! how bout you?!\n|\n|t:|1698772359\n|switch|p1a: Sakura|Lurantis, F|100\/100\n|turn|7\n|inactive|jahamez the first has 270 seconds left.\n|c|\u2606jahamez the first|what  i just wrote is a halo refrence that you probably don't know\n|\n|t:|1698772398\n|move|p2a: La Dragon|Dragon Rush|p1a: Sakura\n|-damage|p1a: Sakura|0 fnt\n|faint|p1a: Sakura\n|\n|upkeep\n|c|\u2606StellarMudkip|yeah I dont know it\n|\n|t:|1698772406\n|switch|p1a: Kamikazi|Electrode, shiny|100\/100\n|turn|8\n|\n|t:|1698772410\n|move|p1a: Kamikazi|Explosion|p2a: La Dragon\n|-damage|p2a: La Dragon|3\/100\n|faint|p1a: Kamikazi\n|move|p2a: La Dragon|Rest|p2a: La Dragon\n|-status|p2a: La Dragon|slp|[from] move: Rest\n|-heal|p2a: La Dragon|100\/100 slp|[silent]\n|-enditem|p2a: La Dragon|Chesto Berry|[eat]\n|-curestatus|p2a: La Dragon|slp|[msg]\n|\n|upkeep\n|\n|t:|1698772418\n|switch|p1a: Volt|Pawmot, M|100\/100\n|turn|9\n|\n|t:|1698772426\n|move|p1a: Volt|Revival Blessing|p1a: Volt\n|\n|t:|1698772429\n|-heal|p1: Kamikazi|50\/100|[from] move: Revival Blessing\n|move|p2a: La Dragon|Dragon Rush|p1a: Volt\n|-damage|p1a: Volt|0 fnt\n|faint|p1a: Volt\n|\n|upkeep\n|\n|t:|1698772435\n|switch|p1a: Kamikazi|Electrode, shiny|50\/100\n|turn|10\n|\n|t:|1698772440\n|move|p1a: Kamikazi|Explosion|p2a: La Dragon\n|-damage|p2a: La Dragon|72\/100\n|faint|p1a: Kamikazi\n|move|p2a: La Dragon|Dragon Rush|p1: Kamikazi|[notarget]\n|-fail|p2a: La Dragon\n|\n|upkeep\n|\n|t:|1698772446\n|switch|p1a: Scorp|Gliscor, F|100\/100\n|turn|11\n|\n|t:|1698772452\n|-terastallize|p1a: Scorp|Poison\n|move|p2a: La Dragon|Waterfall|p1a: Scorp\n|-damage|p1a: Scorp|47\/100\n|move|p1a: Scorp|Earthquake|p2a: La Dragon\n|-damage|p2a: La Dragon|40\/100\n|\n|upkeep\n|turn|12\n|\n|t:|1698772459\n|move|p2a: La Dragon|Dragon Dance|p2a: La Dragon\n|-boost|p2a: La Dragon|atk|1\n|-boost|p2a: La Dragon|spe|1\n|move|p1a: Scorp|Earthquake|p2a: La Dragon\n|-damage|p2a: La Dragon|6\/100\n|\n|upkeep\n|turn|13\n|\n|t:|1698772467\n|move|p2a: La Dragon|Waterfall|p1a: Scorp\n|-damage|p1a: Scorp|0 fnt\n|faint|p1a: Scorp\n|\n|win|jahamez the first\n","uploadtime":1698772477,"views":7,"p1id":"stellarmudkip","p2id":"jahamezthefirst","formatid":"gen9anythinggoes","rating":0,"private":0,"password":""}