{"id":"gen9anythinggoes-1975545614","p1":"Keion de goat","p2":"ShloopNoop","format":"[Gen 9] Anything Goes","log":"|j|\u2606Keion de goat\n|j|\u2606ShloopNoop\n|t:|1698203154\n|gametype|singles\n|player|p1|Keion de goat|lance|1105\n|player|p2|ShloopNoop|caitlin|1045\n|teamsize|p1|6\n|teamsize|p2|6\n|gen|9\n|tier|[Gen 9] Anything Goes\n|rated|\n|rule|HP Percentage Mod: HP is shown in percentages\n|rule|Endless Battle Clause: Forcing endless battles is banned\n|clearpoke\n|poke|p1|Iron Valiant|\n|poke|p1|Clefable, M|\n|poke|p1|Dragonite, M|\n|poke|p1|Sneasler, M|\n|poke|p1|Gliscor, M|\n|poke|p1|Dragapult, M|\n|poke|p2|Ribombee, M|\n|poke|p2|Calyrex-Shadow|\n|poke|p2|Arceus-Water|\n|poke|p2|Koraidon|\n|poke|p2|Eternatus|\n|poke|p2|Great Tusk|\n|teampreview\n|\n|t:|1698203161\n|start\n|switch|p1a: Iron Valiant|Iron Valiant|100\/100\n|switch|p2a: Ribombee|Ribombee, M, shiny|100\/100\n|turn|1\n|\n|t:|1698203166\n|move|p2a: Ribombee|Quiver Dance|p2a: Ribombee\n|-boost|p2a: Ribombee|spa|1\n|-boost|p2a: Ribombee|spd|1\n|-boost|p2a: Ribombee|spe|1\n|move|p1a: Iron Valiant|Poison Jab|p2a: Ribombee\n|-supereffective|p2a: Ribombee\n|-enditem|p2a: Ribombee|Focus Sash\n|-damage|p2a: Ribombee|1\/100\n|\n|upkeep\n|turn|2\n|\n|t:|1698203171\n|move|p2a: Ribombee|Baton Pass|p2a: Ribombee\n|\n|t:|1698203173\n|switch|p2a: Calyrex|Calyrex-Shadow|100\/100|[from] Baton Pass\n|-ability|p2a: Calyrex|As One\n|-ability|p2a: Calyrex|Unnerve\n|move|p1a: Iron Valiant|Poison Jab|p2a: Calyrex\n|-resisted|p2a: Calyrex\n|-damage|p2a: Calyrex|84\/100\n|\n|upkeep\n|turn|3\n|\n|t:|1698203181\n|move|p2a: Calyrex|Psyshock|p1a: Iron Valiant\n|-supereffective|p1a: Iron Valiant\n|-damage|p1a: Iron Valiant|0 fnt\n|faint|p1a: Iron Valiant\n|-end|p1a: Iron Valiant|Quark Drive|[silent]\n|-ability|p2a: Calyrex|Grim Neigh|boost\n|-boost|p2a: Calyrex|spa|1\n|-damage|p2a: Calyrex|74\/100|[from] item: Life Orb\n|\n|upkeep\n|\n|t:|1698203187\n|switch|p1a: Dragapult|Dragapult, M, shiny|100\/100\n|turn|4\n|\n|t:|1698203194\n|-terastallize|p2a: Calyrex|Grass\n|move|p1a: Dragapult|Sucker Punch|p2a: Calyrex\n|-damage|p2a: Calyrex|43\/100\n|move|p2a: Calyrex|Astral Barrage|p1a: Dragapult\n|-supereffective|p1a: Dragapult\n|-damage|p1a: Dragapult|0 fnt\n|faint|p1a: Dragapult\n|-ability|p2a: Calyrex|Grim Neigh|boost\n|-boost|p2a: Calyrex|spa|1\n|-damage|p2a: Calyrex|33\/100|[from] item: Life Orb\n|\n|upkeep\n|\n|t:|1698203208\n|switch|p1a: Clefable|Clefable, M|100\/100\n|turn|5\n|\n|t:|1698203218\n|move|p2a: Calyrex|Astral Barrage|p1a: Clefable\n|-damage|p1a: Clefable|0 fnt\n|faint|p1a: Clefable\n|-ability|p2a: Calyrex|Grim Neigh|boost\n|-boost|p2a: Calyrex|spa|1\n|-damage|p2a: Calyrex|23\/100|[from] item: Life Orb\n|\n|upkeep\n|\n|t:|1698203223\n|switch|p1a: Gliscor|Gliscor, M, shiny|100\/100\n|turn|6\n|\n|t:|1698203228\n|move|p2a: Calyrex|Astral Barrage|p1a: Gliscor\n|-damage|p1a: Gliscor|0 fnt\n|faint|p1a: Gliscor\n|-ability|p2a: Calyrex|Grim Neigh|boost\n|-boost|p2a: Calyrex|spa|1\n|-damage|p2a: Calyrex|13\/100|[from] item: Life Orb\n|\n|upkeep\n|\n|t:|1698203235\n|switch|p1a: Sneasler|Sneasler, M|100\/100\n|-ability|p1a: Sneasler|Pressure\n|turn|7\n|\n|t:|1698203240\n|move|p1a: Sneasler|Fake Out|p2a: Calyrex\n|-damage|p2a: Calyrex|0 fnt\n|faint|p2a: Calyrex\n|\n|upkeep\n|\n|t:|1698203249\n|switch|p2a: Koraidon|Koraidon|100\/100\n|-weather|SunnyDay|[from] ability: Orichalcum Pulse|[of] p2a: Koraidon\n|-activate|p2a: Koraidon|Orichalcum Pulse|[source]\n|turn|8\n|\n|t:|1698203258\n|move|p2a: Koraidon|Outrage|p1a: Sneasler\n|-damage|p1a: Sneasler|0 fnt\n|faint|p1a: Sneasler\n|\n|-weather|SunnyDay|[upkeep]\n|upkeep\n|\n|t:|1698203261\n|switch|p1a: Dragonite|Dragonite, M|100\/100\n|turn|9\n|\n|t:|1698203263\n|move|p1a: Dragonite|Extreme Speed|p2a: Koraidon\n|-damage|p2a: Koraidon|73\/100\n|move|p2a: Koraidon|Outrage|p1a: Dragonite|[from]lockedmove\n|-supereffective|p1a: Dragonite\n|-damage|p1a: Dragonite|0 fnt\n|faint|p1a: Dragonite\n|-start|p2a: Koraidon|confusion|[fatigue]\n|\n|win|ShloopNoop\n|raw|Keion de goat's rating: 1105 &rarr; <strong>1076<\/strong><br \/>(-29 for losing)\n|raw|ShloopNoop's rating: 1045 &rarr; <strong>1084<\/strong><br \/>(+39 for winning)\n|l|\u2606Keion de goat\n","uploadtime":1698203274,"views":11,"p1id":"keiondegoat","p2id":"shloopnoop","formatid":"gen9anythinggoes","rating":1076,"private":0,"password":""}