{"id":"gen9anythinggoes-2000441177","p1":"Cbass97","p2":"RunicPower419","format":"[Gen 9] Anything Goes","log":"|j|\u2606Cbass97\n|j|\u2606RunicPower419\n|inactive|Battle timer is ON: inactive players will automatically lose when time's up.\n|t:|1701195068\n|gametype|singles\n|player|p1|Cbass97|palmer|\n|player|p2|RunicPower419|red-masters|\n|teamsize|p1|6\n|teamsize|p2|6\n|gen|9\n|tier|[Gen 9] Anything Goes\n|rated|Tournament battle\n|rule|HP Percentage Mod: HP is shown in percentages\n|rule|Endless Battle Clause: Forcing endless battles is banned\n|clearpoke\n|poke|p1|Calyrex-Shadow|\n|poke|p1|Manaphy|\n|poke|p1|Magearna|\n|poke|p1|Espathra, F|\n|poke|p1|Groudon|\n|poke|p1|Flutter Mane|\n|poke|p2|Miraidon|\n|poke|p2|Koraidon|\n|poke|p2|Ting-Lu|\n|poke|p2|Arceus|\n|poke|p2|Skeledirge, F|\n|poke|p2|Calyrex-Shadow|\n|teampreview\n|inactive|Cbass97 also wants the timer to be on.\n|inactive|RunicPower419 also wants the timer to be on.\n|\n|t:|1701195072\n|start\n|switch|p1a: Groudon|Groudon|100\/100\n|switch|p2a: Koraidon|Koraidon|100\/100\n|-weather|SunnyDay|[from] ability: Orichalcum Pulse|[of] p2a: Koraidon\n|-activate|p2a: Koraidon|Orichalcum Pulse|[source]\n|turn|1\n|c|\u2606RunicPower419|Glhf\n|\n|t:|1701195083\n|move|p2a: Koraidon|U-turn|p1a: Groudon\n|-damage|p1a: Groudon|84\/100\n|j| iesiesies\n|j| sumitvs138\n|l| iesiesies\n|inactive|RunicPower419 has 120 seconds left.\n|c| sumitvs138|Runic winning fr\n|\n|t:|1701195125\n|switch|p2a: Ting-Lu|Ting-Lu|100\/100|[from] U-turn\n|-ability|p2a: Ting-Lu|Vessel of Ruin\n|move|p1a: Groudon|Will-O-Wisp|p2a: Ting-Lu|[miss]\n|-miss|p1a: Groudon|p2a: Ting-Lu\n|\n|-weather|SunnyDay|[upkeep]\n|-heal|p1a: Groudon|90\/100|[from] item: Leftovers\n|upkeep\n|turn|2\n|\n|t:|1701195132\n|move|p1a: Groudon|Spikes|p2a: Ting-Lu\n|-sidestart|p2: RunicPower419|Spikes\n|move|p2a: Ting-Lu|Spikes|p1a: Groudon\n|-sidestart|p1: Cbass97|Spikes\n|\n|-weather|SunnyDay|[upkeep]\n|-heal|p1a: Groudon|96\/100|[from] item: Leftovers\n|upkeep\n|turn|3\n|\n|t:|1701195135\n|move|p1a: Groudon|Spikes|p2a: Ting-Lu\n|-sidestart|p2: RunicPower419|Spikes\n|move|p2a: Ting-Lu|Spikes|p1a: Groudon\n|-sidestart|p1: Cbass97|Spikes\n|\n|-weather|SunnyDay|[upkeep]\n|-heal|p1a: Groudon|100\/100|[from] item: Leftovers\n|upkeep\n|turn|4\n|\n|t:|1701195136\n|move|p1a: Groudon|Spikes|p2a: Ting-Lu\n|-sidestart|p2: RunicPower419|Spikes\n|move|p2a: Ting-Lu|Spikes|p1a: Groudon\n|-sidestart|p1: Cbass97|Spikes\n|\n|-weather|SunnyDay|[upkeep]\n|upkeep\n|turn|5\n|\n|t:|1701195139\n|move|p1a: Groudon|Will-O-Wisp|p2a: Ting-Lu\n|-status|p2a: Ting-Lu|brn\n|move|p2a: Ting-Lu|Ruination|p1a: Groudon\n|-damage|p1a: Groudon|50\/100\n|\n|-weather|none\n|-heal|p1a: Groudon|57\/100|[from] item: Leftovers\n|-damage|p2a: Ting-Lu|94\/100 brn|[from] brn\n|upkeep\n|turn|6\n|\n|t:|1701195145\n|move|p1a: Groudon|Protect|p1a: Groudon\n|-singleturn|p1a: Groudon|Protect\n|move|p2a: Ting-Lu|Ruination|p1a: Groudon\n|-activate|p1a: Groudon|move: Protect\n|\n|-heal|p1a: Groudon|63\/100|[from] item: Leftovers\n|-heal|p2a: Ting-Lu|100\/100 brn|[from] item: Leftovers\n|-damage|p2a: Ting-Lu|94\/100 brn|[from] brn\n|upkeep\n|turn|7\n|\n|t:|1701195148\n|move|p1a: Groudon|Earthquake|p2a: Ting-Lu\n|-damage|p2a: Ting-Lu|69\/100 brn\n|move|p2a: Ting-Lu|Ruination|p1a: Groudon\n|-damage|p1a: Groudon|32\/100\n|\n|-heal|p1a: Groudon|38\/100|[from] item: Leftovers\n|-heal|p2a: Ting-Lu|75\/100 brn|[from] item: Leftovers\n|-damage|p2a: Ting-Lu|69\/100 brn|[from] brn\n|upkeep\n|turn|8\n|\n|t:|1701195151\n|move|p1a: Groudon|Protect|p1a: Groudon\n|-singleturn|p1a: Groudon|Protect\n|move|p2a: Ting-Lu|Ruination|p1a: Groudon\n|-activate|p1a: Groudon|move: Protect\n|\n|-heal|p1a: Groudon|44\/100|[from] item: Leftovers\n|-heal|p2a: Ting-Lu|75\/100 brn|[from] item: Leftovers\n|-damage|p2a: Ting-Lu|69\/100 brn|[from] brn\n|upkeep\n|turn|9\n|\n|t:|1701195153\n|switch|p1a: Flutter Mane|Flutter Mane|100\/100\n|-damage|p1a: Flutter Mane|76\/100|[from] Spikes\n|move|p2a: Ting-Lu|Whirlwind|p1a: Flutter Mane\n|-end|p1a: Flutter Mane|Protosynthesis|[silent]\n|drag|p1a: Espathra|Espathra, F|100\/100\n|-damage|p1a: Espathra|76\/100|[from] Spikes\n|\n|-heal|p1a: Espathra|82\/100|[from] item: Leftovers\n|-heal|p2a: Ting-Lu|75\/100 brn|[from] item: Leftovers\n|-damage|p2a: Ting-Lu|69\/100 brn|[from] brn\n|upkeep\n|turn|10\n|\n|t:|1701195159\n|move|p1a: Espathra|Protect|p1a: Espathra\n|-singleturn|p1a: Espathra|Protect\n|move|p2a: Ting-Lu|Earthquake|p1a: Espathra\n|-activate|p1a: Espathra|move: Protect\n|\n|-heal|p1a: Espathra|88\/100|[from] item: Leftovers\n|-heal|p2a: Ting-Lu|75\/100 brn|[from] item: Leftovers\n|-damage|p2a: Ting-Lu|69\/100 brn|[from] brn\n|-ability|p1a: Espathra|Speed Boost|boost\n|-boost|p1a: Espathra|spe|1\n|upkeep\n|turn|11\n|\n|t:|1701195167\n|move|p1a: Espathra|Baton Pass|p1a: Espathra\n|\n|t:|1701195168\n|switch|p1a: Flutter Mane|Flutter Mane|76\/100|[from] Baton Pass\n|-damage|p1a: Flutter Mane|51\/100|[from] Spikes\n|move|p2a: Ting-Lu|Whirlwind|p1a: Flutter Mane\n|-end|p1a: Flutter Mane|Protosynthesis|[silent]\n|drag|p1a: Groudon|Groudon|44\/100\n|-damage|p1a: Groudon|19\/100|[from] Spikes\n|-weather|SunnyDay|[from] ability: Drought|[of] p1a: Groudon\n|\n|-weather|SunnyDay|[upkeep]\n|-heal|p1a: Groudon|25\/100|[from] item: Leftovers\n|-heal|p2a: Ting-Lu|75\/100 brn|[from] item: Leftovers\n|-damage|p2a: Ting-Lu|69\/100 brn|[from] brn\n|upkeep\n|turn|12\n|\n|t:|1701195173\n|move|p1a: Groudon|Earthquake|p2a: Ting-Lu\n|-damage|p2a: Ting-Lu|43\/100 brn\n|move|p2a: Ting-Lu|Earthquake|p1a: Groudon\n|-damage|p1a: Groudon|16\/100\n|\n|-weather|SunnyDay|[upkeep]\n|-heal|p1a: Groudon|22\/100|[from] item: Leftovers\n|-heal|p2a: Ting-Lu|49\/100 brn|[from] item: Leftovers\n|-damage|p2a: Ting-Lu|43\/100 brn|[from] brn\n|upkeep\n|turn|13\n|\n|t:|1701195187\n|switch|p2a: Koraidon|Koraidon|100\/100\n|-damage|p2a: Koraidon|76\/100|[from] Spikes\n|-activate|p2a: Koraidon|ability: Orichalcum Pulse\n|move|p1a: Groudon|Earthquake|p2a: Koraidon\n|-damage|p2a: Koraidon|34\/100\n|\n|-weather|SunnyDay|[upkeep]\n|-heal|p1a: Groudon|28\/100|[from] item: Leftovers\n|upkeep\n|turn|14\n|\n|t:|1701195196\n|move|p1a: Groudon|Protect|p1a: Groudon\n|-singleturn|p1a: Groudon|Protect\n|move|p2a: Koraidon|Dragon Claw|p1a: Groudon\n|-activate|p1a: Groudon|move: Protect\n|\n|-weather|SunnyDay|[upkeep]\n|-heal|p1a: Groudon|35\/100|[from] item: Leftovers\n|upkeep\n|turn|15\n|\n|t:|1701195207\n|switch|p2a: Calyrex|Calyrex-Shadow|100\/100\n|-ability|p2a: Calyrex|As One\n|-ability|p2a: Calyrex|Unnerve\n|move|p1a: Groudon|Earthquake|p2a: Calyrex\n|-damage|p2a: Calyrex|46\/100\n|\n|-weather|none\n|-heal|p1a: Groudon|41\/100|[from] item: Leftovers\n|upkeep\n|turn|16\n|\n|t:|1701195218\n|move|p2a: Calyrex|Grass Knot|p1a: Groudon\n|-supereffective|p1a: Groudon\n|-damage|p1a: Groudon|0 fnt\n|faint|p1a: Groudon\n|-ability|p2a: Calyrex|Grim Neigh|boost\n|-boost|p2a: Calyrex|spa|1\n|\n|upkeep\n|\n|t:|1701195231\n|switch|p1a: Calyrex|Calyrex-Shadow|100\/100\n|-ability|p1a: Calyrex|As One\n|-ability|p1a: Calyrex|Unnerve\n|turn|17\n|c|\u2606Cbass97|Wanna do a speed tie ;)\n|inactive|RunicPower419 has 120 seconds left.\n|\n|t:|1701195265\n|-terastallize|p1a: Calyrex|Grass\n|-terastallize|p2a: Calyrex|Grass\n|move|p2a: Calyrex|Astral Barrage|p1a: Calyrex\n|-damage|p1a: Calyrex|0 fnt\n|faint|p1a: Calyrex\n|-ability|p2a: Calyrex|Grim Neigh|boost\n|-boost|p2a: Calyrex|spa|1\n|\n|upkeep\n|\n|t:|1701195287\n|switch|p1a: Magearna|Magearna|100\/100\n|-damage|p1a: Magearna|75\/100|[from] Spikes\n|turn|18\n|\n|t:|1701195298\n|move|p2a: Calyrex|Astral Barrage|p1a: Magearna\n|-damage|p1a: Magearna|0 fnt\n|faint|p1a: Magearna\n|-ability|p2a: Calyrex|Grim Neigh|boost\n|-boost|p2a: Calyrex|spa|1\n|\n|upkeep\n|\n|t:|1701195302\n|switch|p1a: Manaphy|Manaphy|100\/100\n|-damage|p1a: Manaphy|75\/100|[from] Spikes\n|turn|19\n|\n|t:|1701195306\n|move|p2a: Calyrex|Astral Barrage|p1a: Manaphy\n|-damage|p1a: Manaphy|0 fnt\n|faint|p1a: Manaphy\n|-ability|p2a: Calyrex|Grim Neigh|boost\n|-boost|p2a: Calyrex|spa|1\n|\n|upkeep\n|\n|t:|1701195308\n|switch|p1a: Espathra|Espathra, F|88\/100\n|-damage|p1a: Espathra|63\/100|[from] Spikes\n|turn|20\n|\n|t:|1701195310\n|move|p1a: Espathra|Protect|p1a: Espathra\n|-singleturn|p1a: Espathra|Protect\n|move|p2a: Calyrex|Astral Barrage|p1a: Espathra\n|-activate|p1a: Espathra|move: Protect\n|\n|-heal|p1a: Espathra|69\/100|[from] item: Leftovers\n|-ability|p1a: Espathra|Speed Boost|boost\n|-boost|p1a: Espathra|spe|1\n|upkeep\n|turn|21\n|\n|t:|1701195315\n|move|p1a: Espathra|Stored Power|p2a: Calyrex\n|-damage|p2a: Calyrex|27\/100\n|move|p2a: Calyrex|Astral Barrage|p1a: Espathra\n|-supereffective|p1a: Espathra\n|-damage|p1a: Espathra|0 fnt\n|faint|p1a: Espathra\n|-ability|p2a: Calyrex|Grim Neigh|boost\n|-boost|p2a: Calyrex|spa|1\n|\n|upkeep\n|\n|t:|1701195318\n|switch|p1a: Flutter Mane|Flutter Mane|51\/100\n|-damage|p1a: Flutter Mane|26\/100|[from] Spikes\n|turn|22\n|\n|t:|1701195320\n|move|p2a: Calyrex|Astral Barrage|p1a: Flutter Mane\n|-supereffective|p1a: Flutter Mane\n|-damage|p1a: Flutter Mane|0 fnt\n|faint|p1a: Flutter Mane\n|-end|p1a: Flutter Mane|Protosynthesis|[silent]\n|\n|win|RunicPower419\n|n|\u2606Cbass97|cbass97\n|n|\u2606RunicPower419|runicpower419\n|n| sumitvs138|sumitvs138\n","uploadtime":1701195321,"views":0,"p1id":"cbass97","p2id":"runicpower419","formatid":"gen9anythinggoes","rating":0,"private":0,"password":""}