{"id":"gen9anythinggoes-1975325960","p1":"Hypixel_MC","p2":"AGisgood\u82cd\u54cd\u4fa0","format":"[Gen 9] Anything Goes","log":"|j|\u203dHypixel_MC\n|j|\u2606AGisgood\u82cd\u54cd\u4fa0\n|t:|1698180014\n|gametype|singles\n|player|p1|Hypixel_MC|elesa|1401\n|player|p2|AGisgood\u82cd\u54cd\u4fa0|cynthia-masters|1631\n|teamsize|p1|5\n|teamsize|p2|6\n|gen|9\n|tier|[Gen 9] Anything Goes\n|rated|\n|rule|HP Percentage Mod: HP is shown in percentages\n|rule|Endless Battle Clause: Forcing endless battles is banned\n|clearpoke\n|poke|p1|Charizard, F|\n|poke|p1|Calyrex-Shadow|\n|poke|p1|Pikachu-Partner, M|\n|poke|p1|Arceus|\n|poke|p1|Ogerpon-Hearthflame, F|\n|poke|p2|Calyrex-Shadow|\n|poke|p2|Koraidon|\n|poke|p2|Arceus|\n|poke|p2|Arceus-Ground|\n|poke|p2|Zacian-*|\n|poke|p2|Koraidon|\n|teampreview\n|inactive|Battle timer is ON: inactive players will automatically lose when time's up. (requested by AGisgood\u82cd\u54cd\u4fa0)\n|\n|t:|1698180021\n|start\n|switch|p1a: Ogerpon|Ogerpon-Hearthflame, F|100\/100\n|switch|p2a: Koraidon|Koraidon|100\/100\n|-weather|SunnyDay|[from] ability: Orichalcum Pulse|[of] p2a: Koraidon\n|-activate|p2a: Koraidon|Orichalcum Pulse|[source]\n|-ability|p1a: Ogerpon|Mold Breaker\n|turn|1\n|\n|t:|1698180029\n|move|p2a: Koraidon|Low Kick|p1a: Ogerpon\n|-crit|p1a: Ogerpon\n|-damage|p1a: Ogerpon|7\/100\n|move|p1a: Ogerpon|Trailblaze|p2a: Koraidon\n|-resisted|p2a: Koraidon\n|-damage|p2a: Koraidon|87\/100\n|-boost|p1a: Ogerpon|spe|1\n|\n|-weather|SunnyDay|[upkeep]\n|upkeep\n|turn|2\n|\n|t:|1698180033\n|move|p1a: Ogerpon|Ivy Cudgel|p2a: Koraidon\n|-resisted|p2a: Koraidon\n|-crit|p2a: Koraidon\n|-damage|p2a: Koraidon|36\/100\n|move|p2a: Koraidon|Scale Shot|p1a: Ogerpon\n|-damage|p1a: Ogerpon|0 fnt\n|faint|p1a: Ogerpon\n|-hitcount|p1: Ogerpon|1\n|-unboost|p2a: Koraidon|def|1\n|-boost|p2a: Koraidon|spe|1\n|\n|-weather|SunnyDay|[upkeep]\n|upkeep\n|\n|t:|1698180039\n|switch|p1a: Pikachu|Pikachu-Partner, M|100\/100\n|turn|3\n|\n|t:|1698180042\n|move|p2a: Koraidon|Scale Shot|p1a: Pikachu\n|-damage|p1a: Pikachu|25\/100\n|-damage|p1a: Pikachu|0 fnt\n|faint|p1a: Pikachu\n|-hitcount|p1: Pikachu|2\n|-unboost|p2a: Koraidon|def|1\n|-boost|p2a: Koraidon|spe|1\n|\n|-weather|SunnyDay|[upkeep]\n|upkeep\n|\n|t:|1698180044\n|switch|p1a: Charizard|Charizard, F|100\/100\n|turn|4\n|\n|t:|1698180047\n|-singleturn|p1a: Charizard|move: Focus Punch\n|move|p2a: Koraidon|Scale Shot|p1a: Charizard\n|-damage|p1a: Charizard|71\/100\n|-damage|p1a: Charizard|40\/100\n|-damage|p1a: Charizard|10\/100\n|-damage|p1a: Charizard|0 fnt\n|faint|p1a: Charizard\n|-hitcount|p1: Charizard|4\n|-unboost|p2a: Koraidon|def|1\n|-boost|p2a: Koraidon|spe|1\n|\n|-weather|SunnyDay|[upkeep]\n|upkeep\n|\n|t:|1698180050\n|switch|p1a: Calyrex|Calyrex-Shadow|100\/100\n|-ability|p1a: Calyrex|As One\n|-ability|p1a: Calyrex|Unnerve\n|turn|5\n|\n|t:|1698180054\n|move|p2a: Koraidon|Flare Blitz|p1a: Calyrex\n|-damage|p1a: Calyrex|0 fnt\n|faint|p1a: Calyrex\n|-damage|p2a: Koraidon|4\/100|[from] Recoil\n|\n|-weather|none\n|upkeep\n|\n|t:|1698180056\n|switch|p1a: Arceus|Arceus|100\/100\n|turn|6\n|\n|t:|1698180058\n|-terastallize|p2a: Koraidon|Ghost\n|move|p1a: Arceus|Extreme Speed|p2a: Koraidon\n|-immune|p2a: Koraidon\n|move|p2a: Koraidon|Low Kick|p1a: Arceus\n|-supereffective|p1a: Arceus\n|-damage|p1a: Arceus|3\/100\n|\n|upkeep\n|turn|7\n|\n|t:|1698180062\n|move|p2a: Koraidon|Scale Shot|p1a: Arceus\n|-damage|p1a: Arceus|0 fnt\n|faint|p1a: Arceus\n|-hitcount|p1: Arceus|1\n|\n|win|AGisgood\u82cd\u54cd\u4fa0\n|raw|Hypixel_MC's rating: 1401 &rarr; <strong>1393<\/strong><br \/>(-8 for losing)\n|raw|AGisgood\u82cd\u54cd\u4fa0's rating: 1631 &rarr; <strong>1639<\/strong><br \/>(+8 for winning)\n","uploadtime":1698180065,"views":8,"p1id":"hypixelmc","p2id":"agisgood","formatid":"gen9anythinggoes","rating":1393,"private":0,"password":""}