{"id":"gen9anythinggoes-1999978323","p1":"TerrariaEnjoyer729","p2":"ducky777","format":"[Gen 9] Anything Goes","log":"|j|\u2606TerrariaEnjoyer729\n|j|\u2606ducky777\n|t:|1701136953\n|gametype|singles\n|player|p1|TerrariaEnjoyer729|bruno|1108\n|player|p2|ducky777|102|1110\n|teamsize|p1|6\n|teamsize|p2|6\n|gen|9\n|tier|[Gen 9] Anything Goes\n|rated|\n|rule|HP Percentage Mod: HP is shown in percentages\n|rule|Endless Battle Clause: Forcing endless battles is banned\n|clearpoke\n|poke|p1|Wooper-Paldea, L1, M|\n|poke|p1|Lechonk, L1, F|\n|poke|p1|Lechonk, L1, F|\n|poke|p1|Lechonk, L1, F|\n|poke|p1|Lechonk, L1, M|\n|poke|p1|Lechonk, L1, M|\n|poke|p2|Ting-Lu|\n|poke|p2|Breloom, M|\n|poke|p2|Roaring Moon|\n|poke|p2|Tinkaton, F|\n|poke|p2|Basculegion, M|\n|poke|p2|Ursaluna-Bloodmoon, M|\n|teampreview\n|\n|t:|1701136971\n|start\n|switch|p1a: Wooper|Wooper-Paldea, L1, M, shiny|100\/100\n|switch|p2a: Breloom|Breloom, M|100\/100\n|turn|1\n|\n|t:|1701136985\n|move|p2a: Breloom|Substitute|p2a: Breloom\n|-start|p2a: Breloom|Substitute\n|-damage|p2a: Breloom|75\/100\n|move|p1a: Wooper|Toxic Spikes|p2a: Breloom\n|-sidestart|p2: ducky777|move: Toxic Spikes\n|\n|-status|p2a: Breloom|tox|[from] item: Toxic Orb\n|upkeep\n|turn|2\n|\n|t:|1701136992\n|move|p2a: Breloom|Spore|p1a: Wooper\n|-status|p1a: Wooper|slp|[from] move: Spore\n|cant|p1a: Wooper|slp\n|\n|-heal|p2a: Breloom|88\/100 tox|[from] ability: Poison Heal\n|upkeep\n|turn|3\n|\n|t:|1701136998\n|move|p2a: Breloom|Mach Punch|p1a: Wooper\n|-resisted|p1a: Wooper\n|-enditem|p1a: Wooper|Focus Sash\n|-damage|p1a: Wooper|9\/100 slp\n|cant|p1a: Wooper|slp\n|\n|-heal|p2a: Breloom|99\/100 tox|[from] ability: Poison Heal\n|upkeep\n|turn|4\n|\n|t:|1701137006\n|move|p2a: Breloom|Mach Punch|p1a: Wooper\n|-resisted|p1a: Wooper\n|-damage|p1a: Wooper|0 fnt\n|faint|p1a: Wooper\n|\n|-heal|p2a: Breloom|100\/100 tox|[from] ability: Poison Heal\n|upkeep\n|\n|t:|1701137013\n|switch|p1a: Lechonk|Lechonk, L1, F|100\/100\n|turn|5\n|\n|t:|1701137017\n|move|p2a: Breloom|Spore|p1a: Lechonk\n|-status|p1a: Lechonk|slp|[from] move: Spore\n|cant|p1a: Lechonk|slp\n|\n|upkeep\n|turn|6\n|\n|t:|1701137023\n|move|p2a: Breloom|Mach Punch|p1a: Lechonk\n|-supereffective|p1a: Lechonk\n|-enditem|p1a: Lechonk|Focus Sash\n|-damage|p1a: Lechonk|9\/100 slp\n|cant|p1a: Lechonk|slp\n|\n|upkeep\n|turn|7\n|\n|t:|1701137029\n|move|p2a: Breloom|Mach Punch|p1a: Lechonk\n|-supereffective|p1a: Lechonk\n|-damage|p1a: Lechonk|0 fnt\n|faint|p1a: Lechonk\n|\n|upkeep\n|c|\u2606TerrariaEnjoyer729|This is why black monkeys like u are dumb\n|-message|TerrariaEnjoyer729 forfeited.\n|\n|win|ducky777\n|raw|TerrariaEnjoyer729's rating: 1108 &rarr; <strong>1083<\/strong><br \/>(-25 for losing)\n|raw|ducky777's rating: 1110 &rarr; <strong>1135<\/strong><br \/>(+25 for winning)\n","uploadtime":1701137043,"views":0,"p1id":"terrariaenjoyer729","p2id":"ducky777","formatid":"gen9anythinggoes","rating":1083,"private":0,"password":""}