{"id":"gen9anythinggoes-1974427830","p1":"ResurrectedDragon","p2":"theluckyone26","format":"[Gen 9] Anything Goes","log":"|j|\u2606ResurrectedDragon\n|j|\u2606theluckyone26\n|t:|1698086156\n|gametype|singles\n|player|p1|ResurrectedDragon|unknown|1192\n|player|p2|theluckyone26|265|1159\n|teamsize|p1|6\n|teamsize|p2|6\n|gen|9\n|tier|[Gen 9] Anything Goes\n|rated|\n|rule|HP Percentage Mod: HP is shown in percentages\n|rule|Endless Battle Clause: Forcing endless battles is banned\n|clearpoke\n|poke|p1|Scizor, M|\n|poke|p1|Chi-Yu|\n|poke|p1|Pelipper, F|\n|poke|p1|Garganacl, F|\n|poke|p1|Zacian-*|\n|poke|p1|Toxapex, F|\n|poke|p2|Nacli, M|\n|poke|p2|Riolu, F|\n|poke|p2|Toxapex, M|\n|poke|p2|Salazzle, F|\n|poke|p2|Riolu, M|\n|poke|p2|Nacli, M|\n|teampreview\n|\n|t:|1698086161\n|start\n|switch|p1a: Scizor|Scizor, M|100\/100\n|switch|p2a: Toxapex|Toxapex, M|100\/100\n|turn|1\n|\n|t:|1698086185\n|move|p1a: Scizor|Swords Dance|p1a: Scizor\n|-boost|p1a: Scizor|atk|2\n|move|p2a: Toxapex|Toxic Spikes|p1a: Scizor\n|-sidestart|p1: ResurrectedDragon|move: Toxic Spikes\n|\n|upkeep\n|turn|2\n|\n|t:|1698086190\n|move|p1a: Scizor|Swords Dance|p1a: Scizor\n|-boost|p1a: Scizor|atk|2\n|move|p2a: Toxapex|Toxic Spikes|p1a: Scizor\n|-sidestart|p1: ResurrectedDragon|move: Toxic Spikes\n|\n|upkeep\n|turn|3\n|\n|t:|1698086195\n|move|p1a: Scizor|Baton Pass|p1a: Scizor\n|\n|t:|1698086196\n|switch|p1a: Zacian|Zacian-Crowned|100\/100|[from] Baton Pass\n|-ability|p1a: Zacian|Intrepid Sword|boost\n|-boost|p1a: Zacian|atk|1\n|move|p2a: Toxapex|Haze|p2a: Toxapex\n|-clearallboost\n|\n|upkeep\n|turn|4\n|\n|t:|1698086210\n|move|p2a: Toxapex|Baneful Bunker|p2a: Toxapex\n|-singleturn|p2a: Toxapex|move: Protect\n|move|p1a: Zacian|Trailblaze|p2a: Toxapex\n|-activate|p2a: Toxapex|move: Protect\n|\n|upkeep\n|turn|5\n|\n|t:|1698086217\n|move|p1a: Zacian|Trailblaze|p2a: Toxapex\n|-damage|p2a: Toxapex|84\/100\n|-boost|p1a: Zacian|spe|1\n|move|p2a: Toxapex|Toxic Spikes||[still]\n|-fail|p2a: Toxapex\n|\n|-heal|p2a: Toxapex|90\/100|[from] item: Leftovers\n|upkeep\n|turn|6\n|\n|t:|1698086228\n|move|p1a: Zacian|Behemoth Blade|p2a: Toxapex\n|-resisted|p2a: Toxapex\n|-damage|p2a: Toxapex|65\/100\n|move|p2a: Toxapex|Haze|p2a: Toxapex\n|-clearallboost\n|\n|-heal|p2a: Toxapex|71\/100|[from] item: Leftovers\n|upkeep\n|turn|7\n|\n|t:|1698086235\n|move|p1a: Zacian|Play Rough|p2a: Toxapex\n|-resisted|p2a: Toxapex\n|-damage|p2a: Toxapex|50\/100\n|move|p2a: Toxapex|Haze|p2a: Toxapex\n|-clearallboost\n|\n|-heal|p2a: Toxapex|56\/100|[from] item: Leftovers\n|upkeep\n|turn|8\n|\n|t:|1698086243\n|move|p1a: Zacian|Sacred Sword|p2a: Toxapex\n|-resisted|p2a: Toxapex\n|-damage|p2a: Toxapex|43\/100\n|move|p2a: Toxapex|Haze|p2a: Toxapex\n|-clearallboost\n|\n|-heal|p2a: Toxapex|49\/100|[from] item: Leftovers\n|upkeep\n|turn|9\n|\n|t:|1698086250\n|move|p1a: Zacian|Behemoth Blade|p2a: Toxapex\n|-resisted|p2a: Toxapex\n|-damage|p2a: Toxapex|25\/100\n|move|p2a: Toxapex|Haze|p2a: Toxapex\n|-clearallboost\n|\n|-heal|p2a: Toxapex|31\/100|[from] item: Leftovers\n|upkeep\n|turn|10\n|\n|t:|1698086258\n|move|p1a: Zacian|Behemoth Blade|p2a: Toxapex\n|-resisted|p2a: Toxapex\n|-damage|p2a: Toxapex|7\/100\n|move|p2a: Toxapex|Haze|p2a: Toxapex\n|-clearallboost\n|\n|-heal|p2a: Toxapex|13\/100|[from] item: Leftovers\n|upkeep\n|turn|11\n|\n|t:|1698086265\n|move|p1a: Zacian|Trailblaze|p2a: Toxapex\n|-damage|p2a: Toxapex|0 fnt\n|-boost|p1a: Zacian|spe|1\n|faint|p2a: Toxapex\n|\n|upkeep\n|\n|t:|1698086275\n|switch|p2a: Salazzle|Salazzle, F|100\/100\n|turn|12\n|\n|t:|1698086291\n|switch|p1a: Pelipper|Pelipper, F|100\/100\n|move|p2a: Salazzle|Knock Off|p1a: Pelipper\n|-damage|p1a: Pelipper|78\/100\n|-enditem|p1a: Pelipper|Quick Claw|[from] move: Knock Off|[of] p2a: Salazzle\n|\n|upkeep\n|turn|13\n|\n|t:|1698086301\n|move|p2a: Salazzle|Taunt|p1a: Pelipper\n|-start|p1a: Pelipper|move: Taunt\n|move|p1a: Pelipper|Surf|p2a: Salazzle\n|-supereffective|p2a: Salazzle\n|-enditem|p2a: Salazzle|Focus Sash\n|-damage|p2a: Salazzle|1\/100\n|\n|upkeep\n|turn|14\n|\n|t:|1698086308\n|move|p2a: Salazzle|Knock Off|p1a: Pelipper\n|-damage|p1a: Pelipper|63\/100\n|move|p1a: Pelipper|Surf|p2a: Salazzle\n|-supereffective|p2a: Salazzle\n|-crit|p2a: Salazzle\n|-damage|p2a: Salazzle|0 fnt\n|faint|p2a: Salazzle\n|\n|upkeep\n|\n|t:|1698086312\n|switch|p2a: Nacli|Nacli, M|100\/100\n|turn|15\n|\n|t:|1698086321\n|move|p1a: Pelipper|Surf|p2a: Nacli\n|-supereffective|p2a: Nacli\n|-ability|p2a: Nacli|Sturdy\n|-damage|p2a: Nacli|1\/100\n|move|p2a: Nacli|Dig||[still]\n|-prepare|p2a: Nacli|Dig\n|\n|-end|p1a: Pelipper|move: Taunt\n|-damage|p2a: Nacli|0 fnt|[from] item: Sticky Barb\n|faint|p2a: Nacli\n|upkeep\n|-message|theluckyone26 forfeited.\n|\n|win|ResurrectedDragon\n|raw|ResurrectedDragon's rating: 1192 &rarr; <strong>1215<\/strong><br \/>(+23 for winning)\n|raw|theluckyone26's rating: 1159 &rarr; <strong>1136<\/strong><br \/>(-23 for losing)\n|l|\u2606theluckyone26\n","uploadtime":1698086341,"views":12,"p1id":"resurrecteddragon","p2id":"theluckyone26","formatid":"gen9anythinggoes","rating":1136,"private":0,"password":""}