{"id":"gen9anythinggoes-1981383377","p1":"Fardulf07","p2":"WomboBombo","format":"[Gen 9] Anything Goes","log":"|j|\u2606Fardulf07\n|j|\u2606WomboBombo\n|t:|1698889814\n|gametype|singles\n|player|p1|Fardulf07|sabrina|\n|player|p2|WomboBombo|ethan|\n|teamsize|p1|6\n|teamsize|p2|6\n|gen|9\n|tier|[Gen 9] Anything Goes\n|rule|HP Percentage Mod: HP is shown in percentages\n|rule|Endless Battle Clause: Forcing endless battles is banned\n|clearpoke\n|poke|p1|Toxapex, F|\n|poke|p1|Garganacl, M|\n|poke|p1|Naclstack, F|\n|poke|p1|Roaring Moon|\n|poke|p1|Ribombee, F|\n|poke|p1|Regieleki|\n|poke|p2|Clefable, F|\n|poke|p2|Manaphy|\n|poke|p2|Corviknight, M|\n|poke|p2|Landorus-Therian, M|\n|poke|p2|Dragapult, M|\n|poke|p2|Skeledirge, M|\n|teampreview\n|j| caligulahar\n|\n|t:|1698889826\n|start\n|switch|p1a: Toxapex|Toxapex, F|100\/100\n|switch|p2a: Terra|Landorus-Therian, M|100\/100\n|-ability|p2a: Terra|Intimidate|boost\n|-unboost|p1a: Toxapex|atk|1\n|turn|1\n|\n|t:|1698889835\n|move|p2a: Terra|Stealth Rock|p1a: Toxapex\n|-sidestart|p1: Fardulf07|move: Stealth Rock\n|move|p1a: Toxapex|Toxic|p2a: Terra\n|-status|p2a: Terra|tox\n|\n|-damage|p2a: Terra|94\/100 tox|[from] psn\n|upkeep\n|turn|2\n|\n|t:|1698889842\n|move|p2a: Terra|Taunt|p1a: Toxapex\n|-start|p1a: Toxapex|move: Taunt\n|cant|p1a: Toxapex|move: Taunt|Toxic Spikes\n|\n|-damage|p2a: Terra|82\/100 tox|[from] psn\n|upkeep\n|turn|3\n|\n|t:|1698889858\n|switch|p1a: Naclstack|Naclstack, F|100\/100\n|-damage|p1a: Naclstack|88\/100|[from] Stealth Rock\n|move|p2a: Terra|Earthquake|p1a: Naclstack\n|-supereffective|p1a: Naclstack\n|-damage|p1a: Naclstack|38\/100\n|\n|-damage|p2a: Terra|64\/100 tox|[from] psn\n|upkeep\n|turn|4\n|\n|t:|1698889867\n|move|p1a: Naclstack|Protect|p1a: Naclstack\n|-singleturn|p1a: Naclstack|Protect\n|move|p2a: Terra|Earthquake|p1a: Naclstack\n|-activate|p1a: Naclstack|move: Protect\n|\n|-damage|p2a: Terra|40\/100 tox|[from] psn\n|upkeep\n|turn|5\n|\n|t:|1698889876\n|switch|p1a: Garganacl|Garganacl, M|100\/100\n|-damage|p1a: Garganacl|88\/100|[from] Stealth Rock\n|move|p2a: Terra|Earthquake|p1a: Garganacl\n|-supereffective|p1a: Garganacl\n|-damage|p1a: Garganacl|39\/100\n|\n|-heal|p1a: Garganacl|45\/100|[from] item: Leftovers\n|-damage|p2a: Terra|10\/100 tox|[from] psn\n|upkeep\n|turn|6\n|\n|t:|1698889892\n|move|p2a: Terra|U-turn|p1a: Garganacl\n|-damage|p1a: Garganacl|34\/100\n|\n|t:|1698889898\n|switch|p2a: Manamo|Manaphy|100\/100|[from] U-turn\n|move|p1a: Garganacl|Explosion|p2a: Manamo\n|-damage|p2a: Manamo|40\/100\n|faint|p1a: Garganacl\n|\n|-heal|p2a: Manamo|46\/100|[from] item: Leftovers\n|upkeep\n|j| Kingu01\n|\n|t:|1698889908\n|switch|p1a: Naclstack|Naclstack, F|38\/100\n|-damage|p1a: Naclstack|25\/100|[from] Stealth Rock\n|turn|7\n|\n|t:|1698889915\n|move|p2a: Manamo|Energy Ball|p1a: Naclstack\n|-supereffective|p1a: Naclstack\n|-damage|p1a: Naclstack|0 fnt\n|faint|p1a: Naclstack\n|\n|-heal|p2a: Manamo|52\/100|[from] item: Leftovers\n|upkeep\n|\n|t:|1698889923\n|switch|p1a: Regieleki|Regieleki|100\/100\n|-damage|p1a: Regieleki|88\/100|[from] Stealth Rock\n|turn|8\n|\n|t:|1698889946\n|switch|p2a: Clefamo|Clefable, F|100\/100\n|move|p1a: Regieleki|Volt Switch|p2a: Clefamo\n|-crit|p2a: Clefamo\n|-damage|p2a: Clefamo|23\/100\n|-damage|p1a: Regieleki|78\/100|[from] item: Life Orb\n|\n|t:|1698889953\n|switch|p1a: Roaring Moon|Roaring Moon|100\/100|[from] Volt Switch\n|-damage|p1a: Roaring Moon|88\/100|[from] Stealth Rock\n|-enditem|p1a: Roaring Moon|Booster Energy\n|-activate|p1a: Roaring Moon|ability: Protosynthesis|[fromitem]\n|-start|p1a: Roaring Moon|protosynthesisatk\n|\n|-heal|p2a: Clefamo|29\/100|[from] item: Leftovers\n|upkeep\n|turn|9\n|\n|t:|1698889964\n|move|p1a: Roaring Moon|Dragon Dance|p1a: Roaring Moon\n|-boost|p1a: Roaring Moon|atk|1\n|-boost|p1a: Roaring Moon|spe|1\n|move|p2a: Clefamo|Wish|p2a: Clefamo\n|\n|-heal|p2a: Clefamo|36\/100|[from] item: Leftovers\n|upkeep\n|turn|10\n|\n|t:|1698889973\n|move|p1a: Roaring Moon|Air Slash|p2a: Clefamo\n|-damage|p2a: Clefamo|24\/100\n|move|p2a: Clefamo|Moonblast|p1a: Roaring Moon\n|-supereffective|p1a: Roaring Moon\n|-damage|p1a: Roaring Moon|0 fnt\n|faint|p1a: Roaring Moon\n|-end|p1a: Roaring Moon|Protosynthesis|[silent]\n|\n|-heal|p2a: Clefamo|74\/100|[from] move: Wish|[wisher] Clefamo\n|-heal|p2a: Clefamo|80\/100|[from] item: Leftovers\n|upkeep\n|\n|t:|1698889983\n|switch|p1a: Regieleki|Regieleki|78\/100\n|-damage|p1a: Regieleki|66\/100|[from] Stealth Rock\n|turn|11\n|\n|t:|1698889990\n|move|p1a: Regieleki|Thunder|p2a: Clefamo\n|-crit|p2a: Clefamo\n|-damage|p2a: Clefamo|0 fnt\n|faint|p2a: Clefamo\n|-damage|p1a: Regieleki|56\/100|[from] item: Life Orb\n|\n|upkeep\n|\n|t:|1698890000\n|switch|p2a: Brook|Skeledirge, M|100\/100\n|turn|12\n|\n|t:|1698890010\n|move|p1a: Regieleki|Thunder|p2a: Brook\n|-damage|p2a: Brook|19\/100\n|-damage|p1a: Regieleki|46\/100|[from] item: Life Orb\n|move|p2a: Brook|Will-O-Wisp|p1a: Regieleki\n|-status|p1a: Regieleki|brn\n|\n|-damage|p1a: Regieleki|40\/100 brn|[from] brn\n|upkeep\n|turn|13\n|\n|t:|1698890021\n|move|p1a: Regieleki|Volt Switch|p2a: Brook\n|-damage|p2a: Brook|0 fnt\n|faint|p2a: Brook\n|-damage|p1a: Regieleki|30\/100 brn|[from] item: Life Orb\n|\n|t:|1698890027\n|switch|p1a: Toxapex|Toxapex, F|100\/100|[from] Volt Switch\n|-damage|p1a: Toxapex|88\/100|[from] Stealth Rock\n|\n|-heal|p1a: Toxapex|94\/100|[from] item: Leftovers\n|upkeep\n|\n|t:|1698890058\n|switch|p2a: Persus|Corviknight, M|100\/100\n|turn|14\n|\n|t:|1698890066\n|move|p2a: Persus|Iron Head|p1a: Toxapex\n|-resisted|p1a: Toxapex\n|-damage|p1a: Toxapex|87\/100\n|cant|p1a: Toxapex|flinch\n|\n|-heal|p1a: Toxapex|93\/100|[from] item: Leftovers\n|upkeep\n|turn|15\n|\n|t:|1698890082\n|switch|p1a: Ribombee|Ribombee, F|100\/100\n|-damage|p1a: Ribombee|76\/100|[from] Stealth Rock\n|move|p2a: Persus|Iron Head|p1a: Ribombee\n|-supereffective|p1a: Ribombee\n|-damage|p1a: Ribombee|0 fnt\n|faint|p1a: Ribombee\n|\n|upkeep\n|\n|t:|1698890089\n|switch|p1a: Regieleki|Regieleki|30\/100 brn\n|-damage|p1a: Regieleki|18\/100 brn|[from] Stealth Rock\n|turn|16\n|\n|t:|1698890096\n|move|p1a: Regieleki|Thunder|p2a: Persus\n|-supereffective|p2a: Persus\n|-damage|p2a: Persus|0 fnt\n|faint|p2a: Persus\n|-damage|p1a: Regieleki|8\/100 brn|[from] item: Life Orb\n|\n|-damage|p1a: Regieleki|2\/100 brn|[from] brn\n|upkeep\n|\n|t:|1698890104\n|switch|p2a: Aegon|Dragapult, M|100\/100\n|turn|17\n|\n|t:|1698890113\n|move|p1a: Regieleki|Thunder|p2a: Aegon\n|-resisted|p2a: Aegon\n|-damage|p2a: Aegon|48\/100\n|-damage|p1a: Regieleki|0 fnt|[from] item: Life Orb\n|faint|p1a: Regieleki\n|move|p2a: Aegon|Shadow Ball|p1: Regieleki|[notarget]\n|-fail|p2a: Aegon\n|\n|upkeep\n|\n|t:|1698890120\n|switch|p1a: Toxapex|Toxapex, F|100\/100\n|-damage|p1a: Toxapex|88\/100|[from] Stealth Rock\n|turn|18\n|\n|t:|1698890129\n|move|p2a: Aegon|Shadow Ball|p1a: Toxapex\n|-damage|p1a: Toxapex|43\/100\n|move|p1a: Toxapex|Toxic|p2a: Aegon\n|-status|p2a: Aegon|tox\n|\n|-heal|p1a: Toxapex|50\/100|[from] item: Leftovers\n|-damage|p2a: Aegon|42\/100 tox|[from] psn\n|upkeep\n|turn|19\n|\n|t:|1698890137\n|move|p2a: Aegon|Shadow Ball|p1a: Toxapex\n|-damage|p1a: Toxapex|6\/100\n|move|p1a: Toxapex|Recover|p1a: Toxapex\n|-heal|p1a: Toxapex|56\/100\n|\n|-heal|p1a: Toxapex|62\/100|[from] item: Leftovers\n|-damage|p2a: Aegon|30\/100 tox|[from] psn\n|upkeep\n|turn|20\n|\n|t:|1698890148\n|move|p2a: Aegon|Shadow Ball|p1a: Toxapex\n|-damage|p1a: Toxapex|20\/100\n|move|p1a: Toxapex|Toxic Spikes|p2a: Aegon\n|-sidestart|p2: WomboBombo|move: Toxic Spikes\n|\n|-heal|p1a: Toxapex|26\/100|[from] item: Leftovers\n|-damage|p2a: Aegon|12\/100 tox|[from] psn\n|upkeep\n|turn|21\n|\n|t:|1698890157\n|move|p2a: Aegon|Shadow Ball|p1a: Toxapex\n|-damage|p1a: Toxapex|0 fnt\n|faint|p1a: Toxapex\n|\n|win|WomboBombo\n","uploadtime":1698890166,"views":18,"p1id":"fardulf07","p2id":"wombobombo","formatid":"gen9anythinggoes","rating":0,"private":0,"password":""}