{"id":"gen9anythinggoes-1983025676","p1":"BerzerkRai","p2":"losttyrant","format":"[Gen 9] Anything Goes","log":"|j|\u2606BerzerkRai\n|j|\u2606losttyrant\n|t:|1699071749\n|gametype|singles\n|player|p1|BerzerkRai|bruno|\n|player|p2|losttyrant|265|\n|teamsize|p1|6\n|teamsize|p2|6\n|gen|9\n|tier|[Gen 9] Anything Goes\n|rule|HP Percentage Mod: HP is shown in percentages\n|rule|Endless Battle Clause: Forcing endless battles is banned\n|clearpoke\n|poke|p1|Fezandipiti, M|\n|poke|p1|Skeledirge, F|\n|poke|p1|Pawmot, M|\n|poke|p1|Mamoswine, F|\n|poke|p1|Braviary-Hisui, M|\n|poke|p1|Inteleon, M|\n|poke|p2|Groudon|\n|poke|p2|Walking Wake|\n|poke|p2|Typhlosion, M|\n|poke|p2|Palossand, M|\n|poke|p2|Gogoat, F|\n|poke|p2|Dachsbun, F|\n|teampreview\n|\n|t:|1699071759\n|start\n|switch|p1a: Mamoswine|Mamoswine, F|100\/100\n|switch|p2a: Palossand|Palossand, M|100\/100\n|turn|1\n|\n|t:|1699071777\n|move|p1a: Mamoswine|Ice Shard|p2a: Palossand\n|-supereffective|p2a: Palossand\n|-crit|p2a: Palossand\n|-damage|p2a: Palossand|47\/100\n|move|p2a: Palossand|Sunny Day|p2a: Palossand\n|-weather|SunnyDay\n|\n|-weather|SunnyDay|[upkeep]\n|upkeep\n|turn|2\n|\n|t:|1699071788\n|move|p1a: Mamoswine|Ice Shard|p2a: Palossand\n|-supereffective|p2a: Palossand\n|-damage|p2a: Palossand|15\/100\n|move|p2a: Palossand|Giga Drain|p1a: Mamoswine\n|-supereffective|p1a: Mamoswine\n|-damage|p1a: Mamoswine|59\/100\n|-heal|p2a: Palossand|41\/100|[from] drain|[of] p1a: Mamoswine\n|\n|-weather|SunnyDay|[upkeep]\n|upkeep\n|turn|3\n|\n|t:|1699071808\n|switch|p1a: Skeledirge|Skeledirge, F, shiny|100\/100\n|move|p2a: Palossand|Giga Drain|p1a: Skeledirge\n|-resisted|p1a: Skeledirge\n|-damage|p1a: Skeledirge|91\/100\n|-heal|p2a: Palossand|47\/100|[from] drain|[of] p1a: Skeledirge\n|\n|-weather|SunnyDay|[upkeep]\n|-heal|p1a: Skeledirge|97\/100|[from] item: Leftovers\n|upkeep\n|turn|4\n|\n|t:|1699071823\n|switch|p2a: Dachsbun|Dachsbun, F|100\/100\n|move|p1a: Skeledirge|Shadow Ball|p2a: Dachsbun\n|-damage|p2a: Dachsbun|62\/100\n|\n|-weather|SunnyDay|[upkeep]\n|-heal|p1a: Skeledirge|100\/100|[from] item: Leftovers\n|upkeep\n|turn|5\n|\n|t:|1699071833\n|move|p2a: Dachsbun|Yawn|p1a: Skeledirge\n|-start|p1a: Skeledirge|move: Yawn|[of] p2a: Dachsbun\n|move|p1a: Skeledirge|Yawn|p2a: Dachsbun\n|-start|p2a: Dachsbun|move: Yawn|[of] p1a: Skeledirge\n|\n|-weather|none\n|upkeep\n|turn|6\n|\n|t:|1699071840\n|switch|p2a: Palossand|Palossand, M|47\/100\n|move|p1a: Skeledirge|Shadow Ball|p2a: Palossand\n|-supereffective|p2a: Palossand\n|-damage|p2a: Palossand|0 fnt\n|faint|p2a: Palossand\n|\n|-end|p1a: Skeledirge|move: Yawn|[silent]\n|-status|p1a: Skeledirge|slp\n|upkeep\n|\n|t:|1699071850\n|switch|p2a: Groudon|Groudon|100\/100\n|-weather|SunnyDay|[from] ability: Drought|[of] p2a: Groudon\n|turn|7\n|\n|t:|1699071863\n|switch|p2a: Walking Wake|Walking Wake|100\/100\n|-activate|p2a: Walking Wake|ability: Protosynthesis\n|-start|p2a: Walking Wake|protosynthesisspa\n|switch|p1a: Braviary|Braviary-Hisui, M|100\/100\n|\n|-weather|SunnyDay|[upkeep]\n|upkeep\n|turn|8\n|\n|t:|1699071875\n|move|p2a: Walking Wake|Hydro Steam|p1a: Braviary\n|-damage|p1a: Braviary|0 fnt\n|faint|p1a: Braviary\n|\n|-weather|SunnyDay|[upkeep]\n|upkeep\n|\n|t:|1699071880\n|switch|p1a: Pawmot|Pawmot, M, shiny|100\/100\n|turn|9\n|\n|t:|1699071885\n|move|p1a: Pawmot|Mach Punch|p2a: Walking Wake\n|-damage|p2a: Walking Wake|79\/100\n|move|p2a: Walking Wake|Hydro Steam|p1a: Pawmot\n|-damage|p1a: Pawmot|0 fnt\n|faint|p1a: Pawmot\n|\n|-weather|SunnyDay|[upkeep]\n|upkeep\n|\n|t:|1699071892\n|switch|p1a: Fezandipiti|Fezandipiti, M|100\/100\n|turn|10\n|\n|t:|1699071895\n|move|p2a: Walking Wake|Hydro Steam|p1a: Fezandipiti\n|-damage|p1a: Fezandipiti|50\/100\n|move|p1a: Fezandipiti|Light Screen|p1a: Fezandipiti\n|-sidestart|p1: BerzerkRai|move: Light Screen\n|\n|-weather|SunnyDay|[upkeep]\n|-heal|p1a: Fezandipiti|56\/100|[from] item: Black Sludge\n|upkeep\n|turn|11\n|\n|t:|1699071902\n|move|p2a: Walking Wake|Hydro Steam|p1a: Fezandipiti\n|-damage|p1a: Fezandipiti|33\/100\n|move|p1a: Fezandipiti|Roost|p1a: Fezandipiti\n|-heal|p1a: Fezandipiti|83\/100\n|-singleturn|p1a: Fezandipiti|move: Roost\n|\n|-weather|none\n|-end|p2a: Walking Wake|Protosynthesis\n|-heal|p1a: Fezandipiti|89\/100|[from] item: Black Sludge\n|upkeep\n|turn|12\n|\n|t:|1699071913\n|-end|p2a: Walking Wake|Protosynthesis|[silent]\n|switch|p2a: Groudon|Groudon|100\/100\n|-weather|SunnyDay|[from] ability: Drought|[of] p2a: Groudon\n|move|p1a: Fezandipiti|Gunk Shot|p2a: Groudon\n|-resisted|p2a: Groudon\n|-damage|p2a: Groudon|88\/100\n|\n|-weather|SunnyDay|[upkeep]\n|-heal|p1a: Fezandipiti|95\/100|[from] item: Black Sludge\n|-heal|p2a: Groudon|94\/100|[from] item: Leftovers\n|upkeep\n|turn|13\n|\n|t:|1699071924\n|switch|p1a: Inteleon|Inteleon, M, shiny|100\/100\n|move|p2a: Groudon|Earthquake|p1a: Inteleon\n|-damage|p1a: Inteleon|6\/100\n|\n|-weather|SunnyDay|[upkeep]\n|-heal|p2a: Groudon|99\/100|[from] item: Leftovers\n|upkeep\n|turn|14\n|c|\u2606losttyrant|damn\n|\n|t:|1699071934\n|move|p1a: Inteleon|Snipe Shot|p2a: Groudon\n|-supereffective|p2a: Groudon\n|-crit|p2a: Groudon\n|-damage|p2a: Groudon|21\/100\n|move|p2a: Groudon|Earthquake|p1a: Inteleon\n|-damage|p1a: Inteleon|0 fnt\n|faint|p1a: Inteleon\n|\n|-weather|SunnyDay|[upkeep]\n|-heal|p2a: Groudon|27\/100|[from] item: Leftovers\n|-sideend|p1: BerzerkRai|move: Light Screen\n|upkeep\n|\n|t:|1699071943\n|switch|p1a: Mamoswine|Mamoswine, F|59\/100\n|turn|15\n|\n|t:|1699071949\n|move|p1a: Mamoswine|Ice Shard|p2a: Groudon\n|-supereffective|p2a: Groudon\n|-damage|p2a: Groudon|2\/100\n|move|p2a: Groudon|Earthquake|p1a: Mamoswine\n|-damage|p1a: Mamoswine|0 fnt\n|faint|p1a: Mamoswine\n|\n|-weather|SunnyDay|[upkeep]\n|-heal|p2a: Groudon|8\/100|[from] item: Leftovers\n|upkeep\n|\n|t:|1699071958\n|switch|p1a: Fezandipiti|Fezandipiti, M|95\/100\n|turn|16\n|\n|t:|1699071962\n|move|p1a: Fezandipiti|Play Rough|p2a: Groudon\n|-damage|p2a: Groudon|0 fnt\n|faint|p2a: Groudon\n|\n|-weather|none\n|-heal|p1a: Fezandipiti|100\/100|[from] item: Black Sludge\n|upkeep\n|\n|t:|1699071981\n|switch|p2a: Typhlosion|Typhlosion, M|100\/100\n|turn|17\n|\n|t:|1699071999\n|move|p2a: Typhlosion|Extrasensory|p1a: Fezandipiti\n|-supereffective|p1a: Fezandipiti\n|-damage|p1a: Fezandipiti|62\/100\n|move|p1a: Fezandipiti|Light Screen|p1a: Fezandipiti\n|-sidestart|p1: BerzerkRai|move: Light Screen\n|\n|-heal|p1a: Fezandipiti|68\/100|[from] item: Black Sludge\n|upkeep\n|turn|18\n|\n|t:|1699072014\n|switch|p2a: Walking Wake|Walking Wake|79\/100\n|move|p1a: Fezandipiti|Gunk Shot|p2a: Walking Wake\n|-damage|p2a: Walking Wake|38\/100\n|-status|p2a: Walking Wake|psn\n|\n|-heal|p1a: Fezandipiti|74\/100|[from] item: Black Sludge\n|-damage|p2a: Walking Wake|26\/100 psn|[from] psn\n|upkeep\n|turn|19\n|\n|t:|1699072023\n|move|p2a: Walking Wake|Knock Off|p1a: Fezandipiti\n|-resisted|p1a: Fezandipiti\n|-damage|p1a: Fezandipiti|64\/100\n|-enditem|p1a: Fezandipiti|Black Sludge|[from] move: Knock Off|[of] p2a: Walking Wake\n|move|p1a: Fezandipiti|Play Rough|p2a: Walking Wake\n|-supereffective|p2a: Walking Wake\n|-damage|p2a: Walking Wake|0 fnt\n|faint|p2a: Walking Wake\n|-end|p2a: Walking Wake|Protosynthesis|[silent]\n|\n|upkeep\n|\n|t:|1699072075\n|switch|p2a: Gogoat|Gogoat, F|100\/100\n|turn|20\n|\n|t:|1699072084\n|-terastallize|p2a: Gogoat|Electric\n|move|p1a: Fezandipiti|Gunk Shot|p2a: Gogoat\n|-damage|p2a: Gogoat|61\/100\n|-status|p2a: Gogoat|tox|[from] ability: Toxic Chain|[of] p1a: Fezandipiti\n|move|p2a: Gogoat|Bulk Up|p2a: Gogoat\n|-boost|p2a: Gogoat|atk|1\n|-boost|p2a: Gogoat|def|1\n|\n|-damage|p2a: Gogoat|55\/100 tox|[from] psn\n|upkeep\n|turn|21\n|\n|t:|1699072097\n|move|p1a: Fezandipiti|Roost|p1a: Fezandipiti\n|-heal|p1a: Fezandipiti|100\/100\n|-singleturn|p1a: Fezandipiti|move: Roost\n|move|p2a: Gogoat|Earthquake|p1a: Fezandipiti\n|-supereffective|p1a: Fezandipiti\n|-damage|p1a: Fezandipiti|29\/100\n|\n|-damage|p2a: Gogoat|42\/100 tox|[from] psn\n|-sideend|p1: BerzerkRai|move: Light Screen\n|upkeep\n|turn|22\n|\n|t:|1699072105\n|move|p1a: Fezandipiti|Roost|p1a: Fezandipiti\n|-heal|p1a: Fezandipiti|79\/100\n|-singleturn|p1a: Fezandipiti|move: Roost\n|move|p2a: Gogoat|Earthquake|p1a: Fezandipiti\n|-supereffective|p1a: Fezandipiti\n|-damage|p1a: Fezandipiti|8\/100\n|\n|-damage|p2a: Gogoat|23\/100 tox|[from] psn\n|upkeep\n|turn|23\n|\n|t:|1699072117\n|move|p1a: Fezandipiti|Play Rough|p2a: Gogoat\n|-damage|p2a: Gogoat|6\/100 tox\n|move|p2a: Gogoat|Earthquake|p1a: Fezandipiti\n|-supereffective|p1a: Fezandipiti\n|-damage|p1a: Fezandipiti|0 fnt\n|faint|p1a: Fezandipiti\n|\n|-damage|p2a: Gogoat|0 fnt|[from] psn\n|faint|p2a: Gogoat\n|upkeep\n|\n|t:|1699072128\n|switch|p1a: Skeledirge|Skeledirge, F, shiny|100\/100 slp\n|switch|p2a: Typhlosion|Typhlosion, M|100\/100\n|turn|24\n|\n|t:|1699072133\n|move|p2a: Typhlosion|Shadow Ball|p1a: Skeledirge\n|-supereffective|p1a: Skeledirge\n|-damage|p1a: Skeledirge|23\/100 slp\n|-unboost|p1a: Skeledirge|spd|1\n|cant|p1a: Skeledirge|slp\n|\n|-heal|p1a: Skeledirge|29\/100 slp|[from] item: Leftovers\n|upkeep\n|turn|25\n|\n|t:|1699072140\n|move|p2a: Typhlosion|Shadow Ball|p1a: Skeledirge\n|-supereffective|p1a: Skeledirge\n|-damage|p1a: Skeledirge|0 fnt\n|faint|p1a: Skeledirge\n|\n|win|losttyrant\n|l|\u2606BerzerkRai\n","uploadtime":1699072262,"views":35,"p1id":"berzerkrai","p2id":"losttyrant","formatid":"gen9anythinggoes","rating":0,"private":0,"password":""}