{"id":"gen9anythinggoes-1989268321","p1":"SwaggerSoul","p2":"LingLing007","format":"[Gen 9] Anything Goes","log":"|j|\u2606SwaggerSoul\n|j|\u2606LingLing007\n|t:|1699829970\n|gametype|singles\n|player|p1|SwaggerSoul|youngster-gen4dp|1274\n|player|p2|LingLing007|hilbert-masters2|1342\n|teamsize|p1|6\n|teamsize|p2|6\n|gen|9\n|tier|[Gen 9] Anything Goes\n|rated|\n|rule|HP Percentage Mod: HP is shown in percentages\n|rule|Endless Battle Clause: Forcing endless battles is banned\n|clearpoke\n|poke|p1|Haxorus, F|\n|poke|p1|Glimmora, F|\n|poke|p1|Espeon, M|\n|poke|p1|Mismagius, F|\n|poke|p1|Grimmsnarl, M|\n|poke|p1|Weavile, M|\n|poke|p2|Samurott-Hisui, M|\n|poke|p2|Kommo-o, M|\n|poke|p2|Orthworm, F|\n|poke|p2|Clefable, F|\n|poke|p2|Skeledirge, M|\n|poke|p2|Corviknight, M|\n|teampreview\n|inactive|Battle timer is ON: inactive players will automatically lose when time's up. (requested by LingLing007)\n|\n|t:|1699829978\n|start\n|switch|p1a: Glimmora|Glimmora, F|100\/100\n|switch|p2a: Orthworm|Orthworm, F|100\/100\n|turn|1\n|\n|t:|1699829986\n|move|p1a: Glimmora|Stealth Rock|p2a: Orthworm\n|-sidestart|p2: LingLing007|move: Stealth Rock\n|move|p2a: Orthworm|Shed Tail|p2a: Orthworm\n|-start|p2a: Orthworm|Substitute|[from] move: Shed Tail\n|-damage|p2a: Orthworm|50\/100\n|\n|t:|1699829988\n|switch|p2a: Kommo-o|Kommo-o, M, shiny|100\/100|[from] Shed Tail\n|-damage|p2a: Kommo-o|94\/100|[from] Stealth Rock\n|\n|upkeep\n|turn|2\n|\n|t:|1699829992\n|switch|p1a: Grimmsnarl|Grimmsnarl, M|100\/100\n|move|p2a: Kommo-o|Clangorous Soul|p2a: Kommo-o\n|-boost|p2a: Kommo-o|atk|1\n|-boost|p2a: Kommo-o|def|1\n|-boost|p2a: Kommo-o|spa|1\n|-boost|p2a: Kommo-o|spd|1\n|-boost|p2a: Kommo-o|spe|1\n|-damage|p2a: Kommo-o|61\/100\n|-enditem|p2a: Kommo-o|Throat Spray\n|-boost|p2a: Kommo-o|spa|1|[from] item: Throat Spray\n|\n|upkeep\n|turn|3\n|\n|t:|1699830001\n|move|p2a: Kommo-o|Boomburst|p1a: Grimmsnarl\n|-damage|p1a: Grimmsnarl|18\/100\n|move|p1a: Grimmsnarl|Spirit Break|p2a: Kommo-o\n|-supereffective|p2a: Kommo-o\n|-end|p2a: Kommo-o|Substitute\n|\n|upkeep\n|turn|4\n|\n|t:|1699830006\n|-terastallize|p2a: Kommo-o|Steel\n|move|p1a: Grimmsnarl|Thunder Wave|p2a: Kommo-o\n|-status|p2a: Kommo-o|par\n|cant|p2a: Kommo-o|par\n|\n|upkeep\n|turn|5\n|\n|t:|1699830013\n|move|p1a: Grimmsnarl|Parting Shot|p2a: Kommo-o\n|-unboost|p2a: Kommo-o|atk|1\n|-unboost|p2a: Kommo-o|spa|1\n|\n|t:|1699830024\n|switch|p1a: Mismagius|Mismagius, F|100\/100|[from] Parting Shot\n|move|p2a: Kommo-o|Drain Punch|p1a: Mismagius\n|-immune|p1a: Mismagius\n|\n|upkeep\n|turn|6\n|\n|t:|1699830031\n|move|p1a: Mismagius|Mystical Fire|p2a: Kommo-o\n|-supereffective|p2a: Kommo-o\n|-damage|p2a: Kommo-o|20\/100 par\n|-unboost|p2a: Kommo-o|spa|1\n|move|p2a: Kommo-o|Clanging Scales|p1a: Mismagius\n|-damage|p1a: Mismagius|43\/100\n|-unboost|p2a: Kommo-o|def|1\n|\n|upkeep\n|turn|7\n|\n|t:|1699830038\n|move|p1a: Mismagius|Mystical Fire|p2a: Kommo-o\n|-supereffective|p2a: Kommo-o\n|-damage|p2a: Kommo-o|0 fnt\n|faint|p2a: Kommo-o\n|\n|upkeep\n|\n|t:|1699830046\n|switch|p2a: Corviknight|Corviknight, M|100\/100\n|-damage|p2a: Corviknight|88\/100|[from] Stealth Rock\n|-ability|p2a: Corviknight|Pressure\n|turn|8\n|\n|t:|1699830050\n|-terastallize|p1a: Mismagius|Fire\n|move|p1a: Mismagius|Mystical Fire|p2a: Corviknight\n|-supereffective|p2a: Corviknight\n|-damage|p2a: Corviknight|44\/100\n|-unboost|p2a: Corviknight|spa|1\n|move|p2a: Corviknight|Defog|p1a: Mismagius\n|-unboost|p1a: Mismagius|evasion|1\n|-sideend|p2: LingLing007|Stealth Rock|[from] move: Defog|[of] p2a: Corviknight\n|\n|upkeep\n|turn|9\n|\n|t:|1699830061\n|switch|p2a: Skeledirge|Skeledirge, M|100\/100\n|move|p1a: Mismagius|Mystical Fire|p2a: Skeledirge\n|-resisted|p2a: Skeledirge\n|-damage|p2a: Skeledirge|83\/100\n|-unboost|p2a: Skeledirge|spa|1\n|\n|-heal|p2a: Skeledirge|89\/100|[from] item: Leftovers\n|upkeep\n|turn|10\n|\n|t:|1699830073\n|switch|p1a: Haxorus|Haxorus, F|100\/100\n|-ability|p1a: Haxorus|Mold Breaker\n|switch|p2a: Samurott|Samurott-Hisui, M, shiny|100\/100\n|\n|upkeep\n|turn|11\n|\n|t:|1699830086\n|switch|p1a: Glimmora|Glimmora, F|100\/100\n|move|p2a: Samurott|Swords Dance|p2a: Samurott\n|-boost|p2a: Samurott|atk|2\n|\n|upkeep\n|turn|12\n|\n|t:|1699830092\n|move|p1a: Glimmora|Mortal Spin|p2a: Samurott\n|-crit|p2a: Samurott\n|-damage|p2a: Samurott|88\/100\n|-status|p2a: Samurott|psn\n|move|p2a: Samurott|Aqua Cutter|p1a: Glimmora\n|-supereffective|p1a: Glimmora\n|-damage|p1a: Glimmora|0 fnt\n|-activate|p1a: Glimmora|ability: Toxic Debris\n|-sidestart|p2: LingLing007|move: Toxic Spikes\n|faint|p1a: Glimmora\n|\n|-damage|p2a: Samurott|76\/100 psn|[from] psn\n|upkeep\n|\n|t:|1699830106\n|switch|p1a: Espeon|Espeon, M|100\/100\n|turn|13\n|\n|t:|1699830110\n|move|p1a: Espeon|Dazzling Gleam|p2a: Samurott\n|-supereffective|p2a: Samurott\n|-damage|p2a: Samurott|0 fnt\n|faint|p2a: Samurott\n|\n|upkeep\n|\n|t:|1699830124\n|switch|p2a: Corviknight|Corviknight, M|44\/100\n|-ability|p2a: Corviknight|Pressure\n|turn|14\n|\n|t:|1699830126\n|move|p1a: Espeon|Calm Mind|p1a: Espeon\n|-boost|p1a: Espeon|spa|1\n|-boost|p1a: Espeon|spd|1\n|move|p2a: Corviknight|Defog|p1a: Espeon\n|move|p1a: Espeon|Defog|p2a: Corviknight|[from]ability: Magic Bounce\n|-unboost|p2a: Corviknight|evasion|1\n|-sideend|p2: LingLing007|Toxic Spikes|[from] move: Defog|[of] p1a: Espeon\n|\n|upkeep\n|turn|15\n|\n|t:|1699830132\n|move|p1a: Espeon|Calm Mind|p1a: Espeon\n|-boost|p1a: Espeon|spa|1\n|-boost|p1a: Espeon|spd|1\n|move|p2a: Corviknight|Roost|p2a: Corviknight\n|-heal|p2a: Corviknight|94\/100\n|-singleturn|p2a: Corviknight|move: Roost\n|\n|upkeep\n|turn|16\n|\n|t:|1699830137\n|move|p1a: Espeon|Baton Pass|p1a: Espeon\n|\n|t:|1699830139\n|switch|p1a: Mismagius|Mismagius, F, tera:Fire|43\/100|[from] Baton Pass\n|move|p2a: Corviknight|Bulk Up|p2a: Corviknight\n|-boost|p2a: Corviknight|atk|1\n|-boost|p2a: Corviknight|def|1\n|\n|upkeep\n|turn|17\n|\n|t:|1699830144\n|switch|p2a: Clefable|Clefable, F|100\/100\n|move|p1a: Mismagius|Mystical Fire|p2a: Clefable\n|-damage|p2a: Clefable|68\/100\n|-unboost|p2a: Clefable|spa|1\n|\n|-heal|p2a: Clefable|74\/100|[from] item: Leftovers\n|upkeep\n|turn|18\n|\n|t:|1699830150\n|move|p1a: Mismagius|Mystical Fire|p2a: Clefable\n|-damage|p2a: Clefable|41\/100\n|-unboost|p2a: Clefable|spa|1\n|move|p2a: Clefable|Cosmic Power|p2a: Clefable\n|-boost|p2a: Clefable|def|1\n|-boost|p2a: Clefable|spd|1\n|\n|-heal|p2a: Clefable|47\/100|[from] item: Leftovers\n|upkeep\n|turn|19\n|\n|t:|1699830158\n|move|p1a: Mismagius|Mystical Fire|p2a: Clefable\n|-damage|p2a: Clefable|26\/100\n|-unboost|p2a: Clefable|spa|1\n|move|p2a: Clefable|Moonlight|p2a: Clefable\n|-heal|p2a: Clefable|76\/100\n|\n|-heal|p2a: Clefable|82\/100|[from] item: Leftovers\n|upkeep\n|turn|20\n|\n|t:|1699830171\n|switch|p1a: Haxorus|Haxorus, F|100\/100\n|-ability|p1a: Haxorus|Mold Breaker\n|move|p2a: Clefable|Cosmic Power|p2a: Clefable\n|-boost|p2a: Clefable|def|1\n|-boost|p2a: Clefable|spd|1\n|\n|-heal|p2a: Clefable|88\/100|[from] item: Leftovers\n|upkeep\n|turn|21\n|\n|t:|1699830176\n|move|p1a: Haxorus|Dragon Dance|p1a: Haxorus\n|-boost|p1a: Haxorus|atk|1\n|-boost|p1a: Haxorus|spe|1\n|move|p2a: Clefable|Cosmic Power|p2a: Clefable\n|-boost|p2a: Clefable|def|1\n|-boost|p2a: Clefable|spd|1\n|\n|-heal|p2a: Clefable|94\/100|[from] item: Leftovers\n|upkeep\n|turn|22\n|\n|t:|1699830183\n|move|p1a: Haxorus|Dragon Dance|p1a: Haxorus\n|-boost|p1a: Haxorus|atk|1\n|-boost|p1a: Haxorus|spe|1\n|move|p2a: Clefable|Cosmic Power|p2a: Clefable\n|-boost|p2a: Clefable|def|1\n|-boost|p2a: Clefable|spd|1\n|\n|-heal|p2a: Clefable|100\/100|[from] item: Leftovers\n|upkeep\n|turn|23\n|\n|t:|1699830187\n|move|p1a: Haxorus|Iron Head|p2a: Clefable\n|-supereffective|p2a: Clefable\n|-damage|p2a: Clefable|58\/100\n|move|p2a: Clefable|Cosmic Power|p2a: Clefable\n|-boost|p2a: Clefable|def|1\n|-boost|p2a: Clefable|spd|1\n|\n|-heal|p2a: Clefable|64\/100|[from] item: Leftovers\n|upkeep\n|turn|24\n|\n|t:|1699830192\n|move|p1a: Haxorus|Iron Head|p2a: Clefable\n|-supereffective|p2a: Clefable\n|-damage|p2a: Clefable|30\/100\n|move|p2a: Clefable|Stored Power|p1a: Haxorus\n|-damage|p1a: Haxorus|72\/100\n|\n|-heal|p2a: Clefable|37\/100|[from] item: Leftovers\n|upkeep\n|turn|25\n|\n|t:|1699830197\n|move|p1a: Haxorus|Iron Head|p2a: Clefable\n|-supereffective|p2a: Clefable\n|-crit|p2a: Clefable\n|-damage|p2a: Clefable|0 fnt\n|faint|p2a: Clefable\n|\n|upkeep\n|\n|t:|1699830204\n|switch|p2a: Skeledirge|Skeledirge, M|89\/100\n|turn|26\n|\n|t:|1699830208\n|move|p1a: Haxorus|Earthquake|p2a: Skeledirge\n|-supereffective|p2a: Skeledirge\n|-damage|p2a: Skeledirge|0 fnt\n|faint|p2a: Skeledirge\n|\n|upkeep\n|\n|t:|1699830210\n|switch|p2a: Corviknight|Corviknight, M|94\/100\n|-ability|p2a: Corviknight|Pressure\n|turn|27\n|\n|t:|1699830218\n|move|p1a: Haxorus|Iron Head|p2a: Corviknight\n|-resisted|p2a: Corviknight\n|-damage|p2a: Corviknight|67\/100\n|move|p2a: Corviknight|Bulk Up|p2a: Corviknight\n|-boost|p2a: Corviknight|atk|1\n|-boost|p2a: Corviknight|def|1\n|\n|upkeep\n|turn|28\n|\n|t:|1699830225\n|move|p1a: Haxorus|Iron Head|p2a: Corviknight\n|-resisted|p2a: Corviknight\n|-damage|p2a: Corviknight|49\/100\n|cant|p2a: Corviknight|flinch\n|\n|upkeep\n|turn|29\n|\n|t:|1699830231\n|move|p1a: Haxorus|Dragon Dance|p1a: Haxorus\n|-boost|p1a: Haxorus|atk|1\n|-boost|p1a: Haxorus|spe|1\n|move|p2a: Corviknight|Roost|p2a: Corviknight\n|-heal|p2a: Corviknight|99\/100\n|-singleturn|p2a: Corviknight|move: Roost\n|\n|upkeep\n|turn|30\n|\n|t:|1699830236\n|move|p1a: Haxorus|Iron Head|p2a: Corviknight\n|-resisted|p2a: Corviknight\n|-damage|p2a: Corviknight|77\/100\n|move|p2a: Corviknight|Bulk Up|p2a: Corviknight\n|-boost|p2a: Corviknight|atk|1\n|-boost|p2a: Corviknight|def|1\n|\n|upkeep\n|turn|31\n|\n|t:|1699830242\n|move|p1a: Haxorus|Iron Head|p2a: Corviknight\n|-resisted|p2a: Corviknight\n|-damage|p2a: Corviknight|61\/100\n|cant|p2a: Corviknight|flinch\n|\n|upkeep\n|turn|32\n|\n|t:|1699830249\n|move|p1a: Haxorus|Iron Head|p2a: Corviknight\n|-resisted|p2a: Corviknight\n|-damage|p2a: Corviknight|44\/100\n|cant|p2a: Corviknight|flinch\n|\n|upkeep\n|turn|33\n|\n|t:|1699830259\n|move|p1a: Haxorus|Iron Head|p2a: Corviknight\n|-resisted|p2a: Corviknight\n|-damage|p2a: Corviknight|29\/100\n|move|p2a: Corviknight|Roost|p2a: Corviknight\n|-heal|p2a: Corviknight|79\/100\n|-singleturn|p2a: Corviknight|move: Roost\n|\n|upkeep\n|turn|34\n|\n|t:|1699830268\n|switch|p1a: Mismagius|Mismagius, F, tera:Fire|43\/100\n|move|p2a: Corviknight|Bulk Up|p2a: Corviknight\n|-boost|p2a: Corviknight|atk|1\n|-boost|p2a: Corviknight|def|1\n|\n|upkeep\n|turn|35\n|\n|t:|1699830276\n|move|p1a: Mismagius|Trick|p2a: Corviknight\n|-activate|p1a: Mismagius|move: Trick|[of] p2a: Corviknight\n|-item|p2a: Corviknight|Choice Scarf|[from] move: Trick\n|-enditem|p1a: Mismagius|Choice Scarf|[silent]|[from] move: Trick\n|move|p2a: Corviknight|Body Press|p1a: Mismagius\n|-damage|p1a: Mismagius|0 fnt\n|faint|p1a: Mismagius\n|\n|upkeep\n|\n|t:|1699830287\n|switch|p1a: Grimmsnarl|Grimmsnarl, M|18\/100\n|turn|36\n|\n|t:|1699830291\n|move|p1a: Grimmsnarl|Thunder Wave|p2a: Corviknight\n|-status|p2a: Corviknight|par\n|cant|p2a: Corviknight|par\n|\n|upkeep\n|turn|37\n|\n|t:|1699830297\n|move|p1a: Grimmsnarl|False Surrender|p2a: Corviknight\n|-damage|p2a: Corviknight|65\/100 par\n|move|p2a: Corviknight|Body Press|p1a: Grimmsnarl\n|-damage|p1a: Grimmsnarl|0 fnt\n|faint|p1a: Grimmsnarl\n|\n|upkeep\n|\n|t:|1699830305\n|switch|p1a: Espeon|Espeon, M|100\/100\n|turn|38\n|\n|t:|1699830313\n|move|p1a: Espeon|Calm Mind|p1a: Espeon\n|-boost|p1a: Espeon|spa|1\n|-boost|p1a: Espeon|spd|1\n|move|p2a: Corviknight|Body Press|p1a: Espeon\n|-resisted|p1a: Espeon\n|-damage|p1a: Espeon|57\/100\n|\n|upkeep\n|turn|39\n|\n|t:|1699830319\n|move|p1a: Espeon|Psychic|p2a: Corviknight\n|-resisted|p2a: Corviknight\n|-damage|p2a: Corviknight|42\/100 par\n|move|p2a: Corviknight|Body Press|p1a: Espeon\n|-resisted|p1a: Espeon\n|-damage|p1a: Espeon|12\/100\n|\n|upkeep\n|turn|40\n|\n|t:|1699830325\n|move|p1a: Espeon|Psychic|p2a: Corviknight\n|-resisted|p2a: Corviknight\n|-damage|p2a: Corviknight|19\/100 par\n|move|p2a: Corviknight|Body Press|p1a: Espeon\n|-resisted|p1a: Espeon\n|-crit|p1a: Espeon\n|-damage|p1a: Espeon|0 fnt\n|faint|p1a: Espeon\n|\n|upkeep\n|\n|t:|1699830331\n|switch|p1a: Weavile|Weavile, M|100\/100\n|turn|41\n|\n|t:|1699830335\n|move|p1a: Weavile|Foul Play|p2a: Corviknight\n|-damage|p2a: Corviknight|0 fnt\n|faint|p2a: Corviknight\n|\n|upkeep\n|\n|t:|1699830337\n|switch|p2a: Orthworm|Orthworm, F|50\/100\n|turn|42\n|\n|t:|1699830344\n|move|p1a: Weavile|Swords Dance|p1a: Weavile\n|-boost|p1a: Weavile|atk|2\n|move|p2a: Orthworm|Body Press|p1a: Weavile\n|-supereffective|p1a: Weavile\n|-crit|p1a: Weavile\n|-damage|p1a: Weavile|0 fnt\n|faint|p1a: Weavile\n|\n|upkeep\n|\n|t:|1699830349\n|switch|p1a: Haxorus|Haxorus, F|72\/100\n|-ability|p1a: Haxorus|Mold Breaker\n|turn|43\n|\n|t:|1699830356\n|move|p1a: Haxorus|Dragon Dance|p1a: Haxorus\n|-boost|p1a: Haxorus|atk|1\n|-boost|p1a: Haxorus|spe|1\n|move|p2a: Orthworm|Body Press|p1a: Haxorus\n|-damage|p1a: Haxorus|40\/100\n|\n|upkeep\n|turn|44\n|\n|t:|1699830361\n|move|p1a: Haxorus|Iron Head|p2a: Orthworm\n|-resisted|p2a: Orthworm\n|-damage|p2a: Orthworm|33\/100\n|move|p2a: Orthworm|Body Press|p1a: Haxorus\n|-damage|p1a: Haxorus|6\/100\n|\n|upkeep\n|turn|45\n|\n|t:|1699830367\n|move|p1a: Haxorus|Iron Head|p2a: Orthworm\n|-resisted|p2a: Orthworm\n|-damage|p2a: Orthworm|15\/100\n|move|p2a: Orthworm|Body Press|p1a: Haxorus\n|-damage|p1a: Haxorus|0 fnt\n|faint|p1a: Haxorus\n|\n|win|LingLing007\n|raw|SwaggerSoul's rating: 1274 &rarr; <strong>1254<\/strong><br \/>(-20 for losing)\n|raw|LingLing007's rating: 1342 &rarr; <strong>1358<\/strong><br \/>(+16 for winning)\n|c|\u2606LingLing007|gg\n","uploadtime":1699830374,"views":6,"p1id":"swaggersoul","p2id":"lingling007","formatid":"gen9anythinggoes","rating":1254,"private":0,"password":""}