{"id":"gen9anythinggoes-1977693107","p1":"Locikittie","p2":"MemeMimicks","format":"[Gen 9] Anything Goes","log":"|j|\u2606Locikittie\n|j|\u2606MemeMimicks\n|t:|1698439279\n|gametype|singles\n|player|p1|Locikittie|cynthia-gen4|1219\n|player|p2|MemeMimicks|emmet|1338\n|teamsize|p1|6\n|teamsize|p2|6\n|gen|9\n|tier|[Gen 9] Anything Goes\n|rated|\n|rule|HP Percentage Mod: HP is shown in percentages\n|rule|Endless Battle Clause: Forcing endless battles is banned\n|clearpoke\n|poke|p1|Muk, F|\n|poke|p1|Muk-Alola, F|\n|poke|p1|Muk-Alola, F|\n|poke|p1|Muk-Alola, F|\n|poke|p1|Muk-Alola, F|\n|poke|p1|Muk-Alola, F|\n|poke|p2|Meloetta|\n|poke|p2|Hoopa-Unbound|\n|poke|p2|Palafin, F|\n|poke|p2|Palkia-Origin|\n|poke|p2|Ursaluna-Bloodmoon, M|\n|poke|p2|Ogerpon-Hearthflame, F|\n|teampreview\n|\n|t:|1698439293\n|start\n|switch|p1a: Muk|Muk-Alola, F|100\/100\n|switch|p2a: Palafin|Palafin, F|100\/100\n|turn|1\n|\n|t:|1698439302\n|detailschange|p2a: Palafin|Palafin-Hero, F\n|switch|p2a: Meloetta|Meloetta|100\/100\n|move|p1a: Muk|Mud-Slap|p2a: Meloetta\n|-damage|p2a: Meloetta|97\/100\n|-unboost|p2a: Meloetta|accuracy|1\n|\n|upkeep\n|turn|2\n|\n|t:|1698439314\n|move|p2a: Meloetta|Relic Song|p1a: Muk\n|-damage|p1a: Muk|71\/100\n|-formechange|p2a: Meloetta|Meloetta-Pirouette|[msg]\n|move|p1a: Muk|Minimize|p1a: Muk\n|-boost|p1a: Muk|evasion|2\n|\n|-heal|p1a: Muk|77\/100|[from] item: Leftovers\n|upkeep\n|turn|3\n|\n|t:|1698439324\n|move|p2a: Meloetta|Play Rough|p1a: Muk|[miss]\n|-miss|p2a: Meloetta|p1a: Muk\n|move|p1a: Muk|Minimize|p1a: Muk\n|-boost|p1a: Muk|evasion|2\n|\n|-heal|p1a: Muk|84\/100|[from] item: Leftovers\n|upkeep\n|turn|4\n|\n|t:|1698439333\n|switch|p2a: Ursaluna|Ursaluna-Bloodmoon, M|100\/100\n|move|p1a: Muk|Minimize|p1a: Muk\n|-boost|p1a: Muk|evasion|2\n|\n|-heal|p1a: Muk|90\/100|[from] item: Leftovers\n|upkeep\n|turn|5\n|\n|t:|1698439341\n|-terastallize|p2a: Ursaluna|Poison\n|move|p2a: Ursaluna|Calm Mind|p2a: Ursaluna\n|-boost|p2a: Ursaluna|spa|1\n|-boost|p2a: Ursaluna|spd|1\n|move|p1a: Muk|Substitute|p1a: Muk\n|-start|p1a: Muk|Substitute\n|-damage|p1a: Muk|65\/100\n|\n|-heal|p1a: Muk|71\/100|[from] item: Leftovers\n|upkeep\n|turn|6\n|\n|t:|1698439355\n|move|p2a: Ursaluna|Hyper Voice|p1a: Muk\n|-damage|p1a: Muk|5\/100\n|move|p1a: Muk|Mud-Slap|p2a: Ursaluna\n|-supereffective|p2a: Ursaluna\n|-damage|p2a: Ursaluna|95\/100\n|\n|-heal|p1a: Muk|12\/100|[from] item: Leftovers\n|upkeep\n|turn|7\n|\n|t:|1698439364\n|-singleturn|p1a: Muk|move: Focus Punch\n|move|p2a: Ursaluna|Calm Mind|p2a: Ursaluna\n|-boost|p2a: Ursaluna|spa|1\n|-boost|p2a: Ursaluna|spd|1\n|move|p1a: Muk|Focus Punch|p2a: Ursaluna\n|-resisted|p2a: Ursaluna\n|-damage|p2a: Ursaluna|83\/100\n|\n|-heal|p1a: Muk|18\/100|[from] item: Leftovers\n|upkeep\n|turn|8\n|\n|t:|1698439380\n|move|p2a: Ursaluna|Calm Mind|p2a: Ursaluna\n|-boost|p2a: Ursaluna|spa|1\n|-boost|p2a: Ursaluna|spd|1\n|move|p1a: Muk|Mud-Slap|p2a: Ursaluna\n|-supereffective|p2a: Ursaluna\n|-damage|p2a: Ursaluna|80\/100\n|\n|-heal|p1a: Muk|24\/100|[from] item: Leftovers\n|upkeep\n|turn|9\n|\n|t:|1698439389\n|move|p2a: Ursaluna|Calm Mind|p2a: Ursaluna\n|-boost|p2a: Ursaluna|spa|1\n|-boost|p2a: Ursaluna|spd|1\n|move|p1a: Muk|Mud-Slap|p2a: Ursaluna\n|-supereffective|p2a: Ursaluna\n|-damage|p2a: Ursaluna|77\/100\n|\n|-heal|p1a: Muk|30\/100|[from] item: Leftovers\n|upkeep\n|turn|10\n|\n|t:|1698439407\n|-singleturn|p1a: Muk|move: Focus Punch\n|move|p2a: Ursaluna|Calm Mind|p2a: Ursaluna\n|-boost|p2a: Ursaluna|spa|1\n|-boost|p2a: Ursaluna|spd|1\n|move|p1a: Muk|Focus Punch|p2a: Ursaluna\n|-resisted|p2a: Ursaluna\n|-damage|p2a: Ursaluna|64\/100\n|\n|-heal|p1a: Muk|37\/100|[from] item: Leftovers\n|upkeep\n|turn|11\n|\n|t:|1698439421\n|-singleturn|p1a: Muk|move: Focus Punch\n|move|p2a: Ursaluna|Calm Mind|p2a: Ursaluna\n|-boost|p2a: Ursaluna|spa|1\n|-boost|p2a: Ursaluna|spd|1\n|move|p1a: Muk|Focus Punch|p2a: Ursaluna\n|-resisted|p2a: Ursaluna\n|-damage|p2a: Ursaluna|53\/100\n|\n|-heal|p1a: Muk|43\/100|[from] item: Leftovers\n|upkeep\n|turn|12\n|\n|t:|1698439434\n|switch|p1a: Muk|Muk-Alola, F|100\/100\n|move|p2a: Ursaluna|Moonlight|p2a: Ursaluna\n|-heal|p2a: Ursaluna|100\/100\n|\n|upkeep\n|turn|13\n|\n|t:|1698439442\n|move|p2a: Ursaluna|Blood Moon|p1a: Muk\n|-damage|p1a: Muk|0 fnt\n|faint|p1a: Muk\n|\n|upkeep\n|\n|t:|1698439449\n|switch|p1a: Muk|Muk-Alola, F|100\/100\n|turn|14\n|\n|t:|1698439455\n|move|p2a: Ursaluna|Hyper Voice|p1a: Muk\n|-damage|p1a: Muk|0 fnt\n|faint|p1a: Muk\n|\n|upkeep\n|\n|t:|1698439461\n|switch|p1a: Muk|Muk-Alola, F|100\/100\n|turn|15\n|\n|t:|1698439464\n|move|p2a: Ursaluna|Blood Moon|p1a: Muk\n|-damage|p1a: Muk|0 fnt\n|faint|p1a: Muk\n|\n|upkeep\n|-message|Locikittie forfeited.\n|\n|win|MemeMimicks\n|raw|Locikittie's rating: 1219 &rarr; <strong>1202<\/strong><br \/>(-17 for losing)\n|raw|MemeMimicks's rating: 1338 &rarr; <strong>1351<\/strong><br \/>(+13 for winning)\n|l|\u2606Locikittie\n","uploadtime":1698439483,"views":7,"p1id":"locikittie","p2id":"mememimicks","formatid":"gen9anythinggoes","rating":1202,"private":0,"password":""}