{"id":"gen9anythinggoes-1972862436","p1":"AIDS_ASCENDED","p2":"Greasyhamburger","format":"[Gen 9] Anything Goes","log":"|j|\u2606AIDS_ASCENDED\n|j|\u2606Greasyhamburger\n|t:|1697903315\n|gametype|singles\n|player|p1|AIDS_ASCENDED|drayden|1010\n|player|p2|Greasyhamburger|ballguy|1040\n|teamsize|p1|6\n|teamsize|p2|6\n|gen|9\n|tier|[Gen 9] Anything Goes\n|rated|\n|rule|HP Percentage Mod: HP is shown in percentages\n|rule|Endless Battle Clause: Forcing endless battles is banned\n|clearpoke\n|poke|p1|Eelektross, M|\n|poke|p1|Haxorus, M|\n|poke|p1|Gardevoir, F|\n|poke|p1|Yanmega, M|\n|poke|p1|Avalugg-Hisui, M|\n|poke|p1|Gastrodon, M|\n|poke|p2|Ting-Lu|\n|poke|p2|Ting-Lu|\n|poke|p2|Ting-Lu|\n|poke|p2|Ting-Lu|\n|poke|p2|Ting-Lu|\n|poke|p2|Ting-Lu|\n|teampreview\n|c|\u2606AIDS_ASCENDED|Wtf\n|\n|t:|1697903324\n|start\n|switch|p1a: Gastrodon|Gastrodon, M|100\/100\n|switch|p2a: Ting-Lu|Ting-Lu|100\/100\n|-ability|p2a: Ting-Lu|Vessel of Ruin\n|turn|1\n|c|\u2606Greasyhamburger|hoi\n|\n|t:|1697903331\n|move|p1a: Gastrodon|Acid Armor|p1a: Gastrodon\n|-boost|p1a: Gastrodon|def|2\n|move|p2a: Ting-Lu|Fissure|p1a: Gastrodon|[miss]\n|-miss|p2a: Ting-Lu|p1a: Gastrodon\n|\n|upkeep\n|turn|2\n|\n|t:|1697903336\n|move|p1a: Gastrodon|Chilling Water|p2a: Ting-Lu\n|-supereffective|p2a: Ting-Lu\n|-damage|p2a: Ting-Lu|86\/100\n|-unboost|p2a: Ting-Lu|atk|1\n|move|p2a: Ting-Lu|Fissure|p1a: Gastrodon|[miss]\n|-miss|p2a: Ting-Lu|p1a: Gastrodon\n|\n|upkeep\n|turn|3\n|\n|t:|1697903347\n|switch|p1a: Yanmega|Yanmega, M|100\/100\n|move|p2a: Ting-Lu|Fissure|p1a: Yanmega\n|-immune|p1a: Yanmega\n|\n|upkeep\n|turn|4\n|\n|t:|1697903353\n|move|p1a: Yanmega|Lunge|p2a: Ting-Lu\n|-supereffective|p2a: Ting-Lu\n|-damage|p2a: Ting-Lu|63\/100\n|-unboost|p2a: Ting-Lu|atk|1\n|move|p2a: Ting-Lu|Stone Edge|p1a: Yanmega\n|-supereffective|p1a: Yanmega\n|-damage|p1a: Yanmega|38\/100\n|\n|-ability|p1a: Yanmega|Speed Boost|boost\n|-boost|p1a: Yanmega|spe|1\n|upkeep\n|turn|5\n|c|\u2606AIDS_ASCENDED|wtf\n|\n|t:|1697903365\n|move|p1a: Yanmega|Lunge|p2a: Ting-Lu\n|-supereffective|p2a: Ting-Lu\n|-damage|p2a: Ting-Lu|42\/100\n|-unboost|p2a: Ting-Lu|atk|1\n|move|p2a: Ting-Lu|Heavy Slam|p1a: Yanmega\n|-damage|p1a: Yanmega|22\/100\n|\n|-ability|p1a: Yanmega|Speed Boost|boost\n|-boost|p1a: Yanmega|spe|1\n|upkeep\n|turn|6\n|\n|t:|1697903373\n|move|p1a: Yanmega|Lunge|p2a: Ting-Lu\n|-supereffective|p2a: Ting-Lu\n|-damage|p2a: Ting-Lu|20\/100\n|-unboost|p2a: Ting-Lu|atk|1\n|move|p2a: Ting-Lu|Stone Edge|p1a: Yanmega\n|-supereffective|p1a: Yanmega\n|-damage|p1a: Yanmega|0 fnt\n|faint|p1a: Yanmega\n|\n|upkeep\n|\n|t:|1697903382\n|switch|p1a: Gardevoir|Gardevoir, F|100\/100\n|turn|7\n|\n|t:|1697903387\n|move|p1a: Gardevoir|Aura Sphere|p2a: Ting-Lu\n|-supereffective|p2a: Ting-Lu\n|-damage|p2a: Ting-Lu|0 fnt\n|faint|p2a: Ting-Lu\n|\n|upkeep\n|\n|t:|1697903393\n|switch|p2a: Ting-Lu|Ting-Lu|100\/100\n|-ability|p2a: Ting-Lu|Vessel of Ruin\n|turn|8\n|\n|t:|1697903398\n|move|p1a: Gardevoir|Moonblast|p2a: Ting-Lu\n|-supereffective|p2a: Ting-Lu\n|-damage|p2a: Ting-Lu|67\/100\n|move|p2a: Ting-Lu|Fissure|p1a: Gardevoir|[miss]\n|-miss|p2a: Ting-Lu|p1a: Gardevoir\n|\n|upkeep\n|turn|9\n|\n|t:|1697903404\n|move|p1a: Gardevoir|Calm Mind|p1a: Gardevoir\n|-boost|p1a: Gardevoir|spa|1\n|-boost|p1a: Gardevoir|spd|1\n|move|p2a: Ting-Lu|Stomping Tantrum|p1a: Gardevoir\n|-enditem|p1a: Gardevoir|Focus Sash\n|-damage|p1a: Gardevoir|1\/100\n|\n|upkeep\n|turn|10\n|\n|t:|1697903412\n|move|p1a: Gardevoir|Aura Sphere|p2a: Ting-Lu\n|-supereffective|p2a: Ting-Lu\n|-damage|p2a: Ting-Lu|37\/100\n|move|p2a: Ting-Lu|Heavy Slam|p1a: Gardevoir\n|-supereffective|p1a: Gardevoir\n|-damage|p1a: Gardevoir|0 fnt\n|faint|p1a: Gardevoir\n|\n|upkeep\n|c|\u2606AIDS_ASCENDED|bro why do these mfs take no damage\n|\n|t:|1697903426\n|switch|p1a: Gastrodon|Gastrodon, M|100\/100\n|turn|11\n|c|\u2606Greasyhamburger|assult vest\n|\n|t:|1697903434\n|move|p1a: Gastrodon|Chilling Water|p2a: Ting-Lu\n|-supereffective|p2a: Ting-Lu\n|-damage|p2a: Ting-Lu|22\/100\n|-unboost|p2a: Ting-Lu|atk|1\n|move|p2a: Ting-Lu|Fissure|p1a: Gastrodon|[miss]\n|-miss|p2a: Ting-Lu|p1a: Gastrodon\n|\n|upkeep\n|turn|12\n|\n|t:|1697903441\n|move|p1a: Gastrodon|Chilling Water|p2a: Ting-Lu\n|-supereffective|p2a: Ting-Lu\n|-damage|p2a: Ting-Lu|8\/100\n|-unboost|p2a: Ting-Lu|atk|1\n|move|p2a: Ting-Lu|Stomping Tantrum|p1a: Gastrodon\n|-damage|p1a: Gastrodon|61\/100\n|\n|upkeep\n|turn|13\n|\n|t:|1697903448\n|move|p1a: Gastrodon|Chilling Water|p2a: Ting-Lu\n|-supereffective|p2a: Ting-Lu\n|-damage|p2a: Ting-Lu|0 fnt\n|faint|p2a: Ting-Lu\n|\n|upkeep\n|\n|t:|1697903455\n|switch|p2a: Ting-Lu|Ting-Lu|100\/100\n|-ability|p2a: Ting-Lu|Vessel of Ruin\n|turn|14\n|\n|t:|1697903461\n|move|p1a: Gastrodon|Acid Armor|p1a: Gastrodon\n|-boost|p1a: Gastrodon|def|2\n|move|p2a: Ting-Lu|Fissure|p1a: Gastrodon|[miss]\n|-miss|p2a: Ting-Lu|p1a: Gastrodon\n|\n|upkeep\n|turn|15\n|\n|t:|1697903467\n|move|p1a: Gastrodon|Chilling Water|p2a: Ting-Lu\n|-supereffective|p2a: Ting-Lu\n|-damage|p2a: Ting-Lu|85\/100\n|-unboost|p2a: Ting-Lu|atk|1\n|move|p2a: Ting-Lu|Fissure|p1a: Gastrodon\n|-damage|p1a: Gastrodon|0 fnt\n|faint|p1a: Gastrodon\n|-ohko\n|\n|upkeep\n|n|!AIDS_ASCENDED|aidsascended\n|\n|t:|1697903479\n|switch|p1a: Avalugg|Avalugg-Hisui, M, shiny|100\/100\n|turn|16\n|\n|t:|1697903483\n|move|p2a: Ting-Lu|Fissure|p1a: Avalugg\n|-enditem|p1a: Avalugg|Focus Sash\n|-damage|p1a: Avalugg|1\/100\n|move|p1a: Avalugg|Ice Fang|p2a: Ting-Lu\n|-supereffective|p2a: Ting-Lu\n|-damage|p2a: Ting-Lu|39\/100\n|\n|upkeep\n|turn|17\n|\n|t:|1697903492\n|move|p2a: Ting-Lu|Stomping Tantrum|p1a: Avalugg\n|-supereffective|p1a: Avalugg\n|-damage|p1a: Avalugg|0 fnt\n|faint|p1a: Avalugg\n|\n|upkeep\n|\n|t:|1697903502\n|switch|p1a: Haxorus|Haxorus, M, shiny|100\/100\n|-ability|p1a: Haxorus|Mold Breaker\n|turn|18\n|\n|t:|1697903507\n|move|p1a: Haxorus|Earthquake|p2a: Ting-Lu\n|-damage|p2a: Ting-Lu|23\/100\n|move|p2a: Ting-Lu|Fissure|p1a: Haxorus\n|-enditem|p1a: Haxorus|Focus Sash\n|-damage|p1a: Haxorus|1\/100\n|\n|upkeep\n|turn|19\n|\n|t:|1697903513\n|move|p1a: Haxorus|Dragon Claw|p2a: Ting-Lu\n|-damage|p2a: Ting-Lu|2\/100\n|move|p2a: Ting-Lu|Stomping Tantrum|p1a: Haxorus\n|-damage|p1a: Haxorus|0 fnt\n|faint|p1a: Haxorus\n|\n|upkeep\n|-message|AIDS_ASCENDED forfeited.\n|\n|win|Greasyhamburger\n|raw|AIDS_ASCENDED's rating: 1010 &rarr; <strong>1000<\/strong><br \/>(-10 for losing)\n|raw|Greasyhamburger's rating: 1040 &rarr; <strong>1071<\/strong><br \/>(+31 for winning)\n","uploadtime":1697903472,"views":7,"p1id":"aidsascended","p2id":"greasyhamburger","formatid":"gen9anythinggoes","rating":1000,"private":0,"password":""}