{"id":"gen9anythinggoes-1997759230","p1":"saltcurestrats","p2":"Reivya","format":"[Gen 9] Anything Goes","log":"|j|\u2606saltcurestrats\n|j|\u2606Reivya\n|t:|1700849640\n|gametype|singles\n|player|p1|saltcurestrats|102|1030\n|player|p2|Reivya|jupiter|1015\n|teamsize|p1|6\n|teamsize|p2|6\n|gen|9\n|tier|[Gen 9] Anything Goes\n|rated|\n|rule|HP Percentage Mod: HP is shown in percentages\n|rule|Endless Battle Clause: Forcing endless battles is banned\n|clearpoke\n|poke|p1|Garganacl, F|\n|poke|p1|Garganacl, M|\n|poke|p1|Garganacl, M|\n|poke|p1|Garganacl, F|\n|poke|p1|Garganacl, M|\n|poke|p1|Garganacl, M|\n|poke|p2|Gothitelle, M|\n|poke|p2|Azumarill, F|\n|poke|p2|Mismagius, F|\n|poke|p2|Lucario, F|\n|poke|p2|Mew|\n|poke|p2|Altaria, M|\n|teampreview\n|c|\u2606Reivya|i was about to say good luck have fun\n|c|\u2606Reivya|but i'm not sure this will be fun for either of us\n|\n|t:|1700849671\n|start\n|switch|p1a: Garganacl|Garganacl, F|100\/100\n|switch|p2a: Altaria|Altaria, M|100\/100\n|turn|1\n|\n|t:|1700849683\n|move|p2a: Altaria|Fire Spin|p1a: Garganacl\n|-resisted|p1a: Garganacl\n|-damage|p1a: Garganacl|98\/100\n|-activate|p1a: Garganacl|move: Fire Spin|[of] p2a: Altaria\n|move|p1a: Garganacl|Salt Cure|p2a: Altaria\n|-supereffective|p2a: Altaria\n|-damage|p2a: Altaria|73\/100\n|-start|p2a: Altaria|Salt Cure\n|\n|-heal|p1a: Garganacl|100\/100|[from] item: Leftovers\n|-damage|p2a: Altaria|60\/100|[from] Salt Cure\n|-damage|p1a: Garganacl|88\/100|[from] move: Fire Spin|[partiallytrapped]\n|upkeep\n|turn|2\n|\n|t:|1700849694\n|move|p2a: Altaria|Perish Song|p2a: Altaria\n|-start|p1a: Garganacl|perish3|[silent]\n|-start|p2a: Altaria|perish3|[silent]\n|-fieldactivate|move: Perish Song\n|move|p1a: Garganacl|Iron Head|p2a: Altaria\n|-damage|p2a: Altaria|43\/100\n|\n|-heal|p1a: Garganacl|94\/100|[from] item: Leftovers\n|-damage|p2a: Altaria|30\/100|[from] Salt Cure\n|-damage|p1a: Garganacl|82\/100|[from] move: Fire Spin|[partiallytrapped]\n|-start|p2a: Altaria|perish3\n|-start|p1a: Garganacl|perish3\n|upkeep\n|turn|3\n|\n|t:|1700849705\n|move|p2a: Altaria|Roost|p2a: Altaria\n|-heal|p2a: Altaria|80\/100\n|-singleturn|p2a: Altaria|move: Roost\n|move|p1a: Garganacl|Salt Cure|p2a: Altaria\n|-damage|p2a: Altaria|66\/100\n|\n|-heal|p1a: Garganacl|88\/100|[from] item: Leftovers\n|-damage|p2a: Altaria|53\/100|[from] Salt Cure\n|-damage|p1a: Garganacl|76\/100|[from] move: Fire Spin|[partiallytrapped]\n|-start|p2a: Altaria|perish2\n|-start|p1a: Garganacl|perish2\n|upkeep\n|turn|4\n|\n|t:|1700849719\n|move|p2a: Altaria|Roost|p2a: Altaria\n|-heal|p2a: Altaria|100\/100\n|-singleturn|p2a: Altaria|move: Roost\n|move|p1a: Garganacl|Iron Head|p2a: Altaria\n|-damage|p2a: Altaria|82\/100\n|\n|-heal|p1a: Garganacl|82\/100|[from] item: Leftovers\n|-damage|p2a: Altaria|70\/100|[from] Salt Cure\n|-damage|p1a: Garganacl|70\/100|[from] move: Fire Spin|[partiallytrapped]\n|-start|p2a: Altaria|perish1\n|-start|p1a: Garganacl|perish1\n|upkeep\n|turn|5\n|\n|t:|1700849735\n|switch|p2a: Mew|Mew|100\/100\n|move|p1a: Garganacl|Recover|p1a: Garganacl\n|-heal|p1a: Garganacl|100\/100\n|\n|-end|p1a: Garganacl|Fire Spin|[partiallytrapped]|[silent]\n|-start|p1a: Garganacl|perish0\n|upkeep\n|faint|p1a: Garganacl\n|\n|t:|1700849746\n|switch|p1a: Garganacl|Garganacl, F|100\/100\n|turn|6\n|\n|t:|1700849758\n|move|p2a: Mew|Agility|p2a: Mew\n|-boost|p2a: Mew|spe|2\n|move|p1a: Garganacl|Salt Cure|p2a: Mew\n|-damage|p2a: Mew|88\/100\n|-start|p2a: Mew|Salt Cure\n|\n|-damage|p2a: Mew|76\/100|[from] Salt Cure\n|upkeep\n|turn|7\n|\n|t:|1700849771\n|move|p2a: Mew|Bulk Up|p2a: Mew\n|-boost|p2a: Mew|atk|1\n|-boost|p2a: Mew|def|1\n|move|p1a: Garganacl|Iron Head|p2a: Mew\n|-damage|p2a: Mew|66\/100\n|\n|-damage|p2a: Mew|53\/100|[from] Salt Cure\n|upkeep\n|turn|8\n|\n|t:|1700849783\n|move|p2a: Mew|Bulk Up|p2a: Mew\n|-boost|p2a: Mew|atk|1\n|-boost|p2a: Mew|def|1\n|move|p1a: Garganacl|Iron Head|p2a: Mew\n|-damage|p2a: Mew|45\/100\n|\n|-damage|p2a: Mew|33\/100|[from] Salt Cure\n|upkeep\n|turn|9\n|\n|t:|1700849796\n|move|p2a: Mew|Bulk Up|p2a: Mew\n|-boost|p2a: Mew|atk|1\n|-boost|p2a: Mew|def|1\n|move|p1a: Garganacl|Iron Head|p2a: Mew\n|-damage|p2a: Mew|26\/100\n|\n|-damage|p2a: Mew|14\/100|[from] Salt Cure\n|upkeep\n|turn|10\n|\n|t:|1700849811\n|move|p1a: Garganacl|Protect|p1a: Garganacl\n|-singleturn|p1a: Garganacl|Protect\n|move|p2a: Mew|Baton Pass|p2a: Mew\n|\n|t:|1700849815\n|switch|p2a: Gothitelle|Gothitelle, M|100\/100|[from] Baton Pass\n|\n|upkeep\n|turn|11\n|\n|t:|1700849827\n|move|p2a: Gothitelle|Substitute|p2a: Gothitelle\n|-start|p2a: Gothitelle|Substitute\n|-damage|p2a: Gothitelle|76\/100\n|move|p1a: Garganacl|Salt Cure|p2a: Gothitelle\n|-activate|p2a: Gothitelle|move: Substitute|[damage]\n|\n|-heal|p2a: Gothitelle|82\/100|[from] item: Leftovers\n|upkeep\n|turn|12\n|\n|t:|1700849835\n|move|p2a: Gothitelle|Calm Mind|p2a: Gothitelle\n|-boost|p2a: Gothitelle|spa|1\n|-boost|p2a: Gothitelle|spd|1\n|move|p1a: Garganacl|Iron Head|p2a: Gothitelle\n|-activate|p2a: Gothitelle|move: Substitute|[damage]\n|\n|-heal|p2a: Gothitelle|88\/100|[from] item: Leftovers\n|upkeep\n|turn|13\n|\n|t:|1700849847\n|move|p2a: Gothitelle|Protect|p2a: Gothitelle\n|-singleturn|p2a: Gothitelle|Protect\n|move|p1a: Garganacl|Iron Head|p2a: Gothitelle\n|-activate|p2a: Gothitelle|move: Protect\n|\n|-heal|p2a: Gothitelle|94\/100|[from] item: Leftovers\n|upkeep\n|turn|14\n|\n|t:|1700849867\n|move|p2a: Gothitelle|Calm Mind|p2a: Gothitelle\n|-boost|p2a: Gothitelle|spa|1\n|-boost|p2a: Gothitelle|spd|1\n|move|p1a: Garganacl|Iron Head|p2a: Gothitelle\n|-activate|p2a: Gothitelle|move: Substitute|[damage]\n|\n|-heal|p2a: Gothitelle|99\/100|[from] item: Leftovers\n|upkeep\n|turn|15\n|\n|t:|1700849876\n|move|p2a: Gothitelle|Calm Mind|p2a: Gothitelle\n|-boost|p2a: Gothitelle|spa|1\n|-boost|p2a: Gothitelle|spd|1\n|move|p1a: Garganacl|Iron Head|p2a: Gothitelle\n|-activate|p2a: Gothitelle|move: Substitute|[damage]\n|\n|-heal|p2a: Gothitelle|100\/100|[from] item: Leftovers\n|upkeep\n|turn|16\n|\n|t:|1700849890\n|move|p1a: Garganacl|Protect|p1a: Garganacl\n|-singleturn|p1a: Garganacl|Protect\n|move|p2a: Gothitelle|Calm Mind|p2a: Gothitelle\n|-boost|p2a: Gothitelle|spa|1\n|-boost|p2a: Gothitelle|spd|1\n|\n|upkeep\n|turn|17\n|\n|t:|1700849898\n|-terastallize|p2a: Gothitelle|Psychic\n|move|p1a: Garganacl|Protect||[still]\n|-fail|p1a: Garganacl\n|move|p2a: Gothitelle|Stored Power|p1a: Garganacl\n|-damage|p1a: Garganacl|0 fnt\n|faint|p1a: Garganacl\n|\n|upkeep\n|\n|t:|1700849907\n|switch|p1a: Garganacl|Garganacl, M|100\/100\n|turn|18\n|\n|t:|1700849915\n|move|p2a: Gothitelle|Calm Mind|p2a: Gothitelle\n|-boost|p2a: Gothitelle|spa|1\n|-boost|p2a: Gothitelle|spd|1\n|move|p1a: Garganacl|Recover||[still]\n|-fail|p1a: Garganacl|heal\n|\n|upkeep\n|turn|19\n|\n|t:|1700849921\n|move|p2a: Gothitelle|Stored Power|p1a: Garganacl\n|-ability|p1a: Garganacl|Sturdy\n|-damage|p1a: Garganacl|1\/100\n|move|p1a: Garganacl|Recover|p1a: Garganacl\n|-heal|p1a: Garganacl|51\/100\n|\n|-heal|p1a: Garganacl|57\/100|[from] item: Leftovers\n|upkeep\n|turn|20\n|\n|t:|1700849932\n|move|p2a: Gothitelle|Stored Power|p1a: Garganacl\n|-damage|p1a: Garganacl|0 fnt\n|faint|p1a: Garganacl\n|\n|upkeep\n|\n|t:|1700849938\n|switch|p1a: Garganacl|Garganacl, M|100\/100\n|turn|21\n|\n|t:|1700849943\n|move|p2a: Gothitelle|Stored Power|p1a: Garganacl\n|-ability|p1a: Garganacl|Sturdy\n|-damage|p1a: Garganacl|1\/100\n|move|p1a: Garganacl|Recover|p1a: Garganacl\n|-heal|p1a: Garganacl|51\/100\n|\n|-heal|p1a: Garganacl|57\/100|[from] item: Leftovers\n|upkeep\n|turn|22\n|\n|t:|1700849955\n|move|p2a: Gothitelle|Stored Power|p1a: Garganacl\n|-damage|p1a: Garganacl|0 fnt\n|faint|p1a: Garganacl\n|\n|upkeep\n|\n|t:|1700849960\n|switch|p1a: Garganacl|Garganacl, M|100\/100\n|turn|23\n|c|\u2606Reivya|so uh\n|c|\u2606Reivya|what's the plan if someone decided to toxic stall\n|c|\u2606Reivya|or bring multihits\n|\n|t:|1700849975\n|move|p2a: Gothitelle|Stored Power|p1a: Garganacl\n|-damage|p1a: Garganacl|0 fnt\n|faint|p1a: Garganacl\n|\n|upkeep\n|\n|t:|1700849979\n|switch|p1a: Garganacl|Garganacl, M|100\/100\n|turn|24\n|\n|t:|1700849982\n|move|p2a: Gothitelle|Stored Power|p1a: Garganacl\n|-damage|p1a: Garganacl|0 fnt\n|faint|p1a: Garganacl\n|\n|win|Reivya\n|raw|saltcurestrats's rating: 1030 &rarr; <strong>1015<\/strong><br \/>(-15 for losing)\n|raw|Reivya's rating: 1015 &rarr; <strong>1054<\/strong><br \/>(+39 for winning)\n|c|\u2606Reivya|gg\n","uploadtime":1700849995,"views":1,"p1id":"saltcurestrats","p2id":"reivya","formatid":"gen9anythinggoes","rating":1015,"private":0,"password":""}