{"id":"gen9anythinggoes-1978922722","p1":"ldsedam","p2":"hawk1278","format":"[Gen 9] Anything Goes","log":"|j|\u2606ldsedam\n|j|\u2606hawk1278\n|t:|1698610626\n|gametype|singles\n|player|p1|ldsedam|lance|\n|player|p2|hawk1278|266|\n|teamsize|p1|6\n|teamsize|p2|6\n|gen|9\n|tier|[Gen 9] Anything Goes\n|rule|HP Percentage Mod: HP is shown in percentages\n|rule|Endless Battle Clause: Forcing endless battles is banned\n|clearpoke\n|poke|p1|Dragapult, M|\n|poke|p1|Shaymin|\n|poke|p1|Tauros-Paldea-Blaze, M|\n|poke|p1|Gliscor, M|\n|poke|p1|Tinkaton, F|\n|poke|p1|Grafaiai, F|\n|poke|p2|Roaring Moon|\n|poke|p2|Crocalor, M|\n|poke|p2|Kingambit, M|\n|poke|p2|Azumarill, F|\n|poke|p2|Mamoswine, M|\n|poke|p2|Jolteon, F|\n|teampreview\n|\n|t:|1698610659\n|start\n|switch|p1a: Dragapult|Dragapult, M|100\/100\n|switch|p2a: Broom|Roaring Moon|100\/100\n|turn|1\n|\n|t:|1698610668\n|move|p2a: Broom|Knock Off|p1a: Dragapult\n|-supereffective|p1a: Dragapult\n|-damage|p1a: Dragapult|0 fnt\n|-enditem|p1a: Dragapult|Choice Specs|[from] move: Knock Off|[of] p2a: Broom\n|faint|p1a: Dragapult\n|\n|upkeep\n|\n|t:|1698610673\n|switch|p1a: Gliscor|Gliscor, M|100\/100\n|turn|2\n|\n|t:|1698610677\n|move|p1a: Gliscor|Protect|p1a: Gliscor\n|-singleturn|p1a: Gliscor|Protect\n|move|p2a: Broom|Knock Off|p1a: Gliscor\n|-activate|p1a: Gliscor|move: Protect\n|\n|-status|p1a: Gliscor|tox|[from] item: Toxic Orb\n|upkeep\n|turn|3\n|\n|t:|1698610686\n|move|p2a: Broom|Knock Off|p1a: Gliscor\n|-damage|p1a: Gliscor|54\/100 tox\n|-enditem|p1a: Gliscor|Toxic Orb|[from] move: Knock Off|[of] p2a: Broom\n|move|p1a: Gliscor|Toxic|p2a: Broom\n|-status|p2a: Broom|tox\n|\n|-damage|p2a: Broom|95\/100 tox|[from] psn\n|-heal|p1a: Gliscor|67\/100 tox|[from] ability: Poison Heal\n|upkeep\n|turn|4\n|\n|t:|1698610706\n|move|p1a: Gliscor|Protect|p1a: Gliscor\n|-singleturn|p1a: Gliscor|Protect\n|move|p2a: Broom|Knock Off|p1a: Gliscor\n|-activate|p1a: Gliscor|move: Protect\n|\n|-damage|p2a: Broom|83\/100 tox|[from] psn\n|-heal|p1a: Gliscor|79\/100 tox|[from] ability: Poison Heal\n|upkeep\n|turn|5\n|\n|t:|1698610715\n|move|p2a: Broom|Knock Off|p1a: Gliscor\n|-damage|p1a: Gliscor|50\/100 tox\n|move|p1a: Gliscor|Substitute|p1a: Gliscor\n|-start|p1a: Gliscor|Substitute\n|-damage|p1a: Gliscor|26\/100 tox\n|\n|-damage|p2a: Broom|65\/100 tox|[from] psn\n|-heal|p1a: Gliscor|38\/100 tox|[from] ability: Poison Heal\n|upkeep\n|turn|6\n|\n|t:|1698610728\n|-end|p2a: Broom|Protosynthesis|[silent]\n|switch|p2a: vigilante|Mamoswine, M|100\/100\n|move|p1a: Gliscor|Protect||[still]\n|-fail|p1a: Gliscor\n|\n|-heal|p1a: Gliscor|50\/100 tox|[from] ability: Poison Heal\n|upkeep\n|turn|7\n|\n|t:|1698610741\n|move|p2a: vigilante|Ice Shard|p1a: Gliscor\n|-supereffective|p1a: Gliscor\n|-end|p1a: Gliscor|Substitute\n|move|p1a: Gliscor|Toxic|p2a: vigilante\n|-status|p2a: vigilante|tox\n|\n|-damage|p2a: vigilante|94\/100 tox|[from] psn\n|-heal|p1a: Gliscor|63\/100 tox|[from] ability: Poison Heal\n|upkeep\n|turn|8\n|\n|t:|1698610750\n|move|p1a: Gliscor|Protect|p1a: Gliscor\n|-singleturn|p1a: Gliscor|Protect\n|move|p2a: vigilante|Ice Shard|p1a: Gliscor\n|-activate|p1a: Gliscor|move: Protect\n|\n|-damage|p2a: vigilante|82\/100 tox|[from] psn\n|-heal|p1a: Gliscor|75\/100 tox|[from] ability: Poison Heal\n|upkeep\n|turn|9\n|\n|t:|1698610759\n|switch|p1a: Tauros|Tauros-Paldea-Blaze, M|100\/100\n|-ability|p1a: Tauros|Intimidate|boost\n|-unboost|p2a: vigilante|atk|1\n|move|p2a: vigilante|Ice Shard|p1a: Tauros\n|-resisted|p1a: Tauros\n|-damage|p1a: Tauros|95\/100\n|\n|-damage|p2a: vigilante|64\/100 tox|[from] psn\n|upkeep\n|turn|10\n|\n|t:|1698610782\n|switch|p2a: chainsawman|Kingambit, M|100\/100\n|move|p1a: Tauros|Close Combat|p2a: chainsawman\n|-supereffective|p2a: chainsawman\n|-crit|p2a: chainsawman\n|-damage|p2a: chainsawman|0 fnt\n|-unboost|p1a: Tauros|def|1\n|-unboost|p1a: Tauros|spd|1\n|faint|p2a: chainsawman\n|-end|p2a: chainsawman|fallenundefined|[silent]\n|\n|upkeep\n|\n|t:|1698610798\n|switch|p2a: vigilante|Mamoswine, M|64\/100 tox\n|turn|11\n|\n|t:|1698610802\n|move|p1a: Tauros|Close Combat|p2a: vigilante\n|-supereffective|p2a: vigilante\n|-damage|p2a: vigilante|0 fnt\n|-unboost|p1a: Tauros|def|1\n|-unboost|p1a: Tauros|spd|1\n|faint|p2a: vigilante\n|\n|upkeep\n|\n|t:|1698610812\n|switch|p2a: ThiCC|Azumarill, F|100\/100\n|turn|12\n|\n|t:|1698610817\n|switch|p1a: Shaymin|Shaymin|100\/100\n|move|p2a: ThiCC|Belly Drum|p2a: ThiCC\n|-damage|p2a: ThiCC|50\/100\n|-setboost|p2a: ThiCC|atk|6|[from] move: Belly Drum\n|-enditem|p2a: ThiCC|Sitrus Berry|[eat]\n|-heal|p2a: ThiCC|75\/100|[from] item: Sitrus Berry\n|\n|upkeep\n|turn|13\n|\n|t:|1698610837\n|move|p1a: Shaymin|Seed Flare|p2a: ThiCC\n|-supereffective|p2a: ThiCC\n|-damage|p2a: ThiCC|0 fnt\n|faint|p2a: ThiCC\n|\n|upkeep\n|\n|t:|1698610848\n|switch|p2a: Guacalor|Crocalor, M|100\/100\n|turn|14\n|\n|t:|1698610855\n|move|p1a: Shaymin|Earth Power|p2a: Guacalor\n|-supereffective|p2a: Guacalor\n|-damage|p2a: Guacalor|48\/100\n|move|p2a: Guacalor|Flamethrower|p1a: Shaymin\n|-supereffective|p1a: Shaymin\n|-damage|p1a: Shaymin|32\/100\n|\n|upkeep\n|turn|15\n|\n|t:|1698610869\n|-terastallize|p2a: Guacalor|Fairy\n|move|p1a: Shaymin|Earth Power|p2a: Guacalor\n|-damage|p2a: Guacalor|26\/100\n|move|p2a: Guacalor|Flamethrower|p1a: Shaymin\n|-supereffective|p1a: Shaymin\n|-damage|p1a: Shaymin|0 fnt\n|faint|p1a: Shaymin\n|\n|upkeep\n|\n|t:|1698610872\n|switch|p1a: Tinkaton|Tinkaton, F|100\/100\n|turn|16\n|\n|t:|1698610884\n|move|p1a: Tinkaton|Gigaton Hammer|p2a: Guacalor\n|-supereffective|p2a: Guacalor\n|-damage|p2a: Guacalor|0 fnt\n|faint|p2a: Guacalor\n|\n|upkeep\n|\n|t:|1698610894\n|switch|p2a: Broom|Roaring Moon|65\/100 tox\n|turn|17\n|\n|t:|1698610898\n|move|p2a: Broom|Earthquake|p1a: Tinkaton\n|-supereffective|p1a: Tinkaton\n|-damage|p1a: Tinkaton|21\/100\n|move|p1a: Tinkaton|Brick Break|p2a: Broom\n|-supereffective|p2a: Broom\n|-damage|p2a: Broom|27\/100 tox\n|\n|-heal|p1a: Tinkaton|27\/100|[from] item: Leftovers\n|-damage|p2a: Broom|21\/100 tox|[from] psn\n|upkeep\n|turn|18\n|\n|t:|1698610908\n|switch|p1a: Gliscor|Gliscor, M|75\/100 tox\n|move|p2a: Broom|Earthquake|p1a: Gliscor\n|-immune|p1a: Gliscor\n|\n|-damage|p2a: Broom|9\/100 tox|[from] psn\n|-heal|p1a: Gliscor|88\/100 tox|[from] ability: Poison Heal\n|upkeep\n|turn|19\n|\n|t:|1698610918\n|-end|p2a: Broom|Protosynthesis|[silent]\n|switch|p2a: Ballsy|Jolteon, F|100\/100\n|move|p1a: Gliscor|Substitute|p1a: Gliscor\n|-start|p1a: Gliscor|Substitute\n|-damage|p1a: Gliscor|63\/100 tox\n|\n|-heal|p1a: Gliscor|75\/100 tox|[from] ability: Poison Heal\n|upkeep\n|turn|20\n|\n|t:|1698610934\n|move|p2a: Ballsy|Shadow Ball|p1a: Gliscor\n|-activate|p1a: Gliscor|move: Substitute|[damage]\n|move|p1a: Gliscor|Toxic|p2a: Ballsy\n|-status|p2a: Ballsy|tox\n|\n|-damage|p2a: Ballsy|95\/100 tox|[from] psn\n|-heal|p1a: Gliscor|88\/100 tox|[from] ability: Poison Heal\n|upkeep\n|turn|21\n|\n|t:|1698610944\n|move|p1a: Gliscor|Protect|p1a: Gliscor\n|-singleturn|p1a: Gliscor|Protect\n|move|p2a: Ballsy|Shadow Ball|p1a: Gliscor\n|-activate|p1a: Gliscor|move: Protect\n|\n|-damage|p2a: Ballsy|83\/100 tox|[from] psn\n|-heal|p1a: Gliscor|99\/100 tox|[from] ability: Poison Heal\n|upkeep\n|turn|22\n|\n|t:|1698610957\n|move|p2a: Ballsy|Shadow Ball|p1a: Gliscor\n|-end|p1a: Gliscor|Substitute\n|move|p1a: Gliscor|Taunt|p2a: Ballsy\n|-start|p2a: Ballsy|move: Taunt\n|\n|-damage|p2a: Ballsy|65\/100 tox|[from] psn\n|-heal|p1a: Gliscor|100\/100 tox|[from] ability: Poison Heal\n|upkeep\n|turn|23\n|\n|t:|1698610969\n|move|p1a: Gliscor|Protect|p1a: Gliscor\n|-singleturn|p1a: Gliscor|Protect\n|move|p2a: Ballsy|Shadow Ball|p1a: Gliscor\n|-activate|p1a: Gliscor|move: Protect\n|\n|-damage|p2a: Ballsy|41\/100 tox|[from] psn\n|upkeep\n|turn|24\n|\n|t:|1698610978\n|move|p2a: Ballsy|Shadow Ball|p1a: Gliscor\n|-damage|p1a: Gliscor|80\/100 tox\n|-unboost|p1a: Gliscor|spd|1\n|move|p1a: Gliscor|Substitute|p1a: Gliscor\n|-start|p1a: Gliscor|Substitute\n|-damage|p1a: Gliscor|55\/100 tox\n|\n|-damage|p2a: Ballsy|12\/100 tox|[from] psn\n|-heal|p1a: Gliscor|67\/100 tox|[from] ability: Poison Heal\n|upkeep\n|turn|25\n|\n|t:|1698610989\n|move|p1a: Gliscor|Protect|p1a: Gliscor\n|-singleturn|p1a: Gliscor|Protect\n|move|p2a: Ballsy|Shadow Ball|p1a: Gliscor\n|-activate|p1a: Gliscor|move: Protect\n|\n|-damage|p2a: Ballsy|0 fnt|[from] psn\n|faint|p2a: Ballsy\n|-heal|p1a: Gliscor|80\/100 tox|[from] ability: Poison Heal\n|upkeep\n|\n|t:|1698611001\n|switch|p2a: Broom|Roaring Moon|9\/100 tox\n|turn|26\n|\n|t:|1698611008\n|move|p2a: Broom|Knock Off|p1a: Gliscor\n|-end|p1a: Gliscor|Substitute\n|move|p1a: Gliscor|Substitute|p1a: Gliscor\n|-start|p1a: Gliscor|Substitute\n|-damage|p1a: Gliscor|55\/100 tox\n|\n|-damage|p2a: Broom|3\/100 tox|[from] psn\n|-heal|p1a: Gliscor|67\/100 tox|[from] ability: Poison Heal\n|upkeep\n|turn|27\n|\n|t:|1698611017\n|move|p1a: Gliscor|Protect|p1a: Gliscor\n|-singleturn|p1a: Gliscor|Protect\n|move|p2a: Broom|Knock Off|p1a: Gliscor\n|-activate|p1a: Gliscor|move: Protect\n|\n|-damage|p2a: Broom|0 fnt|[from] psn\n|faint|p2a: Broom\n|-end|p2a: Broom|Protosynthesis|[silent]\n|\n|win|ldsedam\n|upkeep\n","uploadtime":1698611021,"views":29,"p1id":"ldsedam","p2id":"hawk1278","formatid":"gen9anythinggoes","rating":0,"private":0,"password":""}