{"id":"gen9anythinggoes-2000008862","p1":"Peyton2010","p2":"game18","format":"[Gen 9] Anything Goes","log":"|j|\u2606Peyton2010\n|j|\u2606game18\n|t:|1701140624\n|gametype|singles\n|player|p1|Peyton2010|red|1643\n|player|p2|game18|ghetsis|1679\n|teamsize|p1|6\n|teamsize|p2|6\n|gen|9\n|tier|[Gen 9] Anything Goes\n|rated|\n|rule|HP Percentage Mod: HP is shown in percentages\n|rule|Endless Battle Clause: Forcing endless battles is banned\n|clearpoke\n|poke|p1|Glimmora, M|\n|poke|p1|Spidops, M|\n|poke|p1|Calyrex-Shadow|\n|poke|p1|Regieleki|\n|poke|p1|Ogerpon-Wellspring, F|\n|poke|p1|Gholdengo|\n|poke|p2|Ting-Lu|\n|poke|p2|Arceus-Fairy|\n|poke|p2|Calyrex-Shadow|\n|poke|p2|Arceus|\n|poke|p2|Koraidon|\n|poke|p2|Toxapex, F|\n|teampreview\n|inactive|Battle timer is ON: inactive players will automatically lose when time's up. (requested by Peyton2010)\n|\n|t:|1701140644\n|start\n|switch|p1a: Spidops|Spidops, M|100\/100\n|switch|p2a: Arceus|Arceus-Fairy|100\/100\n|turn|1\n|inactive|Peyton2010 has 120 seconds left.\n|\n|t:|1701140678\n|move|p2a: Arceus|Taunt|p1a: Spidops\n|-start|p1a: Spidops|move: Taunt\n|cant|p1a: Spidops|move: Taunt|Sticky Web\n|\n|upkeep\n|turn|2\n|\n|t:|1701140682\n|switch|p1a: Gholdengo|Gholdengo|100\/100\n|move|p2a: Arceus|Judgment|p1a: Gholdengo\n|-resisted|p1a: Gholdengo\n|-damage|p1a: Gholdengo|74\/100\n|\n|upkeep\n|turn|3\n|inactive|game18 has 120 seconds left.\n|\n|t:|1701140713\n|switch|p2a: Koraidon|Koraidon|100\/100\n|-weather|SunnyDay|[from] ability: Orichalcum Pulse|[of] p2a: Koraidon\n|-activate|p2a: Koraidon|Orichalcum Pulse|[source]\n|move|p1a: Gholdengo|Make It Rain|p2a: Koraidon\n|-crit|p2a: Koraidon\n|-damage|p2a: Koraidon|11\/100\n|-unboost|p1a: Gholdengo|spa|1\n|\n|-weather|SunnyDay|[upkeep]\n|upkeep\n|turn|4\n|inactive|game18 has 120 seconds left.\n|\n|t:|1701140724\n|move|p2a: Koraidon|Flare Blitz|p1a: Gholdengo\n|-supereffective|p1a: Gholdengo\n|-damage|p1a: Gholdengo|0 fnt\n|faint|p1a: Gholdengo\n|-damage|p2a: Koraidon|0 fnt|[from] Recoil\n|faint|p2a: Koraidon\n|\n|-weather|SunnyDay|[upkeep]\n|upkeep\n|\n|t:|1701140734\n|switch|p2a: Arceus|Arceus-Fairy|100\/100\n|switch|p1a: Glimmora|Glimmora, M|100\/100\n|turn|5\n|\n|t:|1701140739\n|switch|p1a: Regieleki|Regieleki|100\/100\n|move|p2a: Arceus|Taunt|p1a: Regieleki\n|-start|p1a: Regieleki|move: Taunt\n|\n|-weather|SunnyDay|[upkeep]\n|upkeep\n|turn|6\n|\n|t:|1701140752\n|move|p1a: Regieleki|Thunderbolt|p2a: Arceus\n|-damage|p2a: Arceus|65\/100\n|move|p2a: Arceus|Judgment|p1a: Regieleki\n|-damage|p1a: Regieleki|3\/100\n|\n|-weather|SunnyDay|[upkeep]\n|upkeep\n|turn|7\n|\n|t:|1701140759\n|move|p1a: Regieleki|Thunderbolt|p2a: Arceus\n|-damage|p2a: Arceus|33\/100\n|move|p2a: Arceus|Recover|p2a: Arceus\n|-heal|p2a: Arceus|83\/100\n|\n|-weather|none\n|-end|p1a: Regieleki|move: Taunt\n|upkeep\n|turn|8\n|\n|t:|1701140766\n|move|p1a: Regieleki|Thunderbolt|p2a: Arceus\n|-damage|p2a: Arceus|50\/100\n|move|p2a: Arceus|Judgment|p1a: Regieleki\n|-damage|p1a: Regieleki|0 fnt\n|faint|p1a: Regieleki\n|\n|upkeep\n|\n|t:|1701140772\n|switch|p1a: Ogerpon|Ogerpon-Wellspring, F|100\/100\n|turn|9\n|\n|t:|1701140786\n|move|p2a: Arceus|Judgment|p1a: Ogerpon\n|-damage|p1a: Ogerpon|58\/100\n|move|p1a: Ogerpon|Ivy Cudgel|p2a: Arceus|[anim] Ivy Cudgel Water\n|-damage|p2a: Arceus|13\/100\n|\n|upkeep\n|turn|10\n|\n|t:|1701140793\n|move|p2a: Arceus|Recover|p2a: Arceus\n|-heal|p2a: Arceus|63\/100\n|move|p1a: Ogerpon|Horn Leech|p2a: Arceus\n|-damage|p2a: Arceus|36\/100\n|-heal|p1a: Ogerpon|74\/100|[from] drain|[of] p2a: Arceus\n|\n|upkeep\n|turn|11\n|\n|t:|1701140800\n|move|p2a: Arceus|Recover|p2a: Arceus\n|-heal|p2a: Arceus|86\/100\n|move|p1a: Ogerpon|Swords Dance|p1a: Ogerpon\n|-boost|p1a: Ogerpon|atk|2\n|\n|upkeep\n|turn|12\n|\n|t:|1701140807\n|switch|p2a: Toxapex|Toxapex, F|100\/100\n|move|p1a: Ogerpon|Ivy Cudgel|p2a: Toxapex|[anim] Ivy Cudgel Water\n|-resisted|p2a: Toxapex\n|-damage|p2a: Toxapex|71\/100\n|\n|upkeep\n|turn|13\n|\n|t:|1701140815\n|switch|p1a: Glimmora|Glimmora, M|100\/100\n|move|p2a: Toxapex|Haze|p2a: Toxapex\n|-clearallboost\n|\n|upkeep\n|turn|14\n|\n|t:|1701140830\n|switch|p2a: Calyrex|Calyrex-Shadow|100\/100\n|-ability|p2a: Calyrex|As One\n|-ability|p2a: Calyrex|Unnerve\n|move|p1a: Glimmora|Stealth Rock|p2a: Calyrex\n|-sidestart|p2: game18|move: Stealth Rock\n|\n|upkeep\n|turn|15\n|\n|t:|1701140841\n|move|p2a: Calyrex|Astral Barrage|p1a: Glimmora\n|-damage|p1a: Glimmora|43\/100\n|move|p1a: Glimmora|Mortal Spin|p2a: Calyrex\n|-resisted|p2a: Calyrex\n|-damage|p2a: Calyrex|96\/100\n|-status|p2a: Calyrex|psn\n|\n|-damage|p2a: Calyrex|84\/100 psn|[from] psn\n|upkeep\n|turn|16\n|\n|t:|1701140847\n|move|p2a: Calyrex|Astral Barrage|p1a: Glimmora\n|-damage|p1a: Glimmora|0 fnt\n|faint|p1a: Glimmora\n|-ability|p2a: Calyrex|Grim Neigh|boost\n|-boost|p2a: Calyrex|spa|1\n|\n|-damage|p2a: Calyrex|72\/100 psn|[from] psn\n|upkeep\n|\n|t:|1701140850\n|switch|p1a: Spidops|Spidops, M|100\/100\n|turn|17\n|\n|t:|1701140858\n|move|p2a: Calyrex|Astral Barrage|p1a: Spidops\n|-damage|p1a: Spidops|3\/100\n|move|p1a: Spidops|Sticky Web|p2a: Calyrex\n|-sidestart|p2: game18|move: Sticky Web\n|\n|-damage|p2a: Calyrex|59\/100 psn|[from] psn\n|upkeep\n|turn|18\n|\n|t:|1701140867\n|move|p2a: Calyrex|Astral Barrage|p1a: Spidops\n|-crit|p1a: Spidops\n|-damage|p1a: Spidops|0 fnt\n|faint|p1a: Spidops\n|-ability|p2a: Calyrex|Grim Neigh|boost\n|-boost|p2a: Calyrex|spa|1\n|\n|-damage|p2a: Calyrex|47\/100 psn|[from] psn\n|upkeep\n|\n|t:|1701140879\n|switch|p1a: Calyrex|Calyrex-Shadow|100\/100\n|-ability|p1a: Calyrex|As One\n|-ability|p1a: Calyrex|Unnerve\n|turn|19\n|\n|t:|1701140887\n|switch|p2a: Ting-Lu|Ting-Lu|100\/100\n|-damage|p2a: Ting-Lu|94\/100|[from] Stealth Rock\n|-activate|p2a: Ting-Lu|move: Sticky Web\n|-unboost|p2a: Ting-Lu|spe|1\n|-ability|p2a: Ting-Lu|Vessel of Ruin\n|move|p1a: Calyrex|Astral Barrage|p2a: Ting-Lu\n|-resisted|p2a: Ting-Lu\n|-damage|p2a: Ting-Lu|80\/100\n|\n|-heal|p2a: Ting-Lu|86\/100|[from] item: Leftovers\n|upkeep\n|turn|20\n|\n|t:|1701140901\n|switch|p1a: Ogerpon|Ogerpon-Wellspring, F|74\/100\n|move|p2a: Ting-Lu|Payback|p1a: Ogerpon\n|-damage|p1a: Ogerpon|55\/100\n|\n|-heal|p2a: Ting-Lu|92\/100|[from] item: Leftovers\n|upkeep\n|turn|21\n|\n|t:|1701140911\n|switch|p2a: Arceus|Arceus-Fairy|86\/100\n|-damage|p2a: Arceus|74\/100|[from] Stealth Rock\n|-activate|p2a: Arceus|move: Sticky Web\n|-unboost|p2a: Arceus|spe|1\n|move|p1a: Ogerpon|Swords Dance|p1a: Ogerpon\n|-boost|p1a: Ogerpon|atk|2\n|\n|upkeep\n|turn|22\n|\n|t:|1701140920\n|-terastallize|p1a: Ogerpon|Water\n|detailschange|p1a: Ogerpon|Ogerpon-Wellspring-Tera, F, tera:Water\n|-ability|p1a: Ogerpon|Embody Aspect (Wellspring)|boost\n|-boost|p1a: Ogerpon|spd|1\n|move|p1a: Ogerpon|Horn Leech|p2a: Arceus\n|-damage|p2a: Arceus|22\/100\n|-heal|p1a: Ogerpon|86\/100|[from] drain|[of] p2a: Arceus\n|move|p2a: Arceus|Judgment|p1a: Ogerpon\n|-damage|p1a: Ogerpon|54\/100\n|\n|upkeep\n|turn|23\n|\n|t:|1701140930\n|move|p1a: Ogerpon|Horn Leech|p2a: Arceus\n|-damage|p2a: Arceus|0 fnt\n|-heal|p1a: Ogerpon|68\/100|[from] drain|[of] p2a: Arceus\n|faint|p2a: Arceus\n|\n|upkeep\n|\n|t:|1701140935\n|switch|p2a: Calyrex|Calyrex-Shadow|47\/100 psn\n|-ability|p2a: Calyrex|As One\n|-ability|p2a: Calyrex|Unnerve\n|-damage|p2a: Calyrex|35\/100 psn|[from] Stealth Rock\n|-activate|p2a: Calyrex|move: Sticky Web\n|-unboost|p2a: Calyrex|spe|1\n|turn|24\n|\n|t:|1701140951\n|move|p2a: Calyrex|Psyshock|p1a: Ogerpon\n|-damage|p1a: Ogerpon|16\/100\n|move|p1a: Ogerpon|Horn Leech|p2a: Calyrex\n|-damage|p2a: Calyrex|0 fnt\n|-heal|p1a: Ogerpon|32\/100|[from] drain|[of] p2a: Calyrex\n|faint|p2a: Calyrex\n|\n|upkeep\n|\n|t:|1701140956\n|switch|p2a: Arceus|Arceus|100\/100\n|turn|25\n|\n|t:|1701140962\n|switch|p1a: Calyrex|Calyrex-Shadow|100\/100\n|-ability|p1a: Calyrex|As One\n|-ability|p1a: Calyrex|Unnerve\n|move|p2a: Arceus|Extreme Speed|p1a: Calyrex\n|-immune|p1a: Calyrex\n|\n|upkeep\n|turn|26\n|\n|t:|1701140970\n|move|p1a: Calyrex|Psyshock|p2a: Arceus\n|-crit|p2a: Arceus\n|-damage|p2a: Arceus|50\/100\n|move|p2a: Arceus|Shadow Claw|p1a: Calyrex\n|-supereffective|p1a: Calyrex\n|-enditem|p1a: Calyrex|Focus Sash\n|-damage|p1a: Calyrex|1\/100\n|\n|upkeep\n|turn|27\n|\n|t:|1701140978\n|move|p1a: Calyrex|Psyshock|p2a: Arceus\n|-damage|p2a: Arceus|15\/100\n|move|p2a: Arceus|Shadow Claw|p1a: Calyrex\n|-supereffective|p1a: Calyrex\n|-damage|p1a: Calyrex|0 fnt\n|faint|p1a: Calyrex\n|\n|upkeep\n|\n|t:|1701140982\n|switch|p1a: Ogerpon|Ogerpon-Wellspring-Tera, F, tera:Water|32\/100\n|-ability|p1a: Ogerpon|Embody Aspect (Wellspring)|boost\n|-boost|p1a: Ogerpon|spd|1\n|turn|28\n|\n|t:|1701140988\n|move|p2a: Arceus|Extreme Speed|p1a: Ogerpon\n|-damage|p1a: Ogerpon|0 fnt\n|faint|p1a: Ogerpon\n|\n|win|game18\n|raw|Peyton2010's rating: 1643 &rarr; <strong>1625<\/strong><br \/>(-18 for losing)\n|raw|game18's rating: 1679 &rarr; <strong>1697<\/strong><br \/>(+18 for winning)\n|l|\u2606Peyton2010\n","uploadtime":1701141003,"views":0,"p1id":"peyton2010","p2id":"game18","formatid":"gen9anythinggoes","rating":1625,"private":0,"password":""}