{"id":"gen9anythinggoes-1976775420","p1":"MrMimeIsMrKetchum","p2":"Taiyo no Tamago","format":"[Gen 9] Anything Goes","log":"|j|\u2606MrMimeIsMrKetchum\n|j|\u2606Taiyo no Tamago\n|t:|1698340393\n|gametype|singles\n|player|p1|MrMimeIsMrKetchum|swimmerf-gen4|1175\n|player|p2|Taiyo no Tamago|2|1105\n|teamsize|p1|6\n|teamsize|p2|6\n|gen|9\n|tier|[Gen 9] Anything Goes\n|rated|\n|rule|HP Percentage Mod: HP is shown in percentages\n|rule|Endless Battle Clause: Forcing endless battles is banned\n|clearpoke\n|poke|p1|Hatterene, F|\n|poke|p1|Glimmora, F|\n|poke|p1|Dugtrio, F|\n|poke|p1|Dugtrio, F|\n|poke|p1|Dugtrio, F|\n|poke|p1|Scovillain, F|\n|poke|p2|Urshifu-*, M|\n|poke|p2|Gholdengo|\n|poke|p2|Arcanine, F|\n|poke|p2|Calyrex-Ice|\n|poke|p2|Ting-Lu|\n|poke|p2|Annihilape, F|\n|teampreview\n|inactive|Battle timer is ON: inactive players will automatically lose when time's up. (requested by MrMimeIsMrKetchum)\n|\n|t:|1698340424\n|start\n|switch|p1a: Glimmora|Glimmora, F, shiny|100\/100\n|switch|p2a: Annihilape|Annihilape, F|100\/100\n|turn|1\n|c|\u2606Taiyo no Tamago|die bitch\n|\n|t:|1698340436\n|move|p2a: Annihilape|Final Gambit|p1a: Glimmora\n|-enditem|p1a: Glimmora|Focus Sash\n|-damage|p1a: Glimmora|1\/100\n|faint|p2a: Annihilape\n|move|p1a: Glimmora|Toxic Spikes|p2: Annihilape\n|-sidestart|p2: Taiyo no Tamago|move: Toxic Spikes\n|\n|upkeep\n|j|@aQrator@!\n|\n|t:|1698340446\n|switch|p2a: Urshifu|Urshifu-Rapid-Strike, M|100\/100\n|-status|p2a: Urshifu|psn\n|turn|2\n|c|\u2606Taiyo no Tamago|nvm\n|l|@aQrator\n|c|\u2606MrMimeIsMrKetchum|were you talking to your annihilape? :P\n|c|\u2606Taiyo no Tamago|lol\n|c|\u2606Taiyo no Tamago|no\n|\n|t:|1698340466\n|move|p2a: Urshifu|Aqua Jet|p1a: Glimmora\n|-supereffective|p1a: Glimmora\n|-damage|p1a: Glimmora|0 fnt\n|-activate|p1a: Glimmora|ability: Toxic Debris\n|-sidestart|p2: Taiyo no Tamago|move: Toxic Spikes\n|faint|p1a: Glimmora\n|\n|-damage|p2a: Urshifu|88\/100 psn|[from] psn\n|upkeep\n|c|\u2606Taiyo no Tamago|i hate hazards\n|inactive|MrMimeIsMrKetchum has 120 seconds left.\n|\n|t:|1698340483\n|switch|p1a: Hatterene|Hatterene, F, shiny|100\/100\n|turn|3\n|inactive|MrMimeIsMrKetchum has 120 seconds left.\n|\n|t:|1698340506\n|switch|p2a: Gholdengo|Gholdengo, shiny|100\/100\n|move|p1a: Hatterene|Reflect|p1a: Hatterene\n|-sidestart|p1: MrMimeIsMrKetchum|Reflect\n|\n|upkeep\n|turn|4\n|\n|t:|1698340516\n|move|p2a: Gholdengo|Thunder Wave|p1a: Hatterene\n|move|p1a: Hatterene|Thunder Wave|p2a: Gholdengo|[from]ability: Magic Bounce\n|-immune|p2a: Gholdengo|[from] ability: Good as Gold\n|move|p1a: Hatterene|Magic Powder|p2a: Gholdengo\n|-immune|p2a: Gholdengo|[from] ability: Good as Gold\n|\n|upkeep\n|turn|5\n|inactive|MrMimeIsMrKetchum has 120 seconds left.\n|\n|t:|1698340526\n|move|p2a: Gholdengo|Make It Rain|p1a: Hatterene\n|-supereffective|p1a: Hatterene\n|-damage|p1a: Hatterene|0 fnt\n|-unboost|p2a: Gholdengo|spa|1\n|faint|p1a: Hatterene\n|\n|upkeep\n|inactive|MrMimeIsMrKetchum has 120 seconds left.\n|\n|t:|1698340536\n|switch|p1a: Dugtrio|Dugtrio, F, shiny|100\/100\n|turn|6\n|inactive|Taiyo no Tamago has 120 seconds left.\n|inactive|Taiyo no Tamago has 90 seconds left.\n|\n|t:|1698340622\n|-terastallize|p2a: Gholdengo|Water\n|move|p2a: Gholdengo|Tera Blast|p1a: Dugtrio|[anim] Tera Blast Water\n|-supereffective|p1a: Dugtrio\n|-damage|p1a: Dugtrio|24\/100\n|move|p1a: Dugtrio|Substitute|p1a: Dugtrio\n|-fail|p1a: Dugtrio|move: Substitute|[weak]\n|\n|-heal|p1a: Dugtrio|30\/100|[from] item: Leftovers\n|upkeep\n|turn|7\n|inactive|MrMimeIsMrKetchum has 120 seconds left.\n|\n|t:|1698340643\n|move|p1a: Dugtrio|Protect|p1a: Dugtrio\n|-singleturn|p1a: Dugtrio|Protect\n|move|p2a: Gholdengo|Tera Blast|p1a: Dugtrio|[anim] Tera Blast Water\n|-activate|p1a: Dugtrio|move: Protect\n|\n|-heal|p1a: Dugtrio|36\/100|[from] item: Leftovers\n|upkeep\n|turn|8\n|inactive|MrMimeIsMrKetchum has 120 seconds left.\n|inactive|Taiyo no Tamago has 60 seconds left.\n|inactive|Taiyo no Tamago has 30 seconds left.\n|\n|t:|1698340695\n|switch|p1a: Scovillain|Scovillain, F, shiny|100\/100\n|move|p2a: Gholdengo|Tera Blast|p1a: Scovillain|[anim] Tera Blast Water\n|-damage|p1a: Scovillain|60\/100\n|\n|-heal|p1a: Scovillain|66\/100|[from] item: Leftovers\n|-ability|p1a: Scovillain|Moody|boost\n|-boost|p1a: Scovillain|def|2\n|-unboost|p1a: Scovillain|atk|1\n|upkeep\n|turn|9\n|inactive|Taiyo no Tamago has 30 seconds left.\n|\n|t:|1698340711\n|move|p2a: Gholdengo|Thunder Wave|p1a: Scovillain\n|-status|p1a: Scovillain|par\n|move|p1a: Scovillain|Substitute|p1a: Scovillain\n|-start|p1a: Scovillain|Substitute\n|-damage|p1a: Scovillain|41\/100 par\n|\n|-heal|p1a: Scovillain|47\/100 par|[from] item: Leftovers\n|-ability|p1a: Scovillain|Moody|boost\n|-boost|p1a: Scovillain|atk|2\n|-unboost|p1a: Scovillain|spe|1\n|upkeep\n|turn|10\n|inactive|Taiyo no Tamago has 30 seconds left.\n|\n|t:|1698340721\n|cant|p1a: Scovillain|par\n|move|p2a: Gholdengo|Hex|p1a: Scovillain\n|-end|p1a: Scovillain|Substitute\n|\n|-heal|p1a: Scovillain|53\/100 par|[from] item: Leftovers\n|-sideend|p1: MrMimeIsMrKetchum|Reflect\n|-ability|p1a: Scovillain|Moody|boost\n|-boost|p1a: Scovillain|def|2\n|-unboost|p1a: Scovillain|spd|1\n|upkeep\n|turn|11\n|\n|t:|1698340730\n|move|p1a: Scovillain|Protect|p1a: Scovillain\n|-singleturn|p1a: Scovillain|Protect\n|move|p2a: Gholdengo|Hex|p1a: Scovillain\n|-activate|p1a: Scovillain|move: Protect\n|\n|-heal|p1a: Scovillain|59\/100 par|[from] item: Leftovers\n|-ability|p1a: Scovillain|Moody|boost\n|-boost|p1a: Scovillain|def|2\n|-unboost|p1a: Scovillain|spe|1\n|upkeep\n|turn|12\n|\n|t:|1698340740\n|cant|p1a: Scovillain|par\n|move|p2a: Gholdengo|Hex|p1a: Scovillain\n|-damage|p1a: Scovillain|0 fnt\n|faint|p1a: Scovillain\n|\n|upkeep\n|c|\u2606MrMimeIsMrKetchum|gg\n|c|\u2606Taiyo no Tamago|lol\n|-message|MrMimeIsMrKetchum forfeited.\n|\n|win|Taiyo no Tamago\n|raw|MrMimeIsMrKetchum's rating: 1175 &rarr; <strong>1145<\/strong><br \/>(-30 for losing)\n|raw|Taiyo no Tamago's rating: 1105 &rarr; <strong>1135<\/strong><br \/>(+30 for winning)\n|l|\u2606MrMimeIsMrKetchum\n","uploadtime":1698340433,"views":7,"p1id":"mrmimeismrketchum","p2id":"taiyonotamago","formatid":"gen9anythinggoes","rating":1135,"private":0,"password":""}