{"id":"gen9anythinggoes-1974889838","p1":"AGisgood\u82cd\u54cd\u4fa0","p2":"Dr0ak","format":"[Gen 9] Anything Goes","log":"|j|\u2606AGisgood\u82cd\u54cd\u4fa0\n|j|\u2606Dr0ak\n|t:|1698140538\n|gametype|singles\n|player|p1|AGisgood\u82cd\u54cd\u4fa0|cynthia-masters|1807\n|player|p2|Dr0ak|preschooler|1643\n|teamsize|p1|6\n|teamsize|p2|6\n|gen|9\n|tier|[Gen 9] Anything Goes\n|rated|\n|rule|HP Percentage Mod: HP is shown in percentages\n|rule|Endless Battle Clause: Forcing endless battles is banned\n|clearpoke\n|poke|p1|Calyrex-Ice|\n|poke|p1|Arceus|\n|poke|p1|Arceus-Grass|\n|poke|p1|Koraidon|\n|poke|p1|Rayquaza|\n|poke|p1|Ursaluna-Bloodmoon, M|\n|poke|p2|Arceus|\n|poke|p2|Koraidon|\n|poke|p2|Calyrex-Shadow|\n|poke|p2|Zacian-*|\n|poke|p2|Landorus-Therian, M|\n|poke|p2|Ting-Lu|\n|teampreview\n|inactive|Battle timer is ON: inactive players will automatically lose when time's up. (requested by AGisgood\u82cd\u54cd\u4fa0)\n|inactive|Dr0ak also wants the timer to be on.\n|c|\u2606AGisgood\u82cd\u54cd\u4fa0|glhf\n|\n|t:|1698140557\n|start\n|switch|p1a: Rayquaza|Rayquaza|100\/100\n|switch|p2a: Koraidon|Koraidon|100\/100\n|-weather|SunnyDay|[from] ability: Orichalcum Pulse|[of] p2a: Koraidon\n|-activate|p2a: Koraidon|Orichalcum Pulse|[source]\n|-ability|p1a: Rayquaza|Air Lock\n|turn|1\n|\n|t:|1698140567\n|move|p2a: Koraidon|U-turn|p1a: Rayquaza\n|-resisted|p1a: Rayquaza\n|-damage|p1a: Rayquaza|87\/100\n|\n|t:|1698140576\n|switch|p2a: Landorus|Landorus-Therian, M, shiny|100\/100|[from] U-turn\n|-ability|p2a: Landorus|Intimidate|boost\n|-unboost|p1a: Rayquaza|atk|1\n|move|p1a: Rayquaza|Stealth Rock|p2a: Landorus\n|-sidestart|p2: Dr0ak|move: Stealth Rock\n|\n|-weather|SunnyDay|[upkeep]\n|upkeep\n|turn|2\n|\n|t:|1698140597\n|move|p1a: Rayquaza|Dragon Ascent|p2a: Landorus\n|-damage|p2a: Landorus|64\/100\n|-unboost|p1a: Rayquaza|def|1\n|-unboost|p1a: Rayquaza|spd|1\n|-damage|p1a: Rayquaza|71\/100|[from] item: Rocky Helmet|[of] p2a: Landorus\n|move|p2a: Landorus|Stealth Rock|p1a: Rayquaza\n|-sidestart|p1: AGisgood\u82cd\u54cd\u4fa0|move: Stealth Rock\n|\n|-weather|SunnyDay|[upkeep]\n|upkeep\n|turn|3\n|\n|t:|1698140620\n|move|p1a: Rayquaza|Dragon Ascent|p2a: Landorus\n|-crit|p2a: Landorus\n|-damage|p2a: Landorus|0 fnt\n|-unboost|p1a: Rayquaza|def|1\n|-unboost|p1a: Rayquaza|spd|1\n|-damage|p1a: Rayquaza|54\/100|[from] item: Rocky Helmet|[of] p2a: Landorus\n|faint|p2a: Landorus\n|\n|-weather|SunnyDay|[upkeep]\n|upkeep\n|inactive|Dr0ak has 120 seconds left.\n|\n|t:|1698140657\n|switch|p2a: Arceus|Arceus|100\/100\n|-damage|p2a: Arceus|88\/100|[from] Stealth Rock\n|turn|4\n|\n|t:|1698140667\n|move|p2a: Arceus|Swords Dance|p2a: Arceus\n|-boost|p2a: Arceus|atk|2\n|move|p1a: Rayquaza|Dragon Ascent|p2a: Arceus\n|-damage|p2a: Arceus|52\/100\n|-unboost|p1a: Rayquaza|def|1\n|-unboost|p1a: Rayquaza|spd|1\n|\n|-weather|SunnyDay|[upkeep]\n|-heal|p2a: Arceus|58\/100|[from] item: Leftovers\n|upkeep\n|turn|5\n|\n|t:|1698140690\n|-terastallize|p1a: Rayquaza|Flying\n|move|p2a: Arceus|Swords Dance|p2a: Arceus\n|-boost|p2a: Arceus|atk|2\n|move|p1a: Rayquaza|Dragon Ascent|p2a: Arceus\n|-damage|p2a: Arceus|8\/100\n|-unboost|p1a: Rayquaza|def|1\n|-unboost|p1a: Rayquaza|spd|1\n|\n|-weather|none\n|-heal|p2a: Arceus|14\/100|[from] item: Leftovers\n|upkeep\n|turn|6\n|\n|t:|1698140703\n|move|p2a: Arceus|Extreme Speed|p1a: Rayquaza\n|-damage|p1a: Rayquaza|0 fnt\n|faint|p1a: Rayquaza\n|\n|-heal|p2a: Arceus|20\/100|[from] item: Leftovers\n|upkeep\n|l|\u2606Dr0ak\n|inactive|Dr0ak disconnected and has a minute to reconnect!\n|player|p2|\n|\n|t:|1698140712\n|switch|p1a: Arceus|Arceus|100\/100\n|-damage|p1a: Arceus|88\/100|[from] Stealth Rock\n|turn|7\n|j|\u2606Dr0ak\n|inactive|Dr0ak reconnected and has 100 seconds left.\n|player|p2|Dr0ak|preschooler\n|inactive|Dr0ak has 90 seconds left.\n|\n|t:|1698140741\n|-terastallize|p2a: Arceus|Ghost\n|move|p2a: Arceus|Extreme Speed|p1a: Arceus\n|-damage|p1a: Arceus|24\/100\n|move|p1a: Arceus|Extreme Speed|p2a: Arceus\n|-immune|p2a: Arceus\n|\n|-heal|p2a: Arceus|26\/100|[from] item: Leftovers\n|upkeep\n|turn|8\n|inactive|Dr0ak has 90 seconds left.\n|\n|t:|1698140754\n|move|p2a: Arceus|Extreme Speed|p1a: Arceus\n|-damage|p1a: Arceus|0 fnt\n|faint|p1a: Arceus\n|\n|-heal|p2a: Arceus|32\/100|[from] item: Leftovers\n|upkeep\n|\n|t:|1698140758\n|switch|p1a: Calyrex|Calyrex-Ice|100\/100\n|-ability|p1a: Calyrex|As One\n|-ability|p1a: Calyrex|Unnerve\n|-damage|p1a: Calyrex|76\/100|[from] Stealth Rock\n|turn|9\n|-message|AGisgood\u82cd\u54cd\u4fa0 forfeited.\n|\n|win|Dr0ak\n|raw|AGisgood\u82cd\u54cd\u4fa0's rating: 1807 &rarr; <strong>1778<\/strong><br \/>(-29 for losing)\n|raw|Dr0ak's rating: 1643 &rarr; <strong>1672<\/strong><br \/>(+29 for winning)\n|l|\u2606AGisgood\u82cd\u54cd\u4fa0\n","uploadtime":1698140785,"views":11,"p1id":"agisgood","p2id":"dr0ak","formatid":"gen9anythinggoes","rating":1672,"private":0,"password":""}