{"id":"gen9anythinggoes-1995297719","p1":"CroissantCraver","p2":"figggy7","format":"[Gen 9] Anything Goes","log":"|j|\u2606CroissantCraver\n|j|\u2606figggy7\n|t:|1700549106\n|gametype|singles\n|player|p1|CroissantCraver|266|1171\n|player|p2|figggy7|wattson|1117\n|teamsize|p1|6\n|teamsize|p2|6\n|gen|9\n|tier|[Gen 9] Anything Goes\n|rated|\n|rule|HP Percentage Mod: HP is shown in percentages\n|rule|Endless Battle Clause: Forcing endless battles is banned\n|clearpoke\n|poke|p1|Venomoth, F|\n|poke|p1|Breloom, M|\n|poke|p1|Armarouge, F|\n|poke|p1|Venomoth, F|\n|poke|p1|Cloyster, M|\n|poke|p1|Haxorus, F|\n|poke|p2|Annihilape, F|\n|poke|p2|Ninetales-Alola, F|\n|poke|p2|Iron Moth|\n|poke|p2|Tatsugiri, M|\n|poke|p2|Ting-Lu|\n|poke|p2|Beartic, F|\n|teampreview\n|\n|t:|1700549116\n|start\n|switch|p1a: Venomoth|Venomoth, F|100\/100\n|switch|p2a: Ahri|Ninetales-Alola, F, shiny|100\/100\n|-weather|Snow|[from] ability: Snow Warning|[of] p2a: Ahri\n|turn|1\n|\n|t:|1700549124\n|move|p2a: Ahri|Aurora Veil|p2a: Ahri\n|-sidestart|p2: figggy7|move: Aurora Veil\n|move|p1a: Venomoth|Sleep Powder|p2a: Ahri\n|-status|p2a: Ahri|slp|[from] move: Sleep Powder\n|\n|-weather|Snow|[upkeep]\n|upkeep\n|turn|2\n|\n|t:|1700549138\n|switch|p2a: Volcarona|Iron Moth|100\/100\n|-enditem|p2a: Volcarona|Booster Energy\n|-activate|p2a: Volcarona|ability: Quark Drive|[fromitem]\n|-start|p2a: Volcarona|quarkdrivespa\n|move|p1a: Venomoth|Quiver Dance|p1a: Venomoth\n|-boost|p1a: Venomoth|spa|1\n|-boost|p1a: Venomoth|spd|1\n|-boost|p1a: Venomoth|spe|1\n|\n|-weather|Snow|[upkeep]\n|upkeep\n|turn|3\n|\n|t:|1700549151\n|move|p1a: Venomoth|Sleep Powder|p2a: Volcarona\n|-status|p2a: Volcarona|slp|[from] move: Sleep Powder\n|cant|p2a: Volcarona|slp\n|\n|-weather|Snow|[upkeep]\n|upkeep\n|turn|4\n|\n|t:|1700549158\n|move|p1a: Venomoth|Quiver Dance|p1a: Venomoth\n|-boost|p1a: Venomoth|spa|1\n|-boost|p1a: Venomoth|spd|1\n|-boost|p1a: Venomoth|spe|1\n|cant|p2a: Volcarona|slp\n|\n|-weather|Snow|[upkeep]\n|upkeep\n|turn|5\n|\n|t:|1700549165\n|move|p1a: Venomoth|Quiver Dance|p1a: Venomoth\n|-boost|p1a: Venomoth|spa|1\n|-boost|p1a: Venomoth|spd|1\n|-boost|p1a: Venomoth|spe|1\n|-curestatus|p2a: Volcarona|slp|[msg]\n|move|p2a: Volcarona|Fiery Dance|p1a: Venomoth\n|-supereffective|p1a: Venomoth\n|-damage|p1a: Venomoth|42\/100\n|-boost|p2a: Volcarona|spa|1\n|\n|-weather|none\n|upkeep\n|turn|6\n|\n|t:|1700549175\n|move|p1a: Venomoth|Baton Pass|p1a: Venomoth\n|\n|t:|1700549176\n|switch|p1a: Armarouge|Armarouge, F|100\/100|[from] Baton Pass\n|move|p2a: Volcarona|Fiery Dance|p1a: Armarouge\n|-start|p1a: Armarouge|ability: Flash Fire\n|\n|upkeep\n|turn|7\n|\n|t:|1700549186\n|move|p1a: Armarouge|Stored Power|p2a: Volcarona\n|-supereffective|p2a: Volcarona\n|-damage|p2a: Volcarona|0 fnt\n|faint|p2a: Volcarona\n|-end|p2a: Volcarona|Quark Drive|[silent]\n|\n|upkeep\n|\n|t:|1700549189\n|switch|p2a: Ting Ting|Ting-Lu|100\/100\n|-ability|p2a: Ting Ting|Vessel of Ruin\n|turn|8\n|\n|t:|1700549199\n|move|p1a: Armarouge|Fire Blast|p2a: Ting Ting\n|-damage|p2a: Ting Ting|48\/100\n|move|p2a: Ting Ting|Whirlwind|p1a: Armarouge\n|-end|p1a: Armarouge|ability: Flash Fire|[silent]\n|drag|p1a: Venomoth|Venomoth, F|42\/100\n|\n|-heal|p2a: Ting Ting|54\/100|[from] item: Leftovers\n|-sideend|p2: figggy7|move: Aurora Veil\n|upkeep\n|turn|9\n|\n|t:|1700549208\n|move|p1a: Venomoth|Sleep Powder|p2a: Ting Ting\n|-status|p2a: Ting Ting|slp|[from] move: Sleep Powder\n|cant|p2a: Ting Ting|slp\n|\n|-heal|p2a: Ting Ting|60\/100 slp|[from] item: Leftovers\n|upkeep\n|turn|10\n|\n|t:|1700549215\n|move|p1a: Venomoth|Quiver Dance|p1a: Venomoth\n|-boost|p1a: Venomoth|spa|1\n|-boost|p1a: Venomoth|spd|1\n|-boost|p1a: Venomoth|spe|1\n|-curestatus|p2a: Ting Ting|slp|[msg]\n|move|p2a: Ting Ting|Earthquake|p1a: Venomoth\n|-damage|p1a: Venomoth|0 fnt\n|faint|p1a: Venomoth\n|\n|-heal|p2a: Ting Ting|66\/100|[from] item: Leftovers\n|upkeep\n|c|\u2606CroissantCraver|unlucky\n|c|\u2606figggy7|cringe\n|\n|t:|1700549229\n|switch|p1a: Cloyster|Cloyster, M|100\/100\n|turn|11\n|c|\u2606CroissantCraver|krill ys\n|\n|t:|1700549241\n|switch|p2a: Ahri|Ninetales-Alola, F, shiny|100\/100 slp\n|-weather|Snow|[from] ability: Snow Warning|[of] p2a: Ahri\n|move|p1a: Cloyster|Shell Smash|p1a: Cloyster\n|-unboost|p1a: Cloyster|def|1\n|-unboost|p1a: Cloyster|spd|1\n|-boost|p1a: Cloyster|atk|2\n|-boost|p1a: Cloyster|spa|2\n|-boost|p1a: Cloyster|spe|2\n|-enditem|p1a: Cloyster|White Herb\n|-clearnegativeboost|p1a: Cloyster|[silent]\n|\n|-weather|Snow|[upkeep]\n|upkeep\n|turn|12\n|inactive|Battle timer is ON: inactive players will automatically lose when time's up. (requested by CroissantCraver)\n|\n|t:|1700549297\n|-terastallize|p1a: Cloyster|Ice\n|move|p1a: Cloyster|Shell Smash|p1a: Cloyster\n|-unboost|p1a: Cloyster|def|1\n|-unboost|p1a: Cloyster|spd|1\n|-boost|p1a: Cloyster|atk|2\n|-boost|p1a: Cloyster|spa|2\n|-boost|p1a: Cloyster|spe|2\n|cant|p2a: Ahri|slp\n|\n|-weather|Snow|[upkeep]\n|upkeep\n|turn|13\n|\n|t:|1700549308\n|move|p1a: Cloyster|Shell Smash|p1a: Cloyster\n|-unboost|p1a: Cloyster|def|1\n|-unboost|p1a: Cloyster|spd|1\n|-boost|p1a: Cloyster|atk|2\n|-boost|p1a: Cloyster|spa|2\n|-boost|p1a: Cloyster|spe|2\n|cant|p2a: Ahri|slp\n|\n|-weather|Snow|[upkeep]\n|upkeep\n|turn|14\n|\n|t:|1700549316\n|move|p1a: Cloyster|Icicle Spear|p2a: Ahri\n|-resisted|p2a: Ahri\n|-damage|p2a: Ahri|78\/100 slp\n|-resisted|p2a: Ahri\n|-damage|p2a: Ahri|55\/100 slp\n|-resisted|p2a: Ahri\n|-damage|p2a: Ahri|30\/100 slp\n|-resisted|p2a: Ahri\n|-damage|p2a: Ahri|5\/100 slp\n|-resisted|p2a: Ahri\n|-damage|p2a: Ahri|0 fnt\n|faint|p2a: Ahri\n|-hitcount|p2: Ahri|5\n|\n|-weather|Snow|[upkeep]\n|upkeep\n|\n|t:|1700549323\n|switch|p2a: Battle Ape|Annihilape, F|100\/100\n|turn|15\n|\n|t:|1700549329\n|move|p1a: Cloyster|Icicle Spear|p2a: Battle Ape\n|-damage|p2a: Battle Ape|62\/100\n|-damage|p2a: Battle Ape|21\/100\n|-damage|p2a: Battle Ape|0 fnt\n|faint|p2a: Battle Ape\n|-hitcount|p2: Battle Ape|3\n|\n|-weather|none\n|upkeep\n|\n|t:|1700549331\n|switch|p2a: Da Bear|Beartic, F|100\/100\n|turn|16\n|\n|t:|1700549351\n|move|p1a: Cloyster|Icicle Spear|p2a: Da Bear\n|-resisted|p2a: Da Bear\n|-damage|p2a: Da Bear|68\/100\n|-resisted|p2a: Da Bear\n|-damage|p2a: Da Bear|36\/100\n|-resisted|p2a: Da Bear\n|-damage|p2a: Da Bear|2\/100\n|-resisted|p2a: Da Bear\n|-damage|p2a: Da Bear|0 fnt\n|faint|p2a: Da Bear\n|-hitcount|p2: Da Bear|4\n|\n|upkeep\n|c|\u2606figggy7|cheese tactics\n|c|\u2606figggy7|sleep\n|c|\u2606figggy7|sleep\n|c|\u2606figggy7|sleep\n|c|\u2606figggy7|sleep\n|c|\u2606CroissantCraver|nah\n|c|\u2606figggy7|sleep\n|c|\u2606figggy7|sleeep\n|c|\u2606CroissantCraver|Your just bad\n|c|\u2606figggy7|lemme just sleep\n|c|\u2606CroissantCraver|You know it\n|c|\u2606figggy7|when in doubt\n|c|\u2606figggy7|sleep\n|inactive|figggy7 has 120 seconds left.\n|c|\u2606figggy7|then sleep again\n|c|\u2606figggy7|if u havent already\n|c|\u2606figggy7|sleep\n|c|\u2606figggy7|then sleep\n|c|\u2606figggy7|after you kill that mon\n|c|\u2606CroissantCraver|common im x0.5 weak to everything\n|c|\u2606figggy7|sleep again\n|inactive|figggy7 has 90 seconds left.\n|\n|t:|1700549415\n|switch|p2a: Ting Ting|Ting-Lu|66\/100\n|-ability|p2a: Ting Ting|Vessel of Ruin\n|turn|17\n|c|\u2606CroissantCraver|its not hard\n|c|\u2606CroissantCraver|land an attack\n|\n|t:|1700549422\n|move|p1a: Cloyster|Icicle Spear|p2a: Ting Ting\n|-supereffective|p2a: Ting Ting\n|-damage|p2a: Ting Ting|0 fnt\n|faint|p2a: Ting Ting\n|-hitcount|p2: Ting Ting|1\n|\n|upkeep\n|c|\u2606figggy7|sleep\n|c|\u2606figggy7|again\n|c|\u2606CroissantCraver|one shot\n|c|\u2606figggy7|take it out and sleep\n|inactive|figggy7 has 90 seconds left.\n|c|\u2606figggy7|WAIT\n|c|\u2606figggy7|UR USING\n|c|\u2606figggy7|2\n|c|\u2606figggy7|LMFAOOOOOOOOOOOO\n|c|\u2606figggy7|LMFAOOOOOOOOOOOO\n|c|\u2606figggy7|NAHHHH\n|c|\u2606figggy7|BROTHER\n|inactive|figggy7 has 60 seconds left.\n|c|\u2606figggy7|climb that ladder bro\n|c|\u2606figggy7|u deserve it\n|c|\u2606figggy7|HAHAHAHA\n|c|\u2606CroissantCraver|You ganna Play\n|c|\u2606CroissantCraver|Yk your loosing right>\n|inactive|figggy7 has 30 seconds left.\n|c|\u2606figggy7|pokemon players bro lmfaoooo\n|c|\u2606figggy7|cant be real\n|c|\u2606figggy7|2 venomoths\n|inactive|figggy7 has 20 seconds left.\n|c|\u2606figggy7|spamming sleep\n|inactive|figggy7 has 15 seconds left.\n|c|\u2606figggy7|HAHHAHA\n|c|\u2606figggy7|HAHAHAHAHA\n|inactive|figggy7 has 10 seconds left.\n|\n|t:|1700549518\n|switch|p2a: GIIIIRIIIIIII|Tatsugiri, M|100\/100\n|turn|18\n|inactive|figggy7 has 20 seconds left this turn.\n|c|\u2606CroissantCraver|than get good\n|inactive|figggy7 has 15 seconds left.\n|c|\u2606figggy7|LMFAOOOOOOOOOOOOOOOOOOO\n|c|\u2606figggy7|LMFAOOOOOOOOOOOOOOOOOOOOOOOOOOO\n|inactive|figggy7 has 10 seconds left.\n|c|\u2606figggy7|2\n|c|\u2606figggy7|VENOS\n|inactive|figggy7 has 5 seconds left.\n|c|\u2606figggy7|THAT IS INSANE\n|c|\u2606CroissantCraver|litterally relied on his time stalling to rash talk\n|inactive|CroissantCraver has 120 seconds left.\n|c|\u2606figggy7|i bet ur having fun\n|c|\u2606CroissantCraver|Bros dog shift at games\n|c|\u2606figggy7|on SD\n|c|\u2606CroissantCraver|Get goot kid\n|c|\u2606figggy7|ur using 2 venos\n|c|\u2606figggy7|and saying ur good\n|c|\u2606CroissantCraver|I am\n|c|\u2606figggy7|i know\n|inactive|CroissantCraver has 90 seconds left.\n|c|\u2606CroissantCraver|I only needed my cloyster\n|c|\u2606figggy7|ur gonna climb\n|c|\u2606figggy7|up the ladder\n|c|\u2606figggy7|bc ur good at using sleep powder\n|c|\u2606figggy7|you are a beast\n|c|\u2606figggy7|at using sleep powder\n|c|\u2606CroissantCraver|Im litterally not im unluky as all hell\n|inactive|CroissantCraver has 60 seconds left.\n|c|\u2606figggy7|you will climb to 2000\n|c|\u2606CroissantCraver|The reason im good is bc i know my stats and can do this\n|\n|t:|1700549627\n|-terastallize|p2a: GIIIIRIIIIIII|Dragon\n|move|p1a: Cloyster|Icicle Spear|p2a: GIIIIRIIIIIII\n|-supereffective|p2a: GIIIIRIIIIIII\n|-damage|p2a: GIIIIRIIIIIII|0 fnt\n|faint|p2a: GIIIIRIIIIIII\n|-hitcount|p2: GIIIIRIIIIIII|1\n|\n|win|CroissantCraver\n|inactive|figggy7 has 10 seconds left this turn.\n|raw|CroissantCraver's rating: 1171 &rarr; <strong>1192<\/strong><br \/>(+21 for winning)\n|raw|figggy7's rating: 1117 &rarr; <strong>1096<\/strong><br \/>(-21 for losing)\n|c|\u2606figggy7|2000\n|c|\u2606figggy7|inc\n|c|\u2606CroissantCraver|DRAGONS WEAK TO ICE BOZO\n|c|\u2606figggy7|u are good at sleep powder\n|c|\u2606figggy7|wp\n|l|\u2606figggy7\n","uploadtime":1700549652,"views":16,"p1id":"croissantcraver","p2id":"figggy7","formatid":"gen9anythinggoes","rating":1096,"private":0,"password":""}