{"id":"gen9anythinggoes-1972301334","p1":"DouceMort","p2":"Grandburnsy 7","format":"[Gen 9] Anything Goes","log":"|j|\u2606DouceMort\n|j|\u2606Grandburnsy 7\n|t:|1697829407\n|gametype|singles\n|player|p1|DouceMort|winona|1261\n|player|p2|Grandburnsy 7|2|1183\n|teamsize|p1|6\n|teamsize|p2|6\n|gen|9\n|tier|[Gen 9] Anything Goes\n|rated|\n|rule|HP Percentage Mod: HP is shown in percentages\n|rule|Endless Battle Clause: Forcing endless battles is banned\n|clearpoke\n|poke|p1|Ogerpon-Hearthflame, F|\n|poke|p1|Tornadus, M|\n|poke|p1|Flutter Mane|\n|poke|p1|Rillaboom, M|\n|poke|p1|Iron Bundle|\n|poke|p1|Chi-Yu|\n|poke|p2|Ursaluna, M|\n|poke|p2|Calyrex-Ice|\n|poke|p2|Klefki, M|\n|poke|p2|Ursaluna-Bloodmoon, M|\n|poke|p2|Magearna|\n|poke|p2|Sableye, M|\n|teampreview\n|inactive|Battle timer is ON: inactive players will automatically lose when time's up. (requested by DouceMort)\n|\n|t:|1697829427\n|start\n|switch|p1a: Iron Bundle|Iron Bundle|100\/100\n|switch|p2a: Magearna|Magearna|100\/100\n|-enditem|p1a: Iron Bundle|Booster Energy\n|-activate|p1a: Iron Bundle|ability: Quark Drive|[fromitem]\n|-start|p1a: Iron Bundle|quarkdrivespe\n|turn|1\n|\n|t:|1697829437\n|move|p1a: Iron Bundle|Freeze-Dry|p2a: Magearna\n|-resisted|p2a: Magearna\n|-crit|p2a: Magearna\n|-damage|p2a: Magearna|80\/100\n|-status|p2a: Magearna|frz\n|cant|p2a: Magearna|frz\n|\n|upkeep\n|turn|2\n|\n|t:|1697829448\n|move|p1a: Iron Bundle|Freeze-Dry|p2a: Magearna\n|-resisted|p2a: Magearna\n|-damage|p2a: Magearna|66\/100 frz\n|cant|p2a: Magearna|frz\n|\n|upkeep\n|turn|3\n|\n|t:|1697829460\n|move|p1a: Iron Bundle|Hydro Pump|p2a: Magearna\n|-damage|p2a: Magearna|24\/100 frz\n|-curestatus|p2a: Magearna|frz|[msg]\n|move|p2a: Magearna|Trick Room|p2a: Magearna\n|-fieldstart|move: Trick Room|[of] p2a: Magearna\n|\n|upkeep\n|turn|4\n|\n|t:|1697829475\n|move|p2a: Magearna|Thunderbolt|p1a: Iron Bundle\n|-supereffective|p1a: Iron Bundle\n|-damage|p1a: Iron Bundle|0 fnt\n|faint|p1a: Iron Bundle\n|-ability|p2a: Magearna|Soul-Heart|boost\n|-boost|p2a: Magearna|spa|1\n|-end|p1a: Iron Bundle|Quark Drive|[silent]\n|-damage|p2a: Magearna|14\/100|[from] item: Life Orb\n|\n|upkeep\n|\n|t:|1697829483\n|switch|p1a: Chi-Yu|Chi-Yu|100\/100\n|-ability|p1a: Chi-Yu|Beads of Ruin\n|turn|5\n|\n|t:|1697829491\n|move|p2a: Magearna|Thunderbolt|p1a: Chi-Yu\n|-damage|p1a: Chi-Yu|31\/100\n|-damage|p2a: Magearna|4\/100|[from] item: Life Orb\n|move|p1a: Chi-Yu|Heat Wave|p2a: Magearna\n|-supereffective|p2a: Magearna\n|-damage|p2a: Magearna|0 fnt\n|faint|p2a: Magearna\n|\n|upkeep\n|\n|t:|1697829503\n|switch|p2a: Calyrex|Calyrex-Ice|100\/100\n|-ability|p2a: Calyrex|As One\n|-ability|p2a: Calyrex|Unnerve\n|turn|6\n|\n|t:|1697829509\n|move|p2a: Calyrex|Glacial Lance|p1a: Chi-Yu\n|-resisted|p1a: Chi-Yu\n|-damage|p1a: Chi-Yu|0 fnt\n|faint|p1a: Chi-Yu\n|-ability|p2a: Calyrex|Chilling Neigh|boost\n|-boost|p2a: Calyrex|atk|1\n|-damage|p2a: Calyrex|91\/100|[from] item: Life Orb\n|\n|upkeep\n|\n|t:|1697829517\n|switch|p1a: Ogerpon|Ogerpon-Hearthflame, F|100\/100\n|-ability|p1a: Ogerpon|Mold Breaker\n|turn|7\n|\n|t:|1697829528\n|-terastallize|p1a: Ogerpon|Fire\n|detailschange|p1a: Ogerpon|Ogerpon-Hearthflame-Tera, F, tera:Fire\n|-ability|p1a: Ogerpon|Embody Aspect (Hearthflame)|boost\n|-boost|p1a: Ogerpon|atk|1\n|move|p2a: Calyrex|Glacial Lance|p1a: Ogerpon\n|-resisted|p1a: Ogerpon\n|-damage|p1a: Ogerpon|6\/100\n|-damage|p2a: Calyrex|81\/100|[from] item: Life Orb\n|move|p1a: Ogerpon|Ivy Cudgel|p2a: Calyrex\n|-supereffective|p2a: Calyrex\n|-damage|p2a: Calyrex|0 fnt\n|faint|p2a: Calyrex\n|\n|-fieldend|move: Trick Room\n|upkeep\n|l|\u2606Grandburnsy 7\n|inactive|Grandburnsy 7 disconnected and has a minute to reconnect!\n|player|p2|\n|c|\u2606DouceMort|gg\n|c|\u2606DouceMort|shitty bitch\n|c|\u2606DouceMort|get better\n|inactive|Grandburnsy 7 has 30 seconds to reconnect!\n|inactive|Grandburnsy 7 has 20 seconds to reconnect!\n|inactive|Grandburnsy 7 has 15 seconds to reconnect!\n|inactive|Grandburnsy 7 has 10 seconds to reconnect!\n|inactive|Grandburnsy 7 has 5 seconds to reconnect!\n|-message|Grandburnsy 7 lost due to inactivity.\n|\n|win|DouceMort\n|raw|DouceMort's rating: 1261 &rarr; <strong>1280<\/strong><br \/>(+19 for winning)\n|raw|Grandburnsy 7's rating: 1183 &rarr; <strong>1164<\/strong><br \/>(-19 for losing)\n","uploadtime":1697829563,"views":7,"p1id":"doucemort","p2id":"grandburnsy7","formatid":"gen9anythinggoes","rating":1164,"private":0,"password":""}