{"id":"gen9anythinggoes-1972562196","p1":"moneywizard","p2":"Haxxhatred","format":"[Gen 9] Anything Goes","log":"|j|\u2606moneywizard\n|j|\u2606Haxxhatred\n|t:|1697857379\n|gametype|singles\n|player|p1|moneywizard|266|1025\n|player|p2|Haxxhatred|266|1057\n|teamsize|p1|6\n|teamsize|p2|6\n|gen|9\n|tier|[Gen 9] Anything Goes\n|rated|\n|rule|HP Percentage Mod: HP is shown in percentages\n|rule|Endless Battle Clause: Forcing endless battles is banned\n|clearpoke\n|poke|p1|Greninja-*, M|\n|poke|p1|Infernape, F|\n|poke|p1|Ludicolo, M|\n|poke|p1|Chandelure, M|\n|poke|p1|Zacian-*|\n|poke|p1|Kyogre|\n|poke|p2|Dragapult, M|\n|poke|p2|Iron Valiant|\n|poke|p2|Arceus|\n|poke|p2|Grimmsnarl, M|\n|poke|p2|Giratina-Origin|\n|poke|p2|Dialga|\n|teampreview\n|\n|t:|1697857389\n|start\n|switch|p1a: Infernape|Infernape, F|100\/100\n|switch|p2a: Iron Valiant|Iron Valiant, shiny|100\/100\n|turn|1\n|\n|t:|1697857411\n|move|p2a: Iron Valiant|Spirit Break|p1a: Infernape\n|-damage|p1a: Infernape|40\/100\n|-unboost|p1a: Infernape|spa|1\n|move|p1a: Infernape|Stealth Rock|p2a: Iron Valiant\n|-sidestart|p2: Haxxhatred|move: Stealth Rock\n|\n|upkeep\n|turn|2\n|\n|t:|1697857429\n|-terastallize|p1a: Infernape|Fire\n|move|p2a: Iron Valiant|Spirit Break|p1a: Infernape\n|-resisted|p1a: Infernape\n|-damage|p1a: Infernape|13\/100\n|-unboost|p1a: Infernape|spa|1\n|move|p1a: Infernape|Earthquake|p2a: Iron Valiant\n|-damage|p2a: Iron Valiant|59\/100\n|\n|upkeep\n|turn|3\n|\n|t:|1697857440\n|move|p2a: Iron Valiant|Spirit Break|p1a: Infernape\n|-resisted|p1a: Infernape\n|-damage|p1a: Infernape|0 fnt\n|faint|p1a: Infernape\n|\n|upkeep\n|\n|t:|1697857449\n|switch|p1a: Zacian|Zacian-Crowned|100\/100\n|-ability|p1a: Zacian|Intrepid Sword|boost\n|-boost|p1a: Zacian|atk|1\n|turn|4\n|\n|t:|1697857472\n|-end|p2a: Iron Valiant|Quark Drive|[silent]\n|switch|p2a: Dialga|Dialga|100\/100\n|-damage|p2a: Dialga|94\/100|[from] Stealth Rock\n|-ability|p2a: Dialga|Pressure\n|move|p1a: Zacian|Swords Dance|p1a: Zacian\n|-boost|p1a: Zacian|atk|2\n|\n|upkeep\n|turn|5\n|\n|t:|1697857494\n|move|p1a: Zacian|Behemoth Blade|p2a: Dialga\n|-resisted|p2a: Dialga\n|-damage|p2a: Dialga|42\/100\n|move|p2a: Dialga|Fire Blast|p1a: Zacian\n|-supereffective|p1a: Zacian\n|-damage|p1a: Zacian|26\/100\n|\n|upkeep\n|turn|6\n|\n|t:|1697857507\n|move|p1a: Zacian|Behemoth Blade|p2a: Dialga\n|-resisted|p2a: Dialga\n|-damage|p2a: Dialga|0 fnt\n|faint|p2a: Dialga\n|\n|upkeep\n|\n|t:|1697857522\n|switch|p2a: Iron Valiant|Iron Valiant, shiny|59\/100\n|-damage|p2a: Iron Valiant|53\/100|[from] Stealth Rock\n|turn|7\n|\n|t:|1697857538\n|move|p2a: Iron Valiant|Close Combat|p1a: Zacian\n|-damage|p1a: Zacian|0 fnt\n|-unboost|p2a: Iron Valiant|def|1\n|-unboost|p2a: Iron Valiant|spd|1\n|faint|p1a: Zacian\n|\n|upkeep\n|\n|t:|1697857562\n|switch|p1a: Greninja|Greninja, M|100\/100\n|turn|8\n|\n|t:|1697857574\n|move|p2a: Iron Valiant|Close Combat|p1a: Greninja\n|-supereffective|p1a: Greninja\n|-enditem|p1a: Greninja|Focus Sash\n|-damage|p1a: Greninja|1\/100\n|-unboost|p2a: Iron Valiant|def|1\n|-unboost|p2a: Iron Valiant|spd|1\n|move|p1a: Greninja|Trailblaze|p2a: Iron Valiant\n|-damage|p2a: Iron Valiant|27\/100\n|-boost|p1a: Greninja|spe|1\n|\n|upkeep\n|turn|9\n|\n|t:|1697857592\n|-end|p2a: Iron Valiant|Quark Drive|[silent]\n|switch|p2a: Arceus|Arceus|100\/100\n|-damage|p2a: Arceus|88\/100|[from] Stealth Rock\n|move|p1a: Greninja|Water Shuriken|p2a: Arceus\n|-damage|p2a: Arceus|84\/100\n|-damage|p2a: Arceus|79\/100\n|-damage|p2a: Arceus|74\/100\n|-damage|p2a: Arceus|69\/100\n|-hitcount|p2a: Arceus|4\n|\n|upkeep\n|turn|10\n|\n|t:|1697857614\n|move|p2a: Arceus|Extreme Speed|p1a: Greninja\n|-damage|p1a: Greninja|0 fnt\n|faint|p1a: Greninja\n|-damage|p2a: Arceus|59\/100|[from] item: Life Orb\n|\n|upkeep\n|\n|t:|1697857626\n|switch|p1a: Ludicolo|Ludicolo, M|100\/100\n|turn|11\n|\n|t:|1697857635\n|move|p2a: Arceus|Extreme Speed|p1a: Ludicolo\n|-damage|p1a: Ludicolo|45\/100\n|-damage|p2a: Arceus|49\/100|[from] item: Life Orb\n|move|p1a: Ludicolo|Leech Seed|p2a: Arceus\n|-start|p2a: Arceus|move: Leech Seed\n|\n|-heal|p1a: Ludicolo|50\/100|[from] item: Leftovers\n|-damage|p2a: Arceus|37\/100|[from] Leech Seed|[of] p1a: Ludicolo\n|-heal|p1a: Ludicolo|67\/100|[silent]\n|upkeep\n|turn|12\n|\n|t:|1697857647\n|move|p2a: Arceus|Recover|p2a: Arceus\n|-heal|p2a: Arceus|87\/100\n|move|p1a: Ludicolo|Drain Punch|p2a: Arceus\n|-supereffective|p2a: Arceus\n|-damage|p2a: Arceus|69\/100\n|-heal|p1a: Ludicolo|79\/100|[from] drain|[of] p2a: Arceus\n|\n|-heal|p1a: Ludicolo|85\/100|[from] item: Leftovers\n|-damage|p2a: Arceus|56\/100|[from] Leech Seed|[of] p1a: Ludicolo\n|-heal|p1a: Ludicolo|100\/100|[silent]\n|upkeep\n|turn|13\n|\n|t:|1697857659\n|move|p2a: Arceus|Recover|p2a: Arceus\n|-heal|p2a: Arceus|100\/100\n|move|p1a: Ludicolo|Drain Punch|p2a: Arceus\n|-supereffective|p2a: Arceus\n|-damage|p2a: Arceus|82\/100\n|\n|-damage|p2a: Arceus|69\/100|[from] Leech Seed|[of] p1a: Ludicolo\n|upkeep\n|turn|14\n|\n|t:|1697857677\n|switch|p2a: Giratina|Giratina-Origin|100\/100\n|-damage|p2a: Giratina|88\/100|[from] Stealth Rock\n|move|p1a: Ludicolo|Giga Drain|p2a: Giratina\n|-resisted|p2a: Giratina\n|-damage|p2a: Giratina|81\/100\n|\n|upkeep\n|turn|15\n|\n|t:|1697857689\n|move|p2a: Giratina|Poltergeist|p1a: Ludicolo\n|-activate|p1a: Ludicolo|move: Poltergeist|Leftovers\n|-damage|p1a: Ludicolo|30\/100\n|move|p1a: Ludicolo|Leech Seed|p2a: Giratina\n|-start|p2a: Giratina|move: Leech Seed\n|\n|-heal|p1a: Ludicolo|36\/100|[from] item: Leftovers\n|-damage|p2a: Giratina|69\/100|[from] Leech Seed|[of] p1a: Ludicolo\n|-heal|p1a: Ludicolo|56\/100|[silent]\n|upkeep\n|turn|16\n|\n|t:|1697857700\n|move|p2a: Giratina|Poltergeist|p1a: Ludicolo\n|-activate|p1a: Ludicolo|move: Poltergeist|Leftovers\n|-damage|p1a: Ludicolo|0 fnt\n|faint|p1a: Ludicolo\n|\n|upkeep\n|\n|t:|1697857708\n|switch|p1a: Kyogre|Kyogre|100\/100\n|-weather|RainDance|[from] ability: Drizzle|[of] p1a: Kyogre\n|turn|17\n|\n|t:|1697857720\n|move|p2a: Giratina|Poltergeist|p1a: Kyogre\n|-activate|p1a: Kyogre|move: Poltergeist|Rocky Helmet\n|-damage|p1a: Kyogre|44\/100\n|move|p1a: Kyogre|Chilling Water|p2a: Giratina\n|-resisted|p2a: Giratina\n|-damage|p2a: Giratina|54\/100\n|-unboost|p2a: Giratina|atk|1\n|\n|-weather|RainDance|[upkeep]\n|-damage|p2a: Giratina|41\/100|[from] Leech Seed|[of] p1a: Kyogre\n|-heal|p1a: Kyogre|62\/100|[silent]\n|upkeep\n|turn|18\n|\n|t:|1697857766\n|switch|p2a: Grimmsnarl|Grimmsnarl, M|100\/100\n|-damage|p2a: Grimmsnarl|88\/100|[from] Stealth Rock\n|move|p1a: Kyogre|Thunder|p2a: Grimmsnarl\n|-damage|p2a: Grimmsnarl|43\/100\n|\n|-weather|RainDance|[upkeep]\n|upkeep\n|turn|19\n|\n|t:|1697857777\n|move|p2a: Grimmsnarl|Thunder Wave|p1a: Kyogre\n|-status|p1a: Kyogre|par\n|move|p1a: Kyogre|Origin Pulse|p2a: Grimmsnarl\n|-damage|p2a: Grimmsnarl|0 fnt\n|faint|p2a: Grimmsnarl\n|\n|-weather|RainDance|[upkeep]\n|upkeep\n|\n|t:|1697857790\n|switch|p2a: Dragapult|Dragapult, M|100\/100\n|-damage|p2a: Dragapult|88\/100|[from] Stealth Rock\n|turn|20\n|\n|t:|1697857796\n|move|p2a: Dragapult|Dragon Dance|p2a: Dragapult\n|-boost|p2a: Dragapult|atk|1\n|-boost|p2a: Dragapult|spe|1\n|move|p1a: Kyogre|Thunder|p2a: Dragapult\n|-resisted|p2a: Dragapult\n|-crit|p2a: Dragapult\n|-damage|p2a: Dragapult|52\/100\n|-status|p2a: Dragapult|par\n|\n|-weather|RainDance|[upkeep]\n|upkeep\n|turn|21\n|\n|t:|1697857808\n|move|p2a: Dragapult|Dragon Darts|p1a: Kyogre\n|-damage|p1a: Kyogre|19\/100 par\n|-anim|p2a: Dragapult|Dragon Darts|p1a: Kyogre\n|-damage|p1a: Kyogre|0 fnt\n|faint|p1a: Kyogre\n|-damage|p2a: Dragapult|42\/100 par|[from] item: Life Orb\n|\n|-weather|none\n|upkeep\n|\n|t:|1697857817\n|switch|p1a: Chandelure|Chandelure, M|100\/100\n|turn|22\n|\n|t:|1697857824\n|move|p2a: Dragapult|Dragon Darts|p1a: Chandelure\n|-damage|p1a: Chandelure|42\/100\n|-anim|p2a: Dragapult|Dragon Darts|p1a: Chandelure\n|-damage|p1a: Chandelure|0 fnt\n|faint|p1a: Chandelure\n|-damage|p2a: Dragapult|32\/100 par|[from] item: Life Orb\n|\n|win|Haxxhatred\n|raw|moneywizard's rating: 1025 &rarr; <strong>1013<\/strong><br \/>(-12 for losing)\n|raw|Haxxhatred's rating: 1057 &rarr; <strong>1086<\/strong><br \/>(+29 for winning)\n|l|\u2606moneywizard\n","uploadtime":1697857841,"views":7,"p1id":"moneywizard","p2id":"haxxhatred","formatid":"gen9anythinggoes","rating":1013,"private":0,"password":""}