{"id":"gen9anythinggoes-1972580005","p1":"Matsurizzzu","p2":"themanyeti","format":"[Gen 9] Anything Goes","log":"|j|\u2606Matsurizzzu\n|j|\u2606themanyeti\n|t:|1697859651\n|gametype|singles\n|player|p1|Matsurizzzu|dawn|1107\n|player|p2|themanyeti|1|1156\n|teamsize|p1|6\n|teamsize|p2|6\n|gen|9\n|tier|[Gen 9] Anything Goes\n|rated|\n|rule|HP Percentage Mod: HP is shown in percentages\n|rule|Endless Battle Clause: Forcing endless battles is banned\n|clearpoke\n|poke|p1|Masquerain, F|\n|poke|p1|Crawdaunt, M|\n|poke|p1|Crawdaunt, M|\n|poke|p1|Crawdaunt, F|\n|poke|p1|Crawdaunt, F|\n|poke|p1|Crawdaunt, M|\n|poke|p2|Clefable, M|\n|poke|p2|Calyrex-Shadow|\n|poke|p2|Maushold-Four|\n|poke|p2|Houndstone, M|\n|poke|p2|Cinderace, F|\n|poke|p2|Urshifu-*, F|\n|teampreview\n|inactive|Battle timer is ON: inactive players will automatically lose when time's up. (requested by Matsurizzzu)\n|\n|t:|1697859664\n|start\n|switch|p1a: Masquerain|Masquerain, F|100\/100\n|switch|p2a: Cinderace|Cinderace, F|100\/100\n|-ability|p1a: Masquerain|Intimidate|boost\n|-unboost|p2a: Cinderace|atk|1\n|turn|1\n|\n|t:|1697859671\n|move|p2a: Cinderace|Flame Charge|p1a: Masquerain\n|-supereffective|p1a: Masquerain\n|-damage|p1a: Masquerain|47\/100\n|-boost|p2a: Cinderace|spe|1\n|move|p1a: Masquerain|Sticky Web|p2a: Cinderace\n|-sidestart|p2: themanyeti|move: Sticky Web\n|\n|upkeep\n|turn|2\n|\n|t:|1697859680\n|move|p2a: Cinderace|Flame Charge|p1a: Masquerain\n|-supereffective|p1a: Masquerain\n|-crit|p1a: Masquerain\n|-damage|p1a: Masquerain|0 fnt\n|-boost|p2a: Cinderace|spe|1\n|faint|p1a: Masquerain\n|\n|upkeep\n|\n|t:|1697859682\n|switch|p1a: Crawdaunt|Crawdaunt, M|100\/100\n|turn|3\n|\n|t:|1697859691\n|-terastallize|p1a: Crawdaunt|Water\n|move|p1a: Crawdaunt|Aqua Jet|p2a: Cinderace\n|-supereffective|p2a: Cinderace\n|-damage|p2a: Cinderace|0 fnt\n|faint|p2a: Cinderace\n|\n|upkeep\n|\n|t:|1697859699\n|switch|p2a: Clefable|Clefable, M, shiny|100\/100\n|turn|4\n|\n|t:|1697859715\n|move|p1a: Crawdaunt|Aqua Jet|p2a: Clefable\n|-damage|p2a: Clefable|54\/100\n|move|p2a: Clefable|Substitute|p2a: Clefable\n|-start|p2a: Clefable|Substitute\n|-damage|p2a: Clefable|30\/100\n|\n|upkeep\n|turn|5\n|\n|t:|1697859723\n|move|p1a: Crawdaunt|Aqua Jet|p2a: Clefable\n|-end|p2a: Clefable|Substitute\n|move|p2a: Clefable|Draining Kiss|p1a: Crawdaunt\n|-damage|p1a: Crawdaunt|68\/100\n|-heal|p2a: Clefable|49\/100|[from] drain|[of] p1a: Crawdaunt\n|\n|upkeep\n|turn|6\n|\n|t:|1697859732\n|move|p1a: Crawdaunt|Aqua Jet|p2a: Clefable\n|-damage|p2a: Clefable|4\/100\n|move|p2a: Clefable|Draining Kiss|p1a: Crawdaunt\n|-damage|p1a: Crawdaunt|30\/100\n|-heal|p2a: Clefable|26\/100|[from] drain|[of] p1a: Crawdaunt\n|\n|upkeep\n|turn|7\n|\n|t:|1697859739\n|move|p1a: Crawdaunt|Aqua Jet|p2a: Clefable\n|-damage|p2a: Clefable|0 fnt\n|faint|p2a: Clefable\n|\n|upkeep\n|\n|t:|1697859744\n|switch|p2a: Urshifu|Urshifu, F|100\/100\n|-activate|p2a: Urshifu|move: Sticky Web\n|-unboost|p2a: Urshifu|spe|1\n|turn|8\n|\n|t:|1697859751\n|move|p1a: Crawdaunt|Aqua Jet|p2a: Urshifu\n|-damage|p2a: Urshifu|48\/100\n|move|p2a: Urshifu|Close Combat|p1a: Crawdaunt\n|-damage|p1a: Crawdaunt|0 fnt\n|-unboost|p2a: Urshifu|def|1\n|-unboost|p2a: Urshifu|spd|1\n|faint|p1a: Crawdaunt\n|\n|upkeep\n|\n|t:|1697859756\n|switch|p1a: Crawdaunt|Crawdaunt, M|100\/100\n|turn|9\n|\n|t:|1697859775\n|move|p1a: Crawdaunt|Aqua Jet|p2a: Urshifu\n|-crit|p2a: Urshifu\n|-damage|p2a: Urshifu|0 fnt\n|faint|p2a: Urshifu\n|\n|upkeep\n|c|\u2606themanyeti|Let me guess aqau jet\n|\n|t:|1697859782\n|switch|p2a: Calyrex|Calyrex-Shadow|100\/100\n|-ability|p2a: Calyrex|As One\n|-ability|p2a: Calyrex|Unnerve\n|-activate|p2a: Calyrex|move: Sticky Web\n|-unboost|p2a: Calyrex|spe|1\n|turn|10\n|c|\u2606Matsurizzzu|How did you guess\n|\n|t:|1697859790\n|move|p1a: Crawdaunt|Aqua Jet|p2a: Calyrex\n|-damage|p2a: Calyrex|44\/100\n|move|p2a: Calyrex|Nasty Plot|p2a: Calyrex\n|-boost|p2a: Calyrex|spa|2\n|\n|upkeep\n|turn|11\n|\n|t:|1697859797\n|move|p1a: Crawdaunt|Aqua Jet|p2a: Calyrex\n|-damage|p2a: Calyrex|0 fnt\n|faint|p2a: Calyrex\n|\n|upkeep\n|\n|t:|1697859800\n|switch|p2a: Maushold|Maushold-Four|100\/100\n|-activate|p2a: Maushold|move: Sticky Web\n|-unboost|p2a: Maushold|spe|1\n|turn|12\n|\n|t:|1697859804\n|move|p1a: Crawdaunt|Aqua Jet|p2a: Maushold\n|-damage|p2a: Maushold|36\/100\n|move|p2a: Maushold|Population Bomb|p1a: Crawdaunt\n|-damage|p1a: Crawdaunt|89\/100\n|-damage|p1a: Crawdaunt|78\/100\n|-damage|p1a: Crawdaunt|66\/100\n|-damage|p1a: Crawdaunt|53\/100\n|-damage|p1a: Crawdaunt|41\/100\n|-damage|p1a: Crawdaunt|28\/100\n|-damage|p1a: Crawdaunt|15\/100\n|-damage|p1a: Crawdaunt|4\/100\n|-damage|p1a: Crawdaunt|0 fnt\n|faint|p1a: Crawdaunt\n|-hitcount|p1: Crawdaunt|9\n|\n|upkeep\n|\n|t:|1697859809\n|switch|p1a: Crawdaunt|Crawdaunt, F|100\/100\n|turn|13\n|\n|t:|1697859827\n|move|p1a: Crawdaunt|Aqua Jet|p2a: Maushold\n|-damage|p2a: Maushold|0 fnt\n|faint|p2a: Maushold\n|\n|upkeep\n|\n|t:|1697859831\n|switch|p2a: Houndstone|Houndstone, M|100\/100\n|-activate|p2a: Houndstone|move: Sticky Web\n|-unboost|p2a: Houndstone|spe|1\n|turn|14\n|\n|t:|1697859837\n|-terastallize|p2a: Houndstone|Ghost\n|move|p1a: Crawdaunt|Aqua Jet|p2a: Houndstone\n|-crit|p2a: Houndstone\n|-damage|p2a: Houndstone|18\/100\n|move|p2a: Houndstone|Last Respects|p1a: Crawdaunt\n|-resisted|p1a: Crawdaunt\n|-damage|p1a: Crawdaunt|0 fnt\n|faint|p1a: Crawdaunt\n|\n|upkeep\n|\n|t:|1697859843\n|switch|p1a: Crawdaunt|Crawdaunt, F|100\/100\n|turn|15\n|\n|t:|1697859846\n|move|p1a: Crawdaunt|Aqua Jet|p2a: Houndstone\n|-damage|p2a: Houndstone|0 fnt\n|faint|p2a: Houndstone\n|\n|win|Matsurizzzu\n|raw|Matsurizzzu's rating: 1107 &rarr; <strong>1136<\/strong><br \/>(+29 for winning)\n|raw|themanyeti's rating: 1156 &rarr; <strong>1127<\/strong><br \/>(-29 for losing)\n|c|\u2606Matsurizzzu|Gg\n|l|\u2606themanyeti\n","uploadtime":1697859959,"views":10,"p1id":"matsurizzzu","p2id":"themanyeti","formatid":"gen9anythinggoes","rating":1127,"private":0,"password":""}