{"id":"gen9anythinggoes-1974030649","p1":"fletchermed","p2":"zephyrnaa","format":"[Gen 9] Anything Goes","log":"|j|\u2606fletchermed\n|j|\u2606zephyrnaa\n|t:|1698044916\n|gametype|singles\n|player|p1|fletchermed|maid|1176\n|player|p2|zephyrnaa|1|1000\n|teamsize|p1|6\n|teamsize|p2|6\n|gen|9\n|tier|[Gen 9] Anything Goes\n|rated|\n|rule|HP Percentage Mod: HP is shown in percentages\n|rule|Endless Battle Clause: Forcing endless battles is banned\n|clearpoke\n|poke|p1|Fezandipiti, M|\n|poke|p1|Fezandipiti, M|\n|poke|p1|Fezandipiti, M|\n|poke|p1|Fezandipiti, M|\n|poke|p1|Fezandipiti, M|\n|poke|p1|Fezandipiti, M|\n|poke|p2|Sinistcha|\n|poke|p2|Alomomola, F|\n|poke|p2|Mudsdale, F|\n|poke|p2|Bellibolt, M|\n|poke|p2|Ceruledge, F|\n|poke|p2|Walking Wake|\n|teampreview\n|\n|t:|1698044936\n|start\n|switch|p1a: Fezandipiti|Fezandipiti, M|100\/100\n|switch|p2a: Mudsdale|Mudsdale, F|100\/100\n|turn|1\n|\n|t:|1698044943\n|move|p1a: Fezandipiti|Beat Up|p2a: Mudsdale\n|-damage|p2a: Mudsdale|97\/100\n|-ability|p2a: Mudsdale|Stamina|boost\n|-boost|p2a: Mudsdale|def|1\n|-damage|p2a: Mudsdale|95\/100\n|-ability|p2a: Mudsdale|Stamina|boost\n|-boost|p2a: Mudsdale|def|1\n|-damage|p2a: Mudsdale|93\/100\n|-ability|p2a: Mudsdale|Stamina|boost\n|-boost|p2a: Mudsdale|def|1\n|-status|p2a: Mudsdale|tox|[from] ability: Toxic Chain|[of] p1a: Fezandipiti\n|-damage|p2a: Mudsdale|92\/100 tox\n|-ability|p2a: Mudsdale|Stamina|boost\n|-boost|p2a: Mudsdale|def|1\n|-damage|p2a: Mudsdale|90\/100 tox\n|-ability|p2a: Mudsdale|Stamina|boost\n|-boost|p2a: Mudsdale|def|1\n|-damage|p2a: Mudsdale|89\/100 tox\n|-ability|p2a: Mudsdale|Stamina|boost\n|-boost|p2a: Mudsdale|def|1\n|-hitcount|p2a: Mudsdale|6\n|cant|p2a: Mudsdale|flinch\n|\n|-heal|p2a: Mudsdale|96\/100 tox|[from] item: Leftovers\n|-damage|p2a: Mudsdale|89\/100 tox|[from] psn\n|upkeep\n|turn|2\n|\n|t:|1698044953\n|move|p1a: Fezandipiti|Beat Up|p2a: Mudsdale\n|-damage|p2a: Mudsdale|88\/100 tox\n|-damage|p2a: Mudsdale|87\/100 tox\n|-damage|p2a: Mudsdale|86\/100 tox\n|-damage|p2a: Mudsdale|85\/100 tox\n|-damage|p2a: Mudsdale|84\/100 tox\n|-damage|p2a: Mudsdale|83\/100 tox\n|-hitcount|p2a: Mudsdale|6\n|move|p2a: Mudsdale|Body Press|p1a: Fezandipiti\n|-resisted|p1a: Fezandipiti\n|-damage|p1a: Fezandipiti|75\/100\n|\n|-heal|p2a: Mudsdale|90\/100 tox|[from] item: Leftovers\n|-damage|p2a: Mudsdale|77\/100 tox|[from] psn\n|upkeep\n|turn|3\n|\n|t:|1698044977\n|-terastallize|p2a: Mudsdale|Fighting\n|move|p1a: Fezandipiti|Beat Up|p2a: Mudsdale\n|-resisted|p2a: Mudsdale\n|-damage|p2a: Mudsdale|77\/100 tox\n|-resisted|p2a: Mudsdale\n|-damage|p2a: Mudsdale|76\/100 tox\n|-resisted|p2a: Mudsdale\n|-damage|p2a: Mudsdale|76\/100 tox\n|-resisted|p2a: Mudsdale\n|-damage|p2a: Mudsdale|75\/100 tox\n|-resisted|p2a: Mudsdale\n|-damage|p2a: Mudsdale|75\/100 tox\n|-resisted|p2a: Mudsdale\n|-crit|p2a: Mudsdale\n|-damage|p2a: Mudsdale|72\/100 tox\n|-hitcount|p2a: Mudsdale|6\n|cant|p2a: Mudsdale|flinch\n|\n|-heal|p2a: Mudsdale|78\/100 tox|[from] item: Leftovers\n|-damage|p2a: Mudsdale|60\/100 tox|[from] psn\n|upkeep\n|turn|4\n|\n|t:|1698044991\n|move|p1a: Fezandipiti|Beat Up|p2a: Mudsdale\n|-resisted|p2a: Mudsdale\n|-damage|p2a: Mudsdale|59\/100 tox\n|-resisted|p2a: Mudsdale\n|-damage|p2a: Mudsdale|59\/100 tox\n|-resisted|p2a: Mudsdale\n|-damage|p2a: Mudsdale|58\/100 tox\n|-resisted|p2a: Mudsdale\n|-damage|p2a: Mudsdale|58\/100 tox\n|-resisted|p2a: Mudsdale\n|-damage|p2a: Mudsdale|57\/100 tox\n|-resisted|p2a: Mudsdale\n|-damage|p2a: Mudsdale|57\/100 tox\n|-hitcount|p2a: Mudsdale|6\n|cant|p2a: Mudsdale|flinch\n|\n|-heal|p2a: Mudsdale|63\/100 tox|[from] item: Leftovers\n|-damage|p2a: Mudsdale|38\/100 tox|[from] psn\n|upkeep\n|turn|5\n|\n|t:|1698045000\n|move|p1a: Fezandipiti|Beat Up|p2a: Mudsdale\n|-resisted|p2a: Mudsdale\n|-damage|p2a: Mudsdale|38\/100 tox\n|-resisted|p2a: Mudsdale\n|-damage|p2a: Mudsdale|37\/100 tox\n|-resisted|p2a: Mudsdale\n|-damage|p2a: Mudsdale|37\/100 tox\n|-resisted|p2a: Mudsdale\n|-damage|p2a: Mudsdale|36\/100 tox\n|-resisted|p2a: Mudsdale\n|-damage|p2a: Mudsdale|36\/100 tox\n|-resisted|p2a: Mudsdale\n|-damage|p2a: Mudsdale|35\/100 tox\n|-hitcount|p2a: Mudsdale|6\n|cant|p2a: Mudsdale|flinch\n|\n|-heal|p2a: Mudsdale|42\/100 tox|[from] item: Leftovers\n|-damage|p2a: Mudsdale|11\/100 tox|[from] psn\n|upkeep\n|turn|6\n|\n|t:|1698045004\n|move|p1a: Fezandipiti|Beat Up|p2a: Mudsdale\n|-resisted|p2a: Mudsdale\n|-damage|p2a: Mudsdale|10\/100 tox\n|-resisted|p2a: Mudsdale\n|-damage|p2a: Mudsdale|10\/100 tox\n|-resisted|p2a: Mudsdale\n|-damage|p2a: Mudsdale|9\/100 tox\n|-resisted|p2a: Mudsdale\n|-damage|p2a: Mudsdale|9\/100 tox\n|-resisted|p2a: Mudsdale\n|-damage|p2a: Mudsdale|8\/100 tox\n|-resisted|p2a: Mudsdale\n|-damage|p2a: Mudsdale|8\/100 tox\n|-hitcount|p2a: Mudsdale|6\n|move|p2a: Mudsdale|Body Press|p1a: Fezandipiti\n|-resisted|p1a: Fezandipiti\n|-damage|p1a: Fezandipiti|37\/100\n|\n|-heal|p2a: Mudsdale|14\/100 tox|[from] item: Leftovers\n|-damage|p2a: Mudsdale|0 fnt|[from] psn\n|faint|p2a: Mudsdale\n|upkeep\n|\n|t:|1698045008\n|switch|p2a: Bellibolt|Bellibolt, M|100\/100\n|turn|7\n|\n|t:|1698045018\n|move|p1a: Fezandipiti|Roost|p1a: Fezandipiti\n|-heal|p1a: Fezandipiti|88\/100\n|-singleturn|p1a: Fezandipiti|move: Roost\n|move|p2a: Bellibolt|Reflect|p2a: Bellibolt\n|-sidestart|p2: zephyrnaa|Reflect\n|\n|upkeep\n|turn|8\n|\n|t:|1698045023\n|move|p1a: Fezandipiti|Beat Up|p2a: Bellibolt\n|-damage|p2a: Bellibolt|99\/100\n|-start|p2a: Bellibolt|Charge|Beat Up|[from] ability: Electromorphosis\n|-damage|p2a: Bellibolt|97\/100\n|-start|p2a: Bellibolt|Charge|Beat Up|[from] ability: Electromorphosis\n|-damage|p2a: Bellibolt|95\/100\n|-start|p2a: Bellibolt|Charge|Beat Up|[from] ability: Electromorphosis\n|-damage|p2a: Bellibolt|94\/100\n|-start|p2a: Bellibolt|Charge|Beat Up|[from] ability: Electromorphosis\n|-status|p2a: Bellibolt|tox|[from] ability: Toxic Chain|[of] p1a: Fezandipiti\n|-damage|p2a: Bellibolt|92\/100 tox\n|-start|p2a: Bellibolt|Charge|Beat Up|[from] ability: Electromorphosis\n|-damage|p2a: Bellibolt|90\/100 tox\n|-start|p2a: Bellibolt|Charge|Beat Up|[from] ability: Electromorphosis\n|-hitcount|p2a: Bellibolt|6\n|move|p2a: Bellibolt|Chilling Water|p1a: Fezandipiti\n|-damage|p1a: Fezandipiti|73\/100\n|-unboost|p1a: Fezandipiti|atk|1\n|\n|-damage|p2a: Bellibolt|84\/100 tox|[from] psn\n|upkeep\n|turn|9\n|\n|t:|1698045042\n|move|p1a: Fezandipiti|Beat Up|p2a: Bellibolt\n|-damage|p2a: Bellibolt|83\/100 tox\n|-start|p2a: Bellibolt|Charge|Beat Up|[from] ability: Electromorphosis\n|-damage|p2a: Bellibolt|82\/100 tox\n|-start|p2a: Bellibolt|Charge|Beat Up|[from] ability: Electromorphosis\n|-damage|p2a: Bellibolt|80\/100 tox\n|-start|p2a: Bellibolt|Charge|Beat Up|[from] ability: Electromorphosis\n|-damage|p2a: Bellibolt|79\/100 tox\n|-start|p2a: Bellibolt|Charge|Beat Up|[from] ability: Electromorphosis\n|-damage|p2a: Bellibolt|78\/100 tox\n|-start|p2a: Bellibolt|Charge|Beat Up|[from] ability: Electromorphosis\n|-damage|p2a: Bellibolt|76\/100 tox\n|-start|p2a: Bellibolt|Charge|Beat Up|[from] ability: Electromorphosis\n|-hitcount|p2a: Bellibolt|6\n|move|p2a: Bellibolt|Thunderbolt|p1a: Fezandipiti\n|-damage|p1a: Fezandipiti|0 fnt\n|faint|p1a: Fezandipiti\n|-end|p2a: Bellibolt|Charge|[silent]\n|\n|-damage|p2a: Bellibolt|64\/100 tox|[from] psn\n|upkeep\n|\n|t:|1698045061\n|switch|p1a: Fezandipiti|Fezandipiti, M|100\/100\n|turn|10\n|\n|t:|1698045070\n|move|p1a: Fezandipiti|Protect|p1a: Fezandipiti\n|-singleturn|p1a: Fezandipiti|Protect\n|move|p2a: Bellibolt|Chilling Water|p1a: Fezandipiti\n|-activate|p1a: Fezandipiti|move: Protect\n|\n|-damage|p2a: Bellibolt|45\/100 tox|[from] psn\n|upkeep\n|turn|11\n|\n|t:|1698045074\n|move|p1a: Fezandipiti|Beat Up|p2a: Bellibolt\n|-damage|p2a: Bellibolt|44\/100 tox\n|-start|p2a: Bellibolt|Charge|Beat Up|[from] ability: Electromorphosis\n|-damage|p2a: Bellibolt|42\/100 tox\n|-start|p2a: Bellibolt|Charge|Beat Up|[from] ability: Electromorphosis\n|-damage|p2a: Bellibolt|40\/100 tox\n|-start|p2a: Bellibolt|Charge|Beat Up|[from] ability: Electromorphosis\n|-damage|p2a: Bellibolt|38\/100 tox\n|-start|p2a: Bellibolt|Charge|Beat Up|[from] ability: Electromorphosis\n|-damage|p2a: Bellibolt|37\/100 tox\n|-start|p2a: Bellibolt|Charge|Beat Up|[from] ability: Electromorphosis\n|-hitcount|p2a: Bellibolt|5\n|move|p2a: Bellibolt|Chilling Water|p1a: Fezandipiti\n|-damage|p1a: Fezandipiti|86\/100\n|-unboost|p1a: Fezandipiti|atk|1\n|\n|-damage|p2a: Bellibolt|12\/100 tox|[from] psn\n|-sideend|p2: zephyrnaa|Reflect\n|upkeep\n|turn|12\n|\n|t:|1698045089\n|switch|p2a: Alomomola|Alomomola, F|100\/100\n|move|p1a: Fezandipiti|Beat Up|p2a: Alomomola\n|-damage|p2a: Alomomola|98\/100\n|-status|p2a: Alomomola|tox|[from] ability: Toxic Chain|[of] p1a: Fezandipiti\n|-damage|p2a: Alomomola|96\/100 tox\n|-damage|p2a: Alomomola|94\/100 tox\n|-damage|p2a: Alomomola|92\/100 tox\n|-damage|p2a: Alomomola|90\/100 tox\n|-hitcount|p2a: Alomomola|5\n|\n|-heal|p2a: Alomomola|96\/100 tox|[from] item: Leftovers\n|-damage|p2a: Alomomola|90\/100 tox|[from] psn\n|upkeep\n|turn|13\n|\n|t:|1698045096\n|move|p1a: Fezandipiti|Beat Up|p2a: Alomomola\n|-damage|p2a: Alomomola|87\/100 tox\n|-damage|p2a: Alomomola|85\/100 tox\n|-damage|p2a: Alomomola|83\/100 tox\n|-damage|p2a: Alomomola|81\/100 tox\n|-damage|p2a: Alomomola|78\/100 tox\n|-hitcount|p2a: Alomomola|5\n|cant|p2a: Alomomola|flinch\n|\n|-heal|p2a: Alomomola|85\/100 tox|[from] item: Leftovers\n|-damage|p2a: Alomomola|72\/100 tox|[from] psn\n|upkeep\n|turn|14\n|\n|t:|1698045099\n|switch|p2a: Bellibolt|Bellibolt, M|12\/100 tox\n|move|p1a: Fezandipiti|Beat Up|p2a: Bellibolt\n|-damage|p2a: Bellibolt|10\/100 tox\n|-start|p2a: Bellibolt|Charge|Beat Up|[from] ability: Electromorphosis\n|-damage|p2a: Bellibolt|7\/100 tox\n|-start|p2a: Bellibolt|Charge|Beat Up|[from] ability: Electromorphosis\n|-damage|p2a: Bellibolt|5\/100 tox\n|-start|p2a: Bellibolt|Charge|Beat Up|[from] ability: Electromorphosis\n|-damage|p2a: Bellibolt|2\/100 tox\n|-start|p2a: Bellibolt|Charge|Beat Up|[from] ability: Electromorphosis\n|-damage|p2a: Bellibolt|0 fnt\n|faint|p2a: Bellibolt\n|-hitcount|p2: Bellibolt|5\n|\n|upkeep\n|\n|t:|1698045110\n|switch|p2a: Walking Wake|Walking Wake|100\/100\n|turn|15\n|\n|t:|1698045116\n|move|p2a: Walking Wake|Sunny Day|p2a: Walking Wake\n|-weather|SunnyDay\n|-activate|p2a: Walking Wake|ability: Protosynthesis\n|-start|p2a: Walking Wake|protosynthesisspe\n|move|p1a: Fezandipiti|Beat Up|p2a: Walking Wake\n|-damage|p2a: Walking Wake|98\/100\n|-damage|p2a: Walking Wake|94\/100\n|-status|p2a: Walking Wake|tox|[from] ability: Toxic Chain|[of] p1a: Fezandipiti\n|-damage|p2a: Walking Wake|91\/100 tox\n|-damage|p2a: Walking Wake|88\/100 tox\n|-damage|p2a: Walking Wake|84\/100 tox\n|-hitcount|p2a: Walking Wake|5\n|\n|-weather|SunnyDay|[upkeep]\n|-damage|p2a: Walking Wake|78\/100 tox|[from] psn\n|upkeep\n|turn|16\n|\n|t:|1698045123\n|move|p2a: Walking Wake|Hydro Steam|p1a: Fezandipiti\n|-damage|p1a: Fezandipiti|31\/100\n|move|p1a: Fezandipiti|Beat Up|p2a: Walking Wake\n|-damage|p2a: Walking Wake|75\/100 tox\n|-damage|p2a: Walking Wake|72\/100 tox\n|-damage|p2a: Walking Wake|68\/100 tox\n|-damage|p2a: Walking Wake|65\/100 tox\n|-damage|p2a: Walking Wake|62\/100 tox\n|-hitcount|p2a: Walking Wake|5\n|\n|-weather|SunnyDay|[upkeep]\n|-damage|p2a: Walking Wake|50\/100 tox|[from] psn\n|upkeep\n|turn|17\n|\n|t:|1698045129\n|move|p2a: Walking Wake|Hydro Steam|p1a: Fezandipiti\n|-damage|p1a: Fezandipiti|0 fnt\n|faint|p1a: Fezandipiti\n|\n|-weather|SunnyDay|[upkeep]\n|-damage|p2a: Walking Wake|31\/100 tox|[from] psn\n|upkeep\n|\n|t:|1698045130\n|switch|p1a: Fezandipiti|Fezandipiti, M|100\/100\n|turn|18\n|\n|t:|1698045136\n|move|p1a: Fezandipiti|Protect|p1a: Fezandipiti\n|-singleturn|p1a: Fezandipiti|Protect\n|move|p2a: Walking Wake|Hydro Steam|p1a: Fezandipiti\n|-activate|p1a: Fezandipiti|move: Protect\n|\n|-weather|SunnyDay|[upkeep]\n|-damage|p2a: Walking Wake|6\/100 tox|[from] psn\n|upkeep\n|turn|19\n|\n|t:|1698045139\n|-end|p2a: Walking Wake|Protosynthesis|[silent]\n|switch|p2a: Alomomola|Alomomola, F|100\/100 tox\n|move|p1a: Fezandipiti|Roost||[still]\n|-fail|p1a: Fezandipiti|heal\n|\n|-weather|none\n|-damage|p2a: Alomomola|94\/100 tox|[from] psn\n|upkeep\n|turn|20\n|\n|t:|1698045142\n|move|p1a: Fezandipiti|Beat Up|p2a: Alomomola\n|-damage|p2a: Alomomola|91\/100 tox\n|-damage|p2a: Alomomola|88\/100 tox\n|-damage|p2a: Alomomola|84\/100 tox\n|-damage|p2a: Alomomola|81\/100 tox\n|-hitcount|p2a: Alomomola|4\n|move|p2a: Alomomola|Wish|p2a: Alomomola\n|\n|-heal|p2a: Alomomola|87\/100 tox|[from] item: Leftovers\n|-damage|p2a: Alomomola|75\/100 tox|[from] psn\n|upkeep\n|turn|21\n|\n|t:|1698045149\n|switch|p2a: Walking Wake|Walking Wake|6\/100 tox\n|move|p1a: Fezandipiti|Beat Up|p2a: Walking Wake\n|-damage|p2a: Walking Wake|2\/100 tox\n|-damage|p2a: Walking Wake|0 fnt\n|faint|p2a: Walking Wake\n|-end|p2a: Walking Wake|Protosynthesis|[silent]\n|-hitcount|p2: Walking Wake|2\n|\n|upkeep\n|\n|t:|1698045152\n|switch|p2a: Ceruledge|Ceruledge, F|100\/100\n|turn|22\n|\n|t:|1698045155\n|move|p1a: Fezandipiti|Beat Up|p2a: Ceruledge\n|-supereffective|p2a: Ceruledge\n|-damage|p2a: Ceruledge|92\/100\n|-supereffective|p2a: Ceruledge\n|-damage|p2a: Ceruledge|83\/100\n|-supereffective|p2a: Ceruledge\n|-damage|p2a: Ceruledge|75\/100\n|-supereffective|p2a: Ceruledge\n|-damage|p2a: Ceruledge|67\/100\n|-hitcount|p2a: Ceruledge|4\n|move|p2a: Ceruledge|Flame Charge|p1a: Fezandipiti\n|-damage|p1a: Fezandipiti|70\/100\n|-boost|p2a: Ceruledge|spe|1\n|\n|upkeep\n|turn|23\n|\n|t:|1698045164\n|move|p2a: Ceruledge|Bulk Up|p2a: Ceruledge\n|-boost|p2a: Ceruledge|atk|1\n|-boost|p2a: Ceruledge|def|1\n|move|p1a: Fezandipiti|Beat Up|p2a: Ceruledge\n|-supereffective|p2a: Ceruledge\n|-damage|p2a: Ceruledge|61\/100\n|-supereffective|p2a: Ceruledge\n|-damage|p2a: Ceruledge|55\/100\n|-status|p2a: Ceruledge|tox|[from] ability: Toxic Chain|[of] p1a: Fezandipiti\n|-supereffective|p2a: Ceruledge\n|-damage|p2a: Ceruledge|50\/100 tox\n|-supereffective|p2a: Ceruledge\n|-damage|p2a: Ceruledge|43\/100 tox\n|-hitcount|p2a: Ceruledge|4\n|\n|-damage|p2a: Ceruledge|37\/100 tox|[from] psn\n|upkeep\n|turn|24\n|\n|t:|1698045168\n|move|p2a: Ceruledge|Bitter Blade|p1a: Fezandipiti\n|-damage|p1a: Fezandipiti|0 fnt\n|-heal|p2a: Ceruledge|86\/100 tox|[from] drain|[of] p1a: Fezandipiti\n|faint|p1a: Fezandipiti\n|\n|-damage|p2a: Ceruledge|74\/100 tox|[from] psn\n|upkeep\n|\n|t:|1698045171\n|switch|p1a: Fezandipiti|Fezandipiti, M|100\/100\n|turn|25\n|\n|t:|1698045174\n|move|p1a: Fezandipiti|Protect|p1a: Fezandipiti\n|-singleturn|p1a: Fezandipiti|Protect\n|move|p2a: Ceruledge|Bitter Blade|p1a: Fezandipiti\n|-activate|p1a: Fezandipiti|move: Protect\n|\n|-damage|p2a: Ceruledge|55\/100 tox|[from] psn\n|upkeep\n|turn|26\n|\n|t:|1698045177\n|move|p1a: Fezandipiti|Protect|p1a: Fezandipiti\n|-singleturn|p1a: Fezandipiti|Protect\n|move|p2a: Ceruledge|Bitter Blade|p1a: Fezandipiti\n|-activate|p1a: Fezandipiti|move: Protect\n|\n|-damage|p2a: Ceruledge|31\/100 tox|[from] psn\n|upkeep\n|turn|27\n|\n|t:|1698045180\n|move|p1a: Fezandipiti|Protect||[still]\n|-fail|p1a: Fezandipiti\n|move|p2a: Ceruledge|Bitter Blade|p1a: Fezandipiti\n|-damage|p1a: Fezandipiti|18\/100\n|-heal|p2a: Ceruledge|89\/100 tox|[from] drain|[of] p1a: Fezandipiti\n|\n|-damage|p2a: Ceruledge|58\/100 tox|[from] psn\n|upkeep\n|turn|28\n|\n|t:|1698045183\n|move|p1a: Fezandipiti|Protect|p1a: Fezandipiti\n|-singleturn|p1a: Fezandipiti|Protect\n|move|p2a: Ceruledge|Bitter Blade|p1a: Fezandipiti\n|-activate|p1a: Fezandipiti|move: Protect\n|\n|-damage|p2a: Ceruledge|21\/100 tox|[from] psn\n|upkeep\n|turn|29\n|\n|t:|1698045186\n|move|p1a: Fezandipiti|Protect||[still]\n|-fail|p1a: Fezandipiti\n|move|p2a: Ceruledge|Shadow Sneak|p1a: Fezandipiti\n|-damage|p1a: Fezandipiti|0 fnt\n|faint|p1a: Fezandipiti\n|\n|-damage|p2a: Ceruledge|0 fnt|[from] psn\n|faint|p2a: Ceruledge\n|upkeep\n|\n|t:|1698045192\n|switch|p1a: Fezandipiti|Fezandipiti, M|100\/100\n|switch|p2a: Sinistcha|Sinistcha|100\/100\n|turn|30\n|\n|t:|1698045196\n|move|p1a: Fezandipiti|Beat Up|p2a: Sinistcha\n|-supereffective|p2a: Sinistcha\n|-damage|p2a: Sinistcha|91\/100\n|-supereffective|p2a: Sinistcha\n|-damage|p2a: Sinistcha|80\/100\n|-hitcount|p2a: Sinistcha|2\n|move|p2a: Sinistcha|Strength Sap|p1a: Fezandipiti\n|-unboost|p1a: Fezandipiti|atk|1\n|-heal|p2a: Sinistcha|100\/100\n|\n|upkeep\n|turn|31\n|\n|t:|1698045206\n|move|p1a: Fezandipiti|Beat Up|p2a: Sinistcha\n|-supereffective|p2a: Sinistcha\n|-damage|p2a: Sinistcha|94\/100\n|-supereffective|p2a: Sinistcha\n|-damage|p2a: Sinistcha|88\/100\n|-status|p2a: Sinistcha|tox|[from] ability: Toxic Chain|[of] p1a: Fezandipiti\n|-hitcount|p2a: Sinistcha|2\n|move|p2a: Sinistcha|Strength Sap|p1a: Fezandipiti\n|-unboost|p1a: Fezandipiti|atk|1\n|-heal|p2a: Sinistcha|100\/100 tox\n|\n|-damage|p2a: Sinistcha|95\/100 tox|[from] psn\n|upkeep\n|turn|32\n|\n|t:|1698045223\n|move|p1a: Fezandipiti|Beat Up|p2a: Sinistcha\n|-supereffective|p2a: Sinistcha\n|-damage|p2a: Sinistcha|90\/100 tox\n|-supereffective|p2a: Sinistcha\n|-damage|p2a: Sinistcha|85\/100 tox\n|-hitcount|p2a: Sinistcha|2\n|move|p2a: Sinistcha|Matcha Gotcha|p1a: Fezandipiti\n|-resisted|p1a: Fezandipiti\n|-damage|p1a: Fezandipiti|82\/100\n|-heal|p2a: Sinistcha|99\/100 tox|[from] drain|[of] p1a: Fezandipiti\n|\n|-damage|p2a: Sinistcha|87\/100 tox|[from] psn\n|upkeep\n|turn|33\n|\n|t:|1698045227\n|move|p1a: Fezandipiti|Beat Up|p2a: Sinistcha\n|-supereffective|p2a: Sinistcha\n|-damage|p2a: Sinistcha|81\/100 tox\n|-supereffective|p2a: Sinistcha\n|-damage|p2a: Sinistcha|77\/100 tox\n|-hitcount|p2a: Sinistcha|2\n|move|p2a: Sinistcha|Matcha Gotcha|p1a: Fezandipiti\n|-resisted|p1a: Fezandipiti\n|-damage|p1a: Fezandipiti|65\/100\n|-heal|p2a: Sinistcha|90\/100 tox|[from] drain|[of] p1a: Fezandipiti\n|-status|p1a: Fezandipiti|brn\n|\n|-damage|p2a: Sinistcha|72\/100 tox|[from] psn\n|-damage|p1a: Fezandipiti|59\/100 brn|[from] brn\n|upkeep\n|turn|34\n|\n|t:|1698045233\n|move|p1a: Fezandipiti|Roost|p1a: Fezandipiti\n|-heal|p1a: Fezandipiti|100\/100 brn\n|-singleturn|p1a: Fezandipiti|move: Roost\n|move|p2a: Sinistcha|Strength Sap|p1a: Fezandipiti\n|-unboost|p1a: Fezandipiti|atk|1\n|-heal|p2a: Sinistcha|100\/100 tox\n|\n|-damage|p2a: Sinistcha|77\/100 tox|[from] psn\n|-damage|p1a: Fezandipiti|95\/100 brn|[from] brn\n|upkeep\n|turn|35\n|\n|t:|1698045236\n|move|p1a: Fezandipiti|Beat Up|p2a: Sinistcha\n|-supereffective|p2a: Sinistcha\n|-damage|p2a: Sinistcha|74\/100 tox\n|-supereffective|p2a: Sinistcha\n|-damage|p2a: Sinistcha|72\/100 tox\n|-hitcount|p2a: Sinistcha|2\n|move|p2a: Sinistcha|Strength Sap|p1a: Fezandipiti\n|-unboost|p1a: Fezandipiti|atk|1\n|-heal|p2a: Sinistcha|100\/100 tox\n|\n|-damage|p2a: Sinistcha|71\/100 tox|[from] psn\n|-damage|p1a: Fezandipiti|89\/100 brn|[from] brn\n|upkeep\n|turn|36\n|\n|t:|1698045239\n|move|p1a: Fezandipiti|Beat Up|p2a: Sinistcha\n|-supereffective|p2a: Sinistcha\n|-damage|p2a: Sinistcha|68\/100 tox\n|-supereffective|p2a: Sinistcha\n|-damage|p2a: Sinistcha|67\/100 tox\n|-hitcount|p2a: Sinistcha|2\n|move|p2a: Sinistcha|Strength Sap|p1a: Fezandipiti\n|-unboost|p1a: Fezandipiti|atk|1\n|-heal|p2a: Sinistcha|100\/100 tox\n|\n|-damage|p2a: Sinistcha|65\/100 tox|[from] psn\n|-damage|p1a: Fezandipiti|83\/100 brn|[from] brn\n|upkeep\n|turn|37\n|\n|t:|1698045242\n|move|p1a: Fezandipiti|Roost|p1a: Fezandipiti\n|-heal|p1a: Fezandipiti|100\/100 brn\n|-singleturn|p1a: Fezandipiti|move: Roost\n|move|p2a: Sinistcha|Giga Drain|p1a: Fezandipiti\n|-resisted|p1a: Fezandipiti\n|-damage|p1a: Fezandipiti|83\/100 brn\n|-heal|p2a: Sinistcha|77\/100 tox|[from] drain|[of] p1a: Fezandipiti\n|\n|-damage|p2a: Sinistcha|35\/100 tox|[from] psn\n|-damage|p1a: Fezandipiti|77\/100 brn|[from] brn\n|upkeep\n|turn|38\n|\n|t:|1698045245\n|move|p1a: Fezandipiti|Beat Up|p2a: Sinistcha\n|-supereffective|p2a: Sinistcha\n|-damage|p2a: Sinistcha|34\/100 tox\n|-supereffective|p2a: Sinistcha\n|-damage|p2a: Sinistcha|32\/100 tox\n|-hitcount|p2a: Sinistcha|2\n|move|p2a: Sinistcha|Strength Sap|p1a: Fezandipiti\n|-unboost|p1a: Fezandipiti|atk|1\n|-heal|p2a: Sinistcha|69\/100 tox\n|\n|-damage|p2a: Sinistcha|21\/100 tox|[from] psn\n|-damage|p1a: Fezandipiti|71\/100 brn|[from] brn\n|upkeep\n|turn|39\n|\n|t:|1698045248\n|move|p1a: Fezandipiti|Roost|p1a: Fezandipiti\n|-heal|p1a: Fezandipiti|100\/100 brn\n|-singleturn|p1a: Fezandipiti|move: Roost\n|move|p2a: Sinistcha|Strength Sap||[still]\n|-fail|p2a: Sinistcha\n|\n|-damage|p2a: Sinistcha|0 fnt|[from] psn\n|faint|p2a: Sinistcha\n|-damage|p1a: Fezandipiti|95\/100 brn|[from] brn\n|upkeep\n|\n|t:|1698045251\n|switch|p2a: Alomomola|Alomomola, F|100\/100 tox\n|turn|40\n|c|\u2606fletchermed|having fun?\n|\n|t:|1698045256\n|switch|p1a: Fezandipiti|Fezandipiti, M|100\/100\n|move|p2a: Alomomola|Calm Mind|p2a: Alomomola\n|-boost|p2a: Alomomola|spa|1\n|-boost|p2a: Alomomola|spd|1\n|\n|-damage|p2a: Alomomola|94\/100 tox|[from] psn\n|upkeep\n|turn|41\n|\n|t:|1698045260\n|move|p1a: Fezandipiti|Beat Up|p2a: Alomomola\n|-damage|p2a: Alomomola|91\/100 tox\n|-hitcount|p2a: Alomomola|1\n|move|p2a: Alomomola|Calm Mind|p2a: Alomomola\n|-boost|p2a: Alomomola|spa|1\n|-boost|p2a: Alomomola|spd|1\n|\n|-heal|p2a: Alomomola|97\/100 tox|[from] item: Leftovers\n|-damage|p2a: Alomomola|85\/100 tox|[from] psn\n|upkeep\n|turn|42\n|c|\u2606fletchermed|dont think either of those stats will help you\n|\n|t:|1698045269\n|move|p1a: Fezandipiti|Beat Up|p2a: Alomomola\n|-damage|p2a: Alomomola|82\/100 tox\n|-hitcount|p2a: Alomomola|1\n|move|p2a: Alomomola|Calm Mind|p2a: Alomomola\n|-boost|p2a: Alomomola|spa|1\n|-boost|p2a: Alomomola|spd|1\n|\n|-heal|p2a: Alomomola|88\/100 tox|[from] item: Leftovers\n|-damage|p2a: Alomomola|69\/100 tox|[from] psn\n|upkeep\n|turn|43\n|\n|t:|1698045273\n|move|p1a: Fezandipiti|Beat Up|p2a: Alomomola\n|-damage|p2a: Alomomola|66\/100 tox\n|-hitcount|p2a: Alomomola|1\n|move|p2a: Alomomola|Wish|p2a: Alomomola\n|\n|-heal|p2a: Alomomola|72\/100 tox|[from] item: Leftovers\n|-damage|p2a: Alomomola|48\/100 tox|[from] psn\n|upkeep\n|turn|44\n|\n|t:|1698045274\n|move|p1a: Fezandipiti|Beat Up|p2a: Alomomola\n|-damage|p2a: Alomomola|44\/100 tox\n|-hitcount|p2a: Alomomola|1\n|move|p2a: Alomomola|Ice Beam|p1a: Fezandipiti\n|-crit|p1a: Fezandipiti\n|-damage|p1a: Fezandipiti|53\/100\n|\n|-heal|p2a: Alomomola|94\/100 tox|[from] move: Wish|[wisher] Alomomola\n|-heal|p2a: Alomomola|100\/100 tox|[from] item: Leftovers\n|-damage|p2a: Alomomola|70\/100 tox|[from] psn\n|upkeep\n|turn|45\n|\n|t:|1698045288\n|move|p1a: Fezandipiti|Roost|p1a: Fezandipiti\n|-heal|p1a: Fezandipiti|100\/100\n|-singleturn|p1a: Fezandipiti|move: Roost\n|move|p2a: Alomomola|Wish|p2a: Alomomola\n|\n|-heal|p2a: Alomomola|76\/100 tox|[from] item: Leftovers\n|-damage|p2a: Alomomola|39\/100 tox|[from] psn\n|upkeep\n|turn|46\n|\n|t:|1698045291\n|move|p1a: Fezandipiti|Beat Up|p2a: Alomomola\n|-damage|p2a: Alomomola|36\/100 tox\n|-hitcount|p2a: Alomomola|1\n|move|p2a: Alomomola|Ice Beam|p1a: Fezandipiti\n|-damage|p1a: Fezandipiti|70\/100\n|\n|-heal|p2a: Alomomola|85\/100 tox|[from] move: Wish|[wisher] Alomomola\n|-heal|p2a: Alomomola|92\/100 tox|[from] item: Leftovers\n|-damage|p2a: Alomomola|48\/100 tox|[from] psn\n|upkeep\n|turn|47\n|\n|t:|1698045295\n|move|p1a: Fezandipiti|Beat Up|p2a: Alomomola\n|-damage|p2a: Alomomola|45\/100 tox\n|-hitcount|p2a: Alomomola|1\n|move|p2a: Alomomola|Ice Beam|p1a: Fezandipiti\n|-damage|p1a: Fezandipiti|40\/100\n|\n|-heal|p2a: Alomomola|51\/100 tox|[from] item: Leftovers\n|-damage|p2a: Alomomola|2\/100 tox|[from] psn\n|upkeep\n|turn|48\n|\n|t:|1698045298\n|move|p1a: Fezandipiti|Roost|p1a: Fezandipiti\n|-heal|p1a: Fezandipiti|90\/100\n|-singleturn|p1a: Fezandipiti|move: Roost\n|move|p2a: Alomomola|Ice Beam|p1a: Fezandipiti\n|-damage|p1a: Fezandipiti|60\/100\n|\n|-heal|p2a: Alomomola|8\/100 tox|[from] item: Leftovers\n|-damage|p2a: Alomomola|0 fnt|[from] psn\n|faint|p2a: Alomomola\n|\n|win|fletchermed\n|upkeep\n|raw|fletchermed's rating: 1176 &rarr; <strong>1189<\/strong><br \/>(+13 for winning)\n|raw|zephyrnaa's rating: 1000 &rarr; <strong>1000<\/strong><br \/>(+0 for losing)\n|l|\u2606zephyrnaa\n","uploadtime":1698045304,"views":13,"p1id":"fletchermed","p2id":"zephyrnaa","formatid":"gen9anythinggoes","rating":1000,"private":0,"password":""}