{"id":"gen9anythinggoes-1989037101","p1":"Genesis94","p2":"tinytoonlink97","format":"[Gen 9] Anything Goes","log":"|j|\u2606Genesis94\n|j|\u2606tinytoonlink97\n|t:|1699805078\n|gametype|singles\n|player|p1|Genesis94|lance|\n|player|p2|tinytoonlink97|ethan|\n|teamsize|p1|6\n|teamsize|p2|6\n|gen|9\n|tier|[Gen 9] Anything Goes\n|rule|HP Percentage Mod: HP is shown in percentages\n|rule|Endless Battle Clause: Forcing endless battles is banned\n|clearpoke\n|poke|p1|Noivern, M|\n|poke|p1|Talonflame, M|\n|poke|p1|Slither Wing|\n|poke|p1|Milotic, F|\n|poke|p1|Magearna|\n|poke|p1|Glimmora, M|\n|poke|p2|Mandibuzz, F|\n|poke|p2|Mamoswine, M|\n|poke|p2|Komala, M|\n|poke|p2|Zoroark-Hisui, M|\n|poke|p2|Eelektross, M|\n|poke|p2|Empoleon, M|\n|teampreview\n|c|\u2606tinytoonlink97|Gl hf\n|c|\u2606Genesis94|Gl hf\n|\n|t:|1699805164\n|start\n|switch|p1a: Uchiha|Noivern, M, shiny|100\/100\n|switch|p2a: Shego|Mandibuzz, F|100\/100\n|turn|1\n|\n|t:|1699805196\n|move|p2a: Shego|Protect|p2a: Shego\n|-singleturn|p2a: Shego|Protect\n|move|p1a: Uchiha|U-turn|p2a: Shego\n|-activate|p2a: Shego|move: Protect\n|\n|upkeep\n|turn|2\n|\n|t:|1699805207\n|move|p1a: Uchiha|U-turn|p2a: Shego\n|-damage|p2a: Shego|94\/100\n|\n|t:|1699805216\n|switch|p1a: Namikaze|Magearna|100\/100|[from] U-turn\n|move|p2a: Shego|U-turn|p1a: Namikaze\n|-resisted|p1a: Namikaze\n|-damage|p1a: Namikaze|98\/100\n|\n|t:|1699805234\n|switch|p2a: Wade|Eelektross, M, shiny|100\/100|[from] U-turn\n|\n|upkeep\n|turn|3\n|\n|t:|1699805254\n|switch|p1a: Taka|Talonflame, M|100\/100\n|move|p2a: Wade|Flamethrower|p1a: Taka\n|-resisted|p1a: Taka\n|-damage|p1a: Taka|78\/100\n|\n|upkeep\n|turn|4\n|\n|t:|1699805310\n|switch|p1a: Uzumaki|Slither Wing|100\/100\n|switch|p2a: Shego|Mandibuzz, F|94\/100\n|\n|upkeep\n|turn|5\n|\n|t:|1699805319\n|move|p2a: Shego|Protect|p2a: Shego\n|-singleturn|p2a: Shego|Protect\n|move|p1a: Uzumaki|Leech Life|p2a: Shego\n|-activate|p2a: Shego|move: Protect\n|\n|upkeep\n|turn|6\n|\n|t:|1699805355\n|move|p1a: Uzumaki|Leech Life|p2a: Shego\n|-damage|p2a: Shego|71\/100\n|move|p2a: Shego|Roost|p2a: Shego\n|-heal|p2a: Shego|100\/100\n|-singleturn|p2a: Shego|move: Roost\n|\n|upkeep\n|turn|7\n|\n|t:|1699805366\n|move|p2a: Shego|Knock Off|p1a: Uzumaki\n|-resisted|p1a: Uzumaki\n|-damage|p1a: Uzumaki|89\/100\n|-damage|p2a: Shego|84\/100|[from] item: Rocky Helmet|[of] p1a: Uzumaki\n|-enditem|p1a: Uzumaki|Rocky Helmet|[from] move: Knock Off|[of] p2a: Shego\n|move|p1a: Uzumaki|Whirlwind|p2a: Shego\n|drag|p2a: Wade|Eelektross, M, shiny|100\/100\n|\n|upkeep\n|turn|8\n|\n|t:|1699805395\n|-end|p1a: Uzumaki|Protosynthesis|[silent]\n|switch|p1a: Glimmora|Glimmora, M|100\/100\n|switch|p2a: Shego|Mandibuzz, F|84\/100\n|\n|upkeep\n|turn|9\n|\n|t:|1699805401\n|switch|p2a: Rufus|Komala, M|100\/100\n|-ability|p2a: Rufus|Comatose\n|move|p1a: Glimmora|Stealth Rock|p2a: Rufus\n|-sidestart|p2: tinytoonlink97|move: Stealth Rock\n|\n|upkeep\n|turn|10\n|\n|t:|1699805413\n|move|p1a: Glimmora|Sludge Wave|p2a: Rufus\n|-damage|p2a: Rufus|67\/100\n|move|p2a: Rufus|Knock Off|p1a: Glimmora\n|-damage|p1a: Glimmora|62\/100\n|-activate|p1a: Glimmora|ability: Toxic Debris\n|-sidestart|p2: tinytoonlink97|move: Toxic Spikes\n|-enditem|p1a: Glimmora|Focus Sash|[from] move: Knock Off|[of] p2a: Rufus\n|\n|upkeep\n|turn|11\n|\n|t:|1699805425\n|move|p1a: Glimmora|Sludge Wave|p2a: Rufus\n|-damage|p2a: Rufus|34\/100\n|move|p2a: Rufus|Rapid Spin|p1a: Glimmora\n|-resisted|p1a: Glimmora\n|-damage|p1a: Glimmora|46\/100\n|-boost|p2a: Rufus|spe|1\n|-activate|p1a: Glimmora|ability: Toxic Debris\n|-sidestart|p2: tinytoonlink97|move: Toxic Spikes\n|-sideend|p2: tinytoonlink97|Toxic Spikes|[from] move: Rapid Spin|[of] p2a: Rufus\n|-sideend|p2: tinytoonlink97|Stealth Rock|[from] move: Rapid Spin|[of] p2a: Rufus\n|\n|upkeep\n|turn|12\n|\n|t:|1699805481\n|move|p1a: Glimmora|Sludge Wave|p2a: Rufus\n|-damage|p2a: Rufus|0 fnt\n|faint|p2a: Rufus\n|\n|upkeep\n|\n|t:|1699805491\n|switch|p2a: Killigan|Mamoswine, M|100\/100\n|turn|13\n|\n|t:|1699805501\n|move|p1a: Glimmora|Earth Power|p2a: Killigan\n|-damage|p2a: Killigan|59\/100\n|move|p2a: Killigan|Icicle Crash|p1a: Glimmora\n|-damage|p1a: Glimmora|0 fnt\n|-activate|p1a: Glimmora|ability: Toxic Debris\n|-sidestart|p2: tinytoonlink97|move: Toxic Spikes\n|faint|p1a: Glimmora\n|\n|upkeep\n|\n|t:|1699805509\n|switch|p1a: Hyuga|Milotic, F|100\/100\n|turn|14\n|\n|t:|1699805517\n|switch|p2a: Wade|Eelektross, M, shiny|100\/100\n|move|p1a: Hyuga|Scald|p2a: Wade\n|-damage|p2a: Wade|73\/100\n|-status|p2a: Wade|brn\n|\n|-damage|p2a: Wade|67\/100 brn|[from] brn\n|-status|p1a: Hyuga|brn|[from] item: Flame Orb\n|upkeep\n|turn|15\n|\n|t:|1699805528\n|switch|p1a: Taka|Talonflame, M|78\/100\n|move|p2a: Wade|Super Fang|p1a: Taka\n|-damage|p1a: Taka|39\/100\n|\n|-damage|p2a: Wade|61\/100 brn|[from] brn\n|upkeep\n|turn|16\n|\n|t:|1699805538\n|switch|p2a: Shego|Mandibuzz, F|84\/100\n|move|p1a: Taka|Roost|p1a: Taka\n|-heal|p1a: Taka|90\/100\n|-singleturn|p1a: Taka|move: Roost\n|\n|upkeep\n|turn|17\n|\n|t:|1699805556\n|switch|p1a: Uchiha|Noivern, M, shiny|100\/100\n|move|p2a: Shego|Knock Off|p1a: Uchiha\n|-damage|p1a: Uchiha|66\/100\n|-enditem|p1a: Uchiha|Choice Specs|[from] move: Knock Off|[of] p2a: Shego\n|\n|upkeep\n|turn|18\n|\n|t:|1699805626\n|switch|p2a: Ron|Empoleon, M|100\/100\n|-terastallize|p1a: Uchiha|Normal\n|move|p1a: Uchiha|Boomburst|p2a: Ron\n|-resisted|p2a: Ron\n|-damage|p2a: Ron|64\/100\n|\n|-heal|p2a: Ron|70\/100|[from] item: Leftovers\n|upkeep\n|turn|19\n|\n|t:|1699805643\n|switch|p1a: Namikaze|Magearna|98\/100\n|move|p2a: Ron|Flip Turn|p1a: Namikaze\n|-damage|p1a: Namikaze|86\/100\n|\n|t:|1699805677\n|switch|p2a: Shego|Mandibuzz, F|100\/100|[from] Flip Turn\n|-status|p2a: Shego|psn\n|\n|-damage|p2a: Shego|88\/100 psn|[from] psn\n|upkeep\n|turn|20\n|\n|t:|1699805684\n|move|p2a: Shego|U-turn|p1a: Namikaze\n|-resisted|p1a: Namikaze\n|-damage|p1a: Namikaze|84\/100\n|\n|t:|1699805689\n|switch|p2a: Ron|Empoleon, M|70\/100|[from] U-turn\n|move|p1a: Namikaze|Fleur Cannon|p2a: Ron\n|-resisted|p2a: Ron\n|-damage|p2a: Ron|32\/100\n|-unboost|p1a: Namikaze|spa|2\n|\n|-heal|p2a: Ron|38\/100|[from] item: Leftovers\n|upkeep\n|turn|21\n|\n|t:|1699805704\n|switch|p1a: Hyuga|Milotic, F|100\/100 brn\n|move|p2a: Ron|Flip Turn|p1a: Hyuga\n|-resisted|p1a: Hyuga\n|-damage|p1a: Hyuga|97\/100 brn\n|\n|t:|1699805710\n|switch|p2a: Wade|Eelektross, M, shiny|61\/100 brn|[from] Flip Turn\n|\n|-damage|p1a: Hyuga|91\/100 brn|[from] brn\n|-damage|p2a: Wade|55\/100 brn|[from] brn\n|upkeep\n|turn|22\n|\n|t:|1699805731\n|move|p1a: Hyuga|Scald|p2a: Wade\n|-damage|p2a: Wade|30\/100 brn\n|move|p2a: Wade|Thunderbolt|p1a: Hyuga\n|-supereffective|p1a: Hyuga\n|-damage|p1a: Hyuga|17\/100 brn\n|\n|-damage|p1a: Hyuga|11\/100 brn|[from] brn\n|-damage|p2a: Wade|24\/100 brn|[from] brn\n|upkeep\n|turn|23\n|\n|t:|1699805743\n|switch|p2a: Ron|Empoleon, M|38\/100\n|move|p1a: Hyuga|Flip Turn|p2a: Ron\n|-resisted|p2a: Ron\n|-damage|p2a: Ron|35\/100\n|\n|t:|1699805757\n|switch|p1a: Uzumaki|Slither Wing|89\/100|[from] Flip Turn\n|\n|-heal|p2a: Ron|42\/100|[from] item: Leftovers\n|upkeep\n|turn|24\n|\n|t:|1699805823\n|switch|p2a: Shego|Mandibuzz, F|84\/100\n|move|p1a: Uzumaki|Close Combat|p2a: Shego\n|-damage|p2a: Shego|49\/100\n|-unboost|p1a: Uzumaki|def|1\n|-unboost|p1a: Uzumaki|spd|1\n|\n|upkeep\n|turn|25\n|\n|t:|1699805843\n|-end|p1a: Uzumaki|Protosynthesis|[silent]\n|switch|p1a: Namikaze|Magearna|84\/100\n|move|p2a: Shego|Roost|p2a: Shego\n|-heal|p2a: Shego|99\/100\n|-singleturn|p2a: Shego|move: Roost\n|\n|upkeep\n|turn|26\n|\n|t:|1699805851\n|switch|p2a: Ron|Empoleon, M|42\/100\n|move|p1a: Namikaze|Volt Switch|p2a: Ron\n|-supereffective|p2a: Ron\n|-damage|p2a: Ron|0 fnt\n|faint|p2a: Ron\n|-ability|p1a: Namikaze|Soul-Heart|boost\n|-boost|p1a: Namikaze|spa|1\n|\n|t:|1699805858\n|switch|p1a: Hyuga|Milotic, F|11\/100 brn|[from] Volt Switch\n|\n|-damage|p1a: Hyuga|5\/100 brn|[from] brn\n|upkeep\n|\n|t:|1699805873\n|switch|p2a: Wade|Eelektross, M, shiny|24\/100 brn\n|turn|27\n|\n|t:|1699805880\n|move|p1a: Hyuga|Flip Turn|p2a: Wade\n|-damage|p2a: Wade|16\/100 brn\n|\n|t:|1699805884\n|switch|p1a: Uzumaki|Slither Wing|89\/100|[from] Flip Turn\n|move|p2a: Wade|Thunderbolt|p1a: Uzumaki\n|-damage|p1a: Uzumaki|52\/100\n|-status|p1a: Uzumaki|par\n|\n|-damage|p2a: Wade|10\/100 brn|[from] brn\n|upkeep\n|turn|28\n|\n|t:|1699805918\n|move|p1a: Uzumaki|Morning Sun|p1a: Uzumaki\n|-heal|p1a: Uzumaki|100\/100 par\n|move|p2a: Wade|Flamethrower|p1a: Uzumaki\n|-supereffective|p1a: Uzumaki\n|-damage|p1a: Uzumaki|37\/100 par\n|\n|-damage|p2a: Wade|4\/100 brn|[from] brn\n|upkeep\n|turn|29\n|\n|t:|1699805931\n|switch|p2a: Shego|Mandibuzz, F|99\/100\n|move|p1a: Uzumaki|Morning Sun|p1a: Uzumaki\n|-heal|p1a: Uzumaki|87\/100 par\n|\n|upkeep\n|turn|30\n|\n|t:|1699805949\n|move|p2a: Shego|Roost|p2a: Shego\n|-heal|p2a: Shego|100\/100\n|-singleturn|p2a: Shego|move: Roost\n|move|p1a: Uzumaki|Leech Life|p2a: Shego\n|-supereffective|p2a: Shego\n|-crit|p2a: Shego\n|-damage|p2a: Shego|37\/100\n|-heal|p1a: Uzumaki|100\/100 par|[from] drain|[of] p2a: Shego\n|\n|upkeep\n|turn|31\n|\n|t:|1699805964\n|switch|p2a: Wade|Eelektross, M, shiny|4\/100 brn\n|move|p1a: Uzumaki|Leech Life|p2a: Wade\n|-damage|p2a: Wade|0 fnt\n|faint|p2a: Wade\n|\n|upkeep\n|\n|t:|1699805971\n|switch|p2a: Shego|Mandibuzz, F|88\/100 psn\n|turn|32\n|\n|t:|1699805984\n|-end|p1a: Uzumaki|Protosynthesis|[silent]\n|switch|p1a: Hyuga|Milotic, F|5\/100 brn\n|move|p2a: Shego|Shadow Ball|p1a: Hyuga\n|-damage|p1a: Hyuga|0 fnt\n|faint|p1a: Hyuga\n|\n|-damage|p2a: Shego|76\/100 psn|[from] psn\n|upkeep\n|\n|t:|1699805986\n|switch|p1a: Uchiha|Noivern, M, shiny, tera:Normal|66\/100\n|turn|33\n|\n|t:|1699806031\n|switch|p2a: Shego|Mandibuzz, F|37\/100\n|move|p1a: Uchiha|Shadow Ball|p2a: Shego\n|-resisted|p2a: Shego\n|-damage|p2a: Shego|25\/100\n|\n|upkeep\n|turn|34\n|\n|t:|1699806044\n|move|p1a: Uchiha|Boomburst|p2a: Shego\n|-damage|p2a: Shego|0 fnt\n|faint|p2a: Shego\n|\n|upkeep\n|\n|t:|1699806048\n|switch|p2a: Killigan|Mamoswine, M|76\/100 psn\n|turn|35\n|\n|t:|1699806061\n|switch|p1a: Taka|Talonflame, M|90\/100\n|move|p2a: Killigan|Shadow Ball|p1a: Taka\n|-damage|p1a: Taka|21\/100\n|\n|-damage|p2a: Killigan|64\/100 psn|[from] psn\n|upkeep\n|turn|36\n|\n|t:|1699806076\n|switch|p2a: Killigan|Mamoswine, M|59\/100\n|-status|p2a: Killigan|psn\n|move|p1a: Taka|Flare Blitz|p2a: Killigan\n|-supereffective|p2a: Killigan\n|-damage|p2a: Killigan|0 fnt\n|faint|p2a: Killigan\n|-damage|p1a: Taka|2\/100|[from] Recoil\n|\n|upkeep\n|\n|t:|1699806087\n|switch|p2a: Billig Preis|Zoroark-Hisui, M, shiny|64\/100 psn\n|turn|37\n|\n|t:|1699806092\n|move|p2a: Billig Preis|Flamethrower|p1a: Taka\n|-resisted|p1a: Taka\n|-damage|p1a: Taka|0 fnt\n|faint|p1a: Taka\n|\n|-damage|p2a: Billig Preis|51\/100 psn|[from] psn\n|upkeep\n|\n|t:|1699806095\n|switch|p1a: Uchiha|Noivern, M, shiny, tera:Normal|66\/100\n|turn|38\n|\n|t:|1699806101\n|move|p2a: Billig Preis|Flamethrower|p1a: Uchiha\n|-damage|p1a: Uchiha|27\/100\n|move|p1a: Uchiha|Shadow Ball|p2a: Billig Preis\n|-immune|p2a: Billig Preis\n|\n|-damage|p2a: Billig Preis|39\/100 psn|[from] psn\n|upkeep\n|turn|39\n|\n|t:|1699806121\n|move|p2a: Billig Preis|Flamethrower|p1a: Uchiha\n|-damage|p1a: Uchiha|0 fnt\n|faint|p1a: Uchiha\n|\n|-damage|p2a: Billig Preis|27\/100 psn|[from] psn\n|upkeep\n|\n|t:|1699806123\n|switch|p1a: Uzumaki|Slither Wing|100\/100 par\n|turn|40\n|\n|t:|1699806130\n|move|p2a: Billig Preis|Flamethrower|p1a: Uzumaki\n|-supereffective|p1a: Uzumaki\n|-damage|p1a: Uzumaki|39\/100 par\n|move|p1a: Uzumaki|Leech Life|p2a: Billig Preis\n|-resisted|p2a: Billig Preis\n|-damage|p2a: Billig Preis|0 fnt\n|-heal|p1a: Uzumaki|48\/100 par|[from] drain|[of] p2a: Billig Preis\n|faint|p2a: Billig Preis\n|\n|win|Genesis94\n|c|\u2606Genesis94|GG\n|c|\u2606tinytoonlink97|gg\n|c|\u2606Genesis94|ich hab mich verdr\u00fcckt xD\n|c|\u2606Genesis94|wollte uturn \ud83d\ude02\n|l|\u2606Genesis94\n","uploadtime":1699806143,"views":28,"p1id":"genesis94","p2id":"tinytoonlink97","formatid":"gen9anythinggoes","rating":0,"private":0,"password":""}