{"id":"gen9anythinggoes-1978457908","p1":"A Bread Sandwich","p2":"bailongzhenshuai","format":"[Gen 9] Anything Goes","log":"|j|\u2606A Bread Sandwich\n|j|\u2606bailongzhenshuai\n|t:|1698541537\n|gametype|singles\n|player|p1|A Bread Sandwich|triathleteswimmer-gen6|1657\n|player|p2|bailongzhenshuai|roxie|1829\n|teamsize|p1|6\n|teamsize|p2|6\n|gen|9\n|tier|[Gen 9] Anything Goes\n|rated|\n|rule|HP Percentage Mod: HP is shown in percentages\n|rule|Endless Battle Clause: Forcing endless battles is banned\n|clearpoke\n|poke|p1|Alomomola, F|\n|poke|p1|Blissey, F|\n|poke|p1|Mandibuzz, F|\n|poke|p1|Dondozo, F|\n|poke|p1|Clodsire, M|\n|poke|p1|Toxapex, M|\n|poke|p2|Calyrex-Shadow|\n|poke|p2|Wo-Chien|\n|poke|p2|Kyogre|\n|poke|p2|Zacian-*|\n|poke|p2|Arceus-Fairy|\n|poke|p2|Koraidon|\n|teampreview\n|inactive|Battle timer is ON: inactive players will automatically lose when time's up. (requested by bailongzhenshuai)\n|c|\u2606A Bread Sandwich|glhf\n|\n|t:|1698541554\n|start\n|switch|p1a: Toxapex|Toxapex, M|100\/100\n|switch|p2a: Arceus|Arceus-Fairy|100\/100\n|turn|1\n|\n|t:|1698541576\n|move|p2a: Arceus|Taunt|p1a: Toxapex\n|-start|p1a: Toxapex|move: Taunt\n|move|p1a: Toxapex|Infestation|p2a: Arceus\n|-resisted|p2a: Arceus\n|-damage|p2a: Arceus|99\/100\n|-activate|p2a: Arceus|move: Infestation|[of] p1a: Toxapex\n|\n|-damage|p2a: Arceus|87\/100|[from] move: Infestation|[partiallytrapped]\n|upkeep\n|turn|2\n|\n|t:|1698541596\n|switch|p1a: Blissey|Blissey, F|100\/100\n|move|p2a: Arceus|Stealth Rock|p1a: Blissey\n|-sidestart|p1: A Bread Sandwich|move: Stealth Rock\n|\n|-end|p2a: Arceus|Infestation|[partiallytrapped]|[silent]\n|upkeep\n|turn|3\n|\n|t:|1698541601\n|move|p2a: Arceus|Taunt|p1a: Blissey\n|-start|p1a: Blissey|move: Taunt\n|move|p1a: Blissey|Seismic Toss|p2a: Arceus\n|-damage|p2a: Arceus|65\/100\n|\n|upkeep\n|turn|4\n|\n|t:|1698541607\n|switch|p2a: Koraidon|Koraidon|100\/100\n|-weather|SunnyDay|[from] ability: Orichalcum Pulse|[of] p2a: Koraidon\n|-activate|p2a: Koraidon|Orichalcum Pulse|[source]\n|move|p1a: Blissey|Seismic Toss|p2a: Koraidon\n|-damage|p2a: Koraidon|71\/100\n|\n|-weather|SunnyDay|[upkeep]\n|upkeep\n|turn|5\n|\n|t:|1698541615\n|switch|p1a: Alomomola|Alomomola, F|100\/100\n|-damage|p1a: Alomomola|88\/100|[from] Stealth Rock\n|move|p2a: Koraidon|Outrage|p1a: Alomomola\n|-damage|p1a: Alomomola|46\/100\n|-damage|p2a: Koraidon|55\/100|[from] item: Rocky Helmet|[of] p1a: Alomomola\n|\n|-weather|SunnyDay|[upkeep]\n|upkeep\n|turn|6\n|\n|t:|1698541624\n|move|p1a: Alomomola|Protect|p1a: Alomomola\n|-singleturn|p1a: Alomomola|Protect\n|move|p2a: Koraidon|Outrage|p1a: Alomomola|[from]lockedmove\n|-activate|p1a: Alomomola|move: Protect\n|-start|p2a: Koraidon|confusion|[fatigue]\n|\n|-weather|SunnyDay|[upkeep]\n|upkeep\n|turn|7\n|\n|t:|1698541627\n|-activate|p2a: Koraidon|confusion\n|-damage|p2a: Koraidon|43\/100|[from] confusion\n|move|p1a: Alomomola|Wish|p1a: Alomomola\n|\n|-weather|SunnyDay|[upkeep]\n|upkeep\n|turn|8\n|\n|t:|1698541639\n|switch|p2a: Arceus|Arceus-Fairy|65\/100\n|move|p1a: Alomomola|Play Rough|p2a: Arceus\n|-damage|p2a: Arceus|53\/100\n|\n|-weather|none\n|-heal|p1a: Alomomola|96\/100|[from] move: Wish|[wisher] Alomomola\n|upkeep\n|turn|9\n|\n|t:|1698541647\n|switch|p1a: Blissey|Blissey, F|100\/100\n|move|p2a: Arceus|Taunt|p1a: Blissey\n|-start|p1a: Blissey|move: Taunt\n|\n|upkeep\n|turn|10\n|\n|t:|1698541669\n|switch|p2a: Koraidon|Koraidon|43\/100\n|-weather|SunnyDay|[from] ability: Orichalcum Pulse|[of] p2a: Koraidon\n|-activate|p2a: Koraidon|Orichalcum Pulse|[source]\n|move|p1a: Blissey|Seismic Toss|p2a: Koraidon\n|-damage|p2a: Koraidon|13\/100\n|\n|-weather|SunnyDay|[upkeep]\n|upkeep\n|turn|11\n|\n|t:|1698541695\n|switch|p2a: Calyrex|Calyrex-Shadow|100\/100\n|-ability|p2a: Calyrex|As One\n|-ability|p2a: Calyrex|Unnerve\n|switch|p1a: Alomomola|Alomomola, F|100\/100\n|-damage|p1a: Alomomola|88\/100|[from] Stealth Rock\n|\n|-weather|SunnyDay|[upkeep]\n|upkeep\n|turn|12\n|\n|t:|1698541705\n|switch|p1a: Mandibuzz|Mandibuzz, F|100\/100\n|move|p2a: Calyrex|Psychic|p1a: Mandibuzz\n|-immune|p1a: Mandibuzz\n|\n|-weather|SunnyDay|[upkeep]\n|upkeep\n|turn|13\n|\n|t:|1698541711\n|switch|p2a: Zacian|Zacian-Crowned|100\/100\n|-ability|p2a: Zacian|Intrepid Sword|boost\n|-boost|p2a: Zacian|atk|1\n|move|p1a: Mandibuzz|Knock Off|p2a: Zacian\n|-resisted|p2a: Zacian\n|-damage|p2a: Zacian|93\/100\n|\n|-weather|SunnyDay|[upkeep]\n|upkeep\n|turn|14\n|\n|t:|1698541725\n|switch|p1a: Toxapex|Toxapex, M|100\/100\n|-damage|p1a: Toxapex|88\/100|[from] Stealth Rock\n|move|p2a: Zacian|Wild Charge|p1a: Toxapex\n|-supereffective|p1a: Toxapex\n|-damage|p1a: Toxapex|23\/100\n|-damage|p2a: Zacian|76\/100|[from] item: Rocky Helmet|[of] p1a: Toxapex\n|-damage|p2a: Zacian|61\/100|[from] Recoil\n|\n|-weather|none\n|upkeep\n|turn|15\n|\n|t:|1698541741\n|move|p2a: Zacian|Behemoth Blade|p1a: Toxapex\n|-resisted|p1a: Toxapex\n|-damage|p1a: Toxapex|0 fnt\n|-damage|p2a: Zacian|44\/100|[from] item: Rocky Helmet|[of] p1a: Toxapex\n|faint|p1a: Toxapex\n|\n|upkeep\n|\n|t:|1698541745\n|switch|p1a: Dondozo|Dondozo, F|100\/100\n|-damage|p1a: Dondozo|88\/100|[from] Stealth Rock\n|turn|16\n|\n|t:|1698541755\n|move|p2a: Zacian|Wild Charge|p1a: Dondozo\n|-supereffective|p1a: Dondozo\n|-damage|p1a: Dondozo|57\/100\n|-damage|p2a: Zacian|32\/100|[from] Recoil\n|move|p1a: Dondozo|Body Press|p2a: Zacian\n|-damage|p2a: Zacian|8\/100\n|\n|-heal|p1a: Dondozo|63\/100|[from] item: Leftovers\n|upkeep\n|turn|17\n|\n|t:|1698541761\n|move|p2a: Zacian|Wild Charge|p1a: Dondozo\n|-supereffective|p1a: Dondozo\n|-damage|p1a: Dondozo|32\/100\n|-damage|p2a: Zacian|0 fnt|[from] Recoil\n|faint|p2a: Zacian\n|move|p1a: Dondozo|Rest|p1a: Dondozo\n|-status|p1a: Dondozo|slp|[from] move: Rest\n|-heal|p1a: Dondozo|100\/100 slp|[silent]\n|\n|upkeep\n|\n|t:|1698541779\n|switch|p2a: Wo-Chien|Wo-Chien|100\/100\n|-ability|p2a: Wo-Chien|Tablets of Ruin\n|turn|18\n|\n|t:|1698541798\n|move|p2a: Wo-Chien|Knock Off|p1a: Dondozo\n|-damage|p1a: Dondozo|87\/100 slp\n|-enditem|p1a: Dondozo|Leftovers|[from] move: Knock Off|[of] p2a: Wo-Chien\n|cant|p1a: Dondozo|slp\n|move|p1a: Dondozo|Sleep Talk|p1a: Dondozo\n|move|p1a: Dondozo|Fissure|p2a: Wo-Chien|[from]move: Sleep Talk|[miss]\n|-miss|p1a: Dondozo|p2a: Wo-Chien\n|\n|upkeep\n|turn|19\n|\n|t:|1698541806\n|move|p2a: Wo-Chien|Leech Seed|p1a: Dondozo\n|-start|p1a: Dondozo|move: Leech Seed\n|cant|p1a: Dondozo|slp\n|move|p1a: Dondozo|Sleep Talk|p1a: Dondozo\n|move|p1a: Dondozo|Fissure|p2a: Wo-Chien|[from]move: Sleep Talk|[miss]\n|-miss|p1a: Dondozo|p2a: Wo-Chien\n|\n|-damage|p1a: Dondozo|75\/100 slp|[from] Leech Seed|[of] p2a: Wo-Chien\n|upkeep\n|turn|20\n|\n|t:|1698541821\n|switch|p1a: Clodsire|Clodsire, M|100\/100\n|-damage|p1a: Clodsire|94\/100|[from] Stealth Rock\n|move|p2a: Wo-Chien|Stun Spore|p1a: Clodsire\n|-status|p1a: Clodsire|par\n|\n|-heal|p1a: Clodsire|100\/100 par|[from] item: Leftovers\n|upkeep\n|turn|21\n|\n|t:|1698541844\n|switch|p2a: Arceus|Arceus-Fairy|53\/100\n|move|p1a: Clodsire|Toxic|p2a: Arceus\n|-status|p2a: Arceus|tox\n|\n|-damage|p2a: Arceus|47\/100 tox|[from] psn\n|upkeep\n|turn|22\n|\n|t:|1698541848\n|move|p2a: Arceus|Taunt|p1a: Clodsire\n|-start|p1a: Clodsire|move: Taunt\n|cant|p1a: Clodsire|par\n|\n|-damage|p2a: Arceus|35\/100 tox|[from] psn\n|upkeep\n|turn|23\n|\n|t:|1698541852\n|move|p2a: Arceus|Judgment|p1a: Clodsire\n|-resisted|p1a: Clodsire\n|-damage|p1a: Clodsire|86\/100 par\n|move|p1a: Clodsire|Earthquake|p2a: Arceus\n|-damage|p2a: Arceus|16\/100 tox\n|\n|-heal|p1a: Clodsire|93\/100 par|[from] item: Leftovers\n|-damage|p2a: Arceus|0 fnt|[from] psn\n|faint|p2a: Arceus\n|upkeep\n|\n|t:|1698541860\n|switch|p2a: Koraidon|Koraidon|13\/100\n|-weather|SunnyDay|[from] ability: Orichalcum Pulse|[of] p2a: Koraidon\n|-activate|p2a: Koraidon|Orichalcum Pulse|[source]\n|turn|24\n|\n|t:|1698541864\n|switch|p1a: Alomomola|Alomomola, F|100\/100\n|-damage|p1a: Alomomola|88\/100|[from] Stealth Rock\n|move|p2a: Koraidon|Outrage|p1a: Alomomola\n|-damage|p1a: Alomomola|40\/100\n|-damage|p2a: Koraidon|0 fnt|[from] item: Rocky Helmet|[of] p1a: Alomomola\n|faint|p2a: Koraidon\n|\n|-weather|SunnyDay|[upkeep]\n|upkeep\n|\n|t:|1698541871\n|switch|p2a: Calyrex|Calyrex-Shadow|100\/100\n|-ability|p2a: Calyrex|As One\n|-ability|p2a: Calyrex|Unnerve\n|turn|25\n|\n|t:|1698541892\n|switch|p1a: Mandibuzz|Mandibuzz, F|100\/100\n|-terastallize|p2a: Calyrex|Fighting\n|move|p2a: Calyrex|Tera Blast|p1a: Mandibuzz|[anim] Tera Blast Fighting\n|-damage|p1a: Mandibuzz|56\/100\n|\n|-weather|SunnyDay|[upkeep]\n|upkeep\n|turn|26\n|\n|t:|1698541908\n|move|p2a: Calyrex|Taunt|p1a: Mandibuzz\n|-start|p1a: Mandibuzz|move: Taunt\n|cant|p1a: Mandibuzz|move: Taunt|Roost\n|\n|-weather|SunnyDay|[upkeep]\n|upkeep\n|turn|27\n|\n|t:|1698541932\n|switch|p1a: Blissey|Blissey, F|100\/100\n|move|p2a: Calyrex|Tera Blast|p1a: Blissey|[anim] Tera Blast Fighting\n|-supereffective|p1a: Blissey\n|-damage|p1a: Blissey|72\/100\n|\n|-weather|SunnyDay|[upkeep]\n|upkeep\n|turn|28\n|\n|t:|1698541942\n|switch|p2a: Wo-Chien|Wo-Chien|100\/100\n|-ability|p2a: Wo-Chien|Tablets of Ruin\n|move|p1a: Blissey|Seismic Toss|p2a: Wo-Chien\n|-damage|p2a: Wo-Chien|74\/100\n|\n|-weather|none\n|-heal|p2a: Wo-Chien|80\/100|[from] item: Leftovers\n|upkeep\n|turn|29\n|\n|t:|1698541960\n|switch|p1a: Clodsire|Clodsire, M|93\/100 par\n|-damage|p1a: Clodsire|86\/100 par|[from] Stealth Rock\n|move|p2a: Wo-Chien|Leech Seed|p1a: Clodsire\n|-start|p1a: Clodsire|move: Leech Seed\n|\n|-heal|p2a: Wo-Chien|86\/100|[from] item: Leftovers\n|-heal|p1a: Clodsire|93\/100 par|[from] item: Leftovers\n|-damage|p1a: Clodsire|80\/100 par|[from] Leech Seed|[of] p2a: Wo-Chien\n|-heal|p2a: Wo-Chien|100\/100|[silent]\n|upkeep\n|turn|30\n|\n|t:|1698541966\n|move|p2a: Wo-Chien|Knock Off|p1a: Clodsire\n|-damage|p1a: Clodsire|51\/100 par\n|-enditem|p1a: Clodsire|Leftovers|[from] move: Knock Off|[of] p2a: Wo-Chien\n|move|p1a: Clodsire|Toxic|p2a: Wo-Chien\n|-status|p2a: Wo-Chien|tox\n|\n|-damage|p1a: Clodsire|39\/100 par|[from] Leech Seed|[of] p2a: Wo-Chien\n|-damage|p2a: Wo-Chien|94\/100 tox|[from] psn\n|upkeep\n|turn|31\n|\n|t:|1698541977\n|switch|p2a: Calyrex|Calyrex-Shadow, tera:Fighting|100\/100\n|-ability|p2a: Calyrex|As One\n|-ability|p2a: Calyrex|Unnerve\n|switch|p1a: Mandibuzz|Mandibuzz, F|56\/100\n|\n|upkeep\n|turn|32\n|\n|t:|1698541984\n|move|p2a: Calyrex|Taunt|p1a: Mandibuzz\n|-start|p1a: Mandibuzz|move: Taunt\n|cant|p1a: Mandibuzz|move: Taunt|Roost\n|\n|upkeep\n|turn|33\n|\n|t:|1698541992\n|move|p2a: Calyrex|Tera Blast|p1a: Mandibuzz|[anim] Tera Blast Fighting\n|-damage|p1a: Mandibuzz|12\/100\n|move|p1a: Mandibuzz|Knock Off|p2a: Calyrex\n|-resisted|p2a: Calyrex\n|-damage|p2a: Calyrex|87\/100\n|-enditem|p2a: Calyrex|Focus Sash|[from] move: Knock Off|[of] p1a: Mandibuzz\n|\n|upkeep\n|turn|34\n|\n|t:|1698542000\n|switch|p1a: Blissey|Blissey, F|72\/100\n|move|p2a: Calyrex|Tera Blast|p1a: Blissey|[anim] Tera Blast Fighting\n|-supereffective|p1a: Blissey\n|-damage|p1a: Blissey|43\/100\n|\n|upkeep\n|turn|35\n|\n|t:|1698542005\n|move|p2a: Calyrex|Taunt|p1a: Blissey\n|-start|p1a: Blissey|move: Taunt\n|cant|p1a: Blissey|move: Taunt|Soft-Boiled\n|\n|upkeep\n|turn|36\n|\n|t:|1698542008\n|move|p2a: Calyrex|Tera Blast|p1a: Blissey|[anim] Tera Blast Fighting\n|-supereffective|p1a: Blissey\n|-damage|p1a: Blissey|12\/100\n|move|p1a: Blissey|Seismic Toss|p2a: Calyrex\n|-damage|p2a: Calyrex|58\/100\n|\n|upkeep\n|turn|37\n|\n|t:|1698542013\n|move|p2a: Calyrex|Tera Blast|p1a: Blissey|[anim] Tera Blast Fighting\n|-supereffective|p1a: Blissey\n|-damage|p1a: Blissey|0 fnt\n|faint|p1a: Blissey\n|-ability|p2a: Calyrex|Grim Neigh|boost\n|-boost|p2a: Calyrex|spa|1\n|\n|upkeep\n|\n|t:|1698542020\n|switch|p1a: Dondozo|Dondozo, F|75\/100 slp\n|-damage|p1a: Dondozo|62\/100 slp|[from] Stealth Rock\n|turn|38\n|\n|t:|1698542027\n|move|p2a: Calyrex|Astral Barrage|p1a: Dondozo\n|-damage|p1a: Dondozo|0 fnt\n|faint|p1a: Dondozo\n|-ability|p2a: Calyrex|Grim Neigh|boost\n|-boost|p2a: Calyrex|spa|1\n|\n|upkeep\n|-message|A Bread Sandwich forfeited.\n|\n|win|bailongzhenshuai\n|raw|A Bread Sandwich's rating: 1657 &rarr; <strong>1646<\/strong><br \/>(-11 for losing)\n|raw|bailongzhenshuai's rating: 1829 &rarr; <strong>1840<\/strong><br \/>(+11 for winning)\n|l|\u2606A Bread Sandwich\n|l|\u2606bailongzhenshuai\n","uploadtime":1698542042,"views":9,"p1id":"abreadsandwich","p2id":"bailongzhenshuai","formatid":"gen9anythinggoes","rating":1646,"private":0,"password":""}