{"id":"gen9anythinggoes-1983810395","p1":"Blizzerker","p2":"beetlejuggler","format":"[Gen 9] Anything Goes","log":"|j|\u2606Blizzerker\n|j|\u2606beetlejuggler\n|t:|1699185350\n|gametype|singles\n|player|p1|Blizzerker|1|1015\n|player|p2|beetlejuggler|265|1091\n|teamsize|p1|6\n|teamsize|p2|6\n|gen|9\n|tier|[Gen 9] Anything Goes\n|rated|\n|rule|HP Percentage Mod: HP is shown in percentages\n|rule|Endless Battle Clause: Forcing endless battles is banned\n|clearpoke\n|poke|p1|Clodsire, M|\n|poke|p1|Ceruledge, M|\n|poke|p1|Dragapult, M|\n|poke|p1|Lurantis, M|\n|poke|p1|Palafin, M|\n|poke|p1|Grimmsnarl, M|\n|poke|p2|Quagsire, M|\n|poke|p2|Quagsire, M|\n|poke|p2|Quagsire, F|\n|poke|p2|Clodsire, M|\n|poke|p2|Clodsire, M|\n|poke|p2|Clodsire, F|\n|teampreview\n|\n|t:|1699185366\n|start\n|switch|p1a: Clodsire|Clodsire, M|100\/100\n|switch|p2a: Clodsire|Clodsire, M|100\/100\n|turn|1\n|\n|t:|1699185372\n|move|p2a: Clodsire|Earthquake|p1a: Clodsire\n|-supereffective|p1a: Clodsire\n|-damage|p1a: Clodsire|31\/100\n|move|p1a: Clodsire|Toxic Spikes|p2a: Clodsire\n|-sidestart|p2: beetlejuggler|move: Toxic Spikes\n|\n|upkeep\n|turn|2\n|\n|t:|1699185379\n|move|p1a: Clodsire|Earthquake|p2a: Clodsire\n|-supereffective|p2a: Clodsire\n|-damage|p2a: Clodsire|37\/100\n|move|p2a: Clodsire|Earthquake|p1a: Clodsire\n|-supereffective|p1a: Clodsire\n|-damage|p1a: Clodsire|0 fnt\n|faint|p1a: Clodsire\n|\n|upkeep\n|\n|t:|1699185386\n|switch|p1a: Palafin|Palafin, M|100\/100\n|turn|3\n|\n|t:|1699185390\n|detailschange|p1a: Palafin|Palafin-Hero, M\n|switch|p1a: Grimmsnarl|Grimmsnarl, M|100\/100\n|switch|p2a: Clodsire|Clodsire, F|100\/100\n|-sideend|p2: beetlejuggler|move: Toxic Spikes|[of] p2a: Clodsire\n|\n|upkeep\n|turn|4\n|\n|t:|1699185402\n|move|p1a: Grimmsnarl|Drain Punch|p2a: Clodsire\n|-resisted|p2a: Clodsire\n|-damage|p2a: Clodsire|90\/100\n|move|p2a: Clodsire|Stealth Rock|p1a: Grimmsnarl\n|-sidestart|p1: Blizzerker|move: Stealth Rock\n|\n|-heal|p2a: Clodsire|96\/100|[from] item: Leftovers\n|upkeep\n|turn|5\n|\n|t:|1699185412\n|move|p1a: Grimmsnarl|Dazzling Gleam|p2a: Clodsire\n|-resisted|p2a: Clodsire\n|-damage|p2a: Clodsire|86\/100\n|move|p2a: Clodsire|Toxic Spikes|p1a: Grimmsnarl\n|-sidestart|p1: Blizzerker|move: Toxic Spikes\n|\n|-heal|p2a: Clodsire|93\/100|[from] item: Leftovers\n|upkeep\n|turn|6\n|\n|t:|1699185420\n|move|p1a: Grimmsnarl|Crunch|p2a: Clodsire\n|-damage|p2a: Clodsire|57\/100\n|move|p2a: Clodsire|Toxic Spikes|p1a: Grimmsnarl\n|-sidestart|p1: Blizzerker|move: Toxic Spikes\n|\n|-heal|p2a: Clodsire|63\/100|[from] item: Leftovers\n|upkeep\n|turn|7\n|\n|t:|1699185427\n|move|p1a: Grimmsnarl|Crunch|p2a: Clodsire\n|-damage|p2a: Clodsire|28\/100\n|move|p2a: Clodsire|Recover|p2a: Clodsire\n|-heal|p2a: Clodsire|78\/100\n|\n|-heal|p2a: Clodsire|84\/100|[from] item: Leftovers\n|upkeep\n|turn|8\n|\n|t:|1699185434\n|move|p1a: Grimmsnarl|Crunch|p2a: Clodsire\n|-damage|p2a: Clodsire|47\/100\n|-unboost|p2a: Clodsire|def|1\n|move|p2a: Clodsire|Gunk Shot|p1a: Grimmsnarl\n|-supereffective|p1a: Grimmsnarl\n|-damage|p1a: Grimmsnarl|0 fnt\n|faint|p1a: Grimmsnarl\n|\n|-heal|p2a: Clodsire|53\/100|[from] item: Leftovers\n|upkeep\n|inactive|Battle timer is ON: inactive players will automatically lose when time's up. (requested by beetlejuggler)\n|\n|t:|1699185445\n|switch|p1a: Palafin|Palafin-Hero, M|100\/100\n|-damage|p1a: Palafin|88\/100|[from] Stealth Rock\n|-status|p1a: Palafin|tox\n|-activate|p1a: Palafin|ability: Zero to Hero\n|turn|9\n|\n|t:|1699185453\n|move|p1a: Palafin|Drain Punch|p2a: Clodsire\n|-resisted|p2a: Clodsire\n|-damage|p2a: Clodsire|29\/100\n|-heal|p1a: Palafin|100\/100 tox|[from] drain|[of] p2a: Clodsire\n|move|p2a: Clodsire|Recover|p2a: Clodsire\n|-heal|p2a: Clodsire|79\/100\n|\n|-heal|p2a: Clodsire|85\/100|[from] item: Leftovers\n|-damage|p1a: Palafin|94\/100 tox|[from] psn\n|upkeep\n|turn|10\n|\n|t:|1699185464\n|move|p1a: Palafin|Ice Beam|p2a: Clodsire\n|-supereffective|p2a: Clodsire\n|-damage|p2a: Clodsire|59\/100\n|move|p2a: Clodsire|Gunk Shot|p1a: Palafin\n|-damage|p1a: Palafin|62\/100 tox\n|\n|-heal|p2a: Clodsire|65\/100|[from] item: Leftovers\n|-damage|p1a: Palafin|50\/100 tox|[from] psn\n|upkeep\n|turn|11\n|\n|t:|1699185475\n|move|p1a: Palafin|Drain Punch|p2a: Clodsire\n|-resisted|p2a: Clodsire\n|-damage|p2a: Clodsire|39\/100\n|-heal|p1a: Palafin|68\/100 tox|[from] drain|[of] p2a: Clodsire\n|move|p2a: Clodsire|Recover|p2a: Clodsire\n|-heal|p2a: Clodsire|89\/100\n|\n|-heal|p2a: Clodsire|95\/100|[from] item: Leftovers\n|-damage|p1a: Palafin|50\/100 tox|[from] psn\n|upkeep\n|turn|12\n|-message|Blizzerker forfeited.\n|\n|win|beetlejuggler\n|raw|Blizzerker's rating: 1015 &rarr; <strong>1005<\/strong><br \/>(-10 for losing)\n|raw|beetlejuggler's rating: 1091 &rarr; <strong>1112<\/strong><br \/>(+21 for winning)\n|l|\u2606Blizzerker\n","uploadtime":1699185489,"views":4,"p1id":"blizzerker","p2id":"beetlejuggler","formatid":"gen9anythinggoes","rating":1005,"private":0,"password":""}