{"id":"gen9anythinggoes-1985642967","p1":"Helww","p2":"Rowan_Rocket","format":"[Gen 9] Anything Goes","log":"|j|\u2606Helww\n|j|\u2606Rowan_Rocket\n|t:|1699391698\n|gametype|singles\n|player|p1|Helww|170|1094\n|player|p2|Rowan_Rocket|rocketgrunt|1101\n|teamsize|p1|6\n|teamsize|p2|6\n|gen|9\n|tier|[Gen 9] Anything Goes\n|rated|\n|rule|HP Percentage Mod: HP is shown in percentages\n|rule|Endless Battle Clause: Forcing endless battles is banned\n|clearpoke\n|poke|p1|Poliwrath, M|\n|poke|p1|Arceus-Ground|\n|poke|p1|Poliwrath, M|\n|poke|p1|Dudunsparce-*, M|\n|poke|p1|Weavile, M|\n|poke|p1|Kingambit, F|\n|poke|p2|Weezing, F|\n|poke|p2|Arbok, F|\n|poke|p2|Ariados, M|\n|poke|p2|Persian-Alola, F|\n|poke|p2|Mabosstiff, M|\n|poke|p2|Drifblim, F|\n|teampreview\n|\n|t:|1699391713\n|start\n|switch|p1a: Poliwrath|Poliwrath, M|100\/100\n|switch|p2a: Ariados|Ariados, M|100\/100\n|turn|1\n|\n|t:|1699391721\n|move|p1a: Poliwrath|Bulk Up|p1a: Poliwrath\n|-boost|p1a: Poliwrath|atk|1\n|-boost|p1a: Poliwrath|def|1\n|move|p2a: Ariados|Toxic Thread|p1a: Poliwrath\n|-unboost|p1a: Poliwrath|spe|1\n|-status|p1a: Poliwrath|psn\n|\n|-damage|p1a: Poliwrath|88\/100 psn|[from] psn\n|upkeep\n|turn|2\n|\n|t:|1699391731\n|move|p1a: Poliwrath|Belly Drum|p1a: Poliwrath\n|-damage|p1a: Poliwrath|38\/100 psn\n|-setboost|p1a: Poliwrath|atk|6|[from] move: Belly Drum\n|move|p2a: Ariados|Sticky Web|p1a: Poliwrath\n|-sidestart|p1: Helww|move: Sticky Web\n|\n|-damage|p1a: Poliwrath|26\/100 psn|[from] psn\n|upkeep\n|turn|3\n|\n|t:|1699391763\n|move|p1a: Poliwrath|Ice Punch|p2a: Ariados\n|-damage|p2a: Ariados|25\/100\n|move|p2a: Ariados|Toxic Thread|p1a: Poliwrath\n|-unboost|p1a: Poliwrath|spe|1\n|-fail|p1a: Poliwrath|psn\n|\n|-damage|p1a: Poliwrath|14\/100 psn|[from] psn\n|upkeep\n|-enditem|p1a: Poliwrath|Aguav Berry|[eat]\n|-heal|p1a: Poliwrath|47\/100 psn|[from] item: Aguav Berry\n|turn|4\n|\n|t:|1699391793\n|move|p2a: Ariados|Leech Life|p1a: Poliwrath\n|-resisted|p1a: Poliwrath\n|-damage|p1a: Poliwrath|38\/100 psn\n|-heal|p2a: Ariados|30\/100|[from] drain|[of] p1a: Poliwrath\n|move|p1a: Poliwrath|Ice Punch|p2a: Ariados\n|-damage|p2a: Ariados|0 fnt\n|faint|p2a: Ariados\n|\n|-damage|p1a: Poliwrath|26\/100 psn|[from] psn\n|upkeep\n|\n|t:|1699391804\n|switch|p2a: Weezing|Weezing, F|100\/100\n|turn|5\n|\n|t:|1699391814\n|move|p2a: Weezing|Toxic Spikes|p1a: Poliwrath\n|-sidestart|p1: Helww|move: Toxic Spikes\n|move|p1a: Poliwrath|Knock Off|p2a: Weezing\n|-damage|p2a: Weezing|9\/100\n|-enditem|p2a: Weezing|Black Sludge|[from] move: Knock Off|[of] p1a: Poliwrath\n|\n|-damage|p1a: Poliwrath|13\/100 psn|[from] psn\n|upkeep\n|turn|6\n|\n|t:|1699391826\n|move|p2a: Weezing|Toxic Spikes|p1a: Poliwrath\n|-sidestart|p1: Helww|move: Toxic Spikes\n|move|p1a: Poliwrath|Ice Punch|p2a: Weezing\n|-damage|p2a: Weezing|0 fnt\n|faint|p2a: Weezing\n|\n|-damage|p1a: Poliwrath|1\/100 psn|[from] psn\n|upkeep\n|\n|t:|1699391837\n|switch|p2a: Drifblim|Drifblim, F|100\/100\n|turn|7\n|\n|t:|1699391844\n|move|p2a: Drifblim|Air Slash|p1a: Poliwrath|[miss]\n|-miss|p2a: Drifblim|p1a: Poliwrath\n|move|p1a: Poliwrath|Knock Off|p2a: Drifblim\n|-supereffective|p2a: Drifblim\n|-damage|p2a: Drifblim|0 fnt\n|-enditem|p2a: Drifblim|Flame Orb|[from] move: Knock Off|[of] p1a: Poliwrath\n|faint|p2a: Drifblim\n|\n|-damage|p1a: Poliwrath|0 fnt|[from] psn\n|faint|p1a: Poliwrath\n|upkeep\n|\n|t:|1699391861\n|switch|p2a: Persian|Persian-Alola, F|100\/100\n|switch|p1a: Dudunsparce|Dudunsparce-Three-Segment, M|100\/100\n|-activate|p1a: Dudunsparce|move: Sticky Web\n|-unboost|p1a: Dudunsparce|spe|1\n|-status|p1a: Dudunsparce|tox\n|turn|8\n|\n|t:|1699391884\n|-terastallize|p1a: Dudunsparce|Flying\n|move|p2a: Persian|Fake Out|p1a: Dudunsparce\n|-damage|p1a: Dudunsparce|95\/100 tox\n|cant|p1a: Dudunsparce|flinch\n|\n|-damage|p1a: Dudunsparce|89\/100 tox|[from] psn\n|upkeep\n|turn|9\n|\n|t:|1699391901\n|move|p2a: Persian|Parting Shot|p1a: Dudunsparce\n|-unboost|p1a: Dudunsparce|atk|1\n|-unboost|p1a: Dudunsparce|spa|1\n|\n|t:|1699391905\n|switch|p2a: Arbok|Arbok, F|100\/100|[from] Parting Shot\n|move|p1a: Dudunsparce|Toxic|p2a: Arbok\n|-immune|p2a: Arbok\n|\n|-damage|p1a: Dudunsparce|77\/100 tox|[from] psn\n|upkeep\n|turn|10\n|\n|t:|1699391917\n|move|p2a: Arbok|Coil|p2a: Arbok\n|-boost|p2a: Arbok|atk|1\n|-boost|p2a: Arbok|def|1\n|-boost|p2a: Arbok|accuracy|1\n|move|p1a: Dudunsparce|Thunder|p2a: Arbok\n|-damage|p2a: Arbok|80\/100\n|\n|-damage|p1a: Dudunsparce|58\/100 tox|[from] psn\n|upkeep\n|turn|11\n|\n|t:|1699391928\n|move|p2a: Arbok|Coil|p2a: Arbok\n|-boost|p2a: Arbok|atk|1\n|-boost|p2a: Arbok|def|1\n|-boost|p2a: Arbok|accuracy|1\n|move|p1a: Dudunsparce|Endeavor|p2a: Arbok\n|-damage|p2a: Arbok|70\/100\n|\n|-damage|p1a: Dudunsparce|34\/100 tox|[from] psn\n|upkeep\n|turn|12\n|\n|t:|1699391944\n|move|p2a: Arbok|Gunk Shot|p1a: Dudunsparce\n|-damage|p1a: Dudunsparce|0 fnt\n|faint|p1a: Dudunsparce\n|\n|upkeep\n|\n|t:|1699391951\n|switch|p1a: Arceus|Arceus-Ground|100\/100\n|-activate|p1a: Arceus|move: Sticky Web\n|-unboost|p1a: Arceus|spe|1\n|-status|p1a: Arceus|tox\n|turn|13\n|\n|t:|1699391964\n|switch|p2a: Persian|Persian-Alola, F|100\/100\n|move|p1a: Arceus|Bulk Up|p1a: Arceus\n|-boost|p1a: Arceus|atk|1\n|-boost|p1a: Arceus|def|1\n|\n|-damage|p1a: Arceus|94\/100 tox|[from] psn\n|upkeep\n|turn|14\n|\n|t:|1699391977\n|move|p2a: Persian|Fake Out|p1a: Arceus\n|-damage|p1a: Arceus|92\/100 tox\n|cant|p1a: Arceus|flinch\n|\n|-damage|p1a: Arceus|80\/100 tox|[from] psn\n|upkeep\n|turn|15\n|\n|t:|1699391985\n|move|p2a: Persian|Parting Shot|p1a: Arceus\n|-unboost|p1a: Arceus|atk|1\n|-unboost|p1a: Arceus|spa|1\n|\n|t:|1699391988\n|switch|p2a: Mabosstiff|Mabosstiff, M|100\/100|[from] Parting Shot\n|move|p1a: Arceus|Earth Power|p2a: Mabosstiff\n|-crit|p2a: Mabosstiff\n|-damage|p2a: Mabosstiff|38\/100\n|\n|-damage|p1a: Arceus|61\/100 tox|[from] psn\n|upkeep\n|turn|16\n|\n|t:|1699392008\n|move|p2a: Mabosstiff|Trailblaze|p1a: Arceus\n|-supereffective|p1a: Arceus\n|-damage|p1a: Arceus|42\/100 tox\n|-boost|p2a: Mabosstiff|spe|1\n|move|p1a: Arceus|Bulk Up|p1a: Arceus\n|-boost|p1a: Arceus|atk|1\n|-boost|p1a: Arceus|def|1\n|\n|-damage|p1a: Arceus|18\/100 tox|[from] psn\n|upkeep\n|turn|17\n|\n|t:|1699392023\n|-terastallize|p2a: Mabosstiff|Dark\n|move|p2a: Mabosstiff|Crunch|p1a: Arceus\n|-damage|p1a: Arceus|0 fnt\n|faint|p1a: Arceus\n|\n|upkeep\n|\n|t:|1699392039\n|switch|p1a: Weavile|Weavile, M|100\/100\n|-activate|p1a: Weavile|move: Sticky Web\n|-unboost|p1a: Weavile|spe|1\n|-status|p1a: Weavile|tox\n|turn|18\n|\n|t:|1699392049\n|move|p1a: Weavile|Ice Shard|p2a: Mabosstiff\n|-damage|p2a: Mabosstiff|21\/100\n|move|p2a: Mabosstiff|Play Rough|p1a: Weavile\n|-supereffective|p1a: Weavile\n|-damage|p1a: Weavile|1\/100 tox\n|\n|-damage|p1a: Weavile|0 fnt|[from] psn\n|faint|p1a: Weavile\n|upkeep\n|\n|t:|1699392058\n|switch|p1a: Poliwrath|Poliwrath, M|100\/100\n|-activate|p1a: Poliwrath|move: Sticky Web\n|-unboost|p1a: Poliwrath|spe|1\n|-status|p1a: Poliwrath|tox\n|turn|19\n|\n|t:|1699392068\n|move|p2a: Mabosstiff|Psychic Fangs|p1a: Poliwrath\n|-supereffective|p1a: Poliwrath\n|-damage|p1a: Poliwrath|38\/100 tox\n|move|p1a: Poliwrath|Knock Off|p2a: Mabosstiff\n|-resisted|p2a: Mabosstiff\n|-damage|p2a: Mabosstiff|8\/100\n|-enditem|p2a: Mabosstiff|Assault Vest|[from] move: Knock Off|[of] p1a: Poliwrath\n|\n|-damage|p1a: Poliwrath|32\/100 tox|[from] psn\n|upkeep\n|turn|20\n|\n|t:|1699392087\n|move|p2a: Mabosstiff|Psychic Fangs|p1a: Poliwrath\n|-supereffective|p1a: Poliwrath\n|-damage|p1a: Poliwrath|0 fnt\n|faint|p1a: Poliwrath\n|\n|upkeep\n|\n|t:|1699392093\n|switch|p1a: Kingambit|Kingambit, F|100\/100\n|-activate|p1a: Kingambit|move: Sticky Web\n|-unboost|p1a: Kingambit|spe|1\n|-activate|p1a: Kingambit|ability: Supreme Overlord\n|-start|p1a: Kingambit|fallen5|[silent]\n|turn|21\n|\n|t:|1699392102\n|move|p2a: Mabosstiff|Play Rough|p1a: Kingambit\n|-damage|p1a: Kingambit|77\/100\n|move|p1a: Kingambit|Lash Out|p2a: Mabosstiff\n|-resisted|p2a: Mabosstiff\n|-damage|p2a: Mabosstiff|0 fnt\n|faint|p2a: Mabosstiff\n|\n|upkeep\n|\n|t:|1699392111\n|switch|p2a: Arbok|Arbok, F|70\/100\n|turn|22\n|\n|t:|1699392120\n|move|p2a: Arbok|Glare|p1a: Kingambit\n|-status|p1a: Kingambit|par\n|cant|p1a: Kingambit|par\n|\n|upkeep\n|turn|23\n|\n|t:|1699392126\n|move|p2a: Arbok|Coil|p2a: Arbok\n|-boost|p2a: Arbok|atk|1\n|-boost|p2a: Arbok|def|1\n|-boost|p2a: Arbok|accuracy|1\n|move|p1a: Kingambit|Swords Dance|p1a: Kingambit\n|-boost|p1a: Kingambit|atk|2\n|\n|upkeep\n|turn|24\n|\n|t:|1699392135\n|move|p2a: Arbok|Coil|p2a: Arbok\n|-boost|p2a: Arbok|atk|1\n|-boost|p2a: Arbok|def|1\n|-boost|p2a: Arbok|accuracy|1\n|move|p1a: Kingambit|Facade|p2a: Arbok\n|-damage|p2a: Arbok|10\/100\n|\n|upkeep\n|turn|25\n|\n|t:|1699392143\n|move|p2a: Arbok|Leech Life|p1a: Kingambit\n|-crit|p1a: Kingambit\n|-damage|p1a: Kingambit|38\/100 par\n|-heal|p2a: Arbok|30\/100|[from] drain|[of] p1a: Kingambit\n|move|p1a: Kingambit|Facade|p2a: Arbok\n|-damage|p2a: Arbok|0 fnt\n|faint|p2a: Arbok\n|\n|upkeep\n|\n|t:|1699392152\n|switch|p2a: Persian|Persian-Alola, F|100\/100\n|turn|26\n|\n|t:|1699392161\n|move|p2a: Persian|Fake Out|p1a: Kingambit\n|-resisted|p1a: Kingambit\n|-damage|p1a: Kingambit|36\/100 par\n|cant|p1a: Kingambit|flinch\n|\n|upkeep\n|turn|27\n|\n|t:|1699392167\n|move|p2a: Persian|Foul Play|p1a: Kingambit\n|-resisted|p1a: Kingambit\n|-damage|p1a: Kingambit|9\/100 par\n|move|p1a: Kingambit|Facade|p2a: Persian\n|-damage|p2a: Persian|11\/100\n|\n|upkeep\n|turn|28\n|\n|t:|1699392175\n|move|p2a: Persian|Foul Play|p1a: Kingambit\n|-resisted|p1a: Kingambit\n|-damage|p1a: Kingambit|0 fnt\n|faint|p1a: Kingambit\n|-end|p1a: Kingambit|fallen5|[silent]\n|\n|win|Rowan_Rocket\n|raw|Helww's rating: 1094 &rarr; <strong>1070<\/strong><br \/>(-24 for losing)\n|raw|Rowan_Rocket's rating: 1101 &rarr; <strong>1125<\/strong><br \/>(+24 for winning)\n","uploadtime":1699392184,"views":3,"p1id":"helww","p2id":"rowanrocket","formatid":"gen9anythinggoes","rating":1070,"private":0,"password":""}