{"id":"gen9anythinggoes-1992393493","p1":"unionleonion","p2":"kromydas","format":"[Gen 9] Anything Goes","log":"|j|\u2606unionleonion\n|j|\u203dkromydas\n|t:|1700182390\n|gametype|singles\n|player|p1|unionleonion|266|1324\n|player|p2|kromydas|alec-anime|1335\n|teamsize|p1|6\n|teamsize|p2|6\n|gen|9\n|tier|[Gen 9] Anything Goes\n|rated|\n|rule|HP Percentage Mod: HP is shown in percentages\n|rule|Endless Battle Clause: Forcing endless battles is banned\n|clearpoke\n|poke|p1|Garganacl, F|\n|poke|p1|Toxapex, M|\n|poke|p1|Tropius, M|\n|poke|p1|Gliscor, F|\n|poke|p1|Amoonguss, F|\n|poke|p1|Cyclizar, F|\n|poke|p2|Eternatus|\n|poke|p2|Ceruledge, M|\n|poke|p2|Kingambit, F|\n|poke|p2|Shaymin-Sky|\n|poke|p2|Urshifu-*, M|\n|poke|p2|Miraidon|\n|teampreview\n|inactive|Battle timer is ON: inactive players will automatically lose when time's up. (requested by unionleonion)\n|inactive|kromydas has 120 seconds left.\n|inactive|kromydas has 90 seconds left.\n|\n|t:|1700182494\n|start\n|switch|p1a: Cyclizar|Cyclizar, F|100\/100\n|switch|p2a: Urshifu|Urshifu-Rapid-Strike, M|100\/100\n|turn|1\n|\n|t:|1700182505\n|move|p1a: Cyclizar|Shed Tail|p1a: Cyclizar\n|-start|p1a: Cyclizar|Substitute|[from] move: Shed Tail\n|-damage|p1a: Cyclizar|50\/100\n|\n|t:|1700182508\n|switch|p1a: Toxapex|Toxapex, M|100\/100|[from] Shed Tail\n|move|p2a: Urshifu|Swords Dance|p2a: Urshifu\n|-boost|p2a: Urshifu|atk|2\n|\n|upkeep\n|turn|2\n|\n|t:|1700182513\n|move|p2a: Urshifu|Swords Dance|p2a: Urshifu\n|-boost|p2a: Urshifu|atk|2\n|move|p1a: Toxapex|Toxic|p2a: Urshifu\n|-status|p2a: Urshifu|tox\n|\n|-damage|p2a: Urshifu|94\/100 tox|[from] psn\n|upkeep\n|turn|3\n|\n|t:|1700182518\n|move|p2a: Urshifu|Swords Dance|p2a: Urshifu\n|-boost|p2a: Urshifu|atk|2\n|move|p1a: Toxapex|Recover||[still]\n|-fail|p1a: Toxapex|heal\n|\n|-damage|p2a: Urshifu|82\/100 tox|[from] psn\n|upkeep\n|turn|4\n|\n|t:|1700182522\n|move|p2a: Urshifu|Surging Strikes|p1a: Toxapex\n|-resisted|p1a: Toxapex\n|-crit|p1a: Toxapex\n|-end|p1a: Toxapex|Substitute\n|-resisted|p1a: Toxapex\n|-crit|p1a: Toxapex\n|-damage|p1a: Toxapex|67\/100\n|-damage|p2a: Urshifu|66\/100 tox|[from] item: Rocky Helmet|[of] p1a: Toxapex\n|-resisted|p1a: Toxapex\n|-crit|p1a: Toxapex\n|-damage|p1a: Toxapex|32\/100\n|-damage|p2a: Urshifu|49\/100 tox|[from] item: Rocky Helmet|[of] p1a: Toxapex\n|-hitcount|p1a: Toxapex|3\n|move|p1a: Toxapex|Recover|p1a: Toxapex\n|-heal|p1a: Toxapex|82\/100\n|\n|-damage|p2a: Urshifu|31\/100 tox|[from] psn\n|upkeep\n|turn|5\n|\n|t:|1700182530\n|move|p1a: Toxapex|Protect|p1a: Toxapex\n|-singleturn|p1a: Toxapex|Protect\n|move|p2a: Urshifu|Surging Strikes|p1a: Toxapex\n|-resisted|p1a: Toxapex\n|-crit|p1a: Toxapex\n|-damage|p1a: Toxapex|45\/100\n|-damage|p2a: Urshifu|14\/100 tox|[from] item: Rocky Helmet|[of] p1a: Toxapex\n|-enditem|p2a: Urshifu|Salac Berry|[eat]\n|-boost|p2a: Urshifu|spe|1|[from] item: Salac Berry\n|-resisted|p1a: Toxapex\n|-crit|p1a: Toxapex\n|-damage|p1a: Toxapex|7\/100\n|-damage|p2a: Urshifu|0 fnt|[from] item: Rocky Helmet|[of] p1a: Toxapex\n|faint|p2a: Urshifu\n|-hitcount|p1a: Toxapex|2\n|\n|upkeep\n|\n|t:|1700182542\n|switch|p2a: Miraidon|Miraidon|100\/100\n|-fieldstart|move: Electric Terrain|[from] ability: Hadron Engine|[of] p2a: Miraidon\n|turn|6\n|\n|t:|1700182547\n|move|p1a: Toxapex|Protect||[still]\n|-fail|p1a: Toxapex\n|move|p2a: Miraidon|Volt Switch|p1a: Toxapex\n|-supereffective|p1a: Toxapex\n|-damage|p1a: Toxapex|0 fnt\n|faint|p1a: Toxapex\n|\n|t:|1700182552\n|switch|p2a: Shaymin|Shaymin-Sky|100\/100|[from] Volt Switch\n|\n|upkeep\n|\n|t:|1700182558\n|switch|p1a: Cyclizar|Cyclizar, F|84\/100\n|turn|7\n|inactive|kromydas has 120 seconds left.\n|inactive|kromydas has 90 seconds left.\n|inactive|kromydas has 60 seconds left.\n|\n|t:|1700182661\n|move|p1a: Cyclizar|Shed Tail|p1a: Cyclizar\n|-start|p1a: Cyclizar|Substitute|[from] move: Shed Tail\n|-damage|p1a: Cyclizar|34\/100\n|\n|t:|1700182664\n|switch|p1a: Gliscor|Gliscor, F|100\/100|[from] Shed Tail\n|move|p2a: Shaymin|Air Slash|p1a: Gliscor\n|-end|p1a: Gliscor|Substitute\n|\n|-status|p1a: Gliscor|tox|[from] item: Toxic Orb\n|upkeep\n|turn|8\n|inactive|kromydas has 60 seconds left.\n|\n|t:|1700182671\n|move|p2a: Shaymin|Seed Flare|p1a: Gliscor\n|-damage|p1a: Gliscor|47\/100 tox\n|move|p1a: Gliscor|Toxic|p2a: Shaymin\n|-status|p2a: Shaymin|tox\n|\n|-damage|p2a: Shaymin|94\/100 tox|[from] psn\n|-heal|p1a: Gliscor|59\/100 tox|[from] ability: Poison Heal\n|upkeep\n|turn|9\n|\n|t:|1700182677\n|move|p1a: Gliscor|Protect|p1a: Gliscor\n|-singleturn|p1a: Gliscor|Protect\n|move|p2a: Shaymin|Leech Seed|p1a: Gliscor\n|-activate|p1a: Gliscor|move: Protect\n|\n|-heal|p2a: Shaymin|100\/100 tox|[from] item: Leftovers\n|-damage|p2a: Shaymin|88\/100 tox|[from] psn\n|-heal|p1a: Gliscor|72\/100 tox|[from] ability: Poison Heal\n|upkeep\n|turn|10\n|\n|t:|1700182684\n|switch|p1a: Tropius|Tropius, M|100\/100\n|move|p2a: Shaymin|Seed Flare|p1a: Tropius\n|-resisted|p1a: Tropius\n|-damage|p1a: Tropius|90\/100\n|-unboost|p1a: Tropius|spd|2\n|\n|-heal|p2a: Shaymin|94\/100 tox|[from] item: Leftovers\n|-damage|p2a: Shaymin|76\/100 tox|[from] psn\n|-fieldend|move: Electric Terrain\n|upkeep\n|turn|11\n|\n|t:|1700182690\n|switch|p1a: Amoonguss|Amoonguss, F|100\/100\n|move|p2a: Shaymin|Air Slash|p1a: Amoonguss\n|-supereffective|p1a: Amoonguss\n|-damage|p1a: Amoonguss|48\/100\n|-enditem|p1a: Amoonguss|Sitrus Berry|[eat]\n|-heal|p1a: Amoonguss|73\/100|[from] item: Sitrus Berry\n|\n|-heal|p2a: Shaymin|82\/100 tox|[from] item: Leftovers\n|-damage|p2a: Shaymin|57\/100 tox|[from] psn\n|upkeep\n|turn|12\n|\n|t:|1700182700\n|move|p2a: Shaymin|Air Slash|p1a: Amoonguss\n|-supereffective|p1a: Amoonguss\n|-damage|p1a: Amoonguss|19\/100\n|cant|p1a: Amoonguss|flinch\n|\n|-heal|p2a: Shaymin|63\/100 tox|[from] item: Leftovers\n|-damage|p2a: Shaymin|32\/100 tox|[from] psn\n|upkeep\n|turn|13\n|\n|t:|1700182707\n|switch|p1a: Gliscor|Gliscor, F|72\/100 tox\n|move|p2a: Shaymin|Air Slash|p1a: Gliscor\n|-damage|p1a: Gliscor|36\/100 tox\n|\n|-heal|p2a: Shaymin|38\/100 tox|[from] item: Leftovers\n|-damage|p2a: Shaymin|1\/100 tox|[from] psn\n|-heal|p1a: Gliscor|49\/100 tox|[from] ability: Poison Heal\n|upkeep\n|turn|14\n|\n|t:|1700182715\n|move|p1a: Gliscor|Protect|p1a: Gliscor\n|-singleturn|p1a: Gliscor|Protect\n|move|p2a: Shaymin|Air Slash|p1a: Gliscor\n|-activate|p1a: Gliscor|move: Protect\n|\n|-heal|p2a: Shaymin|7\/100 tox|[from] item: Leftovers\n|-damage|p2a: Shaymin|0 fnt|[from] psn\n|faint|p2a: Shaymin\n|-heal|p1a: Gliscor|61\/100 tox|[from] ability: Poison Heal\n|upkeep\n|\n|t:|1700182717\n|switch|p2a: Ceruledge|Ceruledge, M|100\/100\n|turn|15\n|\n|t:|1700182723\n|move|p2a: Ceruledge|Swords Dance|p2a: Ceruledge\n|-boost|p2a: Ceruledge|atk|2\n|move|p1a: Gliscor|Toxic|p2a: Ceruledge\n|-status|p2a: Ceruledge|tox\n|\n|-damage|p2a: Ceruledge|94\/100 tox|[from] psn\n|-heal|p1a: Gliscor|73\/100 tox|[from] ability: Poison Heal\n|upkeep\n|turn|16\n|\n|t:|1700182728\n|move|p1a: Gliscor|Protect|p1a: Gliscor\n|-singleturn|p1a: Gliscor|Protect\n|move|p2a: Ceruledge|Swords Dance|p2a: Ceruledge\n|-boost|p2a: Ceruledge|atk|2\n|\n|-damage|p2a: Ceruledge|82\/100 tox|[from] psn\n|-heal|p1a: Gliscor|86\/100 tox|[from] ability: Poison Heal\n|upkeep\n|turn|17\n|\n|t:|1700182733\n|move|p2a: Ceruledge|Swords Dance|p2a: Ceruledge\n|-boost|p2a: Ceruledge|atk|2\n|move|p1a: Gliscor|Substitute|p1a: Gliscor\n|-start|p1a: Gliscor|Substitute\n|-damage|p1a: Gliscor|61\/100 tox\n|\n|-damage|p2a: Ceruledge|63\/100 tox|[from] psn\n|-heal|p1a: Gliscor|73\/100 tox|[from] ability: Poison Heal\n|upkeep\n|turn|18\n|\n|t:|1700182737\n|move|p1a: Gliscor|Protect|p1a: Gliscor\n|-singleturn|p1a: Gliscor|Protect\n|move|p2a: Ceruledge|Shadow Sneak|p1a: Gliscor\n|-activate|p1a: Gliscor|move: Protect\n|\n|-damage|p2a: Ceruledge|39\/100 tox|[from] psn\n|-heal|p1a: Gliscor|86\/100 tox|[from] ability: Poison Heal\n|upkeep\n|turn|19\n|\n|t:|1700182742\n|move|p2a: Ceruledge|Shadow Sneak|p1a: Gliscor\n|-end|p1a: Gliscor|Substitute\n|move|p1a: Gliscor|Substitute|p1a: Gliscor\n|-start|p1a: Gliscor|Substitute\n|-damage|p1a: Gliscor|61\/100 tox\n|\n|-damage|p2a: Ceruledge|8\/100 tox|[from] psn\n|-heal|p1a: Gliscor|73\/100 tox|[from] ability: Poison Heal\n|upkeep\n|turn|20\n|\n|t:|1700182749\n|move|p1a: Gliscor|Protect|p1a: Gliscor\n|-singleturn|p1a: Gliscor|Protect\n|move|p2a: Ceruledge|Shadow Sneak|p1a: Gliscor\n|-activate|p1a: Gliscor|move: Protect\n|\n|-damage|p2a: Ceruledge|0 fnt|[from] psn\n|faint|p2a: Ceruledge\n|-heal|p1a: Gliscor|86\/100 tox|[from] ability: Poison Heal\n|upkeep\n|\n|t:|1700182754\n|switch|p2a: Eternatus|Eternatus|100\/100\n|-ability|p2a: Eternatus|Pressure\n|turn|21\n|\n|t:|1700182757\n|move|p2a: Eternatus|Fire Spin|p1a: Gliscor\n|-activate|p1a: Gliscor|move: Substitute|[damage]\n|move|p1a: Gliscor|Facade|p2a: Eternatus\n|-damage|p2a: Eternatus|74\/100\n|\n|-heal|p2a: Eternatus|80\/100|[from] item: Leftovers\n|-heal|p1a: Gliscor|98\/100 tox|[from] ability: Poison Heal\n|upkeep\n|turn|22\n|\n|t:|1700182763\n|move|p2a: Eternatus|Cosmic Power|p2a: Eternatus\n|-boost|p2a: Eternatus|def|1\n|-boost|p2a: Eternatus|spd|1\n|move|p1a: Gliscor|Facade|p2a: Eternatus\n|-damage|p2a: Eternatus|65\/100\n|\n|-heal|p2a: Eternatus|71\/100|[from] item: Leftovers\n|-heal|p1a: Gliscor|100\/100 tox|[from] ability: Poison Heal\n|upkeep\n|turn|23\n|\n|t:|1700182769\n|switch|p1a: Garganacl|Garganacl, F|100\/100\n|move|p2a: Eternatus|Cosmic Power|p2a: Eternatus\n|-boost|p2a: Eternatus|def|1\n|-boost|p2a: Eternatus|spd|1\n|\n|-heal|p2a: Eternatus|78\/100|[from] item: Leftovers\n|upkeep\n|turn|24\n|\n|t:|1700182775\n|move|p2a: Eternatus|Fire Spin|p1a: Garganacl\n|-resisted|p1a: Garganacl\n|-damage|p1a: Garganacl|96\/100\n|-activate|p1a: Garganacl|move: Fire Spin|[of] p2a: Eternatus\n|move|p1a: Garganacl|Salt Cure|p2a: Eternatus\n|-damage|p2a: Eternatus|72\/100\n|-start|p2a: Eternatus|Salt Cure\n|\n|-heal|p2a: Eternatus|78\/100|[from] item: Leftovers\n|-heal|p1a: Garganacl|100\/100|[from] item: Leftovers\n|-damage|p2a: Eternatus|66\/100|[from] Salt Cure\n|-damage|p1a: Garganacl|88\/100|[from] move: Fire Spin|[partiallytrapped]\n|upkeep\n|turn|25\n|\n|t:|1700182782\n|move|p2a: Eternatus|Toxic|p1a: Garganacl\n|-immune|p1a: Garganacl|[from] ability: Purifying Salt\n|move|p1a: Garganacl|Iron Defense|p1a: Garganacl\n|-boost|p1a: Garganacl|def|2\n|\n|-heal|p2a: Eternatus|72\/100|[from] item: Leftovers\n|-heal|p1a: Garganacl|94\/100|[from] item: Leftovers\n|-damage|p2a: Eternatus|59\/100|[from] Salt Cure\n|-damage|p1a: Garganacl|82\/100|[from] move: Fire Spin|[partiallytrapped]\n|upkeep\n|turn|26\n|\n|t:|1700182788\n|move|p2a: Eternatus|Cosmic Power|p2a: Eternatus\n|-boost|p2a: Eternatus|def|1\n|-boost|p2a: Eternatus|spd|1\n|move|p1a: Garganacl|Iron Defense|p1a: Garganacl\n|-boost|p1a: Garganacl|def|2\n|\n|-heal|p2a: Eternatus|66\/100|[from] item: Leftovers\n|-heal|p1a: Garganacl|88\/100|[from] item: Leftovers\n|-damage|p2a: Eternatus|53\/100|[from] Salt Cure\n|-damage|p1a: Garganacl|76\/100|[from] move: Fire Spin|[partiallytrapped]\n|upkeep\n|turn|27\n|\n|t:|1700182792\n|move|p2a: Eternatus|Cosmic Power|p2a: Eternatus\n|-boost|p2a: Eternatus|def|1\n|-boost|p2a: Eternatus|spd|1\n|move|p1a: Garganacl|Iron Defense|p1a: Garganacl\n|-boost|p1a: Garganacl|def|2\n|\n|-heal|p2a: Eternatus|59\/100|[from] item: Leftovers\n|-heal|p1a: Garganacl|82\/100|[from] item: Leftovers\n|-damage|p2a: Eternatus|47\/100|[from] Salt Cure\n|-damage|p1a: Garganacl|70\/100|[from] move: Fire Spin|[partiallytrapped]\n|upkeep\n|turn|28\n|\n|t:|1700182799\n|move|p2a: Eternatus|Recover|p2a: Eternatus\n|-heal|p2a: Eternatus|97\/100\n|move|p1a: Garganacl|Recover|p1a: Garganacl\n|-heal|p1a: Garganacl|100\/100\n|\n|-heal|p2a: Eternatus|100\/100|[from] item: Leftovers\n|-damage|p2a: Eternatus|88\/100|[from] Salt Cure\n|-end|p1a: Garganacl|Fire Spin|[partiallytrapped]\n|upkeep\n|turn|29\n|-message|unionleonion forfeited.\n|\n|win|kromydas\n|raw|unionleonion's rating: 1324 &rarr; <strong>1305<\/strong><br \/>(-19 for losing)\n|raw|kromydas's rating: 1335 &rarr; <strong>1354<\/strong><br \/>(+19 for winning)\n|l|\u2606unionleonion\n|l|\u203dkromydas\n","uploadtime":1700183166,"views":4,"p1id":"unionleonion","p2id":"kromydas","formatid":"gen9anythinggoes","rating":1305,"private":0,"password":""}