{"id":"gen9anythinggoes-1976179870","p1":"Hfdhahhsf","p2":"eye guy MD OD","format":"[Gen 9] Anything Goes","log":"|j|\u2606Hfdhahhsf\n|j|\u2606eye guy MD OD\n|t:|1698270973\n|gametype|singles\n|player|p1|Hfdhahhsf|169|1051\n|player|p2|eye guy MD OD|169|1150\n|teamsize|p1|6\n|teamsize|p2|6\n|gen|9\n|tier|[Gen 9] Anything Goes\n|rated|\n|rule|HP Percentage Mod: HP is shown in percentages\n|rule|Endless Battle Clause: Forcing endless battles is banned\n|clearpoke\n|poke|p1|Annihilape, F|\n|poke|p1|Zoroark-Hisui, M|\n|poke|p1|Arceus-Ghost|\n|poke|p1|Ceruledge, F|\n|poke|p1|Flutter Mane|\n|poke|p1|Calyrex-Shadow|\n|poke|p2|Ursaluna-Bloodmoon, M|\n|poke|p2|Decidueye, F|\n|poke|p2|Zoroark-Hisui, F|\n|poke|p2|Sableye, F|\n|poke|p2|Rabsca, M|\n|poke|p2|Braviary-Hisui, M|\n|teampreview\n|inactive|Battle timer is ON: inactive players will automatically lose when time's up. (requested by Hfdhahhsf)\n|\n|t:|1698270997\n|start\n|switch|p1a: Flutter Mane|Flutter Mane|100\/100\n|switch|p2a: Braviary|Braviary-Hisui, M|100\/100\n|turn|1\n|\n|t:|1698271003\n|move|p2a: Braviary|Shadow Ball|p1a: Flutter Mane\n|-immune|p1a: Flutter Mane\n|move|p1a: Flutter Mane|Dark Pulse|p2a: Braviary\n|-supereffective|p2a: Braviary\n|-damage|p2a: Braviary|0 fnt\n|replace|p2a: Zoroark|Zoroark-Hisui, F\n|-end|p2a: Zoroark|Illusion\n|faint|p2a: Zoroark\n|\n|upkeep\n|\n|t:|1698271014\n|switch|p2a: Ursaluna|Ursaluna-Bloodmoon, M|100\/100\n|turn|2\n|\n|t:|1698271025\n|move|p1a: Flutter Mane|U-turn|p2a: Ursaluna\n|-damage|p2a: Ursaluna|89\/100\n|\n|t:|1698271030\n|switch|p1a: Calyrex|Calyrex-Shadow|100\/100|[from] U-turn\n|-ability|p1a: Calyrex|As One\n|-ability|p1a: Calyrex|Unnerve\n|move|p2a: Ursaluna|Calm Mind|p2a: Ursaluna\n|-boost|p2a: Ursaluna|spa|1\n|-boost|p2a: Ursaluna|spd|1\n|\n|upkeep\n|turn|3\n|\n|t:|1698271040\n|move|p1a: Calyrex|Nasty Plot|p1a: Calyrex\n|-boost|p1a: Calyrex|spa|2\n|move|p2a: Ursaluna|Blood Moon|p1a: Calyrex\n|-damage|p1a: Calyrex|0 fnt\n|faint|p1a: Calyrex\n|\n|upkeep\n|\n|t:|1698271050\n|switch|p1a: Annihilape|Annihilape, F|100\/100\n|turn|4\n|\n|t:|1698271053\n|move|p1a: Annihilape|Final Gambit|p2a: Ursaluna\n|-damage|p2a: Ursaluna|0 fnt\n|faint|p1a: Annihilape\n|faint|p2a: Ursaluna\n|\n|upkeep\n|\n|t:|1698271066\n|switch|p1a: Flutter Mane|Flutter Mane|100\/100\n|switch|p2a: Rabsca|Rabsca, M|100\/100\n|turn|5\n|\n|t:|1698271072\n|move|p1a: Flutter Mane|Shadow Ball|p2a: Rabsca\n|-supereffective|p2a: Rabsca\n|-damage|p2a: Rabsca|28\/100\n|move|p2a: Rabsca|Revival Blessing|p2a: Rabsca\n|\n|t:|1698271078\n|-heal|p2: Ursaluna|50\/100|[from] move: Revival Blessing\n|\n|-heal|p2a: Rabsca|34\/100|[from] item: Leftovers\n|upkeep\n|turn|6\n|\n|t:|1698271087\n|move|p1a: Flutter Mane|Dark Pulse|p2a: Rabsca\n|-supereffective|p2a: Rabsca\n|-crit|p2a: Rabsca\n|-damage|p2a: Rabsca|0 fnt\n|faint|p2a: Rabsca\n|\n|upkeep\n|\n|t:|1698271093\n|switch|p2a: Sableye|Sableye, F, shiny|100\/100\n|turn|7\n|\n|t:|1698271097\n|move|p2a: Sableye|Shadow Sneak|p1a: Flutter Mane\n|-immune|p1a: Flutter Mane\n|move|p1a: Flutter Mane|U-turn|p2a: Sableye\n|-damage|p2a: Sableye|77\/100\n|\n|t:|1698271108\n|switch|p1a: Ceruledge|Ceruledge, F|100\/100|[from] U-turn\n|\n|upkeep\n|turn|8\n|\n|t:|1698271116\n|move|p2a: Sableye|Shadow Sneak|p1a: Ceruledge\n|-supereffective|p1a: Ceruledge\n|-damage|p1a: Ceruledge|57\/100\n|-ability|p1a: Ceruledge|Weak Armor|boost\n|-unboost|p1a: Ceruledge|def|1\n|-boost|p1a: Ceruledge|spe|2\n|move|p1a: Ceruledge|Destiny Bond|p1a: Ceruledge\n|-singlemove|p1a: Ceruledge|Destiny Bond\n|\n|upkeep\n|turn|9\n|\n|t:|1698271129\n|move|p1a: Ceruledge|Bitter Blade|p2a: Sableye\n|-damage|p2a: Sableye|0 fnt\n|-heal|p1a: Ceruledge|96\/100|[from] drain|[of] p2a: Sableye\n|faint|p2a: Sableye\n|-damage|p1a: Ceruledge|86\/100|[from] item: Life Orb\n|\n|upkeep\n|\n|t:|1698271137\n|switch|p2a: Decidueye|Decidueye, F|100\/100\n|turn|10\n|\n|t:|1698271146\n|-terastallize|p2a: Decidueye|Ghost\n|move|p2a: Decidueye|Shadow Sneak|p1a: Ceruledge\n|-supereffective|p1a: Ceruledge\n|-damage|p1a: Ceruledge|0 fnt\n|faint|p1a: Ceruledge\n|\n|upkeep\n|\n|t:|1698271152\n|switch|p1a: Flutter Mane|Flutter Mane|100\/100\n|turn|11\n|\n|t:|1698271158\n|move|p1a: Flutter Mane|Shadow Ball|p2a: Decidueye\n|-supereffective|p2a: Decidueye\n|-damage|p2a: Decidueye|22\/100\n|-unboost|p2a: Decidueye|spd|1\n|move|p2a: Decidueye|Swords Dance|p2a: Decidueye\n|-boost|p2a: Decidueye|atk|2\n|\n|upkeep\n|turn|12\n|\n|t:|1698271167\n|move|p2a: Decidueye|Shadow Sneak|p1a: Flutter Mane\n|-immune|p1a: Flutter Mane\n|move|p1a: Flutter Mane|Dark Pulse|p2a: Decidueye\n|-supereffective|p2a: Decidueye\n|-damage|p2a: Decidueye|0 fnt\n|faint|p2a: Decidueye\n|\n|upkeep\n|\n|t:|1698271175\n|switch|p2a: Braviary|Braviary-Hisui, M|100\/100\n|turn|13\n|\n|t:|1698271181\n|move|p1a: Flutter Mane|Shadow Ball|p2a: Braviary\n|-supereffective|p2a: Braviary\n|-damage|p2a: Braviary|9\/100\n|move|p2a: Braviary|Heat Wave|p1a: Flutter Mane\n|-damage|p1a: Flutter Mane|34\/100\n|replace|p1a: Zoroark|Zoroark-Hisui, M, shiny\n|-end|p1a: Zoroark|Illusion\n|\n|upkeep\n|turn|14\n|\n|t:|1698271190\n|move|p1a: Zoroark|Dark Pulse|p2a: Braviary\n|-supereffective|p2a: Braviary\n|-damage|p2a: Braviary|0 fnt\n|faint|p2a: Braviary\n|\n|upkeep\n|\n|t:|1698271197\n|switch|p2a: Ursaluna|Ursaluna-Bloodmoon, M|50\/100\n|turn|15\n|\n|t:|1698271202\n|move|p1a: Zoroark|Focus Blast|p2a: Ursaluna\n|-supereffective|p2a: Ursaluna\n|-damage|p2a: Ursaluna|0 fnt\n|faint|p2a: Ursaluna\n|\n|win|Hfdhahhsf\n|raw|Hfdhahhsf's rating: 1051 &rarr; <strong>1092<\/strong><br \/>(+41 for winning)\n|raw|eye guy MD OD's rating: 1150 &rarr; <strong>1118<\/strong><br \/>(-32 for losing)\n","uploadtime":1698271206,"views":15,"p1id":"hfdhahhsf","p2id":"eyeguymdod","formatid":"gen9anythinggoes","rating":1092,"private":0,"password":""}