{"id":"gen9anythinggoes-1991553574","p1":"uyufyttrdfghji","p2":"Mattattac","format":"[Gen 9] Anything Goes","log":"|j|\u2606uyufyttrdfghji\n|j|\u2606Mattattac\n|t:|1700087746\n|gametype|singles\n|player|p1|uyufyttrdfghji|pokemaniac|\n|player|p2|Mattattac|nate|\n|teamsize|p1|6\n|teamsize|p2|6\n|gen|9\n|tier|[Gen 9] Anything Goes\n|rule|HP Percentage Mod: HP is shown in percentages\n|rule|Endless Battle Clause: Forcing endless battles is banned\n|clearpoke\n|poke|p1|Zoroark-Hisui, M|\n|poke|p1|Ursaluna-Bloodmoon, M|\n|poke|p1|Dragapult, M|\n|poke|p1|Basculegion-F, F|\n|poke|p1|Miraidon|\n|poke|p1|Palkia|\n|poke|p2|Urshifu-*, M|\n|poke|p2|Volcarona, M|\n|poke|p2|Ceruledge, M|\n|poke|p2|Cinderace, M|\n|poke|p2|Spidops, M|\n|poke|p2|Rillaboom, M|\n|teampreview\n|\n|t:|1700087757\n|start\n|switch|p1a: Minor|Miraidon|100\/100\n|switch|p2a: Spidops|Spidops, M, shiny|100\/100\n|turn|1\n|\n|t:|1700087764\n|move|p1a: Minor|Extrasensory|p2a: Spidops\n|-damage|p2a: Spidops|73\/100\n|move|p2a: Spidops|Sticky Web|p1a: Minor\n|-sidestart|p1: uyufyttrdfghji|move: Sticky Web\n|\n|-heal|p2a: Spidops|79\/100|[from] item: Leftovers\n|upkeep\n|turn|2\n|\n|t:|1700087775\n|move|p1a: Minor|Hyper Voice|p2a: Spidops\n|-damage|p2a: Spidops|31\/100\n|move|p2a: Spidops|Toxic Spikes|p1a: Minor\n|-sidestart|p1: uyufyttrdfghji|move: Toxic Spikes\n|\n|-heal|p2a: Spidops|37\/100|[from] item: Leftovers\n|upkeep\n|turn|3\n|c|\u2606uyufyttrdfghji|he is a....\n|\n|t:|1700087797\n|move|p1a: Minor|Hyper Voice|p2a: Spidops\n|-damage|p2a: Spidops|0 fnt\n|faint|p2a: Spidops\n|\n|upkeep\n|c|\u2606Mattattac|dead bug\n|c|\u2606uyufyttrdfghji|no a...\n|\n|t:|1700087807\n|switch|p2a: Rillaboom|Rillaboom, M, shiny|100\/100\n|-fieldstart|move: Grassy Terrain|[from] ability: Grassy Surge|[of] p2a: Rillaboom\n|-enditem|p2a: Rillaboom|Grassy Seed\n|-boost|p2a: Rillaboom|def|1|[from] item: Grassy Seed\n|turn|4\n|\n|t:|1700087819\n|move|p2a: Rillaboom|Swords Dance|p2a: Rillaboom\n|-boost|p2a: Rillaboom|atk|2\n|move|p1a: Minor|Poltergeist||[still]\n|-fail|p1a: Minor\n|\n|upkeep\n|turn|5\n|c|\u2606uyufyttrdfghji|minor\n|c|\u2606Mattattac|lol\n|\n|t:|1700087829\n|move|p2a: Rillaboom|Body Press|p1a: Minor\n|-immune|p1a: Minor\n|move|p1a: Minor|Bitter Malice|p2a: Rillaboom\n|-damage|p2a: Rillaboom|57\/100\n|-unboost|p2a: Rillaboom|atk|1\n|\n|-heal|p2a: Rillaboom|63\/100|[from] Grassy Terrain\n|upkeep\n|turn|6\n|c|\u2606Mattattac|aaaaaaaaaaaaaaaah\n|c|\u2606Mattattac|zoroark\n|c|\u2606Mattattac|alr\n|\n|t:|1700087843\n|move|p2a: Rillaboom|Acrobatics|p1a: Minor\n|-damage|p1a: Minor|7\/100\n|replace|p1a: Why just Why|Zoroark-Hisui, M, shiny\n|-end|p1a: Why just Why|Illusion\n|move|p1a: Why just Why|Extrasensory|p2a: Rillaboom\n|-damage|p2a: Rillaboom|35\/100\n|\n|-heal|p2a: Rillaboom|41\/100|[from] Grassy Terrain\n|-heal|p1a: Why just Why|13\/100|[from] Grassy Terrain\n|-heal|p1a: Why just Why|19\/100|[from] item: Leftovers\n|upkeep\n|turn|7\n|\n|t:|1700087854\n|move|p2a: Rillaboom|Grassy Glide|p1a: Why just Why\n|-crit|p1a: Why just Why\n|-damage|p1a: Why just Why|0 fnt\n|faint|p1a: Why just Why\n|\n|-heal|p2a: Rillaboom|47\/100|[from] Grassy Terrain\n|upkeep\n|c|\u2606uyufyttrdfghji|why just why\n|\n|t:|1700087867\n|switch|p1a: Dragoon|Dragapult, M, shiny|100\/100\n|-activate|p1a: Dragoon|move: Sticky Web\n|-unboost|p1a: Dragoon|spe|1\n|-status|p1a: Dragoon|psn\n|turn|8\n|\n|t:|1700087878\n|move|p2a: Rillaboom|Acrobatics|p1a: Dragoon\n|-damage|p1a: Dragoon|40\/100 psn\n|-damage|p2a: Rillaboom|31\/100|[from] item: Rocky Helmet|[of] p1a: Dragoon\n|move|p1a: Dragoon|Dragon Darts|p2a: Rillaboom\n|-damage|p2a: Rillaboom|14\/100\n|-anim|p1a: Dragoon|Dragon Darts|p2a: Rillaboom\n|-damage|p2a: Rillaboom|0 fnt\n|faint|p2a: Rillaboom\n|\n|-heal|p1a: Dragoon|46\/100 psn|[from] Grassy Terrain\n|-damage|p1a: Dragoon|33\/100 psn|[from] psn\n|-fieldend|move: Grassy Terrain\n|upkeep\n|\n|t:|1700087896\n|switch|p2a: Ceruledge|Ceruledge, M, shiny|100\/100\n|turn|9\n|\n|t:|1700087900\n|move|p2a: Ceruledge|Swords Dance|p2a: Ceruledge\n|-boost|p2a: Ceruledge|atk|2\n|move|p1a: Dragoon|Hydro Pump|p2a: Ceruledge\n|-supereffective|p2a: Ceruledge\n|-damage|p2a: Ceruledge|38\/100\n|\n|-heal|p2a: Ceruledge|44\/100|[from] item: Leftovers\n|-damage|p1a: Dragoon|21\/100 psn|[from] psn\n|upkeep\n|turn|10\n|\n|t:|1700087910\n|move|p2a: Ceruledge|Bitter Blade|p1a: Dragoon\n|-resisted|p1a: Dragoon\n|-damage|p1a: Dragoon|0 fnt\n|-heal|p2a: Ceruledge|57\/100|[from] drain|[of] p1a: Dragoon\n|-damage|p2a: Ceruledge|40\/100|[from] item: Rocky Helmet|[of] p1a: Dragoon\n|faint|p1a: Dragoon\n|\n|-heal|p2a: Ceruledge|46\/100|[from] item: Leftovers\n|upkeep\n|\n|t:|1700087918\n|switch|p1a: Blood|Ursaluna-Bloodmoon, M|100\/100\n|-activate|p1a: Blood|move: Sticky Web\n|-unboost|p1a: Blood|spe|1\n|-status|p1a: Blood|psn\n|turn|11\n|\n|t:|1700087926\n|move|p2a: Ceruledge|Close Combat|p1a: Blood\n|-supereffective|p1a: Blood\n|-damage|p1a: Blood|0 fnt\n|-unboost|p2a: Ceruledge|def|1\n|-unboost|p2a: Ceruledge|spd|1\n|faint|p1a: Blood\n|\n|-heal|p2a: Ceruledge|52\/100|[from] item: Leftovers\n|upkeep\n|\n|t:|1700087934\n|switch|p1a: Pal|Palkia, shiny|100\/100\n|-activate|p1a: Pal|move: Sticky Web\n|-unboost|p1a: Pal|spe|1\n|-status|p1a: Pal|psn\n|-ability|p1a: Pal|Pressure\n|turn|12\n|\n|t:|1700087942\n|move|p2a: Ceruledge|Close Combat|p1a: Pal\n|-damage|p1a: Pal|18\/100 psn\n|-unboost|p2a: Ceruledge|def|1\n|-unboost|p2a: Ceruledge|spd|1\n|move|p1a: Pal|Chilling Water|p2a: Ceruledge\n|-supereffective|p2a: Ceruledge\n|-damage|p2a: Ceruledge|0 fnt\n|faint|p2a: Ceruledge\n|\n|-heal|p1a: Pal|25\/100 psn|[from] item: Leftovers\n|-damage|p1a: Pal|12\/100 psn|[from] psn\n|upkeep\n|c|\u2606uyufyttrdfghji|ok i pressed a button\n|\n|t:|1700087962\n|switch|p2a: Urshifu|Urshifu-Rapid-Strike, M|100\/100\n|turn|13\n|\n|t:|1700087967\n|move|p2a: Urshifu|Swords Dance|p2a: Urshifu\n|-boost|p2a: Urshifu|atk|2\n|move|p1a: Pal|Spacial Rend|p2a: Urshifu\n|-damage|p2a: Urshifu|29\/100\n|\n|-heal|p1a: Pal|18\/100 psn|[from] item: Leftovers\n|-damage|p1a: Pal|6\/100 psn|[from] psn\n|upkeep\n|turn|14\n|\n|t:|1700087976\n|move|p2a: Urshifu|Aqua Jet|p1a: Pal\n|-resisted|p1a: Pal\n|-damage|p1a: Pal|0 fnt\n|faint|p1a: Pal\n|-damage|p2a: Urshifu|19\/100|[from] item: Life Orb\n|\n|upkeep\n|c|\u2606uyufyttrdfghji|be nice\n|\n|t:|1700087984\n|switch|p1a: Minor|Miraidon|100\/100\n|-activate|p1a: Minor|move: Sticky Web\n|-unboost|p1a: Minor|spe|1\n|-status|p1a: Minor|psn\n|-fieldstart|move: Electric Terrain|[from] ability: Hadron Engine|[of] p1a: Minor\n|turn|15\n|\n|t:|1700087995\n|-terastallize|p2a: Urshifu|Fighting\n|move|p2a: Urshifu|Close Combat|p1a: Minor\n|-damage|p1a: Minor|0 fnt\n|-unboost|p2a: Urshifu|def|1\n|-unboost|p2a: Urshifu|spd|1\n|faint|p1a: Minor\n|-damage|p2a: Urshifu|9\/100|[from] item: Life Orb\n|\n|upkeep\n|c|\u2606Mattattac|hell yeah\n|\n|t:|1700088003\n|switch|p1a: Bass|Basculegion-F, F, shiny|100\/100\n|-activate|p1a: Bass|move: Sticky Web\n|-unboost|p1a: Bass|spe|1\n|-status|p1a: Bass|psn\n|-ability|p1a: Bass|Mold Breaker\n|turn|16\n|c|\u2606Mattattac|didn't really think that would kill honestly\n|\n|t:|1700088015\n|-terastallize|p1a: Bass|Dragon\n|move|p2a: Urshifu|Acrobatics|p1a: Bass\n|-damage|p1a: Bass|50\/100 psn\n|-damage|p2a: Urshifu|0 fnt|[from] item: Life Orb\n|faint|p2a: Urshifu\n|move|p1a: Bass|Waterfall|p2: Urshifu|[notarget]\n|-fail|p1a: Bass\n|\n|-heal|p1a: Bass|56\/100 psn|[from] item: Leftovers\n|-damage|p1a: Bass|43\/100 psn|[from] psn\n|upkeep\n|\n|t:|1700088022\n|switch|p2a: Volcarona|Volcarona, M, shiny|100\/100\n|turn|17\n|\n|t:|1700088029\n|move|p2a: Volcarona|Quiver Dance|p2a: Volcarona\n|-boost|p2a: Volcarona|spa|1\n|-boost|p2a: Volcarona|spd|1\n|-boost|p2a: Volcarona|spe|1\n|move|p1a: Bass|Last Respects|p2a: Volcarona\n|-damage|p2a: Volcarona|0 fnt\n|faint|p2a: Volcarona\n|\n|-heal|p1a: Bass|50\/100 psn|[from] item: Leftovers\n|-damage|p1a: Bass|37\/100 psn|[from] psn\n|upkeep\n|\n|t:|1700088033\n|switch|p2a: Cinderace|Cinderace, M, shiny|100\/100\n|turn|18\n|c|\u2606uyufyttrdfghji|gg?\n|c|\u2606Mattattac|but for who tho\n|c|\u2606uyufyttrdfghji|idk\n|\n|t:|1700088078\n|move|p2a: Cinderace|Sucker Punch|p1a: Bass\n|-start|p2a: Cinderace|typechange|Dark|[from] ability: Libero\n|-damage|p1a: Bass|0 fnt\n|faint|p1a: Bass\n|\n|win|Mattattac\n|c|\u2606uyufyttrdfghji|ggwp\n|c|\u2606Mattattac|gg\n","uploadtime":1700088088,"views":5,"p1id":"uyufyttrdfghji","p2id":"mattattac","formatid":"gen9anythinggoes","rating":0,"private":0,"password":""}