{"id":"gen9anythinggoes-1985797094","p1":"ZackComesBack","p2":"Fishmanwithnose","format":"[Gen 9] Anything Goes","log":"|j|\u2606ZackComesBack\n|j|\u2606Fishmanwithnose\n|t:|1699407162\n|gametype|singles\n|player|p1|ZackComesBack|dawn-gen4pt|1102\n|player|p2|Fishmanwithnose|169|1092\n|teamsize|p1|6\n|teamsize|p2|6\n|gen|9\n|tier|[Gen 9] Anything Goes\n|rated|\n|rule|HP Percentage Mod: HP is shown in percentages\n|rule|Endless Battle Clause: Forcing endless battles is banned\n|clearpoke\n|poke|p1|Chi-Yu|\n|poke|p1|Dragapult, F|\n|poke|p1|Breloom, M|\n|poke|p1|Calyrex-Shadow|\n|poke|p1|Brute Bonnet|\n|poke|p1|Miraidon|\n|poke|p2|Ursaluna, M|\n|poke|p2|Cinderace, M|\n|poke|p2|Ceruledge, M|\n|poke|p2|Lycanroc-Midnight, M|\n|poke|p2|Rabsca, M|\n|poke|p2|Mew|\n|teampreview\n|\n|t:|1699407167\n|start\n|switch|p1a: Calyrex|Calyrex-Shadow|100\/100\n|switch|p2a: Mew|Mew|100\/100\n|-ability|p1a: Calyrex|As One\n|-ability|p1a: Calyrex|Unnerve\n|turn|1\n|\n|t:|1699407176\n|move|p1a: Calyrex|Astral Barrage|p2a: Mew\n|-supereffective|p2a: Mew\n|-damage|p2a: Mew|0 fnt\n|faint|p2a: Mew\n|-ability|p1a: Calyrex|Grim Neigh|boost\n|-boost|p1a: Calyrex|spa|1\n|\n|upkeep\n|\n|t:|1699407188\n|switch|p2a: Lycanroc|Lycanroc-Midnight, M, shiny|100\/100\n|turn|2\n|\n|t:|1699407192\n|move|p2a: Lycanroc|Sucker Punch|p1a: Calyrex\n|-supereffective|p1a: Calyrex\n|-damage|p1a: Calyrex|0 fnt\n|faint|p1a: Calyrex\n|\n|upkeep\n|\n|t:|1699407201\n|switch|p1a: Breloom|Breloom, M|100\/100\n|turn|3\n|\n|t:|1699407207\n|move|p1a: Breloom|Mach Punch|p2a: Lycanroc\n|-supereffective|p2a: Lycanroc\n|-damage|p2a: Lycanroc|4\/100\n|move|p2a: Lycanroc|Stealth Rock|p1a: Breloom\n|-sidestart|p1: ZackComesBack|move: Stealth Rock\n|\n|upkeep\n|turn|4\n|\n|t:|1699407213\n|move|p2a: Lycanroc|Sucker Punch||[still]\n|-fail|p2a: Lycanroc\n|move|p1a: Breloom|Swords Dance|p1a: Breloom\n|-boost|p1a: Breloom|atk|2\n|\n|upkeep\n|turn|5\n|\n|t:|1699407219\n|move|p2a: Lycanroc|Sucker Punch|p1a: Breloom\n|-resisted|p1a: Breloom\n|-damage|p1a: Breloom|84\/100\n|move|p1a: Breloom|Mach Punch|p2a: Lycanroc\n|-supereffective|p2a: Lycanroc\n|-damage|p2a: Lycanroc|0 fnt\n|faint|p2a: Lycanroc\n|\n|upkeep\n|\n|t:|1699407229\n|switch|p2a: Ceruledge|Ceruledge, M, shiny|100\/100\n|turn|6\n|\n|t:|1699407233\n|move|p1a: Breloom|Mach Punch|p2a: Ceruledge\n|-immune|p2a: Ceruledge\n|move|p2a: Ceruledge|Swords Dance|p2a: Ceruledge\n|-boost|p2a: Ceruledge|atk|2\n|\n|upkeep\n|turn|7\n|\n|t:|1699407240\n|move|p2a: Ceruledge|Swords Dance|p2a: Ceruledge\n|-boost|p2a: Ceruledge|atk|2\n|move|p1a: Breloom|Bullet Seed|p2a: Ceruledge\n|-resisted|p2a: Ceruledge\n|-damage|p2a: Ceruledge|72\/100\n|-ability|p2a: Ceruledge|Weak Armor|boost\n|-unboost|p2a: Ceruledge|def|1\n|-boost|p2a: Ceruledge|spe|2\n|-resisted|p2a: Ceruledge\n|-crit|p2a: Ceruledge\n|-damage|p2a: Ceruledge|9\/100\n|-ability|p2a: Ceruledge|Weak Armor|boost\n|-unboost|p2a: Ceruledge|def|1\n|-boost|p2a: Ceruledge|spe|2\n|-enditem|p2a: Ceruledge|Liechi Berry|[eat]\n|-boost|p2a: Ceruledge|atk|1|[from] item: Liechi Berry\n|-hitcount|p2a: Ceruledge|2\n|\n|upkeep\n|turn|8\n|\n|t:|1699407257\n|move|p2a: Ceruledge|Bitter Blade|p1a: Breloom\n|-supereffective|p1a: Breloom\n|-damage|p1a: Breloom|0 fnt\n|-heal|p2a: Ceruledge|47\/100|[from] drain|[of] p1a: Breloom\n|faint|p1a: Breloom\n|\n|upkeep\n|\n|t:|1699407270\n|switch|p1a: Chi-Yu|Chi-Yu|100\/100\n|-damage|p1a: Chi-Yu|76\/100|[from] Stealth Rock\n|-ability|p1a: Chi-Yu|Beads of Ruin\n|turn|9\n|\n|t:|1699407280\n|-terastallize|p2a: Ceruledge|Ghost\n|move|p2a: Ceruledge|Poltergeist|p1a: Chi-Yu\n|-activate|p1a: Chi-Yu|move: Poltergeist|Choice Scarf\n|-resisted|p1a: Chi-Yu\n|-damage|p1a: Chi-Yu|0 fnt\n|faint|p1a: Chi-Yu\n|\n|upkeep\n|c|\u2606Fishmanwithnose|Thanks for the stats\n|\n|t:|1699407298\n|switch|p1a: Miraidon|Miraidon|100\/100\n|-damage|p1a: Miraidon|88\/100|[from] Stealth Rock\n|-fieldstart|move: Electric Terrain|[from] ability: Hadron Engine|[of] p1a: Miraidon\n|turn|10\n|c|\u2606Fishmanwithnose|\ud83d\ude4f\n|\n|t:|1699407307\n|move|p2a: Ceruledge|Bitter Blade|p1a: Miraidon\n|-resisted|p1a: Miraidon\n|-damage|p1a: Miraidon|0 fnt\n|-heal|p2a: Ceruledge|98\/100|[from] drain|[of] p1a: Miraidon\n|faint|p1a: Miraidon\n|\n|upkeep\n|\n|t:|1699407314\n|switch|p1a: Dragapult|Dragapult, F|100\/100\n|-damage|p1a: Dragapult|88\/100|[from] Stealth Rock\n|turn|11\n|\n|t:|1699407330\n|move|p2a: Ceruledge|Poltergeist|p1a: Dragapult\n|-activate|p1a: Dragapult|move: Poltergeist|Leftovers\n|-supereffective|p1a: Dragapult\n|-damage|p1a: Dragapult|0 fnt\n|faint|p1a: Dragapult\n|\n|upkeep\n|\n|t:|1699407337\n|switch|p1a: Brute Bonnet|Brute Bonnet|100\/100\n|-damage|p1a: Brute Bonnet|88\/100|[from] Stealth Rock\n|turn|12\n|\n|t:|1699407345\n|move|p2a: Ceruledge|Bitter Blade|p1a: Brute Bonnet\n|-supereffective|p1a: Brute Bonnet\n|-damage|p1a: Brute Bonnet|0 fnt\n|-heal|p2a: Ceruledge|100\/100|[from] drain|[of] p1a: Brute Bonnet\n|faint|p1a: Brute Bonnet\n|-end|p1a: Brute Bonnet|Protosynthesis|[silent]\n|\n|win|Fishmanwithnose\n|raw|ZackComesBack's rating: 1102 &rarr; <strong>1076<\/strong><br \/>(-26 for losing)\n|raw|Fishmanwithnose's rating: 1092 &rarr; <strong>1119<\/strong><br \/>(+27 for winning)\n|l|\u2606ZackComesBack\n|c|\u2606Fishmanwithnose|Thanks for the clean sweep\n","uploadtime":1699407360,"views":3,"p1id":"zackcomesback","p2id":"fishmanwithnose","formatid":"gen9anythinggoes","rating":1076,"private":0,"password":""}