{"id":"gen9anythinggoes-1984095294","p1":"lelouchviteselia","p2":"draquest","format":"[Gen 9] Anything Goes","log":"|j|\u2606lelouchviteselia\n|j|\u2606draquest\n|t:|1699218166\n|gametype|singles\n|player|p1|lelouchviteselia|ghetsis|\n|player|p2|draquest|169|\n|teamsize|p1|6\n|teamsize|p2|6\n|gen|9\n|tier|[Gen 9] Anything Goes\n|rule|HP Percentage Mod: HP is shown in percentages\n|rule|Endless Battle Clause: Forcing endless battles is banned\n|clearpoke\n|poke|p1|Iron Bundle|\n|poke|p1|Corviknight, F|\n|poke|p1|Glastrier|\n|poke|p1|Regidrago|\n|poke|p1|Clodsire, F|\n|poke|p1|Dachsbun, F|\n|poke|p2|Fezandipiti, M|\n|poke|p2|Jirachi|\n|poke|p2|Basculegion-F, F|\n|poke|p2|Golem-Alola, M|\n|poke|p2|Infernape, M|\n|poke|p2|Pawmot, F|\n|teampreview\n|c|\u2606draquest|suerte\n|c|\u2606lelouchviteselia|igualmente\n|c|\u2606lelouchviteselia|voy a pasar el enlace\n|c|\u2606lelouchviteselia|ale, pues amo a darle\n|\n|t:|1699218278\n|start\n|switch|p1a: Lil Nash|Glastrier|100\/100\n|switch|p2a: Bacalao|Basculegion-F, F|100\/100\n|turn|1\n|\n|t:|1699218302\n|switch|p1a: Nom Nom|Clodsire, F|100\/100\n|move|p2a: Bacalao|Shadow Ball|p1a: Nom Nom\n|-damage|p1a: Nom Nom|57\/100\n|\n|-heal|p1a: Nom Nom|63\/100|[from] item: Black Sludge\n|upkeep\n|turn|2\n|\n|t:|1699218322\n|move|p2a: Bacalao|Shadow Ball|p1a: Nom Nom\n|-damage|p1a: Nom Nom|22\/100\n|move|p1a: Nom Nom|Recover|p1a: Nom Nom\n|-heal|p1a: Nom Nom|72\/100\n|\n|-heal|p1a: Nom Nom|78\/100|[from] item: Black Sludge\n|upkeep\n|turn|3\n|\n|t:|1699218358\n|move|p2a: Bacalao|Shadow Ball|p1a: Nom Nom\n|-damage|p1a: Nom Nom|40\/100\n|move|p1a: Nom Nom|Earthquake|p2a: Bacalao\n|-damage|p2a: Bacalao|75\/100\n|\n|-heal|p1a: Nom Nom|46\/100|[from] item: Black Sludge\n|upkeep\n|turn|4\n|\n|t:|1699218412\n|switch|p1a: Lil Nash|Glastrier|100\/100\n|move|p2a: Bacalao|Shadow Ball|p1a: Lil Nash\n|-damage|p1a: Lil Nash|38\/100\n|\n|-heal|p1a: Lil Nash|45\/100|[from] item: Leftovers\n|upkeep\n|turn|5\n|\n|t:|1699218444\n|-terastallize|p1a: Lil Nash|Fairy\n|move|p2a: Bacalao|Shadow Ball|p1a: Lil Nash\n|-damage|p1a: Lil Nash|0 fnt\n|faint|p1a: Lil Nash\n|\n|upkeep\n|\n|t:|1699218450\n|switch|p1a: Beee bup bi bop|Regidrago|100\/100\n|turn|6\n|\n|t:|1699218465\n|switch|p2a: Milanesa|Fezandipiti, M|100\/100\n|move|p1a: Beee bup bi bop|Dragon Dance|p1a: Beee bup bi bop\n|-boost|p1a: Beee bup bi bop|atk|1\n|-boost|p1a: Beee bup bi bop|spe|1\n|\n|upkeep\n|turn|7\n|\n|t:|1699218490\n|move|p1a: Beee bup bi bop|Earthquake|p2a: Milanesa\n|-supereffective|p2a: Milanesa\n|-damage|p2a: Milanesa|0 fnt\n|faint|p2a: Milanesa\n|\n|upkeep\n|\n|t:|1699218532\n|switch|p2a: Simio|Infernape, M|100\/100\n|turn|8\n|\n|t:|1699218556\n|move|p2a: Simio|Close Combat|p1a: Beee bup bi bop\n|-damage|p1a: Beee bup bi bop|49\/100\n|-unboost|p2a: Simio|def|1\n|-unboost|p2a: Simio|spd|1\n|move|p1a: Beee bup bi bop|Earthquake|p2a: Simio\n|-supereffective|p2a: Simio\n|-damage|p2a: Simio|0 fnt\n|faint|p2a: Simio\n|\n|upkeep\n|\n|t:|1699218565\n|switch|p2a: Cabesa|Jirachi|100\/100\n|turn|9\n|\n|t:|1699218569\n|move|p1a: Beee bup bi bop|Earthquake|p2a: Cabesa\n|-supereffective|p2a: Cabesa\n|-damage|p2a: Cabesa|34\/100\n|move|p2a: Cabesa|Doom Desire|p1a: Beee bup bi bop\n|-start|p2a: Cabesa|Doom Desire\n|\n|-heal|p2a: Cabesa|40\/100|[from] item: Leftovers\n|upkeep\n|turn|10\n|\n|t:|1699218630\n|move|p2a: Cabesa|Protect|p2a: Cabesa\n|-singleturn|p2a: Cabesa|Protect\n|move|p1a: Beee bup bi bop|Earthquake|p2a: Cabesa\n|-activate|p2a: Cabesa|move: Protect\n|\n|-heal|p2a: Cabesa|46\/100|[from] item: Leftovers\n|upkeep\n|turn|11\n|\n|t:|1699218651\n|switch|p1a: Nom Nom|Clodsire, F|46\/100\n|move|p2a: Cabesa|Protect||[still]\n|-fail|p2a: Cabesa\n|\n|-end|p1a: Nom Nom|move: Doom Desire\n|-damage|p1a: Nom Nom|23\/100\n|-heal|p2a: Cabesa|52\/100|[from] item: Leftovers\n|-heal|p1a: Nom Nom|29\/100|[from] item: Black Sludge\n|upkeep\n|turn|12\n|\n|t:|1699218671\n|move|p2a: Cabesa|Wish|p2a: Cabesa\n|move|p1a: Nom Nom|Earthquake|p2a: Cabesa\n|-supereffective|p2a: Cabesa\n|-crit|p2a: Cabesa\n|-damage|p2a: Cabesa|3\/100\n|\n|-heal|p2a: Cabesa|10\/100|[from] item: Leftovers\n|-heal|p1a: Nom Nom|35\/100|[from] item: Black Sludge\n|upkeep\n|turn|13\n|\n|t:|1699218681\n|move|p2a: Cabesa|Protect|p2a: Cabesa\n|-singleturn|p2a: Cabesa|Protect\n|move|p1a: Nom Nom|Recover|p1a: Nom Nom\n|-heal|p1a: Nom Nom|86\/100\n|\n|-heal|p2a: Cabesa|60\/100|[from] move: Wish|[wisher] Cabesa\n|-heal|p2a: Cabesa|66\/100|[from] item: Leftovers\n|-heal|p1a: Nom Nom|92\/100|[from] item: Black Sludge\n|upkeep\n|turn|14\n|\n|t:|1699218705\n|move|p2a: Cabesa|Wish|p2a: Cabesa\n|move|p1a: Nom Nom|Earthquake|p2a: Cabesa\n|-supereffective|p2a: Cabesa\n|-damage|p2a: Cabesa|32\/100\n|\n|-heal|p2a: Cabesa|38\/100|[from] item: Leftovers\n|-heal|p1a: Nom Nom|98\/100|[from] item: Black Sludge\n|upkeep\n|turn|15\n|\n|t:|1699218713\n|move|p2a: Cabesa|Protect|p2a: Cabesa\n|-singleturn|p2a: Cabesa|Protect\n|move|p1a: Nom Nom|Spikes|p2a: Cabesa\n|-sidestart|p2: draquest|Spikes\n|\n|-heal|p2a: Cabesa|88\/100|[from] move: Wish|[wisher] Cabesa\n|-heal|p2a: Cabesa|94\/100|[from] item: Leftovers\n|-heal|p1a: Nom Nom|100\/100|[from] item: Black Sludge\n|upkeep\n|turn|16\n|\n|t:|1699218727\n|move|p2a: Cabesa|U-turn|p1a: Nom Nom\n|-resisted|p1a: Nom Nom\n|-damage|p1a: Nom Nom|91\/100\n|\n|t:|1699218730\n|switch|p2a: Bacalao|Basculegion-F, F|75\/100|[from] U-turn\n|-damage|p2a: Bacalao|62\/100|[from] Spikes\n|move|p1a: Nom Nom|Earthquake|p2a: Bacalao\n|-damage|p2a: Bacalao|33\/100\n|\n|-heal|p1a: Nom Nom|97\/100|[from] item: Black Sludge\n|upkeep\n|turn|17\n|\n|t:|1699218742\n|move|p2a: Bacalao|Shadow Ball|p1a: Nom Nom\n|-damage|p1a: Nom Nom|56\/100\n|move|p1a: Nom Nom|Earthquake|p2a: Bacalao\n|-damage|p2a: Bacalao|6\/100\n|\n|-heal|p1a: Nom Nom|62\/100|[from] item: Black Sludge\n|upkeep\n|turn|18\n|\n|t:|1699218749\n|move|p2a: Bacalao|Shadow Ball|p1a: Nom Nom\n|-damage|p1a: Nom Nom|20\/100\n|move|p1a: Nom Nom|Earthquake|p2a: Bacalao\n|-damage|p2a: Bacalao|0 fnt\n|faint|p2a: Bacalao\n|\n|-heal|p1a: Nom Nom|26\/100|[from] item: Black Sludge\n|upkeep\n|\n|t:|1699218764\n|switch|p2a: Ardilla|Pawmot, F|100\/100\n|-damage|p2a: Ardilla|88\/100|[from] Spikes\n|turn|19\n|\n|t:|1699218777\n|switch|p1a: Cuason|Dachsbun, F|100\/100\n|move|p2a: Ardilla|Ice Punch|p1a: Cuason\n|-damage|p1a: Cuason|79\/100\n|\n|upkeep\n|turn|20\n|\n|t:|1699218819\n|move|p2a: Ardilla|Volt Switch|p1a: Cuason\n|-damage|p1a: Cuason|57\/100\n|\n|t:|1699218823\n|switch|p2a: Cabesa|Jirachi|94\/100|[from] Volt Switch\n|-damage|p2a: Cabesa|82\/100|[from] Spikes\n|move|p1a: Cuason|Wish|p1a: Cuason\n|\n|-heal|p2a: Cabesa|88\/100|[from] item: Leftovers\n|upkeep\n|turn|21\n|\n|t:|1699218866\n|switch|p1a: Nom Nom|Clodsire, F|26\/100\n|move|p2a: Cabesa|Doom Desire|p1a: Nom Nom\n|-start|p2a: Cabesa|Doom Desire\n|\n|-heal|p1a: Nom Nom|60\/100|[from] move: Wish|[wisher] Cuason\n|-heal|p2a: Cabesa|94\/100|[from] item: Leftovers\n|-heal|p1a: Nom Nom|66\/100|[from] item: Black Sludge\n|upkeep\n|turn|22\n|j| exllevi\n|\n|t:|1699218902\n|move|p2a: Cabesa|Wish|p2a: Cabesa\n|move|p1a: Nom Nom|Recover|p1a: Nom Nom\n|-heal|p1a: Nom Nom|100\/100\n|\n|-heal|p2a: Cabesa|99\/100|[from] item: Leftovers\n|upkeep\n|turn|23\n|c|\u2606lelouchviteselia|que desagradable ese jirachi\n|l| exllevi\n|c|\u2606draquest|tienes un clodsire\n|c|\u2606lelouchviteselia|ya\n|c|\u2606lelouchviteselia|tb e vd\n|\n|t:|1699218979\n|switch|p2a: Ardilla|Pawmot, F|88\/100\n|-damage|p2a: Ardilla|76\/100|[from] Spikes\n|move|p1a: Nom Nom|Spikes|p2a: Ardilla\n|-sidestart|p2: draquest|Spikes\n|\n|-end|p1a: Nom Nom|move: Doom Desire\n|-damage|p1a: Nom Nom|79\/100\n|-heal|p2a: Ardilla|100\/100|[from] move: Wish|[wisher] Cabesa\n|-heal|p1a: Nom Nom|85\/100|[from] item: Black Sludge\n|upkeep\n|turn|24\n|\n|t:|1699219010\n|move|p2a: Ardilla|Ice Punch|p1a: Nom Nom\n|-supereffective|p1a: Nom Nom\n|-damage|p1a: Nom Nom|15\/100\n|move|p1a: Nom Nom|Toxic|p2a: Ardilla\n|-status|p2a: Ardilla|tox\n|\n|-heal|p1a: Nom Nom|21\/100|[from] item: Black Sludge\n|-damage|p2a: Ardilla|94\/100 tox|[from] psn\n|upkeep\n|turn|25\n|\n|t:|1699219020\n|switch|p1a: Boeing 747|Corviknight, F, shiny|100\/100\n|-ability|p1a: Boeing 747|Pressure\n|move|p2a: Ardilla|Thunder Punch|p1a: Boeing 747\n|-supereffective|p1a: Boeing 747\n|-damage|p1a: Boeing 747|43\/100\n|-status|p1a: Boeing 747|par\n|\n|-damage|p2a: Ardilla|82\/100 tox|[from] psn\n|upkeep\n|turn|26\n|\n|t:|1699219033\n|move|p2a: Ardilla|Thunder Punch|p1a: Boeing 747\n|-supereffective|p1a: Boeing 747\n|-damage|p1a: Boeing 747|0 fnt\n|faint|p1a: Boeing 747\n|\n|-damage|p2a: Ardilla|63\/100 tox|[from] psn\n|upkeep\n|\n|t:|1699219041\n|switch|p1a: Ho Ho Holly Molly|Iron Bundle|100\/100\n|turn|27\n|\n|t:|1699219067\n|move|p2a: Ardilla|Mach Punch|p1a: Ho Ho Holly Molly\n|-supereffective|p1a: Ho Ho Holly Molly\n|-damage|p1a: Ho Ho Holly Molly|41\/100\n|move|p1a: Ho Ho Holly Molly|Ice Beam|p2a: Ardilla\n|-damage|p2a: Ardilla|0 fnt\n|faint|p2a: Ardilla\n|\n|upkeep\n|j| Last Fortune\n|j| MrMachaca\n|\n|t:|1699219112\n|switch|p2a: Cabesa|Jirachi|99\/100\n|-damage|p2a: Cabesa|84\/100|[from] Spikes\n|turn|28\n|\n|t:|1699219134\n|-end|p1a: Ho Ho Holly Molly|Quark Drive|[silent]\n|switch|p1a: Cuason|Dachsbun, F|57\/100\n|move|p2a: Cabesa|U-turn|p1a: Cuason\n|-resisted|p1a: Cuason\n|-damage|p1a: Cuason|51\/100\n|\n|t:|1699219139\n|switch|p2a: Se\u00f1or|Golem-Alola, M|100\/100|[from] U-turn\n|-damage|p2a: Se\u00f1or|84\/100|[from] Spikes\n|\n|upkeep\n|turn|29\n|\n|t:|1699219164\n|-terastallize|p2a: Se\u00f1or|Electric\n|move|p1a: Cuason|Wish|p1a: Cuason\n|move|p2a: Se\u00f1or|Earthquake|p1a: Cuason\n|-damage|p1a: Cuason|14\/100\n|\n|upkeep\n|turn|30\n|\n|t:|1699219176\n|move|p1a: Cuason|Protect|p1a: Cuason\n|-singleturn|p1a: Cuason|Protect\n|move|p2a: Se\u00f1or|Earthquake|p1a: Cuason\n|-activate|p1a: Cuason|move: Protect\n|\n|-heal|p1a: Cuason|64\/100|[from] move: Wish|[wisher] Cuason\n|upkeep\n|turn|31\n|\n|t:|1699219186\n|move|p1a: Cuason|Wish|p1a: Cuason\n|move|p2a: Se\u00f1or|Earthquake|p1a: Cuason\n|-damage|p1a: Cuason|28\/100\n|\n|upkeep\n|turn|32\n|\n|t:|1699219207\n|switch|p1a: Beee bup bi bop|Regidrago|49\/100\n|switch|p2a: Cabesa|Jirachi|84\/100\n|-damage|p2a: Cabesa|67\/100|[from] Spikes\n|\n|-heal|p1a: Beee bup bi bop|79\/100|[from] move: Wish|[wisher] Cuason\n|-heal|p2a: Cabesa|73\/100|[from] item: Leftovers\n|upkeep\n|turn|33\n|\n|t:|1699219226\n|move|p2a: Cabesa|Doom Desire|p1a: Beee bup bi bop\n|-start|p2a: Cabesa|Doom Desire\n|move|p1a: Beee bup bi bop|Dragon Dance|p1a: Beee bup bi bop\n|-boost|p1a: Beee bup bi bop|atk|1\n|-boost|p1a: Beee bup bi bop|spe|1\n|\n|-heal|p2a: Cabesa|79\/100|[from] item: Leftovers\n|upkeep\n|turn|34\n|\n|t:|1699219235\n|move|p1a: Beee bup bi bop|Dragon Dance|p1a: Beee bup bi bop\n|-boost|p1a: Beee bup bi bop|atk|1\n|-boost|p1a: Beee bup bi bop|spe|1\n|move|p2a: Cabesa|U-turn|p1a: Beee bup bi bop\n|-damage|p1a: Beee bup bi bop|65\/100\n|\n|t:|1699219239\n|switch|p2a: Se\u00f1or|Golem-Alola, M, tera:Electric|84\/100|[from] U-turn\n|-damage|p2a: Se\u00f1or|67\/100|[from] Spikes\n|\n|upkeep\n|turn|35\n|\n|t:|1699219260\n|move|p1a: Beee bup bi bop|Earthquake|p2a: Se\u00f1or\n|-supereffective|p2a: Se\u00f1or\n|-damage|p2a: Se\u00f1or|0 fnt\n|faint|p2a: Se\u00f1or\n|\n|-end|p1a: Beee bup bi bop|move: Doom Desire\n|-damage|p1a: Beee bup bi bop|16\/100\n|upkeep\n|c|\u2606draquest|gg\n|\n|t:|1699219266\n|switch|p2a: Cabesa|Jirachi|79\/100\n|-damage|p2a: Cabesa|63\/100|[from] Spikes\n|turn|36\n|l| MrMachaca\n|\n|t:|1699219271\n|move|p1a: Beee bup bi bop|Earthquake|p2a: Cabesa\n|-supereffective|p2a: Cabesa\n|-damage|p2a: Cabesa|0 fnt\n|faint|p2a: Cabesa\n|\n|win|lelouchviteselia\n|c|\u2606lelouchviteselia|gg\n|c|\u2606lelouchviteselia|mu buen combate\n","uploadtime":1699219286,"views":21,"p1id":"lelouchviteselia","p2id":"draquest","formatid":"gen9anythinggoes","rating":0,"private":0,"password":""}