{"id":"gen9anythinggoes-1973992940","p1":"ELRIZZLER","p2":"Blooperz1995","format":"[Gen 9] Anything Goes","log":"|j|\u2606ELRIZZLER\n|j|\u2606Blooperz1995\n|t:|1698038184\n|gametype|singles\n|player|p1|ELRIZZLER|1|1031\n|player|p2|Blooperz1995|fisherman|1005\n|teamsize|p1|6\n|teamsize|p2|6\n|gen|9\n|tier|[Gen 9] Anything Goes\n|rated|\n|rule|HP Percentage Mod: HP is shown in percentages\n|rule|Endless Battle Clause: Forcing endless battles is banned\n|clearpoke\n|poke|p1|Froslass, F|\n|poke|p1|Gholdengo|\n|poke|p1|Chien-Pao|\n|poke|p1|Miraidon|\n|poke|p1|Dragonite, M|\n|poke|p1|Flutter Mane|\n|poke|p2|Maushold|\n|poke|p2|Maushold|\n|poke|p2|Maushold|\n|poke|p2|Maushold|\n|poke|p2|Maushold|\n|poke|p2|Maushold|\n|teampreview\n|\n|t:|1698038198\n|start\n|switch|p1a: Froslass|Froslass, F|100\/100\n|switch|p2a: Maushold|Maushold|100\/100\n|turn|1\n|\n|t:|1698038206\n|move|p2a: Maushold|Tidy Up|p2a: Maushold\n|-boost|p2a: Maushold|atk|1\n|-boost|p2a: Maushold|spe|1\n|move|p1a: Froslass|Taunt|p2a: Maushold\n|-start|p2a: Maushold|move: Taunt\n|\n|upkeep\n|turn|2\n|\n|t:|1698038213\n|move|p2a: Maushold|Bite|p1a: Froslass\n|-supereffective|p1a: Froslass\n|-enditem|p1a: Froslass|Focus Sash\n|-damage|p1a: Froslass|1\/100\n|move|p1a: Froslass|Thunder Wave|p2a: Maushold\n|-status|p2a: Maushold|par\n|\n|upkeep\n|turn|3\n|\n|t:|1698038220\n|move|p1a: Froslass|Spikes|p2a: Maushold\n|-sidestart|p2: Blooperz1995|Spikes\n|move|p2a: Maushold|Bite|p1a: Froslass\n|-supereffective|p1a: Froslass\n|-damage|p1a: Froslass|0 fnt\n|faint|p1a: Froslass\n|\n|upkeep\n|\n|t:|1698038252\n|switch|p1a: Chien-Pao|Chien-Pao|100\/100\n|-ability|p1a: Chien-Pao|Sword of Ruin\n|turn|4\n|\n|t:|1698038262\n|move|p1a: Chien-Pao|Crunch|p2a: Maushold\n|-damage|p2a: Maushold|2\/100 par\n|-damage|p1a: Chien-Pao|91\/100|[from] item: Life Orb\n|move|p2a: Maushold|Population Bomb|p1a: Chien-Pao\n|-damage|p1a: Chien-Pao|67\/100\n|-damage|p1a: Chien-Pao|43\/100\n|-damage|p1a: Chien-Pao|21\/100\n|-damage|p1a: Chien-Pao|0 fnt\n|faint|p1a: Chien-Pao\n|-hitcount|p1: Chien-Pao|4\n|\n|-end|p2a: Maushold|move: Taunt\n|upkeep\n|\n|t:|1698038275\n|switch|p1a: Dragonite|Dragonite, M|100\/100\n|turn|5\n|-message|ELRIZZLER forfeited.\n|\n|win|Blooperz1995\n|raw|ELRIZZLER's rating: 1031 &rarr; <strong>1015<\/strong><br \/>(-16 for losing)\n|raw|Blooperz1995's rating: 1005 &rarr; <strong>1047<\/strong><br \/>(+42 for winning)\n|l|\u2606ELRIZZLER\n","uploadtime":1698038296,"views":16,"p1id":"elrizzler","p2id":"blooperz1995","formatid":"gen9anythinggoes","rating":1015,"private":0,"password":""}