{"id":"gen9anythinggoes-1987900802","p1":"Hottydoogy","p2":"XMarcosPr710","format":"[Gen 9] Anything Goes","log":"|j|\u2606Hottydoogy\n|j|\u2606XMarcosPr710\n|t:|1699647346\n|gametype|singles\n|player|p1|Hottydoogy|blackbelt-gen4dp|1328\n|player|p2|XMarcosPr710|iris-gen5bw2|1496\n|teamsize|p1|6\n|teamsize|p2|6\n|gen|9\n|tier|[Gen 9] Anything Goes\n|rated|\n|rule|HP Percentage Mod: HP is shown in percentages\n|rule|Endless Battle Clause: Forcing endless battles is banned\n|clearpoke\n|poke|p1|Chien-Pao|\n|poke|p1|Ogerpon-Hearthflame, F|\n|poke|p1|Calyrex-Shadow|\n|poke|p1|Garchomp, F|\n|poke|p1|Clodsire, M|\n|poke|p1|Ribombee, M|\n|poke|p2|Arceus-Fairy|\n|poke|p2|Ting-Lu|\n|poke|p2|Koraidon|\n|poke|p2|Arceus|\n|poke|p2|Calyrex-Shadow|\n|poke|p2|Toxapex, M|\n|teampreview\n|\n|t:|1699647360\n|start\n|switch|p1a: Ribombee|Ribombee, M, shiny|100\/100\n|switch|p2a: Arceus|Arceus|100\/100\n|turn|1\n|\n|t:|1699647371\n|move|p1a: Ribombee|Sticky Web|p2a: Arceus\n|-sidestart|p2: XMarcosPr710|move: Sticky Web\n|move|p2a: Arceus|Swords Dance|p2a: Arceus\n|-boost|p2a: Arceus|atk|2\n|\n|upkeep\n|turn|2\n|\n|t:|1699647380\n|move|p2a: Arceus|Extreme Speed|p1a: Ribombee\n|-enditem|p1a: Ribombee|Focus Sash\n|-damage|p1a: Ribombee|1\/100\n|move|p1a: Ribombee|Stun Spore|p2a: Arceus\n|-status|p2a: Arceus|par\n|\n|upkeep\n|turn|3\n|\n|t:|1699647387\n|move|p2a: Arceus|Extreme Speed|p1a: Ribombee\n|-damage|p1a: Ribombee|0 fnt\n|faint|p1a: Ribombee\n|\n|upkeep\n|\n|t:|1699647394\n|switch|p1a: Chien-Pao|Chien-Pao|100\/100\n|-ability|p1a: Chien-Pao|Sword of Ruin\n|turn|4\n|\n|t:|1699647398\n|cant|p2a: Arceus|par\n|move|p1a: Chien-Pao|Sacred Sword|p2a: Arceus\n|-supereffective|p2a: Arceus\n|-damage|p2a: Arceus|49\/100 par\n|\n|upkeep\n|turn|5\n|\n|t:|1699647404\n|move|p2a: Arceus|Extreme Speed|p1a: Chien-Pao\n|-damage|p1a: Chien-Pao|0 fnt\n|faint|p1a: Chien-Pao\n|\n|upkeep\n|c|\u2606Hottydoogy|what is that atk stat damn\n|\n|t:|1699647426\n|switch|p1a: Calyrex|Calyrex-Shadow|100\/100\n|-ability|p1a: Calyrex|As One\n|-ability|p1a: Calyrex|Unnerve\n|turn|6\n|c|\u2606XMarcosPr710|Bro\n|c|\u2606XMarcosPr710|You have 80 Defense Stat\n|c|\u2606XMarcosPr710|XDDDDDDDDDDDDD\n|c|\u2606Hottydoogy|no?\n|\n|t:|1699647503\n|move|p1a: Calyrex|Psychic|p2a: Arceus\n|-crit|p2a: Arceus\n|-damage|p2a: Arceus|0 fnt\n|faint|p2a: Arceus\n|-ability|p1a: Calyrex|Grim Neigh|boost\n|-boost|p1a: Calyrex|spa|1\n|\n|upkeep\n|\n|t:|1699647520\n|switch|p2a: Ting-Lu|Ting-Lu|100\/100\n|-activate|p2a: Ting-Lu|move: Sticky Web\n|-unboost|p2a: Ting-Lu|spe|1\n|-ability|p2a: Ting-Lu|Vessel of Ruin\n|turn|7\n|\n|t:|1699647533\n|switch|p1a: Clodsire|Clodsire, M|100\/100\n|move|p2a: Ting-Lu|Payback|p1a: Clodsire\n|-damage|p1a: Clodsire|79\/100\n|\n|-heal|p1a: Clodsire|85\/100|[from] item: Leftovers\n|upkeep\n|turn|8\n|\n|t:|1699647539\n|move|p2a: Ting-Lu|Taunt|p1a: Clodsire\n|-start|p1a: Clodsire|move: Taunt\n|cant|p1a: Clodsire|move: Taunt|Yawn\n|\n|-heal|p1a: Clodsire|91\/100|[from] item: Leftovers\n|upkeep\n|turn|9\n|\n|t:|1699647546\n|move|p2a: Ting-Lu|Spikes|p1a: Clodsire\n|-sidestart|p1: Hottydoogy|Spikes\n|move|p1a: Clodsire|Megahorn|p2a: Ting-Lu|[miss]\n|-miss|p1a: Clodsire|p2a: Ting-Lu\n|\n|-heal|p1a: Clodsire|98\/100|[from] item: Leftovers\n|upkeep\n|turn|10\n|\n|t:|1699647558\n|move|p2a: Ting-Lu|Spikes|p1a: Clodsire\n|-sidestart|p1: Hottydoogy|Spikes\n|move|p1a: Clodsire|Megahorn|p2a: Ting-Lu\n|-supereffective|p2a: Ting-Lu\n|-damage|p2a: Ting-Lu|67\/100\n|\n|-heal|p2a: Ting-Lu|74\/100|[from] item: Leftovers\n|-heal|p1a: Clodsire|100\/100|[from] item: Leftovers\n|-end|p1a: Clodsire|move: Taunt\n|upkeep\n|turn|11\n|\n|t:|1699647574\n|move|p2a: Ting-Lu|Taunt|p1a: Clodsire\n|-start|p1a: Clodsire|move: Taunt\n|move|p1a: Clodsire|Megahorn|p2a: Ting-Lu\n|-supereffective|p2a: Ting-Lu\n|-damage|p2a: Ting-Lu|41\/100\n|\n|-heal|p2a: Ting-Lu|47\/100|[from] item: Leftovers\n|upkeep\n|turn|12\n|\n|t:|1699647582\n|move|p2a: Ting-Lu|Spikes|p1a: Clodsire\n|-sidestart|p1: Hottydoogy|Spikes\n|move|p1a: Clodsire|Megahorn|p2a: Ting-Lu|[miss]\n|-miss|p1a: Clodsire|p2a: Ting-Lu\n|\n|-heal|p2a: Ting-Lu|54\/100|[from] item: Leftovers\n|upkeep\n|turn|13\n|\n|t:|1699647591\n|move|p1a: Clodsire|Megahorn|p2a: Ting-Lu\n|-supereffective|p2a: Ting-Lu\n|-damage|p2a: Ting-Lu|22\/100\n|move|p2a: Ting-Lu|Whirlwind|p1a: Clodsire\n|drag|p1a: Calyrex|Calyrex-Shadow|100\/100\n|-ability|p1a: Calyrex|As One\n|-ability|p1a: Calyrex|Unnerve\n|-damage|p1a: Calyrex|76\/100|[from] Spikes\n|\n|-heal|p2a: Ting-Lu|29\/100|[from] item: Leftovers\n|upkeep\n|turn|14\n|\n|t:|1699647606\n|move|p1a: Calyrex|Astral Barrage|p2a: Ting-Lu\n|-resisted|p2a: Ting-Lu\n|-damage|p2a: Ting-Lu|14\/100\n|move|p2a: Ting-Lu|Payback|p1a: Calyrex\n|-supereffective|p1a: Calyrex\n|-damage|p1a: Calyrex|0 fnt\n|-damage|p2a: Ting-Lu|0 fnt|[from] item: Rocky Helmet|[of] p1a: Calyrex\n|faint|p1a: Calyrex\n|faint|p2a: Ting-Lu\n|\n|upkeep\n|\n|t:|1699647621\n|switch|p1a: Ogerpon|Ogerpon-Hearthflame, F|100\/100\n|switch|p2a: Calyrex|Calyrex-Shadow|100\/100\n|-ability|p2a: Calyrex|As One\n|-ability|p2a: Calyrex|Unnerve\n|-activate|p2a: Calyrex|move: Sticky Web\n|-unboost|p2a: Calyrex|spe|1\n|-damage|p1a: Ogerpon|76\/100|[from] Spikes\n|-ability|p1a: Ogerpon|Mold Breaker\n|turn|15\n|\n|t:|1699647631\n|switch|p2a: Toxapex|Toxapex, M|100\/100\n|-activate|p2a: Toxapex|move: Sticky Web\n|-unboost|p2a: Toxapex|spe|1\n|-terastallize|p1a: Ogerpon|Fire\n|detailschange|p1a: Ogerpon|Ogerpon-Hearthflame-Tera, F, tera:Fire\n|-ability|p1a: Ogerpon|Embody Aspect (Hearthflame)|boost\n|-boost|p1a: Ogerpon|atk|1\n|move|p1a: Ogerpon|Knock Off|p2a: Toxapex\n|-damage|p2a: Toxapex|66\/100\n|-damage|p1a: Ogerpon|59\/100|[from] item: Rocky Helmet|[of] p2a: Toxapex\n|-enditem|p2a: Toxapex|Rocky Helmet|[from] move: Knock Off|[of] p1a: Ogerpon\n|\n|upkeep\n|turn|16\n|\n|t:|1699647646\n|move|p1a: Ogerpon|Zen Headbutt|p2a: Toxapex\n|-supereffective|p2a: Toxapex\n|-damage|p2a: Toxapex|13\/100\n|move|p2a: Toxapex|Toxic|p1a: Ogerpon\n|-status|p1a: Ogerpon|tox\n|\n|-damage|p1a: Ogerpon|53\/100 tox|[from] psn\n|upkeep\n|turn|17\n|\n|t:|1699647652\n|switch|p2a: Arceus|Arceus-Fairy|100\/100\n|-activate|p2a: Arceus|move: Sticky Web\n|-unboost|p2a: Arceus|spe|1\n|move|p1a: Ogerpon|Zen Headbutt|p2a: Arceus\n|-damage|p2a: Arceus|77\/100\n|\n|-damage|p1a: Ogerpon|41\/100 tox|[from] psn\n|upkeep\n|turn|18\n|\n|t:|1699647689\n|move|p1a: Ogerpon|Ivy Cudgel|p2a: Arceus\n|-crit|p2a: Arceus\n|-damage|p2a: Arceus|0 fnt\n|faint|p2a: Arceus\n|\n|-damage|p1a: Ogerpon|23\/100 tox|[from] psn\n|upkeep\n|\n|t:|1699647696\n|switch|p2a: Toxapex|Toxapex, M|47\/100\n|-activate|p2a: Toxapex|move: Sticky Web\n|-unboost|p2a: Toxapex|spe|1\n|turn|19\n|\n|t:|1699647702\n|-terastallize|p2a: Toxapex|Normal\n|move|p1a: Ogerpon|Zen Headbutt|p2a: Toxapex\n|-damage|p2a: Toxapex|18\/100\n|move|p2a: Toxapex|Recover|p2a: Toxapex\n|-heal|p2a: Toxapex|68\/100\n|\n|-damage|p1a: Ogerpon|0 fnt|[from] psn\n|faint|p1a: Ogerpon\n|upkeep\n|\n|t:|1699647712\n|switch|p1a: Garchomp|Garchomp, F, shiny|100\/100\n|-damage|p1a: Garchomp|76\/100|[from] Spikes\n|turn|20\n|\n|t:|1699647722\n|move|p1a: Garchomp|Earthquake|p2a: Toxapex\n|-damage|p2a: Toxapex|39\/100\n|move|p2a: Toxapex|Recover|p2a: Toxapex\n|-heal|p2a: Toxapex|89\/100\n|\n|upkeep\n|turn|21\n|\n|t:|1699647732\n|move|p1a: Garchomp|Draco Meteor|p2a: Toxapex\n|-damage|p2a: Toxapex|55\/100\n|-unboost|p1a: Garchomp|spa|2\n|move|p2a: Toxapex|Toxic|p1a: Garchomp\n|-status|p1a: Garchomp|tox\n|\n|-damage|p1a: Garchomp|69\/100 tox|[from] psn\n|upkeep\n|turn|22\n|\n|t:|1699647743\n|move|p1a: Garchomp|Earthquake|p2a: Toxapex\n|-damage|p2a: Toxapex|22\/100\n|move|p2a: Toxapex|Recover|p2a: Toxapex\n|-heal|p2a: Toxapex|72\/100\n|\n|-damage|p1a: Garchomp|57\/100 tox|[from] psn\n|upkeep\n|turn|23\n|c|\u2606Hottydoogy|why spam recover\n|c|\u2606XMarcosPr710|Because i dont have attack moves (?\n|c|\u2606Hottydoogy|how am i meant to now\n|\n|t:|1699647788\n|move|p1a: Garchomp|Crunch|p2a: Toxapex\n|-damage|p2a: Toxapex|55\/100\n|move|p2a: Toxapex|Recover|p2a: Toxapex\n|-heal|p2a: Toxapex|100\/100\n|\n|-damage|p1a: Garchomp|39\/100 tox|[from] psn\n|upkeep\n|turn|24\n|\n|t:|1699647799\n|switch|p1a: Clodsire|Clodsire, M|100\/100\n|-damage|p1a: Clodsire|75\/100|[from] Spikes\n|move|p2a: Toxapex|Toxic Spikes|p1a: Clodsire\n|-sidestart|p1: Hottydoogy|move: Toxic Spikes\n|\n|-heal|p1a: Clodsire|82\/100|[from] item: Leftovers\n|upkeep\n|turn|25\n|\n|t:|1699647807\n|move|p1a: Clodsire|Yawn|p2a: Toxapex\n|-start|p2a: Toxapex|move: Yawn|[of] p1a: Clodsire\n|move|p2a: Toxapex|Toxic Spikes|p1a: Clodsire\n|-sidestart|p1: Hottydoogy|move: Toxic Spikes\n|\n|-heal|p1a: Clodsire|88\/100|[from] item: Leftovers\n|upkeep\n|turn|26\n|\n|t:|1699647814\n|switch|p2a: Calyrex|Calyrex-Shadow|100\/100\n|-ability|p2a: Calyrex|As One\n|-ability|p2a: Calyrex|Unnerve\n|-activate|p2a: Calyrex|move: Sticky Web\n|-unboost|p2a: Calyrex|spe|1\n|move|p1a: Clodsire|Megahorn|p2a: Calyrex|[miss]\n|-miss|p1a: Clodsire|p2a: Calyrex\n|\n|-heal|p1a: Clodsire|94\/100|[from] item: Leftovers\n|upkeep\n|turn|27\n|\n|t:|1699647826\n|move|p2a: Calyrex|Psyshock|p1a: Clodsire\n|-supereffective|p1a: Clodsire\n|-damage|p1a: Clodsire|0 fnt\n|faint|p1a: Clodsire\n|-ability|p2a: Calyrex|Grim Neigh|boost\n|-boost|p2a: Calyrex|spa|1\n|\n|upkeep\n|\n|t:|1699647833\n|switch|p1a: Garchomp|Garchomp, F, shiny|39\/100 tox\n|-damage|p1a: Garchomp|14\/100 tox|[from] Spikes\n|turn|28\n|\n|t:|1699647838\n|switch|p2a: Toxapex|Toxapex, M, tera:Normal|100\/100\n|-activate|p2a: Toxapex|move: Sticky Web\n|-unboost|p2a: Toxapex|spe|1\n|move|p1a: Garchomp|Crunch|p2a: Toxapex\n|-damage|p2a: Toxapex|82\/100\n|-unboost|p2a: Toxapex|def|1\n|\n|-damage|p1a: Garchomp|8\/100 tox|[from] psn\n|upkeep\n|turn|29\n|c|\u2606Hottydoogy|bro\n|c|\u2606XMarcosPr710|Ggs i guess\n|n|!Hottydoogy|hottydoogy\n|inactive|Battle timer is ON: inactive players will automatically lose when time's up. (requested by XMarcosPr710)\n|\n|t:|1699647877\n|move|p1a: Garchomp|Earthquake|p2a: Toxapex\n|-damage|p2a: Toxapex|38\/100\n|move|p2a: Toxapex|Haze|p2a: Toxapex\n|-clearallboost\n|\n|-damage|p1a: Garchomp|0 fnt|[from] psn\n|faint|p1a: Garchomp\n|\n|win|XMarcosPr710\n|upkeep\n|raw|Hottydoogy's rating: 1328 &rarr; <strong>1317<\/strong><br \/>(-11 for losing)\n|raw|XMarcosPr710's rating: 1496 &rarr; <strong>1507<\/strong><br \/>(+11 for winning)\n","uploadtime":1699647863,"views":4,"p1id":"hottydoogy","p2id":"xmarcospr710","formatid":"gen9anythinggoes","rating":1317,"private":0,"password":""}