{"id":"gen9anythinggoes-1978261329","p1":"Abcghostyboo","p2":"Hannyah","format":"[Gen 9] Anything Goes","log":"|j|\u2606Abcghostyboo\n|j|\u2606Hannyah\n|t:|1698518283\n|gametype|singles\n|player|p1|Abcghostyboo|rocketgruntf|\n|player|p2|Hannyah|roxie|\n|teamsize|p1|6\n|teamsize|p2|6\n|gen|9\n|tier|[Gen 9] Anything Goes\n|rule|HP Percentage Mod: HP is shown in percentages\n|rule|Endless Battle Clause: Forcing endless battles is banned\n|clearpoke\n|poke|p1|Arceus|\n|poke|p1|Arceus-Electric|\n|poke|p1|Arceus-Fire|\n|poke|p1|Arceus-Water|\n|poke|p1|Arceus-Grass|\n|poke|p1|Arceus-Steel|\n|poke|p2|Meloetta|\n|poke|p2|Zacian-*|\n|poke|p2|Darkrai|\n|poke|p2|Jirachi|\n|poke|p2|Rayquaza|\n|poke|p2|Hoopa|\n|teampreview\n|\n|t:|1698518290\n|start\n|switch|p1a: PP|Arceus-Electric|100\/100\n|switch|p2a: Melon|Meloetta|100\/100\n|turn|1\n|\n|t:|1698518297\n|-singleturn|p2a: Melon|move: Focus Punch\n|move|p1a: PP|Aura Sphere|p2a: Melon\n|-damage|p2a: Melon|84\/100\n|cant|p2a: Melon|Focus Punch|Focus Punch\n|\n|upkeep\n|turn|2\n|\n|t:|1698518304\n|-singleturn|p2a: Melon|move: Focus Punch\n|move|p1a: PP|Thunder|p2a: Melon|[miss]\n|-miss|p1a: PP|p2a: Melon\n|move|p2a: Melon|Focus Punch|p1a: PP\n|-damage|p1a: PP|81\/100\n|\n|upkeep\n|turn|3\n|\n|t:|1698518313\n|move|p1a: PP|Thunder|p2a: Melon\n|-damage|p2a: Melon|47\/100\n|-status|p2a: Melon|par\n|cant|p2a: Melon|par\n|\n|upkeep\n|turn|4\n|\n|t:|1698518319\n|switch|p2a: Waa|Rayquaza|100\/100\n|-ability|p2a: Waa|Air Lock\n|move|p1a: PP|Thunder|p2a: Waa|[miss]\n|-miss|p1a: PP|p2a: Waa\n|\n|upkeep\n|turn|5\n|\n|t:|1698518328\n|move|p1a: PP|Thunder|p2a: Waa\n|-damage|p2a: Waa|50\/100\n|move|p2a: Waa|Avalanche|p1a: PP\n|-damage|p1a: PP|52\/100\n|\n|upkeep\n|turn|6\n|\n|t:|1698518337\n|-terastallize|p2a: Waa|Dragon\n|move|p1a: PP|Thunder|p2a: Waa|[miss]\n|-miss|p1a: PP|p2a: Waa\n|move|p2a: Waa|Air Slash|p1a: PP\n|-resisted|p1a: PP\n|-damage|p1a: PP|40\/100\n|\n|upkeep\n|turn|7\n|\n|t:|1698518347\n|switch|p2a: Hoopaaaaa|Hoopa|100\/100\n|move|p1a: PP|Thunder|p2a: Hoopaaaaa\n|-damage|p2a: Hoopaaaaa|52\/100\n|\n|upkeep\n|turn|8\n|\n|t:|1698518353\n|move|p1a: PP|Thunder|p2a: Hoopaaaaa\n|-damage|p2a: Hoopaaaaa|2\/100\n|-enditem|p2a: Hoopaaaaa|Aguav Berry|[eat]\n|-heal|p2a: Hoopaaaaa|35\/100|[from] item: Aguav Berry\n|move|p2a: Hoopaaaaa|Energy Ball|p1a: PP\n|-damage|p1a: PP|19\/100\n|\n|upkeep\n|turn|9\n|\n|t:|1698518361\n|move|p1a: PP|Thunder|p2a: Hoopaaaaa\n|-damage|p2a: Hoopaaaaa|0 fnt\n|faint|p2a: Hoopaaaaa\n|\n|upkeep\n|\n|t:|1698518367\n|switch|p2a: Le sword men|Zacian-Crowned, shiny|100\/100\n|-ability|p2a: Le sword men|Intrepid Sword|boost\n|-boost|p2a: Le sword men|atk|1\n|turn|10\n|\n|t:|1698518371\n|move|p2a: Le sword men|Sacred Sword|p1a: PP\n|-damage|p1a: PP|0 fnt\n|faint|p1a: PP\n|\n|upkeep\n|\n|t:|1698518379\n|switch|p1a: Bomb|Arceus-Steel|100\/100\n|turn|11\n|\n|t:|1698518384\n|move|p2a: Le sword men|Sacred Sword|p1a: Bomb\n|-supereffective|p1a: Bomb\n|-damage|p1a: Bomb|26\/100\n|move|p1a: Bomb|Focus Blast|p2a: Le sword men\n|-damage|p2a: Le sword men|72\/100\n|\n|upkeep\n|turn|12\n|\n|t:|1698518395\n|switch|p1a: Arsenal|Arceus-Fire|100\/100\n|move|p2a: Le sword men|Sacred Sword|p1a: Arsenal\n|-damage|p1a: Arsenal|68\/100\n|\n|upkeep\n|turn|13\n|\n|t:|1698518408\n|switch|p2a: Star|Jirachi|100\/100\n|move|p1a: Arsenal|Overheat|p2a: Star\n|-supereffective|p2a: Star\n|-damage|p2a: Star|0 fnt\n|-unboost|p1a: Arsenal|spa|2\n|faint|p2a: Star\n|\n|upkeep\n|\n|t:|1698518416\n|switch|p2a: Spooky|Darkrai|100\/100\n|turn|14\n|\n|t:|1698518419\n|move|p2a: Spooky|Dark Pulse|p1a: Arsenal\n|-damage|p1a: Arsenal|40\/100\n|move|p1a: Arsenal|Overheat|p2a: Spooky\n|-damage|p2a: Spooky|57\/100\n|-unboost|p1a: Arsenal|spa|2\n|\n|upkeep\n|turn|15\n|\n|t:|1698518432\n|move|p2a: Spooky|Drain Punch|p1a: Arsenal\n|-damage|p1a: Arsenal|29\/100\n|-heal|p2a: Spooky|64\/100|[from] drain|[of] p1a: Arsenal\n|move|p1a: Arsenal|Fire Blast|p2a: Spooky\n|-damage|p2a: Spooky|41\/100\n|\n|upkeep\n|turn|16\n|\n|t:|1698518441\n|move|p2a: Spooky|Drain Punch|p1a: Arsenal\n|-damage|p1a: Arsenal|18\/100\n|-heal|p2a: Spooky|48\/100|[from] drain|[of] p1a: Arsenal\n|move|p1a: Arsenal|Brick Break|p2a: Spooky\n|-supereffective|p2a: Spooky\n|-damage|p2a: Spooky|0 fnt\n|faint|p2a: Spooky\n|\n|upkeep\n|\n|t:|1698518449\n|switch|p2a: Le sword men|Zacian-Crowned, shiny|72\/100\n|turn|17\n|\n|t:|1698518453\n|move|p2a: Le sword men|Sacred Sword|p1a: Arsenal\n|-damage|p1a: Arsenal|0 fnt\n|faint|p1a: Arsenal\n|\n|upkeep\n|\n|t:|1698518459\n|switch|p1a: Mrs. Cuddlezz|Arceus-Water|100\/100\n|turn|18\n|\n|t:|1698518464\n|move|p2a: Le sword men|Sacred Sword|p1a: Mrs. Cuddlezz\n|-damage|p1a: Mrs. Cuddlezz|83\/100\n|move|p1a: Mrs. Cuddlezz|Blizzard|p2a: Le sword men\n|-resisted|p2a: Le sword men\n|-damage|p2a: Le sword men|59\/100\n|\n|upkeep\n|turn|19\n|\n|t:|1698518475\n|switch|p2a: Waa|Rayquaza, tera:Dragon|50\/100\n|-ability|p2a: Waa|Air Lock\n|move|p1a: Mrs. Cuddlezz|Hydro Pump|p2a: Waa\n|-resisted|p2a: Waa\n|-damage|p2a: Waa|24\/100\n|-enditem|p2a: Waa|Aguav Berry|[eat]\n|-heal|p2a: Waa|58\/100|[from] item: Aguav Berry\n|\n|upkeep\n|turn|20\n|\n|t:|1698518488\n|move|p1a: Mrs. Cuddlezz|Poison Jab|p2a: Waa\n|-damage|p2a: Waa|38\/100\n|move|p2a: Waa|Dragon Ascent|p1a: Mrs. Cuddlezz\n|-damage|p1a: Mrs. Cuddlezz|42\/100\n|-unboost|p2a: Waa|def|1\n|-unboost|p2a: Waa|spd|1\n|\n|upkeep\n|turn|21\n|\n|t:|1698518498\n|move|p1a: Mrs. Cuddlezz|Poison Jab|p2a: Waa\n|-damage|p2a: Waa|9\/100\n|-status|p2a: Waa|psn\n|move|p2a: Waa|Crunch|p1a: Mrs. Cuddlezz\n|-damage|p1a: Mrs. Cuddlezz|26\/100\n|\n|-damage|p2a: Waa|0 fnt|[from] psn\n|faint|p2a: Waa\n|upkeep\n|\n|t:|1698518507\n|switch|p2a: Melon|Meloetta|47\/100 par\n|turn|22\n|\n|t:|1698518515\n|move|p1a: Mrs. Cuddlezz|Poison Jab|p2a: Melon\n|-damage|p2a: Melon|28\/100 par\n|move|p2a: Melon|Shadow Ball|p1a: Mrs. Cuddlezz\n|-damage|p1a: Mrs. Cuddlezz|10\/100\n|\n|upkeep\n|turn|23\n|\n|t:|1698518523\n|move|p1a: Mrs. Cuddlezz|Poison Jab|p2a: Melon\n|-damage|p2a: Melon|7\/100 par\n|-enditem|p2a: Melon|Aguav Berry|[eat]\n|-heal|p2a: Melon|40\/100 par|[from] item: Aguav Berry\n|move|p2a: Melon|Shadow Ball|p1a: Mrs. Cuddlezz\n|-damage|p1a: Mrs. Cuddlezz|0 fnt\n|faint|p1a: Mrs. Cuddlezz\n|\n|upkeep\n|\n|t:|1698518533\n|switch|p1a: Me. Teddy|Arceus|100\/100\n|turn|24\n|\n|t:|1698518538\n|move|p1a: Me. Teddy|Overheat|p2a: Melon\n|-damage|p2a: Melon|13\/100 par\n|-unboost|p1a: Me. Teddy|spa|2\n|cant|p2a: Melon|par\n|\n|upkeep\n|turn|25\n|\n|t:|1698518547\n|move|p1a: Me. Teddy|Earthquake|p2a: Melon\n|-damage|p2a: Melon|0 fnt\n|faint|p2a: Melon\n|\n|upkeep\n|\n|t:|1698518551\n|switch|p2a: Le sword men|Zacian-Crowned, shiny|59\/100\n|turn|26\n|\n|t:|1698518555\n|move|p2a: Le sword men|Sacred Sword|p1a: Me. Teddy\n|-supereffective|p1a: Me. Teddy\n|-damage|p1a: Me. Teddy|65\/100\n|move|p1a: Me. Teddy|Draco Meteor|p2a: Le sword men\n|-immune|p2a: Le sword men\n|\n|upkeep\n|turn|27\n|\n|t:|1698518563\n|move|p2a: Le sword men|Sacred Sword|p1a: Me. Teddy\n|-supereffective|p1a: Me. Teddy\n|-damage|p1a: Me. Teddy|26\/100\n|move|p1a: Me. Teddy|Earthquake|p2a: Le sword men\n|-supereffective|p2a: Le sword men\n|-damage|p2a: Le sword men|8\/100\n|\n|upkeep\n|turn|28\n|\n|t:|1698518572\n|move|p2a: Le sword men|Sacred Sword|p1a: Me. Teddy\n|-supereffective|p1a: Me. Teddy\n|-damage|p1a: Me. Teddy|0 fnt\n|faint|p1a: Me. Teddy\n|\n|upkeep\n|\n|t:|1698518578\n|switch|p1a: Bomb|Arceus-Steel|26\/100\n|turn|29\n|\n|t:|1698518581\n|move|p2a: Le sword men|Sacred Sword|p1a: Bomb\n|-supereffective|p1a: Bomb\n|-damage|p1a: Bomb|0 fnt\n|faint|p1a: Bomb\n|\n|upkeep\n|\n|t:|1698518587\n|switch|p1a: Grass|Arceus-Grass|100\/100\n|turn|30\n|\n|t:|1698518592\n|move|p2a: Le sword men|Sacred Sword|p1a: Grass\n|-damage|p1a: Grass|77\/100\n|move|p1a: Grass|Giga Drain|p2a: Le sword men\n|-resisted|p2a: Le sword men\n|-damage|p2a: Le sword men|0 fnt\n|-heal|p1a: Grass|80\/100|[from] drain|[of] p2a: Le sword men\n|faint|p2a: Le sword men\n|\n|win|Abcghostyboo\n","uploadtime":1698518615,"views":5,"p1id":"abcghostyboo","p2id":"hannyah","formatid":"gen9anythinggoes","rating":0,"private":0,"password":""}