{"id":"gen9anythinggoes-1984113044","p1":"im a sleepy girl","p2":"227bo","format":"[Gen 9] Anything Goes","log":"|j|\u2606im a sleepy girl\n|j|\u2606227bo\n|t:|1699220013\n|gametype|singles\n|player|p1|im a sleepy girl|101|1061\n|player|p2|227bo|psychic-gen4|1040\n|teamsize|p1|6\n|teamsize|p2|6\n|gen|9\n|tier|[Gen 9] Anything Goes\n|rated|\n|rule|HP Percentage Mod: HP is shown in percentages\n|rule|Endless Battle Clause: Forcing endless battles is banned\n|clearpoke\n|poke|p1|Skuntank, M|\n|poke|p1|Lumineon, M|\n|poke|p1|Swalot, M|\n|poke|p1|Jumpluff, M|\n|poke|p1|Overqwil, F|\n|poke|p1|Frosmoth, M|\n|poke|p2|Dragonite, F|\n|poke|p2|Iron Moth|\n|poke|p2|Greninja-*, M|\n|poke|p2|Gengar, M|\n|poke|p2|Calyrex-Shadow|\n|poke|p2|Thundurus-Therian, M|\n|teampreview\n|\n|t:|1699220019\n|start\n|switch|p1a: Jumpluff|Jumpluff, M|100\/100\n|switch|p2a: Thundurus|Thundurus-Therian, M|100\/100\n|turn|1\n|\n|t:|1699220027\n|move|p1a: Jumpluff|Sleep Powder|p2a: Thundurus\n|-status|p2a: Thundurus|slp|[from] move: Sleep Powder\n|cant|p2a: Thundurus|slp\n|\n|upkeep\n|turn|2\n|\n|t:|1699220033\n|switch|p2a: Iron Moth|Iron Moth|100\/100\n|-enditem|p2a: Iron Moth|Booster Energy\n|-activate|p2a: Iron Moth|ability: Quark Drive|[fromitem]\n|-start|p2a: Iron Moth|quarkdrivespa\n|move|p1a: Jumpluff|Cotton Guard|p1a: Jumpluff\n|-boost|p1a: Jumpluff|def|3\n|\n|upkeep\n|turn|3\n|\n|t:|1699220041\n|move|p1a: Jumpluff|Sleep Powder|p2a: Iron Moth\n|-status|p2a: Iron Moth|slp|[from] move: Sleep Powder\n|cant|p2a: Iron Moth|slp\n|\n|upkeep\n|turn|4\n|\n|t:|1699220047\n|-end|p2a: Iron Moth|Quark Drive|[silent]\n|switch|p2a: Gengar|Gengar, M|100\/100\n|move|p1a: Jumpluff|Cotton Guard|p1a: Jumpluff\n|-boost|p1a: Jumpluff|def|3\n|\n|upkeep\n|turn|5\n|\n|t:|1699220052\n|move|p1a: Jumpluff|Sleep Powder|p2a: Gengar\n|-status|p2a: Gengar|slp|[from] move: Sleep Powder\n|cant|p2a: Gengar|slp\n|\n|upkeep\n|turn|6\n|\n|t:|1699220058\n|switch|p2a: Greninja|Greninja, M|100\/100\n|move|p1a: Jumpluff|Sleep Powder|p2a: Greninja\n|-status|p2a: Greninja|slp|[from] move: Sleep Powder\n|\n|upkeep\n|turn|7\n|inactive|Battle timer is ON: inactive players will automatically lose when time's up. (requested by 227bo)\n|\n|t:|1699220065\n|switch|p2a: Calyrex|Calyrex-Shadow|100\/100\n|-ability|p2a: Calyrex|As One\n|-ability|p2a: Calyrex|Unnerve\n|move|p1a: Jumpluff|Sleep Powder|p2a: Calyrex|[miss]\n|-miss|p1a: Jumpluff|p2a: Calyrex\n|\n|upkeep\n|turn|8\n|\n|t:|1699220074\n|move|p2a: Calyrex|Protect|p2a: Calyrex\n|-singleturn|p2a: Calyrex|Protect\n|move|p1a: Jumpluff|Sleep Powder|p2a: Calyrex\n|-activate|p2a: Calyrex|move: Protect\n|\n|upkeep\n|turn|9\n|\n|t:|1699220080\n|move|p1a: Jumpluff|Sleep Powder|p2a: Calyrex\n|-status|p2a: Calyrex|slp|[from] move: Sleep Powder\n|cant|p2a: Calyrex|slp\n|\n|upkeep\n|turn|10\n|\n|t:|1699220087\n|switch|p2a: Dragonite|Dragonite, F|100\/100\n|move|p1a: Jumpluff|Baton Pass|p1a: Jumpluff\n|\n|t:|1699220091\n|switch|p1a: Frosmoth|Frosmoth, M|100\/100|[from] Baton Pass\n|\n|upkeep\n|turn|11\n|\n|t:|1699220098\n|-terastallize|p2a: Dragonite|Dragon\n|move|p1a: Frosmoth|Ice Beam|p2a: Dragonite\n|-supereffective|p2a: Dragonite\n|-damage|p2a: Dragonite|57\/100\n|-status|p2a: Dragonite|frz\n|-enditem|p2a: Dragonite|Lum Berry|[eat]\n|-curestatus|p2a: Dragonite|frz|[msg]\n|move|p2a: Dragonite|Draco Meteor|p1a: Frosmoth\n|-damage|p1a: Frosmoth|14\/100\n|-unboost|p2a: Dragonite|spa|2\n|\n|upkeep\n|turn|12\n|\n|t:|1699220111\n|switch|p2a: Greninja|Greninja, M|100\/100 slp\n|move|p1a: Frosmoth|Ice Beam|p2a: Greninja\n|-resisted|p2a: Greninja\n|-damage|p2a: Greninja|66\/100 slp\n|\n|upkeep\n|turn|13\n|\n|t:|1699220119\n|cant|p2a: Greninja|slp\n|move|p1a: Frosmoth|Quiver Dance|p1a: Frosmoth\n|-boost|p1a: Frosmoth|spa|1\n|-boost|p1a: Frosmoth|spd|1\n|-boost|p1a: Frosmoth|spe|1\n|\n|upkeep\n|turn|14\n|\n|t:|1699220126\n|move|p1a: Frosmoth|Quiver Dance|p1a: Frosmoth\n|-boost|p1a: Frosmoth|spa|1\n|-boost|p1a: Frosmoth|spd|1\n|-boost|p1a: Frosmoth|spe|1\n|cant|p2a: Greninja|slp\n|\n|upkeep\n|turn|15\n|\n|t:|1699220133\n|move|p1a: Frosmoth|Ice Beam|p2a: Greninja\n|-resisted|p2a: Greninja\n|-damage|p2a: Greninja|0 fnt\n|faint|p2a: Greninja\n|\n|upkeep\n|\n|t:|1699220137\n|switch|p2a: Iron Moth|Iron Moth|100\/100 slp\n|turn|16\n|\n|t:|1699220142\n|move|p1a: Frosmoth|Quiver Dance|p1a: Frosmoth\n|-boost|p1a: Frosmoth|spa|1\n|-boost|p1a: Frosmoth|spd|1\n|-boost|p1a: Frosmoth|spe|1\n|cant|p2a: Iron Moth|slp\n|\n|upkeep\n|turn|17\n|\n|t:|1699220149\n|move|p1a: Frosmoth|Quiver Dance|p1a: Frosmoth\n|-boost|p1a: Frosmoth|spa|1\n|-boost|p1a: Frosmoth|spd|1\n|-boost|p1a: Frosmoth|spe|1\n|cant|p2a: Iron Moth|slp\n|\n|upkeep\n|turn|18\n|\n|t:|1699220155\n|-end|p2a: Iron Moth|Quark Drive|[silent]\n|switch|p2a: Gengar|Gengar, M|100\/100 slp\n|move|p1a: Frosmoth|Ice Beam|p2a: Gengar\n|-damage|p2a: Gengar|0 fnt\n|-start|p1a: Frosmoth|Disable|Ice Beam|[from] ability: Cursed Body|[of] p2a: Gengar\n|faint|p2a: Gengar\n|\n|upkeep\n|\n|t:|1699220160\n|switch|p2a: Iron Moth|Iron Moth|100\/100 slp\n|turn|19\n|\n|t:|1699220167\n|move|p1a: Frosmoth|Bug Buzz|p2a: Iron Moth\n|-resisted|p2a: Iron Moth\n|-damage|p2a: Iron Moth|69\/100 slp\n|-curestatus|p2a: Iron Moth|slp|[msg]\n|move|p2a: Iron Moth|Fiery Dance|p1a: Frosmoth\n|-supereffective|p1a: Frosmoth\n|-damage|p1a: Frosmoth|0 fnt\n|-boost|p2a: Iron Moth|spa|1\n|faint|p1a: Frosmoth\n|\n|upkeep\n|\n|t:|1699220178\n|switch|p1a: Jumpluff|Jumpluff, M|100\/100\n|turn|20\n|\n|t:|1699220182\n|move|p1a: Jumpluff|Sleep Powder|p2a: Iron Moth\n|-status|p2a: Iron Moth|slp|[from] move: Sleep Powder\n|cant|p2a: Iron Moth|slp\n|\n|upkeep\n|turn|21\n|c|\u2606227bo|unalive yourself\n|\n|t:|1699220195\n|-end|p2a: Iron Moth|Quark Drive|[silent]\n|switch|p2a: Dragonite|Dragonite, F, tera:Dragon|57\/100\n|move|p1a: Jumpluff|Cotton Guard|p1a: Jumpluff\n|-boost|p1a: Jumpluff|def|3\n|\n|upkeep\n|turn|22\n|inactive|im a sleepy girl has 120 seconds left.\n|\n|t:|1699220229\n|move|p1a: Jumpluff|Sleep Powder|p2a: Dragonite\n|-status|p2a: Dragonite|slp|[from] move: Sleep Powder\n|cant|p2a: Dragonite|slp\n|\n|upkeep\n|turn|23\n|inactive|im a sleepy girl has 120 seconds left.\n|\n|t:|1699220250\n|switch|p2a: Thundurus|Thundurus-Therian, M|100\/100 slp\n|move|p1a: Jumpluff|Cotton Guard|p1a: Jumpluff\n|-boost|p1a: Jumpluff|def|3\n|\n|upkeep\n|turn|24\n|\n|t:|1699220257\n|move|p1a: Jumpluff|Baton Pass|p1a: Jumpluff\n|\n|t:|1699220260\n|switch|p1a: Overqwil|Overqwil, F|100\/100|[from] Baton Pass\n|-ability|p1a: Overqwil|Intimidate|boost\n|-unboost|p2a: Thundurus|atk|1\n|cant|p2a: Thundurus|slp\n|\n|upkeep\n|turn|25\n|\n|t:|1699220267\n|switch|p2a: Calyrex|Calyrex-Shadow|100\/100 slp\n|-ability|p2a: Calyrex|As One\n|-ability|p2a: Calyrex|Unnerve\n|move|p1a: Overqwil|Acupressure|p1a: Overqwil\n|-boost|p1a: Overqwil|atk|2\n|\n|upkeep\n|turn|26\n|\n|t:|1699220276\n|cant|p2a: Calyrex|slp\n|move|p1a: Overqwil|Acupressure|p1a: Overqwil\n|-boost|p1a: Overqwil|accuracy|2\n|\n|upkeep\n|turn|27\n|\n|t:|1699220282\n|-curestatus|p2a: Calyrex|slp|[msg]\n|move|p2a: Calyrex|Astral Barrage|p1a: Overqwil\n|-resisted|p1a: Overqwil\n|-damage|p1a: Overqwil|44\/100\n|move|p1a: Overqwil|Barb Barrage|p2a: Calyrex\n|-resisted|p2a: Calyrex\n|-damage|p2a: Calyrex|70\/100\n|\n|-heal|p1a: Overqwil|50\/100|[from] item: Black Sludge\n|upkeep\n|turn|28\n|\n|t:|1699220294\n|move|p2a: Calyrex|Protect|p2a: Calyrex\n|-singleturn|p2a: Calyrex|Protect\n|move|p1a: Overqwil|Protect||[still]\n|-fail|p1a: Overqwil\n|\n|-heal|p1a: Overqwil|56\/100|[from] item: Black Sludge\n|upkeep\n|turn|29\n|\n|t:|1699220302\n|move|p2a: Calyrex|Psyshock|p1a: Overqwil\n|-immune|p1a: Overqwil\n|move|p1a: Overqwil|Toxic|p2a: Calyrex\n|-status|p2a: Calyrex|tox\n|\n|-heal|p1a: Overqwil|62\/100|[from] item: Black Sludge\n|-damage|p2a: Calyrex|64\/100 tox|[from] psn\n|upkeep\n|turn|30\n|n|\u203d227bo|227bo\n|\n|t:|1699220311\n|move|p1a: Overqwil|Protect|p1a: Overqwil\n|-singleturn|p1a: Overqwil|Protect\n|move|p2a: Calyrex|Astral Barrage|p1a: Overqwil\n|-activate|p1a: Overqwil|move: Protect\n|\n|-heal|p1a: Overqwil|68\/100|[from] item: Black Sludge\n|-damage|p2a: Calyrex|52\/100 tox|[from] psn\n|upkeep\n|turn|31\n|\n|t:|1699220326\n|switch|p2a: Dragonite|Dragonite, F, tera:Dragon|57\/100 slp\n|move|p1a: Overqwil|Barb Barrage|p2a: Dragonite\n|-damage|p2a: Dragonite|0 fnt\n|faint|p2a: Dragonite\n|\n|-heal|p1a: Overqwil|74\/100|[from] item: Black Sludge\n|upkeep\n|\n|t:|1699220334\n|switch|p2a: Thundurus|Thundurus-Therian, M|100\/100 slp\n|turn|32\n|\n|t:|1699220342\n|move|p1a: Overqwil|Acupressure|p1a: Overqwil\n|-boost|p1a: Overqwil|spd|2\n|cant|p2a: Thundurus|slp\n|\n|-heal|p1a: Overqwil|81\/100|[from] item: Black Sludge\n|upkeep\n|turn|33\n|\n|t:|1699220350\n|move|p1a: Overqwil|Acupressure|p1a: Overqwil\n|-boost|p1a: Overqwil|spe|2\n|-curestatus|p2a: Thundurus|slp|[msg]\n|move|p2a: Thundurus|Thunderbolt|p1a: Overqwil\n|-damage|p1a: Overqwil|44\/100\n|\n|-heal|p1a: Overqwil|50\/100|[from] item: Black Sludge\n|upkeep\n|turn|34\n|\n|t:|1699220360\n|move|p1a: Overqwil|Toxic|p2a: Thundurus\n|-status|p2a: Thundurus|tox\n|move|p2a: Thundurus|Focus Blast|p1a: Overqwil\n|-damage|p1a: Overqwil|15\/100\n|\n|-heal|p1a: Overqwil|21\/100|[from] item: Black Sludge\n|-damage|p2a: Thundurus|94\/100 tox|[from] psn\n|upkeep\n|turn|35\n|\n|t:|1699220369\n|move|p1a: Overqwil|Barb Barrage|p2a: Thundurus\n|-damage|p2a: Thundurus|0 fnt\n|faint|p2a: Thundurus\n|\n|-heal|p1a: Overqwil|28\/100|[from] item: Black Sludge\n|upkeep\n|\n|t:|1699220372\n|switch|p2a: Iron Moth|Iron Moth|69\/100 slp\n|turn|36\n|\n|t:|1699220379\n|move|p1a: Overqwil|Acupressure|p1a: Overqwil\n|-boost|p1a: Overqwil|accuracy|2\n|-curestatus|p2a: Iron Moth|slp|[msg]\n|move|p2a: Iron Moth|Fiery Dance|p1a: Overqwil\n|-damage|p1a: Overqwil|0 fnt\n|-boost|p2a: Iron Moth|spa|1\n|faint|p1a: Overqwil\n|\n|upkeep\n|\n|t:|1699220390\n|switch|p1a: Jumpluff|Jumpluff, M|100\/100\n|turn|37\n|\n|t:|1699220394\n|move|p1a: Jumpluff|Sleep Powder|p2a: Iron Moth\n|-status|p2a: Iron Moth|slp|[from] move: Sleep Powder\n|cant|p2a: Iron Moth|slp\n|\n|upkeep\n|turn|38\n|\n|t:|1699220412\n|move|p1a: Jumpluff|Cotton Guard|p1a: Jumpluff\n|-boost|p1a: Jumpluff|def|3\n|cant|p2a: Iron Moth|slp\n|\n|upkeep\n|turn|39\n|\n|t:|1699220417\n|move|p1a: Jumpluff|Cotton Guard|p1a: Jumpluff\n|-boost|p1a: Jumpluff|def|3\n|cant|p2a: Iron Moth|slp\n|\n|upkeep\n|turn|40\n|\n|t:|1699220423\n|move|p1a: Jumpluff|Baton Pass|p1a: Jumpluff\n|\n|t:|1699220431\n|switch|p1a: Lumineon|Lumineon, M|100\/100|[from] Baton Pass\n|-curestatus|p2a: Iron Moth|slp|[msg]\n|move|p2a: Iron Moth|Fiery Dance|p1a: Lumineon\n|-resisted|p1a: Lumineon\n|-damage|p1a: Lumineon|77\/100\n|-boost|p2a: Iron Moth|spa|1\n|\n|-heal|p1a: Lumineon|84\/100|[from] item: Leftovers\n|upkeep\n|turn|41\n|\n|t:|1699220442\n|move|p2a: Iron Moth|Sludge Wave|p1a: Lumineon\n|-damage|p1a: Lumineon|15\/100\n|move|p1a: Lumineon|Confuse Ray|p2a: Iron Moth\n|-start|p2a: Iron Moth|confusion\n|\n|-heal|p1a: Lumineon|21\/100|[from] item: Leftovers\n|upkeep\n|turn|42\n|\n|t:|1699220451\n|-activate|p2a: Iron Moth|confusion\n|move|p2a: Iron Moth|Agility|p2a: Iron Moth\n|-boost|p2a: Iron Moth|spe|2\n|move|p1a: Lumineon|Whirlpool|p2a: Iron Moth\n|-supereffective|p2a: Iron Moth\n|-damage|p2a: Iron Moth|53\/100\n|-activate|p2a: Iron Moth|move: Whirlpool|[of] p1a: Lumineon\n|\n|-heal|p1a: Lumineon|27\/100|[from] item: Leftovers\n|-damage|p2a: Iron Moth|41\/100|[from] move: Whirlpool|[partiallytrapped]\n|upkeep\n|turn|43\n|\n|t:|1699220462\n|-activate|p2a: Iron Moth|confusion\n|-damage|p2a: Iron Moth|32\/100|[from] confusion\n|move|p1a: Lumineon|Whirlpool|p2a: Iron Moth\n|-supereffective|p2a: Iron Moth\n|-damage|p2a: Iron Moth|15\/100\n|\n|-heal|p1a: Lumineon|34\/100|[from] item: Leftovers\n|-damage|p2a: Iron Moth|2\/100|[from] move: Whirlpool|[partiallytrapped]\n|upkeep\n|turn|44\n|\n|t:|1699220474\n|-end|p2a: Iron Moth|confusion\n|move|p2a: Iron Moth|Sludge Wave|p1a: Lumineon\n|-damage|p1a: Lumineon|0 fnt\n|faint|p1a: Lumineon\n|\n|-end|p2a: Iron Moth|Whirlpool|[partiallytrapped]|[silent]\n|upkeep\n|\n|t:|1699220479\n|switch|p1a: Jumpluff|Jumpluff, M|100\/100\n|turn|45\n|\n|t:|1699220485\n|move|p2a: Iron Moth|Fiery Dance|p1a: Jumpluff\n|-supereffective|p1a: Jumpluff\n|-damage|p1a: Jumpluff|0 fnt\n|faint|p1a: Jumpluff\n|\n|upkeep\n|\n|t:|1699220490\n|switch|p1a: Skuntank|Skuntank, M, shiny|100\/100\n|turn|46\n|\n|t:|1699220498\n|move|p2a: Iron Moth|Sludge Wave|p1a: Skuntank\n|-resisted|p1a: Skuntank\n|-damage|p1a: Skuntank|38\/100\n|move|p1a: Skuntank|Crunch|p2a: Iron Moth\n|-damage|p2a: Iron Moth|0 fnt\n|faint|p2a: Iron Moth\n|-end|p2a: Iron Moth|Quark Drive|[silent]\n|\n|upkeep\n|\n|t:|1699220502\n|switch|p2a: Calyrex|Calyrex-Shadow|52\/100 tox\n|-ability|p2a: Calyrex|As One\n|-ability|p2a: Calyrex|Unnerve\n|turn|47\n|\n|t:|1699220511\n|move|p1a: Skuntank|Protect|p1a: Skuntank\n|-singleturn|p1a: Skuntank|Protect\n|move|p2a: Calyrex|Astral Barrage|p1a: Skuntank\n|-activate|p1a: Skuntank|move: Protect\n|\n|-damage|p2a: Calyrex|46\/100 tox|[from] psn\n|upkeep\n|turn|48\n|\n|t:|1699220520\n|move|p2a: Calyrex|Psyshock|p1a: Skuntank\n|-immune|p1a: Skuntank\n|move|p1a: Skuntank|Crunch|p2a: Calyrex\n|-supereffective|p2a: Calyrex\n|-damage|p2a: Calyrex|0 fnt\n|faint|p2a: Calyrex\n|\n|win|im a sleepy girl\n|raw|im a sleepy girl's rating: 1061 &rarr; <strong>1090<\/strong><br \/>(+29 for winning)\n|raw|227bo's rating: 1040 &rarr; <strong>1025<\/strong><br \/>(-15 for losing)\n","uploadtime":1699220243,"views":3,"p1id":"imasleepygirl","p2id":"227bo","formatid":"gen9anythinggoes","rating":1025,"private":0,"password":""}