{"id":"gen9anythinggoes-1979019407","p1":"smith1234","p2":"nanachiru","format":"[Gen 9] Anything Goes","log":"|j|\u2606smith1234\n|j|\u2606nanachiru\n|t:|1698621909\n|gametype|singles\n|player|p1|smith1234|marshal|1036\n|player|p2|nanachiru|backersf|1046\n|teamsize|p1|6\n|teamsize|p2|6\n|gen|9\n|tier|[Gen 9] Anything Goes\n|rated|\n|rule|HP Percentage Mod: HP is shown in percentages\n|rule|Endless Battle Clause: Forcing endless battles is banned\n|clearpoke\n|poke|p1|Politoed, M|\n|poke|p1|Arcanine, M|\n|poke|p1|Orthworm, M|\n|poke|p1|Gogoat, M|\n|poke|p1|Kilowattrel, M|\n|poke|p1|Weezing-Galar, M|\n|poke|p2|Ditto|\n|poke|p2|Ditto|\n|poke|p2|Ditto|\n|poke|p2|Ditto|\n|poke|p2|Ditto|\n|poke|p2|Ditto|\n|teampreview\n|inactive|Battle timer is ON: inactive players will automatically lose when time's up. (requested by smith1234)\n|\n|t:|1698621932\n|start\n|switch|p1a: Arcanine|Arcanine, M, shiny|100\/100\n|switch|p2a: Ditto|Ditto|100\/100\n|-item|p1a: Arcanine|Air Balloon\n|-transform|p2a: Ditto|p1a: Arcanine|[from] ability: Imposter\n|turn|1\n|\n|t:|1698621947\n|move|p2a: Ditto|Extreme Speed|p1a: Arcanine\n|-damage|p1a: Arcanine|80\/100\n|-enditem|p1a: Arcanine|Air Balloon\n|move|p1a: Arcanine|Extreme Speed|p2a: Ditto\n|-damage|p2a: Ditto|78\/100\n|\n|upkeep\n|turn|2\n|\n|t:|1698621962\n|switch|p1a: Gogoat|Gogoat, M, shiny|100\/100\n|move|p2a: Ditto|Extreme Speed|p1a: Gogoat\n|-damage|p1a: Gogoat|81\/100\n|\n|-heal|p1a: Gogoat|87\/100|[from] item: Leftovers\n|upkeep\n|turn|3\n|\n|t:|1698621970\n|switch|p2a: Ditto|Ditto|100\/100\n|-transform|p2a: Ditto|p1a: Gogoat|[from] ability: Imposter\n|move|p1a: Gogoat|Rock Slide|p2a: Ditto\n|-damage|p2a: Ditto|79\/100\n|\n|-heal|p1a: Gogoat|94\/100|[from] item: Leftovers\n|upkeep\n|turn|4\n|\n|t:|1698621984\n|switch|p1a: Kilowattrel|Kilowattrel, M|100\/100\n|move|p2a: Ditto|Horn Leech|p1a: Kilowattrel\n|-resisted|p1a: Kilowattrel\n|-damage|p1a: Kilowattrel|83\/100\n|-heal|p2a: Ditto|87\/100|[from] drain|[of] p1a: Kilowattrel\n|\n|upkeep\n|turn|5\n|\n|t:|1698621992\n|switch|p2a: Ditto|Ditto|100\/100\n|-transform|p2a: Ditto|p1a: Kilowattrel|[from] ability: Imposter\n|move|p1a: Kilowattrel|Air Slash|p2a: Ditto\n|-resisted|p2a: Ditto\n|-damage|p2a: Ditto|81\/100\n|\n|upkeep\n|turn|6\n|\n|t:|1698622009\n|switch|p1a: Orthworm|Orthworm, M|100\/100\n|move|p2a: Ditto|Air Slash|p1a: Orthworm\n|-resisted|p1a: Orthworm\n|-damage|p1a: Orthworm|81\/100\n|\n|upkeep\n|turn|7\n|\n|t:|1698622019\n|switch|p2a: Ditto|Ditto|78\/100\n|-transform|p2a: Ditto|p1a: Orthworm|[from] ability: Imposter\n|move|p1a: Orthworm|Rock Slide|p2a: Ditto|[miss]\n|-miss|p1a: Orthworm|p2a: Ditto\n|\n|upkeep\n|turn|8\n|-activate|p1a: Orthworm|item: Quick Claw\n|\n|t:|1698622033\n|move|p1a: Orthworm|Earthquake|p2a: Ditto\n|-heal|p2a: Ditto|100\/100|[from] ability: Earth Eater|[of] p1a: Orthworm\n|move|p2a: Ditto|Iron Head|p1a: Orthworm\n|-resisted|p1a: Orthworm\n|-damage|p1a: Orthworm|68\/100\n|\n|upkeep\n|turn|9\n|-activate|p1a: Orthworm|item: Quick Claw\n|\n|t:|1698622050\n|move|p1a: Orthworm|Body Slam|p2a: Ditto\n|-resisted|p2a: Ditto\n|-damage|p2a: Ditto|93\/100\n|move|p2a: Ditto|Iron Head|p1a: Orthworm\n|-resisted|p1a: Orthworm\n|-damage|p1a: Orthworm|57\/100\n|\n|upkeep\n|turn|10\n|\n|t:|1698622059\n|switch|p1a: Arcanine|Arcanine, M, shiny|80\/100\n|move|p2a: Ditto|Iron Head|p1a: Arcanine\n|-resisted|p1a: Arcanine\n|-damage|p1a: Arcanine|67\/100\n|\n|upkeep\n|turn|11\n|\n|t:|1698622065\n|switch|p2a: Ditto|Ditto|81\/100\n|-transform|p2a: Ditto|p1a: Arcanine|[from] ability: Imposter\n|move|p1a: Arcanine|Flare Blitz|p2a: Ditto\n|-start|p2a: Ditto|ability: Flash Fire\n|\n|upkeep\n|turn|12\n|\n|t:|1698622078\n|move|p2a: Ditto|Extreme Speed|p1a: Arcanine\n|-damage|p1a: Arcanine|45\/100\n|move|p1a: Arcanine|Morning Sun|p1a: Arcanine\n|-heal|p1a: Arcanine|95\/100\n|\n|upkeep\n|turn|13\n|\n|t:|1698622085\n|move|p2a: Ditto|Extreme Speed|p1a: Arcanine\n|-damage|p1a: Arcanine|74\/100\n|move|p1a: Arcanine|Extreme Speed|p2a: Ditto\n|-damage|p2a: Ditto|58\/100\n|\n|upkeep\n|turn|14\n|\n|t:|1698622095\n|move|p2a: Ditto|Extreme Speed|p1a: Arcanine\n|-damage|p1a: Arcanine|54\/100\n|move|p1a: Arcanine|Extreme Speed|p2a: Ditto\n|-damage|p2a: Ditto|34\/100\n|\n|upkeep\n|turn|15\n|\n|t:|1698622101\n|move|p2a: Ditto|Extreme Speed|p1a: Arcanine\n|-damage|p1a: Arcanine|32\/100\n|move|p1a: Arcanine|Morning Sun|p1a: Arcanine\n|-heal|p1a: Arcanine|82\/100\n|\n|upkeep\n|turn|16\n|\n|t:|1698622107\n|-end|p2a: Ditto|ability: Flash Fire|[silent]\n|switch|p2a: Ditto|Ditto|93\/100\n|-transform|p2a: Ditto|p1a: Arcanine|[from] ability: Imposter\n|move|p1a: Arcanine|Extreme Speed|p2a: Ditto\n|-damage|p2a: Ditto|69\/100\n|\n|upkeep\n|turn|17\n|\n|t:|1698622118\n|switch|p2a: Ditto|Ditto|34\/100\n|-transform|p2a: Ditto|p1a: Arcanine|[from] ability: Imposter\n|-terastallize|p1a: Arcanine|Ground\n|move|p1a: Arcanine|Extreme Speed|p2a: Ditto\n|-damage|p2a: Ditto|12\/100\n|\n|upkeep\n|turn|18\n|\n|t:|1698622127\n|move|p1a: Arcanine|Extreme Speed|p2a: Ditto\n|-damage|p2a: Ditto|0 fnt\n|faint|p2a: Ditto\n|\n|upkeep\n|\n|t:|1698622132\n|switch|p2a: Ditto|Ditto|69\/100\n|-transform|p2a: Ditto|p1a: Arcanine|[from] ability: Imposter\n|-start|p2a: Ditto|typechange|Fire|[silent]\n|turn|19\n|\n|t:|1698622142\n|move|p1a: Arcanine|Extreme Speed|p2a: Ditto\n|-damage|p2a: Ditto|47\/100\n|move|p2a: Ditto|Morning Sun|p2a: Ditto\n|-heal|p2a: Ditto|97\/100\n|\n|upkeep\n|turn|20\n|\n|t:|1698622152\n|switch|p2a: Ditto|Ditto|87\/100\n|-transform|p2a: Ditto|p1a: Arcanine|[from] ability: Imposter\n|move|p1a: Arcanine|Extreme Speed|p2a: Ditto\n|-damage|p2a: Ditto|66\/100\n|\n|upkeep\n|-start|p2a: Ditto|typechange|Fire|[silent]\n|turn|21\n|\n|t:|1698622160\n|move|p2a: Ditto|Morning Sun|p2a: Ditto\n|-heal|p2a: Ditto|100\/100\n|move|p1a: Arcanine|Wild Charge|p2a: Ditto\n|-damage|p2a: Ditto|76\/100\n|-damage|p1a: Arcanine|77\/100|[from] Recoil\n|\n|upkeep\n|turn|22\n|\n|t:|1698622168\n|move|p2a: Ditto|Morning Sun|p2a: Ditto\n|-heal|p2a: Ditto|100\/100\n|move|p1a: Arcanine|Wild Charge|p2a: Ditto\n|-damage|p2a: Ditto|74\/100\n|-damage|p1a: Arcanine|70\/100|[from] Recoil\n|\n|upkeep\n|turn|23\n|\n|t:|1698622175\n|move|p2a: Ditto|Morning Sun|p2a: Ditto\n|-heal|p2a: Ditto|100\/100\n|move|p1a: Arcanine|Wild Charge|p2a: Ditto\n|-damage|p2a: Ditto|75\/100\n|-damage|p1a: Arcanine|65\/100|[from] Recoil\n|\n|upkeep\n|turn|24\n|\n|t:|1698622183\n|move|p2a: Ditto|Morning Sun|p2a: Ditto\n|-heal|p2a: Ditto|100\/100\n|move|p1a: Arcanine|Wild Charge|p2a: Ditto\n|-damage|p2a: Ditto|72\/100\n|-damage|p1a: Arcanine|58\/100|[from] Recoil\n|\n|upkeep\n|turn|25\n|\n|t:|1698622190\n|move|p2a: Ditto|Morning Sun|p2a: Ditto\n|-heal|p2a: Ditto|100\/100\n|move|p1a: Arcanine|Morning Sun|p1a: Arcanine\n|-heal|p1a: Arcanine|100\/100\n|\n|upkeep\n|turn|26\n|\n|t:|1698622198\n|switch|p2a: Ditto|Ditto|97\/100\n|-transform|p2a: Ditto|p1a: Arcanine|[from] ability: Imposter\n|move|p1a: Arcanine|Flare Blitz|p2a: Ditto\n|-start|p2a: Ditto|ability: Flash Fire\n|\n|upkeep\n|-start|p2a: Ditto|typechange|Fire|[silent]\n|turn|27\n|\n|t:|1698622206\n|move|p2a: Ditto|Extreme Speed|p1a: Arcanine\n|-damage|p1a: Arcanine|79\/100\n|move|p1a: Arcanine|Wild Charge|p2a: Ditto\n|-damage|p2a: Ditto|70\/100\n|-damage|p1a: Arcanine|72\/100|[from] Recoil\n|\n|upkeep\n|turn|28\n|\n|t:|1698622214\n|move|p2a: Ditto|Extreme Speed|p1a: Arcanine\n|-damage|p1a: Arcanine|52\/100\n|move|p1a: Arcanine|Wild Charge|p2a: Ditto\n|-damage|p2a: Ditto|46\/100\n|-damage|p1a: Arcanine|47\/100|[from] Recoil\n|\n|upkeep\n|turn|29\n|\n|t:|1698622223\n|move|p2a: Ditto|Extreme Speed|p1a: Arcanine\n|-damage|p1a: Arcanine|27\/100\n|move|p1a: Arcanine|Morning Sun|p1a: Arcanine\n|-heal|p1a: Arcanine|77\/100\n|\n|upkeep\n|turn|30\n|\n|t:|1698622236\n|-end|p2a: Ditto|ability: Flash Fire|[silent]\n|switch|p2a: Ditto|Ditto|100\/100\n|-transform|p2a: Ditto|p1a: Arcanine|[from] ability: Imposter\n|move|p1a: Arcanine|Morning Sun|p1a: Arcanine\n|-heal|p1a: Arcanine|100\/100\n|\n|upkeep\n|-start|p2a: Ditto|typechange|Fire|[silent]\n|turn|31\n|\n|t:|1698622243\n|switch|p2a: Ditto|Ditto|46\/100\n|-transform|p2a: Ditto|p1a: Arcanine|[from] ability: Imposter\n|move|p1a: Arcanine|Wild Charge|p2a: Ditto\n|-crit|p2a: Ditto\n|-damage|p2a: Ditto|4\/100\n|-damage|p1a: Arcanine|91\/100|[from] Recoil\n|\n|upkeep\n|-start|p2a: Ditto|typechange|Fire|[silent]\n|turn|32\n|\n|t:|1698622251\n|move|p2a: Ditto|Morning Sun|p2a: Ditto\n|-heal|p2a: Ditto|54\/100\n|move|p1a: Arcanine|Wild Charge|p2a: Ditto\n|-damage|p2a: Ditto|29\/100\n|-damage|p1a: Arcanine|85\/100|[from] Recoil\n|\n|upkeep\n|turn|33\n|\n|t:|1698622258\n|move|p2a: Ditto|Morning Sun|p2a: Ditto\n|-heal|p2a: Ditto|79\/100\n|move|p1a: Arcanine|Wild Charge|p2a: Ditto\n|-damage|p2a: Ditto|55\/100\n|-damage|p1a: Arcanine|80\/100|[from] Recoil\n|\n|upkeep\n|turn|34\n|\n|t:|1698622265\n|move|p2a: Ditto|Morning Sun|p2a: Ditto\n|-heal|p2a: Ditto|100\/100\n|move|p1a: Arcanine|Wild Charge|p2a: Ditto\n|-damage|p2a: Ditto|73\/100\n|-damage|p1a: Arcanine|73\/100|[from] Recoil\n|\n|upkeep\n|turn|35\n|\n|t:|1698622274\n|move|p2a: Ditto|Morning Sun|p2a: Ditto\n|-heal|p2a: Ditto|100\/100\n|move|p1a: Arcanine|Wild Charge|p2a: Ditto\n|-damage|p2a: Ditto|72\/100\n|-damage|p1a: Arcanine|67\/100|[from] Recoil\n|\n|upkeep\n|turn|36\n|\n|t:|1698622281\n|move|p2a: Ditto|Morning Sun|p2a: Ditto\n|-heal|p2a: Ditto|100\/100\n|move|p1a: Arcanine|Wild Charge|p2a: Ditto\n|-damage|p2a: Ditto|75\/100\n|-damage|p1a: Arcanine|61\/100|[from] Recoil\n|\n|upkeep\n|turn|37\n|\n|t:|1698622288\n|switch|p2a: Ditto|Ditto|100\/100\n|-transform|p2a: Ditto|p1a: Arcanine|[from] ability: Imposter\n|move|p1a: Arcanine|Wild Charge|p2a: Ditto\n|-damage|p2a: Ditto|76\/100\n|-damage|p1a: Arcanine|56\/100|[from] Recoil\n|\n|upkeep\n|-start|p2a: Ditto|typechange|Fire|[silent]\n|turn|38\n|\n|t:|1698622300\n|move|p2a: Ditto|Morning Sun|p2a: Ditto\n|-heal|p2a: Ditto|100\/100\n|move|p1a: Arcanine|Wild Charge|p2a: Ditto\n|-damage|p2a: Ditto|76\/100\n|-damage|p1a: Arcanine|50\/100|[from] Recoil\n|\n|upkeep\n|turn|39\n|\n|t:|1698622307\n|move|p2a: Ditto|Morning Sun|p2a: Ditto\n|-heal|p2a: Ditto|100\/100\n|move|p1a: Arcanine|Morning Sun|p1a: Arcanine\n|-heal|p1a: Arcanine|99\/100\n|\n|upkeep\n|turn|40\n|\n|t:|1698622317\n|move|p2a: Ditto|Morning Sun|p2a: Ditto\n|-fail|p2a: Ditto|heal\n|move|p1a: Arcanine|Wild Charge|p2a: Ditto\n|-damage|p2a: Ditto|75\/100\n|-damage|p1a: Arcanine|94\/100|[from] Recoil\n|\n|upkeep\n|turn|41\n|\n|t:|1698622327\n|switch|p1a: Weezing|Weezing-Galar, M, shiny|100\/100\n|move|p2a: Ditto|Morning Sun|p2a: Ditto\n|-heal|p2a: Ditto|100\/100\n|\n|upkeep\n|turn|42\n|\n|t:|1698622334\n|switch|p2a: Ditto|Ditto|100\/100\n|-transform|p2a: Ditto|p1a: Weezing|[from] ability: Imposter\n|move|p1a: Weezing|Toxic|p2a: Ditto\n|-immune|p2a: Ditto\n|\n|upkeep\n|turn|43\n|\n|t:|1698622349\n|switch|p1a: Orthworm|Orthworm, M|57\/100\n|move|p2a: Ditto|Venoshock|p1a: Orthworm\n|-immune|p1a: Orthworm\n|\n|upkeep\n|turn|44\n|\n|t:|1698622359\n|switch|p2a: Ditto|Ditto|100\/100\n|-transform|p2a: Ditto|p1a: Orthworm|[from] ability: Imposter\n|move|p1a: Orthworm|Iron Head|p2a: Ditto\n|-resisted|p2a: Ditto\n|-damage|p2a: Ditto|89\/100\n|\n|upkeep\n|turn|45\n|\n|t:|1698622376\n|move|p2a: Ditto|Body Slam|p1a: Orthworm\n|-resisted|p1a: Orthworm\n|-damage|p1a: Orthworm|47\/100\n|move|p1a: Orthworm|Rock Slide|p2a: Ditto\n|-resisted|p2a: Ditto\n|-damage|p2a: Ditto|83\/100\n|\n|upkeep\n|turn|46\n|\n|t:|1698622383\n|move|p2a: Ditto|Body Slam|p1a: Orthworm\n|-resisted|p1a: Orthworm\n|-crit|p1a: Orthworm\n|-damage|p1a: Orthworm|36\/100\n|move|p1a: Orthworm|Iron Head|p2a: Ditto\n|-resisted|p2a: Ditto\n|-damage|p2a: Ditto|72\/100\n|\n|upkeep\n|turn|47\n|\n|t:|1698622395\n|switch|p1a: Arcanine|Arcanine, M, shiny, tera:Ground|94\/100\n|move|p2a: Ditto|Body Slam|p1a: Arcanine\n|-damage|p1a: Arcanine|75\/100\n|\n|upkeep\n|turn|48\n|\n|t:|1698622401\n|switch|p2a: Ditto|Ditto|75\/100\n|-transform|p2a: Ditto|p1a: Arcanine|[from] ability: Imposter\n|move|p1a: Arcanine|Flare Blitz|p2a: Ditto\n|-start|p2a: Ditto|ability: Flash Fire\n|\n|upkeep\n|turn|49\n|\n|t:|1698622425\n|switch|p1a: Kilowattrel|Kilowattrel, M|83\/100\n|move|p2a: Ditto|Extreme Speed|p1a: Kilowattrel\n|-damage|p1a: Kilowattrel|56\/100\n|\n|upkeep\n|turn|50\n|\n|t:|1698622434\n|move|p2a: Ditto|Extreme Speed|p1a: Kilowattrel\n|-damage|p1a: Kilowattrel|28\/100\n|move|p1a: Kilowattrel|Thunder Wave|p2a: Ditto\n|-status|p2a: Ditto|par\n|\n|upkeep\n|turn|51\n|\n|t:|1698622443\n|move|p2a: Ditto|Extreme Speed|p1a: Kilowattrel\n|-damage|p1a: Kilowattrel|2\/100\n|move|p1a: Kilowattrel|Roost|p1a: Kilowattrel\n|-heal|p1a: Kilowattrel|52\/100\n|-singleturn|p1a: Kilowattrel|move: Roost\n|\n|upkeep\n|turn|52\n|\n|t:|1698622451\n|-end|p2a: Ditto|ability: Flash Fire|[silent]\n|switch|p2a: Ditto|Ditto|72\/100\n|-transform|p2a: Ditto|p1a: Kilowattrel|[from] ability: Imposter\n|move|p1a: Kilowattrel|Roost|p1a: Kilowattrel\n|-heal|p1a: Kilowattrel|100\/100\n|-singleturn|p1a: Kilowattrel|move: Roost\n|\n|upkeep\n|turn|53\n|\n|t:|1698622464\n|switch|p1a: Orthworm|Orthworm, M|36\/100\n|move|p2a: Ditto|Air Slash|p1a: Orthworm|[miss]\n|-miss|p2a: Ditto|p1a: Orthworm\n|\n|upkeep\n|turn|54\n|-activate|p1a: Orthworm|item: Quick Claw\n|\n|t:|1698622473\n|switch|p2a: Ditto|Ditto|75\/100 par\n|-transform|p2a: Ditto|p1a: Orthworm|[from] ability: Imposter\n|move|p1a: Orthworm|Rock Slide|p2a: Ditto\n|-resisted|p2a: Ditto\n|-damage|p2a: Ditto|68\/100 par\n|\n|upkeep\n|turn|55\n|\n|t:|1698622483\n|switch|p1a: Kilowattrel|Kilowattrel, M|100\/100\n|move|p2a: Ditto|Body Slam|p1a: Kilowattrel\n|-damage|p1a: Kilowattrel|73\/100\n|\n|upkeep\n|turn|56\n|\n|t:|1698622491\n|switch|p2a: Ditto|Ditto|72\/100\n|-transform|p2a: Ditto|p1a: Kilowattrel|[from] ability: Imposter\n|move|p1a: Kilowattrel|Thunderbolt|p2a: Ditto\n|-heal|p2a: Ditto|97\/100|[from] ability: Volt Absorb|[of] p1a: Kilowattrel\n|\n|upkeep\n|turn|57\n|\n|t:|1698622502\n|switch|p1a: Weezing|Weezing-Galar, M, shiny|100\/100\n|move|p2a: Ditto|Air Slash|p1a: Weezing\n|-damage|p1a: Weezing|62\/100\n|\n|-heal|p1a: Weezing|68\/100|[from] item: Black Sludge\n|upkeep\n|turn|58\n|\n|t:|1698622513\n|switch|p2a: Ditto|Ditto|100\/100\n|-transform|p2a: Ditto|p1a: Weezing|[from] ability: Imposter\n|move|p1a: Weezing|Toxic|p2a: Ditto\n|-immune|p2a: Ditto\n|\n|-heal|p1a: Weezing|74\/100|[from] item: Black Sludge\n|upkeep\n|turn|59\n|\n|t:|1698622525\n|move|p2a: Ditto|Dark Pulse|p1a: Weezing\n|-resisted|p1a: Weezing\n|-damage|p1a: Weezing|62\/100\n|move|p1a: Weezing|Strange Steam|p2a: Ditto\n|-resisted|p2a: Ditto\n|-damage|p2a: Ditto|80\/100\n|\n|-heal|p1a: Weezing|68\/100|[from] item: Black Sludge\n|upkeep\n|turn|60\n|\n|t:|1698622555\n|switch|p2a: Ditto|Ditto|97\/100\n|-transform|p2a: Ditto|p1a: Weezing|[from] ability: Imposter\n|switch|p1a: Politoed|Politoed, M, shiny|100\/100\n|\n|upkeep\n|turn|61\n|\n|t:|1698622565\n|move|p2a: Ditto|Toxic|p1a: Politoed\n|-status|p1a: Politoed|tox\n|move|p1a: Politoed|Focus Blast|p2a: Ditto\n|-resisted|p2a: Ditto\n|-damage|p2a: Ditto|88\/100\n|-unboost|p2a: Ditto|spd|1\n|\n|-damage|p1a: Politoed|94\/100 tox|[from] psn\n|upkeep\n|turn|62\n|\n|t:|1698622578\n|switch|p2a: Ditto|Ditto|68\/100 par\n|-transform|p2a: Ditto|p1a: Politoed|[from] ability: Imposter\n|switch|p1a: Kilowattrel|Kilowattrel, M|73\/100\n|\n|upkeep\n|turn|63\n|\n|t:|1698622590\n|switch|p2a: Ditto|Ditto|80\/100\n|-transform|p2a: Ditto|p1a: Kilowattrel|[from] ability: Imposter\n|move|p1a: Kilowattrel|Thunderbolt|p2a: Ditto\n|-heal|p2a: Ditto|100\/100|[from] ability: Volt Absorb|[of] p1a: Kilowattrel\n|\n|upkeep\n|turn|64\n|\n|t:|1698622608\n|switch|p1a: Gogoat|Gogoat, M, shiny|94\/100\n|move|p2a: Ditto|Air Slash|p1a: Gogoat\n|-supereffective|p1a: Gogoat\n|-damage|p1a: Gogoat|42\/100\n|\n|-heal|p1a: Gogoat|48\/100|[from] item: Leftovers\n|upkeep\n|turn|65\n|\n|t:|1698622625\n|switch|p1a: Kilowattrel|Kilowattrel, M|73\/100\n|move|p2a: Ditto|Air Slash|p1a: Kilowattrel\n|-resisted|p1a: Kilowattrel\n|-damage|p1a: Kilowattrel|55\/100\n|\n|upkeep\n|turn|66\n|\n|t:|1698622632\n|move|p2a: Ditto|Air Slash|p1a: Kilowattrel\n|-resisted|p1a: Kilowattrel\n|-damage|p1a: Kilowattrel|38\/100\n|move|p1a: Kilowattrel|Air Slash|p2a: Ditto\n|-resisted|p2a: Ditto\n|-damage|p2a: Ditto|81\/100\n|\n|upkeep\n|turn|67\n|\n|t:|1698622638\n|move|p2a: Ditto|Air Slash|p1a: Kilowattrel\n|-resisted|p1a: Kilowattrel\n|-damage|p1a: Kilowattrel|19\/100\n|move|p1a: Kilowattrel|Roost|p1a: Kilowattrel\n|-heal|p1a: Kilowattrel|69\/100\n|-singleturn|p1a: Kilowattrel|move: Roost\n|\n|upkeep\n|turn|68\n|\n|t:|1698622644\n|move|p2a: Ditto|Air Slash|p1a: Kilowattrel\n|-resisted|p1a: Kilowattrel\n|-damage|p1a: Kilowattrel|51\/100\n|cant|p1a: Kilowattrel|flinch\n|\n|upkeep\n|turn|69\n|\n|t:|1698622649\n|switch|p2a: Ditto|Ditto|68\/100 par\n|-transform|p2a: Ditto|p1a: Kilowattrel|[from] ability: Imposter\n|move|p1a: Kilowattrel|Roost|p1a: Kilowattrel\n|-heal|p1a: Kilowattrel|100\/100\n|-singleturn|p1a: Kilowattrel|move: Roost\n|\n|upkeep\n|turn|70\n|\n|t:|1698622661\n|switch|p1a: Orthworm|Orthworm, M|36\/100\n|move|p2a: Ditto|Air Slash|p1a: Orthworm\n|-resisted|p1a: Orthworm\n|-damage|p1a: Orthworm|17\/100\n|\n|upkeep\n|turn|71\n|\n|t:|1698622667\n|move|p2a: Ditto|Air Slash|p1a: Orthworm\n|-resisted|p1a: Orthworm\n|-damage|p1a: Orthworm|0 fnt\n|faint|p1a: Orthworm\n|\n|upkeep\n|\n|t:|1698622673\n|switch|p1a: Politoed|Politoed, M, shiny|94\/100 tox\n|turn|72\n|\n|t:|1698622677\n|switch|p2a: Ditto|Ditto|81\/100\n|-transform|p2a: Ditto|p1a: Politoed|[from] ability: Imposter\n|move|p1a: Politoed|Blizzard|p2a: Ditto\n|-resisted|p2a: Ditto\n|-damage|p2a: Ditto|69\/100\n|\n|-damage|p1a: Politoed|88\/100 tox|[from] psn\n|upkeep\n|turn|73\n|\n|t:|1698622696\n|move|p2a: Ditto|Earth Power|p1a: Politoed\n|-damage|p1a: Politoed|72\/100 tox\n|move|p1a: Politoed|Blizzard|p2a: Ditto\n|-resisted|p2a: Ditto\n|-damage|p2a: Ditto|58\/100\n|\n|-damage|p1a: Politoed|60\/100 tox|[from] psn\n|upkeep\n|turn|74\n|\n|t:|1698622707\n|switch|p2a: Ditto|Ditto|68\/100 par\n|-transform|p2a: Ditto|p1a: Politoed|[from] ability: Imposter\n|move|p1a: Politoed|Focus Blast|p2a: Ditto\n|-damage|p2a: Ditto|45\/100 par\n|-unboost|p2a: Ditto|spd|1\n|\n|-damage|p1a: Politoed|42\/100 tox|[from] psn\n|upkeep\n|turn|75\n|\n|t:|1698622719\n|switch|p2a: Ditto|Ditto|58\/100\n|-transform|p2a: Ditto|p1a: Politoed|[from] ability: Imposter\n|move|p1a: Politoed|Focus Blast|p2a: Ditto\n|-damage|p2a: Ditto|34\/100\n|\n|-damage|p1a: Politoed|17\/100 tox|[from] psn\n|upkeep\n|turn|76\n|\n|t:|1698622729\n|move|p2a: Ditto|Blizzard|p1a: Politoed\n|-resisted|p1a: Politoed\n|-damage|p1a: Politoed|6\/100 tox\n|move|p1a: Politoed|Focus Blast|p2a: Ditto|[miss]\n|-miss|p1a: Politoed|p2a: Ditto\n|\n|-damage|p1a: Politoed|0 fnt|[from] psn\n|faint|p1a: Politoed\n|upkeep\n|\n|t:|1698622739\n|switch|p1a: Kilowattrel|Kilowattrel, M|100\/100\n|turn|77\n|\n|t:|1698622743\n|move|p1a: Kilowattrel|Thunderbolt|p2a: Ditto\n|-supereffective|p2a: Ditto\n|-damage|p2a: Ditto|0 fnt\n|faint|p2a: Ditto\n|\n|upkeep\n|\n|t:|1698622746\n|switch|p2a: Ditto|Ditto|45\/100 par\n|-transform|p2a: Ditto|p1a: Kilowattrel|[from] ability: Imposter\n|turn|78\n|\n|t:|1698622755\n|switch|p1a: Weezing|Weezing-Galar, M, shiny|68\/100\n|move|p2a: Ditto|Roost|p2a: Ditto\n|-heal|p2a: Ditto|95\/100 par\n|-singleturn|p2a: Ditto|move: Roost\n|\n|-heal|p1a: Weezing|74\/100|[from] item: Black Sludge\n|upkeep\n|turn|79\n|\n|t:|1698622764\n|switch|p2a: Ditto|Ditto|88\/100\n|-transform|p2a: Ditto|p1a: Weezing|[from] ability: Imposter\n|move|p1a: Weezing|Venoshock|p2a: Ditto\n|-damage|p2a: Ditto|58\/100\n|\n|-heal|p1a: Weezing|80\/100|[from] item: Black Sludge\n|upkeep\n|turn|80\n|\n|t:|1698622773\n|move|p2a: Ditto|Venoshock|p1a: Weezing\n|-damage|p1a: Weezing|49\/100\n|move|p1a: Weezing|Venoshock|p2a: Ditto\n|-damage|p2a: Ditto|30\/100\n|\n|-heal|p1a: Weezing|55\/100|[from] item: Black Sludge\n|upkeep\n|turn|81\n|\n|t:|1698622782\n|move|p2a: Ditto|Venoshock|p1a: Weezing\n|-damage|p1a: Weezing|28\/100\n|move|p1a: Weezing|Venoshock|p2a: Ditto\n|-damage|p2a: Ditto|1\/100\n|\n|-heal|p1a: Weezing|34\/100|[from] item: Black Sludge\n|upkeep\n|turn|82\n|\n|t:|1698622789\n|move|p2a: Ditto|Venoshock|p1a: Weezing\n|-damage|p1a: Weezing|2\/100\n|move|p1a: Weezing|Venoshock|p2a: Ditto\n|-damage|p2a: Ditto|0 fnt\n|faint|p2a: Ditto\n|\n|-heal|p1a: Weezing|8\/100|[from] item: Black Sludge\n|upkeep\n|\n|t:|1698622792\n|switch|p2a: Ditto|Ditto|100\/100\n|-transform|p2a: Ditto|p1a: Weezing|[from] ability: Imposter\n|turn|83\n|\n|t:|1698622801\n|move|p2a: Ditto|Venoshock|p1a: Weezing\n|-damage|p1a: Weezing|0 fnt\n|faint|p1a: Weezing\n|\n|upkeep\n|\n|t:|1698622815\n|switch|p1a: Kilowattrel|Kilowattrel, M|100\/100\n|turn|84\n|\n|t:|1698622821\n|switch|p2a: Ditto|Ditto|95\/100 par\n|-transform|p2a: Ditto|p1a: Kilowattrel|[from] ability: Imposter\n|move|p1a: Kilowattrel|Thunder Wave|p2a: Ditto\n|-heal|p2a: Ditto|100\/100 par|[from] ability: Volt Absorb|[of] p1a: Kilowattrel\n|\n|upkeep\n|turn|85\n|\n|t:|1698622833\n|move|p1a: Kilowattrel|Air Slash|p2a: Ditto\n|-resisted|p2a: Ditto\n|-damage|p2a: Ditto|83\/100 par\n|cant|p2a: Ditto|flinch\n|\n|upkeep\n|turn|86\n|\n|t:|1698622838\n|switch|p2a: Ditto|Ditto|100\/100\n|-transform|p2a: Ditto|p1a: Kilowattrel|[from] ability: Imposter\n|move|p1a: Kilowattrel|Air Slash|p2a: Ditto\n|-resisted|p2a: Ditto\n|-damage|p2a: Ditto|82\/100\n|\n|upkeep\n|turn|87\n|\n|t:|1698622845\n|move|p2a: Ditto|Air Slash|p1a: Kilowattrel\n|-resisted|p1a: Kilowattrel\n|-damage|p1a: Kilowattrel|82\/100\n|move|p1a: Kilowattrel|Air Slash|p2a: Ditto\n|-resisted|p2a: Ditto\n|-damage|p2a: Ditto|63\/100\n|\n|upkeep\n|turn|88\n|\n|t:|1698622851\n|move|p2a: Ditto|Air Slash|p1a: Kilowattrel\n|-resisted|p1a: Kilowattrel\n|-damage|p1a: Kilowattrel|64\/100\n|move|p1a: Kilowattrel|Air Slash|p2a: Ditto\n|-resisted|p2a: Ditto\n|-damage|p2a: Ditto|44\/100\n|\n|upkeep\n|turn|89\n|\n|t:|1698622857\n|switch|p2a: Ditto|Ditto|100\/100\n|-transform|p2a: Ditto|p1a: Kilowattrel|[from] ability: Imposter\n|move|p1a: Kilowattrel|Air Slash|p2a: Ditto\n|-resisted|p2a: Ditto\n|-damage|p2a: Ditto|82\/100\n|\n|upkeep\n|turn|90\n|\n|t:|1698622863\n|move|p2a: Ditto|Air Slash|p1a: Kilowattrel\n|-resisted|p1a: Kilowattrel\n|-damage|p1a: Kilowattrel|46\/100\n|move|p1a: Kilowattrel|Air Slash|p2a: Ditto\n|-resisted|p2a: Ditto\n|-damage|p2a: Ditto|64\/100\n|\n|upkeep\n|turn|91\n|\n|t:|1698622870\n|move|p2a: Ditto|Air Slash|p1a: Kilowattrel\n|-resisted|p1a: Kilowattrel\n|-damage|p1a: Kilowattrel|29\/100\n|move|p1a: Kilowattrel|Roost|p1a: Kilowattrel\n|-heal|p1a: Kilowattrel|79\/100\n|-singleturn|p1a: Kilowattrel|move: Roost\n|\n|upkeep\n|turn|92\n|\n|t:|1698622876\n|switch|p2a: Ditto|Ditto|44\/100\n|-transform|p2a: Ditto|p1a: Kilowattrel|[from] ability: Imposter\n|move|p1a: Kilowattrel|Air Slash|p2a: Ditto\n|-resisted|p2a: Ditto\n|-damage|p2a: Ditto|28\/100\n|\n|upkeep\n|turn|93\n|\n|t:|1698622883\n|move|p2a: Ditto|Roost|p2a: Ditto\n|-heal|p2a: Ditto|78\/100\n|-singleturn|p2a: Ditto|move: Roost\n|move|p1a: Kilowattrel|Air Slash|p2a: Ditto\n|-resisted|p2a: Ditto\n|-damage|p2a: Ditto|59\/100\n|\n|upkeep\n|turn|94\n|\n|t:|1698622890\n|move|p2a: Ditto|Roost|p2a: Ditto\n|-heal|p2a: Ditto|100\/100\n|-singleturn|p2a: Ditto|move: Roost\n|move|p1a: Kilowattrel|Air Slash|p2a: Ditto\n|-resisted|p2a: Ditto\n|-damage|p2a: Ditto|84\/100\n|\n|upkeep\n|turn|95\n|\n|t:|1698622897\n|switch|p2a: Ditto|Ditto|64\/100\n|-transform|p2a: Ditto|p1a: Kilowattrel|[from] ability: Imposter\n|move|p1a: Kilowattrel|Air Slash|p2a: Ditto\n|-resisted|p2a: Ditto\n|-damage|p2a: Ditto|47\/100\n|\n|upkeep\n|turn|96\n|\n|t:|1698622904\n|move|p2a: Ditto|Roost|p2a: Ditto\n|-heal|p2a: Ditto|97\/100\n|-singleturn|p2a: Ditto|move: Roost\n|move|p1a: Kilowattrel|Air Slash|p2a: Ditto\n|-resisted|p2a: Ditto\n|-damage|p2a: Ditto|80\/100\n|\n|upkeep\n|turn|97\n|\n|t:|1698622910\n|move|p2a: Ditto|Roost|p2a: Ditto\n|-heal|p2a: Ditto|100\/100\n|-singleturn|p2a: Ditto|move: Roost\n|move|p1a: Kilowattrel|Air Slash|p2a: Ditto\n|-resisted|p2a: Ditto\n|-damage|p2a: Ditto|81\/100\n|\n|upkeep\n|turn|98\n|\n|t:|1698622917\n|move|p2a: Ditto|Roost|p2a: Ditto\n|-heal|p2a: Ditto|100\/100\n|-singleturn|p2a: Ditto|move: Roost\n|move|p1a: Kilowattrel|Air Slash|p2a: Ditto\n|-resisted|p2a: Ditto\n|-damage|p2a: Ditto|81\/100\n|\n|upkeep\n|turn|99\n|\n|t:|1698622925\n|move|p2a: Ditto|Roost|p2a: Ditto\n|-heal|p2a: Ditto|100\/100\n|-singleturn|p2a: Ditto|move: Roost\n|move|p1a: Kilowattrel|Air Slash|p2a: Ditto\n|-resisted|p2a: Ditto\n|-damage|p2a: Ditto|84\/100\n|\n|upkeep\n|turn|100\n|\n|t:|1698622931\n|move|p2a: Ditto|Roost|p2a: Ditto\n|-heal|p2a: Ditto|100\/100\n|-singleturn|p2a: Ditto|move: Roost\n|move|p1a: Kilowattrel|Air Slash|p2a: Ditto\n|-resisted|p2a: Ditto\n|-damage|p2a: Ditto|83\/100\n|\n|upkeep\n|turn|101\n|\n|t:|1698622938\n|switch|p2a: Ditto|Ditto|84\/100\n|-transform|p2a: Ditto|p1a: Kilowattrel|[from] ability: Imposter\n|move|p1a: Kilowattrel|Air Slash|p2a: Ditto\n|-resisted|p2a: Ditto\n|-damage|p2a: Ditto|64\/100\n|\n|upkeep\n|turn|102\n|\n|t:|1698622946\n|move|p2a: Ditto|Roost|p2a: Ditto\n|-heal|p2a: Ditto|100\/100\n|-singleturn|p2a: Ditto|move: Roost\n|move|p1a: Kilowattrel|Air Slash|p2a: Ditto\n|-resisted|p2a: Ditto\n|-damage|p2a: Ditto|82\/100\n|\n|upkeep\n|turn|103\n|\n|t:|1698622952\n|move|p2a: Ditto|Roost|p2a: Ditto\n|-heal|p2a: Ditto|100\/100\n|-singleturn|p2a: Ditto|move: Roost\n|move|p1a: Kilowattrel|Air Slash|p2a: Ditto\n|-resisted|p2a: Ditto\n|-damage|p2a: Ditto|83\/100\n|\n|upkeep\n|turn|104\n|\n|t:|1698622959\n|move|p2a: Ditto|Roost|p2a: Ditto\n|-heal|p2a: Ditto|100\/100\n|-singleturn|p2a: Ditto|move: Roost\n|move|p1a: Kilowattrel|Air Slash|p2a: Ditto\n|-resisted|p2a: Ditto\n|-damage|p2a: Ditto|84\/100\n|\n|upkeep\n|turn|105\n|\n|t:|1698622965\n|move|p2a: Ditto|Roost|p2a: Ditto\n|-heal|p2a: Ditto|100\/100\n|-singleturn|p2a: Ditto|move: Roost\n|move|p1a: Kilowattrel|Air Slash|p2a: Ditto\n|-resisted|p2a: Ditto\n|-damage|p2a: Ditto|83\/100\n|\n|upkeep\n|turn|106\n|\n|t:|1698622972\n|move|p2a: Ditto|Roost|p2a: Ditto\n|-heal|p2a: Ditto|100\/100\n|-singleturn|p2a: Ditto|move: Roost\n|move|p1a: Kilowattrel|Air Slash|p2a: Ditto\n|-resisted|p2a: Ditto\n|-damage|p2a: Ditto|82\/100\n|\n|upkeep\n|turn|107\n|\n|t:|1698622979\n|switch|p2a: Ditto|Ditto|83\/100\n|-transform|p2a: Ditto|p1a: Kilowattrel|[from] ability: Imposter\n|move|p1a: Kilowattrel|Air Slash|p2a: Ditto\n|-resisted|p2a: Ditto\n|-damage|p2a: Ditto|65\/100\n|\n|upkeep\n|turn|108\n|\n|t:|1698622990\n|switch|p1a: Gogoat|Gogoat, M, shiny|48\/100\n|move|p2a: Ditto|Roost|p2a: Ditto\n|-heal|p2a: Ditto|100\/100\n|-singleturn|p2a: Ditto|move: Roost\n|\n|-heal|p1a: Gogoat|55\/100|[from] item: Leftovers\n|upkeep\n|turn|109\n|\n|t:|1698622998\n|switch|p2a: Ditto|Ditto|82\/100\n|-transform|p2a: Ditto|p1a: Gogoat|[from] ability: Imposter\n|move|p1a: Gogoat|Milk Drink|p1a: Gogoat\n|-heal|p1a: Gogoat|100\/100\n|\n|upkeep\n|turn|110\n|\n|t:|1698623009\n|move|p2a: Ditto|Rock Slide|p1a: Gogoat\n|-damage|p1a: Gogoat|82\/100\n|move|p1a: Gogoat|Grassy Terrain|p1a: Gogoat\n|-fieldstart|move: Grassy Terrain\n|\n|-heal|p2a: Ditto|88\/100|[from] Grassy Terrain\n|-heal|p1a: Gogoat|89\/100|[from] Grassy Terrain\n|-heal|p1a: Gogoat|95\/100|[from] item: Leftovers\n|upkeep\n|turn|111\n|\n|t:|1698623018\n|move|p2a: Ditto|Rock Slide|p1a: Gogoat|[miss]\n|-miss|p2a: Ditto|p1a: Gogoat\n|move|p1a: Gogoat|Horn Leech|p2a: Ditto\n|-ability|p2a: Ditto|Sap Sipper|boost\n|-boost|p2a: Ditto|atk|1\n|\n|-heal|p2a: Ditto|94\/100|[from] Grassy Terrain\n|-heal|p1a: Gogoat|100\/100|[from] Grassy Terrain\n|upkeep\n|turn|112\n|\n|t:|1698623027\n|move|p2a: Ditto|Rock Slide|p1a: Gogoat\n|-damage|p1a: Gogoat|75\/100\n|move|p1a: Gogoat|Rock Slide|p2a: Ditto\n|-damage|p2a: Ditto|72\/100\n|\n|-heal|p2a: Ditto|78\/100|[from] Grassy Terrain\n|-heal|p1a: Gogoat|82\/100|[from] Grassy Terrain\n|-heal|p1a: Gogoat|88\/100|[from] item: Leftovers\n|upkeep\n|turn|113\n|\n|t:|1698623036\n|move|p2a: Ditto|Rock Slide|p1a: Gogoat\n|-damage|p1a: Gogoat|62\/100\n|move|p1a: Gogoat|Rock Slide|p2a: Ditto\n|-damage|p2a: Ditto|54\/100\n|\n|-heal|p2a: Ditto|60\/100|[from] Grassy Terrain\n|-heal|p1a: Gogoat|69\/100|[from] Grassy Terrain\n|-heal|p1a: Gogoat|75\/100|[from] item: Leftovers\n|upkeep\n|turn|114\n|\n|t:|1698623046\n|move|p2a: Ditto|Rock Slide|p1a: Gogoat\n|-damage|p1a: Gogoat|51\/100\n|cant|p1a: Gogoat|flinch\n|\n|-heal|p2a: Ditto|66\/100|[from] Grassy Terrain\n|-heal|p1a: Gogoat|57\/100|[from] Grassy Terrain\n|-heal|p1a: Gogoat|63\/100|[from] item: Leftovers\n|-fieldend|move: Grassy Terrain\n|upkeep\n|turn|115\n|\n|t:|1698623054\n|switch|p2a: Ditto|Ditto|83\/100 par\n|-transform|p2a: Ditto|p1a: Gogoat|[from] ability: Imposter\n|move|p1a: Gogoat|Milk Drink|p1a: Gogoat\n|-heal|p1a: Gogoat|100\/100\n|\n|upkeep\n|turn|116\n|\n|t:|1698623067\n|move|p1a: Gogoat|Grassy Terrain|p1a: Gogoat\n|-fieldstart|move: Grassy Terrain\n|move|p2a: Ditto|Milk Drink|p2a: Ditto\n|-heal|p2a: Ditto|100\/100 par\n|\n|upkeep\n|turn|117\n|\n|t:|1698623072\n|move|p1a: Gogoat|Rock Slide|p2a: Ditto|[miss]\n|-miss|p1a: Gogoat|p2a: Ditto\n|move|p2a: Ditto|Milk Drink||[still]\n|-fail|p2a: Ditto|heal\n|\n|upkeep\n|turn|118\n|\n|t:|1698623079\n|move|p1a: Gogoat|Rock Slide|p2a: Ditto\n|-damage|p2a: Ditto|78\/100 par\n|cant|p2a: Ditto|flinch\n|\n|-heal|p2a: Ditto|84\/100 par|[from] Grassy Terrain\n|upkeep\n|turn|119\n|\n|t:|1698623085\n|move|p1a: Gogoat|Rock Slide|p2a: Ditto\n|-damage|p2a: Ditto|62\/100 par\n|cant|p2a: Ditto|flinch\n|\n|-heal|p2a: Ditto|68\/100 par|[from] Grassy Terrain\n|upkeep\n|turn|120\n|\n|t:|1698623091\n|move|p1a: Gogoat|Rock Slide|p2a: Ditto\n|-damage|p2a: Ditto|46\/100 par\n|cant|p2a: Ditto|flinch\n|\n|-heal|p2a: Ditto|52\/100 par|[from] Grassy Terrain\n|-fieldend|move: Grassy Terrain\n|upkeep\n|turn|121\n|\n|t:|1698623098\n|move|p1a: Gogoat|Rock Slide|p2a: Ditto\n|-damage|p2a: Ditto|29\/100 par\n|cant|p2a: Ditto|flinch\n|\n|upkeep\n|turn|122\n|\n|t:|1698623107\n|move|p1a: Gogoat|Rock Slide|p2a: Ditto\n|-damage|p2a: Ditto|8\/100 par\n|cant|p2a: Ditto|flinch\n|\n|upkeep\n|turn|123\n|\n|t:|1698623118\n|switch|p2a: Ditto|Ditto|100\/100\n|-transform|p2a: Ditto|p1a: Gogoat|[from] ability: Imposter\n|move|p1a: Gogoat|Rock Slide|p2a: Ditto\n|-damage|p2a: Ditto|78\/100\n|\n|upkeep\n|turn|124\n|\n|t:|1698623131\n|move|p2a: Ditto|Rock Slide|p1a: Gogoat\n|-damage|p1a: Gogoat|84\/100\n|cant|p1a: Gogoat|flinch\n|\n|-heal|p1a: Gogoat|90\/100|[from] item: Leftovers\n|upkeep\n|turn|125\n|\n|t:|1698623137\n|move|p2a: Ditto|Rock Slide|p1a: Gogoat\n|-damage|p1a: Gogoat|73\/100\n|move|p1a: Gogoat|Grassy Terrain|p1a: Gogoat\n|-fieldstart|move: Grassy Terrain\n|\n|-heal|p2a: Ditto|84\/100|[from] Grassy Terrain\n|-heal|p1a: Gogoat|80\/100|[from] Grassy Terrain\n|-heal|p1a: Gogoat|86\/100|[from] item: Leftovers\n|upkeep\n|turn|126\n|\n|t:|1698623145\n|move|p2a: Ditto|Rock Slide|p1a: Gogoat\n|-damage|p1a: Gogoat|70\/100\n|move|p1a: Gogoat|Rock Slide|p2a: Ditto\n|-damage|p2a: Ditto|60\/100\n|\n|-heal|p2a: Ditto|66\/100|[from] Grassy Terrain\n|-heal|p1a: Gogoat|76\/100|[from] Grassy Terrain\n|-heal|p1a: Gogoat|82\/100|[from] item: Leftovers\n|upkeep\n|turn|127\n|\n|t:|1698623155\n|move|p2a: Ditto|Rock Slide|p1a: Gogoat\n|-damage|p1a: Gogoat|66\/100\n|move|p1a: Gogoat|Rock Slide|p2a: Ditto\n|-damage|p2a: Ditto|46\/100\n|\n|-heal|p2a: Ditto|52\/100|[from] Grassy Terrain\n|-heal|p1a: Gogoat|72\/100|[from] Grassy Terrain\n|-heal|p1a: Gogoat|78\/100|[from] item: Leftovers\n|upkeep\n|turn|128\n|\n|t:|1698623165\n|move|p2a: Ditto|Rock Slide|p1a: Gogoat\n|-damage|p1a: Gogoat|63\/100\n|move|p1a: Gogoat|Rock Slide|p2a: Ditto\n|-damage|p2a: Ditto|31\/100\n|\n|-heal|p2a: Ditto|37\/100|[from] Grassy Terrain\n|-heal|p1a: Gogoat|69\/100|[from] Grassy Terrain\n|-heal|p1a: Gogoat|75\/100|[from] item: Leftovers\n|upkeep\n|turn|129\n|\n|t:|1698623174\n|switch|p2a: Ditto|Ditto|66\/100\n|-transform|p2a: Ditto|p1a: Gogoat|[from] ability: Imposter\n|move|p1a: Gogoat|Rock Slide|p2a: Ditto|[miss]\n|-miss|p1a: Gogoat|p2a: Ditto\n|\n|-heal|p2a: Ditto|72\/100|[from] Grassy Terrain\n|-heal|p1a: Gogoat|82\/100|[from] Grassy Terrain\n|-heal|p1a: Gogoat|88\/100|[from] item: Leftovers\n|-fieldend|move: Grassy Terrain\n|upkeep\n|turn|130\n|\n|t:|1698623187\n|move|p2a: Ditto|Milk Drink|p2a: Ditto\n|-heal|p2a: Ditto|100\/100\n|move|p1a: Gogoat|Rock Slide|p2a: Ditto\n|-damage|p2a: Ditto|80\/100\n|\n|-heal|p1a: Gogoat|94\/100|[from] item: Leftovers\n|upkeep\n|turn|131\n|inactive|smith1234 has 120 seconds left.\n|\n|t:|1698623200\n|move|p2a: Ditto|Milk Drink|p2a: Ditto\n|-heal|p2a: Ditto|100\/100\n|move|p1a: Gogoat|Rock Slide|p2a: Ditto\n|-damage|p2a: Ditto|77\/100\n|\n|-heal|p1a: Gogoat|100\/100|[from] item: Leftovers\n|upkeep\n|turn|132\n|inactive|smith1234 has 120 seconds left.\n|\n|t:|1698623214\n|switch|p2a: Ditto|Ditto|8\/100 par\n|-transform|p2a: Ditto|p1a: Gogoat|[from] ability: Imposter\n|switch|p1a: Arcanine|Arcanine, M, shiny, tera:Ground|75\/100\n|\n|upkeep\n|turn|133\n|\n|t:|1698623226\n|switch|p2a: Ditto|Ditto|37\/100\n|-transform|p2a: Ditto|p1a: Arcanine|[from] ability: Imposter\n|move|p1a: Arcanine|Wild Charge|p2a: Ditto\n|-damage|p2a: Ditto|10\/100\n|-damage|p1a: Arcanine|69\/100|[from] Recoil\n|\n|upkeep\n|turn|134\n|\n|t:|1698623235\n|move|p2a: Ditto|Morning Sun|p2a: Ditto\n|-heal|p2a: Ditto|60\/100\n|move|p1a: Arcanine|Wild Charge|p2a: Ditto\n|-damage|p2a: Ditto|33\/100\n|-damage|p1a: Arcanine|63\/100|[from] Recoil\n|\n|upkeep\n|turn|135\n|\n|t:|1698623242\n|move|p2a: Ditto|Morning Sun|p2a: Ditto\n|-heal|p2a: Ditto|83\/100\n|move|p1a: Arcanine|Wild Charge|p2a: Ditto\n|-damage|p2a: Ditto|57\/100\n|-damage|p1a: Arcanine|57\/100|[from] Recoil\n|\n|upkeep\n|turn|136\n|\n|t:|1698623249\n|move|p2a: Ditto|Morning Sun|p2a: Ditto\n|-heal|p2a: Ditto|100\/100\n|move|p1a: Arcanine|Wild Charge|p2a: Ditto\n|-damage|p2a: Ditto|74\/100\n|-damage|p1a: Arcanine|51\/100|[from] Recoil\n|\n|upkeep\n|turn|137\n|\n|t:|1698623257\n|move|p2a: Ditto|Morning Sun|p2a: Ditto\n|-heal|p2a: Ditto|100\/100\n|move|p1a: Arcanine|Morning Sun|p1a: Arcanine\n|-heal|p1a: Arcanine|100\/100\n|\n|upkeep\n|turn|138\n|\n|t:|1698623264\n|move|p2a: Ditto|Morning Sun|p2a: Ditto\n|-fail|p2a: Ditto|heal\n|move|p1a: Arcanine|Wild Charge|p2a: Ditto\n|-damage|p2a: Ditto|74\/100\n|-damage|p1a: Arcanine|94\/100|[from] Recoil\n|\n|upkeep\n|turn|139\n|\n|t:|1698623274\n|switch|p2a: Ditto|Ditto|77\/100\n|-transform|p2a: Ditto|p1a: Arcanine|[from] ability: Imposter\n|move|p1a: Arcanine|Wild Charge|p2a: Ditto\n|-damage|p2a: Ditto|48\/100\n|-damage|p1a: Arcanine|88\/100|[from] Recoil\n|\n|upkeep\n|turn|140\n|\n|t:|1698623283\n|move|p2a: Ditto|Morning Sun|p2a: Ditto\n|-heal|p2a: Ditto|98\/100\n|move|p1a: Arcanine|Wild Charge|p2a: Ditto\n|-damage|p2a: Ditto|72\/100\n|-damage|p1a: Arcanine|82\/100|[from] Recoil\n|\n|upkeep\n|turn|141\n|\n|t:|1698623290\n|move|p2a: Ditto|Morning Sun|p2a: Ditto\n|-heal|p2a: Ditto|100\/100\n|move|p1a: Arcanine|Wild Charge|p2a: Ditto\n|-damage|p2a: Ditto|74\/100\n|-damage|p1a: Arcanine|76\/100|[from] Recoil\n|\n|upkeep\n|turn|142\n|\n|t:|1698623298\n|move|p2a: Ditto|Morning Sun|p2a: Ditto\n|-heal|p2a: Ditto|100\/100\n|move|p1a: Arcanine|Wild Charge|p2a: Ditto\n|-damage|p2a: Ditto|76\/100\n|-damage|p1a: Arcanine|70\/100|[from] Recoil\n|\n|upkeep\n|turn|143\n|\n|t:|1698623316\n|switch|p1a: Gogoat|Gogoat, M, shiny|100\/100\n|move|p2a: Ditto|Morning Sun|p2a: Ditto\n|-heal|p2a: Ditto|100\/100\n|\n|upkeep\n|turn|144\n|\n|t:|1698623324\n|switch|p2a: Ditto|Ditto|8\/100 par\n|-transform|p2a: Ditto|p1a: Gogoat|[from] ability: Imposter\n|move|p1a: Gogoat|Grassy Terrain|p1a: Gogoat\n|-fieldstart|move: Grassy Terrain\n|\n|-heal|p2a: Ditto|15\/100 par|[from] Grassy Terrain\n|upkeep\n|turn|145\n|\n|t:|1698623334\n|move|p1a: Gogoat|Horn Leech|p2a: Ditto\n|-ability|p2a: Ditto|Sap Sipper|boost\n|-boost|p2a: Ditto|atk|1\n|move|p2a: Ditto|Milk Drink|p2a: Ditto\n|-heal|p2a: Ditto|64\/100 par\n|\n|-heal|p2a: Ditto|70\/100 par|[from] Grassy Terrain\n|upkeep\n|turn|146\n|inactive|smith1234 has 90 seconds left.\n|\n|t:|1698623344\n|switch|p1a: Kilowattrel|Kilowattrel, M|79\/100\n|cant|p2a: Ditto|par\n|\n|-heal|p2a: Ditto|76\/100 par|[from] Grassy Terrain\n|upkeep\n|turn|147\n|inactive|smith1234 has 90 seconds left.\n|\n|t:|1698623353\n|switch|p2a: Ditto|Ditto|74\/100\n|-transform|p2a: Ditto|p1a: Kilowattrel|[from] ability: Imposter\n|move|p1a: Kilowattrel|Thunderbolt|p2a: Ditto\n|-heal|p2a: Ditto|99\/100|[from] ability: Volt Absorb|[of] p1a: Kilowattrel\n|\n|upkeep\n|turn|148\n|inactive|smith1234 has 90 seconds left.\n|\n|t:|1698623363\n|switch|p1a: Gogoat|Gogoat, M, shiny|100\/100\n|move|p2a: Ditto|Air Slash|p1a: Gogoat\n|-supereffective|p1a: Gogoat\n|-damage|p1a: Gogoat|57\/100\n|\n|-heal|p1a: Gogoat|63\/100|[from] Grassy Terrain\n|-heal|p1a: Gogoat|69\/100|[from] item: Leftovers\n|-fieldend|move: Grassy Terrain\n|upkeep\n|turn|149\n|inactive|smith1234 has 90 seconds left.\n|\n|t:|1698623374\n|switch|p1a: Arcanine|Arcanine, M, shiny, tera:Ground|70\/100\n|move|p2a: Ditto|Air Slash|p1a: Arcanine\n|-damage|p1a: Arcanine|42\/100\n|\n|upkeep\n|turn|150\n|\n|t:|1698623382\n|move|p2a: Ditto|Air Slash|p1a: Arcanine\n|-damage|p1a: Arcanine|15\/100\n|move|p1a: Arcanine|Morning Sun|p1a: Arcanine\n|-heal|p1a: Arcanine|65\/100\n|\n|upkeep\n|turn|151\n|\n|t:|1698623387\n|move|p2a: Ditto|Air Slash|p1a: Arcanine\n|-damage|p1a: Arcanine|36\/100\n|move|p1a: Arcanine|Flare Blitz|p2a: Ditto\n|-damage|p2a: Ditto|33\/100\n|-damage|p1a: Arcanine|16\/100|[from] Recoil\n|\n|upkeep\n|turn|152\n|\n|t:|1698623394\n|move|p2a: Ditto|Air Slash|p1a: Arcanine\n|-damage|p1a: Arcanine|0 fnt\n|faint|p1a: Arcanine\n|\n|upkeep\n|\n|t:|1698623401\n|switch|p1a: Kilowattrel|Kilowattrel, M|79\/100\n|turn|153\n|\n|t:|1698623411\n|-activate|p2a: Ditto|move: Struggle\n|move|p2a: Ditto|Struggle|p1a: Kilowattrel\n|-damage|p1a: Kilowattrel|66\/100\n|-damage|p2a: Ditto|8\/100|[from] recoil\n|move|p1a: Kilowattrel|Roost|p1a: Kilowattrel\n|-heal|p1a: Kilowattrel|100\/100\n|-singleturn|p1a: Kilowattrel|move: Roost\n|\n|upkeep\n|turn|154\n|\n|t:|1698623420\n|switch|p2a: Ditto|Ditto|76\/100 par\n|-transform|p2a: Ditto|p1a: Kilowattrel|[from] ability: Imposter\n|move|p1a: Kilowattrel|Roost||[still]\n|-fail|p1a: Kilowattrel|heal\n|\n|upkeep\n|turn|155\n|\n|t:|1698623434\n|switch|p1a: Gogoat|Gogoat, M, shiny|69\/100\n|move|p2a: Ditto|Air Slash|p1a: Gogoat\n|-supereffective|p1a: Gogoat\n|-damage|p1a: Gogoat|20\/100\n|\n|-heal|p1a: Gogoat|27\/100|[from] item: Leftovers\n|upkeep\n|turn|156\n|\n|t:|1698623441\n|cant|p2a: Ditto|par\n|move|p1a: Gogoat|Milk Drink|p1a: Gogoat\n|-heal|p1a: Gogoat|77\/100\n|\n|-heal|p1a: Gogoat|83\/100|[from] item: Leftovers\n|upkeep\n|turn|157\n|\n|t:|1698623447\n|cant|p2a: Ditto|par\n|move|p1a: Gogoat|Grassy Terrain|p1a: Gogoat\n|-fieldstart|move: Grassy Terrain\n|\n|-heal|p1a: Gogoat|89\/100|[from] Grassy Terrain\n|-heal|p1a: Gogoat|95\/100|[from] item: Leftovers\n|upkeep\n|turn|158\n|\n|t:|1698623456\n|cant|p2a: Ditto|par\n|move|p1a: Gogoat|Horn Leech|p2a: Ditto\n|-resisted|p2a: Ditto\n|-damage|p2a: Ditto|54\/100 par\n|-heal|p1a: Gogoat|100\/100|[from] drain|[of] p2a: Ditto\n|\n|upkeep\n|turn|159\n|\n|t:|1698623463\n|switch|p2a: Ditto|Ditto|8\/100\n|-transform|p2a: Ditto|p1a: Gogoat|[from] ability: Imposter\n|move|p1a: Gogoat|Horn Leech|p2a: Ditto\n|-ability|p2a: Ditto|Sap Sipper|boost\n|-boost|p2a: Ditto|atk|1\n|\n|-heal|p2a: Ditto|14\/100|[from] Grassy Terrain\n|upkeep\n|turn|160\n|\n|t:|1698623473\n|move|p2a: Ditto|Rock Slide|p1a: Gogoat\n|-damage|p1a: Gogoat|75\/100\n|move|p1a: Gogoat|Milk Drink|p1a: Gogoat\n|-heal|p1a: Gogoat|100\/100\n|\n|-heal|p2a: Ditto|20\/100|[from] Grassy Terrain\n|upkeep\n|turn|161\n|\n|t:|1698623483\n|move|p2a: Ditto|Rock Slide|p1a: Gogoat\n|-damage|p1a: Gogoat|78\/100\n|cant|p1a: Gogoat|flinch\n|\n|-heal|p2a: Ditto|26\/100|[from] Grassy Terrain\n|-heal|p1a: Gogoat|84\/100|[from] Grassy Terrain\n|-heal|p1a: Gogoat|90\/100|[from] item: Leftovers\n|-fieldend|move: Grassy Terrain\n|upkeep\n|turn|162\n|\n|t:|1698623492\n|move|p2a: Ditto|Rock Slide|p1a: Gogoat\n|-damage|p1a: Gogoat|67\/100\n|move|p1a: Gogoat|Milk Drink|p1a: Gogoat\n|-heal|p1a: Gogoat|100\/100\n|\n|upkeep\n|turn|163\n|\n|t:|1698623498\n|move|p2a: Ditto|Rock Slide|p1a: Gogoat\n|-damage|p1a: Gogoat|77\/100\n|cant|p1a: Gogoat|flinch\n|\n|-heal|p1a: Gogoat|83\/100|[from] item: Leftovers\n|upkeep\n|turn|164\n|\n|t:|1698623504\n|move|p2a: Ditto|Rock Slide|p1a: Gogoat\n|-damage|p1a: Gogoat|59\/100\n|move|p1a: Gogoat|Grassy Terrain|p1a: Gogoat\n|-fieldstart|move: Grassy Terrain\n|\n|-heal|p2a: Ditto|32\/100|[from] Grassy Terrain\n|-heal|p1a: Gogoat|65\/100|[from] Grassy Terrain\n|-heal|p1a: Gogoat|72\/100|[from] item: Leftovers\n|upkeep\n|turn|165\n|inactive|smith1234 has 60 seconds left.\n|\n|t:|1698623519\n|switch|p2a: Ditto|Ditto|54\/100 par\n|-transform|p2a: Ditto|p1a: Gogoat|[from] ability: Imposter\n|move|p1a: Gogoat|Horn Leech|p2a: Ditto\n|-ability|p2a: Ditto|Sap Sipper|boost\n|-boost|p2a: Ditto|atk|1\n|\n|-heal|p1a: Gogoat|78\/100|[from] Grassy Terrain\n|-heal|p1a: Gogoat|84\/100|[from] item: Leftovers\n|-heal|p2a: Ditto|60\/100 par|[from] Grassy Terrain\n|upkeep\n|turn|166\n|inactive|smith1234 has 60 seconds left.\n|\n|t:|1698623536\n|switch|p1a: Kilowattrel|Kilowattrel, M|100\/100\n|move|p2a: Ditto|Rock Slide|p1a: Kilowattrel\n|-supereffective|p1a: Kilowattrel\n|-enditem|p1a: Kilowattrel|Charti Berry|[eat]\n|-enditem|p1a: Kilowattrel|Charti Berry|[weaken]\n|-damage|p1a: Kilowattrel|62\/100\n|\n|-heal|p2a: Ditto|66\/100 par|[from] Grassy Terrain\n|upkeep\n|turn|167\n|\n|t:|1698623546\n|move|p1a: Kilowattrel|Thunderbolt|p2a: Ditto\n|-resisted|p2a: Ditto\n|-damage|p2a: Ditto|48\/100 par\n|cant|p2a: Ditto|par\n|\n|-heal|p2a: Ditto|54\/100 par|[from] Grassy Terrain\n|upkeep\n|turn|168\n|\n|t:|1698623554\n|move|p1a: Kilowattrel|Thunderbolt|p2a: Ditto\n|-resisted|p2a: Ditto\n|-damage|p2a: Ditto|35\/100 par\n|cant|p2a: Ditto|par\n|\n|-heal|p2a: Ditto|41\/100 par|[from] Grassy Terrain\n|-fieldend|move: Grassy Terrain\n|upkeep\n|turn|169\n|\n|t:|1698623561\n|move|p1a: Kilowattrel|Thunderbolt|p2a: Ditto\n|-resisted|p2a: Ditto\n|-damage|p2a: Ditto|23\/100 par\n|move|p2a: Ditto|Rock Slide|p1a: Kilowattrel\n|-supereffective|p1a: Kilowattrel\n|-crit|p1a: Kilowattrel\n|-damage|p1a: Kilowattrel|0 fnt\n|faint|p1a: Kilowattrel\n|\n|upkeep\n|\n|t:|1698623569\n|switch|p1a: Gogoat|Gogoat, M, shiny|84\/100\n|turn|170\n|\n|t:|1698623576\n|move|p1a: Gogoat|Grassy Terrain|p1a: Gogoat\n|-fieldstart|move: Grassy Terrain\n|cant|p2a: Ditto|par\n|\n|-heal|p1a: Gogoat|90\/100|[from] Grassy Terrain\n|-heal|p1a: Gogoat|97\/100|[from] item: Leftovers\n|-heal|p2a: Ditto|29\/100 par|[from] Grassy Terrain\n|upkeep\n|turn|171\n|\n|t:|1698623583\n|move|p1a: Gogoat|Horn Leech|p2a: Ditto\n|-ability|p2a: Ditto|Sap Sipper|boost\n|-boost|p2a: Ditto|atk|1\n|cant|p2a: Ditto|par\n|\n|-heal|p1a: Gogoat|100\/100|[from] Grassy Terrain\n|-heal|p2a: Ditto|35\/100 par|[from] Grassy Terrain\n|upkeep\n|turn|172\n|\n|t:|1698623594\n|move|p1a: Gogoat|Horn Leech|p2a: Ditto\n|-ability|p2a: Ditto|Sap Sipper|boost\n|-boost|p2a: Ditto|atk|1\n|move|p2a: Ditto|Rock Slide|p1a: Gogoat\n|-damage|p1a: Gogoat|60\/100\n|\n|-heal|p1a: Gogoat|66\/100|[from] Grassy Terrain\n|-heal|p1a: Gogoat|72\/100|[from] item: Leftovers\n|-heal|p2a: Ditto|41\/100 par|[from] Grassy Terrain\n|upkeep\n|turn|173\n|\n|t:|1698623604\n|move|p1a: Gogoat|Horn Leech|p2a: Ditto\n|-ability|p2a: Ditto|Sap Sipper|boost\n|-boost|p2a: Ditto|atk|1\n|move|p2a: Ditto|Rock Slide|p1a: Gogoat\n|-damage|p1a: Gogoat|21\/100\n|\n|-heal|p1a: Gogoat|27\/100|[from] Grassy Terrain\n|-heal|p1a: Gogoat|34\/100|[from] item: Leftovers\n|-heal|p2a: Ditto|47\/100 par|[from] Grassy Terrain\n|upkeep\n|turn|174\n|\n|t:|1698623614\n|move|p1a: Gogoat|Horn Leech|p2a: Ditto\n|-ability|p2a: Ditto|Sap Sipper|boost\n|-boost|p2a: Ditto|atk|1\n|move|p2a: Ditto|Rock Slide|p1a: Gogoat\n|-damage|p1a: Gogoat|0 fnt\n|faint|p1a: Gogoat\n|\n|win|nanachiru\n|raw|smith1234's rating: 1036 &rarr; <strong>1021<\/strong><br \/>(-15 for losing)\n|raw|nanachiru's rating: 1046 &rarr; <strong>1078<\/strong><br \/>(+32 for winning)\n|l|\u2606smith1234\n","uploadtime":1698623632,"views":10,"p1id":"smith1234","p2id":"nanachiru","formatid":"gen9anythinggoes","rating":1021,"private":0,"password":""}