{"id":"gen9anythinggoes-1980309723","p1":"Mrfishfingers","p2":"TrainerDemon24","format":"[Gen 9] Anything Goes","log":"|j|\u2606Mrfishfingers\n|j|\u2606TrainerDemon24\n|t:|1698774247\n|gametype|singles\n|player|p1|Mrfishfingers|beauty-gen4dp|1098\n|player|p2|TrainerDemon24|gambler|1000\n|teamsize|p1|6\n|teamsize|p2|6\n|gen|9\n|tier|[Gen 9] Anything Goes\n|rated|\n|rule|HP Percentage Mod: HP is shown in percentages\n|rule|Endless Battle Clause: Forcing endless battles is banned\n|clearpoke\n|poke|p1|Vivillon-Monsoon, M|\n|poke|p1|Dipplin, M|\n|poke|p1|Typhlosion, M|\n|poke|p1|Torkoal, M|\n|poke|p1|Flapple, M|\n|poke|p1|Ogerpon-Wellspring, F|\n|poke|p2|Darkrai|\n|poke|p2|Torterra, M|\n|poke|p2|Greninja-*, F|\n|poke|p2|Arceus-Fire|\n|poke|p2|Calyrex-Shadow|\n|poke|p2|Munkidori, M|\n|teampreview\n|\n|t:|1698774254\n|start\n|switch|p1a: Ogerpon|Ogerpon-Wellspring, F|100\/100\n|switch|p2a: Munkidori|Munkidori, M|100\/100\n|turn|1\n|c|\u2606Mrfishfingers|Oger time\n|\n|t:|1698774272\n|-terastallize|p2a: Munkidori|Poison\n|move|p1a: Ogerpon|Swords Dance|p1a: Ogerpon\n|-boost|p1a: Ogerpon|atk|2\n|move|p2a: Munkidori|Sludge Wave|p1a: Ogerpon\n|-supereffective|p1a: Ogerpon\n|-damage|p1a: Ogerpon|0 fnt\n|faint|p1a: Ogerpon\n|\n|upkeep\n|c|\u2606TrainerDemon24|gg\n|\n|t:|1698774281\n|switch|p1a: Leviathan eater|Vivillon-Monsoon, M, shiny|100\/100\n|turn|2\n|\n|t:|1698774284\n|move|p2a: Munkidori|Sludge Wave|p1a: Leviathan eater\n|-damage|p1a: Leviathan eater|0 fnt\n|faint|p1a: Leviathan eater\n|\n|upkeep\n|\n|t:|1698774289\n|switch|p1a: Flapple|Flapple, M|100\/100\n|turn|3\n|\n|t:|1698774291\n|move|p2a: Munkidori|Sludge Wave|p1a: Flapple\n|-supereffective|p1a: Flapple\n|-damage|p1a: Flapple|0 fnt\n|faint|p1a: Flapple\n|\n|upkeep\n|\n|t:|1698774295\n|switch|p1a: Dipplin|Dipplin, M|100\/100\n|-ability|p1a: Dipplin|Supersweet Syrup\n|-ability|p1a: Dipplin|Supersweet Syrup|boost\n|-unboost|p2a: Munkidori|evasion|1\n|turn|4\n|c|\u2606TrainerDemon24|gg\n|\n|t:|1698774300\n|move|p2a: Munkidori|Sludge Wave|p1a: Dipplin\n|-supereffective|p1a: Dipplin\n|-damage|p1a: Dipplin|0 fnt\n|faint|p1a: Dipplin\n|\n|upkeep\n|\n|t:|1698774303\n|switch|p1a: Typhlosion|Typhlosion, M|100\/100\n|turn|5\n|\n|t:|1698774308\n|-terastallize|p1a: Typhlosion|Fire\n|move|p2a: Munkidori|Sludge Wave|p1a: Typhlosion\n|-damage|p1a: Typhlosion|0 fnt\n|faint|p1a: Typhlosion\n|\n|upkeep\n|\n|t:|1698774315\n|switch|p1a: Torkoal|Torkoal, M|100\/100\n|-weather|SunnyDay|[from] ability: Drought|[of] p1a: Torkoal\n|turn|6\n|c|\u2606TrainerDemon24|look what turn i said gg\n|\n|t:|1698774325\n|move|p2a: Munkidori|Sludge Wave|p1a: Torkoal\n|-enditem|p1a: Torkoal|Focus Sash\n|-damage|p1a: Torkoal|1\/100\n|-status|p1a: Torkoal|psn\n|move|p1a: Torkoal|Fissure|p2a: Munkidori|[miss]\n|-miss|p1a: Torkoal|p2a: Munkidori\n|\n|-weather|SunnyDay|[upkeep]\n|-damage|p1a: Torkoal|0 fnt|[from] psn\n|faint|p1a: Torkoal\n|\n|win|TrainerDemon24\n|upkeep\n|raw|Mrfishfingers's rating: 1098 &rarr; <strong>1067<\/strong><br \/>(-31 for losing)\n|raw|TrainerDemon24's rating: 1000 &rarr; <strong>1051<\/strong><br \/>(+51 for winning)\n|l|\u2606Mrfishfingers\n|l|\u2606TrainerDemon24\n","uploadtime":1698774397,"views":5,"p1id":"mrfishfingers","p2id":"trainerdemon24","formatid":"gen9anythinggoes","rating":1051,"private":0,"password":""}