{"id":"gen9anythinggoes-1991867997","p1":"MrMasked Mayhem","p2":"CaliMeWhatEver","format":"[Gen 9] Anything Goes","log":"|j|\u2606MrMasked Mayhem\n|j|\u2606CaliMeWhatEver\n|t:|1700131000\n|gametype|singles\n|player|p1|MrMasked Mayhem|102|1149\n|player|p2|CaliMeWhatEver|rosa|1298\n|teamsize|p1|6\n|teamsize|p2|6\n|gen|9\n|tier|[Gen 9] Anything Goes\n|rated|\n|rule|HP Percentage Mod: HP is shown in percentages\n|rule|Endless Battle Clause: Forcing endless battles is banned\n|clearpoke\n|poke|p1|Garganacl, M|\n|poke|p1|Greninja-*, M|\n|poke|p1|Dragalge, M|\n|poke|p1|Flutter Mane|\n|poke|p1|Chesnaught, F|\n|poke|p1|Magcargo, F|\n|poke|p2|Tropius, M|\n|poke|p2|Shaymin-Sky|\n|poke|p2|Hawlucha, M|\n|poke|p2|Landorus-Therian, M|\n|poke|p2|Gliscor, F|\n|poke|p2|Pyroar, M|\n|teampreview\n|l|\u2606MrMasked Mayhem\n|player|p1|\n|j| butcherbullet\n|j|\u2606MrMasked Mayhem\n|player|p1|MrMasked Mayhem|102\n|\n|t:|1700131037\n|start\n|switch|p1a: Magcargo|Magcargo, F|100\/100\n|switch|p2a: Landorus|Landorus-Therian, M|100\/100\n|-ability|p2a: Landorus|Intimidate|boost\n|-unboost|p1a: Magcargo|atk|1\n|turn|1\n|\n|t:|1700131048\n|move|p2a: Landorus|Earthquake|p1a: Magcargo\n|-supereffective|p1a: Magcargo\n|-damage|p1a: Magcargo|0 fnt\n|faint|p1a: Magcargo\n|\n|upkeep\n|\n|t:|1700131054\n|switch|p1a: Chesnaught|Chesnaught, F, shiny|100\/100\n|turn|2\n|\n|t:|1700131061\n|switch|p2a: Shaymin|Shaymin-Sky|100\/100\n|move|p1a: Chesnaught|Wood Hammer|p2a: Shaymin\n|-resisted|p2a: Shaymin\n|-crit|p2a: Shaymin\n|-damage|p2a: Shaymin|78\/100\n|-damage|p1a: Chesnaught|93\/100|[from] Recoil\n|\n|-heal|p1a: Chesnaught|99\/100|[from] item: Leftovers\n|upkeep\n|turn|3\n|\n|t:|1700131072\n|move|p2a: Shaymin|Seed Flare|p1a: Chesnaught\n|-resisted|p1a: Chesnaught\n|-damage|p1a: Chesnaught|66\/100\n|move|p1a: Chesnaught|Dragon Claw|p2a: Shaymin\n|-damage|p2a: Shaymin|51\/100\n|\n|-heal|p1a: Chesnaught|72\/100|[from] item: Leftovers\n|upkeep\n|turn|4\n|\n|t:|1700131082\n|move|p2a: Shaymin|Air Slash|p1a: Chesnaught\n|-supereffective|p1a: Chesnaught\n|-damage|p1a: Chesnaught|0 fnt\n|faint|p1a: Chesnaught\n|\n|upkeep\n|\n|t:|1700131089\n|switch|p1a: Dragalge|Dragalge, M, shiny|100\/100\n|turn|5\n|\n|t:|1700131097\n|move|p2a: Shaymin|Air Slash|p1a: Dragalge\n|-damage|p1a: Dragalge|65\/100\n|move|p1a: Dragalge|Sludge Bomb|p2a: Shaymin\n|-supereffective|p2a: Shaymin\n|-damage|p2a: Shaymin|0 fnt\n|faint|p2a: Shaymin\n|\n|-heal|p1a: Dragalge|71\/100|[from] item: Black Sludge\n|upkeep\n|\n|t:|1700131109\n|switch|p2a: Pyroar|Pyroar, M|100\/100\n|-item|p2a: Pyroar|Air Balloon\n|turn|6\n|\n|t:|1700131114\n|move|p2a: Pyroar|Flame Charge|p1a: Dragalge\n|-resisted|p1a: Dragalge\n|-damage|p1a: Dragalge|62\/100\n|-boost|p2a: Pyroar|spe|1\n|move|p1a: Dragalge|Scald|p2a: Pyroar\n|-supereffective|p2a: Pyroar\n|-damage|p2a: Pyroar|46\/100\n|-enditem|p2a: Pyroar|Air Balloon\n|\n|-heal|p1a: Dragalge|68\/100|[from] item: Black Sludge\n|upkeep\n|turn|7\n|\n|t:|1700131127\n|move|p2a: Pyroar|Acrobatics|p1a: Dragalge\n|-damage|p1a: Dragalge|37\/100\n|move|p1a: Dragalge|Scald|p2a: Pyroar\n|-supereffective|p2a: Pyroar\n|-damage|p2a: Pyroar|0 fnt\n|faint|p2a: Pyroar\n|\n|-heal|p1a: Dragalge|43\/100|[from] item: Black Sludge\n|upkeep\n|\n|t:|1700131136\n|switch|p2a: Landorus|Landorus-Therian, M|100\/100\n|-ability|p2a: Landorus|Intimidate|boost\n|-unboost|p1a: Dragalge|atk|1\n|turn|8\n|\n|t:|1700131143\n|move|p2a: Landorus|Earthquake|p1a: Dragalge\n|-supereffective|p1a: Dragalge\n|-damage|p1a: Dragalge|0 fnt\n|faint|p1a: Dragalge\n|\n|upkeep\n|\n|t:|1700131149\n|switch|p1a: Ninjo|Greninja, M|100\/100\n|turn|9\n|\n|t:|1700131161\n|move|p2a: Landorus|Earthquake|p1a: Ninjo\n|-damage|p1a: Ninjo|0 fnt\n|faint|p1a: Ninjo\n|\n|upkeep\n|\n|t:|1700131167\n|switch|p1a: Flutter Mane|Flutter Mane|100\/100\n|turn|10\n|\n|t:|1700131172\n|move|p1a: Flutter Mane|Moonblast|p2a: Landorus\n|-damage|p2a: Landorus|37\/100\n|move|p2a: Landorus|Earthquake|p1a: Flutter Mane\n|-damage|p1a: Flutter Mane|0 fnt\n|faint|p1a: Flutter Mane\n|-end|p1a: Flutter Mane|Protosynthesis|[silent]\n|\n|upkeep\n|\n|t:|1700131180\n|switch|p1a: Stalag|Garganacl, M, shiny|100\/100\n|turn|11\n|\n|t:|1700131185\n|-terastallize|p1a: Stalag|Fighting\n|move|p2a: Landorus|Earthquake|p1a: Stalag\n|-damage|p1a: Stalag|35\/100\n|move|p1a: Stalag|Body Press|p2a: Landorus\n|-resisted|p2a: Landorus\n|-crit|p2a: Landorus\n|-damage|p2a: Landorus|6\/100\n|\n|-heal|p1a: Stalag|41\/100|[from] item: Leftovers\n|upkeep\n|turn|12\n|\n|t:|1700131196\n|move|p2a: Landorus|Earthquake|p1a: Stalag\n|-damage|p1a: Stalag|0 fnt\n|faint|p1a: Stalag\n|\n|win|CaliMeWhatEver\n|raw|MrMasked Mayhem's rating: 1125 &rarr; <strong>1112<\/strong><br \/>(-13 for losing)\n|raw|CaliMeWhatEver's rating: 1298 &rarr; <strong>1311<\/strong><br \/>(+13 for winning)\n","uploadtime":1700131203,"views":4,"p1id":"mrmaskedmayhem","p2id":"calimewhatever","formatid":"gen9anythinggoes","rating":1112,"private":0,"password":""}