{"id":"gen9anythinggoes-1979816437","p1":"Voila Ouija","p2":"Terra_Spectrum8293","format":"[Gen 9] Anything Goes","log":"|j|\u2606Voila Ouija\n|j|\u2606Terra_Spectrum8293\n|t:|1698716230\n|gametype|singles\n|player|p1|Voila Ouija|102|1270\n|player|p2|Terra_Spectrum8293|nessa|1179\n|teamsize|p1|6\n|teamsize|p2|6\n|gen|9\n|tier|[Gen 9] Anything Goes\n|rated|\n|rule|HP Percentage Mod: HP is shown in percentages\n|rule|Endless Battle Clause: Forcing endless battles is banned\n|clearpoke\n|poke|p1|Koraidon|\n|poke|p1|Kyogre|\n|poke|p1|Arcanine-Hisui, M|\n|poke|p1|Toxapex, F|\n|poke|p1|Cresselia, F|\n|poke|p1|Zamazenta-*|\n|poke|p2|Grimmsnarl, M|\n|poke|p2|Haxorus, M|\n|poke|p2|Polteageist|\n|poke|p2|Flapple, M|\n|poke|p2|Scream Tail|\n|poke|p2|Zacian-*|\n|teampreview\n|inactive|Battle timer is ON: inactive players will automatically lose when time's up. (requested by Terra_Spectrum8293)\n|\n|t:|1698716238\n|start\n|switch|p1a: Arcanine|Arcanine-Hisui, M|100\/100\n|switch|p2a: Abominable Orc|Grimmsnarl, M, shiny|100\/100\n|turn|1\n|\n|t:|1698716246\n|move|p2a: Abominable Orc|Taunt|p1a: Arcanine\n|-start|p1a: Arcanine|move: Taunt\n|move|p1a: Arcanine|Head Smash|p2a: Abominable Orc\n|-damage|p2a: Abominable Orc|10\/100\n|\n|upkeep\n|turn|2\n|\n|t:|1698716257\n|move|p2a: Abominable Orc|Reflect|p2a: Abominable Orc\n|-sidestart|p2: Terra_Spectrum8293|Reflect\n|move|p1a: Arcanine|Double-Edge|p2a: Abominable Orc\n|-damage|p2a: Abominable Orc|0 fnt\n|faint|p2a: Abominable Orc\n|\n|upkeep\n|\n|t:|1698716263\n|switch|p2a: Allosaurus|Haxorus, M, shiny|100\/100\n|-ability|p2a: Allosaurus|Mold Breaker\n|turn|3\n|\n|t:|1698716268\n|move|p1a: Arcanine|Head Smash|p2a: Allosaurus\n|-damage|p2a: Allosaurus|57\/100\n|move|p2a: Allosaurus|Dragon Dance|p2a: Allosaurus\n|-boost|p2a: Allosaurus|atk|1\n|-boost|p2a: Allosaurus|spe|1\n|\n|-end|p1a: Arcanine|move: Taunt\n|upkeep\n|turn|4\n|\n|t:|1698716285\n|move|p2a: Allosaurus|Earthquake|p1a: Arcanine\n|-supereffective|p1a: Arcanine\n|-enditem|p1a: Arcanine|Focus Sash\n|-damage|p1a: Arcanine|1\/100\n|-damage|p2a: Allosaurus|47\/100|[from] item: Life Orb\n|move|p1a: Arcanine|Head Smash|p2a: Allosaurus\n|-damage|p2a: Allosaurus|0 fnt\n|faint|p2a: Allosaurus\n|\n|upkeep\n|\n|t:|1698716294\n|switch|p2a: Slurp|Polteageist|100\/100\n|turn|5\n|\n|t:|1698716301\n|move|p1a: Arcanine|Raging Fury|p2a: Slurp\n|-damage|p2a: Slurp|51\/100\n|-ability|p2a: Slurp|Weak Armor|boost\n|-unboost|p2a: Slurp|def|1\n|-boost|p2a: Slurp|spe|2\n|-enditem|p2a: Slurp|White Herb\n|-clearnegativeboost|p2a: Slurp|[silent]\n|move|p2a: Slurp|Shell Smash|p2a: Slurp\n|-unboost|p2a: Slurp|def|1\n|-unboost|p2a: Slurp|spd|1\n|-boost|p2a: Slurp|atk|2\n|-boost|p2a: Slurp|spa|2\n|-boost|p2a: Slurp|spe|2\n|\n|upkeep\n|turn|6\n|\n|t:|1698716319\n|move|p2a: Slurp|Baton Pass|p2a: Slurp\n|\n|t:|1698716322\n|switch|p2a: Ice Cream|Scream Tail|100\/100|[from] Baton Pass\n|move|p1a: Arcanine|Raging Fury|p2a: Ice Cream|[from]lockedmove\n|-damage|p2a: Ice Cream|65\/100\n|\n|upkeep\n|turn|7\n|\n|t:|1698716331\n|move|p2a: Ice Cream|Bulk Up|p2a: Ice Cream\n|-boost|p2a: Ice Cream|atk|1\n|-boost|p2a: Ice Cream|def|1\n|move|p1a: Arcanine|Raging Fury|p2a: Ice Cream|[from]lockedmove\n|-damage|p2a: Ice Cream|43\/100\n|-start|p1a: Arcanine|confusion|[fatigue]\n|\n|upkeep\n|turn|8\n|\n|t:|1698716341\n|move|p2a: Ice Cream|Bulk Up|p2a: Ice Cream\n|-boost|p2a: Ice Cream|atk|1\n|-boost|p2a: Ice Cream|def|1\n|-activate|p1a: Arcanine|confusion\n|move|p1a: Arcanine|Head Smash|p2a: Ice Cream\n|-damage|p2a: Ice Cream|23\/100\n|\n|upkeep\n|turn|9\n|\n|t:|1698716348\n|move|p2a: Ice Cream|Bulk Up|p2a: Ice Cream\n|-boost|p2a: Ice Cream|atk|1\n|-boost|p2a: Ice Cream|def|1\n|-activate|p1a: Arcanine|confusion\n|-damage|p1a: Arcanine|0 fnt|[from] confusion\n|faint|p1a: Arcanine\n|\n|-sideend|p2: Terra_Spectrum8293|Reflect\n|upkeep\n|\n|t:|1698716358\n|switch|p1a: Kyogre|Kyogre|100\/100\n|-weather|RainDance|[from] ability: Drizzle|[of] p1a: Kyogre\n|turn|10\n|\n|t:|1698716365\n|move|p2a: Ice Cream|Baton Pass|p2a: Ice Cream\n|\n|t:|1698716367\n|-end|p2a: Ice Cream|Protosynthesis|[silent]\n|switch|p2a: Sakura|Zacian-Crowned|100\/100|[from] Baton Pass\n|-ability|p2a: Sakura|Intrepid Sword|boost\n|-boost|p2a: Sakura|atk|1\n|move|p1a: Kyogre|Thunder|p2a: Sakura\n|-damage|p2a: Sakura|36\/100\n|\n|-weather|RainDance|[upkeep]\n|upkeep\n|turn|11\n|\n|t:|1698716388\n|move|p2a: Sakura|Trailblaze|p1a: Kyogre\n|-supereffective|p1a: Kyogre\n|-damage|p1a: Kyogre|0 fnt\n|-boost|p2a: Sakura|spe|1\n|faint|p1a: Kyogre\n|\n|-weather|RainDance|[upkeep]\n|upkeep\n|\n|t:|1698716397\n|switch|p1a: Koraidon|Koraidon|100\/100\n|-weather|SunnyDay|[from] ability: Orichalcum Pulse|[of] p1a: Koraidon\n|-activate|p1a: Koraidon|Orichalcum Pulse|[source]\n|turn|12\n|\n|t:|1698716404\n|move|p2a: Sakura|Behemoth Blade|p1a: Koraidon\n|-enditem|p1a: Koraidon|Focus Sash\n|-damage|p1a: Koraidon|1\/100\n|move|p1a: Koraidon|Collision Course|p2a: Sakura\n|-damage|p2a: Sakura|5\/100\n|\n|-weather|SunnyDay|[upkeep]\n|upkeep\n|turn|13\n|\n|t:|1698716419\n|move|p2a: Sakura|Behemoth Blade|p1a: Koraidon\n|-damage|p1a: Koraidon|0 fnt\n|faint|p1a: Koraidon\n|\n|-weather|SunnyDay|[upkeep]\n|upkeep\n|\n|t:|1698716426\n|switch|p1a: Zamazenta|Zamazenta-Crowned|100\/100\n|-ability|p1a: Zamazenta|Dauntless Shield|boost\n|-boost|p1a: Zamazenta|def|1\n|turn|14\n|\n|t:|1698716432\n|move|p2a: Sakura|Close Combat|p1a: Zamazenta\n|-supereffective|p1a: Zamazenta\n|-damage|p1a: Zamazenta|0 fnt\n|-unboost|p2a: Sakura|def|1\n|-unboost|p2a: Sakura|spd|1\n|faint|p1a: Zamazenta\n|\n|-weather|SunnyDay|[upkeep]\n|upkeep\n|\n|t:|1698716440\n|switch|p1a: Cresselia|Cresselia, F|100\/100\n|turn|15\n|\n|t:|1698716444\n|move|p2a: Sakura|Behemoth Blade|p1a: Cresselia\n|-damage|p1a: Cresselia|0 fnt\n|faint|p1a: Cresselia\n|\n|-weather|SunnyDay|[upkeep]\n|upkeep\n|\n|t:|1698716451\n|switch|p1a: Toxapex|Toxapex, F|100\/100\n|turn|16\n|\n|t:|1698716454\n|move|p2a: Sakura|Behemoth Blade|p1a: Toxapex\n|-resisted|p1a: Toxapex\n|-damage|p1a: Toxapex|9\/100\n|move|p1a: Toxapex|Ice Spinner|p2a: Sakura\n|-resisted|p2a: Sakura\n|-damage|p2a: Sakura|1\/100\n|\n|-weather|none\n|-heal|p1a: Toxapex|15\/100|[from] item: Leftovers\n|upkeep\n|turn|17\n|\n|t:|1698716464\n|move|p2a: Sakura|Trailblaze|p1a: Toxapex\n|-damage|p1a: Toxapex|0 fnt\n|-boost|p2a: Sakura|spe|1\n|faint|p1a: Toxapex\n|\n|win|Terra_Spectrum8293\n|raw|Voila Ouija's rating: 1270 &rarr; <strong>1239<\/strong><br \/>(-31 for losing)\n|raw|Terra_Spectrum8293's rating: 1179 &rarr; <strong>1210<\/strong><br \/>(+31 for winning)\n","uploadtime":1698716472,"views":8,"p1id":"voilaouija","p2id":"terraspectrum8293","formatid":"gen9anythinggoes","rating":1210,"private":0,"password":""}