{"id":"gen9anythinggoes-1975478324","p1":"CRAZYCHARIZARD0006","p2":"mastwo1","format":"[Gen 9] Anything Goes","log":"|j|\u2606CRAZYCHARIZARD0006\n|j|\u2606mastwo1\n|t:|1698195649\n|gametype|singles\n|player|p1|CRAZYCHARIZARD0006|youngster|1104\n|player|p2|mastwo1|ghetsis|1050\n|teamsize|p1|6\n|teamsize|p2|2\n|gen|9\n|tier|[Gen 9] Anything Goes\n|rated|\n|rule|HP Percentage Mod: HP is shown in percentages\n|rule|Endless Battle Clause: Forcing endless battles is banned\n|clearpoke\n|poke|p1|Charizard, M|\n|poke|p1|Palafin, M|\n|poke|p1|Walking Wake|\n|poke|p1|Baxcalibur, M|\n|poke|p1|Cyclizar, M|\n|poke|p1|Regidrago|\n|poke|p2|Azumarill, M|\n|poke|p2|Mimikyu, M|\n|teampreview\n|\n|t:|1698195653\n|start\n|switch|p1a: Walking Wake|Walking Wake|100\/100\n|switch|p2a: Azumarill|Azumarill, M|100\/100\n|turn|1\n|\n|t:|1698195658\n|move|p1a: Walking Wake|Dragon Dance|p1a: Walking Wake\n|-boost|p1a: Walking Wake|atk|1\n|-boost|p1a: Walking Wake|spe|1\n|move|p2a: Azumarill|Perish Song|p2a: Azumarill\n|-start|p1a: Walking Wake|perish3|[silent]\n|-start|p2a: Azumarill|perish3|[silent]\n|-fieldactivate|move: Perish Song\n|\n|-start|p1a: Walking Wake|perish3\n|-start|p2a: Azumarill|perish3\n|upkeep\n|turn|2\n|\n|t:|1698195673\n|move|p1a: Walking Wake|Dragon Dance|p1a: Walking Wake\n|-boost|p1a: Walking Wake|atk|1\n|-boost|p1a: Walking Wake|spe|1\n|move|p2a: Azumarill|Belly Drum|p2a: Azumarill\n|-damage|p2a: Azumarill|51\/100\n|-setboost|p2a: Azumarill|atk|6|[from] move: Belly Drum\n|\n|-start|p1a: Walking Wake|perish2\n|-start|p2a: Azumarill|perish2\n|upkeep\n|turn|3\n|\n|t:|1698195683\n|move|p1a: Walking Wake|Dragon Pulse|p2a: Azumarill\n|-immune|p2a: Azumarill\n|move|p2a: Azumarill|Belly Drum||[still]\n|-fail|p2a: Azumarill\n|\n|-start|p1a: Walking Wake|perish1\n|-start|p2a: Azumarill|perish1\n|upkeep\n|turn|4\n|\n|t:|1698195690\n|move|p1a: Walking Wake|Flamethrower|p2a: Azumarill\n|-resisted|p2a: Azumarill\n|-damage|p2a: Azumarill|40\/100\n|move|p2a: Azumarill|Belly Drum||[still]\n|-fail|p2a: Azumarill\n|\n|-start|p1a: Walking Wake|perish0\n|-start|p2a: Azumarill|perish0\n|upkeep\n|faint|p1a: Walking Wake\n|-end|p1a: Walking Wake|Protosynthesis|[silent]\n|faint|p2a: Azumarill\n|\n|t:|1698195700\n|switch|p1a: Palafin|Palafin, M|100\/100\n|switch|p2a: boingid|Mimikyu, M|100\/100\n|turn|5\n|\n|t:|1698195707\n|detailschange|p1a: Palafin|Palafin-Hero, M\n|switch|p1a: Baxcalibur|Baxcalibur, M|100\/100\n|move|p2a: boingid|Copycat|p2a: boingid\n|move|p2a: boingid|Belly Drum|p2a: boingid|[from]move: Copycat\n|-damage|p2a: boingid|51\/100\n|-setboost|p2a: boingid|atk|6|[from] move: Belly Drum\n|\n|upkeep\n|turn|6\n|\n|t:|1698195738\n|move|p2a: boingid|Drain Punch|p1a: Baxcalibur\n|-supereffective|p1a: Baxcalibur\n|-damage|p1a: Baxcalibur|0 fnt\n|-heal|p2a: boingid|100\/100|[from] drain|[of] p1a: Baxcalibur\n|faint|p1a: Baxcalibur\n|\n|upkeep\n|\n|t:|1698195744\n|switch|p1a: Palafin|Palafin-Hero, M|100\/100\n|-activate|p1a: Palafin|ability: Zero to Hero\n|turn|7\n|\n|t:|1698195768\n|move|p2a: boingid|Shadow Sneak|p1a: Palafin\n|-crit|p1a: Palafin\n|-damage|p1a: Palafin|10\/100\n|move|p1a: Palafin|Bulk Up|p1a: Palafin\n|-boost|p1a: Palafin|atk|1\n|-boost|p1a: Palafin|def|1\n|\n|-heal|p1a: Palafin|17\/100|[from] item: Leftovers\n|upkeep\n|turn|8\n|c|\u2606mastwo1|why?\n|\n|t:|1698195777\n|move|p2a: boingid|Shadow Sneak|p1a: Palafin\n|-damage|p1a: Palafin|0 fnt\n|faint|p1a: Palafin\n|\n|upkeep\n|c|\u2606CRAZYCHARIZARD0006|bro how\n|\n|t:|1698195789\n|switch|p1a: Regidrago|Regidrago|100\/100\n|turn|9\n|c|\u2606mastwo1|!data shadow sneak\n|raw|<ul class=\"utilichart\"><li class=\"result\"><span class=\"col movenamecol\"><a href=\"https:\/\/dex.pokemonshowdown.com\/moves\/shadowsneak\">Shadow Sneak<\/a><\/span> <span class=\"col typecol\"><img src=\"\/\/play.pokemonshowdown.com\/sprites\/types\/Ghost.png\" alt=\"Ghost\" width=\"32\" height=\"14\"><img src=\"\/\/play.pokemonshowdown.com\/sprites\/categories\/Physical.png\" alt=\"Physical\" width=\"32\" height=\"14\"><\/span> <span class=\"col labelcol\"><em>Power<\/em><br>40<\/span> <span class=\"col widelabelcol\"><em>Accuracy<\/em><br>100%<\/span> <span class=\"col pplabelcol\"><em>PP<\/em><br>48<\/span> <span class=\"col movedesccol\">Usually goes first.<\/span> <\/li><li style=\"clear:both\"><\/li><\/ul>\n\n|c|\u2606CRAZYCHARIZARD0006|spammer\n|c|\u2606mastwo1|you're a funny guy\n|c|\u2606mastwo1|heehee\n|c|\u2606CRAZYCHARIZARD0006|i know\n|c|\u2606CRAZYCHARIZARD0006|do you like charizard?\n|\n|t:|1698195840\n|move|p2a: boingid|Dazzling Gleam|p1a: Regidrago\n|-supereffective|p1a: Regidrago\n|-damage|p1a: Regidrago|72\/100\n|move|p1a: Regidrago|Draco Meteor|p2a: boingid\n|-immune|p2a: boingid\n|\n|-heal|p1a: Regidrago|78\/100|[from] item: Leftovers\n|upkeep\n|turn|10\n|c|\u2606CRAZYCHARIZARD0006|i forgot is was fairy\n|\n|t:|1698195858\n|move|p2a: boingid|Dazzling Gleam|p1a: Regidrago\n|-supereffective|p1a: Regidrago\n|-damage|p1a: Regidrago|50\/100\n|move|p1a: Regidrago|Dragon Dance|p1a: Regidrago\n|-boost|p1a: Regidrago|atk|1\n|-boost|p1a: Regidrago|spe|1\n|\n|-heal|p1a: Regidrago|56\/100|[from] item: Leftovers\n|upkeep\n|turn|11\n|\n|t:|1698195868\n|move|p1a: Regidrago|Fire Fang|p2a: boingid\n|-activate|p2a: boingid|ability: Disguise\n|-damage|p2a: boingid|100\/100\n|detailschange|p2a: boingid|Mimikyu-Busted, M\n|-damage|p2a: boingid|88\/100|[from] pokemon: Mimikyu-Busted\n|move|p2a: boingid|Dazzling Gleam|p1a: Regidrago\n|-supereffective|p1a: Regidrago\n|-damage|p1a: Regidrago|25\/100\n|\n|-heal|p1a: Regidrago|31\/100|[from] item: Leftovers\n|upkeep\n|turn|12\n|\n|t:|1698195886\n|move|p1a: Regidrago|Fire Fang|p2a: boingid\n|-crit|p2a: boingid\n|-damage|p2a: boingid|26\/100\n|move|p2a: boingid|Dazzling Gleam|p1a: Regidrago\n|-supereffective|p1a: Regidrago\n|-crit|p1a: Regidrago\n|-damage|p1a: Regidrago|0 fnt\n|faint|p1a: Regidrago\n|\n|upkeep\n|\n|t:|1698195894\n|switch|p1a: Charizard|Charizard, M|100\/100\n|turn|13\n|\n|t:|1698195905\n|-terastallize|p1a: Charizard|Fire\n|move|p2a: boingid|Drain Punch|p1a: Charizard\n|-crit|p1a: Charizard\n|-damage|p1a: Charizard|0 fnt\n|-heal|p2a: boingid|91\/100|[from] drain|[of] p1a: Charizard\n|faint|p1a: Charizard\n|\n|upkeep\n|c|\u2606CRAZYCHARIZARD0006|GG bro\n|c|\u2606CRAZYCHARIZARD0006|how?\n|\n|t:|1698195913\n|switch|p1a: Cyclizar|Cyclizar, M|100\/100\n|turn|14\n|c|\u2606mastwo1|might wanna be a little more careful when fighting 2 pokemon sets\n|c|\u2606mastwo1|because\n|c|\u2606mastwo1|i have 4x power\n|-message|CRAZYCHARIZARD0006 forfeited.\n|\n|win|mastwo1\n|raw|CRAZYCHARIZARD0006's rating: 1104 &rarr; <strong>1075<\/strong><br \/>(-29 for losing)\n|raw|mastwo1's rating: 1050 &rarr; <strong>1088<\/strong><br \/>(+38 for winning)\n|l|\u2606CRAZYCHARIZARD0006\n|j| ThatBoyBobby\n|j| UninteIeon\n|j| amspooky\n|j| YoungsterJoey_LOL\n|j| 0-9p8p9p7\n|l| ThatBoyBobby\n|l|\u2606mastwo1\n|l| UninteIeon\n|l| YoungsterJoey_LOL\n|l| amspooky\n|j| amspooky\n","uploadtime":1698196516,"views":10,"p1id":"crazycharizard0006","p2id":"mastwo1","formatid":"gen9anythinggoes","rating":1075,"private":0,"password":""}