{"id":"gen9anythinggoes-1999869058","p1":"Kiworco","p2":"zipermu98","format":"[Gen 9] Anything Goes","log":"|j|\u2606Kiworco\n|j|\u2606zipermu98\n|t:|1701124575\n|gametype|singles\n|player|p1|Kiworco|102|\n|player|p2|zipermu98|lucas|\n|teamsize|p1|6\n|teamsize|p2|6\n|gen|9\n|tier|[Gen 9] Anything Goes\n|rule|HP Percentage Mod: HP is shown in percentages\n|rule|Endless Battle Clause: Forcing endless battles is banned\n|clearpoke\n|poke|p1|Ursaluna-Bloodmoon, M|\n|poke|p1|Mimikyu, F|\n|poke|p1|Quaquaval, F|\n|poke|p1|Grimmsnarl, M|\n|poke|p1|Pincurchin, M|\n|poke|p1|Iron Leaves|\n|poke|p2|Articuno|\n|poke|p2|Coalossal, F|\n|poke|p2|Hatterene, F|\n|poke|p2|Landorus, M|\n|poke|p2|Rotom-Wash|\n|poke|p2|Cinderace, M|\n|teampreview\n|j| mimizukii\n|c|\u2606zipermu98|Paso enlace\n|c|\u2606zipermu98|Dame un sec\n|c|\u2606zipermu98|Ala, ya estoy\n|c|\u2606zipermu98|Suerte :))\n|c|\u2606zipermu98|Hf\n|j| LeunamTG\n|c|\u2606Kiworco|venga gl hf :)\n|c| mimizukii|suerte chicos\n|\n|t:|1701124714\n|start\n|switch|p1a: OCHOLERA|Ursaluna-Bloodmoon, M|100\/100\n|switch|p2a: SkippedLegDay|Landorus, M|100\/100\n|turn|1\n|\n|t:|1701124764\n|move|p2a: SkippedLegDay|U-turn|p1a: OCHOLERA\n|-damage|p1a: OCHOLERA|87\/100\n|\n|t:|1701124767\n|switch|p2a: (Z\/Z2)*|Articuno|100\/100|[from] U-turn\n|-ability|p2a: (Z\/Z2)*|Pressure\n|move|p1a: OCHOLERA|Blood Moon|p2a: (Z\/Z2)*\n|-damage|p2a: (Z\/Z2)*|57\/100\n|\n|-heal|p2a: (Z\/Z2)*|63\/100|[from] item: Leftovers\n|-heal|p1a: OCHOLERA|94\/100|[from] item: Leftovers\n|upkeep\n|turn|2\n|j| victorintre\n|\n|t:|1701124825\n|switch|p1a: cheetos comer|Pincurchin, M|100\/100\n|-fieldstart|move: Electric Terrain|[from] ability: Electric Surge|[of] p1a: cheetos comer\n|move|p2a: (Z\/Z2)*|U-turn|p1a: cheetos comer\n|-damage|p1a: cheetos comer|89\/100\n|j| MrBr3loom\n|l| victorintre\n|\n|t:|1701124838\n|switch|p2a: SkippedLegDay|Landorus, M|100\/100|[from] U-turn\n|\n|upkeep\n|turn|3\n|j| pepitodecrema\n|l| MrBr3loom\n|\n|t:|1701124918\n|move|p2a: SkippedLegDay|U-turn|p1a: cheetos comer\n|-damage|p1a: cheetos comer|74\/100\n|\n|t:|1701124970\n|switch|p2a: Uno Reverse Card|Hatterene, F|100\/100|[from] U-turn\n|move|p1a: cheetos comer|Memento|p2a: Uno Reverse Card\n|-unboost|p2a: Uno Reverse Card|atk|2\n|-unboost|p2a: Uno Reverse Card|spa|2\n|faint|p1a: cheetos comer\n|\n|upkeep\n|c|\u2606zipermu98|Lol\n|c|\u2606Kiworco|no sabia que no lo devolvia\n|c|\u2606Kiworco|estaba muy cagado de que metieras hatterene\n|c| pepitodecrema|Vaya mierda reverse card\n|\n|t:|1701125031\n|switch|p1a: Iron Leaves|Iron Leaves|100\/100\n|-activate|p1a: Iron Leaves|ability: Quark Drive\n|-start|p1a: Iron Leaves|quarkdrivespe\n|turn|4\n|c|\u2606zipermu98|No entend\u00ed la interacci\u00f3n yo tampoco xd\n|c| mimizukii|creo que nadie\n|c|\u2606zipermu98|Un sec que se me acaba la bater\u00eda xd\n|\n|t:|1701125092\n|move|p1a: Iron Leaves|Swords Dance|p1a: Iron Leaves\n|-boost|p1a: Iron Leaves|atk|2\n|move|p2a: Uno Reverse Card|Nuzzle|p1a: Iron Leaves\n|-resisted|p1a: Iron Leaves\n|-damage|p1a: Iron Leaves|99\/100\n|-status|p1a: Iron Leaves|par\n|\n|upkeep\n|turn|5\n|j| MrBr3loom\n|j| victorintre\n|\n|t:|1701125170\n|cant|p1a: Iron Leaves|par\n|move|p2a: Uno Reverse Card|Mystical Fire|p1a: Iron Leaves\n|-supereffective|p1a: Iron Leaves\n|-damage|p1a: Iron Leaves|78\/100 par\n|-unboost|p1a: Iron Leaves|spa|1\n|\n|upkeep\n|turn|6\n|\n|t:|1701125205\n|move|p1a: Iron Leaves|Psyblade|p2a: Uno Reverse Card\n|-resisted|p2a: Uno Reverse Card\n|-damage|p2a: Uno Reverse Card|35\/100\n|-damage|p1a: Iron Leaves|68\/100 par|[from] item: Life Orb\n|move|p2a: Uno Reverse Card|Mystical Fire|p1a: Iron Leaves\n|-supereffective|p1a: Iron Leaves\n|-damage|p1a: Iron Leaves|48\/100 par\n|-unboost|p1a: Iron Leaves|spa|1\n|\n|-heal|p2a: Uno Reverse Card|41\/100|[from] item: Leftovers\n|upkeep\n|turn|7\n|l| victorintre\n|\n|t:|1701125214\n|move|p1a: Iron Leaves|Psyblade|p2a: Uno Reverse Card\n|-resisted|p2a: Uno Reverse Card\n|-damage|p2a: Uno Reverse Card|0 fnt\n|faint|p2a: Uno Reverse Card\n|-damage|p1a: Iron Leaves|38\/100 par|[from] item: Life Orb\n|\n|upkeep\n|\n|t:|1701125284\n|switch|p2a: NosVaASacaDePobre|Cinderace, M|100\/100\n|turn|8\n|\n|t:|1701125292\n|move|p2a: NosVaASacaDePobre|U-turn|p1a: Iron Leaves\n|-start|p2a: NosVaASacaDePobre|typechange|Bug|[from] ability: Libero\n|-supereffective|p1a: Iron Leaves\n|-damage|p1a: Iron Leaves|0 fnt\n|faint|p1a: Iron Leaves\n|-end|p1a: Iron Leaves|Quark Drive|[silent]\n|\n|t:|1701125300\n|switch|p2a: SkippedLegDay|Landorus, M|100\/100|[from] U-turn\n|\n|upkeep\n|l| LeunamTG\n|\n|t:|1701125308\n|switch|p1a: Roneanta|Quaquaval, F|100\/100\n|turn|9\n|\n|t:|1701125316\n|switch|p2a: Siemens|Rotom-Wash|100\/100\n|move|p1a: Roneanta|Aqua Step|p2a: Siemens\n|-resisted|p2a: Siemens\n|-damage|p2a: Siemens|84\/100\n|-boost|p1a: Roneanta|spe|1\n|\n|-heal|p2a: Siemens|90\/100|[from] item: Leftovers\n|-fieldend|move: Electric Terrain\n|upkeep\n|turn|10\n|\n|t:|1701125372\n|switch|p1a: lit mimizuki|Grimmsnarl, M|100\/100\n|move|p2a: Siemens|Will-O-Wisp|p1a: lit mimizuki\n|-status|p1a: lit mimizuki|brn\n|\n|-heal|p2a: Siemens|96\/100|[from] item: Leftovers\n|-damage|p1a: lit mimizuki|94\/100 brn|[from] brn\n|upkeep\n|turn|11\n|\n|t:|1701125382\n|move|p1a: lit mimizuki|Light Screen|p1a: lit mimizuki\n|-sidestart|p1: Kiworco|move: Light Screen\n|move|p2a: Siemens|Volt Switch|p1a: lit mimizuki\n|-crit|p1a: lit mimizuki\n|-damage|p1a: lit mimizuki|68\/100 brn\n|c| mimizukii|AJAJAJAJJAJA\n|c|\u2606Kiworco|:p\n|\n|t:|1701125416\n|switch|p2a: (Z\/Z2)*|Articuno|63\/100|[from] Volt Switch\n|-ability|p2a: (Z\/Z2)*|Pressure\n|\n|-heal|p2a: (Z\/Z2)*|69\/100|[from] item: Leftovers\n|-damage|p1a: lit mimizuki|61\/100 brn|[from] brn\n|upkeep\n|turn|12\n|\n|t:|1701125439\n|move|p1a: lit mimizuki|Taunt|p2a: (Z\/Z2)*\n|-start|p2a: (Z\/Z2)*|move: Taunt\n|move|p2a: (Z\/Z2)*|U-turn|p1a: lit mimizuki\n|-damage|p1a: lit mimizuki|47\/100 brn\n|\n|t:|1701125442\n|switch|p2a: Siemens|Rotom-Wash|96\/100|[from] U-turn\n|\n|-heal|p2a: Siemens|100\/100|[from] item: Leftovers\n|-damage|p1a: lit mimizuki|41\/100 brn|[from] brn\n|upkeep\n|turn|13\n|\n|t:|1701125463\n|switch|p2a: (Z\/Z2)*|Articuno|69\/100\n|-ability|p2a: (Z\/Z2)*|Pressure\n|move|p1a: lit mimizuki|Parting Shot|p2a: (Z\/Z2)*\n|-unboost|p2a: (Z\/Z2)*|atk|1\n|-unboost|p2a: (Z\/Z2)*|spa|1\n|\n|t:|1701125529\n|switch|p1a: Roneanta|Quaquaval, F|100\/100|[from] Parting Shot\n|\n|-heal|p2a: (Z\/Z2)*|75\/100|[from] item: Leftovers\n|upkeep\n|turn|14\n|\n|t:|1701125546\n|switch|p2a: Siemens|Rotom-Wash|100\/100\n|move|p1a: Roneanta|Swords Dance|p1a: Roneanta\n|-boost|p1a: Roneanta|atk|2\n|\n|upkeep\n|turn|15\n|\n|t:|1701125652\n|move|p1a: Roneanta|Aqua Step|p2a: Siemens\n|-resisted|p2a: Siemens\n|-damage|p2a: Siemens|67\/100\n|-boost|p1a: Roneanta|spe|1\n|move|p2a: Siemens|Will-O-Wisp|p1a: Roneanta\n|-status|p1a: Roneanta|brn\n|\n|-heal|p2a: Siemens|73\/100|[from] item: Leftovers\n|-damage|p1a: Roneanta|94\/100 brn|[from] brn\n|upkeep\n|turn|16\n|\n|t:|1701125682\n|move|p1a: Roneanta|Swords Dance|p1a: Roneanta\n|-boost|p1a: Roneanta|atk|2\n|move|p2a: Siemens|Volt Switch|p1a: Roneanta\n|-supereffective|p1a: Roneanta\n|-damage|p1a: Roneanta|60\/100 brn\n|\n|t:|1701125710\n|switch|p2a: Avalugg|Coalossal, F|100\/100|[from] Volt Switch\n|\n|-damage|p1a: Roneanta|54\/100 brn|[from] brn\n|upkeep\n|turn|17\n|\n|t:|1701125806\n|-terastallize|p2a: Avalugg|Water\n|move|p1a: Roneanta|Aqua Step|p2a: Avalugg\n|-resisted|p2a: Avalugg\n|-damage|p2a: Avalugg|82\/100\n|-boost|p1a: Roneanta|spe|1\n|move|p2a: Avalugg|Gyro Ball|p1a: Roneanta\n|-resisted|p1a: Roneanta\n|-damage|p1a: Roneanta|34\/100 brn\n|\n|-heal|p2a: Avalugg|88\/100|[from] item: Leftovers\n|-damage|p1a: Roneanta|28\/100 brn|[from] brn\n|upkeep\n|turn|18\n|\n|t:|1701125827\n|move|p1a: Roneanta|Knock Off|p2a: Avalugg\n|-damage|p2a: Avalugg|54\/100\n|-enditem|p2a: Avalugg|Leftovers|[from] move: Knock Off|[of] p1a: Roneanta\n|move|p2a: Avalugg|Gyro Ball|p1a: Roneanta\n|-resisted|p1a: Roneanta\n|-crit|p1a: Roneanta\n|-damage|p1a: Roneanta|0 fnt\n|faint|p1a: Roneanta\n|\n|-sideend|p1: Kiworco|move: Light Screen\n|upkeep\n|\n|t:|1701125838\n|switch|p1a: lit mimizuki|Grimmsnarl, M|41\/100 brn\n|turn|19\n|\n|t:|1701125917\n|move|p1a: lit mimizuki|Reflect|p1a: lit mimizuki\n|-sidestart|p1: Kiworco|Reflect\n|move|p2a: Avalugg|Gyro Ball|p1a: lit mimizuki\n|-supereffective|p1a: lit mimizuki\n|-damage|p1a: lit mimizuki|25\/100 brn\n|\n|-damage|p1a: lit mimizuki|19\/100 brn|[from] brn\n|upkeep\n|turn|20\n|\n|t:|1701125963\n|move|p1a: lit mimizuki|Light Screen|p1a: lit mimizuki\n|-sidestart|p1: Kiworco|move: Light Screen\n|move|p2a: Avalugg|Scald|p1a: lit mimizuki\n|-damage|p1a: lit mimizuki|11\/100 brn\n|\n|-damage|p1a: lit mimizuki|5\/100 brn|[from] brn\n|upkeep\n|turn|21\n|\n|t:|1701126002\n|switch|p2a: Siemens|Rotom-Wash|73\/100\n|move|p1a: lit mimizuki|Parting Shot|p2a: Siemens\n|-unboost|p2a: Siemens|atk|1\n|-unboost|p2a: Siemens|spa|1\n|\n|t:|1701126009\n|switch|p1a: Holy Mantle|Mimikyu, F|100\/100|[from] Parting Shot\n|\n|-heal|p2a: Siemens|79\/100|[from] item: Leftovers\n|upkeep\n|turn|22\n|\n|t:|1701126024\n|move|p1a: Holy Mantle|Swords Dance|p1a: Holy Mantle\n|-boost|p1a: Holy Mantle|atk|2\n|move|p2a: Siemens|Will-O-Wisp|p1a: Holy Mantle\n|-status|p1a: Holy Mantle|brn\n|\n|-heal|p2a: Siemens|85\/100|[from] item: Leftovers\n|-damage|p1a: Holy Mantle|95\/100 brn|[from] brn\n|upkeep\n|turn|23\n|\n|t:|1701126033\n|move|p1a: Holy Mantle|Swords Dance|p1a: Holy Mantle\n|-boost|p1a: Holy Mantle|atk|2\n|move|p2a: Siemens|Volt Switch|p1a: Holy Mantle\n|-activate|p1a: Holy Mantle|ability: Disguise\n|-damage|p1a: Holy Mantle|95\/100 brn\n|detailschange|p1a: Holy Mantle|Mimikyu-Busted, F\n|-damage|p1a: Holy Mantle|82\/100 brn|[from] pokemon: Mimikyu-Busted\n|\n|t:|1701126065\n|switch|p2a: Avalugg|Coalossal, F, tera:Water|54\/100|[from] Volt Switch\n|\n|-damage|p1a: Holy Mantle|76\/100 brn|[from] brn\n|upkeep\n|turn|24\n|\n|t:|1701126073\n|move|p1a: Holy Mantle|Shadow Claw|p2a: Avalugg\n|-damage|p2a: Avalugg|17\/100\n|-damage|p1a: Holy Mantle|66\/100 brn|[from] item: Life Orb\n|move|p2a: Avalugg|Gyro Ball|p1a: Holy Mantle\n|-supereffective|p1a: Holy Mantle\n|-damage|p1a: Holy Mantle|27\/100 brn\n|\n|-damage|p1a: Holy Mantle|21\/100 brn|[from] brn\n|upkeep\n|turn|25\n|\n|t:|1701126084\n|move|p1a: Holy Mantle|Shadow Claw|p2a: Avalugg\n|-damage|p2a: Avalugg|0 fnt\n|faint|p2a: Avalugg\n|-damage|p1a: Holy Mantle|11\/100 brn|[from] item: Life Orb\n|\n|-damage|p1a: Holy Mantle|5\/100 brn|[from] brn\n|upkeep\n|\n|t:|1701126096\n|switch|p2a: Siemens|Rotom-Wash|85\/100\n|turn|26\n|\n|t:|1701126102\n|move|p2a: Siemens|Protect|p2a: Siemens\n|-singleturn|p2a: Siemens|Protect\n|move|p1a: Holy Mantle|Shadow Claw|p2a: Siemens\n|-activate|p2a: Siemens|move: Protect\n|\n|-heal|p2a: Siemens|91\/100|[from] item: Leftovers\n|-damage|p1a: Holy Mantle|0 fnt|[from] brn\n|faint|p1a: Holy Mantle\n|-sideend|p1: Kiworco|Reflect\n|upkeep\n|\n|t:|1701126113\n|switch|p1a: OCHOLERA|Ursaluna-Bloodmoon, M|94\/100\n|turn|27\n|\n|t:|1701126134\n|switch|p2a: (Z\/Z2)*|Articuno|75\/100\n|-ability|p2a: (Z\/Z2)*|Pressure\n|move|p1a: OCHOLERA|Blood Moon|p2a: (Z\/Z2)*\n|-damage|p2a: (Z\/Z2)*|31\/100\n|\n|-heal|p2a: (Z\/Z2)*|37\/100|[from] item: Leftovers\n|-heal|p1a: OCHOLERA|99\/100|[from] item: Leftovers\n|-sideend|p1: Kiworco|move: Light Screen\n|upkeep\n|turn|28\n|\n|t:|1701126171\n|move|p2a: (Z\/Z2)*|Freeze-Dry|p1a: OCHOLERA\n|-supereffective|p1a: OCHOLERA\n|-damage|p1a: OCHOLERA|46\/100\n|move|p1a: OCHOLERA|Moonblast|p2a: (Z\/Z2)*\n|-damage|p2a: (Z\/Z2)*|17\/100\n|\n|-heal|p2a: (Z\/Z2)*|23\/100|[from] item: Leftovers\n|-heal|p1a: OCHOLERA|52\/100|[from] item: Leftovers\n|upkeep\n|turn|29\n|\n|t:|1701126187\n|move|p2a: (Z\/Z2)*|Roost|p2a: (Z\/Z2)*\n|-heal|p2a: (Z\/Z2)*|73\/100\n|-singleturn|p2a: (Z\/Z2)*|move: Roost\n|move|p1a: OCHOLERA|Blood Moon|p2a: (Z\/Z2)*\n|-crit|p2a: (Z\/Z2)*\n|-damage|p2a: (Z\/Z2)*|2\/100\n|\n|-heal|p2a: (Z\/Z2)*|8\/100|[from] item: Leftovers\n|-heal|p1a: OCHOLERA|58\/100|[from] item: Leftovers\n|upkeep\n|turn|30\n|\n|t:|1701126200\n|move|p2a: (Z\/Z2)*|Freeze-Dry|p1a: OCHOLERA\n|-supereffective|p1a: OCHOLERA\n|-damage|p1a: OCHOLERA|5\/100\n|move|p1a: OCHOLERA|Moonlight|p1a: OCHOLERA\n|-heal|p1a: OCHOLERA|55\/100\n|\n|-heal|p2a: (Z\/Z2)*|14\/100|[from] item: Leftovers\n|-heal|p1a: OCHOLERA|61\/100|[from] item: Leftovers\n|upkeep\n|turn|31\n|\n|t:|1701126211\n|move|p2a: (Z\/Z2)*|Roost|p2a: (Z\/Z2)*\n|-heal|p2a: (Z\/Z2)*|64\/100\n|-singleturn|p2a: (Z\/Z2)*|move: Roost\n|move|p1a: OCHOLERA|Blood Moon|p2a: (Z\/Z2)*\n|-damage|p2a: (Z\/Z2)*|19\/100\n|\n|-heal|p2a: (Z\/Z2)*|25\/100|[from] item: Leftovers\n|-heal|p1a: OCHOLERA|67\/100|[from] item: Leftovers\n|upkeep\n|turn|32\n|\n|t:|1701126222\n|move|p2a: (Z\/Z2)*|Roost|p2a: (Z\/Z2)*\n|-heal|p2a: (Z\/Z2)*|75\/100\n|-singleturn|p2a: (Z\/Z2)*|move: Roost\n|move|p1a: OCHOLERA|Moonblast|p2a: (Z\/Z2)*\n|-damage|p2a: (Z\/Z2)*|56\/100\n|\n|-heal|p2a: (Z\/Z2)*|62\/100|[from] item: Leftovers\n|-heal|p1a: OCHOLERA|73\/100|[from] item: Leftovers\n|upkeep\n|turn|33\n|\n|t:|1701126232\n|move|p2a: (Z\/Z2)*|Freeze-Dry|p1a: OCHOLERA\n|-supereffective|p1a: OCHOLERA\n|-damage|p1a: OCHOLERA|18\/100\n|move|p1a: OCHOLERA|Moonlight|p1a: OCHOLERA\n|-heal|p1a: OCHOLERA|68\/100\n|\n|-heal|p2a: (Z\/Z2)*|68\/100|[from] item: Leftovers\n|-heal|p1a: OCHOLERA|74\/100|[from] item: Leftovers\n|upkeep\n|turn|34\n|c| pepitodecrema|Articuno con restos, vaya troleada\n|c|\u2606Kiworco|que abuso\n|\n|t:|1701126241\n|move|p2a: (Z\/Z2)*|Freeze-Dry|p1a: OCHOLERA\n|-supereffective|p1a: OCHOLERA\n|-damage|p1a: OCHOLERA|21\/100\n|-status|p1a: OCHOLERA|frz\n|cant|p1a: OCHOLERA|frz\n|\n|-heal|p2a: (Z\/Z2)*|74\/100|[from] item: Leftovers\n|-heal|p1a: OCHOLERA|27\/100 frz|[from] item: Leftovers\n|upkeep\n|turn|35\n|c|\u2606Kiworco|gg\n|c|\u2606zipermu98|LOL\n|\n|t:|1701126251\n|move|p2a: (Z\/Z2)*|Freeze-Dry|p1a: OCHOLERA\n|-supereffective|p1a: OCHOLERA\n|-damage|p1a: OCHOLERA|0 fnt\n|faint|p1a: OCHOLERA\n|\n|-heal|p2a: (Z\/Z2)*|80\/100|[from] item: Leftovers\n|upkeep\n|\n|t:|1701126257\n|switch|p1a: lit mimizuki|Grimmsnarl, M|5\/100 brn\n|turn|36\n|\n|t:|1701126262\n|switch|p2a: SkippedLegDay|Landorus, M|100\/100\n|move|p1a: lit mimizuki|Parting Shot|p2a: SkippedLegDay\n|-unboost|p2a: SkippedLegDay|atk|1\n|-unboost|p2a: SkippedLegDay|spa|1\n|\n|-damage|p1a: lit mimizuki|0 fnt|[from] brn\n|faint|p1a: lit mimizuki\n|\n|win|zipermu98\n|upkeep\n|c|\u2606zipermu98|La kill para lando\n|c|\u2606zipermu98|GGs t\u00edo\n|c|\u2606zipermu98|Bien jugado\n|l| MrBr3loom\n|c|\u2606Kiworco|jaksdjsakjk muy buena la verdad\n|c|\u2606zipermu98|Cagado toda la partida te lo juro\n|c|\u2606zipermu98|Pensaba que me ganabas todo el rato\n|l| mimizukii\n|c|\u2606zipermu98|Putos equipos de screens que no s\u00e9 jugar contra ellos xd\n|c|\u2606Kiworco|yo estaba confiando mucho en poder hacer setup pero me has jodido mucho con los estados\n|c|\u2606Kiworco|buen combate :)\n|c|\u2606zipermu98|Ya pero llego a fallar un solo wow y pierdo\n|c|\u2606zipermu98|Muy bien jjugado en serio :)\n","uploadtime":1701126299,"views":18,"p1id":"kiworco","p2id":"zipermu98","formatid":"gen9anythinggoes","rating":0,"private":0,"password":""}