{"id":"gen9anythinggoes-1994788902","p1":"cuitkkl","p2":"crimsonpath899","format":"[Gen 9] Anything Goes","log":"|j|\u2606cuitkkl\n|j|\u2606crimsonpath899\n|inactive|Battle timer is ON: inactive players will automatically lose when time's up.\n|t:|1700492890\n|gametype|singles\n|player|p1|cuitkkl|ingo|\n|player|p2|crimsonpath899|2|\n|teamsize|p1|6\n|teamsize|p2|6\n|gen|9\n|tier|[Gen 9] Anything Goes\n|rated|Tournament battle\n|rule|HP Percentage Mod: HP is shown in percentages\n|rule|Endless Battle Clause: Forcing endless battles is banned\n|rule|Re-Evolution Mod: Pok\u00e9mon gain the boosts they would gain from evolving again\n|rule|Sleep Moves Clause: Sleep-inducing moves are banned\n|rule|Species Clause: Limit one of each Pok\u00e9mon\n|rule|OHKO Clause: OHKO moves are banned\n|rule|Evasion Moves Clause: Evasion moves are banned\n|rule|Terastal Clause: You cannot Terastallize\n|clearpoke\n|poke|p1|Garchomp, F|\n|poke|p1|Vaporeon, M|\n|poke|p1|Ninetales-Alola, F|\n|poke|p1|Gallade, M|\n|poke|p1|Espathra, F|\n|poke|p1|Annihilape, F|\n|poke|p2|Palafin, F|\n|poke|p2|Ninetales-Alola, F|\n|poke|p2|Annihilape, M|\n|poke|p2|Baxcalibur, F|\n|poke|p2|Gardevoir, F|\n|poke|p2|Corviknight, M|\n|teampreview\n|inactive|crimsonpath899 also wants the timer to be on.\n|j|#KaenSoul\n|\n|t:|1700492900\n|start\n|switch|p1a: Ninetales|Ninetales-Alola, F|100\/100\n|switch|p2a: Ninetales|Ninetales-Alola, F, shiny|100\/100\n|-weather|Snow|[from] ability: Snow Warning|[of] p2a: Ninetales\n|turn|1\n|\n|t:|1700492905\n|move|p2a: Ninetales|Aurora Veil|p2a: Ninetales\n|-sidestart|p2: crimsonpath899|move: Aurora Veil\n|move|p1a: Ninetales|Aurora Veil|p1a: Ninetales\n|-sidestart|p1: cuitkkl|move: Aurora Veil\n|\n|-weather|Snow|[upkeep]\n|upkeep\n|turn|2\n|j| CHRISTHOFF_V\n|\n|t:|1700492909\n|switch|p2a: Corviknight|Corviknight, M, shiny|100\/100\n|move|p1a: Ninetales|Encore||[still]\n|-fail|p1a: Ninetales\n|\n|-weather|Snow|[upkeep]\n|upkeep\n|turn|3\n|inactive|cuitkkl has 120 seconds left.\n|\n|t:|1700492941\n|move|p1a: Ninetales|Encore||[still]\n|-fail|p1a: Ninetales\n|move|p2a: Corviknight|Bulk Up|p2a: Corviknight\n|-boost|p2a: Corviknight|atk|1\n|-boost|p2a: Corviknight|def|1\n|\n|-weather|Snow|[upkeep]\n|upkeep\n|turn|4\n|c|\u2606crimsonpath899|yes he does\n|\n|t:|1700492947\n|move|p1a: Ninetales|Encore|p2a: Corviknight\n|-start|p2a: Corviknight|Encore\n|move|p2a: Corviknight|Bulk Up|p2a: Corviknight\n|-boost|p2a: Corviknight|atk|1\n|-boost|p2a: Corviknight|def|1\n|\n|-weather|Snow|[upkeep]\n|upkeep\n|turn|5\n|\n|t:|1700492956\n|switch|p1a: Garchomp|Garchomp, F|100\/100\n|move|p2a: Corviknight|Bulk Up|p2a: Corviknight\n|-boost|p2a: Corviknight|atk|1\n|-boost|p2a: Corviknight|def|1\n|\n|-weather|none\n|upkeep\n|turn|6\n|\n|t:|1700492960\n|move|p1a: Garchomp|Fire Blast|p2a: Corviknight\n|-supereffective|p2a: Corviknight\n|-damage|p2a: Corviknight|77\/100\n|-damage|p1a: Garchomp|91\/100|[from] item: Life Orb\n|move|p2a: Corviknight|Bulk Up|p2a: Corviknight\n|-boost|p2a: Corviknight|atk|1\n|-boost|p2a: Corviknight|def|1\n|\n|-heal|p2a: Corviknight|83\/100|[from] item: Leftovers\n|-end|p2a: Corviknight|Encore\n|upkeep\n|turn|7\n|\n|t:|1700492968\n|move|p1a: Garchomp|Fire Blast|p2a: Corviknight\n|-supereffective|p2a: Corviknight\n|-damage|p2a: Corviknight|57\/100\n|-damage|p1a: Garchomp|81\/100|[from] item: Life Orb\n|move|p2a: Corviknight|Body Press|p1a: Garchomp\n|-damage|p1a: Garchomp|56\/100\n|-damage|p2a: Corviknight|45\/100|[from] ability: Rough Skin|[of] p1a: Garchomp\n|\n|-heal|p2a: Corviknight|51\/100|[from] item: Leftovers\n|upkeep\n|turn|8\n|\n|t:|1700492980\n|move|p1a: Garchomp|Fire Blast|p2a: Corviknight\n|-supereffective|p2a: Corviknight\n|-damage|p2a: Corviknight|27\/100\n|-damage|p1a: Garchomp|46\/100|[from] item: Life Orb\n|move|p2a: Corviknight|Iron Head|p1a: Garchomp\n|-damage|p1a: Garchomp|10\/100\n|-damage|p2a: Corviknight|14\/100|[from] ability: Rough Skin|[of] p1a: Garchomp\n|\n|-heal|p2a: Corviknight|20\/100|[from] item: Leftovers\n|-sideend|p1: cuitkkl|move: Aurora Veil\n|-sideend|p2: crimsonpath899|move: Aurora Veil\n|upkeep\n|turn|9\n|\n|t:|1700492990\n|move|p1a: Garchomp|Fire Blast|p2a: Corviknight\n|-supereffective|p2a: Corviknight\n|-damage|p2a: Corviknight|0 fnt\n|faint|p2a: Corviknight\n|-damage|p1a: Garchomp|0 fnt|[from] item: Life Orb\n|faint|p1a: Garchomp\n|\n|upkeep\n|c|\u2606cuitkkl|corviknight? more like corvirook, HA\n|\n|t:|1700493004\n|switch|p1a: Annihilape|Annihilape, F|100\/100\n|switch|p2a: Ninetales|Ninetales-Alola, F, shiny|100\/100\n|-weather|Snow|[from] ability: Snow Warning|[of] p2a: Ninetales\n|turn|10\n|c|\u2606crimsonpath899|im more surprised you didn't miss once\n|\n|t:|1700493025\n|move|p2a: Ninetales|Aurora Veil|p2a: Ninetales\n|-sidestart|p2: crimsonpath899|move: Aurora Veil\n|move|p1a: Annihilape|Bulk Up|p1a: Annihilape\n|-boost|p1a: Annihilape|atk|1\n|-boost|p1a: Annihilape|def|1\n|\n|-weather|Snow|[upkeep]\n|upkeep\n|turn|11\n|\n|t:|1700493031\n|move|p2a: Ninetales|Moonblast|p1a: Annihilape\n|-supereffective|p1a: Annihilape\n|-damage|p1a: Annihilape|56\/100\n|-unboost|p1a: Annihilape|spa|1\n|-ability|p1a: Annihilape|Defiant|boost\n|-boost|p1a: Annihilape|atk|2\n|move|p1a: Annihilape|Bulk Up|p1a: Annihilape\n|-boost|p1a: Annihilape|atk|1\n|-boost|p1a: Annihilape|def|1\n|\n|-weather|Snow|[upkeep]\n|-heal|p1a: Annihilape|62\/100|[from] item: Leftovers\n|upkeep\n|turn|12\n|c|\u2606cuitkkl|it's 85, not 50\n|\n|t:|1700493051\n|move|p2a: Ninetales|Moonblast|p1a: Annihilape\n|-supereffective|p1a: Annihilape\n|-damage|p1a: Annihilape|18\/100\n|-unboost|p1a: Annihilape|spa|1\n|-ability|p1a: Annihilape|Defiant|boost\n|-boost|p1a: Annihilape|atk|2\n|move|p1a: Annihilape|Rage Fist|p2a: Ninetales\n|-damage|p2a: Ninetales|29\/100\n|\n|-weather|Snow|[upkeep]\n|-heal|p1a: Annihilape|24\/100|[from] item: Leftovers\n|upkeep\n|turn|13\n|c|\u2606crimsonpath899|when i use it I mis 2 out of 4 times\n|\n|t:|1700493068\n|move|p2a: Ninetales|Moonblast|p1a: Annihilape\n|-supereffective|p1a: Annihilape\n|-damage|p1a: Annihilape|0 fnt\n|faint|p1a: Annihilape\n|\n|-weather|Snow|[upkeep]\n|upkeep\n|\n|t:|1700493072\n|switch|p1a: Espathra|Espathra, F|100\/100\n|turn|14\n|\n|t:|1700493075\n|move|p2a: Ninetales|Blizzard|p1a: Espathra\n|-damage|p1a: Espathra|59\/100\n|move|p1a: Espathra|Calm Mind|p1a: Espathra\n|-boost|p1a: Espathra|spa|1\n|-boost|p1a: Espathra|spd|1\n|\n|-weather|none\n|-ability|p1a: Espathra|Speed Boost|boost\n|-boost|p1a: Espathra|spe|1\n|upkeep\n|turn|15\n|c|\u2606cuitkkl|that's a you problem\n|\n|t:|1700493084\n|move|p1a: Espathra|Calm Mind|p1a: Espathra\n|-boost|p1a: Espathra|spa|1\n|-boost|p1a: Espathra|spd|1\n|move|p2a: Ninetales|Blizzard|p1a: Espathra|[miss]\n|-miss|p2a: Ninetales|p1a: Espathra\n|\n|-ability|p1a: Espathra|Speed Boost|boost\n|-boost|p1a: Espathra|spe|1\n|upkeep\n|turn|16\n|\n|t:|1700493090\n|switch|p2a: Palafin|Palafin, F|100\/100\n|move|p1a: Espathra|Calm Mind|p1a: Espathra\n|-boost|p1a: Espathra|spa|1\n|-boost|p1a: Espathra|spd|1\n|\n|-ability|p1a: Espathra|Speed Boost|boost\n|-boost|p1a: Espathra|spe|1\n|upkeep\n|turn|17\n|\n|t:|1700493095\n|move|p2a: Palafin|Jet Punch|p1a: Espathra\n|-damage|p1a: Espathra|38\/100\n|move|p1a: Espathra|Stored Power|p2a: Palafin\n|-damage|p2a: Palafin|0 fnt\n|faint|p2a: Palafin\n|\n|-sideend|p2: crimsonpath899|move: Aurora Veil\n|-ability|p1a: Espathra|Speed Boost|boost\n|-boost|p1a: Espathra|spe|1\n|upkeep\n|\n|t:|1700493104\n|switch|p2a: Ninetales|Ninetales-Alola, F, shiny|29\/100\n|-weather|Snow|[from] ability: Snow Warning|[of] p2a: Ninetales\n|turn|18\n|\n|t:|1700493108\n|move|p1a: Espathra|Stored Power|p2a: Ninetales\n|-damage|p2a: Ninetales|0 fnt\n|faint|p2a: Ninetales\n|\n|-weather|Snow|[upkeep]\n|-ability|p1a: Espathra|Speed Boost|boost\n|-boost|p1a: Espathra|spe|1\n|upkeep\n|\n|t:|1700493116\n|switch|p2a: Baxcalibur|Baxcalibur, F|100\/100\n|turn|19\n|\n|t:|1700493120\n|move|p1a: Espathra|Stored Power|p2a: Baxcalibur\n|-crit|p2a: Baxcalibur\n|-damage|p2a: Baxcalibur|0 fnt\n|faint|p2a: Baxcalibur\n|\n|-weather|Snow|[upkeep]\n|-ability|p1a: Espathra|Speed Boost|boost\n|-boost|p1a: Espathra|spe|1\n|upkeep\n|\n|t:|1700493123\n|switch|p2a: Gardevoir|Gardevoir, F, shiny|100\/100\n|-ability|p2a: Gardevoir|Speed Boost|[from] ability: Trace|[of] p1a: Espathra\n|turn|20\n|c|\u2606cuitkkl|this thing's broken\n|\n|t:|1700493134\n|move|p1a: Espathra|Stored Power|p2a: Gardevoir\n|-resisted|p2a: Gardevoir\n|-damage|p2a: Gardevoir|0 fnt\n|faint|p2a: Gardevoir\n|\n|-weather|Snow|[upkeep]\n|upkeep\n|c|\u2606crimsonpath899|yeah\n|\n|t:|1700493138\n|switch|p2a: Annihilape|Annihilape, M|100\/100\n|turn|21\n|\n|t:|1700493140\n|move|p1a: Espathra|Stored Power|p2a: Annihilape\n|-supereffective|p2a: Annihilape\n|-damage|p2a: Annihilape|0 fnt\n|faint|p2a: Annihilape\n|\n|win|cuitkkl\n|n|\u2606cuitkkl|cuitkkl\n|n|\u2606crimsonpath899|crimsonpath899\n|n|+KaenSoul|kaensoul\n|n| CHRISTHOFF_V|christhoffv\n|l|+KaenSoul\n|j| pokemon tax agency\n|l| pokemon tax agency\n|c|\u2606crimsonpath899|what did gol do to be baned but not this\n","uploadtime":1700493154,"views":1,"p1id":"cuitkkl","p2id":"crimsonpath899","formatid":"gen9anythinggoes","rating":0,"private":0,"password":""}