{"id":"gen9anythinggoes-1979489430","p1":"PhotosFromJames","p2":"SukiLycaenion","format":"[Gen 9] Anything Goes","log":"|j|\u2606PhotosFromJames\n|j|\u203dSukiLycaenion\n|t:|1698686731\n|gametype|singles\n|player|p1|PhotosFromJames|1|1350\n|player|p2|SukiLycaenion|2|1437\n|teamsize|p1|6\n|teamsize|p2|6\n|gen|9\n|tier|[Gen 9] Anything Goes\n|rated|\n|rule|HP Percentage Mod: HP is shown in percentages\n|rule|Endless Battle Clause: Forcing endless battles is banned\n|clearpoke\n|poke|p1|Basculegion-F, F|\n|poke|p1|Arboliva, F|\n|poke|p1|Naclstack, F|\n|poke|p1|Sableye, F|\n|poke|p1|Samurott-Hisui, M|\n|poke|p1|Glimmora, F|\n|poke|p2|Dondozo, F|\n|poke|p2|Snorlax, M|\n|poke|p2|Ting-Lu|\n|poke|p2|Haxorus, M|\n|poke|p2|Calyrex-Shadow|\n|poke|p2|Persian-Alola, F|\n|teampreview\n|\n|t:|1698686735\n|start\n|switch|p1a: Naclstack|Naclstack, F, shiny|100\/100\n|switch|p2a: Persian|Persian-Alola, F|100\/100\n|turn|1\n|\n|t:|1698686750\n|move|p2a: Persian|Switcheroo|p1a: Naclstack\n|-activate|p2a: Persian|move: Trick|[of] p1a: Naclstack\n|-item|p1a: Naclstack|Choice Scarf|[from] move: Switcheroo\n|-item|p2a: Persian|Eviolite|[from] move: Switcheroo\n|move|p1a: Naclstack|Iron Defense|p1a: Naclstack\n|-boost|p1a: Naclstack|def|2\n|\n|upkeep\n|turn|2\n|\n|t:|1698686762\n|switch|p1a: Sableye|Sableye, F|100\/100\n|move|p2a: Persian|Chilling Water|p1a: Sableye\n|-damage|p1a: Sableye|85\/100\n|-unboost|p1a: Sableye|atk|1\n|\n|-heal|p1a: Sableye|91\/100|[from] item: Leftovers\n|upkeep\n|turn|3\n|\n|t:|1698686785\n|switch|p1a: Samurott|Samurott-Hisui, M|100\/100\n|move|p2a: Persian|Thunder Wave|p1a: Samurott\n|-status|p1a: Samurott|par\n|\n|upkeep\n|turn|4\n|\n|t:|1698686794\n|move|p2a: Persian|Confuse Ray|p1a: Samurott\n|-start|p1a: Samurott|confusion\n|-activate|p1a: Samurott|confusion\n|-damage|p1a: Samurott|91\/100 par|[from] confusion\n|\n|upkeep\n|turn|5\n|\n|t:|1698686801\n|move|p2a: Persian|Switcheroo|p1a: Samurott\n|-activate|p2a: Persian|move: Trick|[of] p1a: Samurott\n|-item|p1a: Samurott|Eviolite|[from] move: Switcheroo\n|-item|p2a: Persian|Assault Vest|[from] move: Switcheroo\n|-activate|p1a: Samurott|confusion\n|-damage|p1a: Samurott|81\/100 par|[from] confusion\n|\n|upkeep\n|turn|6\n|\n|t:|1698686820\n|switch|p1a: Sableye|Sableye, F|91\/100\n|move|p2a: Persian|Chilling Water|p1a: Sableye\n|-damage|p1a: Sableye|78\/100\n|-unboost|p1a: Sableye|atk|1\n|\n|-heal|p1a: Sableye|84\/100|[from] item: Leftovers\n|upkeep\n|turn|7\n|\n|t:|1698686836\n|switch|p2a: Dondozo|Dondozo, F|100\/100\n|move|p1a: Sableye|Will-O-Wisp|p2a: Dondozo\n|-status|p2a: Dondozo|brn\n|\n|-heal|p1a: Sableye|90\/100|[from] item: Leftovers\n|-damage|p2a: Dondozo|94\/100 brn|[from] brn\n|upkeep\n|turn|8\n|\n|t:|1698686850\n|switch|p1a: Arboliva|Arboliva, F, shiny|100\/100\n|move|p2a: Dondozo|Fissure|p1a: Arboliva\n|-damage|p1a: Arboliva|0 fnt\n|faint|p1a: Arboliva\n|-ohko\n|\n|-heal|p2a: Dondozo|100\/100 brn|[from] item: Leftovers\n|-damage|p2a: Dondozo|94\/100 brn|[from] brn\n|upkeep\n|\n|t:|1698686867\n|switch|p1a: Naclstack|Naclstack, F, shiny|100\/100\n|turn|9\n|\n|t:|1698686873\n|-terastallize|p2a: Dondozo|Grass\n|move|p1a: Naclstack|Salt Cure|p2a: Dondozo\n|-crit|p2a: Dondozo\n|-damage|p2a: Dondozo|87\/100 brn\n|-start|p2a: Dondozo|Salt Cure\n|move|p2a: Dondozo|Fissure|p1a: Naclstack|[miss]\n|-miss|p2a: Dondozo|p1a: Naclstack\n|\n|-heal|p2a: Dondozo|93\/100 brn|[from] item: Leftovers\n|-damage|p2a: Dondozo|87\/100 brn|[from] brn\n|-damage|p2a: Dondozo|74\/100 brn|[from] Salt Cure\n|upkeep\n|turn|10\n|\n|t:|1698686890\n|switch|p1a: Sableye|Sableye, F|90\/100\n|move|p2a: Dondozo|Rest|p2a: Dondozo\n|-status|p2a: Dondozo|slp|[from] move: Rest\n|-heal|p2a: Dondozo|100\/100 slp|[silent]\n|\n|-heal|p1a: Sableye|97\/100|[from] item: Leftovers\n|-damage|p2a: Dondozo|88\/100 slp|[from] Salt Cure\n|upkeep\n|turn|11\n|\n|t:|1698686900\n|move|p1a: Sableye|Encore|p2a: Dondozo\n|-start|p2a: Dondozo|Encore\n|cant|p2a: Dondozo|slp\n|\n|-heal|p1a: Sableye|100\/100|[from] item: Leftovers\n|-heal|p2a: Dondozo|94\/100 slp|[from] item: Leftovers\n|-damage|p2a: Dondozo|82\/100 slp|[from] Salt Cure\n|upkeep\n|turn|12\n|\n|t:|1698686929\n|switch|p1a: Samurott|Samurott-Hisui, M|81\/100 par\n|switch|p2a: Ting-Lu|Ting-Lu|100\/100\n|-ability|p2a: Ting-Lu|Vessel of Ruin\n|\n|upkeep\n|turn|13\n|\n|t:|1698686936\n|switch|p2a: Dondozo|Dondozo, F, tera:Grass|82\/100 slp\n|cant|p1a: Samurott|par\n|\n|-heal|p2a: Dondozo|88\/100 slp|[from] item: Leftovers\n|upkeep\n|turn|14\n|\n|t:|1698686941\n|cant|p2a: Dondozo|slp\n|move|p2a: Dondozo|Sleep Talk|p2a: Dondozo\n|move|p2a: Dondozo|Waterfall|p1a: Samurott|[from]move: Sleep Talk\n|-resisted|p1a: Samurott\n|-damage|p1a: Samurott|68\/100 par\n|move|p1a: Samurott|Ceaseless Edge|p2a: Dondozo\n|-damage|p2a: Dondozo|64\/100 slp\n|-sidestart|p2: SukiLycaenion|Spikes\n|\n|-heal|p2a: Dondozo|70\/100 slp|[from] item: Leftovers\n|upkeep\n|turn|15\n|\n|t:|1698686953\n|-curestatus|p2a: Dondozo|slp|[msg]\n|move|p2a: Dondozo|Fissure|p1a: Samurott\n|-damage|p1a: Samurott|0 fnt\n|faint|p1a: Samurott\n|-ohko\n|\n|-heal|p2a: Dondozo|76\/100|[from] item: Leftovers\n|upkeep\n|\n|t:|1698686962\n|switch|p1a: Naclstack|Naclstack, F, shiny|100\/100\n|turn|16\n|\n|t:|1698686966\n|move|p1a: Naclstack|Salt Cure|p2a: Dondozo\n|-damage|p2a: Dondozo|71\/100\n|-start|p2a: Dondozo|Salt Cure\n|move|p2a: Dondozo|Fissure|p1a: Naclstack|[miss]\n|-miss|p2a: Dondozo|p1a: Naclstack\n|\n|-heal|p2a: Dondozo|77\/100|[from] item: Leftovers\n|-damage|p2a: Dondozo|64\/100|[from] Salt Cure\n|upkeep\n|turn|17\n|\n|t:|1698686971\n|move|p1a: Naclstack|Salt Cure|p2a: Dondozo\n|-damage|p2a: Dondozo|59\/100\n|move|p2a: Dondozo|Fissure|p1a: Naclstack\n|-damage|p1a: Naclstack|0 fnt\n|faint|p1a: Naclstack\n|-ohko\n|\n|-heal|p2a: Dondozo|65\/100|[from] item: Leftovers\n|-damage|p2a: Dondozo|53\/100|[from] Salt Cure\n|upkeep\n|\n|t:|1698686979\n|switch|p1a: Sableye|Sableye, F|100\/100\n|turn|18\n|\n|t:|1698686986\n|move|p1a: Sableye|Protect|p1a: Sableye\n|-singleturn|p1a: Sableye|Protect\n|move|p2a: Dondozo|Rest|p2a: Dondozo\n|-status|p2a: Dondozo|slp|[from] move: Rest\n|-heal|p2a: Dondozo|100\/100 slp|[silent]\n|\n|-damage|p2a: Dondozo|88\/100 slp|[from] Salt Cure\n|upkeep\n|turn|19\n|\n|t:|1698686993\n|switch|p2a: Persian|Persian-Alola, F|100\/100\n|-damage|p2a: Persian|88\/100|[from] Spikes\n|move|p1a: Sableye|Encore|p2a: Persian\n|-hint|Since gen 7, Dark is immune to Prankster moves.\n|-immune|p2a: Persian\n|\n|upkeep\n|turn|20\n|\n|t:|1698687007\n|switch|p2a: Dondozo|Dondozo, F, tera:Grass|88\/100 slp\n|-damage|p2a: Dondozo|75\/100 slp|[from] Spikes\n|switch|p1a: Glimmora|Glimmora, F|100\/100\n|\n|-heal|p2a: Dondozo|82\/100 slp|[from] item: Leftovers\n|upkeep\n|turn|21\n|\n|t:|1698687015\n|move|p1a: Glimmora|Sludge Wave|p2a: Dondozo\n|-supereffective|p2a: Dondozo\n|-damage|p2a: Dondozo|15\/100 slp\n|cant|p2a: Dondozo|slp\n|move|p2a: Dondozo|Sleep Talk|p2a: Dondozo\n|move|p2a: Dondozo|Waterfall|p1a: Glimmora|[from]move: Sleep Talk\n|-supereffective|p1a: Glimmora\n|-damage|p1a: Glimmora|43\/100\n|-activate|p1a: Glimmora|ability: Toxic Debris\n|-sidestart|p2: SukiLycaenion|move: Toxic Spikes\n|\n|-heal|p2a: Dondozo|21\/100 slp|[from] item: Leftovers\n|upkeep\n|turn|22\n|\n|t:|1698687029\n|move|p1a: Glimmora|Sludge Wave|p2a: Dondozo\n|-supereffective|p2a: Dondozo\n|-damage|p2a: Dondozo|0 fnt\n|faint|p2a: Dondozo\n|\n|upkeep\n|\n|t:|1698687038\n|switch|p2a: Ting-Lu|Ting-Lu|100\/100\n|-damage|p2a: Ting-Lu|88\/100|[from] Spikes\n|-status|p2a: Ting-Lu|psn\n|-ability|p2a: Ting-Lu|Vessel of Ruin\n|turn|23\n|\n|t:|1698687044\n|switch|p1a: Sableye|Sableye, F|100\/100\n|move|p2a: Ting-Lu|Snarl|p1a: Sableye\n|-damage|p1a: Sableye|82\/100\n|-unboost|p1a: Sableye|spa|1\n|\n|-heal|p1a: Sableye|88\/100|[from] item: Leftovers\n|-heal|p2a: Ting-Lu|94\/100 psn|[from] item: Leftovers\n|-damage|p2a: Ting-Lu|82\/100 psn|[from] psn\n|upkeep\n|turn|24\n|\n|t:|1698687049\n|move|p1a: Sableye|Encore|p2a: Ting-Lu\n|-hint|Since gen 7, Dark is immune to Prankster moves.\n|-immune|p2a: Ting-Lu\n|move|p2a: Ting-Lu|Fissure|p1a: Sableye|[miss]\n|-miss|p2a: Ting-Lu|p1a: Sableye\n|\n|-heal|p1a: Sableye|94\/100|[from] item: Leftovers\n|-heal|p2a: Ting-Lu|88\/100 psn|[from] item: Leftovers\n|-damage|p2a: Ting-Lu|76\/100 psn|[from] psn\n|upkeep\n|turn|25\n|\n|t:|1698687061\n|move|p1a: Sableye|Protect|p1a: Sableye\n|-singleturn|p1a: Sableye|Protect\n|move|p2a: Ting-Lu|Rest|p2a: Ting-Lu\n|-status|p2a: Ting-Lu|slp|[from] move: Rest\n|-heal|p2a: Ting-Lu|100\/100 slp|[silent]\n|\n|-heal|p1a: Sableye|100\/100|[from] item: Leftovers\n|upkeep\n|turn|26\n|\n|t:|1698687073\n|switch|p1a: Basculegion|Basculegion-F, F|100\/100\n|cant|p2a: Ting-Lu|slp\n|move|p2a: Ting-Lu|Sleep Talk|p2a: Ting-Lu\n|move|p2a: Ting-Lu|Fissure|p1a: Basculegion|[from]move: Sleep Talk\n|-damage|p1a: Basculegion|0 fnt\n|faint|p1a: Basculegion\n|-ohko\n|\n|upkeep\n|\n|t:|1698687080\n|switch|p1a: Glimmora|Glimmora, F|43\/100\n|turn|27\n|\n|t:|1698687086\n|move|p1a: Glimmora|Dazzling Gleam|p2a: Ting-Lu\n|-supereffective|p2a: Ting-Lu\n|-damage|p2a: Ting-Lu|72\/100 slp\n|cant|p2a: Ting-Lu|slp\n|move|p2a: Ting-Lu|Sleep Talk|p2a: Ting-Lu\n|move|p2a: Ting-Lu|Rest||[from]move: Sleep Talk|[still]\n|-fail|p2a: Ting-Lu\n|\n|-heal|p2a: Ting-Lu|79\/100 slp|[from] item: Leftovers\n|upkeep\n|turn|28\n|\n|t:|1698687095\n|move|p1a: Glimmora|Dazzling Gleam|p2a: Ting-Lu\n|-supereffective|p2a: Ting-Lu\n|-crit|p2a: Ting-Lu\n|-damage|p2a: Ting-Lu|36\/100 slp\n|-curestatus|p2a: Ting-Lu|slp|[msg]\n|move|p2a: Ting-Lu|Snarl|p1a: Glimmora\n|-damage|p1a: Glimmora|29\/100\n|-unboost|p1a: Glimmora|spa|1\n|\n|-heal|p2a: Ting-Lu|42\/100|[from] item: Leftovers\n|upkeep\n|turn|29\n|\n|t:|1698687100\n|move|p1a: Glimmora|Dazzling Gleam|p2a: Ting-Lu\n|-supereffective|p2a: Ting-Lu\n|-damage|p2a: Ting-Lu|22\/100\n|move|p2a: Ting-Lu|Rest|p2a: Ting-Lu\n|-status|p2a: Ting-Lu|slp|[from] move: Rest\n|-heal|p2a: Ting-Lu|100\/100 slp|[silent]\n|\n|upkeep\n|turn|30\n|\n|t:|1698687105\n|switch|p1a: Sableye|Sableye, F|100\/100\n|cant|p2a: Ting-Lu|slp\n|move|p2a: Ting-Lu|Sleep Talk|p2a: Ting-Lu\n|move|p2a: Ting-Lu|Rest||[from]move: Sleep Talk|[still]\n|-fail|p2a: Ting-Lu\n|\n|upkeep\n|turn|31\n|\n|t:|1698687113\n|move|p1a: Sableye|Encore|p2a: Ting-Lu\n|-hint|Since gen 7, Dark is immune to Prankster moves.\n|-immune|p2a: Ting-Lu\n|cant|p2a: Ting-Lu|slp\n|move|p2a: Ting-Lu|Sleep Talk|p2a: Ting-Lu\n|move|p2a: Ting-Lu|Snarl|p1a: Sableye|[from]move: Sleep Talk\n|-damage|p1a: Sableye|82\/100\n|-unboost|p1a: Sableye|spa|1\n|\n|-heal|p1a: Sableye|88\/100|[from] item: Leftovers\n|upkeep\n|turn|32\n|-message|PhotosFromJames forfeited.\n|\n|win|SukiLycaenion\n|raw|PhotosFromJames's rating: 1350 &rarr; <strong>1335<\/strong><br \/>(-15 for losing)\n|raw|SukiLycaenion's rating: 1437 &rarr; <strong>1452<\/strong><br \/>(+15 for winning)\n|l|\u2606PhotosFromJames\n","uploadtime":1698687152,"views":7,"p1id":"photosfromjames","p2id":"sukilycaenion","formatid":"gen9anythinggoes","rating":1335,"private":0,"password":""}