{"id":"gen9anythinggoes-1972766615","p1":"El Rey Primo","p2":"AmvieR","format":"[Gen 9] Anything Goes","log":"|j|\u2606El Rey Primo\n|j|\u2606AmvieR\n|t:|1697892053\n|gametype|singles\n|player|p1|El Rey Primo|juan|\n|player|p2|AmvieR|acetrainerf-gen4dp|\n|teamsize|p1|6\n|teamsize|p2|6\n|gen|9\n|tier|[Gen 9] Anything Goes\n|rule|HP Percentage Mod: HP is shown in percentages\n|rule|Endless Battle Clause: Forcing endless battles is banned\n|clearpoke\n|poke|p1|Cinderace, F|\n|poke|p1|Empoleon, M|\n|poke|p1|Sneasler, F|\n|poke|p1|Ribombee, F|\n|poke|p1|Rillaboom, M|\n|poke|p1|Uxie|\n|poke|p2|Ninetales-Alola, M|\n|poke|p2|Iron Bundle|\n|poke|p2|Toxapex, M|\n|poke|p2|Jumpluff, M|\n|poke|p2|Dragalge, M|\n|poke|p2|Articuno-Galar|\n|teampreview\n|j| Sportaflops\n|\n|t:|1697892089\n|start\n|switch|p1a: Empeleon|Empoleon, M|100\/100\n|switch|p2a: Star Shit Strike|Iron Bundle|100\/100\n|turn|1\n|\n|t:|1697892093\n|move|p2a: Star Shit Strike|Freeze-Dry|p1a: Empeleon\n|-damage|p1a: Empeleon|69\/100\n|-damage|p2a: Star Shit Strike|91\/100|[from] item: Life Orb\n|move|p1a: Empeleon|Stealth Rock|p2a: Star Shit Strike\n|-sidestart|p2: AmvieR|move: Stealth Rock\n|\n|upkeep\n|turn|2\n|\n|t:|1697892102\n|move|p2a: Star Shit Strike|Encore|p1a: Empeleon\n|-start|p1a: Empeleon|Encore\n|move|p1a: Empeleon|Stealth Rock||[still]\n|-fail|p1a: Empeleon\n|\n|upkeep\n|turn|3\n|\n|t:|1697892128\n|switch|p1a: Chopper|Uxie, shiny|100\/100\n|move|p2a: Star Shit Strike|Freeze-Dry|p1a: Chopper\n|-damage|p1a: Chopper|63\/100\n|-damage|p2a: Star Shit Strike|81\/100|[from] item: Life Orb\n|\n|upkeep\n|turn|4\n|\n|t:|1697892135\n|switch|p1a: Empeleon|Empoleon, M|69\/100\n|move|p2a: Star Shit Strike|Hydro Pump|p1a: Empeleon\n|-resisted|p1a: Empeleon\n|-damage|p1a: Empeleon|47\/100\n|-damage|p2a: Star Shit Strike|71\/100|[from] item: Life Orb\n|\n|upkeep\n|turn|5\n|\n|t:|1697892140\n|move|p2a: Star Shit Strike|Freeze-Dry|p1a: Empeleon\n|-damage|p1a: Empeleon|19\/100\n|-damage|p2a: Star Shit Strike|61\/100|[from] item: Life Orb\n|move|p1a: Empeleon|Roost|p1a: Empeleon\n|-heal|p1a: Empeleon|69\/100\n|-singleturn|p1a: Empeleon|move: Roost\n|\n|upkeep\n|turn|6\n|\n|t:|1697892146\n|move|p2a: Star Shit Strike|Encore|p1a: Empeleon\n|-start|p1a: Empeleon|Encore\n|move|p1a: Empeleon|Roost|p1a: Empeleon\n|-heal|p1a: Empeleon|100\/100\n|-singleturn|p1a: Empeleon|move: Roost\n|\n|upkeep\n|turn|7\n|\n|t:|1697892153\n|move|p2a: Star Shit Strike|Freeze-Dry|p1a: Empeleon\n|-damage|p1a: Empeleon|70\/100\n|-damage|p2a: Star Shit Strike|51\/100|[from] item: Life Orb\n|move|p1a: Empeleon|Roost|p1a: Empeleon\n|-heal|p1a: Empeleon|100\/100\n|-singleturn|p1a: Empeleon|move: Roost\n|\n|upkeep\n|turn|8\n|\n|t:|1697892165\n|move|p2a: Star Shit Strike|Freeze-Dry|p1a: Empeleon\n|-crit|p1a: Empeleon\n|-damage|p1a: Empeleon|55\/100\n|-status|p1a: Empeleon|frz\n|-damage|p2a: Star Shit Strike|41\/100|[from] item: Life Orb\n|cant|p1a: Empeleon|frz\n|\n|-end|p1a: Empeleon|Encore\n|upkeep\n|turn|9\n|\n|t:|1697892176\n|move|p2a: Star Shit Strike|Freeze-Dry|p1a: Empeleon\n|-damage|p1a: Empeleon|27\/100 frz\n|-damage|p2a: Star Shit Strike|31\/100|[from] item: Life Orb\n|cant|p1a: Empeleon|frz\n|\n|upkeep\n|turn|10\n|\n|t:|1697892183\n|move|p2a: Star Shit Strike|Freeze-Dry|p1a: Empeleon\n|-damage|p1a: Empeleon|0 fnt\n|faint|p1a: Empeleon\n|-damage|p2a: Star Shit Strike|21\/100|[from] item: Life Orb\n|\n|upkeep\n|\n|t:|1697892197\n|switch|p1a: Monkey D. Grookey|Rillaboom, M|100\/100\n|-fieldstart|move: Grassy Terrain|[from] ability: Grassy Surge|[of] p1a: Monkey D. Grookey\n|turn|11\n|\n|t:|1697892204\n|move|p1a: Monkey D. Grookey|Grassy Glide|p2a: Star Shit Strike\n|-supereffective|p2a: Star Shit Strike\n|-damage|p2a: Star Shit Strike|0 fnt\n|faint|p2a: Star Shit Strike\n|-end|p2a: Star Shit Strike|Quark Drive|[silent]\n|\n|upkeep\n|\n|t:|1697892234\n|switch|p2a: Mei-shit|Jumpluff, M, shiny|100\/100\n|-damage|p2a: Mei-shit|76\/100|[from] Stealth Rock\n|turn|12\n|\n|t:|1697892259\n|switch|p1a: Cinder D. Ace|Cinderace, F|100\/100\n|-terastallize|p2a: Mei-shit|Fairy\n|move|p2a: Mei-shit|Tailwind|p2a: Mei-shit\n|-sidestart|p2: AmvieR|move: Tailwind\n|\n|-heal|p2a: Mei-shit|82\/100|[from] Grassy Terrain\n|upkeep\n|turn|13\n|\n|t:|1697892274\n|move|p2a: Mei-shit|Acrobatics|p1a: Cinder D. Ace\n|-crit|p1a: Cinder D. Ace\n|-damage|p1a: Cinder D. Ace|61\/100\n|move|p1a: Cinder D. Ace|Pyro Ball|p2a: Mei-shit\n|-damage|p2a: Mei-shit|0 fnt\n|faint|p2a: Mei-shit\n|\n|-heal|p1a: Cinder D. Ace|67\/100|[from] Grassy Terrain\n|upkeep\n|\n|t:|1697892295\n|switch|p2a: aMIDzing zaku|Toxapex, M, shiny|100\/100\n|-damage|p2a: aMIDzing zaku|88\/100|[from] Stealth Rock\n|turn|14\n|\n|t:|1697892330\n|move|p1a: Cinder D. Ace|U-turn|p2a: aMIDzing zaku\n|-start|p1a: Cinder D. Ace|typechange|Bug|[from] ability: Libero\n|-resisted|p2a: aMIDzing zaku\n|-damage|p2a: aMIDzing zaku|78\/100\n|\n|t:|1697892334\n|switch|p1a: Monkey D. Grookey|Rillaboom, M|100\/100|[from] U-turn\n|move|p2a: aMIDzing zaku|Surf|p1a: Monkey D. Grookey\n|-resisted|p1a: Monkey D. Grookey\n|-damage|p1a: Monkey D. Grookey|87\/100\n|\n|-heal|p1a: Monkey D. Grookey|93\/100|[from] Grassy Terrain\n|-heal|p2a: aMIDzing zaku|84\/100|[from] Grassy Terrain\n|-heal|p2a: aMIDzing zaku|91\/100|[from] item: Black Sludge\n|upkeep\n|turn|15\n|\n|t:|1697892350\n|move|p2a: aMIDzing zaku|Baneful Bunker|p2a: aMIDzing zaku\n|-singleturn|p2a: aMIDzing zaku|move: Protect\n|move|p1a: Monkey D. Grookey|U-turn|p2a: aMIDzing zaku\n|-activate|p2a: aMIDzing zaku|move: Protect\n|-status|p1a: Monkey D. Grookey|psn\n|\n|-heal|p1a: Monkey D. Grookey|99\/100 psn|[from] Grassy Terrain\n|-heal|p2a: aMIDzing zaku|97\/100|[from] Grassy Terrain\n|-heal|p2a: aMIDzing zaku|100\/100|[from] item: Black Sludge\n|-damage|p1a: Monkey D. Grookey|87\/100 psn|[from] psn\n|-sideend|p2: AmvieR|move: Tailwind\n|-fieldend|move: Grassy Terrain\n|upkeep\n|turn|16\n|\n|t:|1697892380\n|move|p1a: Monkey D. Grookey|U-turn|p2a: aMIDzing zaku\n|-resisted|p2a: aMIDzing zaku\n|-damage|p2a: aMIDzing zaku|88\/100\n|\n|t:|1697892384\n|switch|p1a: Nico Ribombee|Ribombee, F|100\/100|[from] U-turn\n|move|p2a: aMIDzing zaku|Surf|p1a: Nico Ribombee\n|-damage|p1a: Nico Ribombee|69\/100\n|\n|-heal|p2a: aMIDzing zaku|94\/100|[from] item: Black Sludge\n|upkeep\n|turn|17\n|\n|t:|1697892397\n|move|p1a: Nico Ribombee|Sticky Web|p2a: aMIDzing zaku\n|-sidestart|p2: AmvieR|move: Sticky Web\n|move|p2a: aMIDzing zaku|Surf|p1a: Nico Ribombee\n|-damage|p1a: Nico Ribombee|36\/100\n|\n|-heal|p2a: aMIDzing zaku|100\/100|[from] item: Black Sludge\n|upkeep\n|turn|18\n|\n|t:|1697892402\n|move|p1a: Nico Ribombee|Stun Spore|p2a: aMIDzing zaku\n|-status|p2a: aMIDzing zaku|par\n|move|p2a: aMIDzing zaku|Surf|p1a: Nico Ribombee\n|-damage|p1a: Nico Ribombee|5\/100\n|\n|upkeep\n|turn|19\n|\n|t:|1697892410\n|switch|p1a: Monkey D. Grookey|Rillaboom, M|87\/100 psn\n|-fieldstart|move: Grassy Terrain|[from] ability: Grassy Surge|[of] p1a: Monkey D. Grookey\n|move|p2a: aMIDzing zaku|Baneful Bunker||[still]\n|-fail|p2a: aMIDzing zaku\n|\n|-heal|p1a: Monkey D. Grookey|93\/100 psn|[from] Grassy Terrain\n|-damage|p1a: Monkey D. Grookey|81\/100 psn|[from] psn\n|upkeep\n|turn|20\n|\n|t:|1697892420\n|move|p2a: aMIDzing zaku|Baneful Bunker|p2a: aMIDzing zaku\n|-singleturn|p2a: aMIDzing zaku|move: Protect\n|move|p1a: Monkey D. Grookey|Wood Hammer|p2a: aMIDzing zaku\n|-activate|p2a: aMIDzing zaku|move: Protect\n|\n|-heal|p1a: Monkey D. Grookey|87\/100 psn|[from] Grassy Terrain\n|-damage|p1a: Monkey D. Grookey|75\/100 psn|[from] psn\n|upkeep\n|turn|21\n|\n|t:|1697892433\n|switch|p1a: Chopper|Uxie, shiny|63\/100\n|-enditem|p1a: Chopper|Grassy Seed\n|-boost|p1a: Chopper|def|1|[from] item: Grassy Seed\n|move|p2a: aMIDzing zaku|Surf|p1a: Chopper\n|-damage|p1a: Chopper|49\/100\n|\n|upkeep\n|turn|22\n|\n|t:|1697892442\n|move|p1a: Chopper|Substitute|p1a: Chopper\n|-start|p1a: Chopper|Substitute\n|-damage|p1a: Chopper|24\/100\n|move|p2a: aMIDzing zaku|Haze|p2a: aMIDzing zaku\n|-clearallboost\n|\n|upkeep\n|turn|23\n|\n|t:|1697892448\n|move|p1a: Chopper|Calm Mind|p1a: Chopper\n|-boost|p1a: Chopper|spa|1\n|-boost|p1a: Chopper|spd|1\n|move|p2a: aMIDzing zaku|Surf|p1a: Chopper\n|-activate|p1a: Chopper|move: Substitute|[damage]\n|\n|-fieldend|move: Grassy Terrain\n|upkeep\n|turn|24\n|\n|t:|1697892456\n|move|p1a: Chopper|Stored Power|p2a: aMIDzing zaku\n|-supereffective|p2a: aMIDzing zaku\n|-damage|p2a: aMIDzing zaku|50\/100 par\n|move|p2a: aMIDzing zaku|Haze|p2a: aMIDzing zaku\n|-clearallboost\n|\n|-heal|p2a: aMIDzing zaku|57\/100 par|[from] item: Black Sludge\n|upkeep\n|turn|25\n|\n|t:|1697892462\n|move|p1a: Chopper|Calm Mind|p1a: Chopper\n|-boost|p1a: Chopper|spa|1\n|-boost|p1a: Chopper|spd|1\n|move|p2a: aMIDzing zaku|Recover|p2a: aMIDzing zaku\n|-heal|p2a: aMIDzing zaku|100\/100 par\n|\n|upkeep\n|turn|26\n|\n|t:|1697892466\n|cant|p2a: aMIDzing zaku|par\n|move|p1a: Chopper|Stored Power|p2a: aMIDzing zaku\n|-supereffective|p2a: aMIDzing zaku\n|-damage|p2a: aMIDzing zaku|49\/100 par\n|\n|-heal|p2a: aMIDzing zaku|55\/100 par|[from] item: Black Sludge\n|upkeep\n|turn|27\n|\n|t:|1697892477\n|move|p1a: Chopper|Stored Power|p2a: aMIDzing zaku\n|-supereffective|p2a: aMIDzing zaku\n|-damage|p2a: aMIDzing zaku|0 fnt\n|faint|p2a: aMIDzing zaku\n|\n|upkeep\n|\n|t:|1697892487\n|switch|p2a: MID Fighters|Ninetales-Alola, M, shiny|100\/100\n|-damage|p2a: MID Fighters|76\/100|[from] Stealth Rock\n|-activate|p2a: MID Fighters|move: Sticky Web\n|-unboost|p2a: MID Fighters|spe|1\n|-weather|Snow|[from] ability: Snow Warning|[of] p2a: MID Fighters\n|turn|28\n|\n|t:|1697892510\n|move|p2a: MID Fighters|Aurora Veil|p2a: MID Fighters\n|-sidestart|p2: AmvieR|move: Aurora Veil\n|move|p1a: Chopper|Draining Kiss|p2a: MID Fighters\n|-damage|p2a: MID Fighters|65\/100\n|-heal|p1a: Chopper|30\/100|[from] drain|[of] p2a: MID Fighters\n|\n|-weather|Snow|[upkeep]\n|upkeep\n|turn|29\n|\n|t:|1697892516\n|move|p2a: MID Fighters|Blizzard|p1a: Chopper\n|-end|p1a: Chopper|Substitute\n|move|p1a: Chopper|Calm Mind|p1a: Chopper\n|-boost|p1a: Chopper|spa|1\n|-boost|p1a: Chopper|spd|1\n|\n|-weather|Snow|[upkeep]\n|upkeep\n|turn|30\n|\n|t:|1697892521\n|move|p2a: MID Fighters|Blizzard|p1a: Chopper\n|-damage|p1a: Chopper|13\/100\n|move|p1a: Chopper|Draining Kiss|p2a: MID Fighters\n|-damage|p2a: MID Fighters|51\/100\n|-heal|p1a: Chopper|22\/100|[from] drain|[of] p2a: MID Fighters\n|\n|-weather|Snow|[upkeep]\n|upkeep\n|turn|31\n|\n|t:|1697892529\n|move|p2a: MID Fighters|Blizzard|p1a: Chopper\n|-damage|p1a: Chopper|5\/100\n|-status|p1a: Chopper|frz\n|cant|p1a: Chopper|frz\n|\n|-weather|Snow|[upkeep]\n|upkeep\n|turn|32\n|\n|t:|1697892538\n|move|p2a: MID Fighters|Blizzard|p1a: Chopper\n|-damage|p1a: Chopper|0 fnt\n|faint|p1a: Chopper\n|\n|-weather|none\n|upkeep\n|\n|t:|1697892555\n|switch|p1a: Cinder D. Ace|Cinderace, F|67\/100\n|turn|33\n|\n|t:|1697892564\n|move|p1a: Cinder D. Ace|Pyro Ball|p2a: MID Fighters\n|-supereffective|p2a: MID Fighters\n|-damage|p2a: MID Fighters|0 fnt\n|faint|p2a: MID Fighters\n|\n|upkeep\n|\n|t:|1697892567\n|switch|p2a: I'm out of|Dragalge, M, shiny|100\/100\n|-damage|p2a: I'm out of|88\/100|[from] Stealth Rock\n|-activate|p2a: I'm out of|move: Sticky Web\n|-unboost|p2a: I'm out of|spe|1\n|turn|34\n|\n|t:|1697892580\n|move|p1a: Cinder D. Ace|U-turn|p2a: I'm out of\n|-start|p1a: Cinder D. Ace|typechange|Bug|[from] ability: Libero\n|-resisted|p2a: I'm out of\n|-damage|p2a: I'm out of|79\/100\n|\n|t:|1697892583\n|switch|p1a: Nico Ribombee|Ribombee, F|5\/100|[from] U-turn\n|move|p2a: I'm out of|Flip Turn|p1a: Nico Ribombee\n|-damage|p1a: Nico Ribombee|0 fnt\n|faint|p1a: Nico Ribombee\n|\n|t:|1697892587\n|switch|p2a: BF insults tbh|Articuno-Galar|100\/100|[from] Flip Turn\n|\n|upkeep\n|\n|t:|1697892619\n|switch|p1a: Monkey D. Grookey|Rillaboom, M|75\/100 psn\n|-fieldstart|move: Grassy Terrain|[from] ability: Grassy Surge|[of] p1a: Monkey D. Grookey\n|turn|35\n|\n|t:|1697892623\n|move|p2a: BF insults tbh|Air Slash|p1a: Monkey D. Grookey\n|-supereffective|p1a: Monkey D. Grookey\n|-damage|p1a: Monkey D. Grookey|0 fnt\n|faint|p1a: Monkey D. Grookey\n|\n|-sideend|p2: AmvieR|move: Aurora Veil\n|upkeep\n|\n|t:|1697892634\n|switch|p1a: Cinder D. Ace|Cinderace, F|67\/100\n|turn|36\n|\n|t:|1697892643\n|move|p1a: Cinder D. Ace|Pyro Ball|p2a: BF insults tbh\n|-damage|p2a: BF insults tbh|35\/100\n|-status|p2a: BF insults tbh|brn\n|move|p2a: BF insults tbh|Freezing Glare|p1a: Cinder D. Ace\n|-damage|p1a: Cinder D. Ace|0 fnt\n|faint|p1a: Cinder D. Ace\n|\n|-damage|p2a: BF insults tbh|29\/100 brn|[from] brn\n|upkeep\n|\n|t:|1697892649\n|switch|p1a: Captain Kuro|Sneasler, F|100\/100\n|-enditem|p1a: Captain Kuro|Grassy Seed\n|-boost|p1a: Captain Kuro|def|1|[from] item: Grassy Seed\n|turn|37\n|\n|t:|1697892656\n|move|p1a: Captain Kuro|Dire Claw|p2a: BF insults tbh\n|-damage|p2a: BF insults tbh|0 fnt\n|faint|p2a: BF insults tbh\n|\n|upkeep\n|\n|t:|1697892659\n|switch|p2a: I'm out of|Dragalge, M, shiny|79\/100\n|-damage|p2a: I'm out of|67\/100|[from] Stealth Rock\n|-activate|p2a: I'm out of|move: Sticky Web\n|-unboost|p2a: I'm out of|spe|1\n|turn|38\n|\n|t:|1697892674\n|move|p1a: Captain Kuro|Dire Claw|p2a: I'm out of\n|-resisted|p2a: I'm out of\n|-damage|p2a: I'm out of|39\/100\n|-status|p2a: I'm out of|slp\n|cant|p2a: I'm out of|slp\n|\n|-heal|p2a: I'm out of|45\/100 slp|[from] Grassy Terrain\n|-heal|p2a: I'm out of|51\/100 slp|[from] item: Leftovers\n|upkeep\n|turn|39\n|\n|t:|1697892688\n|move|p1a: Captain Kuro|Swords Dance|p1a: Captain Kuro\n|-boost|p1a: Captain Kuro|atk|2\n|cant|p2a: I'm out of|slp\n|\n|-heal|p2a: I'm out of|57\/100 slp|[from] Grassy Terrain\n|-heal|p2a: I'm out of|63\/100 slp|[from] item: Leftovers\n|-fieldend|move: Grassy Terrain\n|upkeep\n|turn|40\n|\n|t:|1697892727\n|move|p1a: Captain Kuro|Close Combat|p2a: I'm out of\n|-resisted|p2a: I'm out of\n|-damage|p2a: I'm out of|0 fnt\n|-unboost|p1a: Captain Kuro|def|1\n|-unboost|p1a: Captain Kuro|spd|1\n|faint|p2a: I'm out of\n|\n|win|El Rey Primo\n|l| Sportaflops\n","uploadtime":1697892741,"views":14,"p1id":"elreyprimo","p2id":"amvier","formatid":"gen9anythinggoes","rating":0,"private":0,"password":""}