{"id":"gen9anythinggoes-1990073221","p1":"Rowan_Rocket","p2":"chico linguiceta","format":"[Gen 9] Anything Goes","log":"|j|\u2606Rowan_Rocket\n|j|\u2606chico linguiceta\n|t:|1699921648\n|gametype|singles\n|player|p1|Rowan_Rocket|rocketgruntf|1164\n|player|p2|chico linguiceta|harlequin|1198\n|teamsize|p1|6\n|teamsize|p2|6\n|gen|9\n|tier|[Gen 9] Anything Goes\n|rated|\n|rule|HP Percentage Mod: HP is shown in percentages\n|rule|Endless Battle Clause: Forcing endless battles is banned\n|clearpoke\n|poke|p1|Ninetales-Alola, M|\n|poke|p1|Cetitan, M|\n|poke|p1|Avalugg-Hisui, F|\n|poke|p1|Eiscue, F|\n|poke|p1|Sandslash-Alola, M|\n|poke|p1|Frosmoth, M|\n|poke|p2|Poliwrath, M|\n|poke|p2|Ludicolo, F|\n|poke|p2|Quagsire, F|\n|poke|p2|Dragonite, M|\n|poke|p2|Salazzle, F|\n|poke|p2|Pelipper, F|\n|teampreview\n|\n|t:|1699921663\n|start\n|switch|p1a: Ninetales|Ninetales-Alola, M|100\/100\n|switch|p2a: Salazzle|Salazzle, F, shiny|100\/100\n|-weather|Snow|[from] ability: Snow Warning|[of] p1a: Ninetales\n|turn|1\n|\n|t:|1699921680\n|move|p1a: Ninetales|Extrasensory|p2a: Salazzle\n|-supereffective|p2a: Salazzle\n|-damage|p2a: Salazzle|22\/100\n|move|p2a: Salazzle|Substitute|p2a: Salazzle\n|-fail|p2a: Salazzle|move: Substitute|[weak]\n|\n|-weather|Snow|[upkeep]\n|upkeep\n|turn|2\n|\n|t:|1699921691\n|switch|p2a: Pelipper|Pelipper, F|100\/100\n|-weather|RainDance|[from] ability: Drizzle|[of] p2a: Pelipper\n|move|p1a: Ninetales|Extrasensory|p2a: Pelipper\n|-damage|p2a: Pelipper|67\/100\n|\n|-weather|RainDance|[upkeep]\n|upkeep\n|turn|3\n|\n|t:|1699921701\n|move|p1a: Ninetales|Freeze-Dry|p2a: Pelipper\n|-supereffective|p2a: Pelipper\n|-damage|p2a: Pelipper|0 fnt\n|faint|p2a: Pelipper\n|\n|-weather|RainDance|[upkeep]\n|upkeep\n|\n|t:|1699921710\n|switch|p2a: Poliwrath|Poliwrath, M|100\/100\n|turn|4\n|\n|t:|1699921714\n|switch|p1a: Eiscue|Eiscue, F|100\/100\n|move|p2a: Poliwrath|Close Combat|p1a: Eiscue\n|-activate|p1a: Eiscue|ability: Ice Face\n|-damage|p1a: Eiscue|100\/100\n|-unboost|p2a: Poliwrath|def|1\n|-unboost|p2a: Poliwrath|spd|1\n|detailschange|p1a: Eiscue|Eiscue-Noice, F\n|\n|-weather|RainDance|[upkeep]\n|upkeep\n|turn|5\n|\n|t:|1699921730\n|move|p2a: Poliwrath|Close Combat|p1a: Eiscue\n|-supereffective|p1a: Eiscue\n|-damage|p1a: Eiscue|0 fnt\n|-unboost|p2a: Poliwrath|def|1\n|-unboost|p2a: Poliwrath|spd|1\n|faint|p1a: Eiscue\n|\n|-weather|RainDance|[upkeep]\n|upkeep\n|\n|t:|1699921739\n|switch|p1a: Ninetales|Ninetales-Alola, M|100\/100\n|-weather|Snow|[from] ability: Snow Warning|[of] p1a: Ninetales\n|turn|6\n|\n|t:|1699921744\n|switch|p2a: Salazzle|Salazzle, F, shiny|22\/100\n|move|p1a: Ninetales|Aurora Veil|p1a: Ninetales\n|-sidestart|p1: Rowan_Rocket|move: Aurora Veil\n|\n|-weather|Snow|[upkeep]\n|upkeep\n|turn|7\n|\n|t:|1699921751\n|move|p1a: Ninetales|Extrasensory|p2a: Salazzle\n|-supereffective|p2a: Salazzle\n|-damage|p2a: Salazzle|0 fnt\n|faint|p2a: Salazzle\n|\n|-weather|Snow|[upkeep]\n|upkeep\n|-message|chico linguiceta forfeited.\n|\n|win|Rowan_Rocket\n|raw|Rowan_Rocket's rating: 1164 &rarr; <strong>1191<\/strong><br \/>(+27 for winning)\n|raw|chico linguiceta's rating: 1198 &rarr; <strong>1171<\/strong><br \/>(-27 for losing)\n|l|\u2606chico linguiceta\n","uploadtime":1699921764,"views":8,"p1id":"rowanrocket","p2id":"chicolinguiceta","formatid":"gen9anythinggoes","rating":1171,"private":0,"password":""}