{"id":"gen9anythinggoes-1977363692","p1":"TTP_penguin1","p2":"Maracas11","format":"[Gen 9] Anything Goes","log":"|j|\u2606TTP_penguin1\n|j|\u2606Maracas11\n|t:|1698410017\n|gametype|singles\n|player|p1|TTP_penguin1|pokemaniac|1037\n|player|p2|Maracas11|169|1075\n|teamsize|p1|2\n|teamsize|p2|6\n|gen|9\n|tier|[Gen 9] Anything Goes\n|rated|\n|rule|HP Percentage Mod: HP is shown in percentages\n|rule|Endless Battle Clause: Forcing endless battles is banned\n|clearpoke\n|poke|p1|Grafaiai, F|\n|poke|p1|Cyclizar, M|\n|poke|p2|Dudunsparce-*, F|\n|poke|p2|Toxapex, M|\n|poke|p2|Cramorant, F|\n|poke|p2|Polteageist|\n|poke|p2|Mudsdale, M|\n|poke|p2|Magearna|\n|teampreview\n|inactive|Battle timer is ON: inactive players will automatically lose when time's up. (requested by TTP_penguin1)\n|\n|t:|1698410022\n|start\n|switch|p1a: Cyclizar|Cyclizar, M|100\/100\n|switch|p2a: toxic|Toxapex, M, shiny|100\/100\n|turn|1\n|\n|t:|1698410031\n|move|p1a: Cyclizar|Shed Tail|p1a: Cyclizar\n|-start|p1a: Cyclizar|Substitute|[from] move: Shed Tail\n|-damage|p1a: Cyclizar|50\/100\n|\n|t:|1698410061\n|switch|p1a: Grafaiai|Grafaiai, F|100\/100|[from] Shed Tail\n|move|p2a: toxic|Toxic Spikes|p1a: Grafaiai\n|-sidestart|p1: TTP_penguin1|move: Toxic Spikes\n|\n|upkeep\n|turn|2\n|\n|t:|1698410067\n|move|p2a: toxic|Toxic Spikes|p1a: Grafaiai\n|-sidestart|p1: TTP_penguin1|move: Toxic Spikes\n|move|p1a: Grafaiai|Dig||[still]\n|-prepare|p1a: Grafaiai|Dig\n|\n|upkeep\n|turn|3\n|\n|t:|1698410087\n|move|p2a: toxic|Baneful Bunker|p2a: toxic\n|-singleturn|p2a: toxic|move: Protect\n|move|p1a: Grafaiai|Dig|p2a: toxic|[from]lockedmove\n|-activate|p2a: toxic|move: Protect\n|\n|upkeep\n|turn|4\n|\n|t:|1698410098\n|switch|p2a: horse|Mudsdale, M, shiny|100\/100\n|move|p1a: Grafaiai|Copycat|p1a: Grafaiai\n|move|p1a: Grafaiai|Dig||[from]move: Copycat|[still]\n|-prepare|p1a: Grafaiai|Dig\n|\n|upkeep\n|turn|5\n|\n|t:|1698410116\n|move|p2a: horse|Earthquake|p1a: Grafaiai\n|-supereffective|p1a: Grafaiai\n|-end|p1a: Grafaiai|Substitute\n|move|p1a: Grafaiai|Dig|p2a: horse|[from]lockedmove\n|-damage|p2a: horse|82\/100\n|-ability|p2a: horse|Stamina|boost\n|-boost|p2a: horse|def|1\n|\n|upkeep\n|turn|6\n|\n|t:|1698410125\n|-terastallize|p1a: Grafaiai|Flying\n|move|p1a: Grafaiai|Copycat|p1a: Grafaiai\n|move|p1a: Grafaiai|Dig||[from]move: Copycat|[still]\n|-prepare|p1a: Grafaiai|Dig\n|move|p2a: horse|Earthquake|p1a: Grafaiai\n|-immune|p1a: Grafaiai\n|\n|upkeep\n|turn|7\n|c|\u2606TTP_penguin1|>:)\n|\n|t:|1698410135\n|move|p2a: horse|Heavy Slam|p1a: Grafaiai|[miss]\n|-miss|p2a: horse|p1a: Grafaiai\n|move|p1a: Grafaiai|Dig|p2a: horse|[from]lockedmove\n|-damage|p2a: horse|69\/100\n|-ability|p2a: horse|Stamina|boost\n|-boost|p2a: horse|def|1\n|\n|upkeep\n|turn|8\n|\n|t:|1698410146\n|move|p1a: Grafaiai|Copycat|p1a: Grafaiai\n|move|p1a: Grafaiai|Dig||[from]move: Copycat|[still]\n|-prepare|p1a: Grafaiai|Dig\n|move|p2a: horse|Heavy Slam|p1a: Grafaiai|[miss]\n|-miss|p2a: horse|p1a: Grafaiai\n|\n|upkeep\n|turn|9\n|inactive|Maracas11 has 120 seconds left.\n|\n|t:|1698410178\n|move|p2a: horse|Heavy Slam|p1a: Grafaiai|[miss]\n|-miss|p2a: horse|p1a: Grafaiai\n|move|p1a: Grafaiai|Dig|p2a: horse|[from]lockedmove\n|-damage|p2a: horse|59\/100\n|-ability|p2a: horse|Stamina|boost\n|-boost|p2a: horse|def|1\n|\n|upkeep\n|turn|10\n|inactive|Maracas11 has 120 seconds left.\n|\n|t:|1698410190\n|move|p1a: Grafaiai|Copycat|p1a: Grafaiai\n|move|p1a: Grafaiai|Dig||[from]move: Copycat|[still]\n|-prepare|p1a: Grafaiai|Dig\n|move|p2a: horse|Heavy Slam|p1a: Grafaiai|[miss]\n|-miss|p2a: horse|p1a: Grafaiai\n|\n|upkeep\n|turn|11\n|\n|t:|1698410202\n|move|p2a: horse|Body Press|p1a: Grafaiai|[miss]\n|-miss|p2a: horse|p1a: Grafaiai\n|move|p1a: Grafaiai|Dig|p2a: horse|[from]lockedmove\n|-damage|p2a: horse|52\/100\n|-ability|p2a: horse|Stamina|boost\n|-boost|p2a: horse|def|1\n|\n|upkeep\n|turn|12\n|inactive|Maracas11 has 120 seconds left.\n|\n|t:|1698410218\n|move|p1a: Grafaiai|Copycat|p1a: Grafaiai\n|move|p1a: Grafaiai|Dig||[from]move: Copycat|[still]\n|-prepare|p1a: Grafaiai|Dig\n|move|p2a: horse|Heavy Slam|p1a: Grafaiai|[miss]\n|-miss|p2a: horse|p1a: Grafaiai\n|\n|upkeep\n|turn|13\n|c|\u2606Maracas11|what are u doing\n|c|\u2606Maracas11|just stop\n|inactive|Maracas11 has 120 seconds left.\n|\n|t:|1698410239\n|move|p2a: horse|Heavy Slam|p1a: Grafaiai|[miss]\n|-miss|p2a: horse|p1a: Grafaiai\n|move|p1a: Grafaiai|Dig|p2a: horse|[from]lockedmove\n|-damage|p2a: horse|46\/100\n|-ability|p2a: horse|Stamina|boost\n|-boost|p2a: horse|def|1\n|\n|upkeep\n|turn|14\n|c|\u2606TTP_penguin1|no\n|c|\u2606TTP_penguin1|i will slowly bonk you to death\n|\n|t:|1698410256\n|move|p1a: Grafaiai|Copycat|p1a: Grafaiai\n|move|p1a: Grafaiai|Dig||[from]move: Copycat|[still]\n|-prepare|p1a: Grafaiai|Dig\n|move|p2a: horse|Heavy Slam|p1a: Grafaiai|[miss]\n|-miss|p2a: horse|p1a: Grafaiai\n|\n|upkeep\n|turn|15\n|\n|t:|1698410265\n|move|p2a: horse|Heavy Slam|p1a: Grafaiai|[miss]\n|-miss|p2a: horse|p1a: Grafaiai\n|move|p1a: Grafaiai|Dig|p2a: horse|[from]lockedmove\n|-damage|p2a: horse|40\/100\n|-ability|p2a: horse|Stamina|boost\n|-boost|p2a: horse|def|1\n|\n|upkeep\n|turn|16\n|\n|t:|1698410272\n|move|p1a: Grafaiai|Copycat|p1a: Grafaiai\n|move|p1a: Grafaiai|Dig||[from]move: Copycat|[still]\n|-prepare|p1a: Grafaiai|Dig\n|move|p2a: horse|Heavy Slam|p1a: Grafaiai|[miss]\n|-miss|p2a: horse|p1a: Grafaiai\n|\n|upkeep\n|turn|17\n|\n|t:|1698410278\n|move|p2a: horse|Earthquake|p1a: Grafaiai\n|-immune|p1a: Grafaiai\n|move|p1a: Grafaiai|Dig|p2a: horse|[from]lockedmove\n|-damage|p2a: horse|35\/100\n|\n|upkeep\n|turn|18\n|\n|t:|1698410283\n|move|p2a: horse|Earthquake|p1a: Grafaiai\n|-immune|p1a: Grafaiai\n|move|p1a: Grafaiai|Dig||[still]\n|-prepare|p1a: Grafaiai|Dig\n|\n|upkeep\n|turn|19\n|\n|t:|1698410288\n|move|p2a: horse|Earthquake|p1a: Grafaiai\n|-immune|p1a: Grafaiai\n|move|p1a: Grafaiai|Dig|p2a: horse|[from]lockedmove\n|-damage|p2a: horse|30\/100\n|\n|upkeep\n|turn|20\n|\n|t:|1698410293\n|move|p1a: Grafaiai|Copycat|p1a: Grafaiai\n|move|p1a: Grafaiai|Dig||[from]move: Copycat|[still]\n|-prepare|p1a: Grafaiai|Dig\n|move|p2a: horse|Rest|p2a: horse\n|-status|p2a: horse|slp|[from] move: Rest\n|-heal|p2a: horse|100\/100 slp|[silent]\n|-enditem|p2a: horse|Chesto Berry|[eat]\n|-curestatus|p2a: horse|slp|[msg]\n|\n|upkeep\n|turn|21\n|\n|t:|1698410304\n|move|p2a: horse|Earthquake|p1a: Grafaiai\n|-immune|p1a: Grafaiai\n|move|p1a: Grafaiai|Dig|p2a: horse|[from]lockedmove\n|-damage|p2a: horse|96\/100\n|\n|upkeep\n|turn|22\n|\n|t:|1698410330\n|move|p1a: Grafaiai|Copycat|p1a: Grafaiai\n|move|p1a: Grafaiai|Dig||[from]move: Copycat|[still]\n|-prepare|p1a: Grafaiai|Dig\n|move|p2a: horse|Earthquake|p1a: Grafaiai\n|-immune|p1a: Grafaiai\n|\n|upkeep\n|turn|23\n|-message|TTP_penguin1 forfeited.\n|\n|win|Maracas11\n|raw|TTP_penguin1's rating: 1074 &rarr; <strong>1053<\/strong><br \/>(-21 for losing)\n|raw|Maracas11's rating: 1075 &rarr; <strong>1104<\/strong><br \/>(+29 for winning)\n","uploadtime":1698410254,"views":12,"p1id":"ttppenguin1","p2id":"maracas11","formatid":"gen9anythinggoes","rating":1053,"private":0,"password":""}