{"id":"gen9anythinggoes-1982088360","p1":"MexicanTortoise","p2":"Kotalee","format":"[Gen 9] Anything Goes","log":"|j|\u2606MexicanTortoise\n|j|\u2606Kotalee\n|t:|1698966650\n|gametype|singles\n|player|p1|MexicanTortoise|pokemonranger-gen4|\n|player|p2|Kotalee|swimmer|\n|teamsize|p1|6\n|teamsize|p2|6\n|gen|9\n|tier|[Gen 9] Anything Goes\n|rule|HP Percentage Mod: HP is shown in percentages\n|rule|Endless Battle Clause: Forcing endless battles is banned\n|clearpoke\n|poke|p1|Annihilape, M|\n|poke|p1|Garchomp, F|\n|poke|p1|Iron Hands|\n|poke|p1|Volcanion|\n|poke|p1|Mew|\n|poke|p1|Sylveon, M|\n|poke|p2|Articuno|\n|poke|p2|Great Tusk|\n|poke|p2|Armarouge, F|\n|poke|p2|Hydreigon, F|\n|poke|p2|Manaphy|\n|poke|p2|Kingambit, F|\n|teampreview\n|\n|t:|1698966663\n|start\n|switch|p1a: Sylveon|Sylveon, M, shiny|100\/100\n|switch|p2a: Breagle|Hydreigon, F|100\/100\n|turn|1\n|\n|t:|1698966688\n|switch|p2a: YEllow RoadMan|Armarouge, F|100\/100\n|-item|p2a: YEllow RoadMan|Air Balloon\n|move|p1a: Sylveon|Moonblast|p2a: YEllow RoadMan\n|-resisted|p2a: YEllow RoadMan\n|-damage|p2a: YEllow RoadMan|76\/100\n|-enditem|p2a: YEllow RoadMan|Air Balloon\n|\n|upkeep\n|turn|2\n|\n|t:|1698966706\n|switch|p1a: Volcanion|Volcanion|100\/100\n|move|p2a: YEllow RoadMan|Lava Plume|p1a: Volcanion\n|-resisted|p1a: Volcanion\n|-damage|p1a: Volcanion|90\/100\n|\n|upkeep\n|turn|3\n|\n|t:|1698966713\n|switch|p2a: Manny|Great Tusk|100\/100\n|-enditem|p2a: Manny|Booster Energy\n|-activate|p2a: Manny|ability: Protosynthesis|[fromitem]\n|-start|p2a: Manny|protosynthesisatk\n|move|p1a: Volcanion|Steam Eruption|p2a: Manny\n|-supereffective|p2a: Manny\n|-damage|p2a: Manny|0 fnt\n|faint|p2a: Manny\n|-end|p2a: Manny|Protosynthesis|[silent]\n|\n|upkeep\n|\n|t:|1698966770\n|switch|p2a: Breagle|Hydreigon, F|100\/100\n|turn|4\n|\n|t:|1698966781\n|switch|p1a: Sylveon|Sylveon, M, shiny|100\/100\n|move|p2a: Breagle|Outrage|p1a: Sylveon\n|-immune|p1a: Sylveon\n|\n|upkeep\n|turn|5\n|\n|t:|1698966798\n|switch|p2a: YEllow RoadMan|Armarouge, F|76\/100\n|move|p1a: Sylveon|Moonblast|p2a: YEllow RoadMan\n|-resisted|p2a: YEllow RoadMan\n|-damage|p2a: YEllow RoadMan|54\/100\n|-unboost|p2a: YEllow RoadMan|spa|1\n|\n|upkeep\n|turn|6\n|\n|t:|1698966806\n|switch|p1a: Volcanion|Volcanion|90\/100\n|move|p2a: YEllow RoadMan|Lava Plume|p1a: Volcanion\n|-resisted|p1a: Volcanion\n|-damage|p1a: Volcanion|83\/100\n|\n|upkeep\n|turn|7\n|\n|t:|1698966818\n|switch|p2a: Breagle|Hydreigon, F|100\/100\n|move|p1a: Volcanion|Earthquake|p2a: Breagle\n|-immune|p2a: Breagle|[from] ability: Levitate\n|\n|upkeep\n|turn|8\n|\n|t:|1698966847\n|switch|p1a: Garchomp|Garchomp, F|100\/100\n|move|p2a: Breagle|Draco Meteor|p1a: Garchomp\n|-supereffective|p1a: Garchomp\n|-damage|p1a: Garchomp|0 fnt\n|-unboost|p2a: Breagle|spa|2\n|faint|p1a: Garchomp\n|\n|upkeep\n|\n|t:|1698966874\n|switch|p1a: Sylveon|Sylveon, M, shiny|100\/100\n|turn|9\n|j| frog daddy 224\n|\n|t:|1698966997\n|switch|p2a: YEllow RoadMan|Armarouge, F|54\/100\n|move|p1a: Sylveon|Moonblast|p2a: YEllow RoadMan\n|-resisted|p2a: YEllow RoadMan\n|-damage|p2a: YEllow RoadMan|32\/100\n|\n|upkeep\n|turn|10\n|\n|t:|1698967029\n|switch|p1a: Volcanion|Volcanion|83\/100\n|move|p2a: YEllow RoadMan|Psychic|p1a: Volcanion\n|-damage|p1a: Volcanion|33\/100\n|-unboost|p1a: Volcanion|spd|1\n|\n|upkeep\n|turn|11\n|\n|t:|1698967045\n|move|p2a: YEllow RoadMan|Psychic|p1a: Volcanion\n|-damage|p1a: Volcanion|0 fnt\n|faint|p1a: Volcanion\n|\n|upkeep\n|\n|t:|1698967049\n|switch|p1a: Sylveon|Sylveon, M, shiny|100\/100\n|turn|12\n|\n|t:|1698967055\n|move|p2a: YEllow RoadMan|Psychic|p1a: Sylveon\n|-damage|p1a: Sylveon|69\/100\n|move|p1a: Sylveon|Moonblast|p2a: YEllow RoadMan\n|-resisted|p2a: YEllow RoadMan\n|-damage|p2a: YEllow RoadMan|10\/100\n|\n|upkeep\n|turn|13\n|\n|t:|1698967061\n|move|p2a: YEllow RoadMan|Dark Pulse|p1a: Sylveon\n|-resisted|p1a: Sylveon\n|-damage|p1a: Sylveon|59\/100\n|move|p1a: Sylveon|Draining Kiss|p2a: YEllow RoadMan\n|-resisted|p2a: YEllow RoadMan\n|-damage|p2a: YEllow RoadMan|0 fnt\n|-heal|p1a: Sylveon|66\/100|[from] drain|[of] p2a: YEllow RoadMan\n|faint|p2a: YEllow RoadMan\n|\n|upkeep\n|\n|t:|1698967075\n|switch|p2a: Bread snatcher|Articuno|100\/100\n|-ability|p2a: Bread snatcher|Pressure\n|turn|14\n|\n|t:|1698967104\n|move|p2a: Bread snatcher|Hurricane|p1a: Sylveon|[miss]\n|-miss|p2a: Bread snatcher|p1a: Sylveon\n|move|p1a: Sylveon|Draining Kiss|p2a: Bread snatcher\n|-damage|p2a: Bread snatcher|83\/100\n|-heal|p1a: Sylveon|78\/100|[from] drain|[of] p2a: Bread snatcher\n|\n|upkeep\n|turn|15\n|\n|t:|1698967114\n|move|p2a: Bread snatcher|Hurricane|p1a: Sylveon\n|-damage|p1a: Sylveon|51\/100\n|move|p1a: Sylveon|Wish|p1a: Sylveon\n|\n|upkeep\n|turn|16\n|\n|t:|1698967119\n|move|p2a: Bread snatcher|Reflect|p2a: Bread snatcher\n|-sidestart|p2: Kotalee|Reflect\n|move|p1a: Sylveon|Moonblast|p2a: Bread snatcher\n|-damage|p2a: Bread snatcher|51\/100\n|\n|-heal|p1a: Sylveon|100\/100|[from] move: Wish|[wisher] Sylveon\n|upkeep\n|turn|17\n|\n|t:|1698967131\n|move|p2a: Bread snatcher|Roost|p2a: Bread snatcher\n|-heal|p2a: Bread snatcher|100\/100\n|-singleturn|p2a: Bread snatcher|move: Roost\n|move|p1a: Sylveon|Moonblast|p2a: Bread snatcher\n|-damage|p2a: Bread snatcher|67\/100\n|\n|upkeep\n|turn|18\n|\n|t:|1698967149\n|move|p2a: Bread snatcher|Ice Beam|p1a: Sylveon\n|-damage|p1a: Sylveon|77\/100\n|move|p1a: Sylveon|Draining Kiss|p2a: Bread snatcher\n|-damage|p2a: Bread snatcher|50\/100\n|-heal|p1a: Sylveon|89\/100|[from] drain|[of] p2a: Bread snatcher\n|\n|upkeep\n|turn|19\n|\n|t:|1698967159\n|move|p2a: Bread snatcher|Roost|p2a: Bread snatcher\n|-heal|p2a: Bread snatcher|99\/100\n|-singleturn|p2a: Bread snatcher|move: Roost\n|move|p1a: Sylveon|Moonblast|p2a: Bread snatcher\n|-crit|p2a: Bread snatcher\n|-damage|p2a: Bread snatcher|56\/100\n|\n|upkeep\n|turn|20\n|\n|t:|1698967166\n|move|p2a: Bread snatcher|Hurricane|p1a: Sylveon\n|-damage|p1a: Sylveon|59\/100\n|move|p1a: Sylveon|Moonblast|p2a: Bread snatcher\n|-damage|p2a: Bread snatcher|27\/100\n|-unboost|p2a: Bread snatcher|spa|1\n|\n|-sideend|p2: Kotalee|Reflect\n|upkeep\n|turn|21\n|\n|t:|1698967176\n|move|p2a: Bread snatcher|Roost|p2a: Bread snatcher\n|-heal|p2a: Bread snatcher|77\/100\n|-singleturn|p2a: Bread snatcher|move: Roost\n|move|p1a: Sylveon|Moonblast|p2a: Bread snatcher\n|-damage|p2a: Bread snatcher|47\/100\n|-unboost|p2a: Bread snatcher|spa|1\n|\n|upkeep\n|turn|22\n|\n|t:|1698967184\n|move|p2a: Bread snatcher|Hurricane|p1a: Sylveon|[miss]\n|-miss|p2a: Bread snatcher|p1a: Sylveon\n|move|p1a: Sylveon|Draining Kiss|p2a: Bread snatcher\n|-damage|p2a: Bread snatcher|31\/100\n|-heal|p1a: Sylveon|71\/100|[from] drain|[of] p2a: Bread snatcher\n|\n|upkeep\n|turn|23\n|\n|t:|1698967190\n|move|p2a: Bread snatcher|Roost|p2a: Bread snatcher\n|-heal|p2a: Bread snatcher|81\/100\n|-singleturn|p2a: Bread snatcher|move: Roost\n|move|p1a: Sylveon|Moonblast|p2a: Bread snatcher\n|-damage|p2a: Bread snatcher|49\/100\n|-unboost|p2a: Bread snatcher|spa|1\n|\n|upkeep\n|turn|24\n|\n|t:|1698967208\n|switch|p2a: Breagle|Hydreigon, F|100\/100\n|move|p1a: Sylveon|Moonblast|p2a: Breagle\n|-supereffective|p2a: Breagle\n|-crit|p2a: Breagle\n|-damage|p2a: Breagle|0 fnt\n|faint|p2a: Breagle\n|\n|upkeep\n|\n|t:|1698967217\n|switch|p2a: Matumba|Manaphy|100\/100\n|turn|25\n|\n|t:|1698967225\n|move|p2a: Matumba|Dazzling Gleam|p1a: Sylveon\n|-damage|p1a: Sylveon|48\/100\n|-enditem|p1a: Sylveon|Sitrus Berry|[eat]\n|-heal|p1a: Sylveon|73\/100|[from] item: Sitrus Berry\n|move|p1a: Sylveon|Draining Kiss|p2a: Matumba\n|-damage|p2a: Matumba|82\/100\n|-heal|p1a: Sylveon|88\/100|[from] drain|[of] p2a: Matumba\n|\n|upkeep\n|turn|26\n|\n|t:|1698967244\n|move|p2a: Matumba|Dazzling Gleam|p1a: Sylveon\n|-damage|p1a: Sylveon|65\/100\n|move|p1a: Sylveon|Calm Mind|p1a: Sylveon\n|-boost|p1a: Sylveon|spa|1\n|-boost|p1a: Sylveon|spd|1\n|\n|upkeep\n|turn|27\n|\n|t:|1698967254\n|move|p2a: Matumba|Dazzling Gleam|p1a: Sylveon\n|-damage|p1a: Sylveon|48\/100\n|move|p1a: Sylveon|Moonblast|p2a: Matumba\n|-damage|p2a: Matumba|32\/100\n|\n|upkeep\n|turn|28\n|\n|t:|1698967263\n|move|p2a: Matumba|Dazzling Gleam|p1a: Sylveon\n|-damage|p1a: Sylveon|34\/100\n|move|p1a: Sylveon|Draining Kiss|p2a: Matumba\n|-damage|p2a: Matumba|3\/100\n|-heal|p1a: Sylveon|57\/100|[from] drain|[of] p2a: Matumba\n|\n|upkeep\n|turn|29\n|\n|t:|1698967270\n|move|p2a: Matumba|Dazzling Gleam|p1a: Sylveon\n|-damage|p1a: Sylveon|41\/100\n|move|p1a: Sylveon|Draining Kiss|p2a: Matumba\n|-damage|p2a: Matumba|0 fnt\n|-heal|p1a: Sylveon|43\/100|[from] drain|[of] p2a: Matumba\n|faint|p2a: Matumba\n|\n|upkeep\n|\n|t:|1698967277\n|switch|p2a: Bread snatcher|Articuno|49\/100\n|-ability|p2a: Bread snatcher|Pressure\n|turn|30\n|\n|t:|1698967284\n|move|p2a: Bread snatcher|Hurricane|p1a: Sylveon\n|-damage|p1a: Sylveon|23\/100\n|-start|p1a: Sylveon|confusion\n|-activate|p1a: Sylveon|confusion\n|-damage|p1a: Sylveon|16\/100|[from] confusion\n|\n|upkeep\n|turn|31\n|\n|t:|1698967292\n|switch|p1a: Iron Hands|Iron Hands|100\/100\n|-enditem|p1a: Iron Hands|Booster Energy\n|-activate|p1a: Iron Hands|ability: Quark Drive|[fromitem]\n|-start|p1a: Iron Hands|quarkdriveatk\n|move|p2a: Bread snatcher|Roost|p2a: Bread snatcher\n|-heal|p2a: Bread snatcher|99\/100\n|-singleturn|p2a: Bread snatcher|move: Roost\n|\n|upkeep\n|turn|32\n|\n|t:|1698967302\n|move|p2a: Bread snatcher|Hurricane|p1a: Iron Hands\n|-damage|p1a: Iron Hands|62\/100\n|-start|p1a: Iron Hands|confusion\n|-activate|p1a: Iron Hands|confusion\n|move|p1a: Iron Hands|Thunder Punch|p2a: Bread snatcher\n|-supereffective|p2a: Bread snatcher\n|-damage|p2a: Bread snatcher|2\/100\n|\n|upkeep\n|turn|33\n|\n|t:|1698967315\n|move|p2a: Bread snatcher|Roost|p2a: Bread snatcher\n|-heal|p2a: Bread snatcher|52\/100\n|-singleturn|p2a: Bread snatcher|move: Roost\n|-end|p1a: Iron Hands|confusion\n|move|p1a: Iron Hands|Drain Punch|p2a: Bread snatcher\n|-supereffective|p2a: Bread snatcher\n|-damage|p2a: Bread snatcher|0 fnt\n|-heal|p1a: Iron Hands|81\/100|[from] drain|[of] p2a: Bread snatcher\n|faint|p2a: Bread snatcher\n|\n|upkeep\n|\n|t:|1698967323\n|switch|p2a: Kingambit|Kingambit, F|100\/100\n|-activate|p2a: Kingambit|ability: Supreme Overlord\n|-start|p2a: Kingambit|fallen5|[silent]\n|turn|34\n|\n|t:|1698967334\n|move|p1a: Iron Hands|Thunder Punch|p2a: Kingambit\n|-damage|p2a: Kingambit|63\/100\n|move|p2a: Kingambit|Kowtow Cleave|p1a: Iron Hands\n|-resisted|p1a: Iron Hands\n|-damage|p1a: Iron Hands|61\/100\n|\n|-heal|p2a: Kingambit|69\/100|[from] item: Leftovers\n|upkeep\n|turn|35\n|\n|t:|1698967342\n|move|p2a: Kingambit|Sucker Punch|p1a: Iron Hands\n|-resisted|p1a: Iron Hands\n|-damage|p1a: Iron Hands|43\/100\n|move|p1a: Iron Hands|Thunder Punch|p2a: Kingambit\n|-damage|p2a: Kingambit|31\/100\n|\n|-heal|p2a: Kingambit|37\/100|[from] item: Leftovers\n|upkeep\n|turn|36\n|\n|t:|1698967352\n|move|p2a: Kingambit|Iron Head|p1a: Iron Hands\n|-resisted|p1a: Iron Hands\n|-damage|p1a: Iron Hands|26\/100\n|move|p1a: Iron Hands|Volt Switch|p2a: Kingambit\n|-damage|p2a: Kingambit|22\/100\n|\n|t:|1698967360\n|-end|p1a: Iron Hands|Quark Drive|[silent]\n|switch|p1a: Mew|Mew, shiny|100\/100|[from] Volt Switch\n|\n|-heal|p2a: Kingambit|28\/100|[from] item: Leftovers\n|upkeep\n|turn|37\n|\n|t:|1698967370\n|move|p1a: Mew|Knock Off|p2a: Kingambit\n|-resisted|p2a: Kingambit\n|-damage|p2a: Kingambit|18\/100\n|-enditem|p2a: Kingambit|Leftovers|[from] move: Knock Off|[of] p1a: Mew\n|move|p2a: Kingambit|Kowtow Cleave|p1a: Mew\n|-supereffective|p1a: Mew\n|-damage|p1a: Mew|0 fnt\n|faint|p1a: Mew\n|\n|upkeep\n|\n|t:|1698967378\n|switch|p1a: Annihilape|Annihilape, M|100\/100\n|turn|38\n|\n|t:|1698967391\n|move|p1a: Annihilape|Drain Punch|p2a: Kingambit\n|-supereffective|p2a: Kingambit\n|-damage|p2a: Kingambit|0 fnt\n|faint|p2a: Kingambit\n|-end|p2a: Kingambit|fallen5|[silent]\n|\n|win|MexicanTortoise\n","uploadtime":1698967400,"views":27,"p1id":"mexicantortoise","p2id":"kotalee","formatid":"gen9anythinggoes","rating":0,"private":0,"password":""}