{"id":"gen9anythinggoes-1977787206","p1":"artanjules","p2":"Flacko2nice","format":"[Gen 9] Anything Goes","log":"|j|\u2606artanjules\n|j|\u2606Flacko2nice\n|t:|1698449550\n|gametype|singles\n|player|p1|artanjules|2|\n|player|p2|Flacko2nice|hoopster|\n|teamsize|p1|6\n|teamsize|p2|6\n|gen|9\n|tier|[Gen 9] Anything Goes\n|rule|HP Percentage Mod: HP is shown in percentages\n|rule|Endless Battle Clause: Forcing endless battles is banned\n|clearpoke\n|poke|p1|Electrode-Hisui|\n|poke|p1|Moltres-Galar|\n|poke|p1|Sylveon, M|\n|poke|p1|Dragalge, F|\n|poke|p1|Gholdengo|\n|poke|p1|Gligar, F|\n|poke|p2|Annihilape, F|\n|poke|p2|Hatterene, F|\n|poke|p2|Raichu, M|\n|poke|p2|Grimmsnarl, M|\n|poke|p2|Volcarona, F|\n|poke|p2|Greninja-*, M|\n|teampreview\n|j| caligulahar\n|\n|t:|1698449571\n|start\n|switch|p1a: Volleyball|Gholdengo|100\/100\n|switch|p2a: Papi's Home|Raichu, M|100\/100\n|turn|1\n|\n|t:|1698449597\n|move|p2a: Papi's Home|Encore|p1a: Volleyball\n|-immune|p1a: Volleyball|[from] ability: Good as Gold\n|move|p1a: Volleyball|Nasty Plot|p1a: Volleyball\n|-boost|p1a: Volleyball|spa|2\n|\n|upkeep\n|turn|2\n|\n|t:|1698449604\n|switch|p2a: 21 Savage|Greninja, M|100\/100\n|move|p1a: Volleyball|Shadow Ball|p2a: 21 Savage\n|-resisted|p2a: 21 Savage\n|-damage|p2a: 21 Savage|33\/100\n|-unboost|p2a: 21 Savage|spd|1\n|\n|upkeep\n|turn|3\n|\n|t:|1698449628\n|switch|p1a: Pencil|Sylveon, M|100\/100\n|move|p2a: 21 Savage|U-turn|p1a: Pencil\n|-resisted|p1a: Pencil\n|-damage|p1a: Pencil|92\/100\n|\n|t:|1698449668\n|switch|p2a: Take Care|Hatterene, F|100\/100|[from] U-turn\n|\n|upkeep\n|turn|4\n|\n|t:|1698449690\n|switch|p1a: Volleyball|Gholdengo|100\/100\n|move|p2a: Take Care|Calm Mind|p2a: Take Care\n|-boost|p2a: Take Care|spa|1\n|-boost|p2a: Take Care|spd|1\n|\n|upkeep\n|turn|5\n|inactive|Battle timer is ON: inactive players will automatically lose when time's up. (requested by artanjules)\n|\n|t:|1698449740\n|move|p1a: Volleyball|Make It Rain|p2a: Take Care\n|-supereffective|p2a: Take Care\n|-damage|p2a: Take Care|10\/100\n|-unboost|p1a: Volleyball|spa|1\n|move|p2a: Take Care|Calm Mind|p2a: Take Care\n|-boost|p2a: Take Care|spa|1\n|-boost|p2a: Take Care|spd|1\n|\n|-heal|p2a: Take Care|16\/100|[from] item: Leftovers\n|upkeep\n|turn|6\n|\n|t:|1698449755\n|move|p1a: Volleyball|Shadow Ball|p2a: Take Care\n|-supereffective|p2a: Take Care\n|-damage|p2a: Take Care|0 fnt\n|faint|p2a: Take Care\n|\n|upkeep\n|\n|t:|1698449761\n|switch|p2a: Hotline Bling|Volcarona, F|100\/100\n|turn|7\n|\n|t:|1698449783\n|switch|p1a: Poltergeist|Dragalge, F|100\/100\n|move|p2a: Hotline Bling|Quiver Dance|p2a: Hotline Bling\n|-boost|p2a: Hotline Bling|spa|1\n|-boost|p2a: Hotline Bling|spd|1\n|-boost|p2a: Hotline Bling|spe|1\n|\n|upkeep\n|turn|8\n|inactive|Flacko2nice has 270 seconds left.\n|\n|t:|1698449819\n|move|p2a: Hotline Bling|Fiery Dance|p1a: Poltergeist\n|-resisted|p1a: Poltergeist\n|-damage|p1a: Poltergeist|78\/100\n|-boost|p2a: Hotline Bling|spa|1\n|move|p1a: Poltergeist|Haze|p1a: Poltergeist\n|-clearallboost\n|\n|-heal|p1a: Poltergeist|84\/100|[from] item: Leftovers\n|upkeep\n|turn|9\n|inactive|Flacko2nice has 270 seconds left.\n|\n|t:|1698449838\n|switch|p2a: 21 Savage|Greninja, M|33\/100\n|move|p1a: Poltergeist|Toxic Spikes|p2a: 21 Savage\n|-sidestart|p2: Flacko2nice|move: Toxic Spikes\n|\n|-heal|p1a: Poltergeist|90\/100|[from] item: Leftovers\n|upkeep\n|turn|10\n|\n|t:|1698449854\n|switch|p1a: Volleyball|Gholdengo|100\/100\n|move|p2a: 21 Savage|Ice Beam|p1a: Volleyball\n|-resisted|p1a: Volleyball\n|-damage|p1a: Volleyball|84\/100\n|\n|upkeep\n|turn|11\n|inactive|Flacko2nice has 270 seconds left.\n|\n|t:|1698449865\n|switch|p2a: Hotline Bling|Volcarona, F|100\/100\n|move|p1a: Volleyball|Make It Rain|p2a: Hotline Bling\n|-resisted|p2a: Hotline Bling\n|-damage|p2a: Hotline Bling|64\/100\n|-unboost|p1a: Volleyball|spa|1\n|\n|upkeep\n|turn|12\n|inactive|Flacko2nice has 270 seconds left.\n|\n|t:|1698449875\n|switch|p1a: Poltergeist|Dragalge, F|90\/100\n|move|p2a: Hotline Bling|Fiery Dance|p1a: Poltergeist\n|-resisted|p1a: Poltergeist\n|-damage|p1a: Poltergeist|75\/100\n|\n|-heal|p1a: Poltergeist|81\/100|[from] item: Leftovers\n|upkeep\n|turn|13\n|inactive|Flacko2nice has 270 seconds left.\n|\n|t:|1698449889\n|switch|p2a: 21 Savage|Greninja, M|33\/100\n|-status|p2a: 21 Savage|psn\n|move|p1a: Poltergeist|Draco Meteor|p2a: 21 Savage\n|-damage|p2a: 21 Savage|0 fnt\n|-unboost|p1a: Poltergeist|spa|2\n|faint|p2a: 21 Savage\n|\n|-heal|p1a: Poltergeist|87\/100|[from] item: Leftovers\n|upkeep\n|\n|t:|1698449901\n|switch|p2a: Pain 1993|Grimmsnarl, M, shiny|100\/100\n|-status|p2a: Pain 1993|psn\n|turn|14\n|\n|t:|1698449908\n|move|p2a: Pain 1993|Light Screen|p2a: Pain 1993\n|-sidestart|p2: Flacko2nice|move: Light Screen\n|move|p1a: Poltergeist|Flip Turn|p2a: Pain 1993\n|-damage|p2a: Pain 1993|88\/100 psn\n|\n|t:|1698449923\n|switch|p1a: Volleyball|Gholdengo|84\/100|[from] Flip Turn\n|\n|-damage|p2a: Pain 1993|76\/100 psn|[from] psn\n|upkeep\n|turn|15\n|inactive|Flacko2nice has 270 seconds left.\n|\n|t:|1698449934\n|move|p2a: Pain 1993|Parting Shot|p1a: Volleyball\n|-immune|p1a: Volleyball|[from] ability: Good as Gold\n|move|p1a: Volleyball|Make It Rain|p2a: Pain 1993\n|-supereffective|p2a: Pain 1993\n|-damage|p2a: Pain 1993|25\/100 psn\n|-unboost|p1a: Volleyball|spa|1\n|\n|-damage|p2a: Pain 1993|13\/100 psn|[from] psn\n|upkeep\n|turn|16\n|inactive|Flacko2nice has 270 seconds left.\n|\n|t:|1698449949\n|switch|p2a: Hotline Bling|Volcarona, F|64\/100\n|move|p1a: Volleyball|Nasty Plot|p1a: Volleyball\n|-boost|p1a: Volleyball|spa|2\n|\n|upkeep\n|turn|17\n|\n|t:|1698449958\n|switch|p1a: Poltergeist|Dragalge, F|87\/100\n|move|p2a: Hotline Bling|Fiery Dance|p1a: Poltergeist\n|-resisted|p1a: Poltergeist\n|-damage|p1a: Poltergeist|71\/100\n|-boost|p2a: Hotline Bling|spa|1\n|\n|-heal|p1a: Poltergeist|77\/100|[from] item: Leftovers\n|upkeep\n|turn|18\n|\n|t:|1698449966\n|move|p2a: Hotline Bling|Morning Sun|p2a: Hotline Bling\n|-heal|p2a: Hotline Bling|100\/100\n|move|p1a: Poltergeist|Draco Meteor|p2a: Hotline Bling\n|-damage|p2a: Hotline Bling|61\/100\n|-unboost|p1a: Poltergeist|spa|2\n|\n|-heal|p1a: Poltergeist|83\/100|[from] item: Leftovers\n|upkeep\n|turn|19\n|\n|t:|1698449976\n|move|p2a: Hotline Bling|Quiver Dance|p2a: Hotline Bling\n|-boost|p2a: Hotline Bling|spa|1\n|-boost|p2a: Hotline Bling|spd|1\n|-boost|p2a: Hotline Bling|spe|1\n|move|p1a: Poltergeist|Haze|p1a: Poltergeist\n|-clearallboost\n|\n|-heal|p1a: Poltergeist|89\/100|[from] item: Leftovers\n|upkeep\n|turn|20\n|\n|t:|1698449995\n|move|p2a: Hotline Bling|Quiver Dance|p2a: Hotline Bling\n|-boost|p2a: Hotline Bling|spa|1\n|-boost|p2a: Hotline Bling|spd|1\n|-boost|p2a: Hotline Bling|spe|1\n|move|p1a: Poltergeist|Draco Meteor|p2a: Hotline Bling\n|-damage|p2a: Hotline Bling|36\/100\n|-unboost|p1a: Poltergeist|spa|2\n|\n|-heal|p1a: Poltergeist|95\/100|[from] item: Leftovers\n|upkeep\n|turn|21\n|\n|t:|1698450006\n|move|p2a: Hotline Bling|Morning Sun|p2a: Hotline Bling\n|-heal|p2a: Hotline Bling|86\/100\n|move|p1a: Poltergeist|Haze|p1a: Poltergeist\n|-clearallboost\n|\n|-heal|p1a: Poltergeist|100\/100|[from] item: Leftovers\n|-sideend|p2: Flacko2nice|move: Light Screen\n|upkeep\n|turn|22\n|inactive|Flacko2nice has 270 seconds left.\n|\n|t:|1698450055\n|switch|p2a: Papi's Home|Raichu, M|100\/100\n|-status|p2a: Papi's Home|psn\n|move|p1a: Poltergeist|Draco Meteor|p2a: Papi's Home\n|-damage|p2a: Papi's Home|0 fnt\n|-unboost|p1a: Poltergeist|spa|2\n|faint|p2a: Papi's Home\n|\n|upkeep\n|\n|t:|1698450067\n|switch|p2a: For All The Apes|Annihilape, F|100\/100\n|-status|p2a: For All The Apes|psn\n|turn|23\n|inactive|Flacko2nice has 240 seconds left.\n|\n|t:|1698450094\n|move|p2a: For All The Apes|Bulk Up|p2a: For All The Apes\n|-boost|p2a: For All The Apes|atk|1\n|-boost|p2a: For All The Apes|def|1\n|move|p1a: Poltergeist|Flip Turn|p2a: For All The Apes\n|-damage|p2a: For All The Apes|94\/100 psn\n|\n|t:|1698450111\n|switch|p1a: Volleyball|Gholdengo|84\/100|[from] Flip Turn\n|\n|-heal|p2a: For All The Apes|99\/100 psn|[from] item: Leftovers\n|-damage|p2a: For All The Apes|88\/100 psn|[from] psn\n|upkeep\n|turn|24\n|inactive|Flacko2nice has 240 seconds left.\n|\n|t:|1698450150\n|move|p2a: For All The Apes|Rage Fist|p1a: Volleyball\n|-supereffective|p1a: Volleyball\n|-damage|p1a: Volleyball|0 fnt\n|faint|p1a: Volleyball\n|\n|-heal|p2a: For All The Apes|94\/100 psn|[from] item: Leftovers\n|-damage|p2a: For All The Apes|82\/100 psn|[from] psn\n|upkeep\n|\n|t:|1698450158\n|switch|p1a: Baby|Electrode-Hisui|100\/100\n|turn|25\n|inactive|artanjules has 270 seconds left.\n|inactive|Flacko2nice has 210 seconds left.\n|inactive|Flacko2nice has 180 seconds left.\n|\n|t:|1698450229\n|switch|p2a: Hotline Bling|Volcarona, F|86\/100\n|-terastallize|p1a: Baby|Electric\n|move|p1a: Baby|Thunderbolt|p2a: Hotline Bling\n|-damage|p2a: Hotline Bling|40\/100\n|\n|upkeep\n|turn|26\n|inactive|artanjules has 270 seconds left.\n|\n|t:|1698450237\n|move|p1a: Baby|Thunderbolt|p2a: Hotline Bling\n|-damage|p2a: Hotline Bling|0 fnt\n|faint|p2a: Hotline Bling\n|\n|upkeep\n|\n|t:|1698450243\n|switch|p2a: Pain 1993|Grimmsnarl, M, shiny|13\/100 psn\n|turn|27\n|inactive|Flacko2nice has 180 seconds left.\n|\n|t:|1698450248\n|move|p2a: Pain 1993|Parting Shot|p1a: Baby\n|-unboost|p1a: Baby|atk|1\n|-unboost|p1a: Baby|spa|1\n|\n|t:|1698450251\n|switch|p2a: For All The Apes|Annihilape, F|82\/100 psn|[from] Parting Shot\n|move|p1a: Baby|Thunderbolt|p2a: For All The Apes\n|-damage|p2a: For All The Apes|64\/100 psn\n|\n|-heal|p2a: For All The Apes|70\/100 psn|[from] item: Leftovers\n|-damage|p2a: For All The Apes|58\/100 psn|[from] psn\n|upkeep\n|turn|28\n|\n|t:|1698450262\n|move|p1a: Baby|Taunt|p2a: For All The Apes\n|-start|p2a: For All The Apes|move: Taunt\n|move|p2a: For All The Apes|Rage Fist|p1a: Baby\n|-damage|p1a: Baby|18\/100\n|\n|-heal|p2a: For All The Apes|64\/100 psn|[from] item: Leftovers\n|-damage|p2a: For All The Apes|51\/100 psn|[from] psn\n|upkeep\n|turn|29\n|\n|t:|1698450273\n|move|p1a: Baby|Volt Switch|p2a: For All The Apes\n|-damage|p2a: For All The Apes|35\/100 psn\n|\n|t:|1698450284\n|switch|p1a: Electronics|Gligar, F|100\/100|[from] Volt Switch\n|move|p2a: For All The Apes|Drain Punch|p1a: Electronics\n|-resisted|p1a: Electronics\n|-damage|p1a: Electronics|93\/100\n|-heal|p2a: For All The Apes|38\/100 psn|[from] drain|[of] p1a: Electronics\n|\n|-heal|p2a: For All The Apes|44\/100 psn|[from] item: Leftovers\n|-damage|p2a: For All The Apes|32\/100 psn|[from] psn\n|upkeep\n|turn|30\n|\n|t:|1698450303\n|move|p1a: Electronics|Knock Off|p2a: For All The Apes\n|-damage|p2a: For All The Apes|15\/100 psn\n|-enditem|p2a: For All The Apes|Leftovers|[from] move: Knock Off|[of] p1a: Electronics\n|move|p2a: For All The Apes|Rage Fist|p1a: Electronics\n|-damage|p1a: Electronics|41\/100\n|\n|-damage|p2a: For All The Apes|2\/100 psn|[from] psn\n|-end|p2a: For All The Apes|move: Taunt\n|upkeep\n|turn|31\n|\n|t:|1698450322\n|-terastallize|p2a: For All The Apes|Fighting\n|move|p2a: For All The Apes|Rage Fist|p1a: Electronics\n|-damage|p1a: Electronics|0 fnt\n|faint|p1a: Electronics\n|\n|-damage|p2a: For All The Apes|0 fnt|[from] psn\n|faint|p2a: For All The Apes\n|upkeep\n|inactive|Flacko2nice has 180 seconds left.\n|-message|Flacko2nice forfeited.\n|\n|win|artanjules\n|l|\u2606Flacko2nice\n","uploadtime":1698450344,"views":14,"p1id":"artanjules","p2id":"flacko2nice","formatid":"gen9anythinggoes","rating":0,"private":0,"password":""}