{"id":"gen9anythinggoes-1981735410","p1":"Lol138","p2":"aphrodite11","format":"[Gen 9] Anything Goes","log":"|j|\u2606Lol138\n|j|\u2606aphrodite11\n|t:|1698937638\n|gametype|singles\n|player|p1|Lol138|lance|1347\n|player|p2|aphrodite11|red|1214\n|teamsize|p1|6\n|teamsize|p2|6\n|gen|9\n|tier|[Gen 9] Anything Goes\n|rated|\n|rule|HP Percentage Mod: HP is shown in percentages\n|rule|Endless Battle Clause: Forcing endless battles is banned\n|clearpoke\n|poke|p1|Dialga|\n|poke|p1|Rayquaza|\n|poke|p1|Miraidon|\n|poke|p1|Zacian-*|\n|poke|p1|Calyrex-Shadow|\n|poke|p1|Drifblim, F|\n|poke|p2|Ursaluna, M|\n|poke|p2|Urshifu-*, M|\n|poke|p2|Sawsbuck-Winter, M|\n|poke|p2|Miraidon|\n|poke|p2|Umbreon, M|\n|poke|p2|Chien-Pao|\n|teampreview\n|inactive|Battle timer is ON: inactive players will automatically lose when time's up. (requested by aphrodite11)\n|c|\u2606Lol138|Gl\n|inactive|Lol138 has 120 seconds left.\n|\n|t:|1698937675\n|start\n|switch|p1a: Drifblim|Drifblim, F|100\/100\n|switch|p2a: Urshifu|Urshifu, M|100\/100\n|turn|1\n|\n|t:|1698937682\n|move|p2a: Urshifu|Wicked Blow|p1a: Drifblim\n|-supereffective|p1a: Drifblim\n|-crit|p1a: Drifblim\n|-damage|p1a: Drifblim|0 fnt\n|-damage|p2a: Urshifu|76\/100|[from] ability: Aftermath|[of] p1a: Drifblim\n|faint|p1a: Drifblim\n|\n|upkeep\n|\n|t:|1698937689\n|switch|p1a: Calyrex|Calyrex-Shadow|100\/100\n|-ability|p1a: Calyrex|As One\n|-ability|p1a: Calyrex|Unnerve\n|turn|2\n|\n|t:|1698937694\n|move|p2a: Urshifu|Sucker Punch|p1a: Calyrex\n|-supereffective|p1a: Calyrex\n|-damage|p1a: Calyrex|0 fnt\n|faint|p1a: Calyrex\n|\n|upkeep\n|\n|t:|1698937702\n|switch|p1a: Rayquaza|Rayquaza, shiny|100\/100\n|-ability|p1a: Rayquaza|Air Lock\n|turn|3\n|\n|t:|1698937707\n|move|p2a: Urshifu|Wicked Blow|p1a: Rayquaza\n|-crit|p1a: Rayquaza\n|-damage|p1a: Rayquaza|28\/100\n|move|p1a: Rayquaza|Dragon Dance|p1a: Rayquaza\n|-boost|p1a: Rayquaza|atk|1\n|-boost|p1a: Rayquaza|spe|1\n|\n|-heal|p1a: Rayquaza|34\/100|[from] item: Leftovers\n|upkeep\n|turn|4\n|\n|t:|1698937714\n|move|p2a: Urshifu|Sucker Punch|p1a: Rayquaza\n|-damage|p1a: Rayquaza|0 fnt\n|faint|p1a: Rayquaza\n|\n|upkeep\n|\n|t:|1698937719\n|switch|p1a: Miraidon|Miraidon|100\/100\n|-fieldstart|move: Electric Terrain|[from] ability: Hadron Engine|[of] p1a: Miraidon\n|turn|5\n|\n|t:|1698937723\n|move|p1a: Miraidon|Electro Drift|p2a: Urshifu\n|-damage|p2a: Urshifu|0 fnt\n|faint|p2a: Urshifu\n|\n|upkeep\n|\n|t:|1698937726\n|switch|p2a: Ursaluna|Ursaluna, M|100\/100\n|turn|6\n|\n|t:|1698937729\n|move|p2a: Ursaluna|Protect|p2a: Ursaluna\n|-singleturn|p2a: Ursaluna|Protect\n|move|p1a: Miraidon|Electro Drift|p2a: Ursaluna\n|-activate|p2a: Ursaluna|move: Protect\n|\n|-status|p2a: Ursaluna|brn|[from] item: Flame Orb\n|upkeep\n|turn|7\n|\n|t:|1698937740\n|switch|p1a: Zacian|Zacian-Crowned, shiny|100\/100\n|-ability|p1a: Zacian|Intrepid Sword|boost\n|-boost|p1a: Zacian|atk|1\n|move|p2a: Ursaluna|Facade|p1a: Zacian\n|-resisted|p1a: Zacian\n|-damage|p1a: Zacian|42\/100\n|\n|-damage|p2a: Ursaluna|94\/100 brn|[from] brn\n|upkeep\n|turn|8\n|\n|t:|1698937748\n|move|p1a: Zacian|Behemoth Blade|p2a: Ursaluna\n|-damage|p2a: Ursaluna|37\/100 brn\n|move|p2a: Ursaluna|Earthquake|p1a: Zacian\n|-supereffective|p1a: Zacian\n|-damage|p1a: Zacian|0 fnt\n|faint|p1a: Zacian\n|\n|-damage|p2a: Ursaluna|30\/100 brn|[from] brn\n|upkeep\n|\n|t:|1698937757\n|switch|p1a: Miraidon|Miraidon|100\/100\n|-activate|p1a: Miraidon|ability: Hadron Engine\n|turn|9\n|\n|t:|1698937761\n|move|p1a: Miraidon|Dragon Claw|p2a: Ursaluna\n|-damage|p2a: Ursaluna|9\/100 brn\n|move|p2a: Ursaluna|Facade|p1a: Miraidon\n|-damage|p1a: Miraidon|0 fnt\n|faint|p1a: Miraidon\n|\n|-damage|p2a: Ursaluna|3\/100 brn|[from] brn\n|-fieldend|move: Electric Terrain\n|upkeep\n|\n|t:|1698937770\n|switch|p1a: Dialga|Dialga|100\/100\n|-ability|p1a: Dialga|Pressure\n|turn|10\n|\n|t:|1698937774\n|move|p1a: Dialga|Scale Shot|p2a: Ursaluna\n|-damage|p2a: Ursaluna|0 fnt\n|faint|p2a: Ursaluna\n|-hitcount|p2: Ursaluna|1\n|-unboost|p1a: Dialga|def|1\n|-boost|p1a: Dialga|spe|1\n|\n|upkeep\n|\n|t:|1698937788\n|switch|p2a: Miraidon|Miraidon|100\/100\n|-fieldstart|move: Electric Terrain|[from] ability: Hadron Engine|[of] p2a: Miraidon\n|turn|11\n|inactive|Lol138 has 120 seconds left.\n|\n|t:|1698937822\n|-terastallize|p2a: Miraidon|Fire\n|move|p1a: Dialga|Dragon Claw|p2a: Miraidon\n|-crit|p2a: Miraidon\n|-damage|p2a: Miraidon|40\/100\n|-damage|p1a: Dialga|84\/100|[from] item: Rocky Helmet|[of] p2a: Miraidon\n|move|p2a: Miraidon|Dragon Pulse|p1a: Dialga\n|-damage|p1a: Dialga|11\/100\n|\n|upkeep\n|turn|12\n|\n|t:|1698937831\n|move|p1a: Dialga|Dragon Claw|p2a: Miraidon\n|-damage|p2a: Miraidon|0 fnt\n|-damage|p1a: Dialga|0 fnt|[from] item: Rocky Helmet|[of] p2a: Miraidon\n|faint|p2a: Miraidon\n|faint|p1a: Dialga\n|\n|win|aphrodite11\n|raw|Lol138's rating: 1347 &rarr; <strong>1320<\/strong><br \/>(-27 for losing)\n|raw|aphrodite11's rating: 1214 &rarr; <strong>1248<\/strong><br \/>(+34 for winning)\n","uploadtime":1698937839,"views":7,"p1id":"lol138","p2id":"aphrodite11","formatid":"gen9anythinggoes","rating":1248,"private":0,"password":""}