{"id":"gen9anythinggoes-1983906115","p1":"WhyisMewtwosoweak","p2":"4th Acct To 1700","format":"[Gen 9] Anything Goes","log":"|j|\u2606WhyisMewtwosoweak\n|j|\u26064th Acct To 1700\n|t:|1699198488\n|gametype|singles\n|player|p1|WhyisMewtwosoweak|unknown|1777\n|player|p2|4th Acct To 1700|clown|1587\n|teamsize|p1|6\n|teamsize|p2|6\n|gen|9\n|tier|[Gen 9] Anything Goes\n|rated|\n|rule|HP Percentage Mod: HP is shown in percentages\n|rule|Endless Battle Clause: Forcing endless battles is banned\n|clearpoke\n|poke|p1|Miraidon|\n|poke|p1|Koraidon|\n|poke|p1|Samurott-Hisui, F|\n|poke|p1|Ceruledge, F|\n|poke|p1|Zacian-*|\n|poke|p1|Donphan, F|\n|poke|p2|Koraidon|\n|poke|p2|Calyrex-Shadow|\n|poke|p2|Arceus|\n|poke|p2|Miraidon|\n|poke|p2|Arceus-Ground|\n|poke|p2|Ribombee, F|\n|teampreview\n|inactive|Battle timer is ON: inactive players will automatically lose when time's up. (requested by WhyisMewtwosoweak)\n|inactive|4th Acct To 1700 has 120 seconds left.\n|\n|t:|1699198522\n|start\n|switch|p1a: Miraidon|Miraidon|100\/100\n|switch|p2a: Arceus|Arceus-Ground|100\/100\n|-fieldstart|move: Electric Terrain|[from] ability: Hadron Engine|[of] p1a: Miraidon\n|turn|1\n|\n|t:|1699198529\n|move|p1a: Miraidon|U-turn|p2a: Arceus\n|-damage|p2a: Arceus|91\/100\n|\n|t:|1699198532\n|switch|p1a: Samurott|Samurott-Hisui, F|100\/100|[from] U-turn\n|move|p2a: Arceus|Dragon Dance|p2a: Arceus\n|-boost|p2a: Arceus|atk|1\n|-boost|p2a: Arceus|spe|1\n|\n|upkeep\n|turn|2\n|\n|t:|1699198543\n|move|p2a: Arceus|Earthquake|p1a: Samurott\n|-enditem|p1a: Samurott|Focus Sash\n|-damage|p1a: Samurott|1\/100\n|move|p1a: Samurott|Encore|p2a: Arceus\n|-start|p2a: Arceus|Encore\n|\n|upkeep\n|turn|3\n|\n|t:|1699198547\n|move|p2a: Arceus|Earthquake|p1a: Samurott\n|-damage|p1a: Samurott|0 fnt\n|faint|p1a: Samurott\n|\n|upkeep\n|\n|t:|1699198551\n|switch|p1a: Donphan|Donphan, F|100\/100\n|turn|4\n|\n|t:|1699198553\n|move|p2a: Arceus|Earthquake|p1a: Donphan\n|-damage|p1a: Donphan|28\/100\n|move|p1a: Donphan|Bulldoze|p2a: Arceus\n|-damage|p2a: Arceus|70\/100\n|-unboost|p2a: Arceus|spe|1\n|\n|upkeep\n|turn|5\n|\n|t:|1699198562\n|move|p2a: Arceus|Earthquake|p1a: Donphan\n|-damage|p1a: Donphan|0 fnt\n|faint|p1a: Donphan\n|\n|-end|p2a: Arceus|Encore\n|-fieldend|move: Electric Terrain\n|upkeep\n|\n|t:|1699198566\n|switch|p1a: Koraidon|Koraidon|100\/100\n|-weather|SunnyDay|[from] ability: Orichalcum Pulse|[of] p1a: Koraidon\n|-activate|p1a: Koraidon|Orichalcum Pulse|[source]\n|turn|6\n|\n|t:|1699198570\n|move|p1a: Koraidon|Scale Shot|p2a: Arceus\n|-damage|p2a: Arceus|57\/100\n|-damage|p2a: Arceus|43\/100\n|-damage|p2a: Arceus|30\/100\n|-damage|p2a: Arceus|17\/100\n|-damage|p2a: Arceus|4\/100\n|-hitcount|p2a: Arceus|5\n|-unboost|p1a: Koraidon|def|1\n|-boost|p1a: Koraidon|spe|1\n|move|p2a: Arceus|Earthquake|p1a: Koraidon\n|-damage|p1a: Koraidon|0 fnt\n|faint|p1a: Koraidon\n|\n|-weather|SunnyDay|[upkeep]\n|upkeep\n|\n|t:|1699198577\n|switch|p1a: Zacian|Zacian-Crowned, shiny|100\/100\n|-ability|p1a: Zacian|Intrepid Sword|boost\n|-boost|p1a: Zacian|atk|1\n|turn|7\n|\n|t:|1699198593\n|move|p1a: Zacian|Trailblaze|p2a: Arceus\n|-supereffective|p2a: Arceus\n|-damage|p2a: Arceus|0 fnt\n|-boost|p1a: Zacian|spe|1\n|faint|p2a: Arceus\n|\n|-weather|SunnyDay|[upkeep]\n|upkeep\n|\n|t:|1699198599\n|switch|p2a: Ribombee|Ribombee, F|100\/100\n|turn|8\n|\n|t:|1699198605\n|move|p1a: Zacian|Behemoth Blade|p2a: Ribombee\n|-supereffective|p2a: Ribombee\n|-enditem|p2a: Ribombee|Focus Sash\n|-damage|p2a: Ribombee|1\/100\n|move|p2a: Ribombee|Stun Spore|p1a: Zacian|[miss]\n|-miss|p2a: Ribombee|p1a: Zacian\n|\n|-weather|SunnyDay|[upkeep]\n|upkeep\n|turn|9\n|\n|t:|1699198609\n|move|p1a: Zacian|Trailblaze|p2a: Ribombee\n|-resisted|p2a: Ribombee\n|-damage|p2a: Ribombee|0 fnt\n|-boost|p1a: Zacian|spe|1\n|faint|p2a: Ribombee\n|\n|-weather|SunnyDay|[upkeep]\n|upkeep\n|\n|t:|1699198613\n|switch|p2a: Koraidon|Koraidon|100\/100\n|-activate|p2a: Koraidon|ability: Orichalcum Pulse\n|turn|10\n|\n|t:|1699198616\n|-terastallize|p1a: Zacian|Fairy\n|move|p1a: Zacian|Swords Dance|p1a: Zacian\n|-boost|p1a: Zacian|atk|2\n|move|p2a: Koraidon|Flare Blitz|p1a: Zacian\n|-damage|p1a: Zacian|26\/100\n|-damage|p2a: Koraidon|76\/100|[from] Recoil\n|\n|-weather|none\n|upkeep\n|turn|11\n|\n|t:|1699198625\n|move|p1a: Zacian|Behemoth Blade|p2a: Koraidon\n|-damage|p2a: Koraidon|0 fnt\n|faint|p2a: Koraidon\n|\n|upkeep\n|\n|t:|1699198630\n|switch|p2a: Arceus|Arceus|100\/100\n|turn|12\n|\n|t:|1699198634\n|switch|p1a: Ceruledge|Ceruledge, F, shiny|100\/100\n|move|p2a: Arceus|Extreme Speed|p1a: Ceruledge\n|-immune|p1a: Ceruledge\n|\n|upkeep\n|turn|13\n|\n|t:|1699198648\n|switch|p1a: Zacian|Zacian-Crowned, shiny, tera:Fairy|26\/100\n|move|p2a: Arceus|Shadow Claw|p1a: Zacian\n|-damage|p1a: Zacian|4\/100\n|\n|upkeep\n|turn|14\n|\n|t:|1699198653\n|move|p2a: Arceus|Extreme Speed|p1a: Zacian\n|-damage|p1a: Zacian|0 fnt\n|faint|p1a: Zacian\n|\n|upkeep\n|\n|t:|1699198657\n|switch|p1a: Ceruledge|Ceruledge, F, shiny|100\/100\n|turn|15\n|\n|t:|1699198659\n|move|p2a: Arceus|Shadow Claw|p1a: Ceruledge\n|-supereffective|p1a: Ceruledge\n|-damage|p1a: Ceruledge|34\/100\n|-ability|p1a: Ceruledge|Weak Armor|boost\n|-unboost|p1a: Ceruledge|def|1\n|-boost|p1a: Ceruledge|spe|2\n|move|p1a: Ceruledge|Swords Dance|p1a: Ceruledge\n|-boost|p1a: Ceruledge|atk|2\n|\n|upkeep\n|turn|16\n|\n|t:|1699198663\n|move|p1a: Ceruledge|Bitter Blade|p2a: Arceus\n|-damage|p2a: Arceus|11\/100\n|-heal|p1a: Ceruledge|98\/100|[from] drain|[of] p2a: Arceus\n|-damage|p1a: Ceruledge|88\/100|[from] item: Life Orb\n|move|p2a: Arceus|Shadow Claw|p1a: Ceruledge\n|-supereffective|p1a: Ceruledge\n|-damage|p1a: Ceruledge|0 fnt\n|faint|p1a: Ceruledge\n|\n|upkeep\n|\n|t:|1699198668\n|switch|p1a: Miraidon|Miraidon|100\/100\n|-fieldstart|move: Electric Terrain|[from] ability: Hadron Engine|[of] p1a: Miraidon\n|turn|17\n|\n|t:|1699198674\n|move|p2a: Arceus|Extreme Speed|p1a: Miraidon\n|-damage|p1a: Miraidon|61\/100\n|move|p1a: Miraidon|Volt Switch|p2a: Arceus\n|-damage|p2a: Arceus|0 fnt\n|faint|p2a: Arceus\n|\n|upkeep\n|\n|t:|1699198676\n|switch|p2a: Calyrex|Calyrex-Shadow|100\/100\n|-ability|p2a: Calyrex|As One\n|-ability|p2a: Calyrex|Unnerve\n|turn|18\n|\n|t:|1699198678\n|move|p1a: Miraidon|Volt Switch|p2a: Calyrex\n|-damage|p2a: Calyrex|33\/100\n|move|p2a: Calyrex|Astral Barrage|p1a: Miraidon\n|-damage|p1a: Miraidon|0 fnt\n|faint|p1a: Miraidon\n|\n|win|4th Acct To 1700\n|raw|WhyisMewtwosoweak's rating: 1777 &rarr; <strong>1747<\/strong><br \/>(-30 for losing)\n|raw|4th Acct To 1700's rating: 1587 &rarr; <strong>1617<\/strong><br \/>(+30 for winning)\n|c|\u2606WhyisMewtwosoweak|me bad\n|l|\u26064th Acct To 1700\n","uploadtime":1699198747,"views":3,"p1id":"whyismewtwosoweak","p2id":"4thacctto1700","formatid":"gen9anythinggoes","rating":1617,"private":0,"password":""}