{"id":"gen9anythinggoes-1994930630","p1":"matthew838388383","p2":"Endeavor7","format":"[Gen 9] Anything Goes","log":"|j|\u203dmatthew838388383\n|j|\u2606Endeavor7\n|t:|1700505681\n|gametype|singles\n|player|p1|matthew838388383|101|1000\n|player|p2|Endeavor7|policeman-gen4|1007\n|teamsize|p1|5\n|teamsize|p2|6\n|gen|9\n|tier|[Gen 9] Anything Goes\n|rated|\n|rule|HP Percentage Mod: HP is shown in percentages\n|rule|Endless Battle Clause: Forcing endless battles is banned\n|clearpoke\n|poke|p1|Sudowoodo, M|\n|poke|p1|Gliscor, F|\n|poke|p1|Dragonite, F|\n|poke|p1|Blissey, F|\n|poke|p1|Gengar, F|\n|poke|p2|Furret, M|\n|poke|p2|Furret, M|\n|poke|p2|Furret, F|\n|poke|p2|Furret, M|\n|poke|p2|Furret, M|\n|poke|p2|Furret, M|\n|teampreview\n|inactive|Battle timer is ON: inactive players will automatically lose when time's up. (requested by Endeavor7)\n|\n|t:|1700505687\n|start\n|switch|p1a: Gliscor|Gliscor, F, shiny|100\/100\n|switch|p2a: Sweeper|Furret, M|100\/100\n|-item|p1a: Gliscor|Expert Belt|[from] ability: Frisk|[of] p2a: Sweeper|[identify]\n|turn|1\n|\n|t:|1700505699\n|move|p2a: Sweeper|Body Slam|p1a: Gliscor\n|-damage|p1a: Gliscor|83\/100\n|move|p1a: Gliscor|Earthquake|p2a: Sweeper\n|-damage|p2a: Sweeper|49\/100\n|\n|upkeep\n|turn|2\n|\n|t:|1700505708\n|move|p2a: Sweeper|Body Slam|p1a: Gliscor\n|-damage|p1a: Gliscor|64\/100\n|-status|p1a: Gliscor|par\n|cant|p1a: Gliscor|par\n|\n|upkeep\n|turn|3\n|\n|t:|1700505715\n|move|p2a: Sweeper|Tidy Up|p2a: Sweeper\n|-boost|p2a: Sweeper|atk|1\n|-boost|p2a: Sweeper|spe|1\n|cant|p1a: Gliscor|par\n|\n|upkeep\n|turn|4\n|\n|t:|1700505721\n|switch|p1a: Gengar|Gengar, F|100\/100\n|move|p2a: Sweeper|Baton Pass|p2a: Sweeper\n|\n|t:|1700505724\n|switch|p2a: Dark Sweeper|Furret, M|100\/100|[from] Baton Pass\n|-item|p1a: Gengar|Expert Belt|[from] ability: Frisk|[of] p2a: Dark Sweeper|[identify]\n|\n|upkeep\n|turn|5\n|\n|t:|1700505730\n|move|p2a: Dark Sweeper|Knock Off|p1a: Gengar\n|-supereffective|p1a: Gengar\n|-damage|p1a: Gengar|0 fnt\n|-enditem|p1a: Gengar|Expert Belt|[from] move: Knock Off|[of] p2a: Dark Sweeper\n|faint|p1a: Gengar\n|\n|upkeep\n|\n|t:|1700505735\n|switch|p1a: Blissey|Blissey, F|100\/100\n|turn|6\n|\n|t:|1700505739\n|move|p2a: Dark Sweeper|Knock Off|p1a: Blissey\n|-damage|p1a: Blissey|50\/100\n|-enditem|p1a: Blissey|Focus Sash|[from] move: Knock Off|[of] p2a: Dark Sweeper\n|move|p1a: Blissey|Stealth Rock|p2a: Dark Sweeper\n|-sidestart|p2: Endeavor7|move: Stealth Rock\n|\n|upkeep\n|turn|7\n|\n|t:|1700505747\n|move|p2a: Dark Sweeper|Tidy Up|p2a: Dark Sweeper\n|-sideend|p2: Endeavor7|Stealth Rock\n|-activate|p2a: Dark Sweeper|move: Tidy Up\n|-boost|p2a: Dark Sweeper|atk|1\n|-boost|p2a: Dark Sweeper|spe|1\n|move|p1a: Blissey|Ice Beam|p2a: Dark Sweeper\n|-damage|p2a: Dark Sweeper|70\/100\n|\n|upkeep\n|turn|8\n|\n|t:|1700505756\n|switch|p1a: Dragonite|Dragonite, F|100\/100\n|move|p2a: Dark Sweeper|Baton Pass|p2a: Dark Sweeper\n|\n|t:|1700505760\n|switch|p2a: Walker|Furret, M|100\/100|[from] Baton Pass\n|\n|upkeep\n|turn|9\n|\n|t:|1700505768\n|move|p2a: Walker|Protect|p2a: Walker\n|-singleturn|p2a: Walker|Protect\n|move|p1a: Dragonite|Earthquake|p2a: Walker\n|-activate|p2a: Walker|move: Protect\n|\n|upkeep\n|turn|10\n|\n|t:|1700505774\n|-terastallize|p2a: Walker|Normal\n|move|p2a: Walker|Last Resort|p1a: Dragonite\n|-damage|p1a: Dragonite|0 fnt\n|faint|p1a: Dragonite\n|\n|upkeep\n|\n|t:|1700505780\n|switch|p1a: Sudowoodo|Sudowoodo, M|100\/100\n|turn|11\n|\n|t:|1700505785\n|move|p2a: Walker|Last Resort|p1a: Sudowoodo\n|-resisted|p1a: Sudowoodo\n|-damage|p1a: Sudowoodo|17\/100\n|move|p1a: Sudowoodo|Fire Punch|p2a: Walker\n|-damage|p2a: Walker|72\/100\n|\n|upkeep\n|turn|12\n|\n|t:|1700505794\n|switch|p1a: Gliscor|Gliscor, F, shiny|64\/100 par\n|move|p2a: Walker|Last Resort|p1a: Gliscor\n|-damage|p1a: Gliscor|0 fnt\n|faint|p1a: Gliscor\n|\n|upkeep\n|\n|t:|1700505800\n|switch|p1a: Blissey|Blissey, F|50\/100\n|turn|13\n|\n|t:|1700505806\n|move|p2a: Walker|Last Resort|p1a: Blissey\n|-damage|p1a: Blissey|0 fnt\n|faint|p1a: Blissey\n|\n|upkeep\n|\n|t:|1700505811\n|switch|p1a: Sudowoodo|Sudowoodo, M|17\/100\n|turn|14\n|\n|t:|1700505815\n|-terastallize|p1a: Sudowoodo|Grass\n|move|p2a: Walker|Last Resort|p1a: Sudowoodo\n|-damage|p1a: Sudowoodo|0 fnt\n|faint|p1a: Sudowoodo\n|\n|win|Endeavor7\n|raw|matthew838388383's rating: 1000 &rarr; <strong>1000<\/strong><br \/>(+0 for losing)\n|raw|Endeavor7's rating: 1007 &rarr; <strong>1045<\/strong><br \/>(+38 for winning)\n","uploadtime":1700505826,"views":0,"p1id":"matthew838388383","p2id":"endeavor7","formatid":"gen9anythinggoes","rating":1000,"private":0,"password":""}