{"id":"gen9anythinggoes-1978521537","p1":"laser crush","p2":"NewMarioGame","format":"[Gen 9] Anything Goes","log":"|j|\u2606laser crush\n|j|\u2606NewMarioGame\n|t:|1698550023\n|gametype|singles\n|player|p1|laser crush|lance|1083\n|player|p2|NewMarioGame|101|1081\n|teamsize|p1|6\n|teamsize|p2|6\n|gen|9\n|tier|[Gen 9] Anything Goes\n|rated|\n|rule|HP Percentage Mod: HP is shown in percentages\n|rule|Endless Battle Clause: Forcing endless battles is banned\n|clearpoke\n|poke|p1|Ariados, F|\n|poke|p1|Gliscor, F|\n|poke|p1|Krookodile, M|\n|poke|p1|Espathra, F|\n|poke|p1|Slither Wing|\n|poke|p1|Beartic, F|\n|poke|p2|Sawsbuck, F|\n|poke|p2|Indeedee, M|\n|poke|p2|Quaquaval, F|\n|poke|p2|Maushold|\n|poke|p2|Iron Moth|\n|poke|p2|Glimmora, F|\n|teampreview\n|\n|t:|1698550044\n|start\n|switch|p1a: Ariados|Ariados, F|100\/100\n|switch|p2a: Quaquaval|Quaquaval, F|100\/100\n|turn|1\n|inactive|Battle timer is ON: inactive players will automatically lose when time's up. (requested by NewMarioGame)\n|\n|t:|1698550052\n|move|p2a: Quaquaval|Knock Off|p1a: Ariados\n|-damage|p1a: Ariados|54\/100\n|-enditem|p1a: Ariados|Leftovers|[from] move: Knock Off|[of] p2a: Quaquaval\n|move|p1a: Ariados|Sticky Web|p2a: Quaquaval\n|-sidestart|p2: NewMarioGame|move: Sticky Web\n|\n|upkeep\n|turn|2\n|\n|t:|1698550059\n|move|p2a: Quaquaval|Aqua Step|p1a: Ariados\n|-damage|p1a: Ariados|0 fnt\n|-boost|p2a: Quaquaval|spe|1\n|faint|p1a: Ariados\n|-ability|p2a: Quaquaval|Moxie|boost\n|-boost|p2a: Quaquaval|atk|1\n|\n|upkeep\n|\n|t:|1698550067\n|switch|p1a: Espathra|Espathra, F|100\/100\n|turn|3\n|\n|t:|1698550084\n|move|p2a: Quaquaval|Knock Off|p1a: Espathra\n|-supereffective|p1a: Espathra\n|-damage|p1a: Espathra|0 fnt\n|-enditem|p1a: Espathra|Leftovers|[from] move: Knock Off|[of] p2a: Quaquaval\n|faint|p1a: Espathra\n|-ability|p2a: Quaquaval|Moxie|boost\n|-boost|p2a: Quaquaval|atk|1\n|\n|upkeep\n|\n|t:|1698550097\n|switch|p1a: Slither Wing|Slither Wing|100\/100\n|turn|4\n|\n|t:|1698550112\n|move|p2a: Quaquaval|Aqua Step|p1a: Slither Wing\n|-damage|p1a: Slither Wing|9\/100\n|-boost|p2a: Quaquaval|spe|1\n|move|p1a: Slither Wing|Dual Wingbeat|p2a: Quaquaval\n|-supereffective|p2a: Quaquaval\n|-damage|p2a: Quaquaval|39\/100\n|-supereffective|p2a: Quaquaval\n|-damage|p2a: Quaquaval|0 fnt\n|faint|p2a: Quaquaval\n|-hitcount|p2: Quaquaval|2\n|\n|upkeep\n|\n|t:|1698550120\n|switch|p2a: Iron Moth|Iron Moth|100\/100\n|turn|5\n|\n|t:|1698550127\n|move|p2a: Iron Moth|Fiery Dance|p1a: Slither Wing\n|-supereffective|p1a: Slither Wing\n|-damage|p1a: Slither Wing|0 fnt\n|faint|p1a: Slither Wing\n|-end|p1a: Slither Wing|Protosynthesis|[silent]\n|\n|upkeep\n|\n|t:|1698550133\n|switch|p1a: Krookodile|Krookodile, M|100\/100\n|turn|6\n|\n|t:|1698550139\n|move|p2a: Iron Moth|Fiery Dance|p1a: Krookodile\n|-damage|p1a: Krookodile|39\/100\n|move|p1a: Krookodile|Bulk Up|p1a: Krookodile\n|-boost|p1a: Krookodile|atk|1\n|-boost|p1a: Krookodile|def|1\n|\n|upkeep\n|turn|7\n|\n|t:|1698550155\n|move|p2a: Iron Moth|Fiery Dance|p1a: Krookodile\n|-damage|p1a: Krookodile|0 fnt\n|-boost|p2a: Iron Moth|spa|1\n|faint|p1a: Krookodile\n|\n|upkeep\n|\n|t:|1698550163\n|switch|p1a: Gliscor|Gliscor, F, shiny|100\/100\n|turn|8\n|\n|t:|1698550173\n|move|p2a: Iron Moth|Substitute|p2a: Iron Moth\n|-start|p2a: Iron Moth|Substitute\n|-damage|p2a: Iron Moth|76\/100\n|move|p1a: Gliscor|Earthquake|p2a: Iron Moth\n|-supereffective|p2a: Iron Moth\n|-end|p2a: Iron Moth|Substitute\n|\n|upkeep\n|turn|9\n|\n|t:|1698550180\n|move|p2a: Iron Moth|Fiery Dance|p1a: Gliscor\n|-damage|p1a: Gliscor|4\/100\n|move|p1a: Gliscor|Swords Dance|p1a: Gliscor\n|-boost|p1a: Gliscor|atk|2\n|\n|upkeep\n|turn|10\n|\n|t:|1698550196\n|move|p2a: Iron Moth|Fiery Dance|p1a: Gliscor\n|-damage|p1a: Gliscor|0 fnt\n|-boost|p2a: Iron Moth|spa|1\n|faint|p1a: Gliscor\n|\n|upkeep\n|\n|t:|1698550203\n|switch|p1a: Beartic|Beartic, F|100\/100\n|turn|11\n|\n|t:|1698550211\n|move|p2a: Iron Moth|Fiery Dance|p1a: Beartic\n|-supereffective|p1a: Beartic\n|-damage|p1a: Beartic|0 fnt\n|faint|p1a: Beartic\n|\n|win|NewMarioGame\n|raw|laser crush's rating: 1083 &rarr; <strong>1060<\/strong><br \/>(-23 for losing)\n|raw|NewMarioGame's rating: 1081 &rarr; <strong>1109<\/strong><br \/>(+28 for winning)\n|c|\u2606NewMarioGame|gg\n","uploadtime":1698550219,"views":7,"p1id":"lasercrush","p2id":"newmariogame","formatid":"gen9anythinggoes","rating":1060,"private":0,"password":""}