{"id":"gen9anythinggoes-1975513482","p1":"Pure Hackmons","p2":"kwesty","format":"[Gen 9] Anything Goes","log":"|j|\u2606Pure Hackmons\n|j|\u2606kwesty\n|t:|1698199452\n|gametype|singles\n|player|p1|Pure Hackmons|ethan|\n|player|p2|kwesty|swimmerf-gen6|\n|teamsize|p1|6\n|teamsize|p2|6\n|gen|9\n|tier|[Gen 9] Anything Goes\n|rated|Tournament battle\n|rule|HP Percentage Mod: HP is shown in percentages\n|rule|Endless Battle Clause: Forcing endless battles is banned\n|rule|Species Clause: Limit one of each Pok\u00e9mon\n|rule|OHKO Clause: OHKO moves are banned\n|rule|Evasion Moves Clause: Evasion moves are banned\n|rule|Tier Shift Mod: Pok\u00e9mon get stat buffs depending on their tier, excluding HP.\n|rule|Sleep Clause Mod: Limit one foe put to sleep\n|rule|1 Ability Clause: Limit 1 of each ability\n|clearpoke\n|poke|p1|Garganacl, F|\n|poke|p1|Mandibuzz, F|\n|poke|p1|Avalugg, F|\n|poke|p1|Clodsire, F|\n|poke|p1|Groudon|\n|poke|p1|Chansey, F|\n|poke|p2|Leafeon, M|\n|poke|p2|Gyarados, F|\n|poke|p2|Honchkrow, M|\n|poke|p2|Azelf|\n|poke|p2|Talonflame, M|\n|poke|p2|Froslass, F|\n|teampreview\n|j|%Iolanthe\n|inactive|Battle timer is ON: inactive players will automatically lose when time's up. (requested by kwesty)\n|c|\u2606Pure Hackmons|hf\n|\n|t:|1698199468\n|start\n|switch|p1a: Garganacl|Garganacl, F|100\/100\n|switch|p2a: Gyarados|Gyarados, F|100\/100\n|turn|1\n|l|%Iolanthe\n|\n|t:|1698199475\n|move|p2a: Gyarados|Taunt|p1a: Garganacl\n|-start|p1a: Garganacl|move: Taunt\n|cant|p1a: Garganacl|move: Taunt|Stealth Rock\n|\n|upkeep\n|turn|2\n|\n|t:|1698199487\n|switch|p2a: Leafeon|Leafeon, M|100\/100\n|move|p1a: Garganacl|Salt Cure|p2a: Leafeon\n|-damage|p2a: Leafeon|89\/100\n|-start|p2a: Leafeon|Salt Cure\n|\n|-damage|p2a: Leafeon|77\/100|[from] Salt Cure\n|upkeep\n|turn|3\n|\n|t:|1698199493\n|switch|p1a: Mandibuzz|Mandibuzz, F|100\/100\n|move|p2a: Leafeon|Swords Dance|p2a: Leafeon\n|-boost|p2a: Leafeon|atk|2\n|\n|-damage|p2a: Leafeon|65\/100|[from] Salt Cure\n|upkeep\n|turn|4\n|\n|t:|1698199499\n|switch|p1a: Avalugg|Avalugg, F|100\/100\n|move|p2a: Leafeon|X-Scissor|p1a: Avalugg\n|-damage|p1a: Avalugg|81\/100\n|-damage|p2a: Leafeon|55\/100|[from] item: Life Orb\n|\n|-heal|p1a: Avalugg|87\/100|[from] item: Leftovers\n|-damage|p2a: Leafeon|43\/100|[from] Salt Cure\n|upkeep\n|turn|5\n|\n|t:|1698199507\n|move|p2a: Leafeon|Knock Off|p1a: Avalugg\n|-damage|p1a: Avalugg|70\/100\n|-enditem|p1a: Avalugg|Leftovers|[from] move: Knock Off|[of] p2a: Leafeon\n|-damage|p2a: Leafeon|33\/100|[from] item: Life Orb\n|move|p1a: Avalugg|Recover|p1a: Avalugg\n|-heal|p1a: Avalugg|100\/100\n|\n|-damage|p2a: Leafeon|21\/100|[from] Salt Cure\n|upkeep\n|turn|6\n|\n|t:|1698199518\n|move|p2a: Leafeon|Swords Dance|p2a: Leafeon\n|-boost|p2a: Leafeon|atk|2\n|move|p1a: Avalugg|Avalanche|p2a: Leafeon\n|-supereffective|p2a: Leafeon\n|-damage|p2a: Leafeon|0 fnt\n|faint|p2a: Leafeon\n|\n|upkeep\n|\n|t:|1698199523\n|switch|p2a: Honchkrow|Honchkrow, M|100\/100\n|turn|7\n|\n|t:|1698199528\n|switch|p1a: Garganacl|Garganacl, F|100\/100\n|move|p2a: Honchkrow|Heat Wave|p1a: Garganacl\n|-resisted|p1a: Garganacl\n|-damage|p1a: Garganacl|89\/100\n|-damage|p2a: Honchkrow|91\/100|[from] item: Life Orb\n|\n|upkeep\n|turn|8\n|\n|t:|1698199542\n|switch|p2a: Gyarados|Gyarados, F|100\/100\n|switch|p1a: Groudon|Groudon|100\/100\n|\n|-status|p1a: Groudon|tox|[from] item: Toxic Orb\n|upkeep\n|turn|9\n|\n|t:|1698199546\n|move|p2a: Gyarados|Taunt|p1a: Groudon\n|-start|p1a: Groudon|move: Taunt\n|cant|p1a: Groudon|move: Taunt|Will-O-Wisp\n|\n|upkeep\n|turn|10\n|\n|t:|1698199553\n|switch|p1a: Avalugg|Avalugg, F|100\/100\n|move|p2a: Gyarados|Dragon Dance|p2a: Gyarados\n|-boost|p2a: Gyarados|atk|1\n|-boost|p2a: Gyarados|spe|1\n|\n|upkeep\n|turn|11\n|\n|t:|1698199561\n|move|p2a: Gyarados|Taunt|p1a: Avalugg\n|-start|p1a: Avalugg|move: Taunt\n|move|p1a: Avalugg|Avalanche|p2a: Gyarados\n|-damage|p2a: Gyarados|70\/100\n|\n|-heal|p2a: Gyarados|76\/100|[from] item: Leftovers\n|upkeep\n|turn|12\n|\n|t:|1698199568\n|move|p2a: Gyarados|Dragon Dance|p2a: Gyarados\n|-boost|p2a: Gyarados|atk|1\n|-boost|p2a: Gyarados|spe|1\n|move|p1a: Avalugg|Avalanche|p2a: Gyarados\n|-damage|p2a: Gyarados|42\/100\n|\n|-heal|p2a: Gyarados|48\/100|[from] item: Leftovers\n|upkeep\n|turn|13\n|\n|t:|1698199573\n|-terastallize|p2a: Gyarados|Water\n|move|p2a: Gyarados|Waterfall|p1a: Avalugg\n|-damage|p1a: Avalugg|78\/100\n|move|p1a: Avalugg|Avalanche|p2a: Gyarados\n|-resisted|p2a: Gyarados\n|-damage|p2a: Gyarados|17\/100\n|\n|-heal|p2a: Gyarados|23\/100|[from] item: Leftovers\n|-end|p1a: Avalugg|move: Taunt\n|upkeep\n|turn|14\n|\n|t:|1698199579\n|move|p2a: Gyarados|Taunt|p1a: Avalugg\n|-start|p1a: Avalugg|move: Taunt\n|move|p1a: Avalugg|Body Press|p2a: Gyarados\n|-damage|p2a: Gyarados|0 fnt\n|faint|p2a: Gyarados\n|\n|upkeep\n|\n|t:|1698199585\n|switch|p2a: Honchkrow|Honchkrow, M|91\/100\n|turn|15\n|\n|t:|1698199589\n|switch|p1a: Garganacl|Garganacl, F|100\/100\n|move|p2a: Honchkrow|Dark Pulse|p1a: Garganacl\n|-damage|p1a: Garganacl|69\/100\n|-damage|p2a: Honchkrow|81\/100|[from] item: Life Orb\n|\n|upkeep\n|turn|16\n|\n|t:|1698199593\n|move|p2a: Honchkrow|Dark Pulse|p1a: Garganacl\n|-damage|p1a: Garganacl|36\/100\n|-damage|p2a: Honchkrow|71\/100|[from] item: Life Orb\n|move|p1a: Garganacl|Stealth Rock|p2a: Honchkrow\n|-sidestart|p2: kwesty|move: Stealth Rock\n|\n|upkeep\n|turn|17\n|\n|t:|1698199597\n|switch|p1a: Clodsire|Clodsire, F|100\/100\n|move|p2a: Honchkrow|Dark Pulse|p1a: Clodsire\n|-damage|p1a: Clodsire|89\/100\n|-damage|p2a: Honchkrow|61\/100|[from] item: Life Orb\n|\n|-heal|p1a: Clodsire|95\/100|[from] item: Leftovers\n|upkeep\n|turn|18\n|\n|t:|1698199601\n|switch|p1a: Garganacl|Garganacl, F|70\/100\n|move|p2a: Honchkrow|Drill Peck|p1a: Garganacl\n|-resisted|p1a: Garganacl\n|-damage|p1a: Garganacl|48\/100\n|-damage|p2a: Honchkrow|51\/100|[from] item: Life Orb\n|\n|upkeep\n|turn|19\n|\n|t:|1698199605\n|move|p2a: Honchkrow|Drill Peck|p1a: Garganacl\n|-resisted|p1a: Garganacl\n|-damage|p1a: Garganacl|28\/100\n|-damage|p2a: Honchkrow|41\/100|[from] item: Life Orb\n|move|p1a: Garganacl|Recover|p1a: Garganacl\n|-heal|p1a: Garganacl|78\/100\n|\n|upkeep\n|turn|20\n|\n|t:|1698199609\n|move|p2a: Honchkrow|Dark Pulse|p1a: Garganacl\n|-damage|p1a: Garganacl|48\/100\n|-damage|p2a: Honchkrow|31\/100|[from] item: Life Orb\n|move|p1a: Garganacl|Salt Cure|p2a: Honchkrow\n|-supereffective|p2a: Honchkrow\n|-damage|p2a: Honchkrow|0 fnt\n|faint|p2a: Honchkrow\n|\n|upkeep\n|\n|t:|1698199613\n|switch|p2a: Talonflame|Talonflame, M|100\/100\n|turn|21\n|\n|t:|1698199619\n|move|p2a: Talonflame|Bulk Up|p2a: Talonflame\n|-boost|p2a: Talonflame|atk|1\n|-boost|p2a: Talonflame|def|1\n|move|p1a: Garganacl|Salt Cure|p2a: Talonflame\n|-supereffective|p2a: Talonflame\n|-damage|p2a: Talonflame|51\/100\n|-start|p2a: Talonflame|Salt Cure\n|\n|upkeep\n|turn|22\n|\n|t:|1698199628\n|switch|p1a: Groudon|Groudon|100\/100 tox\n|move|p2a: Talonflame|Bulk Up|p2a: Talonflame\n|-boost|p2a: Talonflame|atk|1\n|-boost|p2a: Talonflame|def|1\n|\n|upkeep\n|turn|23\n|\n|t:|1698199634\n|move|p2a: Talonflame|Roost|p2a: Talonflame\n|-heal|p2a: Talonflame|100\/100\n|-singleturn|p2a: Talonflame|move: Roost\n|move|p1a: Groudon|Smack Down|p2a: Talonflame\n|-supereffective|p2a: Talonflame\n|-damage|p2a: Talonflame|77\/100\n|\n|upkeep\n|turn|24\n|\n|t:|1698199639\n|move|p2a: Talonflame|Bulk Up|p2a: Talonflame\n|-boost|p2a: Talonflame|atk|1\n|-boost|p2a: Talonflame|def|1\n|move|p1a: Groudon|Smack Down|p2a: Talonflame\n|-supereffective|p2a: Talonflame\n|-damage|p2a: Talonflame|45\/100\n|-start|p2a: Talonflame|Smack Down\n|\n|upkeep\n|turn|25\n|\n|t:|1698199645\n|move|p2a: Talonflame|Roost|p2a: Talonflame\n|-heal|p2a: Talonflame|95\/100\n|-singleturn|p2a: Talonflame|move: Roost\n|move|p1a: Groudon|Earthquake|p2a: Talonflame\n|-supereffective|p2a: Talonflame\n|-damage|p2a: Talonflame|40\/100\n|\n|upkeep\n|turn|26\n|\n|t:|1698199655\n|move|p2a: Talonflame|Flare Blitz|p1a: Groudon\n|-damage|p1a: Groudon|20\/100 tox\n|move|p1a: Groudon|Earthquake|p2a: Talonflame\n|-supereffective|p2a: Talonflame\n|-damage|p2a: Talonflame|0 fnt\n|faint|p2a: Talonflame\n|\n|-heal|p1a: Groudon|32\/100 tox|[from] ability: Poison Heal\n|upkeep\n|\n|t:|1698199660\n|switch|p2a: Azelf|Azelf|100\/100\n|-damage|p2a: Azelf|88\/100|[from] Stealth Rock\n|turn|27\n|\n|t:|1698199666\n|switch|p1a: Chansey|Chansey, F|100\/100\n|move|p2a: Azelf|Psychic|p1a: Chansey\n|-damage|p1a: Chansey|84\/100\n|-unboost|p1a: Chansey|spd|1\n|\n|-heal|p2a: Azelf|94\/100|[from] item: Leftovers\n|-heal|p1a: Chansey|91\/100|[from] item: Leftovers\n|upkeep\n|turn|28\n|\n|t:|1698199671\n|switch|p1a: Garganacl|Garganacl, F|81\/100\n|move|p2a: Azelf|Knock Off|p1a: Garganacl\n|-damage|p1a: Garganacl|62\/100\n|-enditem|p1a: Garganacl|Heavy-Duty Boots|[from] move: Knock Off|[of] p2a: Azelf\n|\n|-heal|p2a: Azelf|100\/100|[from] item: Leftovers\n|upkeep\n|turn|29\n|\n|t:|1698199677\n|switch|p1a: Clodsire|Clodsire, F|95\/100\n|move|p2a: Azelf|Psychic|p1a: Clodsire\n|-supereffective|p1a: Clodsire\n|-damage|p1a: Clodsire|72\/100\n|\n|-heal|p1a: Clodsire|79\/100|[from] item: Leftovers\n|upkeep\n|turn|30\n|\n|t:|1698199681\n|move|p2a: Azelf|Knock Off|p1a: Clodsire\n|-damage|p1a: Clodsire|49\/100\n|-enditem|p1a: Clodsire|Leftovers|[from] move: Knock Off|[of] p2a: Azelf\n|move|p1a: Clodsire|Toxic|p2a: Azelf\n|-status|p2a: Azelf|tox\n|\n|-damage|p2a: Azelf|94\/100 tox|[from] psn\n|upkeep\n|turn|31\n|\n|t:|1698199688\n|move|p2a: Azelf|Psychic|p1a: Clodsire\n|-supereffective|p1a: Clodsire\n|-damage|p1a: Clodsire|23\/100\n|move|p1a: Clodsire|Recover|p1a: Clodsire\n|-heal|p1a: Clodsire|73\/100\n|\n|-heal|p2a: Azelf|100\/100 tox|[from] item: Leftovers\n|-damage|p2a: Azelf|88\/100 tox|[from] psn\n|upkeep\n|turn|32\n|\n|t:|1698199691\n|switch|p2a: Froslass|Froslass, F|100\/100\n|-damage|p2a: Froslass|76\/100|[from] Stealth Rock\n|-weather|Snow|[from] ability: Snow Warning|[of] p2a: Froslass\n|move|p1a: Clodsire|Recover|p1a: Clodsire\n|-heal|p1a: Clodsire|100\/100\n|\n|-weather|Snow|[upkeep]\n|upkeep\n|turn|33\n|\n|t:|1698199695\n|move|p2a: Froslass|Blizzard|p1a: Clodsire\n|-supereffective|p1a: Clodsire\n|-damage|p1a: Clodsire|80\/100\n|move|p1a: Clodsire|Toxic|p2a: Froslass\n|-status|p2a: Froslass|tox\n|\n|-weather|Snow|[upkeep]\n|-damage|p2a: Froslass|70\/100 tox|[from] psn\n|upkeep\n|turn|34\n|-message|kwesty forfeited.\n|\n|win|Pure Hackmons\n|n|\u2606Pure Hackmons|purehackmons\n|n|\u2606kwesty|kwesty\n|l|\u2606kwesty\n|c|\u2606Pure Hackmons|g_g\n","uploadtime":1698199702,"views":10,"p1id":"purehackmons","p2id":"kwesty","formatid":"gen9anythinggoes","rating":0,"private":0,"password":""}