{"id":"gen9anythinggoes-1975502389","p1":"Dracoza","p2":"22io","format":"[Gen 9] Anything Goes","log":"|j|\u2606Dracoza\n|j|\u260622io\n|t:|1698198225\n|gametype|singles\n|player|p1|Dracoza|1|1081\n|player|p2|22io|roxie|1052\n|teamsize|p1|6\n|teamsize|p2|6\n|gen|9\n|tier|[Gen 9] Anything Goes\n|rated|\n|rule|HP Percentage Mod: HP is shown in percentages\n|rule|Endless Battle Clause: Forcing endless battles is banned\n|clearpoke\n|poke|p1|Noivern, F|\n|poke|p1|Zapdos-Galar|\n|poke|p1|Gastrodon, M|\n|poke|p1|Volcarona, M|\n|poke|p1|Glimmora, M|\n|poke|p1|Annihilape, F|\n|poke|p2|Zacian-*|\n|poke|p2|Eternatus|\n|poke|p2|Dialga|\n|poke|p2|Kyogre|\n|poke|p2|Groudon|\n|poke|p2|Calyrex-Shadow|\n|teampreview\n|\n|t:|1698198231\n|start\n|switch|p1a: Volcarona|Volcarona, M|100\/100\n|switch|p2a: Eternatus|Eternatus|100\/100\n|-ability|p2a: Eternatus|Pressure\n|turn|1\n|\n|t:|1698198239\n|-terastallize|p1a: Volcarona|Bug\n|move|p2a: Eternatus|Toxic|p1a: Volcarona\n|-status|p1a: Volcarona|tox\n|move|p1a: Volcarona|Quiver Dance|p1a: Volcarona\n|-boost|p1a: Volcarona|spa|1\n|-boost|p1a: Volcarona|spd|1\n|-boost|p1a: Volcarona|spe|1\n|\n|-damage|p1a: Volcarona|94\/100 tox|[from] psn\n|upkeep\n|turn|2\n|\n|t:|1698198252\n|move|p1a: Volcarona|Quiver Dance|p1a: Volcarona\n|-boost|p1a: Volcarona|spa|1\n|-boost|p1a: Volcarona|spd|1\n|-boost|p1a: Volcarona|spe|1\n|move|p2a: Eternatus|Dynamax Cannon|p1a: Volcarona\n|-damage|p1a: Volcarona|73\/100 tox\n|\n|-damage|p1a: Volcarona|61\/100 tox|[from] psn\n|upkeep\n|turn|3\n|\n|t:|1698198267\n|move|p1a: Volcarona|Fiery Dance|p2a: Eternatus\n|-resisted|p2a: Eternatus\n|-damage|p2a: Eternatus|65\/100\n|move|p2a: Eternatus|Sludge Bomb|p1a: Volcarona\n|-damage|p1a: Volcarona|41\/100 tox\n|\n|-heal|p2a: Eternatus|71\/100|[from] item: Leftovers\n|-damage|p1a: Volcarona|23\/100 tox|[from] psn\n|upkeep\n|turn|4\n|\n|t:|1698198278\n|move|p1a: Volcarona|Bug Buzz|p2a: Eternatus\n|-resisted|p2a: Eternatus\n|-damage|p2a: Eternatus|1\/100\n|move|p2a: Eternatus|Recover|p2a: Eternatus\n|-heal|p2a: Eternatus|51\/100\n|\n|-heal|p2a: Eternatus|57\/100|[from] item: Leftovers\n|-damage|p1a: Volcarona|0 fnt|[from] psn\n|faint|p1a: Volcarona\n|upkeep\n|\n|t:|1698198287\n|switch|p1a: Zapdos|Zapdos-Galar|100\/100\n|turn|5\n|\n|t:|1698198291\n|move|p2a: Eternatus|Recover|p2a: Eternatus\n|-heal|p2a: Eternatus|100\/100\n|move|p1a: Zapdos|Low Kick|p2a: Eternatus\n|-resisted|p2a: Eternatus\n|-damage|p2a: Eternatus|86\/100\n|\n|-heal|p2a: Eternatus|92\/100|[from] item: Leftovers\n|upkeep\n|turn|6\n|\n|t:|1698198299\n|move|p2a: Eternatus|Toxic|p1a: Zapdos\n|-status|p1a: Zapdos|tox\n|move|p1a: Zapdos|Tailwind|p1a: Zapdos\n|-sidestart|p1: Dracoza|move: Tailwind\n|\n|-heal|p2a: Eternatus|99\/100|[from] item: Leftovers\n|-damage|p1a: Zapdos|94\/100 tox|[from] psn\n|upkeep\n|turn|7\n|\n|t:|1698198311\n|switch|p1a: Annihilape|Annihilape, F|100\/100\n|move|p2a: Eternatus|Sludge Bomb|p1a: Annihilape\n|-resisted|p1a: Annihilape\n|-damage|p1a: Annihilape|81\/100\n|-status|p1a: Annihilape|psn\n|\n|-heal|p1a: Annihilape|87\/100 psn|[from] item: Leftovers\n|-heal|p2a: Eternatus|100\/100|[from] item: Leftovers\n|-damage|p1a: Annihilape|75\/100 psn|[from] psn\n|upkeep\n|turn|8\n|j| sillyboi79\n|c| sillyboi79|yooy\n|\n|t:|1698198326\n|move|p1a: Annihilape|Rage Fist|p2a: Eternatus\n|-damage|p2a: Eternatus|77\/100\n|move|p2a: Eternatus|Dynamax Cannon|p1a: Annihilape\n|-damage|p1a: Annihilape|31\/100 psn\n|\n|-heal|p1a: Annihilape|37\/100 psn|[from] item: Leftovers\n|-heal|p2a: Eternatus|83\/100|[from] item: Leftovers\n|-damage|p1a: Annihilape|24\/100 psn|[from] psn\n|upkeep\n|turn|9\n|\n|t:|1698198337\n|move|p1a: Annihilape|Fire Punch|p2a: Eternatus\n|-resisted|p2a: Eternatus\n|-damage|p2a: Eternatus|78\/100\n|move|p2a: Eternatus|Recover|p2a: Eternatus\n|-heal|p2a: Eternatus|100\/100\n|\n|-heal|p1a: Annihilape|31\/100 psn|[from] item: Leftovers\n|-damage|p1a: Annihilape|18\/100 psn|[from] psn\n|-sideend|p1: Dracoza|move: Tailwind\n|upkeep\n|turn|10\n|c| sillyboi79|what is good my homie broski\n|\n|t:|1698198351\n|move|p2a: Eternatus|Sludge Bomb|p1a: Annihilape\n|-resisted|p1a: Annihilape\n|-damage|p1a: Annihilape|0 fnt\n|faint|p1a: Annihilape\n|\n|upkeep\n|c| sillyboi79|my best pal\n|\n|t:|1698198357\n|switch|p1a: Gastrodon|Gastrodon, M|100\/100\n|turn|11\n|\n|t:|1698198364\n|move|p2a: Eternatus|Toxic|p1a: Gastrodon\n|-status|p1a: Gastrodon|tox\n|move|p1a: Gastrodon|Earthquake|p2a: Eternatus\n|-supereffective|p2a: Eternatus\n|-damage|p2a: Eternatus|69\/100\n|\n|-heal|p2a: Eternatus|75\/100|[from] item: Leftovers\n|-damage|p1a: Gastrodon|94\/100 tox|[from] psn\n|upkeep\n|turn|12\n|c| sillyboi79|my little elf on a shelf\n|c| sillyboi79|fucking short ass mf\n|\n|t:|1698198376\n|move|p2a: Eternatus|Recover|p2a: Eternatus\n|-heal|p2a: Eternatus|100\/100\n|move|p1a: Gastrodon|Earthquake|p2a: Eternatus\n|-supereffective|p2a: Eternatus\n|-damage|p2a: Eternatus|67\/100\n|\n|-heal|p2a: Eternatus|73\/100|[from] item: Leftovers\n|-damage|p1a: Gastrodon|82\/100 tox|[from] psn\n|upkeep\n|turn|13\n|\n|t:|1698198387\n|move|p2a: Eternatus|Recover|p2a: Eternatus\n|-heal|p2a: Eternatus|100\/100\n|move|p1a: Gastrodon|Earthquake|p2a: Eternatus\n|-supereffective|p2a: Eternatus\n|-damage|p2a: Eternatus|66\/100\n|\n|-heal|p2a: Eternatus|72\/100|[from] item: Leftovers\n|-damage|p1a: Gastrodon|63\/100 tox|[from] psn\n|upkeep\n|turn|14\n|\n|t:|1698198399\n|move|p2a: Eternatus|Dynamax Cannon|p1a: Gastrodon\n|-damage|p1a: Gastrodon|21\/100 tox\n|move|p1a: Gastrodon|Hydro Pump|p2a: Eternatus|[miss]\n|-miss|p1a: Gastrodon|p2a: Eternatus\n|\n|-heal|p2a: Eternatus|78\/100|[from] item: Leftovers\n|-damage|p1a: Gastrodon|0 fnt|[from] psn\n|faint|p1a: Gastrodon\n|upkeep\n|c| sillyboi79|my wittle kitten\n|\n|t:|1698198409\n|switch|p1a: Noivern|Noivern, F, shiny|100\/100\n|turn|15\n|c| sillyboi79|damn\n|\n|t:|1698198419\n|move|p1a: Noivern|U-turn|p2a: Eternatus\n|-resisted|p2a: Eternatus\n|-damage|p2a: Eternatus|75\/100\n|\n|t:|1698198426\n|switch|p1a: Glimmora|Glimmora, M|100\/100|[from] U-turn\n|move|p2a: Eternatus|Toxic|p1a: Glimmora\n|-immune|p1a: Glimmora\n|\n|-heal|p2a: Eternatus|81\/100|[from] item: Leftovers\n|upkeep\n|turn|16\n|\n|t:|1698198439\n|move|p2a: Eternatus|Dynamax Cannon|p1a: Glimmora\n|-damage|p1a: Glimmora|49\/100\n|move|p1a: Glimmora|Substitute|p1a: Glimmora\n|-start|p1a: Glimmora|Substitute\n|-damage|p1a: Glimmora|24\/100\n|\n|-heal|p2a: Eternatus|87\/100|[from] item: Leftovers\n|upkeep\n|turn|17\n|\n|t:|1698198450\n|move|p2a: Eternatus|Dynamax Cannon|p1a: Glimmora\n|-end|p1a: Glimmora|Substitute\n|move|p1a: Glimmora|Stone Edge|p2a: Eternatus\n|-crit|p2a: Eternatus\n|-damage|p2a: Eternatus|68\/100\n|\n|-heal|p2a: Eternatus|74\/100|[from] item: Leftovers\n|upkeep\n|turn|18\n|-message|Dracoza forfeited.\n|\n|win|22io\n|raw|Dracoza's rating: 1081 &rarr; <strong>1057<\/strong><br \/>(-24 for losing)\n|raw|22io's rating: 1052 &rarr; <strong>1087<\/strong><br \/>(+35 for winning)\n|l|\u2606Dracoza\n","uploadtime":1698198375,"views":7,"p1id":"dracoza","p2id":"22io","formatid":"gen9anythinggoes","rating":1057,"private":0,"password":""}