{"id":"gen9anythinggoes-1983957479","p1":"Jeremy647","p2":"Toint","format":"[Gen 9] Anything Goes","log":"|j|\u2606Jeremy647\n|j|\u2606Toint\n|t:|1699204061\n|gametype|singles\n|player|p1|Jeremy647|ruinmaniac|1292\n|player|p2|Toint|102|1203\n|teamsize|p1|6\n|teamsize|p2|6\n|gen|9\n|tier|[Gen 9] Anything Goes\n|rated|\n|rule|HP Percentage Mod: HP is shown in percentages\n|rule|Endless Battle Clause: Forcing endless battles is banned\n|clearpoke\n|poke|p1|Iron Bundle|\n|poke|p1|Miraidon|\n|poke|p1|Zacian-*|\n|poke|p1|Annihilape, M|\n|poke|p1|Roaring Moon|\n|poke|p1|Rillaboom, M|\n|poke|p2|Urshifu-*, M|\n|poke|p2|Farigiraf, M|\n|poke|p2|Amoonguss, F|\n|poke|p2|Ursaluna, M|\n|poke|p2|Gholdengo|\n|poke|p2|Cinderace, M|\n|teampreview\n|inactive|Battle timer is ON: inactive players will automatically lose when time's up. (requested by Jeremy647)\n|\n|t:|1699204075\n|start\n|switch|p1a: Miraidon|Miraidon|100\/100\n|switch|p2a: Amoonguss|Amoonguss, F|100\/100\n|-fieldstart|move: Electric Terrain|[from] ability: Hadron Engine|[of] p1a: Miraidon\n|turn|1\n|\n|t:|1699204079\n|move|p1a: Miraidon|Volt Switch|p2a: Amoonguss\n|-resisted|p2a: Amoonguss\n|-damage|p2a: Amoonguss|69\/100\n|\n|t:|1699204083\n|switch|p1a: Rillaboom|Rillaboom, M|100\/100|[from] Volt Switch\n|-fieldstart|move: Grassy Terrain|[from] ability: Grassy Surge|[of] p1a: Rillaboom\n|move|p2a: Amoonguss|Spore|p1a: Rillaboom\n|-immune|p1a: Rillaboom\n|\n|-heal|p2a: Amoonguss|75\/100|[from] Grassy Terrain\n|upkeep\n|turn|2\n|\n|t:|1699204096\n|switch|p2a: Cinderace|Cinderace, M|100\/100\n|move|p1a: Rillaboom|U-turn|p2a: Cinderace\n|-resisted|p2a: Cinderace\n|-damage|p2a: Cinderace|79\/100\n|\n|t:|1699204104\n|switch|p1a: Roaring Moon|Roaring Moon|100\/100|[from] U-turn\n|-enditem|p1a: Roaring Moon|Booster Energy\n|-activate|p1a: Roaring Moon|ability: Protosynthesis|[fromitem]\n|-start|p1a: Roaring Moon|protosynthesisatk\n|\n|-heal|p2a: Cinderace|85\/100|[from] Grassy Terrain\n|upkeep\n|turn|3\n|\n|t:|1699204112\n|move|p1a: Roaring Moon|Dragon Dance|p1a: Roaring Moon\n|-boost|p1a: Roaring Moon|atk|1\n|-boost|p1a: Roaring Moon|spe|1\n|move|p2a: Cinderace|Gunk Shot|p1a: Roaring Moon\n|-start|p2a: Cinderace|typechange|Poison|[from] ability: Libero\n|-damage|p1a: Roaring Moon|24\/100\n|\n|-heal|p1a: Roaring Moon|30\/100|[from] Grassy Terrain\n|-heal|p2a: Cinderace|91\/100|[from] Grassy Terrain\n|upkeep\n|turn|4\n|\n|t:|1699204116\n|move|p1a: Roaring Moon|Acrobatics|p2a: Cinderace\n|-damage|p2a: Cinderace|0 fnt\n|faint|p2a: Cinderace\n|\n|-heal|p1a: Roaring Moon|36\/100|[from] Grassy Terrain\n|upkeep\n|\n|t:|1699204132\n|switch|p2a: Ursaluna|Ursaluna, M|100\/100\n|turn|5\n|\n|t:|1699204135\n|move|p2a: Ursaluna|Protect|p2a: Ursaluna\n|-singleturn|p2a: Ursaluna|Protect\n|move|p1a: Roaring Moon|Acrobatics|p2a: Ursaluna\n|-activate|p2a: Ursaluna|move: Protect\n|\n|-heal|p1a: Roaring Moon|42\/100|[from] Grassy Terrain\n|-fieldend|move: Grassy Terrain\n|-status|p2a: Ursaluna|brn|[from] item: Flame Orb\n|upkeep\n|turn|6\n|\n|t:|1699204140\n|move|p1a: Roaring Moon|Acrobatics|p2a: Ursaluna\n|-damage|p2a: Ursaluna|46\/100 brn\n|move|p2a: Ursaluna|Facade|p1a: Roaring Moon\n|-damage|p1a: Roaring Moon|0 fnt\n|faint|p1a: Roaring Moon\n|-end|p1a: Roaring Moon|Protosynthesis|[silent]\n|\n|-damage|p2a: Ursaluna|40\/100 brn|[from] brn\n|upkeep\n|\n|t:|1699204147\n|switch|p1a: Rillaboom|Rillaboom, M|100\/100\n|-fieldstart|move: Grassy Terrain|[from] ability: Grassy Surge|[of] p1a: Rillaboom\n|turn|7\n|\n|t:|1699204161\n|move|p1a: Rillaboom|Grassy Glide|p2a: Ursaluna\n|-supereffective|p2a: Ursaluna\n|-damage|p2a: Ursaluna|0 fnt\n|faint|p2a: Ursaluna\n|\n|upkeep\n|\n|t:|1699204166\n|switch|p2a: Farigiraf|Farigiraf, M|100\/100\n|turn|8\n|\n|t:|1699204170\n|move|p1a: Rillaboom|Grassy Glide|p2a: Farigiraf\n|-damage|p2a: Farigiraf|49\/100\n|move|p2a: Farigiraf|Nasty Plot|p2a: Farigiraf\n|-boost|p2a: Farigiraf|spa|2\n|\n|-heal|p2a: Farigiraf|55\/100|[from] Grassy Terrain\n|upkeep\n|turn|9\n|\n|t:|1699204176\n|-terastallize|p2a: Farigiraf|Normal\n|move|p1a: Rillaboom|Grassy Glide|p2a: Farigiraf\n|-damage|p2a: Farigiraf|0 fnt\n|faint|p2a: Farigiraf\n|\n|upkeep\n|\n|t:|1699204178\n|switch|p2a: Gholdengo|Gholdengo|100\/100\n|turn|10\n|\n|t:|1699204185\n|switch|p1a: Annihilape|Annihilape, M|100\/100\n|move|p2a: Gholdengo|Nasty Plot|p2a: Gholdengo\n|-boost|p2a: Gholdengo|spa|2\n|\n|upkeep\n|turn|11\n|\n|t:|1699204189\n|move|p2a: Gholdengo|Shadow Ball|p1a: Annihilape\n|-supereffective|p1a: Annihilape\n|-damage|p1a: Annihilape|0 fnt\n|faint|p1a: Annihilape\n|\n|-fieldend|move: Grassy Terrain\n|upkeep\n|\n|t:|1699204195\n|switch|p1a: Miraidon|Miraidon|100\/100\n|-fieldstart|move: Electric Terrain|[from] ability: Hadron Engine|[of] p1a: Miraidon\n|turn|12\n|\n|t:|1699204202\n|move|p1a: Miraidon|Volt Switch|p2a: Gholdengo\n|-crit|p2a: Gholdengo\n|-damage|p2a: Gholdengo|0 fnt\n|faint|p2a: Gholdengo\n|\n|t:|1699204208\n|switch|p1a: Iron Bundle|Iron Bundle, shiny|100\/100|[from] Volt Switch\n|-activate|p1a: Iron Bundle|ability: Quark Drive\n|-start|p1a: Iron Bundle|quarkdrivespe\n|\n|upkeep\n|\n|t:|1699204212\n|switch|p2a: Amoonguss|Amoonguss, F|75\/100\n|turn|13\n|\n|t:|1699204215\n|move|p1a: Iron Bundle|Freeze-Dry|p2a: Amoonguss\n|-supereffective|p2a: Amoonguss\n|-damage|p2a: Amoonguss|0 fnt\n|faint|p2a: Amoonguss\n|\n|upkeep\n|\n|t:|1699204217\n|switch|p2a: Urshifu|Urshifu-Rapid-Strike, M|100\/100\n|turn|14\n|\n|t:|1699204222\n|move|p1a: Iron Bundle|Freeze-Dry|p2a: Urshifu\n|-supereffective|p2a: Urshifu\n|-damage|p2a: Urshifu|0 fnt\n|faint|p2a: Urshifu\n|\n|win|Jeremy647\n|raw|Jeremy647's rating: 1292 &rarr; <strong>1311<\/strong><br \/>(+19 for winning)\n|raw|Toint's rating: 1203 &rarr; <strong>1184<\/strong><br \/>(-19 for losing)\n|c|\u2606Jeremy647|gg\n|l|\u2606Toint\n","uploadtime":1699204233,"views":3,"p1id":"jeremy647","p2id":"toint","formatid":"gen9anythinggoes","rating":1184,"private":0,"password":""}