{"id":"gen9anythinggoes-1977872587","p1":"ZaneCrescentB","p2":"joon is god","format":"[Gen 9] Anything Goes","log":"|j|\u2606ZaneCrescentB\n|j|\u2606joon is god\n|t:|1698460091\n|gametype|singles\n|player|p1|ZaneCrescentB|sabi|\n|player|p2|joon is god|266|\n|teamsize|p1|6\n|teamsize|p2|6\n|gen|9\n|tier|[Gen 9] Anything Goes\n|rule|HP Percentage Mod: HP is shown in percentages\n|rule|Endless Battle Clause: Forcing endless battles is banned\n|clearpoke\n|poke|p1|Ogerpon, F|\n|poke|p1|Ribombee, F|\n|poke|p1|Dragapult, F|\n|poke|p1|Hawlucha, M|\n|poke|p1|Goodra, F|\n|poke|p1|Braviary-Hisui, M|\n|poke|p2|Koraidon|\n|poke|p2|Ceruledge, M|\n|poke|p2|Palafin, F|\n|poke|p2|Hatterene, F|\n|poke|p2|Toxapex, F|\n|poke|p2|Cinderace, F|\n|teampreview\n|c|\u2606ZaneCrescentB|Gl hf.\n|c|\u2606ZaneCrescentB|Let's GO!\n|\n|t:|1698460105\n|start\n|switch|p1a: Brave Heart|Braviary-Hisui, M, shiny|100\/100\n|switch|p2a: Toxapex|Toxapex, F|100\/100\n|-item|p2a: Toxapex|Air Balloon\n|turn|1\n|\n|t:|1698460111\n|move|p1a: Brave Heart|Calm Mind|p1a: Brave Heart\n|-boost|p1a: Brave Heart|spa|1\n|-boost|p1a: Brave Heart|spd|1\n|move|p2a: Toxapex|Toxic Spikes|p1a: Brave Heart\n|-sidestart|p1: ZaneCrescentB|move: Toxic Spikes\n|\n|upkeep\n|turn|2\n|\n|t:|1698460117\n|move|p1a: Brave Heart|Bulk Up|p1a: Brave Heart\n|-boost|p1a: Brave Heart|atk|1\n|-boost|p1a: Brave Heart|def|1\n|move|p2a: Toxapex|Hydro Pump|p1a: Brave Heart\n|-damage|p1a: Brave Heart|86\/100\n|\n|-heal|p1a: Brave Heart|92\/100|[from] item: Leftovers\n|upkeep\n|turn|3\n|\n|t:|1698460123\n|move|p1a: Brave Heart|Calm Mind|p1a: Brave Heart\n|-boost|p1a: Brave Heart|spa|1\n|-boost|p1a: Brave Heart|spd|1\n|move|p2a: Toxapex|Gunk Shot|p1a: Brave Heart\n|-damage|p1a: Brave Heart|75\/100\n|\n|-heal|p1a: Brave Heart|81\/100|[from] item: Leftovers\n|upkeep\n|turn|4\n|\n|t:|1698460129\n|move|p1a: Brave Heart|Bulk Up|p1a: Brave Heart\n|-boost|p1a: Brave Heart|atk|1\n|-boost|p1a: Brave Heart|def|1\n|move|p2a: Toxapex|Gunk Shot|p1a: Brave Heart\n|-damage|p1a: Brave Heart|68\/100\n|\n|-heal|p1a: Brave Heart|74\/100|[from] item: Leftovers\n|upkeep\n|turn|5\n|\n|t:|1698460138\n|move|p1a: Brave Heart|Esper Wing|p2a: Toxapex\n|-supereffective|p2a: Toxapex\n|-damage|p2a: Toxapex|1\/100\n|-boost|p1a: Brave Heart|spe|1\n|-enditem|p2a: Toxapex|Air Balloon\n|move|p2a: Toxapex|Toxic Spikes|p1a: Brave Heart\n|-sidestart|p1: ZaneCrescentB|move: Toxic Spikes\n|\n|-heal|p1a: Brave Heart|80\/100|[from] item: Leftovers\n|upkeep\n|turn|6\n|\n|t:|1698460144\n|move|p2a: Toxapex|Baneful Bunker|p2a: Toxapex\n|-singleturn|p2a: Toxapex|move: Protect\n|move|p1a: Brave Heart|Calm Mind|p1a: Brave Heart\n|-boost|p1a: Brave Heart|spa|1\n|-boost|p1a: Brave Heart|spd|1\n|\n|-heal|p1a: Brave Heart|86\/100|[from] item: Leftovers\n|upkeep\n|turn|7\n|\n|t:|1698460151\n|move|p2a: Toxapex|Baneful Bunker|p2a: Toxapex\n|-singleturn|p2a: Toxapex|move: Protect\n|move|p1a: Brave Heart|Bulk Up|p1a: Brave Heart\n|-boost|p1a: Brave Heart|atk|1\n|-boost|p1a: Brave Heart|def|1\n|\n|-heal|p1a: Brave Heart|92\/100|[from] item: Leftovers\n|upkeep\n|turn|8\n|\n|t:|1698460158\n|move|p2a: Toxapex|Baneful Bunker||[still]\n|-fail|p2a: Toxapex\n|move|p1a: Brave Heart|Bulk Up|p1a: Brave Heart\n|-boost|p1a: Brave Heart|atk|1\n|-boost|p1a: Brave Heart|def|1\n|\n|-heal|p1a: Brave Heart|99\/100|[from] item: Leftovers\n|upkeep\n|turn|9\n|\n|t:|1698460163\n|move|p2a: Toxapex|Baneful Bunker|p2a: Toxapex\n|-singleturn|p2a: Toxapex|move: Protect\n|move|p1a: Brave Heart|Calm Mind|p1a: Brave Heart\n|-boost|p1a: Brave Heart|spa|1\n|-boost|p1a: Brave Heart|spd|1\n|\n|-heal|p1a: Brave Heart|100\/100|[from] item: Leftovers\n|upkeep\n|turn|10\n|\n|t:|1698460168\n|move|p1a: Brave Heart|Esper Wing|p2a: Toxapex\n|-supereffective|p2a: Toxapex\n|-damage|p2a: Toxapex|0 fnt\n|-boost|p1a: Brave Heart|spe|1\n|faint|p2a: Toxapex\n|\n|upkeep\n|\n|t:|1698460171\n|switch|p2a: Hatterene|Hatterene, F|100\/100\n|turn|11\n|\n|t:|1698460179\n|move|p1a: Brave Heart|Air Slash|p2a: Hatterene\n|-damage|p2a: Hatterene|0 fnt\n|faint|p2a: Hatterene\n|\n|upkeep\n|\n|t:|1698460184\n|switch|p2a: Ceruledge|Ceruledge, M|100\/100\n|turn|12\n|\n|t:|1698460187\n|move|p1a: Brave Heart|Esper Wing|p2a: Ceruledge\n|-damage|p2a: Ceruledge|0 fnt\n|-boost|p1a: Brave Heart|spe|1\n|faint|p2a: Ceruledge\n|\n|upkeep\n|\n|t:|1698460192\n|switch|p2a: Cinderace|Cinderace, F|100\/100\n|turn|13\n|\n|t:|1698460195\n|move|p1a: Brave Heart|Esper Wing|p2a: Cinderace\n|-damage|p2a: Cinderace|0 fnt\n|-boost|p1a: Brave Heart|spe|1\n|faint|p2a: Cinderace\n|\n|upkeep\n|\n|t:|1698460199\n|switch|p2a: Palafin|Palafin, F|100\/100\n|turn|14\n|\n|t:|1698460205\n|move|p1a: Brave Heart|Esper Wing|p2a: Palafin\n|-damage|p2a: Palafin|0 fnt\n|-boost|p1a: Brave Heart|spe|1\n|faint|p2a: Palafin\n|\n|upkeep\n|\n|t:|1698460209\n|switch|p2a: Koraidon|Koraidon|100\/100\n|-weather|SunnyDay|[from] ability: Orichalcum Pulse|[of] p2a: Koraidon\n|-activate|p2a: Koraidon|Orichalcum Pulse|[source]\n|-item|p2a: Koraidon|Air Balloon\n|turn|15\n|\n|t:|1698460222\n|-terastallize|p2a: Koraidon|Fighting\n|move|p1a: Brave Heart|Esper Wing|p2a: Koraidon\n|-supereffective|p2a: Koraidon\n|-damage|p2a: Koraidon|0 fnt\n|-boost|p1a: Brave Heart|spe|1\n|-enditem|p2a: Koraidon|Air Balloon\n|faint|p2a: Koraidon\n|\n|win|ZaneCrescentB\n|c|\u2606ZaneCrescentB|GG.\n|l|\u2606joon is god\n","uploadtime":1698460232,"views":7,"p1id":"zanecrescentb","p2id":"joonisgod","formatid":"gen9anythinggoes","rating":0,"private":0,"password":""}