{"id":"gen9anythinggoes-1985845791","p1":"Ataki","p2":"dreepy airlines","format":"[Gen 9] Anything Goes","log":"|j|\u2606Ataki\n|j|\u2606dreepy airlines\n|t:|1699412539\n|gametype|singles\n|player|p1|Ataki|hop-masters|\n|player|p2|dreepy airlines|dragontamer-gen9|\n|teamsize|p1|6\n|teamsize|p2|6\n|gen|9\n|tier|[Gen 9] Anything Goes\n|rated|Tournament battle\n|rule|HP Percentage Mod: HP is shown in percentages\n|rule|Endless Battle Clause: Forcing endless battles is banned\n|rule|Species Clause: Limit one of each Pok\u00e9mon\n|rule|OHKO Clause: OHKO moves are banned\n|rule|Evasion Moves Clause: Evasion moves are banned\n|rule|1 Ability Clause: Limit 1 of each ability\n|rule|Sleep Moves Clause: Sleep-inducing moves are banned\n|rule|Terastal Clause: You cannot Terastallize\n|clearpoke\n|poke|p1|Kingambit, M|\n|poke|p1|Electrode-Hisui|\n|poke|p1|Roaring Moon|\n|poke|p1|Dondozo, M|\n|poke|p1|Gliscor, M|\n|poke|p1|Iron Moth|\n|poke|p2|Roaring Moon|\n|poke|p2|Sandy Shocks|\n|poke|p2|Slither Wing|\n|poke|p2|Corviknight, M|\n|poke|p2|Ogerpon-Hearthflame, F|\n|poke|p2|Toxapex, F|\n|teampreview\n|j|%Iolanthe\n|inactive|Battle timer is ON: inactive players will automatically lose when time's up. (requested by dreepy airlines)\n|c|\u2606dreepy airlines|hf\n|j|+Dasocks (^-^)\n|c|\u2606Ataki|hf\n|\n|t:|1699412564\n|start\n|switch|p1a: Gliscor|Gliscor, M|100\/100\n|switch|p2a: Ogerpon|Ogerpon-Hearthflame, F|100\/100\n|-ability|p1a: Gliscor|Intimidate|boost\n|-unboost|p2a: Ogerpon|atk|1\n|turn|1\n|l|%Iolanthe\n|\n|t:|1699412574\n|move|p2a: Ogerpon|Surging Strikes|p1a: Gliscor\n|-supereffective|p1a: Gliscor\n|-crit|p1a: Gliscor\n|-damage|p1a: Gliscor|71\/100\n|-damage|p2a: Ogerpon|84\/100|[from] item: Rocky Helmet|[of] p1a: Gliscor\n|-supereffective|p1a: Gliscor\n|-crit|p1a: Gliscor\n|-damage|p1a: Gliscor|42\/100\n|-damage|p2a: Ogerpon|67\/100|[from] item: Rocky Helmet|[of] p1a: Gliscor\n|-supereffective|p1a: Gliscor\n|-crit|p1a: Gliscor\n|-damage|p1a: Gliscor|16\/100\n|-damage|p2a: Ogerpon|51\/100|[from] item: Rocky Helmet|[of] p1a: Gliscor\n|-hitcount|p1a: Gliscor|3\n|move|p1a: Gliscor|Precipice Blades|p2a: Ogerpon\n|-damage|p2a: Ogerpon|2\/100\n|\n|upkeep\n|turn|2\n|\n|t:|1699412591\n|switch|p1a: Dondozo|Dondozo, M|100\/100\n|move|p2a: Ogerpon|Flower Trick|p1a: Dondozo\n|-supereffective|p1a: Dondozo\n|-crit|p1a: Dondozo\n|-damage|p1a: Dondozo|0 fnt\n|faint|p1a: Dondozo\n|\n|upkeep\n|\n|t:|1699412597\n|switch|p1a: Roaring Moon|Roaring Moon|100\/100\n|-ability|p1a: Roaring Moon|Sword of Ruin\n|turn|3\n|c|\u2606Ataki|why did I go there\n|c|\u2606Ataki|oh well\n|\n|t:|1699412604\n|switch|p2a: Corviknight|Corviknight, M|100\/100\n|-ability|p2a: Corviknight|Intimidate|boost\n|-unboost|p1a: Roaring Moon|atk|1\n|move|p1a: Roaring Moon|U-turn|p2a: Corviknight\n|-resisted|p2a: Corviknight\n|-damage|p2a: Corviknight|95\/100\n|-damage|p1a: Roaring Moon|84\/100|[from] item: Rocky Helmet|[of] p2a: Corviknight\n|\n|t:|1699412607\n|switch|p1a: Gliscor|Gliscor, M|16\/100|[from] U-turn\n|-ability|p1a: Gliscor|Intimidate|boost\n|-unboost|p2a: Corviknight|atk|1\n|\n|upkeep\n|turn|4\n|\n|t:|1699412624\n|switch|p2a: Roaring Moon|Roaring Moon|100\/100\n|move|p1a: Gliscor|Shore Up|p1a: Gliscor\n|-heal|p1a: Gliscor|66\/100\n|\n|upkeep\n|turn|5\n|\n|t:|1699412646\n|move|p2a: Roaring Moon|Dragon Darts|p1a: Gliscor\n|-damage|p1a: Gliscor|38\/100\n|-anim|p2a: Roaring Moon|Dragon Darts|p1a: Gliscor\n|-damage|p1a: Gliscor|11\/100\n|move|p1a: Gliscor|Shore Up|p1a: Gliscor\n|-heal|p1a: Gliscor|61\/100\n|\n|upkeep\n|turn|6\n|\n|t:|1699412654\n|switch|p1a: Kingambit|Kingambit, M|100\/100\n|move|p2a: Roaring Moon|Dragon Darts|p1a: Kingambit\n|-resisted|p1a: Kingambit\n|-damage|p1a: Kingambit|84\/100\n|-anim|p2a: Roaring Moon|Dragon Darts|p1a: Kingambit\n|-resisted|p1a: Kingambit\n|-damage|p1a: Kingambit|66\/100\n|\n|-heal|p1a: Kingambit|72\/100|[from] item: Leftovers\n|upkeep\n|turn|7\n|\n|t:|1699412669\n|switch|p2a: Slither Wing|Slither Wing|100\/100\n|switch|p1a: Electrode|Electrode-Hisui|100\/100\n|\n|upkeep\n|turn|8\n|\n|t:|1699412674\n|switch|p1a: Gliscor|Gliscor, M|61\/100\n|-ability|p1a: Gliscor|Intimidate|boost\n|-unboost|p2a: Slither Wing|atk|1\n|move|p2a: Slither Wing|Leech Life|p1a: Gliscor\n|-resisted|p1a: Gliscor\n|-damage|p1a: Gliscor|50\/100\n|-damage|p2a: Slither Wing|84\/100|[from] item: Rocky Helmet|[of] p1a: Gliscor\n|-damage|p2a: Slither Wing|74\/100|[from] item: Life Orb\n|\n|upkeep\n|turn|9\n|\n|t:|1699412680\n|switch|p2a: Toxapex|Toxapex, F|100\/100\n|move|p1a: Gliscor|Shore Up|p1a: Gliscor\n|-heal|p1a: Gliscor|99\/100\n|\n|upkeep\n|turn|10\n|\n|t:|1699412688\n|switch|p1a: Iron Moth|Iron Moth|100\/100\n|-weather|DesolateLand|[from] ability: Desolate Land|[of] p1a: Iron Moth\n|move|p2a: Toxapex|Flip Turn||[still]\n|-fail|p2a: Toxapex|Flip Turn|[from] Desolate Land\n|\n|-weather|DesolateLand|[upkeep]\n|upkeep\n|turn|11\n|\n|t:|1699412710\n|switch|p2a: Ogerpon|Ogerpon-Hearthflame, F|2\/100\n|move|p1a: Iron Moth|Mortal Spin|p2a: Ogerpon\n|-supereffective|p2a: Ogerpon\n|-damage|p2a: Ogerpon|0 fnt\n|faint|p2a: Ogerpon\n|\n|-weather|DesolateLand|[upkeep]\n|upkeep\n|\n|t:|1699412722\n|switch|p2a: Roaring Moon|Roaring Moon|100\/100\n|turn|12\n|\n|t:|1699412728\n|-weather|none\n|switch|p1a: Gliscor|Gliscor, M|99\/100\n|-ability|p1a: Gliscor|Intimidate|boost\n|-unboost|p2a: Roaring Moon|atk|1\n|move|p2a: Roaring Moon|Knock Off|p1a: Gliscor\n|-damage|p1a: Gliscor|78\/100\n|-damage|p2a: Roaring Moon|84\/100|[from] item: Rocky Helmet|[of] p1a: Gliscor\n|-enditem|p1a: Gliscor|Rocky Helmet|[from] move: Knock Off|[of] p2a: Roaring Moon\n|\n|upkeep\n|turn|13\n|\n|t:|1699412737\n|switch|p2a: Corviknight|Corviknight, M|95\/100\n|-ability|p2a: Corviknight|Intimidate|boost\n|-unboost|p1a: Gliscor|atk|1\n|move|p1a: Gliscor|Stealth Rock|p2a: Corviknight\n|-sidestart|p2: dreepy airlines|move: Stealth Rock\n|\n|upkeep\n|turn|14\n|\n|t:|1699412741\n|switch|p1a: Iron Moth|Iron Moth|100\/100\n|-weather|DesolateLand|[from] ability: Desolate Land|[of] p1a: Iron Moth\n|move|p2a: Corviknight|Defog|p1a: Iron Moth\n|-unboost|p1a: Iron Moth|evasion|1\n|-sideend|p2: dreepy airlines|Stealth Rock|[from] move: Defog|[of] p2a: Corviknight\n|\n|-weather|DesolateLand|[upkeep]\n|upkeep\n|turn|15\n|inactive|dreepy airlines has 120 seconds left.\n|\n|t:|1699412787\n|switch|p2a: Sandy Shocks|Sandy Shocks|100\/100\n|-fieldstart|move: Electric Terrain|[from] ability: Hadron Engine|[of] p2a: Sandy Shocks\n|move|p1a: Iron Moth|Torch Song|p2a: Sandy Shocks\n|-damage|p2a: Sandy Shocks|27\/100\n|-boost|p1a: Iron Moth|spa|1\n|\n|-weather|DesolateLand|[upkeep]\n|upkeep\n|turn|16\n|\n|t:|1699412799\n|switch|p2a: Roaring Moon|Roaring Moon|84\/100\n|-weather|none\n|switch|p1a: Gliscor|Gliscor, M|78\/100\n|-ability|p1a: Gliscor|Intimidate|boost\n|-unboost|p2a: Roaring Moon|atk|1\n|\n|upkeep\n|turn|17\n|j| Mikirae1218\n|inactive|dreepy airlines has 90 seconds left.\n|c|\u2606dreepy airlines|i just realised\n|c|\u2606dreepy airlines|its lando\n|\n|t:|1699412845\n|switch|p2a: Toxapex|Toxapex, F|100\/100\n|move|p1a: Gliscor|Stealth Rock|p2a: Toxapex\n|-sidestart|p2: dreepy airlines|move: Stealth Rock\n|\n|upkeep\n|turn|18\n|inactive|Ataki has 120 seconds left.\n|c|\u2606Ataki|truly\n|\n|t:|1699412881\n|switch|p1a: Kingambit|Kingambit, M|72\/100\n|move|p2a: Toxapex|Mortal Spin|p1a: Kingambit\n|-immune|p1a: Kingambit\n|\n|-heal|p1a: Kingambit|78\/100|[from] item: Leftovers\n|upkeep\n|turn|19\n|inactive|Ataki has 120 seconds left.\n|\n|t:|1699412892\n|switch|p1a: Electrode|Electrode-Hisui|100\/100\n|move|p2a: Toxapex|Flip Turn|p1a: Electrode\n|-resisted|p1a: Electrode\n|-damage|p1a: Electrode|89\/100\n|j|+Pure Hackmons\n|\n|t:|1699412900\n|switch|p2a: Roaring Moon|Roaring Moon|84\/100|[from] Flip Turn\n|-damage|p2a: Roaring Moon|72\/100|[from] Stealth Rock\n|\n|-fieldend|move: Electric Terrain\n|upkeep\n|turn|20\n|inactive|Ataki has 120 seconds left.\n|\n|t:|1699412922\n|move|p2a: Roaring Moon|Dragon Darts|p1a: Electrode\n|-damage|p1a: Electrode|12\/100\n|-anim|p2a: Roaring Moon|Dragon Darts|p1a: Electrode\n|-damage|p1a: Electrode|0 fnt\n|faint|p1a: Electrode\n|\n|upkeep\n|c|\u2606Ataki|duh\n|\n|t:|1699412927\n|switch|p1a: Kingambit|Kingambit, M|78\/100\n|turn|21\n|c|\u2606dreepy airlines|pew\n|\n|t:|1699412933\n|switch|p2a: Corviknight|Corviknight, M|95\/100\n|-damage|p2a: Corviknight|83\/100|[from] Stealth Rock\n|-ability|p2a: Corviknight|Intimidate|boost\n|-unboost|p1a: Kingambit|atk|1\n|move|p1a: Kingambit|Swords Dance|p1a: Kingambit\n|-boost|p1a: Kingambit|atk|2\n|\n|-heal|p1a: Kingambit|85\/100|[from] item: Leftovers\n|upkeep\n|turn|22\n|\n|t:|1699412937\n|move|p1a: Kingambit|Ceaseless Edge|p2a: Corviknight\n|-damage|p2a: Corviknight|29\/100\n|-damage|p1a: Kingambit|68\/100|[from] item: Rocky Helmet|[of] p2a: Corviknight\n|-sidestart|p2: dreepy airlines|Spikes\n|move|p2a: Corviknight|Defog|p1a: Kingambit\n|-unboost|p1a: Kingambit|evasion|1\n|-sideend|p2: dreepy airlines|Spikes|[from] move: Defog|[of] p2a: Corviknight\n|-sideend|p2: dreepy airlines|Stealth Rock|[from] move: Defog|[of] p2a: Corviknight\n|\n|-heal|p1a: Kingambit|74\/100|[from] item: Leftovers\n|upkeep\n|turn|23\n|\n|t:|1699412947\n|move|p1a: Kingambit|Ceaseless Edge|p2a: Corviknight|[miss]\n|-miss|p1a: Kingambit|p2a: Corviknight\n|move|p2a: Corviknight|U-turn|p1a: Kingambit\n|-damage|p1a: Kingambit|62\/100\n|c|\u2606dreepy airlines|phew\n|\n|t:|1699412955\n|switch|p2a: Slither Wing|Slither Wing|74\/100|[from] U-turn\n|\n|-heal|p1a: Kingambit|68\/100|[from] item: Leftovers\n|upkeep\n|turn|24\n|inactive|dreepy airlines has 120 seconds left.\n|\n|t:|1699412974\n|switch|p1a: Gliscor|Gliscor, M|78\/100\n|-ability|p1a: Gliscor|Intimidate|boost\n|-unboost|p2a: Slither Wing|atk|1\n|move|p2a: Slither Wing|Bulk Up|p2a: Slither Wing\n|-boost|p2a: Slither Wing|atk|1\n|-boost|p2a: Slither Wing|def|1\n|\n|upkeep\n|turn|25\n|\n|t:|1699412977\n|move|p1a: Gliscor|Precipice Blades|p2a: Slither Wing\n|-resisted|p2a: Slither Wing\n|-damage|p2a: Slither Wing|60\/100\n|move|p2a: Slither Wing|Bulk Up|p2a: Slither Wing\n|-boost|p2a: Slither Wing|atk|1\n|-boost|p2a: Slither Wing|def|1\n|\n|upkeep\n|turn|26\n|\n|t:|1699412982\n|move|p2a: Slither Wing|Morning Sun|p2a: Slither Wing\n|-heal|p2a: Slither Wing|100\/100\n|move|p1a: Gliscor|U-turn|p2a: Slither Wing\n|-resisted|p2a: Slither Wing\n|-damage|p2a: Slither Wing|96\/100\n|\n|t:|1699412984\n|switch|p1a: Iron Moth|Iron Moth|100\/100|[from] U-turn\n|-weather|DesolateLand|[from] ability: Desolate Land|[of] p1a: Iron Moth\n|\n|-weather|DesolateLand|[upkeep]\n|upkeep\n|turn|27\n|\n|t:|1699412993\n|move|p2a: Slither Wing|Drain Punch|p1a: Iron Moth\n|-resisted|p1a: Iron Moth\n|-damage|p1a: Iron Moth|34\/100\n|-heal|p2a: Slither Wing|100\/100|[from] drain|[of] p1a: Iron Moth\n|-damage|p2a: Slither Wing|91\/100|[from] item: Life Orb\n|move|p1a: Iron Moth|Torch Song|p2a: Slither Wing\n|-supereffective|p2a: Slither Wing\n|-damage|p2a: Slither Wing|0 fnt\n|-boost|p1a: Iron Moth|spa|1\n|faint|p2a: Slither Wing\n|\n|-weather|DesolateLand|[upkeep]\n|upkeep\n|\n|t:|1699413015\n|switch|p2a: Roaring Moon|Roaring Moon|72\/100\n|turn|28\n|\n|t:|1699413028\n|-weather|none\n|switch|p1a: Gliscor|Gliscor, M|78\/100\n|-ability|p1a: Gliscor|Intimidate|boost\n|-unboost|p2a: Roaring Moon|atk|1\n|move|p2a: Roaring Moon|Earthquake|p1a: Gliscor\n|-immune|p1a: Gliscor\n|\n|upkeep\n|turn|29\n|-message|dreepy airlines forfeited.\n|\n|win|Ataki\n|n|\u2606Ataki|ataki\n|n|\u2606dreepy airlines|dreepyairlines\n|n| Dasocks (^-^)|dasocks\n|n| Mikirae1218|mikirae1218\n|n| Pure Hackmons|purehackmons\n","uploadtime":1699413034,"views":4,"p1id":"ataki","p2id":"dreepyairlines","formatid":"gen9anythinggoes","rating":0,"private":0,"password":""}