{"id":"gen9anythinggoes-1988334104","p1":"Sumedh77","p2":"Newplayer142","format":"[Gen 9] Anything Goes","log":"|j|\u2606Sumedh77\n|j|\u2606Newplayer142\n|t:|1699710117\n|gametype|singles\n|player|p1|Sumedh77|1|1056\n|player|p2|Newplayer142|169|1043\n|teamsize|p1|6\n|teamsize|p2|6\n|gen|9\n|tier|[Gen 9] Anything Goes\n|rated|\n|rule|HP Percentage Mod: HP is shown in percentages\n|rule|Endless Battle Clause: Forcing endless battles is banned\n|clearpoke\n|poke|p1|Gliscor, M|\n|poke|p1|Snorlax, M|\n|poke|p1|Ursaluna-Bloodmoon, M|\n|poke|p1|Salamence, M|\n|poke|p1|Rayquaza|\n|poke|p1|Urshifu-*, M|\n|poke|p2|Samurott-Hisui, M|\n|poke|p2|Dragonite, F|\n|poke|p2|Decidueye-Hisui, M|\n|poke|p2|Regieleki|\n|poke|p2|Shiftry, M|\n|poke|p2|Mamoswine, M|\n|teampreview\n|\n|t:|1699710125\n|start\n|switch|p1a: Rayquaza|Rayquaza|100\/100\n|switch|p2a: Samurott|Samurott-Hisui, M, shiny|100\/100\n|-ability|p1a: Rayquaza|Air Lock\n|turn|1\n|\n|t:|1699710138\n|move|p2a: Samurott|Ceaseless Edge|p1a: Rayquaza\n|-damage|p1a: Rayquaza|57\/100\n|-sidestart|p1: Sumedh77|Spikes\n|move|p1a: Rayquaza|Draco Meteor|p2a: Samurott\n|-damage|p2a: Samurott|15\/100\n|-unboost|p1a: Rayquaza|spa|2\n|\n|upkeep\n|turn|2\n|\n|t:|1699710149\n|move|p2a: Samurott|Ceaseless Edge|p1a: Rayquaza\n|-damage|p1a: Rayquaza|13\/100\n|-sidestart|p1: Sumedh77|Spikes\n|move|p1a: Rayquaza|Dragon Ascent|p2a: Samurott\n|-damage|p2a: Samurott|0 fnt\n|-unboost|p1a: Rayquaza|def|1\n|-unboost|p1a: Rayquaza|spd|1\n|faint|p2a: Samurott\n|\n|upkeep\n|\n|t:|1699710161\n|switch|p2a: Regieleki|Regieleki, shiny|100\/100\n|turn|3\n|\n|t:|1699710175\n|-terastallize|p2a: Regieleki|Ice\n|move|p2a: Regieleki|Tera Blast|p1a: Rayquaza|[anim] Tera Blast Ice\n|-supereffective|p1a: Rayquaza\n|-damage|p1a: Rayquaza|0 fnt\n|faint|p1a: Rayquaza\n|\n|upkeep\n|\n|t:|1699710189\n|switch|p1a: Urshifu|Urshifu, M|100\/100\n|-damage|p1a: Urshifu|84\/100|[from] Spikes\n|turn|4\n|\n|t:|1699710199\n|move|p2a: Regieleki|Tera Blast|p1a: Urshifu|[anim] Tera Blast Ice\n|-damage|p1a: Urshifu|47\/100\n|move|p1a: Urshifu|Focus Blast|p2a: Regieleki\n|-supereffective|p2a: Regieleki\n|-damage|p2a: Regieleki|0 fnt\n|faint|p2a: Regieleki\n|\n|upkeep\n|\n|t:|1699710219\n|switch|p2a: Decidueye|Decidueye-Hisui, M, shiny|100\/100\n|turn|5\n|\n|t:|1699710230\n|move|p2a: Decidueye|Sucker Punch|p1a: Urshifu\n|-resisted|p1a: Urshifu\n|-damage|p1a: Urshifu|41\/100\n|move|p1a: Urshifu|Focus Blast|p2a: Decidueye\n|-damage|p2a: Decidueye|67\/100\n|\n|upkeep\n|turn|6\n|\n|t:|1699710239\n|move|p1a: Urshifu|Focus Blast|p2a: Decidueye|[miss]\n|-miss|p1a: Urshifu|p2a: Decidueye\n|move|p2a: Decidueye|Bulk Up|p2a: Decidueye\n|-boost|p2a: Decidueye|atk|1\n|-boost|p2a: Decidueye|def|1\n|\n|upkeep\n|turn|7\n|\n|t:|1699710247\n|move|p1a: Urshifu|Foul Play|p2a: Decidueye\n|-resisted|p2a: Decidueye\n|-damage|p2a: Decidueye|39\/100\n|move|p2a: Decidueye|Bulk Up|p2a: Decidueye\n|-boost|p2a: Decidueye|atk|1\n|-boost|p2a: Decidueye|def|1\n|\n|upkeep\n|turn|8\n|\n|t:|1699710256\n|move|p1a: Urshifu|Foul Play|p2a: Decidueye\n|-resisted|p2a: Decidueye\n|-damage|p2a: Decidueye|13\/100\n|move|p2a: Decidueye|Triple Arrows|p1a: Urshifu\n|-supereffective|p1a: Urshifu\n|-damage|p1a: Urshifu|0 fnt\n|faint|p1a: Urshifu\n|\n|upkeep\n|\n|t:|1699710270\n|switch|p1a: Salamence|Salamence, M|100\/100\n|-ability|p1a: Salamence|Intimidate|boost\n|-fail|p2a: Decidueye|unboost|Attack|[from] ability: Scrappy|[of] p2a: Decidueye\n|turn|9\n|\n|t:|1699710286\n|move|p2a: Decidueye|Sucker Punch|p1a: Salamence\n|-damage|p1a: Salamence|49\/100\n|move|p1a: Salamence|Hurricane|p2a: Decidueye\n|-supereffective|p2a: Decidueye\n|-damage|p2a: Decidueye|0 fnt\n|faint|p2a: Decidueye\n|\n|upkeep\n|\n|t:|1699710295\n|switch|p2a: Dragonite|Dragonite, F, shiny|100\/100\n|turn|10\n|\n|t:|1699710299\n|move|p2a: Dragonite|Extreme Speed|p1a: Salamence\n|-damage|p1a: Salamence|12\/100\n|move|p1a: Salamence|Draco Meteor|p2a: Dragonite\n|-supereffective|p2a: Dragonite\n|-damage|p2a: Dragonite|44\/100\n|-unboost|p1a: Salamence|spa|2\n|\n|upkeep\n|turn|11\n|\n|t:|1699710309\n|move|p1a: Salamence|Protect|p1a: Salamence\n|-singleturn|p1a: Salamence|Protect\n|move|p2a: Dragonite|Extreme Speed|p1a: Salamence\n|-activate|p1a: Salamence|move: Protect\n|\n|upkeep\n|turn|12\n|\n|t:|1699710317\n|move|p2a: Dragonite|Extreme Speed|p1a: Salamence\n|-damage|p1a: Salamence|0 fnt\n|faint|p1a: Salamence\n|\n|upkeep\n|\n|t:|1699710333\n|switch|p1a: Ursaluna|Ursaluna-Bloodmoon, M|100\/100\n|-damage|p1a: Ursaluna|84\/100|[from] Spikes\n|turn|13\n|\n|t:|1699710344\n|move|p2a: Dragonite|Earthquake|p1a: Ursaluna\n|-damage|p1a: Ursaluna|53\/100\n|move|p1a: Ursaluna|Blood Moon|p2a: Dragonite\n|-crit|p2a: Dragonite\n|-damage|p2a: Dragonite|0 fnt\n|faint|p2a: Dragonite\n|\n|upkeep\n|inactive|Battle timer is ON: inactive players will automatically lose when time's up. (requested by Sumedh77)\n|\n|t:|1699710351\n|switch|p2a: Shiftry|Shiftry, M, shiny|100\/100\n|turn|14\n|\n|t:|1699710360\n|-terastallize|p1a: Ursaluna|Grass\n|move|p2a: Shiftry|Tailwind|p2a: Shiftry\n|-sidestart|p2: Newplayer142|move: Tailwind\n|-ability|p2a: Shiftry|Wind Rider|boost\n|-boost|p2a: Shiftry|atk|1\n|move|p1a: Ursaluna|Gunk Shot|p2a: Shiftry\n|-supereffective|p2a: Shiftry\n|-damage|p2a: Shiftry|39\/100\n|\n|upkeep\n|turn|15\n|\n|t:|1699710373\n|move|p2a: Shiftry|Vacuum Wave|p1a: Ursaluna\n|-damage|p1a: Ursaluna|42\/100\n|move|p1a: Ursaluna|Blood Moon|p2a: Shiftry\n|-damage|p2a: Shiftry|0 fnt\n|faint|p2a: Shiftry\n|\n|upkeep\n|\n|t:|1699710378\n|switch|p2a: Mamoswine|Mamoswine, M, shiny|100\/100\n|turn|16\n|\n|t:|1699710386\n|move|p2a: Mamoswine|Icicle Spear|p1a: Ursaluna\n|-supereffective|p1a: Ursaluna\n|-damage|p1a: Ursaluna|20\/100\n|-supereffective|p1a: Ursaluna\n|-damage|p1a: Ursaluna|0 fnt\n|faint|p1a: Ursaluna\n|-hitcount|p1: Ursaluna|2\n|\n|upkeep\n|\n|t:|1699710399\n|switch|p1a: Gliscor|Gliscor, M|100\/100\n|turn|17\n|\n|t:|1699710405\n|move|p2a: Mamoswine|Icicle Spear|p1a: Gliscor\n|-supereffective|p1a: Gliscor\n|-damage|p1a: Gliscor|51\/100\n|-supereffective|p1a: Gliscor\n|-damage|p1a: Gliscor|0 fnt\n|faint|p1a: Gliscor\n|-hitcount|p1: Gliscor|2\n|\n|-sideend|p2: Newplayer142|move: Tailwind\n|upkeep\n|\n|t:|1699710413\n|switch|p1a: Snorlax|Snorlax, M|100\/100\n|-damage|p1a: Snorlax|84\/100|[from] Spikes\n|turn|18\n|\n|t:|1699710421\n|move|p2a: Mamoswine|Icicle Spear|p1a: Snorlax\n|-damage|p1a: Snorlax|77\/100\n|-damage|p1a: Snorlax|71\/100\n|-damage|p1a: Snorlax|64\/100\n|-crit|p1a: Snorlax\n|-damage|p1a: Snorlax|55\/100\n|-hitcount|p1a: Snorlax|4\n|move|p1a: Snorlax|Double-Edge|p2a: Mamoswine\n|-damage|p2a: Mamoswine|38\/100\n|-damage|p1a: Snorlax|39\/100|[from] Recoil\n|\n|upkeep\n|turn|19\n|\n|t:|1699710440\n|move|p2a: Mamoswine|Trailblaze|p1a: Snorlax\n|-damage|p1a: Snorlax|23\/100\n|-boost|p2a: Mamoswine|spe|1\n|-damage|p2a: Mamoswine|22\/100|[from] item: Rocky Helmet|[of] p1a: Snorlax\n|move|p1a: Snorlax|Double-Edge|p2a: Mamoswine\n|-damage|p2a: Mamoswine|0 fnt\n|faint|p2a: Mamoswine\n|-damage|p1a: Snorlax|18\/100|[from] Recoil\n|\n|win|Sumedh77\n|raw|Sumedh77's rating: 1056 &rarr; <strong>1086<\/strong><br \/>(+30 for winning)\n|raw|Newplayer142's rating: 1043 &rarr; <strong>1027<\/strong><br \/>(-16 for losing)\n","uploadtime":1699710457,"views":4,"p1id":"sumedh77","p2id":"newplayer142","formatid":"gen9anythinggoes","rating":1027,"private":0,"password":""}