{"id":"gen9anythinggoes-1975530599","p1":"2nd Acct To 1700","p2":"laptops","format":"[Gen 9] Anything Goes","log":"|j|\u26062nd Acct To 1700\n|j|\u2606laptops\n|t:|1698201396\n|gametype|singles\n|player|p1|2nd Acct To 1700|clown|1625\n|player|p2|laptops|lisia-masters|1651\n|teamsize|p1|6\n|teamsize|p2|6\n|gen|9\n|tier|[Gen 9] Anything Goes\n|rated|\n|rule|HP Percentage Mod: HP is shown in percentages\n|rule|Endless Battle Clause: Forcing endless battles is banned\n|clearpoke\n|poke|p1|Koraidon|\n|poke|p1|Calyrex-Shadow|\n|poke|p1|Arceus|\n|poke|p1|Toxapex, F|\n|poke|p1|Ting-Lu|\n|poke|p1|Miraidon|\n|poke|p2|Arceus-Ground|\n|poke|p2|Calyrex-Shadow|\n|poke|p2|Arceus|\n|poke|p2|Arceus-Fairy|\n|poke|p2|Koraidon|\n|poke|p2|Miraidon|\n|teampreview\n|inactive|Battle timer is ON: inactive players will automatically lose when time's up. (requested by 2nd Acct To 1700)\n|\n|t:|1698201429\n|start\n|switch|p1a: Toxapex|Toxapex, F|100\/100\n|switch|p2a: Arceus|Arceus-Fairy|100\/100\n|turn|1\n|\n|t:|1698201434\n|move|p2a: Arceus|Taunt|p1a: Toxapex\n|-start|p1a: Toxapex|move: Taunt\n|cant|p1a: Toxapex|move: Taunt|Toxic\n|\n|upkeep\n|turn|2\n|\n|t:|1698201441\n|move|p2a: Arceus|Stealth Rock|p1a: Toxapex\n|-sidestart|p1: 2nd Acct To 1700|move: Stealth Rock\n|-activate|p1a: Toxapex|move: Struggle\n|move|p1a: Toxapex|Struggle|p2a: Arceus\n|-damage|p2a: Arceus|97\/100\n|-damage|p1a: Toxapex|75\/100|[from] recoil\n|\n|upkeep\n|turn|3\n|\n|t:|1698201453\n|switch|p1a: Ting-Lu|Ting-Lu|100\/100\n|-damage|p1a: Ting-Lu|94\/100|[from] Stealth Rock\n|-ability|p1a: Ting-Lu|Vessel of Ruin\n|move|p2a: Arceus|Judgment|p1a: Ting-Lu\n|-supereffective|p1a: Ting-Lu\n|-damage|p1a: Ting-Lu|37\/100\n|\n|-heal|p1a: Ting-Lu|43\/100|[from] item: Leftovers\n|upkeep\n|turn|4\n|\n|t:|1698201456\n|move|p2a: Arceus|Judgment|p1a: Ting-Lu\n|-supereffective|p1a: Ting-Lu\n|-damage|p1a: Ting-Lu|0 fnt\n|faint|p1a: Ting-Lu\n|\n|upkeep\n|j| Coomie1\n|\n|t:|1698201464\n|switch|p1a: Arceus|Arceus|100\/100\n|-damage|p1a: Arceus|88\/100|[from] Stealth Rock\n|turn|5\n|\n|t:|1698201475\n|move|p2a: Arceus|Taunt|p1a: Arceus\n|-start|p1a: Arceus|move: Taunt\n|cant|p1a: Arceus|move: Taunt|Swords Dance\n|\n|upkeep\n|turn|6\n|\n|t:|1698201486\n|switch|p1a: Madara Uchiha|Miraidon|100\/100\n|-damage|p1a: Madara Uchiha|88\/100|[from] Stealth Rock\n|-fieldstart|move: Electric Terrain|[from] ability: Hadron Engine|[of] p1a: Madara Uchiha\n|move|p2a: Arceus|Judgment|p1a: Madara Uchiha\n|-supereffective|p1a: Madara Uchiha\n|-damage|p1a: Madara Uchiha|15\/100\n|\n|upkeep\n|turn|7\n|\n|t:|1698201496\n|move|p1a: Madara Uchiha|Draco Meteor|p2a: Arceus\n|-immune|p2a: Arceus\n|move|p2a: Arceus|Judgment|p1a: Madara Uchiha\n|-supereffective|p1a: Madara Uchiha\n|-damage|p1a: Madara Uchiha|0 fnt\n|faint|p1a: Madara Uchiha\n|\n|upkeep\n|inactive|2nd Acct To 1700 has 120 seconds left.\n|\n|t:|1698201522\n|switch|p1a: Calyrex|Calyrex-Shadow|100\/100\n|-ability|p1a: Calyrex|As One\n|-ability|p1a: Calyrex|Unnerve\n|-damage|p1a: Calyrex|88\/100|[from] Stealth Rock\n|turn|8\n|\n|t:|1698201551\n|move|p1a: Calyrex|Nasty Plot|p1a: Calyrex\n|-boost|p1a: Calyrex|spa|2\n|move|p2a: Arceus|Icy Wind|p1a: Calyrex\n|-damage|p1a: Calyrex|74\/100\n|-unboost|p1a: Calyrex|spe|1\n|\n|upkeep\n|turn|9\n|\n|t:|1698201561\n|switch|p2a: Arceus|Arceus|100\/100\n|move|p1a: Calyrex|Astral Barrage|p2a: Arceus\n|-immune|p2a: Arceus\n|\n|upkeep\n|turn|10\n|\n|t:|1698201565\n|-terastallize|p1a: Calyrex|Normal\n|move|p1a: Calyrex|Psychic|p2a: Arceus\n|-damage|p2a: Arceus|24\/100\n|move|p2a: Arceus|Shadow Claw|p1a: Calyrex\n|-immune|p1a: Calyrex\n|\n|-fieldend|move: Electric Terrain\n|upkeep\n|turn|11\n|\n|t:|1698201577\n|move|p2a: Arceus|Extreme Speed|p1a: Calyrex\n|-damage|p1a: Calyrex|13\/100\n|move|p1a: Calyrex|Psychic|p2a: Arceus\n|-damage|p2a: Arceus|0 fnt\n|faint|p2a: Arceus\n|-ability|p1a: Calyrex|Grim Neigh|boost\n|-boost|p1a: Calyrex|spa|1\n|\n|upkeep\n|\n|t:|1698201594\n|switch|p2a: Calyrex|Calyrex-Shadow|100\/100\n|-ability|p2a: Calyrex|As One\n|-ability|p2a: Calyrex|Unnerve\n|turn|12\n|\n|t:|1698201598\n|switch|p1a: Arceus|Arceus|88\/100\n|-damage|p1a: Arceus|76\/100|[from] Stealth Rock\n|move|p2a: Calyrex|Grass Knot|p1a: Arceus\n|-damage|p1a: Arceus|45\/100\n|\n|upkeep\n|turn|13\n|\n|t:|1698201606\n|move|p2a: Calyrex|Grass Knot|p1a: Arceus|[miss]\n|-miss|p2a: Calyrex|p1a: Arceus\n|move|p1a: Arceus|Shadow Claw|p2a: Calyrex\n|-supereffective|p2a: Calyrex\n|-enditem|p2a: Calyrex|Focus Sash\n|-damage|p2a: Calyrex|1\/100\n|\n|upkeep\n|turn|14\n|c|\u2606laptops|lol\n|\n|t:|1698201620\n|move|p2a: Calyrex|Grass Knot|p1a: Arceus|[miss]\n|-miss|p2a: Calyrex|p1a: Arceus\n|move|p1a: Arceus|Shadow Claw|p2a: Calyrex\n|-supereffective|p2a: Calyrex\n|-damage|p2a: Calyrex|0 fnt\n|faint|p2a: Calyrex\n|\n|upkeep\n|\n|t:|1698201631\n|switch|p2a: Koraidon|Koraidon|100\/100\n|-weather|SunnyDay|[from] ability: Orichalcum Pulse|[of] p2a: Koraidon\n|-activate|p2a: Koraidon|Orichalcum Pulse|[source]\n|turn|15\n|\n|t:|1698201640\n|switch|p1a: Toxapex|Toxapex, F|100\/100\n|-damage|p1a: Toxapex|88\/100|[from] Stealth Rock\n|move|p2a: Koraidon|Flame Charge|p1a: Toxapex\n|-resisted|p1a: Toxapex\n|-damage|p1a: Toxapex|78\/100\n|-boost|p2a: Koraidon|spe|1\n|-damage|p2a: Koraidon|84\/100|[from] item: Rocky Helmet|[of] p1a: Toxapex\n|\n|-weather|SunnyDay|[upkeep]\n|-heal|p2a: Koraidon|90\/100|[from] item: Leftovers\n|upkeep\n|turn|16\n|\n|t:|1698201651\n|move|p2a: Koraidon|Swords Dance|p2a: Koraidon\n|-boost|p2a: Koraidon|atk|2\n|move|p1a: Toxapex|Toxic|p2a: Koraidon\n|-status|p2a: Koraidon|tox\n|\n|-weather|SunnyDay|[upkeep]\n|-heal|p2a: Koraidon|96\/100 tox|[from] item: Leftovers\n|-damage|p2a: Koraidon|90\/100 tox|[from] psn\n|upkeep\n|turn|17\n|\n|t:|1698201654\n|move|p2a: Koraidon|Stomping Tantrum|p1a: Toxapex\n|-supereffective|p1a: Toxapex\n|-damage|p1a: Toxapex|0 fnt\n|-damage|p2a: Koraidon|74\/100 tox|[from] item: Rocky Helmet|[of] p1a: Toxapex\n|faint|p1a: Toxapex\n|\n|-weather|SunnyDay|[upkeep]\n|-heal|p2a: Koraidon|80\/100 tox|[from] item: Leftovers\n|-damage|p2a: Koraidon|68\/100 tox|[from] psn\n|upkeep\n|\n|t:|1698201660\n|switch|p1a: Arceus|Arceus|45\/100\n|-damage|p1a: Arceus|32\/100|[from] Stealth Rock\n|turn|18\n|\n|t:|1698201664\n|move|p1a: Arceus|Extreme Speed|p2a: Koraidon\n|-damage|p2a: Koraidon|27\/100 tox\n|move|p2a: Koraidon|Low Kick|p1a: Arceus|[miss]\n|-miss|p2a: Koraidon|p1a: Arceus\n|\n|-weather|SunnyDay|[upkeep]\n|-heal|p2a: Koraidon|33\/100 tox|[from] item: Leftovers\n|-damage|p2a: Koraidon|15\/100 tox|[from] psn\n|upkeep\n|turn|19\n|\n|t:|1698201669\n|move|p1a: Arceus|Extreme Speed|p2a: Koraidon\n|-damage|p2a: Koraidon|0 fnt\n|faint|p2a: Koraidon\n|\n|-weather|none\n|upkeep\n|c|\u26062nd Acct To 1700|Are you serious\n|c|\u26062nd Acct To 1700|A 3rd avoid lol\n|j| Jello1231\n|inactive|laptops has 120 seconds left.\n|\n|t:|1698201701\n|switch|p2a: Overflow|Miraidon|100\/100\n|-fieldstart|move: Electric Terrain|[from] ability: Hadron Engine|[of] p2a: Overflow\n|turn|20\n|inactive|laptops has 120 seconds left.\n|c| Jello1231|Laptops\n|c| Jello1231|Good pal\n|\n|t:|1698201730\n|-terastallize|p2a: Overflow|Ghost\n|move|p1a: Arceus|Extreme Speed|p2a: Overflow\n|-immune|p2a: Overflow\n|move|p2a: Overflow|Agility|p2a: Overflow\n|-boost|p2a: Overflow|spe|2\n|\n|upkeep\n|turn|21\n|\n|t:|1698201739\n|move|p2a: Overflow|Parabolic Charge|p1a: Arceus\n|-damage|p1a: Arceus|0 fnt\n|faint|p1a: Arceus\n|\n|upkeep\n|c| Jello1231|When you're done with this do you wanna play dpp\n|\n|t:|1698201751\n|switch|p1a: Koraidon|Koraidon|100\/100\n|-damage|p1a: Koraidon|94\/100|[from] Stealth Rock\n|-weather|SunnyDay|[from] ability: Orichalcum Pulse|[of] p1a: Koraidon\n|-activate|p1a: Koraidon|Orichalcum Pulse|[source]\n|turn|22\n|c|\u2606laptops|jello good buddy\n|inactive|laptops has 120 seconds left.\n|l|\u2606laptops\n|inactive|laptops disconnected and has a minute to reconnect!\n|player|p2|\n|c| Jello1231|LOL\n|j|\u2606laptops\n|inactive|laptops reconnected and has 85 seconds left.\n|player|p2|laptops|lisia-masters\n|l| Jello1231\n|\n|t:|1698201796\n|move|p2a: Overflow|Dragon Pulse|p1a: Koraidon\n|-supereffective|p1a: Koraidon\n|-damage|p1a: Koraidon|0 fnt\n|faint|p1a: Koraidon\n|\n|-weather|SunnyDay|[upkeep]\n|upkeep\n|\n|t:|1698201799\n|switch|p1a: Calyrex|Calyrex-Shadow, tera:Normal|13\/100\n|-ability|p1a: Calyrex|As One\n|-ability|p1a: Calyrex|Unnerve\n|-damage|p1a: Calyrex|0 fnt|[from] Stealth Rock\n|faint|p1a: Calyrex\n|\n|win|laptops\n|raw|2nd Acct To 1700's rating: 1625 &rarr; <strong>1606<\/strong><br \/>(-19 for losing)\n|raw|laptops's rating: 1651 &rarr; <strong>1670<\/strong><br \/>(+19 for winning)\n|j| Jello1231\n|player|p2|laptops|lisia-masters\n|l|\u26062nd Acct To 1700\n|c|\u2606laptops|gg\n","uploadtime":1698201816,"views":31,"p1id":"2ndacctto1700","p2id":"laptops","formatid":"gen9anythinggoes","rating":1606,"private":0,"password":""}