{"id":"gen9anythinggoes-1980764129","p1":"AizIsNaiz","p2":"gufyif","format":"[Gen 9] Anything Goes","log":"|j|\u2606AizIsNaiz\n|j|\u2606gufyif\n|t:|1698828548\n|gametype|singles\n|player|p1|AizIsNaiz|266|1000\n|player|p2|gufyif|steven|1000\n|teamsize|p1|6\n|teamsize|p2|6\n|gen|9\n|tier|[Gen 9] Anything Goes\n|rated|\n|rule|HP Percentage Mod: HP is shown in percentages\n|rule|Endless Battle Clause: Forcing endless battles is banned\n|clearpoke\n|poke|p1|Skeledirge, M|\n|poke|p1|Garganacl, M|\n|poke|p1|Gardevoir, M|\n|poke|p1|Gastrodon, F|\n|poke|p1|Tinkaton, F|\n|poke|p1|Annihilape, M|\n|poke|p2|Annihilape, F|\n|poke|p2|Landorus-Therian, M|\n|poke|p2|Pawmot, M|\n|poke|p2|Kingambit, M|\n|poke|p2|Ninetales-Alola, F|\n|poke|p2|Dragonite, F|\n|teampreview\n|\n|t:|1698828561\n|start\n|switch|p1a: Tinkaton|Tinkaton, F|100\/100\n|switch|p2a: Ninetales|Ninetales-Alola, F|100\/100\n|-weather|Snow|[from] ability: Snow Warning|[of] p2a: Ninetales\n|-ability|p1a: Tinkaton|Mold Breaker\n|turn|1\n|\n|t:|1698828576\n|switch|p2a: Landorus|Landorus-Therian, M|100\/100\n|-ability|p2a: Landorus|Intimidate|boost\n|-unboost|p1a: Tinkaton|atk|1\n|move|p1a: Tinkaton|Swords Dance|p1a: Tinkaton\n|-boost|p1a: Tinkaton|atk|2\n|\n|-weather|Snow|[upkeep]\n|upkeep\n|turn|2\n|\n|t:|1698828594\n|move|p2a: Landorus|Earthquake|p1a: Tinkaton\n|-supereffective|p1a: Tinkaton\n|-damage|p1a: Tinkaton|0 fnt\n|faint|p1a: Tinkaton\n|\n|-weather|Snow|[upkeep]\n|upkeep\n|\n|t:|1698828604\n|switch|p1a: Gastrodon|Gastrodon, F|100\/100\n|turn|3\n|\n|t:|1698828621\n|switch|p2a: Annihilape|Annihilape, F|100\/100\n|move|p1a: Gastrodon|Acid Armor|p1a: Gastrodon\n|-boost|p1a: Gastrodon|def|2\n|\n|-weather|Snow|[upkeep]\n|upkeep\n|turn|4\n|\n|t:|1698828632\n|switch|p1a: Gardevoir|Gardevoir, M|100\/100\n|move|p2a: Annihilape|Ice Punch|p1a: Gardevoir\n|-crit|p1a: Gardevoir\n|-damage|p1a: Gardevoir|71\/100\n|\n|-weather|Snow|[upkeep]\n|upkeep\n|turn|5\n|\n|t:|1698828645\n|move|p2a: Annihilape|Rage Fist|p1a: Gardevoir\n|-supereffective|p1a: Gardevoir\n|-damage|p1a: Gardevoir|28\/100\n|move|p1a: Gardevoir|Dazzling Gleam|p2a: Annihilape\n|-supereffective|p2a: Annihilape\n|-damage|p2a: Annihilape|71\/100\n|\n|-weather|none\n|upkeep\n|turn|6\n|\n|t:|1698828659\n|move|p1a: Gardevoir|Protect|p1a: Gardevoir\n|-singleturn|p1a: Gardevoir|Protect\n|move|p2a: Annihilape|Rage Fist|p1a: Gardevoir\n|-activate|p1a: Gardevoir|move: Protect\n|\n|upkeep\n|turn|7\n|\n|t:|1698828669\n|move|p2a: Annihilape|Rage Fist|p1a: Gardevoir\n|-supereffective|p1a: Gardevoir\n|-damage|p1a: Gardevoir|0 fnt\n|faint|p1a: Gardevoir\n|\n|upkeep\n|\n|t:|1698828675\n|switch|p1a: Garganacl|Garganacl, M|100\/100\n|turn|8\n|\n|t:|1698828685\n|move|p2a: Annihilape|Close Combat|p1a: Garganacl\n|-supereffective|p1a: Garganacl\n|-damage|p1a: Garganacl|42\/100\n|-unboost|p2a: Annihilape|def|1\n|-unboost|p2a: Annihilape|spd|1\n|move|p1a: Garganacl|Salt Cure|p2a: Annihilape\n|-resisted|p2a: Annihilape\n|-damage|p2a: Annihilape|62\/100\n|-start|p2a: Annihilape|Salt Cure\n|-heal|p1a: Garganacl|43\/100|[from] item: Shell Bell|[of] p2a: Annihilape\n|\n|-damage|p2a: Annihilape|50\/100|[from] Salt Cure\n|upkeep\n|turn|9\n|\n|t:|1698828698\n|move|p2a: Annihilape|Earthquake|p1a: Garganacl\n|-supereffective|p1a: Garganacl\n|-damage|p1a: Garganacl|8\/100\n|move|p1a: Garganacl|Recover|p1a: Garganacl\n|-heal|p1a: Garganacl|58\/100\n|\n|-damage|p2a: Annihilape|37\/100|[from] Salt Cure\n|upkeep\n|turn|10\n|\n|t:|1698828715\n|move|p2a: Annihilape|Close Combat|p1a: Garganacl\n|-supereffective|p1a: Garganacl\n|-damage|p1a: Garganacl|0 fnt\n|-unboost|p2a: Annihilape|def|1\n|-unboost|p2a: Annihilape|spd|1\n|faint|p1a: Garganacl\n|\n|-damage|p2a: Annihilape|25\/100|[from] Salt Cure\n|upkeep\n|\n|t:|1698828723\n|switch|p1a: Gastrodon|Gastrodon, F|100\/100\n|turn|11\n|\n|t:|1698828726\n|move|p2a: Annihilape|Rage Fist|p1a: Gastrodon\n|-damage|p1a: Gastrodon|41\/100\n|move|p1a: Gastrodon|Earth Power|p2a: Annihilape\n|-damage|p2a: Annihilape|0 fnt\n|faint|p2a: Annihilape\n|\n|-heal|p1a: Gastrodon|47\/100|[from] item: Leftovers\n|upkeep\n|\n|t:|1698828738\n|switch|p2a: Landorus|Landorus-Therian, M|100\/100\n|-ability|p2a: Landorus|Intimidate|boost\n|-unboost|p1a: Gastrodon|atk|1\n|turn|12\n|\n|t:|1698828745\n|move|p2a: Landorus|U-turn|p1a: Gastrodon\n|-damage|p1a: Gastrodon|22\/100\n|\n|t:|1698828749\n|switch|p2a: Dragonite|Dragonite, F|100\/100|[from] U-turn\n|move|p1a: Gastrodon|Recover|p1a: Gastrodon\n|-heal|p1a: Gastrodon|72\/100\n|\n|-heal|p1a: Gastrodon|78\/100|[from] item: Leftovers\n|upkeep\n|turn|13\n|\n|t:|1698828761\n|move|p2a: Dragonite|Air Slash|p1a: Gastrodon\n|-damage|p1a: Gastrodon|53\/100\n|move|p1a: Gastrodon|Acid Armor|p1a: Gastrodon\n|-boost|p1a: Gastrodon|def|2\n|\n|-heal|p1a: Gastrodon|59\/100|[from] item: Leftovers\n|upkeep\n|turn|14\n|\n|t:|1698828773\n|move|p2a: Dragonite|Air Slash|p1a: Gastrodon\n|-damage|p1a: Gastrodon|33\/100\n|move|p1a: Gastrodon|Amnesia|p1a: Gastrodon\n|-boost|p1a: Gastrodon|spd|2\n|\n|-heal|p1a: Gastrodon|39\/100|[from] item: Leftovers\n|upkeep\n|turn|15\n|\n|t:|1698828781\n|move|p2a: Dragonite|Air Slash|p1a: Gastrodon\n|-damage|p1a: Gastrodon|27\/100\n|move|p1a: Gastrodon|Recover|p1a: Gastrodon\n|-heal|p1a: Gastrodon|77\/100\n|\n|-heal|p1a: Gastrodon|83\/100|[from] item: Leftovers\n|upkeep\n|turn|16\n|\n|t:|1698828792\n|move|p2a: Dragonite|Extreme Speed|p1a: Gastrodon\n|-damage|p1a: Gastrodon|70\/100\n|move|p1a: Gastrodon|Amnesia|p1a: Gastrodon\n|-boost|p1a: Gastrodon|spd|2\n|\n|-heal|p1a: Gastrodon|76\/100|[from] item: Leftovers\n|upkeep\n|turn|17\n|\n|t:|1698828808\n|switch|p2a: Pawmot|Pawmot, M|100\/100\n|move|p1a: Gastrodon|Amnesia|p1a: Gastrodon\n|-boost|p1a: Gastrodon|spd|2\n|\n|-heal|p1a: Gastrodon|82\/100|[from] item: Leftovers\n|upkeep\n|turn|18\n|\n|t:|1698828818\n|move|p2a: Pawmot|Revival Blessing|p2a: Pawmot\n|-enditem|p2a: Pawmot|Leppa Berry|[eat]\n|-activate|p2a: Pawmot|item: Leppa Berry|Revival Blessing|[consumed]\n|\n|t:|1698828821\n|-heal|p2: Annihilape|50\/100|[from] move: Revival Blessing\n|move|p1a: Gastrodon|Acid Armor|p1a: Gastrodon\n|-boost|p1a: Gastrodon|def|2\n|\n|-heal|p1a: Gastrodon|88\/100|[from] item: Leftovers\n|upkeep\n|turn|19\n|\n|t:|1698828831\n|switch|p2a: Annihilape|Annihilape, F|50\/100\n|move|p1a: Gastrodon|Acid Armor|p1a: Gastrodon\n|-boost|p1a: Gastrodon|def|2\n|\n|-heal|p1a: Gastrodon|94\/100|[from] item: Leftovers\n|upkeep\n|turn|20\n|\n|t:|1698828841\n|move|p2a: Annihilape|Rage Fist|p1a: Gastrodon\n|-crit|p1a: Gastrodon\n|-damage|p1a: Gastrodon|0 fnt\n|faint|p1a: Gastrodon\n|\n|upkeep\n|\n|t:|1698828848\n|switch|p1a: Skeledirge|Skeledirge, M|100\/100\n|turn|21\n|\n|t:|1698828852\n|move|p2a: Annihilape|Rage Fist|p1a: Skeledirge\n|-supereffective|p1a: Skeledirge\n|-damage|p1a: Skeledirge|0 fnt\n|faint|p1a: Skeledirge\n|\n|upkeep\n|\n|t:|1698828857\n|switch|p1a: Annihilape|Annihilape, M|100\/100\n|turn|22\n|\n|t:|1698828863\n|move|p1a: Annihilape|Rage Fist|p2a: Annihilape\n|-supereffective|p2a: Annihilape\n|-damage|p2a: Annihilape|18\/100\n|move|p2a: Annihilape|Rage Fist|p1a: Annihilape\n|-supereffective|p1a: Annihilape\n|-damage|p1a: Annihilape|0 fnt\n|faint|p1a: Annihilape\n|\n|win|gufyif\n|raw|AizIsNaiz's rating: 1000 &rarr; <strong>1000<\/strong><br \/>(+0 for losing)\n|raw|gufyif's rating: 1000 &rarr; <strong>1040<\/strong><br \/>(+40 for winning)\n","uploadtime":1698828886,"views":10,"p1id":"aizisnaiz","p2id":"gufyif","formatid":"gen9anythinggoes","rating":1000,"private":0,"password":""}