{"id":"gen9anythinggoes-1984607270","p1":"Archworms","p2":"MrTRB","format":"[Gen 9] Anything Goes","log":"|j|\u2606Archworms\n|j|\u2606MrTRB\n|t:|1699284137\n|gametype|singles\n|player|p1|Archworms|1|1108\n|player|p2|MrTRB|benga|1191\n|teamsize|p1|6\n|teamsize|p2|6\n|gen|9\n|tier|[Gen 9] Anything Goes\n|rated|\n|rule|HP Percentage Mod: HP is shown in percentages\n|rule|Endless Battle Clause: Forcing endless battles is banned\n|clearpoke\n|poke|p1|Volcarona, F|\n|poke|p1|Quaquaval, M|\n|poke|p1|Tinkaton, F|\n|poke|p1|Iron Thorns|\n|poke|p1|Garchomp, F|\n|poke|p1|Espathra, M|\n|poke|p2|Gholdengo|\n|poke|p2|Cyclizar, F|\n|poke|p2|Volcarona, F|\n|poke|p2|Dipplin, M|\n|poke|p2|Garganacl, F|\n|poke|p2|Glimmora, M|\n|teampreview\n|\n|t:|1699284164\n|start\n|switch|p1a: Espathra|Espathra, M|100\/100\n|switch|p2a: Glimmora|Glimmora, M|100\/100\n|turn|1\n|\n|t:|1699284171\n|move|p1a: Espathra|Lumina Crash|p2a: Glimmora\n|-supereffective|p2a: Glimmora\n|-enditem|p2a: Glimmora|Focus Sash\n|-damage|p2a: Glimmora|1\/100\n|-unboost|p2a: Glimmora|spd|2\n|move|p2a: Glimmora|Stealth Rock|p1a: Espathra\n|-sidestart|p1: Archworms|move: Stealth Rock\n|\n|-ability|p1a: Espathra|Speed Boost|boost\n|-boost|p1a: Espathra|spe|1\n|upkeep\n|turn|2\n|\n|t:|1699284183\n|move|p1a: Espathra|Lumina Crash|p2a: Glimmora\n|-supereffective|p2a: Glimmora\n|-damage|p2a: Glimmora|0 fnt\n|faint|p2a: Glimmora\n|\n|-ability|p1a: Espathra|Speed Boost|boost\n|-boost|p1a: Espathra|spe|1\n|upkeep\n|inactive|Battle timer is ON: inactive players will automatically lose when time's up. (requested by Archworms)\n|\n|t:|1699284204\n|switch|p2a: Garganacl|Garganacl, F|100\/100\n|turn|3\n|\n|t:|1699284209\n|move|p1a: Espathra|Low Kick|p2a: Garganacl\n|-supereffective|p2a: Garganacl\n|-damage|p2a: Garganacl|75\/100\n|move|p2a: Garganacl|Salt Cure|p1a: Espathra\n|-damage|p1a: Espathra|74\/100\n|-start|p1a: Espathra|Salt Cure\n|\n|-heal|p2a: Garganacl|81\/100|[from] item: Leftovers\n|-damage|p1a: Espathra|62\/100|[from] Salt Cure\n|-ability|p1a: Espathra|Speed Boost|boost\n|-boost|p1a: Espathra|spe|1\n|upkeep\n|turn|4\n|\n|t:|1699284221\n|move|p1a: Espathra|Lumina Crash|p2a: Garganacl\n|-damage|p2a: Garganacl|55\/100\n|-unboost|p2a: Garganacl|spd|2\n|move|p2a: Garganacl|Iron Defense|p2a: Garganacl\n|-boost|p2a: Garganacl|def|2\n|\n|-heal|p2a: Garganacl|61\/100|[from] item: Leftovers\n|-damage|p1a: Espathra|49\/100|[from] Salt Cure\n|-ability|p1a: Espathra|Speed Boost|boost\n|-boost|p1a: Espathra|spe|1\n|upkeep\n|turn|5\n|\n|t:|1699284233\n|move|p1a: Espathra|Lumina Crash|p2a: Garganacl\n|-damage|p2a: Garganacl|14\/100\n|-unboost|p2a: Garganacl|spd|2\n|move|p2a: Garganacl|Body Press|p1a: Espathra\n|-resisted|p1a: Espathra\n|-damage|p1a: Espathra|11\/100\n|-damage|p2a: Garganacl|0 fnt|[from] item: Rocky Helmet|[of] p1a: Espathra\n|faint|p2a: Garganacl\n|\n|-damage|p1a: Espathra|0 fnt|[from] Salt Cure\n|faint|p1a: Espathra\n|upkeep\n|\n|t:|1699284257\n|switch|p1a: Tinkaton|Tinkaton, F|100\/100\n|switch|p2a: Cyclizar|Cyclizar, F|100\/100\n|-damage|p1a: Tinkaton|94\/100|[from] Stealth Rock\n|turn|6\n|\n|t:|1699284266\n|move|p2a: Cyclizar|Shed Tail|p2a: Cyclizar\n|-start|p2a: Cyclizar|Substitute|[from] move: Shed Tail\n|-damage|p2a: Cyclizar|50\/100\n|-enditem|p2a: Cyclizar|Sitrus Berry|[eat]\n|-heal|p2a: Cyclizar|75\/100|[from] item: Sitrus Berry\n|\n|t:|1699284272\n|switch|p2a: Volcarona|Volcarona, F|100\/100|[from] Shed Tail\n|move|p1a: Tinkaton|Gigaton Hammer|p2a: Volcarona\n|-resisted|p2a: Volcarona\n|-end|p2a: Volcarona|Substitute\n|\n|upkeep\n|turn|7\n|\n|t:|1699284291\n|switch|p1a: Iron Thorns|Iron Thorns|100\/100\n|-damage|p1a: Iron Thorns|88\/100|[from] Stealth Rock\n|move|p2a: Volcarona|Quiver Dance|p2a: Volcarona\n|-boost|p2a: Volcarona|spa|1\n|-boost|p2a: Volcarona|spd|1\n|-boost|p2a: Volcarona|spe|1\n|\n|upkeep\n|turn|8\n|\n|t:|1699284304\n|move|p2a: Volcarona|Giga Drain|p1a: Iron Thorns\n|-supereffective|p1a: Iron Thorns\n|-damage|p1a: Iron Thorns|34\/100\n|move|p1a: Iron Thorns|Blizzard|p2a: Volcarona|[miss]\n|-miss|p1a: Iron Thorns|p2a: Volcarona\n|\n|upkeep\n|turn|9\n|\n|t:|1699284312\n|move|p2a: Volcarona|Quiver Dance|p2a: Volcarona\n|-boost|p2a: Volcarona|spa|1\n|-boost|p2a: Volcarona|spd|1\n|-boost|p2a: Volcarona|spe|1\n|move|p1a: Iron Thorns|Earthquake|p2a: Volcarona\n|-damage|p2a: Volcarona|63\/100\n|\n|upkeep\n|turn|10\n|c|\u2606MrTRB|didn't know thorns had blizzard\n|\n|t:|1699284327\n|move|p2a: Volcarona|Giga Drain|p1a: Iron Thorns\n|-supereffective|p1a: Iron Thorns\n|-damage|p1a: Iron Thorns|0 fnt\n|-heal|p2a: Volcarona|81\/100|[from] drain|[of] p1a: Iron Thorns\n|faint|p1a: Iron Thorns\n|-end|p1a: Iron Thorns|Quark Drive|[silent]\n|\n|upkeep\n|\n|t:|1699284335\n|switch|p1a: Quaquaval|Quaquaval, M, shiny|100\/100\n|-damage|p1a: Quaquaval|94\/100|[from] Stealth Rock\n|turn|11\n|\n|t:|1699284345\n|switch|p1a: Tinkaton|Tinkaton, F|94\/100\n|-damage|p1a: Tinkaton|88\/100|[from] Stealth Rock\n|move|p2a: Volcarona|Giga Drain|p1a: Tinkaton\n|-resisted|p1a: Tinkaton\n|-damage|p1a: Tinkaton|68\/100\n|-heal|p2a: Volcarona|90\/100|[from] drain|[of] p1a: Tinkaton\n|\n|upkeep\n|turn|12\n|\n|t:|1699284354\n|move|p2a: Volcarona|Bug Buzz|p1a: Tinkaton\n|-resisted|p1a: Tinkaton\n|-damage|p1a: Tinkaton|51\/100\n|move|p1a: Tinkaton|Gigaton Hammer|p2a: Volcarona\n|-resisted|p2a: Volcarona\n|-damage|p2a: Volcarona|50\/100\n|\n|upkeep\n|turn|13\n|\n|t:|1699284363\n|move|p2a: Volcarona|Fiery Dance|p1a: Tinkaton\n|-supereffective|p1a: Tinkaton\n|-crit|p1a: Tinkaton\n|-damage|p1a: Tinkaton|0 fnt\n|-boost|p2a: Volcarona|spa|1\n|faint|p1a: Tinkaton\n|\n|upkeep\n|\n|t:|1699284371\n|switch|p1a: Quaquaval|Quaquaval, M, shiny|94\/100\n|-damage|p1a: Quaquaval|88\/100|[from] Stealth Rock\n|turn|14\n|\n|t:|1699284378\n|move|p2a: Volcarona|Giga Drain|p1a: Quaquaval\n|-supereffective|p1a: Quaquaval\n|-damage|p1a: Quaquaval|0 fnt\n|-heal|p2a: Volcarona|87\/100|[from] drain|[of] p1a: Quaquaval\n|faint|p1a: Quaquaval\n|\n|upkeep\n|\n|t:|1699284384\n|switch|p1a: Volcarona|Volcarona, F|100\/100\n|-damage|p1a: Volcarona|51\/100|[from] Stealth Rock\n|turn|15\n|\n|t:|1699284393\n|move|p2a: Volcarona|Fiery Dance|p1a: Volcarona\n|-damage|p1a: Volcarona|0 fnt\n|faint|p1a: Volcarona\n|\n|upkeep\n|\n|t:|1699284398\n|switch|p1a: Garchomp|Garchomp, F|100\/100\n|-damage|p1a: Garchomp|94\/100|[from] Stealth Rock\n|turn|16\n|\n|t:|1699284404\n|move|p2a: Volcarona|Giga Drain|p1a: Garchomp\n|-damage|p1a: Garchomp|9\/100\n|-heal|p2a: Volcarona|100\/100|[from] drain|[of] p1a: Garchomp\n|move|p1a: Garchomp|Dragon Pulse|p2a: Volcarona\n|-damage|p2a: Volcarona|87\/100\n|\n|-heal|p1a: Garchomp|15\/100|[from] item: Leftovers\n|upkeep\n|turn|17\n|\n|t:|1699284413\n|move|p2a: Volcarona|Giga Drain|p1a: Garchomp\n|-damage|p1a: Garchomp|0 fnt\n|-heal|p2a: Volcarona|95\/100|[from] drain|[of] p1a: Garchomp\n|faint|p1a: Garchomp\n|\n|win|MrTRB\n|raw|Archworms's rating: 1108 &rarr; <strong>1089<\/strong><br \/>(-19 for losing)\n|raw|MrTRB's rating: 1191 &rarr; <strong>1210<\/strong><br \/>(+19 for winning)\n|l|\u2606Archworms\n","uploadtime":1699284422,"views":5,"p1id":"archworms","p2id":"mrtrb","formatid":"gen9anythinggoes","rating":1089,"private":0,"password":""}