{"id":"gen9anythinggoes-1985411470","p1":"Heliogar","p2":"SilverMaracti","format":"[Gen 9] Anything Goes","log":"|j|\u2606Heliogar\n|j|\u2606SilverMaracti\n|t:|1699372465\n|gametype|singles\n|player|p1|Heliogar|galacticgrunt|1145\n|player|p2|SilverMaracti|steven|1185\n|teamsize|p1|6\n|teamsize|p2|6\n|gen|9\n|tier|[Gen 9] Anything Goes\n|rated|\n|rule|HP Percentage Mod: HP is shown in percentages\n|rule|Endless Battle Clause: Forcing endless battles is banned\n|clearpoke\n|poke|p1|Zamazenta-*|\n|poke|p1|Slither Wing|\n|poke|p1|Crabominable, F|\n|poke|p1|Haxorus, F|\n|poke|p1|Braviary-Hisui, M|\n|poke|p1|Jolteon, F|\n|poke|p2|Quagsire, F|\n|poke|p2|Annihilape, M|\n|poke|p2|Gholdengo|\n|poke|p2|Roaring Moon|\n|poke|p2|Chi-Yu|\n|poke|p2|Amoonguss, F|\n|teampreview\n|\n|t:|1699372475\n|start\n|switch|p1a: Braviary|Braviary-Hisui, M|100\/100\n|switch|p2a: Salamenace|Roaring Moon|100\/100\n|-enditem|p2a: Salamenace|Booster Energy\n|-activate|p2a: Salamenace|ability: Protosynthesis|[fromitem]\n|-start|p2a: Salamenace|protosynthesisatk\n|turn|1\n|\n|t:|1699372488\n|move|p2a: Salamenace|Dragon Dance|p2a: Salamenace\n|-boost|p2a: Salamenace|atk|1\n|-boost|p2a: Salamenace|spe|1\n|move|p1a: Braviary|Hurricane|p2a: Salamenace\n|-damage|p2a: Salamenace|6\/100\n|\n|upkeep\n|turn|2\n|\n|t:|1699372496\n|move|p2a: Salamenace|Crunch|p1a: Braviary\n|-supereffective|p1a: Braviary\n|-damage|p1a: Braviary|0 fnt\n|faint|p1a: Braviary\n|\n|upkeep\n|\n|t:|1699372502\n|switch|p1a: Jolteon|Jolteon, F|100\/100\n|turn|3\n|\n|t:|1699372512\n|move|p2a: Salamenace|Crunch|p1a: Jolteon\n|-damage|p1a: Jolteon|0 fnt\n|faint|p1a: Jolteon\n|\n|upkeep\n|\n|t:|1699372518\n|switch|p1a: Slither Wing|Slither Wing|100\/100\n|turn|4\n|\n|t:|1699372521\n|move|p2a: Salamenace|Acrobatics|p1a: Slither Wing\n|-supereffective|p1a: Slither Wing\n|-damage|p1a: Slither Wing|0 fnt\n|faint|p1a: Slither Wing\n|-end|p1a: Slither Wing|Protosynthesis|[silent]\n|\n|upkeep\n|\n|t:|1699372529\n|switch|p1a: Zamazenta|Zamazenta|100\/100\n|-ability|p1a: Zamazenta|Dauntless Shield|boost\n|-boost|p1a: Zamazenta|def|1\n|turn|5\n|\n|t:|1699372535\n|move|p2a: Salamenace|Acrobatics|p1a: Zamazenta\n|-supereffective|p1a: Zamazenta\n|-damage|p1a: Zamazenta|0 fnt\n|faint|p1a: Zamazenta\n|\n|upkeep\n|\n|t:|1699372541\n|switch|p1a: Haxorus|Haxorus, F|100\/100\n|turn|6\n|\n|t:|1699372545\n|move|p2a: Salamenace|Dragon Claw|p1a: Haxorus\n|-supereffective|p1a: Haxorus\n|-damage|p1a: Haxorus|0 fnt\n|faint|p1a: Haxorus\n|\n|upkeep\n|\n|t:|1699372550\n|switch|p1a: Crabominable|Crabominable, F|100\/100\n|turn|7\n|\n|t:|1699372554\n|move|p2a: Salamenace|Acrobatics|p1a: Crabominable\n|-supereffective|p1a: Crabominable\n|-damage|p1a: Crabominable|0 fnt\n|faint|p1a: Crabominable\n|\n|win|SilverMaracti\n|raw|Heliogar's rating: 1145 &rarr; <strong>1123<\/strong><br \/>(-22 for losing)\n|raw|SilverMaracti's rating: 1185 &rarr; <strong>1207<\/strong><br \/>(+22 for winning)\n|l|\u2606Heliogar\n","uploadtime":1699372687,"views":5,"p1id":"heliogar","p2id":"silvermaracti","formatid":"gen9anythinggoes","rating":1123,"private":0,"password":""}