{"id":"gen9anythinggoes-1982488049","p1":"MoldyGG","p2":"eurybie","format":"[Gen 9] Anything Goes","log":"|j|\u2606MoldyGG\n|j|\u2606eurybie\n|t:|1699019542\n|gametype|singles\n|player|p1|MoldyGG|elesa-gen5bw2|1573\n|player|p2|eurybie|2|1869\n|teamsize|p1|6\n|teamsize|p2|6\n|gen|9\n|tier|[Gen 9] Anything Goes\n|rated|\n|rule|HP Percentage Mod: HP is shown in percentages\n|rule|Endless Battle Clause: Forcing endless battles is banned\n|clearpoke\n|poke|p1|Miraidon|\n|poke|p1|Calyrex-Shadow|\n|poke|p1|Miraidon|\n|poke|p1|Arceus|\n|poke|p1|Glimmora, F|\n|poke|p1|Zacian-*|\n|poke|p2|Miraidon|\n|poke|p2|Grimmsnarl, M|\n|poke|p2|Skeledirge, F|\n|poke|p2|Blissey, F|\n|poke|p2|Moltres|\n|poke|p2|Calyrex-Ice|\n|teampreview\n|j| Frostyy17\n|\n|t:|1699019555\n|start\n|switch|p1a: Glimmora|Glimmora, F|100\/100\n|switch|p2a: Miraidon|Miraidon|100\/100\n|-fieldstart|move: Electric Terrain|[from] ability: Hadron Engine|[of] p2a: Miraidon\n|turn|1\n|\n|t:|1699019566\n|move|p2a: Miraidon|Dragon Pulse|p1a: Glimmora\n|-damage|p1a: Glimmora|23\/100\n|move|p1a: Glimmora|Mortal Spin|p2a: Miraidon\n|-damage|p2a: Miraidon|95\/100\n|-status|p2a: Miraidon|psn\n|\n|-damage|p2a: Miraidon|83\/100 psn|[from] psn\n|upkeep\n|turn|2\n|\n|t:|1699019574\n|switch|p1a: Zacian|Zacian-Crowned|100\/100\n|-ability|p1a: Zacian|Intrepid Sword|boost\n|-boost|p1a: Zacian|atk|1\n|move|p2a: Miraidon|Electro Drift|p1a: Zacian\n|-damage|p1a: Zacian|9\/100\n|\n|-damage|p2a: Miraidon|71\/100 psn|[from] psn\n|upkeep\n|turn|3\n|\n|t:|1699019583\n|switch|p2a: Skeledirge|Skeledirge, F|100\/100\n|move|p1a: Zacian|Play Rough|p2a: Skeledirge\n|-resisted|p2a: Skeledirge\n|-damage|p2a: Skeledirge|84\/100\n|\n|upkeep\n|turn|4\n|\n|t:|1699019590\n|switch|p1a: Glimmora|Glimmora, F|23\/100\n|move|p2a: Skeledirge|Hex|p1a: Glimmora\n|-damage|p1a: Glimmora|0 fnt\n|faint|p1a: Glimmora\n|\n|upkeep\n|\n|t:|1699019596\n|switch|p1a: Calyrex|Calyrex-Shadow|100\/100\n|-ability|p1a: Calyrex|As One\n|-ability|p1a: Calyrex|Unnerve\n|turn|5\n|\n|t:|1699019602\n|switch|p2a: Grimmsnarl|Grimmsnarl, M|100\/100\n|move|p1a: Calyrex|Taunt|p2a: Grimmsnarl\n|-start|p2a: Grimmsnarl|move: Taunt\n|\n|-fieldend|move: Electric Terrain\n|upkeep\n|turn|6\n|\n|t:|1699019610\n|move|p1a: Calyrex|Nasty Plot|p1a: Calyrex\n|-boost|p1a: Calyrex|spa|2\n|move|p2a: Grimmsnarl|Foul Play|p1a: Calyrex\n|-supereffective|p1a: Calyrex\n|-enditem|p1a: Calyrex|Focus Sash\n|-damage|p1a: Calyrex|1\/100\n|\n|upkeep\n|turn|7\n|\n|t:|1699019618\n|move|p2a: Grimmsnarl|Sucker Punch|p1a: Calyrex\n|-supereffective|p1a: Calyrex\n|-damage|p1a: Calyrex|0 fnt\n|faint|p1a: Calyrex\n|\n|-end|p2a: Grimmsnarl|move: Taunt\n|upkeep\n|\n|t:|1699019622\n|switch|p1a: Zacian|Zacian-Crowned|9\/100\n|turn|8\n|\n|t:|1699019628\n|switch|p1a: Arceus|Arceus|100\/100\n|move|p2a: Grimmsnarl|Parting Shot|p1a: Arceus\n|-unboost|p1a: Arceus|atk|1\n|-unboost|p1a: Arceus|spa|1\n|\n|t:|1699019634\n|switch|p2a: Moltres|Moltres|100\/100|[from] Parting Shot\n|\n|upkeep\n|turn|9\n|\n|t:|1699019640\n|switch|p1a: Zacian|Zacian-Crowned|9\/100\n|move|p2a: Moltres|Will-O-Wisp|p1a: Zacian|[miss]\n|-miss|p2a: Moltres|p1a: Zacian\n|\n|upkeep\n|turn|10\n|\n|t:|1699019648\n|move|p1a: Zacian|Behemoth Blade|p2a: Moltres\n|-resisted|p2a: Moltres\n|-damage|p2a: Moltres|80\/100\n|-status|p1a: Zacian|brn|[from] ability: Flame Body|[of] p2a: Moltres\n|move|p2a: Moltres|Roost|p2a: Moltres\n|-heal|p2a: Moltres|100\/100\n|-singleturn|p2a: Moltres|move: Roost\n|\n|-damage|p1a: Zacian|3\/100 brn|[from] brn\n|upkeep\n|turn|11\n|\n|t:|1699019658\n|move|p1a: Zacian|Close Combat|p2a: Moltres\n|-resisted|p2a: Moltres\n|-damage|p2a: Moltres|93\/100\n|-unboost|p1a: Zacian|def|1\n|-unboost|p1a: Zacian|spd|1\n|move|p2a: Moltres|U-turn|p1a: Zacian\n|-resisted|p1a: Zacian\n|-damage|p1a: Zacian|0 fnt\n|faint|p1a: Zacian\n|\n|t:|1699019668\n|switch|p2a: Grimmsnarl|Grimmsnarl, M|100\/100|[from] U-turn\n|\n|upkeep\n|\n|t:|1699019674\n|switch|p1a: Miraidon|Miraidon|100\/100\n|-fieldstart|move: Electric Terrain|[from] ability: Hadron Engine|[of] p1a: Miraidon\n|turn|12\n|\n|t:|1699019679\n|move|p2a: Grimmsnarl|Parting Shot|p1a: Miraidon\n|-unboost|p1a: Miraidon|atk|1\n|-unboost|p1a: Miraidon|spa|1\n|\n|t:|1699019685\n|switch|p2a: Blissey|Blissey, F|100\/100|[from] Parting Shot\n|move|p1a: Miraidon|U-turn|p2a: Blissey\n|-damage|p2a: Blissey|83\/100\n|\n|t:|1699019688\n|switch|p1a: Arceus|Arceus|100\/100|[from] U-turn\n|\n|upkeep\n|turn|13\n|\n|t:|1699019692\n|switch|p2a: Moltres|Moltres|93\/100\n|move|p1a: Arceus|Shadow Claw|p2a: Moltres\n|-damage|p2a: Moltres|69\/100\n|-damage|p1a: Arceus|91\/100|[from] item: Life Orb\n|\n|upkeep\n|turn|14\n|\n|t:|1699019704\n|switch|p1a: Miraidon|Miraidon|100\/100\n|-activate|p1a: Miraidon|ability: Hadron Engine\n|move|p2a: Moltres|Will-O-Wisp|p1a: Miraidon\n|-status|p1a: Miraidon|brn\n|\n|-damage|p1a: Miraidon|94\/100 brn|[from] brn\n|upkeep\n|turn|15\n|l| Frostyy17\n|\n|t:|1699019719\n|switch|p2a: Blissey|Blissey, F|83\/100\n|move|p1a: Miraidon|Volt Switch|p2a: Blissey\n|-damage|p2a: Blissey|63\/100\n|\n|t:|1699019723\n|switch|p1a: Arceus|Arceus|91\/100|[from] Volt Switch\n|\n|upkeep\n|turn|16\n|\n|t:|1699019728\n|switch|p2a: Skeledirge|Skeledirge, F|84\/100\n|-terastallize|p1a: Arceus|Ghost\n|move|p1a: Arceus|Swords Dance|p1a: Arceus\n|-boost|p1a: Arceus|atk|2\n|\n|-fieldend|move: Electric Terrain\n|upkeep\n|turn|17\n|\n|t:|1699019737\n|-terastallize|p2a: Skeledirge|Flying\n|move|p1a: Arceus|Earthquake|p2a: Skeledirge\n|-immune|p2a: Skeledirge\n|move|p2a: Skeledirge|Will-O-Wisp|p1a: Arceus\n|-status|p1a: Arceus|brn\n|\n|-damage|p1a: Arceus|85\/100 brn|[from] brn\n|upkeep\n|turn|18\n|c|\u2606MoldyGG|gg\n|-message|MoldyGG forfeited.\n|\n|win|eurybie\n|raw|MoldyGG's rating: 1573 &rarr; <strong>1567<\/strong><br \/>(-6 for losing)\n|raw|eurybie's rating: 1869 &rarr; <strong>1875<\/strong><br \/>(+6 for winning)\n|l|\u2606MoldyGG\n","uploadtime":1699019774,"views":8,"p1id":"moldygg","p2id":"eurybie","formatid":"gen9anythinggoes","rating":1567,"private":0,"password":""}