{"id":"gen9anythinggoes-1976034584","p1":"Fardulf07","p2":"Kingu01","format":"[Gen 9] Anything Goes","log":"|j|\u2606Fardulf07\n|j|\u2606Kingu01\n|t:|1698258232\n|gametype|singles\n|player|p1|Fardulf07|sabrina|\n|player|p2|Kingu01|cameraman|\n|teamsize|p1|6\n|teamsize|p2|6\n|gen|9\n|tier|[Gen 9] Anything Goes\n|rule|HP Percentage Mod: HP is shown in percentages\n|rule|Endless Battle Clause: Forcing endless battles is banned\n|clearpoke\n|poke|p1|Toxapex, M|\n|poke|p1|Garganacl, F|\n|poke|p1|Naclstack, F|\n|poke|p1|Roaring Moon|\n|poke|p1|Ribombee, F|\n|poke|p1|Regieleki|\n|poke|p2|Great Tusk|\n|poke|p2|Cinderace, M|\n|poke|p2|Maushold|\n|poke|p2|Sneasler, F|\n|poke|p2|Dragonite, M|\n|poke|p2|Ditto|\n|teampreview\n|\n|t:|1698258246\n|start\n|switch|p1a: Ribombee|Ribombee, F|100\/100\n|switch|p2a: Ditto|Ditto|100\/100\n|-transform|p2a: Ditto|p1a: Ribombee|[from] ability: Imposter\n|turn|1\n|\n|t:|1698258269\n|switch|p2a: Sneasler|Sneasler, F|100\/100\n|-item|p2a: Sneasler|Air Balloon\n|move|p1a: Ribombee|Calm Mind|p1a: Ribombee\n|-boost|p1a: Ribombee|spa|1\n|-boost|p1a: Ribombee|spd|1\n|\n|upkeep\n|turn|2\n|\n|t:|1698258286\n|move|p1a: Ribombee|Substitute|p1a: Ribombee\n|-start|p1a: Ribombee|Substitute\n|-damage|p1a: Ribombee|76\/100\n|move|p2a: Sneasler|Swords Dance|p2a: Sneasler\n|-boost|p2a: Sneasler|atk|2\n|\n|-heal|p1a: Ribombee|82\/100|[from] item: Leftovers\n|upkeep\n|turn|3\n|j| caligulahar\n|\n|t:|1698258305\n|move|p1a: Ribombee|Calm Mind|p1a: Ribombee\n|-boost|p1a: Ribombee|spa|1\n|-boost|p1a: Ribombee|spd|1\n|move|p2a: Sneasler|Swords Dance|p2a: Sneasler\n|-boost|p2a: Sneasler|atk|2\n|\n|-heal|p1a: Ribombee|88\/100|[from] item: Leftovers\n|upkeep\n|turn|4\n|\n|t:|1698258314\n|move|p1a: Ribombee|Calm Mind|p1a: Ribombee\n|-boost|p1a: Ribombee|spa|1\n|-boost|p1a: Ribombee|spd|1\n|move|p2a: Sneasler|Acrobatics|p1a: Ribombee\n|-supereffective|p1a: Ribombee\n|-crit|p1a: Ribombee\n|-end|p1a: Ribombee|Substitute\n|\n|-heal|p1a: Ribombee|94\/100|[from] item: Leftovers\n|upkeep\n|turn|5\n|\n|t:|1698258328\n|move|p1a: Ribombee|Baton Pass|p1a: Ribombee\n|\n|t:|1698258331\n|switch|p1a: Regieleki|Regieleki|100\/100|[from] Baton Pass\n|move|p2a: Sneasler|Acrobatics|p1a: Regieleki\n|-resisted|p1a: Regieleki\n|-damage|p1a: Regieleki|37\/100\n|\n|upkeep\n|turn|6\n|\n|t:|1698258380\n|switch|p2a: Great Tusk|Great Tusk|100\/100\n|move|p1a: Regieleki|Thunder|p2a: Great Tusk\n|-immune|p2a: Great Tusk\n|\n|upkeep\n|turn|7\n|\n|t:|1698258391\n|move|p1a: Regieleki|Volt Switch|p2a: Great Tusk\n|-immune|p2a: Great Tusk\n|move|p2a: Great Tusk|Earthquake|p1a: Regieleki\n|-supereffective|p1a: Regieleki\n|-damage|p1a: Regieleki|0 fnt\n|faint|p1a: Regieleki\n|\n|upkeep\n|\n|t:|1698258409\n|switch|p1a: Toxapex|Toxapex, M|100\/100\n|turn|8\n|\n|t:|1698258422\n|move|p2a: Great Tusk|Knock Off|p1a: Toxapex\n|-damage|p1a: Toxapex|82\/100\n|-enditem|p1a: Toxapex|Leftovers|[from] move: Knock Off|[of] p2a: Great Tusk\n|move|p1a: Toxapex|Toxic|p2a: Great Tusk\n|-status|p2a: Great Tusk|tox\n|\n|-damage|p2a: Great Tusk|94\/100 tox|[from] psn\n|upkeep\n|turn|9\n|\n|t:|1698258432\n|move|p2a: Great Tusk|Stealth Rock|p1a: Toxapex\n|-sidestart|p1: Fardulf07|move: Stealth Rock\n|move|p1a: Toxapex|Toxic Spikes|p2a: Great Tusk\n|-sidestart|p2: Kingu01|move: Toxic Spikes\n|\n|-damage|p2a: Great Tusk|82\/100 tox|[from] psn\n|upkeep\n|turn|10\n|\n|t:|1698258465\n|-end|p2a: Great Tusk|Protosynthesis|[silent]\n|switch|p2a: Ditto|Ditto|100\/100\n|-status|p2a: Ditto|psn\n|-transform|p2a: Ditto|p1a: Toxapex|[from] ability: Imposter\n|switch|p1a: Ribombee|Ribombee, F|94\/100\n|-damage|p1a: Ribombee|70\/100|[from] Stealth Rock\n|\n|-heal|p1a: Ribombee|76\/100|[from] item: Leftovers\n|-damage|p2a: Ditto|88\/100 psn|[from] psn\n|upkeep\n|turn|11\n|\n|t:|1698258482\n|switch|p2a: Sneasler|Sneasler, F|100\/100\n|-item|p2a: Sneasler|Air Balloon\n|move|p1a: Ribombee|Calm Mind|p1a: Ribombee\n|-boost|p1a: Ribombee|spa|1\n|-boost|p1a: Ribombee|spd|1\n|\n|-heal|p1a: Ribombee|82\/100|[from] item: Leftovers\n|upkeep\n|turn|12\n|\n|t:|1698258516\n|move|p1a: Ribombee|Baton Pass|p1a: Ribombee\n|\n|t:|1698258521\n|switch|p1a: Roaring Moon|Roaring Moon|100\/100|[from] Baton Pass\n|-damage|p1a: Roaring Moon|88\/100|[from] Stealth Rock\n|-enditem|p1a: Roaring Moon|Booster Energy\n|-activate|p1a: Roaring Moon|ability: Protosynthesis|[fromitem]\n|-start|p1a: Roaring Moon|protosynthesisatk\n|move|p2a: Sneasler|Swords Dance|p2a: Sneasler\n|-boost|p2a: Sneasler|atk|2\n|\n|upkeep\n|turn|13\n|\n|t:|1698258544\n|move|p2a: Sneasler|Close Combat|p1a: Roaring Moon\n|-supereffective|p1a: Roaring Moon\n|-damage|p1a: Roaring Moon|0 fnt\n|-unboost|p2a: Sneasler|def|1\n|-unboost|p2a: Sneasler|spd|1\n|faint|p1a: Roaring Moon\n|-end|p1a: Roaring Moon|Protosynthesis|[silent]\n|\n|upkeep\n|\n|t:|1698258571\n|switch|p1a: Toxapex|Toxapex, M|100\/100\n|-damage|p1a: Toxapex|88\/100|[from] Stealth Rock\n|turn|14\n|\n|t:|1698258581\n|move|p2a: Sneasler|Swords Dance|p2a: Sneasler\n|-boost|p2a: Sneasler|atk|2\n|move|p1a: Toxapex|Toxic|p2a: Sneasler\n|-immune|p2a: Sneasler\n|\n|upkeep\n|turn|15\n|\n|t:|1698258626\n|switch|p1a: Naclstack|Naclstack, F|100\/100\n|-damage|p1a: Naclstack|88\/100|[from] Stealth Rock\n|move|p2a: Sneasler|Swords Dance|p2a: Sneasler\n|-boost|p2a: Sneasler|atk|2\n|\n|upkeep\n|turn|16\n|\n|t:|1698258641\n|move|p2a: Sneasler|Close Combat|p1a: Naclstack\n|-supereffective|p1a: Naclstack\n|-damage|p1a: Naclstack|0 fnt\n|-unboost|p2a: Sneasler|def|1\n|-unboost|p2a: Sneasler|spd|1\n|faint|p1a: Naclstack\n|\n|upkeep\n|\n|t:|1698258651\n|switch|p1a: Garganacl|Garganacl, F|100\/100\n|-damage|p1a: Garganacl|88\/100|[from] Stealth Rock\n|turn|17\n|\n|t:|1698258659\n|-terastallize|p1a: Garganacl|Steel\n|move|p2a: Sneasler|Close Combat|p1a: Garganacl\n|-supereffective|p1a: Garganacl\n|-damage|p1a: Garganacl|0 fnt\n|-unboost|p2a: Sneasler|def|1\n|-unboost|p2a: Sneasler|spd|1\n|faint|p1a: Garganacl\n|\n|upkeep\n|\n|t:|1698258668\n|switch|p1a: Toxapex|Toxapex, M|100\/100\n|-damage|p1a: Toxapex|88\/100|[from] Stealth Rock\n|turn|18\n|\n|t:|1698258676\n|move|p2a: Sneasler|Close Combat|p1a: Toxapex\n|-resisted|p1a: Toxapex\n|-damage|p1a: Toxapex|6\/100\n|-unboost|p2a: Sneasler|def|1\n|-unboost|p2a: Sneasler|spd|1\n|move|p1a: Toxapex|Recover|p1a: Toxapex\n|-heal|p1a: Toxapex|56\/100\n|\n|upkeep\n|turn|19\n|\n|t:|1698258688\n|move|p1a: Toxapex|Baneful Bunker|p1a: Toxapex\n|-singleturn|p1a: Toxapex|move: Protect\n|move|p2a: Sneasler|Close Combat|p1a: Toxapex\n|-activate|p1a: Toxapex|move: Protect\n|\n|upkeep\n|turn|20\n|\n|t:|1698258694\n|move|p2a: Sneasler|Close Combat|p1a: Toxapex\n|-resisted|p1a: Toxapex\n|-damage|p1a: Toxapex|0 fnt\n|-unboost|p2a: Sneasler|def|1\n|-unboost|p2a: Sneasler|spd|1\n|faint|p1a: Toxapex\n|\n|upkeep\n|\n|t:|1698258700\n|switch|p1a: Ribombee|Ribombee, F|82\/100\n|-damage|p1a: Ribombee|57\/100|[from] Stealth Rock\n|turn|21\n|\n|t:|1698258713\n|move|p1a: Ribombee|Substitute|p1a: Ribombee\n|-start|p1a: Ribombee|Substitute\n|-damage|p1a: Ribombee|32\/100\n|move|p2a: Sneasler|Acrobatics|p1a: Ribombee\n|-supereffective|p1a: Ribombee\n|-end|p1a: Ribombee|Substitute\n|\n|-heal|p1a: Ribombee|39\/100|[from] item: Leftovers\n|upkeep\n|turn|22\n|\n|t:|1698258721\n|move|p1a: Ribombee|Protect|p1a: Ribombee\n|-singleturn|p1a: Ribombee|Protect\n|move|p2a: Sneasler|Acrobatics|p1a: Ribombee\n|-activate|p1a: Ribombee|move: Protect\n|\n|-heal|p1a: Ribombee|45\/100|[from] item: Leftovers\n|upkeep\n|turn|23\n|\n|t:|1698258733\n|move|p1a: Ribombee|Substitute|p1a: Ribombee\n|-start|p1a: Ribombee|Substitute\n|-damage|p1a: Ribombee|20\/100\n|move|p2a: Sneasler|Acrobatics|p1a: Ribombee\n|-supereffective|p1a: Ribombee\n|-end|p1a: Ribombee|Substitute\n|\n|-heal|p1a: Ribombee|26\/100|[from] item: Leftovers\n|upkeep\n|turn|24\n|\n|t:|1698258741\n|move|p1a: Ribombee|Protect|p1a: Ribombee\n|-singleturn|p1a: Ribombee|Protect\n|move|p2a: Sneasler|Acrobatics|p1a: Ribombee\n|-activate|p1a: Ribombee|move: Protect\n|\n|-heal|p1a: Ribombee|32\/100|[from] item: Leftovers\n|upkeep\n|turn|25\n|\n|t:|1698258749\n|move|p1a: Ribombee|Substitute|p1a: Ribombee\n|-start|p1a: Ribombee|Substitute\n|-damage|p1a: Ribombee|8\/100\n|move|p2a: Sneasler|Acrobatics|p1a: Ribombee\n|-supereffective|p1a: Ribombee\n|-end|p1a: Ribombee|Substitute\n|\n|-heal|p1a: Ribombee|14\/100|[from] item: Leftovers\n|upkeep\n|turn|26\n|\n|t:|1698258760\n|move|p1a: Ribombee|Protect|p1a: Ribombee\n|-singleturn|p1a: Ribombee|Protect\n|move|p2a: Sneasler|Dire Claw|p1a: Ribombee\n|-activate|p1a: Ribombee|move: Protect\n|\n|-heal|p1a: Ribombee|20\/100|[from] item: Leftovers\n|upkeep\n|turn|27\n|\n|t:|1698258769\n|move|p1a: Ribombee|Substitute|p1a: Ribombee\n|-fail|p1a: Ribombee|move: Substitute|[weak]\n|move|p2a: Sneasler|Dire Claw|p1a: Ribombee\n|-supereffective|p1a: Ribombee\n|-damage|p1a: Ribombee|0 fnt\n|faint|p1a: Ribombee\n|\n|win|Kingu01\n","uploadtime":1698258779,"views":14,"p1id":"fardulf07","p2id":"kingu01","formatid":"gen9anythinggoes","rating":0,"private":0,"password":""}