{"id":"gen9anythinggoes-1975064811","p1":"Celentinel","p2":"krookodilemoxie","format":"[Gen 9] Anything Goes","log":"|j|\u2606Celentinel\n|j|\u2606krookodilemoxie\n|t:|1698159141\n|gametype|singles\n|player|p1|Celentinel|102|1193\n|player|p2|krookodilemoxie|clay|1240\n|teamsize|p1|6\n|teamsize|p2|6\n|gen|9\n|tier|[Gen 9] Anything Goes\n|rated|\n|rule|HP Percentage Mod: HP is shown in percentages\n|rule|Endless Battle Clause: Forcing endless battles is banned\n|clearpoke\n|poke|p1|Basculegion, M|\n|poke|p1|Pelipper, M|\n|poke|p1|Rabsca, F|\n|poke|p1|Glimmora, F|\n|poke|p1|Calyrex-Shadow|\n|poke|p1|Maushold-Four|\n|poke|p2|Breloom, F|\n|poke|p2|Empoleon, F|\n|poke|p2|Calyrex-Shadow|\n|poke|p2|Arceus-Water|\n|poke|p2|Chi-Yu|\n|poke|p2|Milotic, F|\n|teampreview\n|inactive|Battle timer is ON: inactive players will automatically lose when time's up. (requested by Celentinel)\n|\n|t:|1698159157\n|start\n|switch|p1a: Glimmora|Glimmora, F, shiny|100\/100\n|switch|p2a: Milotic|Milotic, F, shiny|100\/100\n|turn|1\n|\n|t:|1698159165\n|move|p1a: Glimmora|Light Screen|p1a: Glimmora\n|-sidestart|p1: Celentinel|move: Light Screen\n|move|p2a: Milotic|Scald|p1a: Glimmora\n|-supereffective|p1a: Glimmora\n|-damage|p1a: Glimmora|71\/100\n|\n|upkeep\n|turn|2\n|\n|t:|1698159174\n|switch|p2a: Breloom|Breloom, F|100\/100\n|move|p1a: Glimmora|Stealth Rock|p2a: Breloom\n|-sidestart|p2: krookodilemoxie|move: Stealth Rock\n|\n|-status|p2a: Breloom|tox|[from] item: Toxic Orb\n|upkeep\n|turn|3\n|\n|t:|1698159179\n|move|p1a: Glimmora|Reflect|p1a: Glimmora\n|-sidestart|p1: Celentinel|Reflect\n|move|p2a: Breloom|Spore|p1a: Glimmora\n|-status|p1a: Glimmora|slp|[from] move: Spore\n|\n|upkeep\n|turn|4\n|\n|t:|1698159190\n|switch|p2a: Empoleon|Empoleon, F|100\/100\n|-damage|p2a: Empoleon|94\/100|[from] Stealth Rock\n|cant|p1a: Glimmora|slp\n|\n|-heal|p2a: Empoleon|100\/100|[from] item: Leftovers\n|upkeep\n|turn|5\n|\n|t:|1698159197\n|cant|p1a: Glimmora|slp\n|move|p2a: Empoleon|Whirlpool|p1a: Glimmora\n|-supereffective|p1a: Glimmora\n|-damage|p1a: Glimmora|56\/100 slp\n|-activate|p1a: Glimmora|move: Whirlpool|[of] p2a: Empoleon\n|\n|-damage|p1a: Glimmora|44\/100 slp|[from] move: Whirlpool|[partiallytrapped]\n|-sideend|p1: Celentinel|move: Light Screen\n|upkeep\n|turn|6\n|\n|t:|1698159204\n|-curestatus|p1a: Glimmora|slp|[msg]\n|move|p1a: Glimmora|Spikes|p2a: Empoleon\n|-sidestart|p2: krookodilemoxie|Spikes\n|move|p2a: Empoleon|Aqua Ring|p2a: Empoleon\n|-start|p2a: Empoleon|Aqua Ring\n|\n|-damage|p1a: Glimmora|31\/100|[from] move: Whirlpool|[partiallytrapped]\n|upkeep\n|turn|7\n|\n|t:|1698159212\n|move|p1a: Glimmora|Spikes|p2a: Empoleon\n|-sidestart|p2: krookodilemoxie|Spikes\n|move|p2a: Empoleon|Whirlpool|p1a: Glimmora|[miss]\n|-miss|p2a: Empoleon|p1a: Glimmora\n|\n|-damage|p1a: Glimmora|19\/100|[from] move: Whirlpool|[partiallytrapped]\n|-sideend|p1: Celentinel|Reflect\n|upkeep\n|turn|8\n|\n|t:|1698159222\n|move|p1a: Glimmora|Spikes|p2a: Empoleon\n|-sidestart|p2: krookodilemoxie|Spikes\n|move|p2a: Empoleon|Whirlpool|p1a: Glimmora\n|-supereffective|p1a: Glimmora\n|-damage|p1a: Glimmora|0 fnt\n|faint|p1a: Glimmora\n|\n|upkeep\n|\n|t:|1698159251\n|switch|p1a: Maushold|Maushold-Four|100\/100\n|turn|9\n|\n|t:|1698159254\n|move|p1a: Maushold|Tidy Up|p1a: Maushold\n|-sideend|p2: krookodilemoxie|Spikes\n|-sideend|p2: krookodilemoxie|Stealth Rock\n|-activate|p1a: Maushold|move: Tidy Up\n|-boost|p1a: Maushold|atk|1\n|-boost|p1a: Maushold|spe|1\n|move|p2a: Empoleon|Yawn|p1a: Maushold\n|-start|p1a: Maushold|move: Yawn|[of] p2a: Empoleon\n|\n|upkeep\n|turn|10\n|c|\u2606Celentinel|THAT CLEARS MINE??\n|c|\u2606Celentinel|WTF\n|c|\u2606krookodilemoxie|yes\n|\n|t:|1698159269\n|move|p1a: Maushold|Baton Pass|p1a: Maushold\n|\n|t:|1698159272\n|switch|p1a: Calyrex|Calyrex-Shadow|100\/100|[from] Baton Pass\n|-ability|p1a: Calyrex|As One\n|-ability|p1a: Calyrex|Unnerve\n|move|p2a: Empoleon|Whirlpool|p1a: Calyrex\n|-damage|p1a: Calyrex|87\/100\n|-activate|p1a: Calyrex|move: Whirlpool|[of] p2a: Empoleon\n|\n|-damage|p1a: Calyrex|75\/100|[from] move: Whirlpool|[partiallytrapped]\n|upkeep\n|turn|11\n|c|\u2606krookodilemoxie|but ur an idiot and u need spikes\n|c|\u2606krookodilemoxie|i would suggest learning how to play pokemon\n|inactive|Celentinel has 120 seconds left.\n|\n|t:|1698159302\n|move|p1a: Calyrex|Astral Barrage|p2a: Empoleon\n|-damage|p2a: Empoleon|45\/100\n|move|p2a: Empoleon|Yawn|p1a: Calyrex\n|-start|p1a: Calyrex|move: Yawn|[of] p2a: Empoleon\n|\n|-heal|p2a: Empoleon|52\/100|[from] item: Leftovers\n|-heal|p2a: Empoleon|58\/100|[from] Aqua Ring\n|-damage|p1a: Calyrex|63\/100|[from] move: Whirlpool|[partiallytrapped]\n|upkeep\n|turn|12\n|inactive|Celentinel has 120 seconds left.\n|\n|t:|1698159315\n|move|p1a: Calyrex|Astral Barrage|p2a: Empoleon\n|-damage|p2a: Empoleon|0 fnt\n|faint|p2a: Empoleon\n|-ability|p1a: Calyrex|Grim Neigh|boost\n|-boost|p1a: Calyrex|spa|1\n|\n|-end|p1a: Calyrex|Whirlpool|[partiallytrapped]|[silent]\n|-end|p1a: Calyrex|move: Yawn|[silent]\n|-status|p1a: Calyrex|slp\n|upkeep\n|c|\u2606Celentinel|It'd be really funny if I beat you now\n|inactive|krookodilemoxie has 120 seconds left.\n|\n|t:|1698159349\n|switch|p2a: Calyrex|Calyrex-Shadow|100\/100\n|-ability|p2a: Calyrex|As One\n|-ability|p2a: Calyrex|Unnerve\n|turn|13\n|inactive|Celentinel has 120 seconds left.\n|\n|t:|1698159366\n|cant|p1a: Calyrex|slp\n|move|p2a: Calyrex|Leech Seed|p1a: Calyrex|[miss]\n|-miss|p2a: Calyrex|p1a: Calyrex\n|\n|upkeep\n|turn|14\n|\n|t:|1698159373\n|-terastallize|p2a: Calyrex|Normal\n|cant|p1a: Calyrex|slp\n|move|p2a: Calyrex|Leech Seed|p1a: Calyrex\n|-start|p1a: Calyrex|move: Leech Seed\n|\n|-damage|p1a: Calyrex|50\/100 slp|[from] Leech Seed|[of] p2a: Calyrex\n|upkeep\n|turn|15\n|\n|t:|1698159380\n|switch|p1a: Maushold|Maushold-Four|100\/100\n|move|p2a: Calyrex|Future Sight|p1a: Maushold\n|-start|p2a: Calyrex|move: Future Sight\n|\n|upkeep\n|turn|16\n|\n|t:|1698159389\n|move|p2a: Calyrex|Confuse Ray|p1a: Maushold\n|-start|p1a: Maushold|confusion\n|-activate|p1a: Maushold|confusion\n|move|p1a: Maushold|Tidy Up|p1a: Maushold\n|-boost|p1a: Maushold|atk|1\n|-boost|p1a: Maushold|spe|1\n|\n|upkeep\n|turn|17\n|\n|t:|1698159395\n|-activate|p1a: Maushold|confusion\n|-damage|p1a: Maushold|78\/100|[from] confusion\n|move|p2a: Calyrex|Leech Seed|p1a: Maushold\n|-start|p1a: Maushold|move: Leech Seed\n|\n|-end|p1a: Maushold|move: Future Sight\n|-damage|p1a: Maushold|0 fnt\n|faint|p1a: Maushold\n|-ability|p2a: Calyrex|Grim Neigh|boost\n|-boost|p2a: Calyrex|spa|1\n|upkeep\n|\n|t:|1698159406\n|switch|p1a: Calyrex|Calyrex-Shadow|50\/100 slp\n|-ability|p1a: Calyrex|As One\n|-ability|p1a: Calyrex|Unnerve\n|turn|18\n|\n|t:|1698159411\n|cant|p1a: Calyrex|slp\n|move|p2a: Calyrex|Future Sight|p1a: Calyrex\n|-start|p2a: Calyrex|move: Future Sight\n|\n|upkeep\n|turn|19\n|\n|t:|1698159415\n|-curestatus|p1a: Calyrex|slp|[msg]\n|move|p1a: Calyrex|Haze|p1a: Calyrex\n|-clearallboost\n|move|p2a: Calyrex|Leech Seed|p1a: Calyrex\n|-start|p1a: Calyrex|move: Leech Seed\n|\n|-damage|p1a: Calyrex|38\/100|[from] Leech Seed|[of] p2a: Calyrex\n|upkeep\n|turn|20\n|\n|t:|1698159425\n|switch|p1a: Rabsca|Rabsca, F, shiny|100\/100\n|move|p2a: Calyrex|Protect||[still]\n|-fail|p2a: Calyrex\n|\n|-end|p1a: Rabsca|move: Future Sight\n|-resisted|p1a: Rabsca\n|-damage|p1a: Rabsca|73\/100\n|-heal|p1a: Rabsca|79\/100|[from] item: Leftovers\n|upkeep\n|turn|21\n|\n|t:|1698159435\n|switch|p2a: Breloom|Breloom, F|100\/100 tox\n|move|p1a: Rabsca|Cosmic Power|p1a: Rabsca\n|-boost|p1a: Rabsca|def|1\n|-boost|p1a: Rabsca|spd|1\n|\n|-heal|p1a: Rabsca|85\/100|[from] item: Leftovers\n|upkeep\n|turn|22\n|\n|t:|1698159442\n|move|p2a: Breloom|Spore|p1a: Rabsca\n|-status|p1a: Rabsca|slp|[from] move: Spore\n|cant|p1a: Rabsca|slp\n|\n|-heal|p1a: Rabsca|91\/100 slp|[from] item: Leftovers\n|upkeep\n|turn|23\n|\n|t:|1698159456\n|switch|p2a: Arceus|Arceus-Water|100\/100\n|cant|p1a: Rabsca|slp\n|move|p1a: Rabsca|Sleep Talk|p1a: Rabsca\n|move|p1a: Rabsca|Revival Blessing|p1a: Rabsca|[from]move: Sleep Talk\n|\n|t:|1698159464\n|-heal|p1: Glimmora|50\/100|[from] move: Revival Blessing\n|\n|-heal|p1a: Rabsca|97\/100 slp|[from] item: Leftovers\n|upkeep\n|turn|24\n|c|\u2606krookodilemoxie|nvm i take it back\n|c|\u2606krookodilemoxie|u know how to play\n|c|\u2606Celentinel|lmao\n|inactive|krookodilemoxie has 120 seconds left.\n|c|\u2606krookodilemoxie|that is such a brilliant stratr\n|c|\u2606Celentinel|I just don't know how tidy up works\n|\n|t:|1698159499\n|move|p2a: Arceus|Waterfall|p1a: Rabsca\n|-damage|p1a: Rabsca|69\/100 slp\n|-curestatus|p1a: Rabsca|slp|[msg]\n|move|p1a: Rabsca|Rest|p1a: Rabsca\n|-status|p1a: Rabsca|slp|[from] move: Rest\n|-heal|p1a: Rabsca|100\/100 slp|[silent]\n|\n|upkeep\n|turn|25\n|inactive|krookodilemoxie has 120 seconds left.\n|c|\u2606krookodilemoxie|i forfeit as apology\n|-message|krookodilemoxie forfeited.\n|\n|win|Celentinel\n|raw|Celentinel's rating: 1193 &rarr; <strong>1221<\/strong><br \/>(+28 for winning)\n|raw|krookodilemoxie's rating: 1240 &rarr; <strong>1212<\/strong><br \/>(-28 for losing)\n|l|\u2606krookodilemoxie\n|c|\u2606Celentinel|LMAO\n|c|\u2606Celentinel|Thank you!\n","uploadtime":1698159529,"views":13,"p1id":"celentinel","p2id":"krookodilemoxie","formatid":"gen9anythinggoes","rating":1212,"private":0,"password":""}