{"id":"gen9anythinggoes-1989175730","p1":"tigrebraco123","p2":"Beh6z","format":"[Gen 9] Anything Goes","log":"|j|\u2606tigrebraco123\n|j|\u2606Beh6z\n|t:|1699820201\n|gametype|singles\n|player|p1|tigrebraco123|265|\n|player|p2|Beh6z|battlegirl-gen4|\n|teamsize|p1|6\n|teamsize|p2|6\n|gen|9\n|tier|[Gen 9] Anything Goes\n|rule|HP Percentage Mod: HP is shown in percentages\n|rule|Endless Battle Clause: Forcing endless battles is banned\n|clearpoke\n|poke|p1|Ceruledge, F|\n|poke|p1|Tyranitar, M|\n|poke|p1|Masquerain, M|\n|poke|p1|Houndstone, F|\n|poke|p1|Miraidon|\n|poke|p1|Chi-Yu|\n|poke|p2|Calyrex-Shadow|\n|poke|p2|Chien-Pao|\n|poke|p2|Regieleki|\n|poke|p2|Miraidon|\n|poke|p2|Ogerpon-Hearthflame, F|\n|poke|p2|Gliscor, F|\n|teampreview\n|inactive|Battle timer is ON: inactive players will automatically lose when time's up. (requested by Beh6z)\n|j| Guibs279\n|inactive|Beh6z has 270 seconds left.\n|c| Guibs279|Boa sorte\n|c|\u2606Beh6z|ok\n|c|\u2606Beh6z|entendi j\u00e1\n|\n|t:|1699820245\n|start\n|switch|p1a: Masquerain|Masquerain, M|100\/100\n|switch|p2a: energy taxes|Regieleki|100\/100\n|-ability|p1a: Masquerain|Intimidate|boost\n|-unboost|p2a: energy taxes|atk|1\n|turn|1\n|inactive|Beh6z has 270 seconds left.\n|inactive|tigrebraco123 has 270 seconds left.\n|\n|t:|1699820292\n|move|p2a: energy taxes|Volt Switch|p1a: Masquerain\n|-supereffective|p1a: Masquerain\n|-damage|p1a: Masquerain|0 fnt\n|faint|p1a: Masquerain\n|-damage|p2a: energy taxes|91\/100|[from] item: Life Orb\n|inactive|Beh6z has 240 seconds left.\n|c| Guibs279|Masquerain sem focus sash, pensava que ele ia setar Sticky web \u2022^\u2022\n|c|\u2606Beh6z|tbm\n|\n|t:|1699820333\n|switch|p2a: toxic mate|Gliscor, F|100\/100|[from] Volt Switch\n|\n|-status|p2a: toxic mate|tox|[from] item: Toxic Orb\n|upkeep\n|inactive|tigrebraco123 has 270 seconds left.\n|\n|t:|1699820349\n|switch|p1a: Demonfish|Chi-Yu|100\/100\n|-ability|p1a: Demonfish|Beads of Ruin\n|turn|2\n|c|\u2606tigrebraco123|OMG\n|\n|t:|1699820371\n|-terastallize|p1a: Demonfish|Grass\n|move|p1a: Demonfish|Tera Blast|p2a: toxic mate|[anim] Tera Blast Grass\n|-damage|p2a: toxic mate|0 fnt\n|faint|p2a: toxic mate\n|\n|upkeep\n|c|\u2606tigrebraco123|Fudeu\n|c|\u2606tigrebraco123|Eita\n|inactive|Beh6z has 210 seconds left.\n|\n|t:|1699820382\n|switch|p2a: burning ass|Ogerpon-Hearthflame, F|100\/100\n|-ability|p2a: burning ass|Mold Breaker\n|turn|3\n|inactive|Beh6z has 210 seconds left.\n|inactive|tigrebraco123 has 270 seconds left.\n|inactive|Beh6z has 180 seconds left.\n|c|\u2606tigrebraco123|Fudeu dms\n|\n|t:|1699820430\n|switch|p1a: Futurama|Miraidon|100\/100\n|-fieldstart|move: Electric Terrain|[from] ability: Hadron Engine|[of] p1a: Futurama\n|move|p2a: burning ass|Ivy Cudgel|p1a: Futurama\n|-resisted|p1a: Futurama\n|-damage|p1a: Futurama|71\/100\n|\n|upkeep\n|turn|4\n|inactive|Beh6z has 180 seconds left.\n|\n|t:|1699820439\n|move|p1a: Futurama|Electro Drift|p2a: burning ass\n|-resisted|p2a: burning ass\n|-damage|p2a: burning ass|21\/100\n|move|p2a: burning ass|U-turn|p1a: Futurama\n|-damage|p1a: Futurama|45\/100\n|inactive|Beh6z has 180 seconds left.\n|\n|t:|1699820451\n|switch|p2a: energy taxes|Regieleki|91\/100|[from] U-turn\n|\n|upkeep\n|turn|5\n|inactive|Beh6z has 180 seconds left.\n|\n|t:|1699820468\n|switch|p1a: Mate He's Big|Tyranitar, M|100\/100\n|-weather|Sandstorm|[from] ability: Sand Stream|[of] p1a: Mate He's Big\n|-terastallize|p2a: energy taxes|Ice\n|move|p2a: energy taxes|Tera Blast|p1a: Mate He's Big|[anim] Tera Blast Ice\n|-damage|p1a: Mate He's Big|71\/100\n|-damage|p2a: energy taxes|81\/100|[from] item: Life Orb\n|\n|-weather|Sandstorm|[upkeep]\n|-damage|p2a: energy taxes|75\/100|[from] Sandstorm\n|upkeep\n|turn|6\n|inactive|Beh6z has 180 seconds left.\n|\n|t:|1699820483\n|move|p2a: energy taxes|Thunder Cage|p1a: Mate He's Big\n|-damage|p1a: Mate He's Big|21\/100\n|-activate|p1a: Mate He's Big|move: Thunder Cage|[of] p2a: energy taxes\n|-damage|p2a: energy taxes|65\/100|[from] item: Life Orb\n|move|p1a: Mate He's Big|Rock Blast|p2a: energy taxes\n|-supereffective|p2a: energy taxes\n|-damage|p2a: energy taxes|9\/100\n|-supereffective|p2a: energy taxes\n|-damage|p2a: energy taxes|0 fnt\n|faint|p2a: energy taxes\n|-hitcount|p2: energy taxes|2\n|\n|-weather|Sandstorm|[upkeep]\n|-end|p1a: Mate He's Big|Thunder Cage|[partiallytrapped]|[silent]\n|upkeep\n|inactive|Beh6z has 180 seconds left.\n|c|\u2606Beh6z|worth it\n|c|\u2606tigrebraco123|Fala brasileiro\n|\n|t:|1699820517\n|switch|p2a: lil' snake|Miraidon|100\/100\n|-activate|p2a: lil' snake|ability: Hadron Engine\n|turn|7\n|inactive|Beh6z has 150 seconds left.\n|\n|t:|1699820539\n|move|p2a: lil' snake|Volt Switch|p1a: Mate He's Big\n|-damage|p1a: Mate He's Big|0 fnt\n|faint|p1a: Mate He's Big\n|inactive|Beh6z has 150 seconds left.\n|\n|t:|1699820551\n|switch|p2a: SS+ tier|Calyrex-Shadow|100\/100|[from] Volt Switch\n|-ability|p2a: SS+ tier|As One\n|-ability|p2a: SS+ tier|Unnerve\n|\n|-weather|Sandstorm|[upkeep]\n|-damage|p2a: SS+ tier|94\/100|[from] Sandstorm\n|-fieldend|move: Electric Terrain\n|upkeep\n|inactive|tigrebraco123 has 270 seconds left.\n|\n|t:|1699820569\n|switch|p1a: Demonfish|Chi-Yu, tera:Grass|100\/100\n|-ability|p1a: Demonfish|Beads of Ruin\n|turn|8\n|inactive|Beh6z has 150 seconds left.\n|inactive|Beh6z has 120 seconds left.\n|c|\u2606tigrebraco123|E Man\n|\n|t:|1699820625\n|switch|p2a: burning ass|Ogerpon-Hearthflame, F|21\/100\n|-ability|p2a: burning ass|Mold Breaker\n|move|p1a: Demonfish|Dark Pulse|p2a: burning ass\n|-damage|p2a: burning ass|0 fnt\n|faint|p2a: burning ass\n|\n|-weather|Sandstorm|[upkeep]\n|-damage|p1a: Demonfish|95\/100|[from] Sandstorm\n|upkeep\n|c|\u2606Beh6z|eu tava decidindo o sacrificio\n|inactive|Beh6z has 90 seconds left.\n|\n|t:|1699820653\n|switch|p2a: lil' snake|Miraidon|100\/100\n|-fieldstart|move: Electric Terrain|[from] ability: Hadron Engine|[of] p2a: lil' snake\n|turn|9\n|inactive|Beh6z has 90 seconds left.\n|\n|t:|1699820663\n|switch|p1a: Futurama|Miraidon|45\/100\n|-activate|p1a: Futurama|ability: Hadron Engine\n|move|p2a: lil' snake|Electro Drift|p1a: Futurama\n|-resisted|p1a: Futurama\n|-damage|p1a: Futurama|12\/100\n|\n|-weather|Sandstorm|[upkeep]\n|-damage|p1a: Futurama|6\/100|[from] Sandstorm\n|-damage|p2a: lil' snake|94\/100|[from] Sandstorm\n|upkeep\n|turn|10\n|inactive|Beh6z has 90 seconds left.\n|\n|t:|1699820683\n|switch|p2a: SS+ tier|Calyrex-Shadow|94\/100\n|-ability|p2a: SS+ tier|As One\n|-ability|p2a: SS+ tier|Unnerve\n|move|p1a: Futurama|Draco Meteor|p2a: SS+ tier\n|-damage|p2a: SS+ tier|0 fnt\n|-unboost|p1a: Futurama|spa|2\n|faint|p2a: SS+ tier\n|\n|-weather|Sandstorm|[upkeep]\n|-damage|p1a: Futurama|0 fnt|[from] Sandstorm\n|faint|p1a: Futurama\n|upkeep\n|inactive|Beh6z has 90 seconds left.\n|c|\u2606tigrebraco123|Eita porra\n|\n|t:|1699820706\n|switch|p2a: lil' snake|Miraidon|94\/100\n|switch|p1a: the hound|Houndstone, F|100\/100\n|-activate|p2a: lil' snake|ability: Hadron Engine\n|turn|11\n|c|\u2606Beh6z|ye o boost era d+\n|\n|t:|1699820732\n|move|p1a: the hound|Last Respects|p2a: lil' snake\n|-damage|p2a: lil' snake|0 fnt\n|faint|p2a: lil' snake\n|\n|-weather|Sandstorm|[upkeep]\n|upkeep\n|\n|t:|1699820736\n|switch|p2a: edgy the cat|Chien-Pao|100\/100\n|-ability|p2a: edgy the cat|Sword of Ruin\n|turn|12\n|c|\u2606tigrebraco123|Carambolas\n|\n|t:|1699820751\n|move|p2a: edgy the cat|Sucker Punch|p1a: the hound\n|-supereffective|p1a: the hound\n|-damage|p1a: the hound|0 fnt\n|faint|p1a: the hound\n|\n|-weather|none\n|upkeep\n|\n|t:|1699820755\n|switch|p1a: Dark Knight|Ceruledge, F|100\/100\n|turn|13\n|c| Guibs279|\u00d3bvio.\n|c|\u2606Beh6z|kk\n|c|\u2606tigrebraco123|PERDEMO\n|\n|t:|1699820771\n|move|p2a: edgy the cat|Sucker Punch|p1a: Dark Knight\n|-supereffective|p1a: Dark Knight\n|-enditem|p1a: Dark Knight|Focus Sash\n|-damage|p1a: Dark Knight|1\/100\n|-ability|p1a: Dark Knight|Weak Armor|boost\n|-unboost|p1a: Dark Knight|def|1\n|-boost|p1a: Dark Knight|spe|2\n|move|p1a: Dark Knight|Bitter Blade|p2a: edgy the cat\n|-supereffective|p2a: edgy the cat\n|-enditem|p2a: edgy the cat|Focus Sash\n|-damage|p2a: edgy the cat|1\/100\n|-heal|p1a: Dark Knight|53\/100|[from] drain|[of] p2a: edgy the cat\n|\n|-fieldend|move: Electric Terrain\n|upkeep\n|turn|14\n|\n|t:|1699820784\n|move|p2a: edgy the cat|Ice Shard|p1a: Dark Knight\n|-resisted|p1a: Dark Knight\n|-damage|p1a: Dark Knight|24\/100\n|-ability|p1a: Dark Knight|Weak Armor|boost\n|-unboost|p1a: Dark Knight|def|1\n|-boost|p1a: Dark Knight|spe|2\n|move|p1a: Dark Knight|Bitter Blade|p2a: edgy the cat\n|-supereffective|p2a: edgy the cat\n|-damage|p2a: edgy the cat|0 fnt\n|-heal|p1a: Dark Knight|24\/100|[from] drain|[of] p2a: edgy the cat\n|faint|p2a: edgy the cat\n|\n|win|tigrebraco123\n|c| Guibs279|CARALHO KKKKKK\n|c|\u2606tigrebraco123|Kkkkkkkkkk\n|c|\u2606Beh6z|missclick\n|c|\u2606Beh6z|ok gg\n|c| Guibs279|CARALHO MANO\n|c|\u2606tigrebraco123|GG\n","uploadtime":1699820804,"views":14,"p1id":"tigrebraco123","p2id":"beh6z","formatid":"gen9anythinggoes","rating":0,"private":0,"password":""}