{"id":"gen9anythinggoes-1985471572","p1":"hoenn militian","p2":"4th Acct To 1700","format":"[Gen 9] Anything Goes","log":"|j|\u2606hoenn militian\n|j|\u26064th Acct To 1700\n|t:|1699377437\n|gametype|singles\n|player|p1|hoenn militian|266|1804\n|player|p2|4th Acct To 1700|clown|1760\n|teamsize|p1|6\n|teamsize|p2|6\n|gen|9\n|tier|[Gen 9] Anything Goes\n|rated|\n|rule|HP Percentage Mod: HP is shown in percentages\n|rule|Endless Battle Clause: Forcing endless battles is banned\n|clearpoke\n|poke|p1|Miraidon|\n|poke|p1|Grimmsnarl, M|\n|poke|p1|Skeledirge, F|\n|poke|p1|Blissey, F|\n|poke|p1|Moltres|\n|poke|p1|Calyrex-Ice|\n|poke|p2|Koraidon|\n|poke|p2|Calyrex-Shadow|\n|poke|p2|Arceus|\n|poke|p2|Arceus-Ground|\n|poke|p2|Ribombee, F|\n|poke|p2|Kyogre|\n|teampreview\n|\n|t:|1699377450\n|start\n|switch|p1a: Miraidon|Miraidon|100\/100\n|switch|p2a: Ribombee|Ribombee, F|100\/100\n|-fieldstart|move: Electric Terrain|[from] ability: Hadron Engine|[of] p1a: Miraidon\n|turn|1\n|\n|t:|1699377455\n|switch|p2a: Arceus|Arceus-Ground|100\/100\n|move|p1a: Miraidon|Electro Drift|p2a: Arceus\n|-immune|p2a: Arceus\n|\n|upkeep\n|turn|2\n|\n|t:|1699377462\n|move|p1a: Miraidon|U-turn|p2a: Arceus\n|-damage|p2a: Arceus|91\/100\n|\n|t:|1699377465\n|switch|p1a: Moltres|Moltres|100\/100|[from] U-turn\n|move|p2a: Arceus|Stealth Rock|p1a: Moltres\n|-sidestart|p1: hoenn militian|move: Stealth Rock\n|\n|upkeep\n|turn|3\n|\n|t:|1699377471\n|switch|p2a: Kyogre|Kyogre|100\/100\n|-weather|RainDance|[from] ability: Drizzle|[of] p2a: Kyogre\n|move|p1a: Moltres|U-turn|p2a: Kyogre\n|-damage|p2a: Kyogre|86\/100\n|\n|t:|1699377477\n|switch|p1a: Miraidon|Miraidon|100\/100|[from] U-turn\n|-activate|p1a: Miraidon|ability: Hadron Engine\n|\n|-weather|RainDance|[upkeep]\n|upkeep\n|turn|4\n|\n|t:|1699377484\n|move|p1a: Miraidon|U-turn|p2a: Kyogre\n|-damage|p2a: Kyogre|72\/100\n|\n|t:|1699377486\n|switch|p1a: Blissey|Blissey, F|100\/100|[from] U-turn\n|move|p2a: Kyogre|Ice Beam|p1a: Blissey\n|-crit|p1a: Blissey\n|-damage|p1a: Blissey|86\/100\n|\n|-weather|RainDance|[upkeep]\n|upkeep\n|turn|5\n|\n|t:|1699377494\n|switch|p2a: Ribombee|Ribombee, F|100\/100\n|move|p1a: Blissey|Stealth Rock|p2a: Ribombee\n|-sidestart|p2: 4th Acct To 1700|move: Stealth Rock\n|\n|-weather|RainDance|[upkeep]\n|-fieldend|move: Electric Terrain\n|upkeep\n|turn|6\n|\n|t:|1699377499\n|move|p2a: Ribombee|Switcheroo|p1a: Blissey\n|-activate|p2a: Ribombee|move: Trick|[of] p1a: Blissey\n|-item|p1a: Blissey|Choice Scarf|[from] move: Switcheroo\n|-item|p2a: Ribombee|Heavy-Duty Boots|[from] move: Switcheroo\n|move|p1a: Blissey|Seismic Toss|p2a: Ribombee\n|-damage|p2a: Ribombee|62\/100\n|\n|-weather|RainDance|[upkeep]\n|upkeep\n|turn|7\n|\n|t:|1699377506\n|move|p2a: Ribombee|Sticky Web|p1a: Blissey\n|-sidestart|p1: hoenn militian|move: Sticky Web\n|move|p1a: Blissey|Seismic Toss|p2a: Ribombee\n|-damage|p2a: Ribombee|24\/100\n|\n|-weather|none\n|upkeep\n|turn|8\n|\n|t:|1699377513\n|move|p2a: Ribombee|Stun Spore|p1a: Blissey|[miss]\n|-miss|p2a: Ribombee|p1a: Blissey\n|move|p1a: Blissey|Seismic Toss|p2a: Ribombee\n|-damage|p2a: Ribombee|0 fnt\n|faint|p2a: Ribombee\n|\n|upkeep\n|\n|t:|1699377530\n|switch|p2a: Arceus|Arceus|100\/100\n|turn|9\n|\n|t:|1699377534\n|switch|p2a: Arceus|Arceus-Ground|91\/100\n|-damage|p2a: Arceus|85\/100|[from] Stealth Rock\n|switch|p1a: Moltres|Moltres|100\/100\n|\n|upkeep\n|turn|10\n|\n|t:|1699377548\n|move|p2a: Arceus|Ice Beam|p1a: Moltres\n|-damage|p1a: Moltres|78\/100\n|move|p1a: Moltres|Will-O-Wisp|p2a: Arceus|[miss]\n|-miss|p1a: Moltres|p2a: Arceus\n|\n|upkeep\n|turn|11\n|\n|t:|1699377556\n|switch|p2a: Kyogre|Kyogre|72\/100\n|-damage|p2a: Kyogre|60\/100|[from] Stealth Rock\n|-weather|RainDance|[from] ability: Drizzle|[of] p2a: Kyogre\n|move|p1a: Moltres|U-turn|p2a: Kyogre\n|-damage|p2a: Kyogre|43\/100\n|\n|t:|1699377565\n|switch|p1a: Miraidon|Miraidon|100\/100|[from] U-turn\n|-fieldstart|move: Electric Terrain|[from] ability: Hadron Engine|[of] p1a: Miraidon\n|\n|-weather|RainDance|[upkeep]\n|upkeep\n|turn|12\n|\n|t:|1699377576\n|move|p1a: Miraidon|Protect|p1a: Miraidon\n|-singleturn|p1a: Miraidon|Protect\n|move|p2a: Kyogre|Thunder|p1a: Miraidon\n|-activate|p1a: Miraidon|move: Protect\n|\n|-weather|RainDance|[upkeep]\n|upkeep\n|turn|13\n|\n|t:|1699377582\n|switch|p2a: Arceus|Arceus-Ground|85\/100\n|-damage|p2a: Arceus|79\/100|[from] Stealth Rock\n|move|p1a: Miraidon|Electro Drift|p2a: Arceus\n|-immune|p2a: Arceus\n|\n|-weather|RainDance|[upkeep]\n|upkeep\n|turn|14\n|\n|t:|1699377591\n|move|p1a: Miraidon|U-turn|p2a: Arceus\n|-damage|p2a: Arceus|70\/100\n|\n|t:|1699377595\n|switch|p1a: Calyrex|Calyrex-Ice|100\/100|[from] U-turn\n|-ability|p1a: Calyrex|As One\n|-ability|p1a: Calyrex|Unnerve\n|move|p2a: Arceus|Ice Beam|p1a: Calyrex\n|-resisted|p1a: Calyrex\n|-damage|p1a: Calyrex|93\/100\n|\n|-weather|RainDance|[upkeep]\n|upkeep\n|turn|15\n|\n|t:|1699377605\n|move|p2a: Arceus|Earthquake|p1a: Calyrex\n|-damage|p1a: Calyrex|54\/100\n|move|p1a: Calyrex|Glacial Lance|p2a: Arceus\n|-supereffective|p2a: Arceus\n|-damage|p2a: Arceus|0 fnt\n|faint|p2a: Arceus\n|-ability|p1a: Calyrex|Chilling Neigh|boost\n|-boost|p1a: Calyrex|atk|1\n|\n|-weather|none\n|-fieldend|move: Electric Terrain\n|upkeep\n|\n|t:|1699377620\n|switch|p2a: Kyogre|Kyogre|43\/100\n|-damage|p2a: Kyogre|31\/100|[from] Stealth Rock\n|-weather|RainDance|[from] ability: Drizzle|[of] p2a: Kyogre\n|turn|16\n|\n|t:|1699377629\n|switch|p1a: Blissey|Blissey, F|86\/100\n|-damage|p1a: Blissey|74\/100|[from] Stealth Rock\n|-activate|p1a: Blissey|move: Sticky Web\n|-unboost|p1a: Blissey|spe|1\n|move|p2a: Kyogre|Surf|p1a: Blissey\n|-damage|p1a: Blissey|54\/100\n|\n|-weather|RainDance|[upkeep]\n|upkeep\n|turn|17\n|\n|t:|1699377639\n|move|p2a: Kyogre|Ice Beam|p1a: Blissey\n|-damage|p1a: Blissey|44\/100\n|move|p1a: Blissey|Seismic Toss|p2a: Kyogre\n|-damage|p2a: Kyogre|1\/100\n|\n|-weather|RainDance|[upkeep]\n|upkeep\n|turn|18\n|\n|t:|1699377646\n|move|p2a: Kyogre|Surf|p1a: Blissey\n|-damage|p1a: Blissey|23\/100\n|move|p1a: Blissey|Seismic Toss|p2a: Kyogre\n|-damage|p2a: Kyogre|0 fnt\n|faint|p2a: Kyogre\n|\n|-weather|RainDance|[upkeep]\n|upkeep\n|\n|t:|1699377667\n|switch|p2a: Ok I'm cheating|Calyrex-Shadow|100\/100\n|-ability|p2a: Ok I'm cheating|As One\n|-ability|p2a: Ok I'm cheating|Unnerve\n|-damage|p2a: Ok I'm cheating|88\/100|[from] Stealth Rock\n|turn|19\n|inactive|Battle timer is ON: inactive players will automatically lose when time's up. (requested by 4th Acct To 1700)\n|\n|t:|1699377674\n|switch|p1a: Grimmsnarl|Grimmsnarl, M|100\/100\n|move|p2a: Ok I'm cheating|Astral Barrage|p1a: Grimmsnarl\n|-resisted|p1a: Grimmsnarl\n|-damage|p1a: Grimmsnarl|72\/100\n|\n|-weather|RainDance|[upkeep]\n|upkeep\n|turn|20\n|\n|t:|1699377687\n|move|p1a: Grimmsnarl|Thunder Wave|p2a: Ok I'm cheating\n|-status|p2a: Ok I'm cheating|par\n|cant|p2a: Ok I'm cheating|par\n|\n|-weather|none\n|upkeep\n|turn|21\n|\n|t:|1699377694\n|move|p1a: Grimmsnarl|Sucker Punch||[still]\n|-fail|p1a: Grimmsnarl\n|cant|p2a: Ok I'm cheating|par\n|\n|upkeep\n|turn|22\n|\n|t:|1699377698\n|move|p2a: Ok I'm cheating|Encore|p1a: Grimmsnarl\n|-start|p1a: Grimmsnarl|Encore\n|move|p1a: Grimmsnarl|Sucker Punch||[still]\n|-fail|p1a: Grimmsnarl\n|\n|upkeep\n|turn|23\n|\n|t:|1699377705\n|move|p1a: Grimmsnarl|Sucker Punch||[still]\n|-fail|p1a: Grimmsnarl\n|move|p2a: Ok I'm cheating|Nasty Plot|p2a: Ok I'm cheating\n|-boost|p2a: Ok I'm cheating|spa|2\n|\n|upkeep\n|turn|24\n|\n|t:|1699377710\n|move|p1a: Grimmsnarl|Sucker Punch||[still]\n|-fail|p1a: Grimmsnarl\n|move|p2a: Ok I'm cheating|Nasty Plot|p2a: Ok I'm cheating\n|-boost|p2a: Ok I'm cheating|spa|2\n|\n|-end|p1a: Grimmsnarl|Encore\n|upkeep\n|turn|25\n|\n|t:|1699377717\n|move|p1a: Grimmsnarl|Parting Shot|p2a: Ok I'm cheating\n|-unboost|p2a: Ok I'm cheating|atk|1\n|-unboost|p2a: Ok I'm cheating|spa|1\n|\n|t:|1699377722\n|switch|p1a: Miraidon|Miraidon|100\/100|[from] Parting Shot\n|-fieldstart|move: Electric Terrain|[from] ability: Hadron Engine|[of] p1a: Miraidon\n|move|p2a: Ok I'm cheating|Encore||[still]\n|-fail|p2a: Ok I'm cheating\n|\n|upkeep\n|turn|26\n|\n|t:|1699377734\n|move|p1a: Miraidon|Protect|p1a: Miraidon\n|-singleturn|p1a: Miraidon|Protect\n|move|p2a: Ok I'm cheating|Psychic|p1a: Miraidon\n|-activate|p1a: Miraidon|move: Protect\n|\n|upkeep\n|turn|27\n|\n|t:|1699377739\n|move|p1a: Miraidon|Electro Drift|p2a: Ok I'm cheating\n|-damage|p2a: Ok I'm cheating|0 fnt\n|faint|p2a: Ok I'm cheating\n|\n|upkeep\n|\n|t:|1699377743\n|switch|p2a: Koraidon|Koraidon|100\/100\n|-damage|p2a: Koraidon|94\/100|[from] Stealth Rock\n|-weather|SunnyDay|[from] ability: Orichalcum Pulse|[of] p2a: Koraidon\n|-activate|p2a: Koraidon|Orichalcum Pulse|[source]\n|turn|28\n|\n|t:|1699377751\n|-terastallize|p1a: Miraidon|Fairy\n|move|p2a: Koraidon|Scale Shot|p1a: Miraidon\n|-immune|p1a: Miraidon\n|move|p1a: Miraidon|Dragon Pulse|p2a: Koraidon\n|-supereffective|p2a: Koraidon\n|-damage|p2a: Koraidon|0 fnt\n|faint|p2a: Koraidon\n|\n|-weather|SunnyDay|[upkeep]\n|upkeep\n|\n|t:|1699377753\n|switch|p2a: Arceus|Arceus|100\/100\n|turn|29\n|\n|t:|1699377761\n|move|p2a: Arceus|Extreme Speed|p1a: Miraidon\n|-damage|p1a: Miraidon|56\/100\n|move|p1a: Miraidon|Electro Drift|p2a: Arceus\n|-damage|p2a: Arceus|40\/100\n|\n|-weather|SunnyDay|[upkeep]\n|-fieldend|move: Electric Terrain\n|upkeep\n|turn|30\n|\n|t:|1699377768\n|move|p2a: Arceus|Extreme Speed|p1a: Miraidon\n|-damage|p1a: Miraidon|12\/100\n|move|p1a: Miraidon|Electro Drift|p2a: Arceus\n|-damage|p2a: Arceus|7\/100\n|\n|-weather|SunnyDay|[upkeep]\n|upkeep\n|turn|31\n|\n|t:|1699377777\n|switch|p1a: Skeledirge|Skeledirge, F|100\/100\n|move|p2a: Arceus|Extreme Speed|p1a: Skeledirge\n|-immune|p1a: Skeledirge\n|\n|-weather|SunnyDay|[upkeep]\n|upkeep\n|turn|32\n|\n|t:|1699377783\n|-terastallize|p2a: Arceus|Fire\n|move|p2a: Arceus|Recover|p2a: Arceus\n|-heal|p2a: Arceus|57\/100\n|move|p1a: Skeledirge|Torch Song|p2a: Arceus\n|-resisted|p2a: Arceus\n|-damage|p2a: Arceus|43\/100\n|-boost|p1a: Skeledirge|spa|1\n|\n|-weather|none\n|upkeep\n|turn|33\n|\n|t:|1699377792\n|move|p2a: Arceus|Shadow Claw|p1a: Skeledirge\n|-supereffective|p1a: Skeledirge\n|-damage|p1a: Skeledirge|67\/100\n|move|p1a: Skeledirge|Torch Song|p2a: Arceus\n|-resisted|p2a: Arceus\n|-damage|p2a: Arceus|27\/100\n|-boost|p1a: Skeledirge|spa|1\n|\n|upkeep\n|turn|34\n|\n|t:|1699377800\n|move|p2a: Arceus|Recover|p2a: Arceus\n|-heal|p2a: Arceus|77\/100\n|move|p1a: Skeledirge|Torch Song|p2a: Arceus\n|-resisted|p2a: Arceus\n|-damage|p2a: Arceus|57\/100\n|-boost|p1a: Skeledirge|spa|1\n|\n|upkeep\n|turn|35\n|\n|t:|1699377807\n|move|p2a: Arceus|Shadow Claw|p1a: Skeledirge\n|-supereffective|p1a: Skeledirge\n|-damage|p1a: Skeledirge|37\/100\n|move|p1a: Skeledirge|Slack Off|p1a: Skeledirge\n|-heal|p1a: Skeledirge|87\/100\n|\n|upkeep\n|turn|36\n|\n|t:|1699377815\n|move|p2a: Arceus|Shadow Claw|p1a: Skeledirge\n|-supereffective|p1a: Skeledirge\n|-damage|p1a: Skeledirge|59\/100\n|move|p1a: Skeledirge|Torch Song|p2a: Arceus\n|-resisted|p2a: Arceus\n|-damage|p2a: Arceus|34\/100\n|-boost|p1a: Skeledirge|spa|1\n|\n|upkeep\n|turn|37\n|\n|t:|1699377823\n|move|p2a: Arceus|Shadow Claw|p1a: Skeledirge\n|-supereffective|p1a: Skeledirge\n|-damage|p1a: Skeledirge|30\/100\n|move|p1a: Skeledirge|Hex|p2a: Arceus\n|-damage|p2a: Arceus|0 fnt\n|faint|p2a: Arceus\n|\n|win|hoenn militian\n|raw|hoenn militian's rating: 1804 &rarr; <strong>1821<\/strong><br \/>(+17 for winning)\n|raw|4th Acct To 1700's rating: 1760 &rarr; <strong>1743<\/strong><br \/>(-17 for losing)\n","uploadtime":1699377843,"views":7,"p1id":"hoennmilitian","p2id":"4thacctto1700","formatid":"gen9anythinggoes","rating":1743,"private":0,"password":""}