{"id":"gen9anythinggoes-1998354892","p1":"Jugglekid1318","p2":"dragonbrrr","format":"[Gen 9] Anything Goes","log":"|j|\u2606Jugglekid1318\n|j|\u2606dragonbrrr\n|t:|1700933032\n|gametype|singles\n|player|p1|Jugglekid1318|koga|\n|player|p2|dragonbrrr|unknownf|\n|teamsize|p1|6\n|teamsize|p2|6\n|gen|9\n|tier|[Gen 9] Anything Goes\n|rule|HP Percentage Mod: HP is shown in percentages\n|rule|Endless Battle Clause: Forcing endless battles is banned\n|clearpoke\n|poke|p1|Amoonguss, M|\n|poke|p1|Heatran, F|\n|poke|p1|Landorus-Therian, M|\n|poke|p1|Samurott-Hisui, M|\n|poke|p1|Iron Moth|\n|poke|p1|Rillaboom, F|\n|poke|p2|Skeledirge, F|\n|poke|p2|Clefable, F|\n|poke|p2|Dragapult, F|\n|poke|p2|Blissey, F|\n|poke|p2|Clodsire, F|\n|poke|p2|Mandibuzz, F|\n|teampreview\n|\n|t:|1700933052\n|start\n|switch|p1a: Rillaboom|Rillaboom, F|100\/100\n|switch|p2a: clefunable|Clefable, F|100\/100\n|-fieldstart|move: Grassy Terrain|[from] ability: Grassy Surge|[of] p1a: Rillaboom\n|turn|1\n|\n|t:|1700933064\n|move|p2a: clefunable|Protect|p2a: clefunable\n|-singleturn|p2a: clefunable|Protect\n|move|p1a: Rillaboom|Knock Off|p2a: clefunable\n|-activate|p2a: clefunable|move: Protect\n|\n|upkeep\n|turn|2\n|\n|t:|1700933088\n|move|p1a: Rillaboom|Knock Off|p2a: clefunable\n|-resisted|p2a: clefunable\n|-crit|p2a: clefunable\n|-damage|p2a: clefunable|69\/100\n|-enditem|p2a: clefunable|Leftovers|[from] move: Knock Off|[of] p1a: Rillaboom\n|move|p2a: clefunable|Stealth Rock|p1a: Rillaboom\n|-sidestart|p1: Jugglekid1318|move: Stealth Rock\n|\n|-heal|p2a: clefunable|75\/100|[from] Grassy Terrain\n|upkeep\n|turn|3\n|\n|t:|1700933108\n|switch|p1a: Amoonguss|Amoonguss, M|100\/100\n|-damage|p1a: Amoonguss|88\/100|[from] Stealth Rock\n|move|p2a: clefunable|Protect||[still]\n|-fail|p2a: clefunable\n|\n|-heal|p2a: clefunable|81\/100|[from] Grassy Terrain\n|-heal|p1a: Amoonguss|94\/100|[from] Grassy Terrain\n|-heal|p1a: Amoonguss|100\/100|[from] item: Black Sludge\n|upkeep\n|turn|4\n|inactive|Battle timer is ON: inactive players will automatically lose when time's up. (requested by Jugglekid1318)\n|\n|t:|1700933171\n|switch|p2a: Blissey|Blissey, F|100\/100\n|move|p1a: Amoonguss|Spore|p2a: Blissey\n|-status|p2a: Blissey|slp|[from] move: Spore\n|\n|upkeep\n|turn|5\n|\n|t:|1700933191\n|-curestatus|p2a: Blissey|slp|[from] ability: Natural Cure\n|switch|p2a: Dragapult|Dragapult, F|100\/100\n|switch|p1a: Samurott|Samurott-Hisui, M|100\/100\n|-damage|p1a: Samurott|88\/100|[from] Stealth Rock\n|\n|-heal|p1a: Samurott|94\/100|[from] Grassy Terrain\n|-fieldend|move: Grassy Terrain\n|upkeep\n|turn|6\n|inactive|dragonbrrr has 270 seconds left.\n|\n|t:|1700933228\n|switch|p1a: Heatran|Heatran, F|100\/100\n|-damage|p1a: Heatran|88\/100|[from] Stealth Rock\n|move|p2a: Dragapult|U-turn|p1a: Heatran\n|-resisted|p1a: Heatran\n|-damage|p1a: Heatran|85\/100\n|\n|t:|1700933238\n|switch|p2a: Blissey|Blissey, F|100\/100|[from] U-turn\n|\n|-heal|p1a: Heatran|91\/100|[from] item: Leftovers\n|upkeep\n|turn|7\n|inactive|dragonbrrr has 270 seconds left.\n|\n|t:|1700933257\n|switch|p1a: Samurott|Samurott-Hisui, M|94\/100\n|-damage|p1a: Samurott|82\/100|[from] Stealth Rock\n|switch|p2a: Clodsire|Clodsire, F|100\/100\n|\n|upkeep\n|turn|8\n|\n|t:|1700933282\n|move|p1a: Samurott|Razor Shell|p2a: Clodsire\n|-immune|p2a: Clodsire|[from] ability: Water Absorb\n|move|p2a: Clodsire|Toxic|p1a: Samurott\n|-status|p1a: Samurott|tox\n|\n|-damage|p1a: Samurott|76\/100 tox|[from] psn\n|upkeep\n|turn|9\n|\n|t:|1700933292\n|switch|p2a: Mandibuzz|Mandibuzz, F|100\/100\n|move|p1a: Samurott|Swords Dance|p1a: Samurott\n|-boost|p1a: Samurott|atk|2\n|\n|-damage|p1a: Samurott|63\/100 tox|[from] psn\n|upkeep\n|turn|10\n|\n|t:|1700933302\n|switch|p1a: Amoonguss|Amoonguss, M|100\/100\n|-damage|p1a: Amoonguss|88\/100|[from] Stealth Rock\n|move|p2a: Mandibuzz|Iron Defense|p2a: Mandibuzz\n|-boost|p2a: Mandibuzz|def|2\n|\n|-heal|p1a: Amoonguss|94\/100|[from] item: Black Sludge\n|upkeep\n|turn|11\n|\n|t:|1700933312\n|move|p2a: Mandibuzz|Knock Off|p1a: Amoonguss\n|-damage|p1a: Amoonguss|74\/100\n|-enditem|p1a: Amoonguss|Black Sludge|[from] move: Knock Off|[of] p2a: Mandibuzz\n|move|p1a: Amoonguss|Spore|p2a: Mandibuzz\n|-immune|p2a: Mandibuzz|[from] ability: Overcoat\n|\n|upkeep\n|turn|12\n|inactive|dragonbrrr has 270 seconds left.\n|\n|t:|1700933331\n|move|p2a: Mandibuzz|Foul Play|p1a: Amoonguss\n|-crit|p1a: Amoonguss\n|-damage|p1a: Amoonguss|48\/100\n|move|p1a: Amoonguss|Clear Smog|p2a: Mandibuzz\n|-damage|p2a: Mandibuzz|87\/100\n|-clearboost|p2a: Mandibuzz\n|\n|upkeep\n|turn|13\n|\n|t:|1700933340\n|move|p2a: Mandibuzz|Foul Play|p1a: Amoonguss\n|-damage|p1a: Amoonguss|32\/100\n|move|p1a: Amoonguss|Sludge Bomb|p2a: Mandibuzz\n|-damage|p2a: Mandibuzz|64\/100\n|\n|upkeep\n|turn|14\n|inactive|dragonbrrr has 270 seconds left.\n|\n|t:|1700933363\n|switch|p1a: Heatran|Heatran, F|91\/100\n|-damage|p1a: Heatran|78\/100|[from] Stealth Rock\n|move|p2a: Mandibuzz|Roost|p2a: Mandibuzz\n|-heal|p2a: Mandibuzz|100\/100\n|-singleturn|p2a: Mandibuzz|move: Roost\n|\n|-heal|p1a: Heatran|85\/100|[from] item: Leftovers\n|upkeep\n|turn|15\n|\n|t:|1700933376\n|switch|p2a: clefunable|Clefable, F|81\/100\n|move|p1a: Heatran|Magma Storm|p2a: clefunable|[miss]\n|-miss|p1a: Heatran|p2a: clefunable\n|\n|-heal|p1a: Heatran|91\/100|[from] item: Leftovers\n|upkeep\n|turn|16\n|\n|t:|1700933401\n|move|p2a: clefunable|Protect|p2a: clefunable\n|-singleturn|p2a: clefunable|Protect\n|move|p1a: Heatran|Taunt|p2a: clefunable\n|-activate|p2a: clefunable|move: Protect\n|\n|-heal|p1a: Heatran|97\/100|[from] item: Leftovers\n|upkeep\n|turn|17\n|\n|t:|1700933415\n|switch|p2a: Clodsire|Clodsire, F|100\/100\n|move|p1a: Heatran|Taunt|p2a: Clodsire\n|-start|p2a: Clodsire|move: Taunt\n|\n|-heal|p1a: Heatran|100\/100|[from] item: Leftovers\n|upkeep\n|turn|18\n|\n|t:|1700933426\n|switch|p1a: Rillaboom|Rillaboom, F|100\/100\n|-damage|p1a: Rillaboom|88\/100|[from] Stealth Rock\n|-fieldstart|move: Grassy Terrain|[from] ability: Grassy Surge|[of] p1a: Rillaboom\n|move|p2a: Clodsire|Earthquake|p1a: Rillaboom\n|-resisted|p1a: Rillaboom\n|-damage|p1a: Rillaboom|80\/100\n|\n|-heal|p1a: Rillaboom|86\/100|[from] Grassy Terrain\n|upkeep\n|turn|19\n|\n|t:|1700933444\n|switch|p2a: Mandibuzz|Mandibuzz, F|100\/100\n|move|p1a: Rillaboom|Wood Hammer|p2a: Mandibuzz\n|-resisted|p2a: Mandibuzz\n|-damage|p2a: Mandibuzz|63\/100\n|-damage|p1a: Rillaboom|71\/100|[from] Recoil\n|\n|-heal|p1a: Rillaboom|77\/100|[from] Grassy Terrain\n|upkeep\n|turn|20\n|l|\u2606Jugglekid1318\n|inactive|Jugglekid1318 disconnected and has 300 seconds to reconnect!\n|player|p1|\n|inactive|Jugglekid1318 has 270 seconds to reconnect!\n|inactive|Jugglekid1318 has 240 seconds to reconnect!\n|j|\u2606Jugglekid1318\n|inactive|Jugglekid1318 reconnected and has 280 seconds left.\n|player|p1|Jugglekid1318|koga\n|inactive|Jugglekid1318 has 270 seconds left.\n|\n|t:|1700933562\n|switch|p1a: Heatran|Heatran, F|100\/100\n|-damage|p1a: Heatran|88\/100|[from] Stealth Rock\n|move|p2a: Mandibuzz|Roost|p2a: Mandibuzz\n|-heal|p2a: Mandibuzz|100\/100\n|-singleturn|p2a: Mandibuzz|move: Roost\n|\n|-heal|p1a: Heatran|94\/100|[from] Grassy Terrain\n|-heal|p1a: Heatran|100\/100|[from] item: Leftovers\n|upkeep\n|turn|21\n|inactive|Jugglekid1318 has 270 seconds left.\n|l|\u2606dragonbrrr\n|inactive|dragonbrrr disconnected and has 300 seconds to reconnect!\n|player|p2|\n|j|\u2606dragonbrrr\n|inactive|dragonbrrr reconnected and has 260 seconds left.\n|player|p2|dragonbrrr|unknownf\n|\n|t:|1700933590\n|switch|p1a: Rillaboom|Rillaboom, F|77\/100\n|-damage|p1a: Rillaboom|65\/100|[from] Stealth Rock\n|switch|p2a: Blissey|Blissey, F|100\/100\n|\n|-heal|p1a: Rillaboom|71\/100|[from] Grassy Terrain\n|upkeep\n|turn|22\n|\n|t:|1700933599\n|switch|p2a: Mandibuzz|Mandibuzz, F|100\/100\n|move|p1a: Rillaboom|U-turn|p2a: Mandibuzz\n|-damage|p2a: Mandibuzz|78\/100\n|\n|t:|1700933624\n|switch|p1a: Iron Moth|Iron Moth|100\/100|[from] U-turn\n|-damage|p1a: Iron Moth|76\/100|[from] Stealth Rock\n|-enditem|p1a: Iron Moth|Booster Energy\n|-activate|p1a: Iron Moth|ability: Quark Drive|[fromitem]\n|-start|p1a: Iron Moth|quarkdrivespe\n|\n|-heal|p1a: Iron Moth|82\/100|[from] Grassy Terrain\n|-fieldend|move: Grassy Terrain\n|upkeep\n|turn|23\n|\n|t:|1700933638\n|switch|p2a: Blissey|Blissey, F|100\/100\n|move|p1a: Iron Moth|Fiery Dance|p2a: Blissey\n|-damage|p2a: Blissey|86\/100\n|\n|upkeep\n|turn|24\n|\n|t:|1700933646\n|-end|p1a: Iron Moth|Quark Drive|[silent]\n|switch|p1a: Landorus|Landorus-Therian, M|100\/100\n|-damage|p1a: Landorus|88\/100|[from] Stealth Rock\n|-ability|p1a: Landorus|Intimidate|boost\n|-unboost|p2a: Blissey|atk|1\n|move|p2a: Blissey|Thunder Wave|p1a: Landorus\n|-immune|p1a: Landorus\n|\n|upkeep\n|turn|25\n|inactive|dragonbrrr has 270 seconds left.\n|\n|t:|1700933657\n|switch|p2a: Mandibuzz|Mandibuzz, F|78\/100\n|move|p1a: Landorus|U-turn|p2a: Mandibuzz\n|-damage|p2a: Mandibuzz|65\/100\n|\n|t:|1700933664\n|switch|p1a: Rillaboom|Rillaboom, F|71\/100|[from] U-turn\n|-damage|p1a: Rillaboom|59\/100|[from] Stealth Rock\n|-fieldstart|move: Grassy Terrain|[from] ability: Grassy Surge|[of] p1a: Rillaboom\n|\n|-heal|p1a: Rillaboom|65\/100|[from] Grassy Terrain\n|upkeep\n|turn|26\n|inactive|dragonbrrr has 270 seconds left.\n|\n|t:|1700933678\n|move|p1a: Rillaboom|U-turn|p2a: Mandibuzz\n|-damage|p2a: Mandibuzz|40\/100\n|\n|t:|1700933682\n|switch|p1a: Amoonguss|Amoonguss, M|66\/100|[from] U-turn\n|-damage|p1a: Amoonguss|53\/100|[from] Stealth Rock\n|move|p2a: Mandibuzz|Iron Defense|p2a: Mandibuzz\n|-boost|p2a: Mandibuzz|def|2\n|\n|-heal|p1a: Amoonguss|59\/100|[from] Grassy Terrain\n|upkeep\n|turn|27\n|\n|t:|1700933692\n|move|p2a: Mandibuzz|Roost|p2a: Mandibuzz\n|-heal|p2a: Mandibuzz|91\/100\n|-singleturn|p2a: Mandibuzz|move: Roost\n|move|p1a: Amoonguss|Clear Smog|p2a: Mandibuzz\n|-damage|p2a: Mandibuzz|77\/100\n|-clearboost|p2a: Mandibuzz\n|\n|-heal|p2a: Mandibuzz|83\/100|[from] Grassy Terrain\n|-heal|p1a: Amoonguss|66\/100|[from] Grassy Terrain\n|upkeep\n|turn|28\n|inactive|dragonbrrr has 270 seconds left.\n|\n|t:|1700933723\n|switch|p2a: Blissey|Blissey, F|86\/100\n|move|p1a: Amoonguss|Sludge Bomb|p2a: Blissey\n|-damage|p2a: Blissey|77\/100\n|-status|p2a: Blissey|psn\n|\n|-heal|p2a: Blissey|83\/100 psn|[from] Grassy Terrain\n|-heal|p1a: Amoonguss|72\/100|[from] Grassy Terrain\n|-damage|p2a: Blissey|71\/100 psn|[from] psn\n|upkeep\n|turn|29\n|\n|t:|1700933737\n|move|p2a: Blissey|Shadow Ball|p1a: Amoonguss\n|-damage|p1a: Amoonguss|59\/100\n|move|p1a: Amoonguss|Spore||[still]\n|-fail|p1a: Amoonguss\n|\n|-heal|p2a: Blissey|77\/100 psn|[from] Grassy Terrain\n|-heal|p1a: Amoonguss|65\/100|[from] Grassy Terrain\n|-damage|p2a: Blissey|65\/100 psn|[from] psn\n|-fieldend|move: Grassy Terrain\n|upkeep\n|turn|30\n|inactive|dragonbrrr has 270 seconds left.\n|\n|t:|1700933774\n|move|p2a: Blissey|Thunder Wave|p1a: Amoonguss\n|-status|p1a: Amoonguss|par\n|cant|p1a: Amoonguss|par\n|\n|-damage|p2a: Blissey|52\/100 psn|[from] psn\n|upkeep\n|turn|31\n|\n|t:|1700933781\n|switch|p1a: Samurott|Samurott-Hisui, M|63\/100 tox\n|-damage|p1a: Samurott|51\/100 tox|[from] Stealth Rock\n|move|p2a: Blissey|Soft-Boiled|p2a: Blissey\n|-heal|p2a: Blissey|100\/100 psn\n|\n|-damage|p1a: Samurott|45\/100 tox|[from] psn\n|-damage|p2a: Blissey|88\/100 psn|[from] psn\n|upkeep\n|turn|32\n|\n|t:|1700933803\n|-curestatus|p2a: Blissey|psn|[from] ability: Natural Cure\n|switch|p2a: Mandibuzz|Mandibuzz, F|83\/100\n|move|p1a: Samurott|Ceaseless Edge|p2a: Mandibuzz\n|-resisted|p2a: Mandibuzz\n|-crit|p2a: Mandibuzz\n|-damage|p2a: Mandibuzz|61\/100\n|-sidestart|p2: dragonbrrr|Spikes\n|\n|-damage|p1a: Samurott|32\/100 tox|[from] psn\n|upkeep\n|turn|33\n|\n|t:|1700933815\n|move|p1a: Samurott|Ceaseless Edge|p2a: Mandibuzz\n|-resisted|p2a: Mandibuzz\n|-damage|p2a: Mandibuzz|47\/100\n|-sidestart|p2: dragonbrrr|Spikes\n|move|p2a: Mandibuzz|Knock Off|p1a: Samurott\n|-resisted|p1a: Samurott\n|-damage|p1a: Samurott|16\/100 tox\n|-enditem|p1a: Samurott|Focus Sash|[from] move: Knock Off|[of] p2a: Mandibuzz\n|\n|-damage|p1a: Samurott|0 fnt|[from] psn\n|faint|p1a: Samurott\n|upkeep\n|\n|t:|1700933835\n|switch|p1a: Heatran|Heatran, F|100\/100\n|-damage|p1a: Heatran|88\/100|[from] Stealth Rock\n|turn|34\n|\n|t:|1700933842\n|switch|p2a: Blissey|Blissey, F|88\/100\n|move|p1a: Heatran|Taunt|p2a: Blissey\n|-start|p2a: Blissey|move: Taunt\n|\n|-heal|p1a: Heatran|94\/100|[from] item: Leftovers\n|upkeep\n|turn|35\n|inactive|dragonbrrr has 270 seconds left.\n|\n|t:|1700933881\n|switch|p2a: Clodsire|Clodsire, F|100\/100\n|move|p1a: Heatran|Magma Storm|p2a: Clodsire\n|-crit|p2a: Clodsire\n|-damage|p2a: Clodsire|64\/100\n|-activate|p2a: Clodsire|move: Magma Storm|[of] p1a: Heatran\n|\n|-heal|p1a: Heatran|100\/100|[from] item: Leftovers\n|-damage|p2a: Clodsire|52\/100|[from] move: Magma Storm|[partiallytrapped]\n|upkeep\n|turn|36\n|\n|t:|1700933897\n|-terastallize|p1a: Heatran|Grass\n|move|p1a: Heatran|Taunt|p2a: Clodsire\n|-start|p2a: Clodsire|move: Taunt\n|move|p2a: Clodsire|Earthquake|p1a: Heatran\n|-resisted|p1a: Heatran\n|-damage|p1a: Heatran|90\/100\n|\n|-heal|p1a: Heatran|96\/100|[from] item: Leftovers\n|-damage|p2a: Clodsire|40\/100|[from] move: Magma Storm|[partiallytrapped]\n|upkeep\n|turn|37\n|\n|t:|1700933915\n|move|p1a: Heatran|Earth Power|p2a: Clodsire\n|-supereffective|p2a: Clodsire\n|-damage|p2a: Clodsire|13\/100\n|move|p2a: Clodsire|Earthquake|p1a: Heatran\n|-resisted|p1a: Heatran\n|-damage|p1a: Heatran|85\/100\n|\n|-heal|p1a: Heatran|92\/100|[from] item: Leftovers\n|-damage|p2a: Clodsire|0 fnt|[from] move: Magma Storm|[partiallytrapped]\n|faint|p2a: Clodsire\n|upkeep\n|\n|t:|1700933927\n|switch|p2a: clefunable|Clefable, F|81\/100\n|turn|38\n|\n|t:|1700933932\n|move|p2a: clefunable|Protect|p2a: clefunable\n|-singleturn|p2a: clefunable|Protect\n|move|p1a: Heatran|Earth Power|p2a: clefunable\n|-activate|p2a: clefunable|move: Protect\n|\n|-heal|p1a: Heatran|98\/100|[from] item: Leftovers\n|upkeep\n|turn|39\n|\n|t:|1700933943\n|move|p1a: Heatran|Magma Storm|p2a: clefunable\n|-damage|p2a: clefunable|39\/100\n|-activate|p2a: clefunable|move: Magma Storm|[of] p1a: Heatran\n|move|p2a: clefunable|Moonblast|p1a: Heatran\n|-damage|p1a: Heatran|78\/100\n|-unboost|p1a: Heatran|spa|1\n|\n|-heal|p1a: Heatran|84\/100|[from] item: Leftovers\n|upkeep\n|turn|40\n|\n|t:|1700933953\n|move|p2a: clefunable|Protect|p2a: clefunable\n|-singleturn|p2a: clefunable|Protect\n|move|p1a: Heatran|Taunt|p2a: clefunable\n|-activate|p2a: clefunable|move: Protect\n|\n|-heal|p1a: Heatran|90\/100|[from] item: Leftovers\n|upkeep\n|turn|41\n|\n|t:|1700933975\n|move|p1a: Heatran|Taunt|p2a: clefunable\n|-start|p2a: clefunable|move: Taunt\n|cant|p2a: clefunable|move: Taunt|Wish\n|\n|-heal|p1a: Heatran|96\/100|[from] item: Leftovers\n|upkeep\n|turn|42\n|\n|t:|1700933983\n|move|p1a: Heatran|Earth Power|p2a: clefunable\n|-damage|p2a: clefunable|21\/100\n|move|p2a: clefunable|Moonblast|p1a: Heatran\n|-damage|p1a: Heatran|78\/100\n|\n|-heal|p1a: Heatran|84\/100|[from] item: Leftovers\n|upkeep\n|turn|43\n|\n|t:|1700933992\n|move|p1a: Heatran|Earth Power|p2a: clefunable\n|-damage|p2a: clefunable|5\/100\n|move|p2a: clefunable|Moonblast|p1a: Heatran\n|-damage|p1a: Heatran|66\/100\n|-unboost|p1a: Heatran|spa|1\n|\n|-heal|p1a: Heatran|72\/100|[from] item: Leftovers\n|-end|p2a: clefunable|Magma Storm|[partiallytrapped]\n|-end|p2a: clefunable|move: Taunt\n|upkeep\n|turn|44\n|inactive|dragonbrrr has 270 seconds left.\n|\n|t:|1700934005\n|move|p2a: clefunable|Protect|p2a: clefunable\n|-singleturn|p2a: clefunable|Protect\n|move|p1a: Heatran|Earth Power|p2a: clefunable\n|-activate|p2a: clefunable|move: Protect\n|\n|-heal|p1a: Heatran|78\/100|[from] item: Leftovers\n|upkeep\n|turn|45\n|\n|t:|1700934014\n|switch|p2a: Blissey|Blissey, F|88\/100\n|move|p1a: Heatran|Earth Power|p2a: Blissey\n|-damage|p2a: Blissey|84\/100\n|\n|-heal|p1a: Heatran|84\/100|[from] item: Leftovers\n|upkeep\n|turn|46\n|inactive|dragonbrrr has 270 seconds left.\n|\n|t:|1700934040\n|switch|p1a: Rillaboom|Rillaboom, F|65\/100\n|-damage|p1a: Rillaboom|53\/100|[from] Stealth Rock\n|-fieldstart|move: Grassy Terrain|[from] ability: Grassy Surge|[of] p1a: Rillaboom\n|switch|p2a: Dragapult|Dragapult, F|100\/100\n|\n|-heal|p1a: Rillaboom|59\/100|[from] Grassy Terrain\n|upkeep\n|turn|47\n|inactive|dragonbrrr has 270 seconds left.\n|\n|t:|1700934051\n|switch|p1a: Heatran|Heatran, F, tera:Grass|84\/100\n|-damage|p1a: Heatran|72\/100|[from] Stealth Rock\n|move|p2a: Dragapult|Will-O-Wisp|p1a: Heatran\n|-start|p1a: Heatran|ability: Flash Fire\n|\n|-heal|p1a: Heatran|78\/100|[from] Grassy Terrain\n|-heal|p1a: Heatran|84\/100|[from] item: Leftovers\n|upkeep\n|turn|48\n|inactive|dragonbrrr has 270 seconds left.\n|\n|t:|1700934072\n|move|p2a: Dragapult|U-turn|p1a: Heatran\n|-supereffective|p1a: Heatran\n|-damage|p1a: Heatran|56\/100\n|\n|t:|1700934075\n|switch|p2a: Skeledirge|Skeledirge, F|100\/100|[from] U-turn\n|move|p1a: Heatran|Magma Storm|p2a: Skeledirge\n|-resisted|p2a: Skeledirge\n|-damage|p2a: Skeledirge|68\/100\n|-activate|p2a: Skeledirge|move: Magma Storm|[of] p1a: Heatran\n|\n|-heal|p1a: Heatran|62\/100|[from] Grassy Terrain\n|-heal|p1a: Heatran|68\/100|[from] item: Leftovers\n|-heal|p2a: Skeledirge|74\/100|[from] Grassy Terrain\n|-damage|p2a: Skeledirge|62\/100|[from] move: Magma Storm|[partiallytrapped]\n|upkeep\n|turn|49\n|inactive|dragonbrrr has 270 seconds left.\n|\n|t:|1700934092\n|-terastallize|p2a: Skeledirge|Water\n|move|p1a: Heatran|Taunt|p2a: Skeledirge\n|-start|p2a: Skeledirge|move: Taunt\n|cant|p2a: Skeledirge|move: Taunt|Slack Off\n|\n|-heal|p1a: Heatran|75\/100|[from] Grassy Terrain\n|-heal|p1a: Heatran|81\/100|[from] item: Leftovers\n|-heal|p2a: Skeledirge|68\/100|[from] Grassy Terrain\n|-damage|p2a: Skeledirge|55\/100|[from] move: Magma Storm|[partiallytrapped]\n|upkeep\n|turn|50\n|\n|t:|1700934104\n|move|p1a: Heatran|Earth Power|p2a: Skeledirge\n|-damage|p2a: Skeledirge|28\/100\n|move|p2a: Skeledirge|Hex|p1a: Heatran\n|-damage|p1a: Heatran|65\/100\n|\n|-heal|p1a: Heatran|71\/100|[from] Grassy Terrain\n|-heal|p1a: Heatran|78\/100|[from] item: Leftovers\n|-heal|p2a: Skeledirge|34\/100|[from] Grassy Terrain\n|-damage|p2a: Skeledirge|22\/100|[from] move: Magma Storm|[partiallytrapped]\n|-fieldend|move: Grassy Terrain\n|upkeep\n|turn|51\n|inactive|dragonbrrr has 270 seconds left.\n|\n|t:|1700934124\n|move|p1a: Heatran|Earth Power|p2a: Skeledirge\n|-damage|p2a: Skeledirge|0 fnt\n|faint|p2a: Skeledirge\n|\n|-heal|p1a: Heatran|84\/100|[from] item: Leftovers\n|upkeep\n|\n|t:|1700934128\n|switch|p2a: Blissey|Blissey, F|84\/100\n|turn|52\n|\n|t:|1700934144\n|-end|p1a: Heatran|ability: Flash Fire|[silent]\n|switch|p1a: Landorus|Landorus-Therian, M|88\/100\n|-damage|p1a: Landorus|76\/100|[from] Stealth Rock\n|-ability|p1a: Landorus|Intimidate|boost\n|-unboost|p2a: Blissey|atk|1\n|switch|p2a: Dragapult|Dragapult, F|100\/100\n|\n|upkeep\n|turn|53\n|\n|t:|1700934153\n|switch|p1a: Heatran|Heatran, F, tera:Grass|84\/100\n|-damage|p1a: Heatran|71\/100|[from] Stealth Rock\n|move|p2a: Dragapult|Draco Meteor|p1a: Heatran|[miss]\n|-miss|p2a: Dragapult|p1a: Heatran\n|\n|-heal|p1a: Heatran|78\/100|[from] item: Leftovers\n|upkeep\n|turn|54\n|\n|t:|1700934172\n|move|p2a: Dragapult|U-turn|p1a: Heatran\n|-supereffective|p1a: Heatran\n|-damage|p1a: Heatran|49\/100\n|\n|t:|1700934177\n|switch|p2a: clefunable|Clefable, F|5\/100|[from] U-turn\n|move|p1a: Heatran|Magma Storm|p2a: clefunable\n|-damage|p2a: clefunable|0 fnt\n|faint|p2a: clefunable\n|\n|-heal|p1a: Heatran|55\/100|[from] item: Leftovers\n|upkeep\n|\n|t:|1700934180\n|switch|p2a: Dragapult|Dragapult, F|100\/100\n|turn|55\n|\n|t:|1700934189\n|move|p2a: Dragapult|Draco Meteor|p1a: Heatran\n|-damage|p1a: Heatran|18\/100\n|-unboost|p2a: Dragapult|spa|2\n|move|p1a: Heatran|Magma Storm|p2a: Dragapult|[miss]\n|-miss|p1a: Heatran|p2a: Dragapult\n|\n|-heal|p1a: Heatran|24\/100|[from] item: Leftovers\n|upkeep\n|turn|56\n|\n|t:|1700934199\n|move|p2a: Dragapult|U-turn|p1a: Heatran\n|-supereffective|p1a: Heatran\n|-damage|p1a: Heatran|0 fnt\n|faint|p1a: Heatran\n|inactive|dragonbrrr has 270 seconds left.\n|\n|t:|1700934234\n|switch|p2a: Mandibuzz|Mandibuzz, F|47\/100|[from] U-turn\n|\n|upkeep\n|\n|t:|1700934239\n|switch|p1a: Iron Moth|Iron Moth|82\/100\n|-damage|p1a: Iron Moth|57\/100|[from] Stealth Rock\n|turn|57\n|\n|t:|1700934246\n|-end|p1a: Iron Moth|Quark Drive|[silent]\n|switch|p1a: Rillaboom|Rillaboom, F|59\/100\n|-damage|p1a: Rillaboom|47\/100|[from] Stealth Rock\n|-fieldstart|move: Grassy Terrain|[from] ability: Grassy Surge|[of] p1a: Rillaboom\n|switch|p2a: Blissey|Blissey, F|84\/100\n|\n|-heal|p1a: Rillaboom|53\/100|[from] Grassy Terrain\n|-heal|p2a: Blissey|90\/100|[from] Grassy Terrain\n|upkeep\n|turn|58\n|\n|t:|1700934259\n|move|p1a: Rillaboom|Wood Hammer|p2a: Blissey\n|-damage|p2a: Blissey|0 fnt\n|faint|p2a: Blissey\n|-damage|p1a: Rillaboom|0 fnt|[from] Recoil\n|faint|p1a: Rillaboom\n|\n|upkeep\n|\n|t:|1700934271\n|switch|p1a: Landorus|Landorus-Therian, M|76\/100\n|switch|p2a: Dragapult|Dragapult, F|100\/100\n|-damage|p1a: Landorus|64\/100|[from] Stealth Rock\n|-ability|p1a: Landorus|Intimidate|boost\n|-unboost|p2a: Dragapult|atk|1\n|turn|59\n|\n|t:|1700934289\n|move|p2a: Dragapult|Will-O-Wisp|p1a: Landorus\n|-status|p1a: Landorus|brn\n|move|p1a: Landorus|U-turn|p2a: Dragapult\n|-resisted|p2a: Dragapult\n|-damage|p2a: Dragapult|93\/100\n|\n|t:|1700934295\n|switch|p1a: Amoonguss|Amoonguss, M|99\/100 par|[from] U-turn\n|-damage|p1a: Amoonguss|86\/100 par|[from] Stealth Rock\n|\n|-heal|p2a: Dragapult|99\/100|[from] Grassy Terrain\n|-heal|p1a: Amoonguss|92\/100 par|[from] Grassy Terrain\n|upkeep\n|turn|60\n|\n|t:|1700934324\n|move|p2a: Dragapult|U-turn|p1a: Amoonguss\n|-damage|p1a: Amoonguss|83\/100 par\n|\n|t:|1700934326\n|switch|p2a: Mandibuzz|Mandibuzz, F|47\/100|[from] U-turn\n|move|p1a: Amoonguss|Sludge Bomb|p2a: Mandibuzz\n|-damage|p2a: Mandibuzz|26\/100\n|\n|-heal|p1a: Amoonguss|90\/100 par|[from] Grassy Terrain\n|upkeep\n|turn|61\n|\n|t:|1700934336\n|switch|p1a: Iron Moth|Iron Moth|57\/100\n|-damage|p1a: Iron Moth|32\/100|[from] Stealth Rock\n|move|p2a: Mandibuzz|Roost|p2a: Mandibuzz\n|-heal|p2a: Mandibuzz|76\/100\n|-singleturn|p2a: Mandibuzz|move: Roost\n|\n|-heal|p1a: Iron Moth|38\/100|[from] Grassy Terrain\n|-heal|p2a: Mandibuzz|82\/100|[from] Grassy Terrain\n|-fieldend|move: Grassy Terrain\n|upkeep\n|turn|62\n|inactive|dragonbrrr has 270 seconds left.\n|\n|t:|1700934369\n|switch|p2a: Dragapult|Dragapult, F|99\/100\n|move|p1a: Iron Moth|Sludge Wave|p2a: Dragapult\n|-resisted|p2a: Dragapult\n|-crit|p2a: Dragapult\n|-damage|p2a: Dragapult|52\/100\n|\n|upkeep\n|turn|63\n|\n|t:|1700934377\n|-end|p1a: Iron Moth|Quark Drive|[silent]\n|switch|p1a: Amoonguss|Amoonguss, M|100\/100 par\n|-damage|p1a: Amoonguss|88\/100 par|[from] Stealth Rock\n|move|p2a: Dragapult|Draco Meteor|p1a: Amoonguss\n|-damage|p1a: Amoonguss|42\/100 par\n|-unboost|p2a: Dragapult|spa|2\n|\n|upkeep\n|turn|64\n|\n|t:|1700934386\n|switch|p1a: Iron Moth|Iron Moth|38\/100\n|-damage|p1a: Iron Moth|13\/100|[from] Stealth Rock\n|move|p2a: Dragapult|U-turn|p1a: Iron Moth\n|-resisted|p1a: Iron Moth\n|-damage|p1a: Iron Moth|6\/100\n|\n|t:|1700934405\n|switch|p2a: Mandibuzz|Mandibuzz, F|82\/100|[from] U-turn\n|\n|upkeep\n|turn|65\n|\n|t:|1700934417\n|move|p1a: Iron Moth|Psychic|p2a: Mandibuzz\n|-immune|p2a: Mandibuzz\n|move|p2a: Mandibuzz|Roost|p2a: Mandibuzz\n|-heal|p2a: Mandibuzz|100\/100\n|-singleturn|p2a: Mandibuzz|move: Roost\n|\n|upkeep\n|turn|66\n|\n|t:|1700934424\n|move|p1a: Iron Moth|Sludge Wave|p2a: Mandibuzz\n|-damage|p2a: Mandibuzz|63\/100\n|move|p2a: Mandibuzz|Knock Off|p1a: Iron Moth\n|-damage|p1a: Iron Moth|0 fnt\n|faint|p1a: Iron Moth\n|-end|p1a: Iron Moth|Quark Drive|[silent]\n|\n|upkeep\n|\n|t:|1700934432\n|switch|p1a: Landorus|Landorus-Therian, M|64\/100 brn\n|-damage|p1a: Landorus|51\/100 brn|[from] Stealth Rock\n|-ability|p1a: Landorus|Intimidate|boost\n|-unboost|p2a: Mandibuzz|atk|1\n|turn|67\n|inactive|dragonbrrr has 270 seconds left.\n|\n|t:|1700934463\n|move|p1a: Landorus|U-turn|p2a: Mandibuzz\n|-damage|p2a: Mandibuzz|57\/100\n|\n|t:|1700934465\n|switch|p1a: Amoonguss|Amoonguss, M|75\/100 par|[from] U-turn\n|-damage|p1a: Amoonguss|63\/100 par|[from] Stealth Rock\n|move|p2a: Mandibuzz|Iron Defense|p2a: Mandibuzz\n|-boost|p2a: Mandibuzz|def|2\n|\n|upkeep\n|turn|68\n|\n|t:|1700934473\n|move|p2a: Mandibuzz|Roost|p2a: Mandibuzz\n|-heal|p2a: Mandibuzz|100\/100\n|-singleturn|p2a: Mandibuzz|move: Roost\n|cant|p1a: Amoonguss|par\n|\n|upkeep\n|turn|69\n|\n|t:|1700934480\n|move|p2a: Mandibuzz|Knock Off|p1a: Amoonguss\n|-damage|p1a: Amoonguss|54\/100 par\n|move|p1a: Amoonguss|Sludge Bomb|p2a: Mandibuzz\n|-damage|p2a: Mandibuzz|79\/100\n|-status|p2a: Mandibuzz|psn\n|\n|-damage|p2a: Mandibuzz|67\/100 psn|[from] psn\n|upkeep\n|turn|70\n|\n|t:|1700934489\n|move|p2a: Mandibuzz|Foul Play|p1a: Amoonguss\n|-damage|p1a: Amoonguss|35\/100 par\n|move|p1a: Amoonguss|Clear Smog|p2a: Mandibuzz\n|-damage|p2a: Mandibuzz|55\/100 psn\n|-clearboost|p2a: Mandibuzz\n|\n|-damage|p2a: Mandibuzz|43\/100 psn|[from] psn\n|upkeep\n|turn|71\n|\n|t:|1700934504\n|switch|p1a: Landorus|Landorus-Therian, M|51\/100 brn\n|-damage|p1a: Landorus|39\/100 brn|[from] Stealth Rock\n|-ability|p1a: Landorus|Intimidate|boost\n|-unboost|p2a: Mandibuzz|atk|1\n|move|p2a: Mandibuzz|Roost|p2a: Mandibuzz\n|-heal|p2a: Mandibuzz|93\/100 psn\n|-singleturn|p2a: Mandibuzz|move: Roost\n|\n|-damage|p2a: Mandibuzz|80\/100 psn|[from] psn\n|-damage|p1a: Landorus|33\/100 brn|[from] brn\n|upkeep\n|turn|72\n|\n|t:|1700934517\n|switch|p2a: Dragapult|Dragapult, F|52\/100\n|move|p1a: Landorus|Stealth Rock|p2a: Dragapult\n|-sidestart|p2: dragonbrrr|move: Stealth Rock\n|\n|-damage|p1a: Landorus|27\/100 brn|[from] brn\n|upkeep\n|turn|73\n|\n|t:|1700934525\n|move|p2a: Dragapult|Hex|p1a: Landorus\n|-damage|p1a: Landorus|0 fnt\n|faint|p1a: Landorus\n|\n|upkeep\n|c|\u2606Jugglekid1318|gg wp\n|\n|t:|1700934537\n|switch|p1a: Amoonguss|Amoonguss, M|69\/100 par\n|-damage|p1a: Amoonguss|56\/100 par|[from] Stealth Rock\n|turn|74\n|\n|t:|1700934556\n|move|p2a: Dragapult|Hex|p1a: Amoonguss\n|-damage|p1a: Amoonguss|8\/100 par\n|cant|p1a: Amoonguss|par\n|\n|upkeep\n|turn|75\n|\n|t:|1700934564\n|move|p2a: Dragapult|Hex|p1a: Amoonguss\n|-crit|p1a: Amoonguss\n|-damage|p1a: Amoonguss|0 fnt\n|faint|p1a: Amoonguss\n|\n|win|dragonbrrr\n|c|\u2606dragonbrrr|Gg\n|c|\u2606dragonbrrr|holy\n|c|\u2606dragonbrrr|ye that matchup is\n|c|\u2606dragonbrrr|ouch\n|c|\u2606dragonbrrr|i knew your sets and still nearly lost\n|c|\u2606dragonbrrr|this team does better against it tho\n","uploadtime":1700934600,"views":0,"p1id":"jugglekid1318","p2id":"dragonbrrr","formatid":"gen9anythinggoes","rating":0,"private":0,"password":""}