{"id":"gen9anythinggoes-1986459223","p1":"Josharius","p2":"Rinumaki","format":"[Gen 9] Anything Goes","log":"|j|\u2606Josharius\n|j|\u2606Rinumaki\n|t:|1699481237\n|gametype|singles\n|player|p1|Josharius|ethan|\n|player|p2|Rinumaki|n|\n|teamsize|p1|6\n|teamsize|p2|6\n|gen|9\n|tier|[Gen 9] Anything Goes\n|rule|HP Percentage Mod: HP is shown in percentages\n|rule|Endless Battle Clause: Forcing endless battles is banned\n|clearpoke\n|poke|p1|Thundurus, M|\n|poke|p1|Klefki, M|\n|poke|p1|Torkoal, M|\n|poke|p1|Lilligant-Hisui, F|\n|poke|p1|Hoopa-Unbound|\n|poke|p1|Sandy Shocks|\n|poke|p2|Milotic, F|\n|poke|p2|Garchomp, F|\n|poke|p2|Hawlucha, F|\n|poke|p2|Lucario, F|\n|poke|p2|Ogerpon-Wellspring, F|\n|poke|p2|Typhlosion-Hisui, F|\n|teampreview\n|j| caligulahar\n|\n|t:|1699481250\n|start\n|switch|p1a: Hans Ful|Hoopa-Unbound|100\/100\n|switch|p2a: Rey Mysterio|Hawlucha, F, shiny|100\/100\n|turn|1\n|\n|t:|1699481261\n|move|p2a: Rey Mysterio|Sky Attack||[still]\n|-prepare|p2a: Rey Mysterio|Sky Attack\n|-enditem|p2a: Rey Mysterio|Power Herb\n|-anim|p2a: Rey Mysterio|Sky Attack|p1a: Hans Ful\n|-damage|p1a: Hans Ful|0 fnt\n|faint|p1a: Hans Ful\n|\n|upkeep\n|\n|t:|1699481276\n|switch|p1a: Trishock|Sandy Shocks|100\/100\n|turn|2\n|\n|t:|1699481296\n|move|p2a: Rey Mysterio|High Jump Kick|p1a: Trishock\n|-damage|p1a: Trishock|53\/100\n|move|p1a: Trishock|High Horsepower|p2a: Rey Mysterio\n|-immune|p2a: Rey Mysterio\n|\n|upkeep\n|turn|3\n|\n|t:|1699481306\n|-end|p1a: Trishock|Protosynthesis|[silent]\n|switch|p1a: Abov Tha Clau|Thundurus, M|100\/100\n|move|p2a: Rey Mysterio|High Jump Kick|p1a: Abov Tha Clau\n|-resisted|p1a: Abov Tha Clau\n|-damage|p1a: Abov Tha Clau|66\/100\n|\n|upkeep\n|turn|4\n|\n|t:|1699481352\n|switch|p2a: Vergil|Garchomp, F, shiny|100\/100\n|move|p1a: Abov Tha Clau|Wildbolt Storm|p2a: Vergil\n|-immune|p2a: Vergil\n|\n|upkeep\n|turn|5\n|\n|t:|1699481377\n|switch|p1a: Seta Ki|Klefki, M|100\/100\n|move|p2a: Vergil|Scale Shot|p1a: Seta Ki\n|-immune|p1a: Seta Ki\n|\n|upkeep\n|turn|6\n|\n|t:|1699481392\n|move|p2a: Vergil|Earthquake|p1a: Seta Ki\n|-supereffective|p1a: Seta Ki\n|-damage|p1a: Seta Ki|0 fnt\n|faint|p1a: Seta Ki\n|\n|upkeep\n|\n|t:|1699481397\n|switch|p1a: Fighter Flower|Lilligant-Hisui, F|100\/100\n|turn|7\n|\n|t:|1699481415\n|switch|p2a: Fading Bomb|Typhlosion-Hisui, F, shiny|100\/100\n|move|p1a: Fighter Flower|Solar Beam||[still]\n|-prepare|p1a: Fighter Flower|Solar Beam\n|\n|upkeep\n|turn|8\n|\n|t:|1699481422\n|move|p2a: Fading Bomb|Flamethrower|p1a: Fighter Flower\n|-supereffective|p1a: Fighter Flower\n|-damage|p1a: Fighter Flower|0 fnt\n|faint|p1a: Fighter Flower\n|\n|upkeep\n|\n|t:|1699481435\n|switch|p1a: Trishock|Sandy Shocks|53\/100\n|turn|9\n|\n|t:|1699481441\n|move|p1a: Trishock|Body Press|p2a: Fading Bomb\n|-immune|p2a: Fading Bomb\n|move|p2a: Fading Bomb|Flamethrower|p1a: Trishock\n|-damage|p1a: Trishock|0 fnt\n|faint|p1a: Trishock\n|-end|p1a: Trishock|Protosynthesis|[silent]\n|\n|upkeep\n|\n|t:|1699481450\n|switch|p1a: Magmatoise|Torkoal, M|100\/100\n|-weather|SunnyDay|[from] ability: Drought|[of] p1a: Magmatoise\n|turn|10\n|\n|t:|1699481473\n|switch|p2a: Believe Da Hype|Ogerpon-Wellspring, F|100\/100\n|move|p1a: Magmatoise|Earthquake|p2a: Believe Da Hype\n|-resisted|p2a: Believe Da Hype\n|-crit|p2a: Believe Da Hype\n|-damage|p2a: Believe Da Hype|85\/100\n|\n|-weather|SunnyDay|[upkeep]\n|upkeep\n|turn|11\n|\n|t:|1699481480\n|switch|p1a: Abov Tha Clau|Thundurus, M|66\/100\n|move|p2a: Believe Da Hype|Ivy Cudgel|p1a: Abov Tha Clau\n|-damage|p1a: Abov Tha Clau|37\/100\n|\n|-weather|SunnyDay|[upkeep]\n|upkeep\n|turn|12\n|\n|t:|1699481498\n|move|p2a: Believe Da Hype|Ivy Cudgel|p1a: Abov Tha Clau\n|-damage|p1a: Abov Tha Clau|8\/100\n|move|p1a: Abov Tha Clau|Fly||[still]\n|-prepare|p1a: Abov Tha Clau|Fly\n|\n|-weather|SunnyDay|[upkeep]\n|upkeep\n|turn|13\n|\n|t:|1699481504\n|move|p2a: Believe Da Hype|Substitute|p2a: Believe Da Hype\n|-start|p2a: Believe Da Hype|Substitute\n|-damage|p2a: Believe Da Hype|60\/100\n|move|p1a: Abov Tha Clau|Fly|p2a: Believe Da Hype|[from]lockedmove\n|-supereffective|p2a: Believe Da Hype\n|-end|p2a: Believe Da Hype|Substitute\n|\n|-weather|SunnyDay|[upkeep]\n|upkeep\n|turn|14\n|\n|t:|1699481511\n|move|p2a: Believe Da Hype|Ivy Cudgel|p1a: Abov Tha Clau\n|-damage|p1a: Abov Tha Clau|0 fnt\n|faint|p1a: Abov Tha Clau\n|\n|-weather|none\n|upkeep\n|\n|t:|1699481515\n|switch|p1a: Magmatoise|Torkoal, M|100\/100\n|-weather|SunnyDay|[from] ability: Drought|[of] p1a: Magmatoise\n|turn|15\n|\n|t:|1699481522\n|move|p2a: Believe Da Hype|Ivy Cudgel|p1a: Magmatoise\n|-supereffective|p1a: Magmatoise\n|-damage|p1a: Magmatoise|75\/100\n|move|p1a: Magmatoise|Body Press|p2a: Believe Da Hype\n|-damage|p2a: Believe Da Hype|19\/100\n|\n|-weather|SunnyDay|[upkeep]\n|upkeep\n|turn|16\n|\n|t:|1699481529\n|move|p2a: Believe Da Hype|Horn Leech|p1a: Magmatoise\n|-resisted|p1a: Magmatoise\n|-damage|p1a: Magmatoise|64\/100\n|-heal|p2a: Believe Da Hype|25\/100|[from] drain|[of] p1a: Magmatoise\n|move|p1a: Magmatoise|Body Press|p2a: Believe Da Hype\n|-damage|p2a: Believe Da Hype|0 fnt\n|faint|p2a: Believe Da Hype\n|\n|-weather|SunnyDay|[upkeep]\n|upkeep\n|\n|t:|1699481537\n|switch|p2a: It Don't Go Down|Milotic, F|100\/100\n|turn|17\n|\n|t:|1699481545\n|move|p2a: It Don't Go Down|Scald|p1a: Magmatoise\n|-supereffective|p1a: Magmatoise\n|-damage|p1a: Magmatoise|27\/100\n|move|p1a: Magmatoise|Earthquake|p2a: It Don't Go Down\n|-damage|p2a: It Don't Go Down|86\/100\n|\n|-weather|SunnyDay|[upkeep]\n|-status|p2a: It Don't Go Down|brn|[from] item: Flame Orb\n|upkeep\n|turn|18\n|\n|t:|1699481555\n|move|p2a: It Don't Go Down|Scald|p1a: Magmatoise\n|-supereffective|p1a: Magmatoise\n|-damage|p1a: Magmatoise|0 fnt\n|faint|p1a: Magmatoise\n|\n|win|Rinumaki\n","uploadtime":1699481561,"views":13,"p1id":"josharius","p2id":"rinumaki","formatid":"gen9anythinggoes","rating":0,"private":0,"password":""}