{"id":"gen9anythinggoes-1976250794","p1":"darkstrider161","p2":"myname69","format":"[Gen 9] Anything Goes","log":"|j|\u2606darkstrider161\n|j|\u2606myname69\n|t:|1698278539\n|gametype|singles\n|player|p1|darkstrider161|1|1116\n|player|p2|myname69|zinnia|1043\n|teamsize|p1|6\n|teamsize|p2|1\n|gen|9\n|tier|[Gen 9] Anything Goes\n|rated|\n|rule|HP Percentage Mod: HP is shown in percentages\n|rule|Endless Battle Clause: Forcing endless battles is banned\n|clearpoke\n|poke|p1|Great Tusk|\n|poke|p1|Greninja-*, M|\n|poke|p1|Zacian-*|\n|poke|p1|Koraidon|\n|poke|p1|Ogerpon, F|\n|poke|p1|Kingambit, M|\n|poke|p2|Sneasler, F|\n|teampreview\n|\n|t:|1698278552\n|start\n|switch|p1a: Greninja|Greninja, M|100\/100\n|switch|p2a: Sneasler|Sneasler, F|100\/100\n|turn|1\n|\n|t:|1698278559\n|move|p1a: Greninja|Extrasensory|p2a: Sneasler\n|-supereffective|p2a: Sneasler\n|-enditem|p2a: Sneasler|Focus Sash\n|-damage|p2a: Sneasler|1\/100\n|move|p2a: Sneasler|Swords Dance|p2a: Sneasler\n|-boost|p2a: Sneasler|atk|2\n|\n|upkeep\n|turn|2\n|\n|t:|1698278577\n|move|p2a: Sneasler|Reversal|p1a: Greninja\n|-supereffective|p1a: Greninja\n|-damage|p1a: Greninja|0 fnt\n|faint|p1a: Greninja\n|\n|upkeep\n|inactive|Battle timer is ON: inactive players will automatically lose when time's up. (requested by darkstrider161)\n|\n|t:|1698278597\n|switch|p1a: Great Tusk|Great Tusk|100\/100\n|turn|3\n|\n|t:|1698278603\n|move|p2a: Sneasler|Reversal|p1a: Great Tusk\n|-damage|p1a: Great Tusk|0 fnt\n|faint|p1a: Great Tusk\n|-end|p1a: Great Tusk|Protosynthesis|[silent]\n|\n|upkeep\n|\n|t:|1698278609\n|switch|p1a: Zacian|Zacian-Crowned, shiny|100\/100\n|-ability|p1a: Zacian|Intrepid Sword|boost\n|-boost|p1a: Zacian|atk|1\n|turn|4\n|\n|t:|1698278615\n|move|p2a: Sneasler|Reversal|p1a: Zacian\n|-damage|p1a: Zacian|0 fnt\n|faint|p1a: Zacian\n|\n|upkeep\n|\n|t:|1698278624\n|switch|p1a: Koraidon|Koraidon|100\/100\n|-weather|SunnyDay|[from] ability: Orichalcum Pulse|[of] p1a: Koraidon\n|-activate|p1a: Koraidon|Orichalcum Pulse|[source]\n|turn|5\n|\n|t:|1698278630\n|move|p2a: Sneasler|Reversal|p1a: Koraidon\n|-damage|p1a: Koraidon|0 fnt\n|faint|p1a: Koraidon\n|\n|-weather|SunnyDay|[upkeep]\n|upkeep\n|\n|t:|1698278635\n|switch|p1a: Ogerpon|Ogerpon, F|100\/100\n|turn|6\n|\n|t:|1698278641\n|-terastallize|p1a: Ogerpon|Grass\n|detailschange|p1a: Ogerpon|Ogerpon-Teal-Tera, F, tera:Grass\n|-ability|p1a: Ogerpon|Embody Aspect (Teal)|boost\n|-boost|p1a: Ogerpon|spe|1\n|move|p2a: Sneasler|Reversal|p1a: Ogerpon\n|-damage|p1a: Ogerpon|0 fnt\n|faint|p1a: Ogerpon\n|\n|-weather|SunnyDay|[upkeep]\n|upkeep\n|\n|t:|1698278648\n|switch|p1a: Kingambit|Kingambit, M, shiny|100\/100\n|-activate|p1a: Kingambit|ability: Supreme Overlord\n|-start|p1a: Kingambit|fallen5|[silent]\n|turn|7\n|\n|t:|1698278654\n|move|p2a: Sneasler|Reversal|p1a: Kingambit\n|-supereffective|p1a: Kingambit\n|-damage|p1a: Kingambit|0 fnt\n|faint|p1a: Kingambit\n|-end|p1a: Kingambit|fallen5|[silent]\n|\n|win|myname69\n|raw|darkstrider161's rating: 1116 &rarr; <strong>1086<\/strong><br \/>(-30 for losing)\n|raw|myname69's rating: 1043 &rarr; <strong>1083<\/strong><br \/>(+40 for winning)\n|c|\u2606myname69|gg\n|l|\u2606darkstrider161\n","uploadtime":1698278659,"views":11,"p1id":"darkstrider161","p2id":"myname69","formatid":"gen9anythinggoes","rating":1083,"private":0,"password":""}