{"id":"gen9anythinggoes-1987836017","p1":"rickastley3.0","p2":"ImWanted","format":"[Gen 9] Anything Goes","log":"|j|\u2606rickastley3.0\n|j|\u2606ImWanted\n|t:|1699641294\n|gametype|singles\n|player|p1|rickastley3.0|1|1085\n|player|p2|ImWanted|red|1187\n|teamsize|p1|6\n|teamsize|p2|6\n|gen|9\n|tier|[Gen 9] Anything Goes\n|rated|\n|rule|HP Percentage Mod: HP is shown in percentages\n|rule|Endless Battle Clause: Forcing endless battles is banned\n|clearpoke\n|poke|p1|Ursaluna-Bloodmoon, M|\n|poke|p1|Ribombee, M|\n|poke|p1|Poliwrath, M|\n|poke|p1|Ninetales-Alola, F|\n|poke|p1|Zacian-*|\n|poke|p1|Palafin, F|\n|poke|p2|Clefable, M|\n|poke|p2|Baxcalibur, F|\n|poke|p2|Darkrai|\n|poke|p2|Kyogre|\n|poke|p2|Blissey, F|\n|poke|p2|Iron Moth|\n|teampreview\n|inactive|Battle timer is ON: inactive players will automatically lose when time's up. (requested by rickastley3.0)\n|\n|t:|1699641303\n|start\n|switch|p1a: Ninetales|Ninetales-Alola, F|100\/100\n|switch|p2a: Walmart 2|Clefable, M|100\/100\n|-weather|Snow|[from] ability: Snow Warning|[of] p1a: Ninetales\n|turn|1\n|\n|t:|1699641313\n|-terastallize|p2a: Walmart 2|Steel\n|move|p1a: Ninetales|Aurora Veil|p1a: Ninetales\n|-sidestart|p1: rickastley3.0|move: Aurora Veil\n|move|p2a: Walmart 2|Cosmic Power|p2a: Walmart 2\n|-boost|p2a: Walmart 2|def|1\n|-boost|p2a: Walmart 2|spd|1\n|\n|-weather|Snow|[upkeep]\n|upkeep\n|turn|2\n|\n|t:|1699641325\n|switch|p1a: Poliwrath|Poliwrath, M|100\/100\n|move|p2a: Walmart 2|Cosmic Power|p2a: Walmart 2\n|-boost|p2a: Walmart 2|def|1\n|-boost|p2a: Walmart 2|spd|1\n|\n|-weather|Snow|[upkeep]\n|upkeep\n|turn|3\n|\n|t:|1699641335\n|move|p1a: Poliwrath|Belly Drum|p1a: Poliwrath\n|-damage|p1a: Poliwrath|50\/100\n|-setboost|p1a: Poliwrath|atk|6|[from] move: Belly Drum\n|-enditem|p1a: Poliwrath|Sitrus Berry|[eat]\n|-heal|p1a: Poliwrath|75\/100|[from] item: Sitrus Berry\n|move|p2a: Walmart 2|Stored Power|p1a: Poliwrath\n|-supereffective|p1a: Poliwrath\n|-damage|p1a: Poliwrath|45\/100\n|\n|-weather|Snow|[upkeep]\n|upkeep\n|turn|4\n|\n|t:|1699641345\n|move|p1a: Poliwrath|Baton Pass|p1a: Poliwrath\n|\n|t:|1699641346\n|switch|p1a: Zacian|Zacian-Crowned|100\/100|[from] Baton Pass\n|move|p2a: Walmart 2|Cosmic Power|p2a: Walmart 2\n|-boost|p2a: Walmart 2|def|1\n|-boost|p2a: Walmart 2|spd|1\n|\n|-weather|Snow|[upkeep]\n|upkeep\n|turn|5\n|\n|t:|1699641354\n|move|p1a: Zacian|Sacred Sword|p2a: Walmart 2\n|-supereffective|p2a: Walmart 2\n|-enditem|p2a: Walmart 2|Focus Sash\n|-damage|p2a: Walmart 2|1\/100\n|move|p2a: Walmart 2|Stored Power|p1a: Zacian\n|-resisted|p1a: Zacian\n|-damage|p1a: Zacian|91\/100\n|\n|-weather|none\n|upkeep\n|turn|6\n|\n|t:|1699641364\n|move|p1a: Zacian|Sacred Sword|p2a: Walmart 2\n|-supereffective|p2a: Walmart 2\n|-damage|p2a: Walmart 2|0 fnt\n|faint|p2a: Walmart 2\n|\n|upkeep\n|\n|t:|1699641373\n|switch|p2a: False Sun|Iron Moth|100\/100\n|-enditem|p2a: False Sun|Booster Energy\n|-activate|p2a: False Sun|ability: Quark Drive|[fromitem]\n|-start|p2a: False Sun|quarkdrivespa\n|turn|7\n|c|\u2606rickastley3.0|delete ur team\n|\n|t:|1699641381\n|move|p1a: Zacian|Behemoth Blade|p2a: False Sun\n|-resisted|p2a: False Sun\n|-damage|p2a: False Sun|0 fnt\n|faint|p2a: False Sun\n|-end|p2a: False Sun|Quark Drive|[silent]\n|\n|upkeep\n|c|\u2606ImWanted|huh\n|c|\u2606rickastley3.0|pls\n|c|\u2606ImWanted|why\n|c|\u2606rickastley3.0|do us all a facour\n|c|\u2606rickastley3.0|it sucks\n|n|!ImWanted|imwanted\n|inactive|ImWanted has 120 seconds left.\n|\n|t:|1699641425\n|switch|p2a: Scrambler|Blissey, F|100\/100\n|turn|8\n|\n|t:|1699641430\n|move|p1a: Zacian|Behemoth Blade|p2a: Scrambler\n|-damage|p2a: Scrambler|0 fnt\n|faint|p2a: Scrambler\n|\n|-sideend|p1: rickastley3.0|move: Aurora Veil\n|upkeep\n|inactive|ImWanted has 120 seconds left.\n|\n|t:|1699641436\n|switch|p2a: Knightmare|Darkrai, shiny|100\/100\n|turn|9\n|\n|t:|1699641440\n|move|p1a: Zacian|Behemoth Blade|p2a: Knightmare\n|-damage|p2a: Knightmare|0 fnt\n|faint|p2a: Knightmare\n|\n|upkeep\n|\n|t:|1699641447\n|switch|p2a: killer fish 4|Kyogre|100\/100\n|-weather|RainDance|[from] ability: Drizzle|[of] p2a: killer fish 4\n|turn|10\n|\n|t:|1699641454\n|move|p1a: Zacian|Behemoth Blade|p2a: killer fish 4\n|-resisted|p2a: killer fish 4\n|-damage|p2a: killer fish 4|0 fnt\n|faint|p2a: killer fish 4\n|\n|-weather|RainDance|[upkeep]\n|upkeep\n|\n|t:|1699641460\n|switch|p2a: Dumb Head|Baxcalibur, F|100\/100\n|turn|11\n|\n|t:|1699641468\n|move|p1a: Zacian|Swords Dance|p1a: Zacian\n|-boost|p1a: Zacian|atk|0\n|move|p2a: Dumb Head|Earthquake|p1a: Zacian\n|-supereffective|p1a: Zacian\n|-damage|p1a: Zacian|8\/100\n|\n|-weather|RainDance|[upkeep]\n|upkeep\n|turn|12\n|\n|t:|1699641477\n|move|p1a: Zacian|Behemoth Blade|p2a: Dumb Head\n|-supereffective|p2a: Dumb Head\n|-damage|p2a: Dumb Head|0 fnt\n|faint|p2a: Dumb Head\n|\n|win|rickastley3.0\n|raw|rickastley3.0's rating: 1085 &rarr; <strong>1120<\/strong><br \/>(+35 for winning)\n|raw|ImWanted's rating: 1187 &rarr; <strong>1155<\/strong><br \/>(-32 for losing)\n","uploadtime":1699641401,"views":3,"p1id":"rickastley30","p2id":"imwanted","formatid":"gen9anythinggoes","rating":1120,"private":0,"password":""}