{"id":"gen9anythinggoes-1978089488","p1":"Zzzagreus","p2":"Veteran Doggo","format":"[Gen 9] Anything Goes","log":"|j|\u2606Zzzagreus\n|j|\u2606Veteran Doggo\n|t:|1698497755\n|gametype|singles\n|player|p1|Zzzagreus|unknown|1164\n|player|p2|Veteran Doggo|veteran|1046\n|teamsize|p1|6\n|teamsize|p2|6\n|gen|9\n|tier|[Gen 9] Anything Goes\n|rated|\n|rule|HP Percentage Mod: HP is shown in percentages\n|rule|Endless Battle Clause: Forcing endless battles is banned\n|clearpoke\n|poke|p1|Calyrex-Shadow|\n|poke|p1|Annihilape, M|\n|poke|p1|Arceus-Ghost|\n|poke|p1|Espathra, F|\n|poke|p1|Darkrai|\n|poke|p1|Dialga-Origin|\n|poke|p2|Arcanine, M|\n|poke|p2|Lycanroc-Dusk, F|\n|poke|p2|Lucario, F|\n|poke|p2|Houndstone, M|\n|poke|p2|Umbreon, F|\n|poke|p2|Ninetales-Alola, F|\n|teampreview\n|\n|t:|1698497782\n|start\n|switch|p1a: The trickster|Dialga-Origin|100\/100\n|switch|p2a: Umbreon|Umbreon, F|100\/100\n|-ability|p1a: The trickster|Pressure\n|turn|1\n|c|\u2606Zzzagreus|Please tell me this isn't a last respecta strategy\n|\n|t:|1698497804\n|switch|p2a: Lucario|Lucario, F|100\/100\n|move|p1a: The trickster|Stealth Rock|p2a: Lucario\n|-sidestart|p2: Veteran Doggo|move: Stealth Rock\n|\n|upkeep\n|turn|2\n|\n|t:|1698497815\n|-terastallize|p2a: Lucario|Fighting\n|move|p2a: Lucario|Swords Dance|p2a: Lucario\n|-boost|p2a: Lucario|atk|2\n|move|p1a: The trickster|Dragon Tail|p2a: Lucario\n|-damage|p2a: Lucario|67\/100\n|drag|p2a: Lycanroc|Lycanroc-Dusk, F|100\/100\n|-damage|p2a: Lycanroc|88\/100|[from] Stealth Rock\n|\n|upkeep\n|turn|3\n|\n|t:|1698497828\n|move|p2a: Lycanroc|Stealth Rock|p1a: The trickster\n|-sidestart|p1: Zzzagreus|move: Stealth Rock\n|move|p1a: The trickster|Steel Beam|p2a: Lycanroc\n|-supereffective|p2a: Lycanroc\n|-damage|p2a: Lycanroc|0 fnt\n|-damage|p1a: The trickster|50\/100|[from] steelbeam\n|faint|p2a: Lycanroc\n|\n|upkeep\n|\n|t:|1698497837\n|switch|p2a: Lucario|Lucario, F, tera:Fighting|67\/100\n|-damage|p2a: Lucario|61\/100|[from] Stealth Rock\n|turn|4\n|\n|t:|1698497841\n|move|p2a: Lucario|Drain Punch|p1a: The trickster\n|-supereffective|p1a: The trickster\n|-damage|p1a: The trickster|0 fnt\n|-heal|p2a: Lucario|97\/100|[from] drain|[of] p1a: The trickster\n|faint|p1a: The trickster\n|\n|upkeep\n|\n|t:|1698497851\n|switch|p1a: The beast|Annihilape, M|100\/100\n|-damage|p1a: The beast|94\/100|[from] Stealth Rock\n|turn|5\n|\n|t:|1698497861\n|move|p2a: Lucario|Swords Dance|p2a: Lucario\n|-boost|p2a: Lucario|atk|2\n|move|p1a: The beast|Taunt|p2a: Lucario\n|-start|p2a: Lucario|move: Taunt\n|\n|-heal|p1a: The beast|100\/100|[from] item: Leftovers\n|upkeep\n|turn|6\n|\n|t:|1698497872\n|move|p2a: Lucario|Bullet Punch|p1a: The beast\n|-damage|p1a: The beast|58\/100\n|move|p1a: The beast|Drain Punch|p2a: Lucario\n|-damage|p2a: Lucario|50\/100\n|-heal|p1a: The beast|75\/100|[from] drain|[of] p2a: Lucario\n|\n|-heal|p1a: The beast|81\/100|[from] item: Leftovers\n|upkeep\n|turn|7\n|\n|t:|1698497886\n|move|p2a: Lucario|Bullet Punch|p1a: The beast\n|-damage|p1a: The beast|40\/100\n|move|p1a: The beast|Drain Punch|p2a: Lucario\n|-damage|p2a: Lucario|3\/100\n|-heal|p1a: The beast|56\/100|[from] drain|[of] p2a: Lucario\n|\n|-heal|p1a: The beast|63\/100|[from] item: Leftovers\n|upkeep\n|turn|8\n|\n|t:|1698497899\n|move|p2a: Lucario|Bullet Punch|p1a: The beast\n|-damage|p1a: The beast|20\/100\n|move|p1a: The beast|Drain Punch|p2a: Lucario\n|-damage|p2a: Lucario|0 fnt\n|-heal|p1a: The beast|21\/100|[from] drain|[of] p2a: Lucario\n|faint|p2a: Lucario\n|\n|-heal|p1a: The beast|27\/100|[from] item: Leftovers\n|upkeep\n|\n|t:|1698497915\n|switch|p2a: Houndstone|Houndstone, M|100\/100\n|-damage|p2a: Houndstone|88\/100|[from] Stealth Rock\n|turn|9\n|\n|t:|1698497920\n|move|p2a: Houndstone|Shadow Sneak|p1a: The beast\n|-supereffective|p1a: The beast\n|-damage|p1a: The beast|0 fnt\n|faint|p1a: The beast\n|-damage|p2a: Houndstone|78\/100|[from] item: Life Orb\n|\n|upkeep\n|\n|t:|1698497940\n|switch|p1a: The end|Calyrex-Shadow|100\/100\n|-ability|p1a: The end|As One\n|-ability|p1a: The end|Unnerve\n|-damage|p1a: The end|88\/100|[from] Stealth Rock\n|turn|10\n|\n|t:|1698497950\n|move|p1a: The end|Psychic|p2a: Houndstone\n|-damage|p2a: Houndstone|0 fnt\n|faint|p2a: Houndstone\n|-ability|p1a: The end|Grim Neigh|boost\n|-boost|p1a: The end|spa|1\n|-damage|p1a: The end|78\/100|[from] item: Life Orb\n|\n|upkeep\n|\n|t:|1698497960\n|switch|p2a: Umbreon|Umbreon, F|100\/100\n|-damage|p2a: Umbreon|88\/100|[from] Stealth Rock\n|turn|11\n|\n|t:|1698497967\n|move|p1a: The end|Grass Knot|p2a: Umbreon\n|-damage|p2a: Umbreon|54\/100\n|-damage|p1a: The end|68\/100|[from] item: Life Orb\n|move|p2a: Umbreon|Toxic|p1a: The end\n|-status|p1a: The end|tox\n|\n|-heal|p2a: Umbreon|60\/100|[from] item: Leftovers\n|-damage|p1a: The end|62\/100 tox|[from] psn\n|upkeep\n|turn|12\n|\n|t:|1698497977\n|move|p1a: The end|Psychic|p2a: Umbreon\n|-immune|p2a: Umbreon\n|move|p2a: Umbreon|Moonlight|p2a: Umbreon\n|-heal|p2a: Umbreon|100\/100\n|\n|-damage|p1a: The end|50\/100 tox|[from] psn\n|upkeep\n|turn|13\n|\n|t:|1698497985\n|move|p1a: The end|Grass Knot|p2a: Umbreon\n|-damage|p2a: Umbreon|70\/100\n|-damage|p1a: The end|40\/100 tox|[from] item: Life Orb\n|move|p2a: Umbreon|Wish|p2a: Umbreon\n|\n|-heal|p2a: Umbreon|76\/100|[from] item: Leftovers\n|-damage|p1a: The end|21\/100 tox|[from] psn\n|upkeep\n|turn|14\n|\n|t:|1698497993\n|move|p2a: Umbreon|Protect|p2a: Umbreon\n|-singleturn|p2a: Umbreon|Protect\n|move|p1a: The end|Encore|p2a: Umbreon\n|-activate|p2a: Umbreon|move: Protect\n|\n|-heal|p2a: Umbreon|100\/100|[from] move: Wish|[wisher] Umbreon\n|-damage|p1a: The end|0 fnt|[from] psn\n|faint|p1a: The end\n|upkeep\n|\n|t:|1698498007\n|switch|p1a: The D\u00f8\u00e7t... Who?|Espathra, F|100\/100\n|-damage|p1a: The D\u00f8\u00e7t... Who?|88\/100|[from] Stealth Rock\n|turn|15\n|\n|t:|1698498014\n|move|p1a: The D\u00f8\u00e7t... Who?|Substitute|p1a: The D\u00f8\u00e7t... Who?\n|-start|p1a: The D\u00f8\u00e7t... Who?|Substitute\n|-damage|p1a: The D\u00f8\u00e7t... Who?|63\/100\n|move|p2a: Umbreon|Toxic||[still]\n|-fail|p2a: Umbreon\n|\n|-heal|p1a: The D\u00f8\u00e7t... Who?|69\/100|[from] item: Leftovers\n|-ability|p1a: The D\u00f8\u00e7t... Who?|Speed Boost|boost\n|-boost|p1a: The D\u00f8\u00e7t... Who?|spe|1\n|upkeep\n|turn|16\n|\n|t:|1698498023\n|move|p2a: Umbreon|Protect|p2a: Umbreon\n|-singleturn|p2a: Umbreon|Protect\n|move|p1a: The D\u00f8\u00e7t... Who?|Calm Mind|p1a: The D\u00f8\u00e7t... Who?\n|-boost|p1a: The D\u00f8\u00e7t... Who?|spa|1\n|-boost|p1a: The D\u00f8\u00e7t... Who?|spd|1\n|\n|-heal|p1a: The D\u00f8\u00e7t... Who?|75\/100|[from] item: Leftovers\n|-ability|p1a: The D\u00f8\u00e7t... Who?|Speed Boost|boost\n|-boost|p1a: The D\u00f8\u00e7t... Who?|spe|1\n|upkeep\n|turn|17\n|\n|t:|1698498056\n|switch|p2a: Arcanine|Arcanine, M|100\/100\n|-damage|p2a: Arcanine|76\/100|[from] Stealth Rock\n|-ability|p2a: Arcanine|Intimidate|boost\n|-immune|p1a: The D\u00f8\u00e7t... Who?\n|move|p1a: The D\u00f8\u00e7t... Who?|Calm Mind|p1a: The D\u00f8\u00e7t... Who?\n|-boost|p1a: The D\u00f8\u00e7t... Who?|spa|1\n|-boost|p1a: The D\u00f8\u00e7t... Who?|spd|1\n|\n|-heal|p1a: The D\u00f8\u00e7t... Who?|81\/100|[from] item: Leftovers\n|-ability|p1a: The D\u00f8\u00e7t... Who?|Speed Boost|boost\n|-boost|p1a: The D\u00f8\u00e7t... Who?|spe|1\n|upkeep\n|turn|18\n|\n|t:|1698498069\n|move|p2a: Arcanine|Extreme Speed|p1a: The D\u00f8\u00e7t... Who?\n|-activate|p1a: The D\u00f8\u00e7t... Who?|move: Substitute|[damage]\n|move|p1a: The D\u00f8\u00e7t... Who?|Calm Mind|p1a: The D\u00f8\u00e7t... Who?\n|-boost|p1a: The D\u00f8\u00e7t... Who?|spa|1\n|-boost|p1a: The D\u00f8\u00e7t... Who?|spd|1\n|\n|-heal|p1a: The D\u00f8\u00e7t... Who?|87\/100|[from] item: Leftovers\n|-ability|p1a: The D\u00f8\u00e7t... Who?|Speed Boost|boost\n|-boost|p1a: The D\u00f8\u00e7t... Who?|spe|1\n|upkeep\n|turn|19\n|\n|t:|1698498081\n|move|p1a: The D\u00f8\u00e7t... Who?|Calm Mind|p1a: The D\u00f8\u00e7t... Who?\n|-boost|p1a: The D\u00f8\u00e7t... Who?|spa|1\n|-boost|p1a: The D\u00f8\u00e7t... Who?|spd|1\n|move|p2a: Arcanine|Overheat|p1a: The D\u00f8\u00e7t... Who?\n|-end|p1a: The D\u00f8\u00e7t... Who?|Substitute\n|-unboost|p2a: Arcanine|spa|2\n|-enditem|p2a: Arcanine|White Herb\n|-clearnegativeboost|p2a: Arcanine|[silent]\n|\n|-heal|p1a: The D\u00f8\u00e7t... Who?|93\/100|[from] item: Leftovers\n|-ability|p1a: The D\u00f8\u00e7t... Who?|Speed Boost|boost\n|-boost|p1a: The D\u00f8\u00e7t... Who?|spe|1\n|upkeep\n|turn|20\n|\n|t:|1698498096\n|move|p2a: Arcanine|Extreme Speed|p1a: The D\u00f8\u00e7t... Who?\n|-damage|p1a: The D\u00f8\u00e7t... Who?|71\/100\n|move|p1a: The D\u00f8\u00e7t... Who?|Baton Pass|p1a: The D\u00f8\u00e7t... Who?\n|\n|t:|1698498101\n|switch|p1a: The ship|Arceus-Ghost|100\/100|[from] Baton Pass\n|-damage|p1a: The ship|88\/100|[from] Stealth Rock\n|\n|upkeep\n|turn|21\n|\n|t:|1698498110\n|move|p1a: The ship|Judgment|p2a: Arcanine\n|-damage|p2a: Arcanine|0 fnt\n|faint|p2a: Arcanine\n|\n|upkeep\n|\n|t:|1698498122\n|switch|p2a: Umbreon|Umbreon, F|100\/100\n|-damage|p2a: Umbreon|88\/100|[from] Stealth Rock\n|turn|22\n|\n|t:|1698498129\n|move|p1a: The ship|Focus Blast|p2a: Umbreon\n|-supereffective|p2a: Umbreon\n|-damage|p2a: Umbreon|0 fnt\n|faint|p2a: Umbreon\n|\n|upkeep\n|\n|t:|1698498133\n|switch|p2a: Ninetales|Ninetales-Alola, F|100\/100\n|-damage|p2a: Ninetales|76\/100|[from] Stealth Rock\n|turn|23\n|\n|t:|1698498142\n|move|p1a: The ship|Focus Blast|p2a: Ninetales\n|-damage|p2a: Ninetales|0 fnt\n|faint|p2a: Ninetales\n|\n|win|Zzzagreus\n|raw|Zzzagreus's rating: 1164 &rarr; <strong>1181<\/strong><br \/>(+17 for winning)\n|raw|Veteran Doggo's rating: 1046 &rarr; <strong>1035<\/strong><br \/>(-11 for losing)\n|c|\u2606Zzzagreus|Gg\n|c|\u2606Veteran Doggo|doggo power!\n|c|\u2606Zzzagreus|Haha\n|c|\u2606Veteran Doggo|hahaha\n|l|\u2606Zzzagreus\n","uploadtime":1698498189,"views":7,"p1id":"zzzagreus","p2id":"veterandoggo","formatid":"gen9anythinggoes","rating":1035,"private":0,"password":""}