{"id":"gen9anythinggoes-1992778907","p1":"Aeziolu","p2":"KieranCWhite","format":"[Gen 9] Anything Goes","log":"|j|\u2606Aeziolu\n|j|\u2606KieranCWhite\n|t:|1700234691\n|gametype|singles\n|player|p1|Aeziolu|wally|\n|player|p2|KieranCWhite|alder|\n|teamsize|p1|6\n|teamsize|p2|6\n|gen|9\n|tier|[Gen 9] Anything Goes\n|rule|HP Percentage Mod: HP is shown in percentages\n|rule|Endless Battle Clause: Forcing endless battles is banned\n|clearpoke\n|poke|p1|Amoonguss, F|\n|poke|p1|Salamence, F|\n|poke|p1|Weavile, M|\n|poke|p1|Electrode-Hisui|\n|poke|p1|Spidops, M|\n|poke|p1|Pawniard, F|\n|poke|p2|Gholdengo|\n|poke|p2|Zapdos-Galar|\n|poke|p2|Diancie|\n|poke|p2|Sneasel-Hisui, F|\n|poke|p2|Houndoom, F|\n|poke|p2|Staravia, F|\n|teampreview\n|\n|t:|1700234706\n|start\n|switch|p1a: Pawniard|Pawniard, F|100\/100\n|switch|p2a: Staravia|Staravia, F|100\/100\n|-ability|p2a: Staravia|Intimidate|boost\n|-unboost|p1a: Pawniard|atk|1\n|-ability|p1a: Pawniard|Defiant|boost\n|-boost|p1a: Pawniard|atk|2\n|turn|1\n|c|\u2606Aeziolu|!learn staravia, close combat\n|c| Aeziolu|\/raw <div class=\"infobox\">In [Gen 9] Anything Goes, Staravia <span class=\"message-learn-cannotlearn\">can't<\/span> learn Close Combat<\/div>\n|\n|t:|1700234733\n|switch|p2a: Houndoom|Houndoom, F, shiny|100\/100\n|move|p1a: Pawniard|Stealth Rock|p2a: Houndoom\n|-sidestart|p2: KieranCWhite|move: Stealth Rock\n|\n|upkeep\n|turn|2\n|\n|t:|1700234746\n|move|p2a: Houndoom|Flamethrower|p1a: Pawniard\n|-supereffective|p1a: Pawniard\n|-damage|p1a: Pawniard|0 fnt\n|faint|p1a: Pawniard\n|\n|upkeep\n|\n|t:|1700234755\n|switch|p1a: Spidops|Spidops, M|100\/100\n|turn|3\n|\n|t:|1700234762\n|move|p2a: Houndoom|Flamethrower|p1a: Spidops\n|-supereffective|p1a: Spidops\n|-enditem|p1a: Spidops|Focus Sash\n|-damage|p1a: Spidops|1\/100\n|move|p1a: Spidops|Sticky Web|p2a: Houndoom\n|-sidestart|p2: KieranCWhite|move: Sticky Web\n|\n|upkeep\n|turn|4\n|\n|t:|1700234770\n|move|p2a: Houndoom|Flamethrower|p1a: Spidops\n|-supereffective|p1a: Spidops\n|-damage|p1a: Spidops|0 fnt\n|faint|p1a: Spidops\n|\n|upkeep\n|\n|t:|1700234779\n|switch|p1a: Electrode|Electrode-Hisui|100\/100\n|turn|5\n|\n|t:|1700234783\n|move|p1a: Electrode|Volt Switch|p2a: Houndoom\n|-damage|p2a: Houndoom|64\/100\n|\n|t:|1700234785\n|switch|p1a: Salamence|Salamence, F|100\/100|[from] Volt Switch\n|move|p2a: Houndoom|Flamethrower|p1a: Salamence\n|-resisted|p1a: Salamence\n|-damage|p1a: Salamence|62\/100\n|\n|upkeep\n|turn|6\n|\n|t:|1700234793\n|move|p2a: Houndoom|Flamethrower|p1a: Salamence\n|-resisted|p1a: Salamence\n|-damage|p1a: Salamence|25\/100\n|-enditem|p1a: Salamence|Sitrus Berry|[eat]\n|-heal|p1a: Salamence|50\/100|[from] item: Sitrus Berry\n|move|p1a: Salamence|Dragon Dance|p1a: Salamence\n|-boost|p1a: Salamence|atk|1\n|-boost|p1a: Salamence|spe|1\n|\n|upkeep\n|turn|7\n|\n|t:|1700234803\n|-terastallize|p2a: Houndoom|Fairy\n|move|p1a: Salamence|Earthquake|p2a: Houndoom\n|-damage|p2a: Houndoom|0 fnt\n|faint|p2a: Houndoom\n|-ability|p1a: Salamence|Moxie|boost\n|-boost|p1a: Salamence|atk|1\n|\n|upkeep\n|\n|t:|1700234824\n|switch|p2a: Staravia|Staravia, F|100\/100\n|-damage|p2a: Staravia|76\/100|[from] Stealth Rock\n|-ability|p2a: Staravia|Intimidate|boost\n|-unboost|p1a: Salamence|atk|1\n|turn|8\n|\n|t:|1700234831\n|move|p1a: Salamence|Dual Wingbeat|p2a: Staravia\n|-damage|p2a: Staravia|0 fnt\n|faint|p2a: Staravia\n|-ability|p1a: Salamence|Moxie|boost\n|-boost|p1a: Salamence|atk|1\n|-hitcount|p2: Staravia|1\n|\n|upkeep\n|\n|t:|1700234850\n|switch|p2a: Gholdengo|Gholdengo|100\/100\n|-damage|p2a: Gholdengo|94\/100|[from] Stealth Rock\n|-item|p2a: Gholdengo|Air Balloon\n|turn|9\n|\n|t:|1700234864\n|move|p1a: Salamence|Iron Head|p2a: Gholdengo\n|-resisted|p2a: Gholdengo\n|-damage|p2a: Gholdengo|70\/100\n|-enditem|p2a: Gholdengo|Air Balloon\n|move|p2a: Gholdengo|Make It Rain|p1a: Salamence\n|-damage|p1a: Salamence|0 fnt\n|-unboost|p2a: Gholdengo|spa|1\n|faint|p1a: Salamence\n|\n|upkeep\n|\n|t:|1700234873\n|switch|p1a: Electrode|Electrode-Hisui|100\/100\n|turn|10\n|\n|t:|1700234882\n|switch|p2a: Sneasel|Sneasel-Hisui, F|100\/100\n|-damage|p2a: Sneasel|95\/100|[from] Stealth Rock\n|-activate|p2a: Sneasel|move: Sticky Web\n|-unboost|p2a: Sneasel|spe|1\n|move|p1a: Electrode|Thunderbolt|p2a: Sneasel\n|-damage|p2a: Sneasel|39\/100\n|\n|upkeep\n|turn|11\n|\n|t:|1700234892\n|move|p1a: Electrode|Thunderbolt|p2a: Sneasel\n|-damage|p2a: Sneasel|0 fnt\n|faint|p2a: Sneasel\n|\n|upkeep\n|\n|t:|1700234907\n|switch|p2a: Diancie|Diancie|100\/100\n|-damage|p2a: Diancie|88\/100|[from] Stealth Rock\n|-activate|p2a: Diancie|move: Sticky Web\n|-fail|p2a: Diancie|unboost|[from] ability: Clear Body|[of] p2a: Diancie\n|turn|12\n|\n|t:|1700234918\n|move|p1a: Electrode|Leaf Storm|p2a: Diancie\n|-supereffective|p2a: Diancie\n|-damage|p2a: Diancie|33\/100\n|-unboost|p1a: Electrode|spa|2\n|-enditem|p1a: Electrode|Eject Pack\n|\n|t:|1700234923\n|switch|p1a: Amoonguss|Amoonguss, F|100\/100\n|move|p2a: Diancie|Diamond Storm|p1a: Amoonguss|[miss]\n|-miss|p2a: Diancie|p1a: Amoonguss\n|\n|-heal|p2a: Diancie|39\/100|[from] item: Leftovers\n|upkeep\n|turn|13\n|\n|t:|1700234934\n|move|p2a: Diancie|Diamond Storm|p1a: Amoonguss\n|-damage|p1a: Amoonguss|73\/100\n|move|p1a: Amoonguss|Spore|p2a: Diancie\n|-status|p2a: Diancie|slp|[from] move: Spore\n|\n|-heal|p2a: Diancie|45\/100 slp|[from] item: Leftovers\n|upkeep\n|turn|14\n|\n|t:|1700234940\n|switch|p1a: Weavile|Weavile, M|100\/100\n|-ability|p1a: Weavile|Pressure\n|cant|p2a: Diancie|slp\n|\n|-heal|p2a: Diancie|51\/100 slp|[from] item: Leftovers\n|upkeep\n|turn|15\n|\n|t:|1700234946\n|move|p1a: Weavile|Metal Claw|p2a: Diancie\n|-supereffective|p2a: Diancie\n|-damage|p2a: Diancie|0 fnt\n|faint|p2a: Diancie\n|\n|upkeep\n|\n|t:|1700234954\n|switch|p2a: Gholdengo|Gholdengo|70\/100\n|-damage|p2a: Gholdengo|64\/100|[from] Stealth Rock\n|-activate|p2a: Gholdengo|move: Sticky Web\n|-unboost|p2a: Gholdengo|spe|1\n|turn|16\n|\n|t:|1700234960\n|move|p1a: Weavile|Knock Off|p2a: Gholdengo\n|-supereffective|p2a: Gholdengo\n|-damage|p2a: Gholdengo|0 fnt\n|faint|p2a: Gholdengo\n|\n|upkeep\n|\n|t:|1700234963\n|switch|p2a: Zapdos|Zapdos-Galar|100\/100\n|-damage|p2a: Zapdos|88\/100|[from] Stealth Rock\n|turn|17\n|\n|t:|1700234984\n|switch|p1a: Amoonguss|Amoonguss, F|100\/100\n|move|p2a: Zapdos|Brave Bird|p1a: Amoonguss\n|-supereffective|p1a: Amoonguss\n|-damage|p1a: Amoonguss|6\/100\n|-damage|p2a: Zapdos|72\/100|[from] item: Rocky Helmet|[of] p1a: Amoonguss\n|-damage|p2a: Zapdos|29\/100|[from] Recoil\n|\n|upkeep\n|turn|18\n|\n|t:|1700234994\n|switch|p1a: Electrode|Electrode-Hisui|100\/100\n|move|p2a: Zapdos|Brave Bird|p1a: Electrode\n|-damage|p1a: Electrode|0 fnt\n|-status|p2a: Zapdos|par|[from] ability: Static|[of] p1a: Electrode\n|faint|p1a: Electrode\n|-damage|p2a: Zapdos|3\/100 par|[from] Recoil\n|\n|upkeep\n|\n|t:|1700235002\n|switch|p1a: Weavile|Weavile, M|100\/100\n|-ability|p1a: Weavile|Pressure\n|turn|19\n|\n|t:|1700235004\n|move|p1a: Weavile|Ice Shard|p2a: Zapdos\n|-supereffective|p2a: Zapdos\n|-damage|p2a: Zapdos|0 fnt\n|faint|p2a: Zapdos\n|\n|win|Aeziolu\n|l|\u2606KieranCWhite\n","uploadtime":1700235041,"views":15,"p1id":"aeziolu","p2id":"kierancwhite","formatid":"gen9anythinggoes","rating":0,"private":0,"password":""}