{"id":"gen9anythinggoes-1977025665","p1":"Mr_Giavonni","p2":"kay_16","format":"[Gen 9] Anything Goes","log":"|j|\u203dMr_Giavonni\n|j|\u2606kay_16\n|t:|1698363166\n|gametype|singles\n|player|p1|Mr_Giavonni|1|1025\n|player|p2|kay_16|volkner|1055\n|teamsize|p1|6\n|teamsize|p2|6\n|gen|9\n|tier|[Gen 9] Anything Goes\n|rated|\n|rule|HP Percentage Mod: HP is shown in percentages\n|rule|Endless Battle Clause: Forcing endless battles is banned\n|clearpoke\n|poke|p1|Pawmot, M|\n|poke|p1|Pawmot, F|\n|poke|p1|Pawmot, M|\n|poke|p1|Houndstone, F|\n|poke|p1|Espathra, F|\n|poke|p1|Samurott-Hisui, F|\n|poke|p2|Sneasel-Hisui, F|\n|poke|p2|Chandelure, F|\n|poke|p2|Ninetales-Alola, F|\n|poke|p2|Zapdos|\n|poke|p2|Arbok, F|\n|poke|p2|Calyrex-Shadow|\n|teampreview\n|c|\u2606kay_16|is this a meta or do you want fun\n|\n|t:|1698363192\n|start\n|switch|p1a: Samurott|Samurott-Hisui, F|100\/100\n|switch|p2a: Calyrex|Calyrex-Shadow|100\/100\n|-ability|p2a: Calyrex|As One\n|-ability|p2a: Calyrex|Unnerve\n|turn|1\n|\n|t:|1698363202\n|move|p2a: Calyrex|Body Slam|p1a: Samurott\n|-damage|p1a: Samurott|79\/100\n|move|p1a: Samurott|Ceaseless Edge|p2a: Calyrex\n|-supereffective|p2a: Calyrex\n|-damage|p2a: Calyrex|0 fnt\n|-sidestart|p2: kay_16|Spikes\n|faint|p2a: Calyrex\n|\n|upkeep\n|\n|t:|1698363209\n|switch|p2a: Arbok|Arbok, F, shiny|100\/100\n|-damage|p2a: Arbok|88\/100|[from] Spikes\n|-ability|p2a: Arbok|Intimidate|boost\n|-unboost|p1a: Samurott|atk|1\n|turn|2\n|\n|t:|1698363218\n|move|p1a: Samurott|Ceaseless Edge|p2a: Arbok\n|-damage|p2a: Arbok|52\/100\n|-sidestart|p2: kay_16|Spikes\n|move|p2a: Arbok|Gunk Shot|p1a: Samurott\n|-damage|p1a: Samurott|18\/100\n|\n|upkeep\n|turn|3\n|\n|t:|1698363225\n|move|p1a: Samurott|Ceaseless Edge|p2a: Arbok\n|-damage|p2a: Arbok|16\/100\n|-sidestart|p2: kay_16|Spikes\n|move|p2a: Arbok|Rest|p2a: Arbok\n|-status|p2a: Arbok|slp|[from] move: Rest\n|-heal|p2a: Arbok|100\/100 slp|[silent]\n|\n|upkeep\n|turn|4\n|\n|t:|1698363231\n|move|p1a: Samurott|Ceaseless Edge|p2a: Arbok\n|-damage|p2a: Arbok|66\/100 slp\n|cant|p2a: Arbok|slp\n|\n|upkeep\n|turn|5\n|\n|t:|1698363235\n|move|p1a: Samurott|Ceaseless Edge|p2a: Arbok\n|-damage|p2a: Arbok|30\/100 slp\n|cant|p2a: Arbok|slp\n|\n|upkeep\n|turn|6\n|\n|t:|1698363239\n|move|p1a: Samurott|Ceaseless Edge|p2a: Arbok\n|-damage|p2a: Arbok|0 fnt\n|faint|p2a: Arbok\n|\n|upkeep\n|\n|t:|1698363244\n|switch|p2a: Ninetales|Ninetales-Alola, F, shiny|100\/100\n|-damage|p2a: Ninetales|76\/100|[from] Spikes\n|turn|7\n|\n|t:|1698363258\n|move|p1a: Samurott|Ceaseless Edge|p2a: Ninetales\n|-resisted|p2a: Ninetales\n|-damage|p2a: Ninetales|61\/100\n|move|p2a: Ninetales|Moonblast|p1a: Samurott\n|-supereffective|p1a: Samurott\n|-damage|p1a: Samurott|0 fnt\n|faint|p1a: Samurott\n|\n|upkeep\n|\n|t:|1698363264\n|switch|p1a: Pawmot|Pawmot, M|100\/100\n|turn|8\n|\n|t:|1698363268\n|move|p1a: Pawmot|Revival Blessing|p1a: Pawmot\n|-enditem|p1a: Pawmot|Leppa Berry|[eat]\n|-activate|p1a: Pawmot|item: Leppa Berry|Revival Blessing|[consumed]\n|\n|t:|1698363270\n|-heal|p1: Samurott|50\/100|[from] move: Revival Blessing\n|move|p2a: Ninetales|Freeze-Dry|p1a: Pawmot\n|-damage|p1a: Pawmot|62\/100\n|\n|upkeep\n|turn|9\n|\n|t:|1698363282\n|switch|p1a: Samurott|Samurott-Hisui, F|50\/100\n|move|p2a: Ninetales|Draining Kiss|p1a: Samurott\n|-supereffective|p1a: Samurott\n|-damage|p1a: Samurott|5\/100\n|-heal|p2a: Ninetales|94\/100|[from] drain|[of] p1a: Samurott\n|\n|upkeep\n|turn|10\n|\n|t:|1698363291\n|move|p1a: Samurott|Ceaseless Edge|p2a: Ninetales\n|-resisted|p2a: Ninetales\n|-damage|p2a: Ninetales|74\/100\n|move|p2a: Ninetales|Moonblast|p1a: Samurott\n|-supereffective|p1a: Samurott\n|-damage|p1a: Samurott|0 fnt\n|faint|p1a: Samurott\n|\n|upkeep\n|\n|t:|1698363294\n|switch|p1a: Pawmot|Pawmot, M|62\/100\n|turn|11\n|\n|t:|1698363302\n|move|p1a: Pawmot|Revival Blessing|p1a: Pawmot\n|\n|t:|1698363307\n|-heal|p1: Samurott|50\/100|[from] move: Revival Blessing\n|move|p2a: Ninetales|Draining Kiss|p1a: Pawmot\n|-supereffective|p1a: Pawmot\n|-damage|p1a: Pawmot|1\/100\n|-heal|p2a: Ninetales|100\/100|[from] drain|[of] p1a: Pawmot\n|\n|upkeep\n|turn|12\n|\n|t:|1698363319\n|move|p1a: Pawmot|Thunder Wave|p2a: Ninetales\n|-status|p2a: Ninetales|par\n|move|p2a: Ninetales|Moonblast|p1a: Pawmot\n|-supereffective|p1a: Pawmot\n|-damage|p1a: Pawmot|0 fnt\n|faint|p1a: Pawmot\n|\n|upkeep\n|\n|t:|1698363323\n|switch|p1a: Samurott|Samurott-Hisui, F|50\/100\n|turn|13\n|\n|t:|1698363332\n|move|p1a: Samurott|Ceaseless Edge|p2a: Ninetales\n|-resisted|p2a: Ninetales\n|-damage|p2a: Ninetales|78\/100 par\n|move|p2a: Ninetales|Draining Kiss|p1a: Samurott\n|-supereffective|p1a: Samurott\n|-damage|p1a: Samurott|2\/100\n|-heal|p2a: Ninetales|100\/100 par|[from] drain|[of] p1a: Samurott\n|\n|upkeep\n|turn|14\n|\n|t:|1698363339\n|move|p1a: Samurott|Ceaseless Edge|p2a: Ninetales\n|-resisted|p2a: Ninetales\n|-damage|p2a: Ninetales|80\/100 par\n|move|p2a: Ninetales|Moonblast|p1a: Samurott\n|-supereffective|p1a: Samurott\n|-damage|p1a: Samurott|0 fnt\n|faint|p1a: Samurott\n|\n|upkeep\n|\n|t:|1698363343\n|switch|p1a: Pawmot|Pawmot, F|100\/100\n|turn|15\n|\n|t:|1698363352\n|move|p1a: Pawmot|Revival Blessing|p1a: Pawmot\n|-enditem|p1a: Pawmot|Leppa Berry|[eat]\n|-activate|p1a: Pawmot|item: Leppa Berry|Revival Blessing|[consumed]\n|\n|t:|1698363357\n|-heal|p1: Samurott|50\/100|[from] move: Revival Blessing\n|move|p2a: Ninetales|Moonblast|p1a: Pawmot\n|-supereffective|p1a: Pawmot\n|-crit|p1a: Pawmot\n|-damage|p1a: Pawmot|0 fnt\n|faint|p1a: Pawmot\n|\n|upkeep\n|\n|t:|1698363368\n|switch|p1a: Pawmot|Pawmot, M|100\/100\n|turn|16\n|\n|t:|1698363373\n|move|p1a: Pawmot|Revival Blessing|p1a: Pawmot\n|-enditem|p1a: Pawmot|Leppa Berry|[eat]\n|-activate|p1a: Pawmot|item: Leppa Berry|Revival Blessing|[consumed]\n|\n|t:|1698363376\n|-heal|p1: Pawmot|50\/100|[from] move: Revival Blessing\n|move|p2a: Ninetales|Moonblast|p1a: Pawmot\n|-supereffective|p1a: Pawmot\n|-crit|p1a: Pawmot\n|-damage|p1a: Pawmot|0 fnt\n|faint|p1a: Pawmot\n|\n|upkeep\n|\n|t:|1698363380\n|switch|p1a: Pawmot|Pawmot, F|50\/100\n|turn|17\n|\n|t:|1698363385\n|move|p1a: Pawmot|Revival Blessing|p1a: Pawmot\n|\n|t:|1698363387\n|-heal|p1: Pawmot|50\/100|[from] move: Revival Blessing\n|cant|p2a: Ninetales|par\n|\n|upkeep\n|turn|18\n|\n|t:|1698363393\n|move|p1a: Pawmot|Discharge|p2a: Ninetales\n|-damage|p2a: Ninetales|54\/100 par\n|move|p2a: Ninetales|Moonblast|p1a: Pawmot\n|-supereffective|p1a: Pawmot\n|-damage|p1a: Pawmot|0 fnt\n|faint|p1a: Pawmot\n|\n|upkeep\n|\n|t:|1698363398\n|switch|p1a: Pawmot|Pawmot, M|50\/100\n|turn|19\n|\n|t:|1698363402\n|move|p1a: Pawmot|Revival Blessing|p1a: Pawmot\n|\n|t:|1698363403\n|-heal|p1: Pawmot|50\/100|[from] move: Revival Blessing\n|cant|p2a: Ninetales|par\n|\n|upkeep\n|turn|20\n|\n|t:|1698363413\n|move|p1a: Pawmot|Sunny Day|p1a: Pawmot\n|-weather|SunnyDay\n|move|p2a: Ninetales|Draining Kiss|p1a: Pawmot\n|-supereffective|p1a: Pawmot\n|-damage|p1a: Pawmot|0 fnt\n|-heal|p2a: Ninetales|87\/100 par|[from] drain|[of] p1a: Pawmot\n|faint|p1a: Pawmot\n|\n|-weather|SunnyDay|[upkeep]\n|upkeep\n|\n|t:|1698363416\n|switch|p1a: Pawmot|Pawmot, M|50\/100\n|turn|21\n|\n|t:|1698363425\n|move|p1a: Pawmot|Baton Pass|p1a: Pawmot\n|\n|t:|1698363429\n|switch|p1a: Samurott|Samurott-Hisui, F|50\/100|[from] Baton Pass\n|move|p2a: Ninetales|Freeze-Dry|p1a: Samurott\n|-supereffective|p1a: Samurott\n|-damage|p1a: Samurott|0 fnt\n|faint|p1a: Samurott\n|\n|-weather|SunnyDay|[upkeep]\n|upkeep\n|\n|t:|1698363432\n|switch|p1a: Pawmot|Pawmot, M|50\/100\n|turn|22\n|\n|t:|1698363438\n|move|p1a: Pawmot|Encore|p2a: Ninetales\n|-start|p2a: Ninetales|Encore\n|cant|p2a: Ninetales|par\n|\n|-weather|SunnyDay|[upkeep]\n|upkeep\n|turn|23\n|\n|t:|1698363447\n|move|p1a: Pawmot|Baton Pass|p1a: Pawmot\n|\n|t:|1698363450\n|switch|p1a: Espathra|Espathra, F|100\/100|[from] Baton Pass\n|move|p2a: Ninetales|Freeze-Dry|p1a: Espathra\n|-damage|p1a: Espathra|68\/100\n|\n|-weather|SunnyDay|[upkeep]\n|upkeep\n|turn|24\n|\n|t:|1698363459\n|move|p1a: Espathra|Lumina Crash|p2a: Ninetales\n|-damage|p2a: Ninetales|63\/100 par\n|-unboost|p2a: Ninetales|spd|2\n|cant|p2a: Ninetales|par\n|\n|-weather|none\n|-end|p2a: Ninetales|Encore\n|upkeep\n|turn|25\n|\n|t:|1698363466\n|move|p1a: Espathra|Calm Mind|p1a: Espathra\n|-boost|p1a: Espathra|spa|1\n|-boost|p1a: Espathra|spd|1\n|move|p2a: Ninetales|Moonblast|p1a: Espathra\n|-damage|p1a: Espathra|41\/100\n|\n|upkeep\n|turn|26\n|\n|t:|1698363474\n|switch|p1a: Pawmot|Pawmot, M|50\/100\n|cant|p2a: Ninetales|par\n|\n|upkeep\n|turn|27\n|\n|t:|1698363478\n|move|p2a: Ninetales|Baby-Doll Eyes|p1a: Pawmot\n|-unboost|p1a: Pawmot|atk|1\n|move|p1a: Pawmot|Encore|p2a: Ninetales\n|-start|p2a: Ninetales|Encore\n|\n|upkeep\n|turn|28\n|\n|t:|1698363485\n|switch|p2a: Sneasel|Sneasel-Hisui, F, shiny|100\/100\n|-damage|p2a: Sneasel|75\/100|[from] Spikes\n|move|p1a: Pawmot|Baton Pass|p1a: Pawmot\n|\n|t:|1698363490\n|switch|p1a: Espathra|Espathra, F|41\/100|[from] Baton Pass\n|\n|upkeep\n|turn|29\n|\n|t:|1698363495\n|move|p1a: Espathra|Hypnosis|p2a: Sneasel\n|-status|p2a: Sneasel|slp|[from] move: Hypnosis\n|cant|p2a: Sneasel|slp\n|\n|upkeep\n|turn|30\n|\n|t:|1698363502\n|move|p1a: Espathra|Lumina Crash|p2a: Sneasel\n|-supereffective|p2a: Sneasel\n|-damage|p2a: Sneasel|0 fnt\n|faint|p2a: Sneasel\n|\n|upkeep\n|\n|t:|1698363506\n|switch|p2a: Chandelure|Chandelure, F, shiny|100\/100\n|-damage|p2a: Chandelure|76\/100|[from] Spikes\n|turn|31\n|\n|t:|1698363511\n|move|p1a: Espathra|Hypnosis|p2a: Chandelure\n|-status|p2a: Chandelure|slp|[from] move: Hypnosis\n|cant|p2a: Chandelure|slp\n|\n|upkeep\n|turn|32\n|\n|t:|1698363516\n|move|p1a: Espathra|Lumina Crash|p2a: Chandelure\n|-damage|p2a: Chandelure|46\/100 slp\n|-unboost|p2a: Chandelure|spd|2\n|-curestatus|p2a: Chandelure|slp|[msg]\n|move|p2a: Chandelure|Fire Blast|p1a: Espathra\n|-damage|p1a: Espathra|0 fnt\n|faint|p1a: Espathra\n|\n|upkeep\n|\n|t:|1698363521\n|switch|p1a: Pawmot|Pawmot, M|50\/100\n|turn|33\n|\n|t:|1698363524\n|move|p1a: Pawmot|Thunder Wave|p2a: Chandelure\n|-status|p2a: Chandelure|par\n|move|p2a: Chandelure|Fire Blast|p1a: Pawmot\n|-damage|p1a: Pawmot|0 fnt\n|faint|p1a: Pawmot\n|\n|upkeep\n|\n|t:|1698363529\n|switch|p1a: Houndstone|Houndstone, F|100\/100\n|turn|34\n|\n|t:|1698363540\n|-terastallize|p1a: Houndstone|Fighting\n|move|p1a: Houndstone|Last Respects|p2a: Chandelure\n|-supereffective|p2a: Chandelure\n|-damage|p2a: Chandelure|0 fnt\n|faint|p2a: Chandelure\n|\n|upkeep\n|\n|t:|1698363549\n|switch|p2a: Zapdos|Zapdos, shiny|100\/100\n|-ability|p2a: Zapdos|Pressure\n|turn|35\n|\n|t:|1698363556\n|move|p1a: Houndstone|Last Respects|p2a: Zapdos\n|-damage|p2a: Zapdos|0 fnt\n|faint|p2a: Zapdos\n|\n|upkeep\n|\n|t:|1698363560\n|switch|p2a: Ninetales|Ninetales-Alola, F, shiny|63\/100 par\n|-damage|p2a: Ninetales|39\/100 par|[from] Spikes\n|turn|36\n|\n|t:|1698363568\n|-terastallize|p2a: Ninetales|Poison\n|move|p2a: Ninetales|Baby-Doll Eyes|p1a: Houndstone\n|-unboost|p1a: Houndstone|atk|1\n|move|p1a: Houndstone|Last Respects|p2a: Ninetales\n|-damage|p2a: Ninetales|0 fnt\n|faint|p2a: Ninetales\n|\n|win|Mr_Giavonni\n|raw|Mr_Giavonni's rating: 1025 &rarr; <strong>1064<\/strong><br \/>(+39 for winning)\n|raw|kay_16's rating: 1055 &rarr; <strong>1035<\/strong><br \/>(-20 for losing)\n","uploadtime":1698363577,"views":7,"p1id":"mrgiavonni","p2id":"kay16","formatid":"gen9anythinggoes","rating":1035,"private":0,"password":""}