{"id":"gen9anythinggoes-1999703914","p1":"201700200b","p2":"151togo","format":"[Gen 9] Anything Goes","log":"|j|\u2606201700200b\n|j|\u2606151togo\n|inactive|Battle timer is ON: inactive players will automatically lose when time's up.\n|t:|1701109307\n|gametype|singles\n|player|p1|201700200b|sage|\n|player|p2|151togo|170|\n|teamsize|p1|6\n|teamsize|p2|6\n|gen|9\n|tier|[Gen 9] Anything Goes\n|rated|Tournament battle\n|rule|HP Percentage Mod: HP is shown in percentages\n|rule|Endless Battle Clause: Forcing endless battles is banned\n|clearpoke\n|poke|p1|Gyarados, F|\n|poke|p1|Calyrex-Shadow|\n|poke|p1|Zacian-*|\n|poke|p1|Baxcalibur, M|\n|poke|p1|Koraidon|\n|poke|p1|Maushold-Four|\n|poke|p2|Miraidon|\n|poke|p2|Zacian-*|\n|poke|p2|Ditto|\n|poke|p2|Calyrex-Shadow|\n|poke|p2|Gliscor, F|\n|poke|p2|Giratina|\n|teampreview\n|c|\u2606201700200b|gl\n|j|#Frozoid\n|\n|t:|1701109329\n|start\n|switch|p1a: Maushold|Maushold-Four|100\/100\n|switch|p2a: Miraidon|Miraidon|100\/100\n|-fieldstart|move: Electric Terrain|[from] ability: Hadron Engine|[of] p2a: Miraidon\n|turn|1\n|\n|t:|1701109340\n|move|p2a: Miraidon|Volt Switch|p1a: Maushold\n|-enditem|p1a: Maushold|Focus Sash\n|-damage|p1a: Maushold|1\/100\n|\n|t:|1701109360\n|switch|p2a: Gliscor|Gliscor, F|100\/100|[from] Volt Switch\n|move|p1a: Maushold|Beat Up|p2a: Gliscor\n|-damage|p2a: Gliscor|97\/100\n|-damage|p2a: Gliscor|94\/100\n|-damage|p2a: Gliscor|90\/100\n|-damage|p2a: Gliscor|85\/100\n|-damage|p2a: Gliscor|81\/100\n|-crit|p2a: Gliscor\n|-damage|p2a: Gliscor|75\/100\n|-hitcount|p2a: Gliscor|6\n|\n|-status|p2a: Gliscor|tox|[from] item: Toxic Orb\n|upkeep\n|turn|2\n|\n|t:|1701109382\n|move|p1a: Maushold|Tidy Up|p1a: Maushold\n|-boost|p1a: Maushold|atk|1\n|-boost|p1a: Maushold|spe|1\n|move|p2a: Gliscor|Earthquake|p1a: Maushold\n|-damage|p1a: Maushold|0 fnt\n|faint|p1a: Maushold\n|\n|-heal|p2a: Gliscor|87\/100 tox|[from] ability: Poison Heal\n|upkeep\n|\n|t:|1701109391\n|switch|p1a: Gyarados|Gyarados, F|100\/100\n|-ability|p1a: Gyarados|Intimidate|boost\n|-unboost|p2a: Gliscor|atk|1\n|turn|3\n|\n|t:|1701109397\n|move|p1a: Gyarados|Dragon Dance|p1a: Gyarados\n|-boost|p1a: Gyarados|atk|1\n|-boost|p1a: Gyarados|spe|1\n|move|p2a: Gliscor|Toxic|p1a: Gyarados\n|-status|p1a: Gyarados|tox\n|\n|-damage|p1a: Gyarados|94\/100 tox|[from] psn\n|-heal|p2a: Gliscor|99\/100 tox|[from] ability: Poison Heal\n|upkeep\n|turn|4\n|\n|t:|1701109408\n|move|p2a: Gliscor|Protect|p2a: Gliscor\n|-singleturn|p2a: Gliscor|Protect\n|move|p1a: Gyarados|Waterfall|p2a: Gliscor\n|-activate|p2a: Gliscor|move: Protect\n|\n|-damage|p1a: Gyarados|82\/100 tox|[from] psn\n|-heal|p2a: Gliscor|100\/100 tox|[from] ability: Poison Heal\n|upkeep\n|turn|5\n|\n|t:|1701109422\n|-terastallize|p2a: Gliscor|Water\n|move|p1a: Gyarados|Waterfall|p2a: Gliscor\n|-resisted|p2a: Gliscor\n|-damage|p2a: Gliscor|81\/100 tox\n|move|p2a: Gliscor|Substitute|p2a: Gliscor\n|-start|p2a: Gliscor|Substitute\n|-damage|p2a: Gliscor|56\/100 tox\n|\n|-damage|p1a: Gyarados|64\/100 tox|[from] psn\n|-heal|p2a: Gliscor|69\/100 tox|[from] ability: Poison Heal\n|-fieldend|move: Electric Terrain\n|upkeep\n|turn|6\n|\n|t:|1701109429\n|move|p2a: Gliscor|Protect|p2a: Gliscor\n|-singleturn|p2a: Gliscor|Protect\n|move|p1a: Gyarados|Dragon Dance|p1a: Gyarados\n|-boost|p1a: Gyarados|atk|1\n|-boost|p1a: Gyarados|spe|1\n|\n|-damage|p1a: Gyarados|40\/100 tox|[from] psn\n|-heal|p2a: Gliscor|81\/100 tox|[from] ability: Poison Heal\n|upkeep\n|turn|7\n|l|\u2606151togo\n|inactive|151togo disconnected and has a minute to reconnect!\n|player|p2|\n|j| Future king of ou\n|inactive|151togo has 30 seconds to reconnect!\n|inactive|151togo has 20 seconds to reconnect!\n|inactive|151togo has 15 seconds to reconnect!\n|inactive|201700200b has 120 seconds left.\n|inactive|151togo has 10 seconds to reconnect!\n|inactive|151togo has 5 seconds to reconnect!\n|-message|151togo lost due to inactivity.\n|\n|win|201700200b\n|n|\u2606201700200b|201700200b\n|n|%Frozoid|frozoid\n|n| Future king of ou|futurekingofou\n","uploadtime":1701109511,"views":6,"p1id":"201700200b","p2id":"151togo","formatid":"gen9anythinggoes","rating":0,"private":0,"password":""}