{"id":"gen9anythinggoes-1996217573","p1":"americandragon79","p2":"spunky07216","format":"[Gen 9] Anything Goes","log":"|j|\u2606americandragon79\n|j|\u2606spunky07216\n|t:|1700660390\n|gametype|singles\n|player|p1|americandragon79|nessa|\n|player|p2|spunky07216|misty|\n|teamsize|p1|3\n|teamsize|p2|3\n|gen|9\n|tier|[Gen 9] Anything Goes\n|rule|HP Percentage Mod: HP is shown in percentages\n|rule|Endless Battle Clause: Forcing endless battles is banned\n|clearpoke\n|poke|p1|Tyranitar, M|\n|poke|p1|Volcarona, F|\n|poke|p1|Drednaw, M|\n|poke|p2|Hydreigon, M|\n|poke|p2|Baxcalibur, M|\n|poke|p2|Iron Thorns|\n|teampreview\n|c|\u2606americandragon79|Tribute to Godzilla's upcoming 70th Anniversary\n|\n|t:|1700660440\n|start\n|switch|p1a: Gojira (1954)|Tyranitar, M|100\/100\n|switch|p2a: King Ghidorah|Hydreigon, M|100\/100\n|-ability|p1a: Gojira (1954)|Unnerve\n|turn|1\n|\n|t:|1700660459\n|move|p2a: King Ghidorah|Surf|p1a: Gojira (1954)\n|-supereffective|p1a: Gojira (1954)\n|-damage|p1a: Gojira (1954)|20\/100\n|-enditem|p1a: Gojira (1954)|Weakness Policy\n|-boost|p1a: Gojira (1954)|atk|2|[from] item: Weakness Policy\n|-boost|p1a: Gojira (1954)|spa|2|[from] item: Weakness Policy\n|-damage|p2a: King Ghidorah|91\/100|[from] item: Life Orb\n|move|p1a: Gojira (1954)|Ice Punch|p2a: King Ghidorah\n|-supereffective|p2a: King Ghidorah\n|-damage|p2a: King Ghidorah|0 fnt\n|faint|p2a: King Ghidorah\n|\n|upkeep\n|\n|t:|1700660480\n|switch|p2a: Gojira (2014)|Baxcalibur, M|100\/100\n|turn|2\n|\n|t:|1700660494\n|-terastallize|p2a: Gojira (2014)|Steel\n|move|p2a: Gojira (2014)|Dragon Dance|p2a: Gojira (2014)\n|-boost|p2a: Gojira (2014)|atk|1\n|-boost|p2a: Gojira (2014)|spe|1\n|move|p1a: Gojira (1954)|Stone Edge|p2a: Gojira (2014)\n|-resisted|p2a: Gojira (2014)\n|-damage|p2a: Gojira (2014)|41\/100\n|\n|upkeep\n|turn|3\n|\n|t:|1700660512\n|move|p2a: Gojira (2014)|Earthquake|p1a: Gojira (1954)\n|-supereffective|p1a: Gojira (1954)\n|-crit|p1a: Gojira (1954)\n|-damage|p1a: Gojira (1954)|0 fnt\n|faint|p1a: Gojira (1954)\n|\n|upkeep\n|\n|t:|1700660522\n|switch|p1a: Mothra|Volcarona, F|100\/100\n|turn|4\n|\n|t:|1700660533\n|move|p2a: Gojira (2014)|Earthquake|p1a: Mothra\n|-damage|p1a: Mothra|8\/100\n|move|p1a: Mothra|Quiver Dance|p1a: Mothra\n|-boost|p1a: Mothra|spa|1\n|-boost|p1a: Mothra|spd|1\n|-boost|p1a: Mothra|spe|1\n|\n|upkeep\n|turn|5\n|\n|t:|1700660544\n|move|p1a: Mothra|Fiery Dance|p2a: Gojira (2014)\n|-supereffective|p2a: Gojira (2014)\n|-damage|p2a: Gojira (2014)|0 fnt\n|-boost|p1a: Mothra|spa|1\n|faint|p2a: Gojira (2014)\n|\n|upkeep\n|\n|t:|1700660555\n|switch|p2a: Mecha Godzilla|Iron Thorns|100\/100\n|turn|6\n|\n|t:|1700660565\n|move|p1a: Mothra|Bug Buzz|p2a: Mecha Godzilla\n|-damage|p2a: Mecha Godzilla|0 fnt\n|faint|p2a: Mecha Godzilla\n|-end|p2a: Mecha Godzilla|Quark Drive|[silent]\n|\n|win|americandragon79\n|c|\u2606americandragon79|gg\n","uploadtime":1700660579,"views":4,"p1id":"americandragon79","p2id":"spunky07216","formatid":"gen9anythinggoes","rating":0,"private":0,"password":""}