{"id":"gen9anythinggoes-1986931683","p1":"timetraveler0521","p2":"dragonPIMPNITE","format":"[Gen 9] Anything Goes","log":"|j|\u2606timetraveler0521\n|j|\u2606dragonPIMPNITE\n|t:|1699542133\n|gametype|singles\n|player|p1|timetraveler0521|101|1075\n|player|p2|dragonPIMPNITE|clemont|1168\n|teamsize|p1|6\n|teamsize|p2|6\n|gen|9\n|tier|[Gen 9] Anything Goes\n|rated|\n|rule|HP Percentage Mod: HP is shown in percentages\n|rule|Endless Battle Clause: Forcing endless battles is banned\n|clearpoke\n|poke|p1|Gliscor, F|\n|poke|p1|Kyogre|\n|poke|p1|Garchomp, F|\n|poke|p1|Miraidon|\n|poke|p1|Wo-Chien|\n|poke|p1|Ursaluna-Bloodmoon, M|\n|poke|p2|Furret, M|\n|poke|p2|Calyrex-Shadow|\n|poke|p2|Cyclizar, M|\n|poke|p2|Espathra, M|\n|poke|p2|Zacian-*|\n|poke|p2|Jirachi|\n|teampreview\n|\n|t:|1699542153\n|start\n|switch|p1a: Gliscor|Gliscor, F|100\/100\n|switch|p2a: Furret|Furret, M|100\/100\n|-item|p1a: Gliscor|Toxic Orb|[from] ability: Frisk|[of] p2a: Furret|[identify]\n|turn|1\n|\n|t:|1699542162\n|move|p2a: Furret|Tidy Up|p2a: Furret\n|-boost|p2a: Furret|atk|1\n|-boost|p2a: Furret|spe|1\n|move|p1a: Gliscor|Substitute|p1a: Gliscor\n|-start|p1a: Gliscor|Substitute\n|-damage|p1a: Gliscor|76\/100\n|\n|-status|p1a: Gliscor|tox|[from] item: Toxic Orb\n|upkeep\n|turn|2\n|\n|t:|1699542170\n|move|p2a: Furret|Tidy Up|p2a: Furret\n|-end|p1a: Gliscor|Substitute\n|-activate|p2a: Furret|move: Tidy Up\n|-boost|p2a: Furret|atk|1\n|-boost|p2a: Furret|spe|1\n|move|p1a: Gliscor|Toxic|p2a: Furret\n|-status|p2a: Furret|tox\n|\n|-damage|p2a: Furret|94\/100 tox|[from] psn\n|-heal|p1a: Gliscor|88\/100 tox|[from] ability: Poison Heal\n|upkeep\n|turn|3\n|j| Fungai\n|\n|t:|1699542181\n|move|p1a: Gliscor|Protect|p1a: Gliscor\n|-singleturn|p1a: Gliscor|Protect\n|move|p2a: Furret|Tidy Up|p2a: Furret\n|-boost|p2a: Furret|atk|1\n|-boost|p2a: Furret|spe|1\n|\n|-damage|p2a: Furret|82\/100 tox|[from] psn\n|-heal|p1a: Gliscor|100\/100 tox|[from] ability: Poison Heal\n|upkeep\n|turn|4\n|l| Fungai\n|j| Fungai\n|\n|t:|1699542191\n|move|p2a: Furret|Baton Pass|p2a: Furret\n|\n|t:|1699542198\n|switch|p2a: Zacian|Zacian-Crowned|100\/100|[from] Baton Pass\n|-ability|p2a: Zacian|Intrepid Sword|boost\n|-boost|p2a: Zacian|atk|1\n|move|p1a: Gliscor|Earthquake|p2a: Zacian\n|-supereffective|p2a: Zacian\n|-damage|p2a: Zacian|26\/100\n|\n|upkeep\n|turn|5\n|\n|t:|1699542206\n|move|p2a: Zacian|Behemoth Blade|p1a: Gliscor\n|-damage|p1a: Gliscor|0 fnt\n|faint|p1a: Gliscor\n|\n|upkeep\n|\n|t:|1699542213\n|switch|p1a: Kyogre|Kyogre|100\/100\n|-weather|RainDance|[from] ability: Drizzle|[of] p1a: Kyogre\n|turn|6\n|\n|t:|1699542218\n|-terastallize|p2a: Zacian|Fighting\n|-terastallize|p1a: Kyogre|Water\n|move|p2a: Zacian|Close Combat|p1a: Kyogre\n|-damage|p1a: Kyogre|0 fnt\n|-unboost|p2a: Zacian|def|1\n|-unboost|p2a: Zacian|spd|1\n|faint|p1a: Kyogre\n|\n|-weather|RainDance|[upkeep]\n|upkeep\n|\n|t:|1699542230\n|switch|p1a: Wo-Chien|Wo-Chien|100\/100\n|-ability|p1a: Wo-Chien|Tablets of Ruin\n|turn|7\n|-message|timetraveler0521 forfeited.\n|\n|win|dragonPIMPNITE\n|raw|timetraveler0521's rating: 1075 &rarr; <strong>1059<\/strong><br \/>(-16 for losing)\n|raw|dragonPIMPNITE's rating: 1168 &rarr; <strong>1186<\/strong><br \/>(+18 for winning)\n|l|\u2606timetraveler0521\n|l| Fungai\n","uploadtime":1699542248,"views":4,"p1id":"timetraveler0521","p2id":"dragonpimpnite","formatid":"gen9anythinggoes","rating":1059,"private":0,"password":""}