{"id":"gen9anythinggoes-1974570972","p1":"decently_trash","p2":"hgtyuikmnhs","format":"[Gen 9] Anything Goes","log":"|j|\u203ddecently_trash\n|j|\u2606hgtyuikmnhs\n|t:|1698098406\n|gametype|singles\n|player|p1|decently_trash|ruinmaniac|1340\n|player|p2|hgtyuikmnhs|swimmerf-gen4|1251\n|teamsize|p1|6\n|teamsize|p2|6\n|gen|9\n|tier|[Gen 9] Anything Goes\n|rated|\n|rule|HP Percentage Mod: HP is shown in percentages\n|rule|Endless Battle Clause: Forcing endless battles is banned\n|clearpoke\n|poke|p1|Kleavor, F|\n|poke|p1|Drifblim, F|\n|poke|p1|Miraidon|\n|poke|p1|Calyrex-Shadow|\n|poke|p1|Arceus-Grass|\n|poke|p1|Zacian-*|\n|poke|p2|Kyogre|\n|poke|p2|Forretress, M|\n|poke|p2|Meowscarada, F|\n|poke|p2|Garganacl, M|\n|poke|p2|Ribombee, F|\n|poke|p2|Clodsire, M|\n|teampreview\n|inactive|Battle timer is ON: inactive players will automatically lose when time's up. (requested by decently_trash)\n|\n|t:|1698098416\n|start\n|switch|p1a: Kleavor|Kleavor, F|100\/100\n|switch|p2a: Fortrose|Forretress, M, shiny|100\/100\n|turn|1\n|\n|t:|1698098432\n|move|p1a: Kleavor|Stone Axe|p2a: Fortrose|[miss]\n|-miss|p1a: Kleavor|p2a: Fortrose\n|move|p2a: Fortrose|Stealth Rock|p1a: Kleavor\n|-sidestart|p1: decently_trash|move: Stealth Rock\n|\n|upkeep\n|turn|2\n|\n|t:|1698098437\n|move|p1a: Kleavor|Stone Axe|p2a: Fortrose\n|-damage|p2a: Fortrose|65\/100\n|-sidestart|p2: hgtyuikmnhs|move: Stealth Rock\n|move|p2a: Fortrose|Gyro Ball|p1a: Kleavor\n|-supereffective|p1a: Kleavor\n|-enditem|p1a: Kleavor|Focus Sash\n|-damage|p1a: Kleavor|1\/100\n|\n|-heal|p2a: Fortrose|71\/100|[from] item: Leftovers\n|upkeep\n|turn|3\n|\n|t:|1698098449\n|move|p1a: Kleavor|Protect|p1a: Kleavor\n|-singleturn|p1a: Kleavor|Protect\n|move|p2a: Fortrose|Rapid Spin|p1a: Kleavor\n|-activate|p1a: Kleavor|move: Protect\n|\n|-heal|p2a: Fortrose|77\/100|[from] item: Leftovers\n|upkeep\n|turn|4\n|\n|t:|1698098456\n|move|p1a: Kleavor|Quick Attack|p2a: Fortrose\n|-resisted|p2a: Fortrose\n|-damage|p2a: Fortrose|72\/100\n|move|p2a: Fortrose|Gyro Ball|p1a: Kleavor\n|-supereffective|p1a: Kleavor\n|-damage|p1a: Kleavor|0 fnt\n|faint|p1a: Kleavor\n|\n|-heal|p2a: Fortrose|79\/100|[from] item: Leftovers\n|upkeep\n|\n|t:|1698098466\n|switch|p1a: Drifblim|Drifblim, F|100\/100\n|-damage|p1a: Drifblim|76\/100|[from] Stealth Rock\n|turn|5\n|\n|t:|1698098470\n|move|p1a: Drifblim|Minimize|p1a: Drifblim\n|-boost|p1a: Drifblim|evasion|2\n|move|p2a: Fortrose|Gyro Ball|p1a: Drifblim\n|-damage|p1a: Drifblim|29\/100\n|\n|-heal|p1a: Drifblim|35\/100|[from] item: Leftovers\n|-heal|p2a: Fortrose|85\/100|[from] item: Leftovers\n|upkeep\n|turn|6\n|\n|t:|1698098483\n|move|p1a: Drifblim|Substitute|p1a: Drifblim\n|-start|p1a: Drifblim|Substitute\n|-damage|p1a: Drifblim|10\/100\n|move|p2a: Fortrose|Gyro Ball|p1a: Drifblim\n|-end|p1a: Drifblim|Substitute\n|\n|-heal|p1a: Drifblim|16\/100|[from] item: Leftovers\n|-heal|p2a: Fortrose|91\/100|[from] item: Leftovers\n|upkeep\n|turn|7\n|\n|t:|1698098491\n|move|p1a: Drifblim|Baton Pass|p1a: Drifblim\n|\n|t:|1698098499\n|switch|p1a: Zacian|Zacian-Crowned|100\/100|[from] Baton Pass\n|-damage|p1a: Zacian|94\/100|[from] Stealth Rock\n|-ability|p1a: Zacian|Intrepid Sword|boost\n|-boost|p1a: Zacian|atk|1\n|move|p2a: Fortrose|Gyro Ball|p1a: Zacian|[miss]\n|-miss|p2a: Fortrose|p1a: Zacian\n|\n|-heal|p2a: Fortrose|97\/100|[from] item: Leftovers\n|upkeep\n|turn|8\n|\n|t:|1698098525\n|move|p1a: Zacian|Sacred Sword|p2a: Fortrose\n|-damage|p2a: Fortrose|60\/100\n|move|p2a: Fortrose|Gyro Ball|p1a: Zacian|[miss]\n|-miss|p2a: Fortrose|p1a: Zacian\n|\n|-heal|p2a: Fortrose|66\/100|[from] item: Leftovers\n|upkeep\n|turn|9\n|\n|t:|1698098533\n|move|p1a: Zacian|Sacred Sword|p2a: Fortrose\n|-damage|p2a: Fortrose|26\/100\n|move|p2a: Fortrose|Gyro Ball|p1a: Zacian\n|-damage|p1a: Zacian|27\/100\n|\n|-heal|p2a: Fortrose|32\/100|[from] item: Leftovers\n|upkeep\n|turn|10\n|\n|t:|1698098542\n|move|p1a: Zacian|Sacred Sword|p2a: Fortrose\n|-damage|p2a: Fortrose|0 fnt\n|faint|p2a: Fortrose\n|\n|upkeep\n|\n|t:|1698098552\n|switch|p2a: Meowy|Meowscarada, F, shiny|100\/100\n|-damage|p2a: Meowy|88\/100|[from] Stealth Rock\n|turn|11\n|\n|t:|1698098564\n|move|p2a: Meowy|Flower Trick|p1a: Zacian\n|-resisted|p1a: Zacian\n|-crit|p1a: Zacian\n|-damage|p1a: Zacian|0 fnt\n|faint|p1a: Zacian\n|\n|upkeep\n|\n|t:|1698098585\n|switch|p1a: Calyrex|Calyrex-Shadow|100\/100\n|-ability|p1a: Calyrex|As One\n|-ability|p1a: Calyrex|Unnerve\n|-damage|p1a: Calyrex|88\/100|[from] Stealth Rock\n|turn|12\n|\n|t:|1698098594\n|-terastallize|p1a: Calyrex|Poison\n|move|p2a: Meowy|Flower Trick|p1a: Calyrex\n|-resisted|p1a: Calyrex\n|-crit|p1a: Calyrex\n|-damage|p1a: Calyrex|54\/100\n|move|p1a: Calyrex|Tera Blast|p2a: Meowy|[anim] Tera Blast Poison\n|-supereffective|p2a: Meowy\n|-damage|p2a: Meowy|0 fnt\n|faint|p2a: Meowy\n|-ability|p1a: Calyrex|Grim Neigh|boost\n|-boost|p1a: Calyrex|spa|1\n|\n|-heal|p1a: Calyrex|60\/100|[from] item: Leftovers\n|upkeep\n|\n|t:|1698098608\n|switch|p2a: Blpoopy|Clodsire, M, shiny|100\/100\n|-damage|p2a: Blpoopy|94\/100|[from] Stealth Rock\n|turn|13\n|\n|t:|1698098630\n|move|p1a: Calyrex|Astral Barrage|p2a: Blpoopy\n|-damage|p2a: Blpoopy|30\/100\n|move|p2a: Blpoopy|Earthquake|p1a: Calyrex\n|-supereffective|p1a: Calyrex\n|-damage|p1a: Calyrex|0 fnt\n|faint|p1a: Calyrex\n|\n|-heal|p2a: Blpoopy|36\/100|[from] item: Leftovers\n|upkeep\n|inactive|decently_trash has 120 seconds left.\n|\n|t:|1698098642\n|switch|p1a: Arceus|Arceus-Grass|100\/100\n|-damage|p1a: Arceus|88\/100|[from] Stealth Rock\n|turn|14\n|inactive|decently_trash has 120 seconds left.\n|\n|t:|1698098656\n|move|p1a: Arceus|Earthquake|p2a: Blpoopy\n|-supereffective|p2a: Blpoopy\n|-damage|p2a: Blpoopy|0 fnt\n|faint|p2a: Blpoopy\n|\n|upkeep\n|\n|t:|1698098661\n|switch|p2a: Bombee|Ribombee, F, shiny|100\/100\n|-damage|p2a: Bombee|76\/100|[from] Stealth Rock\n|turn|15\n|inactive|decently_trash has 120 seconds left.\n|\n|t:|1698098691\n|move|p2a: Bombee|Bug Buzz|p1a: Arceus\n|-supereffective|p1a: Arceus\n|-damage|p1a: Arceus|38\/100\n|move|p1a: Arceus|Bullet Seed|p2a: Bombee\n|-resisted|p2a: Bombee\n|-damage|p2a: Bombee|60\/100\n|-resisted|p2a: Bombee\n|-damage|p2a: Bombee|43\/100\n|-resisted|p2a: Bombee\n|-damage|p2a: Bombee|28\/100\n|-hitcount|p2a: Bombee|3\n|\n|upkeep\n|turn|16\n|\n|t:|1698098701\n|move|p2a: Bombee|Bug Buzz|p1a: Arceus\n|-supereffective|p1a: Arceus\n|-damage|p1a: Arceus|0 fnt\n|faint|p1a: Arceus\n|\n|upkeep\n|inactive|decently_trash has 90 seconds left.\n|\n|t:|1698098732\n|switch|p1a: Miraidon|Miraidon|100\/100\n|-damage|p1a: Miraidon|88\/100|[from] Stealth Rock\n|-fieldstart|move: Electric Terrain|[from] ability: Hadron Engine|[of] p1a: Miraidon\n|turn|17\n|inactive|decently_trash has 90 seconds left.\n|\n|t:|1698098746\n|move|p1a: Miraidon|Electro Drift|p2a: Bombee\n|-damage|p2a: Bombee|0 fnt\n|faint|p2a: Bombee\n|\n|-heal|p1a: Miraidon|94\/100|[from] item: Leftovers\n|upkeep\n|\n|t:|1698098753\n|switch|p2a: Saltea|Garganacl, M|100\/100\n|-damage|p2a: Saltea|88\/100|[from] Stealth Rock\n|turn|18\n|inactive|decently_trash has 90 seconds left.\n|\n|t:|1698098774\n|move|p1a: Miraidon|Electro Drift|p2a: Saltea\n|-crit|p2a: Saltea\n|-damage|p2a: Saltea|0 fnt\n|faint|p2a: Saltea\n|\n|-heal|p1a: Miraidon|100\/100|[from] item: Leftovers\n|upkeep\n|\n|t:|1698098780\n|switch|p2a: The Big Whale|Kyogre, shiny|100\/100\n|-damage|p2a: The Big Whale|88\/100|[from] Stealth Rock\n|-weather|RainDance|[from] ability: Drizzle|[of] p2a: The Big Whale\n|turn|19\n|inactive|decently_trash has 90 seconds left.\n|\n|t:|1698098786\n|-terastallize|p2a: The Big Whale|Water\n|move|p2a: The Big Whale|Water Spout|p1a: Miraidon\n|-resisted|p1a: Miraidon\n|-damage|p1a: Miraidon|23\/100\n|move|p1a: Miraidon|Electro Drift|p2a: The Big Whale\n|-supereffective|p2a: The Big Whale\n|-damage|p2a: The Big Whale|0 fnt\n|faint|p2a: The Big Whale\n|\n|win|decently_trash\n|raw|decently_trash's rating: 1340 &rarr; <strong>1355<\/strong><br \/>(+15 for winning)\n|raw|hgtyuikmnhs's rating: 1251 &rarr; <strong>1232<\/strong><br \/>(-19 for losing)\n|l|\u2606hgtyuikmnhs\n","uploadtime":1698098810,"views":9,"p1id":"decentlytrash","p2id":"hgtyuikmnhs","formatid":"gen9anythinggoes","rating":1232,"private":0,"password":""}