{"id":"gen9anythinggoes-1999129534","p1":"SonicSpeedKaleb","p2":"Ater12344567","format":"[Gen 9] Anything Goes","log":"|j|\u2606SonicSpeedKaleb\n|j|\u2606Ater12344567\n|t:|1701036318\n|gametype|singles\n|player|p1|SonicSpeedKaleb|170|1316\n|player|p2|Ater12344567|alder|1368\n|teamsize|p1|6\n|teamsize|p2|6\n|gen|9\n|tier|[Gen 9] Anything Goes\n|rated|\n|rule|HP Percentage Mod: HP is shown in percentages\n|rule|Endless Battle Clause: Forcing endless battles is banned\n|clearpoke\n|poke|p1|Skeledirge, M|\n|poke|p1|Pawmot, M|\n|poke|p1|Weavile, M|\n|poke|p1|Gliscor, F|\n|poke|p1|Lycanroc, M|\n|poke|p1|Koraidon|\n|poke|p2|Basculegion, M|\n|poke|p2|Zacian-*|\n|poke|p2|Vivillon-Monsoon, F|\n|poke|p2|Urshifu-*, F|\n|poke|p2|Calyrex-Shadow|\n|poke|p2|Ribombee, M|\n|teampreview\n|c|\u2606SonicSpeedKaleb|I ONLY WANT FAIR STRATS IN THIS BATTLE! ANY UNFAIR STRATS WILL BE OFFICIALLY DISQUALIFIED!\n|\n|t:|1701036337\n|start\n|switch|p1a: Pawmot|Pawmot, M|100\/100\n|switch|p2a: So pra hazard memo|Ribombee, M|100\/100\n|turn|1\n|inactive|Battle timer is ON: inactive players will automatically lose when time's up. (requested by SonicSpeedKaleb)\n|\n|t:|1701036343\n|move|p2a: So pra hazard memo|Sticky Web|p1a: Pawmot\n|-sidestart|p1: SonicSpeedKaleb|move: Sticky Web\n|move|p1a: Pawmot|Agility|p1a: Pawmot\n|-boost|p1a: Pawmot|spe|2\n|\n|upkeep\n|turn|2\n|\n|t:|1701036353\n|move|p1a: Pawmot|Thunder Punch|p2a: So pra hazard memo\n|-damage|p2a: So pra hazard memo|21\/100\n|move|p2a: So pra hazard memo|Moonblast|p1a: Pawmot\n|-supereffective|p1a: Pawmot\n|-enditem|p1a: Pawmot|Focus Sash\n|-damage|p1a: Pawmot|1\/100\n|\n|upkeep\n|turn|3\n|\n|t:|1701036362\n|move|p1a: Pawmot|Thunder Punch|p2a: So pra hazard memo\n|-damage|p2a: So pra hazard memo|0 fnt\n|faint|p2a: So pra hazard memo\n|\n|upkeep\n|\n|t:|1701036369\n|switch|p2a: Atackizin|Zacian-Crowned, shiny|100\/100\n|-ability|p2a: Atackizin|Intrepid Sword|boost\n|-boost|p2a: Atackizin|atk|1\n|turn|4\n|\n|t:|1701036374\n|move|p2a: Atackizin|Quick Attack|p1a: Pawmot\n|-damage|p1a: Pawmot|0 fnt\n|faint|p1a: Pawmot\n|\n|upkeep\n|c|\u2606SonicSpeedKaleb|QUICK ATTACK HOE!\n|\n|t:|1701036380\n|switch|p1a: Skeledirge|Skeledirge, M|100\/100\n|-activate|p1a: Skeledirge|move: Sticky Web\n|-unboost|p1a: Skeledirge|spe|1\n|turn|5\n|\n|t:|1701036385\n|switch|p2a: Bora se bufar|Calyrex-Shadow|100\/100\n|-ability|p2a: Bora se bufar|As One\n|-ability|p2a: Bora se bufar|Unnerve\n|move|p1a: Skeledirge|Torch Song|p2a: Bora se bufar\n|-damage|p2a: Bora se bufar|57\/100\n|-boost|p1a: Skeledirge|spa|1\n|\n|upkeep\n|turn|6\n|c|\u2606SonicSpeedKaleb|QUICK CLAW USE ACTIVATE NOW!\n|-activate|p1a: Skeledirge|item: Quick Claw\n|\n|t:|1701036396\n|move|p1a: Skeledirge|Shadow Ball|p2a: Bora se bufar\n|-supereffective|p2a: Bora se bufar\n|-damage|p2a: Bora se bufar|0 fnt\n|faint|p2a: Bora se bufar\n|\n|upkeep\n|c|\u2606SonicSpeedKaleb|AND DON'T HESITATE!\n|\n|t:|1701036405\n|switch|p2a: Cr\u00edtico 100%|Urshifu-Rapid-Strike, F|100\/100\n|turn|7\n|\n|t:|1701036409\n|move|p2a: Cr\u00edtico 100%|Surging Strikes|p1a: Skeledirge\n|-supereffective|p1a: Skeledirge\n|-crit|p1a: Skeledirge\n|-damage|p1a: Skeledirge|63\/100\n|-supereffective|p1a: Skeledirge\n|-crit|p1a: Skeledirge\n|-damage|p1a: Skeledirge|25\/100\n|-supereffective|p1a: Skeledirge\n|-crit|p1a: Skeledirge\n|-damage|p1a: Skeledirge|0 fnt\n|faint|p1a: Skeledirge\n|-hitcount|p1: Skeledirge|3\n|\n|upkeep\n|\n|t:|1701036417\n|switch|p1a: Koraidon|Koraidon|100\/100\n|-activate|p1a: Koraidon|move: Sticky Web\n|-unboost|p1a: Koraidon|spe|1\n|-weather|SunnyDay|[from] ability: Orichalcum Pulse|[of] p1a: Koraidon\n|-activate|p1a: Koraidon|Orichalcum Pulse|[source]\n|turn|8\n|\n|t:|1701036426\n|move|p2a: Cr\u00edtico 100%|Surging Strikes|p1a: Koraidon\n|-resisted|p1a: Koraidon\n|-crit|p1a: Koraidon\n|-damage|p1a: Koraidon|95\/100\n|-resisted|p1a: Koraidon\n|-crit|p1a: Koraidon\n|-damage|p1a: Koraidon|90\/100\n|-resisted|p1a: Koraidon\n|-crit|p1a: Koraidon\n|-damage|p1a: Koraidon|85\/100\n|-hitcount|p1a: Koraidon|3\n|move|p1a: Koraidon|Collision Course|p2a: Cr\u00edtico 100%\n|-damage|p2a: Cr\u00edtico 100%|23\/100\n|\n|-weather|SunnyDay|[upkeep]\n|upkeep\n|turn|9\n|\n|t:|1701036439\n|move|p2a: Cr\u00edtico 100%|Close Combat|p1a: Koraidon\n|-damage|p1a: Koraidon|26\/100\n|-unboost|p2a: Cr\u00edtico 100%|def|1\n|-unboost|p2a: Cr\u00edtico 100%|spd|1\n|move|p1a: Koraidon|Collision Course|p2a: Cr\u00edtico 100%\n|-damage|p2a: Cr\u00edtico 100%|0 fnt\n|faint|p2a: Cr\u00edtico 100%\n|\n|-weather|SunnyDay|[upkeep]\n|upkeep\n|c|\u2606SonicSpeedKaleb|Zacian crowned! Use don't have any fair type moves or else you're fired and also don't take Koraidon out!\n|\n|t:|1701036452\n|switch|p2a: Atackizin|Zacian-Crowned, shiny|100\/100\n|turn|10\n|\n|t:|1701036456\n|move|p2a: Atackizin|Behemoth Blade|p1a: Koraidon\n|-damage|p1a: Koraidon|0 fnt\n|faint|p1a: Koraidon\n|\n|-weather|SunnyDay|[upkeep]\n|upkeep\n|-message|SonicSpeedKaleb forfeited.\n|\n|win|Ater12344567\n|raw|SonicSpeedKaleb's rating: 1316 &rarr; <strong>1299<\/strong><br \/>(-17 for losing)\n|raw|Ater12344567's rating: 1368 &rarr; <strong>1385<\/strong><br \/>(+17 for winning)\n","uploadtime":1701036380,"views":1,"p1id":"sonicspeedkaleb","p2id":"ater12344567","formatid":"gen9anythinggoes","rating":1299,"private":0,"password":""}