{"id":"gen9anythinggoes-1980167819","p1":"Guyisprettycool","p2":"Homedepro","format":"[Gen 9] Anything Goes","log":"|j|\u2606Guyisprettycool\n|j|\u2606Homedepro\n|t:|1698763182\n|gametype|singles\n|player|p1|Guyisprettycool|ash|1000\n|player|p2|Homedepro|101|1000\n|teamsize|p1|6\n|teamsize|p2|6\n|gen|9\n|tier|[Gen 9] Anything Goes\n|rated|\n|rule|HP Percentage Mod: HP is shown in percentages\n|rule|Endless Battle Clause: Forcing endless battles is banned\n|clearpoke\n|poke|p1|Pikachu-Original, M|\n|poke|p1|Snorlax, M|\n|poke|p1|Charizard, M|\n|poke|p1|Noctowl, M|\n|poke|p1|Glalie, F|\n|poke|p1|Greninja-*, M|\n|poke|p2|Umbreon, M|\n|poke|p2|Garchomp, M|\n|poke|p2|Altaria, M|\n|poke|p2|Magcargo, M|\n|poke|p2|Dragonite, M|\n|poke|p2|Chien-Pao|\n|teampreview\n|inactive|Battle timer is ON: inactive players will automatically lose when time's up. (requested by Guyisprettycool)\n|\n|t:|1698763197\n|start\n|switch|p1a: Greninja|Greninja, M|100\/100\n|switch|p2a: Umbreon|Umbreon, M|100\/100\n|turn|1\n|\n|t:|1698763209\n|move|p1a: Greninja|Substitute|p1a: Greninja\n|-start|p1a: Greninja|Substitute\n|-damage|p1a: Greninja|76\/100\n|move|p2a: Umbreon|Yawn||[still]\n|-fail|p2a: Umbreon\n|\n|upkeep\n|turn|2\n|\n|t:|1698763220\n|move|p2a: Umbreon|Detect|p2a: Umbreon\n|-singleturn|p2a: Umbreon|Protect\n|move|p1a: Greninja|Hydro Pump|p2a: Umbreon\n|-activate|p2a: Umbreon|move: Protect\n|\n|upkeep\n|turn|3\n|\n|t:|1698763229\n|move|p1a: Greninja|Hydro Pump|p2a: Umbreon\n|-damage|p2a: Umbreon|62\/100\n|move|p2a: Umbreon|Yawn||[still]\n|-fail|p2a: Umbreon\n|\n|upkeep\n|turn|4\n|\n|t:|1698763243\n|switch|p2a: Chien-Pao|Chien-Pao|100\/100\n|-ability|p2a: Chien-Pao|Sword of Ruin\n|move|p1a: Greninja|Shadow Sneak|p2a: Chien-Pao\n|-resisted|p2a: Chien-Pao\n|-damage|p2a: Chien-Pao|96\/100\n|\n|upkeep\n|turn|5\n|\n|t:|1698763255\n|move|p1a: Greninja|Hydro Pump|p2a: Chien-Pao\n|-damage|p2a: Chien-Pao|31\/100\n|move|p2a: Chien-Pao|Blizzard|p1a: Greninja\n|-resisted|p1a: Greninja\n|-end|p1a: Greninja|Substitute\n|\n|upkeep\n|turn|6\n|\n|t:|1698763265\n|move|p1a: Greninja|Substitute|p1a: Greninja\n|-start|p1a: Greninja|Substitute\n|-damage|p1a: Greninja|51\/100\n|move|p2a: Chien-Pao|Recover|p2a: Chien-Pao\n|-heal|p2a: Chien-Pao|82\/100\n|\n|upkeep\n|turn|7\n|\n|t:|1698763280\n|move|p1a: Greninja|Hydro Pump|p2a: Chien-Pao\n|-damage|p2a: Chien-Pao|18\/100\n|-enditem|p2a: Chien-Pao|Wiki Berry|[eat]\n|-heal|p2a: Chien-Pao|51\/100|[from] item: Wiki Berry\n|move|p2a: Chien-Pao|Ice Fang|p1a: Greninja\n|-resisted|p1a: Greninja\n|-end|p1a: Greninja|Substitute\n|\n|upkeep\n|turn|8\n|\n|t:|1698763290\n|move|p1a: Greninja|Hydro Pump|p2a: Chien-Pao|[miss]\n|-miss|p1a: Greninja|p2a: Chien-Pao\n|move|p2a: Chien-Pao|Blizzard|p1a: Greninja\n|-resisted|p1a: Greninja\n|-damage|p1a: Greninja|20\/100\n|\n|upkeep\n|turn|9\n|\n|t:|1698763297\n|switch|p2a: Umbreon|Umbreon, M|62\/100\n|move|p1a: Greninja|Hydro Pump|p2a: Umbreon|[miss]\n|-miss|p1a: Greninja|p2a: Umbreon\n|\n|upkeep\n|turn|10\n|\n|t:|1698763308\n|move|p1a: Greninja|Substitute|p1a: Greninja\n|-fail|p1a: Greninja|move: Substitute|[weak]\n|move|p2a: Umbreon|Facade|p1a: Greninja\n|-damage|p1a: Greninja|0 fnt\n|faint|p1a: Greninja\n|\n|upkeep\n|\n|t:|1698763316\n|switch|p1a: Snorlax|Snorlax, M|100\/100\n|turn|11\n|\n|t:|1698763322\n|move|p2a: Umbreon|Yawn|p1a: Snorlax\n|-start|p1a: Snorlax|move: Yawn|[of] p2a: Umbreon\n|move|p1a: Snorlax|Brick Break|p2a: Umbreon\n|-supereffective|p2a: Umbreon\n|-damage|p2a: Umbreon|18\/100\n|\n|upkeep\n|turn|12\n|\n|t:|1698763328\n|move|p2a: Umbreon|Detect|p2a: Umbreon\n|-singleturn|p2a: Umbreon|Protect\n|move|p1a: Snorlax|Brick Break|p2a: Umbreon\n|-activate|p2a: Umbreon|move: Protect\n|\n|-end|p1a: Snorlax|move: Yawn|[silent]\n|-status|p1a: Snorlax|slp\n|upkeep\n|turn|13\n|\n|t:|1698763336\n|move|p2a: Umbreon|Toxic||[still]\n|-fail|p2a: Umbreon\n|cant|p1a: Snorlax|slp\n|\n|upkeep\n|turn|14\n|c|\u2606Guyisprettycool|r u stupid\n|c|\u2606Guyisprettycool|theres already an affect\n|c|\u2606Guyisprettycool|how is there gonna be two\n|\n|t:|1698763362\n|move|p2a: Umbreon|Toxic||[still]\n|-fail|p2a: Umbreon\n|cant|p1a: Snorlax|slp\n|\n|upkeep\n|turn|15\n|\n|t:|1698763371\n|switch|p2a: Garchomp|Garchomp, M|100\/100\n|cant|p1a: Snorlax|slp\n|\n|upkeep\n|turn|16\n|\n|t:|1698763380\n|move|p2a: Garchomp|Swords Dance|p2a: Garchomp\n|-boost|p2a: Garchomp|atk|2\n|-curestatus|p1a: Snorlax|slp|[msg]\n|move|p1a: Snorlax|Ice Punch|p2a: Garchomp\n|-supereffective|p2a: Garchomp\n|-damage|p2a: Garchomp|31\/100\n|\n|upkeep\n|turn|17\n|\n|t:|1698763390\n|move|p2a: Garchomp|Earthquake|p1a: Snorlax\n|-damage|p1a: Snorlax|22\/100\n|move|p1a: Snorlax|Ice Punch|p2a: Garchomp\n|-supereffective|p2a: Garchomp\n|-damage|p2a: Garchomp|0 fnt\n|faint|p2a: Garchomp\n|\n|upkeep\n|\n|t:|1698763398\n|switch|p2a: Altaria|Altaria, M, shiny|100\/100\n|turn|18\n|\n|t:|1698763411\n|move|p2a: Altaria|Tera Blast|p1a: Snorlax\n|-damage|p1a: Snorlax|16\/100\n|move|p1a: Snorlax|Ice Punch|p2a: Altaria\n|-supereffective|p2a: Altaria\n|-damage|p2a: Altaria|0 fnt\n|faint|p2a: Altaria\n|\n|upkeep\n|\n|t:|1698763418\n|switch|p2a: Dragonite|Dragonite, M|100\/100\n|turn|19\n|\n|t:|1698763427\n|move|p2a: Dragonite|Iron Head|p1a: Snorlax\n|-damage|p1a: Snorlax|0 fnt\n|faint|p1a: Snorlax\n|\n|upkeep\n|\n|t:|1698763432\n|switch|p1a: Glalie|Glalie, F|100\/100\n|turn|20\n|\n|t:|1698763441\n|move|p1a: Glalie|Double Team|p1a: Glalie\n|-boost|p1a: Glalie|evasion|1\n|move|p2a: Dragonite|Rain Dance|p2a: Dragonite\n|-weather|RainDance\n|\n|-weather|RainDance|[upkeep]\n|upkeep\n|turn|21\n|\n|t:|1698763446\n|move|p1a: Glalie|Double Team|p1a: Glalie\n|-boost|p1a: Glalie|evasion|1\n|move|p2a: Dragonite|Hurricane|p1a: Glalie\n|-damage|p1a: Glalie|46\/100\n|-start|p1a: Glalie|confusion\n|\n|-weather|RainDance|[upkeep]\n|upkeep\n|turn|22\n|\n|t:|1698763454\n|-activate|p1a: Glalie|confusion\n|move|p1a: Glalie|Ice Beam|p2a: Dragonite\n|-supereffective|p2a: Dragonite\n|-damage|p2a: Dragonite|40\/100\n|move|p2a: Dragonite|Hurricane|p1a: Glalie\n|-damage|p1a: Glalie|0 fnt\n|faint|p1a: Glalie\n|\n|-weather|RainDance|[upkeep]\n|-heal|p2a: Dragonite|46\/100|[from] item: Leftovers\n|upkeep\n|\n|t:|1698763460\n|switch|p1a: Noctowl|Noctowl, M, shiny|100\/100\n|turn|23\n|\n|t:|1698763469\n|move|p2a: Dragonite|Ice Beam|p1a: Noctowl\n|-supereffective|p1a: Noctowl\n|-crit|p1a: Noctowl\n|-damage|p1a: Noctowl|56\/100\n|move|p1a: Noctowl|Hypnosis|p2a: Dragonite\n|-status|p2a: Dragonite|slp|[from] move: Hypnosis\n|\n|-weather|RainDance|[upkeep]\n|-heal|p2a: Dragonite|52\/100 slp|[from] item: Leftovers\n|upkeep\n|turn|24\n|\n|t:|1698763485\n|switch|p2a: Umbreon|Umbreon, M|18\/100\n|switch|p1a: Pikachu|Pikachu-Original, M|100\/100\n|\n|-weather|none\n|upkeep\n|turn|25\n|\n|t:|1698763492\n|move|p1a: Pikachu|Quick Attack|p2a: Umbreon\n|-damage|p2a: Umbreon|4\/100\n|move|p2a: Umbreon|Yawn|p1a: Pikachu\n|-start|p1a: Pikachu|move: Yawn|[of] p2a: Umbreon\n|\n|upkeep\n|turn|26\n|\n|t:|1698763498\n|move|p2a: Umbreon|Detect|p2a: Umbreon\n|-singleturn|p2a: Umbreon|Protect\n|move|p1a: Pikachu|Quick Attack|p2a: Umbreon\n|-activate|p2a: Umbreon|move: Protect\n|\n|-end|p1a: Pikachu|move: Yawn|[silent]\n|-status|p1a: Pikachu|slp\n|upkeep\n|turn|27\n|\n|t:|1698763504\n|cant|p1a: Pikachu|slp\n|move|p2a: Umbreon|Toxic||[still]\n|-fail|p2a: Umbreon\n|\n|upkeep\n|turn|28\n|\n|t:|1698763510\n|cant|p1a: Pikachu|slp\n|move|p2a: Umbreon|Toxic||[still]\n|-fail|p2a: Umbreon\n|\n|upkeep\n|turn|29\n|c|\u2606Guyisprettycool|istg bro ur dumb\n|\n|t:|1698763521\n|-curestatus|p1a: Pikachu|slp|[msg]\n|move|p1a: Pikachu|Quick Attack|p2a: Umbreon\n|-damage|p2a: Umbreon|0 fnt\n|faint|p2a: Umbreon\n|\n|upkeep\n|\n|t:|1698763528\n|switch|p2a: slugma balls|Magcargo, M|100\/100\n|turn|30\n|\n|t:|1698763544\n|move|p1a: Pikachu|Thunderbolt|p2a: slugma balls\n|-damage|p2a: slugma balls|49\/100\n|move|p2a: slugma balls|Rock Blast|p1a: Pikachu\n|-damage|p1a: Pikachu|79\/100\n|-damage|p1a: Pikachu|58\/100\n|-damage|p1a: Pikachu|37\/100\n|-hitcount|p1a: Pikachu|3\n|\n|upkeep\n|turn|31\n|\n|t:|1698763557\n|move|p1a: Pikachu|Thunderbolt|p2a: slugma balls\n|-damage|p2a: slugma balls|0 fnt\n|faint|p2a: slugma balls\n|\n|upkeep\n|\n|t:|1698763561\n|switch|p2a: Chien-Pao|Chien-Pao|51\/100\n|-ability|p2a: Chien-Pao|Sword of Ruin\n|turn|32\n|\n|t:|1698763581\n|move|p2a: Chien-Pao|Ice Fang|p1a: Pikachu\n|-damage|p1a: Pikachu|0 fnt\n|faint|p1a: Pikachu\n|\n|upkeep\n|\n|t:|1698763586\n|switch|p1a: Noctowl|Noctowl, M, shiny|56\/100\n|turn|33\n|\n|t:|1698763590\n|move|p2a: Chien-Pao|Blizzard|p1a: Noctowl\n|-supereffective|p1a: Noctowl\n|-crit|p1a: Noctowl\n|-damage|p1a: Noctowl|0 fnt\n|faint|p1a: Noctowl\n|\n|upkeep\n|\n|t:|1698763593\n|switch|p1a: Charizard|Charizard, M|100\/100\n|turn|34\n|\n|t:|1698763599\n|move|p1a: Charizard|Flamethrower|p2a: Chien-Pao\n|-supereffective|p2a: Chien-Pao\n|-damage|p2a: Chien-Pao|0 fnt\n|faint|p2a: Chien-Pao\n|\n|upkeep\n|\n|t:|1698763604\n|switch|p2a: Dragonite|Dragonite, M|52\/100 slp\n|turn|35\n|\n|t:|1698763614\n|move|p1a: Charizard|Fire Spin|p2a: Dragonite\n|-resisted|p2a: Dragonite\n|-damage|p2a: Dragonite|44\/100 slp\n|-activate|p2a: Dragonite|move: Fire Spin|[of] p1a: Charizard\n|cant|p2a: Dragonite|slp\n|\n|-heal|p2a: Dragonite|50\/100 slp|[from] item: Leftovers\n|-damage|p2a: Dragonite|38\/100 slp|[from] move: Fire Spin|[partiallytrapped]\n|upkeep\n|turn|36\n|\n|t:|1698763623\n|move|p1a: Charizard|Air Slash|p2a: Dragonite\n|-damage|p2a: Dragonite|4\/100 slp\n|-curestatus|p2a: Dragonite|slp|[msg]\n|move|p2a: Dragonite|Ice Beam|p1a: Charizard\n|-damage|p1a: Charizard|70\/100\n|\n|-heal|p2a: Dragonite|10\/100|[from] item: Leftovers\n|-damage|p2a: Dragonite|0 fnt|[from] move: Fire Spin|[partiallytrapped]\n|faint|p2a: Dragonite\n|\n|win|Guyisprettycool\n|upkeep\n|raw|Guyisprettycool's rating: 1000 &rarr; <strong>1040<\/strong><br \/>(+40 for winning)\n|raw|Homedepro's rating: 1000 &rarr; <strong>1000<\/strong><br \/>(+0 for losing)\n|l|\u2606Homedepro\n|c|\u2606Guyisprettycool|im no surprised i won\n|c|\u2606Guyisprettycool|not*\n","uploadtime":1698763644,"views":6,"p1id":"guyisprettycool","p2id":"homedepro","formatid":"gen9anythinggoes","rating":1000,"private":0,"password":""}