{"id":"gen9anythinggoes-1976209830","p1":"oMarSangrento \u96e8.\u8840","p2":"Void4s","format":"[Gen 9] Anything Goes","log":"|j|\u2606oMarSangrento \u96e8.\u8840\n|j|\u2606Void4s\n|t:|1698274069\n|gametype|singles\n|player|p1|oMarSangrento \u96e8.\u8840|firebreather|1223\n|player|p2|Void4s|pokemaniac|1311\n|teamsize|p1|6\n|teamsize|p2|6\n|gen|9\n|tier|[Gen 9] Anything Goes\n|rated|\n|rule|HP Percentage Mod: HP is shown in percentages\n|rule|Endless Battle Clause: Forcing endless battles is banned\n|clearpoke\n|poke|p1|Iron Valiant|\n|poke|p1|Iron Valiant|\n|poke|p1|Iron Valiant|\n|poke|p1|Iron Valiant|\n|poke|p1|Iron Valiant|\n|poke|p1|Miraidon|\n|poke|p2|Rayquaza|\n|poke|p2|Garchomp, F|\n|poke|p2|Kyogre|\n|poke|p2|Corviknight, F|\n|poke|p2|Iron Leaves|\n|poke|p2|Arceus|\n|teampreview\n|inactive|Battle timer is ON: inactive players will automatically lose when time's up. (requested by Void4s)\n|\n|t:|1698274092\n|start\n|switch|p1a: Miraidon|Miraidon|100\/100\n|switch|p2a: Rayquaza|Rayquaza|100\/100\n|-fieldstart|move: Electric Terrain|[from] ability: Hadron Engine|[of] p1a: Miraidon\n|-ability|p2a: Rayquaza|Air Lock\n|turn|1\n|\n|t:|1698274102\n|move|p1a: Miraidon|Volt Switch|p2a: Rayquaza\n|-damage|p2a: Rayquaza|23\/100\n|\n|t:|1698274117\n|switch|p1a: Classic|Iron Valiant, shiny|100\/100|[from] Volt Switch\n|-activate|p1a: Classic|ability: Quark Drive\n|-start|p1a: Classic|quarkdrivespe\n|move|p2a: Rayquaza|Earthquake|p1a: Classic\n|-damage|p1a: Classic|40\/100\n|-damage|p2a: Rayquaza|13\/100|[from] item: Life Orb\n|\n|upkeep\n|turn|2\n|\n|t:|1698274127\n|move|p1a: Classic|Spirit Break|p2a: Rayquaza\n|-supereffective|p2a: Rayquaza\n|-crit|p2a: Rayquaza\n|-damage|p2a: Rayquaza|0 fnt\n|faint|p2a: Rayquaza\n|\n|upkeep\n|\n|t:|1698274136\n|switch|p2a: Arceus|Arceus|100\/100\n|turn|3\n|\n|t:|1698274140\n|-terastallize|p2a: Arceus|Normal\n|move|p2a: Arceus|Extreme Speed|p1a: Classic\n|-crit|p1a: Classic\n|-damage|p1a: Classic|0 fnt\n|faint|p1a: Classic\n|-end|p1a: Classic|Quark Drive|[silent]\n|\n|upkeep\n|\n|t:|1698274146\n|switch|p1a: E|Iron Valiant, shiny|100\/100\n|-activate|p1a: E|ability: Quark Drive\n|-start|p1a: E|quarkdrivespe\n|turn|4\n|\n|t:|1698274153\n|switch|p2a: Kingnite|Corviknight, F, shiny|100\/100\n|-ability|p2a: Kingnite|Pressure\n|-terastallize|p1a: E|Ghost\n|move|p1a: E|Drain Punch|p2a: Kingnite\n|-damage|p2a: Kingnite|75\/100\n|\n|-heal|p2a: Kingnite|82\/100|[from] item: Leftovers\n|upkeep\n|turn|5\n|\n|t:|1698274165\n|move|p1a: E|Shadow Sneak|p2a: Kingnite\n|-damage|p2a: Kingnite|69\/100\n|move|p2a: Kingnite|Body Press|p1a: E\n|-immune|p1a: E\n|\n|-heal|p2a: Kingnite|75\/100|[from] item: Leftovers\n|upkeep\n|turn|6\n|c|\u2606Void4s|WRONH MOVE\n|c|\u2606Void4s|apoihbdiohjadsbd\n|\n|t:|1698274176\n|-end|p1a: E|Quark Drive|[silent]\n|switch|p1a: Miraidon|Miraidon|100\/100\n|-activate|p1a: Miraidon|ability: Hadron Engine\n|move|p2a: Kingnite|Brave Bird|p1a: Miraidon\n|-resisted|p1a: Miraidon\n|-damage|p1a: Miraidon|82\/100\n|-damage|p2a: Kingnite|70\/100|[from] Recoil\n|\n|-heal|p2a: Kingnite|76\/100|[from] item: Leftovers\n|upkeep\n|turn|7\n|\n|t:|1698274189\n|switch|p2a: Garchomp|Garchomp, F|100\/100\n|move|p1a: Miraidon|Dazzling Gleam|p2a: Garchomp\n|-supereffective|p2a: Garchomp\n|-damage|p2a: Garchomp|10\/100\n|\n|upkeep\n|turn|8\n|\n|t:|1698274199\n|move|p1a: Miraidon|Draco Meteor|p2a: Garchomp\n|-supereffective|p2a: Garchomp\n|-damage|p2a: Garchomp|0 fnt\n|-unboost|p1a: Miraidon|spa|2\n|faint|p2a: Garchomp\n|\n|-fieldend|move: Electric Terrain\n|upkeep\n|c|\u2606oMarSangrento \u96e8.\u8840|:o\n|\n|t:|1698274214\n|switch|p2a: Iron Leaves|Iron Leaves|100\/100\n|turn|9\n|\n|t:|1698274221\n|move|p1a: Miraidon|Volt Switch|p2a: Iron Leaves\n|-resisted|p2a: Iron Leaves\n|-damage|p2a: Iron Leaves|91\/100\n|\n|t:|1698274226\n|switch|p1a: E|Iron Valiant, shiny, tera:Ghost|100\/100|[from] Volt Switch\n|move|p2a: Iron Leaves|Psyblade|p1a: E\n|-damage|p1a: E|27\/100\n|-damage|p2a: Iron Leaves|81\/100|[from] item: Life Orb\n|\n|upkeep\n|turn|10\n|\n|t:|1698274234\n|-end|p1a: E|Quark Drive|[silent]\n|switch|p1a: Miraidon|Miraidon|82\/100\n|-fieldstart|move: Electric Terrain|[from] ability: Hadron Engine|[of] p1a: Miraidon\n|-activate|p2a: Iron Leaves|ability: Quark Drive\n|-start|p2a: Iron Leaves|quarkdriveatk\n|move|p2a: Iron Leaves|Psyblade|p1a: Miraidon\n|-damage|p1a: Miraidon|0 fnt\n|faint|p1a: Miraidon\n|-damage|p2a: Iron Leaves|71\/100|[from] item: Life Orb\n|\n|upkeep\n|\n|t:|1698274244\n|switch|p1a: E|Iron Valiant, shiny, tera:Ghost|27\/100\n|-activate|p1a: E|ability: Quark Drive\n|-start|p1a: E|quarkdrivespe\n|turn|11\n|\n|t:|1698274249\n|move|p1a: E|Shadow Sneak|p2a: Iron Leaves\n|-supereffective|p2a: Iron Leaves\n|-damage|p2a: Iron Leaves|22\/100\n|move|p2a: Iron Leaves|Psyblade|p1a: E\n|-damage|p1a: E|0 fnt\n|faint|p1a: E\n|-end|p1a: E|Quark Drive|[silent]\n|-damage|p2a: Iron Leaves|12\/100|[from] item: Life Orb\n|\n|upkeep\n|c|\u2606Void4s|Pt ou br?\n|\n|t:|1698274271\n|switch|p1a: K|Iron Valiant, shiny|100\/100\n|-activate|p1a: K|ability: Quark Drive\n|-start|p1a: K|quarkdrivespe\n|turn|12\n|c|\u2606Void4s|O esp?\n|\n|t:|1698274283\n|move|p1a: K|Shadow Ball|p2a: Iron Leaves\n|-supereffective|p2a: Iron Leaves\n|-damage|p2a: Iron Leaves|0 fnt\n|faint|p2a: Iron Leaves\n|-end|p2a: Iron Leaves|Quark Drive|[silent]\n|\n|upkeep\n|c|\u2606oMarSangrento \u96e8.\u8840|bra\n|c|\u2606oMarSangrento \u96e8.\u8840|kkkkkkkkkkk\n|c|\u2606Void4s|KKKKKK\n|c|\u2606Void4s|karai\n|\n|t:|1698274295\n|switch|p2a: Kyogre|Kyogre|100\/100\n|-weather|RainDance|[from] ability: Drizzle|[of] p2a: Kyogre\n|turn|13\n|c|\u2606oMarSangrento \u96e8.\u8840|eu to amando eesse time\n|c|\u2606Void4s|comecei a jogar hj\n|\n|t:|1698274315\n|move|p1a: K|Shadow Ball|p2a: Kyogre\n|-crit|p2a: Kyogre\n|-damage|p2a: Kyogre|53\/100\n|move|p2a: Kyogre|Ice Beam|p1a: K\n|-damage|p1a: K|18\/100\n|-status|p1a: K|frz\n|-damage|p2a: Kyogre|43\/100|[from] item: Life Orb\n|\n|-weather|RainDance|[upkeep]\n|upkeep\n|turn|14\n|c|\u2606Void4s|s\u00f3 to pegando esses cara cara com maidon\n|c|\u2606Void4s|miraidon\n|\n|t:|1698274333\n|-end|p1a: K|Quark Drive|[silent]\n|switch|p1a: Punch|Iron Valiant, shiny|100\/100\n|-activate|p1a: Punch|ability: Quark Drive\n|-start|p1a: Punch|quarkdrivespe\n|move|p2a: Kyogre|Ice Beam|p1a: Punch\n|-crit|p1a: Punch\n|-damage|p1a: Punch|0 fnt\n|faint|p1a: Punch\n|-end|p1a: Punch|Quark Drive|[silent]\n|-damage|p2a: Kyogre|33\/100|[from] item: Life Orb\n|\n|-weather|RainDance|[upkeep]\n|upkeep\n|c|\u2606Void4s|EITA\n|\n|t:|1698274343\n|switch|p1a: O|Iron Valiant, shiny|100\/100\n|-activate|p1a: O|ability: Quark Drive\n|-start|p1a: O|quarkdrivespe\n|turn|15\n|c|\u2606Void4s|PEGOU\n|\n|t:|1698274357\n|move|p1a: O|Ice Punch|p2a: Kyogre\n|-resisted|p2a: Kyogre\n|-damage|p2a: Kyogre|19\/100\n|move|p2a: Kyogre|Ice Beam|p1a: O\n|-damage|p1a: O|8\/100\n|-damage|p2a: Kyogre|9\/100|[from] item: Life Orb\n|\n|-weather|RainDance|[upkeep]\n|upkeep\n|turn|16\n|c|\u2606oMarSangrento \u96e8.\u8840|ih rapaiz\n|inactive|oMarSangrento \u96e8.\u8840 has 120 seconds left.\n|\n|t:|1698274373\n|-end|p1a: O|Quark Drive|[silent]\n|switch|p1a: K|Iron Valiant, shiny|18\/100 frz\n|-activate|p1a: K|ability: Quark Drive\n|-start|p1a: K|quarkdrivespe\n|move|p2a: Kyogre|Ice Beam|p1a: K\n|-damage|p1a: K|0 fnt\n|faint|p1a: K\n|-end|p1a: K|Quark Drive|[silent]\n|-damage|p2a: Kyogre|0 fnt|[from] item: Life Orb\n|faint|p2a: Kyogre\n|\n|-weather|RainDance|[upkeep]\n|upkeep\n|c|\u2606Void4s|gg\n|c|\u2606Void4s|bem jogado\n|inactive|oMarSangrento \u96e8.\u8840 has 120 seconds left.\n|\n|t:|1698274383\n|switch|p1a: O|Iron Valiant, shiny|8\/100\n|switch|p2a: Arceus|Arceus, tera:Normal|100\/100\n|-activate|p1a: O|ability: Quark Drive\n|-start|p1a: O|quarkdrivespe\n|turn|17\n|\n|t:|1698274390\n|move|p2a: Arceus|Extreme Speed|p1a: O\n|-damage|p1a: O|0 fnt\n|faint|p1a: O\n|-end|p1a: O|Quark Drive|[silent]\n|\n|win|Void4s\n|raw|oMarSangrento \u96e8.\u8840's rating: 1223 &rarr; <strong>1204<\/strong><br \/>(-19 for losing)\n|raw|Void4s's rating: 1311 &rarr; <strong>1326<\/strong><br \/>(+15 for winning)\n|j| NassBug\n|c|\u2606oMarSangrento \u96e8.\u8840|kkkkkk\n|c|\u2606Void4s|ce tem discord?\n|c|\u2606oMarSangrento \u96e8.\u8840|nnn\n|c|\u2606Void4s|blbl\n|c|\u2606Void4s|flws\n|c|\u2606Void4s|boa sorte ai\n|c|\u2606oMarSangrento \u96e8.\u8840|vlw\n|c|\u2606oMarSangrento \u96e8.\u8840|tu tbm\n|c|\u2606Void4s|obgg\n|c|\u2606Void4s|flws\n|c|\u2606Void4s|vlws\n","uploadtime":1698274424,"views":6,"p1id":"omarsangrento","p2id":"void4s","formatid":"gen9anythinggoes","rating":1204,"private":0,"password":""}