{"id":"gen9anythinggoes-1977391348","p1":"The Dough Comander","p2":"Akulla","format":"[Gen 9] Anything Goes","log":"|j|\u2606The Dough Comander\n|j|\u2606Akulla\n|t:|1698412868\n|gametype|singles\n|player|p1|The Dough Comander|ghetsis|1228\n|player|p2|Akulla|lance-gen3|1322\n|teamsize|p1|6\n|teamsize|p2|6\n|gen|9\n|tier|[Gen 9] Anything Goes\n|rated|\n|rule|HP Percentage Mod: HP is shown in percentages\n|rule|Endless Battle Clause: Forcing endless battles is banned\n|clearpoke\n|poke|p1|Ditto|\n|poke|p1|Ditto|\n|poke|p1|Ditto|\n|poke|p1|Ditto|\n|poke|p1|Ditto|\n|poke|p1|Ditto|\n|poke|p2|Cinderace, M|\n|poke|p2|Zamazenta-*|\n|poke|p2|Hawlucha, M|\n|poke|p2|Typhlosion-Hisui, F|\n|poke|p2|Ceruledge, M|\n|poke|p2|Walking Wake|\n|teampreview\n|inactive|Battle timer is ON: inactive players will automatically lose when time's up. (requested by The Dough Comander)\n|\n|t:|1698412874\n|start\n|switch|p1a: Ditto|Ditto|100\/100\n|switch|p2a: Ceruledge|Ceruledge, M|100\/100\n|-transform|p1a: Ditto|p2a: Ceruledge|[from] ability: Imposter\n|turn|1\n|c|\u2606The Dough Comander|nice team\n|c|\u2606Akulla|thank you\n|\n|t:|1698412883\n|move|p2a: Ceruledge|Shadow Sneak|p1a: Ditto\n|-supereffective|p1a: Ditto\n|-damage|p1a: Ditto|42\/100\n|-ability|p1a: Ditto|Weak Armor|boost\n|-unboost|p1a: Ditto|def|1\n|-boost|p1a: Ditto|spe|2\n|move|p1a: Ditto|Shadow Sneak|p2a: Ceruledge\n|-supereffective|p2a: Ceruledge\n|-damage|p2a: Ceruledge|40\/100\n|-ability|p2a: Ceruledge|Weak Armor|boost\n|-unboost|p2a: Ceruledge|def|1\n|-boost|p2a: Ceruledge|spe|2\n|\n|-heal|p1a: Ditto|48\/100|[from] item: Leftovers\n|upkeep\n|turn|2\n|c|\u2606Akulla|i just wanna let you know\n|c|\u2606Akulla|i fucking hate you\n|\n|t:|1698412895\n|move|p1a: Ditto|Shadow Sneak|p2a: Ceruledge\n|-supereffective|p2a: Ceruledge\n|-damage|p2a: Ceruledge|0 fnt\n|faint|p2a: Ceruledge\n|\n|-heal|p1a: Ditto|54\/100|[from] item: Leftovers\n|upkeep\n|c|\u2606The Dough Comander|ok\n|c|\u2606Akulla|but glhf\n|\n|t:|1698412902\n|switch|p2a: Cinderace|Cinderace, M|100\/100\n|turn|3\n|c|\u2606The Dough Comander|same to you\n|\n|t:|1698412910\n|move|p2a: Cinderace|Sucker Punch|p1a: Ditto\n|-start|p2a: Cinderace|typechange|Dark|[from] ability: Libero\n|-supereffective|p1a: Ditto\n|-damage|p1a: Ditto|0 fnt\n|faint|p1a: Ditto\n|\n|upkeep\n|\n|t:|1698412915\n|switch|p1a: Ditto|Ditto|100\/100\n|-transform|p1a: Ditto|p2a: Cinderace|[from] ability: Imposter\n|turn|4\n|\n|t:|1698412925\n|move|p1a: Ditto|Pyro Ball|p2a: Cinderace\n|-start|p1a: Ditto|typechange|Fire|[from] ability: Libero\n|-damage|p2a: Cinderace|20\/100\n|-status|p2a: Cinderace|brn\n|move|p2a: Cinderace|U-turn|p1a: Ditto\n|-resisted|p1a: Ditto\n|-damage|p1a: Ditto|92\/100\n|\n|t:|1698412936\n|switch|p2a: Typhlosion|Typhlosion-Hisui, F|100\/100|[from] U-turn\n|-item|p1a: Ditto|Leftovers|[from] ability: Frisk|[of] p2a: Typhlosion|[identify]\n|\n|-heal|p1a: Ditto|98\/100|[from] item: Leftovers\n|upkeep\n|turn|5\n|\n|t:|1698412944\n|move|p1a: Ditto|Sucker Punch|p2a: Typhlosion\n|-supereffective|p2a: Typhlosion\n|-damage|p2a: Typhlosion|29\/100\n|move|p2a: Typhlosion|Eruption|p1a: Ditto\n|-resisted|p1a: Ditto\n|-damage|p1a: Ditto|82\/100\n|\n|-heal|p1a: Ditto|88\/100|[from] item: Leftovers\n|upkeep\n|turn|6\n|\n|t:|1698412952\n|switch|p2a: Walking Wake|Walking Wake|100\/100\n|-enditem|p2a: Walking Wake|Booster Energy\n|-activate|p2a: Walking Wake|ability: Protosynthesis|[fromitem]\n|-start|p2a: Walking Wake|protosynthesisspe\n|move|p1a: Ditto|Sucker Punch||[still]\n|-fail|p1a: Ditto\n|\n|-heal|p1a: Ditto|94\/100|[from] item: Leftovers\n|upkeep\n|turn|7\n|\n|t:|1698412971\n|move|p2a: Walking Wake|Liquidation|p1a: Ditto\n|-supereffective|p1a: Ditto\n|-damage|p1a: Ditto|0 fnt\n|faint|p1a: Ditto\n|\n|upkeep\n|\n|t:|1698412976\n|switch|p1a: Ditto|Ditto|100\/100\n|-transform|p1a: Ditto|p2a: Walking Wake|[from] ability: Imposter\n|turn|8\n|\n|t:|1698412985\n|move|p2a: Walking Wake|Dragon Claw|p1a: Ditto\n|-supereffective|p1a: Ditto\n|-damage|p1a: Ditto|10\/100\n|move|p1a: Ditto|Dragon Claw|p2a: Walking Wake\n|-supereffective|p2a: Walking Wake\n|-damage|p2a: Walking Wake|33\/100\n|\n|-heal|p1a: Ditto|16\/100|[from] item: Leftovers\n|upkeep\n|turn|9\n|\n|t:|1698412995\n|move|p2a: Walking Wake|Dragon Claw|p1a: Ditto\n|-supereffective|p1a: Ditto\n|-damage|p1a: Ditto|0 fnt\n|faint|p1a: Ditto\n|-end|p1a: Ditto|Protosynthesis|[silent]\n|\n|upkeep\n|\n|t:|1698413000\n|switch|p1a: Ditto|Ditto|100\/100\n|-transform|p1a: Ditto|p2a: Walking Wake|[from] ability: Imposter\n|turn|10\n|\n|t:|1698413007\n|-terastallize|p2a: Walking Wake|Water\n|move|p2a: Walking Wake|Dragon Claw|p1a: Ditto\n|-supereffective|p1a: Ditto\n|-damage|p1a: Ditto|22\/100\n|move|p1a: Ditto|Dragon Claw|p2a: Walking Wake\n|-damage|p2a: Walking Wake|0 fnt\n|faint|p2a: Walking Wake\n|-end|p2a: Walking Wake|Protosynthesis|[silent]\n|\n|-heal|p1a: Ditto|29\/100|[from] item: Leftovers\n|upkeep\n|\n|t:|1698413013\n|switch|p2a: Zamazenta|Zamazenta-Crowned|100\/100\n|-ability|p2a: Zamazenta|Dauntless Shield|boost\n|-boost|p2a: Zamazenta|def|1\n|turn|11\n|\n|t:|1698413023\n|move|p1a: Ditto|Crunch|p2a: Zamazenta\n|-resisted|p2a: Zamazenta\n|-damage|p2a: Zamazenta|97\/100\n|move|p2a: Zamazenta|Iron Defense|p2a: Zamazenta\n|-boost|p2a: Zamazenta|def|2\n|\n|-heal|p1a: Ditto|34\/100|[from] item: Leftovers\n|upkeep\n|turn|12\n|\n|t:|1698413034\n|move|p1a: Ditto|Dragon Claw|p2a: Zamazenta\n|-resisted|p2a: Zamazenta\n|-damage|p2a: Zamazenta|93\/100\n|move|p2a: Zamazenta|Iron Defense|p2a: Zamazenta\n|-boost|p2a: Zamazenta|def|2\n|\n|-heal|p1a: Ditto|40\/100|[from] item: Leftovers\n|upkeep\n|turn|13\n|c|\u2606The Dough Comander|fire dirl bye\n|c|\u2606Akulla|fire drill\n|c|\u2606Akulla|bros getting set on fire\n|inactive|The Dough Comander has 120 seconds left.\n|l|\u2606The Dough Comander\n|inactive|The Dough Comander disconnected and has a minute to reconnect!\n|player|p1|\n|inactive|The Dough Comander has 30 seconds to reconnect!\n|inactive|The Dough Comander has 20 seconds to reconnect!\n|inactive|The Dough Comander has 15 seconds to reconnect!\n|inactive|The Dough Comander has 10 seconds to reconnect!\n|inactive|The Dough Comander has 5 seconds to reconnect!\n|-message|The Dough Comander lost due to inactivity.\n|\n|win|Akulla\n|raw|The Dough Comander's rating: 1228 &rarr; <strong>1210<\/strong><br \/>(-18 for losing)\n|raw|Akulla's rating: 1322 &rarr; <strong>1337<\/strong><br \/>(+15 for winning)\n","uploadtime":1698412890,"views":3,"p1id":"thedoughcomander","p2id":"akulla","formatid":"gen9anythinggoes","rating":1210,"private":0,"password":""}