{"id":"gen9anythinggoes-1987962395","p1":"boobag","p2":"artanjules","format":"[Gen 9] Anything Goes","log":"|j|\u2606boobag\n|j|\u2606artanjules\n|t:|1699653589\n|gametype|singles\n|player|p1|boobag|pokemaniac|\n|player|p2|artanjules|169|\n|teamsize|p1|6\n|teamsize|p2|6\n|gen|9\n|tier|[Gen 9] Anything Goes\n|rule|HP Percentage Mod: HP is shown in percentages\n|rule|Endless Battle Clause: Forcing endless battles is banned\n|clearpoke\n|poke|p1|Gliscor, M|\n|poke|p1|Gengar, M|\n|poke|p1|Krookodile, F|\n|poke|p1|Tornadus-Therian, M|\n|poke|p1|Muk, M|\n|poke|p1|Pawmot, M|\n|poke|p2|Electrode-Hisui|\n|poke|p2|Gholdengo|\n|poke|p2|Conkeldurr, M|\n|poke|p2|Dragalge, F|\n|poke|p2|Gligar, F|\n|poke|p2|Tauros, M|\n|teampreview\n|j| caligulahar\n|\n|t:|1699653617\n|start\n|switch|p1a: Gohn|Gliscor, M|100\/100\n|switch|p2a: Max|Electrode-Hisui|100\/100\n|turn|1\n|\n|t:|1699653624\n|-terastallize|p2a: Max|Ice\n|move|p2a: Max|Tera Blast|p1a: Gohn|[anim] Tera Blast Ice\n|-supereffective|p1a: Gohn\n|-damage|p1a: Gohn|0 fnt\n|faint|p1a: Gohn\n|\n|upkeep\n|\n|t:|1699653640\n|switch|p1a: Tohn|Tornadus-Therian, M|100\/100\n|turn|2\n|\n|t:|1699653646\n|move|p2a: Max|Volt Switch|p1a: Tohn\n|-supereffective|p1a: Tohn\n|-damage|p1a: Tohn|36\/100\n|\n|t:|1699653676\n|switch|p2a: Max|Gligar, F|100\/100|[from] Volt Switch\n|move|p1a: Tohn|Heat Wave|p2a: Max\n|-damage|p2a: Max|74\/100\n|\n|upkeep\n|turn|3\n|c|\u2606boobag|hey chat\n|c| caligulahar|hi\n|\n|t:|1699653684\n|move|p1a: Tohn|U-turn|p2a: Max\n|-resisted|p2a: Max\n|-damage|p2a: Max|70\/100\n|\n|t:|1699653688\n|switch|p1a: John|Muk, M|100\/100|[from] U-turn\n|move|p2a: Max|Stealth Rock|p1a: John\n|-sidestart|p1: boobag|move: Stealth Rock\n|\n|upkeep\n|turn|4\n|\n|t:|1699653705\n|switch|p2a: Max|Gholdengo|100\/100\n|move|p1a: John|Mean Look|p2a: Max\n|-immune|p2a: Max|[from] ability: Good as Gold\n|\n|upkeep\n|turn|5\n|\n|t:|1699653715\n|move|p2a: Max|Shadow Ball|p1a: John\n|-damage|p1a: John|68\/100\n|move|p1a: John|Knock Off|p2a: Max\n|-supereffective|p2a: Max\n|-damage|p2a: Max|51\/100\n|-enditem|p2a: Max|Choice Scarf|[from] move: Knock Off|[of] p1a: John\n|\n|-heal|p1a: John|74\/100|[from] item: Black Sludge\n|upkeep\n|turn|6\n|\n|t:|1699653725\n|move|p2a: Max|Recover|p2a: Max\n|-heal|p2a: Max|100\/100\n|move|p1a: John|Disable|p2a: Max\n|-immune|p2a: Max|[from] ability: Good as Gold\n|\n|-heal|p1a: John|80\/100|[from] item: Black Sludge\n|upkeep\n|turn|7\n|\n|t:|1699653747\n|move|p2a: Max|Shadow Ball|p1a: John\n|-damage|p1a: John|45\/100\n|move|p1a: John|Screech|p2a: Max\n|-immune|p2a: Max|[from] ability: Good as Gold\n|\n|-heal|p1a: John|51\/100|[from] item: Black Sludge\n|upkeep\n|turn|8\n|c|\u2606boobag|WHAT\n|\n|t:|1699653755\n|move|p2a: Max|Shadow Ball|p1a: John\n|-damage|p1a: John|17\/100\n|move|p1a: John|Knock Off|p2a: Max\n|-supereffective|p2a: Max\n|-damage|p2a: Max|63\/100\n|\n|-heal|p1a: John|23\/100|[from] item: Black Sludge\n|upkeep\n|turn|9\n|inactive|Battle timer is ON: inactive players will automatically lose when time's up. (requested by artanjules)\n|\n|t:|1699653763\n|move|p2a: Max|Shadow Ball|p1a: John\n|-damage|p1a: John|0 fnt\n|faint|p1a: John\n|\n|upkeep\n|\n|t:|1699653771\n|switch|p1a: Genjohn|Gengar, M|100\/100\n|-damage|p1a: Genjohn|88\/100|[from] Stealth Rock\n|turn|10\n|\n|t:|1699653785\n|switch|p2a: Max|Tauros, M|100\/100\n|-ability|p2a: Max|Intimidate|boost\n|-unboost|p1a: Genjohn|atk|1\n|move|p1a: Genjohn|Shadow Ball|p2a: Max\n|-immune|p2a: Max\n|\n|upkeep\n|turn|11\n|\n|t:|1699653806\n|switch|p1a: Pohn|Pawmot, M|100\/100\n|move|p2a: Max|Earthquake|p1a: Pohn\n|-supereffective|p1a: Pohn\n|-damage|p1a: Pohn|30\/100\n|\n|upkeep\n|turn|12\n|\n|t:|1699653816\n|move|p2a: Max|Earthquake|p1a: Pohn\n|-supereffective|p1a: Pohn\n|-damage|p1a: Pohn|0 fnt\n|faint|p1a: Pohn\n|\n|upkeep\n|\n|t:|1699653830\n|switch|p1a: Tohn|Tornadus-Therian, M|69\/100\n|turn|13\n|\n|t:|1699653840\n|move|p1a: Tohn|Bleakwind Storm|p2a: Max\n|-crit|p2a: Max\n|-damage|p2a: Max|43\/100\n|move|p2a: Max|Raging Bull|p1a: Tohn\n|-damage|p1a: Tohn|28\/100\n|\n|upkeep\n|turn|14\n|\n|t:|1699653861\n|move|p1a: Tohn|Dark Pulse|p2a: Max\n|-damage|p2a: Max|22\/100\n|cant|p2a: Max|flinch\n|\n|upkeep\n|turn|15\n|\n|t:|1699653880\n|move|p1a: Tohn|Heat Wave|p2a: Max\n|-damage|p2a: Max|0 fnt\n|faint|p2a: Max\n|\n|upkeep\n|\n|t:|1699653886\n|switch|p2a: Max|Electrode-Hisui, tera:Ice|100\/100\n|turn|16\n|\n|t:|1699653889\n|move|p2a: Max|Thunderbolt|p1a: Tohn\n|-supereffective|p1a: Tohn\n|-damage|p1a: Tohn|0 fnt\n|faint|p1a: Tohn\n|\n|upkeep\n|\n|t:|1699653895\n|switch|p1a: Grind|Krookodile, F, shiny|100\/100\n|-damage|p1a: Grind|94\/100|[from] Stealth Rock\n|turn|17\n|\n|t:|1699653903\n|move|p2a: Max|Chloroblast|p1a: Grind\n|-supereffective|p1a: Grind\n|-damage|p1a: Grind|0 fnt\n|faint|p1a: Grind\n|-damage|p2a: Max|50\/100|[from] Recoil\n|\n|upkeep\n|\n|t:|1699653908\n|switch|p1a: Genjohn|Gengar, M|88\/100\n|-damage|p1a: Genjohn|76\/100|[from] Stealth Rock\n|turn|18\n|\n|t:|1699653915\n|move|p2a: Max|Thunderbolt|p1a: Genjohn\n|-damage|p1a: Genjohn|11\/100\n|-start|p2a: Max|Disable|Thunderbolt|[from] ability: Cursed Body|[of] p1a: Genjohn\n|move|p1a: Genjohn|Sludge Bomb|p2a: Max\n|-damage|p2a: Max|0 fnt\n|faint|p2a: Max\n|\n|upkeep\n|\n|t:|1699653939\n|switch|p2a: Max|Conkeldurr, M|100\/100\n|turn|19\n|\n|t:|1699653943\n|move|p1a: Genjohn|Sludge Bomb|p2a: Max\n|-damage|p2a: Max|3\/100\n|move|p2a: Max|Knock Off|p1a: Genjohn\n|-supereffective|p1a: Genjohn\n|-damage|p1a: Genjohn|0 fnt\n|-enditem|p1a: Genjohn|Choice Specs|[from] move: Knock Off|[of] p2a: Max\n|faint|p1a: Genjohn\n|\n|win|artanjules\n","uploadtime":1699653952,"views":14,"p1id":"boobag","p2id":"artanjules","formatid":"gen9anythinggoes","rating":0,"private":0,"password":""}