{"id":"gen9anythinggoes-1992023806","p1":"maxgamingshell","p2":"A2SH","format":"[Gen 9] Anything Goes","log":"|j|\u2606maxgamingshell\n|j|\u2606A2SH\n|t:|1700148630\n|gametype|singles\n|player|p1|maxgamingshell|benga|1268\n|player|p2|A2SH|266|1282\n|teamsize|p1|6\n|teamsize|p2|6\n|gen|9\n|tier|[Gen 9] Anything Goes\n|rated|\n|rule|HP Percentage Mod: HP is shown in percentages\n|rule|Endless Battle Clause: Forcing endless battles is banned\n|clearpoke\n|poke|p1|Espathra, F|\n|poke|p1|Quaquaval, M|\n|poke|p1|Grimmsnarl, M|\n|poke|p1|Ceruledge, M|\n|poke|p1|Ursaluna, M|\n|poke|p1|Corviknight, M|\n|poke|p2|Kyogre|\n|poke|p2|Calyrex-Shadow|\n|poke|p2|Eternatus|\n|poke|p2|Maushold|\n|poke|p2|Talonflame, F|\n|poke|p2|Enamorus, F|\n|teampreview\n|inactive|Battle timer is ON: inactive players will automatically lose when time's up. (requested by maxgamingshell)\n|\n|t:|1700148638\n|start\n|switch|p1a: Grimmsnarl|Grimmsnarl, M|100\/100\n|switch|p2a: Enamorus|Enamorus, F, shiny|100\/100\n|turn|1\n|\n|t:|1700148642\n|move|p1a: Grimmsnarl|Trick|p2a: Enamorus\n|-activate|p1a: Grimmsnarl|move: Trick|[of] p2a: Enamorus\n|-item|p2a: Enamorus|Choice Scarf|[from] move: Trick\n|-item|p1a: Grimmsnarl|Assault Vest|[from] move: Trick\n|move|p2a: Enamorus|Superpower|p1a: Grimmsnarl\n|-damage|p1a: Grimmsnarl|35\/100\n|-boost|p2a: Enamorus|atk|1\n|-boost|p2a: Enamorus|def|1\n|\n|upkeep\n|turn|2\n|\n|t:|1700148651\n|move|p2a: Enamorus|Superpower|p1a: Grimmsnarl\n|-damage|p1a: Grimmsnarl|0 fnt\n|-boost|p2a: Enamorus|atk|1\n|-boost|p2a: Enamorus|def|1\n|faint|p1a: Grimmsnarl\n|\n|upkeep\n|\n|t:|1700148655\n|switch|p1a: Espathra|Espathra, F|100\/100\n|turn|3\n|\n|t:|1700148659\n|move|p1a: Espathra|Protect|p1a: Espathra\n|-singleturn|p1a: Espathra|Protect\n|move|p2a: Enamorus|Superpower|p1a: Espathra\n|-activate|p1a: Espathra|move: Protect\n|\n|-ability|p1a: Espathra|Speed Boost|boost\n|-boost|p1a: Espathra|spe|1\n|upkeep\n|turn|4\n|\n|t:|1700148666\n|move|p1a: Espathra|Substitute|p1a: Espathra\n|-start|p1a: Espathra|Substitute\n|-damage|p1a: Espathra|75\/100\n|move|p2a: Enamorus|Superpower|p1a: Espathra\n|-resisted|p1a: Espathra\n|-end|p1a: Espathra|Substitute\n|-boost|p2a: Enamorus|atk|1\n|-boost|p2a: Enamorus|def|1\n|\n|-ability|p1a: Espathra|Speed Boost|boost\n|-boost|p1a: Espathra|spe|1\n|upkeep\n|turn|5\n|\n|t:|1700148675\n|move|p1a: Espathra|Protect|p1a: Espathra\n|-singleturn|p1a: Espathra|Protect\n|move|p2a: Enamorus|Superpower|p1a: Espathra\n|-activate|p1a: Espathra|move: Protect\n|\n|-ability|p1a: Espathra|Speed Boost|boost\n|-boost|p1a: Espathra|spe|1\n|upkeep\n|turn|6\n|\n|t:|1700148683\n|move|p1a: Espathra|Substitute|p1a: Espathra\n|-start|p1a: Espathra|Substitute\n|-damage|p1a: Espathra|50\/100\n|move|p2a: Enamorus|Superpower|p1a: Espathra\n|-resisted|p1a: Espathra\n|-end|p1a: Espathra|Substitute\n|-boost|p2a: Enamorus|atk|1\n|-boost|p2a: Enamorus|def|1\n|\n|-ability|p1a: Espathra|Speed Boost|boost\n|-boost|p1a: Espathra|spe|1\n|upkeep\n|turn|7\n|\n|t:|1700148692\n|move|p1a: Espathra|Protect|p1a: Espathra\n|-singleturn|p1a: Espathra|Protect\n|move|p2a: Enamorus|Superpower|p1a: Espathra\n|-activate|p1a: Espathra|move: Protect\n|\n|-ability|p1a: Espathra|Speed Boost|boost\n|-boost|p1a: Espathra|spe|1\n|upkeep\n|turn|8\n|\n|t:|1700148699\n|move|p1a: Espathra|Substitute|p1a: Espathra\n|-start|p1a: Espathra|Substitute\n|-damage|p1a: Espathra|25\/100\n|-enditem|p1a: Espathra|Liechi Berry|[eat]\n|-boost|p1a: Espathra|atk|1|[from] item: Liechi Berry\n|move|p2a: Enamorus|Superpower|p1a: Espathra\n|-resisted|p1a: Espathra\n|-end|p1a: Espathra|Substitute\n|-boost|p2a: Enamorus|atk|1\n|-boost|p2a: Enamorus|def|1\n|\n|-ability|p1a: Espathra|Speed Boost|boost\n|-boost|p1a: Espathra|spe|1\n|upkeep\n|turn|9\n|\n|t:|1700148712\n|move|p1a: Espathra|Baton Pass|p1a: Espathra\n|\n|t:|1700148717\n|switch|p1a: Ceruledge|Ceruledge, M|100\/100|[from] Baton Pass\n|-activate|p2a: Enamorus|move: Struggle\n|move|p2a: Enamorus|Struggle|p1a: Ceruledge\n|-crit|p1a: Ceruledge\n|-damage|p1a: Ceruledge|0 fnt\n|faint|p1a: Ceruledge\n|-damage|p2a: Enamorus|75\/100|[from] recoil\n|\n|upkeep\n|c|\u2606maxgamingshell|huh????\n|c|\u2606A2SH|huh\n|inactive|maxgamingshell has 120 seconds left.\n|c|\u2606A2SH|idk what jsut happened\n|c|\u2606A2SH|lmao\n|c|\u2606maxgamingshell|i dont know either\n|c|\u2606maxgamingshell|struggle is normal type right?\n|\n|t:|1700148776\n|switch|p1a: Espathra|Espathra, F|25\/100\n|turn|10\n|-message|maxgamingshell forfeited.\n|\n|win|A2SH\n|raw|maxgamingshell's rating: 1268 &rarr; <strong>1244<\/strong><br \/>(-24 for losing)\n|raw|A2SH's rating: 1282 &rarr; <strong>1306<\/strong><br \/>(+24 for winning)\n|l|\u2606maxgamingshell\n","uploadtime":1700148785,"views":15,"p1id":"maxgamingshell","p2id":"a2sh","formatid":"gen9anythinggoes","rating":1244,"private":0,"password":""}