{"id":"gen9anythinggoes-2000421814","p1":"TheLegendofGroose","p2":"ieatchalk","format":"[Gen 9] Anything Goes","log":"|j|\u2606TheLegendofGroose\n|j|\u2606ieatchalk\n|t:|1701193438\n|gametype|singles\n|player|p1|TheLegendofGroose|265|\n|player|p2|ieatchalk|wallace|\n|teamsize|p1|6\n|teamsize|p2|6\n|gen|9\n|tier|[Gen 9] Anything Goes\n|rule|HP Percentage Mod: HP is shown in percentages\n|rule|Endless Battle Clause: Forcing endless battles is banned\n|clearpoke\n|poke|p1|Volcarona, F|\n|poke|p1|Walking Wake|\n|poke|p1|Brute Bonnet|\n|poke|p1|Ninetales, M|\n|poke|p1|Glimmora, F|\n|poke|p1|Ogerpon-Wellspring, F|\n|poke|p2|Okidogi, M|\n|poke|p2|Lilligant-Hisui, F|\n|poke|p2|Baxcalibur, F|\n|poke|p2|Ogerpon-Hearthflame, F|\n|poke|p2|Hatterene, F|\n|poke|p2|Ditto|\n|teampreview\n|l|\u2606TheLegendofGroose\n|player|p1|\n|j|\u2606TheLegendofGroose\n|player|p1|TheLegendofGroose|265\n|\n|t:|1701193454\n|start\n|switch|p1a: Ninetales|Ninetales, M|100\/100\n|switch|p2a: Hatterene|Hatterene, F|100\/100\n|-weather|SunnyDay|[from] ability: Drought|[of] p1a: Ninetales\n|turn|1\n|l|\u2606ieatchalk\n|player|p2|\n|inactive|Battle timer is ON: inactive players will automatically lose when time's up. (requested by TheLegendofGroose)\n|l|\u2606TheLegendofGroose\n|inactive|TheLegendofGroose disconnected and has 300 seconds to reconnect!\n|player|p1|\n|j|\u2606TheLegendofGroose\n|inactive|TheLegendofGroose reconnected.\n|player|p1|TheLegendofGroose|265\n|inactiveoff|Battle timer is now OFF.\n|j|\u2606ieatchalk\n|player|p2|ieatchalk|wallace\n|l|\u2606TheLegendofGroose\n|player|p1|\n|j|\u2606TheLegendofGroose\n|player|p1|TheLegendofGroose|265\n|\n|t:|1701193553\n|move|p1a: Ninetales|Fire Blast|p2a: Hatterene\n|-damage|p2a: Hatterene|34\/100\n|move|p2a: Hatterene|Dazzling Gleam|p1a: Ninetales\n|-resisted|p1a: Ninetales\n|-damage|p1a: Ninetales|56\/100\n|\n|-weather|SunnyDay|[upkeep]\n|upkeep\n|turn|2\n|\n|t:|1701193565\n|switch|p2a: Baxcalibur|Baxcalibur, F|100\/100\n|move|p1a: Ninetales|Fire Blast|p2a: Baxcalibur\n|-damage|p2a: Baxcalibur|40\/100\n|-ability|p2a: Baxcalibur|Thermal Exchange|boost\n|-boost|p2a: Baxcalibur|atk|1\n|\n|-weather|SunnyDay|[upkeep]\n|upkeep\n|turn|3\n|\n|t:|1701193577\n|move|p1a: Ninetales|Fire Blast|p2a: Baxcalibur\n|-damage|p2a: Baxcalibur|0 fnt\n|faint|p2a: Baxcalibur\n|\n|-weather|SunnyDay|[upkeep]\n|upkeep\n|\n|t:|1701193578\n|switch|p2a: DogInHim|Okidogi, M|100\/100\n|turn|4\n|\n|t:|1701193583\n|switch|p1a: Glimmora|Glimmora, F|100\/100\n|move|p2a: DogInHim|Drain Punch|p1a: Glimmora\n|-damage|p1a: Glimmora|50\/100\n|-activate|p1a: Glimmora|ability: Toxic Debris\n|-sidestart|p2: ieatchalk|move: Toxic Spikes\n|\n|-weather|SunnyDay|[upkeep]\n|upkeep\n|turn|5\n|\n|t:|1701193588\n|move|p1a: Glimmora|Earth Power|p2a: DogInHim\n|-supereffective|p2a: DogInHim\n|-damage|p2a: DogInHim|40\/100\n|move|p2a: DogInHim|Drain Punch|p1a: Glimmora\n|-damage|p1a: Glimmora|2\/100\n|-heal|p2a: DogInHim|59\/100|[from] drain|[of] p1a: Glimmora\n|-activate|p1a: Glimmora|ability: Toxic Debris\n|-sidestart|p2: ieatchalk|move: Toxic Spikes\n|\n|-weather|SunnyDay|[upkeep]\n|-heal|p2a: DogInHim|65\/100|[from] item: Leftovers\n|upkeep\n|turn|6\n|\n|t:|1701193601\n|move|p1a: Glimmora|Stealth Rock|p2a: DogInHim\n|-sidestart|p2: ieatchalk|move: Stealth Rock\n|move|p2a: DogInHim|Drain Punch|p1a: Glimmora\n|-damage|p1a: Glimmora|0 fnt\n|-heal|p2a: DogInHim|66\/100|[from] drain|[of] p1a: Glimmora\n|faint|p1a: Glimmora\n|\n|-weather|SunnyDay|[upkeep]\n|-heal|p2a: DogInHim|72\/100|[from] item: Leftovers\n|upkeep\n|\n|t:|1701193641\n|switch|p1a: Volcarona|Volcarona, F|100\/100\n|turn|7\n|\n|t:|1701193650\n|move|p1a: Volcarona|Fiery Dance|p2a: DogInHim\n|-damage|p2a: DogInHim|0 fnt\n|faint|p2a: DogInHim\n|-damage|p1a: Volcarona|91\/100|[from] item: Life Orb\n|\n|-weather|SunnyDay|[upkeep]\n|upkeep\n|\n|t:|1701193657\n|switch|p2a: Ogerpon|Ogerpon-Hearthflame, F|100\/100\n|-status|p2a: Ogerpon|tox\n|-damage|p2a: Ogerpon|76\/100 tox|[from] Stealth Rock\n|-ability|p2a: Ogerpon|Mold Breaker\n|turn|8\n|\n|t:|1701193672\n|move|p2a: Ogerpon|Ivy Cudgel|p1a: Volcarona|[anim] Ivy Cudgel Fire\n|-damage|p1a: Volcarona|0 fnt\n|faint|p1a: Volcarona\n|\n|-weather|none\n|-damage|p2a: Ogerpon|70\/100 tox|[from] psn\n|upkeep\n|\n|t:|1701193711\n|switch|p1a: Brute Bonnet|Brute Bonnet|100\/100\n|turn|9\n|\n|t:|1701193715\n|-terastallize|p1a: Brute Bonnet|Poison\n|move|p2a: Ogerpon|Swords Dance|p2a: Ogerpon\n|-boost|p2a: Ogerpon|atk|2\n|move|p1a: Brute Bonnet|Tera Blast|p2a: Ogerpon|[anim] Tera Blast Poison\n|-supereffective|p2a: Ogerpon\n|-damage|p2a: Ogerpon|0 fnt\n|faint|p2a: Ogerpon\n|\n|upkeep\n|\n|t:|1701193721\n|switch|p2a: Lilligant|Lilligant-Hisui, F|100\/100\n|-status|p2a: Lilligant|tox\n|-damage|p2a: Lilligant|94\/100 tox|[from] Stealth Rock\n|turn|10\n|\n|t:|1701193730\n|move|p2a: Lilligant|Close Combat|p1a: Brute Bonnet\n|-resisted|p1a: Brute Bonnet\n|-damage|p1a: Brute Bonnet|59\/100\n|-unboost|p2a: Lilligant|def|1\n|-unboost|p2a: Lilligant|spd|1\n|-damage|p2a: Lilligant|84\/100 tox|[from] item: Life Orb\n|move|p1a: Brute Bonnet|Tera Blast|p2a: Lilligant|[anim] Tera Blast Poison\n|-supereffective|p2a: Lilligant\n|-damage|p2a: Lilligant|0 fnt\n|faint|p2a: Lilligant\n|\n|-heal|p1a: Brute Bonnet|66\/100|[from] item: Leftovers\n|upkeep\n|-message|ieatchalk forfeited.\n|\n|win|TheLegendofGroose\n|l|\u2606ieatchalk\n","uploadtime":1701193758,"views":0,"p1id":"thelegendofgroose","p2id":"ieatchalk","formatid":"gen9anythinggoes","rating":0,"private":0,"password":""}