{"id":"gen9anythinggoes-1977023111","p1":"Beezba","p2":"MexicanTortoise","format":"[Gen 9] Anything Goes","log":"|j|\u2606Beezba\n|j|\u2606MexicanTortoise\n|t:|1698362880\n|gametype|singles\n|player|p1|Beezba|roxie|\n|player|p2|MexicanTortoise|102|\n|teamsize|p1|6\n|teamsize|p2|6\n|gen|9\n|tier|[Gen 9] Anything Goes\n|rule|HP Percentage Mod: HP is shown in percentages\n|rule|Endless Battle Clause: Forcing endless battles is banned\n|clearpoke\n|poke|p1|Grimmsnarl, M|\n|poke|p1|Amoonguss, M|\n|poke|p1|Gastrodon, F|\n|poke|p1|Volcarona, F|\n|poke|p1|Haxorus, F|\n|poke|p1|Furret, M|\n|poke|p2|Annihilape, F|\n|poke|p2|Garchomp, M|\n|poke|p2|Iron Hands|\n|poke|p2|Volcanion|\n|poke|p2|Mew|\n|poke|p2|Sylveon, F|\n|teampreview\n|\n|t:|1698362983\n|start\n|switch|p1a: Grimmsnarl|Grimmsnarl, M|100\/100\n|switch|p2a: Garchomp|Garchomp, M|100\/100\n|turn|1\n|\n|t:|1698363037\n|move|p1a: Grimmsnarl|Bulk Up|p1a: Grimmsnarl\n|-boost|p1a: Grimmsnarl|atk|1\n|-boost|p1a: Grimmsnarl|def|1\n|move|p2a: Garchomp|Earthquake|p1a: Grimmsnarl\n|-damage|p1a: Grimmsnarl|44\/100\n|-damage|p2a: Garchomp|91\/100|[from] item: Life Orb\n|\n|upkeep\n|turn|2\n|\n|t:|1698363047\n|move|p2a: Garchomp|Earthquake|p1a: Grimmsnarl\n|-damage|p1a: Grimmsnarl|0 fnt\n|faint|p1a: Grimmsnarl\n|-damage|p2a: Garchomp|81\/100|[from] item: Life Orb\n|\n|upkeep\n|\n|t:|1698363116\n|switch|p1a: Gastrodon|Gastrodon, F|100\/100\n|turn|3\n|\n|t:|1698363154\n|move|p2a: Garchomp|Earthquake|p1a: Gastrodon\n|-damage|p1a: Gastrodon|34\/100\n|-damage|p2a: Garchomp|71\/100|[from] item: Life Orb\n|move|p1a: Gastrodon|Amnesia|p1a: Gastrodon\n|-boost|p1a: Gastrodon|spd|2\n|\n|-heal|p1a: Gastrodon|40\/100|[from] item: Leftovers\n|upkeep\n|turn|4\n|\n|t:|1698363165\n|move|p2a: Garchomp|Earthquake|p1a: Gastrodon\n|-damage|p1a: Gastrodon|0 fnt\n|faint|p1a: Gastrodon\n|-damage|p2a: Garchomp|61\/100|[from] item: Life Orb\n|\n|upkeep\n|\n|t:|1698363175\n|switch|p1a: Amoonguss|Amoonguss, M|100\/100\n|turn|5\n|j| frog daddy 224\n|\n|t:|1698363195\n|switch|p2a: Volcanion|Volcanion|100\/100\n|move|p1a: Amoonguss|Spore|p2a: Volcanion\n|-status|p2a: Volcanion|slp|[from] move: Spore\n|\n|upkeep\n|turn|6\n|\n|t:|1698363208\n|cant|p2a: Volcanion|slp\n|move|p1a: Amoonguss|Foul Play|p2a: Volcanion\n|-damage|p2a: Volcanion|79\/100 slp\n|\n|upkeep\n|turn|7\n|\n|t:|1698363231\n|switch|p2a: Mew|Mew, shiny|100\/100\n|move|p1a: Amoonguss|Giga Drain|p2a: Mew\n|-damage|p2a: Mew|77\/100\n|\n|upkeep\n|turn|8\n|\n|t:|1698363240\n|switch|p1a: Furret|Furret, M|100\/100\n|-item|p2a: Mew|Expert Belt|[from] ability: Frisk|[of] p1a: Furret|[identify]\n|move|p2a: Mew|Zen Headbutt|p1a: Furret\n|-damage|p1a: Furret|57\/100\n|\n|upkeep\n|turn|9\n|\n|t:|1698363246\n|move|p1a: Furret|Trick|p2a: Mew\n|-activate|p1a: Furret|move: Trick|[of] p2a: Mew\n|-item|p2a: Mew|Choice Scarf|[from] move: Trick\n|-item|p1a: Furret|Expert Belt|[from] move: Trick\n|move|p2a: Mew|Zen Headbutt|p1a: Furret\n|-damage|p1a: Furret|16\/100\n|\n|upkeep\n|turn|10\n|\n|t:|1698363254\n|move|p2a: Mew|Zen Headbutt|p1a: Furret\n|-damage|p1a: Furret|0 fnt\n|faint|p1a: Furret\n|\n|upkeep\n|\n|t:|1698363284\n|switch|p1a: Amoonguss|Amoonguss, M|100\/100\n|turn|11\n|\n|t:|1698363291\n|move|p2a: Mew|Zen Headbutt|p1a: Amoonguss\n|-supereffective|p1a: Amoonguss\n|-damage|p1a: Amoonguss|27\/100\n|move|p1a: Amoonguss|Foul Play|p2a: Mew\n|-supereffective|p2a: Mew\n|-damage|p2a: Mew|35\/100\n|\n|-heal|p1a: Amoonguss|33\/100|[from] item: Black Sludge\n|upkeep\n|turn|12\n|\n|t:|1698363298\n|move|p2a: Mew|Zen Headbutt|p1a: Amoonguss\n|-supereffective|p1a: Amoonguss\n|-damage|p1a: Amoonguss|0 fnt\n|faint|p1a: Amoonguss\n|\n|upkeep\n|\n|t:|1698363304\n|switch|p1a: Volcarona|Volcarona, F|100\/100\n|turn|13\n|\n|t:|1698363325\n|switch|p2a: Volcanion|Volcanion|79\/100 slp\n|move|p1a: Volcarona|Quiver Dance|p1a: Volcarona\n|-boost|p1a: Volcarona|spa|1\n|-boost|p1a: Volcarona|spd|1\n|-boost|p1a: Volcarona|spe|1\n|\n|upkeep\n|turn|14\n|\n|t:|1698363341\n|move|p1a: Volcarona|Giga Drain|p2a: Volcanion\n|-damage|p2a: Volcanion|36\/100 slp\n|-curestatus|p2a: Volcanion|slp|[msg]\n|move|p2a: Volcanion|Steam Eruption|p1a: Volcarona\n|-supereffective|p1a: Volcarona\n|-damage|p1a: Volcarona|32\/100\n|\n|upkeep\n|turn|15\n|\n|t:|1698363354\n|move|p1a: Volcarona|Giga Drain|p2a: Volcanion\n|-crit|p2a: Volcanion\n|-damage|p2a: Volcanion|0 fnt\n|-heal|p1a: Volcarona|49\/100|[from] drain|[of] p2a: Volcanion\n|faint|p2a: Volcanion\n|\n|upkeep\n|\n|t:|1698363365\n|switch|p2a: Garchomp|Garchomp, M|61\/100\n|turn|16\n|\n|t:|1698363375\n|move|p1a: Volcarona|Giga Drain|p2a: Garchomp\n|-damage|p2a: Garchomp|26\/100\n|-heal|p1a: Volcarona|70\/100|[from] drain|[of] p2a: Garchomp\n|move|p2a: Garchomp|Stone Edge|p1a: Volcarona\n|-supereffective|p1a: Volcarona\n|-damage|p1a: Volcarona|0 fnt\n|faint|p1a: Volcarona\n|-damage|p2a: Garchomp|16\/100|[from] item: Life Orb\n|\n|upkeep\n|\n|t:|1698363384\n|switch|p1a: Haxorus|Haxorus, F|100\/100\n|-ability|p1a: Haxorus|Unnerve\n|turn|17\n|\n|t:|1698363413\n|move|p2a: Garchomp|Dragon Claw|p1a: Haxorus\n|-supereffective|p1a: Haxorus\n|-damage|p1a: Haxorus|0 fnt\n|faint|p1a: Haxorus\n|-damage|p2a: Garchomp|6\/100|[from] item: Life Orb\n|\n|win|MexicanTortoise\n","uploadtime":1698363431,"views":28,"p1id":"beezba","p2id":"mexicantortoise","formatid":"gen9anythinggoes","rating":0,"private":0,"password":""}