{"id":"gen9anythinggoes-1994438157","p1":"Rabali","p2":"LingLing007","format":"[Gen 9] Anything Goes","log":"|j|\u2606Rabali\n|j|\u2606LingLing007\n|t:|1700443942\n|gametype|singles\n|player|p1|Rabali|2|1394\n|player|p2|LingLing007|morty-masters|1355\n|teamsize|p1|6\n|teamsize|p2|6\n|gen|9\n|tier|[Gen 9] Anything Goes\n|rated|\n|rule|HP Percentage Mod: HP is shown in percentages\n|rule|Endless Battle Clause: Forcing endless battles is banned\n|clearpoke\n|poke|p1|Darkrai|\n|poke|p1|Rayquaza|\n|poke|p1|Gengar, F|\n|poke|p1|Conkeldurr, F|\n|poke|p1|Gastrodon, M|\n|poke|p1|Volcarona, M|\n|poke|p2|Roaring Moon|\n|poke|p2|Toxapex, F|\n|poke|p2|Polteageist-Antique|\n|poke|p2|Great Tusk|\n|poke|p2|Ninetales-Alola, F|\n|poke|p2|Gengar, F|\n|teampreview\n|\n|t:|1700443960\n|start\n|switch|p1a: Darkrai|Darkrai, shiny|100\/100\n|switch|p2a: Ninetales|Ninetales-Alola, F, shiny|100\/100\n|-weather|Snow|[from] ability: Snow Warning|[of] p2a: Ninetales\n|turn|1\n|inactive|Battle timer is ON: inactive players will automatically lose when time's up. (requested by LingLing007)\n|\n|t:|1700443966\n|move|p1a: Darkrai|Hypnosis|p2a: Ninetales\n|-status|p2a: Ninetales|slp|[from] move: Hypnosis\n|cant|p2a: Ninetales|slp\n|\n|-weather|Snow|[upkeep]\n|-damage|p2a: Ninetales|88\/100 slp|[from] ability: Bad Dreams|[of] p1a: Darkrai\n|upkeep\n|turn|2\n|\n|t:|1700443975\n|move|p1a: Darkrai|Nasty Plot|p1a: Darkrai\n|-boost|p1a: Darkrai|spa|2\n|cant|p2a: Ninetales|slp\n|\n|-weather|Snow|[upkeep]\n|-damage|p2a: Ninetales|76\/100 slp|[from] ability: Bad Dreams|[of] p1a: Darkrai\n|upkeep\n|turn|3\n|\n|t:|1700443978\n|move|p1a: Darkrai|Nasty Plot|p1a: Darkrai\n|-boost|p1a: Darkrai|spa|2\n|-curestatus|p2a: Ninetales|slp|[msg]\n|move|p2a: Ninetales|Aurora Veil|p2a: Ninetales\n|-sidestart|p2: LingLing007|move: Aurora Veil\n|\n|-weather|Snow|[upkeep]\n|upkeep\n|turn|4\n|\n|t:|1700443985\n|-terastallize|p2a: Ninetales|Psychic\n|move|p1a: Darkrai|Hypnosis|p2a: Ninetales\n|-status|p2a: Ninetales|slp|[from] move: Hypnosis\n|cant|p2a: Ninetales|slp\n|\n|-weather|Snow|[upkeep]\n|-damage|p2a: Ninetales|64\/100 slp|[from] ability: Bad Dreams|[of] p1a: Darkrai\n|upkeep\n|turn|5\n|\n|t:|1700443989\n|move|p1a: Darkrai|Sludge Bomb|p2a: Ninetales\n|-damage|p2a: Ninetales|16\/100 slp\n|cant|p2a: Ninetales|slp\n|\n|-weather|none\n|-damage|p2a: Ninetales|4\/100 slp|[from] ability: Bad Dreams|[of] p1a: Darkrai\n|upkeep\n|turn|6\n|\n|t:|1700443992\n|move|p1a: Darkrai|Dark Pulse|p2a: Ninetales\n|-supereffective|p2a: Ninetales\n|-damage|p2a: Ninetales|0 fnt\n|faint|p2a: Ninetales\n|\n|upkeep\n|\n|t:|1700444001\n|switch|p2a: Roaring Moon|Roaring Moon|100\/100\n|-enditem|p2a: Roaring Moon|Booster Energy\n|-activate|p2a: Roaring Moon|ability: Protosynthesis|[fromitem]\n|-start|p2a: Roaring Moon|protosynthesisspe\n|turn|7\n|\n|t:|1700444011\n|-terastallize|p1a: Darkrai|Steel\n|move|p2a: Roaring Moon|Acrobatics|p1a: Darkrai\n|-resisted|p1a: Darkrai\n|-damage|p1a: Darkrai|74\/100\n|move|p1a: Darkrai|Sludge Bomb|p2a: Roaring Moon\n|-damage|p2a: Roaring Moon|54\/100\n|\n|upkeep\n|turn|8\n|\n|t:|1700444016\n|move|p2a: Roaring Moon|Earthquake|p1a: Darkrai\n|-supereffective|p1a: Darkrai\n|-damage|p1a: Darkrai|0 fnt\n|faint|p1a: Darkrai\n|\n|upkeep\n|\n|t:|1700444026\n|switch|p1a: Conkeldurr|Conkeldurr, F, shiny|100\/100\n|turn|9\n|\n|t:|1700444032\n|move|p2a: Roaring Moon|Dragon Dance|p2a: Roaring Moon\n|-boost|p2a: Roaring Moon|atk|1\n|-boost|p2a: Roaring Moon|spe|1\n|move|p1a: Conkeldurr|Drain Punch|p2a: Roaring Moon\n|-supereffective|p2a: Roaring Moon\n|-damage|p2a: Roaring Moon|0 fnt\n|faint|p2a: Roaring Moon\n|-end|p2a: Roaring Moon|Protosynthesis|[silent]\n|\n|-status|p1a: Conkeldurr|brn|[from] item: Flame Orb\n|upkeep\n|\n|t:|1700444039\n|switch|p2a: Polteageist|Polteageist-Antique|100\/100\n|turn|10\n|\n|t:|1700444048\n|move|p2a: Polteageist|Shell Smash|p2a: Polteageist\n|-unboost|p2a: Polteageist|def|1\n|-unboost|p2a: Polteageist|spd|1\n|-boost|p2a: Polteageist|atk|2\n|-boost|p2a: Polteageist|spa|2\n|-boost|p2a: Polteageist|spe|2\n|move|p1a: Conkeldurr|Earthquake|p2a: Polteageist\n|-damage|p2a: Polteageist|13\/100\n|-ability|p2a: Polteageist|Weak Armor|boost\n|-unboost|p2a: Polteageist|def|1\n|-boost|p2a: Polteageist|spe|2\n|\n|-damage|p1a: Conkeldurr|94\/100 brn|[from] brn\n|-sideend|p2: LingLing007|move: Aurora Veil\n|upkeep\n|turn|11\n|\n|t:|1700444055\n|move|p1a: Conkeldurr|Detect|p1a: Conkeldurr\n|-singleturn|p1a: Conkeldurr|Protect\n|move|p2a: Polteageist|Stored Power|p1a: Conkeldurr\n|-activate|p1a: Conkeldurr|move: Protect\n|\n|-damage|p1a: Conkeldurr|88\/100 brn|[from] brn\n|upkeep\n|turn|12\n|\n|t:|1700444062\n|move|p2a: Polteageist|Stored Power|p1a: Conkeldurr\n|-supereffective|p1a: Conkeldurr\n|-damage|p1a: Conkeldurr|0 fnt\n|faint|p1a: Conkeldurr\n|\n|upkeep\n|\n|t:|1700444069\n|switch|p1a: Gastrodon|Gastrodon, M|100\/100\n|turn|13\n|\n|t:|1700444072\n|move|p2a: Polteageist|Giga Drain|p1a: Gastrodon\n|-supereffective|p1a: Gastrodon\n|-damage|p1a: Gastrodon|0 fnt\n|-heal|p2a: Polteageist|94\/100|[from] drain|[of] p1a: Gastrodon\n|faint|p1a: Gastrodon\n|\n|upkeep\n|\n|t:|1700444079\n|switch|p1a: Gengar|Gengar, F|100\/100\n|turn|14\n|\n|t:|1700444089\n|move|p2a: Polteageist|Giga Drain|p1a: Gengar\n|-resisted|p1a: Gengar\n|-damage|p1a: Gengar|53\/100\n|-heal|p2a: Polteageist|100\/100|[from] drain|[of] p1a: Gengar\n|move|p1a: Gengar|Sludge Bomb|p2a: Polteageist\n|-resisted|p2a: Polteageist\n|-damage|p2a: Polteageist|58\/100\n|\n|upkeep\n|turn|15\n|\n|t:|1700444096\n|move|p2a: Polteageist|Stored Power|p1a: Gengar\n|-supereffective|p1a: Gengar\n|-damage|p1a: Gengar|0 fnt\n|-start|p2a: Polteageist|Disable|Stored Power|[from] ability: Cursed Body|[of] p1a: Gengar\n|faint|p1a: Gengar\n|\n|upkeep\n|\n|t:|1700444099\n|switch|p1a: Rayquaza|Rayquaza, shiny|100\/100\n|-ability|p1a: Rayquaza|Air Lock\n|turn|16\n|\n|t:|1700444103\n|move|p2a: Polteageist|Dark Pulse|p1a: Rayquaza\n|-damage|p1a: Rayquaza|30\/100\n|move|p1a: Rayquaza|Dragon Ascent|p2a: Polteageist\n|-damage|p2a: Polteageist|0 fnt\n|-unboost|p1a: Rayquaza|def|1\n|-unboost|p1a: Rayquaza|spd|1\n|faint|p2a: Polteageist\n|\n|upkeep\n|\n|t:|1700444117\n|switch|p2a: Gengar|Gengar, F|100\/100\n|turn|17\n|\n|t:|1700444122\n|move|p2a: Gengar|Sludge Bomb|p1a: Rayquaza\n|-damage|p1a: Rayquaza|0 fnt\n|faint|p1a: Rayquaza\n|\n|upkeep\n|\n|t:|1700444125\n|switch|p1a: Volcarona|Volcarona, M|100\/100\n|turn|18\n|\n|t:|1700444138\n|switch|p2a: Toxapex|Toxapex, F|100\/100\n|move|p1a: Volcarona|Fiery Dance|p2a: Toxapex\n|-resisted|p2a: Toxapex\n|-damage|p2a: Toxapex|85\/100\n|-boost|p1a: Volcarona|spa|1\n|\n|upkeep\n|turn|19\n|\n|t:|1700444142\n|move|p1a: Volcarona|Giga Drain|p2a: Toxapex\n|-damage|p2a: Toxapex|56\/100\n|move|p2a: Toxapex|Toxic|p1a: Volcarona\n|-status|p1a: Volcarona|tox\n|\n|-damage|p1a: Volcarona|94\/100 tox|[from] psn\n|upkeep\n|turn|20\n|\n|t:|1700444147\n|move|p1a: Volcarona|Giga Drain|p2a: Toxapex\n|-damage|p2a: Toxapex|30\/100\n|-heal|p1a: Volcarona|100\/100 tox|[from] drain|[of] p2a: Toxapex\n|move|p2a: Toxapex|Recover|p2a: Toxapex\n|-heal|p2a: Toxapex|80\/100\n|\n|-damage|p1a: Volcarona|88\/100 tox|[from] psn\n|upkeep\n|turn|21\n|\n|t:|1700444153\n|move|p1a: Volcarona|Quiver Dance|p1a: Volcarona\n|-boost|p1a: Volcarona|spa|1\n|-boost|p1a: Volcarona|spd|1\n|-boost|p1a: Volcarona|spe|1\n|move|p2a: Toxapex|Haze|p2a: Toxapex\n|-clearallboost\n|\n|-damage|p1a: Volcarona|70\/100 tox|[from] psn\n|upkeep\n|turn|22\n|\n|t:|1700444157\n|move|p1a: Volcarona|Fiery Dance|p2a: Toxapex\n|-resisted|p2a: Toxapex\n|-damage|p2a: Toxapex|65\/100\n|-boost|p1a: Volcarona|spa|1\n|move|p2a: Toxapex|Infestation|p1a: Volcarona\n|-resisted|p1a: Volcarona\n|-damage|p1a: Volcarona|69\/100 tox\n|-activate|p1a: Volcarona|move: Infestation|[of] p2a: Toxapex\n|\n|-damage|p1a: Volcarona|44\/100 tox|[from] psn\n|-damage|p1a: Volcarona|32\/100 tox|[from] move: Infestation|[partiallytrapped]\n|upkeep\n|turn|23\n|\n|t:|1700444162\n|move|p1a: Volcarona|Bug Buzz|p2a: Toxapex\n|-resisted|p2a: Toxapex\n|-damage|p2a: Toxapex|28\/100\n|move|p2a: Toxapex|Recover|p2a: Toxapex\n|-heal|p2a: Toxapex|78\/100\n|\n|-damage|p1a: Volcarona|1\/100 tox|[from] psn\n|-damage|p1a: Volcarona|0 fnt|[from] move: Infestation|[partiallytrapped]\n|faint|p1a: Volcarona\n|\n|win|LingLing007\n|upkeep\n|raw|Rabali's rating: 1394 &rarr; <strong>1372<\/strong><br \/>(-22 for losing)\n|raw|LingLing007's rating: 1355 &rarr; <strong>1377<\/strong><br \/>(+22 for winning)\n|l|\u2606Rabali\n","uploadtime":1700444172,"views":3,"p1id":"rabali","p2id":"lingling007","formatid":"gen9anythinggoes","rating":1372,"private":0,"password":""}