{"id":"gen9anythinggoes-1975420814","p1":"lantern108","p2":"Demonicboy682","format":"[Gen 9] Anything Goes","log":"|j|\u2606lantern108\n|j|\u2606Demonicboy682\n|t:|1698189427\n|gametype|singles\n|player|p1|lantern108|170|1040\n|player|p2|Demonicboy682|cynthia-gen4|1066\n|teamsize|p1|6\n|teamsize|p2|6\n|gen|9\n|tier|[Gen 9] Anything Goes\n|rated|\n|rule|HP Percentage Mod: HP is shown in percentages\n|rule|Endless Battle Clause: Forcing endless battles is banned\n|clearpoke\n|poke|p1|Miraidon|\n|poke|p1|Iron Bundle|\n|poke|p1|Iron Valiant|\n|poke|p1|Regieleki|\n|poke|p1|Arceus-Electric|\n|poke|p1|Garganacl, F|\n|poke|p2|Rayquaza|\n|poke|p2|Groudon|\n|poke|p2|Kyogre|\n|poke|p2|Dialga|\n|poke|p2|Palkia|\n|poke|p2|Giratina-Origin|\n|teampreview\n|inactive|Battle timer is ON: inactive players will automatically lose when time's up. (requested by Demonicboy682)\n|c|\u2606Demonicboy682|you dont want to look like this\n|c|\u2606lantern108|?\n|c|\u2606Demonicboy682|this is awfull in every way\n|c|\u2606lantern108|what do you mean?\n|inactive|Demonicboy682 has 120 seconds left.\n|c|\u2606Demonicboy682|if i could delete it i would\n|c|\u2606lantern108|its my first ag game\n|c|\u2606Demonicboy682|but i cant\n|c|\u2606Demonicboy682|oh\n|c|\u2606lantern108|delete what?\n|c|\u2606Demonicboy682|my team\n|c|\u2606lantern108|oh\n|c|\u2606lantern108|lets just fight\n|inactive|Demonicboy682 has 90 seconds left.\n|c|\u2606Demonicboy682|if you see a legend spammer like this team\n|c|\u2606Demonicboy682|annoy them\n|\n|t:|1698189493\n|start\n|switch|p1a: Miraidon|Miraidon|100\/100\n|switch|p2a: Palkia|Palkia|100\/100\n|-fieldstart|move: Electric Terrain|[from] ability: Hadron Engine|[of] p1a: Miraidon\n|-ability|p2a: Palkia|Pressure\n|turn|1\n|\n|t:|1698189503\n|move|p1a: Miraidon|Electro Drift|p2a: Palkia\n|-damage|p2a: Palkia|0 fnt\n|faint|p2a: Palkia\n|\n|upkeep\n|\n|t:|1698189510\n|switch|p2a: Groudon|Groudon, shiny|100\/100\n|-weather|SunnyDay|[from] ability: Drought|[of] p2a: Groudon\n|turn|2\n|\n|t:|1698189518\n|switch|p1a: Iron Bundle|Iron Bundle|100\/100\n|-activate|p1a: Iron Bundle|ability: Quark Drive\n|-start|p1a: Iron Bundle|quarkdrivespa\n|move|p2a: Groudon|Earthquake|p1a: Iron Bundle\n|-damage|p1a: Iron Bundle|37\/100\n|\n|-weather|SunnyDay|[upkeep]\n|upkeep\n|turn|3\n|l|\u2606Demonicboy682\n|inactive|Demonicboy682 disconnected and has a minute to reconnect!\n|player|p2|\n|j|\u2606Demonicboy682\n|inactive|Demonicboy682 reconnected and has 110 seconds left.\n|player|p2|Demonicboy682|cynthia-gen4\n|\n|t:|1698189568\n|switch|p2a: Kyogre|Kyogre, shiny|100\/100\n|-weather|RainDance|[from] ability: Drizzle|[of] p2a: Kyogre\n|move|p1a: Iron Bundle|Ice Beam|p2a: Kyogre\n|-resisted|p2a: Kyogre\n|-damage|p2a: Kyogre|81\/100\n|-status|p2a: Kyogre|frz\n|\n|-weather|RainDance|[upkeep]\n|upkeep\n|turn|4\n|c|\u2606lantern108|why did you leave?\n|c|\u2606Demonicboy682|wifi\n|\n|t:|1698189580\n|move|p1a: Iron Bundle|Freeze-Dry|p2a: Kyogre\n|-supereffective|p2a: Kyogre\n|-damage|p2a: Kyogre|14\/100 frz\n|cant|p2a: Kyogre|frz\n|\n|-weather|RainDance|[upkeep]\n|upkeep\n|turn|5\n|c|\u2606lantern108|ah\n|\n|t:|1698189587\n|move|p1a: Iron Bundle|Freeze-Dry|p2a: Kyogre\n|-supereffective|p2a: Kyogre\n|-damage|p2a: Kyogre|0 fnt\n|faint|p2a: Kyogre\n|\n|-weather|RainDance|[upkeep]\n|-fieldend|move: Electric Terrain\n|-end|p1a: Iron Bundle|Quark Drive\n|upkeep\n|\n|t:|1698189596\n|switch|p2a: Rayquaza|Rayquaza, shiny|100\/100\n|-ability|p2a: Rayquaza|Air Lock\n|turn|6\n|\n|t:|1698189604\n|switch|p2a: Groudon|Groudon, shiny|100\/100\n|-weather|SunnyDay|[from] ability: Drought|[of] p2a: Groudon\n|move|p1a: Iron Bundle|Ice Beam|p2a: Groudon\n|-supereffective|p2a: Groudon\n|-damage|p2a: Groudon|0 fnt\n|faint|p2a: Groudon\n|\n|-weather|SunnyDay|[upkeep]\n|upkeep\n|\n|t:|1698189613\n|switch|p2a: Giratina|Giratina-Origin, shiny|100\/100\n|turn|7\n|inactive|Demonicboy682 has 120 seconds left.\n|\n|t:|1698189620\n|move|p1a: Iron Bundle|Ice Beam|p2a: Giratina\n|-supereffective|p2a: Giratina\n|-damage|p2a: Giratina|30\/100\n|move|p2a: Giratina|Dark Pulse|p1a: Iron Bundle\n|-damage|p1a: Iron Bundle|0 fnt\n|faint|p1a: Iron Bundle\n|-end|p1a: Iron Bundle|Quark Drive|[silent]\n|\n|-weather|SunnyDay|[upkeep]\n|upkeep\n|\n|t:|1698189628\n|switch|p1a: Miraidon|Miraidon|100\/100\n|-fieldstart|move: Electric Terrain|[from] ability: Hadron Engine|[of] p1a: Miraidon\n|turn|8\n|inactive|lantern108 has 120 seconds left.\n|\n|t:|1698189659\n|move|p1a: Miraidon|Electro Drift|p2a: Giratina\n|-resisted|p2a: Giratina\n|-damage|p2a: Giratina|0 fnt\n|faint|p2a: Giratina\n|\n|-weather|SunnyDay|[upkeep]\n|upkeep\n|\n|t:|1698189666\n|switch|p2a: Dialga|Dialga, shiny|100\/100\n|-ability|p2a: Dialga|Pressure\n|turn|9\n|\n|t:|1698189671\n|switch|p1a: Regieleki|Regieleki|100\/100\n|move|p2a: Dialga|Dragon Claw|p1a: Regieleki\n|-damage|p1a: Regieleki|0 fnt\n|faint|p1a: Regieleki\n|\n|-weather|SunnyDay|[upkeep]\n|upkeep\n|\n|t:|1698189680\n|switch|p1a: Arceus|Arceus-Electric|100\/100\n|turn|10\n|c|\u2606Demonicboy682|oh my\n|\n|t:|1698189688\n|move|p1a: Arceus|Judgment|p2a: Dialga\n|-resisted|p2a: Dialga\n|-damage|p2a: Dialga|67\/100\n|move|p2a: Dialga|Iron Head|p1a: Arceus\n|-resisted|p1a: Arceus\n|-damage|p1a: Arceus|84\/100\n|\n|-weather|none\n|upkeep\n|turn|11\n|\n|t:|1698189697\n|move|p1a: Arceus|Ice Beam|p2a: Dialga\n|-damage|p2a: Dialga|44\/100\n|move|p2a: Dialga|Bulk Up|p2a: Dialga\n|-boost|p2a: Dialga|atk|1\n|-boost|p2a: Dialga|def|1\n|\n|upkeep\n|turn|12\n|\n|t:|1698189704\n|move|p1a: Arceus|Ice Beam|p2a: Dialga\n|-damage|p2a: Dialga|21\/100\n|move|p2a: Dialga|Bulk Up|p2a: Dialga\n|-boost|p2a: Dialga|atk|1\n|-boost|p2a: Dialga|def|1\n|\n|-fieldend|move: Electric Terrain\n|upkeep\n|turn|13\n|\n|t:|1698189712\n|move|p1a: Arceus|Ice Beam|p2a: Dialga\n|-damage|p2a: Dialga|0 fnt\n|faint|p2a: Dialga\n|\n|upkeep\n|\n|t:|1698189717\n|switch|p2a: Rayquaza|Rayquaza, shiny|100\/100\n|-ability|p2a: Rayquaza|Air Lock\n|turn|14\n|\n|t:|1698189726\n|switch|p1a: Miraidon|Miraidon|100\/100\n|-fieldstart|move: Electric Terrain|[from] ability: Hadron Engine|[of] p1a: Miraidon\n|-terastallize|p2a: Rayquaza|Steel\n|move|p2a: Rayquaza|Dragon Dance|p2a: Rayquaza\n|-boost|p2a: Rayquaza|atk|1\n|-boost|p2a: Rayquaza|spe|1\n|\n|upkeep\n|turn|15\n|\n|t:|1698189737\n|move|p2a: Rayquaza|Dragon Dance|p2a: Rayquaza\n|-boost|p2a: Rayquaza|atk|1\n|-boost|p2a: Rayquaza|spe|1\n|move|p1a: Miraidon|Overheat|p2a: Rayquaza\n|-supereffective|p2a: Rayquaza\n|-damage|p2a: Rayquaza|0 fnt\n|-unboost|p1a: Miraidon|spa|2\n|faint|p2a: Rayquaza\n|\n|win|lantern108\n|raw|lantern108's rating: 1040 &rarr; <strong>1077<\/strong><br \/>(+37 for winning)\n|raw|Demonicboy682's rating: 1066 &rarr; <strong>1045<\/strong><br \/>(-21 for losing)\n|l|\u2606Demonicboy682\n|c|\u2606lantern108|gg\n","uploadtime":1698189768,"views":11,"p1id":"lantern108","p2id":"demonicboy682","formatid":"gen9anythinggoes","rating":1045,"private":0,"password":""}