{"id":"gen9anythinggoes-1983388996","p1":"Iusjs","p2":"yaseen d","format":"[Gen 9] Anything Goes","log":"|j|\u2606Iusjs\n|j|\u2606yaseen d\n|t:|1699124959\n|gametype|singles\n|player|p1|Iusjs|102|1212\n|player|p2|yaseen d|170|1243\n|teamsize|p1|2\n|teamsize|p2|6\n|gen|9\n|tier|[Gen 9] Anything Goes\n|rated|\n|rule|HP Percentage Mod: HP is shown in percentages\n|rule|Endless Battle Clause: Forcing endless battles is banned\n|clearpoke\n|poke|p1|Pincurchin, F|\n|poke|p1|Sinistcha|\n|poke|p2|Greninja-*, M|\n|poke|p2|Iron Valiant|\n|poke|p2|Ceruledge, F|\n|poke|p2|Shaymin-Sky|\n|poke|p2|Regieleki|\n|poke|p2|Baxcalibur, M|\n|teampreview\n|inactive|Battle timer is ON: inactive players will automatically lose when time's up. (requested by Iusjs)\n|\n|t:|1699124970\n|start\n|switch|p1a: Pincurchin|Pincurchin, F|100\/100\n|switch|p2a: Baxcalibur|Baxcalibur, M|100\/100\n|-fieldstart|move: Electric Terrain|[from] ability: Electric Surge|[of] p1a: Pincurchin\n|turn|1\n|\n|t:|1699124976\n|move|p2a: Baxcalibur|Dragon Dance|p2a: Baxcalibur\n|-boost|p2a: Baxcalibur|atk|1\n|-boost|p2a: Baxcalibur|spe|1\n|move|p1a: Pincurchin|Memento|p2a: Baxcalibur\n|-unboost|p2a: Baxcalibur|atk|2\n|-unboost|p2a: Baxcalibur|spa|2\n|faint|p1a: Pincurchin\n|\n|upkeep\n|\n|t:|1699124978\n|switch|p1a: Sinistcha|Sinistcha|100\/100\n|-enditem|p1a: Sinistcha|Electric Seed\n|-boost|p1a: Sinistcha|def|1|[from] item: Electric Seed\n|turn|2\n|\n|t:|1699124990\n|-terastallize|p1a: Sinistcha|Dark\n|move|p2a: Baxcalibur|Dragon Claw|p1a: Sinistcha\n|-damage|p1a: Sinistcha|75\/100\n|-damage|p2a: Baxcalibur|91\/100|[from] item: Life Orb\n|move|p1a: Sinistcha|Calm Mind|p1a: Sinistcha\n|-boost|p1a: Sinistcha|spa|1\n|-boost|p1a: Sinistcha|spd|1\n|\n|upkeep\n|turn|3\n|\n|t:|1699125004\n|move|p2a: Baxcalibur|Dragon Dance|p2a: Baxcalibur\n|-boost|p2a: Baxcalibur|atk|1\n|-boost|p2a: Baxcalibur|spe|1\n|move|p1a: Sinistcha|Strength Sap|p2a: Baxcalibur\n|-unboost|p2a: Baxcalibur|atk|1\n|-heal|p1a: Sinistcha|100\/100\n|\n|upkeep\n|turn|4\n|c|\u2606Iusjs|\ud83c\udf75\n|\n|t:|1699125023\n|move|p2a: Baxcalibur|Dragon Dance|p2a: Baxcalibur\n|-boost|p2a: Baxcalibur|atk|1\n|-boost|p2a: Baxcalibur|spe|1\n|move|p1a: Sinistcha|Calm Mind|p1a: Sinistcha\n|-boost|p1a: Sinistcha|spa|1\n|-boost|p1a: Sinistcha|spd|1\n|\n|upkeep\n|turn|5\n|\n|t:|1699125030\n|move|p2a: Baxcalibur|Dragon Dance|p2a: Baxcalibur\n|-boost|p2a: Baxcalibur|atk|1\n|-boost|p2a: Baxcalibur|spe|1\n|move|p1a: Sinistcha|Shadow Ball|p2a: Baxcalibur\n|-damage|p2a: Baxcalibur|19\/100\n|\n|-fieldend|move: Electric Terrain\n|upkeep\n|turn|6\n|\n|t:|1699125040\n|move|p2a: Baxcalibur|Dragon Claw|p1a: Sinistcha\n|-damage|p1a: Sinistcha|38\/100\n|-damage|p2a: Baxcalibur|9\/100|[from] item: Life Orb\n|move|p1a: Sinistcha|Strength Sap|p2a: Baxcalibur\n|-unboost|p2a: Baxcalibur|atk|1\n|-heal|p1a: Sinistcha|100\/100\n|\n|upkeep\n|turn|7\n|\n|t:|1699125049\n|move|p2a: Baxcalibur|Iron Head|p1a: Sinistcha\n|-damage|p1a: Sinistcha|75\/100\n|-damage|p2a: Baxcalibur|0 fnt|[from] item: Life Orb\n|faint|p2a: Baxcalibur\n|move|p1a: Sinistcha|Calm Mind|p1a: Sinistcha\n|-boost|p1a: Sinistcha|spa|1\n|-boost|p1a: Sinistcha|spd|1\n|\n|upkeep\n|\n|t:|1699125057\n|switch|p2a: Iron Valiant|Iron Valiant|100\/100\n|-enditem|p2a: Iron Valiant|Booster Energy\n|-activate|p2a: Iron Valiant|ability: Quark Drive|[fromitem]\n|-start|p2a: Iron Valiant|quarkdrivespe\n|turn|8\n|\n|t:|1699125061\n|-terastallize|p2a: Iron Valiant|Fairy\n|move|p2a: Iron Valiant|Spirit Break|p1a: Sinistcha\n|-supereffective|p1a: Sinistcha\n|-damage|p1a: Sinistcha|13\/100\n|-unboost|p1a: Sinistcha|spa|1\n|move|p1a: Sinistcha|Matcha Gotcha|p2a: Iron Valiant\n|-damage|p2a: Iron Valiant|0 fnt\n|-heal|p1a: Sinistcha|55\/100|[from] drain|[of] p2a: Iron Valiant\n|faint|p2a: Iron Valiant\n|-end|p2a: Iron Valiant|Quark Drive|[silent]\n|\n|upkeep\n|\n|t:|1699125075\n|switch|p2a: Regieleki|Regieleki|100\/100\n|turn|9\n|\n|t:|1699125085\n|move|p2a: Regieleki|Thunder Cage|p1a: Sinistcha\n|-damage|p1a: Sinistcha|38\/100\n|-activate|p1a: Sinistcha|move: Thunder Cage|[of] p2a: Regieleki\n|move|p1a: Sinistcha|Strength Sap|p2a: Regieleki\n|-unboost|p2a: Regieleki|atk|1\n|-heal|p1a: Sinistcha|100\/100\n|\n|-damage|p1a: Sinistcha|88\/100|[from] move: Thunder Cage|[partiallytrapped]\n|upkeep\n|turn|10\n|\n|t:|1699125102\n|move|p2a: Regieleki|Ancient Power|p1a: Sinistcha\n|-damage|p1a: Sinistcha|82\/100\n|move|p1a: Sinistcha|Matcha Gotcha|p2a: Regieleki\n|-damage|p2a: Regieleki|0 fnt\n|-heal|p1a: Sinistcha|100\/100|[from] drain|[of] p2a: Regieleki\n|faint|p2a: Regieleki\n|\n|-end|p1a: Sinistcha|Thunder Cage|[partiallytrapped]|[silent]\n|upkeep\n|\n|t:|1699125119\n|switch|p2a: Ceruledge|Ceruledge, F|100\/100\n|turn|11\n|\n|t:|1699125127\n|move|p2a: Ceruledge|Swords Dance|p2a: Ceruledge\n|-boost|p2a: Ceruledge|atk|2\n|move|p1a: Sinistcha|Shadow Ball|p2a: Ceruledge\n|-supereffective|p2a: Ceruledge\n|-enditem|p2a: Ceruledge|Focus Sash\n|-damage|p2a: Ceruledge|1\/100\n|-unboost|p2a: Ceruledge|spd|1\n|\n|upkeep\n|turn|12\n|\n|t:|1699125136\n|move|p2a: Ceruledge|Bitter Blade|p1a: Sinistcha\n|-damage|p1a: Sinistcha|74\/100\n|-heal|p2a: Ceruledge|17\/100|[from] drain|[of] p1a: Sinistcha\n|move|p1a: Sinistcha|Strength Sap|p2a: Ceruledge\n|-unboost|p2a: Ceruledge|atk|1\n|-heal|p1a: Sinistcha|100\/100\n|\n|upkeep\n|turn|13\n|\n|t:|1699125143\n|move|p2a: Ceruledge|Bitter Blade|p1a: Sinistcha\n|-damage|p1a: Sinistcha|79\/100\n|-heal|p2a: Ceruledge|30\/100|[from] drain|[of] p1a: Sinistcha\n|move|p1a: Sinistcha|Shadow Ball|p2a: Ceruledge\n|-supereffective|p2a: Ceruledge\n|-damage|p2a: Ceruledge|0 fnt\n|faint|p2a: Ceruledge\n|\n|upkeep\n|\n|t:|1699125147\n|switch|p2a: Shaymin|Shaymin-Sky|100\/100\n|turn|14\n|\n|t:|1699125153\n|move|p2a: Shaymin|Seed Flare|p1a: Sinistcha\n|-damage|p1a: Sinistcha|58\/100\n|-unboost|p1a: Sinistcha|spd|2\n|move|p1a: Sinistcha|Shadow Ball|p2a: Shaymin\n|-damage|p2a: Shaymin|17\/100\n|-unboost|p2a: Shaymin|spd|1\n|\n|upkeep\n|turn|15\n|\n|t:|1699125163\n|move|p2a: Shaymin|Air Slash|p1a: Sinistcha|[miss]\n|-miss|p2a: Shaymin|p1a: Sinistcha\n|move|p1a: Sinistcha|Shadow Ball|p2a: Shaymin\n|-damage|p2a: Shaymin|0 fnt\n|faint|p2a: Shaymin\n|\n|upkeep\n|\n|t:|1699125165\n|switch|p2a: Greninja|Greninja, M|100\/100\n|turn|16\n|\n|t:|1699125181\n|move|p2a: Greninja|Surf|p1a: Sinistcha\n|-damage|p1a: Sinistcha|34\/100\n|move|p1a: Sinistcha|Matcha Gotcha|p2a: Greninja\n|-supereffective|p2a: Greninja\n|-damage|p2a: Greninja|0 fnt\n|-heal|p1a: Sinistcha|76\/100|[from] drain|[of] p2a: Greninja\n|faint|p2a: Greninja\n|\n|win|Iusjs\n|raw|Iusjs's rating: 1212 &rarr; <strong>1239<\/strong><br \/>(+27 for winning)\n|raw|yaseen d's rating: 1243 &rarr; <strong>1216<\/strong><br \/>(-27 for losing)\n|l|\u2606yaseen d\n","uploadtime":1699125193,"views":8,"p1id":"iusjs","p2id":"yaseend","formatid":"gen9anythinggoes","rating":1216,"private":0,"password":""}