{"id":"gen9anythinggoes-1985274040","p1":"I eat dictionary","p2":"voncon","format":"[Gen 9] Anything Goes","log":"|j|\u2606I eat dictionary\n|j|\u2606voncon\n|t:|1699358614\n|gametype|singles\n|player|p1|I eat dictionary|2|1015\n|player|p2|voncon|2|1038\n|teamsize|p1|2\n|teamsize|p2|6\n|gen|9\n|tier|[Gen 9] Anything Goes\n|rated|\n|rule|HP Percentage Mod: HP is shown in percentages\n|rule|Endless Battle Clause: Forcing endless battles is banned\n|clearpoke\n|poke|p1|Dragonite, M|\n|poke|p1|Ribombee, F|\n|poke|p2|Garchomp, M|\n|poke|p2|Kingambit, M|\n|poke|p2|Falinks|\n|poke|p2|Iron Hands|\n|poke|p2|Basculegion, M|\n|poke|p2|Ting-Lu|\n|teampreview\n|\n|t:|1699358621\n|start\n|switch|p1a: Ribombee|Ribombee, F|100\/100\n|switch|p2a: Ting-Lu|Ting-Lu|100\/100\n|-ability|p2a: Ting-Lu|Vessel of Ruin\n|turn|1\n|\n|t:|1699358630\n|move|p1a: Ribombee|Sticky Web|p2a: Ting-Lu\n|-sidestart|p2: voncon|move: Sticky Web\n|move|p2a: Ting-Lu|Fissure|p1a: Ribombee|[miss]\n|-miss|p2a: Ting-Lu|p1a: Ribombee\n|\n|upkeep\n|turn|2\n|\n|t:|1699358636\n|move|p1a: Ribombee|Stun Spore|p2a: Ting-Lu\n|-status|p2a: Ting-Lu|par\n|move|p2a: Ting-Lu|Stomping Tantrum|p1a: Ribombee\n|-resisted|p1a: Ribombee\n|-damage|p1a: Ribombee|36\/100\n|\n|upkeep\n|turn|3\n|\n|t:|1699358643\n|move|p1a: Ribombee|Tailwind|p1a: Ribombee\n|-sidestart|p1: I eat dictionary|move: Tailwind\n|move|p2a: Ting-Lu|Ruination|p1a: Ribombee\n|-damage|p1a: Ribombee|19\/100\n|\n|upkeep\n|turn|4\n|\n|t:|1699358650\n|-terastallize|p2a: Ting-Lu|Ground\n|move|p1a: Ribombee|Bug Buzz|p2a: Ting-Lu\n|-damage|p2a: Ting-Lu|76\/100 par\n|move|p2a: Ting-Lu|Stomping Tantrum|p1a: Ribombee\n|-resisted|p1a: Ribombee\n|-damage|p1a: Ribombee|0 fnt\n|faint|p1a: Ribombee\n|\n|-heal|p2a: Ting-Lu|82\/100 par|[from] item: Leftovers\n|upkeep\n|\n|t:|1699358655\n|switch|p1a: Dragonite|Dragonite, M|100\/100\n|turn|5\n|c|\u2606voncon|uh\n|c|\u2606voncon|missing some mons i see\n|\n|t:|1699358671\n|move|p1a: Dragonite|Dragon Dance|p1a: Dragonite\n|-boost|p1a: Dragonite|atk|1\n|-boost|p1a: Dragonite|spe|1\n|move|p2a: Ting-Lu|Fissure|p1a: Dragonite\n|-immune|p1a: Dragonite\n|\n|-heal|p2a: Ting-Lu|88\/100 par|[from] item: Leftovers\n|upkeep\n|turn|6\n|\n|t:|1699358678\n|move|p1a: Dragonite|Dragon Dance|p1a: Dragonite\n|-boost|p1a: Dragonite|atk|1\n|-boost|p1a: Dragonite|spe|1\n|move|p2a: Ting-Lu|Stomping Tantrum|p1a: Dragonite\n|-immune|p1a: Dragonite\n|\n|-heal|p2a: Ting-Lu|95\/100 par|[from] item: Leftovers\n|-sideend|p1: I eat dictionary|move: Tailwind\n|upkeep\n|turn|7\n|\n|t:|1699358687\n|switch|p2a: Falinks|Falinks, shiny|100\/100\n|-activate|p2a: Falinks|move: Sticky Web\n|-unboost|p2a: Falinks|spe|1\n|move|p1a: Dragonite|Dragon Dance|p1a: Dragonite\n|-boost|p1a: Dragonite|atk|1\n|-boost|p1a: Dragonite|spe|1\n|\n|upkeep\n|turn|8\n|\n|t:|1699358695\n|-terastallize|p1a: Dragonite|Flying\n|move|p1a: Dragonite|Tera Blast|p2a: Falinks|[anim] Tera Blast Flying\n|-supereffective|p2a: Falinks\n|-damage|p2a: Falinks|0 fnt\n|faint|p2a: Falinks\n|\n|upkeep\n|\n|t:|1699358702\n|switch|p2a: Iron Hands|Iron Hands, shiny|100\/100\n|-activate|p2a: Iron Hands|move: Sticky Web\n|-unboost|p2a: Iron Hands|spe|1\n|-enditem|p2a: Iron Hands|Booster Energy\n|-activate|p2a: Iron Hands|ability: Quark Drive|[fromitem]\n|-start|p2a: Iron Hands|quarkdriveatk\n|turn|9\n|\n|t:|1699358716\n|move|p2a: Iron Hands|Fake Out|p1a: Dragonite\n|-damage|p1a: Dragonite|91\/100\n|cant|p1a: Dragonite|flinch\n|\n|upkeep\n|turn|10\n|\n|t:|1699358723\n|move|p1a: Dragonite|Earthquake|p2a: Iron Hands\n|-supereffective|p2a: Iron Hands\n|-damage|p2a: Iron Hands|0 fnt\n|faint|p2a: Iron Hands\n|-end|p2a: Iron Hands|Quark Drive|[silent]\n|\n|upkeep\n|\n|t:|1699358729\n|switch|p2a: Garchomp|Garchomp, M|100\/100\n|-activate|p2a: Garchomp|move: Sticky Web\n|-unboost|p2a: Garchomp|spe|1\n|turn|11\n|\n|t:|1699358738\n|move|p1a: Dragonite|Tera Blast|p2a: Garchomp|[anim] Tera Blast Flying\n|-damage|p2a: Garchomp|0 fnt\n|faint|p2a: Garchomp\n|\n|upkeep\n|\n|t:|1699358743\n|switch|p2a: Ting-Lu|Ting-Lu, tera:Ground|95\/100 par\n|-activate|p2a: Ting-Lu|move: Sticky Web\n|-unboost|p2a: Ting-Lu|spe|1\n|-ability|p2a: Ting-Lu|Vessel of Ruin\n|turn|12\n|\n|t:|1699358755\n|move|p1a: Dragonite|Tera Blast|p2a: Ting-Lu|[anim] Tera Blast Flying\n|-damage|p2a: Ting-Lu|0 fnt\n|faint|p2a: Ting-Lu\n|\n|upkeep\n|\n|t:|1699358762\n|switch|p2a: Basculegion|Basculegion, M|100\/100\n|-activate|p2a: Basculegion|move: Sticky Web\n|-unboost|p2a: Basculegion|spe|1\n|turn|13\n|\n|t:|1699358775\n|move|p1a: Dragonite|Tera Blast|p2a: Basculegion|[anim] Tera Blast Flying\n|-damage|p2a: Basculegion|0 fnt\n|faint|p2a: Basculegion\n|\n|upkeep\n|\n|t:|1699358779\n|switch|p2a: Kingambit|Kingambit, M, shiny|100\/100\n|-activate|p2a: Kingambit|move: Sticky Web\n|-unboost|p2a: Kingambit|spe|1\n|-activate|p2a: Kingambit|ability: Supreme Overlord\n|-start|p2a: Kingambit|fallen5|[silent]\n|turn|14\n|\n|t:|1699358785\n|move|p2a: Kingambit|Sucker Punch|p1a: Dragonite\n|-damage|p1a: Dragonite|30\/100\n|move|p1a: Dragonite|Earthquake|p2a: Kingambit\n|-supereffective|p2a: Kingambit\n|-damage|p2a: Kingambit|0 fnt\n|faint|p2a: Kingambit\n|-end|p2a: Kingambit|fallen5|[silent]\n|\n|win|I eat dictionary\n|raw|I eat dictionary's rating: 1015 &rarr; <strong>1055<\/strong><br \/>(+40 for winning)\n|raw|voncon's rating: 1038 &rarr; <strong>1021<\/strong><br \/>(-17 for losing)\n|l|\u2606voncon\n","uploadtime":1699358805,"views":3,"p1id":"ieatdictionary","p2id":"voncon","formatid":"gen9anythinggoes","rating":1021,"private":0,"password":""}