{"id":"gen9anythinggoes-1981275262","p1":"IchBinLusc","p2":"Atumalaca Bolos","format":"[Gen 9] Anything Goes","log":"|j|\u2606IchBinLusc\n|j|\u2606Atumalaca Bolos\n|t:|1698878764\n|gametype|singles\n|player|p1|IchBinLusc|marlon|\n|player|p2|Atumalaca Bolos|clerkf|\n|teamsize|p1|6\n|teamsize|p2|6\n|gen|9\n|tier|[Gen 9] Anything Goes\n|rule|HP Percentage Mod: HP is shown in percentages\n|rule|Endless Battle Clause: Forcing endless battles is banned\n|clearpoke\n|poke|p1|Greninja-*, M|\n|poke|p1|Garchomp, M|\n|poke|p1|Corviknight, M|\n|poke|p1|Cetitan, F|\n|poke|p1|Mimikyu, F|\n|poke|p1|Umbreon, M|\n|poke|p2|Kilowattrel, F|\n|poke|p2|Ambipom, M|\n|poke|p2|Meowscarada, M|\n|poke|p2|Jirachi|\n|poke|p2|Infernape, F|\n|poke|p2|Cloyster, M|\n|teampreview\n|j| BRAVOS ESPORTS\n|j| FLA SaFe Donnel\n|c| BRAVOS ESPORTS|Pq o time do lusca\n|c| BRAVOS ESPORTS|\u00c9 t\u00e3o pequeno\n|c|\u2606IchBinLusc|s\u00e3o os 6 an\u00f5es\n|j| Gavime\n|l| Gavime\n|j| Joulpa\n|\n|t:|1698878895\n|start\n|switch|p1a: Tutubar\u00e3o|Garchomp, M|100\/100\n|switch|p2a: Sol Kinesi|Meowscarada, M|100\/100\n|turn|1\n|\n|t:|1698878900\n|move|p2a: Sol Kinesi|Play Rough|p1a: Tutubar\u00e3o\n|-start|p2a: Sol Kinesi|typechange|Fairy|[from] ability: Protean\n|-supereffective|p1a: Tutubar\u00e3o\n|-damage|p1a: Tutubar\u00e3o|28\/100\n|-unboost|p1a: Tutubar\u00e3o|atk|1\n|-damage|p2a: Sol Kinesi|88\/100|[from] ability: Rough Skin|[of] p1a: Tutubar\u00e3o\n|-damage|p2a: Sol Kinesi|72\/100|[from] item: Rocky Helmet|[of] p1a: Tutubar\u00e3o\n|move|p1a: Tutubar\u00e3o|Stealth Rock|p2a: Sol Kinesi\n|-sidestart|p2: Atumalaca Bolos|move: Stealth Rock\n|\n|upkeep\n|turn|2\n|j| Agrotoxico\n|l| FLA SaFe Donnel\n|\n|t:|1698878918\n|switch|p2a: Nina|Kilowattrel, F|100\/100\n|switch|p1a: Itachi|Corviknight, M|100\/100\n|\n|upkeep\n|turn|3\n|c| Agrotoxico|O s\u00e9timo an\u00e3o a gente nem conta o que seria\n|c| Joulpa|Bolas\n|l| Agrotoxico\n|j| FLA SaFe Donnel\n|j| Agrotoxico\n|l| Agrotoxico\n|\n|t:|1698879000\n|switch|p1a: Tutubar\u00e3o|Garchomp, M|28\/100\n|move|p2a: Nina|Thunderbolt|p1a: Tutubar\u00e3o\n|-immune|p1a: Tutubar\u00e3o\n|\n|upkeep\n|turn|4\n|\n|t:|1698879029\n|move|p2a: Nina|Hurricane|p1a: Tutubar\u00e3o\n|-damage|p1a: Tutubar\u00e3o|0 fnt\n|faint|p1a: Tutubar\u00e3o\n|\n|upkeep\n|j| Agrotoxico\n|\n|t:|1698879054\n|switch|p1a: Ex|Umbreon, M|100\/100\n|turn|5\n|c| BRAVOS ESPORTS|Eis q o homem saca a eletric immunity contra volt turn\n|\n|t:|1698879076\n|move|p2a: Nina|Volt Switch|p1a: Ex\n|-damage|p1a: Ex|80\/100\n|c| Joulpa|Justo\n|l| Agrotoxico\n|\n|t:|1698879085\n|switch|p2a: Dominus|Jirachi|100\/100|[from] Volt Switch\n|-damage|p2a: Dominus|94\/100|[from] Stealth Rock\n|move|p1a: Ex|Foul Play|p2a: Dominus\n|-supereffective|p2a: Dominus\n|-damage|p2a: Dominus|4\/100\n|\n|-heal|p1a: Ex|87\/100|[from] item: Leftovers\n|upkeep\n|turn|6\n|c| Joulpa|Kkkkkk\n|c| Joulpa|essa ai foi boa\n|\n|t:|1698879102\n|move|p2a: Dominus|Meteor Mash|p1a: Ex\n|-damage|p1a: Ex|61\/100\n|move|p1a: Ex|Foul Play|p2a: Dominus\n|-supereffective|p2a: Dominus\n|-damage|p2a: Dominus|0 fnt\n|faint|p2a: Dominus\n|\n|-heal|p1a: Ex|68\/100|[from] item: Leftovers\n|upkeep\n|c| BRAVOS ESPORTS|Meteor mash\n|c| BRAVOS ESPORTS|Eu n\u00e3o vejo esse move a anos\n|c| BRAVOS ESPORTS|Sdds Metagross\n|l| Joulpa\n|j| Joulpa\n|l| FLA SaFe Donnel\n|\n|t:|1698879200\n|switch|p2a: Aalexander|Ambipom, M|100\/100\n|-damage|p2a: Aalexander|88\/100|[from] Stealth Rock\n|turn|7\n|j| FLA SaFe Donnel\n|l| Joulpa\n|j| Agrotoxico\n|l| FLA SaFe Donnel\n|\n|t:|1698879248\n|-terastallize|p1a: Ex|Poison\n|move|p2a: Aalexander|U-turn|p1a: Ex\n|-resisted|p1a: Ex\n|-damage|p1a: Ex|60\/100\n|-damage|p2a: Aalexander|78\/100|[from] item: Life Orb\n|\n|t:|1698879254\n|switch|p2a: Dehatler|Cloyster, M|100\/100|[from] U-turn\n|-damage|p2a: Dehatler|76\/100|[from] Stealth Rock\n|move|p1a: Ex|Toxic|p2a: Dehatler\n|-status|p2a: Dehatler|tox\n|\n|-heal|p1a: Ex|66\/100|[from] item: Leftovers\n|-damage|p2a: Dehatler|69\/100 tox|[from] psn\n|upkeep\n|turn|8\n|j| Joulpa\n|\n|t:|1698879267\n|move|p2a: Dehatler|Shell Smash|p2a: Dehatler\n|-unboost|p2a: Dehatler|def|1\n|-unboost|p2a: Dehatler|spd|1\n|-boost|p2a: Dehatler|atk|2\n|-boost|p2a: Dehatler|spa|2\n|-boost|p2a: Dehatler|spe|2\n|move|p1a: Ex|Foul Play|p2a: Dehatler\n|-damage|p2a: Dehatler|0 fnt\n|faint|p2a: Dehatler\n|\n|-heal|p1a: Ex|72\/100|[from] item: Leftovers\n|upkeep\n|j| FLA SaFe Donnel\n|c|\u2606Atumalaca Bolos|Puta, esqueci da spread\n|\n|t:|1698879306\n|switch|p2a: Lumien|Infernape, F|100\/100\n|-damage|p2a: Lumien|88\/100|[from] Stealth Rock\n|turn|9\n|\n|t:|1698879313\n|move|p2a: Lumien|Flamethrower|p1a: Ex\n|-damage|p1a: Ex|35\/100\n|-status|p1a: Ex|brn\n|-activate|p1a: Ex|ability: Synchronize\n|-immune|p2a: Lumien\n|-damage|p2a: Lumien|78\/100|[from] item: Life Orb\n|move|p1a: Ex|Toxic|p2a: Lumien\n|-status|p2a: Lumien|tox\n|\n|-heal|p1a: Ex|41\/100 brn|[from] item: Leftovers\n|-damage|p2a: Lumien|72\/100 tox|[from] psn\n|-damage|p1a: Ex|35\/100 brn|[from] brn\n|upkeep\n|turn|10\n|l| Joulpa\n|\n|t:|1698879328\n|move|p1a: Ex|Protect|p1a: Ex\n|-singleturn|p1a: Ex|Protect\n|move|p2a: Lumien|Flamethrower|p1a: Ex\n|-activate|p1a: Ex|move: Protect\n|\n|-heal|p1a: Ex|41\/100 brn|[from] item: Leftovers\n|-damage|p2a: Lumien|60\/100 tox|[from] psn\n|-damage|p1a: Ex|35\/100 brn|[from] brn\n|upkeep\n|turn|11\n|\n|t:|1698879337\n|move|p2a: Lumien|Flamethrower|p1a: Ex\n|-damage|p1a: Ex|0 fnt\n|faint|p1a: Ex\n|-damage|p2a: Lumien|50\/100 tox|[from] item: Life Orb\n|\n|-damage|p2a: Lumien|32\/100 tox|[from] psn\n|upkeep\n|l| FLA SaFe Donnel\n|\n|t:|1698879345\n|switch|p1a: Injusti\u00e7ado|Greninja, M|100\/100\n|turn|12\n|l| Agrotoxico\n|\n|t:|1698879372\n|move|p2a: Lumien|Vacuum Wave|p1a: Injusti\u00e7ado\n|-supereffective|p1a: Injusti\u00e7ado\n|-damage|p1a: Injusti\u00e7ado|24\/100\n|-damage|p2a: Lumien|22\/100 tox|[from] item: Life Orb\n|move|p1a: Injusti\u00e7ado|Brick Break|p2a: Lumien\n|-damage|p2a: Lumien|0 fnt\n|faint|p2a: Lumien\n|-ability|p1a: Injusti\u00e7ado|Battle Bond|boost\n|-boost|p1a: Injusti\u00e7ado|atk|1\n|-boost|p1a: Injusti\u00e7ado|spa|1\n|-boost|p1a: Injusti\u00e7ado|spe|1\n|-activate|p1a: Injusti\u00e7ado|ability: Battle Bond\n|-damage|p1a: Injusti\u00e7ado|14\/100|[from] item: Life Orb\n|\n|upkeep\n|\n|t:|1698879380\n|switch|p2a: Aalexander|Ambipom, M|78\/100\n|-damage|p2a: Aalexander|66\/100|[from] Stealth Rock\n|turn|13\n|\n|t:|1698879389\n|move|p2a: Aalexander|Fake Out|p1a: Injusti\u00e7ado\n|-crit|p1a: Injusti\u00e7ado\n|-damage|p1a: Injusti\u00e7ado|0 fnt\n|faint|p1a: Injusti\u00e7ado\n|-damage|p2a: Aalexander|56\/100|[from] item: Life Orb\n|\n|upkeep\n|\n|t:|1698879403\n|switch|p1a: Itachi|Corviknight, M|100\/100\n|turn|14\n|\n|t:|1698879409\n|move|p2a: Aalexander|Low Kick|p1a: Itachi\n|-crit|p1a: Itachi\n|-damage|p1a: Itachi|74\/100\n|-damage|p2a: Aalexander|39\/100|[from] item: Rocky Helmet|[of] p1a: Itachi\n|-damage|p2a: Aalexander|29\/100|[from] item: Life Orb\n|move|p1a: Itachi|Body Press|p2a: Aalexander\n|-supereffective|p2a: Aalexander\n|-damage|p2a: Aalexander|0 fnt\n|faint|p2a: Aalexander\n|\n|upkeep\n|j| FLA SaFe Donnel\n|\n|t:|1698879412\n|switch|p2a: Nina|Kilowattrel, F|100\/100\n|turn|15\n|\n|t:|1698879435\n|move|p2a: Nina|Thunderbolt|p1a: Itachi\n|-supereffective|p1a: Itachi\n|-damage|p1a: Itachi|0 fnt\n|faint|p1a: Itachi\n|\n|upkeep\n|\n|t:|1698879441\n|switch|p1a: Problem\u00e1tico|Cetitan, F|100\/100\n|turn|16\n|\n|t:|1698879448\n|-terastallize|p2a: Nina|Steel\n|move|p1a: Problem\u00e1tico|Ice Shard|p2a: Nina\n|-resisted|p2a: Nina\n|-damage|p2a: Nina|81\/100\n|move|p2a: Nina|Thunderbolt|p1a: Problem\u00e1tico\n|-damage|p1a: Problem\u00e1tico|56\/100\n|-status|p1a: Problem\u00e1tico|par\n|\n|upkeep\n|turn|17\n|\n|t:|1698879464\n|move|p2a: Nina|Hurricane|p1a: Problem\u00e1tico\n|-damage|p1a: Problem\u00e1tico|2\/100 par\n|-start|p1a: Problem\u00e1tico|confusion\n|-activate|p1a: Problem\u00e1tico|confusion\n|move|p1a: Problem\u00e1tico|Earthquake|p2a: Nina\n|-supereffective|p2a: Nina\n|-damage|p2a: Nina|0 fnt\n|faint|p2a: Nina\n|\n|upkeep\n|l| FLA SaFe Donnel\n|\n|t:|1698879471\n|switch|p2a: Sol Kinesi|Meowscarada, M|72\/100\n|-damage|p2a: Sol Kinesi|60\/100|[from] Stealth Rock\n|turn|18\n|\n|t:|1698879478\n|-activate|p1a: Problem\u00e1tico|confusion\n|move|p1a: Problem\u00e1tico|Ice Shard|p2a: Sol Kinesi\n|-supereffective|p2a: Sol Kinesi\n|-damage|p2a: Sol Kinesi|0 fnt\n|faint|p2a: Sol Kinesi\n|\n|win|IchBinLusc\n|c|\u2606Atumalaca Bolos|gg\n","uploadtime":1698879488,"views":17,"p1id":"ichbinlusc","p2id":"atumalacabolos","formatid":"gen9anythinggoes","rating":0,"private":0,"password":""}