{"id":"gen9anythinggoes-1982871177","p1":"DuckBuster135","p2":"ToastDummy","format":"[Gen 9] Anything Goes","log":"|j|\u2606DuckBuster135\n|j|\u2606ToastDummy\n|t:|1699053349\n|gametype|singles\n|player|p1|DuckBuster135|2|1083\n|player|p2|ToastDummy|2|1155\n|teamsize|p1|2\n|teamsize|p2|6\n|gen|9\n|tier|[Gen 9] Anything Goes\n|rated|\n|rule|HP Percentage Mod: HP is shown in percentages\n|rule|Endless Battle Clause: Forcing endless battles is banned\n|clearpoke\n|poke|p1|Regieleki|\n|poke|p1|Kommo-o, M|\n|poke|p2|Baxcalibur, F|\n|poke|p2|Annihilape, F|\n|poke|p2|Palafin, F|\n|poke|p2|Amoonguss, M|\n|poke|p2|Ceruledge, M|\n|poke|p2|Clodsire, M|\n|teampreview\n|\n|t:|1699053357\n|start\n|switch|p1a: Regieleki|Regieleki|100\/100\n|switch|p2a: Clodsire|Clodsire, M|100\/100\n|turn|1\n|\n|t:|1699053363\n|switch|p1a: Kommo-o|Kommo-o, M|100\/100\n|move|p2a: Clodsire|Toxic Spikes|p1a: Kommo-o\n|-sidestart|p1: DuckBuster135|move: Toxic Spikes\n|\n|upkeep\n|turn|2\n|\n|t:|1699053366\n|move|p1a: Kommo-o|Substitute|p1a: Kommo-o\n|-start|p1a: Kommo-o|Substitute\n|-damage|p1a: Kommo-o|76\/100\n|move|p2a: Clodsire|Toxic Spikes|p1a: Kommo-o\n|-sidestart|p1: DuckBuster135|move: Toxic Spikes\n|\n|upkeep\n|turn|3\n|\n|t:|1699053379\n|move|p1a: Kommo-o|Clangorous Soul|p1a: Kommo-o\n|-boost|p1a: Kommo-o|atk|1\n|-boost|p1a: Kommo-o|def|1\n|-boost|p1a: Kommo-o|spa|1\n|-boost|p1a: Kommo-o|spd|1\n|-boost|p1a: Kommo-o|spe|1\n|-damage|p1a: Kommo-o|43\/100\n|-enditem|p1a: Kommo-o|Throat Spray\n|-boost|p1a: Kommo-o|spa|1|[from] item: Throat Spray\n|move|p2a: Clodsire|Toxic||[still]\n|-fail|p2a: Clodsire\n|\n|upkeep\n|turn|4\n|\n|t:|1699053390\n|switch|p2a: Palafin|Palafin, F|100\/100\n|move|p1a: Kommo-o|Clangorous Soul|p1a: Kommo-o\n|-boost|p1a: Kommo-o|atk|1\n|-boost|p1a: Kommo-o|def|1\n|-boost|p1a: Kommo-o|spa|1\n|-boost|p1a: Kommo-o|spd|1\n|-boost|p1a: Kommo-o|spe|1\n|-damage|p1a: Kommo-o|10\/100\n|\n|upkeep\n|turn|5\n|\n|t:|1699053393\n|move|p1a: Kommo-o|Clanging Scales|p2a: Palafin\n|-damage|p2a: Palafin|0 fnt\n|faint|p2a: Palafin\n|-unboost|p1a: Kommo-o|def|1\n|\n|upkeep\n|\n|t:|1699053404\n|switch|p2a: Baxcalibur|Baxcalibur, F|100\/100\n|turn|6\n|\n|t:|1699053408\n|move|p1a: Kommo-o|Clanging Scales|p2a: Baxcalibur\n|-supereffective|p2a: Baxcalibur\n|-damage|p2a: Baxcalibur|0 fnt\n|faint|p2a: Baxcalibur\n|-unboost|p1a: Kommo-o|def|1\n|\n|upkeep\n|\n|t:|1699053411\n|switch|p2a: Amoonguss|Amoonguss, M|100\/100\n|turn|7\n|\n|t:|1699053416\n|move|p1a: Kommo-o|Clanging Scales|p2a: Amoonguss\n|-damage|p2a: Amoonguss|0 fnt\n|faint|p2a: Amoonguss\n|-unboost|p1a: Kommo-o|def|1\n|\n|upkeep\n|\n|t:|1699053419\n|switch|p2a: Annihilape|Annihilape, F|100\/100\n|turn|8\n|\n|t:|1699053428\n|move|p1a: Kommo-o|Clanging Scales|p2a: Annihilape\n|-damage|p2a: Annihilape|0 fnt\n|faint|p2a: Annihilape\n|-unboost|p1a: Kommo-o|def|1\n|\n|upkeep\n|-message|ToastDummy forfeited.\n|\n|win|DuckBuster135\n|raw|DuckBuster135's rating: 1083 &rarr; <strong>1116<\/strong><br \/>(+33 for winning)\n|raw|ToastDummy's rating: 1155 &rarr; <strong>1125<\/strong><br \/>(-30 for losing)\n|l|\u2606ToastDummy\n","uploadtime":1699053436,"views":4,"p1id":"duckbuster135","p2id":"toastdummy","formatid":"gen9anythinggoes","rating":1116,"private":0,"password":""}