{"id":"gen9anythinggoes-1972105223","p1":"NGRxSCLYME","p2":"banankoja","format":"[Gen 9] Anything Goes","log":"|j|\u2606NGRxSCLYME\n|j|\u2606banankoja\n|t:|1697813245\n|gametype|singles\n|player|p1|NGRxSCLYME|volkner|1102\n|player|p2|banankoja|169|1021\n|teamsize|p1|6\n|teamsize|p2|6\n|gen|9\n|tier|[Gen 9] Anything Goes\n|rated|\n|rule|HP Percentage Mod: HP is shown in percentages\n|rule|Endless Battle Clause: Forcing endless battles is banned\n|clearpoke\n|poke|p1|Dragonite, M|\n|poke|p1|Gliscor, F|\n|poke|p1|Gengar, F|\n|poke|p1|Breloom, F|\n|poke|p1|Jirachi|\n|poke|p1|Volcanion|\n|poke|p2|Typhlosion-Hisui, M|\n|poke|p2|Ting-Lu|\n|poke|p2|Rillaboom, M|\n|poke|p2|Dialga-Origin|\n|poke|p2|Toxicroak, F|\n|poke|p2|Azumarill, M|\n|teampreview\n|c|\u2606banankoja|hi\n|\n|t:|1697813255\n|start\n|switch|p1a: Jirachi|Jirachi|100\/100\n|switch|p2a: Azumarill|Azumarill, M|100\/100\n|turn|1\n|c|\u2606banankoja|I like your team\n|\n|t:|1697813267\n|move|p1a: Jirachi|Body Slam|p2a: Azumarill\n|-damage|p2a: Azumarill|77\/100\n|-damage|p1a: Jirachi|84\/100|[from] item: Rocky Helmet|[of] p2a: Azumarill\n|move|p2a: Azumarill|Knock Off|p1a: Jirachi\n|-supereffective|p1a: Jirachi\n|-damage|p1a: Jirachi|18\/100\n|-enditem|p1a: Jirachi|Leftovers|[from] move: Knock Off|[of] p2a: Azumarill\n|\n|upkeep\n|turn|2\n|\n|t:|1697813279\n|move|p1a: Jirachi|Body Slam|p2a: Azumarill\n|-damage|p2a: Azumarill|54\/100\n|-damage|p1a: Jirachi|1\/100|[from] item: Rocky Helmet|[of] p2a: Azumarill\n|move|p2a: Azumarill|Knock Off|p1a: Jirachi\n|-supereffective|p1a: Jirachi\n|-damage|p1a: Jirachi|0 fnt\n|faint|p1a: Jirachi\n|\n|upkeep\n|\n|t:|1697813294\n|switch|p1a: Breloom|Breloom, F|100\/100\n|turn|3\n|\n|t:|1697813304\n|move|p1a: Breloom|Substitute|p1a: Breloom\n|-start|p1a: Breloom|Substitute\n|-damage|p1a: Breloom|75\/100\n|move|p2a: Azumarill|Knock Off|p1a: Breloom\n|-resisted|p1a: Breloom\n|-end|p1a: Breloom|Substitute\n|\n|-status|p1a: Breloom|tox|[from] item: Toxic Orb\n|upkeep\n|turn|4\n|\n|t:|1697813319\n|move|p1a: Breloom|Seed Bomb|p2a: Azumarill\n|-supereffective|p2a: Azumarill\n|-damage|p2a: Azumarill|0 fnt\n|faint|p2a: Azumarill\n|\n|-heal|p1a: Breloom|88\/100 tox|[from] ability: Poison Heal\n|upkeep\n|\n|t:|1697813327\n|switch|p2a: Toxicroak|Toxicroak, F|100\/100\n|turn|5\n|\n|t:|1697813336\n|move|p2a: Toxicroak|Gunk Shot|p1a: Breloom\n|-supereffective|p1a: Breloom\n|-damage|p1a: Breloom|0 fnt\n|faint|p1a: Breloom\n|\n|upkeep\n|\n|t:|1697813345\n|switch|p1a: Gliscor|Gliscor, F|100\/100\n|turn|6\n|inactive|Battle timer is ON: inactive players will automatically lose when time's up. (requested by banankoja)\n|\n|t:|1697813400\n|move|p1a: Gliscor|Protect|p1a: Gliscor\n|-singleturn|p1a: Gliscor|Protect\n|move|p2a: Toxicroak|Knock Off|p1a: Gliscor\n|-activate|p1a: Gliscor|move: Protect\n|\n|-status|p1a: Gliscor|tox|[from] item: Toxic Orb\n|upkeep\n|turn|7\n|\n|t:|1697813416\n|move|p1a: Gliscor|Substitute|p1a: Gliscor\n|-start|p1a: Gliscor|Substitute\n|-damage|p1a: Gliscor|75\/100 tox\n|move|p2a: Toxicroak|Knock Off|p1a: Gliscor\n|-end|p1a: Gliscor|Substitute\n|\n|-heal|p1a: Gliscor|88\/100 tox|[from] ability: Poison Heal\n|upkeep\n|turn|8\n|\n|t:|1697813425\n|move|p1a: Gliscor|Protect|p1a: Gliscor\n|-singleturn|p1a: Gliscor|Protect\n|move|p2a: Toxicroak|Knock Off|p1a: Gliscor\n|-activate|p1a: Gliscor|move: Protect\n|\n|-heal|p1a: Gliscor|99\/100 tox|[from] ability: Poison Heal\n|upkeep\n|turn|9\n|\n|t:|1697813438\n|move|p1a: Gliscor|Substitute|p1a: Gliscor\n|-start|p1a: Gliscor|Substitute\n|-damage|p1a: Gliscor|75\/100 tox\n|move|p2a: Toxicroak|Cross Chop|p1a: Gliscor\n|-resisted|p1a: Gliscor\n|-activate|p1a: Gliscor|move: Substitute|[damage]\n|\n|-heal|p1a: Gliscor|87\/100 tox|[from] ability: Poison Heal\n|upkeep\n|turn|10\n|\n|t:|1697813449\n|move|p1a: Gliscor|Earthquake|p2a: Toxicroak\n|-supereffective|p2a: Toxicroak\n|-damage|p2a: Toxicroak|0 fnt\n|faint|p2a: Toxicroak\n|\n|-heal|p1a: Gliscor|99\/100 tox|[from] ability: Poison Heal\n|upkeep\n|\n|t:|1697813461\n|switch|p2a: Typhlosion|Typhlosion-Hisui, M|100\/100\n|turn|11\n|\n|t:|1697813469\n|move|p1a: Gliscor|Earthquake|p2a: Typhlosion\n|-supereffective|p2a: Typhlosion\n|-damage|p2a: Typhlosion|0 fnt\n|faint|p2a: Typhlosion\n|\n|-heal|p1a: Gliscor|100\/100 tox|[from] ability: Poison Heal\n|upkeep\n|\n|t:|1697813490\n|switch|p2a: Ting-Lu|Ting-Lu|100\/100\n|-ability|p2a: Ting-Lu|Vessel of Ruin\n|turn|12\n|inactive|banankoja has 120 seconds left.\n|inactive|NGRxSCLYME has 120 seconds left.\n|\n|t:|1697813521\n|move|p1a: Gliscor|Toxic|p2a: Ting-Lu\n|-status|p2a: Ting-Lu|tox\n|move|p2a: Ting-Lu|Dark Pulse|p1a: Gliscor\n|-end|p1a: Gliscor|Substitute\n|\n|-damage|p2a: Ting-Lu|94\/100 tox|[from] psn\n|upkeep\n|turn|13\n|inactive|NGRxSCLYME has 120 seconds left.\n|\n|t:|1697813533\n|move|p1a: Gliscor|Protect|p1a: Gliscor\n|-singleturn|p1a: Gliscor|Protect\n|move|p2a: Ting-Lu|Dark Pulse|p1a: Gliscor\n|-activate|p1a: Gliscor|move: Protect\n|\n|-heal|p2a: Ting-Lu|100\/100 tox|[from] item: Leftovers\n|-damage|p2a: Ting-Lu|88\/100 tox|[from] psn\n|upkeep\n|turn|14\n|n|!banankoja|banankoja\n|\n|t:|1697813544\n|move|p1a: Gliscor|Substitute|p1a: Gliscor\n|-start|p1a: Gliscor|Substitute\n|-damage|p1a: Gliscor|75\/100 tox\n|move|p2a: Ting-Lu|Dark Pulse|p1a: Gliscor\n|-activate|p1a: Gliscor|move: Substitute|[damage]\n|\n|-heal|p2a: Ting-Lu|94\/100 tox|[from] item: Leftovers\n|-heal|p1a: Gliscor|88\/100 tox|[from] ability: Poison Heal\n|-damage|p2a: Ting-Lu|76\/100 tox|[from] psn\n|upkeep\n|turn|15\n|\n|t:|1697813564\n|move|p1a: Gliscor|Earthquake|p2a: Ting-Lu\n|-damage|p2a: Ting-Lu|51\/100 tox\n|move|p2a: Ting-Lu|Dark Pulse|p1a: Gliscor\n|-end|p1a: Gliscor|Substitute\n|\n|-heal|p2a: Ting-Lu|58\/100 tox|[from] item: Leftovers\n|-heal|p1a: Gliscor|99\/100 tox|[from] ability: Poison Heal\n|-damage|p2a: Ting-Lu|33\/100 tox|[from] psn\n|upkeep\n|turn|16\n|inactive|banankoja has 90 seconds left.\n|\n|t:|1697813589\n|move|p1a: Gliscor|Protect|p1a: Gliscor\n|-singleturn|p1a: Gliscor|Protect\n|move|p2a: Ting-Lu|Dark Pulse|p1a: Gliscor\n|-activate|p1a: Gliscor|move: Protect\n|\n|-heal|p2a: Ting-Lu|39\/100 tox|[from] item: Leftovers\n|-heal|p1a: Gliscor|100\/100 tox|[from] ability: Poison Heal\n|-damage|p2a: Ting-Lu|8\/100 tox|[from] psn\n|upkeep\n|turn|17\n|\n|t:|1697813602\n|move|p1a: Gliscor|Earthquake|p2a: Ting-Lu\n|-damage|p2a: Ting-Lu|0 fnt\n|faint|p2a: Ting-Lu\n|\n|upkeep\n|\n|t:|1697813607\n|switch|p2a: Rillaboom|Rillaboom, M|100\/100\n|-fieldstart|move: Grassy Terrain|[from] ability: Grassy Surge|[of] p2a: Rillaboom\n|turn|18\n|\n|t:|1697813619\n|-terastallize|p2a: Rillaboom|Grass\n|move|p1a: Gliscor|Substitute|p1a: Gliscor\n|-start|p1a: Gliscor|Substitute\n|-damage|p1a: Gliscor|75\/100 tox\n|move|p2a: Rillaboom|High Horsepower|p1a: Gliscor\n|-immune|p1a: Gliscor\n|\n|-heal|p1a: Gliscor|88\/100 tox|[from] ability: Poison Heal\n|upkeep\n|turn|19\n|\n|t:|1697813629\n|move|p1a: Gliscor|Toxic|p2a: Rillaboom\n|-status|p2a: Rillaboom|tox\n|move|p2a: Rillaboom|Body Slam|p1a: Gliscor\n|-end|p1a: Gliscor|Substitute\n|\n|-heal|p1a: Gliscor|99\/100 tox|[from] ability: Poison Heal\n|-damage|p2a: Rillaboom|94\/100 tox|[from] psn\n|upkeep\n|turn|20\n|\n|t:|1697813643\n|move|p1a: Gliscor|Substitute|p1a: Gliscor\n|-start|p1a: Gliscor|Substitute\n|-damage|p1a: Gliscor|75\/100 tox\n|move|p2a: Rillaboom|Solar Blade||[still]\n|-prepare|p2a: Rillaboom|Solar Blade\n|-enditem|p2a: Rillaboom|Power Herb\n|-anim|p2a: Rillaboom|Solar Blade|p1a: Gliscor\n|-end|p1a: Gliscor|Substitute\n|\n|-heal|p2a: Rillaboom|100\/100 tox|[from] Grassy Terrain\n|-heal|p1a: Gliscor|87\/100 tox|[from] ability: Poison Heal\n|-damage|p2a: Rillaboom|88\/100 tox|[from] psn\n|upkeep\n|turn|21\n|\n|t:|1697813656\n|move|p1a: Gliscor|Substitute|p1a: Gliscor\n|-start|p1a: Gliscor|Substitute\n|-damage|p1a: Gliscor|62\/100 tox\n|move|p2a: Rillaboom|Solar Blade||[still]\n|-prepare|p2a: Rillaboom|Solar Blade\n|\n|-heal|p2a: Rillaboom|94\/100 tox|[from] Grassy Terrain\n|-heal|p1a: Gliscor|75\/100 tox|[from] ability: Poison Heal\n|-damage|p2a: Rillaboom|76\/100 tox|[from] psn\n|upkeep\n|turn|22\n|\n|t:|1697813667\n|move|p1a: Gliscor|Protect|p1a: Gliscor\n|-singleturn|p1a: Gliscor|Protect\n|move|p2a: Rillaboom|Solar Blade|p1a: Gliscor|[from]lockedmove\n|-activate|p1a: Gliscor|move: Protect\n|\n|-heal|p2a: Rillaboom|82\/100 tox|[from] Grassy Terrain\n|-heal|p1a: Gliscor|87\/100 tox|[from] ability: Poison Heal\n|-damage|p2a: Rillaboom|57\/100 tox|[from] psn\n|-fieldend|move: Grassy Terrain\n|upkeep\n|turn|23\n|\n|t:|1697813680\n|move|p1a: Gliscor|Earthquake|p2a: Rillaboom\n|-resisted|p2a: Rillaboom\n|-damage|p2a: Rillaboom|36\/100 tox\n|move|p2a: Rillaboom|Body Slam|p1a: Gliscor\n|-end|p1a: Gliscor|Substitute\n|\n|-heal|p1a: Gliscor|99\/100 tox|[from] ability: Poison Heal\n|-damage|p2a: Rillaboom|5\/100 tox|[from] psn\n|upkeep\n|turn|24\n|\n|t:|1697813691\n|move|p1a: Gliscor|Earthquake|p2a: Rillaboom\n|-resisted|p2a: Rillaboom\n|-damage|p2a: Rillaboom|0 fnt\n|faint|p2a: Rillaboom\n|\n|-heal|p1a: Gliscor|100\/100 tox|[from] ability: Poison Heal\n|upkeep\n|\n|t:|1697813705\n|switch|p2a: Dialga|Dialga-Origin|100\/100\n|-ability|p2a: Dialga|Pressure\n|turn|25\n|inactive|banankoja has 90 seconds left.\n|\n|t:|1697813723\n|move|p1a: Gliscor|Earthquake|p2a: Dialga\n|-supereffective|p2a: Dialga\n|-damage|p2a: Dialga|30\/100\n|move|p2a: Dialga|Draco Meteor|p1a: Gliscor\n|-damage|p1a: Gliscor|0 fnt\n|-unboost|p2a: Dialga|spa|2\n|faint|p1a: Gliscor\n|\n|upkeep\n|\n|t:|1697813734\n|switch|p1a: Dragonite|Dragonite, M|100\/100\n|turn|26\n|inactive|banankoja has 90 seconds left.\n|\n|t:|1697813752\n|move|p2a: Dialga|Draco Meteor|p1a: Dragonite|[miss]\n|-miss|p2a: Dialga|p1a: Dragonite\n|move|p1a: Dragonite|Dragon Tail|p2a: Dialga\n|-damage|p2a: Dialga|9\/100\n|\n|upkeep\n|turn|27\n|inactive|banankoja has 90 seconds left.\n|\n|t:|1697813762\n|-terastallize|p1a: Dragonite|Steel\n|move|p2a: Dialga|Draco Meteor|p1a: Dragonite\n|-resisted|p1a: Dragonite\n|-damage|p1a: Dragonite|94\/100\n|-unboost|p2a: Dialga|spa|2\n|move|p1a: Dragonite|Dragon Tail|p2a: Dialga\n|-damage|p2a: Dialga|0 fnt\n|faint|p2a: Dialga\n|\n|win|NGRxSCLYME\n|raw|NGRxSCLYME's rating: 1102 &rarr; <strong>1121<\/strong><br \/>(+19 for winning)\n|raw|banankoja's rating: 1021 &rarr; <strong>1011<\/strong><br \/>(-10 for losing)\n","uploadtime":1697813543,"views":9,"p1id":"ngrxsclyme","p2id":"banankoja","formatid":"gen9anythinggoes","rating":1011,"private":0,"password":""}