{"id":"gen9anythinggoes-1996624432","p1":"Green Misfire","p2":"Sir_Rambage","format":"[Gen 9] Anything Goes","log":"|j|\u2606Green Misfire\n|j|\u2606Sir_Rambage\n|t:|1700702003\n|gametype|singles\n|player|p1|Green Misfire|acetrainer-gen4dp|1418\n|player|p2|Sir_Rambage|byron|1342\n|teamsize|p1|6\n|teamsize|p2|6\n|gen|9\n|tier|[Gen 9] Anything Goes\n|rated|\n|rule|HP Percentage Mod: HP is shown in percentages\n|rule|Endless Battle Clause: Forcing endless battles is banned\n|clearpoke\n|poke|p1|Ogerpon-Hearthflame, F|\n|poke|p1|Shaymin-Sky|\n|poke|p1|Meowscarada, F|\n|poke|p1|Leavanny, F|\n|poke|p1|Breloom, M|\n|poke|p1|Sinistcha-Masterpiece|\n|poke|p2|Mamoswine, F|\n|poke|p2|Iron Hands|\n|poke|p2|Umbreon, F|\n|poke|p2|Infernape, F|\n|poke|p2|Grimmsnarl, M|\n|poke|p2|Hawlucha, F|\n|teampreview\n|inactive|Battle timer is ON: inactive players will automatically lose when time's up. (requested by Green Misfire)\n|\n|t:|1700702011\n|start\n|switch|p1a: Mint|Leavanny, F|100\/100\n|switch|p2a: Grimmsnarl|Grimmsnarl, M|100\/100\n|turn|1\n|\n|t:|1700702019\n|move|p2a: Grimmsnarl|Taunt|p1a: Mint\n|-start|p1a: Mint|move: Taunt\n|cant|p1a: Mint|move: Taunt|Sticky Web\n|\n|upkeep\n|turn|2\n|\n|t:|1700702024\n|move|p2a: Grimmsnarl|Reflect|p2a: Grimmsnarl\n|-sidestart|p2: Sir_Rambage|Reflect\n|move|p1a: Mint|Leaf Blade|p2a: Grimmsnarl\n|-damage|p2a: Grimmsnarl|69\/100\n|\n|upkeep\n|turn|3\n|\n|t:|1700702042\n|move|p1a: Mint|Knock Off|p2a: Grimmsnarl\n|-resisted|p2a: Grimmsnarl\n|-damage|p2a: Grimmsnarl|65\/100\n|-enditem|p2a: Grimmsnarl|Light Clay|[from] move: Knock Off|[of] p1a: Mint\n|move|p2a: Grimmsnarl|Play Rough|p1a: Mint\n|-damage|p1a: Mint|37\/100\n|\n|-end|p1a: Mint|move: Taunt\n|upkeep\n|turn|4\n|\n|t:|1700702051\n|move|p2a: Grimmsnarl|Taunt|p1a: Mint\n|-start|p1a: Mint|move: Taunt\n|move|p1a: Mint|Leaf Blade|p2a: Grimmsnarl\n|-damage|p2a: Grimmsnarl|34\/100\n|\n|upkeep\n|turn|5\n|\n|t:|1700702072\n|move|p1a: Mint|Leaf Blade|p2a: Grimmsnarl\n|-damage|p2a: Grimmsnarl|4\/100\n|move|p2a: Grimmsnarl|False Surrender|p1a: Mint\n|-damage|p1a: Mint|0 fnt\n|faint|p1a: Mint\n|\n|upkeep\n|\n|t:|1700702086\n|switch|p1a: Little Mac|Breloom, M|100\/100\n|turn|6\n|\n|t:|1700702102\n|switch|p2a: Iron Hands|Iron Hands|100\/100\n|-enditem|p2a: Iron Hands|Booster Energy\n|-activate|p2a: Iron Hands|ability: Quark Drive|[fromitem]\n|-start|p2a: Iron Hands|quarkdrivedef\n|move|p1a: Little Mac|Mach Punch|p2a: Iron Hands\n|-damage|p2a: Iron Hands|94\/100\n|\n|upkeep\n|turn|7\n|\n|t:|1700702117\n|move|p1a: Little Mac|Spore|p2a: Iron Hands\n|-status|p2a: Iron Hands|slp|[from] move: Spore\n|cant|p2a: Iron Hands|slp\n|\n|upkeep\n|turn|8\n|\n|t:|1700702131\n|switch|p1a: Sencha|Sinistcha-Masterpiece|100\/100\n|cant|p2a: Iron Hands|slp\n|\n|upkeep\n|turn|9\n|\n|t:|1700702138\n|move|p1a: Sencha|Substitute|p1a: Sencha\n|-start|p1a: Sencha|Substitute\n|-damage|p1a: Sencha|76\/100\n|cant|p2a: Iron Hands|slp\n|\n|-sideend|p2: Sir_Rambage|Reflect\n|upkeep\n|turn|10\n|\n|t:|1700702148\n|move|p1a: Sencha|Matcha Gotcha|p2a: Iron Hands\n|-damage|p2a: Iron Hands|67\/100 slp\n|-heal|p1a: Sencha|93\/100|[from] drain|[of] p2a: Iron Hands\n|-curestatus|p2a: Iron Hands|slp|[msg]\n|move|p2a: Iron Hands|Play Rough|p1a: Sencha\n|-activate|p1a: Sencha|move: Substitute|[damage]\n|\n|upkeep\n|turn|11\n|\n|t:|1700702165\n|-end|p2a: Iron Hands|Quark Drive|[silent]\n|switch|p2a: Infernape|Infernape, F|100\/100\n|move|p1a: Sencha|Strength Sap|p2a: Infernape\n|-unboost|p2a: Infernape|atk|1\n|-heal|p1a: Sencha|100\/100\n|\n|upkeep\n|turn|12\n|\n|t:|1700702172\n|move|p2a: Infernape|Focus Energy|p2a: Infernape\n|-start|p2a: Infernape|move: Focus Energy\n|move|p1a: Sencha|Shadow Ball|p2a: Infernape\n|-damage|p2a: Infernape|53\/100\n|\n|upkeep\n|turn|13\n|\n|t:|1700702184\n|move|p2a: Infernape|Overheat|p1a: Sencha\n|-supereffective|p1a: Sencha\n|-crit|p1a: Sencha\n|-end|p1a: Sencha|Substitute\n|-unboost|p2a: Infernape|spa|2\n|move|p1a: Sencha|Shadow Ball|p2a: Infernape\n|-damage|p2a: Infernape|4\/100\n|\n|upkeep\n|turn|14\n|\n|t:|1700702192\n|move|p2a: Infernape|Overheat|p1a: Sencha\n|-supereffective|p1a: Sencha\n|-crit|p1a: Sencha\n|-damage|p1a: Sencha|0 fnt\n|-unboost|p2a: Infernape|spa|2\n|faint|p1a: Sencha\n|\n|upkeep\n|\n|t:|1700702211\n|switch|p1a: Little Mac|Breloom, M|100\/100\n|turn|15\n|\n|t:|1700702213\n|move|p1a: Little Mac|Mach Punch|p2a: Infernape\n|-damage|p2a: Infernape|0 fnt\n|faint|p2a: Infernape\n|\n|upkeep\n|\n|t:|1700702217\n|switch|p2a: Grimmsnarl|Grimmsnarl, M|4\/100\n|turn|16\n|\n|t:|1700702232\n|move|p1a: Little Mac|Mach Punch|p2a: Grimmsnarl\n|-damage|p2a: Grimmsnarl|0 fnt\n|faint|p2a: Grimmsnarl\n|\n|upkeep\n|\n|t:|1700702238\n|switch|p2a: Hawlucha|Hawlucha, F|100\/100\n|-item|p2a: Hawlucha|Air Balloon\n|turn|17\n|\n|t:|1700702250\n|move|p2a: Hawlucha|Acrobatics|p1a: Little Mac\n|-supereffective|p1a: Little Mac\n|-enditem|p1a: Little Mac|Focus Sash\n|-damage|p1a: Little Mac|1\/100\n|move|p1a: Little Mac|Spore|p2a: Hawlucha\n|-status|p2a: Hawlucha|slp|[from] move: Spore\n|\n|upkeep\n|turn|18\n|\n|t:|1700702257\n|cant|p2a: Hawlucha|slp\n|move|p1a: Little Mac|Rock Tomb|p2a: Hawlucha\n|-damage|p2a: Hawlucha|66\/100 slp\n|-unboost|p2a: Hawlucha|spe|1\n|-enditem|p2a: Hawlucha|Air Balloon\n|\n|upkeep\n|turn|19\n|\n|t:|1700702265\n|cant|p2a: Hawlucha|slp\n|move|p1a: Little Mac|Rock Tomb|p2a: Hawlucha\n|-damage|p2a: Hawlucha|31\/100 slp\n|-unboost|p2a: Hawlucha|spe|1\n|\n|upkeep\n|turn|20\n|\n|t:|1700702271\n|move|p1a: Little Mac|Mach Punch|p2a: Hawlucha\n|-resisted|p2a: Hawlucha\n|-damage|p2a: Hawlucha|14\/100 slp\n|cant|p2a: Hawlucha|slp\n|\n|upkeep\n|turn|21\n|\n|t:|1700702276\n|move|p1a: Little Mac|Mach Punch|p2a: Hawlucha\n|-resisted|p2a: Hawlucha\n|-damage|p2a: Hawlucha|0 fnt\n|faint|p2a: Hawlucha\n|\n|upkeep\n|\n|t:|1700702284\n|switch|p2a: Mamoswine|Mamoswine, F|100\/100\n|turn|22\n|\n|t:|1700702289\n|move|p1a: Little Mac|Mach Punch|p2a: Mamoswine\n|-supereffective|p2a: Mamoswine\n|-damage|p2a: Mamoswine|39\/100\n|-enditem|p2a: Mamoswine|Weakness Policy\n|-boost|p2a: Mamoswine|atk|2|[from] item: Weakness Policy\n|-boost|p2a: Mamoswine|spa|2|[from] item: Weakness Policy\n|move|p2a: Mamoswine|Trailblaze|p1a: Little Mac\n|-resisted|p1a: Little Mac\n|-damage|p1a: Little Mac|0 fnt\n|-boost|p2a: Mamoswine|spe|1\n|faint|p1a: Little Mac\n|\n|upkeep\n|\n|t:|1700702293\n|switch|p1a: Bandit|Meowscarada, F|100\/100\n|turn|23\n|\n|t:|1700702301\n|move|p1a: Bandit|Flower Trick|p2a: Mamoswine\n|-start|p1a: Bandit|typechange|Grass|[from] ability: Protean\n|-supereffective|p2a: Mamoswine\n|-crit|p2a: Mamoswine\n|-damage|p2a: Mamoswine|0 fnt\n|faint|p2a: Mamoswine\n|\n|upkeep\n|\n|t:|1700702310\n|switch|p2a: Umbreon|Umbreon, F|100\/100\n|turn|24\n|\n|t:|1700702315\n|switch|p1a: Hearts|Ogerpon-Hearthflame, F|100\/100\n|-ability|p1a: Hearts|Mold Breaker\n|move|p2a: Umbreon|Thunder Wave|p1a: Hearts\n|-status|p1a: Hearts|par\n|\n|upkeep\n|turn|25\n|\n|t:|1700702323\n|-terastallize|p1a: Hearts|Fire\n|detailschange|p1a: Hearts|Ogerpon-Hearthflame-Tera, F, tera:Fire\n|-ability|p1a: Hearts|Embody Aspect (Hearthflame)|boost\n|-boost|p1a: Hearts|atk|1\n|cant|p1a: Hearts|par\n|move|p2a: Umbreon|Curse|p2a: Umbreon\n|-unboost|p2a: Umbreon|spe|1\n|-boost|p2a: Umbreon|atk|1\n|-boost|p2a: Umbreon|def|1\n|\n|upkeep\n|turn|26\n|\n|t:|1700702332\n|move|p1a: Hearts|Ivy Cudgel|p2a: Umbreon|[anim] Ivy Cudgel Fire\n|-damage|p2a: Umbreon|49\/100\n|move|p2a: Umbreon|Curse|p2a: Umbreon\n|-unboost|p2a: Umbreon|spe|1\n|-boost|p2a: Umbreon|atk|1\n|-boost|p2a: Umbreon|def|1\n|\n|-heal|p2a: Umbreon|55\/100|[from] item: Leftovers\n|upkeep\n|turn|27\n|\n|t:|1700702340\n|move|p1a: Hearts|Ivy Cudgel|p2a: Umbreon|[anim] Ivy Cudgel Fire\n|-damage|p2a: Umbreon|11\/100\n|move|p2a: Umbreon|Moonlight|p2a: Umbreon\n|-heal|p2a: Umbreon|61\/100\n|\n|-heal|p2a: Umbreon|67\/100|[from] item: Leftovers\n|upkeep\n|turn|28\n|\n|t:|1700702349\n|cant|p1a: Hearts|par\n|move|p2a: Umbreon|Moonlight|p2a: Umbreon\n|-heal|p2a: Umbreon|100\/100\n|\n|upkeep\n|turn|29\n|\n|t:|1700702356\n|move|p1a: Hearts|Knock Off|p2a: Umbreon\n|-resisted|p2a: Umbreon\n|-damage|p2a: Umbreon|90\/100\n|-enditem|p2a: Umbreon|Leftovers|[from] move: Knock Off|[of] p1a: Hearts\n|move|p2a: Umbreon|Assurance|p1a: Hearts\n|-damage|p1a: Hearts|61\/100 par\n|\n|upkeep\n|turn|30\n|\n|t:|1700702362\n|cant|p1a: Hearts|par\n|move|p2a: Umbreon|Curse|p2a: Umbreon\n|-unboost|p2a: Umbreon|spe|1\n|-boost|p2a: Umbreon|atk|1\n|-boost|p2a: Umbreon|def|1\n|\n|upkeep\n|turn|31\n|\n|t:|1700702368\n|move|p1a: Hearts|Ivy Cudgel|p2a: Umbreon|[anim] Ivy Cudgel Fire\n|-damage|p2a: Umbreon|55\/100\n|move|p2a: Umbreon|Assurance|p1a: Hearts\n|-damage|p1a: Hearts|9\/100 par\n|\n|upkeep\n|turn|32\n|\n|t:|1700702374\n|cant|p1a: Hearts|par\n|move|p2a: Umbreon|Moonlight|p2a: Umbreon\n|-heal|p2a: Umbreon|100\/100\n|\n|upkeep\n|turn|33\n|\n|t:|1700702378\n|cant|p1a: Hearts|par\n|move|p2a: Umbreon|Assurance|p1a: Hearts\n|-damage|p1a: Hearts|0 fnt\n|faint|p1a: Hearts\n|\n|upkeep\n|\n|t:|1700702380\n|switch|p1a: Gracidia|Shaymin-Sky|100\/100\n|turn|34\n|\n|t:|1700702385\n|move|p1a: Gracidia|Air Slash|p2a: Umbreon\n|-damage|p2a: Umbreon|79\/100\n|cant|p2a: Umbreon|flinch\n|\n|upkeep\n|turn|35\n|\n|t:|1700702389\n|move|p1a: Gracidia|Air Slash|p2a: Umbreon\n|-damage|p2a: Umbreon|59\/100\n|cant|p2a: Umbreon|flinch\n|\n|upkeep\n|turn|36\n|\n|t:|1700702393\n|move|p1a: Gracidia|Air Slash|p2a: Umbreon\n|-crit|p2a: Umbreon\n|-damage|p2a: Umbreon|24\/100\n|move|p2a: Umbreon|Thunder Wave|p1a: Gracidia\n|-status|p1a: Gracidia|par\n|\n|upkeep\n|turn|37\n|\n|t:|1700702399\n|cant|p1a: Gracidia|par\n|move|p2a: Umbreon|Moonlight|p2a: Umbreon\n|-heal|p2a: Umbreon|74\/100\n|\n|upkeep\n|turn|38\n|\n|t:|1700702403\n|move|p1a: Gracidia|Air Slash|p2a: Umbreon\n|-damage|p2a: Umbreon|51\/100\n|move|p2a: Umbreon|Assurance|p1a: Gracidia\n|-damage|p1a: Gracidia|53\/100 par\n|\n|upkeep\n|turn|39\n|\n|t:|1700702409\n|move|p1a: Gracidia|Air Slash|p2a: Umbreon\n|-damage|p2a: Umbreon|31\/100\n|move|p2a: Umbreon|Moonlight|p2a: Umbreon\n|-heal|p2a: Umbreon|81\/100\n|\n|upkeep\n|turn|40\n|\n|t:|1700702414\n|cant|p1a: Gracidia|par\n|move|p2a: Umbreon|Assurance|p1a: Gracidia\n|-damage|p1a: Gracidia|6\/100 par\n|\n|upkeep\n|turn|41\n|\n|t:|1700702426\n|move|p1a: Gracidia|Air Slash|p2a: Umbreon\n|-damage|p2a: Umbreon|60\/100\n|move|p2a: Umbreon|Assurance|p1a: Gracidia\n|-damage|p1a: Gracidia|0 fnt\n|faint|p1a: Gracidia\n|\n|upkeep\n|\n|t:|1700702428\n|switch|p1a: Bandit|Meowscarada, F|100\/100\n|turn|42\n|\n|t:|1700702433\n|move|p1a: Bandit|Flower Trick|p2a: Umbreon\n|-start|p1a: Bandit|typechange|Grass|[from] ability: Protean\n|-crit|p2a: Umbreon\n|-damage|p2a: Umbreon|25\/100\n|move|p2a: Umbreon|Thunder Wave|p1a: Bandit\n|-status|p1a: Bandit|par\n|\n|upkeep\n|turn|43\n|\n|t:|1700702441\n|move|p1a: Bandit|Flower Trick|p2a: Umbreon\n|-crit|p2a: Umbreon\n|-damage|p2a: Umbreon|0 fnt\n|faint|p2a: Umbreon\n|\n|upkeep\n|\n|t:|1700702446\n|switch|p2a: Iron Hands|Iron Hands|67\/100\n|turn|44\n|\n|t:|1700702454\n|-terastallize|p2a: Iron Hands|Flying\n|cant|p1a: Bandit|par\n|move|p2a: Iron Hands|Drain Punch|p1a: Bandit\n|-damage|p1a: Bandit|50\/100 par\n|-heal|p2a: Iron Hands|84\/100|[from] drain|[of] p1a: Bandit\n|\n|upkeep\n|turn|45\n|-message|Green Misfire forfeited.\n|\n|win|Sir_Rambage\n|raw|Green Misfire's rating: 1403 &rarr; <strong>1380<\/strong><br \/>(-23 for losing)\n|raw|Sir_Rambage's rating: 1342 &rarr; <strong>1365<\/strong><br \/>(+23 for winning)\n|l|\u2606Green Misfire\n","uploadtime":1700702469,"views":0,"p1id":"greenmisfire","p2id":"sirrambage","formatid":"gen9anythinggoes","rating":1365,"private":0,"password":""}