{"id":"gen9anythinggoes-1983562238","p1":"jxjpenguin","p2":"Zekthesnek","format":"[Gen 9] Anything Goes","log":"|j|\u2606jxjpenguin\n|j|\u2606Zekthesnek\n|t:|1699143681\n|gametype|singles\n|player|p1|jxjpenguin|elesa|\n|player|p2|Zekthesnek|102|\n|teamsize|p1|6\n|teamsize|p2|6\n|gen|9\n|tier|[Gen 9] Anything Goes\n|rule|HP Percentage Mod: HP is shown in percentages\n|rule|Endless Battle Clause: Forcing endless battles is banned\n|clearpoke\n|poke|p1|Dragapult, M|\n|poke|p1|Samurott-Hisui, M|\n|poke|p1|Raichu, F|\n|poke|p1|Gardevoir, M|\n|poke|p1|Vaporeon, F|\n|poke|p1|Tsareena, F|\n|poke|p2|Iron Hands|\n|poke|p2|Alomomola, F|\n|poke|p2|Landorus-Therian, M|\n|poke|p2|Yanmega, M|\n|poke|p2|Manaphy|\n|poke|p2|Zapdos|\n|teampreview\n|j| FLOOR IT\n|\n|t:|1699143753\n|start\n|switch|p1a: Ricky Rat|Raichu, F, shiny|100\/100\n|switch|p2a: Iron Hands|Iron Hands|100\/100\n|turn|1\n|j| Frosty458\n|\n|t:|1699143851\n|-terastallize|p1a: Ricky Rat|Water\n|move|p1a: Ricky Rat|Draining Kiss|p2a: Iron Hands\n|-supereffective|p2a: Iron Hands\n|-crit|p2a: Iron Hands\n|-damage|p2a: Iron Hands|71\/100\n|move|p2a: Iron Hands|Heavy Slam|p1a: Ricky Rat\n|-resisted|p1a: Ricky Rat\n|-crit|p1a: Ricky Rat\n|-damage|p1a: Ricky Rat|30\/100\n|\n|upkeep\n|turn|2\n|j| Ryno5311\n|\n|t:|1699143895\n|switch|p1a: Totally Not Sus|Gardevoir, M, shiny|100\/100\n|move|p2a: Iron Hands|Drain Punch|p1a: Totally Not Sus\n|-resisted|p1a: Totally Not Sus\n|-damage|p1a: Totally Not Sus|84\/100\n|-heal|p2a: Iron Hands|76\/100|[from] drain|[of] p1a: Totally Not Sus\n|\n|upkeep\n|turn|3\n|\n|t:|1699143945\n|move|p1a: Totally Not Sus|Moonblast|p2a: Iron Hands\n|-supereffective|p2a: Iron Hands\n|-damage|p2a: Iron Hands|28\/100\n|move|p2a: Iron Hands|Heavy Slam|p1a: Totally Not Sus\n|-supereffective|p1a: Totally Not Sus\n|-damage|p1a: Totally Not Sus|0 fnt\n|faint|p1a: Totally Not Sus\n|\n|upkeep\n|\n|t:|1699143972\n|switch|p1a: Getting Milk|Dragapult, M, shiny|100\/100\n|turn|4\n|\n|t:|1699143984\n|-end|p2a: Iron Hands|Quark Drive|[silent]\n|switch|p2a: Alomomola|Alomomola, F|100\/100\n|move|p1a: Getting Milk|Psychic Fangs|p2a: Alomomola\n|-damage|p2a: Alomomola|83\/100\n|-enditem|p2a: Alomomola|Red Card|[of] p1a: Getting Milk\n|drag|p1a: DidUKnowInTermsOf|Vaporeon, F, shiny|100\/100\n|\n|upkeep\n|turn|5\n|\n|t:|1699143996\n|move|p1a: DidUKnowInTermsOf|Calm Mind|p1a: DidUKnowInTermsOf\n|-boost|p1a: DidUKnowInTermsOf|spa|1\n|-boost|p1a: DidUKnowInTermsOf|spd|1\n|move|p2a: Alomomola|Wish|p2a: Alomomola\n|\n|upkeep\n|turn|6\n|\n|t:|1699144001\n|move|p1a: DidUKnowInTermsOf|Calm Mind|p1a: DidUKnowInTermsOf\n|-boost|p1a: DidUKnowInTermsOf|spa|1\n|-boost|p1a: DidUKnowInTermsOf|spd|1\n|move|p2a: Alomomola|Flip Turn|p1a: DidUKnowInTermsOf\n|-immune|p1a: DidUKnowInTermsOf|[from] ability: Water Absorb\n|\n|-heal|p2a: Alomomola|100\/100|[from] move: Wish|[wisher] Alomomola\n|upkeep\n|turn|7\n|\n|t:|1699144022\n|switch|p2a: Manaphy|Manaphy|100\/100\n|move|p1a: DidUKnowInTermsOf|Surf|p2a: Manaphy\n|-resisted|p2a: Manaphy\n|-damage|p2a: Manaphy|69\/100\n|\n|-heal|p2a: Manaphy|75\/100|[from] item: Leftovers\n|upkeep\n|turn|8\n|\n|t:|1699144033\n|move|p2a: Manaphy|Tail Glow|p2a: Manaphy\n|-boost|p2a: Manaphy|spa|3\n|move|p1a: DidUKnowInTermsOf|Calm Mind|p1a: DidUKnowInTermsOf\n|-boost|p1a: DidUKnowInTermsOf|spa|1\n|-boost|p1a: DidUKnowInTermsOf|spd|1\n|\n|-heal|p2a: Manaphy|81\/100|[from] item: Leftovers\n|upkeep\n|turn|9\n|\n|t:|1699144041\n|move|p2a: Manaphy|Energy Ball|p1a: DidUKnowInTermsOf\n|-supereffective|p1a: DidUKnowInTermsOf\n|-damage|p1a: DidUKnowInTermsOf|57\/100\n|move|p1a: DidUKnowInTermsOf|Calm Mind|p1a: DidUKnowInTermsOf\n|-boost|p1a: DidUKnowInTermsOf|spa|1\n|-boost|p1a: DidUKnowInTermsOf|spd|1\n|\n|-heal|p2a: Manaphy|87\/100|[from] item: Leftovers\n|upkeep\n|turn|10\n|\n|t:|1699144050\n|move|p2a: Manaphy|Tail Glow|p2a: Manaphy\n|-boost|p2a: Manaphy|spa|3\n|move|p1a: DidUKnowInTermsOf|Wish|p1a: DidUKnowInTermsOf\n|\n|-heal|p2a: Manaphy|93\/100|[from] item: Leftovers\n|upkeep\n|turn|11\n|\n|t:|1699144063\n|move|p2a: Manaphy|Energy Ball|p1a: DidUKnowInTermsOf\n|-supereffective|p1a: DidUKnowInTermsOf\n|-crit|p1a: DidUKnowInTermsOf\n|-damage|p1a: DidUKnowInTermsOf|0 fnt\n|faint|p1a: DidUKnowInTermsOf\n|\n|-heal|p2a: Manaphy|99\/100|[from] item: Leftovers\n|upkeep\n|\n|t:|1699144069\n|switch|p1a: Ricky Rat|Raichu, F, shiny, tera:Water|30\/100\n|turn|12\n|\n|t:|1699144082\n|move|p1a: Ricky Rat|Surf|p2a: Manaphy\n|-resisted|p2a: Manaphy\n|-damage|p2a: Manaphy|71\/100\n|move|p2a: Manaphy|Energy Ball|p1a: Ricky Rat\n|-supereffective|p1a: Ricky Rat\n|-damage|p1a: Ricky Rat|0 fnt\n|faint|p1a: Ricky Rat\n|\n|-heal|p2a: Manaphy|78\/100|[from] item: Leftovers\n|upkeep\n|\n|t:|1699144091\n|switch|p1a: The Queen|Tsareena, F, shiny|100\/100\n|turn|13\n|\n|t:|1699144094\n|move|p2a: Manaphy|Ice Beam|p1a: The Queen\n|-supereffective|p1a: The Queen\n|-crit|p1a: The Queen\n|-damage|p1a: The Queen|0 fnt\n|faint|p1a: The Queen\n|\n|-heal|p2a: Manaphy|84\/100|[from] item: Leftovers\n|upkeep\n|\n|t:|1699144101\n|switch|p1a: Getting Milk|Dragapult, M, shiny|100\/100\n|turn|14\n|\n|t:|1699144106\n|move|p1a: Getting Milk|Dragon Darts|p2a: Manaphy\n|-damage|p2a: Manaphy|56\/100\n|-anim|p1a: Getting Milk|Dragon Darts|p2a: Manaphy\n|-damage|p2a: Manaphy|29\/100\n|move|p2a: Manaphy|Ice Beam|p1a: Getting Milk\n|-supereffective|p1a: Getting Milk\n|-crit|p1a: Getting Milk\n|-enditem|p1a: Getting Milk|Focus Sash\n|-damage|p1a: Getting Milk|1\/100\n|-status|p1a: Getting Milk|frz\n|\n|-heal|p2a: Manaphy|35\/100|[from] item: Leftovers\n|upkeep\n|turn|15\n|\n|t:|1699144118\n|switch|p1a: Seal Goodman|Samurott-Hisui, M, shiny|100\/100\n|move|p2a: Manaphy|Energy Ball|p1a: Seal Goodman\n|-supereffective|p1a: Seal Goodman\n|-damage|p1a: Seal Goodman|0 fnt\n|faint|p1a: Seal Goodman\n|\n|-heal|p2a: Manaphy|41\/100|[from] item: Leftovers\n|upkeep\n|\n|t:|1699144126\n|switch|p1a: Getting Milk|Dragapult, M, shiny|1\/100 frz\n|turn|16\n|\n|t:|1699144130\n|cant|p1a: Getting Milk|frz\n|move|p2a: Manaphy|Energy Ball|p1a: Getting Milk\n|-resisted|p1a: Getting Milk\n|-damage|p1a: Getting Milk|0 fnt\n|faint|p1a: Getting Milk\n|\n|win|Zekthesnek\n|c|\u2606Zekthesnek|gg\n|l|\u2606jxjpenguin\n|c|\u2606Zekthesnek|unlucky freeze\n|l| Frosty458\n|l| Ryno5311\n","uploadtime":1699144145,"views":17,"p1id":"jxjpenguin","p2id":"zekthesnek","formatid":"gen9anythinggoes","rating":0,"private":0,"password":""}