{"id":"gen9anythinggoes-1999179816","p1":"roblox coil sound","p2":"blakemew3509","format":"[Gen 9] Anything Goes","log":"|j|\u2606roblox coil sound\n|j|\u2606blakemew3509\n|t:|1701042102\n|gametype|singles\n|player|p1|roblox coil sound|265|1100\n|player|p2|blakemew3509|102|1000\n|teamsize|p1|6\n|teamsize|p2|6\n|gen|9\n|tier|[Gen 9] Anything Goes\n|rated|\n|rule|HP Percentage Mod: HP is shown in percentages\n|rule|Endless Battle Clause: Forcing endless battles is banned\n|clearpoke\n|poke|p1|Kingambit, M|\n|poke|p1|Wattrel, L1, F|\n|poke|p1|Meowscarada, F|\n|poke|p1|Flutter Mane|\n|poke|p1|Garganacl, M|\n|poke|p1|Glimmora, M|\n|poke|p2|Zacian-*|\n|poke|p2|Rayquaza|\n|poke|p2|Mew|\n|poke|p2|Urshifu-*, F|\n|poke|p2|Roaring Moon|\n|poke|p2|Landorus-Therian, M|\n|teampreview\n|\n|t:|1701042112\n|start\n|switch|p1a: Glimmora|Glimmora, M|100\/100\n|switch|p2a: Zacian|Zacian-Crowned, shiny|100\/100\n|-ability|p2a: Zacian|Intrepid Sword|boost\n|-boost|p2a: Zacian|atk|1\n|turn|1\n|\n|t:|1701042118\n|move|p2a: Zacian|Close Combat|p1a: Glimmora\n|-damage|p1a: Glimmora|26\/100\n|-unboost|p2a: Zacian|def|1\n|-unboost|p2a: Zacian|spd|1\n|-activate|p1a: Glimmora|ability: Toxic Debris\n|-sidestart|p2: blakemew3509|move: Toxic Spikes\n|move|p1a: Glimmora|Spikes|p2a: Zacian\n|-sidestart|p2: blakemew3509|Spikes\n|\n|upkeep\n|turn|2\n|\n|t:|1701042125\n|move|p2a: Zacian|Close Combat|p1a: Glimmora\n|-damage|p1a: Glimmora|0 fnt\n|-unboost|p2a: Zacian|def|1\n|-unboost|p2a: Zacian|spd|1\n|-activate|p1a: Glimmora|ability: Toxic Debris\n|-sidestart|p2: blakemew3509|move: Toxic Spikes\n|faint|p1a: Glimmora\n|\n|upkeep\n|\n|t:|1701042133\n|switch|p1a: Wattrel|Wattrel, L1, F|100\/100\n|turn|3\n|\n|t:|1701042141\n|move|p2a: Zacian|Behemoth Blade|p1a: Wattrel\n|-resisted|p1a: Wattrel\n|-enditem|p1a: Wattrel|Focus Sash\n|-damage|p1a: Wattrel|9\/100\n|move|p1a: Wattrel|Endeavor|p2a: Zacian\n|-damage|p2a: Zacian|1\/100\n|\n|upkeep\n|turn|4\n|inactive|Battle timer is ON: inactive players will automatically lose when time's up. (requested by roblox coil sound)\n|\n|t:|1701042148\n|move|p1a: Wattrel|Quick Attack|p2a: Zacian\n|-resisted|p2a: Zacian\n|-damage|p2a: Zacian|0 fnt\n|faint|p2a: Zacian\n|\n|upkeep\n|\n|t:|1701042152\n|switch|p2a: Landorus|Landorus-Therian, M, shiny|100\/100\n|-ability|p2a: Landorus|Intimidate|boost\n|-unboost|p1a: Wattrel|atk|1\n|turn|5\n|\n|t:|1701042158\n|move|p2a: Landorus|Earthquake|p1a: Wattrel\n|-immune|p1a: Wattrel\n|move|p1a: Wattrel|Endeavor|p2a: Landorus\n|-damage|p2a: Landorus|1\/100\n|\n|upkeep\n|turn|6\n|\n|t:|1701042162\n|move|p1a: Wattrel|Quick Attack|p2a: Landorus\n|-damage|p2a: Landorus|0 fnt\n|faint|p2a: Landorus\n|\n|upkeep\n|\n|t:|1701042166\n|switch|p2a: Rayquaza|Rayquaza, shiny|100\/100\n|-ability|p2a: Rayquaza|Air Lock\n|turn|7\n|\n|t:|1701042175\n|move|p2a: Rayquaza|Dragon Pulse|p1a: Wattrel\n|-damage|p1a: Wattrel|0 fnt\n|faint|p1a: Wattrel\n|\n|upkeep\n|\n|t:|1701042186\n|switch|p1a: Meowscarada|Meowscarada, F|100\/100\n|turn|8\n|\n|t:|1701042191\n|move|p1a: Meowscarada|Play Rough|p2a: Rayquaza\n|-start|p1a: Meowscarada|typechange|Fairy|[from] ability: Protean\n|-supereffective|p2a: Rayquaza\n|-damage|p2a: Rayquaza|10\/100\n|move|p2a: Rayquaza|Dragon Ascent|p1a: Meowscarada\n|-enditem|p1a: Meowscarada|Focus Sash\n|-damage|p1a: Meowscarada|1\/100\n|-unboost|p2a: Rayquaza|def|1\n|-unboost|p2a: Rayquaza|spd|1\n|\n|upkeep\n|turn|9\n|\n|t:|1701042199\n|move|p1a: Meowscarada|Play Rough|p2a: Rayquaza\n|-supereffective|p2a: Rayquaza\n|-damage|p2a: Rayquaza|0 fnt\n|faint|p2a: Rayquaza\n|\n|upkeep\n|\n|t:|1701042205\n|switch|p2a: Mew|Mew, shiny|100\/100\n|-status|p2a: Mew|tox\n|-damage|p2a: Mew|88\/100 tox|[from] Spikes\n|turn|10\n|\n|t:|1701042209\n|move|p1a: Meowscarada|Knock Off|p2a: Mew\n|-supereffective|p2a: Mew\n|-damage|p2a: Mew|29\/100 tox\n|-enditem|p2a: Mew|Assault Vest|[from] move: Knock Off|[of] p1a: Meowscarada\n|move|p2a: Mew|Psychic|p1a: Meowscarada\n|-damage|p1a: Meowscarada|0 fnt\n|faint|p1a: Meowscarada\n|\n|-damage|p2a: Mew|23\/100 tox|[from] psn\n|upkeep\n|\n|t:|1701042213\n|switch|p1a: Garganacl|Garganacl, M|100\/100\n|turn|11\n|\n|t:|1701042219\n|move|p2a: Mew|Imprison|p2a: Mew\n|-start|p2a: Mew|move: Imprison\n|move|p1a: Garganacl|Iron Defense|p1a: Garganacl\n|-boost|p1a: Garganacl|def|2\n|\n|-damage|p2a: Mew|10\/100 tox|[from] psn\n|upkeep\n|turn|12\n|\n|t:|1701042228\n|move|p2a: Mew|Transform|p1a: Garganacl\n|-transform|p2a: Mew|p1a: Garganacl\n|cant|p1a: Garganacl|move: Imprison|Iron Defense\n|\n|-damage|p2a: Mew|0 fnt|[from] psn\n|faint|p2a: Mew\n|upkeep\n|\n|t:|1701042234\n|switch|p2a: Roaring Moon|Roaring Moon, shiny|100\/100\n|-status|p2a: Roaring Moon|tox\n|-damage|p2a: Roaring Moon|88\/100 tox|[from] Spikes\n|-enditem|p2a: Roaring Moon|Booster Energy\n|-activate|p2a: Roaring Moon|ability: Protosynthesis|[fromitem]\n|-start|p2a: Roaring Moon|protosynthesisspe\n|turn|13\n|\n|t:|1701042238\n|move|p2a: Roaring Moon|Earthquake|p1a: Garganacl\n|-supereffective|p1a: Garganacl\n|-damage|p1a: Garganacl|86\/100\n|move|p1a: Garganacl|Iron Defense|p1a: Garganacl\n|-boost|p1a: Garganacl|def|2\n|\n|-heal|p1a: Garganacl|92\/100|[from] item: Leftovers\n|-damage|p2a: Roaring Moon|82\/100 tox|[from] psn\n|upkeep\n|turn|14\n|\n|t:|1701042242\n|move|p2a: Roaring Moon|Dragon Dance|p2a: Roaring Moon\n|-boost|p2a: Roaring Moon|atk|1\n|-boost|p2a: Roaring Moon|spe|1\n|move|p1a: Garganacl|Iron Defense|p1a: Garganacl\n|-boost|p1a: Garganacl|def|2\n|\n|-heal|p1a: Garganacl|99\/100|[from] item: Leftovers\n|-damage|p2a: Roaring Moon|70\/100 tox|[from] psn\n|upkeep\n|turn|15\n|\n|t:|1701042245\n|move|p2a: Roaring Moon|Dragon Dance|p2a: Roaring Moon\n|-boost|p2a: Roaring Moon|atk|1\n|-boost|p2a: Roaring Moon|spe|1\n|move|p1a: Garganacl|Body Press|p2a: Roaring Moon\n|-supereffective|p2a: Roaring Moon\n|-damage|p2a: Roaring Moon|0 fnt\n|faint|p2a: Roaring Moon\n|-end|p2a: Roaring Moon|Protosynthesis|[silent]\n|\n|-heal|p1a: Garganacl|100\/100|[from] item: Leftovers\n|upkeep\n|\n|t:|1701042248\n|switch|p2a: Urshifu|Urshifu-Rapid-Strike, F|100\/100\n|-status|p2a: Urshifu|tox\n|-damage|p2a: Urshifu|88\/100 tox|[from] Spikes\n|turn|16\n|\n|t:|1701042252\n|move|p2a: Urshifu|Close Combat|p1a: Garganacl\n|-supereffective|p1a: Garganacl\n|-damage|p1a: Garganacl|84\/100\n|-unboost|p2a: Urshifu|def|1\n|-unboost|p2a: Urshifu|spd|1\n|-damage|p2a: Urshifu|78\/100 tox|[from] item: Life Orb\n|move|p1a: Garganacl|Body Press|p2a: Urshifu\n|-damage|p2a: Urshifu|0 fnt\n|faint|p2a: Urshifu\n|\n|win|roblox coil sound\n|raw|roblox coil sound's rating: 1100 &rarr; <strong>1118<\/strong><br \/>(+18 for winning)\n|raw|blakemew3509's rating: 1000 &rarr; <strong>1000<\/strong><br \/>(+0 for losing)\n","uploadtime":1701042258,"views":6,"p1id":"robloxcoilsound","p2id":"blakemew3509","formatid":"gen9anythinggoes","rating":1000,"private":0,"password":""}