{"id":"gen9anythinggoes-1997210493","p1":"Zoroarkilusionista","p2":"LondonTheCool","format":"[Gen 9] Anything Goes","log":"|j|\u2606Zoroarkilusionista\n|j|\u2606LondonTheCool\n|t:|1700775948\n|gametype|singles\n|player|p1|Zoroarkilusionista|shauntal|1183\n|player|p2|LondonTheCool|pokemaniac|1018\n|teamsize|p1|6\n|teamsize|p2|6\n|gen|9\n|tier|[Gen 9] Anything Goes\n|rated|\n|rule|HP Percentage Mod: HP is shown in percentages\n|rule|Endless Battle Clause: Forcing endless battles is banned\n|clearpoke\n|poke|p1|Calyrex-Shadow|\n|poke|p1|Arceus|\n|poke|p1|Chien-Pao|\n|poke|p1|Ogerpon-Hearthflame, F|\n|poke|p1|Mewtwo|\n|poke|p1|Ribombee, M|\n|poke|p2|Yanmega, M|\n|poke|p2|Drednaw, M|\n|poke|p2|Espathra, F|\n|poke|p2|Umbreon, F|\n|poke|p2|Landorus-Therian, M|\n|poke|p2|Kilowattrel, M|\n|teampreview\n|inactive|Battle timer is ON: inactive players will automatically lose when time's up. (requested by Zoroarkilusionista)\n|\n|t:|1700775954\n|start\n|switch|p1a: Ribombee|Ribombee, M|100\/100\n|switch|p2a: Koopa|Drednaw, M, shiny|100\/100\n|turn|1\n|\n|t:|1700775962\n|move|p1a: Ribombee|Sticky Web|p2a: Koopa\n|-sidestart|p2: LondonTheCool|move: Sticky Web\n|move|p2a: Koopa|Stealth Rock|p1a: Ribombee\n|-sidestart|p1: Zoroarkilusionista|move: Stealth Rock\n|\n|upkeep\n|turn|2\n|\n|t:|1700775967\n|move|p1a: Ribombee|Stun Spore|p2a: Koopa\n|-status|p2a: Koopa|par\n|move|p2a: Koopa|Shell Smash|p2a: Koopa\n|-unboost|p2a: Koopa|def|1\n|-unboost|p2a: Koopa|spd|1\n|-boost|p2a: Koopa|atk|2\n|-boost|p2a: Koopa|spa|2\n|-boost|p2a: Koopa|spe|2\n|\n|upkeep\n|turn|3\n|\n|t:|1700775976\n|move|p1a: Ribombee|Charm|p2a: Koopa\n|-unboost|p2a: Koopa|atk|2\n|cant|p2a: Koopa|par\n|\n|upkeep\n|turn|4\n|\n|t:|1700775982\n|move|p1a: Ribombee|Charm|p2a: Koopa\n|-unboost|p2a: Koopa|atk|2\n|move|p2a: Koopa|Jaw Lock|p1a: Ribombee\n|-resisted|p1a: Ribombee\n|-damage|p1a: Ribombee|84\/100\n|-activate|p2a: Koopa|trapped\n|-activate|p1a: Ribombee|trapped\n|\n|upkeep\n|turn|5\n|\n|t:|1700775991\n|move|p1a: Ribombee|Charm|p2a: Koopa\n|-unboost|p2a: Koopa|atk|2\n|cant|p2a: Koopa|par\n|\n|upkeep\n|turn|6\n|\n|t:|1700775997\n|move|p1a: Ribombee|U-turn|p2a: Koopa\n|-damage|p2a: Koopa|73\/100 par\n|\n|t:|1700776004\n|switch|p1a: Chien-Pao|Chien-Pao|100\/100|[from] U-turn\n|-damage|p1a: Chien-Pao|76\/100|[from] Stealth Rock\n|-ability|p1a: Chien-Pao|Sword of Ruin\n|cant|p2a: Koopa|par\n|\n|upkeep\n|turn|7\n|\n|t:|1700776012\n|move|p1a: Chien-Pao|Ice Spinner|p2a: Koopa\n|-resisted|p2a: Koopa\n|-damage|p2a: Koopa|3\/100 par\n|move|p2a: Koopa|Facade|p1a: Chien-Pao\n|-damage|p1a: Chien-Pao|55\/100\n|\n|upkeep\n|turn|8\n|\n|t:|1700776019\n|move|p1a: Chien-Pao|Ice Spinner|p2a: Koopa\n|-resisted|p2a: Koopa\n|-damage|p2a: Koopa|0 fnt\n|faint|p2a: Koopa\n|\n|upkeep\n|\n|t:|1700776041\n|switch|p2a: Popular|Landorus-Therian, M|100\/100\n|-ability|p2a: Popular|Intimidate|boost\n|-unboost|p1a: Chien-Pao|atk|1\n|turn|9\n|\n|t:|1700776055\n|move|p1a: Chien-Pao|Ice Spinner|p2a: Popular\n|-supereffective|p2a: Popular\n|-damage|p2a: Popular|0 fnt\n|faint|p2a: Popular\n|\n|upkeep\n|\n|t:|1700776059\n|switch|p2a: Biggest Bird|Kilowattrel, M|100\/100\n|turn|10\n|\n|t:|1700776066\n|move|p1a: Chien-Pao|Ice Spinner|p2a: Biggest Bird\n|-supereffective|p2a: Biggest Bird\n|-damage|p2a: Biggest Bird|0 fnt\n|faint|p2a: Biggest Bird\n|\n|upkeep\n|\n|t:|1700776071\n|switch|p2a: Dark Cat|Umbreon, F, shiny|100\/100\n|-activate|p2a: Dark Cat|move: Sticky Web\n|-unboost|p2a: Dark Cat|spe|1\n|turn|11\n|\n|t:|1700776079\n|move|p1a: Chien-Pao|Ice Spinner|p2a: Dark Cat\n|-damage|p2a: Dark Cat|64\/100\n|move|p2a: Dark Cat|Thunder Wave|p1a: Chien-Pao\n|-status|p1a: Chien-Pao|par\n|\n|upkeep\n|turn|12\n|\n|t:|1700776090\n|move|p1a: Chien-Pao|Ice Spinner|p2a: Dark Cat\n|-damage|p2a: Dark Cat|27\/100\n|move|p2a: Dark Cat|Calm Mind|p2a: Dark Cat\n|-boost|p2a: Dark Cat|spa|1\n|-boost|p2a: Dark Cat|spd|1\n|\n|upkeep\n|turn|13\n|\n|t:|1700776098\n|-terastallize|p2a: Dark Cat|Steel\n|move|p1a: Chien-Pao|Ice Spinner|p2a: Dark Cat\n|-resisted|p2a: Dark Cat\n|-damage|p2a: Dark Cat|9\/100\n|-enditem|p2a: Dark Cat|Aguav Berry|[eat]\n|-heal|p2a: Dark Cat|42\/100|[from] item: Aguav Berry\n|move|p2a: Dark Cat|Baton Pass|p2a: Dark Cat\n|\n|t:|1700776106\n|switch|p2a: Weird Duck|Espathra, F|100\/100|[from] Baton Pass\n|-activate|p2a: Weird Duck|move: Sticky Web\n|-unboost|p2a: Weird Duck|spe|1\n|\n|upkeep\n|turn|14\n|\n|t:|1700776127\n|cant|p1a: Chien-Pao|par\n|move|p2a: Weird Duck|Dazzling Gleam|p1a: Chien-Pao\n|-supereffective|p1a: Chien-Pao\n|-damage|p1a: Chien-Pao|0 fnt\n|faint|p1a: Chien-Pao\n|\n|-ability|p2a: Weird Duck|Speed Boost|boost\n|-boost|p2a: Weird Duck|spe|1\n|upkeep\n|\n|t:|1700776137\n|switch|p1a: Calyrex|Calyrex-Shadow|100\/100\n|-ability|p1a: Calyrex|As One\n|-ability|p1a: Calyrex|Unnerve\n|-damage|p1a: Calyrex|88\/100|[from] Stealth Rock\n|turn|15\n|\n|t:|1700776147\n|move|p1a: Calyrex|Astral Barrage|p2a: Weird Duck\n|-supereffective|p2a: Weird Duck\n|-enditem|p2a: Weird Duck|Focus Sash\n|-damage|p2a: Weird Duck|1\/100\n|move|p2a: Weird Duck|Shadow Ball|p1a: Calyrex\n|-supereffective|p1a: Calyrex\n|-damage|p1a: Calyrex|0 fnt\n|faint|p1a: Calyrex\n|\n|-ability|p2a: Weird Duck|Speed Boost|boost\n|-boost|p2a: Weird Duck|spe|1\n|upkeep\n|\n|t:|1700776151\n|switch|p1a: Arceus|Arceus|100\/100\n|-damage|p1a: Arceus|88\/100|[from] Stealth Rock\n|turn|16\n|\n|t:|1700776165\n|move|p1a: Arceus|Extreme Speed|p2a: Weird Duck\n|-damage|p2a: Weird Duck|0 fnt\n|faint|p2a: Weird Duck\n|\n|-heal|p1a: Arceus|94\/100|[from] item: Leftovers\n|upkeep\n|\n|t:|1700776176\n|switch|p2a: Dark Cat|Umbreon, F, shiny, tera:Steel|42\/100\n|-activate|p2a: Dark Cat|move: Sticky Web\n|-unboost|p2a: Dark Cat|spe|1\n|turn|17\n|\n|t:|1700776182\n|move|p1a: Arceus|Swords Dance|p1a: Arceus\n|-boost|p1a: Arceus|atk|2\n|move|p2a: Dark Cat|Yawn|p1a: Arceus\n|-start|p1a: Arceus|move: Yawn|[of] p2a: Dark Cat\n|\n|-heal|p1a: Arceus|99\/100|[from] item: Leftovers\n|upkeep\n|turn|18\n|\n|t:|1700776192\n|move|p1a: Arceus|Shadow Claw|p2a: Dark Cat\n|-damage|p2a: Dark Cat|8\/100\n|move|p2a: Dark Cat|Calm Mind|p2a: Dark Cat\n|-boost|p2a: Dark Cat|spa|1\n|-boost|p2a: Dark Cat|spd|1\n|\n|-heal|p1a: Arceus|100\/100|[from] item: Leftovers\n|-end|p1a: Arceus|move: Yawn|[silent]\n|-status|p1a: Arceus|slp\n|upkeep\n|turn|19\n|\n|t:|1700776201\n|cant|p1a: Arceus|slp\n|move|p2a: Dark Cat|Baton Pass|p2a: Dark Cat\n|\n|t:|1700776204\n|switch|p2a: GigaChad|Yanmega, M|100\/100|[from] Baton Pass\n|\n|upkeep\n|turn|20\n|\n|t:|1700776209\n|cant|p1a: Arceus|slp\n|move|p2a: GigaChad|Double Team|p2a: GigaChad\n|-boost|p2a: GigaChad|evasion|1\n|\n|-ability|p2a: GigaChad|Speed Boost|boost\n|-boost|p2a: GigaChad|spe|1\n|upkeep\n|turn|21\n|\n|t:|1700776216\n|cant|p1a: Arceus|slp\n|move|p2a: GigaChad|Double Team|p2a: GigaChad\n|-boost|p2a: GigaChad|evasion|1\n|\n|-ability|p2a: GigaChad|Speed Boost|boost\n|-boost|p2a: GigaChad|spe|1\n|upkeep\n|turn|22\n|\n|t:|1700776224\n|-curestatus|p1a: Arceus|slp|[msg]\n|move|p1a: Arceus|Extreme Speed|p2a: GigaChad\n|-damage|p2a: GigaChad|0 fnt\n|faint|p2a: GigaChad\n|\n|upkeep\n|l|\u2606LondonTheCool\n|inactive|LondonTheCool disconnected and has a minute to reconnect!\n|player|p2|\n|c|\u2606Zoroarkilusionista|Come pito perra\n|n|\u203dZoroarkilusionista|zoroarkilusionista\n|c|&|\/log Zoroarkilusionista was locked from talking by Artemis. (\u2606Zoroarkilusionista: Come pito perra)\n|c|&|\/raw <small>This action was done automatically. Want to learn more about the AI? <a href=\"https:\/\/www.smogon.com\/forums\/threads\/3570628\/#post-9056769\">Visit the information thread<\/a>.<\/small>\n|inactive|LondonTheCool has 30 seconds to reconnect!\n|inactive|LondonTheCool has 20 seconds to reconnect!\n|inactive|LondonTheCool has 15 seconds to reconnect!\n|inactive|LondonTheCool has 10 seconds to reconnect!\n|inactive|LondonTheCool has 5 seconds to reconnect!\n|-message|LondonTheCool lost due to inactivity.\n|\n|win|Zoroarkilusionista\n|raw|Zoroarkilusionista's rating: 1139 &rarr; <strong>1156<\/strong><br \/>(+17 for winning)\n|raw|LondonTheCool's rating: 1018 &rarr; <strong>1010<\/strong><br \/>(-8 for losing)\n","uploadtime":1700776236,"views":0,"p1id":"zoroarkilusionista","p2id":"londonthecool","formatid":"gen9anythinggoes","rating":1010,"private":0,"password":""}