{"id":"gen9anythinggoes-1977271810","p1":"Insomniac89","p2":"Alexamo101205","format":"[Gen 9] Anything Goes","log":"|j|\u2606Insomniac89\n|j|\u203dAlexamo101205\n|t:|1698397334\n|gametype|singles\n|player|p1|Insomniac89|colress|1103\n|player|p2|Alexamo101205|marshal|1116\n|teamsize|p1|6\n|teamsize|p2|6\n|gen|9\n|tier|[Gen 9] Anything Goes\n|rated|\n|rule|HP Percentage Mod: HP is shown in percentages\n|rule|Endless Battle Clause: Forcing endless battles is banned\n|clearpoke\n|poke|p1|Toxtricity, M|\n|poke|p1|Gallade, M|\n|poke|p1|Bisharp, M|\n|poke|p1|Sylveon, F|\n|poke|p1|Tornadus-Therian, M|\n|poke|p1|Rotom-Wash|\n|poke|p2|Annihilape, F|\n|poke|p2|Maushold-Four|\n|poke|p2|Dragapult, M|\n|poke|p2|Tyranitar, M|\n|poke|p2|Garganacl, F|\n|poke|p2|Umbreon, F|\n|teampreview\n|\n|t:|1698397343\n|start\n|switch|p1a: Theria|Tornadus-Therian, M, shiny|100\/100\n|switch|p2a: Garganacl|Garganacl, F, shiny|100\/100\n|turn|1\n|\n|t:|1698397351\n|move|p1a: Theria|U-turn|p2a: Garganacl\n|-damage|p2a: Garganacl|91\/100\n|-damage|p1a: Theria|84\/100|[from] item: Rocky Helmet|[of] p2a: Garganacl\n|\n|t:|1698397358\n|switch|p1a: Bobot|Rotom-Wash, shiny|100\/100|[from] U-turn\n|move|p2a: Garganacl|Salt Cure|p1a: Bobot\n|-damage|p1a: Bobot|88\/100\n|-start|p1a: Bobot|Salt Cure\n|\n|-heal|p1a: Bobot|94\/100|[from] item: Leftovers\n|-damage|p1a: Bobot|69\/100|[from] Salt Cure\n|upkeep\n|turn|2\n|\n|t:|1698397368\n|move|p1a: Bobot|Hydro Pump|p2a: Garganacl\n|-supereffective|p2a: Garganacl\n|-damage|p2a: Garganacl|40\/100\n|move|p2a: Garganacl|Stealth Rock|p1a: Bobot\n|-sidestart|p1: Insomniac89|move: Stealth Rock\n|\n|-heal|p1a: Bobot|75\/100|[from] item: Leftovers\n|-damage|p1a: Bobot|50\/100|[from] Salt Cure\n|upkeep\n|turn|3\n|\n|t:|1698397376\n|move|p1a: Bobot|Hydro Pump|p2a: Garganacl|[miss]\n|-miss|p1a: Bobot|p2a: Garganacl\n|move|p2a: Garganacl|Iron Defense|p2a: Garganacl\n|-boost|p2a: Garganacl|def|2\n|\n|-heal|p1a: Bobot|56\/100|[from] item: Leftovers\n|-damage|p1a: Bobot|31\/100|[from] Salt Cure\n|upkeep\n|turn|4\n|\n|t:|1698397384\n|move|p1a: Bobot|Hydro Pump|p2a: Garganacl\n|-supereffective|p2a: Garganacl\n|-damage|p2a: Garganacl|0 fnt\n|faint|p2a: Garganacl\n|\n|-heal|p1a: Bobot|38\/100|[from] item: Leftovers\n|-damage|p1a: Bobot|13\/100|[from] Salt Cure\n|upkeep\n|\n|t:|1698397388\n|switch|p2a: Umbreon|Umbreon, F, shiny|100\/100\n|turn|5\n|\n|t:|1698397396\n|move|p1a: Bobot|Thunder Wave|p2a: Umbreon\n|-status|p2a: Umbreon|par\n|move|p2a: Umbreon|Substitute|p2a: Umbreon\n|-start|p2a: Umbreon|Substitute\n|-damage|p2a: Umbreon|76\/100 par\n|\n|-heal|p1a: Bobot|19\/100|[from] item: Leftovers\n|-heal|p2a: Umbreon|82\/100 par|[from] item: Leftovers\n|-damage|p1a: Bobot|0 fnt|[from] Salt Cure\n|faint|p1a: Bobot\n|upkeep\n|\n|t:|1698397410\n|switch|p1a: PURPLE GUY?!|Toxtricity, M|100\/100\n|-damage|p1a: PURPLE GUY?!|88\/100|[from] Stealth Rock\n|turn|6\n|\n|t:|1698397417\n|move|p1a: PURPLE GUY?!|Overdrive|p2a: Umbreon\n|-damage|p2a: Umbreon|39\/100 par\n|-damage|p1a: PURPLE GUY?!|78\/100|[from] item: Life Orb\n|move|p2a: Umbreon|Curse|p2a: Umbreon\n|-unboost|p2a: Umbreon|spe|1\n|-boost|p2a: Umbreon|atk|1\n|-boost|p2a: Umbreon|def|1\n|\n|-heal|p2a: Umbreon|45\/100 par|[from] item: Leftovers\n|upkeep\n|turn|7\n|\n|t:|1698397428\n|move|p1a: PURPLE GUY?!|Overdrive|p2a: Umbreon\n|-damage|p2a: Umbreon|0 fnt\n|faint|p2a: Umbreon\n|-damage|p1a: PURPLE GUY?!|68\/100|[from] item: Life Orb\n|\n|upkeep\n|\n|t:|1698397432\n|switch|p2a: Tyranitar|Tyranitar, M, shiny|100\/100\n|-weather|Sandstorm|[from] ability: Sand Stream|[of] p2a: Tyranitar\n|turn|8\n|\n|t:|1698397439\n|move|p1a: PURPLE GUY?!|Drain Punch|p2a: Tyranitar\n|-supereffective|p2a: Tyranitar\n|-damage|p2a: Tyranitar|31\/100\n|-heal|p1a: PURPLE GUY?!|100\/100|[from] drain|[of] p2a: Tyranitar\n|-damage|p1a: PURPLE GUY?!|91\/100|[from] item: Life Orb\n|move|p2a: Tyranitar|Earthquake|p1a: PURPLE GUY?!\n|-supereffective|p1a: PURPLE GUY?!\n|-crit|p1a: PURPLE GUY?!\n|-damage|p1a: PURPLE GUY?!|0 fnt\n|faint|p1a: PURPLE GUY?!\n|\n|-weather|Sandstorm|[upkeep]\n|upkeep\n|\n|t:|1698397450\n|switch|p1a: Galladiator|Gallade, M|100\/100\n|-damage|p1a: Galladiator|94\/100|[from] Stealth Rock\n|turn|9\n|\n|t:|1698397459\n|move|p1a: Galladiator|Close Combat|p2a: Tyranitar\n|-supereffective|p2a: Tyranitar\n|-damage|p2a: Tyranitar|0 fnt\n|-unboost|p1a: Galladiator|def|1\n|-unboost|p1a: Galladiator|spd|1\n|faint|p2a: Tyranitar\n|\n|-weather|Sandstorm|[upkeep]\n|-damage|p1a: Galladiator|88\/100|[from] Sandstorm\n|upkeep\n|\n|t:|1698397464\n|switch|p2a: Maushold|Maushold-Four, shiny|100\/100\n|turn|10\n|\n|t:|1698397469\n|move|p2a: Maushold|Tidy Up|p2a: Maushold\n|-sideend|p1: Insomniac89|Stealth Rock\n|-activate|p2a: Maushold|move: Tidy Up\n|-boost|p2a: Maushold|atk|1\n|-boost|p2a: Maushold|spe|1\n|move|p1a: Galladiator|Close Combat|p2a: Maushold\n|-supereffective|p2a: Maushold\n|-damage|p2a: Maushold|0 fnt\n|-unboost|p1a: Galladiator|def|1\n|-unboost|p1a: Galladiator|spd|1\n|faint|p2a: Maushold\n|\n|-weather|Sandstorm|[upkeep]\n|-damage|p1a: Galladiator|82\/100|[from] Sandstorm\n|upkeep\n|\n|t:|1698397471\n|switch|p2a: Dragapult|Dragapult, M, shiny|100\/100\n|turn|11\n|\n|t:|1698397485\n|move|p2a: Dragapult|Dragon Dance|p2a: Dragapult\n|-boost|p2a: Dragapult|atk|1\n|-boost|p2a: Dragapult|spe|1\n|move|p1a: Galladiator|Knock Off|p2a: Dragapult\n|-supereffective|p2a: Dragapult\n|-damage|p2a: Dragapult|0 fnt\n|-start|p1a: Galladiator|Disable|Knock Off|[from] ability: Cursed Body|[of] p2a: Dragapult\n|-enditem|p2a: Dragapult|Life Orb|[from] move: Knock Off|[of] p1a: Galladiator\n|faint|p2a: Dragapult\n|\n|-weather|Sandstorm|[upkeep]\n|-damage|p1a: Galladiator|76\/100|[from] Sandstorm\n|upkeep\n|\n|t:|1698397490\n|switch|p2a: Annihilape|Annihilape, F, shiny|100\/100\n|turn|12\n|\n|t:|1698397499\n|move|p1a: Galladiator|Shadow Sneak|p2a: Annihilape\n|-supereffective|p2a: Annihilape\n|-damage|p2a: Annihilape|64\/100\n|move|p2a: Annihilape|Rage Fist|p1a: Galladiator\n|-supereffective|p1a: Galladiator\n|-crit|p1a: Galladiator\n|-damage|p1a: Galladiator|0 fnt\n|faint|p1a: Galladiator\n|\n|-weather|none\n|upkeep\n|\n|t:|1698397509\n|switch|p1a: Sylvia|Sylveon, F|100\/100\n|turn|13\n|\n|t:|1698397519\n|-terastallize|p2a: Annihilape|Fighting\n|move|p2a: Annihilape|Rage Fist|p1a: Sylvia\n|-damage|p1a: Sylvia|30\/100\n|move|p1a: Sylvia|Hyper Voice|p2a: Annihilape\n|-supereffective|p2a: Annihilape\n|-damage|p2a: Annihilape|0 fnt\n|faint|p2a: Annihilape\n|\n|win|Insomniac89\n|raw|Insomniac89's rating: 1103 &rarr; <strong>1129<\/strong><br \/>(+26 for winning)\n|raw|Alexamo101205's rating: 1116 &rarr; <strong>1090<\/strong><br \/>(-26 for losing)\n|l|\u203dAlexamo101205\n","uploadtime":1698397531,"views":8,"p1id":"insomniac89","p2id":"alexamo101205","formatid":"gen9anythinggoes","rating":1090,"private":0,"password":""}