{"id":"gen9anythinggoes-1994351114","p1":"trotman","p2":"D4RUND","format":"[Gen 9] Anything Goes","log":"|j|\u2606trotman\n|j|\u2606D4RUND\n|t:|1700434059\n|gametype|singles\n|player|p1|trotman|brycenman|1152\n|player|p2|D4RUND|steven|1153\n|teamsize|p1|6\n|teamsize|p2|6\n|gen|9\n|tier|[Gen 9] Anything Goes\n|rated|\n|rule|HP Percentage Mod: HP is shown in percentages\n|rule|Endless Battle Clause: Forcing endless battles is banned\n|clearpoke\n|poke|p1|Ogerpon-Cornerstone, F|\n|poke|p1|Scream Tail|\n|poke|p1|Flutter Mane|\n|poke|p1|Amoonguss, M|\n|poke|p1|Cinderace, F|\n|poke|p1|Iron Bundle|\n|poke|p2|Kyogre|\n|poke|p2|Luxray, M|\n|poke|p2|Lucario, F|\n|poke|p2|Krookodile, M|\n|poke|p2|Ting-Lu|\n|poke|p2|Toxapex, F|\n|teampreview\n|inactive|Battle timer is ON: inactive players will automatically lose when time's up. (requested by D4RUND)\n|\n|t:|1700434066\n|start\n|switch|p1a: Amoonguss|Amoonguss, M, shiny|100\/100\n|switch|p2a: Ting-Lu|Ting-Lu|100\/100\n|-ability|p2a: Ting-Lu|Vessel of Ruin\n|turn|1\n|\n|t:|1700434075\n|move|p2a: Ting-Lu|Stealth Rock|p1a: Amoonguss\n|-sidestart|p1: trotman|move: Stealth Rock\n|move|p1a: Amoonguss|Spore|p2a: Ting-Lu\n|-status|p2a: Ting-Lu|slp|[from] move: Spore\n|\n|upkeep\n|turn|2\n|\n|t:|1700434082\n|cant|p2a: Ting-Lu|slp\n|move|p1a: Amoonguss|Giga Drain|p2a: Ting-Lu\n|-supereffective|p2a: Ting-Lu\n|-damage|p2a: Ting-Lu|73\/100 slp\n|\n|-heal|p2a: Ting-Lu|79\/100 slp|[from] item: Leftovers\n|upkeep\n|turn|3\n|\n|t:|1700434088\n|-curestatus|p2a: Ting-Lu|slp|[msg]\n|move|p2a: Ting-Lu|Ruination|p1a: Amoonguss\n|-damage|p1a: Amoonguss|50\/100\n|move|p1a: Amoonguss|Giga Drain|p2a: Ting-Lu\n|-supereffective|p2a: Ting-Lu\n|-damage|p2a: Ting-Lu|53\/100\n|-heal|p1a: Amoonguss|66\/100|[from] drain|[of] p2a: Ting-Lu\n|\n|-heal|p2a: Ting-Lu|60\/100|[from] item: Leftovers\n|-heal|p1a: Amoonguss|72\/100|[from] item: Black Sludge\n|upkeep\n|turn|4\n|\n|t:|1700434100\n|move|p2a: Ting-Lu|Spikes|p1a: Amoonguss\n|-sidestart|p1: trotman|Spikes\n|move|p1a: Amoonguss|Spore|p2a: Ting-Lu\n|-status|p2a: Ting-Lu|slp|[from] move: Spore\n|\n|-heal|p2a: Ting-Lu|66\/100 slp|[from] item: Leftovers\n|-heal|p1a: Amoonguss|79\/100|[from] item: Black Sludge\n|upkeep\n|turn|5\n|\n|t:|1700434107\n|cant|p2a: Ting-Lu|slp\n|move|p1a: Amoonguss|Giga Drain|p2a: Ting-Lu\n|-supereffective|p2a: Ting-Lu\n|-damage|p2a: Ting-Lu|38\/100 slp\n|-heal|p1a: Amoonguss|95\/100|[from] drain|[of] p2a: Ting-Lu\n|\n|-heal|p2a: Ting-Lu|44\/100 slp|[from] item: Leftovers\n|-heal|p1a: Amoonguss|100\/100|[from] item: Black Sludge\n|upkeep\n|turn|6\n|\n|t:|1700434116\n|-curestatus|p2a: Ting-Lu|slp|[msg]\n|move|p2a: Ting-Lu|Spikes|p1a: Amoonguss\n|-sidestart|p1: trotman|Spikes\n|move|p1a: Amoonguss|Giga Drain|p2a: Ting-Lu\n|-supereffective|p2a: Ting-Lu\n|-damage|p2a: Ting-Lu|18\/100\n|\n|-heal|p2a: Ting-Lu|24\/100|[from] item: Leftovers\n|upkeep\n|turn|7\n|\n|t:|1700434124\n|move|p2a: Ting-Lu|Spikes|p1a: Amoonguss\n|-sidestart|p1: trotman|Spikes\n|move|p1a: Amoonguss|Giga Drain|p2a: Ting-Lu\n|-supereffective|p2a: Ting-Lu\n|-damage|p2a: Ting-Lu|0 fnt\n|faint|p2a: Ting-Lu\n|\n|upkeep\n|\n|t:|1700434130\n|switch|p2a: Toxapex|Toxapex, F|100\/100\n|turn|8\n|\n|t:|1700434135\n|move|p2a: Toxapex|Toxic Spikes|p1a: Amoonguss\n|-sidestart|p1: trotman|move: Toxic Spikes\n|move|p1a: Amoonguss|Spore|p2a: Toxapex\n|-status|p2a: Toxapex|slp|[from] move: Spore\n|\n|upkeep\n|turn|9\n|\n|t:|1700434141\n|cant|p2a: Toxapex|slp\n|move|p1a: Amoonguss|Giga Drain|p2a: Toxapex\n|-damage|p2a: Toxapex|81\/100 slp\n|\n|-heal|p2a: Toxapex|87\/100 slp|[from] item: Leftovers\n|upkeep\n|turn|10\n|\n|t:|1700434148\n|cant|p2a: Toxapex|slp\n|move|p1a: Amoonguss|Giga Drain|p2a: Toxapex\n|-damage|p2a: Toxapex|66\/100 slp\n|\n|-heal|p2a: Toxapex|73\/100 slp|[from] item: Leftovers\n|upkeep\n|turn|11\n|\n|t:|1700434155\n|-curestatus|p2a: Toxapex|slp|[msg]\n|move|p2a: Toxapex|Liquidation|p1a: Amoonguss\n|-resisted|p1a: Amoonguss\n|-damage|p1a: Amoonguss|90\/100\n|move|p1a: Amoonguss|Giga Drain|p2a: Toxapex\n|-damage|p2a: Toxapex|53\/100\n|-heal|p1a: Amoonguss|96\/100|[from] drain|[of] p2a: Toxapex\n|\n|-heal|p2a: Toxapex|59\/100|[from] item: Leftovers\n|-heal|p1a: Amoonguss|100\/100|[from] item: Black Sludge\n|upkeep\n|turn|12\n|\n|t:|1700434165\n|move|p2a: Toxapex|Recover|p2a: Toxapex\n|-heal|p2a: Toxapex|100\/100\n|move|p1a: Amoonguss|Spore|p2a: Toxapex\n|-status|p2a: Toxapex|slp|[from] move: Spore\n|\n|upkeep\n|turn|13\n|\n|t:|1700434182\n|cant|p2a: Toxapex|slp\n|move|p1a: Amoonguss|Foul Play|p2a: Toxapex\n|-damage|p2a: Toxapex|88\/100 slp\n|\n|-heal|p2a: Toxapex|94\/100 slp|[from] item: Leftovers\n|upkeep\n|turn|14\n|\n|t:|1700434189\n|cant|p2a: Toxapex|slp\n|move|p1a: Amoonguss|Foul Play|p2a: Toxapex\n|-damage|p2a: Toxapex|83\/100 slp\n|\n|-heal|p2a: Toxapex|89\/100 slp|[from] item: Leftovers\n|upkeep\n|turn|15\n|\n|t:|1700434195\n|cant|p2a: Toxapex|slp\n|move|p1a: Amoonguss|Foul Play|p2a: Toxapex\n|-damage|p2a: Toxapex|78\/100 slp\n|\n|-heal|p2a: Toxapex|84\/100 slp|[from] item: Leftovers\n|upkeep\n|turn|16\n|\n|t:|1700434201\n|-curestatus|p2a: Toxapex|slp|[msg]\n|move|p2a: Toxapex|Toxic Spikes|p1a: Amoonguss\n|-sidestart|p1: trotman|move: Toxic Spikes\n|move|p1a: Amoonguss|Foul Play|p2a: Toxapex\n|-damage|p2a: Toxapex|74\/100\n|\n|-heal|p2a: Toxapex|80\/100|[from] item: Leftovers\n|upkeep\n|turn|17\n|\n|t:|1700434212\n|switch|p2a: Lucario|Lucario, F, shiny|100\/100\n|move|p1a: Amoonguss|Spore|p2a: Lucario\n|-status|p2a: Lucario|slp|[from] move: Spore\n|\n|upkeep\n|turn|18\n|\n|t:|1700434221\n|switch|p1a: Cinderace|Cinderace, F, shiny|100\/100\n|cant|p2a: Lucario|slp\n|\n|upkeep\n|turn|19\n|\n|t:|1700434231\n|move|p1a: Cinderace|Court Change|p1a: Cinderace\n|-start|p1a: Cinderace|typechange|Normal|[from] ability: Libero\n|-swapsideconditions\n|-activate|p1a: Cinderace|move: Court Change\n|-curestatus|p2a: Lucario|slp|[msg]\n|move|p2a: Lucario|Earthquake|p1a: Cinderace\n|-damage|p1a: Cinderace|57\/100\n|\n|upkeep\n|turn|20\n|\n|t:|1700434243\n|switch|p2a: Toxapex|Toxapex, F|100\/100\n|-damage|p2a: Toxapex|88\/100|[from] Stealth Rock\n|-damage|p2a: Toxapex|63\/100|[from] Spikes\n|-sideend|p2: D4RUND|move: Toxic Spikes|[of] p2a: Toxapex\n|move|p1a: Cinderace|Pyro Ball|p2a: Toxapex|[miss]\n|-miss|p1a: Cinderace|p2a: Toxapex\n|\n|-heal|p2a: Toxapex|69\/100|[from] item: Leftovers\n|upkeep\n|turn|21\n|\n|t:|1700434254\n|switch|p1a: Iron Bundle|Iron Bundle, shiny|100\/100\n|move|p2a: Toxapex|Toxic Spikes|p1a: Iron Bundle\n|-sidestart|p1: trotman|move: Toxic Spikes\n|\n|-heal|p2a: Toxapex|76\/100|[from] item: Leftovers\n|upkeep\n|turn|22\n|\n|t:|1700434266\n|move|p1a: Iron Bundle|Freeze-Dry|p2a: Toxapex\n|-supereffective|p2a: Toxapex\n|-damage|p2a: Toxapex|0 fnt\n|faint|p2a: Toxapex\n|-damage|p1a: Iron Bundle|91\/100|[from] item: Life Orb\n|\n|upkeep\n|\n|t:|1700434283\n|switch|p2a: Luxray|Luxray, M|100\/100\n|-damage|p2a: Luxray|88\/100|[from] Stealth Rock\n|-damage|p2a: Luxray|63\/100|[from] Spikes\n|-ability|p2a: Luxray|Intimidate|boost\n|-unboost|p1a: Iron Bundle|atk|1\n|turn|23\n|\n|t:|1700434295\n|move|p1a: Iron Bundle|Hydro Pump|p2a: Luxray\n|-damage|p2a: Luxray|0 fnt\n|faint|p2a: Luxray\n|-damage|p1a: Iron Bundle|81\/100|[from] item: Life Orb\n|\n|upkeep\n|\n|t:|1700434300\n|switch|p2a: Kyogre|Kyogre|100\/100\n|-damage|p2a: Kyogre|88\/100|[from] Stealth Rock\n|-damage|p2a: Kyogre|63\/100|[from] Spikes\n|-weather|RainDance|[from] ability: Drizzle|[of] p2a: Kyogre\n|turn|24\n|\n|t:|1700434307\n|move|p1a: Iron Bundle|Freeze-Dry|p2a: Kyogre\n|-supereffective|p2a: Kyogre\n|-damage|p2a: Kyogre|0 fnt\n|faint|p2a: Kyogre\n|-damage|p1a: Iron Bundle|71\/100|[from] item: Life Orb\n|\n|-weather|RainDance|[upkeep]\n|upkeep\n|\n|t:|1700434317\n|switch|p2a: Krookodile|Krookodile, M|100\/100\n|-damage|p2a: Krookodile|94\/100|[from] Stealth Rock\n|-damage|p2a: Krookodile|69\/100|[from] Spikes\n|turn|25\n|\n|t:|1700434323\n|move|p1a: Iron Bundle|Ice Beam|p2a: Krookodile\n|-supereffective|p2a: Krookodile\n|-damage|p2a: Krookodile|0 fnt\n|faint|p2a: Krookodile\n|-damage|p1a: Iron Bundle|61\/100|[from] item: Life Orb\n|\n|-weather|RainDance|[upkeep]\n|upkeep\n|\n|t:|1700434330\n|switch|p2a: Lucario|Lucario, F, shiny|100\/100\n|turn|26\n|\n|t:|1700434335\n|move|p1a: Iron Bundle|Hydro Pump|p2a: Lucario\n|-damage|p2a: Lucario|0 fnt\n|faint|p2a: Lucario\n|-damage|p1a: Iron Bundle|51\/100|[from] item: Life Orb\n|\n|win|trotman\n|raw|trotman's rating: 1152 &rarr; <strong>1177<\/strong><br \/>(+25 for winning)\n|raw|D4RUND's rating: 1153 &rarr; <strong>1128<\/strong><br \/>(-25 for losing)\n|c|\u2606trotman|gg\n|l|\u2606D4RUND\n","uploadtime":1700434345,"views":1,"p1id":"trotman","p2id":"d4rund","formatid":"gen9anythinggoes","rating":1128,"private":0,"password":""}