{"id":"gen9anythinggoes-1982593351","p1":"Deathfromtfoa","p2":"Stoneknees","format":"[Gen 9] Anything Goes","log":"|j|\u2606Deathfromtfoa\n|j|\u2606Stoneknees\n|t:|1699028245\n|gametype|singles\n|player|p1|Deathfromtfoa|2|1126\n|player|p2|Stoneknees|backpacker|1144\n|teamsize|p1|6\n|teamsize|p2|6\n|gen|9\n|tier|[Gen 9] Anything Goes\n|rated|\n|rule|HP Percentage Mod: HP is shown in percentages\n|rule|Endless Battle Clause: Forcing endless battles is banned\n|clearpoke\n|poke|p1|Espeon, F|\n|poke|p1|Scream Tail|\n|poke|p1|Espathra, M|\n|poke|p1|Drifblim, F|\n|poke|p1|Farigiraf, F|\n|poke|p1|Lechonk, M|\n|poke|p2|Orthworm, M|\n|poke|p2|Clodsire, M|\n|poke|p2|Glimmora, F|\n|poke|p2|Garganacl, F|\n|poke|p2|Kingambit, M|\n|poke|p2|Ceruledge, M|\n|teampreview\n|inactive|Battle timer is ON: inactive players will automatically lose when time's up. (requested by Stoneknees)\n|\n|t:|1699028257\n|start\n|switch|p1a: Espeon|Espeon, F, shiny|100\/100\n|switch|p2a: Kingambit|Kingambit, M, shiny|100\/100\n|turn|1\n|\n|t:|1699028280\n|-terastallize|p1a: Espeon|Dark\n|move|p1a: Espeon|Substitute|p1a: Espeon\n|-start|p1a: Espeon|Substitute\n|-damage|p1a: Espeon|76\/100\n|move|p2a: Kingambit|Kowtow Cleave|p1a: Espeon\n|-resisted|p1a: Espeon\n|-end|p1a: Espeon|Substitute\n|\n|-heal|p1a: Espeon|82\/100|[from] item: Leftovers\n|upkeep\n|turn|2\n|\n|t:|1699028289\n|move|p1a: Espeon|Calm Mind|p1a: Espeon\n|-boost|p1a: Espeon|spa|1\n|-boost|p1a: Espeon|spd|1\n|move|p2a: Kingambit|Kowtow Cleave|p1a: Espeon\n|-resisted|p1a: Espeon\n|-damage|p1a: Espeon|46\/100\n|\n|-heal|p1a: Espeon|52\/100|[from] item: Leftovers\n|upkeep\n|turn|3\n|inactive|Deathfromtfoa has 120 seconds left.\n|\n|t:|1699028316\n|move|p1a: Espeon|Baton Pass|p1a: Espeon\n|inactive|Deathfromtfoa has 120 seconds left.\n|\n|t:|1699028326\n|switch|p1a: Scream Tail|Scream Tail|100\/100|[from] Baton Pass\n|-enditem|p1a: Scream Tail|Booster Energy\n|-activate|p1a: Scream Tail|ability: Protosynthesis|[fromitem]\n|-start|p1a: Scream Tail|protosynthesisspd\n|move|p2a: Kingambit|Kowtow Cleave|p1a: Scream Tail\n|-damage|p1a: Scream Tail|64\/100\n|\n|upkeep\n|turn|4\n|inactive|Deathfromtfoa has 120 seconds left.\n|\n|t:|1699028339\n|move|p1a: Scream Tail|Bulk Up|p1a: Scream Tail\n|-boost|p1a: Scream Tail|atk|1\n|-boost|p1a: Scream Tail|def|1\n|move|p2a: Kingambit|Guillotine|p1a: Scream Tail|[miss]\n|-miss|p2a: Kingambit|p1a: Scream Tail\n|\n|upkeep\n|turn|5\n|\n|t:|1699028347\n|move|p1a: Scream Tail|Substitute|p1a: Scream Tail\n|-start|p1a: Scream Tail|Substitute\n|-damage|p1a: Scream Tail|39\/100\n|move|p2a: Kingambit|Guillotine|p1a: Scream Tail|[miss]\n|-miss|p2a: Kingambit|p1a: Scream Tail\n|\n|upkeep\n|turn|6\n|\n|t:|1699028356\n|move|p1a: Scream Tail|Bulk Up|p1a: Scream Tail\n|-boost|p1a: Scream Tail|atk|1\n|-boost|p1a: Scream Tail|def|1\n|move|p2a: Kingambit|Kowtow Cleave|p1a: Scream Tail\n|-activate|p1a: Scream Tail|move: Substitute|[damage]\n|\n|upkeep\n|turn|7\n|\n|t:|1699028364\n|move|p1a: Scream Tail|Bulk Up|p1a: Scream Tail\n|-boost|p1a: Scream Tail|atk|1\n|-boost|p1a: Scream Tail|def|1\n|move|p2a: Kingambit|Kowtow Cleave|p1a: Scream Tail\n|-end|p1a: Scream Tail|Substitute\n|\n|upkeep\n|turn|8\n|\n|t:|1699028372\n|move|p1a: Scream Tail|Substitute|p1a: Scream Tail\n|-start|p1a: Scream Tail|Substitute\n|-damage|p1a: Scream Tail|15\/100\n|move|p2a: Kingambit|Kowtow Cleave|p1a: Scream Tail\n|-activate|p1a: Scream Tail|move: Substitute|[damage]\n|\n|upkeep\n|turn|9\n|\n|t:|1699028381\n|move|p1a: Scream Tail|Bulk Up|p1a: Scream Tail\n|-boost|p1a: Scream Tail|atk|1\n|-boost|p1a: Scream Tail|def|1\n|move|p2a: Kingambit|Kowtow Cleave|p1a: Scream Tail\n|-activate|p1a: Scream Tail|move: Substitute|[damage]\n|\n|upkeep\n|turn|10\n|\n|t:|1699028388\n|move|p1a: Scream Tail|Baton Pass|p1a: Scream Tail\n|\n|t:|1699028402\n|-end|p1a: Scream Tail|Protosynthesis|[silent]\n|switch|p1a: Espathra|Espathra, M|100\/100|[from] Baton Pass\n|move|p2a: Kingambit|Kowtow Cleave|p1a: Espathra\n|-supereffective|p1a: Espathra\n|-end|p1a: Espathra|Substitute\n|\n|upkeep\n|turn|11\n|\n|t:|1699028416\n|move|p1a: Espathra|Protect|p1a: Espathra\n|-singleturn|p1a: Espathra|Protect\n|move|p2a: Kingambit|Kowtow Cleave|p1a: Espathra\n|-activate|p1a: Espathra|move: Protect\n|\n|-ability|p1a: Espathra|Speed Boost|boost\n|-boost|p1a: Espathra|spe|1\n|upkeep\n|turn|12\n|\n|t:|1699028426\n|move|p1a: Espathra|Substitute|p1a: Espathra\n|-start|p1a: Espathra|Substitute\n|-damage|p1a: Espathra|76\/100\n|move|p2a: Kingambit|Kowtow Cleave|p1a: Espathra\n|-supereffective|p1a: Espathra\n|-end|p1a: Espathra|Substitute\n|\n|-heal|p1a: Espathra|82\/100|[from] item: Leftovers\n|-ability|p1a: Espathra|Speed Boost|boost\n|-boost|p1a: Espathra|spe|1\n|upkeep\n|turn|13\n|\n|t:|1699028443\n|move|p1a: Espathra|Protect|p1a: Espathra\n|-singleturn|p1a: Espathra|Protect\n|move|p2a: Kingambit|Kowtow Cleave|p1a: Espathra\n|-activate|p1a: Espathra|move: Protect\n|\n|-heal|p1a: Espathra|88\/100|[from] item: Leftovers\n|-ability|p1a: Espathra|Speed Boost|boost\n|-boost|p1a: Espathra|spe|1\n|upkeep\n|turn|14\n|\n|t:|1699028455\n|move|p1a: Espathra|Substitute|p1a: Espathra\n|-start|p1a: Espathra|Substitute\n|-damage|p1a: Espathra|63\/100\n|move|p2a: Kingambit|Guillotine|p1a: Espathra|[miss]\n|-miss|p2a: Kingambit|p1a: Espathra\n|\n|-heal|p1a: Espathra|69\/100|[from] item: Leftovers\n|-ability|p1a: Espathra|Speed Boost|boost\n|-boost|p1a: Espathra|spe|1\n|upkeep\n|turn|15\n|\n|t:|1699028464\n|move|p1a: Espathra|Baton Pass|p1a: Espathra\n|inactive|Deathfromtfoa has 120 seconds left.\n|\n|t:|1699028491\n|switch|p1a: God.|Lechonk, M|100\/100|[from] Baton Pass\n|move|p2a: Kingambit|Kowtow Cleave|p1a: God.\n|-end|p1a: God.|Substitute\n|\n|upkeep\n|turn|16\n|inactive|Deathfromtfoa has 120 seconds left.\n|\n|t:|1699028507\n|move|p1a: God.|Body Slam|p2a: Kingambit\n|-resisted|p2a: Kingambit\n|-damage|p2a: Kingambit|71\/100\n|move|p2a: Kingambit|Guillotine|p1a: God.\n|-damage|p1a: God.|0 fnt\n|faint|p1a: God.\n|-ohko\n|\n|upkeep\n|-message|Deathfromtfoa forfeited.\n|\n|win|Stoneknees\n|raw|Deathfromtfoa's rating: 1126 &rarr; <strong>1102<\/strong><br \/>(-24 for losing)\n|raw|Stoneknees's rating: 1144 &rarr; <strong>1168<\/strong><br \/>(+24 for winning)\n|l|\u2606Deathfromtfoa\n","uploadtime":1699028521,"views":2,"p1id":"deathfromtfoa","p2id":"stoneknees","formatid":"gen9anythinggoes","rating":1102,"private":0,"password":""}