{"id":"gen9anythinggoes-1990535473","p1":"Yurik the Skald","p2":"savagewolf98420","format":"[Gen 9] Anything Goes","log":"|j|\u2606Yurik the Skald\n|j|\u2606savagewolf98420\n|t:|1699979463\n|gametype|singles\n|player|p1|Yurik the Skald|gambler|1371\n|player|p2|savagewolf98420|koga|1303\n|teamsize|p1|6\n|teamsize|p2|6\n|gen|9\n|tier|[Gen 9] Anything Goes\n|rated|\n|rule|HP Percentage Mod: HP is shown in percentages\n|rule|Endless Battle Clause: Forcing endless battles is banned\n|clearpoke\n|poke|p1|Torkoal, M|\n|poke|p1|Lilligant-Hisui, F|\n|poke|p1|Arboliva, F|\n|poke|p1|Charizard, M|\n|poke|p1|Sandy Shocks|\n|poke|p1|Roaring Moon|\n|poke|p2|Koraidon|\n|poke|p2|Lilligant-Hisui, F|\n|poke|p2|Toxapex, M|\n|poke|p2|Jirachi|\n|poke|p2|Arcanine-Hisui, M|\n|poke|p2|Eternatus|\n|teampreview\n|inactive|Battle timer is ON: inactive players will automatically lose when time's up. (requested by savagewolf98420)\n|\n|t:|1699979471\n|start\n|switch|p1a: Torkoal|Torkoal, M|100\/100\n|switch|p2a: Koraidon|Koraidon|100\/100\n|-weather|SunnyDay|[from] ability: Orichalcum Pulse|[of] p2a: Koraidon\n|-activate|p2a: Koraidon|Orichalcum Pulse|[source]\n|turn|1\n|\n|t:|1699979482\n|switch|p2a: Lilligant|Lilligant-Hisui, F|100\/100\n|move|p1a: Torkoal|Stealth Rock|p2a: Lilligant\n|-sidestart|p2: savagewolf98420|move: Stealth Rock\n|\n|-weather|SunnyDay|[upkeep]\n|upkeep\n|turn|2\n|\n|t:|1699979494\n|switch|p1a: Charizard|Charizard, M|100\/100\n|move|p2a: Lilligant|Sleep Powder|p1a: Charizard\n|-status|p1a: Charizard|slp|[from] move: Sleep Powder\n|\n|-weather|SunnyDay|[upkeep]\n|-damage|p1a: Charizard|88\/100 slp|[from] ability: Solar Power|[of] p1a: Charizard\n|upkeep\n|turn|3\n|\n|t:|1699979504\n|move|p2a: Lilligant|Victory Dance|p2a: Lilligant\n|-boost|p2a: Lilligant|atk|1\n|-boost|p2a: Lilligant|def|1\n|-boost|p2a: Lilligant|spe|1\n|cant|p1a: Charizard|slp\n|\n|-weather|SunnyDay|[upkeep]\n|-damage|p1a: Charizard|76\/100 slp|[from] ability: Solar Power|[of] p1a: Charizard\n|upkeep\n|turn|4\n|\n|t:|1699979513\n|move|p2a: Lilligant|Victory Dance|p2a: Lilligant\n|-boost|p2a: Lilligant|atk|1\n|-boost|p2a: Lilligant|def|1\n|-boost|p2a: Lilligant|spe|1\n|cant|p1a: Charizard|slp\n|\n|-weather|SunnyDay|[upkeep]\n|-damage|p1a: Charizard|63\/100 slp|[from] ability: Solar Power|[of] p1a: Charizard\n|upkeep\n|turn|5\n|\n|t:|1699979525\n|move|p2a: Lilligant|Solar Blade||[still]\n|-prepare|p2a: Lilligant|Solar Blade\n|-anim|p2a: Lilligant|Solar Blade|p1a: Charizard\n|-resisted|p1a: Charizard\n|-damage|p1a: Charizard|17\/100 slp\n|cant|p1a: Charizard|slp\n|\n|-weather|none\n|upkeep\n|turn|6\n|\n|t:|1699979534\n|move|p2a: Lilligant|Axe Kick|p1a: Charizard\n|-resisted|p1a: Charizard\n|-damage|p1a: Charizard|0 fnt\n|faint|p1a: Charizard\n|\n|upkeep\n|\n|t:|1699979544\n|switch|p1a: Arboliva|Arboliva, F|100\/100\n|turn|7\n|\n|t:|1699979553\n|-terastallize|p1a: Arboliva|Ghost\n|move|p2a: Lilligant|Axe Kick|p1a: Arboliva\n|-immune|p1a: Arboliva\n|-damage|p2a: Lilligant|51\/100|[from] highjumpkick\n|move|p1a: Arboliva|Strength Sap|p2a: Lilligant\n|-unboost|p2a: Lilligant|atk|1\n|\n|upkeep\n|turn|8\n|\n|t:|1699979564\n|move|p2a: Lilligant|Sleep Powder|p1a: Arboliva\n|-status|p1a: Arboliva|slp|[from] move: Sleep Powder\n|cant|p1a: Arboliva|slp\n|\n|upkeep\n|turn|9\n|\n|t:|1699979572\n|move|p2a: Lilligant|Solar Blade||[still]\n|-prepare|p2a: Lilligant|Solar Blade\n|-curestatus|p1a: Arboliva|slp|[msg]\n|move|p1a: Arboliva|Leech Seed|p2a: Lilligant\n|-immune|p2a: Lilligant\n|\n|upkeep\n|turn|10\n|\n|t:|1699979578\n|move|p2a: Lilligant|Solar Blade|p1a: Arboliva|[from]lockedmove\n|-damage|p1a: Arboliva|0 fnt\n|faint|p1a: Arboliva\n|\n|upkeep\n|\n|t:|1699979588\n|switch|p1a: Sandy Shocks|Sandy Shocks|100\/100\n|-item|p1a: Sandy Shocks|Air Balloon\n|turn|11\n|\n|t:|1699979593\n|move|p2a: Lilligant|Axe Kick|p1a: Sandy Shocks\n|-damage|p1a: Sandy Shocks|0 fnt\n|-enditem|p1a: Sandy Shocks|Air Balloon\n|faint|p1a: Sandy Shocks\n|-end|p1a: Sandy Shocks|Protosynthesis|[silent]\n|\n|upkeep\n|\n|t:|1699979597\n|switch|p1a: Roaring Moon|Roaring Moon|100\/100\n|turn|12\n|\n|t:|1699979603\n|move|p2a: Lilligant|Axe Kick|p1a: Roaring Moon\n|-supereffective|p1a: Roaring Moon\n|-damage|p1a: Roaring Moon|0 fnt\n|faint|p1a: Roaring Moon\n|-end|p1a: Roaring Moon|Protosynthesis|[silent]\n|\n|upkeep\n|\n|t:|1699979607\n|switch|p1a: Torkoal|Torkoal, M|100\/100\n|-weather|SunnyDay|[from] ability: Drought|[of] p1a: Torkoal\n|turn|13\n|c|\u2606savagewolf98420|Gg\n|c|\u2606Yurik the Skald|ggwp\n|\n|t:|1699979619\n|move|p2a: Lilligant|Axe Kick|p1a: Torkoal\n|-damage|p1a: Torkoal|49\/100\n|move|p1a: Torkoal|Body Press|p2a: Lilligant\n|-crit|p2a: Lilligant\n|-damage|p2a: Lilligant|0 fnt\n|faint|p2a: Lilligant\n|\n|-weather|SunnyDay|[upkeep]\n|upkeep\n|\n|t:|1699979633\n|switch|p2a: Arcanine|Arcanine-Hisui, M, shiny|100\/100\n|-damage|p2a: Arcanine|76\/100|[from] Stealth Rock\n|turn|14\n|\n|t:|1699979639\n|move|p2a: Arcanine|Head Smash|p1a: Torkoal\n|-supereffective|p1a: Torkoal\n|-damage|p1a: Torkoal|0 fnt\n|faint|p1a: Torkoal\n|\n|-weather|SunnyDay|[upkeep]\n|upkeep\n|\n|t:|1699979644\n|switch|p1a: Lilligant|Lilligant-Hisui, F|100\/100\n|turn|15\n|\n|t:|1699979650\n|move|p1a: Lilligant|Close Combat|p2a: Arcanine\n|-supereffective|p2a: Arcanine\n|-damage|p2a: Arcanine|0 fnt\n|-unboost|p1a: Lilligant|def|1\n|-unboost|p1a: Lilligant|spd|1\n|faint|p2a: Arcanine\n|-damage|p1a: Lilligant|91\/100|[from] item: Life Orb\n|\n|-weather|SunnyDay|[upkeep]\n|upkeep\n|\n|t:|1699979660\n|switch|p2a: Toxapex|Toxapex, M|100\/100\n|-damage|p2a: Toxapex|88\/100|[from] Stealth Rock\n|turn|16\n|\n|t:|1699979666\n|move|p2a: Toxapex|Baneful Bunker|p2a: Toxapex\n|-singleturn|p2a: Toxapex|move: Protect\n|move|p1a: Lilligant|Solar Blade||[still]\n|-prepare|p1a: Lilligant|Solar Blade\n|-anim|p1a: Lilligant|Solar Blade|p2a: Toxapex\n|-activate|p2a: Toxapex|move: Protect\n|-status|p1a: Lilligant|psn\n|\n|-weather|SunnyDay|[upkeep]\n|-heal|p2a: Toxapex|94\/100|[from] item: Leftovers\n|-damage|p1a: Lilligant|78\/100 psn|[from] psn\n|upkeep\n|turn|17\n|\n|t:|1699979685\n|switch|p2a: Koraidon|Koraidon|100\/100\n|-damage|p2a: Koraidon|94\/100|[from] Stealth Rock\n|-activate|p2a: Koraidon|ability: Orichalcum Pulse\n|move|p1a: Lilligant|Solar Blade||[still]\n|-prepare|p1a: Lilligant|Solar Blade\n|-anim|p1a: Lilligant|Solar Blade|p2a: Koraidon\n|-resisted|p2a: Koraidon\n|-damage|p2a: Koraidon|58\/100\n|-damage|p1a: Lilligant|68\/100 psn|[from] item: Life Orb\n|\n|-weather|SunnyDay|[upkeep]\n|-damage|p1a: Lilligant|56\/100 psn|[from] psn\n|upkeep\n|turn|18\n|\n|t:|1699979700\n|move|p1a: Lilligant|Close Combat|p2a: Koraidon\n|-damage|p2a: Koraidon|0 fnt\n|-unboost|p1a: Lilligant|def|1\n|-unboost|p1a: Lilligant|spd|1\n|faint|p2a: Koraidon\n|-damage|p1a: Lilligant|46\/100 psn|[from] item: Life Orb\n|\n|-weather|SunnyDay|[upkeep]\n|-damage|p1a: Lilligant|33\/100 psn|[from] psn\n|upkeep\n|\n|t:|1699979711\n|switch|p2a: Eternatus|Eternatus|100\/100\n|-damage|p2a: Eternatus|88\/100|[from] Stealth Rock\n|-ability|p2a: Eternatus|Pressure\n|turn|19\n|\n|t:|1699979718\n|move|p1a: Lilligant|Close Combat|p2a: Eternatus\n|-resisted|p2a: Eternatus\n|-damage|p2a: Eternatus|59\/100\n|-unboost|p1a: Lilligant|def|1\n|-unboost|p1a: Lilligant|spd|1\n|-damage|p1a: Lilligant|24\/100 psn|[from] item: Life Orb\n|move|p2a: Eternatus|Cosmic Power|p2a: Eternatus\n|-boost|p2a: Eternatus|def|1\n|-boost|p2a: Eternatus|spd|1\n|\n|-weather|SunnyDay|[upkeep]\n|-heal|p2a: Eternatus|65\/100|[from] item: Leftovers\n|-damage|p1a: Lilligant|11\/100 psn|[from] psn\n|upkeep\n|turn|20\n|\n|t:|1699979733\n|move|p1a: Lilligant|Solar Blade||[still]\n|-prepare|p1a: Lilligant|Solar Blade\n|-anim|p1a: Lilligant|Solar Blade|p2a: Eternatus\n|-resisted|p2a: Eternatus\n|-damage|p2a: Eternatus|55\/100\n|-damage|p1a: Lilligant|1\/100 psn|[from] item: Life Orb\n|move|p2a: Eternatus|Cosmic Power|p2a: Eternatus\n|-boost|p2a: Eternatus|def|1\n|-boost|p2a: Eternatus|spd|1\n|\n|-weather|none\n|-heal|p2a: Eternatus|61\/100|[from] item: Leftovers\n|-damage|p1a: Lilligant|0 fnt|[from] psn\n|faint|p1a: Lilligant\n|\n|win|savagewolf98420\n|upkeep\n|raw|Yurik the Skald's rating: 1371 &rarr; <strong>1347<\/strong><br \/>(-24 for losing)\n|raw|savagewolf98420's rating: 1303 &rarr; <strong>1327<\/strong><br \/>(+24 for winning)\n|l|\u2606Yurik the Skald\n","uploadtime":1699979753,"views":3,"p1id":"yuriktheskald","p2id":"savagewolf98420","formatid":"gen9anythinggoes","rating":1327,"private":0,"password":""}