{"id":"gen9anythinggoes-1981210936","p1":"PennyPennyPenPen","p2":"rozenspark","format":"[Gen 9] Anything Goes","log":"|j|\u2606PennyPennyPenPen\n|j|\u2606rozenspark\n|t:|1698872806\n|gametype|singles\n|player|p1|PennyPennyPenPen|crasherwake|\n|player|p2|rozenspark|1|\n|teamsize|p1|6\n|teamsize|p2|6\n|gen|9\n|tier|[Gen 9] Anything Goes\n|rule|HP Percentage Mod: HP is shown in percentages\n|rule|Endless Battle Clause: Forcing endless battles is banned\n|clearpoke\n|poke|p1|Munchlax, M|\n|poke|p1|Munchlax, M|\n|poke|p1|Munchlax, M|\n|poke|p1|Munchlax, M|\n|poke|p1|Munchlax, M|\n|poke|p1|Munchlax, F|\n|poke|p2|Munchlax, M|\n|poke|p2|Munchlax, F|\n|poke|p2|Munchlax, F|\n|poke|p2|Munchlax, F|\n|poke|p2|Munchlax, M|\n|poke|p2|Munchlax, F|\n|teampreview\n|\n|t:|1698872820\n|start\n|switch|p1a: Munchet|Munchlax, M|100\/100\n|switch|p2a: Munchlax|Munchlax, M|100\/100\n|turn|1\n|\n|t:|1698872826\n|move|p1a: Munchet|Metronome|p1a: Munchet\n|move|p1a: Munchet|Ice Fang|p2a: Munchlax|[from]move: Metronome\n|-damage|p2a: Munchlax|78\/100\n|-status|p2a: Munchlax|frz\n|cant|p2a: Munchlax|frz\n|\n|upkeep\n|turn|2\n|\n|t:|1698872836\n|move|p1a: Munchet|Metronome|p1a: Munchet\n|move|p1a: Munchet|Acupressure|p1a: Munchet|[from]move: Metronome\n|-boost|p1a: Munchet|atk|2\n|cant|p2a: Munchlax|frz\n|\n|upkeep\n|turn|3\n|\n|t:|1698872843\n|-curestatus|p2a: Munchlax|frz|[msg]\n|move|p2a: Munchlax|Metronome|p2a: Munchlax\n|move|p2a: Munchlax|Dig||[from]move: Metronome|[still]\n|-prepare|p2a: Munchlax|Dig\n|move|p1a: Munchet|Metronome|p1a: Munchet\n|move|p1a: Munchet|Focus Energy|p1a: Munchet|[from]move: Metronome\n|-start|p1a: Munchet|move: Focus Energy\n|\n|upkeep\n|turn|4\n|\n|t:|1698872851\n|move|p1a: Munchet|Metronome|p1a: Munchet\n|move|p1a: Munchet|Acid|p2a: Munchlax|[from]move: Metronome|[miss]\n|-miss|p1a: Munchet|p2a: Munchlax\n|move|p2a: Munchlax|Dig|p1a: Munchet|[from]lockedmove\n|-damage|p1a: Munchet|72\/100\n|\n|upkeep\n|turn|5\n|\n|t:|1698872859\n|move|p2a: Munchlax|Metronome|p2a: Munchlax\n|move|p2a: Munchlax|Darkest Lariat|p1a: Munchet|[from]move: Metronome\n|-damage|p1a: Munchet|44\/100\n|move|p1a: Munchet|Metronome|p1a: Munchet\n|move|p1a: Munchet|Draining Kiss|p2a: Munchlax|[from]move: Metronome\n|-damage|p2a: Munchlax|72\/100\n|-heal|p1a: Munchet|48\/100|[from] drain|[of] p2a: Munchlax\n|\n|upkeep\n|turn|6\n|\n|t:|1698872870\n|move|p2a: Munchlax|Metronome|p2a: Munchlax\n|move|p2a: Munchlax|Speed Swap|p1a: Munchet|[from]move: Metronome\n|-activate|p2a: Munchlax|move: Speed Swap|[of] p1a: Munchet\n|move|p1a: Munchet|Metronome|p1a: Munchet\n|move|p1a: Munchet|Grass Knot|p2a: Munchlax|[from]move: Metronome\n|-crit|p2a: Munchlax\n|-damage|p2a: Munchlax|56\/100\n|\n|upkeep\n|turn|7\n|\n|t:|1698872877\n|move|p1a: Munchet|Metronome|p1a: Munchet\n|move|p1a: Munchet|Endeavor|p2a: Munchlax|[from]move: Metronome\n|-damage|p2a: Munchlax|48\/100\n|move|p2a: Munchlax|Metronome|p2a: Munchlax\n|move|p2a: Munchlax|Nuzzle|p1a: Munchet|[from]move: Metronome\n|-damage|p1a: Munchet|41\/100\n|-status|p1a: Munchet|par\n|\n|upkeep\n|turn|8\n|\n|t:|1698872886\n|move|p2a: Munchlax|Metronome|p2a: Munchlax\n|move|p2a: Munchlax|Ember|p1a: Munchet|[from]move: Metronome\n|-damage|p1a: Munchet|37\/100 par\n|cant|p1a: Munchet|par\n|\n|upkeep\n|turn|9\n|\n|t:|1698872893\n|move|p2a: Munchlax|Metronome|p2a: Munchlax\n|move|p2a: Munchlax|Shell Smash|p2a: Munchlax|[from]move: Metronome\n|-unboost|p2a: Munchlax|def|1\n|-unboost|p2a: Munchlax|spd|1\n|-boost|p2a: Munchlax|atk|2\n|-boost|p2a: Munchlax|spa|2\n|-boost|p2a: Munchlax|spe|2\n|move|p1a: Munchet|Metronome|p1a: Munchet\n|move|p1a: Munchet|Magic Room|p1a: Munchet|[from]move: Metronome\n|-fieldstart|move: Magic Room|[of] p1a: Munchet\n|\n|upkeep\n|turn|10\n|\n|t:|1698872903\n|move|p2a: Munchlax|Metronome|p2a: Munchlax\n|move|p2a: Munchlax|Calm Mind|p2a: Munchlax|[from]move: Metronome\n|-boost|p2a: Munchlax|spa|1\n|-boost|p2a: Munchlax|spd|1\n|move|p1a: Munchet|Metronome|p1a: Munchet\n|move|p1a: Munchet|Spit Up||[from]move: Metronome|[still]\n|-fail|p1a: Munchet\n|\n|upkeep\n|turn|11\n|\n|t:|1698872910\n|move|p2a: Munchlax|Metronome|p2a: Munchlax\n|move|p2a: Munchlax|Disable|p1a: Munchet|[from]move: Metronome\n|-start|p1a: Munchet|Disable|Metronome\n|cant|p1a: Munchet|Disable|Metronome\n|\n|upkeep\n|turn|12\n|\n|t:|1698872916\n|move|p2a: Munchlax|Metronome|p2a: Munchlax\n|move|p2a: Munchlax|Final Gambit|p1a: Munchet|[from]move: Metronome\n|-damage|p1a: Munchet|0 fnt\n|faint|p2a: Munchlax\n|faint|p1a: Munchet\n|\n|upkeep\n|c|\u2606PennyPennyPenPen|WHAAAAAAAAAA!?!?\n|\n|t:|1698872927\n|switch|p2a: Munchlax|Munchlax, F|100\/100\n|switch|p1a: Munche|Munchlax, M|100\/100\n|turn|13\n|\n|t:|1698872935\n|move|p2a: Munchlax|Metronome|p2a: Munchlax\n|move|p2a: Munchlax|Focus Blast|p1a: Munche|[from]move: Metronome\n|-supereffective|p1a: Munche\n|-damage|p1a: Munche|75\/100\n|move|p1a: Munche|Metronome|p1a: Munche\n|move|p1a: Munche|Gravity|p1a: Munche|[from]move: Metronome\n|-fieldstart|move: Gravity\n|\n|-fieldend|move: Magic Room|[of] p1: Munchet\n|upkeep\n|turn|14\n|\n|t:|1698872944\n|move|p1a: Munche|Metronome|p1a: Munche\n|move|p1a: Munche|Psychic Terrain|p1a: Munche|[from]move: Metronome\n|-fieldstart|move: Psychic Terrain\n|move|p2a: Munchlax|Metronome|p2a: Munchlax\n|move|p2a: Munchlax|Eruption|p1a: Munche|[from]move: Metronome\n|-damage|p1a: Munche|59\/100\n|\n|upkeep\n|turn|15\n|\n|t:|1698872951\n|move|p1a: Munche|Metronome|p1a: Munche\n|move|p1a: Munche|Wish|p1a: Munche|[from]move: Metronome\n|move|p2a: Munchlax|Metronome|p2a: Munchlax\n|move|p2a: Munchlax|Tail Whip|p1a: Munche|[from]move: Metronome\n|-unboost|p1a: Munche|def|1\n|\n|upkeep\n|turn|16\n|\n|t:|1698872956\n|move|p2a: Munchlax|Metronome|p2a: Munchlax\n|move|p2a: Munchlax|Torch Song|p1a: Munche|[from]move: Metronome\n|-damage|p1a: Munche|50\/100\n|-boost|p2a: Munchlax|spa|1\n|move|p1a: Munche|Metronome|p1a: Munche\n|move|p1a: Munche|Entrainment||[from]move: Metronome|[still]\n|-fail|p1a: Munche\n|\n|-heal|p1a: Munche|99\/100|[from] move: Wish|[wisher] Munche\n|upkeep\n|turn|17\n|\n|t:|1698872966\n|move|p1a: Munche|Metronome|p1a: Munche\n|move|p1a: Munche|Baby-Doll Eyes|p2a: Munchlax|[from]move: Metronome\n|-unboost|p2a: Munchlax|atk|1\n|move|p2a: Munchlax|Metronome|p2a: Munchlax\n|move|p2a: Munchlax|Poltergeist||[from]move: Metronome|[still]\n|-fail|p2a: Munchlax\n|\n|-fieldend|move: Gravity\n|upkeep\n|turn|18\n|\n|t:|1698872973\n|move|p1a: Munche|Metronome|p1a: Munche\n|move|p1a: Munche|Bulldoze|p2a: Munchlax|[from]move: Metronome\n|-damage|p2a: Munchlax|80\/100\n|-unboost|p2a: Munchlax|spe|1\n|move|p2a: Munchlax|Metronome|p2a: Munchlax\n|move|p2a: Munchlax|Psyshock|p1a: Munche|[from]move: Metronome\n|-damage|p1a: Munche|58\/100\n|\n|-fieldend|move: Psychic Terrain\n|upkeep\n|turn|19\n|\n|t:|1698872983\n|move|p1a: Munche|Metronome|p1a: Munche\n|move|p1a: Munche|Volt Switch|p2a: Munchlax|[from]move: Metronome\n|-damage|p2a: Munchlax|73\/100\n|\n|t:|1698872990\n|switch|p1a: Munchons|Munchlax, M|100\/100|[from] Volt Switch\n|move|p2a: Munchlax|Metronome|p2a: Munchlax\n|move|p2a: Munchlax|Peck|p1a: Munchons|[from]move: Metronome\n|-damage|p1a: Munchons|92\/100\n|\n|upkeep\n|turn|20\n|\n|t:|1698872997\n|move|p1a: Munchons|Metronome|p1a: Munchons\n|move|p1a: Munchons|Sandstorm|p1a: Munchons|[from]move: Metronome\n|-weather|Sandstorm\n|move|p2a: Munchlax|Metronome|p2a: Munchlax\n|move|p2a: Munchlax|Skitter Smack|p1a: Munchons|[from]move: Metronome\n|-damage|p1a: Munchons|77\/100\n|-unboost|p1a: Munchons|spa|1\n|\n|-weather|Sandstorm|[upkeep]\n|-damage|p1a: Munchons|71\/100|[from] Sandstorm\n|-damage|p2a: Munchlax|67\/100|[from] Sandstorm\n|upkeep\n|turn|21\n|\n|t:|1698873007\n|move|p1a: Munchons|Metronome|p1a: Munchons\n|move|p1a: Munchons|Electro Ball|p2a: Munchlax|[from]move: Metronome\n|-damage|p2a: Munchlax|62\/100\n|move|p2a: Munchlax|Metronome|p2a: Munchlax\n|move|p2a: Munchlax|Blaze Kick|p1a: Munchons|[from]move: Metronome\n|-damage|p1a: Munchons|51\/100\n|\n|-weather|Sandstorm|[upkeep]\n|-damage|p1a: Munchons|45\/100|[from] Sandstorm\n|-damage|p2a: Munchlax|56\/100|[from] Sandstorm\n|upkeep\n|turn|22\n|\n|t:|1698873016\n|move|p1a: Munchons|Metronome|p1a: Munchons\n|move|p1a: Munchons|Parting Shot|p2a: Munchlax|[from]move: Metronome\n|-unboost|p2a: Munchlax|atk|1\n|-unboost|p2a: Munchlax|spa|1\n|\n|t:|1698873023\n|switch|p1a: Munchez|Munchlax, M|100\/100|[from] Parting Shot\n|move|p2a: Munchlax|Metronome|p2a: Munchlax\n|move|p2a: Munchlax|Misty Explosion|p1a: Munchez|[from]move: Metronome\n|-damage|p1a: Munchez|89\/100\n|faint|p2a: Munchlax\n|\n|-weather|Sandstorm|[upkeep]\n|-damage|p1a: Munchez|83\/100|[from] Sandstorm\n|upkeep\n|\n|t:|1698873032\n|switch|p2a: Munchlax|Munchlax, F|100\/100\n|turn|23\n|\n|t:|1698873036\n|move|p2a: Munchlax|Metronome|p2a: Munchlax\n|move|p2a: Munchlax|Confuse Ray|p1a: Munchez|[from]move: Metronome\n|-start|p1a: Munchez|confusion\n|-activate|p1a: Munchez|confusion\n|-damage|p1a: Munchez|69\/100|[from] confusion\n|\n|-weather|Sandstorm|[upkeep]\n|-damage|p1a: Munchez|63\/100|[from] Sandstorm\n|-damage|p2a: Munchlax|94\/100|[from] Sandstorm\n|upkeep\n|turn|24\n|\n|t:|1698873045\n|move|p2a: Munchlax|Metronome|p2a: Munchlax\n|move|p2a: Munchlax|Minimize|p2a: Munchlax|[from]move: Metronome\n|-boost|p2a: Munchlax|evasion|2\n|-activate|p1a: Munchez|confusion\n|move|p1a: Munchez|Metronome|p1a: Munchez\n|move|p1a: Munchez|Infernal Parade|p2a: Munchlax|[from]move: Metronome\n|-immune|p2a: Munchlax\n|\n|-weather|none\n|upkeep\n|turn|25\n|\n|t:|1698873054\n|move|p2a: Munchlax|Metronome|p2a: Munchlax\n|move|p2a: Munchlax|Zing Zap|p1a: Munchez|[from]move: Metronome\n|-damage|p1a: Munchez|37\/100\n|cant|p1a: Munchez|flinch\n|\n|upkeep\n|turn|26\n|\n|t:|1698873061\n|-activate|p1a: Munchez|confusion\n|move|p1a: Munchez|Metronome|p1a: Munchez\n|move|p1a: Munchez|Water Pulse|p2a: Munchlax|[from]move: Metronome\n|-damage|p2a: Munchlax|87\/100\n|move|p2a: Munchlax|Metronome|p2a: Munchlax\n|move|p2a: Munchlax|Accelerock|p1a: Munchez|[from]move: Metronome\n|-damage|p1a: Munchez|24\/100\n|\n|upkeep\n|turn|27\n|\n|t:|1698873068\n|-end|p1a: Munchez|confusion\n|move|p1a: Munchez|Metronome|p1a: Munchez\n|move|p1a: Munchez|Arm Thrust|p2a: Munchlax|[from]move: Metronome|[miss]\n|-miss|p1a: Munchez|p2a: Munchlax\n|move|p2a: Munchlax|Metronome|p2a: Munchlax\n|move|p2a: Munchlax|Reversal|p1a: Munchez|[from]move: Metronome\n|-supereffective|p1a: Munchez\n|-damage|p1a: Munchez|9\/100\n|\n|upkeep\n|turn|28\n|\n|t:|1698873080\n|move|p1a: Munchez|Metronome|p1a: Munchez\n|move|p1a: Munchez|Charm|p2a: Munchlax|[from]move: Metronome|[miss]\n|-miss|p1a: Munchez|p2a: Munchlax\n|move|p2a: Munchlax|Metronome|p2a: Munchlax\n|move|p2a: Munchlax|Fissure|p1a: Munchez|[from]move: Metronome|[miss]\n|-miss|p2a: Munchlax|p1a: Munchez\n|\n|upkeep\n|turn|29\n|\n|t:|1698873087\n|move|p2a: Munchlax|Metronome|p2a: Munchlax\n|move|p2a: Munchlax|Fire Spin|p1a: Munchez|[from]move: Metronome\n|-damage|p1a: Munchez|5\/100\n|-activate|p1a: Munchez|move: Fire Spin|[of] p2a: Munchlax\n|move|p1a: Munchez|Metronome|p1a: Munchez\n|move|p1a: Munchez|Night Slash|p2a: Munchlax|[from]move: Metronome\n|-crit|p2a: Munchlax\n|-damage|p2a: Munchlax|54\/100\n|\n|-damage|p1a: Munchez|0 fnt|[from] move: Fire Spin|[partiallytrapped]\n|faint|p1a: Munchez\n|upkeep\n|\n|t:|1698873100\n|switch|p1a: Munches|Munchlax, M|100\/100\n|turn|30\n|\n|t:|1698873112\n|move|p2a: Munchlax|Metronome|p2a: Munchlax\n|move|p2a: Munchlax|Avalanche|p1a: Munches|[from]move: Metronome\n|-damage|p1a: Munches|80\/100\n|move|p1a: Munches|Metronome|p1a: Munches\n|move|p1a: Munches|Brine|p2a: Munchlax|[from]move: Metronome|[miss]\n|-miss|p1a: Munches|p2a: Munchlax\n|\n|upkeep\n|turn|31\n|\n|t:|1698873120\n|move|p2a: Munchlax|Metronome|p2a: Munchlax\n|move|p2a: Munchlax|Poison Powder|p1a: Munches|[from]move: Metronome|[miss]\n|-miss|p2a: Munchlax|p1a: Munches\n|move|p1a: Munches|Metronome|p1a: Munches\n|move|p1a: Munches|Air Cutter|p2a: Munchlax|[from]move: Metronome\n|-damage|p2a: Munchlax|48\/100\n|\n|upkeep\n|turn|32\n|\n|t:|1698873127\n|move|p2a: Munchlax|Metronome|p2a: Munchlax\n|move|p2a: Munchlax|Last Resort||[from]move: Metronome|[still]\n|-fail|p2a: Munchlax\n|move|p1a: Munches|Metronome|p1a: Munches\n|move|p1a: Munches|Dragon Breath|p2a: Munchlax|[from]move: Metronome\n|-damage|p2a: Munchlax|41\/100\n|\n|upkeep\n|turn|33\n|\n|t:|1698873140\n|move|p1a: Munches|Metronome|p1a: Munches\n|move|p1a: Munches|Curse|p1a: Munches|[from]move: Metronome\n|-unboost|p1a: Munches|spe|1\n|-boost|p1a: Munches|atk|1\n|-boost|p1a: Munches|def|1\n|move|p2a: Munchlax|Metronome|p2a: Munchlax\n|move|p2a: Munchlax|Dragon Dance|p2a: Munchlax|[from]move: Metronome\n|-boost|p2a: Munchlax|atk|1\n|-boost|p2a: Munchlax|spe|1\n|\n|upkeep\n|turn|34\n|\n|t:|1698873151\n|move|p2a: Munchlax|Metronome|p2a: Munchlax\n|move|p2a: Munchlax|Superpower|p1a: Munches|[from]move: Metronome\n|-supereffective|p1a: Munches\n|-damage|p1a: Munches|0 fnt\n|-unboost|p2a: Munchlax|atk|1\n|-unboost|p2a: Munchlax|def|1\n|faint|p1a: Munches\n|\n|upkeep\n|\n|t:|1698873159\n|switch|p1a: Munchent|Munchlax, F|100\/100\n|turn|35\n|\n|t:|1698873162\n|move|p2a: Munchlax|Metronome|p2a: Munchlax\n|move|p2a: Munchlax|Poison Tail|p1a: Munchent|[from]move: Metronome\n|-damage|p1a: Munchent|84\/100\n|move|p1a: Munchent|Metronome|p1a: Munchent\n|move|p1a: Munchent|Psyshield Bash|p2a: Munchlax|[from]move: Metronome\n|-damage|p2a: Munchlax|6\/100\n|-boost|p1a: Munchent|def|1\n|\n|upkeep\n|turn|36\n|\n|t:|1698873170\n|move|p2a: Munchlax|Metronome|p2a: Munchlax\n|move|p2a: Munchlax|Mega Kick|p1a: Munchent|[from]move: Metronome\n|-damage|p1a: Munchent|41\/100\n|move|p1a: Munchent|Metronome|p1a: Munchent\n|move|p1a: Munchent|Nuzzle|p2a: Munchlax|[from]move: Metronome\n|-damage|p2a: Munchlax|0 fnt\n|faint|p2a: Munchlax\n|\n|upkeep\n|\n|t:|1698873181\n|switch|p2a: Munchlax|Munchlax, F|100\/100\n|turn|37\n|\n|t:|1698873184\n|move|p1a: Munchent|Metronome|p1a: Munchent\n|move|p1a: Munchent|Zap Cannon|p2a: Munchlax|[from]move: Metronome\n|-damage|p2a: Munchlax|89\/100\n|-status|p2a: Munchlax|par\n|move|p2a: Munchlax|Metronome|p2a: Munchlax\n|move|p2a: Munchlax|Dragon Rush|p1a: Munchent|[from]move: Metronome|[miss]\n|-miss|p2a: Munchlax|p1a: Munchent\n|\n|upkeep\n|turn|38\n|\n|t:|1698873193\n|move|p1a: Munchent|Metronome|p1a: Munchent\n|move|p1a: Munchent|Gigaton Hammer|p2a: Munchlax|[from]move: Metronome\n|-damage|p2a: Munchlax|36\/100 par\n|move|p2a: Munchlax|Metronome|p2a: Munchlax\n|move|p2a: Munchlax|Lick|p1a: Munchent|[from]move: Metronome\n|-immune|p1a: Munchent\n|\n|upkeep\n|turn|39\n|\n|t:|1698873201\n|move|p1a: Munchent|Metronome|p1a: Munchent\n|move|p1a: Munchent|Outrage|p2a: Munchlax|[from]move: Metronome\n|-damage|p2a: Munchlax|0 fnt\n|faint|p2a: Munchlax\n|\n|upkeep\n|\n|t:|1698873207\n|switch|p2a: Munchlax|Munchlax, M|100\/100\n|turn|40\n|\n|t:|1698873211\n|move|p2a: Munchlax|Metronome|p2a: Munchlax\n|move|p2a: Munchlax|Zing Zap|p1a: Munchent|[from]move: Metronome\n|-damage|p1a: Munchent|23\/100\n|move|p1a: Munchent|Outrage|p2a: Munchlax|[from]lockedmove\n|-damage|p2a: Munchlax|57\/100\n|\n|upkeep\n|turn|41\n|\n|t:|1698873218\n|move|p1a: Munchent|Outrage|p2a: Munchlax|[from]lockedmove\n|-damage|p2a: Munchlax|17\/100\n|-start|p1a: Munchent|confusion|[fatigue]\n|move|p2a: Munchlax|Metronome|p2a: Munchlax\n|move|p2a: Munchlax|Scary Face|p1a: Munchent|[from]move: Metronome\n|-unboost|p1a: Munchent|spe|2\n|\n|upkeep\n|turn|42\n|\n|t:|1698873226\n|move|p2a: Munchlax|Metronome|p2a: Munchlax\n|move|p2a: Munchlax|Encore||[from]move: Metronome|[still]\n|-fail|p2a: Munchlax\n|-activate|p1a: Munchent|confusion\n|move|p1a: Munchent|Metronome|p1a: Munchent\n|move|p1a: Munchent|Mortal Spin|p2a: Munchlax|[from]move: Metronome\n|-damage|p2a: Munchlax|7\/100\n|-status|p2a: Munchlax|psn\n|\n|-damage|p2a: Munchlax|0 fnt|[from] psn\n|faint|p2a: Munchlax\n|upkeep\n|\n|t:|1698873238\n|switch|p2a: Munchlax|Munchlax, F|100\/100\n|turn|43\n|\n|t:|1698873242\n|move|p2a: Munchlax|Metronome|p2a: Munchlax\n|move|p2a: Munchlax|Shadow Force||[from]move: Metronome|[still]\n|-prepare|p2a: Munchlax|Shadow Force\n|-activate|p1a: Munchent|confusion\n|move|p1a: Munchent|Metronome|p1a: Munchent\n|move|p1a: Munchent|Stomping Tantrum|p2a: Munchlax|[from]move: Metronome|[miss]\n|-miss|p1a: Munchent|p2a: Munchlax\n|\n|upkeep\n|turn|44\n|\n|t:|1698873250\n|move|p2a: Munchlax|Shadow Force|p1a: Munchent|[from]lockedmove\n|-immune|p1a: Munchent\n|-activate|p1a: Munchent|confusion\n|-damage|p1a: Munchent|13\/100|[from] confusion\n|\n|upkeep\n|turn|45\n|\n|t:|1698873257\n|move|p2a: Munchlax|Metronome|p2a: Munchlax\n|move|p2a: Munchlax|Last Respects|p1a: Munchent|[from]move: Metronome\n|-immune|p1a: Munchent\n|-activate|p1a: Munchent|confusion\n|move|p1a: Munchent|Metronome|p1a: Munchent\n|move|p1a: Munchent|Sludge|p2a: Munchlax|[from]move: Metronome\n|-damage|p2a: Munchlax|93\/100\n|\n|upkeep\n|turn|46\n|\n|t:|1698873267\n|move|p2a: Munchlax|Metronome|p2a: Munchlax\n|move|p2a: Munchlax|Dragon Dance|p2a: Munchlax|[from]move: Metronome\n|-boost|p2a: Munchlax|atk|1\n|-boost|p2a: Munchlax|spe|1\n|-end|p1a: Munchent|confusion\n|move|p1a: Munchent|Metronome|p1a: Munchent\n|move|p1a: Munchent|Roar||[from]move: Metronome|[still]\n|-fail|p1a: Munchent\n|\n|upkeep\n|turn|47\n|\n|t:|1698873276\n|move|p2a: Munchlax|Metronome|p2a: Munchlax\n|move|p2a: Munchlax|Fire Pledge|p1a: Munchent|[from]move: Metronome\n|-damage|p1a: Munchent|3\/100\n|move|p1a: Munchent|Metronome|p1a: Munchent\n|move|p1a: Munchent|Flamethrower|p2a: Munchlax|[from]move: Metronome\n|-damage|p2a: Munchlax|83\/100\n|\n|upkeep\n|turn|48\n|\n|t:|1698873284\n|move|p2a: Munchlax|Metronome|p2a: Munchlax\n|move|p2a: Munchlax|Wild Charge|p1a: Munchent|[from]move: Metronome\n|-damage|p1a: Munchent|0 fnt\n|faint|p1a: Munchent\n|-damage|p2a: Munchlax|82\/100|[from] Recoil\n|\n|upkeep\n|\n|t:|1698873291\n|switch|p1a: Munche|Munchlax, M|58\/100\n|turn|49\n|\n|t:|1698873294\n|move|p2a: Munchlax|Metronome|p2a: Munchlax\n|move|p2a: Munchlax|Low Sweep|p1a: Munche|[from]move: Metronome\n|-supereffective|p1a: Munche\n|-damage|p1a: Munche|0 fnt\n|faint|p1a: Munche\n|\n|upkeep\n|\n|t:|1698873299\n|switch|p1a: Munchons|Munchlax, M|45\/100\n|turn|50\n|\n|t:|1698873302\n|move|p2a: Munchlax|Metronome|p2a: Munchlax\n|move|p2a: Munchlax|Rock Slide|p1a: Munchons|[from]move: Metronome|[miss]\n|-miss|p2a: Munchlax|p1a: Munchons\n|move|p1a: Munchons|Metronome|p1a: Munchons\n|move|p1a: Munchons|Hydro Steam|p2a: Munchlax|[from]move: Metronome\n|-damage|p2a: Munchlax|74\/100\n|\n|upkeep\n|turn|51\n|\n|t:|1698873311\n|move|p2a: Munchlax|Metronome|p2a: Munchlax\n|move|p2a: Munchlax|Smokescreen|p1a: Munchons|[from]move: Metronome\n|-unboost|p1a: Munchons|accuracy|1\n|move|p1a: Munchons|Metronome|p1a: Munchons\n|move|p1a: Munchons|Sand Attack|p2a: Munchlax|[from]move: Metronome\n|-unboost|p2a: Munchlax|accuracy|1\n|\n|upkeep\n|turn|52\n|\n|t:|1698873319\n|move|p2a: Munchlax|Metronome|p2a: Munchlax\n|move|p2a: Munchlax|Trop Kick|p1a: Munchons|[from]move: Metronome|[miss]\n|-miss|p2a: Munchlax|p1a: Munchons\n|move|p1a: Munchons|Metronome|p1a: Munchons\n|move|p1a: Munchons|Kowtow Cleave|p2a: Munchlax|[from]move: Metronome\n|-damage|p2a: Munchlax|45\/100\n|\n|upkeep\n|turn|53\n|\n|t:|1698873328\n|move|p2a: Munchlax|Metronome|p2a: Munchlax\n|move|p2a: Munchlax|Quiver Dance|p2a: Munchlax|[from]move: Metronome\n|-boost|p2a: Munchlax|spa|1\n|-boost|p2a: Munchlax|spd|1\n|-boost|p2a: Munchlax|spe|1\n|move|p1a: Munchons|Metronome|p1a: Munchons\n|move|p1a: Munchons|Cotton Guard|p1a: Munchons|[from]move: Metronome\n|-boost|p1a: Munchons|def|3\n|\n|upkeep\n|turn|54\n|\n|t:|1698873337\n|move|p2a: Munchlax|Metronome|p2a: Munchlax\n|move|p2a: Munchlax|Zap Cannon|p1a: Munchons|[from]move: Metronome\n|-damage|p1a: Munchons|27\/100\n|-status|p1a: Munchons|par\n|cant|p1a: Munchons|par\n|\n|upkeep\n|turn|55\n|\n|t:|1698873344\n|move|p2a: Munchlax|Metronome|p2a: Munchlax\n|move|p2a: Munchlax|Baton Pass||[from]move: Metronome|[still]\n|-fail|p2a: Munchlax\n|move|p1a: Munchons|Metronome|p1a: Munchons\n|move|p1a: Munchons|Mega Kick|p2a: Munchlax|[from]move: Metronome\n|-damage|p2a: Munchlax|0 fnt\n|faint|p2a: Munchlax\n|\n|win|PennyPennyPenPen\n","uploadtime":1698873356,"views":7,"p1id":"pennypennypenpen","p2id":"rozenspark","formatid":"gen9anythinggoes","rating":0,"private":0,"password":""}