{"id":"gen9anythinggoes-1984752302","p1":"Hevy_1404","p2":"techninja850","format":"[Gen 9] Anything Goes","log":"|j|\u2606Hevy_1404\n|j|\u2606techninja850\n|t:|1699296130\n|gametype|singles\n|player|p1|Hevy_1404|cynthia-gen4|1096\n|player|p2|techninja850|265|1180\n|teamsize|p1|6\n|teamsize|p2|6\n|gen|9\n|tier|[Gen 9] Anything Goes\n|rated|\n|rule|HP Percentage Mod: HP is shown in percentages\n|rule|Endless Battle Clause: Forcing endless battles is banned\n|clearpoke\n|poke|p1|Maushold-Four|\n|poke|p1|Annihilape, F|\n|poke|p1|Greninja-*, F|\n|poke|p1|Regieleki|\n|poke|p1|Ceruledge, M|\n|poke|p1|Garchomp, F|\n|poke|p2|Oshawott, M|\n|poke|p2|Greninja-*, M|\n|poke|p2|Gliscor, F|\n|poke|p2|Grimmsnarl, M|\n|poke|p2|Gengar, F|\n|poke|p2|Kingambit, M|\n|teampreview\n|\n|t:|1699296135\n|start\n|switch|p1a: Annihilape|Annihilape, F|100\/100\n|switch|p2a: Steven Adams|Grimmsnarl, M, shiny|100\/100\n|turn|1\n|\n|t:|1699296152\n|move|p2a: Steven Adams|Reflect|p2a: Steven Adams\n|-sidestart|p2: techninja850|Reflect\n|move|p1a: Annihilape|Drain Punch|p2a: Steven Adams\n|-damage|p2a: Steven Adams|78\/100\n|\n|upkeep\n|turn|2\n|\n|t:|1699296161\n|move|p1a: Annihilape|Drain Punch|p2a: Steven Adams\n|-damage|p2a: Steven Adams|55\/100\n|move|p2a: Steven Adams|Spirit Break|p1a: Annihilape\n|-supereffective|p1a: Annihilape\n|-damage|p1a: Annihilape|42\/100\n|-unboost|p1a: Annihilape|spa|1\n|-ability|p1a: Annihilape|Defiant|boost\n|-boost|p1a: Annihilape|atk|2\n|\n|upkeep\n|turn|3\n|\n|t:|1699296169\n|move|p1a: Annihilape|Drain Punch|p2a: Steven Adams\n|-damage|p2a: Steven Adams|7\/100\n|-heal|p1a: Annihilape|64\/100|[from] drain|[of] p2a: Steven Adams\n|move|p2a: Steven Adams|Spirit Break|p1a: Annihilape\n|-supereffective|p1a: Annihilape\n|-damage|p1a: Annihilape|9\/100\n|-unboost|p1a: Annihilape|spa|1\n|-ability|p1a: Annihilape|Defiant|boost\n|-boost|p1a: Annihilape|atk|2\n|\n|upkeep\n|turn|4\n|\n|t:|1699296179\n|switch|p2a: MasterBaiter|Gengar, F|100\/100\n|move|p1a: Annihilape|Drain Punch|p2a: MasterBaiter\n|-immune|p2a: MasterBaiter\n|\n|upkeep\n|turn|5\n|\n|t:|1699296190\n|move|p2a: MasterBaiter|Shadow Ball|p1a: Annihilape\n|-supereffective|p1a: Annihilape\n|-damage|p1a: Annihilape|0 fnt\n|faint|p1a: Annihilape\n|\n|upkeep\n|\n|t:|1699296201\n|switch|p1a: Regieleki|Regieleki|100\/100\n|turn|6\n|\n|t:|1699296209\n|move|p1a: Regieleki|Thunderbolt|p2a: MasterBaiter\n|-damage|p2a: MasterBaiter|12\/100\n|move|p2a: MasterBaiter|Shadow Ball|p1a: Regieleki\n|-damage|p1a: Regieleki|12\/100\n|\n|upkeep\n|turn|7\n|\n|t:|1699296216\n|switch|p1a: Greninja|Greninja, F, shiny|100\/100\n|move|p2a: MasterBaiter|Destiny Bond|p2a: MasterBaiter\n|-singlemove|p2a: MasterBaiter|Destiny Bond\n|\n|upkeep\n|turn|8\n|\n|t:|1699296229\n|switch|p1a: Garchomp|Garchomp, F|100\/100\n|move|p2a: MasterBaiter|Dazzling Gleam|p1a: Garchomp\n|-supereffective|p1a: Garchomp\n|-damage|p1a: Garchomp|45\/100\n|\n|-sideend|p2: techninja850|Reflect\n|upkeep\n|turn|9\n|\n|t:|1699296237\n|move|p2a: MasterBaiter|Dazzling Gleam|p1a: Garchomp\n|-supereffective|p1a: Garchomp\n|-damage|p1a: Garchomp|0 fnt\n|faint|p1a: Garchomp\n|\n|upkeep\n|\n|t:|1699296245\n|switch|p1a: Greninja|Greninja, F, shiny|100\/100\n|turn|10\n|\n|t:|1699296249\n|move|p1a: Greninja|Extrasensory|p2a: MasterBaiter\n|-start|p1a: Greninja|typechange|Psychic|[from] ability: Protean\n|-supereffective|p2a: MasterBaiter\n|-damage|p2a: MasterBaiter|0 fnt\n|faint|p2a: MasterBaiter\n|\n|upkeep\n|\n|t:|1699296264\n|switch|p2a: Dattebayo|Greninja, M, shiny|100\/100\n|turn|11\n|\n|t:|1699296268\n|move|p2a: Dattebayo|Acrobatics|p1a: Greninja\n|-start|p2a: Dattebayo|typechange|Flying|[from] ability: Protean\n|-damage|p1a: Greninja|12\/100\n|move|p1a: Greninja|Extrasensory|p2a: Dattebayo\n|-damage|p2a: Dattebayo|45\/100\n|\n|upkeep\n|turn|12\n|\n|t:|1699296284\n|move|p2a: Dattebayo|Acrobatics|p1a: Greninja\n|-damage|p1a: Greninja|0 fnt\n|faint|p1a: Greninja\n|\n|upkeep\n|\n|t:|1699296291\n|switch|p1a: Regieleki|Regieleki|12\/100\n|turn|13\n|\n|t:|1699296299\n|switch|p2a: Ken Carti Carson|Gliscor, F, shiny|100\/100\n|move|p1a: Regieleki|Extreme Speed|p2a: Ken Carti Carson\n|-damage|p2a: Ken Carti Carson|88\/100\n|\n|-status|p2a: Ken Carti Carson|tox|[from] item: Toxic Orb\n|upkeep\n|turn|14\n|\n|t:|1699296310\n|switch|p1a: Ceruledge|Ceruledge, M|100\/100\n|move|p2a: Ken Carti Carson|Earthquake|p1a: Ceruledge\n|-supereffective|p1a: Ceruledge\n|-damage|p1a: Ceruledge|27\/100\n|-ability|p1a: Ceruledge|Weak Armor|boost\n|-unboost|p1a: Ceruledge|def|1\n|-boost|p1a: Ceruledge|spe|2\n|\n|-heal|p2a: Ken Carti Carson|100\/100 tox|[from] ability: Poison Heal\n|upkeep\n|turn|15\n|c|\u2606techninja850|what are u doing bro\n|\n|t:|1699296339\n|move|p1a: Ceruledge|Shadow Claw|p2a: Ken Carti Carson\n|-damage|p2a: Ken Carti Carson|76\/100 tox\n|move|p2a: Ken Carti Carson|Earthquake|p1a: Ceruledge\n|-supereffective|p1a: Ceruledge\n|-damage|p1a: Ceruledge|0 fnt\n|faint|p1a: Ceruledge\n|\n|-heal|p2a: Ken Carti Carson|88\/100 tox|[from] ability: Poison Heal\n|upkeep\n|inactive|Battle timer is ON: inactive players will automatically lose when time's up. (requested by techninja850)\n|c|\u2606techninja850|gg\n|\n|t:|1699296348\n|switch|p1a: Maushold|Maushold-Four|100\/100\n|turn|16\n|\n|t:|1699296352\n|move|p1a: Maushold|Population Bomb|p2a: Ken Carti Carson\n|-damage|p2a: Ken Carti Carson|80\/100 tox\n|-damage|p2a: Ken Carti Carson|73\/100 tox\n|-damage|p2a: Ken Carti Carson|66\/100 tox\n|-damage|p2a: Ken Carti Carson|59\/100 tox\n|-damage|p2a: Ken Carti Carson|52\/100 tox\n|-damage|p2a: Ken Carti Carson|45\/100 tox\n|-damage|p2a: Ken Carti Carson|37\/100 tox\n|-damage|p2a: Ken Carti Carson|29\/100 tox\n|-damage|p2a: Ken Carti Carson|22\/100 tox\n|-damage|p2a: Ken Carti Carson|15\/100 tox\n|-hitcount|p2a: Ken Carti Carson|10\n|move|p2a: Ken Carti Carson|Toxic|p1a: Maushold\n|-status|p1a: Maushold|tox\n|\n|-damage|p1a: Maushold|94\/100 tox|[from] psn\n|-heal|p2a: Ken Carti Carson|28\/100 tox|[from] ability: Poison Heal\n|upkeep\n|turn|17\n|\n|t:|1699296369\n|move|p1a: Maushold|Population Bomb|p2a: Ken Carti Carson\n|-damage|p2a: Ken Carti Carson|21\/100 tox\n|-damage|p2a: Ken Carti Carson|14\/100 tox\n|-damage|p2a: Ken Carti Carson|6\/100 tox\n|-damage|p2a: Ken Carti Carson|0 fnt\n|faint|p2a: Ken Carti Carson\n|-hitcount|p2: Ken Carti Carson|4\n|\n|-damage|p1a: Maushold|82\/100 tox|[from] psn\n|upkeep\n|\n|t:|1699296374\n|switch|p2a: Oshiwashi :3|Oshawott, M|100\/100\n|turn|18\n|\n|t:|1699296389\n|move|p1a: Maushold|Trailblaze|p2a: Oshiwashi :3\n|-supereffective|p2a: Oshiwashi :3\n|-damage|p2a: Oshiwashi :3|14\/100\n|-boost|p1a: Maushold|spe|1\n|move|p2a: Oshiwashi :3|Avalanche|p1a: Maushold\n|-damage|p1a: Maushold|43\/100 tox\n|\n|-damage|p1a: Maushold|24\/100 tox|[from] psn\n|upkeep\n|turn|19\n|\n|t:|1699296399\n|move|p2a: Oshiwashi :3|Detect|p2a: Oshiwashi :3\n|-singleturn|p2a: Oshiwashi :3|Protect\n|move|p1a: Maushold|Trailblaze|p2a: Oshiwashi :3\n|-activate|p2a: Oshiwashi :3|move: Protect\n|\n|-damage|p1a: Maushold|0 fnt|[from] psn\n|faint|p1a: Maushold\n|upkeep\n|\n|t:|1699296409\n|switch|p1a: Regieleki|Regieleki|12\/100\n|turn|20\n|\n|t:|1699296417\n|move|p2a: Oshiwashi :3|Aqua Jet|p1a: Regieleki\n|-damage|p1a: Regieleki|0 fnt\n|faint|p1a: Regieleki\n|\n|win|techninja850\n|raw|Hevy_1404's rating: 1096 &rarr; <strong>1077<\/strong><br \/>(-19 for losing)\n|raw|techninja850's rating: 1180 &rarr; <strong>1199<\/strong><br \/>(+19 for winning)\n|c|\u2606techninja850|LMFAOOOO\n","uploadtime":1699296432,"views":6,"p1id":"hevy1404","p2id":"techninja850","formatid":"gen9anythinggoes","rating":1077,"private":0,"password":""}