{"id":"gen9anythinggoes-1980981980","p1":"KoolbeansLmao","p2":"Hexagon Purpsix","format":"[Gen 9] Anything Goes","log":"|j|\u2606KoolbeansLmao\n|j|\u2606Hexagon Purpsix\n|t:|1698854234\n|gametype|singles\n|player|p1|KoolbeansLmao|170|1157\n|player|p2|Hexagon Purpsix|169|1066\n|teamsize|p1|6\n|teamsize|p2|6\n|gen|9\n|tier|[Gen 9] Anything Goes\n|rated|\n|rule|HP Percentage Mod: HP is shown in percentages\n|rule|Endless Battle Clause: Forcing endless battles is banned\n|clearpoke\n|poke|p1|Gholdengo|\n|poke|p1|Dondozo, M|\n|poke|p1|Garchomp, M|\n|poke|p1|Cyclizar, M|\n|poke|p1|Breloom, M|\n|poke|p1|Scizor, M|\n|poke|p2|Ditto|\n|poke|p2|Ditto|\n|poke|p2|Ditto|\n|poke|p2|Ditto|\n|poke|p2|Ditto|\n|poke|p2|Ditto|\n|teampreview\n|c|\u2606KoolbeansLmao|Oop\n|inactive|Battle timer is ON: inactive players will automatically lose when time's up. (requested by Hexagon Purpsix)\n|\n|t:|1698854242\n|start\n|switch|p1a: Cyclizar|Cyclizar, M|100\/100\n|switch|p2a: Ditto|Ditto|100\/100\n|-transform|p2a: Ditto|p1a: Cyclizar|[from] ability: Imposter\n|turn|1\n|\n|t:|1698854252\n|move|p1a: Cyclizar|Shed Tail|p1a: Cyclizar\n|-start|p1a: Cyclizar|Substitute|[from] move: Shed Tail\n|-damage|p1a: Cyclizar|50\/100\n|\n|t:|1698854256\n|switch|p1a: Scizor|Scizor, M|100\/100|[from] Shed Tail\n|move|p2a: Ditto|Knock Off|p1a: Scizor\n|-activate|p1a: Scizor|move: Substitute|[damage]\n|\n|upkeep\n|turn|2\n|\n|t:|1698854268\n|move|p1a: Scizor|Bullet Punch|p2a: Ditto\n|-damage|p2a: Ditto|2\/100\n|move|p2a: Ditto|Draco Meteor|p1a: Scizor\n|-resisted|p1a: Scizor\n|-end|p1a: Scizor|Substitute\n|-unboost|p2a: Ditto|spa|2\n|\n|-heal|p2a: Ditto|8\/100|[from] item: Leftovers\n|upkeep\n|turn|3\n|\n|t:|1698854279\n|move|p1a: Scizor|Bullet Punch|p2a: Ditto\n|-damage|p2a: Ditto|0 fnt\n|faint|p2a: Ditto\n|\n|upkeep\n|\n|t:|1698854289\n|switch|p2a: Ditto|Ditto|100\/100\n|-transform|p2a: Ditto|p1a: Scizor|[from] ability: Imposter\n|turn|4\n|\n|t:|1698854298\n|move|p1a: Scizor|Bullet Punch|p2a: Ditto\n|-resisted|p2a: Ditto\n|-damage|p2a: Ditto|71\/100\n|move|p2a: Ditto|Brick Break|p1a: Scizor\n|-damage|p1a: Scizor|60\/100\n|-damage|p2a: Ditto|62\/100|[from] item: Life Orb\n|\n|upkeep\n|turn|5\n|\n|t:|1698854305\n|switch|p1a: Gholdengo|Gholdengo|100\/100\n|move|p2a: Ditto|Knock Off|p1a: Gholdengo\n|-supereffective|p1a: Gholdengo\n|-damage|p1a: Gholdengo|0 fnt\n|-enditem|p1a: Gholdengo|Covert Cloak|[from] move: Knock Off|[of] p2a: Ditto\n|faint|p1a: Gholdengo\n|-damage|p2a: Ditto|52\/100|[from] item: Life Orb\n|\n|upkeep\n|c|\u2606KoolbeansLmao|OOO\n|c|\u2606KoolbeansLmao|good read\n|\n|t:|1698854317\n|switch|p1a: Cyclizar|Cyclizar, M|84\/100\n|turn|6\n|\n|t:|1698854325\n|move|p2a: Ditto|Bullet Punch|p1a: Cyclizar\n|-damage|p1a: Cyclizar|13\/100\n|-damage|p2a: Ditto|42\/100|[from] item: Life Orb\n|move|p1a: Cyclizar|Shed Tail|p1a: Cyclizar\n|-fail|p1a: Cyclizar|move: Shed Tail|[weak]\n|\n|upkeep\n|turn|7\n|c|\u2606KoolbeansLmao|fuck i made him to good\n|\n|t:|1698854337\n|move|p1a: Cyclizar|Knock Off|p2a: Ditto\n|-crit|p2a: Ditto\n|-damage|p2a: Ditto|7\/100\n|-enditem|p2a: Ditto|Life Orb|[from] move: Knock Off|[of] p1a: Cyclizar\n|move|p2a: Ditto|Knock Off|p1a: Cyclizar\n|-damage|p1a: Cyclizar|0 fnt\n|-enditem|p1a: Cyclizar|Heavy-Duty Boots|[from] move: Knock Off|[of] p2a: Ditto\n|faint|p1a: Cyclizar\n|\n|upkeep\n|\n|t:|1698854343\n|switch|p1a: Scizor|Scizor, M|60\/100\n|turn|8\n|\n|t:|1698854348\n|move|p2a: Ditto|Bullet Punch|p1a: Scizor\n|-resisted|p1a: Scizor\n|-damage|p1a: Scizor|41\/100\n|move|p1a: Scizor|Bullet Punch|p2a: Ditto\n|-resisted|p2a: Ditto\n|-damage|p2a: Ditto|0 fnt\n|faint|p2a: Ditto\n|\n|upkeep\n|\n|t:|1698854355\n|switch|p2a: Ditto|Ditto|100\/100\n|-transform|p2a: Ditto|p1a: Scizor|[from] ability: Imposter\n|turn|9\n|\n|t:|1698854365\n|move|p2a: Ditto|Bullet Punch|p1a: Scizor\n|-resisted|p1a: Scizor\n|-damage|p1a: Scizor|18\/100\n|move|p1a: Scizor|Bullet Punch|p2a: Ditto\n|-resisted|p2a: Ditto\n|-damage|p2a: Ditto|73\/100\n|\n|upkeep\n|turn|10\n|\n|t:|1698854378\n|move|p2a: Ditto|Bullet Punch|p1a: Scizor\n|-resisted|p1a: Scizor\n|-damage|p1a: Scizor|0 fnt\n|faint|p1a: Scizor\n|\n|upkeep\n|\n|t:|1698854381\n|switch|p1a: Donbozo|Dondozo, M|100\/100\n|turn|11\n|\n|t:|1698854389\n|switch|p2a: Ditto|Ditto|100\/100\n|-transform|p2a: Ditto|p1a: Donbozo|[from] ability: Imposter\n|move|p1a: Donbozo|Curse|p1a: Donbozo\n|-unboost|p1a: Donbozo|spe|1\n|-boost|p1a: Donbozo|atk|1\n|-boost|p1a: Donbozo|def|1\n|\n|upkeep\n|turn|12\n|\n|t:|1698854401\n|move|p2a: Ditto|Liquidation|p1a: Donbozo\n|-resisted|p1a: Donbozo\n|-damage|p1a: Donbozo|92\/100\n|move|p1a: Donbozo|Liquidation|p2a: Ditto\n|-resisted|p2a: Ditto\n|-damage|p2a: Ditto|87\/100\n|\n|-heal|p1a: Donbozo|98\/100|[from] item: Leftovers\n|upkeep\n|turn|13\n|\n|t:|1698854429\n|switch|p2a: Ditto|Ditto|100\/100\n|-transform|p2a: Ditto|p1a: Donbozo|[from] ability: Imposter\n|-item|p2a: Ditto|Air Balloon\n|move|p1a: Donbozo|Curse|p1a: Donbozo\n|-unboost|p1a: Donbozo|spe|1\n|-boost|p1a: Donbozo|atk|1\n|-boost|p1a: Donbozo|def|1\n|\n|-heal|p1a: Donbozo|100\/100|[from] item: Leftovers\n|upkeep\n|turn|14\n|\n|t:|1698854444\n|move|p2a: Ditto|Curse|p2a: Ditto\n|-unboost|p2a: Ditto|spe|1\n|-boost|p2a: Ditto|atk|1\n|-boost|p2a: Ditto|def|1\n|move|p1a: Donbozo|Curse|p1a: Donbozo\n|-unboost|p1a: Donbozo|spe|1\n|-boost|p1a: Donbozo|atk|1\n|-boost|p1a: Donbozo|def|1\n|\n|upkeep\n|turn|15\n|\n|t:|1698854455\n|move|p2a: Ditto|Curse|p2a: Ditto\n|-unboost|p2a: Ditto|spe|1\n|-boost|p2a: Ditto|atk|1\n|-boost|p2a: Ditto|def|1\n|move|p1a: Donbozo|Curse|p1a: Donbozo\n|-unboost|p1a: Donbozo|spe|1\n|-boost|p1a: Donbozo|atk|1\n|-boost|p1a: Donbozo|def|1\n|\n|upkeep\n|turn|16\n|\n|t:|1698854464\n|move|p2a: Ditto|Curse|p2a: Ditto\n|-unboost|p2a: Ditto|spe|1\n|-boost|p2a: Ditto|atk|1\n|-boost|p2a: Ditto|def|1\n|move|p1a: Donbozo|Liquidation|p2a: Ditto\n|-resisted|p2a: Ditto\n|-damage|p2a: Ditto|87\/100\n|-enditem|p2a: Ditto|Air Balloon\n|\n|upkeep\n|turn|17\n|\n|t:|1698854473\n|move|p1a: Donbozo|Curse|p1a: Donbozo\n|-unboost|p1a: Donbozo|spe|1\n|-boost|p1a: Donbozo|atk|1\n|-boost|p1a: Donbozo|def|1\n|move|p2a: Ditto|Curse|p2a: Ditto\n|-unboost|p2a: Ditto|spe|1\n|-boost|p2a: Ditto|atk|1\n|-boost|p2a: Ditto|def|1\n|\n|upkeep\n|turn|18\n|\n|t:|1698854482\n|move|p1a: Donbozo|Curse|p1a: Donbozo\n|-unboost|p1a: Donbozo|spe|1\n|-boost|p1a: Donbozo|atk|1\n|-boost|p1a: Donbozo|def|1\n|move|p2a: Ditto|Curse|p2a: Ditto\n|-unboost|p2a: Ditto|spe|1\n|-boost|p2a: Ditto|atk|1\n|-boost|p2a: Ditto|def|1\n|\n|upkeep\n|turn|19\n|\n|t:|1698854491\n|move|p1a: Donbozo|Liquidation|p2a: Ditto\n|-resisted|p2a: Ditto\n|-damage|p2a: Ditto|73\/100\n|move|p2a: Ditto|Liquidation|p1a: Donbozo\n|-resisted|p1a: Donbozo\n|-damage|p1a: Donbozo|93\/100\n|\n|-heal|p1a: Donbozo|99\/100|[from] item: Leftovers\n|upkeep\n|turn|20\n|\n|t:|1698854500\n|move|p2a: Ditto|Liquidation|p1a: Donbozo\n|-resisted|p1a: Donbozo\n|-damage|p1a: Donbozo|91\/100\n|move|p1a: Donbozo|Liquidation|p2a: Ditto\n|-resisted|p2a: Ditto\n|-damage|p2a: Ditto|61\/100\n|\n|-heal|p1a: Donbozo|97\/100|[from] item: Leftovers\n|upkeep\n|turn|21\n|\n|t:|1698854509\n|move|p2a: Ditto|Liquidation|p1a: Donbozo\n|-resisted|p1a: Donbozo\n|-damage|p1a: Donbozo|89\/100\n|move|p1a: Donbozo|Liquidation|p2a: Ditto\n|-resisted|p2a: Ditto\n|-damage|p2a: Ditto|47\/100\n|\n|-heal|p1a: Donbozo|95\/100|[from] item: Leftovers\n|upkeep\n|turn|22\n|\n|t:|1698854518\n|move|p1a: Donbozo|Liquidation|p2a: Ditto\n|-resisted|p2a: Ditto\n|-damage|p2a: Ditto|32\/100\n|move|p2a: Ditto|Liquidation|p1a: Donbozo\n|-resisted|p1a: Donbozo\n|-damage|p1a: Donbozo|87\/100\n|\n|-heal|p1a: Donbozo|94\/100|[from] item: Leftovers\n|upkeep\n|turn|23\n|\n|t:|1698854527\n|move|p2a: Ditto|Rest|p2a: Ditto\n|-status|p2a: Ditto|slp|[from] move: Rest\n|-heal|p2a: Ditto|100\/100 slp|[silent]\n|move|p1a: Donbozo|Liquidation|p2a: Ditto\n|-resisted|p2a: Ditto\n|-damage|p2a: Ditto|87\/100 slp\n|\n|-heal|p1a: Donbozo|99\/100|[from] item: Leftovers\n|upkeep\n|turn|24\n|\n|t:|1698854536\n|move|p1a: Donbozo|Liquidation|p2a: Ditto\n|-resisted|p2a: Ditto\n|-damage|p2a: Ditto|74\/100 slp\n|cant|p2a: Ditto|slp\n|move|p2a: Ditto|Sleep Talk|p2a: Ditto\n|move|p2a: Ditto|Curse|p2a: Ditto|[from]move: Sleep Talk\n|\n|-heal|p1a: Donbozo|100\/100|[from] item: Leftovers\n|upkeep\n|turn|25\n|\n|t:|1698854546\n|move|p1a: Donbozo|Liquidation|p2a: Ditto\n|-resisted|p2a: Ditto\n|-damage|p2a: Ditto|60\/100 slp\n|-unboost|p2a: Ditto|def|1\n|cant|p2a: Ditto|slp\n|move|p2a: Ditto|Sleep Talk|p2a: Ditto\n|move|p2a: Ditto|Curse|p2a: Ditto|[from]move: Sleep Talk\n|-boost|p2a: Ditto|def|1\n|\n|upkeep\n|turn|26\n|\n|t:|1698854556\n|-curestatus|p2a: Ditto|slp|[msg]\n|move|p2a: Ditto|Sleep Talk||[still]\n|-fail|p2a: Ditto\n|move|p1a: Donbozo|Liquidation|p2a: Ditto\n|-resisted|p2a: Ditto\n|-damage|p2a: Ditto|48\/100\n|-unboost|p2a: Ditto|def|1\n|\n|upkeep\n|turn|27\n|\n|t:|1698854569\n|switch|p2a: Ditto|Ditto|73\/100\n|-transform|p2a: Ditto|p1a: Donbozo|[from] ability: Imposter\n|move|p1a: Donbozo|Liquidation|p2a: Ditto\n|-resisted|p2a: Ditto\n|-damage|p2a: Ditto|59\/100\n|\n|upkeep\n|turn|28\n|\n|t:|1698854578\n|move|p1a: Donbozo|Liquidation|p2a: Ditto\n|-resisted|p2a: Ditto\n|-damage|p2a: Ditto|45\/100\n|move|p2a: Ditto|Liquidation|p1a: Donbozo\n|-resisted|p1a: Donbozo\n|-damage|p1a: Donbozo|89\/100\n|-unboost|p1a: Donbozo|def|1\n|\n|-heal|p1a: Donbozo|95\/100|[from] item: Leftovers\n|upkeep\n|turn|29\n|\n|t:|1698854587\n|move|p2a: Ditto|Liquidation|p1a: Donbozo\n|-resisted|p1a: Donbozo\n|-damage|p1a: Donbozo|82\/100\n|-unboost|p1a: Donbozo|def|1\n|move|p1a: Donbozo|Liquidation|p2a: Ditto\n|-resisted|p2a: Ditto\n|-damage|p2a: Ditto|32\/100\n|-unboost|p2a: Ditto|def|1\n|\n|-heal|p1a: Donbozo|88\/100|[from] item: Leftovers\n|upkeep\n|turn|30\n|\n|t:|1698854598\n|move|p1a: Donbozo|Curse|p1a: Donbozo\n|-boost|p1a: Donbozo|def|1\n|move|p2a: Ditto|Liquidation|p1a: Donbozo\n|-resisted|p1a: Donbozo\n|-damage|p1a: Donbozo|75\/100\n|\n|-heal|p1a: Donbozo|82\/100|[from] item: Leftovers\n|upkeep\n|turn|31\n|\n|t:|1698854607\n|move|p2a: Ditto|Liquidation|p1a: Donbozo\n|-resisted|p1a: Donbozo\n|-damage|p1a: Donbozo|69\/100\n|move|p1a: Donbozo|Liquidation|p2a: Ditto\n|-resisted|p2a: Ditto\n|-damage|p2a: Ditto|19\/100\n|\n|-heal|p1a: Donbozo|75\/100|[from] item: Leftovers\n|upkeep\n|turn|32\n|\n|t:|1698854619\n|switch|p2a: Ditto|Ditto|100\/100\n|-transform|p2a: Ditto|p1a: Donbozo|[from] ability: Imposter\n|move|p1a: Donbozo|Liquidation|p2a: Ditto\n|-resisted|p2a: Ditto\n|-damage|p2a: Ditto|88\/100\n|\n|-heal|p1a: Donbozo|82\/100|[from] item: Leftovers\n|upkeep\n|turn|33\n|c|\u2606KoolbeansLmao|omllll\n|c|\u2606KoolbeansLmao|this is annottingg\n|c|\u2606KoolbeansLmao|g\n|\n|t:|1698854631\n|move|p2a: Ditto|Liquidation|p1a: Donbozo\n|-resisted|p1a: Donbozo\n|-damage|p1a: Donbozo|74\/100\n|move|p1a: Donbozo|Liquidation|p2a: Ditto\n|-resisted|p2a: Ditto\n|-damage|p2a: Ditto|73\/100\n|\n|-heal|p1a: Donbozo|80\/100|[from] item: Leftovers\n|upkeep\n|turn|34\n|\n|t:|1698854640\n|switch|p1a: Breloom|Breloom, M|100\/100\n|move|p2a: Ditto|Liquidation|p1a: Breloom\n|-resisted|p1a: Breloom\n|-crit|p1a: Breloom\n|-damage|p1a: Breloom|0 fnt\n|faint|p1a: Breloom\n|\n|upkeep\n|\n|t:|1698854646\n|switch|p1a: Garchomp|Garchomp, M|100\/100\n|turn|35\n|\n|t:|1698854652\n|move|p2a: Ditto|Liquidation|p1a: Garchomp\n|-damage|p1a: Garchomp|1\/100\n|-damage|p2a: Ditto|61\/100|[from] ability: Rough Skin|[of] p1a: Garchomp\n|-damage|p2a: Ditto|44\/100|[from] item: Rocky Helmet|[of] p1a: Garchomp\n|move|p1a: Garchomp|Dragon Tail|p2a: Ditto\n|-damage|p2a: Ditto|38\/100\n|drag|p2a: Ditto|Ditto|48\/100\n|-transform|p2a: Ditto|p1a: Garchomp|[from] ability: Imposter\n|\n|upkeep\n|turn|36\n|\n|t:|1698854669\n|-terastallize|p1a: Garchomp|Ghost\n|move|p2a: Ditto|Spikes|p1a: Garchomp\n|-sidestart|p1: KoolbeansLmao|Spikes\n|move|p1a: Garchomp|Earthquake|p2a: Ditto\n|-damage|p2a: Ditto|0 fnt\n|faint|p2a: Ditto\n|\n|upkeep\n|\n|t:|1698854685\n|switch|p2a: Ditto|Ditto|87\/100\n|-transform|p2a: Ditto|p1a: Garchomp|[from] ability: Imposter\n|-start|p2a: Ditto|typechange|Dragon\/Ground|[silent]\n|turn|37\n|\n|t:|1698854695\n|move|p2a: Ditto|Earthquake|p1a: Garchomp\n|-damage|p1a: Garchomp|0 fnt\n|faint|p1a: Garchomp\n|\n|upkeep\n|\n|t:|1698854700\n|switch|p1a: Donbozo|Dondozo, M|80\/100\n|-damage|p1a: Donbozo|68\/100|[from] Spikes\n|turn|38\n|c|\u2606KoolbeansLmao|gg\n|\n|t:|1698854710\n|-terastallize|p2a: Ditto|Water\n|move|p2a: Ditto|Earthquake|p1a: Donbozo\n|-damage|p1a: Donbozo|44\/100\n|move|p1a: Donbozo|Curse|p1a: Donbozo\n|-unboost|p1a: Donbozo|spe|1\n|-boost|p1a: Donbozo|atk|1\n|-boost|p1a: Donbozo|def|1\n|\n|-heal|p1a: Donbozo|50\/100|[from] item: Leftovers\n|upkeep\n|turn|39\n|c|\u2606Hexagon Purpsix|gg#\n|\n|t:|1698854720\n|move|p2a: Ditto|Earthquake|p1a: Donbozo\n|-damage|p1a: Donbozo|35\/100\n|move|p1a: Donbozo|Rest|p1a: Donbozo\n|-status|p1a: Donbozo|slp|[from] move: Rest\n|-heal|p1a: Donbozo|100\/100 slp|[silent]\n|\n|upkeep\n|turn|40\n|c|\u2606KoolbeansLmao|i got no pp in liquadtion\n|\n|t:|1698854732\n|move|p2a: Ditto|Earthquake|p1a: Donbozo\n|-damage|p1a: Donbozo|85\/100 slp\n|cant|p1a: Donbozo|slp\n|move|p1a: Donbozo|Sleep Talk|p1a: Donbozo\n|move|p1a: Donbozo|Curse|p1a: Donbozo|[from]move: Sleep Talk\n|-unboost|p1a: Donbozo|spe|1\n|-boost|p1a: Donbozo|atk|1\n|-boost|p1a: Donbozo|def|1\n|\n|-heal|p1a: Donbozo|91\/100 slp|[from] item: Leftovers\n|upkeep\n|turn|41\n|c|\u2606Hexagon Purpsix|oh yeah\n|\n|t:|1698854749\n|move|p2a: Ditto|Earthquake|p1a: Donbozo\n|-damage|p1a: Donbozo|78\/100 slp\n|cant|p1a: Donbozo|slp\n|move|p1a: Donbozo|Sleep Talk|p1a: Donbozo\n|move|p1a: Donbozo|Rest||[from]move: Sleep Talk|[still]\n|-fail|p1a: Donbozo\n|\n|-heal|p1a: Donbozo|85\/100 slp|[from] item: Leftovers\n|upkeep\n|turn|42\n|\n|t:|1698854759\n|-activate|p2a: Ditto|move: Struggle\n|move|p2a: Ditto|Struggle|p1a: Donbozo\n|-damage|p1a: Donbozo|80\/100 slp\n|-damage|p2a: Ditto|62\/100|[from] recoil\n|-curestatus|p1a: Donbozo|slp|[msg]\n|move|p1a: Donbozo|Curse|p1a: Donbozo\n|-unboost|p1a: Donbozo|spe|1\n|-boost|p1a: Donbozo|atk|1\n|-boost|p1a: Donbozo|def|1\n|\n|-heal|p1a: Donbozo|86\/100|[from] item: Leftovers\n|upkeep\n|turn|43\n|\n|t:|1698854770\n|-activate|p2a: Ditto|move: Struggle\n|move|p2a: Ditto|Struggle|p1a: Donbozo\n|-damage|p1a: Donbozo|83\/100\n|-damage|p2a: Ditto|37\/100|[from] recoil\n|move|p1a: Donbozo|Curse|p1a: Donbozo\n|-unboost|p1a: Donbozo|spe|1\n|-boost|p1a: Donbozo|atk|1\n|-boost|p1a: Donbozo|def|1\n|\n|-heal|p1a: Donbozo|89\/100|[from] item: Leftovers\n|upkeep\n|turn|44\n|\n|t:|1698854781\n|-activate|p2a: Ditto|move: Struggle\n|move|p2a: Ditto|Struggle|p1a: Donbozo\n|-damage|p1a: Donbozo|86\/100\n|-damage|p2a: Ditto|12\/100|[from] recoil\n|move|p1a: Donbozo|Curse|p1a: Donbozo\n|-unboost|p1a: Donbozo|spe|1\n|-boost|p1a: Donbozo|atk|1\n|-boost|p1a: Donbozo|def|1\n|\n|-heal|p1a: Donbozo|93\/100|[from] item: Leftovers\n|upkeep\n|turn|45\n|\n|t:|1698854791\n|-activate|p2a: Ditto|move: Struggle\n|move|p2a: Ditto|Struggle|p1a: Donbozo\n|-damage|p1a: Donbozo|90\/100\n|-damage|p2a: Ditto|0 fnt|[from] recoil\n|faint|p2a: Ditto\n|move|p1a: Donbozo|Curse|p1a: Donbozo\n|-unboost|p1a: Donbozo|spe|1\n|-boost|p1a: Donbozo|atk|1\n|-boost|p1a: Donbozo|def|1\n|\n|-heal|p1a: Donbozo|96\/100|[from] item: Leftovers\n|upkeep\n|c|\u2606KoolbeansLmao|hey\n|\n|t:|1698854803\n|switch|p2a: Ditto|Ditto|38\/100\n|-transform|p2a: Ditto|p1a: Donbozo|[from] ability: Imposter\n|turn|46\n|c|\u2606KoolbeansLmao|i have a semi chance to win lol\n|c|\u2606KoolbeansLmao|make you lose pp\n|\n|t:|1698854816\n|move|p2a: Ditto|Rest|p2a: Ditto\n|-status|p2a: Ditto|slp|[from] move: Rest\n|-heal|p2a: Ditto|100\/100 slp|[silent]\n|move|p1a: Donbozo|Sleep Talk||[still]\n|-fail|p1a: Donbozo\n|\n|-heal|p1a: Donbozo|100\/100|[from] item: Leftovers\n|upkeep\n|turn|47\n|c|\u2606Hexagon Purpsix|yeah\n|\n|t:|1698854827\n|move|p1a: Donbozo|Sleep Talk||[still]\n|-fail|p1a: Donbozo\n|cant|p2a: Ditto|slp\n|\n|upkeep\n|turn|48\n|\n|t:|1698854833\n|cant|p2a: Ditto|slp\n|move|p1a: Donbozo|Sleep Talk||[still]\n|-fail|p1a: Donbozo\n|\n|upkeep\n|turn|49\n|\n|t:|1698854838\n|-curestatus|p2a: Ditto|slp|[msg]\n|move|p2a: Ditto|Liquidation|p1a: Donbozo\n|-resisted|p1a: Donbozo\n|-damage|p1a: Donbozo|93\/100\n|move|p1a: Donbozo|Sleep Talk||[still]\n|-fail|p1a: Donbozo\n|\n|-heal|p1a: Donbozo|99\/100|[from] item: Leftovers\n|upkeep\n|turn|50\n|c|\u2606KoolbeansLmao|i love leftoverss\n|\n|t:|1698854849\n|move|p1a: Donbozo|Sleep Talk||[still]\n|-fail|p1a: Donbozo\n|move|p2a: Ditto|Liquidation|p1a: Donbozo\n|-resisted|p1a: Donbozo\n|-damage|p1a: Donbozo|91\/100\n|\n|-heal|p1a: Donbozo|97\/100|[from] item: Leftovers\n|upkeep\n|turn|51\n|\n|t:|1698854857\n|move|p1a: Donbozo|Sleep Talk||[still]\n|-fail|p1a: Donbozo\n|move|p2a: Ditto|Liquidation|p1a: Donbozo\n|-resisted|p1a: Donbozo\n|-damage|p1a: Donbozo|90\/100\n|-unboost|p1a: Donbozo|def|1\n|\n|-heal|p1a: Donbozo|96\/100|[from] item: Leftovers\n|upkeep\n|turn|52\n|\n|t:|1698854866\n|move|p1a: Donbozo|Rest|p1a: Donbozo\n|-status|p1a: Donbozo|slp|[from] move: Rest\n|-heal|p1a: Donbozo|100\/100 slp|[silent]\n|move|p2a: Ditto|Liquidation|p1a: Donbozo\n|-resisted|p1a: Donbozo\n|-crit|p1a: Donbozo\n|-damage|p1a: Donbozo|89\/100 slp\n|\n|-heal|p1a: Donbozo|95\/100 slp|[from] item: Leftovers\n|upkeep\n|turn|53\n|\n|t:|1698854878\n|switch|p2a: Ditto|Ditto|19\/100\n|-transform|p2a: Ditto|p1a: Donbozo|[from] ability: Imposter\n|cant|p1a: Donbozo|slp\n|\n|-heal|p1a: Donbozo|100\/100 slp|[from] item: Leftovers\n|upkeep\n|turn|54\n|\n|t:|1698854892\n|move|p2a: Ditto|Rest|p2a: Ditto\n|-status|p2a: Ditto|slp|[from] move: Rest\n|-heal|p2a: Ditto|100\/100 slp|[silent]\n|cant|p1a: Donbozo|slp\n|move|p1a: Donbozo|Sleep Talk|p1a: Donbozo\n|move|p1a: Donbozo|Liquidation|p2a: Ditto|[from]move: Sleep Talk\n|-resisted|p2a: Ditto\n|-damage|p2a: Ditto|88\/100 slp\n|-unboost|p2a: Ditto|def|1\n|\n|upkeep\n|turn|55\n|\n|t:|1698854904\n|cant|p2a: Ditto|slp\n|-curestatus|p1a: Donbozo|slp|[msg]\n|move|p1a: Donbozo|Rest|p1a: Donbozo\n|-fail|p1a: Donbozo|heal\n|\n|upkeep\n|turn|56\n|\n|t:|1698854911\n|cant|p2a: Ditto|slp\n|move|p1a: Donbozo|Curse|p1a: Donbozo\n|-boost|p1a: Donbozo|def|1\n|\n|upkeep\n|turn|57\n|\n|t:|1698854921\n|move|p1a: Donbozo|Sleep Talk||[still]\n|-fail|p1a: Donbozo\n|-curestatus|p2a: Ditto|slp|[msg]\n|move|p2a: Ditto|Rest|p2a: Ditto\n|-status|p2a: Ditto|slp|[from] move: Rest\n|-heal|p2a: Ditto|100\/100 slp|[silent]\n|\n|upkeep\n|turn|58\n|\n|t:|1698854934\n|move|p1a: Donbozo|Sleep Talk||[still]\n|-fail|p1a: Donbozo\n|cant|p2a: Ditto|slp\n|\n|upkeep\n|turn|59\n|c|\u2606KoolbeansLmao|damn it gg\n|c|\u2606Hexagon Purpsix|gg\n|c|\u2606KoolbeansLmao|your not sleep talkinggg\n|\n|t:|1698854955\n|cant|p2a: Ditto|slp\n|move|p1a: Donbozo|Sleep Talk||[still]\n|-fail|p1a: Donbozo\n|\n|upkeep\n|turn|60\n|c|\u2606Hexagon Purpsix|band\n|c|\u2606KoolbeansLmao|ohhhhhh\n|c|\u2606Hexagon Purpsix|yeah\n|inactive|KoolbeansLmao has 120 seconds left.\n|c|\u2606KoolbeansLmao|i have a chance then\n|\n|t:|1698854979\n|-curestatus|p2a: Ditto|slp|[msg]\n|move|p2a: Ditto|Rest|p2a: Ditto\n|-fail|p2a: Ditto|heal\n|move|p1a: Donbozo|Curse|p1a: Donbozo\n|\n|upkeep\n|turn|61\n|c|\u2606KoolbeansLmao|oop\n|inactive|KoolbeansLmao has 120 seconds left.\n|c|\u2606KoolbeansLmao|how does this end then\n|\n|t:|1698855000\n|switch|p2a: Ditto|Ditto|100\/100\n|-transform|p2a: Ditto|p1a: Donbozo|[from] ability: Imposter\n|move|p1a: Donbozo|Curse|p1a: Donbozo\n|\n|upkeep\n|turn|62\n|c|\u2606Hexagon Purpsix|not sure\n|\n|t:|1698855012\n|move|p1a: Donbozo|Rest|p1a: Donbozo\n|-fail|p1a: Donbozo|heal\n|move|p2a: Ditto|Liquidation|p1a: Donbozo\n|-resisted|p1a: Donbozo\n|-damage|p1a: Donbozo|92\/100\n|\n|-heal|p1a: Donbozo|99\/100|[from] item: Leftovers\n|upkeep\n|turn|63\n|\n|t:|1698855020\n|move|p2a: Ditto|Liquidation|p1a: Donbozo\n|-resisted|p1a: Donbozo\n|-damage|p1a: Donbozo|90\/100\n|move|p1a: Donbozo|Rest|p1a: Donbozo\n|-status|p1a: Donbozo|slp|[from] move: Rest\n|-heal|p1a: Donbozo|100\/100 slp|[silent]\n|\n|upkeep\n|turn|64\n|c|\u2606KoolbeansLmao|were going to at least turn 90\n|c|\u2606KoolbeansLmao|lol\n|inactive|KoolbeansLmao has 120 seconds left.\n|c|\u2606KoolbeansLmao|longest game ive done\n|c|\u2606Hexagon Purpsix|me to\n|\n|t:|1698855044\n|move|p2a: Ditto|Liquidation|p1a: Donbozo\n|-resisted|p1a: Donbozo\n|-damage|p1a: Donbozo|92\/100 slp\n|-unboost|p1a: Donbozo|def|1\n|cant|p1a: Donbozo|slp\n|\n|-heal|p1a: Donbozo|98\/100 slp|[from] item: Leftovers\n|upkeep\n|turn|65\n|inactive|KoolbeansLmao has 120 seconds left.\n|\n|t:|1698855053\n|cant|p1a: Donbozo|slp\n|move|p2a: Ditto|Liquidation|p1a: Donbozo\n|-resisted|p1a: Donbozo\n|-damage|p1a: Donbozo|90\/100 slp\n|\n|-heal|p1a: Donbozo|97\/100 slp|[from] item: Leftovers\n|upkeep\n|turn|66\n|inactive|KoolbeansLmao has 120 seconds left.\n|\n|t:|1698855072\n|move|p2a: Ditto|Curse|p2a: Ditto\n|-curestatus|p1a: Donbozo|slp|[msg]\n|move|p1a: Donbozo|Rest|p1a: Donbozo\n|-status|p1a: Donbozo|slp|[from] move: Rest\n|-heal|p1a: Donbozo|100\/100 slp|[silent]\n|\n|upkeep\n|turn|67\n|inactive|KoolbeansLmao has 120 seconds left.\n|\n|t:|1698855079\n|move|p2a: Ditto|Curse|p2a: Ditto\n|cant|p1a: Donbozo|slp\n|\n|upkeep\n|turn|68\n|inactive|KoolbeansLmao has 120 seconds left.\n|\n|t:|1698855092\n|cant|p1a: Donbozo|slp\n|move|p2a: Ditto|Curse|p2a: Ditto\n|\n|upkeep\n|turn|69\n|\n|t:|1698855097\n|move|p2a: Ditto|Curse|p2a: Ditto\n|-curestatus|p1a: Donbozo|slp|[msg]\n|move|p1a: Donbozo|Rest|p1a: Donbozo\n|-fail|p1a: Donbozo|heal\n|\n|upkeep\n|turn|70\n|\n|t:|1698855109\n|move|p2a: Ditto|Curse|p2a: Ditto\n|move|p1a: Donbozo|Curse|p1a: Donbozo\n|-boost|p1a: Donbozo|def|1\n|\n|upkeep\n|turn|71\n|\n|t:|1698855120\n|move|p2a: Ditto|Liquidation|p1a: Donbozo\n|-resisted|p1a: Donbozo\n|-crit|p1a: Donbozo\n|-damage|p1a: Donbozo|89\/100\n|move|p1a: Donbozo|Sleep Talk||[still]\n|-fail|p1a: Donbozo\n|\n|-heal|p1a: Donbozo|95\/100|[from] item: Leftovers\n|upkeep\n|turn|72\n|\n|t:|1698855129\n|move|p2a: Ditto|Sleep Talk||[still]\n|-fail|p2a: Ditto\n|move|p1a: Donbozo|Rest|p1a: Donbozo\n|-status|p1a: Donbozo|slp|[from] move: Rest\n|-heal|p1a: Donbozo|100\/100 slp|[silent]\n|\n|upkeep\n|turn|73\n|\n|t:|1698855137\n|switch|p2a: Ditto|Ditto|100\/100\n|-transform|p2a: Ditto|p1a: Donbozo|[from] ability: Imposter\n|cant|p1a: Donbozo|slp\n|move|p1a: Donbozo|Sleep Talk|p1a: Donbozo\n|move|p1a: Donbozo|Rest||[from]move: Sleep Talk|[still]\n|-fail|p1a: Donbozo\n|\n|upkeep\n|turn|74\n|\n|t:|1698855147\n|cant|p1a: Donbozo|slp\n|move|p1a: Donbozo|Sleep Talk|p1a: Donbozo\n|move|p1a: Donbozo|Curse|p1a: Donbozo|[from]move: Sleep Talk\n|move|p2a: Ditto|Liquidation|p1a: Donbozo\n|-resisted|p1a: Donbozo\n|-damage|p1a: Donbozo|88\/100 slp\n|-unboost|p1a: Donbozo|def|1\n|\n|-heal|p1a: Donbozo|94\/100 slp|[from] item: Leftovers\n|upkeep\n|turn|75\n|\n|t:|1698855157\n|move|p2a: Ditto|Liquidation|p1a: Donbozo\n|-resisted|p1a: Donbozo\n|-damage|p1a: Donbozo|81\/100 slp\n|-unboost|p1a: Donbozo|def|1\n|-curestatus|p1a: Donbozo|slp|[msg]\n|move|p1a: Donbozo|Sleep Talk||[still]\n|-fail|p1a: Donbozo\n|\n|-heal|p1a: Donbozo|87\/100|[from] item: Leftovers\n|upkeep\n|turn|76\n|\n|t:|1698855167\n|move|p2a: Ditto|Liquidation|p1a: Donbozo\n|-resisted|p1a: Donbozo\n|-damage|p1a: Donbozo|75\/100\n|-activate|p1a: Donbozo|move: Struggle\n|move|p1a: Donbozo|Struggle|p2a: Ditto\n|-damage|p2a: Ditto|89\/100\n|-damage|p1a: Donbozo|50\/100|[from] recoil\n|\n|-heal|p1a: Donbozo|56\/100|[from] item: Leftovers\n|upkeep\n|turn|77\n|c|\u2606Hexagon Purpsix|gg\n|c|\u2606KoolbeansLmao|finnaly gg\n|\n|t:|1698855178\n|move|p2a: Ditto|Liquidation|p1a: Donbozo\n|-resisted|p1a: Donbozo\n|-damage|p1a: Donbozo|45\/100\n|-activate|p1a: Donbozo|move: Struggle\n|move|p1a: Donbozo|Struggle|p2a: Ditto\n|-damage|p2a: Ditto|79\/100\n|-damage|p1a: Donbozo|20\/100|[from] recoil\n|\n|-heal|p1a: Donbozo|26\/100|[from] item: Leftovers\n|upkeep\n|turn|78\n|c|\u2606KoolbeansLmao|Lol\n|\n|t:|1698855188\n|move|p2a: Ditto|Liquidation|p1a: Donbozo\n|-resisted|p1a: Donbozo\n|-damage|p1a: Donbozo|15\/100\n|-activate|p1a: Donbozo|move: Struggle\n|move|p1a: Donbozo|Struggle|p2a: Ditto\n|-damage|p2a: Ditto|67\/100\n|-damage|p1a: Donbozo|0 fnt|[from] recoil\n|faint|p1a: Donbozo\n|\n|win|Hexagon Purpsix\n|raw|KoolbeansLmao's rating: 1157 &rarr; <strong>1126<\/strong><br \/>(-31 for losing)\n|raw|Hexagon Purpsix's rating: 1066 &rarr; <strong>1104<\/strong><br \/>(+38 for winning)\n|c|\u2606KoolbeansLmao|78\n|c|\u2606KoolbeansLmao|hm\n|c|\u2606Hexagon Purpsix|dam\n|c|\u2606KoolbeansLmao|thats alot\n|c|\u2606KoolbeansLmao|welp\n|c|\u2606Hexagon Purpsix|yeah\n|c|\u2606KoolbeansLmao|cya\n|c|\u2606Hexagon Purpsix|bye\n|l|\u2606KoolbeansLmao\n","uploadtime":1698855212,"views":7,"p1id":"koolbeanslmao","p2id":"hexagonpurpsix","formatid":"gen9anythinggoes","rating":1104,"private":0,"password":""}