{"id":"gen9anythinggoes-1976599569","p1":"Speedeclipse","p2":"ubbbber","format":"[Gen 9] Anything Goes","log":"|j|\u2606Speedeclipse\n|j|\u2606ubbbber\n|t:|1698325984\n|gametype|singles\n|player|p1|Speedeclipse|266|1094\n|player|p2|ubbbber|ingo|1000\n|teamsize|p1|6\n|teamsize|p2|6\n|gen|9\n|tier|[Gen 9] Anything Goes\n|rated|\n|rule|HP Percentage Mod: HP is shown in percentages\n|rule|Endless Battle Clause: Forcing endless battles is banned\n|clearpoke\n|poke|p1|Tinkaton, F|\n|poke|p1|Clodsire, F|\n|poke|p1|Meowscarada, M|\n|poke|p1|Skeledirge, F|\n|poke|p1|Quaquaval, M|\n|poke|p1|Garchomp, F|\n|poke|p2|Orthworm, M|\n|poke|p2|Kommo-o, F|\n|poke|p2|Corviknight, M|\n|poke|p2|Landorus-Therian, M|\n|poke|p2|Salamence, M|\n|poke|p2|Arcanine-Hisui, F|\n|teampreview\n|\n|t:|1698325992\n|start\n|switch|p1a: Quaquaval|Quaquaval, M|100\/100\n|switch|p2a: Orthworm|Orthworm, M|100\/100\n|turn|1\n|\n|t:|1698326006\n|move|p1a: Quaquaval|Bulk Up|p1a: Quaquaval\n|-boost|p1a: Quaquaval|atk|1\n|-boost|p1a: Quaquaval|def|1\n|move|p2a: Orthworm|Shed Tail|p2a: Orthworm\n|-start|p2a: Orthworm|Substitute|[from] move: Shed Tail\n|-damage|p2a: Orthworm|50\/100\n|-enditem|p2a: Orthworm|Sitrus Berry|[eat]\n|-heal|p2a: Orthworm|75\/100|[from] item: Sitrus Berry\n|\n|t:|1698326016\n|switch|p2a: Kommo-o|Kommo-o, F|100\/100|[from] Shed Tail\n|\n|upkeep\n|turn|2\n|\n|t:|1698326022\n|move|p2a: Kommo-o|Clangorous Soul|p2a: Kommo-o\n|-boost|p2a: Kommo-o|atk|1\n|-boost|p2a: Kommo-o|def|1\n|-boost|p2a: Kommo-o|spa|1\n|-boost|p2a: Kommo-o|spd|1\n|-boost|p2a: Kommo-o|spe|1\n|-damage|p2a: Kommo-o|68\/100\n|-enditem|p2a: Kommo-o|Throat Spray\n|-boost|p2a: Kommo-o|spa|1|[from] item: Throat Spray\n|move|p1a: Quaquaval|Aqua Step|p2a: Kommo-o\n|-resisted|p2a: Kommo-o\n|-activate|p2a: Kommo-o|move: Substitute|[damage]\n|-boost|p1a: Quaquaval|spe|1\n|\n|upkeep\n|turn|3\n|\n|t:|1698326043\n|-terastallize|p2a: Kommo-o|Dragon\n|move|p2a: Kommo-o|Boomburst|p1a: Quaquaval\n|-damage|p1a: Quaquaval|0 fnt\n|faint|p1a: Quaquaval\n|\n|upkeep\n|\n|t:|1698326052\n|switch|p1a: Skeledirge|Skeledirge, F|100\/100\n|turn|4\n|\n|t:|1698326058\n|move|p2a: Kommo-o|Clanging Scales|p1a: Skeledirge\n|-damage|p1a: Skeledirge|30\/100\n|-unboost|p2a: Kommo-o|def|1\n|move|p1a: Skeledirge|Torch Song|p2a: Kommo-o\n|-resisted|p2a: Kommo-o\n|-damage|p2a: Kommo-o|45\/100\n|-boost|p1a: Skeledirge|spa|1\n|\n|-heal|p1a: Skeledirge|36\/100|[from] item: Leftovers\n|upkeep\n|turn|5\n|\n|t:|1698326072\n|move|p2a: Kommo-o|Clanging Scales|p1a: Skeledirge\n|-damage|p1a: Skeledirge|0 fnt\n|faint|p1a: Skeledirge\n|-unboost|p2a: Kommo-o|def|1\n|\n|upkeep\n|\n|t:|1698326080\n|switch|p1a: Tinkaton|Tinkaton, F|100\/100\n|-ability|p1a: Tinkaton|Mold Breaker\n|turn|6\n|\n|t:|1698326089\n|move|p2a: Kommo-o|Brick Break|p1a: Tinkaton\n|-damage|p1a: Tinkaton|44\/100\n|move|p1a: Tinkaton|Play Rough|p2a: Kommo-o|[miss]\n|-miss|p1a: Tinkaton|p2a: Kommo-o\n|\n|upkeep\n|turn|7\n|\n|t:|1698326096\n|move|p2a: Kommo-o|Brick Break|p1a: Tinkaton\n|-damage|p1a: Tinkaton|0 fnt\n|faint|p1a: Tinkaton\n|\n|upkeep\n|\n|t:|1698326098\n|switch|p1a: Meowscarada|Meowscarada, M|100\/100\n|turn|8\n|\n|t:|1698326103\n|move|p1a: Meowscarada|Play Rough|p2a: Kommo-o\n|-start|p1a: Meowscarada|typechange|Fairy|[from] ability: Protean\n|-supereffective|p2a: Kommo-o\n|-end|p2a: Kommo-o|Substitute\n|move|p2a: Kommo-o|Boomburst|p1a: Meowscarada\n|-crit|p1a: Meowscarada\n|-damage|p1a: Meowscarada|0 fnt\n|faint|p1a: Meowscarada\n|\n|upkeep\n|\n|t:|1698326109\n|switch|p1a: Garchomp|Garchomp, F|100\/100\n|turn|9\n|\n|t:|1698326114\n|-terastallize|p1a: Garchomp|Steel\n|move|p2a: Kommo-o|Clanging Scales|p1a: Garchomp\n|-resisted|p1a: Garchomp\n|-damage|p1a: Garchomp|30\/100\n|-unboost|p2a: Kommo-o|def|1\n|move|p1a: Garchomp|Dragon Claw|p2a: Kommo-o\n|-supereffective|p2a: Kommo-o\n|-damage|p2a: Kommo-o|0 fnt\n|faint|p2a: Kommo-o\n|\n|upkeep\n|\n|t:|1698326123\n|switch|p2a: Landorus|Landorus-Therian, M|100\/100\n|-ability|p2a: Landorus|Intimidate|boost\n|-unboost|p1a: Garchomp|atk|1\n|turn|10\n|\n|t:|1698326128\n|switch|p1a: Clodsire|Clodsire, F|100\/100\n|-item|p1a: Clodsire|Air Balloon\n|move|p2a: Landorus|Earthquake|p1a: Clodsire\n|-immune|p1a: Clodsire\n|\n|upkeep\n|turn|11\n|\n|t:|1698326138\n|switch|p2a: Corviknight|Corviknight, M|100\/100\n|move|p1a: Clodsire|Poison Jab|p2a: Corviknight\n|-immune|p2a: Corviknight\n|\n|upkeep\n|turn|12\n|-message|Speedeclipse forfeited.\n|\n|win|ubbbber\n|raw|Speedeclipse's rating: 1094 &rarr; <strong>1064<\/strong><br \/>(-30 for losing)\n|raw|ubbbber's rating: 1000 &rarr; <strong>1051<\/strong><br \/>(+51 for winning)\n|l|\u2606Speedeclipse\n","uploadtime":1698326162,"views":6,"p1id":"speedeclipse","p2id":"ubbbber","formatid":"gen9anythinggoes","rating":1051,"private":0,"password":""}