{"id":"gen9anythinggoes-1987082378","p1":"Koenni_1902","p2":"WhiteAmfiny","format":"[Gen 9] Anything Goes","log":"|j|\u2606Koenni_1902\n|j|\u2606WhiteAmfiny\n|t:|1699554619\n|gametype|singles\n|player|p1|Koenni_1902|benga|\n|player|p2|WhiteAmfiny|backersf|\n|teamsize|p1|6\n|teamsize|p2|6\n|gen|9\n|tier|[Gen 9] Anything Goes\n|rule|HP Percentage Mod: HP is shown in percentages\n|rule|Endless Battle Clause: Forcing endless battles is banned\n|clearpoke\n|poke|p1|Mewtwo|\n|poke|p1|Urshifu-*, M|\n|poke|p1|Sylveon, M|\n|poke|p1|Dialga|\n|poke|p1|Mandibuzz, F|\n|poke|p1|Basculegion-F, F|\n|poke|p2|Vikavolt, M|\n|poke|p2|Zapdos-Galar|\n|poke|p2|Groudon|\n|poke|p2|Arcanine-Hisui, M|\n|poke|p2|Scream Tail|\n|poke|p2|Arceus-Fairy|\n|teampreview\n|c|\u2606WhiteAmfiny|have fun\n|c|\u2606Koenni_1902|u2\n|\n|t:|1699554759\n|start\n|switch|p1a: John|Urshifu-Rapid-Strike, M|100\/100\n|switch|p2a: Zapdos|Zapdos-Galar|100\/100\n|turn|1\n|\n|t:|1699554819\n|switch|p1a: Sylveon|Sylveon, M|100\/100\n|move|p2a: Zapdos|U-turn|p1a: Sylveon\n|-resisted|p1a: Sylveon\n|-damage|p1a: Sylveon|91\/100\n|\n|t:|1699554842\n|switch|p2a: Vikavolt|Vikavolt, M, shiny|100\/100|[from] U-turn\n|\n|-heal|p1a: Sylveon|97\/100|[from] item: Leftovers\n|upkeep\n|turn|2\n|\n|t:|1699554876\n|move|p1a: Sylveon|Hyper Voice|p2a: Vikavolt\n|-damage|p2a: Vikavolt|51\/100\n|move|p2a: Vikavolt|Sticky Web|p1a: Sylveon\n|-sidestart|p1: Koenni_1902|move: Sticky Web\n|\n|-heal|p1a: Sylveon|100\/100|[from] item: Leftovers\n|upkeep\n|turn|3\n|\n|t:|1699554929\n|move|p1a: Sylveon|Psychic|p2a: Vikavolt\n|-damage|p2a: Vikavolt|23\/100\n|-unboost|p2a: Vikavolt|spd|1\n|move|p2a: Vikavolt|Volt Switch|p1a: Sylveon\n|-damage|p1a: Sylveon|69\/100\n|\n|t:|1699554976\n|switch|p2a: Arcanine|Arcanine-Hisui, M|100\/100|[from] Volt Switch\n|\n|-heal|p1a: Sylveon|75\/100|[from] item: Leftovers\n|upkeep\n|turn|4\n|\n|t:|1699555002\n|move|p1a: Sylveon|Protect|p1a: Sylveon\n|-singleturn|p1a: Sylveon|Protect\n|move|p2a: Arcanine|Flare Blitz|p1a: Sylveon\n|-activate|p1a: Sylveon|move: Protect\n|\n|-heal|p1a: Sylveon|81\/100|[from] item: Leftovers\n|upkeep\n|turn|5\n|\n|t:|1699555012\n|switch|p1a: John|Urshifu-Rapid-Strike, M|100\/100\n|-activate|p1a: John|move: Sticky Web\n|-unboost|p1a: John|spe|1\n|move|p2a: Arcanine|Flare Blitz|p1a: John\n|-resisted|p1a: John\n|-damage|p1a: John|57\/100\n|\n|upkeep\n|turn|6\n|\n|t:|1699555082\n|switch|p2a: Groudon|Groudon|100\/100\n|-weather|SunnyDay|[from] ability: Drought|[of] p2a: Groudon\n|move|p1a: John|Surging Strikes|p2a: Groudon\n|-supereffective|p2a: Groudon\n|-crit|p2a: Groudon\n|-damage|p2a: Groudon|92\/100\n|-supereffective|p2a: Groudon\n|-crit|p2a: Groudon\n|-damage|p2a: Groudon|81\/100\n|-supereffective|p2a: Groudon\n|-crit|p2a: Groudon\n|-damage|p2a: Groudon|72\/100\n|-hitcount|p2a: Groudon|3\n|\n|-weather|SunnyDay|[upkeep]\n|upkeep\n|turn|7\n|\n|t:|1699555168\n|switch|p1a: Meg|Mandibuzz, F|100\/100\n|move|p2a: Groudon|Will-O-Wisp|p1a: Meg\n|-status|p1a: Meg|brn\n|\n|-weather|SunnyDay|[upkeep]\n|-damage|p1a: Meg|94\/100 brn|[from] brn\n|upkeep\n|turn|8\n|\n|t:|1699555175\n|switch|p2a: Zapdos|Zapdos-Galar|100\/100\n|move|p1a: Meg|Defog|p2a: Zapdos\n|-unboost|p2a: Zapdos|evasion|1\n|-ability|p2a: Zapdos|Defiant|boost\n|-boost|p2a: Zapdos|atk|2\n|-sideend|p1: Koenni_1902|Sticky Web|[from] move: Defog|[of] p1a: Meg\n|\n|-weather|SunnyDay|[upkeep]\n|-damage|p1a: Meg|88\/100 brn|[from] brn\n|upkeep\n|turn|9\n|\n|t:|1699555218\n|move|p2a: Zapdos|Knock Off|p1a: Meg\n|-resisted|p1a: Meg\n|-damage|p1a: Meg|67\/100 brn\n|-enditem|p1a: Meg|Heavy-Duty Boots|[from] move: Knock Off|[of] p2a: Zapdos\n|move|p1a: Meg|Toxic|p2a: Zapdos\n|-status|p2a: Zapdos|tox\n|\n|-weather|SunnyDay|[upkeep]\n|-damage|p2a: Zapdos|94\/100 tox|[from] psn\n|-damage|p1a: Meg|61\/100 brn|[from] brn\n|upkeep\n|turn|10\n|\n|t:|1699555313\n|switch|p2a: Scream Tail|Scream Tail|100\/100\n|-activate|p2a: Scream Tail|ability: Protosynthesis\n|-start|p2a: Scream Tail|protosynthesisspd\n|move|p1a: Meg|Knock Off|p2a: Scream Tail\n|-damage|p2a: Scream Tail|90\/100\n|-enditem|p2a: Scream Tail|Leftovers|[from] move: Knock Off|[of] p1a: Meg\n|\n|-weather|none\n|-end|p2a: Scream Tail|Protosynthesis\n|-damage|p1a: Meg|55\/100 brn|[from] brn\n|upkeep\n|turn|11\n|\n|t:|1699555347\n|move|p2a: Scream Tail|Wish|p2a: Scream Tail\n|move|p1a: Meg|Roost|p1a: Meg\n|-heal|p1a: Meg|100\/100 brn\n|-singleturn|p1a: Meg|move: Roost\n|\n|-damage|p1a: Meg|94\/100 brn|[from] brn\n|upkeep\n|turn|12\n|\n|t:|1699555373\n|move|p2a: Scream Tail|Play Rough|p1a: Meg\n|-supereffective|p1a: Meg\n|-damage|p1a: Meg|71\/100 brn\n|-unboost|p1a: Meg|atk|1\n|move|p1a: Meg|Toxic|p2a: Scream Tail\n|-status|p2a: Scream Tail|tox\n|\n|-heal|p2a: Scream Tail|100\/100 tox|[from] move: Wish|[wisher] Scream Tail\n|-damage|p2a: Scream Tail|94\/100 tox|[from] psn\n|-damage|p1a: Meg|65\/100 brn|[from] brn\n|upkeep\n|turn|13\n|\n|t:|1699555396\n|switch|p1a: Dean|Dialga|100\/100\n|-ability|p1a: Dean|Pressure\n|move|p2a: Scream Tail|Wish|p2a: Scream Tail\n|\n|-damage|p2a: Scream Tail|82\/100 tox|[from] psn\n|upkeep\n|turn|14\n|\n|t:|1699555415\n|-end|p2a: Scream Tail|Protosynthesis|[silent]\n|switch|p2a: Groudon|Groudon|72\/100\n|-weather|SunnyDay|[from] ability: Drought|[of] p2a: Groudon\n|move|p1a: Dean|Rain Dance|p1a: Dean\n|-weather|RainDance\n|\n|-weather|RainDance|[upkeep]\n|-heal|p2a: Groudon|100\/100|[from] move: Wish|[wisher] Scream Tail\n|upkeep\n|turn|15\n|\n|t:|1699555450\n|switch|p1a: Crowley|Basculegion-F, F|100\/100\n|move|p2a: Groudon|Will-O-Wisp|p1a: Crowley\n|-status|p1a: Crowley|brn\n|\n|-weather|RainDance|[upkeep]\n|-damage|p1a: Crowley|94\/100 brn|[from] brn\n|upkeep\n|turn|16\n|\n|t:|1699555467\n|switch|p2a: Arceus|Arceus-Fairy|100\/100\n|move|p1a: Crowley|Surf|p2a: Arceus\n|-damage|p2a: Arceus|31\/100\n|\n|-weather|RainDance|[upkeep]\n|-damage|p1a: Crowley|88\/100 brn|[from] brn\n|upkeep\n|turn|17\n|\n|t:|1699555576\n|move|p1a: Crowley|Surf|p2a: Arceus\n|-damage|p2a: Arceus|0 fnt\n|faint|p2a: Arceus\n|\n|-weather|RainDance|[upkeep]\n|-damage|p1a: Crowley|82\/100 brn|[from] brn\n|upkeep\n|\n|t:|1699555578\n|switch|p2a: Groudon|Groudon|100\/100\n|-weather|SunnyDay|[from] ability: Drought|[of] p2a: Groudon\n|turn|18\n|\n|t:|1699555633\n|switch|p2a: Scream Tail|Scream Tail|82\/100 tox\n|-activate|p2a: Scream Tail|ability: Protosynthesis\n|-start|p2a: Scream Tail|protosynthesisspd\n|-terastallize|p1a: Crowley|Water\n|move|p1a: Crowley|Surf|p2a: Scream Tail\n|-damage|p2a: Scream Tail|65\/100 tox\n|\n|-weather|SunnyDay|[upkeep]\n|-damage|p2a: Scream Tail|58\/100 tox|[from] psn\n|-damage|p1a: Crowley|76\/100 brn|[from] brn\n|upkeep\n|turn|19\n|\n|t:|1699555668\n|switch|p1a: Sylveon|Sylveon, M|81\/100\n|move|p2a: Scream Tail|Wish|p2a: Scream Tail\n|\n|-weather|SunnyDay|[upkeep]\n|-heal|p1a: Sylveon|88\/100|[from] item: Leftovers\n|-damage|p2a: Scream Tail|46\/100 tox|[from] psn\n|upkeep\n|turn|20\n|\n|t:|1699555682\n|move|p2a: Scream Tail|Psychic Fangs|p1a: Sylveon\n|-damage|p1a: Sylveon|69\/100\n|move|p1a: Sylveon|Wish|p1a: Sylveon\n|\n|-weather|SunnyDay|[upkeep]\n|-heal|p2a: Scream Tail|96\/100 tox|[from] move: Wish|[wisher] Scream Tail\n|-heal|p1a: Sylveon|75\/100|[from] item: Leftovers\n|-damage|p2a: Scream Tail|77\/100 tox|[from] psn\n|upkeep\n|turn|21\n|\n|t:|1699555700\n|switch|p1a: Meg|Mandibuzz, F|65\/100 brn\n|move|p2a: Scream Tail|Wish|p2a: Scream Tail\n|\n|-weather|SunnyDay|[upkeep]\n|-heal|p1a: Meg|100\/100 brn|[from] move: Wish|[wisher] Sylveon\n|-damage|p2a: Scream Tail|52\/100 tox|[from] psn\n|-damage|p1a: Meg|94\/100 brn|[from] brn\n|upkeep\n|turn|22\n|\n|t:|1699555714\n|-end|p2a: Scream Tail|Protosynthesis|[silent]\n|switch|p2a: Vikavolt|Vikavolt, M, shiny|23\/100\n|switch|p1a: Sylveon|Sylveon, M|75\/100\n|\n|-weather|none\n|-heal|p2a: Vikavolt|83\/100|[from] move: Wish|[wisher] Scream Tail\n|-heal|p1a: Sylveon|81\/100|[from] item: Leftovers\n|upkeep\n|turn|23\n|\n|t:|1699555724\n|move|p1a: Sylveon|Hyper Voice|p2a: Vikavolt\n|-damage|p2a: Vikavolt|35\/100\n|move|p2a: Vikavolt|Sticky Web|p1a: Sylveon\n|-sidestart|p1: Koenni_1902|move: Sticky Web\n|\n|-heal|p1a: Sylveon|88\/100|[from] item: Leftovers\n|upkeep\n|turn|24\n|\n|t:|1699555762\n|switch|p2a: Arcanine|Arcanine-Hisui, M|100\/100\n|move|p1a: Sylveon|Wish|p1a: Sylveon\n|\n|-heal|p1a: Sylveon|94\/100|[from] item: Leftovers\n|upkeep\n|turn|25\n|\n|t:|1699555808\n|switch|p1a: John|Urshifu-Rapid-Strike, M|57\/100\n|-activate|p1a: John|move: Sticky Web\n|-unboost|p1a: John|spe|1\n|move|p2a: Arcanine|Head Smash|p1a: John\n|-resisted|p1a: John\n|-damage|p1a: John|4\/100\n|\n|-heal|p1a: John|58\/100|[from] move: Wish|[wisher] Sylveon\n|upkeep\n|turn|26\n|\n|t:|1699555856\n|switch|p2a: Groudon|Groudon|100\/100\n|-weather|SunnyDay|[from] ability: Drought|[of] p2a: Groudon\n|move|p1a: John|Aqua Jet|p2a: Groudon\n|-supereffective|p2a: Groudon\n|-damage|p2a: Groudon|90\/100\n|\n|-weather|SunnyDay|[upkeep]\n|upkeep\n|turn|27\n|\n|t:|1699555877\n|switch|p1a: Meg|Mandibuzz, F|94\/100 brn\n|switch|p2a: Arcanine|Arcanine-Hisui, M|100\/100\n|\n|-weather|SunnyDay|[upkeep]\n|-damage|p1a: Meg|88\/100 brn|[from] brn\n|upkeep\n|turn|28\n|\n|t:|1699555940\n|switch|p1a: Dean|Dialga|100\/100\n|-activate|p1a: Dean|move: Sticky Web\n|-unboost|p1a: Dean|spe|1\n|-ability|p1a: Dean|Pressure\n|move|p2a: Arcanine|Head Smash|p1a: Dean\n|-resisted|p1a: Dean\n|-damage|p1a: Dean|62\/100\n|\n|-weather|SunnyDay|[upkeep]\n|upkeep\n|turn|29\n|\n|t:|1699556017\n|switch|p2a: Zapdos|Zapdos-Galar|94\/100 tox\n|move|p1a: Dean|Thunderbolt|p2a: Zapdos\n|-supereffective|p2a: Zapdos\n|-damage|p2a: Zapdos|29\/100 tox\n|\n|-weather|SunnyDay|[upkeep]\n|-damage|p2a: Zapdos|23\/100 tox|[from] psn\n|upkeep\n|turn|30\n|\n|t:|1699556093\n|switch|p1a: Sylveon|Sylveon, M|94\/100\n|-activate|p1a: Sylveon|move: Sticky Web\n|-unboost|p1a: Sylveon|spe|1\n|-terastallize|p2a: Zapdos|Steel\n|move|p2a: Zapdos|Thunderous Kick|p1a: Sylveon\n|-resisted|p1a: Sylveon\n|-damage|p1a: Sylveon|73\/100\n|-unboost|p1a: Sylveon|def|1\n|\n|-weather|none\n|-heal|p1a: Sylveon|79\/100|[from] item: Leftovers\n|-damage|p2a: Zapdos|11\/100 tox|[from] psn\n|upkeep\n|turn|31\n|\n|t:|1699556142\n|switch|p2a: Groudon|Groudon|90\/100\n|-weather|SunnyDay|[from] ability: Drought|[of] p2a: Groudon\n|move|p1a: Sylveon|Wish|p1a: Sylveon\n|\n|-weather|SunnyDay|[upkeep]\n|-heal|p1a: Sylveon|86\/100|[from] item: Leftovers\n|upkeep\n|turn|32\n|\n|t:|1699556181\n|switch|p2a: Arcanine|Arcanine-Hisui, M|100\/100\n|switch|p1a: John|Urshifu-Rapid-Strike, M|58\/100\n|-activate|p1a: John|move: Sticky Web\n|-unboost|p1a: John|spe|1\n|\n|-weather|SunnyDay|[upkeep]\n|-heal|p1a: John|100\/100|[from] move: Wish|[wisher] Sylveon\n|upkeep\n|turn|33\n|\n|t:|1699556200\n|switch|p2a: Groudon|Groudon|90\/100\n|move|p1a: John|Surging Strikes|p2a: Groudon\n|-supereffective|p2a: Groudon\n|-crit|p2a: Groudon\n|-damage|p2a: Groudon|81\/100\n|-supereffective|p2a: Groudon\n|-crit|p2a: Groudon\n|-damage|p2a: Groudon|72\/100\n|-supereffective|p2a: Groudon\n|-crit|p2a: Groudon\n|-damage|p2a: Groudon|61\/100\n|-hitcount|p2a: Groudon|3\n|\n|-weather|SunnyDay|[upkeep]\n|upkeep\n|turn|34\n|\n|t:|1699556252\n|switch|p1a: Meg|Mandibuzz, F|88\/100 brn\n|switch|p2a: Arcanine|Arcanine-Hisui, M|100\/100\n|\n|-weather|SunnyDay|[upkeep]\n|-damage|p1a: Meg|82\/100 brn|[from] brn\n|upkeep\n|turn|35\n|\n|t:|1699556304\n|switch|p1a: John|Urshifu-Rapid-Strike, M|100\/100\n|-activate|p1a: John|move: Sticky Web\n|-unboost|p1a: John|spe|1\n|move|p2a: Arcanine|Head Smash|p1a: John\n|-resisted|p1a: John\n|-damage|p1a: John|47\/100\n|\n|-weather|none\n|upkeep\n|turn|36\n|\n|t:|1699556336\n|switch|p2a: Groudon|Groudon|61\/100\n|-weather|SunnyDay|[from] ability: Drought|[of] p2a: Groudon\n|move|p1a: John|Close Combat|p2a: Groudon\n|-damage|p2a: Groudon|31\/100\n|-unboost|p1a: John|def|1\n|-unboost|p1a: John|spd|1\n|\n|-weather|SunnyDay|[upkeep]\n|upkeep\n|turn|37\n|\n|t:|1699556352\n|switch|p2a: Scream Tail|Scream Tail|52\/100 tox\n|-activate|p2a: Scream Tail|ability: Protosynthesis\n|-start|p2a: Scream Tail|protosynthesisspd\n|move|p1a: John|Close Combat|p2a: Scream Tail\n|-resisted|p2a: Scream Tail\n|-damage|p2a: Scream Tail|37\/100 tox\n|-unboost|p1a: John|def|1\n|-unboost|p1a: John|spd|1\n|\n|-weather|SunnyDay|[upkeep]\n|-damage|p2a: Scream Tail|31\/100 tox|[from] psn\n|upkeep\n|turn|38\n|\n|t:|1699556370\n|switch|p1a: Sylveon|Sylveon, M|86\/100\n|-activate|p1a: Sylveon|move: Sticky Web\n|-unboost|p1a: Sylveon|spe|1\n|-end|p2a: Scream Tail|Protosynthesis|[silent]\n|switch|p2a: Arcanine|Arcanine-Hisui, M|100\/100\n|\n|-weather|SunnyDay|[upkeep]\n|-heal|p1a: Sylveon|92\/100|[from] item: Leftovers\n|upkeep\n|turn|39\n|\n|t:|1699556389\n|move|p1a: Sylveon|Protect|p1a: Sylveon\n|-singleturn|p1a: Sylveon|Protect\n|move|p2a: Arcanine|Flare Blitz|p1a: Sylveon\n|-activate|p1a: Sylveon|move: Protect\n|\n|-weather|SunnyDay|[upkeep]\n|-heal|p1a: Sylveon|98\/100|[from] item: Leftovers\n|upkeep\n|turn|40\n|\n|t:|1699556436\n|switch|p1a: Crowley|Basculegion-F, F, tera:Water|76\/100 brn\n|-activate|p1a: Crowley|move: Sticky Web\n|-unboost|p1a: Crowley|spe|1\n|move|p2a: Arcanine|Flare Blitz|p1a: Crowley\n|-resisted|p1a: Crowley\n|-damage|p1a: Crowley|0 fnt\n|faint|p1a: Crowley\n|\n|-weather|none\n|upkeep\n|\n|t:|1699556447\n|switch|p1a: John|Urshifu-Rapid-Strike, M|47\/100\n|-activate|p1a: John|move: Sticky Web\n|-unboost|p1a: John|spe|1\n|turn|41\n|\n|t:|1699556496\n|switch|p2a: Zapdos|Zapdos-Galar, tera:Steel|11\/100 tox\n|move|p1a: John|Aqua Jet|p2a: Zapdos\n|-damage|p2a: Zapdos|0 fnt\n|faint|p2a: Zapdos\n|\n|upkeep\n|\n|t:|1699556518\n|switch|p2a: Groudon|Groudon|31\/100\n|-weather|SunnyDay|[from] ability: Drought|[of] p2a: Groudon\n|turn|42\n|\n|t:|1699556543\n|switch|p1a: Meg|Mandibuzz, F|82\/100 brn\n|move|p2a: Groudon|Stealth Rock|p1a: Meg\n|-sidestart|p1: Koenni_1902|move: Stealth Rock\n|\n|-weather|SunnyDay|[upkeep]\n|-damage|p1a: Meg|76\/100 brn|[from] brn\n|upkeep\n|turn|43\n|\n|t:|1699556573\n|switch|p2a: Arcanine|Arcanine-Hisui, M|100\/100\n|move|p1a: Meg|Defog|p2a: Arcanine\n|-unboost|p2a: Arcanine|evasion|1\n|-sideend|p1: Koenni_1902|Stealth Rock|[from] move: Defog|[of] p1a: Meg\n|-sideend|p1: Koenni_1902|Sticky Web|[from] move: Defog|[of] p1a: Meg\n|\n|-weather|SunnyDay|[upkeep]\n|-damage|p1a: Meg|70\/100 brn|[from] brn\n|upkeep\n|turn|44\n|\n|t:|1699556585\n|move|p2a: Arcanine|Flare Blitz|p1a: Meg\n|-damage|p1a: Meg|0 fnt\n|faint|p1a: Meg\n|\n|-weather|SunnyDay|[upkeep]\n|upkeep\n|\n|t:|1699556589\n|switch|p1a: John|Urshifu-Rapid-Strike, M|47\/100\n|turn|45\n|\n|t:|1699556621\n|switch|p2a: Scream Tail|Scream Tail|31\/100 tox\n|-activate|p2a: Scream Tail|ability: Protosynthesis\n|-start|p2a: Scream Tail|protosynthesisspd\n|move|p1a: John|Surging Strikes|p2a: Scream Tail\n|-crit|p2a: Scream Tail\n|-damage|p2a: Scream Tail|22\/100 tox\n|-crit|p2a: Scream Tail\n|-damage|p2a: Scream Tail|13\/100 tox\n|-crit|p2a: Scream Tail\n|-damage|p2a: Scream Tail|3\/100 tox\n|-hitcount|p2a: Scream Tail|3\n|\n|-weather|SunnyDay|[upkeep]\n|-damage|p2a: Scream Tail|0 fnt|[from] psn\n|faint|p2a: Scream Tail\n|-end|p2a: Scream Tail|Protosynthesis|[silent]\n|upkeep\n|\n|t:|1699556638\n|switch|p2a: Groudon|Groudon|31\/100\n|turn|46\n|j| setharonishiny\n|\n|t:|1699556662\n|switch|p1a: Sylveon|Sylveon, M|98\/100\n|move|p2a: Groudon|Will-O-Wisp|p1a: Sylveon\n|-status|p1a: Sylveon|brn\n|\n|-weather|none\n|-heal|p1a: Sylveon|100\/100 brn|[from] item: Leftovers\n|-damage|p1a: Sylveon|94\/100 brn|[from] brn\n|upkeep\n|turn|47\n|\n|t:|1699556677\n|switch|p2a: Vikavolt|Vikavolt, M, shiny|35\/100\n|move|p1a: Sylveon|Hyper Voice|p2a: Vikavolt\n|-damage|p2a: Vikavolt|0 fnt\n|faint|p2a: Vikavolt\n|\n|-heal|p1a: Sylveon|100\/100 brn|[from] item: Leftovers\n|-damage|p1a: Sylveon|94\/100 brn|[from] brn\n|upkeep\n|c| setharonishiny|i am the one who watched the battles\n|\n|t:|1699556703\n|switch|p2a: Arcanine|Arcanine-Hisui, M|100\/100\n|turn|48\n|\n|t:|1699556743\n|move|p1a: Sylveon|Protect|p1a: Sylveon\n|-singleturn|p1a: Sylveon|Protect\n|move|p2a: Arcanine|Flare Blitz|p1a: Sylveon\n|-activate|p1a: Sylveon|move: Protect\n|\n|-heal|p1a: Sylveon|100\/100 brn|[from] item: Leftovers\n|-damage|p1a: Sylveon|94\/100 brn|[from] brn\n|upkeep\n|turn|49\n|\n|t:|1699556781\n|switch|p1a: Dean|Dialga|62\/100\n|-ability|p1a: Dean|Pressure\n|move|p2a: Arcanine|Flare Blitz|p1a: Dean\n|-damage|p1a: Dean|0 fnt\n|faint|p1a: Dean\n|\n|upkeep\n|\n|t:|1699556786\n|switch|p1a: John|Urshifu-Rapid-Strike, M|47\/100\n|turn|50\n|\n|t:|1699556788\n|switch|p2a: Groudon|Groudon|31\/100\n|-weather|SunnyDay|[from] ability: Drought|[of] p2a: Groudon\n|move|p1a: John|Surging Strikes|p2a: Groudon\n|-supereffective|p2a: Groudon\n|-crit|p2a: Groudon\n|-damage|p2a: Groudon|20\/100\n|-supereffective|p2a: Groudon\n|-crit|p2a: Groudon\n|-damage|p2a: Groudon|11\/100\n|-supereffective|p2a: Groudon\n|-crit|p2a: Groudon\n|-damage|p2a: Groudon|0 fnt\n|faint|p2a: Groudon\n|-hitcount|p2: Groudon|3\n|\n|-weather|SunnyDay|[upkeep]\n|upkeep\n|\n|t:|1699556794\n|switch|p2a: Arcanine|Arcanine-Hisui, M|100\/100\n|turn|51\n|\n|t:|1699556806\n|move|p1a: John|Surging Strikes|p2a: Arcanine\n|-supereffective|p2a: Arcanine\n|-crit|p2a: Arcanine\n|-damage|p2a: Arcanine|46\/100\n|-supereffective|p2a: Arcanine\n|-crit|p2a: Arcanine\n|-damage|p2a: Arcanine|0 fnt\n|faint|p2a: Arcanine\n|-hitcount|p2: Arcanine|2\n|\n|win|Koenni_1902\n|c|\u2606Koenni_1902|gg\n|c|\u2606WhiteAmfiny|gg\n|c|\u2606WhiteAmfiny|Wirklich\n|c|\u2606WhiteAmfiny|Du bist einer der nervigsten Menschen in meinen Augen\n|l| setharonishiny\n|c|\u2606WhiteAmfiny|Da noch frech am Ende Mandireinzuwerfen\n|c|\u2606Koenni_1902|Danke mein Schatzi xD\n","uploadtime":1699556849,"views":20,"p1id":"koenni1902","p2id":"whiteamfiny","formatid":"gen9anythinggoes","rating":0,"private":0,"password":""}