{"id":"gen9anythinggoes-1978126691","p1":"harrimarron 2","p2":"NDAG was banned","format":"[Gen 9] Anything Goes","log":"|j|\u2606harrimarron 2\n|j|\u2606NDAG was banned\n|t:|1698502672\n|gametype|singles\n|player|p1|harrimarron 2|twins-gen4dp|1570\n|player|p2|NDAG was banned|lillie-masters|1755\n|teamsize|p1|6\n|teamsize|p2|6\n|gen|9\n|tier|[Gen 9] Anything Goes\n|rated|\n|rule|HP Percentage Mod: HP is shown in percentages\n|rule|Endless Battle Clause: Forcing endless battles is banned\n|clearpoke\n|poke|p1|Calyrex-Shadow|\n|poke|p1|Landorus-Therian, M|\n|poke|p1|Arceus|\n|poke|p1|Arceus|\n|poke|p1|Koraidon|\n|poke|p1|Koraidon|\n|poke|p2|Calyrex-Shadow|\n|poke|p2|Arceus-Ground|\n|poke|p2|Zoroark-Hisui, M|\n|poke|p2|Arceus|\n|poke|p2|Zacian-*|\n|poke|p2|Koraidon|\n|teampreview\n|inactive|Battle timer is ON: inactive players will automatically lose when time's up. (requested by NDAG was banned)\n|\n|t:|1698502684\n|start\n|switch|p1a: Landorus|Landorus-Therian, M|100\/100\n|switch|p2a: Arceus|Arceus-Ground|100\/100\n|-ability|p1a: Landorus|Intimidate|boost\n|-unboost|p2a: Arceus|atk|1\n|turn|1\n|\n|t:|1698502693\n|move|p2a: Arceus|Taunt|p1a: Landorus\n|-start|p1a: Landorus|move: Taunt\n|move|p1a: Landorus|U-turn|p2a: Arceus\n|-damage|p2a: Arceus|83\/100\n|\n|t:|1698502703\n|switch|p1a: Koraidon|Koraidon|100\/100|[from] U-turn\n|-weather|SunnyDay|[from] ability: Orichalcum Pulse|[of] p1a: Koraidon\n|-activate|p1a: Koraidon|Orichalcum Pulse|[source]\n|\n|-weather|SunnyDay|[upkeep]\n|upkeep\n|turn|2\n|\n|t:|1698502706\n|move|p1a: Koraidon|U-turn|p2a: Arceus\n|-damage|p2a: Arceus|57\/100\n|\n|t:|1698502710\n|switch|p1a: Landorus|Landorus-Therian, M|100\/100|[from] U-turn\n|-ability|p1a: Landorus|Intimidate|boost\n|-unboost|p2a: Arceus|atk|1\n|move|p2a: Arceus|Stealth Rock|p1a: Landorus\n|-sidestart|p1: harrimarron 2|move: Stealth Rock\n|\n|-weather|SunnyDay|[upkeep]\n|upkeep\n|turn|3\n|\n|t:|1698502717\n|move|p2a: Arceus|Taunt|p1a: Landorus\n|-start|p1a: Landorus|move: Taunt\n|move|p1a: Landorus|U-turn|p2a: Arceus\n|-damage|p2a: Arceus|39\/100\n|\n|t:|1698502725\n|switch|p1a: Koraidon|Koraidon|100\/100|[from] U-turn\n|-damage|p1a: Koraidon|94\/100|[from] Stealth Rock\n|-activate|p1a: Koraidon|ability: Orichalcum Pulse\n|\n|-weather|SunnyDay|[upkeep]\n|upkeep\n|turn|4\n|\n|t:|1698502732\n|move|p1a: Koraidon|U-turn|p2a: Arceus\n|-damage|p2a: Arceus|12\/100\n|\n|t:|1698502734\n|switch|p1a: Landorus|Landorus-Therian, M|100\/100|[from] U-turn\n|-damage|p1a: Landorus|88\/100|[from] Stealth Rock\n|-ability|p1a: Landorus|Intimidate|boost\n|-unboost|p2a: Arceus|atk|1\n|move|p2a: Arceus|Icy Wind|p1a: Landorus\n|-supereffective|p1a: Landorus\n|-damage|p1a: Landorus|10\/100\n|-unboost|p1a: Landorus|spe|1\n|\n|-weather|SunnyDay|[upkeep]\n|upkeep\n|turn|5\n|\n|t:|1698502740\n|move|p2a: Arceus|Icy Wind|p1a: Landorus\n|-supereffective|p1a: Landorus\n|-damage|p1a: Landorus|0 fnt\n|faint|p1a: Landorus\n|\n|-weather|none\n|upkeep\n|\n|t:|1698502744\n|switch|p1a: Calyrex|Calyrex-Shadow|100\/100\n|-ability|p1a: Calyrex|As One\n|-ability|p1a: Calyrex|Unnerve\n|turn|6\n|\n|t:|1698502768\n|switch|p1a: Arceus|Arceus|100\/100\n|switch|p2a: Arceus|Arceus|100\/100\n|\n|upkeep\n|turn|7\n|\n|t:|1698502782\n|switch|p2a: Calyrex|Calyrex-Shadow|100\/100\n|-item|p2a: Calyrex|Air Balloon\n|move|p1a: Arceus|Dragon Dance|p1a: Arceus\n|-boost|p1a: Arceus|atk|1\n|-boost|p1a: Arceus|spe|1\n|\n|upkeep\n|turn|8\n|\n|t:|1698502792\n|move|p1a: Arceus|Shadow Claw|p2a: Calyrex\n|-immune|p2a: Calyrex\n|move|p2a: Calyrex|Low Kick|p1a: Arceus\n|-supereffective|p1a: Arceus\n|-damage|p1a: Arceus|52\/100\n|\n|upkeep\n|turn|9\n|\n|t:|1698502796\n|move|p1a: Arceus|Flare Blitz|p2a: Calyrex\n|-damage|p2a: Calyrex|0 fnt\n|replace|p2a: Zoroark|Zoroark-Hisui, M\n|-end|p2a: Zoroark|Illusion\n|-enditem|p2a: Zoroark|Air Balloon\n|faint|p2a: Zoroark\n|-damage|p1a: Arceus|32\/100|[from] Recoil\n|\n|upkeep\n|\n|t:|1698502803\n|switch|p2a: Arceus|Arceus|100\/100\n|turn|10\n|\n|t:|1698502816\n|switch|p1a: Calyrex|Calyrex-Shadow|100\/100\n|-ability|p1a: Calyrex|As One\n|-ability|p1a: Calyrex|Unnerve\n|move|p2a: Arceus|Swords Dance|p2a: Arceus\n|-boost|p2a: Arceus|atk|2\n|\n|upkeep\n|turn|11\n|\n|t:|1698502822\n|move|p1a: Calyrex|Encore|p2a: Arceus\n|-start|p2a: Arceus|Encore\n|move|p2a: Arceus|Swords Dance|p2a: Arceus\n|-boost|p2a: Arceus|atk|2\n|\n|upkeep\n|turn|12\n|\n|t:|1698502826\n|switch|p2a: Zacian|Zacian-Crowned|100\/100\n|-ability|p2a: Zacian|Intrepid Sword|boost\n|-boost|p2a: Zacian|atk|1\n|move|p1a: Calyrex|Nasty Plot|p1a: Calyrex\n|-boost|p1a: Calyrex|spa|2\n|\n|upkeep\n|turn|13\n|\n|t:|1698502833\n|switch|p2a: Arceus|Arceus|100\/100\n|move|p1a: Calyrex|Astral Barrage|p2a: Arceus\n|-immune|p2a: Arceus\n|\n|upkeep\n|turn|14\n|\n|t:|1698502837\n|-terastallize|p1a: Calyrex|Fighting\n|move|p1a: Calyrex|Tera Blast|p2a: Arceus|[anim] Tera Blast Fighting\n|-supereffective|p2a: Arceus\n|-damage|p2a: Arceus|0 fnt\n|faint|p2a: Arceus\n|-ability|p1a: Calyrex|Grim Neigh|boost\n|-boost|p1a: Calyrex|spa|1\n|\n|upkeep\n|\n|t:|1698502860\n|switch|p2a: Zacian|Zacian-Crowned|100\/100\n|turn|15\n|\n|t:|1698502864\n|-terastallize|p2a: Zacian|Dark\n|move|p1a: Calyrex|Astral Barrage|p2a: Zacian\n|-resisted|p2a: Zacian\n|-damage|p2a: Zacian|15\/100\n|move|p2a: Zacian|Play Rough|p1a: Calyrex\n|-supereffective|p1a: Calyrex\n|-damage|p1a: Calyrex|0 fnt\n|faint|p1a: Calyrex\n|\n|upkeep\n|\n|t:|1698502873\n|switch|p1a: Koraidon|Koraidon|94\/100\n|-damage|p1a: Koraidon|88\/100|[from] Stealth Rock\n|-weather|SunnyDay|[from] ability: Orichalcum Pulse|[of] p1a: Koraidon\n|-activate|p1a: Koraidon|Orichalcum Pulse|[source]\n|turn|16\n|\n|t:|1698502881\n|move|p1a: Koraidon|U-turn|p2a: Zacian\n|-supereffective|p2a: Zacian\n|-damage|p2a: Zacian|0 fnt\n|faint|p2a: Zacian\n|\n|t:|1698502886\n|switch|p1a: Arceus|Arceus|32\/100|[from] U-turn\n|\n|-weather|SunnyDay|[upkeep]\n|upkeep\n|\n|t:|1698502901\n|switch|p2a: Calyrex|Calyrex-Shadow|100\/100\n|-ability|p2a: Calyrex|As One\n|-ability|p2a: Calyrex|Unnerve\n|turn|17\n|\n|t:|1698502908\n|move|p2a: Calyrex|Psychic|p1a: Arceus\n|-damage|p1a: Arceus|0 fnt\n|faint|p1a: Arceus\n|-ability|p2a: Calyrex|Grim Neigh|boost\n|-boost|p2a: Calyrex|spa|1\n|\n|-weather|SunnyDay|[upkeep]\n|upkeep\n|\n|t:|1698502915\n|switch|p1a: Koraidon|Koraidon|88\/100\n|-damage|p1a: Koraidon|82\/100|[from] Stealth Rock\n|-activate|p1a: Koraidon|ability: Orichalcum Pulse\n|turn|18\n|\n|t:|1698502920\n|move|p2a: Calyrex|Psychic|p1a: Koraidon\n|-supereffective|p1a: Koraidon\n|-damage|p1a: Koraidon|0 fnt\n|faint|p1a: Koraidon\n|-ability|p2a: Calyrex|Grim Neigh|boost\n|-boost|p2a: Calyrex|spa|1\n|\n|-weather|SunnyDay|[upkeep]\n|upkeep\n|\n|t:|1698502926\n|switch|p1a: Arceus|Arceus|100\/100\n|-damage|p1a: Arceus|88\/100|[from] Stealth Rock\n|turn|19\n|\n|t:|1698502929\n|switch|p2a: Arceus|Arceus-Ground|12\/100\n|move|p1a: Arceus|Shadow Claw|p2a: Arceus\n|-damage|p2a: Arceus|0 fnt\n|faint|p2a: Arceus\n|\n|-weather|SunnyDay|[upkeep]\n|-heal|p1a: Arceus|94\/100|[from] item: Leftovers\n|upkeep\n|\n|t:|1698502931\n|switch|p2a: Koraidon|Koraidon|100\/100\n|-activate|p2a: Koraidon|ability: Orichalcum Pulse\n|turn|20\n|\n|t:|1698502941\n|switch|p1a: Koraidon|Koraidon|100\/100\n|-damage|p1a: Koraidon|94\/100|[from] Stealth Rock\n|-activate|p1a: Koraidon|ability: Orichalcum Pulse\n|move|p2a: Koraidon|Close Combat|p1a: Koraidon\n|-damage|p1a: Koraidon|21\/100\n|-unboost|p2a: Koraidon|def|1\n|-unboost|p2a: Koraidon|spd|1\n|\n|-weather|none\n|upkeep\n|turn|21\n|\n|t:|1698502947\n|switch|p2a: Calyrex|Calyrex-Shadow|100\/100\n|-ability|p2a: Calyrex|As One\n|-ability|p2a: Calyrex|Unnerve\n|move|p1a: Koraidon|Scale Shot|p2a: Calyrex\n|-damage|p2a: Calyrex|86\/100\n|-damage|p2a: Calyrex|69\/100\n|-damage|p2a: Calyrex|54\/100\n|-damage|p2a: Calyrex|37\/100\n|-damage|p2a: Calyrex|20\/100\n|-hitcount|p2a: Calyrex|5\n|-unboost|p1a: Koraidon|def|1\n|-boost|p1a: Koraidon|spe|1\n|\n|upkeep\n|turn|22\n|\n|t:|1698502959\n|move|p2a: Calyrex|Psychic|p1a: Koraidon\n|-supereffective|p1a: Koraidon\n|-damage|p1a: Koraidon|0 fnt\n|faint|p1a: Koraidon\n|-ability|p2a: Calyrex|Grim Neigh|boost\n|-boost|p2a: Calyrex|spa|1\n|\n|upkeep\n|\n|t:|1698502962\n|switch|p1a: Arceus|Arceus|94\/100\n|-damage|p1a: Arceus|82\/100|[from] Stealth Rock\n|turn|23\n|\n|t:|1698502969\n|move|p2a: Calyrex|Psychic|p1a: Arceus\n|-damage|p1a: Arceus|26\/100\n|move|p1a: Arceus|Shadow Claw|p2a: Calyrex\n|-supereffective|p2a: Calyrex\n|-damage|p2a: Calyrex|0 fnt\n|faint|p2a: Calyrex\n|\n|-heal|p1a: Arceus|32\/100|[from] item: Leftovers\n|upkeep\n|\n|t:|1698502994\n|switch|p2a: Koraidon|Koraidon|100\/100\n|-weather|SunnyDay|[from] ability: Orichalcum Pulse|[of] p2a: Koraidon\n|-activate|p2a: Koraidon|Orichalcum Pulse|[source]\n|turn|24\n|\n|t:|1698503001\n|move|p1a: Arceus|Extreme Speed|p2a: Koraidon\n|-crit|p2a: Koraidon\n|-damage|p2a: Koraidon|39\/100\n|move|p2a: Koraidon|Flare Blitz|p1a: Arceus\n|-damage|p1a: Arceus|0 fnt\n|faint|p1a: Arceus\n|-damage|p2a: Koraidon|26\/100|[from] Recoil\n|\n|win|NDAG was banned\n|raw|harrimarron 2's rating: 1570 &rarr; <strong>1560<\/strong><br \/>(-10 for losing)\n|raw|NDAG was banned's rating: 1755 &rarr; <strong>1765<\/strong><br \/>(+10 for winning)\n|l|\u2606harrimarron 2\n|l|\u2606NDAG was banned\n","uploadtime":1698503010,"views":12,"p1id":"harrimarron2","p2id":"ndagwasbanned","formatid":"gen9anythinggoes","rating":1560,"private":0,"password":""}