{"id":"gen9anythinggoes-1989859434","p1":"JebobaTea","p2":"20sideddiogenes","format":"[Gen 9] Anything Goes","log":"|j|\u203dJebobaTea\n|j|\u260620sideddiogenes\n|t:|1699901705\n|gametype|singles\n|player|p1|JebobaTea|hugh|1317\n|player|p2|20sideddiogenes|plumeria|1307\n|teamsize|p1|6\n|teamsize|p2|6\n|gen|9\n|tier|[Gen 9] Anything Goes\n|rated|\n|rule|HP Percentage Mod: HP is shown in percentages\n|rule|Endless Battle Clause: Forcing endless battles is banned\n|clearpoke\n|poke|p1|Grimmsnarl, M|\n|poke|p1|Ditto|\n|poke|p1|Toxapex, F|\n|poke|p1|Corviknight, M|\n|poke|p1|Calyrex-Shadow|\n|poke|p1|Gholdengo|\n|poke|p2|Azumarill, M|\n|poke|p2|Iron Moth|\n|poke|p2|Espathra, F|\n|poke|p2|Annihilape, F|\n|poke|p2|Ursaluna-Bloodmoon, M|\n|poke|p2|Pincurchin, M|\n|teampreview\n|\n|t:|1699901712\n|start\n|switch|p1a: Grimmsnarl|Grimmsnarl, M|100\/100\n|switch|p2a: Our Car|Espathra, F|100\/100\n|turn|1\n|\n|t:|1699901718\n|move|p1a: Grimmsnarl|Taunt|p2a: Our Car\n|-start|p2a: Our Car|move: Taunt\n|cant|p2a: Our Car|move: Taunt|Calm Mind\n|\n|-ability|p2a: Our Car|Speed Boost|boost\n|-boost|p2a: Our Car|spe|1\n|upkeep\n|turn|2\n|\n|t:|1699901725\n|move|p1a: Grimmsnarl|Light Screen|p1a: Grimmsnarl\n|-sidestart|p1: JebobaTea|move: Light Screen\n|move|p2a: Our Car|Stored Power|p1a: Grimmsnarl\n|-immune|p1a: Grimmsnarl\n|\n|-ability|p2a: Our Car|Speed Boost|boost\n|-boost|p2a: Our Car|spe|1\n|upkeep\n|turn|3\n|\n|t:|1699901732\n|move|p1a: Grimmsnarl|Reflect|p1a: Grimmsnarl\n|-sidestart|p1: JebobaTea|Reflect\n|move|p2a: Our Car|Stored Power|p1a: Grimmsnarl\n|-immune|p1a: Grimmsnarl\n|\n|-end|p2a: Our Car|move: Taunt\n|-ability|p2a: Our Car|Speed Boost|boost\n|-boost|p2a: Our Car|spe|1\n|upkeep\n|turn|4\n|\n|t:|1699901738\n|move|p1a: Grimmsnarl|Taunt|p2a: Our Car\n|-start|p2a: Our Car|move: Taunt\n|cant|p2a: Our Car|move: Taunt|Baton Pass\n|\n|-ability|p2a: Our Car|Speed Boost|boost\n|-boost|p2a: Our Car|spe|1\n|upkeep\n|turn|5\n|\n|t:|1699901745\n|switch|p2a: The Husband|Ursaluna-Bloodmoon, M|100\/100\n|switch|p1a: Toxapex|Toxapex, F|100\/100\n|\n|upkeep\n|turn|6\n|\n|t:|1699901757\n|switch|p2a: Our Car|Espathra, F|100\/100\n|move|p1a: Toxapex|Baneful Bunker||[still]\n|-fail|p1a: Toxapex\n|\n|upkeep\n|turn|7\n|\n|t:|1699901763\n|move|p2a: Our Car|Calm Mind|p2a: Our Car\n|-boost|p2a: Our Car|spa|1\n|-boost|p2a: Our Car|spd|1\n|move|p1a: Toxapex|Haze|p1a: Toxapex\n|-clearallboost\n|\n|-ability|p2a: Our Car|Speed Boost|boost\n|-boost|p2a: Our Car|spe|1\n|upkeep\n|turn|8\n|\n|t:|1699901777\n|switch|p1a: Grimmsnarl|Grimmsnarl, M|100\/100\n|move|p2a: Our Car|Calm Mind|p2a: Our Car\n|-boost|p2a: Our Car|spa|1\n|-boost|p2a: Our Car|spd|1\n|\n|-ability|p2a: Our Car|Speed Boost|boost\n|-boost|p2a: Our Car|spe|1\n|upkeep\n|turn|9\n|\n|t:|1699901783\n|move|p1a: Grimmsnarl|Taunt|p2a: Our Car\n|-start|p2a: Our Car|move: Taunt\n|cant|p2a: Our Car|move: Taunt|Baton Pass\n|\n|-sideend|p1: JebobaTea|move: Light Screen\n|-ability|p2a: Our Car|Speed Boost|boost\n|-boost|p2a: Our Car|spe|1\n|upkeep\n|turn|10\n|\n|t:|1699901794\n|switch|p2a: The Wife|Iron Moth|100\/100\n|-enditem|p2a: The Wife|Booster Energy\n|-activate|p2a: The Wife|ability: Quark Drive|[fromitem]\n|-start|p2a: The Wife|quarkdrivespa\n|move|p1a: Grimmsnarl|Light Screen|p1a: Grimmsnarl\n|-sidestart|p1: JebobaTea|move: Light Screen\n|\n|-sideend|p1: JebobaTea|Reflect\n|upkeep\n|turn|11\n|\n|t:|1699901804\n|switch|p1a: Toxapex|Toxapex, F|100\/100\n|move|p2a: The Wife|Sludge Wave|p1a: Toxapex\n|-resisted|p1a: Toxapex\n|-damage|p1a: Toxapex|86\/100\n|\n|upkeep\n|turn|12\n|\n|t:|1699901812\n|move|p2a: The Wife|Psychic|p1a: Toxapex\n|-supereffective|p1a: Toxapex\n|-damage|p1a: Toxapex|50\/100\n|move|p1a: Toxapex|Toxic Spikes|p2a: The Wife\n|-sidestart|p2: 20sideddiogenes|move: Toxic Spikes\n|\n|upkeep\n|turn|13\n|\n|t:|1699901822\n|switch|p1a: Gholdengo|Gholdengo|100\/100\n|move|p2a: The Wife|Psychic|p1a: Gholdengo\n|-resisted|p1a: Gholdengo\n|-damage|p1a: Gholdengo|88\/100\n|\n|upkeep\n|turn|14\n|\n|t:|1699901828\n|move|p2a: The Wife|Fiery Dance|p1a: Gholdengo\n|-supereffective|p1a: Gholdengo\n|-damage|p1a: Gholdengo|20\/100\n|-boost|p2a: The Wife|spa|1\n|move|p1a: Gholdengo|Nasty Plot|p1a: Gholdengo\n|-boost|p1a: Gholdengo|spa|2\n|\n|upkeep\n|turn|15\n|\n|t:|1699901851\n|move|p2a: The Wife|Fiery Dance|p1a: Gholdengo\n|-supereffective|p1a: Gholdengo\n|-damage|p1a: Gholdengo|0 fnt\n|-boost|p2a: The Wife|spa|1\n|faint|p1a: Gholdengo\n|\n|upkeep\n|\n|t:|1699901858\n|switch|p1a: Ditto|Ditto|100\/100\n|-transform|p1a: Ditto|p2a: The Wife|[from] ability: Imposter\n|turn|16\n|\n|t:|1699901864\n|-terastallize|p2a: The Wife|Fire\n|move|p1a: Ditto|Psychic|p2a: The Wife\n|-damage|p2a: The Wife|28\/100\n|-unboost|p2a: The Wife|spd|1\n|move|p2a: The Wife|Psychic|p1a: Ditto\n|-supereffective|p1a: Ditto\n|-damage|p1a: Ditto|16\/100\n|\n|upkeep\n|turn|17\n|\n|t:|1699901872\n|move|p1a: Ditto|Psychic|p2a: The Wife\n|-damage|p2a: The Wife|0 fnt\n|faint|p2a: The Wife\n|-end|p2a: The Wife|Quark Drive|[silent]\n|\n|-sideend|p1: JebobaTea|move: Light Screen\n|upkeep\n|\n|t:|1699901875\n|switch|p2a: My Son|Azumarill, M|100\/100\n|-status|p2a: My Son|psn\n|turn|18\n|\n|t:|1699901879\n|move|p2a: My Son|Aqua Jet|p1a: Ditto\n|-supereffective|p1a: Ditto\n|-damage|p1a: Ditto|0 fnt\n|faint|p1a: Ditto\n|-end|p1a: Ditto|Quark Drive|[silent]\n|\n|-damage|p2a: My Son|88\/100 psn|[from] psn\n|upkeep\n|\n|t:|1699901893\n|switch|p1a: Calyrex|Calyrex-Shadow|100\/100\n|-ability|p1a: Calyrex|As One\n|-ability|p1a: Calyrex|Unnerve\n|turn|19\n|\n|t:|1699901898\n|move|p1a: Calyrex|Giga Drain|p2a: My Son\n|-supereffective|p2a: My Son\n|-damage|p2a: My Son|28\/100 psn\n|move|p2a: My Son|Belly Drum||[still]\n|-fail|p2a: My Son\n|\n|-damage|p2a: My Son|15\/100 psn|[from] psn\n|upkeep\n|turn|20\n|\n|t:|1699901906\n|switch|p2a: Grandpa|Annihilape, F|100\/100\n|-status|p2a: Grandpa|psn\n|move|p1a: Calyrex|Giga Drain|p2a: Grandpa\n|-damage|p2a: Grandpa|83\/100 psn\n|\n|-damage|p2a: Grandpa|70\/100 psn|[from] psn\n|upkeep\n|turn|21\n|\n|t:|1699901914\n|switch|p1a: Toxapex|Toxapex, F|84\/100\n|move|p2a: Grandpa|Rage Fist|p1a: Toxapex\n|-crit|p1a: Toxapex\n|-damage|p1a: Toxapex|40\/100\n|-damage|p2a: Grandpa|54\/100 psn|[from] item: Rocky Helmet|[of] p1a: Toxapex\n|\n|-damage|p2a: Grandpa|42\/100 psn|[from] psn\n|upkeep\n|turn|22\n|\n|t:|1699901924\n|move|p1a: Toxapex|Baneful Bunker|p1a: Toxapex\n|-singleturn|p1a: Toxapex|move: Protect\n|move|p2a: Grandpa|Thunder Punch|p1a: Toxapex\n|-activate|p1a: Toxapex|move: Protect\n|\n|-damage|p2a: Grandpa|29\/100 psn|[from] psn\n|upkeep\n|turn|23\n|\n|t:|1699901933\n|switch|p1a: Grimmsnarl|Grimmsnarl, M|100\/100\n|move|p2a: Grandpa|Thunder Punch|p1a: Grimmsnarl\n|-damage|p1a: Grimmsnarl|79\/100\n|\n|-damage|p2a: Grandpa|17\/100 psn|[from] psn\n|upkeep\n|turn|24\n|\n|t:|1699901963\n|move|p1a: Grimmsnarl|Reflect|p1a: Grimmsnarl\n|-sidestart|p1: JebobaTea|Reflect\n|move|p2a: Grandpa|Drain Punch|p1a: Grimmsnarl\n|-damage|p1a: Grimmsnarl|63\/100\n|-heal|p2a: Grandpa|24\/100 psn|[from] drain|[of] p1a: Grimmsnarl\n|\n|-damage|p2a: Grandpa|12\/100 psn|[from] psn\n|upkeep\n|turn|25\n|\n|t:|1699901972\n|move|p2a: Grandpa|Rage Fist|p1a: Grimmsnarl\n|-resisted|p1a: Grimmsnarl\n|-damage|p1a: Grimmsnarl|52\/100\n|move|p1a: Grimmsnarl|Play Rough|p2a: Grandpa\n|-supereffective|p2a: Grandpa\n|-damage|p2a: Grandpa|0 fnt\n|faint|p2a: Grandpa\n|\n|upkeep\n|\n|t:|1699901976\n|switch|p2a: The Repellant|Pincurchin, M|100\/100\n|-status|p2a: The Repellant|psn\n|turn|26\n|\n|t:|1699901984\n|move|p1a: Grimmsnarl|Taunt|p2a: The Repellant\n|-start|p2a: The Repellant|move: Taunt\n|move|p2a: The Repellant|Poison Jab|p1a: Grimmsnarl\n|-supereffective|p1a: Grimmsnarl\n|-damage|p1a: Grimmsnarl|25\/100\n|-status|p1a: Grimmsnarl|psn\n|-damage|p2a: The Repellant|90\/100 psn|[from] item: Life Orb\n|\n|-damage|p1a: Grimmsnarl|12\/100 psn|[from] psn\n|-damage|p2a: The Repellant|78\/100 psn|[from] psn\n|upkeep\n|turn|27\n|\n|t:|1699901995\n|switch|p1a: Toxapex|Toxapex, F|73\/100\n|move|p2a: The Repellant|Zing Zap|p1a: Toxapex\n|-supereffective|p1a: Toxapex\n|-damage|p1a: Toxapex|45\/100\n|-damage|p2a: The Repellant|61\/100 psn|[from] item: Rocky Helmet|[of] p1a: Toxapex\n|-damage|p2a: The Repellant|51\/100 psn|[from] item: Life Orb\n|\n|-damage|p2a: The Repellant|39\/100 psn|[from] psn\n|upkeep\n|turn|28\n|\n|t:|1699902005\n|move|p1a: Toxapex|Baneful Bunker|p1a: Toxapex\n|-singleturn|p1a: Toxapex|move: Protect\n|move|p2a: The Repellant|Zing Zap|p1a: Toxapex\n|-activate|p1a: Toxapex|move: Protect\n|\n|-damage|p2a: The Repellant|27\/100 psn|[from] psn\n|-end|p2a: The Repellant|move: Taunt\n|upkeep\n|turn|29\n|\n|t:|1699902013\n|switch|p1a: Grimmsnarl|Grimmsnarl, M|12\/100 psn\n|move|p2a: The Repellant|Recover|p2a: The Repellant\n|-heal|p2a: The Repellant|77\/100 psn\n|\n|-damage|p1a: Grimmsnarl|0 fnt|[from] psn\n|faint|p1a: Grimmsnarl\n|-damage|p2a: The Repellant|64\/100 psn|[from] psn\n|upkeep\n|\n|t:|1699902021\n|switch|p1a: Calyrex|Calyrex-Shadow|100\/100\n|-ability|p1a: Calyrex|As One\n|-ability|p1a: Calyrex|Unnerve\n|turn|30\n|\n|t:|1699902029\n|-terastallize|p1a: Calyrex|Psychic\n|move|p2a: The Repellant|Sucker Punch|p1a: Calyrex\n|-supereffective|p1a: Calyrex\n|-crit|p1a: Calyrex\n|-enditem|p1a: Calyrex|Focus Sash\n|-damage|p1a: Calyrex|1\/100\n|-damage|p2a: The Repellant|54\/100 psn|[from] item: Life Orb\n|move|p1a: Calyrex|Psyshock|p2a: The Repellant\n|-crit|p2a: The Repellant\n|-damage|p2a: The Repellant|0 fnt\n|faint|p2a: The Repellant\n|-ability|p1a: Calyrex|Grim Neigh|boost\n|-boost|p1a: Calyrex|spa|1\n|\n|upkeep\n|\n|t:|1699902038\n|switch|p2a: My Son|Azumarill, M|15\/100 psn\n|turn|31\n|\n|t:|1699902065\n|move|p2a: My Son|Aqua Jet|p1a: Calyrex\n|-damage|p1a: Calyrex|0 fnt\n|-enditem|p2a: My Son|Sitrus Berry|[eat]\n|-heal|p2a: My Son|40\/100 psn|[from] item: Sitrus Berry\n|faint|p1a: Calyrex\n|\n|-damage|p2a: My Son|28\/100 psn|[from] psn\n|-sideend|p1: JebobaTea|Reflect\n|upkeep\n|\n|t:|1699902073\n|switch|p1a: Toxapex|Toxapex, F|78\/100\n|turn|32\n|\n|t:|1699902079\n|switch|p2a: Our Car|Espathra, F|100\/100\n|move|p1a: Toxapex|Baneful Bunker||[still]\n|-fail|p1a: Toxapex\n|\n|upkeep\n|turn|33\n|\n|t:|1699902087\n|move|p2a: Our Car|Calm Mind|p2a: Our Car\n|-boost|p2a: Our Car|spa|1\n|-boost|p2a: Our Car|spd|1\n|move|p1a: Toxapex|Haze|p1a: Toxapex\n|-clearallboost\n|\n|-ability|p2a: Our Car|Speed Boost|boost\n|-boost|p2a: Our Car|spe|1\n|upkeep\n|turn|34\n|\n|t:|1699902095\n|move|p2a: Our Car|Stored Power|p1a: Toxapex\n|-supereffective|p1a: Toxapex\n|-damage|p1a: Toxapex|46\/100\n|move|p1a: Toxapex|Toxic Spikes|p2a: Our Car\n|-sidestart|p2: 20sideddiogenes|move: Toxic Spikes\n|\n|-ability|p2a: Our Car|Speed Boost|boost\n|-boost|p2a: Our Car|spe|1\n|upkeep\n|turn|35\n|\n|t:|1699902102\n|switch|p1a: Corviknight|Corviknight, M|100\/100\n|-ability|p1a: Corviknight|Pressure\n|move|p2a: Our Car|Stored Power|p1a: Corviknight\n|-resisted|p1a: Corviknight\n|-damage|p1a: Corviknight|87\/100\n|\n|-heal|p1a: Corviknight|93\/100|[from] item: Leftovers\n|-ability|p2a: Our Car|Speed Boost|boost\n|-boost|p2a: Our Car|spe|1\n|upkeep\n|turn|36\n|\n|t:|1699902114\n|move|p2a: Our Car|Protect|p2a: Our Car\n|-singleturn|p2a: Our Car|Protect\n|move|p1a: Corviknight|Iron Head|p2a: Our Car\n|-activate|p2a: Our Car|move: Protect\n|\n|-heal|p1a: Corviknight|99\/100|[from] item: Leftovers\n|-ability|p2a: Our Car|Speed Boost|boost\n|-boost|p2a: Our Car|spe|1\n|upkeep\n|turn|37\n|\n|t:|1699902123\n|move|p2a: Our Car|Baton Pass|p2a: Our Car\n|\n|t:|1699902125\n|switch|p2a: The Husband|Ursaluna-Bloodmoon, M|100\/100|[from] Baton Pass\n|-status|p2a: The Husband|tox\n|move|p1a: Corviknight|Iron Head|p2a: The Husband\n|-damage|p2a: The Husband|84\/100 tox\n|\n|-heal|p2a: The Husband|90\/100 tox|[from] item: Leftovers\n|-heal|p1a: Corviknight|100\/100|[from] item: Leftovers\n|-damage|p2a: The Husband|84\/100 tox|[from] psn\n|upkeep\n|turn|38\n|\n|t:|1699902135\n|move|p2a: The Husband|Blood Moon|p1a: Corviknight\n|-resisted|p1a: Corviknight\n|-damage|p1a: Corviknight|66\/100\n|move|p1a: Corviknight|Roost|p1a: Corviknight\n|-heal|p1a: Corviknight|100\/100\n|-singleturn|p1a: Corviknight|move: Roost\n|\n|-heal|p2a: The Husband|90\/100 tox|[from] item: Leftovers\n|-damage|p2a: The Husband|78\/100 tox|[from] psn\n|upkeep\n|turn|39\n|\n|t:|1699902145\n|move|p2a: The Husband|Vacuum Wave|p1a: Corviknight\n|-damage|p1a: Corviknight|86\/100\n|move|p1a: Corviknight|Iron Head|p2a: The Husband\n|-damage|p2a: The Husband|61\/100 tox\n|\n|-heal|p2a: The Husband|67\/100 tox|[from] item: Leftovers\n|-heal|p1a: Corviknight|92\/100|[from] item: Leftovers\n|-damage|p2a: The Husband|49\/100 tox|[from] psn\n|upkeep\n|turn|40\n|\n|t:|1699902154\n|move|p2a: The Husband|Moonlight|p2a: The Husband\n|-heal|p2a: The Husband|99\/100 tox\n|move|p1a: Corviknight|Iron Head|p2a: The Husband\n|-damage|p2a: The Husband|81\/100 tox\n|\n|-heal|p2a: The Husband|87\/100 tox|[from] item: Leftovers\n|-heal|p1a: Corviknight|98\/100|[from] item: Leftovers\n|-damage|p2a: The Husband|63\/100 tox|[from] psn\n|upkeep\n|turn|41\n|\n|t:|1699902174\n|switch|p2a: My Son|Azumarill, M|28\/100 psn\n|move|p1a: Corviknight|Iron Head|p2a: My Son\n|-damage|p2a: My Son|3\/100 psn\n|\n|-heal|p1a: Corviknight|100\/100|[from] item: Leftovers\n|-damage|p2a: My Son|0 fnt|[from] psn\n|faint|p2a: My Son\n|upkeep\n|\n|t:|1699902180\n|switch|p2a: Our Car|Espathra, F|100\/100\n|turn|42\n|\n|t:|1699902189\n|move|p2a: Our Car|Calm Mind|p2a: Our Car\n|-boost|p2a: Our Car|spa|1\n|-boost|p2a: Our Car|spd|1\n|move|p1a: Corviknight|Iron Head|p2a: Our Car\n|-damage|p2a: Our Car|64\/100\n|\n|-ability|p2a: Our Car|Speed Boost|boost\n|-boost|p2a: Our Car|spe|1\n|upkeep\n|turn|43\n|\n|t:|1699902197\n|move|p2a: Our Car|Protect|p2a: Our Car\n|-singleturn|p2a: Our Car|Protect\n|move|p1a: Corviknight|Iron Head|p2a: Our Car\n|-activate|p2a: Our Car|move: Protect\n|\n|-ability|p2a: Our Car|Speed Boost|boost\n|-boost|p2a: Our Car|spe|1\n|upkeep\n|turn|44\n|\n|t:|1699902206\n|move|p2a: Our Car|Calm Mind|p2a: Our Car\n|-boost|p2a: Our Car|spa|1\n|-boost|p2a: Our Car|spd|1\n|move|p1a: Corviknight|Iron Head|p2a: Our Car\n|-damage|p2a: Our Car|25\/100\n|\n|-ability|p2a: Our Car|Speed Boost|boost\n|-boost|p2a: Our Car|spe|1\n|upkeep\n|turn|45\n|\n|t:|1699902214\n|move|p2a: Our Car|Protect|p2a: Our Car\n|-singleturn|p2a: Our Car|Protect\n|move|p1a: Corviknight|Iron Head|p2a: Our Car\n|-activate|p2a: Our Car|move: Protect\n|\n|-ability|p2a: Our Car|Speed Boost|boost\n|-boost|p2a: Our Car|spe|1\n|upkeep\n|turn|46\n|\n|t:|1699902221\n|move|p2a: Our Car|Baton Pass|p2a: Our Car\n|\n|t:|1699902223\n|switch|p2a: The Husband|Ursaluna-Bloodmoon, M|63\/100 tox|[from] Baton Pass\n|move|p1a: Corviknight|Iron Head|p2a: The Husband\n|-damage|p2a: The Husband|47\/100 tox\n|\n|-heal|p2a: The Husband|53\/100 tox|[from] item: Leftovers\n|-damage|p2a: The Husband|47\/100 tox|[from] psn\n|upkeep\n|turn|47\n|\n|t:|1699902231\n|move|p2a: The Husband|Moonlight|p2a: The Husband\n|-heal|p2a: The Husband|97\/100 tox\n|move|p1a: Corviknight|Roost||[still]\n|-fail|p1a: Corviknight|heal\n|\n|-heal|p2a: The Husband|100\/100 tox|[from] item: Leftovers\n|-damage|p2a: The Husband|88\/100 tox|[from] psn\n|upkeep\n|turn|48\n|\n|t:|1699902239\n|move|p2a: The Husband|Blood Moon|p1a: Corviknight\n|-resisted|p1a: Corviknight\n|-damage|p1a: Corviknight|26\/100\n|move|p1a: Corviknight|Roost|p1a: Corviknight\n|-heal|p1a: Corviknight|76\/100\n|-singleturn|p1a: Corviknight|move: Roost\n|\n|-heal|p2a: The Husband|94\/100 tox|[from] item: Leftovers\n|-heal|p1a: Corviknight|82\/100|[from] item: Leftovers\n|-damage|p2a: The Husband|76\/100 tox|[from] psn\n|upkeep\n|turn|49\n|\n|t:|1699902249\n|move|p2a: The Husband|Vacuum Wave|p1a: Corviknight\n|-damage|p1a: Corviknight|54\/100\n|move|p1a: Corviknight|Roost|p1a: Corviknight\n|-heal|p1a: Corviknight|100\/100\n|-singleturn|p1a: Corviknight|move: Roost\n|\n|-heal|p2a: The Husband|82\/100 tox|[from] item: Leftovers\n|-damage|p2a: The Husband|58\/100 tox|[from] psn\n|upkeep\n|turn|50\n|\n|t:|1699902258\n|move|p2a: The Husband|Moonlight|p2a: The Husband\n|-heal|p2a: The Husband|100\/100 tox\n|move|p1a: Corviknight|Iron Head|p2a: The Husband\n|-damage|p2a: The Husband|85\/100 tox\n|\n|-heal|p2a: The Husband|91\/100 tox|[from] item: Leftovers\n|-damage|p2a: The Husband|61\/100 tox|[from] psn\n|upkeep\n|turn|51\n|\n|t:|1699902266\n|move|p2a: The Husband|Blood Moon|p1a: Corviknight\n|-resisted|p1a: Corviknight\n|-damage|p1a: Corviknight|24\/100\n|move|p1a: Corviknight|Roost|p1a: Corviknight\n|-heal|p1a: Corviknight|74\/100\n|-singleturn|p1a: Corviknight|move: Roost\n|\n|-heal|p2a: The Husband|67\/100 tox|[from] item: Leftovers\n|-heal|p1a: Corviknight|80\/100|[from] item: Leftovers\n|-damage|p2a: The Husband|30\/100 tox|[from] psn\n|upkeep\n|turn|52\n|\n|t:|1699902277\n|move|p2a: The Husband|Moonlight|p2a: The Husband\n|-heal|p2a: The Husband|80\/100 tox\n|move|p1a: Corviknight|Iron Head|p2a: The Husband\n|-damage|p2a: The Husband|64\/100 tox\n|\n|-heal|p2a: The Husband|70\/100 tox|[from] item: Leftovers\n|-heal|p1a: Corviknight|87\/100|[from] item: Leftovers\n|-damage|p2a: The Husband|28\/100 tox|[from] psn\n|upkeep\n|turn|53\n|\n|t:|1699902286\n|move|p2a: The Husband|Blood Moon|p1a: Corviknight\n|-resisted|p1a: Corviknight\n|-damage|p1a: Corviknight|19\/100\n|move|p1a: Corviknight|Roost|p1a: Corviknight\n|-heal|p1a: Corviknight|69\/100\n|-singleturn|p1a: Corviknight|move: Roost\n|\n|-heal|p2a: The Husband|34\/100 tox|[from] item: Leftovers\n|-heal|p1a: Corviknight|75\/100|[from] item: Leftovers\n|-damage|p2a: The Husband|0 fnt|[from] psn\n|faint|p2a: The Husband\n|upkeep\n|c|\u260620sideddiogenes|ggs\n|c|\u260620sideddiogenes|stall is wild\n|\n|t:|1699902298\n|switch|p2a: Our Car|Espathra, F|25\/100\n|turn|54\n|\n|t:|1699902302\n|move|p2a: Our Car|Protect|p2a: Our Car\n|-singleturn|p2a: Our Car|Protect\n|move|p1a: Corviknight|Iron Head|p2a: Our Car\n|-activate|p2a: Our Car|move: Protect\n|\n|-heal|p1a: Corviknight|82\/100|[from] item: Leftovers\n|-ability|p2a: Our Car|Speed Boost|boost\n|-boost|p2a: Our Car|spe|1\n|upkeep\n|turn|55\n|\n|t:|1699902311\n|move|p2a: Our Car|Protect||[still]\n|-fail|p2a: Our Car\n|move|p1a: Corviknight|Iron Head|p2a: Our Car\n|-damage|p2a: Our Car|0 fnt\n|faint|p2a: Our Car\n|\n|win|JebobaTea\n|raw|JebobaTea's rating: 1317 &rarr; <strong>1336<\/strong><br \/>(+19 for winning)\n|raw|20sideddiogenes's rating: 1307 &rarr; <strong>1288<\/strong><br \/>(-19 for losing)\n|l|\u260620sideddiogenes\n","uploadtime":1699903261,"views":3,"p1id":"jebobatea","p2id":"20sideddiogenes","formatid":"gen9anythinggoes","rating":1288,"private":0,"password":""}