{"id":"gen9anythinggoes-1988749320","p1":"R1212","p2":"EddieJay","format":"[Gen 9] Anything Goes","log":"|j|\u2606R1212\n|j|\u2606EddieJay\n|t:|1699758223\n|gametype|singles\n|player|p1|R1212|swimmer-gen4dp|1059\n|player|p2|EddieJay|bruno|1047\n|teamsize|p1|6\n|teamsize|p2|6\n|gen|9\n|tier|[Gen 9] Anything Goes\n|rated|\n|rule|HP Percentage Mod: HP is shown in percentages\n|rule|Endless Battle Clause: Forcing endless battles is banned\n|clearpoke\n|poke|p1|Dusknoir, F|\n|poke|p1|Drifblim, M|\n|poke|p1|Clefable, M|\n|poke|p1|Calyrex-Shadow|\n|poke|p1|Skeledirge, F|\n|poke|p1|Espeon, F|\n|poke|p2|Rotom-Wash|\n|poke|p2|Zacian-*|\n|poke|p2|Chi-Yu|\n|poke|p2|Landorus-Therian, M|\n|poke|p2|Palkia-Origin|\n|poke|p2|Chien-Pao|\n|teampreview\n|inactive|Battle timer is ON: inactive players will automatically lose when time's up. (requested by EddieJay)\n|inactive|R1212 has 120 seconds left.\n|inactive|R1212 has 90 seconds left.\n|\n|t:|1699758300\n|start\n|switch|p1a: Espeon|Espeon, F|100\/100\n|switch|p2a: Landorus|Landorus-Therian, M|100\/100\n|-ability|p2a: Landorus|Intimidate|boost\n|-unboost|p1a: Espeon|atk|1\n|turn|1\n|\n|t:|1699758320\n|move|p1a: Espeon|Trick|p2a: Landorus\n|-activate|p1a: Espeon|move: Trick|[of] p2a: Landorus\n|-item|p2a: Landorus|Choice Scarf|[from] move: Trick\n|-item|p1a: Espeon|Life Orb|[from] move: Trick\n|move|p2a: Landorus|Stomping Tantrum|p1a: Espeon\n|-damage|p1a: Espeon|8\/100\n|\n|upkeep\n|turn|2\n|inactive|R1212 has 120 seconds left.\n|\n|t:|1699758349\n|move|p2a: Landorus|Stomping Tantrum|p1a: Espeon\n|-damage|p1a: Espeon|0 fnt\n|faint|p1a: Espeon\n|\n|upkeep\n|inactive|R1212 has 120 seconds left.\n|\n|t:|1699758355\n|switch|p1a: Drifblim|Drifblim, M|100\/100\n|turn|3\n|\n|t:|1699758360\n|switch|p2a: Chi-Yu|Chi-Yu|100\/100\n|-ability|p2a: Chi-Yu|Beads of Ruin\n|move|p1a: Drifblim|Minimize|p1a: Drifblim\n|-boost|p1a: Drifblim|evasion|2\n|\n|upkeep\n|turn|4\n|inactive|R1212 has 120 seconds left.\n|inactive|R1212 has 90 seconds left.\n|\n|t:|1699758432\n|move|p2a: Chi-Yu|Dark Pulse|p1a: Drifblim|[miss]\n|-miss|p2a: Chi-Yu|p1a: Drifblim\n|move|p1a: Drifblim|Substitute|p1a: Drifblim\n|-start|p1a: Drifblim|Substitute\n|-damage|p1a: Drifblim|76\/100\n|\n|-heal|p1a: Drifblim|82\/100|[from] item: Leftovers\n|upkeep\n|turn|5\n|inactive|EddieJay has 120 seconds left.\n|\n|t:|1699758464\n|move|p2a: Chi-Yu|Dark Pulse|p1a: Drifblim|[miss]\n|-miss|p2a: Chi-Yu|p1a: Drifblim\n|move|p1a: Drifblim|Minimize|p1a: Drifblim\n|-boost|p1a: Drifblim|evasion|2\n|\n|-heal|p1a: Drifblim|88\/100|[from] item: Leftovers\n|upkeep\n|turn|6\n|inactive|R1212 has 60 seconds left.\n|inactive|R1212 has 30 seconds left.\n|inactive|R1212 has 20 seconds left.\n|inactive|R1212 has 15 seconds left.\n|\n|t:|1699758542\n|switch|p2a: Chien-Pao|Chien-Pao|100\/100\n|-ability|p2a: Chien-Pao|Sword of Ruin\n|move|p1a: Drifblim|Minimize|p1a: Drifblim\n|-boost|p1a: Drifblim|evasion|2\n|\n|-heal|p1a: Drifblim|94\/100|[from] item: Leftovers\n|upkeep\n|turn|7\n|inactive|R1212 has 25 seconds left this turn.\n|\n|t:|1699758552\n|move|p2a: Chien-Pao|Haze|p2a: Chien-Pao\n|-clearallboost\n|move|p1a: Drifblim|Strength Sap|p2a: Chien-Pao\n|-unboost|p2a: Chien-Pao|atk|1\n|-heal|p1a: Drifblim|100\/100\n|\n|upkeep\n|turn|8\n|inactive|R1212 has 30 seconds left.\n|\n|t:|1699758561\n|move|p2a: Chien-Pao|Crunch|p1a: Drifblim\n|-supereffective|p1a: Drifblim\n|-end|p1a: Drifblim|Substitute\n|move|p1a: Drifblim|Baton Pass|p1a: Drifblim\n|inactive|R1212 has 30 seconds left.\n|\n|t:|1699758567\n|switch|p1a: Skeledirge|Skeledirge, F|100\/100|[from] Baton Pass\n|\n|upkeep\n|turn|9\n|\n|t:|1699758571\n|move|p2a: Chien-Pao|Crunch|p1a: Skeledirge\n|-supereffective|p1a: Skeledirge\n|-damage|p1a: Skeledirge|38\/100\n|move|p1a: Skeledirge|Torch Song|p2a: Chien-Pao\n|-supereffective|p2a: Chien-Pao\n|-damage|p2a: Chien-Pao|0 fnt\n|-boost|p1a: Skeledirge|spa|1\n|faint|p2a: Chien-Pao\n|\n|upkeep\n|\n|t:|1699758580\n|switch|p2a: Chi-Yu|Chi-Yu|100\/100\n|-ability|p2a: Chi-Yu|Beads of Ruin\n|turn|10\n|\n|t:|1699758585\n|move|p2a: Chi-Yu|Dark Pulse|p1a: Skeledirge\n|-supereffective|p1a: Skeledirge\n|-damage|p1a: Skeledirge|0 fnt\n|faint|p1a: Skeledirge\n|\n|upkeep\n|-message|R1212 forfeited.\n|\n|win|EddieJay\n|raw|R1212's rating: 1085 &rarr; <strong>1060<\/strong><br \/>(-25 for losing)\n|raw|EddieJay's rating: 1047 &rarr; <strong>1084<\/strong><br \/>(+37 for winning)\n|l|\u2606R1212\n","uploadtime":1699758598,"views":3,"p1id":"r1212","p2id":"eddiejay","formatid":"gen9anythinggoes","rating":1060,"private":0,"password":""}