{"id":"gen9anythinggoes-1983593484","p1":"Bulky Ben","p2":"Iknowmyabc'slol","format":"[Gen 9] Anything Goes","log":"|j|\u2606Bulky Ben\n|j|\u2606Iknowmyabc'slol\n|t:|1699147184\n|gametype|singles\n|player|p1|Bulky Ben|crasherwake|1408\n|player|p2|Iknowmyabc'slol|raihan|1558\n|teamsize|p1|6\n|teamsize|p2|6\n|gen|9\n|tier|[Gen 9] Anything Goes\n|rated|\n|rule|HP Percentage Mod: HP is shown in percentages\n|rule|Endless Battle Clause: Forcing endless battles is banned\n|clearpoke\n|poke|p1|Calyrex-Shadow|\n|poke|p1|Koraidon|\n|poke|p1|Flutter Mane|\n|poke|p1|Zacian-*|\n|poke|p1|Ting-Lu|\n|poke|p1|Clefable, M|\n|poke|p2|Arceus-Fairy|\n|poke|p2|Toxapex, F|\n|poke|p2|Ting-Lu|\n|poke|p2|Calyrex-Shadow|\n|poke|p2|Koraidon|\n|poke|p2|Arceus|\n|teampreview\n|inactive|Battle timer is ON: inactive players will automatically lose when time's up. (requested by Bulky Ben)\n|\n|t:|1699147192\n|start\n|switch|p1a: Ting-Lu|Ting-Lu|100\/100\n|switch|p2a: Koraidon|Koraidon|100\/100\n|-weather|SunnyDay|[from] ability: Orichalcum Pulse|[of] p2a: Koraidon\n|-activate|p2a: Koraidon|Orichalcum Pulse|[source]\n|-ability|p1a: Ting-Lu|Vessel of Ruin\n|turn|1\n|c|\u2606Iknowmyabc'slol|its you again\n|\n|t:|1699147203\n|switch|p1a: Clefable|Clefable, M|100\/100\n|move|p2a: Koraidon|U-turn|p1a: Clefable\n|-resisted|p1a: Clefable\n|-damage|p1a: Clefable|89\/100\n|-enditem|p1a: Clefable|Kee Berry|[eat]\n|-boost|p1a: Clefable|def|1|[from] item: Kee Berry\n|\n|t:|1699147219\n|switch|p2a: Arceus|Arceus|100\/100|[from] U-turn\n|\n|-weather|SunnyDay|[upkeep]\n|upkeep\n|turn|2\n|\n|t:|1699147228\n|move|p2a: Arceus|Swords Dance|p2a: Arceus\n|-boost|p2a: Arceus|atk|2\n|move|p1a: Clefable|Moonblast|p2a: Arceus\n|-damage|p2a: Arceus|79\/100\n|\n|-weather|SunnyDay|[upkeep]\n|upkeep\n|turn|3\n|\n|t:|1699147235\n|move|p2a: Arceus|Swords Dance|p2a: Arceus\n|-boost|p2a: Arceus|atk|2\n|move|p1a: Clefable|Moonblast|p2a: Arceus\n|-damage|p2a: Arceus|57\/100\n|-unboost|p2a: Arceus|spa|1\n|\n|-weather|SunnyDay|[upkeep]\n|upkeep\n|turn|4\n|\n|t:|1699147242\n|move|p2a: Arceus|Recover|p2a: Arceus\n|-heal|p2a: Arceus|100\/100\n|move|p1a: Clefable|Moonblast|p2a: Arceus\n|-damage|p2a: Arceus|79\/100\n|\n|-weather|SunnyDay|[upkeep]\n|upkeep\n|turn|5\n|\n|t:|1699147249\n|move|p2a: Arceus|Swords Dance|p2a: Arceus\n|-boost|p2a: Arceus|atk|2\n|move|p1a: Clefable|Knock Off|p2a: Arceus\n|-damage|p2a: Arceus|69\/100\n|-enditem|p2a: Arceus|Heavy-Duty Boots|[from] move: Knock Off|[of] p1a: Clefable\n|\n|-weather|none\n|upkeep\n|turn|6\n|\n|t:|1699147257\n|move|p2a: Arceus|Recover|p2a: Arceus\n|-heal|p2a: Arceus|100\/100\n|move|p1a: Clefable|Stealth Rock|p2a: Arceus\n|-sidestart|p2: Iknowmyabc'slol|move: Stealth Rock\n|\n|upkeep\n|turn|7\n|\n|t:|1699147263\n|move|p2a: Arceus|Extreme Speed|p1a: Clefable\n|-damage|p1a: Clefable|67\/100\n|move|p1a: Clefable|Moonlight|p1a: Clefable\n|-heal|p1a: Clefable|100\/100\n|\n|upkeep\n|turn|8\n|c|\u2606Iknowmyabc'slol|?\n|c|\u2606Iknowmyabc'slol|damn\n|c|\u2606Iknowmyabc'slol|thas tanky\n|\n|t:|1699147278\n|move|p2a: Arceus|Shadow Claw|p1a: Clefable\n|-damage|p1a: Clefable|88\/100\n|move|p1a: Clefable|Moonblast|p2a: Arceus\n|-crit|p2a: Arceus\n|-damage|p2a: Arceus|67\/100\n|\n|upkeep\n|turn|9\n|\n|t:|1699147288\n|move|p2a: Arceus|Extreme Speed|p1a: Clefable\n|-damage|p1a: Clefable|67\/100\n|move|p1a: Clefable|Moonblast|p2a: Arceus\n|-damage|p2a: Arceus|44\/100\n|\n|upkeep\n|turn|10\n|\n|t:|1699147294\n|move|p2a: Arceus|Recover|p2a: Arceus\n|-heal|p2a: Arceus|94\/100\n|move|p1a: Clefable|Moonlight|p1a: Clefable\n|-heal|p1a: Clefable|100\/100\n|\n|upkeep\n|turn|11\n|\n|t:|1699147301\n|move|p2a: Arceus|Extreme Speed|p1a: Clefable\n|-damage|p1a: Clefable|77\/100\n|move|p1a: Clefable|Moonblast|p2a: Arceus\n|-damage|p2a: Arceus|75\/100\n|\n|upkeep\n|turn|12\n|\n|t:|1699147308\n|move|p2a: Arceus|Extreme Speed|p1a: Clefable\n|-damage|p1a: Clefable|54\/100\n|move|p1a: Clefable|Moonblast|p2a: Arceus\n|-damage|p2a: Arceus|55\/100\n|\n|upkeep\n|turn|13\n|\n|t:|1699147314\n|move|p2a: Arceus|Extreme Speed|p1a: Clefable\n|-damage|p1a: Clefable|32\/100\n|move|p1a: Clefable|Moonlight|p1a: Clefable\n|-heal|p1a: Clefable|82\/100\n|\n|upkeep\n|turn|14\n|\n|t:|1699147323\n|-terastallize|p1a: Clefable|Steel\n|move|p2a: Arceus|Recover|p2a: Arceus\n|-heal|p2a: Arceus|100\/100\n|move|p1a: Clefable|Moonlight|p1a: Clefable\n|-heal|p1a: Clefable|100\/100\n|\n|upkeep\n|turn|15\n|\n|t:|1699147332\n|move|p2a: Arceus|Shadow Claw|p1a: Clefable\n|-damage|p1a: Clefable|87\/100\n|move|p1a: Clefable|Moonblast|p2a: Arceus\n|-damage|p2a: Arceus|78\/100\n|\n|upkeep\n|turn|16\n|\n|t:|1699147340\n|move|p2a: Arceus|Shadow Claw|p1a: Clefable\n|-crit|p1a: Clefable\n|-damage|p1a: Clefable|59\/100\n|move|p1a: Clefable|Moonblast|p2a: Arceus\n|-damage|p2a: Arceus|57\/100\n|-unboost|p2a: Arceus|spa|1\n|\n|upkeep\n|turn|17\n|\n|t:|1699147348\n|move|p2a: Arceus|Shadow Claw|p1a: Clefable\n|-damage|p1a: Clefable|46\/100\n|move|p1a: Clefable|Moonlight|p1a: Clefable\n|-heal|p1a: Clefable|96\/100\n|\n|upkeep\n|turn|18\n|\n|t:|1699147356\n|move|p2a: Arceus|Shadow Claw|p1a: Clefable\n|-crit|p1a: Clefable\n|-damage|p1a: Clefable|69\/100\n|move|p1a: Clefable|Moonblast|p2a: Arceus\n|-damage|p2a: Arceus|38\/100\n|\n|upkeep\n|turn|19\n|\n|t:|1699147363\n|move|p2a: Arceus|Recover|p2a: Arceus\n|-heal|p2a: Arceus|88\/100\n|move|p1a: Clefable|Moonlight|p1a: Clefable\n|-heal|p1a: Clefable|100\/100\n|\n|upkeep\n|turn|20\n|\n|t:|1699147371\n|move|p2a: Arceus|Shadow Claw|p1a: Clefable\n|-damage|p1a: Clefable|88\/100\n|move|p1a: Clefable|Moonblast|p2a: Arceus\n|-damage|p2a: Arceus|67\/100\n|\n|upkeep\n|turn|21\n|\n|t:|1699147381\n|move|p2a: Arceus|Shadow Claw|p1a: Clefable\n|-damage|p1a: Clefable|76\/100\n|move|p1a: Clefable|Moonblast|p2a: Arceus\n|-crit|p2a: Arceus\n|-damage|p2a: Arceus|36\/100\n|\n|upkeep\n|turn|22\n|\n|t:|1699147400\n|move|p2a: Arceus|Recover|p2a: Arceus\n|-heal|p2a: Arceus|86\/100\n|move|p1a: Clefable|Moonblast|p2a: Arceus\n|-damage|p2a: Arceus|64\/100\n|\n|upkeep\n|turn|23\n|\n|t:|1699147406\n|move|p2a: Arceus|Shadow Claw|p1a: Clefable\n|-damage|p1a: Clefable|63\/100\n|move|p1a: Clefable|Moonblast|p2a: Arceus\n|-damage|p2a: Arceus|42\/100\n|\n|upkeep\n|turn|24\n|\n|t:|1699147414\n|move|p2a: Arceus|Recover|p2a: Arceus\n|-heal|p2a: Arceus|92\/100\n|move|p1a: Clefable|Moonblast|p2a: Arceus\n|-damage|p2a: Arceus|71\/100\n|\n|upkeep\n|turn|25\n|\n|t:|1699147421\n|move|p2a: Arceus|Shadow Claw|p1a: Clefable\n|-damage|p1a: Clefable|49\/100\n|move|p1a: Clefable|Moonlight|p1a: Clefable\n|-heal|p1a: Clefable|99\/100\n|\n|upkeep\n|turn|26\n|\n|t:|1699147441\n|move|p2a: Arceus|Shadow Claw|p1a: Clefable\n|-damage|p1a: Clefable|86\/100\n|move|p1a: Clefable|Moonblast|p2a: Arceus\n|-damage|p2a: Arceus|48\/100\n|\n|upkeep\n|turn|27\n|\n|t:|1699147448\n|move|p2a: Arceus|Extreme Speed|p1a: Clefable\n|-resisted|p1a: Clefable\n|-damage|p1a: Clefable|75\/100\n|move|p1a: Clefable|Moonblast|p2a: Arceus\n|-damage|p2a: Arceus|29\/100\n|-unboost|p2a: Arceus|spa|1\n|\n|upkeep\n|turn|28\n|\n|t:|1699147456\n|move|p2a: Arceus|Recover|p2a: Arceus\n|-heal|p2a: Arceus|79\/100\n|move|p1a: Clefable|Moonblast|p2a: Arceus\n|-damage|p2a: Arceus|57\/100\n|\n|upkeep\n|turn|29\n|\n|t:|1699147463\n|move|p2a: Arceus|Shadow Claw|p1a: Clefable\n|-damage|p1a: Clefable|61\/100\n|move|p1a: Clefable|Moonblast|p2a: Arceus\n|-damage|p2a: Arceus|35\/100\n|\n|upkeep\n|turn|30\n|\n|t:|1699147472\n|switch|p2a: Toxapex|Toxapex, F|100\/100\n|-damage|p2a: Toxapex|88\/100|[from] Stealth Rock\n|move|p1a: Clefable|Moonblast|p2a: Toxapex\n|-resisted|p2a: Toxapex\n|-damage|p2a: Toxapex|76\/100\n|\n|upkeep\n|turn|31\n|\n|t:|1699147481\n|move|p1a: Clefable|Moonlight|p1a: Clefable\n|-heal|p1a: Clefable|100\/100\n|move|p2a: Toxapex|Toxic Spikes|p1a: Clefable\n|-sidestart|p1: Bulky Ben|move: Toxic Spikes\n|\n|upkeep\n|turn|32\n|\n|t:|1699147493\n|move|p1a: Clefable|Knock Off|p2a: Toxapex\n|-damage|p2a: Toxapex|66\/100\n|-damage|p1a: Clefable|84\/100|[from] item: Rocky Helmet|[of] p2a: Toxapex\n|-enditem|p2a: Toxapex|Rocky Helmet|[from] move: Knock Off|[of] p1a: Clefable\n|move|p2a: Toxapex|Toxic Spikes|p1a: Clefable\n|-sidestart|p1: Bulky Ben|move: Toxic Spikes\n|\n|upkeep\n|turn|33\n|c|\u2606Iknowmyabc'slol|!dt kee berry\n|raw|<ul class=\"utilichart\"><li class=\"result\"><span class=\"col itemiconcol\"><psicon item=\"keeberry\"><\/span> <span class=\"col namecol\"><a href=\"https:\/\/dex.pokemonshowdown.com\/items\/keeberry\">Kee Berry<\/a><\/span> <span class=\"col itemdesccol\">Raises holder's Defense by 1 stage after it is hit by a physical attack. Single use.<\/span> <\/li><li style=\"clear:both\"><\/li><\/ul>\n|raw|<font size=\"1\"><font color=\"#686868\">Gen:<\/font> 6&nbsp;|&ThickSpace;<font color=\"#686868\">Fling Base Power:<\/font> 10&nbsp;|&ThickSpace;<font color=\"#686868\">Fling Effect:<\/font> Activates the Berry's effect on the target.&nbsp;|&ThickSpace;<font color=\"#686868\">Natural Gift Type:<\/font> Fairy&nbsp;|&ThickSpace;<font color=\"#686868\">Natural Gift Base Power:<\/font> 100<\/font>\n\n|\n|t:|1699147519\n|switch|p1a: Zacian|Zacian-Crowned|100\/100\n|-ability|p1a: Zacian|Intrepid Sword|boost\n|-boost|p1a: Zacian|atk|1\n|move|p2a: Toxapex|Haze|p2a: Toxapex\n|-clearallboost\n|\n|upkeep\n|turn|34\n|inactive|Bulky Ben has 120 seconds left.\n|\n|t:|1699147535\n|move|p2a: Toxapex|Baneful Bunker|p2a: Toxapex\n|-singleturn|p2a: Toxapex|move: Protect\n|move|p1a: Zacian|Swords Dance|p1a: Zacian\n|-boost|p1a: Zacian|atk|2\n|\n|upkeep\n|turn|35\n|\n|t:|1699147540\n|move|p1a: Zacian|Behemoth Blade|p2a: Toxapex\n|-resisted|p2a: Toxapex\n|-damage|p2a: Toxapex|31\/100\n|move|p2a: Toxapex|Haze|p2a: Toxapex\n|-clearallboost\n|\n|upkeep\n|turn|36\n|\n|t:|1699147549\n|move|p1a: Zacian|Swords Dance|p1a: Zacian\n|-boost|p1a: Zacian|atk|2\n|move|p2a: Toxapex|Recover|p2a: Toxapex\n|-heal|p2a: Toxapex|81\/100\n|\n|upkeep\n|turn|37\n|\n|t:|1699147555\n|move|p1a: Zacian|Behemoth Blade|p2a: Toxapex\n|-resisted|p2a: Toxapex\n|-damage|p2a: Toxapex|48\/100\n|move|p2a: Toxapex|Haze|p2a: Toxapex\n|-clearallboost\n|\n|upkeep\n|turn|38\n|\n|t:|1699147570\n|switch|p1a: Ting-Lu|Ting-Lu|100\/100\n|-status|p1a: Ting-Lu|tox\n|-ability|p1a: Ting-Lu|Vessel of Ruin\n|move|p2a: Toxapex|Recover|p2a: Toxapex\n|-heal|p2a: Toxapex|98\/100\n|\n|-damage|p1a: Ting-Lu|94\/100 tox|[from] psn\n|upkeep\n|turn|39\n|inactive|Bulky Ben has 120 seconds left.\n|c|\u2606Iknowmyabc'slol|!dt vessel of ruin\n|raw|<ul class=\"utilichart\"><li class=\"result\"><span class=\"col namecol\"><a href=\"https:\/\/dex.pokemonshowdown.com\/abilities\/vesselofruin\">Vessel of Ruin<\/a><\/span> <span class=\"col abilitydesccol\">Active Pokemon without this Ability have their Special Attack multiplied by 0.75.<\/span> <\/li><li style=\"clear:both\"><\/li><\/ul>\n|raw|<font size=\"1\"><font color=\"#686868\">Gen:<\/font> 9<\/font>\n\n|inactive|Bulky Ben has 90 seconds left.\n|\n|t:|1699147635\n|switch|p2a: Arceus|Arceus|35\/100\n|-damage|p2a: Arceus|23\/100|[from] Stealth Rock\n|move|p1a: Ting-Lu|Ruination|p2a: Arceus\n|-damage|p2a: Arceus|12\/100\n|\n|-heal|p1a: Ting-Lu|100\/100 tox|[from] item: Leftovers\n|-damage|p1a: Ting-Lu|88\/100 tox|[from] psn\n|upkeep\n|turn|40\n|inactive|Bulky Ben has 90 seconds left.\n|\n|t:|1699147646\n|move|p2a: Arceus|Extreme Speed|p1a: Ting-Lu\n|-damage|p1a: Ting-Lu|65\/100 tox\n|move|p1a: Ting-Lu|Payback|p2a: Arceus\n|-damage|p2a: Arceus|0 fnt\n|faint|p2a: Arceus\n|\n|-heal|p1a: Ting-Lu|71\/100 tox|[from] item: Leftovers\n|-damage|p1a: Ting-Lu|52\/100 tox|[from] psn\n|upkeep\n|\n|t:|1699147663\n|switch|p2a: Koraidon|Koraidon|100\/100\n|-damage|p2a: Koraidon|94\/100|[from] Stealth Rock\n|-weather|SunnyDay|[from] ability: Orichalcum Pulse|[of] p2a: Koraidon\n|-activate|p2a: Koraidon|Orichalcum Pulse|[source]\n|turn|41\n|inactive|Bulky Ben has 90 seconds left.\n|\n|t:|1699147684\n|switch|p1a: Flutter Mane|Flutter Mane|100\/100\n|-status|p1a: Flutter Mane|tox\n|-activate|p1a: Flutter Mane|ability: Protosynthesis\n|-start|p1a: Flutter Mane|protosynthesisspe\n|move|p2a: Koraidon|Flare Blitz|p1a: Flutter Mane\n|-damage|p1a: Flutter Mane|0 fnt\n|faint|p1a: Flutter Mane\n|-end|p1a: Flutter Mane|Protosynthesis|[silent]\n|-damage|p2a: Koraidon|70\/100|[from] Recoil\n|\n|-weather|SunnyDay|[upkeep]\n|upkeep\n|\n|t:|1699147701\n|switch|p1a: Calyrex|Calyrex-Shadow|100\/100\n|-ability|p1a: Calyrex|As One\n|-ability|p1a: Calyrex|Unnerve\n|-status|p1a: Calyrex|tox\n|turn|42\n|\n|t:|1699147710\n|move|p2a: Koraidon|Flare Blitz|p1a: Calyrex\n|-damage|p1a: Calyrex|0 fnt\n|faint|p1a: Calyrex\n|-damage|p2a: Koraidon|37\/100|[from] Recoil\n|\n|-weather|SunnyDay|[upkeep]\n|upkeep\n|\n|t:|1699147719\n|switch|p1a: Koraidon|Koraidon|100\/100\n|-status|p1a: Koraidon|tox\n|-activate|p1a: Koraidon|ability: Orichalcum Pulse\n|turn|43\n|\n|t:|1699147725\n|switch|p2a: Toxapex|Toxapex, F|100\/100\n|-damage|p2a: Toxapex|88\/100|[from] Stealth Rock\n|move|p1a: Koraidon|Scale Shot|p2a: Toxapex\n|-damage|p2a: Toxapex|78\/100\n|-damage|p2a: Toxapex|66\/100\n|-damage|p2a: Toxapex|55\/100\n|-damage|p2a: Toxapex|45\/100\n|-damage|p2a: Toxapex|33\/100\n|-hitcount|p2a: Toxapex|5\n|-unboost|p1a: Koraidon|def|1\n|-boost|p1a: Koraidon|spe|1\n|\n|-weather|SunnyDay|[upkeep]\n|-damage|p1a: Koraidon|94\/100 tox|[from] psn\n|upkeep\n|turn|44\n|inactive|Bulky Ben has 90 seconds left.\n|\n|t:|1699147744\n|move|p1a: Koraidon|Scale Shot|p2a: Toxapex\n|-damage|p2a: Toxapex|22\/100\n|-damage|p2a: Toxapex|10\/100\n|-damage|p2a: Toxapex|0 fnt\n|faint|p2a: Toxapex\n|-hitcount|p2: Toxapex|3\n|-unboost|p1a: Koraidon|def|1\n|-boost|p1a: Koraidon|spe|1\n|\n|-weather|SunnyDay|[upkeep]\n|-damage|p1a: Koraidon|82\/100 tox|[from] psn\n|upkeep\n|\n|t:|1699147755\n|switch|p2a: Arceus|Arceus-Fairy|100\/100\n|-damage|p2a: Arceus|88\/100|[from] Stealth Rock\n|turn|45\n|\n|t:|1699147764\n|move|p1a: Koraidon|Flare Blitz|p2a: Arceus\n|-damage|p2a: Arceus|39\/100\n|-damage|p1a: Koraidon|61\/100 tox|[from] Recoil\n|move|p2a: Arceus|Will-O-Wisp||[still]\n|-fail|p2a: Arceus\n|\n|-weather|none\n|-damage|p1a: Koraidon|43\/100 tox|[from] psn\n|upkeep\n|turn|46\n|\n|t:|1699147777\n|move|p1a: Koraidon|Flare Blitz|p2a: Arceus\n|-crit|p2a: Arceus\n|-damage|p2a: Arceus|2\/100\n|-damage|p1a: Koraidon|27\/100 tox|[from] Recoil\n|move|p2a: Arceus|Recover|p2a: Arceus\n|-heal|p2a: Arceus|52\/100\n|\n|-damage|p1a: Koraidon|2\/100 tox|[from] psn\n|upkeep\n|turn|47\n|c|\u2606Iknowmyabc'slol|lol\n|\n|t:|1699147790\n|move|p1a: Koraidon|Flare Blitz|p2a: Arceus\n|-damage|p2a: Arceus|29\/100\n|-damage|p1a: Koraidon|0 fnt|[from] Recoil\n|faint|p1a: Koraidon\n|move|p2a: Arceus|Recover|p2a: Arceus\n|-heal|p2a: Arceus|79\/100\n|\n|upkeep\n|\n|t:|1699147804\n|switch|p1a: Zacian|Zacian-Crowned|100\/100\n|turn|48\n|\n|t:|1699147819\n|move|p1a: Zacian|Behemoth Blade|p2a: Arceus\n|-supereffective|p2a: Arceus\n|-damage|p2a: Arceus|17\/100\n|move|p2a: Arceus|Will-O-Wisp|p1a: Zacian\n|-status|p1a: Zacian|brn\n|\n|-damage|p1a: Zacian|94\/100 brn|[from] brn\n|upkeep\n|turn|49\n|\n|t:|1699147832\n|move|p1a: Zacian|Swords Dance|p1a: Zacian\n|-boost|p1a: Zacian|atk|2\n|move|p2a: Arceus|Recover|p2a: Arceus\n|-heal|p2a: Arceus|67\/100\n|\n|-damage|p1a: Zacian|88\/100 brn|[from] brn\n|upkeep\n|turn|50\n|inactive|Bulky Ben has 120 seconds left.\n|\n|t:|1699147840\n|move|p1a: Zacian|Behemoth Blade|p2a: Arceus\n|-supereffective|p2a: Arceus\n|-damage|p2a: Arceus|7\/100\n|move|p2a: Arceus|Taunt|p1a: Zacian\n|-start|p1a: Zacian|move: Taunt\n|\n|-damage|p1a: Zacian|82\/100 brn|[from] brn\n|upkeep\n|turn|51\n|\n|t:|1699147848\n|move|p1a: Zacian|Play Rough|p2a: Arceus\n|-damage|p2a: Arceus|0 fnt\n|faint|p2a: Arceus\n|\n|-damage|p1a: Zacian|76\/100 brn|[from] brn\n|upkeep\n|\n|t:|1699147856\n|switch|p2a: Koraidon|Koraidon|37\/100\n|-damage|p2a: Koraidon|31\/100|[from] Stealth Rock\n|-weather|SunnyDay|[from] ability: Orichalcum Pulse|[of] p2a: Koraidon\n|-activate|p2a: Koraidon|Orichalcum Pulse|[source]\n|turn|52\n|\n|t:|1699147865\n|switch|p1a: Ting-Lu|Ting-Lu|52\/100 tox\n|-ability|p1a: Ting-Lu|Vessel of Ruin\n|move|p2a: Koraidon|Flare Blitz|p1a: Ting-Lu\n|-damage|p1a: Ting-Lu|4\/100 tox\n|-damage|p2a: Koraidon|6\/100|[from] Recoil\n|\n|-weather|SunnyDay|[upkeep]\n|-heal|p1a: Ting-Lu|10\/100 tox|[from] item: Leftovers\n|-damage|p1a: Ting-Lu|4\/100 tox|[from] psn\n|upkeep\n|turn|53\n|\n|t:|1699147878\n|move|p2a: Koraidon|Flare Blitz|p1a: Ting-Lu\n|-damage|p1a: Ting-Lu|0 fnt\n|faint|p1a: Ting-Lu\n|-damage|p2a: Koraidon|5\/100|[from] Recoil\n|\n|-weather|SunnyDay|[upkeep]\n|upkeep\n|c|\u2606Iknowmyabc'slol|lol\n|\n|t:|1699147893\n|switch|p1a: Clefable|Clefable, M, tera:Steel|84\/100\n|turn|54\n|c|\u2606Iknowmyabc'slol|*steals 4 mons*\n|c|\u2606Iknowmyabc'slol|im in team rocket\n|\n|t:|1699147910\n|move|p2a: Koraidon|Flare Blitz|p1a: Clefable\n|-supereffective|p1a: Clefable\n|-damage|p1a: Clefable|0 fnt\n|faint|p1a: Clefable\n|-damage|p2a: Koraidon|0 fnt|[from] Recoil\n|faint|p2a: Koraidon\n|\n|-weather|SunnyDay|[upkeep]\n|upkeep\n|\n|t:|1699147921\n|switch|p2a: Ting-Lu|Ting-Lu|100\/100\n|switch|p1a: Zacian|Zacian-Crowned|76\/100 brn\n|-damage|p2a: Ting-Lu|94\/100|[from] Stealth Rock\n|-ability|p2a: Ting-Lu|Vessel of Ruin\n|turn|55\n|\n|t:|1699147932\n|move|p1a: Zacian|Swords Dance|p1a: Zacian\n|-boost|p1a: Zacian|atk|2\n|move|p2a: Ting-Lu|Earthquake|p1a: Zacian\n|-supereffective|p1a: Zacian\n|-damage|p1a: Zacian|4\/100 brn\n|\n|-weather|SunnyDay|[upkeep]\n|-heal|p2a: Ting-Lu|100\/100|[from] item: Leftovers\n|-damage|p1a: Zacian|0 fnt|[from] brn\n|faint|p1a: Zacian\n|\n|win|Iknowmyabc'slol\n|upkeep\n|raw|Bulky Ben's rating: 1408 &rarr; <strong>1396<\/strong><br \/>(-12 for losing)\n|raw|Iknowmyabc&apos;slol's rating: 1558 &rarr; <strong>1570<\/strong><br \/>(+12 for winning)\n|c|\u2606Iknowmyabc'slol|gg\n|l|\u2606Bulky Ben\n","uploadtime":1699147944,"views":8,"p1id":"bulkyben","p2id":"iknowmyabcslol","formatid":"gen9anythinggoes","rating":1396,"private":0,"password":""}