{"id":"gen9anythinggoes-1976183656","p1":"Penguinator7","p2":"jxjpenguin","format":"[Gen 9] Anything Goes","log":"|j|\u2606Penguinator7\n|j|\u2606jxjpenguin\n|t:|1698271358\n|gametype|singles\n|player|p1|Penguinator7|palmer|\n|player|p2|jxjpenguin|elesa|\n|teamsize|p1|6\n|teamsize|p2|6\n|gen|9\n|tier|[Gen 9] Anything Goes\n|rule|HP Percentage Mod: HP is shown in percentages\n|rule|Endless Battle Clause: Forcing endless battles is banned\n|clearpoke\n|poke|p1|Empoleon, F|\n|poke|p1|Altaria, M|\n|poke|p1|Pachirisu, M|\n|poke|p1|Amoonguss, F|\n|poke|p1|Tornadus-Therian, M|\n|poke|p1|Iron Valiant|\n|poke|p2|Samurott-Hisui, M|\n|poke|p2|Ogerpon-Hearthflame, F|\n|poke|p2|Dragapult, M|\n|poke|p2|Mudsdale, M|\n|poke|p2|Flamigo, F|\n|poke|p2|Vaporeon, F|\n|teampreview\n|inactive|Battle timer is ON: inactive players will automatically lose when time's up. (requested by Penguinator7)\n|inactiveoff|Battle timer is now OFF.\n|\n|t:|1698271396\n|start\n|switch|p1a: Ryne 6|Iron Valiant|100\/100\n|switch|p2a: Seal Goodman|Samurott-Hisui, M, shiny|100\/100\n|turn|1\n|\n|t:|1698271414\n|move|p1a: Ryne 6|Moonblast|p2a: Seal Goodman\n|-supereffective|p2a: Seal Goodman\n|-damage|p2a: Seal Goodman|0 fnt\n|faint|p2a: Seal Goodman\n|-damage|p1a: Ryne 6|91\/100|[from] item: Life Orb\n|\n|upkeep\n|\n|t:|1698271429\n|switch|p2a: NotADreamReference|Ogerpon-Hearthflame, F|100\/100\n|-ability|p2a: NotADreamReference|Mold Breaker\n|turn|2\n|\n|t:|1698271466\n|-end|p1a: Ryne 6|Quark Drive|[silent]\n|switch|p1a: Ryne 2|Altaria, M|100\/100\n|-terastallize|p2a: NotADreamReference|Fire\n|detailschange|p2a: NotADreamReference|Ogerpon-Hearthflame-Tera, F, tera:Fire\n|-ability|p2a: NotADreamReference|Embody Aspect (Hearthflame)|boost\n|-boost|p2a: NotADreamReference|atk|1\n|move|p2a: NotADreamReference|Play Rough|p1a: Ryne 2\n|-supereffective|p1a: Ryne 2\n|-damage|p1a: Ryne 2|0 fnt\n|faint|p1a: Ryne 2\n|\n|upkeep\n|\n|t:|1698271530\n|switch|p1a: Ryne 1|Empoleon, F|100\/100\n|turn|3\n|\n|t:|1698271536\n|move|p2a: NotADreamReference|Trailblaze|p1a: Ryne 1\n|-damage|p1a: Ryne 1|51\/100\n|-boost|p2a: NotADreamReference|spe|1\n|move|p1a: Ryne 1|Surf|p2a: NotADreamReference\n|-supereffective|p2a: NotADreamReference\n|-damage|p2a: NotADreamReference|0 fnt\n|faint|p2a: NotADreamReference\n|\n|upkeep\n|\n|t:|1698271572\n|switch|p2a: Just a Flamingo|Flamigo, F, shiny|100\/100\n|turn|4\n|\n|t:|1698271587\n|switch|p1a: Ryne 6|Iron Valiant|91\/100\n|move|p2a: Just a Flamingo|Close Combat|p1a: Ryne 6\n|-resisted|p1a: Ryne 6\n|-damage|p1a: Ryne 6|54\/100\n|-unboost|p2a: Just a Flamingo|def|1\n|-unboost|p2a: Just a Flamingo|spd|1\n|\n|upkeep\n|turn|5\n|\n|t:|1698271611\n|switch|p2a: DidUKnowInTermsOf|Vaporeon, F, shiny|100\/100\n|move|p1a: Ryne 6|Moonblast|p2a: DidUKnowInTermsOf\n|-damage|p2a: DidUKnowInTermsOf|50\/100\n|-damage|p1a: Ryne 6|44\/100|[from] item: Life Orb\n|\n|upkeep\n|turn|6\n|\n|t:|1698271623\n|move|p1a: Ryne 6|Energy Ball|p2a: DidUKnowInTermsOf\n|-supereffective|p2a: DidUKnowInTermsOf\n|-damage|p2a: DidUKnowInTermsOf|0 fnt\n|faint|p2a: DidUKnowInTermsOf\n|-damage|p1a: Ryne 6|35\/100|[from] item: Life Orb\n|\n|upkeep\n|\n|t:|1698271629\n|switch|p2a: Just a Flamingo|Flamigo, F, shiny|100\/100\n|turn|7\n|\n|t:|1698271650\n|-end|p1a: Ryne 6|Quark Drive|[silent]\n|switch|p1a: Ryne 3|Pachirisu, M|100\/100\n|move|p2a: Just a Flamingo|Close Combat|p1a: Ryne 3\n|-damage|p1a: Ryne 3|6\/100\n|-unboost|p2a: Just a Flamingo|def|1\n|-unboost|p2a: Just a Flamingo|spd|1\n|\n|upkeep\n|turn|8\n|\n|t:|1698271661\n|switch|p1a: Ryne 5|Tornadus-Therian, M|100\/100\n|move|p2a: Just a Flamingo|U-turn|p1a: Ryne 5\n|-resisted|p1a: Ryne 5\n|-crit|p1a: Ryne 5\n|-damage|p1a: Ryne 5|73\/100\n|\n|t:|1698271668\n|switch|p2a: Getting Milk|Dragapult, M, shiny|100\/100|[from] U-turn\n|\n|upkeep\n|turn|9\n|\n|t:|1698271687\n|move|p1a: Ryne 5|Knock Off|p2a: Getting Milk\n|-supereffective|p2a: Getting Milk\n|-damage|p2a: Getting Milk|44\/100\n|-enditem|p2a: Getting Milk|Focus Sash|[from] move: Knock Off|[of] p1a: Ryne 5\n|move|p2a: Getting Milk|Psychic Fangs|p1a: Ryne 5\n|-damage|p1a: Ryne 5|25\/100\n|\n|upkeep\n|turn|10\n|j| dancingnightmare\n|\n|t:|1698271697\n|switch|p2a: Samuel L. Jackson|Mudsdale, M, shiny|100\/100\n|move|p1a: Ryne 5|Knock Off|p2a: Samuel L. Jackson\n|-damage|p2a: Samuel L. Jackson|81\/100\n|-ability|p2a: Samuel L. Jackson|Stamina|boost\n|-boost|p2a: Samuel L. Jackson|def|1\n|-enditem|p2a: Samuel L. Jackson|Assault Vest|[from] move: Knock Off|[of] p1a: Ryne 5\n|\n|upkeep\n|turn|11\n|\n|t:|1698271706\n|switch|p1a: Ryne 4|Amoonguss, F|100\/100\n|move|p2a: Samuel L. Jackson|Rock Slide|p1a: Ryne 4\n|-damage|p1a: Ryne 4|69\/100\n|\n|-heal|p1a: Ryne 4|75\/100|[from] item: Black Sludge\n|upkeep\n|turn|12\n|\n|t:|1698271715\n|switch|p2a: Just a Flamingo|Flamigo, F, shiny|100\/100\n|move|p1a: Ryne 4|Spore|p2a: Just a Flamingo\n|-status|p2a: Just a Flamingo|slp|[from] move: Spore\n|\n|-heal|p1a: Ryne 4|82\/100|[from] item: Black Sludge\n|upkeep\n|turn|13\n|\n|t:|1698271726\n|switch|p2a: Samuel L. Jackson|Mudsdale, M, shiny|81\/100\n|move|p1a: Ryne 4|Foul Play|p2a: Samuel L. Jackson\n|-damage|p2a: Samuel L. Jackson|51\/100\n|-ability|p2a: Samuel L. Jackson|Stamina|boost\n|-boost|p2a: Samuel L. Jackson|def|1\n|\n|-heal|p1a: Ryne 4|88\/100|[from] item: Black Sludge\n|upkeep\n|turn|14\n|\n|t:|1698271735\n|move|p1a: Ryne 4|Giga Drain|p2a: Samuel L. Jackson\n|-supereffective|p2a: Samuel L. Jackson\n|-damage|p2a: Samuel L. Jackson|3\/100\n|-heal|p1a: Ryne 4|100\/100|[from] drain|[of] p2a: Samuel L. Jackson\n|-ability|p2a: Samuel L. Jackson|Stamina|boost\n|-boost|p2a: Samuel L. Jackson|def|1\n|move|p2a: Samuel L. Jackson|Body Press|p1a: Ryne 4\n|-resisted|p1a: Ryne 4\n|-damage|p1a: Ryne 4|81\/100\n|\n|-heal|p1a: Ryne 4|87\/100|[from] item: Black Sludge\n|upkeep\n|turn|15\n|\n|t:|1698271745\n|switch|p2a: Getting Milk|Dragapult, M, shiny|44\/100\n|move|p1a: Ryne 4|Giga Drain|p2a: Getting Milk\n|-resisted|p2a: Getting Milk\n|-damage|p2a: Getting Milk|29\/100\n|-heal|p1a: Ryne 4|93\/100|[from] drain|[of] p2a: Getting Milk\n|\n|-heal|p1a: Ryne 4|99\/100|[from] item: Black Sludge\n|upkeep\n|turn|16\n|\n|t:|1698271757\n|move|p2a: Getting Milk|Psychic Fangs|p1a: Ryne 4\n|-supereffective|p1a: Ryne 4\n|-damage|p1a: Ryne 4|29\/100\n|move|p1a: Ryne 4|Foul Play|p2a: Getting Milk\n|-supereffective|p2a: Getting Milk\n|-damage|p2a: Getting Milk|0 fnt\n|faint|p2a: Getting Milk\n|\n|-heal|p1a: Ryne 4|35\/100|[from] item: Black Sludge\n|upkeep\n|\n|t:|1698271768\n|switch|p2a: Samuel L. Jackson|Mudsdale, M, shiny|3\/100\n|turn|17\n|\n|t:|1698271774\n|move|p1a: Ryne 4|Giga Drain|p2a: Samuel L. Jackson\n|-supereffective|p2a: Samuel L. Jackson\n|-damage|p2a: Samuel L. Jackson|0 fnt\n|-heal|p1a: Ryne 4|36\/100|[from] drain|[of] p2a: Samuel L. Jackson\n|faint|p2a: Samuel L. Jackson\n|\n|-heal|p1a: Ryne 4|43\/100|[from] item: Black Sludge\n|upkeep\n|\n|t:|1698271780\n|switch|p2a: Just a Flamingo|Flamigo, F, shiny|100\/100 slp\n|turn|18\n|\n|t:|1698271783\n|switch|p1a: Ryne 6|Iron Valiant|35\/100\n|cant|p2a: Just a Flamingo|slp\n|\n|upkeep\n|turn|19\n|\n|t:|1698271789\n|move|p1a: Ryne 6|Moonblast|p2a: Just a Flamingo\n|-supereffective|p2a: Just a Flamingo\n|-damage|p2a: Just a Flamingo|0 fnt\n|faint|p2a: Just a Flamingo\n|-damage|p1a: Ryne 6|25\/100|[from] item: Life Orb\n|\n|win|Penguinator7\n|c|\u2606Penguinator7|ggs\n|c|\u2606jxjpenguin|gg\n","uploadtime":1698271801,"views":13,"p1id":"penguinator7","p2id":"jxjpenguin","formatid":"gen9anythinggoes","rating":0,"private":0,"password":""}