{"id":"gen9anythinggoes-2000200603","p1":"Will Of Hope","p2":"dgzdr","format":"[Gen 9] Anything Goes","log":"|j|\u2606Will Of Hope\n|j|\u2606dgzdr\n|t:|1701171214\n|gametype|singles\n|player|p1|Will Of Hope|steven|1262\n|player|p2|dgzdr|az|1318\n|teamsize|p1|6\n|teamsize|p2|6\n|gen|9\n|tier|[Gen 9] Anything Goes\n|rated|\n|rule|HP Percentage Mod: HP is shown in percentages\n|rule|Endless Battle Clause: Forcing endless battles is banned\n|clearpoke\n|poke|p1|Ninetales-Alola, F|\n|poke|p1|Calyrex-Shadow|\n|poke|p1|Palafin, F|\n|poke|p1|Roaring Moon|\n|poke|p1|Koraidon|\n|poke|p1|Zacian-*|\n|poke|p2|Drifblim, M|\n|poke|p2|Braviary-Hisui, M|\n|poke|p2|Hatterene, F|\n|poke|p2|Ditto|\n|poke|p2|Clefable, F|\n|poke|p2|Wigglytuff, M|\n|teampreview\n|\n|t:|1701171229\n|start\n|switch|p1a: Calyrex|Calyrex-Shadow|100\/100\n|switch|p2a: im unhitable|Drifblim, M|100\/100\n|-ability|p1a: Calyrex|As One\n|-ability|p1a: Calyrex|Unnerve\n|turn|1\n|\n|t:|1701171239\n|move|p1a: Calyrex|Substitute|p1a: Calyrex\n|-start|p1a: Calyrex|Substitute\n|-damage|p1a: Calyrex|76\/100\n|move|p2a: im unhitable|Minimize|p2a: im unhitable\n|-boost|p2a: im unhitable|evasion|2\n|\n|upkeep\n|turn|2\n|\n|t:|1701171243\n|move|p1a: Calyrex|Astral Barrage|p2a: im unhitable\n|-supereffective|p2a: im unhitable\n|-enditem|p2a: im unhitable|Focus Sash\n|-damage|p2a: im unhitable|1\/100\n|-damage|p1a: Calyrex|66\/100|[from] item: Life Orb\n|move|p2a: im unhitable|Minimize|p2a: im unhitable\n|-boost|p2a: im unhitable|evasion|2\n|\n|upkeep\n|turn|3\n|\n|t:|1701171250\n|move|p2a: im unhitable|Baton Pass|p2a: im unhitable\n|\n|t:|1701171252\n|switch|p2a: im tank|Clefable, F|100\/100|[from] Baton Pass\n|move|p1a: Calyrex|Draining Kiss|p2a: im tank\n|-damage|p2a: im tank|81\/100\n|-heal|p1a: Calyrex|82\/100|[from] drain|[of] p2a: im tank\n|-damage|p1a: Calyrex|72\/100|[from] item: Life Orb\n|\n|-heal|p2a: im tank|88\/100|[from] item: Leftovers\n|upkeep\n|turn|4\n|\n|t:|1701171256\n|move|p2a: im tank|Protect|p2a: im tank\n|-singleturn|p2a: im tank|Protect\n|move|p1a: Calyrex|Astral Barrage|p2a: im tank\n|-activate|p2a: im tank|move: Protect\n|\n|-heal|p2a: im tank|94\/100|[from] item: Leftovers\n|upkeep\n|turn|5\n|c|\u2606Will Of Hope|peak degenaracy\n|\n|t:|1701171272\n|move|p1a: Calyrex|Astral Barrage|p2a: im tank|[miss]\n|-miss|p1a: Calyrex|p2a: im tank\n|move|p2a: im tank|Cosmic Power|p2a: im tank\n|-boost|p2a: im tank|def|1\n|-boost|p2a: im tank|spd|1\n|\n|-heal|p2a: im tank|99\/100|[from] item: Leftovers\n|upkeep\n|turn|6\n|c|\u2606Will Of Hope|learn to use better strats\n|\n|t:|1701171277\n|move|p1a: Calyrex|Astral Barrage|p2a: im tank|[miss]\n|-miss|p1a: Calyrex|p2a: im tank\n|move|p2a: im tank|Substitute|p2a: im tank\n|-start|p2a: im tank|Substitute\n|-damage|p2a: im tank|75\/100\n|\n|-heal|p2a: im tank|81\/100|[from] item: Leftovers\n|upkeep\n|turn|7\n|c|\u2606Will Of Hope|oh wait, u cant\n|c|\u2606dgzdr|nah im fine with this man\n|\n|t:|1701171296\n|move|p1a: Calyrex|Astral Barrage|p2a: im tank|[miss]\n|-miss|p1a: Calyrex|p2a: im tank\n|move|p2a: im tank|Cosmic Power|p2a: im tank\n|-boost|p2a: im tank|def|1\n|-boost|p2a: im tank|spd|1\n|\n|-heal|p2a: im tank|87\/100|[from] item: Leftovers\n|upkeep\n|turn|8\n|\n|t:|1701171306\n|move|p1a: Calyrex|Astral Barrage|p2a: im tank|[miss]\n|-miss|p1a: Calyrex|p2a: im tank\n|move|p2a: im tank|Cosmic Power|p2a: im tank\n|-boost|p2a: im tank|def|1\n|-boost|p2a: im tank|spd|1\n|\n|-heal|p2a: im tank|93\/100|[from] item: Leftovers\n|upkeep\n|turn|9\n|c|\u2606Will Of Hope|yeah u would be degenarate\n|c|\u2606dgzdr|there isnt a necesity to lear new strats\n|c|\u2606Will Of Hope|u cant play and become successful\n|c|\u2606Will Of Hope|just by this\n|-message|Will Of Hope forfeited.\n|\n|win|dgzdr\n|raw|Will Of Hope's rating: 1262 &rarr; <strong>1241<\/strong><br \/>(-21 for losing)\n|raw|dgzdr's rating: 1318 &rarr; <strong>1335<\/strong><br \/>(+17 for winning)\n|l|\u2606Will Of Hope\n|c|\u2606dgzdr|if that makes you sleep better its ok\n","uploadtime":1701173400,"views":0,"p1id":"willofhope","p2id":"dgzdr","formatid":"gen9anythinggoes","rating":1241,"private":0,"password":""}