{"id":"gen9anythinggoes-1986808411","p1":"lianyunbai","p2":"eavo","format":"[Gen 9] Anything Goes","log":"|j|\u2606lianyunbai\n|j|\u2606eavo\n|t:|1699528340\n|gametype|singles\n|player|p1|lianyunbai|elesa|1643\n|player|p2|eavo|erika-gen2|1798\n|teamsize|p1|6\n|teamsize|p2|6\n|gen|9\n|tier|[Gen 9] Anything Goes\n|rated|\n|rule|HP Percentage Mod: HP is shown in percentages\n|rule|Endless Battle Clause: Forcing endless battles is banned\n|clearpoke\n|poke|p1|Calyrex-Shadow|\n|poke|p1|Miraidon|\n|poke|p1|Koraidon|\n|poke|p1|Arceus|\n|poke|p1|Ting-Lu|\n|poke|p1|Eternatus|\n|poke|p2|Kingambit, F|\n|poke|p2|Ting-Lu|\n|poke|p2|Eternatus|\n|poke|p2|Calyrex-Shadow|\n|poke|p2|Landorus-Therian, M|\n|poke|p2|Koraidon|\n|teampreview\n|inactive|Battle timer is ON: inactive players will automatically lose when time's up. (requested by lianyunbai)\n|inactive|eavo also wants the timer to be on.\n|j| typinggod\n|\n|t:|1699528360\n|start\n|switch|p1a: Koraidon|Koraidon|100\/100\n|switch|p2a: In The Clouds|Landorus-Therian, M, shiny|100\/100\n|-weather|SunnyDay|[from] ability: Orichalcum Pulse|[of] p1a: Koraidon\n|-activate|p1a: Koraidon|Orichalcum Pulse|[source]\n|-ability|p2a: In The Clouds|Intimidate|boost\n|-unboost|p1a: Koraidon|atk|1\n|turn|1\n|c|\u2606eavo|big lando\n|\n|t:|1699528379\n|switch|p1a: Ting-Lu|Ting-Lu|100\/100\n|-ability|p1a: Ting-Lu|Vessel of Ruin\n|move|p2a: In The Clouds|Stealth Rock|p1a: Ting-Lu\n|-sidestart|p1: lianyunbai|move: Stealth Rock\n|\n|-weather|SunnyDay|[upkeep]\n|upkeep\n|turn|2\n|\n|t:|1699528388\n|move|p2a: In The Clouds|Taunt|p1a: Ting-Lu\n|-start|p1a: Ting-Lu|move: Taunt\n|cant|p1a: Ting-Lu|move: Taunt|Stealth Rock\n|\n|-weather|SunnyDay|[upkeep]\n|upkeep\n|turn|3\n|\n|t:|1699528391\n|move|p2a: In The Clouds|U-turn|p1a: Ting-Lu\n|-supereffective|p1a: Ting-Lu\n|-damage|p1a: Ting-Lu|78\/100\n|\n|t:|1699528398\n|switch|p2a: Featured Today|Koraidon|100\/100|[from] U-turn\n|-activate|p2a: Featured Today|ability: Orichalcum Pulse\n|move|p1a: Ting-Lu|Throat Chop|p2a: Featured Today\n|-resisted|p2a: Featured Today\n|-damage|p2a: Featured Today|89\/100\n|-start|p2a: Featured Today|Throat Chop|[silent]\n|\n|-weather|SunnyDay|[upkeep]\n|-heal|p1a: Ting-Lu|84\/100|[from] item: Leftovers\n|upkeep\n|turn|4\n|\n|t:|1699528410\n|switch|p1a: Calyrex|Calyrex-Shadow|100\/100\n|-ability|p1a: Calyrex|As One\n|-ability|p1a: Calyrex|Unnerve\n|move|p2a: Featured Today|Low Kick|p1a: Calyrex\n|-immune|p1a: Calyrex\n|\n|-weather|SunnyDay|[upkeep]\n|-end|p2a: Featured Today|Throat Chop|[silent]\n|upkeep\n|turn|5\n|\n|t:|1699528420\n|switch|p2a: The Botez Gambit|Kingambit, F, shiny|100\/100\n|move|p1a: Calyrex|Nasty Plot|p1a: Calyrex\n|-boost|p1a: Calyrex|spa|2\n|\n|-weather|none\n|upkeep\n|turn|6\n|\n|t:|1699528424\n|-terastallize|p1a: Calyrex|Fighting\n|move|p1a: Calyrex|Substitute|p1a: Calyrex\n|-start|p1a: Calyrex|Substitute\n|-damage|p1a: Calyrex|76\/100\n|move|p2a: The Botez Gambit|Kowtow Cleave|p1a: Calyrex\n|-resisted|p1a: Calyrex\n|-end|p1a: Calyrex|Substitute\n|\n|upkeep\n|turn|7\n|c|\u2606eavo|bro\n|\n|t:|1699528443\n|-end|p2a: The Botez Gambit|fallenundefined|[silent]\n|switch|p2a: The Dark Horse|Calyrex-Shadow|100\/100\n|-ability|p2a: The Dark Horse|As One\n|-ability|p2a: The Dark Horse|Unnerve\n|move|p1a: Calyrex|Tera Blast|p2a: The Dark Horse|[anim] Tera Blast Fighting\n|-immune|p2a: The Dark Horse\n|\n|upkeep\n|turn|8\n|\n|t:|1699528445\n|move|p1a: Calyrex|Astral Barrage|p2a: The Dark Horse\n|-supereffective|p2a: The Dark Horse\n|-damage|p2a: The Dark Horse|0 fnt\n|faint|p2a: The Dark Horse\n|-ability|p1a: Calyrex|Grim Neigh|boost\n|-boost|p1a: Calyrex|spa|1\n|\n|upkeep\n|\n|t:|1699528447\n|switch|p2a: Featured Today|Koraidon|89\/100\n|-weather|SunnyDay|[from] ability: Orichalcum Pulse|[of] p2a: Featured Today\n|-activate|p2a: Featured Today|Orichalcum Pulse|[source]\n|turn|9\n|\n|t:|1699528451\n|move|p2a: Featured Today|Flare Blitz|p1a: Calyrex\n|-damage|p1a: Calyrex|0 fnt\n|faint|p1a: Calyrex\n|-damage|p2a: Featured Today|66\/100|[from] Recoil\n|\n|-weather|SunnyDay|[upkeep]\n|upkeep\n|\n|t:|1699528455\n|switch|p1a: Eternatus|Eternatus|100\/100\n|-damage|p1a: Eternatus|88\/100|[from] Stealth Rock\n|-ability|p1a: Eternatus|Pressure\n|turn|10\n|\n|t:|1699528462\n|switch|p2a: Desert Anchor|Ting-Lu|100\/100\n|-ability|p2a: Desert Anchor|Vessel of Ruin\n|move|p1a: Eternatus|Toxic Spikes|p2a: Desert Anchor\n|-sidestart|p2: eavo|move: Toxic Spikes\n|\n|-weather|SunnyDay|[upkeep]\n|-heal|p1a: Eternatus|94\/100|[from] item: Leftovers\n|upkeep\n|turn|11\n|\n|t:|1699528466\n|move|p1a: Eternatus|Toxic Spikes|p2a: Desert Anchor\n|-sidestart|p2: eavo|move: Toxic Spikes\n|move|p2a: Desert Anchor|Earthquake|p1a: Eternatus\n|-supereffective|p1a: Eternatus\n|-damage|p1a: Eternatus|55\/100\n|\n|-weather|SunnyDay|[upkeep]\n|-heal|p1a: Eternatus|61\/100|[from] item: Leftovers\n|upkeep\n|turn|12\n|\n|t:|1699528471\n|move|p1a: Eternatus|Dynamax Cannon|p2a: Desert Anchor\n|-damage|p2a: Desert Anchor|81\/100\n|move|p2a: Desert Anchor|Spikes|p1a: Eternatus\n|-sidestart|p1: lianyunbai|Spikes\n|\n|-weather|SunnyDay|[upkeep]\n|-heal|p1a: Eternatus|67\/100|[from] item: Leftovers\n|-heal|p2a: Desert Anchor|87\/100|[from] item: Leftovers\n|upkeep\n|turn|13\n|\n|t:|1699528475\n|switch|p1a: Koraidon|Koraidon|100\/100\n|-damage|p1a: Koraidon|94\/100|[from] Stealth Rock\n|-damage|p1a: Koraidon|82\/100|[from] Spikes\n|-activate|p1a: Koraidon|ability: Orichalcum Pulse\n|move|p2a: Desert Anchor|Spikes|p1a: Koraidon\n|-sidestart|p1: lianyunbai|Spikes\n|\n|-weather|none\n|-heal|p2a: Desert Anchor|93\/100|[from] item: Leftovers\n|upkeep\n|turn|14\n|\n|t:|1699528482\n|switch|p2a: In The Clouds|Landorus-Therian, M, shiny|100\/100\n|-ability|p2a: In The Clouds|Intimidate|boost\n|-unboost|p1a: Koraidon|atk|1\n|move|p1a: Koraidon|Swords Dance|p1a: Koraidon\n|-boost|p1a: Koraidon|atk|2\n|\n|upkeep\n|turn|15\n|\n|t:|1699528487\n|move|p1a: Koraidon|Scale Shot|p2a: In The Clouds\n|-damage|p2a: In The Clouds|87\/100\n|-damage|p2a: In The Clouds|73\/100\n|-damage|p2a: In The Clouds|59\/100\n|-damage|p2a: In The Clouds|44\/100\n|-damage|p2a: In The Clouds|30\/100\n|-hitcount|p2a: In The Clouds|5\n|-unboost|p1a: Koraidon|def|1\n|-boost|p1a: Koraidon|spe|1\n|move|p2a: In The Clouds|Earthquake|p1a: Koraidon\n|-damage|p1a: Koraidon|22\/100\n|\n|upkeep\n|turn|16\n|\n|t:|1699528495\n|-terastallize|p2a: In The Clouds|Fairy\n|move|p1a: Koraidon|Collision Course|p2a: In The Clouds\n|-resisted|p2a: In The Clouds\n|-damage|p2a: In The Clouds|3\/100\n|-damage|p1a: Koraidon|5\/100|[from] item: Rocky Helmet|[of] p2a: In The Clouds\n|move|p2a: In The Clouds|Earthquake|p1a: Koraidon\n|-damage|p1a: Koraidon|0 fnt\n|faint|p1a: Koraidon\n|\n|upkeep\n|\n|t:|1699528505\n|switch|p1a: Miraidon|Miraidon|100\/100\n|-damage|p1a: Miraidon|88\/100|[from] Stealth Rock\n|-damage|p1a: Miraidon|72\/100|[from] Spikes\n|-fieldstart|move: Electric Terrain|[from] ability: Hadron Engine|[of] p1a: Miraidon\n|turn|17\n|\n|t:|1699528519\n|move|p1a: Miraidon|Volt Switch|p2a: In The Clouds\n|-damage|p2a: In The Clouds|0 fnt\n|faint|p2a: In The Clouds\n|j| laprasplayer\n|\n|t:|1699528525\n|switch|p1a: Ting-Lu|Ting-Lu|84\/100|[from] Volt Switch\n|-damage|p1a: Ting-Lu|78\/100|[from] Stealth Rock\n|-damage|p1a: Ting-Lu|61\/100|[from] Spikes\n|-ability|p1a: Ting-Lu|Vessel of Ruin\n|\n|-heal|p1a: Ting-Lu|68\/100|[from] item: Leftovers\n|upkeep\n|j| ZowwyCafe\u2764\n|\n|t:|1699528529\n|switch|p2a: Eternal Suffering|Eternatus, shiny|100\/100\n|-sideend|p2: eavo|move: Toxic Spikes|[of] p2a: Eternal Suffering\n|-ability|p2a: Eternal Suffering|Pressure\n|turn|18\n|\n|t:|1699528532\n|switch|p2a: Featured Today|Koraidon|66\/100\n|-weather|SunnyDay|[from] ability: Orichalcum Pulse|[of] p2a: Featured Today\n|-activate|p2a: Featured Today|Orichalcum Pulse|[source]\n|move|p1a: Ting-Lu|Stealth Rock|p2a: Featured Today\n|-sidestart|p2: eavo|move: Stealth Rock\n|\n|-weather|SunnyDay|[upkeep]\n|-heal|p1a: Ting-Lu|74\/100|[from] item: Leftovers\n|upkeep\n|turn|19\n|\n|t:|1699528542\n|switch|p1a: Eternatus|Eternatus|67\/100\n|-damage|p1a: Eternatus|55\/100|[from] Stealth Rock\n|-damage|p1a: Eternatus|38\/100|[from] Spikes\n|-ability|p1a: Eternatus|Pressure\n|move|p2a: Featured Today|Low Kick|p1a: Eternatus\n|-resisted|p1a: Eternatus\n|-damage|p1a: Eternatus|15\/100\n|\n|-weather|SunnyDay|[upkeep]\n|-heal|p1a: Eternatus|21\/100|[from] item: Leftovers\n|upkeep\n|turn|20\n|\n|t:|1699528549\n|move|p2a: Featured Today|Low Kick|p1a: Eternatus\n|-resisted|p1a: Eternatus\n|-damage|p1a: Eternatus|0 fnt\n|faint|p1a: Eternatus\n|\n|-weather|SunnyDay|[upkeep]\n|upkeep\n|\n|t:|1699528555\n|switch|p1a: Miraidon|Miraidon|72\/100\n|-damage|p1a: Miraidon|59\/100|[from] Stealth Rock\n|-damage|p1a: Miraidon|43\/100|[from] Spikes\n|-activate|p1a: Miraidon|ability: Hadron Engine\n|turn|21\n|\n|t:|1699528559\n|switch|p2a: Desert Anchor|Ting-Lu|93\/100\n|-damage|p2a: Desert Anchor|87\/100|[from] Stealth Rock\n|-ability|p2a: Desert Anchor|Vessel of Ruin\n|move|p1a: Miraidon|Draco Meteor|p2a: Desert Anchor\n|-damage|p2a: Desert Anchor|48\/100\n|-unboost|p1a: Miraidon|spa|2\n|\n|-weather|SunnyDay|[upkeep]\n|-heal|p2a: Desert Anchor|54\/100|[from] item: Leftovers\n|-fieldend|move: Electric Terrain\n|upkeep\n|turn|22\n|\n|t:|1699528565\n|switch|p1a: Ting-Lu|Ting-Lu|74\/100\n|-damage|p1a: Ting-Lu|68\/100|[from] Stealth Rock\n|-damage|p1a: Ting-Lu|51\/100|[from] Spikes\n|-ability|p1a: Ting-Lu|Vessel of Ruin\n|move|p2a: Desert Anchor|Whirlwind|p1a: Ting-Lu\n|drag|p1a: Arceus|Arceus|100\/100\n|-damage|p1a: Arceus|88\/100|[from] Stealth Rock\n|-damage|p1a: Arceus|71\/100|[from] Spikes\n|\n|-weather|none\n|-heal|p2a: Desert Anchor|60\/100|[from] item: Leftovers\n|upkeep\n|turn|23\n|\n|t:|1699528571\n|move|p1a: Arceus|Recover|p1a: Arceus\n|-heal|p1a: Arceus|100\/100\n|move|p2a: Desert Anchor|Whirlwind|p1a: Arceus\n|drag|p1a: Ting-Lu|Ting-Lu|51\/100\n|-damage|p1a: Ting-Lu|45\/100|[from] Stealth Rock\n|-damage|p1a: Ting-Lu|28\/100|[from] Spikes\n|-ability|p1a: Ting-Lu|Vessel of Ruin\n|\n|-heal|p1a: Ting-Lu|35\/100|[from] item: Leftovers\n|-heal|p2a: Desert Anchor|66\/100|[from] item: Leftovers\n|upkeep\n|turn|24\n|\n|t:|1699528579\n|move|p1a: Ting-Lu|Throat Chop|p2a: Desert Anchor\n|-resisted|p2a: Desert Anchor\n|-damage|p2a: Desert Anchor|58\/100\n|-start|p2a: Desert Anchor|Throat Chop|[silent]\n|move|p2a: Desert Anchor|Whirlwind|p1a: Ting-Lu\n|drag|p1a: Miraidon|Miraidon|43\/100\n|-damage|p1a: Miraidon|31\/100|[from] Stealth Rock\n|-damage|p1a: Miraidon|14\/100|[from] Spikes\n|-fieldstart|move: Electric Terrain|[from] ability: Hadron Engine|[of] p1a: Miraidon\n|\n|-heal|p2a: Desert Anchor|64\/100|[from] item: Leftovers\n|upkeep\n|turn|25\n|\n|t:|1699528582\n|move|p1a: Miraidon|Overheat|p2a: Desert Anchor\n|-damage|p2a: Desert Anchor|40\/100\n|-unboost|p1a: Miraidon|spa|2\n|move|p2a: Desert Anchor|Spikes|p1a: Miraidon\n|-sidestart|p1: lianyunbai|Spikes\n|\n|-heal|p2a: Desert Anchor|47\/100|[from] item: Leftovers\n|-end|p2a: Desert Anchor|Throat Chop|[silent]\n|upkeep\n|turn|26\n|\n|t:|1699528596\n|move|p1a: Miraidon|Overheat|p2a: Desert Anchor\n|-damage|p2a: Desert Anchor|34\/100\n|-unboost|p1a: Miraidon|spa|2\n|move|p2a: Desert Anchor|Ruination|p1a: Miraidon\n|-damage|p1a: Miraidon|8\/100\n|\n|-heal|p2a: Desert Anchor|40\/100|[from] item: Leftovers\n|upkeep\n|turn|27\n|\n|t:|1699528599\n|move|p1a: Miraidon|Overheat|p2a: Desert Anchor\n|-damage|p2a: Desert Anchor|32\/100\n|-unboost|p1a: Miraidon|spa|2\n|move|p2a: Desert Anchor|Ruination|p1a: Miraidon\n|-damage|p1a: Miraidon|4\/100\n|\n|-heal|p2a: Desert Anchor|38\/100|[from] item: Leftovers\n|upkeep\n|turn|28\n|\n|t:|1699528601\n|move|p1a: Miraidon|Overheat|p2a: Desert Anchor\n|-damage|p2a: Desert Anchor|32\/100\n|move|p2a: Desert Anchor|Ruination|p1a: Miraidon\n|-damage|p1a: Miraidon|2\/100\n|\n|-heal|p2a: Desert Anchor|38\/100|[from] item: Leftovers\n|-fieldend|move: Electric Terrain\n|upkeep\n|turn|29\n|\n|t:|1699528604\n|move|p1a: Miraidon|Overheat|p2a: Desert Anchor\n|-damage|p2a: Desert Anchor|34\/100\n|move|p2a: Desert Anchor|Ruination|p1a: Miraidon\n|-damage|p1a: Miraidon|1\/100\n|\n|-heal|p2a: Desert Anchor|40\/100|[from] item: Leftovers\n|upkeep\n|turn|30\n|\n|t:|1699528606\n|switch|p2a: The Botez Gambit|Kingambit, F, shiny|100\/100\n|-damage|p2a: The Botez Gambit|94\/100|[from] Stealth Rock\n|-activate|p2a: The Botez Gambit|ability: Supreme Overlord\n|-start|p2a: The Botez Gambit|fallen2|[silent]\n|move|p1a: Miraidon|Overheat|p2a: The Botez Gambit\n|-supereffective|p2a: The Botez Gambit\n|-damage|p2a: The Botez Gambit|72\/100\n|\n|-heal|p2a: The Botez Gambit|78\/100|[from] item: Leftovers\n|upkeep\n|turn|31\n|\n|t:|1699528609\n|move|p1a: Miraidon|Overheat|p2a: The Botez Gambit\n|-supereffective|p2a: The Botez Gambit\n|-damage|p2a: The Botez Gambit|56\/100\n|move|p2a: The Botez Gambit|Swords Dance|p2a: The Botez Gambit\n|-boost|p2a: The Botez Gambit|atk|2\n|\n|-heal|p2a: The Botez Gambit|62\/100|[from] item: Leftovers\n|upkeep\n|turn|32\n|c| laprasplayer|bro really wants the kingambit win\n|\n|t:|1699528619\n|switch|p1a: Ting-Lu|Ting-Lu|35\/100\n|-damage|p1a: Ting-Lu|28\/100|[from] Stealth Rock\n|-damage|p1a: Ting-Lu|3\/100|[from] Spikes\n|-ability|p1a: Ting-Lu|Vessel of Ruin\n|move|p2a: The Botez Gambit|Low Kick|p1a: Ting-Lu\n|-supereffective|p1a: Ting-Lu\n|-damage|p1a: Ting-Lu|0 fnt\n|faint|p1a: Ting-Lu\n|\n|-heal|p2a: The Botez Gambit|68\/100|[from] item: Leftovers\n|upkeep\n|\n|t:|1699528623\n|switch|p1a: Miraidon|Miraidon|1\/100\n|-damage|p1a: Miraidon|0 fnt|[from] Stealth Rock\n|faint|p1a: Miraidon\n|c| typinggod|:SPITS:\n|\n|t:|1699528627\n|switch|p1a: Arceus|Arceus|100\/100\n|-damage|p1a: Arceus|88\/100|[from] Stealth Rock\n|-damage|p1a: Arceus|63\/100|[from] Spikes\n|turn|33\n|\n|t:|1699528631\n|move|p1a: Arceus|Extreme Speed|p2a: The Botez Gambit\n|-resisted|p2a: The Botez Gambit\n|-damage|p2a: The Botez Gambit|49\/100\n|move|p2a: The Botez Gambit|Low Kick|p1a: Arceus\n|-supereffective|p1a: Arceus\n|-damage|p1a: Arceus|0 fnt\n|faint|p1a: Arceus\n|\n|win|eavo\n|raw|lianyunbai's rating: 1643 &rarr; <strong>1631<\/strong><br \/>(-12 for losing)\n|raw|eavo's rating: 1798 &rarr; <strong>1810<\/strong><br \/>(+12 for winning)\n|l|\u2606lianyunbai\n|c|\u2606eavo|the GAMBIT\n|c| typinggod|Ladder more and peak\n|c|\u2606eavo|never\n|c|\u2606eavo|ladder makes my blood boil\n|c| typinggod|Real\n|c| ZowwyCafe\u2764|lol\n|c|\u2606eavo|that calyrex set had me worried :polistare:\n|l| ZowwyCafe\u2764\n|l| typinggod\n|j| ZowwyCafe\u2764\n|l| ZowwyCafe\u2764\n|l| laprasplayer\n|j| laprasplayer\n|n| eavox|eavo\n|l| eavox\n","uploadtime":1699528857,"views":7,"p1id":"lianyunbai","p2id":"eavo","formatid":"gen9anythinggoes","rating":1631,"private":0,"password":""}