{"id":"gen9anythinggoes-1977282194","p1":"The8Dragon","p2":"Locikittie","format":"[Gen 9] Anything Goes","log":"|j|\u2606The8Dragon\n|j|\u2606Locikittie\n|t:|1698398943\n|gametype|singles\n|player|p1|The8Dragon|pokemaniac|1159\n|player|p2|Locikittie|265|1148\n|teamsize|p1|6\n|teamsize|p2|6\n|gen|9\n|tier|[Gen 9] Anything Goes\n|rated|\n|rule|HP Percentage Mod: HP is shown in percentages\n|rule|Endless Battle Clause: Forcing endless battles is banned\n|clearpoke\n|poke|p1|Flutter Mane|\n|poke|p1|Garchomp, F|\n|poke|p1|Grimmsnarl, M|\n|poke|p1|Iron Hands|\n|poke|p1|Calyrex-Shadow|\n|poke|p1|Zacian-*|\n|poke|p2|Muk, F|\n|poke|p2|Muk, F|\n|poke|p2|Muk, M|\n|poke|p2|Muk, M|\n|poke|p2|Muk, M|\n|poke|p2|Muk, M|\n|teampreview\n|\n|t:|1698398952\n|start\n|switch|p1a: Trolled?|Grimmsnarl, M|100\/100\n|switch|p2a: Muk|Muk, M|100\/100\n|turn|1\n|c|\u2606The8Dragon|What is this team?\n|\n|t:|1698398959\n|move|p1a: Trolled?|Reflect|p1a: Trolled?\n|-sidestart|p1: The8Dragon|Reflect\n|move|p2a: Muk|Minimize|p2a: Muk\n|-boost|p2a: Muk|evasion|2\n|\n|upkeep\n|turn|2\n|\n|t:|1698398968\n|switch|p1a: Zacian|Zacian-Crowned|100\/100\n|-ability|p1a: Zacian|Intrepid Sword|boost\n|-boost|p1a: Zacian|atk|1\n|move|p2a: Muk|Minimize|p2a: Muk\n|-boost|p2a: Muk|evasion|2\n|\n|upkeep\n|turn|3\n|\n|t:|1698398977\n|move|p1a: Zacian|Swords Dance|p1a: Zacian\n|-boost|p1a: Zacian|atk|2\n|move|p2a: Muk|Minimize|p2a: Muk\n|-boost|p2a: Muk|evasion|2\n|\n|upkeep\n|turn|4\n|\n|t:|1698398983\n|move|p1a: Zacian|Behemoth Blade|p2a: Muk|[miss]\n|-miss|p1a: Zacian|p2a: Muk\n|move|p2a: Muk|Substitute|p2a: Muk\n|-start|p2a: Muk|Substitute\n|-damage|p2a: Muk|75\/100\n|\n|-heal|p2a: Muk|82\/100|[from] item: Leftovers\n|upkeep\n|turn|5\n|\n|t:|1698398991\n|move|p1a: Zacian|Behemoth Blade|p2a: Muk|[miss]\n|-miss|p1a: Zacian|p2a: Muk\n|move|p2a: Muk|Mud-Slap|p1a: Zacian\n|-supereffective|p1a: Zacian\n|-damage|p1a: Zacian|94\/100\n|-unboost|p1a: Zacian|accuracy|1\n|\n|-heal|p2a: Muk|88\/100|[from] item: Leftovers\n|upkeep\n|turn|6\n|\n|t:|1698399001\n|move|p1a: Zacian|Behemoth Blade|p2a: Muk|[miss]\n|-miss|p1a: Zacian|p2a: Muk\n|move|p2a: Muk|Mud-Slap|p1a: Zacian\n|-supereffective|p1a: Zacian\n|-damage|p1a: Zacian|88\/100\n|-unboost|p1a: Zacian|accuracy|1\n|\n|-heal|p2a: Muk|94\/100|[from] item: Leftovers\n|upkeep\n|turn|7\n|\n|t:|1698399017\n|move|p1a: Zacian|Behemoth Blade|p2a: Muk\n|-end|p2a: Muk|Substitute\n|move|p2a: Muk|Mud-Slap|p1a: Zacian\n|-supereffective|p1a: Zacian\n|-damage|p1a: Zacian|82\/100\n|-unboost|p1a: Zacian|accuracy|1\n|\n|-heal|p2a: Muk|100\/100|[from] item: Leftovers\n|upkeep\n|turn|8\n|\n|t:|1698399029\n|move|p1a: Zacian|Behemoth Blade|p2a: Muk|[miss]\n|-miss|p1a: Zacian|p2a: Muk\n|move|p2a: Muk|Shadow Punch|p1a: Zacian\n|-crit|p1a: Zacian\n|-damage|p1a: Zacian|62\/100\n|\n|-sideend|p1: The8Dragon|Reflect\n|upkeep\n|turn|9\n|\n|t:|1698399042\n|move|p1a: Zacian|Behemoth Blade|p2a: Muk|[miss]\n|-miss|p1a: Zacian|p2a: Muk\n|move|p2a: Muk|Shadow Punch|p1a: Zacian\n|-damage|p1a: Zacian|47\/100\n|\n|upkeep\n|turn|10\n|\n|t:|1698399048\n|move|p1a: Zacian|Behemoth Blade|p2a: Muk\n|-damage|p2a: Muk|0 fnt\n|faint|p2a: Muk\n|\n|upkeep\n|\n|t:|1698399055\n|switch|p2a: Muk|Muk, F|100\/100\n|turn|11\n|\n|t:|1698399058\n|move|p1a: Zacian|Behemoth Blade|p2a: Muk|[miss]\n|-miss|p1a: Zacian|p2a: Muk\n|move|p2a: Muk|Minimize|p2a: Muk\n|-boost|p2a: Muk|evasion|2\n|\n|upkeep\n|turn|12\n|\n|t:|1698399067\n|move|p1a: Zacian|Play Rough|p2a: Muk|[miss]\n|-miss|p1a: Zacian|p2a: Muk\n|move|p2a: Muk|Minimize|p2a: Muk\n|-boost|p2a: Muk|evasion|2\n|\n|upkeep\n|turn|13\n|\n|t:|1698399075\n|move|p1a: Zacian|Play Rough|p2a: Muk|[miss]\n|-miss|p1a: Zacian|p2a: Muk\n|move|p2a: Muk|Minimize|p2a: Muk\n|-boost|p2a: Muk|evasion|2\n|\n|upkeep\n|turn|14\n|\n|t:|1698399085\n|switch|p1a: Trolled?|Grimmsnarl, M|100\/100\n|move|p2a: Muk|Substitute|p2a: Muk\n|-start|p2a: Muk|Substitute\n|-damage|p2a: Muk|75\/100\n|\n|-heal|p2a: Muk|82\/100|[from] item: Leftovers\n|upkeep\n|turn|15\n|\n|t:|1698399094\n|move|p1a: Trolled?|Reflect|p1a: Trolled?\n|-sidestart|p1: The8Dragon|Reflect\n|move|p2a: Muk|Fire Punch|p1a: Trolled?\n|-damage|p1a: Trolled?|89\/100\n|-status|p1a: Trolled?|brn\n|\n|-heal|p2a: Muk|88\/100|[from] item: Leftovers\n|-damage|p1a: Trolled?|83\/100 brn|[from] brn\n|upkeep\n|turn|16\n|\n|t:|1698399103\n|move|p1a: Trolled?|Metronome|p1a: Trolled?\n|move|p1a: Trolled?|Smart Strike|p2a: Muk|[from]move: Metronome\n|-activate|p2a: Muk|move: Substitute|[damage]\n|move|p2a: Muk|Mud-Slap|p1a: Trolled?\n|-damage|p1a: Trolled?|80\/100 brn\n|-unboost|p1a: Trolled?|accuracy|1\n|\n|-heal|p2a: Muk|94\/100|[from] item: Leftovers\n|-damage|p1a: Trolled?|74\/100 brn|[from] brn\n|upkeep\n|turn|17\n|\n|t:|1698399118\n|move|p1a: Trolled?|Metronome|p1a: Trolled?\n|move|p1a: Trolled?|Baton Pass|p1a: Trolled?|[from]move: Metronome\n|\n|t:|1698399122\n|switch|p1a: Zacian|Zacian-Crowned|47\/100|[from] Baton Pass\n|move|p2a: Muk|Mud-Slap|p1a: Zacian\n|-supereffective|p1a: Zacian\n|-damage|p1a: Zacian|41\/100\n|-unboost|p1a: Zacian|accuracy|1\n|\n|-heal|p2a: Muk|100\/100|[from] item: Leftovers\n|upkeep\n|turn|18\n|\n|t:|1698399132\n|switch|p1a: Trolled?|Grimmsnarl, M|74\/100 brn\n|move|p2a: Muk|Fire Punch|p1a: Trolled?\n|-damage|p1a: Trolled?|63\/100 brn\n|\n|-damage|p1a: Trolled?|57\/100 brn|[from] brn\n|upkeep\n|turn|19\n|\n|t:|1698399142\n|move|p1a: Trolled?|Metronome|p1a: Trolled?\n|move|p1a: Trolled?|Focus Energy|p1a: Trolled?|[from]move: Metronome\n|-start|p1a: Trolled?|move: Focus Energy\n|move|p2a: Muk|Mud-Slap|p1a: Trolled?\n|-damage|p1a: Trolled?|54\/100 brn\n|-unboost|p1a: Trolled?|accuracy|1\n|\n|-damage|p1a: Trolled?|47\/100 brn|[from] brn\n|upkeep\n|turn|20\n|\n|t:|1698399152\n|move|p1a: Trolled?|Metronome|p1a: Trolled?\n|move|p1a: Trolled?|Cross Poison|p2a: Muk|[from]move: Metronome\n|-resisted|p2a: Muk\n|-crit|p2a: Muk\n|-activate|p2a: Muk|move: Substitute|[damage]\n|move|p2a: Muk|Mud-Slap|p1a: Trolled?\n|-damage|p1a: Trolled?|44\/100 brn\n|-unboost|p1a: Trolled?|accuracy|1\n|\n|-damage|p1a: Trolled?|38\/100 brn|[from] brn\n|upkeep\n|turn|21\n|\n|t:|1698399163\n|move|p1a: Trolled?|Metronome|p1a: Trolled?\n|move|p1a: Trolled?|Lunar Dance|p1a: Trolled?|[from]move: Metronome\n|faint|p1a: Trolled?\n|move|p2a: Muk|Mud-Slap|p1: Trolled?|[notarget]\n|-fail|p2a: Muk\n|\n|upkeep\n|\n|t:|1698399175\n|switch|p1a: Garchomp|Garchomp, F|100\/100\n|turn|22\n|\n|t:|1698399183\n|move|p1a: Garchomp|Stealth Rock|p2a: Muk\n|-sidestart|p2: Locikittie|move: Stealth Rock\n|move|p2a: Muk|Mud-Slap|p1a: Garchomp\n|-damage|p1a: Garchomp|98\/100\n|-unboost|p1a: Garchomp|accuracy|1\n|\n|-sideend|p1: The8Dragon|Reflect\n|upkeep\n|turn|23\n|\n|t:|1698399191\n|move|p2a: Muk|Mud-Slap|p1a: Garchomp\n|-damage|p1a: Garchomp|96\/100\n|-unboost|p1a: Garchomp|accuracy|1\n|move|p1a: Garchomp|Dragon Tail|p2a: Muk|[miss]\n|-miss|p1a: Garchomp|p2a: Muk\n|\n|upkeep\n|turn|24\n|\n|t:|1698399199\n|move|p2a: Muk|Fire Punch|p1a: Garchomp\n|-resisted|p1a: Garchomp\n|-damage|p1a: Garchomp|88\/100\n|-damage|p2a: Muk|88\/100|[from] ability: Rough Skin|[of] p1a: Garchomp\n|-damage|p2a: Muk|72\/100|[from] item: Rocky Helmet|[of] p1a: Garchomp\n|move|p1a: Garchomp|Dragon Tail|p2a: Muk\n|-end|p2a: Muk|Substitute\n|\n|-heal|p2a: Muk|78\/100|[from] item: Leftovers\n|upkeep\n|turn|25\n|\n|t:|1698399209\n|move|p1a: Garchomp|Body Slam|p2a: Muk\n|-damage|p2a: Muk|29\/100\n|-status|p2a: Muk|par\n|cant|p2a: Muk|par\n|\n|-heal|p2a: Muk|35\/100 par|[from] item: Leftovers\n|upkeep\n|turn|26\n|\n|t:|1698399217\n|move|p1a: Garchomp|Body Slam|p2a: Muk\n|-damage|p2a: Muk|0 fnt\n|faint|p2a: Muk\n|\n|upkeep\n|\n|t:|1698399225\n|switch|p2a: Muk|Muk, M|100\/100\n|-damage|p2a: Muk|88\/100|[from] Stealth Rock\n|turn|27\n|\n|t:|1698399236\n|-terastallize|p2a: Muk|Water\n|move|p1a: Garchomp|Body Slam|p2a: Muk|[miss]\n|-miss|p1a: Garchomp|p2a: Muk\n|move|p2a: Muk|Substitute|p2a: Muk\n|-start|p2a: Muk|Substitute\n|-damage|p2a: Muk|63\/100\n|\n|-heal|p2a: Muk|69\/100|[from] item: Leftovers\n|upkeep\n|turn|28\n|\n|t:|1698399245\n|move|p1a: Garchomp|Body Slam|p2a: Muk\n|-activate|p2a: Muk|move: Substitute|[damage]\n|move|p2a: Muk|Minimize|p2a: Muk\n|-boost|p2a: Muk|evasion|2\n|\n|-heal|p2a: Muk|75\/100|[from] item: Leftovers\n|upkeep\n|turn|29\n|\n|t:|1698399255\n|move|p1a: Garchomp|Body Slam|p2a: Muk\n|-end|p2a: Muk|Substitute\n|move|p2a: Muk|Minimize|p2a: Muk\n|-boost|p2a: Muk|evasion|2\n|\n|-heal|p2a: Muk|82\/100|[from] item: Leftovers\n|upkeep\n|turn|30\n|\n|t:|1698399263\n|move|p1a: Garchomp|Spikes|p2a: Muk\n|-sidestart|p2: Locikittie|Spikes\n|move|p2a: Muk|Minimize|p2a: Muk\n|-boost|p2a: Muk|evasion|2\n|\n|-heal|p2a: Muk|88\/100|[from] item: Leftovers\n|upkeep\n|turn|31\n|\n|t:|1698399273\n|move|p1a: Garchomp|Body Slam|p2a: Muk\n|-damage|p2a: Muk|44\/100\n|move|p2a: Muk|Substitute|p2a: Muk\n|-start|p2a: Muk|Substitute\n|-damage|p2a: Muk|19\/100\n|\n|-heal|p2a: Muk|25\/100|[from] item: Leftovers\n|upkeep\n|turn|32\n|\n|t:|1698399281\n|move|p1a: Garchomp|Body Slam|p2a: Muk\n|-end|p2a: Muk|Substitute\n|move|p2a: Muk|Ice Punch|p1a: Garchomp\n|-supereffective|p1a: Garchomp\n|-damage|p1a: Garchomp|31\/100\n|-damage|p2a: Muk|12\/100|[from] ability: Rough Skin|[of] p1a: Garchomp\n|-damage|p2a: Muk|0 fnt|[from] item: Rocky Helmet|[of] p1a: Garchomp\n|faint|p2a: Muk\n|\n|upkeep\n|\n|t:|1698399295\n|switch|p2a: Muk|Muk, F|100\/100\n|-damage|p2a: Muk|88\/100|[from] Stealth Rock\n|-damage|p2a: Muk|75\/100|[from] Spikes\n|turn|33\n|c|\u2606The8Dragon|Why do u have a team full of Muks?\n|\n|t:|1698399311\n|move|p1a: Garchomp|Body Slam|p2a: Muk|[miss]\n|-miss|p1a: Garchomp|p2a: Muk\n|move|p2a: Muk|Ice Punch|p1a: Garchomp\n|-supereffective|p1a: Garchomp\n|-damage|p1a: Garchomp|0 fnt\n|-damage|p2a: Muk|63\/100|[from] ability: Rough Skin|[of] p1a: Garchomp\n|-damage|p2a: Muk|47\/100|[from] item: Rocky Helmet|[of] p1a: Garchomp\n|faint|p1a: Garchomp\n|\n|-heal|p2a: Muk|53\/100|[from] item: Leftovers\n|upkeep\n|\n|t:|1698399324\n|switch|p1a: NotOPDontWorry|Calyrex-Shadow|100\/100\n|-ability|p1a: NotOPDontWorry|As One\n|-ability|p1a: NotOPDontWorry|Unnerve\n|turn|34\n|\n|t:|1698399332\n|move|p1a: NotOPDontWorry|Astral Barrage|p2a: Muk\n|-damage|p2a: Muk|0 fnt\n|faint|p2a: Muk\n|-ability|p1a: NotOPDontWorry|Grim Neigh|boost\n|-boost|p1a: NotOPDontWorry|spa|1\n|\n|upkeep\n|\n|t:|1698399343\n|switch|p2a: Muk|Muk, M|100\/100\n|-damage|p2a: Muk|88\/100|[from] Stealth Rock\n|-damage|p2a: Muk|75\/100|[from] Spikes\n|turn|35\n|\n|t:|1698399350\n|move|p1a: NotOPDontWorry|Astral Barrage|p2a: Muk\n|-damage|p2a: Muk|0 fnt\n|faint|p2a: Muk\n|-ability|p1a: NotOPDontWorry|Grim Neigh|boost\n|-boost|p1a: NotOPDontWorry|spa|1\n|\n|upkeep\n|\n|t:|1698399357\n|switch|p2a: Muk|Muk, M|100\/100\n|-damage|p2a: Muk|88\/100|[from] Stealth Rock\n|-damage|p2a: Muk|75\/100|[from] Spikes\n|turn|36\n|\n|t:|1698399363\n|move|p1a: NotOPDontWorry|Astral Barrage|p2a: Muk\n|-damage|p2a: Muk|0 fnt\n|faint|p2a: Muk\n|\n|win|The8Dragon\n|raw|The8Dragon's rating: 1159 &rarr; <strong>1183<\/strong><br \/>(+24 for winning)\n|raw|Locikittie's rating: 1148 &rarr; <strong>1124<\/strong><br \/>(-24 for losing)\n","uploadtime":1698399370,"views":17,"p1id":"the8dragon","p2id":"locikittie","formatid":"gen9anythinggoes","rating":1124,"private":0,"password":""}