{"id":"gen9anythinggoes-1990577860","p1":"icetigerfox","p2":"LingLing007","format":"[Gen 9] Anything Goes","log":"|j|\u2606icetigerfox\n|j|\u2606LingLing007\n|t:|1699982909\n|gametype|singles\n|player|p1|icetigerfox|marnie-league|1333\n|player|p2|LingLing007|hilbert-masters2|1352\n|teamsize|p1|6\n|teamsize|p2|6\n|gen|9\n|tier|[Gen 9] Anything Goes\n|rated|\n|rule|HP Percentage Mod: HP is shown in percentages\n|rule|Endless Battle Clause: Forcing endless battles is banned\n|clearpoke\n|poke|p1|Zacian-*|\n|poke|p1|Lurantis, M|\n|poke|p1|Gliscor, M|\n|poke|p1|Ursaluna, F|\n|poke|p1|Cinderace, F|\n|poke|p1|Maushold-Four|\n|poke|p2|Roaring Moon|\n|poke|p2|Toxapex, F|\n|poke|p2|Zoroark-Hisui, M|\n|poke|p2|Polteageist-Antique|\n|poke|p2|Great Tusk|\n|poke|p2|Ninetales-Alola, F|\n|teampreview\n|inactive|Battle timer is ON: inactive players will automatically lose when time's up. (requested by LingLing007)\n|\n|t:|1699982918\n|start\n|switch|p1a: Gliscor|Gliscor, M, shiny|100\/100\n|switch|p2a: Ninetales|Ninetales-Alola, F, shiny|100\/100\n|-weather|Snow|[from] ability: Snow Warning|[of] p2a: Ninetales\n|turn|1\n|\n|t:|1699982928\n|move|p2a: Ninetales|Ice Shard|p1a: Gliscor\n|-supereffective|p1a: Gliscor\n|-damage|p1a: Gliscor|63\/100\n|move|p1a: Gliscor|Toxic Spikes|p2a: Ninetales\n|-sidestart|p2: LingLing007|move: Toxic Spikes\n|\n|-weather|Snow|[upkeep]\n|-heal|p1a: Gliscor|70\/100|[from] item: Leftovers\n|upkeep\n|turn|2\n|\n|t:|1699982934\n|move|p2a: Ninetales|Encore|p1a: Gliscor\n|-start|p1a: Gliscor|Encore\n|move|p1a: Gliscor|Toxic Spikes|p2a: Ninetales\n|-sidestart|p2: LingLing007|move: Toxic Spikes\n|\n|-weather|Snow|[upkeep]\n|-heal|p1a: Gliscor|76\/100|[from] item: Leftovers\n|upkeep\n|turn|3\n|\n|t:|1699982948\n|switch|p2a: Toxapex|Toxapex, F|100\/100\n|-sideend|p2: LingLing007|move: Toxic Spikes|[of] p2a: Toxapex\n|switch|p1a: Cinderace|Cinderace, F, shiny|100\/100\n|\n|-weather|Snow|[upkeep]\n|upkeep\n|turn|4\n|\n|t:|1699982957\n|move|p1a: Cinderace|Sucker Punch||[still]\n|-fail|p1a: Cinderace\n|move|p2a: Toxapex|Toxic|p1a: Cinderace\n|-status|p1a: Cinderace|tox\n|\n|-weather|Snow|[upkeep]\n|-damage|p1a: Cinderace|95\/100 tox|[from] psn\n|upkeep\n|turn|5\n|\n|t:|1699982968\n|move|p1a: Cinderace|Sucker Punch|p2a: Toxapex\n|-start|p1a: Cinderace|typechange|Dark|[from] ability: Libero\n|-damage|p2a: Toxapex|75\/100\n|-damage|p1a: Cinderace|78\/100 tox|[from] item: Rocky Helmet|[of] p2a: Toxapex\n|move|p2a: Toxapex|Liquidation|p1a: Cinderace\n|-damage|p1a: Cinderace|48\/100 tox\n|\n|-weather|none\n|-damage|p1a: Cinderace|36\/100 tox|[from] psn\n|upkeep\n|turn|6\n|\n|t:|1699982977\n|move|p1a: Cinderace|Pyro Ball|p2a: Toxapex\n|-resisted|p2a: Toxapex\n|-damage|p2a: Toxapex|61\/100\n|move|p2a: Toxapex|Liquidation|p1a: Cinderace\n|-damage|p1a: Cinderace|6\/100 tox\n|-unboost|p1a: Cinderace|def|1\n|\n|-damage|p1a: Cinderace|0 fnt|[from] psn\n|faint|p1a: Cinderace\n|upkeep\n|\n|t:|1699982990\n|switch|p1a: Ursaluna|Ursaluna, F|100\/100\n|turn|7\n|\n|t:|1699982997\n|switch|p1a: Lurantis|Lurantis, M, shiny|100\/100\n|move|p2a: Toxapex|Toxic|p1a: Lurantis\n|-status|p1a: Lurantis|tox\n|\n|-damage|p1a: Lurantis|94\/100 tox|[from] psn\n|upkeep\n|turn|8\n|\n|t:|1699983006\n|switch|p2a: Ninetales|Ninetales-Alola, F, shiny|100\/100\n|-weather|Snow|[from] ability: Snow Warning|[of] p2a: Ninetales\n|-terastallize|p1a: Lurantis|Grass\n|move|p1a: Lurantis|Leaf Storm|p2a: Ninetales\n|-damage|p2a: Ninetales|52\/100\n|-boost|p1a: Lurantis|spa|2\n|\n|-weather|Snow|[upkeep]\n|-heal|p1a: Lurantis|100\/100 tox|[from] item: Leftovers\n|-damage|p1a: Lurantis|88\/100 tox|[from] psn\n|upkeep\n|turn|9\n|\n|t:|1699983018\n|move|p2a: Ninetales|Aurora Veil|p2a: Ninetales\n|-sidestart|p2: LingLing007|move: Aurora Veil\n|move|p1a: Lurantis|Leaf Storm|p2a: Ninetales|[miss]\n|-miss|p1a: Lurantis|p2a: Ninetales\n|\n|-weather|Snow|[upkeep]\n|-heal|p1a: Lurantis|94\/100 tox|[from] item: Leftovers\n|-damage|p1a: Lurantis|76\/100 tox|[from] psn\n|upkeep\n|turn|10\n|\n|t:|1699983027\n|move|p2a: Ninetales|Ice Shard|p1a: Lurantis\n|-supereffective|p1a: Lurantis\n|-damage|p1a: Lurantis|57\/100 tox\n|move|p1a: Lurantis|Leaf Storm|p2a: Ninetales\n|-damage|p2a: Ninetales|2\/100\n|-boost|p1a: Lurantis|spa|2\n|\n|-weather|Snow|[upkeep]\n|-heal|p1a: Lurantis|63\/100 tox|[from] item: Leftovers\n|-damage|p1a: Lurantis|38\/100 tox|[from] psn\n|upkeep\n|turn|11\n|\n|t:|1699983043\n|switch|p2a: Toxapex|Toxapex, F|94\/100\n|move|p1a: Lurantis|Synthesis|p1a: Lurantis\n|-heal|p1a: Lurantis|63\/100 tox\n|\n|-weather|Snow|[upkeep]\n|-heal|p1a: Lurantis|70\/100 tox|[from] item: Leftovers\n|-damage|p1a: Lurantis|39\/100 tox|[from] psn\n|upkeep\n|turn|12\n|\n|t:|1699983053\n|move|p1a: Lurantis|Leaf Storm|p2a: Toxapex\n|-damage|p2a: Toxapex|48\/100\n|-boost|p1a: Lurantis|spa|2\n|move|p2a: Toxapex|Haze|p2a: Toxapex\n|-clearallboost\n|\n|-weather|none\n|-heal|p1a: Lurantis|45\/100 tox|[from] item: Leftovers\n|-damage|p1a: Lurantis|8\/100 tox|[from] psn\n|upkeep\n|turn|13\n|\n|t:|1699983062\n|switch|p2a: Roaring Moon|Roaring Moon|100\/100\n|-enditem|p2a: Roaring Moon|Booster Energy\n|-activate|p2a: Roaring Moon|ability: Protosynthesis|[fromitem]\n|-start|p2a: Roaring Moon|protosynthesisspe\n|move|p1a: Lurantis|Leaf Storm|p2a: Roaring Moon\n|-resisted|p2a: Roaring Moon\n|-damage|p2a: Roaring Moon|88\/100\n|-boost|p1a: Lurantis|spa|2\n|\n|-heal|p1a: Lurantis|14\/100 tox|[from] item: Leftovers\n|-damage|p1a: Lurantis|0 fnt|[from] psn\n|faint|p1a: Lurantis\n|upkeep\n|\n|t:|1699983074\n|switch|p1a: Zacian|Zacian-Crowned|100\/100\n|-ability|p1a: Zacian|Intrepid Sword|boost\n|-boost|p1a: Zacian|atk|1\n|turn|14\n|\n|t:|1699983082\n|-terastallize|p2a: Roaring Moon|Flying\n|move|p2a: Roaring Moon|Dragon Dance|p2a: Roaring Moon\n|-boost|p2a: Roaring Moon|atk|1\n|-boost|p2a: Roaring Moon|spe|1\n|move|p1a: Zacian|Play Rough|p2a: Roaring Moon\n|-damage|p2a: Roaring Moon|36\/100\n|\n|upkeep\n|turn|15\n|\n|t:|1699983094\n|move|p2a: Roaring Moon|Earthquake|p1a: Zacian\n|-supereffective|p1a: Zacian\n|-damage|p1a: Zacian|0 fnt\n|faint|p1a: Zacian\n|\n|upkeep\n|\n|t:|1699983101\n|switch|p1a: Maushold|Maushold-Four|100\/100\n|turn|16\n|\n|t:|1699983104\n|move|p2a: Roaring Moon|Knock Off|p1a: Maushold\n|-damage|p1a: Maushold|1\/100\n|-enditem|p1a: Maushold|Wide Lens|[from] move: Knock Off|[of] p2a: Roaring Moon\n|move|p1a: Maushold|Tidy Up|p1a: Maushold\n|-boost|p1a: Maushold|atk|1\n|-boost|p1a: Maushold|spe|1\n|\n|-sideend|p2: LingLing007|move: Aurora Veil\n|upkeep\n|turn|17\n|\n|t:|1699983113\n|move|p2a: Roaring Moon|Acrobatics|p1a: Maushold\n|-damage|p1a: Maushold|0 fnt\n|faint|p1a: Maushold\n|\n|upkeep\n|\n|t:|1699983125\n|switch|p1a: Gliscor|Gliscor, M, shiny|76\/100\n|turn|18\n|\n|t:|1699983131\n|move|p2a: Roaring Moon|Knock Off|p1a: Gliscor\n|-damage|p1a: Gliscor|2\/100\n|-enditem|p1a: Gliscor|Leftovers|[from] move: Knock Off|[of] p2a: Roaring Moon\n|move|p1a: Gliscor|Crabhammer|p2a: Roaring Moon\n|-crit|p2a: Roaring Moon\n|-damage|p2a: Roaring Moon|0 fnt\n|faint|p2a: Roaring Moon\n|-end|p2a: Roaring Moon|Protosynthesis|[silent]\n|\n|upkeep\n|\n|t:|1699983138\n|switch|p2a: Ninetales|Ninetales-Alola, F, shiny|2\/100\n|-weather|Snow|[from] ability: Snow Warning|[of] p2a: Ninetales\n|turn|19\n|\n|t:|1699983152\n|switch|p2a: Great Tusk|Great Tusk|100\/100\n|move|p1a: Gliscor|Aerial Ace|p2a: Great Tusk\n|-supereffective|p2a: Great Tusk\n|-damage|p2a: Great Tusk|71\/100\n|\n|-weather|Snow|[upkeep]\n|upkeep\n|turn|20\n|\n|t:|1699983161\n|move|p1a: Gliscor|Crabhammer|p2a: Great Tusk\n|-supereffective|p2a: Great Tusk\n|-damage|p2a: Great Tusk|34\/100\n|move|p2a: Great Tusk|Rapid Spin|p1a: Gliscor\n|-damage|p1a: Gliscor|0 fnt\n|-boost|p2a: Great Tusk|spe|1\n|faint|p1a: Gliscor\n|\n|-weather|Snow|[upkeep]\n|upkeep\n|\n|t:|1699983169\n|switch|p1a: Ursaluna|Ursaluna, F|100\/100\n|turn|21\n|\n|t:|1699983175\n|move|p2a: Great Tusk|Knock Off|p1a: Ursaluna\n|-damage|p1a: Ursaluna|82\/100\n|-enditem|p1a: Ursaluna|Flame Orb|[from] move: Knock Off|[of] p2a: Great Tusk\n|move|p1a: Ursaluna|Payback|p2a: Great Tusk\n|-resisted|p2a: Great Tusk\n|-damage|p2a: Great Tusk|21\/100\n|\n|-weather|Snow|[upkeep]\n|upkeep\n|turn|22\n|\n|t:|1699983185\n|-end|p2a: Great Tusk|Protosynthesis|[silent]\n|switch|p2a: Toxapex|Toxapex, F|81\/100\n|move|p1a: Ursaluna|Earthquake|p2a: Toxapex\n|-supereffective|p2a: Toxapex\n|-damage|p2a: Toxapex|0 fnt\n|faint|p2a: Toxapex\n|\n|-weather|Snow|[upkeep]\n|upkeep\n|\n|t:|1699983187\n|switch|p2a: Polteageist|Polteageist-Antique|100\/100\n|turn|23\n|\n|t:|1699983194\n|move|p2a: Polteageist|Shell Smash|p2a: Polteageist\n|-unboost|p2a: Polteageist|def|1\n|-unboost|p2a: Polteageist|spd|1\n|-boost|p2a: Polteageist|atk|2\n|-boost|p2a: Polteageist|spa|2\n|-boost|p2a: Polteageist|spe|2\n|-enditem|p2a: Polteageist|White Herb\n|-clearnegativeboost|p2a: Polteageist|[silent]\n|move|p1a: Ursaluna|Payback|p2a: Polteageist\n|-supereffective|p2a: Polteageist\n|-damage|p2a: Polteageist|0 fnt\n|faint|p2a: Polteageist\n|\n|-weather|none\n|upkeep\n|\n|t:|1699983202\n|switch|p2a: Great Tusk|Great Tusk|100\/100\n|turn|24\n|\n|t:|1699983208\n|move|p2a: Great Tusk|Hyper Voice|p1a: Ursaluna\n|-damage|p1a: Ursaluna|42\/100\n|move|p1a: Ursaluna|Earthquake|p2a: Great Tusk\n|-enditem|p2a: Great Tusk|Focus Sash\n|-damage|p2a: Great Tusk|1\/100\n|replace|p2a: Zoroark|Zoroark-Hisui, M, shiny\n|-end|p2a: Zoroark|Illusion\n|\n|upkeep\n|turn|25\n|\n|t:|1699983217\n|move|p2a: Zoroark|Hyper Voice|p1a: Ursaluna\n|-damage|p1a: Ursaluna|1\/100\n|move|p1a: Ursaluna|Earthquake|p2a: Zoroark\n|-damage|p2a: Zoroark|0 fnt\n|faint|p2a: Zoroark\n|\n|upkeep\n|\n|t:|1699983220\n|switch|p2a: Ninetales|Ninetales-Alola, F, shiny|2\/100\n|-weather|Snow|[from] ability: Snow Warning|[of] p2a: Ninetales\n|turn|26\n|\n|t:|1699983227\n|move|p2a: Ninetales|Ice Shard|p1a: Ursaluna\n|-supereffective|p1a: Ursaluna\n|-damage|p1a: Ursaluna|0 fnt\n|faint|p1a: Ursaluna\n|\n|win|LingLing007\n|raw|icetigerfox's rating: 1333 &rarr; <strong>1314<\/strong><br \/>(-19 for losing)\n|raw|LingLing007's rating: 1352 &rarr; <strong>1371<\/strong><br \/>(+19 for winning)\n|c|\u2606LingLing007|gg\n|l|\u2606icetigerfox\n","uploadtime":1699983233,"views":21,"p1id":"icetigerfox","p2id":"lingling007","formatid":"gen9anythinggoes","rating":1314,"private":0,"password":""}