{"id":"gen9anythinggoes-1994735015","p1":"asterix2.p","p2":"eman7673","format":"[Gen 9] Anything Goes","log":"|j|\u2606asterix2.p\n|j|\u2606eman7673\n|t:|1700487258\n|gametype|singles\n|player|p1|asterix2.p|riley|1358\n|player|p2|eman7673|169|1321\n|teamsize|p1|6\n|teamsize|p2|6\n|gen|9\n|tier|[Gen 9] Anything Goes\n|rated|\n|rule|HP Percentage Mod: HP is shown in percentages\n|rule|Endless Battle Clause: Forcing endless battles is banned\n|clearpoke\n|poke|p1|Corviknight, M|\n|poke|p1|Snorlax, M|\n|poke|p1|Jumpluff, M|\n|poke|p1|Mudsdale, F|\n|poke|p1|Toxapex, F|\n|poke|p1|Infernape, F|\n|poke|p2|Chandelure, M|\n|poke|p2|Arceus|\n|poke|p2|Kingambit, F|\n|poke|p2|Calyrex-Ice|\n|poke|p2|Koraidon|\n|poke|p2|Arceus|\n|teampreview\n|inactive|Battle timer is ON: inactive players will automatically lose when time's up. (requested by asterix2.p)\n|\n|t:|1700487278\n|start\n|switch|p1a: God|Jumpluff, M, shiny|100\/100\n|switch|p2a: Chandelure|Chandelure, M|100\/100\n|turn|1\n|\n|t:|1700487293\n|switch|p2a: Koraidon|Koraidon|100\/100\n|-weather|SunnyDay|[from] ability: Orichalcum Pulse|[of] p2a: Koraidon\n|-activate|p2a: Koraidon|Orichalcum Pulse|[source]\n|move|p1a: God|Sleep Powder|p2a: Koraidon|[miss]\n|-miss|p1a: God|p2a: Koraidon\n|\n|-weather|SunnyDay|[upkeep]\n|upkeep\n|turn|2\n|\n|t:|1700487302\n|move|p1a: God|Sleep Powder|p2a: Koraidon\n|-status|p2a: Koraidon|slp|[from] move: Sleep Powder\n|cant|p2a: Koraidon|slp\n|\n|-weather|SunnyDay|[upkeep]\n|upkeep\n|turn|3\n|\n|t:|1700487310\n|switch|p1a: Tanque|Toxapex, F|100\/100\n|switch|p2a: Arceus|Arceus|100\/100\n|\n|-weather|SunnyDay|[upkeep]\n|upkeep\n|turn|4\n|\n|t:|1700487318\n|move|p2a: Arceus|Taunt|p1a: Tanque\n|-start|p1a: Tanque|move: Taunt\n|cant|p1a: Tanque|move: Taunt|Toxic\n|\n|-weather|SunnyDay|[upkeep]\n|upkeep\n|turn|5\n|\n|t:|1700487325\n|move|p2a: Arceus|Stealth Rock|p1a: Tanque\n|-sidestart|p1: asterix2.p|move: Stealth Rock\n|move|p1a: Tanque|Liquidation|p2a: Arceus\n|-damage|p2a: Arceus|94\/100\n|-unboost|p2a: Arceus|def|1\n|\n|-weather|none\n|-heal|p2a: Arceus|99\/100|[from] item: Leftovers\n|upkeep\n|turn|6\n|\n|t:|1700487335\n|switch|p1a: M|Infernape, F|100\/100\n|-damage|p1a: M|88\/100|[from] Stealth Rock\n|move|p2a: Arceus|Foul Play|p1a: M\n|-resisted|p1a: M\n|-damage|p1a: M|60\/100\n|\n|-heal|p2a: Arceus|100\/100|[from] item: Leftovers\n|upkeep\n|turn|7\n|\n|t:|1700487351\n|switch|p2a: Koraidon|Koraidon|100\/100 slp\n|-weather|SunnyDay|[from] ability: Orichalcum Pulse|[of] p2a: Koraidon\n|-activate|p2a: Koraidon|Orichalcum Pulse|[source]\n|move|p1a: M|Drain Punch|p2a: Koraidon\n|-damage|p2a: Koraidon|68\/100 slp\n|-heal|p1a: M|82\/100|[from] drain|[of] p2a: Koraidon\n|\n|-weather|SunnyDay|[upkeep]\n|-heal|p2a: Koraidon|75\/100 slp|[from] item: Leftovers\n|upkeep\n|turn|8\n|\n|t:|1700487363\n|-terastallize|p1a: M|Fire\n|move|p1a: M|Fire Punch|p2a: Koraidon\n|-resisted|p2a: Koraidon\n|-damage|p2a: Koraidon|40\/100 slp\n|-curestatus|p2a: Koraidon|slp|[msg]\n|move|p2a: Koraidon|Drain Punch|p1a: M\n|-damage|p1a: M|0 fnt\n|-heal|p2a: Koraidon|70\/100|[from] drain|[of] p1a: M\n|faint|p1a: M\n|\n|-weather|SunnyDay|[upkeep]\n|-heal|p2a: Koraidon|76\/100|[from] item: Leftovers\n|upkeep\n|\n|t:|1700487380\n|switch|p1a: God|Jumpluff, M, shiny|100\/100\n|-damage|p1a: God|75\/100|[from] Stealth Rock\n|turn|9\n|\n|t:|1700487386\n|move|p1a: God|Encore|p2a: Koraidon\n|-start|p2a: Koraidon|Encore\n|move|p2a: Koraidon|Drain Punch|p1a: God\n|-resisted|p1a: God\n|-damage|p1a: God|29\/100\n|-heal|p2a: Koraidon|93\/100|[from] drain|[of] p1a: God\n|\n|-weather|SunnyDay|[upkeep]\n|-heal|p2a: Koraidon|99\/100|[from] item: Leftovers\n|upkeep\n|turn|10\n|\n|t:|1700487399\n|switch|p1a: Tanque|Toxapex, F|100\/100\n|-damage|p1a: Tanque|88\/100|[from] Stealth Rock\n|move|p2a: Koraidon|Drain Punch|p1a: Tanque\n|-resisted|p1a: Tanque\n|-damage|p1a: Tanque|64\/100\n|-heal|p2a: Koraidon|100\/100|[from] drain|[of] p1a: Tanque\n|\n|-weather|SunnyDay|[upkeep]\n|-heal|p1a: Tanque|71\/100|[from] item: Black Sludge\n|upkeep\n|turn|11\n|\n|t:|1700487411\n|switch|p2a: Kingambit|Kingambit, F|100\/100\n|move|p1a: Tanque|Baneful Bunker||[still]\n|-fail|p1a: Tanque\n|\n|-weather|none\n|-heal|p1a: Tanque|77\/100|[from] item: Black Sludge\n|upkeep\n|turn|12\n|\n|t:|1700487420\n|-end|p2a: Kingambit|fallenundefined|[silent]\n|switch|p2a: Arceus|Arceus|100\/100\n|move|p1a: Tanque|Liquidation|p2a: Arceus\n|-damage|p2a: Arceus|86\/100\n|-unboost|p2a: Arceus|def|1\n|\n|-heal|p2a: Arceus|92\/100|[from] item: Leftovers\n|-heal|p1a: Tanque|83\/100|[from] item: Black Sludge\n|upkeep\n|turn|13\n|\n|t:|1700487439\n|switch|p1a: Acorazado|Corviknight, M, shiny|100\/100\n|-damage|p1a: Acorazado|88\/100|[from] Stealth Rock\n|move|p2a: Arceus|Taunt|p1a: Acorazado\n|-start|p1a: Acorazado|move: Taunt\n|\n|-heal|p2a: Arceus|98\/100|[from] item: Leftovers\n|-heal|p1a: Acorazado|94\/100|[from] item: Leftovers\n|upkeep\n|turn|14\n|\n|t:|1700487449\n|switch|p2a: Chandelure|Chandelure, M|100\/100\n|move|p1a: Acorazado|Body Press|p2a: Chandelure\n|-immune|p2a: Chandelure\n|\n|-heal|p1a: Acorazado|100\/100|[from] item: Leftovers\n|upkeep\n|turn|15\n|\n|t:|1700487457\n|switch|p1a: Tanque|Toxapex, F|100\/100\n|-damage|p1a: Tanque|88\/100|[from] Stealth Rock\n|move|p2a: Chandelure|Minimize|p2a: Chandelure\n|-boost|p2a: Chandelure|evasion|2\n|\n|-heal|p1a: Tanque|94\/100|[from] item: Black Sludge\n|upkeep\n|turn|16\n|\n|t:|1700487468\n|move|p2a: Chandelure|Substitute|p2a: Chandelure\n|-start|p2a: Chandelure|Substitute\n|-damage|p2a: Chandelure|76\/100\n|move|p1a: Tanque|Toxic||[still]\n|-fail|p1a: Tanque\n|\n|-heal|p2a: Chandelure|82\/100|[from] item: Leftovers\n|-heal|p1a: Tanque|100\/100|[from] item: Black Sludge\n|upkeep\n|turn|17\n|\n|t:|1700487478\n|move|p2a: Chandelure|Minimize|p2a: Chandelure\n|-boost|p2a: Chandelure|evasion|2\n|move|p1a: Tanque|Liquidation|p2a: Chandelure|[miss]\n|-miss|p1a: Tanque|p2a: Chandelure\n|\n|-heal|p2a: Chandelure|88\/100|[from] item: Leftovers\n|upkeep\n|turn|18\n|\n|t:|1700487492\n|move|p2a: Chandelure|Minimize|p2a: Chandelure\n|-boost|p2a: Chandelure|evasion|2\n|move|p1a: Tanque|Liquidation|p2a: Chandelure|[miss]\n|-miss|p1a: Tanque|p2a: Chandelure\n|\n|-heal|p2a: Chandelure|94\/100|[from] item: Leftovers\n|upkeep\n|turn|19\n|\n|t:|1700487501\n|move|p2a: Chandelure|Calm Mind|p2a: Chandelure\n|-boost|p2a: Chandelure|spa|1\n|-boost|p2a: Chandelure|spd|1\n|move|p1a: Tanque|Liquidation|p2a: Chandelure|[miss]\n|-miss|p1a: Tanque|p2a: Chandelure\n|\n|-heal|p2a: Chandelure|99\/100|[from] item: Leftovers\n|upkeep\n|turn|20\n|\n|t:|1700487514\n|move|p2a: Chandelure|Calm Mind|p2a: Chandelure\n|-boost|p2a: Chandelure|spa|1\n|-boost|p2a: Chandelure|spd|1\n|move|p1a: Tanque|Liquidation|p2a: Chandelure|[miss]\n|-miss|p1a: Tanque|p2a: Chandelure\n|\n|-heal|p2a: Chandelure|100\/100|[from] item: Leftovers\n|upkeep\n|turn|21\n|c|\u2606eman7673|Haha\n|\n|t:|1700487524\n|move|p2a: Chandelure|Calm Mind|p2a: Chandelure\n|-boost|p2a: Chandelure|spa|1\n|-boost|p2a: Chandelure|spd|1\n|move|p1a: Tanque|Liquidation|p2a: Chandelure|[miss]\n|-miss|p1a: Tanque|p2a: Chandelure\n|\n|upkeep\n|turn|22\n|c|\u2606eman7673|Hahaha\n|c|\u2606eman7673|Ahaha\n|\n|t:|1700487532\n|switch|p1a: God|Jumpluff, M, shiny|29\/100\n|-damage|p1a: God|4\/100|[from] Stealth Rock\n|move|p2a: Chandelure|Calm Mind|p2a: Chandelure\n|-boost|p2a: Chandelure|spa|1\n|-boost|p2a: Chandelure|spd|1\n|\n|upkeep\n|turn|23\n|\n|t:|1700487541\n|move|p1a: God|Sleep Powder|p2a: Chandelure\n|-status|p2a: Chandelure|slp|[from] move: Sleep Powder\n|cant|p2a: Chandelure|slp\n|\n|upkeep\n|turn|24\n|\n|t:|1700487549\n|switch|p1a: Tanque|Toxapex, F|100\/100\n|-damage|p1a: Tanque|88\/100|[from] Stealth Rock\n|cant|p2a: Chandelure|slp\n|\n|-heal|p1a: Tanque|94\/100|[from] item: Black Sludge\n|upkeep\n|turn|25\n|\n|t:|1700487558\n|-curestatus|p2a: Chandelure|slp|[msg]\n|move|p2a: Chandelure|Calm Mind|p2a: Chandelure\n|-boost|p2a: Chandelure|spa|1\n|-boost|p2a: Chandelure|spd|1\n|move|p1a: Tanque|Liquidation|p2a: Chandelure\n|-supereffective|p2a: Chandelure\n|-end|p2a: Chandelure|Substitute\n|\n|-heal|p1a: Tanque|100\/100|[from] item: Black Sludge\n|upkeep\n|turn|26\n|\n|t:|1700487570\n|move|p2a: Chandelure|Substitute|p2a: Chandelure\n|-start|p2a: Chandelure|Substitute\n|-damage|p2a: Chandelure|76\/100\n|move|p1a: Tanque|Toxic||[still]\n|-fail|p1a: Tanque\n|\n|-heal|p2a: Chandelure|82\/100|[from] item: Leftovers\n|upkeep\n|turn|27\n|\n|t:|1700487582\n|move|p2a: Chandelure|Calm Mind|p2a: Chandelure\n|-boost|p2a: Chandelure|spa|1\n|-boost|p2a: Chandelure|spd|1\n|move|p1a: Tanque|Liquidation|p2a: Chandelure\n|-supereffective|p2a: Chandelure\n|-end|p2a: Chandelure|Substitute\n|\n|-heal|p2a: Chandelure|88\/100|[from] item: Leftovers\n|upkeep\n|turn|28\n|\n|t:|1700487592\n|move|p2a: Chandelure|Substitute|p2a: Chandelure\n|-start|p2a: Chandelure|Substitute\n|-damage|p2a: Chandelure|63\/100\n|move|p1a: Tanque|Liquidation|p2a: Chandelure\n|-supereffective|p2a: Chandelure\n|-end|p2a: Chandelure|Substitute\n|\n|-heal|p2a: Chandelure|69\/100|[from] item: Leftovers\n|upkeep\n|turn|29\n|\n|t:|1700487602\n|move|p2a: Chandelure|Substitute|p2a: Chandelure\n|-start|p2a: Chandelure|Substitute\n|-damage|p2a: Chandelure|44\/100\n|move|p1a: Tanque|Liquidation|p2a: Chandelure|[miss]\n|-miss|p1a: Tanque|p2a: Chandelure\n|\n|-heal|p2a: Chandelure|50\/100|[from] item: Leftovers\n|upkeep\n|turn|30\n|\n|t:|1700487612\n|move|p2a: Chandelure|Flamethrower|p1a: Tanque\n|-resisted|p1a: Tanque\n|-damage|p1a: Tanque|23\/100\n|move|p1a: Tanque|Liquidation|p2a: Chandelure|[miss]\n|-miss|p1a: Tanque|p2a: Chandelure\n|\n|-heal|p2a: Chandelure|56\/100|[from] item: Leftovers\n|-heal|p1a: Tanque|29\/100|[from] item: Black Sludge\n|upkeep\n|turn|31\n|\n|t:|1700487622\n|move|p1a: Tanque|Baneful Bunker|p1a: Tanque\n|-singleturn|p1a: Tanque|move: Protect\n|move|p2a: Chandelure|Flamethrower|p1a: Tanque\n|-activate|p1a: Tanque|move: Protect\n|\n|-heal|p2a: Chandelure|63\/100|[from] item: Leftovers\n|-heal|p1a: Tanque|35\/100|[from] item: Black Sludge\n|upkeep\n|turn|32\n|\n|t:|1700487632\n|move|p2a: Chandelure|Flamethrower|p1a: Tanque\n|-resisted|p1a: Tanque\n|-damage|p1a: Tanque|0 fnt\n|faint|p1a: Tanque\n|\n|-heal|p2a: Chandelure|69\/100|[from] item: Leftovers\n|upkeep\n|c|\u2606eman7673|Noob\n|c|\u2606eman7673|Noob\n|\n|t:|1700487644\n|switch|p1a: Peerezoso|Snorlax, M|100\/100\n|-damage|p1a: Peerezoso|88\/100|[from] Stealth Rock\n|turn|33\n|c|\u2606eman7673|You can't do anything\n|\n|t:|1700487650\n|move|p2a: Chandelure|Flamethrower|p1a: Peerezoso\n|-damage|p1a: Peerezoso|0 fnt\n|faint|p1a: Peerezoso\n|\n|-heal|p2a: Chandelure|75\/100|[from] item: Leftovers\n|upkeep\n|\n|t:|1700487659\n|switch|p1a: God|Jumpluff, M, shiny|4\/100\n|-damage|p1a: God|0 fnt|[from] Stealth Rock\n|faint|p1a: God\n|\n|t:|1700487669\n|switch|p1a: Cargero|Mudsdale, F|100\/100\n|-damage|p1a: Cargero|94\/100|[from] Stealth Rock\n|turn|34\n|\n|t:|1700487674\n|move|p2a: Chandelure|Flamethrower|p1a: Cargero\n|-damage|p1a: Cargero|0 fnt\n|faint|p1a: Cargero\n|\n|-heal|p2a: Chandelure|81\/100|[from] item: Leftovers\n|upkeep\n|\n|t:|1700487682\n|switch|p1a: Acorazado|Corviknight, M, shiny|100\/100\n|-damage|p1a: Acorazado|88\/100|[from] Stealth Rock\n|turn|35\n|c|\u2606eman7673|Gg\n|c|\u2606asterix2.p|Suck my balls\n|c|\u2606asterix2.p|Sorry gg\n|inactive|asterix2.p has 120 seconds left.\n|\n|t:|1700487712\n|move|p2a: Chandelure|Minimize|p2a: Chandelure\n|-boost|p2a: Chandelure|evasion|0\n|move|p1a: Acorazado|Brave Bird|p2a: Chandelure|[miss]\n|-miss|p1a: Acorazado|p2a: Chandelure\n|\n|-heal|p2a: Chandelure|87\/100|[from] item: Leftovers\n|-heal|p1a: Acorazado|94\/100|[from] item: Leftovers\n|upkeep\n|turn|36\n|c|\u2606asterix2.p|Wrong chat xd\n|inactive|asterix2.p has 120 seconds left.\n|\n|t:|1700487723\n|move|p2a: Chandelure|Substitute|p2a: Chandelure\n|-fail|p2a: Chandelure|move: Substitute\n|move|p1a: Acorazado|Iron Head|p2a: Chandelure|[miss]\n|-miss|p1a: Acorazado|p2a: Chandelure\n|\n|-heal|p2a: Chandelure|93\/100|[from] item: Leftovers\n|-heal|p1a: Acorazado|100\/100|[from] item: Leftovers\n|upkeep\n|turn|37\n|c|\u2606eman7673|Ok\n|inactive|asterix2.p has 120 seconds left.\n|\n|t:|1700487736\n|move|p2a: Chandelure|Minimize|p2a: Chandelure\n|-boost|p2a: Chandelure|evasion|0\n|move|p1a: Acorazado|Iron Head|p2a: Chandelure|[miss]\n|-miss|p1a: Acorazado|p2a: Chandelure\n|\n|-heal|p2a: Chandelure|99\/100|[from] item: Leftovers\n|upkeep\n|turn|38\n|\n|t:|1700487745\n|move|p2a: Chandelure|Flamethrower|p1a: Acorazado\n|-supereffective|p1a: Acorazado\n|-damage|p1a: Acorazado|0 fnt\n|faint|p1a: Acorazado\n|\n|win|eman7673\n|raw|asterix2.p's rating: 1358 &rarr; <strong>1337<\/strong><br \/>(-21 for losing)\n|raw|eman7673's rating: 1335 &rarr; <strong>1356<\/strong><br \/>(+21 for winning)\n","uploadtime":1700487696,"views":0,"p1id":"asterix2p","p2id":"eman7673","formatid":"gen9anythinggoes","rating":1337,"private":0,"password":""}