{"id":"gen9anythinggoes-1979515871","p1":"SukiLycaenion","p2":"MrBoatCraft YT","format":"[Gen 9] Anything Goes","log":"|j|\u203dSukiLycaenion\n|j|\u2606MrBoatCraft YT\n|t:|1698688806\n|gametype|singles\n|player|p1|SukiLycaenion|2|1422\n|player|p2|MrBoatCraft YT|1|1387\n|teamsize|p1|6\n|teamsize|p2|6\n|gen|9\n|tier|[Gen 9] Anything Goes\n|rated|\n|rule|HP Percentage Mod: HP is shown in percentages\n|rule|Endless Battle Clause: Forcing endless battles is banned\n|clearpoke\n|poke|p1|Dondozo, M|\n|poke|p1|Snorlax, M|\n|poke|p1|Ting-Lu|\n|poke|p1|Calyrex-Shadow|\n|poke|p1|Persian-Alola, F|\n|poke|p1|Illumise, F|\n|poke|p2|Scream Tail|\n|poke|p2|Avalugg-Hisui, M|\n|poke|p2|Vikavolt, M|\n|poke|p2|Azumarill, F|\n|poke|p2|Koraidon|\n|poke|p2|Shaymin-Sky|\n|teampreview\n|inactive|Battle timer is ON: inactive players will automatically lose when time's up. (requested by MrBoatCraft YT)\n|\n|t:|1698688822\n|start\n|switch|p1a: Illumise|Illumise, F|100\/100\n|switch|p2a: Vikavolt|Vikavolt, M|100\/100\n|turn|1\n|\n|t:|1698688833\n|move|p1a: Illumise|Trick|p2a: Vikavolt\n|-activate|p1a: Illumise|move: Trick|[of] p2a: Vikavolt\n|-item|p2a: Vikavolt|Choice Scarf|[from] move: Trick\n|-item|p1a: Illumise|Bright Powder|[from] move: Trick\n|move|p2a: Vikavolt|Sticky Web|p1a: Illumise\n|-sidestart|p1: SukiLycaenion|move: Sticky Web\n|\n|upkeep\n|turn|2\n|\n|t:|1698688848\n|switch|p2a: Shaymin|Shaymin-Sky|100\/100\n|move|p1a: Illumise|Attract|p2a: Shaymin\n|-immune|p2a: Shaymin\n|\n|upkeep\n|turn|3\n|\n|t:|1698688853\n|move|p1a: Illumise|Thunder Wave|p2a: Shaymin\n|-status|p2a: Shaymin|par\n|cant|p2a: Shaymin|par\n|\n|upkeep\n|turn|4\n|\n|t:|1698688859\n|move|p1a: Illumise|Confuse Ray|p2a: Shaymin\n|-start|p2a: Shaymin|confusion\n|-activate|p2a: Shaymin|confusion\n|cant|p2a: Shaymin|par\n|\n|upkeep\n|turn|5\n|\n|t:|1698688873\n|switch|p1a: Persian|Persian-Alola, F|100\/100\n|-activate|p1a: Persian|move: Sticky Web\n|-unboost|p1a: Persian|spe|1\n|-end|p2a: Shaymin|confusion\n|move|p2a: Shaymin|Air Slash|p1a: Persian\n|-damage|p1a: Persian|66\/100\n|\n|upkeep\n|turn|6\n|\n|t:|1698688882\n|switch|p2a: Vikavolt|Vikavolt, M|100\/100\n|move|p1a: Persian|Switcheroo|p2a: Vikavolt\n|-activate|p1a: Persian|move: Trick|[of] p2a: Vikavolt\n|-item|p2a: Vikavolt|Choice Scarf|[from] move: Switcheroo\n|-item|p1a: Persian|Choice Scarf|[from] move: Switcheroo\n|\n|upkeep\n|turn|7\n|\n|t:|1698688889\n|move|p1a: Persian|Confuse Ray|p2a: Vikavolt\n|-start|p2a: Vikavolt|confusion\n|-activate|p2a: Vikavolt|confusion\n|move|p2a: Vikavolt|Bug Buzz|p1a: Persian\n|-supereffective|p1a: Persian\n|-damage|p1a: Persian|0 fnt\n|faint|p1a: Persian\n|\n|upkeep\n|\n|t:|1698688899\n|switch|p1a: Dondozo|Dondozo, M|100\/100\n|-activate|p1a: Dondozo|move: Sticky Web\n|-unboost|p1a: Dondozo|spe|1\n|turn|8\n|\n|t:|1698688905\n|switch|p2a: Scream Tail|Scream Tail|100\/100\n|-enditem|p2a: Scream Tail|Booster Energy\n|-activate|p2a: Scream Tail|ability: Protosynthesis|[fromitem]\n|-start|p2a: Scream Tail|protosynthesisspe\n|move|p1a: Dondozo|Waterfall|p2a: Scream Tail\n|-damage|p2a: Scream Tail|78\/100\n|\n|upkeep\n|turn|9\n|\n|t:|1698688913\n|move|p2a: Scream Tail|Thunder Wave|p1a: Dondozo|[miss]\n|-miss|p2a: Scream Tail|p1a: Dondozo\n|move|p1a: Dondozo|Fissure|p2a: Scream Tail|[miss]\n|-miss|p1a: Dondozo|p2a: Scream Tail\n|\n|upkeep\n|turn|10\n|\n|t:|1698688920\n|-end|p2a: Scream Tail|Protosynthesis|[silent]\n|switch|p2a: Vikavolt|Vikavolt, M|100\/100\n|move|p1a: Dondozo|Fissure|p2a: Vikavolt\n|-immune|p2a: Vikavolt|[from] ability: Levitate\n|\n|upkeep\n|turn|11\n|\n|t:|1698688925\n|-terastallize|p1a: Dondozo|Grass\n|move|p2a: Vikavolt|Energy Ball|p1a: Dondozo\n|-resisted|p1a: Dondozo\n|-crit|p1a: Dondozo\n|-damage|p1a: Dondozo|82\/100\n|move|p1a: Dondozo|Waterfall|p2a: Vikavolt\n|-damage|p2a: Vikavolt|70\/100\n|\n|-heal|p1a: Dondozo|88\/100|[from] item: Leftovers\n|upkeep\n|turn|12\n|\n|t:|1698688943\n|switch|p2a: Azumarill|Azumarill, F|100\/100\n|move|p1a: Dondozo|Waterfall|p2a: Azumarill\n|-resisted|p2a: Azumarill\n|-damage|p2a: Azumarill|87\/100\n|\n|-heal|p1a: Dondozo|94\/100|[from] item: Leftovers\n|upkeep\n|turn|13\n|\n|t:|1698688953\n|move|p2a: Azumarill|Ice Spinner|p1a: Dondozo\n|-supereffective|p1a: Dondozo\n|-damage|p1a: Dondozo|65\/100\n|move|p1a: Dondozo|Fissure|p2a: Azumarill|[miss]\n|-miss|p1a: Dondozo|p2a: Azumarill\n|\n|-heal|p1a: Dondozo|72\/100|[from] item: Leftovers\n|upkeep\n|turn|14\n|\n|t:|1698688960\n|switch|p2a: Vikavolt|Vikavolt, M|70\/100\n|move|p1a: Dondozo|Rest|p1a: Dondozo\n|-status|p1a: Dondozo|slp|[from] move: Rest\n|-heal|p1a: Dondozo|100\/100 slp|[silent]\n|\n|upkeep\n|turn|15\n|\n|t:|1698688964\n|move|p2a: Vikavolt|Bug Buzz|p1a: Dondozo\n|-supereffective|p1a: Dondozo\n|-damage|p1a: Dondozo|33\/100 slp\n|cant|p1a: Dondozo|slp\n|move|p1a: Dondozo|Sleep Talk|p1a: Dondozo\n|move|p1a: Dondozo|Fissure|p2a: Vikavolt|[from]move: Sleep Talk\n|-immune|p2a: Vikavolt|[from] ability: Levitate\n|\n|-heal|p1a: Dondozo|39\/100 slp|[from] item: Leftovers\n|upkeep\n|turn|16\n|\n|t:|1698688974\n|switch|p1a: Illumise|Illumise, F|100\/100\n|-activate|p1a: Illumise|move: Sticky Web\n|-unboost|p1a: Illumise|spe|1\n|move|p2a: Vikavolt|Bug Buzz|p1a: Illumise\n|-damage|p1a: Illumise|47\/100\n|-unboost|p1a: Illumise|spd|1\n|\n|upkeep\n|turn|17\n|\n|t:|1698688979\n|move|p1a: Illumise|Attract|p2a: Vikavolt\n|-start|p2a: Vikavolt|Attract\n|-activate|p2a: Vikavolt|move: Attract|[of] p1a: Illumise\n|move|p2a: Vikavolt|Bug Buzz|p1a: Illumise\n|-damage|p1a: Illumise|0 fnt\n|faint|p1a: Illumise\n|-end|p2a: Vikavolt|Attract|[silent]\n|\n|upkeep\n|\n|t:|1698688986\n|switch|p1a: Calyrex|Calyrex-Shadow|100\/100\n|-ability|p1a: Calyrex|As One\n|-ability|p1a: Calyrex|Unnerve\n|-activate|p1a: Calyrex|move: Sticky Web\n|-unboost|p1a: Calyrex|spe|1\n|turn|18\n|\n|t:|1698689000\n|move|p1a: Calyrex|Substitute|p1a: Calyrex\n|-start|p1a: Calyrex|Substitute\n|-damage|p1a: Calyrex|76\/100\n|move|p2a: Vikavolt|Bug Buzz|p1a: Calyrex\n|-damage|p1a: Calyrex|20\/100\n|\n|upkeep\n|turn|19\n|\n|t:|1698689010\n|move|p1a: Calyrex|Astral Barrage|p2a: Vikavolt\n|-damage|p2a: Vikavolt|0 fnt\n|faint|p2a: Vikavolt\n|-ability|p1a: Calyrex|Grim Neigh|boost\n|-boost|p1a: Calyrex|spa|1\n|\n|upkeep\n|\n|t:|1698689019\n|switch|p2a: Azumarill|Azumarill, F|87\/100\n|turn|20\n|\n|t:|1698689022\n|move|p2a: Azumarill|Aqua Jet|p1a: Calyrex\n|-activate|p1a: Calyrex|move: Substitute|[damage]\n|move|p1a: Calyrex|Astral Barrage|p2a: Azumarill\n|-damage|p2a: Azumarill|0 fnt\n|faint|p2a: Azumarill\n|-ability|p1a: Calyrex|Grim Neigh|boost\n|-boost|p1a: Calyrex|spa|1\n|\n|upkeep\n|\n|t:|1698689039\n|switch|p2a: Koraidon|Koraidon|100\/100\n|-weather|SunnyDay|[from] ability: Orichalcum Pulse|[of] p2a: Koraidon\n|-activate|p2a: Koraidon|Orichalcum Pulse|[source]\n|turn|21\n|\n|t:|1698689047\n|move|p2a: Koraidon|Dragon Claw|p1a: Calyrex\n|-end|p1a: Calyrex|Substitute\n|move|p1a: Calyrex|Psychic|p2a: Koraidon\n|-supereffective|p2a: Koraidon\n|-damage|p2a: Koraidon|0 fnt\n|faint|p2a: Koraidon\n|-ability|p1a: Calyrex|Grim Neigh|boost\n|-boost|p1a: Calyrex|spa|1\n|\n|-weather|SunnyDay|[upkeep]\n|upkeep\n|\n|t:|1698689053\n|switch|p2a: Avalugg|Avalugg-Hisui, M|100\/100\n|turn|22\n|\n|t:|1698689058\n|move|p1a: Calyrex|Astral Barrage|p2a: Avalugg\n|-ability|p2a: Avalugg|Sturdy\n|-damage|p2a: Avalugg|1\/100\n|move|p2a: Avalugg|Crunch|p1a: Calyrex\n|-supereffective|p1a: Calyrex\n|-damage|p1a: Calyrex|0 fnt\n|faint|p1a: Calyrex\n|\n|-weather|SunnyDay|[upkeep]\n|upkeep\n|\n|t:|1698689071\n|switch|p1a: Snorlax|Snorlax, M|100\/100\n|-activate|p1a: Snorlax|move: Sticky Web\n|-unboost|p1a: Snorlax|spe|1\n|turn|23\n|\n|t:|1698689075\n|move|p2a: Avalugg|Mountain Gale|p1a: Snorlax\n|-damage|p1a: Snorlax|84\/100\n|cant|p1a: Snorlax|flinch\n|\n|-weather|SunnyDay|[upkeep]\n|-heal|p1a: Snorlax|90\/100|[from] item: Leftovers\n|upkeep\n|turn|24\n|\n|t:|1698689080\n|move|p2a: Avalugg|Mountain Gale|p1a: Snorlax\n|-damage|p1a: Snorlax|74\/100\n|move|p1a: Snorlax|Body Slam|p2a: Avalugg\n|-resisted|p2a: Avalugg\n|-damage|p2a: Avalugg|0 fnt\n|faint|p2a: Avalugg\n|\n|-weather|SunnyDay|[upkeep]\n|-heal|p1a: Snorlax|80\/100|[from] item: Leftovers\n|upkeep\n|\n|t:|1698689087\n|switch|p2a: Scream Tail|Scream Tail|78\/100\n|-activate|p2a: Scream Tail|ability: Protosynthesis\n|-start|p2a: Scream Tail|protosynthesisspe\n|turn|25\n|\n|t:|1698689091\n|move|p2a: Scream Tail|Focus Blast|p1a: Snorlax\n|-supereffective|p1a: Snorlax\n|-damage|p1a: Snorlax|48\/100\n|move|p1a: Snorlax|Fissure|p2a: Scream Tail|[miss]\n|-miss|p1a: Snorlax|p2a: Scream Tail\n|\n|-weather|none\n|-end|p2a: Scream Tail|Protosynthesis\n|-heal|p1a: Snorlax|54\/100|[from] item: Leftovers\n|upkeep\n|turn|26\n|\n|t:|1698689098\n|-end|p2a: Scream Tail|Protosynthesis|[silent]\n|switch|p2a: Shaymin|Shaymin-Sky|100\/100 par\n|move|p1a: Snorlax|Rest|p1a: Snorlax\n|-status|p1a: Snorlax|slp|[from] move: Rest\n|-heal|p1a: Snorlax|100\/100 slp|[silent]\n|\n|upkeep\n|turn|27\n|\n|t:|1698689102\n|move|p2a: Shaymin|Psychic|p1a: Snorlax\n|-damage|p1a: Snorlax|83\/100 slp\n|-unboost|p1a: Snorlax|spd|1\n|cant|p1a: Snorlax|slp\n|move|p1a: Snorlax|Sleep Talk|p1a: Snorlax\n|move|p1a: Snorlax|Fissure|p2a: Shaymin|[from]move: Sleep Talk\n|-immune|p2a: Shaymin\n|\n|-heal|p1a: Snorlax|89\/100 slp|[from] item: Leftovers\n|upkeep\n|turn|28\n|\n|t:|1698689113\n|switch|p1a: Dondozo|Dondozo, M, tera:Grass|39\/100 slp\n|-activate|p1a: Dondozo|move: Sticky Web\n|-unboost|p1a: Dondozo|spe|1\n|cant|p2a: Shaymin|par\n|\n|-heal|p1a: Dondozo|45\/100 slp|[from] item: Leftovers\n|upkeep\n|turn|29\n|\n|t:|1698689119\n|move|p2a: Shaymin|Air Slash|p1a: Dondozo\n|-supereffective|p1a: Dondozo\n|-damage|p1a: Dondozo|0 fnt\n|faint|p1a: Dondozo\n|\n|upkeep\n|\n|t:|1698689125\n|switch|p1a: Snorlax|Snorlax, M|89\/100 slp\n|-activate|p1a: Snorlax|move: Sticky Web\n|-unboost|p1a: Snorlax|spe|1\n|turn|30\n|\n|t:|1698689128\n|move|p2a: Shaymin|Psychic|p1a: Snorlax\n|-damage|p1a: Snorlax|73\/100 slp\n|cant|p1a: Snorlax|slp\n|move|p1a: Snorlax|Sleep Talk|p1a: Snorlax\n|move|p1a: Snorlax|Fissure|p2a: Shaymin|[from]move: Sleep Talk\n|-immune|p2a: Shaymin\n|\n|-heal|p1a: Snorlax|79\/100 slp|[from] item: Leftovers\n|upkeep\n|turn|31\n|\n|t:|1698689132\n|move|p2a: Shaymin|Psychic|p1a: Snorlax\n|-damage|p1a: Snorlax|62\/100 slp\n|-unboost|p1a: Snorlax|spd|1\n|-curestatus|p1a: Snorlax|slp|[msg]\n|move|p1a: Snorlax|Body Slam|p2a: Shaymin\n|-damage|p2a: Shaymin|61\/100 par\n|\n|-heal|p1a: Snorlax|68\/100|[from] item: Leftovers\n|upkeep\n|turn|32\n|\n|t:|1698689141\n|move|p2a: Shaymin|Air Slash|p1a: Snorlax\n|-crit|p1a: Snorlax\n|-damage|p1a: Snorlax|17\/100\n|cant|p1a: Snorlax|flinch\n|\n|-heal|p1a: Snorlax|23\/100|[from] item: Leftovers\n|upkeep\n|turn|33\n|\n|t:|1698689149\n|switch|p1a: Ting-Lu|Ting-Lu|100\/100\n|-activate|p1a: Ting-Lu|move: Sticky Web\n|-unboost|p1a: Ting-Lu|spe|1\n|-ability|p1a: Ting-Lu|Vessel of Ruin\n|cant|p2a: Shaymin|par\n|\n|upkeep\n|turn|34\n|\n|t:|1698689153\n|switch|p1a: Snorlax|Snorlax, M|23\/100\n|-activate|p1a: Snorlax|move: Sticky Web\n|-unboost|p1a: Snorlax|spe|1\n|move|p2a: Shaymin|Air Slash|p1a: Snorlax\n|-damage|p1a: Snorlax|1\/100\n|\n|-heal|p1a: Snorlax|7\/100|[from] item: Leftovers\n|upkeep\n|turn|35\n|\n|t:|1698689156\n|move|p2a: Shaymin|Air Slash|p1a: Snorlax\n|-damage|p1a: Snorlax|0 fnt\n|faint|p1a: Snorlax\n|\n|upkeep\n|\n|t:|1698689160\n|switch|p1a: Ting-Lu|Ting-Lu|100\/100\n|-activate|p1a: Ting-Lu|move: Sticky Web\n|-unboost|p1a: Ting-Lu|spe|1\n|-ability|p1a: Ting-Lu|Vessel of Ruin\n|turn|36\n|\n|t:|1698689165\n|move|p2a: Shaymin|Air Slash|p1a: Ting-Lu\n|-damage|p1a: Ting-Lu|79\/100\n|move|p1a: Ting-Lu|Snarl|p2a: Shaymin\n|-damage|p2a: Shaymin|44\/100 par\n|-unboost|p2a: Shaymin|spa|1\n|\n|-heal|p1a: Ting-Lu|86\/100|[from] item: Leftovers\n|upkeep\n|turn|37\n|\n|t:|1698689170\n|move|p2a: Shaymin|Air Slash|p1a: Ting-Lu\n|-damage|p1a: Ting-Lu|72\/100\n|move|p1a: Ting-Lu|Snarl|p2a: Shaymin\n|-damage|p2a: Shaymin|30\/100 par\n|-unboost|p2a: Shaymin|spa|1\n|\n|-heal|p1a: Ting-Lu|78\/100|[from] item: Leftovers\n|upkeep\n|turn|38\n|\n|t:|1698689175\n|move|p2a: Shaymin|Air Slash|p1a: Ting-Lu\n|-damage|p1a: Ting-Lu|68\/100\n|move|p1a: Ting-Lu|Snarl|p2a: Shaymin\n|-damage|p2a: Shaymin|14\/100 par\n|-unboost|p2a: Shaymin|spa|1\n|\n|-heal|p1a: Ting-Lu|74\/100|[from] item: Leftovers\n|upkeep\n|turn|39\n|\n|t:|1698689178\n|cant|p2a: Shaymin|par\n|move|p1a: Ting-Lu|Snarl|p2a: Shaymin\n|-damage|p2a: Shaymin|0 fnt\n|faint|p2a: Shaymin\n|\n|-heal|p1a: Ting-Lu|80\/100|[from] item: Leftovers\n|upkeep\n|\n|t:|1698689181\n|switch|p2a: Scream Tail|Scream Tail|78\/100\n|turn|40\n|\n|t:|1698689185\n|move|p2a: Scream Tail|Dazzling Gleam|p1a: Ting-Lu\n|-supereffective|p1a: Ting-Lu\n|-damage|p1a: Ting-Lu|53\/100\n|move|p1a: Ting-Lu|Snarl|p2a: Scream Tail\n|-damage|p2a: Scream Tail|68\/100\n|-unboost|p2a: Scream Tail|spa|1\n|\n|-heal|p1a: Ting-Lu|59\/100|[from] item: Leftovers\n|upkeep\n|turn|41\n|\n|t:|1698689189\n|move|p2a: Scream Tail|Dazzling Gleam|p1a: Ting-Lu\n|-supereffective|p1a: Ting-Lu\n|-damage|p1a: Ting-Lu|39\/100\n|move|p1a: Ting-Lu|Snarl|p2a: Scream Tail\n|-damage|p2a: Scream Tail|59\/100\n|-unboost|p2a: Scream Tail|spa|1\n|\n|-heal|p1a: Ting-Lu|46\/100|[from] item: Leftovers\n|upkeep\n|turn|42\n|\n|t:|1698689198\n|move|p2a: Scream Tail|Dazzling Gleam|p1a: Ting-Lu\n|-supereffective|p1a: Ting-Lu\n|-damage|p1a: Ting-Lu|30\/100\n|move|p1a: Ting-Lu|Snarl|p2a: Scream Tail\n|-damage|p2a: Scream Tail|49\/100\n|-unboost|p2a: Scream Tail|spa|1\n|\n|-heal|p1a: Ting-Lu|37\/100|[from] item: Leftovers\n|upkeep\n|turn|43\n|\n|t:|1698689204\n|move|p2a: Scream Tail|Dazzling Gleam|p1a: Ting-Lu\n|-supereffective|p1a: Ting-Lu\n|-damage|p1a: Ting-Lu|25\/100\n|move|p1a: Ting-Lu|Rest|p1a: Ting-Lu\n|-status|p1a: Ting-Lu|slp|[from] move: Rest\n|-heal|p1a: Ting-Lu|100\/100 slp|[silent]\n|\n|upkeep\n|turn|44\n|\n|t:|1698689211\n|move|p2a: Scream Tail|Perish Song|p2a: Scream Tail\n|-start|p1a: Ting-Lu|perish3|[silent]\n|-start|p2a: Scream Tail|perish3|[silent]\n|-fieldactivate|move: Perish Song\n|cant|p1a: Ting-Lu|slp\n|move|p1a: Ting-Lu|Sleep Talk|p1a: Ting-Lu\n|move|p1a: Ting-Lu|Fissure|p2a: Scream Tail|[from]move: Sleep Talk|[miss]\n|-miss|p1a: Ting-Lu|p2a: Scream Tail\n|\n|-start|p2a: Scream Tail|perish3\n|-start|p1a: Ting-Lu|perish3\n|upkeep\n|turn|45\n|\n|t:|1698689218\n|move|p2a: Scream Tail|Focus Blast|p1a: Ting-Lu|[miss]\n|-miss|p2a: Scream Tail|p1a: Ting-Lu\n|cant|p1a: Ting-Lu|slp\n|move|p1a: Ting-Lu|Sleep Talk|p1a: Ting-Lu\n|move|p1a: Ting-Lu|Rest||[from]move: Sleep Talk|[still]\n|-fail|p1a: Ting-Lu\n|\n|-start|p2a: Scream Tail|perish2\n|-start|p1a: Ting-Lu|perish2\n|upkeep\n|turn|46\n|\n|t:|1698689231\n|move|p2a: Scream Tail|Focus Blast|p1a: Ting-Lu\n|-supereffective|p1a: Ting-Lu\n|-damage|p1a: Ting-Lu|89\/100 slp\n|-curestatus|p1a: Ting-Lu|slp|[msg]\n|move|p1a: Ting-Lu|Fissure|p2a: Scream Tail|[miss]\n|-miss|p1a: Ting-Lu|p2a: Scream Tail\n|\n|-heal|p1a: Ting-Lu|95\/100|[from] item: Leftovers\n|-start|p2a: Scream Tail|perish1\n|-start|p1a: Ting-Lu|perish1\n|upkeep\n|turn|47\n|\n|t:|1698689237\n|move|p2a: Scream Tail|Dazzling Gleam|p1a: Ting-Lu\n|-supereffective|p1a: Ting-Lu\n|-damage|p1a: Ting-Lu|83\/100\n|move|p1a: Ting-Lu|Fissure|p2a: Scream Tail\n|-damage|p2a: Scream Tail|0 fnt\n|faint|p2a: Scream Tail\n|-end|p2a: Scream Tail|Protosynthesis|[silent]\n|-ohko\n|\n|win|SukiLycaenion\n|raw|SukiLycaenion's rating: 1422 &rarr; <strong>1440<\/strong><br \/>(+18 for winning)\n|raw|MrBoatCraft YT's rating: 1387 &rarr; <strong>1369<\/strong><br \/>(-18 for losing)\n|l|\u2606MrBoatCraft YT\n","uploadtime":1698689251,"views":9,"p1id":"sukilycaenion","p2id":"mrboatcraftyt","formatid":"gen9anythinggoes","rating":1369,"private":0,"password":""}