{"id":"gen9anythinggoes-1998345841","p1":"ghostlyplanets","p2":"AGLP 1","format":"[Gen 9] Anything Goes","log":"|j|\u2606ghostlyplanets\n|j|\u2606AGLP 1\n|t:|1700931995\n|gametype|singles\n|player|p1|ghostlyplanets|zirco-unite|1456\n|player|p2|AGLP 1|anabel|1587\n|teamsize|p1|6\n|teamsize|p2|6\n|gen|9\n|tier|[Gen 9] Anything Goes\n|rated|\n|rule|HP Percentage Mod: HP is shown in percentages\n|rule|Endless Battle Clause: Forcing endless battles is banned\n|clearpoke\n|poke|p1|Calyrex-Shadow|\n|poke|p1|Arceus-Ground|\n|poke|p1|Koraidon|\n|poke|p1|Arceus|\n|poke|p1|Eternatus|\n|poke|p1|Eternatus|\n|poke|p2|Calyrex-Shadow|\n|poke|p2|Zacian-*|\n|poke|p2|Landorus-Therian, M|\n|poke|p2|Ting-Lu|\n|poke|p2|Koraidon|\n|poke|p2|Arceus|\n|teampreview\n|inactive|Battle timer is ON: inactive players will automatically lose when time's up. (requested by AGLP 1)\n|inactive|ghostlyplanets has 120 seconds left.\n|\n|t:|1700932028\n|start\n|switch|p1a: Amanda|Arceus-Ground|100\/100\n|switch|p2a: Landorus|Landorus-Therian, M|100\/100\n|-ability|p2a: Landorus|Intimidate|boost\n|-unboost|p1a: Amanda|atk|1\n|turn|1\n|\n|t:|1700932036\n|move|p1a: Amanda|Taunt|p2a: Landorus\n|-start|p2a: Landorus|move: Taunt\n|move|p2a: Landorus|Earthquake|p1a: Amanda\n|-damage|p1a: Amanda|66\/100\n|\n|upkeep\n|turn|2\n|\n|t:|1700932040\n|switch|p2a: Zacian|Zacian-Crowned|100\/100\n|-ability|p2a: Zacian|Intrepid Sword|boost\n|-boost|p2a: Zacian|atk|1\n|move|p1a: Amanda|Icy Wind|p2a: Zacian\n|-resisted|p2a: Zacian\n|-damage|p2a: Zacian|92\/100\n|-unboost|p2a: Zacian|spe|1\n|\n|upkeep\n|turn|3\n|\n|t:|1700932047\n|move|p1a: Amanda|Judgment|p2a: Zacian\n|-supereffective|p2a: Zacian\n|-damage|p2a: Zacian|0 fnt\n|faint|p2a: Zacian\n|\n|upkeep\n|\n|t:|1700932052\n|switch|p2a: Landorus|Landorus-Therian, M|100\/100\n|-ability|p2a: Landorus|Intimidate|boost\n|-unboost|p1a: Amanda|atk|1\n|turn|4\n|\n|t:|1700932058\n|move|p1a: Amanda|Icy Wind|p2a: Landorus\n|-supereffective|p2a: Landorus\n|-damage|p2a: Landorus|18\/100\n|-unboost|p2a: Landorus|spe|1\n|move|p2a: Landorus|Earthquake|p1a: Amanda\n|-damage|p1a: Amanda|28\/100\n|\n|upkeep\n|turn|5\n|\n|t:|1700932066\n|move|p1a: Amanda|Icy Wind|p2a: Landorus\n|-supereffective|p2a: Landorus\n|-damage|p2a: Landorus|0 fnt\n|faint|p2a: Landorus\n|\n|upkeep\n|\n|t:|1700932072\n|switch|p2a: Arceus|Arceus|100\/100\n|turn|6\n|\n|t:|1700932077\n|move|p1a: Amanda|Stealth Rock|p2a: Arceus\n|-sidestart|p2: AGLP 1|move: Stealth Rock\n|move|p2a: Arceus|Swords Dance|p2a: Arceus\n|-boost|p2a: Arceus|atk|2\n|\n|upkeep\n|turn|7\n|\n|t:|1700932083\n|move|p2a: Arceus|Extreme Speed|p1a: Amanda\n|-damage|p1a: Amanda|0 fnt\n|faint|p1a: Amanda\n|\n|upkeep\n|\n|t:|1700932090\n|switch|p1a: Kris|Koraidon|100\/100\n|-weather|SunnyDay|[from] ability: Orichalcum Pulse|[of] p1a: Kris\n|-activate|p1a: Kris|Orichalcum Pulse|[source]\n|turn|8\n|\n|t:|1700932101\n|move|p2a: Arceus|Extreme Speed|p1a: Kris\n|-damage|p1a: Kris|21\/100\n|move|p1a: Kris|Close Combat|p2a: Arceus\n|-supereffective|p2a: Arceus\n|-damage|p2a: Arceus|0 fnt\n|-unboost|p1a: Kris|def|1\n|-unboost|p1a: Kris|spd|1\n|faint|p2a: Arceus\n|\n|-weather|SunnyDay|[upkeep]\n|upkeep\n|\n|t:|1700932107\n|switch|p2a: Calyrex|Calyrex-Shadow|100\/100\n|-ability|p2a: Calyrex|As One\n|-ability|p2a: Calyrex|Unnerve\n|-damage|p2a: Calyrex|88\/100|[from] Stealth Rock\n|turn|9\n|\n|t:|1700932115\n|switch|p1a: Asher|Arceus|100\/100\n|move|p2a: Calyrex|Psychic|p1a: Asher\n|-damage|p1a: Asher|62\/100\n|\n|-weather|SunnyDay|[upkeep]\n|upkeep\n|turn|10\n|\n|t:|1700932141\n|switch|p2a: Ting-Lu|Ting-Lu|100\/100\n|-damage|p2a: Ting-Lu|94\/100|[from] Stealth Rock\n|-ability|p2a: Ting-Lu|Vessel of Ruin\n|move|p1a: Asher|Shadow Claw|p2a: Ting-Lu\n|-resisted|p2a: Ting-Lu\n|-damage|p2a: Ting-Lu|87\/100\n|\n|-weather|SunnyDay|[upkeep]\n|-heal|p2a: Ting-Lu|94\/100|[from] item: Leftovers\n|upkeep\n|turn|11\n|\n|t:|1700932150\n|move|p1a: Asher|Swords Dance|p1a: Asher\n|-boost|p1a: Asher|atk|2\n|move|p2a: Ting-Lu|Spikes|p1a: Asher\n|-sidestart|p1: ghostlyplanets|Spikes\n|\n|-weather|SunnyDay|[upkeep]\n|-heal|p2a: Ting-Lu|99\/100|[from] item: Leftovers\n|upkeep\n|turn|12\n|\n|t:|1700932155\n|move|p1a: Asher|Swords Dance|p1a: Asher\n|-boost|p1a: Asher|atk|2\n|move|p2a: Ting-Lu|Whirlwind|p1a: Asher\n|drag|p1a: Ern|Eternatus|100\/100\n|-damage|p1a: Ern|88\/100|[from] Spikes\n|-ability|p1a: Ern|Pressure\n|\n|-weather|none\n|-heal|p1a: Ern|94\/100|[from] item: Leftovers\n|-heal|p2a: Ting-Lu|100\/100|[from] item: Leftovers\n|upkeep\n|turn|13\n|\n|t:|1700932161\n|move|p1a: Ern|Toxic|p2a: Ting-Lu\n|-status|p2a: Ting-Lu|tox\n|move|p2a: Ting-Lu|Earthquake|p1a: Ern\n|-supereffective|p1a: Ern\n|-damage|p1a: Ern|37\/100\n|\n|-heal|p1a: Ern|43\/100|[from] item: Leftovers\n|-damage|p2a: Ting-Lu|94\/100 tox|[from] psn\n|upkeep\n|turn|14\n|\n|t:|1700932171\n|move|p1a: Ern|Recover|p1a: Ern\n|-heal|p1a: Ern|93\/100\n|move|p2a: Ting-Lu|Earthquake|p1a: Ern\n|-supereffective|p1a: Ern\n|-damage|p1a: Ern|34\/100\n|\n|-heal|p1a: Ern|41\/100|[from] item: Leftovers\n|-heal|p2a: Ting-Lu|100\/100 tox|[from] item: Leftovers\n|-damage|p2a: Ting-Lu|88\/100 tox|[from] psn\n|upkeep\n|turn|15\n|\n|t:|1700932182\n|move|p1a: Ern|Recover|p1a: Ern\n|-heal|p1a: Ern|91\/100\n|move|p2a: Ting-Lu|Spikes|p1a: Ern\n|-sidestart|p1: ghostlyplanets|Spikes\n|\n|-heal|p1a: Ern|97\/100|[from] item: Leftovers\n|-heal|p2a: Ting-Lu|94\/100 tox|[from] item: Leftovers\n|-damage|p2a: Ting-Lu|76\/100 tox|[from] psn\n|upkeep\n|turn|16\n|\n|t:|1700932187\n|move|p1a: Ern|Flamethrower|p2a: Ting-Lu\n|-damage|p2a: Ting-Lu|64\/100 tox\n|move|p2a: Ting-Lu|Whirlwind|p1a: Ern\n|drag|p1a: Emmet|Eternatus|100\/100\n|-damage|p1a: Emmet|84\/100|[from] Spikes\n|-ability|p1a: Emmet|Pressure\n|\n|-heal|p2a: Ting-Lu|70\/100 tox|[from] item: Leftovers\n|-damage|p2a: Ting-Lu|45\/100 tox|[from] psn\n|upkeep\n|turn|17\n|\n|t:|1700932192\n|move|p1a: Emmet|Dynamax Cannon|p2a: Ting-Lu\n|-damage|p2a: Ting-Lu|9\/100 tox\n|-damage|p1a: Emmet|74\/100|[from] item: Life Orb\n|move|p2a: Ting-Lu|Whirlwind|p1a: Emmet\n|drag|p1a: Ern|Eternatus|97\/100\n|-damage|p1a: Ern|80\/100|[from] Spikes\n|-ability|p1a: Ern|Pressure\n|\n|-heal|p1a: Ern|86\/100|[from] item: Leftovers\n|-heal|p2a: Ting-Lu|15\/100 tox|[from] item: Leftovers\n|-damage|p2a: Ting-Lu|0 fnt|[from] psn\n|faint|p2a: Ting-Lu\n|upkeep\n|c|\u2606ghostlyplanets|lmao\n|inactive|AGLP 1 has 120 seconds left.\n|\n|t:|1700932230\n|switch|p2a: Koraidon|Koraidon|100\/100\n|-damage|p2a: Koraidon|94\/100|[from] Stealth Rock\n|-weather|SunnyDay|[from] ability: Orichalcum Pulse|[of] p2a: Koraidon\n|-activate|p2a: Koraidon|Orichalcum Pulse|[source]\n|turn|18\n|inactive|AGLP 1 has 120 seconds left.\n|inactive|ghostlyplanets has 120 seconds left.\n|\n|t:|1700932263\n|switch|p1a: Asher|Arceus|62\/100\n|move|p2a: Koraidon|Scale Shot|p1a: Asher\n|-damage|p1a: Asher|49\/100\n|-damage|p1a: Asher|34\/100\n|-damage|p1a: Asher|20\/100\n|-damage|p1a: Asher|7\/100\n|-hitcount|p1a: Asher|4\n|-unboost|p2a: Koraidon|def|1\n|-boost|p2a: Koraidon|spe|1\n|\n|-weather|SunnyDay|[upkeep]\n|upkeep\n|turn|19\n|\n|t:|1700932271\n|move|p1a: Asher|Extreme Speed|p2a: Koraidon\n|-damage|p2a: Koraidon|35\/100\n|move|p2a: Koraidon|Scale Shot|p1a: Asher\n|-damage|p1a: Asher|0 fnt\n|faint|p1a: Asher\n|-hitcount|p1: Asher|1\n|-unboost|p2a: Koraidon|def|1\n|-boost|p2a: Koraidon|spe|1\n|\n|-weather|SunnyDay|[upkeep]\n|upkeep\n|inactive|ghostlyplanets has 120 seconds left.\n|\n|t:|1700932282\n|switch|p1a: Kris|Koraidon|21\/100\n|-damage|p1a: Kris|5\/100|[from] Spikes\n|-activate|p1a: Kris|ability: Orichalcum Pulse\n|turn|20\n|\n|t:|1700932292\n|move|p2a: Koraidon|Flare Blitz|p1a: Kris\n|-resisted|p1a: Kris\n|-damage|p1a: Kris|0 fnt\n|faint|p1a: Kris\n|-damage|p2a: Koraidon|34\/100|[from] Recoil\n|\n|-weather|SunnyDay|[upkeep]\n|upkeep\n|\n|t:|1700932297\n|switch|p1a: Ern|Eternatus|86\/100\n|-damage|p1a: Ern|70\/100|[from] Spikes\n|-ability|p1a: Ern|Pressure\n|turn|21\n|\n|t:|1700932302\n|-terastallize|p1a: Ern|Poison\n|move|p2a: Koraidon|Scale Shot|p1a: Ern\n|-crit|p1a: Ern\n|-damage|p1a: Ern|47\/100\n|-damage|p1a: Ern|33\/100\n|-damage|p1a: Ern|16\/100\n|-damage|p1a: Ern|0 fnt\n|faint|p1a: Ern\n|-hitcount|p1: Ern|4\n|-unboost|p2a: Koraidon|def|1\n|-boost|p2a: Koraidon|spe|1\n|\n|-weather|SunnyDay|[upkeep]\n|upkeep\n|\n|t:|1700932307\n|switch|p1a: Calvin|Calyrex-Shadow|100\/100\n|-ability|p1a: Calvin|As One\n|-ability|p1a: Calvin|Unnerve\n|-damage|p1a: Calvin|84\/100|[from] Spikes\n|turn|22\n|\n|t:|1700932312\n|move|p2a: Koraidon|Scale Shot|p1a: Calvin\n|-damage|p1a: Calvin|62\/100\n|-damage|p1a: Calvin|39\/100\n|-damage|p1a: Calvin|15\/100\n|-damage|p1a: Calvin|0 fnt\n|faint|p1a: Calvin\n|-hitcount|p1: Calvin|4\n|-unboost|p2a: Koraidon|def|1\n|-boost|p2a: Koraidon|spe|1\n|\n|-weather|none\n|upkeep\n|\n|t:|1700932314\n|switch|p1a: Emmet|Eternatus|74\/100\n|-damage|p1a: Emmet|57\/100|[from] Spikes\n|-ability|p1a: Emmet|Pressure\n|turn|23\n|\n|t:|1700932319\n|move|p2a: Koraidon|Scale Shot|p1a: Emmet\n|-supereffective|p1a: Emmet\n|-damage|p1a: Emmet|31\/100\n|-supereffective|p1a: Emmet\n|-damage|p1a: Emmet|8\/100\n|-supereffective|p1a: Emmet\n|-damage|p1a: Emmet|0 fnt\n|faint|p1a: Emmet\n|-hitcount|p1: Emmet|3\n|\n|win|AGLP 1\n|raw|ghostlyplanets's rating: 1456 &rarr; <strong>1443<\/strong><br \/>(-13 for losing)\n|raw|AGLP 1's rating: 1587 &rarr; <strong>1600<\/strong><br \/>(+13 for winning)\n|c|\u2606AGLP 1|Gg\n|c|\u2606ghostlyplanets|gg\n|l|\u2606ghostlyplanets\n|l|\u2606AGLP 1\n","uploadtime":1700932422,"views":0,"p1id":"ghostlyplanets","p2id":"aglp1","formatid":"gen9anythinggoes","rating":1443,"private":0,"password":""}