{"id":"gen9anythinggoes-1971879929","p1":"Juuppa","p2":"AlphaOmega07","format":"[Gen 9] Anything Goes","log":"|j|\u2606Juuppa\n|j|\u2606AlphaOmega07\n|t:|1697786039\n|gametype|singles\n|player|p1|Juuppa|roxie|1030\n|player|p2|AlphaOmega07|266|1031\n|teamsize|p1|5\n|teamsize|p2|6\n|gen|9\n|tier|[Gen 9] Anything Goes\n|rated|\n|rule|HP Percentage Mod: HP is shown in percentages\n|rule|Endless Battle Clause: Forcing endless battles is banned\n|clearpoke\n|poke|p1|Chandelure, M|\n|poke|p1|Trevenant, F|\n|poke|p1|Mimikyu, F|\n|poke|p1|Dusclops, F|\n|poke|p1|Sableye, F|\n|poke|p2|Eternatus|\n|poke|p2|Donphan, L6, M|\n|poke|p2|Donphan, L6, M|\n|poke|p2|Donphan, L6, M|\n|poke|p2|Donphan, L6, F|\n|poke|p2|Donphan, L6, F|\n|teampreview\n|inactive|Battle timer is ON: inactive players will automatically lose when time's up. (requested by AlphaOmega07)\n|inactive|AlphaOmega07 has 120 seconds left.\n|c|\u2606AlphaOmega07|Yeah no, im not stalling out 5 ghosts, lets see how far we get\n|\n|t:|1697786075\n|start\n|switch|p1a: Yoink!!|Sableye, F|100\/100\n|switch|p2a: Eternatus|Eternatus|100\/100\n|-ability|p2a: Eternatus|Pressure\n|turn|1\n|\n|t:|1697786086\n|move|p1a: Yoink!!|Thunder Wave|p2a: Eternatus|[miss]\n|-miss|p1a: Yoink!!|p2a: Eternatus\n|move|p2a: Eternatus|Toxic Spikes|p1a: Yoink!!\n|-sidestart|p1: Juuppa|move: Toxic Spikes\n|\n|upkeep\n|turn|2\n|\n|t:|1697786096\n|move|p1a: Yoink!!|Thunder Wave|p2a: Eternatus\n|-status|p2a: Eternatus|par\n|cant|p2a: Eternatus|par\n|\n|upkeep\n|turn|3\n|\n|t:|1697786101\n|move|p1a: Yoink!!|Fling|p2a: Eternatus\n|-damage|p2a: Eternatus|95\/100 par\n|-enditem|p1a: Yoink!!|King's Rock|[from] move: Fling\n|cant|p2a: Eternatus|flinch\n|\n|-heal|p2a: Eternatus|100\/100 par|[from] item: Leftovers\n|upkeep\n|turn|4\n|\n|t:|1697786110\n|move|p1a: Yoink!!|Thief|p2a: Eternatus\n|-damage|p2a: Eternatus|87\/100 par\n|-enditem|p2a: Eternatus|Leftovers|[silent]|[from] move: Thief|[of] p1a: Yoink!!\n|-item|p1a: Yoink!!|Leftovers|[from] move: Thief|[of] p2a: Eternatus\n|move|p2a: Eternatus|Toxic Spikes|p1a: Yoink!!\n|-sidestart|p1: Juuppa|move: Toxic Spikes\n|\n|upkeep\n|turn|5\n|\n|t:|1697786117\n|move|p1a: Yoink!!|Hex|p2a: Eternatus\n|-damage|p2a: Eternatus|67\/100 par\n|move|p2a: Eternatus|Toxic|p1a: Yoink!!\n|-status|p1a: Yoink!!|tox\n|\n|-damage|p1a: Yoink!!|94\/100 tox|[from] psn\n|upkeep\n|turn|6\n|\n|t:|1697786124\n|move|p1a: Yoink!!|Hex|p2a: Eternatus\n|-damage|p2a: Eternatus|46\/100 par\n|move|p2a: Eternatus|Shadow Ball|p1a: Yoink!!\n|-damage|p1a: Yoink!!|51\/100 tox\n|\n|-heal|p1a: Yoink!!|57\/100 tox|[from] item: Leftovers\n|-damage|p1a: Yoink!!|44\/100 tox|[from] psn\n|upkeep\n|turn|7\n|\n|t:|1697786140\n|move|p1a: Yoink!!|Hex|p2a: Eternatus\n|-damage|p2a: Eternatus|27\/100 par\n|move|p2a: Eternatus|Shadow Ball|p1a: Yoink!!\n|-damage|p1a: Yoink!!|3\/100 tox\n|\n|-heal|p1a: Yoink!!|9\/100 tox|[from] item: Leftovers\n|-damage|p1a: Yoink!!|0 fnt|[from] psn\n|faint|p1a: Yoink!!\n|upkeep\n|\n|t:|1697786152\n|switch|p1a: Cosplay|Mimikyu, F, shiny|100\/100\n|-status|p1a: Cosplay|tox\n|turn|8\n|\n|t:|1697786157\n|move|p1a: Cosplay|Swords Dance|p1a: Cosplay\n|-boost|p1a: Cosplay|atk|2\n|cant|p2a: Eternatus|par\n|\n|-damage|p1a: Cosplay|95\/100 tox|[from] psn\n|upkeep\n|turn|9\n|\n|t:|1697786163\n|move|p2a: Eternatus|Protect|p2a: Eternatus\n|-singleturn|p2a: Eternatus|Protect\n|move|p1a: Cosplay|Swords Dance|p1a: Cosplay\n|-boost|p1a: Cosplay|atk|2\n|\n|-damage|p1a: Cosplay|83\/100 tox|[from] psn\n|upkeep\n|turn|10\n|\n|t:|1697786170\n|move|p2a: Eternatus|Protect|p2a: Eternatus\n|-singleturn|p2a: Eternatus|Protect\n|move|p1a: Cosplay|Shadow Sneak|p2a: Eternatus\n|-activate|p2a: Eternatus|move: Protect\n|\n|-damage|p1a: Cosplay|65\/100 tox|[from] psn\n|upkeep\n|turn|11\n|\n|t:|1697786177\n|move|p1a: Cosplay|Shadow Sneak|p2a: Eternatus\n|-damage|p2a: Eternatus|0 fnt\n|faint|p2a: Eternatus\n|-damage|p1a: Cosplay|55\/100 tox|[from] item: Life Orb\n|\n|-damage|p1a: Cosplay|31\/100 tox|[from] psn\n|upkeep\n|\n|t:|1697786183\n|switch|p2a: Donphan|Donphan, L6, M|100\/100\n|turn|12\n|\n|t:|1697786187\n|move|p2a: Donphan|Protect|p2a: Donphan\n|-singleturn|p2a: Donphan|Protect\n|move|p1a: Cosplay|Shadow Sneak|p2a: Donphan\n|-activate|p2a: Donphan|move: Protect\n|\n|-damage|p1a: Cosplay|1\/100 tox|[from] psn\n|upkeep\n|turn|13\n|\n|t:|1697786196\n|move|p1a: Cosplay|Shadow Sneak|p2a: Donphan\n|-ability|p2a: Donphan|Sturdy\n|-damage|p2a: Donphan|4\/100\n|-damage|p1a: Cosplay|0 fnt|[from] item: Life Orb\n|faint|p1a: Cosplay\n|move|p2a: Donphan|Ice Shard|p1: Cosplay|[notarget]\n|-fail|p2a: Donphan\n|\n|upkeep\n|\n|t:|1697786208\n|switch|p1a: Eye|Dusclops, F|100\/100\n|-status|p1a: Eye|tox\n|-ability|p1a: Eye|Pressure\n|turn|14\n|\n|t:|1697786214\n|move|p2a: Donphan|Protect|p2a: Donphan\n|-singleturn|p2a: Donphan|Protect\n|move|p1a: Eye|Hex|p2a: Donphan\n|-activate|p2a: Donphan|move: Protect\n|\n|-damage|p1a: Eye|94\/100 tox|[from] psn\n|upkeep\n|turn|15\n|\n|t:|1697786223\n|move|p2a: Donphan|Protect||[still]\n|-fail|p2a: Donphan\n|move|p1a: Eye|Hex|p2a: Donphan\n|-damage|p2a: Donphan|0 fnt\n|faint|p2a: Donphan\n|\n|-damage|p1a: Eye|82\/100 tox|[from] psn\n|upkeep\n|\n|t:|1697786227\n|switch|p2a: Donphan|Donphan, L6, M|100\/100\n|turn|16\n|\n|t:|1697786234\n|move|p2a: Donphan|Protect|p2a: Donphan\n|-singleturn|p2a: Donphan|Protect\n|move|p1a: Eye|Hex|p2a: Donphan\n|-activate|p2a: Donphan|move: Protect\n|\n|-damage|p1a: Eye|64\/100 tox|[from] psn\n|upkeep\n|turn|17\n|\n|t:|1697786245\n|-terastallize|p2a: Donphan|Normal\n|move|p2a: Donphan|Protect||[still]\n|-fail|p2a: Donphan\n|move|p1a: Eye|Hex|p2a: Donphan\n|-immune|p2a: Donphan\n|\n|-damage|p1a: Eye|40\/100 tox|[from] psn\n|upkeep\n|turn|18\n|\n|t:|1697786253\n|move|p2a: Donphan|Protect|p2a: Donphan\n|-singleturn|p2a: Donphan|Protect\n|move|p1a: Eye|Dark Pulse|p2a: Donphan\n|-activate|p2a: Donphan|move: Protect\n|\n|-damage|p1a: Eye|9\/100 tox|[from] psn\n|upkeep\n|turn|19\n|\n|t:|1697786263\n|move|p2a: Donphan|Protect||[still]\n|-fail|p2a: Donphan\n|move|p1a: Eye|Dark Pulse|p2a: Donphan\n|-ability|p2a: Donphan|Sturdy\n|-damage|p2a: Donphan|4\/100\n|\n|-damage|p1a: Eye|0 fnt|[from] psn\n|faint|p1a: Eye\n|upkeep\n|\n|t:|1697786273\n|switch|p1a: I wanna swing!|Chandelure, M|100\/100\n|-status|p1a: I wanna swing!|tox\n|turn|20\n|\n|t:|1697786279\n|move|p2a: Donphan|Protect|p2a: Donphan\n|-singleturn|p2a: Donphan|Protect\n|move|p1a: I wanna swing!|Flamethrower|p2a: Donphan\n|-activate|p2a: Donphan|move: Protect\n|\n|-damage|p1a: I wanna swing!|94\/100 tox|[from] psn\n|upkeep\n|turn|21\n|\n|t:|1697786286\n|move|p2a: Donphan|Protect||[still]\n|-fail|p2a: Donphan\n|move|p1a: I wanna swing!|Flamethrower|p2a: Donphan\n|-damage|p2a: Donphan|0 fnt\n|faint|p2a: Donphan\n|\n|-damage|p1a: I wanna swing!|82\/100 tox|[from] psn\n|upkeep\n|\n|t:|1697786289\n|switch|p2a: Donphan|Donphan, L6, M|100\/100\n|turn|22\n|\n|t:|1697786298\n|move|p2a: Donphan|Protect|p2a: Donphan\n|-singleturn|p2a: Donphan|Protect\n|move|p1a: I wanna swing!|Energy Ball|p2a: Donphan\n|-activate|p2a: Donphan|move: Protect\n|\n|-damage|p1a: I wanna swing!|64\/100 tox|[from] psn\n|upkeep\n|turn|23\n|\n|t:|1697786307\n|move|p2a: Donphan|Protect||[still]\n|-fail|p2a: Donphan\n|move|p1a: I wanna swing!|Energy Ball|p2a: Donphan\n|-supereffective|p2a: Donphan\n|-ability|p2a: Donphan|Sturdy\n|-damage|p2a: Donphan|4\/100\n|-unboost|p2a: Donphan|spd|1\n|\n|-damage|p1a: I wanna swing!|39\/100 tox|[from] psn\n|upkeep\n|-enditem|p1a: I wanna swing!|Sitrus Berry|[eat]\n|-heal|p1a: I wanna swing!|64\/100 tox|[from] item: Sitrus Berry\n|turn|24\n|\n|t:|1697786319\n|move|p2a: Donphan|Protect|p2a: Donphan\n|-singleturn|p2a: Donphan|Protect\n|move|p1a: I wanna swing!|Energy Ball|p2a: Donphan\n|-activate|p2a: Donphan|move: Protect\n|\n|-damage|p1a: I wanna swing!|33\/100 tox|[from] psn\n|upkeep\n|turn|25\n|\n|t:|1697786326\n|move|p2a: Donphan|Protect|p2a: Donphan\n|-singleturn|p2a: Donphan|Protect\n|move|p1a: I wanna swing!|Energy Ball|p2a: Donphan\n|-activate|p2a: Donphan|move: Protect\n|\n|-damage|p1a: I wanna swing!|0 fnt|[from] psn\n|faint|p1a: I wanna swing!\n|upkeep\n|\n|t:|1697786334\n|switch|p1a: Night in the Woods|Trevenant, F, shiny|100\/100\n|-status|p1a: Night in the Woods|tox\n|turn|26\n|\n|t:|1697786346\n|move|p2a: Donphan|Protect||[still]\n|-fail|p2a: Donphan\n|move|p1a: Night in the Woods|Horn Leech|p2a: Donphan\n|-supereffective|p2a: Donphan\n|-damage|p2a: Donphan|0 fnt\n|faint|p2a: Donphan\n|\n|-damage|p1a: Night in the Woods|94\/100 tox|[from] psn\n|upkeep\n|\n|t:|1697786359\n|switch|p2a: Donphan|Donphan, L6, F|100\/100\n|turn|27\n|\n|t:|1697786364\n|move|p2a: Donphan|Protect|p2a: Donphan\n|-singleturn|p2a: Donphan|Protect\n|move|p1a: Night in the Woods|Horn Leech|p2a: Donphan\n|-activate|p2a: Donphan|move: Protect\n|\n|-damage|p1a: Night in the Woods|82\/100 tox|[from] psn\n|upkeep\n|turn|28\n|\n|t:|1697786372\n|move|p2a: Donphan|Protect|p2a: Donphan\n|-singleturn|p2a: Donphan|Protect\n|move|p1a: Night in the Woods|Horn Leech|p2a: Donphan\n|-activate|p2a: Donphan|move: Protect\n|\n|-damage|p1a: Night in the Woods|64\/100 tox|[from] psn\n|upkeep\n|turn|29\n|c|\u2606Juuppa|How are you constantly getting double protect?\n|inactive|Juuppa has 120 seconds left.\n|c|\u2606AlphaOmega07|I am luck\n|\n|t:|1697786410\n|move|p2a: Donphan|Protect||[still]\n|-fail|p2a: Donphan\n|move|p1a: Night in the Woods|Horn Leech|p2a: Donphan\n|-supereffective|p2a: Donphan\n|-ability|p2a: Donphan|Sturdy\n|-damage|p2a: Donphan|4\/100\n|-heal|p1a: Night in the Woods|68\/100 tox|[from] drain|[of] p2a: Donphan\n|\n|-damage|p1a: Night in the Woods|44\/100 tox|[from] psn\n|upkeep\n|-enditem|p1a: Night in the Woods|Sitrus Berry|[eat]\n|-heal|p1a: Night in the Woods|68\/100 tox|[from] item: Sitrus Berry\n|turn|30\n|inactive|Juuppa has 120 seconds left.\n|\n|t:|1697786423\n|move|p2a: Donphan|Protect|p2a: Donphan\n|-singleturn|p2a: Donphan|Protect\n|move|p1a: Night in the Woods|Horn Leech|p2a: Donphan\n|-activate|p2a: Donphan|move: Protect\n|\n|-damage|p1a: Night in the Woods|38\/100 tox|[from] psn\n|upkeep\n|turn|31\n|inactive|Juuppa has 120 seconds left.\n|\n|t:|1697786430\n|move|p2a: Donphan|Protect||[still]\n|-fail|p2a: Donphan\n|move|p1a: Night in the Woods|Horn Leech|p2a: Donphan\n|-supereffective|p2a: Donphan\n|-damage|p2a: Donphan|0 fnt\n|-heal|p1a: Night in the Woods|38\/100 tox|[from] drain|[of] p2a: Donphan\n|faint|p2a: Donphan\n|\n|-damage|p1a: Night in the Woods|1\/100 tox|[from] psn\n|-item|p1a: Night in the Woods|Sitrus Berry|[from] ability: Harvest\n|upkeep\n|-enditem|p1a: Night in the Woods|Sitrus Berry|[eat]\n|-heal|p1a: Night in the Woods|26\/100 tox|[from] item: Sitrus Berry\n|\n|t:|1697786434\n|switch|p2a: Donphan|Donphan, L6, F|100\/100\n|turn|32\n|\n|t:|1697786449\n|move|p2a: Donphan|Protect|p2a: Donphan\n|-singleturn|p2a: Donphan|Protect\n|move|p1a: Night in the Woods|Horn Leech|p2a: Donphan\n|-activate|p2a: Donphan|move: Protect\n|\n|-damage|p1a: Night in the Woods|0 fnt|[from] psn\n|faint|p1a: Night in the Woods\n|\n|win|AlphaOmega07\n|upkeep\n|raw|Juuppa's rating: 1030 &rarr; <strong>1016<\/strong><br \/>(-14 for losing)\n|raw|AlphaOmega07's rating: 1031 &rarr; <strong>1066<\/strong><br \/>(+35 for winning)\n|c|\u2606AlphaOmega07|gg\n|l|\u2606Juuppa\n","uploadtime":1697786458,"views":8,"p1id":"juuppa","p2id":"alphaomega07","formatid":"gen9anythinggoes","rating":1016,"private":0,"password":""}