{"id":"gen9anythinggoes-1972619326","p1":"theironpikachu%\u25d5\u203f\u25d5","p2":"dreepy airlines","format":"[Gen 9] Anything Goes","log":"|j|\u2606theironpikachu%\u25d5\u203f\u25d5\n|j|\u2606dreepy airlines\n|inactive|Battle timer is ON: inactive players will automatically lose when time's up.\n|t:|1697865422\n|gametype|singles\n|player|p1|theironpikachu%\u25d5\u203f\u25d5|may-masters|\n|player|p2|dreepy airlines|shauna-masters|\n|teamsize|p1|6\n|teamsize|p2|6\n|gen|9\n|tier|[Gen 9] Anything Goes\n|rated|Tournament battle\n|rule|HP Percentage Mod: HP is shown in percentages\n|rule|Endless Battle Clause: Forcing endless battles is banned\n|clearpoke\n|poke|p1|Thundurus, M|\n|poke|p1|Hoopa-Unbound|\n|poke|p1|Calyrex-Shadow|\n|poke|p1|Ursaluna, F|\n|poke|p1|Clodsire, M|\n|poke|p1|Tornadus, M|\n|poke|p2|Ursaluna, M|\n|poke|p2|Ursaluna, F|\n|poke|p2|Calyrex-Shadow|\n|poke|p2|Corviknight, F|\n|poke|p2|Chien-Pao|\n|poke|p2|Grimmsnarl, M|\n|teampreview\n|j|*Lady Monita \u263d\n|inactive|theironpikachu%\u25d5\u203f\u25d5 also wants the timer to be on.\n|j| happysh\n|c|\u2606dreepy airlines|hf\n|inactive|theironpikachu%\u25d5\u203f\u25d5 has 120 seconds left.\n|c|\u2606theironpikachu%\u25d5\u203f\u25d5|glhf\n|\n|t:|1697865466\n|start\n|switch|p1a: Thundurus|Thundurus, M|100\/100\n|switch|p2a: Grimmsnarl|Grimmsnarl, M|100\/100\n|turn|1\n|\n|t:|1697865475\n|move|p1a: Thundurus|Baton Pass|p1a: Thundurus\n|\n|t:|1697865477\n|switch|p1a: Hoopa|Hoopa-Unbound|100\/100|[from] Baton Pass\n|move|p2a: Grimmsnarl|Taunt|p1a: Hoopa\n|-hint|Since gen 7, Dark is immune to Prankster moves.\n|-immune|p1a: Hoopa\n|\n|upkeep\n|turn|2\n|\n|t:|1697865482\n|move|p2a: Grimmsnarl|Shed Tail|p2a: Grimmsnarl\n|-start|p2a: Grimmsnarl|Substitute|[from] move: Shed Tail\n|-damage|p2a: Grimmsnarl|50\/100\n|\n|t:|1697865486\n|switch|p2a: Ursaluna|Ursaluna, M|100\/100|[from] Shed Tail\n|move|p1a: Hoopa|Gigaton Hammer|p2a: Ursaluna\n|-end|p2a: Ursaluna|Substitute\n|-damage|p1a: Hoopa|91\/100|[from] item: Life Orb\n|\n|-status|p2a: Ursaluna|brn|[from] item: Flame Orb\n|upkeep\n|turn|3\n|\n|t:|1697865494\n|switch|p1a: Calyrex|Calyrex-Shadow|100\/100\n|-ability|p1a: Calyrex|As One\n|-ability|p1a: Calyrex|Unnerve\n|move|p2a: Ursaluna|Extreme Speed|p1a: Calyrex\n|-immune|p1a: Calyrex\n|\n|-damage|p2a: Ursaluna|94\/100 brn|[from] brn\n|upkeep\n|turn|4\n|\n|t:|1697865517\n|switch|p1a: Ursaluna|Ursaluna, F|100\/100\n|move|p2a: Ursaluna|Extreme Speed|p1a: Ursaluna\n|-damage|p1a: Ursaluna|46\/100\n|\n|-damage|p2a: Ursaluna|88\/100 brn|[from] brn\n|-status|p1a: Ursaluna|brn|[from] item: Flame Orb\n|upkeep\n|turn|5\n|\n|t:|1697865521\n|move|p2a: Ursaluna|Extreme Speed|p1a: Ursaluna\n|-damage|p1a: Ursaluna|0 fnt\n|faint|p1a: Ursaluna\n|\n|-damage|p2a: Ursaluna|82\/100 brn|[from] brn\n|upkeep\n|\n|t:|1697865536\n|switch|p1a: Tornadus|Tornadus, M|100\/100\n|turn|6\n|\n|t:|1697865540\n|move|p2a: Ursaluna|Extreme Speed|p1a: Tornadus\n|-damage|p1a: Tornadus|39\/100\n|move|p1a: Tornadus|Revival Blessing|p1a: Tornadus\n|-enditem|p1a: Tornadus|Leppa Berry|[eat]\n|-activate|p1a: Tornadus|item: Leppa Berry|Revival Blessing|[consumed]\n|\n|t:|1697865544\n|-heal|p1: Ursaluna|50\/100|[from] move: Revival Blessing\n|\n|-damage|p2a: Ursaluna|76\/100 brn|[from] brn\n|upkeep\n|turn|7\n|j| guihg\n|\n|t:|1697865549\n|switch|p1a: Ursaluna|Ursaluna, F|50\/100\n|move|p2a: Ursaluna|Extreme Speed|p1a: Ursaluna\n|-damage|p1a: Ursaluna|0 fnt\n|faint|p1a: Ursaluna\n|\n|-damage|p2a: Ursaluna|69\/100 brn|[from] brn\n|upkeep\n|c|\u2606dreepy airlines|interesting\n|c|\u2606theironpikachu%\u25d5\u203f\u25d5|thought u were gonna sneak predicting caly\n|c|\u2606dreepy airlines|nah\n|\n|t:|1697865577\n|switch|p1a: Calyrex|Calyrex-Shadow|100\/100\n|-ability|p1a: Calyrex|As One\n|-ability|p1a: Calyrex|Unnerve\n|turn|8\n|\n|t:|1697865584\n|-terastallize|p1a: Calyrex|Psychic\n|move|p2a: Ursaluna|Shadow Sneak|p1a: Calyrex\n|-supereffective|p1a: Calyrex\n|-damage|p1a: Calyrex|47\/100\n|move|p1a: Calyrex|Boomburst|p2a: Ursaluna\n|-damage|p2a: Ursaluna|7\/100 brn\n|\n|-damage|p2a: Ursaluna|1\/100 brn|[from] brn\n|upkeep\n|turn|9\n|\n|t:|1697865597\n|switch|p1a: Clodsire|Clodsire, M|100\/100\n|move|p2a: Ursaluna|Extreme Speed|p1a: Clodsire\n|-damage|p1a: Clodsire|25\/100\n|\n|-heal|p1a: Clodsire|31\/100|[from] item: Black Sludge\n|-damage|p2a: Ursaluna|0 fnt|[from] brn\n|faint|p2a: Ursaluna\n|upkeep\n|\n|t:|1697865600\n|switch|p2a: Ursaluna|Ursaluna, F|100\/100\n|turn|10\n|\n|t:|1697865604\n|move|p2a: Ursaluna|Earthquake|p1a: Clodsire\n|-supereffective|p1a: Clodsire\n|-damage|p1a: Clodsire|0 fnt\n|faint|p1a: Clodsire\n|\n|-status|p2a: Ursaluna|brn|[from] item: Flame Orb\n|upkeep\n|c|\u2606dreepy airlines|another\n|\n|t:|1697865611\n|switch|p1a: Tornadus|Tornadus, M|39\/100\n|turn|11\n|\n|t:|1697865614\n|move|p2a: Ursaluna|Extreme Speed|p1a: Tornadus\n|-damage|p1a: Tornadus|0 fnt\n|faint|p1a: Tornadus\n|\n|-damage|p2a: Ursaluna|94\/100 brn|[from] brn\n|upkeep\n|\n|t:|1697865618\n|switch|p1a: Thundurus|Thundurus, M|100\/100\n|turn|12\n|\n|t:|1697865621\n|move|p2a: Ursaluna|Extreme Speed|p1a: Thundurus\n|-damage|p1a: Thundurus|9\/100\n|move|p1a: Thundurus|Substitute|p1a: Thundurus\n|-fail|p1a: Thundurus|move: Substitute|[weak]\n|\n|-damage|p2a: Ursaluna|88\/100 brn|[from] brn\n|upkeep\n|turn|13\n|\n|t:|1697865629\n|move|p2a: Ursaluna|Extreme Speed|p1a: Thundurus\n|-damage|p1a: Thundurus|0 fnt\n|faint|p1a: Thundurus\n|\n|-damage|p2a: Ursaluna|82\/100 brn|[from] brn\n|upkeep\n|\n|t:|1697865631\n|switch|p1a: Hoopa|Hoopa-Unbound|91\/100\n|turn|14\n|c|\u2606theironpikachu%\u25d5\u203f\u25d5|ggwp\n|\n|t:|1697865636\n|move|p2a: Ursaluna|Extreme Speed|p1a: Hoopa\n|-damage|p1a: Hoopa|0 fnt\n|faint|p1a: Hoopa\n|\n|-damage|p2a: Ursaluna|76\/100 brn|[from] brn\n|upkeep\n|c|\u2606dreepy airlines|gg\n|\n|t:|1697865638\n|switch|p1a: Calyrex|Calyrex-Shadow, tera:Psychic|47\/100\n|-ability|p1a: Calyrex|As One\n|-ability|p1a: Calyrex|Unnerve\n|turn|15\n|\n|t:|1697865641\n|move|p2a: Ursaluna|Extreme Speed|p1a: Calyrex\n|-damage|p1a: Calyrex|0 fnt\n|faint|p1a: Calyrex\n|\n|win|dreepy airlines\n|n|\u2606theironpikachu%\u25d5\u203f\u25d5|theironpikachu\n|n|\u2606dreepy airlines|dreepyairlines\n|n|*Lady Monita \u263d|ladymonita\n|n| happysh|happysh\n|n| guihg|guihg\n","uploadtime":1697865643,"views":7,"p1id":"theironpikachu","p2id":"dreepyairlines","formatid":"gen9anythinggoes","rating":0,"private":0,"password":""}