{"id":"gen9anythinggoes-1978281483","p1":"Future king of ou","p2":"mimkiug","format":"[Gen 9] Anything Goes","log":"|j|\u2606Future king of ou\n|j|\u2606mimkiug\n|inactive|Battle timer is ON: inactive players will automatically lose when time's up.\n|t:|1698520485\n|gametype|singles\n|player|p1|Future king of ou|heroine-conquest|\n|player|p2|mimkiug|morty|\n|teamsize|p1|6\n|teamsize|p2|6\n|gen|9\n|tier|[Gen 9] Anything Goes\n|rated|Tournament battle\n|rule|HP Percentage Mod: HP is shown in percentages\n|rule|Endless Battle Clause: Forcing endless battles is banned\n|clearpoke\n|poke|p1|Landorus-Therian, M|\n|poke|p1|Toxapex, F|\n|poke|p1|Arceus|\n|poke|p1|Flutter Mane|\n|poke|p1|Koraidon|\n|poke|p1|Ting-Lu|\n|poke|p2|Grimmsnarl, M|\n|poke|p2|Skeledirge, M|\n|poke|p2|Meowscarada, F|\n|poke|p2|Quaquaval, M|\n|poke|p2|Garganacl, M|\n|poke|p2|Kilowattrel, M|\n|teampreview\n|j|+PrimalKyogre555\n|l|+PrimalKyogre555\n|inactive|Future king of ou has 120 seconds left.\n|\n|t:|1698520525\n|start\n|switch|p1a: Flutter Mane|Flutter Mane|100\/100\n|switch|p2a: Quaquaval|Quaquaval, M|100\/100\n|turn|1\n|\n|t:|1698520543\n|switch|p2a: Grimmsnarl|Grimmsnarl, M, shiny|100\/100\n|-item|p1a: Flutter Mane|Choice Specs|[from] ability: Frisk|[of] p2a: Grimmsnarl|[identify]\n|move|p1a: Flutter Mane|Moonblast|p2a: Grimmsnarl\n|-supereffective|p2a: Grimmsnarl\n|-enditem|p2a: Grimmsnarl|Focus Sash\n|-damage|p2a: Grimmsnarl|1\/100\n|\n|upkeep\n|turn|2\n|\n|t:|1698520556\n|move|p1a: Flutter Mane|Moonblast|p2a: Grimmsnarl\n|-supereffective|p2a: Grimmsnarl\n|-damage|p2a: Grimmsnarl|0 fnt\n|faint|p2a: Grimmsnarl\n|\n|upkeep\n|\n|t:|1698520561\n|switch|p2a: Meowscarada|Meowscarada, F|100\/100\n|turn|3\n|\n|t:|1698520567\n|-end|p1a: Flutter Mane|Protosynthesis|[silent]\n|switch|p1a: Toxapex|Toxapex, F|100\/100\n|move|p2a: Meowscarada|Knock Off|p1a: Toxapex\n|-start|p2a: Meowscarada|typechange|Dark|[from] ability: Protean\n|-damage|p1a: Toxapex|72\/100\n|-enditem|p1a: Toxapex|Heavy-Duty Boots|[from] move: Knock Off|[of] p2a: Meowscarada\n|\n|upkeep\n|turn|4\n|\n|t:|1698520576\n|switch|p2a: Skeledirge|Skeledirge, M, shiny|100\/100\n|move|p1a: Toxapex|Toxic Spikes|p2a: Skeledirge\n|-sidestart|p2: mimkiug|move: Toxic Spikes\n|\n|upkeep\n|turn|5\n|\n|t:|1698520581\n|move|p2a: Skeledirge|Earth Power|p1a: Toxapex\n|-supereffective|p1a: Toxapex\n|-damage|p1a: Toxapex|21\/100\n|move|p1a: Toxapex|Toxic|p2a: Skeledirge\n|-status|p2a: Skeledirge|tox\n|\n|-damage|p2a: Skeledirge|94\/100 tox|[from] psn\n|upkeep\n|turn|6\n|\n|t:|1698520592\n|switch|p1a: Ting-Lu|Ting-Lu|100\/100\n|-ability|p1a: Ting-Lu|Vessel of Ruin\n|move|p2a: Skeledirge|Earth Power|p1a: Ting-Lu\n|-damage|p1a: Ting-Lu|88\/100\n|\n|-heal|p2a: Skeledirge|100\/100 tox|[from] item: Leftovers\n|-heal|p1a: Ting-Lu|94\/100|[from] item: Leftovers\n|-damage|p2a: Skeledirge|88\/100 tox|[from] psn\n|upkeep\n|turn|7\n|\n|t:|1698520606\n|switch|p2a: Garganacl|Garganacl, M, shiny|100\/100\n|-status|p2a: Garganacl|psn\n|move|p1a: Ting-Lu|Spikes|p2a: Garganacl\n|-sidestart|p2: mimkiug|Spikes\n|\n|-heal|p1a: Ting-Lu|100\/100|[from] item: Leftovers\n|-damage|p2a: Garganacl|88\/100 psn|[from] psn\n|upkeep\n|turn|8\n|\n|t:|1698520617\n|-terastallize|p2a: Garganacl|Ghost\n|move|p1a: Ting-Lu|Taunt|p2a: Garganacl\n|-start|p2a: Garganacl|move: Taunt\n|cant|p2a: Garganacl|move: Taunt|Iron Defense\n|\n|-heal|p2a: Garganacl|94\/100 psn|[from] item: Leftovers\n|-damage|p2a: Garganacl|82\/100 psn|[from] psn\n|upkeep\n|turn|9\n|\n|t:|1698520627\n|move|p1a: Ting-Lu|Taunt||[still]\n|-fail|p1a: Ting-Lu\n|move|p2a: Garganacl|Body Press|p1a: Ting-Lu\n|-supereffective|p1a: Ting-Lu\n|-damage|p1a: Ting-Lu|75\/100\n|\n|-heal|p1a: Ting-Lu|81\/100|[from] item: Leftovers\n|-heal|p2a: Garganacl|88\/100 psn|[from] item: Leftovers\n|-damage|p2a: Garganacl|76\/100 psn|[from] psn\n|upkeep\n|turn|10\n|\n|t:|1698520636\n|move|p1a: Ting-Lu|Spikes|p2a: Garganacl\n|-sidestart|p2: mimkiug|Spikes\n|move|p2a: Garganacl|Body Press|p1a: Ting-Lu\n|-supereffective|p1a: Ting-Lu\n|-damage|p1a: Ting-Lu|52\/100\n|\n|-heal|p1a: Ting-Lu|58\/100|[from] item: Leftovers\n|-heal|p2a: Garganacl|82\/100 psn|[from] item: Leftovers\n|-damage|p2a: Garganacl|70\/100 psn|[from] psn\n|-end|p2a: Garganacl|move: Taunt\n|upkeep\n|turn|11\n|inactive|Future king of ou has 120 seconds left.\n|\n|t:|1698520670\n|move|p1a: Ting-Lu|Spikes|p2a: Garganacl\n|-sidestart|p2: mimkiug|Spikes\n|move|p2a: Garganacl|Iron Defense|p2a: Garganacl\n|-boost|p2a: Garganacl|def|2\n|\n|-heal|p1a: Ting-Lu|65\/100|[from] item: Leftovers\n|-heal|p2a: Garganacl|76\/100 psn|[from] item: Leftovers\n|-damage|p2a: Garganacl|63\/100 psn|[from] psn\n|upkeep\n|turn|12\n|\n|t:|1698520680\n|switch|p1a: Flutter Mane|Flutter Mane|100\/100\n|move|p2a: Garganacl|Recover|p2a: Garganacl\n|-heal|p2a: Garganacl|100\/100 psn\n|\n|-damage|p2a: Garganacl|88\/100 psn|[from] psn\n|upkeep\n|turn|13\n|\n|t:|1698520705\n|-end|p1a: Flutter Mane|Protosynthesis|[silent]\n|switch|p1a: Landorus|Landorus-Therian, M|100\/100\n|-ability|p1a: Landorus|Intimidate|boost\n|-unboost|p2a: Garganacl|atk|1\n|move|p2a: Garganacl|Salt Cure|p1a: Landorus\n|-damage|p1a: Landorus|94\/100\n|-start|p1a: Landorus|Salt Cure\n|\n|-heal|p1a: Landorus|99\/100|[from] item: Leftovers\n|-heal|p2a: Garganacl|94\/100 psn|[from] item: Leftovers\n|-damage|p2a: Garganacl|82\/100 psn|[from] psn\n|-damage|p1a: Landorus|88\/100|[from] Salt Cure\n|upkeep\n|turn|14\n|inactive|mimkiug has 120 seconds left.\n|\n|t:|1698520736\n|move|p1a: Landorus|Stealth Rock|p2a: Garganacl\n|-sidestart|p2: mimkiug|move: Stealth Rock\n|move|p2a: Garganacl|Iron Defense|p2a: Garganacl\n|-boost|p2a: Garganacl|def|2\n|\n|-heal|p1a: Landorus|94\/100|[from] item: Leftovers\n|-heal|p2a: Garganacl|88\/100 psn|[from] item: Leftovers\n|-damage|p2a: Garganacl|76\/100 psn|[from] psn\n|-damage|p1a: Landorus|82\/100|[from] Salt Cure\n|upkeep\n|turn|15\n|\n|t:|1698520746\n|move|p1a: Landorus|Taunt|p2a: Garganacl\n|-start|p2a: Garganacl|move: Taunt\n|cant|p2a: Garganacl|move: Taunt|Iron Defense\n|\n|-heal|p1a: Landorus|88\/100|[from] item: Leftovers\n|-heal|p2a: Garganacl|82\/100 psn|[from] item: Leftovers\n|-damage|p2a: Garganacl|70\/100 psn|[from] psn\n|-damage|p1a: Landorus|75\/100|[from] Salt Cure\n|upkeep\n|turn|16\n|inactive|mimkiug has 120 seconds left.\n|\n|t:|1698520754\n|move|p1a: Landorus|Earthquake|p2a: Garganacl\n|-damage|p2a: Garganacl|60\/100 psn\n|move|p2a: Garganacl|Body Press|p1a: Landorus\n|-resisted|p1a: Landorus\n|-damage|p1a: Landorus|50\/100\n|\n|-heal|p1a: Landorus|56\/100|[from] item: Leftovers\n|-heal|p2a: Garganacl|66\/100 psn|[from] item: Leftovers\n|-damage|p2a: Garganacl|54\/100 psn|[from] psn\n|-damage|p1a: Landorus|43\/100|[from] Salt Cure\n|upkeep\n|turn|17\n|inactive|mimkiug has 120 seconds left.\n|\n|t:|1698520772\n|move|p1a: Landorus|Earthquake|p2a: Garganacl\n|-damage|p2a: Garganacl|43\/100 psn\n|move|p2a: Garganacl|Body Press|p1a: Landorus\n|-resisted|p1a: Landorus\n|-damage|p1a: Landorus|18\/100\n|\n|-heal|p1a: Landorus|24\/100|[from] item: Leftovers\n|-heal|p2a: Garganacl|50\/100 psn|[from] item: Leftovers\n|-damage|p2a: Garganacl|37\/100 psn|[from] psn\n|-damage|p1a: Landorus|12\/100|[from] Salt Cure\n|-end|p2a: Garganacl|move: Taunt\n|upkeep\n|turn|18\n|inactive|mimkiug has 120 seconds left.\n|\n|t:|1698520785\n|move|p1a: Landorus|Taunt|p2a: Garganacl\n|-start|p2a: Garganacl|move: Taunt\n|cant|p2a: Garganacl|move: Taunt|Recover\n|\n|-heal|p1a: Landorus|18\/100|[from] item: Leftovers\n|-heal|p2a: Garganacl|43\/100 psn|[from] item: Leftovers\n|-damage|p2a: Garganacl|31\/100 psn|[from] psn\n|-damage|p1a: Landorus|5\/100|[from] Salt Cure\n|upkeep\n|turn|19\n|inactive|mimkiug has 120 seconds left.\n|\n|t:|1698520794\n|move|p1a: Landorus|Earthquake|p2a: Garganacl\n|-damage|p2a: Garganacl|21\/100 psn\n|move|p2a: Garganacl|Body Press|p1a: Landorus\n|-resisted|p1a: Landorus\n|-damage|p1a: Landorus|0 fnt\n|faint|p1a: Landorus\n|\n|-heal|p2a: Garganacl|27\/100 psn|[from] item: Leftovers\n|-damage|p2a: Garganacl|15\/100 psn|[from] psn\n|upkeep\n|\n|t:|1698520798\n|switch|p1a: Flutter Mane|Flutter Mane|100\/100\n|turn|20\n|\n|t:|1698520808\n|move|p1a: Flutter Mane|Moonblast|p2a: Garganacl\n|-damage|p2a: Garganacl|0 fnt\n|faint|p2a: Garganacl\n|\n|upkeep\n|\n|t:|1698520812\n|switch|p2a: Kilowattrel|Kilowattrel, M, shiny|100\/100\n|turn|21\n|\n|t:|1698520815\n|-terastallize|p1a: Flutter Mane|Fairy\n|move|p1a: Flutter Mane|Moonblast|p2a: Kilowattrel\n|-damage|p2a: Kilowattrel|0 fnt\n|faint|p2a: Kilowattrel\n|\n|upkeep\n|-message|mimkiug forfeited.\n|\n|win|Future king of ou\n|n|\u2606Future king of ou|futurekingofou\n|n|\u2606mimkiug|mimkiug\n","uploadtime":1698520822,"views":12,"p1id":"futurekingofou","p2id":"mimkiug","formatid":"gen9anythinggoes","rating":0,"private":0,"password":""}