{"id":"gen9anythinggoes-1972274434","p1":"Blizz(blue)","p2":"q2321easdas","format":"[Gen 9] Anything Goes","log":"|j|\u203dBlizz(blue)\n|j|\u2606q2321easdas\n|t:|1697827077\n|gametype|singles\n|player|p1|Blizz(blue)|allister|1030\n|player|p2|q2321easdas|bugcatcher-gen4dp|1026\n|teamsize|p1|6\n|teamsize|p2|6\n|gen|9\n|tier|[Gen 9] Anything Goes\n|rated|\n|rule|HP Percentage Mod: HP is shown in percentages\n|rule|Endless Battle Clause: Forcing endless battles is banned\n|clearpoke\n|poke|p1|Blissey, F|\n|poke|p1|Iron Hands|\n|poke|p1|Avalugg-Hisui, F|\n|poke|p1|Chandelure, M|\n|poke|p1|Goodra-Hisui, M|\n|poke|p1|Electrode|\n|poke|p2|Flutter Mane|\n|poke|p2|Clodsire, F|\n|poke|p2|Espathra, M|\n|poke|p2|Houndstone, F|\n|poke|p2|Tyranitar, F|\n|poke|p2|Chi-Yu|\n|teampreview\n|inactive|Battle timer is ON: inactive players will automatically lose when time's up. (requested by Blizz(blue))\n|inactive|q2321easdas also wants the timer to be on.\n|\n|t:|1697827087\n|start\n|switch|p1a: Electrode|Electrode, shiny|100\/100\n|switch|p2a: Espathra|Espathra, M|100\/100\n|turn|1\n|\n|t:|1697827091\n|move|p1a: Electrode|Agility|p1a: Electrode\n|-boost|p1a: Electrode|spe|2\n|move|p2a: Espathra|Calm Mind|p2a: Espathra\n|-boost|p2a: Espathra|spa|1\n|-boost|p2a: Espathra|spd|1\n|\n|-ability|p2a: Espathra|Speed Boost|boost\n|-boost|p2a: Espathra|spe|1\n|upkeep\n|turn|2\n|\n|t:|1697827094\n|move|p1a: Electrode|Agility|p1a: Electrode\n|-boost|p1a: Electrode|spe|2\n|move|p2a: Espathra|Calm Mind|p2a: Espathra\n|-boost|p2a: Espathra|spa|1\n|-boost|p2a: Espathra|spd|1\n|\n|-ability|p2a: Espathra|Speed Boost|boost\n|-boost|p2a: Espathra|spe|1\n|upkeep\n|turn|3\n|\n|t:|1697827102\n|move|p1a: Electrode|Electro Ball|p2a: Espathra\n|-damage|p2a: Espathra|82\/100\n|move|p2a: Espathra|Calm Mind|p2a: Espathra\n|-boost|p2a: Espathra|spa|1\n|-boost|p2a: Espathra|spd|1\n|\n|-ability|p2a: Espathra|Speed Boost|boost\n|-boost|p2a: Espathra|spe|1\n|upkeep\n|turn|4\n|\n|t:|1697827109\n|move|p1a: Electrode|Electro Ball|p2a: Espathra\n|-damage|p2a: Espathra|67\/100\n|move|p2a: Espathra|Calm Mind|p2a: Espathra\n|-boost|p2a: Espathra|spa|1\n|-boost|p2a: Espathra|spd|1\n|\n|-ability|p2a: Espathra|Speed Boost|boost\n|-boost|p2a: Espathra|spe|1\n|upkeep\n|turn|5\n|\n|t:|1697827112\n|move|p1a: Electrode|Electro Ball|p2a: Espathra\n|-damage|p2a: Espathra|57\/100\n|move|p2a: Espathra|Stored Power|p1a: Electrode\n|-enditem|p1a: Electrode|Focus Sash\n|-damage|p1a: Electrode|1\/100\n|\n|-ability|p2a: Espathra|Speed Boost|boost\n|-boost|p2a: Espathra|spe|1\n|upkeep\n|turn|6\n|\n|t:|1697827126\n|move|p1a: Electrode|Explosion|p2a: Espathra\n|-damage|p2a: Espathra|29\/100\n|faint|p1a: Electrode\n|move|p2a: Espathra|Roost|p2a: Espathra\n|-heal|p2a: Espathra|79\/100\n|-singleturn|p2a: Espathra|move: Roost\n|\n|-ability|p2a: Espathra|Speed Boost|boost\n|-boost|p2a: Espathra|spe|1\n|upkeep\n|\n|t:|1697827135\n|switch|p1a: Goodra|Goodra-Hisui, M, shiny|100\/100\n|turn|7\n|\n|t:|1697827144\n|move|p2a: Espathra|Baton Pass|p2a: Espathra\n|\n|t:|1697827153\n|switch|p2a: Chi-Yu|Chi-Yu|100\/100|[from] Baton Pass\n|-ability|p2a: Chi-Yu|Beads of Ruin\n|move|p1a: Goodra|Dragon Tail|p2a: Chi-Yu\n|-damage|p2a: Chi-Yu|51\/100\n|drag|p2a: Espathra|Espathra, M|79\/100\n|\n|upkeep\n|turn|8\n|-message|q2321easdas forfeited.\n|\n|win|Blizz(blue)\n|raw|Blizz(blue)'s rating: 1030 &rarr; <strong>1065<\/strong><br \/>(+35 for winning)\n|raw|q2321easdas's rating: 1026 &rarr; <strong>1012<\/strong><br \/>(-14 for losing)\n|l|\u2606q2321easdas\n","uploadtime":1697827169,"views":8,"p1id":"blizzblue","p2id":"q2321easdas","formatid":"gen9anythinggoes","rating":1012,"private":0,"password":""}