{"id":"gen9anythinggoes-1983440912","p1":"poopgun45","p2":"ekur000","format":"[Gen 9] Anything Goes","log":"|j|\u2606poopgun45\n|j|\u2606ekur000\n|t:|1699130452\n|gametype|singles\n|player|p1|poopgun45|1|1135\n|player|p2|ekur000|pokefanf-gen4|1202\n|teamsize|p1|6\n|teamsize|p2|6\n|gen|9\n|tier|[Gen 9] Anything Goes\n|rated|\n|rule|HP Percentage Mod: HP is shown in percentages\n|rule|Endless Battle Clause: Forcing endless battles is banned\n|clearpoke\n|poke|p1|Sandaconda, M|\n|poke|p1|Hippopotas, M|\n|poke|p1|Drifblim, F|\n|poke|p1|Drifblim, F|\n|poke|p1|Maushold-Four|\n|poke|p1|Drifblim, F|\n|poke|p2|Dragonite, M|\n|poke|p2|Slowking-Galar, F|\n|poke|p2|Heatran, M|\n|poke|p2|Rotom-Wash|\n|poke|p2|Annihilape, F|\n|poke|p2|Zoroark, F|\n|teampreview\n|\n|t:|1699130469\n|start\n|switch|p1a: im gonna look at u|Sandaconda, M|100\/100\n|switch|p2a: Dragonite|Dragonite, M|100\/100\n|turn|1\n|j| Ghosty Hazard\n|\n|t:|1699130482\n|move|p2a: Dragonite|Thunder Wave|p1a: im gonna look at u\n|-immune|p1a: im gonna look at u\n|move|p1a: im gonna look at u|Glare|p2a: Dragonite\n|-status|p2a: Dragonite|par\n|\n|upkeep\n|turn|2\n|\n|t:|1699130491\n|move|p1a: im gonna look at u|Body Slam|p2a: Dragonite\n|-damage|p2a: Dragonite|89\/100 par\n|move|p2a: Dragonite|Ice Beam|p1a: im gonna look at u\n|-supereffective|p1a: im gonna look at u\n|-damage|p1a: im gonna look at u|34\/100\n|\n|upkeep\n|turn|3\n|\n|t:|1699130499\n|move|p1a: im gonna look at u|Body Slam|p2a: Dragonite\n|-crit|p2a: Dragonite\n|-damage|p2a: Dragonite|49\/100 par\n|move|p2a: Dragonite|Ice Beam|p1a: im gonna look at u\n|-supereffective|p1a: im gonna look at u\n|-damage|p1a: im gonna look at u|0 fnt\n|faint|p1a: im gonna look at u\n|\n|upkeep\n|\n|t:|1699130519\n|switch|p1a: Dang Nabbit|Drifblim, F, shiny|100\/100\n|turn|4\n|\n|t:|1699130523\n|move|p1a: Dang Nabbit|Minimize|p1a: Dang Nabbit\n|-boost|p1a: Dang Nabbit|evasion|2\n|move|p2a: Dragonite|Ice Beam|p1a: Dang Nabbit\n|-supereffective|p1a: Dang Nabbit\n|-damage|p1a: Dang Nabbit|53\/100\n|\n|upkeep\n|turn|5\n|\n|t:|1699130529\n|move|p1a: Dang Nabbit|Minimize|p1a: Dang Nabbit\n|-boost|p1a: Dang Nabbit|evasion|2\n|move|p2a: Dragonite|Ice Beam|p1a: Dang Nabbit\n|-supereffective|p1a: Dang Nabbit\n|-damage|p1a: Dang Nabbit|1\/100\n|\n|upkeep\n|turn|6\n|\n|t:|1699130537\n|move|p1a: Dang Nabbit|Baton Pass|p1a: Dang Nabbit\n|\n|t:|1699130543\n|switch|p1a: im so small|Drifblim, F|100\/100|[from] Baton Pass\n|cant|p2a: Dragonite|par\n|\n|upkeep\n|turn|7\n|\n|t:|1699130552\n|move|p1a: im so small|Minimize|p1a: im so small\n|-boost|p1a: im so small|evasion|2\n|move|p2a: Dragonite|Thunder Wave|p1a: im so small|[miss]\n|-miss|p2a: Dragonite|p1a: im so small\n|\n|upkeep\n|turn|8\n|\n|t:|1699130559\n|move|p1a: im so small|Calm Mind|p1a: im so small\n|-boost|p1a: im so small|spa|1\n|-boost|p1a: im so small|spd|1\n|move|p2a: Dragonite|Ice Beam|p1a: im so small|[miss]\n|-miss|p2a: Dragonite|p1a: im so small\n|\n|upkeep\n|turn|9\n|\n|t:|1699130566\n|switch|p2a: Annihilape|Annihilape, F|100\/100\n|move|p1a: im so small|Calm Mind|p1a: im so small\n|-boost|p1a: im so small|spa|1\n|-boost|p1a: im so small|spd|1\n|\n|upkeep\n|turn|10\n|\n|t:|1699130573\n|move|p1a: im so small|Thunder Wave|p2a: Annihilape\n|-status|p2a: Annihilape|par\n|move|p2a: Annihilape|Roar|p1a: im so small\n|drag|p1a: yummy?|Drifblim, F|100\/100\n|\n|upkeep\n|turn|11\n|\n|t:|1699130582\n|move|p1a: yummy?|Minimize|p1a: yummy?\n|-boost|p1a: yummy?|evasion|2\n|move|p2a: Annihilape|Shadow Claw|p1a: yummy?\n|-supereffective|p1a: yummy?\n|-damage|p1a: yummy?|37\/100\n|\n|upkeep\n|turn|12\n|\n|t:|1699130589\n|move|p1a: yummy?|Minimize|p1a: yummy?\n|-boost|p1a: yummy?|evasion|2\n|cant|p2a: Annihilape|par\n|\n|upkeep\n|turn|13\n|\n|t:|1699130594\n|move|p1a: yummy?|Minimize|p1a: yummy?\n|-boost|p1a: yummy?|evasion|2\n|cant|p2a: Annihilape|par\n|\n|upkeep\n|turn|14\n|\n|t:|1699130600\n|move|p1a: yummy?|Calm Mind|p1a: yummy?\n|-boost|p1a: yummy?|spa|1\n|-boost|p1a: yummy?|spd|1\n|cant|p2a: Annihilape|par\n|\n|upkeep\n|turn|15\n|\n|t:|1699130607\n|move|p1a: yummy?|Calm Mind|p1a: yummy?\n|-boost|p1a: yummy?|spa|1\n|-boost|p1a: yummy?|spd|1\n|cant|p2a: Annihilape|par\n|\n|upkeep\n|turn|16\n|\n|t:|1699130613\n|move|p1a: yummy?|Calm Mind|p1a: yummy?\n|-boost|p1a: yummy?|spa|1\n|-boost|p1a: yummy?|spd|1\n|cant|p2a: Annihilape|par\n|\n|upkeep\n|turn|17\n|c|\u2606ekur000|ayo\n|\n|t:|1699130621\n|move|p1a: yummy?|Baton Pass|p1a: yummy?\n|\n|t:|1699130624\n|switch|p1a: speed|Maushold-Four, shiny|100\/100|[from] Baton Pass\n|cant|p2a: Annihilape|par\n|\n|upkeep\n|turn|18\n|\n|t:|1699130636\n|switch|p2a: Annihilape|Annihilape, F|100\/100\n|move|p1a: speed|Tidy Up|p1a: speed\n|-boost|p1a: speed|atk|1\n|-boost|p1a: speed|spe|1\n|\n|upkeep\n|turn|19\n|n|!poopgun45|poopgun45\n|\n|t:|1699130660\n|move|p1a: speed|Tidy Up|p1a: speed\n|-boost|p1a: speed|atk|1\n|-boost|p1a: speed|spe|1\n|move|p2a: Annihilape|Close Combat|p1a: speed|[miss]\n|-miss|p2a: Annihilape|p1a: speed\n|\n|upkeep\n|turn|20\n|\n|t:|1699130668\n|switch|p2a: Annihilape|Annihilape, F|100\/100 par\n|move|p1a: speed|Tidy Up|p1a: speed\n|-boost|p1a: speed|atk|1\n|-boost|p1a: speed|spe|1\n|\n|upkeep\n|turn|21\n|\n|t:|1699130678\n|move|p1a: speed|Baton Pass|p1a: speed\n|\n|t:|1699130680\n|switch|p1a: your mother|Hippopotas, M, shiny|100\/100|[from] Baton Pass\n|move|p2a: Annihilape|Roar|p1a: your mother\n|drag|p1a: im so small|Drifblim, F|100\/100\n|\n|upkeep\n|turn|22\n|\n|t:|1699130688\n|move|p1a: im so small|Minimize|p1a: im so small\n|-boost|p1a: im so small|evasion|2\n|move|p2a: Annihilape|Crunch|p1a: im so small\n|-supereffective|p1a: im so small\n|-damage|p1a: im so small|2\/100\n|-unboost|p1a: im so small|def|1\n|\n|upkeep\n|turn|23\n|\n|t:|1699130697\n|move|p1a: im so small|Minimize|p1a: im so small\n|-boost|p1a: im so small|evasion|2\n|move|p2a: Annihilape|Crunch|p1a: im so small|[miss]\n|-miss|p2a: Annihilape|p1a: im so small\n|\n|upkeep\n|turn|24\n|\n|t:|1699130704\n|move|p1a: im so small|Minimize|p1a: im so small\n|-boost|p1a: im so small|evasion|2\n|move|p2a: Annihilape|Roar|p1a: im so small\n|drag|p1a: Dang Nabbit|Drifblim, F, shiny|1\/100\n|\n|upkeep\n|turn|25\n|-message|poopgun45 forfeited.\n|\n|win|ekur000\n|raw|poopgun45's rating: 1135 &rarr; <strong>1115<\/strong><br \/>(-20 for losing)\n|raw|ekur000's rating: 1202 &rarr; <strong>1222<\/strong><br \/>(+20 for winning)\n|l|!poopgun45\n","uploadtime":1699130644,"views":7,"p1id":"poopgun45","p2id":"ekur000","formatid":"gen9anythinggoes","rating":1115,"private":0,"password":""}