{"id":"gen9anythinggoes-1977789249","p1":"godnotagain5","p2":"EngieMonkey","format":"[Gen 9] Anything Goes","log":"|j|\u2606godnotagain5\n|j|\u2606EngieMonkey\n|t:|1698449799\n|gametype|singles\n|player|p1|godnotagain5|170|1199\n|player|p2|EngieMonkey|2|1072\n|teamsize|p1|6\n|teamsize|p2|6\n|gen|9\n|tier|[Gen 9] Anything Goes\n|rated|\n|rule|HP Percentage Mod: HP is shown in percentages\n|rule|Endless Battle Clause: Forcing endless battles is banned\n|clearpoke\n|poke|p1|Skeledirge, M|\n|poke|p1|Garganacl, F|\n|poke|p1|Kilowattrel, M|\n|poke|p1|Flutter Mane|\n|poke|p1|Ogerpon-Hearthflame, F|\n|poke|p1|Great Tusk|\n|poke|p2|Politoed, M|\n|poke|p2|Volcanion|\n|poke|p2|Basculegion-F, F|\n|poke|p2|Azumarill, M|\n|poke|p2|Urshifu-*, M|\n|poke|p2|Milotic, M|\n|teampreview\n|\n|t:|1698449815\n|start\n|switch|p1a: Kilowattrel|Kilowattrel, M|100\/100\n|switch|p2a: Politoed|Politoed, M|100\/100\n|-weather|RainDance|[from] ability: Drizzle|[of] p2a: Politoed\n|turn|1\n|inactive|Battle timer is ON: inactive players will automatically lose when time's up. (requested by godnotagain5)\n|\n|t:|1698449826\n|move|p1a: Kilowattrel|Thunderbolt|p2a: Politoed\n|-supereffective|p2a: Politoed\n|-damage|p2a: Politoed|0 fnt\n|faint|p2a: Politoed\n|\n|-weather|RainDance|[upkeep]\n|upkeep\n|\n|t:|1698449844\n|switch|p2a: Azumarill|Azumarill, M|100\/100\n|turn|2\n|\n|t:|1698449850\n|move|p1a: Kilowattrel|Thunderbolt|p2a: Azumarill\n|-supereffective|p2a: Azumarill\n|-crit|p2a: Azumarill\n|-damage|p2a: Azumarill|0 fnt\n|faint|p2a: Azumarill\n|\n|-weather|RainDance|[upkeep]\n|upkeep\n|\n|t:|1698449860\n|switch|p2a: Basculegion|Basculegion-F, F|100\/100\n|turn|3\n|\n|t:|1698449887\n|move|p2a: Basculegion|Shadow Ball|p1a: Kilowattrel\n|-damage|p1a: Kilowattrel|54\/100\n|move|p1a: Kilowattrel|Thunderbolt|p2a: Basculegion\n|-supereffective|p2a: Basculegion\n|-damage|p2a: Basculegion|26\/100\n|\n|-weather|RainDance|[upkeep]\n|upkeep\n|turn|4\n|\n|t:|1698449896\n|move|p2a: Basculegion|Outrage|p1a: Kilowattrel\n|-damage|p1a: Kilowattrel|0 fnt\n|faint|p1a: Kilowattrel\n|\n|-weather|RainDance|[upkeep]\n|upkeep\n|inactive|godnotagain5 has 120 seconds left.\n|\n|t:|1698449923\n|switch|p1a: Flutter Mane|Flutter Mane|100\/100\n|-enditem|p1a: Flutter Mane|Booster Energy\n|-activate|p1a: Flutter Mane|ability: Protosynthesis|[fromitem]\n|-start|p1a: Flutter Mane|protosynthesisspe\n|turn|5\n|\n|t:|1698449928\n|move|p1a: Flutter Mane|Calm Mind|p1a: Flutter Mane\n|-boost|p1a: Flutter Mane|spa|1\n|-boost|p1a: Flutter Mane|spd|1\n|move|p2a: Basculegion|Outrage|p1a: Flutter Mane|[from]lockedmove\n|-immune|p1a: Flutter Mane\n|-start|p2a: Basculegion|confusion|[fatigue]\n|\n|-weather|none\n|upkeep\n|turn|6\n|\n|t:|1698449941\n|move|p1a: Flutter Mane|Energy Ball|p2a: Basculegion\n|-supereffective|p2a: Basculegion\n|-damage|p2a: Basculegion|0 fnt\n|faint|p2a: Basculegion\n|\n|upkeep\n|\n|t:|1698449953\n|switch|p2a: Volcanion|Volcanion|100\/100\n|turn|7\n|\n|t:|1698449967\n|move|p1a: Flutter Mane|Shadow Ball|p2a: Volcanion\n|-damage|p2a: Volcanion|44\/100\n|move|p2a: Volcanion|Flash Cannon|p1a: Flutter Mane\n|-supereffective|p1a: Flutter Mane\n|-damage|p1a: Flutter Mane|61\/100\n|\n|upkeep\n|turn|8\n|\n|t:|1698449975\n|move|p1a: Flutter Mane|Shadow Ball|p2a: Volcanion\n|-damage|p2a: Volcanion|0 fnt\n|faint|p2a: Volcanion\n|\n|upkeep\n|\n|t:|1698449980\n|switch|p2a: Milotic|Milotic, M|100\/100\n|turn|9\n|\n|t:|1698449986\n|move|p1a: Flutter Mane|Moonblast|p2a: Milotic\n|-damage|p2a: Milotic|46\/100\n|-unboost|p2a: Milotic|spa|1\n|move|p2a: Milotic|Scald|p1a: Flutter Mane\n|-damage|p1a: Flutter Mane|48\/100\n|-status|p1a: Flutter Mane|brn\n|\n|-damage|p1a: Flutter Mane|42\/100 brn|[from] brn\n|-status|p2a: Milotic|brn|[from] item: Flame Orb\n|upkeep\n|turn|10\n|\n|t:|1698450000\n|move|p1a: Flutter Mane|Energy Ball|p2a: Milotic\n|-supereffective|p2a: Milotic\n|-damage|p2a: Milotic|0 fnt\n|faint|p2a: Milotic\n|\n|-damage|p1a: Flutter Mane|36\/100 brn|[from] brn\n|upkeep\n|\n|t:|1698450007\n|switch|p2a: Urshifu|Urshifu-Rapid-Strike, M|100\/100\n|turn|11\n|\n|t:|1698450012\n|move|p2a: Urshifu|Protect|p2a: Urshifu\n|-singleturn|p2a: Urshifu|Protect\n|move|p1a: Flutter Mane|Moonblast|p2a: Urshifu\n|-activate|p2a: Urshifu|move: Protect\n|\n|-damage|p1a: Flutter Mane|30\/100 brn|[from] brn\n|upkeep\n|turn|12\n|\n|t:|1698450023\n|move|p2a: Urshifu|Protect||[still]\n|-fail|p2a: Urshifu\n|move|p1a: Flutter Mane|Moonblast|p2a: Urshifu\n|-supereffective|p2a: Urshifu\n|-damage|p2a: Urshifu|0 fnt\n|faint|p2a: Urshifu\n|\n|win|godnotagain5\n|raw|godnotagain5's rating: 1220 &rarr; <strong>1235<\/strong><br \/>(+15 for winning)\n|raw|EngieMonkey's rating: 1072 &rarr; <strong>1060<\/strong><br \/>(-12 for losing)\n|l|\u2606EngieMonkey\n","uploadtime":1698450031,"views":6,"p1id":"godnotagain5","p2id":"engiemonkey","formatid":"gen9anythinggoes","rating":1060,"private":0,"password":""}