{"id":"gen9anythinggoes-1992633759","p1":"MEME\/\/BRAIN","p2":"K00lcarl","format":"[Gen 9] Anything Goes","log":"|j|\u203dMEME\/\/BRAIN\n|j|\u2606K00lcarl\n|t:|1700217991\n|gametype|singles\n|player|p1|MEME\/\/BRAIN|guitarist|1190\n|player|p2|K00lcarl|richboy|1253\n|teamsize|p1|6\n|teamsize|p2|6\n|gen|9\n|tier|[Gen 9] Anything Goes\n|rated|\n|rule|HP Percentage Mod: HP is shown in percentages\n|rule|Endless Battle Clause: Forcing endless battles is banned\n|clearpoke\n|poke|p1|Cyclizar, M|\n|poke|p1|Espathra, F|\n|poke|p1|Medicham, F|\n|poke|p1|Cloyster, F|\n|poke|p1|Espeon, M|\n|poke|p1|Drifblim, F|\n|poke|p2|Regieleki|\n|poke|p2|Regieleki|\n|poke|p2|Regieleki|\n|poke|p2|Regieleki|\n|poke|p2|Regieleki|\n|poke|p2|Kingambit, F|\n|teampreview\n|\n|t:|1700218003\n|start\n|switch|p1a: Drifblim|Drifblim, F|100\/100\n|switch|p2a: Regieleki|Regieleki, shiny|100\/100\n|turn|1\n|\n|t:|1700218013\n|-terastallize|p2a: Regieleki|Electric\n|-terastallize|p1a: Drifblim|Ground\n|move|p2a: Regieleki|Electro Ball|p1a: Drifblim\n|-immune|p1a: Drifblim\n|move|p1a: Drifblim|Minimize|p1a: Drifblim\n|-boost|p1a: Drifblim|evasion|2\n|\n|upkeep\n|turn|2\n|\n|t:|1700218024\n|switch|p2a: Regieleki|Regieleki, shiny|100\/100\n|move|p1a: Drifblim|Minimize|p1a: Drifblim\n|-boost|p1a: Drifblim|evasion|2\n|\n|upkeep\n|turn|3\n|\n|t:|1700218033\n|move|p2a: Regieleki|Extreme Speed|p1a: Drifblim\n|-damage|p1a: Drifblim|73\/100\n|move|p1a: Drifblim|Minimize|p1a: Drifblim\n|-boost|p1a: Drifblim|evasion|2\n|\n|-heal|p1a: Drifblim|79\/100|[from] item: Leftovers\n|upkeep\n|turn|4\n|\n|t:|1700218044\n|move|p2a: Regieleki|Extreme Speed|p1a: Drifblim|[miss]\n|-miss|p2a: Regieleki|p1a: Drifblim\n|move|p1a: Drifblim|Knock Off|p2a: Regieleki\n|-damage|p2a: Regieleki|67\/100\n|-enditem|p2a: Regieleki|Choice Scarf|[from] move: Knock Off|[of] p1a: Drifblim\n|\n|-heal|p1a: Drifblim|85\/100|[from] item: Leftovers\n|upkeep\n|turn|5\n|\n|t:|1700218054\n|move|p2a: Regieleki|Extreme Speed|p1a: Drifblim|[miss]\n|-miss|p2a: Regieleki|p1a: Drifblim\n|move|p1a: Drifblim|Baton Pass|p1a: Drifblim\n|\n|t:|1700218058\n|switch|p1a: Espathra|Espathra, F|100\/100|[from] Baton Pass\n|\n|upkeep\n|turn|6\n|\n|t:|1700218066\n|switch|p2a: Regieleki|Regieleki, shiny, tera:Electric|100\/100\n|move|p1a: Espathra|Calm Mind|p1a: Espathra\n|-boost|p1a: Espathra|spa|1\n|-boost|p1a: Espathra|spd|1\n|\n|-ability|p1a: Espathra|Speed Boost|boost\n|-boost|p1a: Espathra|spe|1\n|upkeep\n|turn|7\n|\n|t:|1700218077\n|move|p2a: Regieleki|Thunder Cage|p1a: Espathra\n|-damage|p1a: Espathra|54\/100\n|-activate|p1a: Espathra|move: Thunder Cage|[of] p2a: Regieleki\n|move|p1a: Espathra|Stored Power|p2a: Regieleki\n|-damage|p2a: Regieleki|0 fnt\n|faint|p2a: Regieleki\n|\n|-end|p1a: Espathra|Thunder Cage|[partiallytrapped]|[silent]\n|-ability|p1a: Espathra|Speed Boost|boost\n|-boost|p1a: Espathra|spe|1\n|upkeep\n|\n|t:|1700218081\n|switch|p2a: Regieleki|Regieleki, shiny|67\/100\n|turn|8\n|\n|t:|1700218087\n|move|p2a: Regieleki|Thunder Cage|p1a: Espathra|[miss]\n|-miss|p2a: Regieleki|p1a: Espathra\n|move|p1a: Espathra|Stored Power|p2a: Regieleki\n|-damage|p2a: Regieleki|0 fnt\n|faint|p2a: Regieleki\n|\n|-ability|p1a: Espathra|Speed Boost|boost\n|-boost|p1a: Espathra|spe|1\n|upkeep\n|\n|t:|1700218092\n|switch|p2a: Regieleki|Regieleki, shiny|100\/100\n|turn|9\n|\n|t:|1700218098\n|move|p2a: Regieleki|Explosion|p1a: Espathra\n|-damage|p1a: Espathra|0 fnt\n|faint|p2a: Regieleki\n|faint|p1a: Espathra\n|\n|upkeep\n|\n|t:|1700218105\n|switch|p2a: Regieleki|Regieleki, shiny|100\/100\n|switch|p1a: Drifblim|Drifblim, F, tera:Ground|85\/100\n|turn|10\n|\n|t:|1700218114\n|move|p2a: Regieleki|Extreme Speed|p1a: Drifblim\n|-damage|p1a: Drifblim|56\/100\n|move|p1a: Drifblim|Minimize|p1a: Drifblim\n|-boost|p1a: Drifblim|evasion|2\n|\n|-heal|p1a: Drifblim|62\/100|[from] item: Leftovers\n|upkeep\n|turn|11\n|\n|t:|1700218121\n|move|p2a: Regieleki|Extreme Speed|p1a: Drifblim\n|-damage|p1a: Drifblim|32\/100\n|move|p1a: Drifblim|Minimize|p1a: Drifblim\n|-boost|p1a: Drifblim|evasion|2\n|\n|-heal|p1a: Drifblim|38\/100|[from] item: Leftovers\n|upkeep\n|turn|12\n|\n|t:|1700218128\n|move|p2a: Regieleki|Extreme Speed|p1a: Drifblim|[miss]\n|-miss|p2a: Regieleki|p1a: Drifblim\n|move|p1a: Drifblim|Minimize|p1a: Drifblim\n|-boost|p1a: Drifblim|evasion|2\n|\n|-heal|p1a: Drifblim|44\/100|[from] item: Leftovers\n|upkeep\n|turn|13\n|\n|t:|1700218137\n|move|p2a: Regieleki|Extreme Speed|p1a: Drifblim|[miss]\n|-miss|p2a: Regieleki|p1a: Drifblim\n|move|p1a: Drifblim|Baton Pass|p1a: Drifblim\n|\n|t:|1700218145\n|switch|p1a: Cloyster|Cloyster, F, shiny|100\/100|[from] Baton Pass\n|\n|upkeep\n|turn|14\n|\n|t:|1700218151\n|move|p2a: Regieleki|Extreme Speed|p1a: Cloyster|[miss]\n|-miss|p2a: Regieleki|p1a: Cloyster\n|move|p1a: Cloyster|Toxic Spikes|p2a: Regieleki\n|-sidestart|p2: K00lcarl|move: Toxic Spikes\n|\n|upkeep\n|turn|15\n|\n|t:|1700218157\n|switch|p2a: Regieleki|Regieleki, shiny|100\/100\n|-status|p2a: Regieleki|psn\n|move|p1a: Cloyster|Shell Smash|p1a: Cloyster\n|-unboost|p1a: Cloyster|def|1\n|-unboost|p1a: Cloyster|spd|1\n|-boost|p1a: Cloyster|atk|2\n|-boost|p1a: Cloyster|spa|2\n|-boost|p1a: Cloyster|spe|2\n|-enditem|p1a: Cloyster|White Herb\n|-clearnegativeboost|p1a: Cloyster|[silent]\n|\n|-damage|p2a: Regieleki|88\/100 psn|[from] psn\n|upkeep\n|turn|16\n|\n|t:|1700218171\n|move|p2a: Regieleki|Thunder Cage|p1a: Cloyster|[miss]\n|-miss|p2a: Regieleki|p1a: Cloyster\n|move|p1a: Cloyster|Icicle Spear|p2a: Regieleki\n|-damage|p2a: Regieleki|45\/100 psn\n|-damage|p2a: Regieleki|1\/100 psn\n|-damage|p2a: Regieleki|0 fnt\n|faint|p2a: Regieleki\n|-hitcount|p2: Regieleki|3\n|\n|upkeep\n|\n|t:|1700218174\n|switch|p2a: Regieleki|Regieleki, shiny|100\/100\n|-status|p2a: Regieleki|psn\n|turn|17\n|\n|t:|1700218183\n|move|p2a: Regieleki|Explosion|p1a: Cloyster|[miss]\n|-miss|p2a: Regieleki|p1a: Cloyster\n|faint|p2a: Regieleki\n|move|p1a: Cloyster|Icicle Spear|p2: Regieleki|[notarget]\n|-fail|p1a: Cloyster\n|\n|upkeep\n|\n|t:|1700218187\n|switch|p2a: Kingambit|Kingambit, F|100\/100\n|-activate|p2a: Kingambit|ability: Supreme Overlord\n|-start|p2a: Kingambit|fallen5|[silent]\n|turn|18\n|\n|t:|1700218195\n|move|p2a: Kingambit|Sucker Punch|p1a: Cloyster\n|-damage|p1a: Cloyster|55\/100\n|move|p1a: Cloyster|Icicle Spear|p2a: Kingambit\n|-resisted|p2a: Kingambit\n|-damage|p2a: Kingambit|91\/100\n|-resisted|p2a: Kingambit\n|-damage|p2a: Kingambit|81\/100\n|-resisted|p2a: Kingambit\n|-damage|p2a: Kingambit|72\/100\n|-resisted|p2a: Kingambit\n|-damage|p2a: Kingambit|63\/100\n|-resisted|p2a: Kingambit\n|-damage|p2a: Kingambit|55\/100\n|-hitcount|p2a: Kingambit|5\n|\n|upkeep\n|turn|19\n|\n|t:|1700218212\n|move|p2a: Kingambit|Sucker Punch|p1a: Cloyster\n|-damage|p1a: Cloyster|10\/100\n|move|p1a: Cloyster|Icicle Spear|p2a: Kingambit\n|-resisted|p2a: Kingambit\n|-damage|p2a: Kingambit|46\/100\n|-resisted|p2a: Kingambit\n|-damage|p2a: Kingambit|38\/100\n|-resisted|p2a: Kingambit\n|-damage|p2a: Kingambit|29\/100\n|-resisted|p2a: Kingambit\n|-damage|p2a: Kingambit|21\/100\n|-resisted|p2a: Kingambit\n|-damage|p2a: Kingambit|12\/100\n|-hitcount|p2a: Kingambit|5\n|\n|upkeep\n|turn|20\n|\n|t:|1700218224\n|move|p2a: Kingambit|Sucker Punch|p1a: Cloyster|[miss]\n|-miss|p2a: Kingambit|p1a: Cloyster\n|move|p1a: Cloyster|Icicle Spear|p2a: Kingambit\n|-resisted|p2a: Kingambit\n|-damage|p2a: Kingambit|3\/100\n|-resisted|p2a: Kingambit\n|-damage|p2a: Kingambit|0 fnt\n|faint|p2a: Kingambit\n|-end|p2a: Kingambit|fallen5|[silent]\n|-hitcount|p2: Kingambit|2\n|\n|win|MEME\/\/BRAIN\n|raw|MEME&#x2f;&#x2f;BRAIN's rating: 1190 &rarr; <strong>1219<\/strong><br \/>(+29 for winning)\n|raw|K00lcarl's rating: 1253 &rarr; <strong>1224<\/strong><br \/>(-29 for losing)\n|l|\u2606K00lcarl\n","uploadtime":1700218237,"views":29,"p1id":"memebrain","p2id":"k00lcarl","formatid":"gen9anythinggoes","rating":1219,"private":0,"password":""}