{"id":"gen9anythinggoes-1982586515","p1":"LeunamTG","p2":"Zohanniter","format":"[Gen 9] Anything Goes","log":"|j|\u2606LeunamTG\n|j|\u2606Zohanniter\n|t:|1699027707\n|gametype|singles\n|player|p1|LeunamTG|170|\n|player|p2|Zohanniter|crasherwake|\n|teamsize|p1|6\n|teamsize|p2|6\n|gen|9\n|tier|[Gen 9] Anything Goes\n|rule|HP Percentage Mod: HP is shown in percentages\n|rule|Endless Battle Clause: Forcing endless battles is banned\n|clearpoke\n|poke|p1|Amoonguss, F|\n|poke|p1|Dragapult, F|\n|poke|p1|Florges-Blue, F|\n|poke|p1|Hariyama, M|\n|poke|p1|Heatran, M|\n|poke|p1|Samurott-Hisui, F|\n|poke|p2|Baxcalibur, F|\n|poke|p2|Kingambit, M|\n|poke|p2|Quagsire, M|\n|poke|p2|Slowking-Galar, F|\n|poke|p2|Cryogonal|\n|poke|p2|Cloyster, M|\n|teampreview\n|c|\u2606Zohanniter|no problema\n|c|\u2606LeunamTG|Ahora s\u00ed jajajaja, mis disculpas.\n|c|\u2606LeunamTG|La cabeza la tengo en las oposiciones.\n|c|\u2606Zohanniter|gl hf :)\n|c|\u2606LeunamTG|GLHF.\n|\n|t:|1699027759\n|start\n|switch|p1a: Za Hando|Hariyama, M, shiny|100\/100\n|switch|p2a: Quagsire|Quagsire, M|100\/100\n|turn|1\n|\n|t:|1699027773\n|-terastallize|p1a: Za Hando|Fairy\n|move|p1a: Za Hando|Knock Off|p2a: Quagsire\n|-crit|p2a: Quagsire\n|-damage|p2a: Quagsire|68\/100\n|-enditem|p2a: Quagsire|Covert Cloak|[from] move: Knock Off|[of] p1a: Za Hando\n|move|p2a: Quagsire|Stealth Rock|p1a: Za Hando\n|-sidestart|p1: LeunamTG|move: Stealth Rock\n|\n|upkeep\n|turn|2\n|\n|t:|1699027792\n|move|p1a: Za Hando|Close Combat|p2a: Quagsire\n|-damage|p2a: Quagsire|29\/100\n|-unboost|p1a: Za Hando|def|1\n|-unboost|p1a: Za Hando|spd|1\n|move|p2a: Quagsire|Recover|p2a: Quagsire\n|-heal|p2a: Quagsire|79\/100\n|\n|upkeep\n|turn|3\n|\n|t:|1699027809\n|switch|p1a: A mimir|Amoonguss, F|100\/100\n|-damage|p1a: A mimir|88\/100|[from] Stealth Rock\n|switch|p2a: Slowking|Slowking-Galar, F|100\/100\n|\n|upkeep\n|turn|4\n|\n|t:|1699027821\n|move|p1a: A mimir|Leaf Storm|p2a: Slowking\n|-resisted|p2a: Slowking\n|-damage|p2a: Slowking|88\/100\n|-unboost|p1a: A mimir|spa|2\n|-enditem|p1a: A mimir|Eject Pack\n|\n|t:|1699027829\n|switch|p1a: Iron Maiden|Heatran, M|100\/100\n|-damage|p1a: Iron Maiden|88\/100|[from] Stealth Rock\n|move|p2a: Slowking|Chilly Reception|p2a: Slowking\n|-weather|Snow\n|\n|t:|1699027839\n|switch|p2a: Quagsire|Quagsire, M|79\/100|[from] Chilly Reception\n|\n|-weather|Snow|[upkeep]\n|upkeep\n|turn|5\n|\n|t:|1699027862\n|switch|p2a: Baxcalibur|Baxcalibur, F|100\/100\n|move|p1a: Iron Maiden|Solar Beam||[still]\n|-prepare|p1a: Iron Maiden|Solar Beam\n|-enditem|p1a: Iron Maiden|Power Herb\n|-anim|p1a: Iron Maiden|Solar Beam|p2a: Baxcalibur\n|-resisted|p2a: Baxcalibur\n|-damage|p2a: Baxcalibur|92\/100\n|\n|-weather|Snow|[upkeep]\n|upkeep\n|turn|6\n|\n|t:|1699027887\n|switch|p1a: Za Hando|Hariyama, M, shiny, tera:Fairy|100\/100\n|-damage|p1a: Za Hando|88\/100|[from] Stealth Rock\n|move|p2a: Baxcalibur|Earthquake|p1a: Za Hando\n|-damage|p1a: Za Hando|59\/100\n|\n|-weather|Snow|[upkeep]\n|upkeep\n|turn|7\n|\n|t:|1699027904\n|switch|p2a: Slowking|Slowking-Galar, F|100\/100\n|move|p1a: Za Hando|Knock Off|p2a: Slowking\n|-supereffective|p2a: Slowking\n|-damage|p2a: Slowking|51\/100\n|-enditem|p2a: Slowking|Safety Goggles|[from] move: Knock Off|[of] p1a: Za Hando\n|\n|-weather|Snow|[upkeep]\n|upkeep\n|turn|8\n|\n|t:|1699027919\n|move|p1a: Za Hando|Rest|p1a: Za Hando\n|-status|p1a: Za Hando|slp|[from] move: Rest\n|-heal|p1a: Za Hando|100\/100 slp|[silent]\n|-enditem|p1a: Za Hando|Chesto Berry|[eat]\n|-curestatus|p1a: Za Hando|slp|[msg]\n|move|p2a: Slowking|Slack Off|p2a: Slowking\n|-heal|p2a: Slowking|100\/100\n|\n|-weather|none\n|upkeep\n|turn|9\n|\n|t:|1699027931\n|switch|p1a: Iron Maiden|Heatran, M|88\/100\n|-damage|p1a: Iron Maiden|76\/100|[from] Stealth Rock\n|move|p2a: Slowking|Chilly Reception|p2a: Slowking\n|-weather|Snow\n|\n|t:|1699027955\n|switch|p2a: Baxcalibur|Baxcalibur, F|92\/100|[from] Chilly Reception\n|\n|-weather|Snow|[upkeep]\n|upkeep\n|turn|10\n|\n|t:|1699027969\n|switch|p1a: Za Hando|Hariyama, M, shiny, tera:Fairy|100\/100\n|-damage|p1a: Za Hando|88\/100|[from] Stealth Rock\n|move|p2a: Baxcalibur|Earthquake|p1a: Za Hando\n|-damage|p1a: Za Hando|60\/100\n|\n|-weather|Snow|[upkeep]\n|upkeep\n|turn|11\n|\n|t:|1699027992\n|switch|p2a: Slowking|Slowking-Galar, F|100\/100\n|switch|p1a: A mimir|Amoonguss, F|100\/100\n|-damage|p1a: A mimir|88\/100|[from] Stealth Rock\n|\n|-weather|Snow|[upkeep]\n|upkeep\n|turn|12\n|\n|t:|1699028007\n|move|p1a: A mimir|Spore|p2a: Slowking\n|-status|p2a: Slowking|slp|[from] move: Spore\n|cant|p2a: Slowking|slp\n|\n|-weather|Snow|[upkeep]\n|upkeep\n|turn|13\n|\n|t:|1699028027\n|switch|p1a: Iron Maiden|Heatran, M|76\/100\n|-damage|p1a: Iron Maiden|63\/100|[from] Stealth Rock\n|switch|p2a: Cryogonal|Cryogonal|100\/100\n|\n|-weather|none\n|upkeep\n|turn|14\n|\n|t:|1699028040\n|-terastallize|p2a: Cryogonal|Electric\n|move|p2a: Cryogonal|Tera Blast|p1a: Iron Maiden|[anim] Tera Blast Electric\n|-damage|p1a: Iron Maiden|43\/100\n|move|p1a: Iron Maiden|Stealth Rock|p2a: Cryogonal\n|-sidestart|p2: Zohanniter|move: Stealth Rock\n|\n|upkeep\n|turn|15\n|\n|t:|1699028052\n|move|p2a: Cryogonal|Rapid Spin|p1a: Iron Maiden\n|-resisted|p1a: Iron Maiden\n|-damage|p1a: Iron Maiden|40\/100\n|-boost|p2a: Cryogonal|spe|1\n|-sideend|p2: Zohanniter|Stealth Rock|[from] move: Rapid Spin|[of] p2a: Cryogonal\n|move|p1a: Iron Maiden|Magma Storm|p2a: Cryogonal\n|-damage|p2a: Cryogonal|66\/100\n|-activate|p2a: Cryogonal|move: Magma Storm|[of] p1a: Iron Maiden\n|\n|-damage|p2a: Cryogonal|53\/100|[from] move: Magma Storm|[partiallytrapped]\n|upkeep\n|turn|16\n|\n|t:|1699028077\n|move|p2a: Cryogonal|Recover|p2a: Cryogonal\n|-heal|p2a: Cryogonal|100\/100\n|move|p1a: Iron Maiden|Taunt|p2a: Cryogonal\n|-start|p2a: Cryogonal|move: Taunt\n|\n|-damage|p2a: Cryogonal|88\/100|[from] move: Magma Storm|[partiallytrapped]\n|upkeep\n|turn|17\n|\n|t:|1699028104\n|move|p2a: Cryogonal|Tera Blast|p1a: Iron Maiden|[anim] Tera Blast Electric\n|-damage|p1a: Iron Maiden|20\/100\n|move|p1a: Iron Maiden|Magma Storm|p2a: Cryogonal\n|-damage|p2a: Cryogonal|54\/100\n|\n|-damage|p2a: Cryogonal|42\/100|[from] move: Magma Storm|[partiallytrapped]\n|upkeep\n|turn|18\n|\n|t:|1699028113\n|move|p2a: Cryogonal|Tera Blast|p1a: Iron Maiden|[anim] Tera Blast Electric\n|-damage|p1a: Iron Maiden|0 fnt\n|faint|p1a: Iron Maiden\n|\n|-end|p2a: Cryogonal|Magma Storm|[partiallytrapped]|[silent]\n|upkeep\n|\n|t:|1699028120\n|switch|p1a: Yong Sadeul|Samurott-Hisui, F|100\/100\n|-damage|p1a: Yong Sadeul|88\/100|[from] Stealth Rock\n|turn|19\n|\n|t:|1699028137\n|move|p2a: Cryogonal|Tera Blast|p1a: Yong Sadeul|[anim] Tera Blast Electric\n|-supereffective|p1a: Yong Sadeul\n|-damage|p1a: Yong Sadeul|0 fnt\n|faint|p1a: Yong Sadeul\n|\n|-end|p2a: Cryogonal|move: Taunt\n|upkeep\n|\n|t:|1699028158\n|switch|p1a: Pachuru|Florges-Blue, F, shiny|100\/100\n|-damage|p1a: Pachuru|88\/100|[from] Stealth Rock\n|turn|20\n|\n|t:|1699028173\n|switch|p2a: Slowking|Slowking-Galar, F|100\/100 slp\n|move|p1a: Pachuru|Calm Mind|p1a: Pachuru\n|-boost|p1a: Pachuru|spa|1\n|-boost|p1a: Pachuru|spd|1\n|\n|-heal|p1a: Pachuru|94\/100|[from] item: Leftovers\n|upkeep\n|turn|21\n|j| AGisgood\u82cd\u54cd\u4fa0\n|l| AGisgood\u82cd\u54cd\u4fa0\n|\n|t:|1699028186\n|move|p1a: Pachuru|Moonblast|p2a: Slowking\n|-resisted|p2a: Slowking\n|-damage|p2a: Slowking|84\/100 slp\n|cant|p2a: Slowking|slp\n|\n|-heal|p1a: Pachuru|100\/100|[from] item: Leftovers\n|upkeep\n|turn|22\n|\n|t:|1699028196\n|move|p1a: Pachuru|Calm Mind|p1a: Pachuru\n|-boost|p1a: Pachuru|spa|1\n|-boost|p1a: Pachuru|spd|1\n|-curestatus|p2a: Slowking|slp|[msg]\n|move|p2a: Slowking|Thunder Wave|p1a: Pachuru\n|-status|p1a: Pachuru|par\n|\n|upkeep\n|turn|23\n|\n|t:|1699028202\n|move|p1a: Pachuru|Moonblast|p2a: Slowking\n|-resisted|p2a: Slowking\n|-damage|p2a: Slowking|60\/100\n|move|p2a: Slowking|Acid Spray|p1a: Pachuru\n|-supereffective|p1a: Pachuru\n|-damage|p1a: Pachuru|90\/100 par\n|-unboost|p1a: Pachuru|spd|2\n|\n|-heal|p1a: Pachuru|96\/100 par|[from] item: Leftovers\n|upkeep\n|turn|24\n|\n|t:|1699028214\n|switch|p1a: A mimir|Amoonguss, F|100\/100\n|-damage|p1a: A mimir|88\/100|[from] Stealth Rock\n|move|p2a: Slowking|Acid Spray|p1a: A mimir\n|-damage|p1a: A mimir|75\/100\n|-unboost|p1a: A mimir|spd|2\n|\n|upkeep\n|turn|25\n|\n|t:|1699028221\n|move|p1a: A mimir|Spore|p2a: Slowking\n|-status|p2a: Slowking|slp|[from] move: Spore\n|cant|p2a: Slowking|slp\n|\n|upkeep\n|turn|26\n|\n|t:|1699028227\n|switch|p1a: Feliz juagulin|Dragapult, F|100\/100\n|-damage|p1a: Feliz juagulin|88\/100|[from] Stealth Rock\n|switch|p2a: Kingambit|Kingambit, M|100\/100\n|\n|-heal|p1a: Feliz juagulin|94\/100|[from] item: Leftovers\n|upkeep\n|turn|27\n|\n|t:|1699028236\n|move|p1a: Feliz juagulin|Substitute|p1a: Feliz juagulin\n|-start|p1a: Feliz juagulin|Substitute\n|-damage|p1a: Feliz juagulin|69\/100\n|move|p2a: Kingambit|Kowtow Cleave|p1a: Feliz juagulin\n|-supereffective|p1a: Feliz juagulin\n|-end|p1a: Feliz juagulin|Substitute\n|\n|-heal|p1a: Feliz juagulin|75\/100|[from] item: Leftovers\n|upkeep\n|turn|28\n|\n|t:|1699028262\n|switch|p1a: Za Hando|Hariyama, M, shiny, tera:Fairy|60\/100\n|-damage|p1a: Za Hando|47\/100|[from] Stealth Rock\n|move|p2a: Kingambit|Kowtow Cleave|p1a: Za Hando\n|-resisted|p1a: Za Hando\n|-damage|p1a: Za Hando|30\/100\n|\n|upkeep\n|turn|29\n|\n|t:|1699028271\n|-end|p2a: Kingambit|fallenundefined|[silent]\n|switch|p2a: Slowking|Slowking-Galar, F|93\/100 slp\n|move|p1a: Za Hando|Close Combat|p2a: Slowking\n|-resisted|p2a: Slowking\n|-damage|p2a: Slowking|82\/100 slp\n|-unboost|p1a: Za Hando|def|1\n|-unboost|p1a: Za Hando|spd|1\n|\n|upkeep\n|turn|30\n|\n|t:|1699028283\n|switch|p1a: Feliz juagulin|Dragapult, F|75\/100\n|-damage|p1a: Feliz juagulin|63\/100|[from] Stealth Rock\n|switch|p2a: Kingambit|Kingambit, M|100\/100\n|\n|-heal|p1a: Feliz juagulin|69\/100|[from] item: Leftovers\n|upkeep\n|turn|31\n|\n|t:|1699028304\n|move|p1a: Feliz juagulin|Will-O-Wisp|p2a: Kingambit\n|-status|p2a: Kingambit|brn\n|-enditem|p2a: Kingambit|Lum Berry|[eat]\n|-curestatus|p2a: Kingambit|brn|[msg]\n|move|p2a: Kingambit|Kowtow Cleave|p1a: Feliz juagulin\n|-supereffective|p1a: Feliz juagulin\n|-damage|p1a: Feliz juagulin|0 fnt\n|faint|p1a: Feliz juagulin\n|\n|upkeep\n|\n|t:|1699028310\n|switch|p1a: Za Hando|Hariyama, M, shiny, tera:Fairy|30\/100\n|-damage|p1a: Za Hando|18\/100|[from] Stealth Rock\n|turn|32\n|\n|t:|1699028351\n|-end|p2a: Kingambit|fallenundefined|[silent]\n|switch|p2a: Slowking|Slowking-Galar, F|100\/100 slp\n|move|p1a: Za Hando|Rest|p1a: Za Hando\n|-status|p1a: Za Hando|slp|[from] move: Rest\n|-heal|p1a: Za Hando|100\/100 slp|[silent]\n|\n|upkeep\n|turn|33\n|\n|t:|1699028361\n|cant|p1a: Za Hando|slp\n|cant|p2a: Slowking|slp\n|\n|upkeep\n|turn|34\n|\n|t:|1699028365\n|cant|p1a: Za Hando|slp\n|-curestatus|p2a: Slowking|slp|[msg]\n|move|p2a: Slowking|Acid Spray|p1a: Za Hando\n|-supereffective|p1a: Za Hando\n|-damage|p1a: Za Hando|68\/100 slp\n|-unboost|p1a: Za Hando|spd|2\n|\n|upkeep\n|turn|35\n|j| mimizukii\n|\n|t:|1699028382\n|switch|p1a: A mimir|Amoonguss, F|100\/100\n|-damage|p1a: A mimir|88\/100|[from] Stealth Rock\n|switch|p2a: Baxcalibur|Baxcalibur, F|92\/100\n|\n|upkeep\n|turn|36\n|\n|t:|1699028393\n|move|p2a: Baxcalibur|Icicle Spear|p1a: A mimir\n|-supereffective|p1a: A mimir\n|-damage|p1a: A mimir|65\/100\n|-supereffective|p1a: A mimir\n|-damage|p1a: A mimir|44\/100\n|-supereffective|p1a: A mimir\n|-damage|p1a: A mimir|25\/100\n|-supereffective|p1a: A mimir\n|-damage|p1a: A mimir|6\/100\n|-supereffective|p1a: A mimir\n|-damage|p1a: A mimir|0 fnt\n|faint|p1a: A mimir\n|-hitcount|p1: A mimir|5\n|\n|upkeep\n|\n|t:|1699028399\n|switch|p1a: Za Hando|Hariyama, M, shiny, tera:Fairy|68\/100 slp\n|-damage|p1a: Za Hando|55\/100 slp|[from] Stealth Rock\n|turn|37\n|\n|t:|1699028414\n|switch|p2a: Slowking|Slowking-Galar, F|100\/100\n|-curestatus|p1a: Za Hando|slp|[msg]\n|move|p1a: Za Hando|Knock Off|p2a: Slowking\n|-supereffective|p2a: Slowking\n|-damage|p2a: Slowking|65\/100\n|\n|upkeep\n|turn|38\n|\n|t:|1699028423\n|move|p1a: Za Hando|Rock Slide|p2a: Slowking\n|-damage|p2a: Slowking|45\/100\n|move|p2a: Slowking|Slack Off|p2a: Slowking\n|-heal|p2a: Slowking|95\/100\n|\n|upkeep\n|turn|39\n|\n|t:|1699028436\n|move|p1a: Za Hando|Rock Slide|p2a: Slowking\n|-damage|p2a: Slowking|74\/100\n|move|p2a: Slowking|Acid Spray|p1a: Za Hando\n|-supereffective|p1a: Za Hando\n|-damage|p1a: Za Hando|25\/100\n|-unboost|p1a: Za Hando|spd|2\n|\n|upkeep\n|turn|40\n|\n|t:|1699028452\n|move|p1a: Za Hando|Rock Slide|p2a: Slowking\n|-damage|p2a: Slowking|54\/100\n|cant|p2a: Slowking|flinch\n|\n|upkeep\n|turn|41\n|\n|t:|1699028464\n|switch|p2a: Cloyster|Cloyster, M|100\/100\n|move|p1a: Za Hando|Rock Slide|p2a: Cloyster\n|-supereffective|p2a: Cloyster\n|-damage|p2a: Cloyster|64\/100\n|\n|upkeep\n|turn|42\n|\n|t:|1699028469\n|move|p2a: Cloyster|Liquidation|p1a: Za Hando\n|-damage|p1a: Za Hando|0 fnt\n|faint|p1a: Za Hando\n|\n|upkeep\n|\n|t:|1699028471\n|switch|p1a: Pachuru|Florges-Blue, F, shiny|96\/100 par\n|-damage|p1a: Pachuru|83\/100 par|[from] Stealth Rock\n|turn|43\n|\n|t:|1699028483\n|switch|p2a: Slowking|Slowking-Galar, F|87\/100\n|cant|p1a: Pachuru|par\n|\n|-heal|p1a: Pachuru|90\/100 par|[from] item: Leftovers\n|upkeep\n|turn|44\n|\n|t:|1699028487\n|move|p1a: Pachuru|Calm Mind|p1a: Pachuru\n|-boost|p1a: Pachuru|spa|1\n|-boost|p1a: Pachuru|spd|1\n|move|p2a: Slowking|Acid Spray|p1a: Pachuru\n|-supereffective|p1a: Pachuru\n|-damage|p1a: Pachuru|77\/100 par\n|-unboost|p1a: Pachuru|spd|2\n|\n|-heal|p1a: Pachuru|83\/100 par|[from] item: Leftovers\n|upkeep\n|turn|45\n|\n|t:|1699028489\n|move|p1a: Pachuru|Protect|p1a: Pachuru\n|-singleturn|p1a: Pachuru|Protect\n|move|p2a: Slowking|Acid Spray|p1a: Pachuru\n|-activate|p1a: Pachuru|move: Protect\n|\n|-heal|p1a: Pachuru|90\/100 par|[from] item: Leftovers\n|upkeep\n|turn|46\n|\n|t:|1699028494\n|move|p1a: Pachuru|Calm Mind|p1a: Pachuru\n|-boost|p1a: Pachuru|spa|1\n|-boost|p1a: Pachuru|spd|1\n|move|p2a: Slowking|Acid Spray|p1a: Pachuru\n|-supereffective|p1a: Pachuru\n|-damage|p1a: Pachuru|70\/100 par\n|-unboost|p1a: Pachuru|spd|2\n|\n|-heal|p1a: Pachuru|77\/100 par|[from] item: Leftovers\n|upkeep\n|turn|47\n|\n|t:|1699028500\n|move|p1a: Pachuru|Protect|p1a: Pachuru\n|-singleturn|p1a: Pachuru|Protect\n|move|p2a: Slowking|Acid Spray|p1a: Pachuru\n|-activate|p1a: Pachuru|move: Protect\n|\n|-heal|p1a: Pachuru|83\/100 par|[from] item: Leftovers\n|upkeep\n|turn|48\n|\n|t:|1699028504\n|move|p1a: Pachuru|Moonblast|p2a: Slowking\n|-resisted|p2a: Slowking\n|-damage|p2a: Slowking|65\/100\n|-unboost|p2a: Slowking|spa|1\n|move|p2a: Slowking|Acid Spray|p1a: Pachuru\n|-supereffective|p1a: Pachuru\n|-crit|p1a: Pachuru\n|-damage|p1a: Pachuru|21\/100 par\n|-unboost|p1a: Pachuru|spd|2\n|\n|-heal|p1a: Pachuru|27\/100 par|[from] item: Leftovers\n|upkeep\n|turn|49\n|\n|t:|1699028511\n|move|p1a: Pachuru|Protect|p1a: Pachuru\n|-singleturn|p1a: Pachuru|Protect\n|move|p2a: Slowking|Acid Spray|p1a: Pachuru\n|-activate|p1a: Pachuru|move: Protect\n|\n|-heal|p1a: Pachuru|33\/100 par|[from] item: Leftovers\n|upkeep\n|turn|50\n|\n|t:|1699028514\n|move|p1a: Pachuru|Moonblast|p2a: Slowking\n|-resisted|p2a: Slowking\n|-damage|p2a: Slowking|43\/100\n|move|p2a: Slowking|Acid Spray|p1a: Pachuru\n|-supereffective|p1a: Pachuru\n|-damage|p1a: Pachuru|0 fnt\n|faint|p1a: Pachuru\n|\n|win|Zohanniter\n|c|\u2606LeunamTG|GG.\n|l|\u2606LeunamTG\n|c|\u2606Zohanniter|gg wp!\n","uploadtime":1699028527,"views":48,"p1id":"leunamtg","p2id":"zohanniter","formatid":"gen9anythinggoes","rating":0,"private":0,"password":""}