{"id":"gen9anythinggoes-1994092795","p1":"DarkStocks","p2":"Gauzic","format":"[Gen 9] Anything Goes","log":"|j|\u203dDarkStocks\n|j|\u2606Gauzic\n|t:|1700405901\n|gametype|singles\n|player|p1|DarkStocks|roxie|1155\n|player|p2|Gauzic|rocketgrunt|1164\n|teamsize|p1|6\n|teamsize|p2|6\n|gen|9\n|tier|[Gen 9] Anything Goes\n|rated|\n|rule|HP Percentage Mod: HP is shown in percentages\n|rule|Endless Battle Clause: Forcing endless battles is banned\n|clearpoke\n|poke|p1|Gengar, F|\n|poke|p1|Infernape, F|\n|poke|p1|Golem-Alola, M|\n|poke|p1|Scizor, M|\n|poke|p1|Umbreon, F|\n|poke|p1|Vaporeon, F|\n|poke|p2|Rotom|\n|poke|p2|Rotom-Fan|\n|poke|p2|Rotom-Frost|\n|poke|p2|Rotom-Heat|\n|poke|p2|Rotom-Mow|\n|poke|p2|Rotom-Wash|\n|teampreview\n|\n|t:|1700405913\n|start\n|switch|p1a: Golem|Golem-Alola, M|100\/100\n|switch|p2a: Watt|Rotom|100\/100\n|turn|1\n|\n|t:|1700405919\n|move|p2a: Watt|Volt Switch|p1a: Golem\n|-resisted|p1a: Golem\n|-damage|p1a: Golem|77\/100\n|\n|t:|1700405923\n|switch|p2a: Tide Pod|Rotom-Wash|100\/100|[from] Volt Switch\n|move|p1a: Golem|Stealth Rock|p2a: Tide Pod\n|-sidestart|p2: Gauzic|move: Stealth Rock\n|\n|upkeep\n|turn|2\n|\n|t:|1700405929\n|move|p2a: Tide Pod|Hydro Pump|p1a: Golem\n|-supereffective|p1a: Golem\n|-crit|p1a: Golem\n|-damage|p1a: Golem|0 fnt\n|faint|p1a: Golem\n|\n|upkeep\n|\n|t:|1700405940\n|switch|p1a: Gengar|Gengar, F|100\/100\n|turn|3\n|\n|t:|1700405947\n|move|p1a: Gengar|Hypnosis|p2a: Tide Pod\n|-status|p2a: Tide Pod|slp|[from] move: Hypnosis\n|-enditem|p2a: Tide Pod|Lum Berry|[eat]\n|-curestatus|p2a: Tide Pod|slp|[msg]\n|move|p2a: Tide Pod|Hydro Pump|p1a: Gengar\n|-damage|p1a: Gengar|17\/100\n|-start|p2a: Tide Pod|Disable|Hydro Pump|[from] ability: Cursed Body|[of] p1a: Gengar\n|\n|-heal|p1a: Gengar|23\/100|[from] item: Leftovers\n|upkeep\n|turn|4\n|\n|t:|1700405959\n|move|p1a: Gengar|Hypnosis|p2a: Tide Pod|[miss]\n|-miss|p1a: Gengar|p2a: Tide Pod\n|move|p2a: Tide Pod|Thunderbolt|p1a: Gengar\n|-crit|p1a: Gengar\n|-damage|p1a: Gengar|0 fnt\n|faint|p1a: Gengar\n|\n|upkeep\n|\n|t:|1700405968\n|switch|p1a: Umbreon|Umbreon, F, shiny|100\/100\n|turn|5\n|\n|t:|1700405972\n|-terastallize|p2a: Tide Pod|Bug\n|move|p2a: Tide Pod|Tera Blast|p1a: Umbreon|[anim] Tera Blast Bug\n|-supereffective|p1a: Umbreon\n|-damage|p1a: Umbreon|55\/100\n|move|p1a: Umbreon|Calm Mind|p1a: Umbreon\n|-boost|p1a: Umbreon|spa|1\n|-boost|p1a: Umbreon|spd|1\n|\n|upkeep\n|turn|6\n|\n|t:|1700405983\n|switch|p2a: Watt|Rotom|100\/100\n|-damage|p2a: Watt|88\/100|[from] Stealth Rock\n|move|p1a: Umbreon|Calm Mind|p1a: Umbreon\n|-boost|p1a: Umbreon|spa|1\n|-boost|p1a: Umbreon|spd|1\n|\n|upkeep\n|turn|7\n|\n|t:|1700405991\n|move|p2a: Watt|Trick|p1a: Umbreon\n|-activate|p2a: Watt|move: Trick|[of] p1a: Umbreon\n|-item|p1a: Umbreon|Choice Scarf|[from] move: Trick\n|-item|p2a: Watt|Expert Belt|[from] move: Trick\n|move|p1a: Umbreon|Calm Mind|p1a: Umbreon\n|-boost|p1a: Umbreon|spa|1\n|-boost|p1a: Umbreon|spd|1\n|\n|upkeep\n|turn|8\n|j| ThotsOnDemand\n|\n|t:|1700406006\n|switch|p1a: Infernape|Infernape, F, shiny|100\/100\n|move|p2a: Watt|Volt Switch|p1a: Infernape\n|-crit|p1a: Infernape\n|-damage|p1a: Infernape|23\/100\n|c| ThotsOnDemand|use knock off\n|c|\u2606Gauzic|no\n|\n|t:|1700406022\n|switch|p2a: Number 1|Rotom-Fan|100\/100|[from] Volt Switch\n|-damage|p2a: Number 1|76\/100|[from] Stealth Rock\n|\n|upkeep\n|turn|9\n|\n|t:|1700406032\n|switch|p1a: Scizor|Scizor, M|100\/100\n|move|p2a: Number 1|Reflect|p2a: Number 1\n|-sidestart|p2: Gauzic|Reflect\n|\n|upkeep\n|turn|10\n|c| ThotsOnDemand|knock it off\n|\n|t:|1700406038\n|move|p1a: Scizor|Bullet Punch|p2a: Number 1\n|-resisted|p2a: Number 1\n|-damage|p2a: Number 1|67\/100\n|move|p2a: Number 1|Air Slash|p1a: Scizor\n|-damage|p1a: Scizor|60\/100\n|\n|upkeep\n|turn|11\n|\n|t:|1700406046\n|move|p2a: Number 1|Air Slash|p1a: Scizor\n|-damage|p1a: Scizor|23\/100\n|move|p1a: Scizor|Swords Dance|p1a: Scizor\n|-boost|p1a: Scizor|atk|2\n|\n|upkeep\n|turn|12\n|c| ThotsOnDemand|knock off!!\n|\n|t:|1700406053\n|move|p1a: Scizor|Bullet Punch|p2a: Number 1\n|-resisted|p2a: Number 1\n|-damage|p2a: Number 1|47\/100\n|move|p2a: Number 1|Foul Play|p1a: Scizor\n|-damage|p1a: Scizor|0 fnt\n|faint|p1a: Scizor\n|\n|upkeep\n|\n|t:|1700406067\n|switch|p1a: Umbreon|Umbreon, F, shiny|55\/100\n|turn|13\n|\n|t:|1700406074\n|move|p1a: Umbreon|Dark Pulse|p2a: Number 1\n|-damage|p2a: Number 1|27\/100\n|move|p2a: Number 1|Light Screen|p2a: Number 1\n|-sidestart|p2: Gauzic|move: Light Screen\n|\n|upkeep\n|turn|14\n|j| Arpitraj1\n|\n|t:|1700406079\n|move|p1a: Umbreon|Dark Pulse|p2a: Number 1\n|-damage|p2a: Number 1|17\/100\n|move|p2a: Number 1|Air Slash|p1a: Umbreon\n|-damage|p1a: Umbreon|36\/100\n|\n|upkeep\n|turn|15\n|\n|t:|1700406086\n|move|p1a: Umbreon|Dark Pulse|p2a: Number 1\n|-damage|p2a: Number 1|8\/100\n|cant|p2a: Number 1|flinch\n|\n|upkeep\n|turn|16\n|\n|t:|1700406091\n|move|p1a: Umbreon|Dark Pulse|p2a: Number 1\n|-damage|p2a: Number 1|0 fnt\n|faint|p2a: Number 1\n|\n|-sideend|p2: Gauzic|Reflect\n|upkeep\n|\n|t:|1700406096\n|switch|p2a: John Deere|Rotom-Mow|100\/100\n|-damage|p2a: John Deere|88\/100|[from] Stealth Rock\n|turn|17\n|\n|t:|1700406100\n|move|p1a: Umbreon|Dark Pulse|p2a: John Deere\n|-crit|p2a: John Deere\n|-damage|p2a: John Deere|64\/100\n|cant|p2a: John Deere|flinch\n|\n|upkeep\n|turn|18\n|\n|t:|1700406105\n|move|p1a: Umbreon|Dark Pulse|p2a: John Deere\n|-damage|p2a: John Deere|56\/100\n|move|p2a: John Deere|Thunder|p1a: Umbreon\n|-damage|p1a: Umbreon|5\/100\n|\n|upkeep\n|turn|19\n|\n|t:|1700406112\n|move|p1a: Umbreon|Dark Pulse|p2a: John Deere\n|-damage|p2a: John Deere|49\/100\n|move|p2a: John Deere|Volt Switch|p1a: Umbreon\n|-damage|p1a: Umbreon|0 fnt\n|faint|p1a: Umbreon\n|\n|t:|1700406122\n|switch|p2a: Eazy bake|Rotom-Heat, shiny|100\/100|[from] Volt Switch\n|-damage|p2a: Eazy bake|75\/100|[from] Stealth Rock\n|\n|upkeep\n|\n|t:|1700406127\n|switch|p1a: Infernape|Infernape, F, shiny|23\/100\n|turn|20\n|\n|t:|1700406132\n|move|p1a: Infernape|Close Combat|p2a: Eazy bake\n|-damage|p2a: Eazy bake|1\/100\n|-unboost|p1a: Infernape|def|1\n|-unboost|p1a: Infernape|spd|1\n|move|p2a: Eazy bake|Volt Switch|p1a: Infernape\n|-damage|p1a: Infernape|0 fnt\n|faint|p1a: Infernape\n|\n|t:|1700406137\n|switch|p2a: Tide Pod|Rotom-Wash, tera:Bug|100\/100|[from] Volt Switch\n|-damage|p2a: Tide Pod|76\/100|[from] Stealth Rock\n|\n|-sideend|p2: Gauzic|move: Light Screen\n|upkeep\n|c| ThotsOnDemand|rotom frost needs a nick name still\n|-message|DarkStocks forfeited.\n|\n|win|Gauzic\n|raw|DarkStocks's rating: 1155 &rarr; <strong>1131<\/strong><br \/>(-24 for losing)\n|raw|Gauzic's rating: 1164 &rarr; <strong>1188<\/strong><br \/>(+24 for winning)\n|c|\u2606Gauzic|its nicknamed samsung\n|l| Arpitraj1\n|c|\u2606Gauzic|like the fridge\n|c| ThotsOnDemand|cool!\n|l| ThotsOnDemand\n","uploadtime":1700406181,"views":2,"p1id":"darkstocks","p2id":"gauzic","formatid":"gen9anythinggoes","rating":1131,"private":0,"password":""}