{"id":"gen9anythinggoes-1982905464","p1":"CyrusPutsInWork","p2":"edwarddddd","format":"[Gen 9] Anything Goes","log":"|j|\u2606CyrusPutsInWork\n|j|\u2606edwarddddd\n|t:|1699057079\n|gametype|singles\n|player|p1|CyrusPutsInWork|169|\n|player|p2|edwarddddd|shauntal|\n|teamsize|p1|6\n|teamsize|p2|6\n|gen|9\n|tier|[Gen 9] Anything Goes\n|rule|HP Percentage Mod: HP is shown in percentages\n|rule|Endless Battle Clause: Forcing endless battles is banned\n|clearpoke\n|poke|p1|Pikachu, M|\n|poke|p1|Dragonite, F|\n|poke|p1|Azelf|\n|poke|p1|Mew|\n|poke|p1|Glastrier|\n|poke|p1|Corviknight, M|\n|poke|p2|Pelipper, F|\n|poke|p2|Mudsdale, M|\n|poke|p2|Iron Bundle|\n|poke|p2|Moltres|\n|poke|p2|Basculegion, M|\n|poke|p2|Rotom-Wash|\n|teampreview\n|j| ParanoiaKC\n|l| ParanoiaKC\n|j| ParanoiaKC\n|j| Pvrk\n|j| Willer Tail\n|c|\u2606edwarddddd|ok lets just redo the events\n|\n|t:|1699057148\n|start\n|switch|p1a: New Wifi Who This|Pikachu, M|100\/100\n|switch|p2a: Scott Foster|Pelipper, F|100\/100\n|-weather|RainDance|[from] ability: Drizzle|[of] p2a: Scott Foster\n|turn|1\n|c|\u2606CyrusPutsInWork|Yaya\n|\n|t:|1699057166\n|switch|p2a: 2011 Mavericks|Mudsdale, M|100\/100\n|move|p1a: New Wifi Who This|Fake Out|p2a: 2011 Mavericks\n|-damage|p2a: 2011 Mavericks|93\/100\n|-ability|p2a: 2011 Mavericks|Stamina|boost\n|-boost|p2a: 2011 Mavericks|def|1\n|\n|-weather|RainDance|[upkeep]\n|-heal|p2a: 2011 Mavericks|99\/100|[from] item: Leftovers\n|upkeep\n|turn|2\n|c| ParanoiaKC|same roll too\n|c|\u2606CyrusPutsInWork|Now we can play like normal\n|j| Monarith\n|c|\u2606edwarddddd|aight\n|\n|t:|1699057195\n|move|p1a: New Wifi Who This|Grass Knot|p2a: 2011 Mavericks\n|-supereffective|p2a: 2011 Mavericks\n|-damage|p2a: 2011 Mavericks|2\/100\n|-ability|p2a: 2011 Mavericks|Stamina|boost\n|-boost|p2a: 2011 Mavericks|def|1\n|move|p2a: 2011 Mavericks|Stealth Rock|p1a: New Wifi Who This\n|-sidestart|p1: CyrusPutsInWork|move: Stealth Rock\n|\n|-weather|RainDance|[upkeep]\n|-heal|p2a: 2011 Mavericks|8\/100|[from] item: Leftovers\n|upkeep\n|turn|3\n|c| Monarith|Weee\n|\n|t:|1699057208\n|move|p2a: 2011 Mavericks|Protect|p2a: 2011 Mavericks\n|-singleturn|p2a: 2011 Mavericks|Protect\n|move|p1a: New Wifi Who This|Grass Knot|p2a: 2011 Mavericks\n|-activate|p2a: 2011 Mavericks|move: Protect\n|\n|-weather|RainDance|[upkeep]\n|-heal|p2a: 2011 Mavericks|15\/100|[from] item: Leftovers\n|upkeep\n|turn|4\n|c| ParanoiaKC|oh THATS what\u2019s up\n|c| Pvrk|DAMN\n|c| Willer Tail|The ball is light but the damage is not\n|\n|t:|1699057238\n|switch|p2a: BIGGEST BIRD|Moltres|100\/100\n|move|p1a: New Wifi Who This|Grass Knot|p2a: BIGGEST BIRD\n|-resisted|p2a: BIGGEST BIRD\n|-damage|p2a: BIGGEST BIRD|92\/100\n|\n|-weather|RainDance|[upkeep]\n|upkeep\n|turn|5\n|j| Throw Games\n|c| ParanoiaKC|honestly forgot Pika gets Knot\n|c| Pvrk|LET EM KNOW PIKA\n|\n|t:|1699057276\n|move|p1a: New Wifi Who This|Thunder|p2a: BIGGEST BIRD\n|-supereffective|p2a: BIGGEST BIRD\n|-damage|p2a: BIGGEST BIRD|0 fnt\n|faint|p2a: BIGGEST BIRD\n|\n|-weather|RainDance|[upkeep]\n|upkeep\n|\n|t:|1699057282\n|switch|p2a: 2011 Mavericks|Mudsdale, M|15\/100\n|turn|6\n|c| ParanoiaKC|COOKED GOOSE\n|\n|t:|1699057289\n|move|p2a: 2011 Mavericks|Protect|p2a: 2011 Mavericks\n|-singleturn|p2a: 2011 Mavericks|Protect\n|move|p1a: New Wifi Who This|Grass Knot|p2a: 2011 Mavericks\n|-activate|p2a: 2011 Mavericks|move: Protect\n|\n|-weather|RainDance|[upkeep]\n|-heal|p2a: 2011 Mavericks|21\/100|[from] item: Leftovers\n|upkeep\n|turn|7\n|c|\u2606edwarddddd|why does the rat get grass knot\n|\n|t:|1699057327\n|move|p1a: New Wifi Who This|Grass Knot|p2a: 2011 Mavericks\n|-supereffective|p2a: 2011 Mavericks\n|-damage|p2a: 2011 Mavericks|0 fnt\n|faint|p2a: 2011 Mavericks\n|\n|-weather|RainDance|[upkeep]\n|upkeep\n|c| Throw Games|yrrrrrrrrrr\n|\n|t:|1699057331\n|switch|p2a: Oppenheimer|Basculegion, M|100\/100\n|turn|8\n|c| Pvrk|no tera?????\n|\n|t:|1699057354\n|move|p2a: Oppenheimer|Wave Crash|p1a: New Wifi Who This\n|-damage|p1a: New Wifi Who This|0 fnt\n|faint|p1a: New Wifi Who This\n|-damage|p2a: Oppenheimer|82\/100|[from] Recoil\n|\n|-weather|none\n|upkeep\n|c| Throw Games|THE DRAFT RESUMES\n|c| Throw Games|WE'RE BACK\n|\n|t:|1699057382\n|switch|p1a: Total Drama Island|Mew|100\/100\n|-damage|p1a: Total Drama Island|88\/100|[from] Stealth Rock\n|turn|9\n|\n|t:|1699057394\n|move|p1a: Total Drama Island|Substitute|p1a: Total Drama Island\n|-start|p1a: Total Drama Island|Substitute\n|-damage|p1a: Total Drama Island|63\/100\n|move|p2a: Oppenheimer|Wave Crash|p1a: Total Drama Island\n|-end|p1a: Total Drama Island|Substitute\n|-damage|p2a: Oppenheimer|75\/100|[from] Recoil|[of] p1a: Total Drama Island\n|\n|-heal|p1a: Total Drama Island|69\/100|[from] item: Leftovers\n|upkeep\n|turn|10\n|\n|t:|1699057428\n|switch|p2a: Scott Foster|Pelipper, F|100\/100\n|-weather|RainDance|[from] ability: Drizzle|[of] p2a: Scott Foster\n|move|p1a: Total Drama Island|Substitute|p1a: Total Drama Island\n|-start|p1a: Total Drama Island|Substitute\n|-damage|p1a: Total Drama Island|44\/100\n|\n|-weather|RainDance|[upkeep]\n|-heal|p1a: Total Drama Island|51\/100|[from] item: Leftovers\n|upkeep\n|turn|11\n|\n|t:|1699057445\n|switch|p2a: Oppenheimer|Basculegion, M|75\/100\n|move|p1a: Total Drama Island|Dragon Dance|p1a: Total Drama Island\n|-boost|p1a: Total Drama Island|atk|1\n|-boost|p1a: Total Drama Island|spe|1\n|\n|-weather|RainDance|[upkeep]\n|-heal|p1a: Total Drama Island|57\/100|[from] item: Leftovers\n|upkeep\n|turn|12\n|c| ParanoiaKC|oh no\n|c| Pvrk|BRAZY\n|c| Throw Games|ugh oh\n|c| Monarith|Nasty situation\n|c| Pvrk|AGENCY\n|c| Pvrk|AGENCY\n|c| Throw Games|sub DD Mew is demonic\n|\n|t:|1699057490\n|move|p2a: Oppenheimer|Crunch|p1a: Total Drama Island\n|-supereffective|p1a: Total Drama Island\n|-end|p1a: Total Drama Island|Substitute\n|move|p1a: Total Drama Island|Psychic Fangs|p2a: Oppenheimer\n|-damage|p2a: Oppenheimer|3\/100\n|\n|-weather|RainDance|[upkeep]\n|-heal|p1a: Total Drama Island|63\/100|[from] item: Leftovers\n|upkeep\n|turn|13\n|c| Throw Games|LMAOOOOOO\n|c| Monarith|HOLD\n|c| Pvrk|unfortunate roll\n|c| ParanoiaKC|I WANT TO LIVE\n|c| Throw Games|crazy thing is\n|\n|t:|1699057524\n|switch|p1a: Hollow Purp Victim|Corviknight, M|100\/100\n|-damage|p1a: Hollow Purp Victim|88\/100|[from] Stealth Rock\n|move|p2a: Oppenheimer|Crunch|p1a: Hollow Purp Victim\n|-damage|p1a: Hollow Purp Victim|63\/100\n|\n|-weather|RainDance|[upkeep]\n|-heal|p1a: Hollow Purp Victim|70\/100|[from] item: Leftovers\n|upkeep\n|turn|14\n|c| Throw Games|ion think that was a roll\n|c| Throw Games|Mew is not strong LMAO\n|\n|t:|1699057557\n|move|p2a: Oppenheimer|Crunch|p1a: Hollow Purp Victim\n|-damage|p1a: Hollow Purp Victim|47\/100\n|-ability|p1a: Hollow Purp Victim|Mirror Armor\n|-unboost|p2a: Oppenheimer|def|1\n|move|p1a: Hollow Purp Victim|U-turn|p2a: Oppenheimer\n|-resisted|p2a: Oppenheimer\n|-damage|p2a: Oppenheimer|0 fnt\n|faint|p2a: Oppenheimer\n|c| Throw Games|OOOOS\n|c| ParanoiaKC|Delicious\n|c|\u2606edwarddddd|whoever gave pika grass knot should be run over\n|\n|t:|1699057613\n|switch|p1a: D-Wade|Azelf|100\/100|[from] U-turn\n|-damage|p1a: D-Wade|88\/100|[from] Stealth Rock\n|\n|-weather|RainDance|[upkeep]\n|upkeep\n|\n|t:|1699057628\n|switch|p2a: BIRD UP|Iron Bundle|100\/100\n|turn|15\n|\n|t:|1699057648\n|move|p2a: BIRD UP|Taunt|p1a: D-Wade\n|-start|p1a: D-Wade|move: Taunt\n|cant|p1a: D-Wade|move: Taunt|Trick Room\n|\n|-weather|RainDance|[upkeep]\n|upkeep\n|turn|16\n|c| Monarith|OOOOO\n|c| ParanoiaKC|AHT AHT\n|c| Willer Tail|Spectacular taunt\n|c| ParanoiaKC|not so fast there\n|c| Throw Games|what a taunt\n|c|\u2606CyrusPutsInWork|BRO GETS TAUNT??\n|\n|t:|1699057704\n|switch|p1a: Total Drama Island|Mew|63\/100\n|-damage|p1a: Total Drama Island|51\/100|[from] Stealth Rock\n|move|p2a: BIRD UP|Hydro Pump|p1a: Total Drama Island\n|-damage|p1a: Total Drama Island|0 fnt\n|faint|p1a: Total Drama Island\n|\n|-weather|RainDance|[upkeep]\n|upkeep\n|c|\u2606edwarddddd|YOUR PIKA GETS GRASS KNOT I DONT WANNA HEAR SHIT\n|\n|t:|1699057732\n|switch|p1a: Hollow Purp Victim|Corviknight, M|47\/100\n|-damage|p1a: Hollow Purp Victim|34\/100|[from] Stealth Rock\n|turn|17\n|\n|t:|1699057742\n|move|p2a: BIRD UP|Hydro Pump|p1a: Hollow Purp Victim\n|-damage|p1a: Hollow Purp Victim|0 fnt\n|faint|p1a: Hollow Purp Victim\n|\n|-weather|none\n|upkeep\n|c| ParanoiaKC|two pumps\n|\n|t:|1699057760\n|switch|p1a: D-Wade|Azelf|88\/100\n|-damage|p1a: D-Wade|76\/100|[from] Stealth Rock\n|turn|18\n|c| Monarith|He wasn\u2019t the one pump chump\n|c| ParanoiaKC|this bird got a shotgun\n|\n|t:|1699057766\n|move|p2a: BIRD UP|Taunt|p1a: D-Wade\n|-start|p1a: D-Wade|move: Taunt\n|move|p1a: D-Wade|Energy Ball|p2a: BIRD UP\n|-supereffective|p2a: BIRD UP\n|-damage|p2a: BIRD UP|0 fnt\n|faint|p2a: BIRD UP\n|-end|p2a: BIRD UP|Quark Drive|[silent]\n|\n|upkeep\n|c| Throw Games|GAWN\n|\n|t:|1699057774\n|switch|p2a: Rotom|Rotom-Wash|100\/100\n|turn|19\n|\n|t:|1699057790\n|switch|p1a: YOU'RE SO RIGHT|Dragonite, F|100\/100\n|move|p2a: Rotom|Thunderbolt|p1a: YOU'RE SO RIGHT\n|-damage|p1a: YOU'RE SO RIGHT|85\/100\n|\n|upkeep\n|turn|20\n|c| ParanoiaKC|yummy\n|\n|t:|1699057813\n|move|p2a: Rotom|Will-O-Wisp|p1a: YOU'RE SO RIGHT\n|-status|p1a: YOU'RE SO RIGHT|brn\n|move|p1a: YOU'RE SO RIGHT|Dragon Dance|p1a: YOU'RE SO RIGHT\n|-boost|p1a: YOU'RE SO RIGHT|atk|1\n|-boost|p1a: YOU'RE SO RIGHT|spe|1\n|\n|-damage|p1a: YOU'RE SO RIGHT|79\/100 brn|[from] brn\n|upkeep\n|turn|21\n|\n|t:|1699057833\n|move|p1a: YOU'RE SO RIGHT|Dragon Dance|p1a: YOU'RE SO RIGHT\n|-boost|p1a: YOU'RE SO RIGHT|atk|1\n|-boost|p1a: YOU'RE SO RIGHT|spe|1\n|move|p2a: Rotom|Hydro Pump|p1a: YOU'RE SO RIGHT\n|-resisted|p1a: YOU'RE SO RIGHT\n|-damage|p1a: YOU'RE SO RIGHT|61\/100 brn\n|\n|-damage|p1a: YOU'RE SO RIGHT|54\/100 brn|[from] brn\n|upkeep\n|turn|22\n|c| Throw Games|thats either a fast rotom or a fat dragonite\n|c| ParanoiaKC|immovable object v unstoppable force\n|\n|t:|1699057849\n|switch|p2a: Scott Foster|Pelipper, F|100\/100\n|-weather|RainDance|[from] ability: Drizzle|[of] p2a: Scott Foster\n|move|p1a: YOU'RE SO RIGHT|Roost|p1a: YOU'RE SO RIGHT\n|-heal|p1a: YOU'RE SO RIGHT|100\/100 brn\n|-singleturn|p1a: YOU'RE SO RIGHT|move: Roost\n|\n|-weather|RainDance|[upkeep]\n|-damage|p1a: YOU'RE SO RIGHT|94\/100 brn|[from] brn\n|upkeep\n|turn|23\n|c|\u2606edwarddddd|its so over\n|\n|t:|1699057868\n|move|p1a: YOU'RE SO RIGHT|Thunder Punch|p2a: Scott Foster\n|-supereffective|p2a: Scott Foster\n|-damage|p2a: Scott Foster|0 fnt\n|faint|p2a: Scott Foster\n|\n|-weather|RainDance|[upkeep]\n|-damage|p1a: YOU'RE SO RIGHT|88\/100 brn|[from] brn\n|upkeep\n|c| Throw Games|THUNDER\n|\n|t:|1699057874\n|switch|p2a: Rotom|Rotom-Wash|100\/100\n|turn|24\n|c| Throw Games|PUNCHHHHHHHHHHHHHHHHHHHHHHHHHHHH\n|c| ParanoiaKC|the unstoppable force wins\n|c| Monarith|Tis unfortunate\n|c| ParanoiaKC|UNLESS\n|\n|t:|1699057890\n|move|p1a: YOU'RE SO RIGHT|Dragon Dance|p1a: YOU'RE SO RIGHT\n|-boost|p1a: YOU'RE SO RIGHT|atk|1\n|-boost|p1a: YOU'RE SO RIGHT|spe|1\n|move|p2a: Rotom|Thunderbolt|p1a: YOU'RE SO RIGHT\n|-damage|p1a: YOU'RE SO RIGHT|60\/100 brn\n|\n|-weather|RainDance|[upkeep]\n|-damage|p1a: YOU'RE SO RIGHT|54\/100 brn|[from] brn\n|upkeep\n|turn|25\n|c| ParanoiaKC|nah nvm I\u2019m so sorry Ed\n|c| Throw Games|reveal\n|c| Throw Games|HEX\n|\n|t:|1699057915\n|move|p1a: YOU'RE SO RIGHT|Roost|p1a: YOU'RE SO RIGHT\n|-heal|p1a: YOU'RE SO RIGHT|100\/100 brn\n|-singleturn|p1a: YOU'RE SO RIGHT|move: Roost\n|move|p2a: Rotom|Thunderbolt|p1a: YOU'RE SO RIGHT\n|-resisted|p1a: YOU'RE SO RIGHT\n|-damage|p1a: YOU'RE SO RIGHT|94\/100 brn\n|\n|-weather|RainDance|[upkeep]\n|-damage|p1a: YOU'RE SO RIGHT|88\/100 brn|[from] brn\n|upkeep\n|turn|26\n|c|\u2606edwarddddd|WHY ARE YOU STALLING ME\n|\n|t:|1699057944\n|move|p1a: YOU'RE SO RIGHT|Extreme Speed|p2a: Rotom\n|-damage|p2a: Rotom|71\/100\n|move|p2a: Rotom|Hydro Pump|p1a: YOU'RE SO RIGHT\n|-resisted|p1a: YOU'RE SO RIGHT\n|-damage|p1a: YOU'RE SO RIGHT|63\/100 brn\n|\n|-weather|RainDance|[upkeep]\n|-heal|p2a: Rotom|77\/100|[from] item: Leftovers\n|-damage|p1a: YOU'RE SO RIGHT|57\/100 brn|[from] brn\n|upkeep\n|turn|27\n|c| Throw Games|thats why\n|c| Throw Games|he still does 0 damage\n|c| Throw Games|LOL\n|c|\u2606CyrusPutsInWork|YOU'RE SO RIGHT\n|\n|t:|1699057970\n|move|p1a: YOU'RE SO RIGHT|Roost|p1a: YOU'RE SO RIGHT\n|-heal|p1a: YOU'RE SO RIGHT|100\/100 brn\n|-singleturn|p1a: YOU'RE SO RIGHT|move: Roost\n|move|p2a: Rotom|Hydro Pump|p1a: YOU'RE SO RIGHT\n|-resisted|p1a: YOU'RE SO RIGHT\n|-damage|p1a: YOU'RE SO RIGHT|87\/100 brn\n|\n|-weather|RainDance|[upkeep]\n|-heal|p2a: Rotom|84\/100|[from] item: Leftovers\n|-damage|p1a: YOU'RE SO RIGHT|81\/100 brn|[from] brn\n|upkeep\n|turn|28\n|c| Monarith|For what purpose\n|c| Throw Games|a statement.\n|\n|t:|1699058000\n|move|p1a: YOU'RE SO RIGHT|Dragon Dance|p1a: YOU'RE SO RIGHT\n|-boost|p1a: YOU'RE SO RIGHT|atk|1\n|-boost|p1a: YOU'RE SO RIGHT|spe|1\n|move|p2a: Rotom|Hydro Pump|p1a: YOU'RE SO RIGHT\n|-resisted|p1a: YOU'RE SO RIGHT\n|-damage|p1a: YOU'RE SO RIGHT|57\/100 brn\n|\n|-weather|RainDance|[upkeep]\n|-heal|p2a: Rotom|90\/100|[from] item: Leftovers\n|-damage|p1a: YOU'RE SO RIGHT|50\/100 brn|[from] brn\n|upkeep\n|turn|29\n|\n|t:|1699058026\n|move|p1a: YOU'RE SO RIGHT|Roost|p1a: YOU'RE SO RIGHT\n|-heal|p1a: YOU'RE SO RIGHT|100\/100 brn\n|-singleturn|p1a: YOU'RE SO RIGHT|move: Roost\n|move|p2a: Rotom|Hydro Pump|p1a: YOU'RE SO RIGHT\n|-resisted|p1a: YOU'RE SO RIGHT\n|-damage|p1a: YOU'RE SO RIGHT|88\/100 brn\n|\n|-weather|none\n|-heal|p2a: Rotom|96\/100|[from] item: Leftovers\n|-damage|p1a: YOU'RE SO RIGHT|82\/100 brn|[from] brn\n|upkeep\n|turn|30\n|l| ParanoiaKC\n|\n|t:|1699058043\n|move|p1a: YOU'RE SO RIGHT|Extreme Speed|p2a: Rotom\n|-damage|p2a: Rotom|63\/100\n|move|p2a: Rotom|Thunderbolt|p1a: YOU'RE SO RIGHT\n|-damage|p1a: YOU'RE SO RIGHT|55\/100 brn\n|\n|-heal|p2a: Rotom|69\/100|[from] item: Leftovers\n|-damage|p1a: YOU'RE SO RIGHT|49\/100 brn|[from] brn\n|upkeep\n|turn|31\n|\n|t:|1699058054\n|move|p1a: YOU'RE SO RIGHT|Extreme Speed|p2a: Rotom\n|-damage|p2a: Rotom|33\/100\n|move|p2a: Rotom|Thunderbolt|p1a: YOU'RE SO RIGHT\n|-damage|p1a: YOU'RE SO RIGHT|20\/100 brn\n|\n|-heal|p2a: Rotom|40\/100|[from] item: Leftovers\n|-damage|p1a: YOU'RE SO RIGHT|13\/100 brn|[from] brn\n|upkeep\n|turn|32\n|\n|t:|1699058076\n|move|p2a: Rotom|Protect|p2a: Rotom\n|-singleturn|p2a: Rotom|Protect\n|move|p1a: YOU'RE SO RIGHT|Roost|p1a: YOU'RE SO RIGHT\n|-heal|p1a: YOU'RE SO RIGHT|63\/100 brn\n|-singleturn|p1a: YOU'RE SO RIGHT|move: Roost\n|\n|-heal|p2a: Rotom|46\/100|[from] item: Leftovers\n|-damage|p1a: YOU'RE SO RIGHT|57\/100 brn|[from] brn\n|upkeep\n|turn|33\n|c|\u2606edwarddddd|killing myself\n|\n|t:|1699058101\n|move|p2a: Rotom|Protect|p2a: Rotom\n|-singleturn|p2a: Rotom|Protect\n|move|p1a: YOU'RE SO RIGHT|Extreme Speed|p2a: Rotom\n|-activate|p2a: Rotom|move: Protect\n|\n|-heal|p2a: Rotom|52\/100|[from] item: Leftovers\n|-damage|p1a: YOU'RE SO RIGHT|51\/100 brn|[from] brn\n|upkeep\n|turn|34\n|l| Monarith\n|\n|t:|1699058111\n|move|p1a: YOU'RE SO RIGHT|Roost|p1a: YOU'RE SO RIGHT\n|-heal|p1a: YOU'RE SO RIGHT|100\/100 brn\n|-singleturn|p1a: YOU'RE SO RIGHT|move: Roost\n|move|p2a: Rotom|Thunderbolt|p1a: YOU'RE SO RIGHT\n|-resisted|p1a: YOU'RE SO RIGHT\n|-damage|p1a: YOU'RE SO RIGHT|94\/100 brn\n|\n|-heal|p2a: Rotom|58\/100|[from] item: Leftovers\n|-damage|p1a: YOU'RE SO RIGHT|88\/100 brn|[from] brn\n|upkeep\n|turn|35\n|\n|t:|1699058132\n|move|p1a: YOU'RE SO RIGHT|Dragon Dance|p1a: YOU'RE SO RIGHT\n|-boost|p1a: YOU'RE SO RIGHT|atk|1\n|-boost|p1a: YOU'RE SO RIGHT|spe|1\n|move|p2a: Rotom|Thunderbolt|p1a: YOU'RE SO RIGHT\n|-damage|p1a: YOU'RE SO RIGHT|60\/100 brn\n|\n|-heal|p2a: Rotom|65\/100|[from] item: Leftovers\n|-damage|p1a: YOU'RE SO RIGHT|54\/100 brn|[from] brn\n|upkeep\n|turn|36\n|\n|t:|1699058152\n|move|p1a: YOU'RE SO RIGHT|Extreme Speed|p2a: Rotom\n|-damage|p2a: Rotom|19\/100\n|move|p2a: Rotom|Thunderbolt|p1a: YOU'RE SO RIGHT\n|-damage|p1a: YOU'RE SO RIGHT|26\/100 brn\n|\n|-heal|p2a: Rotom|25\/100|[from] item: Leftovers\n|-damage|p1a: YOU'RE SO RIGHT|19\/100 brn|[from] brn\n|upkeep\n|turn|37\n|\n|t:|1699058162\n|move|p2a: Rotom|Protect|p2a: Rotom\n|-singleturn|p2a: Rotom|Protect\n|move|p1a: YOU'RE SO RIGHT|Roost|p1a: YOU'RE SO RIGHT\n|-heal|p1a: YOU'RE SO RIGHT|69\/100 brn\n|-singleturn|p1a: YOU'RE SO RIGHT|move: Roost\n|\n|-heal|p2a: Rotom|31\/100|[from] item: Leftovers\n|-damage|p1a: YOU'RE SO RIGHT|63\/100 brn|[from] brn\n|upkeep\n|turn|38\n|\n|t:|1699058190\n|move|p2a: Rotom|Protect|p2a: Rotom\n|-singleturn|p2a: Rotom|Protect\n|move|p1a: YOU'RE SO RIGHT|Extreme Speed|p2a: Rotom\n|-activate|p2a: Rotom|move: Protect\n|\n|-heal|p2a: Rotom|38\/100|[from] item: Leftovers\n|-damage|p1a: YOU'RE SO RIGHT|57\/100 brn|[from] brn\n|upkeep\n|turn|39\n|\n|t:|1699058212\n|move|p2a: Rotom|Protect|p2a: Rotom\n|-singleturn|p2a: Rotom|Protect\n|move|p1a: YOU'RE SO RIGHT|Extreme Speed|p2a: Rotom\n|-activate|p2a: Rotom|move: Protect\n|\n|-heal|p2a: Rotom|44\/100|[from] item: Leftovers\n|-damage|p1a: YOU'RE SO RIGHT|51\/100 brn|[from] brn\n|upkeep\n|turn|40\n|\n|t:|1699058227\n|move|p2a: Rotom|Protect||[still]\n|-fail|p2a: Rotom\n|move|p1a: YOU'RE SO RIGHT|Roost|p1a: YOU'RE SO RIGHT\n|-heal|p1a: YOU'RE SO RIGHT|100\/100 brn\n|-singleturn|p1a: YOU'RE SO RIGHT|move: Roost\n|\n|-heal|p2a: Rotom|50\/100|[from] item: Leftovers\n|-damage|p1a: YOU'RE SO RIGHT|94\/100 brn|[from] brn\n|upkeep\n|turn|41\n|c|\u2606edwarddddd|i waited months for this shit bruh\n|c|\u2606edwarddddd|now im just getting stalled\n|\n|t:|1699058252\n|move|p1a: YOU'RE SO RIGHT|Extreme Speed|p2a: Rotom\n|-damage|p2a: Rotom|9\/100\n|move|p2a: Rotom|Thunderbolt|p1a: YOU'RE SO RIGHT\n|-damage|p1a: YOU'RE SO RIGHT|68\/100 brn\n|\n|-heal|p2a: Rotom|15\/100|[from] item: Leftovers\n|-damage|p1a: YOU'RE SO RIGHT|61\/100 brn|[from] brn\n|upkeep\n|turn|42\n|\n|t:|1699058263\n|move|p1a: YOU'RE SO RIGHT|Dragon Dance|p1a: YOU'RE SO RIGHT\n|-boost|p1a: YOU'RE SO RIGHT|atk|1\n|-boost|p1a: YOU'RE SO RIGHT|spe|1\n|move|p2a: Rotom|Thunderbolt|p1a: YOU'RE SO RIGHT\n|-damage|p1a: YOU'RE SO RIGHT|35\/100 brn\n|\n|-heal|p2a: Rotom|22\/100|[from] item: Leftovers\n|-damage|p1a: YOU'RE SO RIGHT|29\/100 brn|[from] brn\n|upkeep\n|turn|43\n|\n|t:|1699058280\n|move|p2a: Rotom|Protect|p2a: Rotom\n|-singleturn|p2a: Rotom|Protect\n|move|p1a: YOU'RE SO RIGHT|Thunder Punch|p2a: Rotom\n|-activate|p2a: Rotom|move: Protect\n|\n|-heal|p2a: Rotom|28\/100|[from] item: Leftovers\n|-damage|p1a: YOU'RE SO RIGHT|23\/100 brn|[from] brn\n|upkeep\n|turn|44\n|\n|t:|1699058297\n|move|p2a: Rotom|Protect||[still]\n|-fail|p2a: Rotom\n|move|p1a: YOU'RE SO RIGHT|Thunder Punch|p2a: Rotom\n|-damage|p2a: Rotom|0 fnt\n|faint|p2a: Rotom\n|\n|win|CyrusPutsInWork\n|c|\u2606CyrusPutsInWork|GGs\n|c|\u2606edwarddddd|ggs\n|l| Throw Games\n","uploadtime":1699058301,"views":24,"p1id":"cyrusputsinwork","p2id":"edwarddddd","formatid":"gen9anythinggoes","rating":0,"private":0,"password":""}