{"id":"gen9anythinggoes-1984985127","p1":"lacoot","p2":"wynautsupremacy","format":"[Gen 9] Anything Goes","log":"|j|\u2606lacoot\n|j|\u2606wynautsupremacy\n|t:|1699317660\n|gametype|singles\n|player|p1|lacoot|beauty-gen4dp|\n|player|p2|wynautsupremacy|1|\n|teamsize|p1|6\n|teamsize|p2|6\n|gen|9\n|tier|[Gen 9] Anything Goes\n|rule|HP Percentage Mod: HP is shown in percentages\n|rule|Endless Battle Clause: Forcing endless battles is banned\n|clearpoke\n|poke|p1|Chi-Yu|\n|poke|p1|Corviknight, F|\n|poke|p1|Dondozo, F|\n|poke|p1|Baxcalibur, M|\n|poke|p1|Mudsdale, F|\n|poke|p1|Lucario, M|\n|poke|p2|Hydreigon, F|\n|poke|p2|Heatran, M|\n|poke|p2|Sandslash-Alola, M|\n|poke|p2|Cinderace, M|\n|poke|p2|Gyarados, F|\n|poke|p2|Drifblim, M|\n|teampreview\n|c|\u2606lacoot|glhf\n|c|\u2606wynautsupremacy|glhf\n|\n|t:|1699317715\n|start\n|switch|p1a: Mudsdale|Mudsdale, F|100\/100\n|switch|p2a: Rhi|Hydreigon, F|100\/100\n|turn|1\n|\n|t:|1699317750\n|-terastallize|p1a: Mudsdale|Steel\n|move|p2a: Rhi|U-turn|p1a: Mudsdale\n|-resisted|p1a: Mudsdale\n|-damage|p1a: Mudsdale|96\/100\n|-ability|p1a: Mudsdale|Stamina|boost\n|-boost|p1a: Mudsdale|def|1\n|\n|t:|1699317760\n|switch|p2a: Rydog|Drifblim, M, shiny|100\/100|[from] U-turn\n|move|p1a: Mudsdale|Stealth Rock|p2a: Rydog\n|-sidestart|p2: wynautsupremacy|move: Stealth Rock\n|\n|-heal|p1a: Mudsdale|100\/100|[from] item: Leftovers\n|upkeep\n|turn|2\n|\n|t:|1699317771\n|move|p2a: Rydog|Thunder Wave|p1a: Mudsdale\n|-status|p1a: Mudsdale|par\n|move|p1a: Mudsdale|Roar|p2a: Rydog\n|drag|p2a: Rhi|Hydreigon, F|100\/100\n|-damage|p2a: Rhi|88\/100|[from] Stealth Rock\n|\n|upkeep\n|turn|3\n|\n|t:|1699317786\n|switch|p2a: Jake|Cinderace, M|100\/100\n|cant|p1a: Mudsdale|par\n|\n|upkeep\n|turn|4\n|\n|t:|1699317792\n|move|p2a: Jake|Court Change|p2a: Jake\n|-start|p2a: Jake|typechange|Normal|[from] ability: Libero\n|-swapsideconditions\n|-activate|p2a: Jake|move: Court Change\n|move|p1a: Mudsdale|Earthquake|p2a: Jake\n|-damage|p2a: Jake|38\/100\n|\n|upkeep\n|turn|5\n|\n|t:|1699317802\n|move|p2a: Jake|Pyro Ball|p1a: Mudsdale\n|-supereffective|p1a: Mudsdale\n|-damage|p1a: Mudsdale|69\/100 par\n|-ability|p1a: Mudsdale|Stamina|boost\n|-boost|p1a: Mudsdale|def|1\n|move|p1a: Mudsdale|Stealth Rock|p2a: Jake\n|-sidestart|p2: wynautsupremacy|move: Stealth Rock\n|\n|-heal|p1a: Mudsdale|75\/100 par|[from] item: Leftovers\n|upkeep\n|turn|6\n|\n|t:|1699317812\n|move|p2a: Jake|U-turn|p1a: Mudsdale\n|-resisted|p1a: Mudsdale\n|-damage|p1a: Mudsdale|71\/100 par\n|-ability|p1a: Mudsdale|Stamina|boost\n|-boost|p1a: Mudsdale|def|1\n|\n|t:|1699317825\n|switch|p2a: Hector|Gyarados, F|100\/100|[from] U-turn\n|-damage|p2a: Hector|76\/100|[from] Stealth Rock\n|-ability|p2a: Hector|Intimidate|boost\n|-unboost|p1a: Mudsdale|atk|1\n|move|p1a: Mudsdale|Body Press|p2a: Hector\n|-resisted|p2a: Hector\n|-damage|p2a: Hector|35\/100\n|\n|-heal|p1a: Mudsdale|77\/100 par|[from] item: Leftovers\n|upkeep\n|turn|7\n|\n|t:|1699317860\n|move|p2a: Hector|Earthquake|p1a: Mudsdale\n|-supereffective|p1a: Mudsdale\n|-crit|p1a: Mudsdale\n|-damage|p1a: Mudsdale|12\/100 par\n|-ability|p1a: Mudsdale|Stamina|boost\n|-boost|p1a: Mudsdale|def|1\n|move|p1a: Mudsdale|Body Press|p2a: Hector\n|-resisted|p2a: Hector\n|-damage|p2a: Hector|0 fnt\n|faint|p2a: Hector\n|\n|-heal|p1a: Mudsdale|18\/100 par|[from] item: Leftovers\n|upkeep\n|\n|t:|1699317877\n|switch|p2a: Rydog|Drifblim, M, shiny|100\/100\n|-damage|p2a: Rydog|75\/100|[from] Stealth Rock\n|turn|8\n|\n|t:|1699317885\n|move|p2a: Rydog|Haze|p2a: Rydog\n|-clearallboost\n|move|p1a: Mudsdale|Roar|p2a: Rydog\n|drag|p2a: Jake|Cinderace, M|38\/100\n|\n|-heal|p1a: Mudsdale|24\/100 par|[from] item: Leftovers\n|upkeep\n|turn|9\n|\n|t:|1699317901\n|switch|p1a: Dondozo|Dondozo, F|100\/100\n|-damage|p1a: Dondozo|88\/100|[from] Stealth Rock\n|move|p2a: Jake|Pyro Ball|p1a: Dondozo\n|-resisted|p1a: Dondozo\n|-damage|p1a: Dondozo|71\/100\n|\n|-heal|p1a: Dondozo|77\/100|[from] item: Leftovers\n|upkeep\n|turn|10\n|\n|t:|1699317912\n|move|p2a: Jake|U-turn|p1a: Dondozo\n|-start|p2a: Jake|typechange|Bug|[from] ability: Libero\n|-damage|p1a: Dondozo|58\/100\n|\n|t:|1699317940\n|switch|p2a: Rhi|Hydreigon, F|88\/100|[from] U-turn\n|-damage|p2a: Rhi|76\/100|[from] Stealth Rock\n|move|p1a: Dondozo|Curse|p1a: Dondozo\n|-unboost|p1a: Dondozo|spe|1\n|-boost|p1a: Dondozo|atk|1\n|-boost|p1a: Dondozo|def|1\n|\n|-heal|p1a: Dondozo|64\/100|[from] item: Leftovers\n|upkeep\n|turn|11\n|c|\u2606lacoot|omg its me\n|\n|t:|1699317957\n|move|p2a: Rhi|Draco Meteor|p1a: Dondozo|[miss]\n|-miss|p2a: Rhi|p1a: Dondozo\n|move|p1a: Dondozo|Rest|p1a: Dondozo\n|-status|p1a: Dondozo|slp|[from] move: Rest\n|-heal|p1a: Dondozo|100\/100 slp|[silent]\n|\n|upkeep\n|turn|12\n|\n|t:|1699317965\n|move|p2a: Rhi|Draco Meteor|p1a: Dondozo\n|-damage|p1a: Dondozo|58\/100 slp\n|-unboost|p2a: Rhi|spa|2\n|cant|p1a: Dondozo|slp\n|move|p1a: Dondozo|Sleep Talk|p1a: Dondozo\n|move|p1a: Dondozo|Curse|p1a: Dondozo|[from]move: Sleep Talk\n|-unboost|p1a: Dondozo|spe|1\n|-boost|p1a: Dondozo|atk|1\n|-boost|p1a: Dondozo|def|1\n|\n|-heal|p1a: Dondozo|64\/100 slp|[from] item: Leftovers\n|upkeep\n|turn|13\n|\n|t:|1699317982\n|switch|p2a: DT|Sandslash-Alola, M|100\/100\n|-damage|p2a: DT|88\/100|[from] Stealth Rock\n|cant|p1a: Dondozo|slp\n|move|p1a: Dondozo|Sleep Talk|p1a: Dondozo\n|move|p1a: Dondozo|Rest||[from]move: Sleep Talk|[still]\n|-fail|p1a: Dondozo\n|\n|-heal|p1a: Dondozo|71\/100 slp|[from] item: Leftovers\n|upkeep\n|turn|14\n|\n|t:|1699318006\n|-curestatus|p1a: Dondozo|slp|[msg]\n|move|p1a: Dondozo|Liquidation|p2a: DT\n|-damage|p2a: DT|36\/100\n|move|p2a: DT|Avalanche|p1a: Dondozo\n|-resisted|p1a: Dondozo\n|-crit|p1a: Dondozo\n|-damage|p1a: Dondozo|46\/100\n|\n|-heal|p1a: Dondozo|52\/100|[from] item: Leftovers\n|upkeep\n|turn|15\n|\n|t:|1699318022\n|switch|p2a: Rydog|Drifblim, M, shiny|75\/100\n|-damage|p2a: Rydog|50\/100|[from] Stealth Rock\n|move|p1a: Dondozo|Liquidation|p2a: Rydog\n|-damage|p2a: Rydog|0 fnt\n|faint|p2a: Rydog\n|\n|-heal|p1a: Dondozo|58\/100|[from] item: Leftovers\n|upkeep\n|\n|t:|1699318041\n|switch|p2a: Rhi|Hydreigon, F|76\/100\n|-damage|p2a: Rhi|64\/100|[from] Stealth Rock\n|turn|16\n|\n|t:|1699318052\n|move|p2a: Rhi|Dark Pulse|p1a: Dondozo\n|-damage|p1a: Dondozo|32\/100\n|move|p1a: Dondozo|Rest|p1a: Dondozo\n|-status|p1a: Dondozo|slp|[from] move: Rest\n|-heal|p1a: Dondozo|100\/100 slp|[silent]\n|\n|upkeep\n|turn|17\n|\n|t:|1699318059\n|move|p2a: Rhi|Dark Pulse|p1a: Dondozo\n|-damage|p1a: Dondozo|73\/100 slp\n|cant|p1a: Dondozo|slp\n|move|p1a: Dondozo|Sleep Talk|p1a: Dondozo\n|move|p1a: Dondozo|Liquidation|p2a: Rhi|[from]move: Sleep Talk\n|-resisted|p2a: Rhi\n|-crit|p2a: Rhi\n|-damage|p2a: Rhi|10\/100\n|\n|-heal|p1a: Dondozo|79\/100 slp|[from] item: Leftovers\n|upkeep\n|turn|18\n|\n|t:|1699318069\n|move|p2a: Rhi|Dark Pulse|p1a: Dondozo\n|-damage|p1a: Dondozo|55\/100 slp\n|cant|p1a: Dondozo|slp\n|cant|p1a: Dondozo|flinch\n|\n|-heal|p1a: Dondozo|61\/100 slp|[from] item: Leftovers\n|upkeep\n|turn|19\n|\n|t:|1699318080\n|move|p2a: Rhi|Dark Pulse|p1a: Dondozo\n|-damage|p1a: Dondozo|34\/100 slp\n|-curestatus|p1a: Dondozo|slp|[msg]\n|move|p1a: Dondozo|Rest|p1a: Dondozo\n|-status|p1a: Dondozo|slp|[from] move: Rest\n|-heal|p1a: Dondozo|100\/100 slp|[silent]\n|\n|upkeep\n|turn|20\n|\n|t:|1699318089\n|move|p2a: Rhi|Dark Pulse|p1a: Dondozo\n|-damage|p1a: Dondozo|73\/100 slp\n|cant|p1a: Dondozo|slp\n|cant|p1a: Dondozo|flinch\n|\n|-heal|p1a: Dondozo|79\/100 slp|[from] item: Leftovers\n|upkeep\n|turn|21\n|\n|t:|1699318097\n|move|p2a: Rhi|Dark Pulse|p1a: Dondozo\n|-damage|p1a: Dondozo|50\/100 slp\n|cant|p1a: Dondozo|slp\n|move|p1a: Dondozo|Sleep Talk|p1a: Dondozo\n|move|p1a: Dondozo|Curse|p1a: Dondozo|[from]move: Sleep Talk\n|-unboost|p1a: Dondozo|spe|1\n|-boost|p1a: Dondozo|atk|1\n|-boost|p1a: Dondozo|def|1\n|\n|-heal|p1a: Dondozo|57\/100 slp|[from] item: Leftovers\n|upkeep\n|turn|22\n|\n|t:|1699318106\n|move|p2a: Rhi|Dark Pulse|p1a: Dondozo\n|-damage|p1a: Dondozo|31\/100 slp\n|-curestatus|p1a: Dondozo|slp|[msg]\n|cant|p1a: Dondozo|flinch\n|\n|-heal|p1a: Dondozo|37\/100|[from] item: Leftovers\n|upkeep\n|turn|23\n|\n|t:|1699318113\n|move|p2a: Rhi|Dark Pulse|p1a: Dondozo\n|-damage|p1a: Dondozo|11\/100\n|move|p1a: Dondozo|Rest|p1a: Dondozo\n|-status|p1a: Dondozo|slp|[from] move: Rest\n|-heal|p1a: Dondozo|100\/100 slp|[silent]\n|\n|upkeep\n|turn|24\n|\n|t:|1699318119\n|move|p2a: Rhi|Dark Pulse|p1a: Dondozo\n|-crit|p1a: Dondozo\n|-damage|p1a: Dondozo|62\/100 slp\n|cant|p1a: Dondozo|slp\n|move|p1a: Dondozo|Sleep Talk|p1a: Dondozo\n|move|p1a: Dondozo|Rest||[from]move: Sleep Talk|[still]\n|-fail|p1a: Dondozo\n|\n|-heal|p1a: Dondozo|68\/100 slp|[from] item: Leftovers\n|upkeep\n|turn|25\n|\n|t:|1699318128\n|move|p2a: Rhi|Dark Pulse|p1a: Dondozo\n|-damage|p1a: Dondozo|40\/100 slp\n|cant|p1a: Dondozo|slp\n|move|p1a: Dondozo|Sleep Talk|p1a: Dondozo\n|move|p1a: Dondozo|Rest||[from]move: Sleep Talk|[still]\n|-fail|p1a: Dondozo\n|\n|-heal|p1a: Dondozo|46\/100 slp|[from] item: Leftovers\n|upkeep\n|turn|26\n|\n|t:|1699318135\n|move|p2a: Rhi|Dark Pulse|p1a: Dondozo\n|-damage|p1a: Dondozo|20\/100 slp\n|-curestatus|p1a: Dondozo|slp|[msg]\n|move|p1a: Dondozo|Rest|p1a: Dondozo\n|-status|p1a: Dondozo|slp|[from] move: Rest\n|-heal|p1a: Dondozo|100\/100 slp|[silent]\n|\n|upkeep\n|turn|27\n|\n|t:|1699318152\n|switch|p2a: Jake|Cinderace, M|38\/100\n|cant|p1a: Dondozo|slp\n|move|p1a: Dondozo|Sleep Talk|p1a: Dondozo\n|move|p1a: Dondozo|Liquidation|p2a: Jake|[from]move: Sleep Talk\n|-supereffective|p2a: Jake\n|-damage|p2a: Jake|0 fnt\n|faint|p2a: Jake\n|\n|upkeep\n|\n|t:|1699318162\n|switch|p2a: DT|Sandslash-Alola, M|36\/100\n|-damage|p2a: DT|23\/100|[from] Stealth Rock\n|turn|28\n|\n|t:|1699318179\n|cant|p1a: Dondozo|slp\n|move|p1a: Dondozo|Sleep Talk|p1a: Dondozo\n|move|p1a: Dondozo|Rest||[from]move: Sleep Talk|[still]\n|-fail|p1a: Dondozo\n|move|p2a: DT|Avalanche|p1a: Dondozo\n|-resisted|p1a: Dondozo\n|-damage|p1a: Dondozo|97\/100 slp\n|\n|-heal|p1a: Dondozo|100\/100 slp|[from] item: Leftovers\n|upkeep\n|turn|29\n|\n|t:|1699318193\n|move|p2a: DT|Leech Life|p1a: Dondozo\n|-damage|p1a: Dondozo|94\/100 slp\n|-heal|p2a: DT|28\/100|[from] drain|[of] p1a: Dondozo\n|-curestatus|p1a: Dondozo|slp|[msg]\n|move|p1a: Dondozo|Liquidation|p2a: DT\n|-damage|p2a: DT|0 fnt\n|faint|p2a: DT\n|\n|-heal|p1a: Dondozo|100\/100|[from] item: Leftovers\n|upkeep\n|c|\u2606lacoot|gg\n|\n|t:|1699318204\n|switch|p2a: Le|Heatran, M|100\/100\n|-damage|p2a: Le|88\/100|[from] Stealth Rock\n|turn|30\n|\n|t:|1699318213\n|move|p2a: Le|Earth Power|p1a: Dondozo\n|-damage|p1a: Dondozo|78\/100\n|move|p1a: Dondozo|Liquidation|p2a: Le\n|-supereffective|p2a: Le\n|-damage|p2a: Le|0 fnt\n|-damage|p1a: Dondozo|62\/100|[from] item: Rocky Helmet|[of] p2a: Le\n|faint|p2a: Le\n|\n|-heal|p1a: Dondozo|68\/100|[from] item: Leftovers\n|upkeep\n|\n|t:|1699318222\n|switch|p2a: Rhi|Hydreigon, F|10\/100\n|-damage|p2a: Rhi|0 fnt|[from] Stealth Rock\n|faint|p2a: Rhi\n|\n|win|lacoot\n|c|\u2606wynautsupremacy|gg\n","uploadtime":1699318232,"views":47,"p1id":"lacoot","p2id":"wynautsupremacy","formatid":"gen9anythinggoes","rating":0,"private":0,"password":""}