{"id":"gen9anythinggoes-2000582862","p1":"Bonecula123","p2":"mrvideogames","format":"[Gen 9] Anything Goes","log":"|j|\u2606Bonecula123\n|j|\u2606mrvideogames\n|t:|1701207506\n|gametype|singles\n|player|p1|Bonecula123|colress|1335\n|player|p2|mrvideogames|emmet|1438\n|teamsize|p1|6\n|teamsize|p2|6\n|gen|9\n|tier|[Gen 9] Anything Goes\n|rated|\n|rule|HP Percentage Mod: HP is shown in percentages\n|rule|Endless Battle Clause: Forcing endless battles is banned\n|clearpoke\n|poke|p1|Iron Thorns|\n|poke|p1|Iron Bundle|\n|poke|p1|Miraidon|\n|poke|p1|Kingambit, M|\n|poke|p1|Talonflame, M|\n|poke|p1|Talonflame, F|\n|poke|p2|Glimmora, M|\n|poke|p2|Miraidon|\n|poke|p2|Iron Bundle|\n|poke|p2|Quaquaval, M|\n|poke|p2|Calyrex-Shadow|\n|poke|p2|Ogerpon-Hearthflame, F|\n|teampreview\n|inactive|Battle timer is ON: inactive players will automatically lose when time's up. (requested by Bonecula123)\n|\n|t:|1701207515\n|start\n|switch|p1a: Rocks|Iron Thorns|100\/100\n|switch|p2a: Glimmora|Glimmora, M, shiny|100\/100\n|turn|1\n|\n|t:|1701207521\n|move|p2a: Glimmora|Energy Ball|p1a: Rocks\n|-supereffective|p1a: Rocks\n|-damage|p1a: Rocks|37\/100\n|move|p1a: Rocks|Stealth Rock|p2a: Glimmora\n|-sidestart|p2: mrvideogames|move: Stealth Rock\n|\n|upkeep\n|turn|2\n|\n|t:|1701207526\n|move|p2a: Glimmora|Energy Ball|p1a: Rocks\n|-supereffective|p1a: Rocks\n|-damage|p1a: Rocks|0 fnt\n|faint|p1a: Rocks\n|-end|p1a: Rocks|Quark Drive|[silent]\n|\n|upkeep\n|\n|t:|1701207535\n|switch|p1a: Penguin Santa|Iron Bundle|100\/100\n|-enditem|p1a: Penguin Santa|Booster Energy\n|-activate|p1a: Penguin Santa|ability: Quark Drive|[fromitem]\n|-start|p1a: Penguin Santa|quarkdrivespe\n|turn|3\n|\n|t:|1701207541\n|move|p1a: Penguin Santa|Ice Beam|p2a: Glimmora\n|-damage|p2a: Glimmora|35\/100\n|move|p2a: Glimmora|Mortal Spin|p1a: Penguin Santa\n|-damage|p1a: Penguin Santa|92\/100\n|-status|p1a: Penguin Santa|psn\n|-sideend|p2: mrvideogames|Stealth Rock|[from] move: Mortal Spin|[of] p2a: Glimmora\n|\n|-damage|p1a: Penguin Santa|80\/100 psn|[from] psn\n|upkeep\n|turn|4\n|\n|t:|1701207551\n|move|p1a: Penguin Santa|Chilling Water|p2a: Glimmora\n|-supereffective|p2a: Glimmora\n|-damage|p2a: Glimmora|0 fnt\n|faint|p2a: Glimmora\n|\n|-damage|p1a: Penguin Santa|67\/100 psn|[from] psn\n|upkeep\n|\n|t:|1701207564\n|switch|p2a: Quaquaval|Quaquaval, M, shiny|100\/100\n|turn|5\n|\n|t:|1701207569\n|move|p1a: Penguin Santa|Chilling Water|p2a: Quaquaval\n|-resisted|p2a: Quaquaval\n|-damage|p2a: Quaquaval|82\/100\n|-unboost|p2a: Quaquaval|atk|1\n|move|p2a: Quaquaval|Close Combat|p1a: Penguin Santa\n|-supereffective|p1a: Penguin Santa\n|-damage|p1a: Penguin Santa|0 fnt\n|-unboost|p2a: Quaquaval|def|1\n|-unboost|p2a: Quaquaval|spd|1\n|faint|p1a: Penguin Santa\n|-end|p1a: Penguin Santa|Quark Drive|[silent]\n|-ability|p2a: Quaquaval|Moxie|boost\n|-boost|p2a: Quaquaval|atk|1\n|\n|upkeep\n|\n|t:|1701207579\n|switch|p1a: The Biggest Bird|Talonflame, M|100\/100\n|turn|6\n|\n|t:|1701207582\n|move|p1a: The Biggest Bird|Dual Wingbeat|p2a: Quaquaval\n|-supereffective|p2a: Quaquaval\n|-damage|p2a: Quaquaval|0 fnt\n|faint|p2a: Quaquaval\n|-hitcount|p2: Quaquaval|1\n|\n|upkeep\n|\n|t:|1701207595\n|switch|p2a: Motorcycle|Miraidon|100\/100\n|-fieldstart|move: Electric Terrain|[from] ability: Hadron Engine|[of] p2a: Motorcycle\n|turn|7\n|\n|t:|1701207602\n|switch|p1a: OP Tesla Bicycle|Miraidon|100\/100\n|-activate|p1a: OP Tesla Bicycle|ability: Hadron Engine\n|move|p2a: Motorcycle|Electro Drift|p1a: OP Tesla Bicycle\n|-resisted|p1a: OP Tesla Bicycle\n|-damage|p1a: OP Tesla Bicycle|79\/100\n|\n|upkeep\n|turn|8\n|\n|t:|1701207611\n|move|p2a: Motorcycle|Dazzling Gleam|p1a: OP Tesla Bicycle\n|-supereffective|p1a: OP Tesla Bicycle\n|-damage|p1a: OP Tesla Bicycle|9\/100\n|move|p1a: OP Tesla Bicycle|Parabolic Charge|p2a: Motorcycle\n|-resisted|p2a: Motorcycle\n|-crit|p2a: Motorcycle\n|-damage|p2a: Motorcycle|76\/100\n|-heal|p1a: OP Tesla Bicycle|22\/100|[from] drain|[of] p2a: Motorcycle\n|\n|upkeep\n|turn|9\n|\n|t:|1701207620\n|move|p2a: Motorcycle|Dazzling Gleam|p1a: OP Tesla Bicycle\n|-supereffective|p1a: OP Tesla Bicycle\n|-damage|p1a: OP Tesla Bicycle|0 fnt\n|faint|p1a: OP Tesla Bicycle\n|\n|upkeep\n|\n|t:|1701207629\n|switch|p1a: The Smallest Bird|Talonflame, F|100\/100\n|turn|10\n|\n|t:|1701207632\n|move|p1a: The Smallest Bird|Dual Wingbeat|p2a: Motorcycle|[miss]\n|-miss|p1a: The Smallest Bird|p2a: Motorcycle\n|move|p2a: Motorcycle|Electro Drift|p1a: The Smallest Bird\n|-supereffective|p1a: The Smallest Bird\n|-damage|p1a: The Smallest Bird|0 fnt\n|faint|p1a: The Smallest Bird\n|\n|upkeep\n|\n|t:|1701207634\n|switch|p1a: The Biggest Bird|Talonflame, M|100\/100\n|turn|11\n|\n|t:|1701207642\n|move|p1a: The Biggest Bird|Dual Wingbeat|p2a: Motorcycle\n|-resisted|p2a: Motorcycle\n|-crit|p2a: Motorcycle\n|-damage|p2a: Motorcycle|58\/100\n|-resisted|p2a: Motorcycle\n|-damage|p2a: Motorcycle|47\/100\n|-hitcount|p2a: Motorcycle|2\n|move|p2a: Motorcycle|Electro Drift|p1a: The Biggest Bird\n|-supereffective|p1a: The Biggest Bird\n|-damage|p1a: The Biggest Bird|0 fnt\n|faint|p1a: The Biggest Bird\n|\n|upkeep\n|\n|t:|1701207650\n|switch|p1a: King-Dam-It|Kingambit, M|100\/100\n|-activate|p1a: King-Dam-It|ability: Supreme Overlord\n|-start|p1a: King-Dam-It|fallen5|[silent]\n|turn|12\n|\n|t:|1701207655\n|move|p1a: King-Dam-It|Protect|p1a: King-Dam-It\n|-singleturn|p1a: King-Dam-It|Protect\n|move|p2a: Motorcycle|Electro Drift|p1a: King-Dam-It\n|-activate|p1a: King-Dam-It|move: Protect\n|\n|upkeep\n|turn|13\n|\n|t:|1701207663\n|move|p1a: King-Dam-It|Sucker Punch|p2a: Motorcycle\n|-damage|p2a: Motorcycle|0 fnt\n|faint|p2a: Motorcycle\n|\n|upkeep\n|\n|t:|1701207667\n|switch|p2a: Ogerpon|Ogerpon-Hearthflame, F|100\/100\n|-ability|p2a: Ogerpon|Mold Breaker\n|turn|14\n|\n|t:|1701207674\n|-terastallize|p2a: Ogerpon|Fire\n|detailschange|p2a: Ogerpon|Ogerpon-Hearthflame-Tera, F, tera:Fire\n|-ability|p2a: Ogerpon|Embody Aspect (Hearthflame)|boost\n|-boost|p2a: Ogerpon|atk|1\n|move|p1a: King-Dam-It|Protect|p1a: King-Dam-It\n|-singleturn|p1a: King-Dam-It|Protect\n|move|p2a: Ogerpon|Swords Dance|p2a: Ogerpon\n|-boost|p2a: Ogerpon|atk|2\n|\n|-fieldend|move: Electric Terrain\n|upkeep\n|turn|15\n|\n|t:|1701207683\n|-terastallize|p1a: King-Dam-It|Dark\n|move|p1a: King-Dam-It|Sucker Punch||[still]\n|-fail|p1a: King-Dam-It\n|move|p2a: Ogerpon|Swords Dance|p2a: Ogerpon\n|-boost|p2a: Ogerpon|atk|2\n|\n|upkeep\n|turn|16\n|\n|t:|1701207689\n|move|p1a: King-Dam-It|Sucker Punch|p2a: Ogerpon\n|-damage|p2a: Ogerpon|0 fnt\n|faint|p2a: Ogerpon\n|\n|upkeep\n|\n|t:|1701207695\n|switch|p2a: Santa|Iron Bundle, shiny|100\/100\n|-enditem|p2a: Santa|Booster Energy\n|-activate|p2a: Santa|ability: Quark Drive|[fromitem]\n|-start|p2a: Santa|quarkdrivespe\n|turn|17\n|\n|t:|1701207702\n|move|p1a: King-Dam-It|Protect|p1a: King-Dam-It\n|-singleturn|p1a: King-Dam-It|Protect\n|move|p2a: Santa|Hydro Pump|p1a: King-Dam-It\n|-activate|p1a: King-Dam-It|move: Protect\n|\n|upkeep\n|turn|18\n|\n|t:|1701207708\n|move|p1a: King-Dam-It|Sucker Punch|p2a: Santa\n|-damage|p2a: Santa|0 fnt\n|faint|p2a: Santa\n|-end|p2a: Santa|Quark Drive|[silent]\n|\n|upkeep\n|\n|t:|1701207712\n|switch|p2a: Calyrex|Calyrex-Shadow|100\/100\n|-ability|p2a: Calyrex|As One\n|-ability|p2a: Calyrex|Unnerve\n|turn|19\n|\n|t:|1701207720\n|move|p1a: King-Dam-It|Protect|p1a: King-Dam-It\n|-singleturn|p1a: King-Dam-It|Protect\n|move|p2a: Calyrex|Calm Mind|p2a: Calyrex\n|-boost|p2a: Calyrex|spa|1\n|-boost|p2a: Calyrex|spd|1\n|\n|upkeep\n|turn|20\n|\n|t:|1701207726\n|move|p2a: Calyrex|Calm Mind|p2a: Calyrex\n|-boost|p2a: Calyrex|spa|1\n|-boost|p2a: Calyrex|spd|1\n|move|p1a: King-Dam-It|Swords Dance|p1a: King-Dam-It\n|-boost|p1a: King-Dam-It|atk|2\n|\n|upkeep\n|turn|21\n|\n|t:|1701207733\n|move|p1a: King-Dam-It|Sucker Punch|p2a: Calyrex\n|-supereffective|p2a: Calyrex\n|-damage|p2a: Calyrex|0 fnt\n|faint|p2a: Calyrex\n|\n|win|Bonecula123\n|raw|Bonecula123's rating: 1335 &rarr; <strong>1361<\/strong><br \/>(+26 for winning)\n|raw|mrvideogames's rating: 1438 &rarr; <strong>1412<\/strong><br \/>(-26 for losing)\n|l|\u2606mrvideogames\n","uploadtime":1701207744,"views":7,"p1id":"bonecula123","p2id":"mrvideogames","formatid":"gen9anythinggoes","rating":1361,"private":0,"password":""}