{"id":"gen9anythinggoes-1983039434","p1":"Kayleb1718","p2":"TrueHer01337","format":"[Gen 9] Anything Goes","log":"|j|\u2606Kayleb1718\n|j|\u2606TrueHer01337\n|t:|1699073820\n|gametype|singles\n|player|p1|Kayleb1718|lucas-gen4pt|1392\n|player|p2|TrueHer01337|benga|1375\n|teamsize|p1|6\n|teamsize|p2|6\n|gen|9\n|tier|[Gen 9] Anything Goes\n|rated|\n|rule|HP Percentage Mod: HP is shown in percentages\n|rule|Endless Battle Clause: Forcing endless battles is banned\n|clearpoke\n|poke|p1|Zacian-*|\n|poke|p1|Calyrex-Shadow|\n|poke|p1|Urshifu-*, F|\n|poke|p1|Kingambit, M|\n|poke|p1|Miraidon|\n|poke|p1|Arceus-Fire|\n|poke|p2|Glimmora, F|\n|poke|p2|Baxcalibur, F|\n|poke|p2|Volcarona, M|\n|poke|p2|Dragonite, M|\n|poke|p2|Ursaluna-Bloodmoon, M|\n|poke|p2|Samurott-Hisui, M|\n|teampreview\n|\n|t:|1699073834\n|start\n|switch|p1a: Urshifu|Urshifu-Rapid-Strike, F|100\/100\n|switch|p2a: Glimmora|Glimmora, F|100\/100\n|turn|1\n|\n|t:|1699073839\n|move|p2a: Glimmora|Stealth Rock|p1a: Urshifu\n|-sidestart|p1: Kayleb1718|move: Stealth Rock\n|move|p1a: Urshifu|Surging Strikes|p2a: Glimmora\n|-supereffective|p2a: Glimmora\n|-crit|p2a: Glimmora\n|-damage|p2a: Glimmora|50\/100\n|-activate|p2a: Glimmora|ability: Toxic Debris\n|-sidestart|p1: Kayleb1718|move: Toxic Spikes\n|-supereffective|p2a: Glimmora\n|-crit|p2a: Glimmora\n|-damage|p2a: Glimmora|5\/100\n|-activate|p2a: Glimmora|ability: Toxic Debris\n|-sidestart|p1: Kayleb1718|move: Toxic Spikes\n|-supereffective|p2a: Glimmora\n|-crit|p2a: Glimmora\n|-damage|p2a: Glimmora|0 fnt\n|faint|p2a: Glimmora\n|-hitcount|p2: Glimmora|3\n|\n|upkeep\n|inactive|Battle timer is ON: inactive players will automatically lose when time's up. (requested by Kayleb1718)\n|\n|t:|1699073854\n|switch|p2a: Samurott|Samurott-Hisui, M|100\/100\n|turn|2\n|\n|t:|1699073861\n|move|p2a: Samurott|Ceaseless Edge|p1a: Urshifu\n|-resisted|p1a: Urshifu\n|-damage|p1a: Urshifu|80\/100\n|-sidestart|p1: Kayleb1718|Spikes\n|move|p1a: Urshifu|Drain Punch|p2a: Samurott\n|-supereffective|p2a: Samurott\n|-damage|p2a: Samurott|6\/100\n|-heal|p1a: Urshifu|100\/100|[from] drain|[of] p2a: Samurott\n|\n|upkeep\n|turn|3\n|\n|t:|1699073871\n|move|p2a: Samurott|Sucker Punch|p1a: Urshifu\n|-resisted|p1a: Urshifu\n|-damage|p1a: Urshifu|85\/100\n|move|p1a: Urshifu|Trailblaze|p2a: Samurott\n|-supereffective|p2a: Samurott\n|-damage|p2a: Samurott|0 fnt\n|-boost|p1a: Urshifu|spe|1\n|faint|p2a: Samurott\n|\n|-heal|p1a: Urshifu|91\/100|[from] item: Leftovers\n|upkeep\n|\n|t:|1699073886\n|switch|p2a: Dragonite|Dragonite, M|100\/100\n|turn|4\n|\n|t:|1699073897\n|move|p1a: Urshifu|Surging Strikes|p2a: Dragonite\n|-resisted|p2a: Dragonite\n|-crit|p2a: Dragonite\n|-damage|p2a: Dragonite|95\/100\n|-resisted|p2a: Dragonite\n|-crit|p2a: Dragonite\n|-damage|p2a: Dragonite|84\/100\n|-resisted|p2a: Dragonite\n|-crit|p2a: Dragonite\n|-damage|p2a: Dragonite|74\/100\n|-hitcount|p2a: Dragonite|3\n|move|p2a: Dragonite|Earthquake|p1a: Urshifu\n|-damage|p1a: Urshifu|49\/100\n|\n|-heal|p1a: Urshifu|55\/100|[from] item: Leftovers\n|-heal|p2a: Dragonite|80\/100|[from] item: Leftovers\n|upkeep\n|turn|5\n|\n|t:|1699073910\n|move|p1a: Urshifu|Drain Punch|p2a: Dragonite\n|-resisted|p2a: Dragonite\n|-damage|p2a: Dragonite|58\/100\n|-heal|p1a: Urshifu|66\/100|[from] drain|[of] p2a: Dragonite\n|move|p2a: Dragonite|Earthquake|p1a: Urshifu\n|-damage|p1a: Urshifu|27\/100\n|\n|-heal|p1a: Urshifu|33\/100|[from] item: Leftovers\n|-heal|p2a: Dragonite|64\/100|[from] item: Leftovers\n|upkeep\n|turn|6\n|\n|t:|1699073925\n|move|p1a: Urshifu|Drain Punch|p2a: Dragonite\n|-resisted|p2a: Dragonite\n|-damage|p2a: Dragonite|40\/100\n|-heal|p1a: Urshifu|44\/100|[from] drain|[of] p2a: Dragonite\n|move|p2a: Dragonite|Earthquake|p1a: Urshifu\n|-damage|p1a: Urshifu|4\/100\n|\n|-heal|p1a: Urshifu|10\/100|[from] item: Leftovers\n|-heal|p2a: Dragonite|47\/100|[from] item: Leftovers\n|upkeep\n|turn|7\n|\n|t:|1699073938\n|move|p2a: Dragonite|Extreme Speed|p1a: Urshifu\n|-damage|p1a: Urshifu|0 fnt\n|faint|p1a: Urshifu\n|\n|-heal|p2a: Dragonite|53\/100|[from] item: Leftovers\n|upkeep\n|\n|t:|1699073949\n|switch|p1a: Zacian|Zacian-Crowned, shiny|100\/100\n|-damage|p1a: Zacian|94\/100|[from] Stealth Rock\n|-damage|p1a: Zacian|82\/100|[from] Spikes\n|-ability|p1a: Zacian|Intrepid Sword|boost\n|-boost|p1a: Zacian|atk|1\n|turn|8\n|\n|t:|1699073956\n|move|p1a: Zacian|Play Rough|p2a: Dragonite\n|-supereffective|p2a: Dragonite\n|-damage|p2a: Dragonite|0 fnt\n|faint|p2a: Dragonite\n|\n|upkeep\n|\n|t:|1699073962\n|switch|p2a: Baxcalibur|Baxcalibur, F|100\/100\n|turn|9\n|\n|t:|1699073966\n|move|p1a: Zacian|Play Rough|p2a: Baxcalibur\n|-supereffective|p2a: Baxcalibur\n|-damage|p2a: Baxcalibur|0 fnt\n|faint|p2a: Baxcalibur\n|\n|upkeep\n|\n|t:|1699073971\n|switch|p2a: Volcarona|Volcarona, M|100\/100\n|turn|10\n|\n|t:|1699073983\n|switch|p1a: Arceus|Arceus-Fire|100\/100\n|-damage|p1a: Arceus|76\/100|[from] Stealth Rock\n|-status|p1a: Arceus|tox\n|-damage|p1a: Arceus|63\/100 tox|[from] Spikes\n|move|p2a: Volcarona|Quiver Dance|p2a: Volcarona\n|-boost|p2a: Volcarona|spa|1\n|-boost|p2a: Volcarona|spd|1\n|-boost|p2a: Volcarona|spe|1\n|\n|-damage|p1a: Arceus|57\/100 tox|[from] psn\n|upkeep\n|turn|11\n|\n|t:|1699073998\n|move|p2a: Volcarona|Fiery Dance|p1a: Arceus\n|-resisted|p1a: Arceus\n|-damage|p1a: Arceus|25\/100 tox\n|-damage|p2a: Volcarona|91\/100|[from] item: Life Orb\n|move|p1a: Arceus|Dragon Dance|p1a: Arceus\n|-boost|p1a: Arceus|atk|1\n|-boost|p1a: Arceus|spe|1\n|\n|-damage|p1a: Arceus|13\/100 tox|[from] psn\n|upkeep\n|turn|12\n|\n|t:|1699074010\n|move|p1a: Arceus|Extreme Speed|p2a: Volcarona\n|-damage|p2a: Volcarona|40\/100\n|move|p2a: Volcarona|Fiery Dance|p1a: Arceus\n|-resisted|p1a: Arceus\n|-damage|p1a: Arceus|0 fnt\n|faint|p1a: Arceus\n|-damage|p2a: Volcarona|30\/100|[from] item: Life Orb\n|\n|upkeep\n|\n|t:|1699074019\n|switch|p1a: Miraidon|Miraidon|100\/100\n|-damage|p1a: Miraidon|88\/100|[from] Stealth Rock\n|-status|p1a: Miraidon|tox\n|-damage|p1a: Miraidon|76\/100 tox|[from] Spikes\n|-fieldstart|move: Electric Terrain|[from] ability: Hadron Engine|[of] p1a: Miraidon\n|turn|13\n|\n|t:|1699074029\n|move|p2a: Volcarona|Fiery Dance|p1a: Miraidon\n|-resisted|p1a: Miraidon\n|-damage|p1a: Miraidon|37\/100 tox\n|-boost|p2a: Volcarona|spa|1\n|-damage|p2a: Volcarona|20\/100|[from] item: Life Orb\n|move|p1a: Miraidon|Dragon Pulse|p2a: Volcarona\n|-damage|p2a: Volcarona|0 fnt\n|faint|p2a: Volcarona\n|\n|-heal|p1a: Miraidon|43\/100 tox|[from] item: Leftovers\n|-damage|p1a: Miraidon|37\/100 tox|[from] psn\n|upkeep\n|\n|t:|1699074040\n|switch|p2a: Ursaluna|Ursaluna-Bloodmoon, M|100\/100\n|turn|14\n|\n|t:|1699074045\n|move|p1a: Miraidon|Dragon Pulse|p2a: Ursaluna\n|-damage|p2a: Ursaluna|57\/100\n|move|p2a: Ursaluna|Earth Power|p1a: Miraidon\n|-supereffective|p1a: Miraidon\n|-damage|p1a: Miraidon|0 fnt\n|faint|p1a: Miraidon\n|\n|upkeep\n|\n|t:|1699074050\n|switch|p1a: Zacian|Zacian-Crowned, shiny|82\/100\n|-damage|p1a: Zacian|76\/100|[from] Stealth Rock\n|-damage|p1a: Zacian|64\/100|[from] Spikes\n|turn|15\n|\n|t:|1699074057\n|move|p1a: Zacian|Sacred Sword|p2a: Ursaluna\n|-supereffective|p2a: Ursaluna\n|-damage|p2a: Ursaluna|10\/100\n|move|p2a: Ursaluna|Earth Power|p1a: Zacian\n|-supereffective|p1a: Zacian\n|-damage|p1a: Zacian|0 fnt\n|faint|p1a: Zacian\n|\n|upkeep\n|\n|t:|1699074062\n|switch|p1a: Calyrex|Calyrex-Shadow|100\/100\n|-ability|p1a: Calyrex|As One\n|-ability|p1a: Calyrex|Unnerve\n|-damage|p1a: Calyrex|88\/100|[from] Stealth Rock\n|-status|p1a: Calyrex|tox\n|-damage|p1a: Calyrex|76\/100 tox|[from] Spikes\n|turn|16\n|\n|t:|1699074073\n|move|p1a: Calyrex|Psyshock|p2a: Ursaluna\n|-damage|p2a: Ursaluna|0 fnt\n|faint|p2a: Ursaluna\n|\n|win|Kayleb1718\n|raw|Kayleb1718's rating: 1392 &rarr; <strong>1411<\/strong><br \/>(+19 for winning)\n|raw|TrueHer01337's rating: 1375 &rarr; <strong>1356<\/strong><br \/>(-19 for losing)\n|l|\u2606TrueHer01337\n","uploadtime":1699074083,"views":5,"p1id":"kayleb1718","p2id":"trueher01337","formatid":"gen9anythinggoes","rating":1356,"private":0,"password":""}