{"id":"gen9anythinggoes-1973936542","p1":"Mortimer1943","p2":"ShenF","format":"[Gen 9] Anything Goes","log":"|j|\u2606Mortimer1943\n|j|\u2606ShenF\n|t:|1698030161\n|gametype|singles\n|player|p1|Mortimer1943|hiker-gen4|1032\n|player|p2|ShenF|169|1026\n|teamsize|p1|6\n|teamsize|p2|6\n|gen|9\n|tier|[Gen 9] Anything Goes\n|rated|\n|rule|HP Percentage Mod: HP is shown in percentages\n|rule|Endless Battle Clause: Forcing endless battles is banned\n|clearpoke\n|poke|p1|Drifblim, F|\n|poke|p1|Calyrex-Shadow|\n|poke|p1|Conkeldurr, M|\n|poke|p1|Regieleki|\n|poke|p1|Cloyster, M|\n|poke|p1|Maushold-Four|\n|poke|p2|Blissey, F|\n|poke|p2|Chandelure, F|\n|poke|p2|Rotom-Frost|\n|poke|p2|Azumarill, M|\n|poke|p2|Crawdaunt, F|\n|poke|p2|Eelektross, M|\n|teampreview\n|\n|t:|1698030169\n|start\n|switch|p1a: Drifblim|Drifblim, F|100\/100\n|switch|p2a: Capeta|Blissey, F|100\/100\n|turn|1\n|\n|t:|1698030179\n|-terastallize|p2a: Capeta|Fairy\n|move|p1a: Drifblim|Minimize|p1a: Drifblim\n|-boost|p1a: Drifblim|evasion|2\n|move|p2a: Capeta|Thunder Wave|p1a: Drifblim|[miss]\n|-miss|p2a: Capeta|p1a: Drifblim\n|\n|upkeep\n|turn|2\n|\n|t:|1698030190\n|move|p1a: Drifblim|Substitute|p1a: Drifblim\n|-start|p1a: Drifblim|Substitute\n|-damage|p1a: Drifblim|76\/100\n|move|p2a: Capeta|Stealth Rock|p1a: Drifblim\n|-sidestart|p1: Mortimer1943|move: Stealth Rock\n|\n|upkeep\n|turn|3\n|\n|t:|1698030200\n|switch|p2a: Bola|Azumarill, M, shiny|100\/100\n|move|p1a: Drifblim|Minimize|p1a: Drifblim\n|-boost|p1a: Drifblim|evasion|2\n|\n|upkeep\n|turn|4\n|\n|t:|1698030207\n|switch|p2a: Boketero|Eelektross, M|100\/100\n|move|p1a: Drifblim|Minimize|p1a: Drifblim\n|-boost|p1a: Drifblim|evasion|2\n|\n|upkeep\n|turn|5\n|\n|t:|1698030215\n|move|p1a: Drifblim|Baton Pass|p1a: Drifblim\n|\n|t:|1698030224\n|switch|p1a: Conkeldurr|Conkeldurr, M|100\/100|[from] Baton Pass\n|-damage|p1a: Conkeldurr|94\/100|[from] Stealth Rock\n|move|p2a: Boketero|Bulk Up|p2a: Boketero\n|-boost|p2a: Boketero|atk|1\n|-boost|p2a: Boketero|def|1\n|\n|-status|p1a: Conkeldurr|brn|[from] item: Flame Orb\n|upkeep\n|turn|6\n|\n|t:|1698030238\n|move|p2a: Boketero|Bulk Up|p2a: Boketero\n|-boost|p2a: Boketero|atk|1\n|-boost|p2a: Boketero|def|1\n|move|p1a: Conkeldurr|Drain Punch|p2a: Boketero\n|-damage|p2a: Boketero|63\/100\n|-heal|p1a: Conkeldurr|100\/100 brn|[from] drain|[of] p2a: Boketero\n|\n|-heal|p2a: Boketero|69\/100|[from] item: Leftovers\n|-damage|p1a: Conkeldurr|94\/100 brn|[from] brn\n|upkeep\n|turn|7\n|\n|t:|1698030258\n|move|p2a: Boketero|Outrage|p1a: Conkeldurr|[miss]\n|-miss|p2a: Boketero|p1a: Conkeldurr\n|move|p1a: Conkeldurr|Drain Punch|p2a: Boketero\n|-crit|p2a: Boketero\n|-damage|p2a: Boketero|0 fnt\n|-heal|p1a: Conkeldurr|100\/100 brn|[from] drain|[of] p2a: Boketero\n|faint|p2a: Boketero\n|\n|-damage|p1a: Conkeldurr|94\/100 brn|[from] brn\n|upkeep\n|\n|t:|1698030286\n|switch|p2a: Siriguejo|Crawdaunt, F|100\/100\n|turn|8\n|\n|t:|1698030295\n|move|p2a: Siriguejo|Surf|p1a: Conkeldurr|[miss]\n|-miss|p2a: Siriguejo|p1a: Conkeldurr\n|move|p1a: Conkeldurr|Drain Punch|p2a: Siriguejo\n|-supereffective|p2a: Siriguejo\n|-damage|p2a: Siriguejo|0 fnt\n|-heal|p1a: Conkeldurr|100\/100 brn|[from] drain|[of] p2a: Siriguejo\n|faint|p2a: Siriguejo\n|\n|-damage|p1a: Conkeldurr|94\/100 brn|[from] brn\n|upkeep\n|\n|t:|1698030314\n|switch|p2a: Lustre|Chandelure, F, shiny|100\/100\n|turn|9\n|\n|t:|1698030325\n|move|p2a: Lustre|Flamethrower|p1a: Conkeldurr\n|-end|p1a: Conkeldurr|Substitute\n|move|p1a: Conkeldurr|Thunder Punch|p2a: Lustre\n|-damage|p2a: Lustre|35\/100\n|\n|-heal|p2a: Lustre|41\/100|[from] item: Leftovers\n|-damage|p1a: Conkeldurr|88\/100 brn|[from] brn\n|upkeep\n|turn|10\n|\n|t:|1698030335\n|move|p2a: Lustre|Shadow Ball|p1a: Conkeldurr\n|-damage|p1a: Conkeldurr|31\/100 brn\n|move|p1a: Conkeldurr|Thunder Punch|p2a: Lustre\n|-damage|p2a: Lustre|0 fnt\n|faint|p2a: Lustre\n|\n|-damage|p1a: Conkeldurr|25\/100 brn|[from] brn\n|upkeep\n|\n|t:|1698030344\n|switch|p2a: Eletro lux|Rotom-Frost|100\/100\n|turn|11\n|\n|t:|1698030354\n|move|p2a: Eletro lux|Poltergeist|p1a: Conkeldurr\n|-activate|p1a: Conkeldurr|move: Poltergeist|Flame Orb\n|-damage|p1a: Conkeldurr|9\/100 brn\n|move|p1a: Conkeldurr|Fire Punch|p2a: Eletro lux\n|-supereffective|p2a: Eletro lux\n|-damage|p2a: Eletro lux|4\/100\n|\n|-heal|p2a: Eletro lux|10\/100|[from] item: Leftovers\n|-damage|p1a: Conkeldurr|3\/100 brn|[from] brn\n|upkeep\n|turn|12\n|\n|t:|1698030366\n|move|p1a: Conkeldurr|Mach Punch|p2a: Eletro lux\n|-supereffective|p2a: Eletro lux\n|-damage|p2a: Eletro lux|0 fnt\n|faint|p2a: Eletro lux\n|\n|-damage|p1a: Conkeldurr|0 fnt|[from] brn\n|faint|p1a: Conkeldurr\n|upkeep\n|\n|t:|1698030385\n|switch|p2a: Bola|Azumarill, M, shiny|100\/100\n|switch|p1a: Regieleki|Regieleki|100\/100\n|-damage|p1a: Regieleki|88\/100|[from] Stealth Rock\n|turn|13\n|\n|t:|1698030400\n|move|p1a: Regieleki|Thunder Cage|p2a: Bola\n|-supereffective|p2a: Bola\n|-damage|p2a: Bola|8\/100\n|-activate|p2a: Bola|move: Thunder Cage|[of] p1a: Regieleki\n|move|p2a: Bola|Dig||[still]\n|-prepare|p2a: Bola|Dig\n|\n|-heal|p1a: Regieleki|94\/100|[from] item: Leftovers\n|-damage|p2a: Bola|0 fnt|[from] move: Thunder Cage|[partiallytrapped]\n|faint|p2a: Bola\n|upkeep\n|\n|t:|1698030409\n|switch|p2a: Capeta|Blissey, F, tera:Fairy|100\/100\n|turn|14\n|-message|ShenF forfeited.\n|\n|win|Mortimer1943\n|raw|Mortimer1943's rating: 1032 &rarr; <strong>1067<\/strong><br \/>(+35 for winning)\n|raw|ShenF's rating: 1026 &rarr; <strong>1012<\/strong><br \/>(-14 for losing)\n|l|\u2606ShenF\n","uploadtime":1698030441,"views":21,"p1id":"mortimer1943","p2id":"shenf","formatid":"gen9anythinggoes","rating":1012,"private":0,"password":""}