{"id":"gen9anythinggoes-1985764554","p1":"itangood","p2":"CheesyChap94","format":"[Gen 9] Anything Goes","log":"|j|\u2606itangood\n|j|\u2606CheesyChap94\n|t:|1699403757\n|gametype|singles\n|player|p1|itangood|emmet|1048\n|player|p2|CheesyChap94|giovanni|1134\n|teamsize|p1|6\n|teamsize|p2|6\n|gen|9\n|tier|[Gen 9] Anything Goes\n|rated|\n|rule|HP Percentage Mod: HP is shown in percentages\n|rule|Endless Battle Clause: Forcing endless battles is banned\n|clearpoke\n|poke|p1|Pelipper, M|\n|poke|p1|Zapdos|\n|poke|p1|Ludicolo, F|\n|poke|p1|Dipplin, F|\n|poke|p1|Barraskewda, F|\n|poke|p1|Alomomola, M|\n|poke|p2|Blissey, F|\n|poke|p2|Toxapex, M|\n|poke|p2|Corviknight, M|\n|poke|p2|Clodsire, F|\n|poke|p2|Garganacl, F|\n|poke|p2|Snorlax, F|\n|teampreview\n|\n|t:|1699403767\n|start\n|switch|p1a: Dipplin|Dipplin, F|100\/100\n|switch|p2a: HeadCrab|Toxapex, M, shiny|100\/100\n|turn|1\n|\n|t:|1699403776\n|switch|p2a: Batman|Corviknight, M, shiny|100\/100\n|move|p1a: Dipplin|Draco Meteor|p2a: Batman\n|-resisted|p2a: Batman\n|-damage|p2a: Batman|80\/100\n|-unboost|p1a: Dipplin|spa|2\n|\n|-heal|p2a: Batman|86\/100|[from] item: Leftovers\n|upkeep\n|turn|2\n|c|\u2606CheesyChap94|hows your willpower?\n|c|\u2606CheesyChap94|cause this is a stall team\n|\n|t:|1699403799\n|switch|p1a: Pelipper|Pelipper, M|100\/100\n|-weather|RainDance|[from] ability: Drizzle|[of] p1a: Pelipper\n|move|p2a: Batman|Iron Defense|p2a: Batman\n|-boost|p2a: Batman|def|2\n|\n|-weather|RainDance|[upkeep]\n|-heal|p2a: Batman|92\/100|[from] item: Leftovers\n|upkeep\n|turn|3\n|\n|t:|1699403811\n|switch|p1a: Zapdos|Zapdos|100\/100\n|-ability|p1a: Zapdos|Pressure\n|move|p2a: Batman|Iron Defense|p2a: Batman\n|-boost|p2a: Batman|def|2\n|\n|-weather|RainDance|[upkeep]\n|-heal|p2a: Batman|98\/100|[from] item: Leftovers\n|upkeep\n|turn|4\n|\n|t:|1699403823\n|move|p1a: Zapdos|Thunder|p2a: Batman\n|-supereffective|p2a: Batman\n|-damage|p2a: Batman|0 fnt\n|faint|p2a: Batman\n|-damage|p1a: Zapdos|91\/100|[from] item: Life Orb\n|\n|-weather|RainDance|[upkeep]\n|upkeep\n|\n|t:|1699403832\n|switch|p2a: FeFiFoFum|Garganacl, F|100\/100\n|turn|5\n|\n|t:|1699403836\n|switch|p1a: Ludicolo|Ludicolo, F|100\/100\n|move|p2a: FeFiFoFum|Block|p1a: Ludicolo\n|-activate|p1a: Ludicolo|trapped\n|\n|-weather|RainDance|[upkeep]\n|upkeep\n|turn|6\n|\n|t:|1699403845\n|move|p1a: Ludicolo|Fake Out|p2a: FeFiFoFum\n|-resisted|p2a: FeFiFoFum\n|-damage|p2a: FeFiFoFum|98\/100\n|cant|p2a: FeFiFoFum|flinch\n|\n|-weather|none\n|-heal|p2a: FeFiFoFum|100\/100|[from] item: Leftovers\n|upkeep\n|turn|7\n|\n|t:|1699403854\n|move|p1a: Ludicolo|Surf|p2a: FeFiFoFum\n|-supereffective|p2a: FeFiFoFum\n|-damage|p2a: FeFiFoFum|55\/100\n|move|p2a: FeFiFoFum|Salt Cure|p1a: Ludicolo\n|-damage|p1a: Ludicolo|81\/100\n|-start|p1a: Ludicolo|Salt Cure\n|\n|-heal|p2a: FeFiFoFum|62\/100|[from] item: Leftovers\n|-damage|p1a: Ludicolo|56\/100|[from] Salt Cure\n|upkeep\n|turn|8\n|\n|t:|1699403865\n|move|p2a: FeFiFoFum|Protect|p2a: FeFiFoFum\n|-singleturn|p2a: FeFiFoFum|Protect\n|move|p1a: Ludicolo|Giga Drain|p2a: FeFiFoFum\n|-activate|p2a: FeFiFoFum|move: Protect\n|\n|-heal|p2a: FeFiFoFum|68\/100|[from] item: Leftovers\n|-damage|p1a: Ludicolo|31\/100|[from] Salt Cure\n|upkeep\n|turn|9\n|\n|t:|1699403877\n|move|p1a: Ludicolo|Giga Drain|p2a: FeFiFoFum\n|-supereffective|p2a: FeFiFoFum\n|-damage|p2a: FeFiFoFum|24\/100\n|-heal|p1a: Ludicolo|60\/100|[from] drain|[of] p2a: FeFiFoFum\n|move|p2a: FeFiFoFum|Recover|p2a: FeFiFoFum\n|-heal|p2a: FeFiFoFum|74\/100\n|\n|-heal|p2a: FeFiFoFum|80\/100|[from] item: Leftovers\n|-damage|p1a: Ludicolo|35\/100|[from] Salt Cure\n|upkeep\n|turn|10\n|\n|t:|1699403889\n|move|p2a: FeFiFoFum|Protect|p2a: FeFiFoFum\n|-singleturn|p2a: FeFiFoFum|Protect\n|move|p1a: Ludicolo|Giga Drain|p2a: FeFiFoFum\n|-activate|p2a: FeFiFoFum|move: Protect\n|\n|-heal|p2a: FeFiFoFum|87\/100|[from] item: Leftovers\n|-damage|p1a: Ludicolo|10\/100|[from] Salt Cure\n|upkeep\n|turn|11\n|\n|t:|1699403902\n|move|p1a: Ludicolo|Giga Drain|p2a: FeFiFoFum\n|-supereffective|p2a: FeFiFoFum\n|-damage|p2a: FeFiFoFum|48\/100\n|-heal|p1a: Ludicolo|36\/100|[from] drain|[of] p2a: FeFiFoFum\n|move|p2a: FeFiFoFum|Block||[still]\n|-fail|p2a: FeFiFoFum\n|\n|-heal|p2a: FeFiFoFum|54\/100|[from] item: Leftovers\n|-damage|p1a: Ludicolo|11\/100|[from] Salt Cure\n|upkeep\n|turn|12\n|\n|t:|1699403914\n|move|p1a: Ludicolo|Giga Drain|p2a: FeFiFoFum\n|-supereffective|p2a: FeFiFoFum\n|-damage|p2a: FeFiFoFum|17\/100\n|-heal|p1a: Ludicolo|36\/100|[from] drain|[of] p2a: FeFiFoFum\n|move|p2a: FeFiFoFum|Recover|p2a: FeFiFoFum\n|-heal|p2a: FeFiFoFum|67\/100\n|\n|-heal|p2a: FeFiFoFum|73\/100|[from] item: Leftovers\n|-damage|p1a: Ludicolo|11\/100|[from] Salt Cure\n|upkeep\n|turn|13\n|\n|t:|1699403925\n|move|p1a: Ludicolo|Giga Drain|p2a: FeFiFoFum\n|-supereffective|p2a: FeFiFoFum\n|-damage|p2a: FeFiFoFum|29\/100\n|-heal|p1a: Ludicolo|41\/100|[from] drain|[of] p2a: FeFiFoFum\n|move|p2a: FeFiFoFum|Salt Cure|p1a: Ludicolo\n|-damage|p1a: Ludicolo|20\/100\n|\n|-heal|p2a: FeFiFoFum|35\/100|[from] item: Leftovers\n|-damage|p1a: Ludicolo|0 fnt|[from] Salt Cure\n|faint|p1a: Ludicolo\n|upkeep\n|\n|t:|1699403937\n|switch|p1a: Barraskewda|Barraskewda, F|100\/100\n|turn|14\n|\n|t:|1699403943\n|move|p1a: Barraskewda|Close Combat|p2a: FeFiFoFum\n|-supereffective|p2a: FeFiFoFum\n|-damage|p2a: FeFiFoFum|0 fnt\n|-unboost|p1a: Barraskewda|def|1\n|-unboost|p1a: Barraskewda|spd|1\n|faint|p2a: FeFiFoFum\n|\n|upkeep\n|\n|t:|1699403951\n|switch|p2a: Flop Flop|Clodsire, F|100\/100\n|turn|15\n|\n|t:|1699403959\n|move|p1a: Barraskewda|Ice Fang|p2a: Flop Flop\n|-supereffective|p2a: Flop Flop\n|-damage|p2a: Flop Flop|62\/100\n|move|p2a: Flop Flop|Curse|p2a: Flop Flop\n|-unboost|p2a: Flop Flop|spe|1\n|-boost|p2a: Flop Flop|atk|1\n|-boost|p2a: Flop Flop|def|1\n|\n|-heal|p2a: Flop Flop|68\/100|[from] item: Black Sludge\n|upkeep\n|turn|16\n|\n|t:|1699403976\n|move|p1a: Barraskewda|Drill Run|p2a: Flop Flop\n|-supereffective|p2a: Flop Flop\n|-damage|p2a: Flop Flop|34\/100\n|move|p2a: Flop Flop|Recover|p2a: Flop Flop\n|-heal|p2a: Flop Flop|84\/100\n|\n|-heal|p2a: Flop Flop|90\/100|[from] item: Black Sludge\n|upkeep\n|turn|17\n|\n|t:|1699403985\n|move|p1a: Barraskewda|Drill Run|p2a: Flop Flop\n|-supereffective|p2a: Flop Flop\n|-damage|p2a: Flop Flop|58\/100\n|move|p2a: Flop Flop|Spikes|p1a: Barraskewda\n|-sidestart|p1: itangood|Spikes\n|\n|-heal|p2a: Flop Flop|64\/100|[from] item: Black Sludge\n|upkeep\n|turn|18\n|\n|t:|1699403994\n|move|p1a: Barraskewda|Drill Run|p2a: Flop Flop\n|-supereffective|p2a: Flop Flop\n|-damage|p2a: Flop Flop|29\/100\n|move|p2a: Flop Flop|Spikes|p1a: Barraskewda\n|-sidestart|p1: itangood|Spikes\n|\n|-heal|p2a: Flop Flop|35\/100|[from] item: Black Sludge\n|upkeep\n|turn|19\n|\n|t:|1699404005\n|move|p1a: Barraskewda|Drill Run|p2a: Flop Flop\n|-supereffective|p2a: Flop Flop\n|-damage|p2a: Flop Flop|1\/100\n|move|p2a: Flop Flop|Recover|p2a: Flop Flop\n|-heal|p2a: Flop Flop|51\/100\n|\n|-heal|p2a: Flop Flop|57\/100|[from] item: Black Sludge\n|upkeep\n|turn|20\n|\n|t:|1699404014\n|move|p1a: Barraskewda|Drill Run|p2a: Flop Flop\n|-supereffective|p2a: Flop Flop\n|-damage|p2a: Flop Flop|26\/100\n|move|p2a: Flop Flop|Spikes|p1a: Barraskewda\n|-sidestart|p1: itangood|Spikes\n|\n|-heal|p2a: Flop Flop|32\/100|[from] item: Black Sludge\n|upkeep\n|turn|21\n|\n|t:|1699404024\n|move|p1a: Barraskewda|Drill Run|p2a: Flop Flop\n|-supereffective|p2a: Flop Flop\n|-damage|p2a: Flop Flop|3\/100\n|move|p2a: Flop Flop|Recover|p2a: Flop Flop\n|-heal|p2a: Flop Flop|53\/100\n|\n|-heal|p2a: Flop Flop|59\/100|[from] item: Black Sludge\n|upkeep\n|turn|22\n|\n|t:|1699404034\n|move|p1a: Barraskewda|Drill Run|p2a: Flop Flop\n|-supereffective|p2a: Flop Flop\n|-crit|p2a: Flop Flop\n|-damage|p2a: Flop Flop|0 fnt\n|faint|p2a: Flop Flop\n|\n|upkeep\n|\n|t:|1699404041\n|switch|p2a: TheEggMan|Blissey, F, shiny|100\/100\n|turn|23\n|\n|t:|1699404045\n|move|p1a: Barraskewda|Aqua Jet|p2a: TheEggMan\n|-damage|p2a: TheEggMan|86\/100\n|move|p2a: TheEggMan|Thunder Wave|p1a: Barraskewda\n|-status|p1a: Barraskewda|par\n|\n|-heal|p2a: TheEggMan|92\/100|[from] item: Leftovers\n|upkeep\n|turn|24\n|\n|t:|1699404055\n|move|p2a: TheEggMan|Protect|p2a: TheEggMan\n|-singleturn|p2a: TheEggMan|Protect\n|move|p1a: Barraskewda|Close Combat|p2a: TheEggMan\n|-activate|p2a: TheEggMan|move: Protect\n|\n|-heal|p2a: TheEggMan|98\/100|[from] item: Leftovers\n|upkeep\n|turn|25\n|\n|t:|1699404064\n|-terastallize|p2a: TheEggMan|Ghost\n|move|p1a: Barraskewda|Close Combat|p2a: TheEggMan\n|-immune|p2a: TheEggMan\n|move|p2a: TheEggMan|Soft-Boiled|p2a: TheEggMan\n|-heal|p2a: TheEggMan|100\/100\n|\n|upkeep\n|turn|26\n|inactive|Battle timer is ON: inactive players will automatically lose when time's up. (requested by CheesyChap94)\n|\n|t:|1699404081\n|switch|p1a: Zapdos|Zapdos|91\/100\n|-ability|p1a: Zapdos|Pressure\n|move|p2a: TheEggMan|Protect||[still]\n|-fail|p2a: TheEggMan\n|\n|upkeep\n|turn|27\n|\n|t:|1699404094\n|switch|p1a: Pelipper|Pelipper, M|100\/100\n|-weather|RainDance|[from] ability: Drizzle|[of] p1a: Pelipper\n|move|p2a: TheEggMan|Soft-Boiled||[still]\n|-fail|p2a: TheEggMan|heal\n|\n|-weather|RainDance|[upkeep]\n|upkeep\n|turn|28\n|\n|t:|1699404107\n|switch|p1a: Dipplin|Dipplin, F|100\/100\n|-damage|p1a: Dipplin|76\/100|[from] Spikes\n|move|p2a: TheEggMan|Thunder Wave|p1a: Dipplin\n|-status|p1a: Dipplin|par\n|\n|-weather|RainDance|[upkeep]\n|upkeep\n|turn|29\n|\n|t:|1699404117\n|move|p2a: TheEggMan|Protect|p2a: TheEggMan\n|-singleturn|p2a: TheEggMan|Protect\n|cant|p1a: Dipplin|par\n|\n|-weather|RainDance|[upkeep]\n|upkeep\n|turn|30\n|\n|t:|1699404125\n|move|p2a: TheEggMan|Soft-Boiled||[still]\n|-fail|p2a: TheEggMan|heal\n|move|p1a: Dipplin|Outrage|p2a: TheEggMan\n|-damage|p2a: TheEggMan|55\/100\n|\n|-weather|RainDance|[upkeep]\n|-heal|p2a: TheEggMan|61\/100|[from] item: Leftovers\n|upkeep\n|turn|31\n|\n|t:|1699404135\n|move|p2a: TheEggMan|Soft-Boiled|p2a: TheEggMan\n|-heal|p2a: TheEggMan|100\/100\n|cant|p1a: Dipplin|par\n|\n|-weather|none\n|-start|p1a: Dipplin|confusion|[fatigue]\n|upkeep\n|turn|32\n|\n|t:|1699404144\n|move|p2a: TheEggMan|Protect|p2a: TheEggMan\n|-singleturn|p2a: TheEggMan|Protect\n|-activate|p1a: Dipplin|confusion\n|-damage|p1a: Dipplin|65\/100 par|[from] confusion\n|\n|upkeep\n|turn|33\n|\n|t:|1699404157\n|move|p2a: TheEggMan|Rest|p2a: TheEggMan\n|-fail|p2a: TheEggMan|heal\n|-activate|p1a: Dipplin|confusion\n|move|p1a: Dipplin|Outrage|p2a: TheEggMan\n|-crit|p2a: TheEggMan\n|-damage|p2a: TheEggMan|35\/100\n|\n|-heal|p2a: TheEggMan|41\/100|[from] item: Leftovers\n|upkeep\n|turn|34\n|\n|t:|1699404167\n|move|p2a: TheEggMan|Protect|p2a: TheEggMan\n|-singleturn|p2a: TheEggMan|Protect\n|-activate|p1a: Dipplin|confusion\n|move|p1a: Dipplin|Outrage|p2a: TheEggMan|[from]lockedmove\n|-activate|p2a: TheEggMan|move: Protect\n|\n|-heal|p2a: TheEggMan|47\/100|[from] item: Leftovers\n|upkeep\n|turn|35\n|\n|t:|1699404178\n|move|p2a: TheEggMan|Soft-Boiled|p2a: TheEggMan\n|-heal|p2a: TheEggMan|97\/100\n|-activate|p1a: Dipplin|confusion\n|move|p1a: Dipplin|Outrage|p2a: TheEggMan\n|-damage|p2a: TheEggMan|55\/100\n|\n|-heal|p2a: TheEggMan|61\/100|[from] item: Leftovers\n|upkeep\n|turn|36\n|\n|t:|1699404189\n|move|p2a: TheEggMan|Soft-Boiled|p2a: TheEggMan\n|-heal|p2a: TheEggMan|100\/100\n|-end|p1a: Dipplin|confusion\n|move|p1a: Dipplin|Outrage|p2a: TheEggMan|[from]lockedmove\n|-damage|p2a: TheEggMan|57\/100\n|\n|-heal|p2a: TheEggMan|63\/100|[from] item: Leftovers\n|upkeep\n|turn|37\n|\n|t:|1699404200\n|move|p2a: TheEggMan|Protect|p2a: TheEggMan\n|-singleturn|p2a: TheEggMan|Protect\n|move|p1a: Dipplin|Outrage|p2a: TheEggMan|[from]lockedmove\n|-activate|p2a: TheEggMan|move: Protect\n|-start|p1a: Dipplin|confusion|[fatigue]\n|\n|-heal|p2a: TheEggMan|69\/100|[from] item: Leftovers\n|upkeep\n|turn|38\n|\n|t:|1699404210\n|switch|p2a: Sisyphus|Snorlax, F|100\/100\n|-activate|p1a: Dipplin|confusion\n|cant|p1a: Dipplin|par\n|\n|upkeep\n|turn|39\n|\n|t:|1699404218\n|move|p2a: Sisyphus|Curse|p2a: Sisyphus\n|-unboost|p2a: Sisyphus|spe|1\n|-boost|p2a: Sisyphus|atk|1\n|-boost|p2a: Sisyphus|def|1\n|-end|p1a: Dipplin|confusion\n|move|p1a: Dipplin|Outrage|p2a: Sisyphus\n|-damage|p2a: Sisyphus|82\/100\n|\n|-heal|p2a: Sisyphus|88\/100|[from] item: Leftovers\n|upkeep\n|turn|40\n|\n|t:|1699404230\n|move|p2a: Sisyphus|Curse|p2a: Sisyphus\n|-unboost|p2a: Sisyphus|spe|1\n|-boost|p2a: Sisyphus|atk|1\n|-boost|p2a: Sisyphus|def|1\n|move|p1a: Dipplin|Outrage|p2a: Sisyphus|[from]lockedmove\n|-damage|p2a: Sisyphus|73\/100\n|-start|p1a: Dipplin|confusion|[fatigue]\n|\n|-heal|p2a: Sisyphus|79\/100|[from] item: Leftovers\n|upkeep\n|turn|41\n|\n|t:|1699404256\n|-activate|p1a: Dipplin|confusion\n|move|p1a: Dipplin|Outrage|p2a: Sisyphus\n|-damage|p2a: Sisyphus|64\/100\n|move|p2a: Sisyphus|Curse|p2a: Sisyphus\n|-unboost|p2a: Sisyphus|spe|1\n|-boost|p2a: Sisyphus|atk|1\n|-boost|p2a: Sisyphus|def|1\n|\n|-heal|p2a: Sisyphus|71\/100|[from] item: Leftovers\n|upkeep\n|turn|42\n|inactive|itangood has 120 seconds left.\n|\n|t:|1699404272\n|-activate|p1a: Dipplin|confusion\n|-damage|p1a: Dipplin|55\/100 par|[from] confusion\n|move|p2a: Sisyphus|Curse|p2a: Sisyphus\n|-unboost|p2a: Sisyphus|spe|1\n|-boost|p2a: Sisyphus|atk|1\n|-boost|p2a: Sisyphus|def|1\n|\n|-heal|p2a: Sisyphus|77\/100|[from] item: Leftovers\n|upkeep\n|turn|43\n|inactive|itangood has 120 seconds left.\n|\n|t:|1699404283\n|-activate|p1a: Dipplin|confusion\n|move|p1a: Dipplin|Outrage|p2a: Sisyphus\n|-damage|p2a: Sisyphus|67\/100\n|move|p2a: Sisyphus|Curse|p2a: Sisyphus\n|-unboost|p2a: Sisyphus|spe|1\n|-boost|p2a: Sisyphus|atk|1\n|-boost|p2a: Sisyphus|def|1\n|\n|-heal|p2a: Sisyphus|74\/100|[from] item: Leftovers\n|upkeep\n|turn|44\n|inactive|itangood has 120 seconds left.\n|\n|t:|1699404309\n|-activate|p1a: Dipplin|confusion\n|-damage|p1a: Dipplin|44\/100 par|[from] confusion\n|move|p2a: Sisyphus|Curse|p2a: Sisyphus\n|-unboost|p2a: Sisyphus|spe|1\n|-boost|p2a: Sisyphus|atk|1\n|-boost|p2a: Sisyphus|def|1\n|\n|-heal|p2a: Sisyphus|80\/100|[from] item: Leftovers\n|upkeep\n|turn|45\n|\n|t:|1699404321\n|switch|p1a: Pelipper|Pelipper, M|100\/100\n|-weather|RainDance|[from] ability: Drizzle|[of] p1a: Pelipper\n|move|p2a: Sisyphus|Substitute|p2a: Sisyphus\n|-start|p2a: Sisyphus|Substitute\n|-damage|p2a: Sisyphus|55\/100\n|\n|-weather|RainDance|[upkeep]\n|-heal|p2a: Sisyphus|61\/100|[from] item: Leftovers\n|upkeep\n|turn|46\n|\n|t:|1699404334\n|switch|p1a: Alomomola|Alomomola, M|100\/100\n|-damage|p1a: Alomomola|76\/100|[from] Spikes\n|move|p2a: Sisyphus|Rest|p2a: Sisyphus\n|-status|p2a: Sisyphus|slp|[from] move: Rest\n|-heal|p2a: Sisyphus|100\/100 slp|[silent]\n|\n|-weather|RainDance|[upkeep]\n|upkeep\n|turn|47\n|\n|t:|1699404346\n|move|p1a: Alomomola|Liquidation|p2a: Sisyphus\n|-activate|p2a: Sisyphus|move: Substitute|[damage]\n|cant|p2a: Sisyphus|slp\n|move|p2a: Sisyphus|Sleep Talk|p2a: Sisyphus\n|move|p2a: Sisyphus|Substitute|p2a: Sisyphus|[from]move: Sleep Talk\n|-fail|p2a: Sisyphus|move: Substitute\n|\n|-weather|RainDance|[upkeep]\n|upkeep\n|turn|48\n|\n|t:|1699404357\n|move|p1a: Alomomola|Liquidation|p2a: Sisyphus\n|-crit|p2a: Sisyphus\n|-end|p2a: Sisyphus|Substitute\n|cant|p2a: Sisyphus|slp\n|move|p2a: Sisyphus|Sleep Talk|p2a: Sisyphus\n|move|p2a: Sisyphus|Rest||[from]move: Sleep Talk|[still]\n|-fail|p2a: Sisyphus\n|\n|-weather|RainDance|[upkeep]\n|upkeep\n|turn|49\n|\n|t:|1699404369\n|move|p1a: Alomomola|Liquidation|p2a: Sisyphus\n|-damage|p2a: Sisyphus|94\/100 slp\n|-curestatus|p2a: Sisyphus|slp|[msg]\n|move|p2a: Sisyphus|Substitute|p2a: Sisyphus\n|-start|p2a: Sisyphus|Substitute\n|-damage|p2a: Sisyphus|69\/100\n|\n|-weather|none\n|-heal|p2a: Sisyphus|75\/100|[from] item: Leftovers\n|upkeep\n|turn|50\n|\n|t:|1699404380\n|switch|p1a: Barraskewda|Barraskewda, F|100\/100 par\n|-damage|p1a: Barraskewda|76\/100 par|[from] Spikes\n|move|p2a: Sisyphus|Rest|p2a: Sisyphus\n|-status|p2a: Sisyphus|slp|[from] move: Rest\n|-heal|p2a: Sisyphus|100\/100 slp|[silent]\n|\n|upkeep\n|turn|51\n|\n|t:|1699404390\n|cant|p1a: Barraskewda|par\n|cant|p2a: Sisyphus|slp\n|move|p2a: Sisyphus|Sleep Talk|p2a: Sisyphus\n|move|p2a: Sisyphus|Substitute|p2a: Sisyphus|[from]move: Sleep Talk\n|-fail|p2a: Sisyphus|move: Substitute\n|\n|upkeep\n|turn|52\n|\n|t:|1699404399\n|move|p1a: Barraskewda|Close Combat|p2a: Sisyphus\n|-supereffective|p2a: Sisyphus\n|-activate|p2a: Sisyphus|move: Substitute|[damage]\n|-unboost|p1a: Barraskewda|def|1\n|-unboost|p1a: Barraskewda|spd|1\n|cant|p2a: Sisyphus|slp\n|move|p2a: Sisyphus|Sleep Talk|p2a: Sisyphus\n|move|p2a: Sisyphus|Curse|p2a: Sisyphus|[from]move: Sleep Talk\n|\n|upkeep\n|turn|53\n|inactive|itangood has 120 seconds left.\n|\n|t:|1699404411\n|cant|p1a: Barraskewda|par\n|-curestatus|p2a: Sisyphus|slp|[msg]\n|move|p2a: Sisyphus|Substitute|p2a: Sisyphus\n|-fail|p2a: Sisyphus|move: Substitute\n|\n|upkeep\n|turn|54\n|inactive|itangood has 120 seconds left.\n|\n|t:|1699404421\n|move|p1a: Barraskewda|Close Combat|p2a: Sisyphus\n|-supereffective|p2a: Sisyphus\n|-activate|p2a: Sisyphus|move: Substitute|[damage]\n|-unboost|p1a: Barraskewda|def|1\n|-unboost|p1a: Barraskewda|spd|1\n|move|p2a: Sisyphus|Substitute|p2a: Sisyphus\n|-fail|p2a: Sisyphus|move: Substitute\n|\n|upkeep\n|turn|55\n|\n|t:|1699404435\n|move|p1a: Barraskewda|Close Combat|p2a: Sisyphus\n|-supereffective|p2a: Sisyphus\n|-end|p2a: Sisyphus|Substitute\n|-unboost|p1a: Barraskewda|def|1\n|-unboost|p1a: Barraskewda|spd|1\n|move|p2a: Sisyphus|Substitute|p2a: Sisyphus\n|-start|p2a: Sisyphus|Substitute\n|-damage|p2a: Sisyphus|75\/100\n|\n|-heal|p2a: Sisyphus|82\/100|[from] item: Leftovers\n|upkeep\n|turn|56\n|c|\u2606CheesyChap94|you are pretty persistent\n|inactive|CheesyChap94 has 120 seconds left.\n|\n|t:|1699404465\n|cant|p1a: Barraskewda|par\n|move|p2a: Sisyphus|Rest|p2a: Sisyphus\n|-status|p2a: Sisyphus|slp|[from] move: Rest\n|-heal|p2a: Sisyphus|100\/100 slp|[silent]\n|\n|upkeep\n|turn|57\n|c|\u2606CheesyChap94|and silent\n|\n|t:|1699404475\n|move|p1a: Barraskewda|Drill Run|p2a: Sisyphus\n|-activate|p2a: Sisyphus|move: Substitute|[damage]\n|cant|p2a: Sisyphus|slp\n|move|p2a: Sisyphus|Sleep Talk|p2a: Sisyphus\n|move|p2a: Sisyphus|Curse|p2a: Sisyphus|[from]move: Sleep Talk\n|\n|upkeep\n|turn|58\n|c|\u2606CheesyChap94|its weird\n|\n|t:|1699404485\n|move|p1a: Barraskewda|Drill Run|p2a: Sisyphus\n|-activate|p2a: Sisyphus|move: Substitute|[damage]\n|cant|p2a: Sisyphus|slp\n|move|p2a: Sisyphus|Sleep Talk|p2a: Sisyphus\n|move|p2a: Sisyphus|Curse|p2a: Sisyphus|[from]move: Sleep Talk\n|\n|upkeep\n|turn|59\n|\n|t:|1699404498\n|move|p1a: Barraskewda|Drill Run|p2a: Sisyphus\n|-activate|p2a: Sisyphus|move: Substitute|[damage]\n|-curestatus|p2a: Sisyphus|slp|[msg]\n|move|p2a: Sisyphus|Substitute|p2a: Sisyphus\n|-fail|p2a: Sisyphus|move: Substitute\n|\n|upkeep\n|turn|60\n|inactive|CheesyChap94 has 120 seconds left.\n|\n|t:|1699404527\n|move|p1a: Barraskewda|Drill Run|p2a: Sisyphus\n|-activate|p2a: Sisyphus|move: Substitute|[damage]\n|move|p2a: Sisyphus|Substitute|p2a: Sisyphus\n|-fail|p2a: Sisyphus|move: Substitute\n|\n|upkeep\n|turn|61\n|\n|t:|1699404543\n|move|p1a: Barraskewda|Close Combat|p2a: Sisyphus\n|-supereffective|p2a: Sisyphus\n|-activate|p2a: Sisyphus|move: Substitute|[damage]\n|-unboost|p1a: Barraskewda|def|1\n|-unboost|p1a: Barraskewda|spd|1\n|move|p2a: Sisyphus|Curse|p2a: Sisyphus\n|\n|upkeep\n|turn|62\n|inactive|CheesyChap94 has 120 seconds left.\n|\n|t:|1699404558\n|move|p1a: Barraskewda|Close Combat|p2a: Sisyphus\n|-supereffective|p2a: Sisyphus\n|-end|p2a: Sisyphus|Substitute\n|-unboost|p1a: Barraskewda|def|1\n|-unboost|p1a: Barraskewda|spd|1\n|move|p2a: Sisyphus|Sleep Talk||[still]\n|-fail|p2a: Sisyphus\n|\n|upkeep\n|turn|63\n|\n|t:|1699404568\n|move|p1a: Barraskewda|Drill Run|p2a: Sisyphus\n|-damage|p2a: Sisyphus|97\/100\n|move|p2a: Sisyphus|Rest|p2a: Sisyphus\n|-status|p2a: Sisyphus|slp|[from] move: Rest\n|-heal|p2a: Sisyphus|100\/100 slp|[silent]\n|\n|upkeep\n|turn|64\n|\n|t:|1699404578\n|move|p1a: Barraskewda|Drill Run|p2a: Sisyphus\n|-damage|p2a: Sisyphus|97\/100 slp\n|cant|p2a: Sisyphus|slp\n|move|p2a: Sisyphus|Sleep Talk|p2a: Sisyphus\n|move|p2a: Sisyphus|Curse|p2a: Sisyphus|[from]move: Sleep Talk\n|\n|-heal|p2a: Sisyphus|100\/100 slp|[from] item: Leftovers\n|upkeep\n|turn|65\n|inactive|CheesyChap94 has 120 seconds left.\n|\n|t:|1699404608\n|move|p1a: Barraskewda|Drill Run|p2a: Sisyphus\n|-damage|p2a: Sisyphus|97\/100 slp\n|cant|p2a: Sisyphus|slp\n|move|p2a: Sisyphus|Sleep Talk|p2a: Sisyphus\n|move|p2a: Sisyphus|Substitute|p2a: Sisyphus|[from]move: Sleep Talk\n|-start|p2a: Sisyphus|Substitute\n|-damage|p2a: Sisyphus|72\/100 slp\n|\n|-heal|p2a: Sisyphus|78\/100 slp|[from] item: Leftovers\n|upkeep\n|turn|66\n|inactive|CheesyChap94 has 120 seconds left.\n|\n|t:|1699404618\n|cant|p1a: Barraskewda|par\n|-curestatus|p2a: Sisyphus|slp|[msg]\n|move|p2a: Sisyphus|Rest|p2a: Sisyphus\n|-status|p2a: Sisyphus|slp|[from] move: Rest\n|-heal|p2a: Sisyphus|100\/100 slp|[silent]\n|\n|upkeep\n|turn|67\n|\n|t:|1699404630\n|switch|p1a: Pelipper|Pelipper, M|100\/100\n|-weather|RainDance|[from] ability: Drizzle|[of] p1a: Pelipper\n|cant|p2a: Sisyphus|slp\n|move|p2a: Sisyphus|Sleep Talk|p2a: Sisyphus\n|move|p2a: Sisyphus|Curse|p2a: Sisyphus|[from]move: Sleep Talk\n|\n|-weather|RainDance|[upkeep]\n|upkeep\n|turn|68\n|\n|t:|1699404642\n|move|p1a: Pelipper|Protect|p1a: Pelipper\n|-singleturn|p1a: Pelipper|Protect\n|cant|p2a: Sisyphus|slp\n|move|p2a: Sisyphus|Sleep Talk|p2a: Sisyphus\n|move|p2a: Sisyphus|Curse|p2a: Sisyphus|[from]move: Sleep Talk\n|\n|-weather|RainDance|[upkeep]\n|upkeep\n|turn|69\n|c|\u2606CheesyChap94|i have 0 attacks you know that right?\n|\n|t:|1699404665\n|move|p1a: Pelipper|Hydro Pump|p2a: Sisyphus\n|-end|p2a: Sisyphus|Substitute\n|-curestatus|p2a: Sisyphus|slp|[msg]\n|move|p2a: Sisyphus|Substitute|p2a: Sisyphus\n|-start|p2a: Sisyphus|Substitute\n|-damage|p2a: Sisyphus|75\/100\n|\n|-weather|RainDance|[upkeep]\n|-heal|p2a: Sisyphus|82\/100|[from] item: Leftovers\n|upkeep\n|turn|70\n|\n|t:|1699404677\n|move|p1a: Pelipper|Roost||[still]\n|-fail|p1a: Pelipper|heal\n|move|p2a: Sisyphus|Curse|p2a: Sisyphus\n|\n|-weather|RainDance|[upkeep]\n|-heal|p2a: Sisyphus|88\/100|[from] item: Leftovers\n|upkeep\n|turn|71\n|\n|t:|1699404685\n|move|p1a: Pelipper|Hydro Pump|p2a: Sisyphus\n|-end|p2a: Sisyphus|Substitute\n|move|p2a: Sisyphus|Curse|p2a: Sisyphus\n|\n|-weather|none\n|-heal|p2a: Sisyphus|94\/100|[from] item: Leftovers\n|upkeep\n|turn|72\n|\n|t:|1699404694\n|move|p1a: Pelipper|Hydro Pump|p2a: Sisyphus\n|-damage|p2a: Sisyphus|73\/100\n|move|p2a: Sisyphus|Substitute|p2a: Sisyphus\n|-start|p2a: Sisyphus|Substitute\n|-damage|p2a: Sisyphus|48\/100\n|\n|-heal|p2a: Sisyphus|54\/100|[from] item: Leftovers\n|upkeep\n|turn|73\n|\n|t:|1699404703\n|move|p1a: Pelipper|Hydro Pump|p2a: Sisyphus\n|-activate|p2a: Sisyphus|move: Substitute|[damage]\n|move|p2a: Sisyphus|Rest|p2a: Sisyphus\n|-status|p2a: Sisyphus|slp|[from] move: Rest\n|-heal|p2a: Sisyphus|100\/100 slp|[silent]\n|\n|upkeep\n|turn|74\n|\n|t:|1699404712\n|move|p1a: Pelipper|Hydro Pump|p2a: Sisyphus|[miss]\n|-miss|p1a: Pelipper|p2a: Sisyphus\n|cant|p2a: Sisyphus|slp\n|move|p2a: Sisyphus|Sleep Talk|p2a: Sisyphus\n|move|p2a: Sisyphus|Rest||[from]move: Sleep Talk|[still]\n|-fail|p2a: Sisyphus\n|\n|upkeep\n|turn|75\n|\n|t:|1699404737\n|move|p1a: Pelipper|Hydro Pump|p2a: Sisyphus\n|-end|p2a: Sisyphus|Substitute\n|cant|p2a: Sisyphus|slp\n|move|p2a: Sisyphus|Sleep Talk|p2a: Sisyphus\n|move|p2a: Sisyphus|Rest||[from]move: Sleep Talk|[still]\n|-fail|p2a: Sisyphus\n|\n|upkeep\n|turn|76\n|\n|t:|1699404750\n|move|p1a: Pelipper|Hydro Pump|p2a: Sisyphus\n|-damage|p2a: Sisyphus|79\/100 slp\n|-curestatus|p2a: Sisyphus|slp|[msg]\n|move|p2a: Sisyphus|Substitute|p2a: Sisyphus\n|-start|p2a: Sisyphus|Substitute\n|-damage|p2a: Sisyphus|54\/100\n|\n|-heal|p2a: Sisyphus|60\/100|[from] item: Leftovers\n|upkeep\n|turn|77\n|\n|t:|1699404762\n|move|p1a: Pelipper|Hydro Pump|p2a: Sisyphus\n|-activate|p2a: Sisyphus|move: Substitute|[damage]\n|move|p2a: Sisyphus|Rest|p2a: Sisyphus\n|-status|p2a: Sisyphus|slp|[from] move: Rest\n|-heal|p2a: Sisyphus|100\/100 slp|[silent]\n|\n|upkeep\n|turn|78\n|\n|t:|1699404770\n|switch|p1a: Alomomola|Alomomola, M|76\/100\n|-damage|p1a: Alomomola|51\/100|[from] Spikes\n|cant|p2a: Sisyphus|slp\n|move|p2a: Sisyphus|Sleep Talk|p2a: Sisyphus\n|move|p2a: Sisyphus|Substitute|p2a: Sisyphus|[from]move: Sleep Talk\n|-fail|p2a: Sisyphus|move: Substitute\n|\n|upkeep\n|turn|79\n|\n|t:|1699404781\n|move|p1a: Alomomola|Flip Turn|p2a: Sisyphus\n|-end|p2a: Sisyphus|Substitute\n|\n|t:|1699404788\n|switch|p1a: Pelipper|Pelipper, M|100\/100|[from] Flip Turn\n|-weather|RainDance|[from] ability: Drizzle|[of] p1a: Pelipper\n|cant|p2a: Sisyphus|slp\n|move|p2a: Sisyphus|Sleep Talk|p2a: Sisyphus\n|move|p2a: Sisyphus|Curse|p2a: Sisyphus|[from]move: Sleep Talk\n|\n|-weather|RainDance|[upkeep]\n|upkeep\n|turn|80\n|inactive|CheesyChap94 has 120 seconds left.\n|\n|t:|1699404820\n|move|p1a: Pelipper|Hurricane|p2a: Sisyphus\n|-damage|p2a: Sisyphus|80\/100 slp\n|-curestatus|p2a: Sisyphus|slp|[msg]\n|move|p2a: Sisyphus|Substitute|p2a: Sisyphus\n|-start|p2a: Sisyphus|Substitute\n|-damage|p2a: Sisyphus|55\/100\n|\n|-weather|RainDance|[upkeep]\n|-heal|p2a: Sisyphus|61\/100|[from] item: Leftovers\n|upkeep\n|turn|81\n|inactive|CheesyChap94 has 120 seconds left.\n|\n|t:|1699404839\n|move|p1a: Pelipper|Hurricane|p2a: Sisyphus\n|-activate|p2a: Sisyphus|move: Substitute|[damage]\n|move|p2a: Sisyphus|Curse|p2a: Sisyphus\n|\n|-weather|RainDance|[upkeep]\n|-heal|p2a: Sisyphus|67\/100|[from] item: Leftovers\n|upkeep\n|turn|82\n|inactive|CheesyChap94 has 120 seconds left.\n|\n|t:|1699404858\n|move|p1a: Pelipper|Hurricane|p2a: Sisyphus\n|-end|p2a: Sisyphus|Substitute\n|move|p2a: Sisyphus|Curse|p2a: Sisyphus\n|\n|-weather|RainDance|[upkeep]\n|-heal|p2a: Sisyphus|74\/100|[from] item: Leftovers\n|upkeep\n|turn|83\n|\n|t:|1699404869\n|move|p1a: Pelipper|Hurricane|p2a: Sisyphus\n|-damage|p2a: Sisyphus|50\/100\n|move|p2a: Sisyphus|Substitute|p2a: Sisyphus\n|-start|p2a: Sisyphus|Substitute\n|-damage|p2a: Sisyphus|25\/100\n|\n|-weather|none\n|-heal|p2a: Sisyphus|31\/100|[from] item: Leftovers\n|upkeep\n|turn|84\n|inactive|CheesyChap94 has 120 seconds left.\n|\n|t:|1699404879\n|move|p1a: Pelipper|Hurricane|p2a: Sisyphus\n|-activate|p2a: Sisyphus|move: Substitute|[damage]\n|move|p2a: Sisyphus|Rest|p2a: Sisyphus\n|-status|p2a: Sisyphus|slp|[from] move: Rest\n|-heal|p2a: Sisyphus|100\/100 slp|[silent]\n|\n|upkeep\n|turn|85\n|inactive|CheesyChap94 has 120 seconds left.\n|\n|t:|1699404897\n|move|p1a: Pelipper|Hurricane|p2a: Sisyphus\n|-end|p2a: Sisyphus|Substitute\n|cant|p2a: Sisyphus|slp\n|move|p2a: Sisyphus|Sleep Talk|p2a: Sisyphus\n|move|p2a: Sisyphus|Curse|p2a: Sisyphus|[from]move: Sleep Talk\n|\n|upkeep\n|turn|86\n|inactive|CheesyChap94 has 120 seconds left.\n|\n|t:|1699404907\n|move|p1a: Pelipper|Hurricane|p2a: Sisyphus|[miss]\n|-miss|p1a: Pelipper|p2a: Sisyphus\n|cant|p2a: Sisyphus|slp\n|\n|upkeep\n|turn|87\n|\n|t:|1699404914\n|switch|p1a: Alomomola|Alomomola, M|51\/100\n|-damage|p1a: Alomomola|26\/100|[from] Spikes\n|-curestatus|p2a: Sisyphus|slp|[msg]\n|move|p2a: Sisyphus|Curse|p2a: Sisyphus\n|\n|upkeep\n|turn|88\n|\n|t:|1699404925\n|move|p1a: Alomomola|Aqua Jet|p2a: Sisyphus\n|-damage|p2a: Sisyphus|98\/100\n|move|p2a: Sisyphus|Curse|p2a: Sisyphus\n|\n|-heal|p2a: Sisyphus|100\/100|[from] item: Leftovers\n|upkeep\n|turn|89\n|\n|t:|1699404952\n|move|p1a: Alomomola|Aqua Jet|p2a: Sisyphus\n|-damage|p2a: Sisyphus|98\/100\n|move|p2a: Sisyphus|Curse|p2a: Sisyphus\n|\n|-heal|p2a: Sisyphus|100\/100|[from] item: Leftovers\n|upkeep\n|turn|90\n|\n|t:|1699404964\n|move|p1a: Alomomola|Flip Turn|p2a: Sisyphus\n|-damage|p2a: Sisyphus|97\/100\n|\n|t:|1699404972\n|switch|p1a: Dipplin|Dipplin, F|44\/100 par|[from] Flip Turn\n|-damage|p1a: Dipplin|19\/100 par|[from] Spikes\n|move|p2a: Sisyphus|Curse|p2a: Sisyphus\n|\n|-heal|p2a: Sisyphus|100\/100|[from] item: Leftovers\n|upkeep\n|turn|91\n|\n|t:|1699404987\n|move|p1a: Dipplin|Outrage|p2a: Sisyphus\n|-damage|p2a: Sisyphus|94\/100\n|move|p2a: Sisyphus|Curse|p2a: Sisyphus\n|\n|-heal|p2a: Sisyphus|99\/100|[from] item: Leftovers\n|upkeep\n|turn|92\n|\n|t:|1699404997\n|cant|p1a: Dipplin|par\n|move|p2a: Sisyphus|Substitute|p2a: Sisyphus\n|-start|p2a: Sisyphus|Substitute\n|-damage|p2a: Sisyphus|75\/100\n|\n|-heal|p2a: Sisyphus|81\/100|[from] item: Leftovers\n|upkeep\n|turn|93\n|\n|t:|1699405005\n|move|p1a: Dipplin|Outrage|p2a: Sisyphus\n|-activate|p2a: Sisyphus|move: Substitute|[damage]\n|move|p2a: Sisyphus|Substitute|p2a: Sisyphus\n|-fail|p2a: Sisyphus|move: Substitute\n|\n|-heal|p2a: Sisyphus|87\/100|[from] item: Leftovers\n|upkeep\n|turn|94\n|\n|t:|1699405014\n|move|p1a: Dipplin|Outrage|p2a: Sisyphus|[from]lockedmove\n|-activate|p2a: Sisyphus|move: Substitute|[damage]\n|move|p2a: Sisyphus|Substitute|p2a: Sisyphus\n|-fail|p2a: Sisyphus|move: Substitute\n|\n|-heal|p2a: Sisyphus|93\/100|[from] item: Leftovers\n|upkeep\n|turn|95\n|\n|t:|1699405024\n|cant|p1a: Dipplin|par\n|move|p2a: Sisyphus|Substitute|p2a: Sisyphus\n|-fail|p2a: Sisyphus|move: Substitute\n|\n|-heal|p2a: Sisyphus|99\/100|[from] item: Leftovers\n|-start|p1a: Dipplin|confusion|[fatigue]\n|upkeep\n|turn|96\n|\n|t:|1699405041\n|switch|p1a: Pelipper|Pelipper, M|100\/100\n|-weather|RainDance|[from] ability: Drizzle|[of] p1a: Pelipper\n|-activate|p2a: Sisyphus|move: Struggle\n|move|p2a: Sisyphus|Struggle|p1a: Pelipper\n|-damage|p1a: Pelipper|57\/100\n|-damage|p2a: Sisyphus|75\/100|[from] recoil\n|\n|-weather|RainDance|[upkeep]\n|-heal|p1a: Pelipper|63\/100|[from] item: Leftovers\n|-heal|p2a: Sisyphus|81\/100|[from] item: Leftovers\n|upkeep\n|turn|97\n|inactive|itangood has 120 seconds left.\n|\n|t:|1699405064\n|move|p1a: Pelipper|Protect|p1a: Pelipper\n|-singleturn|p1a: Pelipper|Protect\n|-activate|p2a: Sisyphus|move: Struggle\n|move|p2a: Sisyphus|Struggle|p1a: Pelipper\n|-activate|p1a: Pelipper|move: Protect\n|\n|-weather|RainDance|[upkeep]\n|-heal|p1a: Pelipper|69\/100|[from] item: Leftovers\n|-heal|p2a: Sisyphus|87\/100|[from] item: Leftovers\n|upkeep\n|turn|98\n|\n|t:|1699405076\n|move|p1a: Pelipper|Hurricane|p2a: Sisyphus\n|-end|p2a: Sisyphus|Substitute\n|-activate|p2a: Sisyphus|move: Struggle\n|move|p2a: Sisyphus|Struggle|p1a: Pelipper\n|-damage|p1a: Pelipper|26\/100\n|-damage|p2a: Sisyphus|62\/100|[from] recoil\n|\n|-weather|RainDance|[upkeep]\n|-heal|p1a: Pelipper|32\/100|[from] item: Leftovers\n|-heal|p2a: Sisyphus|68\/100|[from] item: Leftovers\n|upkeep\n|turn|99\n|\n|t:|1699405087\n|move|p1a: Pelipper|Hurricane|p2a: Sisyphus\n|-damage|p2a: Sisyphus|46\/100\n|-start|p2a: Sisyphus|confusion\n|-activate|p2a: Sisyphus|confusion\n|-activate|p2a: Sisyphus|move: Struggle\n|move|p2a: Sisyphus|Struggle|p1a: Pelipper\n|-damage|p1a: Pelipper|0 fnt\n|faint|p1a: Pelipper\n|-damage|p2a: Sisyphus|21\/100|[from] recoil\n|\n|-weather|RainDance|[upkeep]\n|-heal|p2a: Sisyphus|27\/100|[from] item: Leftovers\n|upkeep\n|\n|t:|1699405101\n|switch|p1a: Zapdos|Zapdos|91\/100\n|-ability|p1a: Zapdos|Pressure\n|turn|100\n|\n|t:|1699405108\n|move|p1a: Zapdos|Hurricane|p2a: Sisyphus\n|-crit|p2a: Sisyphus\n|-damage|p2a: Sisyphus|0 fnt\n|faint|p2a: Sisyphus\n|-damage|p1a: Zapdos|81\/100|[from] item: Life Orb\n|\n|-weather|none\n|upkeep\n|j| amthankful\n|inactive|CheesyChap94 has 120 seconds left.\n|\n|t:|1699405128\n|switch|p2a: HeadCrab|Toxapex, M, shiny|100\/100\n|turn|101\n|inactive|CheesyChap94 has 120 seconds left.\n|c|\u2606CheesyChap94|hey another person\n|c|\u2606CheesyChap94|i like stalling\n|c| amthankful|yes i clicked on you\n|\n|t:|1699405149\n|move|p1a: Zapdos|Thunder|p2a: HeadCrab\n|-supereffective|p2a: HeadCrab\n|-damage|p2a: HeadCrab|5\/100\n|-status|p2a: HeadCrab|par\n|-damage|p1a: Zapdos|71\/100|[from] item: Life Orb\n|move|p2a: HeadCrab|Toxic Spikes|p1a: Zapdos\n|-sidestart|p1: itangood|move: Toxic Spikes\n|\n|upkeep\n|turn|102\n|l| amthankful\n|\n|t:|1699405159\n|move|p2a: HeadCrab|Baneful Bunker|p2a: HeadCrab\n|-singleturn|p2a: HeadCrab|move: Protect\n|move|p1a: Zapdos|Volt Switch|p2a: HeadCrab\n|-activate|p2a: HeadCrab|move: Protect\n|\n|upkeep\n|turn|103\n|\n|t:|1699405167\n|move|p1a: Zapdos|Volt Switch|p2a: HeadCrab\n|-supereffective|p2a: HeadCrab\n|-damage|p2a: HeadCrab|0 fnt\n|faint|p2a: HeadCrab\n|-damage|p1a: Zapdos|61\/100|[from] item: Life Orb\n|\n|t:|1699405173\n|switch|p1a: Barraskewda|Barraskewda, F|76\/100 par|[from] Volt Switch\n|-damage|p1a: Barraskewda|51\/100 par|[from] Spikes\n|\n|upkeep\n|\n|t:|1699405178\n|switch|p2a: TheEggMan|Blissey, F, shiny, tera:Ghost|69\/100\n|turn|104\n|c|\u2606CheesyChap94|almost there\n|c|\u2606CheesyChap94|you can do it!\n|\n|t:|1699405189\n|move|p1a: Barraskewda|Aqua Jet|p2a: TheEggMan\n|-damage|p2a: TheEggMan|53\/100\n|move|p2a: TheEggMan|Thunder Wave|p1a: Barraskewda\n|-fail|p1a: Barraskewda|par\n|\n|-heal|p2a: TheEggMan|59\/100|[from] item: Leftovers\n|upkeep\n|turn|105\n|\n|t:|1699405198\n|cant|p1a: Barraskewda|par\n|move|p2a: TheEggMan|Soft-Boiled|p2a: TheEggMan\n|-heal|p2a: TheEggMan|100\/100\n|\n|upkeep\n|turn|106\n|\n|t:|1699405205\n|move|p2a: TheEggMan|Protect|p2a: TheEggMan\n|-singleturn|p2a: TheEggMan|Protect\n|move|p1a: Barraskewda|Aqua Jet|p2a: TheEggMan\n|-activate|p2a: TheEggMan|move: Protect\n|\n|upkeep\n|turn|107\n|\n|t:|1699405213\n|move|p1a: Barraskewda|Aqua Jet|p2a: TheEggMan\n|-damage|p2a: TheEggMan|84\/100\n|move|p2a: TheEggMan|Thunder Wave|p1a: Barraskewda\n|-fail|p1a: Barraskewda|par\n|\n|-heal|p2a: TheEggMan|90\/100|[from] item: Leftovers\n|upkeep\n|turn|108\n|\n|t:|1699405223\n|move|p1a: Barraskewda|Aqua Jet|p2a: TheEggMan\n|-damage|p2a: TheEggMan|76\/100\n|move|p2a: TheEggMan|Thunder Wave|p1a: Barraskewda\n|-fail|p1a: Barraskewda|par\n|\n|-heal|p2a: TheEggMan|82\/100|[from] item: Leftovers\n|upkeep\n|turn|109\n|\n|t:|1699405232\n|move|p1a: Barraskewda|Drill Run|p2a: TheEggMan\n|-damage|p2a: TheEggMan|62\/100\n|move|p2a: TheEggMan|Thunder Wave|p1a: Barraskewda\n|-fail|p1a: Barraskewda|par\n|\n|-heal|p2a: TheEggMan|68\/100|[from] item: Leftovers\n|upkeep\n|turn|110\n|\n|t:|1699405244\n|move|p1a: Barraskewda|Ice Fang|p2a: TheEggMan\n|-crit|p2a: TheEggMan\n|-damage|p2a: TheEggMan|40\/100\n|move|p2a: TheEggMan|Thunder Wave|p1a: Barraskewda\n|-fail|p1a: Barraskewda|par\n|\n|-heal|p2a: TheEggMan|47\/100|[from] item: Leftovers\n|upkeep\n|turn|111\n|\n|t:|1699405254\n|move|p2a: TheEggMan|Protect|p2a: TheEggMan\n|-singleturn|p2a: TheEggMan|Protect\n|move|p1a: Barraskewda|Ice Fang|p2a: TheEggMan\n|-activate|p2a: TheEggMan|move: Protect\n|\n|-heal|p2a: TheEggMan|53\/100|[from] item: Leftovers\n|upkeep\n|turn|112\n|\n|t:|1699405263\n|move|p1a: Barraskewda|Ice Fang|p2a: TheEggMan\n|-damage|p2a: TheEggMan|35\/100\n|move|p2a: TheEggMan|Thunder Wave|p1a: Barraskewda\n|-fail|p1a: Barraskewda|par\n|\n|-heal|p2a: TheEggMan|42\/100|[from] item: Leftovers\n|upkeep\n|turn|113\n|inactive|CheesyChap94 has 90 seconds left.\n|j| CasualTrainerName\n|j| Raichu_Gamers\n|\n|t:|1699405295\n|cant|p1a: Barraskewda|par\n|move|p2a: TheEggMan|Soft-Boiled|p2a: TheEggMan\n|-heal|p2a: TheEggMan|92\/100\n|\n|-heal|p2a: TheEggMan|98\/100|[from] item: Leftovers\n|upkeep\n|turn|114\n|j| SwiftPoke\n|j| License Plate\n|l| CasualTrainerName\n|c| Raichu_Gamers|bro\n|inactive|itangood has 90 seconds left.\n|\n|t:|1699405307\n|switch|p1a: Dipplin|Dipplin, F|19\/100 par\n|-damage|p1a: Dipplin|0 fnt|[from] Spikes\n|faint|p1a: Dipplin\n|move|p2a: TheEggMan|Thunder Wave|p1: Dipplin|[notarget]\n|-fail|p2a: TheEggMan\n|\n|-heal|p2a: TheEggMan|100\/100|[from] item: Leftovers\n|upkeep\n|c| SwiftPoke|holy shit\n|c| Raichu_Gamers|why\n|c|\u2606CheesyChap94|hey yall\n|j| Polkikm123\n|inactive|itangood has 90 seconds left.\n|\n|t:|1699405316\n|switch|p1a: Zapdos|Zapdos|61\/100\n|-ability|p1a: Zapdos|Pressure\n|turn|115\n|c|\u2606CheesyChap94|im doing great\n|c| SwiftPoke|114 turns on a blissey\n|inactive|itangood has 90 seconds left.\n|inactive|CheesyChap94 has 90 seconds left.\n|l| License Plate\n|c|\u2606CheesyChap94|dont forget snorlax took most the turns\n|\n|t:|1699405334\n|-terastallize|p1a: Zapdos|Electric\n|move|p2a: TheEggMan|Protect|p2a: TheEggMan\n|-singleturn|p2a: TheEggMan|Protect\n|move|p1a: Zapdos|Volt Switch|p2a: TheEggMan\n|-activate|p2a: TheEggMan|move: Protect\n|\n|upkeep\n|turn|116\n|inactive|itangood has 90 seconds left.\n|\n|t:|1699405343\n|move|p1a: Zapdos|Volt Switch|p2a: TheEggMan\n|-damage|p2a: TheEggMan|80\/100\n|-damage|p1a: Zapdos|51\/100|[from] item: Life Orb\n|inactive|itangood has 90 seconds left.\n|\n|t:|1699405348\n|switch|p1a: Alomomola|Alomomola, M|26\/100|[from] Volt Switch\n|-damage|p1a: Alomomola|1\/100|[from] Spikes\n|-status|p1a: Alomomola|psn\n|move|p2a: TheEggMan|Thunder Wave|p1a: Alomomola|[miss]\n|-miss|p2a: TheEggMan|p1a: Alomomola\n|\n|-heal|p2a: TheEggMan|86\/100|[from] item: Leftovers\n|-damage|p1a: Alomomola|0 fnt|[from] psn\n|faint|p1a: Alomomola\n|upkeep\n|inactive|itangood has 90 seconds left.\n|c| SwiftPoke|what are they trying to do\n|\n|t:|1699405364\n|switch|p1a: Barraskewda|Barraskewda, F|51\/100 par\n|-damage|p1a: Barraskewda|26\/100 par|[from] Spikes\n|turn|117\n|c|\u2606CheesyChap94|idk their silent\n|inactive|CheesyChap94 has 90 seconds left.\n|c| SwiftPoke|just kill the blissey\n|c|\u2606CheesyChap94|prob trying to die\n|c| SwiftPoke|hyper-offense\n|c|\u2606CheesyChap94|thats what id want\n|\n|t:|1699405381\n|move|p1a: Barraskewda|Drill Run|p2a: TheEggMan\n|-crit|p2a: TheEggMan\n|-damage|p2a: TheEggMan|56\/100\n|move|p2a: TheEggMan|Thunder Wave|p1a: Barraskewda\n|-fail|p1a: Barraskewda|par\n|\n|-heal|p2a: TheEggMan|62\/100|[from] item: Leftovers\n|upkeep\n|turn|118\n|c| Raichu_Gamers|WHAT THE FUCK HOW THE HELL DID SNORLAX COOK UP\n|\n|t:|1699405391\n|move|p2a: TheEggMan|Protect|p2a: TheEggMan\n|-singleturn|p2a: TheEggMan|Protect\n|cant|p1a: Barraskewda|par\n|\n|-heal|p2a: TheEggMan|68\/100|[from] item: Leftovers\n|upkeep\n|turn|119\n|\n|t:|1699405398\n|move|p1a: Barraskewda|Ice Fang|p2a: TheEggMan\n|-damage|p2a: TheEggMan|50\/100\n|move|p2a: TheEggMan|Rest|p2a: TheEggMan\n|-status|p2a: TheEggMan|slp|[from] move: Rest\n|-heal|p2a: TheEggMan|100\/100 slp|[silent]\n|\n|upkeep\n|turn|120\n|\n|t:|1699405409\n|move|p1a: Barraskewda|Aqua Jet|p2a: TheEggMan\n|-damage|p2a: TheEggMan|86\/100 slp\n|cant|p2a: TheEggMan|slp\n|\n|-heal|p2a: TheEggMan|92\/100 slp|[from] item: Leftovers\n|upkeep\n|turn|121\n|l| SwiftPoke\n|\n|t:|1699405418\n|cant|p2a: TheEggMan|slp\n|cant|p1a: Barraskewda|par\n|\n|-heal|p2a: TheEggMan|98\/100 slp|[from] item: Leftovers\n|upkeep\n|turn|122\n|\n|t:|1699405425\n|cant|p1a: Barraskewda|par\n|-curestatus|p2a: TheEggMan|slp|[msg]\n|move|p2a: TheEggMan|Thunder Wave|p1a: Barraskewda\n|-fail|p1a: Barraskewda|par\n|\n|-heal|p2a: TheEggMan|100\/100|[from] item: Leftovers\n|upkeep\n|turn|123\n|\n|t:|1699405437\n|move|p2a: TheEggMan|Protect|p2a: TheEggMan\n|-singleturn|p2a: TheEggMan|Protect\n|cant|p1a: Barraskewda|par\n|\n|upkeep\n|turn|124\n|l| Polkikm123\n|\n|t:|1699405443\n|cant|p1a: Barraskewda|par\n|move|p2a: TheEggMan|Thunder Wave|p1a: Barraskewda\n|-fail|p1a: Barraskewda|par\n|\n|upkeep\n|turn|125\n|\n|t:|1699405450\n|move|p2a: TheEggMan|Protect|p2a: TheEggMan\n|-singleturn|p2a: TheEggMan|Protect\n|move|p1a: Barraskewda|Aqua Jet|p2a: TheEggMan\n|-activate|p2a: TheEggMan|move: Protect\n|\n|upkeep\n|turn|126\n|c|\u2606CheesyChap94|just give up\n|\n|t:|1699405457\n|move|p1a: Barraskewda|Aqua Jet|p2a: TheEggMan\n|-damage|p2a: TheEggMan|85\/100\n|move|p2a: TheEggMan|Thunder Wave|p1a: Barraskewda\n|-fail|p1a: Barraskewda|par\n|\n|-heal|p2a: TheEggMan|91\/100|[from] item: Leftovers\n|upkeep\n|turn|127\n|inactive|itangood has 60 seconds left.\n|c|\u2606CheesyChap94|imagine how many games you could've won by now\n|\n|t:|1699405474\n|switch|p1a: Zapdos|Zapdos, tera:Electric|51\/100\n|-damage|p1a: Zapdos|26\/100|[from] Spikes\n|-status|p1a: Zapdos|psn\n|-ability|p1a: Zapdos|Pressure\n|move|p2a: TheEggMan|Thunder Wave||[still]\n|-fail|p2a: TheEggMan\n|\n|-heal|p2a: TheEggMan|97\/100|[from] item: Leftovers\n|-damage|p1a: Zapdos|13\/100 psn|[from] psn\n|upkeep\n|turn|128\n|inactive|itangood has 60 seconds left.\n|c| Raichu_Gamers|wtf did I miss?\n|\n|t:|1699405487\n|move|p2a: TheEggMan|Protect|p2a: TheEggMan\n|-singleturn|p2a: TheEggMan|Protect\n|move|p1a: Zapdos|Roost|p1a: Zapdos\n|-heal|p1a: Zapdos|63\/100 psn\n|\n|-heal|p2a: TheEggMan|100\/100|[from] item: Leftovers\n|-damage|p1a: Zapdos|51\/100 psn|[from] psn\n|upkeep\n|turn|129\n|c|\u2606CheesyChap94|about everything\n|inactive|CheesyChap94 has 60 seconds left.\n|c| Raichu_Gamers|shit\n|c|\u2606CheesyChap94|i can probably win now\n|\n|t:|1699405506\n|move|p1a: Zapdos|Thunder|p2a: TheEggMan\n|-damage|p2a: TheEggMan|69\/100\n|-damage|p1a: Zapdos|41\/100 psn|[from] item: Life Orb\n|move|p2a: TheEggMan|Rest|p2a: TheEggMan\n|-status|p2a: TheEggMan|slp|[from] move: Rest\n|-heal|p2a: TheEggMan|100\/100 slp|[silent]\n|\n|-damage|p1a: Zapdos|29\/100 psn|[from] psn\n|upkeep\n|turn|130\n|\n|t:|1699405535\n|cant|p2a: TheEggMan|slp\n|move|p1a: Zapdos|Roost|p1a: Zapdos\n|-heal|p1a: Zapdos|79\/100 psn\n|\n|-damage|p1a: Zapdos|66\/100 psn|[from] psn\n|upkeep\n|turn|131\n|inactive|CheesyChap94 has 30 seconds left.\n|c| Raichu_Gamers|bro you should've brought a dark move\n|c|\u2606CheesyChap94|this level of resilence is unheard of\n|c| Raichu_Gamers|ding dong\n|\n|t:|1699405553\n|move|p1a: Zapdos|Thunder|p2a: TheEggMan\n|-damage|p2a: TheEggMan|65\/100 slp\n|-damage|p1a: Zapdos|56\/100 psn|[from] item: Life Orb\n|cant|p2a: TheEggMan|slp\n|\n|-heal|p2a: TheEggMan|71\/100 slp|[from] item: Leftovers\n|-damage|p1a: Zapdos|44\/100 psn|[from] psn\n|upkeep\n|turn|132\n|inactive|CheesyChap94 has 30 seconds left this turn.\n|\n|t:|1699405567\n|move|p1a: Zapdos|Roost|p1a: Zapdos\n|-heal|p1a: Zapdos|94\/100 psn\n|-curestatus|p2a: TheEggMan|slp|[msg]\n|move|p2a: TheEggMan|Rest|p2a: TheEggMan\n|-status|p2a: TheEggMan|slp|[from] move: Rest\n|-heal|p2a: TheEggMan|100\/100 slp|[silent]\n|\n|-damage|p1a: Zapdos|81\/100 psn|[from] psn\n|upkeep\n|turn|133\n|inactive|CheesyChap94 has 30 seconds left this turn.\n|j| The Greedy One\n|c|\u2606CheesyChap94|wait why timer hate me\n|inactive|CheesyChap94 has 20 seconds left.\n|\n|t:|1699405580\n|cant|p2a: TheEggMan|slp\n|move|p1a: Zapdos|Volt Switch|p2a: TheEggMan\n|-damage|p2a: TheEggMan|79\/100 slp\n|-damage|p1a: Zapdos|72\/100 psn|[from] item: Life Orb\n|inactive|CheesyChap94 has 25 seconds left this turn.\n|\n|t:|1699405587\n|switch|p1a: Barraskewda|Barraskewda, F|26\/100 par|[from] Volt Switch\n|-damage|p1a: Barraskewda|2\/100 par|[from] Spikes\n|\n|-heal|p2a: TheEggMan|85\/100 slp|[from] item: Leftovers\n|upkeep\n|turn|134\n|inactive|CheesyChap94 has 30 seconds left this turn.\n|\n|t:|1699405595\n|cant|p2a: TheEggMan|slp\n|cant|p1a: Barraskewda|par\n|\n|-heal|p2a: TheEggMan|92\/100 slp|[from] item: Leftovers\n|upkeep\n|turn|135\n|inactive|CheesyChap94 has 30 seconds left this turn.\n|\n|t:|1699405603\n|-curestatus|p2a: TheEggMan|slp|[msg]\n|move|p2a: TheEggMan|Protect|p2a: TheEggMan\n|-singleturn|p2a: TheEggMan|Protect\n|move|p1a: Barraskewda|Aqua Jet|p2a: TheEggMan\n|-activate|p2a: TheEggMan|move: Protect\n|\n|-heal|p2a: TheEggMan|98\/100|[from] item: Leftovers\n|upkeep\n|turn|136\n|inactive|CheesyChap94 has 30 seconds left this turn.\n|inactive|itangood has 30 seconds left.\n|inactive|CheesyChap94 has 20 seconds left.\n|inactive|CheesyChap94 has 15 seconds left.\n|c|\u2606CheesyChap94|i will kill with struggle if i must\n|c| Raichu_Gamers|imma get the milk rq\n|\n|t:|1699405621\n|move|p2a: TheEggMan|Protect|p2a: TheEggMan\n|-singleturn|p2a: TheEggMan|Protect\n|move|p1a: Barraskewda|Aqua Jet|p2a: TheEggMan\n|-activate|p2a: TheEggMan|move: Protect\n|\n|-heal|p2a: TheEggMan|100\/100|[from] item: Leftovers\n|upkeep\n|turn|137\n|inactive|CheesyChap94 has 20 seconds left this turn.\n|inactive|itangood has 30 seconds left.\n|inactive|CheesyChap94 has 15 seconds left.\n|\n|t:|1699405636\n|cant|p1a: Barraskewda|par\n|move|p2a: TheEggMan|Thunder Wave|p1a: Barraskewda\n|-fail|p1a: Barraskewda|par\n|\n|upkeep\n|turn|138\n|inactive|itangood has 30 seconds left this turn.\n|inactive|CheesyChap94 has 20 seconds left this turn.\n|c|\u2606CheesyChap94|SPEAK\n|inactive|CheesyChap94 has 15 seconds left.\n|\n|t:|1699405643\n|move|p1a: Barraskewda|Aqua Jet|p2a: TheEggMan\n|-damage|p2a: TheEggMan|83\/100\n|move|p2a: TheEggMan|Thunder Wave|p1a: Barraskewda\n|-fail|p1a: Barraskewda|par\n|\n|-heal|p2a: TheEggMan|90\/100|[from] item: Leftovers\n|upkeep\n|turn|139\n|inactive|itangood has 30 seconds left this turn.\n|inactive|CheesyChap94 has 20 seconds left this turn.\n|inactive|CheesyChap94 has 15 seconds left.\n|\n|t:|1699405652\n|move|p1a: Barraskewda|Aqua Jet|p2a: TheEggMan\n|-damage|p2a: TheEggMan|74\/100\n|move|p2a: TheEggMan|Rest|p2a: TheEggMan\n|-status|p2a: TheEggMan|slp|[from] move: Rest\n|-heal|p2a: TheEggMan|100\/100 slp|[silent]\n|\n|upkeep\n|turn|140\n|inactive|itangood has 30 seconds left this turn.\n|inactive|CheesyChap94 has 20 seconds left this turn.\n|inactive|CheesyChap94 has 15 seconds left.\n|\n|t:|1699405661\n|cant|p1a: Barraskewda|par\n|cant|p2a: TheEggMan|slp\n|\n|upkeep\n|turn|141\n|inactive|itangood has 30 seconds left this turn.\n|inactive|CheesyChap94 has 20 seconds left this turn.\n|\n|t:|1699405668\n|cant|p1a: Barraskewda|par\n|cant|p2a: TheEggMan|slp\n|\n|upkeep\n|turn|142\n|inactive|itangood has 30 seconds left this turn.\n|inactive|CheesyChap94 has 25 seconds left this turn.\n|\n|t:|1699405674\n|move|p1a: Barraskewda|Aqua Jet|p2a: TheEggMan\n|-damage|p2a: TheEggMan|84\/100 slp\n|-curestatus|p2a: TheEggMan|slp|[msg]\n|move|p2a: TheEggMan|Thunder Wave|p1a: Barraskewda\n|-fail|p1a: Barraskewda|par\n|\n|-heal|p2a: TheEggMan|90\/100|[from] item: Leftovers\n|upkeep\n|turn|143\n|inactive|itangood has 30 seconds left this turn.\n|inactive|CheesyChap94 has 30 seconds left this turn.\n|inactive|itangood has 20 seconds left.\n|\n|t:|1699405687\n|move|p1a: Barraskewda|Aqua Jet|p2a: TheEggMan\n|-damage|p2a: TheEggMan|76\/100\n|move|p2a: TheEggMan|Thunder Wave|p1a: Barraskewda\n|-fail|p1a: Barraskewda|par\n|\n|-heal|p2a: TheEggMan|82\/100|[from] item: Leftovers\n|upkeep\n|turn|144\n|inactive|itangood has 25 seconds left this turn.\n|inactive|CheesyChap94 has 30 seconds left this turn.\n|inactive|itangood has 20 seconds left.\n|inactive|itangood has 15 seconds left.\n|\n|t:|1699405698\n|move|p1a: Barraskewda|Aqua Jet|p2a: TheEggMan\n|-damage|p2a: TheEggMan|67\/100\n|move|p2a: TheEggMan|Thunder Wave|p1a: Barraskewda\n|-fail|p1a: Barraskewda|par\n|\n|-heal|p2a: TheEggMan|73\/100|[from] item: Leftovers\n|upkeep\n|turn|145\n|inactive|itangood has 20 seconds left this turn.\n|inactive|CheesyChap94 has 30 seconds left this turn.\n|inactive|itangood has 15 seconds left.\n|\n|t:|1699405708\n|move|p2a: TheEggMan|Protect|p2a: TheEggMan\n|-singleturn|p2a: TheEggMan|Protect\n|move|p1a: Barraskewda|Aqua Jet|p2a: TheEggMan\n|-activate|p2a: TheEggMan|move: Protect\n|\n|-heal|p2a: TheEggMan|79\/100|[from] item: Leftovers\n|upkeep\n|turn|146\n|inactive|itangood has 20 seconds left this turn.\n|inactive|CheesyChap94 has 30 seconds left this turn.\n|inactive|itangood has 15 seconds left.\n|inactive|itangood has 10 seconds left.\n|\n|t:|1699405718\n|move|p1a: Barraskewda|Aqua Jet|p2a: TheEggMan\n|-damage|p2a: TheEggMan|65\/100\n|move|p2a: TheEggMan|Thunder Wave|p1a: Barraskewda\n|-fail|p1a: Barraskewda|par\n|\n|-heal|p2a: TheEggMan|71\/100|[from] item: Leftovers\n|upkeep\n|turn|147\n|inactive|itangood has 15 seconds left this turn.\n|inactive|CheesyChap94 has 30 seconds left this turn.\n|inactive|itangood has 10 seconds left.\n|\n|t:|1699405728\n|cant|p1a: Barraskewda|par\n|move|p2a: TheEggMan|Thunder Wave|p1a: Barraskewda\n|-fail|p1a: Barraskewda|par\n|\n|-heal|p2a: TheEggMan|77\/100|[from] item: Leftovers\n|upkeep\n|turn|148\n|inactive|itangood has 15 seconds left this turn.\n|inactive|CheesyChap94 has 30 seconds left this turn.\n|inactive|itangood has 10 seconds left.\n|\n|t:|1699405737\n|cant|p1a: Barraskewda|par\n|move|p2a: TheEggMan|Thunder Wave|p1a: Barraskewda\n|-fail|p1a: Barraskewda|par\n|\n|-heal|p2a: TheEggMan|83\/100|[from] item: Leftovers\n|upkeep\n|turn|149\n|inactive|itangood has 15 seconds left this turn.\n|inactive|CheesyChap94 has 30 seconds left this turn.\n|inactive|itangood has 10 seconds left.\n|\n|t:|1699405747\n|move|p1a: Barraskewda|Aqua Jet|p2a: TheEggMan\n|-damage|p2a: TheEggMan|68\/100\n|move|p2a: TheEggMan|Thunder Wave|p1a: Barraskewda\n|-fail|p1a: Barraskewda|par\n|\n|-heal|p2a: TheEggMan|74\/100|[from] item: Leftovers\n|upkeep\n|turn|150\n|inactive|itangood has 15 seconds left this turn.\n|inactive|CheesyChap94 has 30 seconds left this turn.\n|inactive|itangood has 10 seconds left.\n|\n|t:|1699405757\n|move|p1a: Barraskewda|Aqua Jet|p2a: TheEggMan\n|-damage|p2a: TheEggMan|60\/100\n|move|p2a: TheEggMan|Rest|p2a: TheEggMan\n|-status|p2a: TheEggMan|slp|[from] move: Rest\n|-heal|p2a: TheEggMan|100\/100 slp|[silent]\n|\n|upkeep\n|turn|151\n|inactive|itangood has 15 seconds left this turn.\n|inactive|CheesyChap94 has 30 seconds left this turn.\n|inactive|itangood has 10 seconds left.\n|\n|t:|1699405765\n|cant|p1a: Barraskewda|par\n|cant|p2a: TheEggMan|slp\n|\n|upkeep\n|turn|152\n|inactive|itangood has 15 seconds left this turn.\n|inactive|CheesyChap94 has 30 seconds left this turn.\n|inactive|itangood has 10 seconds left.\n|\n|t:|1699405771\n|cant|p1a: Barraskewda|par\n|cant|p2a: TheEggMan|slp\n|\n|upkeep\n|turn|153\n|inactive|itangood has 15 seconds left this turn.\n|inactive|itangood has 10 seconds left.\n|\n|t:|1699405776\n|move|p1a: Barraskewda|Aqua Jet|p2a: TheEggMan\n|-damage|p2a: TheEggMan|86\/100 slp\n|-curestatus|p2a: TheEggMan|slp|[msg]\n|move|p2a: TheEggMan|Thunder Wave|p1a: Barraskewda\n|-fail|p1a: Barraskewda|par\n|\n|-heal|p2a: TheEggMan|92\/100|[from] item: Leftovers\n|upkeep\n|turn|154\n|inactive|itangood has 15 seconds left this turn.\n|inactive|itangood has 10 seconds left.\n|inactive|itangood has 5 seconds left.\n|\n|t:|1699405787\n|move|p1a: Barraskewda|Aqua Jet|p2a: TheEggMan\n|-damage|p2a: TheEggMan|77\/100\n|move|p2a: TheEggMan|Thunder Wave|p1a: Barraskewda\n|-fail|p1a: Barraskewda|par\n|\n|-heal|p2a: TheEggMan|83\/100|[from] item: Leftovers\n|upkeep\n|turn|155\n|inactive|itangood has 10 seconds left this turn.\n|inactive|itangood has 5 seconds left.\n|\n|t:|1699405796\n|move|p1a: Barraskewda|Aqua Jet|p2a: TheEggMan\n|-damage|p2a: TheEggMan|67\/100\n|move|p2a: TheEggMan|Thunder Wave|p1a: Barraskewda\n|-fail|p1a: Barraskewda|par\n|\n|-heal|p2a: TheEggMan|73\/100|[from] item: Leftovers\n|upkeep\n|turn|156\n|inactive|itangood has 10 seconds left this turn.\n|inactive|itangood has 5 seconds left.\n|\n|t:|1699405805\n|move|p1a: Barraskewda|Aqua Jet|p2a: TheEggMan\n|-damage|p2a: TheEggMan|58\/100\n|move|p2a: TheEggMan|Thunder Wave|p1a: Barraskewda\n|-fail|p1a: Barraskewda|par\n|\n|-heal|p2a: TheEggMan|65\/100|[from] item: Leftovers\n|upkeep\n|turn|157\n|inactive|itangood has 10 seconds left this turn.\n|inactive|itangood has 5 seconds left.\n|inactive|CheesyChap94 has 30 seconds left.\n|\n|t:|1699405822\n|move|p1a: Barraskewda|Aqua Jet|p2a: TheEggMan\n|-damage|p2a: TheEggMan|48\/100\n|move|p2a: TheEggMan|Thunder Wave|p1a: Barraskewda\n|-fail|p1a: Barraskewda|par\n|\n|-heal|p2a: TheEggMan|54\/100|[from] item: Leftovers\n|upkeep\n|turn|158\n|inactive|itangood has 10 seconds left this turn.\n|inactive|CheesyChap94 has 30 seconds left this turn.\n|inactive|itangood has 5 seconds left.\n|\n|t:|1699405832\n|move|p1a: Barraskewda|Aqua Jet|p2a: TheEggMan\n|-damage|p2a: TheEggMan|40\/100\n|move|p2a: TheEggMan|Rest|p2a: TheEggMan\n|-status|p2a: TheEggMan|slp|[from] move: Rest\n|-heal|p2a: TheEggMan|100\/100 slp|[silent]\n|\n|upkeep\n|turn|159\n|inactive|itangood has 10 seconds left this turn.\n|inactive|CheesyChap94 has 30 seconds left this turn.\n|inactive|itangood has 5 seconds left.\n|\n|t:|1699405839\n|cant|p1a: Barraskewda|par\n|cant|p2a: TheEggMan|slp\n|\n|upkeep\n|turn|160\n|inactive|itangood has 10 seconds left this turn.\n|inactive|CheesyChap94 has 30 seconds left this turn.\n|inactive|itangood has 5 seconds left.\n|\n|t:|1699405845\n|move|p1a: Barraskewda|Aqua Jet|p2a: TheEggMan\n|-damage|p2a: TheEggMan|86\/100 slp\n|cant|p2a: TheEggMan|slp\n|\n|-heal|p2a: TheEggMan|92\/100 slp|[from] item: Leftovers\n|upkeep\n|turn|161\n|inactive|itangood has 10 seconds left this turn.\n|inactive|itangood has 5 seconds left.\n|inactive|CheesyChap94 has 30 seconds left.\n|\n|t:|1699405853\n|move|p1a: Barraskewda|Aqua Jet|p2a: TheEggMan\n|-damage|p2a: TheEggMan|75\/100 slp\n|-curestatus|p2a: TheEggMan|slp|[msg]\n|move|p2a: TheEggMan|Thunder Wave|p1a: Barraskewda\n|-fail|p1a: Barraskewda|par\n|\n|-heal|p2a: TheEggMan|81\/100|[from] item: Leftovers\n|upkeep\n|turn|162\n|inactive|itangood has 10 seconds left this turn.\n|inactive|itangood has 5 seconds left.\n|inactive|CheesyChap94 has 30 seconds left.\n|\n|t:|1699405864\n|move|p1a: Barraskewda|Aqua Jet|p2a: TheEggMan\n|-damage|p2a: TheEggMan|67\/100\n|move|p2a: TheEggMan|Thunder Wave|p1a: Barraskewda\n|-fail|p1a: Barraskewda|par\n|\n|-heal|p2a: TheEggMan|73\/100|[from] item: Leftovers\n|upkeep\n|turn|163\n|inactive|itangood has 10 seconds left this turn.\n|inactive|CheesyChap94 has 30 seconds left this turn.\n|inactive|itangood has 5 seconds left.\n|\n|t:|1699405873\n|move|p1a: Barraskewda|Aqua Jet|p2a: TheEggMan\n|-damage|p2a: TheEggMan|58\/100\n|move|p2a: TheEggMan|Rest|p2a: TheEggMan\n|-status|p2a: TheEggMan|slp|[from] move: Rest\n|-heal|p2a: TheEggMan|100\/100 slp|[silent]\n|\n|upkeep\n|turn|164\n|inactive|itangood has 10 seconds left this turn.\n|inactive|CheesyChap94 has 30 seconds left this turn.\n|inactive|itangood has 5 seconds left.\n|inactive|CheesyChap94 has 20 seconds left.\n|inactive|CheesyChap94 has 15 seconds left.\n|\n|t:|1699405888\n|move|p1a: Barraskewda|Aqua Jet|p2a: TheEggMan\n|-damage|p2a: TheEggMan|85\/100 slp\n|cant|p2a: TheEggMan|slp\n|\n|-heal|p2a: TheEggMan|91\/100 slp|[from] item: Leftovers\n|upkeep\n|turn|165\n|inactive|itangood has 10 seconds left this turn.\n|inactive|CheesyChap94 has 20 seconds left this turn.\n|inactive|itangood has 5 seconds left.\n|inactive|CheesyChap94 has 15 seconds left.\n|c|\u2606CheesyChap94|im gonna save this replay\n|inactive|CheesyChap94 has 10 seconds left.\n|\n|t:|1699405898\n|cant|p1a: Barraskewda|par\n|cant|p2a: TheEggMan|slp\n|\n|-heal|p2a: TheEggMan|97\/100 slp|[from] item: Leftovers\n|upkeep\n|turn|166\n|inactive|itangood has 10 seconds left this turn.\n|inactive|CheesyChap94 has 15 seconds left this turn.\n|inactive|itangood has 5 seconds left.\n|inactive|CheesyChap94 has 10 seconds left.\n|\n|t:|1699405905\n|move|p1a: Barraskewda|Aqua Jet|p2a: TheEggMan\n|-damage|p2a: TheEggMan|81\/100 slp\n|-curestatus|p2a: TheEggMan|slp|[msg]\n|-activate|p2a: TheEggMan|move: Struggle\n|move|p2a: TheEggMan|Struggle|p1a: Barraskewda\n|-damage|p1a: Barraskewda|0 fnt\n|faint|p1a: Barraskewda\n|-damage|p2a: TheEggMan|56\/100|[from] recoil\n|\n|-heal|p2a: TheEggMan|62\/100|[from] item: Leftovers\n|upkeep\n|inactive|itangood has 10 seconds left this turn.\n|inactive|CheesyChap94 has 15 seconds left this turn.\n|inactive|itangood has 5 seconds left.\n|-message|itangood lost due to inactivity.\n|\n|win|CheesyChap94\n|raw|itangood's rating: 1048 &rarr; <strong>1035<\/strong><br \/>(-13 for losing)\n|raw|CheesyChap94's rating: 1134 &rarr; <strong>1153<\/strong><br \/>(+19 for winning)\n|c|\u2606CheesyChap94|YESSSS\n|c| Raichu_Gamers|GG\n|l|\u2606itangood\n|c|\u2606CheesyChap94|finally\n|c|\u2606CheesyChap94|the war is over\n","uploadtime":1699405382,"views":12,"p1id":"itangood","p2id":"cheesychap94","formatid":"gen9anythinggoes","rating":1035,"private":0,"password":""}