{"id":"gen9anythinggoes-1986999078","p1":"Chance_1313","p2":"risin_glory","format":"[Gen 9] Anything Goes","log":"|j|\u2606Chance_1313\n|j|\u2606risin_glory\n|t:|1699547849\n|gametype|singles\n|player|p1|Chance_1313|gentleman|1349\n|player|p2|risin_glory|blue-gen3champion|1544\n|teamsize|p1|6\n|teamsize|p2|6\n|gen|9\n|tier|[Gen 9] Anything Goes\n|rated|\n|rule|HP Percentage Mod: HP is shown in percentages\n|rule|Endless Battle Clause: Forcing endless battles is banned\n|clearpoke\n|poke|p1|Scizor, M|\n|poke|p1|Annihilape, M|\n|poke|p1|Breloom, F|\n|poke|p1|Volcarona, F|\n|poke|p1|Garchomp, M|\n|poke|p1|Flutter Mane|\n|poke|p2|Scizor, M|\n|poke|p2|Mimikyu, M|\n|poke|p2|Oranguru, M|\n|poke|p2|Glimmora, F|\n|poke|p2|Skeledirge, F|\n|poke|p2|Rotom-Wash|\n|teampreview\n|c|\u2606Chance_1313|nice team\n|inactive|Battle timer is ON: inactive players will automatically lose when time's up. (requested by Chance_1313)\n|inactive|risin_glory has 120 seconds left.\n|\n|t:|1699547928\n|start\n|switch|p1a: 1-up|Breloom, F|100\/100\n|switch|p2a: Glimmora|Glimmora, F|100\/100\n|turn|1\n|inactiveoff|Battle timer is now OFF.\n|\n|t:|1699547936\n|move|p2a: Glimmora|Stealth Rock|p1a: 1-up\n|-sidestart|p1: Chance_1313|move: Stealth Rock\n|move|p1a: 1-up|Bulldoze|p2a: Glimmora\n|-supereffective|p2a: Glimmora\n|-enditem|p2a: Glimmora|Focus Sash\n|-damage|p2a: Glimmora|1\/100\n|-unboost|p2a: Glimmora|spe|1\n|-activate|p2a: Glimmora|ability: Toxic Debris\n|-sidestart|p1: Chance_1313|move: Toxic Spikes\n|\n|upkeep\n|turn|2\n|\n|t:|1699547940\n|move|p1a: 1-up|Mach Punch|p2a: Glimmora\n|-damage|p2a: Glimmora|0 fnt\n|-activate|p2a: Glimmora|ability: Toxic Debris\n|-sidestart|p1: Chance_1313|move: Toxic Spikes\n|faint|p2a: Glimmora\n|\n|upkeep\n|\n|t:|1699547949\n|switch|p2a: Skeledirge|Skeledirge, F|100\/100\n|turn|3\n|\n|t:|1699547953\n|move|p1a: 1-up|Bulldoze|p2a: Skeledirge\n|-supereffective|p2a: Skeledirge\n|-crit|p2a: Skeledirge\n|-damage|p2a: Skeledirge|42\/100\n|-unboost|p2a: Skeledirge|spe|1\n|move|p2a: Skeledirge|Will-O-Wisp|p1a: 1-up\n|-status|p1a: 1-up|brn\n|\n|-damage|p1a: 1-up|94\/100 brn|[from] brn\n|upkeep\n|turn|4\n|\n|t:|1699547957\n|move|p1a: 1-up|Bulldoze|p2a: Skeledirge\n|-supereffective|p2a: Skeledirge\n|-damage|p2a: Skeledirge|22\/100\n|-unboost|p2a: Skeledirge|spe|1\n|move|p2a: Skeledirge|Slack Off|p2a: Skeledirge\n|-heal|p2a: Skeledirge|73\/100\n|\n|-damage|p1a: 1-up|88\/100 brn|[from] brn\n|upkeep\n|turn|5\n|\n|t:|1699547961\n|move|p1a: 1-up|Bulldoze|p2a: Skeledirge\n|-supereffective|p2a: Skeledirge\n|-damage|p2a: Skeledirge|52\/100\n|-unboost|p2a: Skeledirge|spe|1\n|move|p2a: Skeledirge|Torch Song|p1a: 1-up\n|-supereffective|p1a: 1-up\n|-damage|p1a: 1-up|0 fnt\n|-boost|p2a: Skeledirge|spa|1\n|faint|p1a: 1-up\n|\n|upkeep\n|\n|t:|1699547968\n|switch|p1a: Fang|Garchomp, M|100\/100\n|-damage|p1a: Fang|94\/100|[from] Stealth Rock\n|-status|p1a: Fang|tox\n|turn|6\n|\n|t:|1699547971\n|switch|p2a: Rotom|Rotom-Wash|100\/100\n|move|p1a: Fang|Earthquake|p2a: Rotom\n|-immune|p2a: Rotom|[from] ability: Levitate\n|\n|-damage|p1a: Fang|88\/100 tox|[from] psn\n|upkeep\n|turn|7\n|\n|t:|1699547979\n|-terastallize|p2a: Rotom|Ice\n|move|p2a: Rotom|Tera Blast|p1a: Fang|[anim] Tera Blast Ice\n|-supereffective|p1a: Fang\n|-damage|p1a: Fang|0 fnt\n|faint|p1a: Fang\n|\n|upkeep\n|\n|t:|1699547986\n|switch|p1a: safety|Scizor, M|100\/100\n|-damage|p1a: safety|88\/100|[from] Stealth Rock\n|turn|8\n|\n|t:|1699548013\n|switch|p2a: Skeledirge|Skeledirge, F|52\/100\n|move|p1a: safety|Bullet Punch|p2a: Skeledirge\n|-resisted|p2a: Skeledirge\n|-damage|p2a: Skeledirge|43\/100\n|\n|upkeep\n|turn|9\n|c|\u2606Chance_1313|your the only smart ag player\n|\n|t:|1699548025\n|switch|p1a: GUN|Volcarona, F|100\/100\n|-damage|p1a: GUN|51\/100|[from] Stealth Rock\n|-status|p1a: GUN|tox\n|move|p2a: Skeledirge|Slack Off|p2a: Skeledirge\n|-heal|p2a: Skeledirge|93\/100\n|\n|-damage|p1a: GUN|45\/100 tox|[from] psn\n|upkeep\n|turn|10\n|c|\u2606Chance_1313|oops\n|\n|t:|1699548066\n|move|p1a: GUN|Air Slash|p2a: Skeledirge\n|-damage|p2a: Skeledirge|52\/100\n|cant|p2a: Skeledirge|flinch\n|\n|-damage|p1a: GUN|32\/100 tox|[from] psn\n|upkeep\n|turn|11\n|\n|t:|1699548072\n|switch|p2a: Rotom|Rotom-Wash, tera:Ice|100\/100\n|move|p1a: GUN|Air Slash|p2a: Rotom\n|-damage|p2a: Rotom|45\/100\n|\n|-damage|p1a: GUN|14\/100 tox|[from] psn\n|upkeep\n|turn|12\n|\n|t:|1699548075\n|move|p2a: Rotom|Volt Switch|p1a: GUN\n|-damage|p1a: GUN|0 fnt\n|faint|p1a: GUN\n|\n|t:|1699548083\n|switch|p2a: Scizor|Scizor, M|100\/100|[from] Volt Switch\n|\n|upkeep\n|\n|t:|1699548087\n|switch|p1a: Flo|Flutter Mane|100\/100\n|-damage|p1a: Flo|88\/100|[from] Stealth Rock\n|-status|p1a: Flo|tox\n|-enditem|p1a: Flo|Booster Energy\n|-activate|p1a: Flo|ability: Protosynthesis|[fromitem]\n|-start|p1a: Flo|protosynthesisspa\n|turn|13\n|\n|t:|1699548096\n|-terastallize|p1a: Flo|Steel\n|move|p2a: Scizor|Bullet Punch|p1a: Flo\n|-resisted|p1a: Flo\n|-damage|p1a: Flo|30\/100 tox\n|move|p1a: Flo|Mystical Fire|p2a: Scizor\n|-supereffective|p2a: Scizor\n|-damage|p2a: Scizor|0 fnt\n|faint|p2a: Scizor\n|\n|-damage|p1a: Flo|24\/100 tox|[from] psn\n|upkeep\n|c|\u2606Chance_1313|woah\n|\n|t:|1699548107\n|switch|p2a: Rotom|Rotom-Wash, tera:Ice|45\/100\n|turn|14\n|\n|t:|1699548110\n|move|p2a: Rotom|Volt Switch|p1a: Flo\n|-damage|p1a: Flo|0 fnt\n|faint|p1a: Flo\n|-end|p1a: Flo|Protosynthesis|[silent]\n|\n|t:|1699548114\n|switch|p2a: Skeledirge|Skeledirge, F|52\/100|[from] Volt Switch\n|\n|upkeep\n|\n|t:|1699548118\n|switch|p1a: Emo Ape|Annihilape, M|100\/100\n|-damage|p1a: Emo Ape|94\/100|[from] Stealth Rock\n|-status|p1a: Emo Ape|tox\n|turn|15\n|\n|t:|1699548124\n|move|p1a: Emo Ape|Rage Fist|p2a: Skeledirge\n|-supereffective|p2a: Skeledirge\n|-damage|p2a: Skeledirge|22\/100\n|move|p2a: Skeledirge|Will-O-Wisp||[still]\n|-fail|p2a: Skeledirge\n|\n|-heal|p1a: Emo Ape|100\/100 tox|[from] item: Leftovers\n|-damage|p1a: Emo Ape|94\/100 tox|[from] psn\n|upkeep\n|turn|16\n|c|\u2606risin_glory|Scizor hits too hard\n|c|\u2606risin_glory|And I am dumb lmao\n|c|\u2606Chance_1313|yeah can agree\n|\n|t:|1699548141\n|switch|p2a: Oranguru|Oranguru, M|100\/100\n|move|p1a: Emo Ape|Rage Fist|p2a: Oranguru\n|-immune|p2a: Oranguru\n|\n|-heal|p1a: Emo Ape|100\/100 tox|[from] item: Leftovers\n|-damage|p1a: Emo Ape|88\/100 tox|[from] psn\n|upkeep\n|turn|17\n|c|\u2606Chance_1313|with the scizor part\n|\n|t:|1699548154\n|move|p1a: Emo Ape|Night Slash|p2a: Oranguru\n|-supereffective|p2a: Oranguru\n|-crit|p2a: Oranguru\n|-damage|p2a: Oranguru|28\/100\n|move|p2a: Oranguru|Psychic|p1a: Emo Ape\n|-supereffective|p1a: Emo Ape\n|-damage|p1a: Emo Ape|19\/100 tox\n|\n|-heal|p1a: Emo Ape|25\/100 tox|[from] item: Leftovers\n|-heal|p2a: Oranguru|34\/100|[from] item: Leftovers\n|-damage|p1a: Emo Ape|6\/100 tox|[from] psn\n|upkeep\n|turn|18\n|c|\u2606risin_glory|Ye figures\n|\n|t:|1699548165\n|move|p1a: Emo Ape|Drain Punch|p2a: Oranguru\n|-damage|p2a: Oranguru|0 fnt\n|-heal|p1a: Emo Ape|22\/100 tox|[from] drain|[of] p2a: Oranguru\n|faint|p2a: Oranguru\n|\n|-heal|p1a: Emo Ape|28\/100 tox|[from] item: Leftovers\n|-damage|p1a: Emo Ape|3\/100 tox|[from] psn\n|upkeep\n|\n|t:|1699548170\n|switch|p2a: Rotom|Rotom-Wash, tera:Ice|45\/100\n|turn|19\n|\n|t:|1699548176\n|switch|p1a: safety|Scizor, M|88\/100\n|-damage|p1a: safety|76\/100|[from] Stealth Rock\n|move|p2a: Rotom|Volt Switch|p1a: safety\n|-crit|p1a: safety\n|-damage|p1a: safety|33\/100\n|c|\u2606risin_glory|Ggwp\n|c|\u2606Chance_1313|yeah\n|\n|t:|1699548183\n|switch|p2a: Skeledirge|Skeledirge, F|22\/100|[from] Volt Switch\n|\n|upkeep\n|turn|20\n|\n|t:|1699548186\n|move|p1a: safety|Bullet Punch|p2a: Skeledirge\n|-resisted|p2a: Skeledirge\n|-damage|p2a: Skeledirge|14\/100\n|move|p2a: Skeledirge|Slack Off|p2a: Skeledirge\n|-heal|p2a: Skeledirge|64\/100\n|\n|upkeep\n|turn|21\n|\n|t:|1699548190\n|move|p1a: safety|Pounce|p2a: Skeledirge\n|-resisted|p2a: Skeledirge\n|-damage|p2a: Skeledirge|58\/100\n|-unboost|p2a: Skeledirge|spe|1\n|move|p2a: Skeledirge|Slack Off|p2a: Skeledirge\n|-heal|p2a: Skeledirge|100\/100\n|\n|upkeep\n|turn|22\n|\n|t:|1699548195\n|move|p1a: safety|Pounce|p2a: Skeledirge\n|-resisted|p2a: Skeledirge\n|-damage|p2a: Skeledirge|94\/100\n|-unboost|p2a: Skeledirge|spe|1\n|move|p2a: Skeledirge|Torch Song|p1a: safety\n|-supereffective|p1a: safety\n|-damage|p1a: safety|0 fnt\n|-boost|p2a: Skeledirge|spa|1\n|faint|p1a: safety\n|\n|upkeep\n|\n|t:|1699548198\n|switch|p1a: Emo Ape|Annihilape, M|3\/100 tox\n|-damage|p1a: Emo Ape|0 fnt|[from] Stealth Rock\n|faint|p1a: Emo Ape\n|\n|win|risin_glory\n|raw|Chance_1313's rating: 1349 &rarr; <strong>1339<\/strong><br \/>(-10 for losing)\n|raw|risin_glory's rating: 1544 &rarr; <strong>1554<\/strong><br \/>(+10 for winning)\n|c|\u2606Chance_1313|gg\n|c|\u2606Chance_1313|wp\n","uploadtime":1699548209,"views":5,"p1id":"chance1313","p2id":"risinglory","formatid":"gen9anythinggoes","rating":1339,"private":0,"password":""}