{"id":"gen9anythinggoes-1974255181","p1":"Grafikey","p2":"loch2009","format":"[Gen 9] Anything Goes","log":"|j|\u2606Grafikey\n|j|\u2606loch2009\n|t:|1698072402\n|gametype|singles\n|player|p1|Grafikey|1|1353\n|player|p2|loch2009|cynthia-gen4|1289\n|teamsize|p1|6\n|teamsize|p2|6\n|gen|9\n|tier|[Gen 9] Anything Goes\n|rated|\n|rule|HP Percentage Mod: HP is shown in percentages\n|rule|Endless Battle Clause: Forcing endless battles is banned\n|clearpoke\n|poke|p1|Torterra, M|\n|poke|p1|Kyogre|\n|poke|p1|Glimmora, M|\n|poke|p1|Ursaluna-Bloodmoon, M|\n|poke|p1|Brambleghast, F|\n|poke|p1|Eiscue, M|\n|poke|p2|Tyranitar, M|\n|poke|p2|Miraidon|\n|poke|p2|Iron Bundle|\n|poke|p2|Garchomp, M|\n|poke|p2|Dragapult, F|\n|poke|p2|Ribombee, F|\n|teampreview\n|\n|t:|1698072414\n|start\n|switch|p1a: Glimmora|Glimmora, M|100\/100\n|switch|p2a: Garchomp|Garchomp, M|100\/100\n|turn|1\n|\n|t:|1698072422\n|move|p2a: Garchomp|Stealth Rock|p1a: Glimmora\n|-sidestart|p1: Grafikey|move: Stealth Rock\n|move|p1a: Glimmora|Toxic Spikes|p2a: Garchomp\n|-sidestart|p2: loch2009|move: Toxic Spikes\n|\n|upkeep\n|turn|2\n|\n|t:|1698072430\n|move|p2a: Garchomp|Earthquake|p1a: Glimmora\n|-supereffective|p1a: Glimmora\n|-enditem|p1a: Glimmora|Focus Sash\n|-damage|p1a: Glimmora|1\/100\n|-activate|p1a: Glimmora|ability: Toxic Debris\n|-sidestart|p2: loch2009|move: Toxic Spikes\n|move|p1a: Glimmora|Mortal Spin|p2a: Garchomp\n|-resisted|p2a: Garchomp\n|-damage|p2a: Garchomp|97\/100\n|-status|p2a: Garchomp|psn\n|-damage|p1a: Glimmora|0 fnt|[from] ability: Rough Skin|[of] p2a: Garchomp\n|faint|p1a: Glimmora\n|\n|-damage|p2a: Garchomp|85\/100 psn|[from] psn\n|upkeep\n|\n|t:|1698072445\n|switch|p1a: Brambleghast|Brambleghast, F|100\/100\n|turn|3\n|\n|t:|1698072450\n|move|p2a: Garchomp|Crunch|p1a: Brambleghast\n|-supereffective|p1a: Brambleghast\n|-damage|p1a: Brambleghast|0 fnt\n|faint|p1a: Brambleghast\n|\n|-damage|p2a: Garchomp|72\/100 psn|[from] psn\n|upkeep\n|\n|t:|1698072456\n|switch|p1a: Eiscue|Eiscue, M|100\/100\n|-damage|p1a: Eiscue|76\/100|[from] Stealth Rock\n|turn|4\n|\n|t:|1698072463\n|move|p2a: Garchomp|Earthquake|p1a: Eiscue\n|-activate|p1a: Eiscue|ability: Ice Face\n|-damage|p1a: Eiscue|76\/100\n|detailschange|p1a: Eiscue|Eiscue-Noice, M\n|move|p1a: Eiscue|Avalanche|p2a: Garchomp\n|-supereffective|p2a: Garchomp\n|-damage|p2a: Garchomp|0 fnt\n|-damage|p1a: Eiscue|63\/100|[from] ability: Rough Skin|[of] p2a: Garchomp\n|faint|p2a: Garchomp\n|\n|upkeep\n|\n|t:|1698072471\n|switch|p2a: Dragapult|Dragapult, F|100\/100\n|-status|p2a: Dragapult|tox\n|turn|5\n|\n|t:|1698072477\n|move|p2a: Dragapult|Flamethrower|p1a: Eiscue\n|-supereffective|p1a: Eiscue\n|-damage|p1a: Eiscue|0 fnt\n|faint|p1a: Eiscue\n|\n|-damage|p2a: Dragapult|95\/100 tox|[from] psn\n|upkeep\n|\n|t:|1698072486\n|switch|p1a: Torterra|Torterra, M|100\/100\n|-damage|p1a: Torterra|94\/100|[from] Stealth Rock\n|turn|6\n|\n|t:|1698072493\n|-terastallize|p1a: Torterra|Ground\n|move|p2a: Dragapult|Flamethrower|p1a: Torterra\n|-damage|p1a: Torterra|45\/100\n|move|p1a: Torterra|Shell Smash|p1a: Torterra\n|-unboost|p1a: Torterra|def|1\n|-unboost|p1a: Torterra|spd|1\n|-boost|p1a: Torterra|atk|2\n|-boost|p1a: Torterra|spa|2\n|-boost|p1a: Torterra|spe|2\n|-enditem|p1a: Torterra|White Herb\n|-clearnegativeboost|p1a: Torterra|[silent]\n|\n|-damage|p2a: Dragapult|83\/100 tox|[from] psn\n|upkeep\n|turn|7\n|\n|t:|1698072505\n|move|p2a: Dragapult|Flamethrower|p1a: Torterra\n|-damage|p1a: Torterra|0 fnt\n|faint|p1a: Torterra\n|\n|-damage|p2a: Dragapult|65\/100 tox|[from] psn\n|upkeep\n|-message|Grafikey forfeited.\n|\n|win|loch2009\n|raw|Grafikey's rating: 1353 &rarr; <strong>1329<\/strong><br \/>(-24 for losing)\n|raw|loch2009's rating: 1289 &rarr; <strong>1319<\/strong><br \/>(+30 for winning)\n|l|\u2606Grafikey\n|c|\u2606loch2009|not max speed\n","uploadtime":1698072517,"views":12,"p1id":"grafikey","p2id":"loch2009","formatid":"gen9anythinggoes","rating":1319,"private":0,"password":""}