{"id":"gen9anythinggoes-1980639710","p1":"RuFF5217","p2":"Mattattac","format":"[Gen 9] Anything Goes","log":"|j|\u2606RuFF5217\n|j|\u2606Mattattac\n|t:|1698806435\n|gametype|singles\n|player|p1|RuFF5217|steven|1174\n|player|p2|Mattattac|nate|1130\n|teamsize|p1|6\n|teamsize|p2|6\n|gen|9\n|tier|[Gen 9] Anything Goes\n|rated|\n|rule|HP Percentage Mod: HP is shown in percentages\n|rule|Endless Battle Clause: Forcing endless battles is banned\n|clearpoke\n|poke|p1|Urshifu-*, M|\n|poke|p1|Spectrier|\n|poke|p1|Zacian-*|\n|poke|p1|Ogerpon-Hearthflame, F|\n|poke|p1|Greninja-*, M|\n|poke|p1|Iron Hands|\n|poke|p2|Calyrex-Shadow|\n|poke|p2|Great Tusk|\n|poke|p2|Volcarona, M|\n|poke|p2|Darkrai|\n|poke|p2|Ogerpon-Hearthflame, F|\n|poke|p2|Greninja-*, M|\n|teampreview\n|c|\u2606Mattattac|yo\n|c|\u2606Mattattac|no caly shadow?\n|c|\u2606Mattattac|just normal spectrier?\n|\n|t:|1698806467\n|start\n|switch|p1a: Spectrier|Spectrier|100\/100\n|switch|p2a: Calyrex|Calyrex-Shadow|100\/100\n|-ability|p2a: Calyrex|As One\n|-ability|p2a: Calyrex|Unnerve\n|turn|1\n|\n|t:|1698806492\n|-terastallize|p2a: Calyrex|Fairy\n|move|p2a: Calyrex|Tera Blast|p1a: Spectrier|[anim] Tera Blast Fairy\n|-damage|p1a: Spectrier|4\/100\n|move|p1a: Spectrier|Shadow Ball|p2a: Calyrex\n|-damage|p2a: Calyrex|55\/100\n|\n|upkeep\n|turn|2\n|\n|t:|1698806507\n|move|p2a: Calyrex|Tera Blast|p1a: Spectrier|[anim] Tera Blast Fairy\n|-damage|p1a: Spectrier|0 fnt\n|faint|p1a: Spectrier\n|-ability|p2a: Calyrex|Grim Neigh|boost\n|-boost|p2a: Calyrex|spa|1\n|\n|upkeep\n|\n|t:|1698806516\n|switch|p1a: Zacian|Zacian-Crowned|100\/100\n|-ability|p1a: Zacian|Intrepid Sword|boost\n|-boost|p1a: Zacian|atk|1\n|turn|3\n|\n|t:|1698806522\n|move|p2a: Calyrex|Tera Blast|p1a: Zacian|[anim] Tera Blast Fairy\n|-resisted|p1a: Zacian\n|-damage|p1a: Zacian|51\/100\n|move|p1a: Zacian|Behemoth Blade|p2a: Calyrex\n|-supereffective|p2a: Calyrex\n|-damage|p2a: Calyrex|0 fnt\n|faint|p2a: Calyrex\n|\n|upkeep\n|\n|t:|1698806526\n|switch|p2a: Volcarona|Volcarona, M, shiny|100\/100\n|turn|4\n|\n|t:|1698806534\n|switch|p1a: Greninja|Greninja, M|100\/100\n|move|p2a: Volcarona|Quiver Dance|p2a: Volcarona\n|-boost|p2a: Volcarona|spa|1\n|-boost|p2a: Volcarona|spd|1\n|-boost|p2a: Volcarona|spe|1\n|\n|upkeep\n|turn|5\n|\n|t:|1698806543\n|move|p2a: Volcarona|Bug Buzz|p1a: Greninja\n|-supereffective|p1a: Greninja\n|-damage|p1a: Greninja|0 fnt\n|faint|p1a: Greninja\n|\n|upkeep\n|\n|t:|1698806554\n|switch|p1a: Urshifu|Urshifu-Rapid-Strike, M|100\/100\n|turn|6\n|\n|t:|1698806562\n|move|p2a: Volcarona|Bug Buzz|p1a: Urshifu\n|-resisted|p1a: Urshifu\n|-damage|p1a: Urshifu|40\/100\n|move|p1a: Urshifu|Surging Strikes|p2a: Volcarona\n|-supereffective|p2a: Volcarona\n|-crit|p2a: Volcarona\n|-damage|p2a: Volcarona|36\/100\n|-supereffective|p2a: Volcarona\n|-crit|p2a: Volcarona\n|-damage|p2a: Volcarona|0 fnt\n|faint|p2a: Volcarona\n|-hitcount|p2: Volcarona|2\n|\n|upkeep\n|\n|t:|1698806571\n|switch|p2a: Ogerpon|Ogerpon-Hearthflame, F|100\/100\n|-ability|p2a: Ogerpon|Mold Breaker\n|turn|7\n|\n|t:|1698806579\n|move|p2a: Ogerpon|Swords Dance|p2a: Ogerpon\n|-boost|p2a: Ogerpon|atk|2\n|move|p1a: Urshifu|Chilling Water|p2a: Ogerpon\n|-damage|p2a: Ogerpon|86\/100\n|-unboost|p2a: Ogerpon|atk|1\n|\n|upkeep\n|turn|8\n|\n|t:|1698806601\n|switch|p1a: Iron Hands|Iron Hands|100\/100\n|move|p2a: Ogerpon|Trailblaze|p1a: Iron Hands\n|-damage|p1a: Iron Hands|71\/100\n|-boost|p2a: Ogerpon|spe|1\n|\n|upkeep\n|turn|9\n|\n|t:|1698806609\n|move|p2a: Ogerpon|Ivy Cudgel|p1a: Iron Hands\n|-crit|p1a: Iron Hands\n|-damage|p1a: Iron Hands|0 fnt\n|faint|p1a: Iron Hands\n|-end|p1a: Iron Hands|Quark Drive|[silent]\n|\n|upkeep\n|\n|t:|1698806614\n|switch|p1a: Zacian|Zacian-Crowned|51\/100\n|turn|10\n|\n|t:|1698806619\n|move|p2a: Ogerpon|Ivy Cudgel|p1a: Zacian\n|-supereffective|p1a: Zacian\n|-damage|p1a: Zacian|0 fnt\n|faint|p1a: Zacian\n|\n|upkeep\n|\n|t:|1698806620\n|switch|p1a: Urshifu|Urshifu-Rapid-Strike, M|40\/100\n|turn|11\n|c|\u2606Mattattac|yeah gg\n|\n|t:|1698806630\n|move|p2a: Ogerpon|Trailblaze|p1a: Urshifu\n|-supereffective|p1a: Urshifu\n|-damage|p1a: Urshifu|0 fnt\n|-boost|p2a: Ogerpon|spe|1\n|faint|p1a: Urshifu\n|\n|upkeep\n|\n|t:|1698806637\n|switch|p1a: Ogerpon|Ogerpon-Hearthflame, F|100\/100\n|-ability|p1a: Ogerpon|Mold Breaker\n|turn|12\n|\n|t:|1698806653\n|-terastallize|p1a: Ogerpon|Fire\n|detailschange|p1a: Ogerpon|Ogerpon-Hearthflame-Tera, F, tera:Fire\n|-ability|p1a: Ogerpon|Embody Aspect (Hearthflame)|boost\n|-boost|p1a: Ogerpon|atk|1\n|move|p2a: Ogerpon|Ivy Cudgel|p1a: Ogerpon\n|-resisted|p1a: Ogerpon\n|-crit|p1a: Ogerpon\n|-damage|p1a: Ogerpon|0 fnt\n|faint|p1a: Ogerpon\n|\n|win|Mattattac\n|raw|RuFF5217's rating: 1174 &rarr; <strong>1146<\/strong><br \/>(-28 for losing)\n|raw|Mattattac's rating: 1130 &rarr; <strong>1158<\/strong><br \/>(+28 for winning)\n|l|\u2606RuFF5217\n","uploadtime":1698806659,"views":10,"p1id":"ruff5217","p2id":"mattattac","formatid":"gen9anythinggoes","rating":1146,"private":0,"password":""}