{"id":"gen9anythinggoes-1999011159","p1":"Vironyx","p2":"YoungEsq","format":"[Gen 9] Anything Goes","log":"|j|\u2606Vironyx\n|j|\u2606YoungEsq\n|t:|1701023647\n|gametype|singles\n|player|p1|Vironyx|elesa|1168\n|player|p2|YoungEsq|170|1287\n|teamsize|p1|6\n|teamsize|p2|6\n|gen|9\n|tier|[Gen 9] Anything Goes\n|rated|\n|rule|HP Percentage Mod: HP is shown in percentages\n|rule|Endless Battle Clause: Forcing endless battles is banned\n|clearpoke\n|poke|p1|Azumarill, M|\n|poke|p1|Maushold-Four|\n|poke|p1|Garganacl, F|\n|poke|p1|Baxcalibur, F|\n|poke|p1|Zoroark, M|\n|poke|p1|Gliscor, M|\n|poke|p2|Ting-Lu|\n|poke|p2|Gholdengo|\n|poke|p2|Roaring Moon|\n|poke|p2|Chi-Yu|\n|poke|p2|Samurott-Hisui, M|\n|poke|p2|Mandibuzz, F|\n|teampreview\n|inactive|Battle timer is ON: inactive players will automatically lose when time's up. (requested by YoungEsq)\n|\n|t:|1701023652\n|start\n|switch|p1a: Azumarill|Azumarill, M|100\/100\n|switch|p2a: Ting-Lu|Ting-Lu|100\/100\n|-ability|p2a: Ting-Lu|Vessel of Ruin\n|turn|1\n|\n|t:|1701023660\n|move|p1a: Azumarill|Perish Song|p1a: Azumarill\n|-start|p1a: Azumarill|perish3|[silent]\n|-start|p2a: Ting-Lu|perish3|[silent]\n|-fieldactivate|move: Perish Song\n|move|p2a: Ting-Lu|Whirlwind|p1a: Azumarill\n|drag|p1a: Gliscor|Gliscor, M|100\/100\n|\n|-start|p2a: Ting-Lu|perish3\n|upkeep\n|turn|2\n|\n|t:|1701023682\n|switch|p2a: Samurott|Samurott-Hisui, M|100\/100\n|move|p1a: Gliscor|Knock Off|p2a: Samurott\n|-resisted|p2a: Samurott\n|-damage|p2a: Samurott|74\/100\n|-enditem|p2a: Samurott|Roseli Berry|[from] move: Knock Off|[of] p1a: Gliscor\n|\n|upkeep\n|turn|3\n|inactive|Vironyx has 120 seconds left.\n|\n|t:|1701023709\n|move|p1a: Gliscor|Copycat|p1a: Gliscor\n|move|p1a: Gliscor|Knock Off|p2a: Samurott|[from]move: Copycat\n|-resisted|p2a: Samurott\n|-damage|p2a: Samurott|56\/100\n|move|p2a: Samurott|Ceaseless Edge|p1a: Gliscor\n|-resisted|p1a: Gliscor\n|-damage|p1a: Gliscor|58\/100\n|replace|p1a: Zoroark|Zoroark, M\n|-end|p1a: Zoroark|Illusion\n|-sidestart|p1: Vironyx|Spikes\n|\n|upkeep\n|turn|4\n|inactive|Vironyx has 120 seconds left.\n|\n|t:|1701023723\n|move|p1a: Zoroark|Sucker Punch|p2a: Samurott\n|-resisted|p2a: Samurott\n|-damage|p2a: Samurott|38\/100\n|move|p2a: Samurott|Ceaseless Edge|p1a: Zoroark\n|-resisted|p1a: Zoroark\n|-damage|p1a: Zoroark|19\/100\n|-sidestart|p1: Vironyx|Spikes\n|-enditem|p1a: Zoroark|Sitrus Berry|[eat]\n|-heal|p1a: Zoroark|44\/100|[from] item: Sitrus Berry\n|\n|upkeep\n|turn|5\n|inactive|Vironyx has 120 seconds left.\n|\n|t:|1701023738\n|move|p1a: Zoroark|Shadow Claw|p2a: Samurott\n|-resisted|p2a: Samurott\n|-damage|p2a: Samurott|26\/100\n|move|p2a: Samurott|Ceaseless Edge|p1a: Zoroark\n|-resisted|p1a: Zoroark\n|-damage|p1a: Zoroark|0 fnt\n|-sidestart|p1: Vironyx|Spikes\n|faint|p1a: Zoroark\n|\n|upkeep\n|\n|t:|1701023747\n|switch|p1a: Azumarill|Azumarill, M|100\/100\n|-damage|p1a: Azumarill|75\/100|[from] Spikes\n|turn|6\n|inactive|Vironyx has 120 seconds left.\n|\n|t:|1701023757\n|switch|p2a: Mandibuzz|Mandibuzz, F|100\/100\n|move|p1a: Azumarill|Perish Song|p1a: Azumarill\n|-start|p1a: Azumarill|perish3|[silent]\n|-start|p2a: Mandibuzz|perish3|[silent]\n|-fieldactivate|move: Perish Song\n|\n|-start|p2a: Mandibuzz|perish3\n|-start|p1a: Azumarill|perish3\n|upkeep\n|turn|7\n|\n|t:|1701023765\n|move|p1a: Azumarill|Protect|p1a: Azumarill\n|-singleturn|p1a: Azumarill|Protect\n|move|p2a: Mandibuzz|Toxic|p1a: Azumarill\n|-activate|p1a: Azumarill|move: Protect\n|\n|-start|p2a: Mandibuzz|perish2\n|-start|p1a: Azumarill|perish2\n|upkeep\n|turn|8\n|\n|t:|1701023774\n|move|p2a: Mandibuzz|Toxic|p1a: Azumarill\n|-status|p1a: Azumarill|tox\n|move|p1a: Azumarill|Light Screen|p1a: Azumarill\n|-sidestart|p1: Vironyx|move: Light Screen\n|\n|-damage|p1a: Azumarill|69\/100 tox|[from] psn\n|-start|p2a: Mandibuzz|perish1\n|-start|p1a: Azumarill|perish1\n|upkeep\n|turn|9\n|\n|t:|1701023785\n|switch|p2a: Ting-Lu|Ting-Lu|100\/100\n|-ability|p2a: Ting-Lu|Vessel of Ruin\n|move|p1a: Azumarill|Belly Drum|p1a: Azumarill\n|-damage|p1a: Azumarill|19\/100 tox\n|-setboost|p1a: Azumarill|atk|6|[from] move: Belly Drum\n|\n|-damage|p1a: Azumarill|7\/100 tox|[from] psn\n|-start|p1a: Azumarill|perish0\n|faint|p1a: Azumarill\n|upkeep\n|\n|t:|1701023796\n|switch|p1a: Maushold|Maushold-Four|100\/100\n|-damage|p1a: Maushold|76\/100|[from] Spikes\n|turn|10\n|\n|t:|1701023803\n|move|p1a: Maushold|Copycat|p1a: Maushold\n|move|p1a: Maushold|Belly Drum|p1a: Maushold|[from]move: Copycat\n|-damage|p1a: Maushold|26\/100\n|-setboost|p1a: Maushold|atk|6|[from] move: Belly Drum\n|-enditem|p1a: Maushold|Sitrus Berry|[eat]\n|-heal|p1a: Maushold|51\/100|[from] item: Sitrus Berry\n|move|p2a: Ting-Lu|Earthquake|p1a: Maushold\n|-damage|p1a: Maushold|0 fnt\n|faint|p1a: Maushold\n|\n|upkeep\n|-message|Vironyx forfeited.\n|\n|win|YoungEsq\n|raw|Vironyx's rating: 1168 &rarr; <strong>1151<\/strong><br \/>(-17 for losing)\n|raw|YoungEsq's rating: 1287 &rarr; <strong>1304<\/strong><br \/>(+17 for winning)\n|l|\u2606Vironyx\n","uploadtime":1701023821,"views":0,"p1id":"vironyx","p2id":"youngesq","formatid":"gen9anythinggoes","rating":1151,"private":0,"password":""}