{"id":"gen9anythinggoes-1983962729","p1":"Max345","p2":"yooup yooup","format":"[Gen 9] Anything Goes","log":"|j|\u2606Max345\n|j|\u2606yooup yooup\n|t:|1699204605\n|gametype|singles\n|player|p1|Max345|hilbert|1216\n|player|p2|yooup yooup|1|1197\n|teamsize|p1|6\n|teamsize|p2|6\n|gen|9\n|tier|[Gen 9] Anything Goes\n|rated|\n|rule|HP Percentage Mod: HP is shown in percentages\n|rule|Endless Battle Clause: Forcing endless battles is banned\n|clearpoke\n|poke|p1|Armarouge, M|\n|poke|p1|Drednaw, F|\n|poke|p1|Abomasnow, M|\n|poke|p1|Gallade, M|\n|poke|p1|Meowscarada, M|\n|poke|p1|Iron Valiant|\n|poke|p2|Ribombee, M|\n|poke|p2|Kyogre|\n|poke|p2|Kingambit, F|\n|poke|p2|Arceus|\n|poke|p2|Clodsire, M|\n|poke|p2|Skeledirge, F|\n|teampreview\n|\n|t:|1699204609\n|start\n|switch|p1a: Goliath|Abomasnow, M|100\/100\n|switch|p2a: Ribombee|Ribombee, M|100\/100\n|-weather|Snow|[from] ability: Snow Warning|[of] p1a: Goliath\n|turn|1\n|\n|t:|1699204620\n|move|p2a: Ribombee|Sticky Web|p1a: Goliath\n|-sidestart|p1: Max345|move: Sticky Web\n|move|p1a: Goliath|Aurora Veil|p1a: Goliath\n|-sidestart|p1: Max345|move: Aurora Veil\n|\n|-weather|Snow|[upkeep]\n|upkeep\n|turn|2\n|\n|t:|1699204631\n|switch|p2a: Arceus|Arceus|100\/100\n|move|p1a: Goliath|Swords Dance|p1a: Goliath\n|-boost|p1a: Goliath|atk|2\n|\n|-weather|Snow|[upkeep]\n|upkeep\n|turn|3\n|\n|t:|1699204640\n|switch|p2a: Skeledirge|Skeledirge, F|100\/100\n|move|p1a: Goliath|Wood Hammer|p2a: Skeledirge\n|-resisted|p2a: Skeledirge\n|-damage|p2a: Skeledirge|85\/100\n|-damage|p1a: Goliath|95\/100|[from] Recoil\n|\n|-weather|Snow|[upkeep]\n|-heal|p2a: Skeledirge|91\/100|[from] item: Leftovers\n|upkeep\n|turn|4\n|\n|t:|1699204653\n|switch|p1a: Kamex|Drednaw, F|100\/100\n|-activate|p1a: Kamex|move: Sticky Web\n|-unboost|p1a: Kamex|spe|1\n|move|p2a: Skeledirge|Torch Song|p1a: Kamex\n|-resisted|p1a: Kamex\n|-damage|p1a: Kamex|96\/100\n|-boost|p2a: Skeledirge|spa|1\n|\n|-weather|Snow|[upkeep]\n|-heal|p2a: Skeledirge|97\/100|[from] item: Leftovers\n|upkeep\n|turn|5\n|\n|t:|1699204668\n|move|p2a: Skeledirge|Will-O-Wisp|p1a: Kamex\n|-status|p1a: Kamex|brn\n|-enditem|p1a: Kamex|Rawst Berry|[eat]\n|-curestatus|p1a: Kamex|brn|[msg]\n|move|p1a: Kamex|Jaw Lock|p2a: Skeledirge\n|-supereffective|p2a: Skeledirge\n|-damage|p2a: Skeledirge|22\/100\n|-activate|p1a: Kamex|trapped\n|\n|-weather|none\n|-heal|p2a: Skeledirge|28\/100|[from] item: Leftovers\n|upkeep\n|turn|6\n|\n|t:|1699204687\n|move|p2a: Skeledirge|Will-O-Wisp|p1a: Kamex\n|-status|p1a: Kamex|brn\n|move|p1a: Kamex|Liquidation|p2a: Skeledirge\n|-supereffective|p2a: Skeledirge\n|-damage|p2a: Skeledirge|0 fnt\n|faint|p2a: Skeledirge\n|\n|-damage|p1a: Kamex|90\/100 brn|[from] brn\n|upkeep\n|\n|t:|1699204692\n|switch|p2a: Kyogre|Kyogre|100\/100\n|-weather|RainDance|[from] ability: Drizzle|[of] p2a: Kyogre\n|turn|7\n|\n|t:|1699204702\n|move|p2a: Kyogre|Thunder|p1a: Kamex\n|-supereffective|p1a: Kamex\n|-damage|p1a: Kamex|1\/100 brn\n|move|p1a: Kamex|Jaw Lock|p2a: Kyogre\n|-damage|p2a: Kyogre|79\/100\n|-activate|p1a: Kamex|trapped\n|-activate|p2a: Kyogre|trapped\n|\n|-weather|RainDance|[upkeep]\n|-damage|p1a: Kamex|0 fnt|[from] brn\n|faint|p1a: Kamex\n|upkeep\n|\n|t:|1699204720\n|switch|p1a: Goliath|Abomasnow, M|95\/100\n|-activate|p1a: Goliath|move: Sticky Web\n|-unboost|p1a: Goliath|spe|1\n|-weather|Snow|[from] ability: Snow Warning|[of] p1a: Goliath\n|turn|8\n|\n|t:|1699204731\n|switch|p2a: Kingambit|Kingambit, F|100\/100\n|-activate|p2a: Kingambit|ability: Supreme Overlord\n|-start|p2a: Kingambit|fallen1|[silent]\n|move|p1a: Goliath|Swords Dance|p1a: Goliath\n|-boost|p1a: Goliath|atk|2\n|\n|-weather|Snow|[upkeep]\n|-sideend|p1: Max345|move: Aurora Veil\n|upkeep\n|turn|9\n|\n|t:|1699204740\n|-end|p2a: Kingambit|fallen1|[silent]\n|switch|p2a: Kyogre|Kyogre|79\/100\n|-weather|RainDance|[from] ability: Drizzle|[of] p2a: Kyogre\n|move|p1a: Goliath|Aurora Veil||[still]\n|-fail|p1a: Goliath\n|\n|-weather|RainDance|[upkeep]\n|upkeep\n|turn|10\n|\n|t:|1699204753\n|switch|p2a: Ribombee|Ribombee, M|100\/100\n|move|p1a: Goliath|Wood Hammer|p2a: Ribombee\n|-resisted|p2a: Ribombee\n|-damage|p2a: Ribombee|23\/100\n|-damage|p1a: Goliath|78\/100|[from] Recoil\n|\n|-weather|RainDance|[upkeep]\n|upkeep\n|turn|11\n|\n|t:|1699204762\n|move|p1a: Goliath|Ice Shard|p2a: Ribombee\n|-damage|p2a: Ribombee|0 fnt\n|faint|p2a: Ribombee\n|\n|-weather|RainDance|[upkeep]\n|upkeep\n|\n|t:|1699204765\n|switch|p2a: Kingambit|Kingambit, F|100\/100\n|-activate|p2a: Kingambit|ability: Supreme Overlord\n|-start|p2a: Kingambit|fallen2|[silent]\n|turn|12\n|\n|t:|1699204781\n|switch|p1a: Dai|Meowscarada, M, shiny|100\/100\n|-activate|p1a: Dai|move: Sticky Web\n|-unboost|p1a: Dai|spe|1\n|move|p2a: Kingambit|Iron Head|p1a: Dai\n|-damage|p1a: Dai|12\/100\n|\n|-weather|RainDance|[upkeep]\n|upkeep\n|turn|13\n|\n|t:|1699204791\n|move|p2a: Kingambit|Sucker Punch|p1a: Dai\n|-resisted|p1a: Dai\n|-crit|p1a: Dai\n|-damage|p1a: Dai|0 fnt\n|faint|p1a: Dai\n|\n|-weather|none\n|upkeep\n|\n|t:|1699204794\n|switch|p1a: Goliath|Abomasnow, M|78\/100\n|-activate|p1a: Goliath|move: Sticky Web\n|-unboost|p1a: Goliath|spe|1\n|-weather|Snow|[from] ability: Snow Warning|[of] p1a: Goliath\n|turn|14\n|\n|t:|1699204800\n|move|p2a: Kingambit|Iron Head|p1a: Goliath\n|-supereffective|p1a: Goliath\n|-damage|p1a: Goliath|0 fnt\n|faint|p1a: Goliath\n|\n|-weather|Snow|[upkeep]\n|upkeep\n|\n|t:|1699204808\n|switch|p1a: Apollo|Armarouge, M|100\/100\n|-activate|p1a: Apollo|move: Sticky Web\n|-unboost|p1a: Apollo|spe|1\n|turn|15\n|\n|t:|1699204815\n|-end|p2a: Kingambit|fallen2|[silent]\n|switch|p2a: Clodsire|Clodsire, M|100\/100\n|move|p1a: Apollo|Psychic Terrain|p1a: Apollo\n|-fieldstart|move: Psychic Terrain\n|\n|-weather|Snow|[upkeep]\n|upkeep\n|turn|16\n|\n|t:|1699204827\n|-terastallize|p2a: Clodsire|Dark\n|move|p1a: Apollo|Expanding Force|p2a: Clodsire\n|-immune|p2a: Clodsire\n|move|p2a: Clodsire|Toxic|p1a: Apollo\n|-status|p1a: Apollo|tox\n|\n|-weather|Snow|[upkeep]\n|-damage|p1a: Apollo|94\/100 tox|[from] psn\n|upkeep\n|turn|17\n|\n|t:|1699204837\n|move|p1a: Apollo|Armor Cannon|p2a: Clodsire\n|-damage|p2a: Clodsire|69\/100\n|-unboost|p1a: Apollo|def|1\n|-unboost|p1a: Apollo|spd|1\n|move|p2a: Clodsire|Earthquake|p1a: Apollo\n|-supereffective|p1a: Apollo\n|-damage|p1a: Apollo|2\/100 tox\n|-ability|p1a: Apollo|Weak Armor|boost\n|-unboost|p1a: Apollo|def|1\n|-boost|p1a: Apollo|spe|2\n|-enditem|p1a: Apollo|Weakness Policy\n|-boost|p1a: Apollo|atk|2|[from] item: Weakness Policy\n|-boost|p1a: Apollo|spa|2|[from] item: Weakness Policy\n|\n|-weather|Snow|[upkeep]\n|-heal|p2a: Clodsire|75\/100|[from] item: Leftovers\n|-damage|p1a: Apollo|0 fnt|[from] psn\n|faint|p1a: Apollo\n|upkeep\n|\n|t:|1699204849\n|switch|p1a: Megax|Iron Valiant|100\/100\n|-activate|p1a: Megax|move: Sticky Web\n|-unboost|p1a: Megax|spe|1\n|-enditem|p1a: Megax|Booster Energy\n|-activate|p1a: Megax|ability: Quark Drive|[fromitem]\n|-start|p1a: Megax|quarkdriveatk\n|turn|18\n|\n|t:|1699204863\n|move|p1a: Megax|Drain Punch|p2a: Clodsire\n|-supereffective|p2a: Clodsire\n|-damage|p2a: Clodsire|0 fnt\n|faint|p2a: Clodsire\n|\n|-weather|none\n|upkeep\n|\n|t:|1699204866\n|switch|p2a: Kyogre|Kyogre|79\/100\n|-weather|RainDance|[from] ability: Drizzle|[of] p2a: Kyogre\n|turn|19\n|\n|t:|1699204876\n|-terastallize|p1a: Megax|Electric\n|move|p2a: Kyogre|Water Spout|p1a: Megax\n|-damage|p1a: Megax|0 fnt\n|faint|p1a: Megax\n|-end|p1a: Megax|Quark Drive|[silent]\n|\n|-weather|RainDance|[upkeep]\n|-fieldend|move: Psychic Terrain\n|upkeep\n|\n|t:|1699204882\n|switch|p1a: Siegfried|Gallade, M|100\/100\n|-activate|p1a: Siegfried|move: Sticky Web\n|-unboost|p1a: Siegfried|spe|1\n|turn|20\n|\n|t:|1699204889\n|move|p2a: Kyogre|Water Spout|p1a: Siegfried\n|-damage|p1a: Siegfried|0 fnt\n|faint|p1a: Siegfried\n|\n|win|yooup yooup\n|raw|Max345's rating: 1216 &rarr; <strong>1190<\/strong><br \/>(-26 for losing)\n|raw|yooup yooup's rating: 1197 &rarr; <strong>1223<\/strong><br \/>(+26 for winning)\n|l|\u2606Max345\n","uploadtime":1699204904,"views":3,"p1id":"max345","p2id":"yooupyooup","formatid":"gen9anythinggoes","rating":1190,"private":0,"password":""}