{"id":"gen9anythinggoes-1980272563","p1":"redamien","p2":"Lucasoduncu","format":"[Gen 9] Anything Goes","log":"|j|\u2606redamien\n|j|\u2606Lucasoduncu\n|t:|1698771341\n|gametype|singles\n|player|p1|redamien|riley|1113\n|player|p2|Lucasoduncu|cameraman|1115\n|teamsize|p1|6\n|teamsize|p2|6\n|gen|9\n|tier|[Gen 9] Anything Goes\n|rated|\n|rule|HP Percentage Mod: HP is shown in percentages\n|rule|Endless Battle Clause: Forcing endless battles is banned\n|clearpoke\n|poke|p1|Snorlax, M|\n|poke|p1|Gliscor, M|\n|poke|p1|Garchomp, M|\n|poke|p1|Houndstone, F|\n|poke|p1|Great Tusk|\n|poke|p1|Sandaconda, M|\n|poke|p2|Lucario, F|\n|poke|p2|Tinkaton, F|\n|poke|p2|Copperajah, M|\n|poke|p2|Corviknight, F|\n|poke|p2|Sandslash-Alola, F|\n|poke|p2|Orthworm, M|\n|teampreview\n|\n|t:|1698771359\n|start\n|switch|p1a: Enzo|Snorlax, M, shiny|100\/100\n|switch|p2a: Tinkaton|Tinkaton, F, shiny|100\/100\n|-ability|p2a: Tinkaton|Mold Breaker\n|turn|1\n|\n|t:|1698771367\n|move|p2a: Tinkaton|Substitute|p2a: Tinkaton\n|-start|p2a: Tinkaton|Substitute\n|-damage|p2a: Tinkaton|75\/100\n|move|p1a: Enzo|Curse|p1a: Enzo\n|-unboost|p1a: Enzo|spe|1\n|-boost|p1a: Enzo|atk|1\n|-boost|p1a: Enzo|def|1\n|\n|upkeep\n|turn|2\n|\n|t:|1698771377\n|move|p2a: Tinkaton|Stealth Rock|p1a: Enzo\n|-sidestart|p1: redamien|move: Stealth Rock\n|move|p1a: Enzo|Curse|p1a: Enzo\n|-unboost|p1a: Enzo|spe|1\n|-boost|p1a: Enzo|atk|1\n|-boost|p1a: Enzo|def|1\n|\n|upkeep\n|turn|3\n|\n|t:|1698771385\n|move|p2a: Tinkaton|Gigaton Hammer|p1a: Enzo\n|-damage|p1a: Enzo|68\/100\n|-damage|p2a: Tinkaton|66\/100|[from] item: Life Orb\n|move|p1a: Enzo|Curse|p1a: Enzo\n|-unboost|p1a: Enzo|spe|1\n|-boost|p1a: Enzo|atk|1\n|-boost|p1a: Enzo|def|1\n|\n|-heal|p1a: Enzo|74\/100|[from] item: Leftovers\n|upkeep\n|turn|4\n|\n|t:|1698771397\n|move|p2a: Tinkaton|Astonish|p1a: Enzo\n|-immune|p1a: Enzo\n|move|p1a: Enzo|Body Slam|p2a: Tinkaton\n|-resisted|p2a: Tinkaton\n|-end|p2a: Tinkaton|Substitute\n|\n|-heal|p1a: Enzo|80\/100|[from] item: Leftovers\n|upkeep\n|turn|5\n|\n|t:|1698771407\n|move|p2a: Tinkaton|Gigaton Hammer|p1a: Enzo\n|-damage|p1a: Enzo|55\/100\n|-damage|p2a: Tinkaton|56\/100|[from] item: Life Orb\n|move|p1a: Enzo|Body Slam|p2a: Tinkaton\n|-resisted|p2a: Tinkaton\n|-damage|p2a: Tinkaton|0 fnt\n|faint|p2a: Tinkaton\n|\n|-heal|p1a: Enzo|61\/100|[from] item: Leftovers\n|upkeep\n|\n|t:|1698771412\n|switch|p2a: Sandslash|Sandslash-Alola, F, shiny|100\/100\n|turn|6\n|\n|t:|1698771423\n|move|p2a: Sandslash|Focus Blast|p1a: Enzo\n|-supereffective|p1a: Enzo\n|-damage|p1a: Enzo|35\/100\n|-unboost|p1a: Enzo|spd|1\n|move|p1a: Enzo|Body Slam|p2a: Sandslash\n|-resisted|p2a: Sandslash\n|-damage|p2a: Sandslash|51\/100\n|\n|-heal|p1a: Enzo|42\/100|[from] item: Leftovers\n|upkeep\n|turn|7\n|\n|t:|1698771435\n|move|p2a: Sandslash|Steel Beam|p1a: Enzo\n|-damage|p1a: Enzo|11\/100\n|-damage|p2a: Sandslash|1\/100|[from] steelbeam\n|-enditem|p2a: Sandslash|Petaya Berry|[eat]\n|-boost|p2a: Sandslash|spa|1|[from] item: Petaya Berry\n|move|p1a: Enzo|Body Slam|p2a: Sandslash\n|-resisted|p2a: Sandslash\n|-damage|p2a: Sandslash|0 fnt\n|faint|p2a: Sandslash\n|\n|-heal|p1a: Enzo|17\/100|[from] item: Leftovers\n|upkeep\n|\n|t:|1698771445\n|switch|p2a: Lucario|Lucario, F, shiny|100\/100\n|turn|8\n|\n|t:|1698771451\n|move|p2a: Lucario|Copycat|p2a: Lucario\n|move|p2a: Lucario|Body Slam|p1a: Enzo|[from]move: Copycat\n|-damage|p1a: Enzo|3\/100\n|move|p1a: Enzo|Body Slam|p2a: Lucario\n|-resisted|p2a: Lucario\n|-damage|p2a: Lucario|27\/100\n|-status|p2a: Lucario|par\n|\n|-heal|p1a: Enzo|9\/100|[from] item: Leftovers\n|upkeep\n|turn|9\n|-message|redamien forfeited.\n|\n|win|Lucasoduncu\n|raw|redamien's rating: 1113 &rarr; <strong>1088<\/strong><br \/>(-25 for losing)\n|raw|Lucasoduncu's rating: 1115 &rarr; <strong>1140<\/strong><br \/>(+25 for winning)\n|l|\u2606redamien\n","uploadtime":1698771472,"views":12,"p1id":"redamien","p2id":"lucasoduncu","formatid":"gen9anythinggoes","rating":1088,"private":0,"password":""}