{"id":"gen9anythinggoes-1992008511","p1":"ClappisYappis","p2":"maxgamingshell","format":"[Gen 9] Anything Goes","log":"|j|\u2606ClappisYappis\n|j|\u2606maxgamingshell\n|t:|1700147308\n|gametype|singles\n|player|p1|ClappisYappis|riley|1241\n|player|p2|maxgamingshell|benga|1281\n|teamsize|p1|6\n|teamsize|p2|6\n|gen|9\n|tier|[Gen 9] Anything Goes\n|rated|\n|rule|HP Percentage Mod: HP is shown in percentages\n|rule|Endless Battle Clause: Forcing endless battles is banned\n|clearpoke\n|poke|p1|Maushold-Four|\n|poke|p1|Flutter Mane|\n|poke|p1|Miraidon|\n|poke|p1|Rabsca, M|\n|poke|p1|Garganacl, F|\n|poke|p1|Houndstone, M|\n|poke|p2|Espathra, M|\n|poke|p2|Quaquaval, F|\n|poke|p2|Grimmsnarl, M|\n|poke|p2|Ceruledge, M|\n|poke|p2|Ursaluna, F|\n|poke|p2|Corviknight, M|\n|teampreview\n|inactive|Battle timer is ON: inactive players will automatically lose when time's up. (requested by maxgamingshell)\n|\n|t:|1700147326\n|start\n|switch|p1a: Maushold|Maushold-Four|100\/100\n|switch|p2a: Grimmsnarl|Grimmsnarl, M|100\/100\n|turn|1\n|\n|t:|1700147333\n|move|p2a: Grimmsnarl|Trick|p1a: Maushold\n|-activate|p2a: Grimmsnarl|move: Trick|[of] p1a: Maushold\n|-item|p1a: Maushold|Choice Scarf|[from] move: Trick\n|-item|p2a: Grimmsnarl|King's Rock|[from] move: Trick\n|move|p1a: Maushold|Population Bomb|p2a: Grimmsnarl\n|-damage|p2a: Grimmsnarl|85\/100\n|-damage|p2a: Grimmsnarl|68\/100\n|-damage|p2a: Grimmsnarl|51\/100\n|-damage|p2a: Grimmsnarl|36\/100\n|-hitcount|p2a: Grimmsnarl|4\n|\n|upkeep\n|turn|2\n|\n|t:|1700147339\n|move|p2a: Grimmsnarl|Parting Shot|p1a: Maushold\n|-unboost|p1a: Maushold|atk|1\n|-unboost|p1a: Maushold|spa|1\n|\n|t:|1700147344\n|switch|p2a: Espathra|Espathra, M|100\/100|[from] Parting Shot\n|move|p1a: Maushold|Population Bomb|p2a: Espathra\n|-damage|p2a: Espathra|90\/100\n|-damage|p2a: Espathra|81\/100\n|-damage|p2a: Espathra|71\/100\n|-damage|p2a: Espathra|61\/100\n|-damage|p2a: Espathra|51\/100\n|-damage|p2a: Espathra|41\/100\n|-damage|p2a: Espathra|33\/100\n|-hitcount|p2a: Espathra|7\n|\n|upkeep\n|turn|3\n|\n|t:|1700147352\n|move|p2a: Espathra|Protect|p2a: Espathra\n|-singleturn|p2a: Espathra|Protect\n|move|p1a: Maushold|Population Bomb|p2a: Espathra\n|-activate|p2a: Espathra|move: Protect\n|\n|-ability|p2a: Espathra|Speed Boost|boost\n|-boost|p2a: Espathra|spe|1\n|upkeep\n|turn|4\n|\n|t:|1700147357\n|move|p1a: Maushold|Population Bomb|p2a: Espathra\n|-damage|p2a: Espathra|23\/100\n|-enditem|p2a: Espathra|Liechi Berry|[eat]\n|-boost|p2a: Espathra|atk|1|[from] item: Liechi Berry\n|-damage|p2a: Espathra|13\/100\n|-damage|p2a: Espathra|3\/100\n|-damage|p2a: Espathra|0 fnt\n|faint|p2a: Espathra\n|-hitcount|p2: Espathra|4\n|\n|upkeep\n|\n|t:|1700147371\n|switch|p2a: Grimmsnarl|Grimmsnarl, M|36\/100\n|turn|5\n|\n|t:|1700147373\n|move|p2a: Grimmsnarl|Parting Shot|p1a: Maushold\n|-unboost|p1a: Maushold|atk|1\n|-unboost|p1a: Maushold|spa|1\n|\n|t:|1700147375\n|switch|p2a: Quaquaval|Quaquaval, F|100\/100|[from] Parting Shot\n|move|p1a: Maushold|Population Bomb|p2a: Quaquaval\n|-damage|p2a: Quaquaval|95\/100\n|-damage|p2a: Quaquaval|88\/100\n|-damage|p2a: Quaquaval|82\/100\n|-damage|p2a: Quaquaval|76\/100\n|-damage|p2a: Quaquaval|69\/100\n|-damage|p2a: Quaquaval|63\/100\n|-damage|p2a: Quaquaval|57\/100\n|-damage|p2a: Quaquaval|51\/100\n|-hitcount|p2a: Quaquaval|8\n|\n|upkeep\n|turn|6\n|\n|t:|1700147380\n|move|p1a: Maushold|Population Bomb|p2a: Quaquaval\n|-damage|p2a: Quaquaval|45\/100\n|-damage|p2a: Quaquaval|39\/100\n|-damage|p2a: Quaquaval|33\/100\n|-damage|p2a: Quaquaval|28\/100\n|-damage|p2a: Quaquaval|22\/100\n|-damage|p2a: Quaquaval|16\/100\n|-damage|p2a: Quaquaval|10\/100\n|-damage|p2a: Quaquaval|3\/100\n|-damage|p2a: Quaquaval|0 fnt\n|faint|p2a: Quaquaval\n|-hitcount|p2: Quaquaval|9\n|\n|upkeep\n|-message|maxgamingshell forfeited.\n|\n|win|ClappisYappis\n|raw|ClappisYappis's rating: 1241 &rarr; <strong>1271<\/strong><br \/>(+30 for winning)\n|raw|maxgamingshell's rating: 1305 &rarr; <strong>1281<\/strong><br \/>(-24 for losing)\n|l|\u2606maxgamingshell\n","uploadtime":1700147394,"views":4,"p1id":"clappisyappis","p2id":"maxgamingshell","formatid":"gen9anythinggoes","rating":1271,"private":0,"password":""}