{"id":"gen9anythinggoes-1989975901","p1":"OneTrueLoser","p2":"Penguinsupporter","format":"[Gen 9] Anything Goes","log":"|j|\u2606OneTrueLoser\n|j|\u2606Penguinsupporter\n|t:|1699911776\n|gametype|singles\n|player|p1|OneTrueLoser|harlequin|1316\n|player|p2|Penguinsupporter|265|1413\n|teamsize|p1|6\n|teamsize|p2|6\n|gen|9\n|tier|[Gen 9] Anything Goes\n|rated|\n|rule|HP Percentage Mod: HP is shown in percentages\n|rule|Endless Battle Clause: Forcing endless battles is banned\n|clearpoke\n|poke|p1|Dialga|\n|poke|p1|Miraidon|\n|poke|p1|Eternatus|\n|poke|p1|Koraidon|\n|poke|p1|Arceus-Dragon|\n|poke|p1|Dialga-Origin|\n|poke|p2|Sableye, M|\n|poke|p2|Tyranitar, F|\n|poke|p2|Houndstone, M|\n|poke|p2|Donphan, L1, F|\n|poke|p2|Cinderace, M|\n|poke|p2|Gholdengo|\n|teampreview\n|inactive|Battle timer is ON: inactive players will automatically lose when time's up. (requested by OneTrueLoser)\n|c|\u2606OneTrueLoser|gl hf\n|\n|t:|1699911792\n|start\n|switch|p1a: Arceus|Arceus-Dragon, shiny|100\/100\n|switch|p2a: Tyranitar|Tyranitar, F|100\/100\n|-weather|Sandstorm|[from] ability: Sand Stream|[of] p2a: Tyranitar\n|turn|1\n|\n|t:|1699911802\n|move|p1a: Arceus|Judgment|p2a: Tyranitar\n|-damage|p2a: Tyranitar|69\/100\n|move|p2a: Tyranitar|Crunch|p1a: Arceus\n|-damage|p1a: Arceus|72\/100\n|\n|-weather|Sandstorm|[upkeep]\n|-damage|p1a: Arceus|66\/100|[from] Sandstorm\n|upkeep\n|turn|2\n|\n|t:|1699911818\n|switch|p1a: Dialga|Dialga, shiny|100\/100\n|-ability|p1a: Dialga|Pressure\n|move|p2a: Tyranitar|Curse|p2a: Tyranitar\n|-unboost|p2a: Tyranitar|spe|1\n|-boost|p2a: Tyranitar|atk|1\n|-boost|p2a: Tyranitar|def|1\n|\n|-weather|Sandstorm|[upkeep]\n|upkeep\n|turn|3\n|\n|t:|1699911822\n|move|p1a: Dialga|Flash Cannon|p2a: Tyranitar\n|-supereffective|p2a: Tyranitar\n|-damage|p2a: Tyranitar|14\/100\n|-enditem|p2a: Tyranitar|Weakness Policy\n|-boost|p2a: Tyranitar|atk|2|[from] item: Weakness Policy\n|-boost|p2a: Tyranitar|spa|2|[from] item: Weakness Policy\n|move|p2a: Tyranitar|Body Press|p1a: Dialga\n|-supereffective|p1a: Dialga\n|-damage|p1a: Dialga|45\/100\n|\n|-weather|Sandstorm|[upkeep]\n|-heal|p1a: Dialga|51\/100|[from] item: Leftovers\n|upkeep\n|turn|4\n|\n|t:|1699911833\n|move|p1a: Dialga|Flash Cannon|p2a: Tyranitar\n|-supereffective|p2a: Tyranitar\n|-damage|p2a: Tyranitar|0 fnt\n|faint|p2a: Tyranitar\n|\n|-weather|Sandstorm|[upkeep]\n|-heal|p1a: Dialga|57\/100|[from] item: Leftovers\n|upkeep\n|c|\u2606OneTrueLoser|maybe try dragon dance\n|\n|t:|1699911852\n|switch|p2a: Sableye|Sableye, M|100\/100\n|turn|5\n|c|\u2606OneTrueLoser|or hone claws\n|\n|t:|1699911862\n|move|p2a: Sableye|Thunder Wave|p1a: Dialga\n|-status|p1a: Dialga|par\n|move|p1a: Dialga|Flash Cannon|p2a: Sableye\n|-damage|p2a: Sableye|39\/100\n|\n|-weather|none\n|-heal|p2a: Sableye|45\/100|[from] item: Leftovers\n|-heal|p1a: Dialga|63\/100 par|[from] item: Leftovers\n|upkeep\n|turn|6\n|\n|t:|1699911874\n|move|p2a: Sableye|Disable|p1a: Dialga\n|-start|p1a: Dialga|Disable|Flash Cannon\n|cant|p1a: Dialga|Disable|Flash Cannon\n|\n|-heal|p2a: Sableye|51\/100|[from] item: Leftovers\n|-heal|p1a: Dialga|70\/100 par|[from] item: Leftovers\n|upkeep\n|turn|7\n|c|\u2606OneTrueLoser|oh no my slow pokemon is slower\n|\n|t:|1699911879\n|move|p2a: Sableye|Recover|p2a: Sableye\n|-heal|p2a: Sableye|100\/100\n|move|p1a: Dialga|Roar of Time|p2a: Sableye\n|-damage|p2a: Sableye|0 fnt\n|-mustrecharge|p1a: Dialga\n|faint|p2a: Sableye\n|\n|-heal|p1a: Dialga|76\/100 par|[from] item: Leftovers\n|upkeep\n|c|\u2606OneTrueLoser|LOL\n|\n|t:|1699911888\n|switch|p2a: Cinderace|Cinderace, M|100\/100\n|turn|8\n|\n|t:|1699911899\n|move|p2a: Cinderace|Swords Dance|p2a: Cinderace\n|-start|p2a: Cinderace|typechange|Normal|[from] ability: Libero\n|-boost|p2a: Cinderace|atk|2\n|cant|p1a: Dialga|recharge\n|\n|-heal|p1a: Dialga|82\/100 par|[from] item: Leftovers\n|upkeep\n|turn|9\n|\n|t:|1699911911\n|move|p2a: Cinderace|High Jump Kick|p1a: Dialga\n|-supereffective|p1a: Dialga\n|-damage|p1a: Dialga|0 fnt\n|faint|p1a: Dialga\n|\n|upkeep\n|\n|t:|1699911915\n|switch|p1a: Miraidon|Miraidon|100\/100\n|-fieldstart|move: Electric Terrain|[from] ability: Hadron Engine|[of] p1a: Miraidon\n|turn|10\n|\n|t:|1699911922\n|move|p2a: Cinderace|High Jump Kick|p1a: Miraidon\n|-damage|p1a: Miraidon|22\/100\n|move|p1a: Miraidon|Electro Drift|p2a: Cinderace\n|-enditem|p2a: Cinderace|Focus Sash\n|-damage|p2a: Cinderace|1\/100\n|-damage|p1a: Miraidon|12\/100|[from] item: Life Orb\n|\n|upkeep\n|turn|11\n|\n|t:|1699911937\n|move|p2a: Cinderace|High Jump Kick|p1a: Miraidon\n|-damage|p1a: Miraidon|0 fnt\n|faint|p1a: Miraidon\n|\n|upkeep\n|\n|t:|1699911945\n|switch|p1a: Koraidon|Koraidon|100\/100\n|-weather|SunnyDay|[from] ability: Orichalcum Pulse|[of] p1a: Koraidon\n|-activate|p1a: Koraidon|Orichalcum Pulse|[source]\n|turn|12\n|\n|t:|1699911950\n|move|p1a: Koraidon|Facade|p2a: Cinderace\n|-damage|p2a: Cinderace|0 fnt\n|faint|p2a: Cinderace\n|\n|-weather|SunnyDay|[upkeep]\n|upkeep\n|\n|t:|1699911957\n|switch|p2a: Donphan|Donphan, L1, F|100\/100\n|turn|13\n|\n|t:|1699911963\n|switch|p1a: Arceus|Arceus-Dragon, shiny|66\/100\n|move|p2a: Donphan|Endeavor|p1a: Arceus\n|-damage|p1a: Arceus|4\/100\n|\n|-weather|SunnyDay|[upkeep]\n|upkeep\n|turn|14\n|\n|t:|1699911968\n|switch|p2a: Gholdengo|Gholdengo|100\/100\n|move|p1a: Arceus|Recover|p1a: Arceus\n|-heal|p1a: Arceus|54\/100\n|\n|-weather|SunnyDay|[upkeep]\n|-fieldend|move: Electric Terrain\n|upkeep\n|turn|15\n|\n|t:|1699911973\n|switch|p1a: Dialga|Dialga-Origin, shiny|100\/100\n|-ability|p1a: Dialga|Pressure\n|move|p2a: Gholdengo|Nasty Plot|p2a: Gholdengo\n|-boost|p2a: Gholdengo|spa|2\n|\n|-weather|SunnyDay|[upkeep]\n|upkeep\n|turn|16\n|inactive|Penguinsupporter has 120 seconds left.\n|c|\u2606OneTrueLoser|better hit hard\n|c|\u2606OneTrueLoser|pray i miss\n|\n|t:|1699912014\n|move|p1a: Dialga|Fire Blast|p2a: Gholdengo|[miss]\n|-miss|p1a: Dialga|p2a: Gholdengo\n|move|p2a: Gholdengo|Shadow Ball|p1a: Dialga\n|-damage|p1a: Dialga|29\/100\n|\n|-weather|none\n|upkeep\n|turn|17\n|c|\u2606OneTrueLoser|lll\n|\n|t:|1699912026\n|move|p1a: Dialga|Fire Blast|p2a: Gholdengo\n|-supereffective|p2a: Gholdengo\n|-damage|p2a: Gholdengo|16\/100\n|move|p2a: Gholdengo|Shadow Ball|p1a: Dialga\n|-damage|p1a: Dialga|0 fnt\n|faint|p1a: Dialga\n|\n|-heal|p2a: Gholdengo|22\/100|[from] item: Leftovers\n|upkeep\n|c|\u2606OneTrueLoser|lol\n|\n|t:|1699912032\n|switch|p1a: Koraidon|Koraidon|100\/100\n|-weather|SunnyDay|[from] ability: Orichalcum Pulse|[of] p1a: Koraidon\n|-activate|p1a: Koraidon|Orichalcum Pulse|[source]\n|turn|18\n|inactive|Penguinsupporter has 120 seconds left.\n|\n|t:|1699912038\n|move|p1a: Koraidon|Flare Blitz|p2a: Gholdengo\n|-supereffective|p2a: Gholdengo\n|-damage|p2a: Gholdengo|0 fnt\n|faint|p2a: Gholdengo\n|-damage|p1a: Koraidon|93\/100|[from] Recoil\n|\n|-weather|SunnyDay|[upkeep]\n|upkeep\n|inactive|Penguinsupporter has 120 seconds left.\n|\n|t:|1699912054\n|switch|p2a: Houndstone|Houndstone, M|100\/100\n|turn|19\n|\n|t:|1699912061\n|-terastallize|p1a: Koraidon|Normal\n|move|p1a: Koraidon|Flare Blitz|p2a: Houndstone\n|-damage|p2a: Houndstone|20\/100\n|-damage|p1a: Koraidon|70\/100|[from] Recoil\n|move|p2a: Houndstone|Last Respects|p1a: Koraidon\n|-immune|p1a: Koraidon\n|\n|-weather|SunnyDay|[upkeep]\n|upkeep\n|turn|20\n|c|\u2606OneTrueLoser|lol\n|inactive|Penguinsupporter has 120 seconds left.\n|\n|t:|1699912071\n|move|p1a: Koraidon|Flare Blitz|p2a: Houndstone\n|-damage|p2a: Houndstone|0 fnt\n|faint|p2a: Houndstone\n|-damage|p1a: Koraidon|65\/100|[from] Recoil\n|\n|-weather|SunnyDay|[upkeep]\n|upkeep\n|\n|t:|1699912074\n|switch|p2a: Donphan|Donphan, L1, F|100\/100\n|turn|21\n|\n|t:|1699912077\n|move|p1a: Koraidon|Flare Blitz|p2a: Donphan\n|-ability|p2a: Donphan|Sturdy\n|-damage|p2a: Donphan|8\/100\n|-damage|p1a: Koraidon|64\/100|[from] Recoil\n|move|p2a: Donphan|Endeavor|p1a: Koraidon\n|-damage|p1a: Koraidon|1\/100\n|-heal|p2a: Donphan|100\/100|[from] item: Shell Bell|[of] p1a: Koraidon\n|\n|-weather|SunnyDay|[upkeep]\n|upkeep\n|turn|22\n|\n|t:|1699912080\n|move|p2a: Donphan|Ice Shard|p1a: Koraidon\n|-damage|p1a: Koraidon|0 fnt\n|faint|p1a: Koraidon\n|\n|-weather|none\n|upkeep\n|\n|t:|1699912083\n|switch|p1a: Arceus|Arceus-Dragon, shiny|54\/100\n|turn|23\n|\n|t:|1699912088\n|move|p1a: Arceus|Recover|p1a: Arceus\n|-heal|p1a: Arceus|100\/100\n|move|p2a: Donphan|Endeavor|p1a: Arceus\n|-damage|p1a: Arceus|4\/100\n|\n|upkeep\n|turn|24\n|\n|t:|1699912096\n|move|p1a: Arceus|Recover|p1a: Arceus\n|-heal|p1a: Arceus|54\/100\n|move|p2a: Donphan|Endeavor|p1a: Arceus\n|-damage|p1a: Arceus|4\/100\n|\n|upkeep\n|turn|25\n|\n|t:|1699912101\n|move|p1a: Arceus|Recover|p1a: Arceus\n|-heal|p1a: Arceus|54\/100\n|move|p2a: Donphan|Stealth Rock|p1a: Arceus\n|-sidestart|p1: OneTrueLoser|move: Stealth Rock\n|\n|upkeep\n|turn|26\n|\n|t:|1699912106\n|move|p1a: Arceus|Judgment|p2a: Donphan\n|-ability|p2a: Donphan|Sturdy\n|-damage|p2a: Donphan|8\/100\n|move|p2a: Donphan|Endeavor|p1a: Arceus\n|-damage|p1a: Arceus|1\/100\n|-heal|p2a: Donphan|100\/100|[from] item: Shell Bell|[of] p1a: Arceus\n|\n|upkeep\n|turn|27\n|\n|t:|1699912108\n|move|p2a: Donphan|Ice Shard|p1a: Arceus\n|-supereffective|p1a: Arceus\n|-damage|p1a: Arceus|0 fnt\n|faint|p1a: Arceus\n|\n|upkeep\n|\n|t:|1699912109\n|switch|p1a: Eternatus|Eternatus|100\/100\n|-damage|p1a: Eternatus|88\/100|[from] Stealth Rock\n|-ability|p1a: Eternatus|Pressure\n|turn|28\n|\n|t:|1699912116\n|move|p1a: Eternatus|Shadow Ball|p2a: Donphan\n|-ability|p2a: Donphan|Sturdy\n|-damage|p2a: Donphan|8\/100\n|move|p2a: Donphan|Endeavor|p1a: Eternatus\n|-damage|p1a: Eternatus|1\/100\n|-heal|p2a: Donphan|100\/100|[from] item: Shell Bell|[of] p1a: Eternatus\n|\n|upkeep\n|turn|29\n|c|\u2606OneTrueLoser|gg\n|c|\u2606Penguinsupporter|GGs\n|\n|t:|1699912122\n|move|p2a: Donphan|Ice Shard|p1a: Eternatus\n|-supereffective|p1a: Eternatus\n|-damage|p1a: Eternatus|0 fnt\n|faint|p1a: Eternatus\n|\n|win|Penguinsupporter\n|raw|OneTrueLoser's rating: 1316 &rarr; <strong>1301<\/strong><br \/>(-15 for losing)\n|raw|Penguinsupporter's rating: 1413 &rarr; <strong>1428<\/strong><br \/>(+15 for winning)\n|l|\u2606OneTrueLoser\n|c|\u2606Penguinsupporter|you had 6 legendaries tho\n","uploadtime":1699912158,"views":4,"p1id":"onetrueloser","p2id":"penguinsupporter","formatid":"gen9anythinggoes","rating":1301,"private":0,"password":""}