{"id":"gen9anythinggoes-1980176844","p1":"maskebab$","p2":"GigaBytes7","format":"[Gen 9] Anything Goes","log":"|j|\u2606maskebab$\n|j|\u2606GigaBytes7\n|inactive|Battle timer is ON: inactive players will automatically lose when time's up.\n|t:|1698763910\n|gametype|singles\n|player|p1|maskebab$|102|\n|player|p2|GigaBytes7|elaine|\n|teamsize|p1|6\n|teamsize|p2|6\n|gen|9\n|tier|[Gen 9] Anything Goes\n|rated|Tournament battle\n|rule|HP Percentage Mod: HP is shown in percentages\n|rule|Endless Battle Clause: Forcing endless battles is banned\n|clearpoke\n|poke|p1|Arceus-Poison|\n|poke|p1|Grimmsnarl, M|\n|poke|p1|Kyogre|\n|poke|p1|Calyrex-Shadow|\n|poke|p1|Arceus|\n|poke|p1|Koraidon|\n|poke|p2|Koraidon|\n|poke|p2|Miraidon|\n|poke|p2|Ting-Lu|\n|poke|p2|Calyrex-Shadow|\n|poke|p2|Arceus|\n|poke|p2|Arceus-Water|\n|teampreview\n|inactive|GigaBytes7 also wants the timer to be on.\n|j| Laprasplayer\n|c|\u2606GigaBytes7|glhf\n|j| eavo\n|\n|t:|1698763918\n|start\n|switch|p1a: Grimmsnarl|Grimmsnarl, M|100\/100\n|switch|p2a: Koraidon|Koraidon|100\/100\n|-weather|SunnyDay|[from] ability: Orichalcum Pulse|[of] p2a: Koraidon\n|-activate|p2a: Koraidon|Orichalcum Pulse|[source]\n|turn|1\n|\n|t:|1698763924\n|move|p1a: Grimmsnarl|Reflect|p1a: Grimmsnarl\n|-sidestart|p1: maskebab$|Reflect\n|move|p2a: Koraidon|Close Combat|p1a: Grimmsnarl\n|-damage|p1a: Grimmsnarl|59\/100\n|-unboost|p2a: Koraidon|def|1\n|-unboost|p2a: Koraidon|spd|1\n|\n|-weather|SunnyDay|[upkeep]\n|upkeep\n|turn|2\n|\n|t:|1698763929\n|switch|p2a: Ting-Lu|Ting-Lu|100\/100\n|-ability|p2a: Ting-Lu|Vessel of Ruin\n|move|p1a: Grimmsnarl|Light Screen|p1a: Grimmsnarl\n|-sidestart|p1: maskebab$|move: Light Screen\n|\n|-weather|SunnyDay|[upkeep]\n|upkeep\n|turn|3\n|\n|t:|1698763934\n|switch|p1a: Kyogre|Kyogre|100\/100\n|-weather|RainDance|[from] ability: Drizzle|[of] p1a: Kyogre\n|move|p2a: Ting-Lu|Taunt|p1a: Kyogre\n|-start|p1a: Kyogre|move: Taunt\n|\n|-weather|RainDance|[upkeep]\n|upkeep\n|turn|4\n|\n|t:|1698763937\n|switch|p2a: Koraidon|Koraidon|100\/100\n|-weather|SunnyDay|[from] ability: Orichalcum Pulse|[of] p2a: Koraidon\n|-activate|p2a: Koraidon|Orichalcum Pulse|[source]\n|move|p1a: Kyogre|Origin Pulse|p2a: Koraidon\n|-resisted|p2a: Koraidon\n|-damage|p2a: Koraidon|79\/100\n|\n|-weather|SunnyDay|[upkeep]\n|upkeep\n|turn|5\n|\n|t:|1698763943\n|move|p2a: Koraidon|U-turn|p1a: Kyogre\n|-damage|p1a: Kyogre|86\/100\n|\n|t:|1698763949\n|switch|p2a: Arceus|Arceus-Water|100\/100|[from] U-turn\n|move|p1a: Kyogre|Ice Beam|p2a: Arceus\n|-resisted|p2a: Arceus\n|-damage|p2a: Arceus|89\/100\n|\n|-weather|SunnyDay|[upkeep]\n|-end|p1a: Kyogre|move: Taunt\n|upkeep\n|turn|6\n|\n|t:|1698763954\n|move|p2a: Arceus|Will-O-Wisp|p1a: Kyogre\n|-status|p1a: Kyogre|brn\n|move|p1a: Kyogre|Calm Mind|p1a: Kyogre\n|-boost|p1a: Kyogre|spa|1\n|-boost|p1a: Kyogre|spd|1\n|\n|-weather|SunnyDay|[upkeep]\n|-damage|p1a: Kyogre|79\/100 brn|[from] brn\n|upkeep\n|turn|7\n|\n|t:|1698763960\n|switch|p2a: Ting-Lu|Ting-Lu|100\/100\n|-ability|p2a: Ting-Lu|Vessel of Ruin\n|move|p1a: Kyogre|Thunder|p2a: Ting-Lu\n|-immune|p2a: Ting-Lu\n|\n|-weather|SunnyDay|[upkeep]\n|-damage|p1a: Kyogre|73\/100 brn|[from] brn\n|upkeep\n|turn|8\n|\n|t:|1698763963\n|move|p1a: Kyogre|Ice Beam|p2a: Ting-Lu\n|-supereffective|p2a: Ting-Lu\n|-damage|p2a: Ting-Lu|53\/100\n|move|p2a: Ting-Lu|Whirlwind|p1a: Kyogre\n|drag|p1a: Grimmsnarl|Grimmsnarl, M|59\/100\n|\n|-weather|none\n|-heal|p2a: Ting-Lu|59\/100|[from] item: Leftovers\n|-sideend|p1: maskebab$|Reflect\n|upkeep\n|turn|9\n|\n|t:|1698763971\n|move|p1a: Grimmsnarl|Reflect|p1a: Grimmsnarl\n|-sidestart|p1: maskebab$|Reflect\n|move|p2a: Ting-Lu|Taunt|p1a: Grimmsnarl\n|-start|p1a: Grimmsnarl|move: Taunt\n|\n|-heal|p2a: Ting-Lu|65\/100|[from] item: Leftovers\n|-sideend|p1: maskebab$|move: Light Screen\n|upkeep\n|turn|10\n|j| teet4t44\n|\n|t:|1698763977\n|switch|p1a: Kyogre|Kyogre|73\/100 brn\n|-weather|RainDance|[from] ability: Drizzle|[of] p1a: Kyogre\n|move|p2a: Ting-Lu|Spikes|p1a: Kyogre\n|-sidestart|p1: maskebab$|Spikes\n|\n|-weather|RainDance|[upkeep]\n|-heal|p2a: Ting-Lu|71\/100|[from] item: Leftovers\n|-damage|p1a: Kyogre|67\/100 brn|[from] brn\n|upkeep\n|turn|11\n|\n|t:|1698763982\n|switch|p2a: Arceus|Arceus-Water|89\/100\n|move|p1a: Kyogre|Calm Mind|p1a: Kyogre\n|-boost|p1a: Kyogre|spa|1\n|-boost|p1a: Kyogre|spd|1\n|\n|-weather|RainDance|[upkeep]\n|-damage|p1a: Kyogre|61\/100 brn|[from] brn\n|upkeep\n|turn|12\n|\n|t:|1698763986\n|switch|p2a: Koraidon|Koraidon|79\/100\n|-weather|SunnyDay|[from] ability: Orichalcum Pulse|[of] p2a: Koraidon\n|-activate|p2a: Koraidon|Orichalcum Pulse|[source]\n|move|p1a: Kyogre|Thunder|p2a: Koraidon|[miss]\n|-miss|p1a: Kyogre|p2a: Koraidon\n|\n|-weather|SunnyDay|[upkeep]\n|-damage|p1a: Kyogre|54\/100 brn|[from] brn\n|upkeep\n|turn|13\n|\n|t:|1698763990\n|move|p2a: Koraidon|U-turn|p1a: Kyogre\n|-damage|p1a: Kyogre|38\/100 brn\n|\n|t:|1698763992\n|switch|p2a: Ting-Lu|Ting-Lu|71\/100|[from] U-turn\n|-ability|p2a: Ting-Lu|Vessel of Ruin\n|move|p1a: Kyogre|Ice Beam|p2a: Ting-Lu\n|-supereffective|p2a: Ting-Lu\n|-damage|p2a: Ting-Lu|21\/100\n|\n|-weather|SunnyDay|[upkeep]\n|-heal|p2a: Ting-Lu|27\/100|[from] item: Leftovers\n|-damage|p1a: Kyogre|31\/100 brn|[from] brn\n|upkeep\n|turn|14\n|c| Laprasplayer|screens ogre is not cooking\n|\n|t:|1698763999\n|move|p1a: Kyogre|Ice Beam|p2a: Ting-Lu\n|-supereffective|p2a: Ting-Lu\n|-damage|p2a: Ting-Lu|0 fnt\n|faint|p2a: Ting-Lu\n|\n|-weather|SunnyDay|[upkeep]\n|-damage|p1a: Kyogre|25\/100 brn|[from] brn\n|upkeep\n|\n|t:|1698764002\n|switch|p2a: Miraidon|Miraidon|100\/100\n|-fieldstart|move: Electric Terrain|[from] ability: Hadron Engine|[of] p2a: Miraidon\n|turn|15\n|\n|t:|1698764005\n|move|p2a: Miraidon|Volt Switch|p1a: Kyogre\n|-supereffective|p1a: Kyogre\n|-damage|p1a: Kyogre|0 fnt\n|faint|p1a: Kyogre\n|\n|t:|1698764012\n|switch|p2a: Arceus|Arceus|100\/100|[from] Volt Switch\n|\n|-weather|SunnyDay|[upkeep]\n|upkeep\n|\n|t:|1698764018\n|switch|p1a: Grimmsnarl|Grimmsnarl, M|59\/100\n|-damage|p1a: Grimmsnarl|46\/100|[from] Spikes\n|turn|16\n|\n|t:|1698764020\n|move|p1a: Grimmsnarl|Light Screen|p1a: Grimmsnarl\n|-sidestart|p1: maskebab$|move: Light Screen\n|move|p2a: Arceus|Swords Dance|p2a: Arceus\n|-boost|p2a: Arceus|atk|2\n|\n|-weather|none\n|-sideend|p1: maskebab$|Reflect\n|upkeep\n|turn|17\n|\n|t:|1698764023\n|move|p2a: Arceus|Extreme Speed|p1a: Grimmsnarl\n|-damage|p1a: Grimmsnarl|0 fnt\n|faint|p1a: Grimmsnarl\n|\n|upkeep\n|\n|t:|1698764034\n|switch|p1a: Calyrex|Calyrex-Shadow|100\/100\n|-ability|p1a: Calyrex|As One\n|-ability|p1a: Calyrex|Unnerve\n|-damage|p1a: Calyrex|88\/100|[from] Spikes\n|turn|18\n|\n|t:|1698764037\n|-terastallize|p1a: Calyrex|Fighting\n|move|p1a: Calyrex|Tera Blast|p2a: Arceus|[anim] Tera Blast Fighting\n|-supereffective|p2a: Arceus\n|-damage|p2a: Arceus|33\/100\n|move|p2a: Arceus|Shadow Claw|p1a: Calyrex\n|-damage|p1a: Calyrex|27\/100\n|\n|upkeep\n|turn|19\n|\n|t:|1698764044\n|move|p2a: Arceus|Extreme Speed|p1a: Calyrex\n|-damage|p1a: Calyrex|0 fnt\n|faint|p1a: Calyrex\n|\n|-fieldend|move: Electric Terrain\n|upkeep\n|\n|t:|1698764048\n|switch|p1a: Arceus|Arceus|100\/100\n|-damage|p1a: Arceus|88\/100|[from] Spikes\n|turn|20\n|\n|t:|1698764054\n|switch|p2a: Koraidon|Koraidon|79\/100\n|-weather|SunnyDay|[from] ability: Orichalcum Pulse|[of] p2a: Koraidon\n|-activate|p2a: Koraidon|Orichalcum Pulse|[source]\n|move|p1a: Arceus|Extreme Speed|p2a: Koraidon\n|-damage|p2a: Koraidon|42\/100\n|\n|-weather|SunnyDay|[upkeep]\n|-heal|p1a: Arceus|94\/100|[from] item: Leftovers\n|upkeep\n|turn|21\n|\n|t:|1698764060\n|move|p1a: Arceus|Extreme Speed|p2a: Koraidon\n|-damage|p2a: Koraidon|6\/100\n|move|p2a: Koraidon|Close Combat|p1a: Arceus\n|-supereffective|p1a: Arceus\n|-damage|p1a: Arceus|0 fnt\n|-unboost|p2a: Koraidon|def|1\n|-unboost|p2a: Koraidon|spd|1\n|faint|p1a: Arceus\n|\n|-weather|SunnyDay|[upkeep]\n|upkeep\n|\n|t:|1698764063\n|switch|p1a: Arceus|Arceus-Poison|100\/100\n|-damage|p1a: Arceus|88\/100|[from] Spikes\n|turn|22\n|\n|t:|1698764065\n|switch|p2a: Calyrex|Calyrex-Shadow|100\/100\n|-ability|p2a: Calyrex|As One\n|-ability|p2a: Calyrex|Unnerve\n|move|p1a: Arceus|Dragon Dance|p1a: Arceus\n|-boost|p1a: Arceus|atk|1\n|-boost|p1a: Arceus|spe|1\n|\n|-weather|SunnyDay|[upkeep]\n|upkeep\n|turn|23\n|\n|t:|1698764067\n|move|p1a: Arceus|Shadow Claw|p2a: Calyrex\n|-supereffective|p2a: Calyrex\n|-damage|p2a: Calyrex|0 fnt\n|faint|p2a: Calyrex\n|\n|-weather|SunnyDay|[upkeep]\n|-sideend|p1: maskebab$|move: Light Screen\n|upkeep\n|\n|t:|1698764071\n|switch|p2a: Arceus|Arceus-Water|89\/100\n|turn|24\n|\n|t:|1698764074\n|move|p1a: Arceus|Gunk Shot|p2a: Arceus\n|-damage|p2a: Arceus|32\/100\n|move|p2a: Arceus|Will-O-Wisp|p1a: Arceus\n|-status|p1a: Arceus|brn\n|\n|-weather|none\n|-damage|p1a: Arceus|82\/100 brn|[from] brn\n|upkeep\n|turn|25\n|\n|t:|1698764079\n|switch|p2a: Miraidon|Miraidon|100\/100\n|-fieldstart|move: Electric Terrain|[from] ability: Hadron Engine|[of] p2a: Miraidon\n|move|p1a: Arceus|Gunk Shot|p2a: Miraidon|[miss]\n|-miss|p1a: Arceus|p2a: Miraidon\n|\n|-damage|p1a: Arceus|76\/100 brn|[from] brn\n|upkeep\n|turn|26\n|\n|t:|1698764086\n|move|p1a: Arceus|Dragon Dance|p1a: Arceus\n|-boost|p1a: Arceus|atk|1\n|-boost|p1a: Arceus|spe|1\n|move|p2a: Miraidon|Volt Switch|p1a: Arceus\n|-damage|p1a: Arceus|4\/100 brn\n|\n|t:|1698764088\n|switch|p2a: Arceus|Arceus|33\/100|[from] Volt Switch\n|\n|-damage|p1a: Arceus|0 fnt|[from] brn\n|faint|p1a: Arceus\n|upkeep\n|inactive|maskebab$ has 120 seconds left.\n|\n|t:|1698764142\n|switch|p1a: Koraidon|Koraidon|100\/100\n|-damage|p1a: Koraidon|88\/100|[from] Spikes\n|-weather|SunnyDay|[from] ability: Orichalcum Pulse|[of] p1a: Koraidon\n|-activate|p1a: Koraidon|Orichalcum Pulse|[source]\n|turn|27\n|\n|t:|1698764145\n|move|p1a: Koraidon|Swords Dance|p1a: Koraidon\n|-boost|p1a: Koraidon|atk|2\n|move|p2a: Arceus|Swords Dance|p2a: Arceus\n|-boost|p2a: Arceus|atk|2\n|\n|-weather|SunnyDay|[upkeep]\n|upkeep\n|turn|28\n|\n|t:|1698764149\n|move|p2a: Arceus|Extreme Speed|p1a: Koraidon\n|-damage|p1a: Koraidon|5\/100\n|move|p1a: Koraidon|Flame Charge|p2a: Arceus\n|-damage|p2a: Arceus|0 fnt\n|-boost|p1a: Koraidon|spe|1\n|faint|p2a: Arceus\n|\n|-weather|SunnyDay|[upkeep]\n|upkeep\n|\n|t:|1698764158\n|switch|p2a: Koraidon|Koraidon|6\/100\n|-activate|p2a: Koraidon|ability: Orichalcum Pulse\n|turn|29\n|\n|t:|1698764163\n|move|p1a: Koraidon|Flame Charge|p2a: Koraidon\n|-resisted|p2a: Koraidon\n|-damage|p2a: Koraidon|0 fnt\n|-boost|p1a: Koraidon|spe|1\n|faint|p2a: Koraidon\n|\n|-weather|SunnyDay|[upkeep]\n|-fieldend|move: Electric Terrain\n|upkeep\n|\n|t:|1698764166\n|switch|p2a: Miraidon|Miraidon|100\/100\n|-fieldstart|move: Electric Terrain|[from] ability: Hadron Engine|[of] p2a: Miraidon\n|turn|30\n|\n|t:|1698764171\n|-terastallize|p2a: Miraidon|Grass\n|move|p1a: Koraidon|Dragon Claw|p2a: Miraidon\n|-damage|p2a: Miraidon|0 fnt\n|faint|p2a: Miraidon\n|\n|-weather|SunnyDay|[upkeep]\n|upkeep\n|c|\u2606GigaBytes7|sad\n|c|\u2606GigaBytes7|gg\n|\n|t:|1698764177\n|switch|p2a: Arceus|Arceus-Water|32\/100\n|turn|31\n|c|\u2606maskebab$|gg\n|\n|t:|1698764180\n|move|p1a: Koraidon|Dragon Claw|p2a: Arceus\n|-damage|p2a: Arceus|0 fnt\n|faint|p2a: Arceus\n|\n|win|maskebab$\n|n|\u2606maskebab$|maskebab\n|n|\u2606GigaBytes7|gigabytes7\n|n| Laprasplayer|laprasplayer\n|n| eavo|eavo\n|n| teet4t44|teet4t44\n|c|\u2606GigaBytes7|not sure why i used my tera\n|c|\u2606GigaBytes7|i had tera fairy arc\n|l|\u2606GigaBytes7\n|l|\u2606maskebab$\n|l| teet4t44\n|j|+Frozoid\n|l|+Frozoid\n|j|\u2606GigaBytes7\n|player|p2|GigaBytes7|elaine\n|l| eavo\n","uploadtime":1698764191,"views":9,"p1id":"maskebab","p2id":"gigabytes7","formatid":"gen9anythinggoes","rating":0,"private":0,"password":""}