{"id":"gen9anythinggoes-1998977795","p1":"aditineverwearsbra","p2":"amsocoolguy12345","format":"[Gen 9] Anything Goes","log":"|j|\u2606aditineverwearsbra\n|j|\u2606amsocoolguy12345\n|t:|1701020007\n|gametype|singles\n|player|p1|aditineverwearsbra|swimmerf-gen4dp|1000\n|player|p2|amsocoolguy12345|170|1154\n|teamsize|p1|6\n|teamsize|p2|6\n|gen|9\n|tier|[Gen 9] Anything Goes\n|rated|\n|rule|HP Percentage Mod: HP is shown in percentages\n|rule|Endless Battle Clause: Forcing endless battles is banned\n|clearpoke\n|poke|p1|Chien-Pao|\n|poke|p1|Gholdengo|\n|poke|p1|Tyranitar, F|\n|poke|p1|Quaquaval, M|\n|poke|p1|Amoonguss, M|\n|poke|p1|Iron Treads|\n|poke|p2|Calyrex-Shadow|\n|poke|p2|Ursaluna-Bloodmoon, M|\n|poke|p2|Kricketune, F|\n|poke|p2|Ninetales-Alola, F|\n|poke|p2|Ting-Lu|\n|poke|p2|Eiscue, F|\n|teampreview\n|\n|t:|1701020015\n|start\n|switch|p1a: Iron Treads|Iron Treads|100\/100\n|switch|p2a: Kricketune|Kricketune, F|100\/100\n|turn|1\n|\n|t:|1701020024\n|move|p1a: Iron Treads|Stealth Rock|p2a: Kricketune\n|-sidestart|p2: amsocoolguy12345|move: Stealth Rock\n|move|p2a: Kricketune|Sticky Web|p1a: Iron Treads\n|-sidestart|p1: aditineverwearsbra|move: Sticky Web\n|\n|upkeep\n|turn|2\n|\n|t:|1701020033\n|move|p1a: Iron Treads|Rapid Spin|p2a: Kricketune\n|-crit|p2a: Kricketune\n|-damage|p2a: Kricketune|69\/100\n|-boost|p1a: Iron Treads|spe|1\n|-sideend|p1: aditineverwearsbra|Sticky Web|[from] move: Rapid Spin|[of] p1a: Iron Treads\n|move|p2a: Kricketune|Knock Off|p1a: Iron Treads\n|-damage|p1a: Iron Treads|84\/100\n|-enditem|p1a: Iron Treads|Leftovers|[from] move: Knock Off|[of] p2a: Kricketune\n|\n|-heal|p2a: Kricketune|75\/100|[from] item: Leftovers\n|upkeep\n|turn|3\n|\n|t:|1701020048\n|switch|p2a: Calyrex|Calyrex-Shadow|100\/100\n|-ability|p2a: Calyrex|As One\n|-ability|p2a: Calyrex|Unnerve\n|-damage|p2a: Calyrex|88\/100|[from] Stealth Rock\n|move|p1a: Iron Treads|Earthquake|p2a: Calyrex\n|-damage|p2a: Calyrex|39\/100\n|\n|upkeep\n|turn|4\n|\n|t:|1701020065\n|move|p2a: Calyrex|Astral Barrage|p1a: Iron Treads\n|-damage|p1a: Iron Treads|0 fnt\n|faint|p1a: Iron Treads\n|-end|p1a: Iron Treads|Quark Drive|[silent]\n|-ability|p2a: Calyrex|Grim Neigh|boost\n|-boost|p2a: Calyrex|spa|1\n|\n|upkeep\n|\n|t:|1701020080\n|switch|p1a: Amoonguss|Amoonguss, M|100\/100\n|turn|5\n|\n|t:|1701020085\n|move|p2a: Calyrex|Astral Barrage|p1a: Amoonguss\n|-damage|p1a: Amoonguss|0 fnt\n|faint|p1a: Amoonguss\n|-ability|p2a: Calyrex|Grim Neigh|boost\n|-boost|p2a: Calyrex|spa|1\n|\n|upkeep\n|\n|t:|1701020094\n|switch|p1a: Gholdengo|Gholdengo|100\/100\n|turn|6\n|\n|t:|1701020105\n|move|p2a: Calyrex|Astral Barrage|p1a: Gholdengo\n|-supereffective|p1a: Gholdengo\n|-damage|p1a: Gholdengo|0 fnt\n|faint|p1a: Gholdengo\n|-ability|p2a: Calyrex|Grim Neigh|boost\n|-boost|p2a: Calyrex|spa|1\n|\n|upkeep\n|\n|t:|1701020113\n|switch|p1a: Chien-Pao|Chien-Pao|100\/100\n|-ability|p1a: Chien-Pao|Sword of Ruin\n|turn|7\n|\n|t:|1701020125\n|move|p2a: Calyrex|Astral Barrage|p1a: Chien-Pao\n|-resisted|p1a: Chien-Pao\n|-enditem|p1a: Chien-Pao|Focus Sash\n|-damage|p1a: Chien-Pao|1\/100\n|move|p1a: Chien-Pao|Sacred Sword|p2a: Calyrex\n|-immune|p2a: Calyrex\n|\n|upkeep\n|turn|8\n|\n|t:|1701020139\n|move|p1a: Chien-Pao|Sucker Punch|p2a: Calyrex\n|-supereffective|p2a: Calyrex\n|-damage|p2a: Calyrex|0 fnt\n|faint|p2a: Calyrex\n|\n|upkeep\n|\n|t:|1701020147\n|switch|p2a: Ursaluna|Ursaluna-Bloodmoon, M|100\/100\n|-damage|p2a: Ursaluna|94\/100|[from] Stealth Rock\n|turn|9\n|\n|t:|1701020154\n|move|p1a: Chien-Pao|Ice Spinner|p2a: Ursaluna\n|-supereffective|p2a: Ursaluna\n|-damage|p2a: Ursaluna|28\/100\n|move|p2a: Ursaluna|Earth Power|p1a: Chien-Pao\n|-damage|p1a: Chien-Pao|0 fnt\n|faint|p1a: Chien-Pao\n|-damage|p2a: Ursaluna|18\/100|[from] item: Life Orb\n|\n|upkeep\n|\n|t:|1701020164\n|switch|p1a: Tyranitar|Tyranitar, F|100\/100\n|-weather|Sandstorm|[from] ability: Sand Stream|[of] p1a: Tyranitar\n|turn|10\n|\n|t:|1701020171\n|move|p1a: Tyranitar|Crunch|p2a: Ursaluna\n|-crit|p2a: Ursaluna\n|-damage|p2a: Ursaluna|0 fnt\n|faint|p2a: Ursaluna\n|\n|-weather|Sandstorm|[upkeep]\n|upkeep\n|\n|t:|1701020177\n|switch|p2a: Eiscue|Eiscue, F|100\/100\n|-damage|p2a: Eiscue|75\/100|[from] Stealth Rock\n|turn|11\n|\n|t:|1701020188\n|move|p2a: Eiscue|Belly Drum|p2a: Eiscue\n|-damage|p2a: Eiscue|25\/100\n|-setboost|p2a: Eiscue|atk|6|[from] move: Belly Drum\n|-enditem|p2a: Eiscue|Salac Berry|[eat]\n|-boost|p2a: Eiscue|spe|1|[from] item: Salac Berry\n|move|p1a: Tyranitar|Fire Punch|p2a: Eiscue\n|-activate|p2a: Eiscue|ability: Ice Face\n|-damage|p2a: Eiscue|25\/100\n|detailschange|p2a: Eiscue|Eiscue-Noice, F\n|\n|-weather|Sandstorm|[upkeep]\n|-damage|p2a: Eiscue|19\/100|[from] Sandstorm\n|upkeep\n|turn|12\n|\n|t:|1701020202\n|move|p2a: Eiscue|Liquidation|p1a: Tyranitar\n|-supereffective|p1a: Tyranitar\n|-damage|p1a: Tyranitar|0 fnt\n|faint|p1a: Tyranitar\n|\n|-weather|Sandstorm|[upkeep]\n|-damage|p2a: Eiscue|13\/100|[from] Sandstorm\n|upkeep\n|\n|t:|1701020210\n|switch|p1a: Quaquaval|Quaquaval, M|100\/100\n|turn|13\n|\n|t:|1701020216\n|move|p2a: Eiscue|Icicle Crash|p1a: Quaquaval|[miss]\n|-miss|p2a: Eiscue|p1a: Quaquaval\n|move|p1a: Quaquaval|Close Combat|p2a: Eiscue\n|-supereffective|p2a: Eiscue\n|-damage|p2a: Eiscue|0 fnt\n|-unboost|p1a: Quaquaval|def|1\n|-unboost|p1a: Quaquaval|spd|1\n|faint|p2a: Eiscue\n|-ability|p1a: Quaquaval|Moxie|boost\n|-boost|p1a: Quaquaval|atk|1\n|\n|-weather|Sandstorm|[upkeep]\n|-damage|p1a: Quaquaval|94\/100|[from] Sandstorm\n|upkeep\n|\n|t:|1701020229\n|switch|p2a: Kricketune|Kricketune, F|75\/100\n|-damage|p2a: Kricketune|50\/100|[from] Stealth Rock\n|turn|14\n|\n|t:|1701020236\n|move|p1a: Quaquaval|Bulk Up|p1a: Quaquaval\n|-boost|p1a: Quaquaval|atk|1\n|-boost|p1a: Quaquaval|def|1\n|move|p2a: Kricketune|Aerial Ace|p1a: Quaquaval\n|-supereffective|p1a: Quaquaval\n|-damage|p1a: Quaquaval|39\/100\n|\n|-weather|none\n|-heal|p2a: Kricketune|57\/100|[from] item: Leftovers\n|upkeep\n|turn|15\n|\n|t:|1701020247\n|move|p1a: Quaquaval|Close Combat|p2a: Kricketune\n|-resisted|p2a: Kricketune\n|-damage|p2a: Kricketune|0 fnt\n|-unboost|p1a: Quaquaval|def|1\n|-unboost|p1a: Quaquaval|spd|1\n|faint|p2a: Kricketune\n|-ability|p1a: Quaquaval|Moxie|boost\n|-boost|p1a: Quaquaval|atk|1\n|\n|upkeep\n|\n|t:|1701020252\n|switch|p2a: Ting-Lu|Ting-Lu|100\/100\n|-damage|p2a: Ting-Lu|94\/100|[from] Stealth Rock\n|-ability|p2a: Ting-Lu|Vessel of Ruin\n|turn|16\n|\n|t:|1701020261\n|move|p1a: Quaquaval|Close Combat|p2a: Ting-Lu\n|-supereffective|p2a: Ting-Lu\n|-damage|p2a: Ting-Lu|0 fnt\n|-unboost|p1a: Quaquaval|def|1\n|-unboost|p1a: Quaquaval|spd|1\n|faint|p2a: Ting-Lu\n|-ability|p1a: Quaquaval|Moxie|boost\n|-boost|p1a: Quaquaval|atk|1\n|\n|upkeep\n|\n|t:|1701020264\n|switch|p2a: Ninetales|Ninetales-Alola, F|100\/100\n|-damage|p2a: Ninetales|76\/100|[from] Stealth Rock\n|-weather|Snow|[from] ability: Snow Warning|[of] p2a: Ninetales\n|turn|17\n|\n|t:|1701020277\n|move|p2a: Ninetales|Moonblast|p1a: Quaquaval\n|-supereffective|p1a: Quaquaval\n|-damage|p1a: Quaquaval|0 fnt\n|faint|p1a: Quaquaval\n|\n|win|amsocoolguy12345\n|raw|aditineverwearsbra's rating: 1000 &rarr; <strong>1000<\/strong><br \/>(+0 for losing)\n|raw|amsocoolguy12345's rating: 1154 &rarr; <strong>1169<\/strong><br \/>(+15 for winning)\n","uploadtime":1701020283,"views":1,"p1id":"aditineverwearsbra","p2id":"amsocoolguy12345","formatid":"gen9anythinggoes","rating":1000,"private":0,"password":""}