{"id":"gen9anythinggoes-1983962050","p1":"HowToPlayDisXD","p2":"simondroid","format":"[Gen 9] Anything Goes","log":"|j|\u2606HowToPlayDisXD\n|j|\u2606simondroid\n|t:|1699204533\n|gametype|singles\n|player|p1|HowToPlayDisXD|picnicker|1050\n|player|p2|simondroid|dawn|1030\n|teamsize|p1|6\n|teamsize|p2|6\n|gen|9\n|tier|[Gen 9] Anything Goes\n|rated|\n|rule|HP Percentage Mod: HP is shown in percentages\n|rule|Endless Battle Clause: Forcing endless battles is banned\n|clearpoke\n|poke|p1|Donphan, L1, F|\n|poke|p1|Tyranitar, F|\n|poke|p1|Maushold-Four|\n|poke|p1|Magearna|\n|poke|p1|Kingambit, F|\n|poke|p1|Cryogonal|\n|poke|p2|Slugma, F|\n|poke|p2|Slugma, F|\n|poke|p2|Slugma, M|\n|poke|p2|Slugma, F|\n|poke|p2|Slugma, M|\n|poke|p2|Slugma, F|\n|teampreview\n|inactive|Battle timer is ON: inactive players will automatically lose when time's up. (requested by HowToPlayDisXD)\n|c|\u2606simondroid|Gl\n|c|\u2606HowToPlayDisXD|I am scared\n|\n|t:|1699204552\n|start\n|switch|p1a: Tyranitar|Tyranitar, F|100\/100\n|switch|p2a: Slugma|Slugma, F|100\/100\n|-weather|Sandstorm|[from] ability: Sand Stream|[of] p1a: Tyranitar\n|turn|1\n|\n|t:|1699204557\n|move|p1a: Tyranitar|Crunch|p2a: Slugma\n|-damage|p2a: Slugma|34\/100\n|move|p2a: Slugma|Reflect|p2a: Slugma\n|-sidestart|p2: simondroid|Reflect\n|\n|-weather|Sandstorm|[upkeep]\n|-damage|p2a: Slugma|28\/100|[from] Sandstorm\n|upkeep\n|turn|2\n|\n|t:|1699204569\n|switch|p1a: Donphan|Donphan, L1, F|100\/100\n|move|p2a: Slugma|Yawn|p1a: Donphan\n|-start|p1a: Donphan|move: Yawn|[of] p2a: Slugma\n|\n|-weather|Sandstorm|[upkeep]\n|-damage|p2a: Slugma|22\/100|[from] Sandstorm\n|upkeep\n|turn|3\n|\n|t:|1699204575\n|switch|p1a: Tyranitar|Tyranitar, F|100\/100\n|move|p2a: Slugma|Memento|p1a: Tyranitar\n|-unboost|p1a: Tyranitar|atk|2\n|-unboost|p1a: Tyranitar|spa|2\n|faint|p2a: Slugma\n|\n|-weather|Sandstorm|[upkeep]\n|upkeep\n|\n|t:|1699204580\n|switch|p2a: Slugma|Slugma, F|100\/100\n|turn|4\n|\n|t:|1699204585\n|switch|p1a: Magearna|Magearna|100\/100\n|move|p2a: Slugma|Sunny Day|p2a: Slugma\n|-weather|SunnyDay\n|\n|-weather|SunnyDay|[upkeep]\n|upkeep\n|turn|5\n|\n|t:|1699204591\n|move|p1a: Magearna|Agility|p1a: Magearna\n|-boost|p1a: Magearna|spe|2\n|move|p2a: Slugma|Lava Plume|p1a: Magearna\n|-supereffective|p1a: Magearna\n|-damage|p1a: Magearna|36\/100\n|-status|p1a: Magearna|brn\n|\n|-weather|SunnyDay|[upkeep]\n|-damage|p1a: Magearna|30\/100 brn|[from] brn\n|upkeep\n|turn|6\n|\n|t:|1699204594\n|move|p1a: Magearna|Baton Pass|p1a: Magearna\n|\n|t:|1699204596\n|switch|p1a: Maushold|Maushold-Four|100\/100|[from] Baton Pass\n|move|p2a: Slugma|Lava Plume|p1a: Maushold\n|-damage|p1a: Maushold|57\/100\n|\n|-weather|SunnyDay|[upkeep]\n|upkeep\n|turn|7\n|\n|t:|1699204605\n|move|p1a: Maushold|Population Bomb|p2a: Slugma\n|-damage|p2a: Slugma|95\/100\n|-damage|p2a: Slugma|90\/100\n|-status|p1a: Maushold|brn|[from] ability: Flame Body|[of] p2a: Slugma\n|-hitcount|p2a: Slugma|2\n|move|p2a: Slugma|Lava Plume|p1a: Maushold\n|-damage|p1a: Maushold|8\/100 brn\n|\n|-weather|SunnyDay|[upkeep]\n|-damage|p1a: Maushold|2\/100 brn|[from] brn\n|upkeep\n|turn|8\n|\n|t:|1699204614\n|move|p1a: Maushold|Population Bomb|p2a: Slugma\n|-damage|p2a: Slugma|87\/100\n|-damage|p2a: Slugma|85\/100\n|-damage|p2a: Slugma|82\/100\n|-damage|p2a: Slugma|79\/100\n|-damage|p2a: Slugma|77\/100\n|-hitcount|p2a: Slugma|5\n|move|p2a: Slugma|Lava Plume|p1a: Maushold\n|-damage|p1a: Maushold|0 fnt\n|faint|p1a: Maushold\n|\n|-weather|none\n|-sideend|p2: simondroid|Reflect\n|upkeep\n|\n|t:|1699204641\n|switch|p1a: Cryogonal|Cryogonal|100\/100\n|turn|9\n|\n|t:|1699204646\n|move|p1a: Cryogonal|Explosion|p2a: Slugma\n|-damage|p2a: Slugma|43\/100\n|faint|p1a: Cryogonal\n|move|p2a: Slugma|Sunny Day|p2a: Slugma\n|-weather|SunnyDay\n|\n|-weather|SunnyDay|[upkeep]\n|upkeep\n|\n|t:|1699204649\n|switch|p1a: Magearna|Magearna|30\/100 brn\n|turn|10\n|\n|t:|1699204652\n|move|p1a: Magearna|Dazzling Gleam|p2a: Slugma\n|-resisted|p2a: Slugma\n|-damage|p2a: Slugma|12\/100\n|move|p2a: Slugma|Lava Plume|p1a: Magearna\n|-supereffective|p1a: Magearna\n|-crit|p1a: Magearna\n|-damage|p1a: Magearna|0 fnt\n|faint|p1a: Magearna\n|\n|-weather|SunnyDay|[upkeep]\n|upkeep\n|\n|t:|1699204657\n|switch|p1a: Tyranitar|Tyranitar, F|100\/100\n|-weather|Sandstorm|[from] ability: Sand Stream|[of] p1a: Tyranitar\n|turn|11\n|\n|t:|1699204660\n|move|p1a: Tyranitar|Crunch|p2a: Slugma\n|-damage|p2a: Slugma|0 fnt\n|faint|p2a: Slugma\n|\n|-weather|Sandstorm|[upkeep]\n|upkeep\n|\n|t:|1699204666\n|switch|p2a: Slugma|Slugma, F|100\/100\n|turn|12\n|\n|t:|1699204669\n|switch|p1a: Donphan|Donphan, L1, F|100\/100\n|move|p2a: Slugma|Yawn|p1a: Donphan\n|-start|p1a: Donphan|move: Yawn|[of] p2a: Slugma\n|\n|-weather|Sandstorm|[upkeep]\n|-damage|p2a: Slugma|94\/100|[from] Sandstorm\n|upkeep\n|turn|13\n|\n|t:|1699204675\n|switch|p1a: Tyranitar|Tyranitar, F|100\/100\n|move|p2a: Slugma|Stealth Rock|p1a: Tyranitar\n|-sidestart|p1: HowToPlayDisXD|move: Stealth Rock\n|\n|-weather|Sandstorm|[upkeep]\n|-damage|p2a: Slugma|88\/100|[from] Sandstorm\n|upkeep\n|turn|14\n|\n|t:|1699204680\n|move|p1a: Tyranitar|Crunch|p2a: Slugma\n|-crit|p2a: Slugma\n|-damage|p2a: Slugma|0 fnt\n|faint|p2a: Slugma\n|\n|-weather|Sandstorm|[upkeep]\n|upkeep\n|\n|t:|1699204687\n|switch|p2a: Slugma|Slugma, F|100\/100\n|turn|15\n|\n|t:|1699204698\n|move|p1a: Tyranitar|Earthquake|p2a: Slugma\n|-supereffective|p2a: Slugma\n|-crit|p2a: Slugma\n|-damage|p2a: Slugma|0 fnt\n|faint|p2a: Slugma\n|\n|-weather|Sandstorm|[upkeep]\n|upkeep\n|\n|t:|1699204701\n|switch|p2a: Slugma|Slugma, M|100\/100\n|turn|16\n|\n|t:|1699204707\n|-terastallize|p2a: Slugma|Fire\n|move|p1a: Tyranitar|Earthquake|p2a: Slugma\n|-supereffective|p2a: Slugma\n|-enditem|p2a: Slugma|Focus Sash\n|-damage|p2a: Slugma|1\/100\n|-ability|p2a: Slugma|Weak Armor|boost\n|-unboost|p2a: Slugma|def|1\n|-boost|p2a: Slugma|spe|2\n|move|p2a: Slugma|Lava Plume|p1a: Tyranitar\n|-resisted|p1a: Tyranitar\n|-damage|p1a: Tyranitar|89\/100\n|\n|-weather|Sandstorm|[upkeep]\n|-damage|p2a: Slugma|0 fnt|[from] Sandstorm\n|faint|p2a: Slugma\n|upkeep\n|\n|t:|1699204709\n|switch|p2a: Slugma|Slugma, M|100\/100\n|turn|17\n|c|\u2606HowToPlayDisXD|This isn't even what I wanted to do\n|c|\u2606simondroid|GG\n|\n|t:|1699204721\n|move|p1a: Tyranitar|Earthquake|p2a: Slugma\n|-supereffective|p2a: Slugma\n|-damage|p2a: Slugma|0 fnt\n|faint|p2a: Slugma\n|\n|win|HowToPlayDisXD\n|raw|HowToPlayDisXD's rating: 1050 &rarr; <strong>1081<\/strong><br \/>(+31 for winning)\n|raw|simondroid's rating: 1030 &rarr; <strong>1016<\/strong><br \/>(-14 for losing)\n","uploadtime":1699204724,"views":6,"p1id":"howtoplaydisxd","p2id":"simondroid","formatid":"gen9anythinggoes","rating":1016,"private":0,"password":""}