{"id":"gen9anythinggoes-1978940905","p1":"Citybob","p2":"Jeremoon","format":"[Gen 9] Anything Goes","log":"|j|\u2606Citybob\n|j|\u2606Jeremoon\n|t:|1698612674\n|gametype|singles\n|player|p1|Citybob|fantina|\n|player|p2|Jeremoon|2|\n|teamsize|p1|6\n|teamsize|p2|6\n|gen|9\n|tier|[Gen 9] Anything Goes\n|rule|HP Percentage Mod: HP is shown in percentages\n|rule|Endless Battle Clause: Forcing endless battles is banned\n|clearpoke\n|poke|p1|Ting-Lu|\n|poke|p1|Torterra, M|\n|poke|p1|Talonflame, M|\n|poke|p1|Sylveon, F|\n|poke|p1|Milotic, F|\n|poke|p1|Zapdos-Galar|\n|poke|p2|Diancie|\n|poke|p2|Cresselia, F|\n|poke|p2|Heatran, F|\n|poke|p2|Talonflame, F|\n|poke|p2|Goodra-Hisui, M|\n|poke|p2|Urshifu-*, F|\n|teampreview\n|\n|t:|1698612772\n|start\n|switch|p1a: Milotic|Milotic, F|100\/100\n|switch|p2a: Cresselia|Cresselia, F|100\/100\n|turn|1\n|\n|t:|1698612785\n|-terastallize|p2a: Cresselia|Fairy\n|move|p2a: Cresselia|Calm Mind|p2a: Cresselia\n|-boost|p2a: Cresselia|spa|1\n|-boost|p2a: Cresselia|spd|1\n|move|p1a: Milotic|Scald|p2a: Cresselia\n|-damage|p2a: Cresselia|90\/100\n|\n|upkeep\n|turn|2\n|\n|t:|1698612801\n|move|p2a: Cresselia|Calm Mind|p2a: Cresselia\n|-boost|p2a: Cresselia|spa|1\n|-boost|p2a: Cresselia|spd|1\n|move|p1a: Milotic|Scald|p2a: Cresselia\n|-damage|p2a: Cresselia|81\/100\n|-status|p2a: Cresselia|brn\n|\n|-damage|p2a: Cresselia|75\/100 brn|[from] brn\n|upkeep\n|turn|3\n|\n|t:|1698612812\n|move|p2a: Cresselia|Moonblast|p1a: Milotic\n|-damage|p1a: Milotic|63\/100\n|-unboost|p1a: Milotic|spa|1\n|move|p1a: Milotic|Haze|p1a: Milotic\n|-clearallboost\n|\n|-damage|p2a: Cresselia|69\/100 brn|[from] brn\n|upkeep\n|turn|4\n|\n|t:|1698612824\n|move|p2a: Cresselia|Moonblast|p1a: Milotic\n|-damage|p1a: Milotic|45\/100\n|move|p1a: Milotic|Recover|p1a: Milotic\n|-heal|p1a: Milotic|95\/100\n|\n|-damage|p2a: Cresselia|63\/100 brn|[from] brn\n|upkeep\n|turn|5\n|\n|t:|1698612841\n|move|p2a: Cresselia|Moonlight|p2a: Cresselia\n|-heal|p2a: Cresselia|100\/100 brn\n|move|p1a: Milotic|Scald|p2a: Cresselia\n|-damage|p2a: Cresselia|85\/100 brn\n|\n|-damage|p2a: Cresselia|79\/100 brn|[from] brn\n|upkeep\n|turn|6\n|\n|t:|1698612857\n|move|p2a: Cresselia|Calm Mind|p2a: Cresselia\n|-boost|p2a: Cresselia|spa|1\n|-boost|p2a: Cresselia|spd|1\n|move|p1a: Milotic|Flip Turn|p2a: Cresselia\n|-damage|p2a: Cresselia|72\/100 brn\n|-damage|p1a: Milotic|79\/100|[from] item: Rocky Helmet|[of] p2a: Cresselia\n|\n|t:|1698612866\n|switch|p1a: Sylveon|Sylveon, F|100\/100|[from] Flip Turn\n|\n|-damage|p2a: Cresselia|66\/100 brn|[from] brn\n|upkeep\n|turn|7\n|\n|t:|1698612876\n|move|p2a: Cresselia|Calm Mind|p2a: Cresselia\n|-boost|p2a: Cresselia|spa|1\n|-boost|p2a: Cresselia|spd|1\n|move|p1a: Sylveon|Calm Mind|p1a: Sylveon\n|-boost|p1a: Sylveon|spa|1\n|-boost|p1a: Sylveon|spd|1\n|\n|-damage|p2a: Cresselia|60\/100 brn|[from] brn\n|upkeep\n|turn|8\n|\n|t:|1698612886\n|move|p2a: Cresselia|Calm Mind|p2a: Cresselia\n|-boost|p2a: Cresselia|spa|1\n|-boost|p2a: Cresselia|spd|1\n|move|p1a: Sylveon|Calm Mind|p1a: Sylveon\n|-boost|p1a: Sylveon|spa|1\n|-boost|p1a: Sylveon|spd|1\n|\n|-damage|p2a: Cresselia|54\/100 brn|[from] brn\n|upkeep\n|turn|9\n|\n|t:|1698612896\n|move|p2a: Cresselia|Moonblast|p1a: Sylveon\n|-damage|p1a: Sylveon|77\/100\n|move|p1a: Sylveon|Calm Mind|p1a: Sylveon\n|-boost|p1a: Sylveon|spa|1\n|-boost|p1a: Sylveon|spd|1\n|\n|-heal|p1a: Sylveon|83\/100|[from] item: Leftovers\n|-damage|p2a: Cresselia|48\/100 brn|[from] brn\n|upkeep\n|turn|10\n|\n|t:|1698612908\n|move|p2a: Cresselia|Moonlight|p2a: Cresselia\n|-heal|p2a: Cresselia|98\/100 brn\n|move|p1a: Sylveon|Calm Mind|p1a: Sylveon\n|-boost|p1a: Sylveon|spa|1\n|-boost|p1a: Sylveon|spd|1\n|\n|-heal|p1a: Sylveon|90\/100|[from] item: Leftovers\n|-damage|p2a: Cresselia|91\/100 brn|[from] brn\n|upkeep\n|turn|11\n|\n|t:|1698612919\n|move|p2a: Cresselia|Calm Mind|p2a: Cresselia\n|-boost|p2a: Cresselia|spa|1\n|-boost|p2a: Cresselia|spd|1\n|move|p1a: Sylveon|Calm Mind|p1a: Sylveon\n|-boost|p1a: Sylveon|spa|1\n|-boost|p1a: Sylveon|spd|1\n|\n|-heal|p1a: Sylveon|96\/100|[from] item: Leftovers\n|-damage|p2a: Cresselia|85\/100 brn|[from] brn\n|upkeep\n|turn|12\n|\n|t:|1698612956\n|move|p2a: Cresselia|Calm Mind|p2a: Cresselia\n|-boost|p2a: Cresselia|spa|1\n|-boost|p2a: Cresselia|spd|1\n|move|p1a: Sylveon|Calm Mind|p1a: Sylveon\n|-boost|p1a: Sylveon|spa|1\n|-boost|p1a: Sylveon|spd|1\n|\n|-heal|p1a: Sylveon|100\/100|[from] item: Leftovers\n|-damage|p2a: Cresselia|79\/100 brn|[from] brn\n|upkeep\n|turn|13\n|\n|t:|1698612966\n|move|p2a: Cresselia|Calm Mind|p2a: Cresselia\n|-boost|p2a: Cresselia|spa|1\n|-boost|p2a: Cresselia|spd|1\n|move|p1a: Sylveon|Moonblast|p2a: Cresselia\n|-damage|p2a: Cresselia|57\/100 brn\n|-unboost|p2a: Cresselia|spa|1\n|\n|-damage|p2a: Cresselia|51\/100 brn|[from] brn\n|upkeep\n|turn|14\n|\n|t:|1698612985\n|move|p2a: Cresselia|Moonlight|p2a: Cresselia\n|-heal|p2a: Cresselia|100\/100 brn\n|move|p1a: Sylveon|Moonblast|p2a: Cresselia\n|-damage|p2a: Cresselia|80\/100 brn\n|\n|-damage|p2a: Cresselia|74\/100 brn|[from] brn\n|upkeep\n|turn|15\n|\n|t:|1698612994\n|move|p2a: Cresselia|Moonblast|p1a: Sylveon\n|-damage|p1a: Sylveon|86\/100\n|-unboost|p1a: Sylveon|spa|1\n|move|p1a: Sylveon|Moonblast|p2a: Cresselia\n|-damage|p2a: Cresselia|56\/100 brn\n|\n|-heal|p1a: Sylveon|92\/100|[from] item: Leftovers\n|-damage|p2a: Cresselia|50\/100 brn|[from] brn\n|upkeep\n|turn|16\n|\n|t:|1698613005\n|move|p2a: Cresselia|Moonblast|p1a: Sylveon\n|-damage|p1a: Sylveon|78\/100\n|-unboost|p1a: Sylveon|spa|1\n|move|p1a: Sylveon|Moonblast|p2a: Cresselia\n|-damage|p2a: Cresselia|35\/100 brn\n|\n|-heal|p1a: Sylveon|84\/100|[from] item: Leftovers\n|-damage|p2a: Cresselia|29\/100 brn|[from] brn\n|upkeep\n|turn|17\n|\n|t:|1698613017\n|move|p2a: Cresselia|Moonlight|p2a: Cresselia\n|-heal|p2a: Cresselia|79\/100 brn\n|move|p1a: Sylveon|Calm Mind|p1a: Sylveon\n|-boost|p1a: Sylveon|spa|1\n|-boost|p1a: Sylveon|spd|0\n|\n|-heal|p1a: Sylveon|90\/100|[from] item: Leftovers\n|-damage|p2a: Cresselia|73\/100 brn|[from] brn\n|upkeep\n|turn|18\n|\n|t:|1698613027\n|move|p2a: Cresselia|Moonblast|p1a: Sylveon\n|-damage|p1a: Sylveon|74\/100\n|move|p1a: Sylveon|Calm Mind|p1a: Sylveon\n|-boost|p1a: Sylveon|spa|1\n|-boost|p1a: Sylveon|spd|0\n|\n|-heal|p1a: Sylveon|81\/100|[from] item: Leftovers\n|-damage|p2a: Cresselia|66\/100 brn|[from] brn\n|upkeep\n|turn|19\n|\n|t:|1698613036\n|move|p2a: Cresselia|Moonblast|p1a: Sylveon\n|-crit|p1a: Sylveon\n|-damage|p1a: Sylveon|0 fnt\n|faint|p1a: Sylveon\n|\n|-damage|p2a: Cresselia|60\/100 brn|[from] brn\n|upkeep\n|\n|t:|1698613064\n|switch|p1a: Milotic|Milotic, F|79\/100\n|turn|20\n|\n|t:|1698613068\n|move|p2a: Cresselia|Moonblast|p1a: Milotic\n|-damage|p1a: Milotic|14\/100\n|move|p1a: Milotic|Haze|p1a: Milotic\n|-clearallboost\n|\n|-damage|p2a: Cresselia|54\/100 brn|[from] brn\n|upkeep\n|turn|21\n|\n|t:|1698613090\n|move|p2a: Cresselia|Moonblast|p1a: Milotic\n|-damage|p1a: Milotic|0 fnt\n|faint|p1a: Milotic\n|\n|-damage|p2a: Cresselia|48\/100 brn|[from] brn\n|upkeep\n|\n|t:|1698613100\n|switch|p1a: Torterra|Torterra, M|100\/100\n|turn|22\n|\n|t:|1698613104\n|move|p2a: Cresselia|Moonlight|p2a: Cresselia\n|-heal|p2a: Cresselia|98\/100 brn\n|move|p1a: Torterra|Shell Smash|p1a: Torterra\n|-unboost|p1a: Torterra|def|1\n|-unboost|p1a: Torterra|spd|1\n|-boost|p1a: Torterra|atk|2\n|-boost|p1a: Torterra|spa|2\n|-boost|p1a: Torterra|spe|2\n|-enditem|p1a: Torterra|White Herb\n|-clearnegativeboost|p1a: Torterra|[silent]\n|\n|-damage|p2a: Cresselia|92\/100 brn|[from] brn\n|upkeep\n|turn|23\n|\n|t:|1698613156\n|move|p1a: Torterra|Shell Smash|p1a: Torterra\n|-unboost|p1a: Torterra|def|1\n|-unboost|p1a: Torterra|spd|1\n|-boost|p1a: Torterra|atk|2\n|-boost|p1a: Torterra|spa|2\n|-boost|p1a: Torterra|spe|2\n|move|p2a: Cresselia|Ice Beam|p1a: Torterra\n|-supereffective|p1a: Torterra\n|-damage|p1a: Torterra|0 fnt\n|faint|p1a: Torterra\n|\n|-damage|p2a: Cresselia|86\/100 brn|[from] brn\n|upkeep\n|\n|t:|1698613170\n|switch|p1a: Ting-Lu|Ting-Lu|100\/100\n|-ability|p1a: Ting-Lu|Vessel of Ruin\n|turn|24\n|\n|t:|1698613183\n|move|p2a: Cresselia|Calm Mind|p2a: Cresselia\n|-boost|p2a: Cresselia|spa|1\n|-boost|p2a: Cresselia|spd|1\n|move|p1a: Ting-Lu|Ruination|p2a: Cresselia\n|-damage|p2a: Cresselia|43\/100 brn\n|\n|-damage|p2a: Cresselia|37\/100 brn|[from] brn\n|upkeep\n|turn|25\n|\n|t:|1698613195\n|move|p2a: Cresselia|Calm Mind|p2a: Cresselia\n|-boost|p2a: Cresselia|spa|1\n|-boost|p2a: Cresselia|spd|1\n|move|p1a: Ting-Lu|Throat Chop|p2a: Cresselia\n|-resisted|p2a: Cresselia\n|-damage|p2a: Cresselia|28\/100 brn\n|-start|p2a: Cresselia|Throat Chop|[silent]\n|-damage|p1a: Ting-Lu|84\/100|[from] item: Rocky Helmet|[of] p2a: Cresselia\n|\n|-damage|p2a: Cresselia|22\/100 brn|[from] brn\n|upkeep\n|turn|26\n|\n|t:|1698613207\n|move|p2a: Cresselia|Moonlight|p2a: Cresselia\n|-heal|p2a: Cresselia|72\/100 brn\n|move|p1a: Ting-Lu|Ruination|p2a: Cresselia\n|-damage|p2a: Cresselia|36\/100 brn\n|\n|-damage|p2a: Cresselia|30\/100 brn|[from] brn\n|-end|p2a: Cresselia|Throat Chop|[silent]\n|upkeep\n|turn|27\n|\n|t:|1698613218\n|move|p2a: Cresselia|Moonblast|p1a: Ting-Lu\n|-supereffective|p1a: Ting-Lu\n|-damage|p1a: Ting-Lu|32\/100\n|-enditem|p1a: Ting-Lu|Sitrus Berry|[eat]\n|-heal|p1a: Ting-Lu|57\/100|[from] item: Sitrus Berry\n|move|p1a: Ting-Lu|Ruination|p2a: Cresselia\n|-damage|p2a: Cresselia|15\/100 brn\n|\n|-damage|p2a: Cresselia|9\/100 brn|[from] brn\n|upkeep\n|turn|28\n|\n|t:|1698613229\n|move|p2a: Cresselia|Moonlight|p2a: Cresselia\n|-heal|p2a: Cresselia|59\/100 brn\n|move|p1a: Ting-Lu|Throat Chop|p2a: Cresselia\n|-resisted|p2a: Cresselia\n|-damage|p2a: Cresselia|50\/100 brn\n|-start|p2a: Cresselia|Throat Chop|[silent]\n|-damage|p1a: Ting-Lu|41\/100|[from] item: Rocky Helmet|[of] p2a: Cresselia\n|\n|-damage|p2a: Cresselia|44\/100 brn|[from] brn\n|upkeep\n|turn|29\n|\n|t:|1698613241\n|move|p2a: Cresselia|Moonblast|p1a: Ting-Lu\n|-supereffective|p1a: Ting-Lu\n|-damage|p1a: Ting-Lu|0 fnt\n|faint|p1a: Ting-Lu\n|\n|-damage|p2a: Cresselia|38\/100 brn|[from] brn\n|-end|p2a: Cresselia|Throat Chop|[silent]\n|upkeep\n|\n|t:|1698613248\n|switch|p1a: Zapdos|Zapdos-Galar|100\/100\n|turn|30\n|\n|t:|1698613257\n|move|p1a: Zapdos|Brave Bird|p2a: Cresselia\n|-damage|p2a: Cresselia|2\/100 brn\n|-damage|p1a: Zapdos|84\/100|[from] item: Rocky Helmet|[of] p2a: Cresselia\n|-damage|p1a: Zapdos|69\/100|[from] Recoil\n|move|p2a: Cresselia|Ice Beam|p1a: Zapdos\n|-supereffective|p1a: Zapdos\n|-damage|p1a: Zapdos|5\/100\n|\n|-damage|p2a: Cresselia|0 fnt|[from] brn\n|faint|p2a: Cresselia\n|upkeep\n|\n|t:|1698613269\n|switch|p2a: Urshifu|Urshifu-Rapid-Strike, F|100\/100\n|turn|31\n|\n|t:|1698613277\n|move|p2a: Urshifu|Surging Strikes|p1a: Zapdos\n|-crit|p1a: Zapdos\n|-damage|p1a: Zapdos|0 fnt\n|faint|p1a: Zapdos\n|-hitcount|p1: Zapdos|1\n|\n|upkeep\n|\n|t:|1698613282\n|switch|p1a: Talonflame|Talonflame, M|100\/100\n|turn|32\n|\n|t:|1698613287\n|move|p2a: Urshifu|Surging Strikes|p1a: Talonflame\n|-supereffective|p1a: Talonflame\n|-crit|p1a: Talonflame\n|-damage|p1a: Talonflame|47\/100\n|-supereffective|p1a: Talonflame\n|-crit|p1a: Talonflame\n|-damage|p1a: Talonflame|0 fnt\n|faint|p1a: Talonflame\n|-hitcount|p1: Talonflame|2\n|\n|win|Jeremoon\n|c|\u2606Citybob|gg\n","uploadtime":1698613308,"views":12,"p1id":"citybob","p2id":"jeremoon","formatid":"gen9anythinggoes","rating":0,"private":0,"password":""}