{"id":"gen9anythinggoes-1974520454","p1":"Kdhsksbsush","p2":"ysaturnn","format":"[Gen 9] Anything Goes","log":"|j|\u2606Kdhsksbsush\n|j|\u2606ysaturnn\n|t:|1698093850\n|gametype|singles\n|player|p1|Kdhsksbsush|lucas|1025\n|player|p2|ysaturnn|bugsy|1061\n|teamsize|p1|2\n|teamsize|p2|6\n|gen|9\n|tier|[Gen 9] Anything Goes\n|rated|\n|rule|HP Percentage Mod: HP is shown in percentages\n|rule|Endless Battle Clause: Forcing endless battles is banned\n|clearpoke\n|poke|p1|Torkoal, M|\n|poke|p1|Grafaiai, M|\n|poke|p2|Cramorant, F|\n|poke|p2|Cramorant, F|\n|poke|p2|Cramorant, F|\n|poke|p2|Cramorant, F|\n|poke|p2|Cramorant, M|\n|poke|p2|Cramorant, M|\n|teampreview\n|inactive|Battle timer is ON: inactive players will automatically lose when time's up. (requested by ysaturnn)\n|inactive|Kdhsksbsush also wants the timer to be on.\n|\n|t:|1698093857\n|start\n|switch|p1a: Torkoal|Torkoal, M|100\/100\n|switch|p2a: Cramorant|Cramorant, F|100\/100\n|turn|1\n|\n|t:|1698093864\n|move|p2a: Cramorant|Rain Dance|p2a: Cramorant\n|-weather|RainDance\n|move|p1a: Torkoal|Yawn|p2a: Cramorant\n|-start|p2a: Cramorant|move: Yawn|[of] p1a: Torkoal\n|\n|-weather|RainDance|[upkeep]\n|upkeep\n|turn|2\n|\n|t:|1698093871\n|move|p2a: Cramorant|Tailwind|p2a: Cramorant\n|-sidestart|p2: ysaturnn|move: Tailwind\n|move|p1a: Torkoal|Shell Smash|p1a: Torkoal\n|-unboost|p1a: Torkoal|def|1\n|-unboost|p1a: Torkoal|spd|1\n|-boost|p1a: Torkoal|atk|2\n|-boost|p1a: Torkoal|spa|2\n|-boost|p1a: Torkoal|spe|2\n|-enditem|p1a: Torkoal|Eject Pack\n|\n|t:|1698093878\n|switch|p1a: Grafaiai|Grafaiai, M, shiny|100\/100\n|\n|-weather|RainDance|[upkeep]\n|-end|p2a: Cramorant|move: Yawn|[silent]\n|-status|p2a: Cramorant|slp\n|upkeep\n|turn|3\n|\n|t:|1698093885\n|switch|p2a: Cramorant|Cramorant, F|100\/100\n|move|p1a: Grafaiai|Copycat|p1a: Grafaiai\n|move|p1a: Grafaiai|Shell Smash|p1a: Grafaiai|[from]move: Copycat\n|-unboost|p1a: Grafaiai|def|1\n|-unboost|p1a: Grafaiai|spd|1\n|-boost|p1a: Grafaiai|atk|2\n|-boost|p1a: Grafaiai|spa|2\n|-boost|p1a: Grafaiai|spe|2\n|\n|-weather|RainDance|[upkeep]\n|upkeep\n|turn|4\n|\n|t:|1698093901\n|-terastallize|p1a: Grafaiai|Flying\n|move|p2a: Cramorant|Surf|p1a: Grafaiai\n|-formechange|p2a: Cramorant|Cramorant-Gulping|\n|-damage|p1a: Grafaiai|0 fnt\n|faint|p1a: Grafaiai\n|\n|-weather|RainDance|[upkeep]\n|upkeep\n|c|\u2606ysaturnn|lol\n|inactive|Kdhsksbsush has 120 seconds left.\n|\n|t:|1698093921\n|switch|p1a: Torkoal|Torkoal, M|100\/100\n|turn|5\n|\n|t:|1698093926\n|-terastallize|p2a: Cramorant|Water\n|move|p2a: Cramorant|Surf|p1a: Torkoal\n|-supereffective|p1a: Torkoal\n|-damage|p1a: Torkoal|0 fnt\n|faint|p1a: Torkoal\n|\n|win|ysaturnn\n|raw|Kdhsksbsush's rating: 1025 &rarr; <strong>1013<\/strong><br \/>(-12 for losing)\n|raw|ysaturnn's rating: 1061 &rarr; <strong>1089<\/strong><br \/>(+28 for winning)\n|l|\u2606Kdhsksbsush\n","uploadtime":1698093932,"views":13,"p1id":"kdhsksbsush","p2id":"ysaturnn","formatid":"gen9anythinggoes","rating":1013,"private":0,"password":""}