{"id":"gen9anythinggoes-1972155612","p1":"Sabarion","p2":"Kevko92","format":"[Gen 9] Anything Goes","log":"|j|\u2606Sabarion\n|j|\u2606Kevko92\n|t:|1697817348\n|gametype|singles\n|player|p1|Sabarion|dragontamer|\n|player|p2|Kevko92|benga|\n|teamsize|p1|6\n|teamsize|p2|6\n|gen|9\n|tier|[Gen 9] Anything Goes\n|rule|HP Percentage Mod: HP is shown in percentages\n|rule|Endless Battle Clause: Forcing endless battles is banned\n|clearpoke\n|poke|p1|Arcanine-Hisui, F|\n|poke|p1|Staraptor, M|\n|poke|p1|Scream Tail|\n|poke|p1|Gholdengo|\n|poke|p1|Mandibuzz, F|\n|poke|p1|Sneasel-Hisui, F|\n|poke|p2|Chi-Yu|\n|poke|p2|Quaquaval, M|\n|poke|p2|Clodsire, M|\n|poke|p2|Vikavolt, M|\n|poke|p2|Farigiraf, F|\n|poke|p2|Noivern, F|\n|teampreview\n|c|\u2606Kevko92|Gl hf\n|c|\u2606Sabarion|gl hf\n|\n|t:|1697817382\n|start\n|switch|p1a: Sneasel|Sneasel-Hisui, F|100\/100\n|switch|p2a: Noivern|Noivern, F|100\/100\n|-item|p1a: Sneasel|Focus Sash|[from] ability: Frisk|[of] p2a: Noivern|[identify]\n|turn|1\n|\n|t:|1697817391\n|move|p1a: Sneasel|Fake Out|p2a: Noivern\n|-damage|p2a: Noivern|86\/100\n|cant|p2a: Noivern|flinch\n|\n|upkeep\n|turn|2\n|\n|t:|1697817416\n|switch|p1a: Scream Tail|Scream Tail|100\/100\n|move|p2a: Noivern|U-turn|p1a: Scream Tail\n|-damage|p1a: Scream Tail|92\/100\n|\n|t:|1697817421\n|switch|p2a: Vikavolt|Vikavolt, M|100\/100|[from] U-turn\n|\n|-heal|p1a: Scream Tail|99\/100|[from] item: Leftovers\n|upkeep\n|turn|3\n|\n|t:|1697817434\n|move|p1a: Scream Tail|Wish|p1a: Scream Tail\n|move|p2a: Vikavolt|Bug Buzz|p1a: Scream Tail\n|-damage|p1a: Scream Tail|69\/100\n|\n|-heal|p1a: Scream Tail|75\/100|[from] item: Leftovers\n|upkeep\n|turn|4\n|\n|t:|1697817470\n|-end|p1a: Scream Tail|Protosynthesis|[silent]\n|switch|p1a: Arcanine|Arcanine-Hisui, F|100\/100\n|move|p2a: Vikavolt|Volt Switch|p1a: Arcanine\n|-damage|p1a: Arcanine|62\/100\n|\n|t:|1697817473\n|switch|p2a: Quaquaval|Quaquaval, M|100\/100|[from] Volt Switch\n|\n|-heal|p1a: Arcanine|100\/100|[from] move: Wish|[wisher] Scream Tail\n|upkeep\n|turn|5\n|\n|t:|1697817483\n|switch|p1a: Mandibuzz|Mandibuzz, F|100\/100\n|move|p2a: Quaquaval|Knock Off|p1a: Mandibuzz\n|-resisted|p1a: Mandibuzz\n|-damage|p1a: Mandibuzz|93\/100\n|-enditem|p1a: Mandibuzz|Heavy-Duty Boots|[from] move: Knock Off|[of] p2a: Quaquaval\n|\n|upkeep\n|turn|6\n|\n|t:|1697817491\n|move|p2a: Quaquaval|U-turn|p1a: Mandibuzz\n|-damage|p1a: Mandibuzz|83\/100\n|\n|t:|1697817496\n|switch|p2a: Vikavolt|Vikavolt, M|100\/100|[from] U-turn\n|move|p1a: Mandibuzz|Knock Off|p2a: Vikavolt\n|-damage|p2a: Vikavolt|84\/100\n|-enditem|p2a: Vikavolt|Leftovers|[from] move: Knock Off|[of] p1a: Mandibuzz\n|\n|upkeep\n|turn|7\n|\n|t:|1697817506\n|switch|p1a: Scream Tail|Scream Tail|75\/100\n|move|p2a: Vikavolt|Volt Switch|p1a: Scream Tail\n|-damage|p1a: Scream Tail|50\/100\n|\n|t:|1697817510\n|switch|p2a: Chi-Yu|Chi-Yu|100\/100|[from] Volt Switch\n|-ability|p2a: Chi-Yu|Beads of Ruin\n|\n|-heal|p1a: Scream Tail|56\/100|[from] item: Leftovers\n|upkeep\n|turn|8\n|\n|t:|1697817522\n|move|p1a: Scream Tail|Protect|p1a: Scream Tail\n|-singleturn|p1a: Scream Tail|Protect\n|move|p2a: Chi-Yu|Dark Pulse|p1a: Scream Tail\n|-activate|p1a: Scream Tail|move: Protect\n|\n|-heal|p1a: Scream Tail|62\/100|[from] item: Leftovers\n|upkeep\n|turn|9\n|\n|t:|1697817540\n|-end|p1a: Scream Tail|Protosynthesis|[silent]\n|switch|p1a: Sneasel|Sneasel-Hisui, F|100\/100\n|move|p2a: Chi-Yu|Flamethrower|p1a: Sneasel\n|-enditem|p1a: Sneasel|Focus Sash\n|-damage|p1a: Sneasel|1\/100\n|\n|upkeep\n|turn|10\n|\n|t:|1697817555\n|switch|p2a: Quaquaval|Quaquaval, M|100\/100\n|move|p1a: Sneasel|Toxic Spikes|p2a: Quaquaval\n|-sidestart|p2: Kevko92|move: Toxic Spikes\n|\n|upkeep\n|turn|11\n|\n|t:|1697817587\n|switch|p1a: Mandibuzz|Mandibuzz, F|83\/100\n|move|p2a: Quaquaval|U-turn|p1a: Mandibuzz\n|-crit|p1a: Mandibuzz\n|-damage|p1a: Mandibuzz|66\/100\n|\n|t:|1697817590\n|switch|p2a: Clodsire|Clodsire, M|100\/100|[from] U-turn\n|-sideend|p2: Kevko92|move: Toxic Spikes|[of] p2a: Clodsire\n|\n|upkeep\n|turn|12\n|\n|t:|1697817597\n|move|p1a: Mandibuzz|Knock Off|p2a: Clodsire\n|-damage|p2a: Clodsire|75\/100\n|-enditem|p2a: Clodsire|Black Sludge|[from] move: Knock Off|[of] p1a: Mandibuzz\n|move|p2a: Clodsire|Toxic Spikes|p1a: Mandibuzz\n|-sidestart|p1: Sabarion|move: Toxic Spikes\n|\n|upkeep\n|turn|13\n|\n|t:|1697817603\n|move|p1a: Mandibuzz|Roost|p1a: Mandibuzz\n|-heal|p1a: Mandibuzz|100\/100\n|-singleturn|p1a: Mandibuzz|move: Roost\n|move|p2a: Clodsire|Poison Jab|p1a: Mandibuzz\n|-crit|p1a: Mandibuzz\n|-damage|p1a: Mandibuzz|83\/100\n|\n|upkeep\n|turn|14\n|\n|t:|1697817623\n|move|p1a: Mandibuzz|U-turn|p2a: Clodsire\n|-resisted|p2a: Clodsire\n|-damage|p2a: Clodsire|69\/100\n|\n|t:|1697817626\n|switch|p1a: Gholdengo|Gholdengo|100\/100|[from] U-turn\n|-item|p1a: Gholdengo|Air Balloon\n|move|p2a: Clodsire|Poison Jab|p1a: Gholdengo\n|-immune|p1a: Gholdengo\n|\n|upkeep\n|turn|15\n|\n|t:|1697817648\n|switch|p2a: Farigiraf|Farigiraf, F|100\/100\n|move|p1a: Gholdengo|Power Gem|p2a: Farigiraf\n|-damage|p2a: Farigiraf|83\/100\n|\n|upkeep\n|turn|16\n|\n|t:|1697817663\n|switch|p1a: Mandibuzz|Mandibuzz, F|83\/100\n|move|p2a: Farigiraf|Night Shade|p1a: Mandibuzz\n|-damage|p1a: Mandibuzz|59\/100\n|\n|upkeep\n|turn|17\n|\n|t:|1697817668\n|move|p2a: Farigiraf|Thunder Wave|p1a: Mandibuzz\n|-status|p1a: Mandibuzz|par\n|move|p1a: Mandibuzz|Defog|p2a: Farigiraf\n|-unboost|p2a: Farigiraf|evasion|1\n|-sideend|p1: Sabarion|Toxic Spikes|[from] move: Defog|[of] p1a: Mandibuzz\n|\n|upkeep\n|turn|18\n|\n|t:|1697817677\n|move|p2a: Farigiraf|Wish|p2a: Farigiraf\n|move|p1a: Mandibuzz|Knock Off|p2a: Farigiraf\n|-supereffective|p2a: Farigiraf\n|-damage|p2a: Farigiraf|34\/100\n|-enditem|p2a: Farigiraf|Sitrus Berry|[from] move: Knock Off|[of] p1a: Mandibuzz\n|\n|upkeep\n|turn|19\n|\n|t:|1697817685\n|move|p2a: Farigiraf|Night Shade|p1a: Mandibuzz\n|-damage|p1a: Mandibuzz|35\/100 par\n|cant|p1a: Mandibuzz|par\n|\n|-heal|p2a: Farigiraf|84\/100|[from] move: Wish|[wisher] Farigiraf\n|upkeep\n|turn|20\n|\n|t:|1697817690\n|move|p2a: Farigiraf|Night Shade|p1a: Mandibuzz\n|-damage|p1a: Mandibuzz|12\/100 par\n|cant|p1a: Mandibuzz|par\n|\n|upkeep\n|turn|21\n|\n|t:|1697817697\n|switch|p1a: Staraptor|Staraptor, M|100\/100\n|-ability|p1a: Staraptor|Intimidate|boost\n|-unboost|p2a: Farigiraf|atk|1\n|move|p2a: Farigiraf|Night Shade|p1a: Staraptor\n|-immune|p1a: Staraptor\n|\n|upkeep\n|turn|22\n|\n|t:|1697817705\n|switch|p2a: Vikavolt|Vikavolt, M|84\/100\n|move|p1a: Staraptor|U-turn|p2a: Vikavolt\n|-damage|p2a: Vikavolt|66\/100\n|\n|t:|1697817711\n|switch|p1a: Arcanine|Arcanine-Hisui, F|100\/100|[from] U-turn\n|\n|upkeep\n|turn|23\n|\n|t:|1697817720\n|switch|p2a: Quaquaval|Quaquaval, M|100\/100\n|move|p1a: Arcanine|Flare Blitz|p2a: Quaquaval\n|-resisted|p2a: Quaquaval\n|-damage|p2a: Quaquaval|80\/100\n|-damage|p1a: Arcanine|84\/100|[from] item: Rocky Helmet|[of] p2a: Quaquaval\n|\n|upkeep\n|turn|24\n|\n|t:|1697817755\n|switch|p1a: Mandibuzz|Mandibuzz, F|12\/100 par\n|move|p2a: Quaquaval|Knock Off|p1a: Mandibuzz\n|-resisted|p1a: Mandibuzz\n|-damage|p1a: Mandibuzz|7\/100 par\n|\n|upkeep\n|turn|25\n|\n|t:|1697817769\n|move|p2a: Quaquaval|U-turn|p1a: Mandibuzz\n|-damage|p1a: Mandibuzz|0 fnt\n|faint|p1a: Mandibuzz\n|-ability|p2a: Quaquaval|Moxie|boost\n|-boost|p2a: Quaquaval|atk|1\n|\n|t:|1697817776\n|switch|p2a: Noivern|Noivern, F|86\/100|[from] U-turn\n|\n|upkeep\n|\n|t:|1697817781\n|switch|p1a: Scream Tail|Scream Tail|62\/100\n|turn|26\n|\n|t:|1697817788\n|move|p2a: Noivern|U-turn|p1a: Scream Tail\n|-damage|p1a: Scream Tail|53\/100\n|\n|t:|1697817791\n|switch|p2a: Chi-Yu|Chi-Yu|100\/100|[from] U-turn\n|-ability|p2a: Chi-Yu|Beads of Ruin\n|move|p1a: Scream Tail|Play Rough|p2a: Chi-Yu\n|-damage|p2a: Chi-Yu|62\/100\n|\n|-heal|p1a: Scream Tail|60\/100|[from] item: Leftovers\n|upkeep\n|turn|27\n|\n|t:|1697817810\n|move|p1a: Scream Tail|Thunder Wave|p2a: Chi-Yu\n|-status|p2a: Chi-Yu|par\n|move|p2a: Chi-Yu|Dark Pulse|p1a: Scream Tail\n|-damage|p1a: Scream Tail|19\/100\n|\n|-heal|p1a: Scream Tail|26\/100|[from] item: Leftovers\n|upkeep\n|turn|28\n|\n|t:|1697817819\n|move|p1a: Scream Tail|Protect|p1a: Scream Tail\n|-singleturn|p1a: Scream Tail|Protect\n|move|p2a: Chi-Yu|Dark Pulse|p1a: Scream Tail\n|-activate|p1a: Scream Tail|move: Protect\n|\n|-heal|p1a: Scream Tail|32\/100|[from] item: Leftovers\n|upkeep\n|turn|29\n|\n|t:|1697817831\n|-end|p1a: Scream Tail|Protosynthesis|[silent]\n|switch|p1a: Sneasel|Sneasel-Hisui, F|1\/100\n|cant|p2a: Chi-Yu|par\n|\n|upkeep\n|turn|30\n|\n|t:|1697817837\n|switch|p2a: Quaquaval|Quaquaval, M|80\/100\n|move|p1a: Sneasel|Close Combat|p2a: Quaquaval\n|-damage|p2a: Quaquaval|42\/100\n|-unboost|p1a: Sneasel|def|1\n|-unboost|p1a: Sneasel|spd|1\n|-damage|p1a: Sneasel|0 fnt|[from] item: Rocky Helmet|[of] p2a: Quaquaval\n|faint|p1a: Sneasel\n|\n|upkeep\n|\n|t:|1697817852\n|switch|p1a: Staraptor|Staraptor, M|100\/100\n|-ability|p1a: Staraptor|Intimidate|boost\n|-unboost|p2a: Quaquaval|atk|1\n|turn|31\n|\n|t:|1697817857\n|switch|p2a: Vikavolt|Vikavolt, M|66\/100\n|move|p1a: Staraptor|Brave Bird|p2a: Vikavolt\n|-crit|p2a: Vikavolt\n|-damage|p2a: Vikavolt|0 fnt\n|faint|p2a: Vikavolt\n|-damage|p1a: Staraptor|76\/100|[from] Recoil\n|\n|upkeep\n|\n|t:|1697817879\n|switch|p2a: Noivern|Noivern, F|86\/100\n|-item|p1a: Staraptor|Choice Scarf|[from] ability: Frisk|[of] p2a: Noivern|[identify]\n|turn|32\n|\n|t:|1697817887\n|switch|p1a: Scream Tail|Scream Tail|32\/100\n|-terastallize|p2a: Noivern|Ice\n|move|p2a: Noivern|Tera Blast|p1a: Scream Tail|[anim] Tera Blast Ice\n|-damage|p1a: Scream Tail|9\/100\n|\n|-heal|p1a: Scream Tail|15\/100|[from] item: Leftovers\n|upkeep\n|turn|33\n|\n|t:|1697817899\n|move|p1a: Scream Tail|Protect|p1a: Scream Tail\n|-singleturn|p1a: Scream Tail|Protect\n|move|p2a: Noivern|Tera Blast|p1a: Scream Tail|[anim] Tera Blast Ice\n|-activate|p1a: Scream Tail|move: Protect\n|\n|-heal|p1a: Scream Tail|22\/100|[from] item: Leftovers\n|upkeep\n|turn|34\n|\n|t:|1697817905\n|move|p2a: Noivern|Tera Blast|p1a: Scream Tail|[anim] Tera Blast Ice\n|-damage|p1a: Scream Tail|0 fnt\n|faint|p1a: Scream Tail\n|-end|p1a: Scream Tail|Protosynthesis|[silent]\n|\n|upkeep\n|\n|t:|1697817929\n|switch|p1a: Arcanine|Arcanine-Hisui, F|84\/100\n|turn|35\n|\n|t:|1697817938\n|switch|p2a: Quaquaval|Quaquaval, M|42\/100\n|move|p1a: Arcanine|Flare Blitz|p2a: Quaquaval\n|-resisted|p2a: Quaquaval\n|-damage|p2a: Quaquaval|21\/100\n|-damage|p1a: Arcanine|67\/100|[from] item: Rocky Helmet|[of] p2a: Quaquaval\n|\n|upkeep\n|turn|36\n|\n|t:|1697817947\n|move|p1a: Arcanine|Psychic Fangs|p2a: Quaquaval\n|-supereffective|p2a: Quaquaval\n|-damage|p2a: Quaquaval|0 fnt\n|-damage|p1a: Arcanine|51\/100|[from] item: Rocky Helmet|[of] p2a: Quaquaval\n|faint|p2a: Quaquaval\n|\n|upkeep\n|\n|t:|1697817964\n|switch|p2a: Noivern|Noivern, F, tera:Ice|86\/100\n|-item|p1a: Arcanine|Heavy-Duty Boots|[from] ability: Frisk|[of] p2a: Noivern|[identify]\n|turn|37\n|\n|t:|1697817991\n|move|p1a: Arcanine|Extreme Speed|p2a: Noivern\n|-damage|p2a: Noivern|52\/100\n|move|p2a: Noivern|U-turn|p1a: Arcanine\n|-resisted|p1a: Arcanine\n|-damage|p1a: Arcanine|44\/100\n|\n|t:|1697817997\n|switch|p2a: Farigiraf|Farigiraf, F|84\/100|[from] U-turn\n|\n|upkeep\n|turn|38\n|\n|t:|1697818002\n|switch|p2a: Clodsire|Clodsire, M|69\/100\n|move|p1a: Arcanine|Head Smash|p2a: Clodsire\n|-resisted|p2a: Clodsire\n|-damage|p2a: Clodsire|31\/100\n|\n|upkeep\n|turn|39\n|\n|t:|1697818015\n|move|p1a: Arcanine|Flare Blitz|p2a: Clodsire\n|-damage|p2a: Clodsire|0 fnt\n|faint|p2a: Clodsire\n|\n|upkeep\n|\n|t:|1697818020\n|switch|p2a: Noivern|Noivern, F, tera:Ice|52\/100\n|-item|p1a: Arcanine|Heavy-Duty Boots|[from] ability: Frisk|[of] p2a: Noivern|[identify]\n|turn|40\n|\n|t:|1697818040\n|move|p1a: Arcanine|Extreme Speed|p2a: Noivern\n|-damage|p2a: Noivern|17\/100\n|move|p2a: Noivern|Roost|p2a: Noivern\n|-heal|p2a: Noivern|67\/100\n|\n|upkeep\n|turn|41\n|\n|t:|1697818049\n|move|p2a: Noivern|Tera Blast|p1a: Arcanine|[anim] Tera Blast Ice\n|-resisted|p1a: Arcanine\n|-damage|p1a: Arcanine|23\/100\n|move|p1a: Arcanine|Flare Blitz|p2a: Noivern\n|-supereffective|p2a: Noivern\n|-damage|p2a: Noivern|0 fnt\n|faint|p2a: Noivern\n|\n|upkeep\n|\n|t:|1697818053\n|switch|p2a: Farigiraf|Farigiraf, F|84\/100\n|turn|42\n|\n|t:|1697818057\n|move|p1a: Arcanine|Head Smash|p2a: Farigiraf\n|-damage|p2a: Farigiraf|12\/100\n|move|p2a: Farigiraf|Night Shade|p1a: Arcanine\n|-damage|p1a: Arcanine|0 fnt\n|faint|p1a: Arcanine\n|\n|upkeep\n|\n|t:|1697818062\n|switch|p1a: Staraptor|Staraptor, M|76\/100\n|-ability|p1a: Staraptor|Intimidate|boost\n|-unboost|p2a: Farigiraf|atk|1\n|turn|43\n|\n|t:|1697818069\n|move|p1a: Staraptor|Close Combat|p2a: Farigiraf\n|-damage|p2a: Farigiraf|0 fnt\n|-unboost|p1a: Staraptor|def|1\n|-unboost|p1a: Staraptor|spd|1\n|faint|p2a: Farigiraf\n|\n|upkeep\n|\n|t:|1697818071\n|switch|p2a: Chi-Yu|Chi-Yu|62\/100 par\n|-ability|p2a: Chi-Yu|Beads of Ruin\n|turn|44\n|\n|t:|1697818076\n|move|p1a: Staraptor|Close Combat|p2a: Chi-Yu\n|-supereffective|p2a: Chi-Yu\n|-crit|p2a: Chi-Yu\n|-damage|p2a: Chi-Yu|0 fnt\n|-unboost|p1a: Staraptor|def|1\n|-unboost|p1a: Staraptor|spd|1\n|faint|p2a: Chi-Yu\n|\n|win|Sabarion\n|c|\u2606Kevko92|Gg\n|c|\u2606Sabarion|gg\n|c|\u2606Sabarion|ich kann das schicken\n","uploadtime":1697818091,"views":16,"p1id":"sabarion","p2id":"kevko92","formatid":"gen9anythinggoes","rating":0,"private":0,"password":""}