{"id":"gen9anythinggoes-1978333948","p1":"brissacrafa","p2":"xxREAPZZxx86","format":"[Gen 9] Anything Goes","log":"|j|\u2606brissacrafa\n|j|\u2606xxREAPZZxx86\n|t:|1698526283\n|gametype|singles\n|player|p1|brissacrafa|cynthia-gen4|1122\n|player|p2|xxREAPZZxx86|youngcouple-gen4dp|1010\n|teamsize|p1|6\n|teamsize|p2|6\n|gen|9\n|tier|[Gen 9] Anything Goes\n|rated|\n|rule|HP Percentage Mod: HP is shown in percentages\n|rule|Endless Battle Clause: Forcing endless battles is banned\n|clearpoke\n|poke|p1|Lilligant-Hisui, F|\n|poke|p1|Ceruledge, M|\n|poke|p1|Sylveon, F|\n|poke|p1|Ogerpon-Cornerstone, F|\n|poke|p1|Maushold-Four|\n|poke|p1|Garchomp, M|\n|poke|p2|Maushold-Four|\n|poke|p2|Maushold-Four|\n|poke|p2|Maushold-Four|\n|poke|p2|Glimmora, M|\n|poke|p2|Dragapult, M|\n|poke|p2|Drifblim, F|\n|teampreview\n|\n|t:|1698526300\n|start\n|switch|p1a: Ceruledge|Ceruledge, M|100\/100\n|switch|p2a: Drifblim|Drifblim, F|100\/100\n|turn|1\n|\n|t:|1698526308\n|move|p1a: Ceruledge|Shadow Sneak|p2a: Drifblim\n|-supereffective|p2a: Drifblim\n|-damage|p2a: Drifblim|63\/100\n|move|p2a: Drifblim|Substitute|p2a: Drifblim\n|-start|p2a: Drifblim|Substitute\n|-damage|p2a: Drifblim|38\/100\n|\n|-heal|p2a: Drifblim|44\/100|[from] item: Leftovers\n|upkeep\n|turn|2\n|\n|t:|1698526315\n|move|p1a: Ceruledge|Shadow Sneak|p2a: Drifblim\n|-supereffective|p2a: Drifblim\n|-end|p2a: Drifblim|Substitute\n|move|p2a: Drifblim|Minimize|p2a: Drifblim\n|-boost|p2a: Drifblim|evasion|2\n|\n|-heal|p2a: Drifblim|50\/100|[from] item: Leftovers\n|upkeep\n|turn|3\n|\n|t:|1698526321\n|move|p1a: Ceruledge|Shadow Sneak|p2a: Drifblim\n|-supereffective|p2a: Drifblim\n|-damage|p2a: Drifblim|10\/100\n|move|p2a: Drifblim|Minimize|p2a: Drifblim\n|-boost|p2a: Drifblim|evasion|2\n|\n|-heal|p2a: Drifblim|16\/100|[from] item: Leftovers\n|upkeep\n|turn|4\n|\n|t:|1698526328\n|move|p1a: Ceruledge|Shadow Sneak|p2a: Drifblim|[miss]\n|-miss|p1a: Ceruledge|p2a: Drifblim\n|move|p2a: Drifblim|Substitute|p2a: Drifblim\n|-fail|p2a: Drifblim|move: Substitute|[weak]\n|\n|-heal|p2a: Drifblim|22\/100|[from] item: Leftovers\n|upkeep\n|turn|5\n|\n|t:|1698526336\n|move|p1a: Ceruledge|Shadow Sneak|p2a: Drifblim\n|-supereffective|p2a: Drifblim\n|-crit|p2a: Drifblim\n|-damage|p2a: Drifblim|0 fnt\n|-damage|p1a: Ceruledge|76\/100|[from] ability: Aftermath|[of] p2a: Drifblim\n|faint|p2a: Drifblim\n|\n|upkeep\n|-message|xxREAPZZxx86 forfeited.\n|\n|win|brissacrafa\n|raw|brissacrafa's rating: 1122 &rarr; <strong>1139<\/strong><br \/>(+17 for winning)\n|raw|xxREAPZZxx86's rating: 1010 &rarr; <strong>1002<\/strong><br \/>(-8 for losing)\n|l|\u2606xxREAPZZxx86\n|c|\u2606brissacrafa|LOL\n|c|\u2606brissacrafa|stupid kkkkkkkkkkkkkkkkkkkk\n","uploadtime":1698526362,"views":11,"p1id":"brissacrafa","p2id":"xxreapzzxx86","formatid":"gen9anythinggoes","rating":1002,"private":0,"password":""}