{"id":"gen9anythinggoes-1971741967","p1":"Memek1p","p2":"6Roggenrolas","format":"[Gen 9] Anything Goes","log":"|j|\u2606Memek1p\n|j|\u26066Roggenrolas\n|t:|1697767012\n|gametype|singles\n|player|p1|Memek1p|brock|\n|player|p2|6Roggenrolas|blaine|\n|teamsize|p1|6\n|teamsize|p2|6\n|gen|9\n|tier|[Gen 9] Anything Goes\n|rule|HP Percentage Mod: HP is shown in percentages\n|rule|Endless Battle Clause: Forcing endless battles is banned\n|clearpoke\n|poke|p1|Dragonite, F|\n|poke|p1|Bisharp, M|\n|poke|p1|Ogerpon-Cornerstone, F|\n|poke|p1|Iron Valiant|\n|poke|p1|Amoonguss, M|\n|poke|p1|Cyclizar, M|\n|poke|p2|Samurott-Hisui, F|\n|poke|p2|Munkidori, M|\n|poke|p2|Tinkaton, F|\n|poke|p2|Annihilape, F|\n|poke|p2|Talonflame, M|\n|poke|p2|Regidrago|\n|teampreview\n|c|\u26066Roggenrolas|gl hf\n|c|\u2606Memek1p|glhf\n|\n|t:|1697767065\n|start\n|switch|p1a: Dragonite|Dragonite, F|100\/100\n|switch|p2a: Extremes|Talonflame, M|100\/100\n|turn|1\n|j| Trottmo4\n|\n|t:|1697767079\n|move|p2a: Extremes|Will-O-Wisp|p1a: Dragonite\n|-status|p1a: Dragonite|brn\n|move|p1a: Dragonite|Dragon Dance|p1a: Dragonite\n|-boost|p1a: Dragonite|atk|1\n|-boost|p1a: Dragonite|spe|1\n|\n|-damage|p1a: Dragonite|94\/100 brn|[from] brn\n|upkeep\n|turn|2\n|\n|t:|1697767086\n|switch|p2a: mascot caveman|Tinkaton, F|100\/100\n|-ability|p2a: mascot caveman|Mold Breaker\n|move|p1a: Dragonite|Dragon Dance|p1a: Dragonite\n|-boost|p1a: Dragonite|atk|1\n|-boost|p1a: Dragonite|spe|1\n|\n|-damage|p1a: Dragonite|88\/100 brn|[from] brn\n|upkeep\n|turn|3\n|j| Nathanore5450\n|c| Trottmo4|Its joever\n|j| babyball\n|c| Nathanore5450|no kyap no kyap\n|\n|t:|1697767109\n|move|p1a: Dragonite|Fire Spin|p2a: mascot caveman|[miss]\n|-miss|p1a: Dragonite|p2a: mascot caveman\n|move|p2a: mascot caveman|Play Rough|p1a: Dragonite|[miss]\n|-miss|p2a: mascot caveman|p1a: Dragonite\n|\n|-damage|p1a: Dragonite|82\/100 brn|[from] brn\n|upkeep\n|turn|4\n|c|\u26066Roggenrolas|cool turn bro\n|c|\u2606Memek1p|true\n|c| Nathanore5450|fire spin is wild\n|\n|t:|1697767122\n|move|p1a: Dragonite|Fire Spin|p2a: mascot caveman\n|-supereffective|p2a: mascot caveman\n|-damage|p2a: mascot caveman|87\/100\n|-activate|p2a: mascot caveman|move: Fire Spin|[of] p1a: Dragonite\n|move|p2a: mascot caveman|Knock Off|p1a: Dragonite\n|-damage|p1a: Dragonite|61\/100 brn\n|-enditem|p1a: Dragonite|Weakness Policy|[from] move: Knock Off|[of] p2a: mascot caveman\n|\n|-damage|p1a: Dragonite|55\/100 brn|[from] brn\n|-damage|p2a: mascot caveman|75\/100|[from] move: Fire Spin|[partiallytrapped]\n|upkeep\n|turn|5\n|\n|t:|1697767152\n|switch|p1a: Amoonguss|Amoonguss, M|100\/100\n|move|p2a: mascot caveman|Play Rough|p1a: Amoonguss\n|-resisted|p1a: Amoonguss\n|-damage|p1a: Amoonguss|91\/100\n|\n|-end|p2a: mascot caveman|Fire Spin|[partiallytrapped]|[silent]\n|upkeep\n|turn|6\n|\n|t:|1697767164\n|move|p2a: mascot caveman|Thunder Wave|p1a: Amoonguss\n|-status|p1a: Amoonguss|par\n|cant|p1a: Amoonguss|par\n|\n|upkeep\n|turn|7\n|l| Trottmo4\n|\n|t:|1697767179\n|switch|p2a: Hungy Hippo|Regidrago|100\/100\n|move|p1a: Amoonguss|Spore|p2a: Hungy Hippo\n|-status|p2a: Hungy Hippo|slp|[from] move: Spore\n|-enditem|p2a: Hungy Hippo|Lum Berry|[eat]\n|-curestatus|p2a: Hungy Hippo|slp|[msg]\n|\n|upkeep\n|turn|8\n|c| Nathanore5450|honk shoooo\n|j| Trottmo4\n|\n|t:|1697767217\n|move|p2a: Hungy Hippo|Dragon Dance|p2a: Hungy Hippo\n|-boost|p2a: Hungy Hippo|atk|1\n|-boost|p2a: Hungy Hippo|spe|1\n|cant|p1a: Amoonguss|par\n|\n|upkeep\n|turn|9\n|\n|t:|1697767239\n|move|p2a: Hungy Hippo|Dragon Claw|p1a: Amoonguss\n|-damage|p1a: Amoonguss|23\/100 par\n|cant|p1a: Amoonguss|par\n|\n|upkeep\n|turn|10\n|c| Nathanore5450|unfort\n|c|\u2606Memek1p|these hax are crazy\n|c|\u26066Roggenrolas|paralysis moment\n|\n|t:|1697767255\n|move|p2a: Hungy Hippo|Dragon Claw|p1a: Amoonguss\n|-damage|p1a: Amoonguss|0 fnt\n|faint|p1a: Amoonguss\n|\n|upkeep\n|\n|t:|1697767257\n|switch|p1a: Cyclizar|Cyclizar, M|100\/100\n|turn|11\n|c| Nathanore5450|ur nervoooouuussss quinn\n|\n|t:|1697767269\n|-terastallize|p1a: Cyclizar|Fairy\n|move|p2a: Hungy Hippo|Explosion|p1a: Cyclizar\n|-damage|p1a: Cyclizar|0 fnt\n|faint|p2a: Hungy Hippo\n|faint|p1a: Cyclizar\n|\n|upkeep\n|c| Nathanore5450|blicky\n|\n|t:|1697767295\n|switch|p1a: Bisharp|Bisharp, M|100\/100\n|switch|p2a: Extremes|Talonflame, M|100\/100\n|turn|12\n|\n|t:|1697767313\n|move|p1a: Bisharp|Endure|p1a: Bisharp\n|-singleturn|p1a: Bisharp|move: Endure\n|move|p2a: Extremes|Will-O-Wisp|p1a: Bisharp\n|-status|p1a: Bisharp|brn\n|\n|-damage|p1a: Bisharp|95\/100 brn|[from] brn\n|upkeep\n|turn|13\n|c| Nathanore5450|troll?\n|l| babyball\n|\n|t:|1697767327\n|switch|p1a: Dragonite|Dragonite, F|55\/100 brn\n|move|p2a: Extremes|Taunt|p1a: Dragonite\n|-start|p1a: Dragonite|move: Taunt\n|\n|-damage|p1a: Dragonite|49\/100 brn|[from] brn\n|upkeep\n|turn|14\n|c| Trottmo4|Goobed\n|c| Nathanore5450|ngl if that was me\n|c| Nathanore5450|i would be winning\n|\n|t:|1697767345\n|switch|p2a: Ape the Ape|Annihilape, F|100\/100\n|move|p1a: Dragonite|Dragon Claw|p2a: Ape the Ape\n|-damage|p2a: Ape the Ape|79\/100\n|\n|-damage|p1a: Dragonite|43\/100 brn|[from] brn\n|upkeep\n|turn|15\n|c|\u26066Roggenrolas|fr?\n|c| Nathanore5450|jus sayin\n|c| Nathanore5450|no cap no cap\n|\n|t:|1697767359\n|move|p1a: Dragonite|Fire Spin|p2a: Ape the Ape\n|-damage|p2a: Ape the Ape|74\/100\n|-activate|p2a: Ape the Ape|move: Fire Spin|[of] p1a: Dragonite\n|move|p2a: Ape the Ape|Bulk Up|p2a: Ape the Ape\n|-boost|p2a: Ape the Ape|atk|1\n|-boost|p2a: Ape the Ape|def|1\n|\n|-damage|p1a: Dragonite|37\/100 brn|[from] brn\n|-damage|p2a: Ape the Ape|62\/100|[from] move: Fire Spin|[partiallytrapped]\n|-end|p1a: Dragonite|move: Taunt\n|upkeep\n|turn|16\n|\n|t:|1697767371\n|move|p1a: Dragonite|Endure|p1a: Dragonite\n|-singleturn|p1a: Dragonite|move: Endure\n|move|p2a: Ape the Ape|Rage Fist|p1a: Dragonite\n|-activate|p1a: Dragonite|move: Endure\n|-damage|p1a: Dragonite|1\/100 brn\n|\n|-damage|p1a: Dragonite|0 fnt|[from] brn\n|faint|p1a: Dragonite\n|-end|p2a: Ape the Ape|Fire Spin|[partiallytrapped]|[silent]\n|upkeep\n|c| Nathanore5450|150bp :star_eyes:\n|\n|t:|1697767412\n|switch|p1a: Ogerpon|Ogerpon-Cornerstone, F|100\/100\n|turn|17\n|c|\u26066Roggenrolas|annihilape is so fucking stupid\n|c| Trottmo4|<|:3\n|\n|t:|1697767474\n|move|p1a: Ogerpon|Swords Dance|p1a: Ogerpon\n|-boost|p1a: Ogerpon|atk|2\n|move|p2a: Ape the Ape|Drain Punch|p1a: Ogerpon\n|-supereffective|p1a: Ogerpon\n|-ability|p1a: Ogerpon|Sturdy\n|-damage|p1a: Ogerpon|1\/100\n|-heal|p2a: Ape the Ape|97\/100|[from] drain|[of] p1a: Ogerpon\n|\n|upkeep\n|turn|18\n|c| Nathanore5450|is bro bouta spin back\n|c|\u26066Roggenrolas|guh oh\n|c| Nathanore5450|ape bouta take <50% im calling rn\n|c| Trottmo4|Funny monke\n|\n|t:|1697767533\n|move|p1a: Ogerpon|Knock Off|p2a: Ape the Ape\n|-damage|p2a: Ape the Ape|50\/100\n|-enditem|p2a: Ape the Ape|Roseli Berry|[from] move: Knock Off|[of] p1a: Ogerpon\n|move|p2a: Ape the Ape|Drain Punch|p1a: Ogerpon\n|-supereffective|p1a: Ogerpon\n|-damage|p1a: Ogerpon|0 fnt\n|-heal|p2a: Ape the Ape|51\/100|[from] drain|[of] p1a: Ogerpon\n|faint|p1a: Ogerpon\n|\n|upkeep\n|\n|t:|1697767549\n|switch|p1a: Iron Valiant|Iron Valiant|100\/100\n|-enditem|p1a: Iron Valiant|Booster Energy\n|-activate|p1a: Iron Valiant|ability: Quark Drive|[fromitem]\n|-start|p1a: Iron Valiant|quarkdrivespe\n|turn|19\n|\n|t:|1697767556\n|move|p1a: Iron Valiant|Swords Dance|p1a: Iron Valiant\n|-boost|p1a: Iron Valiant|atk|2\n|move|p2a: Ape the Ape|Rage Fist|p1a: Iron Valiant\n|-damage|p1a: Iron Valiant|0 fnt\n|faint|p1a: Iron Valiant\n|-end|p1a: Iron Valiant|Quark Drive|[silent]\n|\n|upkeep\n|\n|t:|1697767559\n|switch|p1a: Bisharp|Bisharp, M|95\/100 brn\n|turn|20\n|c|\u26066Roggenrolas|bro...\n|c|\u2606Memek1p|gg\n|c|\u26066Roggenrolas|gg\n|c| Nathanore5450|phys val into flame\n|c| Nathanore5450|goob\n|c| Trottmo4|gg\n|\n|t:|1697767570\n|move|p2a: Ape the Ape|Drain Punch|p1a: Bisharp\n|-supereffective|p1a: Bisharp\n|-damage|p1a: Bisharp|0 fnt\n|-heal|p2a: Ape the Ape|88\/100|[from] drain|[of] p1a: Bisharp\n|faint|p1a: Bisharp\n|\n|win|6Roggenrolas\n|c| Nathanore5450|me personally....\n|l|\u26066Roggenrolas\n","uploadtime":1697767578,"views":15,"p1id":"memek1p","p2id":"6roggenrolas","formatid":"gen9anythinggoes","rating":0,"private":0,"password":""}