{"id":"gen9anythinggoes-1984824196","p1":"letsbegood","p2":"sonic9380","format":"[Gen 9] Anything Goes","log":"|j|\u2606letsbegood\n|j|\u2606sonic9380\n|t:|1699302085\n|gametype|singles\n|player|p1|letsbegood|psychicf-gen4|1115\n|player|p2|sonic9380|2|1116\n|teamsize|p1|6\n|teamsize|p2|6\n|gen|9\n|tier|[Gen 9] Anything Goes\n|rated|\n|rule|HP Percentage Mod: HP is shown in percentages\n|rule|Endless Battle Clause: Forcing endless battles is banned\n|clearpoke\n|poke|p1|Zacian-*|\n|poke|p1|Regieleki|\n|poke|p1|Chien-Pao|\n|poke|p1|Pelipper, F|\n|poke|p1|Hawlucha, M|\n|poke|p1|Murkrow, M|\n|poke|p2|Zapdos-Galar|\n|poke|p2|Charizard, F|\n|poke|p2|Vaporeon, M|\n|poke|p2|Gliscor, M|\n|poke|p2|Regieleki|\n|poke|p2|Salamence, M|\n|teampreview\n|inactive|Battle timer is ON: inactive players will automatically lose when time's up. (requested by sonic9380)\n|inactive|letsbegood also wants the timer to be on.\n|\n|t:|1699302106\n|start\n|switch|p1a: Hawlucha|Hawlucha, M, shiny|100\/100\n|switch|p2a: Vaporeon|Vaporeon, M, shiny|100\/100\n|turn|1\n|\n|t:|1699302120\n|switch|p1a: Pelipper|Pelipper, F|100\/100\n|-weather|RainDance|[from] ability: Drizzle|[of] p1a: Pelipper\n|move|p2a: Vaporeon|Acid Armor|p2a: Vaporeon\n|-boost|p2a: Vaporeon|def|2\n|\n|-weather|RainDance|[upkeep]\n|upkeep\n|turn|2\n|\n|t:|1699302129\n|move|p1a: Pelipper|Hurricane|p2a: Vaporeon\n|-damage|p2a: Vaporeon|65\/100\n|move|p2a: Vaporeon|Calm Mind|p2a: Vaporeon\n|-boost|p2a: Vaporeon|spa|1\n|-boost|p2a: Vaporeon|spd|1\n|\n|-weather|RainDance|[upkeep]\n|upkeep\n|turn|3\n|\n|t:|1699302137\n|move|p1a: Pelipper|Hurricane|p2a: Vaporeon\n|-damage|p2a: Vaporeon|40\/100\n|move|p2a: Vaporeon|Calm Mind|p2a: Vaporeon\n|-boost|p2a: Vaporeon|spa|1\n|-boost|p2a: Vaporeon|spd|1\n|\n|-weather|RainDance|[upkeep]\n|upkeep\n|turn|4\n|\n|t:|1699302147\n|move|p1a: Pelipper|Hurricane|p2a: Vaporeon\n|-damage|p2a: Vaporeon|21\/100\n|-start|p2a: Vaporeon|confusion\n|-activate|p2a: Vaporeon|confusion\n|-damage|p2a: Vaporeon|19\/100|[from] confusion\n|\n|-weather|RainDance|[upkeep]\n|upkeep\n|turn|5\n|\n|t:|1699302159\n|move|p1a: Pelipper|Hurricane|p2a: Vaporeon\n|-damage|p2a: Vaporeon|2\/100\n|-activate|p2a: Vaporeon|confusion\n|-damage|p2a: Vaporeon|1\/100|[from] confusion\n|\n|-weather|none\n|upkeep\n|turn|6\n|c|\u2606sonic9380|LUCKY ASF\n|\n|t:|1699302173\n|move|p1a: Pelipper|Hurricane|p2a: Vaporeon|[miss]\n|-miss|p1a: Pelipper|p2a: Vaporeon\n|-end|p2a: Vaporeon|confusion\n|move|p2a: Vaporeon|Baton Pass|p2a: Vaporeon\n|\n|t:|1699302189\n|switch|p2a: Salamence|Salamence, M|100\/100|[from] Baton Pass\n|\n|upkeep\n|turn|7\n|\n|t:|1699302202\n|switch|p1a: Murkrow|Murkrow, M|100\/100\n|move|p2a: Salamence|Dragon Dance|p2a: Salamence\n|-boost|p2a: Salamence|atk|1\n|-boost|p2a: Salamence|spe|1\n|\n|upkeep\n|turn|8\n|\n|t:|1699302209\n|move|p1a: Murkrow|Perish Song|p1a: Murkrow\n|-start|p1a: Murkrow|perish3|[silent]\n|-start|p2a: Salamence|perish3|[silent]\n|-fieldactivate|move: Perish Song\n|move|p2a: Salamence|Dual Wingbeat|p1a: Murkrow\n|-damage|p1a: Murkrow|35\/100\n|-damage|p1a: Murkrow|0 fnt\n|faint|p1a: Murkrow\n|-ability|p2a: Salamence|Moxie|boost\n|-boost|p2a: Salamence|atk|1\n|-hitcount|p1: Murkrow|2\n|-damage|p2a: Salamence|91\/100|[from] item: Life Orb\n|\n|-start|p2a: Salamence|perish3\n|upkeep\n|\n|t:|1699302219\n|switch|p1a: Hawlucha|Hawlucha, M, shiny|100\/100\n|turn|9\n|\n|t:|1699302225\n|move|p1a: Hawlucha|Detect|p1a: Hawlucha\n|-singleturn|p1a: Hawlucha|Protect\n|move|p2a: Salamence|Dual Wingbeat|p1a: Hawlucha\n|-activate|p1a: Hawlucha|move: Protect\n|\n|-start|p2a: Salamence|perish2\n|upkeep\n|turn|10\n|\n|t:|1699302236\n|switch|p1a: Pelipper|Pelipper, F|100\/100\n|-weather|RainDance|[from] ability: Drizzle|[of] p1a: Pelipper\n|move|p2a: Salamence|Dual Wingbeat|p1a: Pelipper\n|-damage|p1a: Pelipper|17\/100\n|-damage|p1a: Pelipper|0 fnt\n|faint|p1a: Pelipper\n|-ability|p2a: Salamence|Moxie|boost\n|-boost|p2a: Salamence|atk|1\n|-hitcount|p1: Pelipper|2\n|-damage|p2a: Salamence|81\/100|[from] item: Life Orb\n|\n|-weather|RainDance|[upkeep]\n|-start|p2a: Salamence|perish1\n|upkeep\n|\n|t:|1699302248\n|switch|p1a: Hawlucha|Hawlucha, M, shiny|100\/100\n|turn|11\n|\n|t:|1699302261\n|switch|p2a: Zapdos|Zapdos-Galar, shiny|100\/100\n|move|p1a: Hawlucha|Close Combat|p2a: Zapdos\n|-resisted|p2a: Zapdos\n|-damage|p2a: Zapdos|68\/100\n|-unboost|p1a: Hawlucha|def|1\n|-unboost|p1a: Hawlucha|spd|1\n|-enditem|p1a: Hawlucha|White Herb\n|-clearnegativeboost|p1a: Hawlucha|[silent]\n|\n|-weather|RainDance|[upkeep]\n|upkeep\n|turn|12\n|\n|t:|1699302275\n|move|p1a: Hawlucha|Acrobatics|p2a: Zapdos\n|-supereffective|p2a: Zapdos\n|-damage|p2a: Zapdos|0 fnt\n|faint|p2a: Zapdos\n|\n|-weather|RainDance|[upkeep]\n|upkeep\n|\n|t:|1699302298\n|switch|p2a: Regieleki|Regieleki, shiny|100\/100\n|turn|13\n|\n|t:|1699302309\n|switch|p1a: Zacian|Zacian-Crowned, shiny|100\/100\n|-ability|p1a: Zacian|Intrepid Sword|boost\n|-boost|p1a: Zacian|atk|1\n|move|p2a: Regieleki|Electro Ball|p1a: Zacian\n|-damage|p1a: Zacian|71\/100\n|\n|-weather|RainDance|[upkeep]\n|upkeep\n|turn|14\n|\n|t:|1699302319\n|-terastallize|p2a: Regieleki|Electric\n|move|p2a: Regieleki|Electro Ball|p1a: Zacian\n|-damage|p1a: Zacian|31\/100\n|move|p1a: Zacian|Swords Dance|p1a: Zacian\n|-boost|p1a: Zacian|atk|2\n|\n|-weather|none\n|upkeep\n|turn|15\n|\n|t:|1699302328\n|move|p2a: Regieleki|Electro Ball|p1a: Zacian\n|-damage|p1a: Zacian|0 fnt\n|faint|p1a: Zacian\n|\n|upkeep\n|\n|t:|1699302334\n|switch|p1a: Chien-Pao|Chien-Pao|100\/100\n|-ability|p1a: Chien-Pao|Sword of Ruin\n|turn|16\n|\n|t:|1699302344\n|move|p2a: Regieleki|Electro Ball|p1a: Chien-Pao\n|-damage|p1a: Chien-Pao|11\/100\n|move|p1a: Chien-Pao|Ice Spinner|p2a: Regieleki\n|-damage|p2a: Regieleki|1\/100\n|\n|upkeep\n|turn|17\n|\n|t:|1699302351\n|move|p1a: Chien-Pao|Sucker Punch|p2a: Regieleki\n|-damage|p2a: Regieleki|0 fnt\n|faint|p2a: Regieleki\n|\n|upkeep\n|\n|t:|1699302359\n|switch|p2a: Gliscor|Gliscor, M, shiny|100\/100\n|turn|18\n|\n|t:|1699302368\n|move|p1a: Chien-Pao|Ice Spinner|p2a: Gliscor\n|-supereffective|p2a: Gliscor\n|-damage|p2a: Gliscor|0 fnt\n|faint|p2a: Gliscor\n|\n|upkeep\n|-message|sonic9380 forfeited.\n|\n|win|letsbegood\n|raw|letsbegood's rating: 1115 &rarr; <strong>1140<\/strong><br \/>(+25 for winning)\n|raw|sonic9380's rating: 1116 &rarr; <strong>1091<\/strong><br \/>(-25 for losing)\n|l|\u2606sonic9380\n","uploadtime":1699302392,"views":5,"p1id":"letsbegood","p2id":"sonic9380","formatid":"gen9anythinggoes","rating":1091,"private":0,"password":""}