{"id":"gen9anythinggoes-1990020687","p1":"SegoeScript","p2":"Derfle","format":"[Gen 9] Anything Goes","log":"|j|\u2606SegoeScript\n|j|\u2606Derfle\n|t:|1699916115\n|gametype|singles\n|player|p1|SegoeScript|wallace|\n|player|p2|Derfle|scientistf|\n|teamsize|p1|6\n|teamsize|p2|6\n|gen|9\n|tier|[Gen 9] Anything Goes\n|rule|HP Percentage Mod: HP is shown in percentages\n|rule|Endless Battle Clause: Forcing endless battles is banned\n|clearpoke\n|poke|p1|Hatterene, F|\n|poke|p1|Samurott-Hisui, F|\n|poke|p1|Corviknight, M|\n|poke|p1|Revavroom, M|\n|poke|p1|Sandy Shocks|\n|poke|p1|Roaring Moon|\n|poke|p2|Volcanion|\n|poke|p2|Grimmsnarl, M|\n|poke|p2|Hoopa-Unbound|\n|poke|p2|Iron Hands|\n|poke|p2|Zarude|\n|poke|p2|Kingambit, M|\n|teampreview\n|j| dragonex129\n|c| dragonex129|glgl\n|j| KhaoticIntent\n|n| KhaoticIntent|khaoticintent\n|j| ZeroORAS\n|c| KhaoticIntent|YO THE SNARL\n|c| KhaoticIntent|Its me\n|c| KhaoticIntent|:royjak\n|j| Jektrooper\n|\n|t:|1699916204\n|start\n|switch|p1a: Mechanicalchaser|Revavroom, M|100\/100\n|switch|p2a: Ruffles|Grimmsnarl, M|100\/100\n|turn|1\n|\n|t:|1699916219\n|move|p2a: Ruffles|Thunder Wave|p1a: Mechanicalchaser\n|-status|p1a: Mechanicalchaser|par\n|move|p1a: Mechanicalchaser|Toxic Spikes|p2a: Ruffles\n|-sidestart|p2: Derfle|move: Toxic Spikes\n|\n|upkeep\n|turn|2\n|\n|t:|1699916233\n|move|p2a: Ruffles|Reflect|p2a: Ruffles\n|-sidestart|p2: Derfle|Reflect\n|move|p1a: Mechanicalchaser|Parting Shot|p2a: Ruffles\n|-unboost|p2a: Ruffles|atk|1\n|-unboost|p2a: Ruffles|spa|1\n|c| dragonex129|ooh\n|\n|t:|1699916241\n|switch|p1a: Cyber Soldier|Sandy Shocks|100\/100|[from] Parting Shot\n|\n|upkeep\n|turn|3\n|c| ZeroORAS|What da hell\n|c|\u2606SegoeScript|i'm in me support's car\n|c|\u2606SegoeScript|broom broom\n|\n|t:|1699916276\n|switch|p2a: Nachos|Volcanion|100\/100\n|-status|p2a: Nachos|psn\n|move|p1a: Cyber Soldier|Flash Cannon|p2a: Nachos\n|-resisted|p2a: Nachos\n|-damage|p2a: Nachos|93\/100 psn\n|-unboost|p2a: Nachos|spd|1\n|\n|-damage|p2a: Nachos|80\/100 psn|[from] psn\n|upkeep\n|turn|4\n|c| dragonex129|ooh\n|\n|t:|1699916296\n|move|p1a: Cyber Soldier|Volt Switch|p2a: Nachos\n|-supereffective|p2a: Nachos\n|-damage|p2a: Nachos|0 fnt\n|faint|p2a: Nachos\n|c| dragonex129|oh shit\n|\n|t:|1699916301\n|-end|p1a: Cyber Soldier|Protosynthesis|[silent]\n|switch|p1a: Alligator's Sword|Samurott-Hisui, F|100\/100|[from] Volt Switch\n|\n|upkeep\n|c| Jektrooper|tf item is on this shocks?\n|\n|t:|1699916317\n|switch|p2a: Dancin|Zarude|100\/100\n|-status|p2a: Dancin|psn\n|turn|5\n|c| dragonex129|SpD drop remember\n|\n|t:|1699916350\n|switch|p1a: Ryu-Kishin Powered|Corviknight, M|100\/100\n|-ability|p1a: Ryu-Kishin Powered|Pressure\n|-singleturn|p2a: Dancin|move: Focus Punch\n|move|p2a: Dancin|Focus Punch|p1a: Ryu-Kishin Powered\n|-damage|p1a: Ryu-Kishin Powered|61\/100\n|-damage|p2a: Dancin|84\/100 psn|[from] item: Rocky Helmet|[of] p1a: Ryu-Kishin Powered\n|-damage|p2a: Dancin|74\/100 psn|[from] item: Life Orb\n|\n|-damage|p2a: Dancin|62\/100 psn|[from] psn\n|upkeep\n|turn|6\n|c| Jektrooper|wtf LMAO\n|c|\u2606SegoeScript|big funch\n|\n|t:|1699916370\n|move|p2a: Dancin|Knock Off|p1a: Ryu-Kishin Powered\n|-damage|p1a: Ryu-Kishin Powered|25\/100\n|-damage|p2a: Dancin|45\/100 psn|[from] item: Rocky Helmet|[of] p1a: Ryu-Kishin Powered\n|-enditem|p1a: Ryu-Kishin Powered|Rocky Helmet|[from] move: Knock Off|[of] p2a: Dancin\n|-damage|p2a: Dancin|35\/100 psn|[from] item: Life Orb\n|move|p1a: Ryu-Kishin Powered|Roost|p1a: Ryu-Kishin Powered\n|-heal|p1a: Ryu-Kishin Powered|75\/100\n|-singleturn|p1a: Ryu-Kishin Powered|move: Roost\n|\n|-damage|p2a: Dancin|23\/100 psn|[from] psn\n|upkeep\n|turn|7\n|c| dragonex129|that was gutsy\n|c| ZeroORAS|This ape is fucked\n|\n|t:|1699916394\n|-singleturn|p2a: Dancin|move: Focus Punch\n|move|p1a: Ryu-Kishin Powered|U-turn|p2a: Dancin\n|-supereffective|p2a: Dancin\n|-damage|p2a: Dancin|0 fnt\n|faint|p2a: Dancin\n|\n|t:|1699916400\n|switch|p1a: Cyber Soldier|Sandy Shocks|100\/100|[from] U-turn\n|\n|upkeep\n|c| dragonex129|looking pretty good for segoe\n|\n|t:|1699916433\n|switch|p2a: Ballin|Hoopa-Unbound|100\/100\n|-status|p2a: Ballin|psn\n|turn|8\n|\n|t:|1699916454\n|move|p1a: Cyber Soldier|Stealth Rock|p2a: Ballin\n|-sidestart|p2: Derfle|move: Stealth Rock\n|move|p2a: Ballin|Energy Ball|p1a: Cyber Soldier\n|-supereffective|p1a: Cyber Soldier\n|-damage|p1a: Cyber Soldier|0 fnt\n|faint|p1a: Cyber Soldier\n|-end|p1a: Cyber Soldier|Protosynthesis|[silent]\n|\n|-damage|p2a: Ballin|88\/100 psn|[from] psn\n|upkeep\n|c| dragonex129|a sac for rocks\n|c| dragonex129|lets see if it pays off\n|\n|t:|1699916502\n|switch|p1a: Mechanicalchaser|Revavroom, M|100\/100 par\n|turn|9\n|\n|t:|1699916511\n|move|p2a: Ballin|Focus Blast|p1a: Mechanicalchaser\n|-damage|p1a: Mechanicalchaser|16\/100 par\n|move|p1a: Mechanicalchaser|Iron Head|p2a: Ballin\n|-damage|p2a: Ballin|58\/100 psn\n|\n|-heal|p1a: Mechanicalchaser|22\/100 par|[from] item: Leftovers\n|-damage|p2a: Ballin|45\/100 psn|[from] psn\n|-sideend|p2: Derfle|Reflect\n|upkeep\n|turn|10\n|j| sharkangel037\n|c| dragonex129|rip car\n|\n|t:|1699916540\n|-terastallize|p1a: Mechanicalchaser|Water\n|move|p2a: Ballin|Brick Break|p1a: Mechanicalchaser\n|-damage|p1a: Mechanicalchaser|0 fnt\n|faint|p1a: Mechanicalchaser\n|\n|-damage|p2a: Ballin|33\/100 psn|[from] psn\n|upkeep\n|c| sharkangel037|ballin\n|c| Jektrooper|wait\n|\n|t:|1699916555\n|switch|p1a: Curse of Dragon|Roaring Moon|100\/100\n|turn|11\n|c| Jektrooper|Derfle is actually balling right now\n|\n|t:|1699916562\n|move|p1a: Curse of Dragon|Earthquake|p2a: Ballin\n|-damage|p2a: Ballin|0 fnt\n|faint|p2a: Ballin\n|\n|upkeep\n|c| dragonex129|is she\n|\n|t:|1699916576\n|switch|p2a: Ruffles|Grimmsnarl, M|100\/100\n|-status|p2a: Ruffles|psn\n|-damage|p2a: Ruffles|88\/100 psn|[from] Stealth Rock\n|turn|12\n|c| Jektrooper|well idk if she's going to win but this looks way better then it did 5 turns ago lol\n|\n|t:|1699916583\n|move|p2a: Ruffles|Thunder Wave|p1a: Curse of Dragon\n|-hint|Since gen 7, Dark is immune to Prankster moves.\n|-immune|p1a: Curse of Dragon\n|move|p1a: Curse of Dragon|Iron Head|p2a: Ruffles\n|-supereffective|p2a: Ruffles\n|-damage|p2a: Ruffles|19\/100 psn\n|\n|-damage|p2a: Ruffles|6\/100 psn|[from] psn\n|upkeep\n|turn|13\n|c| dragonex129|oof\n|c|\u2606SegoeScript|oh no\n|c|\u2606SegoeScript|the lankster\n|\n|t:|1699916595\n|move|p2a: Ruffles|Reflect|p2a: Ruffles\n|-sidestart|p2: Derfle|Reflect\n|move|p1a: Curse of Dragon|Earthquake|p2a: Ruffles\n|-damage|p2a: Ruffles|0 fnt\n|faint|p2a: Ruffles\n|\n|upkeep\n|c| dragonex129|thats it\n|c| dragonex129|its joever\n|c| ZeroORAS|She forgot the prankster immunity\n|\n|t:|1699916604\n|switch|p2a: Falcon|Iron Hands|100\/100\n|-status|p2a: Falcon|psn\n|-damage|p2a: Falcon|94\/100 psn|[from] Stealth Rock\n|-enditem|p2a: Falcon|Booster Energy\n|-activate|p2a: Falcon|ability: Quark Drive|[fromitem]\n|-start|p2a: Falcon|quarkdriveatk\n|turn|14\n|c| Jektrooper|it's not joever\n|\n|t:|1699916619\n|move|p1a: Curse of Dragon|Brick Break|p2a: Falcon\n|-sideend|p2: Derfle|Reflect\n|-damage|p2a: Falcon|77\/100 psn\n|move|p2a: Falcon|Close Combat|p1a: Curse of Dragon\n|-supereffective|p1a: Curse of Dragon\n|-damage|p1a: Curse of Dragon|0 fnt\n|-unboost|p2a: Falcon|def|1\n|-unboost|p2a: Falcon|spd|1\n|faint|p1a: Curse of Dragon\n|-end|p1a: Curse of Dragon|Protosynthesis|[silent]\n|\n|-damage|p2a: Falcon|65\/100 psn|[from] psn\n|upkeep\n|c| dragonex129|oh\n|c| dragonex129|maybe not\n|c| Jektrooper|wait the Brick Break tech LMAO\n|\n|t:|1699916639\n|switch|p1a: Alligator's Sword|Samurott-Hisui, F|100\/100\n|turn|15\n|\n|t:|1699916653\n|-end|p2a: Falcon|Quark Drive|[silent]\n|switch|p2a: Cleave|Kingambit, M|100\/100\n|-damage|p2a: Cleave|94\/100|[from] Stealth Rock\n|-activate|p2a: Cleave|ability: Supreme Overlord\n|-start|p2a: Cleave|fallen4|[silent]\n|move|p1a: Alligator's Sword|Hydro Pump|p2a: Cleave\n|-damage|p2a: Cleave|68\/100\n|\n|upkeep\n|turn|16\n|c| dragonex129|o shit\n|\n|t:|1699916671\n|switch|p1a: Ryu-Kishin Powered|Corviknight, M|75\/100\n|-ability|p1a: Ryu-Kishin Powered|Pressure\n|move|p2a: Cleave|Iron Head|p1a: Ryu-Kishin Powered\n|-resisted|p1a: Ryu-Kishin Powered\n|-damage|p1a: Ryu-Kishin Powered|55\/100\n|\n|upkeep\n|turn|17\n|\n|t:|1699916685\n|move|p2a: Cleave|Sucker Punch|p1a: Ryu-Kishin Powered\n|-damage|p1a: Ryu-Kishin Powered|22\/100\n|move|p1a: Ryu-Kishin Powered|U-turn|p2a: Cleave\n|-damage|p2a: Cleave|58\/100\n|\n|t:|1699916690\n|switch|p1a: Alligator's Sword|Samurott-Hisui, F|100\/100|[from] U-turn\n|\n|upkeep\n|turn|18\n|c| dragonex129|oh jeez\n|c| dragonex129|im scared\n|\n|t:|1699916702\n|move|p1a: Alligator's Sword|Sacred Sword|p2a: Cleave\n|-supereffective|p2a: Cleave\n|-damage|p2a: Cleave|0 fnt\n|faint|p2a: Cleave\n|-end|p2a: Cleave|fallen4|[silent]\n|\n|upkeep\n|c| dragonex129|OH SHIT\n|\n|t:|1699916709\n|switch|p2a: Falcon|Iron Hands|65\/100 psn\n|-damage|p2a: Falcon|59\/100 psn|[from] Stealth Rock\n|turn|19\n|c| dragonex129|what a play\n|c| ZeroORAS|I stg if Segoe loses because he used brick break on roaring moon again\n|\n|t:|1699916714\n|move|p2a: Falcon|Fake Out|p1a: Alligator's Sword\n|-damage|p1a: Alligator's Sword|81\/100\n|cant|p1a: Alligator's Sword|flinch\n|\n|-damage|p2a: Falcon|46\/100 psn|[from] psn\n|upkeep\n|turn|20\n|c| dragonex129|NOOOOOOOOOO\n|\n|t:|1699916722\n|move|p1a: Alligator's Sword|Sacred Sword|p2a: Falcon\n|-damage|p2a: Falcon|20\/100 psn\n|move|p2a: Falcon|Close Combat|p1a: Alligator's Sword\n|-supereffective|p1a: Alligator's Sword\n|-damage|p1a: Alligator's Sword|0 fnt\n|-unboost|p2a: Falcon|def|1\n|-unboost|p2a: Falcon|spd|1\n|faint|p1a: Alligator's Sword\n|\n|-damage|p2a: Falcon|8\/100 psn|[from] psn\n|upkeep\n|c| dragonex129|oh my god\n|c| dragonex129|plz\n|c| dragonex129|no\n|\n|t:|1699916731\n|switch|p1a: Claw Reacher|Hatterene, F|100\/100\n|turn|21\n|c| dragonex129|ok\n|c|\u2606SegoeScript|nah\n|c| Jektrooper|Segoe wins unless Derfle has recovery\n|c| dragonex129|segoe wins\n|c| dragonex129|jeez\n|c|\u2606SegoeScript|it die to poison\n|\n|t:|1699916738\n|move|p2a: Falcon|Fire Punch|p1a: Claw Reacher\n|-damage|p1a: Claw Reacher|78\/100\n|-status|p1a: Claw Reacher|brn\n|-damage|p2a: Falcon|0 fnt|[from] item: Rocky Helmet|[of] p1a: Claw Reacher\n|faint|p2a: Falcon\n|-end|p2a: Falcon|Quark Drive|[silent]\n|\n|win|SegoeScript\n|c| sharkangel037|yeah\n|c| Jektrooper|nvm it's joever\n|c|\u2606SegoeScript|ggs\n|c| dragonex129|damn\n|c|\u2606SegoeScript|nice burn\n|c| dragonex129|that sacred sword\n|c| dragonex129|huge\n|c| Jektrooper|very close game wow\n|c|\u2606SegoeScript|it was scarf samurott\n|c| dragonex129|without sacred sword you lose i think\n|c|\u2606SegoeScript|i was calling out lando lead but it didn't hapen\n","uploadtime":1699916752,"views":28,"p1id":"segoescript","p2id":"derfle","formatid":"gen9anythinggoes","rating":0,"private":0,"password":""}