{"id":"gen9anythinggoes-1990325015","p1":"siams","p2":"manfg","format":"[Gen 9] Anything Goes","log":"|j|\u2606siams\n|j|\u2606manfg\n|t:|1699956983\n|gametype|singles\n|player|p1|siams|lance|\n|player|p2|manfg|1|\n|teamsize|p1|6\n|teamsize|p2|6\n|gen|9\n|tier|[Gen 9] Anything Goes\n|rule|HP Percentage Mod: HP is shown in percentages\n|rule|Endless Battle Clause: Forcing endless battles is banned\n|clearpoke\n|poke|p1|Ursaluna-Bloodmoon, M|\n|poke|p1|Calyrex-Shadow|\n|poke|p1|Miraidon|\n|poke|p1|Darkrai|\n|poke|p1|Volbeat, M|\n|poke|p1|Grimmsnarl, M|\n|poke|p2|Calyrex-Shadow|\n|poke|p2|Zacian-*|\n|poke|p2|Heatran, F|\n|poke|p2|Ogerpon-Hearthflame, F|\n|poke|p2|Ting-Lu|\n|poke|p2|Darkrai|\n|teampreview\n|c|\u2606manfg|yooooo\\\n|c|\u2606siams|what\n|c|\u2606siams|what the hell is going on with that slash?\n|c|\u2606manfg|nothing just make a move dammit\n|c|\u2606siams|OK\n|\n|t:|1699957037\n|start\n|switch|p1a: Volbeat|Volbeat, M|100\/100\n|switch|p2a: Ting-Lu|Ting-Lu|100\/100\n|-ability|p2a: Ting-Lu|Vessel of Ruin\n|turn|1\n|\n|t:|1699957053\n|move|p1a: Volbeat|Tail Glow|p1a: Volbeat\n|-boost|p1a: Volbeat|spa|3\n|move|p2a: Ting-Lu|Stone Edge|p1a: Volbeat|[miss]\n|-miss|p2a: Ting-Lu|p1a: Volbeat\n|\n|upkeep\n|turn|2\n|c|\u2606manfg|FUCK\n|c|\u2606manfg|THAT MISS\n|c|\u2606siams|its bad\n|c|\u2606siams|oops sorry good for mr\n|\n|t:|1699957086\n|move|p1a: Volbeat|Tail Glow|p1a: Volbeat\n|-boost|p1a: Volbeat|spa|3\n|move|p2a: Ting-Lu|Stone Edge|p1a: Volbeat|[miss]\n|-miss|p2a: Ting-Lu|p1a: Volbeat\n|\n|upkeep\n|turn|3\n|c|\u2606manfg|FUCKING MOTHERBITDFS\n|c|\u2606siams|yoooo calm down\n|c|\u2606manfg|imma switch\n|\n|t:|1699957131\n|switch|p2a: Calyrex|Calyrex-Shadow|100\/100\n|-ability|p2a: Calyrex|As One\n|-ability|p2a: Calyrex|Unnerve\n|move|p1a: Volbeat|Baton Pass|p1a: Volbeat\n|\n|t:|1699957139\n|switch|p1a: Darkrai|Darkrai|100\/100|[from] Baton Pass\n|\n|upkeep\n|turn|4\n|c|\u2606manfg|hmmmmmm\n|c|\u2606siams|yeah\n|\n|t:|1699957162\n|-terastallize|p1a: Darkrai|Dark\n|move|p2a: Calyrex|Pollen Puff|p1a: Darkrai\n|-supereffective|p1a: Darkrai\n|-damage|p1a: Darkrai|0 fnt\n|faint|p1a: Darkrai\n|-ability|p2a: Calyrex|Grim Neigh|boost\n|-boost|p2a: Calyrex|spa|1\n|\n|upkeep\n|\n|t:|1699957170\n|switch|p1a: Volbeat|Volbeat, M|100\/100\n|turn|5\n|c|\u2606siams|ok try 2\n|c|\u2606manfg|what?\n|c|\u2606siams|your mom\n|c|\u2606manfg|FU-\n|\n|t:|1699957216\n|move|p1a: Volbeat|Tail Glow|p1a: Volbeat\n|-boost|p1a: Volbeat|spa|3\n|move|p2a: Calyrex|Astral Barrage|p1a: Volbeat\n|-enditem|p1a: Volbeat|Focus Sash\n|-damage|p1a: Volbeat|1\/100\n|\n|upkeep\n|turn|6\n|c|\u2606manfg|THE FUCKING SASH\n|c|\u2606siams|its good right\n|c|\u2606manfg|AND YOU HAVE PRANKSTER\n|c|\u2606siams|yeah\n|\n|t:|1699957292\n|move|p1a: Volbeat|Baton Pass|p1a: Volbeat\n|c|\u2606manfg|uhhh\n|c|\u2606manfg|wjat\n|\n|t:|1699957304\n|switch|p1a: ME Rhydon|Miraidon|100\/100|[from] Baton Pass\n|-fieldstart|move: Electric Terrain|[from] ability: Hadron Engine|[of] p1a: ME Rhydon\n|move|p2a: Calyrex|Psychic|p1a: ME Rhydon\n|-damage|p1a: ME Rhydon|18\/100\n|\n|upkeep\n|turn|7\n|c|\u2606siams|why didnt you astral barrage\n|\n|t:|1699957337\n|move|p2a: Calyrex|Astral Barrage|p1a: ME Rhydon\n|-damage|p1a: ME Rhydon|0 fnt\n|faint|p1a: ME Rhydon\n|-ability|p2a: Calyrex|Grim Neigh|boost\n|-boost|p2a: Calyrex|spa|1\n|\n|upkeep\n|c|\u2606siams|ok I\n|c|\u2606siams|lose?\n|\n|t:|1699957352\n|switch|p1a: Ghost Rider|Calyrex-Shadow|100\/100\n|-ability|p1a: Ghost Rider|As One\n|-ability|p1a: Ghost Rider|Unnerve\n|turn|8\n|c|\u2606siams|youll probably go first\n|c|\u2606manfg|hope I do\n|\n|t:|1699957375\n|move|p1a: Ghost Rider|Astral Barrage|p2a: Calyrex\n|-supereffective|p2a: Calyrex\n|-crit|p2a: Calyrex\n|-enditem|p2a: Calyrex|Focus Sash\n|-damage|p2a: Calyrex|1\/100\n|move|p2a: Calyrex|Astral Barrage|p1a: Ghost Rider\n|-supereffective|p1a: Ghost Rider\n|-enditem|p1a: Ghost Rider|Focus Sash\n|-damage|p1a: Ghost Rider|1\/100\n|\n|upkeep\n|turn|9\n|c|\u2606siams|WHAT\n|c|\u2606siams|THE DOUBLE SASH?\n|c|\u2606manfg|yeah\n|\n|t:|1699957411\n|move|p1a: Ghost Rider|Astral Barrage|p2a: Calyrex\n|-supereffective|p2a: Calyrex\n|-damage|p2a: Calyrex|0 fnt\n|faint|p2a: Calyrex\n|-ability|p1a: Ghost Rider|Grim Neigh|boost\n|-boost|p1a: Ghost Rider|spa|1\n|\n|upkeep\n|c|\u2606siams|you died or sm?\n|c|\u2606manfg|nope\n|c|\u2606manfg|im here\n|\n|t:|1699957455\n|switch|p2a: Ting-Lu|Ting-Lu|100\/100\n|-ability|p2a: Ting-Lu|Vessel of Ruin\n|turn|10\n|c|\u2606manfg|OH shit\n|\n|t:|1699957471\n|-terastallize|p2a: Ting-Lu|Steel\n|move|p1a: Ghost Rider|Pollen Puff|p2a: Ting-Lu\n|-resisted|p2a: Ting-Lu\n|-damage|p2a: Ting-Lu|86\/100\n|move|p2a: Ting-Lu|Throat Chop|p1a: Ghost Rider\n|-supereffective|p1a: Ghost Rider\n|-damage|p1a: Ghost Rider|0 fnt\n|faint|p1a: Ghost Rider\n|\n|-fieldend|move: Electric Terrain\n|upkeep\n|\n|t:|1699957482\n|switch|p1a: NOT a legendary|Ursaluna-Bloodmoon, M|100\/100\n|turn|11\n|\n|t:|1699957492\n|move|p2a: Ting-Lu|Throat Chop|p1a: NOT a legendary\n|-damage|p1a: NOT a legendary|63\/100\n|-start|p1a: NOT a legendary|Throat Chop|[silent]\n|move|p1a: NOT a legendary|Moonblast|p2a: Ting-Lu\n|-resisted|p2a: Ting-Lu\n|-damage|p2a: Ting-Lu|76\/100\n|\n|-heal|p1a: NOT a legendary|69\/100|[from] item: Leftovers\n|upkeep\n|turn|12\n|c|\u2606siams|i forgot you were darek\n|c|\u2606siams|dark\n|\n|t:|1699957516\n|move|p2a: Ting-Lu|Throat Chop|p1a: NOT a legendary\n|-damage|p1a: NOT a legendary|25\/100\n|move|p1a: NOT a legendary|Earth Power|p2a: Ting-Lu\n|-supereffective|p2a: Ting-Lu\n|-damage|p2a: Ting-Lu|17\/100\n|\n|-heal|p1a: NOT a legendary|31\/100|[from] item: Leftovers\n|-end|p1a: NOT a legendary|Throat Chop|[silent]\n|upkeep\n|turn|13\n|c|\u2606siams|ARE YOU KIDDING ME!?\n|c|\u2606manfg|no\n|\n|t:|1699957560\n|move|p2a: Ting-Lu|Throat Chop|p1a: NOT a legendary\n|-damage|p1a: NOT a legendary|0 fnt\n|faint|p1a: NOT a legendary\n|\n|upkeep\n|c|\u2606siams|FUCK\n|c|\u2606manfg|you said no cursing\n|c|\u2606siams|ok you win\n|-message|siams forfeited.\n|\n|win|manfg\n|l|\u2606siams\n|c|\u2606manfg|BRUH\n|c|\u2606manfg|AHAHAAHAHAHAHAHAAHAHAHAHAHAAHAH\n","uploadtime":1699957665,"views":3,"p1id":"siams","p2id":"manfg","formatid":"gen9anythinggoes","rating":0,"private":0,"password":""}