{"id":"gen9anythinggoes-1974499576","p1":"theluckyone26","p2":"Joemew","format":"[Gen 9] Anything Goes","log":"|j|\u2606theluckyone26\n|j|\u2606Joemew\n|t:|1698092086\n|gametype|singles\n|player|p1|theluckyone26|265|1123\n|player|p2|Joemew|266|1027\n|teamsize|p1|6\n|teamsize|p2|6\n|gen|9\n|tier|[Gen 9] Anything Goes\n|rated|\n|rule|HP Percentage Mod: HP is shown in percentages\n|rule|Endless Battle Clause: Forcing endless battles is banned\n|clearpoke\n|poke|p1|Riolu, F|\n|poke|p1|Riolu, F|\n|poke|p1|Nacli, L1, F|\n|poke|p1|Nacli, L1, M|\n|poke|p1|Toxapex, M|\n|poke|p1|Glimmora, M|\n|poke|p2|Gengar, M|\n|poke|p2|Charizard, M|\n|poke|p2|Arceus-Steel|\n|poke|p2|Garchomp, M|\n|poke|p2|Empoleon, M|\n|poke|p2|Darkrai|\n|teampreview\n|inactive|Battle timer is ON: inactive players will automatically lose when time's up. (requested by theluckyone26)\n|\n|t:|1698092114\n|start\n|switch|p1a: Toxapex|Toxapex, M|100\/100\n|switch|p2a: Gengar|Gengar, M, shiny|100\/100\n|turn|1\n|\n|t:|1698092122\n|move|p2a: Gengar|Toxic Spikes|p1a: Toxapex\n|-sidestart|p1: theluckyone26|move: Toxic Spikes\n|move|p1a: Toxapex|Toxic Spikes|p2a: Gengar\n|-sidestart|p2: Joemew|move: Toxic Spikes\n|\n|upkeep\n|turn|2\n|\n|t:|1698092130\n|switch|p1a: Glimmora|Glimmora, M|100\/100\n|-sideend|p1: theluckyone26|move: Toxic Spikes|[of] p1a: Glimmora\n|move|p2a: Gengar|Thunder Wave|p1a: Glimmora\n|-status|p1a: Glimmora|par\n|\n|upkeep\n|turn|3\n|\n|t:|1698092144\n|move|p2a: Gengar|Energy Ball|p1a: Glimmora\n|-damage|p1a: Glimmora|72\/100 par\n|move|p1a: Glimmora|Toxic|p2a: Gengar\n|-status|p2a: Gengar|tox\n|\n|-damage|p2a: Gengar|94\/100 tox|[from] psn\n|upkeep\n|turn|4\n|j| Andrews Finn\n|\n|t:|1698092163\n|move|p1a: Glimmora|Protect|p1a: Glimmora\n|-singleturn|p1a: Glimmora|Protect\n|move|p2a: Gengar|Icy Wind|p1a: Glimmora\n|-activate|p1a: Glimmora|move: Protect\n|\n|-damage|p2a: Gengar|82\/100 tox|[from] psn\n|upkeep\n|turn|5\n|\n|t:|1698092170\n|move|p2a: Gengar|Toxic Spikes|p1a: Glimmora\n|-sidestart|p1: theluckyone26|move: Toxic Spikes\n|move|p1a: Glimmora|Toxic Spikes|p2a: Gengar\n|-sidestart|p2: Joemew|move: Toxic Spikes\n|\n|-damage|p2a: Gengar|64\/100 tox|[from] psn\n|upkeep\n|turn|6\n|\n|t:|1698092177\n|move|p1a: Glimmora|Protect|p1a: Glimmora\n|-singleturn|p1a: Glimmora|Protect\n|move|p2a: Gengar|Energy Ball|p1a: Glimmora\n|-activate|p1a: Glimmora|move: Protect\n|\n|-damage|p2a: Gengar|40\/100 tox|[from] psn\n|upkeep\n|turn|7\n|\n|t:|1698092189\n|move|p2a: Gengar|Energy Ball|p1a: Glimmora\n|-damage|p1a: Glimmora|42\/100 par\n|move|p1a: Glimmora|Toxic|p2a: Gengar\n|-fail|p2a: Gengar|tox\n|\n|-damage|p2a: Gengar|10\/100 tox|[from] psn\n|upkeep\n|turn|8\n|\n|t:|1698092196\n|move|p1a: Glimmora|Protect|p1a: Glimmora\n|-singleturn|p1a: Glimmora|Protect\n|move|p2a: Gengar|Energy Ball|p1a: Glimmora\n|-activate|p1a: Glimmora|move: Protect\n|\n|-damage|p2a: Gengar|0 fnt|[from] psn\n|faint|p2a: Gengar\n|upkeep\n|\n|t:|1698092215\n|switch|p2a: Darkrai|Darkrai, shiny|100\/100\n|-status|p2a: Darkrai|tox\n|turn|9\n|\n|t:|1698092228\n|switch|p1a: Toxapex|Toxapex, M|100\/100\n|-sideend|p1: theluckyone26|move: Toxic Spikes|[of] p1a: Toxapex\n|move|p2a: Darkrai|Ice Beam|p1a: Toxapex\n|-resisted|p1a: Toxapex\n|-damage|p1a: Toxapex|87\/100\n|\n|-damage|p2a: Darkrai|94\/100 tox|[from] psn\n|upkeep\n|turn|10\n|\n|t:|1698092239\n|move|p1a: Toxapex|Baneful Bunker|p1a: Toxapex\n|-singleturn|p1a: Toxapex|move: Protect\n|move|p2a: Darkrai|Knock Off|p1a: Toxapex\n|-activate|p1a: Toxapex|move: Protect\n|\n|-damage|p2a: Darkrai|82\/100 tox|[from] psn\n|upkeep\n|turn|11\n|\n|t:|1698092257\n|move|p2a: Darkrai|Knock Off|p1a: Toxapex\n|-damage|p1a: Toxapex|74\/100\n|move|p1a: Toxapex|Toxic|p2a: Darkrai\n|-fail|p2a: Darkrai|tox\n|\n|-damage|p2a: Darkrai|64\/100 tox|[from] psn\n|upkeep\n|turn|12\n|\n|t:|1698092265\n|move|p1a: Toxapex|Baneful Bunker|p1a: Toxapex\n|-singleturn|p1a: Toxapex|move: Protect\n|move|p2a: Darkrai|Dark Pulse|p1a: Toxapex\n|-activate|p1a: Toxapex|move: Protect\n|\n|-damage|p2a: Darkrai|40\/100 tox|[from] psn\n|upkeep\n|turn|13\n|\n|t:|1698092273\n|move|p2a: Darkrai|Dark Pulse|p1a: Toxapex\n|-damage|p1a: Toxapex|41\/100\n|move|p1a: Toxapex|Toxic|p2a: Darkrai\n|-fail|p2a: Darkrai|tox\n|\n|-damage|p2a: Darkrai|9\/100 tox|[from] psn\n|upkeep\n|-enditem|p2a: Darkrai|Aguav Berry|[eat]\n|-heal|p2a: Darkrai|42\/100 tox|[from] item: Aguav Berry\n|turn|14\n|\n|t:|1698092284\n|move|p1a: Toxapex|Baneful Bunker|p1a: Toxapex\n|-singleturn|p1a: Toxapex|move: Protect\n|move|p2a: Darkrai|Ice Beam|p1a: Toxapex\n|-activate|p1a: Toxapex|move: Protect\n|\n|-damage|p2a: Darkrai|6\/100 tox|[from] psn\n|upkeep\n|turn|15\n|n|!Joemew|joemew\n|\n|t:|1698092298\n|move|p2a: Darkrai|Dark Pulse|p1a: Toxapex\n|-damage|p1a: Toxapex|5\/100\n|move|p1a: Toxapex|Recover|p1a: Toxapex\n|-heal|p1a: Toxapex|55\/100\n|\n|-damage|p2a: Darkrai|0 fnt|[from] psn\n|faint|p2a: Darkrai\n|upkeep\n|\n|t:|1698092311\n|switch|p2a: Charizard|Charizard, M, shiny|100\/100\n|turn|16\n|\n|t:|1698092320\n|-terastallize|p2a: Charizard|Water\n|move|p2a: Charizard|Thunder Punch|p1a: Toxapex\n|-supereffective|p1a: Toxapex\n|-damage|p1a: Toxapex|29\/100\n|move|p1a: Toxapex|Toxic|p2a: Charizard\n|-status|p2a: Charizard|tox\n|\n|-damage|p2a: Charizard|94\/100 tox|[from] psn\n|upkeep\n|turn|17\n|\n|t:|1698092331\n|move|p1a: Toxapex|Baneful Bunker|p1a: Toxapex\n|-singleturn|p1a: Toxapex|move: Protect\n|move|p2a: Charizard|Thunder Punch|p1a: Toxapex\n|-activate|p1a: Toxapex|move: Protect\n|\n|-damage|p2a: Charizard|82\/100 tox|[from] psn\n|upkeep\n|turn|18\n|\n|t:|1698092340\n|move|p2a: Charizard|Thunder Punch|p1a: Toxapex\n|-supereffective|p1a: Toxapex\n|-damage|p1a: Toxapex|6\/100\n|-status|p1a: Toxapex|par\n|cant|p1a: Toxapex|par\n|\n|-damage|p2a: Charizard|63\/100 tox|[from] psn\n|upkeep\n|turn|19\n|\n|t:|1698092347\n|move|p2a: Charizard|Dragon Claw|p1a: Toxapex\n|-damage|p1a: Toxapex|0 fnt\n|faint|p1a: Toxapex\n|\n|-damage|p2a: Charizard|39\/100 tox|[from] psn\n|upkeep\n|\n|t:|1698092354\n|switch|p1a: Nacli|Nacli, L1, M|100\/100\n|turn|20\n|\n|t:|1698092360\n|move|p2a: Charizard|Earthquake|p1a: Nacli\n|-supereffective|p1a: Nacli\n|-ability|p1a: Nacli|Sturdy\n|-damage|p1a: Nacli|9\/100\n|move|p1a: Nacli|Dig||[still]\n|-prepare|p1a: Nacli|Dig\n|\n|-damage|p2a: Charizard|8\/100 tox|[from] psn\n|-damage|p1a: Nacli|0 fnt|[from] item: Sticky Barb\n|faint|p1a: Nacli\n|upkeep\n|\n|t:|1698092382\n|switch|p1a: Glimmora|Glimmora, M|42\/100 par\n|turn|21\n|\n|t:|1698092408\n|move|p2a: Charizard|Thunder Punch|p1a: Glimmora\n|-damage|p1a: Glimmora|23\/100 par\n|-damage|p2a: Charizard|0 fnt|[from] item: Rocky Helmet|[of] p1a: Glimmora\n|faint|p2a: Charizard\n|move|p1a: Glimmora|Explosion|p2: Charizard|[notarget]\n|-fail|p1a: Glimmora\n|faint|p1a: Glimmora\n|\n|upkeep\n|\n|t:|1698092420\n|switch|p2a: Empoleon|Empoleon, M, shiny|100\/100\n|switch|p1a: Riolu|Riolu, F|100\/100\n|turn|22\n|\n|t:|1698092426\n|move|p1a: Riolu|Copycat|p1a: Riolu\n|move|p1a: Riolu|Explosion|p2a: Empoleon|[from]move: Copycat\n|-resisted|p2a: Empoleon\n|-damage|p2a: Empoleon|66\/100\n|faint|p1a: Riolu\n|move|p2a: Empoleon|Ice Beam|p1: Riolu|[notarget]\n|-fail|p2a: Empoleon\n|\n|upkeep\n|\n|t:|1698092433\n|switch|p1a: Nacli|Nacli, L1, F|100\/100\n|turn|23\n|\n|t:|1698092444\n|move|p2a: Empoleon|Ice Beam|p1a: Nacli\n|-ability|p1a: Nacli|Sturdy\n|-damage|p1a: Nacli|9\/100\n|move|p1a: Nacli|Dig||[still]\n|-prepare|p1a: Nacli|Dig\n|\n|-damage|p1a: Nacli|0 fnt|[from] item: Sticky Barb\n|faint|p1a: Nacli\n|upkeep\n|\n|t:|1698092452\n|switch|p1a: Hi|Riolu, F|100\/100\n|turn|24\n|\n|t:|1698092458\n|move|p1a: Hi|Copycat|p1a: Hi\n|move|p1a: Hi|Dig||[from]move: Copycat|[still]\n|-prepare|p1a: Hi|Dig\n|move|p2a: Empoleon|Ice Beam|p1a: Hi|[miss]\n|-miss|p2a: Empoleon|p1a: Hi\n|\n|upkeep\n|turn|25\n|\n|t:|1698092464\n|move|p2a: Empoleon|Drill Peck|p1a: Hi|[miss]\n|-miss|p2a: Empoleon|p1a: Hi\n|move|p1a: Hi|Dig|p2a: Empoleon|[from]lockedmove\n|-supereffective|p2a: Empoleon\n|-damage|p2a: Empoleon|23\/100\n|-enditem|p2a: Empoleon|Aguav Berry|[eat]\n|-heal|p2a: Empoleon|56\/100|[from] item: Aguav Berry\n|\n|upkeep\n|turn|26\n|\n|t:|1698092474\n|switch|p2a: Garchomp|Garchomp, M, shiny|100\/100\n|-status|p2a: Garchomp|tox\n|move|p1a: Hi|Copycat|p1a: Hi\n|move|p1a: Hi|Dig||[from]move: Copycat|[still]\n|-prepare|p1a: Hi|Dig\n|\n|-damage|p2a: Garchomp|94\/100 tox|[from] psn\n|upkeep\n|turn|27\n|\n|t:|1698092482\n|move|p2a: Garchomp|Earthquake|p1a: Hi\n|-damage|p1a: Hi|0 fnt\n|faint|p1a: Hi\n|\n|win|Joemew\n|raw|theluckyone26's rating: 1123 &rarr; <strong>1091<\/strong><br \/>(-32 for losing)\n|raw|Joemew's rating: 1027 &rarr; <strong>1073<\/strong><br \/>(+46 for winning)\n","uploadtime":1698092291,"views":4,"p1id":"theluckyone26","p2id":"joemew","formatid":"gen9anythinggoes","rating":1073,"private":0,"password":""}