{"id":"gen9anythinggoes-1981247296","p1":"cocadamafioso","p2":"Kemowastaken","format":"[Gen 9] Anything Goes","log":"|j|\u2606cocadamafioso\n|j|\u2606Kemowastaken\n|t:|1698876095\n|gametype|singles\n|player|p1|cocadamafioso|hilbert|1155\n|player|p2|Kemowastaken|lady|1186\n|teamsize|p1|6\n|teamsize|p2|6\n|gen|9\n|tier|[Gen 9] Anything Goes\n|rated|\n|rule|HP Percentage Mod: HP is shown in percentages\n|rule|Endless Battle Clause: Forcing endless battles is banned\n|clearpoke\n|poke|p1|Umbreon, F|\n|poke|p1|Ceruledge, F|\n|poke|p1|Garchomp, M|\n|poke|p1|Clodsire, M|\n|poke|p1|Azumarill, M|\n|poke|p1|Quaquaval, M|\n|poke|p2|Polteageist|\n|poke|p2|Dragonite, F|\n|poke|p2|Weavile, M|\n|poke|p2|Jirachi|\n|poke|p2|Infernape, F|\n|poke|p2|Blissey, F|\n|teampreview\n|inactive|Battle timer is ON: inactive players will automatically lose when time's up. (requested by Kemowastaken)\n|\n|t:|1698876099\n|start\n|switch|p1a: Clodsire|Clodsire, M|100\/100\n|switch|p2a: Weavile|Weavile, M|100\/100\n|-ability|p2a: Weavile|Pressure\n|turn|1\n|\n|t:|1698876109\n|move|p2a: Weavile|Fake Out|p1a: Clodsire\n|-damage|p1a: Clodsire|85\/100\n|cant|p1a: Clodsire|flinch\n|\n|upkeep\n|turn|2\n|\n|t:|1698876116\n|move|p2a: Weavile|Taunt|p1a: Clodsire\n|-start|p1a: Clodsire|move: Taunt\n|cant|p1a: Clodsire|move: Taunt|Stealth Rock\n|\n|upkeep\n|turn|3\n|\n|t:|1698876122\n|move|p2a: Weavile|Metronome|p2a: Weavile\n|move|p2a: Weavile|Pay Day|p1a: Clodsire|[from]move: Metronome\n|-damage|p1a: Clodsire|69\/100\n|move|p1a: Clodsire|Sludge Bomb|p2a: Weavile\n|-damage|p2a: Weavile|77\/100\n|\n|upkeep\n|turn|4\n|\n|t:|1698876132\n|switch|p1a: Umbreon|Umbreon, F, shiny|100\/100\n|move|p2a: Weavile|Metronome|p2a: Weavile\n|move|p2a: Weavile|Brave Bird|p1a: Umbreon|[from]move: Metronome\n|-damage|p1a: Umbreon|73\/100\n|-damage|p2a: Weavile|66\/100|[from] Recoil\n|\n|-heal|p1a: Umbreon|79\/100|[from] item: Leftovers\n|upkeep\n|turn|5\n|\n|t:|1698876151\n|move|p2a: Weavile|Taunt|p1a: Umbreon\n|-start|p1a: Umbreon|move: Taunt\n|cant|p1a: Umbreon|move: Taunt|Taunt\n|\n|-heal|p1a: Umbreon|85\/100|[from] item: Leftovers\n|upkeep\n|turn|6\n|\n|t:|1698876163\n|switch|p1a: Clodsire|Clodsire, M|69\/100\n|move|p2a: Weavile|Metronome|p2a: Weavile\n|move|p2a: Weavile|Rest|p2a: Weavile|[from]move: Metronome\n|-status|p2a: Weavile|slp|[from] move: Rest\n|-heal|p2a: Weavile|100\/100 slp|[silent]\n|\n|upkeep\n|turn|7\n|\n|t:|1698876175\n|switch|p2a: Jirachi|Jirachi|100\/100\n|move|p1a: Clodsire|Stealth Rock|p2a: Jirachi\n|-sidestart|p2: Kemowastaken|move: Stealth Rock\n|\n|upkeep\n|turn|8\n|\n|t:|1698876192\n|switch|p2a: Weavile|Weavile, M|100\/100 slp\n|-damage|p2a: Weavile|76\/100 slp|[from] Stealth Rock\n|-ability|p2a: Weavile|Pressure\n|move|p1a: Clodsire|Toxic Spikes|p2a: Weavile\n|-sidestart|p2: Kemowastaken|move: Toxic Spikes\n|\n|upkeep\n|turn|9\n|\n|t:|1698876203\n|cant|p2a: Weavile|slp\n|move|p1a: Clodsire|Sludge Bomb|p2a: Weavile\n|-damage|p2a: Weavile|51\/100 slp\n|\n|upkeep\n|turn|10\n|\n|t:|1698876212\n|switch|p1a: Quaquaval|Quaquaval, M, shiny|100\/100\n|cant|p2a: Weavile|slp\n|\n|upkeep\n|turn|11\n|\n|t:|1698876224\n|-curestatus|p2a: Weavile|slp|[msg]\n|move|p2a: Weavile|Metronome|p2a: Weavile\n|move|p2a: Weavile|Flower Trick|p1a: Quaquaval|[from]move: Metronome\n|-supereffective|p1a: Quaquaval\n|-crit|p1a: Quaquaval\n|-damage|p1a: Quaquaval|0 fnt\n|faint|p1a: Quaquaval\n|\n|upkeep\n|\n|t:|1698876235\n|switch|p1a: Azumarill|Azumarill, M, shiny|100\/100\n|turn|12\n|\n|t:|1698876241\n|move|p2a: Weavile|Taunt|p1a: Azumarill\n|-start|p1a: Azumarill|move: Taunt\n|move|p1a: Azumarill|Play Rough|p2a: Weavile\n|-supereffective|p2a: Weavile\n|-damage|p2a: Weavile|0 fnt\n|faint|p2a: Weavile\n|\n|upkeep\n|\n|t:|1698876254\n|switch|p2a: Jirachi|Jirachi|100\/100\n|-damage|p2a: Jirachi|94\/100|[from] Stealth Rock\n|turn|13\n|\n|t:|1698876263\n|switch|p1a: Clodsire|Clodsire, M|69\/100\n|move|p2a: Jirachi|Iron Head|p1a: Clodsire\n|-damage|p1a: Clodsire|29\/100\n|\n|upkeep\n|turn|14\n|\n|t:|1698876271\n|move|p2a: Jirachi|Iron Head|p1a: Clodsire\n|-damage|p1a: Clodsire|0 fnt\n|faint|p1a: Clodsire\n|\n|upkeep\n|\n|t:|1698876276\n|switch|p1a: Ceruledge|Ceruledge, F, shiny|100\/100\n|turn|15\n|\n|t:|1698876284\n|switch|p2a: Infernape|Infernape, F|100\/100\n|-damage|p2a: Infernape|88\/100|[from] Stealth Rock\n|-status|p2a: Infernape|psn\n|move|p1a: Ceruledge|Flame Charge|p2a: Infernape\n|-resisted|p2a: Infernape\n|-damage|p2a: Infernape|72\/100 psn\n|-boost|p1a: Ceruledge|spe|1\n|\n|-damage|p2a: Infernape|60\/100 psn|[from] psn\n|upkeep\n|turn|16\n|\n|t:|1698876302\n|switch|p1a: Azumarill|Azumarill, M, shiny|100\/100\n|move|p2a: Infernape|Metronome|p2a: Infernape\n|move|p2a: Infernape|Rain Dance|p2a: Infernape|[from]move: Metronome\n|-weather|RainDance\n|\n|-weather|RainDance|[upkeep]\n|-damage|p2a: Infernape|47\/100 psn|[from] psn\n|upkeep\n|turn|17\n|inactive|Kemowastaken has 120 seconds left.\n|\n|t:|1698876331\n|switch|p2a: Jirachi|Jirachi|94\/100\n|-damage|p2a: Jirachi|88\/100|[from] Stealth Rock\n|move|p1a: Azumarill|Surf|p2a: Jirachi\n|-damage|p2a: Jirachi|51\/100\n|\n|-weather|RainDance|[upkeep]\n|upkeep\n|turn|18\n|inactive|Kemowastaken has 120 seconds left.\n|\n|t:|1698876355\n|switch|p1a: Garchomp|Garchomp, M, shiny|100\/100\n|move|p2a: Jirachi|Iron Head|p1a: Garchomp\n|-damage|p1a: Garchomp|61\/100\n|\n|-weather|RainDance|[upkeep]\n|upkeep\n|turn|19\n|\n|t:|1698876367\n|move|p2a: Jirachi|Metronome|p2a: Jirachi\n|move|p2a: Jirachi|Reflect|p2a: Jirachi|[from]move: Metronome\n|-sidestart|p2: Kemowastaken|Reflect\n|move|p1a: Garchomp|Fire Fang|p2a: Jirachi\n|-supereffective|p2a: Jirachi\n|-damage|p2a: Jirachi|31\/100\n|\n|-weather|RainDance|[upkeep]\n|upkeep\n|turn|20\n|-message|cocadamafioso forfeited.\n|\n|win|Kemowastaken\n|raw|cocadamafioso's rating: 1155 &rarr; <strong>1132<\/strong><br \/>(-23 for losing)\n|raw|Kemowastaken's rating: 1186 &rarr; <strong>1209<\/strong><br \/>(+23 for winning)\n|l|\u2606cocadamafioso\n","uploadtime":1698876407,"views":7,"p1id":"cocadamafioso","p2id":"kemowastaken","formatid":"gen9anythinggoes","rating":1132,"private":0,"password":""}