{"id":"gen9anythinggoes-1980545089","p1":"Rowan_Rocket","p2":"R1212","format":"[Gen 9] Anything Goes","log":"|j|\u2606Rowan_Rocket\n|j|\u2606R1212\n|t:|1698795695\n|gametype|singles\n|player|p1|Rowan_Rocket|rocketgrunt|1230\n|player|p2|R1212|170|1195\n|teamsize|p1|6\n|teamsize|p2|6\n|gen|9\n|tier|[Gen 9] Anything Goes\n|rated|\n|rule|HP Percentage Mod: HP is shown in percentages\n|rule|Endless Battle Clause: Forcing endless battles is banned\n|clearpoke\n|poke|p1|Farigiraf, M|\n|poke|p1|Wyrdeer, M|\n|poke|p1|Ursaluna, M|\n|poke|p1|Grafaiai, M|\n|poke|p1|Zoroark-Hisui, M|\n|poke|p1|Ambipom, M|\n|poke|p2|Inteleon, F|\n|poke|p2|Drifblim, M|\n|poke|p2|Clefable, F|\n|poke|p2|Manaphy|\n|poke|p2|Espathra, M|\n|poke|p2|Espeon, M|\n|teampreview\n|\n|t:|1698795701\n|start\n|switch|p1a: Ambipom|Ambipom, M|100\/100\n|switch|p2a: Espeon|Espeon, M|100\/100\n|turn|1\n|inactive|Battle timer is ON: inactive players will automatically lose when time's up. (requested by Rowan_Rocket)\n|inactive|R1212 has 120 seconds left.\n|inactive|R1212 has 90 seconds left.\n|\n|t:|1698795814\n|move|p1a: Ambipom|Fake Out|p2a: Espeon\n|-enditem|p1a: Ambipom|Normal Gem|[from] gem\n|-damage|p2a: Espeon|34\/100\n|cant|p2a: Espeon|flinch\n|\n|upkeep\n|turn|2\n|\n|t:|1698795826\n|move|p2a: Espeon|Trick|p1a: Ambipom\n|-activate|p2a: Espeon|move: Trick|[of] p1a: Ambipom\n|-item|p1a: Ambipom|Choice Scarf|[from] move: Trick\n|-enditem|p2a: Espeon|Choice Scarf|[silent]|[from] move: Trick\n|move|p1a: Ambipom|Knock Off|p2a: Espeon\n|-supereffective|p2a: Espeon\n|-crit|p2a: Espeon\n|-damage|p2a: Espeon|0 fnt\n|faint|p2a: Espeon\n|\n|upkeep\n|\n|t:|1698795841\n|switch|p2a: Clefable|Clefable, F|100\/100\n|turn|3\n|\n|t:|1698795845\n|switch|p1a: Grafaiai|Grafaiai, M|100\/100\n|move|p2a: Clefable|Cosmic Power|p2a: Clefable\n|-boost|p2a: Clefable|def|1\n|-boost|p2a: Clefable|spd|1\n|\n|upkeep\n|turn|4\n|\n|t:|1698795856\n|move|p1a: Grafaiai|Encore|p2a: Clefable\n|-start|p2a: Clefable|Encore\n|move|p2a: Clefable|Cosmic Power|p2a: Clefable\n|-boost|p2a: Clefable|def|1\n|-boost|p2a: Clefable|spd|1\n|\n|upkeep\n|turn|5\n|\n|t:|1698795864\n|move|p1a: Grafaiai|Poison Jab|p2a: Clefable\n|-supereffective|p2a: Clefable\n|-damage|p2a: Clefable|70\/100\n|move|p2a: Clefable|Cosmic Power|p2a: Clefable\n|-boost|p2a: Clefable|def|1\n|-boost|p2a: Clefable|spd|1\n|\n|-heal|p2a: Clefable|76\/100|[from] item: Leftovers\n|upkeep\n|turn|6\n|\n|t:|1698795874\n|move|p1a: Grafaiai|Poison Jab|p2a: Clefable\n|-supereffective|p2a: Clefable\n|-damage|p2a: Clefable|52\/100\n|move|p2a: Clefable|Cosmic Power|p2a: Clefable\n|-boost|p2a: Clefable|def|1\n|-boost|p2a: Clefable|spd|1\n|\n|-heal|p2a: Clefable|58\/100|[from] item: Leftovers\n|-end|p2a: Clefable|Encore\n|upkeep\n|turn|7\n|l|\u2606Rowan_Rocket\n|inactive|Rowan_Rocket disconnected and has a minute to reconnect!\n|player|p1|\n|j|\u2606Rowan_Rocket\n|inactive|Rowan_Rocket reconnected and has 130 seconds left.\n|player|p1|Rowan_Rocket|rocketgrunt\n|\n|t:|1698795901\n|move|p1a: Grafaiai|Encore|p2a: Clefable\n|-start|p2a: Clefable|Encore\n|move|p2a: Clefable|Cosmic Power|p2a: Clefable\n|-boost|p2a: Clefable|def|1\n|-boost|p2a: Clefable|spd|1\n|\n|-heal|p2a: Clefable|64\/100|[from] item: Leftovers\n|upkeep\n|turn|8\n|\n|t:|1698795911\n|move|p1a: Grafaiai|Poison Jab|p2a: Clefable\n|-supereffective|p2a: Clefable\n|-crit|p2a: Clefable\n|-damage|p2a: Clefable|0 fnt\n|faint|p2a: Clefable\n|\n|upkeep\n|\n|t:|1698795917\n|switch|p2a: Espathra|Espathra, M|100\/100\n|turn|9\n|\n|t:|1698795925\n|move|p1a: Grafaiai|Switcheroo|p2a: Espathra\n|-activate|p1a: Grafaiai|move: Trick|[of] p2a: Espathra\n|-item|p2a: Espathra|Black Sludge|[from] move: Switcheroo\n|-item|p1a: Grafaiai|Leftovers|[from] move: Switcheroo\n|move|p2a: Espathra|Calm Mind|p2a: Espathra\n|-boost|p2a: Espathra|spa|1\n|-boost|p2a: Espathra|spd|1\n|\n|-damage|p2a: Espathra|88\/100|[from] item: Black Sludge\n|-ability|p2a: Espathra|Speed Boost|boost\n|-boost|p2a: Espathra|spe|1\n|upkeep\n|turn|10\n|\n|t:|1698795935\n|move|p1a: Grafaiai|Encore|p2a: Espathra\n|-start|p2a: Espathra|Encore\n|move|p2a: Espathra|Calm Mind|p2a: Espathra\n|-boost|p2a: Espathra|spa|1\n|-boost|p2a: Espathra|spd|1\n|\n|-damage|p2a: Espathra|76\/100|[from] item: Black Sludge\n|-ability|p2a: Espathra|Speed Boost|boost\n|-boost|p2a: Espathra|spe|1\n|upkeep\n|turn|11\n|\n|t:|1698795949\n|move|p2a: Espathra|Calm Mind|p2a: Espathra\n|-boost|p2a: Espathra|spa|1\n|-boost|p2a: Espathra|spd|1\n|move|p1a: Grafaiai|Poison Jab|p2a: Espathra\n|-damage|p2a: Espathra|43\/100\n|\n|-damage|p2a: Espathra|31\/100|[from] item: Black Sludge\n|-ability|p2a: Espathra|Speed Boost|boost\n|-boost|p2a: Espathra|spe|1\n|upkeep\n|turn|12\n|-message|R1212 forfeited.\n|\n|win|Rowan_Rocket\n|raw|Rowan_Rocket's rating: 1230 &rarr; <strong>1250<\/strong><br \/>(+20 for winning)\n|raw|R1212's rating: 1164 &rarr; <strong>1144<\/strong><br \/>(-20 for losing)\n|l|\u2606R1212\n","uploadtime":1698795966,"views":15,"p1id":"rowanrocket","p2id":"r1212","formatid":"gen9anythinggoes","rating":1144,"private":0,"password":""}