{"id":"gen9anythinggoes-1985401369","p1":"Squi101","p2":"123umut","format":"[Gen 9] Anything Goes","log":"|j|\u2606Squi101\n|j|\u2606123umut\n|t:|1699371619\n|gametype|singles\n|player|p1|Squi101|2|1466\n|player|p2|123umut|265|1312\n|teamsize|p1|6\n|teamsize|p2|6\n|gen|9\n|tier|[Gen 9] Anything Goes\n|rated|\n|rule|HP Percentage Mod: HP is shown in percentages\n|rule|Endless Battle Clause: Forcing endless battles is banned\n|clearpoke\n|poke|p1|Calyrex-Shadow|\n|poke|p1|Cinderace, M|\n|poke|p1|Arceus-Ground|\n|poke|p1|Rayquaza|\n|poke|p1|Koraidon|\n|poke|p1|Iron Bundle|\n|poke|p2|Glimmora, F|\n|poke|p2|Dudunsparce-*, F|\n|poke|p2|Ditto|\n|poke|p2|Maushold|\n|poke|p2|Annihilape, F|\n|poke|p2|Scovillain, F|\n|teampreview\n|\n|t:|1699371626\n|start\n|switch|p1a: Arceus|Arceus-Ground|100\/100\n|switch|p2a: Glimmora|Glimmora, F|100\/100\n|turn|1\n|\n|t:|1699371631\n|move|p1a: Arceus|Judgment|p2a: Glimmora\n|-supereffective|p2a: Glimmora\n|-enditem|p2a: Glimmora|Focus Sash\n|-damage|p2a: Glimmora|1\/100\n|move|p2a: Glimmora|Mortal Spin|p1a: Arceus\n|-resisted|p1a: Arceus\n|-damage|p1a: Arceus|99\/100\n|-status|p1a: Arceus|psn\n|\n|-damage|p1a: Arceus|86\/100 psn|[from] psn\n|upkeep\n|turn|2\n|\n|t:|1699371646\n|move|p1a: Arceus|Judgment|p2a: Glimmora\n|-supereffective|p2a: Glimmora\n|-damage|p2a: Glimmora|0 fnt\n|faint|p2a: Glimmora\n|\n|-damage|p1a: Arceus|74\/100 psn|[from] psn\n|upkeep\n|\n|t:|1699371658\n|switch|p2a: Dudunsparce|Dudunsparce, F|100\/100\n|turn|3\n|\n|t:|1699371666\n|move|p1a: Arceus|Stealth Rock|p2a: Dudunsparce\n|-sidestart|p2: 123umut|move: Stealth Rock\n|move|p2a: Dudunsparce|Coil|p2a: Dudunsparce\n|-boost|p2a: Dudunsparce|atk|1\n|-boost|p2a: Dudunsparce|def|1\n|-boost|p2a: Dudunsparce|accuracy|1\n|\n|-damage|p1a: Arceus|61\/100 psn|[from] psn\n|upkeep\n|turn|4\n|\n|t:|1699371673\n|move|p1a: Arceus|Thunder Wave|p2a: Dudunsparce\n|-status|p2a: Dudunsparce|par\n|move|p2a: Dudunsparce|Coil|p2a: Dudunsparce\n|-boost|p2a: Dudunsparce|atk|1\n|-boost|p2a: Dudunsparce|def|1\n|-boost|p2a: Dudunsparce|accuracy|1\n|\n|-damage|p1a: Arceus|49\/100 psn|[from] psn\n|upkeep\n|turn|5\n|\n|t:|1699371685\n|switch|p1a: Calyrex|Calyrex-Shadow|100\/100\n|-ability|p1a: Calyrex|As One\n|-ability|p1a: Calyrex|Unnerve\n|move|p2a: Dudunsparce|Coil|p2a: Dudunsparce\n|-boost|p2a: Dudunsparce|atk|1\n|-boost|p2a: Dudunsparce|def|1\n|-boost|p2a: Dudunsparce|accuracy|1\n|-enditem|p1a: Calyrex|Mirror Herb\n|-boost|p1a: Calyrex|atk|1|[from] item: Mirror Herb\n|-boost|p1a: Calyrex|def|1|[from] item: Mirror Herb\n|-boost|p1a: Calyrex|accuracy|1|[from] item: Mirror Herb\n|\n|upkeep\n|turn|6\n|\n|t:|1699371704\n|move|p1a: Calyrex|Taunt|p2a: Dudunsparce\n|-start|p2a: Dudunsparce|move: Taunt\n|cant|p2a: Dudunsparce|move: Taunt|Baton Pass\n|\n|upkeep\n|turn|7\n|\n|t:|1699371716\n|switch|p2a: Ditto|Ditto|100\/100\n|-damage|p2a: Ditto|88\/100|[from] Stealth Rock\n|-transform|p2a: Ditto|p1a: Calyrex|[from] ability: Imposter\n|move|p1a: Calyrex|Baton Pass|p1a: Calyrex\n|\n|t:|1699371731\n|switch|p1a: Arceus|Arceus-Ground|49\/100 psn|[from] Baton Pass\n|\n|-damage|p1a: Arceus|36\/100 psn|[from] psn\n|upkeep\n|turn|8\n|\n|t:|1699371772\n|move|p2a: Ditto|Astral Barrage|p1a: Arceus\n|-damage|p1a: Arceus|0 fnt\n|faint|p1a: Arceus\n|-ability|p2a: Ditto|Grim Neigh|boost\n|-boost|p2a: Ditto|spa|1\n|\n|upkeep\n|\n|t:|1699371781\n|switch|p1a: Calyrex|Calyrex-Shadow|100\/100\n|-ability|p1a: Calyrex|As One\n|-ability|p1a: Calyrex|Unnerve\n|turn|9\n|\n|t:|1699371786\n|-terastallize|p1a: Calyrex|Normal\n|move|p2a: Ditto|Astral Barrage|p1a: Calyrex\n|-immune|p1a: Calyrex\n|move|p1a: Calyrex|Astral Barrage|p2a: Ditto\n|-supereffective|p2a: Ditto\n|-damage|p2a: Ditto|0 fnt\n|faint|p2a: Ditto\n|-ability|p1a: Calyrex|Grim Neigh|boost\n|-boost|p1a: Calyrex|spa|1\n|\n|upkeep\n|\n|t:|1699371801\n|switch|p2a: Maushold|Maushold|100\/100\n|-damage|p2a: Maushold|88\/100|[from] Stealth Rock\n|turn|10\n|\n|t:|1699371808\n|move|p1a: Calyrex|Will-O-Wisp|p2a: Maushold\n|-status|p2a: Maushold|brn\n|move|p2a: Maushold|Population Bomb|p1a: Calyrex\n|-damage|p1a: Calyrex|96\/100\n|-damage|p1a: Calyrex|92\/100\n|-damage|p1a: Calyrex|87\/100\n|-damage|p1a: Calyrex|84\/100\n|-damage|p1a: Calyrex|80\/100\n|-damage|p1a: Calyrex|75\/100\n|-damage|p1a: Calyrex|71\/100\n|-damage|p1a: Calyrex|67\/100\n|-damage|p1a: Calyrex|63\/100\n|-damage|p1a: Calyrex|58\/100\n|-hitcount|p1a: Calyrex|10\n|\n|-damage|p2a: Maushold|82\/100 brn|[from] brn\n|upkeep\n|turn|11\n|inactive|Battle timer is ON: inactive players will automatically lose when time's up. (requested by 123umut)\n|\n|t:|1699371847\n|move|p1a: Calyrex|Baton Pass|p1a: Calyrex\n|\n|t:|1699371862\n|switch|p1a: Iron Bundle|Iron Bundle|100\/100|[from] Baton Pass\n|-enditem|p1a: Iron Bundle|Booster Energy\n|-activate|p1a: Iron Bundle|ability: Quark Drive|[fromitem]\n|-start|p1a: Iron Bundle|quarkdrivespa\n|move|p2a: Maushold|Tidy Up|p2a: Maushold\n|-sideend|p2: 123umut|Stealth Rock\n|-activate|p2a: Maushold|move: Tidy Up\n|-boost|p2a: Maushold|atk|1\n|-boost|p2a: Maushold|spe|1\n|\n|-damage|p2a: Maushold|75\/100 brn|[from] brn\n|upkeep\n|turn|12\n|\n|t:|1699371874\n|move|p2a: Maushold|Population Bomb|p1a: Iron Bundle\n|-damage|p1a: Iron Bundle|92\/100\n|-damage|p1a: Iron Bundle|85\/100\n|-damage|p1a: Iron Bundle|78\/100\n|-damage|p1a: Iron Bundle|71\/100\n|-damage|p1a: Iron Bundle|64\/100\n|-hitcount|p1a: Iron Bundle|5\n|move|p1a: Iron Bundle|Ice Beam|p2a: Maushold\n|-damage|p2a: Maushold|0 fnt\n|faint|p2a: Maushold\n|\n|upkeep\n|\n|t:|1699371889\n|switch|p2a: Scovillain|Scovillain, F|100\/100\n|turn|13\n|\n|t:|1699371911\n|move|p1a: Iron Bundle|Hydro Pump|p2a: Scovillain\n|-damage|p2a: Scovillain|0 fnt\n|faint|p2a: Scovillain\n|\n|upkeep\n|\n|t:|1699371916\n|switch|p2a: Annihilape|Annihilape, F|100\/100\n|turn|14\n|\n|t:|1699371921\n|-terastallize|p2a: Annihilape|Fairy\n|move|p1a: Iron Bundle|Hydro Pump|p2a: Annihilape\n|-damage|p2a: Annihilape|39\/100\n|move|p2a: Annihilape|Bulk Up|p2a: Annihilape\n|-boost|p2a: Annihilape|atk|1\n|-boost|p2a: Annihilape|def|1\n|\n|-heal|p2a: Annihilape|45\/100|[from] item: Leftovers\n|upkeep\n|turn|15\n|\n|t:|1699371930\n|move|p1a: Iron Bundle|Ice Beam|p2a: Annihilape\n|-damage|p2a: Annihilape|0 fnt\n|faint|p2a: Annihilape\n|\n|upkeep\n|\n|t:|1699371932\n|switch|p2a: Dudunsparce|Dudunsparce, F|100\/100 par\n|turn|16\n|\n|t:|1699371938\n|move|p1a: Iron Bundle|Hydro Pump|p2a: Dudunsparce\n|-damage|p2a: Dudunsparce|0 fnt\n|faint|p2a: Dudunsparce\n|\n|win|Squi101\n|raw|Squi101's rating: 1466 &rarr; <strong>1478<\/strong><br \/>(+12 for winning)\n|raw|123umut's rating: 1312 &rarr; <strong>1300<\/strong><br \/>(-12 for losing)\n|l|\u2606123umut\n","uploadtime":1699371950,"views":25,"p1id":"squi101","p2id":"123umut","formatid":"gen9anythinggoes","rating":1300,"private":0,"password":""}