{"id":"gen9anythinggoes-1997080004","p1":"baxine meta-sharx","p2":"BDBD123456","format":"[Gen 9] Anything Goes","log":"|j|\u2606baxine meta-sharx\n|j|\u2606BDBD123456\n|t:|1700762459\n|gametype|singles\n|player|p1|baxine meta-sharx|clair|1027\n|player|p2|BDBD123456|swimmerf|1000\n|teamsize|p1|6\n|teamsize|p2|6\n|gen|9\n|tier|[Gen 9] Anything Goes\n|rated|\n|rule|HP Percentage Mod: HP is shown in percentages\n|rule|Endless Battle Clause: Forcing endless battles is banned\n|clearpoke\n|poke|p1|Espathra, F|\n|poke|p1|Ribombee, F|\n|poke|p1|Dragapult, F|\n|poke|p1|Magearna|\n|poke|p1|Annihilape, M|\n|poke|p1|Kingambit, F|\n|poke|p2|Chesnaught, M|\n|poke|p2|Delphox, M|\n|poke|p2|Florges-Blue, F|\n|poke|p2|Goodra-Hisui, M|\n|poke|p2|Hawlucha, M|\n|poke|p2|Trevenant, F|\n|teampreview\n|\n|t:|1700762469\n|start\n|switch|p1a: mini|Ribombee, F|100\/100\n|switch|p2a: Chesnaught|Chesnaught, M, shiny|100\/100\n|turn|1\n|\n|t:|1700762480\n|move|p1a: mini|Quiver Dance|p1a: mini\n|-boost|p1a: mini|spa|1\n|-boost|p1a: mini|spd|1\n|-boost|p1a: mini|spe|1\n|move|p2a: Chesnaught|Crunch|p1a: mini\n|-resisted|p1a: mini\n|-damage|p1a: mini|78\/100\n|\n|upkeep\n|turn|2\n|c|\u2606BDBD123456|hello:D\n|\n|t:|1700762498\n|move|p1a: mini|Quiver Dance|p1a: mini\n|-boost|p1a: mini|spa|1\n|-boost|p1a: mini|spd|1\n|-boost|p1a: mini|spe|1\n|move|p2a: Chesnaught|Dragon Claw|p1a: mini\n|-immune|p1a: mini\n|\n|upkeep\n|turn|3\n|\n|t:|1700762509\n|move|p1a: mini|Quiver Dance|p1a: mini\n|-boost|p1a: mini|spa|1\n|-boost|p1a: mini|spd|1\n|-boost|p1a: mini|spe|1\n|move|p2a: Chesnaught|Crunch|p1a: mini\n|-resisted|p1a: mini\n|-damage|p1a: mini|56\/100\n|\n|upkeep\n|turn|4\n|c|\u2606BDBD123456|quiver dance is smart i forgot abput it\n|\n|t:|1700762546\n|move|p1a: mini|Quiver Dance|p1a: mini\n|-boost|p1a: mini|spa|1\n|-boost|p1a: mini|spd|1\n|-boost|p1a: mini|spe|1\n|move|p2a: Chesnaught|Zen Headbutt|p1a: mini\n|-damage|p1a: mini|14\/100\n|\n|upkeep\n|turn|5\n|\n|t:|1700762560\n|move|p1a: mini|Baton Pass|p1a: mini\n|\n|t:|1700762568\n|switch|p1a: ivanna banana|Espathra, F|100\/100|[from] Baton Pass\n|move|p2a: Chesnaught|Crunch|p1a: ivanna banana\n|-supereffective|p1a: ivanna banana\n|-damage|p1a: ivanna banana|39\/100\n|\n|-heal|p1a: ivanna banana|45\/100|[from] item: Leftovers\n|upkeep\n|turn|6\n|\n|t:|1700762577\n|move|p1a: ivanna banana|Stored Power|p2a: Chesnaught\n|-supereffective|p2a: Chesnaught\n|-crit|p2a: Chesnaught\n|-damage|p2a: Chesnaught|0 fnt\n|faint|p2a: Chesnaught\n|\n|-heal|p1a: ivanna banana|51\/100|[from] item: Leftovers\n|-ability|p1a: ivanna banana|Speed Boost|boost\n|-boost|p1a: ivanna banana|spe|1\n|upkeep\n|\n|t:|1700762594\n|switch|p2a: Florges|Florges-Blue, F, shiny|100\/100\n|turn|7\n|\n|t:|1700762602\n|move|p1a: ivanna banana|Stored Power|p2a: Florges\n|-damage|p2a: Florges|0 fnt\n|faint|p2a: Florges\n|\n|-heal|p1a: ivanna banana|57\/100|[from] item: Leftovers\n|-ability|p1a: ivanna banana|Speed Boost|boost\n|-boost|p1a: ivanna banana|spe|1\n|upkeep\n|\n|t:|1700762611\n|switch|p2a: Delphox|Delphox, M, shiny|100\/100\n|turn|8\n|\n|t:|1700762620\n|-terastallize|p1a: ivanna banana|Psychic\n|move|p1a: ivanna banana|Stored Power|p2a: Delphox\n|-resisted|p2a: Delphox\n|-damage|p2a: Delphox|0 fnt\n|faint|p2a: Delphox\n|\n|-heal|p1a: ivanna banana|63\/100|[from] item: Leftovers\n|upkeep\n|\n|t:|1700762628\n|switch|p2a: Goodra|Goodra-Hisui, M, shiny|100\/100\n|turn|9\n|\n|t:|1700762637\n|move|p1a: ivanna banana|Stored Power|p2a: Goodra\n|-resisted|p2a: Goodra\n|-damage|p2a: Goodra|0 fnt\n|faint|p2a: Goodra\n|\n|-heal|p1a: ivanna banana|69\/100|[from] item: Leftovers\n|upkeep\n|\n|t:|1700762645\n|switch|p2a: Hawlucha|Hawlucha, M, shiny|100\/100\n|-ability|p2a: Hawlucha|Mold Breaker\n|turn|10\n|\n|t:|1700762651\n|move|p1a: ivanna banana|Stored Power|p2a: Hawlucha\n|-supereffective|p2a: Hawlucha\n|-damage|p2a: Hawlucha|0 fnt\n|faint|p2a: Hawlucha\n|\n|-heal|p1a: ivanna banana|75\/100|[from] item: Leftovers\n|upkeep\n|\n|t:|1700762657\n|switch|p2a: Trevenant|Trevenant, F, shiny|100\/100\n|turn|11\n|\n|t:|1700762663\n|move|p1a: ivanna banana|Stored Power|p2a: Trevenant\n|-damage|p2a: Trevenant|0 fnt\n|faint|p2a: Trevenant\n|\n|win|baxine meta-sharx\n|raw|baxine meta-sharx's rating: 1027 &rarr; <strong>1060<\/strong><br \/>(+33 for winning)\n|raw|BDBD123456's rating: 1000 &rarr; <strong>1000<\/strong><br \/>(+0 for losing)\n","uploadtime":1700762673,"views":0,"p1id":"baxinemetasharx","p2id":"bdbd123456","formatid":"gen9anythinggoes","rating":1000,"private":0,"password":""}