{"id":"gen9anythinggoes-1978282506","p1":"Lucasoduncu","p2":"moneywaizard","format":"[Gen 9] Anything Goes","log":"|j|\u2606Lucasoduncu\n|j|\u2606moneywaizard\n|t:|1698520596\n|gametype|singles\n|player|p1|Lucasoduncu|cameraman|1072\n|player|p2|moneywaizard|2|1104\n|teamsize|p1|6\n|teamsize|p2|6\n|gen|9\n|tier|[Gen 9] Anything Goes\n|rated|\n|rule|HP Percentage Mod: HP is shown in percentages\n|rule|Endless Battle Clause: Forcing endless battles is banned\n|clearpoke\n|poke|p1|Ogerpon, F|\n|poke|p1|Trevenant, M|\n|poke|p1|Tsareena, F|\n|poke|p1|Rotom-Mow|\n|poke|p1|Sawsbuck-Autumn, M|\n|poke|p1|Lombre, M|\n|poke|p2|Moltres-Galar|\n|poke|p2|Moltres|\n|poke|p2|Zapdos-Galar|\n|poke|p2|Zapdos|\n|poke|p2|Articuno-Galar|\n|poke|p2|Articuno|\n|teampreview\n|inactive|Battle timer is ON: inactive players will automatically lose when time's up. (requested by Lucasoduncu)\n|inactiveoff|Battle timer is now OFF.\n|\n|t:|1698520615\n|start\n|switch|p1a: Tsareena|Tsareena, F, shiny|100\/100\n|switch|p2a: Articuno|Articuno|100\/100\n|-ability|p2a: Articuno|Pressure\n|turn|1\n|\n|t:|1698520627\n|move|p2a: Articuno|Light Screen|p2a: Articuno\n|-sidestart|p2: moneywaizard|move: Light Screen\n|move|p1a: Tsareena|Acupressure|p1a: Tsareena\n|-boost|p1a: Tsareena|evasion|2\n|\n|upkeep\n|turn|2\n|\n|t:|1698520632\n|move|p2a: Articuno|Reflect|p2a: Articuno\n|-sidestart|p2: moneywaizard|Reflect\n|move|p1a: Tsareena|Leaf Storm|p2a: Articuno\n|-resisted|p2a: Articuno\n|-damage|p2a: Articuno|94\/100\n|-unboost|p1a: Tsareena|spa|2\n|\n|upkeep\n|turn|3\n|inactive|Battle timer is ON: inactive players will automatically lose when time's up. (requested by Lucasoduncu)\n|\n|t:|1698520657\n|switch|p2a: Zapdos|Zapdos-Galar|100\/100\n|move|p1a: Tsareena|Acupressure|p1a: Tsareena\n|-boost|p1a: Tsareena|atk|2\n|\n|upkeep\n|turn|4\n|\n|t:|1698520665\n|move|p2a: Zapdos|Knock Off|p1a: Tsareena\n|-damage|p1a: Tsareena|71\/100\n|-enditem|p1a: Tsareena|Leftovers|[from] move: Knock Off|[of] p2a: Zapdos\n|move|p1a: Tsareena|Leaf Storm|p2a: Zapdos\n|-resisted|p2a: Zapdos\n|-crit|p2a: Zapdos\n|-damage|p2a: Zapdos|70\/100\n|-unboost|p1a: Tsareena|spa|2\n|\n|upkeep\n|turn|5\n|\n|t:|1698520675\n|move|p2a: Zapdos|Trailblaze|p1a: Tsareena|[miss]\n|-miss|p2a: Zapdos|p1a: Tsareena\n|move|p1a: Tsareena|Leaf Storm|p2a: Zapdos\n|-resisted|p2a: Zapdos\n|-damage|p2a: Zapdos|67\/100\n|-unboost|p1a: Tsareena|spa|2\n|\n|upkeep\n|turn|6\n|\n|t:|1698520683\n|move|p2a: Zapdos|Trailblaze|p1a: Tsareena|[miss]\n|-miss|p2a: Zapdos|p1a: Tsareena\n|move|p1a: Tsareena|Leaf Storm|p2a: Zapdos\n|-resisted|p2a: Zapdos\n|-damage|p2a: Zapdos|64\/100\n|\n|upkeep\n|turn|7\n|\n|t:|1698520691\n|move|p2a: Zapdos|Trailblaze|p1a: Tsareena\n|-resisted|p1a: Tsareena\n|-damage|p1a: Tsareena|63\/100\n|-boost|p2a: Zapdos|spe|1\n|move|p1a: Tsareena|Substitute|p1a: Tsareena\n|-start|p1a: Tsareena|Substitute\n|-damage|p1a: Tsareena|38\/100\n|\n|upkeep\n|turn|8\n|\n|t:|1698520700\n|move|p2a: Zapdos|Thunderous Kick|p1a: Tsareena\n|-end|p1a: Tsareena|Substitute\n|move|p1a: Tsareena|Acupressure|p1a: Tsareena\n|-boost|p1a: Tsareena|atk|2\n|\n|-sideend|p2: moneywaizard|move: Light Screen\n|upkeep\n|turn|9\n|\n|t:|1698520708\n|move|p2a: Zapdos|Thunderous Kick|p1a: Tsareena\n|-damage|p1a: Tsareena|0 fnt\n|faint|p1a: Tsareena\n|\n|-sideend|p2: moneywaizard|Reflect\n|upkeep\n|\n|t:|1698520713\n|switch|p1a: Rotom|Rotom-Mow, shiny|100\/100\n|turn|10\n|\n|t:|1698520718\n|move|p2a: Zapdos|Knock Off|p1a: Rotom\n|-damage|p1a: Rotom|65\/100\n|-enditem|p1a: Rotom|Lagging Tail|[from] move: Knock Off|[of] p2a: Zapdos\n|move|p1a: Rotom|Trick|p2a: Zapdos\n|-activate|p1a: Rotom|move: Trick|[of] p2a: Zapdos\n|-enditem|p2a: Zapdos|Heavy-Duty Boots|[silent]|[from] move: Trick\n|-item|p1a: Rotom|Heavy-Duty Boots|[from] move: Trick\n|\n|upkeep\n|turn|11\n|\n|t:|1698520726\n|move|p2a: Zapdos|Thunderous Kick|p1a: Rotom\n|-crit|p1a: Rotom\n|-damage|p1a: Rotom|0 fnt\n|faint|p1a: Rotom\n|\n|upkeep\n|\n|t:|1698520729\n|switch|p1a: Lombre|Lombre, M, shiny|100\/100\n|turn|12\n|\n|t:|1698520735\n|move|p2a: Zapdos|Knock Off|p1a: Lombre\n|-damage|p1a: Lombre|62\/100\n|-enditem|p1a: Lombre|Eviolite|[from] move: Knock Off|[of] p2a: Zapdos\n|move|p1a: Lombre|Leech Seed|p2a: Zapdos\n|-start|p2a: Zapdos|move: Leech Seed\n|\n|-damage|p2a: Zapdos|51\/100|[from] Leech Seed|[of] p1a: Lombre\n|-heal|p1a: Lombre|74\/100|[silent]\n|upkeep\n|turn|13\n|\n|t:|1698520744\n|move|p2a: Zapdos|Thunderous Kick|p1a: Lombre\n|-damage|p1a: Lombre|0 fnt\n|faint|p1a: Lombre\n|\n|upkeep\n|\n|t:|1698520749\n|switch|p1a: Trevenant|Trevenant, M, shiny|100\/100\n|turn|14\n|\n|t:|1698520754\n|move|p2a: Zapdos|Knock Off|p1a: Trevenant\n|-supereffective|p1a: Trevenant\n|-damage|p1a: Trevenant|5\/100\n|-enditem|p1a: Trevenant|Salac Berry|[from] move: Knock Off|[of] p2a: Zapdos\n|move|p1a: Trevenant|Rock Slide|p2a: Zapdos|[miss]\n|-miss|p1a: Trevenant|p2a: Zapdos\n|\n|-damage|p2a: Zapdos|39\/100|[from] Leech Seed|[of] p1a: Trevenant\n|-heal|p1a: Trevenant|18\/100|[silent]\n|upkeep\n|turn|15\n|\n|t:|1698520764\n|move|p2a: Zapdos|Knock Off|p1a: Trevenant\n|-supereffective|p1a: Trevenant\n|-damage|p1a: Trevenant|0 fnt\n|faint|p1a: Trevenant\n|\n|upkeep\n|\n|t:|1698520767\n|switch|p1a: Ogerpon|Ogerpon, F|100\/100\n|turn|16\n|\n|t:|1698520772\n|-terastallize|p1a: Ogerpon|Grass\n|detailschange|p1a: Ogerpon|Ogerpon-Teal-Tera, F, tera:Grass\n|-ability|p1a: Ogerpon|Embody Aspect (Teal)|boost\n|-boost|p1a: Ogerpon|spe|1\n|move|p2a: Zapdos|Knock Off|p1a: Ogerpon\n|-damage|p1a: Ogerpon|56\/100\n|-enditem|p1a: Ogerpon|Weakness Policy|[from] move: Knock Off|[of] p2a: Zapdos\n|move|p1a: Ogerpon|Swords Dance|p1a: Ogerpon\n|-boost|p1a: Ogerpon|atk|2\n|\n|-damage|p2a: Zapdos|26\/100|[from] Leech Seed|[of] p1a: Ogerpon\n|-heal|p1a: Ogerpon|70\/100|[silent]\n|upkeep\n|turn|17\n|\n|t:|1698520786\n|move|p2a: Zapdos|Thunderous Kick|p1a: Ogerpon\n|-damage|p1a: Ogerpon|15\/100\n|-unboost|p1a: Ogerpon|def|1\n|move|p1a: Ogerpon|Ivy Cudgel|p2a: Zapdos\n|-resisted|p2a: Zapdos\n|-damage|p2a: Zapdos|0 fnt\n|faint|p2a: Zapdos\n|\n|upkeep\n|\n|t:|1698520796\n|switch|p2a: Articuno|Articuno|94\/100\n|-ability|p2a: Articuno|Pressure\n|turn|18\n|\n|t:|1698520802\n|move|p1a: Ogerpon|Rock Tomb|p2a: Articuno\n|-supereffective|p2a: Articuno\n|-damage|p2a: Articuno|0 fnt\n|faint|p2a: Articuno\n|\n|upkeep\n|\n|t:|1698520808\n|switch|p2a: Articuno|Articuno-Galar|100\/100\n|turn|19\n|\n|t:|1698520814\n|move|p1a: Ogerpon|Knock Off|p2a: Articuno\n|-supereffective|p2a: Articuno\n|-damage|p2a: Articuno|0 fnt\n|-enditem|p2a: Articuno|Light Clay|[from] move: Knock Off|[of] p1a: Ogerpon\n|faint|p2a: Articuno\n|\n|upkeep\n|\n|t:|1698520822\n|switch|p2a: Moltres|Moltres|100\/100\n|-ability|p2a: Moltres|Pressure\n|turn|20\n|\n|t:|1698520834\n|move|p1a: Ogerpon|Rock Tomb|p2a: Moltres\n|-supereffective|p2a: Moltres\n|-damage|p2a: Moltres|0 fnt\n|faint|p2a: Moltres\n|\n|upkeep\n|\n|t:|1698520843\n|switch|p2a: Zapdos|Zapdos|100\/100\n|-ability|p2a: Zapdos|Pressure\n|turn|21\n|\n|t:|1698520849\n|-terastallize|p2a: Zapdos|Flying\n|move|p1a: Ogerpon|Ivy Cudgel|p2a: Zapdos\n|-resisted|p2a: Zapdos\n|-damage|p2a: Zapdos|13\/100\n|move|p2a: Zapdos|Heat Wave|p1a: Ogerpon\n|-supereffective|p1a: Ogerpon\n|-damage|p1a: Ogerpon|0 fnt\n|faint|p1a: Ogerpon\n|\n|upkeep\n|\n|t:|1698520854\n|switch|p1a: Sawsbuck|Sawsbuck-Autumn, M, shiny|100\/100\n|turn|22\n|\n|t:|1698520861\n|move|p2a: Zapdos|Roost|p2a: Zapdos\n|-heal|p2a: Zapdos|63\/100\n|-hint|If a Flying Terastallized Pokemon uses Roost, it remains Flying-type.\n|move|p1a: Sawsbuck|Sunny Day|p1a: Sawsbuck\n|-weather|SunnyDay\n|\n|-weather|SunnyDay|[upkeep]\n|upkeep\n|turn|23\n|\n|t:|1698520869\n|move|p1a: Sawsbuck|Shadow Ball|p2a: Zapdos\n|-damage|p2a: Zapdos|40\/100\n|move|p2a: Zapdos|Heat Wave|p1a: Sawsbuck\n|-supereffective|p1a: Sawsbuck\n|-damage|p1a: Sawsbuck|0 fnt\n|faint|p1a: Sawsbuck\n|\n|win|moneywaizard\n|raw|Lucasoduncu's rating: 1072 &rarr; <strong>1053<\/strong><br \/>(-19 for losing)\n|raw|moneywaizard's rating: 1104 &rarr; <strong>1127<\/strong><br \/>(+23 for winning)\n","uploadtime":1698520873,"views":9,"p1id":"lucasoduncu","p2id":"moneywaizard","formatid":"gen9anythinggoes","rating":1053,"private":0,"password":""}