{"id":"gen9anythinggoes-1992066412","p1":"SnappisPappis","p2":"IronDron","format":"[Gen 9] Anything Goes","log":"|j|\u2606SnappisPappis\n|j|\u2606IronDron\n|t:|1700152253\n|gametype|singles\n|player|p1|SnappisPappis|riley|1239\n|player|p2|IronDron|101|1360\n|teamsize|p1|6\n|teamsize|p2|6\n|gen|9\n|tier|[Gen 9] Anything Goes\n|rated|\n|rule|HP Percentage Mod: HP is shown in percentages\n|rule|Endless Battle Clause: Forcing endless battles is banned\n|clearpoke\n|poke|p1|Maushold-Four|\n|poke|p1|Flutter Mane|\n|poke|p1|Miraidon|\n|poke|p1|Rabsca, M|\n|poke|p1|Garganacl, F|\n|poke|p1|Houndstone, M|\n|poke|p2|Muk, F|\n|poke|p2|Garchomp, M|\n|poke|p2|Corviknight, M|\n|poke|p2|Tyranitar, M|\n|poke|p2|Lokix, F|\n|poke|p2|Zapdos|\n|teampreview\n|\n|t:|1700152267\n|start\n|switch|p1a: Flutter Mane|Flutter Mane, shiny|100\/100\n|switch|p2a: Garchomp|Garchomp, M|100\/100\n|turn|1\n|\n|t:|1700152279\n|-terastallize|p2a: Garchomp|Ground\n|move|p1a: Flutter Mane|Moonblast|p2a: Garchomp\n|-damage|p2a: Garchomp|30\/100\n|-damage|p1a: Flutter Mane|91\/100|[from] item: Life Orb\n|move|p2a: Garchomp|Earthquake|p1a: Flutter Mane\n|-damage|p1a: Flutter Mane|0 fnt\n|faint|p1a: Flutter Mane\n|-end|p1a: Flutter Mane|Protosynthesis|[silent]\n|\n|upkeep\n|\n|t:|1700152284\n|switch|p1a: DeMarco|Miraidon|100\/100\n|-fieldstart|move: Electric Terrain|[from] ability: Hadron Engine|[of] p1a: DeMarco\n|turn|2\n|\n|t:|1700152295\n|move|p1a: DeMarco|Dragon Pulse|p2a: Garchomp\n|-damage|p2a: Garchomp|0 fnt\n|faint|p2a: Garchomp\n|\n|upkeep\n|\n|t:|1700152299\n|switch|p2a: Tyranitar|Tyranitar, M|100\/100\n|-weather|Sandstorm|[from] ability: Sand Stream|[of] p2a: Tyranitar\n|turn|3\n|\n|t:|1700152307\n|switch|p1a: Maushold|Maushold-Four|100\/100\n|move|p2a: Tyranitar|Earthquake|p1a: Maushold\n|-damage|p1a: Maushold|38\/100\n|\n|-weather|Sandstorm|[upkeep]\n|-damage|p1a: Maushold|32\/100|[from] Sandstorm\n|upkeep\n|turn|4\n|\n|t:|1700152322\n|switch|p2a: Corviknight|Corviknight, M|100\/100\n|move|p1a: Maushold|Population Bomb|p2a: Corviknight\n|-resisted|p2a: Corviknight\n|-damage|p2a: Corviknight|96\/100\n|-resisted|p2a: Corviknight\n|-damage|p2a: Corviknight|91\/100\n|-resisted|p2a: Corviknight\n|-damage|p2a: Corviknight|87\/100\n|-resisted|p2a: Corviknight\n|-damage|p2a: Corviknight|83\/100\n|-resisted|p2a: Corviknight\n|-damage|p2a: Corviknight|78\/100\n|-resisted|p2a: Corviknight\n|-damage|p2a: Corviknight|74\/100\n|-resisted|p2a: Corviknight\n|-damage|p2a: Corviknight|69\/100\n|-resisted|p2a: Corviknight\n|-damage|p2a: Corviknight|65\/100\n|-resisted|p2a: Corviknight\n|-damage|p2a: Corviknight|60\/100\n|-resisted|p2a: Corviknight\n|-damage|p2a: Corviknight|56\/100\n|-hitcount|p2a: Corviknight|10\n|\n|-weather|Sandstorm|[upkeep]\n|-damage|p1a: Maushold|25\/100|[from] Sandstorm\n|-heal|p2a: Corviknight|62\/100|[from] item: Leftovers\n|upkeep\n|turn|5\n|\n|t:|1700152336\n|move|p1a: Maushold|Population Bomb|p2a: Corviknight\n|-resisted|p2a: Corviknight\n|-damage|p2a: Corviknight|57\/100\n|-resisted|p2a: Corviknight\n|-damage|p2a: Corviknight|52\/100\n|-resisted|p2a: Corviknight\n|-damage|p2a: Corviknight|48\/100\n|-resisted|p2a: Corviknight\n|-damage|p2a: Corviknight|44\/100\n|-resisted|p2a: Corviknight\n|-damage|p2a: Corviknight|40\/100\n|-resisted|p2a: Corviknight\n|-damage|p2a: Corviknight|35\/100\n|-resisted|p2a: Corviknight\n|-damage|p2a: Corviknight|31\/100\n|-hitcount|p2a: Corviknight|7\n|cant|p2a: Corviknight|flinch\n|\n|-weather|Sandstorm|[upkeep]\n|-damage|p1a: Maushold|19\/100|[from] Sandstorm\n|-heal|p2a: Corviknight|37\/100|[from] item: Leftovers\n|upkeep\n|turn|6\n|\n|t:|1700152347\n|move|p1a: Maushold|Population Bomb|p2a: Corviknight|[miss]\n|-miss|p1a: Maushold|p2a: Corviknight\n|move|p2a: Corviknight|Drill Peck|p1a: Maushold\n|-damage|p1a: Maushold|0 fnt\n|faint|p1a: Maushold\n|\n|-weather|Sandstorm|[upkeep]\n|-heal|p2a: Corviknight|43\/100|[from] item: Leftovers\n|-fieldend|move: Electric Terrain\n|upkeep\n|\n|t:|1700152367\n|switch|p1a: SSSReplacement|Garganacl, F, shiny|100\/100\n|turn|7\n|\n|t:|1700152372\n|move|p2a: Corviknight|Roost|p2a: Corviknight\n|-heal|p2a: Corviknight|93\/100\n|-singleturn|p2a: Corviknight|move: Roost\n|move|p1a: SSSReplacement|Iron Defense|p1a: SSSReplacement\n|-boost|p1a: SSSReplacement|def|2\n|\n|-weather|none\n|-heal|p2a: Corviknight|99\/100|[from] item: Leftovers\n|upkeep\n|turn|8\n|\n|t:|1700152375\n|move|p2a: Corviknight|Bulk Up|p2a: Corviknight\n|-boost|p2a: Corviknight|atk|1\n|-boost|p2a: Corviknight|def|1\n|move|p1a: SSSReplacement|Iron Defense|p1a: SSSReplacement\n|-boost|p1a: SSSReplacement|def|2\n|\n|-heal|p2a: Corviknight|100\/100|[from] item: Leftovers\n|upkeep\n|turn|9\n|\n|t:|1700152378\n|move|p2a: Corviknight|Bulk Up|p2a: Corviknight\n|-boost|p2a: Corviknight|atk|1\n|-boost|p2a: Corviknight|def|1\n|move|p1a: SSSReplacement|Salt Cure|p2a: Corviknight\n|-damage|p2a: Corviknight|94\/100\n|-start|p2a: Corviknight|Salt Cure\n|\n|-heal|p2a: Corviknight|100\/100|[from] item: Leftovers\n|-damage|p2a: Corviknight|75\/100|[from] Salt Cure\n|upkeep\n|turn|10\n|\n|t:|1700152382\n|-terastallize|p1a: SSSReplacement|Fairy\n|move|p2a: Corviknight|Bulk Up|p2a: Corviknight\n|-boost|p2a: Corviknight|atk|1\n|-boost|p2a: Corviknight|def|1\n|move|p1a: SSSReplacement|Iron Defense|p1a: SSSReplacement\n|-boost|p1a: SSSReplacement|def|2\n|\n|-heal|p2a: Corviknight|82\/100|[from] item: Leftovers\n|-damage|p2a: Corviknight|57\/100|[from] Salt Cure\n|upkeep\n|turn|11\n|\n|t:|1700152388\n|move|p2a: Corviknight|Bulk Up|p2a: Corviknight\n|-boost|p2a: Corviknight|atk|1\n|-boost|p2a: Corviknight|def|1\n|move|p1a: SSSReplacement|Body Press|p2a: Corviknight\n|-damage|p2a: Corviknight|34\/100\n|\n|-heal|p2a: Corviknight|40\/100|[from] item: Leftovers\n|-damage|p2a: Corviknight|15\/100|[from] Salt Cure\n|upkeep\n|turn|12\n|\n|t:|1700152391\n|move|p2a: Corviknight|Drill Peck|p1a: SSSReplacement\n|-damage|p1a: SSSReplacement|84\/100\n|move|p1a: SSSReplacement|Recover|p1a: SSSReplacement\n|-heal|p1a: SSSReplacement|100\/100\n|\n|-heal|p2a: Corviknight|21\/100|[from] item: Leftovers\n|-damage|p2a: Corviknight|0 fnt|[from] Salt Cure\n|faint|p2a: Corviknight\n|upkeep\n|\n|t:|1700152411\n|switch|p2a: Zapdos|Zapdos|100\/100\n|turn|13\n|\n|t:|1700152417\n|move|p2a: Zapdos|Hurricane|p1a: SSSReplacement\n|-damage|p1a: SSSReplacement|60\/100\n|move|p1a: SSSReplacement|Body Press|p2a: Zapdos\n|-resisted|p2a: Zapdos\n|-damage|p2a: Zapdos|49\/100\n|\n|-heal|p1a: SSSReplacement|66\/100|[from] item: Leftovers\n|upkeep\n|turn|14\n|\n|t:|1700152426\n|move|p2a: Zapdos|Hurricane|p1a: SSSReplacement\n|-damage|p1a: SSSReplacement|28\/100\n|-start|p1a: SSSReplacement|confusion\n|-activate|p1a: SSSReplacement|confusion\n|move|p1a: SSSReplacement|Recover|p1a: SSSReplacement\n|-heal|p1a: SSSReplacement|78\/100\n|\n|-heal|p1a: SSSReplacement|84\/100|[from] item: Leftovers\n|upkeep\n|turn|15\n|\n|t:|1700152433\n|move|p2a: Zapdos|Hurricane|p1a: SSSReplacement\n|-damage|p1a: SSSReplacement|42\/100\n|-activate|p1a: SSSReplacement|confusion\n|-damage|p1a: SSSReplacement|40\/100|[from] confusion\n|\n|-heal|p1a: SSSReplacement|46\/100|[from] item: Leftovers\n|upkeep\n|turn|16\n|\n|t:|1700152442\n|move|p2a: Zapdos|Hurricane|p1a: SSSReplacement|[miss]\n|-miss|p2a: Zapdos|p1a: SSSReplacement\n|-activate|p1a: SSSReplacement|confusion\n|move|p1a: SSSReplacement|Recover|p1a: SSSReplacement\n|-heal|p1a: SSSReplacement|96\/100\n|\n|-heal|p1a: SSSReplacement|100\/100|[from] item: Leftovers\n|upkeep\n|turn|17\n|\n|t:|1700152444\n|move|p2a: Zapdos|Hurricane|p1a: SSSReplacement|[miss]\n|-miss|p2a: Zapdos|p1a: SSSReplacement\n|-activate|p1a: SSSReplacement|confusion\n|move|p1a: SSSReplacement|Salt Cure|p2a: Zapdos\n|-supereffective|p2a: Zapdos\n|-damage|p2a: Zapdos|15\/100\n|-start|p2a: Zapdos|Salt Cure\n|\n|-damage|p2a: Zapdos|3\/100|[from] Salt Cure\n|upkeep\n|turn|18\n|\n|t:|1700152450\n|move|p2a: Zapdos|Hurricane|p1a: SSSReplacement|[miss]\n|-miss|p2a: Zapdos|p1a: SSSReplacement\n|-end|p1a: SSSReplacement|confusion\n|move|p1a: SSSReplacement|Recover||[still]\n|-fail|p1a: SSSReplacement|heal\n|\n|-damage|p2a: Zapdos|0 fnt|[from] Salt Cure\n|faint|p2a: Zapdos\n|upkeep\n|-message|IronDron forfeited.\n|\n|win|SnappisPappis\n|raw|SnappisPappis's rating: 1239 &rarr; <strong>1272<\/strong><br \/>(+33 for winning)\n|raw|IronDron's rating: 1360 &rarr; <strong>1333<\/strong><br \/>(-27 for losing)\n|l|\u2606IronDron\n","uploadtime":1700152465,"views":6,"p1id":"snappispappis","p2id":"irondron","formatid":"gen9anythinggoes","rating":1272,"private":0,"password":""}