{"id":"gen9anythinggoes-1981297786","p1":"AtlasBrownie","p2":"Dumbfudge","format":"[Gen 9] Anything Goes","log":"|j|\u2606AtlasBrownie\n|j|\u2606Dumbfudge\n|t:|1698881018\n|gametype|singles\n|player|p1|AtlasBrownie|1|1414\n|player|p2|Dumbfudge|blackbelt-gen4dp|1418\n|teamsize|p1|6\n|teamsize|p2|6\n|gen|9\n|tier|[Gen 9] Anything Goes\n|rated|\n|rule|HP Percentage Mod: HP is shown in percentages\n|rule|Endless Battle Clause: Forcing endless battles is banned\n|clearpoke\n|poke|p1|Calyrex-Shadow|\n|poke|p1|Zacian-*|\n|poke|p1|Eternatus|\n|poke|p1|Kyogre|\n|poke|p1|Flutter Mane|\n|poke|p1|Iron Treads|\n|poke|p2|Breloom, M|\n|poke|p2|Giratina-Origin|\n|poke|p2|Calyrex-Shadow|\n|poke|p2|Zacian-*|\n|poke|p2|Shaymin-Sky|\n|poke|p2|Espathra, F|\n|teampreview\n|inactive|Battle timer is ON: inactive players will automatically lose when time's up. (requested by AtlasBrownie)\n|\n|t:|1698881024\n|start\n|switch|p1a: Iron Treads|Iron Treads, shiny|100\/100\n|switch|p2a: Shaymin|Shaymin-Sky|100\/100\n|-enditem|p1a: Iron Treads|Booster Energy\n|-activate|p1a: Iron Treads|ability: Quark Drive|[fromitem]\n|-start|p1a: Iron Treads|quarkdrivespe\n|turn|1\n|\n|t:|1698881032\n|move|p2a: Shaymin|Air Slash|p1a: Iron Treads\n|-resisted|p1a: Iron Treads\n|-damage|p1a: Iron Treads|76\/100\n|cant|p1a: Iron Treads|flinch\n|\n|upkeep\n|turn|2\n|\n|t:|1698881039\n|move|p2a: Shaymin|Air Slash|p1a: Iron Treads\n|-resisted|p1a: Iron Treads\n|-damage|p1a: Iron Treads|48\/100\n|cant|p1a: Iron Treads|flinch\n|\n|upkeep\n|turn|3\n|\n|t:|1698881045\n|move|p2a: Shaymin|Air Slash|p1a: Iron Treads\n|-resisted|p1a: Iron Treads\n|-damage|p1a: Iron Treads|21\/100\n|move|p1a: Iron Treads|Stealth Rock|p2a: Shaymin\n|-sidestart|p2: Dumbfudge|move: Stealth Rock\n|\n|upkeep\n|turn|4\n|\n|t:|1698881051\n|move|p2a: Shaymin|Air Slash|p1a: Iron Treads\n|-resisted|p1a: Iron Treads\n|-damage|p1a: Iron Treads|0 fnt\n|faint|p1a: Iron Treads\n|-end|p1a: Iron Treads|Quark Drive|[silent]\n|\n|upkeep\n|\n|t:|1698881054\n|switch|p1a: Kyogre|Kyogre, shiny|100\/100\n|-weather|RainDance|[from] ability: Drizzle|[of] p1a: Kyogre\n|turn|5\n|\n|t:|1698881059\n|move|p2a: Shaymin|Air Slash|p1a: Kyogre\n|-damage|p1a: Kyogre|70\/100\n|move|p1a: Kyogre|Ice Beam|p2a: Shaymin\n|-supereffective|p2a: Shaymin\n|-damage|p2a: Shaymin|0 fnt\n|faint|p2a: Shaymin\n|\n|-weather|RainDance|[upkeep]\n|-heal|p1a: Kyogre|76\/100|[from] item: Leftovers\n|upkeep\n|\n|t:|1698881081\n|switch|p2a: Espathra|Espathra, F|100\/100\n|-damage|p2a: Espathra|88\/100|[from] Stealth Rock\n|turn|6\n|\n|t:|1698881086\n|move|p2a: Espathra|Protect|p2a: Espathra\n|-singleturn|p2a: Espathra|Protect\n|move|p1a: Kyogre|Thunder|p2a: Espathra\n|-activate|p2a: Espathra|move: Protect\n|\n|-weather|RainDance|[upkeep]\n|-heal|p1a: Kyogre|83\/100|[from] item: Leftovers\n|-ability|p2a: Espathra|Speed Boost|boost\n|-boost|p2a: Espathra|spe|1\n|upkeep\n|turn|7\n|\n|t:|1698881096\n|move|p2a: Espathra|Substitute|p2a: Espathra\n|-start|p2a: Espathra|Substitute\n|-damage|p2a: Espathra|63\/100\n|move|p1a: Kyogre|Thunder|p2a: Espathra\n|-end|p2a: Espathra|Substitute\n|\n|-weather|RainDance|[upkeep]\n|-heal|p1a: Kyogre|89\/100|[from] item: Leftovers\n|-ability|p2a: Espathra|Speed Boost|boost\n|-boost|p2a: Espathra|spe|1\n|upkeep\n|turn|8\n|\n|t:|1698881107\n|move|p2a: Espathra|Hypnosis|p1a: Kyogre|[miss]\n|-miss|p2a: Espathra|p1a: Kyogre\n|move|p1a: Kyogre|Thunder|p2a: Espathra\n|-damage|p2a: Espathra|4\/100\n|\n|-weather|RainDance|[upkeep]\n|-heal|p1a: Kyogre|95\/100|[from] item: Leftovers\n|-ability|p2a: Espathra|Speed Boost|boost\n|-boost|p2a: Espathra|spe|1\n|upkeep\n|turn|9\n|\n|t:|1698881117\n|move|p2a: Espathra|Hypnosis|p1a: Kyogre\n|-status|p1a: Kyogre|slp|[from] move: Hypnosis\n|cant|p1a: Kyogre|slp\n|\n|-weather|none\n|-heal|p1a: Kyogre|100\/100 slp|[from] item: Leftovers\n|-ability|p2a: Espathra|Speed Boost|boost\n|-boost|p2a: Espathra|spe|1\n|upkeep\n|turn|10\n|\n|t:|1698881126\n|move|p2a: Espathra|Baton Pass|p2a: Espathra\n|\n|t:|1698881128\n|switch|p2a: Giratina|Giratina-Origin|100\/100|[from] Baton Pass\n|-damage|p2a: Giratina|88\/100|[from] Stealth Rock\n|cant|p1a: Kyogre|slp\n|\n|upkeep\n|turn|11\n|\n|t:|1698881141\n|-terastallize|p2a: Giratina|Ghost\n|move|p2a: Giratina|Defog|p1a: Kyogre\n|-unboost|p1a: Kyogre|evasion|1\n|-sideend|p2: Dumbfudge|Stealth Rock|[from] move: Defog|[of] p2a: Giratina\n|cant|p1a: Kyogre|slp\n|\n|upkeep\n|turn|12\n|\n|t:|1698881150\n|move|p2a: Giratina|Outrage|p1a: Kyogre\n|-damage|p1a: Kyogre|36\/100 slp\n|-curestatus|p1a: Kyogre|slp|[msg]\n|move|p1a: Kyogre|Thunder|p2a: Giratina|[miss]\n|-miss|p1a: Kyogre|p2a: Giratina\n|\n|-heal|p1a: Kyogre|42\/100|[from] item: Leftovers\n|upkeep\n|turn|13\n|\n|t:|1698881160\n|move|p2a: Giratina|Outrage|p1a: Kyogre|[from]lockedmove\n|-damage|p1a: Kyogre|0 fnt\n|faint|p1a: Kyogre\n|-start|p2a: Giratina|confusion|[fatigue]\n|\n|upkeep\n|\n|t:|1698881166\n|switch|p1a: Calyrex|Calyrex-Shadow|100\/100\n|-ability|p1a: Calyrex|As One\n|-ability|p1a: Calyrex|Unnerve\n|turn|14\n|\n|t:|1698881172\n|-activate|p2a: Giratina|confusion\n|move|p2a: Giratina|Shadow Sneak|p1a: Calyrex\n|-supereffective|p1a: Calyrex\n|-enditem|p1a: Calyrex|Focus Sash\n|-damage|p1a: Calyrex|1\/100\n|move|p1a: Calyrex|Astral Barrage|p2a: Giratina\n|-supereffective|p2a: Giratina\n|-damage|p2a: Giratina|0 fnt\n|faint|p2a: Giratina\n|-ability|p1a: Calyrex|Grim Neigh|boost\n|-boost|p1a: Calyrex|spa|1\n|\n|upkeep\n|\n|t:|1698881184\n|switch|p2a: Calyrex|Calyrex-Shadow|100\/100\n|-ability|p2a: Calyrex|As One\n|-ability|p2a: Calyrex|Unnerve\n|turn|15\n|\n|t:|1698881190\n|move|p1a: Calyrex|Astral Barrage|p2a: Calyrex\n|-supereffective|p2a: Calyrex\n|-enditem|p2a: Calyrex|Focus Sash\n|-damage|p2a: Calyrex|1\/100\n|move|p2a: Calyrex|Giga Drain|p1a: Calyrex\n|-damage|p1a: Calyrex|0 fnt\n|-heal|p2a: Calyrex|1\/100|[from] drain|[of] p1a: Calyrex\n|faint|p1a: Calyrex\n|-ability|p2a: Calyrex|Grim Neigh|boost\n|-boost|p2a: Calyrex|spa|1\n|\n|upkeep\n|\n|t:|1698881198\n|switch|p1a: Flutter Mane|Flutter Mane, shiny|100\/100\n|-enditem|p1a: Flutter Mane|Booster Energy\n|-activate|p1a: Flutter Mane|ability: Protosynthesis|[fromitem]\n|-start|p1a: Flutter Mane|protosynthesisspe\n|turn|16\n|\n|t:|1698881208\n|move|p1a: Flutter Mane|Mystical Fire|p2a: Calyrex\n|-damage|p2a: Calyrex|0 fnt\n|faint|p2a: Calyrex\n|\n|upkeep\n|\n|t:|1698881215\n|switch|p2a: Espathra|Espathra, F|4\/100\n|turn|17\n|\n|t:|1698881221\n|move|p2a: Espathra|Protect|p2a: Espathra\n|-singleturn|p2a: Espathra|Protect\n|move|p1a: Flutter Mane|Mystical Fire|p2a: Espathra\n|-activate|p2a: Espathra|move: Protect\n|\n|-ability|p2a: Espathra|Speed Boost|boost\n|-boost|p2a: Espathra|spe|1\n|upkeep\n|turn|18\n|\n|t:|1698881234\n|move|p1a: Flutter Mane|Mystical Fire|p2a: Espathra\n|-damage|p2a: Espathra|0 fnt\n|faint|p2a: Espathra\n|\n|upkeep\n|\n|t:|1698881240\n|switch|p2a: Breloom|Breloom, M|100\/100\n|turn|19\n|\n|t:|1698881244\n|move|p1a: Flutter Mane|Mystical Fire|p2a: Breloom\n|-supereffective|p2a: Breloom\n|-damage|p2a: Breloom|15\/100\n|-unboost|p2a: Breloom|spa|1\n|move|p2a: Breloom|Spore|p1a: Flutter Mane\n|-status|p1a: Flutter Mane|slp|[from] move: Spore\n|\n|upkeep\n|turn|20\n|\n|t:|1698881255\n|cant|p1a: Flutter Mane|slp\n|move|p2a: Breloom|Low Sweep|p1a: Flutter Mane\n|-immune|p1a: Flutter Mane\n|\n|upkeep\n|turn|21\n|\n|t:|1698881262\n|cant|p1a: Flutter Mane|slp\n|move|p2a: Breloom|Leech Seed|p1a: Flutter Mane\n|-start|p1a: Flutter Mane|move: Leech Seed\n|\n|-damage|p1a: Flutter Mane|88\/100 slp|[from] Leech Seed|[of] p2a: Breloom\n|-heal|p2a: Breloom|27\/100|[silent]\n|upkeep\n|turn|22\n|\n|t:|1698881270\n|cant|p1a: Flutter Mane|slp\n|move|p2a: Breloom|Substitute|p2a: Breloom\n|-start|p2a: Breloom|Substitute\n|-damage|p2a: Breloom|2\/100\n|\n|-damage|p1a: Flutter Mane|76\/100 slp|[from] Leech Seed|[of] p2a: Breloom\n|-heal|p2a: Breloom|14\/100|[silent]\n|upkeep\n|turn|23\n|\n|t:|1698881283\n|-curestatus|p1a: Flutter Mane|slp|[msg]\n|move|p1a: Flutter Mane|Mystical Fire|p2a: Breloom\n|-supereffective|p2a: Breloom\n|-end|p2a: Breloom|Substitute\n|move|p2a: Breloom|Spore|p1a: Flutter Mane\n|-status|p1a: Flutter Mane|slp|[from] move: Spore\n|\n|-damage|p1a: Flutter Mane|63\/100 slp|[from] Leech Seed|[of] p2a: Breloom\n|-heal|p2a: Breloom|26\/100|[silent]\n|upkeep\n|turn|24\n|\n|t:|1698881295\n|cant|p1a: Flutter Mane|slp\n|move|p2a: Breloom|Substitute|p2a: Breloom\n|-start|p2a: Breloom|Substitute\n|-damage|p2a: Breloom|1\/100\n|\n|-damage|p1a: Flutter Mane|51\/100 slp|[from] Leech Seed|[of] p2a: Breloom\n|-heal|p2a: Breloom|13\/100|[silent]\n|upkeep\n|turn|25\n|\n|t:|1698881303\n|cant|p1a: Flutter Mane|slp\n|move|p2a: Breloom|Spore|p1a: Flutter Mane\n|-fail|p1a: Flutter Mane|slp\n|\n|-damage|p1a: Flutter Mane|39\/100 slp|[from] Leech Seed|[of] p2a: Breloom\n|-heal|p2a: Breloom|25\/100|[silent]\n|upkeep\n|turn|26\n|\n|t:|1698881313\n|cant|p1a: Flutter Mane|slp\n|move|p2a: Breloom|Spore|p1a: Flutter Mane\n|-fail|p1a: Flutter Mane|slp\n|\n|-damage|p1a: Flutter Mane|26\/100 slp|[from] Leech Seed|[of] p2a: Breloom\n|-heal|p2a: Breloom|37\/100|[silent]\n|upkeep\n|turn|27\n|\n|t:|1698881321\n|-curestatus|p1a: Flutter Mane|slp|[msg]\n|move|p1a: Flutter Mane|Mystical Fire|p2a: Breloom\n|-supereffective|p2a: Breloom\n|-end|p2a: Breloom|Substitute\n|move|p2a: Breloom|Spore|p1a: Flutter Mane\n|-status|p1a: Flutter Mane|slp|[from] move: Spore\n|\n|-damage|p1a: Flutter Mane|14\/100 slp|[from] Leech Seed|[of] p2a: Breloom\n|-heal|p2a: Breloom|49\/100|[silent]\n|upkeep\n|turn|28\n|\n|t:|1698881334\n|cant|p1a: Flutter Mane|slp\n|move|p2a: Breloom|Substitute|p2a: Breloom\n|-start|p2a: Breloom|Substitute\n|-damage|p2a: Breloom|24\/100\n|\n|-damage|p1a: Flutter Mane|2\/100 slp|[from] Leech Seed|[of] p2a: Breloom\n|-heal|p2a: Breloom|36\/100|[silent]\n|upkeep\n|turn|29\n|\n|t:|1698881344\n|cant|p1a: Flutter Mane|slp\n|move|p2a: Breloom|Spore|p1a: Flutter Mane\n|-fail|p1a: Flutter Mane|slp\n|\n|-damage|p1a: Flutter Mane|0 fnt|[from] Leech Seed|[of] p2a: Breloom\n|-heal|p2a: Breloom|37\/100|[silent]\n|faint|p1a: Flutter Mane\n|-end|p1a: Flutter Mane|Protosynthesis|[silent]\n|upkeep\n|\n|t:|1698881353\n|switch|p1a: Eternatus|Eternatus|100\/100\n|-ability|p1a: Eternatus|Pressure\n|turn|30\n|\n|t:|1698881357\n|move|p1a: Eternatus|Flamethrower|p2a: Breloom\n|-supereffective|p2a: Breloom\n|-end|p2a: Breloom|Substitute\n|move|p2a: Breloom|Spore|p1a: Eternatus\n|-status|p1a: Eternatus|slp|[from] move: Spore\n|\n|upkeep\n|turn|31\n|\n|t:|1698881365\n|cant|p1a: Eternatus|slp\n|move|p2a: Breloom|Substitute|p2a: Breloom\n|-start|p2a: Breloom|Substitute\n|-damage|p2a: Breloom|12\/100\n|\n|upkeep\n|turn|32\n|\n|t:|1698881372\n|cant|p1a: Eternatus|slp\n|move|p2a: Breloom|Leech Seed|p1a: Eternatus\n|-start|p1a: Eternatus|move: Leech Seed\n|\n|-damage|p1a: Eternatus|88\/100 slp|[from] Leech Seed|[of] p2a: Breloom\n|-heal|p2a: Breloom|32\/100|[silent]\n|upkeep\n|turn|33\n|\n|t:|1698881382\n|cant|p1a: Eternatus|slp\n|move|p2a: Breloom|Spore|p1a: Eternatus\n|-fail|p1a: Eternatus|slp\n|\n|-damage|p1a: Eternatus|76\/100 slp|[from] Leech Seed|[of] p2a: Breloom\n|-heal|p2a: Breloom|52\/100|[silent]\n|upkeep\n|turn|34\n|\n|t:|1698881391\n|-curestatus|p1a: Eternatus|slp|[msg]\n|move|p1a: Eternatus|Flamethrower|p2a: Breloom\n|-supereffective|p2a: Breloom\n|-end|p2a: Breloom|Substitute\n|move|p2a: Breloom|Spore|p1a: Eternatus\n|-status|p1a: Eternatus|slp|[from] move: Spore\n|\n|-damage|p1a: Eternatus|63\/100 slp|[from] Leech Seed|[of] p2a: Breloom\n|-heal|p2a: Breloom|72\/100|[silent]\n|upkeep\n|turn|35\n|\n|t:|1698881402\n|cant|p1a: Eternatus|slp\n|move|p2a: Breloom|Substitute|p2a: Breloom\n|-start|p2a: Breloom|Substitute\n|-damage|p2a: Breloom|47\/100\n|\n|-damage|p1a: Eternatus|51\/100 slp|[from] Leech Seed|[of] p2a: Breloom\n|-heal|p2a: Breloom|67\/100|[silent]\n|upkeep\n|turn|36\n|c|\u2606Dumbfudge|Ur gonna hate me\n|c|\u2606AtlasBrownie|probably\n|\n|t:|1698881423\n|cant|p1a: Eternatus|slp\n|move|p2a: Breloom|Low Sweep|p1a: Eternatus\n|-resisted|p1a: Eternatus\n|-crit|p1a: Eternatus\n|-damage|p1a: Eternatus|34\/100 slp\n|-unboost|p1a: Eternatus|spe|1\n|\n|-damage|p1a: Eternatus|22\/100 slp|[from] Leech Seed|[of] p2a: Breloom\n|-heal|p2a: Breloom|87\/100|[silent]\n|upkeep\n|turn|37\n|\n|t:|1698881434\n|move|p2a: Breloom|Low Sweep|p1a: Eternatus\n|-resisted|p1a: Eternatus\n|-damage|p1a: Eternatus|10\/100 slp\n|-unboost|p1a: Eternatus|spe|1\n|-curestatus|p1a: Eternatus|slp|[msg]\n|move|p1a: Eternatus|Recover|p1a: Eternatus\n|-heal|p1a: Eternatus|60\/100\n|\n|-damage|p1a: Eternatus|47\/100|[from] Leech Seed|[of] p2a: Breloom\n|-heal|p2a: Breloom|100\/100|[silent]\n|upkeep\n|turn|38\n|\n|t:|1698881446\n|move|p2a: Breloom|Spore|p1a: Eternatus\n|-status|p1a: Eternatus|slp|[from] move: Spore\n|cant|p1a: Eternatus|slp\n|\n|-damage|p1a: Eternatus|35\/100 slp|[from] Leech Seed|[of] p2a: Breloom\n|upkeep\n|turn|39\n|\n|t:|1698881454\n|move|p2a: Breloom|Low Sweep|p1a: Eternatus\n|-resisted|p1a: Eternatus\n|-damage|p1a: Eternatus|23\/100 slp\n|-unboost|p1a: Eternatus|spe|1\n|cant|p1a: Eternatus|slp\n|\n|-damage|p1a: Eternatus|11\/100 slp|[from] Leech Seed|[of] p2a: Breloom\n|upkeep\n|turn|40\n|\n|t:|1698881463\n|move|p2a: Breloom|Low Sweep|p1a: Eternatus\n|-resisted|p1a: Eternatus\n|-damage|p1a: Eternatus|0 fnt\n|faint|p1a: Eternatus\n|\n|upkeep\n|\n|t:|1698881466\n|switch|p1a: Zacian|Zacian-Crowned, shiny|100\/100\n|-ability|p1a: Zacian|Intrepid Sword|boost\n|-boost|p1a: Zacian|atk|1\n|turn|41\n|\n|t:|1698881472\n|move|p1a: Zacian|Sacred Sword|p2a: Breloom\n|-end|p2a: Breloom|Substitute\n|move|p2a: Breloom|Spore|p1a: Zacian\n|-status|p1a: Zacian|slp|[from] move: Spore\n|\n|upkeep\n|turn|42\n|\n|t:|1698881479\n|cant|p1a: Zacian|slp\n|move|p2a: Breloom|Substitute|p2a: Breloom\n|-start|p2a: Breloom|Substitute\n|-damage|p2a: Breloom|76\/100\n|\n|upkeep\n|turn|43\n|\n|t:|1698881487\n|-curestatus|p1a: Zacian|slp|[msg]\n|move|p1a: Zacian|Behemoth Blade|p2a: Breloom\n|-end|p2a: Breloom|Substitute\n|move|p2a: Breloom|Low Sweep|p1a: Zacian\n|-damage|p1a: Zacian|72\/100\n|-unboost|p1a: Zacian|spe|1\n|\n|upkeep\n|turn|44\n|\n|t:|1698881497\n|move|p1a: Zacian|Behemoth Blade|p2a: Breloom\n|-damage|p2a: Breloom|0 fnt\n|-damage|p1a: Zacian|55\/100|[from] item: Rocky Helmet|[of] p2a: Breloom\n|faint|p2a: Breloom\n|\n|upkeep\n|\n|t:|1698881503\n|switch|p2a: Whooping cough|Zacian-Crowned|100\/100\n|-ability|p2a: Whooping cough|Intrepid Sword|boost\n|-boost|p2a: Whooping cough|atk|1\n|turn|45\n|c|\u2606AtlasBrownie|gg\n|inactive|AtlasBrownie has 120 seconds left.\n|\n|t:|1698881535\n|move|p2a: Whooping cough|Behemoth Blade|p1a: Zacian\n|-damage|p1a: Zacian|0 fnt\n|faint|p1a: Zacian\n|\n|win|Dumbfudge\n|raw|AtlasBrownie's rating: 1414 &rarr; <strong>1394<\/strong><br \/>(-20 for losing)\n|raw|Dumbfudge's rating: 1418 &rarr; <strong>1438<\/strong><br \/>(+20 for winning)\n|c|\u2606Dumbfudge|Gg\n|l|\u2606AtlasBrownie\n","uploadtime":1698881544,"views":6,"p1id":"atlasbrownie","p2id":"dumbfudge","formatid":"gen9anythinggoes","rating":1394,"private":0,"password":""}