{"id":"gen9anythinggoes-1994365844","p1":"DukeGoolies","p2":"Portiscunningham","format":"[Gen 9] Anything Goes","log":"|j|\u2606DukeGoolies\n|j|\u2606Portiscunningham\n|t:|1700435676\n|gametype|singles\n|player|p1|DukeGoolies|101|\n|player|p2|Portiscunningham|102|\n|teamsize|p1|6\n|teamsize|p2|6\n|gen|9\n|tier|[Gen 9] Anything Goes\n|rule|HP Percentage Mod: HP is shown in percentages\n|rule|Endless Battle Clause: Forcing endless battles is banned\n|clearpoke\n|poke|p1|Dragapult, F|\n|poke|p1|Iron Moth|\n|poke|p1|Bronzong|\n|poke|p1|Roaring Moon|\n|poke|p1|Clefable, M|\n|poke|p1|Azumarill, M|\n|poke|p2|Iron Valiant|\n|poke|p2|Heatran, M|\n|poke|p2|Drednaw, M|\n|poke|p2|Pelipper, F|\n|poke|p2|Ursaluna-Bloodmoon, M|\n|poke|p2|Amoonguss, F|\n|teampreview\n|\n|t:|1700435694\n|start\n|switch|p1a: Clefable|Clefable, M|100\/100\n|switch|p2a: Pelipper|Pelipper, F|100\/100\n|-weather|RainDance|[from] ability: Drizzle|[of] p2a: Pelipper\n|turn|1\n|\n|t:|1700435711\n|move|p1a: Clefable|Calm Mind|p1a: Clefable\n|-boost|p1a: Clefable|spa|1\n|-boost|p1a: Clefable|spd|1\n|move|p2a: Pelipper|U-turn|p1a: Clefable\n|-resisted|p1a: Clefable\n|-damage|p1a: Clefable|96\/100\n|\n|t:|1700435718\n|switch|p2a: Amoonguss|Amoonguss, F|100\/100|[from] U-turn\n|\n|-weather|RainDance|[upkeep]\n|-heal|p1a: Clefable|100\/100|[from] item: Leftovers\n|upkeep\n|turn|2\n|\n|t:|1700435726\n|move|p1a: Clefable|Calm Mind|p1a: Clefable\n|-boost|p1a: Clefable|spa|1\n|-boost|p1a: Clefable|spd|1\n|move|p2a: Amoonguss|Spore|p1a: Clefable\n|-status|p1a: Clefable|slp|[from] move: Spore\n|\n|-weather|RainDance|[upkeep]\n|upkeep\n|turn|3\n|\n|t:|1700435739\n|cant|p1a: Clefable|slp\n|move|p2a: Amoonguss|Sludge Bomb|p1a: Clefable\n|-supereffective|p1a: Clefable\n|-damage|p1a: Clefable|81\/100 slp\n|\n|-weather|RainDance|[upkeep]\n|-heal|p1a: Clefable|87\/100 slp|[from] item: Leftovers\n|upkeep\n|turn|4\n|\n|t:|1700435750\n|cant|p1a: Clefable|slp\n|move|p2a: Amoonguss|Sludge Bomb|p1a: Clefable\n|-supereffective|p1a: Clefable\n|-damage|p1a: Clefable|67\/100 slp\n|\n|-weather|RainDance|[upkeep]\n|-heal|p1a: Clefable|73\/100 slp|[from] item: Leftovers\n|upkeep\n|turn|5\n|\n|t:|1700435760\n|cant|p1a: Clefable|slp\n|move|p2a: Amoonguss|Sludge Bomb|p1a: Clefable\n|-supereffective|p1a: Clefable\n|-damage|p1a: Clefable|50\/100 slp\n|\n|-weather|RainDance|[upkeep]\n|-heal|p1a: Clefable|57\/100 slp|[from] item: Leftovers\n|upkeep\n|turn|6\n|\n|t:|1700435767\n|-curestatus|p1a: Clefable|slp|[msg]\n|move|p1a: Clefable|Moonlight|p1a: Clefable\n|-heal|p1a: Clefable|82\/100\n|move|p2a: Amoonguss|Spore|p1a: Clefable\n|-status|p1a: Clefable|slp|[from] move: Spore\n|\n|-weather|RainDance|[upkeep]\n|-heal|p1a: Clefable|88\/100 slp|[from] item: Leftovers\n|upkeep\n|turn|7\n|j| weechunk\n|\n|t:|1700435781\n|cant|p1a: Clefable|slp\n|move|p2a: Amoonguss|Sludge Bomb|p1a: Clefable\n|-supereffective|p1a: Clefable\n|-damage|p1a: Clefable|68\/100 slp\n|\n|-weather|RainDance|[upkeep]\n|-heal|p1a: Clefable|74\/100 slp|[from] item: Leftovers\n|upkeep\n|turn|8\n|\n|t:|1700435791\n|cant|p1a: Clefable|slp\n|move|p2a: Amoonguss|Sludge Bomb|p1a: Clefable\n|-supereffective|p1a: Clefable\n|-damage|p1a: Clefable|53\/100 slp\n|\n|-weather|none\n|-heal|p1a: Clefable|59\/100 slp|[from] item: Leftovers\n|upkeep\n|turn|9\n|\n|t:|1700435807\n|-curestatus|p1a: Clefable|slp|[msg]\n|move|p1a: Clefable|Protect|p1a: Clefable\n|-singleturn|p1a: Clefable|Protect\n|move|p2a: Amoonguss|Spore|p1a: Clefable\n|-activate|p1a: Clefable|move: Protect\n|\n|-heal|p1a: Clefable|65\/100|[from] item: Leftovers\n|upkeep\n|turn|10\n|\n|t:|1700435816\n|move|p1a: Clefable|Calm Mind|p1a: Clefable\n|-boost|p1a: Clefable|spa|1\n|-boost|p1a: Clefable|spd|1\n|move|p2a: Amoonguss|Spore|p1a: Clefable\n|-status|p1a: Clefable|slp|[from] move: Spore\n|\n|-heal|p1a: Clefable|72\/100 slp|[from] item: Leftovers\n|upkeep\n|turn|11\n|\n|t:|1700435840\n|switch|p2a: Iron Valiant|Iron Valiant|100\/100\n|-enditem|p2a: Iron Valiant|Booster Energy\n|-activate|p2a: Iron Valiant|ability: Quark Drive|[fromitem]\n|-start|p2a: Iron Valiant|quarkdrivespe\n|cant|p1a: Clefable|slp\n|\n|-heal|p1a: Clefable|78\/100 slp|[from] item: Leftovers\n|upkeep\n|turn|12\n|\n|t:|1700435855\n|move|p2a: Iron Valiant|Swords Dance|p2a: Iron Valiant\n|-boost|p2a: Iron Valiant|atk|2\n|cant|p1a: Clefable|slp\n|\n|-heal|p1a: Clefable|84\/100 slp|[from] item: Leftovers\n|upkeep\n|turn|13\n|j| Hurcule\n|\n|t:|1700435865\n|move|p2a: Iron Valiant|Swords Dance|p2a: Iron Valiant\n|-boost|p2a: Iron Valiant|atk|2\n|-curestatus|p1a: Clefable|slp|[msg]\n|move|p1a: Clefable|Calm Mind|p1a: Clefable\n|-boost|p1a: Clefable|spa|1\n|-boost|p1a: Clefable|spd|1\n|\n|-heal|p1a: Clefable|90\/100|[from] item: Leftovers\n|upkeep\n|turn|14\n|\n|t:|1700435874\n|move|p2a: Iron Valiant|Encore|p1a: Clefable\n|-start|p1a: Clefable|Encore\n|move|p1a: Clefable|Calm Mind|p1a: Clefable\n|-boost|p1a: Clefable|spa|1\n|-boost|p1a: Clefable|spd|1\n|\n|-heal|p1a: Clefable|97\/100|[from] item: Leftovers\n|upkeep\n|turn|15\n|\n|t:|1700435887\n|move|p2a: Iron Valiant|Knock Off|p1a: Clefable\n|-resisted|p1a: Clefable\n|-damage|p1a: Clefable|81\/100\n|-enditem|p1a: Clefable|Leftovers|[from] move: Knock Off|[of] p2a: Iron Valiant\n|move|p1a: Clefable|Calm Mind|p1a: Clefable\n|-boost|p1a: Clefable|spa|1\n|-boost|p1a: Clefable|spd|1\n|\n|upkeep\n|turn|16\n|\n|t:|1700435902\n|move|p2a: Iron Valiant|Swords Dance|p2a: Iron Valiant\n|-boost|p2a: Iron Valiant|atk|2\n|move|p1a: Clefable|Calm Mind|p1a: Clefable\n|-boost|p1a: Clefable|spa|0\n|-boost|p1a: Clefable|spd|0\n|\n|-end|p1a: Clefable|Encore\n|upkeep\n|turn|17\n|\n|t:|1700435910\n|move|p2a: Iron Valiant|Encore|p1a: Clefable\n|-start|p1a: Clefable|Encore\n|move|p1a: Clefable|Calm Mind|p1a: Clefable\n|-boost|p1a: Clefable|spa|0\n|-boost|p1a: Clefable|spd|0\n|\n|upkeep\n|turn|18\n|\n|t:|1700435923\n|move|p2a: Iron Valiant|Close Combat|p1a: Clefable\n|-resisted|p1a: Clefable\n|-damage|p1a: Clefable|52\/100\n|-unboost|p2a: Iron Valiant|def|1\n|-unboost|p2a: Iron Valiant|spd|1\n|move|p1a: Clefable|Calm Mind|p1a: Clefable\n|-boost|p1a: Clefable|spa|0\n|-boost|p1a: Clefable|spd|0\n|\n|upkeep\n|turn|19\n|\n|t:|1700435944\n|move|p2a: Iron Valiant|Close Combat|p1a: Clefable\n|-resisted|p1a: Clefable\n|-damage|p1a: Clefable|24\/100\n|-unboost|p2a: Iron Valiant|def|1\n|-unboost|p2a: Iron Valiant|spd|1\n|move|p1a: Clefable|Calm Mind|p1a: Clefable\n|-boost|p1a: Clefable|spa|0\n|-boost|p1a: Clefable|spd|0\n|\n|-end|p1a: Clefable|Encore\n|upkeep\n|turn|20\n|\n|t:|1700435962\n|move|p2a: Iron Valiant|Close Combat|p1a: Clefable\n|-resisted|p1a: Clefable\n|-damage|p1a: Clefable|0 fnt\n|-unboost|p2a: Iron Valiant|def|1\n|-unboost|p2a: Iron Valiant|spd|1\n|faint|p1a: Clefable\n|\n|upkeep\n|\n|t:|1700436034\n|switch|p1a: Bronzong|Bronzong|100\/100\n|turn|21\n|\n|t:|1700436045\n|move|p2a: Iron Valiant|Close Combat|p1a: Bronzong\n|-damage|p1a: Bronzong|0 fnt\n|-unboost|p2a: Iron Valiant|def|1\n|-unboost|p2a: Iron Valiant|spd|1\n|faint|p1a: Bronzong\n|\n|upkeep\n|\n|t:|1700436077\n|switch|p1a: Roaring Moon|Roaring Moon|100\/100\n|turn|22\n|\n|t:|1700436088\n|move|p2a: Iron Valiant|Close Combat|p1a: Roaring Moon\n|-supereffective|p1a: Roaring Moon\n|-damage|p1a: Roaring Moon|0 fnt\n|-unboost|p2a: Iron Valiant|def|1\n|-unboost|p2a: Iron Valiant|spd|1\n|faint|p1a: Roaring Moon\n|-end|p1a: Roaring Moon|Protosynthesis|[silent]\n|\n|upkeep\n|\n|t:|1700436096\n|switch|p1a: Dragapult|Dragapult, F|100\/100\n|turn|23\n|\n|t:|1700436101\n|move|p2a: Iron Valiant|Knock Off|p1a: Dragapult\n|-supereffective|p1a: Dragapult\n|-damage|p1a: Dragapult|0 fnt\n|-enditem|p1a: Dragapult|Choice Specs|[from] move: Knock Off|[of] p2a: Iron Valiant\n|faint|p1a: Dragapult\n|\n|upkeep\n|\n|t:|1700436106\n|switch|p1a: Azumarill|Azumarill, M|100\/100\n|turn|24\n|\n|t:|1700436115\n|-end|p2a: Iron Valiant|Quark Drive|[silent]\n|switch|p2a: Amoonguss|Amoonguss, F|100\/100\n|move|p1a: Azumarill|Aqua Jet|p2a: Amoonguss\n|-resisted|p2a: Amoonguss\n|-crit|p2a: Amoonguss\n|-damage|p2a: Amoonguss|88\/100\n|-damage|p1a: Azumarill|84\/100|[from] item: Rocky Helmet|[of] p2a: Amoonguss\n|\n|upkeep\n|turn|25\n|\n|t:|1700436126\n|move|p1a: Azumarill|Ice Spinner|p2a: Amoonguss\n|-supereffective|p2a: Amoonguss\n|-damage|p2a: Amoonguss|41\/100\n|-damage|p1a: Azumarill|67\/100|[from] item: Rocky Helmet|[of] p2a: Amoonguss\n|move|p2a: Amoonguss|Spore|p1a: Azumarill\n|-status|p1a: Azumarill|slp|[from] move: Spore\n|\n|upkeep\n|turn|26\n|\n|t:|1700436140\n|cant|p1a: Azumarill|slp\n|move|p2a: Amoonguss|Leaf Storm|p1a: Azumarill\n|-supereffective|p1a: Azumarill\n|-damage|p1a: Azumarill|18\/100 slp\n|-unboost|p2a: Amoonguss|spa|2\n|\n|upkeep\n|turn|27\n|\n|t:|1700436156\n|switch|p2a: Pelipper|Pelipper, F|100\/100\n|-weather|RainDance|[from] ability: Drizzle|[of] p2a: Pelipper\n|cant|p1a: Azumarill|slp\n|\n|-weather|RainDance|[upkeep]\n|upkeep\n|turn|28\n|\n|t:|1700436164\n|cant|p1a: Azumarill|slp\n|move|p2a: Pelipper|Hurricane|p1a: Azumarill\n|-damage|p1a: Azumarill|0 fnt\n|faint|p1a: Azumarill\n|\n|-weather|RainDance|[upkeep]\n|upkeep\n|\n|t:|1700436170\n|switch|p1a: Iron Moth|Iron Moth|100\/100\n|-enditem|p1a: Iron Moth|Booster Energy\n|-activate|p1a: Iron Moth|ability: Quark Drive|[fromitem]\n|-start|p1a: Iron Moth|quarkdrivespe\n|turn|29\n|\n|t:|1700436176\n|move|p1a: Iron Moth|Fiery Dance|p2a: Pelipper\n|-resisted|p2a: Pelipper\n|-damage|p2a: Pelipper|87\/100\n|move|p2a: Pelipper|Surf|p1a: Iron Moth\n|-supereffective|p1a: Iron Moth\n|-damage|p1a: Iron Moth|6\/100\n|\n|-weather|RainDance|[upkeep]\n|upkeep\n|turn|30\n|\n|t:|1700436183\n|move|p1a: Iron Moth|Energy Ball|p2a: Pelipper\n|-damage|p2a: Pelipper|44\/100\n|move|p2a: Pelipper|Surf|p1a: Iron Moth\n|-supereffective|p1a: Iron Moth\n|-damage|p1a: Iron Moth|0 fnt\n|faint|p1a: Iron Moth\n|-end|p1a: Iron Moth|Quark Drive|[silent]\n|\n|win|Portiscunningham\n|l| Hurcule\n","uploadtime":1700436254,"views":32,"p1id":"dukegoolies","p2id":"portiscunningham","formatid":"gen9anythinggoes","rating":0,"private":0,"password":""}