{"id":"gen9anythinggoes-1974176702","p1":"theoitan","p2":"Mattattac","format":"[Gen 9] Anything Goes","log":"|j|\u2606theoitan\n|j|\u203dMattattac\n|t:|1698065328\n|gametype|singles\n|player|p1|theoitan|unknown|1183\n|player|p2|Mattattac|nate|1097\n|teamsize|p1|4\n|teamsize|p2|6\n|gen|9\n|tier|[Gen 9] Anything Goes\n|rated|\n|rule|HP Percentage Mod: HP is shown in percentages\n|rule|Endless Battle Clause: Forcing endless battles is banned\n|clearpoke\n|poke|p1|Krookodile, M|\n|poke|p1|Poliwrath, F|\n|poke|p1|Espathra, F|\n|poke|p1|Venomoth, F|\n|poke|p2|Calyrex-Shadow|\n|poke|p2|Great Tusk|\n|poke|p2|Volcarona, M|\n|poke|p2|Darkrai|\n|poke|p2|Ogerpon-Hearthflame, F|\n|poke|p2|Greninja-*, M|\n|teampreview\n|inactive|Battle timer is ON: inactive players will automatically lose when time's up. (requested by Mattattac)\n|\n|t:|1698065343\n|start\n|switch|p1a: Espathra|Espathra, F|100\/100\n|switch|p2a: Darkrai|Darkrai, shiny|100\/100\n|turn|1\n|\n|t:|1698065356\n|move|p2a: Darkrai|Dark Void|p1a: Espathra\n|-status|p1a: Espathra|slp|[from] move: Dark Void\n|cant|p1a: Espathra|slp\n|\n|-damage|p1a: Espathra|88\/100 slp|[from] ability: Bad Dreams|[of] p2a: Darkrai\n|-ability|p1a: Espathra|Speed Boost|boost\n|-boost|p1a: Espathra|spe|1\n|upkeep\n|turn|2\n|\n|t:|1698065378\n|-curestatus|p1a: Espathra|slp|[msg]\n|move|p1a: Espathra|Calm Mind|p1a: Espathra\n|-boost|p1a: Espathra|spa|1\n|-boost|p1a: Espathra|spd|1\n|move|p2a: Darkrai|Nasty Plot|p2a: Darkrai\n|-boost|p2a: Darkrai|spa|2\n|\n|-ability|p1a: Espathra|Speed Boost|boost\n|-boost|p1a: Espathra|spe|1\n|upkeep\n|turn|3\n|\n|t:|1698065387\n|move|p1a: Espathra|Hypnosis|p2a: Darkrai\n|-status|p2a: Darkrai|slp|[from] move: Hypnosis\n|cant|p2a: Darkrai|slp\n|\n|-ability|p1a: Espathra|Speed Boost|boost\n|-boost|p1a: Espathra|spe|1\n|upkeep\n|turn|4\n|\n|t:|1698065396\n|switch|p2a: Greninja|Greninja, M, shiny|100\/100\n|move|p1a: Espathra|Substitute|p1a: Espathra\n|-start|p1a: Espathra|Substitute\n|-damage|p1a: Espathra|63\/100\n|\n|-ability|p1a: Espathra|Speed Boost|boost\n|-boost|p1a: Espathra|spe|1\n|upkeep\n|turn|5\n|\n|t:|1698065403\n|move|p1a: Espathra|Hypnosis|p2a: Greninja\n|-status|p2a: Greninja|slp|[from] move: Hypnosis\n|cant|p2a: Greninja|slp\n|\n|-ability|p1a: Espathra|Speed Boost|boost\n|-boost|p1a: Espathra|spe|1\n|upkeep\n|turn|6\n|\n|t:|1698065410\n|move|p1a: Espathra|Baton Pass|p1a: Espathra\n|\n|t:|1698065414\n|switch|p1a: Poliwrath|Poliwrath, F|100\/100|[from] Baton Pass\n|cant|p2a: Greninja|slp\n|\n|upkeep\n|turn|7\n|\n|t:|1698065420\n|switch|p2a: Calyrex|Calyrex-Shadow|100\/100\n|-ability|p2a: Calyrex|As One\n|-ability|p2a: Calyrex|Unnerve\n|move|p1a: Poliwrath|Bulk Up|p1a: Poliwrath\n|-boost|p1a: Poliwrath|atk|1\n|-boost|p1a: Poliwrath|def|1\n|\n|upkeep\n|turn|8\n|\n|t:|1698065428\n|-terastallize|p2a: Calyrex|Fairy\n|move|p1a: Poliwrath|Hypnosis|p2a: Calyrex|[miss]\n|-miss|p1a: Poliwrath|p2a: Calyrex\n|move|p2a: Calyrex|Tera Blast|p1a: Poliwrath|[anim] Tera Blast Fairy\n|-supereffective|p1a: Poliwrath\n|-end|p1a: Poliwrath|Substitute\n|\n|upkeep\n|turn|9\n|\n|t:|1698065440\n|move|p1a: Poliwrath|Hypnosis|p2a: Calyrex\n|-status|p2a: Calyrex|slp|[from] move: Hypnosis\n|cant|p2a: Calyrex|slp\n|\n|upkeep\n|turn|10\n|\n|t:|1698065445\n|move|p1a: Poliwrath|Substitute|p1a: Poliwrath\n|-start|p1a: Poliwrath|Substitute\n|-damage|p1a: Poliwrath|76\/100\n|-curestatus|p2a: Calyrex|slp|[msg]\n|move|p2a: Calyrex|Tera Blast|p1a: Poliwrath|[anim] Tera Blast Fairy\n|-supereffective|p1a: Poliwrath\n|-end|p1a: Poliwrath|Substitute\n|\n|upkeep\n|turn|11\n|\n|t:|1698065453\n|move|p1a: Poliwrath|Hypnosis|p2a: Calyrex|[miss]\n|-miss|p1a: Poliwrath|p2a: Calyrex\n|move|p2a: Calyrex|Tera Blast|p1a: Poliwrath|[anim] Tera Blast Fairy\n|-supereffective|p1a: Poliwrath\n|-damage|p1a: Poliwrath|0 fnt\n|faint|p1a: Poliwrath\n|-ability|p2a: Calyrex|Grim Neigh|boost\n|-boost|p2a: Calyrex|spa|1\n|\n|upkeep\n|\n|t:|1698065464\n|switch|p1a: Espathra|Espathra, F|63\/100\n|turn|12\n|\n|t:|1698065467\n|move|p2a: Calyrex|Tera Blast|p1a: Espathra|[anim] Tera Blast Fairy\n|-damage|p1a: Espathra|0 fnt\n|faint|p1a: Espathra\n|-ability|p2a: Calyrex|Grim Neigh|boost\n|-boost|p2a: Calyrex|spa|1\n|\n|upkeep\n|\n|t:|1698065472\n|switch|p1a: Venomoth|Venomoth, F|100\/100\n|turn|13\n|c|\u2606theoitan|gg\n|\n|t:|1698065476\n|move|p2a: Calyrex|Tera Blast|p1a: Venomoth|[anim] Tera Blast Fairy\n|-resisted|p1a: Venomoth\n|-damage|p1a: Venomoth|11\/100\n|move|p1a: Venomoth|Sleep Powder|p2a: Calyrex\n|-status|p2a: Calyrex|slp|[from] move: Sleep Powder\n|\n|upkeep\n|turn|14\n|\n|t:|1698065482\n|cant|p2a: Calyrex|slp\n|move|p1a: Venomoth|Quiver Dance|p1a: Venomoth\n|-boost|p1a: Venomoth|spa|1\n|-boost|p1a: Venomoth|spd|1\n|-boost|p1a: Venomoth|spe|1\n|\n|upkeep\n|turn|15\n|\n|t:|1698065489\n|move|p1a: Venomoth|Quiver Dance|p1a: Venomoth\n|-boost|p1a: Venomoth|spa|1\n|-boost|p1a: Venomoth|spd|1\n|-boost|p1a: Venomoth|spe|1\n|-curestatus|p2a: Calyrex|slp|[msg]\n|move|p2a: Calyrex|Tera Blast|p1a: Venomoth|[anim] Tera Blast Fairy\n|-resisted|p1a: Venomoth\n|-damage|p1a: Venomoth|0 fnt\n|faint|p1a: Venomoth\n|-ability|p2a: Calyrex|Grim Neigh|boost\n|-boost|p2a: Calyrex|spa|1\n|\n|upkeep\n|-message|theoitan forfeited.\n|\n|win|Mattattac\n|raw|theoitan's rating: 1183 &rarr; <strong>1152<\/strong><br \/>(-31 for losing)\n|raw|Mattattac's rating: 1097 &rarr; <strong>1129<\/strong><br \/>(+32 for winning)\n|l|\u2606theoitan\n","uploadtime":1698065499,"views":14,"p1id":"theoitan","p2id":"mattattac","formatid":"gen9anythinggoes","rating":1129,"private":0,"password":""}