{"id":"gen9anythinggoes-1988773828","p1":"Rayth22","p2":"Janitoor","format":"[Gen 9] Anything Goes","log":"|j|\u2606Rayth22\n|j|\u2606Janitoor\n|t:|1699761332\n|gametype|singles\n|player|p1|Rayth22|wallace|\n|player|p2|Janitoor|tuber-gen6|\n|teamsize|p1|6\n|teamsize|p2|6\n|gen|9\n|tier|[Gen 9] Anything Goes\n|rule|HP Percentage Mod: HP is shown in percentages\n|rule|Endless Battle Clause: Forcing endless battles is banned\n|clearpoke\n|poke|p1|Flutter Mane|\n|poke|p1|Gholdengo|\n|poke|p1|Dondozo, M|\n|poke|p1|Ursaluna-Bloodmoon, M|\n|poke|p1|Flutter Mane|\n|poke|p1|Flutter Mane|\n|poke|p2|Roaring Moon|\n|poke|p2|Calyrex-Shadow|\n|poke|p2|Miraidon|\n|poke|p2|Chien-Pao|\n|poke|p2|Flutter Mane|\n|poke|p2|Gastrodon, M|\n|teampreview\n|c|\u2606Janitoor|glhf!\n|\n|t:|1699761344\n|start\n|switch|p1a: Gholdengo|Gholdengo|100\/100\n|switch|p2a: Calyrex|Calyrex-Shadow|100\/100\n|-ability|p2a: Calyrex|As One\n|-ability|p2a: Calyrex|Unnerve\n|turn|1\n|c|\u2606Rayth22|glhf\n|j| Yugi_test\n|\n|t:|1699761378\n|move|p2a: Calyrex|Astral Barrage|p1a: Gholdengo\n|-supereffective|p1a: Gholdengo\n|-damage|p1a: Gholdengo|0 fnt\n|faint|p1a: Gholdengo\n|-ability|p2a: Calyrex|Grim Neigh|boost\n|-boost|p2a: Calyrex|spa|1\n|\n|upkeep\n|\n|t:|1699761385\n|switch|p1a: Dondozo|Dondozo, M|100\/100\n|turn|2\n|c| Yugi_test|5 of the most dangerous legendaries, then a gastrodon?\n|\n|t:|1699761400\n|move|p2a: Calyrex|Nasty Plot|p2a: Calyrex\n|-boost|p2a: Calyrex|spa|2\n|move|p1a: Dondozo|Curse|p1a: Dondozo\n|-unboost|p1a: Dondozo|spe|1\n|-boost|p1a: Dondozo|atk|1\n|-boost|p1a: Dondozo|def|1\n|\n|upkeep\n|turn|3\n|\n|t:|1699761409\n|move|p2a: Calyrex|Astral Barrage|p1a: Dondozo\n|-damage|p1a: Dondozo|46\/100\n|move|p1a: Dondozo|Crunch|p2a: Calyrex\n|-supereffective|p2a: Calyrex\n|-enditem|p2a: Calyrex|Focus Sash\n|-damage|p2a: Calyrex|1\/100\n|\n|-heal|p1a: Dondozo|52\/100|[from] item: Leftovers\n|upkeep\n|turn|4\n|c|\u2606Janitoor|yep\n|\n|t:|1699761419\n|move|p2a: Calyrex|Astral Barrage|p1a: Dondozo\n|-damage|p1a: Dondozo|0 fnt\n|faint|p1a: Dondozo\n|-ability|p2a: Calyrex|Grim Neigh|boost\n|-boost|p2a: Calyrex|spa|1\n|\n|upkeep\n|c|\u2606Janitoor|why not?\n|c| Yugi_test|interesting\n|\n|t:|1699761428\n|switch|p1a: Ursaluna|Ursaluna-Bloodmoon, M|100\/100\n|turn|5\n|\n|t:|1699761443\n|move|p2a: Calyrex|Draining Kiss|p1a: Ursaluna\n|-damage|p1a: Ursaluna|21\/100\n|-heal|p2a: Calyrex|65\/100|[from] drain|[of] p1a: Ursaluna\n|move|p1a: Ursaluna|Blood Moon|p2a: Calyrex\n|-damage|p2a: Calyrex|0 fnt\n|faint|p2a: Calyrex\n|-damage|p1a: Ursaluna|11\/100|[from] item: Life Orb\n|\n|upkeep\n|\n|t:|1699761457\n|switch|p2a: Roaring Moon|Roaring Moon|100\/100\n|-enditem|p2a: Roaring Moon|Booster Energy\n|-activate|p2a: Roaring Moon|ability: Protosynthesis|[fromitem]\n|-start|p2a: Roaring Moon|protosynthesisatk\n|turn|6\n|\n|t:|1699761469\n|switch|p1a: Flutter Mane|Flutter Mane|100\/100\n|move|p2a: Roaring Moon|Throat Chop|p1a: Flutter Mane\n|-damage|p1a: Flutter Mane|0 fnt\n|faint|p1a: Flutter Mane\n|-end|p1a: Flutter Mane|Protosynthesis|[silent]\n|\n|upkeep\n|\n|t:|1699761475\n|switch|p1a: Flutter Mane|Flutter Mane|100\/100\n|turn|7\n|c|\u2606Janitoor|hard read\n|\n|t:|1699761482\n|move|p2a: Roaring Moon|Throat Chop|p1a: Flutter Mane\n|-damage|p1a: Flutter Mane|0 fnt\n|faint|p1a: Flutter Mane\n|-end|p1a: Flutter Mane|Protosynthesis|[silent]\n|\n|upkeep\n|\n|t:|1699761488\n|switch|p1a: Flutter Mane|Flutter Mane|100\/100\n|turn|8\n|\n|t:|1699761493\n|move|p2a: Roaring Moon|Throat Chop|p1a: Flutter Mane\n|-damage|p1a: Flutter Mane|0 fnt\n|faint|p1a: Flutter Mane\n|-end|p1a: Flutter Mane|Protosynthesis|[silent]\n|\n|upkeep\n|c|\u2606Janitoor|welp ggs wp\n|\n|t:|1699761497\n|switch|p1a: Ursaluna|Ursaluna-Bloodmoon, M|11\/100\n|turn|9\n|\n|t:|1699761501\n|move|p2a: Roaring Moon|Outrage|p1a: Ursaluna\n|-damage|p1a: Ursaluna|0 fnt\n|faint|p1a: Ursaluna\n|\n|win|Janitoor\n|c| Yugi_test|I guess thats what they get for spamming mane\n|c|\u2606Janitoor|none of those shoulda been slower than moon\n|c| Yugi_test|fr\n|c|\u2606Janitoor|ima go back to making random teams\n","uploadtime":1699761526,"views":4,"p1id":"rayth22","p2id":"janitoor","formatid":"gen9anythinggoes","rating":0,"private":0,"password":""}