{"id":"gen9anythinggoes-1993202335","p1":"lumpfren","p2":"FreeedTheDolfin","format":"[Gen 9] Anything Goes","log":"|j|\u2606lumpfren\n|j|\u2606FreeedTheDolfin\n|t:|1700277438\n|gametype|singles\n|player|p1|lumpfren|wattson|\n|player|p2|FreeedTheDolfin|266|\n|teamsize|p1|6\n|teamsize|p2|6\n|gen|9\n|tier|[Gen 9] Anything Goes\n|rule|HP Percentage Mod: HP is shown in percentages\n|rule|Endless Battle Clause: Forcing endless battles is banned\n|clearpoke\n|poke|p1|Veluza, M|\n|poke|p1|Grafaiai, F|\n|poke|p1|Talonflame, M|\n|poke|p1|Goodra-Hisui, M|\n|poke|p1|Hydreigon, F|\n|poke|p1|Spidops, F|\n|poke|p2|Slowking-Galar, F|\n|poke|p2|Slowking, F|\n|poke|p2|Zoroark-Hisui, F|\n|poke|p2|Basculegion, M|\n|poke|p2|Sandslash-Alola, F|\n|poke|p2|Cetitan, F|\n|teampreview\n|j| edicts\n|j| poggerwog\n|j| KINGTONY6\n|c| edicts|run it back .\n|\n|t:|1700277497\n|start\n|switch|p1a: Torrance|Hydreigon, F|100\/100\n|switch|p2a: GOL D ROGER|Slowking-Galar, F|100\/100\n|turn|1\n|\n|t:|1700277512\n|move|p1a: Torrance|Nasty Plot|p1a: Torrance\n|-boost|p1a: Torrance|spa|2\n|move|p2a: GOL D ROGER|Chilly Reception|p2a: GOL D ROGER\n|-weather|Snow\n|\n|t:|1700277527\n|switch|p2a: Slowking|Cetitan, F|100\/100|[from] Chilly Reception\n|\n|-weather|Snow|[upkeep]\n|upkeep\n|turn|2\n|\n|t:|1700277565\n|-terastallize|p2a: Slowking|Fairy\n|move|p2a: Slowking|Play Rough|p1a: Torrance\n|-supereffective|p1a: Torrance\n|-damage|p1a: Torrance|0 fnt\n|faint|p1a: Torrance\n|\n|-weather|Snow|[upkeep]\n|upkeep\n|\n|t:|1700277625\n|switch|p1a: Los Angeles|Goodra-Hisui, M|100\/100\n|turn|3\n|\n|t:|1700277642\n|move|p2a: Slowking|Earthquake|p1a: Los Angeles\n|-supereffective|p1a: Los Angeles\n|-damage|p1a: Los Angeles|43\/100\n|move|p1a: Los Angeles|Flash Cannon|p2a: Slowking\n|-supereffective|p2a: Slowking\n|-damage|p2a: Slowking|10\/100\n|-enditem|p2a: Slowking|Sitrus Berry|[eat]\n|-heal|p2a: Slowking|35\/100|[from] item: Sitrus Berry\n|\n|-weather|Snow|[upkeep]\n|upkeep\n|turn|4\n|\n|t:|1700277663\n|switch|p2a: Slowking|Slowking, F|100\/100\n|switch|p1a: San Luis Obispo|Talonflame, M|100\/100\n|\n|-weather|Snow|[upkeep]\n|upkeep\n|turn|5\n|\n|t:|1700277683\n|switch|p1a: San Bernandino|Veluza, M|100\/100\n|move|p2a: Slowking|Scald|p1a: San Bernandino\n|-resisted|p1a: San Bernandino\n|-damage|p1a: San Bernandino|80\/100\n|\n|-weather|none\n|upkeep\n|turn|6\n|\n|t:|1700277695\n|move|p1a: San Bernandino|Fillet Away|p1a: San Bernandino\n|-boost|p1a: San Bernandino|atk|2\n|-boost|p1a: San Bernandino|spa|2\n|-boost|p1a: San Bernandino|spe|2\n|-damage|p1a: San Bernandino|30\/100\n|-enditem|p1a: San Bernandino|Sitrus Berry|[eat]\n|-heal|p1a: San Bernandino|55\/100|[from] item: Sitrus Berry\n|move|p2a: Slowking|Chilly Reception|p2a: Slowking\n|-weather|Snow\n|\n|t:|1700277713\n|switch|p2a: Slowking|Cetitan, F|100\/100|[from] Chilly Reception\n|\n|-weather|Snow|[upkeep]\n|upkeep\n|-start|p2a: Slowking|typechange|Fairy|[silent]\n|turn|7\n|\n|t:|1700277735\n|move|p1a: San Bernandino|Aqua Cutter|p2a: Slowking\n|-crit|p2a: Slowking\n|-enditem|p2a: Slowking|Focus Sash\n|-damage|p2a: Slowking|1\/100\n|replace|p2a: Slowking|Zoroark-Hisui, F\n|-end|p2a: Slowking|Illusion\n|move|p2a: Slowking|U-turn|p1a: San Bernandino\n|-supereffective|p1a: San Bernandino\n|-damage|p1a: San Bernandino|15\/100\n|\n|t:|1700277748\n|switch|p2a: Slowking|Cetitan, F, tera:Fairy|35\/100|[from] U-turn\n|\n|-weather|Snow|[upkeep]\n|upkeep\n|turn|8\n|\n|t:|1700277765\n|move|p2a: Slowking|Ice Shard|p1a: San Bernandino\n|-resisted|p1a: San Bernandino\n|-damage|p1a: San Bernandino|3\/100\n|move|p1a: San Bernandino|Aqua Cutter|p2a: Slowking\n|-damage|p2a: Slowking|0 fnt\n|faint|p2a: Slowking\n|\n|-weather|Snow|[upkeep]\n|upkeep\n|\n|t:|1700277776\n|switch|p2a: Slowking|Basculegion, M|100\/100\n|turn|9\n|c|\u2606FreeedTheDolfin|i dont have aqua jet\n|c|\u2606FreeedTheDolfin|bruh\n|c| edicts|LOOOL\n|\n|t:|1700277794\n|move|p1a: San Bernandino|Night Slash|p2a: Slowking\n|-supereffective|p2a: Slowking\n|-damage|p2a: Slowking|0 fnt\n|faint|p2a: Slowking\n|\n|-weather|Snow|[upkeep]\n|upkeep\n|c| edicts|ITS ALL CRASHING DOWN\n|j| LuichoX\n|\n|t:|1700277810\n|switch|p2a: Slowking|Slowking, F|100\/100\n|turn|10\n|c| LuichoX|fred read your moves before you send out your pokes :sob:\n|c|\u2606FreeedTheDolfin|oops\n|\n|t:|1700277823\n|-terastallize|p1a: San Bernandino|Dark\n|move|p1a: San Bernandino|Night Slash|p2a: Slowking\n|-supereffective|p2a: Slowking\n|-enditem|p2a: Slowking|Colbur Berry|[eat]\n|-enditem|p2a: Slowking|Colbur Berry|[weaken]\n|-damage|p2a: Slowking|26\/100\n|move|p2a: Slowking|Future Sight|p1a: San Bernandino\n|-start|p2a: Slowking|move: Future Sight\n|\n|-weather|none\n|upkeep\n|turn|11\n|c|\u2606FreeedTheDolfin|I TOHGUHT I HAD AQUA JET\n|\n|t:|1700277833\n|switch|p2a: GOL D ROGER|Slowking-Galar, F|100\/100\n|move|p1a: San Bernandino|Night Slash|p2a: GOL D ROGER\n|-supereffective|p2a: GOL D ROGER\n|-enditem|p2a: GOL D ROGER|Colbur Berry|[eat]\n|-enditem|p2a: GOL D ROGER|Colbur Berry|[weaken]\n|-damage|p2a: GOL D ROGER|16\/100\n|\n|upkeep\n|turn|12\n|c| edicts|THROWING\n|c| edicts|TOSSING\n|\n|t:|1700277849\n|switch|p2a: Slowking|Sandslash-Alola, F|100\/100\n|move|p1a: San Bernandino|Night Slash|p2a: Slowking\n|-damage|p2a: Slowking|1\/100\n|\n|-end|p1a: San Bernandino|move: Future Sight\n|-immune|p1a: San Bernandino\n|upkeep\n|turn|13\n|c| LuichoX|fling\n|c| edicts|50 YARD TOUCHDOWN\n|\n|t:|1700277860\n|move|p1a: San Bernandino|Night Slash|p2a: Slowking\n|-damage|p2a: Slowking|0 fnt\n|faint|p2a: Slowking\n|\n|upkeep\n|\n|t:|1700277866\n|switch|p2a: Slowking|Slowking, F|1\/100\n|turn|14\n|\n|t:|1700277868\n|move|p1a: San Bernandino|Night Slash|p2a: Slowking\n|-supereffective|p2a: Slowking\n|-damage|p2a: Slowking|0 fnt\n|replace|p2a: Slowking|Zoroark-Hisui, F\n|-end|p2a: Slowking|Illusion\n|faint|p2a: Slowking\n|\n|upkeep\n|c| edicts|WE'VE TOSSED THIS GAME!!!!!!!!\n|c| edicts|ITS SO OVER!!!!\n|c|\u2606FreeedTheDolfin|IU TOHUGHT I HAD AZQUA LET!!!!!!!!\n|\n|t:|1700277879\n|switch|p2a: Slowking|Slowking, F|59\/100\n|turn|15\n|\n|t:|1700277884\n|move|p1a: San Bernandino|Night Slash|p2a: Slowking\n|-supereffective|p2a: Slowking\n|-damage|p2a: Slowking|0 fnt\n|faint|p2a: Slowking\n|\n|upkeep\n|\n|t:|1700277888\n|switch|p2a: GOL D ROGER|Slowking-Galar, F|50\/100\n|turn|16\n|\n|t:|1700277891\n|move|p1a: San Bernandino|Night Slash|p2a: GOL D ROGER\n|-supereffective|p2a: GOL D ROGER\n|-crit|p2a: GOL D ROGER\n|-damage|p2a: GOL D ROGER|0 fnt\n|faint|p2a: GOL D ROGER\n|\n|win|lumpfren\n|l|\u2606FreeedTheDolfin\n|c|\u2606lumpfren|veluza the goat\n","uploadtime":1700277903,"views":5,"p1id":"lumpfren","p2id":"freeedthedolfin","formatid":"gen9anythinggoes","rating":0,"private":0,"password":""}