{"id":"gen9anythinggoes-1977831882","p1":"Blade Z Knights","p2":"YoungCoconut19","format":"[Gen 9] Anything Goes","log":"|j|\u2606Blade Z Knights\n|j|\u2606YoungCoconut19\n|t:|1698455046\n|gametype|singles\n|player|p1|Blade Z Knights|giovanni|1191\n|player|p2|YoungCoconut19|2|1215\n|teamsize|p1|6\n|teamsize|p2|6\n|gen|9\n|tier|[Gen 9] Anything Goes\n|rated|\n|rule|HP Percentage Mod: HP is shown in percentages\n|rule|Endless Battle Clause: Forcing endless battles is banned\n|clearpoke\n|poke|p1|Polteageist-Antique|\n|poke|p1|Indeedee-F, F|\n|poke|p1|Torterra, M|\n|poke|p1|Glimmora, M|\n|poke|p1|Iron Valiant|\n|poke|p1|Orthworm, F|\n|poke|p2|Dragapult, F|\n|poke|p2|Infernape, M|\n|poke|p2|Calyrex-Ice|\n|poke|p2|Farigiraf, M|\n|poke|p2|Shaymin-Sky|\n|poke|p2|Tinkaton, F|\n|teampreview\n|inactive|Battle timer is ON: inactive players will automatically lose when time's up. (requested by Blade Z Knights)\n|\n|t:|1698455052\n|start\n|switch|p1a: Glimmora|Glimmora, M|100\/100\n|switch|p2a: Shaymin|Shaymin-Sky|100\/100\n|turn|1\n|\n|t:|1698455064\n|move|p2a: Shaymin|Earth Power|p1a: Glimmora\n|-supereffective|p1a: Glimmora\n|-enditem|p1a: Glimmora|Focus Sash\n|-damage|p1a: Glimmora|1\/100\n|move|p1a: Glimmora|Stealth Rock|p2a: Shaymin\n|-sidestart|p2: YoungCoconut19|move: Stealth Rock\n|\n|upkeep\n|turn|2\n|\n|t:|1698455073\n|move|p2a: Shaymin|Air Slash|p1a: Glimmora\n|-resisted|p1a: Glimmora\n|-damage|p1a: Glimmora|0 fnt\n|faint|p1a: Glimmora\n|\n|upkeep\n|\n|t:|1698455085\n|switch|p1a: Orthworm|Orthworm, F|100\/100\n|turn|3\n|\n|t:|1698455091\n|move|p2a: Shaymin|Earth Power|p1a: Orthworm\n|-immune|p1a: Orthworm|[from] ability: Earth Eater\n|move|p1a: Orthworm|Shed Tail|p1a: Orthworm\n|-start|p1a: Orthworm|Substitute|[from] move: Shed Tail\n|-damage|p1a: Orthworm|50\/100\n|-enditem|p1a: Orthworm|Sitrus Berry|[eat]\n|-heal|p1a: Orthworm|75\/100|[from] item: Sitrus Berry\n|\n|t:|1698455113\n|switch|p1a: Polteageist|Polteageist-Antique|100\/100|[from] Shed Tail\n|\n|upkeep\n|turn|4\n|\n|t:|1698455127\n|move|p2a: Shaymin|Air Slash|p1a: Polteageist\n|-end|p1a: Polteageist|Substitute\n|move|p1a: Polteageist|Shell Smash|p1a: Polteageist\n|-unboost|p1a: Polteageist|def|1\n|-unboost|p1a: Polteageist|spd|1\n|-boost|p1a: Polteageist|atk|2\n|-boost|p1a: Polteageist|spa|2\n|-boost|p1a: Polteageist|spe|2\n|\n|upkeep\n|turn|5\n|\n|t:|1698455136\n|move|p1a: Polteageist|Stored Power|p2a: Shaymin\n|-damage|p2a: Shaymin|0 fnt\n|faint|p2a: Shaymin\n|\n|upkeep\n|\n|t:|1698455139\n|switch|p2a: Dragapult|Dragapult, F, shiny|100\/100\n|-damage|p2a: Dragapult|88\/100|[from] Stealth Rock\n|turn|6\n|\n|t:|1698455145\n|move|p2a: Dragapult|Sucker Punch|p1a: Polteageist\n|-supereffective|p1a: Polteageist\n|-enditem|p1a: Polteageist|Focus Sash\n|-damage|p1a: Polteageist|1\/100\n|-ability|p1a: Polteageist|Weak Armor|boost\n|-unboost|p1a: Polteageist|def|1\n|-boost|p1a: Polteageist|spe|2\n|-damage|p2a: Dragapult|78\/100|[from] item: Life Orb\n|move|p1a: Polteageist|Stored Power|p2a: Dragapult\n|-damage|p2a: Dragapult|0 fnt\n|faint|p2a: Dragapult\n|\n|upkeep\n|\n|t:|1698455161\n|switch|p2a: Infernape|Infernape, M|100\/100\n|-damage|p2a: Infernape|88\/100|[from] Stealth Rock\n|turn|7\n|\n|t:|1698455166\n|move|p1a: Polteageist|Stored Power|p2a: Infernape\n|-supereffective|p2a: Infernape\n|-damage|p2a: Infernape|0 fnt\n|faint|p2a: Infernape\n|\n|upkeep\n|\n|t:|1698455170\n|switch|p2a: Tinkaton|Tinkaton, F|100\/100\n|-damage|p2a: Tinkaton|94\/100|[from] Stealth Rock\n|-ability|p2a: Tinkaton|Mold Breaker\n|turn|8\n|\n|t:|1698455178\n|move|p1a: Polteageist|Stored Power|p2a: Tinkaton\n|-resisted|p2a: Tinkaton\n|-damage|p2a: Tinkaton|35\/100\n|move|p2a: Tinkaton|Foul Play|p1a: Polteageist\n|-supereffective|p1a: Polteageist\n|-damage|p1a: Polteageist|0 fnt\n|faint|p1a: Polteageist\n|\n|upkeep\n|\n|t:|1698455187\n|switch|p1a: Orthworm|Orthworm, F|75\/100\n|turn|9\n|\n|t:|1698455201\n|move|p2a: Tinkaton|Stone Edge|p1a: Orthworm\n|-resisted|p1a: Orthworm\n|-damage|p1a: Orthworm|68\/100\n|move|p1a: Orthworm|Shed Tail|p1a: Orthworm\n|-start|p1a: Orthworm|Substitute|[from] move: Shed Tail\n|-damage|p1a: Orthworm|18\/100\n|\n|t:|1698455208\n|switch|p1a: Torterra|Torterra, M, shiny|100\/100|[from] Shed Tail\n|\n|upkeep\n|turn|10\n|\n|t:|1698455213\n|move|p2a: Tinkaton|Foul Play|p1a: Torterra\n|-end|p1a: Torterra|Substitute\n|move|p1a: Torterra|Shell Smash|p1a: Torterra\n|-unboost|p1a: Torterra|def|1\n|-unboost|p1a: Torterra|spd|1\n|-boost|p1a: Torterra|atk|2\n|-boost|p1a: Torterra|spa|2\n|-boost|p1a: Torterra|spe|2\n|-enditem|p1a: Torterra|White Herb\n|-clearnegativeboost|p1a: Torterra|[silent]\n|\n|upkeep\n|turn|11\n|\n|t:|1698455226\n|move|p1a: Torterra|Headlong Rush|p2a: Tinkaton\n|-supereffective|p2a: Tinkaton\n|-damage|p2a: Tinkaton|0 fnt\n|-unboost|p1a: Torterra|def|1\n|-unboost|p1a: Torterra|spd|1\n|faint|p2a: Tinkaton\n|\n|upkeep\n|\n|t:|1698455228\n|switch|p2a: Farigiraf|Farigiraf, M|100\/100\n|-damage|p2a: Farigiraf|88\/100|[from] Stealth Rock\n|turn|12\n|\n|t:|1698455238\n|-terastallize|p1a: Torterra|Steel\n|move|p1a: Torterra|Headlong Rush|p2a: Farigiraf\n|-damage|p2a: Farigiraf|0 fnt\n|-unboost|p1a: Torterra|def|1\n|-unboost|p1a: Torterra|spd|1\n|faint|p2a: Farigiraf\n|\n|upkeep\n|\n|t:|1698455241\n|switch|p2a: Calyrex|Calyrex-Ice|100\/100\n|-ability|p2a: Calyrex|As One\n|-ability|p2a: Calyrex|Unnerve\n|-damage|p2a: Calyrex|76\/100|[from] Stealth Rock\n|turn|13\n|\n|t:|1698455254\n|-terastallize|p2a: Calyrex|Psychic\n|move|p1a: Torterra|Iron Head|p2a: Calyrex\n|-damage|p2a: Calyrex|30\/100\n|cant|p2a: Calyrex|flinch\n|\n|upkeep\n|turn|14\n|\n|t:|1698455272\n|move|p1a: Torterra|Headlong Rush|p2a: Calyrex\n|-damage|p2a: Calyrex|0 fnt\n|-unboost|p1a: Torterra|def|1\n|-unboost|p1a: Torterra|spd|1\n|faint|p2a: Calyrex\n|\n|win|Blade Z Knights\n|raw|Blade Z Knights's rating: 1191 &rarr; <strong>1218<\/strong><br \/>(+27 for winning)\n|raw|YoungCoconut19's rating: 1215 &rarr; <strong>1188<\/strong><br \/>(-27 for losing)\n|c|\u2606Blade Z Knights|Gg\n|l|\u2606YoungCoconut19\n","uploadtime":1698455293,"views":3,"p1id":"bladezknights","p2id":"youngcoconut19","formatid":"gen9anythinggoes","rating":1188,"private":0,"password":""}