{"id":"gen9anythinggoes-1977993913","p1":"Hesley Gaming","p2":"xiaoqing three","format":"[Gen 9] Anything Goes","log":"|j|\u2606Hesley Gaming\n|j|\u2606xiaoqing three\n|t:|1698480476\n|gametype|singles\n|player|p1|Hesley Gaming|red|1579\n|player|p2|xiaoqing three|102|1470\n|teamsize|p1|6\n|teamsize|p2|6\n|gen|9\n|tier|[Gen 9] Anything Goes\n|rated|\n|rule|HP Percentage Mod: HP is shown in percentages\n|rule|Endless Battle Clause: Forcing endless battles is banned\n|clearpoke\n|poke|p1|Palafin, M|\n|poke|p1|Chien-Pao|\n|poke|p1|Regieleki|\n|poke|p1|Koraidon|\n|poke|p1|Flutter Mane|\n|poke|p1|Landorus-Therian, M|\n|poke|p2|Ditto|\n|poke|p2|Calyrex-Shadow|\n|poke|p2|Toxapex, F|\n|poke|p2|Ting-Lu|\n|poke|p2|Eternatus|\n|poke|p2|Arceus|\n|teampreview\n|inactive|Battle timer is ON: inactive players will automatically lose when time's up. (requested by Hesley Gaming)\n|\n|t:|1698480488\n|start\n|switch|p1a: Palafin|Palafin, M, shiny|100\/100\n|switch|p2a: \u4e07\u80fd\u9996\u53d1|Ting-Lu|100\/100\n|-ability|p2a: \u4e07\u80fd\u9996\u53d1|Vessel of Ruin\n|turn|1\n|\n|t:|1698480493\n|detailschange|p1a: Palafin|Palafin-Hero, M, shiny\n|switch|p1a: Landorus|Landorus-Therian, M, shiny|100\/100\n|-ability|p1a: Landorus|Intimidate|boost\n|-unboost|p2a: \u4e07\u80fd\u9996\u53d1|atk|1\n|move|p2a: \u4e07\u80fd\u9996\u53d1|Stealth Rock|p1a: Landorus\n|-sidestart|p1: Hesley Gaming|move: Stealth Rock\n|\n|upkeep\n|turn|2\n|\n|t:|1698480499\n|move|p1a: Landorus|Stealth Rock|p2a: \u4e07\u80fd\u9996\u53d1\n|-sidestart|p2: xiaoqing three|move: Stealth Rock\n|move|p2a: \u4e07\u80fd\u9996\u53d1|Spikes|p1a: Landorus\n|-sidestart|p1: Hesley Gaming|Spikes\n|\n|upkeep\n|turn|3\n|\n|t:|1698480503\n|move|p1a: Landorus|Earthquake|p2a: \u4e07\u80fd\u9996\u53d1\n|-damage|p2a: \u4e07\u80fd\u9996\u53d1|74\/100\n|move|p2a: \u4e07\u80fd\u9996\u53d1|Spikes|p1a: Landorus\n|-sidestart|p1: Hesley Gaming|Spikes\n|\n|-heal|p2a: \u4e07\u80fd\u9996\u53d1|80\/100|[from] item: Leftovers\n|upkeep\n|turn|4\n|\n|t:|1698480506\n|move|p1a: Landorus|Swords Dance|p1a: Landorus\n|-boost|p1a: Landorus|atk|2\n|move|p2a: \u4e07\u80fd\u9996\u53d1|Spikes|p1a: Landorus\n|-sidestart|p1: Hesley Gaming|Spikes\n|\n|-heal|p2a: \u4e07\u80fd\u9996\u53d1|87\/100|[from] item: Leftovers\n|upkeep\n|turn|5\n|\n|t:|1698480509\n|move|p1a: Landorus|Earthquake|p2a: \u4e07\u80fd\u9996\u53d1\n|-damage|p2a: \u4e07\u80fd\u9996\u53d1|37\/100\n|move|p2a: \u4e07\u80fd\u9996\u53d1|Whirlwind|p1a: Landorus\n|drag|p1a: Regieleki|Regieleki, shiny|100\/100\n|-damage|p1a: Regieleki|88\/100|[from] Stealth Rock\n|-damage|p1a: Regieleki|63\/100|[from] Spikes\n|\n|-heal|p2a: \u4e07\u80fd\u9996\u53d1|43\/100|[from] item: Leftovers\n|upkeep\n|turn|6\n|\n|t:|1698480518\n|move|p1a: Regieleki|Rapid Spin|p2a: \u4e07\u80fd\u9996\u53d1\n|-crit|p2a: \u4e07\u80fd\u9996\u53d1\n|-damage|p2a: \u4e07\u80fd\u9996\u53d1|37\/100\n|-boost|p1a: Regieleki|spe|1\n|-sideend|p1: Hesley Gaming|Spikes|[from] move: Rapid Spin|[of] p1a: Regieleki\n|-sideend|p1: Hesley Gaming|Stealth Rock|[from] move: Rapid Spin|[of] p1a: Regieleki\n|move|p2a: \u4e07\u80fd\u9996\u53d1|Whirlwind|p1a: Regieleki\n|drag|p1a: Landorus|Landorus-Therian, M, shiny|100\/100\n|-ability|p1a: Landorus|Intimidate|boost\n|-unboost|p2a: \u4e07\u80fd\u9996\u53d1|atk|1\n|\n|-heal|p2a: \u4e07\u80fd\u9996\u53d1|43\/100|[from] item: Leftovers\n|upkeep\n|turn|7\n|\n|t:|1698480522\n|move|p1a: Landorus|Earthquake|p2a: \u4e07\u80fd\u9996\u53d1\n|-damage|p2a: \u4e07\u80fd\u9996\u53d1|15\/100\n|move|p2a: \u4e07\u80fd\u9996\u53d1|Stealth Rock|p1a: Landorus\n|-sidestart|p1: Hesley Gaming|move: Stealth Rock\n|\n|-heal|p2a: \u4e07\u80fd\u9996\u53d1|22\/100|[from] item: Leftovers\n|upkeep\n|turn|8\n|\n|t:|1698480526\n|move|p1a: Landorus|Earthquake|p2a: \u4e07\u80fd\u9996\u53d1\n|-damage|p2a: \u4e07\u80fd\u9996\u53d1|0 fnt\n|faint|p2a: \u4e07\u80fd\u9996\u53d1\n|\n|upkeep\n|\n|t:|1698480537\n|switch|p2a: \u7f8a\u9a7c|Arceus, shiny|100\/100\n|-damage|p2a: \u7f8a\u9a7c|88\/100|[from] Stealth Rock\n|turn|9\n|\n|t:|1698480543\n|switch|p1a: Regieleki|Regieleki, shiny|63\/100\n|-damage|p1a: Regieleki|51\/100|[from] Stealth Rock\n|move|p2a: \u7f8a\u9a7c|Will-O-Wisp|p1a: Regieleki|[miss]\n|-miss|p2a: \u7f8a\u9a7c|p1a: Regieleki\n|\n|-heal|p2a: \u7f8a\u9a7c|94\/100|[from] item: Leftovers\n|upkeep\n|turn|10\n|\n|t:|1698480552\n|move|p2a: \u7f8a\u9a7c|Extreme Speed|p1a: Regieleki\n|-damage|p1a: Regieleki|0 fnt\n|faint|p1a: Regieleki\n|\n|-heal|p2a: \u7f8a\u9a7c|99\/100|[from] item: Leftovers\n|upkeep\n|\n|t:|1698480555\n|switch|p1a: Landorus|Landorus-Therian, M, shiny|100\/100\n|-damage|p1a: Landorus|88\/100|[from] Stealth Rock\n|-ability|p1a: Landorus|Intimidate|boost\n|-unboost|p2a: \u7f8a\u9a7c|atk|1\n|turn|11\n|\n|t:|1698480561\n|move|p2a: \u7f8a\u9a7c|Will-O-Wisp|p1a: Landorus\n|-status|p1a: Landorus|brn\n|move|p1a: Landorus|Swords Dance|p1a: Landorus\n|-boost|p1a: Landorus|atk|2\n|\n|-heal|p2a: \u7f8a\u9a7c|100\/100|[from] item: Leftovers\n|-damage|p1a: Landorus|82\/100 brn|[from] brn\n|upkeep\n|turn|12\n|\n|t:|1698480567\n|move|p2a: \u7f8a\u9a7c|Swords Dance|p2a: \u7f8a\u9a7c\n|-boost|p2a: \u7f8a\u9a7c|atk|2\n|move|p1a: Landorus|Earthquake|p2a: \u7f8a\u9a7c\n|-damage|p2a: \u7f8a\u9a7c|58\/100\n|\n|-heal|p2a: \u7f8a\u9a7c|64\/100|[from] item: Leftovers\n|-damage|p1a: Landorus|76\/100 brn|[from] brn\n|upkeep\n|turn|13\n|\n|t:|1698480572\n|move|p2a: \u7f8a\u9a7c|Swords Dance|p2a: \u7f8a\u9a7c\n|-boost|p2a: \u7f8a\u9a7c|atk|2\n|move|p1a: Landorus|Swords Dance|p1a: Landorus\n|-boost|p1a: Landorus|atk|2\n|\n|-heal|p2a: \u7f8a\u9a7c|70\/100|[from] item: Leftovers\n|-damage|p1a: Landorus|70\/100 brn|[from] brn\n|upkeep\n|turn|14\n|\n|t:|1698480583\n|move|p2a: \u7f8a\u9a7c|Extreme Speed|p1a: Landorus\n|-damage|p1a: Landorus|0 fnt\n|-damage|p2a: \u7f8a\u9a7c|54\/100|[from] item: Rocky Helmet|[of] p1a: Landorus\n|faint|p1a: Landorus\n|\n|-heal|p2a: \u7f8a\u9a7c|60\/100|[from] item: Leftovers\n|upkeep\n|\n|t:|1698480589\n|switch|p1a: Palafin|Palafin-Hero, M, shiny|100\/100\n|-damage|p1a: Palafin|88\/100|[from] Stealth Rock\n|-activate|p1a: Palafin|ability: Zero to Hero\n|turn|15\n|\n|t:|1698480600\n|switch|p1a: Flutter Mane|Flutter Mane, shiny|100\/100\n|-damage|p1a: Flutter Mane|88\/100|[from] Stealth Rock\n|-terastallize|p2a: \u7f8a\u9a7c|Normal\n|move|p2a: \u7f8a\u9a7c|Extreme Speed|p1a: Flutter Mane\n|-immune|p1a: Flutter Mane\n|\n|-heal|p2a: \u7f8a\u9a7c|66\/100|[from] item: Leftovers\n|upkeep\n|turn|16\n|\n|t:|1698480608\n|move|p1a: Flutter Mane|Moonblast|p2a: \u7f8a\u9a7c\n|-damage|p2a: \u7f8a\u9a7c|32\/100\n|-unboost|p2a: \u7f8a\u9a7c|spa|1\n|move|p2a: \u7f8a\u9a7c|Shadow Claw|p1a: Flutter Mane\n|-supereffective|p1a: Flutter Mane\n|-crit|p1a: Flutter Mane\n|-damage|p1a: Flutter Mane|0 fnt\n|faint|p1a: Flutter Mane\n|-end|p1a: Flutter Mane|Protosynthesis|[silent]\n|\n|-heal|p2a: \u7f8a\u9a7c|38\/100|[from] item: Leftovers\n|upkeep\n|\n|t:|1698480619\n|switch|p1a: Koraidon|Koraidon|100\/100\n|-damage|p1a: Koraidon|94\/100|[from] Stealth Rock\n|-weather|SunnyDay|[from] ability: Orichalcum Pulse|[of] p1a: Koraidon\n|-activate|p1a: Koraidon|Orichalcum Pulse|[source]\n|turn|17\n|\n|t:|1698480621\n|-terastallize|p1a: Koraidon|Steel\n|move|p2a: \u7f8a\u9a7c|Extreme Speed|p1a: Koraidon\n|-resisted|p1a: Koraidon\n|-damage|p1a: Koraidon|28\/100\n|move|p1a: Koraidon|Collision Course|p2a: \u7f8a\u9a7c\n|-supereffective|p2a: \u7f8a\u9a7c\n|-damage|p2a: \u7f8a\u9a7c|0 fnt\n|faint|p2a: \u7f8a\u9a7c\n|\n|-weather|SunnyDay|[upkeep]\n|upkeep\n|\n|t:|1698480629\n|switch|p2a: \u9ed1\u9a6c\u738b|Calyrex-Shadow|100\/100\n|-ability|p2a: \u9ed1\u9a6c\u738b|As One\n|-ability|p2a: \u9ed1\u9a6c\u738b|Unnerve\n|-damage|p2a: \u9ed1\u9a6c\u738b|88\/100|[from] Stealth Rock\n|turn|18\n|\n|t:|1698480632\n|move|p2a: \u9ed1\u9a6c\u738b|Astral Barrage|p1a: Koraidon\n|-damage|p1a: Koraidon|0 fnt\n|faint|p1a: Koraidon\n|-ability|p2a: \u9ed1\u9a6c\u738b|Grim Neigh|boost\n|-boost|p2a: \u9ed1\u9a6c\u738b|spa|1\n|\n|-weather|SunnyDay|[upkeep]\n|upkeep\n|\n|t:|1698480635\n|switch|p1a: Chien-Pao|Chien-Pao|100\/100\n|-damage|p1a: Chien-Pao|76\/100|[from] Stealth Rock\n|-ability|p1a: Chien-Pao|Sword of Ruin\n|turn|19\n|\n|t:|1698480639\n|switch|p2a: \u574f\u574f|Toxapex, F|100\/100\n|-damage|p2a: \u574f\u574f|88\/100|[from] Stealth Rock\n|move|p1a: Chien-Pao|Sucker Punch||[still]\n|-fail|p1a: Chien-Pao\n|\n|-weather|SunnyDay|[upkeep]\n|upkeep\n|turn|20\n|\n|t:|1698480644\n|move|p1a: Chien-Pao|Crunch|p2a: \u574f\u574f\n|-damage|p2a: \u574f\u574f|54\/100\n|-unboost|p2a: \u574f\u574f|def|1\n|-damage|p1a: Chien-Pao|59\/100|[from] item: Rocky Helmet|[of] p2a: \u574f\u574f\n|move|p2a: \u574f\u574f|Toxic|p1a: Chien-Pao\n|-status|p1a: Chien-Pao|tox\n|\n|-weather|SunnyDay|[upkeep]\n|-damage|p1a: Chien-Pao|53\/100 tox|[from] psn\n|upkeep\n|turn|21\n|\n|t:|1698480653\n|switch|p2a: \u6ca1\u6709\u64cd\u4f5c\uff0c\u5168\u662f\u5f3a\u5ea6|Eternatus|100\/100\n|-ability|p2a: \u6ca1\u6709\u64cd\u4f5c\uff0c\u5168\u662f\u5f3a\u5ea6|Pressure\n|move|p1a: Chien-Pao|Crunch|p2a: \u6ca1\u6709\u64cd\u4f5c\uff0c\u5168\u662f\u5f3a\u5ea6\n|-damage|p2a: \u6ca1\u6709\u64cd\u4f5c\uff0c\u5168\u662f\u5f3a\u5ea6|61\/100\n|\n|-weather|none\n|-damage|p1a: Chien-Pao|41\/100 tox|[from] psn\n|upkeep\n|turn|22\n|\n|t:|1698480660\n|move|p1a: Chien-Pao|Ice Spinner|p2a: \u6ca1\u6709\u64cd\u4f5c\uff0c\u5168\u662f\u5f3a\u5ea6\n|-supereffective|p2a: \u6ca1\u6709\u64cd\u4f5c\uff0c\u5168\u662f\u5f3a\u5ea6\n|-damage|p2a: \u6ca1\u6709\u64cd\u4f5c\uff0c\u5168\u662f\u5f3a\u5ea6|0 fnt\n|faint|p2a: \u6ca1\u6709\u64cd\u4f5c\uff0c\u5168\u662f\u5f3a\u5ea6\n|\n|-damage|p1a: Chien-Pao|23\/100 tox|[from] psn\n|upkeep\n|\n|t:|1698480667\n|switch|p2a: \u574f\u574f|Toxapex, F|88\/100\n|-damage|p2a: \u574f\u574f|75\/100|[from] Stealth Rock\n|turn|23\n|\n|t:|1698480670\n|move|p1a: Chien-Pao|Crunch|p2a: \u574f\u574f\n|-damage|p2a: \u574f\u574f|44\/100\n|-damage|p1a: Chien-Pao|7\/100 tox|[from] item: Rocky Helmet|[of] p2a: \u574f\u574f\n|move|p2a: \u574f\u574f|Recover|p2a: \u574f\u574f\n|-heal|p2a: \u574f\u574f|95\/100\n|\n|-damage|p1a: Chien-Pao|0 fnt|[from] psn\n|faint|p1a: Chien-Pao\n|upkeep\n|\n|t:|1698480672\n|switch|p1a: Palafin|Palafin-Hero, M, shiny|88\/100\n|-damage|p1a: Palafin|76\/100|[from] Stealth Rock\n|turn|24\n|j| jasonpokemon123\n|\n|t:|1698480675\n|move|p1a: Palafin|Jet Punch|p2a: \u574f\u574f\n|-resisted|p2a: \u574f\u574f\n|-damage|p2a: \u574f\u574f|76\/100\n|-damage|p1a: Palafin|59\/100|[from] item: Rocky Helmet|[of] p2a: \u574f\u574f\n|move|p2a: \u574f\u574f|Toxic|p1a: Palafin\n|-status|p1a: Palafin|tox\n|\n|-damage|p1a: Palafin|53\/100 tox|[from] psn\n|upkeep\n|turn|25\n|-message|Hesley Gaming forfeited.\n|\n|win|xiaoqing three\n|raw|Hesley Gaming's rating: 1579 &rarr; <strong>1553<\/strong><br \/>(-26 for losing)\n|raw|xiaoqing three's rating: 1470 &rarr; <strong>1496<\/strong><br \/>(+26 for winning)\n|l|\u2606Hesley Gaming\n|l|\u2606xiaoqing three\n","uploadtime":1698480702,"views":7,"p1id":"hesleygaming","p2id":"xiaoqingthree","formatid":"gen9anythinggoes","rating":1496,"private":0,"password":""}