{"id":"gen9anythinggoes-1998198041","p1":"sumitvs138","p2":"hoenn militian","format":"[Gen 9] Anything Goes","log":"|j|\u2606sumitvs138\n|j|\u2606hoenn militian\n|t:|1700910989\n|gametype|singles\n|player|p1|sumitvs138|youngcouple-gen4dp|1614\n|player|p2|hoenn militian|169|1771\n|teamsize|p1|6\n|teamsize|p2|6\n|gen|9\n|tier|[Gen 9] Anything Goes\n|rated|\n|rule|HP Percentage Mod: HP is shown in percentages\n|rule|Endless Battle Clause: Forcing endless battles is banned\n|clearpoke\n|poke|p1|Glimmora, M|\n|poke|p1|Calyrex-Shadow|\n|poke|p1|Iron Leaves|\n|poke|p1|Basculegion, M|\n|poke|p1|Arceus|\n|poke|p1|Miraidon|\n|poke|p2|Miraidon|\n|poke|p2|Grimmsnarl, M|\n|poke|p2|Skeledirge, F|\n|poke|p2|Moltres|\n|poke|p2|Blissey, F|\n|poke|p2|Calyrex-Ice|\n|teampreview\n|\n|t:|1700911007\n|start\n|switch|p1a: Miraidon|Miraidon|100\/100\n|switch|p2a: Miraidon|Miraidon|100\/100\n|-fieldstart|move: Electric Terrain|[from] ability: Hadron Engine|[of] p1a: Miraidon\n|-activate|p2a: Miraidon|ability: Hadron Engine\n|turn|1\n|\n|t:|1700911017\n|move|p2a: Miraidon|Protect|p2a: Miraidon\n|-singleturn|p2a: Miraidon|Protect\n|move|p1a: Miraidon|Volt Switch|p2a: Miraidon\n|-activate|p2a: Miraidon|move: Protect\n|\n|upkeep\n|turn|2\n|\n|t:|1700911025\n|move|p1a: Miraidon|Volt Switch|p2a: Miraidon\n|-resisted|p2a: Miraidon\n|-damage|p2a: Miraidon|87\/100\n|\n|t:|1700911029\n|switch|p1a: Arceus|Arceus|100\/100|[from] Volt Switch\n|move|p2a: Miraidon|Dragon Pulse|p1a: Arceus\n|-damage|p1a: Arceus|58\/100\n|\n|upkeep\n|turn|3\n|\n|t:|1700911038\n|switch|p2a: Moltres|Moltres|100\/100\n|move|p1a: Arceus|Extreme Speed|p2a: Moltres\n|-damage|p2a: Moltres|65\/100\n|-status|p1a: Arceus|brn|[from] ability: Flame Body|[of] p2a: Moltres\n|\n|-damage|p1a: Arceus|52\/100 brn|[from] brn\n|upkeep\n|turn|4\n|\n|t:|1700911051\n|switch|p1a: Glimmora|Glimmora, M|100\/100\n|move|p2a: Moltres|U-turn|p1a: Glimmora\n|-resisted|p1a: Glimmora\n|-damage|p1a: Glimmora|93\/100\n|\n|t:|1700911058\n|switch|p2a: Miraidon|Miraidon|87\/100|[from] U-turn\n|-activate|p2a: Miraidon|ability: Hadron Engine\n|\n|upkeep\n|turn|5\n|\n|t:|1700911066\n|move|p2a: Miraidon|Electro Drift|p1a: Glimmora\n|-damage|p1a: Glimmora|10\/100\n|move|p1a: Glimmora|Toxic Spikes|p2a: Miraidon\n|-sidestart|p2: hoenn militian|move: Toxic Spikes\n|\n|-fieldend|move: Electric Terrain\n|upkeep\n|turn|6\n|\n|t:|1700911076\n|move|p2a: Miraidon|Dragon Pulse|p1a: Glimmora\n|-damage|p1a: Glimmora|0 fnt\n|faint|p1a: Glimmora\n|\n|upkeep\n|\n|t:|1700911087\n|switch|p1a: Calyrex|Calyrex-Shadow|100\/100\n|-ability|p1a: Calyrex|As One\n|-ability|p1a: Calyrex|Unnerve\n|turn|7\n|\n|t:|1700911095\n|switch|p2a: Grimmsnarl|Grimmsnarl, M|100\/100\n|move|p1a: Calyrex|Psyshock|p2a: Grimmsnarl\n|-immune|p2a: Grimmsnarl\n|\n|upkeep\n|turn|8\n|\n|t:|1700911102\n|switch|p1a: Arceus|Arceus|52\/100 brn\n|move|p2a: Grimmsnarl|Spirit Break|p1a: Arceus\n|-damage|p1a: Arceus|30\/100 brn\n|-unboost|p1a: Arceus|spa|1\n|\n|-damage|p1a: Arceus|24\/100 brn|[from] brn\n|upkeep\n|turn|9\n|\n|t:|1700911111\n|switch|p2a: Moltres|Moltres|65\/100\n|move|p1a: Arceus|Extreme Speed|p2a: Moltres\n|-damage|p2a: Moltres|50\/100\n|\n|-damage|p1a: Arceus|18\/100 brn|[from] brn\n|upkeep\n|turn|10\n|\n|t:|1700911120\n|move|p1a: Arceus|Extreme Speed|p2a: Moltres\n|-damage|p2a: Moltres|34\/100\n|move|p2a: Moltres|Roost|p2a: Moltres\n|-heal|p2a: Moltres|84\/100\n|-singleturn|p2a: Moltres|move: Roost\n|\n|-damage|p1a: Arceus|11\/100 brn|[from] brn\n|upkeep\n|turn|11\n|\n|t:|1700911130\n|move|p1a: Arceus|Extreme Speed|p2a: Moltres\n|-damage|p2a: Moltres|67\/100\n|move|p2a: Moltres|U-turn|p1a: Arceus\n|-damage|p1a: Arceus|1\/100 brn\n|\n|t:|1700911137\n|switch|p2a: Grimmsnarl|Grimmsnarl, M|100\/100|[from] U-turn\n|\n|-damage|p1a: Arceus|0 fnt|[from] brn\n|faint|p1a: Arceus\n|upkeep\n|\n|t:|1700911147\n|switch|p1a: Miraidon|Miraidon|100\/100\n|-fieldstart|move: Electric Terrain|[from] ability: Hadron Engine|[of] p1a: Miraidon\n|turn|12\n|\n|t:|1700911153\n|-terastallize|p1a: Miraidon|Electric\n|move|p2a: Grimmsnarl|Parting Shot|p1a: Miraidon\n|-unboost|p1a: Miraidon|atk|1\n|-unboost|p1a: Miraidon|spa|1\n|\n|t:|1700911159\n|switch|p2a: Blissey|Blissey, F|100\/100|[from] Parting Shot\n|move|p1a: Miraidon|Electro Drift|p2a: Blissey\n|-damage|p2a: Blissey|75\/100\n|\n|upkeep\n|turn|13\n|\n|t:|1700911171\n|switch|p1a: Iron Leaves|Iron Leaves|100\/100\n|-activate|p1a: Iron Leaves|ability: Quark Drive\n|-start|p1a: Iron Leaves|quarkdriveatk\n|move|p2a: Blissey|Stealth Rock|p1a: Iron Leaves\n|-sidestart|p1: sumitvs138|move: Stealth Rock\n|\n|upkeep\n|turn|14\n|\n|t:|1700911182\n|switch|p2a: Skeledirge|Skeledirge, F|100\/100\n|move|p1a: Iron Leaves|Psyblade|p2a: Skeledirge\n|-damage|p2a: Skeledirge|48\/100\n|\n|upkeep\n|turn|15\n|\n|t:|1700911190\n|switch|p2a: Grimmsnarl|Grimmsnarl, M|100\/100\n|move|p1a: Iron Leaves|Psyblade|p2a: Grimmsnarl\n|-immune|p2a: Grimmsnarl\n|\n|upkeep\n|turn|16\n|\n|t:|1700911200\n|-end|p1a: Iron Leaves|Quark Drive|[silent]\n|switch|p1a: Basculegion|Basculegion, M|100\/100\n|-damage|p1a: Basculegion|88\/100|[from] Stealth Rock\n|move|p2a: Grimmsnarl|Parting Shot|p1a: Basculegion\n|-unboost|p1a: Basculegion|atk|1\n|-unboost|p1a: Basculegion|spa|1\n|\n|t:|1700911207\n|switch|p2a: Moltres|Moltres|67\/100|[from] Parting Shot\n|\n|-fieldend|move: Electric Terrain\n|upkeep\n|turn|17\n|\n|t:|1700911218\n|switch|p2a: Miraidon|Miraidon|87\/100\n|-fieldstart|move: Electric Terrain|[from] ability: Hadron Engine|[of] p2a: Miraidon\n|move|p1a: Basculegion|Flip Turn|p2a: Miraidon\n|-resisted|p2a: Miraidon\n|-damage|p2a: Miraidon|75\/100\n|\n|t:|1700911229\n|switch|p1a: Iron Leaves|Iron Leaves|100\/100|[from] Flip Turn\n|-damage|p1a: Iron Leaves|88\/100|[from] Stealth Rock\n|-activate|p1a: Iron Leaves|ability: Quark Drive\n|-start|p1a: Iron Leaves|quarkdriveatk\n|\n|upkeep\n|turn|18\n|\n|t:|1700911243\n|move|p2a: Miraidon|Protect|p2a: Miraidon\n|-singleturn|p2a: Miraidon|Protect\n|move|p1a: Iron Leaves|Leaf Blade|p2a: Miraidon\n|-activate|p2a: Miraidon|move: Protect\n|\n|upkeep\n|turn|19\n|\n|t:|1700911250\n|switch|p2a: Moltres|Moltres|67\/100\n|move|p1a: Iron Leaves|Leaf Blade|p2a: Moltres\n|-resisted|p2a: Moltres\n|-damage|p2a: Moltres|54\/100\n|-status|p1a: Iron Leaves|brn|[from] ability: Flame Body|[of] p2a: Moltres\n|\n|-damage|p1a: Iron Leaves|82\/100 brn|[from] brn\n|upkeep\n|turn|20\n|\n|t:|1700911262\n|move|p1a: Iron Leaves|Leaf Blade|p2a: Moltres\n|-resisted|p2a: Moltres\n|-damage|p2a: Moltres|49\/100\n|move|p2a: Moltres|U-turn|p1a: Iron Leaves\n|-supereffective|p1a: Iron Leaves\n|-damage|p1a: Iron Leaves|14\/100 brn\n|\n|t:|1700911268\n|switch|p2a: Grimmsnarl|Grimmsnarl, M|100\/100|[from] U-turn\n|\n|-damage|p1a: Iron Leaves|7\/100 brn|[from] brn\n|upkeep\n|turn|21\n|\n|t:|1700911275\n|move|p2a: Grimmsnarl|Parting Shot|p1a: Iron Leaves\n|-unboost|p1a: Iron Leaves|atk|1\n|-unboost|p1a: Iron Leaves|spa|1\n|\n|t:|1700911278\n|switch|p2a: Moltres|Moltres|49\/100|[from] Parting Shot\n|move|p1a: Iron Leaves|Leaf Blade|p2a: Moltres\n|-resisted|p2a: Moltres\n|-damage|p2a: Moltres|46\/100\n|\n|-damage|p1a: Iron Leaves|1\/100 brn|[from] brn\n|-fieldend|move: Electric Terrain\n|-end|p1a: Iron Leaves|Quark Drive\n|upkeep\n|turn|22\n|\n|t:|1700911289\n|move|p1a: Iron Leaves|Leaf Blade|p2a: Moltres\n|-resisted|p2a: Moltres\n|-crit|p2a: Moltres\n|-damage|p2a: Moltres|40\/100\n|move|p2a: Moltres|Roost|p2a: Moltres\n|-heal|p2a: Moltres|90\/100\n|-singleturn|p2a: Moltres|move: Roost\n|\n|-damage|p1a: Iron Leaves|0 fnt|[from] brn\n|faint|p1a: Iron Leaves\n|-end|p1a: Iron Leaves|Quark Drive|[silent]\n|upkeep\n|\n|t:|1700911305\n|switch|p1a: Miraidon|Miraidon, tera:Electric|100\/100\n|-damage|p1a: Miraidon|88\/100|[from] Stealth Rock\n|-fieldstart|move: Electric Terrain|[from] ability: Hadron Engine|[of] p1a: Miraidon\n|turn|23\n|\n|t:|1700911314\n|switch|p2a: Skeledirge|Skeledirge, F|48\/100\n|move|p1a: Miraidon|Volt Switch|p2a: Skeledirge\n|-crit|p2a: Skeledirge\n|-damage|p2a: Skeledirge|0 fnt\n|faint|p2a: Skeledirge\n|\n|t:|1700911323\n|switch|p1a: Basculegion|Basculegion, M|88\/100|[from] Volt Switch\n|-damage|p1a: Basculegion|76\/100|[from] Stealth Rock\n|\n|upkeep\n|\n|t:|1700911330\n|switch|p2a: Miraidon|Miraidon|75\/100\n|-activate|p2a: Miraidon|ability: Hadron Engine\n|turn|24\n|j| ttv-err0r-yt\n|\n|t:|1700911335\n|move|p2a: Miraidon|Protect|p2a: Miraidon\n|-singleturn|p2a: Miraidon|Protect\n|move|p1a: Basculegion|Last Respects|p2a: Miraidon\n|-activate|p2a: Miraidon|move: Protect\n|\n|upkeep\n|turn|25\n|\n|t:|1700911342\n|switch|p2a: Blissey|Blissey, F|75\/100\n|move|p1a: Basculegion|Last Respects|p2a: Blissey\n|-immune|p2a: Blissey\n|\n|upkeep\n|turn|26\n|\n|t:|1700911351\n|switch|p1a: Calyrex|Calyrex-Shadow|100\/100\n|-ability|p1a: Calyrex|As One\n|-ability|p1a: Calyrex|Unnerve\n|-damage|p1a: Calyrex|88\/100|[from] Stealth Rock\n|move|p2a: Blissey|Seismic Toss|p1a: Calyrex\n|-immune|p1a: Calyrex\n|\n|upkeep\n|turn|27\n|\n|t:|1700911363\n|switch|p1a: Basculegion|Basculegion, M|76\/100\n|-damage|p1a: Basculegion|64\/100|[from] Stealth Rock\n|switch|p2a: Grimmsnarl|Grimmsnarl, M|100\/100\n|\n|-fieldend|move: Electric Terrain\n|upkeep\n|turn|28\n|\n|t:|1700911374\n|move|p2a: Grimmsnarl|Parting Shot|p1a: Basculegion\n|-unboost|p1a: Basculegion|atk|1\n|-unboost|p1a: Basculegion|spa|1\n|\n|t:|1700911377\n|switch|p2a: Calyrex|Calyrex-Ice|100\/100|[from] Parting Shot\n|-ability|p2a: Calyrex|As One\n|-ability|p2a: Calyrex|Unnerve\n|move|p1a: Basculegion|Wave Crash|p2a: Calyrex\n|-damage|p2a: Calyrex|70\/100\n|-damage|p1a: Basculegion|53\/100|[from] Recoil\n|\n|upkeep\n|turn|29\n|\n|t:|1700911388\n|switch|p1a: Calyrex|Calyrex-Shadow|88\/100\n|-ability|p1a: Calyrex|As One\n|-ability|p1a: Calyrex|Unnerve\n|-damage|p1a: Calyrex|76\/100|[from] Stealth Rock\n|move|p2a: Calyrex|Glacial Lance|p1a: Calyrex\n|-damage|p1a: Calyrex|0 fnt\n|faint|p1a: Calyrex\n|-ability|p2a: Calyrex|Chilling Neigh|boost\n|-boost|p2a: Calyrex|atk|1\n|\n|upkeep\n|l| ttv-err0r-yt\n|j| ttv-err0r-yt\n|\n|t:|1700911403\n|switch|p1a: Miraidon|Miraidon, tera:Electric|88\/100\n|-damage|p1a: Miraidon|76\/100|[from] Stealth Rock\n|-fieldstart|move: Electric Terrain|[from] ability: Hadron Engine|[of] p1a: Miraidon\n|turn|30\n|\n|t:|1700911420\n|move|p1a: Miraidon|Electro Drift|p2a: Calyrex\n|-damage|p2a: Calyrex|0 fnt\n|faint|p2a: Calyrex\n|\n|upkeep\n|\n|t:|1700911428\n|switch|p2a: Miraidon|Miraidon|75\/100\n|-activate|p2a: Miraidon|ability: Hadron Engine\n|turn|31\n|\n|t:|1700911438\n|move|p1a: Miraidon|Electro Drift|p2a: Miraidon\n|-resisted|p2a: Miraidon\n|-damage|p2a: Miraidon|47\/100\n|move|p2a: Miraidon|Dragon Pulse|p1a: Miraidon\n|-damage|p1a: Miraidon|23\/100\n|\n|upkeep\n|turn|32\n|\n|t:|1700911450\n|move|p1a: Miraidon|Electro Drift|p2a: Miraidon\n|-resisted|p2a: Miraidon\n|-damage|p2a: Miraidon|18\/100\n|move|p2a: Miraidon|Dragon Pulse|p1a: Miraidon\n|-damage|p1a: Miraidon|0 fnt\n|faint|p1a: Miraidon\n|\n|upkeep\n|\n|t:|1700911460\n|switch|p1a: Basculegion|Basculegion, M|53\/100\n|-damage|p1a: Basculegion|41\/100|[from] Stealth Rock\n|turn|33\n|\n|t:|1700911466\n|move|p2a: Miraidon|Protect|p2a: Miraidon\n|-singleturn|p2a: Miraidon|Protect\n|move|p1a: Basculegion|Last Respects|p2a: Miraidon\n|-activate|p2a: Miraidon|move: Protect\n|\n|upkeep\n|turn|34\n|\n|t:|1700911473\n|switch|p2a: Blissey|Blissey, F|75\/100\n|move|p1a: Basculegion|Last Respects|p2a: Blissey\n|-immune|p2a: Blissey\n|\n|-fieldend|move: Electric Terrain\n|upkeep\n|turn|35\n|\n|t:|1700911482\n|move|p1a: Basculegion|Last Respects|p2a: Blissey\n|-immune|p2a: Blissey\n|move|p2a: Blissey|Seismic Toss|p1a: Basculegion\n|-immune|p1a: Basculegion\n|\n|upkeep\n|turn|36\n|\n|t:|1700911490\n|move|p1a: Basculegion|Last Respects|p2a: Blissey\n|-immune|p2a: Blissey\n|move|p2a: Blissey|Seismic Toss|p1a: Basculegion\n|-immune|p1a: Basculegion\n|\n|upkeep\n|turn|37\n|\n|t:|1700911497\n|move|p1a: Basculegion|Last Respects|p2a: Blissey\n|-immune|p2a: Blissey\n|move|p2a: Blissey|Seismic Toss|p1a: Basculegion\n|-immune|p1a: Basculegion\n|\n|upkeep\n|turn|38\n|-message|sumitvs138 forfeited.\n|\n|win|hoenn militian\n|raw|sumitvs138's rating: 1614 &rarr; <strong>1602<\/strong><br \/>(-12 for losing)\n|raw|hoenn militian's rating: 1771 &rarr; <strong>1783<\/strong><br \/>(+12 for winning)\n|l|\u2606sumitvs138\n|l| ttv-err0r-yt\n","uploadtime":1700911518,"views":0,"p1id":"sumitvs138","p2id":"hoennmilitian","formatid":"gen9anythinggoes","rating":1602,"private":0,"password":""}