{"id":"gen9anythinggoes-1977123947","p1":"Byeandhello","p2":"LingLing007","format":"[Gen 9] Anything Goes","log":"|j|\u203dByeandhello\n|j|\u2606LingLing007\n|t:|1698374282\n|gametype|singles\n|player|p1|Byeandhello|cynthia-gen4|1156\n|player|p2|LingLing007|hilbert-masters2|1185\n|teamsize|p1|6\n|teamsize|p2|6\n|gen|9\n|tier|[Gen 9] Anything Goes\n|rated|\n|rule|HP Percentage Mod: HP is shown in percentages\n|rule|Endless Battle Clause: Forcing endless battles is banned\n|clearpoke\n|poke|p1|Groudon|\n|poke|p1|Koraidon|\n|poke|p1|Flutter Mane|\n|poke|p1|Slowking-Galar, F|\n|poke|p1|Zapdos|\n|poke|p1|Kingambit, M|\n|poke|p2|Roaring Moon|\n|poke|p2|Toxapex, F|\n|poke|p2|Gliscor, M|\n|poke|p2|Tinkaton, F|\n|poke|p2|Zoroark-Hisui, M|\n|poke|p2|Polteageist-Antique|\n|teampreview\n|inactive|Battle timer is ON: inactive players will automatically lose when time's up. (requested by LingLing007)\n|\n|t:|1698374305\n|start\n|switch|p1a: Groudon|Groudon|100\/100\n|switch|p2a: Tinkaton|Tinkaton, F|100\/100\n|-ability|p2a: Tinkaton|Mold Breaker\n|-weather|SunnyDay|[from] ability: Drought|[of] p1a: Groudon\n|turn|1\n|\n|t:|1698374316\n|switch|p2a: Toxapex|Toxapex, F|100\/100\n|move|p1a: Groudon|Will-O-Wisp|p2a: Toxapex\n|-status|p2a: Toxapex|brn\n|\n|-weather|SunnyDay|[upkeep]\n|-damage|p2a: Toxapex|94\/100 brn|[from] brn\n|upkeep\n|turn|2\n|\n|t:|1698374332\n|move|p1a: Groudon|Spikes|p2a: Toxapex\n|-sidestart|p2: LingLing007|Spikes\n|move|p2a: Toxapex|Toxic|p1a: Groudon\n|-status|p1a: Groudon|tox\n|\n|-weather|SunnyDay|[upkeep]\n|-damage|p1a: Groudon|94\/100 tox|[from] psn\n|-damage|p2a: Toxapex|88\/100 brn|[from] brn\n|upkeep\n|turn|3\n|\n|t:|1698374350\n|switch|p2a: Gliscor|Gliscor, M|100\/100\n|move|p1a: Groudon|Spikes|p2a: Gliscor\n|-sidestart|p2: LingLing007|Spikes\n|\n|-weather|SunnyDay|[upkeep]\n|-heal|p1a: Groudon|100\/100 tox|[from] item: Leftovers\n|-damage|p1a: Groudon|88\/100 tox|[from] psn\n|-status|p2a: Gliscor|tox|[from] item: Toxic Orb\n|upkeep\n|turn|4\n|\n|t:|1698374359\n|move|p2a: Gliscor|Swords Dance|p2a: Gliscor\n|-boost|p2a: Gliscor|atk|2\n|move|p1a: Groudon|Will-O-Wisp||[still]\n|-fail|p1a: Groudon\n|\n|-weather|SunnyDay|[upkeep]\n|-heal|p1a: Groudon|94\/100 tox|[from] item: Leftovers\n|-damage|p1a: Groudon|76\/100 tox|[from] psn\n|upkeep\n|turn|5\n|\n|t:|1698374383\n|move|p2a: Gliscor|Fling|p1a: Groudon\n|-damage|p1a: Groudon|69\/100 tox\n|-enditem|p2a: Gliscor|Toxic Orb|[from] move: Fling\n|move|p1a: Groudon|Spikes|p2a: Gliscor\n|-sidestart|p2: LingLing007|Spikes\n|\n|-weather|none\n|-heal|p1a: Groudon|75\/100 tox|[from] item: Leftovers\n|-damage|p1a: Groudon|50\/100 tox|[from] psn\n|upkeep\n|turn|6\n|\n|t:|1698374388\n|move|p2a: Gliscor|Acrobatics|p1a: Groudon\n|-damage|p1a: Groudon|10\/100 tox\n|move|p1a: Groudon|Spikes||[still]\n|-fail|p1a: Groudon\n|\n|-heal|p1a: Groudon|17\/100 tox|[from] item: Leftovers\n|-damage|p1a: Groudon|0 fnt|[from] psn\n|faint|p1a: Groudon\n|upkeep\n|\n|t:|1698374398\n|switch|p1a: Zapdos|Zapdos|100\/100\n|turn|7\n|\n|t:|1698374411\n|move|p1a: Zapdos|Hurricane|p2a: Gliscor\n|-damage|p2a: Gliscor|25\/100 tox\n|move|p2a: Gliscor|Swords Dance|p2a: Gliscor\n|-boost|p2a: Gliscor|atk|2\n|\n|-heal|p2a: Gliscor|37\/100 tox|[from] ability: Poison Heal\n|upkeep\n|turn|8\n|\n|t:|1698374426\n|move|p1a: Zapdos|Hurricane|p2a: Gliscor\n|-damage|p2a: Gliscor|0 fnt\n|faint|p2a: Gliscor\n|\n|upkeep\n|\n|t:|1698374439\n|switch|p2a: Roaring Moon|Roaring Moon|100\/100\n|-damage|p2a: Roaring Moon|76\/100|[from] Spikes\n|-enditem|p2a: Roaring Moon|Booster Energy\n|-activate|p2a: Roaring Moon|ability: Protosynthesis|[fromitem]\n|-start|p2a: Roaring Moon|protosynthesisatk\n|turn|9\n|\n|t:|1698374453\n|switch|p1a: Koraidon|Koraidon|100\/100\n|-weather|SunnyDay|[from] ability: Orichalcum Pulse|[of] p1a: Koraidon\n|-activate|p1a: Koraidon|Orichalcum Pulse|[source]\n|move|p2a: Roaring Moon|Dragon Dance|p2a: Roaring Moon\n|-boost|p2a: Roaring Moon|atk|1\n|-boost|p2a: Roaring Moon|spe|1\n|\n|-weather|SunnyDay|[upkeep]\n|upkeep\n|turn|10\n|\n|t:|1698374463\n|-terastallize|p1a: Koraidon|Fire\n|-terastallize|p2a: Roaring Moon|Flying\n|move|p1a: Koraidon|Low Kick|p2a: Roaring Moon\n|-resisted|p2a: Roaring Moon\n|-damage|p2a: Roaring Moon|25\/100\n|move|p2a: Roaring Moon|Acrobatics|p1a: Koraidon\n|-crit|p1a: Koraidon\n|-damage|p1a: Koraidon|0 fnt\n|faint|p1a: Koraidon\n|\n|-weather|SunnyDay|[upkeep]\n|upkeep\n|\n|t:|1698374468\n|switch|p1a: Zapdos|Zapdos|100\/100\n|turn|11\n|\n|t:|1698374473\n|move|p2a: Roaring Moon|Crunch|p1a: Zapdos\n|-damage|p1a: Zapdos|0 fnt\n|faint|p1a: Zapdos\n|\n|-weather|SunnyDay|[upkeep]\n|upkeep\n|\n|t:|1698374486\n|switch|p1a: Slowking|Slowking-Galar, F|100\/100\n|turn|12\n|\n|t:|1698374491\n|move|p2a: Roaring Moon|Earthquake|p1a: Slowking\n|-supereffective|p1a: Slowking\n|-damage|p1a: Slowking|0 fnt\n|faint|p1a: Slowking\n|\n|-weather|SunnyDay|[upkeep]\n|upkeep\n|\n|t:|1698374494\n|switch|p1a: Flutter Mane|Flutter Mane|100\/100\n|-activate|p1a: Flutter Mane|ability: Protosynthesis\n|-start|p1a: Flutter Mane|protosynthesisspe\n|turn|13\n|\n|t:|1698374500\n|move|p1a: Flutter Mane|Shadow Ball|p2a: Roaring Moon\n|-damage|p2a: Roaring Moon|0 fnt\n|faint|p2a: Roaring Moon\n|-end|p2a: Roaring Moon|Protosynthesis|[silent]\n|\n|-weather|none\n|-end|p1a: Flutter Mane|Protosynthesis\n|upkeep\n|\n|t:|1698374508\n|switch|p2a: Polteageist|Polteageist-Antique|100\/100\n|-damage|p2a: Polteageist|76\/100|[from] Spikes\n|turn|14\n|\n|t:|1698374511\n|move|p1a: Flutter Mane|Shadow Ball|p2a: Polteageist\n|-immune|p2a: Polteageist\n|move|p2a: Polteageist|Shadow Ball|p1a: Flutter Mane\n|-supereffective|p1a: Flutter Mane\n|-damage|p1a: Flutter Mane|14\/100\n|\n|upkeep\n|turn|15\n|\n|t:|1698374516\n|-end|p1a: Flutter Mane|Protosynthesis|[silent]\n|switch|p1a: Kingambit|Kingambit, M|100\/100\n|-activate|p1a: Kingambit|ability: Supreme Overlord\n|-start|p1a: Kingambit|fallen4|[silent]\n|move|p2a: Polteageist|Shadow Ball|p1a: Kingambit\n|-resisted|p1a: Kingambit\n|-damage|p1a: Kingambit|76\/100\n|\n|upkeep\n|turn|16\n|\n|t:|1698374519\n|move|p2a: Polteageist|Nasty Plot|p2a: Polteageist\n|-boost|p2a: Polteageist|spa|2\n|move|p1a: Kingambit|Swords Dance|p1a: Kingambit\n|-boost|p1a: Kingambit|atk|2\n|\n|upkeep\n|turn|17\n|\n|t:|1698374525\n|move|p2a: Polteageist|Nasty Plot|p2a: Polteageist\n|-boost|p2a: Polteageist|spa|2\n|move|p1a: Kingambit|Kowtow Cleave|p2a: Polteageist\n|-supereffective|p2a: Polteageist\n|-damage|p2a: Polteageist|0 fnt\n|replace|p2a: Zoroark|Zoroark-Hisui, M, shiny\n|-end|p2a: Zoroark|Illusion\n|faint|p2a: Zoroark\n|\n|upkeep\n|\n|t:|1698374534\n|switch|p2a: Toxapex|Toxapex, F|100\/100 brn\n|-damage|p2a: Toxapex|75\/100 brn|[from] Spikes\n|turn|18\n|\n|t:|1698374547\n|move|p1a: Kingambit|Swords Dance|p1a: Kingambit\n|-boost|p1a: Kingambit|atk|2\n|move|p2a: Toxapex|Haze|p2a: Toxapex\n|-clearallboost\n|\n|-damage|p2a: Toxapex|69\/100 brn|[from] brn\n|upkeep\n|turn|19\n|\n|t:|1698374553\n|move|p1a: Kingambit|Kowtow Cleave|p2a: Toxapex\n|-crit|p2a: Toxapex\n|-damage|p2a: Toxapex|0 fnt\n|-damage|p1a: Kingambit|59\/100|[from] item: Rocky Helmet|[of] p2a: Toxapex\n|faint|p2a: Toxapex\n|\n|upkeep\n|\n|t:|1698374569\n|switch|p2a: Tinkaton|Tinkaton, F|100\/100\n|-damage|p2a: Tinkaton|75\/100|[from] Spikes\n|-ability|p2a: Tinkaton|Mold Breaker\n|turn|20\n|\n|t:|1698374588\n|move|p2a: Tinkaton|Knock Off|p1a: Kingambit\n|-resisted|p1a: Kingambit\n|-damage|p1a: Kingambit|52\/100\n|-enditem|p1a: Kingambit|Lum Berry|[from] move: Knock Off|[of] p2a: Tinkaton\n|move|p1a: Kingambit|Kowtow Cleave|p2a: Tinkaton\n|-resisted|p2a: Tinkaton\n|-damage|p2a: Tinkaton|47\/100\n|\n|-heal|p2a: Tinkaton|53\/100|[from] item: Leftovers\n|upkeep\n|turn|21\n|\n|t:|1698374596\n|move|p2a: Tinkaton|Stealth Rock|p1a: Kingambit\n|-sidestart|p1: Byeandhello|move: Stealth Rock\n|move|p1a: Kingambit|Swords Dance|p1a: Kingambit\n|-boost|p1a: Kingambit|atk|2\n|\n|-heal|p2a: Tinkaton|59\/100|[from] item: Leftovers\n|upkeep\n|turn|22\n|\n|t:|1698374602\n|move|p2a: Tinkaton|Encore|p1a: Kingambit\n|-start|p1a: Kingambit|Encore\n|move|p1a: Kingambit|Swords Dance|p1a: Kingambit\n|-boost|p1a: Kingambit|atk|2\n|\n|-heal|p2a: Tinkaton|66\/100|[from] item: Leftovers\n|upkeep\n|turn|23\n|\n|t:|1698374606\n|switch|p2a: Polteageist|Polteageist-Antique|100\/100\n|-damage|p2a: Polteageist|76\/100|[from] Spikes\n|move|p1a: Kingambit|Swords Dance|p1a: Kingambit\n|-boost|p1a: Kingambit|atk|2\n|\n|upkeep\n|turn|24\n|\n|t:|1698374609\n|move|p2a: Polteageist|Shell Smash|p2a: Polteageist\n|-unboost|p2a: Polteageist|def|1\n|-unboost|p2a: Polteageist|spd|1\n|-boost|p2a: Polteageist|atk|2\n|-boost|p2a: Polteageist|spa|2\n|-boost|p2a: Polteageist|spe|2\n|-enditem|p2a: Polteageist|White Herb\n|-clearnegativeboost|p2a: Polteageist|[silent]\n|move|p1a: Kingambit|Swords Dance|p1a: Kingambit\n|-boost|p1a: Kingambit|atk|0\n|\n|-end|p1a: Kingambit|Encore\n|upkeep\n|turn|25\n|\n|t:|1698374616\n|move|p2a: Polteageist|Giga Drain|p1a: Kingambit\n|-resisted|p1a: Kingambit\n|-damage|p1a: Kingambit|15\/100\n|-heal|p2a: Polteageist|99\/100|[from] drain|[of] p1a: Kingambit\n|move|p1a: Kingambit|Kowtow Cleave|p2a: Polteageist\n|-supereffective|p2a: Polteageist\n|-crit|p2a: Polteageist\n|-damage|p2a: Polteageist|0 fnt\n|faint|p2a: Polteageist\n|\n|upkeep\n|\n|t:|1698374622\n|switch|p2a: Tinkaton|Tinkaton, F|66\/100\n|-damage|p2a: Tinkaton|41\/100|[from] Spikes\n|-ability|p2a: Tinkaton|Mold Breaker\n|turn|26\n|\n|t:|1698374628\n|move|p1a: Kingambit|Sucker Punch||[still]\n|-fail|p1a: Kingambit\n|move|p2a: Tinkaton|Thunder Wave|p1a: Kingambit\n|-status|p1a: Kingambit|par\n|\n|-heal|p2a: Tinkaton|47\/100|[from] item: Leftovers\n|upkeep\n|turn|27\n|\n|t:|1698374633\n|cant|p1a: Kingambit|par\n|move|p2a: Tinkaton|Knock Off|p1a: Kingambit\n|-resisted|p1a: Kingambit\n|-damage|p1a: Kingambit|10\/100 par\n|\n|-heal|p2a: Tinkaton|53\/100|[from] item: Leftovers\n|upkeep\n|turn|28\n|\n|t:|1698374639\n|move|p1a: Kingambit|Sucker Punch||[still]\n|-fail|p1a: Kingambit\n|move|p2a: Tinkaton|Encore|p1a: Kingambit\n|-start|p1a: Kingambit|Encore\n|\n|-heal|p2a: Tinkaton|59\/100|[from] item: Leftovers\n|upkeep\n|turn|29\n|\n|t:|1698374643\n|move|p1a: Kingambit|Sucker Punch||[still]\n|-fail|p1a: Kingambit\n|move|p2a: Tinkaton|Stealth Rock||[still]\n|-fail|p2a: Tinkaton\n|\n|-heal|p2a: Tinkaton|65\/100|[from] item: Leftovers\n|upkeep\n|turn|30\n|\n|t:|1698374647\n|move|p1a: Kingambit|Sucker Punch||[still]\n|-fail|p1a: Kingambit\n|move|p2a: Tinkaton|Stealth Rock||[still]\n|-fail|p2a: Tinkaton\n|\n|-heal|p2a: Tinkaton|71\/100|[from] item: Leftovers\n|upkeep\n|turn|31\n|\n|t:|1698374650\n|cant|p1a: Kingambit|par\n|move|p2a: Tinkaton|Stealth Rock||[still]\n|-fail|p2a: Tinkaton\n|\n|-heal|p2a: Tinkaton|78\/100|[from] item: Leftovers\n|-end|p1a: Kingambit|Encore\n|upkeep\n|turn|32\n|\n|t:|1698374653\n|move|p2a: Tinkaton|Encore|p1a: Kingambit\n|-start|p1a: Kingambit|Encore\n|move|p1a: Kingambit|Sucker Punch||[still]\n|-fail|p1a: Kingambit\n|\n|-heal|p2a: Tinkaton|84\/100|[from] item: Leftovers\n|upkeep\n|turn|33\n|\n|t:|1698374656\n|-end|p1a: Kingambit|fallen4|[silent]\n|switch|p1a: Flutter Mane|Flutter Mane|14\/100\n|-damage|p1a: Flutter Mane|2\/100|[from] Stealth Rock\n|move|p2a: Tinkaton|Stealth Rock||[still]\n|-fail|p2a: Tinkaton\n|\n|-heal|p2a: Tinkaton|90\/100|[from] item: Leftovers\n|upkeep\n|turn|34\n|\n|t:|1698374665\n|move|p1a: Flutter Mane|Mystical Fire|p2a: Tinkaton\n|-supereffective|p2a: Tinkaton\n|-damage|p2a: Tinkaton|20\/100\n|-unboost|p2a: Tinkaton|spa|1\n|move|p2a: Tinkaton|Knock Off|p1a: Flutter Mane\n|-damage|p1a: Flutter Mane|0 fnt\n|-enditem|p1a: Flutter Mane|Choice Specs|[from] move: Knock Off|[of] p2a: Tinkaton\n|faint|p1a: Flutter Mane\n|-end|p1a: Flutter Mane|Protosynthesis|[silent]\n|\n|-heal|p2a: Tinkaton|26\/100|[from] item: Leftovers\n|upkeep\n|\n|t:|1698374669\n|switch|p1a: Kingambit|Kingambit, M|10\/100 par\n|-damage|p1a: Kingambit|4\/100 par|[from] Stealth Rock\n|-activate|p1a: Kingambit|ability: Supreme Overlord\n|-start|p1a: Kingambit|fallen5|[silent]\n|turn|35\n|\n|t:|1698374678\n|move|p2a: Tinkaton|Knock Off|p1a: Kingambit\n|-resisted|p1a: Kingambit\n|-damage|p1a: Kingambit|0 fnt\n|faint|p1a: Kingambit\n|-end|p1a: Kingambit|fallen5|[silent]\n|\n|win|LingLing007\n|raw|Byeandhello's rating: 1156 &rarr; <strong>1133<\/strong><br \/>(-23 for losing)\n|raw|LingLing007's rating: 1185 &rarr; <strong>1208<\/strong><br \/>(+23 for winning)\n|l|\u203dByeandhello\n|c|\u2606LingLing007|gg\n","uploadtime":1698374684,"views":9,"p1id":"byeandhello","p2id":"lingling007","formatid":"gen9anythinggoes","rating":1133,"private":0,"password":""}