{"id":"gen9anythinggoes-1985103494","p1":"el agente D","p2":"Pokemon I guesss","format":"[Gen 9] Anything Goes","log":"|j|\u2606el agente D\n|j|\u2606Pokemon I guesss\n|t:|1699331281\n|gametype|singles\n|player|p1|el agente D|veteranf|1000\n|player|p2|Pokemon I guesss|dawn|1016\n|teamsize|p1|6\n|teamsize|p2|6\n|gen|9\n|tier|[Gen 9] Anything Goes\n|rated|\n|rule|HP Percentage Mod: HP is shown in percentages\n|rule|Endless Battle Clause: Forcing endless battles is banned\n|clearpoke\n|poke|p1|Barraskewda, M|\n|poke|p1|Lokix, M|\n|poke|p1|Revavroom, M|\n|poke|p1|Inteleon, M|\n|poke|p1|Scizor, M|\n|poke|p1|Grimmsnarl, M|\n|poke|p2|Maushold|\n|poke|p2|Alomomola, M|\n|poke|p2|Dragonite, M|\n|poke|p2|Gliscor, F|\n|poke|p2|Zapdos|\n|poke|p2|Darkrai|\n|teampreview\n|c|\u2606Pokemon I guesss|Gl hf\n|\n|t:|1699331300\n|start\n|switch|p1a: Invitado :D|Scizor, M, shiny|100\/100\n|switch|p2a: Maushold|Maushold|100\/100\n|turn|1\n|\n|t:|1699331309\n|switch|p2a: Gliscor|Gliscor, F|100\/100\n|move|p1a: Invitado :D|Swords Dance|p1a: Invitado :D\n|-boost|p1a: Invitado :D|atk|2\n|\n|-status|p2a: Gliscor|tox|[from] item: Toxic Orb\n|upkeep\n|turn|2\n|\n|t:|1699331347\n|move|p2a: Gliscor|Earthquake|p1a: Invitado :D\n|-crit|p1a: Invitado :D\n|-damage|p1a: Invitado :D|37\/100\n|move|p1a: Invitado :D|Dual Wingbeat|p2a: Gliscor\n|-damage|p2a: Gliscor|59\/100 tox\n|-damage|p2a: Gliscor|14\/100 tox\n|-hitcount|p2a: Gliscor|2\n|\n|-heal|p2a: Gliscor|27\/100 tox|[from] ability: Poison Heal\n|upkeep\n|turn|3\n|\n|t:|1699331357\n|move|p1a: Invitado :D|Bullet Punch|p2a: Gliscor\n|-damage|p2a: Gliscor|0 fnt\n|faint|p2a: Gliscor\n|\n|upkeep\n|\n|t:|1699331362\n|switch|p2a: Dragonite|Dragonite, M|100\/100\n|turn|4\n|\n|t:|1699331369\n|move|p2a: Dragonite|Extreme Speed|p1a: Invitado :D\n|-resisted|p1a: Invitado :D\n|-damage|p1a: Invitado :D|24\/100\n|-damage|p2a: Dragonite|84\/100|[from] item: Rocky Helmet|[of] p1a: Invitado :D\n|move|p1a: Invitado :D|Bullet Punch|p2a: Dragonite\n|-damage|p2a: Dragonite|23\/100\n|\n|upkeep\n|turn|5\n|\n|t:|1699331382\n|switch|p2a: Zapdos|Zapdos|100\/100\n|-ability|p2a: Zapdos|Pressure\n|move|p1a: Invitado :D|Bullet Punch|p2a: Zapdos\n|-resisted|p2a: Zapdos\n|-damage|p2a: Zapdos|61\/100\n|\n|upkeep\n|turn|6\n|\n|t:|1699331393\n|move|p1a: Invitado :D|Bullet Punch|p2a: Zapdos\n|-resisted|p2a: Zapdos\n|-damage|p2a: Zapdos|21\/100\n|move|p2a: Zapdos|Thunder|p1a: Invitado :D\n|-damage|p1a: Invitado :D|0 fnt\n|faint|p1a: Invitado :D\n|-damage|p2a: Zapdos|11\/100|[from] item: Life Orb\n|\n|upkeep\n|\n|t:|1699331407\n|switch|p1a: Machete|Barraskewda, M|100\/100\n|turn|7\n|\n|t:|1699331423\n|move|p1a: Machete|Crunch|p2a: Zapdos\n|-damage|p2a: Zapdos|0 fnt\n|faint|p2a: Zapdos\n|\n|upkeep\n|\n|t:|1699331428\n|switch|p2a: Alomomola|Alomomola, M|100\/100\n|turn|8\n|\n|t:|1699331442\n|move|p1a: Machete|Crunch|p2a: Alomomola\n|-damage|p2a: Alomomola|68\/100\n|-enditem|p2a: Alomomola|Red Card|[of] p1a: Machete\n|drag|p1a: Sylvester|Inteleon, M|100\/100\n|move|p2a: Alomomola|Wish|p2a: Alomomola\n|\n|upkeep\n|turn|9\n|\n|t:|1699331453\n|switch|p2a: Dragonite|Dragonite, M|23\/100\n|move|p1a: Sylvester|Dark Pulse|p2a: Dragonite\n|-damage|p2a: Dragonite|0 fnt\n|faint|p2a: Dragonite\n|\n|upkeep\n|\n|t:|1699331461\n|switch|p2a: Maushold|Maushold|100\/100\n|turn|10\n|\n|t:|1699331466\n|move|p1a: Sylvester|Dark Pulse|p2a: Maushold\n|-damage|p2a: Maushold|36\/100\n|move|p2a: Maushold|Tidy Up|p2a: Maushold\n|-boost|p2a: Maushold|atk|1\n|-boost|p2a: Maushold|spe|1\n|\n|upkeep\n|turn|11\n|\n|t:|1699331474\n|move|p2a: Maushold|Population Bomb|p1a: Sylvester\n|-damage|p1a: Sylvester|73\/100\n|-damage|p1a: Sylvester|43\/100\n|-damage|p1a: Sylvester|16\/100\n|-damage|p1a: Sylvester|0 fnt\n|faint|p1a: Sylvester\n|-hitcount|p1: Sylvester|4\n|\n|upkeep\n|\n|t:|1699331500\n|switch|p1a: Lokix|Lokix, M|100\/100\n|turn|12\n|\n|t:|1699331506\n|move|p1a: Lokix|Sucker Punch|p2a: Maushold\n|-damage|p2a: Maushold|0 fnt\n|faint|p2a: Maushold\n|-damage|p1a: Lokix|91\/100|[from] item: Life Orb\n|\n|upkeep\n|\n|t:|1699331512\n|switch|p2a: Darkrai|Darkrai|100\/100\n|turn|13\n|\n|t:|1699331548\n|move|p1a: Lokix|Sucker Punch|p2a: Darkrai\n|-resisted|p2a: Darkrai\n|-damage|p2a: Darkrai|47\/100\n|-damage|p1a: Lokix|81\/100|[from] item: Life Orb\n|move|p2a: Darkrai|Foul Play|p1a: Lokix\n|-resisted|p1a: Lokix\n|-damage|p1a: Lokix|48\/100\n|\n|upkeep\n|turn|14\n|\n|t:|1699331569\n|move|p1a: Lokix|Sucker Punch||[still]\n|-fail|p1a: Lokix\n|move|p2a: Darkrai|Dark Void|p1a: Lokix\n|-status|p1a: Lokix|slp|[from] move: Dark Void\n|\n|-damage|p1a: Lokix|36\/100 slp|[from] ability: Bad Dreams|[of] p2a: Darkrai\n|upkeep\n|turn|15\n|\n|t:|1699331581\n|cant|p1a: Lokix|slp\n|move|p2a: Darkrai|Foul Play|p1a: Lokix\n|-resisted|p1a: Lokix\n|-damage|p1a: Lokix|2\/100 slp\n|\n|-damage|p1a: Lokix|0 fnt|[from] ability: Bad Dreams|[of] p2a: Darkrai\n|faint|p1a: Lokix\n|upkeep\n|\n|t:|1699331616\n|switch|p1a: Oswin|Grimmsnarl, M|100\/100\n|turn|16\n|\n|t:|1699331623\n|-terastallize|p2a: Darkrai|Steel\n|move|p2a: Darkrai|Psychic|p1a: Oswin\n|-immune|p1a: Oswin\n|move|p1a: Oswin|Drain Punch|p2a: Darkrai\n|-supereffective|p2a: Darkrai\n|-damage|p2a: Darkrai|0 fnt\n|faint|p2a: Darkrai\n|\n|upkeep\n|\n|t:|1699331632\n|switch|p2a: Alomomola|Alomomola, M|100\/100\n|turn|17\n|\n|t:|1699331644\n|move|p1a: Oswin|Parting Shot|p2a: Alomomola\n|-unboost|p2a: Alomomola|atk|1\n|-unboost|p2a: Alomomola|spa|1\n|\n|t:|1699331647\n|switch|p1a: Revavroom|Revavroom, M|100\/100|[from] Parting Shot\n|move|p2a: Alomomola|Acrobatics|p1a: Revavroom\n|-resisted|p1a: Revavroom\n|-damage|p1a: Revavroom|94\/100\n|\n|-heal|p1a: Revavroom|99\/100|[from] item: Leftovers\n|upkeep\n|turn|18\n|\n|t:|1699331659\n|move|p1a: Revavroom|Toxic|p2a: Alomomola\n|-status|p2a: Alomomola|tox\n|move|p2a: Alomomola|Scald|p1a: Revavroom\n|-damage|p1a: Revavroom|81\/100\n|\n|-heal|p1a: Revavroom|87\/100|[from] item: Leftovers\n|-damage|p2a: Alomomola|94\/100 tox|[from] psn\n|upkeep\n|turn|19\n|\n|t:|1699331672\n|move|p1a: Revavroom|Shift Gear|p1a: Revavroom\n|-boost|p1a: Revavroom|spe|2\n|-boost|p1a: Revavroom|atk|1\n|move|p2a: Alomomola|Scald|p1a: Revavroom\n|-damage|p1a: Revavroom|70\/100\n|\n|-heal|p1a: Revavroom|76\/100|[from] item: Leftovers\n|-damage|p2a: Alomomola|82\/100 tox|[from] psn\n|upkeep\n|turn|20\n|\n|t:|1699331688\n|move|p1a: Revavroom|Gunk Shot|p2a: Alomomola\n|-damage|p2a: Alomomola|9\/100 tox\n|move|p2a: Alomomola|Wish|p2a: Alomomola\n|\n|-heal|p1a: Revavroom|82\/100|[from] item: Leftovers\n|-damage|p2a: Alomomola|0 fnt|[from] psn\n|faint|p2a: Alomomola\n|\n|win|el agente D\n|upkeep\n|raw|el agente D's rating: 1000 &rarr; <strong>1042<\/strong><br \/>(+42 for winning)\n|raw|Pokemon I guesss's rating: 1016 &rarr; <strong>1003<\/strong><br \/>(-13 for losing)\n|c|\u2606Pokemon I guesss|Gg\n","uploadtime":1699331699,"views":4,"p1id":"elagented","p2id":"pokemoniguesss","formatid":"gen9anythinggoes","rating":1003,"private":0,"password":""}