{"id":"gen9anythinggoes-2000437201","p1":"Masterofallformats","p2":"relsekeel","format":"[Gen 9] Anything Goes","log":"|j|\u2606Masterofallformats\n|j|\u2606relsekeel\n|t:|1701194732\n|gametype|singles\n|player|p1|Masterofallformats|backersf|1493\n|player|p2|relsekeel|swimmer-gen4dp|1648\n|teamsize|p1|6\n|teamsize|p2|6\n|gen|9\n|tier|[Gen 9] Anything Goes\n|rated|\n|rule|HP Percentage Mod: HP is shown in percentages\n|rule|Endless Battle Clause: Forcing endless battles is banned\n|clearpoke\n|poke|p1|Calyrex-Shadow|\n|poke|p1|Koraidon|\n|poke|p1|Miraidon|\n|poke|p1|Ditto|\n|poke|p1|Kyogre|\n|poke|p1|Zacian-*|\n|poke|p2|Blissey, F|\n|poke|p2|Gholdengo|\n|poke|p2|Great Tusk|\n|poke|p2|Toxapex, F|\n|poke|p2|Dondozo, M|\n|poke|p2|Clodsire, F|\n|teampreview\n|inactive|Battle timer is ON: inactive players will automatically lose when time's up. (requested by relsekeel)\n|j| Bob Twin Peaks\n|\n|t:|1701194746\n|start\n|switch|p1a: Kyogre|Kyogre|100\/100\n|switch|p2a: Toxapex|Toxapex, F|100\/100\n|-weather|RainDance|[from] ability: Drizzle|[of] p1a: Kyogre\n|turn|1\n|\n|t:|1701194757\n|move|p1a: Kyogre|Origin Pulse|p2a: Toxapex\n|-resisted|p2a: Toxapex\n|-crit|p2a: Toxapex\n|-damage|p2a: Toxapex|4\/100\n|move|p2a: Toxapex|Toxic|p1a: Kyogre\n|-status|p1a: Kyogre|tox\n|\n|-weather|RainDance|[upkeep]\n|-heal|p2a: Toxapex|11\/100|[from] item: Leftovers\n|-damage|p1a: Kyogre|94\/100 tox|[from] psn\n|upkeep\n|turn|2\n|\n|t:|1701194772\n|switch|p2a: Blissey|Blissey, F|100\/100\n|move|p1a: Kyogre|Origin Pulse|p2a: Blissey\n|-damage|p2a: Blissey|52\/100\n|\n|-weather|RainDance|[upkeep]\n|-damage|p1a: Kyogre|82\/100 tox|[from] psn\n|upkeep\n|turn|3\n|\n|t:|1701194779\n|move|p1a: Kyogre|Origin Pulse|p2a: Blissey|[miss]\n|-miss|p1a: Kyogre|p2a: Blissey\n|move|p2a: Blissey|Soft-Boiled|p2a: Blissey\n|-heal|p2a: Blissey|100\/100\n|\n|-weather|RainDance|[upkeep]\n|-damage|p1a: Kyogre|64\/100 tox|[from] psn\n|upkeep\n|turn|4\n|\n|t:|1701194790\n|move|p1a: Kyogre|Origin Pulse|p2a: Blissey|[miss]\n|-miss|p1a: Kyogre|p2a: Blissey\n|move|p2a: Blissey|Stealth Rock|p1a: Kyogre\n|-sidestart|p1: Masterofallformats|move: Stealth Rock\n|\n|-weather|RainDance|[upkeep]\n|-damage|p1a: Kyogre|39\/100 tox|[from] psn\n|upkeep\n|turn|5\n|\n|t:|1701194798\n|move|p1a: Kyogre|Origin Pulse|p2a: Blissey\n|-damage|p2a: Blissey|56\/100\n|move|p2a: Blissey|Soft-Boiled|p2a: Blissey\n|-heal|p2a: Blissey|100\/100\n|\n|-weather|none\n|-damage|p1a: Kyogre|8\/100 tox|[from] psn\n|upkeep\n|turn|6\n|\n|t:|1701194804\n|move|p1a: Kyogre|Origin Pulse|p2a: Blissey\n|-damage|p2a: Blissey|66\/100\n|move|p2a: Blissey|Soft-Boiled|p2a: Blissey\n|-heal|p2a: Blissey|100\/100\n|\n|-damage|p1a: Kyogre|0 fnt|[from] psn\n|faint|p1a: Kyogre\n|upkeep\n|\n|t:|1701194809\n|switch|p1a: Zacian|Zacian-Crowned, shiny|100\/100\n|-damage|p1a: Zacian|94\/100|[from] Stealth Rock\n|-ability|p1a: Zacian|Intrepid Sword|boost\n|-boost|p1a: Zacian|atk|1\n|turn|7\n|\n|t:|1701194813\n|switch|p2a: Toxapex|Toxapex, F|44\/100\n|move|p1a: Zacian|Behemoth Blade|p2a: Toxapex\n|-resisted|p2a: Toxapex\n|-damage|p2a: Toxapex|18\/100\n|\n|-heal|p2a: Toxapex|24\/100|[from] item: Leftovers\n|upkeep\n|turn|8\n|\n|t:|1701194817\n|switch|p2a: Dondozo|Dondozo, M|100\/100\n|move|p1a: Zacian|Wild Charge|p2a: Dondozo\n|-supereffective|p2a: Dondozo\n|-damage|p2a: Dondozo|72\/100\n|-damage|p1a: Zacian|83\/100|[from] Recoil\n|\n|-heal|p2a: Dondozo|78\/100|[from] item: Leftovers\n|upkeep\n|turn|9\n|\n|t:|1701194822\n|move|p1a: Zacian|Play Rough|p2a: Dondozo\n|-damage|p2a: Dondozo|55\/100\n|move|p2a: Dondozo|Fissure|p1a: Zacian|[miss]\n|-miss|p2a: Dondozo|p1a: Zacian\n|\n|-heal|p2a: Dondozo|61\/100|[from] item: Leftovers\n|upkeep\n|turn|10\n|\n|t:|1701194839\n|move|p1a: Zacian|Play Rough|p2a: Dondozo\n|-damage|p2a: Dondozo|38\/100\n|move|p2a: Dondozo|Rest|p2a: Dondozo\n|-status|p2a: Dondozo|slp|[from] move: Rest\n|-heal|p2a: Dondozo|100\/100 slp|[silent]\n|\n|upkeep\n|turn|11\n|\n|t:|1701194844\n|switch|p1a: Miraidon|Miraidon|100\/100\n|-fieldstart|move: Electric Terrain|[from] ability: Hadron Engine|[of] p1a: Miraidon\n|cant|p2a: Dondozo|slp\n|move|p2a: Dondozo|Sleep Talk|p2a: Dondozo\n|move|p2a: Dondozo|Body Press|p1a: Miraidon|[from]move: Sleep Talk\n|-damage|p1a: Miraidon|72\/100\n|\n|upkeep\n|turn|12\n|\n|t:|1701194847\n|switch|p2a: Clodsire|Clodsire, F|100\/100\n|move|p1a: Miraidon|Electro Drift|p2a: Clodsire\n|-immune|p2a: Clodsire\n|\n|upkeep\n|turn|13\n|\n|t:|1701194876\n|move|p1a: Miraidon|Taunt|p2a: Clodsire\n|-start|p2a: Clodsire|move: Taunt\n|move|p2a: Clodsire|Earthquake|p1a: Miraidon\n|-supereffective|p1a: Miraidon\n|-damage|p1a: Miraidon|20\/100\n|\n|upkeep\n|turn|14\n|\n|t:|1701194880\n|move|p1a: Miraidon|Draco Meteor|p2a: Clodsire\n|-damage|p2a: Clodsire|55\/100\n|-unboost|p1a: Miraidon|spa|2\n|move|p2a: Clodsire|Earthquake|p1a: Miraidon\n|-supereffective|p1a: Miraidon\n|-damage|p1a: Miraidon|0 fnt\n|faint|p1a: Miraidon\n|\n|-heal|p2a: Clodsire|61\/100|[from] item: Leftovers\n|upkeep\n|\n|t:|1701194886\n|switch|p1a: Koraidon|Koraidon|100\/100\n|-damage|p1a: Koraidon|94\/100|[from] Stealth Rock\n|-weather|SunnyDay|[from] ability: Orichalcum Pulse|[of] p1a: Koraidon\n|-activate|p1a: Koraidon|Orichalcum Pulse|[source]\n|turn|15\n|\n|t:|1701194890\n|switch|p2a: Great Tusk|Great Tusk|100\/100\n|-activate|p2a: Great Tusk|ability: Protosynthesis\n|-start|p2a: Great Tusk|protosynthesisdef\n|move|p1a: Koraidon|Dragon Claw|p2a: Great Tusk\n|-damage|p2a: Great Tusk|78\/100\n|\n|-weather|SunnyDay|[upkeep]\n|-fieldend|move: Electric Terrain\n|upkeep\n|turn|16\n|\n|t:|1701194894\n|move|p1a: Koraidon|Dragon Claw|p2a: Great Tusk\n|-damage|p2a: Great Tusk|56\/100\n|move|p2a: Great Tusk|Play Rough|p1a: Koraidon\n|-supereffective|p1a: Koraidon\n|-damage|p1a: Koraidon|0 fnt\n|faint|p1a: Koraidon\n|\n|-weather|SunnyDay|[upkeep]\n|upkeep\n|\n|t:|1701194900\n|switch|p1a: Zacian|Zacian-Crowned, shiny|83\/100\n|-damage|p1a: Zacian|77\/100|[from] Stealth Rock\n|turn|17\n|\n|t:|1701194902\n|-end|p2a: Great Tusk|Protosynthesis|[silent]\n|switch|p2a: Dondozo|Dondozo, M|100\/100 slp\n|move|p1a: Zacian|Play Rough|p2a: Dondozo|[miss]\n|-miss|p1a: Zacian|p2a: Dondozo\n|\n|-weather|SunnyDay|[upkeep]\n|upkeep\n|turn|18\n|\n|t:|1701194906\n|switch|p2a: Toxapex|Toxapex, F|57\/100\n|move|p1a: Zacian|Play Rough|p2a: Toxapex\n|-resisted|p2a: Toxapex\n|-damage|p2a: Toxapex|42\/100\n|\n|-weather|SunnyDay|[upkeep]\n|-heal|p2a: Toxapex|48\/100|[from] item: Leftovers\n|upkeep\n|turn|19\n|\n|t:|1701194913\n|switch|p2a: Dondozo|Dondozo, M|100\/100 slp\n|move|p1a: Zacian|Wild Charge|p2a: Dondozo\n|-supereffective|p2a: Dondozo\n|-crit|p2a: Dondozo\n|-damage|p2a: Dondozo|57\/100 slp\n|-damage|p1a: Zacian|60\/100|[from] Recoil\n|\n|-weather|none\n|-heal|p2a: Dondozo|63\/100 slp|[from] item: Leftovers\n|upkeep\n|turn|20\n|\n|t:|1701194919\n|switch|p2a: Great Tusk|Great Tusk|56\/100\n|-enditem|p2a: Great Tusk|Booster Energy\n|-activate|p2a: Great Tusk|ability: Protosynthesis|[fromitem]\n|-start|p2a: Great Tusk|protosynthesisdef\n|move|p1a: Zacian|Play Rough|p2a: Great Tusk\n|-supereffective|p2a: Great Tusk\n|-damage|p2a: Great Tusk|17\/100\n|\n|upkeep\n|turn|21\n|\n|t:|1701194928\n|move|p1a: Zacian|Play Rough|p2a: Great Tusk|[miss]\n|-miss|p1a: Zacian|p2a: Great Tusk\n|move|p2a: Great Tusk|Headlong Rush|p1a: Zacian\n|-supereffective|p1a: Zacian\n|-damage|p1a: Zacian|0 fnt\n|-unboost|p2a: Great Tusk|def|1\n|-unboost|p2a: Great Tusk|spd|1\n|faint|p1a: Zacian\n|\n|upkeep\n|\n|t:|1701194930\n|switch|p1a: Ditto|Ditto|100\/100\n|-damage|p1a: Ditto|88\/100|[from] Stealth Rock\n|-transform|p1a: Ditto|p2a: Great Tusk|[from] ability: Imposter\n|turn|22\n|\n|t:|1701194943\n|-end|p2a: Great Tusk|Protosynthesis|[silent]\n|switch|p2a: Gholdengo|Gholdengo|100\/100\n|-item|p2a: Gholdengo|Air Balloon\n|move|p1a: Ditto|Headlong Rush|p2a: Gholdengo\n|-immune|p2a: Gholdengo\n|\n|upkeep\n|turn|23\n|\n|t:|1701194948\n|move|p1a: Ditto|Headlong Rush|p2a: Gholdengo\n|-immune|p2a: Gholdengo\n|move|p2a: Gholdengo|Shadow Ball|p1a: Ditto\n|-damage|p1a: Ditto|0 fnt\n|faint|p1a: Ditto\n|-end|p1a: Ditto|Protosynthesis|[silent]\n|\n|upkeep\n|\n|t:|1701194949\n|switch|p1a: Calyrex|Calyrex-Shadow|100\/100\n|-ability|p1a: Calyrex|As One\n|-ability|p1a: Calyrex|Unnerve\n|-damage|p1a: Calyrex|88\/100|[from] Stealth Rock\n|turn|24\n|\n|t:|1701194954\n|switch|p2a: Blissey|Blissey, F|100\/100\n|-terastallize|p1a: Calyrex|Ghost\n|move|p1a: Calyrex|Psyshock|p2a: Blissey\n|-damage|p2a: Blissey|24\/100\n|\n|upkeep\n|turn|25\n|\n|t:|1701194959\n|-terastallize|p2a: Blissey|Dark\n|move|p1a: Calyrex|Psyshock|p2a: Blissey\n|-immune|p2a: Blissey\n|move|p2a: Blissey|Shadow Ball|p1a: Calyrex\n|-supereffective|p1a: Calyrex\n|-damage|p1a: Calyrex|57\/100\n|\n|upkeep\n|turn|26\n|-message|Masterofallformats forfeited.\n|\n|win|relsekeel\n|raw|Masterofallformats's rating: 1493 &rarr; <strong>1482<\/strong><br \/>(-11 for losing)\n|raw|relsekeel's rating: 1662 &rarr; <strong>1673<\/strong><br \/>(+11 for winning)\n|l|\u2606Masterofallformats\n|l|\u2606relsekeel\n","uploadtime":1701195265,"views":1,"p1id":"masterofallformats","p2id":"relsekeel","formatid":"gen9anythinggoes","rating":1482,"private":0,"password":""}