{"id":"gen9anythinggoes-1992439187","p1":"Flacko2nice","p2":"theblandino","format":"[Gen 9] Anything Goes","log":"|j|\u2606Flacko2nice\n|j|\u2606theblandino\n|t:|1700187711\n|gametype|singles\n|player|p1|Flacko2nice|ingo|\n|player|p2|theblandino|yellow|\n|teamsize|p1|6\n|teamsize|p2|6\n|gen|9\n|tier|[Gen 9] Anything Goes\n|rule|HP Percentage Mod: HP is shown in percentages\n|rule|Endless Battle Clause: Forcing endless battles is banned\n|clearpoke\n|poke|p1|Hatterene, F|\n|poke|p1|Grimmsnarl, M|\n|poke|p1|Enamorus, F|\n|poke|p1|Bellibolt, M|\n|poke|p1|Annihilape, M|\n|poke|p1|Greninja-*, M|\n|poke|p2|Slowking, M|\n|poke|p2|Gallade, M|\n|poke|p2|Tyranitar, F|\n|poke|p2|Monferno, F|\n|poke|p2|Iron Treads|\n|poke|p2|Lycanroc, M|\n|teampreview\n|j| caligulahar\n|\n|t:|1700187730\n|start\n|switch|p1a: Pain 1993|Grimmsnarl, M, shiny|100\/100\n|switch|p2a: Edgar Partinus|Gallade, M, shiny|100\/100\n|turn|1\n|\n|t:|1700187738\n|move|p1a: Pain 1993|Reflect|p1a: Pain 1993\n|-sidestart|p1: Flacko2nice|Reflect\n|move|p2a: Edgar Partinus|Trick Room|p2a: Edgar Partinus\n|-fieldstart|move: Trick Room|[of] p2a: Edgar Partinus\n|\n|upkeep\n|turn|2\n|\n|t:|1700187761\n|move|p1a: Pain 1993|Light Screen|p1a: Pain 1993\n|-sidestart|p1: Flacko2nice|move: Light Screen\n|move|p2a: Edgar Partinus|Teleport|p2a: Edgar Partinus\n|\n|t:|1700187765\n|switch|p2a: Ptumri|Slowking, M, shiny|100\/100|[from] Teleport\n|\n|upkeep\n|turn|3\n|\n|t:|1700187778\n|move|p1a: Pain 1993|Parting Shot|p2a: Ptumri\n|-unboost|p2a: Ptumri|atk|1\n|-unboost|p2a: Ptumri|spa|1\n|\n|t:|1700187782\n|switch|p1a: Take Care|Hatterene, F|100\/100|[from] Parting Shot\n|move|p2a: Ptumri|Calm Mind|p2a: Ptumri\n|-boost|p2a: Ptumri|spa|1\n|-boost|p2a: Ptumri|spd|1\n|\n|upkeep\n|turn|4\n|\n|t:|1700187795\n|move|p2a: Ptumri|Calm Mind|p2a: Ptumri\n|-boost|p2a: Ptumri|spa|1\n|-boost|p2a: Ptumri|spd|1\n|move|p1a: Take Care|Calm Mind|p1a: Take Care\n|-boost|p1a: Take Care|spa|1\n|-boost|p1a: Take Care|spd|1\n|\n|upkeep\n|turn|5\n|\n|t:|1700187803\n|move|p2a: Ptumri|Psyshock|p1a: Take Care\n|-resisted|p1a: Take Care\n|-damage|p1a: Take Care|84\/100\n|-damage|p2a: Ptumri|91\/100|[from] item: Life Orb\n|move|p1a: Take Care|Dazzling Gleam|p2a: Ptumri\n|-damage|p2a: Ptumri|68\/100\n|\n|-heal|p1a: Take Care|89\/100|[from] item: Leftovers\n|-fieldend|move: Trick Room\n|upkeep\n|turn|6\n|\n|t:|1700187812\n|move|p1a: Take Care|Calm Mind|p1a: Take Care\n|-boost|p1a: Take Care|spa|1\n|-boost|p1a: Take Care|spd|1\n|move|p2a: Ptumri|Calm Mind|p2a: Ptumri\n|-boost|p2a: Ptumri|spa|1\n|-boost|p2a: Ptumri|spd|1\n|\n|-heal|p1a: Take Care|95\/100|[from] item: Leftovers\n|upkeep\n|turn|7\n|\n|t:|1700187822\n|move|p1a: Take Care|Dazzling Gleam|p2a: Ptumri\n|-damage|p2a: Ptumri|41\/100\n|move|p2a: Ptumri|Calm Mind|p2a: Ptumri\n|-boost|p2a: Ptumri|spa|1\n|-boost|p2a: Ptumri|spd|1\n|\n|-heal|p1a: Take Care|100\/100|[from] item: Leftovers\n|upkeep\n|turn|8\n|\n|t:|1700187829\n|move|p1a: Take Care|Dazzling Gleam|p2a: Ptumri\n|-damage|p2a: Ptumri|19\/100\n|move|p2a: Ptumri|Slack Off|p2a: Ptumri\n|-heal|p2a: Ptumri|69\/100\n|\n|-sideend|p1: Flacko2nice|Reflect\n|upkeep\n|turn|9\n|\n|t:|1700187836\n|move|p1a: Take Care|Dazzling Gleam|p2a: Ptumri\n|-damage|p2a: Ptumri|47\/100\n|move|p2a: Ptumri|Slack Off|p2a: Ptumri\n|-heal|p2a: Ptumri|97\/100\n|\n|-sideend|p1: Flacko2nice|move: Light Screen\n|upkeep\n|turn|10\n|\n|t:|1700187844\n|switch|p1a: Pain 1993|Grimmsnarl, M, shiny|100\/100\n|move|p2a: Ptumri|Psyshock|p1a: Pain 1993\n|-immune|p1a: Pain 1993\n|\n|upkeep\n|turn|11\n|\n|t:|1700187850\n|move|p1a: Pain 1993|Light Screen|p1a: Pain 1993\n|-sidestart|p1: Flacko2nice|move: Light Screen\n|move|p2a: Ptumri|Flamethrower|p1a: Pain 1993\n|-damage|p1a: Pain 1993|64\/100\n|-status|p1a: Pain 1993|brn\n|-damage|p2a: Ptumri|87\/100|[from] item: Life Orb\n|\n|-damage|p1a: Pain 1993|58\/100 brn|[from] brn\n|upkeep\n|turn|12\n|\n|t:|1700187858\n|move|p1a: Pain 1993|Reflect|p1a: Pain 1993\n|-sidestart|p1: Flacko2nice|Reflect\n|move|p2a: Ptumri|Calm Mind|p2a: Ptumri\n|-boost|p2a: Ptumri|spa|1\n|-boost|p2a: Ptumri|spd|1\n|\n|-damage|p1a: Pain 1993|52\/100 brn|[from] brn\n|upkeep\n|turn|13\n|\n|t:|1700187864\n|move|p1a: Pain 1993|Parting Shot|p2a: Ptumri\n|-unboost|p2a: Ptumri|atk|1\n|-unboost|p2a: Ptumri|spa|1\n|\n|t:|1700187869\n|switch|p1a: Bellibolt|Bellibolt, M|100\/100|[from] Parting Shot\n|move|p2a: Ptumri|Calm Mind|p2a: Ptumri\n|-boost|p2a: Ptumri|spa|1\n|-boost|p2a: Ptumri|spd|1\n|\n|upkeep\n|turn|14\n|\n|t:|1700187886\n|move|p1a: Bellibolt|Toxic|p2a: Ptumri\n|-status|p2a: Ptumri|tox\n|move|p2a: Ptumri|Psyshock|p1a: Bellibolt\n|-damage|p1a: Bellibolt|40\/100\n|-start|p1a: Bellibolt|Charge|Psyshock|[from] ability: Electromorphosis\n|-damage|p2a: Ptumri|77\/100 tox|[from] item: Life Orb\n|\n|-heal|p1a: Bellibolt|46\/100|[from] item: Leftovers\n|-damage|p2a: Ptumri|71\/100 tox|[from] psn\n|upkeep\n|turn|15\n|\n|t:|1700187897\n|switch|p1a: Take Care|Hatterene, F|100\/100\n|move|p2a: Ptumri|Psyshock|p1a: Take Care\n|-resisted|p1a: Take Care\n|-damage|p1a: Take Care|66\/100\n|-damage|p2a: Ptumri|61\/100 tox|[from] item: Life Orb\n|\n|-heal|p1a: Take Care|72\/100|[from] item: Leftovers\n|-damage|p2a: Ptumri|49\/100 tox|[from] psn\n|upkeep\n|turn|16\n|\n|t:|1700187908\n|move|p1a: Take Care|Calm Mind|p1a: Take Care\n|-boost|p1a: Take Care|spa|1\n|-boost|p1a: Take Care|spd|1\n|move|p2a: Ptumri|Slack Off|p2a: Ptumri\n|-heal|p2a: Ptumri|99\/100 tox\n|\n|-heal|p1a: Take Care|78\/100|[from] item: Leftovers\n|-damage|p2a: Ptumri|81\/100 tox|[from] psn\n|upkeep\n|turn|17\n|\n|t:|1700187916\n|move|p1a: Take Care|Calm Mind|p1a: Take Care\n|-boost|p1a: Take Care|spa|1\n|-boost|p1a: Take Care|spd|1\n|move|p2a: Ptumri|Psyshock|p1a: Take Care\n|-resisted|p1a: Take Care\n|-damage|p1a: Take Care|44\/100\n|-damage|p2a: Ptumri|71\/100 tox|[from] item: Life Orb\n|\n|-heal|p1a: Take Care|50\/100|[from] item: Leftovers\n|-damage|p2a: Ptumri|47\/100 tox|[from] psn\n|upkeep\n|turn|18\n|\n|t:|1700187926\n|move|p1a: Take Care|Calm Mind|p1a: Take Care\n|-boost|p1a: Take Care|spa|1\n|-boost|p1a: Take Care|spd|1\n|move|p2a: Ptumri|Slack Off|p2a: Ptumri\n|-heal|p2a: Ptumri|97\/100 tox\n|\n|-heal|p1a: Take Care|56\/100|[from] item: Leftovers\n|-damage|p2a: Ptumri|66\/100 tox|[from] psn\n|-sideend|p1: Flacko2nice|move: Light Screen\n|upkeep\n|turn|19\n|\n|t:|1700187938\n|move|p1a: Take Care|Calm Mind|p1a: Take Care\n|-boost|p1a: Take Care|spa|1\n|-boost|p1a: Take Care|spd|1\n|move|p2a: Ptumri|Psyshock|p1a: Take Care\n|-resisted|p1a: Take Care\n|-damage|p1a: Take Care|0 fnt\n|faint|p1a: Take Care\n|-damage|p2a: Ptumri|56\/100 tox|[from] item: Life Orb\n|\n|-damage|p2a: Ptumri|20\/100 tox|[from] psn\n|-sideend|p1: Flacko2nice|Reflect\n|upkeep\n|\n|t:|1700187947\n|switch|p1a: Pain 1993|Grimmsnarl, M, shiny|52\/100 brn\n|turn|20\n|\n|t:|1700187953\n|switch|p2a: Shawn Froste|Lycanroc, M, shiny|100\/100\n|move|p1a: Pain 1993|Light Screen|p1a: Pain 1993\n|-sidestart|p1: Flacko2nice|move: Light Screen\n|\n|-damage|p1a: Pain 1993|46\/100 brn|[from] brn\n|upkeep\n|turn|21\n|\n|t:|1700187964\n|-terastallize|p2a: Shawn Froste|Fairy\n|move|p1a: Pain 1993|Reflect|p1a: Pain 1993\n|-sidestart|p1: Flacko2nice|Reflect\n|move|p2a: Shawn Froste|Brick Break|p1a: Pain 1993\n|-sideend|p1: Flacko2nice|Reflect\n|-sideend|p1: Flacko2nice|move: Light Screen\n|-damage|p1a: Pain 1993|2\/100 brn\n|-damage|p2a: Shawn Froste|91\/100|[from] item: Life Orb\n|\n|-damage|p1a: Pain 1993|0 fnt|[from] brn\n|faint|p1a: Pain 1993\n|upkeep\n|\n|t:|1700187977\n|switch|p1a: Marvin's Room|Enamorus, F|100\/100\n|turn|22\n|\n|t:|1700187984\n|switch|p2a: Edgar Partinus|Gallade, M, shiny|100\/100\n|move|p1a: Marvin's Room|Superpower|p2a: Edgar Partinus\n|-resisted|p2a: Edgar Partinus\n|-damage|p2a: Edgar Partinus|82\/100\n|-boost|p1a: Marvin's Room|atk|1\n|-boost|p1a: Marvin's Room|def|1\n|\n|-heal|p2a: Edgar Partinus|88\/100|[from] item: Leftovers\n|upkeep\n|turn|23\n|\n|t:|1700188021\n|move|p1a: Marvin's Room|Moonblast|p2a: Edgar Partinus\n|-supereffective|p2a: Edgar Partinus\n|-damage|p2a: Edgar Partinus|15\/100\n|move|p2a: Edgar Partinus|Trick Room|p2a: Edgar Partinus\n|-fieldstart|move: Trick Room|[of] p2a: Edgar Partinus\n|\n|-heal|p2a: Edgar Partinus|21\/100|[from] item: Leftovers\n|upkeep\n|turn|24\n|\n|t:|1700188036\n|move|p2a: Edgar Partinus|Shadow Claw|p1a: Marvin's Room\n|-damage|p1a: Marvin's Room|83\/100\n|move|p1a: Marvin's Room|Superpower|p2a: Edgar Partinus\n|-resisted|p2a: Edgar Partinus\n|-damage|p2a: Edgar Partinus|0 fnt\n|-boost|p1a: Marvin's Room|atk|1\n|-boost|p1a: Marvin's Room|def|1\n|faint|p2a: Edgar Partinus\n|\n|upkeep\n|\n|t:|1700188053\n|switch|p2a: Thor Stoutberg|Tyranitar, F|100\/100\n|-weather|Sandstorm|[from] ability: Sand Stream|[of] p2a: Thor Stoutberg\n|turn|25\n|\n|t:|1700188067\n|move|p2a: Thor Stoutberg|Iron Head|p1a: Marvin's Room\n|-supereffective|p1a: Marvin's Room\n|-damage|p1a: Marvin's Room|49\/100\n|move|p1a: Marvin's Room|Superpower|p2a: Thor Stoutberg\n|-supereffective|p2a: Thor Stoutberg\n|-damage|p2a: Thor Stoutberg|0 fnt\n|-boost|p1a: Marvin's Room|atk|1\n|-boost|p1a: Marvin's Room|def|1\n|faint|p2a: Thor Stoutberg\n|\n|-weather|Sandstorm|[upkeep]\n|-damage|p1a: Marvin's Room|43\/100|[from] Sandstorm\n|upkeep\n|\n|t:|1700188082\n|switch|p2a: Shawn Froste|Lycanroc, M, shiny, tera:Fairy|91\/100\n|turn|26\n|\n|t:|1700188110\n|move|p2a: Shawn Froste|Accelerock|p1a: Marvin's Room\n|-supereffective|p1a: Marvin's Room\n|-damage|p1a: Marvin's Room|7\/100\n|-damage|p2a: Shawn Froste|81\/100|[from] item: Life Orb\n|move|p1a: Marvin's Room|Psychic|p2a: Shawn Froste\n|-damage|p2a: Shawn Froste|28\/100\n|-unboost|p2a: Shawn Froste|spd|1\n|\n|-weather|Sandstorm|[upkeep]\n|-damage|p1a: Marvin's Room|1\/100|[from] Sandstorm\n|upkeep\n|turn|27\n|\n|t:|1700188127\n|move|p2a: Shawn Froste|Accelerock|p1a: Marvin's Room\n|-supereffective|p1a: Marvin's Room\n|-damage|p1a: Marvin's Room|0 fnt\n|faint|p1a: Marvin's Room\n|-damage|p2a: Shawn Froste|18\/100|[from] item: Life Orb\n|\n|-weather|Sandstorm|[upkeep]\n|-fieldend|move: Trick Room\n|upkeep\n|\n|t:|1700188136\n|switch|p1a: 21 Savage|Greninja, M|100\/100\n|turn|28\n|\n|t:|1700188144\n|move|p1a: 21 Savage|Water Shuriken|p2a: Shawn Froste\n|-damage|p2a: Shawn Froste|2\/100\n|-damage|p2a: Shawn Froste|0 fnt\n|faint|p2a: Shawn Froste\n|-ability|p1a: 21 Savage|Battle Bond|boost\n|-boost|p1a: 21 Savage|atk|1\n|-boost|p1a: 21 Savage|spa|1\n|-boost|p1a: 21 Savage|spe|1\n|-activate|p1a: 21 Savage|ability: Battle Bond\n|-hitcount|p2: Shawn Froste|2\n|\n|-weather|Sandstorm|[upkeep]\n|-damage|p1a: 21 Savage|95\/100|[from] Sandstorm\n|upkeep\n|\n|t:|1700188167\n|switch|p2a: Mecha-Mark|Iron Treads|100\/100\n|-enditem|p2a: Mecha-Mark|Booster Energy\n|-activate|p2a: Mecha-Mark|ability: Quark Drive|[fromitem]\n|-start|p2a: Mecha-Mark|quarkdrivespe\n|turn|29\n|\n|t:|1700188177\n|move|p1a: 21 Savage|Water Shuriken|p2a: Mecha-Mark\n|-supereffective|p2a: Mecha-Mark\n|-damage|p2a: Mecha-Mark|74\/100\n|-supereffective|p2a: Mecha-Mark\n|-damage|p2a: Mecha-Mark|46\/100\n|-hitcount|p2a: Mecha-Mark|2\n|move|p2a: Mecha-Mark|Knock Off|p1a: 21 Savage\n|-resisted|p1a: 21 Savage\n|-damage|p1a: 21 Savage|70\/100\n|-enditem|p1a: 21 Savage|Choice Scarf|[from] move: Knock Off|[of] p2a: Mecha-Mark\n|\n|-weather|none\n|upkeep\n|turn|30\n|\n|t:|1700188188\n|move|p1a: 21 Savage|Water Shuriken|p2a: Mecha-Mark\n|-supereffective|p2a: Mecha-Mark\n|-damage|p2a: Mecha-Mark|15\/100\n|-supereffective|p2a: Mecha-Mark\n|-damage|p2a: Mecha-Mark|0 fnt\n|faint|p2a: Mecha-Mark\n|-end|p2a: Mecha-Mark|Quark Drive|[silent]\n|-hitcount|p2: Mecha-Mark|2\n|\n|upkeep\n|\n|t:|1700188195\n|switch|p2a: Simian Ayp|Monferno, F, shiny|100\/100\n|turn|31\n|\n|t:|1700188200\n|move|p1a: 21 Savage|Water Shuriken|p2a: Simian Ayp\n|-supereffective|p2a: Simian Ayp\n|-damage|p2a: Simian Ayp|84\/100\n|-supereffective|p2a: Simian Ayp\n|-damage|p2a: Simian Ayp|69\/100\n|-hitcount|p2a: Simian Ayp|2\n|move|p2a: Simian Ayp|Mach Punch|p1a: 21 Savage\n|-supereffective|p1a: 21 Savage\n|-damage|p1a: 21 Savage|27\/100\n|\n|upkeep\n|turn|32\n|\n|t:|1700188210\n|move|p1a: 21 Savage|Water Shuriken|p2a: Simian Ayp\n|-supereffective|p2a: Simian Ayp\n|-damage|p2a: Simian Ayp|52\/100\n|-supereffective|p2a: Simian Ayp\n|-crit|p2a: Simian Ayp\n|-damage|p2a: Simian Ayp|26\/100\n|-hitcount|p2a: Simian Ayp|2\n|move|p2a: Simian Ayp|Mach Punch|p1a: 21 Savage\n|-supereffective|p1a: 21 Savage\n|-damage|p1a: 21 Savage|0 fnt\n|faint|p1a: 21 Savage\n|\n|upkeep\n|\n|t:|1700188219\n|switch|p1a: Bellibolt|Bellibolt, M|46\/100\n|turn|33\n|\n|t:|1700188223\n|move|p2a: Simian Ayp|Slack Off|p2a: Simian Ayp\n|-heal|p2a: Simian Ayp|76\/100\n|move|p1a: Bellibolt|Toxic|p2a: Simian Ayp\n|-status|p2a: Simian Ayp|tox\n|\n|-heal|p1a: Bellibolt|52\/100|[from] item: Leftovers\n|-damage|p2a: Simian Ayp|70\/100 tox|[from] psn\n|upkeep\n|turn|34\n|\n|t:|1700188231\n|move|p2a: Simian Ayp|Knock Off|p1a: Bellibolt\n|-damage|p1a: Bellibolt|37\/100\n|-start|p1a: Bellibolt|Charge|Knock Off|[from] ability: Electromorphosis\n|-enditem|p1a: Bellibolt|Leftovers|[from] move: Knock Off|[of] p2a: Simian Ayp\n|move|p1a: Bellibolt|Slack Off|p1a: Bellibolt\n|-heal|p1a: Bellibolt|87\/100\n|\n|-damage|p2a: Simian Ayp|58\/100 tox|[from] psn\n|upkeep\n|turn|35\n|\n|t:|1700188242\n|move|p2a: Simian Ayp|Slack Off|p2a: Simian Ayp\n|-heal|p2a: Simian Ayp|100\/100 tox\n|move|p1a: Bellibolt|Thunder|p2a: Simian Ayp\n|-damage|p2a: Simian Ayp|20\/100 tox\n|-end|p1a: Bellibolt|Charge|[silent]\n|\n|-damage|p2a: Simian Ayp|2\/100 tox|[from] psn\n|upkeep\n|turn|36\n|\n|t:|1700188257\n|move|p2a: Simian Ayp|Mach Punch|p1a: Bellibolt\n|-damage|p1a: Bellibolt|74\/100\n|-start|p1a: Bellibolt|Charge|Mach Punch|[from] ability: Electromorphosis\n|move|p1a: Bellibolt|Thunder|p2a: Simian Ayp|[miss]\n|-miss|p1a: Bellibolt|p2a: Simian Ayp\n|-end|p1a: Bellibolt|Charge|[silent]\n|\n|-damage|p2a: Simian Ayp|0 fnt|[from] psn\n|faint|p2a: Simian Ayp\n|upkeep\n|\n|t:|1700188265\n|switch|p2a: Ptumri|Slowking, M, shiny|53\/100 tox\n|turn|37\n|\n|t:|1700188273\n|move|p1a: Bellibolt|Thunder|p2a: Ptumri\n|-supereffective|p2a: Ptumri\n|-damage|p2a: Ptumri|0 fnt\n|faint|p2a: Ptumri\n|\n|win|Flacko2nice\n|l|\u2606theblandino\n","uploadtime":1700188279,"views":12,"p1id":"flacko2nice","p2id":"theblandino","formatid":"gen9anythinggoes","rating":0,"private":0,"password":""}