{"id":"gen9anythinggoes-1999636801","p1":"Carnagebest","p2":"Alexrandom16","format":"[Gen 9] Anything Goes","log":"|j|\u2606Carnagebest\n|j|\u2606Alexrandom16\n|t:|1701103362\n|gametype|singles\n|player|p1|Carnagebest|169|1007\n|player|p2|Alexrandom16|dancer|1140\n|teamsize|p1|2\n|teamsize|p2|6\n|gen|9\n|tier|[Gen 9] Anything Goes\n|rated|\n|rule|HP Percentage Mod: HP is shown in percentages\n|rule|Endless Battle Clause: Forcing endless battles is banned\n|clearpoke\n|poke|p1|Moltres-Galar|\n|poke|p1|Mew|\n|poke|p2|Garchomp, M|\n|poke|p2|Ceruledge, M|\n|poke|p2|Gyarados, M|\n|poke|p2|Regieleki|\n|poke|p2|Kingambit, F|\n|poke|p2|Glimmora, M|\n|teampreview\n|\n|t:|1701103368\n|start\n|switch|p1a: Mew|Mew, shiny|100\/100\n|switch|p2a: Glimmora|Glimmora, M, shiny|100\/100\n|turn|1\n|\n|t:|1701103380\n|move|p1a: Mew|Iron Defense|p1a: Mew\n|-boost|p1a: Mew|def|2\n|move|p2a: Glimmora|Stealth Rock|p1a: Mew\n|-sidestart|p1: Carnagebest|move: Stealth Rock\n|\n|upkeep\n|turn|2\n|\n|t:|1701103384\n|move|p1a: Mew|Nasty Plot|p1a: Mew\n|-boost|p1a: Mew|spa|2\n|move|p2a: Glimmora|Spikes|p1a: Mew\n|-sidestart|p1: Carnagebest|Spikes\n|\n|upkeep\n|turn|3\n|\n|t:|1701103390\n|move|p1a: Mew|Agility|p1a: Mew\n|-boost|p1a: Mew|spe|2\n|move|p2a: Glimmora|Gunk Shot|p1a: Mew\n|-damage|p1a: Mew|89\/100\n|-status|p1a: Mew|psn\n|-activate|p1a: Mew|ability: Synchronize\n|-immune|p2a: Glimmora\n|\n|-heal|p1a: Mew|95\/100 psn|[from] item: Leftovers\n|-damage|p1a: Mew|83\/100 psn|[from] psn\n|upkeep\n|turn|4\n|\n|t:|1701103403\n|move|p1a: Mew|Agility|p1a: Mew\n|-boost|p1a: Mew|spe|2\n|move|p2a: Glimmora|Spikes|p1a: Mew\n|-sidestart|p1: Carnagebest|Spikes\n|\n|-heal|p1a: Mew|89\/100 psn|[from] item: Leftovers\n|-damage|p1a: Mew|77\/100 psn|[from] psn\n|upkeep\n|turn|5\n|\n|t:|1701103411\n|move|p1a: Mew|Iron Defense|p1a: Mew\n|-boost|p1a: Mew|def|2\n|move|p2a: Glimmora|Spikes|p1a: Mew\n|-sidestart|p1: Carnagebest|Spikes\n|\n|-heal|p1a: Mew|83\/100 psn|[from] item: Leftovers\n|-damage|p1a: Mew|71\/100 psn|[from] psn\n|upkeep\n|turn|6\n|\n|t:|1701103419\n|move|p1a: Mew|Nasty Plot|p1a: Mew\n|-boost|p1a: Mew|spa|2\n|move|p2a: Glimmora|Acid Armor|p2a: Glimmora\n|-boost|p2a: Glimmora|def|2\n|\n|-heal|p1a: Mew|77\/100 psn|[from] item: Leftovers\n|-damage|p1a: Mew|64\/100 psn|[from] psn\n|upkeep\n|turn|7\n|\n|t:|1701103427\n|move|p1a: Mew|Nasty Plot|p1a: Mew\n|-boost|p1a: Mew|spa|2\n|move|p2a: Glimmora|Acid Armor|p2a: Glimmora\n|-boost|p2a: Glimmora|def|2\n|\n|-heal|p1a: Mew|71\/100 psn|[from] item: Leftovers\n|-damage|p1a: Mew|58\/100 psn|[from] psn\n|upkeep\n|turn|8\n|\n|t:|1701103440\n|move|p1a: Mew|Iron Defense|p1a: Mew\n|-boost|p1a: Mew|def|2\n|move|p2a: Glimmora|Acid Armor|p2a: Glimmora\n|-boost|p2a: Glimmora|def|2\n|\n|-heal|p1a: Mew|64\/100 psn|[from] item: Leftovers\n|-damage|p1a: Mew|52\/100 psn|[from] psn\n|upkeep\n|turn|9\n|\n|t:|1701103447\n|move|p1a: Mew|Agility|p1a: Mew\n|-boost|p1a: Mew|spe|2\n|move|p2a: Glimmora|Gunk Shot|p1a: Mew|[miss]\n|-miss|p2a: Glimmora|p1a: Mew\n|\n|-heal|p1a: Mew|58\/100 psn|[from] item: Leftovers\n|-damage|p1a: Mew|46\/100 psn|[from] psn\n|upkeep\n|turn|10\n|\n|t:|1701103457\n|move|p1a: Mew|Baton Pass|p1a: Mew\n|\n|t:|1701103459\n|switch|p1a: Moltres|Moltres-Galar, shiny|100\/100|[from] Baton Pass\n|-damage|p1a: Moltres|76\/100|[from] Stealth Rock\n|move|p2a: Glimmora|Gunk Shot|p1a: Moltres\n|-damage|p1a: Moltres|69\/100\n|\n|-heal|p1a: Moltres|75\/100|[from] item: Leftovers\n|upkeep\n|turn|11\n|inactive|Battle timer is ON: inactive players will automatically lose when time's up. (requested by Alexrandom16)\n|\n|t:|1701103478\n|move|p1a: Moltres|Dark Pulse|p2a: Glimmora\n|-damage|p2a: Glimmora|0 fnt\n|faint|p2a: Glimmora\n|\n|-heal|p1a: Moltres|81\/100|[from] item: Leftovers\n|upkeep\n|\n|t:|1701103485\n|switch|p2a: Ceruledge|Ceruledge, M, shiny|100\/100\n|turn|12\n|\n|t:|1701103492\n|-terastallize|p2a: Ceruledge|Fire\n|move|p1a: Moltres|Fiery Wrath|p2a: Ceruledge\n|-damage|p2a: Ceruledge|0 fnt\n|faint|p2a: Ceruledge\n|\n|-heal|p1a: Moltres|87\/100|[from] item: Leftovers\n|upkeep\n|\n|t:|1701103500\n|switch|p2a: Regieleki|Regieleki, shiny|100\/100\n|turn|13\n|\n|t:|1701103508\n|move|p1a: Moltres|Ancient Power|p2a: Regieleki\n|-enditem|p2a: Regieleki|Focus Sash\n|-damage|p2a: Regieleki|1\/100\n|move|p2a: Regieleki|Thunderbolt|p1a: Moltres\n|-supereffective|p1a: Moltres\n|-damage|p1a: Moltres|15\/100\n|\n|-heal|p1a: Moltres|21\/100|[from] item: Leftovers\n|upkeep\n|turn|14\n|\n|t:|1701103516\n|move|p1a: Moltres|Ancient Power|p2a: Regieleki\n|-damage|p2a: Regieleki|0 fnt\n|faint|p2a: Regieleki\n|\n|-heal|p1a: Moltres|27\/100|[from] item: Leftovers\n|upkeep\n|\n|t:|1701103522\n|switch|p2a: Garchomp|Garchomp, M, shiny|100\/100\n|turn|15\n|-activate|p2a: Garchomp|item: Quick Claw\n|\n|t:|1701103527\n|move|p2a: Garchomp|Scale Shot|p1a: Moltres\n|-damage|p1a: Moltres|23\/100\n|-damage|p1a: Moltres|20\/100\n|-hitcount|p1a: Moltres|2\n|-unboost|p2a: Garchomp|def|1\n|-boost|p2a: Garchomp|spe|1\n|move|p1a: Moltres|Fiery Wrath|p2a: Garchomp\n|-damage|p2a: Garchomp|0 fnt\n|faint|p2a: Garchomp\n|\n|-heal|p1a: Moltres|26\/100|[from] item: Leftovers\n|upkeep\n|\n|t:|1701103542\n|switch|p2a: Gyarados|Gyarados, M, shiny|100\/100\n|turn|16\n|\n|t:|1701103551\n|move|p1a: Moltres|Fiery Wrath|p2a: Gyarados\n|-damage|p2a: Gyarados|0 fnt\n|faint|p2a: Gyarados\n|\n|-heal|p1a: Moltres|33\/100|[from] item: Leftovers\n|upkeep\n|\n|t:|1701103556\n|switch|p2a: Kingambit|Kingambit, F, shiny|100\/100\n|-ability|p2a: Kingambit|Pressure\n|-item|p2a: Kingambit|Air Balloon\n|turn|17\n|\n|t:|1701103563\n|move|p1a: Moltres|Fiery Wrath|p2a: Kingambit\n|-resisted|p2a: Kingambit\n|-damage|p2a: Kingambit|23\/100\n|-enditem|p2a: Kingambit|Air Balloon\n|move|p2a: Kingambit|Focus Blast|p1a: Moltres\n|-damage|p1a: Moltres|11\/100\n|\n|-heal|p1a: Moltres|18\/100|[from] item: Leftovers\n|upkeep\n|turn|18\n|\n|t:|1701103578\n|move|p1a: Moltres|Hurricane|p2a: Kingambit\n|-resisted|p2a: Kingambit\n|-damage|p2a: Kingambit|0 fnt\n|faint|p2a: Kingambit\n|\n|win|Carnagebest\n|raw|Carnagebest's rating: 1007 &rarr; <strong>1060<\/strong><br \/>(+53 for winning)\n|raw|Alexrandom16's rating: 1140 &rarr; <strong>1106<\/strong><br \/>(-34 for losing)\n|l|\u2606Alexrandom16\n|c|\u2606Carnagebest|gg\n","uploadtime":1701103594,"views":7,"p1id":"carnagebest","p2id":"alexrandom16","formatid":"gen9anythinggoes","rating":1060,"private":0,"password":""}