{"id":"gen9anythinggoes-1995881265","p1":"Jamsworld","p2":"JVoid","format":"[Gen 9] Anything Goes","log":"|j|\u2606Jamsworld\n|j|\u2606JVoid\n|t:|1700613031\n|gametype|singles\n|player|p1|Jamsworld|102|1150\n|player|p2|JVoid|lucas-gen4pt|1200\n|teamsize|p1|6\n|teamsize|p2|6\n|gen|9\n|tier|[Gen 9] Anything Goes\n|rated|\n|rule|HP Percentage Mod: HP is shown in percentages\n|rule|Endless Battle Clause: Forcing endless battles is banned\n|clearpoke\n|poke|p1|Tropius, F|\n|poke|p1|Corviknight, F|\n|poke|p1|Slowbro-Galar, F|\n|poke|p1|Sinistcha-Masterpiece|\n|poke|p1|Toxapex, F|\n|poke|p1|Ribombee, F|\n|poke|p2|Ursaluna-Bloodmoon, M|\n|poke|p2|Zacian-*|\n|poke|p2|Ogerpon-Wellspring, F|\n|poke|p2|Enamorus-Therian, F|\n|poke|p2|Urshifu-*, F|\n|poke|p2|Arcanine-Hisui, F|\n|teampreview\n|inactive|Battle timer is ON: inactive players will automatically lose when time's up. (requested by Jamsworld)\n|\n|t:|1700613066\n|start\n|switch|p1a: xani|Ribombee, F, shiny|100\/100\n|switch|p2a: Urshifu|Urshifu, F|100\/100\n|turn|1\n|\n|t:|1700613086\n|move|p1a: xani|Sticky Web|p2a: Urshifu\n|-sidestart|p2: JVoid|move: Sticky Web\n|move|p2a: Urshifu|Wicked Blow|p1a: xani\n|-resisted|p1a: xani\n|-crit|p1a: xani\n|-damage|p1a: xani|38\/100\n|\n|upkeep\n|turn|2\n|\n|t:|1700613095\n|move|p1a: xani|Draining Kiss|p2a: Urshifu\n|-supereffective|p2a: Urshifu\n|-enditem|p2a: Urshifu|Focus Sash\n|-damage|p2a: Urshifu|1\/100\n|-heal|p1a: xani|100\/100|[from] drain|[of] p2a: Urshifu\n|move|p2a: Urshifu|Wicked Blow|p1a: xani\n|-resisted|p1a: xani\n|-crit|p1a: xani\n|-damage|p1a: xani|42\/100\n|\n|upkeep\n|turn|3\n|\n|t:|1700613104\n|move|p2a: Urshifu|Sucker Punch|p1a: xani\n|-resisted|p1a: xani\n|-damage|p1a: xani|5\/100\n|move|p1a: xani|Draining Kiss|p2a: Urshifu\n|-supereffective|p2a: Urshifu\n|-damage|p2a: Urshifu|0 fnt\n|-heal|p1a: xani|6\/100|[from] drain|[of] p2a: Urshifu\n|faint|p2a: Urshifu\n|\n|upkeep\n|\n|t:|1700613124\n|switch|p2a: Ursaluna|Ursaluna-Bloodmoon, M|100\/100\n|-activate|p2a: Ursaluna|move: Sticky Web\n|-unboost|p2a: Ursaluna|spe|1\n|turn|4\n|\n|t:|1700613131\n|move|p1a: xani|Draining Kiss|p2a: Ursaluna\n|-damage|p2a: Ursaluna|78\/100\n|-heal|p1a: xani|42\/100|[from] drain|[of] p2a: Ursaluna\n|move|p2a: Ursaluna|Calm Mind|p2a: Ursaluna\n|-boost|p2a: Ursaluna|spa|1\n|-boost|p2a: Ursaluna|spd|1\n|\n|-heal|p2a: Ursaluna|84\/100|[from] item: Leftovers\n|upkeep\n|turn|5\n|\n|t:|1700613140\n|move|p1a: xani|Quiver Dance|p1a: xani\n|-boost|p1a: xani|spa|1\n|-boost|p1a: xani|spd|1\n|-boost|p1a: xani|spe|1\n|move|p2a: Ursaluna|Calm Mind|p2a: Ursaluna\n|-boost|p2a: Ursaluna|spa|1\n|-boost|p2a: Ursaluna|spd|1\n|\n|-heal|p2a: Ursaluna|90\/100|[from] item: Leftovers\n|upkeep\n|turn|6\n|inactive|Jamsworld has 120 seconds left.\n|\n|t:|1700613200\n|move|p1a: xani|Draining Kiss|p2a: Ursaluna\n|-damage|p2a: Ursaluna|76\/100\n|-heal|p1a: xani|65\/100|[from] drain|[of] p2a: Ursaluna\n|move|p2a: Ursaluna|Blood Moon|p1a: xani\n|-damage|p1a: xani|0 fnt\n|faint|p1a: xani\n|\n|-heal|p2a: Ursaluna|82\/100|[from] item: Leftovers\n|upkeep\n|\n|t:|1700613214\n|switch|p1a: Gwen Stefanni|Tropius, F|100\/100\n|turn|7\n|\n|t:|1700613229\n|move|p1a: Gwen Stefanni|Swords Dance|p1a: Gwen Stefanni\n|-boost|p1a: Gwen Stefanni|atk|2\n|move|p2a: Ursaluna|Calm Mind|p2a: Ursaluna\n|-boost|p2a: Ursaluna|spa|1\n|-boost|p2a: Ursaluna|spd|1\n|\n|-heal|p2a: Ursaluna|88\/100|[from] item: Leftovers\n|upkeep\n|turn|8\n|\n|t:|1700613236\n|move|p1a: Gwen Stefanni|Substitute|p1a: Gwen Stefanni\n|-start|p1a: Gwen Stefanni|Substitute\n|-damage|p1a: Gwen Stefanni|76\/100\n|move|p2a: Ursaluna|Blood Moon|p1a: Gwen Stefanni\n|-end|p1a: Gwen Stefanni|Substitute\n|\n|-heal|p2a: Ursaluna|94\/100|[from] item: Leftovers\n|upkeep\n|turn|9\n|inactive|JVoid has 120 seconds left.\n|\n|t:|1700613269\n|move|p1a: Gwen Stefanni|Swords Dance|p1a: Gwen Stefanni\n|-boost|p1a: Gwen Stefanni|atk|2\n|move|p2a: Ursaluna|Calm Mind|p2a: Ursaluna\n|-boost|p2a: Ursaluna|spa|1\n|-boost|p2a: Ursaluna|spd|1\n|\n|-heal|p2a: Ursaluna|99\/100|[from] item: Leftovers\n|upkeep\n|turn|10\n|\n|t:|1700613276\n|move|p1a: Gwen Stefanni|Substitute|p1a: Gwen Stefanni\n|-start|p1a: Gwen Stefanni|Substitute\n|-damage|p1a: Gwen Stefanni|51\/100\n|move|p2a: Ursaluna|Blood Moon|p1a: Gwen Stefanni\n|-end|p1a: Gwen Stefanni|Substitute\n|\n|-heal|p2a: Ursaluna|100\/100|[from] item: Leftovers\n|upkeep\n|turn|11\n|inactive|Jamsworld has 120 seconds left.\n|inactive|JVoid has 120 seconds left.\n|\n|t:|1700613299\n|move|p1a: Gwen Stefanni|Leaf Blade|p2a: Ursaluna\n|-supereffective|p2a: Ursaluna\n|-damage|p2a: Ursaluna|4\/100\n|move|p2a: Ursaluna|Calm Mind|p2a: Ursaluna\n|-boost|p2a: Ursaluna|spa|1\n|-boost|p2a: Ursaluna|spd|1\n|\n|-heal|p2a: Ursaluna|10\/100|[from] item: Leftovers\n|upkeep\n|turn|12\n|inactive|Jamsworld has 120 seconds left.\n|inactive|JVoid has 120 seconds left.\n|\n|t:|1700613312\n|move|p1a: Gwen Stefanni|Leaf Blade|p2a: Ursaluna\n|-supereffective|p2a: Ursaluna\n|-damage|p2a: Ursaluna|0 fnt\n|faint|p2a: Ursaluna\n|\n|upkeep\n|inactive|JVoid has 120 seconds left.\n|\n|t:|1700613321\n|switch|p2a: Arcanine|Arcanine-Hisui, F|100\/100\n|-activate|p2a: Arcanine|move: Sticky Web\n|-unboost|p2a: Arcanine|spe|1\n|turn|13\n|inactive|Jamsworld has 120 seconds left.\n|inactive|JVoid has 120 seconds left.\n|\n|t:|1700613349\n|-terastallize|p1a: Gwen Stefanni|Water\n|move|p2a: Arcanine|Flare Blitz|p1a: Gwen Stefanni\n|-resisted|p1a: Gwen Stefanni\n|-damage|p1a: Gwen Stefanni|24\/100\n|-status|p1a: Gwen Stefanni|brn\n|-enditem|p1a: Gwen Stefanni|Salac Berry|[eat]\n|-boost|p1a: Gwen Stefanni|spe|1|[from] item: Salac Berry\n|move|p1a: Gwen Stefanni|Tera Blast|p2a: Arcanine|[anim] Tera Blast Water\n|-supereffective|p2a: Arcanine\n|-damage|p2a: Arcanine|0 fnt\n|faint|p2a: Arcanine\n|\n|-damage|p1a: Gwen Stefanni|17\/100 brn|[from] brn\n|upkeep\n|\n|t:|1700613369\n|switch|p2a: Ogerpon|Ogerpon-Wellspring, F|100\/100\n|-activate|p2a: Ogerpon|move: Sticky Web\n|-unboost|p2a: Ogerpon|spe|1\n|turn|14\n|inactive|JVoid has 90 seconds left.\n|\n|t:|1700613390\n|move|p2a: Ogerpon|Horn Leech|p1a: Gwen Stefanni\n|-supereffective|p1a: Gwen Stefanni\n|-damage|p1a: Gwen Stefanni|0 fnt\n|faint|p1a: Gwen Stefanni\n|\n|upkeep\n|\n|t:|1700613400\n|switch|p1a: Toxapex|Toxapex, F|100\/100\n|turn|15\n|\n|t:|1700613410\n|move|p2a: Ogerpon|Swords Dance|p2a: Ogerpon\n|-boost|p2a: Ogerpon|atk|2\n|move|p1a: Toxapex|Stockpile|p1a: Toxapex\n|-start|p1a: Toxapex|stockpile1\n|-boost|p1a: Toxapex|def|1\n|-boost|p1a: Toxapex|spd|1\n|\n|upkeep\n|turn|16\n|\n|t:|1700613423\n|move|p2a: Ogerpon|Ivy Cudgel|p1a: Toxapex|[anim] Ivy Cudgel Water\n|-resisted|p1a: Toxapex\n|-damage|p1a: Toxapex|71\/100\n|move|p1a: Toxapex|Stockpile|p1a: Toxapex\n|-start|p1a: Toxapex|stockpile2\n|-boost|p1a: Toxapex|def|1\n|-boost|p1a: Toxapex|spd|1\n|\n|-heal|p1a: Toxapex|77\/100|[from] item: Leftovers\n|upkeep\n|turn|17\n|\n|t:|1700613433\n|move|p2a: Ogerpon|Horn Leech|p1a: Toxapex\n|-damage|p1a: Toxapex|43\/100\n|move|p1a: Toxapex|Stockpile|p1a: Toxapex\n|-start|p1a: Toxapex|stockpile3\n|-boost|p1a: Toxapex|def|1\n|-boost|p1a: Toxapex|spd|1\n|\n|-heal|p1a: Toxapex|50\/100|[from] item: Leftovers\n|upkeep\n|turn|18\n|\n|t:|1700613441\n|move|p1a: Toxapex|Baneful Bunker|p1a: Toxapex\n|-singleturn|p1a: Toxapex|move: Protect\n|move|p2a: Ogerpon|Swords Dance|p2a: Ogerpon\n|-boost|p2a: Ogerpon|atk|2\n|\n|-heal|p1a: Toxapex|56\/100|[from] item: Leftovers\n|upkeep\n|turn|19\n|\n|t:|1700613454\n|move|p2a: Ogerpon|Horn Leech|p1a: Toxapex\n|-damage|p1a: Toxapex|12\/100\n|move|p1a: Toxapex|Swallow|p1a: Toxapex\n|-heal|p1a: Toxapex|100\/100\n|-unboost|p1a: Toxapex|def|3\n|-unboost|p1a: Toxapex|spd|3\n|-end|p1a: Toxapex|Stockpile\n|\n|upkeep\n|turn|20\n|\n|t:|1700613461\n|move|p1a: Toxapex|Baneful Bunker|p1a: Toxapex\n|-singleturn|p1a: Toxapex|move: Protect\n|move|p2a: Ogerpon|Swords Dance|p2a: Ogerpon\n|-boost|p2a: Ogerpon|atk|2\n|\n|upkeep\n|turn|21\n|inactive|JVoid has 120 seconds left.\n|\n|t:|1700613468\n|move|p2a: Ogerpon|Horn Leech|p1a: Toxapex\n|-damage|p1a: Toxapex|0 fnt\n|faint|p1a: Toxapex\n|\n|upkeep\n|\n|t:|1700613474\n|switch|p1a: Flash|Slowbro-Galar, F|100\/100\n|turn|22\n|-activate|p1a: Flash|ability: Quick Draw\n|\n|t:|1700613480\n|move|p1a: Flash|Shell Side Arm|p2a: Ogerpon|[anim] Shell Side Arm Physical\n|-supereffective|p2a: Ogerpon\n|-damage|p2a: Ogerpon|15\/100\n|-hint|Physical Shell Side Arm\n|move|p2a: Ogerpon|Ivy Cudgel|p1a: Flash|[anim] Ivy Cudgel Water\n|-damage|p1a: Flash|0 fnt\n|faint|p1a: Flash\n|\n|upkeep\n|\n|t:|1700613495\n|switch|p1a: brits|Sinistcha-Masterpiece|100\/100\n|turn|23\n|\n|t:|1700613504\n|move|p1a: brits|Shadow Ball|p2a: Ogerpon\n|-damage|p2a: Ogerpon|0 fnt\n|faint|p2a: Ogerpon\n|\n|upkeep\n|\n|t:|1700613515\n|switch|p2a: Zacian|Zacian-Crowned|100\/100\n|-activate|p2a: Zacian|move: Sticky Web\n|-unboost|p2a: Zacian|spe|1\n|-ability|p2a: Zacian|Intrepid Sword|boost\n|-boost|p2a: Zacian|atk|1\n|turn|24\n|\n|t:|1700613536\n|-terastallize|p2a: Zacian|Steel\n|move|p2a: Zacian|Behemoth Blade|p1a: brits\n|-damage|p1a: brits|0 fnt\n|faint|p1a: brits\n|\n|upkeep\n|\n|t:|1700613542\n|switch|p1a: Corviknight|Corviknight, F|100\/100\n|turn|25\n|\n|t:|1700613552\n|move|p2a: Zacian|Behemoth Blade|p1a: Corviknight\n|-resisted|p1a: Corviknight\n|-damage|p1a: Corviknight|61\/100\n|move|p1a: Corviknight|Iron Defense|p1a: Corviknight\n|-boost|p1a: Corviknight|def|2\n|\n|upkeep\n|turn|26\n|\n|t:|1700613566\n|switch|p2a: Enamorus|Enamorus-Therian, F|100\/100\n|move|p1a: Corviknight|Body Press|p2a: Enamorus\n|-resisted|p2a: Enamorus\n|-damage|p2a: Enamorus|89\/100\n|\n|upkeep\n|turn|27\n|\n|t:|1700613576\n|move|p1a: Corviknight|Body Slam|p2a: Enamorus\n|-damage|p2a: Enamorus|71\/100\n|move|p2a: Enamorus|Mystical Fire|p1a: Corviknight\n|-supereffective|p1a: Corviknight\n|-damage|p1a: Corviknight|5\/100\n|-ability|p1a: Corviknight|Mirror Armor\n|-unboost|p2a: Enamorus|spa|1\n|\n|upkeep\n|turn|28\n|\n|t:|1700613592\n|move|p1a: Corviknight|Body Slam|p2a: Enamorus\n|-damage|p2a: Enamorus|54\/100\n|move|p2a: Enamorus|Mystical Fire|p1a: Corviknight\n|-supereffective|p1a: Corviknight\n|-damage|p1a: Corviknight|0 fnt\n|faint|p1a: Corviknight\n|\n|win|JVoid\n|raw|Jamsworld's rating: 1150 &rarr; <strong>1129<\/strong><br \/>(-21 for losing)\n|raw|JVoid's rating: 1200 &rarr; <strong>1221<\/strong><br \/>(+21 for winning)\n|c|\u2606Jamsworld|gg\n|l|\u2606Jamsworld\n","uploadtime":1700613605,"views":0,"p1id":"jamsworld","p2id":"jvoid","formatid":"gen9anythinggoes","rating":1129,"private":0,"password":""}