{"id":"gen9anythinggoes-1998078487","p1":"orichalcum puise","p2":"laprasplayer","format":"[Gen 9] Anything Goes","log":"|j|\u2606orichalcum puise\n|j|\u2606laprasplayer\n|inactive|Battle timer is ON: inactive players will automatically lose when time's up.\n|t:|1700887814\n|gametype|singles\n|player|p1|orichalcum puise|lusamine-nihilego|\n|player|p2|laprasplayer|waitress-gen4|\n|teamsize|p1|6\n|teamsize|p2|6\n|gen|9\n|tier|[Gen 9] Anything Goes\n|rated|Tournament battle\n|rule|HP Percentage Mod: HP is shown in percentages\n|rule|Endless Battle Clause: Forcing endless battles is banned\n|rule|Frantic Fusions Mod: Pok\u00e9mon nicknamed after another Pok\u00e9mon get buffed stats and more abilities.\n|rule|Sleep Moves Clause: Sleep-inducing moves are banned\n|rule|Species Clause: Limit one of each Pok\u00e9mon\n|rule|OHKO Clause: OHKO moves are banned\n|rule|Evasion Moves Clause: Evasion moves are banned\n|clearpoke\n|poke|p1|Kyogre|\n|poke|p1|Umbreon, F|\n|poke|p1|Chansey, F|\n|poke|p1|Arceus|\n|poke|p1|Giratina|\n|poke|p1|Calyrex-Ice|\n|poke|p2|Rayquaza|\n|poke|p2|Eternatus|\n|poke|p2|Zacian-*|\n|poke|p2|Miraidon|\n|poke|p2|Kyogre|\n|poke|p2|Dialga|\n|teampreview\n|inactive|orichalcum puise also wants the timer to be on.\n|j| Box133\n|c|\u2606laprasplayer|hf\n|\n|t:|1700887822\n|start\n|switch|p1a: Ditto|Chansey, F|100\/100\n|switch|p2a: Enamorus|Miraidon|100\/100\n|-transform|p1a: Ditto|p2a: Enamorus|[from] ability: Imposter\n|turn|1\n|c|\u2606orichalcum puise|u2\n|\n|t:|1700887840\n|move|p1a: Ditto|Draco Meteor|p2a: Enamorus\n|-supereffective|p2a: Enamorus\n|-enditem|p2a: Enamorus|Focus Sash\n|-damage|p2a: Enamorus|1\/100\n|-boost|p1a: Ditto|spa|2\n|move|p2a: Enamorus|Draco Meteor|p1a: Ditto\n|-supereffective|p1a: Ditto\n|-damage|p1a: Ditto|57\/100\n|-boost|p2a: Enamorus|spa|2\n|\n|upkeep\n|turn|2\n|\n|t:|1700887859\n|switch|p2a: Golem-Alola|Zacian-Crowned|100\/100\n|-ability|p2a: Golem-Alola|Intrepid Sword|boost\n|-boost|p2a: Golem-Alola|atk|1\n|-terastallize|p1a: Ditto|Water\n|move|p1a: Ditto|Volt Switch|p2a: Golem-Alola\n|-damage|p2a: Golem-Alola|31\/100\n|\n|t:|1700887866\n|switch|p1a: Toxapex|Giratina|100\/100|[from] Volt Switch\n|\n|upkeep\n|turn|3\n|c|\u2606laprasplayer|ah shoot\n|\n|t:|1700887872\n|move|p2a: Golem-Alola|Substitute|p2a: Golem-Alola\n|-start|p2a: Golem-Alola|Substitute\n|-damage|p2a: Golem-Alola|6\/100\n|move|p1a: Toxapex|Will-O-Wisp||[still]\n|-fail|p1a: Toxapex\n|\n|upkeep\n|turn|4\n|\n|t:|1700887880\n|switch|p1a: Medicham|Arceus|100\/100\n|move|p2a: Golem-Alola|Swords Dance|p2a: Golem-Alola\n|-boost|p2a: Golem-Alola|atk|2\n|\n|upkeep\n|turn|5\n|\n|t:|1700887884\n|move|p1a: Medicham|Extreme Speed|p2a: Golem-Alola\n|-resisted|p2a: Golem-Alola\n|-end|p2a: Golem-Alola|Substitute\n|move|p2a: Golem-Alola|Play Rough|p1a: Medicham|[miss]\n|-miss|p2a: Golem-Alola|p1a: Medicham\n|\n|upkeep\n|turn|6\n|\n|t:|1700887890\n|switch|p2a: Enamorus|Miraidon|1\/100\n|move|p1a: Medicham|Extreme Speed|p2a: Enamorus\n|-damage|p2a: Enamorus|0 fnt\n|faint|p2a: Enamorus\n|\n|upkeep\n|\n|t:|1700887894\n|switch|p2a: Hatterene|Eternatus|100\/100\n|turn|7\n|c|\u2606laprasplayer|that sucks a lot\n|\n|t:|1700887919\n|move|p1a: Medicham|Swords Dance|p1a: Medicham\n|-boost|p1a: Medicham|atk|2\n|move|p2a: Hatterene|Toxic|p1a: Medicham\n|-status|p1a: Medicham|tox\n|\n|-damage|p1a: Medicham|94\/100 tox|[from] psn\n|upkeep\n|turn|8\n|\n|t:|1700887926\n|-terastallize|p2a: Hatterene|Steel\n|move|p1a: Medicham|Extreme Speed|p2a: Hatterene\n|-resisted|p2a: Hatterene\n|-damage|p2a: Hatterene|45\/100\n|move|p2a: Hatterene|Dragon Tail|p1a: Medicham\n|-damage|p1a: Medicham|83\/100 tox\n|drag|p1a: Ting-Lu|Umbreon, F|100\/100\n|-ability|p1a: Ting-Lu|Vessel of Ruin\n|\n|upkeep\n|turn|9\n|j|%Pure Hackmons\n|\n|t:|1700887945\n|switch|p1a: Calyrex-Shadow|Kyogre|100\/100\n|-weather|RainDance|[from] ability: Drizzle|[of] p1a: Calyrex-Shadow\n|move|p2a: Hatterene|Recover|p2a: Hatterene\n|-heal|p2a: Hatterene|95\/100\n|\n|-weather|RainDance|[upkeep]\n|upkeep\n|turn|10\n|\n|t:|1700887950\n|switch|p2a: Frosmoth|Dialga|100\/100\n|move|p1a: Calyrex-Shadow|Origin Pulse|p2a: Frosmoth\n|-resisted|p2a: Frosmoth\n|-damage|p2a: Frosmoth|84\/100\n|\n|-weather|RainDance|[upkeep]\n|upkeep\n|turn|11\n|\n|t:|1700887963\n|switch|p1a: Toxapex|Giratina|100\/100\n|switch|p2a: Yanmega|Rayquaza|100\/100\n|\n|-weather|RainDance|[upkeep]\n|upkeep\n|turn|12\n|\n|t:|1700887969\n|switch|p2a: Hatterene|Eternatus, tera:Steel|95\/100\n|move|p1a: Toxapex|Will-O-Wisp|p2a: Hatterene\n|move|p2a: Hatterene|Will-O-Wisp|p1a: Toxapex|[from]ability: Magic Bounce\n|-status|p1a: Toxapex|brn\n|\n|-weather|RainDance|[upkeep]\n|-damage|p1a: Toxapex|94\/100 brn|[from] brn\n|upkeep\n|turn|13\n|j| Cutecat1122\n|\n|t:|1700887981\n|switch|p2a: Yanmega|Rayquaza|100\/100\n|switch|p1a: Ditto|Chansey, F, tera:Water|57\/100\n|-transform|p1a: Ditto|p2a: Yanmega|[from] ability: Imposter\n|\n|-weather|none\n|upkeep\n|turn|14\n|\n|t:|1700887993\n|switch|p1a: Toxapex|Giratina|100\/100 brn\n|move|p2a: Yanmega|Dragon Ascent|p1a: Toxapex\n|-damage|p1a: Toxapex|70\/100 brn\n|-unboost|p2a: Yanmega|def|1\n|-unboost|p2a: Yanmega|spd|1\n|\n|-heal|p1a: Toxapex|76\/100 brn|[from] item: Leftovers\n|-damage|p1a: Toxapex|70\/100 brn|[from] brn\n|-ability|p2a: Yanmega|Speed Boost|boost\n|-boost|p2a: Yanmega|spe|1\n|upkeep\n|turn|15\n|\n|t:|1700888001\n|switch|p2a: Hatterene|Eternatus, tera:Steel|95\/100\n|move|p1a: Toxapex|Dragon Tail|p2a: Hatterene\n|-resisted|p2a: Hatterene\n|-damage|p2a: Hatterene|92\/100\n|drag|p2a: Frosmoth|Dialga|84\/100\n|\n|-heal|p1a: Toxapex|76\/100 brn|[from] item: Leftovers\n|-damage|p1a: Toxapex|70\/100 brn|[from] brn\n|upkeep\n|turn|16\n|\n|t:|1700888007\n|switch|p1a: Ting-Lu|Umbreon, F|100\/100\n|-ability|p1a: Ting-Lu|Vessel of Ruin\n|move|p2a: Frosmoth|Draco Meteor|p1a: Ting-Lu\n|-damage|p1a: Ting-Lu|72\/100\n|-unboost|p2a: Frosmoth|spa|2\n|\n|-heal|p1a: Ting-Lu|78\/100|[from] item: Leftovers\n|upkeep\n|turn|17\n|\n|t:|1700888011\n|switch|p2a: Golem-Alola|Zacian-Crowned|6\/100\n|move|p1a: Ting-Lu|Wish|p1a: Ting-Lu\n|\n|-heal|p1a: Ting-Lu|84\/100|[from] item: Leftovers\n|upkeep\n|turn|18\n|\n|t:|1700888017\n|switch|p1a: Ditto|Chansey, F, tera:Water|57\/100\n|-transform|p1a: Ditto|p2a: Golem-Alola|[from] ability: Imposter\n|-ability|p1a: Ditto|Intrepid Sword|boost\n|-boost|p1a: Ditto|atk|1\n|move|p2a: Golem-Alola|Play Rough|p1a: Ditto\n|-damage|p1a: Ditto|42\/100\n|\n|-heal|p1a: Ditto|70\/100|[from] move: Wish|[wisher] Ting-Lu\n|upkeep\n|turn|19\n|\n|t:|1700888024\n|switch|p2a: Arceus|Kyogre|100\/100\n|-weather|RainDance|[from] ability: Drizzle|[of] p2a: Arceus\n|move|p1a: Ditto|Behemoth Blade|p2a: Arceus\n|-resisted|p2a: Arceus\n|-damage|p2a: Arceus|70\/100\n|\n|-weather|RainDance|[upkeep]\n|-heal|p2a: Arceus|76\/100|[from] item: Leftovers\n|upkeep\n|turn|20\n|j| Jimbolewis\n|l| Jimbolewis\n|\n|t:|1700888035\n|move|p1a: Ditto|Play Rough|p2a: Arceus\n|-damage|p2a: Arceus|21\/100\n|-unboost|p2a: Arceus|atk|1\n|move|p2a: Arceus|Thunder Wave|p1a: Ditto\n|-status|p1a: Ditto|par\n|\n|-weather|RainDance|[upkeep]\n|-heal|p2a: Arceus|27\/100|[from] item: Leftovers\n|upkeep\n|turn|21\n|\n|t:|1700888053\n|move|p2a: Arceus|Thunder|p1a: Ditto\n|-supereffective|p1a: Ditto\n|-damage|p1a: Ditto|50\/100 par\n|move|p1a: Ditto|Play Rough|p2a: Arceus\n|-damage|p2a: Arceus|0 fnt\n|faint|p2a: Arceus\n|\n|-weather|RainDance|[upkeep]\n|upkeep\n|\n|t:|1700888059\n|switch|p2a: Golem-Alola|Zacian-Crowned|6\/100\n|turn|22\n|\n|t:|1700888064\n|move|p2a: Golem-Alola|Play Rough|p1a: Ditto\n|-damage|p1a: Ditto|33\/100 par\n|move|p1a: Ditto|Behemoth Blade|p2a: Golem-Alola\n|-damage|p2a: Golem-Alola|0 fnt\n|faint|p2a: Golem-Alola\n|\n|-weather|RainDance|[upkeep]\n|upkeep\n|\n|t:|1700888070\n|switch|p2a: Yanmega|Rayquaza|100\/100\n|turn|23\n|\n|t:|1700888073\n|switch|p1a: Toxapex|Giratina|100\/100 brn\n|move|p2a: Yanmega|Dragon Ascent|p1a: Toxapex\n|-damage|p1a: Toxapex|71\/100 brn\n|-unboost|p2a: Yanmega|def|1\n|-unboost|p2a: Yanmega|spd|1\n|\n|-weather|none\n|-heal|p1a: Toxapex|77\/100 brn|[from] item: Leftovers\n|-damage|p1a: Toxapex|71\/100 brn|[from] brn\n|-ability|p2a: Yanmega|Speed Boost|boost\n|-boost|p2a: Yanmega|spe|1\n|upkeep\n|turn|24\n|\n|t:|1700888077\n|switch|p2a: Hatterene|Eternatus, tera:Steel|92\/100\n|move|p1a: Toxapex|Will-O-Wisp|p2a: Hatterene\n|move|p2a: Hatterene|Will-O-Wisp|p1a: Toxapex|[from]ability: Magic Bounce\n|-fail|p1a: Toxapex|brn\n|\n|-heal|p1a: Toxapex|77\/100 brn|[from] item: Leftovers\n|-damage|p1a: Toxapex|71\/100 brn|[from] brn\n|upkeep\n|turn|25\n|\n|t:|1700888084\n|switch|p2a: Frosmoth|Dialga|84\/100\n|switch|p1a: Ting-Lu|Umbreon, F|84\/100\n|-ability|p1a: Ting-Lu|Vessel of Ruin\n|\n|-heal|p1a: Ting-Lu|90\/100|[from] item: Leftovers\n|upkeep\n|turn|26\n|\n|t:|1700888088\n|switch|p2a: Yanmega|Rayquaza|100\/100\n|move|p1a: Ting-Lu|Wish|p1a: Ting-Lu\n|\n|-heal|p1a: Ting-Lu|96\/100|[from] item: Leftovers\n|upkeep\n|turn|27\n|\n|t:|1700888099\n|move|p2a: Yanmega|Swords Dance|p2a: Yanmega\n|-boost|p2a: Yanmega|atk|2\n|move|p1a: Ting-Lu|Foul Play|p2a: Yanmega\n|-damage|p2a: Yanmega|0 fnt\n|faint|p2a: Yanmega\n|\n|-heal|p1a: Ting-Lu|100\/100|[from] move: Wish|[wisher] Ting-Lu\n|upkeep\n|c|\u2606laprasplayer|alright\n|-message|laprasplayer forfeited.\n|\n|win|orichalcum puise\n|n|\u2606orichalcum puise|orichalcumpuise\n|n|\u2606laprasplayer|laprasplayer\n|n| Box133|box133\n|n| Pure Hackmons|purehackmons\n|n| Cutecat1122|cutecat1122\n","uploadtime":1700888112,"views":10,"p1id":"orichalcumpuise","p2id":"laprasplayer","formatid":"gen9anythinggoes","rating":0,"private":0,"password":""}