{"id":"gen9anythinggoes-1981803919","p1":"ringlord","p2":"I am te Floogal","format":"[Gen 9] Anything Goes","log":"|j|\u2606ringlord\n|j|\u2606I am te Floogal\n|inactive|Battle timer is ON: inactive players will automatically lose when time's up.\n|t:|1698942858\n|gametype|singles\n|player|p1|ringlord|170|\n|player|p2|I am te Floogal|brycenman|\n|teamsize|p1|6\n|teamsize|p2|6\n|gen|9\n|tier|[Gen 9] Anything Goes\n|rated|Tournament battle\n|rule|HP Percentage Mod: HP is shown in percentages\n|rule|Endless Battle Clause: Forcing endless battles is banned\n|clearpoke\n|poke|p1|Arceus-Ground|\n|poke|p1|Arceus|\n|poke|p1|Ditto|\n|poke|p1|Eternatus|\n|poke|p1|Koraidon|\n|poke|p1|Miraidon|\n|poke|p2|Koraidon|\n|poke|p2|Flutter Mane|\n|poke|p2|Miraidon|\n|poke|p2|Corviknight, M|\n|poke|p2|Toxapex, M|\n|poke|p2|Calyrex-Shadow|\n|teampreview\n|inactive|I am te Floogal also wants the timer to be on.\n|c|\u2606ringlord|gl hf\n|c|\u2606I am te Floogal|no u\n|c|\u2606I am te Floogal|:)\n|c|\u2606ringlord|oki\n|inactive|I am te Floogal has 120 seconds left.\n|\n|t:|1698942900\n|start\n|switch|p1a: Miraidon|Miraidon|100\/100\n|switch|p2a: Miraidon|Miraidon|100\/100\n|-fieldstart|move: Electric Terrain|[from] ability: Hadron Engine|[of] p2a: Miraidon\n|-activate|p1a: Miraidon|ability: Hadron Engine\n|turn|1\n|\n|t:|1698942910\n|switch|p2a: Flutter Mane|Flutter Mane|100\/100\n|move|p1a: Miraidon|Draco Meteor|p2a: Flutter Mane\n|-immune|p2a: Flutter Mane\n|\n|upkeep\n|turn|2\n|\n|t:|1698942925\n|-terastallize|p1a: Miraidon|Ice\n|move|p2a: Flutter Mane|Moonblast|p1a: Miraidon\n|-damage|p1a: Miraidon|66\/100\n|-unboost|p1a: Miraidon|spa|1\n|-damage|p2a: Flutter Mane|91\/100|[from] item: Life Orb\n|move|p1a: Miraidon|Electro Drift|p2a: Flutter Mane\n|-damage|p2a: Flutter Mane|15\/100\n|\n|upkeep\n|turn|3\n|c|\u2606ringlord|aww\n|c|\u2606ringlord|why the drop\n|c|\u2606I am te Floogal|!dt 360\n|raw|<div class=\"message\"><ul class=\"utilichart\"><li class=\"result\"><span class=\"col numcol\">Illegal<\/span> <span class=\"col iconcol\"><psicon pokemon=\"wynaut\"\/><\/span> <span class=\"col pokemonnamecol\" style=\"white-space:nowrap\"><a href=\"https:\/\/dex.pokemonshowdown.com\/pokemon\/wynaut\" target=\"_blank\">Wynaut<\/a><\/span> <span class=\"col typecol\"><img src=\"https:\/\/play.pokemonshowdown.com\/sprites\/types\/Psychic.png\" alt=\"Psychic\" height=\"14\" width=\"32\"><\/span> <span style=\"float:left;min-height:26px\"><span class=\"col abilitycol\">Shadow Tag<\/span><span class=\"col abilitycol\"><em>Telepathy<\/em><\/span><\/span><span style=\"float:left;min-height:26px\"><span class=\"col statcol\"><em>HP<\/em><br \/>95<\/span> <span class=\"col statcol\"><em>Atk<\/em><br \/>23<\/span> <span class=\"col statcol\"><em>Def<\/em><br \/>48<\/span> <span class=\"col statcol\"><em>SpA<\/em><br \/>23<\/span> <span class=\"col statcol\"><em>SpD<\/em><br \/>48<\/span> <span class=\"col statcol\"><em>Spe<\/em><br \/>23<\/span> <span class=\"col bstcol\"><em>BST<br \/>260<\/em><\/span> <\/span><\/li><li style=\"clear:both\"><\/li><\/ul><\/div>\n|raw|<font size=\"1\"><font color=\"#686868\">Dex#:<\/font> 360&nbsp;|&ThickSpace;<font color=\"#686868\">Gen:<\/font> 3&nbsp;|&ThickSpace;<font color=\"#686868\">Height:<\/font> 0.6 m&nbsp;|&ThickSpace;<font color=\"#686868\">Weight:<\/font> 14 kg <em>(40 BP)<\/em>&nbsp;|&ThickSpace;<font color=\"#686868\">Dex Colour:<\/font> Blue&nbsp;|&ThickSpace;<font color=\"#686868\">Egg Group(s):<\/font> Undiscovered&nbsp;|&ThickSpace;<font color=\"#686868\">Evolution:<\/font> Wobbuffet (15)<\/font>\n\n|inactive|ringlord has 120 seconds left.\n|c|\u2606ringlord|moonblast feels like 1% drop chance when I use and 100% chance when my opponents use it\n|j| Helllllllo glhf\n|\n|t:|1698942979\n|switch|p1a: Arceus|Arceus|100\/100\n|move|p2a: Flutter Mane|Thunderbolt|p1a: Arceus\n|-damage|p1a: Arceus|64\/100\n|-damage|p2a: Flutter Mane|5\/100|[from] item: Life Orb\n|\n|-heal|p1a: Arceus|70\/100|[from] item: Leftovers\n|upkeep\n|turn|4\n|\n|t:|1698942992\n|move|p2a: Flutter Mane|Moonblast|p1a: Arceus\n|-damage|p1a: Arceus|26\/100\n|-unboost|p1a: Arceus|spa|1\n|-damage|p2a: Flutter Mane|0 fnt|[from] item: Life Orb\n|faint|p2a: Flutter Mane\n|-end|p2a: Flutter Mane|Protosynthesis|[silent]\n|move|p1a: Arceus|Stealth Rock|p2: Flutter Mane\n|-sidestart|p2: I am te Floogal|move: Stealth Rock\n|\n|-heal|p1a: Arceus|32\/100|[from] item: Leftovers\n|upkeep\n|c|\u2606ringlord|lmao again\n|inactive|I am te Floogal has 120 seconds left.\n|\n|t:|1698943019\n|switch|p2a: Corviknight|Corviknight, M|100\/100\n|-damage|p2a: Corviknight|88\/100|[from] Stealth Rock\n|-ability|p2a: Corviknight|Pressure\n|turn|5\n|inactive|ringlord has 120 seconds left.\n|\n|t:|1698943030\n|move|p2a: Corviknight|Defog|p1a: Arceus\n|-unboost|p1a: Arceus|evasion|1\n|-sideend|p2: I am te Floogal|Stealth Rock|[from] move: Defog|[of] p2a: Corviknight\n|-fieldend|move: Electric Terrain\n|move|p1a: Arceus|Roar|p2a: Corviknight\n|drag|p2a: Calyrex|Calyrex-Shadow|100\/100\n|-ability|p2a: Calyrex|As One\n|-ability|p2a: Calyrex|Unnerve\n|\n|-heal|p1a: Arceus|39\/100|[from] item: Leftovers\n|upkeep\n|turn|6\n|j|#Frozoid\n|\n|t:|1698943038\n|move|p2a: Calyrex|Confuse Ray|p1a: Arceus\n|-start|p1a: Arceus|confusion\n|-activate|p1a: Arceus|confusion\n|move|p1a: Arceus|Shadow Claw|p2a: Calyrex\n|-supereffective|p2a: Calyrex\n|-enditem|p2a: Calyrex|Focus Sash\n|-damage|p2a: Calyrex|1\/100\n|\n|-heal|p1a: Arceus|45\/100|[from] item: Leftovers\n|upkeep\n|turn|7\n|\n|t:|1698943047\n|switch|p2a: Corviknight|Corviknight, M|88\/100\n|-ability|p2a: Corviknight|Pressure\n|-activate|p1a: Arceus|confusion\n|move|p1a: Arceus|Stealth Rock|p2a: Corviknight\n|-sidestart|p2: I am te Floogal|move: Stealth Rock\n|\n|-heal|p1a: Arceus|51\/100|[from] item: Leftovers\n|upkeep\n|turn|8\n|\n|t:|1698943055\n|switch|p1a: Miraidon|Miraidon, tera:Ice|66\/100\n|-fieldstart|move: Electric Terrain|[from] ability: Hadron Engine|[of] p1a: Miraidon\n|move|p2a: Corviknight|Defog|p1a: Miraidon\n|-unboost|p1a: Miraidon|evasion|1\n|-sideend|p2: I am te Floogal|Stealth Rock|[from] move: Defog|[of] p2a: Corviknight\n|-fieldend|move: Electric Terrain\n|\n|upkeep\n|turn|9\n|\n|t:|1698943061\n|move|p1a: Miraidon|Electro Drift|p2a: Corviknight\n|-supereffective|p2a: Corviknight\n|-damage|p2a: Corviknight|0 fnt\n|-damage|p1a: Miraidon|49\/100|[from] item: Rocky Helmet|[of] p2a: Corviknight\n|faint|p2a: Corviknight\n|\n|upkeep\n|\n|t:|1698943070\n|switch|p2a: Calyrex|Calyrex-Shadow|1\/100\n|-ability|p2a: Calyrex|As One\n|-ability|p2a: Calyrex|Unnerve\n|turn|10\n|\n|t:|1698943080\n|switch|p1a: Arceus|Arceus|51\/100\n|move|p2a: Calyrex|Astral Barrage|p1a: Arceus\n|-immune|p1a: Arceus\n|\n|-heal|p1a: Arceus|57\/100|[from] item: Leftovers\n|upkeep\n|turn|11\n|\n|t:|1698943085\n|switch|p2a: Toxapex|Toxapex, M|100\/100\n|move|p1a: Arceus|Stealth Rock|p2a: Toxapex\n|-sidestart|p2: I am te Floogal|move: Stealth Rock\n|\n|-heal|p1a: Arceus|63\/100|[from] item: Leftovers\n|upkeep\n|turn|12\n|\n|t:|1698943093\n|switch|p1a: Arceus|Arceus-Ground|100\/100\n|move|p2a: Toxapex|Toxic Spikes|p1a: Arceus\n|-sidestart|p1: ringlord|move: Toxic Spikes\n|\n|upkeep\n|turn|13\n|\n|t:|1698943099\n|switch|p2a: Calyrex|Calyrex-Shadow|1\/100\n|-ability|p2a: Calyrex|As One\n|-ability|p2a: Calyrex|Unnerve\n|-damage|p2a: Calyrex|0 fnt|[from] Stealth Rock\n|faint|p2a: Calyrex\n|move|p1a: Arceus|Calm Mind|p1a: Arceus\n|-boost|p1a: Arceus|spa|1\n|-boost|p1a: Arceus|spd|1\n|\n|upkeep\n|\n|t:|1698943103\n|switch|p2a: Tribal Chief|Koraidon|100\/100\n|-damage|p2a: Tribal Chief|94\/100|[from] Stealth Rock\n|-weather|SunnyDay|[from] ability: Orichalcum Pulse|[of] p2a: Tribal Chief\n|-activate|p2a: Tribal Chief|Orichalcum Pulse|[source]\n|turn|14\n|\n|t:|1698943110\n|move|p2a: Tribal Chief|Flame Charge|p1a: Arceus\n|-damage|p1a: Arceus|83\/100\n|-boost|p2a: Tribal Chief|spe|1\n|move|p1a: Arceus|Ice Beam|p2a: Tribal Chief\n|-supereffective|p2a: Tribal Chief\n|-damage|p2a: Tribal Chief|28\/100\n|\n|-weather|SunnyDay|[upkeep]\n|upkeep\n|turn|15\n|\n|t:|1698943114\n|move|p2a: Tribal Chief|Drain Punch|p1a: Arceus\n|-damage|p1a: Arceus|54\/100\n|-heal|p2a: Tribal Chief|47\/100|[from] drain|[of] p1a: Arceus\n|move|p1a: Arceus|Ice Beam|p2a: Tribal Chief\n|-supereffective|p2a: Tribal Chief\n|-damage|p2a: Tribal Chief|0 fnt\n|faint|p2a: Tribal Chief\n|\n|-weather|SunnyDay|[upkeep]\n|upkeep\n|\n|t:|1698943117\n|switch|p2a: Miraidon|Miraidon|100\/100\n|-damage|p2a: Miraidon|88\/100|[from] Stealth Rock\n|-fieldstart|move: Electric Terrain|[from] ability: Hadron Engine|[of] p2a: Miraidon\n|turn|16\n|\n|t:|1698943122\n|-terastallize|p2a: Miraidon|Fairy\n|move|p2a: Miraidon|Dazzling Gleam|p1a: Arceus\n|-damage|p1a: Arceus|29\/100\n|move|p1a: Arceus|Judgment|p2a: Miraidon\n|-damage|p2a: Miraidon|29\/100\n|\n|-weather|SunnyDay|[upkeep]\n|upkeep\n|turn|17\n|\n|t:|1698943128\n|move|p2a: Miraidon|Dazzling Gleam|p1a: Arceus\n|-damage|p1a: Arceus|3\/100\n|move|p1a: Arceus|Recover|p1a: Arceus\n|-heal|p1a: Arceus|53\/100\n|\n|-weather|SunnyDay|[upkeep]\n|upkeep\n|turn|18\n|\n|t:|1698943133\n|move|p2a: Miraidon|Dazzling Gleam|p1a: Arceus\n|-damage|p1a: Arceus|27\/100\n|move|p1a: Arceus|Judgment|p2a: Miraidon\n|-damage|p2a: Miraidon|0 fnt\n|faint|p2a: Miraidon\n|\n|-weather|SunnyDay|[upkeep]\n|upkeep\n|c|\u2606I am te Floogal|whatever\n|-message|I am te Floogal forfeited.\n|\n|win|ringlord\n|n|\u2606ringlord|ringlord\n|n|\u2606I am te Floogal|iamtefloogal\n|n| Helllllllo glhf|hellllllloglhf\n|n|+Frozoid|frozoid\n|l|\u2606I am te Floogal\n|l|\u2606ringlord\n","uploadtime":1698943149,"views":3,"p1id":"ringlord","p2id":"iamtefloogal","formatid":"gen9anythinggoes","rating":0,"private":0,"password":""}