{"id":"gen9anythinggoes-1974708626","p1":"PotatoCat820","p2":"fish esp","format":"[Gen 9] Anything Goes","log":"|j|\u2606PotatoCat820\n|j|\u2606fish esp\n|t:|1698112773\n|gametype|singles\n|player|p1|PotatoCat820|fisherman-gen4|1075\n|player|p2|fish esp|maid|1198\n|teamsize|p1|6\n|teamsize|p2|3\n|gen|9\n|tier|[Gen 9] Anything Goes\n|rated|\n|rule|HP Percentage Mod: HP is shown in percentages\n|rule|Endless Battle Clause: Forcing endless battles is banned\n|clearpoke\n|poke|p1|Gengar, F|\n|poke|p1|Dragapult, F|\n|poke|p1|Sandy Shocks|\n|poke|p1|Great Tusk|\n|poke|p1|Frosmoth, F|\n|poke|p1|Glimmora, M|\n|poke|p2|Darkrai|\n|poke|p2|Drifblim, M|\n|poke|p2|Weavile, M|\n|teampreview\n|\n|t:|1698112780\n|start\n|switch|p1a: Great Tusk|Great Tusk, shiny|100\/100\n|switch|p2a: Drifblim|Drifblim, M|100\/100\n|turn|1\n|\n|t:|1698112788\n|move|p2a: Drifblim|Minimize|p2a: Drifblim\n|-boost|p2a: Drifblim|evasion|2\n|move|p1a: Great Tusk|Body Press|p2a: Drifblim\n|-immune|p2a: Drifblim\n|\n|upkeep\n|turn|2\n|\n|t:|1698112795\n|move|p2a: Drifblim|Minimize|p2a: Drifblim\n|-boost|p2a: Drifblim|evasion|2\n|move|p1a: Great Tusk|Sunny Day|p1a: Great Tusk\n|-weather|SunnyDay\n|-activate|p1a: Great Tusk|ability: Protosynthesis\n|-start|p1a: Great Tusk|protosynthesisatk\n|\n|-weather|SunnyDay|[upkeep]\n|upkeep\n|turn|3\n|\n|t:|1698112803\n|move|p2a: Drifblim|Stockpile|p2a: Drifblim\n|-start|p2a: Drifblim|stockpile1\n|-boost|p2a: Drifblim|def|1\n|-boost|p2a: Drifblim|spd|1\n|move|p1a: Great Tusk|Fire Fang|p2a: Drifblim\n|-damage|p2a: Drifblim|61\/100\n|\n|-weather|SunnyDay|[upkeep]\n|upkeep\n|turn|4\n|\n|t:|1698112810\n|move|p2a: Drifblim|Minimize|p2a: Drifblim\n|-boost|p2a: Drifblim|evasion|2\n|move|p1a: Great Tusk|Fire Fang|p2a: Drifblim|[miss]\n|-miss|p1a: Great Tusk|p2a: Drifblim\n|\n|-weather|SunnyDay|[upkeep]\n|upkeep\n|turn|5\n|\n|t:|1698112817\n|move|p2a: Drifblim|Stockpile|p2a: Drifblim\n|-start|p2a: Drifblim|stockpile2\n|-boost|p2a: Drifblim|def|1\n|-boost|p2a: Drifblim|spd|1\n|move|p1a: Great Tusk|Fire Fang|p2a: Drifblim|[miss]\n|-miss|p1a: Great Tusk|p2a: Drifblim\n|\n|-weather|SunnyDay|[upkeep]\n|upkeep\n|turn|6\n|\n|t:|1698112825\n|-end|p1a: Great Tusk|Protosynthesis|[silent]\n|switch|p1a: Gengar|Gengar, F, shiny|100\/100\n|move|p2a: Drifblim|Stockpile|p2a: Drifblim\n|-start|p2a: Drifblim|stockpile3\n|-boost|p2a: Drifblim|def|1\n|-boost|p2a: Drifblim|spd|1\n|\n|-weather|none\n|upkeep\n|turn|7\n|\n|t:|1698112833\n|move|p2a: Drifblim|Baton Pass|p2a: Drifblim\n|\n|t:|1698112835\n|switch|p2a: Weavile|Weavile, M, shiny|100\/100|[from] Baton Pass\n|-ability|p2a: Weavile|Pressure\n|move|p1a: Gengar|Shadow Punch|p2a: Weavile\n|-resisted|p2a: Weavile\n|-damage|p2a: Weavile|96\/100\n|\n|upkeep\n|turn|8\n|\n|t:|1698112844\n|move|p2a: Weavile|Hone Claws|p2a: Weavile\n|-boost|p2a: Weavile|atk|1\n|-boost|p2a: Weavile|accuracy|1\n|move|p1a: Gengar|Destiny Bond|p1a: Gengar\n|-singlemove|p1a: Gengar|Destiny Bond\n|\n|upkeep\n|turn|9\n|\n|t:|1698112852\n|move|p2a: Weavile|Hone Claws|p2a: Weavile\n|-boost|p2a: Weavile|atk|1\n|-boost|p2a: Weavile|accuracy|1\n|move|p1a: Gengar|Giga Drain|p2a: Weavile|[miss]\n|-miss|p1a: Gengar|p2a: Weavile\n|\n|upkeep\n|turn|10\n|\n|t:|1698112862\n|move|p2a: Weavile|Hone Claws|p2a: Weavile\n|-boost|p2a: Weavile|atk|1\n|-boost|p2a: Weavile|accuracy|1\n|move|p1a: Gengar|Shadow Punch|p2a: Weavile\n|-resisted|p2a: Weavile\n|-damage|p2a: Weavile|91\/100\n|\n|upkeep\n|turn|11\n|\n|t:|1698112869\n|move|p2a: Weavile|Hone Claws|p2a: Weavile\n|-boost|p2a: Weavile|atk|1\n|-boost|p2a: Weavile|accuracy|1\n|move|p1a: Gengar|Shadow Punch|p2a: Weavile\n|-resisted|p2a: Weavile\n|-damage|p2a: Weavile|87\/100\n|\n|upkeep\n|turn|12\n|\n|t:|1698112888\n|switch|p1a: Dragapult|Dragapult, F, shiny|100\/100\n|move|p2a: Weavile|Hone Claws|p2a: Weavile\n|-boost|p2a: Weavile|atk|1\n|-boost|p2a: Weavile|accuracy|1\n|\n|upkeep\n|turn|13\n|\n|t:|1698112897\n|move|p2a: Weavile|Hone Claws|p2a: Weavile\n|-boost|p2a: Weavile|atk|1\n|-boost|p2a: Weavile|accuracy|1\n|move|p1a: Dragapult|Thunder Wave|p2a: Weavile|[miss]\n|-miss|p1a: Dragapult|p2a: Weavile\n|\n|upkeep\n|turn|14\n|\n|t:|1698112904\n|move|p2a: Weavile|Knock Off|p1a: Dragapult\n|-supereffective|p1a: Dragapult\n|-damage|p1a: Dragapult|0 fnt\n|-enditem|p1a: Dragapult|Leftovers|[from] move: Knock Off|[of] p2a: Weavile\n|faint|p1a: Dragapult\n|\n|upkeep\n|\n|t:|1698112909\n|switch|p1a: Gengar|Gengar, F, shiny|100\/100\n|turn|15\n|\n|t:|1698112912\n|move|p2a: Weavile|Baton Pass|p2a: Weavile\n|\n|t:|1698112914\n|switch|p2a: Darkrai|Darkrai, shiny|100\/100|[from] Baton Pass\n|move|p1a: Gengar|Destiny Bond|p1a: Gengar\n|-singlemove|p1a: Gengar|Destiny Bond\n|\n|upkeep\n|turn|16\n|\n|t:|1698112922\n|move|p2a: Darkrai|Calm Mind|p2a: Darkrai\n|-boost|p2a: Darkrai|spa|1\n|-boost|p2a: Darkrai|spd|1\n|move|p1a: Gengar|Shadow Punch|p2a: Darkrai\n|-resisted|p2a: Darkrai\n|-crit|p2a: Darkrai\n|-damage|p2a: Darkrai|86\/100\n|\n|-heal|p2a: Darkrai|92\/100|[from] item: Leftovers\n|upkeep\n|turn|17\n|\n|t:|1698112932\n|move|p2a: Darkrai|Calm Mind|p2a: Darkrai\n|-boost|p2a: Darkrai|spa|1\n|-boost|p2a: Darkrai|spd|1\n|move|p1a: Gengar|Giga Drain|p2a: Darkrai|[miss]\n|-miss|p1a: Gengar|p2a: Darkrai\n|\n|-heal|p2a: Darkrai|98\/100|[from] item: Leftovers\n|upkeep\n|turn|18\n|\n|t:|1698112939\n|move|p2a: Darkrai|Calm Mind|p2a: Darkrai\n|-boost|p2a: Darkrai|spa|1\n|-boost|p2a: Darkrai|spd|1\n|move|p1a: Gengar|Shadow Punch|p2a: Darkrai\n|-resisted|p2a: Darkrai\n|-damage|p2a: Darkrai|93\/100\n|\n|-heal|p2a: Darkrai|99\/100|[from] item: Leftovers\n|upkeep\n|turn|19\n|\n|t:|1698112947\n|move|p2a: Darkrai|Calm Mind|p2a: Darkrai\n|-boost|p2a: Darkrai|spa|1\n|-boost|p2a: Darkrai|spd|0\n|move|p1a: Gengar|Shadow Punch|p2a: Darkrai\n|-resisted|p2a: Darkrai\n|-damage|p2a: Darkrai|96\/100\n|\n|-heal|p2a: Darkrai|100\/100|[from] item: Leftovers\n|upkeep\n|turn|20\n|\n|t:|1698112954\n|move|p2a: Darkrai|Calm Mind|p2a: Darkrai\n|-boost|p2a: Darkrai|spa|1\n|-boost|p2a: Darkrai|spd|0\n|move|p1a: Gengar|Shadow Punch|p2a: Darkrai\n|-resisted|p2a: Darkrai\n|-damage|p2a: Darkrai|97\/100\n|\n|-heal|p2a: Darkrai|100\/100|[from] item: Leftovers\n|upkeep\n|turn|21\n|\n|t:|1698112962\n|move|p2a: Darkrai|Calm Mind|p2a: Darkrai\n|-boost|p2a: Darkrai|spa|1\n|-boost|p2a: Darkrai|spd|0\n|move|p1a: Gengar|Destiny Bond|p1a: Gengar\n|-singlemove|p1a: Gengar|Destiny Bond\n|\n|upkeep\n|turn|22\n|\n|t:|1698112971\n|move|p2a: Darkrai|Hypnosis|p1a: Gengar\n|-status|p1a: Gengar|slp|[from] move: Hypnosis\n|cant|p1a: Gengar|slp\n|\n|-damage|p1a: Gengar|88\/100 slp|[from] ability: Bad Dreams|[of] p2a: Darkrai\n|upkeep\n|turn|23\n|\n|t:|1698112978\n|move|p2a: Darkrai|Dream Eater|p1a: Gengar\n|-supereffective|p1a: Gengar\n|-damage|p1a: Gengar|0 fnt\n|faint|p1a: Gengar\n|\n|upkeep\n|\n|t:|1698112986\n|switch|p1a: Frosmoth|Frosmoth, F, shiny|100\/100\n|turn|24\n|\n|t:|1698112991\n|move|p2a: Darkrai|Hypnosis|p1a: Frosmoth\n|-status|p1a: Frosmoth|slp|[from] move: Hypnosis\n|cant|p1a: Frosmoth|slp\n|\n|-damage|p1a: Frosmoth|88\/100 slp|[from] ability: Bad Dreams|[of] p2a: Darkrai\n|upkeep\n|turn|25\n|\n|t:|1698113003\n|switch|p1a: Great Tusk|Great Tusk, shiny|100\/100\n|move|p2a: Darkrai|Dream Eater|p1a: Great Tusk\n|-immune|p1a: Great Tusk\n|\n|upkeep\n|turn|26\n|\n|t:|1698113010\n|move|p2a: Darkrai|Hypnosis|p1a: Great Tusk\n|-status|p1a: Great Tusk|slp|[from] move: Hypnosis\n|cant|p1a: Great Tusk|slp\n|\n|-damage|p1a: Great Tusk|88\/100 slp|[from] ability: Bad Dreams|[of] p2a: Darkrai\n|upkeep\n|turn|27\n|\n|t:|1698113019\n|-end|p1a: Great Tusk|Protosynthesis|[silent]\n|switch|p1a: Glimmora|Glimmora, M, shiny|100\/100\n|move|p2a: Darkrai|Hypnosis|p1a: Glimmora\n|-status|p1a: Glimmora|slp|[from] move: Hypnosis\n|\n|-damage|p1a: Glimmora|88\/100 slp|[from] ability: Bad Dreams|[of] p2a: Darkrai\n|upkeep\n|turn|28\n|\n|t:|1698113027\n|switch|p1a: Frosmoth|Frosmoth, F, shiny|88\/100 slp\n|move|p2a: Darkrai|Hypnosis|p1a: Frosmoth\n|-fail|p1a: Frosmoth|slp\n|\n|-heal|p1a: Frosmoth|94\/100 slp|[from] item: Leftovers\n|-damage|p1a: Frosmoth|82\/100 slp|[from] ability: Bad Dreams|[of] p2a: Darkrai\n|upkeep\n|turn|29\n|\n|t:|1698113038\n|switch|p1a: Sandy Shocks|Sandy Shocks, shiny|100\/100\n|move|p2a: Darkrai|Dream Eater|p1a: Sandy Shocks\n|-immune|p1a: Sandy Shocks\n|\n|upkeep\n|turn|30\n|\n|t:|1698113047\n|move|p2a: Darkrai|Dark Pulse|p1a: Sandy Shocks\n|-damage|p1a: Sandy Shocks|0 fnt\n|faint|p1a: Sandy Shocks\n|-end|p1a: Sandy Shocks|Protosynthesis|[silent]\n|\n|upkeep\n|\n|t:|1698113054\n|switch|p1a: Great Tusk|Great Tusk, shiny|88\/100 slp\n|turn|31\n|\n|t:|1698113061\n|move|p2a: Darkrai|Hypnosis|p1a: Great Tusk\n|-fail|p1a: Great Tusk|slp\n|cant|p1a: Great Tusk|slp\n|\n|-damage|p1a: Great Tusk|75\/100 slp|[from] ability: Bad Dreams|[of] p2a: Darkrai\n|upkeep\n|turn|32\n|\n|t:|1698113067\n|move|p2a: Darkrai|Hypnosis|p1a: Great Tusk\n|-fail|p1a: Great Tusk|slp\n|-curestatus|p1a: Great Tusk|slp|[msg]\n|move|p1a: Great Tusk|Fire Fang|p2a: Darkrai|[miss]\n|-miss|p1a: Great Tusk|p2a: Darkrai\n|\n|upkeep\n|turn|33\n|\n|t:|1698113078\n|move|p2a: Darkrai|Hypnosis|p1a: Great Tusk\n|-status|p1a: Great Tusk|slp|[from] move: Hypnosis\n|cant|p1a: Great Tusk|slp\n|\n|-damage|p1a: Great Tusk|63\/100 slp|[from] ability: Bad Dreams|[of] p2a: Darkrai\n|upkeep\n|turn|34\n|\n|t:|1698113084\n|move|p2a: Darkrai|Dream Eater|p1a: Great Tusk\n|-supereffective|p1a: Great Tusk\n|-damage|p1a: Great Tusk|0 fnt\n|faint|p1a: Great Tusk\n|-end|p1a: Great Tusk|Protosynthesis|[silent]\n|\n|upkeep\n|\n|t:|1698113091\n|switch|p1a: Frosmoth|Frosmoth, F, shiny|82\/100 slp\n|turn|35\n|\n|t:|1698113095\n|move|p2a: Darkrai|Dream Eater|p1a: Frosmoth\n|-damage|p1a: Frosmoth|0 fnt\n|faint|p1a: Frosmoth\n|\n|upkeep\n|\n|t:|1698113099\n|switch|p1a: Glimmora|Glimmora, M, shiny|88\/100 slp\n|turn|36\n|\n|t:|1698113104\n|move|p2a: Darkrai|Dream Eater|p1a: Glimmora\n|-supereffective|p1a: Glimmora\n|-damage|p1a: Glimmora|0 fnt\n|faint|p1a: Glimmora\n|\n|win|fish esp\n|raw|PotatoCat820's rating: 1075 &rarr; <strong>1061<\/strong><br \/>(-14 for losing)\n|raw|fish esp's rating: 1198 &rarr; <strong>1215<\/strong><br \/>(+17 for winning)\n","uploadtime":1698113109,"views":6,"p1id":"potatocat820","p2id":"fishesp","formatid":"gen9anythinggoes","rating":1061,"private":0,"password":""}