{"id":"gen9anythinggoes-1978699057","p1":"HitsuxHitsu","p2":"NightStriker3709","format":"[Gen 9] Anything Goes","log":"|j|\u2606HitsuxHitsu\n|j|\u2606NightStriker3709\n|t:|1698583510\n|gametype|singles\n|player|p1|HitsuxHitsu|nemona-s|\n|player|p2|NightStriker3709|ethan-masters|\n|teamsize|p1|6\n|teamsize|p2|6\n|gen|9\n|tier|[Gen 9] Anything Goes\n|rule|HP Percentage Mod: HP is shown in percentages\n|rule|Endless Battle Clause: Forcing endless battles is banned\n|clearpoke\n|poke|p1|Slither Wing|\n|poke|p1|Spectrier|\n|poke|p1|Tropius, F|\n|poke|p1|Klefki, F|\n|poke|p1|Amoonguss, M|\n|poke|p1|Dragonite, M|\n|poke|p2|Zapdos-Galar|\n|poke|p2|Cetitan, M|\n|poke|p2|Kleavor, M|\n|poke|p2|Gholdengo|\n|poke|p2|Dondozo, M|\n|poke|p2|Qwilfish-Hisui, M|\n|teampreview\n|c|\u2606NightStriker3709|hf\n|c|\u2606HitsuxHitsu|hf\n|j| Kefirtroll\n|\n|t:|1698583552\n|start\n|switch|p1a: The Sweeper|Klefki, F|100\/100\n|switch|p2a: Saper|Qwilfish-Hisui, M|100\/100\n|-ability|p2a: Saper|Intimidate|boost\n|-unboost|p1a: The Sweeper|atk|1\n|turn|1\n|j| TyrekG2\n|\n|t:|1698583573\n|switch|p1a: Bananasaur|Tropius, F|100\/100\n|move|p2a: Saper|Toxic Spikes|p1a: Bananasaur\n|-sidestart|p1: HitsuxHitsu|move: Toxic Spikes\n|\n|upkeep\n|turn|2\n|j| Subcia UwU\n|\n|t:|1698583590\n|switch|p2a: Ballin|Gholdengo|100\/100\n|-terastallize|p1a: Bananasaur|Steel\n|move|p1a: Bananasaur|Substitute|p1a: Bananasaur\n|-start|p1a: Bananasaur|Substitute\n|-damage|p1a: Bananasaur|75\/100\n|\n|upkeep\n|turn|3\n|\n|t:|1698583596\n|move|p2a: Ballin|Focus Blast|p1a: Bananasaur\n|-supereffective|p1a: Bananasaur\n|-end|p1a: Bananasaur|Substitute\n|move|p1a: Bananasaur|Air Slash|p2a: Ballin\n|-resisted|p2a: Ballin\n|-damage|p2a: Ballin|89\/100\n|\n|upkeep\n|turn|4\n|\n|t:|1698583606\n|move|p1a: Bananasaur|Protect|p1a: Bananasaur\n|-singleturn|p1a: Bananasaur|Protect\n|move|p2a: Ballin|Focus Blast|p1a: Bananasaur\n|-activate|p1a: Bananasaur|move: Protect\n|\n|upkeep\n|turn|5\n|j| Kajcik\n|\n|t:|1698583612\n|switch|p1a: Amogus|Amoonguss, M|100\/100\n|-sideend|p1: HitsuxHitsu|move: Toxic Spikes|[of] p1a: Amogus\n|move|p2a: Ballin|Focus Blast|p1a: Amogus|[miss]\n|-miss|p2a: Ballin|p1a: Amogus\n|-enditem|p2a: Ballin|Blunder Policy\n|-boost|p2a: Ballin|spe|2\n|\n|upkeep\n|turn|6\n|\n|t:|1698583619\n|move|p2a: Ballin|Nasty Plot|p2a: Ballin\n|-boost|p2a: Ballin|spa|2\n|move|p1a: Amogus|Hex|p2a: Ballin\n|-supereffective|p2a: Ballin\n|-damage|p2a: Ballin|48\/100\n|\n|upkeep\n|turn|7\n|\n|t:|1698583627\n|move|p2a: Ballin|Recover|p2a: Ballin\n|-heal|p2a: Ballin|98\/100\n|move|p1a: Amogus|Hex|p2a: Ballin\n|-supereffective|p2a: Ballin\n|-damage|p2a: Ballin|60\/100\n|\n|upkeep\n|turn|8\n|\n|t:|1698583643\n|move|p2a: Ballin|Shadow Ball|p1a: Amogus\n|-damage|p1a: Amogus|7\/100\n|move|p1a: Amogus|Hex|p2a: Ballin\n|-supereffective|p2a: Ballin\n|-damage|p2a: Ballin|16\/100\n|\n|-heal|p1a: Amogus|13\/100|[from] item: Black Sludge\n|upkeep\n|turn|9\n|\n|t:|1698583648\n|move|p2a: Ballin|Recover|p2a: Ballin\n|-heal|p2a: Ballin|66\/100\n|move|p1a: Amogus|Hex|p2a: Ballin\n|-supereffective|p2a: Ballin\n|-damage|p2a: Ballin|29\/100\n|\n|-heal|p1a: Amogus|20\/100|[from] item: Black Sludge\n|upkeep\n|turn|10\n|\n|t:|1698583651\n|move|p2a: Ballin|Recover|p2a: Ballin\n|-heal|p2a: Ballin|79\/100\n|move|p1a: Amogus|Hex|p2a: Ballin\n|-supereffective|p2a: Ballin\n|-damage|p2a: Ballin|37\/100\n|\n|-heal|p1a: Amogus|26\/100|[from] item: Black Sludge\n|upkeep\n|turn|11\n|\n|t:|1698583655\n|move|p2a: Ballin|Recover|p2a: Ballin\n|-heal|p2a: Ballin|87\/100\n|move|p1a: Amogus|Hex|p2a: Ballin\n|-supereffective|p2a: Ballin\n|-damage|p2a: Ballin|43\/100\n|\n|-heal|p1a: Amogus|32\/100|[from] item: Black Sludge\n|upkeep\n|turn|12\n|\n|t:|1698583666\n|switch|p1a: The Sweeper|Klefki, F|100\/100\n|move|p2a: Ballin|Recover|p2a: Ballin\n|-heal|p2a: Ballin|93\/100\n|\n|upkeep\n|turn|13\n|\n|t:|1698583671\n|move|p2a: Ballin|Nasty Plot|p2a: Ballin\n|-boost|p2a: Ballin|spa|2\n|move|p1a: The Sweeper|Trick Room|p1a: The Sweeper\n|-fieldstart|move: Trick Room|[of] p1a: The Sweeper\n|\n|upkeep\n|turn|14\n|\n|t:|1698583678\n|switch|p1a: Bananasaur|Tropius, F, tera:Steel|75\/100\n|move|p2a: Ballin|Shadow Ball|p1a: Bananasaur\n|-damage|p1a: Bananasaur|0 fnt\n|faint|p1a: Bananasaur\n|\n|upkeep\n|\n|t:|1698583687\n|switch|p1a: Niepowstrzymany|Spectrier|100\/100\n|turn|15\n|\n|t:|1698583745\n|switch|p2a: Saper|Qwilfish-Hisui, M|100\/100\n|-ability|p2a: Saper|Intimidate|boost\n|-unboost|p1a: Niepowstrzymany|atk|1\n|move|p1a: Niepowstrzymany|Shadow Ball|p2a: Saper\n|-resisted|p2a: Saper\n|-crit|p2a: Saper\n|-damage|p2a: Saper|76\/100\n|\n|upkeep\n|turn|16\n|\n|t:|1698583757\n|switch|p1a: magnus vermis|Slither Wing|100\/100\n|-enditem|p1a: magnus vermis|Booster Energy\n|-activate|p1a: magnus vermis|ability: Protosynthesis|[fromitem]\n|-start|p1a: magnus vermis|protosynthesisatk\n|move|p2a: Saper|Toxic Spikes|p1a: magnus vermis\n|-sidestart|p1: HitsuxHitsu|move: Toxic Spikes\n|\n|upkeep\n|turn|17\n|\n|t:|1698583762\n|move|p2a: Saper|Destiny Bond|p2a: Saper\n|-singlemove|p2a: Saper|Destiny Bond\n|move|p1a: magnus vermis|Flame Charge|p2a: Saper\n|-damage|p2a: Saper|59\/100\n|-boost|p1a: magnus vermis|spe|1\n|\n|-fieldend|move: Trick Room\n|upkeep\n|turn|18\n|\n|t:|1698583768\n|move|p1a: magnus vermis|Flame Charge|p2a: Saper\n|-damage|p2a: Saper|42\/100\n|-boost|p1a: magnus vermis|spe|1\n|move|p2a: Saper|Toxic|p1a: magnus vermis\n|-status|p1a: magnus vermis|tox\n|\n|-damage|p1a: magnus vermis|94\/100 tox|[from] psn\n|upkeep\n|turn|19\n|\n|t:|1698583772\n|move|p1a: magnus vermis|Earthquake|p2a: Saper\n|-supereffective|p2a: Saper\n|-damage|p2a: Saper|0 fnt\n|faint|p2a: Saper\n|\n|-damage|p1a: magnus vermis|82\/100 tox|[from] psn\n|upkeep\n|\n|t:|1698583793\n|switch|p2a: Fat Fuck|Dondozo, M|100\/100\n|turn|20\n|\n|t:|1698583803\n|-end|p1a: magnus vermis|Protosynthesis|[silent]\n|switch|p1a: Amogus|Amoonguss, M|66\/100\n|-sideend|p1: HitsuxHitsu|move: Toxic Spikes|[of] p1a: Amogus\n|move|p2a: Fat Fuck|Avalanche|p1a: Amogus\n|-supereffective|p1a: Amogus\n|-damage|p1a: Amogus|37\/100\n|\n|-heal|p1a: Amogus|44\/100|[from] item: Black Sludge\n|upkeep\n|turn|21\n|\n|t:|1698583833\n|switch|p2a: M\u0142ody G z Gdyni|Zapdos-Galar|100\/100\n|move|p1a: Amogus|Hex|p2a: M\u0142ody G z Gdyni\n|-damage|p2a: M\u0142ody G z Gdyni|78\/100\n|\n|-heal|p1a: Amogus|50\/100|[from] item: Black Sludge\n|upkeep\n|turn|22\n|\n|t:|1698583839\n|switch|p1a: The Sweeper|Klefki, F|100\/100\n|move|p2a: M\u0142ody G z Gdyni|Brave Bird|p1a: The Sweeper\n|-resisted|p1a: The Sweeper\n|-damage|p1a: The Sweeper|63\/100\n|-damage|p2a: M\u0142ody G z Gdyni|65\/100|[from] Recoil\n|\n|-heal|p1a: The Sweeper|69\/100|[from] item: Leftovers\n|upkeep\n|turn|23\n|\n|t:|1698583851\n|switch|p2a: Ballin|Gholdengo|93\/100\n|move|p1a: The Sweeper|Dazzling Gleam|p2a: Ballin\n|-resisted|p2a: Ballin\n|-damage|p2a: Ballin|75\/100\n|\n|-heal|p1a: The Sweeper|75\/100|[from] item: Leftovers\n|upkeep\n|turn|24\n|\n|t:|1698583866\n|switch|p1a: magnus vermis|Slither Wing|82\/100 tox\n|move|p2a: Ballin|Shadow Ball|p1a: magnus vermis\n|-damage|p1a: magnus vermis|33\/100 tox\n|-unboost|p1a: magnus vermis|spd|1\n|\n|-damage|p1a: magnus vermis|27\/100 tox|[from] psn\n|upkeep\n|turn|25\n|\n|t:|1698583873\n|switch|p2a: Fat Fuck|Dondozo, M|100\/100\n|move|p1a: magnus vermis|Earthquake|p2a: Fat Fuck\n|-damage|p2a: Fat Fuck|82\/100\n|\n|-heal|p2a: Fat Fuck|88\/100|[from] item: Leftovers\n|-damage|p1a: magnus vermis|14\/100 tox|[from] psn\n|upkeep\n|turn|26\n|j| P3jp3r\n|\n|t:|1698583882\n|switch|p2a: M\u0142ody G z Gdyni|Zapdos-Galar|65\/100\n|move|p1a: magnus vermis|Close Combat|p2a: M\u0142ody G z Gdyni\n|-resisted|p2a: M\u0142ody G z Gdyni\n|-damage|p2a: M\u0142ody G z Gdyni|27\/100\n|-unboost|p1a: magnus vermis|def|1\n|-unboost|p1a: magnus vermis|spd|1\n|\n|-damage|p1a: magnus vermis|0 fnt|[from] psn\n|faint|p1a: magnus vermis\n|-end|p1a: magnus vermis|Protosynthesis|[silent]\n|upkeep\n|\n|t:|1698583903\n|switch|p1a: Deez nuts|Dragonite, M|100\/100\n|turn|27\n|\n|t:|1698583919\n|move|p1a: Deez nuts|Extreme Speed|p2a: M\u0142ody G z Gdyni\n|-crit|p2a: M\u0142ody G z Gdyni\n|-damage|p2a: M\u0142ody G z Gdyni|0 fnt\n|faint|p2a: M\u0142ody G z Gdyni\n|\n|upkeep\n|\n|t:|1698583924\n|switch|p2a: Fat Fuck|Dondozo, M|88\/100\n|turn|28\n|\n|t:|1698583929\n|switch|p1a: Amogus|Amoonguss, M|83\/100\n|move|p2a: Fat Fuck|Avalanche|p1a: Amogus\n|-supereffective|p1a: Amogus\n|-damage|p1a: Amogus|55\/100\n|\n|-heal|p2a: Fat Fuck|95\/100|[from] item: Leftovers\n|-heal|p1a: Amogus|61\/100|[from] item: Black Sludge\n|upkeep\n|turn|29\n|j| SandalTheShoe\n|\n|t:|1698583949\n|switch|p2a: Tasak|Kleavor, M|100\/100\n|switch|p1a: Niepowstrzymany|Spectrier|100\/100\n|\n|upkeep\n|turn|30\n|\n|t:|1698583974\n|switch|p1a: The Sweeper|Klefki, F|75\/100\n|move|p2a: Tasak|Tailwind|p2a: Tasak\n|-sidestart|p2: NightStriker3709|move: Tailwind\n|\n|-heal|p1a: The Sweeper|81\/100|[from] item: Leftovers\n|upkeep\n|turn|31\n|\n|t:|1698583981\n|move|p2a: Tasak|U-turn|p1a: The Sweeper\n|-resisted|p1a: The Sweeper\n|-damage|p1a: The Sweeper|70\/100\n|\n|t:|1698583984\n|switch|p2a: Ballin|Gholdengo|75\/100|[from] U-turn\n|move|p1a: The Sweeper|Trick Room|p1a: The Sweeper\n|-fieldstart|move: Trick Room|[of] p1a: The Sweeper\n|\n|-heal|p1a: The Sweeper|76\/100|[from] item: Leftovers\n|upkeep\n|turn|32\n|\n|t:|1698583991\n|switch|p1a: Deez nuts|Dragonite, M|100\/100\n|move|p2a: Ballin|Shadow Ball|p1a: Deez nuts\n|-crit|p1a: Deez nuts\n|-damage|p1a: Deez nuts|62\/100\n|\n|upkeep\n|turn|33\n|\n|t:|1698584003\n|switch|p2a: Fat Fuck|Dondozo, M|95\/100\n|move|p1a: Deez nuts|Earthquake|p2a: Fat Fuck\n|-damage|p2a: Fat Fuck|75\/100\n|\n|-heal|p2a: Fat Fuck|81\/100|[from] item: Leftovers\n|-sideend|p2: NightStriker3709|move: Tailwind\n|upkeep\n|turn|34\n|l| Subcia UwU\n|\n|t:|1698584032\n|switch|p1a: Niepowstrzymany|Spectrier|100\/100\n|move|p2a: Fat Fuck|Avalanche|p1a: Niepowstrzymany\n|-damage|p1a: Niepowstrzymany|80\/100\n|\n|-heal|p2a: Fat Fuck|87\/100|[from] item: Leftovers\n|-heal|p1a: Niepowstrzymany|86\/100|[from] item: Leftovers\n|upkeep\n|turn|35\n|\n|t:|1698584046\n|move|p1a: Niepowstrzymany|Substitute|p1a: Niepowstrzymany\n|-start|p1a: Niepowstrzymany|Substitute\n|-damage|p1a: Niepowstrzymany|61\/100\n|move|p2a: Fat Fuck|Avalanche|p1a: Niepowstrzymany\n|-activate|p1a: Niepowstrzymany|move: Substitute|[damage]\n|\n|-heal|p2a: Fat Fuck|93\/100|[from] item: Leftovers\n|-heal|p1a: Niepowstrzymany|67\/100|[from] item: Leftovers\n|-fieldend|move: Trick Room\n|upkeep\n|turn|36\n|\n|t:|1698584053\n|move|p1a: Niepowstrzymany|Nasty Plot|p1a: Niepowstrzymany\n|-boost|p1a: Niepowstrzymany|spa|2\n|move|p2a: Fat Fuck|Avalanche|p1a: Niepowstrzymany\n|-end|p1a: Niepowstrzymany|Substitute\n|\n|-heal|p1a: Niepowstrzymany|73\/100|[from] item: Leftovers\n|-heal|p2a: Fat Fuck|99\/100|[from] item: Leftovers\n|upkeep\n|turn|37\n|\n|t:|1698584060\n|switch|p2a: Tasak|Kleavor, M|100\/100\n|move|p1a: Niepowstrzymany|Substitute|p1a: Niepowstrzymany\n|-start|p1a: Niepowstrzymany|Substitute\n|-damage|p1a: Niepowstrzymany|48\/100\n|\n|-heal|p1a: Niepowstrzymany|54\/100|[from] item: Leftovers\n|upkeep\n|turn|38\n|\n|t:|1698584066\n|move|p1a: Niepowstrzymany|Shadow Ball|p2a: Tasak\n|-enditem|p2a: Tasak|Focus Sash\n|-damage|p2a: Tasak|1\/100\n|-unboost|p2a: Tasak|spd|1\n|move|p2a: Tasak|Stone Axe|p1a: Niepowstrzymany\n|-end|p1a: Niepowstrzymany|Substitute\n|-sidestart|p1: HitsuxHitsu|move: Stealth Rock\n|\n|-heal|p1a: Niepowstrzymany|61\/100|[from] item: Leftovers\n|upkeep\n|turn|39\n|\n|t:|1698584072\n|move|p1a: Niepowstrzymany|Draining Kiss|p2a: Tasak\n|-damage|p2a: Tasak|0 fnt\n|-heal|p1a: Niepowstrzymany|61\/100|[from] drain|[of] p2a: Tasak\n|faint|p2a: Tasak\n|-ability|p1a: Niepowstrzymany|Grim Neigh|boost\n|-boost|p1a: Niepowstrzymany|spa|1\n|\n|-heal|p1a: Niepowstrzymany|67\/100|[from] item: Leftovers\n|upkeep\n|\n|t:|1698584075\n|switch|p2a: Cekurwatitan|Cetitan, M|100\/100\n|turn|40\n|\n|t:|1698584085\n|-terastallize|p2a: Cekurwatitan|Ice\n|move|p2a: Cekurwatitan|Ice Shard|p1a: Niepowstrzymany\n|-damage|p1a: Niepowstrzymany|25\/100\n|move|p1a: Niepowstrzymany|Shadow Ball|p2a: Cekurwatitan\n|-damage|p2a: Cekurwatitan|0 fnt\n|faint|p2a: Cekurwatitan\n|-ability|p1a: Niepowstrzymany|Grim Neigh|boost\n|-boost|p1a: Niepowstrzymany|spa|1\n|\n|-heal|p1a: Niepowstrzymany|32\/100|[from] item: Leftovers\n|upkeep\n|\n|t:|1698584091\n|switch|p2a: Fat Fuck|Dondozo, M|99\/100\n|turn|41\n|c|\u2606NightStriker3709|gg\n|\n|t:|1698584095\n|move|p1a: Niepowstrzymany|Draining Kiss|p2a: Fat Fuck\n|-damage|p2a: Fat Fuck|82\/100\n|-heal|p1a: Niepowstrzymany|52\/100|[from] drain|[of] p2a: Fat Fuck\n|move|p2a: Fat Fuck|Avalanche|p1a: Niepowstrzymany\n|-crit|p1a: Niepowstrzymany\n|-damage|p1a: Niepowstrzymany|0 fnt\n|faint|p1a: Niepowstrzymany\n|\n|-heal|p2a: Fat Fuck|88\/100|[from] item: Leftovers\n|upkeep\n|\n|t:|1698584103\n|switch|p1a: Amogus|Amoonguss, M|94\/100\n|-damage|p1a: Amogus|82\/100|[from] Stealth Rock\n|turn|42\n|\n|t:|1698584106\n|switch|p2a: Ballin|Gholdengo|75\/100\n|move|p1a: Amogus|Hex|p2a: Ballin\n|-supereffective|p2a: Ballin\n|-damage|p2a: Ballin|31\/100\n|\n|-heal|p1a: Amogus|88\/100|[from] item: Black Sludge\n|upkeep\n|turn|43\n|\n|t:|1698584110\n|move|p2a: Ballin|Recover|p2a: Ballin\n|-heal|p2a: Ballin|81\/100\n|move|p1a: Amogus|Hex|p2a: Ballin\n|-supereffective|p2a: Ballin\n|-damage|p2a: Ballin|40\/100\n|\n|-heal|p1a: Amogus|94\/100|[from] item: Black Sludge\n|upkeep\n|turn|44\n|\n|t:|1698584120\n|move|p2a: Ballin|Recover|p2a: Ballin\n|-heal|p2a: Ballin|90\/100\n|move|p1a: Amogus|Hex|p2a: Ballin\n|-supereffective|p2a: Ballin\n|-crit|p2a: Ballin\n|-damage|p2a: Ballin|26\/100\n|\n|-heal|p1a: Amogus|100\/100|[from] item: Black Sludge\n|upkeep\n|turn|45\n|\n|t:|1698584134\n|move|p2a: Ballin|Shadow Ball|p1a: Amogus\n|-damage|p1a: Amogus|60\/100\n|-unboost|p1a: Amogus|spd|1\n|move|p1a: Amogus|Hex|p2a: Ballin\n|-supereffective|p2a: Ballin\n|-damage|p2a: Ballin|0 fnt\n|faint|p2a: Ballin\n|\n|-heal|p1a: Amogus|66\/100|[from] item: Black Sludge\n|upkeep\n|\n|t:|1698584136\n|switch|p2a: Fat Fuck|Dondozo, M|88\/100\n|turn|46\n|\n|t:|1698584139\n|switch|p1a: The Sweeper|Klefki, F|76\/100\n|-damage|p1a: The Sweeper|70\/100|[from] Stealth Rock\n|move|p2a: Fat Fuck|Avalanche|p1a: The Sweeper\n|-resisted|p1a: The Sweeper\n|-damage|p1a: The Sweeper|62\/100\n|\n|-heal|p1a: The Sweeper|68\/100|[from] item: Leftovers\n|-heal|p2a: Fat Fuck|94\/100|[from] item: Leftovers\n|upkeep\n|turn|47\n|\n|t:|1698584143\n|move|p1a: The Sweeper|Thunder Wave|p2a: Fat Fuck\n|-status|p2a: Fat Fuck|par\n|move|p2a: Fat Fuck|Body Press|p1a: The Sweeper\n|-damage|p1a: The Sweeper|38\/100\n|\n|-heal|p1a: The Sweeper|44\/100|[from] item: Leftovers\n|-heal|p2a: Fat Fuck|99\/100 par|[from] item: Leftovers\n|upkeep\n|turn|48\n|\n|t:|1698584147\n|switch|p1a: Amogus|Amoonguss, M|99\/100\n|-damage|p1a: Amogus|87\/100|[from] Stealth Rock\n|cant|p2a: Fat Fuck|par\n|\n|-heal|p1a: Amogus|93\/100|[from] item: Black Sludge\n|-heal|p2a: Fat Fuck|100\/100 par|[from] item: Leftovers\n|upkeep\n|turn|49\n|\n|t:|1698584150\n|move|p1a: Amogus|Hex|p2a: Fat Fuck\n|-damage|p2a: Fat Fuck|65\/100 par\n|cant|p2a: Fat Fuck|par\n|\n|-heal|p1a: Amogus|99\/100|[from] item: Black Sludge\n|-heal|p2a: Fat Fuck|71\/100 par|[from] item: Leftovers\n|upkeep\n|turn|50\n|\n|t:|1698584154\n|move|p1a: Amogus|Hex|p2a: Fat Fuck\n|-damage|p2a: Fat Fuck|39\/100 par\n|cant|p2a: Fat Fuck|par\n|\n|-heal|p1a: Amogus|100\/100|[from] item: Black Sludge\n|-heal|p2a: Fat Fuck|45\/100 par|[from] item: Leftovers\n|upkeep\n|turn|51\n|\n|t:|1698584157\n|move|p1a: Amogus|Hex|p2a: Fat Fuck\n|-damage|p2a: Fat Fuck|8\/100 par\n|move|p2a: Fat Fuck|Rest|p2a: Fat Fuck\n|-status|p2a: Fat Fuck|slp|[from] move: Rest\n|-heal|p2a: Fat Fuck|100\/100 slp|[silent]\n|\n|upkeep\n|turn|52\n|\n|t:|1698584164\n|cant|p2a: Fat Fuck|slp\n|move|p2a: Fat Fuck|Sleep Talk|p2a: Fat Fuck\n|move|p2a: Fat Fuck|Body Press|p1a: Amogus|[from]move: Sleep Talk\n|-resisted|p1a: Amogus\n|-damage|p1a: Amogus|87\/100\n|move|p1a: Amogus|Pollen Puff|p2a: Fat Fuck\n|-damage|p2a: Fat Fuck|77\/100 slp\n|\n|-heal|p2a: Fat Fuck|83\/100 slp|[from] item: Leftovers\n|-heal|p1a: Amogus|93\/100|[from] item: Black Sludge\n|upkeep\n|turn|53\n|\n|t:|1698584170\n|move|p1a: Amogus|Pollen Puff|p2a: Fat Fuck\n|-damage|p2a: Fat Fuck|59\/100 slp\n|cant|p2a: Fat Fuck|slp\n|\n|-heal|p2a: Fat Fuck|65\/100 slp|[from] item: Leftovers\n|-heal|p1a: Amogus|99\/100|[from] item: Black Sludge\n|upkeep\n|turn|54\n|\n|t:|1698584180\n|move|p1a: Amogus|Stun Spore||[still]\n|-fail|p1a: Amogus\n|-curestatus|p2a: Fat Fuck|slp|[msg]\n|move|p2a: Fat Fuck|Avalanche|p1a: Amogus\n|-supereffective|p1a: Amogus\n|-damage|p1a: Amogus|72\/100\n|\n|-heal|p2a: Fat Fuck|71\/100|[from] item: Leftovers\n|-heal|p1a: Amogus|78\/100|[from] item: Black Sludge\n|upkeep\n|turn|55\n|\n|t:|1698584184\n|move|p1a: Amogus|Stun Spore|p2a: Fat Fuck\n|-status|p2a: Fat Fuck|par\n|move|p2a: Fat Fuck|Avalanche|p1a: Amogus\n|-supereffective|p1a: Amogus\n|-damage|p1a: Amogus|50\/100\n|\n|-heal|p1a: Amogus|56\/100|[from] item: Black Sludge\n|-heal|p2a: Fat Fuck|77\/100 par|[from] item: Leftovers\n|upkeep\n|turn|56\n|\n|t:|1698584188\n|switch|p1a: The Sweeper|Klefki, F|44\/100\n|-damage|p1a: The Sweeper|38\/100|[from] Stealth Rock\n|move|p2a: Fat Fuck|Avalanche|p1a: The Sweeper\n|-resisted|p1a: The Sweeper\n|-damage|p1a: The Sweeper|29\/100\n|\n|-heal|p1a: The Sweeper|35\/100|[from] item: Leftovers\n|-heal|p2a: Fat Fuck|83\/100 par|[from] item: Leftovers\n|upkeep\n|turn|57\n|\n|t:|1698584191\n|move|p1a: The Sweeper|Dazzling Gleam|p2a: Fat Fuck\n|-damage|p2a: Fat Fuck|50\/100 par\n|cant|p2a: Fat Fuck|par\n|\n|-heal|p1a: The Sweeper|41\/100|[from] item: Leftovers\n|-heal|p2a: Fat Fuck|56\/100 par|[from] item: Leftovers\n|upkeep\n|turn|58\n|\n|t:|1698584195\n|move|p1a: The Sweeper|Dazzling Gleam|p2a: Fat Fuck\n|-damage|p2a: Fat Fuck|27\/100 par\n|cant|p2a: Fat Fuck|par\n|\n|-heal|p1a: The Sweeper|47\/100|[from] item: Leftovers\n|-heal|p2a: Fat Fuck|33\/100 par|[from] item: Leftovers\n|upkeep\n|turn|59\n|\n|t:|1698584202\n|move|p1a: The Sweeper|Dazzling Gleam|p2a: Fat Fuck\n|-damage|p2a: Fat Fuck|3\/100 par\n|move|p2a: Fat Fuck|Rest|p2a: Fat Fuck\n|-status|p2a: Fat Fuck|slp|[from] move: Rest\n|-heal|p2a: Fat Fuck|100\/100 slp|[silent]\n|\n|-heal|p1a: The Sweeper|53\/100|[from] item: Leftovers\n|upkeep\n|turn|60\n|\n|t:|1698584215\n|move|p1a: The Sweeper|Dazzling Gleam|p2a: Fat Fuck\n|-damage|p2a: Fat Fuck|70\/100 slp\n|cant|p2a: Fat Fuck|slp\n|move|p2a: Fat Fuck|Sleep Talk|p2a: Fat Fuck\n|move|p2a: Fat Fuck|Rest||[from]move: Sleep Talk|[still]\n|-fail|p2a: Fat Fuck\n|\n|-heal|p1a: The Sweeper|59\/100|[from] item: Leftovers\n|-heal|p2a: Fat Fuck|76\/100 slp|[from] item: Leftovers\n|upkeep\n|turn|61\n|\n|t:|1698584219\n|move|p1a: The Sweeper|Flash Cannon|p2a: Fat Fuck\n|-resisted|p2a: Fat Fuck\n|-damage|p2a: Fat Fuck|61\/100 slp\n|cant|p2a: Fat Fuck|slp\n|move|p2a: Fat Fuck|Sleep Talk|p2a: Fat Fuck\n|move|p2a: Fat Fuck|Rest||[from]move: Sleep Talk|[still]\n|-fail|p2a: Fat Fuck\n|\n|-heal|p1a: The Sweeper|65\/100|[from] item: Leftovers\n|-heal|p2a: Fat Fuck|67\/100 slp|[from] item: Leftovers\n|upkeep\n|turn|62\n|\n|t:|1698584226\n|move|p1a: The Sweeper|Flash Cannon|p2a: Fat Fuck\n|-resisted|p2a: Fat Fuck\n|-damage|p2a: Fat Fuck|52\/100 slp\n|-unboost|p2a: Fat Fuck|spd|1\n|-curestatus|p2a: Fat Fuck|slp|[msg]\n|move|p2a: Fat Fuck|Body Press|p1a: The Sweeper\n|-damage|p1a: The Sweeper|37\/100\n|\n|-heal|p1a: The Sweeper|43\/100|[from] item: Leftovers\n|-heal|p2a: Fat Fuck|58\/100|[from] item: Leftovers\n|upkeep\n|turn|63\n|\n|t:|1698584232\n|move|p1a: The Sweeper|Dazzling Gleam|p2a: Fat Fuck\n|-crit|p2a: Fat Fuck\n|-damage|p2a: Fat Fuck|0 fnt\n|faint|p2a: Fat Fuck\n|\n|win|HitsuxHitsu\n|c|\u2606HitsuxHitsu|gg\n|c|\u2606NightStriker3709|gg\n","uploadtime":1698584240,"views":17,"p1id":"hitsuxhitsu","p2id":"nightstriker3709","formatid":"gen9anythinggoes","rating":0,"private":0,"password":""}