{"id":"gen9anythinggoes-1983621266","p1":"berto215","p2":"brianbass","format":"[Gen 9] Anything Goes","log":"|j|\u2606berto215\n|j|\u2606brianbass\n|t:|1699150432\n|gametype|singles\n|player|p1|berto215|2|1070\n|player|p2|brianbass|benga|1080\n|teamsize|p1|6\n|teamsize|p2|6\n|gen|9\n|tier|[Gen 9] Anything Goes\n|rated|\n|rule|HP Percentage Mod: HP is shown in percentages\n|rule|Endless Battle Clause: Forcing endless battles is banned\n|clearpoke\n|poke|p1|Greninja-*, M|\n|poke|p1|Sableye, M|\n|poke|p1|Espeon, F|\n|poke|p1|Blissey, F|\n|poke|p1|Quagsire, M|\n|poke|p1|Raichu-Alola, F|\n|poke|p2|Pelipper, M|\n|poke|p2|Kilowattrel, F|\n|poke|p2|Tauros-Paldea-Aqua, M|\n|poke|p2|Iron Jugulis|\n|poke|p2|Barraskewda, M|\n|poke|p2|Brute Bonnet|\n|teampreview\n|\n|t:|1699150438\n|start\n|switch|p1a: Blissey|Blissey, F|100\/100\n|switch|p2a: Iron Jugulis|Iron Jugulis|100\/100\n|-enditem|p2a: Iron Jugulis|Booster Energy\n|-activate|p2a: Iron Jugulis|ability: Quark Drive|[fromitem]\n|-start|p2a: Iron Jugulis|quarkdrivespe\n|turn|1\n|c|\u2606brianbass|uh\n|\n|t:|1699150447\n|-end|p2a: Iron Jugulis|Quark Drive|[silent]\n|switch|p2a: Pelipper|Pelipper, M|100\/100\n|-weather|RainDance|[from] ability: Drizzle|[of] p2a: Pelipper\n|move|p1a: Blissey|Thunder Wave|p2a: Pelipper\n|-status|p2a: Pelipper|par\n|\n|-weather|RainDance|[upkeep]\n|upkeep\n|turn|2\n|\n|t:|1699150454\n|move|p1a: Blissey|Seismic Toss|p2a: Pelipper\n|-damage|p2a: Pelipper|70\/100 par\n|move|p2a: Pelipper|U-turn|p1a: Blissey\n|-damage|p1a: Blissey|93\/100\n|c|\u2606brianbass|na\n|\n|t:|1699150459\n|switch|p2a: Iron Jugulis|Iron Jugulis|100\/100|[from] U-turn\n|\n|-weather|RainDance|[upkeep]\n|-heal|p1a: Blissey|99\/100|[from] item: Leftovers\n|upkeep\n|turn|3\n|\n|t:|1699150474\n|move|p2a: Iron Jugulis|Taunt|p1a: Blissey\n|-start|p1a: Blissey|move: Taunt\n|cant|p1a: Blissey|move: Taunt|Thunder Wave\n|\n|-weather|RainDance|[upkeep]\n|-heal|p1a: Blissey|100\/100|[from] item: Leftovers\n|upkeep\n|turn|4\n|\n|t:|1699150479\n|move|p2a: Iron Jugulis|Hurricane|p1a: Blissey\n|-damage|p1a: Blissey|81\/100\n|move|p1a: Blissey|Seismic Toss|p2a: Iron Jugulis\n|-damage|p2a: Iron Jugulis|70\/100\n|\n|-weather|RainDance|[upkeep]\n|-heal|p1a: Blissey|87\/100|[from] item: Leftovers\n|upkeep\n|turn|5\n|c|\u2606brianbass|nope\n|\n|t:|1699150487\n|move|p2a: Iron Jugulis|Dark Pulse|p1a: Blissey\n|-damage|p1a: Blissey|72\/100\n|cant|p1a: Blissey|flinch\n|\n|-weather|RainDance|[upkeep]\n|-heal|p1a: Blissey|79\/100|[from] item: Leftovers\n|-end|p1a: Blissey|move: Taunt\n|upkeep\n|turn|6\n|\n|t:|1699150494\n|move|p2a: Iron Jugulis|Taunt|p1a: Blissey\n|-start|p1a: Blissey|move: Taunt\n|cant|p1a: Blissey|move: Taunt|Thunder Wave\n|\n|-weather|RainDance|[upkeep]\n|-heal|p1a: Blissey|85\/100|[from] item: Leftovers\n|upkeep\n|turn|7\n|\n|t:|1699150500\n|move|p2a: Iron Jugulis|Flash Cannon|p1a: Blissey\n|-damage|p1a: Blissey|74\/100\n|move|p1a: Blissey|Seismic Toss|p2a: Iron Jugulis\n|-damage|p2a: Iron Jugulis|40\/100\n|\n|-weather|RainDance|[upkeep]\n|-heal|p1a: Blissey|80\/100|[from] item: Leftovers\n|upkeep\n|turn|8\n|c|\u2606brianbass|wth\n|\n|t:|1699150511\n|-end|p2a: Iron Jugulis|Quark Drive|[silent]\n|switch|p2a: Brute Bonnet|Brute Bonnet|100\/100\n|move|p1a: Blissey|Seismic Toss|p2a: Brute Bonnet\n|-damage|p2a: Brute Bonnet|77\/100\n|\n|-weather|none\n|-heal|p1a: Blissey|86\/100|[from] item: Leftovers\n|-heal|p2a: Brute Bonnet|83\/100|[from] item: Leftovers\n|-end|p1a: Blissey|move: Taunt\n|upkeep\n|turn|9\n|\n|t:|1699150521\n|move|p1a: Blissey|Thunder Wave|p2a: Brute Bonnet\n|-status|p2a: Brute Bonnet|par\n|move|p2a: Brute Bonnet|Spore|p1a: Blissey\n|-status|p1a: Blissey|slp|[from] move: Spore\n|\n|-heal|p1a: Blissey|93\/100 slp|[from] item: Leftovers\n|-heal|p2a: Brute Bonnet|89\/100 par|[from] item: Leftovers\n|upkeep\n|turn|10\n|c|\u2606brianbass|gulp\n|\n|t:|1699150533\n|-curestatus|p1a: Blissey|slp|[from] ability: Natural Cure\n|switch|p1a: Espeon|Espeon, F|100\/100\n|-end|p2a: Brute Bonnet|Protosynthesis|[silent]\n|switch|p2a: Barraskewda|Barraskewda, M|100\/100\n|\n|upkeep\n|turn|11\n|\n|t:|1699150544\n|move|p2a: Barraskewda|Crunch|p1a: Espeon\n|-supereffective|p1a: Espeon\n|-damage|p1a: Espeon|0 fnt\n|faint|p1a: Espeon\n|\n|upkeep\n|\n|t:|1699150549\n|switch|p1a: Raichu|Raichu-Alola, F|100\/100\n|turn|12\n|c|\u2606brianbass|na\n|\n|t:|1699150554\n|switch|p2a: Pelipper|Pelipper, M|70\/100 par\n|-weather|RainDance|[from] ability: Drizzle|[of] p2a: Pelipper\n|move|p1a: Raichu|Thunderbolt|p2a: Pelipper\n|-supereffective|p2a: Pelipper\n|-damage|p2a: Pelipper|0 fnt\n|faint|p2a: Pelipper\n|\n|-weather|RainDance|[upkeep]\n|upkeep\n|\n|t:|1699150565\n|switch|p2a: Brute Bonnet|Brute Bonnet|89\/100 par\n|turn|13\n|\n|t:|1699150570\n|switch|p1a: Greninja|Greninja, M|100\/100\n|cant|p2a: Brute Bonnet|par\n|\n|-weather|RainDance|[upkeep]\n|-heal|p2a: Brute Bonnet|95\/100 par|[from] item: Leftovers\n|upkeep\n|turn|14\n|\n|t:|1699150577\n|move|p1a: Greninja|Ice Beam|p2a: Brute Bonnet\n|-supereffective|p2a: Brute Bonnet\n|-damage|p2a: Brute Bonnet|41\/100 par\n|-damage|p1a: Greninja|91\/100|[from] item: Life Orb\n|move|p2a: Brute Bonnet|Seed Bomb|p1a: Greninja\n|-supereffective|p1a: Greninja\n|-damage|p1a: Greninja|0 fnt\n|faint|p1a: Greninja\n|\n|-weather|RainDance|[upkeep]\n|-heal|p2a: Brute Bonnet|47\/100 par|[from] item: Leftovers\n|upkeep\n|\n|t:|1699150587\n|switch|p1a: Sableye|Sableye, M|100\/100\n|turn|15\n|\n|t:|1699150596\n|move|p2a: Brute Bonnet|Sucker Punch|p1a: Sableye\n|-damage|p1a: Sableye|39\/100\n|-damage|p2a: Brute Bonnet|31\/100 par|[from] item: Rocky Helmet|[of] p1a: Sableye\n|move|p1a: Sableye|Drain Punch|p2a: Brute Bonnet\n|-supereffective|p2a: Brute Bonnet\n|-damage|p2a: Brute Bonnet|0 fnt\n|-heal|p1a: Sableye|64\/100|[from] drain|[of] p2a: Brute Bonnet\n|faint|p2a: Brute Bonnet\n|-end|p2a: Brute Bonnet|Protosynthesis|[silent]\n|\n|-weather|RainDance|[upkeep]\n|upkeep\n|\n|t:|1699150600\n|switch|p2a: Barraskewda|Barraskewda, M|100\/100\n|turn|16\n|\n|t:|1699150608\n|move|p2a: Barraskewda|Liquidation|p1a: Sableye\n|-damage|p1a: Sableye|0 fnt\n|-damage|p2a: Barraskewda|84\/100|[from] item: Rocky Helmet|[of] p1a: Sableye\n|faint|p1a: Sableye\n|\n|-weather|RainDance|[upkeep]\n|upkeep\n|\n|t:|1699150614\n|switch|p1a: Raichu|Raichu-Alola, F|100\/100\n|turn|17\n|c|\u2606brianbass|this my fav build\n|c|\u2606brianbass|ngl\n|\n|t:|1699150621\n|move|p2a: Barraskewda|Liquidation|p1a: Raichu\n|-damage|p1a: Raichu|0 fnt\n|faint|p1a: Raichu\n|\n|-weather|RainDance|[upkeep]\n|upkeep\n|\n|t:|1699150627\n|switch|p1a: Blissey|Blissey, F|93\/100\n|turn|18\n|c|\u2606brianbass|just started it\n|c|\u2606brianbass|a few seconds ago\n|\n|t:|1699150631\n|move|p2a: Barraskewda|Liquidation|p1a: Blissey\n|-damage|p1a: Blissey|0 fnt\n|faint|p1a: Blissey\n|\n|-weather|RainDance|[upkeep]\n|upkeep\n|c|\u2606brianbass|its to dam broken\n|c|\u2606berto215|O_O\n|\n|t:|1699150642\n|switch|p1a: Quagsire|Quagsire, M|100\/100\n|turn|19\n|c|\u2606brianbass|?\n|\n|t:|1699150646\n|move|p2a: Barraskewda|Liquidation|p1a: Quagsire\n|-damage|p1a: Quagsire|0 fnt\n|faint|p1a: Quagsire\n|\n|win|brianbass\n|raw|berto215's rating: 1070 &rarr; <strong>1050<\/strong><br \/>(-20 for losing)\n|raw|brianbass's rating: 1080 &rarr; <strong>1107<\/strong><br \/>(+27 for winning)\n|c|\u2606brianbass|here\n|l|\u2606berto215\n|c|\u2606brianbass|!showteam\n|c| brianbass|\/raw <div class=\"infobox\"><details><summary>View team<\/summary>Pelipper (M) @ Damp Rock  <br \/>Ability: Drizzle  <br \/>Tera Type: Water  <br \/>EVs: 248 HP &#x2f; 252 Def &#x2f; 8 SpA  <br \/>Bold Nature  <br \/>- Chilling Water  <br \/>- Hurricane  <br \/>- U-turn  <br \/>- Roost  <br \/><br \/>Kilowattrel (F) @ Life Orb  <br \/>Ability: Volt Absorb  <br \/>Tera Type: Water  <br \/>EVs: 252 SpA &#x2f; 4 SpD &#x2f; 252 Spe  <br \/>Timid Nature  <br \/>IVs: 0 Atk  <br \/>- Hurricane  <br \/>- Thunder  <br \/>- Weather Ball  <br \/>- Volt Switch  <br \/><br \/>Tauros (Tauros-Paldea-Aqua) (M) @ Assault Vest  <br \/>Ability: Intimidate  <br \/>Tera Type: Water  <br \/>EVs: 252 Atk &#x2f; 4 SpD &#x2f; 252 Spe  <br \/>Jolly Nature  <br \/>- Raging Bull  <br \/>- Aqua Jet  <br \/>- Close Combat  <br \/>- Earthquake  <br \/><br \/>Iron Jugulis @ Booster Energy  <br \/>Ability: Quark Drive  <br \/>Tera Type: Flying  <br \/>EVs: 252 SpA &#x2f; 4 SpD &#x2f; 252 Spe  <br \/>Timid Nature  <br \/>IVs: 0 Atk  <br \/>- Hurricane  <br \/>- Dark Pulse  <br \/>- Flash Cannon  <br \/>- Taunt  <br \/><br \/>Barraskewda (M) @ Choice Band  <br \/>Ability: Swift Swim  <br \/>Tera Type: Water  <br \/>EVs: 252 Atk &#x2f; 4 SpD &#x2f; 252 Spe  <br \/>Adamant Nature  <br \/>- Close Combat  <br \/>- Liquidation  <br \/>- Crunch  <br \/>- Ice Fang  <br \/><br \/>Brute Bonnet @ Leftovers  <br \/>Ability: Protosynthesis  <br \/>Tera Type: Fairy  <br \/>EVs: 252 HP &#x2f; 252 Atk &#x2f; 4 SpD  <br \/>Adamant Nature  <br \/>- Sucker Punch  <br \/>- Spore  <br \/>- Seed Bomb  <br \/>- Close Combat  <br \/><br \/><\/details><\/div>\n|l|\u2606brianbass\n|j|\u2606brianbass\n|player|p2|brianbass|benga\n","uploadtime":1699150678,"views":18,"p1id":"berto215","p2id":"brianbass","formatid":"gen9anythinggoes","rating":1050,"private":0,"password":""}