{"id":"gen9anythinggoes-1979138311","p1":"Xionicdemon","p2":"jgxguydegu","format":"[Gen 9] Anything Goes","log":"|j|\u2606Xionicdemon\n|j|\u2606jgxguydegu\n|t:|1698637523\n|gametype|singles\n|player|p1|Xionicdemon|hugh|1185\n|player|p2|jgxguydegu|101|1223\n|teamsize|p1|6\n|teamsize|p2|6\n|gen|9\n|tier|[Gen 9] Anything Goes\n|rated|\n|rule|HP Percentage Mod: HP is shown in percentages\n|rule|Endless Battle Clause: Forcing endless battles is banned\n|clearpoke\n|poke|p1|Charizard, M|\n|poke|p1|Annihilape, M|\n|poke|p1|Jolteon, M|\n|poke|p1|Zoroark-Hisui, F|\n|poke|p1|Baxcalibur, F|\n|poke|p1|Mewtwo|\n|poke|p2|Kingambit, M|\n|poke|p2|Annihilape, M|\n|poke|p2|Annihilape, M|\n|poke|p2|Annihilape, M|\n|poke|p2|Annihilape, M|\n|poke|p2|Annihilape, M|\n|teampreview\n|inactive|Battle timer is ON: inactive players will automatically lose when time's up. (requested by jgxguydegu)\n|\n|t:|1698637546\n|start\n|switch|p1a: Mewtwo|Mewtwo|100\/100\n|switch|p2a: Annihilape|Annihilape, M, shiny|100\/100\n|-ability|p1a: Mewtwo|Unnerve\n|turn|1\n|\n|t:|1698637562\n|move|p1a: Mewtwo|Psystrike|p2a: Annihilape\n|-supereffective|p2a: Annihilape\n|-enditem|p2a: Annihilape|Focus Sash\n|-damage|p2a: Annihilape|1\/100\n|-damage|p1a: Mewtwo|91\/100|[from] item: Life Orb\n|move|p2a: Annihilape|Rage Fist|p1a: Mewtwo\n|-supereffective|p1a: Mewtwo\n|-damage|p1a: Mewtwo|9\/100\n|\n|upkeep\n|turn|2\n|\n|t:|1698637573\n|move|p1a: Mewtwo|Aura Sphere|p2a: Annihilape\n|-immune|p2a: Annihilape\n|move|p2a: Annihilape|Rage Fist|p1a: Mewtwo\n|-supereffective|p1a: Mewtwo\n|-damage|p1a: Mewtwo|0 fnt\n|faint|p1a: Mewtwo\n|\n|upkeep\n|\n|t:|1698637582\n|switch|p1a: Jolteon|Jolteon, M|100\/100\n|-item|p1a: Jolteon|Air Balloon\n|turn|3\n|\n|t:|1698637588\n|move|p1a: Jolteon|Volt Switch|p2a: Annihilape\n|-damage|p2a: Annihilape|0 fnt\n|faint|p2a: Annihilape\n|\n|t:|1698637595\n|switch|p1a: Annihilape|Annihilape, M|100\/100|[from] Volt Switch\n|\n|upkeep\n|\n|t:|1698637599\n|switch|p2a: Annihilape|Annihilape, M, shiny|100\/100\n|turn|4\n|\n|t:|1698637609\n|move|p1a: Annihilape|Bitter Malice|p2a: Annihilape\n|-supereffective|p2a: Annihilape\n|-damage|p2a: Annihilape|33\/100\n|-unboost|p2a: Annihilape|atk|1\n|move|p2a: Annihilape|Rage Fist|p1a: Annihilape\n|-immune|p1a: Annihilape\n|\n|upkeep\n|turn|5\n|\n|t:|1698637620\n|move|p1a: Annihilape|Bitter Malice|p2a: Annihilape\n|-supereffective|p2a: Annihilape\n|-damage|p2a: Annihilape|0 fnt\n|faint|p2a: Annihilape\n|\n|upkeep\n|\n|t:|1698637627\n|switch|p2a: Annihilape|Annihilape, M, shiny|100\/100\n|turn|6\n|\n|t:|1698637632\n|switch|p1a: Charizard|Charizard, M|100\/100\n|move|p2a: Annihilape|Night Slash|p1a: Charizard\n|-damage|p1a: Charizard|77\/100\n|\n|upkeep\n|turn|7\n|\n|t:|1698637643\n|move|p1a: Charizard|Air Slash|p2a: Annihilape\n|-supereffective|p2a: Annihilape\n|-damage|p2a: Annihilape|34\/100\n|move|p2a: Annihilape|Rage Fist|p1a: Charizard\n|-damage|p1a: Charizard|26\/100\n|\n|upkeep\n|turn|8\n|\n|t:|1698637651\n|move|p1a: Charizard|Air Slash|p2a: Annihilape\n|-supereffective|p2a: Annihilape\n|-damage|p2a: Annihilape|0 fnt\n|faint|p2a: Annihilape\n|\n|upkeep\n|\n|t:|1698637656\n|switch|p2a: Annihilape|Annihilape, M, shiny|100\/100\n|turn|9\n|\n|t:|1698637667\n|move|p1a: Charizard|Fire Blast|p2a: Annihilape\n|-damage|p2a: Annihilape|38\/100\n|move|p2a: Annihilape|Rage Fist|p1a: Charizard\n|-damage|p1a: Charizard|0 fnt\n|faint|p1a: Charizard\n|\n|upkeep\n|\n|t:|1698637674\n|switch|p1a: Jolteon|Jolteon, M|100\/100\n|-item|p1a: Jolteon|Air Balloon\n|turn|10\n|\n|t:|1698637680\n|move|p1a: Jolteon|Discharge|p2a: Annihilape\n|-damage|p2a: Annihilape|6\/100\n|-status|p2a: Annihilape|par\n|move|p2a: Annihilape|Night Slash|p1a: Jolteon\n|-crit|p1a: Jolteon\n|-damage|p1a: Jolteon|48\/100\n|-enditem|p1a: Jolteon|Air Balloon\n|\n|upkeep\n|turn|11\n|\n|t:|1698637692\n|move|p1a: Jolteon|Volt Switch|p2a: Annihilape\n|-damage|p2a: Annihilape|0 fnt\n|faint|p2a: Annihilape\n|\n|t:|1698637697\n|switch|p1a: Baxcalibur|Baxcalibur, F|100\/100|[from] Volt Switch\n|\n|upkeep\n|\n|t:|1698637702\n|switch|p2a: Annihilape|Annihilape, M, shiny|100\/100\n|turn|12\n|\n|t:|1698637713\n|move|p2a: Annihilape|Close Combat|p1a: Baxcalibur\n|-supereffective|p1a: Baxcalibur\n|-damage|p1a: Baxcalibur|11\/100\n|-unboost|p2a: Annihilape|def|1\n|-unboost|p2a: Annihilape|spd|1\n|-enditem|p1a: Baxcalibur|Salac Berry|[eat]\n|-boost|p1a: Baxcalibur|spe|1|[from] item: Salac Berry\n|move|p1a: Baxcalibur|Icicle Spear|p2a: Annihilape\n|-damage|p2a: Annihilape|81\/100\n|-damage|p2a: Annihilape|60\/100\n|-damage|p2a: Annihilape|38\/100\n|-damage|p2a: Annihilape|17\/100\n|-damage|p2a: Annihilape|0 fnt\n|faint|p2a: Annihilape\n|-hitcount|p2: Annihilape|5\n|\n|upkeep\n|\n|t:|1698637728\n|switch|p2a: Kingambit|Kingambit, M, shiny|100\/100\n|-activate|p2a: Kingambit|ability: Supreme Overlord\n|-start|p2a: Kingambit|fallen5|[silent]\n|turn|13\n|\n|t:|1698637745\n|move|p1a: Baxcalibur|Glaive Rush|p2a: Kingambit\n|-resisted|p2a: Kingambit\n|-damage|p2a: Kingambit|71\/100\n|-singlemove|p1a: Baxcalibur|Glaive Rush|[silent]\n|move|p2a: Kingambit|Swords Dance|p2a: Kingambit\n|-boost|p2a: Kingambit|atk|2\n|\n|upkeep\n|turn|14\n|\n|t:|1698637761\n|-terastallize|p2a: Kingambit|Dark\n|move|p2a: Kingambit|Sucker Punch|p1a: Baxcalibur\n|-damage|p1a: Baxcalibur|0 fnt\n|faint|p1a: Baxcalibur\n|\n|upkeep\n|inactive|Xionicdemon has 120 seconds left.\n|\n|t:|1698637790\n|switch|p1a: Jolteon|Jolteon, M|48\/100\n|turn|15\n|\n|t:|1698637795\n|move|p2a: Kingambit|Sucker Punch||[still]\n|-fail|p2a: Kingambit\n|move|p1a: Jolteon|Thunder Wave|p2a: Kingambit\n|-status|p2a: Kingambit|par\n|\n|upkeep\n|turn|16\n|inactive|Xionicdemon has 120 seconds left.\n|\n|t:|1698637803\n|cant|p2a: Kingambit|par\n|move|p1a: Jolteon|Discharge|p2a: Kingambit\n|-damage|p2a: Kingambit|37\/100 par\n|\n|upkeep\n|turn|17\n|\n|t:|1698637809\n|move|p2a: Kingambit|Sucker Punch|p1a: Jolteon\n|-crit|p1a: Jolteon\n|-damage|p1a: Jolteon|0 fnt\n|faint|p1a: Jolteon\n|\n|upkeep\n|\n|t:|1698637817\n|switch|p1a: Annihilape|Annihilape, M|100\/100\n|turn|18\n|\n|t:|1698637827\n|-terastallize|p1a: Annihilape|Fighting\n|move|p2a: Kingambit|Sucker Punch|p1a: Annihilape\n|-resisted|p1a: Annihilape\n|-damage|p1a: Annihilape|6\/100\n|move|p1a: Annihilape|Drain Punch|p2a: Kingambit\n|-supereffective|p2a: Kingambit\n|-damage|p2a: Kingambit|0 fnt\n|-heal|p1a: Annihilape|24\/100|[from] drain|[of] p2a: Kingambit\n|faint|p2a: Kingambit\n|-end|p2a: Kingambit|fallen5|[silent]\n|\n|win|Xionicdemon\n|raw|Xionicdemon's rating: 1185 &rarr; <strong>1213<\/strong><br \/>(+28 for winning)\n|raw|jgxguydegu's rating: 1223 &rarr; <strong>1195<\/strong><br \/>(-28 for losing)\n|l|\u2606jgxguydegu\n","uploadtime":1698637848,"views":6,"p1id":"xionicdemon","p2id":"jgxguydegu","formatid":"gen9anythinggoes","rating":1195,"private":0,"password":""}