{"id":"gen9anythinggoes-1999358376","p1":"AGLP 1","p2":"ringlord","format":"[Gen 9] Anything Goes","log":"|j|\u2606AGLP 1\n|j|\u2606ringlord\n|inactive|Battle timer is ON: inactive players will automatically lose when time's up.\n|t:|1701066234\n|gametype|singles\n|player|p1|AGLP 1|anabel|\n|player|p2|ringlord|170|\n|teamsize|p1|6\n|teamsize|p2|6\n|gen|9\n|tier|[Gen 9] Anything Goes\n|rated|Tournament battle\n|rule|HP Percentage Mod: HP is shown in percentages\n|rule|Endless Battle Clause: Forcing endless battles is banned\n|clearpoke\n|poke|p1|Calyrex-Shadow|\n|poke|p1|Zacian-*|\n|poke|p1|Landorus-Therian, M|\n|poke|p1|Ting-Lu|\n|poke|p1|Koraidon|\n|poke|p1|Arceus|\n|poke|p2|Arceus-Ground|\n|poke|p2|Arceus|\n|poke|p2|Ditto|\n|poke|p2|Eternatus|\n|poke|p2|Koraidon|\n|poke|p2|Miraidon|\n|teampreview\n|inactive|AGLP 1 also wants the timer to be on.\n|\n|t:|1701066239\n|start\n|switch|p1a: Landorus|Landorus-Therian, M|100\/100\n|switch|p2a: Eternatus|Eternatus|100\/100\n|-ability|p2a: Eternatus|Pressure\n|-ability|p1a: Landorus|Intimidate|boost\n|-unboost|p2a: Eternatus|atk|1\n|turn|1\n|inactive|AGLP 1 has 120 seconds left.\n|inactive|AGLP 1 has 90 seconds left.\n|\n|t:|1701066313\n|move|p2a: Eternatus|Dynamax Cannon|p1a: Landorus\n|-damage|p1a: Landorus|24\/100\n|-damage|p2a: Eternatus|91\/100|[from] item: Life Orb\n|move|p1a: Landorus|Earthquake|p2a: Eternatus\n|-supereffective|p2a: Eternatus\n|-crit|p2a: Eternatus\n|-damage|p2a: Eternatus|0 fnt\n|faint|p2a: Eternatus\n|\n|upkeep\n|\n|t:|1701066330\n|switch|p2a: Arceus|Arceus-Ground|100\/100\n|turn|2\n|inactive|AGLP 1 has 90 seconds left.\n|j| ghostlyplanets\n|inactive|AGLP 1 has 60 seconds left.\n|inactive|AGLP 1 has 30 seconds left.\n|inactive|AGLP 1 has 20 seconds left.\n|\n|t:|1701066410\n|move|p2a: Arceus|Ice Beam|p1a: Landorus\n|-supereffective|p1a: Landorus\n|-damage|p1a: Landorus|0 fnt\n|faint|p1a: Landorus\n|\n|upkeep\n|inactive|AGLP 1 has 25 seconds left this turn.\n|c| ghostlyplanets|bro..\n|\n|t:|1701066415\n|switch|p1a: Zacian|Zacian-Crowned|100\/100\n|-ability|p1a: Zacian|Intrepid Sword|boost\n|-boost|p1a: Zacian|atk|1\n|turn|3\n|\n|t:|1701066420\n|move|p1a: Zacian|Behemoth Blade|p2a: Arceus\n|-damage|p2a: Arceus|57\/100\n|move|p2a: Arceus|Judgment|p1a: Zacian\n|-supereffective|p1a: Zacian\n|-damage|p1a: Zacian|6\/100\n|\n|upkeep\n|turn|4\n|c| ghostlyplanets|wyd aglp1\n|inactive|AGLP 1 has 30 seconds left.\n|\n|t:|1701066439\n|move|p1a: Zacian|Behemoth Blade|p2a: Arceus\n|-damage|p2a: Arceus|10\/100\n|move|p2a: Arceus|Recover|p2a: Arceus\n|-heal|p2a: Arceus|60\/100\n|\n|upkeep\n|turn|5\n|\n|t:|1701066446\n|move|p1a: Zacian|Behemoth Blade|p2a: Arceus\n|-damage|p2a: Arceus|19\/100\n|move|p2a: Arceus|Recover|p2a: Arceus\n|-heal|p2a: Arceus|69\/100\n|\n|upkeep\n|turn|6\n|c| ghostlyplanets|JUST SWORDS DANCE\n|\n|t:|1701066464\n|move|p1a: Zacian|Swords Dance|p1a: Zacian\n|-boost|p1a: Zacian|atk|2\n|move|p2a: Arceus|Recover|p2a: Arceus\n|-heal|p2a: Arceus|100\/100\n|\n|upkeep\n|turn|7\n|l| ghostlyplanets\n|\n|t:|1701066475\n|move|p1a: Zacian|Behemoth Blade|p2a: Arceus\n|-damage|p2a: Arceus|30\/100\n|move|p2a: Arceus|Calm Mind|p2a: Arceus\n|-boost|p2a: Arceus|spa|1\n|-boost|p2a: Arceus|spd|1\n|\n|upkeep\n|turn|8\n|\n|t:|1701066497\n|move|p1a: Zacian|Behemoth Blade|p2a: Arceus\n|-damage|p2a: Arceus|0 fnt\n|faint|p2a: Arceus\n|\n|upkeep\n|\n|t:|1701066501\n|switch|p2a: Ditto|Ditto|100\/100\n|-transform|p2a: Ditto|p1a: Zacian|[from] ability: Imposter\n|-ability|p2a: Ditto|Intrepid Sword|boost\n|-boost|p2a: Ditto|atk|1\n|turn|9\n|\n|t:|1701066516\n|move|p2a: Ditto|Behemoth Blade|p1a: Zacian\n|-damage|p1a: Zacian|0 fnt\n|faint|p1a: Zacian\n|\n|upkeep\n|\n|t:|1701066523\n|switch|p1a: Arceus|Arceus|100\/100\n|turn|10\n|j|%Adhiraj8202\n|\n|t:|1701066525\n|move|p1a: Arceus|Extreme Speed|p2a: Ditto\n|-resisted|p2a: Ditto\n|-damage|p2a: Ditto|78\/100\n|move|p2a: Ditto|Behemoth Blade|p1a: Arceus\n|-damage|p1a: Arceus|0 fnt\n|faint|p1a: Arceus\n|\n|upkeep\n|\n|t:|1701066528\n|switch|p1a: Calyrex|Calyrex-Shadow|100\/100\n|-ability|p1a: Calyrex|As One\n|-ability|p1a: Calyrex|Unnerve\n|turn|11\n|inactive|AGLP 1 has 60 seconds left.\n|\n|t:|1701066533\n|move|p1a: Calyrex|Astral Barrage|p2a: Ditto\n|-damage|p2a: Ditto|0 fnt\n|faint|p2a: Ditto\n|-ability|p1a: Calyrex|Grim Neigh|boost\n|-boost|p1a: Calyrex|spa|1\n|\n|upkeep\n|\n|t:|1701066541\n|switch|p2a: Arceus|Arceus|100\/100\n|turn|12\n|inactive|AGLP 1 has 60 seconds left.\n|\n|t:|1701066569\n|switch|p1a: Ting-Lu|Ting-Lu|100\/100\n|-ability|p1a: Ting-Lu|Vessel of Ruin\n|move|p2a: Arceus|Stealth Rock|p1a: Ting-Lu\n|-sidestart|p1: AGLP 1|move: Stealth Rock\n|\n|upkeep\n|turn|13\n|\n|t:|1701066578\n|switch|p2a: Miraidon|Miraidon|100\/100\n|-fieldstart|move: Electric Terrain|[from] ability: Hadron Engine|[of] p2a: Miraidon\n|move|p1a: Ting-Lu|Whirlwind|p2a: Miraidon\n|drag|p2a: Koraidon|Koraidon|100\/100\n|-weather|SunnyDay|[from] ability: Orichalcum Pulse|[of] p2a: Koraidon\n|-activate|p2a: Koraidon|Orichalcum Pulse|[source]\n|\n|-weather|SunnyDay|[upkeep]\n|upkeep\n|turn|14\n|inactive|AGLP 1 has 60 seconds left.\n|\n|t:|1701066604\n|move|p2a: Koraidon|U-turn|p1a: Ting-Lu\n|-supereffective|p1a: Ting-Lu\n|-damage|p1a: Ting-Lu|65\/100\n|\n|t:|1701066608\n|switch|p2a: Miraidon|Miraidon|100\/100|[from] U-turn\n|-activate|p2a: Miraidon|ability: Hadron Engine\n|move|p1a: Ting-Lu|Earthquake|p2a: Miraidon\n|-supereffective|p2a: Miraidon\n|-damage|p2a: Miraidon|33\/100\n|\n|-weather|SunnyDay|[upkeep]\n|-heal|p1a: Ting-Lu|71\/100|[from] item: Leftovers\n|upkeep\n|turn|15\n|\n|t:|1701066614\n|-terastallize|p2a: Miraidon|Ice\n|move|p2a: Miraidon|Tera Blast|p1a: Ting-Lu|[anim] Tera Blast Ice\n|-supereffective|p1a: Ting-Lu\n|-damage|p1a: Ting-Lu|15\/100\n|move|p1a: Ting-Lu|Earthquake|p2a: Miraidon\n|-damage|p2a: Miraidon|0 fnt\n|faint|p2a: Miraidon\n|\n|-weather|SunnyDay|[upkeep]\n|-heal|p1a: Ting-Lu|21\/100|[from] item: Leftovers\n|upkeep\n|\n|t:|1701066625\n|switch|p2a: Arceus|Arceus|100\/100\n|turn|16\n|\n|t:|1701066628\n|move|p2a: Arceus|Extreme Speed|p1a: Ting-Lu\n|-damage|p1a: Ting-Lu|0 fnt\n|faint|p1a: Ting-Lu\n|\n|-weather|SunnyDay|[upkeep]\n|upkeep\n|\n|t:|1701066630\n|switch|p1a: Koraidon|Koraidon|100\/100\n|-damage|p1a: Koraidon|94\/100|[from] Stealth Rock\n|-activate|p1a: Koraidon|ability: Orichalcum Pulse\n|turn|17\n|\n|t:|1701066644\n|move|p2a: Arceus|Extreme Speed|p1a: Koraidon\n|-damage|p1a: Koraidon|58\/100\n|move|p1a: Koraidon|Scale Shot|p2a: Arceus\n|-damage|p2a: Arceus|87\/100\n|-damage|p2a: Arceus|72\/100\n|-damage|p2a: Arceus|59\/100\n|-damage|p2a: Arceus|46\/100\n|-damage|p2a: Arceus|32\/100\n|-hitcount|p2a: Arceus|5\n|-unboost|p1a: Koraidon|def|1\n|-boost|p1a: Koraidon|spe|1\n|\n|-weather|none\n|-heal|p2a: Arceus|38\/100|[from] item: Leftovers\n|-fieldend|move: Electric Terrain\n|upkeep\n|turn|18\n|inactive|AGLP 1 has 90 seconds left.\n|\n|t:|1701066655\n|-terastallize|p1a: Koraidon|Steel\n|move|p2a: Arceus|Extreme Speed|p1a: Koraidon\n|-resisted|p1a: Koraidon\n|-damage|p1a: Koraidon|28\/100\n|move|p1a: Koraidon|Scale Shot|p2a: Arceus\n|-damage|p2a: Arceus|29\/100\n|-damage|p2a: Arceus|19\/100\n|-damage|p2a: Arceus|9\/100\n|-damage|p2a: Arceus|0 fnt\n|faint|p2a: Arceus\n|-hitcount|p2: Arceus|4\n|-unboost|p1a: Koraidon|def|1\n|-boost|p1a: Koraidon|spe|1\n|\n|upkeep\n|\n|t:|1701066659\n|switch|p2a: Koraidon|Koraidon|100\/100\n|-weather|SunnyDay|[from] ability: Orichalcum Pulse|[of] p2a: Koraidon\n|-activate|p2a: Koraidon|Orichalcum Pulse|[source]\n|turn|19\n|inactive|AGLP 1 has 90 seconds left.\n|\n|t:|1701066678\n|move|p1a: Koraidon|Scale Shot|p2a: Koraidon\n|-supereffective|p2a: Koraidon\n|-damage|p2a: Koraidon|62\/100\n|-supereffective|p2a: Koraidon\n|-damage|p2a: Koraidon|30\/100\n|-supereffective|p2a: Koraidon\n|-damage|p2a: Koraidon|0 fnt\n|faint|p2a: Koraidon\n|-hitcount|p2: Koraidon|3\n|\n|win|AGLP 1\n|n|\u2606AGLP 1|aglp1\n|n|\u2606ringlord|ringlord\n|n| Adhiraj8202|adhiraj8202\n","uploadtime":1701066679,"views":0,"p1id":"aglp1","p2id":"ringlord","formatid":"gen9anythinggoes","rating":0,"private":0,"password":""}