{"id":"gen9anythinggoes-1992092358","p1":"CBT_ocean","p2":"GlitchIdiot","format":"[Gen 9] Anything Goes","log":"|j|\u203dCBT_ocean\n|j|\u2606GlitchIdiot\n|t:|1700154431\n|gametype|singles\n|player|p1|CBT_ocean|170|1249\n|player|p2|GlitchIdiot|266|1193\n|teamsize|p1|6\n|teamsize|p2|6\n|gen|9\n|tier|[Gen 9] Anything Goes\n|rated|\n|rule|HP Percentage Mod: HP is shown in percentages\n|rule|Endless Battle Clause: Forcing endless battles is banned\n|clearpoke\n|poke|p1|Miraidon|\n|poke|p1|Ditto|\n|poke|p1|Ditto|\n|poke|p1|Ditto|\n|poke|p1|Ditto|\n|poke|p1|Ditto|\n|poke|p2|Koraidon|\n|poke|p2|Weezing, M|\n|poke|p2|Alomomola, M|\n|poke|p2|Iron Treads|\n|poke|p2|Kingambit, M|\n|poke|p2|Gliscor, M|\n|teampreview\n|inactive|Battle timer is ON: inactive players will automatically lose when time's up. (requested by GlitchIdiot)\n|\n|t:|1700154443\n|start\n|switch|p1a: Ditto|Ditto|100\/100\n|switch|p2a: Gliscor|Gliscor, M|100\/100\n|-transform|p1a: Ditto|p2a: Gliscor|[from] ability: Imposter\n|turn|1\n|\n|t:|1700154456\n|move|p2a: Gliscor|Knock Off|p1a: Ditto\n|-damage|p1a: Ditto|73\/100\n|-enditem|p1a: Ditto|Heavy-Duty Boots|[from] move: Knock Off|[of] p2a: Gliscor\n|move|p1a: Ditto|Knock Off|p2a: Gliscor\n|-damage|p2a: Gliscor|75\/100\n|-enditem|p2a: Gliscor|Toxic Orb|[from] move: Knock Off|[of] p1a: Ditto\n|\n|upkeep\n|turn|2\n|\n|t:|1700154471\n|move|p2a: Gliscor|Toxic|p1a: Ditto\n|-status|p1a: Ditto|tox\n|move|p1a: Ditto|High Horsepower|p2a: Gliscor\n|-immune|p2a: Gliscor\n|\n|-heal|p1a: Ditto|86\/100 tox|[from] ability: Poison Heal\n|upkeep\n|turn|3\n|\n|t:|1700154480\n|move|p1a: Ditto|Knock Off|p2a: Gliscor\n|-damage|p2a: Gliscor|58\/100\n|move|p2a: Gliscor|Gunk Shot|p1a: Ditto\n|-resisted|p1a: Ditto\n|-damage|p1a: Ditto|70\/100 tox\n|\n|-heal|p1a: Ditto|82\/100 tox|[from] ability: Poison Heal\n|upkeep\n|turn|4\n|\n|t:|1700154497\n|switch|p2a: Iron Treads|Iron Treads|100\/100\n|move|p1a: Ditto|Knock Off|p2a: Iron Treads\n|-damage|p2a: Iron Treads|76\/100\n|-damage|p1a: Ditto|65\/100 tox|[from] item: Rocky Helmet|[of] p2a: Iron Treads\n|-enditem|p2a: Iron Treads|Rocky Helmet|[from] move: Knock Off|[of] p1a: Ditto\n|\n|-heal|p1a: Ditto|78\/100 tox|[from] ability: Poison Heal\n|upkeep\n|turn|5\n|\n|t:|1700154510\n|move|p2a: Iron Treads|Ice Spinner|p1a: Ditto\n|-supereffective|p1a: Ditto\n|-damage|p1a: Ditto|0 fnt\n|faint|p1a: Ditto\n|\n|upkeep\n|\n|t:|1700154517\n|switch|p1a: Ditto|Ditto|100\/100\n|-transform|p1a: Ditto|p2a: Iron Treads|[from] ability: Imposter\n|turn|6\n|\n|t:|1700154532\n|move|p1a: Ditto|Knock Off|p2a: Iron Treads\n|-damage|p2a: Iron Treads|58\/100\n|move|p2a: Iron Treads|Knock Off|p1a: Ditto\n|-damage|p1a: Ditto|72\/100\n|-enditem|p1a: Ditto|Heavy-Duty Boots|[from] move: Knock Off|[of] p2a: Iron Treads\n|\n|upkeep\n|turn|7\n|\n|t:|1700154552\n|-end|p2a: Iron Treads|Quark Drive|[silent]\n|switch|p2a: Weezing|Weezing, M|100\/100\n|-ability|p2a: Weezing|Neutralizing Gas\n|move|p1a: Ditto|Ice Spinner|p2a: Weezing\n|-crit|p2a: Weezing\n|-damage|p2a: Weezing|74\/100\n|\n|upkeep\n|turn|8\n|\n|t:|1700154562\n|move|p1a: Ditto|Iron Head|p2a: Weezing\n|-damage|p2a: Weezing|45\/100\n|move|p2a: Weezing|Will-O-Wisp|p1a: Ditto\n|-status|p1a: Ditto|brn\n|\n|-damage|p1a: Ditto|66\/100 brn|[from] brn\n|upkeep\n|turn|9\n|\n|t:|1700154585\n|-end|p2a: Weezing|ability: Neutralizing Gas\n|switch|p2a: Alomomola|Alomomola, M|100\/100\n|move|p1a: Ditto|Iron Head|p2a: Alomomola\n|-resisted|p2a: Alomomola\n|-damage|p2a: Alomomola|96\/100\n|\n|-damage|p1a: Ditto|60\/100 brn|[from] brn\n|upkeep\n|turn|10\n|\n|t:|1700154595\n|-end|p1a: Ditto|Quark Drive|[silent]\n|switch|p1a: Miraidon|Miraidon|100\/100\n|-fieldstart|move: Electric Terrain|[from] ability: Hadron Engine|[of] p1a: Miraidon\n|move|p2a: Alomomola|Whirlpool|p1a: Miraidon\n|-resisted|p1a: Miraidon\n|-damage|p1a: Miraidon|98\/100\n|-activate|p1a: Miraidon|move: Whirlpool|[of] p2a: Alomomola\n|\n|-damage|p1a: Miraidon|86\/100|[from] move: Whirlpool|[partiallytrapped]\n|upkeep\n|turn|11\n|\n|t:|1700154620\n|switch|p2a: Gliscor|Gliscor, M|58\/100\n|move|p1a: Miraidon|Electro Drift|p2a: Gliscor\n|-immune|p2a: Gliscor\n|\n|-end|p1a: Miraidon|Whirlpool|[partiallytrapped]|[silent]\n|upkeep\n|turn|12\n|\n|t:|1700154632\n|move|p1a: Miraidon|Draco Meteor|p2a: Gliscor\n|-damage|p2a: Gliscor|0 fnt\n|-unboost|p1a: Miraidon|spa|2\n|faint|p2a: Gliscor\n|\n|upkeep\n|\n|t:|1700154640\n|switch|p2a: Iron Treads|Iron Treads|58\/100\n|-activate|p2a: Iron Treads|ability: Quark Drive\n|-start|p2a: Iron Treads|quarkdrivespe\n|turn|13\n|\n|t:|1700154653\n|switch|p1a: Ditto|Ditto|100\/100\n|-transform|p1a: Ditto|p2a: Iron Treads|[from] ability: Imposter\n|move|p2a: Iron Treads|Ice Spinner|p1a: Ditto\n|-damage|p1a: Ditto|78\/100\n|-fieldend|move: Electric Terrain\n|-end|p2a: Iron Treads|Quark Drive\n|\n|upkeep\n|turn|14\n|\n|t:|1700154666\n|move|p1a: Ditto|Ice Spinner|p2a: Iron Treads\n|-damage|p2a: Iron Treads|36\/100\n|move|p2a: Iron Treads|Iron Head|p1a: Ditto\n|-resisted|p1a: Ditto\n|-damage|p1a: Ditto|61\/100\n|\n|upkeep\n|turn|15\n|\n|t:|1700154681\n|-end|p2a: Iron Treads|Quark Drive|[silent]\n|switch|p2a: Alomomola|Alomomola, M|100\/100\n|move|p1a: Ditto|Ice Spinner|p2a: Alomomola\n|-resisted|p2a: Alomomola\n|-damage|p2a: Alomomola|94\/100\n|\n|upkeep\n|turn|16\n|\n|t:|1700154690\n|move|p1a: Ditto|Knock Off|p2a: Alomomola\n|-damage|p2a: Alomomola|78\/100\n|-enditem|p2a: Alomomola|Heavy-Duty Boots|[from] move: Knock Off|[of] p1a: Ditto\n|move|p2a: Alomomola|Wish|p2a: Alomomola\n|\n|upkeep\n|turn|17\n|\n|t:|1700154699\n|switch|p2a: Weezing|Weezing, M|45\/100\n|-ability|p2a: Weezing|Neutralizing Gas\n|move|p1a: Ditto|Rapid Spin|p2a: Weezing\n|-damage|p2a: Weezing|33\/100\n|-boost|p1a: Ditto|spe|1\n|\n|-heal|p2a: Weezing|100\/100|[from] move: Wish|[wisher] Alomomola\n|upkeep\n|turn|18\n|\n|t:|1700154713\n|move|p1a: Ditto|Iron Head|p2a: Weezing\n|-damage|p2a: Weezing|73\/100\n|cant|p2a: Weezing|flinch\n|\n|upkeep\n|turn|19\n|\n|t:|1700154719\n|move|p1a: Ditto|Iron Head|p2a: Weezing\n|-damage|p2a: Weezing|47\/100\n|move|p2a: Weezing|Will-O-Wisp|p1a: Ditto\n|-status|p1a: Ditto|brn\n|\n|-damage|p1a: Ditto|55\/100 brn|[from] brn\n|upkeep\n|turn|20\n|\n|t:|1700154730\n|-end|p2a: Weezing|ability: Neutralizing Gas\n|switch|p2a: Alomomola|Alomomola, M|100\/100\n|move|p1a: Ditto|Iron Head|p2a: Alomomola\n|-resisted|p2a: Alomomola\n|-crit|p2a: Alomomola\n|-damage|p2a: Alomomola|93\/100\n|\n|-damage|p1a: Ditto|49\/100 brn|[from] brn\n|upkeep\n|turn|21\n|\n|t:|1700154742\n|-end|p1a: Ditto|Quark Drive|[silent]\n|switch|p1a: Ditto|Ditto|100\/100\n|-transform|p1a: Ditto|p2a: Alomomola|[from] ability: Imposter\n|move|p2a: Alomomola|Wish|p2a: Alomomola\n|\n|upkeep\n|turn|22\n|\n|t:|1700154753\n|switch|p2a: Koraidon|Koraidon|100\/100\n|-weather|SunnyDay|[from] ability: Orichalcum Pulse|[of] p2a: Koraidon\n|-activate|p2a: Koraidon|Orichalcum Pulse|[source]\n|move|p1a: Ditto|Whirlpool|p2a: Koraidon\n|-resisted|p2a: Koraidon\n|-damage|p2a: Koraidon|99\/100\n|-activate|p2a: Koraidon|move: Whirlpool|[of] p1a: Ditto\n|\n|-weather|SunnyDay|[upkeep]\n|-heal|p2a: Koraidon|100\/100|[from] move: Wish|[wisher] Alomomola\n|-damage|p2a: Koraidon|88\/100|[from] move: Whirlpool|[partiallytrapped]\n|upkeep\n|turn|23\n|\n|t:|1700154766\n|move|p2a: Koraidon|Thunder Fang|p1a: Ditto\n|-supereffective|p1a: Ditto\n|-damage|p1a: Ditto|20\/100\n|-damage|p2a: Koraidon|78\/100|[from] item: Life Orb\n|move|p1a: Ditto|Wish|p1a: Ditto\n|\n|-weather|SunnyDay|[upkeep]\n|-damage|p2a: Koraidon|66\/100|[from] move: Whirlpool|[partiallytrapped]\n|upkeep\n|turn|24\n|\n|t:|1700154789\n|move|p1a: Ditto|Protect|p1a: Ditto\n|-singleturn|p1a: Ditto|Protect\n|move|p2a: Koraidon|Thunder Fang|p1a: Ditto\n|-activate|p1a: Ditto|move: Protect\n|\n|-weather|SunnyDay|[upkeep]\n|-heal|p1a: Ditto|70\/100|[from] move: Wish|[wisher] Ditto\n|-damage|p2a: Koraidon|54\/100|[from] move: Whirlpool|[partiallytrapped]\n|upkeep\n|turn|25\n|\n|t:|1700154802\n|move|p2a: Koraidon|Thunder Fang|p1a: Ditto|[miss]\n|-miss|p2a: Koraidon|p1a: Ditto\n|move|p1a: Ditto|Wish|p1a: Ditto\n|\n|-weather|SunnyDay|[upkeep]\n|-damage|p2a: Koraidon|41\/100|[from] move: Whirlpool|[partiallytrapped]\n|upkeep\n|turn|26\n|\n|t:|1700154815\n|switch|p1a: Ditto|Ditto|49\/100 brn\n|-transform|p1a: Ditto|p2a: Koraidon|[from] ability: Imposter\n|-activate|p1a: Ditto|ability: Orichalcum Pulse\n|move|p2a: Koraidon|Drain Punch|p1a: Ditto\n|-damage|p1a: Ditto|0 fnt\n|-heal|p2a: Koraidon|63\/100|[from] drain|[of] p1a: Ditto\n|faint|p1a: Ditto\n|-damage|p2a: Koraidon|53\/100|[from] item: Life Orb\n|\n|-weather|none\n|-end|p2a: Koraidon|Whirlpool|[partiallytrapped]|[silent]\n|upkeep\n|\n|t:|1700154826\n|switch|p1a: Ditto|Ditto|60\/100 brn\n|-transform|p1a: Ditto|p2a: Koraidon|[from] ability: Imposter\n|-weather|SunnyDay|[from] ability: Orichalcum Pulse|[of] p1a: Ditto\n|-activate|p1a: Ditto|Orichalcum Pulse|[source]\n|turn|27\n|\n|t:|1700154836\n|switch|p2a: Alomomola|Alomomola, M|100\/100\n|move|p1a: Ditto|Drain Punch|p2a: Alomomola\n|-damage|p2a: Alomomola|85\/100\n|-heal|p1a: Ditto|74\/100 brn|[from] drain|[of] p2a: Alomomola\n|\n|-weather|SunnyDay|[upkeep]\n|-damage|p1a: Ditto|68\/100 brn|[from] brn\n|upkeep\n|turn|28\n|\n|t:|1700154848\n|move|p1a: Ditto|Thunder Fang|p2a: Alomomola\n|-supereffective|p2a: Alomomola\n|-damage|p2a: Alomomola|68\/100\n|move|p2a: Alomomola|Whirlpool|p1a: Ditto\n|-resisted|p1a: Ditto\n|-damage|p1a: Ditto|66\/100 brn\n|-activate|p1a: Ditto|move: Whirlpool|[of] p2a: Alomomola\n|\n|-weather|SunnyDay|[upkeep]\n|-damage|p1a: Ditto|60\/100 brn|[from] brn\n|-damage|p1a: Ditto|48\/100 brn|[from] move: Whirlpool|[partiallytrapped]\n|upkeep\n|turn|29\n|\n|t:|1700154866\n|move|p1a: Ditto|Drain Punch|p2a: Alomomola\n|-damage|p2a: Alomomola|53\/100\n|-heal|p1a: Ditto|61\/100 brn|[from] drain|[of] p2a: Alomomola\n|move|p2a: Alomomola|Wish|p2a: Alomomola\n|\n|-weather|SunnyDay|[upkeep]\n|-damage|p1a: Ditto|55\/100 brn|[from] brn\n|-damage|p1a: Ditto|43\/100 brn|[from] move: Whirlpool|[partiallytrapped]\n|upkeep\n|turn|30\n|\n|t:|1700154876\n|move|p1a: Ditto|Drain Punch|p2a: Alomomola\n|-damage|p2a: Alomomola|40\/100\n|-heal|p1a: Ditto|55\/100 brn|[from] drain|[of] p2a: Alomomola\n|move|p2a: Alomomola|Chilling Water|p1a: Ditto\n|-resisted|p1a: Ditto\n|-damage|p1a: Ditto|52\/100 brn\n|-unboost|p1a: Ditto|atk|1\n|\n|-weather|SunnyDay|[upkeep]\n|-heal|p2a: Alomomola|90\/100|[from] move: Wish|[wisher] Alomomola\n|-damage|p1a: Ditto|46\/100 brn|[from] brn\n|-damage|p1a: Ditto|34\/100 brn|[from] move: Whirlpool|[partiallytrapped]\n|upkeep\n|turn|31\n|\n|t:|1700154893\n|move|p1a: Ditto|Drain Punch|p2a: Alomomola\n|-damage|p2a: Alomomola|81\/100\n|-heal|p1a: Ditto|42\/100 brn|[from] drain|[of] p2a: Alomomola\n|move|p2a: Alomomola|Chilling Water|p1a: Ditto\n|-resisted|p1a: Ditto\n|-damage|p1a: Ditto|40\/100 brn\n|-unboost|p1a: Ditto|atk|1\n|\n|-weather|none\n|-damage|p1a: Ditto|34\/100 brn|[from] brn\n|-damage|p1a: Ditto|22\/100 brn|[from] move: Whirlpool|[partiallytrapped]\n|upkeep\n|turn|32\n|\n|t:|1700154909\n|move|p2a: Alomomola|Protect|p2a: Alomomola\n|-singleturn|p2a: Alomomola|Protect\n|move|p1a: Ditto|Drain Punch|p2a: Alomomola\n|-activate|p2a: Alomomola|move: Protect\n|\n|-damage|p1a: Ditto|16\/100 brn|[from] brn\n|-damage|p1a: Ditto|3\/100 brn|[from] move: Whirlpool|[partiallytrapped]\n|upkeep\n|turn|33\n|\n|t:|1700154920\n|move|p1a: Ditto|Thunder Fang|p2a: Alomomola\n|-supereffective|p2a: Alomomola\n|-crit|p2a: Alomomola\n|-damage|p2a: Alomomola|64\/100\n|move|p2a: Alomomola|Wish|p2a: Alomomola\n|\n|-damage|p1a: Ditto|0 fnt|[from] brn\n|faint|p1a: Ditto\n|upkeep\n|\n|t:|1700154926\n|switch|p1a: Miraidon|Miraidon|86\/100\n|-fieldstart|move: Electric Terrain|[from] ability: Hadron Engine|[of] p1a: Miraidon\n|turn|34\n|\n|t:|1700154933\n|switch|p2a: Iron Treads|Iron Treads|36\/100\n|-activate|p2a: Iron Treads|ability: Quark Drive\n|-start|p2a: Iron Treads|quarkdrivespe\n|move|p1a: Miraidon|Swords Dance|p1a: Miraidon\n|-boost|p1a: Miraidon|atk|2\n|\n|-heal|p2a: Iron Treads|100\/100|[from] move: Wish|[wisher] Alomomola\n|upkeep\n|turn|35\n|\n|t:|1700154946\n|move|p2a: Iron Treads|Ice Spinner|p1a: Miraidon\n|-supereffective|p1a: Miraidon\n|-damage|p1a: Miraidon|37\/100\n|-fieldend|move: Electric Terrain\n|-end|p2a: Iron Treads|Quark Drive\n|move|p1a: Miraidon|Electro Drift|p2a: Iron Treads\n|-immune|p2a: Iron Treads\n|\n|upkeep\n|turn|36\n|\n|t:|1700154957\n|-terastallize|p1a: Miraidon|Electric\n|move|p1a: Miraidon|Draco Meteor|p2a: Iron Treads\n|-resisted|p2a: Iron Treads\n|-damage|p2a: Iron Treads|51\/100\n|-unboost|p1a: Miraidon|spa|2\n|move|p2a: Iron Treads|Ice Spinner|p1a: Miraidon\n|-damage|p1a: Miraidon|13\/100\n|\n|upkeep\n|turn|37\n|\n|t:|1700154967\n|move|p1a: Miraidon|Draco Meteor|p2a: Iron Treads\n|-resisted|p2a: Iron Treads\n|-damage|p2a: Iron Treads|25\/100\n|-unboost|p1a: Miraidon|spa|2\n|move|p2a: Iron Treads|Ice Spinner|p1a: Miraidon\n|-damage|p1a: Miraidon|0 fnt\n|faint|p1a: Miraidon\n|\n|upkeep\n|\n|t:|1700154976\n|switch|p1a: Ditto|Ditto|100\/100\n|-transform|p1a: Ditto|p2a: Iron Treads|[from] ability: Imposter\n|turn|38\n|\n|t:|1700154985\n|-end|p2a: Iron Treads|Quark Drive|[silent]\n|switch|p2a: Alomomola|Alomomola, M|97\/100\n|move|p1a: Ditto|Ice Spinner|p2a: Alomomola\n|-resisted|p2a: Alomomola\n|-damage|p2a: Alomomola|90\/100\n|\n|upkeep\n|turn|39\n|\n|t:|1700155002\n|move|p1a: Ditto|Rapid Spin|p2a: Alomomola\n|-damage|p2a: Alomomola|83\/100\n|-boost|p1a: Ditto|spe|1\n|move|p2a: Alomomola|Whirlpool|p1a: Ditto\n|-supereffective|p1a: Ditto\n|-damage|p1a: Ditto|80\/100\n|-activate|p1a: Ditto|move: Whirlpool|[of] p2a: Alomomola\n|\n|-damage|p1a: Ditto|68\/100|[from] move: Whirlpool|[partiallytrapped]\n|upkeep\n|turn|40\n|inactive|CBT_ocean has 120 seconds left.\n|\n|t:|1700155053\n|move|p1a: Ditto|Ice Spinner|p2a: Alomomola\n|-resisted|p2a: Alomomola\n|-damage|p2a: Alomomola|76\/100\n|move|p2a: Alomomola|Wish|p2a: Alomomola\n|\n|-damage|p1a: Ditto|56\/100|[from] move: Whirlpool|[partiallytrapped]\n|upkeep\n|turn|41\n|\n|t:|1700155064\n|switch|p2a: Weezing|Weezing, M|47\/100\n|-ability|p2a: Weezing|Neutralizing Gas\n|move|p1a: Ditto|Rapid Spin|p2a: Weezing\n|-damage|p2a: Weezing|36\/100\n|-boost|p1a: Ditto|spe|1\n|-end|p1a: Ditto|Whirlpool|[partiallytrapped]\n|\n|-heal|p2a: Weezing|100\/100|[from] move: Wish|[wisher] Alomomola\n|upkeep\n|turn|42\n|\n|t:|1700155076\n|move|p1a: Ditto|Iron Head|p2a: Weezing\n|-damage|p2a: Weezing|73\/100\n|move|p2a: Weezing|Will-O-Wisp|p1a: Ditto\n|-status|p1a: Ditto|brn\n|\n|-damage|p1a: Ditto|50\/100 brn|[from] brn\n|upkeep\n|turn|43\n|\n|t:|1700155088\n|move|p1a: Ditto|Iron Head|p2a: Weezing\n|-damage|p2a: Weezing|60\/100\n|move|p2a: Weezing|Clear Smog|p1a: Ditto\n|-immune|p1a: Ditto\n|\n|-damage|p1a: Ditto|44\/100 brn|[from] brn\n|upkeep\n|turn|44\n|\n|t:|1700155097\n|move|p1a: Ditto|Iron Head|p2a: Weezing\n|-damage|p2a: Weezing|46\/100\n|cant|p2a: Weezing|flinch\n|\n|-damage|p1a: Ditto|38\/100 brn|[from] brn\n|upkeep\n|turn|45\n|\n|t:|1700155118\n|move|p1a: Ditto|Iron Head|p2a: Weezing\n|-damage|p2a: Weezing|31\/100\n|move|p2a: Weezing|Will-O-Wisp|p1a: Ditto\n|-fail|p1a: Ditto|brn\n|\n|-damage|p1a: Ditto|32\/100 brn|[from] brn\n|upkeep\n|turn|46\n|inactive|GlitchIdiot has 120 seconds left.\n|\n|t:|1700155148\n|-end|p2a: Weezing|ability: Neutralizing Gas\n|switch|p2a: Alomomola|Alomomola, M|100\/100\n|move|p1a: Ditto|Iron Head|p2a: Alomomola\n|-resisted|p2a: Alomomola\n|-damage|p2a: Alomomola|95\/100\n|\n|-damage|p1a: Ditto|26\/100 brn|[from] brn\n|upkeep\n|turn|47\n|inactive|GlitchIdiot has 120 seconds left.\n|\n|t:|1700155158\n|-end|p1a: Ditto|Quark Drive|[silent]\n|switch|p1a: Ditto|Ditto|100\/100\n|-transform|p1a: Ditto|p2a: Alomomola|[from] ability: Imposter\n|move|p2a: Alomomola|Wish|p2a: Alomomola\n|\n|upkeep\n|turn|48\n|inactive|GlitchIdiot has 120 seconds left.\n|\n|t:|1700155183\n|switch|p2a: Koraidon|Koraidon|53\/100\n|-weather|SunnyDay|[from] ability: Orichalcum Pulse|[of] p2a: Koraidon\n|-activate|p2a: Koraidon|Orichalcum Pulse|[source]\n|move|p1a: Ditto|Whirlpool|p2a: Koraidon\n|-resisted|p2a: Koraidon\n|-damage|p2a: Koraidon|51\/100\n|-activate|p2a: Koraidon|move: Whirlpool|[of] p1a: Ditto\n|\n|-weather|SunnyDay|[upkeep]\n|-heal|p2a: Koraidon|100\/100|[from] move: Wish|[wisher] Alomomola\n|-damage|p2a: Koraidon|88\/100|[from] move: Whirlpool|[partiallytrapped]\n|upkeep\n|turn|49\n|\n|t:|1700155196\n|move|p2a: Koraidon|Thunder Fang|p1a: Ditto\n|-supereffective|p1a: Ditto\n|-crit|p1a: Ditto\n|-damage|p1a: Ditto|0 fnt\n|faint|p1a: Ditto\n|-damage|p2a: Koraidon|78\/100|[from] item: Life Orb\n|\n|-weather|SunnyDay|[upkeep]\n|-end|p2a: Koraidon|Whirlpool|[partiallytrapped]|[silent]\n|upkeep\n|\n|t:|1700155199\n|switch|p1a: Ditto|Ditto|26\/100 brn\n|-transform|p1a: Ditto|p2a: Koraidon|[from] ability: Imposter\n|-activate|p1a: Ditto|ability: Orichalcum Pulse\n|turn|50\n|inactive|GlitchIdiot has 120 seconds left.\n|\n|t:|1700155210\n|move|p2a: Koraidon|Drain Punch|p1a: Ditto\n|-crit|p1a: Ditto\n|-damage|p1a: Ditto|0 fnt\n|-heal|p2a: Koraidon|89\/100|[from] drain|[of] p1a: Ditto\n|faint|p1a: Ditto\n|-damage|p2a: Koraidon|79\/100|[from] item: Life Orb\n|\n|win|GlitchIdiot\n|raw|CBT_ocean's rating: 1249 &rarr; <strong>1220<\/strong><br \/>(-29 for losing)\n|raw|GlitchIdiot's rating: 1193 &rarr; <strong>1222<\/strong><br \/>(+29 for winning)\n|l|\u203dCBT_ocean\n","uploadtime":1700155220,"views":7,"p1id":"cbtocean","p2id":"glitchidiot","formatid":"gen9anythinggoes","rating":1220,"private":0,"password":""}