{"id":"gen9anythinggoes-1974170271","p1":"laprasplayer","p2":"JayDragonMaster2","format":"[Gen 9] Anything Goes","log":"|j|\u2606laprasplayer\n|j|\u2606JayDragonMaster2\n|inactive|Battle timer is ON: inactive players will automatically lose when time's up.\n|t:|1698064661\n|gametype|singles\n|player|p1|laprasplayer|picnicker|\n|player|p2|JayDragonMaster2|li|\n|teamsize|p1|6\n|teamsize|p2|6\n|gen|9\n|tier|[Gen 9] Anything Goes\n|rated|Tournament battle\n|rule|HP Percentage Mod: HP is shown in percentages\n|rule|Endless Battle Clause: Forcing endless battles is banned\n|clearpoke\n|poke|p1|Alomomola, F|\n|poke|p1|Clodsire, M|\n|poke|p1|Blissey, F|\n|poke|p1|Dondozo, F|\n|poke|p1|Toxapex, M|\n|poke|p1|Mandibuzz, F|\n|poke|p2|Zacian-*|\n|poke|p2|Giratina-Origin|\n|poke|p2|Ting-Lu|\n|poke|p2|Arceus|\n|poke|p2|Koraidon|\n|poke|p2|Toxapex, F|\n|teampreview\n|inactive|JayDragonMaster2 also wants the timer to be on.\n|j| M3RKMAYHAM\n|\n|t:|1698064670\n|start\n|switch|p1a: Mandibuzz|Mandibuzz, F|100\/100\n|switch|p2a: Ting-Lu|Ting-Lu|100\/100\n|-ability|p2a: Ting-Lu|Vessel of Ruin\n|turn|1\n|c| M3RKMAYHAM|lapras player\n|\n|t:|1698064680\n|move|p1a: Mandibuzz|Knock Off|p2a: Ting-Lu\n|-resisted|p2a: Ting-Lu\n|-damage|p2a: Ting-Lu|94\/100\n|-enditem|p2a: Ting-Lu|Leftovers|[from] move: Knock Off|[of] p1a: Mandibuzz\n|move|p2a: Ting-Lu|Taunt|p1a: Mandibuzz\n|-start|p1a: Mandibuzz|move: Taunt\n|\n|upkeep\n|turn|2\n|\n|t:|1698064687\n|switch|p1a: Alomomola|Alomomola, F|100\/100\n|move|p2a: Ting-Lu|Spikes|p1a: Alomomola\n|-sidestart|p1: laprasplayer|Spikes\n|\n|upkeep\n|turn|3\n|\n|t:|1698064692\n|move|p2a: Ting-Lu|Taunt|p1a: Alomomola\n|-start|p1a: Alomomola|move: Taunt\n|move|p1a: Alomomola|Scald|p2a: Ting-Lu\n|-supereffective|p2a: Ting-Lu\n|-damage|p2a: Ting-Lu|82\/100\n|\n|upkeep\n|turn|4\n|c|\u2606laprasplayer|burn gaming\n|\n|t:|1698064709\n|switch|p2a: Zacian|Zacian-Crowned|100\/100\n|-ability|p2a: Zacian|Intrepid Sword|boost\n|-boost|p2a: Zacian|atk|1\n|move|p1a: Alomomola|Scald|p2a: Zacian\n|-damage|p2a: Zacian|89\/100\n|\n|upkeep\n|turn|5\n|\n|t:|1698064717\n|move|p2a: Zacian|Wild Charge|p1a: Alomomola\n|-supereffective|p1a: Alomomola\n|-damage|p1a: Alomomola|50\/100\n|-damage|p2a: Zacian|69\/100|[from] Recoil\n|move|p1a: Alomomola|Scald|p2a: Zacian\n|-damage|p2a: Zacian|57\/100\n|\n|-end|p1a: Alomomola|move: Taunt\n|upkeep\n|turn|6\n|j| Alpha1013\n|\n|t:|1698064724\n|switch|p1a: Dondozo|Dondozo, F|100\/100\n|move|p2a: Zacian|Wild Charge|p1a: Dondozo\n|-supereffective|p1a: Dondozo\n|-damage|p1a: Dondozo|72\/100\n|-damage|p2a: Zacian|46\/100|[from] Recoil\n|\n|upkeep\n|turn|7\n|\n|t:|1698064733\n|move|p2a: Zacian|Swords Dance|p2a: Zacian\n|-boost|p2a: Zacian|atk|2\n|move|p1a: Dondozo|Rest|p1a: Dondozo\n|-status|p1a: Dondozo|slp|[from] move: Rest\n|-heal|p1a: Dondozo|100\/100 slp|[silent]\n|\n|upkeep\n|turn|8\n|\n|t:|1698064740\n|move|p2a: Zacian|Swords Dance|p2a: Zacian\n|-boost|p2a: Zacian|atk|2\n|cant|p1a: Dondozo|slp\n|move|p1a: Dondozo|Sleep Talk|p1a: Dondozo\n|move|p1a: Dondozo|Waterfall|p2a: Zacian|[from]move: Sleep Talk\n|-damage|p2a: Zacian|20\/100\n|\n|upkeep\n|turn|9\n|\n|t:|1698064747\n|move|p2a: Zacian|Wild Charge|p1a: Dondozo\n|-supereffective|p1a: Dondozo\n|-damage|p1a: Dondozo|71\/100 slp\n|-damage|p2a: Zacian|9\/100|[from] Recoil\n|cant|p1a: Dondozo|slp\n|move|p1a: Dondozo|Sleep Talk|p1a: Dondozo\n|move|p1a: Dondozo|Fissure|p2a: Zacian|[from]move: Sleep Talk|[miss]\n|-miss|p1a: Dondozo|p2a: Zacian\n|\n|upkeep\n|turn|10\n|c| Alpha1013|Ew stall get good\n|\n|t:|1698064752\n|move|p2a: Zacian|Behemoth Blade|p1a: Dondozo\n|-resisted|p1a: Dondozo\n|-damage|p1a: Dondozo|60\/100 slp\n|-curestatus|p1a: Dondozo|slp|[msg]\n|move|p1a: Dondozo|Rest|p1a: Dondozo\n|-status|p1a: Dondozo|slp|[from] move: Rest\n|-heal|p1a: Dondozo|100\/100 slp|[silent]\n|\n|upkeep\n|turn|11\n|\n|t:|1698064761\n|switch|p2a: Ting-Lu|Ting-Lu|82\/100\n|-ability|p2a: Ting-Lu|Vessel of Ruin\n|cant|p1a: Dondozo|slp\n|move|p1a: Dondozo|Sleep Talk|p1a: Dondozo\n|move|p1a: Dondozo|Waterfall|p2a: Ting-Lu|[from]move: Sleep Talk\n|-supereffective|p2a: Ting-Lu\n|-damage|p2a: Ting-Lu|49\/100\n|\n|upkeep\n|turn|12\n|c|\u2606laprasplayer|stall is funny in this gen tho\n|\n|t:|1698064767\n|switch|p1a: Alomomola|Alomomola, F|83\/100\n|move|p2a: Ting-Lu|Taunt|p1a: Alomomola\n|-start|p1a: Alomomola|move: Taunt\n|\n|upkeep\n|turn|13\n|\n|t:|1698064775\n|switch|p2a: Toxapex|Toxapex, F|100\/100\n|move|p1a: Alomomola|Scald|p2a: Toxapex\n|-resisted|p2a: Toxapex\n|-damage|p2a: Toxapex|95\/100\n|\n|upkeep\n|turn|14\n|\n|t:|1698064780\n|switch|p1a: Clodsire|Clodsire, M|100\/100\n|move|p2a: Toxapex|Toxic|p1a: Clodsire\n|-immune|p1a: Clodsire\n|\n|upkeep\n|turn|15\n|\n|t:|1698064799\n|switch|p2a: Ting-Lu|Ting-Lu|49\/100\n|-ability|p2a: Ting-Lu|Vessel of Ruin\n|move|p1a: Clodsire|Spikes|p2a: Ting-Lu\n|-sidestart|p2: JayDragonMaster2|Spikes\n|\n|upkeep\n|turn|16\n|\n|t:|1698064807\n|switch|p1a: Alomomola|Alomomola, F|100\/100\n|move|p2a: Ting-Lu|Earthquake|p1a: Alomomola\n|-damage|p1a: Alomomola|80\/100\n|\n|upkeep\n|turn|17\n|\n|t:|1698064815\n|move|p2a: Ting-Lu|Ruination|p1a: Alomomola\n|-damage|p1a: Alomomola|40\/100\n|move|p1a: Alomomola|Scald|p2a: Ting-Lu\n|-supereffective|p2a: Ting-Lu\n|-damage|p2a: Ting-Lu|36\/100\n|\n|upkeep\n|turn|18\n|\n|t:|1698064825\n|move|p2a: Ting-Lu|Earthquake|p1a: Alomomola\n|-damage|p1a: Alomomola|21\/100\n|move|p1a: Alomomola|Scald|p2a: Ting-Lu\n|-supereffective|p2a: Ting-Lu\n|-damage|p2a: Ting-Lu|24\/100\n|-status|p2a: Ting-Lu|brn\n|\n|-damage|p2a: Ting-Lu|18\/100 brn|[from] brn\n|upkeep\n|turn|19\n|\n|t:|1698064833\n|move|p2a: Ting-Lu|Ruination|p1a: Alomomola|[miss]\n|-miss|p2a: Ting-Lu|p1a: Alomomola\n|move|p1a: Alomomola|Wish|p1a: Alomomola\n|\n|-damage|p2a: Ting-Lu|12\/100 brn|[from] brn\n|upkeep\n|turn|20\n|\n|t:|1698064837\n|move|p2a: Ting-Lu|Earthquake|p1a: Alomomola\n|-damage|p1a: Alomomola|11\/100\n|move|p1a: Alomomola|Scald|p2a: Ting-Lu\n|-supereffective|p2a: Ting-Lu\n|-damage|p2a: Ting-Lu|0 fnt\n|faint|p2a: Ting-Lu\n|\n|-heal|p1a: Alomomola|61\/100|[from] move: Wish|[wisher] Alomomola\n|upkeep\n|\n|t:|1698064846\n|switch|p2a: Zacian|Zacian-Crowned|9\/100\n|-damage|p2a: Zacian|0 fnt|[from] Spikes\n|faint|p2a: Zacian\n|\n|t:|1698064851\n|switch|p2a: Giratina|Giratina-Origin|100\/100\n|turn|21\n|\n|t:|1698064857\n|switch|p1a: Mandibuzz|Mandibuzz, F|100\/100\n|move|p2a: Giratina|Will-O-Wisp|p1a: Mandibuzz\n|-status|p1a: Mandibuzz|brn\n|\n|-damage|p1a: Mandibuzz|94\/100 brn|[from] brn\n|upkeep\n|turn|22\n|\n|t:|1698064865\n|move|p2a: Giratina|Hex|p1a: Mandibuzz\n|-resisted|p1a: Mandibuzz\n|-damage|p1a: Mandibuzz|71\/100 brn\n|move|p1a: Mandibuzz|Toxic|p2a: Giratina\n|-status|p2a: Giratina|tox\n|\n|-damage|p2a: Giratina|94\/100 tox|[from] psn\n|-damage|p1a: Mandibuzz|64\/100 brn|[from] brn\n|upkeep\n|turn|23\n|\n|t:|1698064873\n|move|p2a: Giratina|Defog|p1a: Mandibuzz\n|-unboost|p1a: Mandibuzz|evasion|1\n|-sideend|p1: laprasplayer|Spikes|[from] move: Defog|[of] p2a: Giratina\n|-sideend|p2: JayDragonMaster2|Spikes|[from] move: Defog|[of] p2a: Giratina\n|move|p1a: Mandibuzz|Roost|p1a: Mandibuzz\n|-heal|p1a: Mandibuzz|100\/100 brn\n|-singleturn|p1a: Mandibuzz|move: Roost\n|\n|-damage|p2a: Giratina|82\/100 tox|[from] psn\n|-damage|p1a: Mandibuzz|94\/100 brn|[from] brn\n|upkeep\n|turn|24\n|\n|t:|1698064880\n|switch|p1a: Toxapex|Toxapex, M|100\/100\n|move|p2a: Giratina|Dragon Tail|p1a: Toxapex\n|-damage|p1a: Toxapex|82\/100\n|drag|p1a: Dondozo|Dondozo, F|100\/100 slp\n|\n|-damage|p2a: Giratina|63\/100 tox|[from] psn\n|upkeep\n|turn|25\n|\n|t:|1698064891\n|switch|p2a: Arceus|Arceus|100\/100\n|switch|p1a: Blissey|Blissey, F|100\/100\n|\n|upkeep\n|turn|26\n|\n|t:|1698064896\n|move|p2a: Arceus|Swords Dance|p2a: Arceus\n|-boost|p2a: Arceus|atk|2\n|move|p1a: Blissey|Heal Bell|p1a: Blissey\n|-activate|p1a: Blissey|move: Heal Bell\n|-curestatus|p1: Dondozo|slp|[msg]\n|-curestatus|p1: Mandibuzz|brn|[msg]\n|\n|upkeep\n|turn|27\n|\n|t:|1698064902\n|switch|p1a: Dondozo|Dondozo, F|100\/100\n|move|p2a: Arceus|Swords Dance|p2a: Arceus\n|-boost|p2a: Arceus|atk|2\n|\n|upkeep\n|turn|28\n|\n|t:|1698064910\n|move|p2a: Arceus|Extreme Speed|p1a: Dondozo\n|-damage|p1a: Dondozo|80\/100\n|move|p1a: Dondozo|Fissure|p2a: Arceus\n|-damage|p2a: Arceus|0 fnt\n|faint|p2a: Arceus\n|-ohko\n|\n|upkeep\n|c|\u2606laprasplayer|gg\n|\n|t:|1698064925\n|switch|p2a: Koraidon|Koraidon|100\/100\n|-weather|SunnyDay|[from] ability: Orichalcum Pulse|[of] p2a: Koraidon\n|-activate|p2a: Koraidon|Orichalcum Pulse|[source]\n|turn|29\n|\n|t:|1698064934\n|switch|p1a: Alomomola|Alomomola, F|94\/100\n|move|p2a: Koraidon|Outrage|p1a: Alomomola\n|-damage|p1a: Alomomola|48\/100\n|\n|-weather|SunnyDay|[upkeep]\n|upkeep\n|turn|30\n|\n|t:|1698064959\n|-terastallize|p1a: Alomomola|Fairy\n|move|p2a: Koraidon|Outrage|p1a: Alomomola|[from]lockedmove\n|-immune|p1a: Alomomola\n|-start|p2a: Koraidon|confusion|[fatigue]\n|move|p1a: Alomomola|Play Rough|p2a: Koraidon|[miss]\n|-miss|p1a: Alomomola|p2a: Koraidon\n|\n|-weather|SunnyDay|[upkeep]\n|upkeep\n|turn|31\n|\n|t:|1698064965\n|switch|p2a: Giratina|Giratina-Origin|63\/100 tox\n|move|p1a: Alomomola|Wish|p1a: Alomomola\n|\n|-weather|SunnyDay|[upkeep]\n|-damage|p2a: Giratina|57\/100 tox|[from] psn\n|upkeep\n|turn|32\n|\n|t:|1698064970\n|switch|p1a: Blissey|Blissey, F|100\/100\n|move|p2a: Giratina|Will-O-Wisp|p1a: Blissey\n|-status|p1a: Blissey|brn\n|\n|-weather|SunnyDay|[upkeep]\n|-damage|p2a: Giratina|45\/100 tox|[from] psn\n|-damage|p1a: Blissey|94\/100 brn|[from] brn\n|upkeep\n|turn|33\n|\n|t:|1698064977\n|-curestatus|p1a: Blissey|brn|[from] ability: Natural Cure\n|switch|p1a: Toxapex|Toxapex, M|100\/100\n|move|p2a: Giratina|Hex|p1a: Toxapex\n|-damage|p1a: Toxapex|74\/100\n|\n|-weather|none\n|-damage|p2a: Giratina|26\/100 tox|[from] psn\n|upkeep\n|turn|34\n|\n|t:|1698064984\n|move|p1a: Toxapex|Baneful Bunker|p1a: Toxapex\n|-singleturn|p1a: Toxapex|move: Protect\n|move|p2a: Giratina|Will-O-Wisp|p1a: Toxapex\n|-activate|p1a: Toxapex|move: Protect\n|\n|-damage|p2a: Giratina|1\/100 tox|[from] psn\n|upkeep\n|turn|35\n|\n|t:|1698065002\n|switch|p1a: Blissey|Blissey, F|94\/100\n|move|p2a: Giratina|Hex|p1a: Blissey\n|-immune|p1a: Blissey\n|\n|-damage|p2a: Giratina|0 fnt|[from] psn\n|faint|p2a: Giratina\n|upkeep\n|c|\u2606JayDragonMaster2|gg\n|-message|JayDragonMaster2 forfeited.\n|\n|win|laprasplayer\n|n|\u2606laprasplayer|laprasplayer\n|n|\u2606JayDragonMaster2|jaydragonmaster2\n|n| M3RKMAYHAM|m3rkmayham\n|n| Alpha1013|alpha1013\n","uploadtime":1698065014,"views":39,"p1id":"laprasplayer","p2id":"jaydragonmaster2","formatid":"gen9anythinggoes","rating":0,"private":0,"password":""}