{"id":"gen9anythinggoes-1980147365","p1":"Purpleplayer","p2":"WafflyWaff","format":"[Gen 9] Anything Goes","log":"|j|\u2606Purpleplayer\n|j|\u2606WafflyWaff\n|t:|1698761476\n|gametype|singles\n|player|p1|Purpleplayer|hiker-gen4|1125\n|player|p2|WafflyWaff|169|1253\n|teamsize|p1|6\n|teamsize|p2|6\n|gen|9\n|tier|[Gen 9] Anything Goes\n|rated|\n|rule|HP Percentage Mod: HP is shown in percentages\n|rule|Endless Battle Clause: Forcing endless battles is banned\n|clearpoke\n|poke|p1|Ribombee, M|\n|poke|p1|Kyogre|\n|poke|p1|Volcarona, M|\n|poke|p1|Torterra, M|\n|poke|p1|Kingambit, M|\n|poke|p1|Tinkaton, F|\n|poke|p2|Calyrex-Shadow|\n|poke|p2|Ursaluna-Bloodmoon, M|\n|poke|p2|Ditto|\n|poke|p2|Sneasler, F|\n|poke|p2|Haxorus, F|\n|poke|p2|Gardevoir, F|\n|teampreview\n|inactive|Battle timer is ON: inactive players will automatically lose when time's up. (requested by WafflyWaff)\n|\n|t:|1698761480\n|start\n|switch|p1a: Ribombee|Ribombee, M, shiny|100\/100\n|switch|p2a: \ud83e\udd75|Gardevoir, F, shiny|100\/100\n|-ability|p2a: \ud83e\udd75|Shield Dust|[from] ability: Trace|[of] p1a: Ribombee\n|turn|1\n|c|\u2606Purpleplayer|That\u2019s a pretty gay team\n|\n|t:|1698761502\n|move|p1a: Ribombee|Quiver Dance|p1a: Ribombee\n|-boost|p1a: Ribombee|spa|1\n|-boost|p1a: Ribombee|spd|1\n|-boost|p1a: Ribombee|spe|1\n|move|p2a: \ud83e\udd75|Encore|p1a: Ribombee\n|-start|p1a: Ribombee|Encore\n|\n|upkeep\n|turn|2\n|\n|t:|1698761506\n|move|p1a: Ribombee|Quiver Dance|p1a: Ribombee\n|-boost|p1a: Ribombee|spa|1\n|-boost|p1a: Ribombee|spd|1\n|-boost|p1a: Ribombee|spe|1\n|move|p2a: \ud83e\udd75|Psychic|p1a: Ribombee\n|-damage|p1a: Ribombee|75\/100\n|\n|upkeep\n|turn|3\n|c|\u2606WafflyWaff|Your about to lose to a \"pretty gay team\"\n|c|\u2606WafflyWaff|Lmfao\n|\n|t:|1698761522\n|move|p1a: Ribombee|Quiver Dance|p1a: Ribombee\n|-boost|p1a: Ribombee|spa|1\n|-boost|p1a: Ribombee|spd|1\n|-boost|p1a: Ribombee|spe|1\n|move|p2a: \ud83e\udd75|Psychic|p1a: Ribombee\n|-damage|p1a: Ribombee|53\/100\n|\n|upkeep\n|turn|4\n|c|\u2606Purpleplayer|I hate gays ima win\n|\n|t:|1698761532\n|move|p1a: Ribombee|Quiver Dance|p1a: Ribombee\n|-boost|p1a: Ribombee|spa|1\n|-boost|p1a: Ribombee|spd|1\n|-boost|p1a: Ribombee|spe|1\n|move|p2a: \ud83e\udd75|Disable|p1a: Ribombee\n|-start|p1a: Ribombee|Disable|Quiver Dance\n|\n|-end|p1a: Ribombee|Encore\n|upkeep\n|turn|5\n|\n|t:|1698761543\n|move|p1a: Ribombee|Baton Pass|p1a: Ribombee\n|\n|t:|1698761551\n|switch|p1a: Tinkaton|Tinkaton, F|100\/100|[from] Baton Pass\n|-ability|p1a: Tinkaton|Mold Breaker\n|move|p2a: \ud83e\udd75|Encore||[still]\n|-fail|p2a: \ud83e\udd75\n|\n|upkeep\n|turn|6\n|\n|t:|1698761559\n|move|p1a: Tinkaton|Gigaton Hammer|p2a: \ud83e\udd75\n|-supereffective|p2a: \ud83e\udd75\n|-damage|p2a: \ud83e\udd75|0 fnt\n|faint|p2a: \ud83e\udd75\n|\n|upkeep\n|c|\u2606WafflyWaff|You really thought that would wotk\n|\n|t:|1698761571\n|switch|p2a: Booger|Ditto|100\/100\n|-transform|p2a: Booger|p1a: Tinkaton|[from] ability: Imposter\n|-ability|p2a: Booger|Mold Breaker\n|turn|7\n|\n|t:|1698761581\n|move|p2a: Booger|Gigaton Hammer|p1a: Tinkaton\n|-damage|p1a: Tinkaton|21\/100\n|move|p1a: Tinkaton|Play Rough|p2a: Booger|[miss]\n|-miss|p1a: Tinkaton|p2a: Booger\n|\n|-heal|p1a: Tinkaton|27\/100|[from] item: Leftovers\n|upkeep\n|turn|8\n|inactive|WafflyWaff has 120 seconds left.\n|\n|t:|1698761611\n|-activate|p2a: Booger|move: Struggle\n|move|p2a: Booger|Struggle|p1a: Tinkaton\n|-damage|p1a: Tinkaton|10\/100\n|-damage|p2a: Booger|75\/100|[from] recoil\n|move|p1a: Tinkaton|Gigaton Hammer|p2a: Booger\n|-damage|p2a: Booger|0 fnt\n|faint|p2a: Booger\n|\n|-heal|p1a: Tinkaton|17\/100|[from] item: Leftovers\n|upkeep\n|inactive|WafflyWaff has 120 seconds left.\n|\n|t:|1698761617\n|switch|p2a: Sneasler|Sneasler, F|100\/100\n|turn|9\n|\n|t:|1698761625\n|move|p2a: Sneasler|Fake Out|p1a: Tinkaton\n|-enditem|p2a: Sneasler|Normal Gem|[from] gem\n|-resisted|p1a: Tinkaton\n|-damage|p1a: Tinkaton|4\/100\n|cant|p1a: Tinkaton|flinch\n|\n|-heal|p1a: Tinkaton|10\/100|[from] item: Leftovers\n|upkeep\n|turn|10\n|c|\u2606WafflyWaff|Okay gg\n|\n|t:|1698761631\n|move|p1a: Tinkaton|Foul Play|p2a: Sneasler\n|-resisted|p2a: Sneasler\n|-damage|p2a: Sneasler|69\/100\n|move|p2a: Sneasler|Acrobatics|p1a: Tinkaton\n|-resisted|p1a: Tinkaton\n|-crit|p1a: Tinkaton\n|-damage|p1a: Tinkaton|0 fnt\n|faint|p1a: Tinkaton\n|\n|upkeep\n|\n|t:|1698761639\n|switch|p1a: Torterra|Torterra, M|100\/100\n|turn|11\n|c|\u2606WafflyWaff|You just lost\n|\n|t:|1698761647\n|move|p2a: Sneasler|Acrobatics|p1a: Torterra\n|-supereffective|p1a: Torterra\n|-damage|p1a: Torterra|20\/100\n|move|p1a: Torterra|Shell Smash|p1a: Torterra\n|-unboost|p1a: Torterra|def|1\n|-unboost|p1a: Torterra|spd|1\n|-boost|p1a: Torterra|atk|2\n|-boost|p1a: Torterra|spa|2\n|-boost|p1a: Torterra|spe|2\n|-enditem|p1a: Torterra|White Herb\n|-clearnegativeboost|p1a: Torterra|[silent]\n|\n|upkeep\n|turn|12\n|c|\u2606Purpleplayer|Cap\n|\n|t:|1698761656\n|move|p2a: Sneasler|Acrobatics|p1a: Torterra\n|-supereffective|p1a: Torterra\n|-damage|p1a: Torterra|0 fnt\n|faint|p1a: Torterra\n|\n|upkeep\n|c|\u2606WafflyWaff|Shell smash wont work\n|\n|t:|1698761673\n|switch|p1a: Volcarona|Volcarona, M, shiny|100\/100\n|turn|13\n|\n|t:|1698761677\n|move|p2a: Sneasler|Acrobatics|p1a: Volcarona\n|-supereffective|p1a: Volcarona\n|-damage|p1a: Volcarona|0 fnt\n|faint|p1a: Volcarona\n|\n|upkeep\n|\n|t:|1698761681\n|switch|p1a: Kyogre|Kyogre|100\/100\n|-weather|RainDance|[from] ability: Drizzle|[of] p1a: Kyogre\n|turn|14\n|\n|t:|1698761685\n|move|p2a: Sneasler|Acrobatics|p1a: Kyogre\n|-damage|p1a: Kyogre|58\/100\n|move|p1a: Kyogre|Calm Mind|p1a: Kyogre\n|-boost|p1a: Kyogre|spa|1\n|-boost|p1a: Kyogre|spd|1\n|\n|-weather|RainDance|[upkeep]\n|upkeep\n|turn|15\n|\n|t:|1698761690\n|move|p2a: Sneasler|Acrobatics|p1a: Kyogre\n|-damage|p1a: Kyogre|10\/100\n|move|p1a: Kyogre|Thunder|p2a: Sneasler\n|-damage|p2a: Sneasler|0 fnt\n|faint|p2a: Sneasler\n|\n|-weather|RainDance|[upkeep]\n|upkeep\n|\n|t:|1698761697\n|switch|p2a: Janitor|Calyrex-Shadow|100\/100\n|-ability|p2a: Janitor|As One\n|-ability|p2a: Janitor|Unnerve\n|turn|16\n|c|\u2606Purpleplayer|That\u2019s crazy\n|\n|t:|1698761705\n|move|p2a: Janitor|Astral Barrage|p1a: Kyogre\n|-damage|p1a: Kyogre|0 fnt\n|faint|p1a: Kyogre\n|-ability|p2a: Janitor|Grim Neigh|boost\n|-boost|p2a: Janitor|spa|1\n|\n|-weather|RainDance|[upkeep]\n|upkeep\n|\n|t:|1698761707\n|switch|p1a: Ribombee|Ribombee, M, shiny|53\/100\n|turn|17\n|\n|t:|1698761709\n|move|p2a: Janitor|Astral Barrage|p1a: Ribombee\n|-damage|p1a: Ribombee|0 fnt\n|faint|p1a: Ribombee\n|-ability|p2a: Janitor|Grim Neigh|boost\n|-boost|p2a: Janitor|spa|1\n|\n|-weather|RainDance|[upkeep]\n|upkeep\n|\n|t:|1698761712\n|switch|p1a: Kingambit|Kingambit, M|100\/100\n|-activate|p1a: Kingambit|ability: Supreme Overlord\n|-start|p1a: Kingambit|fallen5|[silent]\n|turn|18\n|\n|t:|1698761715\n|-terastallize|p1a: Kingambit|Dark\n|move|p1a: Kingambit|Sucker Punch|p2a: Janitor\n|-supereffective|p2a: Janitor\n|-enditem|p2a: Janitor|Focus Sash\n|-damage|p2a: Janitor|1\/100\n|move|p2a: Janitor|Astral Barrage|p1a: Kingambit\n|-resisted|p1a: Kingambit\n|-damage|p1a: Kingambit|33\/100\n|\n|-weather|RainDance|[upkeep]\n|upkeep\n|turn|19\n|\n|t:|1698761720\n|move|p1a: Kingambit|Sucker Punch|p2a: Janitor\n|-supereffective|p2a: Janitor\n|-damage|p2a: Janitor|0 fnt\n|faint|p2a: Janitor\n|\n|-weather|RainDance|[upkeep]\n|upkeep\n|\n|t:|1698761722\n|switch|p2a: Hax|Haxorus, F, shiny|100\/100\n|turn|20\n|\n|t:|1698761728\n|-terastallize|p2a: Hax|Fairy\n|move|p1a: Kingambit|Sucker Punch|p2a: Hax\n|-resisted|p2a: Hax\n|-damage|p2a: Hax|34\/100\n|move|p2a: Hax|Tera Blast|p1a: Kingambit|[anim] Tera Blast Fairy\n|-supereffective|p1a: Kingambit\n|-damage|p1a: Kingambit|0 fnt\n|faint|p1a: Kingambit\n|-end|p1a: Kingambit|fallen5|[silent]\n|\n|win|WafflyWaff\n|raw|Purpleplayer's rating: 1125 &rarr; <strong>1109<\/strong><br \/>(-16 for losing)\n|raw|WafflyWaff's rating: 1253 &rarr; <strong>1269<\/strong><br \/>(+16 for winning)\n","uploadtime":1698761531,"views":5,"p1id":"purpleplayer","p2id":"wafflywaff","formatid":"gen9anythinggoes","rating":1109,"private":0,"password":""}