{"id":"gen9anythinggoes-1995583604","p1":"WhiteAmfiny","p2":"Skitty Kitty x3","format":"[Gen 9] Anything Goes","log":"|j|\u2606WhiteAmfiny\n|j|\u2606Skitty Kitty x3\n|t:|1700584940\n|gametype|singles\n|player|p1|WhiteAmfiny|backersf|\n|player|p2|Skitty Kitty x3|nemona-v|\n|teamsize|p1|6\n|teamsize|p2|6\n|gen|9\n|tier|[Gen 9] Anything Goes\n|rule|HP Percentage Mod: HP is shown in percentages\n|rule|Endless Battle Clause: Forcing endless battles is banned\n|clearpoke\n|poke|p1|Arceus-Fairy|\n|poke|p1|Groudon|\n|poke|p1|Arcanine-Hisui, M|\n|poke|p1|Vikavolt, M|\n|poke|p1|Scream Tail|\n|poke|p1|Toxapex, M|\n|poke|p2|Arceus-Psychic|\n|poke|p2|Clodsire, M|\n|poke|p2|Milotic, M|\n|poke|p2|Scizor, M|\n|poke|p2|Shaymin-Sky|\n|poke|p2|Cyclizar, M|\n|teampreview\n|c|\u2606WhiteAmfiny|hf ^^\n|c|\u2606Skitty Kitty x3|you too ^^\n|\n|t:|1700585036\n|start\n|switch|p1a: Vikavolt|Vikavolt, M, shiny|100\/100\n|switch|p2a: Milotic|Milotic, M|100\/100\n|turn|1\n|\n|t:|1700585097\n|switch|p2a: Clodsire|Clodsire, M|100\/100\n|move|p1a: Vikavolt|Sticky Web|p2a: Clodsire\n|-sidestart|p2: Skitty Kitty x3|move: Sticky Web\n|\n|upkeep\n|turn|2\n|\n|t:|1700585109\n|switch|p1a: Groudon|Groudon|100\/100\n|-weather|SunnyDay|[from] ability: Drought|[of] p1a: Groudon\n|move|p2a: Clodsire|Curse|p2a: Clodsire\n|-unboost|p2a: Clodsire|spe|1\n|-boost|p2a: Clodsire|atk|1\n|-boost|p2a: Clodsire|def|1\n|\n|-weather|SunnyDay|[upkeep]\n|upkeep\n|turn|3\n|\n|t:|1700585144\n|move|p1a: Groudon|Will-O-Wisp|p2a: Clodsire|[miss]\n|-miss|p1a: Groudon|p2a: Clodsire\n|move|p2a: Clodsire|Curse|p2a: Clodsire\n|-unboost|p2a: Clodsire|spe|1\n|-boost|p2a: Clodsire|atk|1\n|-boost|p2a: Clodsire|def|1\n|\n|-weather|SunnyDay|[upkeep]\n|upkeep\n|turn|4\n|\n|t:|1700585156\n|move|p1a: Groudon|Will-O-Wisp|p2a: Clodsire\n|-status|p2a: Clodsire|brn\n|move|p2a: Clodsire|Curse|p2a: Clodsire\n|-unboost|p2a: Clodsire|spe|1\n|-boost|p2a: Clodsire|atk|1\n|-boost|p2a: Clodsire|def|1\n|\n|-weather|SunnyDay|[upkeep]\n|-damage|p2a: Clodsire|94\/100 brn|[from] brn\n|upkeep\n|turn|5\n|\n|t:|1700585191\n|move|p1a: Groudon|Precipice Blades|p2a: Clodsire\n|-supereffective|p2a: Clodsire\n|-damage|p2a: Clodsire|40\/100 brn\n|move|p2a: Clodsire|High Horsepower|p1a: Groudon\n|-damage|p1a: Groudon|84\/100\n|\n|-weather|SunnyDay|[upkeep]\n|-heal|p1a: Groudon|90\/100|[from] item: Leftovers\n|-heal|p2a: Clodsire|46\/100 brn|[from] item: Black Sludge\n|-damage|p2a: Clodsire|40\/100 brn|[from] brn\n|upkeep\n|turn|6\n|\n|t:|1700585237\n|move|p1a: Groudon|Fire Punch|p2a: Clodsire\n|-damage|p2a: Clodsire|24\/100 brn\n|move|p2a: Clodsire|Recover|p2a: Clodsire\n|-heal|p2a: Clodsire|74\/100 brn\n|\n|-weather|none\n|-heal|p1a: Groudon|97\/100|[from] item: Leftovers\n|-heal|p2a: Clodsire|80\/100 brn|[from] item: Black Sludge\n|-damage|p2a: Clodsire|74\/100 brn|[from] brn\n|upkeep\n|turn|7\n|\n|t:|1700585249\n|move|p1a: Groudon|Stealth Rock|p2a: Clodsire\n|-sidestart|p2: Skitty Kitty x3|move: Stealth Rock\n|move|p2a: Clodsire|Liquidation|p1a: Groudon\n|-supereffective|p1a: Groudon\n|-damage|p1a: Groudon|79\/100\n|-unboost|p1a: Groudon|def|1\n|\n|-heal|p1a: Groudon|85\/100|[from] item: Leftovers\n|-heal|p2a: Clodsire|80\/100 brn|[from] item: Black Sludge\n|-damage|p2a: Clodsire|74\/100 brn|[from] brn\n|upkeep\n|turn|8\n|\n|t:|1700585275\n|move|p1a: Groudon|Precipice Blades|p2a: Clodsire\n|-supereffective|p2a: Clodsire\n|-damage|p2a: Clodsire|25\/100 brn\n|move|p2a: Clodsire|High Horsepower|p1a: Groudon|[miss]\n|-miss|p2a: Clodsire|p1a: Groudon\n|\n|-heal|p1a: Groudon|91\/100|[from] item: Leftovers\n|-heal|p2a: Clodsire|31\/100 brn|[from] item: Black Sludge\n|-damage|p2a: Clodsire|25\/100 brn|[from] brn\n|upkeep\n|turn|9\n|\n|t:|1700585295\n|move|p1a: Groudon|Precipice Blades|p2a: Clodsire\n|-supereffective|p2a: Clodsire\n|-crit|p2a: Clodsire\n|-damage|p2a: Clodsire|0 fnt\n|faint|p2a: Clodsire\n|\n|-heal|p1a: Groudon|98\/100|[from] item: Leftovers\n|upkeep\n|\n|t:|1700585299\n|switch|p2a: Shaymin|Shaymin-Sky|100\/100\n|-damage|p2a: Shaymin|76\/100|[from] Stealth Rock\n|turn|10\n|\n|t:|1700585325\n|switch|p1a: Scream Tail|Scream Tail|100\/100\n|move|p2a: Shaymin|Seed Flare|p1a: Scream Tail|[miss]\n|-miss|p2a: Shaymin|p1a: Scream Tail\n|\n|upkeep\n|turn|11\n|\n|t:|1700585354\n|switch|p2a: Cyclizar|Cyclizar, M|100\/100\n|move|p1a: Scream Tail|Flamethrower|p2a: Cyclizar\n|-resisted|p2a: Cyclizar\n|-damage|p2a: Cyclizar|91\/100\n|\n|upkeep\n|turn|12\n|\n|t:|1700585372\n|move|p2a: Cyclizar|Rapid Spin|p1a: Scream Tail\n|-crit|p1a: Scream Tail\n|-damage|p1a: Scream Tail|82\/100\n|-boost|p2a: Cyclizar|spe|1\n|-sideend|p2: Skitty Kitty x3|Stealth Rock|[from] move: Rapid Spin|[of] p2a: Cyclizar\n|-sideend|p2: Skitty Kitty x3|Sticky Web|[from] move: Rapid Spin|[of] p2a: Cyclizar\n|move|p1a: Scream Tail|Flamethrower|p2a: Cyclizar\n|-resisted|p2a: Cyclizar\n|-damage|p2a: Cyclizar|80\/100\n|\n|upkeep\n|turn|13\n|\n|t:|1700585396\n|move|p2a: Cyclizar|Shed Tail|p2a: Cyclizar\n|-start|p2a: Cyclizar|Substitute|[from] move: Shed Tail\n|-damage|p2a: Cyclizar|30\/100\n|\n|t:|1700585404\n|switch|p2a: Arceus|Arceus-Psychic|100\/100|[from] Shed Tail\n|move|p1a: Scream Tail|Dazzling Gleam|p2a: Arceus\n|-crit|p2a: Arceus\n|-end|p2a: Arceus|Substitute\n|\n|upkeep\n|turn|14\n|\n|t:|1700585416\n|-end|p1a: Scream Tail|Protosynthesis|[silent]\n|switch|p1a: Vikavolt|Vikavolt, M, shiny|100\/100\n|move|p2a: Arceus|Dragon Dance|p2a: Arceus\n|-boost|p2a: Arceus|atk|1\n|-boost|p2a: Arceus|spe|1\n|\n|upkeep\n|turn|15\n|\n|t:|1700585530\n|switch|p2a: Milotic|Milotic, M|100\/100\n|move|p1a: Vikavolt|Bug Buzz|p2a: Milotic\n|-damage|p2a: Milotic|59\/100\n|\n|-heal|p2a: Milotic|65\/100|[from] item: Leftovers\n|upkeep\n|turn|16\n|\n|t:|1700585564\n|switch|p2a: Cyclizar|Cyclizar, M|63\/100\n|move|p1a: Vikavolt|Sticky Web|p2a: Cyclizar\n|-sidestart|p2: Skitty Kitty x3|move: Sticky Web\n|\n|upkeep\n|turn|17\n|\n|t:|1700585617\n|move|p2a: Cyclizar|Shed Tail|p2a: Cyclizar\n|-start|p2a: Cyclizar|Substitute|[from] move: Shed Tail\n|-damage|p2a: Cyclizar|13\/100\n|\n|t:|1700585620\n|switch|p2a: Scizor|Scizor, M|100\/100|[from] Shed Tail\n|-activate|p2a: Scizor|move: Sticky Web\n|-unboost|p2a: Scizor|spe|1\n|move|p1a: Vikavolt|Bug Buzz|p2a: Scizor\n|-resisted|p2a: Scizor\n|-damage|p2a: Scizor|63\/100\n|\n|upkeep\n|turn|18\n|\n|t:|1700585689\n|move|p2a: Scizor|Trailblaze|p1a: Vikavolt\n|-resisted|p1a: Vikavolt\n|-crit|p1a: Vikavolt\n|-damage|p1a: Vikavolt|81\/100\n|-boost|p2a: Scizor|spe|1\n|-damage|p2a: Scizor|53\/100|[from] item: Life Orb\n|move|p1a: Vikavolt|Volt Switch|p2a: Scizor\n|-end|p2a: Scizor|Substitute\n|\n|t:|1700585706\n|switch|p1a: Groudon|Groudon|98\/100|[from] Volt Switch\n|-weather|SunnyDay|[from] ability: Drought|[of] p1a: Groudon\n|\n|-weather|SunnyDay|[upkeep]\n|-heal|p1a: Groudon|100\/100|[from] item: Leftovers\n|upkeep\n|turn|19\n|\n|t:|1700585754\n|switch|p2a: Milotic|Milotic, M|65\/100\n|-activate|p2a: Milotic|move: Sticky Web\n|-unboost|p2a: Milotic|spe|1\n|-ability|p2a: Milotic|Competitive|boost\n|-boost|p2a: Milotic|spa|2\n|move|p1a: Groudon|Fire Punch|p2a: Milotic\n|-resisted|p2a: Milotic\n|-damage|p2a: Milotic|45\/100\n|\n|-weather|SunnyDay|[upkeep]\n|-heal|p2a: Milotic|51\/100|[from] item: Leftovers\n|upkeep\n|turn|20\n|\n|t:|1700585782\n|move|p1a: Groudon|Precipice Blades|p2a: Milotic\n|-damage|p2a: Milotic|0 fnt\n|faint|p2a: Milotic\n|\n|-weather|SunnyDay|[upkeep]\n|upkeep\n|\n|t:|1700585795\n|switch|p2a: Shaymin|Shaymin-Sky|76\/100\n|turn|21\n|\n|t:|1700585816\n|switch|p1a: Scream Tail|Scream Tail|82\/100\n|-activate|p1a: Scream Tail|ability: Protosynthesis\n|-start|p1a: Scream Tail|protosynthesisspd\n|move|p2a: Shaymin|Seed Flare|p1a: Scream Tail\n|-damage|p1a: Scream Tail|59\/100\n|-unboost|p1a: Scream Tail|spd|2\n|\n|-weather|SunnyDay|[upkeep]\n|upkeep\n|turn|22\n|\n|t:|1700585853\n|move|p2a: Shaymin|Air Slash|p1a: Scream Tail\n|-damage|p1a: Scream Tail|30\/100\n|cant|p1a: Scream Tail|flinch\n|\n|-weather|none\n|-end|p1a: Scream Tail|Protosynthesis\n|upkeep\n|turn|23\n|\n|t:|1700585867\n|move|p2a: Shaymin|Air Slash|p1a: Scream Tail\n|-damage|p1a: Scream Tail|0 fnt\n|faint|p1a: Scream Tail\n|-end|p1a: Scream Tail|Protosynthesis|[silent]\n|\n|upkeep\n|\n|t:|1700585872\n|switch|p1a: Arcanine|Arcanine-Hisui, M, shiny|100\/100\n|turn|24\n|\n|t:|1700585926\n|move|p2a: Shaymin|Seed Flare|p1a: Arcanine\n|-damage|p1a: Arcanine|23\/100\n|move|p1a: Arcanine|Flare Blitz|p2a: Shaymin\n|-supereffective|p2a: Shaymin\n|-damage|p2a: Shaymin|0 fnt\n|faint|p2a: Shaymin\n|\n|upkeep\n|\n|t:|1700585972\n|switch|p2a: Arceus|Arceus-Psychic|100\/100\n|-activate|p2a: Arceus|move: Sticky Web\n|-unboost|p2a: Arceus|spe|1\n|turn|25\n|\n|t:|1700586003\n|move|p1a: Arcanine|Flare Blitz|p2a: Arceus\n|-damage|p2a: Arceus|30\/100\n|move|p2a: Arceus|Dragon Dance|p2a: Arceus\n|-boost|p2a: Arceus|atk|1\n|-boost|p2a: Arceus|spe|1\n|\n|upkeep\n|turn|26\n|\n|t:|1700586029\n|move|p2a: Arceus|Earthquake|p1a: Arcanine\n|-supereffective|p1a: Arcanine\n|-damage|p1a: Arcanine|0 fnt\n|faint|p1a: Arcanine\n|\n|upkeep\n|\n|t:|1700586032\n|switch|p1a: Vikavolt|Vikavolt, M, shiny|81\/100\n|turn|27\n|\n|t:|1700586043\n|move|p2a: Arceus|Zen Headbutt|p1a: Vikavolt\n|-damage|p1a: Vikavolt|9\/100\n|move|p1a: Vikavolt|Bug Buzz|p2a: Arceus\n|-supereffective|p2a: Arceus\n|-damage|p2a: Arceus|0 fnt\n|faint|p2a: Arceus\n|\n|upkeep\n|\n|t:|1700586061\n|switch|p2a: Cyclizar|Cyclizar, M|47\/100\n|turn|28\n|\n|t:|1700586090\n|switch|p1a: Groudon|Groudon|100\/100\n|-weather|SunnyDay|[from] ability: Drought|[of] p1a: Groudon\n|move|p2a: Cyclizar|Rapid Spin|p1a: Groudon\n|-damage|p1a: Groudon|94\/100\n|-boost|p2a: Cyclizar|spe|1\n|-sideend|p2: Skitty Kitty x3|Sticky Web|[from] move: Rapid Spin|[of] p2a: Cyclizar\n|\n|-weather|SunnyDay|[upkeep]\n|-heal|p1a: Groudon|99\/100|[from] item: Leftovers\n|upkeep\n|turn|29\n|\n|t:|1700586124\n|move|p2a: Cyclizar|Knock Off|p1a: Groudon\n|-damage|p1a: Groudon|91\/100\n|-enditem|p1a: Groudon|Leftovers|[from] move: Knock Off|[of] p2a: Cyclizar\n|move|p1a: Groudon|Precipice Blades|p2a: Cyclizar\n|-damage|p2a: Cyclizar|0 fnt\n|faint|p2a: Cyclizar\n|\n|-weather|SunnyDay|[upkeep]\n|upkeep\n|\n|t:|1700586129\n|switch|p2a: Scizor|Scizor, M|53\/100\n|turn|30\n|\n|t:|1700586132\n|move|p2a: Scizor|Iron Head|p1a: Groudon\n|-damage|p1a: Groudon|64\/100\n|-damage|p2a: Scizor|44\/100|[from] item: Life Orb\n|cant|p1a: Groudon|flinch\n|\n|-weather|SunnyDay|[upkeep]\n|upkeep\n|turn|31\n|\n|t:|1700586138\n|move|p2a: Scizor|Iron Head|p1a: Groudon\n|-crit|p1a: Groudon\n|-damage|p1a: Groudon|26\/100\n|-damage|p2a: Scizor|34\/100|[from] item: Life Orb\n|move|p1a: Groudon|Fire Punch|p2a: Scizor\n|-supereffective|p2a: Scizor\n|-damage|p2a: Scizor|0 fnt\n|faint|p2a: Scizor\n|\n|win|WhiteAmfiny\n|c|\u2606WhiteAmfiny|gg\n|c|\u2606Skitty Kitty x3|gg c: schickst du?\n|c|\u2606WhiteAmfiny|Groudon so ein macher\n|c|\u2606WhiteAmfiny|Na klar\n","uploadtime":1700586158,"views":1,"p1id":"whiteamfiny","p2id":"skittykittyx3","formatid":"gen9anythinggoes","rating":0,"private":0,"password":""}