{"id":"gen9anythinggoes-1974823236","p1":"Dudilulu","p2":"BeginnerForReal","format":"[Gen 9] Anything Goes","log":"|j|\u2606Dudilulu\n|j|\u2606BeginnerForReal\n|t:|1698130340\n|gametype|singles\n|player|p1|Dudilulu|brycen|1219\n|player|p2|BeginnerForReal|266|1273\n|teamsize|p1|6\n|teamsize|p2|6\n|gen|9\n|tier|[Gen 9] Anything Goes\n|rated|\n|rule|HP Percentage Mod: HP is shown in percentages\n|rule|Endless Battle Clause: Forcing endless battles is banned\n|clearpoke\n|poke|p1|Darkrai|\n|poke|p1|Ursaluna-Bloodmoon, M|\n|poke|p1|Ninetales-Alola, F|\n|poke|p1|Ogerpon-Hearthflame, F|\n|poke|p1|Sneasler, M|\n|poke|p1|Arceus-Fire|\n|poke|p2|Maushold-Four|\n|poke|p2|Maushold-Four|\n|poke|p2|Houndstone, M|\n|poke|p2|Forretress, M|\n|poke|p2|Arbok, F|\n|poke|p2|Golduck, M|\n|teampreview\n|inactive|Battle timer is ON: inactive players will automatically lose when time's up. (requested by Dudilulu)\n|c|\u2606Dudilulu|gl\n|\n|t:|1698130349\n|start\n|switch|p1a: Ninetales|Ninetales-Alola, F|100\/100\n|switch|p2a: Forretress|Forretress, M|100\/100\n|-weather|Snow|[from] ability: Snow Warning|[of] p1a: Ninetales\n|turn|1\n|\n|t:|1698130357\n|move|p1a: Ninetales|Aurora Veil|p1a: Ninetales\n|-sidestart|p1: Dudilulu|move: Aurora Veil\n|move|p2a: Forretress|Stealth Rock|p1a: Ninetales\n|-sidestart|p1: Dudilulu|move: Stealth Rock\n|\n|-weather|Snow|[upkeep]\n|upkeep\n|turn|2\n|\n|t:|1698130371\n|switch|p1a: Ogerpon|Ogerpon-Hearthflame, F|100\/100\n|-damage|p1a: Ogerpon|76\/100|[from] Stealth Rock\n|-ability|p1a: Ogerpon|Mold Breaker\n|move|p2a: Forretress|Thunder Wave|p1a: Ogerpon\n|-status|p1a: Ogerpon|par\n|\n|-weather|Snow|[upkeep]\n|upkeep\n|turn|3\n|\n|t:|1698130382\n|move|p2a: Forretress|Giga Drain|p1a: Ogerpon\n|-resisted|p1a: Ogerpon\n|-damage|p1a: Ogerpon|74\/100 par\n|move|p1a: Ogerpon|Swords Dance|p1a: Ogerpon\n|-boost|p1a: Ogerpon|atk|2\n|\n|-weather|Snow|[upkeep]\n|upkeep\n|turn|4\n|\n|t:|1698130396\n|switch|p2a: Golduck|Golduck, M|100\/100\n|cant|p1a: Ogerpon|par\n|\n|-weather|Snow|[upkeep]\n|upkeep\n|turn|5\n|\n|t:|1698130403\n|move|p2a: Golduck|Haze|p2a: Golduck\n|-clearallboost\n|move|p1a: Ogerpon|Horn Leech|p2a: Golduck\n|-supereffective|p2a: Golduck\n|-enditem|p2a: Golduck|Focus Sash\n|-damage|p2a: Golduck|1\/100\n|-heal|p1a: Ogerpon|100\/100 par|[from] drain|[of] p2a: Golduck\n|\n|-weather|Snow|[upkeep]\n|-sideend|p1: Dudilulu|move: Aurora Veil\n|upkeep\n|turn|6\n|c|\u2606Dudilulu|nooo i littrealy read that tooo\n|\n|t:|1698130415\n|move|p2a: Golduck|Disable|p1a: Ogerpon\n|-start|p1a: Ogerpon|Disable|Horn Leech\n|move|p1a: Ogerpon|Ivy Cudgel|p2a: Golduck\n|-resisted|p2a: Golduck\n|-damage|p2a: Golduck|0 fnt\n|faint|p2a: Golduck\n|\n|-weather|Snow|[upkeep]\n|upkeep\n|\n|t:|1698130425\n|switch|p2a: Maushold|Maushold-Four|100\/100\n|turn|7\n|\n|t:|1698130429\n|move|p2a: Maushold|Population Bomb|p1a: Ogerpon\n|-damage|p1a: Ogerpon|85\/100 par\n|-damage|p1a: Ogerpon|70\/100 par\n|-hitcount|p1a: Ogerpon|2\n|move|p1a: Ogerpon|Superpower|p2a: Maushold\n|-supereffective|p2a: Maushold\n|-damage|p2a: Maushold|0 fnt\n|-unboost|p1a: Ogerpon|atk|1\n|-unboost|p1a: Ogerpon|def|1\n|faint|p2a: Maushold\n|\n|-weather|Snow|[upkeep]\n|upkeep\n|c|\u2606Dudilulu|rip\n|c|\u2606BeginnerForReal|Lol.\n|c|\u2606Dudilulu|first time i see a population bomb hit twice\n|\n|t:|1698130449\n|switch|p2a: Forretress|Forretress, M|100\/100\n|turn|8\n|\n|t:|1698130454\n|move|p2a: Forretress|Rapid Spin|p1a: Ogerpon\n|-damage|p1a: Ogerpon|51\/100 par\n|-boost|p2a: Forretress|spe|1\n|move|p1a: Ogerpon|Ivy Cudgel|p2a: Forretress\n|-supereffective|p2a: Forretress\n|-enditem|p2a: Forretress|Focus Sash\n|-damage|p2a: Forretress|1\/100\n|\n|-weather|none\n|upkeep\n|turn|9\n|\n|t:|1698130463\n|move|p2a: Forretress|Rapid Spin|p1a: Ogerpon\n|-damage|p1a: Ogerpon|29\/100 par\n|-boost|p2a: Forretress|spe|1\n|move|p1a: Ogerpon|Ivy Cudgel|p2a: Forretress\n|-supereffective|p2a: Forretress\n|-crit|p2a: Forretress\n|-damage|p2a: Forretress|0 fnt\n|faint|p2a: Forretress\n|\n|-end|p1a: Ogerpon|Disable\n|upkeep\n|c|\u2606BeginnerForReal|Exactly. I'm unlucky. Lol\n|\n|t:|1698130483\n|switch|p2a: Arbok|Arbok, F|100\/100\n|-ability|p2a: Arbok|Intimidate|boost\n|-unboost|p1a: Ogerpon|atk|1\n|turn|10\n|\n|t:|1698130488\n|move|p2a: Arbok|Sucker Punch|p1a: Ogerpon\n|-damage|p1a: Ogerpon|0 fnt\n|faint|p1a: Ogerpon\n|\n|upkeep\n|\n|t:|1698130492\n|switch|p1a: Ninetales|Ninetales-Alola, F|100\/100\n|-damage|p1a: Ninetales|76\/100|[from] Stealth Rock\n|-weather|Snow|[from] ability: Snow Warning|[of] p1a: Ninetales\n|turn|11\n|\n|t:|1698130499\n|move|p2a: Arbok|Glare|p1a: Ninetales\n|-status|p1a: Ninetales|par\n|cant|p1a: Ninetales|par\n|\n|-weather|Snow|[upkeep]\n|upkeep\n|turn|12\n|\n|t:|1698130506\n|move|p2a: Arbok|Sucker Punch||[still]\n|-fail|p2a: Arbok\n|move|p1a: Ninetales|Aurora Veil|p1a: Ninetales\n|-sidestart|p1: Dudilulu|move: Aurora Veil\n|\n|-weather|Snow|[upkeep]\n|upkeep\n|turn|13\n|\n|t:|1698130516\n|switch|p1a: Ursaluna|Ursaluna-Bloodmoon, M|100\/100\n|-damage|p1a: Ursaluna|94\/100|[from] Stealth Rock\n|move|p2a: Arbok|Crunch|p1a: Ursaluna\n|-damage|p1a: Ursaluna|89\/100\n|-unboost|p1a: Ursaluna|def|1\n|\n|-weather|Snow|[upkeep]\n|upkeep\n|turn|14\n|c|\u2606BeginnerForReal|Oh no\n|\n|t:|1698130528\n|move|p2a: Arbok|Glare|p1a: Ursaluna\n|-status|p1a: Ursaluna|par\n|move|p1a: Ursaluna|Earth Power|p2a: Arbok\n|-supereffective|p2a: Arbok\n|-enditem|p2a: Arbok|Focus Sash\n|-damage|p2a: Arbok|1\/100\n|\n|-weather|Snow|[upkeep]\n|upkeep\n|turn|15\n|c|\u2606BeginnerForReal|Yes. At least it's paralyzed\n|c|\u2606Dudilulu|wait arent i a ground type?\n|c|\u2606Dudilulu|oh yeah glare is normal\n|c|\u2606Dudilulu|nice one\n|c|\u2606BeginnerForReal|Glare is normal\n|\n|t:|1698130554\n|move|p2a: Arbok|Sucker Punch|p1a: Ursaluna\n|-damage|p1a: Ursaluna|81\/100 par\n|move|p1a: Ursaluna|Vacuum Wave|p2a: Arbok\n|-resisted|p2a: Arbok\n|-damage|p2a: Arbok|0 fnt\n|faint|p2a: Arbok\n|\n|-weather|Snow|[upkeep]\n|upkeep\n|\n|t:|1698130563\n|switch|p2a: Maushold|Maushold-Four|100\/100\n|turn|16\n|c|\u2606Dudilulu|me when i remebr not every paralyze move is electric\n|\n|t:|1698130571\n|move|p2a: Maushold|Population Bomb|p1a: Ursaluna\n|-damage|p1a: Ursaluna|75\/100 par\n|-damage|p1a: Ursaluna|70\/100 par\n|-damage|p1a: Ursaluna|64\/100 par\n|-damage|p1a: Ursaluna|59\/100 par\n|-damage|p1a: Ursaluna|53\/100 par\n|-damage|p1a: Ursaluna|48\/100 par\n|-damage|p1a: Ursaluna|42\/100 par\n|-crit|p1a: Ursaluna\n|-damage|p1a: Ursaluna|27\/100 par\n|-damage|p1a: Ursaluna|21\/100 par\n|-damage|p1a: Ursaluna|14\/100 par\n|-hitcount|p1a: Ursaluna|10\n|cant|p1a: Ursaluna|par\n|\n|-weather|Snow|[upkeep]\n|-sideend|p1: Dudilulu|move: Aurora Veil\n|upkeep\n|turn|17\n|c|\u2606Dudilulu|rip\n|c|\u2606BeginnerForReal|Lmao\n|\n|t:|1698130593\n|cant|p1a: Ursaluna|par\n|move|p2a: Maushold|Population Bomb|p1a: Ursaluna\n|-damage|p1a: Ursaluna|4\/100 par\n|-damage|p1a: Ursaluna|0 fnt\n|faint|p1a: Ursaluna\n|-hitcount|p1: Ursaluna|2\n|\n|-weather|Snow|[upkeep]\n|upkeep\n|\n|t:|1698130606\n|switch|p1a: Darkrai|Darkrai, shiny|100\/100\n|-damage|p1a: Darkrai|88\/100|[from] Stealth Rock\n|turn|18\n|\n|t:|1698130612\n|move|p1a: Darkrai|Hypnosis|p2a: Maushold|[miss]\n|-miss|p1a: Darkrai|p2a: Maushold\n|move|p2a: Maushold|Population Bomb|p1a: Darkrai\n|-damage|p1a: Darkrai|73\/100\n|-damage|p1a: Darkrai|56\/100\n|-damage|p1a: Darkrai|39\/100\n|-damage|p1a: Darkrai|23\/100\n|-damage|p1a: Darkrai|8\/100\n|-damage|p1a: Darkrai|0 fnt\n|faint|p1a: Darkrai\n|-hitcount|p1: Darkrai|6\n|\n|-weather|none\n|upkeep\n|c|\u2606Dudilulu|my luck fr\n|\n|t:|1698130625\n|switch|p1a: Ninetales|Ninetales-Alola, F|76\/100 par\n|-damage|p1a: Ninetales|51\/100 par|[from] Stealth Rock\n|-weather|Snow|[from] ability: Snow Warning|[of] p1a: Ninetales\n|turn|19\n|\n|t:|1698130631\n|move|p2a: Maushold|Population Bomb|p1a: Ninetales\n|-damage|p1a: Ninetales|38\/100 par\n|-damage|p1a: Ninetales|28\/100 par\n|-crit|p1a: Ninetales\n|-damage|p1a: Ninetales|10\/100 par\n|-damage|p1a: Ninetales|0 fnt\n|faint|p1a: Ninetales\n|-hitcount|p1: Ninetales|4\n|\n|-weather|Snow|[upkeep]\n|upkeep\n|\n|t:|1698130643\n|switch|p1a: Sneasler|Sneasler, M|100\/100\n|-damage|p1a: Sneasler|95\/100|[from] Stealth Rock\n|turn|20\n|\n|t:|1698130647\n|move|p1a: Sneasler|Fake Out|p2a: Maushold\n|-damage|p2a: Maushold|78\/100\n|cant|p2a: Maushold|flinch\n|\n|-weather|Snow|[upkeep]\n|upkeep\n|turn|21\n|\n|t:|1698130655\n|move|p1a: Sneasler|Close Combat|p2a: Maushold\n|-supereffective|p2a: Maushold\n|-damage|p2a: Maushold|0 fnt\n|-unboost|p1a: Sneasler|def|1\n|-unboost|p1a: Sneasler|spd|1\n|faint|p2a: Maushold\n|\n|-weather|Snow|[upkeep]\n|upkeep\n|c|\u2606BeginnerForReal|Noooooo. My mouse\n|c|\u2606BeginnerForReal|My family\n|\n|t:|1698130668\n|switch|p2a: Houndstone|Houndstone, M|100\/100\n|turn|22\n|c|\u2606Dudilulu|got i hate ratatouie\n|\n|t:|1698130674\n|-terastallize|p2a: Houndstone|Ghost\n|move|p2a: Houndstone|Last Respects|p1a: Sneasler\n|-damage|p1a: Sneasler|0 fnt\n|faint|p1a: Sneasler\n|\n|-weather|Snow|[upkeep]\n|upkeep\n|\n|t:|1698130680\n|switch|p1a: Arceus|Arceus-Fire|100\/100\n|-damage|p1a: Arceus|75\/100|[from] Stealth Rock\n|turn|23\n|c|\u2606BeginnerForReal|My dog will pay respects\n|c|\u2606Dudilulu|gg\n|\n|t:|1698130688\n|-terastallize|p1a: Arceus|Fire\n|move|p2a: Houndstone|Last Respects|p1a: Arceus\n|-damage|p1a: Arceus|2\/100\n|move|p1a: Arceus|Judgment|p2a: Houndstone\n|-damage|p2a: Houndstone|0 fnt\n|faint|p2a: Houndstone\n|\n|win|Dudilulu\n|raw|Dudilulu's rating: 1219 &rarr; <strong>1248<\/strong><br \/>(+29 for winning)\n|raw|BeginnerForReal's rating: 1273 &rarr; <strong>1244<\/strong><br \/>(-29 for losing)\n|c|\u2606Dudilulu|that 25%\n|c|\u2606Dudilulu|OH\n|c|\u2606BeginnerForReal|Oooooooooo\n|c|\u2606Dudilulu|lmao\n|c|\u2606Dudilulu|god moment\n|c|\u2606BeginnerForReal|GG\n|c|\u2606Dudilulu|gs\n|c|\u2606Dudilulu|gs\n","uploadtime":1698130717,"views":11,"p1id":"dudilulu","p2id":"beginnerforreal","formatid":"gen9anythinggoes","rating":1244,"private":0,"password":""}