{"id":"gen9anythinggoes-1978695970","p1":"ButaYaroSama","p2":"Voila Ouija","format":"[Gen 9] Anything Goes","log":"|j|\u2606ButaYaroSama\n|j|\u2606Voila Ouija\n|t:|1698583010\n|gametype|singles\n|player|p1|ButaYaroSama|1|1408\n|player|p2|Voila Ouija|1|1381\n|teamsize|p1|6\n|teamsize|p2|6\n|gen|9\n|tier|[Gen 9] Anything Goes\n|rated|\n|rule|HP Percentage Mod: HP is shown in percentages\n|rule|Endless Battle Clause: Forcing endless battles is banned\n|clearpoke\n|poke|p1|Calyrex-Shadow|\n|poke|p1|Toxapex, M|\n|poke|p1|Eternatus|\n|poke|p1|Grimmsnarl, M|\n|poke|p1|Zacian-*|\n|poke|p1|Volcarona, F|\n|poke|p2|Corviknight, F|\n|poke|p2|Koraidon|\n|poke|p2|Kyogre|\n|poke|p2|Toxapex, F|\n|poke|p2|Flutter Mane|\n|poke|p2|Cresselia, F|\n|teampreview\n|inactive|Battle timer is ON: inactive players will automatically lose when time's up. (requested by ButaYaroSama)\n|\n|t:|1698583025\n|start\n|switch|p1a: Grimmsnarl|Grimmsnarl, M|100\/100\n|switch|p2a: Corviknight|Corviknight, F|100\/100\n|turn|1\n|\n|t:|1698583056\n|move|p1a: Grimmsnarl|Taunt|p2a: Corviknight\n|-start|p2a: Corviknight|move: Taunt\n|cant|p2a: Corviknight|move: Taunt|Agility\n|\n|upkeep\n|turn|2\n|\n|t:|1698583063\n|move|p1a: Grimmsnarl|Reflect|p1a: Grimmsnarl\n|-sidestart|p1: ButaYaroSama|Reflect\n|move|p2a: Corviknight|Brave Bird|p1a: Grimmsnarl\n|-damage|p1a: Grimmsnarl|78\/100\n|-damage|p2a: Corviknight|92\/100|[from] Recoil\n|\n|-heal|p2a: Corviknight|98\/100|[from] item: Leftovers\n|upkeep\n|turn|3\n|\n|t:|1698583072\n|move|p1a: Grimmsnarl|Light Screen|p1a: Grimmsnarl\n|-sidestart|p1: ButaYaroSama|move: Light Screen\n|move|p2a: Corviknight|Brave Bird|p1a: Grimmsnarl\n|-damage|p1a: Grimmsnarl|57\/100\n|-damage|p2a: Corviknight|90\/100|[from] Recoil\n|\n|-heal|p2a: Corviknight|96\/100|[from] item: Leftovers\n|-end|p2a: Corviknight|move: Taunt\n|upkeep\n|turn|4\n|\n|t:|1698583082\n|move|p1a: Grimmsnarl|Taunt|p2a: Corviknight\n|-start|p2a: Corviknight|move: Taunt\n|cant|p2a: Corviknight|move: Taunt|Defog\n|\n|-heal|p2a: Corviknight|100\/100|[from] item: Leftovers\n|upkeep\n|turn|5\n|\n|t:|1698583089\n|move|p1a: Grimmsnarl|Parting Shot|p2a: Corviknight\n|-ability|p2a: Corviknight|Mirror Armor\n|-unboost|p1a: Grimmsnarl|atk|1\n|-ability|p2a: Corviknight|Mirror Armor\n|-unboost|p1a: Grimmsnarl|spa|1\n|\n|t:|1698583102\n|switch|p1a: Volcarona|Volcarona, F|100\/100|[from] Parting Shot\n|move|p2a: Corviknight|Brave Bird|p1a: Volcarona\n|-supereffective|p1a: Volcarona\n|-damage|p1a: Volcarona|49\/100\n|-status|p2a: Corviknight|brn|[from] ability: Flame Body|[of] p1a: Volcarona\n|-damage|p2a: Corviknight|83\/100 brn|[from] Recoil\n|\n|-heal|p2a: Corviknight|89\/100 brn|[from] item: Leftovers\n|-damage|p2a: Corviknight|83\/100 brn|[from] brn\n|upkeep\n|turn|6\n|\n|t:|1698583115\n|move|p1a: Volcarona|Quiver Dance|p1a: Volcarona\n|-boost|p1a: Volcarona|spa|1\n|-boost|p1a: Volcarona|spd|1\n|-boost|p1a: Volcarona|spe|1\n|move|p2a: Corviknight|Brave Bird|p1a: Volcarona\n|-supereffective|p1a: Volcarona\n|-damage|p1a: Volcarona|26\/100\n|-damage|p2a: Corviknight|75\/100 brn|[from] Recoil\n|\n|-heal|p2a: Corviknight|81\/100 brn|[from] item: Leftovers\n|-damage|p2a: Corviknight|75\/100 brn|[from] brn\n|-end|p2a: Corviknight|move: Taunt\n|upkeep\n|turn|7\n|\n|t:|1698583129\n|move|p1a: Volcarona|Quiver Dance|p1a: Volcarona\n|-boost|p1a: Volcarona|spa|1\n|-boost|p1a: Volcarona|spd|1\n|-boost|p1a: Volcarona|spe|1\n|move|p2a: Corviknight|Defog|p1a: Volcarona\n|-unboost|p1a: Volcarona|evasion|1\n|-sideend|p1: ButaYaroSama|Reflect\n|-sideend|p1: ButaYaroSama|move: Light Screen\n|\n|-heal|p2a: Corviknight|81\/100 brn|[from] item: Leftovers\n|-damage|p2a: Corviknight|75\/100 brn|[from] brn\n|upkeep\n|turn|8\n|\n|t:|1698583140\n|move|p1a: Volcarona|Flamethrower|p2a: Corviknight\n|-supereffective|p2a: Corviknight\n|-damage|p2a: Corviknight|0 fnt\n|faint|p2a: Corviknight\n|\n|upkeep\n|\n|t:|1698583146\n|switch|p2a: Kyogre|Kyogre|100\/100\n|-weather|RainDance|[from] ability: Drizzle|[of] p2a: Kyogre\n|turn|9\n|\n|t:|1698583152\n|move|p1a: Volcarona|Giga Drain|p2a: Kyogre\n|-supereffective|p2a: Kyogre\n|-damage|p2a: Kyogre|30\/100\n|-heal|p1a: Volcarona|61\/100|[from] drain|[of] p2a: Kyogre\n|move|p2a: Kyogre|Surf|p1a: Volcarona\n|-supereffective|p1a: Volcarona\n|-damage|p1a: Volcarona|0 fnt\n|faint|p1a: Volcarona\n|\n|-weather|RainDance|[upkeep]\n|-heal|p2a: Kyogre|36\/100|[from] item: Leftovers\n|upkeep\n|\n|t:|1698583179\n|switch|p1a: Grimmsnarl|Grimmsnarl, M|57\/100\n|turn|10\n|\n|t:|1698583184\n|move|p1a: Grimmsnarl|Light Screen|p1a: Grimmsnarl\n|-sidestart|p1: ButaYaroSama|move: Light Screen\n|move|p2a: Kyogre|Thunder|p1a: Grimmsnarl\n|-damage|p1a: Grimmsnarl|38\/100\n|-status|p1a: Grimmsnarl|par\n|\n|-weather|RainDance|[upkeep]\n|-heal|p2a: Kyogre|42\/100|[from] item: Leftovers\n|upkeep\n|turn|11\n|\n|t:|1698583199\n|move|p1a: Grimmsnarl|Reflect|p1a: Grimmsnarl\n|-sidestart|p1: ButaYaroSama|Reflect\n|move|p2a: Kyogre|Thunder|p1a: Grimmsnarl\n|-damage|p1a: Grimmsnarl|17\/100 par\n|\n|-weather|RainDance|[upkeep]\n|-heal|p2a: Kyogre|48\/100|[from] item: Leftovers\n|upkeep\n|turn|12\n|\n|t:|1698583215\n|move|p1a: Grimmsnarl|Parting Shot|p2a: Kyogre\n|-unboost|p2a: Kyogre|atk|1\n|-unboost|p2a: Kyogre|spa|1\n|\n|t:|1698583220\n|switch|p1a: Calyrex|Calyrex-Shadow|100\/100|[from] Parting Shot\n|-ability|p1a: Calyrex|As One\n|-ability|p1a: Calyrex|Unnerve\n|move|p2a: Kyogre|Thunder|p1a: Calyrex\n|-damage|p1a: Calyrex|89\/100\n|-status|p1a: Calyrex|par\n|\n|-weather|RainDance|[upkeep]\n|-heal|p2a: Kyogre|54\/100|[from] item: Leftovers\n|upkeep\n|turn|13\n|\n|t:|1698583237\n|move|p1a: Calyrex|Substitute|p1a: Calyrex\n|-start|p1a: Calyrex|Substitute\n|-damage|p1a: Calyrex|64\/100 par\n|move|p2a: Kyogre|Roar|p1a: Calyrex\n|drag|p1a: Grimmsnarl|Grimmsnarl, M|17\/100 par\n|\n|-weather|none\n|-heal|p2a: Kyogre|60\/100|[from] item: Leftovers\n|upkeep\n|turn|14\n|\n|t:|1698583248\n|cant|p1a: Grimmsnarl|par\n|move|p2a: Kyogre|Roar|p1a: Grimmsnarl\n|drag|p1a: Eternatus|Eternatus|100\/100\n|-ability|p1a: Eternatus|Pressure\n|\n|-heal|p2a: Kyogre|67\/100|[from] item: Leftovers\n|upkeep\n|turn|15\n|\n|t:|1698583261\n|move|p1a: Eternatus|Toxic|p2a: Kyogre\n|-status|p2a: Kyogre|tox\n|move|p2a: Kyogre|Roar|p1a: Eternatus\n|drag|p1a: Zacian|Zacian-Crowned|100\/100\n|-ability|p1a: Zacian|Intrepid Sword|boost\n|-boost|p1a: Zacian|atk|1\n|\n|-heal|p2a: Kyogre|73\/100 tox|[from] item: Leftovers\n|-damage|p2a: Kyogre|67\/100 tox|[from] psn\n|upkeep\n|turn|16\n|\n|t:|1698583280\n|move|p1a: Zacian|Agility|p1a: Zacian\n|-boost|p1a: Zacian|spe|2\n|move|p2a: Kyogre|Surf|p1a: Zacian\n|-damage|p1a: Zacian|83\/100\n|\n|-heal|p2a: Kyogre|73\/100 tox|[from] item: Leftovers\n|-damage|p2a: Kyogre|60\/100 tox|[from] psn\n|upkeep\n|turn|17\n|\n|t:|1698583291\n|move|p1a: Zacian|Swords Dance|p1a: Zacian\n|-boost|p1a: Zacian|atk|2\n|move|p2a: Kyogre|Roar|p1a: Zacian\n|drag|p1a: Calyrex|Calyrex-Shadow|64\/100 par\n|-ability|p1a: Calyrex|As One\n|-ability|p1a: Calyrex|Unnerve\n|\n|-heal|p2a: Kyogre|67\/100 tox|[from] item: Leftovers\n|-damage|p2a: Kyogre|48\/100 tox|[from] psn\n|-sideend|p1: ButaYaroSama|move: Light Screen\n|upkeep\n|turn|18\n|\n|t:|1698583304\n|move|p2a: Kyogre|Surf|p1a: Calyrex\n|-damage|p1a: Calyrex|31\/100 par\n|move|p1a: Calyrex|Substitute|p1a: Calyrex\n|-start|p1a: Calyrex|Substitute\n|-damage|p1a: Calyrex|6\/100 par\n|-enditem|p1a: Calyrex|Salac Berry|[eat]\n|-boost|p1a: Calyrex|spe|1|[from] item: Salac Berry\n|\n|-heal|p2a: Kyogre|54\/100 tox|[from] item: Leftovers\n|-damage|p2a: Kyogre|30\/100 tox|[from] psn\n|-sideend|p1: ButaYaroSama|Reflect\n|upkeep\n|turn|19\n|\n|t:|1698583315\n|move|p1a: Calyrex|Astral Barrage|p2a: Kyogre\n|-damage|p2a: Kyogre|0 fnt\n|faint|p2a: Kyogre\n|-ability|p1a: Calyrex|Grim Neigh|boost\n|-boost|p1a: Calyrex|spa|1\n|\n|upkeep\n|\n|t:|1698583327\n|switch|p2a: Flutter Mane|Flutter Mane|100\/100\n|turn|20\n|\n|t:|1698583332\n|move|p2a: Flutter Mane|Draining Kiss|p1a: Calyrex\n|-activate|p1a: Calyrex|move: Substitute|[damage]\n|move|p1a: Calyrex|Astral Barrage|p2a: Flutter Mane\n|-supereffective|p2a: Flutter Mane\n|-enditem|p2a: Flutter Mane|Focus Sash\n|-damage|p2a: Flutter Mane|1\/100\n|\n|upkeep\n|turn|21\n|\n|t:|1698583343\n|move|p2a: Flutter Mane|Hex|p1a: Calyrex\n|-supereffective|p1a: Calyrex\n|-end|p1a: Calyrex|Substitute\n|cant|p1a: Calyrex|par\n|\n|upkeep\n|turn|22\n|\n|t:|1698583353\n|switch|p1a: Eternatus|Eternatus|100\/100\n|-ability|p1a: Eternatus|Pressure\n|move|p2a: Flutter Mane|Draining Kiss|p1a: Eternatus\n|-damage|p1a: Eternatus|84\/100\n|-heal|p2a: Flutter Mane|24\/100|[from] drain|[of] p1a: Eternatus\n|\n|-heal|p1a: Eternatus|90\/100|[from] item: Leftovers\n|upkeep\n|turn|23\n|\n|t:|1698583365\n|move|p2a: Flutter Mane|Thunder Wave|p1a: Eternatus\n|-status|p1a: Eternatus|par\n|cant|p1a: Eternatus|par\n|\n|-heal|p1a: Eternatus|97\/100 par|[from] item: Leftovers\n|upkeep\n|turn|24\n|\n|t:|1698583373\n|move|p2a: Flutter Mane|Draining Kiss|p1a: Eternatus\n|-damage|p1a: Eternatus|80\/100 par\n|-heal|p2a: Flutter Mane|48\/100|[from] drain|[of] p1a: Eternatus\n|move|p1a: Eternatus|Toxic|p2a: Flutter Mane\n|-status|p2a: Flutter Mane|tox\n|\n|-heal|p1a: Eternatus|87\/100 par|[from] item: Leftovers\n|-damage|p2a: Flutter Mane|42\/100 tox|[from] psn\n|upkeep\n|turn|25\n|\n|t:|1698583383\n|move|p2a: Flutter Mane|Hex|p1a: Eternatus\n|-damage|p1a: Eternatus|42\/100 par\n|move|p1a: Eternatus|Cosmic Power|p1a: Eternatus\n|-boost|p1a: Eternatus|def|1\n|-boost|p1a: Eternatus|spd|1\n|\n|-heal|p1a: Eternatus|48\/100 par|[from] item: Leftovers\n|-damage|p2a: Flutter Mane|30\/100 tox|[from] psn\n|upkeep\n|turn|26\n|\n|t:|1698583394\n|move|p2a: Flutter Mane|Hex|p1a: Eternatus\n|-damage|p1a: Eternatus|15\/100 par\n|cant|p1a: Eternatus|par\n|\n|-heal|p1a: Eternatus|21\/100 par|[from] item: Leftovers\n|-damage|p2a: Flutter Mane|12\/100 tox|[from] psn\n|upkeep\n|turn|27\n|\n|t:|1698583408\n|switch|p1a: Toxapex|Toxapex, M|100\/100\n|move|p2a: Flutter Mane|Hex|p1a: Toxapex\n|-damage|p1a: Toxapex|80\/100\n|\n|-damage|p2a: Flutter Mane|0 fnt|[from] psn\n|faint|p2a: Flutter Mane\n|-end|p2a: Flutter Mane|Protosynthesis|[silent]\n|upkeep\n|\n|t:|1698583417\n|switch|p2a: Cresselia|Cresselia, F|100\/100\n|turn|28\n|\n|t:|1698583421\n|move|p2a: Cresselia|Calm Mind|p2a: Cresselia\n|-boost|p2a: Cresselia|spa|1\n|-boost|p2a: Cresselia|spd|1\n|move|p1a: Toxapex|Toxic|p2a: Cresselia\n|-status|p2a: Cresselia|tox\n|\n|-damage|p2a: Cresselia|94\/100 tox|[from] psn\n|upkeep\n|turn|29\n|\n|t:|1698583433\n|move|p2a: Cresselia|Calm Mind|p2a: Cresselia\n|-boost|p2a: Cresselia|spa|1\n|-boost|p2a: Cresselia|spd|1\n|move|p1a: Toxapex|Haze|p1a: Toxapex\n|-clearallboost\n|\n|-heal|p2a: Cresselia|100\/100 tox|[from] item: Leftovers\n|-damage|p2a: Cresselia|88\/100 tox|[from] psn\n|upkeep\n|turn|30\n|\n|t:|1698583443\n|move|p2a: Cresselia|Thunder Wave|p1a: Toxapex\n|-status|p1a: Toxapex|par\n|move|p1a: Toxapex|Recover|p1a: Toxapex\n|-heal|p1a: Toxapex|100\/100 par\n|\n|-heal|p2a: Cresselia|94\/100 tox|[from] item: Leftovers\n|-damage|p2a: Cresselia|76\/100 tox|[from] psn\n|upkeep\n|turn|31\n|\n|t:|1698583453\n|move|p2a: Cresselia|Stored Power|p1a: Toxapex\n|-supereffective|p1a: Toxapex\n|-crit|p1a: Toxapex\n|-damage|p1a: Toxapex|90\/100 par\n|cant|p1a: Toxapex|par\n|\n|-heal|p2a: Cresselia|82\/100 tox|[from] item: Leftovers\n|-damage|p2a: Cresselia|58\/100 tox|[from] psn\n|upkeep\n|turn|32\n|\n|t:|1698583466\n|switch|p2a: Koraidon|Koraidon|100\/100\n|-weather|SunnyDay|[from] ability: Orichalcum Pulse|[of] p2a: Koraidon\n|-activate|p2a: Koraidon|Orichalcum Pulse|[source]\n|move|p1a: Toxapex|Haze|p1a: Toxapex\n|-clearallboost\n|\n|-weather|SunnyDay|[upkeep]\n|upkeep\n|turn|33\n|\n|t:|1698583478\n|move|p2a: Koraidon|Dragon Claw|p1a: Toxapex\n|-damage|p1a: Toxapex|47\/100 par\n|move|p1a: Toxapex|Toxic|p2a: Koraidon\n|-status|p2a: Koraidon|tox\n|\n|-weather|SunnyDay|[upkeep]\n|-damage|p2a: Koraidon|94\/100 tox|[from] psn\n|upkeep\n|turn|34\n|\n|t:|1698583487\n|move|p1a: Toxapex|Baneful Bunker|p1a: Toxapex\n|-singleturn|p1a: Toxapex|move: Protect\n|move|p2a: Koraidon|Dragon Claw|p1a: Toxapex\n|-activate|p1a: Toxapex|move: Protect\n|\n|-weather|SunnyDay|[upkeep]\n|-damage|p2a: Koraidon|82\/100 tox|[from] psn\n|upkeep\n|turn|35\n|\n|t:|1698583500\n|move|p2a: Koraidon|Swords Dance|p2a: Koraidon\n|-boost|p2a: Koraidon|atk|2\n|cant|p1a: Toxapex|par\n|\n|-weather|SunnyDay|[upkeep]\n|-damage|p2a: Koraidon|64\/100 tox|[from] psn\n|upkeep\n|turn|36\n|\n|t:|1698583508\n|cant|p1a: Toxapex|par\n|move|p2a: Koraidon|Dragon Claw|p1a: Toxapex\n|-damage|p1a: Toxapex|0 fnt\n|faint|p1a: Toxapex\n|\n|-weather|none\n|-damage|p2a: Koraidon|39\/100 tox|[from] psn\n|upkeep\n|\n|t:|1698583519\n|switch|p1a: Zacian|Zacian-Crowned|83\/100\n|turn|37\n|\n|t:|1698583527\n|move|p1a: Zacian|Behemoth Blade|p2a: Koraidon\n|-damage|p2a: Koraidon|0 fnt\n|faint|p2a: Koraidon\n|\n|upkeep\n|\n|t:|1698583535\n|switch|p2a: Cresselia|Cresselia, F|58\/100 tox\n|turn|38\n|\n|t:|1698583538\n|move|p1a: Zacian|Crunch|p2a: Cresselia\n|-supereffective|p2a: Cresselia\n|-damage|p2a: Cresselia|23\/100 tox\n|move|p2a: Cresselia|Thunder Wave|p1a: Zacian\n|-status|p1a: Zacian|par\n|\n|-heal|p2a: Cresselia|29\/100 tox|[from] item: Leftovers\n|-damage|p2a: Cresselia|23\/100 tox|[from] psn\n|upkeep\n|turn|39\n|\n|t:|1698583557\n|move|p1a: Zacian|Crunch|p2a: Cresselia\n|-supereffective|p2a: Cresselia\n|-damage|p2a: Cresselia|0 fnt\n|faint|p2a: Cresselia\n|\n|upkeep\n|\n|t:|1698583565\n|switch|p2a: Toxapex|Toxapex, F|100\/100\n|turn|40\n|\n|t:|1698583569\n|cant|p1a: Zacian|par\n|move|p2a: Toxapex|Liquidation|p1a: Zacian\n|-damage|p1a: Zacian|65\/100 par\n|-unboost|p1a: Zacian|def|1\n|\n|upkeep\n|turn|41\n|\n|t:|1698583578\n|switch|p1a: Calyrex|Calyrex-Shadow|6\/100 par\n|-ability|p1a: Calyrex|As One\n|-ability|p1a: Calyrex|Unnerve\n|move|p2a: Toxapex|Liquidation|p1a: Calyrex\n|-damage|p1a: Calyrex|0 fnt\n|faint|p1a: Calyrex\n|\n|upkeep\n|c|\u2606ButaYaroSama|4 par\n|\n|t:|1698583593\n|switch|p1a: Grimmsnarl|Grimmsnarl, M|17\/100 par\n|turn|42\n|\n|t:|1698583601\n|cant|p1a: Grimmsnarl|par\n|move|p2a: Toxapex|Liquidation|p1a: Grimmsnarl\n|-damage|p1a: Grimmsnarl|0 fnt\n|faint|p1a: Grimmsnarl\n|\n|upkeep\n|\n|t:|1698583609\n|switch|p1a: Eternatus|Eternatus|21\/100 par\n|-ability|p1a: Eternatus|Pressure\n|turn|43\n|\n|t:|1698583617\n|move|p1a: Eternatus|Recover|p1a: Eternatus\n|-heal|p1a: Eternatus|71\/100 par\n|move|p2a: Toxapex|Liquidation|p1a: Eternatus\n|-resisted|p1a: Eternatus\n|-damage|p1a: Eternatus|66\/100 par\n|\n|-heal|p1a: Eternatus|72\/100 par|[from] item: Leftovers\n|upkeep\n|turn|44\n|\n|t:|1698583627\n|cant|p1a: Eternatus|par\n|move|p2a: Toxapex|Liquidation|p1a: Eternatus\n|-resisted|p1a: Eternatus\n|-damage|p1a: Eternatus|66\/100 par\n|\n|-heal|p1a: Eternatus|72\/100 par|[from] item: Leftovers\n|upkeep\n|turn|45\n|\n|t:|1698583636\n|move|p1a: Eternatus|Cosmic Power|p1a: Eternatus\n|-boost|p1a: Eternatus|def|1\n|-boost|p1a: Eternatus|spd|1\n|move|p2a: Toxapex|Liquidation|p1a: Eternatus\n|-resisted|p1a: Eternatus\n|-damage|p1a: Eternatus|68\/100 par\n|\n|-heal|p1a: Eternatus|75\/100 par|[from] item: Leftovers\n|upkeep\n|turn|46\n|\n|t:|1698583645\n|cant|p1a: Eternatus|par\n|move|p2a: Toxapex|Liquidation|p1a: Eternatus\n|-resisted|p1a: Eternatus\n|-damage|p1a: Eternatus|71\/100 par\n|\n|-heal|p1a: Eternatus|77\/100 par|[from] item: Leftovers\n|upkeep\n|turn|47\n|\n|t:|1698583654\n|move|p1a: Eternatus|Cosmic Power|p1a: Eternatus\n|-boost|p1a: Eternatus|def|1\n|-boost|p1a: Eternatus|spd|1\n|move|p2a: Toxapex|Liquidation|p1a: Eternatus\n|-resisted|p1a: Eternatus\n|-damage|p1a: Eternatus|74\/100 par\n|\n|-heal|p1a: Eternatus|80\/100 par|[from] item: Leftovers\n|upkeep\n|turn|48\n|\n|t:|1698583675\n|cant|p1a: Eternatus|par\n|move|p2a: Toxapex|Liquidation|p1a: Eternatus\n|-resisted|p1a: Eternatus\n|-damage|p1a: Eternatus|77\/100 par\n|\n|-heal|p1a: Eternatus|83\/100 par|[from] item: Leftovers\n|upkeep\n|turn|49\n|c|\u2606ButaYaroSama|gg?\n|\n|t:|1698583689\n|move|p1a: Eternatus|Cosmic Power|p1a: Eternatus\n|-boost|p1a: Eternatus|def|1\n|-boost|p1a: Eternatus|spd|1\n|move|p2a: Toxapex|Liquidation|p1a: Eternatus\n|-resisted|p1a: Eternatus\n|-damage|p1a: Eternatus|81\/100 par\n|-unboost|p1a: Eternatus|def|1\n|\n|-heal|p1a: Eternatus|87\/100 par|[from] item: Leftovers\n|upkeep\n|turn|50\n|\n|t:|1698583702\n|cant|p1a: Eternatus|par\n|move|p2a: Toxapex|Recover||[still]\n|-fail|p2a: Toxapex|heal\n|\n|-heal|p1a: Eternatus|93\/100 par|[from] item: Leftovers\n|upkeep\n|turn|51\n|\n|t:|1698583709\n|move|p1a: Eternatus|Cosmic Power|p1a: Eternatus\n|-boost|p1a: Eternatus|def|1\n|-boost|p1a: Eternatus|spd|1\n|move|p2a: Toxapex|Recover||[still]\n|-fail|p2a: Toxapex|heal\n|\n|-heal|p1a: Eternatus|99\/100 par|[from] item: Leftovers\n|upkeep\n|turn|52\n|c|\u2606ButaYaroSama|toxic and baneful?\n|\n|t:|1698583717\n|move|p1a: Eternatus|Cosmic Power|p1a: Eternatus\n|-boost|p1a: Eternatus|def|1\n|-boost|p1a: Eternatus|spd|1\n|move|p2a: Toxapex|Recover||[still]\n|-fail|p2a: Toxapex|heal\n|\n|-heal|p1a: Eternatus|100\/100 par|[from] item: Leftovers\n|upkeep\n|turn|53\n|\n|t:|1698583731\n|move|p1a: Eternatus|Cosmic Power|p1a: Eternatus\n|-boost|p1a: Eternatus|def|1\n|-boost|p1a: Eternatus|spd|1\n|move|p2a: Toxapex|Recover||[still]\n|-fail|p2a: Toxapex|heal\n|\n|upkeep\n|turn|54\n|\n|t:|1698583739\n|switch|p1a: Zacian|Zacian-Crowned|65\/100 par\n|move|p2a: Toxapex|Recover||[still]\n|-fail|p2a: Toxapex|heal\n|\n|upkeep\n|turn|55\n|\n|t:|1698583745\n|switch|p1a: Eternatus|Eternatus|100\/100 par\n|-ability|p1a: Eternatus|Pressure\n|move|p2a: Toxapex|Recover||[still]\n|-fail|p2a: Toxapex|heal\n|\n|upkeep\n|turn|56\n|c|\u2606ButaYaroSama|xd\n|\n|t:|1698583752\n|switch|p1a: Zacian|Zacian-Crowned|65\/100 par\n|move|p2a: Toxapex|Recover||[still]\n|-fail|p2a: Toxapex|heal\n|\n|upkeep\n|turn|57\n|c|\u2606ButaYaroSama|gg bro\n|c|\u2606ButaYaroSama|i can switch\n|inactive|Voila Ouija has 120 seconds left.\n|c|\u2606ButaYaroSama|really?\n|inactive|Voila Ouija has 90 seconds left.\n|c|\u2606ButaYaroSama|Are you just going to make me wait? Give up and lose competitively\n|inactive|Voila Ouija has 60 seconds left.\n|inactive|Voila Ouija has 30 seconds left.\n|inactive|Voila Ouija has 20 seconds left.\n|inactive|Voila Ouija has 15 seconds left.\n|inactive|Voila Ouija has 10 seconds left.\n|\n|t:|1698583896\n|switch|p1a: Eternatus|Eternatus|100\/100 par\n|-ability|p1a: Eternatus|Pressure\n|move|p2a: Toxapex|Recover||[still]\n|-fail|p2a: Toxapex|heal\n|\n|upkeep\n|turn|58\n|inactive|Voila Ouija has 20 seconds left this turn.\n|inactive|Voila Ouija has 15 seconds left.\n|\n|t:|1698583914\n|switch|p1a: Zacian|Zacian-Crowned|65\/100 par\n|move|p2a: Toxapex|Baneful Bunker||[still]\n|-fail|p2a: Toxapex\n|\n|upkeep\n|turn|59\n|inactive|Voila Ouija has 25 seconds left this turn.\n|inactive|Voila Ouija has 20 seconds left.\n|inactive|Voila Ouija has 15 seconds left.\n|\n|t:|1698583927\n|switch|p1a: Eternatus|Eternatus|100\/100 par\n|-ability|p1a: Eternatus|Pressure\n|move|p2a: Toxapex|Baneful Bunker||[still]\n|-fail|p2a: Toxapex\n|\n|upkeep\n|turn|60\n|inactive|Voila Ouija has 25 seconds left this turn.\n|inactive|Voila Ouija has 20 seconds left.\n|inactive|Voila Ouija has 15 seconds left.\n|inactive|Voila Ouija has 10 seconds left.\n|\n|t:|1698583944\n|move|p2a: Toxapex|Baneful Bunker|p2a: Toxapex\n|-singleturn|p2a: Toxapex|move: Protect\n|move|p1a: Eternatus|Flamethrower|p2a: Toxapex\n|-activate|p2a: Toxapex|move: Protect\n|\n|upkeep\n|turn|61\n|inactive|Voila Ouija has 20 seconds left this turn.\n|inactive|Voila Ouija has 15 seconds left.\n|inactive|Voila Ouija has 10 seconds left.\n|inactive|Voila Ouija has 5 seconds left.\n|\n|t:|1698583963\n|switch|p1a: Zacian|Zacian-Crowned|65\/100 par\n|move|p2a: Toxapex|Toxic||[still]\n|-fail|p2a: Toxapex\n|\n|upkeep\n|turn|62\n|inactive|Voila Ouija has 15 seconds left this turn.\n|inactive|Voila Ouija has 10 seconds left.\n|\n|t:|1698583969\n|move|p2a: Toxapex|Baneful Bunker|p2a: Toxapex\n|-singleturn|p2a: Toxapex|move: Protect\n|move|p1a: Zacian|Swords Dance|p1a: Zacian\n|-boost|p1a: Zacian|atk|2\n|\n|upkeep\n|turn|63\n|inactive|Voila Ouija has 20 seconds left this turn.\n|inactive|Voila Ouija has 15 seconds left.\n|inactive|Voila Ouija has 10 seconds left.\n|inactive|Voila Ouija has 5 seconds left.\n|\n|t:|1698583985\n|move|p1a: Zacian|Swords Dance|p1a: Zacian\n|-boost|p1a: Zacian|atk|2\n|move|p2a: Toxapex|Toxic||[still]\n|-fail|p2a: Toxapex\n|\n|upkeep\n|turn|64\n|inactive|Voila Ouija has 15 seconds left this turn.\n|inactive|Voila Ouija has 10 seconds left.\n|\n|t:|1698583993\n|move|p1a: Zacian|Swords Dance|p1a: Zacian\n|-boost|p1a: Zacian|atk|2\n|move|p2a: Toxapex|Toxic||[still]\n|-fail|p2a: Toxapex\n|\n|upkeep\n|turn|65\n|inactive|Voila Ouija has 20 seconds left this turn.\n|inactive|Voila Ouija has 15 seconds left.\n|\n|t:|1698584003\n|move|p1a: Zacian|Crunch|p2a: Toxapex\n|-damage|p2a: Toxapex|0 fnt\n|faint|p2a: Toxapex\n|\n|win|ButaYaroSama\n|inactive|Voila Ouija has 20 seconds left this turn.\n|raw|ButaYaroSama's rating: 1408 &rarr; <strong>1426<\/strong><br \/>(+18 for winning)\n|raw|Voila Ouija's rating: 1381 &rarr; <strong>1363<\/strong><br \/>(-18 for losing)\n|c|\u2606ButaYaroSama|gg\n|c|\u2606ButaYaroSama|fun final\n","uploadtime":1698584023,"views":17,"p1id":"butayarosama","p2id":"voilaouija","formatid":"gen9anythinggoes","rating":1363,"private":0,"password":""}