{"id":"gen9anythinggoes-1978435919","p1":"Bidoofisyes","p2":"i'm drunk xd","format":"[Gen 9] Anything Goes","log":"|j|\u2606Bidoofisyes\n|j|\u2606i'm drunk xd\n|t:|1698538671\n|gametype|singles\n|player|p1|Bidoofisyes|riley|1312\n|player|p2|i'm drunk xd|cynthia|1327\n|teamsize|p1|6\n|teamsize|p2|6\n|gen|9\n|tier|[Gen 9] Anything Goes\n|rated|\n|rule|HP Percentage Mod: HP is shown in percentages\n|rule|Endless Battle Clause: Forcing endless battles is banned\n|clearpoke\n|poke|p1|Armarouge, M|\n|poke|p1|Annihilape, M|\n|poke|p1|Palafin, F|\n|poke|p1|Miraidon|\n|poke|p1|Fezandipiti, M|\n|poke|p1|Kingambit, F|\n|poke|p2|Ogerpon, F|\n|poke|p2|Tinkaton, F|\n|poke|p2|Iron Valiant|\n|poke|p2|Gholdengo|\n|poke|p2|Grimmsnarl, M|\n|poke|p2|Miraidon|\n|teampreview\n|c|\u2606i'm drunk xd|OHI\n|c|\u2606Bidoofisyes|WSP\n|c|\u2606i'm drunk xd|nice to see you again lmao\n|\n|t:|1698538693\n|start\n|switch|p1a: W glow up|Palafin, F, shiny|100\/100\n|switch|p2a: e621|Miraidon|100\/100\n|-fieldstart|move: Electric Terrain|[from] ability: Hadron Engine|[of] p2a: e621\n|turn|1\n|c|\u2606Bidoofisyes|Same to you lmao\n|\n|t:|1698538714\n|move|p2a: e621|Volt Switch|p1a: W glow up\n|-supereffective|p1a: W glow up\n|-damage|p1a: W glow up|0 fnt\n|faint|p1a: W glow up\n|\n|t:|1698538719\n|switch|p2a: Murder Drone|Iron Valiant, shiny|100\/100|[from] Volt Switch\n|-activate|p2a: Murder Drone|ability: Quark Drive\n|-start|p2a: Murder Drone|quarkdrivespe\n|\n|upkeep\n|\n|t:|1698538729\n|switch|p1a: Cuban link|Fezandipiti, M|100\/100\n|turn|2\n|\n|t:|1698538736\n|move|p2a: Murder Drone|Close Combat|p1a: Cuban link\n|-resisted|p1a: Cuban link\n|-damage|p1a: Cuban link|83\/100\n|-unboost|p2a: Murder Drone|def|1\n|-unboost|p2a: Murder Drone|spd|1\n|move|p1a: Cuban link|Play Rough|p2a: Murder Drone\n|-supereffective|p2a: Murder Drone\n|-enditem|p2a: Murder Drone|Focus Sash\n|-damage|p2a: Murder Drone|1\/100\n|\n|upkeep\n|turn|3\n|\n|t:|1698538746\n|move|p2a: Murder Drone|Destiny Bond|p2a: Murder Drone\n|-singlemove|p2a: Murder Drone|Destiny Bond\n|move|p1a: Cuban link|Play Rough|p2a: Murder Drone\n|-supereffective|p2a: Murder Drone\n|-damage|p2a: Murder Drone|0 fnt\n|faint|p2a: Murder Drone\n|-activate|p2a: Murder Drone|move: Destiny Bond\n|-end|p2a: Murder Drone|Quark Drive|[silent]\n|faint|p1a: Cuban link\n|\n|upkeep\n|\n|t:|1698538758\n|switch|p2a: Drinkaton|Tinkaton, F|100\/100\n|switch|p1a: Mega man|Armarouge, M, shiny|100\/100\n|turn|4\n|\n|t:|1698538763\n|move|p2a: Drinkaton|Stealth Rock|p1a: Mega man\n|-sidestart|p1: Bidoofisyes|move: Stealth Rock\n|move|p1a: Mega man|Armor Cannon|p2a: Drinkaton\n|-supereffective|p2a: Drinkaton\n|-enditem|p2a: Drinkaton|Focus Sash\n|-damage|p2a: Drinkaton|1\/100\n|-unboost|p1a: Mega man|def|1\n|-unboost|p1a: Mega man|spd|1\n|-damage|p1a: Mega man|91\/100|[from] item: Life Orb\n|\n|upkeep\n|turn|5\n|\n|t:|1698538781\n|move|p2a: Drinkaton|Knock Off|p1a: Mega man\n|-supereffective|p1a: Mega man\n|-damage|p1a: Mega man|19\/100\n|-ability|p1a: Mega man|Weak Armor|boost\n|-unboost|p1a: Mega man|def|1\n|-boost|p1a: Mega man|spe|2\n|-enditem|p1a: Mega man|Life Orb|[from] move: Knock Off|[of] p2a: Drinkaton\n|move|p1a: Mega man|Psychic|p2a: Drinkaton\n|-resisted|p2a: Drinkaton\n|-damage|p2a: Drinkaton|0 fnt\n|faint|p2a: Drinkaton\n|\n|-fieldend|move: Electric Terrain\n|upkeep\n|\n|t:|1698538793\n|switch|p2a: Kain|Grimmsnarl, M, shiny|100\/100\n|turn|6\n|\n|t:|1698538801\n|move|p2a: Kain|Light Screen|p2a: Kain\n|-sidestart|p2: i'm drunk xd|move: Light Screen\n|move|p1a: Mega man|Armor Cannon|p2a: Kain\n|-damage|p2a: Kain|69\/100\n|-unboost|p1a: Mega man|def|1\n|-unboost|p1a: Mega man|spd|1\n|\n|upkeep\n|turn|7\n|\n|t:|1698538821\n|move|p2a: Kain|Reflect|p2a: Kain\n|-sidestart|p2: i'm drunk xd|Reflect\n|move|p1a: Mega man|Armor Cannon|p2a: Kain\n|-damage|p2a: Kain|38\/100\n|-unboost|p1a: Mega man|def|1\n|-unboost|p1a: Mega man|spd|1\n|\n|upkeep\n|turn|8\n|\n|t:|1698538828\n|move|p2a: Kain|Parting Shot|p1a: Mega man\n|-unboost|p1a: Mega man|atk|1\n|-unboost|p1a: Mega man|spa|1\n|\n|t:|1698538832\n|switch|p2a: Cannapon|Ogerpon, F|100\/100|[from] Parting Shot\n|move|p1a: Mega man|Armor Cannon|p2a: Cannapon\n|-supereffective|p2a: Cannapon\n|-damage|p2a: Cannapon|56\/100\n|-unboost|p1a: Mega man|def|1\n|-unboost|p1a: Mega man|spd|1\n|-enditem|p2a: Cannapon|Weakness Policy\n|-boost|p2a: Cannapon|atk|2|[from] item: Weakness Policy\n|-boost|p2a: Cannapon|spa|2|[from] item: Weakness Policy\n|\n|upkeep\n|turn|9\n|\n|t:|1698538843\n|-terastallize|p2a: Cannapon|Grass\n|detailschange|p2a: Cannapon|Ogerpon-Teal-Tera, F, tera:Grass\n|-ability|p2a: Cannapon|Embody Aspect (Teal)|boost\n|-boost|p2a: Cannapon|spe|1\n|move|p1a: Mega man|Armor Cannon|p2a: Cannapon\n|-supereffective|p2a: Cannapon\n|-damage|p2a: Cannapon|8\/100\n|-unboost|p1a: Mega man|def|1\n|-unboost|p1a: Mega man|spd|1\n|move|p2a: Cannapon|Ivy Cudgel|p1a: Mega man\n|-resisted|p1a: Mega man\n|-damage|p1a: Mega man|0 fnt\n|faint|p1a: Mega man\n|\n|upkeep\n|\n|t:|1698538870\n|switch|p1a: Electro drift|Miraidon|100\/100\n|-damage|p1a: Electro drift|88\/100|[from] Stealth Rock\n|-fieldstart|move: Electric Terrain|[from] ability: Hadron Engine|[of] p1a: Electro drift\n|turn|10\n|\n|t:|1698538881\n|move|p2a: Cannapon|Play Rough|p1a: Electro drift\n|-supereffective|p1a: Electro drift\n|-damage|p1a: Electro drift|0 fnt\n|faint|p1a: Electro drift\n|\n|upkeep\n|\n|t:|1698538906\n|switch|p1a: He a lil mad|Annihilape, M|100\/100\n|-damage|p1a: He a lil mad|94\/100|[from] Stealth Rock\n|turn|11\n|\n|t:|1698538910\n|move|p2a: Cannapon|Play Rough|p1a: He a lil mad\n|-supereffective|p1a: He a lil mad\n|-damage|p1a: He a lil mad|0 fnt\n|faint|p1a: He a lil mad\n|\n|upkeep\n|\n|t:|1698538958\n|switch|p1a: Pls clutch|Kingambit, F, shiny|100\/100\n|-damage|p1a: Pls clutch|94\/100|[from] Stealth Rock\n|-activate|p1a: Pls clutch|ability: Supreme Overlord\n|-start|p1a: Pls clutch|fallen5|[silent]\n|turn|12\n|\n|t:|1698538968\n|move|p1a: Pls clutch|Sucker Punch||[still]\n|-fail|p1a: Pls clutch\n|move|p2a: Cannapon|Swords Dance|p2a: Cannapon\n|-boost|p2a: Cannapon|atk|2\n|\n|upkeep\n|turn|13\n|\n|t:|1698538975\n|move|p2a: Cannapon|Ivy Cudgel|p1a: Pls clutch\n|-resisted|p1a: Pls clutch\n|-damage|p1a: Pls clutch|28\/100\n|move|p1a: Pls clutch|Kowtow Cleave|p2a: Cannapon\n|-damage|p2a: Cannapon|0 fnt\n|faint|p2a: Cannapon\n|\n|-sideend|p2: i'm drunk xd|move: Light Screen\n|upkeep\n|\n|t:|1698538983\n|switch|p2a: e621|Miraidon|100\/100\n|-activate|p2a: e621|ability: Hadron Engine\n|turn|14\n|\n|t:|1698538989\n|-terastallize|p1a: Pls clutch|Dark\n|move|p1a: Pls clutch|Sucker Punch|p2a: e621\n|-damage|p2a: e621|56\/100\n|move|p2a: e621|Electro Drift|p1a: Pls clutch\n|-damage|p1a: Pls clutch|0 fnt\n|faint|p1a: Pls clutch\n|-end|p1a: Pls clutch|fallen5|[silent]\n|\n|win|i'm drunk xd\n|raw|Bidoofisyes's rating: 1312 &rarr; <strong>1293<\/strong><br \/>(-19 for losing)\n|raw|i&apos;m drunk xd's rating: 1327 &rarr; <strong>1346<\/strong><br \/>(+19 for winning)\n|c|\u2606i'm drunk xd|PHEW\n|c|\u2606Bidoofisyes|GGS\n|c|\u2606i'm drunk xd|Good game again ;)\n|c|\u2606Bidoofisyes|INDEED\n|l|\u2606Bidoofisyes\n|c|\u2606i'm drunk xd|based\n","uploadtime":1698539021,"views":8,"p1id":"bidoofisyes","p2id":"imdrunkxd","formatid":"gen9anythinggoes","rating":1293,"private":0,"password":""}