{"id":"gen9anythinggoes-1988560909","p1":"Bird.gov","p2":"vincenrepeat","format":"[Gen 9] Anything Goes","log":"|j|\u2606Bird.gov\n|j|\u2606vincenrepeat\n|t:|1699736241\n|gametype|singles\n|player|p1|Bird.gov|lady|\n|player|p2|vincenrepeat|janitor|\n|teamsize|p1|6\n|teamsize|p2|6\n|gen|9\n|tier|[Gen 9] Anything Goes\n|rule|HP Percentage Mod: HP is shown in percentages\n|rule|Endless Battle Clause: Forcing endless battles is banned\n|clearpoke\n|poke|p1|Salazzle, F|\n|poke|p1|Pawmot, F|\n|poke|p1|Scizor, F|\n|poke|p1|Luxray, M|\n|poke|p1|Sylveon, F|\n|poke|p1|Ursaring, M|\n|poke|p2|Haunter, M|\n|poke|p2|Squawkabilly-White, M|\n|poke|p2|Gabite, F|\n|poke|p2|Weavile, F|\n|poke|p2|Rotom-Heat|\n|poke|p2|Tauros-Paldea-Aqua, M|\n|teampreview\n|\n|t:|1699736451\n|start\n|switch|p1a: Sweatty Gamer|Luxray, M|100\/100\n|switch|p2a: Rotom|Rotom-Heat|100\/100\n|-ability|p1a: Sweatty Gamer|Intimidate|boost\n|-unboost|p2a: Rotom|atk|1\n|turn|1\n|\n|t:|1699736476\n|switch|p1a: Gay Man|Ursaring, M|100\/100\n|move|p2a: Rotom|Trick|p1a: Gay Man\n|-activate|p2a: Rotom|move: Trick|[of] p1a: Gay Man\n|-item|p1a: Gay Man|Choice Scarf|[from] move: Trick\n|-item|p2a: Rotom|Eviolite|[from] move: Trick\n|\n|upkeep\n|turn|2\n|j| Sparkiestjolteon\n|\n|t:|1699736504\n|move|p1a: Gay Man|Crunch|p2a: Rotom\n|-damage|p2a: Rotom|72\/100\n|move|p2a: Rotom|Will-O-Wisp|p1a: Gay Man|[miss]\n|-miss|p2a: Rotom|p1a: Gay Man\n|\n|upkeep\n|turn|3\n|\n|t:|1699736511\n|switch|p2a: Tauros|Tauros-Paldea-Aqua, M|100\/100\n|-ability|p2a: Tauros|Intimidate|boost\n|-unboost|p1a: Gay Man|atk|1\n|move|p1a: Gay Man|Crunch|p2a: Tauros\n|-resisted|p2a: Tauros\n|-damage|p2a: Tauros|90\/100\n|-unboost|p2a: Tauros|def|1\n|\n|upkeep\n|turn|4\n|\n|t:|1699736522\n|switch|p1a: Sweatty Gamer|Luxray, M|100\/100\n|-ability|p1a: Sweatty Gamer|Intimidate|boost\n|-unboost|p2a: Tauros|atk|1\n|move|p2a: Tauros|Trailblaze|p1a: Sweatty Gamer\n|-damage|p1a: Sweatty Gamer|92\/100\n|-boost|p2a: Tauros|spe|1\n|\n|-heal|p1a: Sweatty Gamer|98\/100|[from] item: Leftovers\n|upkeep\n|turn|5\n|\n|t:|1699736540\n|move|p1a: Sweatty Gamer|Baby-Doll Eyes|p2a: Tauros\n|-unboost|p2a: Tauros|atk|1\n|move|p2a: Tauros|Bulk Up|p2a: Tauros\n|-boost|p2a: Tauros|atk|1\n|-boost|p2a: Tauros|def|1\n|\n|-heal|p1a: Sweatty Gamer|100\/100|[from] item: Leftovers\n|upkeep\n|turn|6\n|\n|t:|1699736557\n|move|p2a: Tauros|Bulk Up|p2a: Tauros\n|-boost|p2a: Tauros|atk|1\n|-boost|p2a: Tauros|def|1\n|move|p1a: Sweatty Gamer|Thunder|p2a: Tauros\n|-supereffective|p2a: Tauros\n|-enditem|p2a: Tauros|Wacan Berry|[eat]\n|-enditem|p2a: Tauros|Wacan Berry|[weaken]\n|-damage|p2a: Tauros|34\/100\n|\n|upkeep\n|turn|7\n|\n|t:|1699736625\n|move|p1a: Sweatty Gamer|Baby-Doll Eyes|p2a: Tauros\n|-unboost|p2a: Tauros|atk|1\n|move|p2a: Tauros|Bulk Up|p2a: Tauros\n|-boost|p2a: Tauros|atk|1\n|-boost|p2a: Tauros|def|1\n|\n|upkeep\n|turn|8\n|j| UltimoTheNerd\n|l| Sparkiestjolteon\n|\n|t:|1699736646\n|switch|p2a: Rotom|Rotom-Heat|72\/100\n|move|p1a: Sweatty Gamer|Volt Switch|p2a: Rotom\n|-resisted|p2a: Rotom\n|-damage|p2a: Rotom|62\/100\n|\n|t:|1699736664\n|switch|p1a: Toxic Gamer|Salazzle, F|100\/100|[from] Volt Switch\n|\n|upkeep\n|turn|9\n|\n|t:|1699736681\n|move|p1a: Toxic Gamer|Sludge Bomb|p2a: Rotom\n|-crit|p2a: Rotom\n|-damage|p2a: Rotom|0 fnt\n|faint|p2a: Rotom\n|-damage|p1a: Toxic Gamer|91\/100|[from] item: Life Orb\n|\n|upkeep\n|\n|t:|1699736686\n|switch|p2a: Haunter|Haunter, M, shiny|100\/100\n|turn|10\n|c|\u2606Bird.gov|thats an awesome shiny\n|j| Sparkiestjolteon\n|\n|t:|1699736739\n|switch|p1a: Gamer Girl|Scizor, F|100\/100\n|move|p2a: Haunter|Psychic|p1a: Gamer Girl\n|-resisted|p1a: Gamer Girl\n|-damage|p1a: Gamer Girl|83\/100\n|\n|-heal|p1a: Gamer Girl|89\/100|[from] item: Leftovers\n|upkeep\n|turn|11\n|\n|t:|1699736748\n|switch|p2a: Gabite|Gabite, F, shiny|100\/100\n|move|p1a: Gamer Girl|Swords Dance|p1a: Gamer Girl\n|-boost|p1a: Gamer Girl|atk|2\n|\n|-heal|p1a: Gamer Girl|96\/100|[from] item: Leftovers\n|upkeep\n|turn|12\n|\n|t:|1699736776\n|switch|p1a: Gay Man|Ursaring, M|100\/100\n|move|p2a: Gabite|Earthquake|p1a: Gay Man\n|-damage|p1a: Gay Man|66\/100\n|\n|upkeep\n|turn|13\n|\n|t:|1699736809\n|switch|p2a: Haunter|Haunter, M, shiny|100\/100\n|move|p1a: Gay Man|Ice Punch|p2a: Haunter\n|-damage|p2a: Haunter|26\/100\n|\n|upkeep\n|turn|14\n|\n|t:|1699736822\n|switch|p2a: Tauros|Tauros-Paldea-Aqua, M|34\/100\n|-ability|p2a: Tauros|Intimidate|boost\n|-unboost|p1a: Gay Man|atk|1\n|switch|p1a: Gamer Girl|Scizor, F|96\/100\n|\n|-heal|p1a: Gamer Girl|100\/100|[from] item: Leftovers\n|upkeep\n|turn|15\n|\n|t:|1699736841\n|move|p2a: Tauros|Bulk Up|p2a: Tauros\n|-boost|p2a: Tauros|atk|1\n|-boost|p2a: Tauros|def|1\n|move|p1a: Gamer Girl|Close Combat|p2a: Tauros\n|-damage|p2a: Tauros|0 fnt\n|-unboost|p1a: Gamer Girl|def|1\n|-unboost|p1a: Gamer Girl|spd|1\n|faint|p2a: Tauros\n|\n|upkeep\n|\n|t:|1699736872\n|switch|p2a: Gabite|Gabite, F, shiny|100\/100\n|turn|16\n|\n|t:|1699736884\n|switch|p1a: Gay Man|Ursaring, M|66\/100\n|move|p2a: Gabite|Swords Dance|p2a: Gabite\n|-boost|p2a: Gabite|atk|2\n|\n|upkeep\n|turn|17\n|\n|t:|1699736906\n|move|p1a: Gay Man|Ice Punch|p2a: Gabite\n|-supereffective|p2a: Gabite\n|-crit|p2a: Gabite\n|-damage|p2a: Gabite|0 fnt\n|-damage|p1a: Gay Man|53\/100|[from] ability: Rough Skin|[of] p2a: Gabite\n|faint|p2a: Gabite\n|\n|upkeep\n|\n|t:|1699736908\n|switch|p2a: Weavile|Weavile, F|100\/100\n|-ability|p2a: Weavile|Pressure\n|turn|18\n|\n|t:|1699736927\n|switch|p1a: Gamer Girl|Scizor, F|100\/100\n|move|p2a: Weavile|Icicle Crash|p1a: Gamer Girl\n|-resisted|p1a: Gamer Girl\n|-damage|p1a: Gamer Girl|71\/100\n|\n|-heal|p1a: Gamer Girl|78\/100|[from] item: Leftovers\n|upkeep\n|turn|19\n|\n|t:|1699736953\n|-terastallize|p2a: Weavile|Poison\n|move|p2a: Weavile|Icicle Crash|p1a: Gamer Girl\n|-resisted|p1a: Gamer Girl\n|-damage|p1a: Gamer Girl|44\/100\n|move|p1a: Gamer Girl|Swords Dance|p1a: Gamer Girl\n|-boost|p1a: Gamer Girl|atk|2\n|\n|-heal|p1a: Gamer Girl|50\/100|[from] item: Leftovers\n|upkeep\n|turn|20\n|\n|t:|1699736962\n|move|p1a: Gamer Girl|Bullet Punch|p2a: Weavile\n|-damage|p2a: Weavile|0 fnt\n|faint|p2a: Weavile\n|\n|-heal|p1a: Gamer Girl|56\/100|[from] item: Leftovers\n|upkeep\n|\n|t:|1699736966\n|switch|p2a: Squawkabilly|Squawkabilly-White, M|100\/100\n|-ability|p2a: Squawkabilly|Intimidate|boost\n|-unboost|p1a: Gamer Girl|atk|1\n|turn|21\n|\n|t:|1699736981\n|switch|p1a: Sweatty Gamer|Luxray, M|100\/100\n|-ability|p1a: Sweatty Gamer|Intimidate|boost\n|-unboost|p2a: Squawkabilly|atk|1\n|move|p2a: Squawkabilly|Parting Shot|p1a: Sweatty Gamer\n|-unboost|p1a: Sweatty Gamer|atk|1\n|-unboost|p1a: Sweatty Gamer|spa|1\n|\n|t:|1699736983\n|switch|p2a: Haunter|Haunter, M, shiny|26\/100|[from] Parting Shot\n|\n|upkeep\n|turn|22\n|\n|t:|1699737005\n|move|p2a: Haunter|Shadow Ball|p1a: Sweatty Gamer\n|-damage|p1a: Sweatty Gamer|58\/100\n|-unboost|p1a: Sweatty Gamer|spd|1\n|move|p1a: Sweatty Gamer|Volt Switch|p2a: Haunter\n|-damage|p2a: Haunter|0 fnt\n|faint|p2a: Haunter\n|\n|t:|1699737017\n|switch|p1a: Fake Gamer|Pawmot, F|100\/100|[from] Volt Switch\n|\n|upkeep\n|\n|t:|1699737020\n|switch|p2a: Squawkabilly|Squawkabilly-White, M|100\/100\n|-ability|p2a: Squawkabilly|Intimidate|boost\n|-unboost|p1a: Fake Gamer|atk|1\n|turn|23\n|\n|t:|1699737041\n|move|p1a: Fake Gamer|Fake Out|p2a: Squawkabilly\n|-damage|p2a: Squawkabilly|86\/100\n|cant|p2a: Squawkabilly|flinch\n|\n|upkeep\n|turn|24\n|\n|t:|1699737053\n|switch|p1a: Sweatty Gamer|Luxray, M|58\/100\n|-ability|p1a: Sweatty Gamer|Intimidate|boost\n|-unboost|p2a: Squawkabilly|atk|1\n|move|p2a: Squawkabilly|Final Gambit|p1a: Sweatty Gamer\n|-damage|p1a: Sweatty Gamer|0 fnt\n|faint|p2a: Squawkabilly\n|faint|p1a: Sweatty Gamer\n|\n|win|Bird.gov\n|c|\u2606vincenrepeat|i go out on my own terms\n|c|\u2606Bird.gov|insane\n|c| UltimoTheNerd|100%\n|c| UltimoTheNerd|GG\n|c|\u2606vincenrepeat|GG\n|l| Sparkiestjolteon\n","uploadtime":1699737065,"views":27,"p1id":"birdgov","p2id":"vincenrepeat","formatid":"gen9anythinggoes","rating":0,"private":0,"password":""}