{"id":"gen9anythinggoes-1998298649","p1":"OhMyLaird","p2":"Portiscunningham","format":"[Gen 9] Anything Goes","log":"|j|\u2606OhMyLaird\n|j|\u2606Portiscunningham\n|t:|1700926421\n|gametype|singles\n|player|p1|OhMyLaird|170|\n|player|p2|Portiscunningham|265|\n|teamsize|p1|6\n|teamsize|p2|6\n|gen|9\n|tier|[Gen 9] Anything Goes\n|rule|HP Percentage Mod: HP is shown in percentages\n|rule|Endless Battle Clause: Forcing endless battles is banned\n|clearpoke\n|poke|p1|Iron Bundle|\n|poke|p1|Ursaluna, M|\n|poke|p1|Arcanine-Hisui, M|\n|poke|p1|Mismagius, M|\n|poke|p1|Tornadus-Therian, M|\n|poke|p1|Revavroom, F|\n|poke|p2|Skeledirge, M|\n|poke|p2|Amoonguss, F|\n|poke|p2|Iron Valiant|\n|poke|p2|Ursaluna-Bloodmoon, M|\n|poke|p2|Heatran, M|\n|poke|p2|Drednaw, F|\n|teampreview\n|\n|t:|1700926463\n|start\n|switch|p1a: Arcanine|Arcanine-Hisui, M|100\/100\n|switch|p2a: Drednaw|Drednaw, F|100\/100\n|turn|1\n|\n|t:|1700926514\n|move|p1a: Arcanine|Stealth Rock|p2a: Drednaw\n|-sidestart|p2: Portiscunningham|move: Stealth Rock\n|move|p2a: Drednaw|Shell Smash|p2a: Drednaw\n|-unboost|p2a: Drednaw|def|1\n|-unboost|p2a: Drednaw|spd|1\n|-boost|p2a: Drednaw|atk|2\n|-boost|p2a: Drednaw|spa|2\n|-boost|p2a: Drednaw|spe|2\n|-enditem|p2a: Drednaw|White Herb\n|-clearnegativeboost|p2a: Drednaw|[silent]\n|\n|upkeep\n|turn|2\n|\n|t:|1700926531\n|switch|p1a: Revavroom|Revavroom, F|100\/100\n|-item|p1a: Revavroom|Air Balloon\n|move|p2a: Drednaw|Liquidation|p1a: Revavroom\n|-damage|p1a: Revavroom|32\/100\n|-enditem|p1a: Revavroom|Air Balloon\n|\n|upkeep\n|turn|3\n|\n|t:|1700926547\n|move|p2a: Drednaw|Liquidation|p1a: Revavroom\n|-crit|p1a: Revavroom\n|-damage|p1a: Revavroom|0 fnt\n|faint|p1a: Revavroom\n|\n|upkeep\n|\n|t:|1700926559\n|switch|p1a: Mismagius|Mismagius, M|100\/100\n|turn|4\n|\n|t:|1700926563\n|move|p2a: Drednaw|Crunch|p1a: Mismagius\n|-supereffective|p1a: Mismagius\n|-damage|p1a: Mismagius|0 fnt\n|faint|p1a: Mismagius\n|\n|upkeep\n|\n|t:|1700926595\n|switch|p1a: Iron Bundle|Iron Bundle|100\/100\n|-enditem|p1a: Iron Bundle|Booster Energy\n|-activate|p1a: Iron Bundle|ability: Quark Drive|[fromitem]\n|-start|p1a: Iron Bundle|quarkdrivespe\n|turn|5\n|\n|t:|1700926604\n|-terastallize|p2a: Drednaw|Dark\n|move|p1a: Iron Bundle|Freeze-Dry|p2a: Drednaw\n|-crit|p2a: Drednaw\n|-damage|p2a: Drednaw|17\/100\n|move|p2a: Drednaw|Stone Edge|p1a: Iron Bundle\n|-supereffective|p1a: Iron Bundle\n|-damage|p1a: Iron Bundle|0 fnt\n|faint|p1a: Iron Bundle\n|-end|p1a: Iron Bundle|Quark Drive|[silent]\n|\n|upkeep\n|\n|t:|1700926612\n|switch|p1a: Tornadus|Tornadus-Therian, M|100\/100\n|turn|6\n|\n|t:|1700926620\n|move|p2a: Drednaw|Stone Edge|p1a: Tornadus\n|-supereffective|p1a: Tornadus\n|-damage|p1a: Tornadus|0 fnt\n|faint|p1a: Tornadus\n|\n|upkeep\n|\n|t:|1700926624\n|switch|p1a: Arcanine|Arcanine-Hisui, M|100\/100\n|turn|7\n|\n|t:|1700926627\n|move|p1a: Arcanine|Extreme Speed|p2a: Drednaw\n|-damage|p2a: Drednaw|0 fnt\n|faint|p2a: Drednaw\n|\n|upkeep\n|\n|t:|1700926666\n|switch|p2a: Ursaluna|Ursaluna-Bloodmoon, M|100\/100\n|-damage|p2a: Ursaluna|95\/100|[from] Stealth Rock\n|turn|8\n|\n|t:|1700926706\n|move|p1a: Arcanine|Head Smash|p2a: Ursaluna|[miss]\n|-miss|p1a: Arcanine|p2a: Ursaluna\n|move|p2a: Ursaluna|Earth Power|p1a: Arcanine\n|-supereffective|p1a: Arcanine\n|-damage|p1a: Arcanine|0 fnt\n|faint|p1a: Arcanine\n|\n|-heal|p2a: Ursaluna|100\/100|[from] item: Leftovers\n|upkeep\n|\n|t:|1700926714\n|switch|p1a: Ursaluna|Ursaluna, M|100\/100\n|turn|9\n|\n|t:|1700926724\n|move|p2a: Ursaluna|Blood Moon|p1a: Ursaluna\n|-damage|p1a: Ursaluna|41\/100\n|move|p1a: Ursaluna|Rest|p1a: Ursaluna\n|-status|p1a: Ursaluna|slp|[from] move: Rest\n|-heal|p1a: Ursaluna|100\/100 slp|[silent]\n|\n|upkeep\n|turn|10\n|\n|t:|1700926733\n|move|p2a: Ursaluna|Calm Mind|p2a: Ursaluna\n|-boost|p2a: Ursaluna|spa|1\n|-boost|p2a: Ursaluna|spd|1\n|cant|p1a: Ursaluna|slp\n|move|p1a: Ursaluna|Sleep Talk|p1a: Ursaluna\n|move|p1a: Ursaluna|Earthquake|p2a: Ursaluna|[from]move: Sleep Talk\n|-damage|p2a: Ursaluna|41\/100\n|\n|-heal|p2a: Ursaluna|47\/100|[from] item: Leftovers\n|upkeep\n|turn|11\n|\n|t:|1700926743\n|move|p2a: Ursaluna|Blood Moon|p1a: Ursaluna\n|-damage|p1a: Ursaluna|11\/100 slp\n|cant|p1a: Ursaluna|slp\n|move|p1a: Ursaluna|Sleep Talk|p1a: Ursaluna\n|move|p1a: Ursaluna|Rest||[from]move: Sleep Talk|[still]\n|-fail|p1a: Ursaluna\n|\n|-heal|p2a: Ursaluna|53\/100|[from] item: Leftovers\n|upkeep\n|turn|12\n|\n|t:|1700926754\n|move|p2a: Ursaluna|Earth Power|p1a: Ursaluna\n|-damage|p1a: Ursaluna|0 fnt\n|faint|p1a: Ursaluna\n|\n|win|Portiscunningham\n|l|\u2606OhMyLaird\n","uploadtime":1700926854,"views":23,"p1id":"ohmylaird","p2id":"portiscunningham","formatid":"gen9anythinggoes","rating":0,"private":0,"password":""}