{"id":"gen9anythinggoes-1988387943","p1":"Roxaslover21","p2":"Bloodmoon0821","format":"[Gen 9] Anything Goes","log":"|j|\u2606Roxaslover21\n|j|\u2606Bloodmoon0821\n|t:|1699717272\n|gametype|singles\n|player|p1|Roxaslover21|cynthia-gen4|\n|player|p2|Bloodmoon0821|169|\n|teamsize|p1|6\n|teamsize|p2|6\n|gen|9\n|tier|[Gen 9] Anything Goes\n|rule|HP Percentage Mod: HP is shown in percentages\n|rule|Endless Battle Clause: Forcing endless battles is banned\n|clearpoke\n|poke|p1|Maushold|\n|poke|p1|Tauros, M|\n|poke|p1|Zoroark-Hisui, M|\n|poke|p1|Arboliva, M|\n|poke|p1|Ursaluna, F|\n|poke|p1|Meloetta|\n|poke|p2|Baxcalibur, M|\n|poke|p2|Froslass, F|\n|poke|p2|Frosmoth, M|\n|poke|p2|Crabominable, M|\n|poke|p2|Cetitan, M|\n|poke|p2|Abomasnow, M|\n|teampreview\n|\n|t:|1699717288\n|start\n|switch|p1a: Arboliva|Arboliva, M, shiny|100\/100\n|switch|p2a: Frosmoth|Frosmoth, M, shiny|100\/100\n|turn|1\n|\n|t:|1699717302\n|move|p2a: Frosmoth|Quiver Dance|p2a: Frosmoth\n|-boost|p2a: Frosmoth|spa|1\n|-boost|p2a: Frosmoth|spd|1\n|-boost|p2a: Frosmoth|spe|1\n|move|p1a: Arboliva|Leech Seed|p2a: Frosmoth\n|-start|p2a: Frosmoth|move: Leech Seed\n|\n|-damage|p2a: Frosmoth|88\/100|[from] Leech Seed|[of] p1a: Arboliva\n|upkeep\n|turn|2\n|\n|t:|1699717312\n|move|p2a: Frosmoth|Quiver Dance|p2a: Frosmoth\n|-boost|p2a: Frosmoth|spa|1\n|-boost|p2a: Frosmoth|spd|1\n|-boost|p2a: Frosmoth|spe|1\n|move|p1a: Arboliva|Light Screen|p1a: Arboliva\n|-sidestart|p1: Roxaslover21|move: Light Screen\n|\n|-heal|p2a: Frosmoth|94\/100|[from] item: Leftovers\n|-damage|p2a: Frosmoth|82\/100|[from] Leech Seed|[of] p1a: Arboliva\n|upkeep\n|turn|3\n|\n|t:|1699717327\n|switch|p1a: Maushold|Maushold|100\/100\n|move|p2a: Frosmoth|Quiver Dance|p2a: Frosmoth\n|-boost|p2a: Frosmoth|spa|1\n|-boost|p2a: Frosmoth|spd|1\n|-boost|p2a: Frosmoth|spe|1\n|\n|-heal|p2a: Frosmoth|88\/100|[from] item: Leftovers\n|-damage|p2a: Frosmoth|75\/100|[from] Leech Seed|[of] p1a: Maushold\n|upkeep\n|turn|4\n|\n|t:|1699717347\n|move|p2a: Frosmoth|Tera Blast|p1a: Maushold\n|-damage|p1a: Maushold|58\/100\n|move|p1a: Maushold|Tidy Up|p1a: Maushold\n|-boost|p1a: Maushold|atk|1\n|-boost|p1a: Maushold|spe|1\n|\n|-heal|p2a: Frosmoth|81\/100|[from] item: Leftovers\n|-damage|p2a: Frosmoth|69\/100|[from] Leech Seed|[of] p1a: Maushold\n|-heal|p1a: Maushold|70\/100|[silent]\n|upkeep\n|turn|5\n|\n|t:|1699717366\n|-terastallize|p2a: Frosmoth|Fire\n|move|p1a: Maushold|Substitute|p1a: Maushold\n|-start|p1a: Maushold|Substitute\n|-damage|p1a: Maushold|45\/100\n|move|p2a: Frosmoth|Blizzard|p1a: Maushold\n|-end|p1a: Maushold|Substitute\n|\n|-heal|p2a: Frosmoth|75\/100|[from] item: Leftovers\n|-damage|p2a: Frosmoth|62\/100|[from] Leech Seed|[of] p1a: Maushold\n|-heal|p1a: Maushold|58\/100|[silent]\n|upkeep\n|turn|6\n|\n|t:|1699717386\n|move|p1a: Maushold|Population Bomb|p2a: Frosmoth\n|-damage|p2a: Frosmoth|43\/100\n|-damage|p2a: Frosmoth|22\/100\n|-damage|p2a: Frosmoth|2\/100\n|-crit|p2a: Frosmoth\n|-damage|p2a: Frosmoth|0 fnt\n|faint|p2a: Frosmoth\n|-hitcount|p2: Frosmoth|4\n|\n|-sideend|p1: Roxaslover21|move: Light Screen\n|upkeep\n|\n|t:|1699717397\n|switch|p2a: Froslass|Froslass, F, shiny|100\/100\n|turn|7\n|\n|t:|1699717405\n|move|p1a: Maushold|Substitute|p1a: Maushold\n|-start|p1a: Maushold|Substitute\n|-damage|p1a: Maushold|33\/100\n|move|p2a: Froslass|Aurora Veil||[still]\n|-fail|p2a: Froslass\n|\n|upkeep\n|turn|8\n|\n|t:|1699717414\n|move|p1a: Maushold|Bullet Seed|p2a: Froslass\n|-damage|p2a: Froslass|83\/100\n|-damage|p2a: Froslass|65\/100\n|-damage|p2a: Froslass|48\/100\n|-damage|p2a: Froslass|29\/100\n|-hitcount|p2a: Froslass|4\n|move|p2a: Froslass|Will-O-Wisp|p1a: Maushold|[miss]\n|-miss|p2a: Froslass|p1a: Maushold\n|\n|upkeep\n|turn|9\n|\n|t:|1699717425\n|move|p1a: Maushold|Bullet Seed|p2a: Froslass\n|-damage|p2a: Froslass|9\/100\n|-damage|p2a: Froslass|0 fnt\n|faint|p2a: Froslass\n|-hitcount|p2: Froslass|2\n|\n|upkeep\n|\n|t:|1699717432\n|switch|p2a: Baxcalibur|Baxcalibur, M, shiny|100\/100\n|turn|10\n|\n|t:|1699717452\n|move|p1a: Maushold|Population Bomb|p2a: Baxcalibur\n|-damage|p2a: Baxcalibur|89\/100\n|-damage|p2a: Baxcalibur|76\/100\n|-damage|p2a: Baxcalibur|64\/100\n|-damage|p2a: Baxcalibur|51\/100\n|-damage|p2a: Baxcalibur|39\/100\n|-hitcount|p2a: Baxcalibur|5\n|move|p2a: Baxcalibur|Body Press|p1a: Maushold\n|-supereffective|p1a: Maushold\n|-end|p1a: Maushold|Substitute\n|-damage|p2a: Baxcalibur|29\/100|[from] item: Life Orb\n|\n|upkeep\n|turn|11\n|\n|t:|1699717467\n|move|p1a: Maushold|Population Bomb|p2a: Baxcalibur\n|-damage|p2a: Baxcalibur|16\/100\n|-damage|p2a: Baxcalibur|4\/100\n|-damage|p2a: Baxcalibur|0 fnt\n|faint|p2a: Baxcalibur\n|-hitcount|p2: Baxcalibur|3\n|\n|upkeep\n|\n|t:|1699717476\n|switch|p2a: Crabominable|Crabominable, M, shiny|100\/100\n|turn|12\n|\n|t:|1699717488\n|move|p1a: Maushold|Bullet Seed|p2a: Crabominable\n|-damage|p2a: Crabominable|86\/100\n|-damage|p2a: Crabominable|73\/100\n|-damage|p2a: Crabominable|59\/100\n|-damage|p2a: Crabominable|47\/100\n|-damage|p2a: Crabominable|34\/100\n|-hitcount|p2a: Crabominable|5\n|move|p2a: Crabominable|Crabhammer|p1a: Maushold\n|-damage|p1a: Maushold|0 fnt\n|faint|p1a: Maushold\n|\n|upkeep\n|\n|t:|1699717501\n|switch|p1a: Tauros|Tauros, M, shiny|100\/100\n|turn|13\n|\n|t:|1699717527\n|move|p1a: Tauros|Nasty Plot|p1a: Tauros\n|-boost|p1a: Tauros|spa|2\n|move|p2a: Crabominable|Ice Punch|p1a: Tauros\n|-damage|p1a: Tauros|4\/100\n|replace|p1a: Zoroark|Zoroark-Hisui, M, shiny\n|-end|p1a: Zoroark|Illusion\n|-enditem|p1a: Zoroark|Wiki Berry|[eat]\n|-heal|p1a: Zoroark|37\/100|[from] item: Wiki Berry\n|\n|upkeep\n|turn|14\n|\n|t:|1699717547\n|-terastallize|p1a: Zoroark|Fighting\n|move|p1a: Zoroark|Tera Blast|p2a: Crabominable|[anim] Tera Blast Fighting\n|-supereffective|p2a: Crabominable\n|-damage|p2a: Crabominable|0 fnt\n|faint|p2a: Crabominable\n|\n|upkeep\n|\n|t:|1699717574\n|switch|p2a: Cetitan|Cetitan, M, shiny|100\/100\n|turn|15\n|\n|t:|1699717586\n|move|p1a: Zoroark|Tera Blast|p2a: Cetitan|[anim] Tera Blast Fighting\n|-supereffective|p2a: Cetitan\n|-crit|p2a: Cetitan\n|-damage|p2a: Cetitan|0 fnt\n|faint|p2a: Cetitan\n|\n|upkeep\n|\n|t:|1699717594\n|switch|p2a: Abomasnow|Abomasnow, M, shiny|100\/100\n|-weather|Snow|[from] ability: Snow Warning|[of] p2a: Abomasnow\n|turn|16\n|\n|t:|1699717606\n|move|p1a: Zoroark|Tera Blast|p2a: Abomasnow|[anim] Tera Blast Fighting\n|-supereffective|p2a: Abomasnow\n|-damage|p2a: Abomasnow|0 fnt\n|faint|p2a: Abomasnow\n|\n|win|Roxaslover21\n|l|\u2606Bloodmoon0821\n|j|\u2606Bloodmoon0821\n|player|p2|Bloodmoon0821|169\n","uploadtime":1699717618,"views":8,"p1id":"roxaslover21","p2id":"bloodmoon0821","formatid":"gen9anythinggoes","rating":0,"private":0,"password":""}