{"id":"gen9anythinggoes-1979111822","p1":"IWalkMyFish","p2":"FalteringHope","format":"[Gen 9] Anything Goes","log":"|j|\u2606IWalkMyFish\n|j|\u2606FalteringHope\n|t:|1698633750\n|gametype|singles\n|player|p1|IWalkMyFish|2|\n|player|p2|FalteringHope|266|\n|teamsize|p1|6\n|teamsize|p2|6\n|gen|9\n|tier|[Gen 9] Anything Goes\n|rule|HP Percentage Mod: HP is shown in percentages\n|rule|Endless Battle Clause: Forcing endless battles is banned\n|clearpoke\n|poke|p1|Maushold-Four|\n|poke|p1|Iron Hands|\n|poke|p1|Azumarill, F|\n|poke|p1|Cresselia, F|\n|poke|p1|Amoonguss, M|\n|poke|p1|Ursaluna-Bloodmoon, M|\n|poke|p2|Greninja-*, M|\n|poke|p2|Heatran, M|\n|poke|p2|Great Tusk|\n|poke|p2|Torkoal, F|\n|poke|p2|Typhlosion-Hisui, M|\n|poke|p2|Lilligant-Hisui, F|\n|teampreview\n|c|\u2606FalteringHope|dont forget\n|c|\u2606FalteringHope|these are the clauses\n|c|\u2606IWalkMyFish|Wigma\n|inactive|Battle timer is ON: inactive players will automatically lose when time's up. (requested by IWalkMyFish)\n|l|\u2606IWalkMyFish\n|inactive|IWalkMyFish disconnected and has 300 seconds to reconnect!\n|player|p1|\n|inactive|FalteringHope has 270 seconds left.\n|j|\u2606IWalkMyFish\n|inactive|IWalkMyFish reconnected.\n|player|p1|IWalkMyFish|2\n|\n|t:|1698633860\n|start\n|switch|p1a: Cresselia|Cresselia, F, shiny|100\/100\n|switch|p2a: Heatran|Heatran, M|100\/100\n|turn|1\n|inactive|FalteringHope has 270 seconds left.\n|\n|t:|1698633893\n|move|p2a: Heatran|Taunt|p1a: Cresselia\n|-start|p1a: Cresselia|move: Taunt\n|cant|p1a: Cresselia|move: Taunt|Thunder Wave\n|\n|upkeep\n|turn|2\n|inactive|FalteringHope has 270 seconds left.\n|\n|t:|1698633916\n|move|p2a: Heatran|Stealth Rock|p1a: Cresselia\n|-sidestart|p1: IWalkMyFish|move: Stealth Rock\n|move|p1a: Cresselia|Psychic|p2a: Heatran\n|-resisted|p2a: Heatran\n|-damage|p2a: Heatran|87\/100\n|\n|-heal|p2a: Heatran|94\/100|[from] item: Leftovers\n|upkeep\n|turn|3\n|\n|t:|1698633925\n|switch|p1a: Azumarill|Azumarill, F|100\/100\n|-damage|p1a: Azumarill|88\/100|[from] Stealth Rock\n|move|p2a: Heatran|Magma Storm|p1a: Azumarill\n|-resisted|p1a: Azumarill\n|-damage|p1a: Azumarill|68\/100\n|-activate|p1a: Azumarill|move: Magma Storm|[of] p2a: Heatran\n|\n|-heal|p2a: Heatran|99\/100|[from] item: Leftovers\n|-damage|p1a: Azumarill|56\/100|[from] move: Magma Storm|[partiallytrapped]\n|upkeep\n|turn|4\n|inactive|FalteringHope has 270 seconds left.\n|\n|t:|1698633960\n|switch|p2a: Torkoal|Torkoal, F|100\/100\n|-weather|SunnyDay|[from] ability: Drought|[of] p2a: Torkoal\n|move|p1a: Azumarill|Liquidation|p2a: Torkoal\n|-supereffective|p2a: Torkoal\n|-damage|p2a: Torkoal|46\/100\n|\n|-weather|SunnyDay|[upkeep]\n|-end|p1a: Azumarill|Magma Storm|[partiallytrapped]|[silent]\n|upkeep\n|turn|5\n|inactive|FalteringHope has 240 seconds left.\n|\n|t:|1698633998\n|switch|p1a: Cresselia|Cresselia, F, shiny|100\/100\n|-damage|p1a: Cresselia|88\/100|[from] Stealth Rock\n|move|p2a: Torkoal|Yawn|p1a: Cresselia\n|-start|p1a: Cresselia|move: Yawn|[of] p2a: Torkoal\n|\n|-weather|SunnyDay|[upkeep]\n|-heal|p1a: Cresselia|94\/100|[from] item: Leftovers\n|upkeep\n|turn|6\n|\n|t:|1698634010\n|switch|p2a: Great Tusk|Great Tusk|100\/100\n|-activate|p2a: Great Tusk|ability: Protosynthesis\n|-start|p2a: Great Tusk|protosynthesisatk\n|move|p1a: Cresselia|Thunder Wave|p2a: Great Tusk\n|-immune|p2a: Great Tusk\n|\n|-weather|SunnyDay|[upkeep]\n|-heal|p1a: Cresselia|99\/100|[from] item: Leftovers\n|-end|p1a: Cresselia|move: Yawn|[silent]\n|-status|p1a: Cresselia|slp\n|upkeep\n|turn|7\n|inactive|IWalkMyFish has 270 seconds left.\n|\n|t:|1698634031\n|move|p2a: Great Tusk|Knock Off|p1a: Cresselia\n|-supereffective|p1a: Cresselia\n|-damage|p1a: Cresselia|8\/100 slp\n|-enditem|p1a: Cresselia|Leftovers|[from] move: Knock Off|[of] p2a: Great Tusk\n|cant|p1a: Cresselia|slp\n|\n|-weather|SunnyDay|[upkeep]\n|upkeep\n|turn|8\n|\n|t:|1698634034\n|move|p2a: Great Tusk|Knock Off|p1a: Cresselia\n|-supereffective|p1a: Cresselia\n|-damage|p1a: Cresselia|0 fnt\n|faint|p1a: Cresselia\n|\n|-weather|SunnyDay|[upkeep]\n|upkeep\n|\n|t:|1698634040\n|switch|p1a: Iron Hands|Iron Hands|100\/100\n|-damage|p1a: Iron Hands|94\/100|[from] Stealth Rock\n|turn|9\n|inactive|FalteringHope has 240 seconds left.\n|\n|t:|1698634051\n|-end|p2a: Great Tusk|Protosynthesis|[silent]\n|switch|p2a: Typhlosion|Typhlosion-Hisui, M|100\/100\n|-item|p1a: Iron Hands|Assault Vest|[from] ability: Frisk|[of] p2a: Typhlosion|[identify]\n|move|p1a: Iron Hands|Ice Punch|p2a: Typhlosion\n|-resisted|p2a: Typhlosion\n|-damage|p2a: Typhlosion|79\/100\n|\n|-weather|SunnyDay|[upkeep]\n|upkeep\n|turn|10\n|inactive|FalteringHope has 240 seconds left.\n|\n|t:|1698634072\n|-terastallize|p2a: Typhlosion|Fire\n|move|p2a: Typhlosion|Fire Blast|p1a: Iron Hands\n|-damage|p1a: Iron Hands|28\/100\n|move|p1a: Iron Hands|Volt Switch|p2a: Typhlosion\n|-damage|p2a: Typhlosion|61\/100\n|\n|t:|1698634083\n|-end|p1a: Iron Hands|Quark Drive|[silent]\n|switch|p1a: Ursaluna|Ursaluna-Bloodmoon, M|100\/100|[from] Volt Switch\n|\n|-weather|SunnyDay|[upkeep]\n|upkeep\n|turn|11\n|inactive|FalteringHope has 240 seconds left.\n|\n|t:|1698634094\n|move|p2a: Typhlosion|Fire Blast|p1a: Ursaluna\n|-damage|p1a: Ursaluna|0 fnt\n|faint|p1a: Ursaluna\n|\n|-weather|none\n|upkeep\n|c|\u2606FalteringHope|LOL\n|\n|t:|1698634119\n|switch|p1a: Maushold|Maushold-Four|100\/100\n|-damage|p1a: Maushold|88\/100|[from] Stealth Rock\n|turn|12\n|\n|t:|1698634127\n|move|p2a: Typhlosion|Fire Blast|p1a: Maushold\n|-damage|p1a: Maushold|0 fnt\n|faint|p1a: Maushold\n|\n|upkeep\n|\n|t:|1698634143\n|switch|p1a: Azumarill|Azumarill, F|56\/100\n|-damage|p1a: Azumarill|43\/100|[from] Stealth Rock\n|turn|13\n|\n|t:|1698634158\n|switch|p2a: Torkoal|Torkoal, F|46\/100\n|-weather|SunnyDay|[from] ability: Drought|[of] p2a: Torkoal\n|move|p1a: Azumarill|Aqua Jet|p2a: Torkoal\n|-supereffective|p2a: Torkoal\n|-damage|p2a: Torkoal|18\/100\n|\n|-weather|SunnyDay|[upkeep]\n|upkeep\n|turn|14\n|inactive|FalteringHope has 240 seconds left.\n|\n|t:|1698634181\n|switch|p2a: Lilligant|Lilligant-Hisui, F|100\/100\n|move|p1a: Azumarill|Aqua Jet|p2a: Lilligant\n|-resisted|p2a: Lilligant\n|-damage|p2a: Lilligant|87\/100\n|\n|-weather|SunnyDay|[upkeep]\n|upkeep\n|turn|15\n|\n|t:|1698634189\n|move|p1a: Azumarill|Aqua Jet|p2a: Lilligant\n|-resisted|p2a: Lilligant\n|-damage|p2a: Lilligant|73\/100\n|move|p2a: Lilligant|Solar Blade||[still]\n|-prepare|p2a: Lilligant|Solar Blade\n|-anim|p2a: Lilligant|Solar Blade|p1a: Azumarill\n|-supereffective|p1a: Azumarill\n|-damage|p1a: Azumarill|0 fnt\n|faint|p1a: Azumarill\n|-damage|p2a: Lilligant|63\/100|[from] item: Life Orb\n|\n|-weather|SunnyDay|[upkeep]\n|upkeep\n|\n|t:|1698634191\n|switch|p1a: Iron Hands|Iron Hands|28\/100\n|-damage|p1a: Iron Hands|21\/100|[from] Stealth Rock\n|turn|16\n|\n|t:|1698634197\n|move|p2a: Lilligant|Solar Blade||[still]\n|-prepare|p2a: Lilligant|Solar Blade\n|-anim|p2a: Lilligant|Solar Blade|p1a: Iron Hands\n|-damage|p1a: Iron Hands|0 fnt\n|faint|p1a: Iron Hands\n|-end|p1a: Iron Hands|Quark Drive|[silent]\n|-damage|p2a: Lilligant|53\/100|[from] item: Life Orb\n|\n|-weather|SunnyDay|[upkeep]\n|upkeep\n|\n|t:|1698634198\n|switch|p1a: Amoonguss|Amoonguss, M|100\/100\n|-damage|p1a: Amoonguss|88\/100|[from] Stealth Rock\n|turn|17\n|\n|t:|1698634199\n|switch|p2a: Heatran|Heatran, M|99\/100\n|move|p1a: Amoonguss|Clear Smog|p2a: Heatran\n|-immune|p2a: Heatran\n|\n|-weather|SunnyDay|[upkeep]\n|-heal|p2a: Heatran|100\/100|[from] item: Leftovers\n|upkeep\n|turn|18\n|\n|t:|1698634201\n|move|p2a: Heatran|Magma Storm|p1a: Amoonguss|[miss]\n|-miss|p2a: Heatran|p1a: Amoonguss\n|move|p1a: Amoonguss|Clear Smog|p2a: Heatran\n|-immune|p2a: Heatran\n|\n|-weather|SunnyDay|[upkeep]\n|upkeep\n|turn|19\n|\n|t:|1698634202\n|move|p2a: Heatran|Magma Storm|p1a: Amoonguss|[miss]\n|-miss|p2a: Heatran|p1a: Amoonguss\n|move|p1a: Amoonguss|Clear Smog|p2a: Heatran\n|-immune|p2a: Heatran\n|\n|-weather|SunnyDay|[upkeep]\n|upkeep\n|turn|20\n|\n|t:|1698634203\n|move|p2a: Heatran|Magma Storm|p1a: Amoonguss|[miss]\n|-miss|p2a: Heatran|p1a: Amoonguss\n|move|p1a: Amoonguss|Clear Smog|p2a: Heatran\n|-immune|p2a: Heatran\n|\n|-weather|none\n|upkeep\n|turn|21\n|\n|t:|1698634205\n|move|p2a: Heatran|Magma Storm|p1a: Amoonguss|[miss]\n|-miss|p2a: Heatran|p1a: Amoonguss\n|move|p1a: Amoonguss|Clear Smog|p2a: Heatran\n|-immune|p2a: Heatran\n|\n|upkeep\n|turn|22\n|\n|t:|1698634206\n|move|p2a: Heatran|Magma Storm|p1a: Amoonguss\n|-supereffective|p1a: Amoonguss\n|-damage|p1a: Amoonguss|5\/100\n|-activate|p1a: Amoonguss|move: Magma Storm|[of] p2a: Heatran\n|move|p1a: Amoonguss|Sludge Bomb|p2a: Heatran\n|-immune|p2a: Heatran\n|\n|-damage|p1a: Amoonguss|0 fnt|[from] move: Magma Storm|[partiallytrapped]\n|faint|p1a: Amoonguss\n|\n|win|FalteringHope\n|upkeep\n|l|\u2606IWalkMyFish\n","uploadtime":1698634270,"views":19,"p1id":"iwalkmyfish","p2id":"falteringhope","formatid":"gen9anythinggoes","rating":0,"private":0,"password":""}