{"id":"gen9anythinggoes-1989797676","p1":"BirbMaster40","p2":"slickPokemon","format":"[Gen 9] Anything Goes","log":"|j|\u2606BirbMaster40\n|j|\u2606slickPokemon\n|t:|1699896588\n|gametype|singles\n|player|p1|BirbMaster40|birdkeeper-gen4dp|1219\n|player|p2|slickPokemon|artist|1185\n|teamsize|p1|6\n|teamsize|p2|6\n|gen|9\n|tier|[Gen 9] Anything Goes\n|rated|\n|rule|HP Percentage Mod: HP is shown in percentages\n|rule|Endless Battle Clause: Forcing endless battles is banned\n|clearpoke\n|poke|p1|Pelipper, F|\n|poke|p1|Murkrow, F|\n|poke|p1|Staraptor, M|\n|poke|p1|Corviknight, M|\n|poke|p1|Kilowattrel, F|\n|poke|p1|Yanmega, F|\n|poke|p2|Calyrex-Shadow|\n|poke|p2|Koraidon|\n|poke|p2|Mewtwo|\n|poke|p2|Arceus|\n|poke|p2|Sandy Shocks|\n|poke|p2|Ditto|\n|teampreview\n|inactive|Battle timer is ON: inactive players will automatically lose when time's up. (requested by slickPokemon)\n|inactive|BirbMaster40 also wants the timer to be on.\n|\n|t:|1699896609\n|start\n|switch|p1a: Yanmega|Yanmega, F|100\/100\n|switch|p2a: Koraidon|Koraidon|100\/100\n|-weather|SunnyDay|[from] ability: Orichalcum Pulse|[of] p2a: Koraidon\n|-activate|p2a: Koraidon|Orichalcum Pulse|[source]\n|turn|1\n|\n|t:|1699896615\n|move|p1a: Yanmega|Protect|p1a: Yanmega\n|-singleturn|p1a: Yanmega|Protect\n|move|p2a: Koraidon|Flare Blitz|p1a: Yanmega\n|-activate|p1a: Yanmega|move: Protect\n|\n|-weather|SunnyDay|[upkeep]\n|-ability|p1a: Yanmega|Speed Boost|boost\n|-boost|p1a: Yanmega|spe|1\n|upkeep\n|turn|2\n|\n|t:|1699896623\n|move|p1a: Yanmega|Air Slash|p2a: Koraidon\n|-supereffective|p2a: Koraidon\n|-damage|p2a: Koraidon|25\/100\n|cant|p2a: Koraidon|flinch\n|\n|-weather|SunnyDay|[upkeep]\n|-ability|p1a: Yanmega|Speed Boost|boost\n|-boost|p1a: Yanmega|spe|1\n|upkeep\n|turn|3\n|\n|t:|1699896630\n|move|p1a: Yanmega|Air Slash|p2a: Koraidon\n|-supereffective|p2a: Koraidon\n|-damage|p2a: Koraidon|0 fnt\n|faint|p2a: Koraidon\n|\n|-weather|SunnyDay|[upkeep]\n|-ability|p1a: Yanmega|Speed Boost|boost\n|-boost|p1a: Yanmega|spe|1\n|upkeep\n|\n|t:|1699896634\n|switch|p2a: Ditto|Ditto|100\/100\n|-transform|p2a: Ditto|p1a: Yanmega|[from] ability: Imposter\n|turn|4\n|\n|t:|1699896642\n|move|p1a: Yanmega|Protect|p1a: Yanmega\n|-singleturn|p1a: Yanmega|Protect\n|move|p2a: Ditto|Air Slash|p1a: Yanmega\n|-activate|p1a: Yanmega|move: Protect\n|\n|-weather|SunnyDay|[upkeep]\n|-ability|p2a: Ditto|Speed Boost|boost\n|-boost|p2a: Ditto|spe|1\n|-ability|p1a: Yanmega|Speed Boost|boost\n|-boost|p1a: Yanmega|spe|1\n|upkeep\n|turn|5\n|\n|t:|1699896650\n|move|p2a: Ditto|Air Slash|p1a: Yanmega\n|-supereffective|p1a: Yanmega\n|-damage|p1a: Yanmega|0 fnt\n|faint|p1a: Yanmega\n|\n|-weather|none\n|-ability|p2a: Ditto|Speed Boost|boost\n|-boost|p2a: Ditto|spe|1\n|upkeep\n|\n|t:|1699896656\n|switch|p1a: Murkrow|Murkrow, F|100\/100\n|turn|6\n|\n|t:|1699896661\n|move|p1a: Murkrow|Haze|p1a: Murkrow\n|-clearallboost\n|move|p2a: Ditto|Air Slash|p1a: Murkrow\n|-enditem|p1a: Murkrow|Focus Sash\n|-damage|p1a: Murkrow|1\/100\n|\n|-ability|p2a: Ditto|Speed Boost|boost\n|-boost|p2a: Ditto|spe|1\n|upkeep\n|turn|7\n|\n|t:|1699896669\n|move|p1a: Murkrow|Haze|p1a: Murkrow\n|-clearallboost\n|move|p2a: Ditto|Air Slash|p1a: Murkrow\n|-damage|p1a: Murkrow|0 fnt\n|faint|p1a: Murkrow\n|\n|-ability|p2a: Ditto|Speed Boost|boost\n|-boost|p2a: Ditto|spe|1\n|upkeep\n|\n|t:|1699896676\n|switch|p1a: Staraptor|Staraptor, M|100\/100\n|turn|8\n|\n|t:|1699896680\n|switch|p2a: Sandy Shocks|Sandy Shocks|100\/100\n|-enditem|p2a: Sandy Shocks|Booster Energy\n|-activate|p2a: Sandy Shocks|ability: Protosynthesis|[fromitem]\n|-start|p2a: Sandy Shocks|protosynthesisspa\n|move|p1a: Staraptor|Brave Bird|p2a: Sandy Shocks\n|-resisted|p2a: Sandy Shocks\n|-damage|p2a: Sandy Shocks|58\/100\n|-damage|p1a: Staraptor|86\/100|[from] Recoil\n|\n|upkeep\n|turn|9\n|\n|t:|1699896698\n|switch|p1a: Kilowattrel|Kilowattrel, F|100\/100\n|move|p2a: Sandy Shocks|Charge Beam|p1a: Kilowattrel\n|-immune|p1a: Kilowattrel|[from] ability: Volt Absorb\n|\n|upkeep\n|turn|10\n|\n|t:|1699896704\n|move|p1a: Kilowattrel|Air Slash|p2a: Sandy Shocks\n|-resisted|p2a: Sandy Shocks\n|-damage|p2a: Sandy Shocks|35\/100\n|move|p2a: Sandy Shocks|Stealth Rock|p1a: Kilowattrel\n|-sidestart|p1: BirbMaster40|move: Stealth Rock\n|\n|upkeep\n|turn|11\n|\n|t:|1699896711\n|move|p1a: Kilowattrel|Air Slash|p2a: Sandy Shocks\n|-resisted|p2a: Sandy Shocks\n|-damage|p2a: Sandy Shocks|12\/100\n|move|p2a: Sandy Shocks|Tera Blast|p1a: Kilowattrel\n|-damage|p1a: Kilowattrel|41\/100\n|\n|upkeep\n|turn|12\n|\n|t:|1699896717\n|move|p1a: Kilowattrel|Air Slash|p2a: Sandy Shocks\n|-resisted|p2a: Sandy Shocks\n|-damage|p2a: Sandy Shocks|0 fnt\n|faint|p2a: Sandy Shocks\n|-end|p2a: Sandy Shocks|Protosynthesis|[silent]\n|\n|upkeep\n|\n|t:|1699896729\n|switch|p2a: Arceus|Arceus|100\/100\n|turn|13\n|\n|t:|1699896732\n|move|p1a: Kilowattrel|Volt Switch|p2a: Arceus\n|-damage|p2a: Arceus|75\/100\n|\n|t:|1699896736\n|switch|p1a: Corviknight|Corviknight, M|100\/100|[from] Volt Switch\n|-damage|p1a: Corviknight|88\/100|[from] Stealth Rock\n|move|p2a: Arceus|Swords Dance|p2a: Arceus\n|-boost|p2a: Arceus|atk|2\n|\n|upkeep\n|turn|14\n|\n|t:|1699896743\n|move|p2a: Arceus|Swords Dance|p2a: Arceus\n|-boost|p2a: Arceus|atk|2\n|move|p1a: Corviknight|Bulk Up|p1a: Corviknight\n|-boost|p1a: Corviknight|atk|1\n|-boost|p1a: Corviknight|def|1\n|\n|upkeep\n|turn|15\n|\n|t:|1699896762\n|switch|p2a: Mewtwo|Mewtwo|100\/100\n|-ability|p2a: Mewtwo|Pressure\n|move|p1a: Corviknight|Bulk Up|p1a: Corviknight\n|-boost|p1a: Corviknight|atk|1\n|-boost|p1a: Corviknight|def|1\n|\n|upkeep\n|turn|16\n|\n|t:|1699896769\n|move|p2a: Mewtwo|Thunderbolt|p1a: Corviknight\n|-supereffective|p1a: Corviknight\n|-damage|p1a: Corviknight|25\/100\n|move|p1a: Corviknight|Agility|p1a: Corviknight\n|-boost|p1a: Corviknight|spe|2\n|\n|upkeep\n|turn|17\n|\n|t:|1699896776\n|switch|p2a: Ditto|Ditto|100\/100\n|-transform|p2a: Ditto|p1a: Corviknight|[from] ability: Imposter\n|switch|p1a: Kilowattrel|Kilowattrel, F|41\/100\n|-damage|p1a: Kilowattrel|16\/100|[from] Stealth Rock\n|\n|upkeep\n|turn|18\n|\n|t:|1699896784\n|move|p2a: Ditto|Power Trip|p1a: Kilowattrel\n|-damage|p1a: Kilowattrel|0 fnt\n|faint|p1a: Kilowattrel\n|\n|upkeep\n|\n|t:|1699896790\n|switch|p1a: Pelipper|Pelipper, F|100\/100\n|-damage|p1a: Pelipper|76\/100|[from] Stealth Rock\n|-weather|RainDance|[from] ability: Drizzle|[of] p1a: Pelipper\n|turn|19\n|\n|t:|1699896795\n|move|p2a: Ditto|Power Trip|p1a: Pelipper\n|-damage|p1a: Pelipper|0 fnt\n|faint|p1a: Pelipper\n|\n|-weather|RainDance|[upkeep]\n|upkeep\n|-message|BirbMaster40 forfeited.\n|\n|win|slickPokemon\n|raw|BirbMaster40's rating: 1219 &rarr; <strong>1192<\/strong><br \/>(-27 for losing)\n|raw|slickPokemon's rating: 1185 &rarr; <strong>1212<\/strong><br \/>(+27 for winning)\n|l|\u2606BirbMaster40\n","uploadtime":1699896803,"views":5,"p1id":"birbmaster40","p2id":"slickpokemon","formatid":"gen9anythinggoes","rating":1192,"private":0,"password":""}