{"id":"gen9anythinggoes-1991024395","p1":"CFgenesis","p2":"Kayleb1718","format":"[Gen 9] Anything Goes","log":"|j|\u2606CFgenesis\n|j|\u2606Kayleb1718\n|t:|1700029948\n|gametype|singles\n|player|p1|CFgenesis|lucas|\n|player|p2|Kayleb1718|lucas-gen4pt|\n|teamsize|p1|6\n|teamsize|p2|6\n|gen|9\n|tier|[Gen 9] Anything Goes\n|rule|HP Percentage Mod: HP is shown in percentages\n|rule|Endless Battle Clause: Forcing endless battles is banned\n|clearpoke\n|poke|p1|Calyrex-Shadow|\n|poke|p1|Eternatus|\n|poke|p1|Zacian-*|\n|poke|p1|Urshifu-*, F|\n|poke|p1|Palkia-Origin|\n|poke|p1|Giratina-Origin|\n|poke|p2|Zacian-*|\n|poke|p2|Calyrex-Shadow|\n|poke|p2|Urshifu-*, M|\n|poke|p2|Kingambit, F|\n|poke|p2|Miraidon|\n|poke|p2|Iron Treads|\n|teampreview\n|c|\u2606CFgenesis|iron threads?\n|inactive|Battle timer is ON: inactive players will automatically lose when time's up. (requested by Kayleb1718)\n|\n|t:|1700029968\n|start\n|switch|p1a: Urshifu|Urshifu-Rapid-Strike, F|100\/100\n|switch|p2a: Iron Treads|Iron Treads|100\/100\n|turn|1\n|c|\u2606Kayleb1718|Umm\n|c|\u2606CFgenesis|o\n|c|\u2606CFgenesis|i like my lead\n|\n|t:|1700029987\n|move|p1a: Urshifu|U-turn|p2a: Iron Treads\n|-resisted|p2a: Iron Treads\n|-damage|p2a: Iron Treads|90\/100\n|c|\u2606CFgenesis|u didnt switch?\n|c|\u2606CFgenesis|im assuming volt\n|\n|t:|1700030002\n|switch|p1a: Giratina|Giratina-Origin|100\/100|[from] U-turn\n|move|p2a: Iron Treads|Stealth Rock|p1a: Giratina\n|-sidestart|p1: CFgenesis|move: Stealth Rock\n|\n|-heal|p2a: Iron Treads|96\/100|[from] item: Leftovers\n|upkeep\n|turn|2\n|c|\u2606Kayleb1718|Im abd at the game\n|c|\u2606Kayleb1718|Bad\n|c|\u2606CFgenesis|o\n|c|\u2606CFgenesis|hm\n|c|\u2606CFgenesis|well\n|\n|t:|1700030016\n|-end|p2a: Iron Treads|Quark Drive|[silent]\n|switch|p2a: Zacian|Zacian-Crowned, shiny|100\/100\n|-ability|p2a: Zacian|Intrepid Sword|boost\n|-boost|p2a: Zacian|atk|1\n|move|p1a: Giratina|Defog|p2a: Zacian\n|-unboost|p2a: Zacian|evasion|1\n|-sideend|p1: CFgenesis|Stealth Rock|[from] move: Defog|[of] p1a: Giratina\n|\n|upkeep\n|turn|3\n|c|\u2606CFgenesis|now u switch\n|c|\u2606CFgenesis|k\n|c|\u2606CFgenesis|play rough\n|c|\u2606Kayleb1718|Maybe ::\n|inactive|CFgenesis has 270 seconds left.\n|c|\u2606Kayleb1718|:\/\n|\n|t:|1700030048\n|move|p2a: Zacian|Behemoth Blade|p1a: Giratina\n|-damage|p1a: Giratina|41\/100\n|move|p1a: Giratina|Thunder Wave|p2a: Zacian\n|-status|p2a: Zacian|par\n|\n|upkeep\n|turn|4\n|c|\u2606CFgenesis|YES\n|c|\u2606CFgenesis|YES\n|c|\u2606CFgenesis|LEST GOO\n|inactive|CFgenesis has 270 seconds left.\n|\n|t:|1700030059\n|move|p2a: Zacian|Play Rough|p1a: Giratina\n|-supereffective|p1a: Giratina\n|-damage|p1a: Giratina|0 fnt\n|faint|p1a: Giratina\n|\n|upkeep\n|inactive|CFgenesis has 270 seconds left.\n|c|\u2606Kayleb1718|Hehe\n|c|\u2606CFgenesis|now is sweep time\n|c|\u2606Kayleb1718|Huh\n|\n|t:|1700030076\n|switch|p1a: Zacian|Zacian-Crowned|100\/100\n|-ability|p1a: Zacian|Intrepid Sword|boost\n|-boost|p1a: Zacian|atk|1\n|turn|5\n|\n|t:|1700030082\n|move|p1a: Zacian|Behemoth Blade|p2a: Zacian\n|-damage|p2a: Zacian|16\/100 par\n|move|p2a: Zacian|Behemoth Blade|p1a: Zacian\n|-damage|p1a: Zacian|24\/100\n|\n|upkeep\n|turn|6\n|\n|t:|1700030091\n|move|p1a: Zacian|Behemoth Blade|p2a: Zacian\n|-damage|p2a: Zacian|0 fnt\n|faint|p2a: Zacian\n|\n|upkeep\n|c|\u2606CFgenesis|as long as zacian dies\n|c|\u2606Kayleb1718|My turn\n|c|\u2606CFgenesis|my remaining mons can clean\n|c|\u2606CFgenesis|ye\n|\n|t:|1700030106\n|switch|p2a: Urshifu|Urshifu-Rapid-Strike, M|100\/100\n|turn|7\n|c|\u2606CFgenesis|caly?\n|c|\u2606CFgenesis|o\n|c|\u2606CFgenesis|scarf\n|c|\u2606CFgenesis|right\n|\n|t:|1700030121\n|switch|p1a: Eternatus|Eternatus|100\/100\n|-ability|p1a: Eternatus|Pressure\n|move|p2a: Urshifu|Surging Strikes|p1a: Eternatus\n|-resisted|p1a: Eternatus\n|-crit|p1a: Eternatus\n|-damage|p1a: Eternatus|93\/100\n|-resisted|p1a: Eternatus\n|-crit|p1a: Eternatus\n|-damage|p1a: Eternatus|87\/100\n|-resisted|p1a: Eternatus\n|-crit|p1a: Eternatus\n|-damage|p1a: Eternatus|79\/100\n|-hitcount|p1a: Eternatus|3\n|\n|-heal|p1a: Eternatus|85\/100|[from] item: Leftovers\n|upkeep\n|turn|8\n|c|\u2606CFgenesis|ye\n|c|\u2606CFgenesis|walled\n|c|\u2606Kayleb1718|:\/\n|c|\u2606CFgenesis|i will say\n|inactive|Kayleb1718 has 270 seconds left.\n|inactive|CFgenesis has 270 seconds left.\n|c|\u2606Kayleb1718|Kk\n|c|\u2606CFgenesis|i hit ur whole team for super effective\n|c|\u2606Kayleb1718|Oof\n|c|\u2606Kayleb1718|Real\n|c|\u2606CFgenesis|with etern\n|c|\u2606CFgenesis|so......\n|\n|t:|1700030172\n|switch|p2a: Miraidon|Miraidon|100\/100\n|-fieldstart|move: Electric Terrain|[from] ability: Hadron Engine|[of] p2a: Miraidon\n|move|p1a: Eternatus|Dynamax Cannon|p2a: Miraidon\n|-supereffective|p2a: Miraidon\n|-damage|p2a: Miraidon|0 fnt\n|faint|p2a: Miraidon\n|\n|-heal|p1a: Eternatus|92\/100|[from] item: Leftovers\n|upkeep\n|c|\u2606Kayleb1718|Lets see ig\n|inactive|Kayleb1718 has 270 seconds left.\n|c|\u2606Kayleb1718|Ayo\n|c|\u2606CFgenesis|super effective counter\n|c|\u2606CFgenesis|1\n|\n|t:|1700030187\n|switch|p2a: Iron Treads|Iron Treads|96\/100\n|-activate|p2a: Iron Treads|ability: Quark Drive\n|-start|p2a: Iron Treads|quarkdrivespe\n|turn|9\n|\n|t:|1700030194\n|move|p2a: Iron Treads|Earthquake|p1a: Eternatus\n|-supereffective|p1a: Eternatus\n|-damage|p1a: Eternatus|29\/100\n|move|p1a: Eternatus|Flamethrower|p2a: Iron Treads\n|-supereffective|p2a: Iron Treads\n|-damage|p2a: Iron Treads|6\/100\n|\n|-heal|p2a: Iron Treads|12\/100|[from] item: Leftovers\n|-heal|p1a: Eternatus|35\/100|[from] item: Leftovers\n|upkeep\n|turn|10\n|inactive|Kayleb1718 has 270 seconds left.\n|c|\u2606CFgenesis|super effective counter\n|c|\u2606CFgenesis|2\n|c|\u2606Kayleb1718|Heh\n|c|\u2606CFgenesis|i should prob tera\n|inactive|CFgenesis has 240 seconds left.\n|c|\u2606CFgenesis|but eh\n|c|\u2606CFgenesis|its fine\n|c|\u2606Kayleb1718|:\/\n|\n|t:|1700030231\n|move|p2a: Iron Treads|Earthquake|p1a: Eternatus\n|-supereffective|p1a: Eternatus\n|-damage|p1a: Eternatus|0 fnt\n|faint|p1a: Eternatus\n|\n|-heal|p2a: Iron Treads|18\/100|[from] item: Leftovers\n|upkeep\n|c|\u2606Kayleb1718|We chillin\n|\n|t:|1700030234\n|switch|p1a: Urshifu|Urshifu-Rapid-Strike, F|100\/100\n|turn|11\n|inactive|CFgenesis has 240 seconds left.\n|\n|t:|1700030243\n|move|p2a: Iron Treads|Earthquake|p1a: Urshifu\n|-damage|p1a: Urshifu|60\/100\n|move|p1a: Urshifu|U-turn|p2a: Iron Treads\n|-resisted|p2a: Iron Treads\n|-damage|p2a: Iron Treads|8\/100\n|\n|t:|1700030246\n|switch|p1a: Zacian|Zacian-Crowned|24\/100|[from] U-turn\n|\n|-heal|p2a: Iron Treads|14\/100|[from] item: Leftovers\n|upkeep\n|turn|12\n|\n|t:|1700030255\n|move|p2a: Iron Treads|Earthquake|p1a: Zacian\n|-supereffective|p1a: Zacian\n|-damage|p1a: Zacian|0 fnt\n|faint|p1a: Zacian\n|\n|-heal|p2a: Iron Treads|20\/100|[from] item: Leftovers\n|-fieldend|move: Electric Terrain\n|-end|p2a: Iron Treads|Quark Drive\n|upkeep\n|c|\u2606CFgenesis|gonna sack zacian\n|\n|t:|1700030259\n|switch|p1a: Palkia|Palkia-Origin|100\/100\n|-ability|p1a: Palkia|Pressure\n|turn|13\n|c|\u2606Kayleb1718|Dam\n|c|\u2606Kayleb1718|Oh no\n|c|\u2606Kayleb1718|baikia\n|c|\u2606CFgenesis|to stall out terain\n|c|\u2606CFgenesis|scarf\n|c|\u2606CFgenesis|so\n|\n|t:|1700030281\n|move|p2a: Iron Treads|Earthquake|p1a: Palkia\n|-damage|p1a: Palkia|62\/100\n|move|p1a: Palkia|Surf|p2a: Iron Treads\n|-supereffective|p2a: Iron Treads\n|-damage|p2a: Iron Treads|0 fnt\n|faint|p2a: Iron Treads\n|-end|p2a: Iron Treads|Quark Drive|[silent]\n|\n|upkeep\n|c|\u2606CFgenesis|nvr mind\n|c|\u2606CFgenesis|i lied\n|c|\u2606CFgenesis|lol\n|inactive|Kayleb1718 has 270 seconds left.\n|\n|t:|1700030296\n|switch|p2a: Calyrex|Calyrex-Shadow|100\/100\n|-ability|p2a: Calyrex|As One\n|-ability|p2a: Calyrex|Unnerve\n|turn|14\n|inactive|Kayleb1718 has 270 seconds left.\n|c|\u2606CFgenesis|im assuming astral\n|\n|t:|1700030309\n|move|p2a: Calyrex|Draining Kiss|p1a: Palkia\n|-supereffective|p1a: Palkia\n|-crit|p1a: Palkia\n|-damage|p1a: Palkia|18\/100\n|move|p1a: Palkia|Thunder Wave|p2a: Calyrex\n|-status|p2a: Calyrex|par\n|\n|upkeep\n|turn|15\n|c|\u2606CFgenesis|or not\n|c|\u2606CFgenesis|welp\n|\n|t:|1700030327\n|move|p1a: Palkia|Spacial Rend|p2a: Calyrex\n|-damage|p2a: Calyrex|20\/100 par\n|move|p2a: Calyrex|Draining Kiss|p1a: Palkia\n|-supereffective|p1a: Palkia\n|-damage|p1a: Palkia|0 fnt\n|-heal|p2a: Calyrex|34\/100 par|[from] drain|[of] p1a: Palkia\n|faint|p1a: Palkia\n|-ability|p2a: Calyrex|Grim Neigh|boost\n|-boost|p2a: Calyrex|spa|1\n|\n|-heal|p2a: Calyrex|40\/100 par|[from] item: Leftovers\n|upkeep\n|\n|t:|1700030333\n|switch|p1a: Calyrex|Calyrex-Shadow|100\/100\n|-ability|p1a: Calyrex|As One\n|-ability|p1a: Calyrex|Unnerve\n|turn|16\n|c|\u2606Kayleb1718|Dying\u2026\n|c|\u2606CFgenesis|and now tera blast fighting shreds\n|inactive|Kayleb1718 has 270 seconds left.\n|c|\u2606Kayleb1718|Should i\u2026\n|\n|t:|1700030366\n|move|p1a: Calyrex|Astral Barrage|p2a: Calyrex\n|-supereffective|p2a: Calyrex\n|-damage|p2a: Calyrex|0 fnt\n|faint|p2a: Calyrex\n|-ability|p1a: Calyrex|Grim Neigh|boost\n|-boost|p1a: Calyrex|spa|1\n|\n|upkeep\n|\n|t:|1700030371\n|switch|p2a: Urshifu|Urshifu-Rapid-Strike, M|100\/100\n|turn|17\n|inactive|CFgenesis has 270 seconds left.\n|c|\u2606Kayleb1718|Welp\n|c|\u2606CFgenesis|scarf\n|c|\u2606CFgenesis|k\n|c|\u2606CFgenesis|hm\n|c|\u2606Kayleb1718|Nope\n|c|\u2606CFgenesis|what do i do\n|\n|t:|1700030400\n|move|p1a: Calyrex|Giga Drain|p2a: Urshifu\n|-supereffective|p2a: Urshifu\n|-damage|p2a: Urshifu|0 fnt\n|faint|p2a: Urshifu\n|-ability|p1a: Calyrex|Grim Neigh|boost\n|-boost|p1a: Calyrex|spa|1\n|\n|upkeep\n|c|\u2606Kayleb1718|None of my mons hv scraf\n|c|\u2606CFgenesis|o damn\n|\n|t:|1700030405\n|switch|p2a: Kingambit|Kingambit, F|100\/100\n|-activate|p2a: Kingambit|ability: Supreme Overlord\n|-start|p2a: Kingambit|fallen5|[silent]\n|turn|18\n|\n|t:|1700030412\n|move|p2a: Kingambit|Sucker Punch|p1a: Calyrex\n|-supereffective|p1a: Calyrex\n|-enditem|p1a: Calyrex|Focus Sash\n|-damage|p1a: Calyrex|1\/100\n|move|p1a: Calyrex|Astral Barrage|p2a: Kingambit\n|-resisted|p2a: Kingambit\n|-damage|p2a: Kingambit|19\/100\n|\n|-heal|p2a: Kingambit|25\/100|[from] item: Leftovers\n|upkeep\n|turn|19\n|c|\u2606CFgenesis|pls die\n|inactive|CFgenesis has 270 seconds left.\n|c|\u2606CFgenesis|OK\n|c|\u2606CFgenesis|gg\n|\n|t:|1700030424\n|move|p2a: Kingambit|Sucker Punch|p1a: Calyrex\n|-supereffective|p1a: Calyrex\n|-damage|p1a: Calyrex|0 fnt\n|faint|p1a: Calyrex\n|\n|-heal|p2a: Kingambit|32\/100|[from] item: Leftovers\n|upkeep\n|\n|t:|1700030426\n|switch|p1a: Urshifu|Urshifu-Rapid-Strike, F|60\/100\n|turn|20\n|c|\u2606Kayleb1718|Im ded now\n|c|\u2606CFgenesis|ye\n|c|\u2606CFgenesis|im scarf\n|c|\u2606CFgenesis|so\n|c|\u2606CFgenesis|ye\n|\n|t:|1700030446\n|-terastallize|p2a: Kingambit|Fairy\n|move|p2a: Kingambit|Sucker Punch|p1a: Urshifu\n|-resisted|p1a: Urshifu\n|-damage|p1a: Urshifu|32\/100\n|move|p1a: Urshifu|Drain Punch|p2a: Kingambit\n|-resisted|p2a: Kingambit\n|-damage|p2a: Kingambit|14\/100\n|-heal|p1a: Urshifu|41\/100|[from] drain|[of] p2a: Kingambit\n|\n|-heal|p2a: Kingambit|20\/100|[from] item: Leftovers\n|upkeep\n|turn|21\n|c|\u2606CFgenesis|o damn\n|inactive|Kayleb1718 has 270 seconds left.\n|c|\u2606Kayleb1718|In smart\n|c|\u2606CFgenesis|not over yet\n|c|\u2606Kayleb1718|Im\n|inactive|CFgenesis has 270 seconds left.\n|c|\u2606CFgenesis|unless\n|\n|t:|1700030473\n|-terastallize|p1a: Urshifu|Fighting\n|move|p2a: Kingambit|Sucker Punch|p1a: Urshifu\n|-resisted|p1a: Urshifu\n|-damage|p1a: Urshifu|14\/100\n|move|p1a: Urshifu|Drain Punch|p2a: Kingambit\n|-resisted|p2a: Kingambit\n|-damage|p2a: Kingambit|0 fnt\n|-heal|p1a: Urshifu|24\/100|[from] drain|[of] p2a: Kingambit\n|faint|p2a: Kingambit\n|-end|p2a: Kingambit|fallen5|[silent]\n|\n|win|CFgenesis\n|c|\u2606Kayleb1718|Ggs\n|c|\u2606CFgenesis|i forgot to change my tera type\n|c|\u2606CFgenesis|to water\n|c|\u2606CFgenesis|which kinda helped me here\n|c|\u2606CFgenesis|lol\n|c|\u2606Kayleb1718|Close:\/\n|c|\u2606CFgenesis|ye\n","uploadtime":1700030508,"views":6,"p1id":"cfgenesis","p2id":"kayleb1718","formatid":"gen9anythinggoes","rating":0,"private":0,"password":""}