{"id":"gen9anythinggoes-1995605212","p1":"ImpIsDum","p2":"CrowBorn666","format":"[Gen 9] Anything Goes","log":"|j|\u2606ImpIsDum\n|j|\u2606CrowBorn666\n|t:|1700586834\n|gametype|singles\n|player|p1|ImpIsDum|1|1030\n|player|p2|CrowBorn666|shadowtriad|1099\n|teamsize|p1|6\n|teamsize|p2|6\n|gen|9\n|tier|[Gen 9] Anything Goes\n|rated|\n|rule|HP Percentage Mod: HP is shown in percentages\n|rule|Endless Battle Clause: Forcing endless battles is banned\n|clearpoke\n|poke|p1|Meowscarada, M|\n|poke|p1|Lucario, M|\n|poke|p1|Clodsire, M|\n|poke|p1|Tatsugiri-Droopy, F|\n|poke|p1|Vikavolt, M|\n|poke|p1|Sylveon, F|\n|poke|p2|Grafaiai, M|\n|poke|p2|Grafaiai, F|\n|poke|p2|Grafaiai, F|\n|poke|p2|Grafaiai, M|\n|poke|p2|Grafaiai, F|\n|poke|p2|Grafaiai, F|\n|teampreview\n|c|\u2606ImpIsDum|oh my\n|c|\u2606CrowBorn666|:)\n|c|\u2606ImpIsDum|thats quite the team, im fr a bit scared\n|\n|t:|1700586861\n|start\n|switch|p1a: Meowscarada|Meowscarada, M|100\/100\n|switch|p2a: Grafaiai|Grafaiai, F|100\/100\n|turn|1\n|\n|t:|1700586875\n|move|p1a: Meowscarada|Skill Swap|p2a: Grafaiai\n|-start|p1a: Meowscarada|typechange|Psychic|[from] ability: Protean\n|-activate|p1a: Meowscarada|move: Skill Swap|Prankster|Protean|[of] p2a: Grafaiai\n|move|p2a: Grafaiai|Sludge Bomb|p1a: Meowscarada\n|-start|p2a: Grafaiai|typechange|Poison|[from] ability: Protean\n|-damage|p1a: Meowscarada|51\/100\n|\n|upkeep\n|turn|2\n|\n|t:|1700586893\n|move|p1a: Meowscarada|Spikes|p2a: Grafaiai\n|-sidestart|p2: CrowBorn666|Spikes\n|move|p2a: Grafaiai|Nasty Plot|p2a: Grafaiai\n|-boost|p2a: Grafaiai|spa|2\n|\n|upkeep\n|turn|3\n|\n|t:|1700586901\n|move|p1a: Meowscarada|Aura Sphere|p2a: Grafaiai\n|-resisted|p2a: Grafaiai\n|-damage|p2a: Grafaiai|87\/100\n|move|p2a: Grafaiai|Substitute|p2a: Grafaiai\n|-start|p2a: Grafaiai|Substitute\n|-damage|p2a: Grafaiai|62\/100\n|\n|-heal|p2a: Grafaiai|68\/100|[from] item: Leftovers\n|upkeep\n|turn|4\n|c|\u2606ImpIsDum|OH NO\n|c|\u2606ImpIsDum|UHHHHHHHHHHHHHHHHHHHHHHHHHHHHHHHHHHHHHHHHHHHHHHHHHHHHHHHHHHHHHHHHHHHHHHHHHHHHHHHHHHHHHHHHHHHHHHHHHHHHHHHHHHHHHHHHHH\n|c|\u2606CrowBorn666|Hehehehe\n|\n|t:|1700586919\n|move|p1a: Meowscarada|Spikes|p2a: Grafaiai\n|-sidestart|p2: CrowBorn666|Spikes\n|move|p2a: Grafaiai|Sludge Bomb|p1a: Meowscarada\n|-damage|p1a: Meowscarada|0 fnt\n|faint|p1a: Meowscarada\n|\n|-heal|p2a: Grafaiai|74\/100|[from] item: Leftovers\n|upkeep\n|\n|t:|1700586935\n|switch|p1a: Vikavolt|Vikavolt, M|100\/100\n|turn|5\n|c|\u2606ImpIsDum|uh oh\n|\n|t:|1700586943\n|move|p2a: Grafaiai|Acid Spray|p1a: Vikavolt\n|-damage|p1a: Vikavolt|63\/100\n|-unboost|p1a: Vikavolt|spd|2\n|move|p1a: Vikavolt|Crunch|p2a: Grafaiai\n|-end|p2a: Grafaiai|Substitute\n|\n|-heal|p2a: Grafaiai|80\/100|[from] item: Leftovers\n|upkeep\n|turn|6\n|\n|t:|1700586953\n|move|p2a: Grafaiai|Sludge Bomb|p1a: Vikavolt\n|-damage|p1a: Vikavolt|0 fnt\n|faint|p1a: Vikavolt\n|\n|-heal|p2a: Grafaiai|86\/100|[from] item: Leftovers\n|upkeep\n|c|\u2606ImpIsDum|*confused screaming*\n|\n|t:|1700586968\n|switch|p1a: Sylveon|Sylveon, F|100\/100\n|turn|7\n|\n|t:|1700586971\n|move|p2a: Grafaiai|Sludge Bomb|p1a: Sylveon\n|-supereffective|p1a: Sylveon\n|-damage|p1a: Sylveon|3\/100\n|move|p1a: Sylveon|Yawn|p2a: Grafaiai\n|-start|p2a: Grafaiai|move: Yawn|[of] p1a: Sylveon\n|\n|-heal|p2a: Grafaiai|92\/100|[from] item: Leftovers\n|upkeep\n|turn|8\n|\n|t:|1700586983\n|move|p2a: Grafaiai|Substitute|p2a: Grafaiai\n|-start|p2a: Grafaiai|Substitute\n|-damage|p2a: Grafaiai|67\/100\n|move|p1a: Sylveon|Shadow Ball|p2a: Grafaiai\n|-end|p2a: Grafaiai|Substitute\n|\n|-heal|p2a: Grafaiai|73\/100|[from] item: Leftovers\n|-end|p2a: Grafaiai|move: Yawn|[silent]\n|-status|p2a: Grafaiai|slp\n|upkeep\n|turn|9\n|c|\u2606ImpIsDum|BANANA\n|\n|t:|1700587001\n|cant|p2a: Grafaiai|slp\n|move|p1a: Sylveon|Shadow Ball|p2a: Grafaiai\n|-damage|p2a: Grafaiai|31\/100 slp\n|\n|-heal|p2a: Grafaiai|37\/100 slp|[from] item: Leftovers\n|upkeep\n|turn|10\n|c|\u2606CrowBorn666|APPLE\n|\n|t:|1700587013\n|cant|p2a: Grafaiai|slp\n|move|p1a: Sylveon|Shadow Ball|p2a: Grafaiai\n|-damage|p2a: Grafaiai|0 fnt\n|faint|p2a: Grafaiai\n|\n|upkeep\n|\n|t:|1700587021\n|switch|p2a: Grafaiai|Grafaiai, M|100\/100\n|-damage|p2a: Grafaiai|84\/100|[from] Spikes\n|turn|11\n|c|\u2606ImpIsDum|TOMATO\n|\n|t:|1700587030\n|move|p2a: Grafaiai|Trailblaze|p1a: Sylveon\n|-damage|p1a: Sylveon|0 fnt\n|-boost|p2a: Grafaiai|spe|1\n|-start|p2a: Grafaiai|Attract|[from] ability: Cute Charm|[of] p1a: Sylveon\n|faint|p1a: Sylveon\n|-end|p2a: Grafaiai|Attract|[silent]\n|\n|upkeep\n|\n|t:|1700587042\n|switch|p1a: Sushi|Tatsugiri-Droopy, F, shiny|100\/100\n|turn|12\n|\n|t:|1700587048\n|move|p2a: Grafaiai|Trailblaze|p1a: Sushi\n|-damage|p1a: Sushi|74\/100\n|-boost|p2a: Grafaiai|spe|1\n|move|p1a: Sushi|Nasty Plot|p1a: Sushi\n|-boost|p1a: Sushi|spa|2\n|\n|upkeep\n|turn|13\n|\n|t:|1700587059\n|move|p2a: Grafaiai|Knock Off|p1a: Sushi\n|-damage|p1a: Sushi|22\/100\n|-status|p1a: Sushi|psn|[from] ability: Poison Touch|[of] p2a: Grafaiai\n|-enditem|p1a: Sushi|Wise Glasses|[from] move: Knock Off|[of] p2a: Grafaiai\n|move|p1a: Sushi|Nasty Plot|p1a: Sushi\n|-boost|p1a: Sushi|spa|2\n|\n|-damage|p1a: Sushi|10\/100 psn|[from] psn\n|upkeep\n|turn|14\n|\n|t:|1700587070\n|move|p2a: Grafaiai|Shadow Claw|p1a: Sushi\n|-damage|p1a: Sushi|0 fnt\n|faint|p1a: Sushi\n|\n|upkeep\n|\n|t:|1700587075\n|switch|p1a: Beans|Clodsire, M|100\/100\n|turn|15\n|\n|t:|1700587081\n|move|p2a: Grafaiai|Knock Off|p1a: Beans\n|-damage|p1a: Beans|70\/100\n|-enditem|p1a: Beans|Leftovers|[from] move: Knock Off|[of] p2a: Grafaiai\n|move|p1a: Beans|Substitute|p1a: Beans\n|-start|p1a: Beans|Substitute\n|-damage|p1a: Beans|45\/100\n|\n|upkeep\n|turn|16\n|\n|t:|1700587088\n|move|p2a: Grafaiai|Shadow Claw|p1a: Beans\n|-activate|p1a: Beans|move: Substitute|[damage]\n|move|p1a: Beans|Recover|p1a: Beans\n|-heal|p1a: Beans|95\/100\n|\n|upkeep\n|turn|17\n|c|\u2606ImpIsDum|Im sorry\n|\n|t:|1700587098\n|move|p2a: Grafaiai|Shadow Claw|p1a: Beans\n|-end|p1a: Beans|Substitute\n|move|p1a: Beans|Body Slam|p2a: Grafaiai\n|-damage|p2a: Grafaiai|56\/100\n|-status|p2a: Grafaiai|par\n|\n|upkeep\n|turn|18\n|c|\u2606CrowBorn666|Ur good lol\n|\n|t:|1700587116\n|move|p2a: Grafaiai|Shadow Claw|p1a: Beans\n|-crit|p1a: Beans\n|-damage|p1a: Beans|64\/100\n|move|p1a: Beans|Substitute|p1a: Beans\n|-start|p1a: Beans|Substitute\n|-damage|p1a: Beans|39\/100\n|\n|upkeep\n|turn|19\n|c|\u2606ImpIsDum|thanks\n|\n|t:|1700587129\n|move|p2a: Grafaiai|Shadow Claw|p1a: Beans\n|-activate|p1a: Beans|move: Substitute|[damage]\n|move|p1a: Beans|Recover|p1a: Beans\n|-heal|p1a: Beans|89\/100\n|\n|upkeep\n|turn|20\n|\n|t:|1700587136\n|move|p2a: Grafaiai|Shadow Claw|p1a: Beans\n|-end|p1a: Beans|Substitute\n|move|p1a: Beans|Body Slam|p2a: Grafaiai\n|-damage|p2a: Grafaiai|29\/100 par\n|\n|upkeep\n|turn|21\n|\n|t:|1700587142\n|cant|p2a: Grafaiai|par\n|move|p1a: Beans|Body Slam|p2a: Grafaiai\n|-damage|p2a: Grafaiai|3\/100 par\n|\n|upkeep\n|turn|22\n|\n|t:|1700587149\n|move|p2a: Grafaiai|Shadow Claw|p1a: Beans\n|-damage|p1a: Beans|68\/100\n|move|p1a: Beans|Body Slam|p2a: Grafaiai\n|-damage|p2a: Grafaiai|0 fnt\n|faint|p2a: Grafaiai\n|\n|upkeep\n|\n|t:|1700587168\n|switch|p2a: Grafaiai|Grafaiai, F|100\/100\n|-damage|p2a: Grafaiai|84\/100|[from] Spikes\n|turn|23\n|\n|t:|1700587176\n|move|p2a: Grafaiai|Low Kick|p1a: Beans\n|-resisted|p1a: Beans\n|-damage|p1a: Beans|48\/100\n|move|p1a: Beans|Recover|p1a: Beans\n|-heal|p1a: Beans|98\/100\n|\n|upkeep\n|turn|24\n|\n|t:|1700587187\n|move|p2a: Grafaiai|Super Fang|p1a: Beans|[miss]\n|-miss|p2a: Grafaiai|p1a: Beans\n|move|p1a: Beans|Substitute|p1a: Beans\n|-start|p1a: Beans|Substitute\n|-damage|p1a: Beans|73\/100\n|\n|upkeep\n|turn|25\n|\n|t:|1700587194\n|move|p2a: Grafaiai|Facade|p1a: Beans\n|-end|p1a: Beans|Substitute\n|move|p1a: Beans|Body Slam|p2a: Grafaiai\n|-crit|p2a: Grafaiai\n|-damage|p2a: Grafaiai|41\/100\n|-enditem|p2a: Grafaiai|Sitrus Berry|[eat]\n|-heal|p2a: Grafaiai|65\/100|[from] item: Sitrus Berry\n|\n|upkeep\n|turn|26\n|\n|t:|1700587203\n|move|p2a: Grafaiai|Super Fang|p1a: Beans\n|-damage|p1a: Beans|37\/100\n|move|p1a: Beans|Body Slam|p2a: Grafaiai\n|-damage|p2a: Grafaiai|38\/100\n|-status|p2a: Grafaiai|par\n|\n|upkeep\n|turn|27\n|c|\u2606ImpIsDum|please abort your living protocol\n|\n|t:|1700587233\n|move|p2a: Grafaiai|Facade|p1a: Beans\n|-damage|p1a: Beans|0 fnt\n|faint|p1a: Beans\n|\n|upkeep\n|c|\u2606CrowBorn666|Nah lol\n|c|\u2606ImpIsDum|ok but BANANA\n|\n|t:|1700587250\n|switch|p1a: Lucario|Lucario, M|100\/100\n|turn|28\n|c|\u2606CrowBorn666|APPLE\n|\n|t:|1700587259\n|move|p1a: Lucario|Extreme Speed|p2a: Grafaiai\n|-damage|p2a: Grafaiai|0 fnt\n|faint|p2a: Grafaiai\n|\n|upkeep\n|\n|t:|1700587265\n|switch|p2a: Bean|Grafaiai, M, shiny|100\/100\n|-damage|p2a: Bean|84\/100|[from] Spikes\n|turn|29\n|c|\u2606ImpIsDum|KRIS GET THE BANANA\n|c|\u2606ImpIsDum|wait\n|c|\u2606ImpIsDum|\"bean\"\n|c|\u2606CrowBorn666|:)\n|c|\u2606ImpIsDum|I LOVE IT\n|c|\u2606CrowBorn666|Ty!\n|c|\u2606ImpIsDum|MY CLODSIRE IS NAMED BEANS\n|\n|t:|1700587301\n|-terastallize|p2a: Bean|Ghost\n|move|p2a: Bean|Encore|p1a: Lucario\n|-start|p1a: Lucario|Encore\n|move|p1a: Lucario|Extreme Speed|p2a: Bean\n|-immune|p2a: Bean\n|\n|-heal|p2a: Bean|90\/100|[from] item: Leftovers\n|upkeep\n|turn|30\n|c|\u2606ImpIsDum|you little\n|\n|t:|1700587315\n|move|p1a: Lucario|Extreme Speed|p2a: Bean\n|-immune|p2a: Bean\n|move|p2a: Bean|Swords Dance|p2a: Bean\n|-boost|p2a: Bean|atk|2\n|\n|-heal|p2a: Bean|96\/100|[from] item: Leftovers\n|upkeep\n|turn|31\n|c|\u2606CrowBorn666|Hehehehe\n|\n|t:|1700587324\n|move|p1a: Lucario|Extreme Speed|p2a: Bean\n|-immune|p2a: Bean\n|move|p2a: Bean|Swords Dance|p2a: Bean\n|-boost|p2a: Bean|atk|2\n|\n|-heal|p2a: Bean|100\/100|[from] item: Leftovers\n|-end|p1a: Lucario|Encore\n|upkeep\n|turn|32\n|\n|t:|1700587334\n|move|p2a: Bean|Encore|p1a: Lucario\n|-start|p1a: Lucario|Encore\n|move|p1a: Lucario|Extreme Speed|p2a: Bean\n|-immune|p2a: Bean\n|\n|upkeep\n|turn|33\n|c|\u2606ImpIsDum|YOU CAN DO THAT???????\n|c|\u2606CrowBorn666|Gotta love prankster\n|c|\u2606ImpIsDum|I HAVE EARTHQUAKE lol uh\n|\n|t:|1700587366\n|move|p1a: Lucario|Extreme Speed|p2a: Bean\n|-immune|p2a: Bean\n|move|p2a: Bean|Shadow Claw|p1a: Lucario\n|-damage|p1a: Lucario|0 fnt\n|faint|p1a: Lucario\n|\n|win|CrowBorn666\n|raw|ImpIsDum's rating: 1030 &rarr; <strong>1018<\/strong><br \/>(-12 for losing)\n|raw|CrowBorn666's rating: 1099 &rarr; <strong>1119<\/strong><br \/>(+20 for winning)\n|c|\u2606CrowBorn666|Gg!\n|c|\u2606ImpIsDum|gg\n|c|\u2606ImpIsDum|...................\n|c|\u2606ImpIsDum|.______________.\n|c|\u2606CrowBorn666|:)\n|c|\u2606ImpIsDum|-_____________________________________-\n|c|\u2606ImpIsDum|i didnt know you could do that\n|c|\u2606CrowBorn666|You learn new things everyday\n|c|\u2606ImpIsDum|ima go exploit it now\n|c|\u2606CrowBorn666|Do iiit\n|c|\u2606ImpIsDum|ok sure\n|l|\u2606ImpIsDum\n","uploadtime":1700587461,"views":8,"p1id":"impisdum","p2id":"crowborn666","formatid":"gen9anythinggoes","rating":1018,"private":0,"password":""}