{"id":"gen9anythinggoes-1977140444","p1":"PokeCenter Boy","p2":"grass knot zygarde","format":"[Gen 9] Anything Goes","log":"|j|\u2606PokeCenter Boy\n|j|\u2606grass knot zygarde\n|t:|1698376325\n|gametype|singles\n|player|p1|PokeCenter Boy|palmer|1206\n|player|p2|grass knot zygarde|dawn|1206\n|teamsize|p1|6\n|teamsize|p2|6\n|gen|9\n|tier|[Gen 9] Anything Goes\n|rated|\n|rule|HP Percentage Mod: HP is shown in percentages\n|rule|Endless Battle Clause: Forcing endless battles is banned\n|clearpoke\n|poke|p1|Vivillon-Pokeball, M|\n|poke|p1|Ceruledge, M|\n|poke|p1|Roaring Moon|\n|poke|p1|Grafaiai, M|\n|poke|p1|Chien-Pao|\n|poke|p1|Darkrai|\n|poke|p2|Ursaluna-Bloodmoon, M|\n|poke|p2|Calyrex-Ice|\n|poke|p2|Arceus|\n|poke|p2|Arceus-Grass|\n|poke|p2|Koraidon|\n|poke|p2|Rayquaza|\n|teampreview\n|\n|t:|1698376356\n|start\n|switch|p1a: Monarchist|Vivillon-Pokeball, M|100\/100\n|switch|p2a: Arceus|Arceus-Grass|100\/100\n|turn|1\n|j| peppinopizzarizz\n|\n|t:|1698376366\n|move|p1a: Monarchist|Substitute|p1a: Monarchist\n|-start|p1a: Monarchist|Substitute\n|-damage|p1a: Monarchist|76\/100\n|move|p2a: Arceus|Taunt|p1a: Monarchist\n|-start|p1a: Monarchist|move: Taunt\n|\n|-heal|p1a: Monarchist|82\/100|[from] item: Leftovers\n|upkeep\n|turn|2\n|\n|t:|1698376375\n|switch|p1a: Shadow|Darkrai|100\/100\n|switch|p2a: Rayquaza|Rayquaza|100\/100\n|-ability|p2a: Rayquaza|Air Lock\n|\n|upkeep\n|turn|3\n|\n|t:|1698376386\n|move|p1a: Shadow|Hypnosis|p2a: Rayquaza\n|-status|p2a: Rayquaza|slp|[from] move: Hypnosis\n|cant|p2a: Rayquaza|slp\n|\n|-damage|p2a: Rayquaza|88\/100 slp|[from] ability: Bad Dreams|[of] p1a: Shadow\n|upkeep\n|turn|4\n|\n|t:|1698376393\n|move|p1a: Shadow|Substitute|p1a: Shadow\n|-start|p1a: Shadow|Substitute\n|-damage|p1a: Shadow|76\/100\n|cant|p2a: Rayquaza|slp\n|\n|-damage|p2a: Rayquaza|76\/100 slp|[from] ability: Bad Dreams|[of] p1a: Shadow\n|upkeep\n|turn|5\n|c| peppinopizzarizz|it's 'krai\n|\n|t:|1698376400\n|move|p1a: Shadow|Nasty Plot|p1a: Shadow\n|-boost|p1a: Shadow|spa|2\n|cant|p2a: Rayquaza|slp\n|\n|-damage|p2a: Rayquaza|64\/100 slp|[from] ability: Bad Dreams|[of] p1a: Shadow\n|upkeep\n|turn|6\n|\n|t:|1698376407\n|-curestatus|p2a: Rayquaza|slp|[msg]\n|move|p2a: Rayquaza|Extreme Speed|p1a: Shadow\n|-end|p1a: Shadow|Substitute\n|move|p1a: Shadow|Dark Pulse|p2a: Rayquaza\n|-damage|p2a: Rayquaza|0 fnt\n|faint|p2a: Rayquaza\n|-damage|p1a: Shadow|66\/100|[from] item: Life Orb\n|\n|upkeep\n|\n|t:|1698376412\n|switch|p2a: Koraidon|Koraidon|100\/100\n|-weather|SunnyDay|[from] ability: Orichalcum Pulse|[of] p2a: Koraidon\n|-activate|p2a: Koraidon|Orichalcum Pulse|[source]\n|turn|7\n|\n|t:|1698376420\n|move|p2a: Koraidon|Outrage|p1a: Shadow\n|-damage|p1a: Shadow|0 fnt\n|faint|p1a: Shadow\n|\n|-weather|SunnyDay|[upkeep]\n|upkeep\n|\n|t:|1698376431\n|switch|p1a: Loki|Chien-Pao|100\/100\n|-ability|p1a: Loki|Sword of Ruin\n|turn|8\n|\n|t:|1698376438\n|move|p2a: Koraidon|Outrage|p1a: Loki|[from]lockedmove\n|-damage|p1a: Loki|0 fnt\n|faint|p1a: Loki\n|-start|p2a: Koraidon|confusion|[fatigue]\n|\n|-weather|SunnyDay|[upkeep]\n|upkeep\n|\n|t:|1698376444\n|switch|p1a: Greatsword|Ceruledge, M|100\/100\n|turn|9\n|\n|t:|1698376448\n|-activate|p2a: Koraidon|confusion\n|move|p2a: Koraidon|Outrage|p1a: Greatsword\n|-enditem|p1a: Greatsword|Focus Sash\n|-damage|p1a: Greatsword|1\/100\n|-ability|p1a: Greatsword|Weak Armor|boost\n|-unboost|p1a: Greatsword|def|1\n|-boost|p1a: Greatsword|spe|2\n|move|p1a: Greatsword|Swords Dance|p1a: Greatsword\n|-boost|p1a: Greatsword|atk|2\n|\n|-weather|SunnyDay|[upkeep]\n|upkeep\n|turn|10\n|\n|t:|1698376464\n|-end|p2a: Koraidon|confusion\n|move|p2a: Koraidon|Outrage|p1a: Greatsword|[from]lockedmove\n|-damage|p1a: Greatsword|0 fnt\n|faint|p1a: Greatsword\n|-start|p2a: Koraidon|confusion|[fatigue]\n|\n|-weather|SunnyDay|[upkeep]\n|upkeep\n|-message|PokeCenter Boy forfeited.\n|\n|win|grass knot zygarde\n|raw|PokeCenter Boy's rating: 1206 &rarr; <strong>1181<\/strong><br \/>(-25 for losing)\n|raw|grass knot zygarde's rating: 1206 &rarr; <strong>1231<\/strong><br \/>(+25 for winning)\n|c| peppinopizzarizz|PFFFF\n|l|\u2606PokeCenter Boy\n","uploadtime":1698376475,"views":8,"p1id":"pokecenterboy","p2id":"grassknotzygarde","formatid":"gen9anythinggoes","rating":1181,"private":0,"password":""}