{"id":"gen9anythinggoes-1989232987","p1":"vfjhvfhbbuui","p2":"TheReaper7898","format":"[Gen 9] Anything Goes","log":"|j|\u2606vfjhvfhbbuui\n|j|\u2606TheReaper7898\n|t:|1699826160\n|gametype|singles\n|player|p1|vfjhvfhbbuui|youngster-gen4dp|1000\n|player|p2|TheReaper7898|blackbelt-gen4dp|1055\n|teamsize|p1|6\n|teamsize|p2|6\n|gen|9\n|tier|[Gen 9] Anything Goes\n|rated|\n|rule|HP Percentage Mod: HP is shown in percentages\n|rule|Endless Battle Clause: Forcing endless battles is banned\n|clearpoke\n|poke|p1|Dialga|\n|poke|p1|Eternatus|\n|poke|p1|Groudon|\n|poke|p1|Giratina-Origin|\n|poke|p1|Arceus|\n|poke|p1|Kyogre|\n|poke|p2|Palafin, F|\n|poke|p2|Donphan, L1, M|\n|poke|p2|Kyogre|\n|poke|p2|Overqwil, M|\n|poke|p2|Rotom-Wash|\n|poke|p2|Greninja-*, M|\n|teampreview\n|\n|t:|1699826171\n|start\n|switch|p1a: Kyogre|Kyogre|100\/100\n|switch|p2a: Donphan|Donphan, L1, M|100\/100\n|-weather|RainDance|[from] ability: Drizzle|[of] p1a: Kyogre\n|turn|1\n|\n|t:|1699826184\n|move|p1a: Kyogre|Origin Pulse|p2a: Donphan\n|-supereffective|p2a: Donphan\n|-ability|p2a: Donphan|Sturdy\n|-damage|p2a: Donphan|8\/100\n|move|p2a: Donphan|Endeavor|p1a: Kyogre\n|-damage|p1a: Kyogre|1\/100\n|-heal|p2a: Donphan|100\/100|[from] item: Shell Bell|[of] p1a: Kyogre\n|\n|-weather|RainDance|[upkeep]\n|-heal|p1a: Kyogre|7\/100|[from] item: Leftovers\n|upkeep\n|turn|2\n|\n|t:|1699826216\n|move|p2a: Donphan|Ice Shard|p1a: Kyogre\n|-resisted|p1a: Kyogre\n|-damage|p1a: Kyogre|7\/100\n|move|p1a: Kyogre|Hydro Pump|p2a: Donphan\n|-supereffective|p2a: Donphan\n|-ability|p2a: Donphan|Sturdy\n|-damage|p2a: Donphan|8\/100\n|\n|-weather|RainDance|[upkeep]\n|-heal|p1a: Kyogre|13\/100|[from] item: Leftovers\n|upkeep\n|turn|3\n|inactive|Battle timer is ON: inactive players will automatically lose when time's up. (requested by vfjhvfhbbuui)\n|\n|t:|1699826227\n|move|p2a: Donphan|Endure|p2a: Donphan\n|-singleturn|p2a: Donphan|move: Endure\n|move|p1a: Kyogre|Origin Pulse|p2a: Donphan|[miss]\n|-miss|p1a: Kyogre|p2a: Donphan\n|\n|-weather|RainDance|[upkeep]\n|-heal|p1a: Kyogre|19\/100|[from] item: Leftovers\n|upkeep\n|turn|4\n|\n|t:|1699826237\n|move|p1a: Kyogre|Hydro Pump|p2a: Donphan\n|-supereffective|p2a: Donphan\n|-damage|p2a: Donphan|0 fnt\n|faint|p2a: Donphan\n|\n|-weather|RainDance|[upkeep]\n|-heal|p1a: Kyogre|25\/100|[from] item: Leftovers\n|upkeep\n|\n|t:|1699826242\n|switch|p2a: Kyogre|Kyogre|100\/100\n|turn|5\n|\n|t:|1699826250\n|switch|p1a: Eternatus|Eternatus|100\/100\n|-ability|p1a: Eternatus|Pressure\n|move|p2a: Kyogre|Thunder|p1a: Eternatus\n|-resisted|p1a: Eternatus\n|-damage|p1a: Eternatus|81\/100\n|-status|p1a: Eternatus|par\n|\n|-weather|none\n|upkeep\n|turn|6\n|\n|t:|1699826264\n|move|p2a: Kyogre|Earthquake|p1a: Eternatus\n|-supereffective|p1a: Eternatus\n|-damage|p1a: Eternatus|48\/100 par\n|move|p1a: Eternatus|Gunk Shot|p2a: Kyogre\n|-damage|p2a: Kyogre|60\/100\n|\n|-heal|p2a: Kyogre|67\/100|[from] item: Leftovers\n|upkeep\n|turn|7\n|\n|t:|1699826277\n|move|p2a: Kyogre|Earthquake|p1a: Eternatus\n|-supereffective|p1a: Eternatus\n|-damage|p1a: Eternatus|15\/100 par\n|move|p1a: Eternatus|Draco Meteor|p2a: Kyogre\n|-damage|p2a: Kyogre|24\/100\n|-unboost|p1a: Eternatus|spa|2\n|\n|-heal|p2a: Kyogre|30\/100|[from] item: Leftovers\n|upkeep\n|turn|8\n|\n|t:|1699826288\n|switch|p1a: Giratina|Giratina-Origin|100\/100\n|move|p2a: Kyogre|Earthquake|p1a: Giratina\n|-immune|p1a: Giratina|[from] ability: Levitate\n|\n|-heal|p2a: Kyogre|37\/100|[from] item: Leftovers\n|upkeep\n|turn|9\n|\n|t:|1699826298\n|move|p1a: Giratina|Draco Meteor|p2a: Kyogre\n|-damage|p2a: Kyogre|0 fnt\n|-unboost|p1a: Giratina|spa|2\n|faint|p2a: Kyogre\n|\n|upkeep\n|\n|t:|1699826303\n|switch|p2a: Overqwil|Overqwil, M, shiny|100\/100\n|turn|10\n|\n|t:|1699826313\n|move|p2a: Overqwil|Poison Jab|p1a: Giratina\n|-resisted|p1a: Giratina\n|-damage|p1a: Giratina|86\/100\n|move|p1a: Giratina|Thunder|p2a: Overqwil\n|-damage|p2a: Overqwil|85\/100\n|\n|upkeep\n|turn|11\n|\n|t:|1699826321\n|move|p2a: Overqwil|Poison Jab|p1a: Giratina\n|-resisted|p1a: Giratina\n|-damage|p1a: Giratina|73\/100\n|move|p1a: Giratina|Stone Edge|p2a: Overqwil\n|-damage|p2a: Overqwil|50\/100\n|\n|upkeep\n|turn|12\n|\n|t:|1699826332\n|move|p2a: Overqwil|Barb Barrage|p1a: Giratina\n|-resisted|p1a: Giratina\n|-damage|p1a: Giratina|63\/100\n|-status|p1a: Giratina|psn\n|move|p1a: Giratina|Stone Edge|p2a: Overqwil\n|-damage|p2a: Overqwil|17\/100\n|\n|-damage|p1a: Giratina|51\/100 psn|[from] psn\n|upkeep\n|turn|13\n|\n|t:|1699826340\n|move|p2a: Overqwil|Barb Barrage|p1a: Giratina\n|-resisted|p1a: Giratina\n|-damage|p1a: Giratina|31\/100 psn\n|move|p1a: Giratina|Earthquake|p2a: Overqwil\n|-supereffective|p2a: Overqwil\n|-damage|p2a: Overqwil|0 fnt\n|faint|p2a: Overqwil\n|\n|-damage|p1a: Giratina|19\/100 psn|[from] psn\n|upkeep\n|\n|t:|1699826344\n|switch|p2a: Rotom|Rotom-Wash, shiny|100\/100\n|turn|14\n|\n|t:|1699826354\n|switch|p1a: Dialga|Dialga|100\/100\n|-ability|p1a: Dialga|Pressure\n|move|p2a: Rotom|Dark Pulse|p1a: Dialga\n|-damage|p1a: Dialga|78\/100\n|\n|upkeep\n|turn|15\n|\n|t:|1699826366\n|move|p2a: Rotom|Discharge|p1a: Dialga\n|-resisted|p1a: Dialga\n|-damage|p1a: Dialga|63\/100\n|move|p1a: Dialga|Draco Meteor|p2a: Rotom\n|-damage|p2a: Rotom|2\/100\n|-unboost|p1a: Dialga|spa|2\n|\n|upkeep\n|turn|16\n|\n|t:|1699826380\n|move|p2a: Rotom|Shadow Ball|p1a: Dialga\n|-crit|p1a: Dialga\n|-damage|p1a: Dialga|30\/100\n|move|p1a: Dialga|Draco Meteor|p2a: Rotom\n|-damage|p2a: Rotom|0 fnt\n|-unboost|p1a: Dialga|spa|2\n|faint|p2a: Rotom\n|\n|upkeep\n|\n|t:|1699826388\n|switch|p2a: Palafin|Palafin, F, shiny|100\/100\n|turn|17\n|\n|t:|1699826402\n|move|p2a: Palafin|Outrage|p1a: Dialga\n|-crit|p1a: Dialga\n|-damage|p1a: Dialga|0 fnt\n|faint|p1a: Dialga\n|-damage|p2a: Palafin|91\/100|[from] item: Life Orb\n|\n|upkeep\n|\n|t:|1699826411\n|switch|p1a: Arceus|Arceus|100\/100\n|turn|18\n|\n|t:|1699826424\n|move|p2a: Palafin|Outrage|p1a: Arceus|[from]lockedmove\n|-damage|p1a: Arceus|75\/100\n|-damage|p2a: Palafin|81\/100|[from] item: Life Orb\n|move|p1a: Arceus|Draco Meteor|p2a: Palafin\n|-damage|p2a: Palafin|31\/100\n|-unboost|p1a: Arceus|spa|2\n|\n|upkeep\n|turn|19\n|\n|t:|1699826436\n|move|p2a: Palafin|Outrage|p1a: Arceus|[from]lockedmove\n|-damage|p1a: Arceus|50\/100\n|-damage|p2a: Palafin|21\/100|[from] item: Life Orb\n|-start|p2a: Palafin|confusion|[fatigue]\n|move|p1a: Arceus|Gunk Shot|p2a: Palafin\n|-damage|p2a: Palafin|0 fnt\n|faint|p2a: Palafin\n|\n|upkeep\n|\n|t:|1699826442\n|switch|p2a: Greninja|Greninja, M, shiny|100\/100\n|turn|20\n|\n|t:|1699826454\n|switch|p1a: Groudon|Groudon|100\/100\n|-weather|SunnyDay|[from] ability: Drought|[of] p1a: Groudon\n|move|p2a: Greninja|Low Kick|p1a: Groudon\n|-start|p2a: Greninja|typechange|Fighting|[from] ability: Protean\n|-damage|p1a: Groudon|76\/100\n|\n|-weather|SunnyDay|[upkeep]\n|upkeep\n|turn|21\n|\n|t:|1699826466\n|-singleturn|p1a: Groudon|move: Focus Punch\n|move|p2a: Greninja|Water Shuriken|p1a: Groudon\n|-supereffective|p1a: Groudon\n|-damage|p1a: Groudon|72\/100\n|-supereffective|p1a: Groudon\n|-damage|p1a: Groudon|67\/100\n|-hitcount|p1a: Groudon|2\n|cant|p1a: Groudon|Focus Punch|Focus Punch\n|\n|-weather|SunnyDay|[upkeep]\n|upkeep\n|turn|22\n|\n|t:|1699826485\n|-singleturn|p1a: Groudon|move: Focus Punch\n|move|p2a: Greninja|Dig||[still]\n|-prepare|p2a: Greninja|Dig\n|move|p1a: Groudon|Focus Punch|p2a: Greninja|[miss]\n|-miss|p1a: Groudon|p2a: Greninja\n|\n|-weather|SunnyDay|[upkeep]\n|upkeep\n|turn|23\n|\n|t:|1699826492\n|-singleturn|p1a: Groudon|move: Focus Punch\n|move|p2a: Greninja|Dig|p1a: Groudon|[from]lockedmove\n|-damage|p1a: Groudon|55\/100\n|cant|p1a: Groudon|Focus Punch|Focus Punch\n|\n|-weather|SunnyDay|[upkeep]\n|upkeep\n|turn|24\n|\n|t:|1699826499\n|-singleturn|p1a: Groudon|move: Focus Punch\n|move|p2a: Greninja|Low Kick|p1a: Groudon\n|-damage|p1a: Groudon|29\/100\n|cant|p1a: Groudon|Focus Punch|Focus Punch\n|\n|-weather|none\n|upkeep\n|turn|25\n|\n|t:|1699826513\n|switch|p1a: Arceus|Arceus|50\/100\n|move|p2a: Greninja|Water Shuriken|p1a: Arceus\n|-damage|p1a: Arceus|47\/100\n|-damage|p1a: Arceus|44\/100\n|-hitcount|p1a: Arceus|2\n|\n|upkeep\n|turn|26\n|\n|t:|1699826520\n|move|p2a: Greninja|Low Kick|p1a: Arceus\n|-supereffective|p1a: Arceus\n|-damage|p1a: Arceus|0 fnt\n|faint|p1a: Arceus\n|\n|upkeep\n|\n|t:|1699826525\n|switch|p1a: Kyogre|Kyogre|25\/100\n|-weather|RainDance|[from] ability: Drizzle|[of] p1a: Kyogre\n|turn|27\n|\n|t:|1699826531\n|move|p2a: Greninja|Dig||[still]\n|-prepare|p2a: Greninja|Dig\n|move|p1a: Kyogre|Double-Edge|p2a: Greninja|[miss]\n|-miss|p1a: Kyogre|p2a: Greninja\n|\n|-weather|RainDance|[upkeep]\n|-heal|p1a: Kyogre|31\/100|[from] item: Leftovers\n|upkeep\n|turn|28\n|\n|t:|1699826543\n|move|p2a: Greninja|Dig|p1a: Kyogre|[from]lockedmove\n|-damage|p1a: Kyogre|15\/100\n|move|p1a: Kyogre|Blizzard|p2a: Greninja\n|-crit|p2a: Greninja\n|-damage|p2a: Greninja|4\/100\n|\n|-weather|RainDance|[upkeep]\n|-heal|p1a: Kyogre|21\/100|[from] item: Leftovers\n|upkeep\n|turn|29\n|\n|t:|1699826552\n|move|p2a: Greninja|Low Kick|p1a: Kyogre\n|-damage|p1a: Kyogre|0 fnt\n|faint|p1a: Kyogre\n|\n|-weather|RainDance|[upkeep]\n|upkeep\n|\n|t:|1699826557\n|switch|p1a: Giratina|Giratina-Origin|19\/100 psn\n|turn|30\n|\n|t:|1699826561\n|move|p2a: Greninja|Dig||[still]\n|-prepare|p2a: Greninja|Dig\n|move|p1a: Giratina|Draco Meteor|p2a: Greninja|[miss]\n|-miss|p1a: Giratina|p2a: Greninja\n|\n|-weather|RainDance|[upkeep]\n|-damage|p1a: Giratina|7\/100 psn|[from] psn\n|upkeep\n|turn|31\n|l|\u2606vfjhvfhbbuui\n|inactive|vfjhvfhbbuui disconnected and has a minute to reconnect!\n|player|p1|\n|inactive|vfjhvfhbbuui has 30 seconds to reconnect!\n|inactive|vfjhvfhbbuui has 20 seconds to reconnect!\n|inactive|vfjhvfhbbuui has 15 seconds to reconnect!\n|inactive|vfjhvfhbbuui has 10 seconds to reconnect!\n|inactive|vfjhvfhbbuui has 5 seconds to reconnect!\n|-message|vfjhvfhbbuui lost due to inactivity.\n|\n|win|TheReaper7898\n|raw|vfjhvfhbbuui's rating: 1000 &rarr; <strong>1000<\/strong><br \/>(+0 for losing)\n|raw|TheReaper7898's rating: 1055 &rarr; <strong>1082<\/strong><br \/>(+27 for winning)\n","uploadtime":1699826648,"views":4,"p1id":"vfjhvfhbbuui","p2id":"thereaper7898","formatid":"gen9anythinggoes","rating":1000,"private":0,"password":""}