{"id":"gen9anythinggoes-1996272401","p1":"ZacianHero160","p2":"teet4t44","format":"[Gen 9] Anything Goes","log":"|j|\u2606ZacianHero160\n|j|\u2606teet4t44\n|inactive|Battle timer is ON: inactive players will automatically lose when time's up.\n|t:|1700666243\n|gametype|singles\n|player|p1|ZacianHero160|cynthia-masters|\n|player|p2|teet4t44|265|\n|teamsize|p1|6\n|teamsize|p2|6\n|gen|9\n|tier|[Gen 9] Anything Goes\n|rated|Tournament battle\n|rule|HP Percentage Mod: HP is shown in percentages\n|rule|Endless Battle Clause: Forcing endless battles is banned\n|clearpoke\n|poke|p1|Calyrex-Shadow|\n|poke|p1|Arceus-Ground|\n|poke|p1|Koraidon|\n|poke|p1|Arceus|\n|poke|p1|Eternatus|\n|poke|p1|Arceus-Fairy|\n|poke|p2|Grimmsnarl, M|\n|poke|p2|Kyogre|\n|poke|p2|Calyrex-Shadow|\n|poke|p2|Arceus|\n|poke|p2|Koraidon|\n|poke|p2|Zacian-*|\n|teampreview\n|inactive|ZacianHero160 also wants the timer to be on.\n|\n|t:|1700666248\n|start\n|switch|p1a: Arceus|Arceus-Fairy|100\/100\n|switch|p2a: Grimmsnarl|Grimmsnarl, M|100\/100\n|turn|1\n|\n|t:|1700666255\n|move|p2a: Grimmsnarl|Taunt|p1a: Arceus\n|-start|p1a: Arceus|move: Taunt\n|cant|p1a: Arceus|move: Taunt|Calm Mind\n|\n|upkeep\n|turn|2\n|\n|t:|1700666257\n|move|p2a: Grimmsnarl|Thunder Wave|p1a: Arceus\n|-status|p1a: Arceus|par\n|cant|p1a: Arceus|par\n|\n|upkeep\n|turn|3\n|\n|t:|1700666262\n|move|p2a: Grimmsnarl|Reflect|p2a: Grimmsnarl\n|-sidestart|p2: teet4t44|Reflect\n|move|p1a: Arceus|Judgment|p2a: Grimmsnarl\n|-supereffective|p2a: Grimmsnarl\n|-damage|p2a: Grimmsnarl|24\/100\n|\n|-end|p1a: Arceus|move: Taunt\n|upkeep\n|turn|4\n|\n|t:|1700666264\n|move|p2a: Grimmsnarl|Taunt|p1a: Arceus\n|-start|p1a: Arceus|move: Taunt\n|move|p1a: Arceus|Judgment|p2a: Grimmsnarl\n|-supereffective|p2a: Grimmsnarl\n|-damage|p2a: Grimmsnarl|0 fnt\n|faint|p2a: Grimmsnarl\n|\n|upkeep\n|\n|t:|1700666270\n|switch|p2a: Zacian|Zacian-Crowned|100\/100\n|-ability|p2a: Zacian|Intrepid Sword|boost\n|-boost|p2a: Zacian|atk|1\n|turn|5\n|\n|t:|1700666273\n|switch|p1a: Koraidon|Koraidon|100\/100\n|-weather|SunnyDay|[from] ability: Orichalcum Pulse|[of] p1a: Koraidon\n|-activate|p1a: Koraidon|Orichalcum Pulse|[source]\n|move|p2a: Zacian|Behemoth Blade|p1a: Koraidon\n|-damage|p1a: Koraidon|27\/100\n|\n|-weather|SunnyDay|[upkeep]\n|upkeep\n|turn|6\n|\n|t:|1700666286\n|switch|p2a: Kyogre|Kyogre|100\/100\n|-weather|RainDance|[from] ability: Drizzle|[of] p2a: Kyogre\n|move|p1a: Koraidon|Flare Blitz|p2a: Kyogre\n|-resisted|p2a: Kyogre\n|-damage|p2a: Kyogre|96\/100\n|-damage|p1a: Koraidon|25\/100|[from] Recoil\n|\n|-weather|RainDance|[upkeep]\n|upkeep\n|turn|7\n|\n|t:|1700666294\n|switch|p1a: Arceus|Arceus-Fairy|100\/100 par\n|move|p2a: Kyogre|Ice Beam|p1a: Arceus\n|-damage|p1a: Arceus|74\/100 par\n|\n|-weather|RainDance|[upkeep]\n|upkeep\n|turn|8\n|\n|t:|1700666297\n|move|p2a: Kyogre|Origin Pulse|p1a: Arceus\n|-damage|p1a: Arceus|0 fnt\n|faint|p1a: Arceus\n|\n|-weather|RainDance|[upkeep]\n|upkeep\n|\n|t:|1700666305\n|switch|p1a: Calyrex|Calyrex-Shadow|100\/100\n|-ability|p1a: Calyrex|As One\n|-ability|p1a: Calyrex|Unnerve\n|turn|9\n|\n|t:|1700666310\n|move|p1a: Calyrex|Nasty Plot|p1a: Calyrex\n|-boost|p1a: Calyrex|spa|2\n|move|p2a: Kyogre|Origin Pulse|p1a: Calyrex\n|-enditem|p1a: Calyrex|Focus Sash\n|-damage|p1a: Calyrex|1\/100\n|\n|-weather|RainDance|[upkeep]\n|upkeep\n|turn|10\n|\n|t:|1700666314\n|move|p1a: Calyrex|Astral Barrage|p2a: Kyogre\n|-damage|p2a: Kyogre|1\/100\n|move|p2a: Kyogre|Ice Beam|p1a: Calyrex\n|-damage|p1a: Calyrex|0 fnt\n|faint|p1a: Calyrex\n|\n|-weather|none\n|-sideend|p2: teet4t44|Reflect\n|upkeep\n|c|\u2606teet4t44|omg\n|\n|t:|1700666324\n|switch|p1a: Koraidon|Koraidon|25\/100\n|-weather|SunnyDay|[from] ability: Orichalcum Pulse|[of] p1a: Koraidon\n|-activate|p1a: Koraidon|Orichalcum Pulse|[source]\n|turn|11\n|\n|t:|1700666332\n|move|p1a: Koraidon|Close Combat|p2a: Kyogre\n|-damage|p2a: Kyogre|0 fnt\n|-unboost|p1a: Koraidon|def|1\n|-unboost|p1a: Koraidon|spd|1\n|faint|p2a: Kyogre\n|\n|-weather|SunnyDay|[upkeep]\n|upkeep\n|\n|t:|1700666335\n|switch|p2a: Arceus|Arceus|100\/100\n|turn|12\n|\n|t:|1700666338\n|-terastallize|p1a: Koraidon|Ghost\n|move|p2a: Arceus|Extreme Speed|p1a: Koraidon\n|-immune|p1a: Koraidon\n|move|p1a: Koraidon|Close Combat|p2a: Arceus\n|-supereffective|p2a: Arceus\n|-damage|p2a: Arceus|0 fnt\n|-unboost|p1a: Koraidon|def|1\n|-unboost|p1a: Koraidon|spd|1\n|faint|p2a: Arceus\n|\n|-weather|SunnyDay|[upkeep]\n|upkeep\n|\n|t:|1700666347\n|switch|p2a: Calyrex|Calyrex-Shadow|100\/100\n|-ability|p2a: Calyrex|As One\n|-ability|p2a: Calyrex|Unnerve\n|turn|13\n|\n|t:|1700666360\n|switch|p1a: Arceus|Arceus|100\/100\n|move|p2a: Calyrex|Astral Barrage|p1a: Arceus\n|-immune|p1a: Arceus\n|\n|-weather|SunnyDay|[upkeep]\n|upkeep\n|turn|14\n|\n|t:|1700666375\n|switch|p2a: Koraidon|Koraidon|100\/100\n|-activate|p2a: Koraidon|ability: Orichalcum Pulse\n|switch|p1a: Koraidon|Koraidon, tera:Ghost|25\/100\n|-activate|p1a: Koraidon|ability: Orichalcum Pulse\n|\n|-weather|SunnyDay|[upkeep]\n|upkeep\n|turn|15\n|\n|t:|1700666383\n|move|p1a: Koraidon|Outrage|p2a: Koraidon\n|-supereffective|p2a: Koraidon\n|-damage|p2a: Koraidon|0 fnt\n|faint|p2a: Koraidon\n|\n|-weather|none\n|upkeep\n|\n|t:|1700666390\n|switch|p2a: Calyrex|Calyrex-Shadow|100\/100\n|-ability|p2a: Calyrex|As One\n|-ability|p2a: Calyrex|Unnerve\n|turn|16\n|\n|t:|1700666392\n|move|p1a: Koraidon|Outrage|p2a: Calyrex|[from]lockedmove\n|-damage|p2a: Calyrex|23\/100\n|move|p2a: Calyrex|Psychic|p1a: Koraidon\n|-damage|p1a: Koraidon|0 fnt\n|faint|p1a: Koraidon\n|-ability|p2a: Calyrex|Grim Neigh|boost\n|-boost|p2a: Calyrex|spa|1\n|\n|upkeep\n|\n|t:|1700666396\n|switch|p1a: Arceus|Arceus|100\/100\n|turn|17\n|\n|t:|1700666401\n|move|p2a: Calyrex|Psychic|p1a: Arceus\n|-damage|p1a: Arceus|45\/100\n|move|p1a: Arceus|Shadow Claw|p2a: Calyrex\n|-supereffective|p2a: Calyrex\n|-crit|p2a: Calyrex\n|-damage|p2a: Calyrex|0 fnt\n|faint|p2a: Calyrex\n|\n|upkeep\n|\n|t:|1700666405\n|switch|p2a: Zacian|Zacian-Crowned|100\/100\n|turn|18\n|\n|t:|1700666428\n|move|p1a: Arceus|Extreme Speed|p2a: Zacian\n|-resisted|p2a: Zacian\n|-damage|p2a: Zacian|82\/100\n|move|p2a: Zacian|Swords Dance|p2a: Zacian\n|-boost|p2a: Zacian|atk|2\n|\n|upkeep\n|turn|19\n|\n|t:|1700666440\n|switch|p1a: Eternatus|Eternatus|100\/100\n|-ability|p1a: Eternatus|Pressure\n|move|p2a: Zacian|Behemoth Blade|p1a: Eternatus\n|-damage|p1a: Eternatus|0 fnt\n|faint|p1a: Eternatus\n|\n|upkeep\n|\n|t:|1700666441\n|switch|p1a: Arceus|Arceus-Ground|100\/100\n|turn|20\n|\n|t:|1700666444\n|move|p2a: Zacian|Behemoth Blade|p1a: Arceus\n|-damage|p1a: Arceus|8\/100\n|move|p1a: Arceus|Judgment|p2a: Zacian\n|-supereffective|p2a: Zacian\n|-damage|p2a: Zacian|0 fnt\n|faint|p2a: Zacian\n|\n|win|ZacianHero160\n|n|\u2606ZacianHero160|zacianhero160\n|n|\u2606teet4t44|teet4t44\n","uploadtime":1700666445,"views":0,"p1id":"zacianhero160","p2id":"teet4t44","formatid":"gen9anythinggoes","rating":0,"private":0,"password":""}