{"id":"gen9anythinggoes-1991557340","p1":"uyufyttrdfghji","p2":"Mattattac","format":"[Gen 9] Anything Goes","log":"|j|\u2606uyufyttrdfghji\n|j|\u2606Mattattac\n|t:|1700088130\n|gametype|singles\n|player|p1|uyufyttrdfghji|pokemaniac|\n|player|p2|Mattattac|nate|\n|teamsize|p1|6\n|teamsize|p2|6\n|gen|9\n|tier|[Gen 9] Anything Goes\n|rule|HP Percentage Mod: HP is shown in percentages\n|rule|Endless Battle Clause: Forcing endless battles is banned\n|clearpoke\n|poke|p1|Eternatus|\n|poke|p1|Mewtwo|\n|poke|p1|Walking Wake|\n|poke|p1|Iron Leaves|\n|poke|p1|Arceus-Fairy|\n|poke|p1|Groudon|\n|poke|p2|Calyrex-Shadow|\n|poke|p2|Great Tusk|\n|poke|p2|Volcarona, M|\n|poke|p2|Darkrai|\n|poke|p2|Ogerpon-Hearthflame, F|\n|poke|p2|Greninja-*, M|\n|teampreview\n|\n|t:|1700088137\n|start\n|switch|p1a: Walking Wake|Walking Wake|100\/100\n|switch|p2a: Ogerpon|Ogerpon-Hearthflame, F|100\/100\n|-ability|p2a: Ogerpon|Mold Breaker\n|-enditem|p1a: Walking Wake|Booster Energy\n|-activate|p1a: Walking Wake|ability: Protosynthesis|[fromitem]\n|-start|p1a: Walking Wake|protosynthesisspa\n|turn|1\n|c|\u2606uyufyttrdfghji|men=tasty\n|c|\u2606Mattattac|cul\n|\n|t:|1700088154\n|move|p2a: Ogerpon|Swords Dance|p2a: Ogerpon\n|-boost|p2a: Ogerpon|atk|2\n|move|p1a: Walking Wake|Dragon Tail|p2a: Ogerpon\n|-damage|p2a: Ogerpon|73\/100\n|drag|p2a: Darkrai|Darkrai, shiny|100\/100\n|\n|upkeep\n|turn|2\n|\n|t:|1700088166\n|move|p2a: Darkrai|Dark Void|p1a: Walking Wake\n|-status|p1a: Walking Wake|slp|[from] move: Dark Void\n|cant|p1a: Walking Wake|slp\n|\n|-damage|p1a: Walking Wake|88\/100 slp|[from] ability: Bad Dreams|[of] p2a: Darkrai\n|upkeep\n|turn|3\n|c|\u2606uyufyttrdfghji|what first try\n|\n|t:|1700088187\n|move|p2a: Darkrai|Nasty Plot|p2a: Darkrai\n|-boost|p2a: Darkrai|spa|2\n|-curestatus|p1a: Walking Wake|slp|[msg]\n|move|p1a: Walking Wake|Flamethrower|p2a: Darkrai\n|-damage|p2a: Darkrai|56\/100\n|\n|upkeep\n|turn|4\n|\n|t:|1700088200\n|move|p2a: Darkrai|Dark Void|p1a: Walking Wake\n|-status|p1a: Walking Wake|slp|[from] move: Dark Void\n|cant|p1a: Walking Wake|slp\n|\n|-damage|p1a: Walking Wake|76\/100 slp|[from] ability: Bad Dreams|[of] p2a: Darkrai\n|upkeep\n|turn|5\n|c|\u2606uyufyttrdfghji|im better\n|c|\u2606Mattattac|back to sleep\n|c|\u2606uyufyttrdfghji|what\n|c|\u2606uyufyttrdfghji|how\n|c|\u2606uyufyttrdfghji|tf\n|c|\u2606Mattattac|I do my work best when they're sleep\n|\n|t:|1700088216\n|move|p2a: Darkrai|Nasty Plot|p2a: Darkrai\n|-boost|p2a: Darkrai|spa|2\n|-curestatus|p1a: Walking Wake|slp|[msg]\n|move|p1a: Walking Wake|Dragon Tail|p2a: Darkrai\n|-damage|p2a: Darkrai|29\/100\n|drag|p2a: Calyrex|Calyrex-Shadow|100\/100\n|-ability|p2a: Calyrex|As One\n|-ability|p2a: Calyrex|Unnerve\n|\n|upkeep\n|turn|6\n|c|\u2606Mattattac|now I get to murder him in his sleep\n|c|\u2606Mattattac|nvm\n|c|\u2606uyufyttrdfghji|how\n|c|\u2606uyufyttrdfghji|tf\n|c|\u2606Mattattac|idk\n|\n|t:|1700088230\n|move|p2a: Calyrex|Astral Barrage|p1a: Walking Wake\n|-damage|p1a: Walking Wake|0 fnt\n|faint|p1a: Walking Wake\n|-end|p1a: Walking Wake|Protosynthesis|[silent]\n|-ability|p2a: Calyrex|Grim Neigh|boost\n|-boost|p2a: Calyrex|spa|1\n|\n|upkeep\n|c|\u2606uyufyttrdfghji|im just better\n|c|\u2606Mattattac|uh\n|c|\u2606Mattattac|ok\n|c|\u2606Mattattac|sure\n|\n|t:|1700088247\n|switch|p1a: Eternatus|Eternatus, shiny|100\/100\n|-ability|p1a: Eternatus|Pressure\n|turn|7\n|c|\u2606uyufyttrdfghji|moans\n|\n|t:|1700088279\n|move|p2a: Calyrex|Astral Barrage|p1a: Eternatus\n|-damage|p1a: Eternatus|0 fnt\n|faint|p1a: Eternatus\n|-ability|p2a: Calyrex|Grim Neigh|boost\n|-boost|p2a: Calyrex|spa|1\n|\n|upkeep\n|c|\u2606uyufyttrdfghji|im goin back to sv\n|\n|t:|1700088298\n|switch|p1a: Groudon|Groudon, shiny|100\/100\n|-weather|SunnyDay|[from] ability: Drought|[of] p1a: Groudon\n|turn|8\n|c|\u2606uyufyttrdfghji|or sm\n|c|\u2606Mattattac|alr\n|\n|t:|1700088324\n|move|p2a: Calyrex|Astral Barrage|p1a: Groudon\n|-damage|p1a: Groudon|0 fnt\n|faint|p1a: Groudon\n|-ability|p2a: Calyrex|Grim Neigh|boost\n|-boost|p2a: Calyrex|spa|1\n|\n|-weather|SunnyDay|[upkeep]\n|upkeep\n|c|\u2606Mattattac|here\n|c|\u2606uyufyttrdfghji|how tf\n|c|\u2606Mattattac|cuz I hate doin this cheap shit\n|\n|t:|1700088333\n|switch|p1a: Iron Leaves|Iron Leaves|100\/100\n|-enditem|p1a: Iron Leaves|Booster Energy\n|-activate|p1a: Iron Leaves|ability: Quark Drive|[fromitem]\n|-start|p1a: Iron Leaves|quarkdriveatk\n|turn|9\n|c|\u2606Mattattac|Imma swithc\n|c|\u2606Mattattac|switch*\n|\n|t:|1700088345\n|switch|p2a: Great Tusk|Great Tusk, shiny|100\/100\n|-activate|p2a: Great Tusk|ability: Protosynthesis\n|-start|p2a: Great Tusk|protosynthesisatk\n|move|p1a: Iron Leaves|Megahorn|p2a: Great Tusk\n|-resisted|p2a: Great Tusk\n|-damage|p2a: Great Tusk|86\/100\n|\n|-weather|SunnyDay|[upkeep]\n|upkeep\n|turn|10\n|c|\u2606uyufyttrdfghji|no\n|c|\u2606uyufyttrdfghji|oh\n|c|\u2606uyufyttrdfghji|it 3v6\n|c|\u2606uyufyttrdfghji|its not fair\n|\n|t:|1700088384\n|move|p1a: Iron Leaves|Leaf Blade|p2a: Great Tusk\n|-supereffective|p2a: Great Tusk\n|-damage|p2a: Great Tusk|19\/100\n|-enditem|p2a: Great Tusk|Salac Berry|[eat]\n|-boost|p2a: Great Tusk|spe|1|[from] item: Salac Berry\n|move|p2a: Great Tusk|Play Rough|p1a: Iron Leaves\n|-damage|p1a: Iron Leaves|54\/100\n|\n|-weather|SunnyDay|[upkeep]\n|upkeep\n|turn|11\n|c|\u2606uyufyttrdfghji|whyyyyyyyyyyyyyyy\n|\n|t:|1700088394\n|move|p2a: Great Tusk|Play Rough|p1a: Iron Leaves\n|-damage|p1a: Iron Leaves|9\/100\n|move|p1a: Iron Leaves|Leaf Blade|p2a: Great Tusk\n|-supereffective|p2a: Great Tusk\n|-damage|p2a: Great Tusk|0 fnt\n|faint|p2a: Great Tusk\n|-end|p2a: Great Tusk|Protosynthesis|[silent]\n|\n|-weather|SunnyDay|[upkeep]\n|upkeep\n|c|\u2606uyufyttrdfghji|finnaly\n|\n|t:|1700088446\n|switch|p2a: Darkrai|Darkrai, shiny|29\/100\n|turn|12\n|c|\u2606Mattattac|watch this\n|c|\u2606Mattattac|it's hilarious\n|\n|t:|1700088453\n|move|p2a: Darkrai|Dark Void|p1a: Iron Leaves|[miss]\n|-miss|p2a: Darkrai|p1a: Iron Leaves\n|move|p1a: Iron Leaves|Megahorn|p2a: Darkrai|[miss]\n|-miss|p1a: Iron Leaves|p2a: Darkrai\n|\n|-weather|none\n|upkeep\n|turn|13\n|c|\u2606uyufyttrdfghji|no\n|c|\u2606uyufyttrdfghji|misssssssssss\n|c|\u2606Mattattac|woulda been funny tho\n|\n|t:|1700088463\n|move|p2a: Darkrai|Dark Pulse|p1a: Iron Leaves\n|-supereffective|p1a: Iron Leaves\n|-damage|p1a: Iron Leaves|0 fnt\n|faint|p1a: Iron Leaves\n|-end|p1a: Iron Leaves|Quark Drive|[silent]\n|\n|upkeep\n|c|\u2606uyufyttrdfghji|brufh\n|c|\u2606Mattattac|now watch this funny shit that'll happen next\n|\n|t:|1700088476\n|switch|p1a: Arceus|Arceus-Fairy, shiny|100\/100\n|turn|14\n|c|\u2606Mattattac|smth no one would expect from a darkrai\n|\n|t:|1700088489\n|-terastallize|p2a: Darkrai|Poison\n|move|p2a: Darkrai|Sludge Bomb|p1a: Arceus\n|-supereffective|p1a: Arceus\n|-damage|p1a: Arceus|31\/100\n|-status|p1a: Arceus|psn\n|move|p1a: Arceus|Ice Beam|p2a: Darkrai\n|-damage|p2a: Darkrai|0 fnt\n|faint|p2a: Darkrai\n|\n|-damage|p1a: Arceus|19\/100 psn|[from] psn\n|upkeep\n|c|\u2606uyufyttrdfghji|no it wont ive got the power of god and anime on my side\n|c|\u2606Mattattac|but like\n|c|\u2606Mattattac|can god kill a frog\n|\n|t:|1700088530\n|switch|p2a: Greninja|Greninja, M, shiny|100\/100\n|turn|15\n|c|\u2606uyufyttrdfghji|yes\n|c|\u2606uyufyttrdfghji|i\n|c|\u2606uyufyttrdfghji|think\n|c|\u2606Mattattac|naaaaaaaaaaaaaaaaaah\n|c|\u2606Mattattac|god dies\n|\n|t:|1700088568\n|move|p2a: Greninja|Dark Pulse|p1a: Arceus\n|-start|p2a: Greninja|typechange|Dark|[from] ability: Protean\n|-resisted|p1a: Arceus\n|-damage|p1a: Arceus|7\/100 psn\n|move|p1a: Arceus|Brick Break|p2a: Greninja\n|-supereffective|p2a: Greninja\n|-damage|p2a: Greninja|25\/100\n|\n|-damage|p1a: Arceus|0 fnt|[from] psn\n|faint|p1a: Arceus\n|upkeep\n|c|\u2606Mattattac|holy damn\n|c|\u2606uyufyttrdfghji|no\n|\n|t:|1700088580\n|switch|p1a: Mewtwo|Mewtwo, shiny|100\/100\n|-ability|p1a: Mewtwo|Pressure\n|turn|16\n|c|\u2606Mattattac|ngl\n|c|\u2606Mattattac|forgot how fast mewtwo is\n|c|\u2606uyufyttrdfghji|mewtwo hot ngl\n|\n|t:|1700088594\n|-terastallize|p1a: Mewtwo|Dragon\n|move|p2a: Greninja|Dark Pulse|p1a: Mewtwo\n|-damage|p1a: Mewtwo|63\/100\n|move|p1a: Mewtwo|Ice Beam|p2a: Greninja\n|-damage|p2a: Greninja|0 fnt\n|faint|p2a: Greninja\n|\n|-heal|p1a: Mewtwo|69\/100|[from] item: Leftovers\n|upkeep\n|c|\u2606Mattattac|that's funny\n|c|\u2606Mattattac|I had ice beam\n|\n|t:|1700088608\n|switch|p2a: Ogerpon|Ogerpon-Hearthflame, F|73\/100\n|-ability|p2a: Ogerpon|Mold Breaker\n|turn|17\n|c|\u2606uyufyttrdfghji|that tail aint a tail it a sock whit the s as a c\n|\n|t:|1700088648\n|move|p2a: Ogerpon|Trailblaze|p1a: Mewtwo\n|-resisted|p1a: Mewtwo\n|-damage|p1a: Mewtwo|55\/100\n|-boost|p2a: Ogerpon|spe|1\n|move|p1a: Mewtwo|Ice Beam|p2a: Ogerpon\n|-damage|p2a: Ogerpon|35\/100\n|\n|-heal|p1a: Mewtwo|61\/100|[from] item: Leftovers\n|upkeep\n|turn|18\n|\n|t:|1700088662\n|move|p2a: Ogerpon|Ivy Cudgel|p1a: Mewtwo|[anim] Ivy Cudgel Fire\n|-resisted|p1a: Mewtwo\n|-crit|p1a: Mewtwo\n|-damage|p1a: Mewtwo|20\/100\n|move|p1a: Mewtwo|Ice Beam|p2a: Ogerpon\n|-damage|p2a: Ogerpon|0 fnt\n|faint|p2a: Ogerpon\n|\n|-heal|p1a: Mewtwo|26\/100|[from] item: Leftovers\n|upkeep\n|c|\u2606Mattattac|oh shit\n|c|\u2606Mattattac|they changed the animation for that\n|c|\u2606Mattattac|ncie\n|c|\u2606Mattattac|nice*\n|\n|t:|1700088676\n|switch|p2a: Volcarona|Volcarona, M, shiny|100\/100\n|turn|19\n|\n|t:|1700088681\n|move|p2a: Volcarona|Quiver Dance|p2a: Volcarona\n|-boost|p2a: Volcarona|spa|1\n|-boost|p2a: Volcarona|spd|1\n|-boost|p2a: Volcarona|spe|1\n|move|p1a: Mewtwo|Ice Beam|p2a: Volcarona\n|-resisted|p2a: Volcarona\n|-damage|p2a: Volcarona|89\/100\n|\n|-heal|p1a: Mewtwo|32\/100|[from] item: Leftovers\n|upkeep\n|turn|20\n|c|\u2606uyufyttrdfghji|well gg\n|c|\u2606uyufyttrdfghji|mabye\n|c|\u2606Mattattac|yeah gg\n|\n|t:|1700088740\n|move|p2a: Volcarona|Bug Buzz|p1a: Mewtwo\n|-damage|p1a: Mewtwo|0 fnt\n|faint|p1a: Mewtwo\n|\n|win|Mattattac\n","uploadtime":1700088745,"views":6,"p1id":"uyufyttrdfghji","p2id":"mattattac","formatid":"gen9anythinggoes","rating":0,"private":0,"password":""}