{"id":"gen9anythinggoes-1976060384","p1":"LocalEspinas","p2":"1400\/999z","format":"[Gen 9] Anything Goes","log":"|j|\u2606LocalEspinas\n|j|\u26061400\/999z\n|t:|1698260306\n|gametype|singles\n|player|p1|LocalEspinas|iris-gen5bw2|1261\n|player|p2|1400\/999z|170|1214\n|teamsize|p1|6\n|teamsize|p2|6\n|gen|9\n|tier|[Gen 9] Anything Goes\n|rated|\n|rule|HP Percentage Mod: HP is shown in percentages\n|rule|Endless Battle Clause: Forcing endless battles is banned\n|clearpoke\n|poke|p1|Garchomp, M|\n|poke|p1|Cyclizar, F|\n|poke|p1|Torterra, F|\n|poke|p1|Toxapex, F|\n|poke|p1|Oricorio-Pom-Pom, F|\n|poke|p1|Tyranitar, M|\n|poke|p2|Calyrex-Shadow|\n|poke|p2|Koraidon|\n|poke|p2|Chi-Yu|\n|poke|p2|Ceruledge, F|\n|poke|p2|Flutter Mane|\n|poke|p2|Great Tusk|\n|teampreview\n|inactive|Battle timer is ON: inactive players will automatically lose when time's up. (requested by 1400\/999z)\n|\n|t:|1698260324\n|start\n|switch|p1a: Tyranitar|Tyranitar, M|100\/100\n|switch|p2a: Koraidon|Koraidon|100\/100\n|-weather|SunnyDay|[from] ability: Orichalcum Pulse|[of] p2a: Koraidon\n|-activate|p2a: Koraidon|Orichalcum Pulse|[source]\n|-weather|Sandstorm|[from] ability: Sand Stream|[of] p1a: Tyranitar\n|turn|1\n|inactive|LocalEspinas has 120 seconds left.\n|\n|t:|1698260374\n|switch|p2a: Great Tusk|Great Tusk|100\/100\n|switch|p1a: Toxapex|Toxapex, F, shiny|100\/100\n|\n|-weather|Sandstorm|[upkeep]\n|-damage|p1a: Toxapex|95\/100|[from] Sandstorm\n|upkeep\n|turn|2\n|\n|t:|1698260385\n|move|p2a: Great Tusk|Stealth Rock|p1a: Toxapex\n|-sidestart|p1: LocalEspinas|move: Stealth Rock\n|move|p1a: Toxapex|Toxic|p2a: Great Tusk\n|-status|p2a: Great Tusk|tox\n|\n|-weather|Sandstorm|[upkeep]\n|-damage|p1a: Toxapex|89\/100|[from] Sandstorm\n|-damage|p2a: Great Tusk|94\/100 tox|[from] psn\n|upkeep\n|turn|3\n|\n|t:|1698260396\n|move|p1a: Toxapex|Baneful Bunker|p1a: Toxapex\n|-singleturn|p1a: Toxapex|move: Protect\n|move|p2a: Great Tusk|Earthquake|p1a: Toxapex\n|-activate|p1a: Toxapex|move: Protect\n|\n|-weather|Sandstorm|[upkeep]\n|-damage|p1a: Toxapex|83\/100|[from] Sandstorm\n|-damage|p2a: Great Tusk|82\/100 tox|[from] psn\n|upkeep\n|turn|4\n|\n|t:|1698260407\n|move|p2a: Great Tusk|Earthquake|p1a: Toxapex\n|-supereffective|p1a: Toxapex\n|-damage|p1a: Toxapex|13\/100\n|move|p1a: Toxapex|Recover|p1a: Toxapex\n|-heal|p1a: Toxapex|64\/100\n|\n|-weather|Sandstorm|[upkeep]\n|-damage|p1a: Toxapex|58\/100|[from] Sandstorm\n|-damage|p2a: Great Tusk|63\/100 tox|[from] psn\n|upkeep\n|turn|5\n|\n|t:|1698260420\n|-end|p2a: Great Tusk|Protosynthesis|[silent]\n|switch|p2a: Koraidon|Koraidon|100\/100\n|-weather|SunnyDay|[from] ability: Orichalcum Pulse|[of] p2a: Koraidon\n|-activate|p2a: Koraidon|Orichalcum Pulse|[source]\n|move|p1a: Toxapex|Toxic|p2a: Koraidon\n|-status|p2a: Koraidon|tox\n|\n|-weather|SunnyDay|[upkeep]\n|-damage|p2a: Koraidon|94\/100 tox|[from] psn\n|upkeep\n|turn|6\n|\n|t:|1698260438\n|move|p1a: Toxapex|Baneful Bunker|p1a: Toxapex\n|-singleturn|p1a: Toxapex|move: Protect\n|move|p2a: Koraidon|Swords Dance|p2a: Koraidon\n|-boost|p2a: Koraidon|atk|2\n|\n|-weather|SunnyDay|[upkeep]\n|-damage|p2a: Koraidon|82\/100 tox|[from] psn\n|upkeep\n|turn|7\n|\n|t:|1698260447\n|move|p2a: Koraidon|Outrage|p1a: Toxapex\n|-damage|p1a: Toxapex|0 fnt\n|-damage|p2a: Koraidon|66\/100 tox|[from] item: Rocky Helmet|[of] p1a: Toxapex\n|faint|p1a: Toxapex\n|\n|-weather|SunnyDay|[upkeep]\n|-damage|p2a: Koraidon|47\/100 tox|[from] psn\n|upkeep\n|\n|t:|1698260456\n|switch|p1a: Tyranitar|Tyranitar, M|100\/100\n|-damage|p1a: Tyranitar|88\/100|[from] Stealth Rock\n|-weather|Sandstorm|[from] ability: Sand Stream|[of] p1a: Tyranitar\n|turn|8\n|\n|t:|1698260470\n|move|p2a: Koraidon|Outrage|p1a: Tyranitar|[from]lockedmove\n|-damage|p1a: Tyranitar|0 fnt\n|faint|p1a: Tyranitar\n|-start|p2a: Koraidon|confusion|[fatigue]\n|\n|-weather|Sandstorm|[upkeep]\n|-damage|p2a: Koraidon|41\/100 tox|[from] Sandstorm\n|-damage|p2a: Koraidon|16\/100 tox|[from] psn\n|upkeep\n|\n|t:|1698260482\n|switch|p1a: Oricorio|Oricorio-Pom-Pom, F, shiny|100\/100\n|turn|9\n|\n|t:|1698260490\n|-activate|p2a: Koraidon|confusion\n|-damage|p2a: Koraidon|0 fnt|[from] confusion\n|faint|p2a: Koraidon\n|move|p1a: Oricorio|Quiver Dance|p1a: Oricorio\n|-boost|p1a: Oricorio|spa|1\n|-boost|p1a: Oricorio|spd|1\n|-boost|p1a: Oricorio|spe|1\n|\n|-weather|Sandstorm|[upkeep]\n|-damage|p1a: Oricorio|94\/100|[from] Sandstorm\n|upkeep\n|\n|t:|1698260504\n|switch|p2a: Calyrex|Calyrex-Shadow|100\/100\n|-ability|p2a: Calyrex|As One\n|-ability|p2a: Calyrex|Unnerve\n|turn|10\n|inactive|LocalEspinas has 120 seconds left.\n|\n|t:|1698260512\n|move|p2a: Calyrex|Astral Barrage|p1a: Oricorio\n|-damage|p1a: Oricorio|34\/100\n|move|p1a: Oricorio|Baton Pass|p1a: Oricorio\n|inactive|LocalEspinas has 120 seconds left.\n|\n|t:|1698260519\n|switch|p1a: Cyclizar|Cyclizar, F|100\/100|[from] Baton Pass\n|-damage|p1a: Cyclizar|88\/100|[from] Stealth Rock\n|\n|-weather|Sandstorm|[upkeep]\n|-damage|p2a: Calyrex|94\/100|[from] Sandstorm\n|-damage|p1a: Cyclizar|82\/100|[from] Sandstorm\n|upkeep\n|turn|11\n|inactive|LocalEspinas has 120 seconds left.\n|\n|t:|1698260536\n|switch|p2a: Flutter Mane|Flutter Mane|100\/100\n|move|p1a: Cyclizar|Shed Tail|p1a: Cyclizar\n|-start|p1a: Cyclizar|Substitute|[from] move: Shed Tail\n|-damage|p1a: Cyclizar|32\/100\n|-enditem|p1a: Cyclizar|Sitrus Berry|[eat]\n|-heal|p1a: Cyclizar|57\/100|[from] item: Sitrus Berry\n|\n|t:|1698260544\n|switch|p1a: Garchomp|Garchomp, M|100\/100|[from] Shed Tail\n|-damage|p1a: Garchomp|94\/100|[from] Stealth Rock\n|\n|-weather|Sandstorm|[upkeep]\n|-damage|p2a: Flutter Mane|95\/100|[from] Sandstorm\n|upkeep\n|turn|12\n|inactive|LocalEspinas has 120 seconds left.\n|\n|t:|1698260562\n|-terastallize|p1a: Garchomp|Poison\n|move|p2a: Flutter Mane|Draining Kiss|p1a: Garchomp|[miss]\n|-miss|p2a: Flutter Mane|p1a: Garchomp\n|move|p1a: Garchomp|Swords Dance|p1a: Garchomp\n|-boost|p1a: Garchomp|atk|2\n|\n|-weather|none\n|upkeep\n|turn|13\n|\n|t:|1698260573\n|-end|p2a: Flutter Mane|Protosynthesis|[silent]\n|switch|p2a: Calyrex|Calyrex-Shadow|94\/100\n|-ability|p2a: Calyrex|As One\n|-ability|p2a: Calyrex|Unnerve\n|move|p1a: Garchomp|Poison Jab|p2a: Calyrex\n|-resisted|p2a: Calyrex\n|-damage|p2a: Calyrex|32\/100\n|\n|upkeep\n|turn|14\n|\n|t:|1698260584\n|switch|p2a: Great Tusk|Great Tusk|63\/100 tox\n|move|p1a: Garchomp|Scale Shot|p2a: Great Tusk\n|-damage|p2a: Great Tusk|48\/100 tox\n|-damage|p2a: Great Tusk|32\/100 tox\n|-hitcount|p2a: Great Tusk|2\n|-unboost|p1a: Garchomp|def|1\n|-boost|p1a: Garchomp|spe|1\n|\n|-damage|p2a: Great Tusk|25\/100 tox|[from] psn\n|upkeep\n|turn|15\n|\n|t:|1698260596\n|move|p1a: Garchomp|Scale Shot|p2a: Great Tusk\n|-damage|p2a: Great Tusk|9\/100 tox\n|-crit|p2a: Great Tusk\n|-damage|p2a: Great Tusk|0 fnt\n|faint|p2a: Great Tusk\n|-end|p2a: Great Tusk|Protosynthesis|[silent]\n|-hitcount|p2: Great Tusk|2\n|-unboost|p1a: Garchomp|def|1\n|-boost|p1a: Garchomp|spe|1\n|\n|upkeep\n|\n|t:|1698260600\n|switch|p2a: Flutter Mane|Flutter Mane|95\/100\n|turn|16\n|inactive|LocalEspinas has 120 seconds left.\n|\n|t:|1698260608\n|move|p1a: Garchomp|Poison Jab|p2a: Flutter Mane\n|-damage|p2a: Flutter Mane|0 fnt\n|faint|p2a: Flutter Mane\n|-end|p2a: Flutter Mane|Protosynthesis|[silent]\n|\n|upkeep\n|\n|t:|1698260616\n|switch|p2a: Ceruledge|Ceruledge, F|100\/100\n|turn|17\n|\n|t:|1698260625\n|-terastallize|p2a: Ceruledge|Fire\n|move|p1a: Garchomp|Scale Shot|p2a: Ceruledge|[miss]\n|-miss|p1a: Garchomp|p2a: Ceruledge\n|move|p2a: Ceruledge|Bitter Blade|p1a: Garchomp\n|-end|p1a: Garchomp|Substitute\n|\n|upkeep\n|turn|18\n|\n|t:|1698260638\n|move|p1a: Garchomp|Earthquake|p2a: Ceruledge\n|-supereffective|p2a: Ceruledge\n|-damage|p2a: Ceruledge|0 fnt\n|faint|p2a: Ceruledge\n|\n|upkeep\n|\n|t:|1698260646\n|switch|p2a: Chi-Yu|Chi-Yu|100\/100\n|-ability|p2a: Chi-Yu|Beads of Ruin\n|turn|19\n|\n|t:|1698260665\n|move|p1a: Garchomp|Earthquake|p2a: Chi-Yu\n|-supereffective|p2a: Chi-Yu\n|-damage|p2a: Chi-Yu|0 fnt\n|faint|p2a: Chi-Yu\n|\n|upkeep\n|\n|t:|1698260671\n|switch|p2a: Calyrex|Calyrex-Shadow|32\/100\n|-ability|p2a: Calyrex|As One\n|-ability|p2a: Calyrex|Unnerve\n|turn|20\n|\n|t:|1698260678\n|move|p1a: Garchomp|Poison Jab|p2a: Calyrex\n|-resisted|p2a: Calyrex\n|-damage|p2a: Calyrex|0 fnt\n|faint|p2a: Calyrex\n|\n|win|LocalEspinas\n|raw|LocalEspinas's rating: 1261 &rarr; <strong>1283<\/strong><br \/>(+22 for winning)\n|raw|1400&#x2f;999z's rating: 1214 &rarr; <strong>1192<\/strong><br \/>(-22 for losing)\n|c|\u26061400\/999z|gg\n|l|\u26061400\/999z\n|c|\u2606LocalEspinas|Gg\n","uploadtime":1698260901,"views":12,"p1id":"localespinas","p2id":"1400999z","formatid":"gen9anythinggoes","rating":1192,"private":0,"password":""}