{"id":"gen9anythinggoes-1986745545","p1":"sorry little timmy","p2":"L0RDD4RKUS","format":"[Gen 9] Anything Goes","log":"|j|\u2606sorry little timmy\n|j|\u2606L0RDD4RKUS\n|t:|1699518348\n|gametype|singles\n|player|p1|sorry little timmy|101|1000\n|player|p2|L0RDD4RKUS|benga|1048\n|teamsize|p1|6\n|teamsize|p2|6\n|gen|9\n|tier|[Gen 9] Anything Goes\n|rated|\n|rule|HP Percentage Mod: HP is shown in percentages\n|rule|Endless Battle Clause: Forcing endless battles is banned\n|clearpoke\n|poke|p1|Dugtrio, M|\n|poke|p1|Gothitelle, F|\n|poke|p1|Dondozo, F|\n|poke|p1|Blissey, F|\n|poke|p1|Giratina|\n|poke|p1|Salazzle, F|\n|poke|p2|Espathra, F|\n|poke|p2|Decidueye-Hisui, M|\n|poke|p2|Inteleon, M|\n|poke|p2|Perrserker, F|\n|poke|p2|Ursaluna-Bloodmoon, M|\n|poke|p2|Kingambit, M|\n|teampreview\n|\n|t:|1699518354\n|start\n|switch|p1a: Salazzle|Salazzle, F|100\/100\n|switch|p2a: Espathra|Espathra, F|100\/100\n|turn|1\n|\n|t:|1699518361\n|move|p1a: Salazzle|Substitute|p1a: Salazzle\n|-start|p1a: Salazzle|Substitute\n|-damage|p1a: Salazzle|76\/100\n|move|p2a: Espathra|Calm Mind|p2a: Espathra\n|-boost|p2a: Espathra|spa|1\n|-boost|p2a: Espathra|spd|1\n|\n|-heal|p1a: Salazzle|82\/100|[from] item: Leftovers\n|-ability|p2a: Espathra|Speed Boost|boost\n|-boost|p2a: Espathra|spe|1\n|upkeep\n|turn|2\n|\n|t:|1699518385\n|move|p2a: Espathra|Calm Mind|p2a: Espathra\n|-boost|p2a: Espathra|spa|1\n|-boost|p2a: Espathra|spd|1\n|move|p1a: Salazzle|Encore|p2a: Espathra\n|-start|p2a: Espathra|Encore\n|\n|-heal|p1a: Salazzle|88\/100|[from] item: Leftovers\n|-ability|p2a: Espathra|Speed Boost|boost\n|-boost|p2a: Espathra|spe|1\n|upkeep\n|turn|3\n|c|\u2606L0RDD4RKUS|Bad idea brat >:)\n|\n|t:|1699518403\n|switch|p1a: Gothitelle|Gothitelle, F|100\/100\n|move|p2a: Espathra|Calm Mind|p2a: Espathra\n|-boost|p2a: Espathra|spa|1\n|-boost|p2a: Espathra|spd|1\n|\n|-ability|p2a: Espathra|Speed Boost|boost\n|-boost|p2a: Espathra|spe|1\n|upkeep\n|turn|4\n|\n|t:|1699518412\n|move|p2a: Espathra|Calm Mind|p2a: Espathra\n|-boost|p2a: Espathra|spa|1\n|-boost|p2a: Espathra|spd|1\n|move|p1a: Gothitelle|Trick|p2a: Espathra\n|-activate|p1a: Gothitelle|move: Trick|[of] p2a: Espathra\n|-item|p2a: Espathra|Choice Scarf|[from] move: Trick\n|-item|p1a: Gothitelle|Leftovers|[from] move: Trick\n|\n|-ability|p2a: Espathra|Speed Boost|boost\n|-boost|p2a: Espathra|spe|1\n|upkeep\n|turn|5\n|\n|t:|1699518423\n|switch|p1a: Dugtrio|Dugtrio, M|100\/100\n|move|p2a: Espathra|Calm Mind|p2a: Espathra\n|-boost|p2a: Espathra|spa|1\n|-boost|p2a: Espathra|spd|1\n|\n|-end|p2a: Espathra|Encore\n|-ability|p2a: Espathra|Speed Boost|boost\n|-boost|p2a: Espathra|spe|1\n|upkeep\n|turn|6\n|\n|t:|1699518436\n|move|p2a: Espathra|Calm Mind|p2a: Espathra\n|-boost|p2a: Espathra|spa|1\n|-boost|p2a: Espathra|spd|1\n|move|p1a: Dugtrio|Hone Claws|p1a: Dugtrio\n|-boost|p1a: Dugtrio|atk|1\n|-boost|p1a: Dugtrio|accuracy|1\n|\n|-ability|p2a: Espathra|Speed Boost|boost\n|-boost|p2a: Espathra|spe|1\n|upkeep\n|turn|7\n|inactive|Battle timer is ON: inactive players will automatically lose when time's up. (requested by sorry little timmy)\n|\n|t:|1699518528\n|move|p2a: Espathra|Calm Mind|p2a: Espathra\n|-boost|p2a: Espathra|spa|0\n|-boost|p2a: Espathra|spd|0\n|move|p1a: Dugtrio|Hone Claws|p1a: Dugtrio\n|-boost|p1a: Dugtrio|atk|1\n|-boost|p1a: Dugtrio|accuracy|1\n|\n|upkeep\n|turn|8\n|c|\u2606L0RDD4RKUS|Nah, bad idea for me\n|-message|L0RDD4RKUS forfeited.\n|\n|win|sorry little timmy\n|raw|sorry little timmy's rating: 1000 &rarr; <strong>1045<\/strong><br \/>(+45 for winning)\n|raw|L0RDD4RKUS's rating: 1048 &rarr; <strong>1028<\/strong><br \/>(-20 for losing)\n|l|\u2606L0RDD4RKUS\n","uploadtime":1699518547,"views":20,"p1id":"sorrylittletimmy","p2id":"l0rdd4rkus","formatid":"gen9anythinggoes","rating":1028,"private":0,"password":""}