{"id":"gen9anythinggoes-1995478168","p1":"iluvtrickroom","p2":"Retrodon2055","format":"[Gen 9] Anything Goes","log":"|j|\u2606iluvtrickroom\n|j|\u2606Retrodon2055\n|t:|1700575252\n|gametype|singles\n|player|p1|iluvtrickroom|hilda|1178\n|player|p2|Retrodon2055|101|1317\n|teamsize|p1|6\n|teamsize|p2|6\n|gen|9\n|tier|[Gen 9] Anything Goes\n|rated|\n|rule|HP Percentage Mod: HP is shown in percentages\n|rule|Endless Battle Clause: Forcing endless battles is banned\n|clearpoke\n|poke|p1|Shiftry, M|\n|poke|p1|Probopass, F|\n|poke|p1|Yanmega, F|\n|poke|p1|Poliwrath, M|\n|poke|p1|Gliscor, M|\n|poke|p1|Dipplin, M|\n|poke|p2|Skeledirge, F|\n|poke|p2|Espathra, F|\n|poke|p2|Baxcalibur, F|\n|poke|p2|Kilowattrel, F|\n|poke|p2|Palafin, M|\n|poke|p2|Tinkaton, F|\n|teampreview\n|\n|t:|1700575258\n|start\n|switch|p1a: Shiftry|Shiftry, M|100\/100\n|switch|p2a: Baxcalibur|Baxcalibur, F|100\/100\n|turn|1\n|\n|t:|1700575265\n|move|p2a: Baxcalibur|Dragon Dance|p2a: Baxcalibur\n|-boost|p2a: Baxcalibur|atk|1\n|-boost|p2a: Baxcalibur|spe|1\n|move|p1a: Shiftry|Tailwind|p1a: Shiftry\n|-sidestart|p1: iluvtrickroom|move: Tailwind\n|-ability|p1a: Shiftry|Wind Rider|boost\n|-boost|p1a: Shiftry|atk|1\n|\n|upkeep\n|turn|2\n|\n|t:|1700575275\n|move|p1a: Shiftry|Dark Pulse|p2a: Baxcalibur\n|-damage|p2a: Baxcalibur|72\/100\n|cant|p2a: Baxcalibur|flinch\n|\n|upkeep\n|turn|3\n|\n|t:|1700575281\n|move|p1a: Shiftry|Dark Pulse|p2a: Baxcalibur\n|-damage|p2a: Baxcalibur|45\/100\n|move|p2a: Baxcalibur|Dragon Dance|p2a: Baxcalibur\n|-boost|p2a: Baxcalibur|atk|1\n|-boost|p2a: Baxcalibur|spe|1\n|\n|upkeep\n|turn|4\n|\n|t:|1700575287\n|move|p2a: Baxcalibur|Icicle Spear|p1a: Shiftry\n|-supereffective|p1a: Shiftry\n|-damage|p1a: Shiftry|16\/100\n|-supereffective|p1a: Shiftry\n|-damage|p1a: Shiftry|0 fnt\n|faint|p1a: Shiftry\n|-hitcount|p1: Shiftry|2\n|\n|-sideend|p1: iluvtrickroom|move: Tailwind\n|upkeep\n|\n|t:|1700575299\n|switch|p1a: Probopass|Probopass, F|100\/100\n|turn|5\n|inactive|Battle timer is ON: inactive players will automatically lose when time's up. (requested by iluvtrickroom)\n|\n|t:|1700575322\n|move|p2a: Baxcalibur|Earthquake|p1a: Probopass\n|-supereffective|p1a: Probopass\n|-ability|p1a: Probopass|Sturdy\n|-damage|p1a: Probopass|1\/100\n|-enditem|p1a: Probopass|Petaya Berry|[eat]\n|-boost|p1a: Probopass|spa|1|[from] item: Petaya Berry\n|move|p1a: Probopass|Body Press|p2a: Baxcalibur\n|-supereffective|p2a: Baxcalibur\n|-damage|p2a: Baxcalibur|0 fnt\n|faint|p2a: Baxcalibur\n|\n|upkeep\n|\n|t:|1700575329\n|switch|p2a: Kilowattrel|Kilowattrel, F|100\/100\n|turn|6\n|\n|t:|1700575345\n|move|p2a: Kilowattrel|Air Slash|p1a: Probopass\n|-resisted|p1a: Probopass\n|-damage|p1a: Probopass|0 fnt\n|faint|p1a: Probopass\n|\n|upkeep\n|\n|t:|1700575351\n|switch|p1a: Gliscor|Gliscor, M|100\/100\n|turn|7\n|\n|t:|1700575359\n|move|p2a: Kilowattrel|Air Slash|p1a: Gliscor\n|-damage|p1a: Gliscor|22\/100\n|move|p1a: Gliscor|Rock Tomb|p2a: Kilowattrel\n|-supereffective|p2a: Kilowattrel\n|-damage|p2a: Kilowattrel|41\/100\n|-unboost|p2a: Kilowattrel|spe|1\n|\n|upkeep\n|turn|8\n|\n|t:|1700575368\n|move|p1a: Gliscor|Rock Tomb|p2a: Kilowattrel|[miss]\n|-miss|p1a: Gliscor|p2a: Kilowattrel\n|move|p2a: Kilowattrel|Air Slash|p1a: Gliscor\n|-damage|p1a: Gliscor|0 fnt\n|faint|p1a: Gliscor\n|\n|upkeep\n|c|\u2606iluvtrickroom|_oTL\n|\n|t:|1700575389\n|switch|p1a: Poliwrath|Poliwrath, M|100\/100\n|turn|9\n|\n|t:|1700575395\n|switch|p2a: Tinkaton|Tinkaton, F|100\/100\n|-ability|p2a: Tinkaton|Mold Breaker\n|-terastallize|p1a: Poliwrath|Steel\n|move|p1a: Poliwrath|Belly Drum|p1a: Poliwrath\n|-damage|p1a: Poliwrath|50\/100\n|-setboost|p1a: Poliwrath|atk|6|[from] move: Belly Drum\n|-enditem|p1a: Poliwrath|Sitrus Berry|[eat]\n|-heal|p1a: Poliwrath|75\/100|[from] item: Sitrus Berry\n|\n|upkeep\n|turn|10\n|\n|t:|1700575412\n|move|p1a: Poliwrath|Liquidation|p2a: Tinkaton\n|-damage|p2a: Tinkaton|0 fnt\n|faint|p2a: Tinkaton\n|\n|upkeep\n|\n|t:|1700575418\n|switch|p2a: Skeledirge|Skeledirge, F|100\/100\n|turn|11\n|\n|t:|1700575423\n|move|p1a: Poliwrath|Liquidation|p2a: Skeledirge\n|-supereffective|p2a: Skeledirge\n|-damage|p2a: Skeledirge|52\/100\n|-unboost|p2a: Skeledirge|def|1\n|move|p2a: Skeledirge|Will-O-Wisp|p1a: Poliwrath\n|-status|p1a: Poliwrath|brn\n|\n|-damage|p1a: Poliwrath|69\/100 brn|[from] brn\n|upkeep\n|turn|12\n|\n|t:|1700575434\n|move|p1a: Poliwrath|Liquidation|p2a: Skeledirge\n|-supereffective|p2a: Skeledirge\n|-damage|p2a: Skeledirge|15\/100\n|move|p2a: Skeledirge|Torch Song|p1a: Poliwrath\n|-supereffective|p1a: Poliwrath\n|-damage|p1a: Poliwrath|0 fnt\n|-boost|p2a: Skeledirge|spa|1\n|faint|p1a: Poliwrath\n|\n|upkeep\n|\n|t:|1700575444\n|switch|p1a: Dipplin|Dipplin, M|100\/100\n|-ability|p1a: Dipplin|Supersweet Syrup\n|-ability|p1a: Dipplin|Supersweet Syrup|boost\n|-unboost|p2a: Skeledirge|evasion|1\n|turn|13\n|\n|t:|1700575450\n|move|p2a: Skeledirge|Torch Song|p1a: Dipplin\n|-damage|p1a: Dipplin|33\/100\n|-boost|p2a: Skeledirge|spa|1\n|move|p1a: Dipplin|Dragon Pulse|p2a: Skeledirge\n|-damage|p2a: Skeledirge|0 fnt\n|faint|p2a: Skeledirge\n|\n|-heal|p1a: Dipplin|39\/100|[from] item: Leftovers\n|upkeep\n|\n|t:|1700575455\n|switch|p2a: Kilowattrel|Kilowattrel, F|41\/100\n|turn|14\n|\n|t:|1700575463\n|move|p2a: Kilowattrel|Discharge|p1a: Dipplin\n|-resisted|p1a: Dipplin\n|-crit|p1a: Dipplin\n|-damage|p1a: Dipplin|15\/100\n|-status|p1a: Dipplin|par\n|cant|p1a: Dipplin|par\n|\n|-heal|p1a: Dipplin|21\/100 par|[from] item: Leftovers\n|upkeep\n|turn|15\n|\n|t:|1700575472\n|-terastallize|p2a: Kilowattrel|Electric\n|move|p2a: Kilowattrel|Discharge|p1a: Dipplin\n|-resisted|p1a: Dipplin\n|-damage|p1a: Dipplin|1\/100 par\n|move|p1a: Dipplin|Dragon Pulse|p2a: Kilowattrel\n|-damage|p2a: Kilowattrel|0 fnt\n|faint|p2a: Kilowattrel\n|\n|-heal|p1a: Dipplin|7\/100 par|[from] item: Leftovers\n|upkeep\n|\n|t:|1700575479\n|switch|p2a: Palafin|Palafin, M, shiny|100\/100\n|turn|16\n|\n|t:|1700575486\n|move|p2a: Palafin|Jet Punch|p1a: Dipplin\n|-resisted|p1a: Dipplin\n|-damage|p1a: Dipplin|3\/100 par\n|move|p1a: Dipplin|Energy Ball|p2a: Palafin\n|-supereffective|p2a: Palafin\n|-damage|p2a: Palafin|0 fnt\n|faint|p2a: Palafin\n|\n|-heal|p1a: Dipplin|9\/100 par|[from] item: Leftovers\n|upkeep\n|\n|t:|1700575499\n|switch|p2a: Espathra|Espathra, F|100\/100\n|turn|17\n|\n|t:|1700575527\n|move|p2a: Espathra|Lumina Crash|p1a: Dipplin\n|-damage|p1a: Dipplin|0 fnt\n|faint|p1a: Dipplin\n|\n|-ability|p2a: Espathra|Speed Boost|boost\n|-boost|p2a: Espathra|spe|1\n|upkeep\n|\n|t:|1700575533\n|switch|p1a: Yanmega|Yanmega, F|100\/100\n|turn|18\n|\n|t:|1700575536\n|move|p2a: Espathra|Lumina Crash|p1a: Yanmega\n|-damage|p1a: Yanmega|31\/100\n|-unboost|p1a: Yanmega|spd|2\n|move|p1a: Yanmega|Bug Buzz|p2a: Espathra\n|-supereffective|p2a: Espathra\n|-enditem|p2a: Espathra|Focus Sash\n|-damage|p2a: Espathra|1\/100\n|\n|-ability|p2a: Espathra|Speed Boost|boost\n|-boost|p2a: Espathra|spe|1\n|upkeep\n|turn|19\n|\n|t:|1700575546\n|move|p2a: Espathra|Lumina Crash|p1a: Yanmega\n|-damage|p1a: Yanmega|0 fnt\n|faint|p1a: Yanmega\n|\n|win|Retrodon2055\n|raw|iluvtrickroom's rating: 1178 &rarr; <strong>1163<\/strong><br \/>(-15 for losing)\n|raw|Retrodon2055's rating: 1317 &rarr; <strong>1329<\/strong><br \/>(+12 for winning)\n|l|\u2606Retrodon2055\n","uploadtime":1700575554,"views":13,"p1id":"iluvtrickroom","p2id":"retrodon2055","formatid":"gen9anythinggoes","rating":1163,"private":0,"password":""}