{"id":"gen9anythinggoes-1994949598","p1":"y_egicu","p2":"DKMetalHead","format":"[Gen 9] Anything Goes","log":"|j|\u2606y_egicu\n|j|\u2606DKMetalHead\n|t:|1700507345\n|gametype|singles\n|player|p1|y_egicu|265|1097\n|player|p2|DKMetalHead|linebacker|1132\n|teamsize|p1|6\n|teamsize|p2|6\n|gen|9\n|tier|[Gen 9] Anything Goes\n|rated|\n|rule|HP Percentage Mod: HP is shown in percentages\n|rule|Endless Battle Clause: Forcing endless battles is banned\n|clearpoke\n|poke|p1|Skeledirge, M|\n|poke|p1|Gengar, F|\n|poke|p1|Sinistcha|\n|poke|p1|Basculegion, M|\n|poke|p1|Mimikyu, M|\n|poke|p1|Houndstone, F|\n|poke|p2|Glimmora, F|\n|poke|p2|Cloyster, M|\n|poke|p2|Samurott-Hisui, M|\n|poke|p2|Zangoose, F|\n|poke|p2|Arcanine-Hisui, M|\n|poke|p2|Iron Moth|\n|teampreview\n|c|\u2606DKMetalHead|Hello.\n|\n|t:|1700507351\n|start\n|switch|p1a: Gengar|Gengar, F|100\/100\n|switch|p2a: Trap|Glimmora, F|100\/100\n|turn|1\n|\n|t:|1700507355\n|move|p1a: Gengar|Nasty Plot|p1a: Gengar\n|-boost|p1a: Gengar|spa|2\n|move|p2a: Trap|Stealth Rock|p1a: Gengar\n|-sidestart|p1: y_egicu|move: Stealth Rock\n|\n|upkeep\n|turn|2\n|\n|t:|1700507360\n|move|p1a: Gengar|Nasty Plot|p1a: Gengar\n|-boost|p1a: Gengar|spa|2\n|move|p2a: Trap|Spikes|p1a: Gengar\n|-sidestart|p1: y_egicu|Spikes\n|\n|upkeep\n|turn|3\n|\n|t:|1700507366\n|move|p1a: Gengar|Nasty Plot|p1a: Gengar\n|-boost|p1a: Gengar|spa|2\n|move|p2a: Trap|Spikes|p1a: Gengar\n|-sidestart|p1: y_egicu|Spikes\n|\n|upkeep\n|turn|4\n|\n|t:|1700507371\n|move|p1a: Gengar|Shadow Ball|p2a: Trap\n|-enditem|p2a: Trap|Focus Sash\n|-damage|p2a: Trap|1\/100\n|move|p2a: Trap|Spikes|p1a: Gengar\n|-sidestart|p1: y_egicu|Spikes\n|\n|upkeep\n|turn|5\n|\n|t:|1700507377\n|move|p1a: Gengar|Shadow Ball|p2a: Trap\n|-damage|p2a: Trap|0 fnt\n|faint|p2a: Trap\n|\n|upkeep\n|\n|t:|1700507385\n|switch|p2a: Val|Samurott-Hisui, M|100\/100\n|turn|6\n|\n|t:|1700507392\n|move|p1a: Gengar|Sludge Bomb|p2a: Val\n|-damage|p2a: Val|0 fnt\n|faint|p2a: Val\n|\n|upkeep\n|\n|t:|1700507396\n|switch|p2a: Zoomies|Arcanine-Hisui, M|100\/100\n|turn|7\n|\n|t:|1700507400\n|move|p1a: Gengar|Shadow Ball|p2a: Zoomies\n|-damage|p2a: Zoomies|0 fnt\n|faint|p2a: Zoomies\n|\n|upkeep\n|c|\u2606DKMetalHead|UM...\n|\n|t:|1700507412\n|switch|p2a: Hell Shell|Cloyster, M, shiny|100\/100\n|turn|8\n|\n|t:|1700507417\n|move|p1a: Gengar|Sludge Bomb|p2a: Hell Shell\n|-enditem|p2a: Hell Shell|Focus Sash\n|-damage|p2a: Hell Shell|1\/100\n|-status|p2a: Hell Shell|psn\n|move|p2a: Hell Shell|Shell Smash|p2a: Hell Shell\n|-unboost|p2a: Hell Shell|def|1\n|-unboost|p2a: Hell Shell|spd|1\n|-boost|p2a: Hell Shell|atk|2\n|-boost|p2a: Hell Shell|spa|2\n|-boost|p2a: Hell Shell|spe|2\n|\n|-damage|p2a: Hell Shell|0 fnt|[from] psn\n|faint|p2a: Hell Shell\n|upkeep\n|c|\u2606DKMetalHead|Seriously...\n|\n|t:|1700507432\n|switch|p2a: Mae|Zangoose, F|100\/100\n|turn|9\n|\n|t:|1700507435\n|move|p2a: Mae|Protect|p2a: Mae\n|-singleturn|p2a: Mae|Protect\n|move|p1a: Gengar|Sludge Bomb|p2a: Mae\n|-activate|p2a: Mae|move: Protect\n|\n|-status|p2a: Mae|tox|[from] item: Toxic Orb\n|upkeep\n|turn|10\n|\n|t:|1700507442\n|move|p1a: Gengar|Sludge Bomb|p2a: Mae\n|-damage|p2a: Mae|0 fnt\n|faint|p2a: Mae\n|\n|upkeep\n|c|\u2606DKMetalHead|HOW ARE YOU SO FAST?!\n|c|\u2606DKMetalHead|You are literally a thicc ghost!\n|\n|t:|1700507461\n|switch|p2a: Robo-Radiance|Iron Moth|100\/100\n|-enditem|p2a: Robo-Radiance|Booster Energy\n|-activate|p2a: Robo-Radiance|ability: Quark Drive|[fromitem]\n|-start|p2a: Robo-Radiance|quarkdrivespa\n|turn|11\n|\n|t:|1700507467\n|move|p1a: Gengar|Shadow Ball|p2a: Robo-Radiance\n|-damage|p2a: Robo-Radiance|0 fnt\n|faint|p2a: Robo-Radiance\n|-end|p2a: Robo-Radiance|Quark Drive|[silent]\n|\n|win|y_egicu\n|raw|y_egicu's rating: 1097 &rarr; <strong>1125<\/strong><br \/>(+28 for winning)\n|raw|DKMetalHead's rating: 1132 &rarr; <strong>1104<\/strong><br \/>(-28 for losing)\n|c|\u2606DKMetalHead|How...\n|c|\u2606DKMetalHead|Literally...\n|c|\u2606DKMetalHead|HOW?\n|l|\u2606DKMetalHead\n","uploadtime":1700507582,"views":11,"p1id":"yegicu","p2id":"dkmetalhead","formatid":"gen9anythinggoes","rating":1104,"private":0,"password":""}