{"id":"gen9anythinggoes-1986338973","p1":"wariocentral_YT","p2":"Carnagebest","format":"[Gen 9] Anything Goes","log":"|j|\u2606wariocentral_YT\n|j|\u2606Carnagebest\n|t:|1699470548\n|gametype|singles\n|player|p1|wariocentral_YT|wattson|1000\n|player|p2|Carnagebest|red|1065\n|teamsize|p1|6\n|teamsize|p2|3\n|gen|9\n|tier|[Gen 9] Anything Goes\n|rated|\n|rule|HP Percentage Mod: HP is shown in percentages\n|rule|Endless Battle Clause: Forcing endless battles is banned\n|clearpoke\n|poke|p1|Pikachu, F|\n|poke|p1|Pikachu-World, M|\n|poke|p1|Pikachu-Original, M|\n|poke|p1|Pikachu-Partner, M|\n|poke|p1|Pikachu-Hoenn, M|\n|poke|p1|Pikachu-Alola, M|\n|poke|p2|Mew|\n|poke|p2|Moltres-Galar|\n|poke|p2|Zoroark-Hisui, M|\n|teampreview\n|c|\u2606wariocentral_YT|im scared\n|c|\u2606Carnagebest|nice\n|\n|t:|1699470562\n|start\n|switch|p1a: Pikachu|Pikachu, F|100\/100\n|switch|p2a: Good strat|Mew|100\/100\n|turn|1\n|\n|t:|1699470571\n|move|p2a: Good strat|Iron Defense|p2a: Good strat\n|-boost|p2a: Good strat|def|2\n|move|p1a: Pikachu|Flail|p2a: Good strat\n|-damage|p2a: Good strat|99\/100\n|\n|-heal|p2a: Good strat|100\/100|[from] item: Leftovers\n|upkeep\n|turn|2\n|\n|t:|1699470583\n|switch|p1a: Pikachu|Pikachu-World, M|100\/100\n|move|p2a: Good strat|Iron Defense|p2a: Good strat\n|-boost|p2a: Good strat|def|2\n|\n|upkeep\n|turn|3\n|\n|t:|1699470589\n|move|p2a: Good strat|Iron Defense|p2a: Good strat\n|-boost|p2a: Good strat|def|2\n|move|p1a: Pikachu|Encore|p2a: Good strat\n|-start|p2a: Good strat|Encore\n|\n|upkeep\n|turn|4\n|c|\u2606Carnagebest|how long is it ganna last\n|\n|t:|1699470616\n|move|p2a: Good strat|Iron Defense|p2a: Good strat\n|-boost|p2a: Good strat|def|0\n|move|p1a: Pikachu|Electro Ball|p2a: Good strat\n|-damage|p2a: Good strat|93\/100\n|\n|-heal|p2a: Good strat|99\/100|[from] item: Leftovers\n|upkeep\n|turn|5\n|c|\u2606wariocentral_YT|i dont kno\n|\n|t:|1699470631\n|move|p2a: Good strat|Iron Defense|p2a: Good strat\n|-boost|p2a: Good strat|def|0\n|move|p1a: Pikachu|Electro Ball|p2a: Good strat\n|-damage|p2a: Good strat|92\/100\n|\n|-heal|p2a: Good strat|98\/100|[from] item: Leftovers\n|upkeep\n|turn|6\n|\n|t:|1699470636\n|move|p2a: Good strat|Iron Defense|p2a: Good strat\n|-boost|p2a: Good strat|def|0\n|move|p1a: Pikachu|Discharge|p2a: Good strat\n|-damage|p2a: Good strat|84\/100\n|\n|-heal|p2a: Good strat|90\/100|[from] item: Leftovers\n|-end|p2a: Good strat|Encore\n|upkeep\n|turn|7\n|\n|t:|1699470645\n|switch|p1a: Pikachu|Pikachu, F|100\/100\n|move|p2a: Good strat|Nasty Plot|p2a: Good strat\n|-boost|p2a: Good strat|spa|2\n|\n|-heal|p2a: Good strat|96\/100|[from] item: Leftovers\n|upkeep\n|turn|8\n|\n|t:|1699470670\n|move|p2a: Good strat|Nasty Plot|p2a: Good strat\n|-boost|p2a: Good strat|spa|2\n|move|p1a: Pikachu|Volt Tackle|p2a: Good strat\n|-damage|p2a: Good strat|90\/100\n|-damage|p1a: Pikachu|98\/100|[from] Recoil\n|\n|-heal|p2a: Good strat|96\/100|[from] item: Leftovers\n|upkeep\n|turn|9\n|\n|t:|1699470683\n|switch|p1a: Pikachu|Pikachu-World, M|100\/100\n|move|p2a: Good strat|Nasty Plot|p2a: Good strat\n|-boost|p2a: Good strat|spa|2\n|\n|-heal|p2a: Good strat|100\/100|[from] item: Leftovers\n|upkeep\n|turn|10\n|c|\u2606Carnagebest|you ready for magic\n|c|\u2606wariocentral_YT|yah\n|\n|t:|1699470691\n|move|p2a: Good strat|Agility|p2a: Good strat\n|-boost|p2a: Good strat|spe|2\n|move|p1a: Pikachu|Encore|p2a: Good strat\n|-start|p2a: Good strat|Encore\n|\n|upkeep\n|turn|11\n|c|\u2606wariocentral_YT|lol\n|c|\u2606Carnagebest|2 more times tthen ill show you\n|\n|t:|1699470707\n|move|p2a: Good strat|Agility|p2a: Good strat\n|-boost|p2a: Good strat|spe|2\n|move|p1a: Pikachu|Electro Ball|p2a: Good strat\n|-crit|p2a: Good strat\n|-damage|p2a: Good strat|89\/100\n|\n|-heal|p2a: Good strat|95\/100|[from] item: Leftovers\n|upkeep\n|turn|12\n|\n|t:|1699470718\n|switch|p1a: Pikachu|Pikachu-Alola, M|100\/100\n|move|p2a: Good strat|Agility|p2a: Good strat\n|-boost|p2a: Good strat|spe|2\n|\n|-heal|p2a: Good strat|100\/100|[from] item: Leftovers\n|upkeep\n|turn|13\n|c|\u2606Carnagebest|post this game pls\n|\n|t:|1699470727\n|-singleturn|p1a: Pikachu|move: Focus Punch\n|move|p2a: Good strat|Agility|p2a: Good strat\n|-boost|p2a: Good strat|spe|0\n|move|p1a: Pikachu|Focus Punch|p2a: Good strat\n|-resisted|p2a: Good strat\n|-damage|p2a: Good strat|94\/100\n|\n|-heal|p2a: Good strat|99\/100|[from] item: Leftovers\n|-end|p2a: Good strat|Encore\n|upkeep\n|turn|14\n|c|\u2606wariocentral_YT|ok\n|\n|t:|1699470739\n|-singleturn|p1a: Pikachu|move: Focus Punch\n|move|p2a: Good strat|Agility|p2a: Good strat\n|-boost|p2a: Good strat|spe|0\n|move|p1a: Pikachu|Focus Punch|p2a: Good strat\n|-resisted|p2a: Good strat\n|-crit|p2a: Good strat\n|-damage|p2a: Good strat|65\/100\n|\n|-heal|p2a: Good strat|71\/100|[from] item: Leftovers\n|upkeep\n|turn|15\n|\n|t:|1699470748\n|-singleturn|p1a: Pikachu|move: Focus Punch\n|move|p2a: Good strat|Baton Pass|p2a: Good strat\n|c|\u2606Carnagebest|mirror team?\n|\n|t:|1699470754\n|switch|p2a: Try it|Moltres-Galar, shiny|100\/100|[from] Baton Pass\n|move|p1a: Pikachu|Focus Punch|p2a: Try it\n|-damage|p2a: Try it|86\/100\n|\n|-heal|p2a: Try it|92\/100|[from] item: Leftovers\n|upkeep\n|turn|16\n|\n|t:|1699470767\n|switch|p1a: Pikachu|Pikachu, F|98\/100\n|move|p2a: Try it|Dark Pulse|p1a: Pikachu\n|-damage|p1a: Pikachu|0 fnt\n|faint|p1a: Pikachu\n|\n|-heal|p2a: Try it|99\/100|[from] item: Leftovers\n|upkeep\n|\n|t:|1699470775\n|switch|p1a: Pikachu|Pikachu-Hoenn, M|100\/100\n|turn|17\n|\n|t:|1699470784\n|move|p2a: Try it|Dark Pulse|p1a: Pikachu\n|-damage|p1a: Pikachu|0 fnt\n|faint|p1a: Pikachu\n|\n|-heal|p2a: Try it|100\/100|[from] item: Leftovers\n|upkeep\n|\n|t:|1699470790\n|switch|p1a: Pikachu|Pikachu-Partner, M|100\/100\n|turn|18\n|\n|t:|1699470797\n|move|p2a: Try it|Dark Pulse|p1a: Pikachu\n|-damage|p1a: Pikachu|0 fnt\n|faint|p1a: Pikachu\n|\n|upkeep\n|\n|t:|1699470802\n|switch|p1a: Pikachu|Pikachu-Alola, M|100\/100\n|turn|19\n|\n|t:|1699470807\n|move|p2a: Try it|Dark Pulse|p1a: Pikachu\n|-damage|p1a: Pikachu|0 fnt\n|faint|p1a: Pikachu\n|\n|upkeep\n|\n|t:|1699470811\n|switch|p1a: Pikachu|Pikachu-Original, M|100\/100\n|turn|20\n|c|\u2606Carnagebest|ima sub to you\n|\n|t:|1699470818\n|move|p2a: Try it|Dark Pulse|p1a: Pikachu\n|-damage|p1a: Pikachu|0 fnt\n|faint|p1a: Pikachu\n|\n|upkeep\n|c|\u2606wariocentral_YT|ok\n|c|\u2606wariocentral_YT|i will post this\n|\n|t:|1699470827\n|switch|p1a: Pikachu|Pikachu-World, M|100\/100\n|turn|21\n|\n|t:|1699470831\n|move|p2a: Try it|Dark Pulse|p1a: Pikachu\n|-damage|p1a: Pikachu|0 fnt\n|faint|p1a: Pikachu\n|\n|win|Carnagebest\n|raw|wariocentral_YT's rating: 1000 &rarr; <strong>1000<\/strong><br \/>(+0 for losing)\n|raw|Carnagebest's rating: 1065 &rarr; <strong>1090<\/strong><br \/>(+25 for winning)\n|c|\u2606Carnagebest|magic\n|c|\u2606Carnagebest|gg\n|c|\u2606Carnagebest|whats ur yt\n|c|\u2606Carnagebest|it wont pop up\n","uploadtime":1699470839,"views":3,"p1id":"wariocentralyt","p2id":"carnagebest","formatid":"gen9anythinggoes","rating":1000,"private":0,"password":""}