{"id":"gen9anythinggoes-1983035983","p1":"TreBucet","p2":"Paarthurnaux","format":"[Gen 9] Anything Goes","log":"|j|\u2606TreBucet\n|j|\u2606Paarthurnaux\n|t:|1699073296\n|gametype|singles\n|player|p1|TreBucet|grimsley|1128\n|player|p2|Paarthurnaux|ghetsis|1229\n|teamsize|p1|6\n|teamsize|p2|6\n|gen|9\n|tier|[Gen 9] Anything Goes\n|rated|\n|rule|HP Percentage Mod: HP is shown in percentages\n|rule|Endless Battle Clause: Forcing endless battles is banned\n|clearpoke\n|poke|p1|Houndstone, F|\n|poke|p1|Tyranitar, F|\n|poke|p1|Glimmora, M|\n|poke|p1|Flutter Mane|\n|poke|p1|Eternatus|\n|poke|p1|Zoroark, M|\n|poke|p2|Polteageist|\n|poke|p2|Copperajah, M|\n|poke|p2|Baxcalibur, F|\n|poke|p2|Toxapex, M|\n|poke|p2|Palkia|\n|poke|p2|Electrode|\n|teampreview\n|\n|t:|1699073308\n|start\n|switch|p1a: funny rock|Glimmora, M|100\/100\n|switch|p2a: Hulk|Copperajah, M|100\/100\n|turn|1\n|\n|t:|1699073319\n|move|p1a: funny rock|Earth Power|p2a: Hulk\n|-supereffective|p2a: Hulk\n|-damage|p2a: Hulk|32\/100\n|-damage|p1a: funny rock|90\/100|[from] item: Life Orb\n|move|p2a: Hulk|Superpower|p1a: funny rock\n|-damage|p1a: funny rock|26\/100\n|-unboost|p2a: Hulk|atk|1\n|-unboost|p2a: Hulk|def|1\n|-activate|p1a: funny rock|ability: Toxic Debris\n|-sidestart|p2: Paarthurnaux|move: Toxic Spikes\n|\n|upkeep\n|turn|2\n|\n|t:|1699073350\n|switch|p2a: Tank|Toxapex, M|100\/100\n|-sideend|p2: Paarthurnaux|move: Toxic Spikes|[of] p2a: Tank\n|move|p1a: funny rock|Earth Power|p2a: Tank\n|-supereffective|p2a: Tank\n|-damage|p2a: Tank|48\/100\n|-damage|p1a: funny rock|16\/100|[from] item: Life Orb\n|\n|upkeep\n|turn|3\n|inactive|Battle timer is ON: inactive players will automatically lose when time's up. (requested by TreBucet)\n|\n|t:|1699073369\n|switch|p2a: Baxcalibur|Baxcalibur, F|100\/100\n|move|p1a: funny rock|Earth Power|p2a: Baxcalibur\n|-crit|p2a: Baxcalibur\n|-damage|p2a: Baxcalibur|47\/100\n|-damage|p1a: funny rock|6\/100|[from] item: Life Orb\n|\n|upkeep\n|turn|4\n|\n|t:|1699073381\n|move|p2a: Baxcalibur|Earthquake|p1a: funny rock\n|-supereffective|p1a: funny rock\n|-damage|p1a: funny rock|0 fnt\n|-activate|p1a: funny rock|ability: Toxic Debris\n|-sidestart|p2: Paarthurnaux|move: Toxic Spikes\n|faint|p1a: funny rock\n|\n|upkeep\n|\n|t:|1699073388\n|switch|p1a: hehe|Flutter Mane|100\/100\n|turn|5\n|\n|t:|1699073394\n|switch|p2a: Tank|Toxapex, M|81\/100\n|-sideend|p2: Paarthurnaux|move: Toxic Spikes|[of] p2a: Tank\n|move|p1a: hehe|Moonblast|p2a: Tank\n|-resisted|p2a: Tank\n|-damage|p2a: Tank|59\/100\n|\n|upkeep\n|turn|6\n|\n|t:|1699073405\n|move|p1a: hehe|Poltergeist|p2a: Tank\n|-activate|p2a: Tank|move: Poltergeist|Rocky Helmet\n|-damage|p2a: Tank|46\/100\n|move|p2a: Tank|Recover|p2a: Tank\n|-heal|p2a: Tank|96\/100\n|\n|upkeep\n|turn|7\n|\n|t:|1699073413\n|move|p1a: hehe|Hyper Voice|p2a: Tank\n|-damage|p2a: Tank|70\/100\n|move|p2a: Tank|Liquidation|p1a: hehe\n|-damage|p1a: hehe|55\/100\n|-damage|p2a: Tank|54\/100|[from] item: Rocky Helmet|[of] p1a: hehe\n|\n|upkeep\n|turn|8\n|\n|t:|1699073422\n|move|p1a: hehe|Poltergeist|p2a: Tank|[miss]\n|-miss|p1a: hehe|p2a: Tank\n|move|p2a: Tank|Recover|p2a: Tank\n|-heal|p2a: Tank|100\/100\n|\n|upkeep\n|turn|9\n|\n|t:|1699073429\n|move|p1a: hehe|Moonblast|p2a: Tank\n|-resisted|p2a: Tank\n|-damage|p2a: Tank|79\/100\n|move|p2a: Tank|Toxic Spikes|p1a: hehe\n|-sidestart|p1: TreBucet|move: Toxic Spikes\n|\n|upkeep\n|turn|10\n|\n|t:|1699073435\n|move|p1a: hehe|Poltergeist|p2a: Tank\n|-activate|p2a: Tank|move: Poltergeist|Rocky Helmet\n|-damage|p2a: Tank|66\/100\n|move|p2a: Tank|Toxic Spikes|p1a: hehe\n|-sidestart|p1: TreBucet|move: Toxic Spikes\n|\n|upkeep\n|turn|11\n|\n|t:|1699073442\n|move|p1a: hehe|Hyper Voice|p2a: Tank\n|-crit|p2a: Tank\n|-damage|p2a: Tank|24\/100\n|move|p2a: Tank|Liquidation|p1a: hehe\n|-damage|p1a: hehe|11\/100\n|-damage|p2a: Tank|7\/100|[from] item: Rocky Helmet|[of] p1a: hehe\n|\n|upkeep\n|turn|12\n|\n|t:|1699073452\n|switch|p2a: Ghost Freak|Polteageist|100\/100\n|move|p1a: hehe|Hyper Voice|p2a: Ghost Freak\n|-immune|p2a: Ghost Freak\n|\n|upkeep\n|turn|13\n|\n|t:|1699073467\n|switch|p2a: Tank|Toxapex, M|41\/100\n|move|p1a: hehe|Poltergeist|p2a: Tank\n|-activate|p2a: Tank|move: Poltergeist|Rocky Helmet\n|-damage|p2a: Tank|28\/100\n|\n|upkeep\n|turn|14\n|\n|t:|1699073475\n|move|p1a: hehe|Hyper Voice|p2a: Tank\n|-damage|p2a: Tank|0 fnt\n|faint|p2a: Tank\n|\n|upkeep\n|\n|t:|1699073481\n|switch|p2a: Electro|Electrode|100\/100\n|turn|15\n|\n|t:|1699073484\n|move|p2a: Electro|Thunderbolt|p1a: hehe\n|-damage|p1a: hehe|0 fnt\n|faint|p1a: hehe\n|-end|p1a: hehe|Protosynthesis|[silent]\n|\n|upkeep\n|\n|t:|1699073488\n|switch|p1a: the hound|Houndstone, F|100\/100\n|-status|p1a: the hound|tox\n|turn|16\n|\n|t:|1699073495\n|move|p2a: Electro|Thunder Wave||[still]\n|-fail|p2a: Electro\n|move|p1a: the hound|Focus Blast|p2a: Electro|[miss]\n|-miss|p1a: the hound|p2a: Electro\n|\n|-damage|p1a: the hound|94\/100 tox|[from] psn\n|upkeep\n|turn|17\n|\n|t:|1699073503\n|move|p2a: Electro|Thunderbolt|p1a: the hound\n|-damage|p1a: the hound|30\/100 tox\n|replace|p1a: uh oh|Zoroark, M\n|-end|p1a: uh oh|Illusion\n|move|p1a: uh oh|Focus Blast|p2a: Electro\n|-damage|p2a: Electro|37\/100\n|\n|-damage|p1a: uh oh|17\/100 tox|[from] psn\n|upkeep\n|turn|18\n|\n|t:|1699073512\n|move|p2a: Electro|Volt Switch|p1a: uh oh\n|-damage|p1a: uh oh|0 fnt\n|faint|p1a: uh oh\n|\n|t:|1699073525\n|switch|p2a: Baxcalibur|Baxcalibur, F|47\/100|[from] Volt Switch\n|\n|upkeep\n|\n|t:|1699073529\n|switch|p1a: big man|Tyranitar, F|100\/100\n|-status|p1a: big man|tox\n|-weather|Sandstorm|[from] ability: Sand Stream|[of] p1a: big man\n|turn|19\n|\n|t:|1699073537\n|move|p2a: Baxcalibur|Swords Dance|p2a: Baxcalibur\n|-boost|p2a: Baxcalibur|atk|2\n|move|p1a: big man|Brick Break|p2a: Baxcalibur\n|-supereffective|p2a: Baxcalibur\n|-damage|p2a: Baxcalibur|0 fnt\n|faint|p2a: Baxcalibur\n|\n|-weather|Sandstorm|[upkeep]\n|-damage|p1a: big man|94\/100 tox|[from] psn\n|upkeep\n|\n|t:|1699073551\n|switch|p2a: Hulk|Copperajah, M|32\/100\n|turn|20\n|\n|t:|1699073555\n|move|p1a: big man|Earthquake|p2a: Hulk\n|-supereffective|p2a: Hulk\n|-damage|p2a: Hulk|0 fnt\n|faint|p2a: Hulk\n|\n|-weather|Sandstorm|[upkeep]\n|-heal|p1a: big man|100\/100 tox|[from] item: Leftovers\n|-damage|p1a: big man|88\/100 tox|[from] psn\n|upkeep\n|\n|t:|1699073565\n|switch|p2a: Hydroman|Palkia|100\/100\n|-ability|p2a: Hydroman|Pressure\n|turn|21\n|\n|t:|1699073570\n|switch|p1a: Eternatus|Eternatus|100\/100\n|-sideend|p1: TreBucet|move: Toxic Spikes|[of] p1a: Eternatus\n|-ability|p1a: Eternatus|Pressure\n|move|p2a: Hydroman|Bulk Up|p2a: Hydroman\n|-boost|p2a: Hydroman|atk|1\n|-boost|p2a: Hydroman|def|1\n|\n|-weather|Sandstorm|[upkeep]\n|-damage|p1a: Eternatus|94\/100|[from] Sandstorm\n|-damage|p2a: Hydroman|94\/100|[from] Sandstorm\n|-heal|p1a: Eternatus|100\/100|[from] item: Black Sludge\n|-heal|p2a: Hydroman|100\/100|[from] item: Leftovers\n|upkeep\n|turn|22\n|\n|t:|1699073583\n|move|p1a: Eternatus|Dynamax Cannon|p2a: Hydroman\n|-supereffective|p2a: Hydroman\n|-damage|p2a: Hydroman|0 fnt\n|faint|p2a: Hydroman\n|\n|-weather|Sandstorm|[upkeep]\n|-damage|p1a: Eternatus|94\/100|[from] Sandstorm\n|-heal|p1a: Eternatus|100\/100|[from] item: Black Sludge\n|upkeep\n|\n|t:|1699073591\n|switch|p2a: Ghost Freak|Polteageist|100\/100\n|turn|23\n|\n|t:|1699073594\n|move|p1a: Eternatus|Gunk Shot|p2a: Ghost Freak\n|-resisted|p2a: Ghost Freak\n|-damage|p2a: Ghost Freak|65\/100\n|move|p2a: Ghost Freak|Shell Smash|p2a: Ghost Freak\n|-unboost|p2a: Ghost Freak|def|1\n|-unboost|p2a: Ghost Freak|spd|1\n|-boost|p2a: Ghost Freak|atk|2\n|-boost|p2a: Ghost Freak|spa|2\n|-boost|p2a: Ghost Freak|spe|2\n|-enditem|p2a: Ghost Freak|White Herb\n|-clearnegativeboost|p2a: Ghost Freak|[silent]\n|\n|-weather|none\n|upkeep\n|turn|24\n|\n|t:|1699073604\n|switch|p1a: big man|Tyranitar, F|88\/100 tox\n|-weather|Sandstorm|[from] ability: Sand Stream|[of] p1a: big man\n|move|p2a: Ghost Freak|Stored Power|p1a: big man\n|-immune|p1a: big man\n|\n|-weather|Sandstorm|[upkeep]\n|-damage|p2a: Ghost Freak|59\/100|[from] Sandstorm\n|-heal|p1a: big man|94\/100 tox|[from] item: Leftovers\n|-damage|p1a: big man|88\/100 tox|[from] psn\n|upkeep\n|turn|25\n|\n|t:|1699073615\n|switch|p1a: the hound|Houndstone, F|100\/100\n|move|p2a: Ghost Freak|Giga Drain|p1a: the hound\n|-damage|p1a: the hound|24\/100\n|-heal|p2a: Ghost Freak|100\/100|[from] drain|[of] p1a: the hound\n|\n|-weather|Sandstorm|[upkeep]\n|-damage|p2a: Ghost Freak|94\/100|[from] Sandstorm\n|upkeep\n|turn|26\n|\n|t:|1699073625\n|-terastallize|p1a: the hound|Normal\n|move|p1a: the hound|Last Respects|p2a: Ghost Freak\n|-supereffective|p2a: Ghost Freak\n|-damage|p2a: Ghost Freak|0 fnt\n|faint|p2a: Ghost Freak\n|\n|-weather|Sandstorm|[upkeep]\n|upkeep\n|\n|t:|1699073632\n|switch|p2a: Electro|Electrode|37\/100\n|turn|27\n|\n|t:|1699073635\n|move|p1a: the hound|Last Respects|p2a: Electro\n|-damage|p2a: Electro|0 fnt\n|faint|p2a: Electro\n|\n|win|TreBucet\n|raw|TreBucet's rating: 1128 &rarr; <strong>1160<\/strong><br \/>(+32 for winning)\n|raw|Paarthurnaux's rating: 1229 &rarr; <strong>1197<\/strong><br \/>(-32 for losing)\n|c|\u2606TreBucet|gg\n|l|\u2606Paarthurnaux\n","uploadtime":1699073645,"views":5,"p1id":"trebucet","p2id":"paarthurnaux","formatid":"gen9anythinggoes","rating":1160,"private":0,"password":""}