{"id":"gen9anythinggoes-1975241554","p1":"Model Niko Niko Ni","p2":"Azrael_Meowscarada","format":"[Gen 9] Anything Goes","log":"|j|\u2606Model Niko Niko Ni\n|j|\u2606Azrael_Meowscarada\n|t:|1698172922\n|gametype|singles\n|player|p1|Model Niko Niko Ni|dawn|1215\n|player|p2|Azrael_Meowscarada|volo|1320\n|teamsize|p1|6\n|teamsize|p2|6\n|gen|9\n|tier|[Gen 9] Anything Goes\n|rated|\n|rule|HP Percentage Mod: HP is shown in percentages\n|rule|Endless Battle Clause: Forcing endless battles is banned\n|clearpoke\n|poke|p1|Samurott-Hisui, M|\n|poke|p1|Iron Valiant|\n|poke|p1|Blissey, F|\n|poke|p1|Great Tusk|\n|poke|p1|Ninetales, M|\n|poke|p1|Iron Leaves|\n|poke|p2|Miraidon|\n|poke|p2|Meowscarada, M|\n|poke|p2|Calyrex-Shadow|\n|poke|p2|Samurott-Hisui, M|\n|poke|p2|Iron Leaves|\n|poke|p2|Zacian-*|\n|teampreview\n|inactive|Battle timer is ON: inactive players will automatically lose when time's up. (requested by Model Niko Niko Ni)\n|j| SiwaSparkler16\n|\n|t:|1698172929\n|start\n|switch|p1a: Ninetales|Ninetales, M|100\/100\n|switch|p2a: Vilhelm|Zacian-Crowned, shiny|100\/100\n|-ability|p2a: Vilhelm|Intrepid Sword|boost\n|-boost|p2a: Vilhelm|atk|1\n|-weather|SunnyDay|[from] ability: Drought|[of] p1a: Ninetales\n|turn|1\n|\n|t:|1698172939\n|move|p2a: Vilhelm|Sacred Sword|p1a: Ninetales\n|-damage|p1a: Ninetales|35\/100\n|move|p1a: Ninetales|Will-O-Wisp|p2a: Vilhelm\n|-status|p2a: Vilhelm|brn\n|\n|-weather|SunnyDay|[upkeep]\n|-damage|p2a: Vilhelm|94\/100 brn|[from] brn\n|upkeep\n|turn|2\n|\n|t:|1698172952\n|switch|p1a: Great Tusk|Great Tusk|100\/100\n|-activate|p1a: Great Tusk|ability: Protosynthesis\n|-start|p1a: Great Tusk|protosynthesisatk\n|move|p2a: Vilhelm|Sacred Sword|p1a: Great Tusk\n|-damage|p1a: Great Tusk|81\/100\n|\n|-weather|SunnyDay|[upkeep]\n|-damage|p2a: Vilhelm|88\/100 brn|[from] brn\n|upkeep\n|turn|3\n|\n|t:|1698172962\n|move|p2a: Vilhelm|Play Rough|p1a: Great Tusk\n|-supereffective|p1a: Great Tusk\n|-damage|p1a: Great Tusk|21\/100\n|move|p1a: Great Tusk|Rapid Spin|p2a: Vilhelm\n|-resisted|p2a: Vilhelm\n|-damage|p2a: Vilhelm|79\/100 brn\n|-boost|p1a: Great Tusk|spe|1\n|\n|-weather|SunnyDay|[upkeep]\n|-damage|p2a: Vilhelm|73\/100 brn|[from] brn\n|upkeep\n|turn|4\n|\n|t:|1698172974\n|move|p1a: Great Tusk|Iron Head|p2a: Vilhelm\n|-damage|p2a: Vilhelm|43\/100 brn\n|move|p2a: Vilhelm|Play Rough|p1a: Great Tusk\n|-supereffective|p1a: Great Tusk\n|-damage|p1a: Great Tusk|0 fnt\n|faint|p1a: Great Tusk\n|-end|p1a: Great Tusk|Protosynthesis|[silent]\n|\n|-weather|SunnyDay|[upkeep]\n|-damage|p2a: Vilhelm|36\/100 brn|[from] brn\n|upkeep\n|l| SiwaSparkler16\n|\n|t:|1698172993\n|switch|p1a: Blissey|Blissey, F|100\/100\n|turn|5\n|\n|t:|1698173001\n|move|p2a: Vilhelm|Sacred Sword|p1a: Blissey\n|-supereffective|p1a: Blissey\n|-damage|p1a: Blissey|52\/100\n|move|p1a: Blissey|Charm|p2a: Vilhelm\n|-unboost|p2a: Vilhelm|atk|2\n|\n|-weather|SunnyDay|[upkeep]\n|-heal|p1a: Blissey|58\/100|[from] item: Leftovers\n|-damage|p2a: Vilhelm|30\/100 brn|[from] brn\n|upkeep\n|turn|6\n|\n|t:|1698173006\n|move|p2a: Vilhelm|Sacred Sword|p1a: Blissey\n|-supereffective|p1a: Blissey\n|-damage|p1a: Blissey|39\/100\n|move|p1a: Blissey|Charm|p2a: Vilhelm\n|-unboost|p2a: Vilhelm|atk|2\n|\n|-weather|SunnyDay|[upkeep]\n|-heal|p1a: Blissey|45\/100|[from] item: Leftovers\n|-damage|p2a: Vilhelm|24\/100 brn|[from] brn\n|upkeep\n|turn|7\n|\n|t:|1698173010\n|move|p2a: Vilhelm|Sacred Sword|p1a: Blissey\n|-supereffective|p1a: Blissey\n|-damage|p1a: Blissey|33\/100\n|move|p1a: Blissey|Soft-Boiled|p1a: Blissey\n|-heal|p1a: Blissey|83\/100\n|\n|-weather|SunnyDay|[upkeep]\n|-heal|p1a: Blissey|90\/100|[from] item: Leftovers\n|-damage|p2a: Vilhelm|18\/100 brn|[from] brn\n|upkeep\n|turn|8\n|\n|t:|1698173014\n|move|p2a: Vilhelm|Sacred Sword|p1a: Blissey\n|-supereffective|p1a: Blissey\n|-damage|p1a: Blissey|77\/100\n|move|p1a: Blissey|Charm|p2a: Vilhelm\n|-unboost|p2a: Vilhelm|atk|2\n|\n|-weather|none\n|-heal|p1a: Blissey|83\/100|[from] item: Leftovers\n|-damage|p2a: Vilhelm|12\/100 brn|[from] brn\n|upkeep\n|turn|9\n|\n|t:|1698173021\n|move|p2a: Vilhelm|Sacred Sword|p1a: Blissey\n|-supereffective|p1a: Blissey\n|-damage|p1a: Blissey|75\/100\n|move|p1a: Blissey|Soft-Boiled|p1a: Blissey\n|-heal|p1a: Blissey|100\/100\n|\n|-damage|p2a: Vilhelm|5\/100 brn|[from] brn\n|upkeep\n|turn|10\n|\n|t:|1698173027\n|move|p2a: Vilhelm|Sacred Sword|p1a: Blissey\n|-supereffective|p1a: Blissey\n|-damage|p1a: Blissey|92\/100\n|move|p1a: Blissey|Soft-Boiled|p1a: Blissey\n|-heal|p1a: Blissey|100\/100\n|\n|-damage|p2a: Vilhelm|0 fnt|[from] brn\n|faint|p2a: Vilhelm\n|upkeep\n|\n|t:|1698173042\n|switch|p2a: Venus|Iron Leaves|100\/100\n|-enditem|p2a: Venus|Booster Energy\n|-activate|p2a: Venus|ability: Quark Drive|[fromitem]\n|-start|p2a: Venus|quarkdriveatk\n|turn|11\n|\n|t:|1698173048\n|move|p2a: Venus|Sacred Sword|p1a: Blissey\n|-supereffective|p1a: Blissey\n|-damage|p1a: Blissey|22\/100\n|move|p1a: Blissey|Thunder Wave|p2a: Venus\n|-status|p2a: Venus|par\n|\n|-heal|p1a: Blissey|28\/100|[from] item: Leftovers\n|upkeep\n|turn|12\n|\n|t:|1698173054\n|-terastallize|p1a: Blissey|Ghost\n|move|p1a: Blissey|Soft-Boiled|p1a: Blissey\n|-heal|p1a: Blissey|78\/100\n|move|p2a: Venus|Sacred Sword|p1a: Blissey\n|-immune|p1a: Blissey\n|\n|-heal|p1a: Blissey|84\/100|[from] item: Leftovers\n|upkeep\n|turn|13\n|\n|t:|1698173062\n|move|p1a: Blissey|Charm|p2a: Venus\n|-unboost|p2a: Venus|atk|2\n|cant|p2a: Venus|par\n|\n|-heal|p1a: Blissey|90\/100|[from] item: Leftovers\n|upkeep\n|turn|14\n|\n|t:|1698173067\n|move|p1a: Blissey|Charm|p2a: Venus\n|-unboost|p2a: Venus|atk|2\n|move|p2a: Venus|Night Slash|p1a: Blissey\n|-supereffective|p1a: Blissey\n|-damage|p1a: Blissey|71\/100\n|\n|-heal|p1a: Blissey|77\/100|[from] item: Leftovers\n|upkeep\n|turn|15\n|\n|t:|1698173072\n|move|p1a: Blissey|Charm|p2a: Venus\n|-unboost|p2a: Venus|atk|2\n|move|p2a: Venus|Night Slash|p1a: Blissey\n|-supereffective|p1a: Blissey\n|-damage|p1a: Blissey|63\/100\n|\n|-heal|p1a: Blissey|70\/100|[from] item: Leftovers\n|upkeep\n|turn|16\n|\n|t:|1698173089\n|move|p1a: Blissey|Electric Terrain|p1a: Blissey\n|-fieldstart|move: Electric Terrain\n|cant|p2a: Venus|par\n|\n|-heal|p1a: Blissey|76\/100|[from] item: Leftovers\n|upkeep\n|turn|17\n|\n|t:|1698173093\n|move|p1a: Blissey|Soft-Boiled|p1a: Blissey\n|-heal|p1a: Blissey|100\/100\n|move|p2a: Venus|Night Slash|p1a: Blissey\n|-supereffective|p1a: Blissey\n|-damage|p1a: Blissey|86\/100\n|\n|-heal|p1a: Blissey|92\/100|[from] item: Leftovers\n|upkeep\n|turn|18\n|c|\u2606Azrael_Meowscarada|Can you actually please stop making this as a stall battle\n|\n|t:|1698173116\n|switch|p1a: Iron Leaves|Iron Leaves|100\/100\n|-activate|p1a: Iron Leaves|ability: Quark Drive\n|-start|p1a: Iron Leaves|quarkdriveatk\n|move|p2a: Venus|Night Slash|p1a: Iron Leaves\n|-supereffective|p1a: Iron Leaves\n|-crit|p1a: Iron Leaves\n|-damage|p1a: Iron Leaves|0 fnt\n|faint|p1a: Iron Leaves\n|-end|p1a: Iron Leaves|Quark Drive|[silent]\n|\n|upkeep\n|\n|t:|1698173125\n|switch|p1a: Samurott|Samurott-Hisui, M|100\/100\n|turn|19\n|\n|t:|1698173130\n|move|p1a: Samurott|Ceaseless Edge|p2a: Venus\n|-supereffective|p2a: Venus\n|-damage|p2a: Venus|12\/100 par\n|-sidestart|p2: Azrael_Meowscarada|Spikes\n|move|p2a: Venus|Leaf Blade|p1a: Samurott\n|-supereffective|p1a: Samurott\n|-crit|p1a: Samurott\n|-damage|p1a: Samurott|0 fnt\n|faint|p1a: Samurott\n|\n|upkeep\n|\n|t:|1698173142\n|switch|p1a: Ninetales|Ninetales, M|35\/100\n|-weather|SunnyDay|[from] ability: Drought|[of] p1a: Ninetales\n|turn|20\n|\n|t:|1698173146\n|move|p1a: Ninetales|Disable|p2a: Venus\n|-start|p2a: Venus|Disable|Leaf Blade\n|move|p2a: Venus|Psyblade|p1a: Ninetales\n|-damage|p1a: Ninetales|10\/100\n|\n|-weather|SunnyDay|[upkeep]\n|-fieldend|move: Electric Terrain\n|upkeep\n|turn|21\n|\n|t:|1698173165\n|move|p1a: Ninetales|Agility|p1a: Ninetales\n|-boost|p1a: Ninetales|spe|2\n|move|p2a: Venus|Psyblade|p1a: Ninetales\n|-damage|p1a: Ninetales|0 fnt\n|faint|p1a: Ninetales\n|\n|-weather|SunnyDay|[upkeep]\n|upkeep\n|\n|t:|1698173169\n|switch|p1a: Blissey|Blissey, F, tera:Ghost|92\/100\n|turn|22\n|\n|t:|1698173174\n|move|p1a: Blissey|Electric Terrain|p1a: Blissey\n|-fieldstart|move: Electric Terrain\n|cant|p2a: Venus|par\n|\n|-weather|SunnyDay|[upkeep]\n|-heal|p1a: Blissey|98\/100|[from] item: Leftovers\n|upkeep\n|turn|23\n|inactive|Azrael_Meowscarada has 120 seconds left.\n|\n|t:|1698173212\n|switch|p1a: Iron Valiant|Iron Valiant|100\/100\n|-activate|p1a: Iron Valiant|ability: Quark Drive\n|-start|p1a: Iron Valiant|quarkdrivespe\n|move|p2a: Venus|Night Slash|p1a: Iron Valiant\n|-resisted|p1a: Iron Valiant\n|-damage|p1a: Iron Valiant|98\/100\n|\n|-weather|SunnyDay|[upkeep]\n|-end|p2a: Venus|Disable\n|upkeep\n|turn|24\n|\n|t:|1698173227\n|move|p1a: Iron Valiant|Fire Punch|p2a: Venus\n|-supereffective|p2a: Venus\n|-damage|p2a: Venus|0 fnt\n|faint|p2a: Venus\n|-end|p2a: Venus|Quark Drive|[silent]\n|\n|-weather|SunnyDay|[upkeep]\n|upkeep\n|inactive|Azrael_Meowscarada has 120 seconds left.\n|\n|t:|1698173261\n|switch|p2a: Apocalypse|Calyrex-Shadow|100\/100\n|-ability|p2a: Apocalypse|As One\n|-ability|p2a: Apocalypse|Unnerve\n|-damage|p2a: Apocalypse|88\/100|[from] Spikes\n|turn|25\n|\n|t:|1698173274\n|move|p1a: Iron Valiant|Ice Punch|p2a: Apocalypse\n|-damage|p2a: Apocalypse|63\/100\n|move|p2a: Apocalypse|Psyshock|p1a: Iron Valiant\n|-supereffective|p1a: Iron Valiant\n|-damage|p1a: Iron Valiant|0 fnt\n|faint|p1a: Iron Valiant\n|-end|p1a: Iron Valiant|Quark Drive|[silent]\n|-ability|p2a: Apocalypse|Grim Neigh|boost\n|-boost|p2a: Apocalypse|spa|1\n|\n|-weather|SunnyDay|[upkeep]\n|upkeep\n|\n|t:|1698173280\n|switch|p1a: Blissey|Blissey, F, tera:Ghost|98\/100\n|turn|26\n|\n|t:|1698173284\n|-terastallize|p2a: Apocalypse|Ghost\n|move|p2a: Apocalypse|Astral Barrage|p1a: Blissey\n|-supereffective|p1a: Blissey\n|-damage|p1a: Blissey|0 fnt\n|faint|p1a: Blissey\n|\n|win|Azrael_Meowscarada\n|raw|Model Niko Niko Ni's rating: 1215 &rarr; <strong>1197<\/strong><br \/>(-18 for losing)\n|raw|Azrael_Meowscarada's rating: 1320 &rarr; <strong>1334<\/strong><br \/>(+14 for winning)\n|l|\u2606Model Niko Niko Ni\n|c|\u2606Azrael_Meowscarada|Gg\n","uploadtime":1698173295,"views":9,"p1id":"modelnikonikoni","p2id":"azraelmeowscarada","formatid":"gen9anythinggoes","rating":1197,"private":0,"password":""}