{"id":"gen9anythinggoes-1975323016","p1":"VtShepskies","p2":"HanzKrautsmann","format":"[Gen 9] Anything Goes","log":"|j|\u2606VtShepskies\n|j|\u2606HanzKrautsmann\n|t:|1698179745\n|gametype|singles\n|player|p1|VtShepskies|101|1051\n|player|p2|HanzKrautsmann|fisherman-gen4|1000\n|teamsize|p1|6\n|teamsize|p2|2\n|gen|9\n|tier|[Gen 9] Anything Goes\n|rated|\n|rule|HP Percentage Mod: HP is shown in percentages\n|rule|Endless Battle Clause: Forcing endless battles is banned\n|clearpoke\n|poke|p1|Lucario, M|\n|poke|p1|Charizard, M|\n|poke|p1|Ursaluna, F|\n|poke|p1|Annihilape, M|\n|poke|p1|Gardevoir, F|\n|poke|p1|Umbreon, F|\n|poke|p2|Drifblim, F|\n|poke|p2|Clefable, F|\n|teampreview\n|\n|t:|1698179750\n|start\n|switch|p1a: Gardevoir|Gardevoir, F|100\/100\n|switch|p2a: Drifblim|Drifblim, F|100\/100\n|-ability|p1a: Gardevoir|Unburden|[from] ability: Trace|[of] p2a: Drifblim\n|turn|1\n|c|\u2606HanzKrautsmann|im testing this idea out bear with me\n|\n|t:|1698179763\n|move|p2a: Drifblim|Substitute|p2a: Drifblim\n|-start|p2a: Drifblim|Substitute\n|-damage|p2a: Drifblim|75\/100\n|move|p1a: Gardevoir|Calm Mind|p1a: Gardevoir\n|-boost|p1a: Gardevoir|spa|1\n|-boost|p1a: Gardevoir|spd|1\n|\n|upkeep\n|turn|2\n|\n|t:|1698179772\n|move|p2a: Drifblim|Minimize|p2a: Drifblim\n|-boost|p2a: Drifblim|evasion|2\n|move|p1a: Gardevoir|Calm Mind|p1a: Gardevoir\n|-boost|p1a: Gardevoir|spa|1\n|-boost|p1a: Gardevoir|spd|1\n|\n|upkeep\n|turn|3\n|\n|t:|1698179779\n|move|p2a: Drifblim|Minimize|p2a: Drifblim\n|-boost|p2a: Drifblim|evasion|2\n|move|p1a: Gardevoir|Stored Power|p2a: Drifblim|[miss]\n|-miss|p1a: Gardevoir|p2a: Drifblim\n|\n|upkeep\n|turn|4\n|\n|t:|1698179786\n|move|p2a: Drifblim|Minimize|p2a: Drifblim\n|-boost|p2a: Drifblim|evasion|2\n|move|p1a: Gardevoir|Stored Power|p2a: Drifblim\n|-end|p2a: Drifblim|Substitute\n|\n|upkeep\n|turn|5\n|\n|t:|1698179793\n|move|p2a: Drifblim|Substitute|p2a: Drifblim\n|-start|p2a: Drifblim|Substitute\n|-damage|p2a: Drifblim|50\/100\n|move|p1a: Gardevoir|Stored Power|p2a: Drifblim|[miss]\n|-miss|p1a: Gardevoir|p2a: Drifblim\n|\n|upkeep\n|turn|6\n|\n|t:|1698179799\n|move|p2a: Drifblim|Minimize|p2a: Drifblim\n|-boost|p2a: Drifblim|evasion|0\n|move|p1a: Gardevoir|Stored Power|p2a: Drifblim|[miss]\n|-miss|p1a: Gardevoir|p2a: Drifblim\n|\n|upkeep\n|turn|7\n|\n|t:|1698179806\n|move|p2a: Drifblim|Disable|p1a: Gardevoir\n|-start|p1a: Gardevoir|Disable|Stored Power\n|cant|p1a: Gardevoir|Disable|Stored Power\n|\n|upkeep\n|turn|8\n|\n|t:|1698179815\n|move|p2a: Drifblim|Baton Pass|p2a: Drifblim\n|\n|t:|1698179817\n|switch|p2a: Clefable|Clefable, F|100\/100|[from] Baton Pass\n|move|p1a: Gardevoir|Draining Kiss|p2a: Clefable\n|-activate|p2a: Clefable|move: Substitute|[damage]\n|\n|upkeep\n|turn|9\n|\n|t:|1698179827\n|move|p1a: Gardevoir|Draining Kiss|p2a: Clefable|[miss]\n|-miss|p1a: Gardevoir|p2a: Clefable\n|move|p2a: Clefable|Calm Mind|p2a: Clefable\n|-boost|p2a: Clefable|spa|1\n|-boost|p2a: Clefable|spd|1\n|\n|upkeep\n|turn|10\n|\n|t:|1698179834\n|move|p1a: Gardevoir|Draining Kiss|p2a: Clefable|[miss]\n|-miss|p1a: Gardevoir|p2a: Clefable\n|move|p2a: Clefable|Calm Mind|p2a: Clefable\n|-boost|p2a: Clefable|spa|1\n|-boost|p2a: Clefable|spd|1\n|\n|-end|p1a: Gardevoir|Disable\n|upkeep\n|turn|11\n|\n|t:|1698179843\n|move|p1a: Gardevoir|Draining Kiss|p2a: Clefable\n|-end|p2a: Clefable|Substitute\n|move|p2a: Clefable|Calm Mind|p2a: Clefable\n|-boost|p2a: Clefable|spa|1\n|-boost|p2a: Clefable|spd|1\n|\n|upkeep\n|turn|12\n|\n|t:|1698179851\n|move|p1a: Gardevoir|Stored Power|p2a: Clefable|[miss]\n|-miss|p1a: Gardevoir|p2a: Clefable\n|move|p2a: Clefable|Flamethrower|p1a: Gardevoir\n|-damage|p1a: Gardevoir|28\/100\n|\n|upkeep\n|turn|13\n|\n|t:|1698179857\n|move|p1a: Gardevoir|Stored Power|p2a: Clefable|[miss]\n|-miss|p1a: Gardevoir|p2a: Clefable\n|move|p2a: Clefable|Flamethrower|p1a: Gardevoir\n|-damage|p1a: Gardevoir|0 fnt\n|faint|p1a: Gardevoir\n|\n|upkeep\n|\n|t:|1698179868\n|switch|p1a: Lucario|Lucario, M|100\/100\n|turn|14\n|c|\u2606HanzKrautsmann|well  thats something\n|\n|t:|1698179872\n|move|p1a: Lucario|Flash Cannon|p2a: Clefable|[miss]\n|-miss|p1a: Lucario|p2a: Clefable\n|move|p2a: Clefable|Flamethrower|p1a: Lucario\n|-supereffective|p1a: Lucario\n|-damage|p1a: Lucario|0 fnt\n|faint|p1a: Lucario\n|\n|upkeep\n|\n|t:|1698179881\n|switch|p1a: Annihilape|Annihilape, M|100\/100\n|turn|15\n|\n|t:|1698179891\n|move|p1a: Annihilape|Gunk Shot|p2a: Clefable|[miss]\n|-miss|p1a: Annihilape|p2a: Clefable\n|move|p2a: Clefable|Dazzling Gleam|p1a: Annihilape\n|-supereffective|p1a: Annihilape\n|-damage|p1a: Annihilape|0 fnt\n|faint|p1a: Annihilape\n|\n|upkeep\n|\n|t:|1698179899\n|switch|p1a: Charizard|Charizard, M, shiny|100\/100\n|turn|16\n|\n|t:|1698179905\n|move|p1a: Charizard|Flamethrower|p2a: Clefable|[miss]\n|-miss|p1a: Charizard|p2a: Clefable\n|move|p2a: Clefable|Calm Mind|p2a: Clefable\n|-boost|p2a: Clefable|spa|1\n|-boost|p2a: Clefable|spd|1\n|\n|upkeep\n|turn|17\n|\n|t:|1698179912\n|move|p1a: Charizard|Flamethrower|p2a: Clefable|[miss]\n|-miss|p1a: Charizard|p2a: Clefable\n|move|p2a: Clefable|Dazzling Gleam|p1a: Charizard\n|-resisted|p1a: Charizard\n|-damage|p1a: Charizard|49\/100\n|\n|upkeep\n|turn|18\n|\n|t:|1698179919\n|move|p1a: Charizard|Flamethrower|p2a: Clefable\n|-damage|p2a: Clefable|85\/100\n|move|p2a: Clefable|Dazzling Gleam|p1a: Charizard\n|-resisted|p1a: Charizard\n|-damage|p1a: Charizard|0 fnt\n|faint|p1a: Charizard\n|\n|-heal|p2a: Clefable|91\/100|[from] item: Leftovers\n|upkeep\n|\n|t:|1698179929\n|switch|p1a: Umbreon|Umbreon, F|100\/100\n|turn|19\n|\n|t:|1698179935\n|move|p1a: Umbreon|Confuse Ray|p2a: Clefable|[miss]\n|-miss|p1a: Umbreon|p2a: Clefable\n|move|p2a: Clefable|Dazzling Gleam|p1a: Umbreon\n|-supereffective|p1a: Umbreon\n|-damage|p1a: Umbreon|0 fnt\n|faint|p1a: Umbreon\n|\n|-heal|p2a: Clefable|97\/100|[from] item: Leftovers\n|upkeep\n|c|\u2606HanzKrautsmann|gg\n|\n|t:|1698179946\n|switch|p1a: Ursaluna|Ursaluna, F|100\/100\n|turn|20\n|\n|t:|1698179951\n|-terastallize|p2a: Clefable|Fairy\n|move|p2a: Clefable|Dazzling Gleam|p1a: Ursaluna\n|-damage|p1a: Ursaluna|0 fnt\n|faint|p1a: Ursaluna\n|\n|win|HanzKrautsmann\n|raw|VtShepskies's rating: 1051 &rarr; <strong>1031<\/strong><br \/>(-20 for losing)\n|raw|HanzKrautsmann's rating: 1000 &rarr; <strong>1046<\/strong><br \/>(+46 for winning)\n","uploadtime":1698179962,"views":12,"p1id":"vtshepskies","p2id":"hanzkrautsmann","formatid":"gen9anythinggoes","rating":1031,"private":0,"password":""}