{"id":"gen9anythinggoes-1991305734","p1":"Eyeos","p2":"eavo x","format":"[Gen 9] Anything Goes","log":"|j|\u2606Eyeos\n|j|\u2606eavo x\n|t:|1700066042\n|gametype|singles\n|player|p1|Eyeos|roxie|1551\n|player|p2|eavo x|erika-gen2|1643\n|teamsize|p1|6\n|teamsize|p2|6\n|gen|9\n|tier|[Gen 9] Anything Goes\n|rated|\n|rule|HP Percentage Mod: HP is shown in percentages\n|rule|Endless Battle Clause: Forcing endless battles is banned\n|clearpoke\n|poke|p1|Calyrex-Shadow|\n|poke|p1|Toxapex, M|\n|poke|p1|Corviknight, M|\n|poke|p1|Clodsire, F|\n|poke|p1|Miraidon|\n|poke|p1|Gothitelle, F|\n|poke|p2|Rayquaza|\n|poke|p2|Calyrex-Shadow|\n|poke|p2|Arceus|\n|poke|p2|Landorus-Therian, M|\n|poke|p2|Ting-Lu|\n|poke|p2|Koraidon|\n|teampreview\n|inactive|Battle timer is ON: inactive players will automatically lose when time's up. (requested by eavo x)\n|c|\u2606Eyeos|Help\n|c|\u2606eavo x|the cook\u2122\n|\n|t:|1700066064\n|start\n|switch|p1a: Toxapex|Toxapex, M|100\/100\n|switch|p2a: In The Clouds|Landorus-Therian, M, shiny|100\/100\n|-ability|p2a: In The Clouds|Intimidate|boost\n|-unboost|p1a: Toxapex|atk|1\n|turn|1\n|\n|t:|1700066068\n|move|p2a: In The Clouds|Taunt|p1a: Toxapex\n|-start|p1a: Toxapex|move: Taunt\n|cant|p1a: Toxapex|move: Taunt|Toxic\n|\n|upkeep\n|turn|2\n|\n|t:|1700066070\n|move|p2a: In The Clouds|Stealth Rock|p1a: Toxapex\n|-sidestart|p1: Eyeos|move: Stealth Rock\n|move|p1a: Toxapex|Infestation|p2a: In The Clouds\n|-resisted|p2a: In The Clouds\n|-damage|p2a: In The Clouds|99\/100\n|-activate|p2a: In The Clouds|move: Infestation|[of] p1a: Toxapex\n|-damage|p1a: Toxapex|84\/100|[from] item: Rocky Helmet|[of] p2a: In The Clouds\n|\n|-damage|p2a: In The Clouds|87\/100|[from] move: Infestation|[partiallytrapped]\n|upkeep\n|turn|3\n|\n|t:|1700066074\n|move|p2a: In The Clouds|Earthquake|p1a: Toxapex\n|-supereffective|p1a: Toxapex\n|-damage|p1a: Toxapex|27\/100\n|move|p1a: Toxapex|Infestation|p2a: In The Clouds\n|-resisted|p2a: In The Clouds\n|-damage|p2a: In The Clouds|85\/100\n|-damage|p1a: Toxapex|10\/100|[from] item: Rocky Helmet|[of] p2a: In The Clouds\n|\n|-damage|p2a: In The Clouds|72\/100|[from] move: Infestation|[partiallytrapped]\n|-end|p1a: Toxapex|move: Taunt\n|upkeep\n|turn|4\n|\n|t:|1700066078\n|switch|p1a: Corviknight|Corviknight, M|100\/100\n|-damage|p1a: Corviknight|88\/100|[from] Stealth Rock\n|-ability|p1a: Corviknight|Pressure\n|move|p2a: In The Clouds|Taunt|p1a: Corviknight\n|-start|p1a: Corviknight|move: Taunt\n|\n|-heal|p1a: Corviknight|94\/100|[from] item: Leftovers\n|-end|p2a: In The Clouds|Infestation|[partiallytrapped]|[silent]\n|upkeep\n|turn|5\n|\n|t:|1700066084\n|move|p2a: In The Clouds|U-turn|p1a: Corviknight\n|-resisted|p1a: Corviknight\n|-damage|p1a: Corviknight|91\/100\n|\n|t:|1700066092\n|switch|p2a: Last Wish|Koraidon|100\/100|[from] U-turn\n|-weather|SunnyDay|[from] ability: Orichalcum Pulse|[of] p2a: Last Wish\n|-activate|p2a: Last Wish|Orichalcum Pulse|[source]\n|move|p1a: Corviknight|U-turn|p2a: Last Wish\n|-resisted|p2a: Last Wish\n|-damage|p2a: Last Wish|95\/100\n|\n|t:|1700066097\n|switch|p1a: Calyrex|Calyrex-Shadow|100\/100|[from] U-turn\n|-ability|p1a: Calyrex|As One\n|-ability|p1a: Calyrex|Unnerve\n|-damage|p1a: Calyrex|88\/100|[from] Stealth Rock\n|\n|-weather|SunnyDay|[upkeep]\n|upkeep\n|turn|6\n|\n|t:|1700066105\n|-terastallize|p2a: Last Wish|Fire\n|move|p1a: Calyrex|Astral Barrage|p2a: Last Wish\n|-damage|p2a: Last Wish|19\/100\n|move|p2a: Last Wish|Flare Blitz|p1a: Calyrex\n|-damage|p1a: Calyrex|0 fnt\n|faint|p1a: Calyrex\n|-damage|p2a: Last Wish|0 fnt|[from] Recoil\n|faint|p2a: Last Wish\n|\n|-weather|SunnyDay|[upkeep]\n|upkeep\n|c|\u2606Eyeos|Help\n|\n|t:|1700066129\n|switch|p1a: Toxapex|Toxapex, M|43\/100\n|switch|p2a: In The Clouds|Landorus-Therian, M, shiny|72\/100\n|-ability|p2a: In The Clouds|Intimidate|boost\n|-unboost|p1a: Toxapex|atk|1\n|-damage|p1a: Toxapex|31\/100|[from] Stealth Rock\n|turn|7\n|\n|t:|1700066134\n|switch|p1a: Corviknight|Corviknight, M|91\/100\n|-damage|p1a: Corviknight|78\/100|[from] Stealth Rock\n|-ability|p1a: Corviknight|Pressure\n|move|p2a: In The Clouds|Earthquake|p1a: Corviknight\n|-immune|p1a: Corviknight\n|\n|-weather|SunnyDay|[upkeep]\n|-heal|p1a: Corviknight|85\/100|[from] item: Leftovers\n|upkeep\n|turn|8\n|\n|t:|1700066137\n|move|p2a: In The Clouds|Taunt|p1a: Corviknight\n|-start|p1a: Corviknight|move: Taunt\n|move|p1a: Corviknight|U-turn|p2a: In The Clouds\n|-resisted|p2a: In The Clouds\n|-damage|p2a: In The Clouds|67\/100\n|-damage|p1a: Corviknight|68\/100|[from] item: Rocky Helmet|[of] p2a: In The Clouds\n|\n|t:|1700066140\n|switch|p1a: Miraidon|Miraidon|100\/100|[from] U-turn\n|-damage|p1a: Miraidon|88\/100|[from] Stealth Rock\n|-fieldstart|move: Electric Terrain|[from] ability: Hadron Engine|[of] p1a: Miraidon\n|\n|-weather|SunnyDay|[upkeep]\n|-heal|p1a: Miraidon|94\/100|[from] item: Leftovers\n|upkeep\n|turn|9\n|\n|t:|1700066144\n|switch|p2a: Split In Half|Ting-Lu|100\/100\n|-ability|p2a: Split In Half|Vessel of Ruin\n|move|p1a: Miraidon|Dazzling Gleam|p2a: Split In Half\n|-supereffective|p2a: Split In Half\n|-damage|p2a: Split In Half|64\/100\n|\n|-weather|none\n|-heal|p1a: Miraidon|99\/100|[from] item: Leftovers\n|-heal|p2a: Split In Half|70\/100|[from] item: Leftovers\n|upkeep\n|turn|10\n|\n|t:|1700066155\n|switch|p1a: Corviknight|Corviknight, M|68\/100\n|-damage|p1a: Corviknight|56\/100|[from] Stealth Rock\n|-ability|p1a: Corviknight|Pressure\n|move|p2a: Split In Half|Taunt|p1a: Corviknight\n|-start|p1a: Corviknight|move: Taunt\n|\n|-heal|p1a: Corviknight|62\/100|[from] item: Leftovers\n|-heal|p2a: Split In Half|76\/100|[from] item: Leftovers\n|upkeep\n|turn|11\n|\n|t:|1700066159\n|move|p1a: Corviknight|Iron Head|p2a: Split In Half\n|-damage|p2a: Split In Half|62\/100\n|cant|p2a: Split In Half|flinch\n|\n|-heal|p1a: Corviknight|68\/100|[from] item: Leftovers\n|-heal|p2a: Split In Half|69\/100|[from] item: Leftovers\n|upkeep\n|turn|12\n|\n|t:|1700066166\n|switch|p2a: Holy Ghost|Calyrex-Shadow|100\/100\n|-ability|p2a: Holy Ghost|As One\n|-ability|p2a: Holy Ghost|Unnerve\n|move|p1a: Corviknight|Iron Head|p2a: Holy Ghost\n|-damage|p2a: Holy Ghost|70\/100\n|\n|-heal|p1a: Corviknight|74\/100|[from] item: Leftovers\n|-end|p1a: Corviknight|move: Taunt\n|-fieldend|move: Electric Terrain\n|upkeep\n|turn|13\n|\n|t:|1700066170\n|move|p2a: Holy Ghost|Astral Barrage|p1a: Corviknight\n|-damage|p1a: Corviknight|5\/100\n|move|p1a: Corviknight|U-turn|p2a: Holy Ghost\n|-damage|p2a: Holy Ghost|51\/100\n|\n|t:|1700066176\n|switch|p1a: Clodsire|Clodsire, F|100\/100|[from] U-turn\n|-damage|p1a: Clodsire|94\/100|[from] Stealth Rock\n|\n|-heal|p1a: Clodsire|100\/100|[from] item: Leftovers\n|upkeep\n|turn|14\n|c|\u2606eavo x|bro wth\n|\n|t:|1700066189\n|switch|p2a: In The Clouds|Landorus-Therian, M, shiny|67\/100\n|-ability|p2a: In The Clouds|Intimidate|boost\n|-unboost|p1a: Clodsire|atk|1\n|move|p1a: Clodsire|Toxic|p2a: In The Clouds\n|-status|p2a: In The Clouds|tox\n|\n|-damage|p2a: In The Clouds|61\/100 tox|[from] psn\n|upkeep\n|turn|15\n|\n|t:|1700066193\n|switch|p1a: Corviknight|Corviknight, M|5\/100\n|-damage|p1a: Corviknight|0 fnt|[from] Stealth Rock\n|faint|p1a: Corviknight\n|move|p2a: In The Clouds|Earthquake|p1: Corviknight|[notarget]\n|-fail|p2a: In The Clouds\n|\n|-damage|p2a: In The Clouds|49\/100 tox|[from] psn\n|upkeep\n|\n|t:|1700066196\n|switch|p1a: Miraidon|Miraidon|99\/100\n|-damage|p1a: Miraidon|88\/100|[from] Stealth Rock\n|-fieldstart|move: Electric Terrain|[from] ability: Hadron Engine|[of] p1a: Miraidon\n|turn|16\n|\n|t:|1700066204\n|switch|p1a: Gothitelle|Gothitelle, F|100\/100\n|-damage|p1a: Gothitelle|88\/100|[from] Stealth Rock\n|switch|p2a: Split In Half|Ting-Lu|69\/100\n|-ability|p2a: Split In Half|Vessel of Ruin\n|\n|-heal|p2a: Split In Half|75\/100|[from] item: Leftovers\n|upkeep\n|turn|17\n|\n|t:|1700066210\n|move|p1a: Gothitelle|Grass Knot|p2a: Split In Half\n|-supereffective|p2a: Split In Half\n|-damage|p2a: Split In Half|31\/100\n|move|p2a: Split In Half|Spikes|p1a: Gothitelle\n|-sidestart|p1: Eyeos|Spikes\n|\n|-heal|p2a: Split In Half|37\/100|[from] item: Leftovers\n|upkeep\n|turn|18\n|\n|t:|1700066212\n|move|p1a: Gothitelle|Grass Knot|p2a: Split In Half\n|-supereffective|p2a: Split In Half\n|-damage|p2a: Split In Half|0 fnt\n|faint|p2a: Split In Half\n|\n|upkeep\n|\n|t:|1700066214\n|switch|p2a: Cobalt Snake|Rayquaza, shiny|100\/100\n|-ability|p2a: Cobalt Snake|Air Lock\n|turn|19\n|\n|t:|1700066217\n|switch|p1a: Toxapex|Toxapex, M|65\/100\n|-damage|p1a: Toxapex|52\/100|[from] Stealth Rock\n|-damage|p1a: Toxapex|40\/100|[from] Spikes\n|move|p2a: Cobalt Snake|Dragon Dance|p2a: Cobalt Snake\n|-boost|p2a: Cobalt Snake|atk|1\n|-boost|p2a: Cobalt Snake|spe|1\n|\n|upkeep\n|turn|20\n|\n|t:|1700066225\n|move|p2a: Cobalt Snake|Earthquake|p1a: Toxapex\n|-supereffective|p1a: Toxapex\n|-damage|p1a: Toxapex|0 fnt\n|faint|p1a: Toxapex\n|\n|-fieldend|move: Electric Terrain\n|upkeep\n|-message|Eyeos forfeited.\n|\n|win|eavo x\n|raw|Eyeos's rating: 1551 &rarr; <strong>1536<\/strong><br \/>(-15 for losing)\n|raw|eavo x's rating: 1643 &rarr; <strong>1658<\/strong><br \/>(+15 for winning)\n|l|\u2606Eyeos\n|l|\u2606eavo x\n","uploadtime":1700066254,"views":11,"p1id":"eyeos","p2id":"eavox","formatid":"gen9anythinggoes","rating":1536,"private":0,"password":""}