{"id":"gen9anythinggoes-1976971923","p1":"vesfs","p2":"Lolduck","format":"[Gen 9] Anything Goes","log":"|j|\u2606vesfs\n|j|\u2606Lolduck\n|t:|1698357476\n|gametype|singles\n|player|p1|vesfs|red|1069\n|player|p2|Lolduck|dancer|1000\n|teamsize|p1|6\n|teamsize|p2|6\n|gen|9\n|tier|[Gen 9] Anything Goes\n|rated|\n|rule|HP Percentage Mod: HP is shown in percentages\n|rule|Endless Battle Clause: Forcing endless battles is banned\n|clearpoke\n|poke|p1|Palafin, F|\n|poke|p1|Kingambit, F|\n|poke|p1|Iron Valiant|\n|poke|p1|Gholdengo|\n|poke|p1|Zapdos|\n|poke|p1|Koraidon|\n|poke|p2|Calyrex-Shadow|\n|poke|p2|Miraidon|\n|poke|p2|Miraidon|\n|poke|p2|Miraidon|\n|poke|p2|Miraidon|\n|poke|p2|Miraidon|\n|teampreview\n|inactive|Battle timer is ON: inactive players will automatically lose when time's up. (requested by vesfs)\n|c|\u2606vesfs|NOOOOOOOOO\n|c|\u2606Lolduck|The Carlito strat\n|inactive|vesfs has 120 seconds left.\n|\n|t:|1698357511\n|start\n|switch|p1a: Iron Valiant|Iron Valiant|100\/100\n|switch|p2a: Miraidon|Miraidon|100\/100\n|-fieldstart|move: Electric Terrain|[from] ability: Hadron Engine|[of] p2a: Miraidon\n|-activate|p1a: Iron Valiant|ability: Quark Drive\n|-start|p1a: Iron Valiant|quarkdrivespe\n|turn|1\n|\n|t:|1698357531\n|move|p1a: Iron Valiant|Moonblast|p2a: Miraidon\n|-supereffective|p2a: Miraidon\n|-damage|p2a: Miraidon|15\/100\n|move|p2a: Miraidon|Electro Drift|p1a: Iron Valiant\n|-damage|p1a: Iron Valiant|0 fnt\n|faint|p1a: Iron Valiant\n|-end|p1a: Iron Valiant|Quark Drive|[silent]\n|\n|upkeep\n|\n|t:|1698357540\n|switch|p1a: Zapdos|Zapdos, shiny|100\/100\n|turn|2\n|\n|t:|1698357553\n|move|p2a: Miraidon|Electro Drift|p1a: Zapdos\n|-damage|p1a: Zapdos|0 fnt\n|faint|p1a: Zapdos\n|\n|upkeep\n|\n|t:|1698357556\n|switch|p1a: Koraidon|Koraidon|100\/100\n|-weather|SunnyDay|[from] ability: Orichalcum Pulse|[of] p1a: Koraidon\n|-activate|p1a: Koraidon|Orichalcum Pulse|[source]\n|turn|3\n|\n|t:|1698357562\n|move|p2a: Miraidon|Electro Drift|p1a: Koraidon\n|-resisted|p1a: Koraidon\n|-damage|p1a: Koraidon|50\/100\n|move|p1a: Koraidon|Flare Blitz|p2a: Miraidon\n|-resisted|p2a: Miraidon\n|-damage|p2a: Miraidon|0 fnt\n|faint|p2a: Miraidon\n|-damage|p1a: Koraidon|46\/100|[from] Recoil\n|-damage|p1a: Koraidon|36\/100|[from] item: Life Orb\n|\n|-weather|SunnyDay|[upkeep]\n|upkeep\n|\n|t:|1698357578\n|switch|p2a: Miraidon|Miraidon|100\/100\n|-activate|p2a: Miraidon|ability: Hadron Engine\n|turn|4\n|\n|t:|1698357583\n|move|p2a: Miraidon|Dazzling Gleam|p1a: Koraidon\n|-supereffective|p1a: Koraidon\n|-damage|p1a: Koraidon|0 fnt\n|faint|p1a: Koraidon\n|\n|-weather|SunnyDay|[upkeep]\n|upkeep\n|\n|t:|1698357591\n|switch|p1a: Palafin|Palafin, F|100\/100\n|turn|5\n|\n|t:|1698357595\n|move|p2a: Miraidon|Dazzling Gleam|p1a: Palafin\n|-damage|p1a: Palafin|15\/100\n|move|p1a: Palafin|Flip Turn|p2a: Miraidon\n|-resisted|p2a: Miraidon\n|-damage|p2a: Miraidon|92\/100\n|\n|t:|1698357599\n|detailschange|p1a: Palafin|Palafin-Hero, F\n|switch|p1a: Gholdengo|Gholdengo|100\/100|[from] Flip Turn\n|\n|-weather|SunnyDay|[upkeep]\n|-fieldend|move: Electric Terrain\n|upkeep\n|turn|6\n|\n|t:|1698357614\n|switch|p2a: Miraidon|Miraidon|100\/100\n|-fieldstart|move: Electric Terrain|[from] ability: Hadron Engine|[of] p2a: Miraidon\n|-singleturn|p1a: Gholdengo|move: Focus Punch\n|move|p1a: Gholdengo|Focus Punch|p2a: Miraidon\n|-damage|p2a: Miraidon|74\/100\n|-damage|p1a: Gholdengo|91\/100|[from] item: Life Orb\n|\n|-weather|SunnyDay|[upkeep]\n|upkeep\n|turn|7\n|\n|t:|1698357623\n|move|p2a: Miraidon|Overheat|p1a: Gholdengo\n|-supereffective|p1a: Gholdengo\n|-damage|p1a: Gholdengo|0 fnt\n|-unboost|p2a: Miraidon|spa|2\n|faint|p1a: Gholdengo\n|\n|-weather|none\n|upkeep\n|\n|t:|1698357626\n|switch|p1a: Palafin|Palafin-Hero, F|15\/100\n|-activate|p1a: Palafin|ability: Zero to Hero\n|turn|8\n|\n|t:|1698357634\n|move|p1a: Palafin|Protect|p1a: Palafin\n|-singleturn|p1a: Palafin|Protect\n|move|p2a: Miraidon|Overheat|p1a: Palafin\n|-activate|p1a: Palafin|move: Protect\n|\n|upkeep\n|turn|9\n|\n|t:|1698357639\n|move|p1a: Palafin|Protect|p1a: Palafin\n|-singleturn|p1a: Palafin|Protect\n|move|p2a: Miraidon|Overheat|p1a: Palafin\n|-activate|p1a: Palafin|move: Protect\n|\n|upkeep\n|turn|10\n|\n|t:|1698357641\n|move|p1a: Palafin|Protect||[still]\n|-fail|p1a: Palafin\n|move|p2a: Miraidon|Overheat|p1a: Palafin\n|-resisted|p1a: Palafin\n|-damage|p1a: Palafin|0 fnt\n|-unboost|p2a: Miraidon|spa|2\n|faint|p1a: Palafin\n|\n|-fieldend|move: Electric Terrain\n|upkeep\n|\n|t:|1698357643\n|switch|p1a: Kingambit|Kingambit, F, shiny|100\/100\n|-activate|p1a: Kingambit|ability: Supreme Overlord\n|-start|p1a: Kingambit|fallen5|[silent]\n|turn|11\n|\n|t:|1698357657\n|move|p2a: Miraidon|Overheat|p1a: Kingambit\n|-supereffective|p1a: Kingambit\n|-damage|p1a: Kingambit|67\/100\n|-unboost|p2a: Miraidon|spa|2\n|move|p1a: Kingambit|Kowtow Cleave|p2a: Miraidon\n|-damage|p2a: Miraidon|0 fnt\n|faint|p2a: Miraidon\n|\n|upkeep\n|\n|t:|1698357667\n|switch|p2a: Calyrex|Calyrex-Shadow|100\/100\n|-ability|p2a: Calyrex|As One\n|-ability|p2a: Calyrex|Unnerve\n|turn|12\n|\n|t:|1698357672\n|-terastallize|p2a: Calyrex|Fairy\n|move|p2a: Calyrex|Tera Blast|p1a: Kingambit|[anim] Tera Blast Fairy\n|-damage|p1a: Kingambit|21\/100\n|move|p1a: Kingambit|Kowtow Cleave|p2a: Calyrex\n|-resisted|p2a: Calyrex\n|-damage|p2a: Calyrex|60\/100\n|\n|upkeep\n|turn|13\n|\n|t:|1698357678\n|-terastallize|p1a: Kingambit|Flying\n|move|p2a: Calyrex|Tera Blast|p1a: Kingambit|[anim] Tera Blast Fairy\n|-damage|p1a: Kingambit|0 fnt\n|faint|p1a: Kingambit\n|-end|p1a: Kingambit|fallen5|[silent]\n|\n|win|Lolduck\n|raw|vesfs's rating: 1069 &rarr; <strong>1045<\/strong><br \/>(-24 for losing)\n|raw|Lolduck's rating: 1000 &rarr; <strong>1048<\/strong><br \/>(+48 for winning)\n|l|\u2606vesfs\n|c|\u2606Lolduck|sorry\n","uploadtime":1698357687,"views":16,"p1id":"vesfs","p2id":"lolduck","formatid":"gen9anythinggoes","rating":1045,"private":0,"password":""}