{"id":"gen9anythinggoes-1972670561","p1":"kaizo123","p2":"Miraidon4ever","format":"[Gen 9] Anything Goes","log":"|j|\u2606kaizo123\n|j|\u2606Miraidon4ever\n|t:|1697874549\n|gametype|singles\n|player|p1|kaizo123|dawn|1378\n|player|p2|Miraidon4ever|steven-masters3|1511\n|teamsize|p1|6\n|teamsize|p2|6\n|gen|9\n|tier|[Gen 9] Anything Goes\n|rated|\n|rule|HP Percentage Mod: HP is shown in percentages\n|rule|Endless Battle Clause: Forcing endless battles is banned\n|clearpoke\n|poke|p1|Hatterene, F|\n|poke|p1|Gholdengo|\n|poke|p1|Cyclizar, F|\n|poke|p1|Arceus|\n|poke|p1|Kyogre|\n|poke|p1|Meowscarada, F|\n|poke|p2|Zacian-*|\n|poke|p2|Ribombee, M|\n|poke|p2|Arceus|\n|poke|p2|Koraidon|\n|poke|p2|Miraidon|\n|poke|p2|Calyrex-Shadow|\n|teampreview\n|inactive|Battle timer is ON: inactive players will automatically lose when time's up. (requested by kaizo123)\n|\n|t:|1697874573\n|start\n|switch|p1a: Cyclizar|Cyclizar, F|100\/100\n|switch|p2a: Ribombee|Ribombee, M|100\/100\n|turn|1\n|\n|t:|1697874578\n|move|p1a: Cyclizar|Shed Tail|p1a: Cyclizar\n|-start|p1a: Cyclizar|Substitute|[from] move: Shed Tail\n|-damage|p1a: Cyclizar|50\/100\n|\n|t:|1697874580\n|switch|p1a: Hatterene|Hatterene, F|100\/100|[from] Shed Tail\n|move|p2a: Ribombee|Moonblast|p1a: Hatterene\n|-end|p1a: Hatterene|Substitute\n|\n|upkeep\n|turn|2\n|\n|t:|1697874588\n|move|p2a: Ribombee|Moonblast|p1a: Hatterene\n|-damage|p1a: Hatterene|65\/100\n|move|p1a: Hatterene|Mystical Fire|p2a: Ribombee\n|-supereffective|p2a: Ribombee\n|-damage|p2a: Ribombee|24\/100\n|\n|upkeep\n|turn|3\n|\n|t:|1697874595\n|move|p2a: Ribombee|Moonblast|p1a: Hatterene\n|-damage|p1a: Hatterene|29\/100\n|move|p1a: Hatterene|Dazzling Gleam|p2a: Ribombee\n|-damage|p2a: Ribombee|0 fnt\n|faint|p2a: Ribombee\n|\n|upkeep\n|\n|t:|1697874606\n|switch|p2a: Calyrex|Calyrex-Shadow|100\/100\n|-ability|p2a: Calyrex|As One\n|-ability|p2a: Calyrex|Unnerve\n|turn|4\n|\n|t:|1697874613\n|switch|p1a: Cyclizar|Cyclizar, F|83\/100\n|move|p2a: Calyrex|Nasty Plot|p2a: Calyrex\n|-boost|p2a: Calyrex|spa|2\n|\n|upkeep\n|turn|5\n|\n|t:|1697874620\n|move|p1a: Cyclizar|Knock Off|p2a: Calyrex\n|-supereffective|p2a: Calyrex\n|-damage|p2a: Calyrex|0 fnt\n|-enditem|p2a: Calyrex|Life Orb|[from] move: Knock Off|[of] p1a: Cyclizar\n|faint|p2a: Calyrex\n|\n|upkeep\n|\n|t:|1697874626\n|switch|p2a: Miraidon|Miraidon|100\/100\n|-fieldstart|move: Electric Terrain|[from] ability: Hadron Engine|[of] p2a: Miraidon\n|-enditem|p2a: Miraidon|Electric Seed\n|-boost|p2a: Miraidon|def|1|[from] item: Electric Seed\n|turn|6\n|\n|t:|1697874631\n|switch|p1a: Hatterene|Hatterene, F|29\/100\n|move|p2a: Miraidon|Calm Mind|p2a: Miraidon\n|-boost|p2a: Miraidon|spa|1\n|-boost|p2a: Miraidon|spd|1\n|\n|upkeep\n|turn|7\n|\n|t:|1697874638\n|move|p2a: Miraidon|Parabolic Charge|p1a: Hatterene\n|-damage|p1a: Hatterene|0 fnt\n|faint|p1a: Hatterene\n|\n|upkeep\n|\n|t:|1697874640\n|switch|p1a: Arceus|Arceus|100\/100\n|turn|8\n|\n|t:|1697874647\n|move|p1a: Arceus|Earthquake|p2a: Miraidon\n|-supereffective|p2a: Miraidon\n|-damage|p2a: Miraidon|65\/100\n|move|p2a: Miraidon|Dragon Pulse|p1a: Arceus\n|-damage|p1a: Arceus|23\/100\n|\n|upkeep\n|turn|9\n|\n|t:|1697874659\n|-terastallize|p2a: Miraidon|Fairy\n|move|p1a: Arceus|Earthquake|p2a: Miraidon\n|-damage|p2a: Miraidon|47\/100\n|move|p2a: Miraidon|Parabolic Charge|p1a: Arceus\n|-damage|p1a: Arceus|0 fnt\n|-heal|p2a: Miraidon|58\/100|[from] drain|[of] p1a: Arceus\n|faint|p1a: Arceus\n|\n|upkeep\n|\n|t:|1697874668\n|switch|p1a: Kyogre|Kyogre|100\/100\n|-weather|RainDance|[from] ability: Drizzle|[of] p1a: Kyogre\n|turn|10\n|\n|t:|1697874672\n|-terastallize|p1a: Kyogre|Ground\n|move|p1a: Kyogre|Water Spout|p2a: Miraidon\n|-damage|p2a: Miraidon|0 fnt\n|faint|p2a: Miraidon\n|\n|-weather|RainDance|[upkeep]\n|-fieldend|move: Electric Terrain\n|upkeep\n|\n|t:|1697874679\n|switch|p2a: Koraidon|Koraidon|100\/100\n|-weather|SunnyDay|[from] ability: Orichalcum Pulse|[of] p2a: Koraidon\n|-activate|p2a: Koraidon|Orichalcum Pulse|[source]\n|turn|11\n|\n|t:|1697874683\n|move|p1a: Kyogre|Water Spout|p2a: Koraidon\n|-resisted|p2a: Koraidon\n|-damage|p2a: Koraidon|78\/100\n|move|p2a: Koraidon|Scale Shot|p1a: Kyogre\n|-damage|p1a: Kyogre|81\/100\n|-damage|p1a: Kyogre|62\/100\n|-damage|p1a: Kyogre|43\/100\n|-damage|p1a: Kyogre|23\/100\n|-damage|p1a: Kyogre|2\/100\n|-hitcount|p1a: Kyogre|5\n|-unboost|p2a: Koraidon|def|1\n|-boost|p2a: Koraidon|spe|1\n|\n|-weather|SunnyDay|[upkeep]\n|upkeep\n|turn|12\n|\n|t:|1697874695\n|move|p2a: Koraidon|Scale Shot|p1a: Kyogre\n|-damage|p1a: Kyogre|0 fnt\n|faint|p1a: Kyogre\n|-hitcount|p1: Kyogre|1\n|-unboost|p2a: Koraidon|def|1\n|-boost|p2a: Koraidon|spe|1\n|\n|-weather|SunnyDay|[upkeep]\n|upkeep\n|\n|t:|1697874697\n|switch|p1a: Cyclizar|Cyclizar, F|100\/100\n|turn|13\n|\n|t:|1697874701\n|move|p2a: Koraidon|Scale Shot|p1a: Cyclizar|[miss]\n|-miss|p2a: Koraidon|p1a: Cyclizar\n|move|p1a: Cyclizar|Draco Meteor|p2a: Koraidon|[miss]\n|-miss|p1a: Cyclizar|p2a: Koraidon\n|\n|-weather|SunnyDay|[upkeep]\n|upkeep\n|turn|14\n|\n|t:|1697874707\n|move|p2a: Koraidon|Low Kick|p1a: Cyclizar\n|-supereffective|p1a: Cyclizar\n|-damage|p1a: Cyclizar|0 fnt\n|faint|p1a: Cyclizar\n|\n|-weather|SunnyDay|[upkeep]\n|upkeep\n|\n|t:|1697874710\n|switch|p1a: Gholdengo|Gholdengo|100\/100\n|-item|p1a: Gholdengo|Air Balloon\n|turn|15\n|\n|t:|1697874713\n|move|p2a: Koraidon|Flare Blitz|p1a: Gholdengo\n|-supereffective|p1a: Gholdengo\n|-crit|p1a: Gholdengo\n|-damage|p1a: Gholdengo|0 fnt\n|-enditem|p1a: Gholdengo|Air Balloon\n|faint|p1a: Gholdengo\n|-damage|p2a: Koraidon|48\/100|[from] Recoil\n|\n|-weather|none\n|upkeep\n|-message|kaizo123 forfeited.\n|\n|win|Miraidon4ever\n|raw|kaizo123's rating: 1378 &rarr; <strong>1365<\/strong><br \/>(-13 for losing)\n|raw|Miraidon4ever's rating: 1511 &rarr; <strong>1524<\/strong><br \/>(+13 for winning)\n|l|\u2606kaizo123\n","uploadtime":1697874720,"views":10,"p1id":"kaizo123","p2id":"miraidon4ever","formatid":"gen9anythinggoes","rating":1365,"private":0,"password":""}