{"id":"gen9anythinggoes-1973503393","p1":"Vonrien","p2":"RaptorGamma","format":"[Gen 9] Anything Goes","log":"|j|\u2606Vonrien\n|j|\u2606RaptorGamma\n|t:|1697984592\n|gametype|singles\n|player|p1|Vonrien|hilbert|1286\n|player|p2|RaptorGamma|266|1337\n|teamsize|p1|6\n|teamsize|p2|6\n|gen|9\n|tier|[Gen 9] Anything Goes\n|rated|\n|rule|HP Percentage Mod: HP is shown in percentages\n|rule|Endless Battle Clause: Forcing endless battles is banned\n|clearpoke\n|poke|p1|Darkrai|\n|poke|p1|Gastrodon, F|\n|poke|p1|Dragonite, F|\n|poke|p1|Chandelure, F|\n|poke|p1|Sneasler, M|\n|poke|p1|Decidueye, M|\n|poke|p2|Gothitelle, F|\n|poke|p2|Glimmora, F|\n|poke|p2|Flutter Mane|\n|poke|p2|Forretress, M|\n|poke|p2|Ditto|\n|poke|p2|Rillaboom, M|\n|teampreview\n|\n|t:|1697984606\n|start\n|switch|p1a: Rai|Darkrai|100\/100\n|switch|p2a: Forretress|Forretress, M|100\/100\n|turn|1\n|\n|t:|1697984618\n|move|p1a: Rai|Focus Blast|p2a: Forretress\n|-damage|p2a: Forretress|34\/100\n|move|p2a: Forretress|Toxic Spikes|p1a: Rai\n|-sidestart|p1: Vonrien|move: Toxic Spikes\n|\n|upkeep\n|turn|2\n|\n|t:|1697984629\n|switch|p2a: Flutter Mane|Flutter Mane|100\/100\n|-enditem|p2a: Flutter Mane|Booster Energy\n|-activate|p2a: Flutter Mane|ability: Protosynthesis|[fromitem]\n|-start|p2a: Flutter Mane|protosynthesisspe\n|move|p1a: Rai|Focus Blast|p2a: Flutter Mane\n|-immune|p2a: Flutter Mane\n|\n|upkeep\n|turn|3\n|\n|t:|1697984638\n|move|p2a: Flutter Mane|Moonblast|p1a: Rai\n|-supereffective|p1a: Rai\n|-damage|p1a: Rai|0 fnt\n|faint|p1a: Rai\n|\n|upkeep\n|\n|t:|1697984647\n|switch|p1a: Lala|Gastrodon, F|100\/100\n|-status|p1a: Lala|psn\n|turn|4\n|\n|t:|1697984658\n|move|p2a: Flutter Mane|Moonblast|p1a: Lala\n|-damage|p1a: Lala|50\/100 psn\n|-unboost|p1a: Lala|spa|1\n|move|p1a: Lala|Sludge Bomb|p2a: Flutter Mane\n|-damage|p2a: Flutter Mane|81\/100\n|\n|-heal|p1a: Lala|56\/100 psn|[from] item: Leftovers\n|-damage|p1a: Lala|44\/100 psn|[from] psn\n|upkeep\n|turn|5\n|\n|t:|1697984672\n|move|p2a: Flutter Mane|Moonblast|p1a: Lala\n|-damage|p1a: Lala|0 fnt\n|faint|p1a: Lala\n|\n|upkeep\n|inactive|Battle timer is ON: inactive players will automatically lose when time's up. (requested by RaptorGamma)\n|\n|t:|1697984689\n|switch|p1a: Rita|Dragonite, F|100\/100\n|turn|6\n|\n|t:|1697984694\n|-terastallize|p1a: Rita|Steel\n|move|p2a: Flutter Mane|Moonblast|p1a: Rita\n|-resisted|p1a: Rita\n|-damage|p1a: Rita|88\/100\n|-unboost|p1a: Rita|spa|1\n|move|p1a: Rita|Iron Head|p2a: Flutter Mane\n|-supereffective|p2a: Flutter Mane\n|-damage|p2a: Flutter Mane|0 fnt\n|faint|p2a: Flutter Mane\n|-end|p2a: Flutter Mane|Protosynthesis|[silent]\n|-damage|p1a: Rita|79\/100|[from] item: Life Orb\n|\n|upkeep\n|\n|t:|1697984706\n|switch|p2a: Forretress|Forretress, M|34\/100\n|turn|7\n|\n|t:|1697984714\n|move|p1a: Rita|Iron Head|p2a: Forretress\n|-resisted|p2a: Forretress\n|-damage|p2a: Forretress|17\/100\n|-enditem|p2a: Forretress|Figy Berry|[eat]\n|-heal|p2a: Forretress|50\/100|[from] item: Figy Berry\n|-damage|p1a: Rita|69\/100|[from] item: Life Orb\n|cant|p2a: Forretress|flinch\n|\n|upkeep\n|turn|8\n|\n|t:|1697984723\n|move|p1a: Rita|Iron Head|p2a: Forretress\n|-resisted|p2a: Forretress\n|-damage|p2a: Forretress|32\/100\n|-damage|p1a: Rita|59\/100|[from] item: Life Orb\n|move|p2a: Forretress|Toxic Spikes|p1a: Rita\n|-sidestart|p1: Vonrien|move: Toxic Spikes\n|\n|upkeep\n|turn|9\n|\n|t:|1697984731\n|move|p1a: Rita|Iron Head|p2a: Forretress\n|-resisted|p2a: Forretress\n|-damage|p2a: Forretress|13\/100\n|-damage|p1a: Rita|49\/100|[from] item: Life Orb\n|move|p2a: Forretress|Stealth Rock|p1a: Rita\n|-sidestart|p1: Vonrien|move: Stealth Rock\n|\n|upkeep\n|turn|10\n|\n|t:|1697984739\n|move|p1a: Rita|Iron Head|p2a: Forretress\n|-resisted|p2a: Forretress\n|-damage|p2a: Forretress|0 fnt\n|faint|p2a: Forretress\n|-damage|p1a: Rita|39\/100|[from] item: Life Orb\n|\n|upkeep\n|\n|t:|1697984754\n|switch|p2a: Rillaboom|Rillaboom, M|100\/100\n|-fieldstart|move: Grassy Terrain|[from] ability: Grassy Surge|[of] p2a: Rillaboom\n|turn|11\n|\n|t:|1697984759\n|move|p1a: Rita|Iron Head|p2a: Rillaboom\n|-damage|p2a: Rillaboom|45\/100\n|-damage|p1a: Rita|29\/100|[from] item: Life Orb\n|cant|p2a: Rillaboom|flinch\n|\n|-heal|p1a: Rita|35\/100|[from] Grassy Terrain\n|-heal|p2a: Rillaboom|51\/100|[from] Grassy Terrain\n|upkeep\n|turn|12\n|\n|t:|1697984769\n|move|p1a: Rita|Iron Head|p2a: Rillaboom\n|-damage|p2a: Rillaboom|0 fnt\n|faint|p2a: Rillaboom\n|-damage|p1a: Rita|25\/100|[from] item: Life Orb\n|\n|-heal|p1a: Rita|31\/100|[from] Grassy Terrain\n|upkeep\n|\n|t:|1697984777\n|switch|p2a: Glimmora|Glimmora, F|100\/100\n|turn|13\n|\n|t:|1697984782\n|move|p2a: Glimmora|Earth Power|p1a: Rita\n|-supereffective|p1a: Rita\n|-damage|p1a: Rita|0 fnt\n|faint|p1a: Rita\n|\n|upkeep\n|\n|t:|1697984787\n|switch|p1a: Fin|Decidueye, M|100\/100\n|-status|p1a: Fin|tox\n|-damage|p1a: Fin|88\/100 tox|[from] Stealth Rock\n|turn|14\n|\n|t:|1697984795\n|move|p2a: Glimmora|Venoshock|p1a: Fin\n|-damage|p1a: Fin|37\/100 tox\n|move|p1a: Fin|Leaf Blade|p2a: Glimmora\n|-damage|p2a: Glimmora|26\/100\n|\n|-heal|p2a: Glimmora|32\/100|[from] Grassy Terrain\n|-heal|p1a: Fin|43\/100 tox|[from] Grassy Terrain\n|-damage|p1a: Fin|37\/100 tox|[from] psn\n|upkeep\n|turn|15\n|\n|t:|1697984806\n|move|p1a: Fin|Sucker Punch|p2a: Glimmora\n|-damage|p2a: Glimmora|5\/100\n|move|p2a: Glimmora|Venoshock|p1a: Fin\n|-damage|p1a: Fin|0 fnt\n|faint|p1a: Fin\n|\n|-heal|p2a: Glimmora|11\/100|[from] Grassy Terrain\n|-fieldend|move: Grassy Terrain\n|upkeep\n|\n|t:|1697984815\n|switch|p1a: Nilo|Sneasler, M|100\/100\n|-sideend|p1: Vonrien|move: Toxic Spikes|[of] p1a: Nilo\n|-damage|p1a: Nilo|95\/100|[from] Stealth Rock\n|turn|16\n|\n|t:|1697984830\n|move|p1a: Nilo|Close Combat|p2a: Glimmora\n|-damage|p2a: Glimmora|0 fnt\n|-unboost|p1a: Nilo|def|1\n|-unboost|p1a: Nilo|spd|1\n|-enditem|p1a: Nilo|White Herb\n|-clearnegativeboost|p1a: Nilo|[silent]\n|faint|p2a: Glimmora\n|\n|upkeep\n|\n|t:|1697984840\n|switch|p2a: Ditto|Ditto|100\/100\n|-transform|p2a: Ditto|p1a: Nilo|[from] ability: Imposter\n|turn|17\n|\n|t:|1697984846\n|move|p1a: Nilo|Close Combat|p2a: Ditto\n|-resisted|p2a: Ditto\n|-damage|p2a: Ditto|45\/100\n|-unboost|p1a: Nilo|def|1\n|-unboost|p1a: Nilo|spd|1\n|move|p2a: Ditto|Close Combat|p1a: Nilo\n|-resisted|p1a: Nilo\n|-damage|p1a: Nilo|12\/100\n|-unboost|p2a: Ditto|def|1\n|-unboost|p2a: Ditto|spd|1\n|\n|upkeep\n|turn|18\n|\n|t:|1697984866\n|move|p1a: Nilo|Close Combat|p2a: Ditto\n|-resisted|p2a: Ditto\n|-damage|p2a: Ditto|0 fnt\n|-unboost|p1a: Nilo|def|1\n|-unboost|p1a: Nilo|spd|1\n|faint|p2a: Ditto\n|\n|upkeep\n|l|\u2606RaptorGamma\n|inactive|RaptorGamma disconnected and has a minute to reconnect!\n|player|p2|\n|inactive|RaptorGamma has 30 seconds to reconnect!\n|inactive|RaptorGamma has 20 seconds to reconnect!\n|j|\u2606RaptorGamma\n|inactive|RaptorGamma reconnected and has 100 seconds left.\n|player|p2|RaptorGamma|266\n|\n|t:|1697984915\n|switch|p2a: Gothitelle|Gothitelle, F|100\/100\n|turn|19\n|\n|t:|1697984923\n|move|p2a: Gothitelle|Fake Out|p1a: Nilo\n|-damage|p1a: Nilo|0 fnt\n|faint|p1a: Nilo\n|\n|upkeep\n|\n|t:|1697984927\n|switch|p1a: Shin|Chandelure, F, shiny|100\/100\n|-damage|p1a: Shin|76\/100|[from] Stealth Rock\n|turn|20\n|\n|t:|1697984947\n|-terastallize|p2a: Gothitelle|Normal\n|move|p1a: Shin|Shadow Ball|p2a: Gothitelle\n|-immune|p2a: Gothitelle\n|move|p2a: Gothitelle|Calm Mind|p2a: Gothitelle\n|-boost|p2a: Gothitelle|spa|1\n|-boost|p2a: Gothitelle|spd|1\n|\n|upkeep\n|turn|21\n|inactive|RaptorGamma has 120 seconds left.\n|c|\u2606Vonrien|gg\n|\n|t:|1697984957\n|move|p1a: Shin|Shadow Ball|p2a: Gothitelle\n|-immune|p2a: Gothitelle\n|move|p2a: Gothitelle|Calm Mind|p2a: Gothitelle\n|-boost|p2a: Gothitelle|spa|1\n|-boost|p2a: Gothitelle|spd|1\n|\n|upkeep\n|turn|22\n|\n|t:|1697984965\n|move|p1a: Shin|Shadow Ball|p2a: Gothitelle\n|-immune|p2a: Gothitelle\n|move|p2a: Gothitelle|Calm Mind|p2a: Gothitelle\n|-boost|p2a: Gothitelle|spa|1\n|-boost|p2a: Gothitelle|spd|1\n|\n|upkeep\n|turn|23\n|\n|t:|1697984973\n|move|p1a: Shin|Shadow Ball|p2a: Gothitelle\n|-immune|p2a: Gothitelle\n|move|p2a: Gothitelle|Stored Power|p1a: Shin\n|-damage|p1a: Shin|0 fnt\n|faint|p1a: Shin\n|\n|win|RaptorGamma\n|raw|Vonrien's rating: 1286 &rarr; <strong>1265<\/strong><br \/>(-21 for losing)\n|raw|RaptorGamma's rating: 1337 &rarr; <strong>1354<\/strong><br \/>(+17 for winning)\n","uploadtime":1697984981,"views":13,"p1id":"vonrien","p2id":"raptorgamma","formatid":"gen9anythinggoes","rating":1265,"private":0,"password":""}