{"id":"gen9anythinggoes-1989209944","p1":"OverLordTrisha","p2":"Gambi_97","format":"[Gen 9] Anything Goes","log":"|j|\u2606OverLordTrisha\n|j|\u2606Gambi_97\n|t:|1699823737\n|gametype|singles\n|player|p1|OverLordTrisha|102|\n|player|p2|Gambi_97|hilbert-wonderlauncher|\n|teamsize|p1|6\n|teamsize|p2|6\n|gen|9\n|tier|[Gen 9] Anything Goes\n|rule|HP Percentage Mod: HP is shown in percentages\n|rule|Endless Battle Clause: Forcing endless battles is banned\n|clearpoke\n|poke|p1|Chesnaught, F|\n|poke|p1|Goodra, M|\n|poke|p1|Mandibuzz, F|\n|poke|p1|Dusclops, F|\n|poke|p1|Weezing, F|\n|poke|p1|Eelektross, M|\n|poke|p2|Meowscarada, F|\n|poke|p2|Gothitelle, F|\n|poke|p2|Chi-Yu|\n|poke|p2|Whiscash, M|\n|poke|p2|Luxray, M|\n|poke|p2|Volcanion|\n|teampreview\n|\n|t:|1699823772\n|start\n|switch|p1a: Weezing|Weezing, F|100\/100\n|switch|p2a: Meowscarada|Meowscarada, F, shiny|100\/100\n|-ability|p1a: Weezing|Neutralizing Gas\n|turn|1\n|\n|t:|1699823792\n|move|p2a: Meowscarada|U-turn|p1a: Weezing\n|-resisted|p1a: Weezing\n|-damage|p1a: Weezing|90\/100\n|\n|t:|1699823799\n|switch|p2a: Whiscash|Whiscash, M|100\/100|[from] U-turn\n|move|p1a: Weezing|Flamethrower|p2a: Whiscash\n|-resisted|p2a: Whiscash\n|-damage|p2a: Whiscash|87\/100\n|\n|upkeep\n|turn|2\n|\n|t:|1699823817\n|-end|p1a: Weezing|ability: Neutralizing Gas\n|switch|p1a: Eelektross|Eelektross, M|100\/100\n|move|p2a: Whiscash|Earth Power|p1a: Eelektross\n|-immune|p1a: Eelektross|[from] ability: Levitate\n|\n|upkeep\n|turn|3\n|\n|t:|1699823839\n|move|p2a: Whiscash|Hydro Pump|p1a: Eelektross|[miss]\n|-miss|p2a: Whiscash|p1a: Eelektross\n|move|p1a: Eelektross|Knock Off|p2a: Whiscash\n|-damage|p2a: Whiscash|51\/100\n|-enditem|p2a: Whiscash|Life Orb|[from] move: Knock Off|[of] p1a: Eelektross\n|\n|upkeep\n|turn|4\n|\n|t:|1699823863\n|move|p2a: Whiscash|Rest|p2a: Whiscash\n|-status|p2a: Whiscash|slp|[from] move: Rest\n|-heal|p2a: Whiscash|100\/100 slp|[silent]\n|move|p1a: Eelektross|Coil|p1a: Eelektross\n|-boost|p1a: Eelektross|atk|1\n|-boost|p1a: Eelektross|def|1\n|-boost|p1a: Eelektross|accuracy|1\n|\n|upkeep\n|turn|5\n|\n|t:|1699823877\n|switch|p2a: Meowscarada|Meowscarada, F, shiny|100\/100\n|move|p1a: Eelektross|Coil|p1a: Eelektross\n|-boost|p1a: Eelektross|atk|1\n|-boost|p1a: Eelektross|def|1\n|-boost|p1a: Eelektross|accuracy|1\n|\n|upkeep\n|turn|6\n|\n|t:|1699823885\n|move|p2a: Meowscarada|Knock Off|p1a: Eelektross\n|-start|p2a: Meowscarada|typechange|Dark|[from] ability: Protean\n|-damage|p1a: Eelektross|74\/100\n|-enditem|p1a: Eelektross|Covert Cloak|[from] move: Knock Off|[of] p2a: Meowscarada\n|move|p1a: Eelektross|Drain Punch|p2a: Meowscarada\n|-supereffective|p2a: Meowscarada\n|-damage|p2a: Meowscarada|0 fnt\n|-heal|p1a: Eelektross|100\/100|[from] drain|[of] p2a: Meowscarada\n|faint|p2a: Meowscarada\n|\n|upkeep\n|\n|t:|1699823900\n|switch|p2a: Chi-Yu|Chi-Yu|100\/100\n|-ability|p2a: Chi-Yu|Beads of Ruin\n|turn|7\n|\n|t:|1699823916\n|move|p2a: Chi-Yu|Flamethrower|p1a: Eelektross\n|-damage|p1a: Eelektross|0 fnt\n|faint|p1a: Eelektross\n|\n|upkeep\n|\n|t:|1699823928\n|switch|p1a: Goodra|Goodra, M|100\/100\n|turn|8\n|\n|t:|1699823948\n|switch|p2a: Volcanion|Volcanion|100\/100\n|move|p1a: Goodra|Scald|p2a: Volcanion\n|-immune|p2a: Volcanion|[from] ability: Water Absorb\n|\n|upkeep\n|turn|9\n|\n|t:|1699823962\n|switch|p1a: Mandibuzz|Mandibuzz, F|100\/100\n|move|p2a: Volcanion|Sludge Bomb|p1a: Mandibuzz\n|-damage|p1a: Mandibuzz|79\/100\n|\n|-heal|p1a: Mandibuzz|85\/100|[from] item: Leftovers\n|upkeep\n|turn|10\n|\n|t:|1699823974\n|move|p1a: Mandibuzz|Toxic|p2a: Volcanion\n|-status|p2a: Volcanion|tox\n|move|p2a: Volcanion|Sludge Bomb|p1a: Mandibuzz\n|-damage|p1a: Mandibuzz|60\/100\n|\n|-heal|p1a: Mandibuzz|66\/100|[from] item: Leftovers\n|-damage|p2a: Volcanion|95\/100 tox|[from] psn\n|upkeep\n|turn|11\n|\n|t:|1699823988\n|move|p1a: Mandibuzz|U-turn|p2a: Volcanion\n|-resisted|p2a: Volcanion\n|-damage|p2a: Volcanion|89\/100 tox\n|\n|t:|1699823999\n|switch|p1a: Dusclops|Dusclops, F|100\/100|[from] U-turn\n|-ability|p1a: Dusclops|Pressure\n|move|p2a: Volcanion|Sludge Bomb|p1a: Dusclops\n|-resisted|p1a: Dusclops\n|-damage|p1a: Dusclops|89\/100\n|\n|-damage|p2a: Volcanion|77\/100 tox|[from] psn\n|upkeep\n|turn|12\n|\n|t:|1699824022\n|move|p2a: Volcanion|Steam Eruption|p1a: Dusclops\n|-damage|p1a: Dusclops|46\/100\n|-status|p1a: Dusclops|brn\n|move|p1a: Dusclops|Night Shade|p2a: Volcanion\n|-damage|p2a: Volcanion|44\/100 tox\n|\n|-damage|p2a: Volcanion|26\/100 tox|[from] psn\n|-damage|p1a: Dusclops|40\/100 brn|[from] brn\n|upkeep\n|turn|13\n|\n|t:|1699824039\n|move|p2a: Volcanion|Steam Eruption|p1a: Dusclops\n|-damage|p1a: Dusclops|0 fnt\n|faint|p1a: Dusclops\n|\n|-damage|p2a: Volcanion|2\/100 tox|[from] psn\n|upkeep\n|\n|t:|1699824057\n|switch|p1a: Weezing|Weezing, F|90\/100\n|-ability|p1a: Weezing|Neutralizing Gas\n|turn|14\n|\n|t:|1699824071\n|move|p2a: Volcanion|Earth Power|p1a: Weezing\n|-supereffective|p1a: Weezing\n|-damage|p1a: Weezing|0 fnt\n|faint|p1a: Weezing\n|-end|p1a: Weezing|ability: Neutralizing Gas\n|\n|-damage|p2a: Volcanion|0 fnt|[from] psn\n|faint|p2a: Volcanion\n|upkeep\n|\n|t:|1699824085\n|switch|p2a: Luxray|Luxray, M, shiny|100\/100\n|switch|p1a: Chesnaught|Chesnaught, F|100\/100\n|turn|15\n|\n|t:|1699824102\n|-terastallize|p1a: Chesnaught|Electric\n|move|p2a: Luxray|Play Rough|p1a: Chesnaught\n|-damage|p1a: Chesnaught|74\/100\n|-damage|p2a: Luxray|84\/100|[from] item: Rocky Helmet|[of] p1a: Chesnaught\n|move|p1a: Chesnaught|Leech Seed|p2a: Luxray\n|-start|p2a: Luxray|move: Leech Seed\n|\n|-damage|p2a: Luxray|72\/100|[from] Leech Seed|[of] p1a: Chesnaught\n|-heal|p1a: Chesnaught|85\/100|[silent]\n|-status|p2a: Luxray|brn|[from] item: Flame Orb\n|upkeep\n|turn|16\n|\n|t:|1699824117\n|move|p2a: Luxray|Trailblaze|p1a: Chesnaught\n|-damage|p1a: Chesnaught|63\/100\n|-boost|p2a: Luxray|spe|1\n|-damage|p2a: Luxray|55\/100 brn|[from] item: Rocky Helmet|[of] p1a: Chesnaught\n|move|p1a: Chesnaught|Close Combat|p2a: Luxray\n|-damage|p2a: Luxray|0 fnt\n|-unboost|p1a: Chesnaught|def|1\n|-unboost|p1a: Chesnaught|spd|1\n|faint|p2a: Luxray\n|\n|upkeep\n|\n|t:|1699824134\n|switch|p2a: Whiscash|Whiscash, M|100\/100 slp\n|turn|17\n|\n|t:|1699824140\n|move|p1a: Chesnaught|Trailblaze|p2a: Whiscash\n|-supereffective|p2a: Whiscash\n|-damage|p2a: Whiscash|3\/100 slp\n|-boost|p1a: Chesnaught|spe|1\n|cant|p2a: Whiscash|slp\n|\n|upkeep\n|turn|18\n|\n|t:|1699824149\n|move|p1a: Chesnaught|Trailblaze|p2a: Whiscash\n|-supereffective|p2a: Whiscash\n|-damage|p2a: Whiscash|0 fnt\n|-boost|p1a: Chesnaught|spe|1\n|faint|p2a: Whiscash\n|\n|upkeep\n|\n|t:|1699824164\n|switch|p2a: Chi-Yu|Chi-Yu|100\/100\n|-ability|p2a: Chi-Yu|Beads of Ruin\n|turn|19\n|\n|t:|1699824173\n|move|p1a: Chesnaught|Close Combat|p2a: Chi-Yu\n|-supereffective|p2a: Chi-Yu\n|-damage|p2a: Chi-Yu|0 fnt\n|-unboost|p1a: Chesnaught|def|1\n|-unboost|p1a: Chesnaught|spd|1\n|faint|p2a: Chi-Yu\n|\n|upkeep\n|\n|t:|1699824180\n|switch|p2a: Gothitelle|Gothitelle, F, shiny|100\/100\n|turn|20\n|\n|t:|1699824201\n|-terastallize|p2a: Gothitelle|Psychic\n|move|p1a: Chesnaught|Leech Seed|p2a: Gothitelle\n|-start|p2a: Gothitelle|move: Leech Seed\n|move|p2a: Gothitelle|Calm Mind|p2a: Gothitelle\n|-boost|p2a: Gothitelle|spa|1\n|-boost|p2a: Gothitelle|spd|1\n|\n|-damage|p2a: Gothitelle|88\/100|[from] Leech Seed|[of] p1a: Chesnaught\n|-heal|p1a: Chesnaught|73\/100|[silent]\n|upkeep\n|turn|21\n|\n|t:|1699824218\n|move|p1a: Chesnaught|Trailblaze|p2a: Gothitelle\n|-damage|p2a: Gothitelle|59\/100\n|-boost|p1a: Chesnaught|spe|1\n|move|p2a: Gothitelle|Calm Mind|p2a: Gothitelle\n|-boost|p2a: Gothitelle|spa|1\n|-boost|p2a: Gothitelle|spd|1\n|\n|-damage|p2a: Gothitelle|47\/100|[from] Leech Seed|[of] p1a: Chesnaught\n|-heal|p1a: Chesnaught|84\/100|[silent]\n|upkeep\n|turn|22\n|\n|t:|1699824257\n|move|p1a: Chesnaught|Trailblaze|p2a: Gothitelle\n|-damage|p2a: Gothitelle|19\/100\n|-boost|p1a: Chesnaught|spe|1\n|move|p2a: Gothitelle|Calm Mind|p2a: Gothitelle\n|-boost|p2a: Gothitelle|spa|1\n|-boost|p2a: Gothitelle|spd|1\n|\n|-damage|p2a: Gothitelle|6\/100|[from] Leech Seed|[of] p1a: Chesnaught\n|-heal|p1a: Chesnaught|94\/100|[silent]\n|upkeep\n|turn|23\n|\n|t:|1699824269\n|move|p1a: Chesnaught|Close Combat|p2a: Gothitelle\n|-resisted|p2a: Gothitelle\n|-damage|p2a: Gothitelle|0 fnt\n|-unboost|p1a: Chesnaught|def|1\n|-unboost|p1a: Chesnaught|spd|1\n|faint|p2a: Gothitelle\n|\n|win|OverLordTrisha\n|l|\u2606Gambi_97\n","uploadtime":1699824312,"views":33,"p1id":"overlordtrisha","p2id":"gambi97","formatid":"gen9anythinggoes","rating":0,"private":0,"password":""}