{"id":"gen9anythinggoes-1986319843","p1":"ThatOneWildTurtwig","p2":"jellyfiish","format":"[Gen 9] Anything Goes","log":"|j|\u2606ThatOneWildTurtwig\n|j|\u2606jellyfiish\n|t:|1699468972\n|gametype|singles\n|player|p1|ThatOneWildTurtwig|cyrus|1107\n|player|p2|jellyfiish|dawn-gen4pt|1000\n|teamsize|p1|6\n|teamsize|p2|6\n|gen|9\n|tier|[Gen 9] Anything Goes\n|rated|\n|rule|HP Percentage Mod: HP is shown in percentages\n|rule|Endless Battle Clause: Forcing endless battles is banned\n|clearpoke\n|poke|p1|Flutter Mane|\n|poke|p1|Munkidori, M|\n|poke|p1|Bellibolt, F|\n|poke|p1|Overqwil, M|\n|poke|p1|Glimmora, M|\n|poke|p1|Flamigo, M|\n|poke|p2|Wooper, M|\n|poke|p2|Wooper, M|\n|poke|p2|Wooper, F|\n|poke|p2|Wooper, F|\n|poke|p2|Wooper, F|\n|poke|p2|Wooper, M|\n|teampreview\n|\n|t:|1699468983\n|start\n|switch|p1a: Glimmora|Glimmora, M|100\/100\n|switch|p2a: Wooper|Wooper, M|100\/100\n|turn|1\n|\n|t:|1699468993\n|move|p1a: Glimmora|Toxic Spikes|p2a: Wooper\n|-sidestart|p2: jellyfiish|move: Toxic Spikes\n|move|p2a: Wooper|Earth Power|p1a: Glimmora\n|-supereffective|p1a: Glimmora\n|-damage|p1a: Glimmora|65\/100\n|\n|-heal|p1a: Glimmora|71\/100|[from] item: Leftovers\n|upkeep\n|turn|2\n|\n|t:|1699469003\n|move|p1a: Glimmora|Stealth Rock|p2a: Wooper\n|-sidestart|p2: jellyfiish|move: Stealth Rock\n|move|p2a: Wooper|Earth Power|p1a: Glimmora\n|-supereffective|p1a: Glimmora\n|-damage|p1a: Glimmora|34\/100\n|\n|-heal|p1a: Glimmora|40\/100|[from] item: Leftovers\n|upkeep\n|turn|3\n|\n|t:|1699469012\n|move|p1a: Glimmora|Spikes|p2a: Wooper\n|-sidestart|p2: jellyfiish|Spikes\n|move|p2a: Wooper|Earth Power|p1a: Glimmora\n|-supereffective|p1a: Glimmora\n|-damage|p1a: Glimmora|0 fnt\n|faint|p1a: Glimmora\n|\n|upkeep\n|\n|t:|1699469026\n|switch|p1a: Flamigo|Flamigo, M|100\/100\n|turn|4\n|\n|t:|1699469043\n|move|p1a: Flamigo|Aerial Ace|p2a: Wooper\n|-damage|p2a: Wooper|62\/100\n|move|p2a: Wooper|Avalanche|p1a: Flamigo\n|-supereffective|p1a: Flamigo\n|-damage|p1a: Flamigo|32\/100\n|\n|upkeep\n|turn|5\n|\n|t:|1699469056\n|move|p1a: Flamigo|Close Combat|p2a: Wooper\n|-damage|p2a: Wooper|0 fnt\n|-unboost|p1a: Flamigo|def|1\n|-unboost|p1a: Flamigo|spd|1\n|faint|p2a: Wooper\n|\n|upkeep\n|\n|t:|1699469064\n|switch|p2a: Wooper|Wooper, M|100\/100\n|-status|p2a: Wooper|psn\n|-damage|p2a: Wooper|94\/100 psn|[from] Stealth Rock\n|-damage|p2a: Wooper|82\/100 psn|[from] Spikes\n|turn|6\n|\n|t:|1699469075\n|move|p1a: Flamigo|Close Combat|p2a: Wooper\n|-damage|p2a: Wooper|2\/100 psn\n|-unboost|p1a: Flamigo|def|1\n|-unboost|p1a: Flamigo|spd|1\n|move|p2a: Wooper|Blizzard|p1a: Flamigo\n|-supereffective|p1a: Flamigo\n|-damage|p1a: Flamigo|0 fnt\n|faint|p1a: Flamigo\n|\n|-damage|p2a: Wooper|0 fnt|[from] psn\n|faint|p2a: Wooper\n|upkeep\n|\n|t:|1699469093\n|switch|p1a: Overqwil|Overqwil, M|100\/100\n|switch|p2a: Wooper|Wooper, F|100\/100\n|-status|p2a: Wooper|psn\n|-damage|p2a: Wooper|94\/100 psn|[from] Stealth Rock\n|-damage|p2a: Wooper|82\/100 psn|[from] Spikes\n|turn|7\n|\n|t:|1699469105\n|move|p1a: Overqwil|Swords Dance|p1a: Overqwil\n|-boost|p1a: Overqwil|atk|2\n|move|p2a: Wooper|Earth Power|p1a: Overqwil\n|-supereffective|p1a: Overqwil\n|-damage|p1a: Overqwil|58\/100\n|-unboost|p1a: Overqwil|spd|1\n|\n|-damage|p2a: Wooper|70\/100 psn|[from] psn\n|upkeep\n|turn|8\n|\n|t:|1699469115\n|-terastallize|p1a: Overqwil|Dark\n|move|p1a: Overqwil|Crunch|p2a: Wooper\n|-damage|p2a: Wooper|0 fnt\n|faint|p2a: Wooper\n|-damage|p1a: Overqwil|48\/100|[from] item: Life Orb\n|\n|upkeep\n|\n|t:|1699469123\n|switch|p2a: Wooper|Wooper, F|100\/100\n|-status|p2a: Wooper|psn\n|-damage|p2a: Wooper|94\/100 psn|[from] Stealth Rock\n|-damage|p2a: Wooper|82\/100 psn|[from] Spikes\n|turn|9\n|\n|t:|1699469130\n|move|p1a: Overqwil|Crunch|p2a: Wooper\n|-damage|p2a: Wooper|0 fnt\n|faint|p2a: Wooper\n|-damage|p1a: Overqwil|38\/100|[from] item: Life Orb\n|\n|upkeep\n|\n|t:|1699469136\n|switch|p2a: Wooper|Wooper, F|100\/100\n|-status|p2a: Wooper|psn\n|-damage|p2a: Wooper|94\/100 psn|[from] Stealth Rock\n|-damage|p2a: Wooper|82\/100 psn|[from] Spikes\n|turn|10\n|\n|t:|1699469143\n|move|p1a: Overqwil|Crunch|p2a: Wooper\n|-damage|p2a: Wooper|0 fnt\n|faint|p2a: Wooper\n|-damage|p1a: Overqwil|28\/100|[from] item: Life Orb\n|\n|upkeep\n|\n|t:|1699469149\n|switch|p2a: Wooper|Wooper, M|100\/100\n|-status|p2a: Wooper|psn\n|-damage|p2a: Wooper|94\/100 psn|[from] Stealth Rock\n|-damage|p2a: Wooper|82\/100 psn|[from] Spikes\n|turn|11\n|\n|t:|1699469155\n|move|p1a: Overqwil|Crunch|p2a: Wooper\n|-damage|p2a: Wooper|0 fnt\n|faint|p2a: Wooper\n|-damage|p1a: Overqwil|18\/100|[from] item: Life Orb\n|\n|win|ThatOneWildTurtwig\n|raw|ThatOneWildTurtwig's rating: 1107 &rarr; <strong>1125<\/strong><br \/>(+18 for winning)\n|raw|jellyfiish's rating: 1000 &rarr; <strong>1000<\/strong><br \/>(+0 for losing)\n","uploadtime":1699469166,"views":17,"p1id":"thatonewildturtwig","p2id":"jellyfiish","formatid":"gen9anythinggoes","rating":1000,"private":0,"password":""}