{"id":"gen9anythinggoes-1993213410","p1":"game18","p2":"br142951","format":"[Gen 9] Anything Goes","log":"|j|\u2606game18\n|j|\u2606br142951\n|t:|1700278898\n|gametype|singles\n|player|p1|game18|ghetsis|1610\n|player|p2|br142951|1|1646\n|teamsize|p1|6\n|teamsize|p2|6\n|gen|9\n|tier|[Gen 9] Anything Goes\n|rated|\n|rule|HP Percentage Mod: HP is shown in percentages\n|rule|Endless Battle Clause: Forcing endless battles is banned\n|clearpoke\n|poke|p1|Ting-Lu|\n|poke|p1|Arceus-Fairy|\n|poke|p1|Calyrex-Shadow|\n|poke|p1|Arceus|\n|poke|p1|Koraidon|\n|poke|p1|Toxapex, M|\n|poke|p2|Zapdos|\n|poke|p2|Urshifu-*, M|\n|poke|p2|Ursaluna-Bloodmoon, M|\n|poke|p2|Calyrex-Shadow|\n|poke|p2|Chien-Pao|\n|poke|p2|Jirachi|\n|teampreview\n|inactive|Battle timer is ON: inactive players will automatically lose when time's up. (requested by br142951)\n|\n|t:|1700278908\n|start\n|switch|p1a: Arceus|Arceus-Fairy|100\/100\n|switch|p2a: Jirachi|Jirachi|100\/100\n|turn|1\n|\n|t:|1700278915\n|move|p2a: Jirachi|Iron Head|p1a: Arceus\n|-supereffective|p1a: Arceus\n|-damage|p1a: Arceus|66\/100\n|move|p1a: Arceus|Taunt|p2a: Jirachi\n|-start|p2a: Jirachi|move: Taunt\n|\n|upkeep\n|turn|2\n|\n|t:|1700278934\n|switch|p1a: Toxapex|Toxapex, M|100\/100\n|move|p2a: Jirachi|Iron Head|p1a: Toxapex\n|-resisted|p1a: Toxapex\n|-damage|p1a: Toxapex|93\/100\n|-damage|p2a: Jirachi|84\/100|[from] item: Rocky Helmet|[of] p1a: Toxapex\n|\n|upkeep\n|turn|3\n|\n|t:|1700278945\n|switch|p2a: Ursaluna|Ursaluna-Bloodmoon, M|100\/100\n|move|p1a: Toxapex|Toxic Spikes|p2a: Ursaluna\n|-sidestart|p2: br142951|move: Toxic Spikes\n|\n|upkeep\n|turn|4\n|\n|t:|1700278957\n|switch|p1a: Ting-Lu|Ting-Lu|100\/100\n|-ability|p1a: Ting-Lu|Vessel of Ruin\n|move|p2a: Ursaluna|Earth Power|p1a: Ting-Lu\n|-damage|p1a: Ting-Lu|78\/100\n|\n|-heal|p1a: Ting-Lu|84\/100|[from] item: Leftovers\n|upkeep\n|turn|5\n|\n|t:|1700278972\n|move|p1a: Ting-Lu|Ruination|p2a: Ursaluna\n|-damage|p2a: Ursaluna|50\/100\n|move|p2a: Ursaluna|Blood Moon|p1a: Ting-Lu\n|-damage|p1a: Ting-Lu|49\/100\n|\n|-heal|p1a: Ting-Lu|55\/100|[from] item: Leftovers\n|upkeep\n|turn|6\n|\n|t:|1700278986\n|move|p2a: Ursaluna|Moonblast|p1a: Ting-Lu\n|-supereffective|p1a: Ting-Lu\n|-damage|p1a: Ting-Lu|26\/100\n|move|p1a: Ting-Lu|Whirlwind|p2a: Ursaluna\n|drag|p2a: Zapdos|Zapdos|100\/100\n|\n|-heal|p1a: Ting-Lu|33\/100|[from] item: Leftovers\n|upkeep\n|turn|7\n|\n|t:|1700278998\n|switch|p2a: Jirachi|Jirachi|84\/100\n|move|p1a: Ting-Lu|Ruination|p2a: Jirachi\n|-damage|p2a: Jirachi|42\/100\n|\n|-heal|p1a: Ting-Lu|39\/100|[from] item: Leftovers\n|upkeep\n|turn|8\n|\n|t:|1700279010\n|switch|p1a: Toxapex|Toxapex, M|100\/100\n|move|p2a: Jirachi|Trick|p1a: Toxapex\n|-activate|p2a: Jirachi|move: Trick|[of] p1a: Toxapex\n|-item|p1a: Toxapex|Choice Scarf|[from] move: Trick\n|-item|p2a: Jirachi|Rocky Helmet|[from] move: Trick\n|\n|upkeep\n|turn|9\n|\n|t:|1700279022\n|move|p2a: Jirachi|Stealth Rock|p1a: Toxapex\n|-sidestart|p1: game18|move: Stealth Rock\n|move|p1a: Toxapex|Toxic Spikes|p2a: Jirachi\n|-sidestart|p2: br142951|move: Toxic Spikes\n|\n|upkeep\n|turn|10\n|\n|t:|1700279036\n|switch|p2a: Zapdos|Zapdos|100\/100\n|switch|p1a: Arceus|Arceus-Fairy|66\/100\n|-damage|p1a: Arceus|54\/100|[from] Stealth Rock\n|\n|upkeep\n|turn|11\n|\n|t:|1700279044\n|move|p1a: Arceus|Taunt|p2a: Zapdos\n|-start|p2a: Zapdos|move: Taunt\n|move|p2a: Zapdos|Volt Switch|p1a: Arceus\n|-damage|p1a: Arceus|35\/100\n|\n|t:|1700279050\n|switch|p2a: Jirachi|Jirachi|42\/100|[from] Volt Switch\n|\n|upkeep\n|turn|12\n|\n|t:|1700279059\n|move|p1a: Arceus|Recover|p1a: Arceus\n|-heal|p1a: Arceus|86\/100\n|move|p2a: Jirachi|Iron Head|p1a: Arceus\n|-supereffective|p1a: Arceus\n|-damage|p1a: Arceus|48\/100\n|\n|upkeep\n|turn|13\n|\n|t:|1700279066\n|move|p1a: Arceus|Recover|p1a: Arceus\n|-heal|p1a: Arceus|98\/100\n|move|p2a: Jirachi|Iron Head|p1a: Arceus\n|-supereffective|p1a: Arceus\n|-damage|p1a: Arceus|63\/100\n|\n|upkeep\n|turn|14\n|\n|t:|1700279073\n|switch|p1a: Koraidon|Koraidon|100\/100\n|-damage|p1a: Koraidon|94\/100|[from] Stealth Rock\n|-weather|SunnyDay|[from] ability: Orichalcum Pulse|[of] p1a: Koraidon\n|-activate|p1a: Koraidon|Orichalcum Pulse|[source]\n|move|p2a: Jirachi|Iron Head|p1a: Koraidon\n|-damage|p1a: Koraidon|68\/100\n|\n|-weather|SunnyDay|[upkeep]\n|upkeep\n|turn|15\n|\n|t:|1700279084\n|switch|p2a: Zapdos|Zapdos|100\/100\n|move|p1a: Koraidon|Flare Blitz|p2a: Zapdos\n|-damage|p2a: Zapdos|5\/100\n|-damage|p1a: Koraidon|52\/100|[from] item: Rocky Helmet|[of] p2a: Zapdos\n|-damage|p1a: Koraidon|16\/100|[from] Recoil\n|\n|-weather|SunnyDay|[upkeep]\n|upkeep\n|turn|16\n|\n|t:|1700279094\n|move|p2a: Zapdos|Endure|p2a: Zapdos\n|-singleturn|p2a: Zapdos|move: Endure\n|move|p1a: Koraidon|Flare Blitz|p2a: Zapdos\n|-activate|p2a: Zapdos|move: Endure\n|-damage|p2a: Zapdos|1\/100\n|-damage|p1a: Koraidon|0 fnt|[from] item: Rocky Helmet|[of] p2a: Zapdos\n|faint|p1a: Koraidon\n|\n|-weather|SunnyDay|[upkeep]\n|upkeep\n|\n|t:|1700279098\n|switch|p1a: Calyrex|Calyrex-Shadow|100\/100\n|-ability|p1a: Calyrex|As One\n|-ability|p1a: Calyrex|Unnerve\n|-damage|p1a: Calyrex|88\/100|[from] Stealth Rock\n|turn|17\n|\n|t:|1700279107\n|switch|p2a: Ursaluna|Ursaluna-Bloodmoon, M|50\/100\n|-status|p2a: Ursaluna|tox\n|move|p1a: Calyrex|Astral Barrage|p2a: Ursaluna\n|-immune|p2a: Ursaluna\n|\n|-weather|SunnyDay|[upkeep]\n|-damage|p2a: Ursaluna|44\/100 tox|[from] psn\n|upkeep\n|turn|18\n|\n|t:|1700279113\n|switch|p1a: Ting-Lu|Ting-Lu|39\/100\n|-damage|p1a: Ting-Lu|33\/100|[from] Stealth Rock\n|-ability|p1a: Ting-Lu|Vessel of Ruin\n|move|p2a: Ursaluna|Blood Moon|p1a: Ting-Lu\n|-damage|p1a: Ting-Lu|0 fnt\n|faint|p1a: Ting-Lu\n|\n|-weather|none\n|-damage|p2a: Ursaluna|32\/100 tox|[from] psn\n|upkeep\n|\n|t:|1700279127\n|switch|p1a: Arceus|Arceus|100\/100\n|turn|19\n|\n|t:|1700279133\n|move|p1a: Arceus|Swords Dance|p1a: Arceus\n|-boost|p1a: Arceus|atk|2\n|move|p2a: Ursaluna|Earth Power|p1a: Arceus\n|-damage|p1a: Arceus|63\/100\n|\n|-damage|p2a: Ursaluna|14\/100 tox|[from] psn\n|upkeep\n|turn|20\n|\n|t:|1700279142\n|move|p1a: Arceus|Extreme Speed|p2a: Ursaluna\n|-damage|p2a: Ursaluna|0 fnt\n|faint|p2a: Ursaluna\n|\n|upkeep\n|\n|t:|1700279144\n|switch|p2a: Zapdos|Zapdos|1\/100\n|turn|21\n|\n|t:|1700279150\n|move|p2a: Zapdos|Endure|p2a: Zapdos\n|-singleturn|p2a: Zapdos|move: Endure\n|move|p1a: Arceus|Extreme Speed|p2a: Zapdos\n|-activate|p2a: Zapdos|move: Endure\n|-damage|p2a: Zapdos|1\/100\n|-damage|p1a: Arceus|47\/100|[from] item: Rocky Helmet|[of] p2a: Zapdos\n|\n|upkeep\n|turn|22\n|\n|t:|1700279159\n|move|p1a: Arceus|Extreme Speed|p2a: Zapdos\n|-damage|p2a: Zapdos|0 fnt\n|-damage|p1a: Arceus|30\/100|[from] item: Rocky Helmet|[of] p2a: Zapdos\n|-status|p1a: Arceus|par|[from] ability: Static|[of] p2a: Zapdos\n|faint|p2a: Zapdos\n|\n|upkeep\n|\n|t:|1700279178\n|switch|p2a: Calyrex|Calyrex-Shadow|100\/100\n|-ability|p2a: Calyrex|As One\n|-ability|p2a: Calyrex|Unnerve\n|-status|p2a: Calyrex|tox\n|turn|23\n|inactive|game18 has 120 seconds left.\n|\n|t:|1700279213\n|switch|p1a: Calyrex|Calyrex-Shadow|88\/100\n|-ability|p1a: Calyrex|As One\n|-ability|p1a: Calyrex|Unnerve\n|-damage|p1a: Calyrex|76\/100|[from] Stealth Rock\n|move|p2a: Calyrex|Grass Knot|p1a: Calyrex\n|-damage|p1a: Calyrex|43\/100\n|\n|-damage|p2a: Calyrex|94\/100 tox|[from] psn\n|upkeep\n|turn|24\n|inactive|game18 has 120 seconds left.\n|\n|t:|1700279230\n|-terastallize|p2a: Calyrex|Normal\n|move|p1a: Calyrex|Astral Barrage|p2a: Calyrex\n|-immune|p2a: Calyrex\n|move|p2a: Calyrex|Grass Knot|p1a: Calyrex\n|-damage|p1a: Calyrex|11\/100\n|\n|-damage|p2a: Calyrex|82\/100 tox|[from] psn\n|upkeep\n|turn|25\n|inactive|game18 has 120 seconds left.\n|\n|t:|1700279238\n|switch|p1a: Toxapex|Toxapex, M|100\/100\n|-damage|p1a: Toxapex|88\/100|[from] Stealth Rock\n|move|p2a: Calyrex|Grass Knot|p1a: Toxapex\n|-damage|p1a: Toxapex|75\/100\n|\n|-damage|p2a: Calyrex|64\/100 tox|[from] psn\n|upkeep\n|turn|26\n|inactive|game18 has 120 seconds left.\n|\n|t:|1700279251\n|switch|p2a: Jirachi|Jirachi|42\/100\n|move|p1a: Toxapex|Toxic Spikes||[still]\n|-fail|p1a: Toxapex\n|\n|upkeep\n|turn|27\n|inactive|game18 has 120 seconds left.\n|\n|t:|1700279268\n|switch|p1a: Arceus|Arceus-Fairy|63\/100\n|-damage|p1a: Arceus|51\/100|[from] Stealth Rock\n|move|p2a: Jirachi|Iron Head|p1a: Arceus\n|-supereffective|p1a: Arceus\n|-damage|p1a: Arceus|15\/100\n|\n|upkeep\n|turn|28\n|\n|t:|1700279276\n|move|p1a: Arceus|Recover|p1a: Arceus\n|-heal|p1a: Arceus|66\/100\n|move|p2a: Jirachi|Iron Head|p1a: Arceus\n|-supereffective|p1a: Arceus\n|-damage|p1a: Arceus|30\/100\n|\n|upkeep\n|turn|29\n|\n|t:|1700279284\n|move|p1a: Arceus|Recover|p1a: Arceus\n|-heal|p1a: Arceus|80\/100\n|move|p2a: Jirachi|Iron Head|p1a: Arceus\n|-supereffective|p1a: Arceus\n|-damage|p1a: Arceus|46\/100\n|\n|upkeep\n|turn|30\n|\n|t:|1700279291\n|move|p1a: Arceus|Recover|p1a: Arceus\n|-heal|p1a: Arceus|96\/100\n|move|p2a: Jirachi|Iron Head|p1a: Arceus\n|-supereffective|p1a: Arceus\n|-damage|p1a: Arceus|58\/100\n|\n|upkeep\n|turn|31\n|\n|t:|1700279301\n|switch|p1a: Toxapex|Toxapex, M|100\/100\n|-damage|p1a: Toxapex|88\/100|[from] Stealth Rock\n|move|p2a: Jirachi|Iron Head|p1a: Toxapex\n|-resisted|p1a: Toxapex\n|-damage|p1a: Toxapex|80\/100\n|\n|upkeep\n|turn|32\n|\n|t:|1700279310\n|move|p2a: Jirachi|Iron Head|p1a: Toxapex\n|-resisted|p1a: Toxapex\n|-damage|p1a: Toxapex|72\/100\n|cant|p1a: Toxapex|flinch\n|\n|upkeep\n|turn|33\n|\n|t:|1700279317\n|move|p2a: Jirachi|Iron Head|p1a: Toxapex\n|-resisted|p1a: Toxapex\n|-damage|p1a: Toxapex|64\/100\n|cant|p1a: Toxapex|flinch\n|\n|upkeep\n|turn|34\n|\n|t:|1700279323\n|move|p2a: Jirachi|Play Rough|p1a: Toxapex\n|-resisted|p1a: Toxapex\n|-damage|p1a: Toxapex|58\/100\n|move|p1a: Toxapex|Recover|p1a: Toxapex\n|-heal|p1a: Toxapex|100\/100\n|\n|upkeep\n|turn|35\n|\n|t:|1700279349\n|switch|p1a: Arceus|Arceus-Fairy|58\/100\n|-damage|p1a: Arceus|46\/100|[from] Stealth Rock\n|move|p2a: Jirachi|Play Rough|p1a: Arceus|[miss]\n|-miss|p2a: Jirachi|p1a: Arceus\n|\n|upkeep\n|turn|36\n|inactive|game18 has 120 seconds left.\n|\n|t:|1700279368\n|move|p1a: Arceus|Judgment|p2a: Jirachi\n|-resisted|p2a: Jirachi\n|-damage|p2a: Jirachi|21\/100\n|move|p2a: Jirachi|Iron Head|p1a: Arceus\n|-supereffective|p1a: Arceus\n|-damage|p1a: Arceus|11\/100\n|\n|upkeep\n|turn|37\n|\n|t:|1700279377\n|move|p1a: Arceus|Recover|p1a: Arceus\n|-heal|p1a: Arceus|61\/100\n|move|p2a: Jirachi|Play Rough|p1a: Arceus\n|-damage|p1a: Arceus|47\/100\n|\n|upkeep\n|turn|38\n|\n|t:|1700279384\n|move|p1a: Arceus|Judgment|p2a: Jirachi\n|-resisted|p2a: Jirachi\n|-damage|p2a: Jirachi|0 fnt\n|faint|p2a: Jirachi\n|\n|upkeep\n|\n|t:|1700279396\n|switch|p2a: Calyrex|Calyrex-Shadow, tera:Normal|64\/100 tox\n|-ability|p2a: Calyrex|As One\n|-ability|p2a: Calyrex|Unnerve\n|turn|39\n|\n|t:|1700279409\n|switch|p1a: Toxapex|Toxapex, M|100\/100\n|-damage|p1a: Toxapex|88\/100|[from] Stealth Rock\n|move|p2a: Calyrex|Astral Barrage|p1a: Toxapex\n|-damage|p1a: Toxapex|28\/100\n|\n|-damage|p2a: Calyrex|58\/100 tox|[from] psn\n|upkeep\n|turn|40\n|\n|t:|1700279421\n|switch|p1a: Arceus|Arceus|30\/100 par\n|move|p2a: Calyrex|Astral Barrage|p1a: Arceus\n|-immune|p1a: Arceus\n|\n|-damage|p2a: Calyrex|45\/100 tox|[from] psn\n|upkeep\n|turn|41\n|\n|t:|1700279432\n|switch|p2a: Urshifu|Urshifu-Rapid-Strike, M|100\/100\n|-status|p2a: Urshifu|tox\n|move|p1a: Arceus|Extreme Speed|p2a: Urshifu\n|-damage|p2a: Urshifu|54\/100 tox\n|\n|-damage|p2a: Urshifu|48\/100 tox|[from] psn\n|upkeep\n|turn|42\n|\n|t:|1700279450\n|switch|p1a: Toxapex|Toxapex, M|61\/100\n|-damage|p1a: Toxapex|49\/100|[from] Stealth Rock\n|move|p2a: Urshifu|Surging Strikes|p1a: Toxapex\n|-resisted|p1a: Toxapex\n|-crit|p1a: Toxapex\n|-damage|p1a: Toxapex|39\/100\n|-resisted|p1a: Toxapex\n|-crit|p1a: Toxapex\n|-damage|p1a: Toxapex|30\/100\n|-resisted|p1a: Toxapex\n|-crit|p1a: Toxapex\n|-damage|p1a: Toxapex|20\/100\n|-hitcount|p1a: Toxapex|3\n|\n|-damage|p2a: Urshifu|36\/100 tox|[from] psn\n|upkeep\n|turn|43\n|inactive|game18 has 120 seconds left.\n|\n|t:|1700279476\n|move|p2a: Urshifu|Surging Strikes|p1a: Toxapex\n|-resisted|p1a: Toxapex\n|-crit|p1a: Toxapex\n|-damage|p1a: Toxapex|12\/100\n|-resisted|p1a: Toxapex\n|-crit|p1a: Toxapex\n|-damage|p1a: Toxapex|3\/100\n|-resisted|p1a: Toxapex\n|-crit|p1a: Toxapex\n|-damage|p1a: Toxapex|0 fnt\n|faint|p1a: Toxapex\n|-hitcount|p1: Toxapex|3\n|\n|-damage|p2a: Urshifu|18\/100 tox|[from] psn\n|upkeep\n|inactive|game18 has 120 seconds left.\n|\n|t:|1700279482\n|switch|p1a: Arceus|Arceus|30\/100 par\n|turn|44\n|\n|t:|1700279486\n|move|p1a: Arceus|Extreme Speed|p2a: Urshifu\n|-damage|p2a: Urshifu|0 fnt\n|faint|p2a: Urshifu\n|\n|upkeep\n|\n|t:|1700279490\n|switch|p2a: Calyrex|Calyrex-Shadow, tera:Normal|45\/100 tox\n|-ability|p2a: Calyrex|As One\n|-ability|p2a: Calyrex|Unnerve\n|turn|45\n|\n|t:|1700279502\n|move|p1a: Arceus|Extreme Speed|p2a: Calyrex\n|-damage|p2a: Calyrex|0 fnt\n|faint|p2a: Calyrex\n|\n|upkeep\n|\n|t:|1700279506\n|switch|p2a: Chien-Pao|Chien-Pao|100\/100\n|-status|p2a: Chien-Pao|tox\n|-ability|p2a: Chien-Pao|Sword of Ruin\n|turn|46\n|\n|t:|1700279515\n|cant|p1a: Arceus|par\n|move|p2a: Chien-Pao|Ice Spinner|p1a: Arceus\n|-damage|p1a: Arceus|0 fnt\n|faint|p1a: Arceus\n|\n|-damage|p2a: Chien-Pao|95\/100 tox|[from] psn\n|upkeep\n|\n|t:|1700279526\n|switch|p1a: Calyrex|Calyrex-Shadow|11\/100\n|-ability|p1a: Calyrex|As One\n|-ability|p1a: Calyrex|Unnerve\n|-damage|p1a: Calyrex|0 fnt|[from] Stealth Rock\n|faint|p1a: Calyrex\n|\n|t:|1700279533\n|switch|p1a: Arceus|Arceus-Fairy|47\/100\n|-damage|p1a: Arceus|34\/100|[from] Stealth Rock\n|turn|47\n|\n|t:|1700279541\n|move|p1a: Arceus|Judgment|p2a: Chien-Pao\n|-supereffective|p2a: Chien-Pao\n|-damage|p2a: Chien-Pao|0 fnt\n|faint|p2a: Chien-Pao\n|\n|win|game18\n|raw|game18's rating: 1610 &rarr; <strong>1632<\/strong><br \/>(+22 for winning)\n|raw|br142951's rating: 1646 &rarr; <strong>1624<\/strong><br \/>(-22 for losing)\n|l|\u2606br142951\n","uploadtime":1700279554,"views":8,"p1id":"game18","p2id":"br142951","formatid":"gen9anythinggoes","rating":1624,"private":0,"password":""}