{"id":"gen9anythinggoes-1992368491","p1":"Agustin jedi","p2":"CIL9001","format":"[Gen 9] Anything Goes","log":"|j|\u2606Agustin jedi\n|j|\u2606CIL9001\n|t:|1700179539\n|gametype|singles\n|player|p1|Agustin jedi|selene|1193\n|player|p2|CIL9001|janitor|1170\n|teamsize|p1|6\n|teamsize|p2|6\n|gen|9\n|tier|[Gen 9] Anything Goes\n|rated|\n|rule|HP Percentage Mod: HP is shown in percentages\n|rule|Endless Battle Clause: Forcing endless battles is banned\n|clearpoke\n|poke|p1|Swalot, M|\n|poke|p1|Cacturne, M|\n|poke|p1|Pyroar, F|\n|poke|p1|Wigglytuff, F|\n|poke|p1|Arbok, M|\n|poke|p1|Magcargo, F|\n|poke|p2|Gliscor, M|\n|poke|p2|Dondozo, F|\n|poke|p2|Blissey, F|\n|poke|p2|Chesnaught, F|\n|poke|p2|Clefable, M|\n|poke|p2|Skeledirge, F|\n|teampreview\n|\n|t:|1700179546\n|start\n|switch|p1a: Wigglytuff|Wigglytuff, F|100\/100\n|switch|p2a: Gliscor|Gliscor, M|100\/100\n|turn|1\n|\n|t:|1700179553\n|move|p2a: Gliscor|Spikes|p1a: Wigglytuff\n|-sidestart|p1: Agustin jedi|Spikes\n|move|p1a: Wigglytuff|Stealth Rock|p2a: Gliscor\n|-sidestart|p2: CIL9001|move: Stealth Rock\n|\n|-status|p2a: Gliscor|tox|[from] item: Toxic Orb\n|upkeep\n|turn|2\n|inactive|Battle timer is ON: inactive players will automatically lose when time's up. (requested by Agustin jedi)\n|\n|t:|1700179561\n|switch|p1a: Cacturne|Cacturne, M|100\/100\n|-damage|p1a: Cacturne|88\/100|[from] Spikes\n|move|p2a: Gliscor|Spikes|p1a: Cacturne\n|-sidestart|p1: Agustin jedi|Spikes\n|\n|upkeep\n|turn|3\n|\n|t:|1700179563\n|move|p2a: Gliscor|Toxic|p1a: Cacturne\n|-status|p1a: Cacturne|tox\n|move|p1a: Cacturne|Switcheroo|p2a: Gliscor\n|-activate|p1a: Cacturne|move: Trick|[of] p2a: Gliscor\n|-item|p2a: Gliscor|Choice Specs|[from] move: Switcheroo\n|-item|p1a: Cacturne|Toxic Orb|[from] move: Switcheroo\n|\n|-damage|p1a: Cacturne|82\/100 tox|[from] psn\n|upkeep\n|turn|4\n|\n|t:|1700179574\n|switch|p1a: Arbok|Arbok, M, shiny|100\/100\n|-damage|p1a: Arbok|84\/100|[from] Spikes\n|-ability|p1a: Arbok|Intimidate|boost\n|-unboost|p2a: Gliscor|atk|1\n|move|p2a: Gliscor|Spikes|p1a: Arbok\n|-sidestart|p1: Agustin jedi|Spikes\n|\n|upkeep\n|turn|5\n|\n|t:|1700179596\n|switch|p2a: Dondozo|Dondozo, F|100\/100\n|move|p1a: Arbok|Coil|p1a: Arbok\n|-boost|p1a: Arbok|atk|1\n|-boost|p1a: Arbok|def|1\n|-boost|p1a: Arbok|accuracy|1\n|\n|upkeep\n|turn|6\n|\n|t:|1700179601\n|move|p1a: Arbok|Coil|p1a: Arbok\n|-boost|p1a: Arbok|atk|1\n|-boost|p1a: Arbok|def|1\n|-boost|p1a: Arbok|accuracy|1\n|move|p2a: Dondozo|Liquidation|p1a: Arbok\n|-crit|p1a: Arbok\n|-damage|p1a: Arbok|11\/100\n|\n|upkeep\n|turn|7\n|\n|t:|1700179607\n|-terastallize|p1a: Arbok|Dragon\n|move|p1a: Arbok|Scale Shot|p2a: Dondozo\n|-damage|p2a: Dondozo|96\/100\n|-damage|p2a: Dondozo|91\/100\n|-damage|p2a: Dondozo|86\/100\n|-damage|p2a: Dondozo|82\/100\n|-damage|p2a: Dondozo|77\/100\n|-hitcount|p2a: Dondozo|5\n|-unboost|p1a: Arbok|def|1\n|-boost|p1a: Arbok|spe|1\n|move|p2a: Dondozo|Liquidation|p1a: Arbok\n|-resisted|p1a: Arbok\n|-damage|p1a: Arbok|0 fnt\n|faint|p1a: Arbok\n|\n|upkeep\n|\n|t:|1700179612\n|switch|p1a: Cacturne|Cacturne, M|82\/100 tox\n|-damage|p1a: Cacturne|57\/100 tox|[from] Spikes\n|turn|8\n|\n|t:|1700179614\n|move|p1a: Cacturne|Energy Ball|p2a: Dondozo\n|-supereffective|p2a: Dondozo\n|-damage|p2a: Dondozo|0 fnt\n|faint|p2a: Dondozo\n|\n|-damage|p1a: Cacturne|51\/100 tox|[from] psn\n|upkeep\n|\n|t:|1700179620\n|switch|p2a: Gliscor|Gliscor, M|100\/100 tox\n|-damage|p2a: Gliscor|88\/100 tox|[from] Stealth Rock\n|turn|9\n|\n|t:|1700179623\n|move|p2a: Gliscor|Knock Off|p1a: Cacturne\n|-resisted|p1a: Cacturne\n|-damage|p1a: Cacturne|34\/100 tox\n|-enditem|p1a: Cacturne|Toxic Orb|[from] move: Knock Off|[of] p2a: Gliscor\n|move|p1a: Cacturne|Energy Ball|p2a: Gliscor\n|-damage|p2a: Gliscor|35\/100 tox\n|\n|-heal|p2a: Gliscor|47\/100 tox|[from] ability: Poison Heal\n|-damage|p1a: Cacturne|22\/100 tox|[from] psn\n|upkeep\n|turn|10\n|\n|t:|1700179629\n|move|p2a: Gliscor|Knock Off|p1a: Cacturne\n|-resisted|p1a: Cacturne\n|-damage|p1a: Cacturne|12\/100 tox\n|move|p1a: Cacturne|Energy Ball|p2a: Gliscor\n|-damage|p2a: Gliscor|0 fnt\n|faint|p2a: Gliscor\n|\n|-damage|p1a: Cacturne|0 fnt|[from] psn\n|faint|p1a: Cacturne\n|upkeep\n|\n|t:|1700179640\n|switch|p2a: Chesnaught|Chesnaught, F|100\/100\n|switch|p1a: Pyroar|Pyroar, F|100\/100\n|-ability|p1a: Pyroar|Unnerve\n|-damage|p1a: Pyroar|76\/100|[from] Spikes\n|turn|11\n|\n|t:|1700179646\n|move|p2a: Chesnaught|Spiky Shield|p2a: Chesnaught\n|-singleturn|p2a: Chesnaught|move: Protect\n|move|p1a: Pyroar|Hyper Voice|p2a: Chesnaught\n|-activate|p2a: Chesnaught|move: Protect\n|\n|upkeep\n|turn|12\n|\n|t:|1700179651\n|move|p1a: Pyroar|Hyper Voice|p2a: Chesnaught\n|-damage|p2a: Chesnaught|51\/100\n|-enditem|p1a: Pyroar|Throat Spray\n|-boost|p1a: Pyroar|spa|1|[from] item: Throat Spray\n|move|p2a: Chesnaught|Body Press|p1a: Pyroar\n|-supereffective|p1a: Pyroar\n|-damage|p1a: Pyroar|0 fnt\n|faint|p1a: Pyroar\n|\n|upkeep\n|\n|t:|1700179655\n|switch|p1a: Swalot|Swalot, M|100\/100\n|-damage|p1a: Swalot|75\/100|[from] Spikes\n|turn|13\n|\n|t:|1700179662\n|move|p2a: Chesnaught|Knock Off|p1a: Swalot\n|-damage|p1a: Swalot|54\/100\n|-enditem|p1a: Swalot|Custap Berry|[from] move: Knock Off|[of] p2a: Chesnaught\n|move|p1a: Swalot|Poison Jab|p2a: Chesnaught\n|-supereffective|p2a: Chesnaught\n|-damage|p2a: Chesnaught|14\/100\n|-status|p2a: Chesnaught|psn\n|\n|-damage|p2a: Chesnaught|2\/100 psn|[from] psn\n|upkeep\n|turn|14\n|\n|t:|1700179670\n|move|p2a: Chesnaught|Spiky Shield|p2a: Chesnaught\n|-singleturn|p2a: Chesnaught|move: Protect\n|move|p1a: Swalot|Knock Off|p2a: Chesnaught\n|-activate|p2a: Chesnaught|move: Protect\n|-damage|p1a: Swalot|42\/100|[from] Spiky Shield|[of] p2a: Chesnaught\n|\n|-damage|p2a: Chesnaught|0 fnt|[from] psn\n|faint|p2a: Chesnaught\n|upkeep\n|\n|t:|1700179676\n|switch|p2a: Skeledirge|Skeledirge, F|100\/100\n|turn|15\n|\n|t:|1700179680\n|move|p2a: Skeledirge|Will-O-Wisp|p1a: Swalot\n|-status|p1a: Swalot|brn\n|move|p1a: Swalot|Knock Off|p2a: Skeledirge\n|-supereffective|p2a: Skeledirge\n|-damage|p2a: Skeledirge|81\/100\n|-enditem|p2a: Skeledirge|Heavy-Duty Boots|[from] move: Knock Off|[of] p1a: Swalot\n|\n|-damage|p1a: Swalot|35\/100 brn|[from] brn\n|upkeep\n|turn|16\n|\n|t:|1700179686\n|move|p2a: Skeledirge|Torch Song|p1a: Swalot\n|-damage|p1a: Swalot|8\/100 brn\n|-boost|p2a: Skeledirge|spa|1\n|move|p1a: Swalot|Earthquake|p2a: Skeledirge\n|-supereffective|p2a: Skeledirge\n|-damage|p2a: Skeledirge|59\/100\n|\n|-damage|p1a: Swalot|2\/100 brn|[from] brn\n|upkeep\n|turn|17\n|\n|t:|1700179689\n|move|p2a: Skeledirge|Torch Song|p1a: Swalot\n|-damage|p1a: Swalot|0 fnt\n|-boost|p2a: Skeledirge|spa|1\n|faint|p1a: Swalot\n|\n|upkeep\n|\n|t:|1700179692\n|switch|p1a: Magcargo|Magcargo, F, shiny|100\/100\n|-damage|p1a: Magcargo|76\/100|[from] Spikes\n|turn|18\n|\n|t:|1700179702\n|move|p2a: Skeledirge|Shadow Ball|p1a: Magcargo\n|-damage|p1a: Magcargo|0 fnt\n|faint|p1a: Magcargo\n|\n|upkeep\n|-message|Agustin jedi forfeited.\n|\n|win|CIL9001\n|raw|Agustin jedi's rating: 1193 &rarr; <strong>1166<\/strong><br \/>(-27 for losing)\n|raw|CIL9001's rating: 1170 &rarr; <strong>1197<\/strong><br \/>(+27 for winning)\n|l|\u2606Agustin jedi\n","uploadtime":1700179711,"views":4,"p1id":"agustinjedi","p2id":"cil9001","formatid":"gen9anythinggoes","rating":1166,"private":0,"password":""}