{"id":"gen9anythinggoes-1987724422","p1":"Gengiguy","p2":"1stplayever","format":"[Gen 9] Anything Goes","log":"|j|\u2606Gengiguy\n|j|\u26061stplayever\n|t:|1699631147\n|gametype|singles\n|player|p1|Gengiguy|wattson|1181\n|player|p2|1stplayever|102|1334\n|teamsize|p1|6\n|teamsize|p2|6\n|gen|9\n|tier|[Gen 9] Anything Goes\n|rated|\n|rule|HP Percentage Mod: HP is shown in percentages\n|rule|Endless Battle Clause: Forcing endless battles is banned\n|clearpoke\n|poke|p1|Vikavolt, M|\n|poke|p1|Regidrago|\n|poke|p1|Miraidon|\n|poke|p1|Iron Valiant|\n|poke|p1|Great Tusk|\n|poke|p1|Gengar, M|\n|poke|p2|Cyclizar, M|\n|poke|p2|Scovillain, M|\n|poke|p2|Scovillain, F|\n|poke|p2|Ninetales-Alola, F|\n|poke|p2|Glalie, M|\n|poke|p2|Glalie, F|\n|teampreview\n|inactive|Battle timer is ON: inactive players will automatically lose when time's up. (requested by Gengiguy)\n|\n|t:|1699631157\n|start\n|switch|p1a: Miraidon|Miraidon|100\/100\n|switch|p2a: Scovillain|Scovillain, F, shiny|100\/100\n|-fieldstart|move: Electric Terrain|[from] ability: Hadron Engine|[of] p1a: Miraidon\n|turn|1\n|\n|t:|1699631164\n|move|p2a: Scovillain|Protect|p2a: Scovillain\n|-singleturn|p2a: Scovillain|Protect\n|move|p1a: Miraidon|Dragon Pulse|p2a: Scovillain\n|-activate|p2a: Scovillain|move: Protect\n|\n|-ability|p2a: Scovillain|Moody|boost\n|-boost|p2a: Scovillain|def|2\n|-unboost|p2a: Scovillain|spe|1\n|upkeep\n|turn|2\n|\n|t:|1699631173\n|move|p1a: Miraidon|Dragon Pulse|p2a: Scovillain\n|-damage|p2a: Scovillain|11\/100\n|move|p2a: Scovillain|Leech Seed|p1a: Miraidon\n|-start|p1a: Miraidon|move: Leech Seed\n|\n|-heal|p2a: Scovillain|17\/100|[from] item: Leftovers\n|-damage|p1a: Miraidon|88\/100|[from] Leech Seed|[of] p2a: Scovillain\n|-heal|p2a: Scovillain|30\/100|[silent]\n|-ability|p2a: Scovillain|Moody|boost\n|-boost|p2a: Scovillain|spe|2\n|-unboost|p2a: Scovillain|atk|1\n|upkeep\n|turn|3\n|\n|t:|1699631184\n|move|p2a: Scovillain|Protect|p2a: Scovillain\n|-singleturn|p2a: Scovillain|Protect\n|move|p1a: Miraidon|Dragon Pulse|p2a: Scovillain\n|-activate|p2a: Scovillain|move: Protect\n|\n|-heal|p2a: Scovillain|36\/100|[from] item: Leftovers\n|-damage|p1a: Miraidon|76\/100|[from] Leech Seed|[of] p2a: Scovillain\n|-heal|p2a: Scovillain|49\/100|[silent]\n|-ability|p2a: Scovillain|Moody|boost\n|-boost|p2a: Scovillain|spa|2\n|-unboost|p2a: Scovillain|spe|1\n|upkeep\n|turn|4\n|c|\u2606Gengiguy|really?\n|c|\u2606Gengiguy|what is wrong with you\n|c|\u26061stplayever|hi, have fun\n|inactive|1stplayever has 120 seconds left.\n|c|\u2606Gengiguy|yah moody + protect spam is real fun\n|inactive|1stplayever has 90 seconds left.\n|\n|t:|1699631246\n|-terastallize|p2a: Scovillain|Fairy\n|move|p1a: Miraidon|Dragon Pulse|p2a: Scovillain\n|-immune|p2a: Scovillain\n|move|p2a: Scovillain|Substitute|p2a: Scovillain\n|-start|p2a: Scovillain|Substitute\n|-damage|p2a: Scovillain|24\/100\n|\n|-heal|p2a: Scovillain|30\/100|[from] item: Leftovers\n|-damage|p1a: Miraidon|64\/100|[from] Leech Seed|[of] p2a: Scovillain\n|-heal|p2a: Scovillain|42\/100|[silent]\n|-ability|p2a: Scovillain|Moody|boost\n|-boost|p2a: Scovillain|def|2\n|-unboost|p2a: Scovillain|atk|1\n|upkeep\n|turn|5\n|inactive|1stplayever has 90 seconds left.\n|\n|t:|1699631261\n|switch|p1a: Gengar|Gengar, M|100\/100\n|move|p2a: Scovillain|Protect||[still]\n|-fail|p2a: Scovillain\n|\n|-heal|p2a: Scovillain|48\/100|[from] item: Leftovers\n|-fieldend|move: Electric Terrain\n|-ability|p2a: Scovillain|Moody|boost\n|-boost|p2a: Scovillain|spe|2\n|-unboost|p2a: Scovillain|spd|1\n|upkeep\n|turn|6\n|inactive|1stplayever has 90 seconds left.\n|\n|t:|1699631286\n|move|p2a: Scovillain|Leech Seed|p1a: Gengar\n|-start|p1a: Gengar|move: Leech Seed\n|move|p1a: Gengar|Sludge Bomb|p2a: Scovillain\n|-supereffective|p2a: Scovillain\n|-end|p2a: Scovillain|Substitute\n|\n|-heal|p2a: Scovillain|54\/100|[from] item: Leftovers\n|-damage|p1a: Gengar|88\/100|[from] Leech Seed|[of] p2a: Scovillain\n|-heal|p2a: Scovillain|64\/100|[silent]\n|-ability|p2a: Scovillain|Moody|boost\n|-boost|p2a: Scovillain|spe|2\n|-unboost|p2a: Scovillain|spa|1\n|upkeep\n|turn|7\n|\n|t:|1699631298\n|switch|p1a: Miraidon|Miraidon|64\/100\n|-fieldstart|move: Electric Terrain|[from] ability: Hadron Engine|[of] p1a: Miraidon\n|move|p2a: Scovillain|Protect||[still]\n|-fail|p2a: Scovillain\n|\n|-heal|p2a: Scovillain|70\/100|[from] item: Leftovers\n|-ability|p2a: Scovillain|Moody|boost\n|-boost|p2a: Scovillain|spd|2\n|-unboost|p2a: Scovillain|spe|1\n|upkeep\n|turn|8\n|\n|t:|1699631308\n|-terastallize|p1a: Miraidon|Electric\n|move|p2a: Scovillain|Leech Seed|p1a: Miraidon\n|-start|p1a: Miraidon|move: Leech Seed\n|move|p1a: Miraidon|Electro Drift|p2a: Scovillain\n|-damage|p2a: Scovillain|0 fnt\n|faint|p2a: Scovillain\n|\n|upkeep\n|\n|t:|1699631332\n|switch|p2a: Glalie|Glalie, F, shiny|100\/100\n|turn|9\n|\n|t:|1699631340\n|switch|p1a: Gengar|Gengar, M|88\/100\n|move|p2a: Glalie|Protect||[still]\n|-fail|p2a: Glalie\n|\n|-heal|p1a: Gengar|94\/100|[from] item: Leftovers\n|-ability|p2a: Glalie|Moody|boost\n|-boost|p2a: Glalie|spa|2\n|-unboost|p2a: Glalie|spd|1\n|upkeep\n|turn|10\n|\n|t:|1699631349\n|move|p1a: Gengar|Focus Blast|p2a: Glalie|[miss]\n|-miss|p1a: Gengar|p2a: Glalie\n|move|p2a: Glalie|Freeze-Dry|p1a: Gengar\n|-damage|p1a: Gengar|32\/100\n|-start|p2a: Glalie|Disable|Freeze-Dry|[from] ability: Cursed Body|[of] p1a: Gengar\n|\n|-heal|p1a: Gengar|38\/100|[from] item: Leftovers\n|-ability|p2a: Glalie|Moody|boost\n|-boost|p2a: Glalie|atk|2\n|-unboost|p2a: Glalie|def|1\n|upkeep\n|turn|11\n|\n|t:|1699631359\n|move|p2a: Glalie|Protect|p2a: Glalie\n|-singleturn|p2a: Glalie|Protect\n|move|p1a: Gengar|Focus Blast|p2a: Glalie\n|-activate|p2a: Glalie|move: Protect\n|\n|-heal|p1a: Gengar|44\/100|[from] item: Leftovers\n|-fieldend|move: Electric Terrain\n|-ability|p2a: Glalie|Moody|boost\n|-boost|p2a: Glalie|def|2\n|-unboost|p2a: Glalie|spd|1\n|upkeep\n|turn|12\n|inactive|1stplayever has 90 seconds left.\n|\n|t:|1699631386\n|switch|p2a: Ninetales|Ninetales-Alola, F, shiny|100\/100\n|-weather|Snow|[from] ability: Snow Warning|[of] p2a: Ninetales\n|move|p1a: Gengar|Shadow Ball|p2a: Ninetales\n|-damage|p2a: Ninetales|60\/100\n|\n|-weather|Snow|[upkeep]\n|-heal|p1a: Gengar|50\/100|[from] item: Leftovers\n|upkeep\n|turn|13\n|\n|t:|1699631399\n|switch|p1a: Vikavolt|Vikavolt, M|100\/100\n|move|p2a: Ninetales|Aurora Veil|p2a: Ninetales\n|-sidestart|p2: 1stplayever|move: Aurora Veil\n|\n|-weather|Snow|[upkeep]\n|upkeep\n|turn|14\n|\n|t:|1699631406\n|move|p2a: Ninetales|Substitute|p2a: Ninetales\n|-start|p2a: Ninetales|Substitute\n|-damage|p2a: Ninetales|35\/100\n|move|p1a: Vikavolt|Sticky Web|p2a: Ninetales\n|-sidestart|p2: 1stplayever|move: Sticky Web\n|\n|-weather|Snow|[upkeep]\n|upkeep\n|turn|15\n|\n|t:|1699631422\n|move|p2a: Ninetales|Calm Mind|p2a: Ninetales\n|-boost|p2a: Ninetales|spa|1\n|-boost|p2a: Ninetales|spd|1\n|move|p1a: Vikavolt|Bug Buzz|p2a: Ninetales\n|-resisted|p2a: Ninetales\n|-damage|p2a: Ninetales|28\/100\n|\n|-weather|Snow|[upkeep]\n|upkeep\n|turn|16\n|\n|t:|1699631430\n|move|p2a: Ninetales|Baton Pass|p2a: Ninetales\n|\n|t:|1699631442\n|switch|p2a: Glalie|Glalie, F, shiny|100\/100|[from] Baton Pass\n|-activate|p2a: Glalie|move: Sticky Web\n|-unboost|p2a: Glalie|spe|1\n|move|p1a: Vikavolt|Thunderbolt|p2a: Glalie\n|-activate|p2a: Glalie|move: Substitute|[damage]\n|\n|-weather|none\n|-ability|p2a: Glalie|Moody|boost\n|-boost|p2a: Glalie|atk|2\n|-unboost|p2a: Glalie|spe|1\n|upkeep\n|turn|17\n|\n|t:|1699631459\n|move|p2a: Glalie|Protect|p2a: Glalie\n|-singleturn|p2a: Glalie|Protect\n|move|p1a: Vikavolt|Bug Buzz|p2a: Glalie\n|-activate|p2a: Glalie|move: Protect\n|\n|-ability|p2a: Glalie|Moody|boost\n|-boost|p2a: Glalie|def|2\n|-unboost|p2a: Glalie|atk|1\n|upkeep\n|turn|18\n|inactive|1stplayever has 60 seconds left.\n|\n|t:|1699631476\n|move|p2a: Glalie|Substitute|p2a: Glalie\n|-fail|p2a: Glalie|move: Substitute\n|move|p1a: Vikavolt|Thunderbolt|p2a: Glalie\n|-end|p2a: Glalie|Substitute\n|\n|-ability|p2a: Glalie|Moody|boost\n|-boost|p2a: Glalie|atk|2\n|-unboost|p2a: Glalie|spd|1\n|upkeep\n|turn|19\n|\n|t:|1699631490\n|move|p2a: Glalie|Protect|p2a: Glalie\n|-singleturn|p2a: Glalie|Protect\n|move|p1a: Vikavolt|Thunderbolt|p2a: Glalie\n|-activate|p2a: Glalie|move: Protect\n|\n|-ability|p2a: Glalie|Moody|boost\n|-boost|p2a: Glalie|spe|2\n|-unboost|p2a: Glalie|atk|1\n|upkeep\n|turn|20\n|\n|t:|1699631497\n|move|p2a: Glalie|Substitute|p2a: Glalie\n|-start|p2a: Glalie|Substitute\n|-damage|p2a: Glalie|76\/100\n|move|p1a: Vikavolt|Thunderbolt|p2a: Glalie\n|-activate|p2a: Glalie|move: Substitute|[damage]\n|\n|-heal|p2a: Glalie|82\/100|[from] item: Leftovers\n|-sideend|p2: 1stplayever|move: Aurora Veil\n|-ability|p2a: Glalie|Moody|boost\n|-boost|p2a: Glalie|spe|2\n|-unboost|p2a: Glalie|atk|1\n|upkeep\n|turn|21\n|\n|t:|1699631507\n|move|p2a: Glalie|Disable|p1a: Vikavolt\n|-start|p1a: Vikavolt|Disable|Thunderbolt\n|cant|p1a: Vikavolt|Disable|Thunderbolt\n|\n|-heal|p2a: Glalie|88\/100|[from] item: Leftovers\n|-ability|p2a: Glalie|Moody|boost\n|-boost|p2a: Glalie|def|2\n|-unboost|p2a: Glalie|spa|1\n|upkeep\n|turn|22\n|\n|t:|1699631526\n|switch|p1a: Miraidon|Miraidon, tera:Electric|64\/100\n|-fieldstart|move: Electric Terrain|[from] ability: Hadron Engine|[of] p1a: Miraidon\n|move|p2a: Glalie|Freeze-Dry|p1a: Miraidon\n|-damage|p1a: Miraidon|47\/100\n|\n|-heal|p2a: Glalie|94\/100|[from] item: Leftovers\n|-ability|p2a: Glalie|Moody|boost\n|-boost|p2a: Glalie|def|2\n|-unboost|p2a: Glalie|spd|1\n|upkeep\n|turn|23\n|\n|t:|1699631541\n|move|p2a: Glalie|Freeze-Dry|p1a: Miraidon\n|-damage|p1a: Miraidon|28\/100\n|move|p1a: Miraidon|Volt Switch|p2a: Glalie\n|-end|p2a: Glalie|Substitute\n|\n|t:|1699631547\n|switch|p1a: Iron Valiant|Iron Valiant|100\/100|[from] Volt Switch\n|-activate|p1a: Iron Valiant|ability: Quark Drive\n|-start|p1a: Iron Valiant|quarkdrivespe\n|\n|-heal|p2a: Glalie|99\/100|[from] item: Leftovers\n|-ability|p2a: Glalie|Moody|boost\n|-boost|p2a: Glalie|atk|2\n|-unboost|p2a: Glalie|spa|1\n|upkeep\n|turn|24\n|\n|t:|1699631559\n|move|p2a: Glalie|Substitute|p2a: Glalie\n|-start|p2a: Glalie|Substitute\n|-damage|p2a: Glalie|75\/100\n|move|p1a: Iron Valiant|Moonblast|p2a: Glalie\n|-end|p2a: Glalie|Substitute\n|\n|-heal|p2a: Glalie|81\/100|[from] item: Leftovers\n|-ability|p2a: Glalie|Moody|boost\n|-boost|p2a: Glalie|atk|2\n|-unboost|p2a: Glalie|spe|1\n|upkeep\n|turn|25\n|\n|t:|1699631569\n|move|p2a: Glalie|Protect|p2a: Glalie\n|-singleturn|p2a: Glalie|Protect\n|move|p1a: Iron Valiant|Moonblast|p2a: Glalie\n|-activate|p2a: Glalie|move: Protect\n|\n|-heal|p2a: Glalie|87\/100|[from] item: Leftovers\n|-ability|p2a: Glalie|Moody|boost\n|-boost|p2a: Glalie|spa|2\n|-unboost|p2a: Glalie|atk|1\n|upkeep\n|turn|26\n|\n|t:|1699631578\n|move|p1a: Iron Valiant|Moonblast|p2a: Glalie\n|-damage|p2a: Glalie|0 fnt\n|faint|p2a: Glalie\n|\n|-fieldend|move: Electric Terrain\n|-end|p1a: Iron Valiant|Quark Drive\n|upkeep\n|\n|t:|1699631588\n|switch|p2a: Scovillain|Scovillain, M, shiny|100\/100\n|-activate|p2a: Scovillain|move: Sticky Web\n|-unboost|p2a: Scovillain|spe|1\n|turn|27\n|\n|t:|1699631609\n|move|p1a: Iron Valiant|Moonblast|p2a: Scovillain\n|-resisted|p2a: Scovillain\n|-damage|p2a: Scovillain|47\/100\n|move|p2a: Scovillain|Substitute|p2a: Scovillain\n|-start|p2a: Scovillain|Substitute\n|-damage|p2a: Scovillain|22\/100\n|\n|-heal|p2a: Scovillain|28\/100|[from] item: Leftovers\n|-ability|p2a: Scovillain|Moody|boost\n|-boost|p2a: Scovillain|spa|2\n|-unboost|p2a: Scovillain|def|1\n|upkeep\n|turn|28\n|\n|t:|1699631627\n|-end|p1a: Iron Valiant|Quark Drive|[silent]\n|switch|p1a: Vikavolt|Vikavolt, M|100\/100\n|move|p2a: Scovillain|Giga Drain|p1a: Vikavolt\n|-resisted|p1a: Vikavolt\n|-damage|p1a: Vikavolt|73\/100\n|-heal|p2a: Scovillain|41\/100|[from] drain|[of] p1a: Vikavolt\n|\n|-heal|p2a: Scovillain|47\/100|[from] item: Leftovers\n|-ability|p2a: Scovillain|Moody|boost\n|-boost|p2a: Scovillain|spa|2\n|-unboost|p2a: Scovillain|atk|1\n|upkeep\n|turn|29\n|\n|t:|1699631642\n|move|p2a: Scovillain|Protect|p2a: Scovillain\n|-singleturn|p2a: Scovillain|Protect\n|move|p1a: Vikavolt|Bug Buzz|p2a: Scovillain\n|-activate|p2a: Scovillain|move: Protect\n|\n|-heal|p2a: Scovillain|53\/100|[from] item: Leftovers\n|-ability|p2a: Scovillain|Moody|boost\n|-boost|p2a: Scovillain|spd|2\n|-unboost|p2a: Scovillain|atk|1\n|upkeep\n|turn|30\n|\n|t:|1699631656\n|move|p2a: Scovillain|Giga Drain|p1a: Vikavolt\n|-resisted|p1a: Vikavolt\n|-damage|p1a: Vikavolt|38\/100\n|-heal|p2a: Scovillain|70\/100|[from] drain|[of] p1a: Vikavolt\n|move|p1a: Vikavolt|Bug Buzz|p2a: Scovillain\n|-damage|p2a: Scovillain|39\/100\n|\n|-heal|p2a: Scovillain|45\/100|[from] item: Leftovers\n|-ability|p2a: Scovillain|Moody|boost\n|-boost|p2a: Scovillain|atk|2\n|-unboost|p2a: Scovillain|spe|1\n|upkeep\n|turn|31\n|\n|t:|1699631669\n|move|p2a: Scovillain|Protect|p2a: Scovillain\n|-singleturn|p2a: Scovillain|Protect\n|move|p1a: Vikavolt|Bug Buzz|p2a: Scovillain\n|-activate|p2a: Scovillain|move: Protect\n|\n|-heal|p2a: Scovillain|51\/100|[from] item: Leftovers\n|-ability|p2a: Scovillain|Moody|boost\n|-boost|p2a: Scovillain|spe|2\n|-unboost|p2a: Scovillain|def|1\n|upkeep\n|turn|32\n|c|\u2606Gengiguy|dude actually screw yourself\n|\n|t:|1699631685\n|move|p2a: Scovillain|Giga Drain|p1a: Vikavolt\n|-resisted|p1a: Vikavolt\n|-damage|p1a: Vikavolt|0 fnt\n|-heal|p2a: Scovillain|69\/100|[from] drain|[of] p1a: Vikavolt\n|faint|p1a: Vikavolt\n|\n|-heal|p2a: Scovillain|75\/100|[from] item: Leftovers\n|-ability|p2a: Scovillain|Moody|boost\n|-boost|p2a: Scovillain|spe|2\n|-unboost|p2a: Scovillain|atk|1\n|upkeep\n|\n|t:|1699631698\n|switch|p1a: Miraidon|Miraidon, tera:Electric|28\/100\n|-fieldstart|move: Electric Terrain|[from] ability: Hadron Engine|[of] p1a: Miraidon\n|turn|33\n|c|\u2606Gengiguy|this is ridiculous\n|\n|t:|1699631717\n|move|p1a: Miraidon|Volt Switch|p2a: Scovillain\n|-resisted|p2a: Scovillain\n|-end|p2a: Scovillain|Substitute\n|c|\u2606Gengiguy|what is wrong with you\n|\n|t:|1699631724\n|switch|p1a: Gengar|Gengar, M|50\/100|[from] Volt Switch\n|move|p2a: Scovillain|Giga Drain|p1a: Gengar\n|-resisted|p1a: Gengar\n|-damage|p1a: Gengar|0 fnt\n|-heal|p2a: Scovillain|94\/100|[from] drain|[of] p1a: Gengar\n|faint|p1a: Gengar\n|\n|-heal|p2a: Scovillain|100\/100|[from] item: Leftovers\n|-ability|p2a: Scovillain|Moody|boost\n|-boost|p2a: Scovillain|atk|2\n|-unboost|p2a: Scovillain|def|1\n|upkeep\n|\n|t:|1699631736\n|switch|p1a: Great Tusk|Great Tusk|100\/100\n|turn|34\n|c|\u26061stplayever|it is fun\n|inactive|1stplayever has 90 seconds left.\n|\n|t:|1699631746\n|move|p2a: Scovillain|Protect|p2a: Scovillain\n|-singleturn|p2a: Scovillain|Protect\n|move|p1a: Great Tusk|Close Combat|p2a: Scovillain\n|-activate|p2a: Scovillain|move: Protect\n|\n|-ability|p2a: Scovillain|Moody|boost\n|-boost|p2a: Scovillain|spa|2\n|-unboost|p2a: Scovillain|def|1\n|upkeep\n|turn|35\n|c|\u2606Gengiguy|no you are a time wasting POS\n|inactive|1stplayever has 90 seconds left.\n|\n|t:|1699631758\n|move|p2a: Scovillain|Giga Drain|p1a: Great Tusk\n|-supereffective|p1a: Great Tusk\n|-enditem|p1a: Great Tusk|Focus Sash\n|-damage|p1a: Great Tusk|1\/100\n|move|p1a: Great Tusk|Close Combat|p2a: Scovillain\n|-damage|p2a: Scovillain|0 fnt\n|-unboost|p1a: Great Tusk|def|1\n|-unboost|p1a: Great Tusk|spd|1\n|faint|p2a: Scovillain\n|\n|upkeep\n|inactive|1stplayever has 90 seconds left.\n|\n|t:|1699631767\n|switch|p2a: Glalie|Glalie, M, shiny|100\/100\n|-activate|p2a: Glalie|move: Sticky Web\n|-unboost|p2a: Glalie|spe|1\n|turn|36\n|\n|t:|1699631776\n|move|p2a: Glalie|Protect|p2a: Glalie\n|-singleturn|p2a: Glalie|Protect\n|move|p1a: Great Tusk|Close Combat|p2a: Glalie\n|-activate|p2a: Glalie|move: Protect\n|\n|-ability|p2a: Glalie|Moody|boost\n|-boost|p2a: Glalie|spa|2\n|-unboost|p2a: Glalie|spe|1\n|upkeep\n|turn|37\n|inactive|1stplayever has 90 seconds left.\n|c|\u2606Gengiguy|I'm glad you enjoy losing after all that\n|\n|t:|1699631797\n|switch|p2a: Ninetales|Ninetales-Alola, F, shiny|28\/100\n|-activate|p2a: Ninetales|move: Sticky Web\n|-unboost|p2a: Ninetales|spe|1\n|-weather|Snow|[from] ability: Snow Warning|[of] p2a: Ninetales\n|move|p1a: Great Tusk|Close Combat|p2a: Ninetales\n|-damage|p2a: Ninetales|0 fnt\n|-unboost|p1a: Great Tusk|def|1\n|-unboost|p1a: Great Tusk|spd|1\n|faint|p2a: Ninetales\n|\n|-weather|Snow|[upkeep]\n|-fieldend|move: Electric Terrain\n|upkeep\n|\n|t:|1699631800\n|switch|p2a: Glalie|Glalie, M, shiny|100\/100\n|-activate|p2a: Glalie|move: Sticky Web\n|-unboost|p2a: Glalie|spe|1\n|turn|38\n|\n|t:|1699631811\n|move|p2a: Glalie|Protect|p2a: Glalie\n|-singleturn|p2a: Glalie|Protect\n|move|p1a: Great Tusk|Close Combat|p2a: Glalie\n|-activate|p2a: Glalie|move: Protect\n|\n|-weather|Snow|[upkeep]\n|-ability|p2a: Glalie|Moody|boost\n|-boost|p2a: Glalie|spd|2\n|-unboost|p2a: Glalie|atk|1\n|upkeep\n|turn|39\n|c|\u2606Gengiguy|bum\n|\n|t:|1699631828\n|switch|p2a: Cyclizar|Cyclizar, M, shiny|100\/100\n|-activate|p2a: Cyclizar|move: Sticky Web\n|-unboost|p2a: Cyclizar|spe|1\n|move|p1a: Great Tusk|Close Combat|p2a: Cyclizar\n|-supereffective|p2a: Cyclizar\n|-damage|p2a: Cyclizar|0 fnt\n|-unboost|p1a: Great Tusk|def|1\n|-unboost|p1a: Great Tusk|spd|1\n|faint|p2a: Cyclizar\n|\n|-weather|Snow|[upkeep]\n|upkeep\n|\n|t:|1699631830\n|switch|p2a: Glalie|Glalie, M, shiny|100\/100\n|-activate|p2a: Glalie|move: Sticky Web\n|-unboost|p2a: Glalie|spe|1\n|turn|40\n|\n|t:|1699631842\n|move|p2a: Glalie|Protect|p2a: Glalie\n|-singleturn|p2a: Glalie|Protect\n|move|p1a: Great Tusk|Close Combat|p2a: Glalie\n|-activate|p2a: Glalie|move: Protect\n|\n|-weather|Snow|[upkeep]\n|-ability|p2a: Glalie|Moody|boost\n|-boost|p2a: Glalie|spd|2\n|-unboost|p2a: Glalie|spe|1\n|upkeep\n|turn|41\n|c|\u2606Gengiguy|you suck\n|\n|t:|1699631852\n|move|p2a: Glalie|Protect||[still]\n|-fail|p2a: Glalie\n|move|p1a: Great Tusk|Close Combat|p2a: Glalie\n|-supereffective|p2a: Glalie\n|-damage|p2a: Glalie|11\/100\n|-unboost|p1a: Great Tusk|def|1\n|-unboost|p1a: Great Tusk|spd|1\n|\n|-weather|none\n|-heal|p2a: Glalie|17\/100|[from] item: Leftovers\n|-ability|p2a: Glalie|Moody|boost\n|-boost|p2a: Glalie|spe|2\n|-unboost|p2a: Glalie|atk|1\n|upkeep\n|turn|42\n|inactive|1stplayever has 120 seconds left.\n|\n|t:|1699631864\n|move|p2a: Glalie|Protect|p2a: Glalie\n|-singleturn|p2a: Glalie|Protect\n|move|p1a: Great Tusk|Earthquake|p2a: Glalie\n|-activate|p2a: Glalie|move: Protect\n|\n|-heal|p2a: Glalie|23\/100|[from] item: Leftovers\n|-ability|p2a: Glalie|Moody|boost\n|-boost|p2a: Glalie|spe|2\n|-unboost|p2a: Glalie|atk|1\n|upkeep\n|turn|43\n|inactive|1stplayever has 120 seconds left.\n|\n|t:|1699631874\n|move|p2a: Glalie|Freeze-Dry|p1a: Great Tusk\n|-supereffective|p1a: Great Tusk\n|-damage|p1a: Great Tusk|0 fnt\n|faint|p1a: Great Tusk\n|-end|p1a: Great Tusk|Protosynthesis|[silent]\n|\n|-heal|p2a: Glalie|29\/100|[from] item: Leftovers\n|-ability|p2a: Glalie|Moody|boost\n|-boost|p2a: Glalie|atk|2\n|-unboost|p2a: Glalie|def|1\n|upkeep\n|\n|t:|1699631882\n|switch|p1a: Miraidon|Miraidon, tera:Electric|28\/100\n|-fieldstart|move: Electric Terrain|[from] ability: Hadron Engine|[of] p1a: Miraidon\n|turn|44\n|inactive|1stplayever has 120 seconds left.\n|\n|t:|1699631902\n|move|p2a: Glalie|Protect|p2a: Glalie\n|-singleturn|p2a: Glalie|Protect\n|move|p1a: Miraidon|Electro Drift|p2a: Glalie\n|-activate|p2a: Glalie|move: Protect\n|\n|-heal|p2a: Glalie|35\/100|[from] item: Leftovers\n|-ability|p2a: Glalie|Moody|boost\n|-boost|p2a: Glalie|def|2\n|-unboost|p2a: Glalie|spa|1\n|upkeep\n|turn|45\n|\n|t:|1699631917\n|move|p2a: Glalie|Substitute|p2a: Glalie\n|-start|p2a: Glalie|Substitute\n|-damage|p2a: Glalie|11\/100\n|move|p1a: Miraidon|Electro Drift|p2a: Glalie\n|-end|p2a: Glalie|Substitute\n|\n|-heal|p2a: Glalie|17\/100|[from] item: Leftovers\n|-ability|p2a: Glalie|Moody|boost\n|-boost|p2a: Glalie|atk|2\n|-unboost|p2a: Glalie|def|1\n|upkeep\n|turn|46\n|\n|t:|1699631935\n|move|p2a: Glalie|Protect|p2a: Glalie\n|-singleturn|p2a: Glalie|Protect\n|move|p1a: Miraidon|Electro Drift|p2a: Glalie\n|-activate|p2a: Glalie|move: Protect\n|\n|-heal|p2a: Glalie|23\/100|[from] item: Leftovers\n|-ability|p2a: Glalie|Moody|boost\n|-boost|p2a: Glalie|def|2\n|-unboost|p2a: Glalie|atk|1\n|upkeep\n|turn|47\n|inactive|1stplayever has 90 seconds left.\n|\n|t:|1699631961\n|move|p2a: Glalie|Disable|p1a: Miraidon\n|-start|p1a: Miraidon|Disable|Electro Drift\n|cant|p1a: Miraidon|Disable|Electro Drift\n|\n|-heal|p2a: Glalie|29\/100|[from] item: Leftovers\n|-ability|p2a: Glalie|Moody|boost\n|-boost|p2a: Glalie|def|2\n|-unboost|p2a: Glalie|atk|1\n|upkeep\n|turn|48\n|inactive|1stplayever has 90 seconds left.\n|\n|t:|1699631985\n|switch|p1a: Regidrago|Regidrago|100\/100\n|move|p2a: Glalie|Protect||[still]\n|-fail|p2a: Glalie\n|\n|-heal|p2a: Glalie|35\/100|[from] item: Leftovers\n|-fieldend|move: Electric Terrain\n|-ability|p2a: Glalie|Moody|boost\n|-boost|p2a: Glalie|spd|2\n|-unboost|p2a: Glalie|spa|1\n|upkeep\n|turn|49\n|\n|t:|1699631999\n|move|p2a: Glalie|Substitute|p2a: Glalie\n|-start|p2a: Glalie|Substitute\n|-damage|p2a: Glalie|10\/100\n|move|p1a: Regidrago|Dragon Energy|p2a: Glalie\n|-end|p2a: Glalie|Substitute\n|\n|-heal|p2a: Glalie|16\/100|[from] item: Leftovers\n|-ability|p2a: Glalie|Moody|boost\n|-boost|p2a: Glalie|spd|2\n|-unboost|p2a: Glalie|spe|1\n|upkeep\n|turn|50\n|\n|t:|1699632009\n|move|p2a: Glalie|Protect|p2a: Glalie\n|-singleturn|p2a: Glalie|Protect\n|move|p1a: Regidrago|Dragon Energy|p2a: Glalie\n|-activate|p2a: Glalie|move: Protect\n|\n|-heal|p2a: Glalie|22\/100|[from] item: Leftovers\n|-ability|p2a: Glalie|Moody|boost\n|-boost|p2a: Glalie|spe|2\n|-unboost|p2a: Glalie|spa|1\n|upkeep\n|turn|51\n|\n|t:|1699632018\n|move|p2a: Glalie|Disable|p1a: Regidrago\n|-start|p1a: Regidrago|Disable|Dragon Energy\n|cant|p1a: Regidrago|Disable|Dragon Energy\n|\n|-heal|p2a: Glalie|28\/100|[from] item: Leftovers\n|-ability|p2a: Glalie|Moody|boost\n|-boost|p2a: Glalie|spa|2\n|-unboost|p2a: Glalie|spe|1\n|upkeep\n|turn|52\n|inactive|1stplayever has 90 seconds left.\n|\n|t:|1699632035\n|switch|p1a: Iron Valiant|Iron Valiant|100\/100\n|move|p2a: Glalie|Protect||[still]\n|-fail|p2a: Glalie\n|\n|-heal|p2a: Glalie|34\/100|[from] item: Leftovers\n|-ability|p2a: Glalie|Moody|boost\n|-boost|p2a: Glalie|atk|2\n|-unboost|p2a: Glalie|spe|1\n|upkeep\n|turn|53\n|\n|t:|1699632048\n|move|p2a: Glalie|Substitute|p2a: Glalie\n|-start|p2a: Glalie|Substitute\n|-damage|p2a: Glalie|10\/100\n|move|p1a: Iron Valiant|Close Combat|p2a: Glalie\n|-supereffective|p2a: Glalie\n|-end|p2a: Glalie|Substitute\n|-unboost|p1a: Iron Valiant|def|1\n|-unboost|p1a: Iron Valiant|spd|1\n|\n|-heal|p2a: Glalie|16\/100|[from] item: Leftovers\n|-ability|p2a: Glalie|Moody|boost\n|-boost|p2a: Glalie|def|2\n|-unboost|p2a: Glalie|spa|1\n|upkeep\n|turn|54\n|\n|t:|1699632063\n|-end|p1a: Iron Valiant|Quark Drive|[silent]\n|switch|p1a: Miraidon|Miraidon, tera:Electric|28\/100\n|-fieldstart|move: Electric Terrain|[from] ability: Hadron Engine|[of] p1a: Miraidon\n|move|p2a: Glalie|Disable||[still]\n|-fail|p2a: Glalie\n|\n|-heal|p2a: Glalie|22\/100|[from] item: Leftovers\n|-ability|p2a: Glalie|Moody|boost\n|-boost|p2a: Glalie|atk|2\n|-unboost|p2a: Glalie|spe|1\n|upkeep\n|turn|55\n|\n|t:|1699632080\n|move|p2a: Glalie|Protect|p2a: Glalie\n|-singleturn|p2a: Glalie|Protect\n|move|p1a: Miraidon|Electro Drift|p2a: Glalie\n|-activate|p2a: Glalie|move: Protect\n|\n|-heal|p2a: Glalie|28\/100|[from] item: Leftovers\n|-ability|p2a: Glalie|Moody|boost\n|-boost|p2a: Glalie|spa|2\n|-unboost|p2a: Glalie|spd|1\n|upkeep\n|turn|56\n|inactive|1stplayever has 60 seconds left.\n|c|\u26061stplayever|well, I was not lucky\n|c|\u26061stplayever|:\/\n|c|\u2606Gengiguy|shut the hell up\n|c|\u2606Gengiguy|legitimately go screw yourself\n|inactive|1stplayever has 30 seconds left.\n|c|\u26061stplayever|=)\n|c|\u2606Gengiguy|not only are you a crap person you also suck at this game\n|inactive|1stplayever has 20 seconds left.\n|inactive|1stplayever has 15 seconds left.\n|c|\u2606Gengiguy|people like you hold no value for the world\n|inactive|1stplayever has 10 seconds left.\n|\n|t:|1699632156\n|move|p2a: Glalie|Protect|p2a: Glalie\n|-singleturn|p2a: Glalie|Protect\n|move|p1a: Miraidon|Electro Drift|p2a: Glalie\n|-activate|p2a: Glalie|move: Protect\n|\n|-heal|p2a: Glalie|34\/100|[from] item: Leftovers\n|-ability|p2a: Glalie|Moody|boost\n|-boost|p2a: Glalie|spe|2\n|-unboost|p2a: Glalie|spd|1\n|upkeep\n|turn|57\n|inactive|1stplayever has 20 seconds left this turn.\n|inactive|1stplayever has 15 seconds left.\n|inactive|1stplayever has 10 seconds left.\n|c|\u2606Gengiguy|do your parents a favor and stop existing\n|\n|t:|1699632172\n|switch|p1a: Regidrago|Regidrago|100\/100\n|move|p2a: Glalie|Substitute|p2a: Glalie\n|-start|p2a: Glalie|Substitute\n|-damage|p2a: Glalie|9\/100\n|\n|-heal|p2a: Glalie|15\/100|[from] item: Leftovers\n|-ability|p2a: Glalie|Moody|boost\n|-boost|p2a: Glalie|spd|2\n|-unboost|p2a: Glalie|atk|1\n|upkeep\n|turn|58\n|inactive|1stplayever has 20 seconds left this turn.\n|inactive|1stplayever has 15 seconds left.\n|inactive|1stplayever has 10 seconds left.\n|\n|t:|1699632186\n|move|p2a: Glalie|Protect|p2a: Glalie\n|-singleturn|p2a: Glalie|Protect\n|move|p1a: Regidrago|Dragon Energy|p2a: Glalie\n|-activate|p2a: Glalie|move: Protect\n|\n|-heal|p2a: Glalie|21\/100|[from] item: Leftovers\n|-fieldend|move: Electric Terrain\n|-ability|p2a: Glalie|Moody|boost\n|-boost|p2a: Glalie|atk|2\n|-unboost|p2a: Glalie|spa|1\n|upkeep\n|turn|59\n|inactive|1stplayever has 20 seconds left this turn.\n|inactive|1stplayever has 15 seconds left.\n|inactive|1stplayever has 10 seconds left.\n|\n|t:|1699632198\n|switch|p1a: Miraidon|Miraidon, tera:Electric|28\/100\n|-fieldstart|move: Electric Terrain|[from] ability: Hadron Engine|[of] p1a: Miraidon\n|move|p2a: Glalie|Disable||[still]\n|-fail|p2a: Glalie\n|\n|-heal|p2a: Glalie|27\/100|[from] item: Leftovers\n|-ability|p2a: Glalie|Moody|boost\n|-boost|p2a: Glalie|spa|2\n|-unboost|p2a: Glalie|spe|1\n|upkeep\n|turn|60\n|inactive|1stplayever has 20 seconds left this turn.\n|inactive|1stplayever has 15 seconds left.\n|inactive|1stplayever has 10 seconds left.\n|\n|t:|1699632213\n|move|p2a: Glalie|Protect|p2a: Glalie\n|-singleturn|p2a: Glalie|Protect\n|move|p1a: Miraidon|Volt Switch|p2a: Glalie\n|-activate|p2a: Glalie|move: Protect\n|\n|-heal|p2a: Glalie|33\/100|[from] item: Leftovers\n|-ability|p2a: Glalie|Moody|boost\n|-boost|p2a: Glalie|spe|2\n|-unboost|p2a: Glalie|def|1\n|upkeep\n|turn|61\n|inactive|1stplayever has 20 seconds left this turn.\n|inactive|1stplayever has 15 seconds left.\n|\n|t:|1699632222\n|move|p2a: Glalie|Substitute|p2a: Glalie\n|-fail|p2a: Glalie|move: Substitute\n|move|p1a: Miraidon|Volt Switch|p2a: Glalie\n|-activate|p2a: Glalie|move: Substitute|[damage]\n|inactive|1stplayever has 20 seconds left this turn.\n|\n|t:|1699632227\n|switch|p1a: Regidrago|Regidrago|100\/100|[from] Volt Switch\n|\n|-heal|p2a: Glalie|39\/100|[from] item: Leftovers\n|-ability|p2a: Glalie|Moody|boost\n|-boost|p2a: Glalie|atk|1\n|-unboost|p2a: Glalie|spa|1\n|upkeep\n|turn|62\n|inactive|1stplayever has 30 seconds left this turn.\n|\n|t:|1699632235\n|move|p2a: Glalie|Freeze-Dry|p1a: Regidrago\n|-supereffective|p1a: Regidrago\n|-damage|p1a: Regidrago|56\/100\n|-status|p1a: Regidrago|frz\n|cant|p1a: Regidrago|frz\n|\n|-heal|p2a: Glalie|45\/100|[from] item: Leftovers\n|-ability|p2a: Glalie|Moody|boost\n|-boost|p2a: Glalie|def|1\n|-unboost|p2a: Glalie|atk|1\n|upkeep\n|turn|63\n|inactive|1stplayever has 30 seconds left.\n|c|\u26061stplayever|oops, sorry\n|inactive|1stplayever has 20 seconds left.\n|inactive|1stplayever has 15 seconds left.\n|\n|t:|1699632257\n|switch|p1a: Miraidon|Miraidon, tera:Electric|28\/100\n|-activate|p1a: Miraidon|ability: Hadron Engine\n|move|p2a: Glalie|Freeze-Dry|p1a: Miraidon\n|-damage|p1a: Miraidon|11\/100\n|\n|-heal|p2a: Glalie|51\/100|[from] item: Leftovers\n|-fieldend|move: Electric Terrain\n|-ability|p2a: Glalie|Moody|boost\n|-boost|p2a: Glalie|spa|2\n|-unboost|p2a: Glalie|atk|1\n|upkeep\n|turn|64\n|inactive|1stplayever has 25 seconds left this turn.\n|inactive|1stplayever has 20 seconds left.\n|c|\u2606Gengiguy|legitimately do the world a favor and stop existing\n|inactive|1stplayever has 15 seconds left.\n|c|\u2606Gengiguy|please\n|c|\u2606Gengiguy|no one likes people like you\n|\n|t:|1699632276\n|move|p2a: Glalie|Freeze-Dry|p1a: Miraidon\n|-damage|p1a: Miraidon|0 fnt\n|faint|p1a: Miraidon\n|\n|-heal|p2a: Glalie|58\/100|[from] item: Leftovers\n|-ability|p2a: Glalie|Moody|boost\n|-boost|p2a: Glalie|atk|2\n|-unboost|p2a: Glalie|spd|1\n|upkeep\n|inactive|1stplayever has 20 seconds left this turn.\n|c|\u2606Gengiguy|it is ridiculous that people like you exist\n|c|\u26061stplayever|seems i will won after all :)\n|inactive|Gengiguy has 120 seconds left.\n|c|\u2606Gengiguy|so please stop\n|c|\u2606Gengiguy|do the world a favor\n|\n|t:|1699632311\n|switch|p1a: Iron Valiant|Iron Valiant|100\/100\n|turn|65\n|inactive|1stplayever has 30 seconds left this turn.\n|c|\u2606Gengiguy|stop existing\n|inactive|1stplayever has 20 seconds left.\n|\n|t:|1699632322\n|move|p2a: Glalie|Freeze-Dry|p1a: Iron Valiant\n|-damage|p1a: Iron Valiant|22\/100\n|move|p1a: Iron Valiant|Close Combat|p2a: Glalie\n|-supereffective|p2a: Glalie\n|-end|p2a: Glalie|Substitute\n|-unboost|p1a: Iron Valiant|def|1\n|-unboost|p1a: Iron Valiant|spd|1\n|\n|-heal|p2a: Glalie|64\/100|[from] item: Leftovers\n|-ability|p2a: Glalie|Moody|boost\n|-boost|p2a: Glalie|spd|1\n|-unboost|p2a: Glalie|spa|1\n|upkeep\n|turn|66\n|inactive|1stplayever has 30 seconds left this turn.\n|-message|Gengiguy forfeited.\n|\n|win|1stplayever\n|raw|Gengiguy's rating: 1181 &rarr; <strong>1168<\/strong><br \/>(-13 for losing)\n|raw|1stplayever's rating: 1359 &rarr; <strong>1370<\/strong><br \/>(+11 for winning)\n|l|\u2606Gengiguy\n","uploadtime":1699632138,"views":5,"p1id":"gengiguy","p2id":"1stplayever","formatid":"gen9anythinggoes","rating":1168,"private":0,"password":""}