{"id":"gen9anythinggoes-1979360970","p1":"RatKing21","p2":"Guyisprettycool","format":"[Gen 9] Anything Goes","log":"|j|\u2606RatKing21\n|j|\u2606Guyisprettycool\n|t:|1698675197\n|gametype|singles\n|player|p1|RatKing21|pokemaniac|1139\n|player|p2|Guyisprettycool|ash|1129\n|teamsize|p1|6\n|teamsize|p2|6\n|gen|9\n|tier|[Gen 9] Anything Goes\n|rated|\n|rule|HP Percentage Mod: HP is shown in percentages\n|rule|Endless Battle Clause: Forcing endless battles is banned\n|clearpoke\n|poke|p1|Gyarados, M|\n|poke|p1|Noivern, M|\n|poke|p1|Gliscor, M|\n|poke|p1|Talonflame, M|\n|poke|p1|Masquerain, F|\n|poke|p1|Eelektross, M|\n|poke|p2|Urshifu-*, M|\n|poke|p2|Drifblim, F|\n|poke|p2|Polteageist-Antique|\n|poke|p2|Pawmot, M|\n|poke|p2|Pawmot, F|\n|poke|p2|Froslass, F|\n|teampreview\n|inactive|Battle timer is ON: inactive players will automatically lose when time's up. (requested by Guyisprettycool)\n|\n|t:|1698675205\n|start\n|switch|p1a: Gyarados|Gyarados, M, shiny|100\/100\n|switch|p2a: Drifblim|Drifblim, F|100\/100\n|turn|1\n|c|\u2606Guyisprettycool|do you like pokemon in the air or something?\n|\n|t:|1698675227\n|move|p2a: Drifblim|Minimize|p2a: Drifblim\n|-boost|p2a: Drifblim|evasion|2\n|move|p1a: Gyarados|Waterfall|p2a: Drifblim\n|-damage|p2a: Drifblim|55\/100\n|\n|upkeep\n|turn|2\n|c|\u2606RatKing21|i am a member of team sky\n|\n|t:|1698675240\n|move|p2a: Drifblim|Minimize|p2a: Drifblim\n|-boost|p2a: Drifblim|evasion|2\n|move|p1a: Gyarados|Waterfall|p2a: Drifblim|[miss]\n|-miss|p1a: Gyarados|p2a: Drifblim\n|\n|upkeep\n|turn|3\n|c|\u2606Guyisprettycool|ahh\n|c|\u2606Guyisprettycool|alright\n|\n|t:|1698675251\n|move|p2a: Drifblim|Minimize|p2a: Drifblim\n|-boost|p2a: Drifblim|evasion|2\n|move|p1a: Gyarados|Waterfall|p2a: Drifblim|[miss]\n|-miss|p1a: Gyarados|p2a: Drifblim\n|\n|upkeep\n|turn|4\n|c|\u2606RatKing21|your ballon ghost is very good\n|\n|t:|1698675276\n|move|p2a: Drifblim|Baton Pass|p2a: Drifblim\n|c|\u2606Guyisprettycool|lol\n|c|\u2606Guyisprettycool|thanks.\n|\n|t:|1698675289\n|switch|p2a: Polteageist|Polteageist-Antique|100\/100|[from] Baton Pass\n|move|p1a: Gyarados|Waterfall|p2a: Polteageist\n|-damage|p2a: Polteageist|28\/100\n|-ability|p2a: Polteageist|Weak Armor|boost\n|-unboost|p2a: Polteageist|def|1\n|-boost|p2a: Polteageist|spe|2\n|-enditem|p2a: Polteageist|White Herb\n|-clearnegativeboost|p2a: Polteageist|[silent]\n|\n|upkeep\n|turn|5\n|\n|t:|1698675300\n|move|p2a: Polteageist|Shell Smash|p2a: Polteageist\n|-unboost|p2a: Polteageist|def|1\n|-unboost|p2a: Polteageist|spd|1\n|-boost|p2a: Polteageist|atk|2\n|-boost|p2a: Polteageist|spa|2\n|-boost|p2a: Polteageist|spe|2\n|move|p1a: Gyarados|Earthquake|p2a: Polteageist|[miss]\n|-miss|p1a: Gyarados|p2a: Polteageist\n|\n|upkeep\n|turn|6\n|raw|<div class=\"broadcast-red\"><b>The server is restarting soon.<\/b><br \/>Please finish your battles quickly. No new battles can be started until the server resets in a few minutes.<\/div>\n|inactive|staff also wants the timer to be on.\n|raw|<div class=\"broadcast-red\"><b>Moderated chat was set to +!<\/b><br \/>Only users of rank + and higher can talk.<\/div>\n|\n|t:|1698675308\n|move|p2a: Polteageist|Baton Pass|p2a: Polteageist\n|\n|t:|1698675320\n|switch|p2a: Urshifu|Urshifu-Rapid-Strike, M|100\/100|[from] Baton Pass\n|move|p1a: Gyarados|Earthquake|p2a: Urshifu|[miss]\n|-miss|p1a: Gyarados|p2a: Urshifu\n|\n|upkeep\n|turn|7\n|c|\u2606Guyisprettycool|oh shit\n|c|\u2606Guyisprettycool|well gotta finish this then\n|\n|t:|1698675341\n|move|p2a: Urshifu|Thunder Punch|p1a: Gyarados\n|-supereffective|p1a: Gyarados\n|-damage|p1a: Gyarados|0 fnt\n|faint|p1a: Gyarados\n|\n|upkeep\n|c|\u2606RatKing21|dam\n|\n|t:|1698675349\n|switch|p1a: Talonflame|Talonflame, M, shiny|100\/100\n|turn|8\n|\n|t:|1698675355\n|move|p1a: Talonflame|Acrobatics|p2a: Urshifu|[miss]\n|-miss|p1a: Talonflame|p2a: Urshifu\n|move|p2a: Urshifu|Surging Strikes|p1a: Talonflame\n|-supereffective|p1a: Talonflame\n|-crit|p1a: Talonflame\n|-damage|p1a: Talonflame|0 fnt\n|faint|p1a: Talonflame\n|-hitcount|p1: Talonflame|1\n|\n|upkeep\n|c|\u2606RatKing21|priority go\n|c|\u2606RatKing21|no\n|c|\u2606Guyisprettycool|evasion 3\n|\n|t:|1698675375\n|switch|p1a: Gliscor|Gliscor, M, shiny|100\/100\n|turn|9\n|\n|t:|1698675396\n|move|p2a: Urshifu|Surging Strikes|p1a: Gliscor\n|-supereffective|p1a: Gliscor\n|-crit|p1a: Gliscor\n|-damage|p1a: Gliscor|45\/100\n|-supereffective|p1a: Gliscor\n|-crit|p1a: Gliscor\n|-damage|p1a: Gliscor|0 fnt\n|faint|p1a: Gliscor\n|-hitcount|p1: Gliscor|2\n|\n|upkeep\n|\n|t:|1698675406\n|switch|p1a: Eelektross|Eelektross, M, shiny|100\/100\n|turn|10\n|\n|t:|1698675416\n|-terastallize|p2a: Urshifu|Steel\n|move|p2a: Urshifu|Surging Strikes|p1a: Eelektross\n|-crit|p1a: Eelektross\n|-damage|p1a: Eelektross|56\/100\n|-crit|p1a: Eelektross\n|-damage|p1a: Eelektross|12\/100\n|-crit|p1a: Eelektross\n|-damage|p1a: Eelektross|0 fnt\n|faint|p1a: Eelektross\n|-hitcount|p1: Eelektross|3\n|\n|upkeep\n|\n|t:|1698675429\n|switch|p1a: Noivern|Noivern, M, shiny|100\/100\n|turn|11\n|\n|t:|1698675435\n|move|p2a: Urshifu|Thunder Punch|p1a: Noivern\n|-damage|p1a: Noivern|34\/100\n|move|p1a: Noivern|Flamethrower|p2a: Urshifu|[miss]\n|-miss|p1a: Noivern|p2a: Urshifu\n|\n|upkeep\n|turn|12\n|\n|t:|1698675444\n|-terastallize|p1a: Noivern|Normal\n|move|p2a: Urshifu|Thunder Punch|p1a: Noivern\n|-damage|p1a: Noivern|0 fnt\n|faint|p1a: Noivern\n|\n|upkeep\n|\n|t:|1698675450\n|switch|p1a: Masquerain|Masquerain, F, shiny|100\/100\n|-ability|p1a: Masquerain|Intimidate|boost\n|-unboost|p2a: Urshifu|atk|1\n|turn|13\n|\n|t:|1698675464\n|move|p2a: Urshifu|Thunder Punch|p1a: Masquerain\n|-supereffective|p1a: Masquerain\n|-damage|p1a: Masquerain|0 fnt\n|faint|p1a: Masquerain\n|\n|win|Guyisprettycool\n|raw|RatKing21's rating: 1139 &rarr; <strong>1113<\/strong><br \/>(-26 for losing)\n|raw|Guyisprettycool's rating: 1129 &rarr; <strong>1155<\/strong><br \/>(+26 for winning)\n|c|\u2606Guyisprettycool|gg\n|l|\u2606RatKing21\n","uploadtime":1698675488,"views":10,"p1id":"ratking21","p2id":"guyisprettycool","formatid":"gen9anythinggoes","rating":1113,"private":0,"password":""}