{"id":"gen9anythinggoes-1991058709","p1":"Sameasitneverwas","p2":"Jamelisgod","format":"[Gen 9] Anything Goes","log":"|j|\u2606Sameasitneverwas\n|j|\u2606Jamelisgod\n|t:|1700036189\n|gametype|singles\n|player|p1|Sameasitneverwas|molayne|1211\n|player|p2|Jamelisgod|102|1226\n|teamsize|p1|6\n|teamsize|p2|6\n|gen|9\n|tier|[Gen 9] Anything Goes\n|rated|\n|rule|HP Percentage Mod: HP is shown in percentages\n|rule|Endless Battle Clause: Forcing endless battles is banned\n|clearpoke\n|poke|p1|Zacian-*|\n|poke|p1|Miraidon|\n|poke|p1|Clodsire, M|\n|poke|p1|Braviary-Hisui, M|\n|poke|p1|Amoonguss, F|\n|poke|p1|Chien-Pao|\n|poke|p2|Ninetales-Alola, F|\n|poke|p2|Miraidon|\n|poke|p2|Iron Hands|\n|poke|p2|Hydreigon, F|\n|poke|p2|Donphan, M|\n|poke|p2|Quaquaval, F|\n|teampreview\n|inactive|Battle timer is ON: inactive players will automatically lose when time's up. (requested by Sameasitneverwas)\n|\n|t:|1700036199\n|start\n|switch|p1a: Amoonguss|Amoonguss, F|100\/100\n|switch|p2a: Ninetales|Ninetales-Alola, F, shiny|100\/100\n|-weather|Snow|[from] ability: Snow Warning|[of] p2a: Ninetales\n|turn|1\n|\n|t:|1700036207\n|move|p2a: Ninetales|Aurora Veil|p2a: Ninetales\n|-sidestart|p2: Jamelisgod|move: Aurora Veil\n|move|p1a: Amoonguss|Spore|p2a: Ninetales\n|-status|p2a: Ninetales|slp|[from] move: Spore\n|\n|-weather|Snow|[upkeep]\n|upkeep\n|turn|2\n|\n|t:|1700036221\n|switch|p2a: Miraidon|Miraidon|100\/100\n|-fieldstart|move: Electric Terrain|[from] ability: Hadron Engine|[of] p2a: Miraidon\n|switch|p1a: Zacian|Zacian-Crowned|100\/100\n|-ability|p1a: Zacian|Intrepid Sword|boost\n|-boost|p1a: Zacian|atk|1\n|\n|-weather|Snow|[upkeep]\n|upkeep\n|turn|3\n|\n|t:|1700036232\n|move|p1a: Zacian|Play Rough|p2a: Miraidon\n|-supereffective|p2a: Miraidon\n|-damage|p2a: Miraidon|28\/100\n|move|p2a: Miraidon|Volt Switch|p1a: Zacian\n|-damage|p1a: Zacian|31\/100\n|\n|t:|1700036244\n|switch|p2a: Donphan|Donphan, M, shiny|100\/100|[from] Volt Switch\n|\n|-weather|Snow|[upkeep]\n|upkeep\n|turn|4\n|\n|t:|1700036247\n|move|p1a: Zacian|Close Combat|p2a: Donphan\n|-damage|p2a: Donphan|79\/100\n|-unboost|p1a: Zacian|def|1\n|-unboost|p1a: Zacian|spd|1\n|-damage|p1a: Zacian|14\/100|[from] item: Rocky Helmet|[of] p2a: Donphan\n|move|p2a: Donphan|Stealth Rock|p1a: Zacian\n|-sidestart|p1: Sameasitneverwas|move: Stealth Rock\n|\n|-weather|Snow|[upkeep]\n|upkeep\n|turn|5\n|\n|t:|1700036259\n|switch|p1a: Chien-Pao|Chien-Pao|100\/100\n|-damage|p1a: Chien-Pao|76\/100|[from] Stealth Rock\n|-ability|p1a: Chien-Pao|Sword of Ruin\n|move|p2a: Donphan|Earthquake|p1a: Chien-Pao\n|-damage|p1a: Chien-Pao|33\/100\n|\n|-weather|none\n|upkeep\n|turn|6\n|\n|t:|1700036275\n|switch|p2a: Iron Hands|Iron Hands|100\/100\n|-activate|p2a: Iron Hands|ability: Quark Drive\n|-start|p2a: Iron Hands|quarkdriveatk\n|move|p1a: Chien-Pao|Icicle Crash|p2a: Iron Hands\n|-damage|p2a: Iron Hands|66\/100\n|\n|-fieldend|move: Electric Terrain\n|-end|p2a: Iron Hands|Quark Drive\n|upkeep\n|turn|7\n|\n|t:|1700036282\n|move|p2a: Iron Hands|Fake Out|p1a: Chien-Pao\n|-damage|p1a: Chien-Pao|11\/100\n|cant|p1a: Chien-Pao|flinch\n|\n|upkeep\n|turn|8\n|\n|t:|1700036303\n|move|p1a: Chien-Pao|Icicle Crash|p2a: Iron Hands\n|-damage|p2a: Iron Hands|34\/100\n|move|p2a: Iron Hands|Drain Punch|p1a: Chien-Pao\n|-supereffective|p1a: Chien-Pao\n|-damage|p1a: Chien-Pao|0 fnt\n|-heal|p2a: Iron Hands|38\/100|[from] drain|[of] p1a: Chien-Pao\n|faint|p1a: Chien-Pao\n|\n|-sideend|p2: Jamelisgod|move: Aurora Veil\n|upkeep\n|\n|t:|1700036308\n|switch|p1a: Braviary|Braviary-Hisui, M|100\/100\n|-damage|p1a: Braviary|76\/100|[from] Stealth Rock\n|turn|9\n|\n|t:|1700036314\n|-terastallize|p2a: Iron Hands|Dark\n|move|p1a: Braviary|Esper Wing|p2a: Iron Hands\n|-immune|p2a: Iron Hands\n|move|p2a: Iron Hands|Wild Charge|p1a: Braviary\n|-supereffective|p1a: Braviary\n|-damage|p1a: Braviary|0 fnt\n|faint|p1a: Braviary\n|-damage|p2a: Iron Hands|20\/100|[from] Recoil\n|\n|upkeep\n|\n|t:|1700036328\n|switch|p1a: Miraidon|Miraidon|100\/100\n|-damage|p1a: Miraidon|88\/100|[from] Stealth Rock\n|-fieldstart|move: Electric Terrain|[from] ability: Hadron Engine|[of] p1a: Miraidon\n|-activate|p2a: Iron Hands|ability: Quark Drive\n|-start|p2a: Iron Hands|quarkdriveatk\n|turn|10\n|c|\u2606Jamelisgod|This is sumo!!!\n|c|\u2606Jamelisgod|lol\n|\n|t:|1700036349\n|-end|p2a: Iron Hands|Quark Drive|[silent]\n|switch|p2a: Ninetales|Ninetales-Alola, F, shiny|100\/100 slp\n|-weather|Snow|[from] ability: Snow Warning|[of] p2a: Ninetales\n|-terastallize|p1a: Miraidon|Fairy\n|move|p1a: Miraidon|Electro Drift|p2a: Ninetales\n|-damage|p2a: Ninetales|0 fnt\n|faint|p2a: Ninetales\n|\n|-weather|Snow|[upkeep]\n|upkeep\n|\n|t:|1700036361\n|switch|p2a: Hydreigon|Hydreigon, F|100\/100\n|turn|11\n|\n|t:|1700036369\n|move|p2a: Hydreigon|Flash Cannon|p1a: Miraidon\n|-supereffective|p1a: Miraidon\n|-damage|p1a: Miraidon|40\/100\n|move|p1a: Miraidon|Electro Drift|p2a: Hydreigon\n|-resisted|p2a: Hydreigon\n|-damage|p2a: Hydreigon|27\/100\n|\n|-weather|Snow|[upkeep]\n|upkeep\n|turn|12\n|\n|t:|1700036375\n|move|p2a: Hydreigon|Flash Cannon|p1a: Miraidon\n|-supereffective|p1a: Miraidon\n|-damage|p1a: Miraidon|0 fnt\n|faint|p1a: Miraidon\n|\n|-weather|Snow|[upkeep]\n|upkeep\n|\n|t:|1700036397\n|switch|p1a: Amoonguss|Amoonguss, F|100\/100\n|-damage|p1a: Amoonguss|88\/100|[from] Stealth Rock\n|turn|13\n|\n|t:|1700036406\n|move|p2a: Hydreigon|Flash Cannon|p1a: Amoonguss\n|-damage|p1a: Amoonguss|69\/100\n|move|p1a: Amoonguss|Spore|p2a: Hydreigon\n|-status|p2a: Hydreigon|slp|[from] move: Spore\n|\n|-weather|Snow|[upkeep]\n|-heal|p1a: Amoonguss|76\/100|[from] item: Leftovers\n|upkeep\n|turn|14\n|\n|t:|1700036413\n|cant|p2a: Hydreigon|slp\n|move|p1a: Amoonguss|Giga Drain|p2a: Hydreigon\n|-resisted|p2a: Hydreigon\n|-damage|p2a: Hydreigon|14\/100 slp\n|-heal|p1a: Amoonguss|81\/100|[from] drain|[of] p2a: Hydreigon\n|\n|-weather|none\n|-heal|p1a: Amoonguss|87\/100|[from] item: Leftovers\n|-fieldend|move: Electric Terrain\n|upkeep\n|turn|15\n|\n|t:|1700036419\n|-curestatus|p2a: Hydreigon|slp|[msg]\n|move|p2a: Hydreigon|Flash Cannon|p1a: Amoonguss\n|-damage|p1a: Amoonguss|69\/100\n|move|p1a: Amoonguss|Giga Drain|p2a: Hydreigon\n|-resisted|p2a: Hydreigon\n|-damage|p2a: Hydreigon|0 fnt\n|-heal|p1a: Amoonguss|75\/100|[from] drain|[of] p2a: Hydreigon\n|faint|p2a: Hydreigon\n|\n|-heal|p1a: Amoonguss|81\/100|[from] item: Leftovers\n|upkeep\n|-message|Sameasitneverwas forfeited.\n|\n|win|Jamelisgod\n|raw|Sameasitneverwas's rating: 1211 &rarr; <strong>1187<\/strong><br \/>(-24 for losing)\n|raw|Jamelisgod's rating: 1226 &rarr; <strong>1250<\/strong><br \/>(+24 for winning)\n|l|\u2606Sameasitneverwas\n","uploadtime":1700036440,"views":10,"p1id":"sameasitneverwas","p2id":"jamelisgod","formatid":"gen9anythinggoes","rating":1187,"private":0,"password":""}