{"id":"gen9anythinggoes-1985822779","p1":"gyratix","p2":"KRIII","format":"[Gen 9] Anything Goes","log":"|j|\u2606gyratix\n|j|\u2606KRIII\n|t:|1699409950\n|gametype|singles\n|player|p1|gyratix|1|\n|player|p2|KRIII|rood|\n|teamsize|p1|6\n|teamsize|p2|6\n|gen|9\n|tier|[Gen 9] Anything Goes\n|rule|HP Percentage Mod: HP is shown in percentages\n|rule|Endless Battle Clause: Forcing endless battles is banned\n|clearpoke\n|poke|p1|Sneasler, M|\n|poke|p1|Skeledirge, M|\n|poke|p1|Baxcalibur, M|\n|poke|p1|Azelf|\n|poke|p1|Ursaluna, F|\n|poke|p1|Scovillain, M|\n|poke|p2|Dragapult, M|\n|poke|p2|Qwilfish-Hisui, M|\n|poke|p2|Palafin, M|\n|poke|p2|Forretress, F|\n|poke|p2|Toedscruel, F|\n|poke|p2|Zangoose, F|\n|teampreview\n|\n|t:|1699409974\n|start\n|switch|p1a: Azelf|Azelf, shiny|100\/100\n|switch|p2a: Palafin|Palafin, M|100\/100\n|turn|1\n|\n|t:|1699409983\n|move|p1a: Azelf|Stealth Rock|p2a: Palafin\n|-sidestart|p2: KRIII|move: Stealth Rock\n|move|p2a: Palafin|Flip Turn|p1a: Azelf\n|-damage|p1a: Azelf|70\/100\n|\n|t:|1699409988\n|detailschange|p2a: Palafin|Palafin-Hero, M\n|switch|p2a: Forretress|Forretress, F|100\/100|[from] Flip Turn\n|-damage|p2a: Forretress|88\/100|[from] Stealth Rock\n|\n|-heal|p2a: Forretress|94\/100|[from] item: Leftovers\n|upkeep\n|turn|2\n|\n|t:|1699409998\n|move|p1a: Azelf|Psychic|p2a: Forretress\n|-resisted|p2a: Forretress\n|-damage|p2a: Forretress|63\/100\n|move|p2a: Forretress|Rapid Spin|p1a: Azelf\n|-damage|p1a: Azelf|55\/100\n|-boost|p2a: Forretress|spe|1\n|-sideend|p2: KRIII|Stealth Rock|[from] move: Rapid Spin|[of] p2a: Forretress\n|\n|-heal|p2a: Forretress|70\/100|[from] item: Leftovers\n|upkeep\n|turn|3\n|\n|t:|1699410014\n|move|p1a: Azelf|Encore|p2a: Forretress\n|-start|p2a: Forretress|Encore\n|move|p2a: Forretress|Rapid Spin|p1a: Azelf\n|-damage|p1a: Azelf|39\/100\n|-boost|p2a: Forretress|spe|1\n|\n|-heal|p2a: Forretress|76\/100|[from] item: Leftovers\n|upkeep\n|turn|4\n|\n|t:|1699410027\n|switch|p1a: Skeledirge|Skeledirge, M, shiny|100\/100\n|switch|p2a: Qwilfish|Qwilfish-Hisui, M|100\/100\n|-ability|p2a: Qwilfish|Intimidate|boost\n|-unboost|p1a: Skeledirge|atk|1\n|\n|upkeep\n|turn|5\n|\n|t:|1699410041\n|move|p1a: Skeledirge|Torch Song|p2a: Qwilfish\n|-damage|p2a: Qwilfish|63\/100\n|-boost|p1a: Skeledirge|spa|1\n|move|p2a: Qwilfish|Spikes|p1a: Skeledirge\n|-sidestart|p1: gyratix|Spikes\n|\n|upkeep\n|turn|6\n|\n|t:|1699410049\n|move|p1a: Skeledirge|Earth Power|p2a: Qwilfish\n|-supereffective|p2a: Qwilfish\n|-damage|p2a: Qwilfish|0 fnt\n|faint|p2a: Qwilfish\n|\n|upkeep\n|\n|t:|1699410054\n|switch|p2a: Palafin|Palafin-Hero, M|100\/100\n|-activate|p2a: Palafin|ability: Zero to Hero\n|turn|7\n|\n|t:|1699410073\n|switch|p1a: Azelf|Azelf, shiny|39\/100\n|move|p2a: Palafin|Wave Crash|p1a: Azelf\n|-damage|p1a: Azelf|0 fnt\n|faint|p1a: Azelf\n|-damage|p2a: Palafin|89\/100|[from] Recoil\n|\n|upkeep\n|\n|t:|1699410075\n|switch|p1a: Scovillain|Scovillain, M, shiny|100\/100\n|-damage|p1a: Scovillain|88\/100|[from] Spikes\n|turn|8\n|\n|t:|1699410090\n|move|p1a: Scovillain|Protect|p1a: Scovillain\n|-singleturn|p1a: Scovillain|Protect\n|move|p2a: Palafin|Flip Turn|p1a: Scovillain\n|-activate|p1a: Scovillain|move: Protect\n|\n|-heal|p1a: Scovillain|94\/100|[from] item: Leftovers\n|-ability|p1a: Scovillain|Moody|boost\n|-boost|p1a: Scovillain|spa|2\n|-unboost|p1a: Scovillain|spd|1\n|upkeep\n|turn|9\n|\n|t:|1699410105\n|move|p2a: Palafin|Flip Turn|p1a: Scovillain\n|-damage|p1a: Scovillain|38\/100\n|\n|t:|1699410113\n|switch|p2a: Forretress|Forretress, F|76\/100|[from] Flip Turn\n|move|p1a: Scovillain|Substitute|p1a: Scovillain\n|-start|p1a: Scovillain|Substitute\n|-damage|p1a: Scovillain|13\/100\n|\n|-heal|p1a: Scovillain|19\/100|[from] item: Leftovers\n|-heal|p2a: Forretress|82\/100|[from] item: Leftovers\n|-ability|p1a: Scovillain|Moody|boost\n|-boost|p1a: Scovillain|spe|2\n|-unboost|p1a: Scovillain|atk|1\n|upkeep\n|turn|10\n|\n|t:|1699410128\n|move|p1a: Scovillain|Protect|p1a: Scovillain\n|-singleturn|p1a: Scovillain|Protect\n|move|p2a: Forretress|Stealth Rock|p1a: Scovillain\n|-sidestart|p1: gyratix|move: Stealth Rock\n|\n|-heal|p1a: Scovillain|25\/100|[from] item: Leftovers\n|-heal|p2a: Forretress|88\/100|[from] item: Leftovers\n|-ability|p1a: Scovillain|Moody|boost\n|-boost|p1a: Scovillain|spe|2\n|-unboost|p1a: Scovillain|atk|1\n|upkeep\n|turn|11\n|\n|t:|1699410140\n|move|p1a: Scovillain|Leech Seed|p2a: Forretress\n|-start|p2a: Forretress|move: Leech Seed\n|move|p2a: Forretress|Lunge|p1a: Scovillain\n|-end|p1a: Scovillain|Substitute\n|\n|-heal|p1a: Scovillain|31\/100|[from] item: Leftovers\n|-heal|p2a: Forretress|95\/100|[from] item: Leftovers\n|-damage|p2a: Forretress|82\/100|[from] Leech Seed|[of] p1a: Scovillain\n|-heal|p1a: Scovillain|44\/100|[silent]\n|-ability|p1a: Scovillain|Moody|boost\n|-boost|p1a: Scovillain|spd|2\n|-unboost|p1a: Scovillain|def|1\n|upkeep\n|turn|12\n|\n|t:|1699410155\n|switch|p2a: Toedscruel|Toedscruel, F|100\/100\n|move|p1a: Scovillain|Protect||[still]\n|-fail|p1a: Scovillain\n|\n|-heal|p1a: Scovillain|50\/100|[from] item: Leftovers\n|-ability|p1a: Scovillain|Moody|boost\n|-boost|p1a: Scovillain|def|2\n|-unboost|p1a: Scovillain|spd|1\n|upkeep\n|turn|13\n|\n|t:|1699410172\n|move|p1a: Scovillain|Protect|p1a: Scovillain\n|-singleturn|p1a: Scovillain|Protect\n|move|p2a: Toedscruel|Earth Power|p1a: Scovillain\n|-activate|p1a: Scovillain|move: Protect\n|\n|-heal|p1a: Scovillain|56\/100|[from] item: Leftovers\n|-ability|p1a: Scovillain|Moody|boost\n|-boost|p1a: Scovillain|spe|2\n|-unboost|p1a: Scovillain|atk|1\n|upkeep\n|turn|14\n|\n|t:|1699410188\n|move|p1a: Scovillain|Substitute|p1a: Scovillain\n|-start|p1a: Scovillain|Substitute\n|-damage|p1a: Scovillain|31\/100\n|move|p2a: Toedscruel|Knock Off|p1a: Scovillain\n|-crit|p1a: Scovillain\n|-end|p1a: Scovillain|Substitute\n|\n|-heal|p1a: Scovillain|37\/100|[from] item: Leftovers\n|-ability|p1a: Scovillain|Moody|boost\n|-boost|p1a: Scovillain|spd|2\n|-unboost|p1a: Scovillain|atk|1\n|upkeep\n|turn|15\n|\n|t:|1699410197\n|move|p1a: Scovillain|Protect|p1a: Scovillain\n|-singleturn|p1a: Scovillain|Protect\n|move|p2a: Toedscruel|Earth Power|p1a: Scovillain\n|-activate|p1a: Scovillain|move: Protect\n|\n|-heal|p1a: Scovillain|43\/100|[from] item: Leftovers\n|-ability|p1a: Scovillain|Moody|boost\n|-boost|p1a: Scovillain|spa|2\n|-unboost|p1a: Scovillain|spe|1\n|upkeep\n|turn|16\n|\n|t:|1699410207\n|move|p1a: Scovillain|Leech Seed|p2a: Toedscruel\n|-immune|p2a: Toedscruel\n|move|p2a: Toedscruel|Knock Off|p1a: Scovillain\n|-damage|p1a: Scovillain|28\/100\n|-enditem|p1a: Scovillain|Leftovers|[from] move: Knock Off|[of] p2a: Toedscruel\n|\n|-ability|p1a: Scovillain|Moody|boost\n|-boost|p1a: Scovillain|def|2\n|-unboost|p1a: Scovillain|spa|1\n|upkeep\n|turn|17\n|\n|t:|1699410216\n|move|p1a: Scovillain|Protect|p1a: Scovillain\n|-singleturn|p1a: Scovillain|Protect\n|move|p2a: Toedscruel|Knock Off|p1a: Scovillain\n|-activate|p1a: Scovillain|move: Protect\n|\n|-ability|p1a: Scovillain|Moody|boost\n|-boost|p1a: Scovillain|spd|2\n|-unboost|p1a: Scovillain|atk|1\n|upkeep\n|turn|18\n|\n|t:|1699410233\n|move|p1a: Scovillain|Giga Drain|p2a: Toedscruel\n|-damage|p2a: Toedscruel|64\/100\n|-heal|p1a: Scovillain|48\/100|[from] drain|[of] p2a: Toedscruel\n|move|p2a: Toedscruel|Earth Power|p1a: Scovillain\n|-damage|p1a: Scovillain|30\/100\n|\n|-ability|p1a: Scovillain|Moody|boost\n|-boost|p1a: Scovillain|spd|2\n|-unboost|p1a: Scovillain|def|1\n|upkeep\n|turn|19\n|\n|t:|1699410244\n|move|p1a: Scovillain|Giga Drain|p2a: Toedscruel\n|-damage|p2a: Toedscruel|26\/100\n|-heal|p1a: Scovillain|50\/100|[from] drain|[of] p2a: Toedscruel\n|move|p2a: Toedscruel|Giga Drain|p1a: Scovillain\n|-resisted|p1a: Scovillain\n|-damage|p1a: Scovillain|47\/100\n|-heal|p2a: Toedscruel|27\/100|[from] drain|[of] p1a: Scovillain\n|\n|-ability|p1a: Scovillain|Moody|boost\n|-boost|p1a: Scovillain|atk|2\n|-unboost|p1a: Scovillain|def|1\n|upkeep\n|turn|20\n|\n|t:|1699410257\n|move|p1a: Scovillain|Giga Drain|p2a: Toedscruel\n|-damage|p2a: Toedscruel|0 fnt\n|-heal|p1a: Scovillain|62\/100|[from] drain|[of] p2a: Toedscruel\n|faint|p2a: Toedscruel\n|\n|-ability|p1a: Scovillain|Moody|boost\n|-boost|p1a: Scovillain|spa|2\n|-unboost|p1a: Scovillain|spe|1\n|upkeep\n|\n|t:|1699410269\n|switch|p2a: Palafin|Palafin-Hero, M|89\/100\n|turn|21\n|\n|t:|1699410274\n|move|p1a: Scovillain|Giga Drain|p2a: Palafin\n|-supereffective|p2a: Palafin\n|-damage|p2a: Palafin|0 fnt\n|-heal|p1a: Scovillain|100\/100|[from] drain|[of] p2a: Palafin\n|faint|p2a: Palafin\n|\n|-ability|p1a: Scovillain|Moody|boost\n|-boost|p1a: Scovillain|spa|1\n|-unboost|p1a: Scovillain|spe|1\n|upkeep\n|\n|t:|1699410282\n|switch|p2a: Dragapult|Dragapult, M|100\/100\n|turn|22\n|\n|t:|1699410288\n|-terastallize|p2a: Dragapult|Dragon\n|move|p1a: Scovillain|Protect|p1a: Scovillain\n|-singleturn|p1a: Scovillain|Protect\n|move|p2a: Dragapult|Dragon Darts|p1a: Scovillain\n|-activate|p1a: Scovillain|move: Protect\n|\n|-ability|p1a: Scovillain|Moody|boost\n|-boost|p1a: Scovillain|atk|2\n|-unboost|p1a: Scovillain|spa|1\n|upkeep\n|turn|23\n|\n|t:|1699410298\n|move|p1a: Scovillain|Leech Seed|p2a: Dragapult\n|-start|p2a: Dragapult|move: Leech Seed\n|move|p2a: Dragapult|Dragon Darts|p1a: Scovillain\n|-damage|p1a: Scovillain|58\/100\n|-anim|p2a: Dragapult|Dragon Darts|p1a: Scovillain\n|-damage|p1a: Scovillain|14\/100\n|-damage|p2a: Dragapult|91\/100|[from] item: Life Orb\n|\n|-damage|p2a: Dragapult|78\/100|[from] Leech Seed|[of] p1a: Scovillain\n|-heal|p1a: Scovillain|26\/100|[silent]\n|-ability|p1a: Scovillain|Moody|boost\n|-boost|p1a: Scovillain|spa|1\n|-unboost|p1a: Scovillain|def|1\n|upkeep\n|turn|24\n|\n|t:|1699410309\n|move|p1a: Scovillain|Protect|p1a: Scovillain\n|-singleturn|p1a: Scovillain|Protect\n|move|p2a: Dragapult|Dragon Darts|p1a: Scovillain\n|-activate|p1a: Scovillain|move: Protect\n|\n|-damage|p2a: Dragapult|66\/100|[from] Leech Seed|[of] p1a: Scovillain\n|-heal|p1a: Scovillain|39\/100|[silent]\n|-ability|p1a: Scovillain|Moody|boost\n|-boost|p1a: Scovillain|atk|2\n|-unboost|p1a: Scovillain|spe|1\n|upkeep\n|turn|25\n|\n|t:|1699410321\n|move|p1a: Scovillain|Giga Drain|p2a: Dragapult\n|-resisted|p2a: Dragapult\n|-damage|p2a: Dragapult|0 fnt\n|-heal|p1a: Scovillain|71\/100|[from] drain|[of] p2a: Dragapult\n|faint|p2a: Dragapult\n|\n|-ability|p1a: Scovillain|Moody|boost\n|-boost|p1a: Scovillain|spe|2\n|-unboost|p1a: Scovillain|atk|1\n|upkeep\n|\n|t:|1699410330\n|switch|p2a: Forretress|Forretress, F|82\/100\n|turn|26\n|\n|t:|1699410336\n|move|p1a: Scovillain|Leech Seed|p2a: Forretress\n|-start|p2a: Forretress|move: Leech Seed\n|move|p2a: Forretress|Thunder Wave|p1a: Scovillain\n|-status|p1a: Scovillain|par\n|\n|-heal|p2a: Forretress|88\/100|[from] item: Leftovers\n|-damage|p2a: Forretress|76\/100|[from] Leech Seed|[of] p1a: Scovillain\n|-heal|p1a: Scovillain|84\/100 par|[silent]\n|-ability|p1a: Scovillain|Moody|boost\n|-boost|p1a: Scovillain|atk|2\n|-unboost|p1a: Scovillain|spe|1\n|upkeep\n|turn|27\n|\n|t:|1699410347\n|move|p1a: Scovillain|Protect|p1a: Scovillain\n|-singleturn|p1a: Scovillain|Protect\n|move|p2a: Forretress|Lunge|p1a: Scovillain\n|-activate|p1a: Scovillain|move: Protect\n|\n|-heal|p2a: Forretress|82\/100|[from] item: Leftovers\n|-damage|p2a: Forretress|70\/100|[from] Leech Seed|[of] p1a: Scovillain\n|-heal|p1a: Scovillain|97\/100 par|[silent]\n|-ability|p1a: Scovillain|Moody|boost\n|-boost|p1a: Scovillain|spe|2\n|-unboost|p1a: Scovillain|def|1\n|upkeep\n|turn|28\n|\n|t:|1699410357\n|move|p1a: Scovillain|Substitute|p1a: Scovillain\n|-start|p1a: Scovillain|Substitute\n|-damage|p1a: Scovillain|72\/100 par\n|move|p2a: Forretress|Lunge|p1a: Scovillain\n|-end|p1a: Scovillain|Substitute\n|\n|-heal|p2a: Forretress|76\/100|[from] item: Leftovers\n|-damage|p2a: Forretress|63\/100|[from] Leech Seed|[of] p1a: Scovillain\n|-heal|p1a: Scovillain|85\/100 par|[silent]\n|-ability|p1a: Scovillain|Moody|boost\n|-boost|p1a: Scovillain|def|2\n|-unboost|p1a: Scovillain|spa|1\n|upkeep\n|turn|29\n|\n|t:|1699410369\n|move|p1a: Scovillain|Giga Drain|p2a: Forretress\n|-resisted|p2a: Forretress\n|-damage|p2a: Forretress|26\/100\n|-heal|p1a: Scovillain|100\/100 par|[from] drain|[of] p2a: Forretress\n|move|p2a: Forretress|Lunge|p1a: Scovillain\n|-damage|p1a: Scovillain|78\/100 par\n|-unboost|p1a: Scovillain|atk|1\n|\n|-heal|p2a: Forretress|32\/100|[from] item: Leftovers\n|-damage|p2a: Forretress|20\/100|[from] Leech Seed|[of] p1a: Scovillain\n|-heal|p1a: Scovillain|91\/100 par|[silent]\n|-ability|p1a: Scovillain|Moody|boost\n|-boost|p1a: Scovillain|spa|1\n|-unboost|p1a: Scovillain|def|1\n|upkeep\n|turn|30\n|\n|t:|1699410382\n|move|p1a: Scovillain|Giga Drain|p2a: Forretress\n|-resisted|p2a: Forretress\n|-damage|p2a: Forretress|0 fnt\n|-heal|p1a: Scovillain|100\/100 par|[from] drain|[of] p2a: Forretress\n|faint|p2a: Forretress\n|\n|-ability|p1a: Scovillain|Moody|boost\n|-boost|p1a: Scovillain|atk|2\n|-unboost|p1a: Scovillain|spa|1\n|upkeep\n|\n|t:|1699410389\n|switch|p2a: Zangoose|Zangoose, F|100\/100\n|turn|31\n|\n|t:|1699410397\n|move|p1a: Scovillain|Giga Drain|p2a: Zangoose\n|-damage|p2a: Zangoose|0 fnt\n|faint|p2a: Zangoose\n|\n|win|gyratix\n|l|\u2606KRIII\n","uploadtime":1699410424,"views":20,"p1id":"gyratix","p2id":"kriii","formatid":"gen9anythinggoes","rating":0,"private":0,"password":""}