{"id":"gen9anythinggoes-1976888789","p1":"Albion11","p2":"The Duper","format":"[Gen 9] Anything Goes","log":"|j|\u2606Albion11\n|j|\u203dThe Duper\n|t:|1698349692\n|gametype|singles\n|player|p1|Albion11|265|1028\n|player|p2|The Duper|veteran|1063\n|teamsize|p1|6\n|teamsize|p2|6\n|gen|9\n|tier|[Gen 9] Anything Goes\n|rated|\n|rule|HP Percentage Mod: HP is shown in percentages\n|rule|Endless Battle Clause: Forcing endless battles is banned\n|clearpoke\n|poke|p1|Rayquaza|\n|poke|p1|Miraidon|\n|poke|p1|Koraidon|\n|poke|p1|Groudon|\n|poke|p1|Kyogre|\n|poke|p1|Mewtwo|\n|poke|p2|Torterra, F|\n|poke|p2|Chandelure, F|\n|poke|p2|Ursaluna, M|\n|poke|p2|Ursaluna-Bloodmoon, M|\n|poke|p2|Basculegion, M|\n|poke|p2|Orthworm, M|\n|teampreview\n|c|\u2606Albion11|hi\n|\n|t:|1698349707\n|start\n|switch|p1a: Rayquaza|Rayquaza|100\/100\n|switch|p2a: Chandelure|Chandelure, F|100\/100\n|-ability|p1a: Rayquaza|Air Lock\n|turn|1\n|\n|t:|1698349718\n|switch|p2a: Torterra|Torterra, F|100\/100\n|switch|p1a: Kyogre|Kyogre, shiny|100\/100\n|-weather|RainDance|[from] ability: Drizzle|[of] p1a: Kyogre\n|\n|-weather|RainDance|[upkeep]\n|upkeep\n|turn|2\n|\n|t:|1698349727\n|switch|p1a: Groudon|Groudon, shiny|100\/100\n|-weather|SunnyDay|[from] ability: Drought|[of] p1a: Groudon\n|move|p2a: Torterra|Sand Tomb|p1a: Groudon\n|-damage|p1a: Groudon|91\/100\n|-activate|p1a: Groudon|move: Sand Tomb|[of] p2a: Torterra\n|\n|-weather|SunnyDay|[upkeep]\n|-heal|p1a: Groudon|98\/100|[from] item: Leftovers\n|-damage|p1a: Groudon|85\/100|[from] move: Sand Tomb|[partiallytrapped]\n|upkeep\n|turn|3\n|\n|t:|1698349738\n|move|p1a: Groudon|Eruption|p2a: Torterra\n|-supereffective|p2a: Torterra\n|-damage|p2a: Torterra|12\/100\n|move|p2a: Torterra|Leech Seed|p1a: Groudon\n|-start|p1a: Groudon|move: Leech Seed\n|\n|-weather|SunnyDay|[upkeep]\n|-heal|p1a: Groudon|91\/100|[from] item: Leftovers\n|-damage|p1a: Groudon|79\/100|[from] Leech Seed|[of] p2a: Torterra\n|-heal|p2a: Torterra|24\/100|[silent]\n|-damage|p1a: Groudon|67\/100|[from] move: Sand Tomb|[partiallytrapped]\n|upkeep\n|turn|4\n|\n|t:|1698349767\n|move|p1a: Groudon|Eruption|p2a: Torterra\n|-supereffective|p2a: Torterra\n|-damage|p2a: Torterra|0 fnt\n|faint|p2a: Torterra\n|\n|-weather|SunnyDay|[upkeep]\n|-heal|p1a: Groudon|73\/100|[from] item: Leftovers\n|-end|p1a: Groudon|Sand Tomb|[partiallytrapped]|[silent]\n|upkeep\n|\n|t:|1698349776\n|switch|p2a: Chandelure|Chandelure, F|100\/100\n|turn|5\n|\n|t:|1698349782\n|switch|p1a: Kyogre|Kyogre, shiny|100\/100\n|-weather|RainDance|[from] ability: Drizzle|[of] p1a: Kyogre\n|-terastallize|p2a: Chandelure|Grass\n|move|p2a: Chandelure|Energy Ball|p1a: Kyogre\n|-supereffective|p1a: Kyogre\n|-damage|p1a: Kyogre|29\/100\n|\n|-weather|RainDance|[upkeep]\n|-heal|p1a: Kyogre|36\/100|[from] item: Leftovers\n|upkeep\n|turn|6\n|\n|t:|1698349793\n|switch|p1a: Koraidon|Koraidon|100\/100\n|-weather|SunnyDay|[from] ability: Orichalcum Pulse|[of] p1a: Koraidon\n|-activate|p1a: Koraidon|Orichalcum Pulse|[source]\n|move|p2a: Chandelure|Energy Ball|p1a: Koraidon\n|-resisted|p1a: Koraidon\n|-damage|p1a: Koraidon|78\/100\n|\n|-weather|SunnyDay|[upkeep]\n|upkeep\n|turn|7\n|\n|t:|1698349803\n|switch|p2a: Basculegion|Basculegion, M|100\/100\n|move|p1a: Koraidon|Fire Blast|p2a: Basculegion\n|-resisted|p2a: Basculegion\n|-damage|p2a: Basculegion|82\/100\n|\n|-weather|SunnyDay|[upkeep]\n|upkeep\n|turn|8\n|\n|t:|1698349824\n|switch|p2a: Orthworm|Orthworm, M|100\/100\n|switch|p1a: Miraidon|Miraidon|100\/100\n|-fieldstart|move: Electric Terrain|[from] ability: Hadron Engine|[of] p1a: Miraidon\n|\n|-weather|SunnyDay|[upkeep]\n|upkeep\n|turn|9\n|\n|t:|1698349840\n|move|p1a: Miraidon|Overheat|p2a: Orthworm\n|-supereffective|p2a: Orthworm\n|-crit|p2a: Orthworm\n|-damage|p2a: Orthworm|0 fnt\n|-unboost|p1a: Miraidon|spa|2\n|faint|p2a: Orthworm\n|\n|-weather|SunnyDay|[upkeep]\n|upkeep\n|\n|t:|1698349848\n|switch|p2a: Ursaluna|Ursaluna, M|100\/100\n|turn|10\n|\n|t:|1698349858\n|move|p1a: Miraidon|Electro Drift|p2a: Ursaluna\n|-immune|p2a: Ursaluna\n|move|p2a: Ursaluna|Drain Punch|p1a: Miraidon\n|-damage|p1a: Miraidon|74\/100\n|\n|-weather|none\n|-status|p2a: Ursaluna|brn|[from] item: Flame Orb\n|upkeep\n|turn|11\n|\n|t:|1698349872\n|move|p1a: Miraidon|Draco Meteor|p2a: Ursaluna\n|-damage|p2a: Ursaluna|67\/100 brn\n|-unboost|p1a: Miraidon|spa|2\n|move|p2a: Ursaluna|Headlong Rush|p1a: Miraidon\n|-supereffective|p1a: Miraidon\n|-damage|p1a: Miraidon|0 fnt\n|-unboost|p2a: Ursaluna|def|1\n|-unboost|p2a: Ursaluna|spd|1\n|faint|p1a: Miraidon\n|\n|-damage|p2a: Ursaluna|61\/100 brn|[from] brn\n|upkeep\n|c|\u2606Albion11|wow\n|\n|t:|1698349900\n|switch|p1a: Kyogre|Kyogre, shiny|36\/100\n|-weather|RainDance|[from] ability: Drizzle|[of] p1a: Kyogre\n|turn|12\n|\n|t:|1698349915\n|move|p1a: Kyogre|Origin Pulse|p2a: Ursaluna\n|-supereffective|p2a: Ursaluna\n|-damage|p2a: Ursaluna|0 fnt\n|faint|p2a: Ursaluna\n|\n|-weather|RainDance|[upkeep]\n|-heal|p1a: Kyogre|42\/100|[from] item: Leftovers\n|-fieldend|move: Electric Terrain\n|upkeep\n|\n|t:|1698349924\n|switch|p2a: Chandelure|Chandelure, F, tera:Grass|100\/100\n|turn|13\n|\n|t:|1698349930\n|switch|p1a: Koraidon|Koraidon|78\/100\n|-weather|SunnyDay|[from] ability: Orichalcum Pulse|[of] p1a: Koraidon\n|-activate|p1a: Koraidon|Orichalcum Pulse|[source]\n|move|p2a: Chandelure|Energy Ball|p1a: Koraidon\n|-resisted|p1a: Koraidon\n|-damage|p1a: Koraidon|56\/100\n|\n|-weather|SunnyDay|[upkeep]\n|upkeep\n|turn|14\n|\n|t:|1698349941\n|switch|p2a: Basculegion|Basculegion, M|82\/100\n|move|p1a: Koraidon|Fire Blast|p2a: Basculegion\n|-resisted|p2a: Basculegion\n|-damage|p2a: Basculegion|64\/100\n|\n|-weather|SunnyDay|[upkeep]\n|upkeep\n|turn|15\n|\n|t:|1698349951\n|switch|p1a: Groudon|Groudon, shiny|73\/100\n|move|p2a: Basculegion|Last Respects|p1a: Groudon\n|-damage|p1a: Groudon|0 fnt\n|faint|p1a: Groudon\n|\n|-weather|SunnyDay|[upkeep]\n|upkeep\n|\n|t:|1698349963\n|switch|p1a: Rayquaza|Rayquaza|100\/100\n|-ability|p1a: Rayquaza|Air Lock\n|turn|16\n|\n|t:|1698349969\n|move|p2a: Basculegion|Last Respects|p1a: Rayquaza\n|-damage|p1a: Rayquaza|0 fnt\n|faint|p1a: Rayquaza\n|\n|-weather|SunnyDay|[upkeep]\n|upkeep\n|\n|t:|1698349975\n|switch|p1a: Koraidon|Koraidon|56\/100\n|-activate|p1a: Koraidon|ability: Orichalcum Pulse\n|turn|17\n|c|\u2606Albion11|whaaaaaaaattttt\n|\n|t:|1698349994\n|move|p2a: Basculegion|Last Respects|p1a: Koraidon\n|-damage|p1a: Koraidon|0 fnt\n|faint|p1a: Koraidon\n|\n|-weather|none\n|upkeep\n|\n|t:|1698350006\n|switch|p1a: Kyogre|Kyogre, shiny|42\/100\n|-weather|RainDance|[from] ability: Drizzle|[of] p1a: Kyogre\n|turn|18\n|\n|t:|1698350013\n|move|p2a: Basculegion|Last Respects|p1a: Kyogre\n|-damage|p1a: Kyogre|0 fnt\n|faint|p1a: Kyogre\n|\n|-weather|RainDance|[upkeep]\n|upkeep\n|\n|t:|1698350019\n|switch|p1a: Mewtwo|Mewtwo|100\/100\n|-ability|p1a: Mewtwo|Unnerve\n|turn|19\n|c|\u2606Albion11|how\n|\n|t:|1698350029\n|move|p2a: Basculegion|Last Respects|p1a: Mewtwo\n|-supereffective|p1a: Mewtwo\n|-damage|p1a: Mewtwo|0 fnt\n|faint|p1a: Mewtwo\n|\n|win|The Duper\n|raw|Albion11's rating: 1028 &rarr; <strong>1015<\/strong><br \/>(-13 for losing)\n|raw|The Duper's rating: 1063 &rarr; <strong>1090<\/strong><br \/>(+27 for winning)\n|l|\u2606Albion11\n","uploadtime":1698350039,"views":12,"p1id":"albion11","p2id":"theduper","formatid":"gen9anythinggoes","rating":1015,"private":0,"password":""}