{"id":"gen9anythinggoes-1987564808","p1":"ilovefairytypes11","p2":"pokejasper","format":"[Gen 9] Anything Goes","log":"|j|\u2606ilovefairytypes11\n|j|\u2606pokejasper\n|t:|1699612819\n|gametype|singles\n|player|p1|ilovefairytypes11|caitlin|1136\n|player|p2|pokejasper|hilbert|1000\n|teamsize|p1|6\n|teamsize|p2|6\n|gen|9\n|tier|[Gen 9] Anything Goes\n|rated|\n|rule|HP Percentage Mod: HP is shown in percentages\n|rule|Endless Battle Clause: Forcing endless battles is banned\n|clearpoke\n|poke|p1|Shaymin|\n|poke|p1|Zoroark, F|\n|poke|p1|Jirachi|\n|poke|p1|Ribombee, F|\n|poke|p1|Salazzle, F|\n|poke|p1|Jolteon, F|\n|poke|p2|Clodsire, M|\n|poke|p2|Jirachi|\n|poke|p2|Dudunsparce-*, F|\n|poke|p2|Volbeat, M|\n|poke|p2|Kyogre|\n|poke|p2|Salamence, F|\n|teampreview\n|c|\u2606ilovefairytypes11|glhf\n|\n|t:|1699612834\n|start\n|switch|p1a: shaymn|Ribombee, F|100\/100\n|switch|p2a: Clodsire|Clodsire, M|100\/100\n|turn|1\n|\n|t:|1699612843\n|move|p1a: shaymn|Sticky Web|p2a: Clodsire\n|-sidestart|p2: pokejasper|move: Sticky Web\n|move|p2a: Clodsire|Stealth Rock|p1a: shaymn\n|-sidestart|p1: ilovefairytypes11|move: Stealth Rock\n|\n|upkeep\n|turn|2\n|\n|t:|1699612851\n|switch|p1a: shaymn|Salazzle, F, shiny|100\/100\n|-damage|p1a: shaymn|76\/100|[from] Stealth Rock\n|move|p2a: Clodsire|Spikes|p1a: shaymn\n|-sidestart|p1: ilovefairytypes11|Spikes\n|\n|upkeep\n|turn|3\n|\n|t:|1699612857\n|move|p1a: shaymn|Fake Out|p2a: Clodsire\n|-damage|p2a: Clodsire|95\/100\n|cant|p2a: Clodsire|flinch\n|\n|-heal|p2a: Clodsire|100\/100|[from] item: Leftovers\n|upkeep\n|turn|4\n|\n|t:|1699612860\n|move|p1a: shaymn|Toxic Spikes|p2a: Clodsire\n|-sidestart|p2: pokejasper|move: Toxic Spikes\n|move|p2a: Clodsire|Spikes|p1a: shaymn\n|-sidestart|p1: ilovefairytypes11|Spikes\n|\n|upkeep\n|turn|5\n|\n|t:|1699612865\n|move|p1a: shaymn|Toxic Spikes|p2a: Clodsire\n|-sidestart|p2: pokejasper|move: Toxic Spikes\n|move|p2a: Clodsire|Spikes|p1a: shaymn\n|-sidestart|p1: ilovefairytypes11|Spikes\n|\n|upkeep\n|turn|6\n|\n|t:|1699612874\n|switch|p1a: shaymn|Jirachi|100\/100\n|-damage|p1a: shaymn|94\/100|[from] Stealth Rock\n|-damage|p1a: shaymn|69\/100|[from] Spikes\n|move|p2a: Clodsire|Toxic Spikes|p1a: shaymn\n|-sidestart|p1: ilovefairytypes11|move: Toxic Spikes\n|\n|upkeep\n|turn|7\n|\n|t:|1699612883\n|move|p1a: shaymn|Wish|p1a: shaymn\n|move|p2a: Clodsire|Toxic Spikes|p1a: shaymn\n|-sidestart|p1: ilovefairytypes11|move: Toxic Spikes\n|\n|upkeep\n|turn|8\n|\n|t:|1699612887\n|switch|p2a: Jirachi|Jirachi|100\/100\n|-activate|p2a: Jirachi|move: Sticky Web\n|-unboost|p2a: Jirachi|spe|1\n|move|p1a: shaymn|Iron Defense|p1a: shaymn\n|-boost|p1a: shaymn|def|2\n|\n|-heal|p1a: shaymn|100\/100|[from] move: Wish|[wisher] shaymn\n|upkeep\n|turn|9\n|\n|t:|1699612893\n|move|p1a: shaymn|Calm Mind|p1a: shaymn\n|-boost|p1a: shaymn|spa|1\n|-boost|p1a: shaymn|spd|1\n|move|p2a: Jirachi|Cosmic Power|p2a: Jirachi\n|-boost|p2a: Jirachi|def|1\n|-boost|p2a: Jirachi|spd|1\n|\n|upkeep\n|turn|10\n|\n|t:|1699612898\n|move|p1a: shaymn|Calm Mind|p1a: shaymn\n|-boost|p1a: shaymn|spa|1\n|-boost|p1a: shaymn|spd|1\n|move|p2a: Jirachi|Cosmic Power|p2a: Jirachi\n|-boost|p2a: Jirachi|def|1\n|-boost|p2a: Jirachi|spd|1\n|\n|upkeep\n|turn|11\n|\n|t:|1699612907\n|move|p1a: shaymn|Calm Mind|p1a: shaymn\n|-boost|p1a: shaymn|spa|1\n|-boost|p1a: shaymn|spd|1\n|move|p2a: Jirachi|Cosmic Power|p2a: Jirachi\n|-boost|p2a: Jirachi|def|1\n|-boost|p2a: Jirachi|spd|1\n|\n|upkeep\n|turn|12\n|\n|t:|1699612913\n|move|p1a: shaymn|Iron Defense|p1a: shaymn\n|-boost|p1a: shaymn|def|2\n|move|p2a: Jirachi|Cosmic Power|p2a: Jirachi\n|-boost|p2a: Jirachi|def|1\n|-boost|p2a: Jirachi|spd|1\n|\n|upkeep\n|turn|13\n|\n|t:|1699612919\n|move|p1a: shaymn|Calm Mind|p1a: shaymn\n|-boost|p1a: shaymn|spa|1\n|-boost|p1a: shaymn|spd|1\n|move|p2a: Jirachi|Cosmic Power|p2a: Jirachi\n|-boost|p2a: Jirachi|def|1\n|-boost|p2a: Jirachi|spd|1\n|\n|upkeep\n|turn|14\n|\n|t:|1699612925\n|move|p1a: shaymn|Calm Mind|p1a: shaymn\n|-boost|p1a: shaymn|spa|1\n|-boost|p1a: shaymn|spd|1\n|move|p2a: Jirachi|Cosmic Power|p2a: Jirachi\n|-boost|p2a: Jirachi|def|1\n|-boost|p2a: Jirachi|spd|1\n|\n|upkeep\n|turn|15\n|\n|t:|1699612934\n|move|p1a: shaymn|Calm Mind|p1a: shaymn\n|-boost|p1a: shaymn|spa|1\n|-boost|p1a: shaymn|spd|1\n|move|p2a: Jirachi|Baton Pass|p2a: Jirachi\n|\n|t:|1699612945\n|switch|p2a: Volbeat|Volbeat, M|100\/100|[from] Baton Pass\n|-activate|p2a: Volbeat|move: Sticky Web\n|-unboost|p2a: Volbeat|spe|1\n|-status|p2a: Volbeat|tox\n|\n|-damage|p2a: Volbeat|94\/100 tox|[from] psn\n|upkeep\n|turn|16\n|\n|t:|1699612952\n|move|p2a: Volbeat|Double Team|p2a: Volbeat\n|-boost|p2a: Volbeat|evasion|1\n|move|p1a: shaymn|Baton Pass|p1a: shaymn\n|\n|t:|1699612959\n|switch|p1a: pikachu|Jolteon, F, shiny|100\/100|[from] Baton Pass\n|-damage|p1a: pikachu|88\/100|[from] Stealth Rock\n|-damage|p1a: pikachu|64\/100|[from] Spikes\n|-status|p1a: pikachu|tox\n|\n|-heal|p2a: Volbeat|100\/100 tox|[from] item: Leftovers\n|-damage|p1a: pikachu|58\/100 tox|[from] psn\n|-damage|p2a: Volbeat|88\/100 tox|[from] psn\n|upkeep\n|turn|17\n|\n|t:|1699612965\n|move|p2a: Volbeat|Double Team|p2a: Volbeat\n|-boost|p2a: Volbeat|evasion|1\n|move|p1a: pikachu|Roar|p2a: Volbeat\n|drag|p2a: Kyogre|Kyogre|100\/100\n|-weather|RainDance|[from] ability: Drizzle|[of] p2a: Kyogre\n|\n|-weather|RainDance|[upkeep]\n|-damage|p1a: pikachu|46\/100 tox|[from] psn\n|upkeep\n|turn|18\n|\n|t:|1699612990\n|move|p1a: pikachu|Thunderbolt|p2a: Kyogre\n|-supereffective|p2a: Kyogre\n|-damage|p2a: Kyogre|0 fnt\n|faint|p2a: Kyogre\n|\n|-weather|RainDance|[upkeep]\n|-damage|p1a: pikachu|28\/100 tox|[from] psn\n|upkeep\n|\n|t:|1699612998\n|switch|p2a: Jirachi|Jirachi|100\/100\n|-activate|p2a: Jirachi|move: Sticky Web\n|-unboost|p2a: Jirachi|spe|1\n|turn|19\n|\n|t:|1699613003\n|move|p2a: Jirachi|Protect|p2a: Jirachi\n|-singleturn|p2a: Jirachi|Protect\n|move|p1a: pikachu|Shadow Ball|p2a: Jirachi\n|-activate|p2a: Jirachi|move: Protect\n|\n|-weather|RainDance|[upkeep]\n|-damage|p1a: pikachu|5\/100 tox|[from] psn\n|upkeep\n|turn|20\n|\n|t:|1699613010\n|switch|p2a: Clodsire|Clodsire, M|100\/100\n|-activate|p2a: Clodsire|move: Sticky Web\n|-unboost|p2a: Clodsire|spe|1\n|-sideend|p2: pokejasper|move: Toxic Spikes|[of] p2a: Clodsire\n|move|p1a: pikachu|Shadow Ball|p2a: Clodsire\n|-damage|p2a: Clodsire|85\/100\n|-unboost|p2a: Clodsire|spd|1\n|\n|-weather|RainDance|[upkeep]\n|-heal|p2a: Clodsire|91\/100|[from] item: Leftovers\n|-damage|p1a: pikachu|0 fnt|[from] psn\n|faint|p1a: pikachu\n|upkeep\n|\n|t:|1699613019\n|switch|p1a: shaymn|Jirachi|100\/100\n|-damage|p1a: shaymn|94\/100|[from] Stealth Rock\n|-damage|p1a: shaymn|69\/100|[from] Spikes\n|turn|21\n|\n|t:|1699613028\n|switch|p2a: Jirachi|Jirachi|100\/100\n|-activate|p2a: Jirachi|move: Sticky Web\n|-unboost|p2a: Jirachi|spe|1\n|move|p1a: shaymn|Wish|p1a: shaymn\n|\n|-weather|none\n|upkeep\n|turn|22\n|\n|t:|1699613038\n|move|p1a: shaymn|Calm Mind|p1a: shaymn\n|-boost|p1a: shaymn|spa|1\n|-boost|p1a: shaymn|spd|1\n|move|p2a: Jirachi|Cosmic Power|p2a: Jirachi\n|-boost|p2a: Jirachi|def|1\n|-boost|p2a: Jirachi|spd|1\n|\n|-heal|p1a: shaymn|100\/100|[from] move: Wish|[wisher] shaymn\n|upkeep\n|turn|23\n|\n|t:|1699613043\n|move|p1a: shaymn|Calm Mind|p1a: shaymn\n|-boost|p1a: shaymn|spa|1\n|-boost|p1a: shaymn|spd|1\n|move|p2a: Jirachi|Cosmic Power|p2a: Jirachi\n|-boost|p2a: Jirachi|def|1\n|-boost|p2a: Jirachi|spd|1\n|\n|upkeep\n|turn|24\n|\n|t:|1699613049\n|move|p1a: shaymn|Calm Mind|p1a: shaymn\n|-boost|p1a: shaymn|spa|1\n|-boost|p1a: shaymn|spd|1\n|move|p2a: Jirachi|Cosmic Power|p2a: Jirachi\n|-boost|p2a: Jirachi|def|1\n|-boost|p2a: Jirachi|spd|1\n|\n|upkeep\n|turn|25\n|\n|t:|1699613054\n|move|p1a: shaymn|Calm Mind|p1a: shaymn\n|-boost|p1a: shaymn|spa|1\n|-boost|p1a: shaymn|spd|1\n|move|p2a: Jirachi|Cosmic Power|p2a: Jirachi\n|-boost|p2a: Jirachi|def|1\n|-boost|p2a: Jirachi|spd|1\n|\n|upkeep\n|turn|26\n|\n|t:|1699613059\n|move|p1a: shaymn|Baton Pass|p1a: shaymn\n|\n|t:|1699613062\n|switch|p1a: shaymn|Salazzle, F, shiny|100\/100|[from] Baton Pass\n|-damage|p1a: shaymn|88\/100|[from] Stealth Rock\n|-damage|p1a: shaymn|63\/100|[from] Spikes\n|-status|p1a: shaymn|tox\n|move|p2a: Jirachi|Cosmic Power|p2a: Jirachi\n|-boost|p2a: Jirachi|def|1\n|-boost|p2a: Jirachi|spd|1\n|\n|-damage|p1a: shaymn|57\/100 tox|[from] psn\n|upkeep\n|turn|27\n|\n|t:|1699613093\n|move|p2a: Jirachi|Protect|p2a: Jirachi\n|-singleturn|p2a: Jirachi|Protect\n|move|p1a: shaymn|Taunt|p2a: Jirachi\n|-activate|p2a: Jirachi|move: Protect\n|\n|-damage|p1a: shaymn|45\/100 tox|[from] psn\n|upkeep\n|turn|28\n|c|\u2606ilovefairytypes11|yeah you can already tell its a zoroark lmao\n|\n|t:|1699613112\n|move|p1a: shaymn|Taunt|p2a: Jirachi\n|-start|p2a: Jirachi|move: Taunt\n|cant|p2a: Jirachi|move: Taunt|Cosmic Power\n|\n|-damage|p1a: shaymn|27\/100 tox|[from] psn\n|upkeep\n|turn|29\n|c|\u2606pokejasper|pretty much at the start. It got poisoned\n|c|\u2606ilovefairytypes11|yeup\n|\n|t:|1699613132\n|move|p1a: shaymn|Knock Off|p2a: Jirachi\n|-supereffective|p2a: Jirachi\n|-damage|p2a: Jirachi|79\/100\n|-enditem|p2a: Jirachi|Leftovers|[from] move: Knock Off|[of] p1a: shaymn\n|-activate|p2a: Jirachi|move: Struggle\n|move|p2a: Jirachi|Struggle|p1a: shaymn\n|-damage|p1a: shaymn|9\/100 tox\n|replace|p1a: shaymn|Zoroark, F, shiny\n|-end|p1a: shaymn|Illusion\n|-damage|p2a: Jirachi|54\/100|[from] recoil\n|\n|-damage|p1a: shaymn|0 fnt|[from] psn\n|faint|p1a: shaymn\n|upkeep\n|\n|t:|1699613138\n|switch|p1a: shaymn|Jirachi|100\/100\n|-damage|p1a: shaymn|94\/100|[from] Stealth Rock\n|-damage|p1a: shaymn|69\/100|[from] Spikes\n|turn|30\n|\n|t:|1699613145\n|move|p1a: shaymn|Calm Mind|p1a: shaymn\n|-boost|p1a: shaymn|spa|1\n|-boost|p1a: shaymn|spd|1\n|-activate|p2a: Jirachi|move: Struggle\n|move|p2a: Jirachi|Struggle|p1a: shaymn\n|-damage|p1a: shaymn|62\/100\n|-damage|p2a: Jirachi|37\/100|[from] item: Rocky Helmet|[of] p1a: shaymn\n|-damage|p2a: Jirachi|12\/100|[from] recoil\n|\n|-end|p2a: Jirachi|move: Taunt\n|upkeep\n|turn|31\n|c|\u2606ilovefairytypes11|me when da jirachi is struggle\n|\n|t:|1699613158\n|move|p1a: shaymn|Baton Pass|p1a: shaymn\n|\n|t:|1699613160\n|switch|p1a: shaymn|Salazzle, F, shiny|76\/100|[from] Baton Pass\n|-damage|p1a: shaymn|51\/100|[from] Stealth Rock\n|-damage|p1a: shaymn|26\/100|[from] Spikes\n|-sideend|p1: ilovefairytypes11|move: Toxic Spikes|[of] p1a: shaymn\n|move|p2a: Jirachi|Wish|p2a: Jirachi\n|\n|upkeep\n|turn|32\n|c|\u2606pokejasper|sad\n|\n|t:|1699613167\n|move|p2a: Jirachi|Protect|p2a: Jirachi\n|-singleturn|p2a: Jirachi|Protect\n|move|p1a: shaymn|Flamethrower|p2a: Jirachi\n|-activate|p2a: Jirachi|move: Protect\n|\n|-heal|p2a: Jirachi|62\/100|[from] move: Wish|[wisher] Jirachi\n|upkeep\n|turn|33\n|\n|t:|1699613177\n|move|p1a: shaymn|Flamethrower|p2a: Jirachi\n|-supereffective|p2a: Jirachi\n|-damage|p2a: Jirachi|35\/100\n|-status|p2a: Jirachi|brn\n|move|p2a: Jirachi|Wish|p2a: Jirachi\n|\n|-damage|p2a: Jirachi|29\/100 brn|[from] brn\n|upkeep\n|turn|34\n|\n|t:|1699613191\n|switch|p1a: shaymn|Shaymin|100\/100\n|-damage|p1a: shaymn|88\/100|[from] Stealth Rock\n|-damage|p1a: shaymn|63\/100|[from] Spikes\n|move|p2a: Jirachi|Protect||[still]\n|-fail|p2a: Jirachi\n|\n|-heal|p2a: Jirachi|79\/100 brn|[from] move: Wish|[wisher] Jirachi\n|-heal|p1a: shaymn|69\/100|[from] item: Leftovers\n|-damage|p2a: Jirachi|73\/100 brn|[from] brn\n|upkeep\n|turn|35\n|\n|t:|1699613200\n|move|p1a: shaymn|Leech Seed|p2a: Jirachi\n|-start|p2a: Jirachi|move: Leech Seed\n|move|p2a: Jirachi|Baton Pass|p2a: Jirachi\n|\n|t:|1699613213\n|switch|p2a: Dudunsparce|Dudunsparce-Three-Segment, F|100\/100|[from] Baton Pass\n|-activate|p2a: Dudunsparce|move: Sticky Web\n|-unboost|p2a: Dudunsparce|spe|1\n|\n|-heal|p1a: shaymn|76\/100|[from] item: Leftovers\n|-damage|p2a: Dudunsparce|88\/100|[from] Leech Seed|[of] p1a: shaymn\n|-heal|p1a: shaymn|90\/100|[silent]\n|upkeep\n|turn|36\n|\n|t:|1699613222\n|move|p1a: shaymn|Substitute|p1a: shaymn\n|-start|p1a: shaymn|Substitute\n|-damage|p1a: shaymn|65\/100\n|move|p2a: Dudunsparce|Agility|p2a: Dudunsparce\n|-boost|p2a: Dudunsparce|spe|2\n|\n|-heal|p1a: shaymn|71\/100|[from] item: Leftovers\n|-heal|p2a: Dudunsparce|94\/100|[from] item: Leftovers\n|-damage|p2a: Dudunsparce|82\/100|[from] Leech Seed|[of] p1a: shaymn\n|-heal|p1a: shaymn|86\/100|[silent]\n|upkeep\n|turn|37\n|\n|t:|1699613231\n|move|p1a: shaymn|Giga Drain|p2a: Dudunsparce\n|-damage|p2a: Dudunsparce|76\/100\n|-heal|p1a: shaymn|89\/100|[from] drain|[of] p2a: Dudunsparce\n|move|p2a: Dudunsparce|Agility|p2a: Dudunsparce\n|-boost|p2a: Dudunsparce|spe|2\n|\n|-heal|p2a: Dudunsparce|82\/100|[from] item: Leftovers\n|-heal|p1a: shaymn|95\/100|[from] item: Leftovers\n|-damage|p2a: Dudunsparce|70\/100|[from] Leech Seed|[of] p1a: shaymn\n|-heal|p1a: shaymn|100\/100|[silent]\n|upkeep\n|turn|38\n|\n|t:|1699613240\n|move|p2a: Dudunsparce|Agility|p2a: Dudunsparce\n|-boost|p2a: Dudunsparce|spe|2\n|move|p1a: shaymn|Giga Drain|p2a: Dudunsparce\n|-damage|p2a: Dudunsparce|64\/100\n|\n|-heal|p2a: Dudunsparce|70\/100|[from] item: Leftovers\n|-damage|p2a: Dudunsparce|57\/100|[from] Leech Seed|[of] p1a: shaymn\n|upkeep\n|turn|39\n|\n|t:|1699613245\n|move|p2a: Dudunsparce|Roost|p2a: Dudunsparce\n|-heal|p2a: Dudunsparce|100\/100\n|-singleturn|p2a: Dudunsparce|move: Roost\n|move|p1a: shaymn|Giga Drain|p2a: Dudunsparce\n|-damage|p2a: Dudunsparce|95\/100\n|\n|-heal|p2a: Dudunsparce|100\/100|[from] item: Leftovers\n|-damage|p2a: Dudunsparce|88\/100|[from] Leech Seed|[of] p1a: shaymn\n|upkeep\n|turn|40\n|\n|t:|1699613261\n|move|p2a: Dudunsparce|Coil|p2a: Dudunsparce\n|-boost|p2a: Dudunsparce|atk|1\n|-boost|p2a: Dudunsparce|def|1\n|-boost|p2a: Dudunsparce|accuracy|1\n|move|p1a: shaymn|Giga Drain|p2a: Dudunsparce\n|-damage|p2a: Dudunsparce|82\/100\n|\n|-heal|p2a: Dudunsparce|89\/100|[from] item: Leftovers\n|-damage|p2a: Dudunsparce|76\/100|[from] Leech Seed|[of] p1a: shaymn\n|upkeep\n|turn|41\n|\n|t:|1699613266\n|move|p2a: Dudunsparce|Coil|p2a: Dudunsparce\n|-boost|p2a: Dudunsparce|atk|1\n|-boost|p2a: Dudunsparce|def|0\n|-boost|p2a: Dudunsparce|accuracy|1\n|move|p1a: shaymn|Giga Drain|p2a: Dudunsparce\n|-damage|p2a: Dudunsparce|70\/100\n|\n|-heal|p2a: Dudunsparce|77\/100|[from] item: Leftovers\n|-damage|p2a: Dudunsparce|64\/100|[from] Leech Seed|[of] p1a: shaymn\n|upkeep\n|turn|42\n|\n|t:|1699613272\n|move|p2a: Dudunsparce|Coil|p2a: Dudunsparce\n|-boost|p2a: Dudunsparce|atk|1\n|-boost|p2a: Dudunsparce|def|0\n|-boost|p2a: Dudunsparce|accuracy|1\n|move|p1a: shaymn|Giga Drain|p2a: Dudunsparce\n|-damage|p2a: Dudunsparce|58\/100\n|\n|-heal|p2a: Dudunsparce|64\/100|[from] item: Leftovers\n|-damage|p2a: Dudunsparce|51\/100|[from] Leech Seed|[of] p1a: shaymn\n|upkeep\n|turn|43\n|\n|t:|1699613278\n|move|p2a: Dudunsparce|Roost|p2a: Dudunsparce\n|-heal|p2a: Dudunsparce|100\/100\n|-singleturn|p2a: Dudunsparce|move: Roost\n|move|p1a: shaymn|Giga Drain|p2a: Dudunsparce\n|-damage|p2a: Dudunsparce|95\/100\n|\n|-heal|p2a: Dudunsparce|100\/100|[from] item: Leftovers\n|-damage|p2a: Dudunsparce|88\/100|[from] Leech Seed|[of] p1a: shaymn\n|upkeep\n|turn|44\n|\n|t:|1699613283\n|move|p2a: Dudunsparce|Coil|p2a: Dudunsparce\n|-boost|p2a: Dudunsparce|atk|1\n|-boost|p2a: Dudunsparce|def|0\n|-boost|p2a: Dudunsparce|accuracy|1\n|move|p1a: shaymn|Giga Drain|p2a: Dudunsparce\n|-damage|p2a: Dudunsparce|82\/100\n|\n|-heal|p2a: Dudunsparce|89\/100|[from] item: Leftovers\n|-damage|p2a: Dudunsparce|76\/100|[from] Leech Seed|[of] p1a: shaymn\n|upkeep\n|turn|45\n|\n|t:|1699613289\n|move|p2a: Dudunsparce|Coil|p2a: Dudunsparce\n|-boost|p2a: Dudunsparce|atk|1\n|-boost|p2a: Dudunsparce|def|0\n|-boost|p2a: Dudunsparce|accuracy|1\n|move|p1a: shaymn|Giga Drain|p2a: Dudunsparce\n|-damage|p2a: Dudunsparce|71\/100\n|\n|-heal|p2a: Dudunsparce|77\/100|[from] item: Leftovers\n|-damage|p2a: Dudunsparce|64\/100|[from] Leech Seed|[of] p1a: shaymn\n|upkeep\n|turn|46\n|\n|t:|1699613294\n|move|p2a: Dudunsparce|Coil|p2a: Dudunsparce\n|-boost|p2a: Dudunsparce|atk|1\n|-boost|p2a: Dudunsparce|def|0\n|-boost|p2a: Dudunsparce|accuracy|1\n|move|p1a: shaymn|Giga Drain|p2a: Dudunsparce\n|-damage|p2a: Dudunsparce|59\/100\n|\n|-heal|p2a: Dudunsparce|65\/100|[from] item: Leftovers\n|-damage|p2a: Dudunsparce|53\/100|[from] Leech Seed|[of] p1a: shaymn\n|upkeep\n|turn|47\n|\n|t:|1699613298\n|move|p2a: Dudunsparce|Roost|p2a: Dudunsparce\n|-heal|p2a: Dudunsparce|100\/100\n|-singleturn|p2a: Dudunsparce|move: Roost\n|move|p1a: shaymn|Substitute|p1a: shaymn\n|-fail|p1a: shaymn|move: Substitute\n|\n|-damage|p2a: Dudunsparce|88\/100|[from] Leech Seed|[of] p1a: shaymn\n|upkeep\n|turn|48\n|\n|t:|1699613301\n|move|p2a: Dudunsparce|Baton Pass|p2a: Dudunsparce\n|\n|t:|1699613303\n|switch|p2a: Salamence|Salamence, F|100\/100|[from] Baton Pass\n|move|p1a: shaymn|Substitute|p1a: shaymn\n|-fail|p1a: shaymn|move: Substitute\n|\n|-damage|p2a: Salamence|88\/100|[from] Leech Seed|[of] p1a: shaymn\n|upkeep\n|turn|49\n|\n|t:|1699613308\n|move|p2a: Salamence|Dual Wingbeat|p1a: shaymn\n|-supereffective|p1a: shaymn\n|-end|p1a: shaymn|Substitute\n|-supereffective|p1a: shaymn\n|-damage|p1a: shaymn|0 fnt\n|faint|p1a: shaymn\n|-hitcount|p1: shaymn|2\n|\n|upkeep\n|c|\u2606ilovefairytypes11|smort\n|c|\u2606ilovefairytypes11|gg\n|c|\u2606pokejasper|gg\n|c|\u2606ilovefairytypes11|i was considering putting dual wingbeat on a pokemon\n|c|\u2606ilovefairytypes11|and youve just convinced me loll\n|c|\u2606pokejasper|it's quite useful\n|c|\u2606pokejasper|lol\n|-message|ilovefairytypes11 forfeited.\n|\n|win|pokejasper\n|raw|ilovefairytypes11's rating: 1136 &rarr; <strong>1102<\/strong><br \/>(-34 for losing)\n|raw|pokejasper's rating: 1000 &rarr; <strong>1055<\/strong><br \/>(+55 for winning)\n|l|\u2606ilovefairytypes11\n","uploadtime":1699613355,"views":14,"p1id":"ilovefairytypes11","p2id":"pokejasper","formatid":"gen9anythinggoes","rating":1055,"private":0,"password":""}