{"id":"gen9anythinggoes-1973937750","p1":"cookiecrumbls","p2":"Epiphmochii","format":"[Gen 9] Anything Goes","log":"|j|\u2606cookiecrumbls\n|j|\u2606Epiphmochii\n|t:|1698030313\n|gametype|singles\n|player|p1|cookiecrumbls|dancer|\n|player|p2|Epiphmochii|iris-gen5bw2|\n|teamsize|p1|6\n|teamsize|p2|6\n|gen|9\n|tier|[Gen 9] Anything Goes\n|rule|HP Percentage Mod: HP is shown in percentages\n|rule|Endless Battle Clause: Forcing endless battles is banned\n|clearpoke\n|poke|p1|Empoleon, F|\n|poke|p1|Flareon, M|\n|poke|p1|Dachsbun, F|\n|poke|p1|Gyarados, M|\n|poke|p1|Dragonite, M|\n|poke|p1|Espeon, F|\n|poke|p2|Toxtricity-Low-Key, M|\n|poke|p2|Hawlucha, M|\n|poke|p2|Garchomp, F|\n|poke|p2|Inteleon, F|\n|poke|p2|Gardevoir, M|\n|poke|p2|Coalossal, M|\n|teampreview\n|j| TrendEnder\n|j| ligmafarts\n|inactive|Battle timer is ON: inactive players will automatically lose when time's up. (requested by cookiecrumbls)\n|\n|t:|1698030357\n|start\n|switch|p1a: Gyarados|Gyarados, M|100\/100\n|switch|p2a: Father|Gardevoir, M, shiny|100\/100\n|-ability|p1a: Gyarados|Intimidate|boost\n|-unboost|p2a: Father|atk|1\n|-ability|p2a: Father|Intimidate|boost\n|-unboost|p1a: Gyarados|atk|1\n|-ability|p2a: Father|Intimidate|[from] ability: Trace|[of] p1a: Gyarados\n|turn|1\n|inactive|cookiecrumbls has 270 seconds left.\n|inactive|Epiphmochii has 270 seconds left.\n|\n|t:|1698030404\n|switch|p2a: Outlet|Toxtricity-Low-Key, M, shiny|100\/100\n|move|p1a: Gyarados|Waterfall|p2a: Outlet\n|-damage|p2a: Outlet|57\/100\n|\n|-heal|p2a: Outlet|63\/100|[from] item: Leftovers\n|upkeep\n|turn|2\n|\n|t:|1698030418\n|switch|p1a: Dragonite|Dragonite, M|100\/100\n|move|p2a: Outlet|Discharge|p1a: Dragonite\n|-damage|p1a: Dragonite|58\/100\n|\n|-heal|p2a: Outlet|69\/100|[from] item: Leftovers\n|upkeep\n|turn|3\n|\n|t:|1698030426\n|move|p1a: Dragonite|Earthquake|p2a: Outlet\n|-supereffective|p2a: Outlet\n|-damage|p2a: Outlet|0 fnt\n|faint|p2a: Outlet\n|\n|upkeep\n|inactive|Epiphmochii has 270 seconds left.\n|\n|t:|1698030450\n|switch|p2a: Pallas|Inteleon, F|100\/100\n|turn|4\n|inactive|cookiecrumbls has 270 seconds left.\n|\n|t:|1698030465\n|move|p1a: Dragonite|Extreme Speed|p2a: Pallas\n|-damage|p2a: Pallas|57\/100\n|move|p2a: Pallas|Blizzard|p1a: Dragonite|[miss]\n|-miss|p2a: Pallas|p1a: Dragonite\n|\n|upkeep\n|turn|5\n|inactive|cookiecrumbls has 270 seconds left.\n|\n|t:|1698030481\n|switch|p1a: Flareon|Flareon, M|100\/100\n|move|p2a: Pallas|Blizzard|p1a: Flareon\n|-resisted|p1a: Flareon\n|-crit|p1a: Flareon\n|-damage|p1a: Flareon|74\/100\n|\n|upkeep\n|turn|6\n|\n|t:|1698030489\n|-terastallize|p1a: Flareon|Fire\n|move|p2a: Pallas|Snipe Shot|p1a: Flareon\n|-supereffective|p1a: Flareon\n|-damage|p1a: Flareon|6\/100\n|-enditem|p1a: Flareon|Aguav Berry|[eat]\n|-heal|p1a: Flareon|39\/100|[from] item: Aguav Berry\n|move|p1a: Flareon|Flare Blitz|p2a: Pallas\n|-resisted|p2a: Pallas\n|-damage|p2a: Pallas|4\/100\n|-damage|p1a: Flareon|23\/100|[from] Recoil\n|\n|upkeep\n|turn|7\n|inactive|cookiecrumbls has 270 seconds left.\n|\n|t:|1698030512\n|switch|p1a: Empoleon|Empoleon, F|100\/100\n|move|p2a: Pallas|Snipe Shot|p1a: Empoleon\n|-resisted|p1a: Empoleon\n|-damage|p1a: Empoleon|86\/100\n|\n|-heal|p1a: Empoleon|92\/100|[from] item: Leftovers\n|upkeep\n|turn|8\n|\n|t:|1698030530\n|move|p2a: Pallas|Snipe Shot|p1a: Empoleon\n|-resisted|p1a: Empoleon\n|-damage|p1a: Empoleon|77\/100\n|move|p1a: Empoleon|Surf|p2a: Pallas\n|-resisted|p2a: Pallas\n|-damage|p2a: Pallas|0 fnt\n|faint|p2a: Pallas\n|\n|-heal|p1a: Empoleon|83\/100|[from] item: Leftovers\n|upkeep\n|\n|t:|1698030542\n|switch|p2a: Pierce|Hawlucha, M|100\/100\n|-ability|p2a: Pierce|Mold Breaker\n|turn|9\n|inactive|cookiecrumbls has 270 seconds left.\n|\n|t:|1698030559\n|switch|p1a: Espeon|Espeon, F|100\/100\n|move|p2a: Pierce|Close Combat|p1a: Espeon\n|-resisted|p1a: Espeon\n|-damage|p1a: Espeon|63\/100\n|-unboost|p2a: Pierce|def|1\n|-unboost|p2a: Pierce|spd|1\n|\n|-heal|p1a: Espeon|69\/100|[from] item: Leftovers\n|upkeep\n|turn|10\n|\n|t:|1698030584\n|move|p1a: Espeon|Psyshock|p2a: Pierce\n|-supereffective|p2a: Pierce\n|-enditem|p2a: Pierce|Focus Sash\n|-damage|p2a: Pierce|1\/100\n|move|p2a: Pierce|Acrobatics|p1a: Espeon\n|-damage|p1a: Espeon|0 fnt\n|faint|p1a: Espeon\n|\n|upkeep\n|\n|t:|1698030596\n|switch|p1a: Gyarados|Gyarados, M|100\/100\n|-ability|p1a: Gyarados|Intimidate|boost\n|-unboost|p2a: Pierce|atk|1\n|turn|11\n|\n|t:|1698030605\n|move|p2a: Pierce|Acrobatics|p1a: Gyarados\n|-crit|p1a: Gyarados\n|-damage|p1a: Gyarados|25\/100\n|move|p1a: Gyarados|Waterfall|p2a: Pierce\n|-damage|p2a: Pierce|0 fnt\n|faint|p2a: Pierce\n|\n|-heal|p1a: Gyarados|31\/100|[from] item: Leftovers\n|upkeep\n|inactive|Epiphmochii has 270 seconds left.\n|\n|t:|1698030632\n|switch|p2a: Freak|Garchomp, F|100\/100\n|turn|12\n|inactive|cookiecrumbls has 270 seconds left.\n|\n|t:|1698030643\n|switch|p1a: Dragonite|Dragonite, M|58\/100\n|move|p2a: Freak|Stone Edge|p1a: Dragonite\n|-supereffective|p1a: Dragonite\n|-damage|p1a: Dragonite|0 fnt\n|faint|p1a: Dragonite\n|-damage|p2a: Freak|91\/100|[from] item: Life Orb\n|\n|upkeep\n|inactive|cookiecrumbls has 270 seconds left.\n|inactive|cookiecrumbls has 240 seconds left.\n|\n|t:|1698030678\n|switch|p1a: Empoleon|Empoleon, F|83\/100\n|turn|13\n|\n|t:|1698030686\n|move|p2a: Freak|Earthquake|p1a: Empoleon\n|-supereffective|p1a: Empoleon\n|-damage|p1a: Empoleon|0 fnt\n|faint|p1a: Empoleon\n|-damage|p2a: Freak|81\/100|[from] item: Life Orb\n|\n|upkeep\n|inactive|cookiecrumbls has 240 seconds left.\n|\n|t:|1698030699\n|switch|p1a: Dachsbun|Dachsbun, F|100\/100\n|turn|14\n|\n|t:|1698030709\n|move|p1a: Dachsbun|Protect|p1a: Dachsbun\n|-singleturn|p1a: Dachsbun|Protect\n|move|p2a: Freak|Dragon Pulse|p1a: Dachsbun\n|-activate|p1a: Dachsbun|move: Protect\n|\n|upkeep\n|turn|15\n|inactive|cookiecrumbls has 240 seconds left.\n|\n|t:|1698030735\n|switch|p2a: Father|Gardevoir, M, shiny|100\/100\n|-ability|p2a: Father|Aroma Veil|[from] ability: Trace|[of] p1a: Dachsbun\n|move|p1a: Dachsbun|Body Press|p2a: Father\n|-resisted|p2a: Father\n|-damage|p2a: Father|90\/100\n|\n|upkeep\n|turn|16\n|inactive|cookiecrumbls has 210 seconds left.\n|\n|t:|1698030786\n|move|p1a: Dachsbun|Agility|p1a: Dachsbun\n|-boost|p1a: Dachsbun|spe|2\n|move|p2a: Father|Night Shade|p1a: Dachsbun\n|-damage|p1a: Dachsbun|69\/100\n|\n|upkeep\n|turn|17\n|\n|t:|1698030800\n|move|p1a: Dachsbun|Body Press|p2a: Father\n|-resisted|p2a: Father\n|-damage|p2a: Father|80\/100\n|move|p2a: Father|Night Shade|p1a: Dachsbun\n|-damage|p1a: Dachsbun|38\/100\n|\n|upkeep\n|turn|18\n|\n|t:|1698030814\n|move|p1a: Dachsbun|Protect|p1a: Dachsbun\n|-singleturn|p1a: Dachsbun|Protect\n|move|p2a: Father|Night Shade|p1a: Dachsbun\n|-activate|p1a: Dachsbun|move: Protect\n|\n|upkeep\n|turn|19\n|\n|t:|1698030826\n|move|p1a: Dachsbun|Wish|p1a: Dachsbun\n|move|p2a: Father|Night Shade|p1a: Dachsbun\n|-damage|p1a: Dachsbun|6\/100\n|\n|upkeep\n|turn|20\n|\n|t:|1698030831\n|move|p1a: Dachsbun|Protect|p1a: Dachsbun\n|-singleturn|p1a: Dachsbun|Protect\n|move|p2a: Father|Night Shade|p1a: Dachsbun\n|-activate|p1a: Dachsbun|move: Protect\n|\n|-heal|p1a: Dachsbun|56\/100|[from] move: Wish|[wisher] Dachsbun\n|upkeep\n|turn|21\n|\n|t:|1698030839\n|move|p1a: Dachsbun|Wish|p1a: Dachsbun\n|move|p2a: Father|Night Shade|p1a: Dachsbun\n|-damage|p1a: Dachsbun|25\/100\n|\n|upkeep\n|turn|22\n|\n|t:|1698030844\n|move|p1a: Dachsbun|Protect|p1a: Dachsbun\n|-singleturn|p1a: Dachsbun|Protect\n|move|p2a: Father|Night Shade|p1a: Dachsbun\n|-activate|p1a: Dachsbun|move: Protect\n|\n|-heal|p1a: Dachsbun|75\/100|[from] move: Wish|[wisher] Dachsbun\n|upkeep\n|turn|23\n|\n|t:|1698030854\n|move|p1a: Dachsbun|Wish|p1a: Dachsbun\n|move|p2a: Father|Night Shade|p1a: Dachsbun\n|-damage|p1a: Dachsbun|43\/100\n|\n|upkeep\n|turn|24\n|\n|t:|1698030862\n|move|p1a: Dachsbun|Protect|p1a: Dachsbun\n|-singleturn|p1a: Dachsbun|Protect\n|move|p2a: Father|Moonblast|p1a: Dachsbun\n|-activate|p1a: Dachsbun|move: Protect\n|\n|-heal|p1a: Dachsbun|93\/100|[from] move: Wish|[wisher] Dachsbun\n|upkeep\n|turn|25\n|\n|t:|1698030871\n|move|p1a: Dachsbun|Body Press|p2a: Father\n|-resisted|p2a: Father\n|-damage|p2a: Father|69\/100\n|move|p2a: Father|Night Shade|p1a: Dachsbun\n|-damage|p1a: Dachsbun|62\/100\n|\n|upkeep\n|turn|26\n|inactive|cookiecrumbls has 240 seconds left.\n|\n|t:|1698030877\n|move|p1a: Dachsbun|Wish|p1a: Dachsbun\n|move|p2a: Father|Night Shade|p1a: Dachsbun\n|-damage|p1a: Dachsbun|30\/100\n|\n|upkeep\n|turn|27\n|\n|t:|1698030883\n|move|p1a: Dachsbun|Protect|p1a: Dachsbun\n|-singleturn|p1a: Dachsbun|Protect\n|move|p2a: Father|Moonblast|p1a: Dachsbun\n|-activate|p1a: Dachsbun|move: Protect\n|\n|-heal|p1a: Dachsbun|80\/100|[from] move: Wish|[wisher] Dachsbun\n|upkeep\n|turn|28\n|\n|t:|1698030891\n|move|p1a: Dachsbun|Wish|p1a: Dachsbun\n|move|p2a: Father|Night Shade|p1a: Dachsbun\n|-damage|p1a: Dachsbun|49\/100\n|\n|upkeep\n|turn|29\n|\n|t:|1698030895\n|move|p1a: Dachsbun|Protect|p1a: Dachsbun\n|-singleturn|p1a: Dachsbun|Protect\n|move|p2a: Father|Moonblast|p1a: Dachsbun\n|-activate|p1a: Dachsbun|move: Protect\n|\n|-heal|p1a: Dachsbun|99\/100|[from] move: Wish|[wisher] Dachsbun\n|upkeep\n|turn|30\n|inactive|cookiecrumbls has 270 seconds left.\n|\n|t:|1698030903\n|move|p1a: Dachsbun|Body Press|p2a: Father\n|-resisted|p2a: Father\n|-damage|p2a: Father|60\/100\n|move|p2a: Father|Night Shade|p1a: Dachsbun\n|-damage|p1a: Dachsbun|67\/100\n|\n|upkeep\n|turn|31\n|\n|t:|1698030911\n|move|p1a: Dachsbun|Wish|p1a: Dachsbun\n|move|p2a: Father|Night Shade|p1a: Dachsbun\n|-damage|p1a: Dachsbun|36\/100\n|\n|upkeep\n|turn|32\n|\n|t:|1698030917\n|move|p1a: Dachsbun|Protect|p1a: Dachsbun\n|-singleturn|p1a: Dachsbun|Protect\n|move|p2a: Father|Psychic|p1a: Dachsbun\n|-activate|p1a: Dachsbun|move: Protect\n|\n|-heal|p1a: Dachsbun|86\/100|[from] move: Wish|[wisher] Dachsbun\n|upkeep\n|turn|33\n|\n|t:|1698030927\n|move|p1a: Dachsbun|Body Press|p2a: Father\n|-resisted|p2a: Father\n|-damage|p2a: Father|49\/100\n|move|p2a: Father|Night Shade|p1a: Dachsbun\n|-damage|p1a: Dachsbun|55\/100\n|\n|upkeep\n|turn|34\n|\n|t:|1698030938\n|move|p1a: Dachsbun|Wish|p1a: Dachsbun\n|move|p2a: Father|Dazzling Gleam|p1a: Dachsbun\n|-damage|p1a: Dachsbun|6\/100\n|\n|upkeep\n|turn|35\n|\n|t:|1698030946\n|move|p1a: Dachsbun|Protect|p1a: Dachsbun\n|-singleturn|p1a: Dachsbun|Protect\n|move|p2a: Father|Dazzling Gleam|p1a: Dachsbun\n|-activate|p1a: Dachsbun|move: Protect\n|\n|-heal|p1a: Dachsbun|56\/100|[from] move: Wish|[wisher] Dachsbun\n|upkeep\n|turn|36\n|\n|t:|1698030954\n|move|p1a: Dachsbun|Wish|p1a: Dachsbun\n|move|p2a: Father|Dazzling Gleam|p1a: Dachsbun\n|-damage|p1a: Dachsbun|6\/100\n|\n|upkeep\n|turn|37\n|\n|t:|1698030958\n|move|p1a: Dachsbun|Protect|p1a: Dachsbun\n|-singleturn|p1a: Dachsbun|Protect\n|move|p2a: Father|Dazzling Gleam|p1a: Dachsbun\n|-activate|p1a: Dachsbun|move: Protect\n|\n|-heal|p1a: Dachsbun|56\/100|[from] move: Wish|[wisher] Dachsbun\n|upkeep\n|turn|38\n|\n|t:|1698030965\n|move|p1a: Dachsbun|Wish|p1a: Dachsbun\n|move|p2a: Father|Dazzling Gleam|p1a: Dachsbun\n|-damage|p1a: Dachsbun|5\/100\n|\n|upkeep\n|turn|39\n|\n|t:|1698030970\n|move|p1a: Dachsbun|Protect|p1a: Dachsbun\n|-singleturn|p1a: Dachsbun|Protect\n|move|p2a: Father|Dazzling Gleam|p1a: Dachsbun\n|-activate|p1a: Dachsbun|move: Protect\n|\n|-heal|p1a: Dachsbun|55\/100|[from] move: Wish|[wisher] Dachsbun\n|upkeep\n|turn|40\n|\n|t:|1698030977\n|move|p1a: Dachsbun|Protect|p1a: Dachsbun\n|-singleturn|p1a: Dachsbun|Protect\n|move|p2a: Father|Dazzling Gleam|p1a: Dachsbun\n|-activate|p1a: Dachsbun|move: Protect\n|\n|upkeep\n|turn|41\n|\n|t:|1698030982\n|move|p1a: Dachsbun|Wish|p1a: Dachsbun\n|move|p2a: Father|Dazzling Gleam|p1a: Dachsbun\n|-crit|p1a: Dachsbun\n|-damage|p1a: Dachsbun|0 fnt\n|faint|p1a: Dachsbun\n|\n|upkeep\n|\n|t:|1698030992\n|switch|p1a: Flareon|Flareon, M, tera:Fire|23\/100\n|turn|42\n|\n|t:|1698030996\n|move|p1a: Flareon|Protect|p1a: Flareon\n|-singleturn|p1a: Flareon|Protect\n|move|p2a: Father|Dazzling Gleam|p1a: Flareon\n|-activate|p1a: Flareon|move: Protect\n|\n|-heal|p1a: Flareon|71\/100|[from] move: Wish|[wisher] Dachsbun\n|upkeep\n|turn|43\n|\n|t:|1698031007\n|move|p2a: Father|Dazzling Gleam|p1a: Flareon\n|-resisted|p1a: Flareon\n|-damage|p1a: Flareon|56\/100\n|move|p1a: Flareon|Will-O-Wisp|p2a: Father\n|-status|p2a: Father|brn\n|\n|-damage|p2a: Father|43\/100 brn|[from] brn\n|upkeep\n|turn|44\n|\n|t:|1698031014\n|move|p1a: Flareon|Protect|p1a: Flareon\n|-singleturn|p1a: Flareon|Protect\n|move|p2a: Father|Psychic|p1a: Flareon\n|-activate|p1a: Flareon|move: Protect\n|\n|-damage|p2a: Father|37\/100 brn|[from] brn\n|upkeep\n|turn|45\n|\n|t:|1698031023\n|move|p2a: Father|Psychic|p1a: Flareon\n|-damage|p1a: Flareon|26\/100\n|move|p1a: Flareon|Wish|p1a: Flareon\n|\n|-damage|p2a: Father|32\/100 brn|[from] brn\n|upkeep\n|turn|46\n|inactive|Epiphmochii has 270 seconds left.\n|\n|t:|1698031081\n|move|p1a: Flareon|Protect|p1a: Flareon\n|-singleturn|p1a: Flareon|Protect\n|move|p2a: Father|Psychic|p1a: Flareon\n|-activate|p1a: Flareon|move: Protect\n|\n|-heal|p1a: Flareon|76\/100|[from] move: Wish|[wisher] Flareon\n|-damage|p2a: Father|26\/100 brn|[from] brn\n|upkeep\n|turn|47\n|\n|t:|1698031091\n|move|p2a: Father|Psychic|p1a: Flareon\n|-damage|p1a: Flareon|46\/100\n|move|p1a: Flareon|Wish|p1a: Flareon\n|\n|-damage|p2a: Father|20\/100 brn|[from] brn\n|upkeep\n|turn|48\n|\n|t:|1698031097\n|move|p1a: Flareon|Protect|p1a: Flareon\n|-singleturn|p1a: Flareon|Protect\n|move|p2a: Father|Psychic|p1a: Flareon\n|-activate|p1a: Flareon|move: Protect\n|\n|-heal|p1a: Flareon|96\/100|[from] move: Wish|[wisher] Flareon\n|-damage|p2a: Father|14\/100 brn|[from] brn\n|upkeep\n|turn|49\n|\n|t:|1698031109\n|move|p2a: Father|Psychic|p1a: Flareon\n|-damage|p1a: Flareon|65\/100\n|move|p1a: Flareon|Will-O-Wisp|p2a: Father\n|-fail|p2a: Father|brn\n|\n|-damage|p2a: Father|8\/100 brn|[from] brn\n|upkeep\n|turn|50\n|\n|t:|1698031120\n|move|p1a: Flareon|Protect|p1a: Flareon\n|-singleturn|p1a: Flareon|Protect\n|move|p2a: Father|Psychic|p1a: Flareon\n|-activate|p1a: Flareon|move: Protect\n|\n|-damage|p2a: Father|2\/100 brn|[from] brn\n|upkeep\n|turn|51\n|inactive|Epiphmochii has 270 seconds left.\n|\n|t:|1698031128\n|move|p2a: Father|Psychic|p1a: Flareon\n|-damage|p1a: Flareon|30\/100\n|move|p1a: Flareon|Wish|p1a: Flareon\n|\n|-damage|p2a: Father|0 fnt|[from] brn\n|faint|p2a: Father\n|upkeep\n|inactive|Epiphmochii has 270 seconds left.\n|\n|t:|1698031134\n|switch|p2a: Oven|Coalossal, M|100\/100\n|turn|52\n|\n|t:|1698031142\n|move|p1a: Flareon|Protect|p1a: Flareon\n|-singleturn|p1a: Flareon|Protect\n|move|p2a: Oven|Earth Power|p1a: Flareon\n|-activate|p1a: Flareon|move: Protect\n|\n|-heal|p1a: Flareon|80\/100|[from] move: Wish|[wisher] Flareon\n|upkeep\n|turn|53\n|\n|t:|1698031152\n|move|p1a: Flareon|Wish|p1a: Flareon\n|move|p2a: Oven|Earth Power|p1a: Flareon\n|-supereffective|p1a: Flareon\n|-damage|p1a: Flareon|48\/100\n|\n|upkeep\n|turn|54\n|\n|t:|1698031161\n|move|p1a: Flareon|Protect|p1a: Flareon\n|-singleturn|p1a: Flareon|Protect\n|move|p2a: Oven|Earth Power|p1a: Flareon\n|-activate|p1a: Flareon|move: Protect\n|\n|-heal|p1a: Flareon|98\/100|[from] move: Wish|[wisher] Flareon\n|upkeep\n|turn|55\n|\n|t:|1698031168\n|move|p1a: Flareon|Flare Blitz|p2a: Oven\n|-resisted|p2a: Oven\n|-damage|p2a: Oven|91\/100\n|-ability|p2a: Oven|Steam Engine|boost\n|-boost|p2a: Oven|spe|6\n|-damage|p1a: Flareon|94\/100|[from] Recoil\n|move|p2a: Oven|Earth Power|p1a: Flareon\n|-supereffective|p1a: Flareon\n|-damage|p1a: Flareon|63\/100\n|\n|upkeep\n|turn|56\n|\n|t:|1698031180\n|move|p2a: Oven|Earth Power|p1a: Flareon\n|-supereffective|p1a: Flareon\n|-damage|p1a: Flareon|29\/100\n|move|p1a: Flareon|Wish|p1a: Flareon\n|\n|upkeep\n|turn|57\n|\n|t:|1698031185\n|move|p1a: Flareon|Protect|p1a: Flareon\n|-singleturn|p1a: Flareon|Protect\n|move|p2a: Oven|Earth Power|p1a: Flareon\n|-activate|p1a: Flareon|move: Protect\n|\n|-heal|p1a: Flareon|79\/100|[from] move: Wish|[wisher] Flareon\n|upkeep\n|turn|58\n|\n|t:|1698031193\n|move|p2a: Oven|Body Press|p1a: Flareon\n|-damage|p1a: Flareon|37\/100\n|move|p1a: Flareon|Wish|p1a: Flareon\n|\n|upkeep\n|turn|59\n|\n|t:|1698031199\n|move|p1a: Flareon|Protect|p1a: Flareon\n|-singleturn|p1a: Flareon|Protect\n|move|p2a: Oven|Body Press|p1a: Flareon\n|-activate|p1a: Flareon|move: Protect\n|\n|-heal|p1a: Flareon|87\/100|[from] move: Wish|[wisher] Flareon\n|upkeep\n|turn|60\n|\n|t:|1698031206\n|move|p2a: Oven|Body Press|p1a: Flareon\n|-damage|p1a: Flareon|48\/100\n|move|p1a: Flareon|Will-O-Wisp|p2a: Oven\n|-immune|p2a: Oven\n|\n|upkeep\n|turn|61\n|\n|t:|1698031213\n|move|p1a: Flareon|Protect|p1a: Flareon\n|-singleturn|p1a: Flareon|Protect\n|move|p2a: Oven|Body Press|p1a: Flareon\n|-activate|p1a: Flareon|move: Protect\n|\n|upkeep\n|turn|62\n|\n|t:|1698031219\n|move|p2a: Oven|Body Press|p1a: Flareon\n|-damage|p1a: Flareon|9\/100\n|move|p1a: Flareon|Wish|p1a: Flareon\n|\n|upkeep\n|turn|63\n|\n|t:|1698031224\n|move|p1a: Flareon|Protect|p1a: Flareon\n|-singleturn|p1a: Flareon|Protect\n|move|p2a: Oven|Body Press|p1a: Flareon\n|-activate|p1a: Flareon|move: Protect\n|\n|-heal|p1a: Flareon|59\/100|[from] move: Wish|[wisher] Flareon\n|upkeep\n|turn|64\n|\n|t:|1698031232\n|move|p2a: Oven|Body Press|p1a: Flareon\n|-damage|p1a: Flareon|15\/100\n|move|p1a: Flareon|Wish|p1a: Flareon\n|\n|upkeep\n|turn|65\n|\n|t:|1698031237\n|move|p1a: Flareon|Protect|p1a: Flareon\n|-singleturn|p1a: Flareon|Protect\n|move|p2a: Oven|Body Press|p1a: Flareon\n|-activate|p1a: Flareon|move: Protect\n|\n|-heal|p1a: Flareon|65\/100|[from] move: Wish|[wisher] Flareon\n|upkeep\n|turn|66\n|\n|t:|1698031244\n|move|p2a: Oven|Body Press|p1a: Flareon\n|-damage|p1a: Flareon|23\/100\n|move|p1a: Flareon|Wish|p1a: Flareon\n|\n|upkeep\n|turn|67\n|\n|t:|1698031248\n|move|p1a: Flareon|Protect|p1a: Flareon\n|-singleturn|p1a: Flareon|Protect\n|move|p2a: Oven|Body Press|p1a: Flareon\n|-activate|p1a: Flareon|move: Protect\n|\n|-heal|p1a: Flareon|73\/100|[from] move: Wish|[wisher] Flareon\n|upkeep\n|turn|68\n|\n|t:|1698031258\n|move|p2a: Oven|Body Press|p1a: Flareon\n|-damage|p1a: Flareon|35\/100\n|move|p1a: Flareon|Wish|p1a: Flareon\n|\n|upkeep\n|turn|69\n|\n|t:|1698031265\n|move|p1a: Flareon|Protect|p1a: Flareon\n|-singleturn|p1a: Flareon|Protect\n|move|p2a: Oven|Earth Power|p1a: Flareon\n|-activate|p1a: Flareon|move: Protect\n|\n|-heal|p1a: Flareon|85\/100|[from] move: Wish|[wisher] Flareon\n|upkeep\n|turn|70\n|\n|t:|1698031278\n|move|p2a: Oven|Body Press|p1a: Flareon\n|-damage|p1a: Flareon|47\/100\n|move|p1a: Flareon|Wish|p1a: Flareon\n|\n|upkeep\n|turn|71\n|\n|t:|1698031283\n|move|p1a: Flareon|Protect|p1a: Flareon\n|-singleturn|p1a: Flareon|Protect\n|move|p2a: Oven|Earth Power|p1a: Flareon\n|-activate|p1a: Flareon|move: Protect\n|\n|-heal|p1a: Flareon|97\/100|[from] move: Wish|[wisher] Flareon\n|upkeep\n|turn|72\n|\n|t:|1698031297\n|move|p2a: Oven|Earth Power|p1a: Flareon\n|-supereffective|p1a: Flareon\n|-crit|p1a: Flareon\n|-damage|p1a: Flareon|47\/100\n|move|p1a: Flareon|Flare Blitz|p2a: Oven\n|-resisted|p2a: Oven\n|-crit|p2a: Oven\n|-damage|p2a: Oven|74\/100\n|-damage|p1a: Flareon|40\/100|[from] Recoil\n|\n|upkeep\n|turn|73\n|\n|t:|1698031306\n|move|p1a: Flareon|Protect|p1a: Flareon\n|-singleturn|p1a: Flareon|Protect\n|move|p2a: Oven|Earth Power|p1a: Flareon\n|-activate|p1a: Flareon|move: Protect\n|\n|upkeep\n|turn|74\n|\n|t:|1698031312\n|move|p2a: Oven|Earth Power|p1a: Flareon\n|-supereffective|p1a: Flareon\n|-damage|p1a: Flareon|8\/100\n|move|p1a: Flareon|Wish|p1a: Flareon\n|\n|upkeep\n|turn|75\n|\n|t:|1698031318\n|move|p2a: Oven|Earth Power|p1a: Flareon\n|-supereffective|p1a: Flareon\n|-damage|p1a: Flareon|0 fnt\n|faint|p1a: Flareon\n|\n|upkeep\n|\n|t:|1698031323\n|switch|p1a: Gyarados|Gyarados, M|31\/100\n|-ability|p1a: Gyarados|Intimidate|boost\n|-unboost|p2a: Oven|atk|1\n|turn|76\n|\n|t:|1698031331\n|move|p2a: Oven|Earth Power|p1a: Gyarados\n|-immune|p1a: Gyarados\n|move|p1a: Gyarados|Waterfall|p2a: Oven\n|-supereffective|p2a: Oven\n|-damage|p2a: Oven|0 fnt\n|faint|p2a: Oven\n|\n|-heal|p1a: Gyarados|37\/100|[from] item: Leftovers\n|upkeep\n|\n|t:|1698031338\n|switch|p2a: Freak|Garchomp, F|81\/100\n|turn|77\n|\n|t:|1698031348\n|move|p2a: Freak|Stone Edge|p1a: Gyarados|[miss]\n|-miss|p2a: Freak|p1a: Gyarados\n|move|p1a: Gyarados|Waterfall|p2a: Freak\n|-damage|p2a: Freak|37\/100\n|-damage|p1a: Gyarados|25\/100|[from] ability: Rough Skin|[of] p2a: Freak\n|\n|-heal|p1a: Gyarados|31\/100|[from] item: Leftovers\n|upkeep\n|turn|78\n|\n|t:|1698031359\n|-terastallize|p2a: Freak|Fairy\n|move|p2a: Freak|Stone Edge|p1a: Gyarados\n|-supereffective|p1a: Gyarados\n|-crit|p1a: Gyarados\n|-damage|p1a: Gyarados|0 fnt\n|faint|p1a: Gyarados\n|-damage|p2a: Freak|27\/100|[from] item: Life Orb\n|\n|win|Epiphmochii\n","uploadtime":1698031385,"views":12,"p1id":"cookiecrumbls","p2id":"epiphmochii","formatid":"gen9anythinggoes","rating":0,"private":0,"password":""}