{"id":"gen9anythinggoes-1978697985","p1":"tienlay","p2":"ImNotThatGoodOk?","format":"[Gen 9] Anything Goes","log":"|j|\u2606tienlay\n|j|\u2606ImNotThatGoodOk?\n|t:|1698583340\n|gametype|singles\n|player|p1|tienlay|101|1053\n|player|p2|ImNotThatGoodOk?|cameraman|1145\n|teamsize|p1|6\n|teamsize|p2|6\n|gen|9\n|tier|[Gen 9] Anything Goes\n|rated|\n|rule|HP Percentage Mod: HP is shown in percentages\n|rule|Endless Battle Clause: Forcing endless battles is banned\n|clearpoke\n|poke|p1|Blissey, F|\n|poke|p1|Cinderace, F|\n|poke|p1|Calyrex-Shadow|\n|poke|p1|Scream Tail|\n|poke|p1|Espathra, M|\n|poke|p1|Drifblim, M|\n|poke|p2|Eiscue, F|\n|poke|p2|Palafin, F|\n|poke|p2|Gholdengo|\n|poke|p2|Drifblim, F|\n|poke|p2|Cyclizar, M|\n|poke|p2|Ditto|\n|teampreview\n|inactive|Battle timer is ON: inactive players will automatically lose when time's up. (requested by tienlay)\n|\n|t:|1698583355\n|start\n|switch|p1a: Espathra|Espathra, M|100\/100\n|switch|p2a: Ditto|Ditto, shiny|100\/100\n|-transform|p2a: Ditto|p1a: Espathra|[from] ability: Imposter\n|turn|1\n|\n|t:|1698583363\n|move|p2a: Ditto|Protect|p2a: Ditto\n|-singleturn|p2a: Ditto|Protect\n|move|p1a: Espathra|Substitute|p1a: Espathra\n|-start|p1a: Espathra|Substitute\n|-damage|p1a: Espathra|76\/100\n|\n|-heal|p1a: Espathra|82\/100|[from] item: Leftovers\n|-ability|p1a: Espathra|Speed Boost|boost\n|-boost|p1a: Espathra|spe|1\n|-ability|p2a: Ditto|Speed Boost|boost\n|-boost|p2a: Ditto|spe|1\n|upkeep\n|turn|2\n|\n|t:|1698583369\n|move|p1a: Espathra|Protect|p1a: Espathra\n|-singleturn|p1a: Espathra|Protect\n|move|p2a: Ditto|Substitute|p2a: Ditto\n|-start|p2a: Ditto|Substitute\n|-damage|p2a: Ditto|75\/100\n|\n|-heal|p1a: Espathra|88\/100|[from] item: Leftovers\n|-heal|p2a: Ditto|81\/100|[from] item: Leftovers\n|-ability|p2a: Ditto|Speed Boost|boost\n|-boost|p2a: Ditto|spe|1\n|-ability|p1a: Espathra|Speed Boost|boost\n|-boost|p1a: Espathra|spe|1\n|upkeep\n|turn|3\n|\n|t:|1698583380\n|move|p2a: Ditto|Stored Power|p1a: Espathra\n|-resisted|p1a: Espathra\n|-activate|p1a: Espathra|move: Substitute|[damage]\n|move|p1a: Espathra|Baton Pass|p1a: Espathra\n|\n|t:|1698583389\n|switch|p1a: Scream Tail|Scream Tail|100\/100|[from] Baton Pass\n|-enditem|p1a: Scream Tail|Booster Energy\n|-activate|p1a: Scream Tail|ability: Protosynthesis|[fromitem]\n|-start|p1a: Scream Tail|protosynthesisspe\n|\n|-heal|p2a: Ditto|87\/100|[from] item: Leftovers\n|-ability|p2a: Ditto|Speed Boost|boost\n|-boost|p2a: Ditto|spe|1\n|upkeep\n|turn|4\n|\n|t:|1698583392\n|move|p2a: Ditto|Baton Pass|p2a: Ditto\n|\n|t:|1698583394\n|switch|p2a: Drifblim|Drifblim, F, shiny|100\/100|[from] Baton Pass\n|move|p1a: Scream Tail|Bulk Up|p1a: Scream Tail\n|-boost|p1a: Scream Tail|atk|1\n|-boost|p1a: Scream Tail|def|1\n|\n|upkeep\n|turn|5\n|\n|t:|1698583406\n|move|p1a: Scream Tail|Baton Pass|p1a: Scream Tail\n|\n|t:|1698583412\n|-end|p1a: Scream Tail|Protosynthesis|[silent]\n|switch|p1a: Espathra|Espathra, M|88\/100|[from] Baton Pass\n|move|p2a: Drifblim|Minimize|p2a: Drifblim\n|-boost|p2a: Drifblim|evasion|2\n|\n|-heal|p1a: Espathra|94\/100|[from] item: Leftovers\n|upkeep\n|turn|6\n|\n|t:|1698583419\n|move|p2a: Drifblim|Clear Smog|p1a: Espathra\n|-end|p1a: Espathra|Substitute\n|move|p1a: Espathra|Stored Power|p2a: Drifblim\n|-end|p2a: Drifblim|Substitute\n|\n|-heal|p1a: Espathra|99\/100|[from] item: Leftovers\n|-ability|p1a: Espathra|Speed Boost|boost\n|-boost|p1a: Espathra|spe|1\n|upkeep\n|turn|7\n|\n|t:|1698583430\n|move|p1a: Espathra|Stored Power|p2a: Drifblim|[miss]\n|-miss|p1a: Espathra|p2a: Drifblim\n|move|p2a: Drifblim|Clear Smog|p1a: Espathra\n|-damage|p1a: Espathra|87\/100\n|-clearboost|p1a: Espathra\n|\n|-heal|p1a: Espathra|93\/100|[from] item: Leftovers\n|-ability|p1a: Espathra|Speed Boost|boost\n|-boost|p1a: Espathra|spe|1\n|upkeep\n|turn|8\n|c|\u2606ImNotThatGoodOk?|Holy shit\n|\n|t:|1698583438\n|move|p2a: Drifblim|Minimize|p2a: Drifblim\n|-boost|p2a: Drifblim|evasion|2\n|move|p1a: Espathra|Stored Power|p2a: Drifblim\n|-damage|p2a: Drifblim|86\/100\n|\n|-heal|p1a: Espathra|99\/100|[from] item: Leftovers\n|-ability|p1a: Espathra|Speed Boost|boost\n|-boost|p1a: Espathra|spe|1\n|upkeep\n|turn|9\n|\n|t:|1698583442\n|move|p2a: Drifblim|Minimize|p2a: Drifblim\n|-boost|p2a: Drifblim|evasion|2\n|move|p1a: Espathra|Substitute|p1a: Espathra\n|-start|p1a: Espathra|Substitute\n|-damage|p1a: Espathra|74\/100\n|\n|-heal|p1a: Espathra|80\/100|[from] item: Leftovers\n|-ability|p1a: Espathra|Speed Boost|boost\n|-boost|p1a: Espathra|spe|1\n|upkeep\n|turn|10\n|\n|t:|1698583445\n|move|p1a: Espathra|Protect|p1a: Espathra\n|-singleturn|p1a: Espathra|Protect\n|move|p2a: Drifblim|Clear Smog|p1a: Espathra\n|-activate|p1a: Espathra|move: Protect\n|\n|-heal|p1a: Espathra|87\/100|[from] item: Leftovers\n|-ability|p1a: Espathra|Speed Boost|boost\n|-boost|p1a: Espathra|spe|1\n|upkeep\n|turn|11\n|\n|t:|1698583452\n|move|p1a: Espathra|Stored Power|p2a: Drifblim\n|-damage|p2a: Drifblim|47\/100\n|move|p2a: Drifblim|Clear Smog|p1a: Espathra\n|-activate|p1a: Espathra|move: Substitute|[damage]\n|\n|-heal|p1a: Espathra|93\/100|[from] item: Leftovers\n|-ability|p1a: Espathra|Speed Boost|boost\n|-boost|p1a: Espathra|spe|1\n|upkeep\n|turn|12\n|\n|t:|1698583461\n|move|p1a: Espathra|Stored Power|p2a: Drifblim|[miss]\n|-miss|p1a: Espathra|p2a: Drifblim\n|move|p2a: Drifblim|Baton Pass|p2a: Drifblim\n|\n|t:|1698583471\n|switch|p2a: Eiscue|Eiscue, F, shiny|100\/100|[from] Baton Pass\n|\n|-heal|p1a: Espathra|99\/100|[from] item: Leftovers\n|-ability|p1a: Espathra|Speed Boost|boost\n|-boost|p1a: Espathra|spe|1\n|upkeep\n|turn|13\n|\n|t:|1698583478\n|move|p1a: Espathra|Stored Power|p2a: Eiscue\n|-damage|p2a: Eiscue|39\/100\n|move|p2a: Eiscue|Belly Drum||[still]\n|-fail|p2a: Eiscue\n|\n|-heal|p1a: Espathra|100\/100|[from] item: Leftovers\n|upkeep\n|turn|14\n|\n|t:|1698583489\n|move|p1a: Espathra|Stored Power|p2a: Eiscue|[miss]\n|-miss|p1a: Espathra|p2a: Eiscue\n|move|p2a: Eiscue|Icicle Crash|p1a: Espathra\n|-end|p1a: Espathra|Substitute\n|\n|upkeep\n|turn|15\n|\n|t:|1698583495\n|move|p1a: Espathra|Stored Power|p2a: Eiscue|[miss]\n|-miss|p1a: Espathra|p2a: Eiscue\n|move|p2a: Eiscue|Substitute|p2a: Eiscue\n|-start|p2a: Eiscue|Substitute\n|-damage|p2a: Eiscue|14\/100\n|-enditem|p2a: Eiscue|Iapapa Berry|[eat]\n|-heal|p2a: Eiscue|47\/100|[from] item: Iapapa Berry\n|\n|upkeep\n|turn|16\n|\n|t:|1698583502\n|move|p1a: Espathra|Substitute|p1a: Espathra\n|-start|p1a: Espathra|Substitute\n|-damage|p1a: Espathra|76\/100\n|move|p2a: Eiscue|Icicle Crash|p1a: Espathra\n|-end|p1a: Espathra|Substitute\n|\n|-heal|p1a: Espathra|82\/100|[from] item: Leftovers\n|upkeep\n|turn|17\n|\n|t:|1698583510\n|move|p1a: Espathra|Protect|p1a: Espathra\n|-singleturn|p1a: Espathra|Protect\n|move|p2a: Eiscue|Icicle Crash|p1a: Espathra\n|-activate|p1a: Espathra|move: Protect\n|\n|-heal|p1a: Espathra|88\/100|[from] item: Leftovers\n|upkeep\n|turn|18\n|\n|t:|1698583521\n|move|p1a: Espathra|Substitute|p1a: Espathra\n|-start|p1a: Espathra|Substitute\n|-damage|p1a: Espathra|63\/100\n|move|p2a: Eiscue|Icicle Crash|p1a: Espathra\n|-end|p1a: Espathra|Substitute\n|\n|-heal|p1a: Espathra|69\/100|[from] item: Leftovers\n|upkeep\n|turn|19\n|\n|t:|1698583527\n|move|p1a: Espathra|Substitute|p1a: Espathra\n|-start|p1a: Espathra|Substitute\n|-damage|p1a: Espathra|44\/100\n|move|p2a: Eiscue|Belly Drum||[still]\n|-fail|p2a: Eiscue\n|\n|-heal|p1a: Espathra|50\/100|[from] item: Leftovers\n|upkeep\n|turn|20\n|\n|t:|1698583532\n|move|p1a: Espathra|Protect|p1a: Espathra\n|-singleturn|p1a: Espathra|Protect\n|move|p2a: Eiscue|Icicle Crash|p1a: Espathra\n|-activate|p1a: Espathra|move: Protect\n|\n|-heal|p1a: Espathra|56\/100|[from] item: Leftovers\n|upkeep\n|turn|21\n|\n|t:|1698583541\n|move|p1a: Espathra|Stored Power|p2a: Eiscue|[miss]\n|-miss|p1a: Espathra|p2a: Eiscue\n|move|p2a: Eiscue|Icicle Crash|p1a: Espathra\n|-end|p1a: Espathra|Substitute\n|\n|-heal|p1a: Espathra|62\/100|[from] item: Leftovers\n|upkeep\n|turn|22\n|\n|t:|1698583547\n|move|p1a: Espathra|Substitute|p1a: Espathra\n|-start|p1a: Espathra|Substitute\n|-damage|p1a: Espathra|38\/100\n|move|p2a: Eiscue|Icicle Crash|p1a: Espathra\n|-crit|p1a: Espathra\n|-end|p1a: Espathra|Substitute\n|\n|-heal|p1a: Espathra|44\/100|[from] item: Leftovers\n|upkeep\n|turn|23\n|\n|t:|1698583557\n|move|p1a: Espathra|Protect|p1a: Espathra\n|-singleturn|p1a: Espathra|Protect\n|move|p2a: Eiscue|Reversal|p1a: Espathra\n|-activate|p1a: Espathra|move: Protect\n|\n|-heal|p1a: Espathra|50\/100|[from] item: Leftovers\n|upkeep\n|turn|24\n|c|\u2606ImNotThatGoodOk?|You can't do that forever\n|inactive|tienlay has 120 seconds left.\n|\n|t:|1698583599\n|move|p1a: Espathra|Substitute|p1a: Espathra\n|-start|p1a: Espathra|Substitute\n|-damage|p1a: Espathra|25\/100\n|move|p2a: Eiscue|Icicle Crash|p1a: Espathra\n|-end|p1a: Espathra|Substitute\n|\n|-heal|p1a: Espathra|31\/100|[from] item: Leftovers\n|upkeep\n|turn|25\n|\n|t:|1698583618\n|move|p1a: Espathra|Protect|p1a: Espathra\n|-singleturn|p1a: Espathra|Protect\n|move|p2a: Eiscue|Reversal|p1a: Espathra\n|-activate|p1a: Espathra|move: Protect\n|\n|-heal|p1a: Espathra|37\/100|[from] item: Leftovers\n|upkeep\n|turn|26\n|inactive|tienlay has 120 seconds left.\n|\n|t:|1698583634\n|move|p1a: Espathra|Substitute|p1a: Espathra\n|-start|p1a: Espathra|Substitute\n|-damage|p1a: Espathra|12\/100\n|move|p2a: Eiscue|Reversal|p1a: Espathra\n|-resisted|p1a: Espathra\n|-activate|p1a: Espathra|move: Substitute|[damage]\n|\n|-heal|p1a: Espathra|18\/100|[from] item: Leftovers\n|upkeep\n|turn|27\n|inactive|tienlay has 120 seconds left.\n|\n|t:|1698583646\n|move|p1a: Espathra|Protect|p1a: Espathra\n|-singleturn|p1a: Espathra|Protect\n|move|p2a: Eiscue|Reversal|p1a: Espathra\n|-activate|p1a: Espathra|move: Protect\n|\n|-heal|p1a: Espathra|24\/100|[from] item: Leftovers\n|upkeep\n|turn|28\n|\n|t:|1698583653\n|move|p1a: Espathra|Stored Power|p2a: Eiscue\n|-end|p2a: Eiscue|Substitute\n|move|p2a: Eiscue|Reversal|p1a: Espathra\n|-resisted|p1a: Espathra\n|-activate|p1a: Espathra|move: Substitute|[damage]\n|\n|-heal|p1a: Espathra|30\/100|[from] item: Leftovers\n|upkeep\n|turn|29\n|\n|t:|1698583659\n|move|p1a: Espathra|Stored Power|p2a: Eiscue|[miss]\n|-miss|p1a: Espathra|p2a: Eiscue\n|move|p2a: Eiscue|Substitute|p2a: Eiscue\n|-start|p2a: Eiscue|Substitute\n|-damage|p2a: Eiscue|22\/100\n|\n|-heal|p1a: Espathra|37\/100|[from] item: Leftovers\n|upkeep\n|turn|30\n|c|\u2606tienlay|Actually i may can\n|\n|t:|1698583678\n|move|p1a: Espathra|Protect|p1a: Espathra\n|-singleturn|p1a: Espathra|Protect\n|move|p2a: Eiscue|Reversal|p1a: Espathra\n|-activate|p1a: Espathra|move: Protect\n|\n|-heal|p1a: Espathra|43\/100|[from] item: Leftovers\n|upkeep\n|turn|31\n|\n|t:|1698583684\n|move|p1a: Espathra|Stored Power|p2a: Eiscue|[miss]\n|-miss|p1a: Espathra|p2a: Eiscue\n|move|p2a: Eiscue|Reversal|p1a: Espathra\n|-resisted|p1a: Espathra\n|-end|p1a: Espathra|Substitute\n|\n|-heal|p1a: Espathra|49\/100|[from] item: Leftovers\n|upkeep\n|turn|32\n|\n|t:|1698583692\n|move|p1a: Espathra|Protect|p1a: Espathra\n|-singleturn|p1a: Espathra|Protect\n|move|p2a: Eiscue|Icicle Crash|p1a: Espathra\n|-activate|p1a: Espathra|move: Protect\n|\n|-heal|p1a: Espathra|55\/100|[from] item: Leftovers\n|upkeep\n|turn|33\n|c|\u2606ImNotThatGoodOk?|Just so you know I ain't leaving\n|\n|t:|1698583702\n|move|p1a: Espathra|Substitute|p1a: Espathra\n|-start|p1a: Espathra|Substitute\n|-damage|p1a: Espathra|30\/100\n|move|p2a: Eiscue|Reversal|p1a: Espathra\n|-resisted|p1a: Espathra\n|-activate|p1a: Espathra|move: Substitute|[damage]\n|\n|-heal|p1a: Espathra|36\/100|[from] item: Leftovers\n|upkeep\n|turn|34\n|\n|t:|1698583710\n|move|p1a: Espathra|Protect|p1a: Espathra\n|-singleturn|p1a: Espathra|Protect\n|move|p2a: Eiscue|Reversal|p1a: Espathra\n|-activate|p1a: Espathra|move: Protect\n|\n|-heal|p1a: Espathra|42\/100|[from] item: Leftovers\n|upkeep\n|turn|35\n|c|\u2606tienlay|Me neither\n|c|\u2606tienlay|Lmao\n|\n|t:|1698583723\n|move|p1a: Espathra|Stored Power|p2a: Eiscue|[miss]\n|-miss|p1a: Espathra|p2a: Eiscue\n|move|p2a: Eiscue|Reversal|p1a: Espathra\n|-resisted|p1a: Espathra\n|-end|p1a: Espathra|Substitute\n|\n|-heal|p1a: Espathra|48\/100|[from] item: Leftovers\n|upkeep\n|turn|36\n|\n|t:|1698583734\n|switch|p2a: Ditto|Ditto, shiny|87\/100\n|-transform|p2a: Ditto|p1a: Espathra|[from] ability: Imposter\n|move|p1a: Espathra|Protect||[still]\n|-fail|p1a: Espathra\n|\n|-heal|p2a: Ditto|93\/100|[from] item: Leftovers\n|-heal|p1a: Espathra|54\/100|[from] item: Leftovers\n|upkeep\n|turn|37\n|\n|t:|1698583742\n|move|p2a: Ditto|Protect|p2a: Ditto\n|-singleturn|p2a: Ditto|Protect\n|move|p1a: Espathra|Substitute|p1a: Espathra\n|-start|p1a: Espathra|Substitute\n|-damage|p1a: Espathra|29\/100\n|\n|-heal|p2a: Ditto|99\/100|[from] item: Leftovers\n|-heal|p1a: Espathra|36\/100|[from] item: Leftovers\n|upkeep\n|turn|38\n|\n|t:|1698583763\n|move|p1a: Espathra|Baton Pass|p1a: Espathra\n|\n|t:|1698583766\n|switch|p1a: Drifblim|Drifblim, M|100\/100|[from] Baton Pass\n|move|p2a: Ditto|Substitute|p2a: Ditto\n|-start|p2a: Ditto|Substitute\n|-damage|p2a: Ditto|74\/100\n|\n|-heal|p2a: Ditto|80\/100|[from] item: Leftovers\n|upkeep\n|turn|39\n|\n|t:|1698583774\n|move|p2a: Ditto|Baton Pass|p2a: Ditto\n|\n|t:|1698583779\n|switch|p2a: Drifblim|Drifblim, F, shiny|47\/100|[from] Baton Pass\n|move|p1a: Drifblim|Minimize|p1a: Drifblim\n|-boost|p1a: Drifblim|evasion|2\n|\n|upkeep\n|turn|40\n|c|\u2606tienlay|We all know where this about to go\n|c|\u2606ImNotThatGoodOk?|Fr\n|\n|t:|1698583802\n|move|p1a: Drifblim|Clear Smog|p2a: Drifblim\n|-resisted|p2a: Drifblim\n|-activate|p2a: Drifblim|move: Substitute|[damage]\n|move|p2a: Drifblim|Minimize|p2a: Drifblim\n|-boost|p2a: Drifblim|evasion|2\n|\n|upkeep\n|turn|41\n|\n|t:|1698583809\n|move|p1a: Drifblim|Minimize|p1a: Drifblim\n|-boost|p1a: Drifblim|evasion|2\n|move|p2a: Drifblim|Minimize|p2a: Drifblim\n|-boost|p2a: Drifblim|evasion|2\n|\n|upkeep\n|turn|42\n|\n|t:|1698583818\n|move|p1a: Drifblim|Minimize|p1a: Drifblim\n|-boost|p1a: Drifblim|evasion|2\n|move|p2a: Drifblim|Minimize|p2a: Drifblim\n|-boost|p2a: Drifblim|evasion|2\n|\n|upkeep\n|turn|43\n|c|\u2606tienlay|Hey\n|c|\u2606ImNotThatGoodOk?|Ye\n|c|\u2606tienlay|How about this\n|c|\u2606ImNotThatGoodOk?|What\n|c|\u2606tienlay|1 down mean win\n|c|\u2606tienlay|Ok?\n|c|\u2606ImNotThatGoodOk?|Ok\n|\n|t:|1698583846\n|move|p2a: Drifblim|Baton Pass|p2a: Drifblim\n|\n|t:|1698583862\n|switch|p2a: Gholdengo|Gholdengo, shiny|100\/100|[from] Baton Pass\n|move|p1a: Drifblim|Clear Smog|p2a: Gholdengo\n|-immune|p2a: Gholdengo\n|\n|upkeep\n|turn|44\n|c|\u2606tienlay|Ok let's do it\n|\n|t:|1698583870\n|move|p2a: Gholdengo|Shadow Ball|p1a: Drifblim|[miss]\n|-miss|p2a: Gholdengo|p1a: Drifblim\n|move|p1a: Drifblim|Baton Pass|p1a: Drifblim\n|\n|t:|1698583875\n|switch|p1a: Cinderace|Cinderace, F|100\/100|[from] Baton Pass\n|\n|upkeep\n|turn|45\n|c|\u2606ImNotThatGoodOk?|Don't think we can even hit each other\n|\n|t:|1698583885\n|-terastallize|p2a: Gholdengo|Normal\n|move|p1a: Cinderace|Sucker Punch|p2a: Gholdengo|[miss]\n|-start|p1a: Cinderace|typechange|Dark|[from] ability: Libero\n|-miss|p1a: Cinderace|p2a: Gholdengo\n|move|p2a: Gholdengo|Shadow Ball|p1a: Cinderace\n|-resisted|p1a: Cinderace\n|-activate|p1a: Cinderace|move: Substitute|[damage]\n|\n|upkeep\n|turn|46\n|\n|t:|1698583899\n|move|p1a: Cinderace|Pyro Ball|p2a: Gholdengo|[miss]\n|-miss|p1a: Cinderace|p2a: Gholdengo\n|move|p2a: Gholdengo|Shadow Ball|p1a: Cinderace|[miss]\n|-miss|p2a: Gholdengo|p1a: Cinderace\n|\n|upkeep\n|turn|47\n|\n|t:|1698583908\n|move|p1a: Cinderace|Iron Head|p2a: Gholdengo|[miss]\n|-miss|p1a: Cinderace|p2a: Gholdengo\n|move|p2a: Gholdengo|Shadow Ball|p1a: Cinderace\n|-resisted|p1a: Cinderace\n|-end|p1a: Cinderace|Substitute\n|\n|upkeep\n|turn|48\n|c|\u2606ImNotThatGoodOk?|Let's just wait until someone gets lucky\n|\n|t:|1698583921\n|move|p1a: Cinderace|Iron Head|p2a: Gholdengo|[miss]\n|-miss|p1a: Cinderace|p2a: Gholdengo\n|move|p2a: Gholdengo|Flash Cannon|p1a: Cinderace|[miss]\n|-miss|p2a: Gholdengo|p1a: Cinderace\n|\n|upkeep\n|turn|49\n|c|\u2606tienlay|Ya more lucky than me\n|c|\u2606tienlay|Lol\n|c|\u2606tienlay|You can say i always have the worst kind of luck\n|\n|t:|1698583950\n|move|p1a: Cinderace|Iron Head|p2a: Gholdengo|[miss]\n|-miss|p1a: Cinderace|p2a: Gholdengo\n|move|p2a: Gholdengo|Flash Cannon|p1a: Cinderace|[miss]\n|-miss|p2a: Gholdengo|p1a: Cinderace\n|\n|upkeep\n|turn|50\n|c|\u2606ImNotThatGoodOk?|This wouldn't have happended if we stalled\n|\n|t:|1698583961\n|move|p1a: Cinderace|Iron Head|p2a: Gholdengo\n|-end|p2a: Gholdengo|Substitute\n|move|p2a: Gholdengo|Flash Cannon|p1a: Cinderace\n|-damage|p1a: Cinderace|36\/100\n|\n|upkeep\n|turn|51\n|c|\u2606tienlay|Maybe\n|c|\u2606ImNotThatGoodOk?|Finally\n|c|\u2606tienlay|Dam\n|\n|t:|1698583977\n|move|p1a: Cinderace|Iron Head|p2a: Gholdengo\n|-damage|p2a: Gholdengo|69\/100\n|move|p2a: Gholdengo|Flash Cannon|p1a: Cinderace|[miss]\n|-miss|p2a: Gholdengo|p1a: Cinderace\n|\n|upkeep\n|turn|52\n|c|\u2606ImNotThatGoodOk?|Wtf\n|\n|t:|1698583985\n|move|p1a: Cinderace|Pyro Ball|p2a: Gholdengo|[miss]\n|-miss|p1a: Cinderace|p2a: Gholdengo\n|move|p2a: Gholdengo|Flash Cannon|p1a: Cinderace\n|-damage|p1a: Cinderace|0 fnt\n|faint|p1a: Cinderace\n|\n|upkeep\n|c|\u2606ImNotThatGoodOk?|Ok ty\n|c|\u2606tienlay|Lmao\n|c|\u2606tienlay|Gg\n|c|\u2606ImNotThatGoodOk?|Continue game tho\n|c|\u2606ImNotThatGoodOk?|I wanna see how far I get\n|c|\u2606tienlay|Ok.\n|inactive|tienlay has 120 seconds left.\n|\n|t:|1698584009\n|switch|p1a: Espathra|Espathra, M|36\/100\n|turn|53\n|\n|t:|1698584012\n|move|p1a: Espathra|Protect|p1a: Espathra\n|-singleturn|p1a: Espathra|Protect\n|move|p2a: Gholdengo|Shadow Ball|p1a: Espathra\n|-activate|p1a: Espathra|move: Protect\n|\n|-heal|p1a: Espathra|42\/100|[from] item: Leftovers\n|-ability|p1a: Espathra|Speed Boost|boost\n|-boost|p1a: Espathra|spe|1\n|upkeep\n|turn|54\n|c|\u2606tienlay|Ya 4x speed so\n|c|\u2606tienlay|Lol\n|\n|t:|1698584024\n|move|p2a: Gholdengo|Shadow Ball|p1a: Espathra\n|-supereffective|p1a: Espathra\n|-damage|p1a: Espathra|0 fnt\n|faint|p1a: Espathra\n|\n|upkeep\n|c|\u2606ImNotThatGoodOk?|Ye\n|\n|t:|1698584030\n|switch|p1a: Blissey|Blissey, F|100\/100\n|turn|55\n|\n|t:|1698584032\n|move|p2a: Gholdengo|Focus Blast|p1a: Blissey\n|-supereffective|p1a: Blissey\n|-crit|p1a: Blissey\n|-damage|p1a: Blissey|51\/100\n|move|p1a: Blissey|Thunder Wave|p2a: Gholdengo\n|-immune|p2a: Gholdengo|[from] ability: Good as Gold\n|\n|-heal|p1a: Blissey|58\/100|[from] item: Leftovers\n|upkeep\n|turn|56\n|c|\u2606ImNotThatGoodOk?|Bro holy shit even with a CRIT it survived\n|\n|t:|1698584043\n|move|p2a: Gholdengo|Focus Blast|p1a: Blissey|[miss]\n|-miss|p2a: Gholdengo|p1a: Blissey\n|move|p1a: Blissey|Soft-Boiled|p1a: Blissey\n|-heal|p1a: Blissey|100\/100\n|\n|upkeep\n|turn|57\n|c|\u2606tienlay|Dude\n|c|\u2606tienlay|It full hp and sp def\n|c|\u2606tienlay|Lmao\n|inactive|tienlay has 120 seconds left.\n|c|\u2606tienlay|I can survive everything\n|c|\u2606ImNotThatGoodOk?|Ik but 120 base power times it by 2\n|\n|t:|1698584090\n|move|p2a: Gholdengo|Focus Blast|p1a: Blissey\n|-supereffective|p1a: Blissey\n|-damage|p1a: Blissey|67\/100\n|move|p1a: Blissey|Soft-Boiled|p1a: Blissey\n|-heal|p1a: Blissey|100\/100\n|\n|upkeep\n|turn|58\n|inactive|tienlay has 120 seconds left.\n|c|\u2606tienlay|Lmao\n|\n|t:|1698584110\n|move|p2a: Gholdengo|Flash Cannon|p1a: Blissey\n|-crit|p1a: Blissey\n|-damage|p1a: Blissey|79\/100\n|move|p1a: Blissey|Soft-Boiled|p1a: Blissey\n|-heal|p1a: Blissey|100\/100\n|\n|upkeep\n|turn|59\n|c|\u2606ImNotThatGoodOk?|Istg I'm gonna switch\n|c|\u2606tienlay|Ok\n|\n|t:|1698584122\n|move|p2a: Gholdengo|Focus Blast|p1a: Blissey\n|-supereffective|p1a: Blissey\n|-damage|p1a: Blissey|71\/100\n|move|p1a: Blissey|Thunder Wave|p2a: Gholdengo\n|-immune|p2a: Gholdengo|[from] ability: Good as Gold\n|\n|-heal|p1a: Blissey|77\/100|[from] item: Leftovers\n|upkeep\n|turn|60\n|c|\u2606tienlay|Kkk\n|c|\u2606tienlay|Ya got me\n|\n|t:|1698584138\n|move|p2a: Gholdengo|Focus Blast|p1a: Blissey\n|-supereffective|p1a: Blissey\n|-damage|p1a: Blissey|45\/100\n|move|p1a: Blissey|Soft-Boiled|p1a: Blissey\n|-heal|p1a: Blissey|95\/100\n|\n|-heal|p1a: Blissey|100\/100|[from] item: Leftovers\n|upkeep\n|turn|61\n|inactive|tienlay has 120 seconds left.\n|inactive|ImNotThatGoodOk? has 120 seconds left.\n|\n|t:|1698584163\n|switch|p2a: Palafin|Palafin, F, shiny|100\/100\n|switch|p1a: Calyrex|Calyrex-Shadow|100\/100\n|-ability|p1a: Calyrex|As One\n|-ability|p1a: Calyrex|Unnerve\n|\n|upkeep\n|turn|62\n|\n|t:|1698584170\n|move|p1a: Calyrex|Astral Barrage|p2a: Palafin\n|-damage|p2a: Palafin|0 fnt\n|faint|p2a: Palafin\n|-ability|p1a: Calyrex|Grim Neigh|boost\n|-boost|p1a: Calyrex|spa|1\n|\n|upkeep\n|\n|t:|1698584176\n|switch|p2a: Gholdengo|Gholdengo, shiny, tera:Normal|69\/100\n|turn|63\n|\n|t:|1698584182\n|move|p1a: Calyrex|Astral Barrage|p2a: Gholdengo\n|-immune|p2a: Gholdengo\n|move|p2a: Gholdengo|Shadow Ball|p1a: Calyrex\n|-supereffective|p1a: Calyrex\n|-damage|p1a: Calyrex|0 fnt\n|faint|p1a: Calyrex\n|\n|upkeep\n|c|\u2606ImNotThatGoodOk?|What\n|c|\u2606tienlay|Misclick\n|inactive|tienlay has 120 seconds left.\n|c|\u2606tienlay|Damn, my buggy phone\n|\n|t:|1698584208\n|switch|p1a: Blissey|Blissey, F|100\/100\n|turn|64\n|c|\u2606ImNotThatGoodOk?|I'm playing on my Samsung fridge bro\n|c|\u2606tienlay|Mine ip 6\n|c|\u2606tienlay|Bruh~\n|\n|t:|1698584234\n|switch|p2a: Cyclizar|Cyclizar, M, shiny|100\/100\n|move|p1a: Blissey|Soft-Boiled||[still]\n|-fail|p1a: Blissey|heal\n|\n|upkeep\n|turn|65\n|c|\u2606ImNotThatGoodOk?|I'm totally gonna use priority move\n|\n|t:|1698584247\n|move|p1a: Blissey|Thunder Wave|p2a: Cyclizar\n|-status|p2a: Cyclizar|par\n|move|p2a: Cyclizar|Dragon Tail|p1a: Blissey\n|-damage|p1a: Blissey|77\/100\n|drag|p1a: Drifblim|Drifblim, M|100\/100\n|\n|upkeep\n|turn|66\n|\n|t:|1698584255\n|move|p1a: Drifblim|Minimize|p1a: Drifblim\n|-boost|p1a: Drifblim|evasion|2\n|move|p2a: Cyclizar|Draco Meteor|p1a: Drifblim\n|-damage|p1a: Drifblim|54\/100\n|-unboost|p2a: Cyclizar|spa|2\n|\n|upkeep\n|turn|67\n|c|\u2606ImNotThatGoodOk?|No\n|c|\u2606ImNotThatGoodOk?|NO\n|\n|t:|1698584263\n|move|p1a: Drifblim|Minimize|p1a: Drifblim\n|-boost|p1a: Drifblim|evasion|2\n|move|p2a: Cyclizar|Dragon Tail|p1a: Drifblim\n|-damage|p1a: Drifblim|22\/100\n|-enditem|p1a: Drifblim|Aguav Berry|[eat]\n|-heal|p1a: Drifblim|55\/100|[from] item: Aguav Berry\n|drag|p1a: Scream Tail|Scream Tail|100\/100\n|\n|upkeep\n|turn|68\n|c|\u2606ImNotThatGoodOk?|Ok thank god\n|inactive|tienlay has 120 seconds left.\n|\n|t:|1698584272\n|move|p1a: Scream Tail|Bulk Up|p1a: Scream Tail\n|-boost|p1a: Scream Tail|atk|1\n|-boost|p1a: Scream Tail|def|1\n|move|p2a: Cyclizar|Shed Tail|p2a: Cyclizar\n|-start|p2a: Cyclizar|Substitute|[from] move: Shed Tail\n|-damage|p2a: Cyclizar|50\/100 par\n|\n|t:|1698584278\n|switch|p2a: Ditto|Ditto, shiny|80\/100|[from] Shed Tail\n|-transform|p2a: Ditto|p1a: Scream Tail|[from] ability: Imposter\n|\n|-heal|p2a: Ditto|86\/100|[from] item: Leftovers\n|upkeep\n|turn|69\n|c|\u2606tienlay|Lol\n|inactive|tienlay has 120 seconds left.\n|c|\u2606tienlay|Ok i'm gonna forfeit\n|c|\u2606ImNotThatGoodOk?|Nono\n|c|\u2606ImNotThatGoodOk?|Don't you dare\n|c|\u2606tienlay|I'm lost since that calyrex\n|c|\u2606ImNotThatGoodOk?|It's turn 69\n|c|\u2606tienlay|Lol\n|\n|t:|1698584320\n|move|p2a: Ditto|Bulk Up|p2a: Ditto\n|-boost|p2a: Ditto|atk|1\n|-boost|p2a: Ditto|def|1\n|move|p1a: Scream Tail|Bulk Up|p1a: Scream Tail\n|-boost|p1a: Scream Tail|atk|1\n|-boost|p1a: Scream Tail|def|1\n|\n|-heal|p2a: Ditto|92\/100|[from] item: Leftovers\n|upkeep\n|turn|70\n|\n|t:|1698584326\n|move|p1a: Scream Tail|Drain Punch|p2a: Ditto\n|-resisted|p2a: Ditto\n|-activate|p2a: Ditto|move: Substitute|[damage]\n|move|p2a: Ditto|Bulk Up|p2a: Ditto\n|-boost|p2a: Ditto|atk|1\n|-boost|p2a: Ditto|def|1\n|\n|-heal|p2a: Ditto|98\/100|[from] item: Leftovers\n|upkeep\n|turn|71\n|\n|t:|1698584334\n|move|p1a: Scream Tail|Baton Pass|p1a: Scream Tail\n|\n|t:|1698584336\n|-end|p1a: Scream Tail|Protosynthesis|[silent]\n|switch|p1a: Drifblim|Drifblim, M|55\/100|[from] Baton Pass\n|move|p2a: Ditto|Bulk Up|p2a: Ditto\n|-boost|p2a: Ditto|atk|1\n|-boost|p2a: Ditto|def|1\n|\n|-heal|p2a: Ditto|100\/100|[from] item: Leftovers\n|upkeep\n|turn|72\n|c|\u2606ImNotThatGoodOk?|Wanna see something cool\n|c|\u2606ImNotThatGoodOk?|Oh FCK\n|\n|t:|1698584344\n|move|p1a: Drifblim|Minimize|p1a: Drifblim\n|-boost|p1a: Drifblim|evasion|2\n|move|p2a: Ditto|Baton Pass|p2a: Ditto\n|\n|t:|1698584348\n|-end|p2a: Ditto|Protosynthesis|[silent]\n|switch|p2a: Gholdengo|Gholdengo, shiny, tera:Normal|69\/100|[from] Baton Pass\n|\n|upkeep\n|turn|73\n|\n|t:|1698584351\n|move|p2a: Gholdengo|Shadow Ball|p1a: Drifblim|[miss]\n|-miss|p2a: Gholdengo|p1a: Drifblim\n|move|p1a: Drifblim|Minimize|p1a: Drifblim\n|-boost|p1a: Drifblim|evasion|2\n|\n|upkeep\n|turn|74\n|c|\u2606ImNotThatGoodOk?|Fuck fuck fuck\n|\n|t:|1698584358\n|move|p2a: Gholdengo|Shadow Ball|p1a: Drifblim|[miss]\n|-miss|p2a: Gholdengo|p1a: Drifblim\n|move|p1a: Drifblim|Baton Pass|p1a: Drifblim\n|\n|t:|1698584363\n|switch|p1a: Blissey|Blissey, F|77\/100|[from] Baton Pass\n|\n|-heal|p1a: Blissey|83\/100|[from] item: Leftovers\n|upkeep\n|turn|75\n|\n|t:|1698584366\n|move|p2a: Gholdengo|Focus Blast|p1a: Blissey|[miss]\n|-miss|p2a: Gholdengo|p1a: Blissey\n|move|p1a: Blissey|Seismic Toss|p2a: Gholdengo\n|-end|p2a: Gholdengo|Substitute\n|\n|-heal|p1a: Blissey|89\/100|[from] item: Leftovers\n|upkeep\n|turn|76\n|c|\u2606tienlay|It time\n|c|\u2606tienlay|For the ultimate blissey!\n|\n|t:|1698584387\n|move|p2a: Gholdengo|Make It Rain|p1a: Blissey|[miss]\n|-miss|p2a: Gholdengo|p1a: Blissey\n|move|p1a: Blissey|Seismic Toss|p2a: Gholdengo\n|-damage|p2a: Gholdengo|37\/100\n|\n|-heal|p1a: Blissey|95\/100|[from] item: Leftovers\n|upkeep\n|turn|77\n|c|\u2606ImNotThatGoodOk?|If I don't miss this I might win\n|\n|t:|1698584392\n|move|p2a: Gholdengo|Focus Blast|p1a: Blissey|[miss]\n|-miss|p2a: Gholdengo|p1a: Blissey\n|move|p1a: Blissey|Seismic Toss|p2a: Gholdengo\n|-damage|p2a: Gholdengo|5\/100\n|-enditem|p2a: Gholdengo|Iapapa Berry|[eat]\n|-heal|p2a: Gholdengo|39\/100|[from] item: Iapapa Berry\n|\n|-heal|p1a: Blissey|100\/100|[from] item: Leftovers\n|upkeep\n|turn|78\n|c|\u2606tienlay|Bro\n|c|\u2606tienlay|It can survive like 5 focus blast\n|c|\u2606tienlay|Even 3 close combat can't kill it\n|\n|t:|1698584419\n|move|p2a: Gholdengo|Focus Blast|p1a: Blissey|[miss]\n|-miss|p2a: Gholdengo|p1a: Blissey\n|move|p1a: Blissey|Seismic Toss|p2a: Gholdengo\n|-damage|p2a: Gholdengo|7\/100\n|\n|upkeep\n|turn|79\n|c|\u2606tienlay|If it hit\n|c|\u2606ImNotThatGoodOk?|I'm totally not out of pp\n|\n|t:|1698584434\n|move|p2a: Gholdengo|Make It Rain|p1a: Blissey\n|-damage|p1a: Blissey|77\/100\n|-unboost|p2a: Gholdengo|spa|1\n|move|p1a: Blissey|Seismic Toss|p2a: Gholdengo\n|-damage|p2a: Gholdengo|0 fnt\n|faint|p2a: Gholdengo\n|\n|-heal|p1a: Blissey|84\/100|[from] item: Leftovers\n|upkeep\n|\n|t:|1698584439\n|switch|p2a: Ditto|Ditto, shiny|100\/100\n|-transform|p2a: Ditto|p1a: Blissey|[from] ability: Imposter\n|turn|80\n|c|\u2606tienlay|1 soft boiled is enough\n|c|\u2606tienlay|Lol\n|\n|t:|1698584451\n|move|p1a: Blissey|Seismic Toss|p2a: Ditto\n|-damage|p2a: Ditto|67\/100\n|move|p2a: Ditto|Thunder Wave|p1a: Blissey|[miss]\n|-miss|p2a: Ditto|p1a: Blissey\n|\n|-heal|p1a: Blissey|90\/100|[from] item: Leftovers\n|-heal|p2a: Ditto|73\/100|[from] item: Leftovers\n|upkeep\n|turn|81\n|c|\u2606ImNotThatGoodOk?|How the hell did it hit\n|\n|t:|1698584461\n|move|p2a: Ditto|Thunder Wave|p1a: Blissey|[miss]\n|-miss|p2a: Ditto|p1a: Blissey\n|move|p1a: Blissey|Seismic Toss|p2a: Ditto|[miss]\n|-miss|p1a: Blissey|p2a: Ditto\n|\n|-heal|p2a: Ditto|79\/100|[from] item: Leftovers\n|-heal|p1a: Blissey|96\/100|[from] item: Leftovers\n|upkeep\n|turn|82\n|c|\u2606tienlay|Idk\n|c|\u2606tienlay|Lol\n|\n|t:|1698584473\n|move|p2a: Ditto|Thunder Wave|p1a: Blissey|[miss]\n|-miss|p2a: Ditto|p1a: Blissey\n|move|p1a: Blissey|Seismic Toss|p2a: Ditto|[miss]\n|-miss|p1a: Blissey|p2a: Ditto\n|\n|-heal|p2a: Ditto|85\/100|[from] item: Leftovers\n|-heal|p1a: Blissey|100\/100|[from] item: Leftovers\n|upkeep\n|turn|83\n|\n|t:|1698584481\n|move|p1a: Blissey|Seismic Toss|p2a: Ditto\n|-damage|p2a: Ditto|52\/100\n|move|p2a: Ditto|Thunder Wave|p1a: Blissey|[miss]\n|-miss|p2a: Ditto|p1a: Blissey\n|\n|-heal|p2a: Ditto|58\/100|[from] item: Leftovers\n|upkeep\n|turn|84\n|\n|t:|1698584486\n|move|p1a: Blissey|Seismic Toss|p2a: Ditto|[miss]\n|-miss|p1a: Blissey|p2a: Ditto\n|move|p2a: Ditto|Thunder Wave|p1a: Blissey\n|-status|p1a: Blissey|par\n|\n|-heal|p2a: Ditto|64\/100|[from] item: Leftovers\n|upkeep\n|turn|85\n|\n|t:|1698584491\n|move|p2a: Ditto|Soft-Boiled|p2a: Ditto\n|-heal|p2a: Ditto|100\/100\n|move|p1a: Blissey|Seismic Toss|p2a: Ditto\n|-damage|p2a: Ditto|67\/100\n|\n|-heal|p2a: Ditto|73\/100|[from] item: Leftovers\n|upkeep\n|turn|86\n|c|\u2606tienlay|It hit\n|c|\u2606tienlay|Lmao\n|\n|t:|1698584502\n|move|p2a: Ditto|Seismic Toss|p1a: Blissey\n|-damage|p1a: Blissey|86\/100 par\n|move|p1a: Blissey|Seismic Toss|p2a: Ditto|[miss]\n|-miss|p1a: Blissey|p2a: Ditto\n|\n|-heal|p2a: Ditto|79\/100|[from] item: Leftovers\n|-heal|p1a: Blissey|93\/100 par|[from] item: Leftovers\n|upkeep\n|turn|87\n|c|\u2606ImNotThatGoodOk?|How did you manage to hit me like 3 times in a row\n|\n|t:|1698584514\n|move|p2a: Ditto|Seismic Toss|p1a: Blissey\n|-damage|p1a: Blissey|79\/100 par\n|move|p1a: Blissey|Thunder Wave|p2a: Ditto|[miss]\n|-miss|p1a: Blissey|p2a: Ditto\n|\n|-heal|p2a: Ditto|85\/100|[from] item: Leftovers\n|-heal|p1a: Blissey|85\/100 par|[from] item: Leftovers\n|upkeep\n|turn|88\n|c|\u2606tienlay|Idk\n|c|\u2606ImNotThatGoodOk?|Wait a minute I just realized\n|c|\u2606tienlay|That like my 1 year worth of luck\n|c|\u2606ImNotThatGoodOk?|That's your only move that you can hit with\n|c|\u2606tienlay|Lol\n|c|\u2606tienlay|Yeah, lmao\n|c|\u2606tienlay|Uh oh\n|inactive|tienlay has 120 seconds left.\n|c|\u2606tienlay|Dont tell me\n|inactive|ImNotThatGoodOk? has 120 seconds left.\n|\n|t:|1698584561\n|move|p2a: Ditto|Seismic Toss|p1a: Blissey|[miss]\n|-miss|p2a: Ditto|p1a: Blissey\n|cant|p1a: Blissey|par\n|\n|-heal|p2a: Ditto|91\/100|[from] item: Leftovers\n|-heal|p1a: Blissey|91\/100 par|[from] item: Leftovers\n|upkeep\n|turn|89\n|inactive|ImNotThatGoodOk? has 120 seconds left.\n|c|\u2606ImNotThatGoodOk?|I was too scared for a thunder wave\n|\n|t:|1698584574\n|move|p2a: Ditto|Seismic Toss|p1a: Blissey|[miss]\n|-miss|p2a: Ditto|p1a: Blissey\n|move|p1a: Blissey|Seismic Toss|p2a: Ditto\n|-damage|p2a: Ditto|58\/100\n|\n|-heal|p2a: Ditto|64\/100|[from] item: Leftovers\n|-heal|p1a: Blissey|97\/100 par|[from] item: Leftovers\n|upkeep\n|turn|90\n|c|\u2606tienlay|Lmao\n|\n|t:|1698584587\n|switch|p2a: Drifblim|Drifblim, F, shiny|47\/100\n|cant|p1a: Blissey|par\n|\n|-heal|p1a: Blissey|100\/100 par|[from] item: Leftovers\n|upkeep\n|turn|91\n|c|\u2606ImNotThatGoodOk?|Am I faster\n|\n|t:|1698584603\n|move|p2a: Drifblim|Minimize|p2a: Drifblim\n|-boost|p2a: Drifblim|evasion|2\n|move|p1a: Blissey|Thunder Wave|p2a: Drifblim\n|-status|p2a: Drifblim|par\n|\n|upkeep\n|turn|92\n|c|\u2606tienlay|Lol\n|c|\u2606tienlay|I'm lost\n|c|\u2606tienlay|No move to hit\n|c|\u2606ImNotThatGoodOk?|The only move that you can hit me with now is struggle\n|\n|t:|1698584628\n|move|p2a: Drifblim|Minimize|p2a: Drifblim\n|-boost|p2a: Drifblim|evasion|2\n|cant|p1a: Blissey|par\n|\n|upkeep\n|turn|93\n|c|\u2606tienlay|Yeah, lol\n|c|\u2606tienlay|Gg bro\n|inactive|tienlay has 90 seconds left.\n|c|\u2606ImNotThatGoodOk?|Gg\n|c|\u2606ImNotThatGoodOk?|93 turns bro\n|c|\u2606tienlay|I'm gonna make some more stall team\n|c|\u2606tienlay|Lmao\n|c|\u2606ImNotThatGoodOk?|How do I add you\n|\n|t:|1698584661\n|move|p2a: Drifblim|Minimize|p2a: Drifblim\n|-boost|p2a: Drifblim|evasion|2\n|cant|p1a: Blissey|par\n|\n|upkeep\n|turn|94\n|c|\u2606tienlay|Let me do it\n|c|\u2606ImNotThatGoodOk?|Wait I FORGOT I CAN DO THIS BRO\n|\n|t:|1698584675\n|-curestatus|p1a: Blissey|par|[from] ability: Natural Cure\n|switch|p1a: Drifblim|Drifblim, M|55\/100\n|cant|p2a: Drifblim|par\n|\n|upkeep\n|turn|95\n|c|\u2606ImNotThatGoodOk?|Awh\n|c|\u2606ImNotThatGoodOk?|I forgot I had clear smog\n|\n|t:|1698584686\n|move|p1a: Drifblim|Clear Smog|p2a: Drifblim\n|-resisted|p2a: Drifblim\n|-damage|p2a: Drifblim|41\/100 par\n|-clearboost|p2a: Drifblim\n|cant|p2a: Drifblim|par\n|\n|upkeep\n|turn|96\n|\n|t:|1698584696\n|move|p1a: Drifblim|Minimize|p1a: Drifblim\n|-boost|p1a: Drifblim|evasion|2\n|move|p2a: Drifblim|Baton Pass|p2a: Drifblim\n|\n|t:|1698584702\n|switch|p2a: Cyclizar|Cyclizar, M, shiny|83\/100 par|[from] Baton Pass\n|\n|upkeep\n|turn|97\n|c|\u2606tienlay|Bro\n|c|\u2606tienlay|Why baton\n|\n|t:|1698584717\n|move|p1a: Drifblim|Minimize|p1a: Drifblim\n|-boost|p1a: Drifblim|evasion|2\n|move|p2a: Cyclizar|Ice Spinner|p1a: Drifblim|[miss]\n|-miss|p2a: Cyclizar|p1a: Drifblim\n|\n|upkeep\n|turn|98\n|c|\u2606ImNotThatGoodOk?|Dk\n|c|\u2606ImNotThatGoodOk?|If I hit this your prob dead\n|c|\u2606ImNotThatGoodOk?|But I know I'm ain't\n|\n|t:|1698584732\n|move|p1a: Drifblim|Baton Pass|p1a: Drifblim\n|c|\u2606tienlay|Not if i do this\n|\n|t:|1698584739\n|switch|p1a: Scream Tail|Scream Tail|100\/100|[from] Baton Pass\n|move|p2a: Cyclizar|Dragon Tail|p1a: Scream Tail\n|-immune|p1a: Scream Tail\n|\n|upkeep\n|turn|99\n|c|\u2606ImNotThatGoodOk?|How do I add you\n|c|\u2606ImNotThatGoodOk?|Fuck\n|\n|t:|1698584750\n|move|p1a: Scream Tail|Drain Punch|p2a: Cyclizar\n|-supereffective|p2a: Cyclizar\n|-damage|p2a: Cyclizar|10\/100 par\n|-enditem|p2a: Cyclizar|Iapapa Berry|[eat]\n|-heal|p2a: Cyclizar|43\/100 par|[from] item: Iapapa Berry\n|-start|p2a: Cyclizar|confusion\n|-activate|p2a: Cyclizar|confusion\n|move|p2a: Cyclizar|Shed Tail|p2a: Cyclizar\n|-fail|p2a: Cyclizar|move: Shed Tail|[weak]\n|\n|upkeep\n|turn|100\n|c|\u2606tienlay|I already done it\n|c|\u2606ImNotThatGoodOk?|Well goodbye cyclizar\n|inactive|tienlay has 60 seconds left.\n|inactive|ImNotThatGoodOk? has 90 seconds left.\n|c|\u2606tienlay|Just click accept after match\n|\n|t:|1698584776\n|move|p1a: Scream Tail|Drain Punch|p2a: Cyclizar\n|-supereffective|p2a: Cyclizar\n|-damage|p2a: Cyclizar|0 fnt\n|faint|p2a: Cyclizar\n|\n|upkeep\n|c|\u2606ImNotThatGoodOk?|Ok\n|inactive|ImNotThatGoodOk? has 90 seconds left.\n|c|\u2606tienlay|1st time\n|c|\u2606ImNotThatGoodOk?|Can you atleast switch to your blissey pls\n|\n|t:|1698584792\n|switch|p2a: Drifblim|Drifblim, F, shiny|41\/100 par\n|turn|101\n|c|\u2606tienlay|100 t\u1ee7en\n|c|\u2606ImNotThatGoodOk?|I'm begging\n|inactive|tienlay has 60 seconds left.\n|\n|t:|1698584801\n|move|p1a: Scream Tail|Bulk Up|p1a: Scream Tail\n|-boost|p1a: Scream Tail|atk|1\n|-boost|p1a: Scream Tail|def|1\n|move|p2a: Drifblim|Clear Smog|p1a: Scream Tail\n|-supereffective|p1a: Scream Tail\n|-damage|p1a: Scream Tail|85\/100\n|-clearboost|p1a: Scream Tail\n|\n|upkeep\n|turn|102\n|c|\u2606ImNotThatGoodOk?|Pls\n|inactive|tienlay has 60 seconds left.\n|c|\u2606ImNotThatGoodOk?|Holy shit\n|\n|t:|1698584815\n|move|p1a: Scream Tail|Baton Pass|p1a: Scream Tail\n|\n|t:|1698584818\n|-end|p1a: Scream Tail|Protosynthesis|[silent]\n|switch|p1a: Drifblim|Drifblim, M|55\/100|[from] Baton Pass\n|move|p2a: Drifblim|Minimize|p2a: Drifblim\n|-boost|p2a: Drifblim|evasion|2\n|\n|upkeep\n|turn|103\n|\n|t:|1698584825\n|move|p1a: Drifblim|Minimize|p1a: Drifblim\n|-boost|p1a: Drifblim|evasion|2\n|move|p2a: Drifblim|Clear Smog|p1a: Drifblim\n|-resisted|p1a: Drifblim\n|-damage|p1a: Drifblim|49\/100\n|-clearboost|p1a: Drifblim\n|\n|upkeep\n|turn|104\n|\n|t:|1698584834\n|move|p1a: Drifblim|Minimize|p1a: Drifblim\n|-boost|p1a: Drifblim|evasion|2\n|move|p2a: Drifblim|Minimize|p2a: Drifblim\n|-boost|p2a: Drifblim|evasion|2\n|\n|upkeep\n|turn|105\n|c|\u2606tienlay|Lmao\n|\n|t:|1698584841\n|move|p1a: Drifblim|Clear Smog|p2a: Drifblim\n|-resisted|p2a: Drifblim\n|-damage|p2a: Drifblim|35\/100 par\n|-clearboost|p2a: Drifblim\n|move|p2a: Drifblim|Clear Smog|p1a: Drifblim\n|-resisted|p1a: Drifblim\n|-damage|p1a: Drifblim|43\/100\n|-clearboost|p1a: Drifblim\n|\n|upkeep\n|turn|106\n|\n|t:|1698584852\n|move|p1a: Drifblim|Clear Smog|p2a: Drifblim\n|-resisted|p2a: Drifblim\n|-damage|p2a: Drifblim|30\/100 par\n|-clearboost|p2a: Drifblim\n|move|p2a: Drifblim|Defog|p1a: Drifblim\n|-unboost|p1a: Drifblim|evasion|1\n|\n|upkeep\n|turn|107\n|\n|t:|1698584860\n|move|p1a: Drifblim|Minimize|p1a: Drifblim\n|-boost|p1a: Drifblim|evasion|2\n|move|p2a: Drifblim|Defog|p1a: Drifblim\n|-unboost|p1a: Drifblim|evasion|1\n|\n|upkeep\n|turn|108\n|\n|t:|1698584867\n|move|p1a: Drifblim|Clear Smog|p2a: Drifblim\n|-resisted|p2a: Drifblim\n|-crit|p2a: Drifblim\n|-damage|p2a: Drifblim|21\/100 par\n|-clearboost|p2a: Drifblim\n|-enditem|p2a: Drifblim|Iapapa Berry|[eat]\n|-heal|p2a: Drifblim|54\/100 par|[from] item: Iapapa Berry\n|move|p2a: Drifblim|Minimize|p2a: Drifblim\n|-boost|p2a: Drifblim|evasion|2\n|\n|upkeep\n|turn|109\n|c|\u2606ImNotThatGoodOk?|Ty\n|\n|t:|1698584882\n|move|p2a: Drifblim|Minimize|p2a: Drifblim\n|-boost|p2a: Drifblim|evasion|2\n|move|p1a: Drifblim|Clear Smog|p2a: Drifblim\n|-resisted|p2a: Drifblim\n|-damage|p2a: Drifblim|49\/100 par\n|-clearboost|p2a: Drifblim\n|\n|upkeep\n|turn|110\n|c|\u2606tienlay|Lmao, np\n|c|\u2606ImNotThatGoodOk?|How tf are you so lucky\n|inactive|tienlay has 60 seconds left.\n|inactive|ImNotThatGoodOk? has 60 seconds left.\n|c|\u2606tienlay|I'm watching some techno vids\n|c|\u2606ImNotThatGoodOk?|Swap to your blissey pls\n|c|\u2606ImNotThatGoodOk?|I'm begging\n|c|\u2606tienlay|Maybe that my sources of luck\n|c|\u2606tienlay|Lol\n|c|\u2606ImNotThatGoodOk?|Pwease\n|\n|t:|1698584925\n|move|p1a: Drifblim|Clear Smog|p2a: Drifblim\n|-resisted|p2a: Drifblim\n|-damage|p2a: Drifblim|43\/100 par\n|-clearboost|p2a: Drifblim\n|move|p2a: Drifblim|Defog|p1a: Drifblim\n|-unboost|p1a: Drifblim|evasion|1\n|\n|upkeep\n|turn|111\n|c|\u2606tienlay|Why\n|c|\u2606ImNotThatGoodOk?|Pls\n|c|\u2606tienlay|I have no move on it\n|c|\u2606ImNotThatGoodOk?|Just do it\n|\n|t:|1698584935\n|move|p2a: Drifblim|Clear Smog|p1a: Drifblim\n|-resisted|p1a: Drifblim\n|-damage|p1a: Drifblim|37\/100\n|-clearboost|p1a: Drifblim\n|move|p1a: Drifblim|Clear Smog|p2a: Drifblim\n|-resisted|p2a: Drifblim\n|-damage|p2a: Drifblim|37\/100 par\n|-clearboost|p2a: Drifblim\n|\n|upkeep\n|turn|112\n|\n|t:|1698584941\n|move|p1a: Drifblim|Clear Smog|p2a: Drifblim\n|-resisted|p2a: Drifblim\n|-damage|p2a: Drifblim|32\/100 par\n|-clearboost|p2a: Drifblim\n|move|p2a: Drifblim|Clear Smog|p1a: Drifblim\n|-resisted|p1a: Drifblim\n|-damage|p1a: Drifblim|31\/100\n|-clearboost|p1a: Drifblim\n|\n|upkeep\n|turn|113\n|\n|t:|1698584949\n|move|p2a: Drifblim|Clear Smog|p1a: Drifblim\n|-resisted|p1a: Drifblim\n|-damage|p1a: Drifblim|25\/100\n|-clearboost|p1a: Drifblim\n|move|p1a: Drifblim|Clear Smog|p2a: Drifblim\n|-resisted|p2a: Drifblim\n|-damage|p2a: Drifblim|26\/100 par\n|-clearboost|p2a: Drifblim\n|\n|upkeep\n|turn|114\n|c|\u2606ImNotThatGoodOk?|Does it depend on whoever gets a CRIT\n|\n|t:|1698584957\n|move|p2a: Drifblim|Clear Smog|p1a: Drifblim\n|-resisted|p1a: Drifblim\n|-damage|p1a: Drifblim|20\/100\n|-clearboost|p1a: Drifblim\n|move|p1a: Drifblim|Clear Smog|p2a: Drifblim\n|-resisted|p2a: Drifblim\n|-damage|p2a: Drifblim|20\/100 par\n|-clearboost|p2a: Drifblim\n|\n|upkeep\n|turn|115\n|c|\u2606ImNotThatGoodOk?|Or outspeeds\n|c|\u2606ImNotThatGoodOk?|Oh wait I'm par\n|c|\u2606tienlay|Why ya not paralyzed?\n|inactive|tienlay has 30 seconds left.\n|c|\u2606ImNotThatGoodOk?|Dk\n|c|\u2606tienlay|It been like 7 turn\n|inactive|tienlay has 20 seconds left.\n|c|\u2606ImNotThatGoodOk?|I'm prob gonna jinx it\n|inactive|tienlay has 15 seconds left.\n|c|\u2606tienlay|Idk if it depend on crit\n|c|\u2606ImNotThatGoodOk?|Hurry up\n|\n|t:|1698584997\n|move|p2a: Drifblim|Clear Smog|p1a: Drifblim\n|-resisted|p1a: Drifblim\n|-damage|p1a: Drifblim|14\/100\n|-clearboost|p1a: Drifblim\n|move|p1a: Drifblim|Clear Smog|p2a: Drifblim\n|-resisted|p2a: Drifblim\n|-damage|p2a: Drifblim|14\/100 par\n|-clearboost|p2a: Drifblim\n|\n|upkeep\n|turn|116\n|inactive|tienlay has 20 seconds left this turn.\n|c|\u2606ImNotThatGoodOk?|Quickly\n|inactive|tienlay has 15 seconds left.\n|\n|t:|1698585004\n|switch|p1a: Blissey|Blissey, F|100\/100\n|move|p2a: Drifblim|Clear Smog|p1a: Blissey\n|-damage|p1a: Blissey|97\/100\n|-clearboost|p1a: Blissey\n|\n|-heal|p1a: Blissey|100\/100|[from] item: Leftovers\n|upkeep\n|turn|117\n|inactive|tienlay has 20 seconds left this turn.\n|c|\u2606ImNotThatGoodOk?|Ty\n|inactive|tienlay has 15 seconds left.\n|\n|t:|1698585012\n|switch|p2a: Ditto|Ditto, shiny|64\/100\n|-transform|p2a: Ditto|p1a: Blissey|[from] ability: Imposter\n|move|p1a: Blissey|Healing Wish|p1a: Blissey\n|faint|p1a: Blissey\n|\n|-heal|p2a: Ditto|70\/100|[from] item: Leftovers\n|upkeep\n|inactive|tienlay has 20 seconds left this turn.\n|\n|t:|1698585014\n|switch|p1a: Drifblim|Drifblim, M|14\/100\n|-heal|p1a: Drifblim|100\/100|[from] move: Healing Wish\n|turn|118\n|inactive|tienlay has 25 seconds left this turn.\n|c|\u2606ImNotThatGoodOk?|Hehe\n|inactive|tienlay has 20 seconds left.\n|\n|t:|1698585020\n|move|p1a: Drifblim|Minimize|p1a: Drifblim\n|-boost|p1a: Drifblim|evasion|2\n|move|p2a: Ditto|Healing Wish|p2a: Ditto\n|faint|p2a: Ditto\n|\n|upkeep\n|inactive|tienlay has 25 seconds left this turn.\n|\n|t:|1698585024\n|switch|p2a: Eiscue|Eiscue, F, shiny|22\/100\n|-heal|p2a: Eiscue|100\/100|[from] move: Healing Wish\n|turn|119\n|inactive|tienlay has 30 seconds left this turn.\n|inactive|ImNotThatGoodOk? has 60 seconds left.\n|\n|t:|1698585031\n|move|p1a: Drifblim|Minimize|p1a: Drifblim\n|-boost|p1a: Drifblim|evasion|2\n|move|p2a: Eiscue|Belly Drum|p2a: Eiscue\n|-damage|p2a: Eiscue|50\/100\n|-setboost|p2a: Eiscue|atk|6|[from] move: Belly Drum\n|\n|upkeep\n|turn|120\n|inactive|tienlay has 30 seconds left this turn.\n|c|\u2606ImNotThatGoodOk?|It is time\n|inactive|ImNotThatGoodOk? has 60 seconds left.\n|\n|t:|1698585039\n|move|p1a: Drifblim|Clear Smog|p2a: Eiscue\n|-damage|p2a: Eiscue|36\/100\n|-clearboost|p2a: Eiscue\n|move|p2a: Eiscue|Substitute|p2a: Eiscue\n|-start|p2a: Eiscue|Substitute\n|-damage|p2a: Eiscue|11\/100\n|\n|upkeep\n|turn|121\n|c|\u2606tienlay|Lol\n|c|\u2606ImNotThatGoodOk?|Fuck\n|inactive|tienlay has 30 seconds left.\n|inactive|ImNotThatGoodOk? has 60 seconds left.\n|c|\u2606ImNotThatGoodOk?|Ice face doesn't work\n|c|\u2606ImNotThatGoodOk?|Work\n|\n|t:|1698585053\n|move|p1a: Drifblim|Baton Pass|p1a: Drifblim\n|inactive|tienlay has 30 seconds left this turn.\n|\n|t:|1698585056\n|switch|p1a: Scream Tail|Scream Tail|85\/100|[from] Baton Pass\n|move|p2a: Eiscue|Icicle Crash|p1a: Scream Tail\n|-damage|p1a: Scream Tail|61\/100\n|\n|upkeep\n|turn|122\n|inactive|tienlay has 30 seconds left.\n|inactive|ImNotThatGoodOk? has 60 seconds left.\n|\n|t:|1698585065\n|move|p1a: Scream Tail|Bulk Up|p1a: Scream Tail\n|-boost|p1a: Scream Tail|atk|1\n|-boost|p1a: Scream Tail|def|1\n|move|p2a: Eiscue|Icicle Crash|p1a: Scream Tail|[miss]\n|-miss|p2a: Eiscue|p1a: Scream Tail\n|\n|upkeep\n|turn|123\n|inactive|tienlay has 30 seconds left.\n|c|\u2606ImNotThatGoodOk?|Yeah no I'm done\n|inactive|tienlay has 20 seconds left.\n|c|\u2606ImNotThatGoodOk?|Penetrate me already I'm fucking finished\n|c|\u2606tienlay|Ice face for physical contact only\n|inactive|tienlay has 15 seconds left.\n|c|\u2606ImNotThatGoodOk?|Oh\n|inactive|tienlay has 10 seconds left.\n|inactive|tienlay has 5 seconds left.\n|c|\u2606tienlay|Special doesn't count\n|c|\u2606ImNotThatGoodOk?|Uh bro\n|\n|t:|1698585099\n|move|p1a: Scream Tail|Drain Punch|p2a: Eiscue\n|-supereffective|p2a: Eiscue\n|-end|p2a: Eiscue|Substitute\n|-heal|p1a: Scream Tail|69\/100|[from] drain|[of] p2a: Eiscue\n|move|p2a: Eiscue|Icicle Crash|p1a: Scream Tail|[miss]\n|-miss|p2a: Eiscue|p1a: Scream Tail\n|\n|upkeep\n|turn|124\n|inactive|tienlay has 10 seconds left this turn.\n|inactive|tienlay has 5 seconds left.\n|\n|t:|1698585107\n|move|p1a: Scream Tail|Bulk Up|p1a: Scream Tail\n|-boost|p1a: Scream Tail|atk|1\n|-boost|p1a: Scream Tail|def|1\n|move|p2a: Eiscue|Reversal|p1a: Scream Tail\n|-resisted|p1a: Scream Tail\n|-damage|p1a: Scream Tail|67\/100\n|\n|upkeep\n|turn|125\n|inactive|tienlay has 10 seconds left this turn.\n|\n|t:|1698585113\n|move|p1a: Scream Tail|Drain Punch|p2a: Eiscue\n|-activate|p2a: Eiscue|ability: Ice Face\n|-damage|p2a: Eiscue|11\/100\n|detailschange|p2a: Eiscue|Eiscue-Noice, F, shiny\n|move|p2a: Eiscue|Icicle Crash|p1a: Scream Tail|[miss]\n|-miss|p2a: Eiscue|p1a: Scream Tail\n|\n|upkeep\n|turn|126\n|inactive|tienlay has 15 seconds left this turn.\n|inactive|tienlay has 10 seconds left.\n|\n|t:|1698585120\n|move|p2a: Eiscue|Icicle Crash|p1a: Scream Tail|[miss]\n|-miss|p2a: Eiscue|p1a: Scream Tail\n|move|p1a: Scream Tail|Drain Punch|p2a: Eiscue\n|-supereffective|p2a: Eiscue\n|-damage|p2a: Eiscue|0 fnt\n|-heal|p1a: Scream Tail|71\/100|[from] drain|[of] p2a: Eiscue\n|faint|p2a: Eiscue\n|\n|upkeep\n|inactive|tienlay has 15 seconds left this turn.\n|c|\u2606ImNotThatGoodOk?|Ok I just lose gg\n|\n|t:|1698585127\n|switch|p2a: Drifblim|Drifblim, F, shiny|14\/100 par\n|turn|127\n|inactive|tienlay has 20 seconds left this turn.\n|inactive|tienlay has 15 seconds left.\n|inactive|tienlay has 10 seconds left.\n|c|\u2606tienlay|Let get this over with\n|inactive|tienlay has 5 seconds left.\n|c|\u2606tienlay|Shall we\n|\n|t:|1698585146\n|move|p1a: Scream Tail|Protect|p1a: Scream Tail\n|-singleturn|p1a: Scream Tail|Protect\n|move|p2a: Drifblim|Clear Smog|p1a: Scream Tail\n|-activate|p1a: Scream Tail|move: Protect\n|\n|upkeep\n|turn|128\n|inactive|tienlay has 10 seconds left this turn.\n|c|\u2606ImNotThatGoodOk?|Ok\n|inactive|tienlay has 5 seconds left.\n|\n|t:|1698585152\n|move|p1a: Scream Tail|Bulk Up|p1a: Scream Tail\n|-boost|p1a: Scream Tail|atk|1\n|-boost|p1a: Scream Tail|def|1\n|move|p2a: Drifblim|Clear Smog|p1a: Scream Tail\n|-supereffective|p1a: Scream Tail\n|-damage|p1a: Scream Tail|56\/100\n|-clearboost|p1a: Scream Tail\n|\n|upkeep\n|turn|129\n|inactive|tienlay has 10 seconds left this turn.\n|c|\u2606ImNotThatGoodOk?|Pls don't stall\n|c|\u2606ImNotThatGoodOk?|Can we rematch but not make a stall team\n|\n|t:|1698585161\n|move|p1a: Scream Tail|Baton Pass|p1a: Scream Tail\n|inactive|tienlay has 15 seconds left this turn.\n|\n|t:|1698585164\n|-end|p1a: Scream Tail|Protosynthesis|[silent]\n|switch|p1a: Drifblim|Drifblim, M|100\/100|[from] Baton Pass\n|move|p2a: Drifblim|Clear Smog|p1a: Drifblim\n|-resisted|p1a: Drifblim\n|-damage|p1a: Drifblim|95\/100\n|-clearboost|p1a: Drifblim\n|\n|upkeep\n|turn|130\n|inactive|tienlay has 20 seconds left this turn.\n|\n|t:|1698585171\n|move|p1a: Drifblim|Clear Smog|p2a: Drifblim\n|-resisted|p2a: Drifblim\n|-damage|p2a: Drifblim|8\/100 par\n|-clearboost|p2a: Drifblim\n|cant|p2a: Drifblim|par\n|\n|upkeep\n|turn|131\n|inactive|tienlay has 25 seconds left this turn.\n|c|\u2606ImNotThatGoodOk?|Yo\n|c|\u2606tienlay|Ok\n|inactive|tienlay has 20 seconds left.\n|c|\u2606ImNotThatGoodOk?|Aight\n|c|\u2606tienlay|But let me make a team\n|inactive|tienlay has 15 seconds left.\n|\n|t:|1698585182\n|move|p1a: Drifblim|Clear Smog|p2a: Drifblim\n|-resisted|p2a: Drifblim\n|-damage|p2a: Drifblim|3\/100 par\n|-clearboost|p2a: Drifblim\n|move|p2a: Drifblim|Clear Smog|p1a: Drifblim\n|-resisted|p1a: Drifblim\n|-damage|p1a: Drifblim|89\/100\n|-clearboost|p1a: Drifblim\n|\n|upkeep\n|turn|132\n|inactive|tienlay has 20 seconds left this turn.\n|\n|t:|1698585187\n|move|p1a: Drifblim|Clear Smog|p2a: Drifblim\n|-resisted|p2a: Drifblim\n|-damage|p2a: Drifblim|0 fnt\n|-clearboost|p2a: Drifblim\n|faint|p2a: Drifblim\n|\n|win|tienlay\n|inactive|tienlay has 25 seconds left this turn.\n|raw|tienlay's rating: 1053 &rarr; <strong>1093<\/strong><br \/>(+40 for winning)\n|raw|ImNotThatGoodOk?'s rating: 1145 &rarr; <strong>1114<\/strong><br \/>(-31 for losing)\n","uploadtime":1698584359,"views":4,"p1id":"tienlay","p2id":"imnotthatgoodok","formatid":"gen9anythinggoes","rating":1093,"private":0,"password":""}