{"id":"gen9anythinggoes-1986241955","p1":"Cherwony","p2":"EvaLikesBirds","format":"[Gen 9] Anything Goes","log":"|j|\u2606Cherwony\n|j|\u2606EvaLikesBirds\n|t:|1699462704\n|gametype|singles\n|player|p1|Cherwony|steven|1087\n|player|p2|EvaLikesBirds|elesa|1189\n|teamsize|p1|6\n|teamsize|p2|6\n|gen|9\n|tier|[Gen 9] Anything Goes\n|rated|\n|rule|HP Percentage Mod: HP is shown in percentages\n|rule|Endless Battle Clause: Forcing endless battles is banned\n|clearpoke\n|poke|p1|Garganacl, M|\n|poke|p1|Glalie, F|\n|poke|p1|Dusknoir, F|\n|poke|p1|Ceruledge, M|\n|poke|p1|Umbreon, M|\n|poke|p1|Medicham, M|\n|poke|p2|Rayquaza|\n|poke|p2|Braviary-Hisui, M|\n|poke|p2|Yanmega, F|\n|poke|p2|Jumpluff, F|\n|poke|p2|Dragonite, F|\n|poke|p2|Starly, L1, F|\n|teampreview\n|inactive|Battle timer is ON: inactive players will automatically lose when time's up. (requested by Cherwony)\n|\n|t:|1699462744\n|start\n|switch|p1a: Garganacl|Garganacl, M|100\/100\n|switch|p2a: IHaveThisShinyIRL|Yanmega, F, shiny|100\/100\n|turn|1\n|c|\u2606EvaLikesBirds|hello\n|inactive|EvaLikesBirds has 120 seconds left.\n|c|\u2606Cherwony|Hi\n|\n|t:|1699462783\n|move|p2a: IHaveThisShinyIRL|Protect|p2a: IHaveThisShinyIRL\n|-singleturn|p2a: IHaveThisShinyIRL|Protect\n|move|p1a: Garganacl|Salt Cure|p2a: IHaveThisShinyIRL\n|-activate|p2a: IHaveThisShinyIRL|move: Protect\n|\n|-ability|p2a: IHaveThisShinyIRL|Speed Boost|boost\n|-boost|p2a: IHaveThisShinyIRL|spe|1\n|upkeep\n|turn|2\n|inactive|EvaLikesBirds has 120 seconds left.\n|\n|t:|1699462790\n|move|p2a: IHaveThisShinyIRL|Air Slash|p1a: Garganacl\n|-resisted|p1a: Garganacl\n|-damage|p1a: Garganacl|81\/100\n|move|p1a: Garganacl|Salt Cure|p2a: IHaveThisShinyIRL\n|-supereffective|p2a: IHaveThisShinyIRL\n|-damage|p2a: IHaveThisShinyIRL|35\/100\n|-start|p2a: IHaveThisShinyIRL|Salt Cure\n|\n|-heal|p1a: Garganacl|87\/100|[from] item: Leftovers\n|-damage|p2a: IHaveThisShinyIRL|23\/100|[from] Salt Cure\n|-ability|p2a: IHaveThisShinyIRL|Speed Boost|boost\n|-boost|p2a: IHaveThisShinyIRL|spe|1\n|upkeep\n|turn|3\n|inactive|EvaLikesBirds has 120 seconds left.\n|\n|t:|1699462830\n|move|p2a: IHaveThisShinyIRL|Bug Buzz|p1a: Garganacl\n|-damage|p1a: Garganacl|47\/100\n|move|p1a: Garganacl|Curse|p1a: Garganacl\n|-unboost|p1a: Garganacl|spe|1\n|-boost|p1a: Garganacl|atk|1\n|-boost|p1a: Garganacl|def|1\n|\n|-heal|p1a: Garganacl|53\/100|[from] item: Leftovers\n|-damage|p2a: IHaveThisShinyIRL|10\/100|[from] Salt Cure\n|-ability|p2a: IHaveThisShinyIRL|Speed Boost|boost\n|-boost|p2a: IHaveThisShinyIRL|spe|1\n|upkeep\n|turn|4\n|\n|t:|1699462842\n|move|p2a: IHaveThisShinyIRL|Bug Buzz|p1a: Garganacl\n|-damage|p1a: Garganacl|8\/100\n|move|p1a: Garganacl|Recover|p1a: Garganacl\n|-heal|p1a: Garganacl|58\/100\n|\n|-heal|p1a: Garganacl|64\/100|[from] item: Leftovers\n|-damage|p2a: IHaveThisShinyIRL|0 fnt|[from] Salt Cure\n|faint|p2a: IHaveThisShinyIRL\n|upkeep\n|inactive|EvaLikesBirds has 90 seconds left.\n|inactive|EvaLikesBirds has 60 seconds left.\n|\n|t:|1699462884\n|switch|p2a: JUSTICE FOR PLUFF|Jumpluff, F, shiny|100\/100\n|turn|5\n|inactive|EvaLikesBirds has 60 seconds left.\n|\n|t:|1699462900\n|move|p2a: JUSTICE FOR PLUFF|Energy Ball|p1a: Garganacl\n|-supereffective|p1a: Garganacl\n|-damage|p1a: Garganacl|12\/100\n|move|p1a: Garganacl|Salt Cure|p2a: JUSTICE FOR PLUFF\n|-supereffective|p2a: JUSTICE FOR PLUFF\n|-damage|p2a: JUSTICE FOR PLUFF|39\/100\n|-start|p2a: JUSTICE FOR PLUFF|Salt Cure\n|\n|-heal|p1a: Garganacl|19\/100|[from] item: Leftovers\n|-damage|p2a: JUSTICE FOR PLUFF|26\/100|[from] Salt Cure\n|upkeep\n|turn|6\n|inactive|EvaLikesBirds has 60 seconds left.\n|\n|t:|1699462915\n|switch|p1a: Dusknoir|Dusknoir, F|100\/100\n|-item|p2a: JUSTICE FOR PLUFF|Focus Sash|[from] ability: Frisk|[of] p1a: Dusknoir|[identify]\n|move|p2a: JUSTICE FOR PLUFF|Giga Drain|p1a: Dusknoir\n|-damage|p1a: Dusknoir|84\/100\n|-heal|p2a: JUSTICE FOR PLUFF|35\/100|[from] drain|[of] p1a: Dusknoir\n|\n|-heal|p1a: Dusknoir|90\/100|[from] item: Leftovers\n|-damage|p2a: JUSTICE FOR PLUFF|22\/100|[from] Salt Cure\n|upkeep\n|turn|7\n|inactive|EvaLikesBirds has 60 seconds left.\n|\n|t:|1699462928\n|move|p1a: Dusknoir|Shadow Sneak|p2a: JUSTICE FOR PLUFF\n|-damage|p2a: JUSTICE FOR PLUFF|0 fnt\n|faint|p2a: JUSTICE FOR PLUFF\n|\n|-heal|p1a: Dusknoir|96\/100|[from] item: Leftovers\n|upkeep\n|inactive|EvaLikesBirds has 60 seconds left.\n|inactive|EvaLikesBirds has 30 seconds left.\n|\n|t:|1699462965\n|switch|p2a: Ray Ray Quae Quae|Rayquaza, shiny|100\/100\n|-ability|p2a: Ray Ray Quae Quae|Air Lock\n|turn|8\n|\n|t:|1699462978\n|move|p2a: Ray Ray Quae Quae|Crunch|p1a: Dusknoir\n|-supereffective|p1a: Dusknoir\n|-damage|p1a: Dusknoir|36\/100\n|move|p1a: Dusknoir|Will-O-Wisp|p2a: Ray Ray Quae Quae\n|-status|p2a: Ray Ray Quae Quae|brn\n|\n|-heal|p1a: Dusknoir|42\/100|[from] item: Leftovers\n|-damage|p2a: Ray Ray Quae Quae|95\/100 brn|[from] brn\n|upkeep\n|turn|9\n|\n|t:|1699462991\n|move|p2a: Ray Ray Quae Quae|Crunch|p1a: Dusknoir\n|-supereffective|p1a: Dusknoir\n|-crit|p1a: Dusknoir\n|-damage|p1a: Dusknoir|3\/100\n|move|p1a: Dusknoir|Ice Punch|p2a: Ray Ray Quae Quae\n|-supereffective|p2a: Ray Ray Quae Quae\n|-damage|p2a: Ray Ray Quae Quae|24\/100 brn\n|\n|-heal|p1a: Dusknoir|9\/100|[from] item: Leftovers\n|-damage|p2a: Ray Ray Quae Quae|18\/100 brn|[from] brn\n|upkeep\n|turn|10\n|\n|t:|1699463001\n|move|p1a: Dusknoir|Shadow Sneak|p2a: Ray Ray Quae Quae\n|-damage|p2a: Ray Ray Quae Quae|2\/100 brn\n|move|p2a: Ray Ray Quae Quae|Crunch|p1a: Dusknoir\n|-supereffective|p1a: Dusknoir\n|-damage|p1a: Dusknoir|0 fnt\n|faint|p1a: Dusknoir\n|\n|-damage|p2a: Ray Ray Quae Quae|0 fnt|[from] brn\n|faint|p2a: Ray Ray Quae Quae\n|upkeep\n|inactive|EvaLikesBirds has 30 seconds left.\n|\n|t:|1699463027\n|switch|p2a: God Himself|Starly, L1, F|100\/100\n|switch|p1a: Glalie|Glalie, F|100\/100\n|turn|11\n|inactive|EvaLikesBirds has 30 seconds left.\n|\n|t:|1699463040\n|-terastallize|p1a: Glalie|Ghost\n|move|p1a: Glalie|Ice Beam|p2a: God Himself\n|-supereffective|p2a: God Himself\n|-enditem|p2a: God Himself|Focus Sash\n|-damage|p2a: God Himself|9\/100\n|move|p2a: God Himself|Endeavor|p1a: Glalie\n|-immune|p1a: Glalie\n|\n|-ability|p1a: Glalie|Moody|boost\n|-boost|p1a: Glalie|spa|2\n|-unboost|p1a: Glalie|def|1\n|upkeep\n|turn|12\n|inactive|EvaLikesBirds has 30 seconds left.\n|inactive|EvaLikesBirds has 20 seconds left.\n|\n|t:|1699463055\n|switch|p2a: Yoshi|Dragonite, F, shiny|100\/100\n|move|p1a: Glalie|Ice Beam|p2a: Yoshi\n|-supereffective|p2a: Yoshi\n|-damage|p2a: Yoshi|0 fnt\n|faint|p2a: Yoshi\n|\n|-ability|p1a: Glalie|Moody|boost\n|-boost|p1a: Glalie|def|2\n|-unboost|p1a: Glalie|atk|1\n|upkeep\n|inactive|EvaLikesBirds has 25 seconds left this turn.\n|inactive|EvaLikesBirds has 20 seconds left.\n|\n|t:|1699463065\n|switch|p2a: Avadakadabra|Braviary-Hisui, M|100\/100\n|turn|13\n|inactive|EvaLikesBirds has 30 seconds left this turn.\n|\n|t:|1699463072\n|move|p1a: Glalie|Ice Beam|p2a: Avadakadabra\n|-supereffective|p2a: Avadakadabra\n|-damage|p2a: Avadakadabra|0 fnt\n|faint|p2a: Avadakadabra\n|\n|-ability|p1a: Glalie|Moody|boost\n|-boost|p1a: Glalie|spd|2\n|-unboost|p1a: Glalie|spe|1\n|upkeep\n|inactive|EvaLikesBirds has 30 seconds left this turn.\n|c|\u2606Cherwony|Gg\n|-message|EvaLikesBirds forfeited.\n|\n|win|Cherwony\n|inactive|EvaLikesBirds has 30 seconds left this turn.\n|raw|Cherwony's rating: 1087 &rarr; <strong>1122<\/strong><br \/>(+35 for winning)\n|raw|EvaLikesBirds's rating: 1189 &rarr; <strong>1157<\/strong><br \/>(-32 for losing)\n|l|\u2606EvaLikesBirds\n","uploadtime":1699463085,"views":5,"p1id":"cherwony","p2id":"evalikesbirds","formatid":"gen9anythinggoes","rating":1122,"private":0,"password":""}