{"id":"gen9anythinggoes-1975687932","p1":"Kayleb1718","p2":"DrEksplosive","format":"[Gen 9] Anything Goes","log":"|j|\u2606Kayleb1718\n|j|\u2606DrEksplosive\n|t:|1698225251\n|gametype|singles\n|player|p1|Kayleb1718|hilbert|1278\n|player|p2|DrEksplosive|giovanni|1142\n|teamsize|p1|6\n|teamsize|p2|6\n|gen|9\n|tier|[Gen 9] Anything Goes\n|rated|\n|rule|HP Percentage Mod: HP is shown in percentages\n|rule|Endless Battle Clause: Forcing endless battles is banned\n|clearpoke\n|poke|p1|Zacian-*|\n|poke|p1|Cresselia, F|\n|poke|p1|Calyrex-Shadow|\n|poke|p1|Urshifu-*, F|\n|poke|p1|Miraidon|\n|poke|p1|Quaquaval, M|\n|poke|p2|Koraidon|\n|poke|p2|Zacian-*|\n|poke|p2|Espathra, M|\n|poke|p2|Corviknight, M|\n|poke|p2|Calyrex-Shadow|\n|poke|p2|Gliscor, M|\n|teampreview\n|inactive|Battle timer is ON: inactive players will automatically lose when time's up. (requested by DrEksplosive)\n|\n|t:|1698225261\n|start\n|switch|p1a: Quaquaval|Quaquaval, M|100\/100\n|switch|p2a: Espathra|Espathra, M, shiny|100\/100\n|turn|1\n|\n|t:|1698225269\n|move|p2a: Espathra|Calm Mind|p2a: Espathra\n|-boost|p2a: Espathra|spa|1\n|-boost|p2a: Espathra|spd|1\n|move|p1a: Quaquaval|Aqua Step|p2a: Espathra\n|-damage|p2a: Espathra|38\/100\n|-boost|p1a: Quaquaval|spe|1\n|\n|-heal|p2a: Espathra|44\/100|[from] item: Leftovers\n|-ability|p2a: Espathra|Speed Boost|boost\n|-boost|p2a: Espathra|spe|1\n|upkeep\n|turn|2\n|\n|t:|1698225281\n|move|p2a: Espathra|Lumina Crash|p1a: Quaquaval\n|-supereffective|p1a: Quaquaval\n|-damage|p1a: Quaquaval|0 fnt\n|faint|p1a: Quaquaval\n|\n|-heal|p2a: Espathra|50\/100|[from] item: Leftovers\n|-ability|p2a: Espathra|Speed Boost|boost\n|-boost|p2a: Espathra|spe|1\n|upkeep\n|\n|t:|1698225293\n|switch|p1a: Zacian|Zacian-Crowned, shiny|100\/100\n|-ability|p1a: Zacian|Intrepid Sword|boost\n|-boost|p1a: Zacian|atk|1\n|turn|3\n|\n|t:|1698225307\n|move|p2a: Espathra|Calm Mind|p2a: Espathra\n|-boost|p2a: Espathra|spa|1\n|-boost|p2a: Espathra|spd|1\n|move|p1a: Zacian|Agility|p1a: Zacian\n|-boost|p1a: Zacian|spe|2\n|\n|-heal|p2a: Espathra|56\/100|[from] item: Leftovers\n|-ability|p2a: Espathra|Speed Boost|boost\n|-boost|p2a: Espathra|spe|1\n|upkeep\n|turn|4\n|\n|t:|1698225319\n|move|p1a: Zacian|Behemoth Blade|p2a: Espathra\n|-damage|p2a: Espathra|0 fnt\n|faint|p2a: Espathra\n|\n|upkeep\n|\n|t:|1698225334\n|switch|p2a: Gliscor|Gliscor, M, shiny|100\/100\n|turn|5\n|\n|t:|1698225341\n|move|p1a: Zacian|Behemoth Blade|p2a: Gliscor\n|-damage|p2a: Gliscor|21\/100\n|move|p2a: Gliscor|Toxic|p1a: Zacian\n|-immune|p1a: Zacian\n|\n|-status|p2a: Gliscor|tox|[from] item: Toxic Orb\n|upkeep\n|turn|6\n|\n|t:|1698225354\n|move|p1a: Zacian|Agility|p1a: Zacian\n|-boost|p1a: Zacian|spe|2\n|move|p2a: Gliscor|Knock Off|p1a: Zacian\n|-resisted|p1a: Zacian\n|-damage|p1a: Zacian|93\/100\n|\n|-heal|p2a: Gliscor|33\/100 tox|[from] ability: Poison Heal\n|upkeep\n|turn|7\n|\n|t:|1698225366\n|move|p1a: Zacian|Behemoth Blade|p2a: Gliscor\n|-damage|p2a: Gliscor|0 fnt\n|faint|p2a: Gliscor\n|\n|upkeep\n|\n|t:|1698225372\n|switch|p2a: Corviknight|Corviknight, M|100\/100\n|turn|8\n|\n|t:|1698225377\n|move|p1a: Zacian|Sacred Sword|p2a: Corviknight\n|-damage|p2a: Corviknight|49\/100\n|move|p2a: Corviknight|Tailwind|p2a: Corviknight\n|-sidestart|p2: DrEksplosive|move: Tailwind\n|\n|upkeep\n|turn|9\n|\n|t:|1698225386\n|move|p1a: Zacian|Sacred Sword|p2a: Corviknight\n|-damage|p2a: Corviknight|0 fnt\n|faint|p2a: Corviknight\n|\n|upkeep\n|\n|t:|1698225392\n|switch|p2a: Zacian|Zacian, shiny|100\/100\n|-ability|p2a: Zacian|Intrepid Sword|boost\n|-boost|p2a: Zacian|atk|1\n|turn|10\n|\n|t:|1698225403\n|move|p1a: Zacian|Behemoth Blade|p2a: Zacian\n|-supereffective|p2a: Zacian\n|-damage|p2a: Zacian|0 fnt\n|faint|p2a: Zacian\n|\n|upkeep\n|\n|t:|1698225408\n|switch|p2a: Koraidon|Koraidon|100\/100\n|-weather|SunnyDay|[from] ability: Orichalcum Pulse|[of] p2a: Koraidon\n|-activate|p2a: Koraidon|Orichalcum Pulse|[source]\n|turn|11\n|c|\u2606DrEksplosive|im dead\n|\n|t:|1698225416\n|move|p1a: Zacian|Play Rough|p2a: Koraidon\n|-supereffective|p2a: Koraidon\n|-damage|p2a: Koraidon|0 fnt\n|faint|p2a: Koraidon\n|\n|-weather|SunnyDay|[upkeep]\n|-sideend|p2: DrEksplosive|move: Tailwind\n|upkeep\n|c|\u2606DrEksplosive|so joever\n|\n|t:|1698225422\n|switch|p2a: Calyrex|Calyrex-Shadow|100\/100\n|-ability|p2a: Calyrex|As One\n|-ability|p2a: Calyrex|Unnerve\n|turn|12\n|\n|t:|1698225436\n|-terastallize|p2a: Calyrex|Psychic\n|move|p1a: Zacian|Behemoth Blade|p2a: Calyrex\n|-damage|p2a: Calyrex|6\/100\n|move|p2a: Calyrex|Astral Barrage|p1a: Zacian\n|-damage|p1a: Zacian|38\/100\n|\n|-weather|SunnyDay|[upkeep]\n|-heal|p2a: Calyrex|12\/100|[from] item: Leftovers\n|upkeep\n|turn|13\n|c|\u2606Kayleb1718|Lmao\n|c|\u2606Kayleb1718|Ggs lmao\n|c|\u2606DrEksplosive|it is so joever\n|\n|t:|1698225455\n|move|p2a: Calyrex|Protect|p2a: Calyrex\n|-singleturn|p2a: Calyrex|Protect\n|move|p1a: Zacian|Behemoth Blade|p2a: Calyrex\n|-activate|p2a: Calyrex|move: Protect\n|\n|-weather|SunnyDay|[upkeep]\n|-heal|p2a: Calyrex|18\/100|[from] item: Leftovers\n|upkeep\n|turn|14\n|\n|t:|1698225467\n|move|p1a: Zacian|Behemoth Blade|p2a: Calyrex\n|-damage|p2a: Calyrex|0 fnt\n|faint|p2a: Calyrex\n|\n|win|Kayleb1718\n|raw|Kayleb1718's rating: 1278 &rarr; <strong>1294<\/strong><br \/>(+16 for winning)\n|raw|DrEksplosive's rating: 1142 &rarr; <strong>1126<\/strong><br \/>(-16 for losing)\n|c|\u2606DrEksplosive|ggs\n|c|\u2606Kayleb1718|Gg\n|c|\u2606DrEksplosive|damn good team comp\n|l|\u2606DrEksplosive\n|c|\u2606Kayleb1718|Thx\n","uploadtime":1698225486,"views":19,"p1id":"kayleb1718","p2id":"dreksplosive","formatid":"gen9anythinggoes","rating":1126,"private":0,"password":""}