{"id":"gen9anythinggoes-1972917120","p1":"MelloBello","p2":"hello theret","format":"[Gen 9] Anything Goes","log":"|j|\u2606MelloBello\n|j|\u2606hello theret\n|t:|1697908697\n|gametype|singles\n|player|p1|MelloBello|darach-caitlin|1108\n|player|p2|hello theret|2|1000\n|teamsize|p1|6\n|teamsize|p2|1\n|gen|9\n|tier|[Gen 9] Anything Goes\n|rated|\n|rule|HP Percentage Mod: HP is shown in percentages\n|rule|Endless Battle Clause: Forcing endless battles is banned\n|clearpoke\n|poke|p1|Alomomola, M|\n|poke|p1|Calyrex-Shadow|\n|poke|p1|Volcarona, M|\n|poke|p1|Forretress, M|\n|poke|p1|Masquerain, M|\n|poke|p1|Iron Valiant|\n|poke|p2|Honchkrow, M|\n|teampreview\n|\n|t:|1697908707\n|start\n|switch|p1a: Forretress|Forretress, M|100\/100\n|switch|p2a: Honchkrow|Honchkrow, M, shiny|100\/100\n|turn|1\n|\n|t:|1697908718\n|-terastallize|p2a: Honchkrow|Dark\n|move|p2a: Honchkrow|Acrobatics|p1a: Forretress\n|-damage|p1a: Forretress|60\/100\n|move|p1a: Forretress|Rapid Spin|p2a: Honchkrow\n|-damage|p2a: Honchkrow|85\/100\n|-boost|p1a: Forretress|spe|1\n|\n|-heal|p1a: Forretress|66\/100|[from] item: Leftovers\n|upkeep\n|turn|2\n|\n|t:|1697908731\n|move|p1a: Forretress|Rapid Spin|p2a: Honchkrow\n|-damage|p2a: Honchkrow|71\/100\n|-boost|p1a: Forretress|spe|1\n|move|p2a: Honchkrow|Acrobatics|p1a: Forretress\n|-damage|p1a: Forretress|26\/100\n|\n|-heal|p1a: Forretress|32\/100|[from] item: Leftovers\n|upkeep\n|turn|3\n|\n|t:|1697908741\n|move|p1a: Forretress|Rapid Spin|p2a: Honchkrow\n|-damage|p2a: Honchkrow|58\/100\n|-boost|p1a: Forretress|spe|1\n|move|p2a: Honchkrow|Foul Play|p1a: Forretress\n|-damage|p1a: Forretress|0 fnt\n|faint|p1a: Forretress\n|-ability|p2a: Honchkrow|Moxie|boost\n|-boost|p2a: Honchkrow|atk|1\n|\n|upkeep\n|\n|t:|1697908763\n|switch|p1a: Masquerain|Masquerain, M|100\/100\n|-ability|p1a: Masquerain|Intimidate|boost\n|-unboost|p2a: Honchkrow|atk|1\n|turn|4\n|\n|t:|1697908770\n|move|p1a: Masquerain|Quiver Dance|p1a: Masquerain\n|-boost|p1a: Masquerain|spa|1\n|-boost|p1a: Masquerain|spd|1\n|-boost|p1a: Masquerain|spe|1\n|move|p2a: Honchkrow|Foul Play|p1a: Masquerain\n|-damage|p1a: Masquerain|59\/100\n|\n|upkeep\n|turn|5\n|\n|t:|1697908777\n|move|p1a: Masquerain|U-turn|p2a: Honchkrow\n|-supereffective|p2a: Honchkrow\n|-damage|p2a: Honchkrow|24\/100\n|\n|t:|1697908781\n|switch|p1a: Alomomola|Alomomola, M|100\/100|[from] U-turn\n|move|p2a: Honchkrow|Acrobatics|p1a: Alomomola\n|-damage|p1a: Alomomola|64\/100\n|\n|upkeep\n|turn|6\n|\n|t:|1697908792\n|move|p1a: Alomomola|Wish|p1a: Alomomola\n|move|p2a: Honchkrow|Foul Play|p1a: Alomomola\n|-damage|p1a: Alomomola|37\/100\n|\n|upkeep\n|turn|7\n|\n|t:|1697908797\n|move|p2a: Honchkrow|Sucker Punch|p1a: Alomomola\n|-damage|p1a: Alomomola|7\/100\n|move|p1a: Alomomola|Flip Turn|p2a: Honchkrow\n|-damage|p2a: Honchkrow|5\/100\n|\n|t:|1697908803\n|switch|p1a: Masquerain|Masquerain, M|59\/100|[from] Flip Turn\n|-ability|p1a: Masquerain|Intimidate|boost\n|-unboost|p2a: Honchkrow|atk|1\n|\n|-heal|p1a: Masquerain|100\/100|[from] move: Wish|[wisher] Alomomola\n|upkeep\n|turn|8\n|-message|hello theret forfeited.\n|\n|win|MelloBello\n|raw|MelloBello's rating: 1108 &rarr; <strong>1125<\/strong><br \/>(+17 for winning)\n|raw|hello theret's rating: 1000 &rarr; <strong>1000<\/strong><br \/>(+0 for losing)\n|l|\u2606hello theret\n","uploadtime":1697908823,"views":7,"p1id":"mellobello","p2id":"hellotheret","formatid":"gen9anythinggoes","rating":1000,"private":0,"password":""}