{"id":"gen9anythinggoes-1989196974","p1":"Ataki","p2":"The True Avian","format":"[Gen 9] Anything Goes","log":"|j|\u2606Ataki\n|j|\u2606The True Avian\n|t:|1699822376\n|gametype|singles\n|player|p1|Ataki|hop-masters|\n|player|p2|The True Avian|265|\n|teamsize|p1|6\n|teamsize|p2|6\n|gen|9\n|tier|[Gen 9] Anything Goes\n|rule|HP Percentage Mod: HP is shown in percentages\n|rule|Endless Battle Clause: Forcing endless battles is banned\n|rule|Force of the Fallen Mod: Pok&\u00e9mon pass the move in their last moveslot to their allies when they're KOed\n|clearpoke\n|poke|p1|Manaphy|\n|poke|p1|Corviknight, M|\n|poke|p1|Gholdengo|\n|poke|p1|Iron Valiant|\n|poke|p1|Skeledirge, M|\n|poke|p1|Glimmora, M|\n|poke|p2|Iron Valiant|\n|poke|p2|Thundurus, M|\n|poke|p2|Pawmot, F|\n|poke|p2|Grafaiai, F|\n|poke|p2|Klefki, M|\n|poke|p2|Grimmsnarl, M|\n|teampreview\n|c|\u2606Ataki|hf\n|\n|t:|1699822389\n|start\n|switch|p1a: Glimmora|Glimmora, M|100\/100\n|switch|p2a: Klefki|Klefki, M|100\/100\n|turn|1\n|\n|t:|1699822395\n|move|p1a: Glimmora|Stealth Rock|p2a: Klefki\n|-sidestart|p2: The True Avian|move: Stealth Rock\n|move|p2a: Klefki|Foul Play|p1a: Glimmora\n|-damage|p1a: Glimmora|86\/100\n|-activate|p1a: Glimmora|ability: Toxic Debris\n|-sidestart|p2: The True Avian|move: Toxic Spikes\n|\n|upkeep\n|turn|2\n|\n|t:|1699822414\n|switch|p1a: Gholdengo|Gholdengo|100\/100\n|move|p2a: Klefki|Spikes|p1a: Gholdengo\n|-sidestart|p1: Ataki|Spikes\n|\n|upkeep\n|turn|3\n|\n|t:|1699822419\n|move|p2a: Klefki|Spikes|p1a: Gholdengo\n|-sidestart|p1: Ataki|Spikes\n|move|p1a: Gholdengo|Thunder Wave|p2a: Klefki\n|-status|p2a: Klefki|par\n|\n|upkeep\n|turn|4\n|\n|t:|1699822423\n|move|p2a: Klefki|Spikes|p1a: Gholdengo\n|-sidestart|p1: Ataki|Spikes\n|move|p1a: Gholdengo|Hex|p2a: Klefki\n|-damage|p2a: Klefki|3\/100 par\n|\n|upkeep\n|turn|5\n|\n|t:|1699822435\n|move|p2a: Klefki|Reflect|p2a: Klefki\n|-sidestart|p2: The True Avian|Reflect\n|move|p1a: Gholdengo|Hex|p2a: Klefki\n|-damage|p2a: Klefki|0 fnt\n|faint|p2a: Klefki\n|\n|upkeep\n|\n|t:|1699822446\n|switch|p2a: Grafaiai|Grafaiai, F|100\/100\n|-damage|p2a: Grafaiai|88\/100|[from] Stealth Rock\n|-sideend|p2: The True Avian|move: Toxic Spikes|[of] p2a: Grafaiai\n|turn|6\n|\n|t:|1699822460\n|switch|p2a: Iron Valiant|Iron Valiant|100\/100\n|-damage|p2a: Iron Valiant|94\/100|[from] Stealth Rock\n|move|p1a: Gholdengo|Thunder Wave|p2a: Iron Valiant\n|-status|p2a: Iron Valiant|par\n|\n|upkeep\n|turn|7\n|\n|t:|1699822470\n|-end|p2a: Iron Valiant|Quark Drive|[silent]\n|switch|p2a: Pawmot|Pawmot, F|100\/100\n|-damage|p2a: Pawmot|94\/100|[from] Stealth Rock\n|move|p1a: Gholdengo|Make It Rain|p2a: Pawmot\n|-resisted|p2a: Pawmot\n|-damage|p2a: Pawmot|26\/100\n|-unboost|p1a: Gholdengo|spa|1\n|\n|upkeep\n|turn|8\n|\n|t:|1699822506\n|switch|p1a: Glimmora|Glimmora, M|86\/100\n|-damage|p1a: Glimmora|62\/100|[from] Spikes\n|move|p2a: Pawmot|Revival Blessing|p2a: Pawmot\n|-enditem|p2a: Pawmot|Leppa Berry|[eat]\n|-activate|p2a: Pawmot|item: Leppa Berry|Revival Blessing|[consumed]\n|\n|t:|1699822508\n|-heal|p2: Klefki|50\/100|[from] move: Revival Blessing\n|\n|upkeep\n|turn|9\n|\n|t:|1699822518\n|switch|p2a: Iron Valiant|Iron Valiant|94\/100 par\n|-damage|p2a: Iron Valiant|88\/100 par|[from] Stealth Rock\n|move|p1a: Glimmora|Earth Power|p2a: Iron Valiant\n|-damage|p2a: Iron Valiant|23\/100 par\n|\n|-sideend|p2: The True Avian|Reflect\n|upkeep\n|turn|10\n|\n|t:|1699822552\n|move|p1a: Glimmora|Mortal Spin|p2a: Iron Valiant\n|-supereffective|p2a: Iron Valiant\n|-damage|p2a: Iron Valiant|8\/100 par\n|-sideend|p1: Ataki|Spikes|[from] move: Mortal Spin|[of] p1a: Glimmora\n|cant|p2a: Iron Valiant|par\n|\n|upkeep\n|turn|11\n|\n|t:|1699822581\n|move|p1a: Glimmora|Earth Power|p2a: Iron Valiant\n|-damage|p2a: Iron Valiant|0 fnt\n|faint|p2a: Iron Valiant\n|-end|p2a: Iron Valiant|Quark Drive|[silent]\n|\n|upkeep\n|\n|t:|1699822590\n|switch|p2a: Grafaiai|Grafaiai, F|88\/100\n|-damage|p2a: Grafaiai|76\/100|[from] Stealth Rock\n|turn|12\n|\n|t:|1699822595\n|move|p2a: Grafaiai|Copycat|p2a: Grafaiai\n|move|p2a: Grafaiai|Earth Power|p1a: Glimmora|[from]move: Copycat\n|-supereffective|p1a: Glimmora\n|-damage|p1a: Glimmora|0 fnt\n|faint|p1a: Glimmora\n|\n|upkeep\n|\n|t:|1699822607\n|switch|p1a: Iron Valiant|Iron Valiant|100\/100\n|turn|13\n|\n|t:|1699822617\n|move|p2a: Grafaiai|Destiny Bond|p2a: Grafaiai\n|-singlemove|p2a: Grafaiai|Destiny Bond\n|move|p1a: Iron Valiant|Psyshock|p2a: Grafaiai\n|-supereffective|p2a: Grafaiai\n|-damage|p2a: Grafaiai|0 fnt\n|faint|p2a: Grafaiai\n|-activate|p2a: Grafaiai|move: Destiny Bond\n|faint|p1a: Iron Valiant\n|-end|p1a: Iron Valiant|Quark Drive|[silent]\n|\n|upkeep\n|\n|t:|1699822632\n|switch|p1a: Gholdengo|Gholdengo|100\/100\n|switch|p2a: Pawmot|Pawmot, F|26\/100\n|-damage|p2a: Pawmot|20\/100|[from] Stealth Rock\n|turn|14\n|\n|t:|1699822647\n|move|p2a: Pawmot|Revival Blessing|p2a: Pawmot\n|\n|t:|1699822649\n|-heal|p2: Grafaiai|50\/100|[from] move: Revival Blessing\n|move|p1a: Gholdengo|Hex|p2a: Pawmot\n|-damage|p2a: Pawmot|0 fnt\n|faint|p2a: Pawmot\n|\n|upkeep\n|\n|t:|1699822664\n|switch|p2a: Grimmsnarl|Grimmsnarl, M|100\/100\n|-damage|p2a: Grimmsnarl|88\/100|[from] Stealth Rock\n|turn|15\n|\n|t:|1699822674\n|switch|p1a: Corviknight|Corviknight, M|100\/100\n|-ability|p1a: Corviknight|Pressure\n|move|p2a: Grimmsnarl|Destiny Bond|p2a: Grimmsnarl\n|-singlemove|p2a: Grimmsnarl|Destiny Bond\n|\n|upkeep\n|turn|16\n|\n|t:|1699822696\n|move|p2a: Grimmsnarl|Light Screen|p2a: Grimmsnarl\n|-sidestart|p2: The True Avian|move: Light Screen\n|move|p1a: Corviknight|Knock Off|p2a: Grimmsnarl\n|-resisted|p2a: Grimmsnarl\n|-damage|p2a: Grimmsnarl|82\/100\n|-enditem|p2a: Grimmsnarl|Light Clay|[from] move: Knock Off|[of] p1a: Corviknight\n|\n|upkeep\n|turn|17\n|\n|t:|1699822703\n|move|p2a: Grimmsnarl|Reflect|p2a: Grimmsnarl\n|-sidestart|p2: The True Avian|Reflect\n|move|p1a: Corviknight|Mortal Spin|p2a: Grimmsnarl\n|-supereffective|p2a: Grimmsnarl\n|-damage|p2a: Grimmsnarl|75\/100\n|-status|p2a: Grimmsnarl|psn\n|\n|-damage|p2a: Grimmsnarl|62\/100 psn|[from] psn\n|upkeep\n|turn|18\n|\n|t:|1699822719\n|move|p2a: Grimmsnarl|Encore|p1a: Corviknight\n|-start|p1a: Corviknight|Encore\n|move|p1a: Corviknight|Mortal Spin|p2a: Grimmsnarl\n|-supereffective|p2a: Grimmsnarl\n|-damage|p2a: Grimmsnarl|55\/100 psn\n|\n|-damage|p2a: Grimmsnarl|43\/100 psn|[from] psn\n|upkeep\n|turn|19\n|\n|t:|1699822733\n|switch|p2a: Klefki|Klefki, M|50\/100\n|-damage|p2a: Klefki|45\/100|[from] Stealth Rock\n|move|p1a: Corviknight|Mortal Spin|p2a: Klefki\n|-immune|p2a: Klefki\n|\n|upkeep\n|turn|20\n|\n|t:|1699822740\n|switch|p1a: Manaphy|Manaphy|100\/100\n|move|p2a: Klefki|Spikes|p1a: Manaphy\n|-sidestart|p1: Ataki|Spikes\n|\n|upkeep\n|turn|21\n|\n|t:|1699822746\n|move|p2a: Klefki|Spikes|p1a: Manaphy\n|-sidestart|p1: Ataki|Spikes\n|move|p1a: Manaphy|Take Heart|p1a: Manaphy\n|-boost|p1a: Manaphy|spa|1\n|-boost|p1a: Manaphy|spd|1\n|\n|-sideend|p2: The True Avian|Reflect\n|upkeep\n|turn|22\n|\n|t:|1699822750\n|move|p2a: Klefki|Encore|p1a: Manaphy\n|-start|p1a: Manaphy|Encore\n|move|p1a: Manaphy|Take Heart|p1a: Manaphy\n|-boost|p1a: Manaphy|spa|1\n|-boost|p1a: Manaphy|spd|1\n|\n|upkeep\n|turn|23\n|\n|t:|1699822753\n|move|p2a: Klefki|Spikes|p1a: Manaphy\n|-sidestart|p1: Ataki|Spikes\n|move|p1a: Manaphy|Take Heart|p1a: Manaphy\n|-boost|p1a: Manaphy|spa|1\n|-boost|p1a: Manaphy|spd|1\n|\n|-sideend|p2: The True Avian|move: Light Screen\n|upkeep\n|turn|24\n|\n|t:|1699822762\n|move|p2a: Klefki|Copycat|p2a: Klefki\n|move|p2a: Klefki|Take Heart|p2a: Klefki|[from]move: Copycat\n|-boost|p2a: Klefki|spa|1\n|-boost|p2a: Klefki|spd|1\n|move|p1a: Manaphy|Take Heart|p1a: Manaphy\n|-boost|p1a: Manaphy|spa|1\n|-boost|p1a: Manaphy|spd|1\n|\n|-end|p1a: Manaphy|Encore\n|upkeep\n|turn|25\n|\n|t:|1699822791\n|switch|p1a: Skeledirge|Skeledirge, M|100\/100\n|move|p2a: Klefki|Encore||[still]\n|-fail|p2a: Klefki\n|\n|upkeep\n|turn|26\n|\n|t:|1699822812\n|move|p2a: Klefki|Destiny Bond|p2a: Klefki\n|-singlemove|p2a: Klefki|Destiny Bond\n|move|p1a: Skeledirge|Torch Song|p2a: Klefki\n|-supereffective|p2a: Klefki\n|-damage|p2a: Klefki|0 fnt\n|-boost|p1a: Skeledirge|spa|1\n|faint|p2a: Klefki\n|-activate|p2a: Klefki|move: Destiny Bond\n|faint|p1a: Skeledirge\n|\n|upkeep\n|\n|t:|1699822824\n|switch|p2a: Thundurus|Thundurus, M|100\/100\n|switch|p1a: Manaphy|Manaphy|100\/100\n|-damage|p1a: Manaphy|75\/100|[from] Spikes\n|turn|27\n|\n|t:|1699822834\n|switch|p1a: Gholdengo|Gholdengo|100\/100\n|-damage|p1a: Gholdengo|76\/100|[from] Spikes\n|move|p2a: Thundurus|Thunderbolt|p1a: Gholdengo\n|-damage|p1a: Gholdengo|22\/100\n|\n|-heal|p1a: Gholdengo|29\/100|[from] item: Leftovers\n|upkeep\n|turn|28\n|\n|t:|1699822842\n|move|p2a: Thundurus|Copycat|p2a: Thundurus\n|move|p2a: Thundurus|Thunderbolt|p1a: Gholdengo|[from]move: Copycat\n|-damage|p1a: Gholdengo|0 fnt\n|faint|p1a: Gholdengo\n|\n|upkeep\n|c|\u2606Ataki|gg\n|-message|Ataki forfeited.\n|\n|win|The True Avian\n|l|\u2606Ataki\n","uploadtime":1699822852,"views":5,"p1id":"ataki","p2id":"thetrueavian","formatid":"gen9anythinggoes","rating":0,"private":0,"password":""}