{"id":"gen9anythinggoes-2000598262","p1":"Paula33333","p2":"Nonethousand","format":"[Gen 9] Anything Goes","log":"|j|\u2606Paula33333\n|j|\u2606Nonethousand\n|t:|1701209043\n|gametype|singles\n|player|p1|Paula33333|266|1055\n|player|p2|Nonethousand|unknown|1045\n|teamsize|p1|6\n|teamsize|p2|6\n|gen|9\n|tier|[Gen 9] Anything Goes\n|rated|\n|rule|HP Percentage Mod: HP is shown in percentages\n|rule|Endless Battle Clause: Forcing endless battles is banned\n|clearpoke\n|poke|p1|Mudsdale, F|\n|poke|p1|Blissey, F|\n|poke|p1|Ditto|\n|poke|p1|Slowbro, M|\n|poke|p1|Zoroark, F|\n|poke|p1|Cryogonal|\n|poke|p2|Cryogonal|\n|poke|p2|Cryogonal|\n|poke|p2|Cryogonal|\n|poke|p2|Cryogonal|\n|poke|p2|Cryogonal|\n|poke|p2|Cryogonal|\n|teampreview\n|\n|t:|1701209051\n|start\n|switch|p1a: Blissey|Blissey, F|100\/100\n|switch|p2a: Supportgonal|Cryogonal|100\/100\n|turn|1\n|\n|t:|1701209058\n|-terastallize|p1a: Blissey|Ghost\n|move|p2a: Supportgonal|Light Screen|p2a: Supportgonal\n|-sidestart|p2: Nonethousand|move: Light Screen\n|move|p1a: Blissey|Stealth Rock|p2a: Supportgonal\n|-sidestart|p2: Nonethousand|move: Stealth Rock\n|\n|upkeep\n|turn|2\n|\n|t:|1701209064\n|move|p2a: Supportgonal|Reflect|p2a: Supportgonal\n|-sidestart|p2: Nonethousand|Reflect\n|move|p1a: Blissey|Thunder Wave|p2a: Supportgonal\n|-status|p2a: Supportgonal|par\n|\n|upkeep\n|turn|3\n|\n|t:|1701209075\n|switch|p1a: Ditto|Ditto|100\/100\n|-transform|p1a: Ditto|p2a: Supportgonal|[from] ability: Imposter\n|move|p2a: Supportgonal|Snowscape|p2a: Supportgonal\n|-weather|Snow\n|\n|-weather|Snow|[upkeep]\n|upkeep\n|turn|4\n|\n|t:|1701209089\n|move|p1a: Ditto|Aurora Veil|p1a: Ditto\n|-sidestart|p1: Paula33333|move: Aurora Veil\n|move|p2a: Supportgonal|Aurora Veil|p2a: Supportgonal\n|-sidestart|p2: Nonethousand|move: Aurora Veil\n|\n|-weather|Snow|[upkeep]\n|upkeep\n|turn|5\n|\n|t:|1701209127\n|switch|p1a: Cryogonal|Cryogonal|100\/100\n|switch|p2a: Cryogonal|Cryogonal|100\/100\n|-damage|p2a: Cryogonal|76\/100|[from] Stealth Rock\n|\n|-weather|Snow|[upkeep]\n|upkeep\n|turn|6\n|\n|t:|1701209139\n|move|p1a: Cryogonal|Sucker Punch|p2a: Cryogonal\n|-damage|p2a: Cryogonal|53\/100\n|move|p2a: Cryogonal|Blizzard|p1a: Cryogonal\n|-damage|p1a: Cryogonal|41\/100\n|replace|p1a: Zoroark|Zoroark, F\n|-end|p1a: Zoroark|Illusion\n|\n|-weather|Snow|[upkeep]\n|upkeep\n|turn|7\n|\n|t:|1701209150\n|switch|p1a: Slowbro|Slowbro, M|100\/100\n|move|p2a: Cryogonal|Blizzard|p1a: Slowbro\n|-resisted|p1a: Slowbro\n|-damage|p1a: Slowbro|85\/100\n|\n|-weather|none\n|upkeep\n|turn|8\n|\n|t:|1701209158\n|move|p2a: Cryogonal|Freeze-Dry|p1a: Slowbro\n|-supereffective|p1a: Slowbro\n|-damage|p1a: Slowbro|48\/100\n|-status|p1a: Slowbro|frz\n|cant|p1a: Slowbro|frz\n|\n|-sideend|p2: Nonethousand|move: Light Screen\n|-sideend|p1: Paula33333|move: Aurora Veil\n|upkeep\n|turn|9\n|\n|t:|1701209167\n|switch|p1a: Cryogonal|Cryogonal|100\/100\n|move|p2a: Cryogonal|Freeze-Dry|p1a: Cryogonal\n|-resisted|p1a: Cryogonal\n|-damage|p1a: Cryogonal|88\/100\n|\n|-sideend|p2: Nonethousand|Reflect\n|upkeep\n|turn|10\n|\n|t:|1701209189\n|switch|p2a: Explogonal|Cryogonal|100\/100\n|-damage|p2a: Explogonal|76\/100|[from] Stealth Rock\n|move|p1a: Cryogonal|Freeze-Dry|p2a: Explogonal\n|-resisted|p2a: Explogonal\n|-damage|p2a: Explogonal|71\/100\n|\n|upkeep\n|turn|11\n|\n|t:|1701209197\n|move|p2a: Explogonal|Explosion|p1a: Cryogonal\n|-damage|p1a: Cryogonal|0 fnt\n|faint|p2a: Explogonal\n|faint|p1a: Cryogonal\n|\n|-sideend|p2: Nonethousand|move: Aurora Veil\n|upkeep\n|\n|t:|1701209205\n|switch|p1a: Blissey|Blissey, F, tera:Ghost|100\/100\n|switch|p2a: Supportgonal|Cryogonal|100\/100 par\n|-damage|p2a: Supportgonal|76\/100 par|[from] Stealth Rock\n|turn|12\n|\n|t:|1701209211\n|move|p2a: Supportgonal|Snowscape|p2a: Supportgonal\n|-weather|Snow\n|move|p1a: Blissey|Seismic Toss|p2a: Supportgonal\n|-damage|p2a: Supportgonal|48\/100 par\n|\n|-weather|Snow|[upkeep]\n|upkeep\n|turn|13\n|\n|t:|1701209218\n|move|p2a: Supportgonal|Aurora Veil|p2a: Supportgonal\n|-sidestart|p2: Nonethousand|move: Aurora Veil\n|move|p1a: Blissey|Seismic Toss|p2a: Supportgonal\n|-damage|p2a: Supportgonal|21\/100 par\n|\n|-weather|Snow|[upkeep]\n|upkeep\n|turn|14\n|\n|t:|1701209228\n|switch|p2a: Cryogonal|Cryogonal|53\/100\n|-damage|p2a: Cryogonal|28\/100|[from] Stealth Rock\n|move|p1a: Blissey|Seismic Toss|p2a: Cryogonal\n|-damage|p2a: Cryogonal|0 fnt\n|faint|p2a: Cryogonal\n|\n|-weather|Snow|[upkeep]\n|upkeep\n|\n|t:|1701209240\n|switch|p2a: Beamgonal|Cryogonal|100\/100\n|-damage|p2a: Beamgonal|76\/100|[from] Stealth Rock\n|turn|15\n|\n|t:|1701209244\n|move|p2a: Beamgonal|Solar Beam||[still]\n|-prepare|p2a: Beamgonal|Solar Beam\n|-enditem|p2a: Beamgonal|Power Herb\n|-anim|p2a: Beamgonal|Solar Beam|p1a: Blissey\n|-damage|p1a: Blissey|95\/100\n|move|p1a: Blissey|Seismic Toss|p2a: Beamgonal\n|-damage|p2a: Beamgonal|42\/100\n|\n|-weather|Snow|[upkeep]\n|upkeep\n|turn|16\n|\n|t:|1701209255\n|move|p2a: Beamgonal|Ice Beam|p1a: Blissey\n|-damage|p1a: Blissey|83\/100\n|move|p1a: Blissey|Seismic Toss|p2a: Beamgonal\n|-damage|p2a: Beamgonal|9\/100\n|\n|-weather|none\n|upkeep\n|turn|17\n|\n|t:|1701209263\n|move|p2a: Beamgonal|Aurora Beam|p1a: Blissey\n|-damage|p1a: Blissey|74\/100\n|move|p1a: Blissey|Seismic Toss|p2a: Beamgonal\n|-damage|p2a: Beamgonal|0 fnt\n|faint|p2a: Beamgonal\n|\n|upkeep\n|\n|t:|1701209271\n|switch|p2a: Spingonal|Cryogonal, shiny|100\/100\n|-damage|p2a: Spingonal|76\/100|[from] Stealth Rock\n|turn|18\n|\n|t:|1701209283\n|move|p2a: Spingonal|Ice Spinner|p1a: Blissey\n|-damage|p1a: Blissey|60\/100\n|move|p1a: Blissey|Thunder Wave|p2a: Spingonal\n|-status|p2a: Spingonal|par\n|\n|upkeep\n|turn|19\n|\n|t:|1701209290\n|move|p2a: Spingonal|Ice Spinner|p1a: Blissey\n|-damage|p1a: Blissey|45\/100\n|move|p1a: Blissey|Seismic Toss|p2a: Spingonal\n|-damage|p2a: Spingonal|42\/100 par\n|\n|upkeep\n|turn|20\n|\n|t:|1701209299\n|cant|p2a: Spingonal|par\n|move|p1a: Blissey|Soft-Boiled|p1a: Blissey\n|-heal|p1a: Blissey|95\/100\n|\n|-sideend|p2: Nonethousand|move: Aurora Veil\n|upkeep\n|turn|21\n|\n|t:|1701209306\n|cant|p2a: Spingonal|par\n|move|p1a: Blissey|Seismic Toss|p2a: Spingonal\n|-damage|p2a: Spingonal|9\/100 par\n|\n|upkeep\n|turn|22\n|\n|t:|1701209312\n|move|p2a: Spingonal|Flash Cannon|p1a: Blissey\n|-damage|p1a: Blissey|88\/100\n|move|p1a: Blissey|Seismic Toss|p2a: Spingonal\n|-damage|p2a: Spingonal|0 fnt\n|faint|p2a: Spingonal\n|\n|upkeep\n|\n|t:|1701209319\n|switch|p2a: Supportgonal|Cryogonal|21\/100 par\n|-damage|p2a: Supportgonal|0 fnt|[from] Stealth Rock\n|faint|p2a: Supportgonal\n|\n|t:|1701209324\n|switch|p2a: Recovergonal|Cryogonal|100\/100\n|-damage|p2a: Recovergonal|75\/100|[from] Stealth Rock\n|turn|23\n|\n|t:|1701209331\n|move|p2a: Recovergonal|Rest|p2a: Recovergonal\n|-status|p2a: Recovergonal|slp|[from] move: Rest\n|-heal|p2a: Recovergonal|100\/100 slp|[silent]\n|move|p1a: Blissey|Thunder Wave||[still]\n|-fail|p1a: Blissey\n|\n|upkeep\n|turn|24\n|\n|t:|1701209338\n|cant|p2a: Recovergonal|slp\n|move|p2a: Recovergonal|Sleep Talk|p2a: Recovergonal\n|move|p2a: Recovergonal|Recover||[from]move: Sleep Talk|[still]\n|-fail|p2a: Recovergonal|heal\n|move|p1a: Blissey|Thunder Wave||[still]\n|-fail|p1a: Blissey\n|\n|upkeep\n|turn|25\n|\n|t:|1701209347\n|cant|p2a: Recovergonal|slp\n|move|p2a: Recovergonal|Sleep Talk|p2a: Recovergonal\n|move|p2a: Recovergonal|Rest||[from]move: Sleep Talk|[still]\n|-fail|p2a: Recovergonal\n|move|p1a: Blissey|Seismic Toss|p2a: Recovergonal\n|-damage|p2a: Recovergonal|73\/100 slp\n|\n|-heal|p2a: Recovergonal|79\/100 slp|[from] item: Leftovers\n|upkeep\n|turn|26\n|\n|t:|1701209358\n|-curestatus|p2a: Recovergonal|slp|[msg]\n|move|p2a: Recovergonal|Rest|p2a: Recovergonal\n|-status|p2a: Recovergonal|slp|[from] move: Rest\n|-heal|p2a: Recovergonal|100\/100 slp|[silent]\n|move|p1a: Blissey|Seismic Toss|p2a: Recovergonal\n|-damage|p2a: Recovergonal|73\/100 slp\n|\n|-heal|p2a: Recovergonal|79\/100 slp|[from] item: Leftovers\n|upkeep\n|turn|27\n|\n|t:|1701209371\n|switch|p1a: Slowbro|Slowbro, M|81\/100 frz\n|cant|p2a: Recovergonal|slp\n|move|p2a: Recovergonal|Sleep Talk|p2a: Recovergonal\n|move|p2a: Recovergonal|Recover|p2a: Recovergonal|[from]move: Sleep Talk\n|-heal|p2a: Recovergonal|100\/100 slp\n|\n|upkeep\n|turn|28\n|\n|t:|1701209382\n|cant|p2a: Recovergonal|slp\n|move|p2a: Recovergonal|Sleep Talk|p2a: Recovergonal\n|move|p2a: Recovergonal|Recover||[from]move: Sleep Talk|[still]\n|-fail|p2a: Recovergonal|heal\n|cant|p1a: Slowbro|frz\n|\n|upkeep\n|turn|29\n|\n|t:|1701209391\n|-curestatus|p2a: Recovergonal|slp|[msg]\n|move|p2a: Recovergonal|Freeze-Dry|p1a: Slowbro\n|-supereffective|p1a: Slowbro\n|-damage|p1a: Slowbro|32\/100 frz\n|cant|p1a: Slowbro|frz\n|\n|upkeep\n|turn|30\n|\n|t:|1701209399\n|switch|p1a: Ditto|Ditto|100\/100\n|-transform|p1a: Ditto|p2a: Recovergonal|[from] ability: Imposter\n|move|p2a: Recovergonal|Freeze-Dry|p1a: Ditto\n|-resisted|p1a: Ditto\n|-damage|p1a: Ditto|90\/100\n|\n|upkeep\n|turn|31\n|\n|t:|1701209416\n|move|p1a: Ditto|Freeze-Dry|p2a: Recovergonal\n|-resisted|p2a: Recovergonal\n|-damage|p2a: Recovergonal|93\/100\n|move|p2a: Recovergonal|Freeze-Dry|p1a: Ditto\n|-resisted|p1a: Ditto\n|-damage|p1a: Ditto|81\/100\n|\n|-heal|p2a: Recovergonal|99\/100|[from] item: Leftovers\n|upkeep\n|turn|32\n|\n|t:|1701209427\n|switch|p1a: Mudsdale|Mudsdale, F|100\/100\n|move|p2a: Recovergonal|Freeze-Dry|p1a: Mudsdale\n|-supereffective|p1a: Mudsdale\n|-damage|p1a: Mudsdale|58\/100\n|-ability|p1a: Mudsdale|Stamina|boost\n|-boost|p1a: Mudsdale|def|1\n|\n|-heal|p2a: Recovergonal|100\/100|[from] item: Leftovers\n|-heal|p1a: Mudsdale|65\/100|[from] item: Leftovers\n|upkeep\n|turn|33\n|\n|t:|1701209438\n|move|p1a: Mudsdale|Protect|p1a: Mudsdale\n|-singleturn|p1a: Mudsdale|Protect\n|move|p2a: Recovergonal|Freeze-Dry|p1a: Mudsdale\n|-activate|p1a: Mudsdale|move: Protect\n|\n|-heal|p1a: Mudsdale|71\/100|[from] item: Leftovers\n|upkeep\n|turn|34\n|\n|t:|1701209447\n|move|p1a: Mudsdale|Protect||[still]\n|-fail|p1a: Mudsdale\n|move|p2a: Recovergonal|Freeze-Dry|p1a: Mudsdale\n|-supereffective|p1a: Mudsdale\n|-damage|p1a: Mudsdale|25\/100\n|-ability|p1a: Mudsdale|Stamina|boost\n|-boost|p1a: Mudsdale|def|1\n|\n|-heal|p1a: Mudsdale|31\/100|[from] item: Leftovers\n|upkeep\n|turn|35\n|\n|t:|1701209459\n|switch|p1a: Blissey|Blissey, F, tera:Ghost|88\/100\n|move|p2a: Recovergonal|Freeze-Dry|p1a: Blissey\n|-damage|p1a: Blissey|79\/100\n|\n|upkeep\n|turn|36\n|\n|t:|1701209467\n|move|p2a: Recovergonal|Freeze-Dry|p1a: Blissey\n|-damage|p1a: Blissey|71\/100\n|move|p1a: Blissey|Thunder Wave|p2a: Recovergonal\n|-status|p2a: Recovergonal|par\n|\n|upkeep\n|turn|37\n|\n|t:|1701209474\n|move|p2a: Recovergonal|Freeze-Dry|p1a: Blissey\n|-damage|p1a: Blissey|64\/100\n|move|p1a: Blissey|Seismic Toss|p2a: Recovergonal\n|-damage|p2a: Recovergonal|73\/100 par\n|\n|-heal|p2a: Recovergonal|79\/100 par|[from] item: Leftovers\n|upkeep\n|turn|38\n|\n|t:|1701209483\n|cant|p2a: Recovergonal|par\n|move|p1a: Blissey|Seismic Toss|p2a: Recovergonal\n|-damage|p2a: Recovergonal|52\/100 par\n|\n|-heal|p2a: Recovergonal|58\/100 par|[from] item: Leftovers\n|upkeep\n|turn|39\n|\n|t:|1701209490\n|move|p2a: Recovergonal|Rest|p2a: Recovergonal\n|-status|p2a: Recovergonal|slp|[from] move: Rest\n|-heal|p2a: Recovergonal|100\/100 slp|[silent]\n|move|p1a: Blissey|Seismic Toss|p2a: Recovergonal\n|-damage|p2a: Recovergonal|73\/100 slp\n|\n|-heal|p2a: Recovergonal|79\/100 slp|[from] item: Leftovers\n|upkeep\n|turn|40\n|\n|t:|1701209500\n|cant|p2a: Recovergonal|slp\n|move|p2a: Recovergonal|Sleep Talk|p2a: Recovergonal\n|move|p2a: Recovergonal|Recover|p2a: Recovergonal|[from]move: Sleep Talk\n|-heal|p2a: Recovergonal|100\/100 slp\n|move|p1a: Blissey|Seismic Toss|p2a: Recovergonal\n|-damage|p2a: Recovergonal|73\/100 slp\n|\n|-heal|p2a: Recovergonal|79\/100 slp|[from] item: Leftovers\n|upkeep\n|turn|41\n|\n|t:|1701209511\n|cant|p2a: Recovergonal|slp\n|move|p2a: Recovergonal|Sleep Talk|p2a: Recovergonal\n|move|p2a: Recovergonal|Freeze-Dry|p1a: Blissey|[from]move: Sleep Talk\n|-damage|p1a: Blissey|56\/100\n|move|p1a: Blissey|Seismic Toss|p2a: Recovergonal\n|-damage|p2a: Recovergonal|52\/100 slp\n|\n|-heal|p2a: Recovergonal|58\/100 slp|[from] item: Leftovers\n|upkeep\n|turn|42\n|\n|t:|1701209523\n|-curestatus|p2a: Recovergonal|slp|[msg]\n|move|p2a: Recovergonal|Rest|p2a: Recovergonal\n|-status|p2a: Recovergonal|slp|[from] move: Rest\n|-heal|p2a: Recovergonal|100\/100 slp|[silent]\n|move|p1a: Blissey|Seismic Toss|p2a: Recovergonal\n|-damage|p2a: Recovergonal|73\/100 slp\n|\n|-heal|p2a: Recovergonal|79\/100 slp|[from] item: Leftovers\n|upkeep\n|turn|43\n|\n|t:|1701209535\n|cant|p2a: Recovergonal|slp\n|move|p2a: Recovergonal|Sleep Talk|p2a: Recovergonal\n|move|p2a: Recovergonal|Rest||[from]move: Sleep Talk|[still]\n|-fail|p2a: Recovergonal\n|move|p1a: Blissey|Seismic Toss|p2a: Recovergonal\n|-damage|p2a: Recovergonal|52\/100 slp\n|\n|-heal|p2a: Recovergonal|58\/100 slp|[from] item: Leftovers\n|upkeep\n|turn|44\n|\n|t:|1701209549\n|cant|p2a: Recovergonal|slp\n|move|p2a: Recovergonal|Sleep Talk|p2a: Recovergonal\n|move|p2a: Recovergonal|Freeze-Dry|p1a: Blissey|[from]move: Sleep Talk\n|-damage|p1a: Blissey|48\/100\n|move|p1a: Blissey|Seismic Toss|p2a: Recovergonal\n|-damage|p2a: Recovergonal|30\/100 slp\n|\n|-heal|p2a: Recovergonal|36\/100 slp|[from] item: Leftovers\n|upkeep\n|turn|45\n|\n|t:|1701209561\n|-curestatus|p2a: Recovergonal|slp|[msg]\n|move|p2a: Recovergonal|Rest|p2a: Recovergonal\n|-status|p2a: Recovergonal|slp|[from] move: Rest\n|-heal|p2a: Recovergonal|100\/100 slp|[silent]\n|move|p1a: Blissey|Seismic Toss|p2a: Recovergonal\n|-damage|p2a: Recovergonal|73\/100 slp\n|\n|-heal|p2a: Recovergonal|79\/100 slp|[from] item: Leftovers\n|upkeep\n|turn|46\n|\n|t:|1701209573\n|cant|p2a: Recovergonal|slp\n|move|p2a: Recovergonal|Sleep Talk|p2a: Recovergonal\n|move|p2a: Recovergonal|Freeze-Dry|p1a: Blissey|[from]move: Sleep Talk\n|-damage|p1a: Blissey|39\/100\n|-status|p1a: Blissey|frz\n|cant|p1a: Blissey|frz\n|\n|-heal|p2a: Recovergonal|85\/100 slp|[from] item: Leftovers\n|upkeep\n|turn|47\n|\n|t:|1701209584\n|-curestatus|p1a: Blissey|frz|[from] ability: Natural Cure\n|switch|p1a: Slowbro|Slowbro, M|65\/100 frz\n|cant|p2a: Recovergonal|slp\n|move|p2a: Recovergonal|Sleep Talk|p2a: Recovergonal\n|move|p2a: Recovergonal|Rest||[from]move: Sleep Talk|[still]\n|-fail|p2a: Recovergonal\n|\n|-heal|p2a: Recovergonal|91\/100 slp|[from] item: Leftovers\n|upkeep\n|turn|48\n|\n|t:|1701209597\n|-curestatus|p2a: Recovergonal|slp|[msg]\n|move|p2a: Recovergonal|Freeze-Dry|p1a: Slowbro\n|-supereffective|p1a: Slowbro\n|-damage|p1a: Slowbro|18\/100 frz\n|cant|p1a: Slowbro|frz\n|\n|-heal|p2a: Recovergonal|97\/100|[from] item: Leftovers\n|upkeep\n|turn|49\n|\n|t:|1701209607\n|switch|p1a: Mudsdale|Mudsdale, F|41\/100\n|move|p2a: Recovergonal|Freeze-Dry|p1a: Mudsdale\n|-damage|p1a: Mudsdale|0 fnt\n|replace|p1a: Zoroark|Zoroark, F\n|-end|p1a: Zoroark|Illusion\n|faint|p1a: Zoroark\n|\n|-heal|p2a: Recovergonal|100\/100|[from] item: Leftovers\n|upkeep\n|\n|t:|1701209618\n|switch|p1a: Ditto|Ditto|81\/100\n|-transform|p1a: Ditto|p2a: Recovergonal|[from] ability: Imposter\n|turn|50\n|\n|t:|1701209627\n|move|p1a: Ditto|Rest|p1a: Ditto\n|-status|p1a: Ditto|slp|[from] move: Rest\n|-heal|p1a: Ditto|100\/100 slp|[silent]\n|move|p2a: Recovergonal|Freeze-Dry|p1a: Ditto\n|-resisted|p1a: Ditto\n|-damage|p1a: Ditto|90\/100 slp\n|\n|upkeep\n|turn|51\n|\n|t:|1701209637\n|switch|p1a: Mudsdale|Mudsdale, F|31\/100\n|move|p2a: Recovergonal|Freeze-Dry|p1a: Mudsdale\n|-supereffective|p1a: Mudsdale\n|-damage|p1a: Mudsdale|0 fnt\n|faint|p1a: Mudsdale\n|\n|upkeep\n|\n|t:|1701209644\n|switch|p1a: Slowbro|Slowbro, M|51\/100 frz\n|turn|52\n|\n|t:|1701209648\n|move|p2a: Recovergonal|Freeze-Dry|p1a: Slowbro\n|-supereffective|p1a: Slowbro\n|-damage|p1a: Slowbro|2\/100 frz\n|cant|p1a: Slowbro|frz\n|\n|upkeep\n|turn|53\n|-message|Paula33333 forfeited.\n|\n|win|Nonethousand\n|raw|Paula33333's rating: 1055 &rarr; <strong>1036<\/strong><br \/>(-19 for losing)\n|raw|Nonethousand's rating: 1045 &rarr; <strong>1079<\/strong><br \/>(+34 for winning)\n|l|\u2606Paula33333\n","uploadtime":1701209662,"views":32,"p1id":"paula33333","p2id":"nonethousand","formatid":"gen9anythinggoes","rating":1036,"private":0,"password":""}