{"id":"gen9anythinggoes-1988528946","p1":"poweeeer","p2":"GatosPimentas","format":"[Gen 9] Anything Goes","log":"|j|\u2606poweeeer\n|j|\u2606GatosPimentas\n|t:|1699732684\n|gametype|singles\n|player|p1|poweeeer|shadowtriad|1266\n|player|p2|GatosPimentas|unknown|1542\n|teamsize|p1|6\n|teamsize|p2|6\n|gen|9\n|tier|[Gen 9] Anything Goes\n|rated|\n|rule|HP Percentage Mod: HP is shown in percentages\n|rule|Endless Battle Clause: Forcing endless battles is banned\n|clearpoke\n|poke|p1|Ogerpon-Hearthflame, F|\n|poke|p1|Arceus-Dark|\n|poke|p1|Maushold-Four|\n|poke|p1|Zacian-*|\n|poke|p1|Breloom, F|\n|poke|p1|Quaquaval, M|\n|poke|p2|Calyrex-Shadow|\n|poke|p2|Zacian-*|\n|poke|p2|Ribombee, F|\n|poke|p2|Koraidon|\n|poke|p2|Arceus|\n|poke|p2|Great Tusk|\n|teampreview\n|inactive|Battle timer is ON: inactive players will automatically lose when time's up. (requested by poweeeer)\n|\n|t:|1699732696\n|start\n|switch|p1a: Zacian|Zacian-Crowned|100\/100\n|switch|p2a: Ribombee|Ribombee, F|100\/100\n|-ability|p1a: Zacian|Intrepid Sword|boost\n|-boost|p1a: Zacian|atk|1\n|turn|1\n|\n|t:|1699732703\n|move|p1a: Zacian|Swords Dance|p1a: Zacian\n|-boost|p1a: Zacian|atk|2\n|move|p2a: Ribombee|Sticky Web|p1a: Zacian\n|-sidestart|p1: poweeeer|move: Sticky Web\n|\n|upkeep\n|turn|2\n|\n|t:|1699732708\n|move|p1a: Zacian|Swords Dance|p1a: Zacian\n|-boost|p1a: Zacian|atk|2\n|move|p2a: Ribombee|Stun Spore|p1a: Zacian\n|-status|p1a: Zacian|par\n|\n|upkeep\n|turn|3\n|\n|t:|1699732719\n|move|p2a: Ribombee|Tailwind|p2a: Ribombee\n|-sidestart|p2: GatosPimentas|move: Tailwind\n|move|p1a: Zacian|Swords Dance|p1a: Zacian\n|-boost|p1a: Zacian|atk|1\n|\n|upkeep\n|turn|4\n|\n|t:|1699732727\n|move|p2a: Ribombee|Moonblast|p1a: Zacian\n|-resisted|p1a: Zacian\n|-damage|p1a: Zacian|81\/100 par\n|move|p1a: Zacian|Behemoth Blade|p2a: Ribombee\n|-supereffective|p2a: Ribombee\n|-enditem|p2a: Ribombee|Focus Sash\n|-damage|p2a: Ribombee|1\/100\n|\n|upkeep\n|turn|5\n|c|\u2606GatosPimentas|Greedy\n|\n|t:|1699732740\n|move|p2a: Ribombee|Moonblast|p1a: Zacian\n|-resisted|p1a: Zacian\n|-damage|p1a: Zacian|62\/100 par\n|move|p1a: Zacian|Moonblast|p2a: Ribombee\n|-damage|p2a: Ribombee|0 fnt\n|faint|p2a: Ribombee\n|\n|upkeep\n|c|\u2606GatosPimentas|Moonblast zacian what\n|\n|t:|1699732755\n|switch|p2a: Zacian|Zacian-Crowned, shiny|100\/100\n|-ability|p2a: Zacian|Intrepid Sword|boost\n|-boost|p2a: Zacian|atk|1\n|turn|6\n|\n|t:|1699732764\n|move|p2a: Zacian|Behemoth Blade|p1a: Zacian\n|-damage|p1a: Zacian|0 fnt\n|faint|p1a: Zacian\n|\n|-sideend|p2: GatosPimentas|move: Tailwind\n|upkeep\n|\n|t:|1699732770\n|switch|p1a: Maushold|Maushold-Four, shiny|100\/100\n|-activate|p1a: Maushold|move: Sticky Web\n|-unboost|p1a: Maushold|spe|1\n|turn|7\n|\n|t:|1699732774\n|move|p2a: Zacian|Behemoth Blade|p1a: Maushold\n|-enditem|p1a: Maushold|Focus Sash\n|-damage|p1a: Maushold|1\/100\n|move|p1a: Maushold|Tidy Up|p1a: Maushold\n|-sideend|p1: poweeeer|Sticky Web\n|-activate|p1a: Maushold|move: Tidy Up\n|-boost|p1a: Maushold|atk|1\n|-boost|p1a: Maushold|spe|1\n|\n|upkeep\n|turn|8\n|\n|t:|1699732782\n|move|p2a: Zacian|Behemoth Blade|p1a: Maushold\n|-damage|p1a: Maushold|0 fnt\n|faint|p1a: Maushold\n|\n|upkeep\n|\n|t:|1699732788\n|switch|p1a: Ogerpon|Ogerpon-Hearthflame, F|100\/100\n|-ability|p1a: Ogerpon|Mold Breaker\n|turn|9\n|\n|t:|1699732793\n|-terastallize|p2a: Zacian|Ground\n|-terastallize|p1a: Ogerpon|Fire\n|detailschange|p1a: Ogerpon|Ogerpon-Hearthflame-Tera, F, tera:Fire\n|-ability|p1a: Ogerpon|Embody Aspect (Hearthflame)|boost\n|-boost|p1a: Ogerpon|atk|1\n|move|p2a: Zacian|Tera Blast|p1a: Ogerpon|[anim] Tera Blast Ground\n|-supereffective|p1a: Ogerpon\n|-damage|p1a: Ogerpon|0 fnt\n|faint|p1a: Ogerpon\n|\n|upkeep\n|\n|t:|1699732803\n|switch|p1a: Quaquaval|Quaquaval, M|100\/100\n|turn|10\n|\n|t:|1699732806\n|move|p2a: Zacian|Play Rough|p1a: Quaquaval\n|-supereffective|p1a: Quaquaval\n|-damage|p1a: Quaquaval|0 fnt\n|faint|p1a: Quaquaval\n|\n|upkeep\n|\n|t:|1699732812\n|switch|p1a: Breloom|Breloom, F|100\/100\n|turn|11\n|\n|t:|1699732815\n|move|p2a: Zacian|Play Rough|p1a: Breloom\n|-supereffective|p1a: Breloom\n|-damage|p1a: Breloom|0 fnt\n|faint|p1a: Breloom\n|\n|upkeep\n|-message|poweeeer forfeited.\n|\n|win|GatosPimentas\n|raw|poweeeer's rating: 1266 &rarr; <strong>1258<\/strong><br \/>(-8 for losing)\n|raw|GatosPimentas's rating: 1542 &rarr; <strong>1549<\/strong><br \/>(+7 for winning)\n|l|\u2606poweeeer\n|l|\u2606GatosPimentas\n|j|\u2606GatosPimentas\n|player|p2|GatosPimentas|unknown\n|l|\u2606GatosPimentas\n|player|p2|\n|j|\u2606GatosPimentas\n|player|p2|GatosPimentas|unknown\n","uploadtime":1699733090,"views":7,"p1id":"poweeeer","p2id":"gatospimentas","formatid":"gen9anythinggoes","rating":1258,"private":0,"password":""}