{"id":"gen9anythinggoes-1979937039","p1":"Hirokimon","p2":"it girl 3","format":"[Gen 9] Anything Goes","log":"|j|\u2606Hirokimon\n|j|\u2606it girl 3\n|t:|1698732729\n|gametype|singles\n|player|p1|Hirokimon|steven|1254\n|player|p2|it girl 3|caitlin|1236\n|teamsize|p1|6\n|teamsize|p2|6\n|gen|9\n|tier|[Gen 9] Anything Goes\n|rated|\n|rule|HP Percentage Mod: HP is shown in percentages\n|rule|Endless Battle Clause: Forcing endless battles is banned\n|clearpoke\n|poke|p1|Manaphy|\n|poke|p1|Vaporeon, F|\n|poke|p1|Gardevoir, F|\n|poke|p1|Ditto|\n|poke|p1|Hatterene, F|\n|poke|p1|Zoroark-Hisui, F|\n|poke|p2|Calyrex-Shadow|\n|poke|p2|Miraidon|\n|poke|p2|Koraidon|\n|poke|p2|Groudon|\n|poke|p2|Maushold-Four|\n|poke|p2|Regieleki|\n|teampreview\n|inactive|Battle timer is ON: inactive players will automatically lose when time's up. (requested by it girl 3)\n|\n|t:|1698732742\n|start\n|switch|p1a: Vaporeon|Vaporeon, F, shiny|100\/100\n|switch|p2a: Maushold|Maushold-Four|100\/100\n|turn|1\n|\n|t:|1698732751\n|switch|p1a: Hatterene|Hatterene, F, shiny|100\/100\n|move|p2a: Maushold|Tidy Up|p2a: Maushold\n|-boost|p2a: Maushold|atk|1\n|-boost|p2a: Maushold|spe|1\n|\n|upkeep\n|turn|2\n|\n|t:|1698732763\n|move|p2a: Maushold|Bite|p1a: Hatterene\n|-damage|p1a: Hatterene|73\/100\n|-damage|p2a: Maushold|84\/100|[from] item: Rocky Helmet|[of] p1a: Hatterene\n|move|p1a: Hatterene|Substitute|p1a: Hatterene\n|-start|p1a: Hatterene|Substitute\n|-damage|p1a: Hatterene|49\/100\n|\n|upkeep\n|turn|3\n|\n|t:|1698732775\n|move|p2a: Maushold|Population Bomb|p1a: Hatterene\n|-activate|p1a: Hatterene|move: Substitute|[damage]\n|-end|p1a: Hatterene|Substitute\n|-damage|p1a: Hatterene|34\/100\n|-damage|p2a: Maushold|67\/100|[from] item: Rocky Helmet|[of] p1a: Hatterene\n|-damage|p1a: Hatterene|21\/100\n|-damage|p2a: Maushold|51\/100|[from] item: Rocky Helmet|[of] p1a: Hatterene\n|-damage|p1a: Hatterene|7\/100\n|-damage|p2a: Maushold|34\/100|[from] item: Rocky Helmet|[of] p1a: Hatterene\n|-damage|p1a: Hatterene|0 fnt\n|-damage|p2a: Maushold|17\/100|[from] item: Rocky Helmet|[of] p1a: Hatterene\n|faint|p1a: Hatterene\n|-hitcount|p1: Hatterene|6\n|\n|upkeep\n|\n|t:|1698732790\n|switch|p1a: Ditto|Ditto|100\/100\n|-transform|p1a: Ditto|p2a: Maushold|[from] ability: Imposter\n|turn|4\n|\n|t:|1698732798\n|move|p1a: Ditto|Population Bomb|p2a: Maushold\n|-damage|p2a: Maushold|0 fnt\n|faint|p2a: Maushold\n|-hitcount|p2: Maushold|1\n|\n|upkeep\n|\n|t:|1698732802\n|switch|p2a: Calyrex|Calyrex-Shadow|100\/100\n|-ability|p2a: Calyrex|As One\n|-ability|p2a: Calyrex|Unnerve\n|turn|5\n|\n|t:|1698732812\n|switch|p1a: Vaporeon|Vaporeon, F, shiny|100\/100\n|move|p2a: Calyrex|Draining Kiss|p1a: Vaporeon\n|-damage|p1a: Vaporeon|86\/100\n|\n|upkeep\n|turn|6\n|\n|t:|1698732838\n|move|p2a: Calyrex|Nasty Plot|p2a: Calyrex\n|-boost|p2a: Calyrex|spa|2\n|move|p1a: Vaporeon|Calm Mind|p1a: Vaporeon\n|-boost|p1a: Vaporeon|spa|1\n|-boost|p1a: Vaporeon|spd|1\n|\n|upkeep\n|turn|7\n|\n|t:|1698732846\n|move|p2a: Calyrex|Astral Barrage|p1a: Vaporeon\n|-damage|p1a: Vaporeon|5\/100\n|move|p1a: Vaporeon|Baton Pass|p1a: Vaporeon\n|\n|t:|1698732853\n|switch|p1a: Gardevoir|Gardevoir, F, shiny|100\/100|[from] Baton Pass\n|\n|upkeep\n|turn|8\n|\n|t:|1698732859\n|move|p2a: Calyrex|Astral Barrage|p1a: Gardevoir\n|-immune|p1a: Gardevoir\n|move|p1a: Gardevoir|Bitter Malice|p2a: Calyrex\n|-supereffective|p2a: Calyrex\n|-enditem|p2a: Calyrex|Focus Sash\n|-damage|p2a: Calyrex|1\/100\n|-unboost|p2a: Calyrex|atk|1\n|\n|upkeep\n|turn|9\n|\n|t:|1698732877\n|switch|p1a: Vaporeon|Vaporeon, F, shiny|5\/100\n|move|p2a: Calyrex|Draining Kiss|p1a: Vaporeon\n|-damage|p1a: Vaporeon|0 fnt\n|-heal|p2a: Calyrex|6\/100|[from] drain|[of] p1a: Vaporeon\n|faint|p1a: Vaporeon\n|-ability|p2a: Calyrex|Grim Neigh|boost\n|-boost|p2a: Calyrex|spa|1\n|\n|upkeep\n|\n|t:|1698732888\n|switch|p1a: Ditto|Ditto|100\/100\n|-transform|p1a: Ditto|p2a: Calyrex|[from] ability: Imposter\n|turn|10\n|\n|t:|1698732896\n|move|p1a: Ditto|Astral Barrage|p2a: Calyrex\n|-supereffective|p2a: Calyrex\n|-damage|p2a: Calyrex|0 fnt\n|faint|p2a: Calyrex\n|-ability|p1a: Ditto|Grim Neigh|boost\n|-boost|p1a: Ditto|spa|1\n|\n|upkeep\n|\n|t:|1698732898\n|switch|p2a: Groudon|Groudon|100\/100\n|-weather|SunnyDay|[from] ability: Drought|[of] p2a: Groudon\n|turn|11\n|\n|t:|1698732907\n|move|p1a: Ditto|Astral Barrage|p2a: Groudon\n|-damage|p2a: Groudon|0 fnt\n|faint|p2a: Groudon\n|-ability|p1a: Ditto|Grim Neigh|boost\n|-boost|p1a: Ditto|spa|1\n|\n|-weather|SunnyDay|[upkeep]\n|upkeep\n|inactive|it girl 3 has 120 seconds left.\n|\n|t:|1698732943\n|switch|p2a: Koraidon|Koraidon|100\/100\n|-activate|p2a: Koraidon|ability: Orichalcum Pulse\n|turn|12\n|\n|t:|1698732949\n|move|p1a: Ditto|Astral Barrage|p2a: Koraidon\n|-damage|p2a: Koraidon|0 fnt\n|faint|p2a: Koraidon\n|-ability|p1a: Ditto|Grim Neigh|boost\n|-boost|p1a: Ditto|spa|1\n|\n|-weather|SunnyDay|[upkeep]\n|upkeep\n|-message|it girl 3 forfeited.\n|\n|win|Hirokimon\n|raw|Hirokimon's rating: 1254 &rarr; <strong>1283<\/strong><br \/>(+29 for winning)\n|raw|it girl 3's rating: 1304 &rarr; <strong>1281<\/strong><br \/>(-23 for losing)\n|l|\u2606it girl 3\n","uploadtime":1698732961,"views":10,"p1id":"hirokimon","p2id":"itgirl3","formatid":"gen9anythinggoes","rating":1281,"private":0,"password":""}