{"id":"gen9anythinggoes-1986284093","p1":"dcurb","p2":"Annler_Regi","format":"[Gen 9] Anything Goes","log":"|j|\u2606dcurb\n|j|\u2606Annler_Regi\n|t:|1699466099\n|gametype|singles\n|player|p1|dcurb|blue|1123\n|player|p2|Annler_Regi|selene|1164\n|teamsize|p1|6\n|teamsize|p2|6\n|gen|9\n|tier|[Gen 9] Anything Goes\n|rated|\n|rule|HP Percentage Mod: HP is shown in percentages\n|rule|Endless Battle Clause: Forcing endless battles is banned\n|clearpoke\n|poke|p1|Ceruledge, M|\n|poke|p1|Torterra, M|\n|poke|p1|Samurott-Hisui, F|\n|poke|p1|Ninetales-Alola, M|\n|poke|p1|Kommo-o, F|\n|poke|p1|Magnezone|\n|poke|p2|Clefable, F|\n|poke|p2|Dondozo, M|\n|poke|p2|Clodsire, M|\n|poke|p2|Skeledirge, M|\n|poke|p2|Quagsire, M|\n|poke|p2|Crocalor, M|\n|teampreview\n|inactive|Battle timer is ON: inactive players will automatically lose when time's up. (requested by Annler_Regi)\n|\n|t:|1699466122\n|start\n|switch|p1a: Ninetales|Ninetales-Alola, M|100\/100\n|switch|p2a: Clodsire|Clodsire, M|100\/100\n|-weather|Snow|[from] ability: Snow Warning|[of] p1a: Ninetales\n|turn|1\n|\n|t:|1699466134\n|move|p1a: Ninetales|Aurora Veil|p1a: Ninetales\n|-sidestart|p1: dcurb|move: Aurora Veil\n|move|p2a: Clodsire|Stealth Rock|p1a: Ninetales\n|-sidestart|p1: dcurb|move: Stealth Rock\n|\n|-weather|Snow|[upkeep]\n|upkeep\n|turn|2\n|\n|t:|1699466140\n|move|p1a: Ninetales|Blizzard|p2a: Clodsire\n|-supereffective|p2a: Clodsire\n|-damage|p2a: Clodsire|50\/100\n|move|p2a: Clodsire|Toxic Spikes|p1a: Ninetales\n|-sidestart|p1: dcurb|move: Toxic Spikes\n|\n|-weather|Snow|[upkeep]\n|-heal|p2a: Clodsire|56\/100|[from] item: Leftovers\n|upkeep\n|turn|3\n|\n|t:|1699466162\n|switch|p2a: Crocalor|Crocalor, M|100\/100\n|move|p1a: Ninetales|Blizzard|p2a: Crocalor\n|-resisted|p2a: Crocalor\n|-damage|p2a: Crocalor|88\/100\n|\n|-weather|Snow|[upkeep]\n|upkeep\n|turn|4\n|\n|t:|1699466181\n|move|p1a: Ninetales|Moonblast|p2a: Crocalor\n|-resisted|p2a: Crocalor\n|-damage|p2a: Crocalor|78\/100\n|-unboost|p2a: Crocalor|spa|1\n|move|p2a: Crocalor|Roar|p1a: Ninetales\n|drag|p1a: Torterra|Torterra, M|100\/100\n|-damage|p1a: Torterra|94\/100|[from] Stealth Rock\n|-status|p1a: Torterra|psn\n|\n|-weather|Snow|[upkeep]\n|-damage|p1a: Torterra|82\/100 psn|[from] psn\n|upkeep\n|turn|5\n|\n|t:|1699466192\n|move|p1a: Torterra|Shell Smash|p1a: Torterra\n|-unboost|p1a: Torterra|def|1\n|-unboost|p1a: Torterra|spd|1\n|-boost|p1a: Torterra|atk|2\n|-boost|p1a: Torterra|spa|2\n|-boost|p1a: Torterra|spe|2\n|-enditem|p1a: Torterra|White Herb\n|-clearnegativeboost|p1a: Torterra|[silent]\n|move|p2a: Crocalor|Roar|p1a: Torterra\n|drag|p1a: Ninetales|Ninetales-Alola, M|100\/100\n|-damage|p1a: Ninetales|75\/100|[from] Stealth Rock\n|-status|p1a: Ninetales|psn\n|\n|-weather|none\n|-heal|p1a: Ninetales|82\/100 psn|[from] item: Leftovers\n|-damage|p1a: Ninetales|69\/100 psn|[from] psn\n|-sideend|p1: dcurb|move: Aurora Veil\n|upkeep\n|turn|6\n|inactive|Annler_Regi has 120 seconds left.\n|\n|t:|1699466217\n|move|p1a: Ninetales|Blizzard|p2a: Crocalor|[miss]\n|-miss|p1a: Ninetales|p2a: Crocalor\n|move|p2a: Crocalor|Roar|p1a: Ninetales\n|drag|p1a: Samurott|Samurott-Hisui, F|100\/100\n|-damage|p1a: Samurott|88\/100|[from] Stealth Rock\n|-status|p1a: Samurott|psn\n|\n|-damage|p1a: Samurott|76\/100 psn|[from] psn\n|upkeep\n|turn|7\n|inactive|Annler_Regi has 120 seconds left.\n|\n|t:|1699466228\n|switch|p2a: Dondozo|Dondozo, M|100\/100\n|move|p1a: Samurott|Aqua Cutter|p2a: Dondozo\n|-resisted|p2a: Dondozo\n|-damage|p2a: Dondozo|89\/100\n|\n|-heal|p2a: Dondozo|95\/100|[from] item: Leftovers\n|-damage|p1a: Samurott|63\/100 psn|[from] psn\n|upkeep\n|turn|8\n|\n|t:|1699466238\n|move|p1a: Samurott|Ceaseless Edge|p2a: Dondozo\n|-damage|p2a: Dondozo|75\/100\n|-sidestart|p2: Annler_Regi|Spikes\n|move|p2a: Dondozo|Yawn||[still]\n|-fail|p2a: Dondozo\n|\n|-heal|p2a: Dondozo|81\/100|[from] item: Leftovers\n|-damage|p1a: Samurott|51\/100 psn|[from] psn\n|upkeep\n|turn|9\n|inactive|Annler_Regi has 120 seconds left.\n|\n|t:|1699466259\n|switch|p2a: Clefable|Clefable, F|100\/100\n|-damage|p2a: Clefable|88\/100|[from] Spikes\n|move|p1a: Samurott|Ceaseless Edge|p2a: Clefable|[miss]\n|-miss|p1a: Samurott|p2a: Clefable\n|\n|-heal|p2a: Clefable|94\/100|[from] item: Leftovers\n|-damage|p1a: Samurott|39\/100 psn|[from] psn\n|upkeep\n|turn|10\n|inactive|Annler_Regi has 120 seconds left.\n|\n|t:|1699466270\n|move|p2a: Clefable|Protect|p2a: Clefable\n|-singleturn|p2a: Clefable|Protect\n|move|p1a: Samurott|Aqua Cutter|p2a: Clefable\n|-activate|p2a: Clefable|move: Protect\n|\n|-heal|p2a: Clefable|99\/100|[from] item: Leftovers\n|-damage|p1a: Samurott|26\/100 psn|[from] psn\n|upkeep\n|turn|11\n|inactive|Annler_Regi has 120 seconds left.\n|\n|t:|1699466281\n|move|p1a: Samurott|Aqua Cutter|p2a: Clefable\n|-damage|p2a: Clefable|64\/100\n|move|p2a: Clefable|Wish|p2a: Clefable\n|\n|-heal|p2a: Clefable|70\/100|[from] item: Leftovers\n|-damage|p1a: Samurott|14\/100 psn|[from] psn\n|upkeep\n|turn|12\n|\n|t:|1699466291\n|move|p2a: Clefable|Protect|p2a: Clefable\n|-singleturn|p2a: Clefable|Protect\n|move|p1a: Samurott|Ceaseless Edge|p2a: Clefable\n|-activate|p2a: Clefable|move: Protect\n|\n|-heal|p2a: Clefable|100\/100|[from] move: Wish|[wisher] Clefable\n|-damage|p1a: Samurott|2\/100 psn|[from] psn\n|upkeep\n|turn|13\n|\n|t:|1699466301\n|move|p1a: Samurott|Ceaseless Edge|p2a: Clefable\n|-resisted|p2a: Clefable\n|-damage|p2a: Clefable|82\/100\n|-sidestart|p2: Annler_Regi|Spikes\n|move|p2a: Clefable|Wish|p2a: Clefable\n|\n|-heal|p2a: Clefable|88\/100|[from] item: Leftovers\n|-damage|p1a: Samurott|0 fnt|[from] psn\n|faint|p1a: Samurott\n|upkeep\n|\n|t:|1699466320\n|switch|p1a: Torterra|Torterra, M|82\/100 psn\n|-damage|p1a: Torterra|76\/100 psn|[from] Stealth Rock\n|turn|14\n|\n|t:|1699466328\n|move|p1a: Torterra|Shell Smash|p1a: Torterra\n|-unboost|p1a: Torterra|def|1\n|-unboost|p1a: Torterra|spd|1\n|-boost|p1a: Torterra|atk|2\n|-boost|p1a: Torterra|spa|2\n|-boost|p1a: Torterra|spe|2\n|move|p2a: Clefable|Encore|p1a: Torterra\n|-start|p1a: Torterra|Encore\n|\n|-heal|p2a: Clefable|100\/100|[from] move: Wish|[wisher] Clefable\n|-damage|p1a: Torterra|63\/100 psn|[from] psn\n|upkeep\n|turn|15\n|\n|t:|1699466340\n|switch|p1a: Ninetales|Ninetales-Alola, M|69\/100 psn\n|-damage|p1a: Ninetales|44\/100 psn|[from] Stealth Rock\n|-weather|Snow|[from] ability: Snow Warning|[of] p1a: Ninetales\n|switch|p2a: Skeledirge|Skeledirge, M|100\/100\n|-damage|p2a: Skeledirge|84\/100|[from] Spikes\n|\n|-weather|Snow|[upkeep]\n|-heal|p1a: Ninetales|50\/100 psn|[from] item: Leftovers\n|-heal|p2a: Skeledirge|90\/100|[from] item: Leftovers\n|-damage|p1a: Ninetales|38\/100 psn|[from] psn\n|upkeep\n|turn|16\n|\n|t:|1699466353\n|move|p1a: Ninetales|Aurora Veil|p1a: Ninetales\n|-sidestart|p1: dcurb|move: Aurora Veil\n|move|p2a: Skeledirge|Torch Song|p1a: Ninetales\n|-supereffective|p1a: Ninetales\n|-damage|p1a: Ninetales|9\/100 psn\n|-boost|p2a: Skeledirge|spa|1\n|\n|-weather|Snow|[upkeep]\n|-heal|p1a: Ninetales|15\/100 psn|[from] item: Leftovers\n|-heal|p2a: Skeledirge|96\/100|[from] item: Leftovers\n|-damage|p1a: Ninetales|2\/100 psn|[from] psn\n|upkeep\n|turn|17\n|\n|t:|1699466363\n|move|p2a: Skeledirge|Protect|p2a: Skeledirge\n|-singleturn|p2a: Skeledirge|Protect\n|move|p1a: Ninetales|Moonblast|p2a: Skeledirge\n|-activate|p2a: Skeledirge|move: Protect\n|\n|-weather|Snow|[upkeep]\n|-heal|p1a: Ninetales|9\/100 psn|[from] item: Leftovers\n|-heal|p2a: Skeledirge|100\/100|[from] item: Leftovers\n|-damage|p1a: Ninetales|0 fnt|[from] psn\n|faint|p1a: Ninetales\n|upkeep\n|\n|t:|1699466373\n|switch|p1a: Torterra|Torterra, M|63\/100 psn\n|-damage|p1a: Torterra|57\/100 psn|[from] Stealth Rock\n|turn|18\n|\n|t:|1699466379\n|move|p1a: Torterra|Earthquake|p2a: Skeledirge\n|-supereffective|p2a: Skeledirge\n|-damage|p2a: Skeledirge|41\/100\n|move|p2a: Skeledirge|Torch Song|p1a: Torterra\n|-supereffective|p1a: Torterra\n|-damage|p1a: Torterra|13\/100 psn\n|-boost|p2a: Skeledirge|spa|1\n|\n|-weather|Snow|[upkeep]\n|-heal|p2a: Skeledirge|47\/100|[from] item: Leftovers\n|-damage|p1a: Torterra|0 fnt|[from] psn\n|faint|p1a: Torterra\n|upkeep\n|\n|t:|1699466394\n|switch|p1a: Ceruledge|Ceruledge, M|100\/100\n|-damage|p1a: Ceruledge|75\/100|[from] Stealth Rock\n|-status|p1a: Ceruledge|psn\n|turn|19\n|\n|t:|1699466414\n|switch|p2a: Clefable|Clefable, F|100\/100\n|-damage|p2a: Clefable|84\/100|[from] Spikes\n|move|p1a: Ceruledge|Shadow Claw|p2a: Clefable\n|-damage|p2a: Clefable|59\/100\n|\n|-weather|none\n|-heal|p1a: Ceruledge|82\/100 psn|[from] item: Leftovers\n|-heal|p2a: Clefable|65\/100|[from] item: Leftovers\n|-damage|p1a: Ceruledge|69\/100 psn|[from] psn\n|upkeep\n|turn|20\n|\n|t:|1699466425\n|move|p2a: Clefable|Protect|p2a: Clefable\n|-singleturn|p2a: Clefable|Protect\n|move|p1a: Ceruledge|Bulk Up|p1a: Ceruledge\n|-boost|p1a: Ceruledge|atk|1\n|-boost|p1a: Ceruledge|def|1\n|\n|-heal|p1a: Ceruledge|75\/100 psn|[from] item: Leftovers\n|-heal|p2a: Clefable|71\/100|[from] item: Leftovers\n|-damage|p1a: Ceruledge|63\/100 psn|[from] psn\n|-sideend|p1: dcurb|move: Aurora Veil\n|upkeep\n|turn|21\n|\n|t:|1699466435\n|move|p1a: Ceruledge|Bitter Blade|p2a: Clefable\n|-damage|p2a: Clefable|37\/100\n|-heal|p1a: Ceruledge|84\/100 psn|[from] drain|[of] p2a: Clefable\n|move|p2a: Clefable|Wish|p2a: Clefable\n|\n|-heal|p1a: Ceruledge|90\/100 psn|[from] item: Leftovers\n|-heal|p2a: Clefable|43\/100|[from] item: Leftovers\n|-damage|p1a: Ceruledge|77\/100 psn|[from] psn\n|upkeep\n|turn|22\n|\n|t:|1699466449\n|move|p1a: Ceruledge|Shadow Claw|p2a: Clefable\n|-damage|p2a: Clefable|16\/100\n|move|p2a: Clefable|Encore|p1a: Ceruledge\n|-start|p1a: Ceruledge|Encore\n|\n|-heal|p2a: Clefable|66\/100|[from] move: Wish|[wisher] Clefable\n|-heal|p1a: Ceruledge|83\/100 psn|[from] item: Leftovers\n|-heal|p2a: Clefable|72\/100|[from] item: Leftovers\n|-damage|p1a: Ceruledge|71\/100 psn|[from] psn\n|upkeep\n|turn|23\n|\n|t:|1699466460\n|move|p1a: Ceruledge|Shadow Claw|p2a: Clefable\n|-damage|p2a: Clefable|43\/100\n|move|p2a: Clefable|Wish|p2a: Clefable\n|\n|-heal|p1a: Ceruledge|77\/100 psn|[from] item: Leftovers\n|-heal|p2a: Clefable|49\/100|[from] item: Leftovers\n|-damage|p1a: Ceruledge|65\/100 psn|[from] psn\n|upkeep\n|turn|24\n|\n|t:|1699466468\n|move|p1a: Ceruledge|Shadow Claw|p2a: Clefable\n|-damage|p2a: Clefable|20\/100\n|move|p2a: Clefable|Moonlight|p2a: Clefable\n|-heal|p2a: Clefable|70\/100\n|\n|-heal|p2a: Clefable|100\/100|[from] move: Wish|[wisher] Clefable\n|-heal|p1a: Ceruledge|71\/100 psn|[from] item: Leftovers\n|-damage|p1a: Ceruledge|58\/100 psn|[from] psn\n|upkeep\n|turn|25\n|\n|t:|1699466478\n|move|p1a: Ceruledge|Shadow Claw|p2a: Clefable\n|-damage|p2a: Clefable|74\/100\n|move|p2a: Clefable|Wish|p2a: Clefable\n|\n|-heal|p1a: Ceruledge|64\/100 psn|[from] item: Leftovers\n|-heal|p2a: Clefable|80\/100|[from] item: Leftovers\n|-damage|p1a: Ceruledge|52\/100 psn|[from] psn\n|-end|p1a: Ceruledge|Encore\n|upkeep\n|turn|26\n|\n|t:|1699466487\n|switch|p2a: Quagsire|Quagsire, M|100\/100\n|-damage|p2a: Quagsire|84\/100|[from] Spikes\n|move|p1a: Ceruledge|Bitter Blade|p2a: Quagsire\n|-resisted|p2a: Quagsire\n|-damage|p2a: Quagsire|66\/100\n|-heal|p1a: Ceruledge|63\/100 psn|[from] drain|[of] p2a: Quagsire\n|\n|-heal|p2a: Quagsire|100\/100|[from] move: Wish|[wisher] Clefable\n|-heal|p1a: Ceruledge|69\/100 psn|[from] item: Leftovers\n|-damage|p1a: Ceruledge|57\/100 psn|[from] psn\n|upkeep\n|turn|27\n|\n|t:|1699466500\n|move|p1a: Ceruledge|Shadow Claw|p2a: Quagsire\n|-damage|p2a: Quagsire|73\/100\n|move|p2a: Quagsire|Spikes|p1a: Ceruledge\n|-sidestart|p1: dcurb|Spikes\n|\n|-heal|p1a: Ceruledge|63\/100 psn|[from] item: Leftovers\n|-heal|p2a: Quagsire|79\/100|[from] item: Leftovers\n|-damage|p1a: Ceruledge|51\/100 psn|[from] psn\n|upkeep\n|turn|28\n|\n|t:|1699466510\n|move|p2a: Quagsire|Protect|p2a: Quagsire\n|-singleturn|p2a: Quagsire|Protect\n|move|p1a: Ceruledge|Bulk Up|p1a: Ceruledge\n|-boost|p1a: Ceruledge|atk|1\n|-boost|p1a: Ceruledge|def|1\n|\n|-heal|p1a: Ceruledge|57\/100 psn|[from] item: Leftovers\n|-heal|p2a: Quagsire|85\/100|[from] item: Leftovers\n|-damage|p1a: Ceruledge|44\/100 psn|[from] psn\n|upkeep\n|turn|29\n|\n|t:|1699466519\n|move|p1a: Ceruledge|Shadow Claw|p2a: Quagsire\n|-damage|p2a: Quagsire|59\/100\n|move|p2a: Quagsire|Spikes|p1a: Ceruledge\n|-sidestart|p1: dcurb|Spikes\n|\n|-heal|p1a: Ceruledge|50\/100 psn|[from] item: Leftovers\n|-heal|p2a: Quagsire|65\/100|[from] item: Leftovers\n|-damage|p1a: Ceruledge|38\/100 psn|[from] psn\n|upkeep\n|turn|30\n|\n|t:|1699466528\n|move|p2a: Quagsire|Protect|p2a: Quagsire\n|-singleturn|p2a: Quagsire|Protect\n|move|p1a: Ceruledge|Bitter Blade|p2a: Quagsire\n|-activate|p2a: Quagsire|move: Protect\n|\n|-heal|p1a: Ceruledge|44\/100 psn|[from] item: Leftovers\n|-heal|p2a: Quagsire|71\/100|[from] item: Leftovers\n|-damage|p1a: Ceruledge|32\/100 psn|[from] psn\n|upkeep\n|turn|31\n|\n|t:|1699466537\n|move|p1a: Ceruledge|Bitter Blade|p2a: Quagsire\n|-resisted|p2a: Quagsire\n|-damage|p2a: Quagsire|55\/100\n|-heal|p1a: Ceruledge|42\/100 psn|[from] drain|[of] p2a: Quagsire\n|move|p2a: Quagsire|Toxic Spikes|p1a: Ceruledge\n|-sidestart|p1: dcurb|move: Toxic Spikes\n|\n|-heal|p1a: Ceruledge|48\/100 psn|[from] item: Leftovers\n|-heal|p2a: Quagsire|61\/100|[from] item: Leftovers\n|-damage|p1a: Ceruledge|36\/100 psn|[from] psn\n|upkeep\n|turn|32\n|\n|t:|1699466548\n|move|p2a: Quagsire|Protect|p2a: Quagsire\n|-singleturn|p2a: Quagsire|Protect\n|move|p1a: Ceruledge|Shadow Claw|p2a: Quagsire\n|-activate|p2a: Quagsire|move: Protect\n|\n|-heal|p1a: Ceruledge|42\/100 psn|[from] item: Leftovers\n|-heal|p2a: Quagsire|67\/100|[from] item: Leftovers\n|-damage|p1a: Ceruledge|29\/100 psn|[from] psn\n|upkeep\n|turn|33\n|\n|t:|1699466557\n|move|p1a: Ceruledge|Shadow Claw|p2a: Quagsire\n|-damage|p2a: Quagsire|41\/100\n|move|p2a: Quagsire|Spikes|p1a: Ceruledge\n|-sidestart|p1: dcurb|Spikes\n|\n|-heal|p1a: Ceruledge|35\/100 psn|[from] item: Leftovers\n|-heal|p2a: Quagsire|47\/100|[from] item: Leftovers\n|-damage|p1a: Ceruledge|23\/100 psn|[from] psn\n|upkeep\n|turn|34\n|\n|t:|1699466566\n|move|p2a: Quagsire|Protect|p2a: Quagsire\n|-singleturn|p2a: Quagsire|Protect\n|move|p1a: Ceruledge|Shadow Claw|p2a: Quagsire\n|-activate|p2a: Quagsire|move: Protect\n|\n|-heal|p1a: Ceruledge|29\/100 psn|[from] item: Leftovers\n|-heal|p2a: Quagsire|53\/100|[from] item: Leftovers\n|-damage|p1a: Ceruledge|17\/100 psn|[from] psn\n|upkeep\n|turn|35\n|\n|t:|1699466577\n|move|p1a: Ceruledge|Shadow Claw|p2a: Quagsire\n|-crit|p2a: Quagsire\n|-damage|p2a: Quagsire|15\/100\n|move|p2a: Quagsire|Toxic Spikes||[still]\n|-fail|p2a: Quagsire\n|\n|-heal|p1a: Ceruledge|23\/100 psn|[from] item: Leftovers\n|-heal|p2a: Quagsire|22\/100|[from] item: Leftovers\n|-damage|p1a: Ceruledge|10\/100 psn|[from] psn\n|upkeep\n|turn|36\n|\n|t:|1699466590\n|move|p2a: Quagsire|Protect|p2a: Quagsire\n|-singleturn|p2a: Quagsire|Protect\n|move|p1a: Ceruledge|Bulk Up|p1a: Ceruledge\n|-boost|p1a: Ceruledge|atk|1\n|-boost|p1a: Ceruledge|def|1\n|\n|-heal|p1a: Ceruledge|16\/100 psn|[from] item: Leftovers\n|-heal|p2a: Quagsire|28\/100|[from] item: Leftovers\n|-damage|p1a: Ceruledge|4\/100 psn|[from] psn\n|upkeep\n|turn|37\n|\n|t:|1699466599\n|move|p1a: Ceruledge|Shadow Claw|p2a: Quagsire\n|-damage|p2a: Quagsire|2\/100\n|move|p2a: Quagsire|Recover|p2a: Quagsire\n|-heal|p2a: Quagsire|52\/100\n|\n|-heal|p1a: Ceruledge|10\/100 psn|[from] item: Leftovers\n|-heal|p2a: Quagsire|58\/100|[from] item: Leftovers\n|-damage|p1a: Ceruledge|0 fnt|[from] psn\n|faint|p1a: Ceruledge\n|upkeep\n|\n|t:|1699466609\n|switch|p1a: Kommo-o|Kommo-o, F|100\/100\n|-damage|p1a: Kommo-o|95\/100|[from] Stealth Rock\n|-status|p1a: Kommo-o|tox\n|-damage|p1a: Kommo-o|70\/100 tox|[from] Spikes\n|turn|38\n|\n|t:|1699466618\n|move|p2a: Quagsire|Protect|p2a: Quagsire\n|-singleturn|p2a: Quagsire|Protect\n|move|p1a: Kommo-o|Bulk Up|p1a: Kommo-o\n|-boost|p1a: Kommo-o|atk|1\n|-boost|p1a: Kommo-o|def|1\n|\n|-heal|p2a: Quagsire|64\/100|[from] item: Leftovers\n|-damage|p1a: Kommo-o|64\/100 tox|[from] psn\n|upkeep\n|turn|39\n|\n|t:|1699466627\n|move|p1a: Kommo-o|Scale Shot|p2a: Quagsire\n|-damage|p2a: Quagsire|56\/100\n|-damage|p2a: Quagsire|46\/100\n|-damage|p2a: Quagsire|38\/100\n|-damage|p2a: Quagsire|29\/100\n|-damage|p2a: Quagsire|20\/100\n|-hitcount|p2a: Quagsire|5\n|-unboost|p1a: Kommo-o|def|1\n|-boost|p1a: Kommo-o|spe|1\n|move|p2a: Quagsire|Recover|p2a: Quagsire\n|-heal|p2a: Quagsire|70\/100\n|\n|-heal|p2a: Quagsire|76\/100|[from] item: Leftovers\n|-damage|p1a: Kommo-o|52\/100 tox|[from] psn\n|upkeep\n|turn|40\n|\n|t:|1699466648\n|move|p2a: Quagsire|Protect|p2a: Quagsire\n|-singleturn|p2a: Quagsire|Protect\n|move|p1a: Kommo-o|Bulk Up|p1a: Kommo-o\n|-boost|p1a: Kommo-o|atk|1\n|-boost|p1a: Kommo-o|def|1\n|\n|-heal|p2a: Quagsire|82\/100|[from] item: Leftovers\n|-damage|p1a: Kommo-o|34\/100 tox|[from] psn\n|upkeep\n|turn|41\n|\n|t:|1699466656\n|move|p1a: Kommo-o|Scale Shot|p2a: Quagsire\n|-damage|p2a: Quagsire|73\/100\n|-damage|p2a: Quagsire|64\/100\n|-damage|p2a: Quagsire|55\/100\n|-damage|p2a: Quagsire|47\/100\n|-hitcount|p2a: Quagsire|4\n|-unboost|p1a: Kommo-o|def|1\n|-boost|p1a: Kommo-o|spe|1\n|move|p2a: Quagsire|Recover|p2a: Quagsire\n|-heal|p2a: Quagsire|97\/100\n|\n|-heal|p2a: Quagsire|100\/100|[from] item: Leftovers\n|-damage|p1a: Kommo-o|10\/100 tox|[from] psn\n|upkeep\n|turn|42\n|\n|t:|1699466675\n|move|p2a: Quagsire|Protect|p2a: Quagsire\n|-singleturn|p2a: Quagsire|Protect\n|move|p1a: Kommo-o|Brick Break|p2a: Quagsire\n|-activate|p2a: Quagsire|move: Protect\n|\n|-damage|p1a: Kommo-o|0 fnt|[from] psn\n|faint|p1a: Kommo-o\n|upkeep\n|-message|dcurb forfeited.\n|\n|win|Annler_Regi\n|raw|dcurb's rating: 1123 &rarr; <strong>1101<\/strong><br \/>(-22 for losing)\n|raw|Annler_Regi's rating: 1164 &rarr; <strong>1186<\/strong><br \/>(+22 for winning)\n|l|\u2606dcurb\n","uploadtime":1699466702,"views":8,"p1id":"dcurb","p2id":"annlerregi","formatid":"gen9anythinggoes","rating":1101,"private":0,"password":""}