{"id":"gen9anythinggoes-1984970602","p1":"Stella24","p2":"Iamfrutrated","format":"[Gen 9] Anything Goes","log":"|j|\u2606Stella24\n|j|\u2606Iamfrutrated\n|t:|1699316119\n|gametype|singles\n|player|p1|Stella24|veteran|1215\n|player|p2|Iamfrutrated|102|1139\n|teamsize|p1|6\n|teamsize|p2|6\n|gen|9\n|tier|[Gen 9] Anything Goes\n|rated|\n|rule|HP Percentage Mod: HP is shown in percentages\n|rule|Endless Battle Clause: Forcing endless battles is banned\n|clearpoke\n|poke|p1|Annihilape, M|\n|poke|p1|Greninja-*, M|\n|poke|p1|Zacian-*|\n|poke|p1|Hydreigon, M|\n|poke|p1|Rillaboom, M|\n|poke|p1|Kingambit, M|\n|poke|p2|Miraidon|\n|poke|p2|Murkrow, M|\n|poke|p2|Spidops, M|\n|poke|p2|Kyogre|\n|poke|p2|Donphan, L1, F|\n|poke|p2|Quaquaval, M|\n|teampreview\n|inactive|Battle timer is ON: inactive players will automatically lose when time's up. (requested by Iamfrutrated)\n|\n|t:|1699316144\n|start\n|switch|p1a: Zacian|Zacian-Crowned, shiny|100\/100\n|switch|p2a: Donphan|Donphan, L1, F|100\/100\n|-ability|p1a: Zacian|Intrepid Sword|boost\n|-boost|p1a: Zacian|atk|1\n|turn|1\n|c|\u2606Iamfrutrated|:0\n|\n|t:|1699316151\n|move|p1a: Zacian|Behemoth Blade|p2a: Donphan\n|-ability|p2a: Donphan|Sturdy\n|-damage|p2a: Donphan|8\/100\n|move|p2a: Donphan|Endeavor|p1a: Zacian\n|-damage|p1a: Zacian|1\/100\n|-heal|p2a: Donphan|100\/100|[from] item: Shell Bell|[of] p1a: Zacian\n|\n|upkeep\n|turn|2\n|\n|t:|1699316160\n|move|p2a: Donphan|Ice Shard|p1a: Zacian\n|-resisted|p1a: Zacian\n|-crit|p1a: Zacian\n|-damage|p1a: Zacian|0 fnt\n|faint|p1a: Zacian\n|\n|upkeep\n|\n|t:|1699316169\n|switch|p1a: Greninja|Greninja, M|100\/100\n|turn|3\n|\n|t:|1699316178\n|move|p1a: Greninja|Water Pledge|p2a: Donphan\n|-supereffective|p2a: Donphan\n|-ability|p2a: Donphan|Sturdy\n|-damage|p2a: Donphan|8\/100\n|move|p2a: Donphan|Endeavor|p1a: Greninja\n|-damage|p1a: Greninja|1\/100\n|-heal|p2a: Donphan|100\/100|[from] item: Shell Bell|[of] p1a: Greninja\n|\n|upkeep\n|turn|4\n|\n|t:|1699316187\n|move|p2a: Donphan|Ice Shard|p1a: Greninja\n|-resisted|p1a: Greninja\n|-crit|p1a: Greninja\n|-damage|p1a: Greninja|0 fnt\n|faint|p1a: Greninja\n|\n|upkeep\n|c|\u2606Iamfrutrated|hehehehaw\n|\n|t:|1699316192\n|switch|p1a: Annihilape|Annihilape, M|100\/100\n|turn|5\n|\n|t:|1699316199\n|switch|p2a: Spidops|Spidops, M|100\/100\n|move|p1a: Annihilape|Close Combat|p2a: Spidops\n|-resisted|p2a: Spidops\n|-damage|p2a: Spidops|68\/100\n|-unboost|p1a: Annihilape|def|1\n|-unboost|p1a: Annihilape|spd|1\n|\n|upkeep\n|turn|6\n|\n|t:|1699316208\n|move|p2a: Spidops|Silk Trap|p2a: Spidops\n|-singleturn|p2a: Spidops|Protect\n|move|p1a: Annihilape|Earthquake|p2a: Spidops\n|-activate|p2a: Spidops|move: Protect\n|\n|upkeep\n|turn|7\n|\n|t:|1699316214\n|move|p1a: Annihilape|Earthquake|p2a: Spidops\n|-resisted|p2a: Spidops\n|-damage|p2a: Spidops|49\/100\n|move|p2a: Spidops|Sticky Web|p1a: Annihilape\n|-sidestart|p1: Stella24|move: Sticky Web\n|\n|upkeep\n|turn|8\n|\n|t:|1699316219\n|move|p2a: Spidops|Silk Trap|p2a: Spidops\n|-singleturn|p2a: Spidops|Protect\n|move|p1a: Annihilape|Close Combat|p2a: Spidops\n|-activate|p2a: Spidops|move: Protect\n|-unboost|p1a: Annihilape|spe|1\n|\n|upkeep\n|turn|9\n|\n|t:|1699316226\n|move|p1a: Annihilape|Close Combat|p2a: Spidops\n|-resisted|p2a: Spidops\n|-damage|p2a: Spidops|15\/100\n|-unboost|p1a: Annihilape|def|1\n|-unboost|p1a: Annihilape|spd|1\n|move|p2a: Spidops|Toxic Spikes|p1a: Annihilape\n|-sidestart|p1: Stella24|move: Toxic Spikes\n|\n|upkeep\n|turn|10\n|\n|t:|1699316233\n|move|p2a: Spidops|Silk Trap|p2a: Spidops\n|-singleturn|p2a: Spidops|Protect\n|move|p1a: Annihilape|Poison Jab|p2a: Spidops\n|-activate|p2a: Spidops|move: Protect\n|-unboost|p1a: Annihilape|spe|1\n|\n|upkeep\n|turn|11\n|\n|t:|1699316242\n|move|p2a: Spidops|Silk Trap|p2a: Spidops\n|-singleturn|p2a: Spidops|Protect\n|move|p1a: Annihilape|Earthquake|p2a: Spidops\n|-activate|p2a: Spidops|move: Protect\n|\n|upkeep\n|turn|12\n|c|\u2606Iamfrutrated|30%\n|c|\u2606Iamfrutrated|Yessir\n|\n|t:|1699316247\n|move|p2a: Spidops|Silk Trap||[still]\n|-fail|p2a: Spidops\n|move|p1a: Annihilape|Earthquake|p2a: Spidops\n|-resisted|p2a: Spidops\n|-damage|p2a: Spidops|0 fnt\n|faint|p2a: Spidops\n|\n|upkeep\n|c|\u2606Iamfrutrated|nooo\n|\n|t:|1699316256\n|switch|p2a: Quaquaval|Quaquaval, M|100\/100\n|turn|13\n|\n|t:|1699316262\n|move|p2a: Quaquaval|Aqua Step|p1a: Annihilape\n|-damage|p1a: Annihilape|16\/100\n|-boost|p2a: Quaquaval|spe|1\n|move|p1a: Annihilape|Close Combat|p2a: Quaquaval\n|-damage|p2a: Quaquaval|22\/100\n|-unboost|p1a: Annihilape|def|1\n|-unboost|p1a: Annihilape|spd|1\n|\n|-heal|p2a: Quaquaval|28\/100|[from] item: Leftovers\n|upkeep\n|turn|14\n|\n|t:|1699316273\n|move|p2a: Quaquaval|Aqua Step|p1a: Annihilape\n|-damage|p1a: Annihilape|0 fnt\n|-boost|p2a: Quaquaval|spe|1\n|faint|p1a: Annihilape\n|-ability|p2a: Quaquaval|Moxie|boost\n|-boost|p2a: Quaquaval|atk|1\n|\n|-heal|p2a: Quaquaval|34\/100|[from] item: Leftovers\n|upkeep\n|\n|t:|1699316283\n|switch|p1a: Rillaboom|Rillaboom, M, shiny|100\/100\n|-activate|p1a: Rillaboom|move: Sticky Web\n|-unboost|p1a: Rillaboom|spe|1\n|-status|p1a: Rillaboom|psn\n|turn|15\n|\n|t:|1699316291\n|move|p2a: Quaquaval|Close Combat|p1a: Rillaboom\n|-crit|p1a: Rillaboom\n|-damage|p1a: Rillaboom|0 fnt\n|-unboost|p2a: Quaquaval|def|1\n|-unboost|p2a: Quaquaval|spd|1\n|faint|p1a: Rillaboom\n|-ability|p2a: Quaquaval|Moxie|boost\n|-boost|p2a: Quaquaval|atk|1\n|\n|-heal|p2a: Quaquaval|40\/100|[from] item: Leftovers\n|upkeep\n|\n|t:|1699316299\n|switch|p1a: Hydreigon|Hydreigon, M, shiny|100\/100\n|turn|16\n|\n|t:|1699316304\n|move|p2a: Quaquaval|Close Combat|p1a: Hydreigon\n|-supereffective|p1a: Hydreigon\n|-damage|p1a: Hydreigon|0 fnt\n|-unboost|p2a: Quaquaval|def|1\n|-unboost|p2a: Quaquaval|spd|1\n|faint|p1a: Hydreigon\n|-ability|p2a: Quaquaval|Moxie|boost\n|-boost|p2a: Quaquaval|atk|1\n|\n|-heal|p2a: Quaquaval|46\/100|[from] item: Leftovers\n|upkeep\n|\n|t:|1699316312\n|switch|p1a: Kingambit|Kingambit, M|100\/100\n|-activate|p1a: Kingambit|move: Sticky Web\n|-unboost|p1a: Kingambit|spe|1\n|-activate|p1a: Kingambit|ability: Supreme Overlord\n|-start|p1a: Kingambit|fallen5|[silent]\n|turn|17\n|c|\u2606Iamfrutrated|ig I gotta sac quaquaval\n|\n|t:|1699316322\n|move|p2a: Quaquaval|Swords Dance|p2a: Quaquaval\n|-boost|p2a: Quaquaval|atk|2\n|move|p1a: Kingambit|Iron Defense|p1a: Kingambit\n|-boost|p1a: Kingambit|def|2\n|\n|-heal|p2a: Quaquaval|52\/100|[from] item: Leftovers\n|upkeep\n|turn|18\n|\n|t:|1699316330\n|move|p2a: Quaquaval|Close Combat|p1a: Kingambit\n|-supereffective|p1a: Kingambit\n|-damage|p1a: Kingambit|0 fnt\n|-unboost|p2a: Quaquaval|def|1\n|-unboost|p2a: Quaquaval|spd|1\n|faint|p1a: Kingambit\n|-end|p1a: Kingambit|fallen5|[silent]\n|\n|win|Iamfrutrated\n|raw|Stella24's rating: 1215 &rarr; <strong>1185<\/strong><br \/>(-30 for losing)\n|raw|Iamfrutrated's rating: 1139 &rarr; <strong>1169<\/strong><br \/>(+30 for winning)\n|l|\u2606Stella24\n|c|\u2606Iamfrutrated|bro do u not have sucker punch\n","uploadtime":1699316345,"views":17,"p1id":"stella24","p2id":"iamfrutrated","formatid":"gen9anythinggoes","rating":1169,"private":0,"password":""}