{"id":"gen9anythinggoes-1989740774","p1":"20sideddiogenes","p2":"Eriski","format":"[Gen 9] Anything Goes","log":"|j|\u260620sideddiogenes\n|j|\u2606Eriski\n|t:|1699891746\n|gametype|singles\n|player|p1|20sideddiogenes|plumeria|1217\n|player|p2|Eriski|giovanni|1327\n|teamsize|p1|6\n|teamsize|p2|6\n|gen|9\n|tier|[Gen 9] Anything Goes\n|rated|\n|rule|HP Percentage Mod: HP is shown in percentages\n|rule|Endless Battle Clause: Forcing endless battles is banned\n|clearpoke\n|poke|p1|Azumarill, M|\n|poke|p1|Iron Moth|\n|poke|p1|Espathra, F|\n|poke|p1|Annihilape, M|\n|poke|p1|Ursaluna-Bloodmoon, M|\n|poke|p1|Pincurchin, M|\n|poke|p2|Garchomp, F|\n|poke|p2|Milotic, F|\n|poke|p2|Dragonite, M|\n|poke|p2|Samurott-Hisui, M|\n|poke|p2|Dragapult, M|\n|poke|p2|Darkrai|\n|teampreview\n|\n|t:|1699891751\n|start\n|switch|p1a: Our Car|Espathra, F|100\/100\n|switch|p2a: Garchomp|Garchomp, F|100\/100\n|turn|1\n|c|\u2606Eriski|silly team\n|\n|t:|1699891756\n|-terastallize|p2a: Garchomp|Fairy\n|move|p2a: Garchomp|Swords Dance|p2a: Garchomp\n|-boost|p2a: Garchomp|atk|2\n|move|p1a: Our Car|Calm Mind|p1a: Our Car\n|-boost|p1a: Our Car|spa|1\n|-boost|p1a: Our Car|spd|1\n|\n|-ability|p1a: Our Car|Speed Boost|boost\n|-boost|p1a: Our Car|spe|1\n|upkeep\n|turn|2\n|\n|t:|1699891764\n|move|p1a: Our Car|Protect|p1a: Our Car\n|-singleturn|p1a: Our Car|Protect\n|move|p2a: Garchomp|Scale Shot|p1a: Our Car\n|-activate|p1a: Our Car|move: Protect\n|\n|-ability|p1a: Our Car|Speed Boost|boost\n|-boost|p1a: Our Car|spe|1\n|upkeep\n|turn|3\n|c|\u260620sideddiogenes|maybe\n|c|\u2606Eriski|i know what you are going for\n|\n|t:|1699891773\n|move|p1a: Our Car|Baton Pass|p1a: Our Car\n|\n|t:|1699891777\n|switch|p1a: The Husband|Ursaluna-Bloodmoon, M|100\/100|[from] Baton Pass\n|move|p2a: Garchomp|Scale Shot|p1a: The Husband|[miss]\n|-miss|p2a: Garchomp|p1a: The Husband\n|\n|upkeep\n|turn|4\n|c|\u2606Eriski|well i didnt expect that\n|c|\u2606Eriski|AUGHH\n|c|\u260620sideddiogenes|:3\n|c|\u2606Eriski|i missed\n|c|\u260620sideddiogenes|I love my husband\n|c|\u2606Eriski|peril\n|\n|t:|1699891801\n|move|p2a: Garchomp|Scale Shot|p1a: The Husband\n|-damage|p1a: The Husband|81\/100\n|-damage|p1a: The Husband|63\/100\n|-damage|p1a: The Husband|46\/100\n|-damage|p1a: The Husband|29\/100\n|-hitcount|p1a: The Husband|4\n|-unboost|p2a: Garchomp|def|1\n|-boost|p2a: Garchomp|spe|1\n|move|p1a: The Husband|Blood Moon|p2a: Garchomp\n|-damage|p2a: Garchomp|0 fnt\n|faint|p2a: Garchomp\n|\n|-heal|p1a: The Husband|35\/100|[from] item: Leftovers\n|upkeep\n|\n|t:|1699891819\n|switch|p2a: Samurott|Samurott-Hisui, M|100\/100\n|turn|5\n|\n|t:|1699891822\n|move|p1a: The Husband|Vacuum Wave|p2a: Samurott\n|-supereffective|p2a: Samurott\n|-damage|p2a: Samurott|31\/100\n|move|p2a: Samurott|Sacred Sword|p1a: The Husband\n|-supereffective|p1a: The Husband\n|-damage|p1a: The Husband|0 fnt\n|faint|p1a: The Husband\n|\n|-heal|p2a: Samurott|38\/100|[from] item: Leftovers\n|upkeep\n|c|\u2606Eriski|w h a t\n|\n|t:|1699891828\n|switch|p1a: The Repellant|Pincurchin, M|100\/100\n|turn|6\n|\n|t:|1699891832\n|move|p2a: Samurott|Swords Dance|p2a: Samurott\n|-boost|p2a: Samurott|atk|2\n|move|p1a: The Repellant|Zing Zap|p2a: Samurott\n|-supereffective|p2a: Samurott\n|-damage|p2a: Samurott|0 fnt\n|faint|p2a: Samurott\n|-damage|p1a: The Repellant|90\/100|[from] item: Life Orb\n|\n|upkeep\n|\n|t:|1699891841\n|switch|p2a: Darkrai|Darkrai|100\/100\n|turn|7\n|\n|t:|1699891844\n|move|p2a: Darkrai|Hypnosis|p1a: The Repellant\n|-status|p1a: The Repellant|slp|[from] move: Hypnosis\n|cant|p1a: The Repellant|slp\n|\n|-damage|p1a: The Repellant|78\/100 slp|[from] ability: Bad Dreams|[of] p2a: Darkrai\n|upkeep\n|turn|8\n|\n|t:|1699891850\n|switch|p1a: Grandpa|Annihilape, M|100\/100\n|move|p2a: Darkrai|Calm Mind|p2a: Darkrai\n|-boost|p2a: Darkrai|spa|1\n|-boost|p2a: Darkrai|spd|1\n|\n|upkeep\n|turn|9\n|\n|t:|1699891856\n|move|p2a: Darkrai|Shadow Ball|p1a: Grandpa\n|-supereffective|p1a: Grandpa\n|-damage|p1a: Grandpa|51\/100\n|move|p1a: Grandpa|Drain Punch|p2a: Darkrai\n|-supereffective|p2a: Darkrai\n|-damage|p2a: Darkrai|0 fnt\n|-heal|p1a: Grandpa|85\/100|[from] drain|[of] p2a: Darkrai\n|faint|p2a: Darkrai\n|\n|upkeep\n|c|\u2606Eriski|hold let me just\n|c|\u2606Eriski|wilheilm scream\n|\n|t:|1699891868\n|switch|p2a: Dragapult|Dragapult, M|100\/100\n|turn|10\n|c|\u260620sideddiogenes|eheheh\n|\n|t:|1699891872\n|move|p2a: Dragapult|Phantom Force||[still]\n|-prepare|p2a: Dragapult|Phantom Force\n|move|p1a: Grandpa|Rage Fist|p2a: Dragapult|[miss]\n|-miss|p1a: Grandpa|p2a: Dragapult\n|\n|upkeep\n|turn|11\n|\n|t:|1699891878\n|move|p2a: Dragapult|Phantom Force|p1a: Grandpa|[from]lockedmove\n|-supereffective|p1a: Grandpa\n|-damage|p1a: Grandpa|0 fnt\n|faint|p1a: Grandpa\n|\n|upkeep\n|\n|t:|1699891882\n|switch|p1a: My Son|Azumarill, M|100\/100\n|turn|12\n|\n|t:|1699891887\n|switch|p2a: Milotic|Milotic, F|100\/100\n|move|p1a: My Son|Belly Drum|p1a: My Son\n|-damage|p1a: My Son|50\/100\n|-setboost|p1a: My Son|atk|6|[from] move: Belly Drum\n|-enditem|p1a: My Son|Sitrus Berry|[eat]\n|-heal|p1a: My Son|75\/100|[from] item: Sitrus Berry\n|\n|-status|p2a: Milotic|brn|[from] item: Flame Orb\n|upkeep\n|turn|13\n|c|\u2606Eriski|dear\n|c|\u260620sideddiogenes|I love my son\n|c|\u2606Eriski|lord\n|c|\u260620sideddiogenes|my son is fun\n|c|\u260620sideddiogenes|and has a 1744 attack stat\n|c|\u260620sideddiogenes|and priority moves\n|\n|t:|1699891913\n|move|p1a: My Son|Aqua Jet|p2a: Milotic\n|-resisted|p2a: Milotic\n|-damage|p2a: Milotic|76\/100 brn\n|move|p2a: Milotic|Surf|p1a: My Son\n|-resisted|p1a: My Son\n|-damage|p1a: My Son|61\/100\n|\n|-damage|p2a: Milotic|70\/100 brn|[from] brn\n|upkeep\n|turn|14\n|c|\u2606Eriski|truly\n|\n|t:|1699891923\n|move|p2a: Milotic|Recover|p2a: Milotic\n|-heal|p2a: Milotic|100\/100 brn\n|move|p1a: My Son|Play Rough|p2a: Milotic\n|-damage|p2a: Milotic|0 fnt\n|faint|p2a: Milotic\n|\n|upkeep\n|c|\u2606Eriski|i shoulda gotten counter on milotic too\n|\n|t:|1699891932\n|switch|p2a: Dragonite|Dragonite, M|100\/100\n|turn|15\n|\n|t:|1699891939\n|move|p1a: My Son|Aqua Jet|p2a: Dragonite\n|-resisted|p2a: Dragonite\n|-damage|p2a: Dragonite|78\/100\n|move|p2a: Dragonite|Thunder Punch|p1a: My Son\n|-supereffective|p1a: My Son\n|-damage|p1a: My Son|6\/100\n|\n|upkeep\n|turn|16\n|c|\u2606Eriski|aughh\n|c|\u2606Eriski|please use aqua jet\n|c|\u260620sideddiogenes|you outspeed me\n|c|\u2606Eriski|i will die anyways\n|c|\u260620sideddiogenes|OH\n|\n|t:|1699891956\n|move|p2a: Dragonite|Thunder Punch|p1a: My Son\n|-supereffective|p1a: My Son\n|-damage|p1a: My Son|0 fnt\n|faint|p1a: My Son\n|\n|upkeep\n|c|\u260620sideddiogenes|WAIT\n|\n|t:|1699891962\n|switch|p1a: The Repellant|Pincurchin, M|78\/100 slp\n|turn|17\n|\n|t:|1699891966\n|move|p2a: Dragonite|Earthquake|p1a: The Repellant\n|-supereffective|p1a: The Repellant\n|-damage|p1a: The Repellant|0 fnt\n|faint|p1a: The Repellant\n|\n|upkeep\n|\n|t:|1699891969\n|switch|p1a: Our Car|Espathra, F|100\/100\n|turn|18\n|\n|t:|1699891973\n|move|p1a: Our Car|Protect|p1a: Our Car\n|-singleturn|p1a: Our Car|Protect\n|move|p2a: Dragonite|Earthquake|p1a: Our Car\n|-activate|p1a: Our Car|move: Protect\n|\n|-ability|p1a: Our Car|Speed Boost|boost\n|-boost|p1a: Our Car|spe|1\n|upkeep\n|turn|19\n|\n|t:|1699891979\n|move|p1a: Our Car|Calm Mind|p1a: Our Car\n|-boost|p1a: Our Car|spa|1\n|-boost|p1a: Our Car|spd|1\n|move|p2a: Dragonite|Earthquake|p1a: Our Car\n|-damage|p1a: Our Car|42\/100\n|\n|-ability|p1a: Our Car|Speed Boost|boost\n|-boost|p1a: Our Car|spe|1\n|upkeep\n|turn|20\n|c|\u2606Eriski|you cannot stored power m\n|c|\u260620sideddiogenes|we shall see :3\n|c|\u2606Eriski|wait fuck darkrai is dead\n|\n|t:|1699891992\n|move|p1a: Our Car|Protect|p1a: Our Car\n|-singleturn|p1a: Our Car|Protect\n|move|p2a: Dragonite|Earthquake|p1a: Our Car\n|-activate|p1a: Our Car|move: Protect\n|\n|-ability|p1a: Our Car|Speed Boost|boost\n|-boost|p1a: Our Car|spe|1\n|upkeep\n|turn|21\n|c|\u2606Eriski|dear lord\n|\n|t:|1699892000\n|move|p1a: Our Car|Stored Power|p2a: Dragonite\n|-damage|p2a: Dragonite|24\/100\n|move|p2a: Dragonite|Earthquake|p1a: Our Car\n|-damage|p1a: Our Car|0 fnt\n|faint|p1a: Our Car\n|\n|upkeep\n|c|\u2606Eriski|nevermind\n|c|\u260620sideddiogenes|crap\n|c|\u2606Eriski|that was anticlimatic\n|c|\u260620sideddiogenes|uhhh uhhh random bullshit go!\n|\n|t:|1699892014\n|switch|p1a: The Wife|Iron Moth|100\/100\n|-enditem|p1a: The Wife|Booster Energy\n|-activate|p1a: The Wife|ability: Quark Drive|[fromitem]\n|-start|p1a: The Wife|quarkdrivespa\n|turn|22\n|c|\u2606Eriski|truly\n|c|\u2606Eriski|you is fucking a metal bug blud\n|c|\u260620sideddiogenes|!weak dragonite\n|c| 20sideddiogenes|\/raw <div class=\"infobox\">Dragonite (ignoring abilities):<br \/><span class=\"message-effect-weak\">Weaknesses<\/span>: Dragon, Fairy, <b>Ice<\/b>, Rock<br \/><span class=\"message-effect-resist\">Resistances<\/span>: Bug, Fighting, Fire, <b>Grass<\/b>, Water<br \/><span class=\"message-effect-immune\">Immunities<\/span>: Ground<\/div>\n|\n|t:|1699892030\n|move|p1a: The Wife|Sludge Wave|p2a: Dragonite\n|-damage|p2a: Dragonite|0 fnt\n|faint|p2a: Dragonite\n|\n|upkeep\n|\n|t:|1699892034\n|switch|p2a: Dragapult|Dragapult, M|100\/100\n|turn|23\n|c|\u2606Eriski|also\n|c|\u260620sideddiogenes|!weak dragapult\n|c| 20sideddiogenes|\/raw <div class=\"infobox\">Dragapult (ignoring abilities):<br \/><span class=\"message-effect-weak\">Weaknesses<\/span>: Dark, Dragon, Fairy, Ghost, Ice<br \/><span class=\"message-effect-resist\">Resistances<\/span>: Bug, Electric, Fire, Grass, Poison, Water<br \/><span class=\"message-effect-immune\">Immunities<\/span>: Fighting, Normal, Trapping<\/div>\n|c|\u2606Eriski|!help\nCOMMANDS: \/report, \/msg, \/reply, \/logout, \/challenge, \/search, \/rating, \/whois, \/user, \/join, \/leave, \/userauth, \/roomauth\nBATTLE ROOM COMMANDS: \/savereplay, \/hideroom, \/inviteonly, \/invite, \/timer, \/forfeit\nOPTION COMMANDS: \/nick, \/avatar, \/ignore, \/status, \/away, \/busy, \/back, \/timestamps, \/highlight, \/showjoins, \/hidejoins, \/blockchallenges, \/blockpms\nINFORMATIONAL\/RESOURCE COMMANDS: \/groups, \/faq, \/rules, \/intro, \/formatshelp, \/othermetas, \/analysis, \/punishments, \/calc, \/git, \/cap, \/roomhelp, \/roomfaq (replace \/ with ! to broadcast. Broadcasting requires: + % @ # &)\nDATA COMMANDS: \/data, \/dexsearch, \/movesearch, \/itemsearch, \/learn, \/statcalc, \/effectiveness, \/weakness, \/coverage, \/randommove, \/randompokemon (replace \/ with ! to broadcast. Broadcasting requires: + % @ # &)\nFor an overview of room commands, use \/roomhelp\nFor details of a specific command, use something like: \/help data\n|c|\u2606Eriski|!data multiscale\n|raw|<ul class=\"utilichart\"><li class=\"result\"><span class=\"col namecol\"><a href=\"https:\/\/dex.pokemonshowdown.com\/abilities\/multiscale\">Multiscale<\/a><\/span> <span class=\"col abilitydesccol\">If this Pokemon is at full HP, damage taken from attacks is halved.<\/span> <\/li><li style=\"clear:both\"><\/li><\/ul>\n\n|c|\u260620sideddiogenes|>resists almost every move I have and every STAB move\n|\n|t:|1699892085\n|move|p2a: Dragapult|Dragon Darts|p1a: The Wife\n|-damage|p1a: The Wife|54\/100\n|-anim|p2a: Dragapult|Dragon Darts|p1a: The Wife\n|-damage|p1a: The Wife|12\/100\n|move|p1a: The Wife|Psychic|p2a: Dragapult\n|-damage|p2a: Dragapult|43\/100\n|\n|upkeep\n|turn|24\n|c|\u260620sideddiogenes|ggs\n|\n|t:|1699892098\n|move|p2a: Dragapult|Dragon Darts|p1a: The Wife\n|-damage|p1a: The Wife|0 fnt\n|faint|p1a: The Wife\n|-end|p1a: The Wife|Quark Drive|[silent]\n|\n|win|Eriski\n|raw|20sideddiogenes's rating: 1217 &rarr; <strong>1200<\/strong><br \/>(-17 for losing)\n|raw|Eriski's rating: 1327 &rarr; <strong>1341<\/strong><br \/>(+14 for winning)\n","uploadtime":1699892025,"views":8,"p1id":"20sideddiogenes","p2id":"eriski","formatid":"gen9anythinggoes","rating":1200,"private":0,"password":""}