{"id":"gen9anythinggoes-1978082481","p1":"I am Aaditya 69","p2":"Shay Sweeney","format":"[Gen 9] Anything Goes","log":"|j|\u2606I am Aaditya 69\n|j|\u2606Shay Sweeney\n|t:|1698496703\n|gametype|singles\n|player|p1|I am Aaditya 69|benga|1189\n|player|p2|Shay Sweeney|nate|1266\n|teamsize|p1|6\n|teamsize|p2|6\n|gen|9\n|tier|[Gen 9] Anything Goes\n|rated|\n|rule|HP Percentage Mod: HP is shown in percentages\n|rule|Endless Battle Clause: Forcing endless battles is banned\n|clearpoke\n|poke|p1|Koraidon|\n|poke|p1|Magearna|\n|poke|p1|Eternatus|\n|poke|p1|Zacian-*|\n|poke|p1|Arceus-Fairy|\n|poke|p1|Salamence, M|\n|poke|p2|Torkoal, F|\n|poke|p2|Hatterene, F|\n|poke|p2|Sableye, M|\n|poke|p2|Walking Wake|\n|poke|p2|Shaymin-Sky|\n|poke|p2|Ting-Lu|\n|teampreview\n|\n|t:|1698496713\n|start\n|switch|p1a: Salamence|Salamence, M|100\/100\n|switch|p2a: Ting-Lu|Ting-Lu|100\/100\n|-ability|p1a: Salamence|Intimidate|boost\n|-unboost|p2a: Ting-Lu|atk|1\n|-ability|p2a: Ting-Lu|Vessel of Ruin\n|turn|1\n|\n|t:|1698496725\n|move|p1a: Salamence|Dragon Dance|p1a: Salamence\n|-boost|p1a: Salamence|atk|1\n|-boost|p1a: Salamence|spe|1\n|move|p2a: Ting-Lu|Stealth Rock|p1a: Salamence\n|-sidestart|p1: I am Aaditya 69|move: Stealth Rock\n|\n|upkeep\n|turn|2\n|\n|t:|1698496738\n|move|p1a: Salamence|Dragon Dance|p1a: Salamence\n|-boost|p1a: Salamence|atk|1\n|-boost|p1a: Salamence|spe|1\n|move|p2a: Ting-Lu|Throat Chop|p1a: Salamence\n|-damage|p1a: Salamence|74\/100\n|-start|p1a: Salamence|Throat Chop|[silent]\n|\n|upkeep\n|turn|3\n|\n|t:|1698496745\n|move|p1a: Salamence|Dual Wingbeat|p2a: Ting-Lu|[miss]\n|-miss|p1a: Salamence|p2a: Ting-Lu\n|move|p2a: Ting-Lu|Throat Chop|p1a: Salamence\n|-damage|p1a: Salamence|45\/100\n|\n|-end|p1a: Salamence|Throat Chop|[silent]\n|upkeep\n|turn|4\n|\n|t:|1698496752\n|move|p1a: Salamence|Dual Wingbeat|p2a: Ting-Lu|[miss]\n|-miss|p1a: Salamence|p2a: Ting-Lu\n|move|p2a: Ting-Lu|Throat Chop|p1a: Salamence\n|-damage|p1a: Salamence|19\/100\n|-start|p1a: Salamence|Throat Chop|[silent]\n|-enditem|p1a: Salamence|Aguav Berry|[eat]\n|-heal|p1a: Salamence|52\/100|[from] item: Aguav Berry\n|\n|upkeep\n|turn|5\n|\n|t:|1698496761\n|move|p1a: Salamence|Dual Wingbeat|p2a: Ting-Lu\n|-damage|p2a: Ting-Lu|84\/100\n|-damage|p2a: Ting-Lu|68\/100\n|-hitcount|p2a: Ting-Lu|2\n|move|p2a: Ting-Lu|Throat Chop|p1a: Salamence\n|-damage|p1a: Salamence|25\/100\n|\n|-heal|p2a: Ting-Lu|74\/100|[from] item: Leftovers\n|-end|p1a: Salamence|Throat Chop|[silent]\n|upkeep\n|turn|6\n|\n|t:|1698496771\n|move|p1a: Salamence|Earthquake|p2a: Ting-Lu\n|-damage|p2a: Ting-Lu|47\/100\n|move|p2a: Ting-Lu|Throat Chop|p1a: Salamence\n|-damage|p1a: Salamence|0 fnt\n|faint|p1a: Salamence\n|\n|-heal|p2a: Ting-Lu|53\/100|[from] item: Leftovers\n|upkeep\n|\n|t:|1698496780\n|switch|p1a: Magearna|Magearna|100\/100\n|-damage|p1a: Magearna|94\/100|[from] Stealth Rock\n|turn|7\n|\n|t:|1698496788\n|move|p1a: Magearna|Shift Gear|p1a: Magearna\n|-boost|p1a: Magearna|spe|2\n|-boost|p1a: Magearna|atk|1\n|move|p2a: Ting-Lu|Earthquake|p1a: Magearna\n|-supereffective|p1a: Magearna\n|-enditem|p1a: Magearna|Shuca Berry|[eat]\n|-enditem|p1a: Magearna|Shuca Berry|[weaken]\n|-damage|p1a: Magearna|75\/100\n|\n|-heal|p2a: Ting-Lu|59\/100|[from] item: Leftovers\n|upkeep\n|turn|8\n|\n|t:|1698496801\n|switch|p2a: Sableye|Sableye, M|100\/100\n|move|p1a: Magearna|Shift Gear|p1a: Magearna\n|-boost|p1a: Magearna|spe|2\n|-boost|p1a: Magearna|atk|1\n|\n|upkeep\n|turn|9\n|\n|t:|1698496808\n|move|p2a: Sableye|Encore|p1a: Magearna\n|-start|p1a: Magearna|Encore\n|move|p1a: Magearna|Shift Gear|p1a: Magearna\n|-boost|p1a: Magearna|spe|2\n|-boost|p1a: Magearna|atk|1\n|\n|upkeep\n|turn|10\n|\n|t:|1698496816\n|move|p2a: Sableye|Will-O-Wisp|p1a: Magearna\n|-status|p1a: Magearna|brn\n|move|p1a: Magearna|Shift Gear|p1a: Magearna\n|-boost|p1a: Magearna|spe|0\n|-boost|p1a: Magearna|atk|1\n|\n|-damage|p1a: Magearna|69\/100 brn|[from] brn\n|upkeep\n|turn|11\n|\n|t:|1698496838\n|move|p1a: Magearna|Shift Gear|p1a: Magearna\n|-boost|p1a: Magearna|spe|0\n|-boost|p1a: Magearna|atk|1\n|move|p2a: Sableye|Knock Off|p1a: Magearna\n|-resisted|p1a: Magearna\n|-damage|p1a: Magearna|61\/100 brn\n|\n|-damage|p1a: Magearna|55\/100 brn|[from] brn\n|-end|p1a: Magearna|Encore\n|upkeep\n|turn|12\n|\n|t:|1698496849\n|move|p2a: Sableye|Encore|p1a: Magearna\n|-start|p1a: Magearna|Encore\n|move|p1a: Magearna|Shift Gear|p1a: Magearna\n|-boost|p1a: Magearna|spe|0\n|-boost|p1a: Magearna|atk|1\n|\n|-damage|p1a: Magearna|49\/100 brn|[from] brn\n|upkeep\n|turn|13\n|\n|t:|1698496857\n|move|p1a: Magearna|Shift Gear|p1a: Magearna\n|-boost|p1a: Magearna|spe|0\n|-boost|p1a: Magearna|atk|0\n|move|p2a: Sableye|Hex|p1a: Magearna\n|-damage|p1a: Magearna|24\/100 brn\n|\n|-damage|p1a: Magearna|18\/100 brn|[from] brn\n|upkeep\n|turn|14\n|\n|t:|1698496865\n|move|p1a: Magearna|Shift Gear|p1a: Magearna\n|-boost|p1a: Magearna|spe|0\n|-boost|p1a: Magearna|atk|0\n|move|p2a: Sableye|Hex|p1a: Magearna\n|-damage|p1a: Magearna|0 fnt\n|faint|p1a: Magearna\n|\n|upkeep\n|n|!I am Aaditya 69|iamaaditya69\n|\n|t:|1698496874\n|switch|p1a: Zacian|Zacian-Crowned, shiny|100\/100\n|-damage|p1a: Zacian|94\/100|[from] Stealth Rock\n|-ability|p1a: Zacian|Intrepid Sword|boost\n|-boost|p1a: Zacian|atk|1\n|turn|15\n|\n|t:|1698496881\n|move|p2a: Sableye|Will-O-Wisp|p1a: Zacian\n|-status|p1a: Zacian|brn\n|move|p1a: Zacian|Moonblast|p2a: Sableye\n|-supereffective|p2a: Sableye\n|-damage|p2a: Sableye|30\/100\n|\n|-heal|p2a: Sableye|36\/100|[from] item: Leftovers\n|-damage|p1a: Zacian|88\/100 brn|[from] brn\n|upkeep\n|turn|16\n|\n|t:|1698496910\n|-terastallize|p1a: Zacian|Fairy\n|move|p1a: Zacian|Moonblast|p2a: Sableye\n|-supereffective|p2a: Sableye\n|-damage|p2a: Sableye|0 fnt\n|faint|p2a: Sableye\n|\n|-damage|p1a: Zacian|82\/100 brn|[from] brn\n|upkeep\n|\n|t:|1698496922\n|switch|p2a: Torkoal|Torkoal, F|100\/100\n|-weather|SunnyDay|[from] ability: Drought|[of] p2a: Torkoal\n|turn|17\n|\n|t:|1698496930\n|move|p1a: Zacian|Swords Dance|p1a: Zacian\n|-boost|p1a: Zacian|atk|2\n|move|p2a: Torkoal|Eruption|p1a: Zacian\n|-damage|p1a: Zacian|3\/100 brn\n|\n|-weather|SunnyDay|[upkeep]\n|-damage|p1a: Zacian|0 fnt|[from] brn\n|faint|p1a: Zacian\n|upkeep\n|\n|t:|1698496942\n|switch|p1a: Koraidon|Koraidon|100\/100\n|-damage|p1a: Koraidon|94\/100|[from] Stealth Rock\n|-activate|p1a: Koraidon|ability: Orichalcum Pulse\n|turn|18\n|\n|t:|1698496952\n|move|p1a: Koraidon|Swords Dance|p1a: Koraidon\n|-boost|p1a: Koraidon|atk|2\n|move|p2a: Torkoal|Eruption|p1a: Koraidon\n|-resisted|p1a: Koraidon\n|-damage|p1a: Koraidon|50\/100\n|\n|-weather|SunnyDay|[upkeep]\n|upkeep\n|turn|19\n|\n|t:|1698496964\n|move|p1a: Koraidon|Close Combat|p2a: Torkoal\n|-damage|p2a: Torkoal|0 fnt\n|-unboost|p1a: Koraidon|def|1\n|-unboost|p1a: Koraidon|spd|1\n|faint|p2a: Torkoal\n|\n|-weather|SunnyDay|[upkeep]\n|upkeep\n|\n|t:|1698496989\n|switch|p2a: Hatterene|Hatterene, F|100\/100\n|turn|20\n|\n|t:|1698496998\n|move|p1a: Koraidon|Close Combat|p2a: Hatterene\n|-resisted|p2a: Hatterene\n|-damage|p2a: Hatterene|55\/100\n|-unboost|p1a: Koraidon|def|1\n|-unboost|p1a: Koraidon|spd|1\n|move|p2a: Hatterene|Dazzling Gleam|p1a: Koraidon\n|-supereffective|p1a: Koraidon\n|-damage|p1a: Koraidon|0 fnt\n|faint|p1a: Koraidon\n|\n|-weather|SunnyDay|[upkeep]\n|upkeep\n|\n|t:|1698497008\n|switch|p1a: Arceus|Arceus-Fairy|100\/100\n|-damage|p1a: Arceus|88\/100|[from] Stealth Rock\n|turn|21\n|\n|t:|1698497014\n|switch|p2a: Walking Wake|Walking Wake|100\/100\n|-activate|p2a: Walking Wake|ability: Protosynthesis\n|-start|p2a: Walking Wake|protosynthesisspe\n|move|p1a: Arceus|Swords Dance|p1a: Arceus\n|-boost|p1a: Arceus|atk|2\n|\n|-weather|none\n|-end|p2a: Walking Wake|Protosynthesis\n|upkeep\n|-enditem|p2a: Walking Wake|Booster Energy\n|-activate|p2a: Walking Wake|ability: Protosynthesis|[fromitem]\n|-start|p2a: Walking Wake|protosynthesisspe\n|turn|22\n|\n|t:|1698497031\n|-terastallize|p2a: Walking Wake|Steel\n|move|p2a: Walking Wake|Tera Blast|p1a: Arceus|[anim] Tera Blast Steel\n|-supereffective|p1a: Arceus\n|-crit|p1a: Arceus\n|-damage|p1a: Arceus|3\/100\n|move|p1a: Arceus|Judgment|p2a: Walking Wake\n|-resisted|p2a: Walking Wake\n|-damage|p2a: Walking Wake|70\/100\n|\n|upkeep\n|turn|23\n|\n|t:|1698497042\n|move|p1a: Arceus|Extreme Speed|p2a: Walking Wake\n|-resisted|p2a: Walking Wake\n|-damage|p2a: Walking Wake|39\/100\n|move|p2a: Walking Wake|Tera Blast|p1a: Arceus|[anim] Tera Blast Steel\n|-supereffective|p1a: Arceus\n|-damage|p1a: Arceus|0 fnt\n|faint|p1a: Arceus\n|\n|upkeep\n|\n|t:|1698497050\n|switch|p1a: Eternatus|Eternatus|100\/100\n|-damage|p1a: Eternatus|88\/100|[from] Stealth Rock\n|-ability|p1a: Eternatus|Pressure\n|turn|24\n|\n|t:|1698497057\n|move|p2a: Walking Wake|Dragon Pulse|p1a: Eternatus\n|-supereffective|p1a: Eternatus\n|-damage|p1a: Eternatus|21\/100\n|move|p1a: Eternatus|Dragon Dance|p1a: Eternatus\n|-boost|p1a: Eternatus|atk|1\n|-boost|p1a: Eternatus|spe|1\n|\n|upkeep\n|turn|25\n|\n|t:|1698497065\n|move|p1a: Eternatus|Flamethrower|p2a: Walking Wake\n|-supereffective|p2a: Walking Wake\n|-damage|p2a: Walking Wake|0 fnt\n|faint|p2a: Walking Wake\n|-end|p2a: Walking Wake|Protosynthesis|[silent]\n|-damage|p1a: Eternatus|11\/100|[from] item: Life Orb\n|\n|upkeep\n|\n|t:|1698497074\n|switch|p2a: Shaymin|Shaymin-Sky|100\/100\n|turn|26\n|\n|t:|1698497079\n|move|p1a: Eternatus|Flamethrower|p2a: Shaymin\n|-supereffective|p2a: Shaymin\n|-damage|p2a: Shaymin|0 fnt\n|faint|p2a: Shaymin\n|-damage|p1a: Eternatus|1\/100|[from] item: Life Orb\n|\n|upkeep\n|\n|t:|1698497085\n|switch|p2a: Ting-Lu|Ting-Lu|59\/100\n|-ability|p2a: Ting-Lu|Vessel of Ruin\n|turn|27\n|\n|t:|1698497092\n|move|p1a: Eternatus|Dynamax Cannon|p2a: Ting-Lu\n|-damage|p2a: Ting-Lu|13\/100\n|-damage|p1a: Eternatus|0 fnt|[from] item: Life Orb\n|faint|p1a: Eternatus\n|\n|win|Shay Sweeney\n|raw|I am Aaditya 69's rating: 1189 &rarr; <strong>1169<\/strong><br \/>(-20 for losing)\n|raw|Shay Sweeney's rating: 1266 &rarr; <strong>1286<\/strong><br \/>(+20 for winning)\n","uploadtime":1698496872,"views":7,"p1id":"iamaaditya69","p2id":"shaysweeney","formatid":"gen9anythinggoes","rating":1169,"private":0,"password":""}