{"id":"gen9anythinggoes-1997357920","p1":"zyupetta","p2":"eavo","format":"[Gen 9] Anything Goes","log":"|j|\u2606zyupetta\n|j|\u2606eavo\n|t:|1700793737\n|gametype|singles\n|player|p1|zyupetta|iris-gen5bw2|1495\n|player|p2|eavo|erika-gen2|1769\n|teamsize|p1|6\n|teamsize|p2|6\n|gen|9\n|tier|[Gen 9] Anything Goes\n|rated|\n|rule|HP Percentage Mod: HP is shown in percentages\n|rule|Endless Battle Clause: Forcing endless battles is banned\n|clearpoke\n|poke|p1|Ogerpon-Cornerstone, F|\n|poke|p1|Ogerpon-Hearthflame, F|\n|poke|p1|Ogerpon-Wellspring, F|\n|poke|p1|Espeon, M|\n|poke|p1|Skeledirge, M|\n|poke|p1|Ribombee, F|\n|poke|p2|Calyrex-Shadow|\n|poke|p2|Wo-Chien|\n|poke|p2|Ting-Lu|\n|poke|p2|Toxapex, M|\n|poke|p2|Arceus-Ground|\n|poke|p2|Koraidon|\n|teampreview\n|inactive|Battle timer is ON: inactive players will automatically lose when time's up. (requested by eavo)\n|inactive|eavo has 120 seconds left.\n|\n|t:|1700793776\n|start\n|switch|p1a: Ribombee|Ribombee, F|100\/100\n|switch|p2a: Holy Ghost|Calyrex-Shadow|100\/100\n|-ability|p2a: Holy Ghost|As One\n|-ability|p2a: Holy Ghost|Unnerve\n|turn|1\n|\n|t:|1700793788\n|move|p1a: Ribombee|Sticky Web|p2a: Holy Ghost\n|-sidestart|p2: eavo|move: Sticky Web\n|move|p2a: Holy Ghost|Astral Barrage|p1a: Ribombee\n|-damage|p1a: Ribombee|0 fnt\n|faint|p1a: Ribombee\n|-ability|p2a: Holy Ghost|Grim Neigh|boost\n|-boost|p2a: Holy Ghost|spa|1\n|\n|upkeep\n|c|\u2606eavo|;\n|\n|t:|1700793797\n|switch|p1a: Ogerpon|Ogerpon-Cornerstone, F|100\/100\n|turn|2\n|\n|t:|1700793800\n|move|p2a: Holy Ghost|Astral Barrage|p1a: Ogerpon\n|-ability|p1a: Ogerpon|Sturdy\n|-damage|p1a: Ogerpon|1\/100\n|move|p1a: Ogerpon|Knock Off|p2a: Holy Ghost\n|-supereffective|p2a: Holy Ghost\n|-damage|p2a: Holy Ghost|0 fnt\n|-enditem|p2a: Holy Ghost|Heavy-Duty Boots|[from] move: Knock Off|[of] p1a: Ogerpon\n|faint|p2a: Holy Ghost\n|\n|upkeep\n|\n|t:|1700793804\n|switch|p2a: poxatex|Toxapex, M|100\/100\n|-activate|p2a: poxatex|move: Sticky Web\n|-unboost|p2a: poxatex|spe|1\n|turn|3\n|j| ZowwyCafe\u2764\n|\n|t:|1700793814\n|switch|p1a: Espeon|Espeon, M|100\/100\n|switch|p2a: no chewo|Wo-Chien|100\/100\n|-activate|p2a: no chewo|move: Sticky Web\n|-unboost|p2a: no chewo|spe|1\n|-ability|p2a: no chewo|Tablets of Ruin\n|\n|upkeep\n|turn|4\n|\n|t:|1700793821\n|move|p1a: Espeon|Trick|p2a: no chewo\n|-activate|p1a: Espeon|move: Trick|[of] p2a: no chewo\n|-item|p2a: no chewo|Choice Specs|[from] move: Trick\n|-item|p1a: Espeon|Leftovers|[from] move: Trick\n|move|p2a: no chewo|Knock Off|p1a: Espeon\n|-supereffective|p1a: Espeon\n|-crit|p1a: Espeon\n|-damage|p1a: Espeon|0 fnt\n|-enditem|p1a: Espeon|Leftovers|[from] move: Knock Off|[of] p2a: no chewo\n|faint|p1a: Espeon\n|\n|upkeep\n|\n|t:|1700793834\n|switch|p1a: Skeledirge|Skeledirge, M|100\/100\n|turn|5\n|\n|t:|1700793843\n|-terastallize|p1a: Skeledirge|Fairy\n|move|p1a: Skeledirge|Torch Song|p2a: no chewo\n|-supereffective|p2a: no chewo\n|-damage|p2a: no chewo|66\/100\n|-boost|p1a: Skeledirge|spa|1\n|move|p2a: no chewo|Knock Off|p1a: Skeledirge\n|-resisted|p1a: Skeledirge\n|-damage|p1a: Skeledirge|92\/100\n|-enditem|p1a: Skeledirge|Leftovers|[from] move: Knock Off|[of] p2a: no chewo\n|\n|upkeep\n|turn|6\n|c|\u2606eavo|i lose\n|\n|t:|1700793862\n|switch|p2a: Arceus|Arceus-Ground|100\/100\n|-activate|p2a: Arceus|move: Sticky Web\n|-unboost|p2a: Arceus|spe|1\n|move|p1a: Skeledirge|Will-O-Wisp|p2a: Arceus\n|-status|p2a: Arceus|brn\n|\n|-damage|p2a: Arceus|94\/100 brn|[from] brn\n|upkeep\n|turn|7\n|\n|t:|1700793868\n|move|p2a: Arceus|Taunt|p1a: Skeledirge\n|-start|p1a: Skeledirge|move: Taunt\n|move|p1a: Skeledirge|Torch Song|p2a: Arceus\n|-damage|p2a: Arceus|66\/100 brn\n|-boost|p1a: Skeledirge|spa|1\n|\n|-damage|p2a: Arceus|60\/100 brn|[from] brn\n|upkeep\n|turn|8\n|\n|t:|1700793872\n|switch|p2a: In the Past|Koraidon|100\/100\n|-activate|p2a: In the Past|move: Sticky Web\n|-unboost|p2a: In the Past|spe|1\n|-weather|SunnyDay|[from] ability: Orichalcum Pulse|[of] p2a: In the Past\n|-activate|p2a: In the Past|Orichalcum Pulse|[source]\n|move|p1a: Skeledirge|Torch Song|p2a: In the Past\n|-resisted|p2a: In the Past\n|-damage|p2a: In the Past|61\/100\n|-boost|p1a: Skeledirge|spa|1\n|\n|-weather|SunnyDay|[upkeep]\n|upkeep\n|turn|9\n|\n|t:|1700793875\n|-terastallize|p2a: In the Past|Fire\n|move|p2a: In the Past|Flare Blitz|p1a: Skeledirge\n|-damage|p1a: Skeledirge|21\/100\n|-damage|p2a: In the Past|34\/100|[from] Recoil\n|move|p1a: Skeledirge|Shadow Ball|p2a: In the Past\n|-damage|p2a: In the Past|0 fnt\n|faint|p2a: In the Past\n|\n|-weather|SunnyDay|[upkeep]\n|-end|p1a: Skeledirge|move: Taunt\n|upkeep\n|\n|t:|1700793885\n|switch|p2a: no chewo|Wo-Chien|66\/100\n|-activate|p2a: no chewo|move: Sticky Web\n|-unboost|p2a: no chewo|spe|1\n|-ability|p2a: no chewo|Tablets of Ruin\n|turn|10\n|j| Alfaz999\n|\n|t:|1700793890\n|move|p1a: Skeledirge|Slack Off|p1a: Skeledirge\n|-heal|p1a: Skeledirge|71\/100\n|move|p2a: no chewo|Knock Off|p1a: Skeledirge\n|-resisted|p1a: Skeledirge\n|-damage|p1a: Skeledirge|65\/100\n|\n|-weather|SunnyDay|[upkeep]\n|upkeep\n|turn|11\n|\n|t:|1700793895\n|switch|p2a: Ferro's daddy|Ting-Lu|100\/100\n|-activate|p2a: Ferro's daddy|move: Sticky Web\n|-unboost|p2a: Ferro's daddy|spe|1\n|-ability|p2a: Ferro's daddy|Vessel of Ruin\n|move|p1a: Skeledirge|Slack Off|p1a: Skeledirge\n|-heal|p1a: Skeledirge|100\/100\n|\n|-weather|SunnyDay|[upkeep]\n|upkeep\n|turn|12\n|\n|t:|1700793899\n|move|p1a: Skeledirge|Torch Song|p2a: Ferro's daddy\n|-damage|p2a: Ferro's daddy|51\/100\n|-boost|p1a: Skeledirge|spa|1\n|move|p2a: Ferro's daddy|Spikes|p1a: Skeledirge\n|-sidestart|p1: zyupetta|Spikes\n|\n|-weather|none\n|-heal|p2a: Ferro's daddy|57\/100|[from] item: Leftovers\n|upkeep\n|turn|13\n|\n|t:|1700793908\n|move|p1a: Skeledirge|Torch Song|p2a: Ferro's daddy\n|-damage|p2a: Ferro's daddy|19\/100\n|-boost|p1a: Skeledirge|spa|1\n|move|p2a: Ferro's daddy|Spikes|p1a: Skeledirge\n|-sidestart|p1: zyupetta|Spikes\n|\n|-heal|p2a: Ferro's daddy|25\/100|[from] item: Leftovers\n|upkeep\n|turn|14\n|\n|t:|1700793910\n|move|p1a: Skeledirge|Torch Song|p2a: Ferro's daddy\n|-damage|p2a: Ferro's daddy|0 fnt\n|-boost|p1a: Skeledirge|spa|1\n|faint|p2a: Ferro's daddy\n|\n|upkeep\n|-message|eavo forfeited.\n|\n|win|zyupetta\n|raw|zyupetta's rating: 1495 &rarr; <strong>1528<\/strong><br \/>(+33 for winning)\n|raw|eavo's rating: 1769 &rarr; <strong>1736<\/strong><br \/>(-33 for losing)\n|c|\u2606eavo|:fire:\n|l|\u2606eavo\n|j|\u2606eavo\n|player|p2|eavo|erika-gen2\n|l|\u2606zyupetta\n|l| ZowwyCafe\u2764\n|j| ZowwyCafe\u2764\n","uploadtime":1700794025,"views":0,"p1id":"zyupetta","p2id":"eavo","formatid":"gen9anythinggoes","rating":1528,"private":0,"password":""}