{"id":"gen9anythinggoes-1996660303","p1":"ivorthewizard1202","p2":"sunnyt76","format":"[Gen 9] Anything Goes","log":"|j|\u2606ivorthewizard1202\n|j|\u2606sunnyt76\n|t:|1700706404\n|gametype|singles\n|player|p1|ivorthewizard1202|juggler|1000\n|player|p2|sunnyt76|wattson|1045\n|teamsize|p1|6\n|teamsize|p2|6\n|gen|9\n|tier|[Gen 9] Anything Goes\n|rated|\n|rule|HP Percentage Mod: HP is shown in percentages\n|rule|Endless Battle Clause: Forcing endless battles is banned\n|clearpoke\n|poke|p1|Oricorio-Pom-Pom, M|\n|poke|p1|Floatzel, M|\n|poke|p1|Clefable, F|\n|poke|p1|Drifblim, M|\n|poke|p1|Dudunsparce-*, M|\n|poke|p1|Abomasnow, M|\n|poke|p2|Eternatus|\n|poke|p2|Palkia-Origin|\n|poke|p2|Calyrex-Shadow|\n|poke|p2|Giratina-Origin|\n|poke|p2|Heatran, F|\n|poke|p2|Palkia-Origin|\n|teampreview\n|\n|t:|1700706413\n|start\n|switch|p1a: left leg|Clefable, F|100\/100\n|switch|p2a: Heatran|Heatran, F|100\/100\n|turn|1\n|c|\u2606ivorthewizard1202|ok soooo why?\n|\n|t:|1700706422\n|move|p1a: left leg|Substitute|p1a: left leg\n|-start|p1a: left leg|Substitute\n|-damage|p1a: left leg|76\/100\n|move|p2a: Heatran|Metal Sound|p1a: left leg\n|-unboost|p1a: left leg|spd|2\n|\n|upkeep\n|turn|2\n|-activate|p1a: left leg|item: Quick Claw\n|\n|t:|1700706429\n|move|p1a: left leg|Light Screen|p1a: left leg\n|-sidestart|p1: ivorthewizard1202|move: Light Screen\n|move|p2a: Heatran|Flare Blitz|p1a: left leg\n|-end|p1a: left leg|Substitute\n|-damage|p2a: Heatran|93\/100|[from] Recoil|[of] p1a: left leg\n|\n|upkeep\n|turn|3\n|-activate|p1a: left leg|item: Quick Claw\n|\n|t:|1700706438\n|move|p1a: left leg|Reflect|p1a: left leg\n|-sidestart|p1: ivorthewizard1202|Reflect\n|move|p2a: Heatran|Flare Blitz|p1a: left leg\n|-damage|p1a: left leg|44\/100\n|-damage|p2a: Heatran|83\/100|[from] Recoil\n|\n|upkeep\n|turn|4\n|-activate|p1a: left leg|item: Quick Claw\n|\n|t:|1700706446\n|move|p1a: left leg|Substitute|p1a: left leg\n|-start|p1a: left leg|Substitute\n|-damage|p1a: left leg|19\/100\n|move|p2a: Heatran|Rock Blast|p1a: left leg\n|-activate|p1a: left leg|move: Substitute|[damage]\n|-activate|p1a: left leg|move: Substitute|[damage]\n|-crit|p1a: left leg\n|-activate|p1a: left leg|move: Substitute|[damage]\n|-hitcount|p1a: left leg|3\n|\n|upkeep\n|turn|5\n|-activate|p1a: left leg|item: Quick Claw\n|\n|t:|1700706455\n|move|p1a: left leg|Baton Pass|p1a: left leg\n|\n|t:|1700706459\n|switch|p1a: right arm|Drifblim, M|100\/100|[from] Baton Pass\n|move|p2a: Heatran|Rock Blast|p1a: right arm\n|-supereffective|p1a: right arm\n|-end|p1a: right arm|Substitute\n|-supereffective|p1a: right arm\n|-damage|p1a: right arm|94\/100\n|-supereffective|p1a: right arm\n|-damage|p1a: right arm|87\/100\n|-hitcount|p1a: right arm|3\n|\n|-status|p1a: right arm|brn|[from] item: Flame Orb\n|upkeep\n|turn|6\n|\n|t:|1700706472\n|move|p1a: right arm|Minimize|p1a: right arm\n|-boost|p1a: right arm|evasion|2\n|move|p2a: Heatran|Flare Blitz|p1a: right arm\n|-damage|p1a: right arm|54\/100 brn\n|-damage|p2a: Heatran|69\/100|[from] Recoil\n|\n|-damage|p1a: right arm|48\/100 brn|[from] brn\n|-sideend|p1: ivorthewizard1202|move: Light Screen\n|upkeep\n|turn|7\n|\n|t:|1700706480\n|move|p1a: right arm|Minimize|p1a: right arm\n|-boost|p1a: right arm|evasion|2\n|move|p2a: Heatran|Flare Blitz|p1a: right arm\n|-damage|p1a: right arm|19\/100 brn\n|-damage|p2a: Heatran|57\/100|[from] Recoil\n|\n|-damage|p1a: right arm|13\/100 brn|[from] brn\n|-sideend|p1: ivorthewizard1202|Reflect\n|upkeep\n|turn|8\n|\n|t:|1700706489\n|move|p1a: right arm|Minimize|p1a: right arm\n|-boost|p1a: right arm|evasion|2\n|move|p2a: Heatran|Flare Blitz|p1a: right arm|[miss]\n|-miss|p2a: Heatran|p1a: right arm\n|\n|-damage|p1a: right arm|7\/100 brn|[from] brn\n|upkeep\n|turn|9\n|\n|t:|1700706497\n|move|p1a: right arm|Baton Pass|p1a: right arm\n|\n|t:|1700706500\n|switch|p1a: right leg|Oricorio-Pom-Pom, M, shiny|100\/100|[from] Baton Pass\n|move|p2a: Heatran|Metal Sound|p1a: right leg|[miss]\n|-miss|p2a: Heatran|p1a: right leg\n|\n|upkeep\n|turn|10\n|\n|t:|1700706507\n|move|p1a: right leg|Tailwind|p1a: right leg\n|-sidestart|p1: ivorthewizard1202|move: Tailwind\n|move|p2a: Heatran|Will-O-Wisp|p1a: right leg|[miss]\n|-miss|p2a: Heatran|p1a: right leg\n|\n|upkeep\n|turn|11\n|\n|t:|1700706512\n|move|p1a: right leg|Quiver Dance|p1a: right leg\n|-boost|p1a: right leg|spa|1\n|-boost|p1a: right leg|spd|1\n|-boost|p1a: right leg|spe|1\n|move|p2a: Heatran|Flare Blitz|p1a: right leg|[miss]\n|-miss|p2a: Heatran|p1a: right leg\n|\n|upkeep\n|turn|12\n|\n|t:|1700706520\n|move|p1a: right leg|Quiver Dance|p1a: right leg\n|-boost|p1a: right leg|spa|1\n|-boost|p1a: right leg|spd|1\n|-boost|p1a: right leg|spe|1\n|move|p2a: Heatran|Flare Blitz|p1a: right leg|[miss]\n|-miss|p2a: Heatran|p1a: right leg\n|\n|upkeep\n|turn|13\n|\n|t:|1700706529\n|-terastallize|p2a: Heatran|Fire\n|move|p1a: right leg|Quiver Dance|p1a: right leg\n|-boost|p1a: right leg|spa|1\n|-boost|p1a: right leg|spd|1\n|-boost|p1a: right leg|spe|1\n|move|p2a: Heatran|Flare Blitz|p1a: right leg|[miss]\n|-miss|p2a: Heatran|p1a: right leg\n|\n|-sideend|p1: ivorthewizard1202|move: Tailwind\n|upkeep\n|turn|14\n|c|\u2606sunnyt76|Bro wtf\n|\n|t:|1700706540\n|move|p1a: right leg|Quiver Dance|p1a: right leg\n|-boost|p1a: right leg|spa|1\n|-boost|p1a: right leg|spd|1\n|-boost|p1a: right leg|spe|1\n|move|p2a: Heatran|Rock Blast|p1a: right leg\n|-supereffective|p1a: right leg\n|-damage|p1a: right leg|85\/100\n|-supereffective|p1a: right leg\n|-damage|p1a: right leg|69\/100\n|-supereffective|p1a: right leg\n|-damage|p1a: right leg|52\/100\n|-hitcount|p1a: right leg|3\n|\n|upkeep\n|turn|15\n|c|\u2606ivorthewizard1202|legendary spammer\n|\n|t:|1700706554\n|move|p1a: right leg|Quiver Dance|p1a: right leg\n|-boost|p1a: right leg|spa|1\n|-boost|p1a: right leg|spd|1\n|-boost|p1a: right leg|spe|1\n|move|p2a: Heatran|Rock Blast|p1a: right leg|[miss]\n|-miss|p2a: Heatran|p1a: right leg\n|\n|upkeep\n|turn|16\n|\n|t:|1700706567\n|move|p1a: right leg|Substitute|p1a: right leg\n|-start|p1a: right leg|Substitute\n|-damage|p1a: right leg|28\/100\n|move|p2a: Heatran|Flare Blitz|p1a: right leg|[miss]\n|-miss|p2a: Heatran|p1a: right leg\n|\n|upkeep\n|turn|17\n|\n|t:|1700706573\n|move|p1a: right leg|Quiver Dance|p1a: right leg\n|-boost|p1a: right leg|spa|1\n|-boost|p1a: right leg|spd|1\n|-boost|p1a: right leg|spe|1\n|move|p2a: Heatran|Rock Blast|p1a: right leg|[miss]\n|-miss|p2a: Heatran|p1a: right leg\n|\n|upkeep\n|turn|18\n|c|\u2606ivorthewizard1202|i will avenge everyone you killed\n|\n|t:|1700706588\n|move|p1a: right leg|Quiver Dance|p1a: right leg\n|-boost|p1a: right leg|spa|0\n|-boost|p1a: right leg|spd|1\n|-boost|p1a: right leg|spe|0\n|move|p2a: Heatran|Metal Sound|p1a: right leg\n|-unboost|p1a: right leg|spd|2\n|\n|upkeep\n|turn|19\n|\n|t:|1700706601\n|switch|p2a: Eternatus|Eternatus|100\/100\n|-ability|p2a: Eternatus|Pressure\n|move|p1a: right leg|Quiver Dance|p1a: right leg\n|-boost|p1a: right leg|spa|0\n|-boost|p1a: right leg|spd|1\n|-boost|p1a: right leg|spe|0\n|\n|upkeep\n|turn|20\n|\n|t:|1700706611\n|move|p1a: right leg|Quiver Dance|p1a: right leg\n|-boost|p1a: right leg|spa|0\n|-boost|p1a: right leg|spd|1\n|-boost|p1a: right leg|spe|0\n|move|p2a: Eternatus|Toxic Spikes|p1a: right leg\n|-sidestart|p1: ivorthewizard1202|move: Toxic Spikes\n|\n|upkeep\n|turn|21\n|c|\u2606ivorthewizard1202|heh usless\n|\n|t:|1700706622\n|move|p1a: right leg|Quiver Dance|p1a: right leg\n|-boost|p1a: right leg|spa|0\n|-boost|p1a: right leg|spd|1\n|-boost|p1a: right leg|spe|0\n|move|p2a: Eternatus|Draco Meteor|p1a: right leg\n|-activate|p1a: right leg|move: Substitute|[damage]\n|-unboost|p2a: Eternatus|spa|2\n|\n|upkeep\n|turn|22\n|c|\u2606sunnyt76|ok wtf\n|c|\u2606ivorthewizard1202|all of my pokemon have heavy duty boots\n|\n|t:|1700706640\n|move|p1a: right leg|Tailwind|p1a: right leg\n|-sidestart|p1: ivorthewizard1202|move: Tailwind\n|move|p2a: Eternatus|Poison Jab|p1a: right leg|[miss]\n|-miss|p2a: Eternatus|p1a: right leg\n|\n|upkeep\n|turn|23\n|c|\u2606sunnyt76|:dread:\n|\n|t:|1700706654\n|move|p1a: right leg|Baton Pass|p1a: right leg\n|\n|t:|1700706658\n|switch|p1a: left arm|Floatzel, M|100\/100|[from] Baton Pass\n|move|p2a: Eternatus|Body Slam|p1a: left arm\n|-end|p1a: left arm|Substitute\n|\n|upkeep\n|turn|24\n|\n|t:|1700706667\n|move|p1a: left arm|Aqua Ring|p1a: left arm\n|-start|p1a: left arm|Aqua Ring\n|move|p2a: Eternatus|Poison Jab|p1a: left arm|[miss]\n|-miss|p2a: Eternatus|p1a: left arm\n|\n|upkeep\n|turn|25\n|\n|t:|1700706674\n|move|p1a: left arm|Whirlpool|p2a: Eternatus\n|-resisted|p2a: Eternatus\n|-damage|p2a: Eternatus|86\/100\n|-activate|p2a: Eternatus|move: Whirlpool|[of] p1a: left arm\n|move|p2a: Eternatus|Draco Meteor|p1a: left arm|[miss]\n|-miss|p2a: Eternatus|p1a: left arm\n|\n|-heal|p2a: Eternatus|93\/100|[from] item: Leftovers\n|-damage|p2a: Eternatus|80\/100|[from] move: Whirlpool|[partiallytrapped]\n|-sideend|p1: ivorthewizard1202|move: Tailwind\n|upkeep\n|turn|26\n|c|\u2606ivorthewizard1202|no escape\n|c|\u2606sunnyt76|fuck this shit\n|-message|sunnyt76 forfeited.\n|\n|win|ivorthewizard1202\n|raw|ivorthewizard1202's rating: 1000 &rarr; <strong>1045<\/strong><br \/>(+45 for winning)\n|raw|sunnyt76's rating: 1045 &rarr; <strong>1026<\/strong><br \/>(-19 for losing)\n|l|\u2606sunnyt76\n","uploadtime":1700706693,"views":0,"p1id":"ivorthewizard1202","p2id":"sunnyt76","formatid":"gen9anythinggoes","rating":1026,"private":0,"password":""}