{"id":"gen9anythinggoes-1996008997","p1":"happypappy275","p2":"GildedSapphire","format":"[Gen 9] Anything Goes","log":"|j|\u2606happypappy275\n|j|\u2606GildedSapphire\n|t:|1700628727\n|gametype|singles\n|player|p1|happypappy275|265|1000\n|player|p2|GildedSapphire|wallace|1187\n|teamsize|p1|6\n|teamsize|p2|3\n|gen|9\n|tier|[Gen 9] Anything Goes\n|rated|\n|rule|HP Percentage Mod: HP is shown in percentages\n|rule|Endless Battle Clause: Forcing endless battles is banned\n|clearpoke\n|poke|p1|Grimmsnarl, M|\n|poke|p1|Magearna|\n|poke|p1|Volcarona, M|\n|poke|p1|Chien-Pao|\n|poke|p1|Baxcalibur, F|\n|poke|p1|Urshifu-*, F|\n|poke|p2|Calyrex-Shadow|\n|poke|p2|Espathra, F|\n|poke|p2|Clodsire, M|\n|teampreview\n|\n|t:|1700628737\n|start\n|switch|p1a: Magearna|Magearna|100\/100\n|switch|p2a: W A L L|Clodsire, M|100\/100\n|turn|1\n|\n|t:|1700628744\n|move|p1a: Magearna|Draining Kiss|p2a: W A L L\n|-resisted|p2a: W A L L\n|-damage|p2a: W A L L|95\/100\n|move|p2a: W A L L|Earthquake|p1a: Magearna\n|-supereffective|p1a: Magearna\n|-damage|p1a: Magearna|65\/100\n|\n|-heal|p1a: Magearna|71\/100|[from] item: Leftovers\n|-heal|p2a: W A L L|100\/100|[from] item: Leftovers\n|upkeep\n|turn|2\n|\n|t:|1700628753\n|move|p1a: Magearna|Shift Gear|p1a: Magearna\n|-boost|p1a: Magearna|spe|2\n|-boost|p1a: Magearna|atk|1\n|move|p2a: W A L L|Spikes|p1a: Magearna\n|-sidestart|p1: happypappy275|Spikes\n|\n|-heal|p1a: Magearna|77\/100|[from] item: Leftovers\n|upkeep\n|turn|3\n|\n|t:|1700628762\n|move|p1a: Magearna|Calm Mind|p1a: Magearna\n|-boost|p1a: Magearna|spa|1\n|-boost|p1a: Magearna|spd|1\n|move|p2a: W A L L|Earthquake|p1a: Magearna\n|-supereffective|p1a: Magearna\n|-damage|p1a: Magearna|46\/100\n|\n|-heal|p1a: Magearna|52\/100|[from] item: Leftovers\n|upkeep\n|turn|4\n|\n|t:|1700628770\n|move|p1a: Magearna|Stored Power|p2a: W A L L\n|-supereffective|p2a: W A L L\n|-damage|p2a: W A L L|44\/100\n|move|p2a: W A L L|Earthquake|p1a: Magearna\n|-supereffective|p1a: Magearna\n|-damage|p1a: Magearna|20\/100\n|\n|-heal|p1a: Magearna|26\/100|[from] item: Leftovers\n|-heal|p2a: W A L L|50\/100|[from] item: Leftovers\n|upkeep\n|turn|5\n|\n|t:|1700628781\n|-terastallize|p2a: W A L L|Steel\n|move|p1a: Magearna|Calm Mind|p1a: Magearna\n|-boost|p1a: Magearna|spa|1\n|-boost|p1a: Magearna|spd|1\n|move|p2a: W A L L|Recover|p2a: W A L L\n|-heal|p2a: W A L L|99\/100\n|\n|-heal|p1a: Magearna|32\/100|[from] item: Leftovers\n|-heal|p2a: W A L L|100\/100|[from] item: Leftovers\n|upkeep\n|turn|6\n|\n|t:|1700628790\n|move|p1a: Magearna|Shift Gear|p1a: Magearna\n|-boost|p1a: Magearna|spe|2\n|-boost|p1a: Magearna|atk|1\n|move|p2a: W A L L|Earthquake|p1a: Magearna\n|-supereffective|p1a: Magearna\n|-damage|p1a: Magearna|1\/100\n|\n|-heal|p1a: Magearna|7\/100|[from] item: Leftovers\n|upkeep\n|turn|7\n|\n|t:|1700628798\n|move|p1a: Magearna|Stored Power|p2a: W A L L\n|-resisted|p2a: W A L L\n|-damage|p2a: W A L L|65\/100\n|move|p2a: W A L L|Earthquake|p1a: Magearna\n|-supereffective|p1a: Magearna\n|-damage|p1a: Magearna|0 fnt\n|faint|p1a: Magearna\n|\n|-heal|p2a: W A L L|71\/100|[from] item: Leftovers\n|upkeep\n|\n|t:|1700628809\n|switch|p1a: Volcarona|Volcarona, M|100\/100\n|turn|8\n|\n|t:|1700628813\n|move|p1a: Volcarona|Giga Drain|p2a: W A L L\n|-resisted|p2a: W A L L\n|-crit|p2a: W A L L\n|-damage|p2a: W A L L|62\/100\n|move|p2a: W A L L|Recover|p2a: W A L L\n|-heal|p2a: W A L L|100\/100\n|\n|upkeep\n|turn|9\n|\n|t:|1700628824\n|move|p1a: Volcarona|Morning Sun|p1a: Volcarona\n|-fail|p1a: Volcarona|heal\n|move|p2a: W A L L|Toxic|p1a: Volcarona\n|-status|p1a: Volcarona|tox\n|\n|-damage|p1a: Volcarona|94\/100 tox|[from] psn\n|upkeep\n|turn|10\n|\n|t:|1700628833\n|move|p1a: Volcarona|Fiery Dance|p2a: W A L L\n|-supereffective|p2a: W A L L\n|-damage|p2a: W A L L|66\/100\n|move|p2a: W A L L|Earthquake|p1a: Volcarona\n|-damage|p1a: Volcarona|72\/100 tox\n|\n|-heal|p2a: W A L L|72\/100|[from] item: Leftovers\n|-damage|p1a: Volcarona|60\/100 tox|[from] psn\n|upkeep\n|turn|11\n|\n|t:|1700628842\n|move|p1a: Volcarona|Giga Drain|p2a: W A L L\n|-resisted|p2a: W A L L\n|-damage|p2a: W A L L|66\/100\n|-heal|p1a: Volcarona|64\/100 tox|[from] drain|[of] p2a: W A L L\n|move|p2a: W A L L|Recover|p2a: W A L L\n|-heal|p2a: W A L L|100\/100\n|\n|-damage|p1a: Volcarona|45\/100 tox|[from] psn\n|upkeep\n|turn|12\n|\n|t:|1700628852\n|move|p1a: Volcarona|Quiver Dance|p1a: Volcarona\n|-boost|p1a: Volcarona|spa|1\n|-boost|p1a: Volcarona|spd|1\n|-boost|p1a: Volcarona|spe|1\n|move|p2a: W A L L|Earthquake|p1a: Volcarona\n|-damage|p1a: Volcarona|22\/100 tox\n|\n|-damage|p1a: Volcarona|0 fnt|[from] psn\n|faint|p1a: Volcarona\n|upkeep\n|\n|t:|1700628865\n|switch|p1a: Urshifu|Urshifu-Rapid-Strike, F|100\/100\n|-damage|p1a: Urshifu|88\/100|[from] Spikes\n|turn|13\n|\n|t:|1700628870\n|switch|p2a: The goofy|Espathra, F|100\/100\n|move|p1a: Urshifu|Fire Punch|p2a: The goofy\n|-damage|p2a: The goofy|65\/100\n|\n|-heal|p2a: The goofy|71\/100|[from] item: Leftovers\n|upkeep\n|turn|14\n|\n|t:|1700628880\n|move|p2a: The goofy|Lumina Crash|p1a: Urshifu\n|-supereffective|p1a: Urshifu\n|-damage|p1a: Urshifu|10\/100\n|-unboost|p1a: Urshifu|spd|2\n|move|p1a: Urshifu|Swords Dance|p1a: Urshifu\n|-boost|p1a: Urshifu|atk|2\n|\n|-heal|p2a: The goofy|77\/100|[from] item: Leftovers\n|-ability|p2a: The goofy|Speed Boost|boost\n|-boost|p2a: The goofy|spe|1\n|upkeep\n|turn|15\n|\n|t:|1700628893\n|move|p2a: The goofy|Lumina Crash|p1a: Urshifu\n|-supereffective|p1a: Urshifu\n|-damage|p1a: Urshifu|0 fnt\n|faint|p1a: Urshifu\n|\n|-heal|p2a: The goofy|83\/100|[from] item: Leftovers\n|-ability|p2a: The goofy|Speed Boost|boost\n|-boost|p2a: The goofy|spe|1\n|upkeep\n|\n|t:|1700628902\n|switch|p1a: Chien-Pao|Chien-Pao|100\/100\n|-ability|p1a: Chien-Pao|Sword of Ruin\n|turn|16\n|\n|t:|1700628910\n|move|p2a: The goofy|Dazzling Gleam|p1a: Chien-Pao\n|-supereffective|p1a: Chien-Pao\n|-damage|p1a: Chien-Pao|46\/100\n|move|p1a: Chien-Pao|Sacred Sword|p2a: The goofy\n|-resisted|p2a: The goofy\n|-damage|p2a: The goofy|57\/100\n|\n|-heal|p2a: The goofy|63\/100|[from] item: Leftovers\n|-ability|p2a: The goofy|Speed Boost|boost\n|-boost|p2a: The goofy|spe|1\n|upkeep\n|turn|17\n|\n|t:|1700628921\n|move|p2a: The goofy|Dazzling Gleam|p1a: Chien-Pao\n|-supereffective|p1a: Chien-Pao\n|-damage|p1a: Chien-Pao|0 fnt\n|faint|p1a: Chien-Pao\n|\n|-heal|p2a: The goofy|69\/100|[from] item: Leftovers\n|-ability|p2a: The goofy|Speed Boost|boost\n|-boost|p2a: The goofy|spe|1\n|upkeep\n|\n|t:|1700628930\n|switch|p1a: Baxcalibur|Baxcalibur, F|100\/100\n|-damage|p1a: Baxcalibur|88\/100|[from] Spikes\n|turn|18\n|c|\u2606GildedSapphire|nice\n|\n|t:|1700628944\n|-terastallize|p1a: Baxcalibur|Ice\n|move|p2a: The goofy|Dazzling Gleam|p1a: Baxcalibur\n|-damage|p1a: Baxcalibur|70\/100\n|move|p1a: Baxcalibur|Dragon Dance|p1a: Baxcalibur\n|-boost|p1a: Baxcalibur|atk|1\n|-boost|p1a: Baxcalibur|spe|1\n|\n|-heal|p2a: The goofy|75\/100|[from] item: Leftovers\n|-ability|p2a: The goofy|Speed Boost|boost\n|-boost|p2a: The goofy|spe|1\n|upkeep\n|turn|19\n|\n|t:|1700628957\n|move|p2a: The goofy|Baton Pass|p2a: The goofy\n|\n|t:|1700628958\n|switch|p2a: The silly|Calyrex-Shadow|100\/100|[from] Baton Pass\n|-ability|p2a: The silly|As One\n|-ability|p2a: The silly|Unnerve\n|move|p1a: Baxcalibur|Earthquake|p2a: The silly\n|-damage|p2a: The silly|27\/100\n|\n|upkeep\n|turn|20\n|\n|t:|1700628968\n|move|p2a: The silly|Astral Barrage|p1a: Baxcalibur\n|-damage|p1a: Baxcalibur|0 fnt\n|faint|p1a: Baxcalibur\n|-ability|p2a: The silly|Grim Neigh|boost\n|-boost|p2a: The silly|spa|1\n|\n|upkeep\n|\n|t:|1700628975\n|switch|p1a: Grimmsnarl|Grimmsnarl, M|100\/100\n|-damage|p1a: Grimmsnarl|88\/100|[from] Spikes\n|turn|21\n|\n|t:|1700628984\n|move|p1a: Grimmsnarl|Reflect|p1a: Grimmsnarl\n|-sidestart|p1: happypappy275|Reflect\n|move|p2a: The silly|Astral Barrage|p1a: Grimmsnarl\n|-resisted|p1a: Grimmsnarl\n|-damage|p1a: Grimmsnarl|28\/100\n|\n|upkeep\n|turn|22\n|\n|t:|1700628999\n|move|p2a: The silly|Astral Barrage|p1a: Grimmsnarl\n|-resisted|p1a: Grimmsnarl\n|-damage|p1a: Grimmsnarl|0 fnt\n|faint|p1a: Grimmsnarl\n|\n|win|GildedSapphire\n|raw|happypappy275's rating: 1000 &rarr; <strong>1000<\/strong><br \/>(+0 for losing)\n|raw|GildedSapphire's rating: 1187 &rarr; <strong>1200<\/strong><br \/>(+13 for winning)\n|c|\u2606GildedSapphire|2300 SPEED BABYYYYY\n|c|\u2606GildedSapphire|gg\n","uploadtime":1700629013,"views":0,"p1id":"happypappy275","p2id":"gildedsapphire","formatid":"gen9anythinggoes","rating":1000,"private":0,"password":""}