{"id":"gen9anythinggoes-1976465201","p1":"void79","p2":"SHIMA2023","format":"[Gen 9] Anything Goes","log":"|j|\u203dvoid79\n|j|\u2606SHIMA2023\n|t:|1698307947\n|gametype|singles\n|player|p1|void79|veteran|1223\n|player|p2|SHIMA2023|ethan|1190\n|teamsize|p1|6\n|teamsize|p2|6\n|gen|9\n|tier|[Gen 9] Anything Goes\n|rated|\n|rule|HP Percentage Mod: HP is shown in percentages\n|rule|Endless Battle Clause: Forcing endless battles is banned\n|clearpoke\n|poke|p1|Volcarona, M|\n|poke|p1|Dragapult, F|\n|poke|p1|Magnezone|\n|poke|p1|Gliscor, M|\n|poke|p1|Lilligant-Hisui, F|\n|poke|p1|Avalugg-Hisui, M|\n|poke|p2|Leafeon, M|\n|poke|p2|Leafeon, F|\n|poke|p2|Leafeon, F|\n|poke|p2|Leafeon, F|\n|poke|p2|Leafeon, M|\n|poke|p2|Leafeon, F|\n|teampreview\n|inactive|Battle timer is ON: inactive players will automatically lose when time's up. (requested by void79)\n|\n|t:|1698307965\n|start\n|switch|p1a: Volcarona|Volcarona, M|100\/100\n|switch|p2a: Leafeon|Leafeon, M|100\/100\n|turn|1\n|\n|t:|1698307980\n|move|p2a: Leafeon|Knock Off|p1a: Volcarona\n|-damage|p1a: Volcarona|69\/100\n|-enditem|p1a: Volcarona|Heavy-Duty Boots|[from] move: Knock Off|[of] p2a: Leafeon\n|move|p1a: Volcarona|Quiver Dance|p1a: Volcarona\n|-boost|p1a: Volcarona|spa|1\n|-boost|p1a: Volcarona|spd|1\n|-boost|p1a: Volcarona|spe|1\n|\n|upkeep\n|turn|2\n|\n|t:|1698307992\n|-terastallize|p2a: Leafeon|Fire\n|move|p1a: Volcarona|Bug Buzz|p2a: Leafeon\n|-resisted|p2a: Leafeon\n|-damage|p2a: Leafeon|70\/100\n|move|p2a: Leafeon|Tera Blast|p1a: Volcarona|[anim] Tera Blast Fire\n|-damage|p1a: Volcarona|31\/100\n|\n|upkeep\n|turn|3\n|\n|t:|1698308003\n|move|p1a: Volcarona|Fiery Dance|p2a: Leafeon\n|-resisted|p2a: Leafeon\n|-damage|p2a: Leafeon|42\/100\n|-boost|p1a: Volcarona|spa|1\n|move|p2a: Leafeon|Tera Blast|p1a: Volcarona|[anim] Tera Blast Fire\n|-damage|p1a: Volcarona|0 fnt\n|faint|p1a: Volcarona\n|\n|upkeep\n|\n|t:|1698308013\n|switch|p1a: Dragapult|Dragapult, F|100\/100\n|turn|4\n|\n|t:|1698308022\n|switch|p2a: Leafeon|Leafeon, F|100\/100\n|move|p1a: Dragapult|Dragon Dance|p1a: Dragapult\n|-boost|p1a: Dragapult|atk|1\n|-boost|p1a: Dragapult|spe|1\n|\n|upkeep\n|turn|5\n|\n|t:|1698308031\n|move|p2a: Leafeon|Copycat|p2a: Leafeon\n|move|p2a: Leafeon|Dragon Dance|p2a: Leafeon|[from]move: Copycat\n|-boost|p2a: Leafeon|atk|1\n|-boost|p2a: Leafeon|spe|1\n|move|p1a: Dragapult|Dragon Tail|p2a: Leafeon\n|-damage|p2a: Leafeon|76\/100\n|-damage|p1a: Dragapult|84\/100|[from] item: Rocky Helmet|[of] p2a: Leafeon\n|drag|p2a: Leafeon|Leafeon, F|100\/100\n|\n|upkeep\n|turn|6\n|\n|t:|1698308047\n|-terastallize|p1a: Dragapult|Dragon\n|move|p2a: Leafeon|Yawn|p1a: Dragapult\n|-start|p1a: Dragapult|move: Yawn|[of] p2a: Leafeon\n|move|p1a: Dragapult|Dragon Tail|p2a: Leafeon\n|-damage|p2a: Leafeon|59\/100\n|drag|p2a: Leafeon|Leafeon, F|76\/100\n|\n|upkeep\n|turn|7\n|\n|t:|1698308070\n|move|p2a: Leafeon|Leech Seed|p1a: Dragapult\n|-start|p1a: Dragapult|move: Leech Seed\n|move|p1a: Dragapult|Dragon Tail|p2a: Leafeon\n|-damage|p2a: Leafeon|47\/100\n|-damage|p1a: Dragapult|67\/100|[from] item: Rocky Helmet|[of] p2a: Leafeon\n|drag|p2a: Leafeon|Leafeon, F|100\/100\n|\n|-damage|p1a: Dragapult|55\/100|[from] Leech Seed|[of] p2a: Leafeon\n|-end|p1a: Dragapult|move: Yawn|[silent]\n|-status|p1a: Dragapult|slp\n|upkeep\n|turn|8\n|inactive|SHIMA2023 has 120 seconds left.\n|\n|t:|1698308099\n|switch|p2a: Leafeon|Leafeon, M|100\/100\n|cant|p1a: Dragapult|slp\n|\n|-damage|p1a: Dragapult|43\/100 slp|[from] Leech Seed|[of] p2a: Leafeon\n|upkeep\n|turn|9\n|inactive|SHIMA2023 has 120 seconds left.\n|\n|t:|1698308109\n|move|p2a: Leafeon|Sunny Day|p2a: Leafeon\n|-weather|SunnyDay\n|-curestatus|p1a: Dragapult|slp|[msg]\n|move|p1a: Dragapult|Dragon Tail|p2a: Leafeon\n|-damage|p2a: Leafeon|52\/100\n|drag|p2a: Leafeon|Leafeon, F|100\/100\n|\n|-weather|SunnyDay|[upkeep]\n|-damage|p1a: Dragapult|31\/100|[from] Leech Seed|[of] p2a: Leafeon\n|upkeep\n|turn|10\n|inactive|SHIMA2023 has 120 seconds left.\n|\n|t:|1698308120\n|move|p2a: Leafeon|Knock Off|p1a: Dragapult\n|-damage|p1a: Dragapult|0 fnt\n|-enditem|p1a: Dragapult|Wide Lens|[from] move: Knock Off|[of] p2a: Leafeon\n|faint|p1a: Dragapult\n|\n|-weather|SunnyDay|[upkeep]\n|upkeep\n|\n|t:|1698308125\n|switch|p1a: Lilligant|Lilligant-Hisui, F|100\/100\n|turn|11\n|inactive|SHIMA2023 has 120 seconds left.\n|\n|t:|1698308148\n|move|p2a: Leafeon|Knock Off|p1a: Lilligant\n|-resisted|p1a: Lilligant\n|-damage|p1a: Lilligant|81\/100\n|-enditem|p1a: Lilligant|Wide Lens|[from] move: Knock Off|[of] p2a: Leafeon\n|move|p1a: Lilligant|Ice Spinner|p2a: Leafeon\n|-supereffective|p2a: Leafeon\n|-damage|p2a: Leafeon|27\/100\n|\n|-weather|SunnyDay|[upkeep]\n|upkeep\n|turn|12\n|inactive|SHIMA2023 has 120 seconds left.\n|\n|t:|1698308159\n|move|p2a: Leafeon|Solar Blade||[still]\n|-prepare|p2a: Leafeon|Solar Blade\n|-anim|p2a: Leafeon|Solar Blade|p1a: Lilligant\n|-resisted|p1a: Lilligant\n|-damage|p1a: Lilligant|39\/100\n|move|p1a: Lilligant|Ice Spinner|p2a: Leafeon\n|-supereffective|p2a: Leafeon\n|-damage|p2a: Leafeon|0 fnt\n|faint|p2a: Leafeon\n|\n|-weather|SunnyDay|[upkeep]\n|upkeep\n|\n|t:|1698308179\n|switch|p2a: Leafeon|Leafeon, M, tera:Fire|42\/100\n|turn|13\n|\n|t:|1698308183\n|move|p2a: Leafeon|Tera Blast|p1a: Lilligant|[anim] Tera Blast Fire\n|-supereffective|p1a: Lilligant\n|-damage|p1a: Lilligant|0 fnt\n|faint|p1a: Lilligant\n|\n|-weather|none\n|upkeep\n|\n|t:|1698308192\n|switch|p1a: Avalugg|Avalugg-Hisui, M|100\/100\n|turn|14\n|inactive|SHIMA2023 has 120 seconds left.\n|\n|t:|1698308207\n|move|p2a: Leafeon|Knock Off|p1a: Avalugg\n|-damage|p1a: Avalugg|88\/100\n|-enditem|p1a: Avalugg|Chople Berry|[from] move: Knock Off|[of] p2a: Leafeon\n|move|p1a: Avalugg|Body Press|p2a: Leafeon\n|-damage|p2a: Leafeon|9\/100\n|\n|upkeep\n|turn|15\n|inactive|SHIMA2023 has 120 seconds left.\n|\n|t:|1698308232\n|switch|p2a: Leafeon|Leafeon, F|47\/100\n|move|p1a: Avalugg|Body Press|p2a: Leafeon\n|-damage|p2a: Leafeon|24\/100\n|-damage|p1a: Avalugg|72\/100|[from] item: Rocky Helmet|[of] p2a: Leafeon\n|\n|upkeep\n|turn|16\n|\n|t:|1698308242\n|move|p2a: Leafeon|Synthesis|p2a: Leafeon\n|-heal|p2a: Leafeon|74\/100\n|move|p1a: Avalugg|Avalanche|p2a: Leafeon\n|-supereffective|p2a: Leafeon\n|-damage|p2a: Leafeon|38\/100\n|-damage|p1a: Avalugg|55\/100|[from] item: Rocky Helmet|[of] p2a: Leafeon\n|\n|upkeep\n|turn|17\n|\n|t:|1698308249\n|move|p2a: Leafeon|Synthesis|p2a: Leafeon\n|-heal|p2a: Leafeon|88\/100\n|move|p1a: Avalugg|Avalanche|p2a: Leafeon\n|-supereffective|p2a: Leafeon\n|-damage|p2a: Leafeon|52\/100\n|-damage|p1a: Avalugg|39\/100|[from] item: Rocky Helmet|[of] p2a: Leafeon\n|\n|upkeep\n|turn|18\n|\n|t:|1698308258\n|move|p2a: Leafeon|Leech Seed|p1a: Avalugg\n|-start|p1a: Avalugg|move: Leech Seed\n|move|p1a: Avalugg|Avalanche|p2a: Leafeon\n|-supereffective|p2a: Leafeon\n|-damage|p2a: Leafeon|15\/100\n|-damage|p1a: Avalugg|22\/100|[from] item: Rocky Helmet|[of] p2a: Leafeon\n|\n|-damage|p1a: Avalugg|10\/100|[from] Leech Seed|[of] p2a: Leafeon\n|-heal|p2a: Leafeon|29\/100|[silent]\n|upkeep\n|turn|19\n|inactive|SHIMA2023 has 120 seconds left.\n|\n|t:|1698308270\n|move|p2a: Leafeon|Synthesis|p2a: Leafeon\n|-heal|p2a: Leafeon|79\/100\n|move|p1a: Avalugg|Avalanche|p2a: Leafeon\n|-supereffective|p2a: Leafeon\n|-damage|p2a: Leafeon|42\/100\n|-damage|p1a: Avalugg|0 fnt|[from] item: Rocky Helmet|[of] p2a: Leafeon\n|faint|p1a: Avalugg\n|\n|upkeep\n|\n|t:|1698308283\n|switch|p1a: Magnezone|Magnezone|100\/100\n|turn|20\n|\n|t:|1698308291\n|move|p2a: Leafeon|Leech Seed|p1a: Magnezone\n|-start|p1a: Magnezone|move: Leech Seed\n|move|p1a: Magnezone|Flash Cannon|p2a: Leafeon\n|-damage|p2a: Leafeon|0 fnt\n|faint|p2a: Leafeon\n|\n|upkeep\n|inactive|SHIMA2023 has 120 seconds left.\n|\n|t:|1698308313\n|switch|p2a: Leafeon|Leafeon, M|52\/100\n|turn|21\n|\n|t:|1698308320\n|move|p2a: Leafeon|Sunny Day|p2a: Leafeon\n|-weather|SunnyDay\n|move|p1a: Magnezone|Flash Cannon|p2a: Leafeon\n|-damage|p2a: Leafeon|0 fnt\n|faint|p2a: Leafeon\n|\n|-weather|SunnyDay|[upkeep]\n|upkeep\n|\n|t:|1698308328\n|switch|p2a: Leafeon|Leafeon, M, tera:Fire|9\/100\n|turn|22\n|\n|t:|1698308332\n|move|p2a: Leafeon|Tera Blast|p1a: Magnezone|[anim] Tera Blast Fire\n|-supereffective|p1a: Magnezone\n|-enditem|p1a: Magnezone|Focus Sash\n|-damage|p1a: Magnezone|1\/100\n|move|p1a: Magnezone|Flash Cannon|p2a: Leafeon\n|-resisted|p2a: Leafeon\n|-damage|p2a: Leafeon|0 fnt\n|faint|p2a: Leafeon\n|\n|-weather|SunnyDay|[upkeep]\n|upkeep\n|inactive|SHIMA2023 has 120 seconds left.\n|\n|t:|1698308343\n|switch|p2a: Leafeon|Leafeon, F|59\/100\n|turn|23\n|\n|t:|1698308349\n|move|p2a: Leafeon|Substitute|p2a: Leafeon\n|-start|p2a: Leafeon|Substitute\n|-damage|p2a: Leafeon|34\/100\n|-enditem|p2a: Leafeon|Sitrus Berry|[eat]\n|-heal|p2a: Leafeon|59\/100|[from] item: Sitrus Berry\n|move|p1a: Magnezone|Flash Cannon|p2a: Leafeon\n|-end|p2a: Leafeon|Substitute\n|\n|-weather|SunnyDay|[upkeep]\n|-damage|p1a: Magnezone|0 fnt|[from] Leech Seed|[of] p2a: Leafeon\n|-heal|p2a: Leafeon|59\/100|[silent]\n|faint|p1a: Magnezone\n|upkeep\n|\n|t:|1698308359\n|switch|p1a: Gliscor|Gliscor, M|100\/100\n|turn|24\n|\n|t:|1698308375\n|move|p2a: Leafeon|Substitute|p2a: Leafeon\n|-start|p2a: Leafeon|Substitute\n|-damage|p2a: Leafeon|34\/100\n|move|p1a: Gliscor|Toxic||[still]\n|-fail|p1a: Gliscor\n|\n|-weather|SunnyDay|[upkeep]\n|-status|p1a: Gliscor|tox|[from] item: Toxic Orb\n|upkeep\n|turn|25\n|\n|t:|1698308385\n|move|p2a: Leafeon|Swords Dance|p2a: Leafeon\n|-boost|p2a: Leafeon|atk|2\n|move|p1a: Gliscor|Spikes|p2a: Leafeon\n|-sidestart|p2: SHIMA2023|Spikes\n|\n|-weather|none\n|upkeep\n|turn|26\n|\n|t:|1698308392\n|move|p2a: Leafeon|Swords Dance|p2a: Leafeon\n|-boost|p2a: Leafeon|atk|2\n|move|p1a: Gliscor|Substitute|p1a: Gliscor\n|-start|p1a: Gliscor|Substitute\n|-damage|p1a: Gliscor|76\/100 tox\n|\n|-heal|p1a: Gliscor|88\/100 tox|[from] ability: Poison Heal\n|upkeep\n|turn|27\n|\n|t:|1698308402\n|move|p2a: Leafeon|Baton Pass|p2a: Leafeon\n|\n|t:|1698308404\n|switch|p2a: Leafeon|Leafeon, F|100\/100|[from] Baton Pass\n|-damage|p2a: Leafeon|88\/100|[from] Spikes\n|move|p1a: Gliscor|Facade|p2a: Leafeon\n|-crit|p2a: Leafeon\n|-end|p2a: Leafeon|Substitute\n|\n|-heal|p1a: Gliscor|99\/100 tox|[from] ability: Poison Heal\n|upkeep\n|turn|28\n|\n|t:|1698308416\n|move|p1a: Gliscor|Toxic|p2a: Leafeon\n|-status|p2a: Leafeon|tox\n|move|p2a: Leafeon|Bullet Seed|p1a: Gliscor\n|-end|p1a: Gliscor|Substitute\n|-damage|p1a: Gliscor|65\/100 tox\n|-damage|p1a: Gliscor|28\/100 tox\n|-damage|p1a: Gliscor|0 fnt\n|faint|p1a: Gliscor\n|-hitcount|p1: Gliscor|4\n|\n|win|SHIMA2023\n|raw|void79's rating: 1223 &rarr; <strong>1196<\/strong><br \/>(-27 for losing)\n|raw|SHIMA2023's rating: 1190 &rarr; <strong>1217<\/strong><br \/>(+27 for winning)\n","uploadtime":1698308427,"views":20,"p1id":"void79","p2id":"shima2023","formatid":"gen9anythinggoes","rating":1196,"private":0,"password":""}