{"id":"gen9anythinggoes-1974569310","p1":"Pokemon Landon","p2":"LocalEspinas","format":"[Gen 9] Anything Goes","log":"|j|\u2606Pokemon Landon\n|j|\u2606LocalEspinas\n|t:|1698098246\n|gametype|singles\n|player|p1|Pokemon Landon|266|1070\n|player|p2|LocalEspinas|iris-gen5bw2|1177\n|teamsize|p1|6\n|teamsize|p2|6\n|gen|9\n|tier|[Gen 9] Anything Goes\n|rated|\n|rule|HP Percentage Mod: HP is shown in percentages\n|rule|Endless Battle Clause: Forcing endless battles is banned\n|clearpoke\n|poke|p1|Cinderace, M|\n|poke|p1|Garchomp, F|\n|poke|p1|Greninja-*, M|\n|poke|p1|Ceruledge, M|\n|poke|p1|Lycanroc-Dusk, F|\n|poke|p1|Scizor, F|\n|poke|p2|Garchomp, M|\n|poke|p2|Cyclizar, F|\n|poke|p2|Torterra, F|\n|poke|p2|Toxapex, F|\n|poke|p2|Oricorio-Pom-Pom, M|\n|poke|p2|Tyranitar, F|\n|teampreview\n|\n|t:|1698098253\n|start\n|switch|p1a: Scizor|Scizor, F, shiny|100\/100\n|switch|p2a: Cyclizar|Cyclizar, F|100\/100\n|turn|1\n|\n|t:|1698098268\n|move|p2a: Cyclizar|Taunt|p1a: Scizor\n|-start|p1a: Scizor|move: Taunt\n|move|p1a: Scizor|Trailblaze|p2a: Cyclizar\n|-resisted|p2a: Cyclizar\n|-damage|p2a: Cyclizar|82\/100\n|-boost|p1a: Scizor|spe|1\n|\n|upkeep\n|turn|2\n|\n|t:|1698098286\n|switch|p1a: Cinderace|Cinderace, M, shiny|100\/100\n|move|p2a: Cyclizar|Shed Tail|p2a: Cyclizar\n|-start|p2a: Cyclizar|Substitute|[from] move: Shed Tail\n|-damage|p2a: Cyclizar|32\/100\n|-enditem|p2a: Cyclizar|Sitrus Berry|[eat]\n|-heal|p2a: Cyclizar|57\/100|[from] item: Sitrus Berry\n|\n|t:|1698098294\n|switch|p2a: Garchomp|Garchomp, M|100\/100|[from] Shed Tail\n|\n|upkeep\n|turn|3\n|\n|t:|1698098301\n|move|p1a: Cinderace|Fling|p2a: Garchomp\n|-activate|p2a: Garchomp|move: Substitute|[damage]\n|-enditem|p1a: Cinderace|Flame Orb|[from] move: Fling\n|move|p2a: Garchomp|Scale Shot|p1a: Cinderace\n|-damage|p1a: Cinderace|80\/100\n|-damage|p1a: Cinderace|61\/100\n|-damage|p1a: Cinderace|43\/100\n|-damage|p1a: Cinderace|22\/100\n|-hitcount|p1a: Cinderace|4\n|-unboost|p2a: Garchomp|def|1\n|-boost|p2a: Garchomp|spe|1\n|\n|upkeep\n|turn|4\n|\n|t:|1698098315\n|move|p2a: Garchomp|Swords Dance|p2a: Garchomp\n|-boost|p2a: Garchomp|atk|2\n|move|p1a: Cinderace|Pyro Ball|p2a: Garchomp\n|-resisted|p2a: Garchomp\n|-end|p2a: Garchomp|Substitute\n|\n|upkeep\n|turn|5\n|\n|t:|1698098341\n|switch|p1a: Scizor|Scizor, F, shiny|100\/100\n|move|p2a: Garchomp|Poison Jab|p1a: Scizor\n|-immune|p1a: Scizor\n|\n|upkeep\n|turn|6\n|\n|t:|1698098350\n|move|p2a: Garchomp|Earthquake|p1a: Scizor\n|-damage|p1a: Scizor|0 fnt\n|faint|p1a: Scizor\n|\n|upkeep\n|\n|t:|1698098357\n|switch|p1a: Greninja|Greninja, M, shiny|100\/100\n|turn|7\n|\n|t:|1698098367\n|-terastallize|p2a: Garchomp|Poison\n|move|p2a: Garchomp|Poison Jab|p1a: Greninja\n|-damage|p1a: Greninja|0 fnt\n|faint|p1a: Greninja\n|\n|upkeep\n|\n|t:|1698098375\n|switch|p1a: Garchomp|Garchomp, F, shiny|100\/100\n|turn|8\n|\n|t:|1698098379\n|move|p2a: Garchomp|Scale Shot|p1a: Garchomp\n|-supereffective|p1a: Garchomp\n|-damage|p1a: Garchomp|52\/100\n|-supereffective|p1a: Garchomp\n|-damage|p1a: Garchomp|0 fnt\n|faint|p1a: Garchomp\n|-hitcount|p1: Garchomp|2\n|-unboost|p2a: Garchomp|def|1\n|-boost|p2a: Garchomp|spe|1\n|\n|upkeep\n|\n|t:|1698098389\n|switch|p1a: Lycanroc|Lycanroc-Dusk, F, shiny|100\/100\n|turn|9\n|\n|t:|1698098395\n|move|p2a: Garchomp|Earthquake|p1a: Lycanroc\n|-supereffective|p1a: Lycanroc\n|-damage|p1a: Lycanroc|0 fnt\n|faint|p1a: Lycanroc\n|\n|upkeep\n|\n|t:|1698098402\n|switch|p1a: Ceruledge|Ceruledge, M, shiny|100\/100\n|turn|10\n|\n|t:|1698098407\n|move|p2a: Garchomp|Scale Shot|p1a: Ceruledge\n|-crit|p1a: Ceruledge\n|-damage|p1a: Ceruledge|48\/100\n|-ability|p1a: Ceruledge|Weak Armor|boost\n|-unboost|p1a: Ceruledge|def|1\n|-boost|p1a: Ceruledge|spe|2\n|-damage|p1a: Ceruledge|0 fnt\n|faint|p1a: Ceruledge\n|-hitcount|p1: Ceruledge|2\n|-unboost|p2a: Garchomp|def|1\n|-boost|p2a: Garchomp|spe|1\n|\n|upkeep\n|\n|t:|1698098418\n|switch|p1a: Cinderace|Cinderace, M, shiny|22\/100\n|turn|11\n|\n|t:|1698098422\n|move|p2a: Garchomp|Poison Jab|p1a: Cinderace\n|-damage|p1a: Cinderace|0 fnt\n|faint|p1a: Cinderace\n|\n|win|LocalEspinas\n|raw|Pokemon Landon's rating: 1070 &rarr; <strong>1056<\/strong><br \/>(-14 for losing)\n|raw|LocalEspinas's rating: 1177 &rarr; <strong>1195<\/strong><br \/>(+18 for winning)\n|l|\u2606Pokemon Landon\n","uploadtime":1698098481,"views":28,"p1id":"pokemonlandon","p2id":"localespinas","formatid":"gen9anythinggoes","rating":1056,"private":0,"password":""}