{"id":"gen9anythinggoes-1980391284","p1":"whererender","p2":"loldangman","format":"[Gen 9] Anything Goes","log":"|j|\u2606whererender\n|j|\u203dloldangman\n|t:|1698780841\n|gametype|singles\n|player|p1|whererender|170|1108\n|player|p2|loldangman|102|1178\n|teamsize|p1|6\n|teamsize|p2|6\n|gen|9\n|tier|[Gen 9] Anything Goes\n|rated|\n|rule|HP Percentage Mod: HP is shown in percentages\n|rule|Endless Battle Clause: Forcing endless battles is banned\n|clearpoke\n|poke|p1|Uxie|\n|poke|p1|Great Tusk|\n|poke|p1|Zamazenta-*|\n|poke|p1|Goodra-Hisui, F|\n|poke|p1|Torterra, M|\n|poke|p1|Yanmega, F|\n|poke|p2|Maushold-Four|\n|poke|p2|Mew|\n|poke|p2|Gholdengo|\n|poke|p2|Drifblim, M|\n|poke|p2|Glimmora, F|\n|poke|p2|Kingambit, F|\n|teampreview\n|\n|t:|1698780868\n|start\n|switch|p1a: Yanmega|Yanmega, F|100\/100\n|switch|p2a: Drifblim|Drifblim, M|100\/100\n|turn|1\n|\n|t:|1698780878\n|-terastallize|p1a: Yanmega|Bug\n|move|p1a: Yanmega|Bug Buzz|p2a: Drifblim\n|-resisted|p2a: Drifblim\n|-damage|p2a: Drifblim|56\/100\n|-unboost|p2a: Drifblim|spd|1\n|move|p2a: Drifblim|Calm Mind|p2a: Drifblim\n|-boost|p2a: Drifblim|spa|1\n|-boost|p2a: Drifblim|spd|1\n|\n|upkeep\n|turn|2\n|\n|t:|1698780888\n|move|p1a: Yanmega|Bug Buzz|p2a: Drifblim\n|-resisted|p2a: Drifblim\n|-damage|p2a: Drifblim|12\/100\n|move|p2a: Drifblim|Minimize|p2a: Drifblim\n|-boost|p2a: Drifblim|evasion|2\n|\n|upkeep\n|turn|3\n|\n|t:|1698780895\n|move|p1a: Yanmega|Bug Buzz|p2a: Drifblim|[miss]\n|-miss|p1a: Yanmega|p2a: Drifblim\n|move|p2a: Drifblim|Baton Pass|p2a: Drifblim\n|\n|t:|1698780904\n|switch|p2a: Mew|Mew|100\/100|[from] Baton Pass\n|\n|upkeep\n|turn|4\n|\n|t:|1698780908\n|move|p1a: Yanmega|Bug Buzz|p2a: Mew|[miss]\n|-miss|p1a: Yanmega|p2a: Mew\n|move|p2a: Mew|Swords Dance|p2a: Mew\n|-boost|p2a: Mew|atk|2\n|\n|upkeep\n|turn|5\n|\n|t:|1698780922\n|move|p1a: Yanmega|Bug Buzz|p2a: Mew\n|-supereffective|p2a: Mew\n|-damage|p2a: Mew|0 fnt\n|faint|p2a: Mew\n|\n|upkeep\n|inactive|Battle timer is ON: inactive players will automatically lose when time's up. (requested by whererender)\n|\n|t:|1698780927\n|switch|p2a: Drifblim|Drifblim, M|12\/100\n|turn|6\n|\n|t:|1698780934\n|move|p1a: Yanmega|Bug Buzz|p2a: Drifblim\n|-resisted|p2a: Drifblim\n|-damage|p2a: Drifblim|0 fnt\n|faint|p2a: Drifblim\n|\n|upkeep\n|\n|t:|1698780947\n|switch|p2a: Glimmora|Glimmora, F|100\/100\n|turn|7\n|\n|t:|1698780951\n|move|p1a: Yanmega|Bug Buzz|p2a: Glimmora\n|-resisted|p2a: Glimmora\n|-damage|p2a: Glimmora|7\/100\n|move|p2a: Glimmora|Toxic Spikes|p1a: Yanmega\n|-sidestart|p1: whererender|move: Toxic Spikes\n|\n|upkeep\n|turn|8\n|\n|t:|1698780959\n|move|p1a: Yanmega|Bug Buzz|p2a: Glimmora\n|-resisted|p2a: Glimmora\n|-damage|p2a: Glimmora|0 fnt\n|faint|p2a: Glimmora\n|\n|upkeep\n|\n|t:|1698780965\n|switch|p2a: Gholdengo|Gholdengo|100\/100\n|turn|9\n|\n|t:|1698780970\n|move|p1a: Yanmega|Bug Buzz|p2a: Gholdengo\n|-resisted|p2a: Gholdengo\n|-damage|p2a: Gholdengo|51\/100\n|move|p2a: Gholdengo|Focus Blast|p1a: Yanmega\n|-resisted|p1a: Yanmega\n|-damage|p1a: Yanmega|67\/100\n|\n|upkeep\n|turn|10\n|\n|t:|1698780978\n|move|p1a: Yanmega|Bug Buzz|p2a: Gholdengo\n|-resisted|p2a: Gholdengo\n|-crit|p2a: Gholdengo\n|-damage|p2a: Gholdengo|0 fnt\n|faint|p2a: Gholdengo\n|\n|upkeep\n|\n|t:|1698780984\n|switch|p2a: Maushold|Maushold-Four|100\/100\n|turn|11\n|\n|t:|1698780988\n|-terastallize|p2a: Maushold|Normal\n|move|p2a: Maushold|Population Bomb|p1a: Yanmega\n|-crit|p1a: Yanmega\n|-damage|p1a: Yanmega|21\/100\n|-damage|p1a: Yanmega|0 fnt\n|faint|p1a: Yanmega\n|-hitcount|p1: Yanmega|2\n|\n|upkeep\n|\n|t:|1698780997\n|switch|p1a: Zamazenta|Zamazenta-Crowned|100\/100\n|-ability|p1a: Zamazenta|Dauntless Shield|boost\n|-boost|p1a: Zamazenta|def|1\n|turn|12\n|\n|t:|1698781003\n|move|p2a: Maushold|Population Bomb|p1a: Zamazenta\n|-resisted|p1a: Zamazenta\n|-damage|p1a: Zamazenta|95\/100\n|-resisted|p1a: Zamazenta\n|-damage|p1a: Zamazenta|90\/100\n|-resisted|p1a: Zamazenta\n|-damage|p1a: Zamazenta|85\/100\n|-resisted|p1a: Zamazenta\n|-damage|p1a: Zamazenta|79\/100\n|-hitcount|p1a: Zamazenta|4\n|move|p1a: Zamazenta|Iron Defense|p1a: Zamazenta\n|-boost|p1a: Zamazenta|def|2\n|\n|upkeep\n|turn|13\n|\n|t:|1698781016\n|move|p2a: Maushold|Population Bomb|p1a: Zamazenta\n|-resisted|p1a: Zamazenta\n|-damage|p1a: Zamazenta|76\/100\n|-resisted|p1a: Zamazenta\n|-damage|p1a: Zamazenta|72\/100\n|-resisted|p1a: Zamazenta\n|-damage|p1a: Zamazenta|69\/100\n|-resisted|p1a: Zamazenta\n|-damage|p1a: Zamazenta|65\/100\n|-hitcount|p1a: Zamazenta|4\n|move|p1a: Zamazenta|Body Press|p2a: Maushold\n|-supereffective|p2a: Maushold\n|-damage|p2a: Maushold|0 fnt\n|faint|p2a: Maushold\n|\n|upkeep\n|\n|t:|1698781021\n|switch|p2a: Kingambit|Kingambit, F|100\/100\n|-activate|p2a: Kingambit|ability: Supreme Overlord\n|-start|p2a: Kingambit|fallen5|[silent]\n|turn|14\n|\n|t:|1698781033\n|move|p1a: Zamazenta|Body Press|p2a: Kingambit\n|-supereffective|p2a: Kingambit\n|-damage|p2a: Kingambit|0 fnt\n|faint|p2a: Kingambit\n|-end|p2a: Kingambit|fallen5|[silent]\n|\n|win|whererender\n|raw|whererender's rating: 1108 &rarr; <strong>1138<\/strong><br \/>(+30 for winning)\n|raw|loldangman's rating: 1178 &rarr; <strong>1148<\/strong><br \/>(-30 for losing)\n","uploadtime":1698781041,"views":12,"p1id":"whererender","p2id":"loldangman","formatid":"gen9anythinggoes","rating":1138,"private":0,"password":""}