{"id":"gen9anythinggoes-1997341030","p1":"isamu.azuki","p2":"Hawkman100","format":"[Gen 9] Anything Goes","log":"|j|\u2606isamu.azuki\n|j|\u2606Hawkman100\n|t:|1700791611\n|gametype|singles\n|player|p1|isamu.azuki|red-masters|1379\n|player|p2|Hawkman100|1|1359\n|teamsize|p1|6\n|teamsize|p2|6\n|gen|9\n|tier|[Gen 9] Anything Goes\n|rated|\n|rule|HP Percentage Mod: HP is shown in percentages\n|rule|Endless Battle Clause: Forcing endless battles is banned\n|clearpoke\n|poke|p1|Zacian-*|\n|poke|p1|Kingambit, M|\n|poke|p1|Kommo-o, M|\n|poke|p1|Ogerpon-Hearthflame, F|\n|poke|p1|Ursaluna-Bloodmoon, M|\n|poke|p1|Iron Bundle|\n|poke|p2|Iron Bundle|\n|poke|p2|Corviknight, F|\n|poke|p2|Clodsire, M|\n|poke|p2|Calyrex-Shadow|\n|poke|p2|Arceus|\n|poke|p2|Eternatus|\n|teampreview\n|inactive|Battle timer is ON: inactive players will automatically lose when time's up. (requested by isamu.azuki)\n|\n|t:|1700791621\n|start\n|switch|p1a: Komodo|Kommo-o, M|100\/100\n|switch|p2a: Iron Bundle|Iron Bundle|100\/100\n|-enditem|p2a: Iron Bundle|Booster Energy\n|-activate|p2a: Iron Bundle|ability: Quark Drive|[fromitem]\n|-start|p2a: Iron Bundle|quarkdrivespe\n|turn|1\n|\n|t:|1700791633\n|-terastallize|p2a: Iron Bundle|Fairy\n|move|p2a: Iron Bundle|Ice Beam|p1a: Komodo\n|-supereffective|p1a: Komodo\n|-damage|p1a: Komodo|0 fnt\n|faint|p1a: Komodo\n|\n|upkeep\n|\n|t:|1700791641\n|switch|p1a: Doge|Zacian-Crowned|100\/100\n|-ability|p1a: Doge|Intrepid Sword|boost\n|-boost|p1a: Doge|atk|1\n|turn|2\n|\n|t:|1700791645\n|move|p2a: Iron Bundle|Hydro Pump|p1a: Doge\n|-damage|p1a: Doge|48\/100\n|move|p1a: Doge|Behemoth Blade|p2a: Iron Bundle\n|-supereffective|p2a: Iron Bundle\n|-damage|p2a: Iron Bundle|0 fnt\n|faint|p2a: Iron Bundle\n|-end|p2a: Iron Bundle|Quark Drive|[silent]\n|\n|upkeep\n|\n|t:|1700791652\n|switch|p2a: Eternatus|Eternatus|100\/100\n|-ability|p2a: Eternatus|Pressure\n|turn|3\n|\n|t:|1700791657\n|move|p1a: Doge|Play Rough|p2a: Eternatus\n|-damage|p2a: Eternatus|40\/100\n|move|p2a: Eternatus|Fire Spin|p1a: Doge\n|-supereffective|p1a: Doge\n|-damage|p1a: Doge|25\/100\n|-activate|p1a: Doge|move: Fire Spin|[of] p2a: Eternatus\n|\n|-heal|p2a: Eternatus|46\/100|[from] item: Leftovers\n|-damage|p1a: Doge|12\/100|[from] move: Fire Spin|[partiallytrapped]\n|upkeep\n|turn|4\n|\n|t:|1700791669\n|move|p1a: Doge|Play Rough|p2a: Eternatus\n|-damage|p2a: Eternatus|0 fnt\n|faint|p2a: Eternatus\n|\n|-end|p1a: Doge|Fire Spin|[partiallytrapped]|[silent]\n|upkeep\n|\n|t:|1700791674\n|switch|p2a: Clodsire|Clodsire, M|100\/100\n|turn|5\n|\n|t:|1700791680\n|move|p1a: Doge|Behemoth Blade|p2a: Clodsire\n|-damage|p2a: Clodsire|5\/100\n|move|p2a: Clodsire|Earthquake|p1a: Doge\n|-supereffective|p1a: Doge\n|-damage|p1a: Doge|0 fnt\n|faint|p1a: Doge\n|\n|-heal|p2a: Clodsire|12\/100|[from] item: Black Sludge\n|upkeep\n|\n|t:|1700791686\n|switch|p1a: Pengu|Iron Bundle|100\/100\n|turn|6\n|\n|t:|1700791694\n|move|p1a: Pengu|Hydro Pump|p2a: Clodsire\n|-heal|p2a: Clodsire|37\/100|[from] ability: Water Absorb|[of] p1a: Pengu\n|move|p2a: Clodsire|Yawn|p1a: Pengu\n|-start|p1a: Pengu|move: Yawn|[of] p2a: Clodsire\n|\n|-heal|p2a: Clodsire|43\/100|[from] item: Black Sludge\n|upkeep\n|turn|7\n|\n|t:|1700791704\n|-end|p1a: Pengu|Quark Drive|[silent]\n|switch|p1a: Ponfee|Ogerpon-Hearthflame, F|100\/100\n|-ability|p1a: Ponfee|Mold Breaker\n|move|p2a: Clodsire|Toxic Spikes|p1a: Ponfee\n|-sidestart|p1: isamu.azuki|move: Toxic Spikes\n|\n|-heal|p2a: Clodsire|49\/100|[from] item: Black Sludge\n|upkeep\n|turn|8\n|\n|t:|1700791714\n|move|p1a: Ponfee|Horn Leech|p2a: Clodsire\n|-damage|p2a: Clodsire|0 fnt\n|faint|p2a: Clodsire\n|\n|upkeep\n|\n|t:|1700791731\n|switch|p2a: Arceus|Arceus|100\/100\n|turn|9\n|\n|t:|1700791738\n|move|p1a: Ponfee|Ivy Cudgel|p2a: Arceus|[anim] Ivy Cudgel Fire\n|-damage|p2a: Arceus|56\/100\n|move|p2a: Arceus|Calm Mind|p2a: Arceus\n|-boost|p2a: Arceus|spa|1\n|-boost|p2a: Arceus|spd|1\n|\n|-heal|p2a: Arceus|62\/100|[from] item: Leftovers\n|upkeep\n|turn|10\n|\n|t:|1700791745\n|move|p1a: Ponfee|Ivy Cudgel|p2a: Arceus|[anim] Ivy Cudgel Fire\n|-crit|p2a: Arceus\n|-damage|p2a: Arceus|0 fnt\n|faint|p2a: Arceus\n|\n|upkeep\n|\n|t:|1700791751\n|switch|p2a: Calyrex|Calyrex-Shadow|100\/100\n|-ability|p2a: Calyrex|As One\n|-ability|p2a: Calyrex|Unnerve\n|turn|11\n|\n|t:|1700791757\n|move|p2a: Calyrex|Astral Barrage|p1a: Ponfee\n|-damage|p1a: Ponfee|16\/100\n|move|p1a: Ponfee|Ivy Cudgel|p2a: Calyrex|[anim] Ivy Cudgel Fire\n|-damage|p2a: Calyrex|34\/100\n|\n|-heal|p2a: Calyrex|40\/100|[from] item: Leftovers\n|upkeep\n|turn|12\n|\n|t:|1700791771\n|switch|p1a: Orion|Ursaluna-Bloodmoon, M|100\/100\n|-status|p1a: Orion|psn\n|move|p2a: Calyrex|Psychic|p1a: Orion\n|-damage|p1a: Orion|36\/100 psn\n|\n|-heal|p2a: Calyrex|47\/100|[from] item: Leftovers\n|-heal|p1a: Orion|42\/100 psn|[from] item: Leftovers\n|-damage|p1a: Orion|30\/100 psn|[from] psn\n|upkeep\n|turn|13\n|\n|t:|1700791781\n|move|p2a: Calyrex|Grass Knot|p1a: Orion\n|-supereffective|p1a: Orion\n|-damage|p1a: Orion|0 fnt\n|faint|p1a: Orion\n|-ability|p2a: Calyrex|Grim Neigh|boost\n|-boost|p2a: Calyrex|spa|1\n|\n|-heal|p2a: Calyrex|53\/100|[from] item: Leftovers\n|upkeep\n|\n|t:|1700791786\n|switch|p1a: Pengu|Iron Bundle|100\/100\n|-status|p1a: Pengu|psn\n|turn|14\n|\n|t:|1700791791\n|move|p2a: Calyrex|Grass Knot|p1a: Pengu\n|-supereffective|p1a: Pengu\n|-damage|p1a: Pengu|3\/100 psn\n|move|p1a: Pengu|Hydro Pump|p2a: Calyrex\n|-damage|p2a: Calyrex|0 fnt\n|faint|p2a: Calyrex\n|\n|-damage|p1a: Pengu|0 fnt|[from] psn\n|faint|p1a: Pengu\n|-end|p1a: Pengu|Quark Drive|[silent]\n|upkeep\n|\n|t:|1700791801\n|switch|p2a: Corviknight|Corviknight, F|100\/100\n|switch|p1a: Ponfee|Ogerpon-Hearthflame, F|16\/100\n|-status|p1a: Ponfee|psn\n|-ability|p1a: Ponfee|Mold Breaker\n|-ability|p2a: Corviknight|Pressure\n|turn|15\n|\n|t:|1700791809\n|move|p1a: Ponfee|Ivy Cudgel|p2a: Corviknight|[anim] Ivy Cudgel Fire\n|-supereffective|p2a: Corviknight\n|-damage|p2a: Corviknight|4\/100\n|move|p2a: Corviknight|Brave Bird|p1a: Ponfee\n|-supereffective|p1a: Ponfee\n|-damage|p1a: Ponfee|0 fnt\n|faint|p1a: Ponfee\n|-damage|p2a: Corviknight|0 fnt|[from] Recoil\n|faint|p2a: Corviknight\n|\n|win|isamu.azuki\n|raw|isamu.azuki's rating: 1379 &rarr; <strong>1398<\/strong><br \/>(+19 for winning)\n|raw|Hawkman100's rating: 1359 &rarr; <strong>1340<\/strong><br \/>(-19 for losing)\n|l|\u2606isamu.azuki\n","uploadtime":1700791828,"views":0,"p1id":"isamuazuki","p2id":"hawkman100","formatid":"gen9anythinggoes","rating":1340,"private":0,"password":""}