{"id":"gen9anythinggoes-1995689520","p1":"Mask3D_DDD","p2":"RUMYMOME","format":"[Gen 9] Anything Goes","log":"|j|\u2606Mask3D_DDD\n|j|\u2606RUMYMOME\n|inactive|Battle timer is ON: inactive players will automatically lose when time's up.\n|t:|1700594179\n|gametype|singles\n|player|p1|Mask3D_DDD|ethan-masters|\n|player|p2|RUMYMOME|marshal|\n|teamsize|p1|6\n|teamsize|p2|6\n|gen|9\n|tier|[Gen 9] Anything Goes\n|rated|Tournament battle\n|rule|HP Percentage Mod: HP is shown in percentages\n|rule|Endless Battle Clause: Forcing endless battles is banned\n|rule|Species Clause: Limit one of each Pok\u00e9mon\n|rule|OHKO Clause: OHKO moves are banned\n|rule|Evasion Moves Clause: Evasion moves are banned\n|rule|Sleep Moves Clause: Sleep-inducing moves are banned\n|rule|Terastal Clause: You cannot Terastallize\n|rule|1 Ability Clause: Limit 1 of each ability\n|clearpoke\n|poke|p1|Hatterene, F|\n|poke|p1|Cinderace, F|\n|poke|p1|Weavile, M|\n|poke|p1|Scizor, M|\n|poke|p1|Roaring Moon|\n|poke|p1|Chandelure, M|\n|poke|p2|Breloom, M|\n|poke|p2|Gyarados, F|\n|poke|p2|Polteageist|\n|poke|p2|Kingambit, F|\n|poke|p2|Volcarona, F|\n|poke|p2|Regieleki|\n|teampreview\n|j|*Lady Monita \u2746\n|inactive|Mask3D_DDD also wants the timer to be on.\n|c|\u2606Mask3D_DDD|this thing isn't done btw\n|c|\u2606Mask3D_DDD|glhf\n|inactive|RUMYMOME has 120 seconds left.\n|c|\u2606RUMYMOME|U2\n|inactive|RUMYMOME has 90 seconds left.\n|\n|t:|1700594242\n|start\n|switch|p1a: Chandelure|Chandelure, M|100\/100\n|switch|p2a: Kingambit|Kingambit, F|100\/100\n|turn|1\n|\n|t:|1700594251\n|move|p1a: Chandelure|Flamethrower|p2a: Kingambit\n|-ability|p2a: Kingambit|Well-Baked Body|boost\n|-boost|p2a: Kingambit|def|2\n|move|p2a: Kingambit|Swords Dance|p2a: Kingambit\n|-boost|p2a: Kingambit|atk|2\n|\n|upkeep\n|turn|2\n|\n|t:|1700594255\n|switch|p1a: Weavile|Weavile, M|100\/100\n|move|p2a: Kingambit|Sucker Punch||[still]\n|-fail|p2a: Kingambit\n|\n|upkeep\n|turn|3\n|\n|t:|1700594258\n|move|p1a: Weavile|Reversal|p2a: Kingambit\n|-supereffective|p2a: Kingambit\n|-damage|p2a: Kingambit|89\/100\n|move|p2a: Kingambit|Low Sweep|p1a: Weavile\n|-supereffective|p1a: Weavile\n|-ability|p1a: Weavile|Sturdy\n|-damage|p1a: Weavile|1\/100\n|-unboost|p1a: Weavile|spe|1\n|-enditem|p1a: Weavile|Weakness Policy\n|-boost|p1a: Weavile|atk|2|[from] item: Weakness Policy\n|-boost|p1a: Weavile|spa|2|[from] item: Weakness Policy\n|\n|upkeep\n|turn|4\n|\n|t:|1700594262\n|move|p2a: Kingambit|Sucker Punch|p1a: Weavile\n|-resisted|p1a: Weavile\n|-damage|p1a: Weavile|0 fnt\n|faint|p1a: Weavile\n|\n|upkeep\n|\n|t:|1700594264\n|switch|p1a: Roaring Moon|Roaring Moon|100\/100\n|turn|5\n|\n|t:|1700594268\n|move|p1a: Roaring Moon|Outrage|p2a: Kingambit\n|-resisted|p2a: Kingambit\n|-damage|p2a: Kingambit|71\/100\n|move|p2a: Kingambit|Low Sweep|p1a: Roaring Moon\n|-supereffective|p1a: Roaring Moon\n|-damage|p1a: Roaring Moon|0 fnt\n|faint|p1a: Roaring Moon\n|\n|upkeep\n|\n|t:|1700594272\n|switch|p1a: Scizor|Scizor, M|100\/100\n|turn|6\n|\n|t:|1700594275\n|move|p1a: Scizor|Close Combat|p2a: Kingambit\n|-supereffective|p2a: Kingambit\n|-damage|p2a: Kingambit|0 fnt\n|-unboost|p1a: Scizor|def|1\n|-unboost|p1a: Scizor|spd|1\n|faint|p2a: Kingambit\n|\n|upkeep\n|\n|t:|1700594282\n|switch|p2a: Breloom|Breloom, M|100\/100\n|turn|7\n|\n|t:|1700594285\n|move|p1a: Scizor|Lunge|p2a: Breloom\n|-damage|p2a: Breloom|42\/100\n|-unboost|p2a: Breloom|atk|1\n|move|p2a: Breloom|Swords Dance|p2a: Breloom\n|-boost|p2a: Breloom|atk|2\n|\n|upkeep\n|turn|8\n|\n|t:|1700594289\n|move|p2a: Breloom|Drain Punch|p1a: Scizor\n|-damage|p1a: Scizor|0 fnt\n|-heal|p2a: Breloom|99\/100|[from] drain|[of] p1a: Scizor\n|faint|p1a: Scizor\n|\n|upkeep\n|c|\u2606Mask3D_DDD|did they just speedtie...\n|\n|t:|1700594305\n|switch|p1a: Hatterene|Hatterene, F|100\/100\n|turn|9\n|\n|t:|1700594334\n|move|p2a: Breloom|Horn Leech|p1a: Hatterene\n|-crit|p1a: Hatterene\n|-damage|p1a: Hatterene|0 fnt\n|-heal|p2a: Breloom|100\/100|[from] drain|[of] p1a: Hatterene\n|faint|p1a: Hatterene\n|\n|upkeep\n|\n|t:|1700594337\n|switch|p1a: Chandelure|Chandelure, M|100\/100\n|turn|10\n|\n|t:|1700594351\n|move|p1a: Chandelure|Shadow Ball|p2a: Breloom\n|-damage|p2a: Breloom|15\/100\n|move|p2a: Breloom|Swords Dance|p2a: Breloom\n|-boost|p2a: Breloom|atk|2\n|\n|upkeep\n|turn|11\n|\n|t:|1700594380\n|move|p2a: Breloom|Horn Leech|p1a: Chandelure\n|-resisted|p1a: Chandelure\n|-damage|p1a: Chandelure|22\/100\n|-heal|p2a: Breloom|55\/100|[from] drain|[of] p1a: Chandelure\n|move|p1a: Chandelure|Shadow Ball|p2a: Breloom\n|-damage|p2a: Breloom|0 fnt\n|faint|p2a: Breloom\n|-ability|p1a: Chandelure|Chilling Neigh|boost\n|-boost|p1a: Chandelure|atk|1\n|\n|upkeep\n|\n|t:|1700594388\n|switch|p2a: Regieleki|Regieleki|100\/100\n|turn|12\n|c|\u2606Mask3D_DDD|How do you do that...\n|c|\u2606Mask3D_DDD|Ooh. Traige\n|\n|t:|1700594395\n|move|p2a: Regieleki|Volt Switch|p1a: Chandelure\n|-damage|p1a: Chandelure|0 fnt\n|faint|p1a: Chandelure\n|\n|t:|1700594398\n|switch|p2a: Gyarados|Gyarados, F|100\/100|[from] Volt Switch\n|\n|upkeep\n|\n|t:|1700594412\n|switch|p1a: Cinderace|Cinderace, F|100\/100\n|turn|13\n|\n|t:|1700594417\n|move|p1a: Cinderace|Sand Attack|p2a: Gyarados\n|-unboost|p2a: Gyarados|accuracy|1\n|move|p2a: Gyarados|Surging Strikes|p1a: Cinderace\n|-supereffective|p1a: Cinderace\n|-crit|p1a: Cinderace\n|-damage|p1a: Cinderace|54\/100\n|-supereffective|p1a: Cinderace\n|-crit|p1a: Cinderace\n|-damage|p1a: Cinderace|9\/100\n|-supereffective|p1a: Cinderace\n|-crit|p1a: Cinderace\n|-damage|p1a: Cinderace|0 fnt\n|faint|p1a: Cinderace\n|-hitcount|p1: Cinderace|3\n|\n|win|RUMYMOME\n|n|\u2606Mask3D_DDD|mask3dddd\n|n|\u2606RUMYMOME|rumymome\n|n|*Lady Monita \u2746|ladymonita\n","uploadtime":1700594418,"views":0,"p1id":"mask3dddd","p2id":"rumymome","formatid":"gen9anythinggoes","rating":0,"private":0,"password":""}