{"id":"gen9anythinggoes-1989168650","p1":"Lickilicky7","p2":"Frosty458","format":"[Gen 9] Anything Goes","log":"|j|\u2606Lickilicky7\n|j|\u2606Frosty458\n|t:|1699819475\n|gametype|singles\n|player|p1|Lickilicky7|guitarist|\n|player|p2|Frosty458|1|\n|teamsize|p1|6\n|teamsize|p2|6\n|gen|9\n|tier|[Gen 9] Anything Goes\n|rule|HP Percentage Mod: HP is shown in percentages\n|rule|Endless Battle Clause: Forcing endless battles is banned\n|clearpoke\n|poke|p1|Garganacl, F|\n|poke|p1|Spectrier|\n|poke|p1|Sneasler, M|\n|poke|p1|Cloyster, M|\n|poke|p1|Indeedee-F, F|\n|poke|p1|Donphan, M|\n|poke|p2|Krookodile, M|\n|poke|p2|Dusclops, F|\n|poke|p2|Moltres-Galar|\n|poke|p2|Lycanroc, M|\n|poke|p2|Cinderace, F|\n|poke|p2|Clefable, M|\n|teampreview\n|c|\u2606Frosty458|hello!\n|c|\u2606Lickilicky7|hi\n|\n|t:|1699819494\n|start\n|switch|p1a: NDD|Indeedee-F, F|100\/100\n|switch|p2a: Lycanroc|Lycanroc, M|100\/100\n|-fieldstart|move: Psychic Terrain|[from] ability: Psychic Surge|[of] p1a: NDD\n|turn|1\n|c|\u2606Frosty458|gl and have fun!!\n|c|\u2606Lickilicky7|u2\n|\n|t:|1699819546\n|move|p2a: Lycanroc|Crunch|p1a: NDD\n|-supereffective|p1a: NDD\n|-damage|p1a: NDD|31\/100\n|move|p1a: NDD|Baton Pass|p1a: NDD\n|\n|t:|1699819550\n|switch|p1a: Greater Tusk|Donphan, M|100\/100|[from] Baton Pass\n|\n|upkeep\n|turn|2\n|\n|t:|1699819555\n|switch|p2a: Moltres|Moltres-Galar|100\/100\n|move|p1a: Greater Tusk|Knock Off|p2a: Moltres\n|-resisted|p2a: Moltres\n|-damage|p2a: Moltres|85\/100\n|-enditem|p2a: Moltres|Lum Berry|[from] move: Knock Off|[of] p1a: Greater Tusk\n|\n|upkeep\n|turn|3\n|\n|t:|1699819568\n|switch|p1a: Greg|Garganacl, F|100\/100\n|move|p2a: Moltres|Nasty Plot|p2a: Moltres\n|-boost|p2a: Moltres|spa|2\n|\n|upkeep\n|turn|4\n|\n|t:|1699819574\n|move|p2a: Moltres|Fiery Wrath|p1a: Greg\n|-damage|p1a: Greg|34\/100\n|move|p1a: Greg|Salt Cure|p2a: Moltres\n|-supereffective|p2a: Moltres\n|-damage|p2a: Moltres|60\/100\n|-start|p2a: Moltres|Salt Cure\n|\n|-heal|p1a: Greg|40\/100|[from] item: Leftovers\n|-damage|p2a: Moltres|48\/100|[from] Salt Cure\n|upkeep\n|turn|5\n|\n|t:|1699819603\n|switch|p1a: Greater Tusk|Donphan, M|100\/100\n|move|p2a: Moltres|Fiery Wrath|p1a: Greater Tusk\n|-ability|p1a: Greater Tusk|Sturdy\n|-damage|p1a: Greater Tusk|1\/100\n|\n|-damage|p2a: Moltres|35\/100|[from] Salt Cure\n|upkeep\n|turn|6\n|\n|t:|1699819614\n|move|p2a: Moltres|Fiery Wrath|p1a: Greater Tusk\n|-damage|p1a: Greater Tusk|0 fnt\n|faint|p1a: Greater Tusk\n|\n|-damage|p2a: Moltres|23\/100|[from] Salt Cure\n|upkeep\n|\n|t:|1699819620\n|switch|p1a: Killer Queen|Cloyster, M|100\/100\n|turn|7\n|\n|t:|1699819630\n|switch|p2a: Clefable|Clefable, M|100\/100\n|move|p1a: Killer Queen|Shell Smash|p1a: Killer Queen\n|-unboost|p1a: Killer Queen|def|1\n|-unboost|p1a: Killer Queen|spd|1\n|-boost|p1a: Killer Queen|atk|2\n|-boost|p1a: Killer Queen|spa|2\n|-boost|p1a: Killer Queen|spe|2\n|\n|upkeep\n|turn|8\n|\n|t:|1699819644\n|move|p1a: Killer Queen|Icicle Spear|p2a: Clefable\n|-damage|p2a: Clefable|88\/100\n|-damage|p2a: Clefable|76\/100\n|-damage|p2a: Clefable|62\/100\n|-damage|p2a: Clefable|49\/100\n|-damage|p2a: Clefable|36\/100\n|-hitcount|p2a: Clefable|5\n|move|p2a: Clefable|Moonblast|p1a: Killer Queen\n|-enditem|p1a: Killer Queen|Focus Sash\n|-damage|p1a: Killer Queen|1\/100\n|\n|-heal|p2a: Clefable|42\/100|[from] item: Leftovers\n|-fieldend|move: Psychic Terrain\n|upkeep\n|turn|9\n|\n|t:|1699819658\n|move|p1a: Killer Queen|Icicle Spear|p2a: Clefable\n|-damage|p2a: Clefable|28\/100\n|-damage|p2a: Clefable|14\/100\n|-damage|p2a: Clefable|0 fnt\n|faint|p2a: Clefable\n|-hitcount|p2: Clefable|3\n|\n|upkeep\n|\n|t:|1699819664\n|switch|p2a: Cinderace|Cinderace, F|100\/100\n|turn|10\n|\n|t:|1699819700\n|switch|p1a: NDD|Indeedee-F, F|31\/100\n|-fieldstart|move: Psychic Terrain|[from] ability: Psychic Surge|[of] p1a: NDD\n|move|p2a: Cinderace|Sucker Punch||[still]\n|-fail|p2a: Cinderace\n|\n|upkeep\n|turn|11\n|\n|t:|1699819721\n|switch|p1a: L\u00f6ded Diper|Spectrier|100\/100\n|move|p2a: Cinderace|Swords Dance|p2a: Cinderace\n|-start|p2a: Cinderace|typechange|Normal|[from] ability: Libero\n|-boost|p2a: Cinderace|atk|2\n|\n|upkeep\n|turn|12\n|\n|t:|1699819730\n|move|p1a: L\u00f6ded Diper|Psychic|p2a: Cinderace\n|-damage|p2a: Cinderace|22\/100\n|-damage|p1a: L\u00f6ded Diper|91\/100|[from] item: Life Orb\n|move|p2a: Cinderace|Pyro Ball|p1a: L\u00f6ded Diper|[miss]\n|-miss|p2a: Cinderace|p1a: L\u00f6ded Diper\n|\n|upkeep\n|turn|13\n|\n|t:|1699819747\n|switch|p2a: Moltres|Moltres-Galar|23\/100\n|move|p1a: L\u00f6ded Diper|Draining Kiss|p2a: Moltres\n|-supereffective|p2a: Moltres\n|-damage|p2a: Moltres|0 fnt\n|-heal|p1a: L\u00f6ded Diper|100\/100|[from] drain|[of] p2a: Moltres\n|faint|p2a: Moltres\n|-ability|p1a: L\u00f6ded Diper|Grim Neigh|boost\n|-boost|p1a: L\u00f6ded Diper|spa|1\n|-damage|p1a: L\u00f6ded Diper|91\/100|[from] item: Life Orb\n|\n|upkeep\n|\n|t:|1699819762\n|switch|p2a: Lycanroc|Lycanroc, M|100\/100\n|turn|14\n|\n|t:|1699819771\n|move|p2a: Lycanroc|Crunch|p1a: L\u00f6ded Diper\n|-supereffective|p1a: L\u00f6ded Diper\n|-damage|p1a: L\u00f6ded Diper|10\/100\n|move|p1a: L\u00f6ded Diper|Shadow Ball|p2a: Lycanroc\n|-damage|p2a: Lycanroc|0 fnt\n|faint|p2a: Lycanroc\n|-ability|p1a: L\u00f6ded Diper|Grim Neigh|boost\n|-boost|p1a: L\u00f6ded Diper|spa|1\n|-damage|p1a: L\u00f6ded Diper|0 fnt|[from] item: Life Orb\n|faint|p1a: L\u00f6ded Diper\n|\n|upkeep\n|\n|t:|1699819796\n|switch|p1a: Don't Stop Meow|Sneasler, M|100\/100\n|switch|p2a: Dusclops|Dusclops, F|100\/100\n|-enditem|p1a: Don't Stop Meow|Psychic Seed\n|-boost|p1a: Don't Stop Meow|spd|1|[from] item: Psychic Seed\n|turn|15\n|\n|t:|1699819811\n|switch|p1a: Greg|Garganacl, F|40\/100\n|move|p2a: Dusclops|Will-O-Wisp|p1a: Greg\n|-immune|p1a: Greg|[from] ability: Purifying Salt\n|\n|-heal|p1a: Greg|46\/100|[from] item: Leftovers\n|upkeep\n|turn|16\n|\n|t:|1699819819\n|move|p1a: Greg|Salt Cure|p2a: Dusclops\n|-damage|p2a: Dusclops|91\/100\n|-start|p2a: Dusclops|Salt Cure\n|move|p2a: Dusclops|Skill Swap|p1a: Greg\n|-activate|p2a: Dusclops|move: Skill Swap|Purifying Salt|Frisk|[of] p1a: Greg\n|-item|p2a: Dusclops|Eviolite|[from] ability: Frisk|[of] p1a: Greg|[identify]\n|\n|-heal|p1a: Greg|52\/100|[from] item: Leftovers\n|-damage|p2a: Dusclops|79\/100|[from] Salt Cure\n|upkeep\n|turn|17\n|\n|t:|1699819900\n|move|p1a: Greg|Curse|p1a: Greg\n|-unboost|p1a: Greg|spe|1\n|-boost|p1a: Greg|atk|1\n|-boost|p1a: Greg|def|1\n|move|p2a: Dusclops|Will-O-Wisp|p1a: Greg\n|-status|p1a: Greg|brn\n|\n|-heal|p1a: Greg|59\/100 brn|[from] item: Leftovers\n|-damage|p1a: Greg|52\/100 brn|[from] brn\n|-damage|p2a: Dusclops|66\/100|[from] Salt Cure\n|-fieldend|move: Psychic Terrain\n|upkeep\n|turn|18\n|\n|t:|1699819911\n|switch|p2a: Krookodile|Krookodile, M|100\/100\n|-ability|p2a: Krookodile|Intimidate|boost\n|-unboost|p1a: Greg|atk|1\n|move|p1a: Greg|Recover|p1a: Greg\n|-heal|p1a: Greg|100\/100 brn\n|\n|-damage|p1a: Greg|94\/100 brn|[from] brn\n|upkeep\n|turn|19\n|\n|t:|1699819920\n|switch|p1a: NDD|Indeedee-F, F|31\/100\n|-fieldstart|move: Psychic Terrain|[from] ability: Psychic Surge|[of] p1a: NDD\n|move|p2a: Krookodile|Earthquake|p1a: NDD\n|-damage|p1a: NDD|0 fnt\n|faint|p1a: NDD\n|\n|upkeep\n|\n|t:|1699819948\n|switch|p1a: Don't Stop Meow|Sneasler, M|100\/100\n|turn|20\n|\n|t:|1699819952\n|switch|p2a: Dusclops|Dusclops, F|66\/100\n|move|p1a: Don't Stop Meow|Close Combat|p2a: Dusclops\n|-immune|p2a: Dusclops\n|\n|upkeep\n|turn|21\n|\n|t:|1699819959\n|move|p1a: Don't Stop Meow|Swords Dance|p1a: Don't Stop Meow\n|-boost|p1a: Don't Stop Meow|atk|2\n|move|p2a: Dusclops|Will-O-Wisp|p1a: Don't Stop Meow\n|-status|p1a: Don't Stop Meow|brn\n|\n|-damage|p1a: Don't Stop Meow|95\/100 brn|[from] brn\n|upkeep\n|turn|22\n|\n|t:|1699819968\n|move|p1a: Don't Stop Meow|Night Slash|p2a: Dusclops\n|-supereffective|p2a: Dusclops\n|-damage|p2a: Dusclops|34\/100\n|move|p2a: Dusclops|Pain Split|p1a: Don't Stop Meow\n|-sethp|p1a: Don't Stop Meow|63\/100 brn|[from] move: Pain Split|[silent]\n|-sethp|p2a: Dusclops|67\/100|[from] move: Pain Split\n|\n|-damage|p1a: Don't Stop Meow|57\/100 brn|[from] brn\n|upkeep\n|turn|23\n|\n|t:|1699819990\n|switch|p1a: Killer Queen|Cloyster, M|1\/100\n|move|p2a: Dusclops|Pain Split|p1a: Killer Queen\n|-sethp|p1a: Killer Queen|40\/100|[from] move: Pain Split|[silent]\n|-sethp|p2a: Dusclops|34\/100|[from] move: Pain Split\n|\n|upkeep\n|turn|24\n|\n|t:|1699820005\n|move|p1a: Killer Queen|Icicle Spear|p2a: Dusclops\n|-damage|p2a: Dusclops|26\/100\n|-damage|p2a: Dusclops|19\/100\n|-damage|p2a: Dusclops|11\/100\n|-damage|p2a: Dusclops|4\/100\n|-damage|p2a: Dusclops|0 fnt\n|faint|p2a: Dusclops\n|-hitcount|p2: Dusclops|5\n|\n|upkeep\n|\n|t:|1699820014\n|switch|p2a: Cinderace|Cinderace, F|22\/100\n|turn|25\n|\n|t:|1699820035\n|move|p2a: Cinderace|Iron Head|p1a: Killer Queen\n|-start|p2a: Cinderace|typechange|Steel|[from] ability: Libero\n|-damage|p1a: Killer Queen|7\/100\n|move|p1a: Killer Queen|Liquidation|p2a: Cinderace\n|-damage|p2a: Cinderace|0 fnt\n|faint|p2a: Cinderace\n|\n|upkeep\n|\n|t:|1699820042\n|switch|p2a: Krookodile|Krookodile, M|100\/100\n|-ability|p2a: Krookodile|Intimidate|boost\n|-unboost|p1a: Killer Queen|atk|1\n|turn|26\n|\n|t:|1699820051\n|move|p2a: Krookodile|Earthquake|p1a: Killer Queen\n|-damage|p1a: Killer Queen|0 fnt\n|faint|p1a: Killer Queen\n|\n|-fieldend|move: Psychic Terrain\n|upkeep\n|\n|t:|1699820058\n|switch|p1a: Greg|Garganacl, F|94\/100 brn\n|turn|27\n|\n|t:|1699820065\n|-terastallize|p1a: Greg|Fairy\n|move|p2a: Krookodile|Earthquake|p1a: Greg\n|-damage|p1a: Greg|63\/100 brn\n|move|p1a: Greg|Salt Cure|p2a: Krookodile\n|-resisted|p2a: Krookodile\n|-damage|p2a: Krookodile|96\/100\n|-start|p2a: Krookodile|Salt Cure\n|\n|-heal|p1a: Greg|70\/100 brn|[from] item: Leftovers\n|-damage|p1a: Greg|63\/100 brn|[from] brn\n|-damage|p2a: Krookodile|84\/100|[from] Salt Cure\n|upkeep\n|turn|28\n|\n|t:|1699820079\n|move|p2a: Krookodile|Knock Off|p1a: Greg\n|-resisted|p1a: Greg\n|-damage|p1a: Greg|50\/100 brn\n|-enditem|p1a: Greg|Leftovers|[from] move: Knock Off|[of] p2a: Krookodile\n|move|p1a: Greg|Recover|p1a: Greg\n|-heal|p1a: Greg|99\/100 brn\n|\n|-damage|p1a: Greg|94\/100 brn|[from] brn\n|-damage|p2a: Krookodile|71\/100|[from] Salt Cure\n|upkeep\n|turn|29\n|\n|t:|1699820089\n|move|p2a: Krookodile|Earthquake|p1a: Greg\n|-damage|p1a: Greg|65\/100 brn\n|move|p1a: Greg|Curse|p1a: Greg\n|-unboost|p1a: Greg|spe|1\n|-boost|p1a: Greg|atk|1\n|-boost|p1a: Greg|def|1\n|\n|-damage|p1a: Greg|58\/100 brn|[from] brn\n|-damage|p2a: Krookodile|59\/100|[from] Salt Cure\n|upkeep\n|turn|30\n|\n|t:|1699820098\n|move|p2a: Krookodile|Earthquake|p1a: Greg\n|-damage|p1a: Greg|37\/100 brn\n|move|p1a: Greg|Recover|p1a: Greg\n|-heal|p1a: Greg|87\/100 brn\n|\n|-damage|p1a: Greg|81\/100 brn|[from] brn\n|-damage|p2a: Krookodile|47\/100|[from] Salt Cure\n|upkeep\n|turn|31\n|\n|t:|1699820117\n|move|p2a: Krookodile|Earthquake|p1a: Greg\n|-damage|p1a: Greg|61\/100 brn\n|move|p1a: Greg|Curse|p1a: Greg\n|-unboost|p1a: Greg|spe|1\n|-boost|p1a: Greg|atk|1\n|-boost|p1a: Greg|def|1\n|\n|-damage|p1a: Greg|55\/100 brn|[from] brn\n|-damage|p2a: Krookodile|34\/100|[from] Salt Cure\n|upkeep\n|turn|32\n|\n|t:|1699820126\n|move|p2a: Krookodile|Earthquake|p1a: Greg\n|-damage|p1a: Greg|40\/100 brn\n|move|p1a: Greg|Recover|p1a: Greg\n|-heal|p1a: Greg|90\/100 brn\n|\n|-damage|p1a: Greg|84\/100 brn|[from] brn\n|-damage|p2a: Krookodile|22\/100|[from] Salt Cure\n|upkeep\n|turn|33\n|\n|t:|1699820134\n|move|p2a: Krookodile|Earthquake|p1a: Greg\n|-damage|p1a: Greg|68\/100 brn\n|move|p1a: Greg|Earthquake|p2a: Krookodile\n|-damage|p2a: Krookodile|0 fnt\n|faint|p2a: Krookodile\n|\n|win|Lickilicky7\n|c|\u2606Frosty458|gg\n|c|\u2606Lickilicky7|gg\n|l|\u2606Frosty458\n","uploadtime":1699820149,"views":38,"p1id":"lickilicky7","p2id":"frosty458","formatid":"gen9anythinggoes","rating":0,"private":0,"password":""}