{"id":"gen9anythinggoes-1977207668","p1":"5th Acct To 1700","p2":"AGisgood\u82cd\u54cd\u4fa0","format":"[Gen 9] Anything Goes","log":"|j|\u26065th Acct To 1700\n|j|\u2606AGisgood\u82cd\u54cd\u4fa0\n|t:|1698386670\n|gametype|singles\n|player|p1|5th Acct To 1700|clown|1657\n|player|p2|AGisgood\u82cd\u54cd\u4fa0|cynthia-gen4|1667\n|teamsize|p1|6\n|teamsize|p2|6\n|gen|9\n|tier|[Gen 9] Anything Goes\n|rated|\n|rule|HP Percentage Mod: HP is shown in percentages\n|rule|Endless Battle Clause: Forcing endless battles is banned\n|clearpoke\n|poke|p1|Koraidon|\n|poke|p1|Calyrex-Shadow|\n|poke|p1|Arceus|\n|poke|p1|Toxapex, M|\n|poke|p1|Ting-Lu|\n|poke|p1|Miraidon|\n|poke|p2|Calyrex-Shadow|\n|poke|p2|Koraidon|\n|poke|p2|Zacian-*|\n|poke|p2|Dondozo, M|\n|poke|p2|Mandibuzz, F|\n|poke|p2|Arceus-Ground|\n|teampreview\n|inactive|Battle timer is ON: inactive players will automatically lose when time's up. (requested by AGisgood\u82cd\u54cd\u4fa0)\n|\n|t:|1698386683\n|start\n|switch|p1a: Toxapex|Toxapex, M|100\/100\n|switch|p2a: Koraidon|Koraidon|100\/100\n|-weather|SunnyDay|[from] ability: Orichalcum Pulse|[of] p2a: Koraidon\n|-activate|p2a: Koraidon|Orichalcum Pulse|[source]\n|turn|1\n|\n|t:|1698386693\n|move|p2a: Koraidon|U-turn|p1a: Toxapex\n|-resisted|p1a: Toxapex\n|-damage|p1a: Toxapex|90\/100\n|-damage|p2a: Koraidon|84\/100|[from] item: Rocky Helmet|[of] p1a: Toxapex\n|\n|t:|1698386695\n|switch|p2a: Calyrex|Calyrex-Shadow|100\/100|[from] U-turn\n|-ability|p2a: Calyrex|As One\n|-ability|p2a: Calyrex|Unnerve\n|move|p1a: Toxapex|Toxic|p2a: Calyrex\n|-status|p2a: Calyrex|tox\n|\n|-weather|SunnyDay|[upkeep]\n|-damage|p2a: Calyrex|94\/100 tox|[from] psn\n|upkeep\n|turn|2\n|\n|t:|1698386700\n|move|p2a: Calyrex|Psyshock|p1a: Toxapex\n|-supereffective|p1a: Toxapex\n|-damage|p1a: Toxapex|28\/100\n|move|p1a: Toxapex|Haze|p1a: Toxapex\n|-clearallboost\n|\n|-weather|SunnyDay|[upkeep]\n|-damage|p2a: Calyrex|82\/100 tox|[from] psn\n|upkeep\n|turn|3\n|\n|t:|1698386703\n|move|p1a: Toxapex|Baneful Bunker|p1a: Toxapex\n|-singleturn|p1a: Toxapex|move: Protect\n|move|p2a: Calyrex|Psyshock|p1a: Toxapex\n|-activate|p1a: Toxapex|move: Protect\n|\n|-weather|SunnyDay|[upkeep]\n|-damage|p2a: Calyrex|64\/100 tox|[from] psn\n|upkeep\n|turn|4\n|\n|t:|1698386711\n|switch|p1a: Ting-Lu|Ting-Lu|100\/100\n|-ability|p1a: Ting-Lu|Vessel of Ruin\n|move|p2a: Calyrex|Psyshock|p1a: Ting-Lu\n|-immune|p1a: Ting-Lu\n|\n|-weather|SunnyDay|[upkeep]\n|-damage|p2a: Calyrex|39\/100 tox|[from] psn\n|upkeep\n|turn|5\n|\n|t:|1698386723\n|switch|p2a: Zacian|Zacian-Crowned|100\/100\n|-ability|p2a: Zacian|Intrepid Sword|boost\n|-boost|p2a: Zacian|atk|1\n|move|p1a: Ting-Lu|Stealth Rock|p2a: Zacian\n|-sidestart|p2: AGisgood\u82cd\u54cd\u4fa0|move: Stealth Rock\n|\n|-weather|none\n|upkeep\n|turn|6\n|\n|t:|1698386729\n|move|p2a: Zacian|Swords Dance|p2a: Zacian\n|-boost|p2a: Zacian|atk|2\n|move|p1a: Ting-Lu|Earthquake|p2a: Zacian\n|-supereffective|p2a: Zacian\n|-damage|p2a: Zacian|15\/100\n|\n|upkeep\n|turn|7\n|\n|t:|1698386731\n|switch|p1a: Toxapex|Toxapex, M|61\/100\n|move|p2a: Zacian|Play Rough|p1a: Toxapex|[miss]\n|-miss|p2a: Zacian|p1a: Toxapex\n|\n|upkeep\n|turn|8\n|\n|t:|1698386736\n|move|p2a: Zacian|Behemoth Blade|p1a: Toxapex\n|-resisted|p1a: Toxapex\n|-damage|p1a: Toxapex|20\/100\n|-damage|p2a: Zacian|0 fnt|[from] item: Rocky Helmet|[of] p1a: Toxapex\n|faint|p2a: Zacian\n|move|p1a: Toxapex|Recover|p1a: Toxapex\n|-heal|p1a: Toxapex|70\/100\n|\n|upkeep\n|\n|t:|1698386743\n|switch|p2a: Arceus|Arceus-Ground|100\/100\n|-damage|p2a: Arceus|94\/100|[from] Stealth Rock\n|turn|9\n|\n|t:|1698386757\n|move|p2a: Arceus|Substitute|p2a: Arceus\n|-start|p2a: Arceus|Substitute\n|-damage|p2a: Arceus|70\/100\n|move|p1a: Toxapex|Toxic||[still]\n|-fail|p1a: Toxapex\n|\n|upkeep\n|turn|10\n|\n|t:|1698386762\n|switch|p1a: Ting-Lu|Ting-Lu|100\/100\n|-ability|p1a: Ting-Lu|Vessel of Ruin\n|move|p2a: Arceus|Dragon Dance|p2a: Arceus\n|-boost|p2a: Arceus|atk|1\n|-boost|p2a: Arceus|spe|1\n|\n|upkeep\n|turn|11\n|\n|t:|1698386765\n|-terastallize|p2a: Arceus|Ground\n|move|p2a: Arceus|Earthquake|p1a: Ting-Lu\n|-damage|p1a: Ting-Lu|34\/100\n|move|p1a: Ting-Lu|Whirlwind|p2a: Arceus\n|drag|p2a: Mandibuzz|Mandibuzz, F|100\/100\n|\n|-heal|p1a: Ting-Lu|41\/100|[from] item: Leftovers\n|upkeep\n|turn|12\n|\n|t:|1698386774\n|move|p2a: Mandibuzz|Defog|p1a: Ting-Lu\n|-unboost|p1a: Ting-Lu|evasion|1\n|-sideend|p2: AGisgood\u82cd\u54cd\u4fa0|Stealth Rock|[from] move: Defog|[of] p2a: Mandibuzz\n|move|p1a: Ting-Lu|Taunt|p2a: Mandibuzz\n|-start|p2a: Mandibuzz|move: Taunt\n|\n|-heal|p1a: Ting-Lu|47\/100|[from] item: Leftovers\n|upkeep\n|turn|13\n|\n|t:|1698386780\n|move|p2a: Mandibuzz|Knock Off|p1a: Ting-Lu\n|-resisted|p1a: Ting-Lu\n|-crit|p1a: Ting-Lu\n|-damage|p1a: Ting-Lu|38\/100\n|-enditem|p1a: Ting-Lu|Leftovers|[from] move: Knock Off|[of] p2a: Mandibuzz\n|move|p1a: Ting-Lu|Stealth Rock|p2a: Mandibuzz\n|-sidestart|p2: AGisgood\u82cd\u54cd\u4fa0|move: Stealth Rock\n|\n|upkeep\n|turn|14\n|\n|t:|1698386787\n|switch|p2a: Koraidon|Koraidon|84\/100\n|-damage|p2a: Koraidon|78\/100|[from] Stealth Rock\n|-weather|SunnyDay|[from] ability: Orichalcum Pulse|[of] p2a: Koraidon\n|-activate|p2a: Koraidon|Orichalcum Pulse|[source]\n|switch|p1a: Madara Uchiha|Miraidon|100\/100\n|-fieldstart|move: Electric Terrain|[from] ability: Hadron Engine|[of] p1a: Madara Uchiha\n|\n|-weather|SunnyDay|[upkeep]\n|upkeep\n|turn|15\n|\n|t:|1698386794\n|switch|p1a: Toxapex|Toxapex, M|100\/100\n|move|p2a: Koraidon|Outrage|p1a: Toxapex\n|-damage|p1a: Toxapex|50\/100\n|-damage|p2a: Koraidon|61\/100|[from] item: Rocky Helmet|[of] p1a: Toxapex\n|\n|-weather|SunnyDay|[upkeep]\n|upkeep\n|turn|16\n|\n|t:|1698386803\n|move|p1a: Toxapex|Baneful Bunker|p1a: Toxapex\n|-singleturn|p1a: Toxapex|move: Protect\n|move|p2a: Koraidon|Outrage|p1a: Toxapex|[from]lockedmove\n|-activate|p1a: Toxapex|move: Protect\n|-status|p2a: Koraidon|psn\n|\n|-weather|SunnyDay|[upkeep]\n|-damage|p2a: Koraidon|49\/100 psn|[from] psn\n|upkeep\n|turn|17\n|\n|t:|1698386809\n|switch|p2a: Arceus|Arceus-Ground, tera:Ground|70\/100\n|-damage|p2a: Arceus|63\/100|[from] Stealth Rock\n|switch|p1a: Ting-Lu|Ting-Lu|38\/100\n|-ability|p1a: Ting-Lu|Vessel of Ruin\n|\n|-weather|SunnyDay|[upkeep]\n|upkeep\n|turn|18\n|\n|t:|1698386814\n|move|p2a: Arceus|Earthquake|p1a: Ting-Lu\n|-crit|p1a: Ting-Lu\n|-damage|p1a: Ting-Lu|0 fnt\n|faint|p1a: Ting-Lu\n|\n|-weather|none\n|-fieldend|move: Electric Terrain\n|upkeep\n|\n|t:|1698386823\n|switch|p1a: Madara Uchiha|Miraidon|100\/100\n|-fieldstart|move: Electric Terrain|[from] ability: Hadron Engine|[of] p1a: Madara Uchiha\n|turn|19\n|\n|t:|1698386828\n|switch|p2a: Mandibuzz|Mandibuzz, F|100\/100\n|move|p1a: Madara Uchiha|Draco Meteor|p2a: Mandibuzz\n|-damage|p2a: Mandibuzz|43\/100\n|-unboost|p1a: Madara Uchiha|spa|2\n|\n|upkeep\n|turn|20\n|\n|t:|1698386843\n|switch|p1a: Toxapex|Toxapex, M|83\/100\n|move|p2a: Mandibuzz|Roost|p2a: Mandibuzz\n|-heal|p2a: Mandibuzz|93\/100\n|-singleturn|p2a: Mandibuzz|move: Roost\n|\n|upkeep\n|turn|21\n|\n|t:|1698386849\n|move|p2a: Mandibuzz|Knock Off|p1a: Toxapex\n|-damage|p1a: Toxapex|68\/100\n|-damage|p2a: Mandibuzz|76\/100|[from] item: Rocky Helmet|[of] p1a: Toxapex\n|-enditem|p1a: Toxapex|Rocky Helmet|[from] move: Knock Off|[of] p2a: Mandibuzz\n|move|p1a: Toxapex|Toxic|p2a: Mandibuzz\n|-status|p2a: Mandibuzz|tox\n|\n|-damage|p2a: Mandibuzz|70\/100 tox|[from] psn\n|upkeep\n|turn|22\n|\n|t:|1698386855\n|move|p2a: Mandibuzz|Defog|p1a: Toxapex\n|-unboost|p1a: Toxapex|evasion|1\n|-sideend|p2: AGisgood\u82cd\u54cd\u4fa0|Stealth Rock|[from] move: Defog|[of] p2a: Mandibuzz\n|-fieldend|move: Electric Terrain\n|move|p1a: Toxapex|Recover|p1a: Toxapex\n|-heal|p1a: Toxapex|100\/100\n|\n|-damage|p2a: Mandibuzz|58\/100 tox|[from] psn\n|upkeep\n|turn|23\n|\n|t:|1698386863\n|switch|p2a: Arceus|Arceus-Ground, tera:Ground|63\/100\n|move|p1a: Toxapex|Toxic|p2a: Arceus\n|-status|p2a: Arceus|tox\n|\n|-damage|p2a: Arceus|57\/100 tox|[from] psn\n|upkeep\n|turn|24\n|\n|t:|1698386875\n|switch|p1a: Arceus|Arceus|100\/100\n|move|p2a: Arceus|Earthquake|p1a: Arceus\n|-damage|p1a: Arceus|44\/100\n|\n|-damage|p2a: Arceus|45\/100 tox|[from] psn\n|upkeep\n|turn|25\n|\n|t:|1698386882\n|move|p1a: Arceus|Extreme Speed|p2a: Arceus\n|-damage|p2a: Arceus|14\/100 tox\n|move|p2a: Arceus|Earthquake|p1a: Arceus\n|-damage|p1a: Arceus|0 fnt\n|faint|p1a: Arceus\n|\n|-damage|p2a: Arceus|0 fnt|[from] psn\n|faint|p2a: Arceus\n|upkeep\n|\n|t:|1698386894\n|switch|p2a: Calyrex|Calyrex-Shadow|39\/100 tox\n|switch|p1a: Madara Uchiha|Miraidon|100\/100\n|-ability|p2a: Calyrex|As One\n|-ability|p2a: Calyrex|Unnerve\n|-fieldstart|move: Electric Terrain|[from] ability: Hadron Engine|[of] p1a: Madara Uchiha\n|turn|26\n|\n|t:|1698386898\n|move|p1a: Madara Uchiha|Volt Switch|p2a: Calyrex\n|-damage|p2a: Calyrex|0 fnt\n|faint|p2a: Calyrex\n|\n|t:|1698386903\n|switch|p1a: Toxapex|Toxapex, M|100\/100|[from] Volt Switch\n|\n|upkeep\n|c|\u26065th Acct To 1700|Ouchie ouch\n|-message|AGisgood\u82cd\u54cd\u4fa0 forfeited.\n|\n|win|5th Acct To 1700\n|raw|5th Acct To 1700's rating: 1657 &rarr; <strong>1679<\/strong><br \/>(+22 for winning)\n|raw|AGisgood\u82cd\u54cd\u4fa0's rating: 1690 &rarr; <strong>1668<\/strong><br \/>(-22 for losing)\n|l|\u2606AGisgood\u82cd\u54cd\u4fa0\n|l|\u26065th Acct To 1700\n","uploadtime":1698386935,"views":6,"p1id":"5thacctto1700","p2id":"agisgood","formatid":"gen9anythinggoes","rating":1668,"private":0,"password":""}