{"id":"gen9anythinggoes-2000485977","p1":"justapotatop","p2":"TheToxicPokemoner","format":"[Gen 9] Anything Goes","log":"|j|\u2606justapotatop\n|j|\u2606TheToxicPokemoner\n|t:|1701198823\n|gametype|singles\n|player|p1|justapotatop|2|1127\n|player|p2|TheToxicPokemoner|101|1076\n|teamsize|p1|6\n|teamsize|p2|6\n|gen|9\n|tier|[Gen 9] Anything Goes\n|rated|\n|rule|HP Percentage Mod: HP is shown in percentages\n|rule|Endless Battle Clause: Forcing endless battles is banned\n|clearpoke\n|poke|p1|Mewtwo|\n|poke|p1|Oricorio, M|\n|poke|p1|Cloyster, F|\n|poke|p1|Victreebel, F|\n|poke|p1|Garganacl, M|\n|poke|p1|Pawmot, F|\n|poke|p2|Pelipper, F|\n|poke|p2|Chewtle, M|\n|poke|p2|Torterra, F|\n|poke|p2|Basculegion, M|\n|poke|p2|Grafaiai, M|\n|poke|p2|Houndoom, F|\n|teampreview\n|inactive|Battle timer is ON: inactive players will automatically lose when time's up. (requested by TheToxicPokemoner)\n|\n|t:|1701198847\n|start\n|switch|p1a: Oricorio|Oricorio, M|100\/100\n|switch|p2a: Grafaiai|Grafaiai, M|100\/100\n|turn|1\n|\n|t:|1701198857\n|move|p2a: Grafaiai|Toxic|p1a: Oricorio\n|-status|p1a: Oricorio|tox\n|move|p1a: Oricorio|Quiver Dance|p1a: Oricorio\n|-boost|p1a: Oricorio|spa|1\n|-boost|p1a: Oricorio|spd|1\n|-boost|p1a: Oricorio|spe|1\n|\n|-damage|p1a: Oricorio|94\/100 tox|[from] psn\n|upkeep\n|turn|2\n|c|\u2606justapotatop|wowwwwww\n|\n|t:|1701198866\n|move|p2a: Grafaiai|Encore|p1a: Oricorio\n|-start|p1a: Oricorio|Encore\n|move|p1a: Oricorio|Quiver Dance|p1a: Oricorio\n|-boost|p1a: Oricorio|spa|1\n|-boost|p1a: Oricorio|spd|1\n|-boost|p1a: Oricorio|spe|1\n|\n|-damage|p1a: Oricorio|82\/100 tox|[from] psn\n|upkeep\n|turn|3\n|c|\u2606TheToxicPokemoner|?\n|\n|t:|1701198872\n|move|p2a: Grafaiai|Substitute|p2a: Grafaiai\n|-start|p2a: Grafaiai|Substitute\n|-damage|p2a: Grafaiai|76\/100\n|move|p1a: Oricorio|Quiver Dance|p1a: Oricorio\n|-boost|p1a: Oricorio|spa|1\n|-boost|p1a: Oricorio|spd|1\n|-boost|p1a: Oricorio|spe|1\n|\n|-heal|p2a: Grafaiai|82\/100|[from] item: Leftovers\n|-damage|p1a: Oricorio|63\/100 tox|[from] psn\n|upkeep\n|turn|4\n|c|\u2606justapotatop|toxic\n|c|\u2606TheToxicPokemoner|yep\n|c|\u2606justapotatop|i hate that move\n|c|\u2606justapotatop|do\n|c|\u2606justapotatop|Type \/afd\n|\n|t:|1701198893\n|move|p2a: Grafaiai|Protect|p2a: Grafaiai\n|-singleturn|p2a: Grafaiai|Protect\n|move|p1a: Oricorio|Quiver Dance|p1a: Oricorio\n|-boost|p1a: Oricorio|spa|1\n|-boost|p1a: Oricorio|spd|1\n|-boost|p1a: Oricorio|spe|1\n|\n|-heal|p2a: Grafaiai|88\/100|[from] item: Leftovers\n|-damage|p1a: Oricorio|39\/100 tox|[from] psn\n|-end|p1a: Oricorio|Encore\n|upkeep\n|turn|5\n|c|\u2606TheToxicPokemoner|nah\n|\n|t:|1701198903\n|move|p2a: Grafaiai|Encore|p1a: Oricorio\n|-start|p1a: Oricorio|Encore\n|move|p1a: Oricorio|Quiver Dance|p1a: Oricorio\n|-boost|p1a: Oricorio|spa|1\n|-boost|p1a: Oricorio|spd|1\n|-boost|p1a: Oricorio|spe|1\n|\n|-heal|p2a: Grafaiai|94\/100|[from] item: Leftovers\n|-damage|p1a: Oricorio|8\/100 tox|[from] psn\n|upkeep\n|turn|6\n|c|\u2606TheToxicPokemoner|deal with it\n|c|\u2606justapotatop|nuh uh\n|\n|t:|1701198918\n|move|p2a: Grafaiai|Protect|p2a: Grafaiai\n|-singleturn|p2a: Grafaiai|Protect\n|move|p1a: Oricorio|Quiver Dance|p1a: Oricorio\n|-boost|p1a: Oricorio|spa|1\n|-boost|p1a: Oricorio|spd|1\n|-boost|p1a: Oricorio|spe|1\n|\n|-heal|p2a: Grafaiai|99\/100|[from] item: Leftovers\n|-damage|p1a: Oricorio|0 fnt|[from] psn\n|faint|p1a: Oricorio\n|upkeep\n|\n|t:|1701198928\n|switch|p1a: Cloyster|Cloyster, F|100\/100\n|turn|7\n|\n|t:|1701198933\n|move|p2a: Grafaiai|Toxic|p1a: Cloyster\n|-status|p1a: Cloyster|tox\n|move|p1a: Cloyster|Icicle Spear|p2a: Grafaiai\n|-activate|p2a: Grafaiai|move: Substitute|[damage]\n|-end|p2a: Grafaiai|Substitute\n|-damage|p2a: Grafaiai|83\/100\n|-damage|p2a: Grafaiai|68\/100\n|-damage|p2a: Grafaiai|54\/100\n|-hitcount|p2a: Grafaiai|5\n|\n|-heal|p2a: Grafaiai|60\/100|[from] item: Leftovers\n|-damage|p1a: Cloyster|94\/100 tox|[from] psn\n|upkeep\n|turn|8\n|\n|t:|1701198945\n|move|p2a: Grafaiai|Protect|p2a: Grafaiai\n|-singleturn|p2a: Grafaiai|Protect\n|move|p1a: Cloyster|Icicle Spear|p2a: Grafaiai\n|-activate|p2a: Grafaiai|move: Protect\n|\n|-heal|p2a: Grafaiai|66\/100|[from] item: Leftovers\n|-damage|p1a: Cloyster|82\/100 tox|[from] psn\n|upkeep\n|turn|9\n|c|\u2606justapotatop|Dieeeeeeeeeee\n|\n|t:|1701198960\n|move|p2a: Grafaiai|Substitute|p2a: Grafaiai\n|-start|p2a: Grafaiai|Substitute\n|-damage|p2a: Grafaiai|41\/100\n|move|p1a: Cloyster|Icicle Spear|p2a: Grafaiai\n|-activate|p2a: Grafaiai|move: Substitute|[damage]\n|-end|p2a: Grafaiai|Substitute\n|-damage|p2a: Grafaiai|24\/100\n|-damage|p2a: Grafaiai|10\/100\n|-damage|p2a: Grafaiai|0 fnt\n|faint|p2a: Grafaiai\n|-hitcount|p2: Grafaiai|5\n|\n|-damage|p1a: Cloyster|63\/100 tox|[from] psn\n|upkeep\n|\n|t:|1701198968\n|switch|p2a: Chewtle|Chewtle, M|100\/100\n|turn|10\n|c|\u2606justapotatop|another day another victory for the og\n|c|\u2606justapotatop|takin down the sweats\n|\n|t:|1701198991\n|move|p1a: Cloyster|Shell Smash|p1a: Cloyster\n|-unboost|p1a: Cloyster|def|1\n|-unboost|p1a: Cloyster|spd|1\n|-boost|p1a: Cloyster|atk|2\n|-boost|p1a: Cloyster|spa|2\n|-boost|p1a: Cloyster|spe|2\n|move|p2a: Chewtle|Shell Smash|p2a: Chewtle\n|-unboost|p2a: Chewtle|def|1\n|-unboost|p2a: Chewtle|spd|1\n|-boost|p2a: Chewtle|atk|2\n|-boost|p2a: Chewtle|spa|2\n|-boost|p2a: Chewtle|spe|2\n|\n|-damage|p1a: Cloyster|39\/100 tox|[from] psn\n|upkeep\n|turn|11\n|\n|t:|1701198997\n|move|p1a: Cloyster|Rock Blast|p2a: Chewtle\n|-damage|p2a: Chewtle|45\/100\n|-crit|p2a: Chewtle\n|-damage|p2a: Chewtle|0 fnt\n|faint|p2a: Chewtle\n|-hitcount|p2: Chewtle|2\n|\n|-damage|p1a: Cloyster|8\/100 tox|[from] psn\n|upkeep\n|\n|t:|1701199013\n|switch|p2a: Houndoom|Houndoom, F|100\/100\n|turn|12\n|\n|t:|1701199019\n|move|p1a: Cloyster|Drill Run|p2a: Houndoom\n|-supereffective|p2a: Houndoom\n|-damage|p2a: Houndoom|0 fnt\n|faint|p2a: Houndoom\n|\n|-damage|p1a: Cloyster|0 fnt|[from] psn\n|faint|p1a: Cloyster\n|upkeep\n|\n|t:|1701199025\n|switch|p2a: Torterra|Torterra, F|100\/100\n|switch|p1a: Victreebel|Victreebel, F|100\/100\n|turn|13\n|\n|t:|1701199033\n|move|p1a: Victreebel|Sunny Day|p1a: Victreebel\n|-weather|SunnyDay\n|move|p2a: Torterra|Shell Smash|p2a: Torterra\n|-unboost|p2a: Torterra|def|1\n|-unboost|p2a: Torterra|spd|1\n|-boost|p2a: Torterra|atk|2\n|-boost|p2a: Torterra|spa|2\n|-boost|p2a: Torterra|spe|2\n|-enditem|p2a: Torterra|White Herb\n|-clearnegativeboost|p2a: Torterra|[silent]\n|\n|-weather|SunnyDay|[upkeep]\n|upkeep\n|turn|14\n|\n|t:|1701199047\n|move|p1a: Victreebel|Weather Ball|p2a: Torterra\n|-supereffective|p2a: Torterra\n|-damage|p2a: Torterra|0 fnt\n|faint|p2a: Torterra\n|\n|-weather|SunnyDay|[upkeep]\n|upkeep\n|\n|t:|1701199059\n|switch|p2a: Pelipper|Pelipper, F|100\/100\n|-weather|RainDance|[from] ability: Drizzle|[of] p2a: Pelipper\n|turn|15\n|c|\u2606justapotatop|aw man\n|\n|t:|1701199070\n|move|p1a: Victreebel|Sunny Day|p1a: Victreebel\n|-weather|SunnyDay\n|move|p2a: Pelipper|Hurricane|p1a: Victreebel|[miss]\n|-miss|p2a: Pelipper|p1a: Victreebel\n|\n|-weather|SunnyDay|[upkeep]\n|upkeep\n|turn|16\n|\n|t:|1701199076\n|move|p1a: Victreebel|Solar Beam||[still]\n|-prepare|p1a: Victreebel|Solar Beam\n|-anim|p1a: Victreebel|Solar Beam|p2a: Pelipper\n|-damage|p2a: Pelipper|27\/100\n|move|p2a: Pelipper|Weather Ball|p1a: Victreebel\n|-supereffective|p1a: Victreebel\n|-damage|p1a: Victreebel|0 fnt\n|faint|p1a: Victreebel\n|\n|-weather|SunnyDay|[upkeep]\n|upkeep\n|\n|t:|1701199081\n|switch|p1a: Mewtwo|Mewtwo|100\/100\n|-ability|p1a: Mewtwo|Unnerve\n|turn|17\n|\n|t:|1701199088\n|switch|p2a: Basculegion|Basculegion, M|100\/100\n|move|p1a: Mewtwo|Blizzard|p2a: Basculegion\n|-resisted|p2a: Basculegion\n|-crit|p2a: Basculegion\n|-damage|p2a: Basculegion|52\/100\n|-damage|p1a: Mewtwo|91\/100|[from] item: Life Orb\n|\n|-weather|SunnyDay|[upkeep]\n|upkeep\n|turn|18\n|\n|t:|1701199100\n|switch|p2a: Pelipper|Pelipper, F|27\/100\n|-weather|RainDance|[from] ability: Drizzle|[of] p2a: Pelipper\n|move|p1a: Mewtwo|Shadow Ball|p2a: Pelipper\n|-damage|p2a: Pelipper|0 fnt\n|faint|p2a: Pelipper\n|-damage|p1a: Mewtwo|81\/100|[from] item: Life Orb\n|\n|-weather|RainDance|[upkeep]\n|upkeep\n|\n|t:|1701199103\n|switch|p2a: Basculegion|Basculegion, M|52\/100\n|turn|19\n|\n|t:|1701199106\n|move|p2a: Basculegion|Last Respects|p1a: Mewtwo\n|-supereffective|p1a: Mewtwo\n|-damage|p1a: Mewtwo|0 fnt\n|faint|p1a: Mewtwo\n|\n|-weather|RainDance|[upkeep]\n|upkeep\n|c|\u2606justapotatop|owie\n|\n|t:|1701199115\n|switch|p1a: Garganacl|Garganacl, M|100\/100\n|turn|20\n|\n|t:|1701199118\n|move|p2a: Basculegion|Last Respects|p1a: Garganacl\n|-damage|p1a: Garganacl|56\/100\n|move|p1a: Garganacl|Salt Cure|p2a: Basculegion\n|-damage|p2a: Basculegion|36\/100\n|-start|p2a: Basculegion|Salt Cure\n|\n|-weather|RainDance|[upkeep]\n|-damage|p2a: Basculegion|11\/100|[from] Salt Cure\n|upkeep\n|turn|21\n|c|\u2606TheToxicPokemoner|how\n|\n|t:|1701199127\n|move|p2a: Basculegion|Waterfall|p1a: Garganacl\n|-supereffective|p1a: Garganacl\n|-damage|p1a: Garganacl|0 fnt\n|faint|p1a: Garganacl\n|\n|-weather|RainDance|[upkeep]\n|-damage|p2a: Basculegion|0 fnt|[from] Salt Cure\n|faint|p2a: Basculegion\n|\n|win|justapotatop\n|upkeep\n|raw|justapotatop's rating: 1127 &rarr; <strong>1148<\/strong><br \/>(+21 for winning)\n|raw|TheToxicPokemoner's rating: 1076 &rarr; <strong>1058<\/strong><br \/>(-18 for losing)\n","uploadtime":1701198953,"views":0,"p1id":"justapotatop","p2id":"thetoxicpokemoner","formatid":"gen9anythinggoes","rating":1058,"private":0,"password":""}