{"id":"gen9anythinggoes-1995598814","p1":"YouAreRubbish","p2":"LoganWLJ","format":"[Gen 9] Anything Goes","log":"|j|\u2606YouAreRubbish\n|j|\u203dLoganWLJ\n|t:|1700586270\n|gametype|singles\n|player|p1|YouAreRubbish|veteran|1116\n|player|p2|LoganWLJ|ingo|1145\n|teamsize|p1|6\n|teamsize|p2|6\n|gen|9\n|tier|[Gen 9] Anything Goes\n|rated|\n|rule|HP Percentage Mod: HP is shown in percentages\n|rule|Endless Battle Clause: Forcing endless battles is banned\n|clearpoke\n|poke|p1|Drifblim, M|\n|poke|p1|Polteageist-Antique|\n|poke|p1|Clefable, F|\n|poke|p1|Dudunsparce-*, M|\n|poke|p1|Vaporeon, F|\n|poke|p1|Espeon, F|\n|poke|p2|Overqwil, M|\n|poke|p2|Glimmora, M|\n|poke|p2|Gengar, F|\n|poke|p2|Miraidon|\n|poke|p2|Maushold|\n|poke|p2|Scyther, M|\n|teampreview\n|inactive|Battle timer is ON: inactive players will automatically lose when time's up. (requested by YouAreRubbish)\n|\n|t:|1700586273\n|start\n|switch|p1a: Small Man|Drifblim, M, shiny|100\/100\n|switch|p2a: Glimmora|Glimmora, M|100\/100\n|-item|p2a: Glimmora|Air Balloon\n|turn|1\n|\n|t:|1700586285\n|move|p2a: Glimmora|Stealth Rock|p1a: Small Man\n|-sidestart|p1: YouAreRubbish|move: Stealth Rock\n|move|p1a: Small Man|Minimize|p1a: Small Man\n|-boost|p1a: Small Man|evasion|2\n|\n|upkeep\n|turn|2\n|\n|t:|1700586290\n|move|p2a: Glimmora|Ancient Power|p1a: Small Man|[miss]\n|-miss|p2a: Glimmora|p1a: Small Man\n|move|p1a: Small Man|Minimize|p1a: Small Man\n|-boost|p1a: Small Man|evasion|2\n|\n|upkeep\n|turn|3\n|\n|t:|1700586296\n|move|p2a: Glimmora|Ancient Power|p1a: Small Man\n|-supereffective|p1a: Small Man\n|-crit|p1a: Small Man\n|-damage|p1a: Small Man|14\/100\n|-enditem|p1a: Small Man|Sitrus Berry|[eat]\n|-heal|p1a: Small Man|39\/100|[from] item: Sitrus Berry\n|move|p1a: Small Man|Minimize|p1a: Small Man\n|-boost|p1a: Small Man|evasion|2\n|\n|upkeep\n|turn|4\n|\n|t:|1700586305\n|move|p1a: Small Man|Substitute|p1a: Small Man\n|-start|p1a: Small Man|Substitute\n|-damage|p1a: Small Man|14\/100\n|move|p2a: Glimmora|Ancient Power|p1a: Small Man\n|-supereffective|p1a: Small Man\n|-end|p1a: Small Man|Substitute\n|\n|upkeep\n|turn|5\n|\n|t:|1700586312\n|move|p1a: Small Man|Defog|p2a: Glimmora\n|-unboost|p2a: Glimmora|evasion|1\n|-sideend|p1: YouAreRubbish|Stealth Rock|[from] move: Defog|[of] p1a: Small Man\n|move|p2a: Glimmora|Ancient Power|p1a: Small Man|[miss]\n|-miss|p2a: Glimmora|p1a: Small Man\n|\n|upkeep\n|turn|6\n|\n|t:|1700586321\n|move|p1a: Small Man|Baton Pass|p1a: Small Man\n|\n|t:|1700586323\n|switch|p1a: Queen Erizzabeth|Polteageist-Antique, shiny|100\/100|[from] Baton Pass\n|move|p2a: Glimmora|Ancient Power|p1a: Queen Erizzabeth|[miss]\n|-miss|p2a: Glimmora|p1a: Queen Erizzabeth\n|\n|upkeep\n|turn|7\n|\n|t:|1700586331\n|move|p2a: Glimmora|Stealth Rock|p1a: Queen Erizzabeth\n|-sidestart|p1: YouAreRubbish|move: Stealth Rock\n|move|p1a: Queen Erizzabeth|Shell Smash|p1a: Queen Erizzabeth\n|-unboost|p1a: Queen Erizzabeth|def|1\n|-unboost|p1a: Queen Erizzabeth|spd|1\n|-boost|p1a: Queen Erizzabeth|atk|2\n|-boost|p1a: Queen Erizzabeth|spa|2\n|-boost|p1a: Queen Erizzabeth|spe|2\n|-enditem|p1a: Queen Erizzabeth|White Herb\n|-clearnegativeboost|p1a: Queen Erizzabeth|[silent]\n|\n|upkeep\n|turn|8\n|\n|t:|1700586345\n|move|p1a: Queen Erizzabeth|Baton Pass|p1a: Queen Erizzabeth\n|\n|t:|1700586347\n|switch|p1a: Tootfairy|Clefable, F, shiny|100\/100|[from] Baton Pass\n|move|p2a: Glimmora|Earth Power|p1a: Tootfairy\n|-damage|p1a: Tootfairy|66\/100\n|\n|upkeep\n|turn|9\n|\n|t:|1700586356\n|move|p1a: Tootfairy|Cosmic Power|p1a: Tootfairy\n|-boost|p1a: Tootfairy|def|1\n|-boost|p1a: Tootfairy|spd|1\n|move|p2a: Glimmora|Earth Power|p1a: Tootfairy\n|-damage|p1a: Tootfairy|42\/100\n|\n|upkeep\n|turn|10\n|\n|t:|1700586363\n|move|p1a: Tootfairy|Cosmic Power|p1a: Tootfairy\n|-boost|p1a: Tootfairy|def|1\n|-boost|p1a: Tootfairy|spd|1\n|move|p2a: Glimmora|Earth Power|p1a: Tootfairy\n|-damage|p1a: Tootfairy|24\/100\n|\n|upkeep\n|turn|11\n|\n|t:|1700586371\n|move|p1a: Tootfairy|Cosmic Power|p1a: Tootfairy\n|-boost|p1a: Tootfairy|def|1\n|-boost|p1a: Tootfairy|spd|1\n|move|p2a: Glimmora|Earth Power|p1a: Tootfairy|[miss]\n|-miss|p2a: Glimmora|p1a: Tootfairy\n|\n|upkeep\n|turn|12\n|\n|t:|1700586378\n|move|p1a: Tootfairy|Cosmic Power|p1a: Tootfairy\n|-boost|p1a: Tootfairy|def|1\n|-boost|p1a: Tootfairy|spd|1\n|move|p2a: Glimmora|Earth Power|p1a: Tootfairy|[miss]\n|-miss|p2a: Glimmora|p1a: Tootfairy\n|\n|upkeep\n|turn|13\n|\n|t:|1700586385\n|move|p1a: Tootfairy|Cosmic Power|p1a: Tootfairy\n|-boost|p1a: Tootfairy|def|1\n|-boost|p1a: Tootfairy|spd|1\n|move|p2a: Glimmora|Earth Power|p1a: Tootfairy|[miss]\n|-miss|p2a: Glimmora|p1a: Tootfairy\n|\n|upkeep\n|turn|14\n|\n|t:|1700586392\n|move|p1a: Tootfairy|Cosmic Power|p1a: Tootfairy\n|-boost|p1a: Tootfairy|def|1\n|-boost|p1a: Tootfairy|spd|1\n|move|p2a: Glimmora|Earth Power|p1a: Tootfairy\n|-damage|p1a: Tootfairy|15\/100\n|\n|upkeep\n|turn|15\n|\n|t:|1700586399\n|move|p1a: Tootfairy|Baton Pass|p1a: Tootfairy\n|\n|t:|1700586403\n|switch|p1a: Spookster|Dudunsparce-Three-Segment, M, shiny|100\/100|[from] Baton Pass\n|-damage|p1a: Spookster|88\/100|[from] Stealth Rock\n|move|p2a: Glimmora|Earth Power|p1a: Spookster|[miss]\n|-miss|p2a: Glimmora|p1a: Spookster\n|\n|upkeep\n|turn|16\n|\n|t:|1700586416\n|switch|p2a: Overqwil|Overqwil, M|100\/100\n|move|p1a: Spookster|Agility|p1a: Spookster\n|-boost|p1a: Spookster|spe|2\n|\n|upkeep\n|turn|17\n|\n|t:|1700586425\n|move|p1a: Spookster|Glare|p2a: Overqwil\n|-status|p2a: Overqwil|par\n|move|p2a: Overqwil|Stockpile|p2a: Overqwil\n|-start|p2a: Overqwil|stockpile1\n|-boost|p2a: Overqwil|def|1\n|-boost|p2a: Overqwil|spd|1\n|\n|upkeep\n|turn|18\n|\n|t:|1700586433\n|move|p1a: Spookster|Agility|p1a: Spookster\n|-boost|p1a: Spookster|spe|2\n|move|p2a: Overqwil|Stockpile|p2a: Overqwil\n|-start|p2a: Overqwil|stockpile2\n|-boost|p2a: Overqwil|def|1\n|-boost|p2a: Overqwil|spd|1\n|\n|upkeep\n|turn|19\n|\n|t:|1700586443\n|move|p1a: Spookster|Coil|p1a: Spookster\n|-boost|p1a: Spookster|atk|1\n|-boost|p1a: Spookster|def|0\n|-boost|p1a: Spookster|accuracy|1\n|move|p2a: Overqwil|Stockpile|p2a: Overqwil\n|-start|p2a: Overqwil|stockpile3\n|-boost|p2a: Overqwil|def|1\n|-boost|p2a: Overqwil|spd|1\n|\n|upkeep\n|turn|20\n|\n|t:|1700586452\n|move|p1a: Spookster|Coil|p1a: Spookster\n|-boost|p1a: Spookster|atk|1\n|-boost|p1a: Spookster|def|0\n|-boost|p1a: Spookster|accuracy|1\n|move|p2a: Overqwil|Barb Barrage|p1a: Spookster\n|-damage|p1a: Spookster|81\/100\n|-status|p1a: Spookster|psn\n|\n|-damage|p1a: Spookster|69\/100 psn|[from] psn\n|upkeep\n|turn|21\n|\n|t:|1700586463\n|move|p1a: Spookster|Coil|p1a: Spookster\n|-boost|p1a: Spookster|atk|1\n|-boost|p1a: Spookster|def|0\n|-boost|p1a: Spookster|accuracy|1\n|move|p2a: Overqwil|Barb Barrage|p1a: Spookster\n|-damage|p1a: Spookster|55\/100 psn\n|\n|-damage|p1a: Spookster|42\/100 psn|[from] psn\n|upkeep\n|turn|22\n|\n|t:|1700586473\n|move|p1a: Spookster|Coil|p1a: Spookster\n|-boost|p1a: Spookster|atk|1\n|-boost|p1a: Spookster|def|0\n|-boost|p1a: Spookster|accuracy|1\n|move|p2a: Overqwil|Barb Barrage|p1a: Spookster|[miss]\n|-miss|p2a: Overqwil|p1a: Spookster\n|\n|-damage|p1a: Spookster|30\/100 psn|[from] psn\n|upkeep\n|turn|23\n|\n|t:|1700586483\n|move|p1a: Spookster|Coil|p1a: Spookster\n|-boost|p1a: Spookster|atk|0\n|-boost|p1a: Spookster|def|0\n|-boost|p1a: Spookster|accuracy|1\n|move|p2a: Overqwil|Barb Barrage|p1a: Spookster|[miss]\n|-miss|p2a: Overqwil|p1a: Spookster\n|\n|-damage|p1a: Spookster|17\/100 psn|[from] psn\n|upkeep\n|turn|24\n|\n|t:|1700586493\n|move|p1a: Spookster|Baton Pass|p1a: Spookster\n|\n|t:|1700586495\n|switch|p1a: Hey Guys|Vaporeon, F, shiny|100\/100|[from] Baton Pass\n|-damage|p1a: Hey Guys|88\/100|[from] Stealth Rock\n|move|p2a: Overqwil|Barb Barrage|p1a: Hey Guys|[miss]\n|-miss|p2a: Overqwil|p1a: Hey Guys\n|\n|upkeep\n|turn|25\n|\n|t:|1700586507\n|move|p1a: Hey Guys|Aqua Ring|p1a: Hey Guys\n|-start|p1a: Hey Guys|Aqua Ring\n|move|p2a: Overqwil|Barb Barrage|p1a: Hey Guys|[miss]\n|-miss|p2a: Overqwil|p1a: Hey Guys\n|\n|-heal|p1a: Hey Guys|94\/100|[from] Aqua Ring\n|upkeep\n|turn|26\n|\n|t:|1700586523\n|move|p1a: Hey Guys|Charm|p2a: Overqwil\n|-unboost|p2a: Overqwil|atk|2\n|move|p2a: Overqwil|Barb Barrage|p1a: Hey Guys\n|-crit|p1a: Hey Guys\n|-damage|p1a: Hey Guys|39\/100\n|\n|-heal|p1a: Hey Guys|45\/100|[from] Aqua Ring\n|upkeep\n|turn|27\n|\n|t:|1700586532\n|move|p1a: Hey Guys|Wish|p1a: Hey Guys\n|move|p2a: Overqwil|Barb Barrage|p1a: Hey Guys|[miss]\n|-miss|p2a: Overqwil|p1a: Hey Guys\n|\n|-heal|p1a: Hey Guys|52\/100|[from] Aqua Ring\n|upkeep\n|turn|28\n|\n|t:|1700586542\n|move|p1a: Hey Guys|Charm|p2a: Overqwil\n|-unboost|p2a: Overqwil|atk|2\n|move|p2a: Overqwil|Barb Barrage|p1a: Hey Guys\n|-crit|p1a: Hey Guys\n|-damage|p1a: Hey Guys|0 fnt\n|faint|p1a: Hey Guys\n|\n|upkeep\n|-message|YouAreRubbish forfeited.\n|\n|win|LoganWLJ\n|raw|YouAreRubbish's rating: 1116 &rarr; <strong>1093<\/strong><br \/>(-23 for losing)\n|raw|LoganWLJ's rating: 1145 &rarr; <strong>1168<\/strong><br \/>(+23 for winning)\n|l|\u2606YouAreRubbish\n","uploadtime":1700586565,"views":2,"p1id":"youarerubbish","p2id":"loganwlj","formatid":"gen9anythinggoes","rating":1093,"private":0,"password":""}