{"id":"gen9anythinggoes-1988215238","p1":"Death Killir","p2":"Zukeeny","format":"[Gen 9] Anything Goes","log":"|j|\u2606Death Killir\n|j|\u2606Zukeeny\n|t:|1699686916\n|gametype|singles\n|player|p1|Death Killir|1|1036\n|player|p2|Zukeeny|ethan|1137\n|teamsize|p1|6\n|teamsize|p2|6\n|gen|9\n|tier|[Gen 9] Anything Goes\n|rated|\n|rule|HP Percentage Mod: HP is shown in percentages\n|rule|Endless Battle Clause: Forcing endless battles is banned\n|clearpoke\n|poke|p1|Greninja-*, M|\n|poke|p1|Lucario, M|\n|poke|p1|Zapdos-Galar|\n|poke|p1|Gliscor, M|\n|poke|p1|Charizard, M|\n|poke|p1|Torterra, M|\n|poke|p2|Dachsbun, M|\n|poke|p2|Skeledirge, F|\n|poke|p2|Glaceon, F|\n|poke|p2|Slowking, F|\n|poke|p2|Toxicroak, M|\n|poke|p2|Lycanroc-Dusk, F|\n|teampreview\n|\n|t:|1699686929\n|start\n|switch|p1a: Gliscor|Gliscor, M, shiny|100\/100\n|switch|p2a: Lycanroc|Lycanroc-Dusk, F, shiny|100\/100\n|-item|p2a: Lycanroc|Air Balloon\n|turn|1\n|\n|t:|1699686940\n|-terastallize|p2a: Lycanroc|Rock\n|-terastallize|p1a: Gliscor|Ground\n|move|p2a: Lycanroc|Accelerock|p1a: Gliscor\n|-resisted|p1a: Gliscor\n|-damage|p1a: Gliscor|85\/100\n|move|p1a: Gliscor|Poison Jab|p2a: Lycanroc\n|-resisted|p2a: Lycanroc\n|-damage|p2a: Lycanroc|85\/100\n|-enditem|p2a: Lycanroc|Air Balloon\n|\n|upkeep\n|turn|2\n|\n|t:|1699686951\n|move|p2a: Lycanroc|Stealth Rock|p1a: Gliscor\n|-sidestart|p1: Death Killir|move: Stealth Rock\n|move|p1a: Gliscor|Dark Pulse|p2a: Lycanroc\n|-damage|p2a: Lycanroc|69\/100\n|\n|upkeep\n|turn|3\n|\n|t:|1699686957\n|move|p2a: Lycanroc|Outrage|p1a: Gliscor\n|-damage|p1a: Gliscor|40\/100\n|move|p1a: Gliscor|Poison Jab|p2a: Lycanroc\n|-resisted|p2a: Lycanroc\n|-damage|p2a: Lycanroc|55\/100\n|\n|upkeep\n|turn|4\n|\n|t:|1699686964\n|move|p2a: Lycanroc|Outrage|p1a: Gliscor|[from]lockedmove\n|-damage|p1a: Gliscor|0 fnt\n|faint|p1a: Gliscor\n|-start|p2a: Lycanroc|confusion|[fatigue]\n|\n|upkeep\n|\n|t:|1699686971\n|switch|p1a: Charizard|Charizard, M, shiny|100\/100\n|-damage|p1a: Charizard|50\/100|[from] Stealth Rock\n|turn|5\n|\n|t:|1699686978\n|-activate|p2a: Lycanroc|confusion\n|move|p2a: Lycanroc|Accelerock|p1a: Charizard\n|-supereffective|p1a: Charizard\n|-damage|p1a: Charizard|0 fnt\n|faint|p1a: Charizard\n|\n|upkeep\n|\n|t:|1699686983\n|switch|p1a: Torterra|Torterra, M, shiny|100\/100\n|-damage|p1a: Torterra|95\/100|[from] Stealth Rock\n|turn|6\n|\n|t:|1699686994\n|switch|p2a: Dachsbun|Dachsbun, M|100\/100\n|move|p1a: Torterra|Leech Seed|p2a: Dachsbun\n|-start|p2a: Dachsbun|move: Leech Seed\n|\n|-damage|p2a: Dachsbun|88\/100|[from] Leech Seed|[of] p1a: Torterra\n|-heal|p1a: Torterra|100\/100|[silent]\n|upkeep\n|turn|7\n|\n|t:|1699687004\n|move|p1a: Torterra|Energy Ball|p2a: Dachsbun\n|-damage|p2a: Dachsbun|43\/100\n|move|p2a: Dachsbun|Roar|p1a: Torterra\n|drag|p1a: Lucario|Lucario, M, shiny|100\/100\n|-damage|p1a: Lucario|98\/100|[from] Stealth Rock\n|\n|-damage|p2a: Dachsbun|31\/100|[from] Leech Seed|[of] p1a: Lucario\n|-heal|p1a: Lucario|100\/100|[silent]\n|upkeep\n|turn|8\n|\n|t:|1699687015\n|switch|p2a: Slowking|Slowking, F|100\/100\n|move|p1a: Lucario|Extreme Speed|p2a: Slowking\n|-damage|p2a: Slowking|82\/100\n|\n|upkeep\n|turn|9\n|\n|t:|1699687022\n|move|p1a: Lucario|Meteor Mash|p2a: Slowking\n|-resisted|p2a: Slowking\n|-damage|p2a: Slowking|66\/100\n|move|p2a: Slowking|Trick Room|p2a: Slowking\n|-fieldstart|move: Trick Room|[of] p2a: Slowking\n|\n|upkeep\n|turn|10\n|\n|t:|1699687030\n|move|p1a: Lucario|Extreme Speed|p2a: Slowking\n|-crit|p2a: Slowking\n|-damage|p2a: Slowking|35\/100\n|move|p2a: Slowking|Earthquake|p1a: Lucario\n|-supereffective|p1a: Lucario\n|-damage|p1a: Lucario|0 fnt\n|faint|p1a: Lucario\n|-damage|p2a: Slowking|25\/100|[from] item: Life Orb\n|\n|upkeep\n|\n|t:|1699687039\n|switch|p1a: Zapdos|Zapdos-Galar, shiny|100\/100\n|-damage|p1a: Zapdos|88\/100|[from] Stealth Rock\n|turn|11\n|\n|t:|1699687049\n|move|p2a: Slowking|Chilly Reception|p2a: Slowking\n|-weather|Snow\n|\n|t:|1699687051\n|switch|p2a: Glaceon|Glaceon, F|100\/100|[from] Chilly Reception\n|move|p1a: Zapdos|Bulk Up|p1a: Zapdos\n|-boost|p1a: Zapdos|atk|1\n|-boost|p1a: Zapdos|def|1\n|\n|-weather|Snow|[upkeep]\n|upkeep\n|turn|12\n|\n|t:|1699687059\n|move|p2a: Glaceon|Freeze-Dry|p1a: Zapdos\n|-supereffective|p1a: Zapdos\n|-damage|p1a: Zapdos|17\/100\n|move|p1a: Zapdos|Thunderous Kick|p2a: Glaceon\n|-supereffective|p2a: Glaceon\n|-damage|p2a: Glaceon|28\/100\n|-unboost|p2a: Glaceon|def|1\n|\n|-weather|Snow|[upkeep]\n|-heal|p2a: Glaceon|34\/100|[from] ability: Ice Body\n|-heal|p2a: Glaceon|40\/100|[from] item: Leftovers\n|upkeep\n|turn|13\n|\n|t:|1699687070\n|move|p2a: Glaceon|Freeze-Dry|p1a: Zapdos\n|-supereffective|p1a: Zapdos\n|-damage|p1a: Zapdos|0 fnt\n|faint|p1a: Zapdos\n|\n|-weather|Snow|[upkeep]\n|-heal|p2a: Glaceon|46\/100|[from] ability: Ice Body\n|-heal|p2a: Glaceon|52\/100|[from] item: Leftovers\n|-fieldend|move: Trick Room\n|upkeep\n|\n|t:|1699687078\n|switch|p1a: Torterra|Torterra, M, shiny|100\/100\n|-damage|p1a: Torterra|95\/100|[from] Stealth Rock\n|turn|14\n|\n|t:|1699687082\n|move|p1a: Torterra|Leech Seed|p2a: Glaceon\n|-start|p2a: Glaceon|move: Leech Seed\n|move|p2a: Glaceon|Freeze-Dry|p1a: Torterra\n|-supereffective|p1a: Torterra\n|-damage|p1a: Torterra|0 fnt\n|faint|p1a: Torterra\n|\n|-weather|Snow|[upkeep]\n|-heal|p2a: Glaceon|58\/100|[from] ability: Ice Body\n|-heal|p2a: Glaceon|64\/100|[from] item: Leftovers\n|upkeep\n|\n|t:|1699687091\n|switch|p1a: Greninja|Greninja, M, shiny|100\/100\n|-damage|p1a: Greninja|88\/100|[from] Stealth Rock\n|turn|15\n|\n|t:|1699687096\n|move|p1a: Greninja|Water Shuriken|p2a: Glaceon\n|-damage|p2a: Glaceon|59\/100\n|-damage|p2a: Glaceon|54\/100\n|-hitcount|p2a: Glaceon|2\n|move|p2a: Glaceon|Freeze-Dry|p1a: Greninja\n|-supereffective|p1a: Greninja\n|-damage|p1a: Greninja|0 fnt\n|faint|p1a: Greninja\n|\n|win|Zukeeny\n|raw|Death Killir's rating: 1036 &rarr; <strong>1025<\/strong><br \/>(-11 for losing)\n|raw|Zukeeny's rating: 1137 &rarr; <strong>1155<\/strong><br \/>(+18 for winning)\n|l|\u2606Death Killir\n","uploadtime":1699687108,"views":6,"p1id":"deathkillir","p2id":"zukeeny","formatid":"gen9anythinggoes","rating":1025,"private":0,"password":""}