{"id":"gen9anythinggoes-1996844139","p1":"fire_canon","p2":"Ghostly S#4RK","format":"[Gen 9] Anything Goes","log":"|j|\u2606fire_canon\n|j|\u2606Ghostly S#4RK\n|t:|1700734307\n|gametype|singles\n|player|p1|fire_canon|waiter-gen4dp|1214\n|player|p2|Ghostly S#4RK|zirco-unite|1412\n|teamsize|p1|6\n|teamsize|p2|6\n|gen|9\n|tier|[Gen 9] Anything Goes\n|rated|\n|rule|HP Percentage Mod: HP is shown in percentages\n|rule|Endless Battle Clause: Forcing endless battles is banned\n|clearpoke\n|poke|p1|Polteageist|\n|poke|p1|Polteageist|\n|poke|p1|Polteageist-Antique|\n|poke|p1|Miraidon|\n|poke|p1|Miraidon|\n|poke|p1|Miraidon|\n|poke|p2|Alomomola, M|\n|poke|p2|Dondozo, M|\n|poke|p2|Toxapex, F|\n|poke|p2|Glimmora, F|\n|poke|p2|Blissey, F|\n|poke|p2|Calyrex-Shadow|\n|teampreview\n|\n|t:|1700734327\n|start\n|switch|p1a: Broken teapot|Polteageist, shiny|100\/100\n|switch|p2a: Trixy Fixy|Toxapex, F|100\/100\n|turn|1\n|\n|t:|1700734333\n|move|p1a: Broken teapot|Shell Smash|p1a: Broken teapot\n|-unboost|p1a: Broken teapot|def|1\n|-unboost|p1a: Broken teapot|spd|1\n|-boost|p1a: Broken teapot|atk|2\n|-boost|p1a: Broken teapot|spa|2\n|-boost|p1a: Broken teapot|spe|2\n|move|p2a: Trixy Fixy|Haze|p2a: Trixy Fixy\n|-clearallboost\n|\n|upkeep\n|turn|2\n|\n|t:|1700734343\n|move|p1a: Broken teapot|Shell Smash|p1a: Broken teapot\n|-unboost|p1a: Broken teapot|def|1\n|-unboost|p1a: Broken teapot|spd|1\n|-boost|p1a: Broken teapot|atk|2\n|-boost|p1a: Broken teapot|spa|2\n|-boost|p1a: Broken teapot|spe|2\n|move|p2a: Trixy Fixy|Toxic|p1a: Broken teapot\n|-status|p1a: Broken teapot|tox\n|\n|-damage|p1a: Broken teapot|94\/100 tox|[from] psn\n|upkeep\n|turn|3\n|\n|t:|1700734368\n|move|p1a: Broken teapot|Baton Pass|p1a: Broken teapot\n|\n|t:|1700734370\n|switch|p1a: scary lizard 1|Miraidon|100\/100|[from] Baton Pass\n|-fieldstart|move: Electric Terrain|[from] ability: Hadron Engine|[of] p1a: scary lizard 1\n|move|p2a: Trixy Fixy|Haze|p2a: Trixy Fixy\n|-clearallboost\n|\n|upkeep\n|turn|4\n|\n|t:|1700734377\n|switch|p2a: Blushing|Blissey, F|100\/100\n|move|p1a: scary lizard 1|Electro Drift|p2a: Blushing\n|-damage|p2a: Blushing|68\/100\n|\n|upkeep\n|turn|5\n|\n|t:|1700734384\n|switch|p1a: teapottt|Polteageist, shiny|100\/100\n|move|p2a: Blushing|Soft-Boiled|p2a: Blushing\n|-heal|p2a: Blushing|100\/100\n|\n|upkeep\n|turn|6\n|c|\u2606fire_canon|sure switch\n|\n|t:|1700734396\n|move|p1a: teapottt|Shell Smash|p1a: teapottt\n|-unboost|p1a: teapottt|def|1\n|-unboost|p1a: teapottt|spd|1\n|-boost|p1a: teapottt|atk|2\n|-boost|p1a: teapottt|spa|2\n|-boost|p1a: teapottt|spe|2\n|move|p2a: Blushing|Thunder Wave|p1a: teapottt\n|-status|p1a: teapottt|par\n|\n|upkeep\n|turn|7\n|\n|t:|1700734405\n|move|p1a: teapottt|Baton Pass|p1a: teapottt\n|\n|t:|1700734408\n|switch|p1a: scary lizard 1|Miraidon|100\/100|[from] Baton Pass\n|-activate|p1a: scary lizard 1|ability: Hadron Engine\n|move|p2a: Blushing|Seismic Toss|p1a: scary lizard 1\n|-damage|p1a: scary lizard 1|74\/100\n|\n|-fieldend|move: Electric Terrain\n|upkeep\n|turn|8\n|\n|t:|1700734416\n|move|p1a: scary lizard 1|Electro Drift|p2a: Blushing\n|-damage|p2a: Blushing|58\/100\n|move|p2a: Blushing|Seismic Toss|p1a: scary lizard 1\n|-damage|p1a: scary lizard 1|48\/100\n|\n|upkeep\n|turn|9\n|\n|t:|1700734427\n|move|p1a: scary lizard 1|Electro Drift|p2a: Blushing\n|-damage|p2a: Blushing|22\/100\n|move|p2a: Blushing|Soft-Boiled|p2a: Blushing\n|-heal|p2a: Blushing|72\/100\n|\n|upkeep\n|turn|10\n|\n|t:|1700734436\n|move|p1a: scary lizard 1|Electro Drift|p2a: Blushing\n|-damage|p2a: Blushing|34\/100\n|move|p2a: Blushing|Soft-Boiled|p2a: Blushing\n|-heal|p2a: Blushing|84\/100\n|\n|upkeep\n|turn|11\n|c|\u2606Ghostly S#4RK|lol\n|c|\u2606fire_canon|DAMN BLISSY ANNOYINGGG\n|\n|t:|1700734446\n|switch|p1a: teapottt|Polteageist, shiny|100\/100 par\n|move|p2a: Blushing|Soft-Boiled|p2a: Blushing\n|-heal|p2a: Blushing|100\/100\n|\n|upkeep\n|turn|12\n|\n|t:|1700734452\n|switch|p2a: Trixy Fixy|Toxapex, F|100\/100\n|move|p1a: teapottt|Shell Smash|p1a: teapottt\n|-unboost|p1a: teapottt|def|1\n|-unboost|p1a: teapottt|spd|1\n|-boost|p1a: teapottt|atk|2\n|-boost|p1a: teapottt|spa|2\n|-boost|p1a: teapottt|spe|2\n|\n|upkeep\n|turn|13\n|\n|t:|1700734460\n|move|p1a: teapottt|Baton Pass|p1a: teapottt\n|\n|t:|1700734463\n|switch|p1a: scaryt lizard 3|Miraidon|100\/100|[from] Baton Pass\n|-fieldstart|move: Electric Terrain|[from] ability: Hadron Engine|[of] p1a: scaryt lizard 3\n|move|p2a: Trixy Fixy|Haze|p2a: Trixy Fixy\n|-clearallboost\n|\n|upkeep\n|turn|14\n|\n|t:|1700734471\n|switch|p2a: Blushing|Blissey, F|100\/100\n|move|p1a: scaryt lizard 3|Electro Drift|p2a: Blushing\n|-crit|p2a: Blushing\n|-damage|p2a: Blushing|47\/100\n|\n|upkeep\n|turn|15\n|c|\u2606Ghostly S#4RK|i\n|\n|t:|1700734478\n|move|p1a: scaryt lizard 3|Electro Drift|p2a: Blushing\n|-damage|p2a: Blushing|11\/100\n|move|p2a: Blushing|Heal Bell||[still]\n|-activate|p2a: Blushing|move: Heal Bell\n|-fail|p2a: Blushing\n|\n|upkeep\n|turn|16\n|c|\u2606Ghostly S#4RK|MISCLICK\n|c|\u2606Ghostly S#4RK|WTF\n|c|\u2606fire_canon|GET WRECKED\n|c|\u2606Ghostly S#4RK|ugh\n|\n|t:|1700734492\n|switch|p2a: Grim Mortal|Glimmora, F|100\/100\n|move|p1a: scaryt lizard 3|Electro Drift|p2a: Grim Mortal\n|-damage|p2a: Grim Mortal|5\/100\n|\n|upkeep\n|turn|17\n|n|!fire_canon|firecanon\n|\n|t:|1700734500\n|move|p1a: scaryt lizard 3|Electro Drift|p2a: Grim Mortal\n|-damage|p2a: Grim Mortal|0 fnt\n|faint|p2a: Grim Mortal\n|\n|-fieldend|move: Electric Terrain\n|upkeep\n|\n|t:|1700734507\n|switch|p2a: Call Of The Wild|Calyrex-Shadow|100\/100\n|-ability|p2a: Call Of The Wild|As One\n|-ability|p2a: Call Of The Wild|Unnerve\n|turn|18\n|\n|t:|1700734512\n|switch|p1a: teapot 3|Polteageist-Antique, shiny|100\/100\n|move|p2a: Call Of The Wild|Astral Barrage|p1a: teapot 3\n|-supereffective|p1a: teapot 3\n|-damage|p1a: teapot 3|0 fnt\n|faint|p1a: teapot 3\n|-ability|p2a: Call Of The Wild|Grim Neigh|boost\n|-boost|p2a: Call Of The Wild|spa|1\n|\n|upkeep\n|\n|t:|1700734521\n|switch|p1a: teapottt|Polteageist, shiny|100\/100 par\n|turn|19\n|\n|t:|1700734527\n|-terastallize|p2a: Call Of The Wild|Normal\n|-terastallize|p1a: teapottt|Fairy\n|move|p2a: Call Of The Wild|Astral Barrage|p1a: teapottt\n|-enditem|p1a: teapottt|Focus Sash\n|-damage|p1a: teapottt|1\/100 par\n|move|p1a: teapottt|Shell Smash|p1a: teapottt\n|-unboost|p1a: teapottt|def|1\n|-unboost|p1a: teapottt|spd|1\n|-boost|p1a: teapottt|atk|2\n|-boost|p1a: teapottt|spa|2\n|-boost|p1a: teapottt|spe|2\n|\n|upkeep\n|turn|20\n|\n|t:|1700734540\n|move|p2a: Call Of The Wild|Astral Barrage|p1a: teapottt\n|-damage|p1a: teapottt|0 fnt\n|faint|p1a: teapottt\n|-ability|p2a: Call Of The Wild|Grim Neigh|boost\n|-boost|p2a: Call Of The Wild|spa|1\n|\n|upkeep\n|-message|fire_canon forfeited.\n|\n|win|Ghostly S#4RK\n|raw|fire_canon's rating: 1214 &rarr; <strong>1202<\/strong><br \/>(-12 for losing)\n|raw|Ghostly S#4RK's rating: 1412 &rarr; <strong>1422<\/strong><br \/>(+10 for winning)\n|l|!fire_canon\n","uploadtime":1700734495,"views":0,"p1id":"firecanon","p2id":"ghostlys4rk","formatid":"gen9anythinggoes","rating":1202,"private":0,"password":""}