{"id":"gen9anythinggoes-1990544145","p1":"Intensityeee","p2":"i love ericdoa","format":"[Gen 9] Anything Goes","log":"|j|\u2606Intensityeee\n|j|\u2606i love ericdoa\n|t:|1699980170\n|gametype|singles\n|player|p1|Intensityeee|guitarist|1160\n|player|p2|i love ericdoa|cynthia-gen4|1136\n|teamsize|p1|6\n|teamsize|p2|6\n|gen|9\n|tier|[Gen 9] Anything Goes\n|rated|\n|rule|HP Percentage Mod: HP is shown in percentages\n|rule|Endless Battle Clause: Forcing endless battles is banned\n|clearpoke\n|poke|p1|Meowscarada, M|\n|poke|p1|Dachsbun, M|\n|poke|p1|Clodsire, F|\n|poke|p1|Armarouge, F|\n|poke|p1|Flamigo, F|\n|poke|p1|Farigiraf, F|\n|poke|p2|Polteageist|\n|poke|p2|Gliscor, F|\n|poke|p2|Manaphy|\n|poke|p2|Ceruledge, M|\n|poke|p2|Meowscarada, F|\n|poke|p2|Dudunsparce-*, F|\n|teampreview\n|\n|t:|1699980177\n|start\n|switch|p1a: Giraffe|Farigiraf, F|100\/100\n|switch|p2a: Polteageist|Polteageist|100\/100\n|turn|1\n|-activate|p1a: Giraffe|item: Quick Claw\n|\n|t:|1699980185\n|move|p1a: Giraffe|Shadow Ball|p2a: Polteageist\n|-supereffective|p2a: Polteageist\n|-damage|p2a: Polteageist|38\/100\n|-enditem|p2a: Polteageist|Weakness Policy\n|-boost|p2a: Polteageist|atk|2|[from] item: Weakness Policy\n|-boost|p2a: Polteageist|spa|2|[from] item: Weakness Policy\n|move|p2a: Polteageist|Shell Smash|p2a: Polteageist\n|-unboost|p2a: Polteageist|def|1\n|-unboost|p2a: Polteageist|spd|1\n|-boost|p2a: Polteageist|atk|2\n|-boost|p2a: Polteageist|spa|2\n|-boost|p2a: Polteageist|spe|2\n|\n|upkeep\n|turn|2\n|\n|t:|1699980196\n|move|p2a: Polteageist|Stored Power|p1a: Giraffe\n|-resisted|p1a: Giraffe\n|-damage|p1a: Giraffe|0 fnt\n|faint|p1a: Giraffe\n|\n|upkeep\n|\n|t:|1699980207\n|switch|p1a: Whooper|Clodsire, F|100\/100\n|turn|3\n|\n|t:|1699980211\n|move|p2a: Polteageist|Stored Power|p1a: Whooper\n|-supereffective|p1a: Whooper\n|-damage|p1a: Whooper|0 fnt\n|faint|p1a: Whooper\n|\n|upkeep\n|\n|t:|1699980216\n|switch|p1a: Flamingo|Flamigo, F|100\/100\n|turn|4\n|\n|t:|1699980220\n|move|p2a: Polteageist|Stored Power|p1a: Flamingo\n|-supereffective|p1a: Flamingo\n|-damage|p1a: Flamingo|0 fnt\n|faint|p1a: Flamingo\n|\n|upkeep\n|\n|t:|1699980225\n|switch|p1a: Mozzerella|Meowscarada, M|100\/100\n|turn|5\n|\n|t:|1699980245\n|move|p2a: Polteageist|Shadow Ball|p1a: Mozzerella\n|-resisted|p1a: Mozzerella\n|-damage|p1a: Mozzerella|0 fnt\n|faint|p1a: Mozzerella\n|\n|upkeep\n|\n|t:|1699980249\n|switch|p1a: Good Boi|Dachsbun, M|100\/100\n|turn|6\n|\n|t:|1699980255\n|move|p2a: Polteageist|Stored Power|p1a: Good Boi\n|-damage|p1a: Good Boi|0 fnt\n|faint|p1a: Good Boi\n|\n|upkeep\n|\n|t:|1699980259\n|switch|p1a: Knuckles|Armarouge, F|100\/100\n|turn|7\n|-activate|p1a: Knuckles|item: Quick Claw\n|\n|t:|1699980262\n|move|p1a: Knuckles|Shadow Ball|p2a: Polteageist\n|-supereffective|p2a: Polteageist\n|-damage|p2a: Polteageist|0 fnt\n|faint|p2a: Polteageist\n|\n|upkeep\n|\n|t:|1699980273\n|switch|p2a: Ceruledge|Ceruledge, M|100\/100\n|turn|8\n|\n|t:|1699980279\n|-terastallize|p2a: Ceruledge|Ghost\n|move|p2a: Ceruledge|Shadow Sneak|p1a: Knuckles\n|-supereffective|p1a: Knuckles\n|-damage|p1a: Knuckles|46\/100\n|move|p1a: Knuckles|Shadow Ball|p2a: Ceruledge\n|-supereffective|p2a: Ceruledge\n|-damage|p2a: Ceruledge|25\/100\n|\n|upkeep\n|turn|9\n|\n|t:|1699980287\n|-terastallize|p1a: Knuckles|Fire\n|move|p2a: Ceruledge|Shadow Sneak|p1a: Knuckles\n|-damage|p1a: Knuckles|17\/100\n|move|p1a: Knuckles|Shadow Ball|p2a: Ceruledge\n|-supereffective|p2a: Ceruledge\n|-damage|p2a: Ceruledge|0 fnt\n|faint|p2a: Ceruledge\n|\n|upkeep\n|\n|t:|1699980293\n|switch|p2a: Manaphy|Manaphy, shiny|100\/100\n|turn|10\n|-activate|p1a: Knuckles|item: Quick Claw\n|\n|t:|1699980296\n|move|p1a: Knuckles|Energy Ball|p2a: Manaphy\n|-supereffective|p2a: Manaphy\n|-damage|p2a: Manaphy|38\/100\n|-enditem|p2a: Manaphy|Weakness Policy\n|-boost|p2a: Manaphy|atk|2|[from] item: Weakness Policy\n|-boost|p2a: Manaphy|spa|2|[from] item: Weakness Policy\n|move|p2a: Manaphy|Hydro Pump|p1a: Knuckles\n|-supereffective|p1a: Knuckles\n|-damage|p1a: Knuckles|0 fnt\n|faint|p1a: Knuckles\n|\n|win|i love ericdoa\n|raw|Intensityeee's rating: 1160 &rarr; <strong>1133<\/strong><br \/>(-27 for losing)\n|raw|i love ericdoa's rating: 1136 &rarr; <strong>1163<\/strong><br \/>(+27 for winning)\n|l|\u2606Intensityeee\n","uploadtime":1699980317,"views":5,"p1id":"intensityeee","p2id":"iloveericdoa","formatid":"gen9anythinggoes","rating":1133,"private":0,"password":""}