{"id":"gen9anythinggoes-1991435253","p1":"Leon318","p2":"baconofthebbq","format":"[Gen 9] Anything Goes","log":"|j|\u2606Leon318\n|j|\u2606baconofthebbq\n|t:|1700076863\n|gametype|singles\n|player|p1|Leon318|lucas|\n|player|p2|baconofthebbq|salvatore|\n|teamsize|p1|6\n|teamsize|p2|6\n|gen|9\n|tier|[Gen 9] Anything Goes\n|rule|HP Percentage Mod: HP is shown in percentages\n|rule|Endless Battle Clause: Forcing endless battles is banned\n|clearpoke\n|poke|p1|Dondozo, F|\n|poke|p1|Dondozo, F|\n|poke|p1|Dondozo, M|\n|poke|p1|Dondozo, M|\n|poke|p1|Dondozo, M|\n|poke|p1|Dondozo, F|\n|poke|p2|Mimikyu, F|\n|poke|p2|Rotom-Heat|\n|poke|p2|Orthworm, M|\n|poke|p2|Regieleki|\n|poke|p2|Rotom-Frost|\n|poke|p2|Iron Valiant|\n|teampreview\n|inactive|Battle timer is ON: inactive players will automatically lose when time's up. (requested by baconofthebbq)\n|c|\u2606baconofthebbq|all my fellas\n|c|\u2606Leon318|ready?\n|c|\u2606baconofthebbq|all my fellas\n|c|\u2606Leon318|here gimme a moment\n|c|\u2606Leon318|lets do it boy\n|inactive|baconofthebbq has 270 seconds left.\n|\n|t:|1700076898\n|start\n|switch|p1a: Dondozo|Dondozo, F|100\/100\n|switch|p2a: elec|Regieleki, shiny|100\/100\n|turn|1\n|\n|t:|1700076906\n|-terastallize|p1a: Dondozo|Electric\n|move|p2a: elec|Electric Terrain|p2a: elec\n|-fieldstart|move: Electric Terrain\n|move|p1a: Dondozo|Curse|p1a: Dondozo\n|-unboost|p1a: Dondozo|spe|1\n|-boost|p1a: Dondozo|atk|1\n|-boost|p1a: Dondozo|def|1\n|\n|upkeep\n|turn|2\n|\n|t:|1700076911\n|switch|p2a: gummy|Orthworm, M, shiny|100\/100\n|move|p1a: Dondozo|Curse|p1a: Dondozo\n|-unboost|p1a: Dondozo|spe|1\n|-boost|p1a: Dondozo|atk|1\n|-boost|p1a: Dondozo|def|1\n|\n|upkeep\n|turn|3\n|\n|t:|1700076914\n|move|p2a: gummy|Earthquake|p1a: Dondozo\n|-supereffective|p1a: Dondozo\n|-damage|p1a: Dondozo|88\/100\n|move|p1a: Dondozo|Curse|p1a: Dondozo\n|-unboost|p1a: Dondozo|spe|1\n|-boost|p1a: Dondozo|atk|1\n|-boost|p1a: Dondozo|def|1\n|\n|upkeep\n|turn|4\n|\n|t:|1700076919\n|move|p2a: gummy|Earth Power|p1a: Dondozo\n|-supereffective|p1a: Dondozo\n|-damage|p1a: Dondozo|62\/100\n|move|p1a: Dondozo|Curse|p1a: Dondozo\n|-unboost|p1a: Dondozo|spe|1\n|-boost|p1a: Dondozo|atk|1\n|-boost|p1a: Dondozo|def|1\n|\n|upkeep\n|turn|5\n|c|\u2606Leon318|curse.\n|\n|t:|1700076939\n|move|p2a: gummy|Earth Power|p1a: Dondozo\n|-supereffective|p1a: Dondozo\n|-damage|p1a: Dondozo|36\/100\n|move|p1a: Dondozo|Curse|p1a: Dondozo\n|-unboost|p1a: Dondozo|spe|1\n|-boost|p1a: Dondozo|atk|1\n|-boost|p1a: Dondozo|def|1\n|\n|-fieldend|move: Electric Terrain\n|upkeep\n|turn|6\n|\n|t:|1700076944\n|move|p2a: gummy|Earth Power|p1a: Dondozo\n|-supereffective|p1a: Dondozo\n|-damage|p1a: Dondozo|13\/100\n|move|p1a: Dondozo|Rest|p1a: Dondozo\n|-status|p1a: Dondozo|slp|[from] move: Rest\n|-heal|p1a: Dondozo|100\/100 slp|[silent]\n|\n|upkeep\n|turn|7\n|c|\u2606baconofthebbq|become die\n|c|\u2606Leon318|n o\n|c|\u2606Leon318|i refuse\n|\n|t:|1700076955\n|move|p2a: gummy|Earthquake|p1a: Dondozo\n|-supereffective|p1a: Dondozo\n|-crit|p1a: Dondozo\n|-damage|p1a: Dondozo|64\/100 slp\n|cant|p1a: Dondozo|slp\n|\n|upkeep\n|turn|8\n|c|\u2606baconofthebbq|da faq\n|\n|t:|1700076962\n|move|p2a: gummy|Iron Defense|p2a: gummy\n|-boost|p2a: gummy|def|2\n|cant|p1a: Dondozo|slp\n|\n|upkeep\n|turn|9\n|\n|t:|1700076966\n|move|p2a: gummy|Earthquake|p1a: Dondozo\n|-supereffective|p1a: Dondozo\n|-damage|p1a: Dondozo|57\/100 slp\n|-curestatus|p1a: Dondozo|slp|[msg]\n|move|p1a: Dondozo|Fissure|p2a: gummy\n|-immune|p2a: gummy|[from] ability: Earth Eater\n|\n|upkeep\n|turn|10\n|\n|t:|1700076970\n|move|p2a: gummy|Earth Power|p1a: Dondozo\n|-supereffective|p1a: Dondozo\n|-damage|p1a: Dondozo|35\/100\n|move|p1a: Dondozo|Fissure|p2a: gummy\n|-immune|p2a: gummy|[from] ability: Earth Eater\n|\n|upkeep\n|turn|11\n|c|\u2606Leon318|NOOO\n|\n|t:|1700076980\n|move|p2a: gummy|Earth Power|p1a: Dondozo\n|-supereffective|p1a: Dondozo\n|-damage|p1a: Dondozo|12\/100\n|move|p1a: Dondozo|Curse|p1a: Dondozo\n|-unboost|p1a: Dondozo|spe|1\n|-boost|p1a: Dondozo|atk|1\n|-boost|p1a: Dondozo|def|1\n|\n|upkeep\n|turn|12\n|c|\u2606baconofthebbq|heh\n|c|\u2606Leon318|SWITCH\n|\n|t:|1700076988\n|move|p2a: gummy|Earth Power|p1a: Dondozo\n|-supereffective|p1a: Dondozo\n|-damage|p1a: Dondozo|0 fnt\n|faint|p1a: Dondozo\n|\n|upkeep\n|c|\u2606Leon318|pls its still being tested\n|c|\u2606Leon318|lol\n|c|\u2606Leon318|dang\n|c|\u2606baconofthebbq|hehehheh\n|c|\u2606Leon318|self reminder make them have other moves\n|\n|t:|1700077003\n|switch|p1a: Dondozo|Dondozo, F|100\/100\n|turn|13\n|inactive|Leon318 has 270 seconds left.\n|c|\u2606baconofthebbq|im slowly losing sanity\n|c|\u2606Leon318|alr lol\n|\n|t:|1700077047\n|switch|p2a: elec|Regieleki, shiny|100\/100\n|move|p1a: Dondozo|Protect||[still]\n|-fail|p1a: Dondozo\n|\n|upkeep\n|turn|14\n|c|\u2606baconofthebbq|im supposed to be in class rn XD\n|c|\u2606Leon318|SMAE\n|c|\u2606baconofthebbq|but im not\n|c|\u2606Leon318|how old are u?\n|c|\u2606baconofthebbq|13 in less then a month\n|\n|t:|1700077071\n|move|p2a: elec|Thunder|p1a: Dondozo\n|-supereffective|p1a: Dondozo\n|-damage|p1a: Dondozo|14\/100\n|move|p1a: Dondozo|Curse|p1a: Dondozo\n|-unboost|p1a: Dondozo|spe|1\n|-boost|p1a: Dondozo|atk|1\n|-boost|p1a: Dondozo|def|1\n|\n|upkeep\n|turn|15\n|inactive|Leon318 has 270 seconds left.\n|\n|t:|1700077078\n|move|p2a: elec|Thunder|p1a: Dondozo\n|-supereffective|p1a: Dondozo\n|-damage|p1a: Dondozo|0 fnt\n|faint|p1a: Dondozo\n|\n|upkeep\n|\n|t:|1700077080\n|switch|p1a: Dondozo|Dondozo, M|100\/100\n|turn|16\n|c|\u2606baconofthebbq|become die\n|\n|t:|1700077087\n|move|p2a: elec|Thunder|p1a: Dondozo\n|-supereffective|p1a: Dondozo\n|-damage|p1a: Dondozo|20\/100\n|move|p1a: Dondozo|Fissure|p2a: elec\n|-damage|p2a: elec|0 fnt\n|faint|p2a: elec\n|-ohko\n|\n|upkeep\n|c|\u2606Leon318|lol im 14 turning 15\n|c|\u2606baconofthebbq|ohgod\n|\n|t:|1700077099\n|switch|p2a: microwave|Rotom-Heat, shiny|100\/100\n|turn|17\n|c|\u2606Leon318|MWAHAHAHA\n|c|\u2606Leon318|NOW U REALIZE\n|\n|t:|1700077104\n|move|p2a: microwave|Thunder|p1a: Dondozo\n|-supereffective|p1a: Dondozo\n|-damage|p1a: Dondozo|0 fnt\n|faint|p1a: Dondozo\n|\n|upkeep\n|\n|t:|1700077106\n|switch|p1a: Dondozo|Dondozo, M|100\/100\n|turn|18\n|c|\u2606Leon318|but i messed it up so\n|c|\u2606Leon318|dang\n|\n|t:|1700077113\n|move|p2a: microwave|Overheat|p1a: Dondozo\n|-resisted|p1a: Dondozo\n|-damage|p1a: Dondozo|79\/100\n|-unboost|p2a: microwave|spa|2\n|-enditem|p2a: microwave|White Herb\n|-clearnegativeboost|p2a: microwave|[silent]\n|move|p1a: Dondozo|Fissure|p2a: microwave\n|-immune|p2a: microwave|[from] ability: Levitate\n|\n|upkeep\n|turn|19\n|\n|t:|1700077116\n|move|p2a: microwave|Thunder|p1a: Dondozo\n|-supereffective|p1a: Dondozo\n|-damage|p1a: Dondozo|0 fnt\n|faint|p1a: Dondozo\n|\n|upkeep\n|\n|t:|1700077123\n|switch|p1a: Dondozo|Dondozo, M|100\/100\n|turn|20\n|c|\u2606baconofthebbq|microwave\n|c|\u2606Leon318|hmm..\n|c|\u2606Leon318|what if i..\n|c|\u2606Leon318|i got an idea\n|c|\u2606Leon318|ill use two pokemon with 2 diff OK moves\n|c|\u2606Leon318|ohko*\n|c|\u2606Leon318|lol\n|\n|t:|1700077146\n|move|p2a: microwave|Thunder|p1a: Dondozo\n|-supereffective|p1a: Dondozo\n|-damage|p1a: Dondozo|26\/100\n|-status|p1a: Dondozo|par\n|move|p1a: Dondozo|Fissure|p2a: microwave\n|-immune|p2a: microwave|[from] ability: Levitate\n|\n|upkeep\n|turn|21\n|c|\u2606baconofthebbq|mhawhahah\n|inactive|Leon318 has 270 seconds left.\n|c|\u2606baconofthebbq|ALL MY ROTOMS HAVE LEVITATE\n|c|\u2606baconofthebbq|HAHHAHA\n|\n|t:|1700077189\n|move|p2a: microwave|Thunder|p1a: Dondozo\n|-supereffective|p1a: Dondozo\n|-damage|p1a: Dondozo|0 fnt\n|faint|p1a: Dondozo\n|\n|upkeep\n|c|\u2606Leon318|danggg\n|c|\u2606Leon318|okay okay u win\n|\n|t:|1700077195\n|switch|p1a: Dondozo|Dondozo, F|100\/100\n|turn|22\n|c|\u2606baconofthebbq|YOU CAN NEVER DEFEAT\n|c|\u2606baconofthebbq|MICROWAVE\n|inactive|Leon318 has 240 seconds left.\n|\n|t:|1700077220\n|move|p2a: microwave|Will-O-Wisp|p1a: Dondozo\n|-status|p1a: Dondozo|brn\n|move|p1a: Dondozo|Fissure|p2a: microwave\n|-immune|p2a: microwave|[from] ability: Levitate\n|\n|-damage|p1a: Dondozo|94\/100 brn|[from] brn\n|upkeep\n|turn|23\n|\n|t:|1700077225\n|move|p2a: microwave|Overheat|p1a: Dondozo\n|-resisted|p1a: Dondozo\n|-damage|p1a: Dondozo|71\/100 brn\n|-unboost|p2a: microwave|spa|2\n|move|p1a: Dondozo|Fissure|p2a: microwave\n|-immune|p2a: microwave|[from] ability: Levitate\n|\n|-damage|p1a: Dondozo|65\/100 brn|[from] brn\n|upkeep\n|turn|24\n|\n|t:|1700077229\n|move|p2a: microwave|Thunder|p1a: Dondozo|[miss]\n|-miss|p2a: microwave|p1a: Dondozo\n|move|p1a: Dondozo|Curse|p1a: Dondozo\n|-unboost|p1a: Dondozo|spe|1\n|-boost|p1a: Dondozo|atk|1\n|-boost|p1a: Dondozo|def|1\n|\n|-damage|p1a: Dondozo|59\/100 brn|[from] brn\n|upkeep\n|turn|25\n|\n|t:|1700077232\n|move|p2a: microwave|Thunder|p1a: Dondozo\n|-supereffective|p1a: Dondozo\n|-damage|p1a: Dondozo|0 fnt\n|faint|p1a: Dondozo\n|\n|win|baconofthebbq\n|c|\u2606Leon318|idea\n|c|\u2606Leon318|hold on\n|c|\u2606baconofthebbq|HAHHAHAHHAHAH\n|c|\u2606Leon318|its called testing wait a moment\n|l|\u2606Leon318\n","uploadtime":1700077244,"views":5,"p1id":"leon318","p2id":"baconofthebbq","formatid":"gen9anythinggoes","rating":0,"private":0,"password":""}