{"id":"gen9anythinggoes-1981525901","p1":"Ndnfjfjf","p2":"stallgod6000","format":"[Gen 9] Anything Goes","log":"|j|\u2606Ndnfjfjf\n|j|\u2606stallgod6000\n|t:|1698912424\n|gametype|singles\n|player|p1|Ndnfjfjf|n|1000\n|player|p2|stallgod6000|wallace|1000\n|teamsize|p1|6\n|teamsize|p2|6\n|gen|9\n|tier|[Gen 9] Anything Goes\n|rated|\n|rule|HP Percentage Mod: HP is shown in percentages\n|rule|Endless Battle Clause: Forcing endless battles is banned\n|clearpoke\n|poke|p1|Zacian-*|\n|poke|p1|Calyrex-Shadow|\n|poke|p1|Arboliva, M|\n|poke|p1|Glimmora, M|\n|poke|p1|Drifblim, M|\n|poke|p1|Ogerpon-Wellspring, F|\n|poke|p2|Chien-Pao|\n|poke|p2|Chien-Pao|\n|poke|p2|Chien-Pao|\n|poke|p2|Chien-Pao|\n|poke|p2|Chien-Pao|\n|poke|p2|Chien-Pao|\n|teampreview\n|\n|t:|1698912433\n|start\n|switch|p1a: Glimmora|Glimmora, M, shiny|100\/100\n|switch|p2a: Chien-Pao|Chien-Pao|100\/100\n|-ability|p2a: Chien-Pao|Sword of Ruin\n|turn|1\n|\n|t:|1698912444\n|move|p2a: Chien-Pao|Sheer Cold|p1a: Glimmora\n|-damage|p1a: Glimmora|0 fnt\n|faint|p1a: Glimmora\n|-ohko\n|\n|upkeep\n|\n|t:|1698912451\n|switch|p1a: Ogerpon|Ogerpon-Wellspring, F|100\/100\n|turn|2\n|\n|t:|1698912463\n|move|p2a: Chien-Pao|Sheer Cold|p1a: Ogerpon\n|-damage|p1a: Ogerpon|0 fnt\n|faint|p1a: Ogerpon\n|-ohko\n|\n|upkeep\n|\n|t:|1698912468\n|switch|p1a: Arboliva|Arboliva, M, shiny|100\/100\n|turn|3\n|\n|t:|1698912472\n|move|p2a: Chien-Pao|Sheer Cold|p1a: Arboliva|[miss]\n|-miss|p2a: Chien-Pao|p1a: Arboliva\n|move|p1a: Arboliva|Leech Seed|p2a: Chien-Pao\n|-start|p2a: Chien-Pao|move: Leech Seed\n|\n|-damage|p2a: Chien-Pao|88\/100|[from] Leech Seed|[of] p1a: Arboliva\n|upkeep\n|turn|4\n|\n|t:|1698912480\n|move|p1a: Arboliva|Protect|p1a: Arboliva\n|-singleturn|p1a: Arboliva|Protect\n|move|p2a: Chien-Pao|Sheer Cold|p1a: Arboliva\n|-activate|p1a: Arboliva|move: Protect\n|\n|-damage|p2a: Chien-Pao|76\/100|[from] Leech Seed|[of] p1a: Arboliva\n|upkeep\n|turn|5\n|\n|t:|1698912489\n|move|p2a: Chien-Pao|Sheer Cold|p1a: Arboliva|[miss]\n|-miss|p2a: Chien-Pao|p1a: Arboliva\n|move|p1a: Arboliva|Leaf Storm|p2a: Chien-Pao\n|-damage|p2a: Chien-Pao|0 fnt\n|-unboost|p1a: Arboliva|spa|2\n|faint|p2a: Chien-Pao\n|\n|upkeep\n|\n|t:|1698912492\n|switch|p2a: Chien-Pao|Chien-Pao|100\/100\n|-ability|p2a: Chien-Pao|Sword of Ruin\n|turn|6\n|\n|t:|1698912501\n|move|p2a: Chien-Pao|Sheer Cold|p1a: Arboliva|[miss]\n|-miss|p2a: Chien-Pao|p1a: Arboliva\n|move|p1a: Arboliva|Leech Seed|p2a: Chien-Pao\n|-start|p2a: Chien-Pao|move: Leech Seed\n|\n|-damage|p2a: Chien-Pao|88\/100|[from] Leech Seed|[of] p1a: Arboliva\n|upkeep\n|turn|7\n|\n|t:|1698912509\n|move|p1a: Arboliva|Protect|p1a: Arboliva\n|-singleturn|p1a: Arboliva|Protect\n|move|p2a: Chien-Pao|Sheer Cold|p1a: Arboliva\n|-activate|p1a: Arboliva|move: Protect\n|\n|-damage|p2a: Chien-Pao|76\/100|[from] Leech Seed|[of] p1a: Arboliva\n|upkeep\n|turn|8\n|\n|t:|1698912518\n|switch|p1a: Drifblim|Drifblim, M, shiny|100\/100\n|move|p2a: Chien-Pao|Sheer Cold|p1a: Drifblim|[miss]\n|-miss|p2a: Chien-Pao|p1a: Drifblim\n|\n|-damage|p2a: Chien-Pao|64\/100|[from] Leech Seed|[of] p1a: Drifblim\n|upkeep\n|turn|9\n|\n|t:|1698912527\n|move|p2a: Chien-Pao|Sheer Cold|p1a: Drifblim\n|-damage|p1a: Drifblim|0 fnt\n|faint|p1a: Drifblim\n|-ohko\n|\n|upkeep\n|\n|t:|1698912530\n|switch|p1a: Arboliva|Arboliva, M, shiny|100\/100\n|turn|10\n|\n|t:|1698912538\n|move|p2a: Chien-Pao|Sheer Cold|p1a: Arboliva|[miss]\n|-miss|p2a: Chien-Pao|p1a: Arboliva\n|move|p1a: Arboliva|Leaf Storm|p2a: Chien-Pao\n|-damage|p2a: Chien-Pao|0 fnt\n|-unboost|p1a: Arboliva|spa|2\n|faint|p2a: Chien-Pao\n|\n|upkeep\n|\n|t:|1698912546\n|switch|p2a: Chien-Pao|Chien-Pao|100\/100\n|-ability|p2a: Chien-Pao|Sword of Ruin\n|turn|11\n|\n|t:|1698912557\n|move|p2a: Chien-Pao|Sheer Cold|p1a: Arboliva\n|-damage|p1a: Arboliva|0 fnt\n|faint|p1a: Arboliva\n|-ohko\n|\n|upkeep\n|\n|t:|1698912561\n|switch|p1a: Calyrex|Calyrex-Shadow|100\/100\n|-ability|p1a: Calyrex|As One\n|-ability|p1a: Calyrex|Unnerve\n|turn|12\n|\n|t:|1698912568\n|-terastallize|p1a: Calyrex|Psychic\n|move|p2a: Chien-Pao|Sheer Cold|p1a: Calyrex\n|-damage|p1a: Calyrex|0 fnt\n|faint|p1a: Calyrex\n|-ohko\n|\n|upkeep\n|\n|t:|1698912573\n|switch|p1a: Zacian|Zacian-Crowned, shiny|100\/100\n|-ability|p1a: Zacian|Intrepid Sword|boost\n|-boost|p1a: Zacian|atk|1\n|turn|13\n|\n|t:|1698912578\n|move|p2a: Chien-Pao|Sheer Cold|p1a: Zacian\n|-damage|p1a: Zacian|0 fnt\n|faint|p1a: Zacian\n|-ohko\n|\n|win|stallgod6000\n|raw|Ndnfjfjf's rating: 1000 &rarr; <strong>1000<\/strong><br \/>(+0 for losing)\n|raw|stallgod6000's rating: 1000 &rarr; <strong>1040<\/strong><br \/>(+40 for winning)\n|l|\u2606Ndnfjfjf\n","uploadtime":1698912586,"views":11,"p1id":"ndnfjfjf","p2id":"stallgod6000","formatid":"gen9anythinggoes","rating":1000,"private":0,"password":""}