{"id":"gen9anythinggoes-1973492901","p1":"MurrayDaCat","p2":"hoenn militian","format":"[Gen 9] Anything Goes","log":"|j|\u2606MurrayDaCat\n|j|\u2606hoenn militian\n|t:|1697983328\n|gametype|singles\n|player|p1|MurrayDaCat|2|1560\n|player|p2|hoenn militian|102|1698\n|teamsize|p1|6\n|teamsize|p2|6\n|gen|9\n|tier|[Gen 9] Anything Goes\n|rated|\n|rule|HP Percentage Mod: HP is shown in percentages\n|rule|Endless Battle Clause: Forcing endless battles is banned\n|clearpoke\n|poke|p1|Calyrex-Shadow|\n|poke|p1|Zacian-*|\n|poke|p1|Ribombee, F|\n|poke|p1|Koraidon|\n|poke|p1|Kingambit, F|\n|poke|p1|Urshifu-*, F|\n|poke|p2|Miraidon|\n|poke|p2|Grimmsnarl, M|\n|poke|p2|Skeledirge, F|\n|poke|p2|Blissey, F|\n|poke|p2|Azumarill, M|\n|poke|p2|Calyrex-Ice|\n|teampreview\n|\n|t:|1697983338\n|start\n|switch|p1a: Zacian|Zacian-Crowned, shiny|100\/100\n|switch|p2a: Miraidon|Miraidon|100\/100\n|-ability|p1a: Zacian|Intrepid Sword|boost\n|-boost|p1a: Zacian|atk|1\n|-fieldstart|move: Electric Terrain|[from] ability: Hadron Engine|[of] p2a: Miraidon\n|turn|1\n|inactive|Battle timer is ON: inactive players will automatically lose when time's up. (requested by MurrayDaCat)\n|\n|t:|1697983347\n|switch|p2a: Skeledirge|Skeledirge, F|100\/100\n|move|p1a: Zacian|Play Rough|p2a: Skeledirge\n|-resisted|p2a: Skeledirge\n|-damage|p2a: Skeledirge|86\/100\n|\n|upkeep\n|turn|2\n|\n|t:|1697983360\n|switch|p1a: Ribombee|Ribombee, F, shiny|100\/100\n|move|p2a: Skeledirge|Torch Song|p1a: Ribombee\n|-supereffective|p1a: Ribombee\n|-damage|p1a: Ribombee|14\/100\n|-boost|p2a: Skeledirge|spa|1\n|\n|upkeep\n|turn|3\n|\n|t:|1697983371\n|move|p1a: Ribombee|Sticky Web|p2a: Skeledirge\n|-sidestart|p2: hoenn militian|move: Sticky Web\n|move|p2a: Skeledirge|Torch Song|p1a: Ribombee\n|-supereffective|p1a: Ribombee\n|-damage|p1a: Ribombee|0 fnt\n|-boost|p2a: Skeledirge|spa|1\n|faint|p1a: Ribombee\n|\n|upkeep\n|\n|t:|1697983378\n|switch|p1a: Urshifu|Urshifu-Rapid-Strike, F|100\/100\n|turn|4\n|\n|t:|1697983383\n|switch|p2a: Azumarill|Azumarill, M|100\/100\n|move|p1a: Urshifu|U-turn|p2a: Azumarill\n|-resisted|p2a: Azumarill\n|-damage|p2a: Azumarill|92\/100\n|j| Araceli_2.0\n|\n|t:|1697983388\n|switch|p1a: Zacian|Zacian-Crowned, shiny|100\/100|[from] U-turn\n|\n|upkeep\n|turn|5\n|\n|t:|1697983392\n|switch|p2a: Skeledirge|Skeledirge, F|86\/100\n|move|p1a: Zacian|Behemoth Blade|p2a: Skeledirge\n|-resisted|p2a: Skeledirge\n|-damage|p2a: Skeledirge|69\/100\n|\n|-fieldend|move: Electric Terrain\n|upkeep\n|turn|6\n|\n|t:|1697983403\n|switch|p1a: Calyrex|Calyrex-Shadow|100\/100\n|-ability|p1a: Calyrex|As One\n|-ability|p1a: Calyrex|Unnerve\n|move|p2a: Skeledirge|Will-O-Wisp|p1a: Calyrex\n|-status|p1a: Calyrex|brn\n|\n|-damage|p1a: Calyrex|94\/100 brn|[from] brn\n|upkeep\n|turn|7\n|\n|t:|1697983414\n|switch|p1a: Urshifu|Urshifu-Rapid-Strike, F|100\/100\n|switch|p2a: Grimmsnarl|Grimmsnarl, M|100\/100\n|\n|upkeep\n|turn|8\n|\n|t:|1697983421\n|-terastallize|p1a: Urshifu|Water\n|move|p2a: Grimmsnarl|Parting Shot|p1a: Urshifu\n|-unboost|p1a: Urshifu|atk|1\n|-unboost|p1a: Urshifu|spa|1\n|\n|t:|1697983425\n|switch|p2a: Azumarill|Azumarill, M|92\/100|[from] Parting Shot\n|move|p1a: Urshifu|Surging Strikes|p2a: Azumarill\n|-resisted|p2a: Azumarill\n|-crit|p2a: Azumarill\n|-damage|p2a: Azumarill|83\/100\n|-resisted|p2a: Azumarill\n|-crit|p2a: Azumarill\n|-damage|p2a: Azumarill|73\/100\n|-resisted|p2a: Azumarill\n|-crit|p2a: Azumarill\n|-damage|p2a: Azumarill|64\/100\n|-hitcount|p2a: Azumarill|3\n|\n|upkeep\n|turn|9\n|\n|t:|1697983440\n|switch|p1a: Zacian|Zacian-Crowned, shiny|100\/100\n|switch|p2a: Miraidon|Miraidon|100\/100\n|-fieldstart|move: Electric Terrain|[from] ability: Hadron Engine|[of] p2a: Miraidon\n|\n|upkeep\n|turn|10\n|\n|t:|1697983446\n|switch|p1a: Urshifu|Urshifu-Rapid-Strike, F, tera:Water|100\/100\n|move|p2a: Miraidon|Protect||[still]\n|-fail|p2a: Miraidon\n|\n|upkeep\n|turn|11\n|l| Araceli_2.0\n|\n|t:|1697983452\n|move|p1a: Urshifu|U-turn|p2a: Miraidon\n|-damage|p2a: Miraidon|74\/100\n|\n|t:|1697983457\n|switch|p1a: Kingambit|Kingambit, F, shiny|100\/100|[from] U-turn\n|-activate|p1a: Kingambit|ability: Supreme Overlord\n|-start|p1a: Kingambit|fallen1|[silent]\n|move|p2a: Miraidon|Electro Drift|p1a: Kingambit\n|-damage|p1a: Kingambit|11\/100\n|\n|upkeep\n|turn|12\n|\n|t:|1697983468\n|move|p1a: Kingambit|Sucker Punch|p2a: Miraidon\n|-damage|p2a: Miraidon|17\/100\n|move|p2a: Miraidon|Dragon Pulse|p1a: Kingambit\n|-resisted|p1a: Kingambit\n|-damage|p1a: Kingambit|0 fnt\n|faint|p1a: Kingambit\n|-end|p1a: Kingambit|fallen1|[silent]\n|\n|upkeep\n|j| Araceli_2.0\n|\n|t:|1697983480\n|switch|p1a: Calyrex|Calyrex-Shadow|94\/100 brn\n|-ability|p1a: Calyrex|As One\n|-ability|p1a: Calyrex|Unnerve\n|turn|13\n|\n|t:|1697983486\n|switch|p2a: Grimmsnarl|Grimmsnarl, M|100\/100\n|move|p1a: Calyrex|Astral Barrage|p2a: Grimmsnarl\n|-resisted|p2a: Grimmsnarl\n|-damage|p2a: Grimmsnarl|73\/100\n|\n|-damage|p1a: Calyrex|88\/100 brn|[from] brn\n|-fieldend|move: Electric Terrain\n|upkeep\n|turn|14\n|\n|t:|1697983496\n|switch|p1a: Zacian|Zacian-Crowned, shiny|100\/100\n|move|p2a: Grimmsnarl|Spirit Break|p1a: Zacian\n|-resisted|p1a: Zacian\n|-damage|p1a: Zacian|86\/100\n|-unboost|p1a: Zacian|spa|1\n|\n|upkeep\n|turn|15\n|\n|t:|1697983505\n|switch|p1a: Urshifu|Urshifu-Rapid-Strike, F, tera:Water|100\/100\n|move|p2a: Grimmsnarl|Parting Shot|p1a: Urshifu\n|-unboost|p1a: Urshifu|atk|1\n|-unboost|p1a: Urshifu|spa|1\n|\n|t:|1697983520\n|switch|p2a: Calyrex|Calyrex-Ice|100\/100|[from] Parting Shot\n|-ability|p2a: Calyrex|As One\n|-ability|p2a: Calyrex|Unnerve\n|\n|upkeep\n|turn|16\n|\n|t:|1697983528\n|move|p1a: Urshifu|Surging Strikes|p2a: Calyrex\n|-crit|p2a: Calyrex\n|-damage|p2a: Calyrex|85\/100\n|-crit|p2a: Calyrex\n|-damage|p2a: Calyrex|69\/100\n|-crit|p2a: Calyrex\n|-damage|p2a: Calyrex|52\/100\n|-hitcount|p2a: Calyrex|3\n|move|p2a: Calyrex|Leech Seed|p1a: Urshifu\n|-start|p1a: Urshifu|move: Leech Seed\n|\n|-damage|p1a: Urshifu|88\/100|[from] Leech Seed|[of] p2a: Calyrex\n|-heal|p2a: Calyrex|62\/100|[silent]\n|upkeep\n|turn|17\n|\n|t:|1697983541\n|switch|p1a: Zacian|Zacian-Crowned, shiny|86\/100\n|move|p2a: Calyrex|High Horsepower|p1a: Zacian\n|-supereffective|p1a: Zacian\n|-damage|p1a: Zacian|0 fnt\n|faint|p1a: Zacian\n|-ability|p2a: Calyrex|Chilling Neigh|boost\n|-boost|p2a: Calyrex|atk|1\n|\n|upkeep\n|\n|t:|1697983553\n|switch|p1a: Calyrex|Calyrex-Shadow|88\/100 brn\n|-ability|p1a: Calyrex|As One\n|-ability|p1a: Calyrex|Unnerve\n|turn|18\n|\n|t:|1697983559\n|switch|p2a: Grimmsnarl|Grimmsnarl, M|73\/100\n|move|p1a: Calyrex|Substitute|p1a: Calyrex\n|-start|p1a: Calyrex|Substitute\n|-damage|p1a: Calyrex|63\/100 brn\n|\n|-damage|p1a: Calyrex|57\/100 brn|[from] brn\n|upkeep\n|turn|19\n|\n|t:|1697983566\n|move|p1a: Calyrex|Nasty Plot|p1a: Calyrex\n|-boost|p1a: Calyrex|spa|2\n|move|p2a: Grimmsnarl|Foul Play|p1a: Calyrex\n|-supereffective|p1a: Calyrex\n|-end|p1a: Calyrex|Substitute\n|\n|-damage|p1a: Calyrex|51\/100 brn|[from] brn\n|upkeep\n|turn|20\n|\n|t:|1697983575\n|move|p2a: Grimmsnarl|Sucker Punch|p1a: Calyrex\n|-supereffective|p1a: Calyrex\n|-damage|p1a: Calyrex|0 fnt\n|faint|p1a: Calyrex\n|\n|upkeep\n|\n|t:|1697983579\n|switch|p1a: Urshifu|Urshifu-Rapid-Strike, F, tera:Water|88\/100\n|turn|21\n|\n|t:|1697983586\n|move|p2a: Grimmsnarl|Parting Shot|p1a: Urshifu\n|-unboost|p1a: Urshifu|atk|1\n|-unboost|p1a: Urshifu|spa|1\n|\n|t:|1697983594\n|switch|p2a: Blissey|Blissey, F|100\/100|[from] Parting Shot\n|move|p1a: Urshifu|Surging Strikes|p2a: Blissey\n|-crit|p2a: Blissey\n|-damage|p2a: Blissey|46\/100\n|-crit|p2a: Blissey\n|-damage|p2a: Blissey|0 fnt\n|faint|p2a: Blissey\n|-hitcount|p2: Blissey|2\n|\n|upkeep\n|\n|t:|1697983610\n|switch|p2a: Azumarill|Azumarill, M|64\/100\n|turn|22\n|\n|t:|1697983616\n|move|p1a: Urshifu|Surging Strikes|p2a: Azumarill\n|-resisted|p2a: Azumarill\n|-crit|p2a: Azumarill\n|-damage|p2a: Azumarill|53\/100\n|-resisted|p2a: Azumarill\n|-crit|p2a: Azumarill\n|-damage|p2a: Azumarill|44\/100\n|-resisted|p2a: Azumarill\n|-crit|p2a: Azumarill\n|-damage|p2a: Azumarill|34\/100\n|-hitcount|p2a: Azumarill|3\n|move|p2a: Azumarill|Play Rough|p1a: Urshifu\n|-damage|p1a: Urshifu|71\/100\n|\n|upkeep\n|turn|23\n|\n|t:|1697983627\n|move|p1a: Urshifu|Surging Strikes|p2a: Azumarill\n|-resisted|p2a: Azumarill\n|-crit|p2a: Azumarill\n|-damage|p2a: Azumarill|25\/100\n|-resisted|p2a: Azumarill\n|-crit|p2a: Azumarill\n|-damage|p2a: Azumarill|17\/100\n|-resisted|p2a: Azumarill\n|-crit|p2a: Azumarill\n|-damage|p2a: Azumarill|8\/100\n|-hitcount|p2a: Azumarill|3\n|move|p2a: Azumarill|Rest|p2a: Azumarill\n|-status|p2a: Azumarill|slp|[from] move: Rest\n|-heal|p2a: Azumarill|100\/100 slp|[silent]\n|\n|upkeep\n|turn|24\n|\n|t:|1697983640\n|switch|p1a: Koraidon|Koraidon|100\/100\n|-weather|SunnyDay|[from] ability: Orichalcum Pulse|[of] p1a: Koraidon\n|-activate|p1a: Koraidon|Orichalcum Pulse|[source]\n|cant|p2a: Azumarill|slp\n|\n|-weather|SunnyDay|[upkeep]\n|upkeep\n|turn|25\n|\n|t:|1697983647\n|move|p1a: Koraidon|Swords Dance|p1a: Koraidon\n|-boost|p1a: Koraidon|atk|2\n|cant|p2a: Azumarill|slp\n|\n|-weather|SunnyDay|[upkeep]\n|upkeep\n|turn|26\n|\n|t:|1697983657\n|move|p1a: Koraidon|Collision Course|p2a: Azumarill\n|-resisted|p2a: Azumarill\n|-damage|p2a: Azumarill|50\/100 slp\n|-curestatus|p2a: Azumarill|slp|[msg]\n|move|p2a: Azumarill|Encore|p1a: Koraidon\n|-start|p1a: Koraidon|Encore\n|\n|-weather|SunnyDay|[upkeep]\n|upkeep\n|turn|27\n|\n|t:|1697983666\n|switch|p2a: Skeledirge|Skeledirge, F|69\/100\n|move|p1a: Koraidon|Collision Course|p2a: Skeledirge\n|-immune|p2a: Skeledirge\n|\n|-weather|SunnyDay|[upkeep]\n|upkeep\n|turn|28\n|\n|t:|1697983674\n|move|p1a: Koraidon|Collision Course|p2a: Skeledirge\n|-immune|p2a: Skeledirge\n|move|p2a: Skeledirge|Will-O-Wisp|p1a: Koraidon\n|-status|p1a: Koraidon|brn\n|\n|-weather|none\n|-damage|p1a: Koraidon|94\/100 brn|[from] brn\n|upkeep\n|turn|29\n|-message|MurrayDaCat forfeited.\n|\n|win|hoenn militian\n|raw|MurrayDaCat's rating: 1560 &rarr; <strong>1548<\/strong><br \/>(-12 for losing)\n|raw|hoenn militian's rating: 1698 &rarr; <strong>1710<\/strong><br \/>(+12 for winning)\n|l|\u2606MurrayDaCat\n|l|\u2606hoenn militian\n|l| Araceli_2.0\n","uploadtime":1697983969,"views":4,"p1id":"murraydacat","p2id":"hoennmilitian","formatid":"gen9anythinggoes","rating":1548,"private":0,"password":""}