{"id":"gen9anythinggoes-1997122887","p1":"Jomarionromain","p2":"MAMADEAL","format":"[Gen 9] Anything Goes","log":"|j|\u2606Jomarionromain\n|j|\u2606MAMADEAL\n|t:|1700766806\n|gametype|singles\n|player|p1|Jomarionromain|red|\n|player|p2|MAMADEAL|169|\n|teamsize|p1|6\n|teamsize|p2|6\n|gen|9\n|tier|[Gen 9] Anything Goes\n|rule|HP Percentage Mod: HP is shown in percentages\n|rule|Endless Battle Clause: Forcing endless battles is banned\n|clearpoke\n|poke|p1|Palafin, F|\n|poke|p1|Gengar, F|\n|poke|p1|Lilligant-Hisui, F|\n|poke|p1|Slowbro-Galar, M|\n|poke|p1|Ninetales-Alola, M|\n|poke|p1|Armarouge, F|\n|poke|p2|Baxcalibur, F|\n|poke|p2|Sinistcha|\n|poke|p2|Skeledirge, M|\n|poke|p2|Glimmora, F|\n|poke|p2|Garganacl, F|\n|poke|p2|Gliscor, M|\n|teampreview\n|\n|t:|1700766819\n|start\n|switch|p1a: Slowbro|Slowbro-Galar, M|100\/100\n|switch|p2a: Gliscor|Gliscor, M|100\/100\n|turn|1\n|\n|t:|1700766849\n|move|p2a: Gliscor|Earth Power|p1a: Slowbro\n|-supereffective|p1a: Slowbro\n|-damage|p1a: Slowbro|63\/100\n|-unboost|p1a: Slowbro|spd|1\n|move|p1a: Slowbro|Shell Side Arm|p2a: Gliscor|[anim] Shell Side Arm Special\n|-resisted|p2a: Gliscor\n|-damage|p2a: Gliscor|68\/100\n|-hint|Special Shell Side Arm\n|\n|-heal|p1a: Slowbro|70\/100|[from] item: Leftovers\n|-status|p2a: Gliscor|tox|[from] item: Toxic Orb\n|upkeep\n|turn|2\n|-activate|p1a: Slowbro|ability: Quick Draw\n|\n|t:|1700766864\n|move|p1a: Slowbro|Shadow Ball|p2a: Gliscor\n|-damage|p2a: Gliscor|26\/100 tox\n|-unboost|p2a: Gliscor|spd|1\n|move|p2a: Gliscor|Earth Power|p1a: Slowbro\n|-supereffective|p1a: Slowbro\n|-damage|p1a: Slowbro|11\/100\n|\n|-heal|p1a: Slowbro|17\/100|[from] item: Leftovers\n|-heal|p2a: Gliscor|39\/100 tox|[from] ability: Poison Heal\n|upkeep\n|turn|3\n|\n|t:|1700766876\n|move|p2a: Gliscor|Fling|p1a: Slowbro\n|-supereffective|p1a: Slowbro\n|-damage|p1a: Slowbro|3\/100\n|-enditem|p2a: Gliscor|Toxic Orb|[from] move: Fling\n|move|p1a: Slowbro|Slack Off|p1a: Slowbro\n|-heal|p1a: Slowbro|53\/100\n|\n|-heal|p1a: Slowbro|59\/100|[from] item: Leftovers\n|-heal|p2a: Gliscor|51\/100 tox|[from] ability: Poison Heal\n|upkeep\n|turn|4\n|\n|t:|1700766888\n|move|p2a: Gliscor|Earth Power|p1a: Slowbro\n|-supereffective|p1a: Slowbro\n|-damage|p1a: Slowbro|0 fnt\n|faint|p1a: Slowbro\n|\n|-heal|p2a: Gliscor|63\/100 tox|[from] ability: Poison Heal\n|upkeep\n|\n|t:|1700766895\n|switch|p1a: Lilligant|Lilligant-Hisui, F|100\/100\n|turn|5\n|\n|t:|1700766912\n|move|p2a: Gliscor|Acrobatics|p1a: Lilligant\n|-supereffective|p1a: Lilligant\n|-enditem|p1a: Lilligant|Focus Sash\n|-damage|p1a: Lilligant|1\/100\n|move|p1a: Lilligant|Leaf Blade|p2a: Gliscor\n|-damage|p2a: Gliscor|23\/100 tox\n|\n|-heal|p2a: Gliscor|35\/100 tox|[from] ability: Poison Heal\n|upkeep\n|turn|6\n|\n|t:|1700766928\n|switch|p1a: Palafin|Palafin, F|100\/100\n|move|p2a: Gliscor|Earth Power|p1a: Palafin\n|-damage|p1a: Palafin|75\/100\n|\n|-heal|p1a: Palafin|81\/100|[from] item: Leftovers\n|-heal|p2a: Gliscor|48\/100 tox|[from] ability: Poison Heal\n|upkeep\n|turn|7\n|\n|t:|1700766944\n|move|p1a: Palafin|Jet Punch|p2a: Gliscor\n|-supereffective|p2a: Gliscor\n|-damage|p2a: Gliscor|6\/100 tox\n|move|p2a: Gliscor|Acrobatics|p1a: Palafin\n|-damage|p1a: Palafin|16\/100\n|\n|-heal|p1a: Palafin|22\/100|[from] item: Leftovers\n|-heal|p2a: Gliscor|18\/100 tox|[from] ability: Poison Heal\n|upkeep\n|turn|8\n|\n|t:|1700766961\n|switch|p2a: Sinistcha|Sinistcha|100\/100\n|move|p1a: Palafin|Flip Turn|p2a: Sinistcha\n|-resisted|p2a: Sinistcha\n|-damage|p2a: Sinistcha|90\/100\n|\n|t:|1700766969\n|detailschange|p1a: Palafin|Palafin-Hero, F\n|switch|p1a: Armarouge|Armarouge, F|100\/100|[from] Flip Turn\n|\n|-heal|p2a: Sinistcha|96\/100|[from] item: Leftovers\n|upkeep\n|turn|9\n|\n|t:|1700766994\n|switch|p2a: Gliscor|Gliscor, M|18\/100 tox\n|move|p1a: Armarouge|Armor Cannon|p2a: Gliscor\n|-damage|p2a: Gliscor|0 fnt\n|-unboost|p1a: Armarouge|def|1\n|-unboost|p1a: Armarouge|spd|1\n|faint|p2a: Gliscor\n|\n|upkeep\n|\n|t:|1700767012\n|switch|p2a: Glimmora|Glimmora, F|100\/100\n|turn|10\n|\n|t:|1700767026\n|switch|p1a: Palafin|Palafin-Hero, F|22\/100\n|-activate|p1a: Palafin|ability: Zero to Hero\n|move|p2a: Glimmora|Power Gem|p1a: Palafin\n|-damage|p1a: Palafin|0 fnt\n|faint|p1a: Palafin\n|\n|upkeep\n|\n|t:|1700767034\n|switch|p1a: Gengar|Gengar, F, shiny|100\/100\n|turn|11\n|\n|t:|1700767044\n|move|p1a: Gengar|Shadow Ball|p2a: Glimmora\n|-damage|p2a: Glimmora|36\/100\n|move|p2a: Glimmora|Power Gem|p1a: Gengar\n|-damage|p1a: Gengar|33\/100\n|\n|upkeep\n|turn|12\n|\n|t:|1700767056\n|move|p1a: Gengar|Shadow Ball|p2a: Glimmora\n|-damage|p2a: Glimmora|0 fnt\n|faint|p2a: Glimmora\n|\n|upkeep\n|\n|t:|1700767068\n|switch|p2a: Garganacl|Garganacl, F|100\/100\n|turn|13\n|\n|t:|1700767086\n|move|p1a: Gengar|Dark Pulse|p2a: Garganacl\n|-damage|p2a: Garganacl|83\/100\n|move|p2a: Garganacl|Iron Defense|p2a: Garganacl\n|-boost|p2a: Garganacl|def|2\n|\n|-heal|p2a: Garganacl|89\/100|[from] item: Leftovers\n|upkeep\n|turn|14\n|\n|t:|1700767095\n|move|p1a: Gengar|Shadow Ball|p2a: Garganacl\n|-damage|p2a: Garganacl|76\/100\n|move|p2a: Garganacl|Salt Cure|p1a: Gengar\n|-damage|p1a: Gengar|5\/100\n|-start|p1a: Gengar|Salt Cure\n|-start|p2a: Garganacl|Disable|Salt Cure|[from] ability: Cursed Body|[of] p1a: Gengar\n|\n|-heal|p2a: Garganacl|83\/100|[from] item: Leftovers\n|-damage|p1a: Gengar|0 fnt|[from] Salt Cure\n|faint|p1a: Gengar\n|upkeep\n|\n|t:|1700767105\n|switch|p1a: Lilligant|Lilligant-Hisui, F|1\/100\n|turn|15\n|\n|t:|1700767110\n|move|p1a: Lilligant|Leaf Blade|p2a: Garganacl\n|-supereffective|p2a: Garganacl\n|-damage|p2a: Garganacl|54\/100\n|move|p2a: Garganacl|Body Press|p1a: Lilligant\n|-damage|p1a: Lilligant|0 fnt\n|faint|p1a: Lilligant\n|\n|-heal|p2a: Garganacl|61\/100|[from] item: Leftovers\n|upkeep\n|\n|t:|1700767119\n|switch|p1a: Ninetales|Ninetales-Alola, M|100\/100\n|-weather|Snow|[from] ability: Snow Warning|[of] p1a: Ninetales\n|turn|16\n|\n|t:|1700767126\n|move|p1a: Ninetales|Aurora Veil|p1a: Ninetales\n|-sidestart|p1: Jomarionromain|move: Aurora Veil\n|move|p2a: Garganacl|Recover|p2a: Garganacl\n|-heal|p2a: Garganacl|100\/100\n|\n|-weather|Snow|[upkeep]\n|upkeep\n|turn|17\n|\n|t:|1700767133\n|move|p1a: Ninetales|Blizzard|p2a: Garganacl\n|-damage|p2a: Garganacl|74\/100\n|move|p2a: Garganacl|Body Press|p1a: Ninetales\n|-damage|p1a: Ninetales|76\/100\n|\n|-weather|Snow|[upkeep]\n|-heal|p1a: Ninetales|82\/100|[from] item: Leftovers\n|-heal|p2a: Garganacl|80\/100|[from] item: Leftovers\n|-end|p2a: Garganacl|Disable\n|upkeep\n|turn|18\n|\n|t:|1700767145\n|move|p1a: Ninetales|Freeze-Dry|p2a: Garganacl\n|-damage|p2a: Garganacl|62\/100\n|move|p2a: Garganacl|Salt Cure|p1a: Ninetales\n|-supereffective|p1a: Ninetales\n|-damage|p1a: Ninetales|69\/100\n|-start|p1a: Ninetales|Salt Cure\n|\n|-weather|Snow|[upkeep]\n|-heal|p1a: Ninetales|75\/100|[from] item: Leftovers\n|-heal|p2a: Garganacl|68\/100|[from] item: Leftovers\n|-damage|p1a: Ninetales|63\/100|[from] Salt Cure\n|upkeep\n|turn|19\n|\n|t:|1700767158\n|move|p1a: Ninetales|Blizzard|p2a: Garganacl\n|-damage|p2a: Garganacl|43\/100\n|move|p2a: Garganacl|Salt Cure|p1a: Ninetales\n|-supereffective|p1a: Ninetales\n|-damage|p1a: Ninetales|49\/100\n|\n|-weather|Snow|[upkeep]\n|-heal|p1a: Ninetales|55\/100|[from] item: Leftovers\n|-heal|p2a: Garganacl|49\/100|[from] item: Leftovers\n|-damage|p1a: Ninetales|42\/100|[from] Salt Cure\n|upkeep\n|turn|20\n|\n|t:|1700767169\n|move|p1a: Ninetales|Blizzard|p2a: Garganacl\n|-damage|p2a: Garganacl|24\/100\n|move|p2a: Garganacl|Recover|p2a: Garganacl\n|-heal|p2a: Garganacl|74\/100\n|\n|-weather|none\n|-heal|p1a: Ninetales|48\/100|[from] item: Leftovers\n|-heal|p2a: Garganacl|80\/100|[from] item: Leftovers\n|-damage|p1a: Ninetales|36\/100|[from] Salt Cure\n|-sideend|p1: Jomarionromain|move: Aurora Veil\n|upkeep\n|turn|21\n|\n|t:|1700767179\n|move|p1a: Ninetales|Blizzard|p2a: Garganacl|[miss]\n|-miss|p1a: Ninetales|p2a: Garganacl\n|move|p2a: Garganacl|Salt Cure|p1a: Ninetales\n|-supereffective|p1a: Ninetales\n|-damage|p1a: Ninetales|0 fnt\n|faint|p1a: Ninetales\n|\n|-heal|p2a: Garganacl|86\/100|[from] item: Leftovers\n|upkeep\n|\n|t:|1700767187\n|switch|p1a: Armarouge|Armarouge, F|100\/100\n|turn|22\n|\n|t:|1700767196\n|move|p1a: Armarouge|Aura Sphere|p2a: Garganacl\n|-supereffective|p2a: Garganacl\n|-damage|p2a: Garganacl|46\/100\n|move|p2a: Garganacl|Salt Cure|p1a: Armarouge\n|-supereffective|p1a: Armarouge\n|-damage|p1a: Armarouge|75\/100\n|-start|p1a: Armarouge|Salt Cure\n|-ability|p1a: Armarouge|Weak Armor|boost\n|-unboost|p1a: Armarouge|def|1\n|-boost|p1a: Armarouge|spe|2\n|\n|-heal|p1a: Armarouge|81\/100|[from] item: Leftovers\n|-heal|p2a: Garganacl|52\/100|[from] item: Leftovers\n|-damage|p1a: Armarouge|69\/100|[from] Salt Cure\n|upkeep\n|turn|23\n|\n|t:|1700767209\n|move|p1a: Armarouge|Aura Sphere|p2a: Garganacl\n|-supereffective|p2a: Garganacl\n|-damage|p2a: Garganacl|10\/100\n|move|p2a: Garganacl|Salt Cure|p1a: Armarouge\n|-supereffective|p1a: Armarouge\n|-damage|p1a: Armarouge|31\/100\n|-ability|p1a: Armarouge|Weak Armor|boost\n|-unboost|p1a: Armarouge|def|1\n|-boost|p1a: Armarouge|spe|2\n|\n|-heal|p1a: Armarouge|37\/100|[from] item: Leftovers\n|-heal|p2a: Garganacl|16\/100|[from] item: Leftovers\n|-damage|p1a: Armarouge|25\/100|[from] Salt Cure\n|upkeep\n|turn|24\n|\n|t:|1700767224\n|switch|p2a: Skeledirge|Skeledirge, M|100\/100\n|move|p1a: Armarouge|Aura Sphere|p2a: Skeledirge\n|-immune|p2a: Skeledirge\n|\n|-heal|p1a: Armarouge|31\/100|[from] item: Leftovers\n|-damage|p1a: Armarouge|19\/100|[from] Salt Cure\n|upkeep\n|turn|25\n|\n|t:|1700767235\n|move|p1a: Armarouge|Dark Pulse|p2a: Skeledirge\n|-supereffective|p2a: Skeledirge\n|-damage|p2a: Skeledirge|59\/100\n|cant|p2a: Skeledirge|flinch\n|\n|-heal|p1a: Armarouge|25\/100|[from] item: Leftovers\n|-heal|p2a: Skeledirge|65\/100|[from] item: Leftovers\n|-damage|p1a: Armarouge|13\/100|[from] Salt Cure\n|upkeep\n|turn|26\n|\n|t:|1700767244\n|move|p1a: Armarouge|Dark Pulse|p2a: Skeledirge\n|-supereffective|p2a: Skeledirge\n|-damage|p2a: Skeledirge|23\/100\n|move|p2a: Skeledirge|Slack Off|p2a: Skeledirge\n|-heal|p2a: Skeledirge|73\/100\n|\n|-heal|p1a: Armarouge|19\/100|[from] item: Leftovers\n|-heal|p2a: Skeledirge|79\/100|[from] item: Leftovers\n|-damage|p1a: Armarouge|7\/100|[from] Salt Cure\n|upkeep\n|turn|27\n|\n|t:|1700767253\n|move|p1a: Armarouge|Dark Pulse|p2a: Skeledirge\n|-supereffective|p2a: Skeledirge\n|-damage|p2a: Skeledirge|33\/100\n|move|p2a: Skeledirge|Slack Off|p2a: Skeledirge\n|-heal|p2a: Skeledirge|83\/100\n|\n|-heal|p1a: Armarouge|13\/100|[from] item: Leftovers\n|-heal|p2a: Skeledirge|89\/100|[from] item: Leftovers\n|-damage|p1a: Armarouge|0 fnt|[from] Salt Cure\n|faint|p1a: Armarouge\n|\n|win|MAMADEAL\n|upkeep\n|l|\u2606Jomarionromain\n","uploadtime":1700767265,"views":6,"p1id":"jomarionromain","p2id":"mamadeal","formatid":"gen9anythinggoes","rating":0,"private":0,"password":""}