{"id":"gen9anythinggoes-2000167449","p1":"mo0613","p2":"zhangdinglong","format":"[Gen 9] Anything Goes","log":"|j|\u2606mo0613\n|j|\u2606zhangdinglong\n|t:|1701166277\n|gametype|singles\n|player|p1|mo0613|psychic-gen4|1416\n|player|p2|zhangdinglong|elesa-masters|1621\n|teamsize|p1|6\n|teamsize|p2|6\n|gen|9\n|tier|[Gen 9] Anything Goes\n|rated|\n|rule|HP Percentage Mod: HP is shown in percentages\n|rule|Endless Battle Clause: Forcing endless battles is banned\n|clearpoke\n|poke|p1|Ting-Lu|\n|poke|p1|Corviknight, F|\n|poke|p1|Golem-Alola, F|\n|poke|p1|Gastrodon-East, F|\n|poke|p1|Donphan, M|\n|poke|p1|Altaria, M|\n|poke|p2|Arceus|\n|poke|p2|Arceus-Ground|\n|poke|p2|Koraidon|\n|poke|p2|Calyrex-Ice|\n|poke|p2|Arceus-Fairy|\n|poke|p2|Kyogre|\n|teampreview\n|inactive|Battle timer is ON: inactive players will automatically lose when time's up. (requested by mo0613)\n|inactive|mo0613 has 120 seconds left.\n|\n|t:|1701166326\n|start\n|switch|p1a: Ting-Lu|Ting-Lu|100\/100\n|switch|p2a: Arceus|Arceus-Fairy|100\/100\n|-ability|p1a: Ting-Lu|Vessel of Ruin\n|turn|1\n|\n|t:|1701166333\n|move|p2a: Arceus|Judgment|p1a: Ting-Lu\n|-supereffective|p1a: Ting-Lu\n|-damage|p1a: Ting-Lu|64\/100\n|move|p1a: Ting-Lu|Fissure|p2a: Arceus\n|-damage|p2a: Arceus|0 fnt\n|faint|p2a: Arceus\n|-ohko\n|\n|-heal|p1a: Ting-Lu|70\/100|[from] item: Leftovers\n|upkeep\n|\n|t:|1701166339\n|switch|p2a: Koraidon|Koraidon|100\/100\n|-weather|SunnyDay|[from] ability: Orichalcum Pulse|[of] p2a: Koraidon\n|-activate|p2a: Koraidon|Orichalcum Pulse|[source]\n|turn|2\n|inactive|mo0613 has 120 seconds left.\n|\n|t:|1701166391\n|move|p2a: Koraidon|U-turn|p1a: Ting-Lu\n|-supereffective|p1a: Ting-Lu\n|-damage|p1a: Ting-Lu|35\/100\n|\n|t:|1701166394\n|switch|p2a: Calyrex|Calyrex-Ice|100\/100|[from] U-turn\n|-ability|p2a: Calyrex|As One\n|-ability|p2a: Calyrex|Unnerve\n|move|p1a: Ting-Lu|Fissure|p2a: Calyrex|[miss]\n|-miss|p1a: Ting-Lu|p2a: Calyrex\n|\n|-weather|SunnyDay|[upkeep]\n|-heal|p1a: Ting-Lu|41\/100|[from] item: Leftovers\n|upkeep\n|turn|3\n|inactive|mo0613 has 90 seconds left.\n|\n|t:|1701166425\n|-terastallize|p2a: Calyrex|Ice\n|move|p1a: Ting-Lu|Fissure|p2a: Calyrex\n|-damage|p2a: Calyrex|0 fnt\n|faint|p2a: Calyrex\n|-ohko\n|\n|-weather|SunnyDay|[upkeep]\n|-heal|p1a: Ting-Lu|48\/100|[from] item: Leftovers\n|upkeep\n|inactive|zhangdinglong has 120 seconds left.\n|\n|t:|1701166457\n|switch|p2a: Kyogre|Kyogre|100\/100\n|-weather|RainDance|[from] ability: Drizzle|[of] p2a: Kyogre\n|turn|4\n|inactive|mo0613 has 90 seconds left.\n|\n|t:|1701166492\n|switch|p1a: Gastrodon|Gastrodon-East, F, shiny|100\/100\n|move|p2a: Kyogre|Ice Beam|p1a: Gastrodon\n|-damage|p1a: Gastrodon|71\/100\n|\n|-weather|RainDance|[upkeep]\n|upkeep\n|turn|5\n|\n|t:|1701166505\n|switch|p2a: Arceus|Arceus-Ground|100\/100\n|move|p1a: Gastrodon|Mirror Coat||[still]\n|-fail|p1a: Gastrodon\n|\n|-weather|RainDance|[upkeep]\n|upkeep\n|turn|6\n|\n|t:|1701166509\n|move|p2a: Arceus|Taunt|p1a: Gastrodon\n|-start|p1a: Gastrodon|move: Taunt\n|cant|p1a: Gastrodon|move: Taunt|Yawn\n|\n|-weather|RainDance|[upkeep]\n|upkeep\n|turn|7\n|\n|t:|1701166515\n|switch|p1a: Steel Phoenix|Corviknight, F, shiny|100\/100\n|move|p2a: Arceus|Ice Beam|p1a: Steel Phoenix\n|-damage|p1a: Steel Phoenix|67\/100\n|\n|-weather|RainDance|[upkeep]\n|upkeep\n|turn|8\n|\n|t:|1701166518\n|move|p2a: Arceus|Ice Beam|p1a: Steel Phoenix\n|-damage|p1a: Steel Phoenix|34\/100\n|move|p1a: Steel Phoenix|Roost|p1a: Steel Phoenix\n|-heal|p1a: Steel Phoenix|84\/100\n|-singleturn|p1a: Steel Phoenix|move: Roost\n|\n|-weather|none\n|upkeep\n|turn|9\n|\n|t:|1701166523\n|move|p2a: Arceus|Taunt|p1a: Steel Phoenix\n|-start|p1a: Steel Phoenix|move: Taunt\n|cant|p1a: Steel Phoenix|move: Taunt|Iron Defense\n|\n|upkeep\n|turn|10\n|\n|t:|1701166535\n|move|p2a: Arceus|Ice Beam|p1a: Steel Phoenix\n|-damage|p1a: Steel Phoenix|55\/100\n|move|p1a: Steel Phoenix|Body Press|p2a: Arceus\n|-crit|p2a: Arceus\n|-damage|p2a: Arceus|72\/100\n|\n|upkeep\n|turn|11\n|\n|t:|1701166541\n|move|p2a: Arceus|Ice Beam|p1a: Steel Phoenix\n|-damage|p1a: Steel Phoenix|25\/100\n|move|p1a: Steel Phoenix|Body Press|p2a: Arceus\n|-damage|p2a: Arceus|52\/100\n|\n|-end|p1a: Steel Phoenix|move: Taunt\n|upkeep\n|turn|12\n|\n|t:|1701166548\n|switch|p2a: Kyogre|Kyogre|100\/100\n|-weather|RainDance|[from] ability: Drizzle|[of] p2a: Kyogre\n|move|p1a: Steel Phoenix|Body Press|p2a: Kyogre\n|-damage|p2a: Kyogre|74\/100\n|\n|-weather|RainDance|[upkeep]\n|-heal|p2a: Kyogre|80\/100|[from] item: Leftovers\n|upkeep\n|turn|13\n|\n|t:|1701166552\n|move|p2a: Kyogre|Ice Beam|p1a: Steel Phoenix\n|-damage|p1a: Steel Phoenix|0 fnt\n|faint|p1a: Steel Phoenix\n|\n|-weather|RainDance|[upkeep]\n|-heal|p2a: Kyogre|86\/100|[from] item: Leftovers\n|upkeep\n|\n|t:|1701166556\n|switch|p1a: Gastrodon|Gastrodon-East, F, shiny|71\/100\n|turn|14\n|\n|t:|1701166568\n|move|p2a: Kyogre|Ice Beam|p1a: Gastrodon\n|-damage|p1a: Gastrodon|43\/100\n|move|p1a: Gastrodon|Yawn|p2a: Kyogre\n|-start|p2a: Kyogre|move: Yawn|[of] p1a: Gastrodon\n|\n|-weather|RainDance|[upkeep]\n|-heal|p2a: Kyogre|93\/100|[from] item: Leftovers\n|upkeep\n|turn|15\n|\n|t:|1701166590\n|switch|p2a: Arceus|Arceus-Ground|52\/100\n|move|p1a: Gastrodon|Mirror Coat||[still]\n|-fail|p1a: Gastrodon\n|\n|-weather|RainDance|[upkeep]\n|upkeep\n|turn|16\n|\n|t:|1701166595\n|move|p2a: Arceus|Taunt|p1a: Gastrodon\n|-start|p1a: Gastrodon|move: Taunt\n|cant|p1a: Gastrodon|move: Taunt|Yawn\n|\n|-weather|none\n|upkeep\n|turn|17\n|\n|t:|1701166601\n|move|p2a: Arceus|Judgment|p1a: Gastrodon\n|-damage|p1a: Gastrodon|0 fnt\n|faint|p1a: Gastrodon\n|\n|upkeep\n|\n|t:|1701166626\n|switch|p1a: Goodness Bird|Altaria, M, shiny|100\/100\n|turn|18\n|\n|t:|1701166632\n|-terastallize|p1a: Goodness Bird|Steel\n|move|p2a: Arceus|Ice Beam|p1a: Goodness Bird\n|-resisted|p1a: Goodness Bird\n|-damage|p1a: Goodness Bird|88\/100\n|move|p1a: Goodness Bird|Fire Spin|p2a: Arceus|[miss]\n|-miss|p1a: Goodness Bird|p2a: Arceus\n|\n|-heal|p1a: Goodness Bird|94\/100|[from] item: Leftovers\n|upkeep\n|turn|19\n|\n|t:|1701166639\n|move|p2a: Arceus|Judgment|p1a: Goodness Bird\n|-supereffective|p1a: Goodness Bird\n|-damage|p1a: Goodness Bird|0 fnt\n|faint|p1a: Goodness Bird\n|\n|upkeep\n|\n|t:|1701166644\n|switch|p1a: Donphan|Donphan, M|100\/100\n|turn|20\n|\n|t:|1701166669\n|move|p2a: Arceus|Taunt|p1a: Donphan\n|-start|p1a: Donphan|move: Taunt\n|move|p1a: Donphan|Knock Off|p2a: Arceus\n|-damage|p2a: Arceus|39\/100\n|\n|upkeep\n|turn|21\n|\n|t:|1701166677\n|move|p2a: Arceus|Judgment|p1a: Donphan\n|-damage|p1a: Donphan|27\/100\n|move|p1a: Donphan|Earthquake|p2a: Arceus\n|-damage|p2a: Arceus|7\/100\n|\n|upkeep\n|turn|22\n|\n|t:|1701166685\n|move|p2a: Arceus|Judgment|p1a: Donphan\n|-damage|p1a: Donphan|0 fnt\n|faint|p1a: Donphan\n|\n|upkeep\n|\n|t:|1701166687\n|switch|p1a: Ting-Lu|Ting-Lu|48\/100\n|-ability|p1a: Ting-Lu|Vessel of Ruin\n|turn|23\n|\n|t:|1701166690\n|switch|p2a: Arceus|Arceus|100\/100\n|move|p1a: Ting-Lu|Lash Out|p2a: Arceus\n|-damage|p2a: Arceus|87\/100\n|\n|-heal|p1a: Ting-Lu|54\/100|[from] item: Leftovers\n|upkeep\n|turn|24\n|\n|t:|1701166697\n|move|p2a: Arceus|Healing Wish|p2a: Arceus\n|faint|p2a: Arceus\n|move|p1a: Ting-Lu|Taunt|p2: Arceus|[notarget]\n|-fail|p1a: Ting-Lu\n|\n|-heal|p1a: Ting-Lu|60\/100|[from] item: Leftovers\n|upkeep\n|\n|t:|1701166699\n|switch|p2a: Arceus|Arceus-Ground|7\/100\n|-heal|p2a: Arceus|100\/100|[from] move: Healing Wish\n|turn|25\n|\n|t:|1701166705\n|move|p2a: Arceus|Judgment|p1a: Ting-Lu\n|-damage|p1a: Ting-Lu|32\/100\n|move|p1a: Ting-Lu|Fissure|p2a: Arceus|[miss]\n|-miss|p1a: Ting-Lu|p2a: Arceus\n|\n|-heal|p1a: Ting-Lu|38\/100|[from] item: Leftovers\n|upkeep\n|turn|26\n|c|\u2606mo0613|goooo\n|\n|t:|1701166712\n|move|p2a: Arceus|Ice Beam|p1a: Ting-Lu\n|-supereffective|p1a: Ting-Lu\n|-damage|p1a: Ting-Lu|9\/100\n|move|p1a: Ting-Lu|Fissure|p2a: Arceus\n|-damage|p2a: Arceus|0 fnt\n|faint|p2a: Arceus\n|-ohko\n|\n|-heal|p1a: Ting-Lu|15\/100|[from] item: Leftovers\n|upkeep\n|c|\u2606mo0613|:D\n|c|\u2606mo0613|but I'll lose\n|c|\u2606mo0613|ggg\n|c|\u2606mo0613|gg\n|inactive|zhangdinglong has 120 seconds left.\n|\n|t:|1701166756\n|switch|p2a: Kyogre|Kyogre|93\/100\n|-weather|RainDance|[from] ability: Drizzle|[of] p2a: Kyogre\n|turn|27\n|\n|t:|1701166779\n|move|p2a: Kyogre|Water Spout|p1a: Ting-Lu\n|-supereffective|p1a: Ting-Lu\n|-damage|p1a: Ting-Lu|0 fnt\n|faint|p1a: Ting-Lu\n|\n|-weather|RainDance|[upkeep]\n|-heal|p2a: Kyogre|99\/100|[from] item: Leftovers\n|upkeep\n|\n|t:|1701166781\n|switch|p1a: Golem|Golem-Alola, F|100\/100\n|turn|28\n|c|\u2606mo0613|gg\n|\n|t:|1701166794\n|move|p2a: Kyogre|Water Spout|p1a: Golem\n|-supereffective|p1a: Golem\n|-enditem|p1a: Golem|Focus Sash\n|-damage|p1a: Golem|1\/100\n|move|p1a: Golem|Explosion|p2a: Kyogre\n|-supereffective|p2a: Kyogre\n|-damage|p2a: Kyogre|0 fnt\n|faint|p1a: Golem\n|faint|p2a: Kyogre\n|\n|win|zhangdinglong\n|raw|mo0613's rating: 1416 &rarr; <strong>1407<\/strong><br \/>(-9 for losing)\n|raw|zhangdinglong's rating: 1621 &rarr; <strong>1630<\/strong><br \/>(+9 for winning)\n|l|\u2606mo0613\n","uploadtime":1701166904,"views":3,"p1id":"mo0613","p2id":"zhangdinglong","formatid":"gen9anythinggoes","rating":1407,"private":0,"password":""}