{"id":"gen9anythinggoes-1988988676","p1":"Zyzzjonzherka","p2":"savagewolf98420","format":"[Gen 9] Anything Goes","log":"|j|\u2606Zyzzjonzherka\n|j|\u2606savagewolf98420\n|t:|1699798986\n|gametype|singles\n|player|p1|Zyzzjonzherka|1|1268\n|player|p2|savagewolf98420|koga|1276\n|teamsize|p1|6\n|teamsize|p2|6\n|gen|9\n|tier|[Gen 9] Anything Goes\n|rated|\n|rule|HP Percentage Mod: HP is shown in percentages\n|rule|Endless Battle Clause: Forcing endless battles is banned\n|clearpoke\n|poke|p1|Gliscor, F|\n|poke|p1|Scyther, F|\n|poke|p1|Garganacl, M|\n|poke|p1|Crawdaunt, M|\n|poke|p1|Empoleon, F|\n|poke|p1|Dragapult, M|\n|poke|p2|Jirachi|\n|poke|p2|Blissey, F|\n|poke|p2|Cloyster, F|\n|poke|p2|Muk-Alola, M|\n|poke|p2|Breloom, M|\n|poke|p2|Annihilape, F|\n|teampreview\n|inactive|Battle timer is ON: inactive players will automatically lose when time's up. (requested by savagewolf98420)\n|\n|t:|1699798995\n|start\n|switch|p1a: Scyther|Scyther, F|100\/100\n|switch|p2a: Muk|Muk-Alola, M|100\/100\n|turn|1\n|\n|t:|1699799004\n|move|p1a: Scyther|U-turn|p2a: Muk\n|-damage|p2a: Muk|65\/100\n|\n|t:|1699799007\n|switch|p1a: Gliscor|Gliscor, F|100\/100|[from] U-turn\n|move|p2a: Muk|Minimize|p2a: Muk\n|-boost|p2a: Muk|evasion|2\n|\n|-heal|p2a: Muk|72\/100|[from] item: Leftovers\n|-status|p1a: Gliscor|tox|[from] item: Toxic Orb\n|upkeep\n|turn|2\n|j| cebolaamassada\n|\n|t:|1699799022\n|switch|p1a: Empoleon|Empoleon, F|100\/100\n|move|p2a: Muk|Minimize|p2a: Muk\n|-boost|p2a: Muk|evasion|2\n|\n|-heal|p2a: Muk|78\/100|[from] item: Leftovers\n|upkeep\n|turn|3\n|\n|t:|1699799030\n|move|p1a: Empoleon|Haze|p1a: Empoleon\n|-clearallboost\n|move|p2a: Muk|Minimize|p2a: Muk\n|-boost|p2a: Muk|evasion|2\n|\n|-heal|p2a: Muk|84\/100|[from] item: Leftovers\n|upkeep\n|turn|4\n|\n|t:|1699799041\n|move|p1a: Empoleon|Surf|p2a: Muk\n|-damage|p2a: Muk|55\/100\n|move|p2a: Muk|Drain Punch|p1a: Empoleon\n|-supereffective|p1a: Empoleon\n|-damage|p1a: Empoleon|57\/100\n|-heal|p2a: Muk|73\/100|[from] drain|[of] p1a: Empoleon\n|\n|-heal|p2a: Muk|79\/100|[from] item: Leftovers\n|upkeep\n|turn|5\n|\n|t:|1699799052\n|switch|p1a: Gliscor|Gliscor, F|100\/100 tox\n|move|p2a: Muk|Minimize|p2a: Muk\n|-boost|p2a: Muk|evasion|2\n|\n|-heal|p2a: Muk|85\/100|[from] item: Leftovers\n|upkeep\n|turn|6\n|\n|t:|1699799061\n|move|p1a: Gliscor|Earthquake|p2a: Muk|[miss]\n|-miss|p1a: Gliscor|p2a: Muk\n|move|p2a: Muk|Ice Punch|p1a: Gliscor\n|-supereffective|p1a: Gliscor\n|-damage|p1a: Gliscor|15\/100 tox\n|\n|-heal|p2a: Muk|91\/100|[from] item: Leftovers\n|-heal|p1a: Gliscor|27\/100 tox|[from] ability: Poison Heal\n|upkeep\n|turn|7\n|\n|t:|1699799074\n|switch|p1a: Empoleon|Empoleon, F|57\/100\n|move|p2a: Muk|Ice Punch|p1a: Empoleon\n|-resisted|p1a: Empoleon\n|-damage|p1a: Empoleon|51\/100\n|\n|-heal|p2a: Muk|97\/100|[from] item: Leftovers\n|upkeep\n|turn|8\n|\n|t:|1699799083\n|move|p1a: Empoleon|Haze|p1a: Empoleon\n|-clearallboost\n|move|p2a: Muk|Drain Punch|p1a: Empoleon\n|-supereffective|p1a: Empoleon\n|-damage|p1a: Empoleon|4\/100\n|-heal|p2a: Muk|100\/100|[from] drain|[of] p1a: Empoleon\n|-enditem|p1a: Empoleon|Mago Berry|[eat]\n|-heal|p1a: Empoleon|37\/100|[from] item: Mago Berry\n|\n|upkeep\n|turn|9\n|-message|Zyzzjonzherka forfeited.\n|\n|win|savagewolf98420\n|raw|Zyzzjonzherka's rating: 1268 &rarr; <strong>1244<\/strong><br \/>(-24 for losing)\n|raw|savagewolf98420's rating: 1276 &rarr; <strong>1300<\/strong><br \/>(+24 for winning)\n|l|\u2606Zyzzjonzherka\n","uploadtime":1699799104,"views":4,"p1id":"zyzzjonzherka","p2id":"savagewolf98420","formatid":"gen9anythinggoes","rating":1244,"private":0,"password":""}