{"id":"gen9anythinggoes-1993624525","p1":"ZaWeebOverHeaven","p2":"PriyeshBaka","format":"[Gen 9] Anything Goes","log":"|j|\u2606ZaWeebOverHeaven\n|j|\u2606PriyeshBaka\n|t:|1700338760\n|gametype|singles\n|player|p1|ZaWeebOverHeaven|266|1084\n|player|p2|PriyeshBaka|2|1071\n|teamsize|p1|6\n|teamsize|p2|6\n|gen|9\n|tier|[Gen 9] Anything Goes\n|rated|\n|rule|HP Percentage Mod: HP is shown in percentages\n|rule|Endless Battle Clause: Forcing endless battles is banned\n|clearpoke\n|poke|p1|Glimmora, F|\n|poke|p1|Hatterene, F|\n|poke|p1|Garganacl, M|\n|poke|p1|Tropius, F|\n|poke|p1|Slowbro-Galar, F|\n|poke|p1|Ting-Lu|\n|poke|p2|Scizor, F|\n|poke|p2|Oricorio-Sensu, F|\n|poke|p2|Zacian-*|\n|poke|p2|Calyrex-Shadow|\n|poke|p2|Houndstone, F|\n|poke|p2|Houndstone, F|\n|teampreview\n|\n|t:|1700338771\n|start\n|switch|p1a: Garganacl|Garganacl, M|100\/100\n|switch|p2a: Oricorio|Oricorio-Sensu, F|100\/100\n|turn|1\n|\n|t:|1700338781\n|move|p2a: Oricorio|Quiver Dance|p2a: Oricorio\n|-boost|p2a: Oricorio|spa|1\n|-boost|p2a: Oricorio|spd|1\n|-boost|p2a: Oricorio|spe|1\n|move|p1a: Garganacl|Ice Punch|p2a: Oricorio\n|-supereffective|p2a: Oricorio\n|-crit|p2a: Oricorio\n|-damage|p2a: Oricorio|16\/100\n|\n|upkeep\n|turn|2\n|\n|t:|1700338810\n|move|p1a: Garganacl|Protect|p1a: Garganacl\n|-singleturn|p1a: Garganacl|Protect\n|move|p2a: Oricorio|Baton Pass|p2a: Oricorio\n|\n|t:|1700338818\n|switch|p2a: Scizor|Scizor, F|100\/100|[from] Baton Pass\n|\n|upkeep\n|turn|3\n|\n|t:|1700338839\n|move|p2a: Scizor|Substitute|p2a: Scizor\n|-start|p2a: Scizor|Substitute\n|-damage|p2a: Scizor|75\/100\n|move|p1a: Garganacl|Salt Cure|p2a: Scizor\n|-activate|p2a: Scizor|move: Substitute|[damage]\n|\n|upkeep\n|turn|4\n|inactive|Battle timer is ON: inactive players will automatically lose when time's up. (requested by PriyeshBaka)\n|\n|t:|1700338848\n|switch|p1a: Glimmora|Glimmora, F|100\/100\n|move|p2a: Scizor|Swords Dance|p2a: Scizor\n|-boost|p2a: Scizor|atk|2\n|\n|upkeep\n|turn|5\n|\n|t:|1700338858\n|move|p2a: Scizor|Baton Pass|p2a: Scizor\n|\n|t:|1700338866\n|switch|p2a: Oricorio|Oricorio-Sensu, F|16\/100|[from] Baton Pass\n|move|p1a: Glimmora|Spikes|p2a: Oricorio\n|-sidestart|p2: PriyeshBaka|Spikes\n|\n|upkeep\n|turn|6\n|\n|t:|1700338875\n|move|p2a: Oricorio|Quiver Dance|p2a: Oricorio\n|-boost|p2a: Oricorio|spa|1\n|-boost|p2a: Oricorio|spd|1\n|-boost|p2a: Oricorio|spe|1\n|move|p1a: Glimmora|Spikes|p2a: Oricorio\n|-sidestart|p2: PriyeshBaka|Spikes\n|\n|upkeep\n|turn|7\n|\n|t:|1700338888\n|move|p2a: Oricorio|Quiver Dance|p2a: Oricorio\n|-boost|p2a: Oricorio|spa|1\n|-boost|p2a: Oricorio|spd|1\n|-boost|p2a: Oricorio|spe|1\n|move|p1a: Glimmora|Stealth Rock|p2a: Oricorio\n|-sidestart|p2: PriyeshBaka|move: Stealth Rock\n|\n|upkeep\n|turn|8\n|\n|t:|1700338896\n|move|p2a: Oricorio|Quiver Dance|p2a: Oricorio\n|-boost|p2a: Oricorio|spa|1\n|-boost|p2a: Oricorio|spd|1\n|-boost|p2a: Oricorio|spe|1\n|move|p1a: Glimmora|Light Screen|p1a: Glimmora\n|-sidestart|p1: ZaWeebOverHeaven|move: Light Screen\n|\n|upkeep\n|turn|9\n|\n|t:|1700338909\n|switch|p1a: Tropius|Tropius, F|100\/100\n|move|p2a: Oricorio|Quiver Dance|p2a: Oricorio\n|-boost|p2a: Oricorio|spa|1\n|-boost|p2a: Oricorio|spd|1\n|-boost|p2a: Oricorio|spe|1\n|\n|upkeep\n|turn|10\n|\n|t:|1700338922\n|move|p2a: Oricorio|Quiver Dance|p2a: Oricorio\n|-boost|p2a: Oricorio|spa|1\n|-boost|p2a: Oricorio|spd|1\n|-boost|p2a: Oricorio|spe|1\n|move|p1a: Tropius|Air Slash|p2a: Oricorio\n|-end|p2a: Oricorio|Substitute\n|\n|upkeep\n|turn|11\n|\n|t:|1700338938\n|move|p2a: Oricorio|Baton Pass|p2a: Oricorio\n|\n|t:|1700338942\n|switch|p2a: Zacian|Zacian-Crowned|100\/100|[from] Baton Pass\n|-damage|p2a: Zacian|84\/100|[from] Spikes\n|-damage|p2a: Zacian|78\/100|[from] Stealth Rock\n|-ability|p2a: Zacian|Intrepid Sword|boost\n|-boost|p2a: Zacian|atk|1\n|move|p1a: Tropius|Leech Seed|p2a: Zacian\n|-start|p2a: Zacian|move: Leech Seed\n|\n|-damage|p2a: Zacian|66\/100|[from] Leech Seed|[of] p1a: Tropius\n|upkeep\n|turn|12\n|\n|t:|1700338957\n|move|p1a: Tropius|Protect|p1a: Tropius\n|-singleturn|p1a: Tropius|Protect\n|move|p2a: Zacian|Behemoth Blade|p1a: Tropius\n|-activate|p1a: Tropius|move: Protect\n|\n|-damage|p2a: Zacian|53\/100|[from] Leech Seed|[of] p1a: Tropius\n|-sideend|p1: ZaWeebOverHeaven|move: Light Screen\n|upkeep\n|turn|13\n|\n|t:|1700338975\n|switch|p1a: Glimmora|Glimmora, F|100\/100\n|move|p2a: Zacian|Behemoth Blade|p1a: Glimmora\n|-supereffective|p1a: Glimmora\n|-enditem|p1a: Glimmora|Focus Sash\n|-damage|p1a: Glimmora|1\/100\n|-activate|p1a: Glimmora|ability: Toxic Debris\n|-sidestart|p2: PriyeshBaka|move: Toxic Spikes\n|\n|-damage|p2a: Zacian|41\/100|[from] Leech Seed|[of] p1a: Glimmora\n|-heal|p1a: Glimmora|12\/100|[silent]\n|upkeep\n|turn|14\n|\n|t:|1700338994\n|move|p1a: Glimmora|Spiky Shield|p1a: Glimmora\n|-singleturn|p1a: Glimmora|move: Protect\n|move|p2a: Zacian|Behemoth Blade|p1a: Glimmora\n|-activate|p1a: Glimmora|move: Protect\n|-damage|p2a: Zacian|29\/100|[from] Spiky Shield|[of] p1a: Glimmora\n|\n|-damage|p2a: Zacian|16\/100|[from] Leech Seed|[of] p1a: Glimmora\n|-heal|p1a: Glimmora|22\/100|[silent]\n|upkeep\n|turn|15\n|\n|t:|1700339009\n|-terastallize|p2a: Zacian|Steel\n|move|p2a: Zacian|Behemoth Blade|p1a: Glimmora\n|-supereffective|p1a: Glimmora\n|-damage|p1a: Glimmora|0 fnt\n|-activate|p1a: Glimmora|ability: Toxic Debris\n|-sidestart|p2: PriyeshBaka|move: Toxic Spikes\n|faint|p1a: Glimmora\n|\n|upkeep\n|\n|t:|1700339018\n|switch|p1a: Tropius|Tropius, F|100\/100\n|turn|16\n|\n|t:|1700339022\n|move|p1a: Tropius|Protect|p1a: Tropius\n|-singleturn|p1a: Tropius|Protect\n|move|p2a: Zacian|Behemoth Blade|p1a: Tropius\n|-activate|p1a: Tropius|move: Protect\n|\n|-damage|p2a: Zacian|4\/100|[from] Leech Seed|[of] p1a: Tropius\n|upkeep\n|turn|17\n|inactive|ZaWeebOverHeaven has 120 seconds left.\n|\n|t:|1700339063\n|switch|p1a: Hatterene|Hatterene, F|100\/100\n|move|p2a: Zacian|Behemoth Blade|p1a: Hatterene\n|-supereffective|p1a: Hatterene\n|-enditem|p1a: Hatterene|Focus Sash\n|-damage|p1a: Hatterene|1\/100\n|\n|-damage|p2a: Zacian|0 fnt|[from] Leech Seed|[of] p1a: Hatterene\n|-heal|p1a: Hatterene|6\/100|[silent]\n|faint|p2a: Zacian\n|upkeep\n|\n|t:|1700339076\n|switch|p2a: Oricorio|Oricorio-Sensu, F|16\/100\n|-damage|p2a: Oricorio|0 fnt|[from] Stealth Rock\n|faint|p2a: Oricorio\n|\n|t:|1700339082\n|switch|p2a: Scizor|Scizor, F|75\/100\n|-damage|p2a: Scizor|59\/100|[from] Spikes\n|-damage|p2a: Scizor|46\/100|[from] Stealth Rock\n|turn|18\n|inactive|ZaWeebOverHeaven has 120 seconds left.\n|\n|t:|1700339119\n|move|p2a: Scizor|Substitute|p2a: Scizor\n|-start|p2a: Scizor|Substitute\n|-damage|p2a: Scizor|21\/100\n|move|p1a: Hatterene|Trick Room|p1a: Hatterene\n|-fieldstart|move: Trick Room|[of] p1a: Hatterene\n|\n|upkeep\n|turn|19\n|\n|t:|1700339134\n|move|p1a: Hatterene|Reflect|p1a: Hatterene\n|-sidestart|p1: ZaWeebOverHeaven|Reflect\n|move|p2a: Scizor|Swords Dance|p2a: Scizor\n|-boost|p2a: Scizor|atk|2\n|\n|upkeep\n|turn|20\n|\n|t:|1700339142\n|move|p1a: Hatterene|Light Screen|p1a: Hatterene\n|-sidestart|p1: ZaWeebOverHeaven|move: Light Screen\n|move|p2a: Scizor|Agility|p2a: Scizor\n|-boost|p2a: Scizor|spe|2\n|\n|upkeep\n|turn|21\n|\n|t:|1700339150\n|switch|p1a: Tropius|Tropius, F|100\/100\n|move|p2a: Scizor|Swords Dance|p2a: Scizor\n|-boost|p2a: Scizor|atk|2\n|\n|upkeep\n|turn|22\n|inactive|ZaWeebOverHeaven has 120 seconds left.\n|\n|t:|1700339162\n|move|p1a: Tropius|Substitute|p1a: Tropius\n|-start|p1a: Tropius|Substitute\n|-damage|p1a: Tropius|76\/100\n|move|p2a: Scizor|Swords Dance|p2a: Scizor\n|-boost|p2a: Scizor|atk|2\n|\n|-fieldend|move: Trick Room\n|upkeep\n|turn|23\n|\n|t:|1700339172\n|move|p2a: Scizor|Agility|p2a: Scizor\n|-boost|p2a: Scizor|spe|2\n|move|p1a: Tropius|Air Slash|p2a: Scizor\n|-activate|p2a: Scizor|move: Substitute|[damage]\n|\n|-sideend|p1: ZaWeebOverHeaven|Reflect\n|upkeep\n|turn|24\n|\n|t:|1700339186\n|move|p2a: Scizor|Agility|p2a: Scizor\n|-boost|p2a: Scizor|spe|2\n|move|p1a: Tropius|Air Slash|p2a: Scizor\n|-end|p2a: Scizor|Substitute\n|\n|-sideend|p1: ZaWeebOverHeaven|move: Light Screen\n|upkeep\n|turn|25\n|\n|t:|1700339197\n|move|p2a: Scizor|Baton Pass|p2a: Scizor\n|\n|t:|1700339201\n|switch|p2a: Calyrex|Calyrex-Shadow|100\/100|[from] Baton Pass\n|-ability|p2a: Calyrex|As One\n|-ability|p2a: Calyrex|Unnerve\n|-damage|p2a: Calyrex|84\/100|[from] Spikes\n|-damage|p2a: Calyrex|72\/100|[from] Stealth Rock\n|-status|p2a: Calyrex|tox\n|move|p1a: Tropius|Leech Seed|p2a: Calyrex\n|-start|p2a: Calyrex|move: Leech Seed\n|\n|-damage|p2a: Calyrex|59\/100 tox|[from] Leech Seed|[of] p1a: Tropius\n|-heal|p1a: Tropius|86\/100|[silent]\n|-damage|p2a: Calyrex|53\/100 tox|[from] psn\n|upkeep\n|turn|26\n|\n|t:|1700339224\n|move|p1a: Tropius|Protect|p1a: Tropius\n|-singleturn|p1a: Tropius|Protect\n|move|p2a: Calyrex|Astral Barrage|p1a: Tropius\n|-activate|p1a: Tropius|move: Protect\n|\n|-damage|p2a: Calyrex|41\/100 tox|[from] Leech Seed|[of] p1a: Tropius\n|-heal|p1a: Tropius|97\/100|[silent]\n|-damage|p2a: Calyrex|29\/100 tox|[from] psn\n|upkeep\n|turn|27\n|inactive|PriyeshBaka has 120 seconds left.\n|\n|t:|1700339244\n|move|p2a: Calyrex|Psychic|p1a: Tropius\n|-end|p1a: Tropius|Substitute\n|-damage|p2a: Calyrex|19\/100 tox|[from] item: Life Orb\n|move|p1a: Tropius|Substitute|p1a: Tropius\n|-start|p1a: Tropius|Substitute\n|-damage|p1a: Tropius|72\/100\n|\n|-damage|p2a: Calyrex|6\/100 tox|[from] Leech Seed|[of] p1a: Tropius\n|-heal|p1a: Tropius|82\/100|[silent]\n|-damage|p2a: Calyrex|0 fnt|[from] psn\n|faint|p2a: Calyrex\n|upkeep\n|inactive|PriyeshBaka has 120 seconds left.\n|\n|t:|1700339258\n|switch|p2a: Scizor|Scizor, F|21\/100\n|-damage|p2a: Scizor|5\/100|[from] Spikes\n|-damage|p2a: Scizor|0 fnt|[from] Stealth Rock\n|faint|p2a: Scizor\n|\n|t:|1700339266\n|switch|p2a: Houndstone|Houndstone, F|100\/100\n|-damage|p2a: Houndstone|84\/100|[from] Spikes\n|-damage|p2a: Houndstone|72\/100|[from] Stealth Rock\n|-status|p2a: Houndstone|tox\n|turn|28\n|inactive|PriyeshBaka has 120 seconds left.\n|\n|t:|1700339280\n|move|p2a: Houndstone|Destiny Bond|p2a: Houndstone\n|-singlemove|p2a: Houndstone|Destiny Bond\n|move|p1a: Tropius|Leech Seed|p2a: Houndstone\n|-start|p2a: Houndstone|move: Leech Seed\n|\n|-damage|p2a: Houndstone|60\/100 tox|[from] Leech Seed|[of] p1a: Tropius\n|-heal|p1a: Tropius|91\/100|[silent]\n|-damage|p2a: Houndstone|54\/100 tox|[from] psn\n|upkeep\n|turn|29\n|inactive|PriyeshBaka has 120 seconds left.\n|\n|t:|1700339290\n|move|p2a: Houndstone|Last Respects|p1a: Tropius\n|-end|p1a: Tropius|Substitute\n|move|p1a: Tropius|Air Slash|p2a: Houndstone\n|-damage|p2a: Houndstone|25\/100 tox\n|\n|-damage|p2a: Houndstone|13\/100 tox|[from] Leech Seed|[of] p1a: Tropius\n|-heal|p1a: Tropius|99\/100|[silent]\n|-damage|p2a: Houndstone|1\/100 tox|[from] psn\n|upkeep\n|turn|30\n|inactive|PriyeshBaka has 120 seconds left.\n|\n|t:|1700339309\n|switch|p1a: Hatterene|Hatterene, F|6\/100\n|move|p2a: Houndstone|Destiny Bond|p2a: Houndstone\n|-singlemove|p2a: Houndstone|Destiny Bond\n|\n|-damage|p2a: Houndstone|0 fnt|[from] Leech Seed|[of] p1a: Hatterene\n|-heal|p1a: Hatterene|6\/100|[silent]\n|faint|p2a: Houndstone\n|upkeep\n|inactive|PriyeshBaka has 120 seconds left.\n|\n|t:|1700339320\n|switch|p2a: Houndstone|Houndstone, F|100\/100\n|-damage|p2a: Houndstone|84\/100|[from] Spikes\n|-damage|p2a: Houndstone|72\/100|[from] Stealth Rock\n|-status|p2a: Houndstone|tox\n|turn|31\n|inactive|PriyeshBaka has 120 seconds left.\n|inactive|ZaWeebOverHeaven has 120 seconds left.\n|\n|t:|1700339379\n|move|p2a: Houndstone|Last Respects|p1a: Hatterene\n|-supereffective|p1a: Hatterene\n|-damage|p1a: Hatterene|0 fnt\n|faint|p1a: Hatterene\n|\n|-damage|p2a: Houndstone|66\/100 tox|[from] psn\n|upkeep\n|inactive|ZaWeebOverHeaven has 90 seconds left.\n|\n|t:|1700339402\n|switch|p1a: Slowbro|Slowbro-Galar, F|100\/100\n|turn|32\n|inactive|ZaWeebOverHeaven has 60 seconds left.\n|\n|t:|1700339434\n|move|p2a: Houndstone|Last Respects|p1a: Slowbro\n|-supereffective|p1a: Slowbro\n|-damage|p1a: Slowbro|0 fnt\n|faint|p1a: Slowbro\n|\n|-damage|p2a: Houndstone|54\/100 tox|[from] psn\n|upkeep\n|inactive|ZaWeebOverHeaven has 60 seconds left.\n|\n|t:|1700339450\n|switch|p1a: Ting-Lu|Ting-Lu|100\/100\n|-ability|p1a: Ting-Lu|Vessel of Ruin\n|turn|33\n|inactive|ZaWeebOverHeaven has 30 seconds left.\n|\n|t:|1700339483\n|move|p2a: Houndstone|Last Respects|p1a: Ting-Lu\n|-resisted|p1a: Ting-Lu\n|-damage|p1a: Ting-Lu|63\/100\n|move|p1a: Ting-Lu|Tera Blast|p2a: Houndstone\n|-immune|p2a: Houndstone\n|\n|-heal|p1a: Ting-Lu|69\/100|[from] item: Leftovers\n|-damage|p2a: Houndstone|36\/100 tox|[from] psn\n|upkeep\n|turn|34\n|inactive|ZaWeebOverHeaven has 30 seconds left.\n|\n|t:|1700339497\n|move|p2a: Houndstone|Last Respects|p1a: Ting-Lu\n|-resisted|p1a: Ting-Lu\n|-damage|p1a: Ting-Lu|34\/100\n|move|p1a: Ting-Lu|Ruination|p2a: Houndstone\n|-damage|p2a: Houndstone|18\/100 tox\n|\n|-heal|p1a: Ting-Lu|40\/100|[from] item: Leftovers\n|-damage|p2a: Houndstone|0 fnt|[from] psn\n|faint|p2a: Houndstone\n|\n|win|ZaWeebOverHeaven\n|upkeep\n|raw|ZaWeebOverHeaven's rating: 1084 &rarr; <strong>1110<\/strong><br \/>(+26 for winning)\n|raw|PriyeshBaka's rating: 1071 &rarr; <strong>1051<\/strong><br \/>(-20 for losing)\n|l|\u2606PriyeshBaka\n","uploadtime":1700339511,"views":3,"p1id":"zaweeboverheaven","p2id":"priyeshbaka","formatid":"gen9anythinggoes","rating":1051,"private":0,"password":""}