{"id":"gen9anythinggoes-1984039552","p1":"pehoho","p2":"YoungEsq","format":"[Gen 9] Anything Goes","log":"|j|\u2606pehoho\n|j|\u2606YoungEsq\n|t:|1699212472\n|gametype|singles\n|player|p1|pehoho|169|1329\n|player|p2|YoungEsq|102|1323\n|teamsize|p1|6\n|teamsize|p2|6\n|gen|9\n|tier|[Gen 9] Anything Goes\n|rated|\n|rule|HP Percentage Mod: HP is shown in percentages\n|rule|Endless Battle Clause: Forcing endless battles is banned\n|clearpoke\n|poke|p1|Ludicolo, M|\n|poke|p1|Barraskewda, F|\n|poke|p1|Pelipper, F|\n|poke|p1|Azumarill, F|\n|poke|p1|Pawmot, F|\n|poke|p1|Toedscruel, M|\n|poke|p2|Ting-Lu|\n|poke|p2|Gholdengo|\n|poke|p2|Roaring Moon|\n|poke|p2|Chi-Yu|\n|poke|p2|Samurott-Hisui, M|\n|poke|p2|Mandibuzz, F|\n|teampreview\n|inactive|Battle timer is ON: inactive players will automatically lose when time's up. (requested by YoungEsq)\n|\n|t:|1699212477\n|start\n|switch|p1a: Toedscruel|Toedscruel, M|100\/100\n|switch|p2a: Ting-Lu|Ting-Lu|100\/100\n|-ability|p2a: Ting-Lu|Vessel of Ruin\n|turn|1\n|\n|t:|1699212493\n|move|p2a: Ting-Lu|Stealth Rock|p1a: Toedscruel\n|-sidestart|p1: pehoho|move: Stealth Rock\n|move|p1a: Toedscruel|Spore|p2a: Ting-Lu\n|-status|p2a: Ting-Lu|slp|[from] move: Spore\n|\n|upkeep\n|turn|2\n|\n|t:|1699212500\n|move|p1a: Toedscruel|Spikes|p2a: Ting-Lu\n|-sidestart|p2: YoungEsq|Spikes\n|cant|p2a: Ting-Lu|slp\n|\n|upkeep\n|turn|3\n|\n|t:|1699212505\n|move|p1a: Toedscruel|Rapid Spin|p2a: Ting-Lu\n|-damage|p2a: Ting-Lu|96\/100 slp\n|-boost|p1a: Toedscruel|spe|1\n|-sideend|p1: pehoho|Stealth Rock|[from] move: Rapid Spin|[of] p1a: Toedscruel\n|-curestatus|p2a: Ting-Lu|slp|[msg]\n|move|p2a: Ting-Lu|Whirlwind|p1a: Toedscruel\n|drag|p1a: Barraskewda|Barraskewda, F|100\/100\n|\n|-heal|p2a: Ting-Lu|100\/100|[from] item: Leftovers\n|upkeep\n|turn|4\n|\n|t:|1699212518\n|switch|p2a: Mandibuzz|Mandibuzz, F|100\/100\n|move|p1a: Barraskewda|Flip Turn|p2a: Mandibuzz\n|-damage|p2a: Mandibuzz|65\/100\n|\n|t:|1699212524\n|switch|p1a: Pelipper|Pelipper, F|100\/100|[from] Flip Turn\n|-weather|RainDance|[from] ability: Drizzle|[of] p1a: Pelipper\n|\n|-weather|RainDance|[upkeep]\n|upkeep\n|turn|5\n|\n|t:|1699212532\n|move|p2a: Mandibuzz|Defog|p1a: Pelipper\n|-unboost|p1a: Pelipper|evasion|1\n|-sideend|p2: YoungEsq|Spikes|[from] move: Defog|[of] p2a: Mandibuzz\n|move|p1a: Pelipper|Hurricane|p2a: Mandibuzz\n|-damage|p2a: Mandibuzz|44\/100\n|\n|-weather|RainDance|[upkeep]\n|upkeep\n|turn|6\n|\n|t:|1699212542\n|move|p2a: Mandibuzz|Toxic|p1a: Pelipper\n|-status|p1a: Pelipper|tox\n|move|p1a: Pelipper|Surf|p2a: Mandibuzz\n|-damage|p2a: Mandibuzz|16\/100\n|\n|-weather|RainDance|[upkeep]\n|-damage|p1a: Pelipper|94\/100 tox|[from] psn\n|upkeep\n|turn|7\n|\n|t:|1699212550\n|move|p2a: Mandibuzz|Roost|p2a: Mandibuzz\n|-heal|p2a: Mandibuzz|66\/100\n|-singleturn|p2a: Mandibuzz|move: Roost\n|move|p1a: Pelipper|Surf|p2a: Mandibuzz\n|-damage|p2a: Mandibuzz|38\/100\n|\n|-weather|RainDance|[upkeep]\n|-damage|p1a: Pelipper|82\/100 tox|[from] psn\n|upkeep\n|turn|8\n|\n|t:|1699212565\n|switch|p1a: Barraskewda|Barraskewda, F|100\/100\n|move|p2a: Mandibuzz|Roost|p2a: Mandibuzz\n|-heal|p2a: Mandibuzz|88\/100\n|-singleturn|p2a: Mandibuzz|move: Roost\n|\n|-weather|RainDance|[upkeep]\n|upkeep\n|turn|9\n|\n|t:|1699212574\n|move|p1a: Barraskewda|Liquidation|p2a: Mandibuzz\n|-damage|p2a: Mandibuzz|8\/100\n|move|p2a: Mandibuzz|Toxic|p1a: Barraskewda\n|-status|p1a: Barraskewda|tox\n|\n|-weather|RainDance|[upkeep]\n|-damage|p1a: Barraskewda|94\/100 tox|[from] psn\n|upkeep\n|turn|10\n|\n|t:|1699212583\n|switch|p2a: Samurott|Samurott-Hisui, M|100\/100\n|move|p1a: Barraskewda|Liquidation|p2a: Samurott\n|-resisted|p2a: Samurott\n|-damage|p2a: Samurott|40\/100\n|\n|-weather|RainDance|[upkeep]\n|-damage|p1a: Barraskewda|82\/100 tox|[from] psn\n|upkeep\n|turn|11\n|\n|t:|1699212592\n|move|p1a: Barraskewda|Liquidation|p2a: Samurott\n|-resisted|p2a: Samurott\n|-damage|p2a: Samurott|0 fnt\n|faint|p2a: Samurott\n|\n|-weather|none\n|-damage|p1a: Barraskewda|64\/100 tox|[from] psn\n|upkeep\n|\n|t:|1699212607\n|switch|p2a: Gholdengo|Gholdengo|100\/100\n|-item|p2a: Gholdengo|Air Balloon\n|turn|12\n|\n|t:|1699212619\n|switch|p1a: Toedscruel|Toedscruel, M|100\/100\n|move|p2a: Gholdengo|Shadow Ball|p1a: Toedscruel\n|-damage|p1a: Toedscruel|65\/100\n|\n|upkeep\n|turn|13\n|\n|t:|1699212634\n|move|p1a: Toedscruel|Earth Power|p2a: Gholdengo\n|-immune|p2a: Gholdengo\n|move|p2a: Gholdengo|Shadow Ball|p1a: Toedscruel\n|-damage|p1a: Toedscruel|32\/100\n|\n|upkeep\n|turn|14\n|\n|t:|1699212643\n|move|p2a: Gholdengo|Shadow Ball|p1a: Toedscruel\n|-damage|p1a: Toedscruel|0 fnt\n|faint|p1a: Toedscruel\n|\n|upkeep\n|\n|t:|1699212651\n|switch|p1a: Pelipper|Pelipper, F|82\/100 tox\n|-weather|RainDance|[from] ability: Drizzle|[of] p1a: Pelipper\n|turn|15\n|\n|t:|1699212656\n|move|p2a: Gholdengo|Shadow Ball|p1a: Pelipper\n|-damage|p1a: Pelipper|39\/100 tox\n|move|p1a: Pelipper|Surf|p2a: Gholdengo\n|-damage|p2a: Gholdengo|47\/100\n|-enditem|p2a: Gholdengo|Air Balloon\n|\n|-weather|RainDance|[upkeep]\n|-damage|p1a: Pelipper|33\/100 tox|[from] psn\n|upkeep\n|turn|16\n|\n|t:|1699212668\n|move|p2a: Gholdengo|Recover|p2a: Gholdengo\n|-heal|p2a: Gholdengo|97\/100\n|move|p1a: Pelipper|Surf|p2a: Gholdengo\n|-damage|p2a: Gholdengo|49\/100\n|\n|-weather|RainDance|[upkeep]\n|-damage|p1a: Pelipper|21\/100 tox|[from] psn\n|upkeep\n|turn|17\n|\n|t:|1699212679\n|switch|p1a: Barraskewda|Barraskewda, F|64\/100 tox\n|move|p2a: Gholdengo|Recover|p2a: Gholdengo\n|-heal|p2a: Gholdengo|99\/100\n|\n|-weather|RainDance|[upkeep]\n|-damage|p1a: Barraskewda|58\/100 tox|[from] psn\n|upkeep\n|turn|18\n|\n|t:|1699212690\n|move|p1a: Barraskewda|Liquidation|p2a: Gholdengo\n|-damage|p2a: Gholdengo|0 fnt\n|faint|p2a: Gholdengo\n|\n|-weather|RainDance|[upkeep]\n|-damage|p1a: Barraskewda|46\/100 tox|[from] psn\n|upkeep\n|\n|t:|1699212696\n|switch|p2a: Ting-Lu|Ting-Lu|100\/100\n|-ability|p2a: Ting-Lu|Vessel of Ruin\n|turn|19\n|\n|t:|1699212702\n|-terastallize|p2a: Ting-Lu|Water\n|move|p1a: Barraskewda|Liquidation|p2a: Ting-Lu\n|-resisted|p2a: Ting-Lu\n|-damage|p2a: Ting-Lu|70\/100\n|move|p2a: Ting-Lu|Ruination|p1a: Barraskewda\n|-damage|p1a: Barraskewda|23\/100 tox\n|\n|-weather|RainDance|[upkeep]\n|-heal|p2a: Ting-Lu|77\/100|[from] item: Leftovers\n|-damage|p1a: Barraskewda|5\/100 tox|[from] psn\n|upkeep\n|turn|20\n|\n|t:|1699212715\n|move|p1a: Barraskewda|Liquidation|p2a: Ting-Lu\n|-resisted|p2a: Ting-Lu\n|-damage|p2a: Ting-Lu|48\/100\n|move|p2a: Ting-Lu|Stealth Rock|p1a: Barraskewda\n|-sidestart|p1: pehoho|move: Stealth Rock\n|\n|-weather|RainDance|[upkeep]\n|-heal|p2a: Ting-Lu|55\/100|[from] item: Leftovers\n|-damage|p1a: Barraskewda|0 fnt|[from] psn\n|faint|p1a: Barraskewda\n|upkeep\n|\n|t:|1699212726\n|switch|p1a: Ludicolo|Ludicolo, M, shiny|100\/100\n|-damage|p1a: Ludicolo|88\/100|[from] Stealth Rock\n|turn|21\n|\n|t:|1699212731\n|move|p1a: Ludicolo|Giga Drain|p2a: Ting-Lu\n|-supereffective|p2a: Ting-Lu\n|-damage|p2a: Ting-Lu|20\/100\n|-heal|p1a: Ludicolo|100\/100|[from] drain|[of] p2a: Ting-Lu\n|-damage|p1a: Ludicolo|91\/100|[from] item: Life Orb\n|move|p2a: Ting-Lu|Ruination|p1a: Ludicolo\n|-damage|p1a: Ludicolo|46\/100\n|\n|-weather|RainDance|[upkeep]\n|-heal|p2a: Ting-Lu|26\/100|[from] item: Leftovers\n|upkeep\n|turn|22\n|\n|t:|1699212744\n|move|p1a: Ludicolo|Giga Drain|p2a: Ting-Lu\n|-supereffective|p2a: Ting-Lu\n|-damage|p2a: Ting-Lu|0 fnt\n|-heal|p1a: Ludicolo|68\/100|[from] drain|[of] p2a: Ting-Lu\n|faint|p2a: Ting-Lu\n|-damage|p1a: Ludicolo|58\/100|[from] item: Life Orb\n|\n|-weather|none\n|upkeep\n|\n|t:|1699212749\n|switch|p2a: Mandibuzz|Mandibuzz, F|8\/100\n|turn|23\n|\n|t:|1699212768\n|switch|p1a: Pelipper|Pelipper, F|21\/100 tox\n|-damage|p1a: Pelipper|0 fnt|[from] Stealth Rock\n|faint|p1a: Pelipper\n|move|p2a: Mandibuzz|Roost|p2a: Mandibuzz\n|-heal|p2a: Mandibuzz|58\/100\n|-singleturn|p2a: Mandibuzz|move: Roost\n|\n|upkeep\n|\n|t:|1699212776\n|switch|p1a: Pawmot|Pawmot, F|100\/100\n|-damage|p1a: Pawmot|94\/100|[from] Stealth Rock\n|turn|24\n|\n|t:|1699212785\n|move|p1a: Pawmot|Encore|p2a: Mandibuzz\n|-start|p2a: Mandibuzz|Encore\n|move|p2a: Mandibuzz|Roost|p2a: Mandibuzz\n|-heal|p2a: Mandibuzz|100\/100\n|-singleturn|p2a: Mandibuzz|move: Roost\n|\n|upkeep\n|turn|25\n|\n|t:|1699212793\n|switch|p2a: Chi-Yu|Chi-Yu|100\/100\n|-ability|p2a: Chi-Yu|Beads of Ruin\n|move|p1a: Pawmot|Nuzzle|p2a: Chi-Yu\n|-damage|p2a: Chi-Yu|87\/100\n|-status|p2a: Chi-Yu|par\n|\n|upkeep\n|turn|26\n|\n|t:|1699212802\n|move|p1a: Pawmot|Revival Blessing|p1a: Pawmot\n|-enditem|p1a: Pawmot|Leppa Berry|[eat]\n|-activate|p1a: Pawmot|item: Leppa Berry|Revival Blessing|[consumed]\n|\n|t:|1699212805\n|-heal|p1: Pelipper|50\/100|[from] move: Revival Blessing\n|move|p2a: Chi-Yu|Psychic|p1a: Pawmot\n|-supereffective|p1a: Pawmot\n|-damage|p1a: Pawmot|0 fnt\n|faint|p1a: Pawmot\n|\n|upkeep\n|\n|t:|1699212814\n|switch|p1a: Pelipper|Pelipper, F|50\/100\n|-damage|p1a: Pelipper|25\/100|[from] Stealth Rock\n|-weather|RainDance|[from] ability: Drizzle|[of] p1a: Pelipper\n|turn|27\n|\n|t:|1699212821\n|cant|p2a: Chi-Yu|par\n|move|p1a: Pelipper|Surf|p2a: Chi-Yu\n|-supereffective|p2a: Chi-Yu\n|-damage|p2a: Chi-Yu|0 fnt\n|faint|p2a: Chi-Yu\n|\n|-weather|RainDance|[upkeep]\n|upkeep\n|\n|t:|1699212832\n|switch|p2a: Roaring Moon|Roaring Moon|100\/100\n|-enditem|p2a: Roaring Moon|Booster Energy\n|-activate|p2a: Roaring Moon|ability: Protosynthesis|[fromitem]\n|-start|p2a: Roaring Moon|protosynthesisatk\n|turn|28\n|\n|t:|1699212839\n|move|p2a: Roaring Moon|Dragon Dance|p2a: Roaring Moon\n|-boost|p2a: Roaring Moon|atk|1\n|-boost|p2a: Roaring Moon|spe|1\n|move|p1a: Pelipper|Roost|p1a: Pelipper\n|-heal|p1a: Pelipper|75\/100\n|-singleturn|p1a: Pelipper|move: Roost\n|\n|-weather|RainDance|[upkeep]\n|upkeep\n|turn|29\n|\n|t:|1699212850\n|move|p2a: Roaring Moon|Dragon Claw|p1a: Pelipper\n|-damage|p1a: Pelipper|2\/100\n|move|p1a: Pelipper|Surf|p2a: Roaring Moon\n|-resisted|p2a: Roaring Moon\n|-damage|p2a: Roaring Moon|79\/100\n|\n|-weather|RainDance|[upkeep]\n|upkeep\n|turn|30\n|\n|t:|1699212858\n|move|p2a: Roaring Moon|Dragon Dance|p2a: Roaring Moon\n|-boost|p2a: Roaring Moon|atk|1\n|-boost|p2a: Roaring Moon|spe|1\n|move|p1a: Pelipper|Surf|p2a: Roaring Moon\n|-resisted|p2a: Roaring Moon\n|-damage|p2a: Roaring Moon|59\/100\n|\n|-weather|RainDance|[upkeep]\n|upkeep\n|turn|31\n|\n|t:|1699212868\n|move|p2a: Roaring Moon|Dragon Claw|p1a: Pelipper\n|-crit|p1a: Pelipper\n|-damage|p1a: Pelipper|0 fnt\n|faint|p1a: Pelipper\n|\n|-weather|RainDance|[upkeep]\n|upkeep\n|\n|t:|1699212878\n|switch|p1a: Ludicolo|Ludicolo, M, shiny|58\/100\n|-damage|p1a: Ludicolo|45\/100|[from] Stealth Rock\n|turn|32\n|\n|t:|1699212896\n|-terastallize|p1a: Ludicolo|Water\n|move|p2a: Roaring Moon|Acrobatics|p1a: Ludicolo\n|-damage|p1a: Ludicolo|0 fnt\n|faint|p1a: Ludicolo\n|\n|-weather|RainDance|[upkeep]\n|upkeep\n|\n|t:|1699212904\n|switch|p1a: Azumarill|Azumarill, F|100\/100\n|-damage|p1a: Azumarill|88\/100|[from] Stealth Rock\n|turn|33\n|\n|t:|1699212909\n|move|p2a: Roaring Moon|Iron Head|p1a: Azumarill\n|-damage|p1a: Azumarill|0 fnt\n|faint|p1a: Azumarill\n|\n|win|YoungEsq\n|raw|pehoho's rating: 1329 &rarr; <strong>1309<\/strong><br \/>(-20 for losing)\n|raw|YoungEsq's rating: 1323 &rarr; <strong>1343<\/strong><br \/>(+20 for winning)\n","uploadtime":1699212914,"views":5,"p1id":"pehoho","p2id":"youngesq","formatid":"gen9anythinggoes","rating":1309,"private":0,"password":""}