{"id":"gen9anythinggoes-1972452359","p1":"SuperTre1026","p2":"Vonrien","format":"[Gen 9] Anything Goes","log":"|j|\u2606SuperTre1026\n|j|\u2606Vonrien\n|t:|1697844442\n|gametype|singles\n|player|p1|SuperTre1026|dawn|1220\n|player|p2|Vonrien|hilbert|1265\n|teamsize|p1|6\n|teamsize|p2|6\n|gen|9\n|tier|[Gen 9] Anything Goes\n|rated|\n|rule|HP Percentage Mod: HP is shown in percentages\n|rule|Endless Battle Clause: Forcing endless battles is banned\n|clearpoke\n|poke|p1|Toedscruel, F|\n|poke|p1|Flutter Mane|\n|poke|p1|Hawlucha, F|\n|poke|p1|Volcarona, M|\n|poke|p1|Goodra-Hisui, F|\n|poke|p1|Maushold-Four|\n|poke|p2|Darkrai|\n|poke|p2|Gastrodon, F|\n|poke|p2|Dragonite, F|\n|poke|p2|Chandelure, F|\n|poke|p2|Sneasler, M|\n|poke|p2|Decidueye, M|\n|teampreview\n|\n|t:|1697844449\n|start\n|switch|p1a: Volcarona|Volcarona, M|100\/100\n|switch|p2a: Lala|Gastrodon, F|100\/100\n|turn|1\n|\n|t:|1697844457\n|move|p1a: Volcarona|Quiver Dance|p1a: Volcarona\n|-boost|p1a: Volcarona|spa|1\n|-boost|p1a: Volcarona|spd|1\n|-boost|p1a: Volcarona|spe|1\n|move|p2a: Lala|Surf|p1a: Volcarona\n|-supereffective|p1a: Volcarona\n|-damage|p1a: Volcarona|38\/100\n|\n|upkeep\n|turn|2\n|\n|t:|1697844463\n|move|p1a: Volcarona|Psychic|p2a: Lala\n|-damage|p2a: Lala|32\/100\n|-unboost|p2a: Lala|spd|1\n|-damage|p1a: Volcarona|28\/100|[from] item: Life Orb\n|move|p2a: Lala|Surf|p1a: Volcarona\n|-supereffective|p1a: Volcarona\n|-damage|p1a: Volcarona|0 fnt\n|faint|p1a: Volcarona\n|\n|-heal|p2a: Lala|38\/100|[from] item: Leftovers\n|upkeep\n|\n|t:|1697844481\n|switch|p1a: janitor|Flutter Mane|100\/100\n|-enditem|p1a: janitor|Booster Energy\n|-activate|p1a: janitor|ability: Protosynthesis|[fromitem]\n|-start|p1a: janitor|protosynthesisspe\n|turn|3\n|\n|t:|1697844488\n|move|p1a: janitor|Shadow Ball|p2a: Lala\n|-damage|p2a: Lala|0 fnt\n|faint|p2a: Lala\n|\n|upkeep\n|\n|t:|1697844502\n|switch|p2a: Nilo|Sneasler, M|100\/100\n|turn|4\n|\n|t:|1697844513\n|-end|p1a: janitor|Protosynthesis|[silent]\n|switch|p1a: Hawlucha|Hawlucha, F|100\/100\n|-ability|p1a: Hawlucha|Mold Breaker\n|move|p2a: Nilo|Dire Claw|p1a: Hawlucha\n|-damage|p1a: Hawlucha|35\/100\n|\n|upkeep\n|turn|5\n|\n|t:|1697844536\n|switch|p2a: Rita|Dragonite, F|100\/100\n|move|p1a: Hawlucha|Acrobatics|p2a: Rita\n|-damage|p2a: Rita|49\/100\n|\n|upkeep\n|turn|6\n|\n|t:|1697844547\n|move|p1a: Hawlucha|Acrobatics|p2a: Rita\n|-damage|p2a: Rita|0 fnt\n|faint|p2a: Rita\n|\n|upkeep\n|\n|t:|1697844556\n|switch|p2a: Fin|Decidueye, M|100\/100\n|turn|7\n|\n|t:|1697844565\n|move|p1a: Hawlucha|Acrobatics|p2a: Fin\n|-supereffective|p2a: Fin\n|-crit|p2a: Fin\n|-damage|p2a: Fin|0 fnt\n|faint|p2a: Fin\n|\n|upkeep\n|\n|t:|1697844574\n|switch|p2a: Shin|Chandelure, F, shiny|100\/100\n|turn|8\n|\n|t:|1697844581\n|move|p2a: Shin|Shadow Ball|p1a: Hawlucha\n|-damage|p1a: Hawlucha|0 fnt\n|faint|p1a: Hawlucha\n|\n|upkeep\n|\n|t:|1697844593\n|switch|p1a: janitor|Flutter Mane|100\/100\n|turn|9\n|\n|t:|1697844599\n|switch|p2a: Rai|Darkrai|100\/100\n|move|p1a: janitor|Shadow Ball|p2a: Rai\n|-resisted|p2a: Rai\n|-damage|p2a: Rai|71\/100\n|-unboost|p2a: Rai|spd|1\n|\n|upkeep\n|turn|10\n|\n|t:|1697844619\n|move|p1a: janitor|Dazzling Gleam|p2a: Rai\n|-supereffective|p2a: Rai\n|-damage|p2a: Rai|0 fnt\n|faint|p2a: Rai\n|\n|upkeep\n|\n|t:|1697844625\n|switch|p2a: Nilo|Sneasler, M|100\/100\n|turn|11\n|\n|t:|1697844629\n|move|p1a: janitor|Dazzling Gleam|p2a: Nilo\n|-damage|p2a: Nilo|46\/100\n|move|p2a: Nilo|Dire Claw|p1a: janitor\n|-damage|p1a: janitor|4\/100\n|\n|upkeep\n|turn|12\n|\n|t:|1697844640\n|move|p1a: janitor|Dazzling Gleam|p2a: Nilo\n|-damage|p2a: Nilo|0 fnt\n|faint|p2a: Nilo\n|\n|upkeep\n|\n|t:|1697844644\n|switch|p2a: Shin|Chandelure, F, shiny|100\/100\n|turn|13\n|\n|t:|1697844651\n|-terastallize|p2a: Shin|Fire\n|move|p2a: Shin|Fire Blast|p1a: janitor\n|-damage|p1a: janitor|0 fnt\n|faint|p1a: janitor\n|-end|p1a: janitor|Protosynthesis|[silent]\n|\n|upkeep\n|\n|t:|1697844666\n|switch|p1a: we are family|Maushold-Four|100\/100\n|turn|14\n|\n|t:|1697844670\n|move|p2a: Shin|Fire Blast|p1a: we are family\n|-crit|p1a: we are family\n|-damage|p1a: we are family|0 fnt\n|faint|p1a: we are family\n|\n|upkeep\n|\n|t:|1697844679\n|switch|p1a: slimey gal|Goodra-Hisui, F|100\/100\n|turn|15\n|\n|t:|1697844685\n|move|p2a: Shin|Fire Blast|p1a: slimey gal\n|-damage|p1a: slimey gal|43\/100\n|move|p1a: slimey gal|Dragon Pulse|p2a: Shin\n|-damage|p2a: Shin|39\/100\n|\n|upkeep\n|turn|16\n|\n|t:|1697844692\n|move|p2a: Shin|Fire Blast|p1a: slimey gal\n|-damage|p1a: slimey gal|0 fnt\n|faint|p1a: slimey gal\n|\n|upkeep\n|\n|t:|1697844697\n|switch|p1a: Toedscruel|Toedscruel, F|100\/100\n|turn|17\n|\n|t:|1697844702\n|move|p2a: Shin|Fire Blast|p1a: Toedscruel\n|-supereffective|p1a: Toedscruel\n|-damage|p1a: Toedscruel|0 fnt\n|faint|p1a: Toedscruel\n|\n|win|Vonrien\n|raw|SuperTre1026's rating: 1220 &rarr; <strong>1198<\/strong><br \/>(-22 for losing)\n|raw|Vonrien's rating: 1265 &rarr; <strong>1287<\/strong><br \/>(+22 for winning)\n|l|\u2606SuperTre1026\n","uploadtime":1697844708,"views":12,"p1id":"supertre1026","p2id":"vonrien","formatid":"gen9anythinggoes","rating":1198,"private":0,"password":""}