{"id":"gen9anythinggoes-1971863554","p1":"ParwStenio\u2764","p2":"Firbitch","format":"[Gen 9] Anything Goes","log":"|j|\u2606ParwStenio\u2764\n|j|\u2606Firbitch\n|t:|1697783469\n|gametype|singles\n|player|p1|ParwStenio\u2764|veteranf|1647\n|player|p2|Firbitch|youngster-gen4dp|1821\n|teamsize|p1|6\n|teamsize|p2|6\n|gen|9\n|tier|[Gen 9] Anything Goes\n|rated|\n|rule|HP Percentage Mod: HP is shown in percentages\n|rule|Endless Battle Clause: Forcing endless battles is banned\n|clearpoke\n|poke|p1|Zacian-*|\n|poke|p1|Calyrex-Shadow|\n|poke|p1|Arceus|\n|poke|p1|Arceus|\n|poke|p1|Koraidon|\n|poke|p1|Glimmora, M|\n|poke|p2|Koraidon|\n|poke|p2|Arceus|\n|poke|p2|Koraidon|\n|poke|p2|Calyrex-Shadow|\n|poke|p2|Great Tusk|\n|poke|p2|Ribombee, M|\n|teampreview\n|inactive|Battle timer is ON: inactive players will automatically lose when time's up. (requested by ParwStenio\u2764)\n|\n|t:|1697783478\n|start\n|switch|p1a: Zacian|Zacian-Crowned, shiny|100\/100\n|switch|p2a: Ribombee|Ribombee, M|100\/100\n|-ability|p1a: Zacian|Intrepid Sword|boost\n|-boost|p1a: Zacian|atk|1\n|turn|1\n|\n|t:|1697783486\n|move|p1a: Zacian|Substitute|p1a: Zacian\n|-start|p1a: Zacian|Substitute\n|-damage|p1a: Zacian|76\/100\n|move|p2a: Ribombee|Tailwind|p2a: Ribombee\n|-sidestart|p2: Firbitch|move: Tailwind\n|\n|upkeep\n|turn|2\n|\n|t:|1697783493\n|switch|p2a: Great Tusk|Great Tusk|100\/100\n|-enditem|p2a: Great Tusk|Booster Energy\n|-activate|p2a: Great Tusk|ability: Protosynthesis|[fromitem]\n|-start|p2a: Great Tusk|protosynthesisspe\n|move|p1a: Zacian|Swords Dance|p1a: Zacian\n|-boost|p1a: Zacian|atk|2\n|\n|upkeep\n|turn|3\n|\n|t:|1697783498\n|move|p2a: Great Tusk|Taunt|p1a: Zacian\n|-start|p1a: Zacian|move: Taunt\n|move|p1a: Zacian|Behemoth Blade|p2a: Great Tusk\n|-damage|p2a: Great Tusk|12\/100\n|\n|upkeep\n|turn|4\n|\n|t:|1697783506\n|move|p2a: Great Tusk|Stealth Rock|p1a: Zacian\n|-sidestart|p1: ParwStenio\u2764|move: Stealth Rock\n|move|p1a: Zacian|Behemoth Blade|p2a: Great Tusk\n|-damage|p2a: Great Tusk|0 fnt\n|faint|p2a: Great Tusk\n|-end|p2a: Great Tusk|Protosynthesis|[silent]\n|\n|-sideend|p2: Firbitch|move: Tailwind\n|upkeep\n|\n|t:|1697783513\n|switch|p2a: Koraidon|Koraidon|100\/100\n|-weather|SunnyDay|[from] ability: Orichalcum Pulse|[of] p2a: Koraidon\n|-activate|p2a: Koraidon|Orichalcum Pulse|[source]\n|turn|5\n|\n|t:|1697783528\n|move|p2a: Koraidon|U-turn|p1a: Zacian\n|-resisted|p1a: Zacian\n|-activate|p1a: Zacian|move: Substitute|[damage]\n|\n|t:|1697783548\n|switch|p2a: Koraidon|Koraidon|100\/100|[from] U-turn\n|-activate|p2a: Koraidon|ability: Orichalcum Pulse\n|move|p1a: Zacian|Behemoth Blade|p2a: Koraidon\n|-damage|p2a: Koraidon|0 fnt\n|faint|p2a: Koraidon\n|\n|-weather|SunnyDay|[upkeep]\n|-end|p1a: Zacian|move: Taunt\n|upkeep\n|\n|t:|1697783554\n|switch|p2a: Ribombee|Ribombee, M|100\/100\n|turn|6\n|\n|t:|1697783561\n|move|p1a: Zacian|Behemoth Blade|p2a: Ribombee\n|-supereffective|p2a: Ribombee\n|-enditem|p2a: Ribombee|Focus Sash\n|-damage|p2a: Ribombee|1\/100\n|move|p2a: Ribombee|Tailwind|p2a: Ribombee\n|-sidestart|p2: Firbitch|move: Tailwind\n|\n|-weather|SunnyDay|[upkeep]\n|upkeep\n|turn|7\n|l|\u2606Firbitch\n|inactive|Firbitch disconnected and has a minute to reconnect!\n|player|p2|\n|j|\u2606Firbitch\n|inactive|Firbitch reconnected and has 125 seconds left.\n|player|p2|Firbitch|youngster-gen4dp\n|inactive|Firbitch has 120 seconds left.\n|\n|t:|1697783595\n|move|p2a: Ribombee|Moonblast|p1a: Zacian\n|-resisted|p1a: Zacian\n|-end|p1a: Zacian|Substitute\n|move|p1a: Zacian|Swords Dance|p1a: Zacian\n|-boost|p1a: Zacian|atk|2\n|\n|-weather|SunnyDay|[upkeep]\n|upkeep\n|turn|8\n|\n|t:|1697783604\n|move|p2a: Ribombee|Charm|p1a: Zacian\n|-unboost|p1a: Zacian|atk|2\n|move|p1a: Zacian|Substitute|p1a: Zacian\n|-start|p1a: Zacian|Substitute\n|-damage|p1a: Zacian|51\/100\n|\n|-weather|SunnyDay|[upkeep]\n|upkeep\n|turn|9\n|\n|t:|1697783611\n|move|p2a: Ribombee|Moonblast|p1a: Zacian\n|-resisted|p1a: Zacian\n|-activate|p1a: Zacian|move: Substitute|[damage]\n|move|p1a: Zacian|Swords Dance|p1a: Zacian\n|-boost|p1a: Zacian|atk|2\n|\n|-weather|none\n|-sideend|p2: Firbitch|move: Tailwind\n|upkeep\n|turn|10\n|\n|t:|1697783618\n|move|p1a: Zacian|Behemoth Blade|p2a: Ribombee\n|-supereffective|p2a: Ribombee\n|-damage|p2a: Ribombee|0 fnt\n|faint|p2a: Ribombee\n|\n|upkeep\n|\n|t:|1697783624\n|switch|p2a: Arceus|Arceus|100\/100\n|turn|11\n|\n|t:|1697783628\n|move|p2a: Arceus|Extreme Speed|p1a: Zacian\n|-resisted|p1a: Zacian\n|-end|p1a: Zacian|Substitute\n|-damage|p2a: Arceus|91\/100|[from] item: Life Orb\n|move|p1a: Zacian|Close Combat|p2a: Arceus\n|-supereffective|p2a: Arceus\n|-damage|p2a: Arceus|0 fnt\n|-unboost|p1a: Zacian|def|1\n|-unboost|p1a: Zacian|spd|1\n|faint|p2a: Arceus\n|\n|upkeep\n|\n|t:|1697783630\n|switch|p2a: Koraidon|Koraidon|100\/100\n|-weather|SunnyDay|[from] ability: Orichalcum Pulse|[of] p2a: Koraidon\n|-activate|p2a: Koraidon|Orichalcum Pulse|[source]\n|turn|12\n|\n|t:|1697783644\n|move|p2a: Koraidon|Flare Blitz|p1a: Zacian\n|-supereffective|p1a: Zacian\n|-damage|p1a: Zacian|0 fnt\n|faint|p1a: Zacian\n|-damage|p2a: Koraidon|83\/100|[from] Recoil\n|\n|-weather|SunnyDay|[upkeep]\n|upkeep\n|\n|t:|1697783647\n|switch|p1a: Glimmora|Glimmora, M|100\/100\n|-damage|p1a: Glimmora|88\/100|[from] Stealth Rock\n|turn|13\n|\n|t:|1697783654\n|switch|p2a: Calyrex|Calyrex-Shadow|100\/100\n|-ability|p2a: Calyrex|As One\n|-ability|p2a: Calyrex|Unnerve\n|move|p1a: Glimmora|Mortal Spin|p2a: Calyrex\n|-resisted|p2a: Calyrex\n|-damage|p2a: Calyrex|97\/100\n|-status|p2a: Calyrex|psn\n|-sideend|p1: ParwStenio\u2764|Stealth Rock|[from] move: Mortal Spin|[of] p1a: Glimmora\n|\n|-weather|SunnyDay|[upkeep]\n|-damage|p2a: Calyrex|85\/100 psn|[from] psn\n|upkeep\n|turn|14\n|\n|t:|1697783666\n|switch|p1a: Arceus|Arceus|100\/100\n|move|p2a: Calyrex|Encore||[still]\n|-fail|p2a: Calyrex\n|\n|-weather|SunnyDay|[upkeep]\n|-damage|p2a: Calyrex|72\/100 psn|[from] psn\n|upkeep\n|turn|15\n|\n|t:|1697783675\n|switch|p2a: Koraidon|Koraidon|83\/100\n|-activate|p2a: Koraidon|ability: Orichalcum Pulse\n|move|p1a: Arceus|Swords Dance|p1a: Arceus\n|-boost|p1a: Arceus|atk|2\n|\n|-weather|SunnyDay|[upkeep]\n|upkeep\n|turn|16\n|\n|t:|1697783688\n|switch|p1a: Glimmora|Glimmora, M|88\/100\n|-terastallize|p2a: Koraidon|Ghost\n|move|p2a: Koraidon|Outrage|p1a: Glimmora\n|-damage|p1a: Glimmora|0 fnt\n|-activate|p1a: Glimmora|ability: Toxic Debris\n|-sidestart|p2: Firbitch|move: Toxic Spikes\n|faint|p1a: Glimmora\n|\n|-weather|none\n|upkeep\n|\n|t:|1697783709\n|switch|p1a: Arceus|Arceus|100\/100\n|turn|17\n|\n|t:|1697783713\n|move|p2a: Koraidon|Outrage|p1a: Arceus|[from]lockedmove\n|-damage|p1a: Arceus|56\/100\n|-start|p2a: Koraidon|confusion|[fatigue]\n|move|p1a: Arceus|Shadow Claw|p2a: Koraidon\n|-supereffective|p2a: Koraidon\n|-damage|p2a: Koraidon|22\/100\n|-damage|p1a: Arceus|46\/100|[from] item: Life Orb\n|\n|upkeep\n|turn|18\n|\n|t:|1697783722\n|-activate|p2a: Koraidon|confusion\n|move|p2a: Koraidon|Outrage|p1a: Arceus\n|-damage|p1a: Arceus|6\/100\n|move|p1a: Arceus|Shadow Claw|p2a: Koraidon\n|-supereffective|p2a: Koraidon\n|-damage|p2a: Koraidon|0 fnt\n|faint|p2a: Koraidon\n|-damage|p1a: Arceus|0 fnt|[from] item: Life Orb\n|faint|p1a: Arceus\n|\n|upkeep\n|c|\u2606Firbitch|gg\n|\n|t:|1697783732\n|switch|p2a: Calyrex|Calyrex-Shadow|72\/100 psn\n|switch|p1a: Arceus|Arceus|100\/100\n|-ability|p2a: Calyrex|As One\n|-ability|p2a: Calyrex|Unnerve\n|turn|19\n|\n|t:|1697783739\n|move|p2a: Calyrex|Psychic|p1a: Arceus\n|-crit|p1a: Arceus\n|-damage|p1a: Arceus|40\/100\n|move|p1a: Arceus|Shadow Claw|p2a: Calyrex\n|-supereffective|p2a: Calyrex\n|-crit|p2a: Calyrex\n|-damage|p2a: Calyrex|0 fnt\n|faint|p2a: Calyrex\n|\n|win|ParwStenio\u2764\n|raw|ParwStenio\u2764's rating: 1647 &rarr; <strong>1676<\/strong><br \/>(+29 for winning)\n|raw|Firbitch's rating: 1821 &rarr; <strong>1792<\/strong><br \/>(-29 for losing)\n|c|\u2606ParwStenio\u2764|gg\n|c|\u2606Firbitch|I'll beat you next time DW\n|c|\u2606ParwStenio\u2764|im herb arcues\n|l|\u2606Firbitch\n","uploadtime":1697783771,"views":15,"p1id":"parwstenio","p2id":"firbitch","formatid":"gen9anythinggoes","rating":1676,"private":0,"password":""}