{"id":"gen9anythinggoes-2000245683","p1":"laprasplayer","p2":"ashfqwer","format":"[Gen 9] Anything Goes","log":"|j|\u2606laprasplayer\n|j|\u2606ashfqwer\n|inactive|Battle timer is ON: inactive players will automatically lose when time's up.\n|t:|1701177014\n|gametype|singles\n|player|p1|laprasplayer|waitress-gen4|\n|player|p2|ashfqwer|lusamine-nihilego|\n|teamsize|p1|6\n|teamsize|p2|6\n|gen|9\n|tier|[Gen 9] Anything Goes\n|rated|Tournament battle\n|rule|HP Percentage Mod: HP is shown in percentages\n|rule|Endless Battle Clause: Forcing endless battles is banned\n|clearpoke\n|poke|p1|Gastrodon, F|\n|poke|p1|Toxapex, M|\n|poke|p1|Blissey, F|\n|poke|p1|Dondozo, F|\n|poke|p1|Mandibuzz, F|\n|poke|p1|Alomomola, M|\n|poke|p2|Arceus|\n|poke|p2|Koraidon|\n|poke|p2|Miraidon|\n|poke|p2|Calyrex-Shadow|\n|poke|p2|Ting-Lu|\n|poke|p2|Toxapex, M|\n|teampreview\n|inactive|ashfqwer also wants the timer to be on.\n|c|\u2606laprasplayer|hf\n|c|\u2606ashfqwer|expected specs ogre?\n|c|\u2606ashfqwer|u2\n|j| sumitvs138\n|j| Kanha Greninja\n|c|\u2606laprasplayer|no\n|j| eavo\n|inactive|ashfqwer has 120 seconds left.\n|c|\u2606ashfqwer|why gastro then?\n|c|\u2606laprasplayer|just wanted to load gastrodon for fun\n|\n|t:|1701177052\n|start\n|switch|p1a: Toxapex|Toxapex, M|100\/100\n|switch|p2a: Miraidon|Miraidon|100\/100\n|-fieldstart|move: Electric Terrain|[from] ability: Hadron Engine|[of] p2a: Miraidon\n|turn|1\n|c| eavo|he's a good guy\n|\n|t:|1701177058\n|move|p1a: Toxapex|Baneful Bunker|p1a: Toxapex\n|-singleturn|p1a: Toxapex|move: Protect\n|move|p2a: Miraidon|Electro Drift|p1a: Toxapex\n|-activate|p1a: Toxapex|move: Protect\n|-status|p2a: Miraidon|psn\n|\n|-damage|p2a: Miraidon|88\/100 psn|[from] psn\n|upkeep\n|turn|2\n|\n|t:|1701177062\n|switch|p1a: Blissey|Blissey, F|100\/100\n|move|p2a: Miraidon|Electro Drift|p1a: Blissey\n|-damage|p1a: Blissey|72\/100\n|\n|-damage|p2a: Miraidon|76\/100 psn|[from] psn\n|upkeep\n|turn|3\n|\n|t:|1701177066\n|switch|p2a: Koraidon|Koraidon|100\/100\n|-weather|SunnyDay|[from] ability: Orichalcum Pulse|[of] p2a: Koraidon\n|-activate|p2a: Koraidon|Orichalcum Pulse|[source]\n|move|p1a: Blissey|Stealth Rock|p2a: Koraidon\n|-sidestart|p2: ashfqwer|move: Stealth Rock\n|\n|-weather|SunnyDay|[upkeep]\n|upkeep\n|turn|4\n|\n|t:|1701177076\n|switch|p1a: Alomomola|Alomomola, M|100\/100\n|move|p2a: Koraidon|Swords Dance|p2a: Koraidon\n|-boost|p2a: Koraidon|atk|2\n|\n|-weather|SunnyDay|[upkeep]\n|upkeep\n|turn|5\n|\n|t:|1701177089\n|-terastallize|p2a: Koraidon|Fire\n|-terastallize|p1a: Alomomola|Fairy\n|move|p2a: Koraidon|Swords Dance|p2a: Koraidon\n|-boost|p2a: Koraidon|atk|2\n|move|p1a: Alomomola|Play Rough|p2a: Koraidon\n|-resisted|p2a: Koraidon\n|-damage|p2a: Koraidon|91\/100\n|\n|-weather|SunnyDay|[upkeep]\n|-fieldend|move: Electric Terrain\n|upkeep\n|turn|6\n|\n|t:|1701177098\n|switch|p1a: Dondozo|Dondozo, F|100\/100\n|move|p2a: Koraidon|Flame Charge|p1a: Dondozo\n|-resisted|p1a: Dondozo\n|-damage|p1a: Dondozo|85\/100\n|-boost|p2a: Koraidon|spe|1\n|\n|-weather|SunnyDay|[upkeep]\n|upkeep\n|turn|7\n|c| Kanha Greninja|s\n|\n|t:|1701177102\n|move|p2a: Koraidon|Scale Shot|p1a: Dondozo\n|-damage|p1a: Dondozo|78\/100\n|-damage|p1a: Dondozo|70\/100\n|-damage|p1a: Dondozo|62\/100\n|-damage|p1a: Dondozo|54\/100\n|-damage|p1a: Dondozo|46\/100\n|-hitcount|p1a: Dondozo|5\n|-unboost|p2a: Koraidon|def|1\n|-boost|p2a: Koraidon|spe|1\n|move|p1a: Dondozo|Rest|p1a: Dondozo\n|-status|p1a: Dondozo|slp|[from] move: Rest\n|-heal|p1a: Dondozo|100\/100 slp|[silent]\n|\n|-weather|none\n|upkeep\n|turn|8\n|\n|t:|1701177107\n|move|p2a: Koraidon|Low Kick|p1a: Dondozo\n|-damage|p1a: Dondozo|72\/100 slp\n|cant|p1a: Dondozo|slp\n|move|p1a: Dondozo|Sleep Talk|p1a: Dondozo\n|move|p1a: Dondozo|Rest||[from]move: Sleep Talk|[still]\n|-fail|p1a: Dondozo\n|\n|upkeep\n|turn|9\n|\n|t:|1701177111\n|move|p2a: Koraidon|Low Kick|p1a: Dondozo\n|-damage|p1a: Dondozo|41\/100 slp\n|cant|p1a: Dondozo|slp\n|move|p1a: Dondozo|Sleep Talk|p1a: Dondozo\n|move|p1a: Dondozo|Rest||[from]move: Sleep Talk|[still]\n|-fail|p1a: Dondozo\n|\n|upkeep\n|turn|10\n|c| eavo|um\n|\n|t:|1701177118\n|switch|p2a: Miraidon|Miraidon|76\/100 psn\n|-damage|p2a: Miraidon|63\/100 psn|[from] Stealth Rock\n|-fieldstart|move: Electric Terrain|[from] ability: Hadron Engine|[of] p2a: Miraidon\n|switch|p1a: Alomomola|Alomomola, M, tera:Fairy|100\/100\n|\n|-damage|p2a: Miraidon|51\/100 psn|[from] psn\n|upkeep\n|turn|11\n|\n|t:|1701177127\n|move|p1a: Alomomola|Protect|p1a: Alomomola\n|-singleturn|p1a: Alomomola|Protect\n|move|p2a: Miraidon|Electro Drift|p1a: Alomomola\n|-activate|p1a: Alomomola|move: Protect\n|\n|-damage|p2a: Miraidon|38\/100 psn|[from] psn\n|upkeep\n|turn|12\n|\n|t:|1701177132\n|switch|p2a: Calyrex|Calyrex-Shadow|100\/100\n|-ability|p2a: Calyrex|As One\n|-ability|p2a: Calyrex|Unnerve\n|move|p1a: Alomomola|Wish|p1a: Alomomola\n|\n|upkeep\n|turn|13\n|c| sumitvs138|Yoo\n|c| eavo|clicking wish was funny\n|\n|t:|1701177162\n|switch|p1a: Dondozo|Dondozo, F|41\/100 slp\n|move|p2a: Calyrex|Astral Barrage|p1a: Dondozo\n|-damage|p1a: Dondozo|0 fnt\n|faint|p1a: Dondozo\n|-ability|p2a: Calyrex|Grim Neigh|boost\n|-boost|p2a: Calyrex|spa|1\n|\n|upkeep\n|\n|t:|1701177167\n|switch|p1a: Mandibuzz|Mandibuzz, F|100\/100\n|turn|14\n|c|\u2606laprasplayer|damn im ass\n|\n|t:|1701177184\n|move|p2a: Calyrex|Tera Blast|p1a: Mandibuzz\n|-damage|p1a: Mandibuzz|70\/100\n|move|p1a: Mandibuzz|Toxic|p2a: Calyrex\n|-status|p2a: Calyrex|tox\n|\n|-damage|p2a: Calyrex|94\/100 tox|[from] psn\n|-fieldend|move: Electric Terrain\n|upkeep\n|turn|15\n|c| eavo|>outplay\n|\n|t:|1701177191\n|move|p2a: Calyrex|Taunt|p1a: Mandibuzz\n|-start|p1a: Mandibuzz|move: Taunt\n|cant|p1a: Mandibuzz|move: Taunt|Toxic\n|\n|-damage|p2a: Calyrex|82\/100 tox|[from] psn\n|upkeep\n|turn|16\n|\n|t:|1701177196\n|switch|p1a: Blissey|Blissey, F|72\/100\n|move|p2a: Calyrex|Tera Blast|p1a: Blissey\n|-damage|p1a: Blissey|59\/100\n|\n|-damage|p2a: Calyrex|64\/100 tox|[from] psn\n|upkeep\n|turn|17\n|\n|t:|1701177202\n|move|p2a: Calyrex|Taunt|p1a: Blissey\n|-start|p1a: Blissey|move: Taunt\n|cant|p1a: Blissey|move: Taunt|Soft-Boiled\n|\n|-damage|p2a: Calyrex|39\/100 tox|[from] psn\n|upkeep\n|turn|18\n|c| sumitvs138|Change team get defeated???\n|\n|t:|1701177206\n|move|p2a: Calyrex|Tera Blast|p1a: Blissey\n|-damage|p1a: Blissey|46\/100\n|move|p1a: Blissey|Seismic Toss|p2a: Calyrex\n|-immune|p2a: Calyrex\n|\n|-damage|p2a: Calyrex|8\/100 tox|[from] psn\n|upkeep\n|turn|19\n|\n|t:|1701177210\n|switch|p1a: Mandibuzz|Mandibuzz, F|70\/100\n|move|p2a: Calyrex|Tera Blast|p1a: Mandibuzz\n|-damage|p1a: Mandibuzz|42\/100\n|\n|-damage|p2a: Calyrex|0 fnt|[from] psn\n|faint|p2a: Calyrex\n|upkeep\n|\n|t:|1701177224\n|switch|p2a: Koraidon|Koraidon, tera:Fire|91\/100\n|-damage|p2a: Koraidon|66\/100|[from] Stealth Rock\n|-weather|SunnyDay|[from] ability: Orichalcum Pulse|[of] p2a: Koraidon\n|-activate|p2a: Koraidon|Orichalcum Pulse|[source]\n|turn|20\n|\n|t:|1701177228\n|move|p2a: Koraidon|Scale Shot|p1a: Mandibuzz\n|-damage|p1a: Mandibuzz|29\/100\n|-damage|p1a: Mandibuzz|16\/100\n|-damage|p1a: Mandibuzz|3\/100\n|-damage|p1a: Mandibuzz|0 fnt\n|faint|p1a: Mandibuzz\n|-hitcount|p1: Mandibuzz|4\n|-unboost|p2a: Koraidon|def|1\n|-boost|p2a: Koraidon|spe|1\n|\n|-weather|SunnyDay|[upkeep]\n|upkeep\n|\n|t:|1701177231\n|switch|p1a: Toxapex|Toxapex, M|100\/100\n|turn|21\n|c| sumitvs138|Nah blud still gonna win\n|\n|t:|1701177238\n|switch|p2a: Toxapex|Toxapex, M|100\/100\n|-damage|p2a: Toxapex|88\/100|[from] Stealth Rock\n|move|p1a: Toxapex|Poison Jab|p2a: Toxapex\n|-resisted|p2a: Toxapex\n|-damage|p2a: Toxapex|82\/100\n|-damage|p1a: Toxapex|84\/100|[from] item: Rocky Helmet|[of] p2a: Toxapex\n|\n|-weather|SunnyDay|[upkeep]\n|upkeep\n|turn|22\n|\n|t:|1701177244\n|move|p2a: Toxapex|Toxic Spikes|p1a: Toxapex\n|-sidestart|p1: laprasplayer|move: Toxic Spikes\n|move|p1a: Toxapex|Toxic Spikes|p2a: Toxapex\n|-sidestart|p2: ashfqwer|move: Toxic Spikes\n|\n|-weather|SunnyDay|[upkeep]\n|upkeep\n|turn|23\n|\n|t:|1701177250\n|move|p1a: Toxapex|Poison Jab|p2a: Toxapex\n|-resisted|p2a: Toxapex\n|-damage|p2a: Toxapex|76\/100\n|-damage|p1a: Toxapex|67\/100|[from] item: Rocky Helmet|[of] p2a: Toxapex\n|move|p2a: Toxapex|Toxic Spikes|p1a: Toxapex\n|-sidestart|p1: laprasplayer|move: Toxic Spikes\n|\n|-weather|SunnyDay|[upkeep]\n|upkeep\n|turn|24\n|\n|t:|1701177258\n|switch|p2a: Ting-Lu|Ting-Lu|100\/100\n|-damage|p2a: Ting-Lu|94\/100|[from] Stealth Rock\n|-status|p2a: Ting-Lu|psn\n|-ability|p2a: Ting-Lu|Vessel of Ruin\n|move|p1a: Toxapex|Toxic Spikes|p2a: Ting-Lu\n|-sidestart|p2: ashfqwer|move: Toxic Spikes\n|\n|-weather|none\n|-heal|p2a: Ting-Lu|100\/100 psn|[from] item: Leftovers\n|-damage|p2a: Ting-Lu|88\/100 psn|[from] psn\n|upkeep\n|turn|25\n|\n|t:|1701177263\n|move|p2a: Ting-Lu|Taunt|p1a: Toxapex\n|-start|p1a: Toxapex|move: Taunt\n|cant|p1a: Toxapex|move: Taunt|Toxic Spikes\n|\n|-heal|p2a: Ting-Lu|94\/100 psn|[from] item: Leftovers\n|-damage|p2a: Ting-Lu|82\/100 psn|[from] psn\n|upkeep\n|turn|26\n|\n|t:|1701177265\n|switch|p1a: Alomomola|Alomomola, M, tera:Fairy|100\/100\n|move|p2a: Ting-Lu|Ruination|p1a: Alomomola\n|-damage|p1a: Alomomola|50\/100\n|\n|-heal|p2a: Ting-Lu|88\/100 psn|[from] item: Leftovers\n|-damage|p2a: Ting-Lu|76\/100 psn|[from] psn\n|upkeep\n|turn|27\n|\n|t:|1701177268\n|move|p1a: Alomomola|Play Rough|p2a: Ting-Lu\n|-supereffective|p2a: Ting-Lu\n|-damage|p2a: Ting-Lu|49\/100 psn\n|move|p2a: Ting-Lu|Taunt|p1a: Alomomola\n|-start|p1a: Alomomola|move: Taunt\n|\n|-heal|p2a: Ting-Lu|55\/100 psn|[from] item: Leftovers\n|-damage|p2a: Ting-Lu|42\/100 psn|[from] psn\n|upkeep\n|turn|28\n|j| Farce Of The Death\n|\n|t:|1701177276\n|switch|p1a: Toxapex|Toxapex, M|100\/100\n|-sideend|p1: laprasplayer|move: Toxic Spikes|[of] p1a: Toxapex\n|move|p2a: Ting-Lu|Ruination|p1a: Toxapex|[miss]\n|-miss|p2a: Ting-Lu|p1a: Toxapex\n|\n|-heal|p2a: Ting-Lu|48\/100 psn|[from] item: Leftovers\n|-damage|p2a: Ting-Lu|36\/100 psn|[from] psn\n|upkeep\n|turn|29\n|\n|t:|1701177284\n|switch|p1a: Alomomola|Alomomola, M, tera:Fairy|84\/100\n|move|p2a: Ting-Lu|Ruination|p1a: Alomomola\n|-damage|p1a: Alomomola|42\/100\n|\n|-heal|p2a: Ting-Lu|42\/100 psn|[from] item: Leftovers\n|-damage|p2a: Ting-Lu|30\/100 psn|[from] psn\n|upkeep\n|turn|30\n|\n|t:|1701177291\n|move|p1a: Alomomola|Scald|p2a: Ting-Lu\n|-supereffective|p2a: Ting-Lu\n|-damage|p2a: Ting-Lu|18\/100 psn\n|move|p2a: Ting-Lu|Taunt|p1a: Alomomola\n|-start|p1a: Alomomola|move: Taunt\n|\n|-heal|p2a: Ting-Lu|24\/100 psn|[from] item: Leftovers\n|-damage|p2a: Ting-Lu|11\/100 psn|[from] psn\n|upkeep\n|turn|31\n|\n|t:|1701177296\n|switch|p1a: Toxapex|Toxapex, M|100\/100\n|move|p2a: Ting-Lu|Ruination|p1a: Toxapex\n|-damage|p1a: Toxapex|50\/100\n|\n|-heal|p2a: Ting-Lu|17\/100 psn|[from] item: Leftovers\n|-damage|p2a: Ting-Lu|5\/100 psn|[from] psn\n|upkeep\n|turn|32\n|\n|t:|1701177300\n|switch|p1a: Alomomola|Alomomola, M, tera:Fairy|76\/100\n|move|p2a: Ting-Lu|Taunt|p1a: Alomomola\n|-start|p1a: Alomomola|move: Taunt\n|\n|-heal|p2a: Ting-Lu|11\/100 psn|[from] item: Leftovers\n|-damage|p2a: Ting-Lu|0 fnt|[from] psn\n|faint|p2a: Ting-Lu\n|upkeep\n|\n|t:|1701177311\n|switch|p2a: Arceus|Arceus|100\/100\n|turn|33\n|c|\u2606ashfqwer|pls dont burn\n|\n|t:|1701177323\n|move|p2a: Arceus|Swords Dance|p2a: Arceus\n|-boost|p2a: Arceus|atk|2\n|move|p1a: Alomomola|Scald|p2a: Arceus\n|-damage|p2a: Arceus|92\/100\n|-status|p2a: Arceus|brn\n|\n|-damage|p2a: Arceus|86\/100 brn|[from] brn\n|upkeep\n|turn|34\n|c|\u2606laprasplayer|burn\n|c|\u2606laprasplayer|good\n|\n|t:|1701177334\n|switch|p1a: Gastrodon|Gastrodon, F|100\/100\n|move|p2a: Arceus|Swords Dance|p2a: Arceus\n|-boost|p2a: Arceus|atk|2\n|\n|-damage|p2a: Arceus|80\/100 brn|[from] brn\n|upkeep\n|turn|35\n|c| sumitvs138|Hhhhaaa\n|\n|t:|1701177339\n|move|p2a: Arceus|Extreme Speed|p1a: Gastrodon\n|-damage|p1a: Gastrodon|30\/100\n|move|p1a: Gastrodon|Clear Smog|p2a: Arceus\n|-damage|p2a: Arceus|73\/100 brn\n|-clearboost|p2a: Arceus\n|\n|-damage|p2a: Arceus|67\/100 brn|[from] brn\n|upkeep\n|turn|36\n|c| Farce Of The Death|Crit\n|\n|t:|1701177345\n|move|p2a: Arceus|Extreme Speed|p1a: Gastrodon\n|-damage|p1a: Gastrodon|4\/100\n|move|p1a: Gastrodon|Recover|p1a: Gastrodon\n|-heal|p1a: Gastrodon|54\/100\n|\n|-damage|p2a: Arceus|61\/100 brn|[from] brn\n|upkeep\n|turn|37\n|\n|t:|1701177348\n|move|p2a: Arceus|Swords Dance|p2a: Arceus\n|-boost|p2a: Arceus|atk|2\n|move|p1a: Gastrodon|Recover|p1a: Gastrodon\n|-heal|p1a: Gastrodon|100\/100\n|\n|-damage|p2a: Arceus|55\/100 brn|[from] brn\n|upkeep\n|turn|38\n|c| eavo|burning\n|\n|t:|1701177352\n|move|p2a: Arceus|Extreme Speed|p1a: Gastrodon\n|-damage|p1a: Gastrodon|50\/100\n|move|p1a: Gastrodon|Clear Smog|p2a: Arceus\n|-damage|p2a: Arceus|48\/100 brn\n|-clearboost|p2a: Arceus\n|\n|-damage|p2a: Arceus|42\/100 brn|[from] brn\n|upkeep\n|turn|39\n|\n|t:|1701177356\n|move|p2a: Arceus|Swords Dance|p2a: Arceus\n|-boost|p2a: Arceus|atk|2\n|move|p1a: Gastrodon|Recover|p1a: Gastrodon\n|-heal|p1a: Gastrodon|99\/100\n|\n|-damage|p2a: Arceus|36\/100 brn|[from] brn\n|upkeep\n|turn|40\n|\n|t:|1701177360\n|move|p2a: Arceus|Extreme Speed|p1a: Gastrodon\n|-damage|p1a: Gastrodon|54\/100\n|move|p1a: Gastrodon|Clear Smog|p2a: Arceus\n|-damage|p2a: Arceus|29\/100 brn\n|-clearboost|p2a: Arceus\n|\n|-damage|p2a: Arceus|23\/100 brn|[from] brn\n|upkeep\n|turn|41\n|\n|t:|1701177364\n|move|p2a: Arceus|Swords Dance|p2a: Arceus\n|-boost|p2a: Arceus|atk|2\n|move|p1a: Gastrodon|Recover|p1a: Gastrodon\n|-heal|p1a: Gastrodon|100\/100\n|\n|-damage|p2a: Arceus|16\/100 brn|[from] brn\n|upkeep\n|turn|42\n|\n|t:|1701177369\n|move|p2a: Arceus|Recover|p2a: Arceus\n|-heal|p2a: Arceus|66\/100 brn\n|move|p1a: Gastrodon|Clear Smog|p2a: Arceus\n|-damage|p2a: Arceus|59\/100 brn\n|-clearboost|p2a: Arceus\n|\n|-damage|p2a: Arceus|53\/100 brn|[from] brn\n|upkeep\n|turn|43\n|c| sumitvs138|Shiii\n|\n|t:|1701177373\n|move|p2a: Arceus|Recover|p2a: Arceus\n|-heal|p2a: Arceus|100\/100 brn\n|move|p1a: Gastrodon|Earthquake|p2a: Arceus\n|-damage|p2a: Arceus|79\/100 brn\n|\n|-damage|p2a: Arceus|73\/100 brn|[from] brn\n|upkeep\n|turn|44\n|\n|t:|1701177378\n|switch|p2a: Toxapex|Toxapex, M|100\/100\n|-damage|p2a: Toxapex|88\/100|[from] Stealth Rock\n|-sideend|p2: ashfqwer|move: Toxic Spikes|[of] p2a: Toxapex\n|move|p1a: Gastrodon|Earthquake|p2a: Toxapex\n|-supereffective|p2a: Toxapex\n|-damage|p2a: Toxapex|51\/100\n|\n|upkeep\n|turn|45\n|\n|t:|1701177387\n|move|p2a: Toxapex|Poison Jab|p1a: Gastrodon\n|-resisted|p1a: Gastrodon\n|-damage|p1a: Gastrodon|91\/100\n|move|p1a: Gastrodon|Earthquake|p2a: Toxapex\n|-supereffective|p2a: Toxapex\n|-damage|p2a: Toxapex|15\/100\n|\n|upkeep\n|turn|46\n|\n|t:|1701177391\n|switch|p1a: Toxapex|Toxapex, M|84\/100\n|move|p2a: Toxapex|Recover|p2a: Toxapex\n|-heal|p2a: Toxapex|65\/100\n|\n|upkeep\n|turn|47\n|\n|t:|1701177399\n|switch|p2a: Miraidon|Miraidon|38\/100 psn\n|-damage|p2a: Miraidon|26\/100 psn|[from] Stealth Rock\n|-fieldstart|move: Electric Terrain|[from] ability: Hadron Engine|[of] p2a: Miraidon\n|move|p1a: Toxapex|Toxic Spikes|p2a: Miraidon\n|-sidestart|p2: ashfqwer|move: Toxic Spikes\n|\n|-damage|p2a: Miraidon|14\/100 psn|[from] psn\n|upkeep\n|turn|48\n|\n|t:|1701177406\n|switch|p1a: Blissey|Blissey, F|46\/100\n|move|p2a: Miraidon|Draco Meteor|p1a: Blissey\n|-damage|p1a: Blissey|19\/100\n|-unboost|p2a: Miraidon|spa|2\n|\n|-damage|p2a: Miraidon|1\/100 psn|[from] psn\n|upkeep\n|turn|49\n|\n|t:|1701177411\n|switch|p1a: Alomomola|Alomomola, M, tera:Fairy|100\/100\n|move|p2a: Miraidon|Draco Meteor|p1a: Alomomola\n|-immune|p1a: Alomomola\n|\n|-damage|p2a: Miraidon|0 fnt|[from] psn\n|faint|p2a: Miraidon\n|upkeep\n|c| eavo|rip big mirai\n|\n|t:|1701177415\n|switch|p2a: Arceus|Arceus|73\/100 brn\n|turn|50\n|\n|t:|1701177420\n|move|p2a: Arceus|Swords Dance|p2a: Arceus\n|-boost|p2a: Arceus|atk|2\n|move|p1a: Alomomola|Play Rough|p2a: Arceus\n|-damage|p2a: Arceus|56\/100 brn\n|\n|-damage|p2a: Arceus|50\/100 brn|[from] brn\n|upkeep\n|turn|51\n|\n|t:|1701177425\n|switch|p1a: Gastrodon|Gastrodon, F|91\/100\n|move|p2a: Arceus|Swords Dance|p2a: Arceus\n|-boost|p2a: Arceus|atk|2\n|\n|-damage|p2a: Arceus|44\/100 brn|[from] brn\n|-fieldend|move: Electric Terrain\n|upkeep\n|turn|52\n|\n|t:|1701177428\n|move|p2a: Arceus|Extreme Speed|p1a: Gastrodon\n|-damage|p1a: Gastrodon|21\/100\n|move|p1a: Gastrodon|Clear Smog|p2a: Arceus\n|-damage|p2a: Arceus|36\/100 brn\n|-clearboost|p2a: Arceus\n|\n|-damage|p2a: Arceus|30\/100 brn|[from] brn\n|upkeep\n|turn|53\n|\n|t:|1701177433\n|switch|p1a: Alomomola|Alomomola, M, tera:Fairy|100\/100\n|move|p2a: Arceus|Extreme Speed|p1a: Alomomola\n|-damage|p1a: Alomomola|89\/100\n|\n|-damage|p2a: Arceus|24\/100 brn|[from] brn\n|upkeep\n|turn|54\n|\n|t:|1701177442\n|move|p2a: Arceus|Recover|p2a: Arceus\n|-heal|p2a: Arceus|74\/100 brn\n|move|p1a: Alomomola|Wish|p1a: Alomomola\n|\n|-damage|p2a: Arceus|68\/100 brn|[from] brn\n|upkeep\n|turn|55\n|\n|t:|1701177455\n|switch|p1a: Blissey|Blissey, F|19\/100\n|move|p2a: Arceus|Swords Dance|p2a: Arceus\n|-boost|p2a: Arceus|atk|2\n|\n|-heal|p1a: Blissey|56\/100|[from] move: Wish|[wisher] Alomomola\n|-damage|p2a: Arceus|62\/100 brn|[from] brn\n|upkeep\n|turn|56\n|\n|t:|1701177460\n|switch|p1a: Toxapex|Toxapex, M|100\/100\n|move|p2a: Arceus|Swords Dance|p2a: Arceus\n|-boost|p2a: Arceus|atk|2\n|\n|-damage|p2a: Arceus|56\/100 brn|[from] brn\n|upkeep\n|turn|57\n|\n|t:|1701177464\n|move|p2a: Arceus|Extreme Speed|p1a: Toxapex\n|-damage|p1a: Toxapex|59\/100\n|move|p1a: Toxapex|Toxic Spikes|p2a: Arceus\n|-sidestart|p2: ashfqwer|move: Toxic Spikes\n|\n|-damage|p2a: Arceus|49\/100 brn|[from] brn\n|upkeep\n|turn|58\n|\n|t:|1701177476\n|move|p2a: Arceus|Shadow Claw|p1a: Toxapex\n|-damage|p1a: Toxapex|35\/100\n|move|p1a: Toxapex|Recover|p1a: Toxapex\n|-heal|p1a: Toxapex|85\/100\n|\n|-damage|p2a: Arceus|43\/100 brn|[from] brn\n|upkeep\n|turn|59\n|\n|t:|1701177480\n|switch|p2a: Toxapex|Toxapex, M|99\/100\n|-damage|p2a: Toxapex|86\/100|[from] Stealth Rock\n|-sideend|p2: ashfqwer|move: Toxic Spikes|[of] p2a: Toxapex\n|move|p1a: Toxapex|Poison Jab|p2a: Toxapex\n|-resisted|p2a: Toxapex\n|-damage|p2a: Toxapex|80\/100\n|-damage|p1a: Toxapex|69\/100|[from] item: Rocky Helmet|[of] p2a: Toxapex\n|\n|upkeep\n|turn|60\n|\n|t:|1701177482\n|switch|p2a: Koraidon|Koraidon, tera:Fire|66\/100\n|-damage|p2a: Koraidon|41\/100|[from] Stealth Rock\n|-weather|SunnyDay|[from] ability: Orichalcum Pulse|[of] p2a: Koraidon\n|-activate|p2a: Koraidon|Orichalcum Pulse|[source]\n|move|p1a: Toxapex|Toxic Spikes|p2a: Koraidon\n|-sidestart|p2: ashfqwer|move: Toxic Spikes\n|\n|-weather|SunnyDay|[upkeep]\n|upkeep\n|turn|61\n|\n|t:|1701177487\n|move|p2a: Koraidon|Swords Dance|p2a: Koraidon\n|-boost|p2a: Koraidon|atk|2\n|move|p1a: Toxapex|Poison Jab|p2a: Koraidon\n|-damage|p2a: Koraidon|23\/100\n|\n|-weather|SunnyDay|[upkeep]\n|upkeep\n|turn|62\n|c| eavo|OML\n|\n|t:|1701177491\n|switch|p1a: Alomomola|Alomomola, M, tera:Fairy|100\/100\n|move|p2a: Koraidon|Scale Shot|p1a: Alomomola\n|-immune|p1a: Alomomola\n|\n|-weather|SunnyDay|[upkeep]\n|upkeep\n|turn|63\n|\n|t:|1701177499\n|switch|p1a: Toxapex|Toxapex, M|100\/100\n|move|p2a: Koraidon|Flame Charge|p1a: Toxapex\n|-resisted|p1a: Toxapex\n|-damage|p1a: Toxapex|60\/100\n|-boost|p2a: Koraidon|spe|1\n|\n|-weather|SunnyDay|[upkeep]\n|upkeep\n|turn|64\n|\n|t:|1701177502\n|switch|p1a: Alomomola|Alomomola, M, tera:Fairy|100\/100\n|move|p2a: Koraidon|Scale Shot|p1a: Alomomola\n|-immune|p1a: Alomomola\n|\n|-weather|none\n|upkeep\n|turn|65\n|\n|t:|1701177506\n|move|p2a: Koraidon|Flame Charge|p1a: Alomomola\n|-crit|p1a: Alomomola\n|-damage|p1a: Alomomola|52\/100\n|-boost|p2a: Koraidon|spe|1\n|move|p1a: Alomomola|Scald|p2a: Koraidon\n|-supereffective|p2a: Koraidon\n|-crit|p2a: Koraidon\n|-damage|p2a: Koraidon|0 fnt\n|faint|p2a: Koraidon\n|\n|upkeep\n|c|\u2606ashfqwer|gg\n|c|\u2606laprasplayer|ggwp\n|-message|ashfqwer forfeited.\n|\n|win|laprasplayer\n|n|\u2606laprasplayer|laprasplayer\n|n|\u2606ashfqwer|ashfqwer\n|n| sumitvs138|sumitvs138\n|n| Kanha Greninja|kanhagreninja\n|n| eavo|eavo\n|n| Farce Of The Death|farceofthedeath\n|l|\u2606ashfqwer\n","uploadtime":1701177517,"views":2,"p1id":"laprasplayer","p2id":"ashfqwer","formatid":"gen9anythinggoes","rating":0,"private":0,"password":""}