{"id":"gen9anythinggoes-1975848675","p1":"logan6969","p2":"Doctor Teamkill","format":"[Gen 9] Anything Goes","log":"|j|\u2606logan6969\n|j|\u2606Doctor Teamkill\n|t:|1698243571\n|gametype|singles\n|player|p1|logan6969|benga|1043\n|player|p2|Doctor Teamkill|1|1051\n|teamsize|p1|6\n|teamsize|p2|6\n|gen|9\n|tier|[Gen 9] Anything Goes\n|rated|\n|rule|HP Percentage Mod: HP is shown in percentages\n|rule|Endless Battle Clause: Forcing endless battles is banned\n|clearpoke\n|poke|p1|Bisharp, M|\n|poke|p1|Bisharp, M|\n|poke|p1|Bisharp, M|\n|poke|p1|Bisharp, M|\n|poke|p1|Bisharp, M|\n|poke|p1|Bisharp, M|\n|poke|p2|Gogoat, M|\n|poke|p2|Gogoat, F|\n|poke|p2|Gogoat, M|\n|poke|p2|Gogoat, F|\n|poke|p2|Gogoat, F|\n|poke|p2|Klefki, M|\n|teampreview\n|\n|t:|1698243582\n|start\n|switch|p1a: Bisharp|Bisharp, M|100\/100\n|switch|p2a: The barn door keys|Klefki, M|100\/100\n|turn|1\n|\n|t:|1698243590\n|move|p1a: Bisharp|Guillotine|p2a: The barn door keys\n|-damage|p2a: The barn door keys|0 fnt\n|faint|p2a: The barn door keys\n|-ohko\n|\n|upkeep\n|c|\u2606logan6969|barn team go crazy\n|\n|t:|1698243599\n|switch|p2a: The bossy goat|Gogoat, F|100\/100\n|turn|2\n|c|\u2606Doctor Teamkill|real\n|\n|t:|1698243610\n|move|p1a: Bisharp|Guillotine|p2a: The bossy goat|[miss]\n|-miss|p1a: Bisharp|p2a: The bossy goat\n|move|p2a: The bossy goat|Seed Bomb|p1a: Bisharp\n|-resisted|p1a: Bisharp\n|-damage|p1a: Bisharp|84\/100\n|\n|upkeep\n|turn|3\n|\n|t:|1698243620\n|switch|p2a: The stupid goat|Gogoat, F|100\/100\n|move|p1a: Bisharp|Guillotine|p2a: The stupid goat|[miss]\n|-miss|p1a: Bisharp|p2a: The stupid goat\n|\n|upkeep\n|turn|4\n|c|\u2606logan6969|guillitoune\n|c|\u2606logan6969|one hit\n|c|\u2606logan6969|ko\n|c|\u2606logan6969|6\n|\n|t:|1698243631\n|move|p2a: The stupid goat|Brick Break|p1a: Bisharp\n|-supereffective|p1a: Bisharp\n|-damage|p1a: Bisharp|0 fnt\n|faint|p1a: Bisharp\n|\n|upkeep\n|\n|t:|1698243633\n|switch|p1a: Bisharp|Bisharp, M, shiny|100\/100\n|turn|5\n|c|\u2606Doctor Teamkill|no\n|\n|t:|1698243637\n|move|p2a: The stupid goat|Brick Break|p1a: Bisharp\n|-supereffective|p1a: Bisharp\n|-crit|p1a: Bisharp\n|-enditem|p1a: Bisharp|Focus Sash\n|-damage|p1a: Bisharp|1\/100\n|move|p1a: Bisharp|Guillotine|p2a: The stupid goat|[miss]\n|-miss|p1a: Bisharp|p2a: The stupid goat\n|\n|upkeep\n|turn|6\n|c|\u2606logan6969|noooo\n|\n|t:|1698243645\n|move|p2a: The stupid goat|Brick Break|p1a: Bisharp\n|-supereffective|p1a: Bisharp\n|-damage|p1a: Bisharp|0 fnt\n|faint|p1a: Bisharp\n|\n|upkeep\n|c|\u2606logan6969|i have a sash on all of them\n|\n|t:|1698243650\n|switch|p1a: Bisharp|Bisharp, M, shiny|100\/100\n|turn|7\n|c|\u2606Doctor Teamkill|how low is the accuracy\n|\n|t:|1698243657\n|move|p2a: The stupid goat|Brick Break|p1a: Bisharp\n|-supereffective|p1a: Bisharp\n|-damage|p1a: Bisharp|22\/100\n|move|p1a: Bisharp|Guillotine|p2a: The stupid goat|[miss]\n|-miss|p1a: Bisharp|p2a: The stupid goat\n|\n|upkeep\n|turn|8\n|c|\u2606logan6969|30%\n|c|\u2606Doctor Teamkill|F\n|\n|t:|1698243667\n|move|p2a: The stupid goat|Brick Break|p1a: Bisharp\n|-supereffective|p1a: Bisharp\n|-damage|p1a: Bisharp|0 fnt\n|faint|p1a: Bisharp\n|\n|upkeep\n|\n|t:|1698243670\n|switch|p1a: Bisharp|Bisharp, M, shiny|100\/100\n|turn|9\n|\n|t:|1698243675\n|move|p1a: Bisharp|Guillotine|p2a: The stupid goat|[miss]\n|-miss|p1a: Bisharp|p2a: The stupid goat\n|move|p2a: The stupid goat|Roar|p1a: Bisharp\n|drag|p1a: Bisharp|Bisharp, M, shiny|100\/100\n|\n|upkeep\n|turn|10\n|c|\u2606logan6969|it killed that darn klefki\n|\n|t:|1698243682\n|move|p2a: The stupid goat|Brick Break|p1a: Bisharp\n|-supereffective|p1a: Bisharp\n|-damage|p1a: Bisharp|16\/100\n|move|p1a: Bisharp|Guillotine|p2a: The stupid goat|[miss]\n|-miss|p1a: Bisharp|p2a: The stupid goat\n|\n|upkeep\n|turn|11\n|\n|t:|1698243688\n|move|p1a: Bisharp|Guillotine|p2a: The stupid goat\n|-damage|p2a: The stupid goat|0 fnt\n|faint|p2a: The stupid goat\n|-ohko\n|\n|upkeep\n|c|\u2606Doctor Teamkill|shit\n|\n|t:|1698243697\n|switch|p2a: The bossy goat|Gogoat, F|100\/100\n|turn|12\n|c|\u2606Doctor Teamkill|that was the fastest goat\n|\n|t:|1698243706\n|move|p1a: Bisharp|Guillotine|p2a: The bossy goat|[miss]\n|-miss|p1a: Bisharp|p2a: The bossy goat\n|move|p2a: The bossy goat|Trailblaze|p1a: Bisharp\n|-resisted|p1a: Bisharp\n|-damage|p1a: Bisharp|6\/100\n|-boost|p2a: The bossy goat|spe|1\n|\n|upkeep\n|turn|13\n|\n|t:|1698243714\n|move|p2a: The bossy goat|Trailblaze|p1a: Bisharp\n|-resisted|p1a: Bisharp\n|-damage|p1a: Bisharp|0 fnt\n|-boost|p2a: The bossy goat|spe|1\n|faint|p1a: Bisharp\n|\n|upkeep\n|\n|t:|1698243718\n|switch|p1a: Bisharp|Bisharp, M, shiny|100\/100\n|turn|14\n|c|\u2606logan6969|pp\n|c|\u2606logan6969|gg\n|c|\u2606logan6969|i lose\n|\n|t:|1698243725\n|move|p2a: The bossy goat|Trailblaze|p1a: Bisharp\n|-resisted|p1a: Bisharp\n|-damage|p1a: Bisharp|91\/100\n|-boost|p2a: The bossy goat|spe|1\n|move|p1a: Bisharp|Guillotine|p2a: The bossy goat\n|-damage|p2a: The bossy goat|0 fnt\n|faint|p2a: The bossy goat\n|-ohko\n|\n|upkeep\n|c|\u2606Doctor Teamkill|what you smoking\n|c|\u2606logan6969|idk\n|\n|t:|1698243738\n|switch|p2a: The scary goat|Gogoat, F|100\/100\n|turn|15\n|c|\u2606Doctor Teamkill|this is the last goat with a super effective move\n|\n|t:|1698243750\n|move|p1a: Bisharp|Guillotine|p2a: The scary goat|[miss]\n|-miss|p1a: Bisharp|p2a: The scary goat\n|move|p2a: The scary goat|Earthquake|p1a: Bisharp\n|-supereffective|p1a: Bisharp\n|-damage|p1a: Bisharp|30\/100\n|\n|upkeep\n|turn|16\n|c|\u2606logan6969|and i have a move that barely hits\n|\n|t:|1698243761\n|move|p1a: Bisharp|Guillotine|p2a: The scary goat|[miss]\n|-miss|p1a: Bisharp|p2a: The scary goat\n|move|p2a: The scary goat|Earthquake|p1a: Bisharp\n|-supereffective|p1a: Bisharp\n|-damage|p1a: Bisharp|0 fnt\n|faint|p1a: Bisharp\n|\n|upkeep\n|\n|t:|1698243764\n|switch|p1a: Bisharp|Bisharp, M, shiny|100\/100\n|turn|17\n|c|\u2606Doctor Teamkill|I gotta give your team S tier\n|c|\u2606Doctor Teamkill|for not being 6 shedinja\n|\n|t:|1698243779\n|-terastallize|p1a: Bisharp|Dark\n|move|p1a: Bisharp|Guillotine|p2a: The scary goat\n|-damage|p2a: The scary goat|0 fnt\n|faint|p2a: The scary goat\n|-ohko\n|\n|upkeep\n|\n|t:|1698243787\n|switch|p2a: The food goat|Gogoat, M|100\/100\n|turn|18\n|c|\u2606logan6969|shedinja not in 9 i think\n|c|\u2606Doctor Teamkill|fair\n|c|\u2606logan6969|was gonna do air balloon sweep\n|\n|t:|1698243808\n|move|p1a: Bisharp|Guillotine|p2a: The food goat|[miss]\n|-miss|p1a: Bisharp|p2a: The food goat\n|move|p2a: The food goat|High Horsepower|p1a: Bisharp\n|-crit|p1a: Bisharp\n|-damage|p1a: Bisharp|72\/100\n|\n|upkeep\n|turn|19\n|c|\u2606Doctor Teamkill|damn\n|c|\u2606Doctor Teamkill|crit high horsepower only 28\n|\n|t:|1698243821\n|move|p1a: Bisharp|Guillotine|p2a: The food goat\n|-damage|p2a: The food goat|0 fnt\n|faint|p2a: The food goat\n|-ohko\n|\n|upkeep\n|c|\u2606logan6969|damn\n|n|!Doctor Teamkill|doctorteamkill\n|\n|t:|1698243832\n|switch|p2a: The dad goat|Gogoat, M|100\/100\n|turn|20\n|c|\u2606logan6969|lower my attack or accuaracy\n|\n|t:|1698243838\n|move|p1a: Bisharp|Guillotine|p2a: The dad goat|[miss]\n|-miss|p1a: Bisharp|p2a: The dad goat\n|move|p2a: The dad goat|Leech Seed|p1a: Bisharp\n|-start|p1a: Bisharp|move: Leech Seed\n|\n|-damage|p1a: Bisharp|60\/100|[from] Leech Seed|[of] p2a: The dad goat\n|upkeep\n|turn|21\n|c|\u2606logan6969|i totally dont have defiant\n|\n|t:|1698243846\n|move|p1a: Bisharp|Guillotine|p2a: The dad goat|[miss]\n|-miss|p1a: Bisharp|p2a: The dad goat\n|move|p2a: The dad goat|Double-Edge|p1a: Bisharp\n|-damage|p1a: Bisharp|30\/100\n|-damage|p2a: The dad goat|94\/100|[from] Recoil\n|\n|-damage|p1a: Bisharp|18\/100|[from] Leech Seed|[of] p2a: The dad goat\n|-heal|p2a: The dad goat|100\/100|[silent]\n|upkeep\n|turn|22\n|\n|t:|1698243855\n|move|p1a: Bisharp|Guillotine|p2a: The dad goat\n|-damage|p2a: The dad goat|0 fnt\n|faint|p2a: The dad goat\n|-ohko\n|\n|win|logan6969\n|raw|logan6969's rating: 1043 &rarr; <strong>1076<\/strong><br \/>(+33 for winning)\n|raw|Doctor Teamkill's rating: 1033 &rarr; <strong>1018<\/strong><br \/>(-15 for losing)\n","uploadtime":1698243828,"views":5,"p1id":"logan6969","p2id":"doctorteamkill","formatid":"gen9anythinggoes","rating":1018,"private":0,"password":""}