{"id":"gen9anythinggoes-1980425736","p1":"Solarkissed","p2":"Rowan_Rocket","format":"[Gen 9] Anything Goes","log":"|j|\u2606Solarkissed\n|j|\u2606Rowan_Rocket\n|t:|1698783845\n|gametype|singles\n|player|p1|Solarkissed|170|1147\n|player|p2|Rowan_Rocket|rocketgrunt|1163\n|teamsize|p1|6\n|teamsize|p2|6\n|gen|9\n|tier|[Gen 9] Anything Goes\n|rated|\n|rule|HP Percentage Mod: HP is shown in percentages\n|rule|Endless Battle Clause: Forcing endless battles is banned\n|clearpoke\n|poke|p1|Honchkrow, F|\n|poke|p1|Gothitelle, F|\n|poke|p1|Magnezone|\n|poke|p1|Golem-Alola, M|\n|poke|p1|Dragonair, F|\n|poke|p1|Tsareena, F|\n|poke|p2|Farigiraf, M|\n|poke|p2|Wyrdeer, F|\n|poke|p2|Ursaluna, F|\n|poke|p2|Grafaiai, F|\n|poke|p2|Zoroark-Hisui, M|\n|poke|p2|Ambipom, M|\n|teampreview\n|\n|t:|1698783863\n|start\n|switch|p1a: Flip|Honchkrow, F|100\/100\n|switch|p2a: Ambipom|Ambipom, M|100\/100\n|turn|1\n|\n|t:|1698783874\n|move|p2a: Ambipom|Fake Out|p1a: Flip\n|-enditem|p2a: Ambipom|Normal Gem|[from] gem\n|-damage|p1a: Flip|45\/100\n|cant|p1a: Flip|flinch\n|\n|upkeep\n|turn|2\n|\n|t:|1698783881\n|move|p2a: Ambipom|U-turn|p1a: Flip\n|-crit|p1a: Flip\n|-damage|p1a: Flip|0 fnt\n|faint|p1a: Flip\n|\n|t:|1698783887\n|switch|p2a: Ursaluna|Ursaluna, F|100\/100|[from] U-turn\n|\n|-status|p2a: Ursaluna|brn|[from] item: Flame Orb\n|upkeep\n|\n|t:|1698783905\n|switch|p1a: Click-Click|Golem-Alola, M|100\/100\n|turn|3\n|\n|t:|1698783922\n|switch|p1a: Dilong|Dragonair, F|100\/100\n|move|p2a: Ursaluna|Trailblaze|p1a: Dilong\n|-resisted|p1a: Dilong\n|-damage|p1a: Dilong|88\/100\n|-boost|p2a: Ursaluna|spe|1\n|\n|-damage|p2a: Ursaluna|94\/100 brn|[from] brn\n|upkeep\n|turn|4\n|\n|t:|1698783933\n|move|p2a: Ursaluna|Facade|p1a: Dilong\n|-damage|p1a: Dilong|0 fnt\n|faint|p1a: Dilong\n|\n|-damage|p2a: Ursaluna|88\/100 brn|[from] brn\n|upkeep\n|\n|t:|1698783944\n|switch|p1a: Flash|Magnezone|100\/100\n|turn|5\n|\n|t:|1698783954\n|move|p2a: Ursaluna|Drain Punch|p1a: Flash\n|-supereffective|p1a: Flash\n|-damage|p1a: Flash|13\/100\n|-heal|p2a: Ursaluna|100\/100 brn|[from] drain|[of] p1a: Flash\n|move|p1a: Flash|Flash Cannon|p2a: Ursaluna\n|-damage|p2a: Ursaluna|37\/100 brn\n|-damage|p1a: Flash|3\/100|[from] item: Life Orb\n|\n|-damage|p2a: Ursaluna|31\/100 brn|[from] brn\n|upkeep\n|turn|6\n|\n|t:|1698783965\n|move|p2a: Ursaluna|Trailblaze|p1a: Flash\n|-resisted|p1a: Flash\n|-damage|p1a: Flash|0 fnt\n|-boost|p2a: Ursaluna|spe|1\n|faint|p1a: Flash\n|\n|-damage|p2a: Ursaluna|24\/100 brn|[from] brn\n|upkeep\n|\n|t:|1698783972\n|switch|p1a: Maid|Gothitelle, F|100\/100\n|turn|7\n|\n|t:|1698783976\n|move|p2a: Ursaluna|Facade|p1a: Maid\n|-damage|p1a: Maid|0 fnt\n|faint|p1a: Maid\n|\n|-damage|p2a: Ursaluna|18\/100 brn|[from] brn\n|upkeep\n|\n|t:|1698783981\n|switch|p1a: Glitter|Tsareena, F|100\/100\n|turn|8\n|\n|t:|1698783989\n|move|p2a: Ursaluna|Facade|p1a: Glitter\n|-damage|p1a: Glitter|0 fnt\n|faint|p1a: Glitter\n|\n|-damage|p2a: Ursaluna|12\/100 brn|[from] brn\n|upkeep\n|\n|t:|1698783995\n|switch|p1a: Click-Click|Golem-Alola, M|100\/100\n|turn|9\n|\n|t:|1698783998\n|move|p2a: Ursaluna|Drain Punch|p1a: Click-Click\n|-supereffective|p1a: Click-Click\n|-damage|p1a: Click-Click|35\/100\n|-heal|p2a: Ursaluna|42\/100 brn|[from] drain|[of] p1a: Click-Click\n|move|p1a: Click-Click|Explosion|p2a: Ursaluna\n|-immune|p2a: Ursaluna\n|faint|p1a: Click-Click\n|\n|win|Rowan_Rocket\n|raw|Solarkissed's rating: 1147 &rarr; <strong>1123<\/strong><br \/>(-24 for losing)\n|raw|Rowan_Rocket's rating: 1163 &rarr; <strong>1187<\/strong><br \/>(+24 for winning)\n|l|\u2606Solarkissed\n","uploadtime":1698784013,"views":16,"p1id":"solarkissed","p2id":"rowanrocket","formatid":"gen9anythinggoes","rating":1123,"private":0,"password":""}