{"id":"gen9anythinggoes-1987817179","p1":"tuttyliketurt","p2":"bryanabiaw","format":"[Gen 9] Anything Goes","log":"|j|\u2606tuttyliketurt\n|j|\u2606bryanabiaw\n|t:|1699639567\n|gametype|singles\n|player|p1|tuttyliketurt|170|1073\n|player|p2|bryanabiaw|1|1000\n|teamsize|p1|6\n|teamsize|p2|5\n|gen|9\n|tier|[Gen 9] Anything Goes\n|rated|\n|rule|HP Percentage Mod: HP is shown in percentages\n|rule|Endless Battle Clause: Forcing endless battles is banned\n|clearpoke\n|poke|p1|Urshifu-*, M|\n|poke|p1|Kyogre|\n|poke|p1|Basculegion, M|\n|poke|p1|Pikachu-Alola, M|\n|poke|p1|Dondozo, F|\n|poke|p1|Azumarill, F|\n|poke|p2|Arceus-Dragon|\n|poke|p2|Eternatus|\n|poke|p2|Groudon|\n|poke|p2|Giratina-Origin|\n|poke|p2|Rayquaza|\n|teampreview\n|\n|t:|1699639580\n|start\n|switch|p1a: Kyogre|Kyogre|100\/100\n|switch|p2a: Rayquaza|Rayquaza|100\/100\n|-weather|RainDance|[from] ability: Drizzle|[of] p1a: Kyogre\n|-ability|p2a: Rayquaza|Air Lock\n|turn|1\n|\n|t:|1699639595\n|move|p1a: Kyogre|Calm Mind|p1a: Kyogre\n|-boost|p1a: Kyogre|spa|1\n|-boost|p1a: Kyogre|spd|1\n|move|p2a: Rayquaza|Dragon Ascent|p1a: Kyogre\n|-damage|p1a: Kyogre|22\/100\n|-unboost|p2a: Rayquaza|def|1\n|-unboost|p2a: Rayquaza|spd|1\n|\n|-weather|RainDance|[upkeep]\n|upkeep\n|turn|2\n|\n|t:|1699639608\n|move|p1a: Kyogre|Chilling Water|p2a: Rayquaza\n|-resisted|p2a: Rayquaza\n|-damage|p2a: Rayquaza|69\/100\n|-unboost|p2a: Rayquaza|atk|1\n|move|p2a: Rayquaza|Overheat|p1a: Kyogre|[miss]\n|-miss|p2a: Rayquaza|p1a: Kyogre\n|\n|-weather|RainDance|[upkeep]\n|-heal|p2a: Rayquaza|75\/100|[from] item: Leftovers\n|upkeep\n|turn|3\n|\n|t:|1699639621\n|move|p1a: Kyogre|Ice Beam|p2a: Rayquaza\n|-supereffective|p2a: Rayquaza\n|-damage|p2a: Rayquaza|0 fnt\n|faint|p2a: Rayquaza\n|\n|-weather|RainDance|[upkeep]\n|upkeep\n|\n|t:|1699639632\n|switch|p2a: Eternatus|Eternatus|100\/100\n|-ability|p2a: Eternatus|Pressure\n|turn|4\n|\n|t:|1699639641\n|move|p2a: Eternatus|Outrage|p1a: Kyogre\n|-damage|p1a: Kyogre|0 fnt\n|faint|p1a: Kyogre\n|\n|-weather|RainDance|[upkeep]\n|upkeep\n|\n|t:|1699639647\n|switch|p1a: Dondozo|Dondozo, F, shiny|100\/100\n|turn|5\n|\n|t:|1699639658\n|move|p2a: Eternatus|Outrage|p1a: Dondozo|[from]lockedmove\n|-damage|p1a: Dondozo|75\/100\n|move|p1a: Dondozo|Avalanche|p2a: Eternatus\n|-supereffective|p2a: Eternatus\n|-damage|p2a: Eternatus|50\/100\n|-damage|p1a: Dondozo|58\/100|[from] item: Rocky Helmet|[of] p2a: Eternatus\n|\n|-weather|none\n|upkeep\n|turn|6\n|\n|t:|1699639681\n|move|p2a: Eternatus|Outrage|p1a: Dondozo|[from]lockedmove\n|-damage|p1a: Dondozo|33\/100\n|-start|p2a: Eternatus|confusion|[fatigue]\n|move|p1a: Dondozo|Avalanche|p2a: Eternatus\n|-supereffective|p2a: Eternatus\n|-damage|p2a: Eternatus|0 fnt\n|-damage|p1a: Dondozo|16\/100|[from] item: Rocky Helmet|[of] p2a: Eternatus\n|faint|p2a: Eternatus\n|\n|upkeep\n|\n|t:|1699639696\n|switch|p2a: Arceus|Arceus-Dragon|100\/100\n|turn|7\n|\n|t:|1699639703\n|move|p2a: Arceus|Blizzard|p1a: Dondozo\n|-resisted|p1a: Dondozo\n|-damage|p1a: Dondozo|1\/100\n|move|p1a: Dondozo|Avalanche|p2a: Arceus\n|-supereffective|p2a: Arceus\n|-damage|p2a: Arceus|56\/100\n|\n|upkeep\n|turn|8\n|\n|t:|1699639715\n|move|p2a: Arceus|Bug Buzz|p1a: Dondozo\n|-damage|p1a: Dondozo|0 fnt\n|faint|p1a: Dondozo\n|\n|upkeep\n|\n|t:|1699639721\n|switch|p1a: Urshifu|Urshifu-Rapid-Strike, M|100\/100\n|turn|9\n|\n|t:|1699639728\n|-terastallize|p2a: Arceus|Dragon\n|move|p1a: Urshifu|Swords Dance|p1a: Urshifu\n|-boost|p1a: Urshifu|atk|2\n|move|p2a: Arceus|Draco Meteor|p1a: Urshifu|[miss]\n|-miss|p2a: Arceus|p1a: Urshifu\n|\n|upkeep\n|turn|10\n|\n|t:|1699639742\n|switch|p2a: Giratina|Giratina-Origin|100\/100\n|move|p1a: Urshifu|Surging Strikes|p2a: Giratina\n|-resisted|p2a: Giratina\n|-crit|p2a: Giratina\n|-damage|p2a: Giratina|87\/100\n|-resisted|p2a: Giratina\n|-crit|p2a: Giratina\n|-damage|p2a: Giratina|73\/100\n|-resisted|p2a: Giratina\n|-crit|p2a: Giratina\n|-damage|p2a: Giratina|59\/100\n|-hitcount|p2a: Giratina|3\n|\n|upkeep\n|turn|11\n|\n|t:|1699639763\n|move|p1a: Urshifu|Swords Dance|p1a: Urshifu\n|-boost|p1a: Urshifu|atk|2\n|move|p2a: Giratina|Giga Impact|p1a: Urshifu\n|-damage|p1a: Urshifu|53\/100\n|-mustrecharge|p2a: Giratina\n|\n|upkeep\n|turn|12\n|\n|t:|1699639771\n|move|p1a: Urshifu|Surging Strikes|p2a: Giratina\n|-resisted|p2a: Giratina\n|-crit|p2a: Giratina\n|-damage|p2a: Giratina|40\/100\n|-resisted|p2a: Giratina\n|-crit|p2a: Giratina\n|-damage|p2a: Giratina|21\/100\n|-resisted|p2a: Giratina\n|-crit|p2a: Giratina\n|-damage|p2a: Giratina|2\/100\n|-hitcount|p2a: Giratina|3\n|cant|p2a: Giratina|recharge\n|\n|upkeep\n|turn|13\n|\n|t:|1699639784\n|move|p1a: Urshifu|Surging Strikes|p2a: Giratina\n|-resisted|p2a: Giratina\n|-crit|p2a: Giratina\n|-damage|p2a: Giratina|0 fnt\n|faint|p2a: Giratina\n|-hitcount|p2: Giratina|1\n|\n|upkeep\n|\n|t:|1699639791\n|switch|p2a: Arceus|Arceus-Dragon, tera:Dragon|56\/100\n|turn|14\n|\n|t:|1699639805\n|move|p1a: Urshifu|Surging Strikes|p2a: Arceus\n|-resisted|p2a: Arceus\n|-crit|p2a: Arceus\n|-damage|p2a: Arceus|34\/100\n|-resisted|p2a: Arceus\n|-crit|p2a: Arceus\n|-damage|p2a: Arceus|13\/100\n|-resisted|p2a: Arceus\n|-crit|p2a: Arceus\n|-damage|p2a: Arceus|0 fnt\n|faint|p2a: Arceus\n|-hitcount|p2: Arceus|3\n|\n|upkeep\n|\n|t:|1699639816\n|switch|p2a: Groudon|Groudon|100\/100\n|-weather|SunnyDay|[from] ability: Drought|[of] p2a: Groudon\n|turn|15\n|\n|t:|1699639823\n|move|p1a: Urshifu|Surging Strikes|p2a: Groudon\n|-supereffective|p2a: Groudon\n|-crit|p2a: Groudon\n|-damage|p2a: Groudon|63\/100\n|-supereffective|p2a: Groudon\n|-crit|p2a: Groudon\n|-damage|p2a: Groudon|25\/100\n|-supereffective|p2a: Groudon\n|-crit|p2a: Groudon\n|-damage|p2a: Groudon|0 fnt\n|faint|p2a: Groudon\n|-hitcount|p2: Groudon|3\n|\n|win|tuttyliketurt\n|raw|tuttyliketurt's rating: 1073 &rarr; <strong>1096<\/strong><br \/>(+23 for winning)\n|raw|bryanabiaw's rating: 1000 &rarr; <strong>1000<\/strong><br \/>(+0 for losing)\n","uploadtime":1699639835,"views":4,"p1id":"tuttyliketurt","p2id":"bryanabiaw","formatid":"gen9anythinggoes","rating":1000,"private":0,"password":""}