{"id":"gen9anythinggoes-1976114846","p1":"TD18","p2":"asoldfaslodfh","format":"[Gen 9] Anything Goes","log":"|j|\u2606TD18\n|j|\u2606asoldfaslodfh\n|t:|1698264916\n|gametype|singles\n|player|p1|TD18|101|1050\n|player|p2|asoldfaslodfh|brock|1047\n|teamsize|p1|2\n|teamsize|p2|6\n|gen|9\n|tier|[Gen 9] Anything Goes\n|rated|\n|rule|HP Percentage Mod: HP is shown in percentages\n|rule|Endless Battle Clause: Forcing endless battles is banned\n|clearpoke\n|poke|p1|Maushold-Four|\n|poke|p1|Axew, M|\n|poke|p2|Crocalor, F|\n|poke|p2|Crocalor, M|\n|poke|p2|Crocalor, F|\n|poke|p2|Crocalor, M|\n|poke|p2|Crocalor, M|\n|poke|p2|Crocalor, F|\n|teampreview\n|c|\u2606TD18|axew stong\n|\n|t:|1698264933\n|start\n|switch|p1a: Axew|Axew, M|100\/100\n|switch|p2a: Mexican Hat|Crocalor, F|100\/100\n|turn|1\n|\n|t:|1698264944\n|move|p1a: Axew|Substitute|p1a: Axew\n|-start|p1a: Axew|Substitute\n|-damage|p1a: Axew|76\/100\n|move|p2a: Mexican Hat|Substitute|p2a: Mexican Hat\n|-start|p2a: Mexican Hat|Substitute\n|-damage|p2a: Mexican Hat|76\/100\n|\n|upkeep\n|turn|2\n|\n|t:|1698264953\n|move|p1a: Axew|Dragon Dance|p1a: Axew\n|-boost|p1a: Axew|atk|1\n|-boost|p1a: Axew|spe|1\n|move|p2a: Mexican Hat|Hyper Voice|p1a: Axew\n|-damage|p1a: Axew|28\/100\n|\n|upkeep\n|turn|3\n|\n|t:|1698264960\n|move|p1a: Axew|Dragon Claw|p2a: Mexican Hat\n|-activate|p2a: Mexican Hat|move: Substitute|[damage]\n|move|p2a: Mexican Hat|Hyper Voice|p1a: Axew\n|-damage|p1a: Axew|0 fnt\n|faint|p1a: Axew\n|\n|upkeep\n|\n|t:|1698264968\n|switch|p1a: Maushold|Maushold-Four|100\/100\n|turn|4\n|c|\u2606TD18|nevermind maushold\n|\n|t:|1698264995\n|-terastallize|p2a: Mexican Hat|Fire\n|move|p1a: Maushold|Hyper Voice|p2a: Mexican Hat\n|-damage|p2a: Mexican Hat|51\/100\n|move|p2a: Mexican Hat|Encore|p1a: Maushold\n|-start|p1a: Maushold|Encore\n|\n|upkeep\n|turn|5\n|\n|t:|1698265011\n|-terastallize|p1a: Maushold|Normal\n|move|p1a: Maushold|Hyper Voice|p2a: Mexican Hat\n|-damage|p2a: Mexican Hat|20\/100\n|move|p2a: Mexican Hat|Flamethrower|p1a: Maushold\n|-damage|p1a: Maushold|68\/100\n|\n|upkeep\n|turn|6\n|\n|t:|1698265022\n|move|p1a: Maushold|Hyper Voice|p2a: Mexican Hat\n|-damage|p2a: Mexican Hat|0 fnt\n|faint|p2a: Mexican Hat\n|\n|upkeep\n|\n|t:|1698265026\n|switch|p2a: Mexican Hat|Crocalor, M|100\/100\n|turn|7\n|\n|t:|1698265030\n|move|p1a: Maushold|Hyper Voice|p2a: Mexican Hat\n|-damage|p2a: Mexican Hat|70\/100\n|move|p2a: Mexican Hat|Flamethrower|p1a: Maushold\n|-damage|p1a: Maushold|46\/100\n|\n|-end|p1a: Maushold|Encore\n|upkeep\n|turn|8\n|\n|t:|1698265039\n|move|p1a: Maushold|Population Bomb|p2a: Mexican Hat\n|-damage|p2a: Mexican Hat|66\/100\n|-damage|p2a: Mexican Hat|61\/100\n|-damage|p2a: Mexican Hat|56\/100\n|-damage|p2a: Mexican Hat|51\/100\n|-damage|p2a: Mexican Hat|46\/100\n|-damage|p2a: Mexican Hat|41\/100\n|-hitcount|p2a: Mexican Hat|6\n|move|p2a: Mexican Hat|Flamethrower|p1a: Maushold\n|-damage|p1a: Maushold|24\/100\n|\n|upkeep\n|turn|9\n|\n|t:|1698265053\n|move|p1a: Maushold|Population Bomb|p2a: Mexican Hat\n|-damage|p2a: Mexican Hat|37\/100\n|-damage|p2a: Mexican Hat|32\/100\n|-damage|p2a: Mexican Hat|27\/100\n|-damage|p2a: Mexican Hat|22\/100\n|-damage|p2a: Mexican Hat|18\/100\n|-damage|p2a: Mexican Hat|13\/100\n|-damage|p2a: Mexican Hat|9\/100\n|-damage|p2a: Mexican Hat|4\/100\n|-damage|p2a: Mexican Hat|0 fnt\n|faint|p2a: Mexican Hat\n|-hitcount|p2: Mexican Hat|9\n|\n|upkeep\n|\n|t:|1698265065\n|switch|p2a: Mexican Hat|Crocalor, F|100\/100\n|turn|10\n|\n|t:|1698265069\n|move|p1a: Maushold|Population Bomb|p2a: Mexican Hat\n|-damage|p2a: Mexican Hat|96\/100\n|-damage|p2a: Mexican Hat|91\/100\n|-damage|p2a: Mexican Hat|86\/100\n|-damage|p2a: Mexican Hat|81\/100\n|-damage|p2a: Mexican Hat|77\/100\n|-damage|p2a: Mexican Hat|73\/100\n|-damage|p2a: Mexican Hat|68\/100\n|-damage|p2a: Mexican Hat|63\/100\n|-damage|p2a: Mexican Hat|58\/100\n|-crit|p2a: Mexican Hat\n|-damage|p2a: Mexican Hat|51\/100\n|-hitcount|p2a: Mexican Hat|10\n|move|p2a: Mexican Hat|Flamethrower|p1a: Maushold\n|-damage|p1a: Maushold|0 fnt\n|faint|p1a: Maushold\n|\n|win|asoldfaslodfh\n|raw|TD18's rating: 1050 &rarr; <strong>1032<\/strong><br \/>(-18 for losing)\n|raw|asoldfaslodfh's rating: 1047 &rarr; <strong>1080<\/strong><br \/>(+33 for winning)\n","uploadtime":1698265091,"views":9,"p1id":"td18","p2id":"asoldfaslodfh","formatid":"gen9anythinggoes","rating":1032,"private":0,"password":""}