{"id":"gen9anythinggoes-1999286080","p1":"TheyKnoDavo","p2":"fishy_kings","format":"[Gen 9] Anything Goes","log":"|j|\u2606TheyKnoDavo\n|j|\u2606fishy_kings\n|t:|1701055183\n|gametype|singles\n|player|p1|TheyKnoDavo|ninjaboy|1153\n|player|p2|fishy_kings|gambler|1042\n|teamsize|p1|6\n|teamsize|p2|6\n|gen|9\n|tier|[Gen 9] Anything Goes\n|rated|\n|rule|HP Percentage Mod: HP is shown in percentages\n|rule|Endless Battle Clause: Forcing endless battles is banned\n|clearpoke\n|poke|p1|Drifblim, F|\n|poke|p1|Furret, M|\n|poke|p1|Tyranitar, M|\n|poke|p1|Palkia-Origin|\n|poke|p1|Gengar, M|\n|poke|p1|Flutter Mane|\n|poke|p2|Bisharp, F|\n|poke|p2|Bisharp, F|\n|poke|p2|Bisharp, F|\n|poke|p2|Bisharp, F|\n|poke|p2|Bisharp, F|\n|poke|p2|Kingambit, M|\n|teampreview\n|\n|t:|1701055188\n|start\n|switch|p1a: Drifblim|Drifblim, F, shiny|100\/100\n|switch|p2a: Bisharp|Bisharp, F|100\/100\n|turn|1\n|\n|t:|1701055197\n|move|p2a: Bisharp|Night Slash|p1a: Drifblim\n|-supereffective|p1a: Drifblim\n|-damage|p1a: Drifblim|36\/100\n|move|p1a: Drifblim|Minimize|p1a: Drifblim\n|-boost|p1a: Drifblim|evasion|2\n|\n|upkeep\n|turn|2\n|\n|t:|1701055205\n|move|p2a: Bisharp|Night Slash|p1a: Drifblim|[miss]\n|-miss|p2a: Bisharp|p1a: Drifblim\n|move|p1a: Drifblim|Minimize|p1a: Drifblim\n|-boost|p1a: Drifblim|evasion|2\n|\n|upkeep\n|turn|3\n|\n|t:|1701055212\n|switch|p2a: Kingambit|Kingambit, M, shiny|100\/100\n|move|p1a: Drifblim|Minimize|p1a: Drifblim\n|-boost|p1a: Drifblim|evasion|2\n|\n|upkeep\n|turn|4\n|\n|t:|1701055218\n|move|p1a: Drifblim|Baton Pass|p1a: Drifblim\n|\n|t:|1701055220\n|switch|p1a: Furret|Furret, M, shiny|100\/100|[from] Baton Pass\n|move|p2a: Kingambit|Kowtow Cleave|p1a: Furret\n|-damage|p1a: Furret|56\/100\n|\n|upkeep\n|turn|5\n|\n|t:|1701055228\n|move|p1a: Furret|Coil|p1a: Furret\n|-boost|p1a: Furret|atk|1\n|-boost|p1a: Furret|def|1\n|-boost|p1a: Furret|accuracy|1\n|move|p2a: Kingambit|Kowtow Cleave|p1a: Furret\n|-damage|p1a: Furret|28\/100\n|\n|upkeep\n|turn|6\n|\n|t:|1701055236\n|move|p1a: Furret|Baton Pass|p1a: Furret\n|\n|t:|1701055238\n|switch|p1a: Tyranitar|Tyranitar, M, shiny|100\/100|[from] Baton Pass\n|-weather|Sandstorm|[from] ability: Sand Stream|[of] p1a: Tyranitar\n|move|p2a: Kingambit|Kowtow Cleave|p1a: Tyranitar\n|-resisted|p1a: Tyranitar\n|-damage|p1a: Tyranitar|89\/100\n|\n|-weather|Sandstorm|[upkeep]\n|upkeep\n|turn|7\n|\n|t:|1701055249\n|-terastallize|p1a: Tyranitar|Ground\n|move|p1a: Tyranitar|Earthquake|p2a: Kingambit\n|-supereffective|p2a: Kingambit\n|-damage|p2a: Kingambit|7\/100\n|move|p2a: Kingambit|Kowtow Cleave|p1a: Tyranitar\n|-damage|p1a: Tyranitar|66\/100\n|\n|-weather|Sandstorm|[upkeep]\n|upkeep\n|turn|8\n|\n|t:|1701055259\n|move|p1a: Tyranitar|Earthquake|p2a: Kingambit\n|-supereffective|p2a: Kingambit\n|-damage|p2a: Kingambit|0 fnt\n|faint|p2a: Kingambit\n|-end|p2a: Kingambit|fallenundefined|[silent]\n|\n|-weather|Sandstorm|[upkeep]\n|upkeep\n|\n|t:|1701055266\n|switch|p2a: Bisharp|Bisharp, F|100\/100\n|turn|9\n|c|\u2606fishy_kings|Ok gg you win\n|\n|t:|1701055295\n|move|p2a: Bisharp|Guillotine|p1a: Tyranitar|[miss]\n|-miss|p2a: Bisharp|p1a: Tyranitar\n|move|p1a: Tyranitar|Earthquake|p2a: Bisharp\n|-supereffective|p2a: Bisharp\n|-enditem|p2a: Bisharp|Focus Sash\n|-damage|p2a: Bisharp|1\/100\n|\n|-weather|Sandstorm|[upkeep]\n|upkeep\n|turn|10\n|c|\u2606fishy_kings|But guillotine\n|\n|t:|1701055310\n|move|p2a: Bisharp|Guillotine|p1a: Tyranitar|[miss]\n|-miss|p2a: Bisharp|p1a: Tyranitar\n|move|p1a: Tyranitar|Earthquake|p2a: Bisharp\n|-supereffective|p2a: Bisharp\n|-damage|p2a: Bisharp|0 fnt\n|faint|p2a: Bisharp\n|\n|-weather|none\n|upkeep\n|\n|t:|1701055320\n|switch|p2a: Bisharp|Bisharp, F|100\/100\n|turn|11\n|inactive|Battle timer is ON: inactive players will automatically lose when time's up. (requested by TheyKnoDavo)\n|\n|t:|1701055324\n|move|p2a: Bisharp|Guillotine|p1a: Tyranitar\n|-damage|p1a: Tyranitar|0 fnt\n|faint|p1a: Tyranitar\n|-ohko\n|\n|upkeep\n|\n|t:|1701055330\n|switch|p1a: Drifblim|Drifblim, F, shiny|36\/100\n|turn|12\n|c|\u2606fishy_kings|Lets goooo\n|\n|t:|1701055337\n|move|p2a: Bisharp|Night Slash|p1a: Drifblim\n|-supereffective|p1a: Drifblim\n|-damage|p1a: Drifblim|0 fnt\n|faint|p1a: Drifblim\n|\n|upkeep\n|\n|t:|1701055343\n|switch|p1a: Furret|Furret, M, shiny|28\/100\n|turn|13\n|\n|t:|1701055348\n|move|p2a: Bisharp|Iron Head|p1a: Furret\n|-damage|p1a: Furret|0 fnt\n|faint|p1a: Furret\n|\n|upkeep\n|\n|t:|1701055355\n|switch|p1a: Palkia|Palkia-Origin, shiny|100\/100\n|-ability|p1a: Palkia|Pressure\n|turn|14\n|\n|t:|1701055362\n|move|p1a: Palkia|Earthquake|p2a: Bisharp\n|-supereffective|p2a: Bisharp\n|-damage|p2a: Bisharp|31\/100\n|move|p2a: Bisharp|Guillotine|p1a: Palkia\n|-damage|p1a: Palkia|0 fnt\n|faint|p1a: Palkia\n|-ohko\n|\n|upkeep\n|\n|t:|1701055370\n|switch|p1a: Flutter Mane|Flutter Mane, shiny|100\/100\n|-enditem|p1a: Flutter Mane|Booster Energy\n|-activate|p1a: Flutter Mane|ability: Protosynthesis|[fromitem]\n|-start|p1a: Flutter Mane|protosynthesisspe\n|turn|15\n|c|\u2606fishy_kings|Two baby two\n|\n|t:|1701055380\n|move|p1a: Flutter Mane|Moonblast|p2a: Bisharp\n|-damage|p2a: Bisharp|0 fnt\n|faint|p2a: Bisharp\n|\n|upkeep\n|\n|t:|1701055385\n|switch|p2a: Bisharp|Bisharp, F|100\/100\n|turn|16\n|\n|t:|1701055389\n|move|p1a: Flutter Mane|Moonblast|p2a: Bisharp\n|-damage|p2a: Bisharp|20\/100\n|move|p2a: Bisharp|Poison Jab|p1a: Flutter Mane\n|-damage|p1a: Flutter Mane|41\/100\n|\n|upkeep\n|turn|17\n|\n|t:|1701055397\n|move|p1a: Flutter Mane|Moonblast|p2a: Bisharp\n|-damage|p2a: Bisharp|0 fnt\n|faint|p2a: Bisharp\n|\n|upkeep\n|\n|t:|1701055402\n|switch|p2a: Bisharp|Bisharp, F|100\/100\n|turn|18\n|\n|t:|1701055405\n|move|p1a: Flutter Mane|Moonblast|p2a: Bisharp\n|-damage|p2a: Bisharp|20\/100\n|-unboost|p2a: Bisharp|spa|1\n|-ability|p2a: Bisharp|Defiant|boost\n|-boost|p2a: Bisharp|atk|2\n|move|p2a: Bisharp|Poison Jab|p1a: Flutter Mane\n|-damage|p1a: Flutter Mane|0 fnt\n|faint|p1a: Flutter Mane\n|-end|p1a: Flutter Mane|Protosynthesis|[silent]\n|\n|upkeep\n|\n|t:|1701055416\n|switch|p1a: Gengar|Gengar, M, shiny|100\/100\n|turn|19\n|\n|t:|1701055420\n|move|p1a: Gengar|Shadow Ball|p2a: Bisharp\n|-resisted|p2a: Bisharp\n|-damage|p2a: Bisharp|0 fnt\n|faint|p2a: Bisharp\n|\n|upkeep\n|\n|t:|1701055426\n|switch|p2a: Bisharp|Bisharp, F|100\/100\n|turn|20\n|\n|t:|1701055430\n|-terastallize|p2a: Bisharp|Dark\n|move|p1a: Gengar|Hypnosis|p2a: Bisharp|[miss]\n|-miss|p1a: Gengar|p2a: Bisharp\n|move|p2a: Bisharp|Night Slash|p1a: Gengar\n|-supereffective|p1a: Gengar\n|-enditem|p1a: Gengar|Focus Sash\n|-damage|p1a: Gengar|1\/100\n|\n|upkeep\n|turn|21\n|\n|t:|1701055441\n|move|p1a: Gengar|Hypnosis|p2a: Bisharp\n|-status|p2a: Bisharp|slp|[from] move: Hypnosis\n|cant|p2a: Bisharp|slp\n|\n|upkeep\n|turn|22\n|\n|t:|1701055447\n|move|p1a: Gengar|Dream Eater|p2a: Bisharp\n|-immune|p2a: Bisharp\n|-curestatus|p2a: Bisharp|slp|[msg]\n|move|p2a: Bisharp|Night Slash|p1a: Gengar\n|-supereffective|p1a: Gengar\n|-damage|p1a: Gengar|0 fnt\n|faint|p1a: Gengar\n|\n|win|fishy_kings\n|raw|TheyKnoDavo's rating: 1153 &rarr; <strong>1120<\/strong><br \/>(-33 for losing)\n|raw|fishy_kings's rating: 1042 &rarr; <strong>1086<\/strong><br \/>(+44 for winning)\n|l|\u2606TheyKnoDavo\n|c|\u2606fishy_kings|Gg\n","uploadtime":1701055463,"views":22,"p1id":"theyknodavo","p2id":"fishykings","formatid":"gen9anythinggoes","rating":1086,"private":0,"password":""}