{"id":"gen9anythinggoes-1994677855","p1":"vbxx mmvc","p2":"msemd","format":"[Gen 9] Anything Goes","log":"|j|\u2606vbxx mmvc\n|j|\u2606msemd\n|t:|1700479717\n|gametype|singles\n|player|p1|vbxx mmvc|170|1136\n|player|p2|msemd|guitarist-gen4|1149\n|teamsize|p1|6\n|teamsize|p2|6\n|gen|9\n|tier|[Gen 9] Anything Goes\n|rated|\n|rule|HP Percentage Mod: HP is shown in percentages\n|rule|Endless Battle Clause: Forcing endless battles is banned\n|clearpoke\n|poke|p1|Baxcalibur, M|\n|poke|p1|Ninetales-Alola, F|\n|poke|p1|Roaring Moon|\n|poke|p1|Rotom-Wash|\n|poke|p1|Glimmora, F|\n|poke|p1|Hatterene, F|\n|poke|p2|Arceus|\n|poke|p2|Calyrex-Shadow|\n|poke|p2|Koraidon|\n|poke|p2|Zacian-*|\n|poke|p2|Ting-Lu|\n|poke|p2|Masquerain, F|\n|teampreview\n|inactive|Battle timer is ON: inactive players will automatically lose when time's up. (requested by msemd)\n|\n|t:|1700479727\n|start\n|switch|p1a: Rotom|Rotom-Wash|100\/100\n|switch|p2a: Masquerain|Masquerain, F|100\/100\n|-ability|p2a: Masquerain|Intimidate|boost\n|-unboost|p1a: Rotom|atk|1\n|turn|1\n|\n|t:|1700479735\n|move|p1a: Rotom|Volt Switch|p2a: Masquerain\n|-supereffective|p2a: Masquerain\n|-damage|p2a: Masquerain|27\/100\n|\n|t:|1700479743\n|switch|p1a: Hatterene|Hatterene, F|100\/100|[from] Volt Switch\n|move|p2a: Masquerain|Sticky Web|p1a: Hatterene\n|-sidestart|p1: vbxx mmvc|move: Sticky Web\n|\n|upkeep\n|turn|2\n|\n|t:|1700479754\n|move|p2a: Masquerain|Tailwind|p2a: Masquerain\n|-sidestart|p2: msemd|move: Tailwind\n|move|p1a: Hatterene|Calm Mind|p1a: Hatterene\n|-boost|p1a: Hatterene|spa|1\n|-boost|p1a: Hatterene|spd|1\n|\n|upkeep\n|turn|3\n|\n|t:|1700479758\n|move|p2a: Masquerain|U-turn|p1a: Hatterene\n|-damage|p1a: Hatterene|90\/100\n|\n|t:|1700479770\n|switch|p2a: Ting-Lu|Ting-Lu|100\/100|[from] U-turn\n|-ability|p2a: Ting-Lu|Vessel of Ruin\n|move|p1a: Hatterene|Calm Mind|p1a: Hatterene\n|-boost|p1a: Hatterene|spa|1\n|-boost|p1a: Hatterene|spd|1\n|\n|-heal|p1a: Hatterene|96\/100|[from] item: Leftovers\n|upkeep\n|turn|4\n|\n|t:|1700479779\n|move|p1a: Hatterene|Draining Kiss|p2a: Ting-Lu\n|-supereffective|p2a: Ting-Lu\n|-damage|p2a: Ting-Lu|64\/100\n|-heal|p1a: Hatterene|100\/100|[from] drain|[of] p2a: Ting-Lu\n|move|p2a: Ting-Lu|Whirlwind|p1a: Hatterene\n|drag|p1a: Glimmora|Glimmora, F|100\/100\n|-activate|p1a: Glimmora|move: Sticky Web\n|-unboost|p1a: Glimmora|spe|1\n|\n|-heal|p2a: Ting-Lu|70\/100|[from] item: Leftovers\n|upkeep\n|turn|5\n|\n|t:|1700479805\n|move|p2a: Ting-Lu|Spikes|p1a: Glimmora\n|-sidestart|p1: vbxx mmvc|Spikes\n|move|p1a: Glimmora|Mortal Spin|p2a: Ting-Lu\n|-resisted|p2a: Ting-Lu\n|-damage|p2a: Ting-Lu|69\/100\n|-status|p2a: Ting-Lu|psn\n|-sideend|p1: vbxx mmvc|Spikes|[from] move: Mortal Spin|[of] p1a: Glimmora\n|-sideend|p1: vbxx mmvc|Sticky Web|[from] move: Mortal Spin|[of] p1a: Glimmora\n|\n|-heal|p2a: Ting-Lu|75\/100 psn|[from] item: Leftovers\n|-damage|p2a: Ting-Lu|62\/100 psn|[from] psn\n|-sideend|p2: msemd|move: Tailwind\n|upkeep\n|turn|6\n|\n|t:|1700479831\n|move|p1a: Glimmora|Stealth Rock|p2a: Ting-Lu\n|-sidestart|p2: msemd|move: Stealth Rock\n|move|p2a: Ting-Lu|Fissure|p1a: Glimmora|[miss]\n|-miss|p2a: Ting-Lu|p1a: Glimmora\n|\n|-heal|p2a: Ting-Lu|69\/100 psn|[from] item: Leftovers\n|-damage|p2a: Ting-Lu|56\/100 psn|[from] psn\n|upkeep\n|turn|7\n|\n|t:|1700479836\n|move|p1a: Glimmora|Spikes|p2a: Ting-Lu\n|-sidestart|p2: msemd|Spikes\n|move|p2a: Ting-Lu|Fissure|p1a: Glimmora|[miss]\n|-miss|p2a: Ting-Lu|p1a: Glimmora\n|\n|-heal|p2a: Ting-Lu|62\/100 psn|[from] item: Leftovers\n|-damage|p2a: Ting-Lu|50\/100 psn|[from] psn\n|upkeep\n|turn|8\n|\n|t:|1700479841\n|move|p1a: Glimmora|Spikes|p2a: Ting-Lu\n|-sidestart|p2: msemd|Spikes\n|move|p2a: Ting-Lu|Fissure|p1a: Glimmora|[miss]\n|-miss|p2a: Ting-Lu|p1a: Glimmora\n|\n|-heal|p2a: Ting-Lu|56\/100 psn|[from] item: Leftovers\n|-damage|p2a: Ting-Lu|44\/100 psn|[from] psn\n|upkeep\n|turn|9\n|\n|t:|1700479845\n|move|p1a: Glimmora|Spikes|p2a: Ting-Lu\n|-sidestart|p2: msemd|Spikes\n|move|p2a: Ting-Lu|Fissure|p1a: Glimmora|[miss]\n|-miss|p2a: Ting-Lu|p1a: Glimmora\n|\n|-heal|p2a: Ting-Lu|50\/100 psn|[from] item: Leftovers\n|-damage|p2a: Ting-Lu|37\/100 psn|[from] psn\n|upkeep\n|turn|10\n|\n|t:|1700479854\n|move|p1a: Glimmora|Earth Power|p2a: Ting-Lu\n|-damage|p2a: Ting-Lu|28\/100 psn\n|move|p2a: Ting-Lu|Fissure|p1a: Glimmora\n|-enditem|p1a: Glimmora|Focus Sash\n|-damage|p1a: Glimmora|1\/100\n|-activate|p1a: Glimmora|ability: Toxic Debris\n|-sidestart|p2: msemd|move: Toxic Spikes\n|\n|-heal|p2a: Ting-Lu|34\/100 psn|[from] item: Leftovers\n|-damage|p2a: Ting-Lu|21\/100 psn|[from] psn\n|upkeep\n|turn|11\n|\n|t:|1700479876\n|move|p1a: Glimmora|Earth Power|p2a: Ting-Lu\n|-crit|p2a: Ting-Lu\n|-damage|p2a: Ting-Lu|4\/100 psn\n|move|p2a: Ting-Lu|Whirlwind|p1a: Glimmora\n|drag|p1a: Ninetales|Ninetales-Alola, F|100\/100\n|-weather|Snow|[from] ability: Snow Warning|[of] p1a: Ninetales\n|\n|-weather|Snow|[upkeep]\n|-heal|p2a: Ting-Lu|11\/100 psn|[from] item: Leftovers\n|-damage|p2a: Ting-Lu|0 fnt|[from] psn\n|faint|p2a: Ting-Lu\n|upkeep\n|inactive|msemd has 120 seconds left.\n|\n|t:|1700479891\n|switch|p2a: Koraidon|Koraidon|100\/100\n|-damage|p2a: Koraidon|94\/100|[from] Stealth Rock\n|-damage|p2a: Koraidon|69\/100|[from] Spikes\n|-status|p2a: Koraidon|psn\n|-weather|SunnyDay|[from] ability: Orichalcum Pulse|[of] p2a: Koraidon\n|-activate|p2a: Koraidon|Orichalcum Pulse|[source]\n|turn|12\n|\n|t:|1700479898\n|switch|p1a: Rotom|Rotom-Wash|100\/100\n|move|p2a: Koraidon|Flare Blitz|p1a: Rotom\n|-resisted|p1a: Rotom\n|-damage|p1a: Rotom|67\/100\n|-damage|p2a: Koraidon|59\/100 psn|[from] Recoil\n|\n|-weather|SunnyDay|[upkeep]\n|-damage|p2a: Koraidon|47\/100 psn|[from] psn\n|upkeep\n|turn|13\n|\n|t:|1700479912\n|move|p2a: Koraidon|Flare Blitz|p1a: Rotom\n|-resisted|p1a: Rotom\n|-damage|p1a: Rotom|33\/100\n|-damage|p2a: Koraidon|37\/100 psn|[from] Recoil\n|move|p1a: Rotom|Trick|p2a: Koraidon\n|-activate|p1a: Rotom|move: Trick|[of] p2a: Koraidon\n|-item|p2a: Koraidon|Choice Scarf|[from] move: Trick\n|-item|p1a: Rotom|Choice Scarf|[from] move: Trick\n|\n|-weather|SunnyDay|[upkeep]\n|-damage|p2a: Koraidon|25\/100 psn|[from] psn\n|upkeep\n|turn|14\n|\n|t:|1700479925\n|switch|p1a: Glimmora|Glimmora, F|1\/100\n|move|p2a: Koraidon|U-turn|p1a: Glimmora\n|-resisted|p1a: Glimmora\n|-damage|p1a: Glimmora|0 fnt\n|-activate|p1a: Glimmora|ability: Toxic Debris\n|-sidestart|p2: msemd|move: Toxic Spikes\n|faint|p1a: Glimmora\n|\n|t:|1700479944\n|switch|p2a: Zacian|Zacian-Crowned|100\/100|[from] U-turn\n|-damage|p2a: Zacian|94\/100|[from] Stealth Rock\n|-damage|p2a: Zacian|69\/100|[from] Spikes\n|-ability|p2a: Zacian|Intrepid Sword|boost\n|-boost|p2a: Zacian|atk|1\n|\n|-weather|SunnyDay|[upkeep]\n|upkeep\n|\n|t:|1700479953\n|switch|p1a: Rotom|Rotom-Wash|33\/100\n|turn|15\n|\n|t:|1700479961\n|move|p2a: Zacian|Behemoth Blade|p1a: Rotom\n|-resisted|p1a: Rotom\n|-damage|p1a: Rotom|16\/100\n|move|p1a: Rotom|Will-O-Wisp|p2a: Zacian|[miss]\n|-miss|p1a: Rotom|p2a: Zacian\n|\n|-weather|SunnyDay|[upkeep]\n|upkeep\n|turn|16\n|\n|t:|1700479973\n|move|p2a: Zacian|Sacred Sword|p1a: Rotom\n|-damage|p1a: Rotom|0 fnt\n|faint|p1a: Rotom\n|\n|-weather|none\n|upkeep\n|\n|t:|1700479977\n|switch|p1a: Ninetales|Ninetales-Alola, F|100\/100\n|-weather|Snow|[from] ability: Snow Warning|[of] p1a: Ninetales\n|turn|17\n|inactive|vbxx mmvc has 120 seconds left.\n|inactive|vbxx mmvc has 90 seconds left.\n|\n|t:|1700480045\n|-terastallize|p1a: Ninetales|Water\n|move|p2a: Zacian|Behemoth Blade|p1a: Ninetales\n|-resisted|p1a: Ninetales\n|-damage|p1a: Ninetales|51\/100\n|move|p1a: Ninetales|Aurora Veil|p1a: Ninetales\n|-sidestart|p1: vbxx mmvc|move: Aurora Veil\n|\n|-weather|Snow|[upkeep]\n|upkeep\n|turn|18\n|inactive|vbxx mmvc has 90 seconds left.\n|\n|t:|1700480069\n|move|p2a: Zacian|Play Rough|p1a: Ninetales|[miss]\n|-miss|p2a: Zacian|p1a: Ninetales\n|move|p1a: Ninetales|Encore|p2a: Zacian\n|-start|p2a: Zacian|Encore\n|\n|-weather|Snow|[upkeep]\n|upkeep\n|turn|19\n|inactive|vbxx mmvc has 90 seconds left.\n|\n|t:|1700480084\n|move|p2a: Zacian|Play Rough|p1a: Ninetales\n|-damage|p1a: Ninetales|1\/100\n|move|p1a: Ninetales|Moonblast|p2a: Zacian\n|-resisted|p2a: Zacian\n|-damage|p2a: Zacian|56\/100\n|\n|-weather|Snow|[upkeep]\n|upkeep\n|turn|20\n|inactive|vbxx mmvc has 90 seconds left.\n|\n|t:|1700480095\n|move|p2a: Zacian|Play Rough|p1a: Ninetales\n|-crit|p1a: Ninetales\n|-damage|p1a: Ninetales|0 fnt\n|faint|p1a: Ninetales\n|\n|-weather|Snow|[upkeep]\n|upkeep\n|inactive|vbxx mmvc has 90 seconds left.\n|\n|t:|1700480105\n|switch|p1a: Baxcalibur|Baxcalibur, M|100\/100\n|turn|21\n|\n|t:|1700480109\n|move|p2a: Zacian|Play Rough|p1a: Baxcalibur\n|-supereffective|p1a: Baxcalibur\n|-damage|p1a: Baxcalibur|51\/100\n|move|p1a: Baxcalibur|Earthquake|p2a: Zacian\n|-supereffective|p2a: Zacian\n|-damage|p2a: Zacian|0 fnt\n|faint|p2a: Zacian\n|\n|-weather|none\n|upkeep\n|\n|t:|1700480129\n|switch|p2a: Calyrex|Calyrex-Shadow|100\/100\n|-ability|p2a: Calyrex|As One\n|-ability|p2a: Calyrex|Unnerve\n|-damage|p2a: Calyrex|88\/100|[from] Stealth Rock\n|-damage|p2a: Calyrex|63\/100|[from] Spikes\n|-status|p2a: Calyrex|tox\n|turn|22\n|\n|t:|1700480148\n|move|p2a: Calyrex|Astral Barrage|p1a: Baxcalibur\n|-damage|p1a: Baxcalibur|14\/100\n|move|p1a: Baxcalibur|Scale Shot|p2a: Calyrex\n|-damage|p2a: Calyrex|44\/100 tox\n|-damage|p2a: Calyrex|27\/100 tox\n|-damage|p2a: Calyrex|11\/100 tox\n|-damage|p2a: Calyrex|0 fnt\n|faint|p2a: Calyrex\n|-hitcount|p2: Calyrex|4\n|-unboost|p1a: Baxcalibur|def|1\n|-boost|p1a: Baxcalibur|spe|1\n|\n|upkeep\n|\n|t:|1700480168\n|switch|p2a: Arceus|Arceus|100\/100\n|-damage|p2a: Arceus|88\/100|[from] Stealth Rock\n|-damage|p2a: Arceus|63\/100|[from] Spikes\n|-status|p2a: Arceus|tox\n|turn|23\n|\n|t:|1700480178\n|move|p2a: Arceus|Extreme Speed|p1a: Baxcalibur\n|-damage|p1a: Baxcalibur|0 fnt\n|faint|p1a: Baxcalibur\n|\n|-damage|p2a: Arceus|57\/100 tox|[from] psn\n|upkeep\n|\n|t:|1700480183\n|switch|p1a: Hatterene|Hatterene, F|100\/100\n|turn|24\n|\n|t:|1700480199\n|move|p2a: Arceus|Swords Dance|p2a: Arceus\n|-boost|p2a: Arceus|atk|2\n|move|p1a: Hatterene|Psyshock|p2a: Arceus\n|-damage|p2a: Arceus|32\/100 tox\n|\n|-damage|p2a: Arceus|20\/100 tox|[from] psn\n|-sideend|p1: vbxx mmvc|move: Aurora Veil\n|upkeep\n|turn|25\n|inactive|msemd has 120 seconds left.\n|\n|t:|1700480228\n|move|p2a: Arceus|Shadow Claw|p1a: Hatterene\n|-supereffective|p1a: Hatterene\n|-crit|p1a: Hatterene\n|-damage|p1a: Hatterene|0 fnt\n|faint|p1a: Hatterene\n|\n|-damage|p2a: Arceus|2\/100 tox|[from] psn\n|upkeep\n|\n|t:|1700480233\n|switch|p1a: Roaring Moon|Roaring Moon|100\/100\n|-enditem|p1a: Roaring Moon|Booster Energy\n|-activate|p1a: Roaring Moon|ability: Protosynthesis|[fromitem]\n|-start|p1a: Roaring Moon|protosynthesisspe\n|turn|26\n|\n|t:|1700480241\n|move|p2a: Arceus|Extreme Speed|p1a: Roaring Moon\n|-damage|p1a: Roaring Moon|0 fnt\n|faint|p1a: Roaring Moon\n|-end|p1a: Roaring Moon|Protosynthesis|[silent]\n|\n|win|msemd\n|raw|vbxx mmvc's rating: 1136 &rarr; <strong>1112<\/strong><br \/>(-24 for losing)\n|raw|msemd's rating: 1149 &rarr; <strong>1173<\/strong><br \/>(+24 for winning)\n","uploadtime":1700480248,"views":1,"p1id":"vbxxmmvc","p2id":"msemd","formatid":"gen9anythinggoes","rating":1112,"private":0,"password":""}