{"id":"gen9anythinggoes-2000156691","p1":"Mrslayyy","p2":"MrMimeIsMrKetchum","format":"[Gen 9] Anything Goes","log":"|j|\u2606Mrslayyy\n|j|\u2606MrMimeIsMrKetchum\n|t:|1701164586\n|gametype|singles\n|player|p1|Mrslayyy|1|1176\n|player|p2|MrMimeIsMrKetchum|swimmerf-gen4|1195\n|teamsize|p1|6\n|teamsize|p2|6\n|gen|9\n|tier|[Gen 9] Anything Goes\n|rated|\n|rule|HP Percentage Mod: HP is shown in percentages\n|rule|Endless Battle Clause: Forcing endless battles is banned\n|clearpoke\n|poke|p1|Maushold|\n|poke|p1|Spidops, M|\n|poke|p1|Calyrex-Shadow|\n|poke|p1|Honchkrow, F|\n|poke|p1|Zangoose, F|\n|poke|p1|Talonflame, F|\n|poke|p2|Annihilape, M|\n|poke|p2|Blissey, F|\n|poke|p2|Pawmot, M|\n|poke|p2|Rabsca, M|\n|poke|p2|Pelipper, M|\n|poke|p2|Basculegion, M|\n|teampreview\n|inactive|Battle timer is ON: inactive players will automatically lose when time's up. (requested by MrMimeIsMrKetchum)\n|\n|t:|1701164595\n|start\n|switch|p1a: Spidops|Spidops, M, shiny|100\/100\n|switch|p2a: Annihilape|Annihilape, M, shiny|100\/100\n|turn|1\n|c|\u2606Mrslayyy|Hmm\n|\n|t:|1701164603\n|move|p2a: Annihilape|Final Gambit|p1a: Spidops\n|-damage|p1a: Spidops|0 fnt\n|faint|p2a: Annihilape\n|faint|p1a: Spidops\n|\n|upkeep\n|c|\u2606Mrslayyy|What a wate kf. A anniaple\n|\n|t:|1701164613\n|switch|p2a: Blissey|Blissey, F, shiny|100\/100\n|switch|p1a: temmi-Shadow|Calyrex-Shadow|100\/100\n|-ability|p1a: temmi-Shadow|As One\n|-ability|p1a: temmi-Shadow|Unnerve\n|turn|2\n|c|\u2606Mrslayyy|Hol up\n|c|\u2606Mrslayyy|copycat?\n|c|\u2606Mrslayyy|the revive?\n|\n|t:|1701164634\n|move|p1a: temmi-Shadow|Draining Kiss|p2a: Blissey\n|-damage|p2a: Blissey|93\/100\n|move|p2a: Blissey|Copycat|p2a: Blissey\n|move|p2a: Blissey|Draining Kiss|p1a: temmi-Shadow|[from]move: Copycat\n|-damage|p1a: temmi-Shadow|92\/100\n|-heal|p2a: Blissey|96\/100|[from] drain|[of] p1a: temmi-Shadow\n|\n|upkeep\n|turn|3\n|\n|t:|1701164641\n|switch|p1a: Maushold|Maushold, shiny|100\/100\n|move|p2a: Blissey|Copycat|p2a: Blissey\n|move|p2a: Blissey|Draining Kiss|p1a: Maushold|[from]move: Copycat\n|-damage|p1a: Maushold|89\/100\n|-heal|p2a: Blissey|100\/100|[from] drain|[of] p1a: Maushold\n|\n|-heal|p1a: Maushold|95\/100|[from] item: Leftovers\n|upkeep\n|turn|4\n|\n|t:|1701164651\n|switch|p2a: Pawmot|Pawmot, M, shiny|100\/100\n|move|p1a: Maushold|Encore||[still]\n|-fail|p1a: Maushold\n|\n|-heal|p1a: Maushold|100\/100|[from] item: Leftovers\n|upkeep\n|turn|5\n|\n|t:|1701164659\n|move|p1a: Maushold|Tidy Up|p1a: Maushold\n|-boost|p1a: Maushold|atk|1\n|-boost|p1a: Maushold|spe|1\n|move|p2a: Pawmot|Revival Blessing|p2a: Pawmot\n|-enditem|p2a: Pawmot|Leppa Berry|[eat]\n|-activate|p2a: Pawmot|item: Leppa Berry|Revival Blessing|[consumed]\n|\n|t:|1701164662\n|-heal|p2: Annihilape|50\/100|[from] move: Revival Blessing\n|\n|upkeep\n|turn|6\n|\n|t:|1701164680\n|move|p2a: Pawmot|Mach Punch|p1a: Maushold\n|-supereffective|p1a: Maushold\n|-damage|p1a: Maushold|55\/100\n|move|p1a: Maushold|Encore|p2a: Pawmot\n|-start|p2a: Pawmot|Encore\n|\n|-heal|p1a: Maushold|61\/100|[from] item: Leftovers\n|upkeep\n|turn|7\n|\n|t:|1701164686\n|-terastallize|p1a: Maushold|Normal\n|move|p2a: Pawmot|Mach Punch|p1a: Maushold\n|-supereffective|p1a: Maushold\n|-damage|p1a: Maushold|10\/100\n|move|p1a: Maushold|Population Bomb|p2a: Pawmot\n|-damage|p2a: Pawmot|84\/100\n|-damage|p2a: Pawmot|69\/100\n|-hitcount|p2a: Pawmot|2\n|\n|-heal|p1a: Maushold|16\/100|[from] item: Leftovers\n|upkeep\n|turn|8\n|\n|t:|1701164691\n|switch|p1a: temmi-Shadow|Calyrex-Shadow|92\/100\n|-ability|p1a: temmi-Shadow|As One\n|-ability|p1a: temmi-Shadow|Unnerve\n|move|p2a: Pawmot|Mach Punch|p1a: temmi-Shadow\n|-immune|p1a: temmi-Shadow\n|\n|upkeep\n|turn|9\n|\n|t:|1701164699\n|move|p2a: Pawmot|Mach Punch|p1a: temmi-Shadow\n|-immune|p1a: temmi-Shadow\n|move|p1a: temmi-Shadow|Stomping Tantrum|p2a: Pawmot\n|-supereffective|p2a: Pawmot\n|-damage|p2a: Pawmot|32\/100\n|\n|-end|p2a: Pawmot|Encore\n|upkeep\n|turn|10\n|\n|t:|1701164704\n|switch|p1a: Maushold|Maushold, shiny, tera:Normal|16\/100\n|switch|p2a: Pelipper|Pelipper, M, shiny|100\/100\n|-weather|RainDance|[from] ability: Drizzle|[of] p2a: Pelipper\n|\n|-weather|RainDance|[upkeep]\n|-heal|p1a: Maushold|22\/100|[from] item: Leftovers\n|upkeep\n|turn|11\n|\n|t:|1701164711\n|move|p1a: Maushold|Population Bomb|p2a: Pelipper\n|-damage|p2a: Pelipper|92\/100\n|-damage|p2a: Pelipper|83\/100\n|-damage|p2a: Pelipper|75\/100\n|-damage|p2a: Pelipper|66\/100\n|-damage|p2a: Pelipper|58\/100\n|-damage|p2a: Pelipper|50\/100\n|-damage|p2a: Pelipper|42\/100\n|-damage|p2a: Pelipper|34\/100\n|-damage|p2a: Pelipper|25\/100\n|-crit|p2a: Pelipper\n|-damage|p2a: Pelipper|13\/100\n|-hitcount|p2a: Pelipper|10\n|move|p2a: Pelipper|U-turn|p1a: Maushold\n|-crit|p1a: Maushold\n|-damage|p1a: Maushold|4\/100\n|\n|t:|1701164718\n|switch|p2a: Annihilape|Annihilape, M, shiny|50\/100|[from] U-turn\n|\n|-weather|RainDance|[upkeep]\n|-heal|p1a: Maushold|10\/100|[from] item: Leftovers\n|upkeep\n|turn|12\n|\n|t:|1701164730\n|move|p2a: Annihilape|U-turn|p1a: Maushold\n|-damage|p1a: Maushold|0 fnt\n|faint|p1a: Maushold\n|inactive|MrMimeIsMrKetchum has 120 seconds left.\n|\n|t:|1701164757\n|switch|p2a: Pawmot|Pawmot, M, shiny|32\/100|[from] U-turn\n|\n|-weather|RainDance|[upkeep]\n|upkeep\n|inactive|Mrslayyy has 120 seconds left.\n|\n|t:|1701164814\n|switch|p1a: temmi-Shadow|Calyrex-Shadow|92\/100\n|-ability|p1a: temmi-Shadow|As One\n|-ability|p1a: temmi-Shadow|Unnerve\n|turn|13\n|inactive|MrMimeIsMrKetchum has 120 seconds left.\n|\n|t:|1701164831\n|move|p1a: temmi-Shadow|Astral Barrage|p2a: Pawmot\n|-crit|p2a: Pawmot\n|-damage|p2a: Pawmot|0 fnt\n|faint|p2a: Pawmot\n|-ability|p1a: temmi-Shadow|Grim Neigh|boost\n|-boost|p1a: temmi-Shadow|spa|1\n|\n|-weather|RainDance|[upkeep]\n|upkeep\n|inactive|MrMimeIsMrKetchum has 120 seconds left.\n|\n|t:|1701164848\n|switch|p2a: Annihilape|Annihilape, M, shiny|50\/100\n|turn|14\n|\n|t:|1701164852\n|move|p1a: temmi-Shadow|Astral Barrage|p2a: Annihilape\n|-supereffective|p2a: Annihilape\n|-damage|p2a: Annihilape|0 fnt\n|faint|p2a: Annihilape\n|-ability|p1a: temmi-Shadow|Grim Neigh|boost\n|-boost|p1a: temmi-Shadow|spa|1\n|\n|-weather|RainDance|[upkeep]\n|upkeep\n|\n|t:|1701164857\n|switch|p2a: Blissey|Blissey, F, shiny|100\/100\n|turn|15\n|\n|t:|1701164868\n|switch|p1a: Zangoose|Zangoose, F, shiny|100\/100\n|move|p2a: Blissey|Copycat|p2a: Blissey\n|move|p2a: Blissey|Astral Barrage|p1a: Zangoose|[from]move: Copycat\n|-immune|p1a: Zangoose\n|\n|-weather|RainDance|[upkeep]\n|upkeep\n|turn|16\n|c|\u2606Mrslayyy|Womp womp\n|\n|t:|1701164879\n|switch|p2a: Rabsca|Rabsca, M, shiny|100\/100\n|move|p1a: Zangoose|Substitute|p1a: Zangoose\n|-start|p1a: Zangoose|Substitute\n|-damage|p1a: Zangoose|76\/100\n|\n|-weather|RainDance|[upkeep]\n|-heal|p1a: Zangoose|82\/100|[from] item: Leftovers\n|upkeep\n|turn|17\n|\n|t:|1701164891\n|move|p1a: Zangoose|Belly Drum|p1a: Zangoose\n|-damage|p1a: Zangoose|32\/100\n|-setboost|p1a: Zangoose|atk|6|[from] move: Belly Drum\n|move|p2a: Rabsca|Bug Buzz|p1a: Zangoose\n|-damage|p1a: Zangoose|0 fnt\n|faint|p1a: Zangoose\n|\n|-weather|none\n|upkeep\n|\n|t:|1701164897\n|switch|p1a: Honchkrow|Honchkrow, F, shiny|100\/100\n|turn|18\n|c|\u2606MrMimeIsMrKetchum|womp womp\n|\n|t:|1701164918\n|move|p1a: Honchkrow|Sucker Punch||[still]\n|-fail|p1a: Honchkrow\n|move|p2a: Rabsca|Revival Blessing|p2a: Rabsca\n|-enditem|p2a: Rabsca|Leppa Berry|[eat]\n|-activate|p2a: Rabsca|item: Leppa Berry|Revival Blessing|[consumed]\n|c|\u2606Mrslayyy|Womp womp\n|\n|t:|1701164930\n|-heal|p2: Annihilape|50\/100|[from] move: Revival Blessing\n|\n|upkeep\n|turn|19\n|\n|t:|1701164938\n|move|p2a: Rabsca|Revival Blessing|p2a: Rabsca\n|\n|t:|1701164941\n|-heal|p2: Pawmot|50\/100|[from] move: Revival Blessing\n|move|p1a: Honchkrow|Tailwind|p1a: Honchkrow\n|-sidestart|p1: Mrslayyy|move: Tailwind\n|\n|upkeep\n|turn|20\n|\n|t:|1701164949\n|move|p1a: Honchkrow|Brave Bird|p2a: Rabsca\n|-supereffective|p2a: Rabsca\n|-damage|p2a: Rabsca|0 fnt\n|faint|p2a: Rabsca\n|-ability|p1a: Honchkrow|Moxie|boost\n|-boost|p1a: Honchkrow|atk|1\n|-damage|p1a: Honchkrow|72\/100|[from] Recoil\n|\n|-heal|p1a: Honchkrow|78\/100|[from] item: Leftovers\n|upkeep\n|\n|t:|1701164963\n|switch|p2a: Pawmot|Pawmot, M, shiny|50\/100\n|turn|21\n|\n|t:|1701164971\n|move|p1a: Honchkrow|Sucker Punch|p2a: Pawmot\n|-resisted|p2a: Pawmot\n|-damage|p2a: Pawmot|10\/100\n|move|p2a: Pawmot|Volt Switch|p1a: Honchkrow\n|-supereffective|p1a: Honchkrow\n|-damage|p1a: Honchkrow|31\/100\n|c|\u2606Mrslayyy|Oh\n|c|\u2606Mrslayyy|eh\n|\n|t:|1701164980\n|switch|p2a: Annihilape|Annihilape, M, shiny|50\/100|[from] Volt Switch\n|\n|-heal|p1a: Honchkrow|37\/100|[from] item: Leftovers\n|upkeep\n|turn|22\n|\n|t:|1701164985\n|move|p2a: Annihilape|Final Gambit|p1a: Honchkrow\n|-damage|p1a: Honchkrow|0 fnt\n|faint|p2a: Annihilape\n|faint|p1a: Honchkrow\n|\n|-sideend|p1: Mrslayyy|move: Tailwind\n|upkeep\n|\n|t:|1701165007\n|switch|p2a: Pelipper|Pelipper, M, shiny|13\/100\n|switch|p1a: The adopted Bird|Talonflame, F, shiny|100\/100\n|-weather|RainDance|[from] ability: Drizzle|[of] p2a: Pelipper\n|turn|23\n|c|\u2606Mrslayyy|Do you wanna knwo what wold be so op if it hallned\n|\n|t:|1701165019\n|switch|p2a: Pawmot|Pawmot, M, shiny|10\/100\n|move|p1a: The adopted Bird|Dual Wingbeat|p2a: Pawmot\n|-damage|p2a: Pawmot|0 fnt\n|faint|p2a: Pawmot\n|-hitcount|p2: Pawmot|1\n|\n|-weather|RainDance|[upkeep]\n|upkeep\n|\n|t:|1701165029\n|switch|p2a: Basculegion|Basculegion, M, shiny|100\/100\n|turn|24\n|\n|t:|1701165036\n|move|p1a: The adopted Bird|Dual Wingbeat|p2a: Basculegion\n|-damage|p2a: Basculegion|69\/100\n|-damage|p2a: Basculegion|42\/100\n|-hitcount|p2a: Basculegion|2\n|move|p2a: Basculegion|Last Respects|p1a: The adopted Bird\n|-damage|p1a: The adopted Bird|0 fnt\n|faint|p1a: The adopted Bird\n|\n|-weather|RainDance|[upkeep]\n|upkeep\n|\n|t:|1701165048\n|switch|p1a: temmi-Shadow|Calyrex-Shadow|92\/100\n|-ability|p1a: temmi-Shadow|As One\n|-ability|p1a: temmi-Shadow|Unnerve\n|turn|25\n|\n|t:|1701165055\n|move|p1a: temmi-Shadow|Draining Kiss|p2a: Basculegion\n|-damage|p2a: Basculegion|20\/100\n|-heal|p1a: temmi-Shadow|100\/100|[from] drain|[of] p2a: Basculegion\n|move|p2a: Basculegion|Last Respects|p1a: temmi-Shadow\n|-supereffective|p1a: temmi-Shadow\n|-damage|p1a: temmi-Shadow|0 fnt\n|faint|p1a: temmi-Shadow\n|\n|win|MrMimeIsMrKetchum\n|raw|Mrslayyy's rating: 1142 &rarr; <strong>1121<\/strong><br \/>(-21 for losing)\n|raw|MrMimeIsMrKetchum's rating: 1195 &rarr; <strong>1216<\/strong><br \/>(+21 for winning)\n|l|\u2606Mrslayyy\n|c|\u2606MrMimeIsMrKetchum|gg\n","uploadtime":1701165073,"views":4,"p1id":"mrslayyy","p2id":"mrmimeismrketchum","formatid":"gen9anythinggoes","rating":1121,"private":0,"password":""}