{"id":"radicalred-gen9anythinggoes-534300","p1":"ChadouMC","p2":"LightNashe","format":"[Gen 9] Anything Goes","log":"|j|\u2606ChadouMC\n|j|\u2606LightNashe\n|t:|1697767020\n|gametype|singles\n|player|p1|ChadouMC|rr-cinderace|\n|player|p2|LightNashe|rr-greninja|\n|teamsize|p1|6\n|teamsize|p2|6\n|gen|9\n|tier|[Gen 9] Anything Goes\n|rule|HP Percentage Mod: HP is shown in percentages\n|rule|Endless Battle Clause: Forcing endless battles is banned\n|clearpoke\n|poke|p1|Serperior, M|\n|poke|p1|Jellicent, M|\n|poke|p1|Darmanitan, M|\n|poke|p1|Conkeldurr, F|\n|poke|p1|Keldeo-Resolute|\n|poke|p1|Volcarona, M|\n|poke|p2|Emboar, M|\n|poke|p2|Archeops, M|\n|poke|p2|Gigalith, M|\n|poke|p2|Keldeo-Resolute|\n|poke|p2|Bisharp, M|\n|poke|p2|Ferrothorn, M|\n|teampreview\n|j| zSlowKiller\n|j| WybeRx\n|\n|t:|1697767093\n|start\n|switch|p1a: Serperior|Serperior, M|100\/100\n|switch|p2a: Archeops|Archeops, M, shiny|100\/100\n|turn|1\n|\n|t:|1697767161\n|move|p1a: Serperior|Substitute|p1a: Serperior\n|-start|p1a: Serperior|Substitute\n|-damage|p1a: Serperior|76\/100\n|move|p2a: Archeops|Brave Bird|p1a: Serperior\n|-supereffective|p1a: Serperior\n|-end|p1a: Serperior|Substitute\n|-damage|p2a: Archeops|92\/100|[from] Recoil|[of] p1a: Serperior\n|\n|-heal|p1a: Serperior|82\/100|[from] item: Leftovers\n|upkeep\n|turn|2\n|\n|t:|1697767170\n|move|p1a: Serperior|Substitute|p1a: Serperior\n|-start|p1a: Serperior|Substitute\n|-damage|p1a: Serperior|57\/100\n|move|p2a: Archeops|Brave Bird|p1a: Serperior\n|-supereffective|p1a: Serperior\n|-end|p1a: Serperior|Substitute\n|-damage|p2a: Archeops|83\/100|[from] Recoil|[of] p1a: Serperior\n|\n|-heal|p1a: Serperior|63\/100|[from] item: Leftovers\n|upkeep\n|turn|3\n|\n|t:|1697767179\n|move|p1a: Serperior|Substitute|p1a: Serperior\n|-start|p1a: Serperior|Substitute\n|-damage|p1a: Serperior|38\/100\n|move|p2a: Archeops|Brave Bird|p1a: Serperior\n|-supereffective|p1a: Serperior\n|-end|p1a: Serperior|Substitute\n|-damage|p2a: Archeops|75\/100|[from] Recoil|[of] p1a: Serperior\n|\n|-heal|p1a: Serperior|44\/100|[from] item: Leftovers\n|upkeep\n|turn|4\n|\n|t:|1697767236\n|switch|p2a: Bisharp|Bisharp, M|100\/100\n|move|p1a: Serperior|Substitute|p1a: Serperior\n|-start|p1a: Serperior|Substitute\n|-damage|p1a: Serperior|20\/100\n|\n|-heal|p1a: Serperior|26\/100|[from] item: Leftovers\n|upkeep\n|turn|5\n|\n|t:|1697767246\n|move|p2a: Bisharp|Sucker Punch|p1a: Serperior\n|-end|p1a: Serperior|Substitute\n|move|p1a: Serperior|Leaf Storm|p2a: Bisharp\n|-resisted|p2a: Bisharp\n|-damage|p2a: Bisharp|68\/100\n|-boost|p1a: Serperior|spa|2\n|\n|-heal|p1a: Serperior|32\/100|[from] item: Leftovers\n|upkeep\n|turn|6\n|\n|t:|1697767254\n|move|p2a: Bisharp|Sucker Punch||[still]\n|-fail|p2a: Bisharp\n|move|p1a: Serperior|Substitute|p1a: Serperior\n|-start|p1a: Serperior|Substitute\n|-damage|p1a: Serperior|7\/100\n|\n|-heal|p1a: Serperior|13\/100|[from] item: Leftovers\n|upkeep\n|turn|7\n|\n|t:|1697767273\n|move|p2a: Bisharp|Sucker Punch|p1a: Serperior\n|-end|p1a: Serperior|Substitute\n|move|p1a: Serperior|Hidden Power|p2a: Bisharp\n|-supereffective|p2a: Bisharp\n|-damage|p2a: Bisharp|0 fnt\n|faint|p2a: Bisharp\n|\n|-heal|p1a: Serperior|20\/100|[from] item: Leftovers\n|upkeep\n|\n|t:|1697767289\n|switch|p2a: Ferrothorn|Ferrothorn, M, shiny|100\/100\n|turn|8\n|\n|t:|1697767292\n|move|p1a: Serperior|Hidden Power|p2a: Ferrothorn\n|-supereffective|p2a: Ferrothorn\n|-damage|p2a: Ferrothorn|21\/100\n|move|p2a: Ferrothorn|Thunder Wave|p1a: Serperior\n|-status|p1a: Serperior|par\n|\n|-heal|p1a: Serperior|26\/100 par|[from] item: Leftovers\n|upkeep\n|turn|9\n|\n|t:|1697767304\n|switch|p2a: Archeops|Archeops, M, shiny|75\/100\n|cant|p1a: Serperior|par\n|\n|-heal|p1a: Serperior|32\/100 par|[from] item: Leftovers\n|upkeep\n|turn|10\n|\n|t:|1697767310\n|move|p2a: Archeops|Air Slash|p1a: Serperior\n|-supereffective|p1a: Serperior\n|-damage|p1a: Serperior|0 fnt\n|faint|p1a: Serperior\n|\n|upkeep\n|\n|t:|1697767333\n|switch|p1a: Jellicent|Jellicent, M|100\/100\n|turn|11\n|\n|t:|1697767376\n|switch|p2a: Ferrothorn|Ferrothorn, M, shiny|21\/100\n|move|p1a: Jellicent|Scald|p2a: Ferrothorn\n|-resisted|p2a: Ferrothorn\n|-damage|p2a: Ferrothorn|6\/100\n|\n|upkeep\n|turn|12\n|\n|t:|1697767385\n|move|p1a: Jellicent|Scald|p2a: Ferrothorn\n|-resisted|p2a: Ferrothorn\n|-damage|p2a: Ferrothorn|0 fnt\n|faint|p2a: Ferrothorn\n|\n|upkeep\n|\n|t:|1697767398\n|switch|p2a: Emboar|Emboar, M, shiny|100\/100\n|turn|13\n|\n|t:|1697767473\n|move|p2a: Emboar|Earthquake|p1a: Jellicent\n|-damage|p1a: Jellicent|68\/100\n|move|p1a: Jellicent|Strength Sap|p2a: Emboar\n|-unboost|p2a: Emboar|atk|1\n|-heal|p1a: Jellicent|100\/100\n|\n|upkeep\n|turn|14\n|\n|t:|1697767493\n|switch|p2a: Keldeo|Keldeo-Resolute, shiny|100\/100\n|move|p1a: Jellicent|Toxic|p2a: Keldeo\n|-status|p2a: Keldeo|tox\n|\n|-damage|p2a: Keldeo|94\/100 tox|[from] psn\n|upkeep\n|turn|15\n|\n|t:|1697767511\n|move|p2a: Keldeo|Air Slash|p1a: Jellicent\n|-damage|p1a: Jellicent|57\/100\n|cant|p1a: Jellicent|flinch\n|\n|-damage|p2a: Keldeo|82\/100 tox|[from] psn\n|upkeep\n|turn|16\n|\n|t:|1697767556\n|switch|p1a: Volcarona|Volcarona, M|100\/100\n|move|p2a: Keldeo|Air Slash|p1a: Volcarona\n|-supereffective|p1a: Volcarona\n|-damage|p1a: Volcarona|0 fnt\n|faint|p1a: Volcarona\n|\n|-damage|p2a: Keldeo|63\/100 tox|[from] psn\n|upkeep\n|l| zSlowKiller\n|\n|t:|1697767707\n|switch|p1a: Darmanitan|Darmanitan, M|100\/100\n|turn|17\n|j| zSlowKiller\n|\n|t:|1697767746\n|move|p1a: Darmanitan|Flare Blitz|p2a: Keldeo\n|-resisted|p2a: Keldeo\n|-damage|p2a: Keldeo|16\/100 tox\n|-damage|p1a: Darmanitan|86\/100|[from] Recoil\n|move|p2a: Keldeo|Air Slash|p1a: Darmanitan\n|-damage|p1a: Darmanitan|0 fnt\n|faint|p1a: Darmanitan\n|\n|-damage|p2a: Keldeo|0 fnt|[from] psn\n|faint|p2a: Keldeo\n|upkeep\n|\n|t:|1697767765\n|switch|p2a: Archeops|Archeops, M, shiny|75\/100\n|switch|p1a: Jellicent|Jellicent, M|57\/100\n|turn|18\n|\n|t:|1697767806\n|switch|p1a: Keldeo|Keldeo-Resolute|100\/100\n|move|p2a: Archeops|Brave Bird|p1a: Keldeo\n|-supereffective|p1a: Keldeo\n|-damage|p1a: Keldeo|0 fnt\n|faint|p1a: Keldeo\n|-damage|p2a: Archeops|38\/100|[from] Recoil\n|\n|upkeep\n|\n|t:|1697767813\n|switch|p1a: Conkeldurr|Conkeldurr, F|100\/100\n|turn|19\n|\n|t:|1697767822\n|move|p1a: Conkeldurr|Mach Punch|p2a: Archeops\n|-damage|p2a: Archeops|0 fnt\n|faint|p2a: Archeops\n|\n|-status|p1a: Conkeldurr|brn|[from] item: Flame Orb\n|upkeep\n|\n|t:|1697767830\n|switch|p2a: Emboar|Emboar, M, shiny|100\/100\n|turn|20\n|l| zSlowKiller\n|l| WybeRx\n|\n|t:|1697767933\n|move|p2a: Emboar|Close Combat|p1a: Conkeldurr\n|-damage|p1a: Conkeldurr|29\/100 brn\n|-unboost|p2a: Emboar|def|1\n|-unboost|p2a: Emboar|spd|1\n|move|p1a: Conkeldurr|Close Combat|p2a: Emboar\n|-damage|p2a: Emboar|0 fnt\n|-unboost|p1a: Conkeldurr|def|1\n|-unboost|p1a: Conkeldurr|spd|1\n|faint|p2a: Emboar\n|\n|-damage|p1a: Conkeldurr|23\/100 brn|[from] brn\n|upkeep\n|\n|t:|1697767944\n|switch|p2a: Gigalith|Gigalith, M, shiny|100\/100\n|-weather|Sandstorm|[from] ability: Sand Stream|[of] p2a: Gigalith\n|turn|21\n|\n|t:|1697767951\n|move|p1a: Conkeldurr|Close Combat|p2a: Gigalith\n|-supereffective|p2a: Gigalith\n|-damage|p2a: Gigalith|0 fnt\n|-unboost|p1a: Conkeldurr|def|1\n|-unboost|p1a: Conkeldurr|spd|1\n|faint|p2a: Gigalith\n|\n|win|ChadouMC\n|c|\u2606LightNashe|gg\n|c|\u2606ChadouMC|gg\n|l|\u2606LightNashe\n","uploadtime":1697767960,"views":17,"p1id":"chadoumc","p2id":"lightnashe","formatid":"gen9anythinggoes","rating":0,"private":0,"password":""}