{"id":"radicalred-gen9anythinggoes-539175","p1":"zeranogamer147","p2":"HellSinky","format":"[Gen 9] Anything Goes","log":"|j|\u2606zeranogamer147\n|j|\u2606HellSinky\n|t:|1698550567\n|gametype|singles\n|player|p1|zeranogamer147|265|\n|player|p2|HellSinky|rr-victini|\n|teamsize|p1|6\n|teamsize|p2|6\n|gen|9\n|tier|[Gen 9] Anything Goes\n|rule|HP Percentage Mod: HP is shown in percentages\n|rule|Endless Battle Clause: Forcing endless battles is banned\n|rule|Sleep Clause Mod: Limit one foe put to sleep\n|clearpoke\n|poke|p1|Hydreigon, F|\n|poke|p1|Landorus-Therian, M|\n|poke|p1|Excadrill, F|\n|poke|p1|Ferrothorn, M|\n|poke|p1|Cinccino, F|\n|poke|p1|Mienshao, F|\n|poke|p2|Ferrothorn, F|\n|poke|p2|Hydreigon, M|\n|poke|p2|Galvantula, M|\n|poke|p2|Volcarona, M|\n|poke|p2|Krookodile, F|\n|poke|p2|Amoonguss, F|\n|teampreview\n|c|\u2606zeranogamer147|gl\n|c|\u2606HellSinky|glhf\n|\n|t:|1698550620\n|start\n|switch|p1a: Landorus|Landorus-Therian, M|100\/100\n|switch|p2a: tula|Galvantula, M, shiny|100\/100\n|-ability|p1a: Landorus|Intimidate|boost\n|-unboost|p2a: tula|atk|1\n|turn|1\n|\n|t:|1698550695\n|switch|p2a: Ferro Pariente|Ferrothorn, F, shiny|100\/100\n|move|p1a: Landorus|Earthquake|p2a: Ferro Pariente\n|-crit|p2a: Ferro Pariente\n|-damage|p2a: Ferro Pariente|52\/100\n|\n|upkeep\n|turn|2\n|\n|t:|1698550738\n|move|p1a: Landorus|Knock Off|p2a: Ferro Pariente\n|-crit|p2a: Ferro Pariente\n|-damage|p2a: Ferro Pariente|22\/100\n|-damage|p1a: Landorus|88\/100|[from] ability: Iron Barbs|[of] p2a: Ferro Pariente\n|-damage|p1a: Landorus|72\/100|[from] item: Rocky Helmet|[of] p2a: Ferro Pariente\n|-enditem|p2a: Ferro Pariente|Rocky Helmet|[from] move: Knock Off|[of] p1a: Landorus\n|move|p2a: Ferro Pariente|Leech Seed|p1a: Landorus|[miss]\n|-miss|p2a: Ferro Pariente|p1a: Landorus\n|\n|upkeep\n|turn|3\n|\n|t:|1698550827\n|switch|p2a: princesa|Hydreigon, M|100\/100\n|move|p1a: Landorus|Earthquake|p2a: princesa\n|-immune|p2a: princesa|[from] ability: Levitate\n|\n|upkeep\n|turn|4\n|\n|t:|1698550887\n|switch|p1a: Hydreigon|Hydreigon, F|100\/100\n|move|p2a: princesa|Dark Hole|p1a: Hydreigon\n|-resisted|p1a: Hydreigon\n|-damage|p1a: Hydreigon|63\/100\n|-damage|p2a: princesa|91\/100|[from] item: Life Orb\n|\n|upkeep\n|turn|5\n|\n|t:|1698551024\n|switch|p2a: somnifero|Amoonguss, F, shiny|100\/100\n|move|p1a: Hydreigon|Draco Meteor|p2a: somnifero\n|-damage|p2a: somnifero|41\/100\n|-unboost|p1a: Hydreigon|spa|2\n|\n|-heal|p2a: somnifero|47\/100|[from] item: Black Sludge\n|upkeep\n|turn|6\n|j| zSlowKiller\n|\n|t:|1698551078\n|switch|p1a: Ferrothorn|Ferrothorn, M|100\/100\n|switch|p2a: cr7|Volcarona, M|100\/100\n|\n|upkeep\n|turn|7\n|\n|t:|1698551127\n|move|p2a: cr7|Fiery Dance|p1a: Ferrothorn\n|-supereffective|p1a: Ferrothorn\n|-damage|p1a: Ferrothorn|0 fnt\n|faint|p1a: Ferrothorn\n|\n|upkeep\n|j| WybeRx\n|\n|t:|1698551147\n|switch|p1a: Landorus|Landorus-Therian, M|72\/100\n|-ability|p1a: Landorus|Intimidate|boost\n|-unboost|p2a: cr7|atk|1\n|turn|8\n|\n|t:|1698551201\n|switch|p2a: Ferro Pariente|Ferrothorn, F, shiny|22\/100\n|move|p1a: Landorus|Stone Edge|p2a: Ferro Pariente\n|-resisted|p2a: Ferro Pariente\n|-damage|p2a: Ferro Pariente|12\/100\n|\n|upkeep\n|turn|9\n|\n|t:|1698551237\n|move|p1a: Landorus|U-turn|p2a: Ferro Pariente\n|-damage|p2a: Ferro Pariente|0 fnt\n|-damage|p1a: Landorus|59\/100|[from] ability: Iron Barbs|[of] p2a: Ferro Pariente\n|faint|p2a: Ferro Pariente\n|j| PatoPatito08\n|\n|t:|1698551266\n|switch|p1a: Cinccino|Cinccino, F|100\/100|[from] U-turn\n|\n|upkeep\n|\n|t:|1698551284\n|switch|p2a: womb destroyer|Krookodile, F|100\/100\n|turn|10\n|\n|t:|1698551355\n|switch|p1a: Landorus|Landorus-Therian, M|59\/100\n|-ability|p1a: Landorus|Intimidate|boost\n|-unboost|p2a: womb destroyer|atk|1\n|move|p2a: womb destroyer|Close Combat|p1a: Landorus\n|-resisted|p1a: Landorus\n|-damage|p1a: Landorus|45\/100\n|-unboost|p2a: womb destroyer|def|1\n|-unboost|p2a: womb destroyer|spd|1\n|\n|upkeep\n|turn|11\n|\n|t:|1698551407\n|switch|p2a: somnifero|Amoonguss, F, shiny|80\/100\n|move|p1a: Landorus|Knock Off|p2a: somnifero\n|-damage|p2a: somnifero|43\/100\n|-enditem|p2a: somnifero|Black Sludge|[from] move: Knock Off|[of] p1a: Landorus\n|\n|upkeep\n|turn|12\n|\n|t:|1698551502\n|switch|p2a: womb destroyer|Krookodile, F|100\/100\n|move|p1a: Landorus|U-turn|p2a: womb destroyer\n|-supereffective|p2a: womb destroyer\n|-damage|p2a: womb destroyer|37\/100\n|\n|t:|1698551542\n|switch|p1a: Mienshao|Mienshao, F|100\/100|[from] U-turn\n|\n|upkeep\n|turn|13\n|\n|t:|1698551555\n|switch|p2a: cr7|Volcarona, M|100\/100\n|move|p1a: Mienshao|Fake Out|p2a: cr7\n|-damage|p2a: cr7|79\/100\n|\n|upkeep\n|turn|14\n|\n|t:|1698551620\n|switch|p1a: Hydreigon|Hydreigon, F|63\/100\n|move|p2a: cr7|Quiver Dance|p2a: cr7\n|-boost|p2a: cr7|spa|1\n|-boost|p2a: cr7|spd|1\n|-boost|p2a: cr7|spe|1\n|\n|upkeep\n|turn|15\n|\n|t:|1698551656\n|move|p2a: cr7|Bug Buzz|p1a: Hydreigon\n|-supereffective|p1a: Hydreigon\n|-damage|p1a: Hydreigon|0 fnt\n|faint|p1a: Hydreigon\n|\n|upkeep\n|\n|t:|1698551704\n|switch|p1a: Landorus|Landorus-Therian, M|45\/100\n|-ability|p1a: Landorus|Intimidate|boost\n|-unboost|p2a: cr7|atk|1\n|turn|16\n|\n|t:|1698551720\n|move|p2a: cr7|Fiery Dance|p1a: Landorus\n|-damage|p1a: Landorus|0 fnt\n|-boost|p2a: cr7|spa|1\n|faint|p1a: Landorus\n|\n|upkeep\n|\n|t:|1698551746\n|switch|p1a: Cinccino|Cinccino, F|100\/100\n|turn|17\n|\n|t:|1698551754\n|move|p2a: cr7|Fiery Dance|p1a: Cinccino\n|-damage|p1a: Cinccino|0 fnt\n|faint|p1a: Cinccino\n|\n|upkeep\n|\n|t:|1698551764\n|switch|p1a: Excadrill|Excadrill, F|100\/100\n|-ability|p1a: Excadrill|Mold Breaker\n|turn|18\n|\n|t:|1698551770\n|move|p2a: cr7|Fiery Dance|p1a: Excadrill\n|-supereffective|p1a: Excadrill\n|-damage|p1a: Excadrill|0 fnt\n|faint|p1a: Excadrill\n|\n|upkeep\n|\n|t:|1698551775\n|switch|p1a: Mienshao|Mienshao, F|100\/100\n|turn|19\n|\n|t:|1698551779\n|move|p1a: Mienshao|Fake Out|p2a: cr7\n|-damage|p2a: cr7|57\/100\n|-status|p1a: Mienshao|brn|[from] ability: Flame Body|[of] p2a: cr7\n|cant|p2a: cr7|flinch\n|\n|-damage|p1a: Mienshao|95\/100 brn|[from] brn\n|upkeep\n|turn|20\n|\n|t:|1698551783\n|move|p2a: cr7|Fiery Dance|p1a: Mienshao\n|-damage|p1a: Mienshao|0 fnt\n|-boost|p2a: cr7|spa|1\n|faint|p1a: Mienshao\n|\n|win|HellSinky\n|c|\u2606zeranogamer147|gg\n|l|\u2606zeranogamer147\n|c|\u2606HellSinky|gf\n","uploadtime":1698551800,"views":19,"p1id":"zeranogamer147","p2id":"hellsinky","formatid":"gen9anythinggoes","rating":0,"private":0,"password":""}