{"id":"radicalred-gen9anythinggoes-534682","p1":"nahu54","p2":"ElBau1129","format":"[Gen 9] Anything Goes","log":"|j|\u2606nahu54\n|j|\u2606ElBau1129\n|t:|1697827804\n|gametype|singles\n|player|p1|nahu54|2|\n|player|p2|ElBau1129|rr-houndoommega|\n|teamsize|p1|6\n|teamsize|p2|6\n|gen|9\n|tier|[Gen 9] Anything Goes\n|rule|HP Percentage Mod: HP is shown in percentages\n|rule|Endless Battle Clause: Forcing endless battles is banned\n|rule|Sleep Clause Mod: Limit one foe put to sleep\n|clearpoke\n|poke|p1|Keldeo-Resolute|\n|poke|p1|Hydreigon, F|\n|poke|p1|Simipour, M|\n|poke|p1|Krookodile, M|\n|poke|p1|Ferrothorn, F|\n|poke|p1|Swanna, F|\n|poke|p2|Gigalith, F|\n|poke|p2|Jellicent, M|\n|poke|p2|Ferrothorn, F|\n|poke|p2|Tornadus-Therian, M|\n|poke|p2|Conkeldurr, M|\n|poke|p2|Volcarona, M|\n|teampreview\n|c|\u2606ElBau1129|gl\n|\n|t:|1697827840\n|start\n|switch|p1a: Krookodile|Krookodile, M|100\/100\n|switch|p2a: Conkeldurr|Conkeldurr, M|100\/100\n|turn|1\n|inactive|Battle timer is ON: inactive players will automatically lose when time's up. (requested by ElBau1129)\n|\n|t:|1697827858\n|switch|p1a: Swanna|Swanna, F|100\/100\n|move|p2a: Conkeldurr|Knock Off|p1a: Swanna\n|-damage|p1a: Swanna|37\/100\n|-enditem|p1a: Swanna|Focus Sash|[from] move: Knock Off|[of] p2a: Conkeldurr\n|\n|upkeep\n|turn|2\n|\n|t:|1697827874\n|switch|p2a: Jellicent|Jellicent, M|100\/100\n|move|p1a: Swanna|Hurricane|p2a: Jellicent\n|-damage|p2a: Jellicent|73\/100\n|\n|-heal|p2a: Jellicent|79\/100|[from] item: Leftovers\n|upkeep\n|turn|3\n|\n|t:|1697827900\n|switch|p1a: Ferrothorn|Ferrothorn, F|100\/100\n|move|p2a: Jellicent|Shadow Ball|p1a: Ferrothorn\n|-damage|p1a: Ferrothorn|81\/100\n|\n|-heal|p2a: Jellicent|85\/100|[from] item: Leftovers\n|upkeep\n|turn|4\n|inactive|ElBau1129 has 270 seconds left.\n|\n|t:|1697827933\n|switch|p2a: Volcarona|Volcarona, M|100\/100\n|move|p1a: Ferrothorn|Stealth Rock|p2a: Volcarona\n|-sidestart|p2: ElBau1129|move: Stealth Rock\n|\n|upkeep\n|turn|5\n|\n|t:|1697827946\n|switch|p1a: Keldeo|Keldeo-Resolute|100\/100\n|move|p2a: Volcarona|Quiver Dance|p2a: Volcarona\n|-boost|p2a: Volcarona|spa|1\n|-boost|p2a: Volcarona|spd|1\n|-boost|p2a: Volcarona|spe|1\n|\n|upkeep\n|turn|6\n|\n|t:|1697827955\n|move|p2a: Volcarona|Quiver Dance|p2a: Volcarona\n|-boost|p2a: Volcarona|spa|1\n|-boost|p2a: Volcarona|spd|1\n|-boost|p2a: Volcarona|spe|1\n|move|p1a: Keldeo|Surf|p2a: Volcarona\n|-supereffective|p2a: Volcarona\n|-damage|p2a: Volcarona|50\/100\n|\n|upkeep\n|turn|7\n|\n|t:|1697827968\n|move|p2a: Volcarona|Giga Drain|p1a: Keldeo\n|-supereffective|p1a: Keldeo\n|-damage|p1a: Keldeo|20\/100\n|-heal|p2a: Volcarona|92\/100|[from] drain|[of] p1a: Keldeo\n|move|p1a: Keldeo|Surf|p2a: Volcarona\n|-supereffective|p2a: Volcarona\n|-damage|p2a: Volcarona|45\/100\n|\n|upkeep\n|turn|8\n|\n|t:|1697827980\n|switch|p1a: Ferrothorn|Ferrothorn, F|81\/100\n|move|p2a: Volcarona|Giga Drain|p1a: Ferrothorn\n|-resisted|p1a: Ferrothorn\n|-damage|p1a: Ferrothorn|69\/100\n|-heal|p2a: Volcarona|52\/100|[from] drain|[of] p1a: Ferrothorn\n|\n|upkeep\n|turn|9\n|\n|t:|1697827987\n|switch|p1a: Keldeo|Keldeo-Resolute|20\/100\n|move|p2a: Volcarona|Fiery Dance|p1a: Keldeo\n|-resisted|p1a: Keldeo\n|-damage|p1a: Keldeo|0 fnt\n|faint|p1a: Keldeo\n|\n|upkeep\n|\n|t:|1697827997\n|switch|p1a: Swanna|Swanna, F|37\/100\n|turn|10\n|\n|t:|1697828007\n|move|p2a: Volcarona|Giga Drain|p1a: Swanna\n|-damage|p1a: Swanna|0 fnt\n|-heal|p2a: Volcarona|69\/100|[from] drain|[of] p1a: Swanna\n|faint|p1a: Swanna\n|\n|upkeep\n|\n|t:|1697828019\n|switch|p1a: Krookodile|Krookodile, M|100\/100\n|turn|11\n|\n|t:|1697828029\n|move|p2a: Volcarona|Bug Buzz|p1a: Krookodile\n|-supereffective|p1a: Krookodile\n|-damage|p1a: Krookodile|0 fnt\n|faint|p1a: Krookodile\n|\n|upkeep\n|\n|t:|1697828038\n|switch|p1a: Hydreigon|Hydreigon, F|100\/100\n|turn|12\n|\n|t:|1697828043\n|move|p2a: Volcarona|Bug Buzz|p1a: Hydreigon\n|-supereffective|p1a: Hydreigon\n|-damage|p1a: Hydreigon|0 fnt\n|faint|p1a: Hydreigon\n|\n|upkeep\n|\n|t:|1697828048\n|switch|p1a: Simipour|Simipour, M|100\/100\n|turn|13\n|\n|t:|1697828050\n|move|p2a: Volcarona|Giga Drain|p1a: Simipour\n|-supereffective|p1a: Simipour\n|-damage|p1a: Simipour|0 fnt\n|-heal|p2a: Volcarona|100\/100|[from] drain|[of] p1a: Simipour\n|faint|p1a: Simipour\n|\n|upkeep\n|\n|t:|1697828053\n|switch|p1a: Ferrothorn|Ferrothorn, F|69\/100\n|turn|14\n|c|\u2606ElBau1129|nt Goorry\n|\n|t:|1697828066\n|move|p2a: Volcarona|Fiery Dance|p1a: Ferrothorn\n|-supereffective|p1a: Ferrothorn\n|-damage|p1a: Ferrothorn|0 fnt\n|faint|p1a: Ferrothorn\n|\n|win|ElBau1129\n","uploadtime":1697828070,"views":8,"p1id":"nahu54","p2id":"elbau1129","formatid":"gen9anythinggoes","rating":0,"private":0,"password":""}