{"id":"radicalred-gen9anythinggoes-548843","p1":"zSlowKiller","p2":"Storm_WaterTime","format":"[Gen 9] Anything Goes","log":"|j|\u2606zSlowKiller\n|j|\u2606Storm_WaterTime\n|t:|1700449606\n|gametype|singles\n|player|p1|zSlowKiller|rr-miraidon|\n|player|p2|Storm_WaterTime|rr-infernape|\n|teamsize|p1|6\n|teamsize|p2|6\n|gen|9\n|tier|[Gen 9] Anything Goes\n|rule|HP Percentage Mod: HP is shown in percentages\n|rule|Endless Battle Clause: Forcing endless battles is banned\n|rule|Sleep Clause Mod: Limit one foe put to sleep\n|clearpoke\n|poke|p1|Keldeo-Resolute|\n|poke|p1|Ferrothorn, M|\n|poke|p1|Volcarona, F|\n|poke|p1|Hydreigon, M|\n|poke|p1|Braviary, M|\n|poke|p1|Galvantula, M|\n|poke|p2|Ferrothorn, M|\n|poke|p2|Cinccino, M|\n|poke|p2|Volcarona, M|\n|poke|p2|Hydreigon, M|\n|poke|p2|Keldeo-Resolute|\n|poke|p2|Jellicent, M|\n|teampreview\n|c|\u2606zSlowKiller|gl\n|\n|t:|1700449620\n|start\n|switch|p1a: La ara\u00f1a|Galvantula, M, shiny|100\/100\n|switch|p2a: ciicino wey|Cinccino, M, shiny|100\/100\n|turn|1\n|\n|t:|1700449625\n|switch|p1a: drakig|Ferrothorn, M|100\/100\n|move|p2a: ciicino wey|Rock Blast|p1a: drakig\n|-resisted|p1a: drakig\n|-damage|p1a: drakig|97\/100\n|-resisted|p1a: drakig\n|-damage|p1a: drakig|95\/100\n|-resisted|p1a: drakig\n|-damage|p1a: drakig|91\/100\n|-resisted|p1a: drakig\n|-damage|p1a: drakig|88\/100\n|-resisted|p1a: drakig\n|-damage|p1a: drakig|85\/100\n|-hitcount|p1a: drakig|5\n|\n|upkeep\n|turn|2\n|j| PatoPatito08\n|\n|t:|1700449633\n|switch|p2a: M|Volcarona, M|100\/100\n|move|p1a: drakig|Leech Seed|p2a: M\n|-start|p2a: M|move: Leech Seed\n|\n|-damage|p2a: M|88\/100|[from] Leech Seed|[of] p1a: drakig\n|-heal|p1a: drakig|96\/100|[silent]\n|upkeep\n|turn|3\n|j| Feloxwtf\n|\n|t:|1700449640\n|switch|p1a: 4325tre|Volcarona, F, shiny|100\/100\n|move|p2a: M|Fiery Dance|p1a: 4325tre\n|-damage|p1a: 4325tre|53\/100\n|\n|-damage|p2a: M|75\/100|[from] Leech Seed|[of] p1a: 4325tre\n|-heal|p1a: 4325tre|66\/100|[silent]\n|upkeep\n|turn|4\n|c| PatoPatito08|si se puede killer\n|\n|t:|1700449648\n|switch|p2a: Cry|Jellicent, M, shiny|100\/100\n|move|p1a: 4325tre|Quiver Dance|p1a: 4325tre\n|-boost|p1a: 4325tre|spa|1\n|-boost|p1a: 4325tre|spd|1\n|-boost|p1a: 4325tre|spe|1\n|\n|upkeep\n|turn|5\n|c| Feloxwtf|COACHER DETECTADO\n|\n|t:|1700449675\n|move|p1a: 4325tre|Giga Drain|p2a: Cry\n|-supereffective|p2a: Cry\n|-damage|p2a: Cry|50\/100\n|-heal|p1a: 4325tre|99\/100|[from] drain|[of] p2a: Cry\n|move|p2a: Cry|Water Spout|p1a: 4325tre\n|-supereffective|p1a: 4325tre\n|-damage|p1a: 4325tre|43\/100\n|\n|-heal|p2a: Cry|56\/100|[from] item: Leftovers\n|upkeep\n|turn|6\n|j| WolfLink1122\n|c| WolfLink1122|aguitarefrescante\n|c| Feloxwtf|aguitarefrescante\n|\n|t:|1700449745\n|move|p1a: 4325tre|Giga Drain|p2a: Cry\n|-supereffective|p2a: Cry\n|-damage|p2a: Cry|10\/100\n|-heal|p1a: 4325tre|73\/100|[from] drain|[of] p2a: Cry\n|move|p2a: Cry|Toxic|p1a: 4325tre\n|-status|p1a: 4325tre|tox\n|\n|-heal|p2a: Cry|16\/100|[from] item: Leftovers\n|-damage|p1a: 4325tre|67\/100 tox|[from] psn\n|upkeep\n|turn|7\n|j| Luario708\n|\n|t:|1700449749\n|move|p1a: 4325tre|Giga Drain|p2a: Cry\n|-supereffective|p2a: Cry\n|-damage|p2a: Cry|0 fnt\n|-heal|p1a: 4325tre|77\/100 tox|[from] drain|[of] p2a: Cry\n|faint|p2a: Cry\n|\n|-damage|p1a: 4325tre|64\/100 tox|[from] psn\n|upkeep\n|c| Luario708|wa\n|\n|t:|1700449755\n|switch|p2a: M|Volcarona, M|75\/100\n|turn|8\n|c| Feloxwtf|hola lua\n|\n|t:|1700449758\n|move|p1a: 4325tre|Quiver Dance|p1a: 4325tre\n|-boost|p1a: 4325tre|spa|1\n|-boost|p1a: 4325tre|spd|1\n|-boost|p1a: 4325tre|spe|1\n|move|p2a: M|Quiver Dance|p2a: M\n|-boost|p2a: M|spa|1\n|-boost|p2a: M|spd|1\n|-boost|p2a: M|spe|1\n|\n|-damage|p1a: 4325tre|46\/100 tox|[from] psn\n|upkeep\n|turn|9\n|c| Feloxwtf|r\u00edo\n|\n|t:|1700449760\n|move|p1a: 4325tre|Fiery Dance|p2a: M\n|-damage|p2a: M|18\/100\n|-boost|p1a: 4325tre|spa|1\n|move|p2a: M|Quiver Dance|p2a: M\n|-boost|p2a: M|spa|1\n|-boost|p2a: M|spd|1\n|-boost|p2a: M|spe|1\n|\n|-damage|p1a: 4325tre|22\/100 tox|[from] psn\n|upkeep\n|turn|10\n|\n|t:|1700449765\n|move|p1a: 4325tre|Fiery Dance|p2a: M\n|-damage|p2a: M|0 fnt\n|faint|p2a: M\n|\n|-damage|p1a: 4325tre|0 fnt|[from] psn\n|faint|p1a: 4325tre\n|upkeep\n|c|\u2606Storm_WaterTime|gg nt cp\n|c| Luario708|oa\n|\n|t:|1700449778\n|switch|p1a: La ara\u00f1a|Galvantula, M, shiny|100\/100\n|switch|p2a: ciicino wey|Cinccino, M, shiny|100\/100\n|turn|11\n|c| Feloxwtf|CP?\n|\n|t:|1700449782\n|switch|p2a: Hydreigon|Hydreigon, M|100\/100\n|switch|p1a: drakig|Ferrothorn, M|96\/100\n|\n|upkeep\n|turn|12\n|\n|t:|1700449812\n|move|p1a: drakig|Protect|p1a: drakig\n|-singleturn|p1a: drakig|Protect\n|move|p2a: Hydreigon|Draco Meteor|p1a: drakig\n|-activate|p1a: drakig|move: Protect\n|\n|upkeep\n|turn|13\n|\n|t:|1700449829\n|move|p2a: Hydreigon|Flamethrower|p1a: drakig\n|-supereffective|p1a: drakig\n|-damage|p1a: drakig|0 fnt\n|faint|p1a: drakig\n|-damage|p2a: Hydreigon|91\/100|[from] item: Life Orb\n|\n|upkeep\n|\n|t:|1700449835\n|switch|p1a: El Shintintin|Keldeo-Resolute|100\/100\n|turn|14\n|c| Feloxwtf|EL SHINTINTIN\n|\n|t:|1700449854\n|switch|p2a: ciicino wey|Cinccino, M, shiny|100\/100\n|move|p1a: El Shintintin|Secret Sword|p2a: ciicino wey\n|-supereffective|p2a: ciicino wey\n|-damage|p2a: ciicino wey|0 fnt\n|faint|p2a: ciicino wey\n|-damage|p1a: El Shintintin|91\/100|[from] item: Life Orb\n|\n|upkeep\n|c| Feloxwtf|EL VERDADERO CRAC\n|\n|t:|1700449855\n|switch|p2a: Keldeo|Keldeo-Resolute, shiny|100\/100\n|turn|15\n|c| Feloxwtf|K\n|\n|t:|1700449867\n|move|p1a: El Shintintin|Secret Sword|p2a: Keldeo\n|-damage|p2a: Keldeo|10\/100\n|-damage|p1a: El Shintintin|81\/100|[from] item: Life Orb\n|move|p2a: Keldeo|Air Slash|p1a: El Shintintin\n|-supereffective|p1a: El Shintintin\n|-damage|p1a: El Shintintin|0 fnt\n|faint|p1a: El Shintintin\n|\n|upkeep\n|c| Feloxwtf|verga\n|\n|t:|1700449901\n|switch|p1a: Pajarraco|Braviary, M, shiny|100\/100\n|turn|16\n|\n|t:|1700449908\n|move|p1a: Pajarraco|U-turn|p2a: Keldeo\n|-resisted|p2a: Keldeo\n|-damage|p2a: Keldeo|0 fnt\n|faint|p2a: Keldeo\n|\n|t:|1700449914\n|switch|p1a: La ara\u00f1a|Galvantula, M, shiny|100\/100|[from] U-turn\n|\n|upkeep\n|\n|t:|1700449915\n|switch|p2a: Ferrothorn|Ferrothorn, M|100\/100\n|turn|17\n|j| MeteorCry\n|\n|t:|1700449940\n|switch|p1a: Tilin|Hydreigon, M|100\/100\n|move|p2a: Ferrothorn|Leech Seed|p1a: Tilin\n|-start|p1a: Tilin|move: Leech Seed\n|\n|-damage|p1a: Tilin|88\/100|[from] Leech Seed|[of] p2a: Ferrothorn\n|upkeep\n|turn|18\n|\n|t:|1700449943\n|move|p2a: Ferrothorn|Protect|p2a: Ferrothorn\n|-singleturn|p2a: Ferrothorn|Protect\n|move|p1a: Tilin|Flamethrower|p2a: Ferrothorn\n|-activate|p2a: Ferrothorn|move: Protect\n|\n|-damage|p1a: Tilin|76\/100|[from] Leech Seed|[of] p2a: Ferrothorn\n|upkeep\n|turn|19\n|\n|t:|1700449952\n|switch|p1a: La ara\u00f1a|Galvantula, M, shiny|100\/100\n|move|p2a: Ferrothorn|Gyro Ball|p1a: La ara\u00f1a\n|-resisted|p1a: La ara\u00f1a\n|-damage|p1a: La ara\u00f1a|58\/100\n|\n|upkeep\n|turn|20\n|\n|t:|1700449978\n|switch|p1a: Pajarraco|Braviary, M, shiny|100\/100\n|move|p2a: Ferrothorn|Leech Seed|p1a: Pajarraco\n|-start|p1a: Pajarraco|move: Leech Seed\n|\n|-damage|p1a: Pajarraco|88\/100|[from] Leech Seed|[of] p2a: Ferrothorn\n|upkeep\n|turn|21\n|c| WolfLink1122|Acabo de romper mi televisor y tirar el control con rabia, al ver perder a zSlowKiller. zSLOWKILLER me avergonzo al frente de mi familia, mis dos hijos estan llorando. Los vecinos estan tocando la puerta tratando de calmarme, mientras voy caminando temblando a la pieza. Pierde zSlowkiller, pierde la familia.\n|c| Feloxwtf|JAJAJAJAJA\n|\n|t:|1700449995\n|move|p2a: Ferrothorn|Protect|p2a: Ferrothorn\n|-singleturn|p2a: Ferrothorn|Protect\n|move|p1a: Pajarraco|Close Combat|p2a: Ferrothorn\n|-activate|p2a: Ferrothorn|move: Protect\n|\n|-damage|p1a: Pajarraco|76\/100|[from] Leech Seed|[of] p2a: Ferrothorn\n|upkeep\n|turn|22\n|\n|t:|1700449999\n|move|p1a: Pajarraco|Close Combat|p2a: Ferrothorn\n|-supereffective|p2a: Ferrothorn\n|-damage|p2a: Ferrothorn|55\/100\n|-unboost|p1a: Pajarraco|def|1\n|-unboost|p1a: Pajarraco|spd|1\n|-damage|p1a: Pajarraco|64\/100|[from] ability: Iron Barbs|[of] p2a: Ferrothorn\n|-damage|p1a: Pajarraco|47\/100|[from] item: Rocky Helmet|[of] p2a: Ferrothorn\n|move|p2a: Ferrothorn|Gyro Ball|p1a: Pajarraco\n|-damage|p1a: Pajarraco|0 fnt\n|faint|p1a: Pajarraco\n|\n|upkeep\n|j| ThePipoShow\n|c| Luario708|Acabo de romper mi televisor y tirar el control con rabia, al ver perder a zSlowKiller. zSLOWKILLER me avergonzo al frente de mi familia, mis dos hijos estan llorando. Los vecinos estan tocando la puerta tratando de calmarme, mientras voy caminando temblando a la pieza. Pierde zSlowkiller, pierde la familia.\n|c| WolfLink1122|Acabo de romper mi televisor y tirar el control con rabia, al ver perder a zSlowKiller. zSLOWKILLER me avergonzo al frente de mi familia, mis dos hijos estan llorando. Los vecinos estan tocando la puerta tratando de calmarme, mientras voy caminando temblando a la pieza. Pierde zSlowkiller, pierde la familia.\n|c| ThePipoShow|DALE KILLER\n|c| Feloxwtf|QUE PIPO\n|\n|t:|1700450022\n|switch|p1a: Tilin|Hydreigon, M|76\/100\n|turn|23\n|\n|t:|1700450026\n|move|p2a: Ferrothorn|Protect|p2a: Ferrothorn\n|-singleturn|p2a: Ferrothorn|Protect\n|move|p1a: Tilin|Dark Hole|p2a: Ferrothorn\n|-activate|p2a: Ferrothorn|move: Protect\n|\n|upkeep\n|turn|24\n|\n|t:|1700450031\n|switch|p2a: Hydreigon|Hydreigon, M|91\/100\n|move|p1a: Tilin|Dark Hole|p2a: Hydreigon\n|-resisted|p2a: Hydreigon\n|-crit|p2a: Hydreigon\n|-damage|p2a: Hydreigon|24\/100\n|-status|p2a: Hydreigon|slp|[from] move: Dark Hole\n|\n|upkeep\n|turn|25\n|c|\u2606Storm_WaterTime|XD\n|c| Feloxwtf|PIPO\n|c|\u2606Storm_WaterTime|JASJAS\n|c| Feloxwtf|ES EL MOMENTO\n|c| WolfLink1122|XDDDD]\n|c|\u2606zSlowKiller|COMO EN LA ANTERIOR\n|c|\u2606zSlowKiller|ASJDJSADJ\n|c| WolfLink1122|OTRA VEZ XDDDD\n|c| PatoPatito08|ESE RNG \n|c| WolfLink1122|NO PUEDE SER\n|c| ThePipoShow|LLAMADA A TILIN\n|c| Feloxwtf|JAJAJAJA\n|\n|t:|1700450057\n|cant|p2a: Hydreigon|slp\n|move|p1a: Tilin|Dark Hole|p2a: Hydreigon\n|-resisted|p2a: Hydreigon\n|-damage|p2a: Hydreigon|0 fnt\n|faint|p2a: Hydreigon\n|\n|upkeep\n|c| Feloxwtf|PIPO\n|\n|t:|1700450059\n|switch|p2a: Ferrothorn|Ferrothorn, M|55\/100\n|turn|26\n|\n|t:|1700450061\n|move|p1a: Tilin|Dark Hole|p2a: Ferrothorn\n|-damage|p2a: Ferrothorn|0 fnt\n|faint|p2a: Ferrothorn\n|\n|win|zSlowKiller\n|c| Feloxwtf|EN LA PR\u00d3XIMA\n|c| WolfLink1122|MI ALUMNO GANARA :SOB:\n","uploadtime":1700450065,"views":2,"p1id":"zslowkiller","p2id":"stormwatertime","formatid":"gen9anythinggoes","rating":0,"private":0,"password":""}