{"id":"radicalred-gen9anythinggoes-535648","p1":"zeranogamer147","p2":"tomi7002","format":"[Gen 9] Anything Goes","log":"|j|\u2606zeranogamer147\n|j|\u2606tomi7002\n|t:|1698027283\n|gametype|singles\n|player|p1|zeranogamer147|102|\n|player|p2|tomi7002|101|\n|teamsize|p1|6\n|teamsize|p2|6\n|gen|9\n|tier|[Gen 9] Anything Goes\n|rule|HP Percentage Mod: HP is shown in percentages\n|rule|Endless Battle Clause: Forcing endless battles is banned\n|rule|Sleep Clause Mod: Limit one foe put to sleep\n|clearpoke\n|poke|p1|Hydreigon, M|\n|poke|p1|Galvantula, M|\n|poke|p1|Landorus-Therian, M|\n|poke|p1|Excadrill, F|\n|poke|p1|Ferrothorn, M|\n|poke|p1|Cinccino, F|\n|poke|p2|Galvantula, M|\n|poke|p2|Hydreigon, F|\n|poke|p2|Krookodile, M|\n|poke|p2|Conkeldurr, F|\n|poke|p2|Landorus-Therian, M|\n|poke|p2|Zoroark, F|\n|teampreview\n|\n|t:|1698027350\n|start\n|switch|p1a: Hydreigon|Hydreigon, M|100\/100\n|switch|p2a: Landorus|Landorus-Therian, M|100\/100\n|-ability|p2a: Landorus|Intimidate|boost\n|-unboost|p1a: Hydreigon|atk|1\n|turn|1\n|\n|t:|1698027363\n|move|p1a: Hydreigon|Dark Hole|p2a: Landorus\n|-damage|p2a: Landorus|14\/100\n|move|p2a: Landorus|Knock Off|p1a: Hydreigon\n|-resisted|p1a: Hydreigon\n|-damage|p1a: Hydreigon|78\/100\n|-enditem|p1a: Hydreigon|Choice Specs|[from] move: Knock Off|[of] p2a: Landorus\n|\n|upkeep\n|turn|2\n|\n|t:|1698027372\n|move|p1a: Hydreigon|Dark Hole|p2a: Landorus\n|-damage|p2a: Landorus|0 fnt\n|faint|p2a: Landorus\n|\n|upkeep\n|\n|t:|1698027381\n|switch|p2a: Krookodile|Krookodile, M|100\/100\n|turn|3\n|\n|t:|1698027392\n|switch|p1a: Ferrothorn|Ferrothorn, M|100\/100\n|move|p2a: Krookodile|Close Combat|p1a: Ferrothorn\n|-supereffective|p1a: Ferrothorn\n|-damage|p1a: Ferrothorn|56\/100\n|-unboost|p2a: Krookodile|def|1\n|-unboost|p2a: Krookodile|spd|1\n|-damage|p2a: Krookodile|88\/100|[from] ability: Iron Barbs|[of] p1a: Ferrothorn\n|\n|-heal|p1a: Ferrothorn|62\/100|[from] item: Leftovers\n|upkeep\n|turn|4\n|\n|t:|1698027410\n|switch|p2a: Conkeldurr|Conkeldurr, F|100\/100\n|move|p1a: Ferrothorn|Leech Seed|p2a: Conkeldurr\n|-start|p2a: Conkeldurr|move: Leech Seed\n|\n|-heal|p1a: Ferrothorn|68\/100|[from] item: Leftovers\n|-damage|p2a: Conkeldurr|88\/100|[from] Leech Seed|[of] p1a: Ferrothorn\n|-heal|p1a: Ferrothorn|77\/100|[silent]\n|upkeep\n|turn|5\n|\n|t:|1698027439\n|move|p2a: Conkeldurr|Nasty Plot|p2a: Conkeldurr\n|-boost|p2a: Conkeldurr|spa|2\n|move|p1a: Ferrothorn|Toxic|p2a: Conkeldurr\n|-status|p2a: Conkeldurr|tox\n|\n|-heal|p1a: Ferrothorn|83\/100|[from] item: Leftovers\n|-damage|p2a: Conkeldurr|76\/100 tox|[from] Leech Seed|[of] p1a: Ferrothorn\n|-heal|p1a: Ferrothorn|93\/100|[silent]\n|-damage|p2a: Conkeldurr|70\/100 tox|[from] psn\n|upkeep\n|turn|6\n|\n|t:|1698027449\n|move|p1a: Ferrothorn|Protect|p1a: Ferrothorn\n|-singleturn|p1a: Ferrothorn|Protect\n|move|p2a: Conkeldurr|Nasty Plot|p2a: Conkeldurr\n|-boost|p2a: Conkeldurr|spa|2\n|\n|-heal|p1a: Ferrothorn|99\/100|[from] item: Leftovers\n|-damage|p2a: Conkeldurr|58\/100 tox|[from] Leech Seed|[of] p1a: Ferrothorn\n|-heal|p1a: Ferrothorn|100\/100|[silent]\n|-damage|p2a: Conkeldurr|46\/100 tox|[from] psn\n|upkeep\n|turn|7\n|\n|t:|1698027489\n|switch|p1a: Hydreigon|Hydreigon, M|78\/100\n|move|p2a: Conkeldurr|Flamethrower|p1a: Hydreigon\n|-resisted|p1a: Hydreigon\n|-damage|p1a: Hydreigon|15\/100\n|\n|-damage|p2a: Conkeldurr|33\/100 tox|[from] Leech Seed|[of] p1a: Hydreigon\n|-heal|p1a: Hydreigon|25\/100|[silent]\n|-damage|p2a: Conkeldurr|15\/100 tox|[from] psn\n|upkeep\n|turn|8\n|\n|t:|1698027500\n|move|p2a: Conkeldurr|Dark Hole|p1a: Hydreigon\n|-resisted|p1a: Hydreigon\n|-crit|p1a: Hydreigon\n|-damage|p1a: Hydreigon|0 fnt\n|faint|p1a: Hydreigon\n|\n|-damage|p2a: Conkeldurr|0 fnt|[from] psn\n|faint|p2a: Conkeldurr\n|upkeep\n|\n|t:|1698027552\n|switch|p2a: Conkeldurr|Conkeldurr, F|100\/100\n|switch|p1a: Cinccino|Cinccino, F|100\/100\n|turn|9\n|\n|t:|1698027568\n|switch|p1a: Landorus|Landorus-Therian, M|100\/100\n|-ability|p1a: Landorus|Intimidate|boost\n|-unboost|p2a: Conkeldurr|atk|1\n|move|p2a: Conkeldurr|Knock Off|p1a: Landorus\n|-damage|p1a: Landorus|69\/100\n|-enditem|p1a: Landorus|Assault Vest|[from] move: Knock Off|[of] p2a: Conkeldurr\n|\n|-status|p2a: Conkeldurr|brn|[from] item: Flame Orb\n|upkeep\n|turn|10\n|\n|t:|1698027582\n|switch|p2a: Galvantula|Galvantula, M|100\/100\n|move|p1a: Landorus|Earthquake|p2a: Galvantula\n|-damage|p2a: Galvantula|3\/100\n|\n|upkeep\n|turn|11\n|\n|t:|1698027611\n|move|p2a: Galvantula|Sticky Web|p1a: Landorus\n|-sidestart|p1: zeranogamer147|move: Sticky Web\n|move|p1a: Landorus|Earthquake|p2a: Galvantula\n|-damage|p2a: Galvantula|0 fnt\n|faint|p2a: Galvantula\n|\n|upkeep\n|\n|t:|1698027627\n|switch|p2a: Hydreigon|Hydreigon, F|100\/100\n|turn|12\n|\n|t:|1698027646\n|move|p2a: Hydreigon|Dark Hole|p1a: Landorus\n|-damage|p1a: Landorus|0 fnt\n|faint|p1a: Landorus\n|\n|upkeep\n|\n|t:|1698027667\n|switch|p1a: Galvantula|Galvantula, M|100\/100\n|-activate|p1a: Galvantula|move: Sticky Web\n|-unboost|p1a: Galvantula|spe|1\n|turn|13\n|\n|t:|1698027677\n|switch|p2a: Conkeldurr|Conkeldurr, F|100\/100 brn\n|move|p1a: Galvantula|Bug Buzz|p2a: Conkeldurr\n|-resisted|p2a: Conkeldurr\n|-damage|p2a: Conkeldurr|80\/100 brn\n|\n|-damage|p2a: Conkeldurr|74\/100 brn|[from] brn\n|upkeep\n|turn|14\n|\n|t:|1698027697\n|move|p1a: Galvantula|Sticky Web|p2a: Conkeldurr\n|-sidestart|p2: tomi7002|move: Sticky Web\n|move|p2a: Conkeldurr|Knock Off|p1a: Galvantula\n|-enditem|p1a: Galvantula|Focus Sash\n|-damage|p1a: Galvantula|1\/100\n|\n|-damage|p2a: Conkeldurr|68\/100 brn|[from] brn\n|upkeep\n|turn|15\n|\n|t:|1698027705\n|move|p2a: Conkeldurr|Mach Punch|p1a: Galvantula\n|-resisted|p1a: Galvantula\n|-damage|p1a: Galvantula|0 fnt\n|faint|p1a: Galvantula\n|\n|-damage|p2a: Conkeldurr|62\/100 brn|[from] brn\n|upkeep\n|\n|t:|1698027711\n|switch|p1a: Ferrothorn|Ferrothorn, M|100\/100\n|-activate|p1a: Ferrothorn|move: Sticky Web\n|-unboost|p1a: Ferrothorn|spe|1\n|turn|16\n|\n|t:|1698027721\n|move|p2a: Conkeldurr|Knock Off|p1a: Ferrothorn\n|-damage|p1a: Ferrothorn|66\/100\n|-damage|p2a: Conkeldurr|50\/100 brn|[from] ability: Iron Barbs|[of] p1a: Ferrothorn\n|-enditem|p1a: Ferrothorn|Leftovers|[from] move: Knock Off|[of] p2a: Conkeldurr\n|move|p1a: Ferrothorn|Leech Seed|p2a: Conkeldurr\n|-start|p2a: Conkeldurr|move: Leech Seed\n|\n|-damage|p2a: Conkeldurr|37\/100 brn|[from] Leech Seed|[of] p1a: Ferrothorn\n|-heal|p1a: Ferrothorn|80\/100|[silent]\n|-damage|p2a: Conkeldurr|31\/100 brn|[from] brn\n|upkeep\n|turn|17\n|\n|t:|1698027736\n|switch|p2a: Hydreigon|Hydreigon, F|100\/100\n|move|p1a: Ferrothorn|Leech Seed|p2a: Hydreigon\n|-start|p2a: Hydreigon|move: Leech Seed\n|\n|-damage|p2a: Hydreigon|88\/100|[from] Leech Seed|[of] p1a: Ferrothorn\n|-heal|p1a: Ferrothorn|91\/100|[silent]\n|upkeep\n|turn|18\n|\n|t:|1698027749\n|move|p2a: Hydreigon|Dark Hole|p1a: Ferrothorn\n|-damage|p1a: Ferrothorn|31\/100\n|move|p1a: Ferrothorn|Power Whip|p2a: Hydreigon\n|-resisted|p2a: Hydreigon\n|-damage|p2a: Hydreigon|68\/100\n|\n|-damage|p2a: Hydreigon|55\/100|[from] Leech Seed|[of] p1a: Ferrothorn\n|-heal|p1a: Ferrothorn|42\/100|[silent]\n|upkeep\n|turn|19\n|\n|t:|1698027755\n|move|p1a: Ferrothorn|Protect|p1a: Ferrothorn\n|-singleturn|p1a: Ferrothorn|Protect\n|move|p2a: Hydreigon|Dark Hole|p1a: Ferrothorn\n|-activate|p1a: Ferrothorn|move: Protect\n|\n|-damage|p2a: Hydreigon|43\/100|[from] Leech Seed|[of] p1a: Ferrothorn\n|-heal|p1a: Ferrothorn|53\/100|[silent]\n|upkeep\n|turn|20\n|\n|t:|1698027783\n|switch|p1a: Excadrill|Excadrill, F|100\/100\n|-activate|p1a: Excadrill|move: Sticky Web\n|-unboost|p1a: Excadrill|spe|1\n|-ability|p1a: Excadrill|Mold Breaker\n|move|p2a: Hydreigon|Dark Hole|p1a: Excadrill\n|-damage|p1a: Excadrill|0 fnt\n|faint|p1a: Excadrill\n|\n|upkeep\n|\n|t:|1698027797\n|switch|p1a: Cinccino|Cinccino, F|100\/100\n|-activate|p1a: Cinccino|move: Sticky Web\n|-unboost|p1a: Cinccino|spe|1\n|turn|21\n|\n|t:|1698027800\n|move|p2a: Hydreigon|Dark Hole|p1a: Cinccino\n|-damage|p1a: Cinccino|0 fnt\n|faint|p1a: Cinccino\n|\n|upkeep\n|\n|t:|1698027809\n|switch|p1a: Ferrothorn|Ferrothorn, M|53\/100\n|-activate|p1a: Ferrothorn|move: Sticky Web\n|-unboost|p1a: Ferrothorn|spe|1\n|turn|22\n|\n|t:|1698027813\n|move|p1a: Ferrothorn|Protect|p1a: Ferrothorn\n|-singleturn|p1a: Ferrothorn|Protect\n|move|p2a: Hydreigon|Dark Hole|p1a: Ferrothorn\n|-activate|p1a: Ferrothorn|move: Protect\n|\n|-damage|p2a: Hydreigon|31\/100|[from] Leech Seed|[of] p1a: Ferrothorn\n|-heal|p1a: Ferrothorn|65\/100|[silent]\n|upkeep\n|turn|23\n|\n|t:|1698027827\n|move|p1a: Ferrothorn|Protect||[still]\n|-fail|p1a: Ferrothorn\n|move|p2a: Hydreigon|Dark Hole|p1a: Ferrothorn\n|-damage|p1a: Ferrothorn|2\/100\n|\n|-damage|p2a: Hydreigon|18\/100|[from] Leech Seed|[of] p1a: Ferrothorn\n|-heal|p1a: Ferrothorn|14\/100|[silent]\n|upkeep\n|turn|24\n|\n|t:|1698027836\n|switch|p2a: Krookodile|Krookodile, M|88\/100\n|-activate|p2a: Krookodile|move: Sticky Web\n|-unboost|p2a: Krookodile|spe|1\n|move|p1a: Ferrothorn|Protect||[still]\n|-fail|p1a: Ferrothorn\n|\n|upkeep\n|turn|25\n|\n|t:|1698027846\n|move|p2a: Krookodile|Close Combat|p1a: Ferrothorn\n|-supereffective|p1a: Ferrothorn\n|-damage|p1a: Ferrothorn|0 fnt\n|-unboost|p2a: Krookodile|def|1\n|-unboost|p2a: Krookodile|spd|1\n|-damage|p2a: Krookodile|76\/100|[from] ability: Iron Barbs|[of] p1a: Ferrothorn\n|faint|p1a: Ferrothorn\n|\n|win|tomi7002\n|l|\u2606zeranogamer147\n|l|\u2606tomi7002\n","uploadtime":1698027893,"views":9,"p1id":"zeranogamer147","p2id":"tomi7002","formatid":"gen9anythinggoes","rating":0,"private":0,"password":""}