{"id":"radicalred-gen9anythinggoes-534283","p1":"juancaletas","p2":"tomi7002","format":"[Gen 9] Anything Goes","log":"|j|\u2606juancaletas\n|j|\u2606tomi7002\n|t:|1697763282\n|gametype|singles\n|player|p1|juancaletas|2|\n|player|p2|tomi7002|170|\n|teamsize|p1|6\n|teamsize|p2|6\n|gen|9\n|tier|[Gen 9] Anything Goes\n|rule|HP Percentage Mod: HP is shown in percentages\n|rule|Endless Battle Clause: Forcing endless battles is banned\n|clearpoke\n|poke|p1|Serperior, M|\n|poke|p1|Swoobat, M|\n|poke|p1|Chandelure, M|\n|poke|p1|Conkeldurr, M|\n|poke|p1|Excadrill, F|\n|poke|p1|Seismitoad, M|\n|poke|p2|Krookodile, M|\n|poke|p2|Landorus-Therian, M|\n|poke|p2|Jellicent, F|\n|poke|p2|Galvantula, M|\n|poke|p2|Hydreigon, M|\n|poke|p2|Darmanitan, M|\n|teampreview\n|inactive|Battle timer is ON: inactive players will automatically lose when time's up. (requested by juancaletas)\n|inactive|tomi7002 has 270 seconds left.\n|\n|t:|1697763362\n|start\n|switch|p1a: Serperior|Serperior, M|100\/100\n|switch|p2a: Galvantula|Galvantula, M|100\/100\n|turn|1\n|inactive|tomi7002 has 270 seconds left.\n|\n|t:|1697763406\n|switch|p1a: Swoobat|Swoobat, M|100\/100\n|move|p2a: Galvantula|Bug Buzz|p1a: Swoobat\n|-damage|p1a: Swoobat|23\/100\n|\n|-heal|p1a: Swoobat|29\/100|[from] item: Leftovers\n|upkeep\n|turn|2\n|inactive|juancaletas has 270 seconds left.\n|inactive|tomi7002 has 240 seconds left.\n|\n|t:|1697763450\n|move|p1a: Swoobat|Air Slash|p2a: Galvantula\n|-damage|p2a: Galvantula|52\/100\n|move|p2a: Galvantula|Bug Buzz|p1a: Swoobat\n|-damage|p1a: Swoobat|0 fnt\n|faint|p1a: Swoobat\n|\n|upkeep\n|inactive|juancaletas has 270 seconds left.\n|\n|t:|1697763457\n|switch|p1a: Chandelure|Chandelure, M|100\/100\n|turn|3\n|inactive|tomi7002 has 240 seconds left.\n|inactive|tomi7002 has 210 seconds left.\n|\n|t:|1697763508\n|move|p2a: Galvantula|Sticky Web|p1a: Chandelure\n|-sidestart|p1: juancaletas|move: Sticky Web\n|move|p1a: Chandelure|Night Shade|p2a: Galvantula\n|-damage|p2a: Galvantula|17\/100\n|\n|upkeep\n|turn|4\n|\n|t:|1697763517\n|move|p2a: Galvantula|Thunder|p1a: Chandelure|[miss]\n|-miss|p2a: Galvantula|p1a: Chandelure\n|move|p1a: Chandelure|Night Shade|p2a: Galvantula\n|-damage|p2a: Galvantula|0 fnt\n|faint|p2a: Galvantula\n|\n|upkeep\n|\n|t:|1697763525\n|switch|p2a: Krookodile|Krookodile, M|100\/100\n|turn|5\n|\n|t:|1697763541\n|switch|p1a: Seismitoad|Seismitoad, M|100\/100\n|-activate|p1a: Seismitoad|move: Sticky Web\n|-unboost|p1a: Seismitoad|spe|1\n|move|p2a: Krookodile|Wicked Blow|p1a: Seismitoad\n|-crit|p1a: Seismitoad\n|-damage|p1a: Seismitoad|45\/100\n|\n|upkeep\n|turn|6\n|\n|t:|1697763551\n|move|p2a: Krookodile|Wicked Blow|p1a: Seismitoad\n|-crit|p1a: Seismitoad\n|-damage|p1a: Seismitoad|0 fnt\n|faint|p1a: Seismitoad\n|-ability|p2a: Krookodile|Moxie|boost\n|-boost|p2a: Krookodile|atk|1\n|\n|upkeep\n|\n|t:|1697763558\n|switch|p1a: Serperior|Serperior, M|100\/100\n|-activate|p1a: Serperior|move: Sticky Web\n|-unboost|p1a: Serperior|spe|1\n|turn|7\n|\n|t:|1697763562\n|move|p2a: Krookodile|Wicked Blow|p1a: Serperior\n|-crit|p1a: Serperior\n|-damage|p1a: Serperior|0 fnt\n|faint|p1a: Serperior\n|-ability|p2a: Krookodile|Moxie|boost\n|-boost|p2a: Krookodile|atk|1\n|\n|upkeep\n|\n|t:|1697763578\n|switch|p1a: Conkeldurr|Conkeldurr, M|100\/100\n|-activate|p1a: Conkeldurr|move: Sticky Web\n|-unboost|p1a: Conkeldurr|spe|1\n|turn|8\n|\n|t:|1697763584\n|move|p2a: Krookodile|Wicked Blow|p1a: Conkeldurr\n|-resisted|p1a: Conkeldurr\n|-crit|p1a: Conkeldurr\n|-damage|p1a: Conkeldurr|58\/100\n|-damage|p2a: Krookodile|84\/100|[from] item: Rocky Helmet|[of] p1a: Conkeldurr\n|move|p1a: Conkeldurr|Close Combat|p2a: Krookodile\n|-supereffective|p2a: Krookodile\n|-damage|p2a: Krookodile|0 fnt\n|-unboost|p1a: Conkeldurr|def|1\n|-unboost|p1a: Conkeldurr|spd|1\n|faint|p2a: Krookodile\n|\n|upkeep\n|inactive|tomi7002 has 240 seconds left.\n|\n|t:|1697763608\n|switch|p2a: Jellicent|Jellicent, F|100\/100\n|turn|9\n|\n|t:|1697763613\n|move|p2a: Jellicent|Water Spout|p1a: Conkeldurr\n|-damage|p1a: Conkeldurr|0 fnt\n|faint|p1a: Conkeldurr\n|\n|upkeep\n|\n|t:|1697763617\n|switch|p1a: Chandelure|Chandelure, M|100\/100\n|-activate|p1a: Chandelure|move: Sticky Web\n|-unboost|p1a: Chandelure|spe|1\n|turn|10\n|\n|t:|1697763621\n|move|p1a: Chandelure|Night Shade|p2a: Jellicent\n|-damage|p2a: Jellicent|76\/100\n|move|p2a: Jellicent|Water Spout|p1a: Chandelure\n|-supereffective|p1a: Chandelure\n|-damage|p1a: Chandelure|0 fnt\n|faint|p1a: Chandelure\n|\n|upkeep\n|\n|t:|1697763628\n|switch|p1a: Excadrill|Excadrill, F|100\/100\n|-ability|p1a: Excadrill|Mold Breaker\n|turn|11\n|\n|t:|1697763632\n|move|p1a: Excadrill|Iron Head|p2a: Jellicent\n|-resisted|p2a: Jellicent\n|-damage|p2a: Jellicent|53\/100\n|move|p2a: Jellicent|Water Spout|p1a: Excadrill\n|-supereffective|p1a: Excadrill\n|-damage|p1a: Excadrill|0 fnt\n|faint|p1a: Excadrill\n|\n|win|tomi7002\n","uploadtime":1697763637,"views":7,"p1id":"juancaletas","p2id":"tomi7002","formatid":"gen9anythinggoes","rating":0,"private":0,"password":""}