{"id":"radicalred-gen9anythinggoes-535635","p1":"shurick","p2":"zSlowKiller","format":"[Gen 9] Anything Goes","log":"|j|\u2606shurick\n|j|\u2606zSlowKiller\n|t:|1698021052\n|gametype|singles\n|player|p1|shurick|rr-zoruahisui|\n|player|p2|zSlowKiller|rr-miraidon|\n|teamsize|p1|6\n|teamsize|p2|6\n|gen|9\n|tier|[Gen 9] Anything Goes\n|rule|HP Percentage Mod: HP is shown in percentages\n|rule|Endless Battle Clause: Forcing endless battles is banned\n|rule|Sleep Clause Mod: Limit one foe put to sleep\n|clearpoke\n|poke|p1|Sigilyph, M|\n|poke|p1|Klinklang|\n|poke|p1|Krookodile, M|\n|poke|p1|Alomomola, F|\n|poke|p1|Archeops, M|\n|poke|p1|Scrafty, M|\n|poke|p2|Hydreigon, F|\n|poke|p2|Volcarona, F|\n|poke|p2|Galvantula, F|\n|poke|p2|Golurk|\n|poke|p2|Keldeo-Resolute|\n|poke|p2|Braviary, M|\n|teampreview\n|c|\u2606zSlowKiller|hola\n|c|\u2606zSlowKiller|tanto tiempo\n|c|\u2606shurick|xd\n|j| PatoPatito08\n|j| WybeRx\n|\n|t:|1698021137\n|start\n|switch|p1a: MadeInHeaven|Klinklang|100\/100\n|switch|p2a: Pajarraco|Braviary, M, shiny|100\/100\n|turn|1\n|c|\u2606shurick|hola?\n|\n|t:|1698021230\n|switch|p1a: StarPlatinium|Sigilyph, M|100\/100\n|move|p2a: Pajarraco|U-turn|p1a: StarPlatinium\n|-damage|p1a: StarPlatinium|82\/100\n|\n|t:|1698021239\n|switch|p2a: Tilin|Hydreigon, F|100\/100|[from] U-turn\n|\n|-heal|p1a: StarPlatinium|88\/100|[from] item: Leftovers\n|upkeep\n|turn|2\n|\n|t:|1698021253\n|move|p2a: Tilin|Dark Hole|p1a: StarPlatinium\n|-supereffective|p1a: StarPlatinium\n|-damage|p1a: StarPlatinium|0 fnt\n|faint|p1a: StarPlatinium\n|\n|upkeep\n|\n|t:|1698021270\n|switch|p1a: KillerQueen|Archeops, M|100\/100\n|turn|3\n|\n|t:|1698021303\n|move|p1a: KillerQueen|Acrobatics|p2a: Tilin\n|-enditem|p1a: KillerQueen|Flying Gem|[from] gem\n|-damage|p2a: Tilin|0 fnt\n|faint|p2a: Tilin\n|\n|upkeep\n|\n|t:|1698021317\n|switch|p2a: La ara\u00f1a|Galvantula, F, shiny|100\/100\n|turn|4\n|\n|t:|1698021326\n|move|p1a: KillerQueen|Rock Slide|p2a: La ara\u00f1a\n|-supereffective|p2a: La ara\u00f1a\n|-enditem|p2a: La ara\u00f1a|Focus Sash\n|-damage|p2a: La ara\u00f1a|1\/100\n|move|p2a: La ara\u00f1a|Thunder|p1a: KillerQueen\n|-supereffective|p1a: KillerQueen\n|-damage|p1a: KillerQueen|0 fnt\n|faint|p1a: KillerQueen\n|\n|upkeep\n|\n|t:|1698021333\n|switch|p1a: SilverSnake|Scrafty, M|100\/100\n|-ability|p1a: SilverSnake|Intimidate|boost\n|-unboost|p2a: La ara\u00f1a|atk|1\n|turn|5\n|\n|t:|1698021337\n|move|p1a: SilverSnake|Fake Out|p2a: La ara\u00f1a\n|-damage|p2a: La ara\u00f1a|0 fnt\n|faint|p2a: La ara\u00f1a\n|\n|upkeep\n|\n|t:|1698021346\n|switch|p2a: El Shintintin|Keldeo-Resolute|100\/100\n|turn|6\n|\n|t:|1698021350\n|move|p2a: El Shintintin|Secret Sword|p1a: SilverSnake\n|-supereffective|p1a: SilverSnake\n|-damage|p1a: SilverSnake|0 fnt\n|faint|p1a: SilverSnake\n|-damage|p2a: El Shintintin|91\/100|[from] item: Life Orb\n|\n|upkeep\n|\n|t:|1698021355\n|switch|p1a: SHA|Alomomola, F|100\/100\n|turn|7\n|\n|t:|1698021364\n|switch|p2a: Golem de hierro|Golurk, shiny|100\/100\n|move|p1a: SHA|Toxic|p2a: Golem de hierro\n|-status|p2a: Golem de hierro|tox\n|\n|-damage|p2a: Golem de hierro|94\/100 tox|[from] psn\n|upkeep\n|turn|8\n|j| Detowo\n|\n|t:|1698021412\n|move|p1a: SHA|Toxic|p2a: Golem de hierro\n|-fail|p2a: Golem de hierro|tox\n|move|p2a: Golem de hierro|Headlong Rush|p1a: SHA\n|-damage|p1a: SHA|34\/100\n|-unboost|p2a: Golem de hierro|def|1\n|-unboost|p2a: Golem de hierro|spd|1\n|-damage|p2a: Golem de hierro|78\/100 tox|[from] item: Rocky Helmet|[of] p1a: SHA\n|\n|-damage|p2a: Golem de hierro|65\/100 tox|[from] psn\n|upkeep\n|turn|9\n|\n|t:|1698021418\n|move|p1a: SHA|Protect|p1a: SHA\n|-singleturn|p1a: SHA|Protect\n|move|p2a: Golem de hierro|Headlong Rush|p1a: SHA\n|-activate|p1a: SHA|move: Protect\n|\n|-damage|p2a: Golem de hierro|47\/100 tox|[from] psn\n|upkeep\n|turn|10\n|\n|t:|1698021424\n|move|p1a: SHA|Protect|p1a: SHA\n|-singleturn|p1a: SHA|Protect\n|move|p2a: Golem de hierro|Headlong Rush|p1a: SHA\n|-activate|p1a: SHA|move: Protect\n|\n|-damage|p2a: Golem de hierro|22\/100 tox|[from] psn\n|upkeep\n|turn|11\n|c|\u2606zSlowKiller|gg pipicucu\n|\n|t:|1698021437\n|move|p1a: SHA|Protect||[still]\n|-fail|p1a: SHA\n|move|p2a: Golem de hierro|Headlong Rush|p1a: SHA\n|-damage|p1a: SHA|0 fnt\n|-unboost|p2a: Golem de hierro|def|1\n|-unboost|p2a: Golem de hierro|spd|1\n|-damage|p2a: Golem de hierro|5\/100 tox|[from] item: Rocky Helmet|[of] p1a: SHA\n|faint|p1a: SHA\n|\n|-damage|p2a: Golem de hierro|0 fnt|[from] psn\n|faint|p2a: Golem de hierro\n|upkeep\n|\n|t:|1698021452\n|switch|p1a: MadeInHeaven|Klinklang|100\/100\n|switch|p2a: El Shintintin|Keldeo-Resolute|91\/100\n|turn|12\n|\n|t:|1698021459\n|move|p2a: El Shintintin|Secret Sword|p1a: MadeInHeaven\n|-supereffective|p1a: MadeInHeaven\n|-damage|p1a: MadeInHeaven|0 fnt\n|faint|p1a: MadeInHeaven\n|-damage|p2a: El Shintintin|81\/100|[from] item: Life Orb\n|\n|upkeep\n|\n|t:|1698021462\n|switch|p1a: D4C|Krookodile, M|100\/100\n|turn|13\n|\n|t:|1698021473\n|move|p1a: D4C|Wicked Blow|p2a: El Shintintin\n|-resisted|p2a: El Shintintin\n|-crit|p2a: El Shintintin\n|-damage|p2a: El Shintintin|49\/100\n|move|p2a: El Shintintin|Secret Sword|p1a: D4C\n|-supereffective|p1a: D4C\n|-damage|p1a: D4C|0 fnt\n|faint|p1a: D4C\n|-damage|p2a: El Shintintin|39\/100|[from] item: Life Orb\n|\n|win|zSlowKiller\n|c|\u2606shurick|gg\n|c|\u2606zSlowKiller|gg\n","uploadtime":1698021481,"views":4,"p1id":"shurick","p2id":"zslowkiller","formatid":"gen9anythinggoes","rating":0,"private":0,"password":""}