{"id":"radicalred-gen9anythinggoes-544428","p1":"TheNormalGym123","p2":"ToxicTD","format":"[Gen 9] Anything Goes","log":"|j|\u2606TheNormalGym123\n|j|\u2606ToxicTD\n|t:|1699577487\n|gametype|singles\n|player|p1|TheNormalGym123|rr-beedrillmega|\n|player|p2|ToxicTD|2|\n|teamsize|p1|6\n|teamsize|p2|6\n|gen|9\n|tier|[Gen 9] Anything Goes\n|rule|HP Percentage Mod: HP is shown in percentages\n|rule|Endless Battle Clause: Forcing endless battles is banned\n|clearpoke\n|poke|p1|Kommo-o, F|\n|poke|p1|Jellicent, F|\n|poke|p1|Toedscruel, M|\n|poke|p1|Landorus-Therian, M|\n|poke|p1|Volcanion|\n|poke|p1|Latios, M|\n|poke|p2|Skarmory, F|\n|poke|p2|Tauros-Paldea-Blaze, M|\n|poke|p2|Noctowl, M|\n|poke|p2|Gothitelle, M|\n|poke|p2|Goodra-Hisui, F|\n|poke|p2|Urshifu-*, F|\n|teampreview\n|\n|t:|1699577495\n|start\n|switch|p1a: Toedscruel|Toedscruel, M|100\/100\n|switch|p2a: Skarmory|Skarmory, F|100\/100\n|-ability|p1a: Toedscruel|Mold Breaker\n|-item|p1a: Toedscruel|Leftovers|[from] ability: Frisk|[of] p2a: Skarmory|[identify]\n|turn|1\n|\n|t:|1699577505\n|move|p1a: Toedscruel|Spore|p2a: Skarmory\n|-status|p2a: Skarmory|slp|[from] move: Spore\n|cant|p2a: Skarmory|slp\n|\n|upkeep\n|turn|2\n|\n|t:|1699577517\n|switch|p2a: Noctowl|Noctowl, M|100\/100\n|move|p1a: Toedscruel|Toxic Spikes|p2a: Noctowl\n|-sidestart|p2: ToxicTD|move: Toxic Spikes\n|\n|upkeep\n|turn|3\n|\n|t:|1699577528\n|switch|p1a: Latios|Latios, M|100\/100\n|move|p2a: Noctowl|Nasty Plot|p2a: Noctowl\n|-boost|p2a: Noctowl|spa|2\n|\n|upkeep\n|turn|4\n|\n|t:|1699577535\n|move|p1a: Latios|Thunderbolt|p2a: Noctowl\n|-supereffective|p2a: Noctowl\n|-damage|p2a: Noctowl|46\/100\n|move|p2a: Noctowl|Air Slash|p1a: Latios\n|-damage|p1a: Latios|32\/100\n|\n|-heal|p2a: Noctowl|52\/100|[from] item: Leftovers\n|upkeep\n|turn|5\n|\n|t:|1699577544\n|move|p1a: Latios|Thunderbolt|p2a: Noctowl\n|-supereffective|p2a: Noctowl\n|-damage|p2a: Noctowl|0 fnt\n|faint|p2a: Noctowl\n|\n|upkeep\n|\n|t:|1699577550\n|switch|p2a: Urshifu|Urshifu, F|100\/100\n|-status|p2a: Urshifu|psn\n|turn|6\n|\n|t:|1699577559\n|switch|p1a: Landorus|Landorus-Therian, M|100\/100\n|-ability|p1a: Landorus|Intimidate|boost\n|-unboost|p2a: Urshifu|atk|1\n|move|p2a: Urshifu|Wicked Blow|p1a: Landorus\n|-crit|p1a: Landorus\n|-damage|p1a: Landorus|0 fnt\n|faint|p1a: Landorus\n|\n|-damage|p2a: Urshifu|88\/100 psn|[from] psn\n|upkeep\n|\n|t:|1699577571\n|switch|p1a: Jellicent|Jellicent, F|100\/100\n|turn|7\n|\n|t:|1699577575\n|move|p1a: Jellicent|Water Spout|p2a: Urshifu\n|-damage|p2a: Urshifu|0 fnt\n|faint|p2a: Urshifu\n|\n|upkeep\n|\n|t:|1699577585\n|switch|p2a: Gothitelle|Gothitelle, M|100\/100\n|turn|8\n|\n|t:|1699577592\n|move|p1a: Jellicent|Water Spout|p2a: Gothitelle\n|-damage|p2a: Gothitelle|0 fnt\n|faint|p2a: Gothitelle\n|\n|upkeep\n|\n|t:|1699577597\n|switch|p2a: Goodra|Goodra-Hisui, F|100\/100\n|turn|9\n|\n|t:|1699577605\n|switch|p1a: Toedscruel|Toedscruel, M|100\/100\n|-ability|p1a: Toedscruel|Mold Breaker\n|move|p2a: Goodra|Dragon Hammer|p1a: Toedscruel\n|-damage|p1a: Toedscruel|35\/100\n|\n|-heal|p1a: Toedscruel|41\/100|[from] item: Leftovers\n|upkeep\n|turn|10\n|\n|t:|1699577615\n|switch|p2a: Skarmory|Skarmory, F|100\/100 slp\n|-item|p1a: Toedscruel|Leftovers|[from] ability: Frisk|[of] p2a: Skarmory|[identify]\n|move|p1a: Toedscruel|Spore|p2a: Skarmory\n|-fail|p2a: Skarmory|slp\n|\n|-heal|p1a: Toedscruel|47\/100|[from] item: Leftovers\n|upkeep\n|turn|11\n|\n|t:|1699577627\n|switch|p1a: Volcanion|Volcanion|100\/100\n|-curestatus|p2a: Skarmory|slp|[msg]\n|move|p2a: Skarmory|Stealth Rock|p1a: Volcanion\n|-sidestart|p1: TheNormalGym123|move: Stealth Rock\n|\n|upkeep\n|turn|12\n|\n|t:|1699577634\n|move|p1a: Volcanion|Flame Charge|p2a: Skarmory\n|-supereffective|p2a: Skarmory\n|-damage|p2a: Skarmory|77\/100\n|-boost|p1a: Volcanion|spe|1\n|move|p2a: Skarmory|Body Press|p1a: Volcanion\n|-damage|p1a: Volcanion|71\/100\n|\n|-heal|p2a: Skarmory|83\/100|[from] item: Leftovers\n|upkeep\n|turn|13\n|\n|t:|1699577645\n|move|p2a: Skarmory|Protect|p2a: Skarmory\n|-singleturn|p2a: Skarmory|Protect\n|move|p1a: Volcanion|Fire Blast|p2a: Skarmory\n|-activate|p2a: Skarmory|move: Protect\n|\n|-heal|p2a: Skarmory|89\/100|[from] item: Leftovers\n|upkeep\n|turn|14\n|\n|t:|1699577658\n|switch|p2a: Tauros|Tauros-Paldea-Blaze, M|100\/100\n|-status|p2a: Tauros|psn\n|move|p1a: Volcanion|Steam Eruption|p2a: Tauros\n|-supereffective|p2a: Tauros\n|-damage|p2a: Tauros|0 fnt\n|faint|p2a: Tauros\n|\n|upkeep\n|\n|t:|1699577668\n|switch|p2a: Goodra|Goodra-Hisui, F|100\/100\n|turn|15\n|\n|t:|1699577672\n|move|p1a: Volcanion|Earth Power|p2a: Goodra\n|-supereffective|p2a: Goodra\n|-crit|p2a: Goodra\n|-damage|p2a: Goodra|41\/100\n|move|p2a: Goodra|Body Press|p1a: Volcanion\n|-damage|p1a: Volcanion|51\/100\n|\n|-heal|p2a: Goodra|47\/100|[from] item: Leftovers\n|upkeep\n|turn|16\n|\n|t:|1699577681\n|move|p1a: Volcanion|Earth Power|p2a: Goodra\n|-supereffective|p2a: Goodra\n|-damage|p2a: Goodra|6\/100\n|move|p2a: Goodra|Dragon Hammer|p1a: Volcanion\n|-damage|p1a: Volcanion|4\/100\n|\n|-heal|p2a: Goodra|12\/100|[from] item: Leftovers\n|upkeep\n|turn|17\n|\n|t:|1699577690\n|move|p1a: Volcanion|Steam Eruption|p2a: Goodra\n|-resisted|p2a: Goodra\n|-damage|p2a: Goodra|0 fnt\n|faint|p2a: Goodra\n|\n|upkeep\n|\n|t:|1699577697\n|switch|p2a: Skarmory|Skarmory, F|89\/100\n|-item|p1a: Volcanion|Assault Vest|[from] ability: Frisk|[of] p2a: Skarmory|[identify]\n|turn|18\n|\n|t:|1699577702\n|move|p1a: Volcanion|Steam Eruption|p2a: Skarmory\n|-damage|p2a: Skarmory|9\/100\n|-status|p2a: Skarmory|brn\n|move|p2a: Skarmory|Body Press|p1a: Volcanion\n|-damage|p1a: Volcanion|0 fnt\n|faint|p1a: Volcanion\n|\n|-heal|p2a: Skarmory|15\/100 brn|[from] item: Leftovers\n|-damage|p2a: Skarmory|9\/100 brn|[from] brn\n|upkeep\n|j| radicaltyce\n|\n|t:|1699577709\n|switch|p1a: Jellicent|Jellicent, F|100\/100\n|-damage|p1a: Jellicent|88\/100|[from] Stealth Rock\n|turn|19\n|\n|t:|1699577717\n|move|p2a: Skarmory|Protect|p2a: Skarmory\n|-singleturn|p2a: Skarmory|Protect\n|move|p1a: Jellicent|Water Spout|p2a: Skarmory\n|-activate|p2a: Skarmory|move: Protect\n|\n|-heal|p2a: Skarmory|15\/100 brn|[from] item: Leftovers\n|-damage|p2a: Skarmory|9\/100 brn|[from] brn\n|upkeep\n|turn|20\n|\n|t:|1699577727\n|move|p2a: Skarmory|Protect||[still]\n|-fail|p2a: Skarmory\n|move|p1a: Jellicent|Water Spout|p2a: Skarmory\n|-crit|p2a: Skarmory\n|-damage|p2a: Skarmory|0 fnt\n|faint|p2a: Skarmory\n|\n|win|TheNormalGym123\n|l|\u2606ToxicTD\n|l|\u2606TheNormalGym123\n|l| radicaltyce\n|j|\u2606TheNormalGym123\n|player|p1|TheNormalGym123|rr-beedrillmega\n","uploadtime":1699577803,"views":11,"p1id":"thenormalgym123","p2id":"toxictd","formatid":"gen9anythinggoes","rating":0,"private":0,"password":""}