{"id":"radicalred-gen9anythinggoes-535141","p1":"Ujan_Ujon","p2":"Gerecht","format":"[Gen 9] Anything Goes","log":"|j|\u2606Ujan_Ujon\n|j|\u2606Gerecht\n|t:|1697922363\n|gametype|singles\n|player|p1|Ujan_Ujon|102|\n|player|p2|Gerecht|rr-cinderace|\n|teamsize|p1|6\n|teamsize|p2|6\n|gen|9\n|tier|[Gen 9] Anything Goes\n|rule|HP Percentage Mod: HP is shown in percentages\n|rule|Endless Battle Clause: Forcing endless battles is banned\n|rule|Sleep Clause Mod: Limit one foe put to sleep\n|clearpoke\n|poke|p1|Leavanny, M|\n|poke|p1|Emboar, F|\n|poke|p1|Ferrothorn, M|\n|poke|p1|Jellicent, M|\n|poke|p1|Alomomola, F|\n|poke|p1|Landorus-Therian, M|\n|poke|p2|Ferrothorn, F|\n|poke|p2|Mienshao, M|\n|poke|p2|Cofagrigus, F|\n|poke|p2|Jellicent, F|\n|poke|p2|Hydreigon, F|\n|poke|p2|Emboar, M|\n|teampreview\n|\n|t:|1697922394\n|start\n|switch|p1a: Bachira|Leavanny, M|100\/100\n|switch|p2a: toco y voy|Mienshao, M|100\/100\n|turn|1\n|\n|t:|1697922414\n|switch|p1a: Kurona|Ferrothorn, M, shiny|100\/100\n|move|p2a: toco y voy|Fake Out|p1a: Kurona\n|-resisted|p1a: Kurona\n|-damage|p1a: Kurona|95\/100\n|-damage|p2a: toco y voy|88\/100|[from] ability: Iron Barbs|[of] p1a: Kurona\n|-damage|p2a: toco y voy|71\/100|[from] item: Rocky Helmet|[of] p1a: Kurona\n|\n|upkeep\n|turn|2\n|\n|t:|1697922425\n|switch|p2a: Cae|Ferrothorn, F|100\/100\n|switch|p1a: Oliver Aiku|Landorus-Therian, M|100\/100\n|-ability|p1a: Oliver Aiku|Intimidate|boost\n|-unboost|p2a: Cae|atk|1\n|\n|upkeep\n|turn|3\n|\n|t:|1697922433\n|switch|p1a: Bachira|Leavanny, M|100\/100\n|move|p2a: Cae|Leech Seed|p1a: Bachira\n|-immune|p1a: Bachira\n|\n|upkeep\n|turn|4\n|\n|t:|1697922439\n|move|p1a: Bachira|Victory Dance|p1a: Bachira\n|-boost|p1a: Bachira|atk|1\n|-boost|p1a: Bachira|def|1\n|-boost|p1a: Bachira|spe|1\n|move|p2a: Cae|Knock Off|p1a: Bachira\n|-crit|p1a: Bachira\n|-damage|p1a: Bachira|54\/100\n|-enditem|p1a: Bachira|Life Orb|[from] move: Knock Off|[of] p2a: Cae\n|\n|upkeep\n|turn|5\n|\n|t:|1697922452\n|move|p1a: Bachira|Victory Dance|p1a: Bachira\n|-boost|p1a: Bachira|atk|1\n|-boost|p1a: Bachira|def|1\n|-boost|p1a: Bachira|spe|1\n|move|p2a: Cae|Knock Off|p1a: Bachira\n|-damage|p1a: Bachira|48\/100\n|\n|upkeep\n|turn|6\n|\n|t:|1697922468\n|move|p1a: Bachira|Victory Dance|p1a: Bachira\n|-boost|p1a: Bachira|atk|1\n|-boost|p1a: Bachira|def|1\n|-boost|p1a: Bachira|spe|1\n|move|p2a: Cae|Knock Off|p1a: Bachira\n|-damage|p1a: Bachira|42\/100\n|\n|upkeep\n|turn|7\n|\n|t:|1697922473\n|move|p1a: Bachira|Victory Dance|p1a: Bachira\n|-boost|p1a: Bachira|atk|1\n|-boost|p1a: Bachira|def|1\n|-boost|p1a: Bachira|spe|1\n|move|p2a: Cae|Knock Off|p1a: Bachira\n|-damage|p1a: Bachira|38\/100\n|\n|upkeep\n|turn|8\n|\n|t:|1697922480\n|move|p1a: Bachira|Victory Dance|p1a: Bachira\n|-boost|p1a: Bachira|atk|1\n|-boost|p1a: Bachira|def|1\n|-boost|p1a: Bachira|spe|1\n|move|p2a: Cae|Knock Off|p1a: Bachira\n|-damage|p1a: Bachira|34\/100\n|\n|upkeep\n|turn|9\n|\n|t:|1697922486\n|move|p1a: Bachira|Victory Dance|p1a: Bachira\n|-boost|p1a: Bachira|atk|1\n|-boost|p1a: Bachira|def|1\n|-boost|p1a: Bachira|spe|1\n|move|p2a: Cae|Knock Off|p1a: Bachira\n|-damage|p1a: Bachira|30\/100\n|\n|upkeep\n|turn|10\n|\n|t:|1697922493\n|move|p1a: Bachira|Sacred Sword|p2a: Cae\n|-supereffective|p2a: Cae\n|-damage|p2a: Cae|0 fnt\n|-damage|p1a: Bachira|18\/100|[from] ability: Iron Barbs|[of] p2a: Cae\n|-damage|p1a: Bachira|2\/100|[from] item: Rocky Helmet|[of] p2a: Cae\n|faint|p2a: Cae\n|\n|upkeep\n|\n|t:|1697922500\n|switch|p2a: toco y voy|Mienshao, M|100\/100\n|turn|11\n|\n|t:|1697922516\n|move|p2a: toco y voy|Fake Out|p1a: Bachira\n|-damage|p1a: Bachira|0 fnt\n|faint|p1a: Bachira\n|\n|upkeep\n|\n|t:|1697922541\n|switch|p1a: Hiori|Jellicent, M|100\/100\n|turn|12\n|\n|t:|1697922552\n|move|p2a: toco y voy|Knock Off|p1a: Hiori\n|-supereffective|p1a: Hiori\n|-damage|p1a: Hiori|29\/100\n|-enditem|p1a: Hiori|Choice Specs|[from] move: Knock Off|[of] p2a: toco y voy\n|move|p1a: Hiori|Trick|p2a: toco y voy\n|-activate|p1a: Hiori|move: Trick|[of] p2a: toco y voy\n|-enditem|p2a: toco y voy|Focus Sash|[silent]|[from] move: Trick\n|-item|p1a: Hiori|Focus Sash|[from] move: Trick\n|\n|upkeep\n|turn|13\n|\n|t:|1697922568\n|switch|p1a: Kurona|Ferrothorn, M, shiny|95\/100\n|move|p2a: toco y voy|Knock Off|p1a: Kurona\n|-damage|p1a: Kurona|70\/100\n|-damage|p2a: toco y voy|88\/100|[from] ability: Iron Barbs|[of] p1a: Kurona\n|-damage|p2a: toco y voy|71\/100|[from] item: Rocky Helmet|[of] p1a: Kurona\n|-enditem|p1a: Kurona|Rocky Helmet|[from] move: Knock Off|[of] p2a: toco y voy\n|\n|upkeep\n|turn|14\n|\n|t:|1697922578\n|switch|p1a: Oliver Aiku|Landorus-Therian, M|100\/100\n|-ability|p1a: Oliver Aiku|Intimidate|boost\n|-unboost|p2a: toco y voy|atk|1\n|move|p2a: toco y voy|Close Combat|p1a: Oliver Aiku\n|-resisted|p1a: Oliver Aiku\n|-damage|p1a: Oliver Aiku|77\/100\n|-unboost|p2a: toco y voy|def|1\n|-unboost|p2a: toco y voy|spd|1\n|\n|upkeep\n|turn|15\n|\n|t:|1697922589\n|switch|p2a: Hermana de Draki|Cofagrigus, F|100\/100\n|move|p1a: Oliver Aiku|U-turn|p2a: Hermana de Draki\n|-resisted|p2a: Hermana de Draki\n|-damage|p2a: Hermana de Draki|95\/100\n|\n|t:|1697922594\n|switch|p1a: Hiori|Jellicent, M|29\/100|[from] U-turn\n|\n|-heal|p2a: Hermana de Draki|100\/100|[from] item: Leftovers\n|upkeep\n|turn|16\n|\n|t:|1697922615\n|switch|p2a: toco y voy|Mienshao, M|100\/100\n|move|p1a: Hiori|Hydro Pump|p2a: toco y voy|[miss]\n|-miss|p1a: Hiori|p2a: toco y voy\n|\n|upkeep\n|turn|17\n|\n|t:|1697922628\n|switch|p1a: Oliver Aiku|Landorus-Therian, M|77\/100\n|-ability|p1a: Oliver Aiku|Intimidate|boost\n|-unboost|p2a: toco y voy|atk|1\n|move|p2a: toco y voy|Knock Off|p1a: Oliver Aiku\n|-damage|p1a: Oliver Aiku|51\/100\n|-enditem|p1a: Oliver Aiku|Choice Scarf|[from] move: Knock Off|[of] p2a: toco y voy\n|\n|upkeep\n|turn|18\n|\n|t:|1697922642\n|switch|p2a: Hermana de Draki|Cofagrigus, F|100\/100\n|move|p1a: Oliver Aiku|Earthquake|p2a: Hermana de Draki\n|-damage|p2a: Hermana de Draki|80\/100\n|\n|-heal|p2a: Hermana de Draki|86\/100|[from] item: Leftovers\n|upkeep\n|turn|19\n|\n|t:|1697922653\n|move|p1a: Oliver Aiku|U-turn|p2a: Hermana de Draki\n|-resisted|p2a: Hermana de Draki\n|-damage|p2a: Hermana de Draki|76\/100\n|\n|t:|1697922658\n|switch|p1a: Isagi Yoichi|Alomomola, F|100\/100|[from] U-turn\n|move|p2a: Hermana de Draki|Will-O-Wisp|p1a: Isagi Yoichi\n|-status|p1a: Isagi Yoichi|brn\n|\n|-heal|p2a: Hermana de Draki|83\/100|[from] item: Leftovers\n|-damage|p1a: Isagi Yoichi|94\/100 brn|[from] brn\n|upkeep\n|turn|20\n|\n|t:|1697922667\n|move|p2a: Hermana de Draki|Protect|p2a: Hermana de Draki\n|-singleturn|p2a: Hermana de Draki|Protect\n|move|p1a: Isagi Yoichi|Toxic|p2a: Hermana de Draki\n|-activate|p2a: Hermana de Draki|move: Protect\n|\n|-heal|p2a: Hermana de Draki|89\/100|[from] item: Leftovers\n|-damage|p1a: Isagi Yoichi|88\/100 brn|[from] brn\n|upkeep\n|turn|21\n|\n|t:|1697922674\n|move|p1a: Isagi Yoichi|Toxic|p2a: Hermana de Draki\n|-status|p2a: Hermana de Draki|tox\n|move|p2a: Hermana de Draki|Hex|p1a: Isagi Yoichi\n|-damage|p1a: Isagi Yoichi|36\/100 brn\n|\n|-heal|p2a: Hermana de Draki|95\/100 tox|[from] item: Leftovers\n|-damage|p2a: Hermana de Draki|89\/100 tox|[from] psn\n|-damage|p1a: Isagi Yoichi|30\/100 brn|[from] brn\n|upkeep\n|turn|22\n|\n|t:|1697922684\n|move|p1a: Isagi Yoichi|Protect|p1a: Isagi Yoichi\n|-singleturn|p1a: Isagi Yoichi|Protect\n|move|p2a: Hermana de Draki|Will-O-Wisp|p1a: Isagi Yoichi\n|-activate|p1a: Isagi Yoichi|move: Protect\n|\n|-heal|p2a: Hermana de Draki|95\/100 tox|[from] item: Leftovers\n|-damage|p2a: Hermana de Draki|83\/100 tox|[from] psn\n|-damage|p1a: Isagi Yoichi|24\/100 brn|[from] brn\n|upkeep\n|turn|23\n|\n|t:|1697922697\n|switch|p1a: Oliver Aiku|Landorus-Therian, M|51\/100\n|-ability|p1a: Oliver Aiku|Intimidate|boost\n|-unboost|p2a: Hermana de Draki|atk|1\n|move|p2a: Hermana de Draki|Hex|p1a: Oliver Aiku\n|-damage|p1a: Oliver Aiku|24\/100\n|\n|-heal|p2a: Hermana de Draki|89\/100 tox|[from] item: Leftovers\n|-damage|p2a: Hermana de Draki|70\/100 tox|[from] psn\n|upkeep\n|turn|24\n|\n|t:|1697922711\n|move|p1a: Oliver Aiku|Earthquake|p2a: Hermana de Draki\n|-damage|p2a: Hermana de Draki|25\/100 tox\n|move|p2a: Hermana de Draki|Will-O-Wisp|p1a: Oliver Aiku\n|-status|p1a: Oliver Aiku|brn\n|\n|-heal|p2a: Hermana de Draki|31\/100 tox|[from] item: Leftovers\n|-damage|p2a: Hermana de Draki|6\/100 tox|[from] psn\n|-damage|p1a: Oliver Aiku|18\/100 brn|[from] brn\n|upkeep\n|turn|25\n|\n|t:|1697922720\n|move|p1a: Oliver Aiku|U-turn|p2a: Hermana de Draki\n|-resisted|p2a: Hermana de Draki\n|-damage|p2a: Hermana de Draki|1\/100 tox\n|\n|t:|1697922733\n|switch|p1a: Isagi Yoichi|Alomomola, F|57\/100 brn|[from] U-turn\n|move|p2a: Hermana de Draki|Pain Split|p1a: Isagi Yoichi\n|-sethp|p1a: Isagi Yoichi|29\/100 brn|[from] move: Pain Split|[silent]\n|-sethp|p2a: Hermana de Draki|48\/100 tox|[from] move: Pain Split\n|\n|-heal|p2a: Hermana de Draki|54\/100 tox|[from] item: Leftovers\n|-damage|p2a: Hermana de Draki|23\/100 tox|[from] psn\n|-damage|p1a: Isagi Yoichi|23\/100 brn|[from] brn\n|upkeep\n|turn|26\n|\n|t:|1697922747\n|move|p1a: Isagi Yoichi|Protect|p1a: Isagi Yoichi\n|-singleturn|p1a: Isagi Yoichi|Protect\n|move|p2a: Hermana de Draki|Hex|p1a: Isagi Yoichi\n|-activate|p1a: Isagi Yoichi|move: Protect\n|\n|-heal|p2a: Hermana de Draki|29\/100 tox|[from] item: Leftovers\n|-damage|p2a: Hermana de Draki|0 fnt|[from] psn\n|faint|p2a: Hermana de Draki\n|-damage|p1a: Isagi Yoichi|16\/100 brn|[from] brn\n|upkeep\n|\n|t:|1697922765\n|switch|p2a: Mireya volvio|Hydreigon, F|100\/100\n|turn|27\n|\n|t:|1697922801\n|switch|p1a: GAGACRISTO|Emboar, F|100\/100\n|move|p2a: Mireya volvio|Dark Hole|p1a: GAGACRISTO\n|-resisted|p1a: GAGACRISTO\n|-damage|p1a: GAGACRISTO|59\/100\n|-damage|p2a: Mireya volvio|91\/100|[from] item: Life Orb\n|\n|upkeep\n|turn|28\n|\n|t:|1697922810\n|switch|p2a: Tet**|Jellicent, F|100\/100\n|move|p1a: GAGACRISTO|Flare Blitz|p2a: Tet**\n|-resisted|p2a: Tet**\n|-damage|p2a: Tet**|71\/100\n|-damage|p1a: GAGACRISTO|49\/100|[from] Recoil\n|\n|upkeep\n|turn|29\n|\n|t:|1697922817\n|switch|p1a: Oliver Aiku|Landorus-Therian, M|18\/100 brn\n|-ability|p1a: Oliver Aiku|Intimidate|boost\n|-unboost|p2a: Tet**|atk|1\n|move|p2a: Tet**|Recover|p2a: Tet**\n|-heal|p2a: Tet**|100\/100\n|\n|-damage|p1a: Oliver Aiku|12\/100 brn|[from] brn\n|upkeep\n|turn|30\n|\n|t:|1697922830\n|move|p1a: Oliver Aiku|Earthquake|p2a: Tet**\n|-damage|p2a: Tet**|69\/100\n|move|p2a: Tet**|Shadow Ball|p1a: Oliver Aiku\n|-damage|p1a: Oliver Aiku|0 fnt\n|faint|p1a: Oliver Aiku\n|\n|upkeep\n|\n|t:|1697922836\n|switch|p1a: Kurona|Ferrothorn, M, shiny|70\/100\n|turn|31\n|\n|t:|1697922853\n|move|p2a: Tet**|Recover|p2a: Tet**\n|-heal|p2a: Tet**|100\/100\n|move|p1a: Kurona|Leech Seed|p2a: Tet**\n|-start|p2a: Tet**|move: Leech Seed\n|\n|-damage|p2a: Tet**|88\/100|[from] Leech Seed|[of] p1a: Kurona\n|-heal|p1a: Kurona|82\/100|[silent]\n|upkeep\n|turn|32\n|\n|t:|1697922866\n|switch|p2a: Ujan Mojon|Emboar, M|100\/100\n|switch|p1a: Isagi Yoichi|Alomomola, F|50\/100 brn\n|\n|-damage|p1a: Isagi Yoichi|44\/100 brn|[from] brn\n|upkeep\n|turn|33\n|\n|t:|1697922878\n|move|p1a: Isagi Yoichi|Protect|p1a: Isagi Yoichi\n|-singleturn|p1a: Isagi Yoichi|Protect\n|move|p2a: Ujan Mojon|Wild Charge|p1a: Isagi Yoichi\n|-activate|p1a: Isagi Yoichi|move: Protect\n|\n|-damage|p1a: Isagi Yoichi|37\/100 brn|[from] brn\n|upkeep\n|turn|34\n|\n|t:|1697922888\n|switch|p2a: toco y voy|Mienshao, M|100\/100\n|move|p1a: Isagi Yoichi|Liquidation|p2a: toco y voy\n|-damage|p2a: toco y voy|69\/100\n|\n|-damage|p1a: Isagi Yoichi|31\/100 brn|[from] brn\n|upkeep\n|turn|35\n|\n|t:|1697922897\n|move|p2a: toco y voy|Fake Out|p1a: Isagi Yoichi\n|-damage|p1a: Isagi Yoichi|21\/100 brn\n|cant|p1a: Isagi Yoichi|flinch\n|\n|-damage|p1a: Isagi Yoichi|14\/100 brn|[from] brn\n|upkeep\n|turn|36\n|\n|t:|1697922930\n|switch|p2a: Tet**|Jellicent, F|88\/100\n|switch|p1a: GAGACRISTO|Emboar, F|49\/100\n|\n|upkeep\n|turn|37\n|\n|t:|1697922938\n|move|p1a: GAGACRISTO|Sucker Punch|p2a: Tet**\n|-supereffective|p2a: Tet**\n|-crit|p2a: Tet**\n|-damage|p2a: Tet**|0 fnt\n|faint|p2a: Tet**\n|\n|upkeep\n|\n|t:|1697922952\n|switch|p2a: Mireya volvio|Hydreigon, F|91\/100\n|turn|38\n|\n|t:|1697922956\n|switch|p1a: Hiori|Jellicent, M|29\/100\n|move|p2a: Mireya volvio|Dragon Dance|p2a: Mireya volvio\n|-boost|p2a: Mireya volvio|atk|1\n|-boost|p2a: Mireya volvio|spe|1\n|\n|upkeep\n|turn|39\n|\n|t:|1697922964\n|move|p2a: Mireya volvio|Dark Hole|p1a: Hiori\n|-supereffective|p1a: Hiori\n|-damage|p1a: Hiori|0 fnt\n|faint|p1a: Hiori\n|-damage|p2a: Mireya volvio|81\/100|[from] item: Life Orb\n|\n|upkeep\n|\n|t:|1697922980\n|switch|p1a: Isagi Yoichi|Alomomola, F|48\/100 brn\n|turn|40\n|\n|t:|1697922985\n|move|p2a: Mireya volvio|Dark Hole|p1a: Isagi Yoichi\n|-damage|p1a: Isagi Yoichi|0 fnt\n|faint|p1a: Isagi Yoichi\n|-damage|p2a: Mireya volvio|71\/100|[from] item: Life Orb\n|\n|upkeep\n|\n|t:|1697922990\n|switch|p1a: Kurona|Ferrothorn, M, shiny|82\/100\n|turn|41\n|\n|t:|1697923021\n|switch|p1a: GAGACRISTO|Emboar, F|49\/100\n|move|p2a: Mireya volvio|Dark Hole|p1a: GAGACRISTO\n|-resisted|p1a: GAGACRISTO\n|-damage|p1a: GAGACRISTO|4\/100\n|-damage|p2a: Mireya volvio|61\/100|[from] item: Life Orb\n|\n|upkeep\n|turn|42\n|\n|t:|1697923033\n|move|p2a: Mireya volvio|Dark Hole|p1a: GAGACRISTO\n|-resisted|p1a: GAGACRISTO\n|-damage|p1a: GAGACRISTO|0 fnt\n|faint|p1a: GAGACRISTO\n|-damage|p2a: Mireya volvio|51\/100|[from] item: Life Orb\n|\n|upkeep\n|\n|t:|1697923036\n|switch|p1a: Kurona|Ferrothorn, M, shiny|82\/100\n|turn|43\n|\n|t:|1697923040\n|move|p2a: Mireya volvio|Dark Hole|p1a: Kurona\n|-damage|p1a: Kurona|39\/100\n|-status|p1a: Kurona|slp|[from] move: Dark Hole\n|-damage|p2a: Mireya volvio|41\/100|[from] item: Life Orb\n|cant|p1a: Kurona|slp\n|\n|upkeep\n|turn|44\n|\n|t:|1697923049\n|move|p2a: Mireya volvio|Dark Hole|p1a: Kurona\n|-damage|p1a: Kurona|0 fnt\n|faint|p1a: Kurona\n|-damage|p2a: Mireya volvio|32\/100|[from] item: Life Orb\n|\n|win|Gerecht\n","uploadtime":1697923064,"views":18,"p1id":"ujanujon","p2id":"gerecht","formatid":"gen9anythinggoes","rating":0,"private":0,"password":""}