{"id":"radicalred-gen9anythinggoes-535134","p1":"Ujan_Ujon","p2":"Gerecht","format":"[Gen 9] Anything Goes","log":"|j|\u2606Ujan_Ujon\n|j|\u2606Gerecht\n|t:|1697921417\n|gametype|singles\n|player|p1|Ujan_Ujon|102|\n|player|p2|Gerecht|rr-cinderace|\n|teamsize|p1|6\n|teamsize|p2|6\n|gen|9\n|tier|[Gen 9] Anything Goes\n|rule|HP Percentage Mod: HP is shown in percentages\n|rule|Endless Battle Clause: Forcing endless battles is banned\n|rule|Sleep Clause Mod: Limit one foe put to sleep\n|clearpoke\n|poke|p1|Zoroark, M|\n|poke|p1|Emboar, F|\n|poke|p1|Ferrothorn, F|\n|poke|p1|Jellicent, F|\n|poke|p1|Alomomola, M|\n|poke|p1|Landorus-Therian, M|\n|poke|p2|Ferrothorn, F|\n|poke|p2|Mienshao, F|\n|poke|p2|Darmanitan, F|\n|poke|p2|Cofagrigus, F|\n|poke|p2|Jellicent, M|\n|poke|p2|Hydreigon, F|\n|teampreview\n|\n|t:|1697921441\n|start\n|switch|p1a: GAGACRISTO|Emboar, F|100\/100\n|switch|p2a: Cae|Ferrothorn, F|100\/100\n|turn|1\n|\n|t:|1697921454\n|move|p2a: Cae|Protect|p2a: Cae\n|-singleturn|p2a: Cae|Protect\n|move|p1a: GAGACRISTO|Close Combat|p2a: Cae\n|-activate|p2a: Cae|move: Protect\n|\n|upkeep\n|turn|2\n|\n|t:|1697921467\n|switch|p1a: Isagi Yoichi|Alomomola, M|100\/100\n|switch|p2a: Hermana de Draki|Cofagrigus, F|100\/100\n|\n|upkeep\n|turn|3\n|\n|t:|1697921473\n|move|p1a: Isagi Yoichi|Dark Hole|p2a: Hermana de Draki\n|-supereffective|p2a: Hermana de Draki\n|-crit|p2a: Hermana de Draki\n|-damage|p2a: Hermana de Draki|27\/100\n|move|p2a: Hermana de Draki|Will-O-Wisp|p1a: Isagi Yoichi\n|-status|p1a: Isagi Yoichi|brn\n|\n|-heal|p2a: Hermana de Draki|33\/100|[from] item: Leftovers\n|-damage|p1a: Isagi Yoichi|94\/100 brn|[from] brn\n|upkeep\n|turn|4\n|inactive|Battle timer is ON: inactive players will automatically lose when time's up. (requested by Gerecht)\n|\n|t:|1697921501\n|move|p2a: Hermana de Draki|Protect|p2a: Hermana de Draki\n|-singleturn|p2a: Hermana de Draki|Protect\n|move|p1a: Isagi Yoichi|Dark Hole|p2a: Hermana de Draki\n|-activate|p2a: Hermana de Draki|move: Protect\n|\n|-heal|p2a: Hermana de Draki|40\/100|[from] item: Leftovers\n|-damage|p1a: Isagi Yoichi|88\/100 brn|[from] brn\n|upkeep\n|turn|5\n|\n|t:|1697921527\n|switch|p2a: Mireya volvio|Hydreigon, F|100\/100\n|move|p1a: Isagi Yoichi|Dark Hole|p2a: Mireya volvio\n|-resisted|p2a: Mireya volvio\n|-damage|p2a: Mireya volvio|66\/100\n|\n|-damage|p1a: Isagi Yoichi|82\/100 brn|[from] brn\n|upkeep\n|turn|6\n|\n|t:|1697921535\n|move|p1a: Isagi Yoichi|Dark Hole|p2a: Mireya volvio\n|-resisted|p2a: Mireya volvio\n|-damage|p2a: Mireya volvio|31\/100\n|-status|p2a: Mireya volvio|slp|[from] move: Dark Hole\n|cant|p2a: Mireya volvio|slp\n|\n|-damage|p1a: Isagi Yoichi|76\/100 brn|[from] brn\n|upkeep\n|turn|7\n|\n|t:|1697921541\n|move|p1a: Isagi Yoichi|Dark Hole|p2a: Mireya volvio\n|-resisted|p2a: Mireya volvio\n|-damage|p2a: Mireya volvio|0 fnt\n|faint|p2a: Mireya volvio\n|\n|-damage|p1a: Isagi Yoichi|70\/100 brn|[from] brn\n|upkeep\n|\n|t:|1697921544\n|switch|p2a: Ese soy yo|Darmanitan, F|100\/100\n|turn|8\n|\n|t:|1697921548\n|move|p1a: Isagi Yoichi|Detect|p1a: Isagi Yoichi\n|-singleturn|p1a: Isagi Yoichi|Protect\n|move|p2a: Ese soy yo|U-turn|p1a: Isagi Yoichi\n|-activate|p1a: Isagi Yoichi|move: Protect\n|\n|-damage|p1a: Isagi Yoichi|64\/100 brn|[from] brn\n|upkeep\n|turn|9\n|\n|t:|1697921552\n|switch|p1a: Kurona|Ferrothorn, F, shiny|100\/100\n|move|p2a: Ese soy yo|U-turn|p1a: Kurona\n|-damage|p1a: Kurona|80\/100\n|-damage|p2a: Ese soy yo|88\/100|[from] ability: Iron Barbs|[of] p1a: Kurona\n|-damage|p2a: Ese soy yo|72\/100|[from] item: Rocky Helmet|[of] p1a: Kurona\n|\n|t:|1697921568\n|switch|p2a: toco y voy|Mienshao, F|100\/100|[from] U-turn\n|\n|upkeep\n|turn|10\n|\n|t:|1697921577\n|move|p2a: toco y voy|Close Combat|p1a: Kurona\n|-supereffective|p1a: Kurona\n|-damage|p1a: Kurona|0 fnt\n|-unboost|p2a: toco y voy|def|1\n|-unboost|p2a: toco y voy|spd|1\n|-damage|p2a: toco y voy|88\/100|[from] ability: Iron Barbs|[of] p1a: Kurona\n|-damage|p2a: toco y voy|71\/100|[from] item: Rocky Helmet|[of] p1a: Kurona\n|faint|p1a: Kurona\n|\n|upkeep\n|\n|t:|1697921583\n|switch|p1a: GAGACRISTO|Emboar, F|100\/100\n|turn|11\n|\n|t:|1697921596\n|switch|p2a: Tet**|Jellicent, M|100\/100\n|move|p1a: GAGACRISTO|Sucker Punch||[still]\n|-fail|p1a: GAGACRISTO\n|\n|upkeep\n|turn|12\n|\n|t:|1697921612\n|switch|p2a: Hermana de Draki|Cofagrigus, F|40\/100\n|move|p1a: GAGACRISTO|Sucker Punch||[still]\n|-fail|p1a: GAGACRISTO\n|\n|-heal|p2a: Hermana de Draki|46\/100|[from] item: Leftovers\n|upkeep\n|turn|13\n|\n|t:|1697921626\n|switch|p1a: Isagi Yoichi|Alomomola, M|64\/100 brn\n|move|p2a: Hermana de Draki|Will-O-Wisp|p1a: Isagi Yoichi\n|-fail|p1a: Isagi Yoichi|brn\n|\n|-heal|p2a: Hermana de Draki|52\/100|[from] item: Leftovers\n|-damage|p1a: Isagi Yoichi|58\/100 brn|[from] brn\n|upkeep\n|turn|14\n|\n|t:|1697921634\n|move|p2a: Hermana de Draki|Protect|p2a: Hermana de Draki\n|-singleturn|p2a: Hermana de Draki|Protect\n|move|p1a: Isagi Yoichi|Dark Hole|p2a: Hermana de Draki\n|-activate|p2a: Hermana de Draki|move: Protect\n|\n|-heal|p2a: Hermana de Draki|58\/100|[from] item: Leftovers\n|-damage|p1a: Isagi Yoichi|51\/100 brn|[from] brn\n|upkeep\n|turn|15\n|\n|t:|1697921650\n|switch|p2a: toco y voy|Mienshao, F|100\/100\n|move|p1a: Isagi Yoichi|Dark Hole|p2a: toco y voy\n|-resisted|p2a: toco y voy\n|-damage|p2a: toco y voy|38\/100\n|\n|-damage|p1a: Isagi Yoichi|45\/100 brn|[from] brn\n|upkeep\n|turn|16\n|\n|t:|1697921657\n|move|p1a: Isagi Yoichi|Detect|p1a: Isagi Yoichi\n|-singleturn|p1a: Isagi Yoichi|Protect\n|move|p2a: toco y voy|Fake Out|p1a: Isagi Yoichi\n|-activate|p1a: Isagi Yoichi|move: Protect\n|\n|-damage|p1a: Isagi Yoichi|39\/100 brn|[from] brn\n|upkeep\n|turn|17\n|\n|t:|1697921682\n|switch|p1a: Oliver Aiku|Landorus-Therian, M|100\/100\n|-ability|p1a: Oliver Aiku|Intimidate|boost\n|-unboost|p2a: toco y voy|atk|1\n|move|p2a: toco y voy|U-turn|p1a: Oliver Aiku\n|-resisted|p1a: Oliver Aiku\n|-damage|p1a: Oliver Aiku|91\/100\n|\n|t:|1697921692\n|switch|p2a: Cae|Ferrothorn, F|100\/100|[from] U-turn\n|\n|upkeep\n|turn|18\n|\n|t:|1697921713\n|move|p1a: Oliver Aiku|Earthquake|p2a: Cae\n|-damage|p2a: Cae|58\/100\n|move|p2a: Cae|Leech Seed|p1a: Oliver Aiku\n|-start|p1a: Oliver Aiku|move: Leech Seed\n|\n|-damage|p1a: Oliver Aiku|79\/100|[from] Leech Seed|[of] p2a: Cae\n|-heal|p2a: Cae|69\/100|[silent]\n|upkeep\n|turn|19\n|\n|t:|1697921721\n|move|p1a: Oliver Aiku|Earthquake|p2a: Cae\n|-damage|p2a: Cae|29\/100\n|move|p2a: Cae|Knock Off|p1a: Oliver Aiku\n|-damage|p1a: Oliver Aiku|53\/100\n|-enditem|p1a: Oliver Aiku|Choice Scarf|[from] move: Knock Off|[of] p2a: Cae\n|\n|-damage|p1a: Oliver Aiku|41\/100|[from] Leech Seed|[of] p2a: Cae\n|-heal|p2a: Cae|41\/100|[silent]\n|upkeep\n|turn|20\n|\n|t:|1697921731\n|move|p2a: Cae|Protect|p2a: Cae\n|-singleturn|p2a: Cae|Protect\n|move|p1a: Oliver Aiku|Earthquake|p2a: Cae\n|-activate|p2a: Cae|move: Protect\n|\n|-damage|p1a: Oliver Aiku|29\/100|[from] Leech Seed|[of] p2a: Cae\n|-heal|p2a: Cae|52\/100|[silent]\n|upkeep\n|turn|21\n|inactive|Gerecht has 270 seconds left.\n|\n|t:|1697921776\n|move|p1a: Oliver Aiku|Earthquake|p2a: Cae\n|-damage|p2a: Cae|7\/100\n|move|p2a: Cae|Knock Off|p1a: Oliver Aiku\n|-damage|p1a: Oliver Aiku|13\/100\n|\n|-damage|p1a: Oliver Aiku|1\/100|[from] Leech Seed|[of] p2a: Cae\n|-heal|p2a: Cae|18\/100|[silent]\n|upkeep\n|turn|22\n|\n|t:|1697921785\n|switch|p1a: Isagi Yoichi|Alomomola, M|100\/100\n|move|p2a: Cae|Protect||[still]\n|-fail|p2a: Cae\n|\n|upkeep\n|turn|23\n|inactive|Gerecht has 270 seconds left.\n|\n|t:|1697921804\n|move|p1a: Isagi Yoichi|Liquidation|p2a: Cae\n|-resisted|p2a: Cae\n|-damage|p2a: Cae|6\/100\n|-damage|p1a: Isagi Yoichi|88\/100|[from] ability: Iron Barbs|[of] p2a: Cae\n|-damage|p1a: Isagi Yoichi|71\/100|[from] item: Rocky Helmet|[of] p2a: Cae\n|move|p2a: Cae|Leech Seed|p1a: Isagi Yoichi\n|-start|p1a: Isagi Yoichi|move: Leech Seed\n|\n|-damage|p1a: Isagi Yoichi|59\/100|[from] Leech Seed|[of] p2a: Cae\n|-heal|p2a: Cae|24\/100|[silent]\n|upkeep\n|turn|24\n|inactive|Gerecht has 270 seconds left.\n|\n|t:|1697921824\n|switch|p1a: Oliver Aiku|Landorus-Therian, M|1\/100\n|-ability|p1a: Oliver Aiku|Intimidate|boost\n|-unboost|p2a: Cae|atk|1\n|move|p2a: Cae|Knock Off|p1a: Oliver Aiku\n|-damage|p1a: Oliver Aiku|0 fnt\n|faint|p1a: Oliver Aiku\n|\n|upkeep\n|\n|t:|1697921832\n|switch|p1a: Isagi Yoichi|Alomomola, M|39\/100 brn\n|turn|25\n|\n|t:|1697921835\n|move|p2a: Cae|Protect|p2a: Cae\n|-singleturn|p2a: Cae|Protect\n|move|p1a: Isagi Yoichi|Flamethrower|p2a: Cae\n|-activate|p2a: Cae|move: Protect\n|\n|-damage|p1a: Isagi Yoichi|33\/100 brn|[from] brn\n|upkeep\n|turn|26\n|\n|t:|1697921843\n|move|p1a: Isagi Yoichi|Dark Hole|p2a: Cae\n|-damage|p2a: Cae|0 fnt\n|faint|p2a: Cae\n|\n|-damage|p1a: Isagi Yoichi|27\/100 brn|[from] brn\n|upkeep\n|\n|t:|1697921850\n|switch|p2a: Ese soy yo|Darmanitan, F|72\/100\n|turn|27\n|\n|t:|1697921862\n|move|p1a: Isagi Yoichi|Detect|p1a: Isagi Yoichi\n|-singleturn|p1a: Isagi Yoichi|Protect\n|move|p2a: Ese soy yo|U-turn|p1a: Isagi Yoichi\n|-activate|p1a: Isagi Yoichi|move: Protect\n|\n|-damage|p1a: Isagi Yoichi|21\/100 brn|[from] brn\n|upkeep\n|turn|28\n|\n|t:|1697921866\n|switch|p1a: Isagi Yoichi|Alomomola, M|92\/100\n|move|p2a: Ese soy yo|U-turn|p1a: Isagi Yoichi\n|-damage|p1a: Isagi Yoichi|73\/100\n|\n|t:|1697921889\n|switch|p2a: toco y voy|Mienshao, F|71\/100|[from] U-turn\n|\n|upkeep\n|turn|29\n|inactive|Gerecht has 270 seconds left.\n|\n|t:|1697921905\n|move|p1a: Isagi Yoichi|Protect|p1a: Isagi Yoichi\n|-singleturn|p1a: Isagi Yoichi|Protect\n|move|p2a: toco y voy|Fake Out|p1a: Isagi Yoichi\n|-activate|p1a: Isagi Yoichi|move: Protect\n|\n|upkeep\n|turn|30\n|\n|t:|1697921914\n|switch|p1a: GAGACRISTO|Emboar, F|100\/100\n|move|p2a: toco y voy|Knock Off|p1a: GAGACRISTO\n|-resisted|p1a: GAGACRISTO\n|-damage|p1a: GAGACRISTO|77\/100\n|-enditem|p1a: GAGACRISTO|Choice Band|[from] move: Knock Off|[of] p2a: toco y voy\n|\n|upkeep\n|turn|31\n|inactive|Gerecht has 270 seconds left.\n|\n|t:|1697921939\n|switch|p1a: Hiori|Jellicent, F|100\/100\n|switch|p2a: Hermana de Draki|Cofagrigus, F|58\/100\n|\n|-heal|p2a: Hermana de Draki|65\/100|[from] item: Leftovers\n|upkeep\n|turn|32\n|\n|t:|1697921965\n|move|p1a: Hiori|Water Spout|p2a: Hermana de Draki\n|-damage|p2a: Hermana de Draki|0 fnt\n|faint|p2a: Hermana de Draki\n|\n|upkeep\n|inactive|Gerecht has 240 seconds left.\n|\n|t:|1697921978\n|switch|p2a: Tet**|Jellicent, M|100\/100\n|turn|33\n|\n|t:|1697921982\n|move|p2a: Tet**|Shadow Ball|p1a: Hiori\n|-supereffective|p1a: Hiori\n|-damage|p1a: Hiori|49\/100\n|-unboost|p1a: Hiori|spd|1\n|move|p1a: Hiori|Water Spout|p2a: Tet**\n|-resisted|p2a: Tet**\n|-damage|p2a: Tet**|64\/100\n|\n|upkeep\n|turn|34\n|\n|t:|1697921995\n|move|p2a: Tet**|Shadow Ball|p1a: Hiori\n|-supereffective|p1a: Hiori\n|-damage|p1a: Hiori|0 fnt\n|faint|p1a: Hiori\n|\n|upkeep\n|\n|t:|1697922001\n|switch|p1a: GAGACRISTO|Emboar, F|21\/100 brn\n|turn|35\n|\n|t:|1697922006\n|move|p1a: GAGACRISTO|Flamethrower|p2a: Tet**\n|-resisted|p2a: Tet**\n|-damage|p2a: Tet**|55\/100\n|move|p2a: Tet**|Surf|p1a: GAGACRISTO\n|-damage|p1a: GAGACRISTO|0 fnt\n|replace|p1a: HUMOGAMI|Zoroark, M\n|-end|p1a: HUMOGAMI|Illusion\n|faint|p1a: HUMOGAMI\n|\n|upkeep\n|\n|t:|1697922024\n|switch|p1a: Isagi Yoichi|Alomomola, M|100\/100\n|turn|36\n|\n|t:|1697922030\n|move|p2a: Tet**|Shadow Ball|p1a: Isagi Yoichi\n|-damage|p1a: Isagi Yoichi|63\/100\n|move|p1a: Isagi Yoichi|Toxic|p2a: Tet**\n|-status|p2a: Tet**|tox\n|\n|-damage|p2a: Tet**|49\/100 tox|[from] psn\n|upkeep\n|turn|37\n|\n|t:|1697922035\n|move|p1a: Isagi Yoichi|Protect|p1a: Isagi Yoichi\n|-singleturn|p1a: Isagi Yoichi|Protect\n|move|p2a: Tet**|Shadow Ball|p1a: Isagi Yoichi\n|-activate|p1a: Isagi Yoichi|move: Protect\n|\n|-damage|p2a: Tet**|37\/100 tox|[from] psn\n|upkeep\n|turn|38\n|\n|t:|1697922052\n|move|p1a: Isagi Yoichi|Protect||[still]\n|-fail|p1a: Isagi Yoichi\n|move|p2a: Tet**|Shadow Ball|p1a: Isagi Yoichi\n|-damage|p1a: Isagi Yoichi|27\/100\n|\n|-damage|p2a: Tet**|19\/100 tox|[from] psn\n|upkeep\n|turn|39\n|\n|t:|1697922057\n|move|p1a: Isagi Yoichi|Protect|p1a: Isagi Yoichi\n|-singleturn|p1a: Isagi Yoichi|Protect\n|move|p2a: Tet**|Recover|p2a: Tet**\n|-heal|p2a: Tet**|69\/100 tox\n|\n|-damage|p2a: Tet**|45\/100 tox|[from] psn\n|upkeep\n|turn|40\n|\n|t:|1697922076\n|switch|p1a: GAGACRISTO|Emboar, F|77\/100\n|move|p2a: Tet**|Shadow Ball|p1a: GAGACRISTO\n|-damage|p1a: GAGACRISTO|32\/100\n|-unboost|p1a: GAGACRISTO|spd|1\n|\n|-damage|p2a: Tet**|14\/100 tox|[from] psn\n|upkeep\n|turn|41\n|\n|t:|1697922090\n|switch|p1a: Isagi Yoichi|Alomomola, M|61\/100\n|move|p2a: Tet**|Shadow Ball|p1a: Isagi Yoichi\n|-damage|p1a: Isagi Yoichi|23\/100\n|\n|-damage|p2a: Tet**|0 fnt|[from] psn\n|faint|p2a: Tet**\n|upkeep\n|inactive|Gerecht has 270 seconds left.\n|\n|t:|1697922123\n|switch|p2a: toco y voy|Mienshao, F|100\/100\n|turn|42\n|\n|t:|1697922128\n|move|p1a: Isagi Yoichi|Protect|p1a: Isagi Yoichi\n|-singleturn|p1a: Isagi Yoichi|Protect\n|move|p2a: toco y voy|Close Combat|p1a: Isagi Yoichi\n|-activate|p1a: Isagi Yoichi|move: Protect\n|\n|upkeep\n|turn|43\n|\n|t:|1697922132\n|move|p2a: toco y voy|Close Combat|p1a: Isagi Yoichi\n|-damage|p1a: Isagi Yoichi|0 fnt\n|-unboost|p2a: toco y voy|def|1\n|-unboost|p2a: toco y voy|spd|1\n|faint|p1a: Isagi Yoichi\n|\n|upkeep\n|\n|t:|1697922135\n|switch|p1a: GAGACRISTO|Emboar, F|32\/100\n|turn|44\n|\n|t:|1697922140\n|move|p1a: GAGACRISTO|Sucker Punch|p2a: toco y voy\n|-resisted|p2a: toco y voy\n|-damage|p2a: toco y voy|64\/100\n|move|p2a: toco y voy|Close Combat|p1a: GAGACRISTO\n|-damage|p1a: GAGACRISTO|0 fnt\n|-unboost|p2a: toco y voy|def|1\n|-unboost|p2a: toco y voy|spd|1\n|faint|p1a: GAGACRISTO\n|\n|win|Gerecht\n","uploadtime":1697922166,"views":12,"p1id":"ujanujon","p2id":"gerecht","formatid":"gen9anythinggoes","rating":0,"private":0,"password":""}