{"id":"radicalred-gen9anythinggoes-546182","p1":"TanaTheGreat","p2":"HellSinky","format":"[Gen 9] Anything Goes","log":"|j|\u2606TanaTheGreat\n|j|\u2606HellSinky\n|t:|1699932619\n|gametype|singles\n|player|p1|TanaTheGreat|rr-regirock|\n|player|p2|HellSinky|rr-victini|\n|teamsize|p1|6\n|teamsize|p2|6\n|gen|9\n|tier|[Gen 9] Anything Goes\n|rule|HP Percentage Mod: HP is shown in percentages\n|rule|Endless Battle Clause: Forcing endless battles is banned\n|rule|Sleep Clause Mod: Limit one foe put to sleep\n|clearpoke\n|poke|p1|Reuniclus, M|\n|poke|p1|Serperior, M|\n|poke|p1|Conkeldurr, M|\n|poke|p1|Genesect|\n|poke|p1|Hydreigon, M|\n|poke|p1|Excadrill, M|\n|poke|p2|Ferrothorn, M|\n|poke|p2|Krookodile, F|\n|poke|p2|Hydreigon, M|\n|poke|p2|Alomomola, M|\n|poke|p2|Amoonguss, F|\n|poke|p2|Volcarona, F|\n|teampreview\n|\n|t:|1699932675\n|start\n|switch|p1a: El flaco de Alex|Serperior, M|100\/100\n|switch|p2a: Ferro Pariente|Ferrothorn, M, shiny|100\/100\n|turn|1\n|\n|t:|1699932683\n|move|p1a: El flaco de Alex|Leaf Storm|p2a: Ferro Pariente\n|-resisted|p2a: Ferro Pariente\n|-damage|p2a: Ferro Pariente|93\/100\n|-boost|p1a: El flaco de Alex|spa|2\n|move|p2a: Ferro Pariente|Gyro Ball|p1a: El flaco de Alex\n|-damage|p1a: El flaco de Alex|35\/100\n|\n|upkeep\n|turn|2\n|inactive|Battle timer is ON: inactive players will automatically lose when time's up. (requested by TanaTheGreat)\n|inactive|HellSinky has 270 seconds left.\n|\n|t:|1699932761\n|move|p1a: El flaco de Alex|Hidden Power|p2a: Ferro Pariente\n|-supereffective|p2a: Ferro Pariente\n|-damage|p2a: Ferro Pariente|18\/100\n|move|p2a: Ferro Pariente|Gyro Ball|p1a: El flaco de Alex\n|-damage|p1a: El flaco de Alex|0 fnt\n|faint|p1a: El flaco de Alex\n|\n|upkeep\n|inactive|TanaTheGreat has 270 seconds left.\n|\n|t:|1699932808\n|switch|p1a: ceden|Reuniclus, M|100\/100\n|turn|3\n|\n|t:|1699932826\n|switch|p2a: cr7|Volcarona, F|100\/100\n|move|p1a: ceden|Focus Blast|p2a: cr7\n|-resisted|p2a: cr7\n|-damage|p2a: cr7|76\/100\n|\n|upkeep\n|turn|4\n|inactive|TanaTheGreat has 270 seconds left.\n|\n|t:|1699932849\n|switch|p1a: Auronplay|Conkeldurr, M|100\/100\n|move|p2a: cr7|Fiery Dance|p1a: Auronplay\n|-damage|p1a: Auronplay|55\/100\n|\n|-status|p1a: Auronplay|brn|[from] item: Flame Orb\n|upkeep\n|turn|5\n|\n|t:|1699932863\n|switch|p2a: Ferro Pariente|Ferrothorn, M, shiny|18\/100\n|move|p1a: Auronplay|Facade|p2a: Ferro Pariente\n|-resisted|p2a: Ferro Pariente\n|-damage|p2a: Ferro Pariente|0 fnt\n|-damage|p1a: Auronplay|43\/100 brn|[from] ability: Iron Barbs|[of] p2a: Ferro Pariente\n|-damage|p1a: Auronplay|26\/100 brn|[from] item: Rocky Helmet|[of] p2a: Ferro Pariente\n|faint|p2a: Ferro Pariente\n|\n|-damage|p1a: Auronplay|20\/100 brn|[from] brn\n|upkeep\n|\n|t:|1699932873\n|switch|p2a: cr7|Volcarona, F|76\/100\n|turn|6\n|\n|t:|1699932903\n|move|p2a: cr7|Fiery Dance|p1a: Auronplay\n|-damage|p1a: Auronplay|0 fnt\n|-boost|p2a: cr7|spa|1\n|faint|p1a: Auronplay\n|\n|upkeep\n|\n|t:|1699932913\n|switch|p1a: La \u00c9lite|Hydreigon, M|100\/100\n|turn|7\n|\n|t:|1699932921\n|switch|p2a: somnifero|Amoonguss, F, shiny|100\/100\n|move|p1a: La \u00c9lite|Dark Hole|p2a: somnifero\n|-damage|p2a: somnifero|69\/100\n|\n|-heal|p2a: somnifero|75\/100|[from] item: Black Sludge\n|upkeep\n|turn|8\n|\n|t:|1699932929\n|switch|p1a: Ojo al piojo|Genesect|100\/100\n|-ability|p1a: Ojo al piojo|Download|boost\n|-boost|p1a: Ojo al piojo|atk|1\n|move|p2a: somnifero|Spore|p1a: Ojo al piojo\n|-status|p1a: Ojo al piojo|slp|[from] move: Spore\n|\n|-heal|p2a: somnifero|81\/100|[from] item: Black Sludge\n|upkeep\n|turn|9\n|inactive|TanaTheGreat has 240 seconds left.\n|\n|t:|1699932961\n|switch|p1a: La \u00c9lite|Hydreigon, M|100\/100\n|switch|p2a: cr7|Volcarona, F|76\/100\n|\n|upkeep\n|turn|10\n|inactive|TanaTheGreat has 240 seconds left.\n|\n|t:|1699932987\n|switch|p2a: somnifero|Amoonguss, F, shiny|100\/100\n|move|p1a: La \u00c9lite|Draco Meteor|p2a: somnifero\n|-damage|p2a: somnifero|59\/100\n|-unboost|p1a: La \u00c9lite|spa|2\n|\n|-heal|p2a: somnifero|65\/100|[from] item: Black Sludge\n|upkeep\n|turn|11\n|inactive|TanaTheGreat has 240 seconds left.\n|\n|t:|1699933012\n|switch|p1a: ceden|Reuniclus, M|100\/100\n|switch|p2a: princesa|Hydreigon, M|100\/100\n|\n|upkeep\n|turn|12\n|inactive|TanaTheGreat has 210 seconds left.\n|\n|t:|1699933036\n|move|p2a: princesa|Dark Hole|p1a: ceden\n|-supereffective|p1a: ceden\n|-damage|p1a: ceden|0 fnt\n|faint|p1a: ceden\n|-damage|p2a: princesa|91\/100|[from] item: Life Orb\n|\n|upkeep\n|inactive|TanaTheGreat has 210 seconds left.\n|c|\u2606TanaTheGreat|ggwp\n|\n|t:|1699933044\n|switch|p1a: Clay|Excadrill, M|100\/100\n|-item|p1a: Clay|Air Balloon\n|turn|13\n|inactive|TanaTheGreat has 210 seconds left.\n|inactive|TanaTheGreat has 180 seconds left.\n|\n|t:|1699933087\n|move|p2a: princesa|Flamethrower|p1a: Clay\n|-supereffective|p1a: Clay\n|-damage|p1a: Clay|0 fnt\n|-enditem|p1a: Clay|Air Balloon\n|faint|p1a: Clay\n|-damage|p2a: princesa|81\/100|[from] item: Life Orb\n|\n|upkeep\n|inactive|TanaTheGreat has 180 seconds left.\n|\n|t:|1699933094\n|switch|p1a: La \u00c9lite|Hydreigon, M|100\/100\n|turn|14\n|-message|TanaTheGreat forfeited.\n|\n|win|HellSinky\n|c|\u2606TanaTheGreat|ggwp\n|l|\u2606TanaTheGreat\n|c|\u2606HellSinky|ggs\n|j| ElBau1129\n|c| ElBau1129|gan\u00f3 la procrastinacion\n|c| ElBau1129|diosmio\n","uploadtime":1699933122,"views":10,"p1id":"tanathegreat","p2id":"hellsinky","formatid":"gen9anythinggoes","rating":0,"private":0,"password":""}