{"id":"radicalred-gen9anythinggoes-534296","p1":"juancaletas","p2":"LightNashe","format":"[Gen 9] Anything Goes","log":"|j|\u2606juancaletas\n|j|\u2606LightNashe\n|t:|1697766314\n|gametype|singles\n|player|p1|juancaletas|2|\n|player|p2|LightNashe|rr-greninja|\n|teamsize|p1|6\n|teamsize|p2|6\n|gen|9\n|tier|[Gen 9] Anything Goes\n|rule|HP Percentage Mod: HP is shown in percentages\n|rule|Endless Battle Clause: Forcing endless battles is banned\n|clearpoke\n|poke|p1|Serperior, F|\n|poke|p1|Chandelure, M|\n|poke|p1|Conkeldurr, M|\n|poke|p1|Excadrill, F|\n|poke|p1|Seismitoad, F|\n|poke|p1|Scolipede, F|\n|poke|p2|Emboar, M|\n|poke|p2|Archeops, F|\n|poke|p2|Gigalith, F|\n|poke|p2|Keldeo-Resolute|\n|poke|p2|Bisharp, M|\n|poke|p2|Ferrothorn, F|\n|teampreview\n|j| zSlowKiller\n|j| WybeRx\n|c|\u2606juancaletas|glhf\n|c|\u2606LightNashe|gl\n|j| PatoPatito08\n|\n|t:|1697766363\n|start\n|switch|p1a: Seismitoad|Seismitoad, F|100\/100\n|switch|p2a: Archeops|Archeops, F, shiny|100\/100\n|turn|1\n|inactive|Battle timer is ON: inactive players will automatically lose when time's up. (requested by juancaletas)\n|\n|t:|1697766453\n|switch|p2a: Keldeo|Keldeo-Resolute, shiny|100\/100\n|move|p1a: Seismitoad|Scald|p2a: Keldeo\n|-resisted|p2a: Keldeo\n|-damage|p2a: Keldeo|87\/100\n|\n|upkeep\n|turn|2\n|inactive|juancaletas has 270 seconds left.\n|inactive|LightNashe has 270 seconds left.\n|inactive|juancaletas has 240 seconds left.\n|\n|t:|1697766522\n|move|p2a: Keldeo|Scald|p1a: Seismitoad\n|-crit|p1a: Seismitoad\n|-damage|p1a: Seismitoad|11\/100\n|move|p1a: Seismitoad|Drain Punch|p2a: Keldeo\n|-damage|p2a: Keldeo|58\/100\n|-heal|p1a: Seismitoad|22\/100|[from] drain|[of] p2a: Keldeo\n|\n|upkeep\n|turn|3\n|\n|t:|1697766532\n|move|p2a: Keldeo|Scald|p1a: Seismitoad\n|-damage|p1a: Seismitoad|0 fnt\n|faint|p1a: Seismitoad\n|\n|upkeep\n|inactive|juancaletas has 240 seconds left.\n|\n|t:|1697766548\n|switch|p1a: Excadrill|Excadrill, F|100\/100\n|-ability|p1a: Excadrill|Mold Breaker\n|turn|4\n|inactive|LightNashe has 270 seconds left.\n|\n|t:|1697766570\n|switch|p1a: Serperior|Serperior, F|100\/100\n|move|p2a: Keldeo|Scald|p1a: Serperior\n|-resisted|p1a: Serperior\n|-damage|p1a: Serperior|65\/100\n|\n|upkeep\n|turn|5\n|inactive|LightNashe has 270 seconds left.\n|inactive|juancaletas has 240 seconds left.\n|\n|t:|1697766586\n|switch|p2a: Ferrothorn|Ferrothorn, F, shiny|100\/100\n|move|p1a: Serperior|Energy Ball|p2a: Ferrothorn\n|-resisted|p2a: Ferrothorn\n|-damage|p2a: Ferrothorn|95\/100\n|\n|upkeep\n|turn|6\n|inactive|LightNashe has 270 seconds left.\n|\n|t:|1697766597\n|switch|p1a: Chandelure|Chandelure, M|100\/100\n|move|p2a: Ferrothorn|Gyro Ball|p1a: Chandelure\n|-resisted|p1a: Chandelure\n|-damage|p1a: Chandelure|67\/100\n|\n|upkeep\n|turn|7\n|inactive|LightNashe has 270 seconds left.\n|inactive|LightNashe has 240 seconds left.\n|\n|t:|1697766634\n|switch|p2a: Gigalith|Gigalith, F, shiny|100\/100\n|-weather|Sandstorm|[from] ability: Sand Stream|[of] p2a: Gigalith\n|move|p1a: Chandelure|Fire Blast|p2a: Gigalith\n|-resisted|p2a: Gigalith\n|-damage|p2a: Gigalith|65\/100\n|\n|-weather|Sandstorm|[upkeep]\n|-damage|p1a: Chandelure|61\/100|[from] Sandstorm\n|upkeep\n|turn|8\n|inactive|LightNashe has 240 seconds left.\n|\n|t:|1697766647\n|switch|p1a: Conkeldurr|Conkeldurr, M|100\/100\n|move|p2a: Gigalith|Toxic|p1a: Conkeldurr\n|-status|p1a: Conkeldurr|tox\n|\n|-weather|Sandstorm|[upkeep]\n|-damage|p1a: Conkeldurr|94\/100 tox|[from] Sandstorm\n|-damage|p1a: Conkeldurr|88\/100 tox|[from] psn\n|upkeep\n|turn|9\n|inactive|LightNashe has 240 seconds left.\n|\n|t:|1697766662\n|move|p1a: Conkeldurr|Hammer Arm|p2a: Gigalith\n|-supereffective|p2a: Gigalith\n|-damage|p2a: Gigalith|0 fnt\n|-unboost|p1a: Conkeldurr|spe|1\n|faint|p2a: Gigalith\n|\n|-weather|Sandstorm|[upkeep]\n|-damage|p1a: Conkeldurr|82\/100 tox|[from] Sandstorm\n|-damage|p1a: Conkeldurr|70\/100 tox|[from] psn\n|upkeep\n|inactive|LightNashe has 240 seconds left.\n|\n|t:|1697766671\n|switch|p2a: Archeops|Archeops, F, shiny|100\/100\n|turn|10\n|\n|t:|1697766676\n|move|p2a: Archeops|Brave Bird|p1a: Conkeldurr\n|-supereffective|p1a: Conkeldurr\n|-damage|p1a: Conkeldurr|0 fnt\n|-damage|p2a: Archeops|84\/100|[from] item: Rocky Helmet|[of] p1a: Conkeldurr\n|faint|p1a: Conkeldurr\n|-damage|p2a: Archeops|51\/100|[from] Recoil\n|\n|-weather|Sandstorm|[upkeep]\n|upkeep\n|\n|t:|1697766698\n|switch|p1a: Chandelure|Chandelure, M|61\/100\n|turn|11\n|\n|t:|1697766706\n|move|p2a: Archeops|Brave Bird|p1a: Chandelure\n|-damage|p1a: Chandelure|0 fnt\n|faint|p1a: Chandelure\n|-damage|p2a: Archeops|33\/100|[from] Recoil\n|\n|-weather|none\n|upkeep\n|inactive|juancaletas has 240 seconds left.\n|\n|t:|1697766728\n|switch|p1a: Serperior|Serperior, F|65\/100\n|turn|12\n|\n|t:|1697766732\n|move|p1a: Serperior|Hidden Power|p2a: Archeops\n|-supereffective|p2a: Archeops\n|-damage|p2a: Archeops|0 fnt\n|faint|p2a: Archeops\n|\n|upkeep\n|inactive|LightNashe has 270 seconds left.\n|\n|t:|1697766743\n|switch|p2a: Ferrothorn|Ferrothorn, F, shiny|95\/100\n|turn|13\n|\n|t:|1697766748\n|move|p1a: Serperior|Hidden Power|p2a: Ferrothorn\n|-damage|p2a: Ferrothorn|85\/100\n|move|p2a: Ferrothorn|Gyro Ball|p1a: Serperior\n|-damage|p1a: Serperior|0 fnt\n|faint|p1a: Serperior\n|\n|upkeep\n|\n|t:|1697766755\n|switch|p1a: Scolipede|Scolipede, F|100\/100\n|turn|14\n|\n|t:|1697766771\n|move|p1a: Scolipede|Earthquake|p2a: Ferrothorn\n|-damage|p2a: Ferrothorn|63\/100\n|move|p2a: Ferrothorn|Leech Seed|p1a: Scolipede\n|-start|p1a: Scolipede|move: Leech Seed\n|\n|-damage|p1a: Scolipede|88\/100|[from] Leech Seed|[of] p2a: Ferrothorn\n|-heal|p2a: Ferrothorn|72\/100|[silent]\n|-ability|p1a: Scolipede|Speed Boost|boost\n|-boost|p1a: Scolipede|spe|1\n|upkeep\n|turn|15\n|\n|t:|1697766784\n|switch|p1a: Excadrill|Excadrill, F|100\/100\n|-ability|p1a: Excadrill|Mold Breaker\n|move|p2a: Ferrothorn|Gyro Ball|p1a: Excadrill\n|-resisted|p1a: Excadrill\n|-damage|p1a: Excadrill|67\/100\n|\n|upkeep\n|turn|16\n|\n|t:|1697766800\n|move|p1a: Excadrill|Iron Head|p2a: Ferrothorn\n|-resisted|p2a: Ferrothorn\n|-damage|p2a: Ferrothorn|58\/100\n|-damage|p1a: Excadrill|54\/100|[from] ability: Iron Barbs|[of] p2a: Ferrothorn\n|-damage|p1a: Excadrill|38\/100|[from] item: Rocky Helmet|[of] p2a: Ferrothorn\n|move|p2a: Ferrothorn|Power Whip|p1a: Excadrill\n|-damage|p1a: Excadrill|0 fnt\n|faint|p1a: Excadrill\n|\n|upkeep\n|\n|t:|1697766809\n|switch|p1a: Scolipede|Scolipede, F|88\/100\n|turn|17\n|\n|t:|1697766815\n|move|p1a: Scolipede|Earthquake|p2a: Ferrothorn\n|-damage|p2a: Ferrothorn|37\/100\n|move|p2a: Ferrothorn|Gyro Ball|p1a: Scolipede\n|-damage|p1a: Scolipede|21\/100\n|\n|-ability|p1a: Scolipede|Speed Boost|boost\n|-boost|p1a: Scolipede|spe|1\n|upkeep\n|turn|18\n|\n|t:|1697766822\n|move|p1a: Scolipede|Megahorn|p2a: Ferrothorn\n|-damage|p2a: Ferrothorn|0 fnt\n|-damage|p1a: Scolipede|9\/100|[from] ability: Iron Barbs|[of] p2a: Ferrothorn\n|-damage|p1a: Scolipede|0 fnt|[from] item: Rocky Helmet|[of] p2a: Ferrothorn\n|faint|p2a: Ferrothorn\n|faint|p1a: Scolipede\n|\n|win|LightNashe\n|c|\u2606LightNashe|gg\n|c|\u2606juancaletas|gg\n|l| PatoPatito08\n|l|\u2606LightNashe\n|l| WybeRx\n|l| zSlowKiller\n","uploadtime":1697767107,"views":8,"p1id":"juancaletas","p2id":"lightnashe","formatid":"gen9anythinggoes","rating":0,"private":0,"password":""}