{"id":"radicalred-gen9anythinggoes-535630","p1":"shurick","p2":"zSlowKiller","format":"[Gen 9] Anything Goes","log":"|j|\u2606shurick\n|j|\u2606zSlowKiller\n|t:|1698019656\n|gametype|singles\n|player|p1|shurick|rr-zoruahisui|\n|player|p2|zSlowKiller|rr-miraidon|\n|teamsize|p1|6\n|teamsize|p2|6\n|gen|9\n|tier|[Gen 9] Anything Goes\n|rule|HP Percentage Mod: HP is shown in percentages\n|rule|Endless Battle Clause: Forcing endless battles is banned\n|rule|Sleep Clause Mod: Limit one foe put to sleep\n|clearpoke\n|poke|p1|Sigilyph, M|\n|poke|p1|Klinklang|\n|poke|p1|Gigalith, M|\n|poke|p1|Alomomola, F|\n|poke|p1|Archeops, M|\n|poke|p1|Stoutland, F|\n|poke|p2|Hydreigon, M|\n|poke|p2|Volcarona, M|\n|poke|p2|Galvantula, M|\n|poke|p2|Golurk|\n|poke|p2|Ferrothorn, F|\n|poke|p2|Keldeo-Resolute|\n|teampreview\n|j| PatoPatito08\n|j| WybeRx\n|\n|t:|1698019689\n|start\n|switch|p1a: KillerQueen|Archeops, M|100\/100\n|switch|p2a: 4325tre|Volcarona, M, shiny|100\/100\n|turn|1\n|j| Detowo\n|l| Detowo\n|j| BraxGrifRow\n|j| Detowo\n|\n|t:|1698019704\n|switch|p2a: drakig|Ferrothorn, F|100\/100\n|move|p1a: KillerQueen|Rock Slide|p2a: drakig\n|-resisted|p2a: drakig\n|-damage|p2a: drakig|89\/100\n|\n|upkeep\n|turn|2\n|\n|t:|1698019725\n|switch|p1a: MadeInHeaven|Klinklang|100\/100\n|move|p2a: drakig|Gyro Ball|p1a: MadeInHeaven\n|-resisted|p1a: MadeInHeaven\n|-crit|p1a: MadeInHeaven\n|-damage|p1a: MadeInHeaven|60\/100\n|\n|upkeep\n|turn|3\n|\n|t:|1698019739\n|move|p1a: MadeInHeaven|Shift Gear|p1a: MadeInHeaven\n|-boost|p1a: MadeInHeaven|spe|2\n|-boost|p1a: MadeInHeaven|atk|1\n|move|p2a: drakig|Body Press|p1a: MadeInHeaven\n|-supereffective|p1a: MadeInHeaven\n|-damage|p1a: MadeInHeaven|0 fnt\n|faint|p1a: MadeInHeaven\n|\n|upkeep\n|\n|t:|1698019750\n|switch|p1a: SHA|Alomomola, F|100\/100\n|turn|4\n|l| BraxGrifRow\n|j| BraxGrifRow\n|\n|t:|1698019768\n|move|p1a: SHA|Hidden Power|p2a: drakig\n|-supereffective|p2a: drakig\n|-damage|p2a: drakig|62\/100\n|move|p2a: drakig|Leech Seed|p1a: SHA|[miss]\n|-miss|p2a: drakig|p1a: SHA\n|\n|upkeep\n|turn|5\n|\n|t:|1698019783\n|move|p1a: SHA|Protect|p1a: SHA\n|-singleturn|p1a: SHA|Protect\n|move|p2a: drakig|Leech Seed|p1a: SHA\n|-activate|p1a: SHA|move: Protect\n|\n|upkeep\n|turn|6\n|\n|t:|1698019795\n|switch|p1a: StarPlatinium|Sigilyph, M|100\/100\n|move|p2a: drakig|Leech Seed|p1a: StarPlatinium\n|-start|p1a: StarPlatinium|move: Leech Seed\n|\n|upkeep\n|turn|7\n|\n|t:|1698019808\n|move|p1a: StarPlatinium|Esper Wing|p2a: drakig\n|-resisted|p2a: drakig\n|-damage|p2a: drakig|50\/100\n|-boost|p1a: StarPlatinium|spe|1\n|move|p2a: drakig|Gyro Ball|p1a: StarPlatinium\n|-damage|p1a: StarPlatinium|57\/100\n|\n|-heal|p1a: StarPlatinium|63\/100|[from] item: Leftovers\n|upkeep\n|turn|8\n|\n|t:|1698019862\n|move|p1a: StarPlatinium|Calm Mind|p1a: StarPlatinium\n|-boost|p1a: StarPlatinium|spa|1\n|-boost|p1a: StarPlatinium|spd|1\n|move|p2a: drakig|Gyro Ball|p1a: StarPlatinium\n|-damage|p1a: StarPlatinium|22\/100\n|\n|-heal|p1a: StarPlatinium|28\/100|[from] item: Leftovers\n|upkeep\n|turn|9\n|\n|t:|1698019868\n|move|p1a: StarPlatinium|Roost|p1a: StarPlatinium\n|-heal|p1a: StarPlatinium|78\/100\n|-singleturn|p1a: StarPlatinium|move: Roost\n|move|p2a: drakig|Gyro Ball|p1a: StarPlatinium\n|-damage|p1a: StarPlatinium|39\/100\n|\n|-heal|p1a: StarPlatinium|45\/100|[from] item: Leftovers\n|upkeep\n|turn|10\n|\n|t:|1698019900\n|switch|p2a: Golem de hierro|Golurk, shiny|100\/100\n|move|p1a: StarPlatinium|Roost|p1a: StarPlatinium\n|-heal|p1a: StarPlatinium|95\/100\n|-singleturn|p1a: StarPlatinium|move: Roost\n|\n|-heal|p1a: StarPlatinium|100\/100|[from] item: Leftovers\n|upkeep\n|turn|11\n|\n|t:|1698019927\n|move|p1a: StarPlatinium|Esper Wing|p2a: Golem de hierro\n|-damage|p2a: Golem de hierro|61\/100\n|-boost|p1a: StarPlatinium|spe|1\n|move|p2a: Golem de hierro|Shadow Punch|p1a: StarPlatinium\n|-supereffective|p1a: StarPlatinium\n|-damage|p1a: StarPlatinium|0 fnt\n|faint|p1a: StarPlatinium\n|\n|upkeep\n|\n|t:|1698019935\n|switch|p1a: KillerQueen|Archeops, M|100\/100\n|turn|12\n|\n|t:|1698019971\n|move|p1a: KillerQueen|Acrobatics|p2a: Golem de hierro\n|-enditem|p1a: KillerQueen|Flying Gem|[from] gem\n|-damage|p2a: Golem de hierro|0 fnt\n|faint|p2a: Golem de hierro\n|\n|upkeep\n|\n|t:|1698019983\n|switch|p2a: Tilin|Hydreigon, M|100\/100\n|turn|13\n|\n|t:|1698019987\n|move|p1a: KillerQueen|Acrobatics|p2a: Tilin\n|-damage|p2a: Tilin|34\/100\n|move|p2a: Tilin|Dark Hole|p1a: KillerQueen\n|-damage|p1a: KillerQueen|0 fnt\n|faint|p1a: KillerQueen\n|\n|upkeep\n|\n|t:|1698019993\n|switch|p1a: TheWorld|Gigalith, M|100\/100\n|-weather|Sandstorm|[from] ability: Sand Stream|[of] p1a: TheWorld\n|turn|14\n|\n|t:|1698020005\n|move|p2a: Tilin|Dark Hole|p1a: TheWorld\n|-damage|p1a: TheWorld|63\/100\n|move|p1a: TheWorld|Body Press|p2a: Tilin\n|-supereffective|p2a: Tilin\n|-damage|p2a: Tilin|0 fnt\n|faint|p2a: Tilin\n|\n|-weather|Sandstorm|[upkeep]\n|upkeep\n|\n|t:|1698020017\n|switch|p2a: La ara\u00f1a|Galvantula, M, shiny|100\/100\n|turn|15\n|\n|t:|1698020025\n|switch|p1a: EstrellaPlatinada|Stoutland, F|100\/100\n|move|p2a: La ara\u00f1a|Sticky Web|p1a: EstrellaPlatinada\n|-sidestart|p1: shurick|move: Sticky Web\n|\n|-weather|Sandstorm|[upkeep]\n|-damage|p2a: La ara\u00f1a|94\/100|[from] Sandstorm\n|upkeep\n|turn|16\n|\n|t:|1698020050\n|move|p1a: EstrellaPlatinada|Return|p2a: La ara\u00f1a\n|-damage|p2a: La ara\u00f1a|0 fnt\n|faint|p2a: La ara\u00f1a\n|\n|-weather|Sandstorm|[upkeep]\n|upkeep\n|\n|t:|1698020071\n|switch|p2a: drakig|Ferrothorn, F|50\/100\n|turn|17\n|\n|t:|1698020077\n|switch|p1a: TheWorld|Gigalith, M|63\/100\n|-activate|p1a: TheWorld|move: Sticky Web\n|-unboost|p1a: TheWorld|spe|1\n|move|p2a: drakig|Leech Seed|p1a: TheWorld\n|-start|p1a: TheWorld|move: Leech Seed\n|\n|-weather|Sandstorm|[upkeep]\n|-damage|p1a: TheWorld|50\/100|[from] Leech Seed|[of] p2a: drakig\n|-heal|p2a: drakig|63\/100|[silent]\n|upkeep\n|turn|18\n|\n|t:|1698020105\n|move|p1a: TheWorld|Body Press|p2a: drakig\n|-supereffective|p2a: drakig\n|-damage|p2a: drakig|38\/100\n|-damage|p1a: TheWorld|38\/100|[from] ability: Iron Barbs|[of] p2a: drakig\n|-damage|p1a: TheWorld|22\/100|[from] item: Rocky Helmet|[of] p2a: drakig\n|move|p2a: drakig|Body Press|p1a: TheWorld\n|-supereffective|p1a: TheWorld\n|-damage|p1a: TheWorld|0 fnt\n|faint|p1a: TheWorld\n|\n|-weather|Sandstorm|[upkeep]\n|upkeep\n|\n|t:|1698020113\n|switch|p1a: SHA|Alomomola, F|100\/100\n|-activate|p1a: SHA|move: Sticky Web\n|-unboost|p1a: SHA|spe|1\n|turn|19\n|\n|t:|1698020120\n|move|p1a: SHA|Hidden Power|p2a: drakig\n|-supereffective|p2a: drakig\n|-damage|p2a: drakig|13\/100\n|move|p2a: drakig|Leech Seed|p1a: SHA\n|-start|p1a: SHA|move: Leech Seed\n|\n|-weather|Sandstorm|[upkeep]\n|-damage|p1a: SHA|94\/100|[from] Sandstorm\n|-damage|p1a: SHA|82\/100|[from] Leech Seed|[of] p2a: drakig\n|-heal|p2a: drakig|32\/100|[silent]\n|upkeep\n|turn|20\n|\n|t:|1698020137\n|move|p1a: SHA|Wish|p1a: SHA\n|move|p2a: drakig|Body Press|p1a: SHA\n|-damage|p1a: SHA|65\/100\n|-damage|p2a: drakig|15\/100|[from] item: Rocky Helmet|[of] p1a: SHA\n|\n|-weather|Sandstorm|[upkeep]\n|-damage|p1a: SHA|59\/100|[from] Sandstorm\n|-damage|p1a: SHA|46\/100|[from] Leech Seed|[of] p2a: drakig\n|-heal|p2a: drakig|34\/100|[silent]\n|upkeep\n|turn|21\n|\n|t:|1698020163\n|move|p2a: drakig|Protect|p2a: drakig\n|-singleturn|p2a: drakig|Protect\n|move|p1a: SHA|Hidden Power|p2a: drakig\n|-activate|p2a: drakig|move: Protect\n|\n|-weather|none\n|-heal|p1a: SHA|96\/100|[from] move: Wish|[wisher] SHA\n|-damage|p1a: SHA|84\/100|[from] Leech Seed|[of] p2a: drakig\n|-heal|p2a: drakig|53\/100|[silent]\n|upkeep\n|turn|22\n|\n|t:|1698020181\n|move|p1a: SHA|Wish|p1a: SHA\n|move|p2a: drakig|Body Press|p1a: SHA\n|-damage|p1a: SHA|66\/100\n|-damage|p2a: drakig|36\/100|[from] item: Rocky Helmet|[of] p1a: SHA\n|\n|-damage|p1a: SHA|54\/100|[from] Leech Seed|[of] p2a: drakig\n|-heal|p2a: drakig|55\/100|[silent]\n|upkeep\n|turn|23\n|\n|t:|1698020188\n|move|p1a: SHA|Hidden Power|p2a: drakig\n|-supereffective|p2a: drakig\n|-damage|p2a: drakig|32\/100\n|move|p2a: drakig|Body Press|p1a: SHA\n|-damage|p1a: SHA|38\/100\n|-damage|p2a: drakig|16\/100|[from] item: Rocky Helmet|[of] p1a: SHA\n|\n|-heal|p1a: SHA|88\/100|[from] move: Wish|[wisher] SHA\n|-damage|p1a: SHA|75\/100|[from] Leech Seed|[of] p2a: drakig\n|-heal|p2a: drakig|34\/100|[silent]\n|upkeep\n|turn|24\n|\n|t:|1698020191\n|move|p2a: drakig|Protect|p2a: drakig\n|-singleturn|p2a: drakig|Protect\n|move|p1a: SHA|Wish|p1a: SHA\n|\n|-damage|p1a: SHA|63\/100|[from] Leech Seed|[of] p2a: drakig\n|-heal|p2a: drakig|53\/100|[silent]\n|upkeep\n|turn|25\n|\n|t:|1698020197\n|move|p1a: SHA|Hidden Power|p2a: drakig\n|-supereffective|p2a: drakig\n|-damage|p2a: drakig|29\/100\n|move|p2a: drakig|Leech Seed||[still]\n|-fail|p2a: drakig\n|\n|-heal|p1a: SHA|100\/100|[from] move: Wish|[wisher] SHA\n|-damage|p1a: SHA|88\/100|[from] Leech Seed|[of] p2a: drakig\n|-heal|p2a: drakig|48\/100|[silent]\n|upkeep\n|turn|26\n|\n|t:|1698020203\n|move|p2a: drakig|Protect|p2a: drakig\n|-singleturn|p2a: drakig|Protect\n|move|p1a: SHA|Wish|p1a: SHA\n|\n|-damage|p1a: SHA|76\/100|[from] Leech Seed|[of] p2a: drakig\n|-heal|p2a: drakig|67\/100|[silent]\n|upkeep\n|turn|27\n|\n|t:|1698020230\n|switch|p2a: 4325tre|Volcarona, M, shiny|100\/100\n|move|p1a: SHA|Hidden Power|p2a: 4325tre\n|-damage|p2a: 4325tre|93\/100\n|\n|-heal|p1a: SHA|100\/100|[from] move: Wish|[wisher] SHA\n|-damage|p1a: SHA|88\/100|[from] Leech Seed|[of] p2a: 4325tre\n|-heal|p2a: 4325tre|100\/100|[silent]\n|upkeep\n|turn|28\n|c| BraxGrifRow|Switch out alreadu\n|c| BraxGrifRow|already*\n|\n|t:|1698020246\n|move|p2a: 4325tre|Quiver Dance|p2a: 4325tre\n|-boost|p2a: 4325tre|spa|1\n|-boost|p2a: 4325tre|spd|1\n|-boost|p2a: 4325tre|spe|1\n|move|p1a: SHA|Toxic|p2a: 4325tre|[miss]\n|-miss|p1a: SHA|p2a: 4325tre\n|\n|-damage|p1a: SHA|76\/100|[from] Leech Seed|[of] p2a: 4325tre\n|upkeep\n|turn|29\n|c|\u2606shurick|gg\n|c| BraxGrifRow|Bug buzz\n|\n|t:|1698020265\n|move|p2a: 4325tre|Quiver Dance|p2a: 4325tre\n|-boost|p2a: 4325tre|spa|1\n|-boost|p2a: 4325tre|spd|1\n|-boost|p2a: 4325tre|spe|1\n|move|p1a: SHA|Toxic|p2a: 4325tre\n|-status|p2a: 4325tre|tox\n|\n|-damage|p1a: SHA|63\/100|[from] Leech Seed|[of] p2a: 4325tre\n|-damage|p2a: 4325tre|94\/100 tox|[from] psn\n|upkeep\n|turn|30\n|c| Detowo|calla gringo\n|c| BraxGrifRow|Bug Buzz\n|c| BraxGrifRow|now\n|\n|t:|1698020284\n|switch|p1a: EstrellaPlatinada|Stoutland, F|100\/100\n|-activate|p1a: EstrellaPlatinada|move: Sticky Web\n|-unboost|p1a: EstrellaPlatinada|spe|1\n|move|p2a: 4325tre|Giga Drain|p1a: EstrellaPlatinada\n|-damage|p1a: EstrellaPlatinada|35\/100\n|-heal|p2a: 4325tre|100\/100 tox|[from] drain|[of] p1a: EstrellaPlatinada\n|\n|-damage|p2a: 4325tre|88\/100 tox|[from] psn\n|upkeep\n|turn|31\n|c| Detowo|shut up brax \n|\n|t:|1698020290\n|move|p2a: 4325tre|Giga Drain|p1a: EstrellaPlatinada\n|-damage|p1a: EstrellaPlatinada|0 fnt\n|-heal|p2a: 4325tre|100\/100 tox|[from] drain|[of] p1a: EstrellaPlatinada\n|faint|p1a: EstrellaPlatinada\n|\n|-damage|p2a: 4325tre|82\/100 tox|[from] psn\n|upkeep\n|\n|t:|1698020293\n|switch|p1a: SHA|Alomomola, F|97\/100\n|-activate|p1a: SHA|move: Sticky Web\n|-unboost|p1a: SHA|spe|1\n|turn|32\n|j| coolfoxkid\n|c| BraxGrifRow|Never\n|\n|t:|1698020295\n|move|p1a: SHA|Protect|p1a: SHA\n|-singleturn|p1a: SHA|Protect\n|move|p2a: 4325tre|Giga Drain|p1a: SHA\n|-activate|p1a: SHA|move: Protect\n|\n|-damage|p2a: 4325tre|58\/100 tox|[from] psn\n|upkeep\n|turn|33\n|\n|t:|1698020301\n|move|p1a: SHA|Protect||[still]\n|-fail|p1a: SHA\n|move|p2a: 4325tre|Giga Drain|p1a: SHA\n|-supereffective|p1a: SHA\n|-damage|p1a: SHA|0 fnt\n|-heal|p2a: 4325tre|100\/100 tox|[from] drain|[of] p1a: SHA\n|faint|p1a: SHA\n|\n|win|zSlowKiller\n|c|\u2606zSlowKiller|gg\n|c|\u2606shurick|gg\n|c| Detowo|angry face\n","uploadtime":1698020312,"views":13,"p1id":"shurick","p2id":"zslowkiller","formatid":"gen9anythinggoes","rating":0,"private":0,"password":""}