{"id":"radicalred-gen9anythinggoes-538716","p1":"WaKax2","p2":"Ggc69","format":"[Gen 9] Anything Goes","log":"|j|\u2606WaKax2\n|j|\u2606Ggc69\n|t:|1698460750\n|gametype|singles\n|player|p1|WaKax2|266|\n|player|p2|Ggc69|169|\n|teamsize|p1|6\n|teamsize|p2|6\n|gen|9\n|tier|[Gen 9] Anything Goes\n|rule|HP Percentage Mod: HP is shown in percentages\n|rule|Endless Battle Clause: Forcing endless battles is banned\n|rule|Sleep Clause Mod: Limit one foe put to sleep\n|clearpoke\n|poke|p1|Hydreigon, F|\n|poke|p1|Sawsbuck-Summer, F|\n|poke|p1|Bisharp, M|\n|poke|p1|Mienshao, F|\n|poke|p1|Cofagrigus, M|\n|poke|p1|Keldeo-Resolute|\n|poke|p2|Hydreigon, F|\n|poke|p2|Keldeo-Resolute|\n|poke|p2|Volcarona, M|\n|poke|p2|Serperior, M|\n|poke|p2|Zoroark, M|\n|poke|p2|Ferrothorn, M|\n|teampreview\n|j| Toxic Ariados\n|inactive|Battle timer is ON: inactive players will automatically lose when time's up. (requested by WaKax2)\n|j| zSlowKiller\n|\n|t:|1698460805\n|start\n|switch|p1a: Hydreigon|Hydreigon, F|100\/100\n|switch|p2a: NAINAINAI|Keldeo-Resolute|100\/100\n|turn|1\n|j| StarDust_Leo\n|\n|t:|1698460817\n|move|p1a: Hydreigon|Draco Meteor|p2a: NAINAINAI\n|-damage|p2a: NAINAINAI|0 fnt\n|-unboost|p1a: Hydreigon|spa|2\n|replace|p2a: zorra|Zoroark, M\n|-end|p2a: zorra|Illusion\n|faint|p2a: zorra\n|\n|upkeep\n|\n|t:|1698460837\n|switch|p2a: Serperior|Serperior, M|100\/100\n|turn|2\n|\n|t:|1698460853\n|move|p1a: Hydreigon|Draco Meteor|p2a: Serperior\n|-damage|p2a: Serperior|62\/100\n|-unboost|p1a: Hydreigon|spa|2\n|move|p2a: Serperior|Glare|p1a: Hydreigon\n|-status|p1a: Hydreigon|par\n|\n|upkeep\n|turn|3\n|\n|t:|1698460865\n|switch|p2a: LucyPussy|Volcarona, M|100\/100\n|switch|p1a: Mienshao|Mienshao, F|100\/100\n|\n|upkeep\n|turn|4\n|\n|t:|1698460879\n|switch|p2a: Ferrothorn|Ferrothorn, M|100\/100\n|move|p1a: Mienshao|Close Combat|p2a: Ferrothorn\n|-supereffective|p2a: Ferrothorn\n|-damage|p2a: Ferrothorn|30\/100\n|-unboost|p1a: Mienshao|def|1\n|-unboost|p1a: Mienshao|spd|1\n|-damage|p1a: Mienshao|88\/100|[from] ability: Iron Barbs|[of] p2a: Ferrothorn\n|-damage|p1a: Mienshao|72\/100|[from] item: Rocky Helmet|[of] p2a: Ferrothorn\n|\n|upkeep\n|turn|5\n|inactive|Ggc69 has 270 seconds left.\n|inactive|Ggc69 has 240 seconds left.\n|\n|t:|1698460937\n|switch|p2a: LucyPussy|Volcarona, M|100\/100\n|move|p1a: Mienshao|Fake Out||[still]\n|-hint|Fake Out only works on your first turn out.\n|-fail|p1a: Mienshao\n|\n|upkeep\n|turn|6\n|\n|t:|1698460949\n|move|p1a: Mienshao|U-turn|p2a: LucyPussy\n|-resisted|p2a: LucyPussy\n|-damage|p2a: LucyPussy|81\/100\n|\n|t:|1698460955\n|switch|p1a: Bisharp|Bisharp, M|100\/100|[from] U-turn\n|move|p2a: LucyPussy|Quiver Dance|p2a: LucyPussy\n|-boost|p2a: LucyPussy|spa|1\n|-boost|p2a: LucyPussy|spd|1\n|-boost|p2a: LucyPussy|spe|1\n|\n|upkeep\n|turn|7\n|\n|t:|1698460965\n|move|p2a: LucyPussy|Fiery Dance|p1a: Bisharp\n|-supereffective|p1a: Bisharp\n|-damage|p1a: Bisharp|0 fnt\n|faint|p1a: Bisharp\n|\n|upkeep\n|\n|t:|1698460975\n|switch|p1a: Cofagrigus|Cofagrigus, M|100\/100\n|turn|8\n|\n|t:|1698460984\n|move|p2a: LucyPussy|Fiery Dance|p1a: Cofagrigus\n|-damage|p1a: Cofagrigus|69\/100\n|-boost|p2a: LucyPussy|spa|1\n|move|p1a: Cofagrigus|Iron Defense|p1a: Cofagrigus\n|-boost|p1a: Cofagrigus|def|2\n|\n|upkeep\n|turn|9\n|inactive|Ggc69 has 270 seconds left.\n|\n|t:|1698461003\n|move|p2a: LucyPussy|Fiery Dance|p1a: Cofagrigus\n|-damage|p1a: Cofagrigus|0 fnt\n|-boost|p2a: LucyPussy|spa|1\n|faint|p1a: Cofagrigus\n|\n|upkeep\n|\n|t:|1698461011\n|switch|p1a: Mienshao|Mienshao, F|100\/100\n|turn|10\n|inactive|Ggc69 has 270 seconds left.\n|\n|t:|1698461017\n|move|p1a: Mienshao|Fake Out|p2a: LucyPussy\n|-damage|p2a: LucyPussy|59\/100\n|-status|p1a: Mienshao|brn|[from] ability: Flame Body|[of] p2a: LucyPussy\n|cant|p2a: LucyPussy|flinch\n|\n|-damage|p1a: Mienshao|95\/100 brn|[from] brn\n|upkeep\n|turn|11\n|inactive|Ggc69 has 270 seconds left.\n|\n|t:|1698461027\n|switch|p1a: Keldeo|Keldeo-Resolute, shiny|100\/100\n|move|p2a: LucyPussy|Fiery Dance|p1a: Keldeo\n|-resisted|p1a: Keldeo\n|-damage|p1a: Keldeo|40\/100\n|-boost|p2a: LucyPussy|spa|1\n|\n|upkeep\n|turn|12\n|inactive|Ggc69 has 270 seconds left.\n|\n|t:|1698461040\n|move|p2a: LucyPussy|Giga Drain|p1a: Keldeo\n|-supereffective|p1a: Keldeo\n|-damage|p1a: Keldeo|0 fnt\n|-heal|p2a: LucyPussy|80\/100|[from] drain|[of] p1a: Keldeo\n|faint|p1a: Keldeo\n|\n|upkeep\n|\n|t:|1698461046\n|switch|p1a: Sawsbuck|Sawsbuck-Summer, F|100\/100\n|turn|13\n|\n|t:|1698461049\n|move|p2a: LucyPussy|Fiery Dance|p1a: Sawsbuck\n|-supereffective|p1a: Sawsbuck\n|-damage|p1a: Sawsbuck|0 fnt\n|-boost|p2a: LucyPussy|spa|1\n|faint|p1a: Sawsbuck\n|\n|upkeep\n|\n|t:|1698461056\n|switch|p1a: Hydreigon|Hydreigon, F|100\/100 par\n|turn|14\n|\n|t:|1698461062\n|move|p2a: LucyPussy|Bug Buzz|p1a: Hydreigon\n|-supereffective|p1a: Hydreigon\n|-damage|p1a: Hydreigon|0 fnt\n|faint|p1a: Hydreigon\n|\n|upkeep\n|\n|t:|1698461068\n|switch|p1a: Mienshao|Mienshao, F|100\/100 brn\n|turn|15\n|\n|t:|1698461073\n|move|p2a: LucyPussy|Fiery Dance|p1a: Mienshao\n|-damage|p1a: Mienshao|0 fnt\n|faint|p1a: Mienshao\n|\n|win|Ggc69\n|c|\u2606Ggc69|gg\n","uploadtime":1698461079,"views":8,"p1id":"wakax2","p2id":"ggc69","formatid":"gen9anythinggoes","rating":0,"private":0,"password":""}