{"id":"radicalred-gen9anythinggoes-534075","p1":"Detowo","p2":"Jowy2150","format":"[Gen 9] Anything Goes","log":"|j|\u2606Detowo\n|j|\u2606Jowy2150\n|t:|1697737881\n|gametype|singles\n|player|p1|Detowo|rr-bewear|\n|player|p2|Jowy2150|170|\n|teamsize|p1|6\n|teamsize|p2|6\n|gen|9\n|tier|[Gen 9] Anything Goes\n|rule|HP Percentage Mod: HP is shown in percentages\n|rule|Endless Battle Clause: Forcing endless battles is banned\n|clearpoke\n|poke|p1|Galvantula, M|\n|poke|p1|Darmanitan, F|\n|poke|p1|Serperior, F|\n|poke|p1|Cofagrigus, M|\n|poke|p1|Keldeo-Resolute|\n|poke|p1|Hydreigon, F|\n|poke|p2|Landorus, M|\n|poke|p2|Haxorus, F|\n|poke|p2|Darmanitan, F|\n|poke|p2|Amoonguss, M|\n|poke|p2|Seismitoad, M|\n|poke|p2|Krookodile, M|\n|teampreview\n|\n|t:|1697737913\n|start\n|switch|p1a: KUKIS|Galvantula, M|100\/100\n|switch|p2a: Jorgemaster|Krookodile, M, shiny|100\/100\n|-ability|p2a: Jorgemaster|Intimidate|boost\n|-unboost|p1a: KUKIS|atk|1\n|turn|1\n|\n|t:|1697737922\n|move|p1a: KUKIS|Sticky Web|p2a: Jorgemaster\n|-sidestart|p2: Jowy2150|move: Sticky Web\n|move|p2a: Jorgemaster|Bulk Up|p2a: Jorgemaster\n|-boost|p2a: Jorgemaster|atk|1\n|-boost|p2a: Jorgemaster|def|1\n|\n|upkeep\n|turn|2\n|\n|t:|1697737931\n|move|p1a: KUKIS|Bug Buzz|p2a: Jorgemaster\n|-supereffective|p2a: Jorgemaster\n|-damage|p2a: Jorgemaster|0 fnt\n|faint|p2a: Jorgemaster\n|\n|upkeep\n|\n|t:|1697737938\n|switch|p2a: Folagor|Darmanitan, F|100\/100\n|-activate|p2a: Folagor|move: Sticky Web\n|-unboost|p2a: Folagor|spe|1\n|turn|3\n|\n|t:|1697737948\n|move|p1a: KUKIS|Bug Buzz|p2a: Folagor\n|-resisted|p2a: Folagor\n|-damage|p2a: Folagor|71\/100\n|move|p2a: Folagor|Flare Blitz|p1a: KUKIS\n|-supereffective|p1a: KUKIS\n|-enditem|p1a: KUKIS|Focus Sash\n|-damage|p1a: KUKIS|1\/100\n|-damage|p2a: Folagor|45\/100|[from] Recoil\n|\n|upkeep\n|turn|4\n|j| Wyberx\n|\n|t:|1697737957\n|move|p1a: KUKIS|Volt Switch|p2a: Folagor\n|-damage|p2a: Folagor|0 fnt\n|faint|p2a: Folagor\n|\n|t:|1697737963\n|switch|p1a: FANTASMANO|Cofagrigus, M, shiny|100\/100|[from] Volt Switch\n|\n|upkeep\n|\n|t:|1697737973\n|switch|p2a: Mbappe|Haxorus, F, shiny|100\/100\n|-activate|p2a: Mbappe|move: Sticky Web\n|-unboost|p2a: Mbappe|spe|1\n|-ability|p2a: Mbappe|Mold Breaker\n|turn|5\n|j| PatoPatito08\n|\n|t:|1697737984\n|move|p2a: Mbappe|Dragon Claw|p1a: FANTASMANO\n|-damage|p1a: FANTASMANO|73\/100\n|move|p1a: FANTASMANO|Will-O-Wisp|p2a: Mbappe\n|-status|p2a: Mbappe|brn\n|\n|-heal|p1a: FANTASMANO|80\/100|[from] item: Leftovers\n|-damage|p2a: Mbappe|95\/100 brn|[from] brn\n|upkeep\n|turn|6\n|\n|t:|1697737997\n|move|p2a: Mbappe|Dragon Claw|p1a: FANTASMANO\n|-damage|p1a: FANTASMANO|48\/100\n|move|p1a: FANTASMANO|Toxic Spikes|p2a: Mbappe\n|-sidestart|p2: Jowy2150|move: Toxic Spikes\n|\n|-heal|p1a: FANTASMANO|54\/100|[from] item: Leftovers\n|-damage|p2a: Mbappe|89\/100 brn|[from] brn\n|upkeep\n|turn|7\n|\n|t:|1697738006\n|move|p2a: Mbappe|Dragon Claw|p1a: FANTASMANO\n|-damage|p1a: FANTASMANO|25\/100\n|move|p1a: FANTASMANO|Shadow Ball|p2a: Mbappe\n|-damage|p2a: Mbappe|49\/100 brn\n|\n|-heal|p1a: FANTASMANO|31\/100|[from] item: Leftovers\n|-damage|p2a: Mbappe|43\/100 brn|[from] brn\n|upkeep\n|turn|8\n|\n|t:|1697738016\n|move|p2a: Mbappe|Dragon Claw|p1a: FANTASMANO\n|-damage|p1a: FANTASMANO|3\/100\n|move|p1a: FANTASMANO|Shadow Ball|p2a: Mbappe\n|-damage|p2a: Mbappe|4\/100 brn\n|-unboost|p2a: Mbappe|spd|1\n|\n|-heal|p1a: FANTASMANO|10\/100|[from] item: Leftovers\n|-damage|p2a: Mbappe|0 fnt|[from] brn\n|faint|p2a: Mbappe\n|upkeep\n|c|\u2606Jowy2150|XD\n|\n|t:|1697738043\n|switch|p2a: AlenNS|Landorus, M, shiny|100\/100\n|turn|9\n|l| PatoPatito08\n|\n|t:|1697738050\n|move|p2a: AlenNS|Earth Power|p1a: FANTASMANO\n|-damage|p1a: FANTASMANO|0 fnt\n|faint|p1a: FANTASMANO\n|\n|upkeep\n|\n|t:|1697738056\n|switch|p1a: RORONOA ZORO|Keldeo-Resolute, shiny|100\/100\n|turn|10\n|\n|t:|1697738062\n|move|p1a: RORONOA ZORO|Hydro Pump|p2a: AlenNS\n|-supereffective|p2a: AlenNS\n|-damage|p2a: AlenNS|0 fnt\n|faint|p2a: AlenNS\n|-damage|p1a: RORONOA ZORO|91\/100|[from] item: Life Orb\n|\n|upkeep\n|\n|t:|1697738067\n|switch|p2a: Impostor|Amoonguss, M|100\/100\n|-sideend|p2: Jowy2150|move: Toxic Spikes|[of] p2a: Impostor\n|-activate|p2a: Impostor|move: Sticky Web\n|-unboost|p2a: Impostor|spe|1\n|turn|11\n|\n|t:|1697738075\n|switch|p1a: SEXO PURO|Darmanitan, F, shiny|100\/100\n|move|p2a: Impostor|Spore|p1a: SEXO PURO\n|-status|p1a: SEXO PURO|slp|[from] move: Spore\n|\n|upkeep\n|turn|12\n|\n|t:|1697738082\n|switch|p2a: Ranita insana|Seismitoad, M, shiny|100\/100\n|-activate|p2a: Ranita insana|move: Sticky Web\n|-unboost|p2a: Ranita insana|spe|1\n|cant|p1a: SEXO PURO|slp\n|\n|upkeep\n|turn|13\n|\n|t:|1697738093\n|switch|p1a: KUKIS|Galvantula, M|1\/100\n|move|p2a: Ranita insana|Toxic|p1a: KUKIS\n|-status|p1a: KUKIS|tox\n|\n|-damage|p1a: KUKIS|0 fnt|[from] psn\n|faint|p1a: KUKIS\n|upkeep\n|j| PatoPatito08\n|\n|t:|1697738102\n|switch|p1a: MI TULA|Serperior, F|100\/100\n|turn|14\n|\n|t:|1697738107\n|switch|p2a: Impostor|Amoonguss, M|100\/100\n|-activate|p2a: Impostor|move: Sticky Web\n|-unboost|p2a: Impostor|spe|1\n|move|p1a: MI TULA|Leaf Storm|p2a: Impostor\n|-resisted|p2a: Impostor\n|-damage|p2a: Impostor|90\/100\n|-boost|p1a: MI TULA|spa|2\n|\n|-heal|p2a: Impostor|96\/100|[from] item: Black Sludge\n|upkeep\n|turn|15\n|\n|t:|1697738126\n|move|p1a: MI TULA|Leaf Storm|p2a: Impostor\n|-resisted|p2a: Impostor\n|-damage|p2a: Impostor|77\/100\n|-boost|p1a: MI TULA|spa|2\n|move|p2a: Impostor|Sludge Bomb|p1a: MI TULA\n|-supereffective|p1a: MI TULA\n|-damage|p1a: MI TULA|32\/100\n|\n|-heal|p2a: Impostor|83\/100|[from] item: Black Sludge\n|upkeep\n|turn|16\n|\n|t:|1697738134\n|move|p1a: MI TULA|Dragon Pulse|p2a: Impostor\n|-damage|p2a: Impostor|41\/100\n|move|p2a: Impostor|Sludge Bomb|p1a: MI TULA\n|-supereffective|p1a: MI TULA\n|-damage|p1a: MI TULA|0 fnt\n|faint|p1a: MI TULA\n|\n|-heal|p2a: Impostor|47\/100|[from] item: Black Sludge\n|upkeep\n|\n|t:|1697738140\n|switch|p1a: BACEROLA|Hydreigon, F|100\/100\n|turn|17\n|\n|t:|1697738146\n|switch|p2a: Ranita insana|Seismitoad, M, shiny|100\/100\n|-activate|p2a: Ranita insana|move: Sticky Web\n|-unboost|p2a: Ranita insana|spe|1\n|move|p1a: BACEROLA|Dark Hole|p2a: Ranita insana\n|-damage|p2a: Ranita insana|23\/100\n|\n|-heal|p2a: Ranita insana|29\/100|[from] item: Leftovers\n|upkeep\n|turn|18\n|\n|t:|1697738157\n|move|p1a: BACEROLA|Dark Hole|p2a: Ranita insana\n|-damage|p2a: Ranita insana|0 fnt\n|faint|p2a: Ranita insana\n|\n|upkeep\n|c|\u2606Jowy2150|GG\n|\n|t:|1697738163\n|switch|p2a: Impostor|Amoonguss, M|81\/100\n|-activate|p2a: Impostor|move: Sticky Web\n|-unboost|p2a: Impostor|spe|1\n|turn|19\n|\n|t:|1697738173\n|move|p1a: BACEROLA|Dark Hole|p2a: Impostor\n|-crit|p2a: Impostor\n|-damage|p2a: Impostor|0 fnt\n|faint|p2a: Impostor\n|\n|win|Detowo\n|c|\u2606Detowo|ggs\n|l|\u2606Jowy2150\n","uploadtime":1697738181,"views":9,"p1id":"detowo","p2id":"jowy2150","formatid":"gen9anythinggoes","rating":0,"private":0,"password":""}