{"id":"radicalred-gen9anythinggoes-541910","p1":"Cyclizary","p2":"mixolx","format":"[Gen 9] Anything Goes","log":"|j|\u2606Cyclizary\n|j|\u2606mixolx\n|t:|1699018646\n|gametype|singles\n|player|p1|Cyclizary|rr-vaporeon|\n|player|p2|mixolx|rr-clawitzerseviian|\n|teamsize|p1|6\n|teamsize|p2|6\n|gen|9\n|tier|[Gen 9] Anything Goes\n|rule|HP Percentage Mod: HP is shown in percentages\n|rule|Endless Battle Clause: Forcing endless battles is banned\n|clearpoke\n|poke|p1|Ninetales-Alola, F|\n|poke|p1|Necrozma-Dusk-Mane|\n|poke|p1|Xerneas-*|\n|poke|p1|Milotic-Sevii, F|\n|poke|p1|Altaria, M|\n|poke|p1|Aromatisse, F|\n|poke|p2|Ninetales-Alola, F|\n|poke|p2|Zacian-*|\n|poke|p2|Xerneas-*|\n|poke|p2|Milotic-Sevii, F|\n|poke|p2|Mawile, M|\n|poke|p2|Cloyster, M|\n|teampreview\n|c|\u2606Cyclizary|what u wanna show me now that should biuld my team so t\n|c|\u2606Cyclizary|that other people have it easy\n|\n|t:|1699018718\n|start\n|switch|p1a: Necrozma|Necrozma-Dusk-Mane|100\/100\n|switch|p2a: Mawile|Mawile, M|100\/100\n|-ability|p2a: Mawile|Intimidate|boost\n|-unboost|p1a: Necrozma|atk|1\n|turn|1\n|\n|t:|1699018727\n|switch|p1a: Milotic|Milotic-Sevii, F|100\/100\n|detailschange|p2a: Mawile|Mawile-Mega, M\n|-mega|p2a: Mawile|Mawile|Mawilite\n|move|p2a: Mawile|Swords Dance|p2a: Mawile\n|-boost|p2a: Mawile|atk|2\n|\n|upkeep\n|turn|2\n|\n|t:|1699018736\n|move|p1a: Milotic|Scorching Sands|p2a: Mawile\n|-supereffective|p2a: Mawile\n|-damage|p2a: Mawile|46\/100\n|move|p2a: Mawile|Double Iron Bash|p1a: Milotic\n|-supereffective|p1a: Milotic\n|-damage|p1a: Milotic|0 fnt\n|faint|p1a: Milotic\n|-hitcount|p1: Milotic|1\n|\n|upkeep\n|\n|t:|1699018745\n|switch|p1a: Necrozma|Necrozma-Dusk-Mane|100\/100\n|turn|3\n|c|\u2606mixolx|can't take a hit\n|\n|t:|1699018751\n|move|p2a: Mawile|Sucker Punch|p1a: Necrozma\n|-supereffective|p1a: Necrozma\n|-damage|p1a: Necrozma|0 fnt\n|faint|p1a: Necrozma\n|\n|upkeep\n|\n|t:|1699018767\n|switch|p1a: Xerneas|Xerneas|100\/100\n|-ability|p1a: Xerneas|Fairy Aura\n|turn|4\n|\n|t:|1699018775\n|move|p1a: Xerneas|Geomancy||[still]\n|-prepare|p1a: Xerneas|Geomancy\n|-enditem|p1a: Xerneas|Power Herb\n|-anim|p1a: Xerneas|Geomancy|p1a: Xerneas\n|-boost|p1a: Xerneas|spa|2\n|-boost|p1a: Xerneas|spd|2\n|-boost|p1a: Xerneas|spe|2\n|move|p2a: Mawile|Double Iron Bash|p1a: Xerneas\n|-supereffective|p1a: Xerneas\n|-damage|p1a: Xerneas|0 fnt\n|faint|p1a: Xerneas\n|-hitcount|p1: Xerneas|1\n|\n|upkeep\n|j| Mr cyphon\n|j| Eddie00090\n|c|\u2606Cyclizary|that was a 50 50\n|c|\u2606mixolx|focus blast would have killed\n|c| Eddie00090|hello\n|l| Mr cyphon\n|\n|t:|1699018802\n|switch|p1a: Altaria|Altaria, M|100\/100\n|turn|5\n|c|\u2606mixolx|i did that because it wouldn't have materd\n|\n|t:|1699018812\n|detailschange|p1a: Altaria|Altaria-Mega, M\n|-mega|p1a: Altaria|Altaria|Altarianite\n|move|p1a: Altaria|Earthquake|p2a: Mawile\n|-supereffective|p2a: Mawile\n|-damage|p2a: Mawile|0 fnt\n|faint|p2a: Mawile\n|\n|upkeep\n|\n|t:|1699018819\n|switch|p2a: Ninetales|Ninetales-Alola, F|100\/100\n|-weather|Snow|[from] ability: Snow Warning|[of] p2a: Ninetales\n|turn|6\n|\n|t:|1699018837\n|switch|p1a: Ninetales|Ninetales-Alola, F|100\/100\n|move|p2a: Ninetales|Aurora Veil|p2a: Ninetales\n|-sidestart|p2: mixolx|move: Aurora Veil\n|\n|-weather|Snow|[upkeep]\n|upkeep\n|turn|7\n|\n|t:|1699018842\n|move|p1a: Ninetales|Encore|p2a: Ninetales\n|-start|p2a: Ninetales|Encore\n|move|p2a: Ninetales|Aurora Veil||[still]\n|-fail|p2a: Ninetales\n|\n|-weather|Snow|[upkeep]\n|upkeep\n|turn|8\n|\n|t:|1699018850\n|switch|p2a: Zacian|Zacian|100\/100\n|-ability|p2a: Zacian|Intrepid Sword|boost\n|-boost|p2a: Zacian|atk|1\n|move|p1a: Ninetales|Aurora Veil|p1a: Ninetales\n|-sidestart|p1: Cyclizary|move: Aurora Veil\n|\n|-weather|Snow|[upkeep]\n|upkeep\n|turn|9\n|\n|t:|1699018861\n|switch|p1a: Aromatisse|Aromatisse, F|100\/100\n|-ability|p1a: Aromatisse|Fairy Aura\n|move|p2a: Zacian|Sacred Sword|p1a: Aromatisse\n|-resisted|p1a: Aromatisse\n|-damage|p1a: Aromatisse|93\/100\n|-damage|p2a: Zacian|84\/100|[from] item: Rocky Helmet|[of] p1a: Aromatisse\n|\n|-weather|Snow|[upkeep]\n|-heal|p2a: Zacian|90\/100|[from] item: Leftovers\n|upkeep\n|turn|10\n|\n|t:|1699018872\n|switch|p2a: Milotic|Milotic-Sevii, F|100\/100\n|move|p1a: Aromatisse|Toxic|p2a: Milotic\n|-status|p2a: Milotic|tox\n|\n|-weather|none\n|-damage|p2a: Milotic|94\/100 tox|[from] psn\n|upkeep\n|turn|11\n|\n|t:|1699018880\n|move|p2a: Milotic|Stealth Rock|p1a: Aromatisse\n|-sidestart|p1: Cyclizary|move: Stealth Rock\n|move|p1a: Aromatisse|Wish|p1a: Aromatisse\n|\n|-heal|p2a: Milotic|100\/100 tox|[from] item: Leftovers\n|-damage|p2a: Milotic|88\/100 tox|[from] psn\n|upkeep\n|turn|12\n|\n|t:|1699018891\n|switch|p1a: Altaria|Altaria-Mega, M|100\/100\n|-damage|p1a: Altaria|88\/100|[from] Stealth Rock\n|move|p2a: Milotic|Scorching Sands|p1a: Altaria\n|-damage|p1a: Altaria|75\/100\n|\n|-heal|p1a: Altaria|100\/100|[from] move: Wish|[wisher] Aromatisse\n|-heal|p2a: Milotic|94\/100 tox|[from] item: Leftovers\n|-damage|p2a: Milotic|76\/100 tox|[from] psn\n|upkeep\n|turn|13\n|\n|t:|1699018901\n|move|p1a: Altaria|Dragon Dance|p1a: Altaria\n|-boost|p1a: Altaria|atk|1\n|-boost|p1a: Altaria|spe|1\n|move|p2a: Milotic|Flip Turn|p1a: Altaria\n|-resisted|p1a: Altaria\n|-damage|p1a: Altaria|99\/100\n|\n|t:|1699018908\n|switch|p2a: Zacian|Zacian|90\/100|[from] Flip Turn\n|-ability|p2a: Zacian|Intrepid Sword|boost\n|-boost|p2a: Zacian|atk|1\n|\n|-heal|p2a: Zacian|96\/100|[from] item: Leftovers\n|-sideend|p2: mixolx|move: Aurora Veil\n|upkeep\n|turn|14\n|\n|t:|1699018914\n|move|p1a: Altaria|Return|p2a: Zacian\n|-damage|p2a: Zacian|23\/100\n|move|p2a: Zacian|Play Rough|p1a: Altaria\n|-supereffective|p1a: Altaria\n|-damage|p1a: Altaria|28\/100\n|\n|-heal|p2a: Zacian|29\/100|[from] item: Leftovers\n|upkeep\n|turn|15\n|\n|t:|1699018935\n|move|p2a: Zacian|Protect|p2a: Zacian\n|-singleturn|p2a: Zacian|Protect\n|move|p1a: Altaria|Return|p2a: Zacian\n|-activate|p2a: Zacian|move: Protect\n|\n|-heal|p2a: Zacian|35\/100|[from] item: Leftovers\n|-sideend|p1: Cyclizary|move: Aurora Veil\n|upkeep\n|turn|16\n|\n|t:|1699018943\n|move|p1a: Altaria|Return|p2a: Zacian\n|-damage|p2a: Zacian|0 fnt\n|faint|p2a: Zacian\n|\n|upkeep\n|\n|t:|1699018945\n|switch|p2a: Cloyster|Cloyster, M|100\/100\n|turn|17\n|l| Eddie00090\n|\n|t:|1699018949\n|move|p1a: Altaria|Return|p2a: Cloyster\n|-damage|p2a: Cloyster|28\/100\n|move|p2a: Cloyster|Shell Smash|p2a: Cloyster\n|-unboost|p2a: Cloyster|def|1\n|-unboost|p2a: Cloyster|spd|1\n|-boost|p2a: Cloyster|atk|2\n|-boost|p2a: Cloyster|spa|2\n|-boost|p2a: Cloyster|spe|2\n|-enditem|p2a: Cloyster|White Herb\n|-clearnegativeboost|p2a: Cloyster|[silent]\n|\n|upkeep\n|turn|18\n|\n|t:|1699018982\n|switch|p1a: Aromatisse|Aromatisse, F|93\/100\n|-damage|p1a: Aromatisse|81\/100|[from] Stealth Rock\n|-ability|p1a: Aromatisse|Fairy Aura\n|move|p2a: Cloyster|Icicle Spear|p1a: Aromatisse\n|-damage|p1a: Aromatisse|65\/100\n|-damage|p1a: Aromatisse|48\/100\n|-damage|p1a: Aromatisse|31\/100\n|-damage|p1a: Aromatisse|14\/100\n|-damage|p1a: Aromatisse|0 fnt\n|faint|p1a: Aromatisse\n|-hitcount|p1: Aromatisse|5\n|\n|upkeep\n|\n|t:|1699018995\n|switch|p1a: Ninetales|Ninetales-Alola, F|100\/100\n|-damage|p1a: Ninetales|76\/100|[from] Stealth Rock\n|-weather|Snow|[from] ability: Snow Warning|[of] p1a: Ninetales\n|turn|19\n|\n|t:|1699019002\n|move|p2a: Cloyster|Rock Blast|p1a: Ninetales\n|-supereffective|p1a: Ninetales\n|-damage|p1a: Ninetales|44\/100\n|-supereffective|p1a: Ninetales\n|-damage|p1a: Ninetales|12\/100\n|-supereffective|p1a: Ninetales\n|-damage|p1a: Ninetales|0 fnt\n|faint|p1a: Ninetales\n|-hitcount|p1: Ninetales|3\n|\n|-weather|Snow|[upkeep]\n|upkeep\n|c|\u2606Cyclizary|wow u won cuz of cloyster\n|\n|t:|1699019015\n|switch|p1a: Altaria|Altaria-Mega, M|28\/100\n|-damage|p1a: Altaria|16\/100|[from] Stealth Rock\n|turn|20\n|\n|t:|1699019028\n|move|p2a: Cloyster|Icicle Spear|p1a: Altaria\n|-supereffective|p1a: Altaria\n|-damage|p1a: Altaria|0 fnt\n|faint|p1a: Altaria\n|-hitcount|p1: Altaria|1\n|\n|win|mixolx\n|c|\u2606Cyclizary|and m mawile sucks\n|c|\u2606mixolx|you have the choice to use it\n|c|\u2606mixolx|it doesn't\n|c|\u2606Cyclizary|cuz with m altaria would i easy win\n|c|\u2606Cyclizary|u saw it\n|l|\u2606Cyclizary\n|c|\u2606mixolx|not really if i put iron head on zacien you would have lost\n","uploadtime":1699019082,"views":8,"p1id":"cyclizary","p2id":"mixolx","formatid":"gen9anythinggoes","rating":0,"private":0,"password":""}