{"id":"radicalred-gen9anythinggoes-540123","p1":"ElBau1129","p2":"drakig","format":"[Gen 9] Anything Goes","log":"|j|\u2606ElBau1129\n|j|\u2606drakig\n|t:|1698707857\n|gametype|singles\n|player|p1|ElBau1129|rr-houndoommega|\n|player|p2|drakig|rr-tornadustherian|\n|teamsize|p1|6\n|teamsize|p2|6\n|gen|9\n|tier|[Gen 9] Anything Goes\n|rule|HP Percentage Mod: HP is shown in percentages\n|rule|Endless Battle Clause: Forcing endless battles is banned\n|rule|Sleep Clause Mod: Limit one foe put to sleep\n|clearpoke\n|poke|p1|Eelektross, F|\n|poke|p1|Tornadus-Therian, M|\n|poke|p1|Gigalith, M|\n|poke|p1|Ferrothorn, M|\n|poke|p1|Conkeldurr, M|\n|poke|p1|Volcarona, F|\n|poke|p2|Samurott, M|\n|poke|p2|Conkeldurr, M|\n|poke|p2|Krookodile, F|\n|poke|p2|Tornadus-Therian, M|\n|poke|p2|Haxorus, F|\n|poke|p2|Whimsicott, F|\n|teampreview\n|c|\u2606drakig|si se\u00f1ores\n|c|\u2606drakig|entro\n|c|\u2606drakig|la grasa\n|c|\u2606drakig|2\n|j| Gerecht\n|c| Gerecht|gl\n|c| Gerecht|draki\n|c|\u2606ElBau1129|gl\n|c|\u2606drakig|gl\n|c|\u2606ElBau1129|pibe darki\n|c|\u2606drakig|dime\n|c|\u2606ElBau1129|olvida el gl\n|j| zSlowKiller\n|c| Gerecht|oisiruam puedo ser yo?\n|c|\u2606drakig|perdon\n|j| owless\n|\n|t:|1698707946\n|start\n|switch|p1a: ChupaPitos|Eelektross, F|100\/100\n|switch|p2a: Panza|Conkeldurr, M|100\/100\n|turn|1\n|j| Elias_666\n|c| Gerecht|llego mi mejor amigo owless\n|c| Elias_666|Glhf\n|c| owless|Gerecht miome :)\n|\n|t:|1698707994\n|switch|p1a: FireBeauty|Volcarona, F, shiny|100\/100\n|move|p2a: Panza|Knock Off|p1a: FireBeauty\n|-damage|p1a: FireBeauty|16\/100\n|-enditem|p1a: FireBeauty|Heavy-Duty Boots|[from] move: Knock Off|[of] p2a: Panza\n|\n|upkeep\n|turn|2\n|c|\u2606drakig|gerecht miope?\n|c| Elias_666|El que pierda es Frances muchachos\n|c| Elias_666|Dense con todo\n|c| Gerecht|draki dejame en paz\n|c| Gerecht|solo bullying me haces\n|c|\u2606drakig|perdon gerard\n|\n|t:|1698708058\n|switch|p1a: IronBallBarb|Ferrothorn, M|100\/100\n|switch|p2a: Ottawa|Tornadus-Therian, M|100\/100\n|\n|upkeep\n|turn|3\n|c| zSlowKiller|amigos\n|c| zSlowKiller|sabian que\n|c| zSlowKiller|ottawa\n|\n|t:|1698708098\n|switch|p1a: Cromastone|Gigalith, M, shiny|100\/100\n|move|p2a: Ottawa|U-turn|p1a: Cromastone\n|-damage|p1a: Cromastone|92\/100\n|c| zSlowKiller|es la capital de china\n|\n|t:|1698708105\n|switch|p2a: la grasa 2|Whimsicott, F|100\/100|[from] U-turn\n|\n|upkeep\n|turn|4\n|c| owless|Todo me recuerda a ella\n|c| Elias_666|Slow, de que pa\u00eds eres?\n|c|\u2606drakig|de peru\n|c|\u2606drakig|es de peru\n|\n|t:|1698708148\n|switch|p1a: IronBallBarb|Ferrothorn, M|100\/100\n|move|p2a: la grasa 2|Taunt|p1a: IronBallBarb\n|-start|p1a: IronBallBarb|move: Taunt\n|\n|upkeep\n|turn|5\n|c| Gerecht|owless todas putas\n|c| Elias_666|Y que clase de geograf\u00eda ense\u00f1an en Per\u00fa cabron?\n|c| zSlowKiller|no soy de peru\n|c| zSlowKiller|soy de argentina\n|c| zSlowKiller|asi\n|c| zSlowKiller|wos\n|c| zSlowKiller|vs\n|c| zSlowKiller|trueno\n|c| zSlowKiller|batalla de rap\n|c| Gerecht|argentina\n|c| Gerecht|en mplan\n|c| Gerecht|inflacion\n|c| Gerecht|narices\n|c| Gerecht|y copas robadas?\n|c| Elias_666|Gerecht callate\n|c| Elias_666|Perd\u00f3n por insultarte Slow\n|\n|t:|1698708206\n|switch|p2a: Panza|Conkeldurr, M|100\/100\n|move|p1a: IronBallBarb|Gyro Ball|p2a: Panza\n|-damage|p2a: Panza|78\/100\n|\n|upkeep\n|turn|6\n|c| Elias_666|Me caes bien\n|c| Gerecht|ban pls\n|c| zSlowKiller|hola\n|c| zSlowKiller|me caes bien\n|c| Gerecht|me falto al respeto\n|c| Gerecht|Slow matador\n|c| Elias_666|Callate Gerecht\n|\n|t:|1698708234\n|switch|p1a: FireBeauty|Volcarona, F, shiny|16\/100\n|move|p2a: Panza|Ice Punch|p1a: FireBeauty\n|-resisted|p1a: FireBeauty\n|-damage|p1a: FireBeauty|0 fnt\n|-status|p2a: Panza|brn|[from] ability: Flame Body|[of] p1a: FireBeauty\n|faint|p1a: FireBeauty\n|\n|-damage|p2a: Panza|72\/100 brn|[from] brn\n|upkeep\n|\n|t:|1698708239\n|switch|p1a: DarkWinds|Tornadus-Therian, M, shiny|100\/100\n|turn|7\n|c| Gerecht|draki me dice que le caes mal\n|\n|t:|1698708246\n|move|p1a: DarkWinds|Bleakwind Storm|p2a: Panza\n|-supereffective|p2a: Panza\n|-damage|p2a: Panza|0 fnt\n|faint|p2a: Panza\n|-damage|p1a: DarkWinds|90\/100|[from] item: Life Orb\n|\n|upkeep\n|c| Gerecht|me mando un md a dc\n|c| zSlowKiller|cuidado panza\n|c| zSlowKiller|te cae una avalancha de la rima\n|\n|t:|1698708260\n|switch|p2a: la grasa 2|Whimsicott, F|100\/100\n|turn|8\n|c| Elias_666|Draki me cae bien\n|c| Elias_666|Pero es de Espa\u00f1a\n|\n|t:|1698708268\n|switch|p1a: ChupaPitos|Eelektross, F|100\/100\n|move|p2a: la grasa 2|Stun Spore|p1a: ChupaPitos|[miss]\n|-miss|p2a: la grasa 2|p1a: ChupaPitos\n|\n|upkeep\n|turn|9\n|c| Elias_666|Y Espa\u00f1a me cae mal\n|j| 00Coosm0\n|c| 00Coosm0|como estan cabrones\n|c| 00Coosm0|ya volvi\n|c| Elias_666|Hola Cosmo\n|\n|t:|1698708298\n|switch|p2a: Dripped papa|Krookodile, F|100\/100\n|-ability|p2a: Dripped papa|Intimidate|boost\n|-unboost|p1a: ChupaPitos|atk|1\n|move|p1a: ChupaPitos|Volt Switch|p2a: Dripped papa\n|-immune|p2a: Dripped papa\n|\n|upkeep\n|turn|10\n|c| owless|Viendo cine Cosmo\n|c| Elias_666|Pa cuando pierdes en Octavos?\n|\n|t:|1698708308\n|switch|p1a: Alba\u00f1il|Conkeldurr, M|100\/100\n|move|p2a: Dripped papa|Wicked Blow|p1a: Alba\u00f1il\n|-resisted|p1a: Alba\u00f1il\n|-crit|p1a: Alba\u00f1il\n|-damage|p1a: Alba\u00f1il|78\/100\n|\n|upkeep\n|turn|11\n|\n|t:|1698708323\n|switch|p2a: la grasa 2|Whimsicott, F|100\/100\n|move|p1a: Alba\u00f1il|Power-Up Punch|p2a: la grasa 2\n|-resisted|p2a: la grasa 2\n|-damage|p2a: la grasa 2|83\/100\n|-boost|p1a: Alba\u00f1il|atk|1\n|\n|upkeep\n|turn|12\n|c| Gerecht|Oisiruam es un ser perteneciente al Universo Negativo. Es la contraparte de Maurisio y el villano principal de la cuarta temporada de Marselo Adventures. En su momento present\u00f3 mucho hype ya que era la versi\u00f3n negativa de uno de los personajes m\u00e1s queridos de la serie, pero despu\u00e9s result\u00f3 ser un p\u00e9simo villano. Por eso es considerada la cuarta temporada la peor de todas\n|\n|t:|1698708361\n|switch|p1a: IronBallBarb|Ferrothorn, M|100\/100\n|move|p2a: la grasa 2|Encore||[still]\n|-fail|p2a: la grasa 2\n|\n|upkeep\n|turn|13\n|c| Elias_666|Claro\n|c| Elias_666|Todos los dias\n|\n|t:|1698708385\n|switch|p2a: Ottawa|Tornadus-Therian, M|100\/100\n|move|p1a: IronBallBarb|Gyro Ball|p2a: Ottawa\n|-damage|p2a: Ottawa|38\/100\n|\n|upkeep\n|turn|14\n|\n|t:|1698708402\n|switch|p1a: Cromastone|Gigalith, M, shiny|92\/100\n|move|p2a: Ottawa|Heat Wave|p1a: Cromastone\n|-resisted|p1a: Cromastone\n|-damage|p1a: Cromastone|77\/100\n|\n|upkeep\n|turn|15\n|\n|t:|1698708440\n|move|p2a: Ottawa|U-turn|p1a: Cromastone\n|-damage|p1a: Cromastone|68\/100\n|\n|t:|1698708443\n|switch|p2a: Dripped papa|Krookodile, F|100\/100|[from] U-turn\n|-ability|p2a: Dripped papa|Intimidate|boost\n|-unboost|p1a: Cromastone|atk|1\n|move|p1a: Cromastone|Stealth Rock|p2a: Dripped papa\n|-sidestart|p2: drakig|move: Stealth Rock\n|\n|upkeep\n|turn|16\n|\n|t:|1698708499\n|switch|p2a: Ottawa|Tornadus-Therian, M|72\/100\n|move|p1a: Cromastone|Explosion|p2a: Ottawa\n|-enditem|p1a: Cromastone|Normal Gem|[from] gem\n|-damage|p2a: Ottawa|0 fnt\n|faint|p1a: Cromastone\n|faint|p2a: Ottawa\n|\n|upkeep\n|l| Elias_666\n|\n|t:|1698708546\n|switch|p2a: la grasa 2|Whimsicott, F|83\/100\n|switch|p1a: Alba\u00f1il|Conkeldurr, M|78\/100\n|-damage|p2a: la grasa 2|71\/100|[from] Stealth Rock\n|turn|17\n|c| Gerecht|me llega info de que ujan ujon esta coacheando a Draki Alerta\n|c| owless|Quien cojones es ujan ujon\n|c|\u2606drakig|el primo del xokas\n|c| Gerecht|un pavo con un rap \n|c| Gerecht|dice\n|c| Gerecht|Soy ujan soy ujon\n|\n|t:|1698708592\n|switch|p2a: Buencha|Haxorus, F|100\/100\n|-damage|p2a: Buencha|88\/100|[from] Stealth Rock\n|-ability|p2a: Buencha|Mold Breaker\n|switch|p1a: IronBallBarb|Ferrothorn, M|100\/100\n|\n|upkeep\n|turn|18\n|c| Gerecht|vengo de cagar un mojon\n|c| Gerecht|huelo mal me rasco un cojon\n|c| owless|Cine\n|\n|t:|1698708623\n|move|p2a: Buencha|Swords Dance|p2a: Buencha\n|-boost|p2a: Buencha|atk|2\n|move|p1a: IronBallBarb|Gyro Ball|p2a: Buencha\n|-damage|p2a: Buencha|28\/100\n|\n|upkeep\n|turn|19\n|j| Elias_666\n|\n|t:|1698708667\n|move|p2a: Buencha|Scale Shot|p1a: IronBallBarb\n|-resisted|p1a: IronBallBarb\n|-damage|p1a: IronBallBarb|91\/100\n|-resisted|p1a: IronBallBarb\n|-damage|p1a: IronBallBarb|82\/100\n|-resisted|p1a: IronBallBarb\n|-damage|p1a: IronBallBarb|73\/100\n|-resisted|p1a: IronBallBarb\n|-damage|p1a: IronBallBarb|63\/100\n|-resisted|p1a: IronBallBarb\n|-damage|p1a: IronBallBarb|54\/100\n|-hitcount|p1a: IronBallBarb|5\n|-unboost|p2a: Buencha|def|1\n|-boost|p2a: Buencha|spe|1\n|move|p1a: IronBallBarb|Gyro Ball|p2a: Buencha\n|-damage|p2a: Buencha|0 fnt\n|faint|p2a: Buencha\n|\n|upkeep\n|\n|t:|1698708686\n|switch|p2a: Dripped papa|Krookodile, F|100\/100\n|-damage|p2a: Dripped papa|94\/100|[from] Stealth Rock\n|-ability|p2a: Dripped papa|Intimidate|boost\n|-unboost|p1a: IronBallBarb|atk|1\n|turn|20\n|c|\u2606drakig|ahi ha estado el combate\n|\n|t:|1698708724\n|move|p2a: Dripped papa|Close Combat|p1a: IronBallBarb\n|-supereffective|p1a: IronBallBarb\n|-damage|p1a: IronBallBarb|6\/100\n|-unboost|p2a: Dripped papa|def|1\n|-unboost|p2a: Dripped papa|spd|1\n|-damage|p2a: Dripped papa|82\/100|[from] ability: Iron Barbs|[of] p1a: IronBallBarb\n|-damage|p2a: Dripped papa|65\/100|[from] item: Rocky Helmet|[of] p1a: IronBallBarb\n|move|p1a: IronBallBarb|Leech Seed|p2a: Dripped papa\n|-start|p2a: Dripped papa|move: Leech Seed\n|\n|-damage|p2a: Dripped papa|53\/100|[from] Leech Seed|[of] p1a: IronBallBarb\n|-heal|p1a: IronBallBarb|20\/100|[silent]\n|upkeep\n|turn|21\n|\n|t:|1698708742\n|switch|p2a: la grasa 2|Whimsicott, F|71\/100\n|-damage|p2a: la grasa 2|59\/100|[from] Stealth Rock\n|switch|p1a: Alba\u00f1il|Conkeldurr, M|78\/100\n|\n|upkeep\n|turn|22\n|\n|t:|1698708777\n|switch|p1a: ChupaPitos|Eelektross, F|100\/100\n|move|p2a: la grasa 2|Moonblast|p1a: ChupaPitos\n|-damage|p1a: ChupaPitos|68\/100\n|\n|upkeep\n|turn|23\n|\n|t:|1698708845\n|move|p2a: la grasa 2|Moonblast|p1a: ChupaPitos\n|-damage|p1a: ChupaPitos|33\/100\n|-unboost|p1a: ChupaPitos|spa|1\n|move|p1a: ChupaPitos|Fire Blast|p2a: la grasa 2\n|-supereffective|p2a: la grasa 2\n|-damage|p2a: la grasa 2|0 fnt\n|faint|p2a: la grasa 2\n|\n|upkeep\n|c| zSlowKiller|hola\n|\n|t:|1698708902\n|switch|p2a: Dripped papa|Krookodile, F|53\/100\n|-damage|p2a: Dripped papa|46\/100|[from] Stealth Rock\n|-ability|p2a: Dripped papa|Intimidate|boost\n|-unboost|p1a: ChupaPitos|atk|1\n|turn|24\n|\n|t:|1698708907\n|move|p2a: Dripped papa|Earthquake|p1a: ChupaPitos\n|-supereffective|p1a: ChupaPitos\n|-damage|p1a: ChupaPitos|0 fnt\n|faint|p1a: ChupaPitos\n|\n|upkeep\n|\n|t:|1698708913\n|switch|p1a: Alba\u00f1il|Conkeldurr, M|78\/100\n|turn|25\n|\n|t:|1698708918\n|move|p2a: Dripped papa|Earthquake|p1a: Alba\u00f1il\n|-damage|p1a: Alba\u00f1il|35\/100\n|move|p1a: Alba\u00f1il|Drain Punch|p2a: Dripped papa\n|-supereffective|p2a: Dripped papa\n|-damage|p2a: Dripped papa|0 fnt\n|-heal|p1a: Alba\u00f1il|57\/100|[from] drain|[of] p2a: Dripped papa\n|faint|p2a: Dripped papa\n|\n|upkeep\n|\n|t:|1698708925\n|switch|p2a: H\u00fangaro|Samurott, M|100\/100\n|-damage|p2a: H\u00fangaro|94\/100|[from] Stealth Rock\n|turn|26\n|\n|t:|1698708937\n|move|p2a: H\u00fangaro|Razor Shell|p1a: Alba\u00f1il\n|-damage|p1a: Alba\u00f1il|7\/100\n|move|p1a: Alba\u00f1il|Drain Punch|p2a: H\u00fangaro\n|-supereffective|p2a: H\u00fangaro\n|-damage|p2a: H\u00fangaro|0 fnt\n|-heal|p1a: Alba\u00f1il|47\/100|[from] drain|[of] p2a: H\u00fangaro\n|faint|p2a: H\u00fangaro\n|\n|win|ElBau1129\n|c| Gerecht|gg \n|c| 00Coosm0|ggs\n|c| owless|ggs\n|c|\u2606drakig|gg\n|c| 00Coosm0|gg bau\n|c| zSlowKiller|gg\n|c|\u2606ElBau1129|GG\n|l| zSlowKiller\n|l| 00Coosm0\n|c| Elias_666|Gg\n|c|\u2606ElBau1129|dios mio\n|c|\u2606ElBau1129|como sufr\u00ed\n|c|\u2606drakig|si\n","uploadtime":1698708951,"views":43,"p1id":"elbau1129","p2id":"drakig","formatid":"gen9anythinggoes","rating":0,"private":0,"password":""}