{"id":"radicalred-gen9anythinggoes-538674","p1":"StarDust_Leo","p2":"TanaTheGreat","format":"[Gen 9] Anything Goes","log":"|j|\u2606StarDust_Leo\n|j|\u2606TanaTheGreat\n|t:|1698451451\n|gametype|singles\n|player|p1|StarDust_Leo|rr-houndoommega|\n|player|p2|TanaTheGreat|rr-regirock|\n|teamsize|p1|6\n|teamsize|p2|6\n|gen|9\n|tier|[Gen 9] Anything Goes\n|rule|HP Percentage Mod: HP is shown in percentages\n|rule|Endless Battle Clause: Forcing endless battles is banned\n|rule|Sleep Clause Mod: Limit one foe put to sleep\n|clearpoke\n|poke|p1|Hydreigon, F|\n|poke|p1|Scolipede, F|\n|poke|p1|Conkeldurr, M|\n|poke|p1|Jellicent, M|\n|poke|p1|Stunfisk, F|\n|poke|p1|Volcarona, F|\n|poke|p2|Jellicent, M|\n|poke|p2|Genesect|\n|poke|p2|Serperior, M|\n|poke|p2|Conkeldurr, M|\n|poke|p2|Hydreigon, M|\n|poke|p2|Reuniclus, M|\n|teampreview\n|c|\u2606TanaTheGreat|la verdad es que no me gustaba la m\u00fasica ps\n|c|\u2606TanaTheGreat|okno\n|c|\u2606TanaTheGreat|Suerte y diviertete !\n|j| ANDWQ\n|inactive|Battle timer is ON: inactive players will automatically lose when time's up. (requested by TanaTheGreat)\n|\n|t:|1698451525\n|start\n|switch|p1a: Lolero|Volcarona, F|100\/100\n|switch|p2a: El flaco de Alex|Serperior, M|100\/100\n|turn|1\n|\n|t:|1698451533\n|move|p2a: El flaco de Alex|Glare|p1a: Lolero\n|-status|p1a: Lolero|par\n|move|p1a: Lolero|Quiver Dance|p1a: Lolero\n|-boost|p1a: Lolero|spa|1\n|-boost|p1a: Lolero|spd|1\n|-boost|p1a: Lolero|spe|1\n|\n|upkeep\n|turn|2\n|inactive|TanaTheGreat has 270 seconds left.\n|\n|t:|1698451571\n|move|p2a: El flaco de Alex|Light Screen|p2a: El flaco de Alex\n|-sidestart|p2: TanaTheGreat|move: Light Screen\n|move|p1a: Lolero|Quiver Dance|p1a: Lolero\n|-boost|p1a: Lolero|spa|1\n|-boost|p1a: Lolero|spd|1\n|-boost|p1a: Lolero|spe|1\n|\n|upkeep\n|turn|3\n|inactive|TanaTheGreat has 270 seconds left.\n|\n|t:|1698451577\n|switch|p2a: Ayud\u00edn|Jellicent, M, shiny|100\/100\n|move|p1a: Lolero|Quiver Dance|p1a: Lolero\n|-boost|p1a: Lolero|spa|1\n|-boost|p1a: Lolero|spd|1\n|-boost|p1a: Lolero|spe|1\n|\n|upkeep\n|turn|4\n|\n|t:|1698451585\n|move|p1a: Lolero|Giga Drain|p2a: Ayud\u00edn\n|-supereffective|p2a: Ayud\u00edn\n|-damage|p2a: Ayud\u00edn|53\/100\n|move|p2a: Ayud\u00edn|Hydro Pump|p1a: Lolero|[miss]\n|-miss|p2a: Ayud\u00edn|p1a: Lolero\n|\n|-heal|p2a: Ayud\u00edn|59\/100|[from] item: Leftovers\n|upkeep\n|turn|5\n|\n|t:|1698451593\n|move|p1a: Lolero|Quiver Dance|p1a: Lolero\n|-boost|p1a: Lolero|spa|1\n|-boost|p1a: Lolero|spd|1\n|-boost|p1a: Lolero|spe|1\n|move|p2a: Ayud\u00edn|Hydro Pump|p1a: Lolero\n|-supereffective|p1a: Lolero\n|-crit|p1a: Lolero\n|-damage|p1a: Lolero|0 fnt\n|faint|p1a: Lolero\n|\n|-heal|p2a: Ayud\u00edn|65\/100|[from] item: Leftovers\n|upkeep\n|c|\u2606StarDust_Leo|uy\n|c|\u2606TanaTheGreat|viva el per\u00fa\n|c|\u2606StarDust_Leo|xD\n|\n|t:|1698451610\n|switch|p1a: Stunfisk|Stunfisk, F|100\/100\n|turn|6\n|inactive|TanaTheGreat has 270 seconds left.\n|\n|t:|1698451645\n|switch|p2a: El flaco de Alex|Serperior, M|100\/100\n|move|p1a: Stunfisk|Stealth Rock|p2a: El flaco de Alex\n|-sidestart|p2: TanaTheGreat|move: Stealth Rock\n|\n|upkeep\n|turn|7\n|\n|t:|1698451669\n|move|p2a: El flaco de Alex|Leaf Storm|p1a: Stunfisk\n|-supereffective|p1a: Stunfisk\n|-damage|p1a: Stunfisk|57\/100\n|-boost|p2a: El flaco de Alex|spa|2\n|move|p1a: Stunfisk|Toxic|p2a: El flaco de Alex\n|-status|p2a: El flaco de Alex|tox\n|\n|-heal|p1a: Stunfisk|64\/100|[from] item: Leftovers\n|-damage|p2a: El flaco de Alex|94\/100 tox|[from] psn\n|upkeep\n|turn|8\n|inactive|TanaTheGreat has 270 seconds left.\n|\n|t:|1698451683\n|switch|p1a: Wither|Hydreigon, F|100\/100\n|move|p2a: El flaco de Alex|Leaf Storm|p1a: Wither\n|-resisted|p1a: Wither\n|-damage|p1a: Wither|63\/100\n|-boost|p2a: El flaco de Alex|spa|2\n|\n|-damage|p2a: El flaco de Alex|82\/100 tox|[from] psn\n|upkeep\n|turn|9\n|inactive|TanaTheGreat has 270 seconds left.\n|inactive|TanaTheGreat has 240 seconds left.\n|\n|t:|1698451725\n|move|p1a: Wither|Flamethrower|p2a: El flaco de Alex\n|-supereffective|p2a: El flaco de Alex\n|-damage|p2a: El flaco de Alex|46\/100 tox\n|move|p2a: El flaco de Alex|Glare|p1a: Wither\n|-status|p1a: Wither|par\n|\n|-damage|p2a: El flaco de Alex|27\/100 tox|[from] psn\n|-sideend|p2: TanaTheGreat|move: Light Screen\n|upkeep\n|turn|10\n|inactive|TanaTheGreat has 240 seconds left.\n|\n|t:|1698451749\n|switch|p2a: Ayud\u00edn|Jellicent, M, shiny|65\/100\n|-damage|p2a: Ayud\u00edn|53\/100|[from] Stealth Rock\n|cant|p1a: Wither|par\n|\n|-heal|p2a: Ayud\u00edn|59\/100|[from] item: Leftovers\n|upkeep\n|turn|11\n|\n|t:|1698451762\n|switch|p1a: Jellicent|Jellicent, M|100\/100\n|move|p2a: Ayud\u00edn|Strength Sap|p1a: Jellicent\n|-unboost|p1a: Jellicent|atk|1\n|-heal|p2a: Ayud\u00edn|87\/100\n|\n|-heal|p2a: Ayud\u00edn|93\/100|[from] item: Leftovers\n|upkeep\n|turn|12\n|\n|t:|1698451775\n|move|p1a: Jellicent|Shadow Ball|p2a: Ayud\u00edn\n|-supereffective|p2a: Ayud\u00edn\n|-damage|p2a: Ayud\u00edn|61\/100\n|move|p2a: Ayud\u00edn|Toxic|p1a: Jellicent|[miss]\n|-miss|p2a: Ayud\u00edn|p1a: Jellicent\n|\n|-heal|p2a: Ayud\u00edn|67\/100|[from] item: Leftovers\n|upkeep\n|turn|13\n|inactive|TanaTheGreat has 210 seconds left.\n|\n|t:|1698451813\n|move|p1a: Jellicent|Will-O-Wisp|p2a: Ayud\u00edn\n|-immune|p2a: Ayud\u00edn|[from] ability: Water Bubble\n|move|p2a: Ayud\u00edn|Toxic|p1a: Jellicent\n|-status|p1a: Jellicent|tox\n|\n|-heal|p2a: Ayud\u00edn|74\/100|[from] item: Leftovers\n|-damage|p1a: Jellicent|94\/100 tox|[from] psn\n|upkeep\n|turn|14\n|c|\u2606StarDust_Leo|forgor\n|\n|t:|1698451830\n|move|p1a: Jellicent|Shadow Ball|p2a: Ayud\u00edn\n|-supereffective|p2a: Ayud\u00edn\n|-damage|p2a: Ayud\u00edn|43\/100\n|move|p2a: Ayud\u00edn|Strength Sap|p1a: Jellicent\n|-unboost|p1a: Jellicent|atk|1\n|-heal|p2a: Ayud\u00edn|62\/100\n|\n|-heal|p2a: Ayud\u00edn|68\/100|[from] item: Leftovers\n|-damage|p1a: Jellicent|82\/100 tox|[from] psn\n|upkeep\n|turn|15\n|inactive|TanaTheGreat has 180 seconds left.\n|\n|t:|1698451865\n|switch|p2a: La \u00c9lite|Hydreigon, M|100\/100\n|-damage|p2a: La \u00c9lite|88\/100|[from] Stealth Rock\n|move|p1a: Jellicent|Shadow Ball|p2a: La \u00c9lite\n|-resisted|p2a: La \u00c9lite\n|-damage|p2a: La \u00c9lite|76\/100\n|\n|-damage|p1a: Jellicent|63\/100 tox|[from] psn\n|upkeep\n|turn|16\n|\n|t:|1698451882\n|switch|p1a: Tu Padrastro|Conkeldurr, M|100\/100\n|move|p2a: La \u00c9lite|Draco Meteor|p1a: Tu Padrastro\n|-damage|p1a: Tu Padrastro|39\/100\n|-unboost|p2a: La \u00c9lite|spa|2\n|\n|-status|p1a: Tu Padrastro|brn|[from] item: Flame Orb\n|upkeep\n|turn|17\n|\n|t:|1698451902\n|switch|p2a: Ayud\u00edn|Jellicent, M, shiny|68\/100\n|-damage|p2a: Ayud\u00edn|56\/100|[from] Stealth Rock\n|switch|p1a: Wither|Hydreigon, F|63\/100 par\n|\n|-heal|p2a: Ayud\u00edn|62\/100|[from] item: Leftovers\n|upkeep\n|turn|18\n|inactive|TanaTheGreat has 150 seconds left.\n|\n|t:|1698451932\n|move|p1a: Wither|Dark Hole|p2a: Ayud\u00edn\n|-supereffective|p2a: Ayud\u00edn\n|-damage|p2a: Ayud\u00edn|0 fnt\n|faint|p2a: Ayud\u00edn\n|\n|upkeep\n|\n|t:|1698451938\n|switch|p2a: Auronplay|Conkeldurr, M|100\/100\n|-damage|p2a: Auronplay|95\/100|[from] Stealth Rock\n|turn|19\n|\n|t:|1698451958\n|switch|p1a: BFF|Scolipede, F|100\/100\n|move|p2a: Auronplay|Knock Off|p1a: BFF\n|-damage|p1a: BFF|46\/100\n|-enditem|p1a: BFF|Focus Sash|[from] move: Knock Off|[of] p2a: Auronplay\n|\n|-status|p2a: Auronplay|brn|[from] item: Flame Orb\n|upkeep\n|turn|20\n|inactive|TanaTheGreat has 120 seconds left.\n|\n|t:|1698451990\n|move|p1a: BFF|Superpower|p2a: Auronplay\n|-damage|p2a: Auronplay|64\/100 brn\n|-unboost|p1a: BFF|atk|1\n|-unboost|p1a: BFF|def|1\n|move|p2a: Auronplay|Facade|p1a: BFF\n|-damage|p1a: BFF|0 fnt\n|faint|p1a: BFF\n|\n|-damage|p2a: Auronplay|58\/100 brn|[from] brn\n|upkeep\n|\n|t:|1698451998\n|switch|p1a: Tu Padrastro|Conkeldurr, M|39\/100 brn\n|turn|21\n|inactive|TanaTheGreat has 120 seconds left.\n|\n|t:|1698452014\n|move|p2a: Auronplay|Mach Punch|p1a: Tu Padrastro\n|-damage|p1a: Tu Padrastro|6\/100 brn\n|move|p1a: Tu Padrastro|Drain Punch|p2a: Auronplay\n|-damage|p2a: Auronplay|4\/100 brn\n|-heal|p1a: Tu Padrastro|33\/100 brn|[from] drain|[of] p2a: Auronplay\n|\n|-damage|p2a: Auronplay|0 fnt|[from] brn\n|faint|p2a: Auronplay\n|-damage|p1a: Tu Padrastro|27\/100 brn|[from] brn\n|upkeep\n|l| ANDWQ\n|inactive|TanaTheGreat has 90 seconds left.\n|\n|t:|1698452039\n|switch|p2a: El flaco de Alex|Serperior, M|27\/100 tox\n|-damage|p2a: El flaco de Alex|15\/100 tox|[from] Stealth Rock\n|turn|22\n|inactive|TanaTheGreat has 90 seconds left.\n|\n|t:|1698452075\n|move|p1a: Tu Padrastro|Mach Punch|p2a: El flaco de Alex\n|-damage|p2a: El flaco de Alex|0 fnt\n|faint|p2a: El flaco de Alex\n|\n|-damage|p1a: Tu Padrastro|21\/100 brn|[from] brn\n|upkeep\n|\n|t:|1698452085\n|switch|p2a: ceden|Reuniclus, M|100\/100\n|turn|23\n|\n|t:|1698452096\n|switch|p1a: Jellicent|Jellicent, M|63\/100 tox\n|move|p2a: ceden|Calm Mind|p2a: ceden\n|-boost|p2a: ceden|spa|1\n|-boost|p2a: ceden|spd|1\n|\n|-damage|p1a: Jellicent|57\/100 tox|[from] psn\n|upkeep\n|turn|24\n|\n|t:|1698452108\n|move|p1a: Jellicent|Shadow Ball|p2a: ceden\n|-supereffective|p2a: ceden\n|-damage|p2a: ceden|78\/100\n|move|p2a: ceden|Calm Mind|p2a: ceden\n|-boost|p2a: ceden|spa|1\n|-boost|p2a: ceden|spd|1\n|\n|-damage|p1a: Jellicent|45\/100 tox|[from] psn\n|upkeep\n|turn|25\n|inactive|TanaTheGreat has 60 seconds left.\n|\n|t:|1698452126\n|switch|p1a: Stunfisk|Stunfisk, F|64\/100\n|move|p2a: ceden|Recover|p2a: ceden\n|-heal|p2a: ceden|100\/100\n|\n|-heal|p1a: Stunfisk|70\/100|[from] item: Leftovers\n|upkeep\n|turn|26\n|inactive|TanaTheGreat has 60 seconds left.\n|\n|t:|1698452137\n|move|p1a: Stunfisk|Toxic|p2a: ceden\n|-status|p2a: ceden|tox\n|move|p2a: ceden|Psyshock|p1a: Stunfisk\n|-damage|p1a: Stunfisk|1\/100\n|\n|-heal|p1a: Stunfisk|7\/100|[from] item: Leftovers\n|upkeep\n|turn|27\n|\n|t:|1698452148\n|move|p1a: Stunfisk|Discharge|p2a: ceden\n|-crit|p2a: ceden\n|-damage|p2a: ceden|71\/100 tox\n|move|p2a: ceden|Psyshock|p1a: Stunfisk\n|-damage|p1a: Stunfisk|0 fnt\n|faint|p1a: Stunfisk\n|\n|upkeep\n|\n|t:|1698452154\n|switch|p1a: Wither|Hydreigon, F|63\/100 par\n|turn|28\n|\n|t:|1698452158\n|move|p1a: Wither|Dark Hole|p2a: ceden\n|-supereffective|p2a: ceden\n|-damage|p2a: ceden|30\/100 tox\n|move|p2a: ceden|Focus Blast|p1a: Wither\n|-supereffective|p1a: Wither\n|-damage|p1a: Wither|0 fnt\n|faint|p1a: Wither\n|\n|upkeep\n|\n|t:|1698452164\n|switch|p1a: Tu Padrastro|Conkeldurr, M|21\/100 brn\n|turn|29\n|\n|t:|1698452169\n|move|p1a: Tu Padrastro|Mach Punch|p2a: ceden\n|-resisted|p2a: ceden\n|-damage|p2a: ceden|16\/100 tox\n|move|p2a: ceden|Psyshock|p1a: Tu Padrastro\n|-supereffective|p1a: Tu Padrastro\n|-damage|p1a: Tu Padrastro|0 fnt\n|faint|p1a: Tu Padrastro\n|\n|upkeep\n|c|\u2606StarDust_Leo|NOOOO\n|c|\u2606StarDust_Leo|gg\n|\n|t:|1698452176\n|switch|p1a: Jellicent|Jellicent, M|45\/100 tox\n|turn|30\n|\n|t:|1698452183\n|move|p1a: Jellicent|Shadow Ball|p2a: ceden\n|-supereffective|p2a: ceden\n|-damage|p2a: ceden|0 fnt\n|faint|p2a: ceden\n|\n|-damage|p1a: Jellicent|39\/100 tox|[from] psn\n|upkeep\n|\n|t:|1698452193\n|switch|p2a: La \u00c9lite|Hydreigon, M|76\/100\n|-damage|p2a: La \u00c9lite|64\/100|[from] Stealth Rock\n|turn|31\n|\n|t:|1698452200\n|move|p2a: La \u00c9lite|Draco Meteor|p1a: Jellicent\n|-damage|p1a: Jellicent|0 fnt\n|-unboost|p2a: La \u00c9lite|spa|2\n|faint|p1a: Jellicent\n|\n|win|TanaTheGreat\n|c|\u2606TanaTheGreat|gg\n|c|\u2606StarDust_Leo|gg\n|l|\u2606StarDust_Leo\n|j|\u2606StarDust_Leo\n|player|p1|StarDust_Leo|rr-houndoommega\n|l|\u2606StarDust_Leo\n|player|p1|\n","uploadtime":1698452313,"views":19,"p1id":"stardustleo","p2id":"tanathegreat","formatid":"gen9anythinggoes","rating":0,"private":0,"password":""}