{"id":"radicalred-gen9anythinggoes-546708","p1":"Poken_Null_07","p2":"Mr cyphon","format":"[Gen 9] Anything Goes","log":"|j|\u2606Poken_Null_07\n|j|\u2606Mr cyphon\n|t:|1700054553\n|gametype|singles\n|player|p1|Poken_Null_07|rr-tyranitar|\n|player|p2|Mr cyphon|rr-beedrillmega|\n|teamsize|p1|6\n|teamsize|p2|6\n|gen|9\n|tier|[Gen 9] Anything Goes\n|rule|HP Percentage Mod: HP is shown in percentages\n|rule|Endless Battle Clause: Forcing endless battles is banned\n|clearpoke\n|poke|p1|Kabutops, F|\n|poke|p1|Typhlosion-Hisui, M|\n|poke|p1|Regirock|\n|poke|p1|Spidops, F|\n|poke|p1|Cloyster, F|\n|poke|p1|Polteageist|\n|poke|p2|Thundurus-Therian, M|\n|poke|p2|Darmanitan, M|\n|poke|p2|Clawitzer-Sevii, F|\n|poke|p2|Venusaur, F|\n|poke|p2|Aerodactyl, M|\n|poke|p2|Azumarill, M|\n|teampreview\n|inactive|Battle timer is ON: inactive players will automatically lose when time's up. (requested by Poken_Null_07)\n|c|\u2606Mr cyphon|pff\n|c|\u2606Mr cyphon|is this pu or nu?\n|c|\u2606Poken_Null_07|I'm keeping it towards nu\n|c|\u2606Mr cyphon|ok\n|inactive|Mr cyphon has 270 seconds left.\n|c|\u2606Poken_Null_07|Its a test team rn\n|\n|t:|1700054587\n|start\n|switch|p1a: Spidops|Spidops, F|100\/100\n|switch|p2a: Aerodactyl|Aerodactyl, M|100\/100\n|turn|1\n|\n|t:|1700054601\n|move|p2a: Aerodactyl|Taunt|p1a: Spidops\n|-start|p1a: Spidops|move: Taunt\n|cant|p1a: Spidops|move: Taunt|Toxic Spikes\n|\n|upkeep\n|turn|2\n|\n|t:|1700054630\n|switch|p1a: Kabutops|Kabutops, F|100\/100\n|move|p2a: Aerodactyl|Stealth Rock|p1a: Kabutops\n|-sidestart|p1: Poken_Null_07|move: Stealth Rock\n|\n|upkeep\n|turn|3\n|\n|t:|1700054638\n|switch|p2a: Venusaur|Venusaur, F|100\/100\n|move|p1a: Kabutops|Razor Shell|p2a: Venusaur\n|-resisted|p2a: Venusaur\n|-damage|p2a: Venusaur|79\/100\n|\n|-heal|p2a: Venusaur|85\/100|[from] item: Leftovers\n|upkeep\n|turn|4\n|\n|t:|1700054648\n|switch|p1a: Spidops|Spidops, F|100\/100\n|-damage|p1a: Spidops|76\/100|[from] Stealth Rock\n|move|p2a: Venusaur|Sleep Powder|p1a: Spidops\n|-status|p1a: Spidops|slp|[from] move: Sleep Powder\n|\n|-heal|p2a: Venusaur|91\/100|[from] item: Leftovers\n|upkeep\n|turn|5\n|\n|t:|1700054656\n|switch|p2a: Thundurus|Thundurus-Therian, M|100\/100\n|cant|p1a: Spidops|slp\n|\n|upkeep\n|turn|6\n|\n|t:|1700054659\n|move|p2a: Thundurus|Nasty Plot|p2a: Thundurus\n|-boost|p2a: Thundurus|spa|2\n|cant|p1a: Spidops|slp\n|\n|upkeep\n|turn|7\n|\n|t:|1700054663\n|move|p2a: Thundurus|Nasty Plot|p2a: Thundurus\n|-boost|p2a: Thundurus|spa|2\n|-curestatus|p1a: Spidops|slp|[msg]\n|move|p1a: Spidops|Memento|p2a: Thundurus\n|-unboost|p2a: Thundurus|atk|2\n|-unboost|p2a: Thundurus|spa|2\n|faint|p1a: Spidops\n|\n|upkeep\n|\n|t:|1700054671\n|switch|p1a: Regirock|Regirock|100\/100\n|-damage|p1a: Regirock|88\/100|[from] Stealth Rock\n|turn|8\n|c|\u2606Poken_Null_07|Yeah no\n|inactive|Poken_Null_07 has 270 seconds left.\n|\n|t:|1700054716\n|move|p2a: Thundurus|Grass Knot|p1a: Regirock\n|-supereffective|p1a: Regirock\n|-damage|p1a: Regirock|0 fnt\n|faint|p1a: Regirock\n|\n|upkeep\n|\n|t:|1700054728\n|switch|p1a: Typhlosion|Typhlosion-Hisui, M|100\/100\n|-damage|p1a: Typhlosion|76\/100|[from] Stealth Rock\n|turn|9\n|\n|t:|1700054748\n|move|p2a: Thundurus|Dark Pulse|p1a: Typhlosion\n|-supereffective|p1a: Typhlosion\n|-damage|p1a: Typhlosion|0 fnt\n|faint|p1a: Typhlosion\n|\n|upkeep\n|c|\u2606Mr cyphon|gg?\n|\n|t:|1700054754\n|switch|p1a: Kabutops|Kabutops, F|100\/100\n|-damage|p1a: Kabutops|88\/100|[from] Stealth Rock\n|turn|10\n|c|\u2606Poken_Null_07|gg\n|inactive|Mr cyphon has 270 seconds left.\n|\n|t:|1700054780\n|move|p2a: Thundurus|Grass Knot|p1a: Kabutops\n|-supereffective|p1a: Kabutops\n|-damage|p1a: Kabutops|0 fnt\n|faint|p1a: Kabutops\n|\n|upkeep\n|\n|t:|1700054784\n|switch|p1a: Cloyster|Cloyster, F|100\/100\n|-damage|p1a: Cloyster|76\/100|[from] Stealth Rock\n|turn|11\n|\n|t:|1700054790\n|move|p2a: Thundurus|Wildbolt Storm|p1a: Cloyster\n|-supereffective|p1a: Cloyster\n|-damage|p1a: Cloyster|0 fnt\n|faint|p1a: Cloyster\n|\n|upkeep\n|\n|t:|1700054792\n|switch|p1a: Polteageist|Polteageist|100\/100\n|-damage|p1a: Polteageist|88\/100|[from] Stealth Rock\n|turn|12\n|\n|t:|1700054796\n|move|p2a: Thundurus|Dark Pulse|p1a: Polteageist\n|-supereffective|p1a: Polteageist\n|-damage|p1a: Polteageist|0 fnt\n|faint|p1a: Polteageist\n|\n|win|Mr cyphon\n|l|\u2606Poken_Null_07\n|c|\u2606Mr cyphon|thundurus broken\n","uploadtime":1700054810,"views":12,"p1id":"pokennull07","p2id":"mrcyphon","formatid":"gen9anythinggoes","rating":0,"private":0,"password":""}