{"id":"radicalred-gen9anythinggoes-549412","p1":"fucsiada","p2":"don7","format":"[Gen 9] Anything Goes","log":"|j|\u2606fucsiada\n|j|\u2606don7\n|t:|1700580692\n|gametype|singles\n|player|p1|fucsiada|rr-marshadow|\n|player|p2|don7|rr-deoxys|\n|teamsize|p1|6\n|teamsize|p2|6\n|gen|9\n|tier|[Gen 9] Anything Goes\n|rule|HP Percentage Mod: HP is shown in percentages\n|rule|Endless Battle Clause: Forcing endless battles is banned\n|clearpoke\n|poke|p1|Absol, M|\n|poke|p1|Darkrai|\n|poke|p1|Ribombee, M|\n|poke|p1|Rapidash-Galar, M|\n|poke|p1|Rillaboom, F|\n|poke|p1|Pachirisu, M|\n|poke|p2|Lunala|\n|poke|p2|Scizor, M|\n|poke|p2|Meowscarada, M|\n|poke|p2|Grapploct, M|\n|poke|p2|Virizion|\n|poke|p2|Clefable, M|\n|teampreview\n|j| Blankeeee\n|j| BauerBob\n|c| Blankeeee|hilfe irgendwo??\n|\n|t:|1700580777\n|start\n|switch|p1a: Absol|Absol, M|100\/100\n|switch|p2a: Scizor|Scizor, M|100\/100\n|-ability|p1a: Absol|Pressure\n|turn|1\n|\n|t:|1700580788\n|detailschange|p1a: Absol|Absol-Mega, M\n|-mega|p1a: Absol|Absol|Absolite\n|detailschange|p2a: Scizor|Scizor-Mega, M\n|-mega|p2a: Scizor|Scizor|Scizorite\n|move|p2a: Scizor|Bullet Punch|p1a: Absol\n|-supereffective|p1a: Absol\n|-damage|p1a: Absol|0 fnt\n|faint|p1a: Absol\n|\n|upkeep\n|c| Blankeeee|rip\n|\n|t:|1700580843\n|switch|p1a: Pachirisu|Pachirisu, M, shiny|100\/100\n|turn|2\n|\n|t:|1700580856\n|move|p1a: Pachirisu|Light Screen|p1a: Pachirisu\n|-sidestart|p1: fucsiada|move: Light Screen\n|move|p2a: Scizor|U-turn|p1a: Pachirisu\n|-damage|p1a: Pachirisu|66\/100\n|\n|t:|1700580912\n|switch|p2a: Grapploct|Grapploct, M, shiny|100\/100|[from] U-turn\n|\n|upkeep\n|turn|3\n|\n|t:|1700580921\n|move|p1a: Pachirisu|Reflect|p1a: Pachirisu\n|-sidestart|p1: fucsiada|Reflect\n|move|p2a: Grapploct|Brick Break|p1a: Pachirisu\n|-sideend|p1: fucsiada|Reflect\n|-sideend|p1: fucsiada|move: Light Screen\n|-damage|p1a: Pachirisu|28\/100\n|\n|upkeep\n|turn|4\n|\n|t:|1700580933\n|move|p1a: Pachirisu|Volt Switch|p2a: Grapploct\n|-supereffective|p2a: Grapploct\n|-damage|p2a: Grapploct|82\/100\n|\n|t:|1700580941\n|switch|p1a: Rapidash|Rapidash-Galar, M, shiny|100\/100|[from] Volt Switch\n|move|p2a: Grapploct|Brick Break|p1a: Rapidash\n|-resisted|p1a: Rapidash\n|-damage|p1a: Rapidash|69\/100\n|\n|upkeep\n|turn|5\n|\n|t:|1700581038\n|switch|p1a: Pachirisu|Pachirisu, M, shiny|28\/100\n|switch|p2a: Scizor|Scizor-Mega, M|100\/100\n|\n|upkeep\n|turn|6\n|\n|t:|1700581052\n|move|p1a: Pachirisu|Reflect|p1a: Pachirisu\n|-sidestart|p1: fucsiada|Reflect\n|move|p2a: Scizor|Swords Dance|p2a: Scizor\n|-boost|p2a: Scizor|atk|2\n|\n|upkeep\n|turn|7\n|\n|t:|1700581055\n|move|p1a: Pachirisu|Thunder Wave|p2a: Scizor\n|-status|p2a: Scizor|par\n|move|p2a: Scizor|Swords Dance|p2a: Scizor\n|-boost|p2a: Scizor|atk|2\n|\n|upkeep\n|turn|8\n|\n|t:|1700581063\n|switch|p1a: Rapidash|Rapidash-Galar, M, shiny|69\/100\n|cant|p2a: Scizor|par\n|\n|upkeep\n|turn|9\n|\n|t:|1700581085\n|move|p2a: Scizor|Bullet Punch|p1a: Rapidash\n|-damage|p1a: Rapidash|0 fnt\n|faint|p1a: Rapidash\n|\n|upkeep\n|\n|t:|1700581122\n|switch|p1a: Ribombee|Ribombee, M|100\/100\n|turn|10\n|\n|t:|1700581131\n|move|p2a: Scizor|Bullet Punch|p1a: Ribombee\n|-supereffective|p1a: Ribombee\n|-enditem|p1a: Ribombee|Focus Sash\n|-damage|p1a: Ribombee|1\/100\n|move|p1a: Ribombee|Sticky Web|p2a: Scizor\n|-sidestart|p2: don7|move: Sticky Web\n|\n|upkeep\n|turn|11\n|\n|t:|1700581137\n|move|p1a: Ribombee|U-turn|p2a: Scizor\n|-resisted|p2a: Scizor\n|-damage|p2a: Scizor|96\/100 par\n|\n|t:|1700581148\n|switch|p1a: Pachirisu|Pachirisu, M, shiny|28\/100|[from] U-turn\n|move|p2a: Scizor|U-turn|p1a: Pachirisu\n|-damage|p1a: Pachirisu|0 fnt\n|faint|p1a: Pachirisu\n|\n|t:|1700581176\n|switch|p2a: Lunala|Lunala, shiny|100\/100|[from] U-turn\n|-activate|p2a: Lunala|move: Sticky Web\n|-unboost|p2a: Lunala|spe|1\n|\n|upkeep\n|\n|t:|1700581185\n|switch|p1a: Darkrai|Darkrai, shiny|100\/100\n|turn|12\n|\n|t:|1700581190\n|move|p1a: Darkrai|Dark Void|p2a: Lunala\n|-status|p2a: Lunala|slp|[from] move: Dark Void\n|cant|p2a: Lunala|slp\n|\n|-damage|p2a: Lunala|88\/100 slp|[from] ability: Bad Dreams|[of] p1a: Darkrai\n|upkeep\n|turn|13\n|\n|t:|1700581207\n|switch|p2a: Grapploct|Grapploct, M, shiny|82\/100\n|-activate|p2a: Grapploct|move: Sticky Web\n|-unboost|p2a: Grapploct|spe|1\n|move|p1a: Darkrai|Nasty Plot|p1a: Darkrai\n|-boost|p1a: Darkrai|spa|2\n|\n|-sideend|p1: fucsiada|Reflect\n|upkeep\n|turn|14\n|\n|t:|1700581231\n|move|p2a: Grapploct|Mach Punch|p1a: Darkrai\n|-supereffective|p1a: Darkrai\n|-damage|p1a: Darkrai|23\/100\n|move|p1a: Darkrai|Sludge Bomb|p2a: Grapploct\n|-damage|p2a: Grapploct|36\/100\n|\n|upkeep\n|turn|15\n|\n|t:|1700581284\n|switch|p1a: Ribombee|Ribombee, M|1\/100\n|move|p2a: Grapploct|Mach Punch|p1a: Ribombee\n|-resisted|p1a: Ribombee\n|-damage|p1a: Ribombee|0 fnt\n|faint|p1a: Ribombee\n|\n|upkeep\n|\n|t:|1700581288\n|switch|p1a: Rillaboom|Rillaboom, F|100\/100\n|-fieldstart|move: Grassy Terrain|[from] ability: Grassy Surge|[of] p1a: Rillaboom\n|turn|16\n|\n|t:|1700581297\n|switch|p2a: Clefable|Clefable, M, shiny|100\/100\n|-activate|p2a: Clefable|move: Sticky Web\n|-unboost|p2a: Clefable|spe|1\n|move|p1a: Rillaboom|Swords Dance|p1a: Rillaboom\n|-boost|p1a: Rillaboom|atk|2\n|\n|upkeep\n|turn|17\n|\n|t:|1700581320\n|move|p1a: Rillaboom|Swords Dance|p1a: Rillaboom\n|-boost|p1a: Rillaboom|atk|2\n|move|p2a: Clefable|Moonblast|p1a: Rillaboom\n|-damage|p1a: Rillaboom|68\/100\n|\n|-heal|p1a: Rillaboom|74\/100|[from] Grassy Terrain\n|upkeep\n|turn|18\n|\n|t:|1700581326\n|move|p1a: Rillaboom|Grassy Glide|p2a: Clefable\n|-damage|p2a: Clefable|66\/100\n|move|p2a: Clefable|Moonblast|p1a: Rillaboom\n|-damage|p1a: Rillaboom|39\/100\n|\n|-heal|p1a: Rillaboom|45\/100|[from] Grassy Terrain\n|-heal|p2a: Clefable|72\/100|[from] Grassy Terrain\n|-heal|p2a: Clefable|78\/100|[from] item: Leftovers\n|upkeep\n|turn|19\n|\n|t:|1700581336\n|move|p1a: Rillaboom|Knock Off|p2a: Clefable\n|-resisted|p2a: Clefable\n|-damage|p2a: Clefable|64\/100\n|-enditem|p2a: Clefable|Leftovers|[from] move: Knock Off|[of] p1a: Rillaboom\n|move|p2a: Clefable|Soft-Boiled|p2a: Clefable\n|-heal|p2a: Clefable|100\/100\n|\n|-heal|p1a: Rillaboom|51\/100|[from] Grassy Terrain\n|upkeep\n|turn|20\n|\n|t:|1700581342\n|move|p1a: Rillaboom|Grassy Glide|p2a: Clefable\n|-damage|p2a: Clefable|69\/100\n|move|p2a: Clefable|Moonblast|p1a: Rillaboom\n|-damage|p1a: Rillaboom|19\/100\n|\n|-heal|p1a: Rillaboom|25\/100|[from] Grassy Terrain\n|-heal|p2a: Clefable|75\/100|[from] Grassy Terrain\n|-fieldend|move: Grassy Terrain\n|upkeep\n|turn|21\n|\n|t:|1700581354\n|move|p1a: Rillaboom|Grassy Glide|p2a: Clefable\n|-damage|p2a: Clefable|50\/100\n|move|p2a: Clefable|Moonblast|p1a: Rillaboom\n|-damage|p1a: Rillaboom|0 fnt\n|faint|p1a: Rillaboom\n|\n|upkeep\n|\n|t:|1700581359\n|switch|p1a: Darkrai|Darkrai, shiny|23\/100\n|turn|22\n|\n|t:|1700581404\n|move|p1a: Darkrai|Sludge Bomb|p2a: Clefable\n|-supereffective|p2a: Clefable\n|-damage|p2a: Clefable|0 fnt\n|faint|p2a: Clefable\n|\n|upkeep\n|\n|t:|1700581409\n|switch|p2a: Grapploct|Grapploct, M, shiny|36\/100\n|-activate|p2a: Grapploct|move: Sticky Web\n|-unboost|p2a: Grapploct|spe|1\n|turn|23\n|\n|t:|1700581417\n|move|p2a: Grapploct|Mach Punch|p1a: Darkrai\n|-supereffective|p1a: Darkrai\n|-damage|p1a: Darkrai|0 fnt\n|faint|p1a: Darkrai\n|\n|win|don7\n|l|\u2606fucsiada\n|l| Blankeeee\n","uploadtime":1700581421,"views":2,"p1id":"fucsiada","p2id":"don7","formatid":"gen9anythinggoes","rating":0,"private":0,"password":""}