{"id":"radicalred-gen9anythinggoes-534273","p1":"00Coosm0","p2":"Gosnei","format":"[Gen 9] Anything Goes","log":"|j|\u260600Coosm0\n|j|\u2606Gosnei\n|t:|1697761780\n|gametype|singles\n|player|p1|00Coosm0|rr-deoxys|\n|player|p2|Gosnei|rr-umbreon|\n|teamsize|p1|6\n|teamsize|p2|6\n|gen|9\n|tier|[Gen 9] Anything Goes\n|rule|HP Percentage Mod: HP is shown in percentages\n|rule|Endless Battle Clause: Forcing endless battles is banned\n|clearpoke\n|poke|p1|Keldeo-Resolute|\n|poke|p1|Jellicent, F|\n|poke|p1|Ferrothorn, F|\n|poke|p1|Cinccino, M|\n|poke|p1|Zoroark, M|\n|poke|p1|Krookodile, M|\n|poke|p2|Simisear, F|\n|poke|p2|Galvantula, M|\n|poke|p2|Terrakion|\n|poke|p2|Hydreigon, M|\n|poke|p2|Zoroark, M|\n|poke|p2|Jellicent, M|\n|teampreview\n|\n|t:|1697761800\n|start\n|switch|p1a: Cinccino|Cinccino, M|100\/100\n|switch|p2a: Galvantula|Galvantula, M|100\/100\n|turn|1\n|\n|t:|1697761805\n|move|p1a: Cinccino|Rock Blast|p2a: Galvantula\n|-supereffective|p2a: Galvantula\n|-damage|p2a: Galvantula|61\/100\n|-supereffective|p2a: Galvantula\n|-damage|p2a: Galvantula|21\/100\n|-supereffective|p2a: Galvantula\n|-damage|p2a: Galvantula|0 fnt\n|faint|p2a: Galvantula\n|-hitcount|p2: Galvantula|3\n|\n|upkeep\n|\n|t:|1697761817\n|switch|p2a: Simisear|Simisear, F|100\/100\n|turn|2\n|\n|t:|1697761844\n|switch|p1a: Keldeo|Keldeo-Resolute|100\/100\n|move|p2a: Simisear|Flamethrower|p1a: Keldeo\n|-resisted|p1a: Keldeo\n|-crit|p1a: Keldeo\n|-damage|p1a: Keldeo|70\/100\n|\n|upkeep\n|turn|3\n|j| Shotokekipurin\n|\n|t:|1697761855\n|switch|p2a: Jellicent|Jellicent, M|100\/100\n|move|p1a: Keldeo|Scald|p2a: Jellicent\n|-resisted|p2a: Jellicent\n|-damage|p2a: Jellicent|88\/100\n|\n|upkeep\n|turn|4\n|l| Shotokekipurin\n|\n|t:|1697761891\n|switch|p1a: Ferrothorn|Ferrothorn, F|100\/100\n|move|p2a: Jellicent|Dazzling Gleam|p1a: Ferrothorn\n|-resisted|p1a: Ferrothorn\n|-damage|p1a: Ferrothorn|91\/100\n|\n|upkeep\n|turn|5\n|\n|t:|1697761905\n|move|p2a: Jellicent|Water Spout|p1a: Ferrothorn\n|-resisted|p1a: Ferrothorn\n|-damage|p1a: Ferrothorn|50\/100\n|move|p1a: Ferrothorn|Leech Seed|p2a: Jellicent\n|-start|p2a: Jellicent|move: Leech Seed\n|\n|-damage|p2a: Jellicent|75\/100|[from] Leech Seed|[of] p1a: Ferrothorn\n|-heal|p1a: Ferrothorn|62\/100|[silent]\n|upkeep\n|turn|6\n|\n|t:|1697761914\n|switch|p2a: Terrakion|Terrakion|100\/100\n|move|p1a: Ferrothorn|Gyro Ball|p2a: Terrakion\n|-supereffective|p2a: Terrakion\n|-damage|p2a: Terrakion|0 fnt\n|faint|p2a: Terrakion\n|\n|upkeep\n|\n|t:|1697761925\n|switch|p2a: Simisear|Simisear, F|100\/100\n|turn|7\n|\n|t:|1697761935\n|move|p1a: Ferrothorn|Protect|p1a: Ferrothorn\n|-singleturn|p1a: Ferrothorn|Protect\n|move|p2a: Simisear|Nasty Plot|p2a: Simisear\n|-boost|p2a: Simisear|spa|2\n|\n|upkeep\n|turn|8\n|\n|t:|1697761948\n|switch|p1a: Keldeo|Keldeo-Resolute|70\/100\n|move|p2a: Simisear|Dark Hole|p1a: Keldeo\n|-resisted|p1a: Keldeo\n|-damage|p1a: Keldeo|20\/100\n|\n|upkeep\n|turn|9\n|c|\u260600Coosm0|a\n|c|\u260600Coosm0|vale ahora lo entiendo todo\n|\n|t:|1697761961\n|move|p1a: Keldeo|Secret Sword|p2a: Simisear\n|-supereffective|p2a: Simisear\n|-enditem|p2a: Simisear|Focus Sash\n|-damage|p2a: Simisear|1\/100\n|replace|p2a: Zoroark|Zoroark, M\n|-end|p2a: Zoroark|Illusion\n|move|p2a: Zoroark|Dark Hole|p1a: Keldeo\n|-resisted|p1a: Keldeo\n|-damage|p1a: Keldeo|0 fnt\n|faint|p1a: Keldeo\n|\n|upkeep\n|\n|t:|1697761985\n|switch|p1a: Cinccino|Cinccino, M|100\/100\n|turn|10\n|\n|t:|1697761988\n|move|p2a: Zoroark|Protect|p2a: Zoroark\n|-singleturn|p2a: Zoroark|Protect\n|move|p1a: Cinccino|Rock Blast|p2a: Zoroark\n|-activate|p2a: Zoroark|move: Protect\n|\n|upkeep\n|turn|11\n|\n|t:|1697761998\n|switch|p2a: Jellicent|Jellicent, M|75\/100\n|move|p1a: Cinccino|Rock Blast|p2a: Jellicent\n|-damage|p2a: Jellicent|66\/100\n|-damage|p2a: Jellicent|57\/100\n|-crit|p2a: Jellicent\n|-damage|p2a: Jellicent|42\/100\n|-crit|p2a: Jellicent\n|-damage|p2a: Jellicent|27\/100\n|-hitcount|p2a: Jellicent|4\n|\n|upkeep\n|turn|12\n|\n|t:|1697762016\n|move|p1a: Cinccino|Rock Blast|p2a: Jellicent\n|-damage|p2a: Jellicent|17\/100\n|-damage|p2a: Jellicent|7\/100\n|-damage|p2a: Jellicent|0 fnt\n|faint|p2a: Jellicent\n|-hitcount|p2: Jellicent|3\n|\n|upkeep\n|\n|t:|1697762020\n|switch|p2a: Simisear|Simisear, F|100\/100\n|turn|13\n|\n|t:|1697762037\n|switch|p1a: Jellicent|Jellicent, F|100\/100\n|move|p2a: Simisear|Flamethrower|p1a: Jellicent\n|-resisted|p1a: Jellicent\n|-damage|p1a: Jellicent|92\/100\n|\n|-heal|p1a: Jellicent|99\/100|[from] item: Leftovers\n|upkeep\n|turn|14\n|\n|t:|1697762048\n|switch|p2a: Hydreigon|Hydreigon, M|1\/100\n|move|p1a: Jellicent|Dazzling Gleam|p2a: Hydreigon\n|-supereffective|p2a: Hydreigon\n|-crit|p2a: Hydreigon\n|-damage|p2a: Hydreigon|0 fnt\n|replace|p2a: Zoroark|Zoroark, M\n|-end|p2a: Zoroark|Illusion\n|faint|p2a: Zoroark\n|\n|-heal|p1a: Jellicent|100\/100|[from] item: Leftovers\n|upkeep\n|\n|t:|1697762054\n|switch|p2a: Simisear|Simisear, F|100\/100\n|turn|15\n|c|\u260600Coosm0|esta raro ese hydreigon a 1\n|\n|t:|1697762084\n|move|p2a: Simisear|Grass Knot|p1a: Jellicent\n|-supereffective|p1a: Jellicent\n|-damage|p1a: Jellicent|50\/100\n|move|p1a: Jellicent|Water Spout|p2a: Simisear\n|-supereffective|p2a: Simisear\n|-damage|p2a: Simisear|0 fnt\n|faint|p2a: Simisear\n|\n|-heal|p1a: Jellicent|56\/100|[from] item: Leftovers\n|upkeep\n|\n|t:|1697762087\n|switch|p2a: Hydreigon|Hydreigon, M|100\/100\n|turn|16\n|c|\u260600Coosm0|gg\n|\n|t:|1697762114\n|move|p2a: Hydreigon|Dark Hole|p1a: Jellicent\n|-supereffective|p1a: Jellicent\n|-damage|p1a: Jellicent|0 fnt\n|faint|p1a: Jellicent\n|\n|upkeep\n|\n|t:|1697762116\n|switch|p1a: Cinccino|Cinccino, M|100\/100\n|turn|17\n|\n|t:|1697762119\n|move|p2a: Hydreigon|Protect|p2a: Hydreigon\n|-singleturn|p2a: Hydreigon|Protect\n|move|p1a: Cinccino|Triple Axel|p2a: Hydreigon\n|-activate|p2a: Hydreigon|move: Protect\n|\n|upkeep\n|turn|18\n|\n|t:|1697762128\n|move|p1a: Cinccino|Triple Axel|p2a: Hydreigon\n|-supereffective|p2a: Hydreigon\n|-damage|p2a: Hydreigon|82\/100\n|-supereffective|p2a: Hydreigon\n|-damage|p2a: Hydreigon|44\/100\n|-supereffective|p2a: Hydreigon\n|-damage|p2a: Hydreigon|0 fnt\n|faint|p2a: Hydreigon\n|-hitcount|p2: Hydreigon|3\n|\n|win|00Coosm0\n|c|\u260600Coosm0|gg\n|c|\u2606Gosnei|gg?\n","uploadtime":1697762136,"views":7,"p1id":"00coosm0","p2id":"gosnei","formatid":"gen9anythinggoes","rating":0,"private":0,"password":""}