{"id":"radicalred-gen9anythinggoes-536387","p1":"TheLoooon","p2":"TheTired","format":"[Gen 9] Anything Goes","log":"|j|\u2606TheLoooon\n|j|\u2606TheTired\n|t:|1698117652\n|gametype|singles\n|player|p1|TheLoooon|rr-drednawmega|\n|player|p2|TheTired|rr-deoxys|\n|teamsize|p1|6\n|teamsize|p2|6\n|gen|9\n|tier|[Gen 9] Anything Goes\n|rule|HP Percentage Mod: HP is shown in percentages\n|rule|Endless Battle Clause: Forcing endless battles is banned\n|clearpoke\n|poke|p1|Swampert, M|\n|poke|p1|Kabutops, F|\n|poke|p1|Honchkrow, F|\n|poke|p1|Salamence, M|\n|poke|p1|Fearow, M|\n|poke|p1|Hitmontop, M|\n|poke|p2|Tapu Bulu|\n|poke|p2|Gyarados, M|\n|poke|p2|Kartana|\n|poke|p2|Shuckle, F|\n|poke|p2|Pawmot, M|\n|poke|p2|Weavile, M|\n|teampreview\n|c|\u2606TheTired|glhf!\n|\n|t:|1698117694\n|start\n|switch|p1a: Fearow|Fearow, M|100\/100\n|switch|p2a: Shuckle|Shuckle, F|100\/100\n|turn|1\n|inactive|Battle timer is ON: inactive players will automatically lose when time's up. (requested by TheTired)\n|c|\u2606TheLoooon|Glhf\n|j| mcguineeplasto\n|\n|t:|1698117713\n|move|p1a: Fearow|Drill Peck|p2a: Shuckle\n|-damage|p2a: Shuckle|75\/100\n|move|p2a: Shuckle|Toxic|p1a: Fearow\n|-status|p1a: Fearow|tox\n|\n|-damage|p1a: Fearow|95\/100 tox|[from] psn\n|upkeep\n|turn|2\n|\n|t:|1698117722\n|move|p1a: Fearow|Tailwind|p1a: Fearow\n|-sidestart|p1: TheLoooon|move: Tailwind\n|move|p2a: Shuckle|Stealth Rock|p1a: Fearow\n|-sidestart|p1: TheLoooon|move: Stealth Rock\n|\n|-damage|p1a: Fearow|83\/100 tox|[from] psn\n|upkeep\n|turn|3\n|\n|t:|1698117731\n|switch|p1a: Kabutops|Kabutops, F|100\/100\n|-damage|p1a: Kabutops|88\/100|[from] Stealth Rock\n|move|p2a: Shuckle|Sticky Web|p1a: Kabutops\n|-sidestart|p1: TheLoooon|move: Sticky Web\n|\n|upkeep\n|turn|4\n|\n|t:|1698117740\n|move|p1a: Kabutops|Rain Dance|p1a: Kabutops\n|-weather|RainDance\n|move|p2a: Shuckle|Toxic|p1a: Kabutops\n|-status|p1a: Kabutops|tox\n|\n|-weather|RainDance|[upkeep]\n|-damage|p1a: Kabutops|82\/100 tox|[from] psn\n|upkeep\n|turn|5\n|\n|t:|1698117752\n|move|p1a: Kabutops|Flip Turn|p2a: Shuckle\n|-supereffective|p2a: Shuckle\n|-damage|p2a: Shuckle|15\/100\n|\n|t:|1698117763\n|switch|p1a: Fearow|Fearow, M|83\/100 tox|[from] Flip Turn\n|-damage|p1a: Fearow|58\/100 tox|[from] Stealth Rock\n|move|p2a: Shuckle|Encore||[still]\n|-fail|p2a: Shuckle\n|\n|-weather|RainDance|[upkeep]\n|-damage|p1a: Fearow|52\/100 tox|[from] psn\n|-sideend|p1: TheLoooon|move: Tailwind\n|upkeep\n|turn|6\n|\n|t:|1698117777\n|move|p1a: Fearow|Tailwind|p1a: Fearow\n|-sidestart|p1: TheLoooon|move: Tailwind\n|move|p2a: Shuckle|Encore|p1a: Fearow\n|-start|p1a: Fearow|Encore\n|\n|-weather|RainDance|[upkeep]\n|-damage|p1a: Fearow|40\/100 tox|[from] psn\n|upkeep\n|turn|7\n|\n|t:|1698117791\n|switch|p1a: Salamence|Salamence, M|100\/100\n|-damage|p1a: Salamence|76\/100|[from] Stealth Rock\n|move|p2a: Shuckle|Toxic|p1a: Salamence\n|-status|p1a: Salamence|tox\n|\n|-weather|RainDance|[upkeep]\n|-heal|p1a: Salamence|82\/100 tox|[from] item: Leftovers\n|-damage|p1a: Salamence|76\/100 tox|[from] psn\n|upkeep\n|turn|8\n|\n|t:|1698117795\n|move|p1a: Salamence|Aqua Tail|p2a: Shuckle\n|-supereffective|p2a: Shuckle\n|-damage|p2a: Shuckle|0 fnt\n|faint|p2a: Shuckle\n|-ability|p1a: Salamence|Moxie|boost\n|-boost|p1a: Salamence|atk|1\n|\n|-weather|RainDance|[upkeep]\n|-heal|p1a: Salamence|82\/100 tox|[from] item: Leftovers\n|-damage|p1a: Salamence|70\/100 tox|[from] psn\n|upkeep\n|\n|t:|1698117808\n|switch|p2a: Pawmot|Pawmot, M|100\/100\n|turn|9\n|\n|t:|1698117820\n|move|p2a: Pawmot|Fake Out|p1a: Salamence\n|-damage|p1a: Salamence|48\/100 tox\n|-damage|p2a: Pawmot|91\/100|[from] item: Life Orb\n|cant|p1a: Salamence|flinch\n|\n|-weather|RainDance|[upkeep]\n|-heal|p1a: Salamence|54\/100 tox|[from] item: Leftovers\n|-damage|p1a: Salamence|36\/100 tox|[from] psn\n|-sideend|p1: TheLoooon|move: Tailwind\n|upkeep\n|turn|10\n|\n|t:|1698117827\n|move|p2a: Pawmot|Thunder Punch|p1a: Salamence\n|-damage|p1a: Salamence|0 fnt\n|faint|p1a: Salamence\n|-damage|p2a: Pawmot|81\/100|[from] item: Life Orb\n|\n|-weather|RainDance|[upkeep]\n|upkeep\n|\n|t:|1698117840\n|switch|p1a: Kabutops|Kabutops, F|82\/100 tox\n|-damage|p1a: Kabutops|70\/100 tox|[from] Stealth Rock\n|-activate|p1a: Kabutops|move: Sticky Web\n|-unboost|p1a: Kabutops|spe|1\n|turn|11\n|\n|t:|1698117845\n|move|p1a: Kabutops|Stone Axe|p2a: Pawmot\n|-resisted|p2a: Pawmot\n|-damage|p2a: Pawmot|51\/100\n|-sidestart|p2: TheTired|move: Stealth Rock\n|move|p2a: Pawmot|Drain Punch|p1a: Kabutops\n|-supereffective|p1a: Kabutops\n|-damage|p1a: Kabutops|0 fnt\n|-heal|p2a: Pawmot|83\/100|[from] drain|[of] p1a: Kabutops\n|faint|p1a: Kabutops\n|-damage|p2a: Pawmot|73\/100|[from] item: Life Orb\n|\n|-weather|none\n|upkeep\n|\n|t:|1698117859\n|switch|p1a: Hitmontop|Hitmontop, M|100\/100\n|-activate|p1a: Hitmontop|move: Sticky Web\n|-unboost|p1a: Hitmontop|spe|1\n|-damage|p1a: Hitmontop|95\/100|[from] Stealth Rock\n|turn|12\n|\n|t:|1698117864\n|move|p1a: Hitmontop|Fake Out|p2a: Pawmot\n|-damage|p2a: Pawmot|44\/100\n|cant|p2a: Pawmot|flinch\n|\n|upkeep\n|turn|13\n|\n|t:|1698117873\n|move|p2a: Pawmot|Drain Punch|p1a: Hitmontop\n|-damage|p1a: Hitmontop|23\/100\n|-heal|p2a: Pawmot|83\/100|[from] drain|[of] p1a: Hitmontop\n|-damage|p2a: Pawmot|73\/100|[from] item: Life Orb\n|move|p1a: Hitmontop|Bulldoze|p2a: Pawmot\n|-supereffective|p2a: Pawmot\n|-damage|p2a: Pawmot|0 fnt\n|faint|p2a: Pawmot\n|\n|upkeep\n|\n|t:|1698117901\n|switch|p2a: Weavile|Weavile, M|100\/100\n|-damage|p2a: Weavile|76\/100|[from] Stealth Rock\n|turn|14\n|\n|t:|1698117913\n|move|p2a: Weavile|Knock Off|p1a: Hitmontop\n|-resisted|p1a: Hitmontop\n|-damage|p1a: Hitmontop|0 fnt\n|-enditem|p1a: Hitmontop|Loaded Dice|[from] move: Knock Off|[of] p2a: Weavile\n|faint|p1a: Hitmontop\n|\n|upkeep\n|\n|t:|1698117922\n|switch|p1a: Fearow|Fearow, M|40\/100 tox\n|-damage|p1a: Fearow|16\/100 tox|[from] Stealth Rock\n|turn|15\n|\n|t:|1698117925\n|move|p2a: Weavile|Knock Off|p1a: Fearow\n|-damage|p1a: Fearow|0 fnt\n|-enditem|p1a: Fearow|Scope Lens|[from] move: Knock Off|[of] p2a: Weavile\n|faint|p1a: Fearow\n|\n|upkeep\n|\n|t:|1698117928\n|switch|p1a: Honchkrow|Honchkrow, F|100\/100\n|-damage|p1a: Honchkrow|76\/100|[from] Stealth Rock\n|turn|16\n|\n|t:|1698117932\n|move|p2a: Weavile|Knock Off|p1a: Honchkrow\n|-resisted|p1a: Honchkrow\n|-damage|p1a: Honchkrow|12\/100\n|-enditem|p1a: Honchkrow|Focus Sash|[from] move: Knock Off|[of] p2a: Weavile\n|move|p1a: Honchkrow|Tailwind|p1a: Honchkrow\n|-sidestart|p1: TheLoooon|move: Tailwind\n|\n|upkeep\n|turn|17\n|\n|t:|1698117944\n|move|p1a: Honchkrow|Drill Peck|p2a: Weavile\n|-damage|p2a: Weavile|6\/100\n|move|p2a: Weavile|Knock Off|p1a: Honchkrow\n|-resisted|p1a: Honchkrow\n|-damage|p1a: Honchkrow|0 fnt\n|faint|p1a: Honchkrow\n|\n|upkeep\n|\n|t:|1698117948\n|switch|p1a: STAND POWER|Swampert, M|100\/100\n|-activate|p1a: STAND POWER|move: Sticky Web\n|-unboost|p1a: STAND POWER|spe|1\n|-damage|p1a: STAND POWER|94\/100|[from] Stealth Rock\n|turn|18\n|\n|t:|1698117955\n|detailschange|p1a: STAND POWER|Swampert-Mega, M\n|-mega|p1a: STAND POWER|Swampert|Swampertite\n|move|p2a: Weavile|Knock Off|p1a: STAND POWER\n|-damage|p1a: STAND POWER|49\/100\n|move|p1a: STAND POWER|Earthquake|p2a: Weavile\n|-damage|p2a: Weavile|0 fnt\n|faint|p2a: Weavile\n|\n|upkeep\n|\n|t:|1698117965\n|switch|p2a: Tapu Bulu|Tapu Bulu|100\/100\n|-damage|p2a: Tapu Bulu|88\/100|[from] Stealth Rock\n|-fieldstart|move: Grassy Terrain|[from] ability: Grassy Surge|[of] p2a: Tapu Bulu\n|-enditem|p2a: Tapu Bulu|Grassy Seed\n|-boost|p2a: Tapu Bulu|def|1|[from] item: Grassy Seed\n|turn|19\n|\n|t:|1698117968\n|move|p2a: Tapu Bulu|Grassy Glide|p1a: STAND POWER\n|-supereffective|p1a: STAND POWER\n|-damage|p1a: STAND POWER|0 fnt\n|faint|p1a: STAND POWER\n|\n|win|TheTired\n|c|\u2606TheTired|ggs\n","uploadtime":1698117976,"views":17,"p1id":"theloooon","p2id":"thetired","formatid":"gen9anythinggoes","rating":0,"private":0,"password":""}