{"id":"radicalred-gen9anythinggoes-539332","p1":"HamletInRl","p2":"CalvaoBuenos","format":"[Gen 9] Anything Goes","log":"|j|\u2606HamletInRl\n|j|\u2606CalvaoBuenos\n|t:|1698598730\n|gametype|singles\n|player|p1|HamletInRl|rr-tapukoko|\n|player|p2|CalvaoBuenos|101|\n|teamsize|p1|6\n|teamsize|p2|6\n|gen|9\n|tier|[Gen 9] Anything Goes\n|rule|HP Percentage Mod: HP is shown in percentages\n|rule|Endless Battle Clause: Forcing endless battles is banned\n|clearpoke\n|poke|p1|Mewtwo|\n|poke|p1|Zapdos|\n|poke|p1|Clefable, M|\n|poke|p1|Gengar, F|\n|poke|p1|Pikachu-Rock-Star, F|\n|poke|p1|Chansey, F|\n|poke|p2|Ho-Oh|\n|poke|p2|Quagsire, M|\n|poke|p2|Scizor, F|\n|poke|p2|Granbull, M|\n|poke|p2|Shuckle, F|\n|poke|p2|Porygon2|\n|teampreview\n|\n|t:|1698598739\n|start\n|switch|p1a: Mewtwo|Mewtwo|100\/100\n|switch|p2a: Tortuguita|Shuckle, F|100\/100\n|-ability|p1a: Mewtwo|Pressure\n|turn|1\n|\n|t:|1698598743\n|detailschange|p1a: Mewtwo|Mewtwo-Mega-X\n|-mega|p1a: Mewtwo|Mewtwo|Mewtwonite X\n|move|p1a: Mewtwo|Bulk Up|p1a: Mewtwo\n|-boost|p1a: Mewtwo|atk|1\n|-boost|p1a: Mewtwo|def|1\n|move|p2a: Tortuguita|Sticky Web|p1a: Mewtwo\n|-sidestart|p1: HamletInRl|move: Sticky Web\n|\n|upkeep\n|turn|2\n|\n|t:|1698598745\n|move|p1a: Mewtwo|Bulk Up|p1a: Mewtwo\n|-boost|p1a: Mewtwo|atk|1\n|-boost|p1a: Mewtwo|def|1\n|move|p2a: Tortuguita|Stealth Rock|p1a: Mewtwo\n|-sidestart|p1: HamletInRl|move: Stealth Rock\n|\n|upkeep\n|turn|3\n|\n|t:|1698598749\n|move|p1a: Mewtwo|Drain Punch|p2a: Tortuguita\n|-damage|p2a: Tortuguita|33\/100\n|move|p2a: Tortuguita|Toxic|p1a: Mewtwo|[miss]\n|-miss|p2a: Tortuguita|p1a: Mewtwo\n|\n|upkeep\n|turn|4\n|\n|t:|1698598752\n|move|p1a: Mewtwo|Drain Punch|p2a: Tortuguita\n|-damage|p2a: Tortuguita|0 fnt\n|faint|p2a: Tortuguita\n|\n|upkeep\n|c|\u2606HamletInRl|Que crime\n|\n|t:|1698598768\n|switch|p2a: Nugget voador|Ho-Oh, shiny|100\/100\n|turn|5\n|\n|t:|1698598777\n|move|p1a: Mewtwo|Zen Headbutt|p2a: Nugget voador\n|-damage|p2a: Nugget voador|0 fnt\n|-activate|p2a: Nugget voador|ability: Pheonix Down|p2a: Nugget voador\n|-sethp|p2a: Nugget voador|50\/100|[silent]\n|-clearboost|p2a: Nugget voador|[silent]\n|move|p2a: Nugget voador|Sky Attack||[still]\n|-prepare|p2a: Nugget voador|Sky Attack\n|\n|upkeep\n|turn|6\n|\n|t:|1698598781\n|move|p1a: Mewtwo|Bulk Up|p1a: Mewtwo\n|-boost|p1a: Mewtwo|atk|1\n|-boost|p1a: Mewtwo|def|1\n|move|p2a: Nugget voador|Sky Attack|p1a: Mewtwo|[from]lockedmove\n|-supereffective|p1a: Mewtwo\n|-damage|p1a: Mewtwo|33\/100\n|\n|upkeep\n|turn|7\n|\n|t:|1698598785\n|move|p1a: Mewtwo|Zen Headbutt|p2a: Nugget voador\n|-damage|p2a: Nugget voador|0 fnt\n|faint|p2a: Nugget voador\n|\n|upkeep\n|\n|t:|1698598787\n|switch|p2a: Pitbull|Granbull, M|100\/100\n|turn|8\n|\n|t:|1698598791\n|move|p1a: Mewtwo|Zen Headbutt|p2a: Pitbull\n|-supereffective|p2a: Pitbull\n|-damage|p2a: Pitbull|0 fnt\n|faint|p2a: Pitbull\n|\n|upkeep\n|\n|t:|1698598794\n|switch|p2a: Ricky Balboa|Scizor, F|100\/100\n|turn|9\n|\n|t:|1698598797\n|move|p1a: Mewtwo|Drain Punch|p2a: Ricky Balboa\n|-damage|p2a: Ricky Balboa|0 fnt\n|-heal|p1a: Mewtwo|72\/100|[from] drain|[of] p2a: Ricky Balboa\n|faint|p2a: Ricky Balboa\n|\n|upkeep\n|\n|t:|1698598800\n|switch|p2a: Chip da OI|Porygon2|100\/100\n|-ability|p2a: Chip da OI|Download|boost\n|-boost|p2a: Chip da OI|spa|1\n|turn|10\n|\n|t:|1698598802\n|move|p1a: Mewtwo|Drain Punch|p2a: Chip da OI\n|-supereffective|p2a: Chip da OI\n|-damage|p2a: Chip da OI|0 fnt\n|-heal|p1a: Mewtwo|100\/100|[from] drain|[of] p2a: Chip da OI\n|faint|p2a: Chip da OI\n|\n|upkeep\n|j| hkvnv\n|\n|t:|1698598805\n|switch|p2a: Salamandruel|Quagsire, M|100\/100\n|turn|11\n|\n|t:|1698598807\n|move|p1a: Mewtwo|Drain Punch|p2a: Salamandruel\n|-damage|p2a: Salamandruel|65\/100\n|move|p2a: Salamandruel|Earthquake|p1a: Mewtwo\n|-damage|p1a: Mewtwo|71\/100\n|\n|-heal|p2a: Salamandruel|72\/100|[from] item: Leftovers\n|upkeep\n|turn|12\n|\n|t:|1698598811\n|move|p1a: Mewtwo|Drain Punch|p2a: Salamandruel\n|-damage|p2a: Salamandruel|40\/100\n|-heal|p1a: Mewtwo|89\/100|[from] drain|[of] p2a: Salamandruel\n|move|p2a: Salamandruel|Toxic|p1a: Mewtwo|[miss]\n|-miss|p2a: Salamandruel|p1a: Mewtwo\n|\n|-heal|p2a: Salamandruel|46\/100|[from] item: Leftovers\n|upkeep\n|turn|13\n|\n|t:|1698598814\n|move|p1a: Mewtwo|Drain Punch|p2a: Salamandruel\n|-damage|p2a: Salamandruel|14\/100\n|-heal|p1a: Mewtwo|100\/100|[from] drain|[of] p2a: Salamandruel\n|move|p2a: Salamandruel|Earthquake|p1a: Mewtwo\n|-damage|p1a: Mewtwo|71\/100\n|\n|-heal|p2a: Salamandruel|21\/100|[from] item: Leftovers\n|upkeep\n|turn|14\n|\n|t:|1698598817\n|move|p1a: Mewtwo|Drain Punch|p2a: Salamandruel\n|-damage|p2a: Salamandruel|0 fnt\n|-heal|p1a: Mewtwo|82\/100|[from] drain|[of] p2a: Salamandruel\n|faint|p2a: Salamandruel\n|\n|win|HamletInRl\n","uploadtime":1698598823,"views":10,"p1id":"hamletinrl","p2id":"calvaobuenos","formatid":"gen9anythinggoes","rating":0,"private":0,"password":""}