{"id":"radicalred-gen9anythinggoes-552017","p1":"don7","p2":"BauerBob","format":"[Gen 9] Anything Goes","log":"|j|\u2606don7\n|j|\u2606BauerBob\n|t:|1701188828\n|gametype|singles\n|player|p1|don7|rr-deoxys|\n|player|p2|BauerBob|rr-lechonk|\n|teamsize|p1|6\n|teamsize|p2|6\n|gen|9\n|tier|[Gen 9] Anything Goes\n|rule|HP Percentage Mod: HP is shown in percentages\n|rule|Endless Battle Clause: Forcing endless battles is banned\n|clearpoke\n|poke|p1|Clefable, F|\n|poke|p1|Grapploct, F|\n|poke|p1|Lunala|\n|poke|p1|Barbaracle, F|\n|poke|p1|Scizor, M|\n|poke|p1|Meowscarada, M|\n|poke|p2|Vaporeon, F|\n|poke|p2|Wishiwashi-Sevii, F|\n|poke|p2|Reuniclus, M|\n|poke|p2|Jolteon, M|\n|poke|p2|Pyroar, M|\n|poke|p2|Incineroar, M|\n|teampreview\n|j| fucsiada\n|j| Blankeeee\n|\n|t:|1701188924\n|start\n|switch|p1a: Lunala|Lunala|100\/100\n|switch|p2a: Reuniclus|Reuniclus, M, shiny|100\/100\n|turn|1\n|\n|t:|1701188958\n|switch|p2a: Vaporeon|Vaporeon, F, shiny|100\/100\n|move|p1a: Lunala|Trick|p2a: Vaporeon\n|-activate|p1a: Lunala|move: Trick|[of] p2a: Vaporeon\n|-item|p2a: Vaporeon|Choice Scarf|[from] move: Trick\n|-item|p1a: Lunala|Leftovers|[from] move: Trick\n|\n|upkeep\n|turn|2\n|\n|t:|1701188973\n|switch|p1a: Clefable|Clefable, F|100\/100\n|move|p2a: Vaporeon|Toxic|p1a: Clefable\n|-status|p1a: Clefable|tox\n|\n|-damage|p1a: Clefable|94\/100 tox|[from] psn\n|upkeep\n|turn|3\n|\n|t:|1701188991\n|switch|p2a: Reuniclus|Reuniclus, M, shiny|100\/100\n|move|p1a: Clefable|Stealth Rock|p2a: Reuniclus\n|-sidestart|p2: BauerBob|move: Stealth Rock\n|\n|-heal|p1a: Clefable|100\/100 tox|[from] item: Leftovers\n|-damage|p1a: Clefable|88\/100 tox|[from] psn\n|upkeep\n|turn|4\n|\n|t:|1701189001\n|move|p2a: Reuniclus|Psychic|p1a: Clefable\n|-damage|p1a: Clefable|52\/100 tox\n|move|p1a: Clefable|Teleport|p1a: Clefable\n|\n|t:|1701189036\n|switch|p1a: Meowscarada|Meowscarada, M, shiny|100\/100|[from] Teleport\n|\n|upkeep\n|turn|5\n|\n|t:|1701189064\n|move|p1a: Meowscarada|U-turn|p2a: Reuniclus\n|-start|p1a: Meowscarada|typechange|Bug|[from] ability: Protean\n|-supereffective|p2a: Reuniclus\n|-damage|p2a: Reuniclus|39\/100\n|-damage|p1a: Meowscarada|91\/100|[from] item: Life Orb\n|\n|t:|1701189072\n|switch|p1a: Lunala|Lunala|100\/100|[from] U-turn\n|move|p2a: Reuniclus|Teleport|p2a: Reuniclus\n|\n|t:|1701189085\n|switch|p2a: Incineroar|Incineroar, M, shiny|100\/100|[from] Teleport\n|-damage|p2a: Incineroar|76\/100|[from] Stealth Rock\n|-ability|p2a: Incineroar|Intimidate|boost\n|-unboost|p1a: Lunala|atk|1\n|\n|upkeep\n|turn|6\n|\n|t:|1701189123\n|switch|p1a: Clefable|Clefable, F|52\/100 tox\n|-zpower|p2a: Incineroar\n|move|p2a: Incineroar|Malicious Moonsault|p1a: Clefable|[zeffect]\n|-resisted|p1a: Clefable\n|-damage|p1a: Clefable|16\/100 tox\n|\n|-heal|p1a: Clefable|22\/100 tox|[from] item: Leftovers\n|-damage|p1a: Clefable|16\/100 tox|[from] psn\n|upkeep\n|turn|7\n|\n|t:|1701189165\n|switch|p1a: Grapploct|Grapploct, F|100\/100\n|move|p2a: Incineroar|Flare Blitz|p1a: Grapploct\n|-resisted|p1a: Grapploct\n|-damage|p1a: Grapploct|64\/100\n|-damage|p2a: Incineroar|65\/100|[from] Recoil\n|\n|upkeep\n|turn|8\n|\n|t:|1701189178\n|switch|p2a: Wishiwashi|Wishiwashi-Sevii, F, shiny|100\/100\n|-damage|p2a: Wishiwashi|88\/100|[from] Stealth Rock\n|-formechange|p2a: Wishiwashi|Wishiwashi-Sevii-School||[from] ability: Schooling\n|move|p1a: Grapploct|Mach Punch|p2a: Wishiwashi\n|-immune|p2a: Wishiwashi\n|\n|-heal|p2a: Wishiwashi|94\/100|[from] item: Leftovers\n|upkeep\n|turn|9\n|\n|t:|1701189196\n|move|p1a: Grapploct|Flip Turn|p2a: Wishiwashi\n|-resisted|p2a: Wishiwashi\n|-damage|p2a: Wishiwashi|78\/100\n|\n|t:|1701189202\n|switch|p1a: Clefable|Clefable, F|16\/100 tox|[from] Flip Turn\n|move|p2a: Wishiwashi|Thunderbolt|p1a: Clefable\n|-damage|p1a: Clefable|0 fnt\n|faint|p1a: Clefable\n|\n|-heal|p2a: Wishiwashi|84\/100|[from] item: Leftovers\n|upkeep\n|\n|t:|1701189244\n|switch|p1a: Meowscarada|Meowscarada, M, shiny|91\/100\n|turn|10\n|\n|t:|1701189256\n|switch|p2a: Vaporeon|Vaporeon, F, shiny|100\/100\n|-damage|p2a: Vaporeon|88\/100|[from] Stealth Rock\n|move|p1a: Meowscarada|Knock Off|p2a: Vaporeon\n|-start|p1a: Meowscarada|typechange|Dark|[from] ability: Protean\n|-damage|p2a: Vaporeon|29\/100\n|-enditem|p2a: Vaporeon|Choice Scarf|[from] move: Knock Off|[of] p1a: Meowscarada\n|-damage|p1a: Meowscarada|81\/100|[from] item: Life Orb\n|\n|upkeep\n|turn|11\n|\n|t:|1701189278\n|move|p1a: Meowscarada|U-turn|p2a: Vaporeon\n|-start|p1a: Meowscarada|typechange|Bug|[from] ability: Protean\n|-damage|p2a: Vaporeon|0 fnt\n|faint|p2a: Vaporeon\n|-damage|p1a: Meowscarada|71\/100|[from] item: Life Orb\n|\n|t:|1701189290\n|switch|p1a: Lunala|Lunala|100\/100|[from] U-turn\n|\n|upkeep\n|\n|t:|1701189303\n|switch|p2a: Incineroar|Incineroar, M, shiny|65\/100\n|-damage|p2a: Incineroar|40\/100|[from] Stealth Rock\n|-ability|p2a: Incineroar|Intimidate|boost\n|-unboost|p1a: Lunala|atk|1\n|turn|12\n|\n|t:|1701189410\n|switch|p1a: Grapploct|Grapploct, F|64\/100\n|move|p2a: Incineroar|Parting Shot|p1a: Grapploct\n|-unboost|p1a: Grapploct|atk|1\n|-unboost|p1a: Grapploct|spa|1\n|\n|t:|1701189415\n|switch|p2a: Wishiwashi|Wishiwashi-Sevii, F, shiny|84\/100|[from] Parting Shot\n|-damage|p2a: Wishiwashi|71\/100|[from] Stealth Rock\n|-formechange|p2a: Wishiwashi|Wishiwashi-Sevii-School||[from] ability: Schooling\n|\n|-heal|p2a: Wishiwashi|78\/100|[from] item: Leftovers\n|upkeep\n|turn|13\n|\n|t:|1701189435\n|move|p1a: Grapploct|Flip Turn|p2a: Wishiwashi\n|-resisted|p2a: Wishiwashi\n|-damage|p2a: Wishiwashi|68\/100\n|\n|t:|1701189516\n|switch|p1a: Lunala|Lunala|100\/100|[from] Flip Turn\n|move|p2a: Wishiwashi|Will-O-Wisp|p1a: Lunala\n|-status|p1a: Lunala|brn\n|\n|-heal|p2a: Wishiwashi|74\/100|[from] item: Leftovers\n|-damage|p1a: Lunala|94\/100 brn|[from] brn\n|upkeep\n|turn|14\n|\n|t:|1701189535\n|move|p2a: Wishiwashi|Shadow Sneak|p1a: Lunala\n|-supereffective|p1a: Lunala\n|-damage|p1a: Lunala|28\/100 brn\n|move|p1a: Lunala|Moonblast|p2a: Wishiwashi\n|-supereffective|p2a: Wishiwashi\n|-damage|p2a: Wishiwashi|23\/100\n|\n|-heal|p1a: Lunala|34\/100 brn|[from] item: Leftovers\n|-heal|p2a: Wishiwashi|29\/100|[from] item: Leftovers\n|-damage|p1a: Lunala|28\/100 brn|[from] brn\n|upkeep\n|turn|15\n|\n|t:|1701189599\n|switch|p1a: Barbaracle|Barbaracle, F|100\/100\n|move|p2a: Wishiwashi|Will-O-Wisp|p1a: Barbaracle|[miss]\n|-miss|p2a: Wishiwashi|p1a: Barbaracle\n|\n|-heal|p2a: Wishiwashi|35\/100|[from] item: Leftovers\n|upkeep\n|turn|16\n|\n|t:|1701189641\n|move|p1a: Barbaracle|Liquidation|p2a: Wishiwashi\n|-resisted|p2a: Wishiwashi\n|-damage|p2a: Wishiwashi|19\/100\n|move|p2a: Wishiwashi|Thunderbolt|p1a: Barbaracle\n|-supereffective|p1a: Barbaracle\n|-damage|p1a: Barbaracle|54\/100\n|\n|-heal|p2a: Wishiwashi|25\/100|[from] item: Leftovers\n|-formechange|p2a: Wishiwashi|Wishiwashi-Sevii||[from] ability: Schooling\n|upkeep\n|turn|17\n|\n|t:|1701189655\n|move|p1a: Barbaracle|Liquidation|p2a: Wishiwashi\n|-damage|p2a: Wishiwashi|0 fnt\n|faint|p2a: Wishiwashi\n|\n|upkeep\n|\n|t:|1701189708\n|switch|p2a: Jolteon|Jolteon, M|100\/100\n|-damage|p2a: Jolteon|88\/100|[from] Stealth Rock\n|turn|18\n|\n|t:|1701189714\n|switch|p1a: Lunala|Lunala|28\/100 brn\n|move|p2a: Jolteon|Thunderbolt|p1a: Lunala\n|-damage|p1a: Lunala|0 fnt\n|faint|p1a: Lunala\n|\n|upkeep\n|\n|t:|1701189737\n|switch|p1a: Scizor|Scizor, M|100\/100\n|turn|19\n|\n|t:|1701189761\n|switch|p2a: Incineroar|Incineroar, M, shiny|40\/100\n|-damage|p2a: Incineroar|15\/100|[from] Stealth Rock\n|-ability|p2a: Incineroar|Intimidate|boost\n|-unboost|p1a: Scizor|atk|1\n|detailschange|p1a: Scizor|Scizor-Mega, M\n|-mega|p1a: Scizor|Scizor|Scizorite\n|move|p1a: Scizor|U-turn|p2a: Incineroar\n|-damage|p2a: Incineroar|0 fnt\n|faint|p2a: Incineroar\n|\n|t:|1701189781\n|switch|p1a: Grapploct|Grapploct, F|64\/100|[from] U-turn\n|\n|upkeep\n|\n|t:|1701189834\n|switch|p2a: Jolteon|Jolteon, M|88\/100\n|-damage|p2a: Jolteon|76\/100|[from] Stealth Rock\n|turn|20\n|\n|t:|1701189843\n|move|p1a: Grapploct|Aqua Jet|p2a: Jolteon\n|-damage|p2a: Jolteon|21\/100\n|move|p2a: Jolteon|Thunderbolt|p1a: Grapploct\n|-supereffective|p1a: Grapploct\n|-crit|p1a: Grapploct\n|-damage|p1a: Grapploct|0 fnt\n|faint|p1a: Grapploct\n|\n|upkeep\n|\n|t:|1701189853\n|switch|p1a: Barbaracle|Barbaracle, F|54\/100\n|turn|21\n|\n|t:|1701189870\n|move|p1a: Barbaracle|Aqua Jet|p2a: Jolteon\n|-damage|p2a: Jolteon|0 fnt\n|faint|p2a: Jolteon\n|\n|upkeep\n|\n|t:|1701189875\n|switch|p2a: Reuniclus|Reuniclus, M, shiny|72\/100\n|-damage|p2a: Reuniclus|60\/100|[from] Stealth Rock\n|turn|22\n|\n|t:|1701189881\n|move|p1a: Barbaracle|X-Scissor|p2a: Reuniclus\n|-supereffective|p2a: Reuniclus\n|-damage|p2a: Reuniclus|16\/100\n|move|p2a: Reuniclus|Toxic|p1a: Barbaracle\n|-status|p1a: Barbaracle|tox\n|\n|-heal|p2a: Reuniclus|22\/100|[from] item: Leftovers\n|-damage|p1a: Barbaracle|48\/100 tox|[from] psn\n|upkeep\n|turn|23\n|\n|t:|1701189905\n|switch|p1a: Scizor|Scizor-Mega, M|100\/100\n|switch|p2a: Pyroar|Pyroar, M, shiny|100\/100\n|-damage|p2a: Pyroar|76\/100|[from] Stealth Rock\n|\n|upkeep\n|turn|24\n|\n|t:|1701189926\n|move|p1a: Scizor|Bullet Punch|p2a: Pyroar\n|-resisted|p2a: Pyroar\n|-damage|p2a: Pyroar|54\/100\n|move|p2a: Pyroar|Overheat|p1a: Scizor\n|-supereffective|p1a: Scizor\n|-damage|p1a: Scizor|0 fnt\n|-unboost|p2a: Pyroar|spa|2\n|faint|p1a: Scizor\n|\n|upkeep\n|\n|t:|1701189937\n|switch|p1a: Barbaracle|Barbaracle, F|48\/100 tox\n|turn|25\n|\n|t:|1701189951\n|switch|p2a: Reuniclus|Reuniclus, M, shiny|55\/100\n|-damage|p2a: Reuniclus|43\/100|[from] Stealth Rock\n|move|p1a: Barbaracle|Accelerock|p2a: Reuniclus\n|-damage|p2a: Reuniclus|26\/100\n|\n|-heal|p2a: Reuniclus|33\/100|[from] item: Leftovers\n|-damage|p1a: Barbaracle|42\/100 tox|[from] psn\n|upkeep\n|turn|26\n|\n|t:|1701189963\n|switch|p2a: Pyroar|Pyroar, M, shiny|54\/100\n|-damage|p2a: Pyroar|30\/100|[from] Stealth Rock\n|move|p1a: Barbaracle|X-Scissor|p2a: Pyroar\n|-resisted|p2a: Pyroar\n|-damage|p2a: Pyroar|5\/100\n|\n|-damage|p1a: Barbaracle|30\/100 tox|[from] psn\n|upkeep\n|turn|27\n|\n|t:|1701189977\n|move|p1a: Barbaracle|Accelerock|p2a: Pyroar\n|-supereffective|p2a: Pyroar\n|-damage|p2a: Pyroar|0 fnt\n|faint|p2a: Pyroar\n|\n|-damage|p1a: Barbaracle|12\/100 tox|[from] psn\n|upkeep\n|\n|t:|1701189983\n|switch|p2a: Reuniclus|Reuniclus, M, shiny|66\/100\n|-damage|p2a: Reuniclus|53\/100|[from] Stealth Rock\n|turn|28\n|\n|t:|1701189994\n|move|p1a: Barbaracle|X-Scissor|p2a: Reuniclus\n|-supereffective|p2a: Reuniclus\n|-damage|p2a: Reuniclus|9\/100\n|move|p2a: Reuniclus|Psychic|p1a: Barbaracle\n|-damage|p1a: Barbaracle|0 fnt\n|faint|p1a: Barbaracle\n|\n|-heal|p2a: Reuniclus|16\/100|[from] item: Leftovers\n|upkeep\n|\n|t:|1701189999\n|switch|p1a: Meowscarada|Meowscarada, M, shiny|71\/100\n|turn|29\n|\n|t:|1701190012\n|move|p1a: Meowscarada|Knock Off|p2a: Reuniclus\n|-start|p1a: Meowscarada|typechange|Dark|[from] ability: Protean\n|-supereffective|p2a: Reuniclus\n|-damage|p2a: Reuniclus|0 fnt\n|-enditem|p2a: Reuniclus|Leftovers|[from] move: Knock Off|[of] p1a: Meowscarada\n|faint|p2a: Reuniclus\n|-damage|p1a: Meowscarada|61\/100|[from] item: Life Orb\n|\n|win|don7\n|l| fucsiada\n","uploadtime":1701190057,"views":3,"p1id":"don7","p2id":"bauerbob","formatid":"gen9anythinggoes","rating":0,"private":0,"password":""}