{"id":"radicalred-gen9anythinggoes-539440","p1":"zeranogamer147","p2":"HellSinky","format":"[Gen 9] Anything Goes","log":"|j|\u2606zeranogamer147\n|j|\u2606HellSinky\n|t:|1698609350\n|gametype|singles\n|player|p1|zeranogamer147|170|\n|player|p2|HellSinky|rr-victini|\n|teamsize|p1|6\n|teamsize|p2|6\n|gen|9\n|tier|[Gen 9] Anything Goes\n|rule|HP Percentage Mod: HP is shown in percentages\n|rule|Endless Battle Clause: Forcing endless battles is banned\n|rule|Sleep Clause Mod: Limit one foe put to sleep\n|clearpoke\n|poke|p1|Hydreigon, F|\n|poke|p1|Excadrill, M|\n|poke|p1|Ferrothorn, F|\n|poke|p1|Cinccino, M|\n|poke|p1|Mienshao, M|\n|poke|p1|Landorus-Therian, M|\n|poke|p2|Ferrothorn, M|\n|poke|p2|Krookodile, F|\n|poke|p2|Amoonguss, F|\n|poke|p2|Alomomola, M|\n|poke|p2|Keldeo-Resolute|\n|poke|p2|Volcarona, M|\n|teampreview\n|c|\u2606zeranogamer147|gl\n|inactive|Battle timer is ON: inactive players will automatically lose when time's up. (requested by zeranogamer147)\n|c|\u2606HellSinky|glhf\n|\n|t:|1698609407\n|start\n|switch|p1a: Cinccino|Cinccino, M|100\/100\n|switch|p2a: saco wea|Keldeo-Resolute, shiny|100\/100\n|turn|1\n|j| zSlowKiller\n|\n|t:|1698609418\n|switch|p2a: Ferro Pariente|Ferrothorn, M, shiny|100\/100\n|move|p1a: Cinccino|Bullet Seed|p2a: Ferro Pariente\n|-resisted|p2a: Ferro Pariente\n|-damage|p2a: Ferro Pariente|99\/100\n|-resisted|p2a: Ferro Pariente\n|-damage|p2a: Ferro Pariente|98\/100\n|-resisted|p2a: Ferro Pariente\n|-damage|p2a: Ferro Pariente|96\/100\n|-resisted|p2a: Ferro Pariente\n|-damage|p2a: Ferro Pariente|95\/100\n|-hitcount|p2a: Ferro Pariente|4\n|\n|upkeep\n|turn|2\n|\n|t:|1698609438\n|switch|p1a: Ferrothorn|Ferrothorn, F|100\/100\n|move|p2a: Ferro Pariente|Gyro Ball|p1a: Ferrothorn\n|-resisted|p1a: Ferrothorn\n|-damage|p1a: Ferrothorn|96\/100\n|-damage|p2a: Ferro Pariente|82\/100|[from] ability: Iron Barbs|[of] p1a: Ferrothorn\n|\n|-heal|p1a: Ferrothorn|100\/100|[from] item: Leftovers\n|upkeep\n|turn|3\n|inactive|HellSinky has 270 seconds left.\n|\n|t:|1698609464\n|switch|p1a: Landorus|Landorus-Therian, M|100\/100\n|-ability|p1a: Landorus|Intimidate|boost\n|-unboost|p2a: Ferro Pariente|atk|1\n|switch|p2a: somnifero|Amoonguss, F, shiny|100\/100\n|\n|upkeep\n|turn|4\n|inactive|HellSinky has 270 seconds left.\n|\n|t:|1698609488\n|move|p1a: Landorus|U-turn|p2a: somnifero\n|-damage|p2a: somnifero|73\/100\n|\n|t:|1698609491\n|switch|p1a: Ferrothorn|Ferrothorn, F|100\/100|[from] U-turn\n|move|p2a: somnifero|Spore|p1a: Ferrothorn\n|-immune|p1a: Ferrothorn\n|\n|-heal|p2a: somnifero|79\/100|[from] item: Black Sludge\n|upkeep\n|turn|5\n|inactive|HellSinky has 240 seconds left.\n|\n|t:|1698609524\n|switch|p2a: saco wea|Keldeo-Resolute, shiny|100\/100\n|move|p1a: Ferrothorn|Leech Seed|p2a: saco wea|[miss]\n|-miss|p1a: Ferrothorn|p2a: saco wea\n|\n|upkeep\n|turn|6\n|inactive|HellSinky has 240 seconds left.\n|\n|t:|1698609537\n|move|p2a: saco wea|Secret Sword|p1a: Ferrothorn\n|-supereffective|p1a: Ferrothorn\n|-damage|p1a: Ferrothorn|0 fnt\n|faint|p1a: Ferrothorn\n|\n|upkeep\n|\n|t:|1698609550\n|switch|p1a: Cinccino|Cinccino, M|100\/100\n|turn|7\n|\n|t:|1698609555\n|switch|p2a: Ferro Pariente|Ferrothorn, M, shiny|82\/100\n|move|p1a: Cinccino|Bullet Seed|p2a: Ferro Pariente\n|-resisted|p2a: Ferro Pariente\n|-damage|p2a: Ferro Pariente|81\/100\n|-resisted|p2a: Ferro Pariente\n|-damage|p2a: Ferro Pariente|79\/100\n|-resisted|p2a: Ferro Pariente\n|-damage|p2a: Ferro Pariente|78\/100\n|-resisted|p2a: Ferro Pariente\n|-damage|p2a: Ferro Pariente|76\/100\n|-resisted|p2a: Ferro Pariente\n|-damage|p2a: Ferro Pariente|75\/100\n|-hitcount|p2a: Ferro Pariente|5\n|\n|upkeep\n|turn|8\n|\n|t:|1698609572\n|switch|p1a: Landorus|Landorus-Therian, M|100\/100\n|-ability|p1a: Landorus|Intimidate|boost\n|-unboost|p2a: Ferro Pariente|atk|1\n|move|p2a: Ferro Pariente|Leech Seed|p1a: Landorus|[miss]\n|-miss|p2a: Ferro Pariente|p1a: Landorus\n|\n|upkeep\n|turn|9\n|\n|t:|1698609592\n|move|p1a: Landorus|Earthquake|p2a: Ferro Pariente\n|-damage|p2a: Ferro Pariente|41\/100\n|move|p2a: Ferro Pariente|Leech Seed|p1a: Landorus\n|-start|p1a: Landorus|move: Leech Seed\n|\n|-damage|p1a: Landorus|88\/100|[from] Leech Seed|[of] p2a: Ferro Pariente\n|-heal|p2a: Ferro Pariente|52\/100|[silent]\n|upkeep\n|turn|10\n|inactive|HellSinky has 240 seconds left.\n|\n|t:|1698609617\n|switch|p1a: Hydreigon|Hydreigon, F|100\/100\n|move|p2a: Ferro Pariente|Gyro Ball|p1a: Hydreigon\n|-damage|p1a: Hydreigon|64\/100\n|\n|upkeep\n|turn|11\n|inactive|HellSinky has 240 seconds left.\n|inactive|HellSinky has 210 seconds left.\n|\n|t:|1698609659\n|switch|p2a: somnifero|Amoonguss, F, shiny|100\/100\n|move|p1a: Hydreigon|Dark Hole|p2a: somnifero\n|-damage|p2a: somnifero|54\/100\n|\n|-heal|p2a: somnifero|60\/100|[from] item: Black Sludge\n|upkeep\n|turn|12\n|inactive|HellSinky has 210 seconds left.\n|inactive|HellSinky has 180 seconds left.\n|\n|t:|1698609704\n|move|p1a: Hydreigon|Dark Hole|p2a: somnifero\n|-damage|p2a: somnifero|10\/100\n|move|p2a: somnifero|Spore|p1a: Hydreigon\n|-status|p1a: Hydreigon|slp|[from] move: Spore\n|\n|-heal|p2a: somnifero|16\/100|[from] item: Black Sludge\n|upkeep\n|turn|13\n|inactive|HellSinky has 180 seconds left.\n|\n|t:|1698609713\n|switch|p2a: saco wea|Keldeo-Resolute, shiny|100\/100\n|cant|p1a: Hydreigon|slp\n|\n|upkeep\n|turn|14\n|\n|t:|1698609726\n|switch|p1a: Excadrill|Excadrill, M|100\/100\n|-ability|p1a: Excadrill|Mold Breaker\n|move|p2a: saco wea|Secret Sword|p1a: Excadrill\n|-supereffective|p1a: Excadrill\n|-damage|p1a: Excadrill|0 fnt\n|faint|p1a: Excadrill\n|\n|upkeep\n|\n|t:|1698609735\n|switch|p1a: Cinccino|Cinccino, M|100\/100\n|turn|15\n|\n|t:|1698609746\n|switch|p1a: Landorus|Landorus-Therian, M|88\/100\n|-ability|p1a: Landorus|Intimidate|boost\n|-unboost|p2a: saco wea|atk|1\n|switch|p2a: Ferro Pariente|Ferrothorn, M, shiny|52\/100\n|\n|upkeep\n|turn|16\n|inactive|HellSinky has 180 seconds left.\n|\n|t:|1698609777\n|move|p1a: Landorus|Earthquake|p2a: Ferro Pariente\n|-damage|p2a: Ferro Pariente|19\/100\n|move|p2a: Ferro Pariente|Stealth Rock|p1a: Landorus\n|-sidestart|p1: zeranogamer147|move: Stealth Rock\n|\n|upkeep\n|turn|17\n|inactive|HellSinky has 180 seconds left.\n|\n|t:|1698609802\n|switch|p2a: giratina|Alomomola, M, shiny|100\/100\n|move|p1a: Landorus|Earthquake|p2a: giratina\n|-damage|p2a: giratina|71\/100\n|\n|-heal|p2a: giratina|77\/100|[from] item: Leftovers\n|upkeep\n|turn|18\n|inactive|HellSinky has 180 seconds left.\n|inactive|zeranogamer147 has 270 seconds left.\n|\n|t:|1698609821\n|move|p1a: Landorus|U-turn|p2a: giratina\n|-damage|p2a: giratina|63\/100\n|inactive|zeranogamer147 has 270 seconds left.\n|\n|t:|1698609829\n|switch|p1a: Hydreigon|Hydreigon, F|64\/100 slp|[from] U-turn\n|-damage|p1a: Hydreigon|51\/100 slp|[from] Stealth Rock\n|move|p2a: giratina|Wish|p2a: giratina\n|\n|-heal|p2a: giratina|69\/100|[from] item: Leftovers\n|upkeep\n|turn|19\n|j| Litrowo\n|inactive|HellSinky has 180 seconds left.\n|j| ElBau1129\n|\n|t:|1698609872\n|switch|p2a: somnifero|Amoonguss, F, shiny|49\/100\n|cant|p1a: Hydreigon|slp\n|\n|-heal|p2a: somnifero|100\/100|[from] move: Wish|[wisher] giratina\n|upkeep\n|turn|20\n|\n|t:|1698609883\n|cant|p1a: Hydreigon|slp\n|move|p2a: somnifero|Sludge Bomb|p1a: Hydreigon\n|-damage|p1a: Hydreigon|18\/100 slp\n|\n|upkeep\n|turn|21\n|\n|t:|1698609891\n|-curestatus|p1a: Hydreigon|slp|[msg]\n|move|p1a: Hydreigon|Dark Hole|p2a: somnifero\n|-damage|p2a: somnifero|50\/100\n|move|p2a: somnifero|Sludge Bomb|p1a: Hydreigon\n|-damage|p1a: Hydreigon|0 fnt\n|faint|p1a: Hydreigon\n|\n|-heal|p2a: somnifero|56\/100|[from] item: Black Sludge\n|upkeep\n|\n|t:|1698609904\n|switch|p1a: Mienshao|Mienshao, M|100\/100\n|turn|22\n|inactive|HellSinky has 150 seconds left.\n|\n|t:|1698609946\n|move|p1a: Mienshao|Fake Out|p2a: somnifero\n|-damage|p2a: somnifero|42\/100\n|cant|p2a: somnifero|flinch\n|\n|-heal|p2a: somnifero|48\/100|[from] item: Black Sludge\n|upkeep\n|turn|23\n|\n|t:|1698609956\n|switch|p2a: Ferro Pariente|Ferrothorn, M, shiny|19\/100\n|move|p1a: Mienshao|Blaze Kick|p2a: Ferro Pariente\n|-supereffective|p2a: Ferro Pariente\n|-damage|p2a: Ferro Pariente|0 fnt\n|-damage|p1a: Mienshao|88\/100|[from] ability: Iron Barbs|[of] p2a: Ferro Pariente\n|-damage|p1a: Mienshao|72\/100|[from] item: Rocky Helmet|[of] p2a: Ferro Pariente\n|faint|p2a: Ferro Pariente\n|\n|upkeep\n|inactive|HellSinky has 120 seconds left.\n|inactive|HellSinky has 90 seconds left.\n|\n|t:|1698610020\n|switch|p2a: cr7|Volcarona, M|100\/100\n|turn|24\n|\n|t:|1698610035\n|move|p1a: Mienshao|Blaze Kick|p2a: cr7\n|-damage|p2a: cr7|56\/100\n|-status|p1a: Mienshao|brn|[from] ability: Flame Body|[of] p2a: cr7\n|move|p2a: cr7|Fiery Dance|p1a: Mienshao\n|-damage|p1a: Mienshao|0 fnt\n|-boost|p2a: cr7|spa|1\n|faint|p1a: Mienshao\n|\n|upkeep\n|\n|t:|1698610044\n|switch|p1a: Landorus|Landorus-Therian, M|88\/100\n|-damage|p1a: Landorus|76\/100|[from] Stealth Rock\n|-ability|p1a: Landorus|Intimidate|boost\n|-unboost|p2a: cr7|atk|1\n|turn|25\n|\n|t:|1698610055\n|switch|p2a: giratina|Alomomola, M, shiny|100\/100\n|move|p1a: Landorus|Earthquake|p2a: giratina\n|-damage|p2a: giratina|72\/100\n|\n|-heal|p2a: giratina|78\/100|[from] item: Leftovers\n|upkeep\n|turn|26\n|\n|t:|1698610061\n|move|p1a: Landorus|Knock Off|p2a: giratina\n|-damage|p2a: giratina|59\/100\n|-enditem|p2a: giratina|Leftovers|[from] move: Knock Off|[of] p1a: Landorus\n|move|p2a: giratina|Scald|p1a: Landorus\n|-supereffective|p1a: Landorus\n|-damage|p1a: Landorus|53\/100\n|\n|upkeep\n|turn|27\n|\n|t:|1698610070\n|switch|p1a: Cinccino|Cinccino, M|100\/100\n|-damage|p1a: Cinccino|88\/100|[from] Stealth Rock\n|move|p2a: giratina|Wish|p2a: giratina\n|\n|upkeep\n|turn|28\n|\n|t:|1698610081\n|move|p2a: giratina|Protect|p2a: giratina\n|-singleturn|p2a: giratina|Protect\n|move|p1a: Cinccino|Bullet Seed|p2a: giratina\n|-activate|p2a: giratina|move: Protect\n|\n|-heal|p2a: giratina|100\/100|[from] move: Wish|[wisher] giratina\n|upkeep\n|turn|29\n|inactive|HellSinky has 90 seconds left.\n|\n|t:|1698610113\n|switch|p2a: cr7|Volcarona, M|56\/100\n|move|p1a: Cinccino|Bullet Seed|p2a: cr7\n|-resisted|p2a: cr7\n|-damage|p2a: cr7|52\/100\n|-resisted|p2a: cr7\n|-damage|p2a: cr7|48\/100\n|-resisted|p2a: cr7\n|-damage|p2a: cr7|44\/100\n|-resisted|p2a: cr7\n|-damage|p2a: cr7|40\/100\n|-hitcount|p2a: cr7|4\n|\n|upkeep\n|turn|30\n|inactive|HellSinky has 90 seconds left.\n|\n|t:|1698610125\n|move|p1a: Cinccino|Rock Blast|p2a: cr7\n|-supereffective|p2a: cr7\n|-damage|p2a: cr7|0 fnt\n|faint|p2a: cr7\n|-hitcount|p2: cr7|1\n|\n|upkeep\n|\n|t:|1698610129\n|switch|p2a: womb destroyer|Krookodile, F|100\/100\n|turn|31\n|j| Toxic Ariados\n|l| Toxic Ariados\n|\n|t:|1698610141\n|move|p2a: womb destroyer|Close Combat|p1a: Cinccino\n|-supereffective|p1a: Cinccino\n|-damage|p1a: Cinccino|0 fnt\n|-unboost|p2a: womb destroyer|def|1\n|-unboost|p2a: womb destroyer|spd|1\n|faint|p1a: Cinccino\n|-ability|p2a: womb destroyer|Moxie|boost\n|-boost|p2a: womb destroyer|atk|1\n|\n|upkeep\n|\n|t:|1698610146\n|switch|p1a: Landorus|Landorus-Therian, M|53\/100\n|-damage|p1a: Landorus|41\/100|[from] Stealth Rock\n|-ability|p1a: Landorus|Intimidate|boost\n|-unboost|p2a: womb destroyer|atk|1\n|turn|32\n|\n|t:|1698610163\n|switch|p2a: giratina|Alomomola, M, shiny|100\/100\n|move|p1a: Landorus|Earthquake|p2a: giratina\n|-damage|p2a: giratina|72\/100\n|\n|upkeep\n|turn|33\n|c| ElBau1129|gg\n|\n|t:|1698610168\n|move|p1a: Landorus|Earthquake|p2a: giratina\n|-damage|p2a: giratina|43\/100\n|move|p2a: giratina|Scald|p1a: Landorus\n|-supereffective|p1a: Landorus\n|-damage|p1a: Landorus|19\/100\n|\n|upkeep\n|turn|34\n|\n|t:|1698610175\n|move|p1a: Landorus|Earthquake|p2a: giratina\n|-damage|p2a: giratina|15\/100\n|move|p2a: giratina|Scald|p1a: Landorus\n|-supereffective|p1a: Landorus\n|-damage|p1a: Landorus|0 fnt\n|faint|p1a: Landorus\n|\n|win|HellSinky\n|c|\u2606HellSinky|gg\n|c|\u2606zeranogamer147|gg\n|l|\u2606zeranogamer147\n|c| ElBau1129|HellSinky, organizate con Tomi\n|l| zSlowKiller\n|c| ElBau1129|y decide una fecha y hora para el combate\n|c|\u2606HellSinky|mucho trabajo\n|c|\u2606HellSinky|ya voy\n|c| ElBau1129|porfavor, no lo hagas a ultimo momento otra vez\n","uploadtime":1698610217,"views":14,"p1id":"zeranogamer147","p2id":"hellsinky","formatid":"gen9anythinggoes","rating":0,"private":0,"password":""}