{"id":"radicalred-gen9anythinggoes-548710","p1":"akacz2b","p2":"5hock55","format":"[Gen 9] Anything Goes","log":"|j|\u2606akacz2b\n|j|\u26065hock55\n|t:|1700423756\n|gametype|singles\n|player|p1|akacz2b|rr-slowbro|\n|player|p2|5hock55|rr-donphan|\n|teamsize|p1|6\n|teamsize|p2|6\n|gen|9\n|tier|[Gen 9] Anything Goes\n|rule|HP Percentage Mod: HP is shown in percentages\n|rule|Endless Battle Clause: Forcing endless battles is banned\n|clearpoke\n|poke|p1|Kingler, F|\n|poke|p1|Crabominable, M|\n|poke|p1|Crustle, F|\n|poke|p1|Parasect, M|\n|poke|p1|Klawf, M|\n|poke|p1|Crawdaunt, F|\n|poke|p2|Ursaluna, M|\n|poke|p2|Spiritomb, F|\n|poke|p2|Tapu Lele|\n|poke|p2|Empoleon, M|\n|poke|p2|Dodrio-Sevii, F|\n|poke|p2|Cradily, M|\n|teampreview\n|inactive|Battle timer is ON: inactive players will automatically lose when time's up. (requested by 5hock55)\n|\n|t:|1700423763\n|start\n|switch|p1a: Crustle|Crustle, F|100\/100\n|switch|p2a: Dodrio|Dodrio-Sevii, F|100\/100\n|turn|1\n|\n|t:|1700423769\n|move|p2a: Dodrio|U-turn|p1a: Crustle\n|-damage|p1a: Crustle|67\/100\n|\n|t:|1700423773\n|switch|p2a: Spiritomb|Spiritomb, F|100\/100|[from] U-turn\n|-ability|p2a: Spiritomb|Intimidate|boost\n|-unboost|p1a: Crustle|atk|1\n|-enditem|p1a: Crustle|White Herb\n|-clearnegativeboost|p1a: Crustle|[silent]\n|move|p1a: Crustle|Stealth Rock|p2a: Spiritomb\n|-sidestart|p2: 5hock55|move: Stealth Rock\n|\n|upkeep\n|turn|2\n|\n|t:|1700423782\n|move|p1a: Crustle|X-Scissor|p2a: Spiritomb\n|-damage|p2a: Spiritomb|56\/100\n|-damage|p1a: Crustle|51\/100|[from] item: Rocky Helmet|[of] p2a: Spiritomb\n|move|p2a: Spiritomb|Will-O-Wisp|p1a: Crustle\n|-status|p1a: Crustle|brn\n|\n|-damage|p1a: Crustle|45\/100 brn|[from] brn\n|upkeep\n|turn|3\n|\n|t:|1700423788\n|move|p1a: Crustle|Rock Blast|p2a: Spiritomb\n|-damage|p2a: Spiritomb|48\/100\n|-damage|p2a: Spiritomb|42\/100\n|-hitcount|p2a: Spiritomb|2\n|move|p2a: Spiritomb|Parting Shot|p1a: Crustle\n|-unboost|p1a: Crustle|atk|1\n|-unboost|p1a: Crustle|spa|1\n|\n|t:|1700423794\n|switch|p2a: Ursaluna|Ursaluna, M|100\/100|[from] Parting Shot\n|-damage|p2a: Ursaluna|94\/100|[from] Stealth Rock\n|\n|-damage|p1a: Crustle|39\/100 brn|[from] brn\n|-status|p2a: Ursaluna|brn|[from] item: Flame Orb\n|upkeep\n|turn|4\n|\n|t:|1700423798\n|move|p2a: Ursaluna|Rock Polish|p2a: Ursaluna\n|-boost|p2a: Ursaluna|spe|2\n|move|p1a: Crustle|X-Scissor|p2a: Ursaluna\n|-damage|p2a: Ursaluna|84\/100 brn\n|\n|-damage|p2a: Ursaluna|78\/100 brn|[from] brn\n|-damage|p1a: Crustle|33\/100 brn|[from] brn\n|upkeep\n|turn|5\n|\n|t:|1700423802\n|move|p2a: Ursaluna|Facade|p1a: Crustle\n|-resisted|p1a: Crustle\n|-damage|p1a: Crustle|0 fnt\n|faint|p1a: Crustle\n|\n|-damage|p2a: Ursaluna|71\/100 brn|[from] brn\n|upkeep\n|\n|t:|1700423807\n|switch|p1a: Crawdaunt|Crawdaunt, F|100\/100\n|turn|6\n|\n|t:|1700423811\n|switch|p2a: Cradily|Cradily, M|100\/100\n|-damage|p2a: Cradily|88\/100|[from] Stealth Rock\n|move|p1a: Crawdaunt|Aqua Jet|p2a: Cradily\n|-ability|p2a: Cradily|Storm Drain|boost\n|-boost|p2a: Cradily|spa|1\n|\n|-heal|p2a: Cradily|94\/100|[from] item: Leftovers\n|upkeep\n|turn|7\n|\n|t:|1700423819\n|switch|p1a: Crabominable|Crabominable, M|100\/100\n|move|p2a: Cradily|Sappy Seed|p1a: Crabominable\n|-damage|p1a: Crabominable|72\/100\n|-start|p1a: Crabominable|move: Leech Seed\n|\n|-heal|p2a: Cradily|99\/100|[from] item: Leftovers\n|-damage|p1a: Crabominable|59\/100|[from] Leech Seed|[of] p2a: Cradily\n|-heal|p2a: Cradily|100\/100|[silent]\n|upkeep\n|turn|8\n|\n|t:|1700423825\n|move|p2a: Cradily|Protect|p2a: Cradily\n|-singleturn|p2a: Cradily|Protect\n|move|p1a: Crabominable|Ice Punch|p2a: Cradily\n|-activate|p2a: Cradily|move: Protect\n|\n|-damage|p1a: Crabominable|47\/100|[from] Leech Seed|[of] p2a: Cradily\n|upkeep\n|turn|9\n|\n|t:|1700423836\n|switch|p2a: Tapu Lele|Tapu Lele|100\/100\n|-damage|p2a: Tapu Lele|88\/100|[from] Stealth Rock\n|-fieldstart|move: Psychic Terrain|[from] ability: Psychic Surge|[of] p2a: Tapu Lele\n|move|p1a: Crabominable|Ice Punch|p2a: Tapu Lele\n|-crit|p2a: Tapu Lele\n|-damage|p2a: Tapu Lele|0 fnt\n|faint|p2a: Tapu Lele\n|\n|upkeep\n|\n|t:|1700423839\n|switch|p2a: Ursaluna|Ursaluna, M|71\/100 brn\n|-damage|p2a: Ursaluna|65\/100 brn|[from] Stealth Rock\n|turn|10\n|\n|t:|1700423843\n|move|p2a: Ursaluna|Facade|p1a: Crabominable\n|-damage|p1a: Crabominable|0 fnt\n|faint|p1a: Crabominable\n|\n|-damage|p2a: Ursaluna|59\/100 brn|[from] brn\n|upkeep\n|\n|t:|1700423853\n|switch|p1a: Klawf|Klawf, M|100\/100\n|turn|11\n|\n|t:|1700423857\n|switch|p2a: Cradily|Cradily, M|100\/100\n|-damage|p2a: Cradily|88\/100|[from] Stealth Rock\n|move|p1a: Klawf|Trailblaze|p2a: Cradily\n|-damage|p2a: Cradily|74\/100\n|-boost|p1a: Klawf|spe|1\n|\n|-heal|p2a: Cradily|80\/100|[from] item: Leftovers\n|upkeep\n|turn|12\n|\n|t:|1700423865\n|move|p1a: Klawf|Body Press|p2a: Cradily\n|-supereffective|p2a: Cradily\n|-damage|p2a: Cradily|39\/100\n|move|p2a: Cradily|Sappy Seed|p1a: Klawf\n|-supereffective|p1a: Klawf\n|-damage|p1a: Klawf|38\/100\n|-start|p1a: Klawf|move: Leech Seed\n|-ability|p1a: Klawf|Anger Shell|boost\n|-boost|p1a: Klawf|atk|1\n|-boost|p1a: Klawf|spa|1\n|-boost|p1a: Klawf|spe|1\n|-unboost|p1a: Klawf|def|1\n|-unboost|p1a: Klawf|spd|1\n|\n|-heal|p2a: Cradily|45\/100|[from] item: Leftovers\n|-damage|p1a: Klawf|25\/100|[from] Leech Seed|[of] p2a: Cradily\n|-heal|p2a: Cradily|54\/100|[silent]\n|upkeep\n|-enditem|p1a: Klawf|Salac Berry|[eat]\n|-boost|p1a: Klawf|spe|1|[from] item: Salac Berry\n|turn|13\n|\n|t:|1700423872\n|move|p2a: Cradily|Protect|p2a: Cradily\n|-singleturn|p2a: Cradily|Protect\n|move|p1a: Klawf|Body Press|p2a: Cradily\n|-activate|p2a: Cradily|move: Protect\n|\n|-heal|p2a: Cradily|60\/100|[from] item: Leftovers\n|-damage|p1a: Klawf|13\/100|[from] Leech Seed|[of] p2a: Cradily\n|-heal|p2a: Cradily|70\/100|[silent]\n|-fieldend|move: Psychic Terrain\n|upkeep\n|turn|14\n|\n|t:|1700423876\n|move|p1a: Klawf|Body Press|p2a: Cradily\n|-supereffective|p2a: Cradily\n|-damage|p2a: Cradily|42\/100\n|move|p2a: Cradily|Recover|p2a: Cradily\n|-heal|p2a: Cradily|92\/100\n|\n|-heal|p2a: Cradily|98\/100|[from] item: Leftovers\n|-damage|p1a: Klawf|0 fnt|[from] Leech Seed|[of] p2a: Cradily\n|-heal|p2a: Cradily|100\/100|[silent]\n|faint|p1a: Klawf\n|upkeep\n|\n|t:|1700423883\n|switch|p1a: Kingler|Kingler, F|100\/100\n|turn|15\n|\n|t:|1700423888\n|detailschange|p1a: Kingler|Kingler-Mega, F\n|-mega|p1a: Kingler|Kingler|Kinglerite\n|move|p1a: Kingler|Cut|p2a: Cradily\n|-supereffective|p2a: Cradily\n|-damage|p2a: Cradily|0 fnt\n|faint|p2a: Cradily\n|\n|upkeep\n|\n|t:|1700423894\n|switch|p2a: Spiritomb|Spiritomb, F|42\/100\n|-damage|p2a: Spiritomb|30\/100|[from] Stealth Rock\n|-ability|p2a: Spiritomb|Intimidate|boost\n|-unboost|p1a: Kingler|atk|1\n|turn|16\n|\n|t:|1700423904\n|move|p1a: Kingler|Cut|p2a: Spiritomb\n|-damage|p2a: Spiritomb|0 fnt\n|-damage|p1a: Kingler|84\/100|[from] item: Rocky Helmet|[of] p2a: Spiritomb\n|faint|p2a: Spiritomb\n|\n|upkeep\n|\n|t:|1700423919\n|switch|p2a: Empoleon|Empoleon, M|100\/100\n|-damage|p2a: Empoleon|94\/100|[from] Stealth Rock\n|turn|17\n|\n|t:|1700423924\n|switch|p1a: Parasect|Parasect, M|100\/100\n|move|p2a: Empoleon|Scald|p1a: Parasect\n|-resisted|p1a: Parasect\n|-damage|p1a: Parasect|83\/100\n|-status|p1a: Parasect|brn\n|\n|-heal|p2a: Empoleon|100\/100|[from] item: Leftovers\n|-damage|p1a: Parasect|77\/100 brn|[from] brn\n|upkeep\n|turn|18\n|\n|t:|1700423929\n|move|p2a: Empoleon|Make It Rain|p1a: Parasect\n|-damage|p1a: Parasect|23\/100 brn\n|-unboost|p2a: Empoleon|spa|1\n|move|p1a: Parasect|Sappy Seed|p2a: Empoleon\n|-damage|p2a: Empoleon|83\/100\n|-start|p2a: Empoleon|move: Leech Seed\n|\n|-heal|p2a: Empoleon|89\/100|[from] item: Leftovers\n|-damage|p2a: Empoleon|77\/100|[from] Leech Seed|[of] p1a: Parasect\n|-heal|p1a: Parasect|40\/100 brn|[silent]\n|-damage|p1a: Parasect|34\/100 brn|[from] brn\n|upkeep\n|turn|19\n|\n|t:|1700423939\n|switch|p2a: Dodrio|Dodrio-Sevii, F|100\/100\n|-damage|p2a: Dodrio|88\/100|[from] Stealth Rock\n|move|p1a: Parasect|Spore|p2a: Dodrio\n|-status|p2a: Dodrio|slp|[from] move: Spore\n|\n|-damage|p1a: Parasect|27\/100 brn|[from] brn\n|upkeep\n|turn|20\n|\n|t:|1700423944\n|switch|p2a: Ursaluna|Ursaluna, M|59\/100 brn\n|-damage|p2a: Ursaluna|53\/100 brn|[from] Stealth Rock\n|move|p1a: Parasect|Sappy Seed|p2a: Ursaluna\n|-supereffective|p2a: Ursaluna\n|-damage|p2a: Ursaluna|13\/100 brn\n|-start|p2a: Ursaluna|move: Leech Seed\n|\n|-damage|p2a: Ursaluna|1\/100 brn|[from] Leech Seed|[of] p1a: Parasect\n|-heal|p1a: Parasect|45\/100 brn|[silent]\n|-damage|p2a: Ursaluna|0 fnt|[from] brn\n|faint|p2a: Ursaluna\n|-damage|p1a: Parasect|39\/100 brn|[from] brn\n|upkeep\n|\n|t:|1700423948\n|switch|p2a: Empoleon|Empoleon, M|77\/100\n|-damage|p2a: Empoleon|70\/100|[from] Stealth Rock\n|turn|21\n|\n|t:|1700423954\n|move|p2a: Empoleon|Make It Rain|p1a: Parasect\n|-crit|p1a: Parasect\n|-damage|p1a: Parasect|0 fnt\n|-unboost|p2a: Empoleon|spa|1\n|faint|p1a: Parasect\n|\n|-heal|p2a: Empoleon|77\/100|[from] item: Leftovers\n|upkeep\n|\n|t:|1700423958\n|switch|p1a: Kingler|Kingler-Mega, F|84\/100\n|turn|22\n|\n|t:|1700423964\n|move|p1a: Kingler|Brick Break|p2a: Empoleon\n|-supereffective|p2a: Empoleon\n|-damage|p2a: Empoleon|27\/100\n|move|p2a: Empoleon|Scald|p1a: Kingler\n|-resisted|p1a: Kingler\n|-damage|p1a: Kingler|66\/100\n|\n|-heal|p2a: Empoleon|33\/100|[from] item: Leftovers\n|upkeep\n|turn|23\n|\n|t:|1700423967\n|move|p1a: Kingler|Brick Break|p2a: Empoleon\n|-supereffective|p2a: Empoleon\n|-damage|p2a: Empoleon|0 fnt\n|faint|p2a: Empoleon\n|\n|upkeep\n|\n|t:|1700423969\n|switch|p2a: Dodrio|Dodrio-Sevii, F|88\/100 slp\n|-damage|p2a: Dodrio|76\/100 slp|[from] Stealth Rock\n|turn|24\n|\n|t:|1700423971\n|move|p1a: Kingler|Aqua Jet|p2a: Dodrio\n|-supereffective|p2a: Dodrio\n|-damage|p2a: Dodrio|0 fnt\n|faint|p2a: Dodrio\n|\n|win|akacz2b\n","uploadtime":1700423982,"views":23,"p1id":"akacz2b","p2id":"5hock55","formatid":"gen9anythinggoes","rating":0,"private":0,"password":""}