{"id":"radicalred-gen9anythinggoes-536172","p1":"drakig","p2":"Luario708","format":"[Gen 9] Anything Goes","log":"|j|\u2606drakig\n|j|\u2606Luario708\n|t:|1698092349\n|gametype|singles\n|player|p1|drakig|rr-tornadustherian|\n|player|p2|Luario708|1|\n|teamsize|p1|6\n|teamsize|p2|6\n|gen|9\n|tier|[Gen 9] Anything Goes\n|rule|HP Percentage Mod: HP is shown in percentages\n|rule|Endless Battle Clause: Forcing endless battles is banned\n|rule|Sleep Clause Mod: Limit one foe put to sleep\n|clearpoke\n|poke|p1|Samurott, M|\n|poke|p1|Krookodile, M|\n|poke|p1|Haxorus, M|\n|poke|p1|Conkeldurr, M|\n|poke|p1|Tornadus-Therian, M|\n|poke|p1|Galvantula, M|\n|poke|p2|Jellicent, F|\n|poke|p2|Galvantula, M|\n|poke|p2|Landorus-Therian, M|\n|poke|p2|Volcarona, M|\n|poke|p2|Samurott, F|\n|poke|p2|Ferrothorn, M|\n|teampreview\n|j| PatoPatito08\n|j| zSlowKiller\n|c|\u2606drakig|GL\n|j| owless\n|c|\u2606Luario708|gl hf\n|c| zSlowKiller|owless\n|c| zSlowKiller|cuando vuelve \u00f1oqui\n|c| owless|Hey\n|\n|t:|1698092423\n|start\n|switch|p1a: Panza|Conkeldurr, M|100\/100\n|switch|p2a: Ravager|Ferrothorn, M, shiny|100\/100\n|turn|1\n|c| owless|Cuando mi rival este listo vuelve \u00d1oquis\n|j| ElBau1129\n|\n|t:|1698092432\n|switch|p1a: Ottawa|Tornadus-Therian, M|100\/100\n|move|p2a: Ravager|Protect||[still]\n|-fail|p2a: Ravager\n|\n|upkeep\n|turn|2\n|c| zSlowKiller|contra quien juegas?\n|\n|t:|1698092446\n|switch|p2a: Yharon|Landorus-Therian, M|100\/100\n|-ability|p2a: Yharon|Intimidate|boost\n|-unboost|p1a: Ottawa|atk|1\n|move|p1a: Ottawa|Heat Wave|p2a: Yharon\n|-damage|p2a: Yharon|62\/100\n|\n|upkeep\n|turn|3\n|c| owless|Light\n|\n|t:|1698092480\n|switch|p1a: Panza|Conkeldurr, M|100\/100\n|move|p2a: Yharon|Stone Edge|p1a: Panza\n|-resisted|p1a: Panza\n|-damage|p1a: Panza|84\/100\n|\n|upkeep\n|turn|4\n|j| ThiagoPrrah\n|\n|t:|1698092494\n|switch|p2a: Polterghast|Jellicent, F|100\/100\n|move|p1a: Panza|Knock Off|p2a: Polterghast\n|-supereffective|p2a: Polterghast\n|-enditem|p2a: Polterghast|Colbur Berry|[eat]\n|-enditem|p2a: Polterghast|Colbur Berry|[weaken]\n|-damage|p2a: Polterghast|53\/100\n|\n|upkeep\n|turn|5\n|\n|t:|1698092511\n|switch|p1a: Papeado|Galvantula, M|100\/100\n|move|p2a: Polterghast|Strength Sap|p1a: Papeado\n|-unboost|p1a: Papeado|atk|1\n|-heal|p2a: Polterghast|90\/100\n|\n|upkeep\n|turn|6\n|c| zSlowKiller|ThiagoPrrah\n|c| ThiagoPrrah|qa\n|c| ThiagoPrrah|q\n|c| zSlowKiller|hola\n|\n|t:|1698092549\n|switch|p2a: Dragonfolly|Volcarona, M, shiny|100\/100\n|move|p1a: Papeado|Bug Buzz|p2a: Dragonfolly\n|-resisted|p2a: Dragonfolly\n|-damage|p2a: Dragonfolly|73\/100\n|-damage|p1a: Papeado|91\/100|[from] item: Life Orb\n|\n|upkeep\n|turn|7\n|c| zSlowKiller|7 personas specteando\n|c| ThiagoPrrah|hola\n|c| ThiagoPrrah|buenasnoches\n|c| zSlowKiller|feliz a\u00f1o nuevo\n|j| Litrowo\n|c| ThiagoPrrah|feliz cumple\n|c| zSlowKiller|8 personas especteando\n|\n|t:|1698092576\n|move|p1a: Papeado|Volt Switch|p2a: Dragonfolly\n|-damage|p2a: Dragonfolly|35\/100\n|-damage|p1a: Papeado|81\/100|[from] item: Life Orb\n|\n|t:|1698092599\n|switch|p1a: Ottawa|Tornadus-Therian, M|100\/100|[from] Volt Switch\n|move|p2a: Dragonfolly|Fiery Dance|p1a: Ottawa\n|-damage|p1a: Ottawa|47\/100\n|-boost|p2a: Dragonfolly|spa|1\n|\n|upkeep\n|turn|8\n|c| ThiagoPrrah|piense draki piense\n|inactive|Battle timer is ON: inactive players will automatically lose when time's up. (requested by drakig)\n|c| zSlowKiller|pisa la pelota drakig\n|c| zSlowKiller|engancha por la banda derecha\n|c| ElBau1129|Piense Luario piense\n|c| zSlowKiller|solo contra el arco\n|c| zSlowKiller|a punto de definir\n|\n|t:|1698092648\n|switch|p2a: Polterghast|Jellicent, F|90\/100\n|move|p1a: Ottawa|Air Slash|p2a: Polterghast\n|-damage|p2a: Polterghast|65\/100\n|\n|upkeep\n|turn|9\n|\n|t:|1698092654\n|move|p1a: Ottawa|U-turn|p2a: Polterghast\n|-resisted|p2a: Polterghast\n|-damage|p2a: Polterghast|60\/100\n|c| zSlowKiller|y hace la mejor definicion\n|c| zSlowKiller|se viene un cambio rtx de parte de drakig\n|c| zSlowKiller|a quien cambiara? para mi al zekrom\n|\n|t:|1698092671\n|switch|p1a: Papeado|Galvantula, M|81\/100|[from] U-turn\n|move|p2a: Polterghast|Water Spout|p1a: Papeado\n|-damage|p1a: Papeado|0 fnt\n|faint|p1a: Papeado\n|\n|upkeep\n|c| zSlowKiller|mierda cambio al reshiram\n|c| owless|Yo creo que a Zygarde 100%\n|inactive|drakig has 270 seconds left.\n|c| zSlowKiller|draki esta pensando\n|c| zSlowKiller|en si sacar a meloetta\n|c| zSlowKiller|o a diancie\n|\n|t:|1698092707\n|switch|p1a: Dripped papa|Krookodile, M|100\/100\n|-ability|p1a: Dripped papa|Intimidate|boost\n|-unboost|p2a: Polterghast|atk|1\n|turn|10\n|c| owless|Marselo is thinking\n|c| zSlowKiller|y saca a tapu lele\n|\n|t:|1698092717\n|switch|p1a: Ottawa|Tornadus-Therian, M|80\/100\n|switch|p2a: Ravager|Ferrothorn, M, shiny|100\/100\n|\n|upkeep\n|turn|11\n|c| zSlowKiller|cambia a yveltal\n|\n|t:|1698092725\n|switch|p2a: Yharon|Landorus-Therian, M|62\/100\n|-ability|p2a: Yharon|Intimidate|boost\n|-unboost|p1a: Ottawa|atk|1\n|move|p1a: Ottawa|Heat Wave|p2a: Yharon\n|-damage|p2a: Yharon|25\/100\n|\n|upkeep\n|turn|12\n|inactive|drakig has 270 seconds left.\n|\n|t:|1698092739\n|switch|p1a: Dripped papa|Krookodile, M|100\/100\n|-ability|p1a: Dripped papa|Intimidate|boost\n|-unboost|p2a: Yharon|atk|1\n|move|p2a: Yharon|U-turn|p1a: Dripped papa\n|-supereffective|p1a: Dripped papa\n|-damage|p1a: Dripped papa|61\/100\n|\n|t:|1698092767\n|switch|p2a: Dragonfolly|Volcarona, M, shiny|35\/100|[from] U-turn\n|\n|upkeep\n|turn|13\n|inactive|drakig has 270 seconds left.\n|c| zSlowKiller|nunca supe que item era ese krookodile\n|inactive|Luario708 has 270 seconds left.\n|\n|t:|1698092786\n|move|p2a: Dragonfolly|Bug Buzz|p1a: Dripped papa\n|-supereffective|p1a: Dripped papa\n|-damage|p1a: Dripped papa|2\/100\n|move|p1a: Dripped papa|Earthquake|p2a: Dragonfolly\n|-damage|p2a: Dragonfolly|0 fnt\n|faint|p2a: Dragonfolly\n|\n|upkeep\n|inactive|Luario708 has 270 seconds left.\n|c| owless|Es el papa drippeado\n|c| ThiagoPrrah|master ball\n|c|\u2606drakig|suempre supe que el av iba a servir \n|c| zSlowKiller|draki\n|c| zSlowKiller|era mejor loaded dice\n|c|\u2606drakig|verdad\n|inactive|Luario708 has 240 seconds left.\n|\n|t:|1698092842\n|switch|p2a: Astrum Aureus|Galvantula, M, shiny|100\/100\n|turn|14\n|c| zSlowKiller|dripped papa tiene sida\n|\n|t:|1698092850\n|move|p2a: Astrum Aureus|Bug Buzz|p1a: Dripped papa\n|-supereffective|p1a: Dripped papa\n|-damage|p1a: Dripped papa|0 fnt\n|faint|p1a: Dripped papa\n|\n|upkeep\n|inactive|drakig has 270 seconds left.\n|j| Gerecht\n|c| Gerecht|draki\n|c| Gerecht|no me jodas\n|j| Red. Parra ti\n|\n|t:|1698092881\n|switch|p1a: Buencha|Haxorus, M|100\/100\n|-ability|p1a: Buencha|Mold Breaker\n|turn|15\n|\n|t:|1698092887\n|move|p2a: Astrum Aureus|Sticky Web|p1a: Buencha\n|-sidestart|p1: drakig|move: Sticky Web\n|move|p1a: Buencha|Scale Shot|p2a: Astrum Aureus\n|-damage|p2a: Astrum Aureus|76\/100\n|-damage|p2a: Astrum Aureus|49\/100\n|-damage|p2a: Astrum Aureus|24\/100\n|-damage|p2a: Astrum Aureus|0 fnt\n|faint|p2a: Astrum Aureus\n|-hitcount|p2: Astrum Aureus|4\n|-unboost|p1a: Buencha|def|1\n|-boost|p1a: Buencha|spe|1\n|\n|upkeep\n|c| zSlowKiller|buencha carreando\n|l| Red. Parra ti\n|c| Gerecht|owless\n|\n|t:|1698092906\n|switch|p2a: Ravager|Ferrothorn, M, shiny|100\/100\n|turn|16\n|c| owless|Gerecth\n|inactive|drakig has 270 seconds left.\n|c| Gerecht|gan\u00e9 gracias a hydregion dragon dance\n|c| Gerecht|historia\n|\n|t:|1698092929\n|switch|p1a: Ottawa|Tornadus-Therian, M|100\/100\n|move|p2a: Ravager|Leech Seed|p1a: Ottawa\n|-start|p1a: Ottawa|move: Leech Seed\n|\n|-damage|p1a: Ottawa|88\/100|[from] Leech Seed|[of] p2a: Ravager\n|upkeep\n|turn|17\n|c| owless|GGs, el mejor hydreigon\n|c| zSlowKiller|como que hydreigon dragon dance\n|\n|t:|1698092936\n|switch|p1a: Panza|Conkeldurr, M|84\/100\n|-activate|p1a: Panza|move: Sticky Web\n|-unboost|p1a: Panza|spe|1\n|move|p2a: Ravager|Protect||[still]\n|-fail|p2a: Ravager\n|\n|upkeep\n|turn|18\n|c| zSlowKiller|en que universo paso eso\n|inactive|drakig has 270 seconds left.\n|\n|t:|1698092943\n|switch|p1a: Ottawa|Tornadus-Therian, M|100\/100\n|move|p2a: Ravager|Protect||[still]\n|-fail|p2a: Ravager\n|\n|upkeep\n|turn|19\n|c| Gerecht|en el mio\n|c| Gerecht|soy vidente (no sabia que ponerle y draki me dijo eso)\n|inactive|Luario708 has 210 seconds left.\n|c| zSlowKiller|le hubieras puesto\n|\n|t:|1698092971\n|switch|p2a: Polterghast|Jellicent, F|60\/100\n|move|p1a: Ottawa|Air Slash|p2a: Polterghast\n|-damage|p2a: Polterghast|36\/100\n|\n|upkeep\n|turn|20\n|c| zSlowKiller|fly\n|c| Gerecht|tambien\n|\n|t:|1698092977\n|move|p1a: Ottawa|Air Slash|p2a: Polterghast\n|-damage|p2a: Polterghast|11\/100\n|move|p2a: Polterghast|Strength Sap|p1a: Ottawa\n|-unboost|p1a: Ottawa|atk|1\n|-heal|p2a: Polterghast|67\/100\n|\n|upkeep\n|turn|21\n|c| owless|Entonces iria demasiado volando\n|\n|t:|1698092989\n|move|p1a: Ottawa|Air Slash|p2a: Polterghast\n|-damage|p2a: Polterghast|43\/100\n|move|p2a: Polterghast|Toxic|p1a: Ottawa\n|-status|p1a: Ottawa|tox\n|\n|-damage|p1a: Ottawa|94\/100 tox|[from] psn\n|upkeep\n|turn|22\n|\n|t:|1698092997\n|move|p1a: Ottawa|Air Slash|p2a: Polterghast\n|-crit|p2a: Polterghast\n|-damage|p2a: Polterghast|6\/100\n|cant|p2a: Polterghast|flinch\n|\n|-damage|p1a: Ottawa|82\/100 tox|[from] psn\n|upkeep\n|turn|23\n|c| zSlowKiller|envenenaron a la capital\n|c| zSlowKiller|diavblo loco\n|c| Gerecht|BOOF\n|c| zSlowKiller|la capital esta op\n|c| Gerecht|critico y flincheado historia\n|inactive|Luario708 has 210 seconds left.\n|c| owless|Draki haxero????\n|\n|t:|1698093030\n|switch|p2a: Leviatan|Samurott, F|100\/100\n|move|p1a: Ottawa|Heat Wave|p2a: Leviatan\n|-damage|p2a: Leviatan|62\/100\n|\n|-damage|p1a: Ottawa|64\/100 tox|[from] psn\n|upkeep\n|turn|24\n|c| zSlowKiller|amigos\n|c| zSlowKiller|esta jugando\n|c| zSlowKiller|ashedo\n|c| zSlowKiller|vs\n|c| zSlowKiller|sadewi\n|c| zSlowKiller|el combate mas epico\n|c| zSlowKiller|de la historia\n|\n|t:|1698093044\n|switch|p1a: Panza|Conkeldurr, M|84\/100\n|-activate|p1a: Panza|move: Sticky Web\n|-unboost|p1a: Panza|spe|1\n|move|p2a: Leviatan|Shell Smash|p2a: Leviatan\n|-unboost|p2a: Leviatan|def|1\n|-unboost|p2a: Leviatan|spd|1\n|-boost|p2a: Leviatan|atk|2\n|-boost|p2a: Leviatan|spa|2\n|-boost|p2a: Leviatan|spe|2\n|-enditem|p2a: Leviatan|White Herb\n|-clearnegativeboost|p2a: Leviatan|[silent]\n|\n|upkeep\n|turn|25\n|c| Gerecht|o_O\n|c| owless|O_o\n|inactive|Luario708 has 180 seconds left.\n|c| Gerecht|+1 si quieren que draki se caiga de la moto\n|\n|t:|1698093077\n|switch|p2a: Polterghast|Jellicent, F|6\/100\n|move|p1a: Panza|Mach Punch|p2a: Polterghast\n|-immune|p2a: Polterghast\n|\n|upkeep\n|turn|26\n|c| owless|+1\n|\n|t:|1698093085\n|switch|p1a: Ottawa|Tornadus-Therian, M|98\/100 tox\n|move|p2a: Polterghast|Strength Sap|p1a: Ottawa\n|-unboost|p1a: Ottawa|atk|1\n|-heal|p2a: Polterghast|62\/100\n|\n|-damage|p1a: Ottawa|92\/100 tox|[from] psn\n|upkeep\n|turn|27\n|c| zSlowKiller|+1\n|\n|t:|1698093097\n|move|p1a: Ottawa|Air Slash|p2a: Polterghast\n|-damage|p2a: Polterghast|36\/100\n|move|p2a: Polterghast|Water Spout|p1a: Ottawa\n|-damage|p1a: Ottawa|53\/100 tox\n|\n|-damage|p1a: Ottawa|41\/100 tox|[from] psn\n|upkeep\n|turn|28\n|c| PatoPatito08|+1\n|\n|t:|1698093120\n|move|p1a: Ottawa|U-turn|p2a: Polterghast\n|-resisted|p2a: Polterghast\n|-damage|p2a: Polterghast|32\/100\n|inactive|drakig has 270 seconds left.\n|\n|t:|1698093138\n|switch|p1a: Buencha|Haxorus, M|100\/100|[from] U-turn\n|-activate|p1a: Buencha|move: Sticky Web\n|-unboost|p1a: Buencha|spe|1\n|-ability|p1a: Buencha|Mold Breaker\n|move|p2a: Polterghast|Strength Sap|p1a: Buencha\n|-unboost|p1a: Buencha|atk|1\n|-heal|p2a: Polterghast|100\/100\n|\n|upkeep\n|turn|29\n|inactive|drakig has 270 seconds left.\n|\n|t:|1698093162\n|move|p1a: Buencha|Scale Shot|p2a: Polterghast\n|-damage|p2a: Polterghast|92\/100\n|-damage|p2a: Polterghast|84\/100\n|-damage|p2a: Polterghast|76\/100\n|-damage|p2a: Polterghast|69\/100\n|-damage|p2a: Polterghast|62\/100\n|-hitcount|p2a: Polterghast|5\n|-unboost|p1a: Buencha|def|1\n|-boost|p1a: Buencha|spe|1\n|move|p2a: Polterghast|Dazzling Gleam|p1a: Buencha\n|-supereffective|p1a: Buencha\n|-crit|p1a: Buencha\n|-damage|p1a: Buencha|37\/100\n|\n|upkeep\n|turn|30\n|c| zSlowKiller|critical hit!\n|inactive|drakig has 240 seconds left.\n|c| Litrowo|A critical hit!\n|c| ElBau1129|Se lo devolvi\u00f3 el critico\n|\n|t:|1698093202\n|move|p1a: Buencha|Swords Dance|p1a: Buencha\n|-boost|p1a: Buencha|atk|2\n|move|p2a: Polterghast|Strength Sap|p1a: Buencha\n|-unboost|p1a: Buencha|atk|1\n|-heal|p2a: Polterghast|100\/100\n|\n|upkeep\n|turn|31\n|c| owless|What a critical hit!\n|inactive|Luario708 has 180 seconds left.\n|c| zSlowKiller|el turno mas interesante\n|j| ChadouMC\n|\n|t:|1698093219\n|move|p1a: Buencha|Scale Shot|p2a: Polterghast\n|-damage|p2a: Polterghast|88\/100\n|-damage|p2a: Polterghast|77\/100\n|-damage|p2a: Polterghast|66\/100\n|-damage|p2a: Polterghast|53\/100\n|-damage|p2a: Polterghast|40\/100\n|-hitcount|p2a: Polterghast|5\n|-unboost|p1a: Buencha|def|1\n|-boost|p1a: Buencha|spe|1\n|move|p2a: Polterghast|Water Spout|p1a: Buencha\n|-resisted|p1a: Buencha\n|-damage|p1a: Buencha|11\/100\n|\n|upkeep\n|turn|32\n|inactive|Luario708 has 180 seconds left.\n|c| zSlowKiller|chadou minecraft\n|c| ChadouMC|noooo\n|\n|t:|1698093244\n|move|p1a: Buencha|Scale Shot|p2a: Polterghast\n|-damage|p2a: Polterghast|29\/100\n|-damage|p2a: Polterghast|17\/100\n|-damage|p2a: Polterghast|5\/100\n|-damage|p2a: Polterghast|0 fnt\n|faint|p2a: Polterghast\n|-hitcount|p2: Polterghast|4\n|-unboost|p1a: Buencha|def|1\n|-boost|p1a: Buencha|spe|1\n|\n|upkeep\n|\n|t:|1698093253\n|switch|p2a: Leviatan|Samurott, F|62\/100\n|turn|33\n|c| zSlowKiller|buencha prime\n|\n|t:|1698093263\n|move|p2a: Leviatan|Aqua Jet|p1a: Buencha\n|-resisted|p1a: Buencha\n|-damage|p1a: Buencha|0 fnt\n|faint|p1a: Buencha\n|\n|upkeep\n|c| zSlowKiller|nooo\n|c| Gerecht|Buencha f\n|c| owless|Sad tier\n|\n|t:|1698093277\n|switch|p1a: Panza|Conkeldurr, M|84\/100\n|-activate|p1a: Panza|move: Sticky Web\n|-unboost|p1a: Panza|spe|1\n|turn|34\n|c| zSlowKiller|el madafking panza\n|inactive|Luario708 has 180 seconds left.\n|c| Gerecht|owless opinion de los arabes \n|inactive|drakig has 210 seconds left.\n|c| owless|Los martes\n|c|\u2606drakig|chiste de owless\n|inactive|Luario708 has 150 seconds left.\n|c| ThiagoPrrah|\u0644\u0627 \u0623\u0639\u0631\u0641 \u0635\u062f\u064a\u0642\n|c| zSlowKiller|que opinan de la situacion actual de israel\n|c| ChadouMC|no\n|c| owless|Cacachuete\n|inactive|Luario708 has 120 seconds left.\n|c| Gerecht|draki me la pelasssss\n|c|\u2606drakig|tengo que estudiar vectores odio mi vida y bachillerato\n|c| Gerecht|olkl\n|c|\u2606drakig|que agresivo we\n|inactive|Luario708 has 90 seconds left.\n|c| Gerecht|me da igual\n|\n|t:|1698093389\n|move|p2a: Leviatan|Razor Shell|p1a: Panza\n|-damage|p1a: Panza|39\/100\n|move|p1a: Panza|Drain Punch|p2a: Leviatan\n|-supereffective|p2a: Leviatan\n|-crit|p2a: Leviatan\n|-damage|p2a: Leviatan|0 fnt\n|-heal|p1a: Panza|64\/100|[from] drain|[of] p2a: Leviatan\n|faint|p2a: Leviatan\n|\n|upkeep\n|l| zSlowKiller\n|j| Lariatch\n|j| zSlowKiller\n|\n|t:|1698093410\n|switch|p2a: Yharon|Landorus-Therian, M|25\/100\n|-ability|p2a: Yharon|Intimidate|boost\n|-unboost|p1a: Panza|atk|1\n|turn|35\n|\n|t:|1698093418\n|switch|p1a: H\u00fangaro|Samurott, M|100\/100\n|-activate|p1a: H\u00fangaro|move: Sticky Web\n|-unboost|p1a: H\u00fangaro|spe|1\n|move|p2a: Yharon|Earthquake|p1a: H\u00fangaro\n|-supereffective|p1a: H\u00fangaro\n|-crit|p1a: H\u00fangaro\n|-enditem|p1a: H\u00fangaro|Focus Sash\n|-damage|p1a: H\u00fangaro|1\/100\n|\n|upkeep\n|turn|36\n|\n|t:|1698093430\n|switch|p2a: Ravager|Ferrothorn, M, shiny|100\/100\n|switch|p1a: Ottawa|Tornadus-Therian, M|75\/100 tox\n|\n|-damage|p1a: Ottawa|69\/100 tox|[from] psn\n|upkeep\n|turn|37\n|l| Lariatch\n|\n|t:|1698093443\n|move|p1a: Ottawa|Heat Wave|p2a: Ravager\n|-supereffective|p2a: Ravager\n|-damage|p2a: Ravager|0 fnt\n|faint|p2a: Ravager\n|\n|-damage|p1a: Ottawa|57\/100 tox|[from] psn\n|upkeep\n|\n|t:|1698093449\n|switch|p2a: Yharon|Landorus-Therian, M|25\/100\n|-ability|p2a: Yharon|Intimidate|boost\n|-unboost|p1a: Ottawa|atk|1\n|turn|38\n|\n|t:|1698093456\n|move|p2a: Yharon|Stone Edge|p1a: Ottawa\n|-supereffective|p1a: Ottawa\n|-damage|p1a: Ottawa|0 fnt\n|faint|p1a: Ottawa\n|\n|upkeep\n|\n|t:|1698093461\n|switch|p1a: H\u00fangaro|Samurott, M|1\/100\n|-activate|p1a: H\u00fangaro|move: Sticky Web\n|-unboost|p1a: H\u00fangaro|spe|1\n|turn|39\n|\n|t:|1698093464\n|move|p1a: H\u00fangaro|Aqua Jet|p2a: Yharon\n|-supereffective|p2a: Yharon\n|-damage|p2a: Yharon|0 fnt\n|faint|p2a: Yharon\n|\n|win|drakig\n|c| Gerecht|gg\n|c| ThiagoPrrah|gg\n|c| owless|gg\n|c|\u2606Luario708|gg\n|c|\u2606drakig|gg\n|c| ElBau1129|gg\n|l| PatoPatito08\n","uploadtime":1698093472,"views":15,"p1id":"drakig","p2id":"luario708","formatid":"gen9anythinggoes","rating":0,"private":0,"password":""}