{"id":"radicalred-gen9anythinggoes-535640","p1":"tomi7002","p2":"WybeRx","format":"[Gen 9] Anything Goes","log":"|j|\u2606tomi7002\n|j|\u2606WybeRx\n|t:|1698022955\n|gametype|singles\n|player|p1|tomi7002|101|\n|player|p2|WybeRx|1|\n|teamsize|p1|6\n|teamsize|p2|6\n|gen|9\n|tier|[Gen 9] Anything Goes\n|rule|HP Percentage Mod: HP is shown in percentages\n|rule|Endless Battle Clause: Forcing endless battles is banned\n|rule|Sleep Clause Mod: Limit one foe put to sleep\n|clearpoke\n|poke|p1|Landorus-Therian, M|\n|poke|p1|Jellicent, F|\n|poke|p1|Galvantula, F|\n|poke|p1|Hydreigon, M|\n|poke|p1|Conkeldurr, F|\n|poke|p1|Darmanitan, M|\n|poke|p2|Haxorus, M|\n|poke|p2|Zoroark, M|\n|poke|p2|Braviary, M|\n|poke|p2|Volcarona, F|\n|poke|p2|Cofagrigus, F|\n|poke|p2|Ferrothorn, F|\n|teampreview\n|j| zSlowKiller\n|c| zSlowKiller|el que pierde es putooo\n|j| PatoPatito08\n|c|\u2606WybeRx|:(\n|c|\u2606tomi7002|voy a perder entonces\n|\n|t:|1698023049\n|start\n|switch|p1a: Landorus|Landorus-Therian, M|100\/100\n|switch|p2a: Sands of time|Braviary, M|100\/100\n|-ability|p1a: Landorus|Intimidate|boost\n|-unboost|p2a: Sands of time|atk|1\n|-ability|p2a: Sands of time|Defiant|boost\n|-boost|p2a: Sands of time|atk|2\n|turn|1\n|\n|t:|1698023092\n|move|p2a: Sands of time|U-turn|p1a: Landorus\n|-resisted|p1a: Landorus\n|-damage|p1a: Landorus|85\/100\n|-damage|p2a: Sands of time|84\/100|[from] item: Rocky Helmet|[of] p1a: Landorus\n|\n|t:|1698023150\n|switch|p2a: Karma|Ferrothorn, F|100\/100|[from] U-turn\n|move|p1a: Landorus|Knock Off|p2a: Karma\n|-damage|p2a: Karma|79\/100\n|-damage|p1a: Landorus|72\/100|[from] ability: Iron Barbs|[of] p2a: Karma\n|-damage|p1a: Landorus|56\/100|[from] item: Rocky Helmet|[of] p2a: Karma\n|-enditem|p2a: Karma|Rocky Helmet|[from] move: Knock Off|[of] p1a: Landorus\n|\n|upkeep\n|turn|2\n|\n|t:|1698023163\n|move|p1a: Landorus|Stealth Rock|p2a: Karma\n|-sidestart|p2: WybeRx|move: Stealth Rock\n|move|p2a: Karma|Leech Seed|p1a: Landorus\n|-start|p1a: Landorus|move: Leech Seed\n|\n|-damage|p1a: Landorus|44\/100|[from] Leech Seed|[of] p2a: Karma\n|-heal|p2a: Karma|93\/100|[silent]\n|upkeep\n|turn|3\n|\n|t:|1698023177\n|switch|p1a: Darmanitan|Darmanitan, M|100\/100\n|move|p2a: Karma|Power Whip|p1a: Darmanitan\n|-resisted|p1a: Darmanitan\n|-damage|p1a: Darmanitan|69\/100\n|\n|upkeep\n|turn|4\n|\n|t:|1698023269\n|move|p1a: Darmanitan|Flare Blitz|p2a: Karma\n|-supereffective|p2a: Karma\n|-damage|p2a: Karma|0 fnt\n|-damage|p1a: Darmanitan|57\/100|[from] ability: Iron Barbs|[of] p2a: Karma\n|faint|p2a: Karma\n|-damage|p1a: Darmanitan|27\/100|[from] Recoil\n|\n|upkeep\n|\n|t:|1698023277\n|switch|p2a: Sands of time|Braviary, M|84\/100\n|-damage|p2a: Sands of time|59\/100|[from] Stealth Rock\n|turn|5\n|\n|t:|1698023299\n|move|p2a: Sands of time|Rock Slide|p1a: Darmanitan\n|-supereffective|p1a: Darmanitan\n|-damage|p1a: Darmanitan|0 fnt\n|faint|p1a: Darmanitan\n|\n|upkeep\n|\n|t:|1698023306\n|switch|p1a: Conkeldurr|Conkeldurr, F|100\/100\n|turn|6\n|j| ElBau1129\n|inactive|Battle timer is ON: inactive players will automatically lose when time's up. (requested by tomi7002)\n|inactive|WybeRx has 270 seconds left.\n|c| ElBau1129|*Stare*\n|inactive|WybeRx has 240 seconds left.\n|\n|t:|1698023474\n|switch|p2a: deftercom|Cofagrigus, F, shiny|100\/100\n|-damage|p2a: deftercom|88\/100|[from] Stealth Rock\n|move|p1a: Conkeldurr|Knock Off|p2a: deftercom\n|-resisted|p2a: deftercom\n|-damage|p2a: deftercom|50\/100\n|replace|p2a: tts bot|Zoroark, M, shiny\n|-end|p2a: tts bot|Illusion\n|-enditem|p2a: tts bot|Focus Sash|[from] move: Knock Off|[of] p1a: Conkeldurr\n|\n|-status|p1a: Conkeldurr|brn|[from] item: Flame Orb\n|upkeep\n|turn|7\n|inactive|tomi7002 has 270 seconds left.\n|\n|t:|1698023513\n|move|p1a: Conkeldurr|Mach Punch|p2a: tts bot\n|-supereffective|p2a: tts bot\n|-crit|p2a: tts bot\n|-damage|p2a: tts bot|0 fnt\n|faint|p2a: tts bot\n|\n|-damage|p1a: Conkeldurr|94\/100 brn|[from] brn\n|upkeep\n|inactive|WybeRx has 270 seconds left.\n|\n|t:|1698023552\n|switch|p2a: Enrique|Haxorus, M, shiny|100\/100\n|-damage|p2a: Enrique|88\/100|[from] Stealth Rock\n|-ability|p2a: Enrique|Mold Breaker\n|turn|8\n|inactive|tomi7002 has 270 seconds left.\n|inactive|WybeRx has 240 seconds left.\n|inactive|tomi7002 has 240 seconds left.\n|inactive|WybeRx has 210 seconds left.\n|\n|t:|1698023610\n|move|p2a: Enrique|Scale Shot|p1a: Conkeldurr\n|-damage|p1a: Conkeldurr|80\/100 brn\n|-damage|p1a: Conkeldurr|65\/100 brn\n|-damage|p1a: Conkeldurr|52\/100 brn\n|-damage|p1a: Conkeldurr|39\/100 brn\n|-damage|p1a: Conkeldurr|26\/100 brn\n|-hitcount|p1a: Conkeldurr|5\n|-unboost|p2a: Enrique|def|1\n|-boost|p2a: Enrique|spe|1\n|move|p1a: Conkeldurr|Knock Off|p2a: Enrique\n|-damage|p2a: Enrique|0 fnt\n|-enditem|p2a: Enrique|Loaded Dice|[from] move: Knock Off|[of] p1a: Conkeldurr\n|faint|p2a: Enrique\n|\n|-damage|p1a: Conkeldurr|20\/100 brn|[from] brn\n|upkeep\n|inactive|WybeRx has 210 seconds left.\n|\n|t:|1698023628\n|switch|p2a: deftercom|Cofagrigus, F, shiny|100\/100\n|-damage|p2a: deftercom|88\/100|[from] Stealth Rock\n|turn|9\n|inactive|tomi7002 has 240 seconds left.\n|\n|t:|1698023646\n|move|p1a: Conkeldurr|Knock Off|p2a: deftercom\n|-supereffective|p2a: deftercom\n|-damage|p2a: deftercom|4\/100\n|-enditem|p2a: deftercom|Chesto Berry|[from] move: Knock Off|[of] p1a: Conkeldurr\n|move|p2a: deftercom|Shadow Ball|p1a: Conkeldurr\n|-damage|p1a: Conkeldurr|0 fnt\n|faint|p1a: Conkeldurr\n|\n|upkeep\n|\n|t:|1698023671\n|switch|p1a: Landorus|Landorus-Therian, M|44\/100\n|-ability|p1a: Landorus|Intimidate|boost\n|-unboost|p2a: deftercom|atk|1\n|turn|10\n|\n|t:|1698023683\n|move|p1a: Landorus|Knock Off|p2a: deftercom\n|-supereffective|p2a: deftercom\n|-damage|p2a: deftercom|0 fnt\n|faint|p2a: deftercom\n|\n|upkeep\n|inactive|WybeRx has 180 seconds left.\n|\n|t:|1698023714\n|switch|p2a: Sands of time|Braviary, M|59\/100\n|-damage|p2a: Sands of time|34\/100|[from] Stealth Rock\n|turn|11\n|inactive|WybeRx has 180 seconds left.\n|\n|t:|1698023723\n|move|p2a: Sands of time|Brave Bird|p1a: Landorus\n|-damage|p1a: Landorus|0 fnt\n|-damage|p2a: Sands of time|18\/100|[from] item: Rocky Helmet|[of] p1a: Landorus\n|faint|p1a: Landorus\n|-damage|p2a: Sands of time|2\/100|[from] Recoil\n|\n|upkeep\n|\n|t:|1698023733\n|switch|p1a: Hydreigon|Hydreigon, M|100\/100\n|turn|12\n|\n|t:|1698023744\n|move|p2a: Sands of time|Brave Bird|p1a: Hydreigon\n|-damage|p1a: Hydreigon|34\/100\n|-damage|p2a: Sands of time|0 fnt|[from] Recoil\n|faint|p2a: Sands of time\n|move|p1a: Hydreigon|Dark Hole|p2: Sands of time|[notarget]\n|-fail|p1a: Hydreigon\n|\n|upkeep\n|\n|t:|1698023755\n|switch|p2a: Tupack|Volcarona, F|100\/100\n|turn|13\n|inactive|WybeRx has 180 seconds left.\n|\n|t:|1698023778\n|move|p2a: Tupack|Quiver Dance|p2a: Tupack\n|-boost|p2a: Tupack|spa|1\n|-boost|p2a: Tupack|spd|1\n|-boost|p2a: Tupack|spe|1\n|move|p1a: Hydreigon|Dark Hole|p2a: Tupack\n|-damage|p2a: Tupack|47\/100\n|-status|p2a: Tupack|slp|[from] move: Dark Hole\n|\n|upkeep\n|turn|14\n|inactive|WybeRx has 180 seconds left.\n|\n|t:|1698023788\n|cant|p2a: Tupack|slp\n|move|p1a: Hydreigon|Dark Hole|p2a: Tupack\n|-damage|p2a: Tupack|0 fnt\n|faint|p2a: Tupack\n|\n|win|tomi7002\n|c|\u2606WybeRx|GgggG\n|l|\u2606WybeRx\n|l|\u2606tomi7002\n|j|\u2606tomi7002\n|player|p1|tomi7002|101\n","uploadtime":1698023879,"views":10,"p1id":"tomi7002","p2id":"wyberx","formatid":"gen9anythinggoes","rating":0,"private":0,"password":""}