{"id":"radicalred-gen9anythinggoes-542266","p1":"tomi7002","p2":"HellSinky","format":"[Gen 9] Anything Goes","log":"|j|\u2606tomi7002\n|j|\u2606HellSinky\n|t:|1699070270\n|gametype|singles\n|player|p1|tomi7002|2|\n|player|p2|HellSinky|rr-victini|\n|teamsize|p1|6\n|teamsize|p2|6\n|gen|9\n|tier|[Gen 9] Anything Goes\n|rule|HP Percentage Mod: HP is shown in percentages\n|rule|Endless Battle Clause: Forcing endless battles is banned\n|rule|Sleep Clause Mod: Limit one foe put to sleep\n|clearpoke\n|poke|p1|Galvantula, M|\n|poke|p1|Krookodile, F|\n|poke|p1|Conkeldurr, M|\n|poke|p1|Landorus-Therian, M|\n|poke|p1|Zoroark, M|\n|poke|p1|Darmanitan, F|\n|poke|p2|Ferrothorn, M|\n|poke|p2|Krookodile, M|\n|poke|p2|Amoonguss, M|\n|poke|p2|Keldeo-Resolute|\n|poke|p2|Volcarona, M|\n|poke|p2|Hydreigon, M|\n|teampreview\n|\n|t:|1699070307\n|start\n|switch|p1a: Galvantula|Galvantula, M|100\/100\n|switch|p2a: cr7|Volcarona, M|100\/100\n|turn|1\n|j| zSlowKiller\n|\n|t:|1699070339\n|move|p1a: Galvantula|Thunder|p2a: cr7\n|-damage|p2a: cr7|49\/100\n|move|p2a: cr7|Quiver Dance|p2a: cr7\n|-boost|p2a: cr7|spa|1\n|-boost|p2a: cr7|spd|1\n|-boost|p2a: cr7|spe|1\n|\n|upkeep\n|turn|2\n|\n|t:|1699070387\n|switch|p1a: Krookodile|Krookodile, F|100\/100\n|move|p2a: cr7|Fiery Dance|p1a: Krookodile\n|-damage|p1a: Krookodile|20\/100\n|-boost|p2a: cr7|spa|1\n|\n|upkeep\n|turn|3\n|\n|t:|1699070446\n|move|p2a: cr7|Giga Drain|p1a: Krookodile\n|-supereffective|p1a: Krookodile\n|-damage|p1a: Krookodile|0 fnt\n|-heal|p2a: cr7|59\/100|[from] drain|[of] p1a: Krookodile\n|faint|p1a: Krookodile\n|\n|upkeep\n|\n|t:|1699070488\n|switch|p1a: gael|Darmanitan, F|100\/100\n|turn|4\n|\n|t:|1699070612\n|move|p2a: cr7|Bug Buzz|p1a: gael\n|-resisted|p1a: gael\n|-damage|p1a: gael|22\/100\n|move|p1a: gael|Rock Slide|p2a: cr7\n|-supereffective|p2a: cr7\n|-damage|p2a: cr7|0 fnt\n|faint|p2a: cr7\n|\n|upkeep\n|j| nbi26\n|\n|t:|1699070656\n|switch|p2a: princesa|Hydreigon, M|100\/100\n|turn|5\n|\n|t:|1699070705\n|move|p2a: princesa|Dark Hole|p1a: gael\n|-damage|p1a: gael|0 fnt\n|faint|p1a: gael\n|-damage|p2a: princesa|91\/100|[from] item: Life Orb\n|\n|upkeep\n|\n|t:|1699070709\n|switch|p1a: Galvantula|Galvantula, M|100\/100\n|turn|6\n|\n|t:|1699070743\n|switch|p2a: somnifero|Amoonguss, M, shiny|100\/100\n|move|p1a: Galvantula|Bug Buzz|p2a: somnifero\n|-damage|p2a: somnifero|77\/100\n|\n|-heal|p2a: somnifero|83\/100|[from] item: Black Sludge\n|upkeep\n|turn|7\n|\n|t:|1699070769\n|move|p1a: Galvantula|Sticky Web|p2a: somnifero\n|-sidestart|p2: HellSinky|move: Sticky Web\n|move|p2a: somnifero|Sludge Bomb|p1a: Galvantula\n|-damage|p1a: Galvantula|54\/100\n|\n|-heal|p2a: somnifero|89\/100|[from] item: Black Sludge\n|upkeep\n|turn|8\n|\n|t:|1699070779\n|switch|p1a: Galvantula|Galvantula, M|100\/100\n|move|p2a: somnifero|Sludge Bomb|p1a: Galvantula\n|-damage|p1a: Galvantula|43\/100\n|replace|p1a: Zoroark|Zoroark, M\n|-end|p1a: Zoroark|Illusion\n|\n|-heal|p2a: somnifero|95\/100|[from] item: Black Sludge\n|upkeep\n|turn|9\n|\n|t:|1699070798\n|move|p1a: Zoroark|Extrasensory|p2a: somnifero\n|-supereffective|p2a: somnifero\n|-damage|p2a: somnifero|60\/100\n|move|p2a: somnifero|Sludge Bomb|p1a: Zoroark\n|-damage|p1a: Zoroark|0 fnt\n|faint|p1a: Zoroark\n|\n|-heal|p2a: somnifero|66\/100|[from] item: Black Sludge\n|upkeep\n|\n|t:|1699070806\n|switch|p1a: Landorus|Landorus-Therian, M|100\/100\n|-ability|p1a: Landorus|Intimidate|boost\n|-unboost|p2a: somnifero|atk|1\n|turn|10\n|\n|t:|1699070826\n|switch|p2a: Ferro Pariente|Ferrothorn, M, shiny|100\/100\n|-activate|p2a: Ferro Pariente|move: Sticky Web\n|-unboost|p2a: Ferro Pariente|spe|1\n|move|p1a: Landorus|Knock Off|p2a: Ferro Pariente\n|-damage|p2a: Ferro Pariente|80\/100\n|-damage|p1a: Landorus|88\/100|[from] ability: Iron Barbs|[of] p2a: Ferro Pariente\n|-damage|p1a: Landorus|72\/100|[from] item: Rocky Helmet|[of] p2a: Ferro Pariente\n|-enditem|p2a: Ferro Pariente|Rocky Helmet|[from] move: Knock Off|[of] p1a: Landorus\n|\n|upkeep\n|turn|11\n|\n|t:|1699070856\n|switch|p1a: Conkeldurr|Conkeldurr, M|100\/100\n|move|p2a: Ferro Pariente|Leech Seed|p1a: Conkeldurr\n|-start|p1a: Conkeldurr|move: Leech Seed\n|\n|-damage|p1a: Conkeldurr|88\/100|[from] Leech Seed|[of] p2a: Ferro Pariente\n|-heal|p2a: Ferro Pariente|95\/100|[silent]\n|-status|p1a: Conkeldurr|brn|[from] item: Flame Orb\n|upkeep\n|turn|12\n|\n|t:|1699070986\n|switch|p2a: womb destroyer|Krookodile, M|100\/100\n|-activate|p2a: womb destroyer|move: Sticky Web\n|-unboost|p2a: womb destroyer|spe|1\n|move|p1a: Conkeldurr|Close Combat|p2a: womb destroyer\n|-supereffective|p2a: womb destroyer\n|-damage|p2a: womb destroyer|0 fnt\n|-unboost|p1a: Conkeldurr|def|1\n|-unboost|p1a: Conkeldurr|spd|1\n|faint|p2a: womb destroyer\n|\n|-damage|p1a: Conkeldurr|82\/100 brn|[from] brn\n|upkeep\n|\n|t:|1699071005\n|switch|p2a: saco wea|Keldeo-Resolute, shiny|100\/100\n|-activate|p2a: saco wea|move: Sticky Web\n|-unboost|p2a: saco wea|spe|1\n|turn|13\n|\n|t:|1699071016\n|move|p1a: Conkeldurr|Protect|p1a: Conkeldurr\n|-singleturn|p1a: Conkeldurr|Protect\n|move|p2a: saco wea|Air Slash|p1a: Conkeldurr\n|-activate|p1a: Conkeldurr|move: Protect\n|\n|-damage|p1a: Conkeldurr|70\/100 brn|[from] Leech Seed|[of] p2a: saco wea\n|-damage|p1a: Conkeldurr|64\/100 brn|[from] brn\n|upkeep\n|turn|14\n|\n|t:|1699071025\n|switch|p1a: Landorus|Landorus-Therian, M|72\/100\n|-ability|p1a: Landorus|Intimidate|boost\n|-unboost|p2a: saco wea|atk|1\n|move|p2a: saco wea|Air Slash|p1a: Landorus\n|-damage|p1a: Landorus|8\/100\n|\n|upkeep\n|turn|15\n|\n|t:|1699071052\n|switch|p2a: Ferro Pariente|Ferrothorn, M, shiny|95\/100\n|-activate|p2a: Ferro Pariente|move: Sticky Web\n|-unboost|p2a: Ferro Pariente|spe|1\n|move|p1a: Landorus|Earthquake|p2a: Ferro Pariente\n|-damage|p2a: Ferro Pariente|62\/100\n|\n|upkeep\n|turn|16\n|\n|t:|1699071066\n|move|p1a: Landorus|Earthquake|p2a: Ferro Pariente\n|-damage|p2a: Ferro Pariente|30\/100\n|move|p2a: Ferro Pariente|Leech Seed|p1a: Landorus\n|-start|p1a: Landorus|move: Leech Seed\n|\n|-damage|p1a: Landorus|0 fnt|[from] Leech Seed|[of] p2a: Ferro Pariente\n|-heal|p2a: Ferro Pariente|38\/100|[silent]\n|faint|p1a: Landorus\n|upkeep\n|\n|t:|1699071072\n|switch|p1a: Conkeldurr|Conkeldurr, M|64\/100 brn\n|turn|17\n|\n|t:|1699071089\n|move|p1a: Conkeldurr|Mach Punch|p2a: Ferro Pariente\n|-supereffective|p2a: Ferro Pariente\n|-damage|p2a: Ferro Pariente|0 fnt\n|-damage|p1a: Conkeldurr|51\/100 brn|[from] ability: Iron Barbs|[of] p2a: Ferro Pariente\n|faint|p2a: Ferro Pariente\n|\n|-damage|p1a: Conkeldurr|45\/100 brn|[from] brn\n|upkeep\n|\n|t:|1699071095\n|switch|p2a: saco wea|Keldeo-Resolute, shiny|100\/100\n|-activate|p2a: saco wea|move: Sticky Web\n|-unboost|p2a: saco wea|spe|1\n|turn|18\n|\n|t:|1699071101\n|move|p1a: Conkeldurr|Mach Punch|p2a: saco wea\n|-damage|p2a: saco wea|62\/100\n|move|p2a: saco wea|Air Slash|p1a: Conkeldurr\n|-supereffective|p1a: Conkeldurr\n|-damage|p1a: Conkeldurr|0 fnt\n|faint|p1a: Conkeldurr\n|\n|upkeep\n|\n|t:|1699071106\n|switch|p1a: Galvantula|Galvantula, M|54\/100\n|turn|19\n|\n|t:|1699071116\n|move|p1a: Galvantula|Thunder|p2a: saco wea\n|-supereffective|p2a: saco wea\n|-damage|p2a: saco wea|0 fnt\n|faint|p2a: saco wea\n|\n|upkeep\n|\n|t:|1699071123\n|switch|p2a: somnifero|Amoonguss, M, shiny|99\/100\n|-activate|p2a: somnifero|move: Sticky Web\n|-unboost|p2a: somnifero|spe|1\n|turn|20\n|\n|t:|1699071140\n|move|p1a: Galvantula|Bug Buzz|p2a: somnifero\n|-crit|p2a: somnifero\n|-damage|p2a: somnifero|59\/100\n|move|p2a: somnifero|Sludge Bomb|p1a: Galvantula\n|-damage|p1a: Galvantula|6\/100\n|\n|-heal|p2a: somnifero|65\/100|[from] item: Black Sludge\n|upkeep\n|turn|21\n|\n|t:|1699071147\n|move|p1a: Galvantula|Bug Buzz|p2a: somnifero\n|-damage|p2a: somnifero|40\/100\n|move|p2a: somnifero|Sludge Bomb|p1a: Galvantula\n|-damage|p1a: Galvantula|0 fnt\n|faint|p1a: Galvantula\n|\n|win|HellSinky\n|c|\u2606tomi7002|gg\n|c|\u2606HellSinky|gg\n|l|\u2606tomi7002\n","uploadtime":1699071157,"views":14,"p1id":"tomi7002","p2id":"hellsinky","formatid":"gen9anythinggoes","rating":0,"private":0,"password":""}