{"id":"radicalred-gen9anythinggoes-539289","p1":"owless","p2":"CripiCiid","format":"[Gen 9] Anything Goes","log":"|j|\u2606owless\n|j|\u2606CripiCiid\n|t:|1698591901\n|gametype|singles\n|player|p1|owless|rr-zygarde|\n|player|p2|CripiCiid|rr-darmanitangalarzen|\n|teamsize|p1|6\n|teamsize|p2|6\n|gen|9\n|tier|[Gen 9] Anything Goes\n|rule|HP Percentage Mod: HP is shown in percentages\n|rule|Endless Battle Clause: Forcing endless battles is banned\n|rule|Sleep Clause Mod: Limit one foe put to sleep\n|clearpoke\n|poke|p1|Gigalith, M|\n|poke|p1|Braviary, M|\n|poke|p1|Samurott, M|\n|poke|p1|Whimsicott, F|\n|poke|p1|Hydreigon, M|\n|poke|p1|Chandelure, F|\n|poke|p2|Galvantula, M|\n|poke|p2|Victini|\n|poke|p2|Hydreigon, M|\n|poke|p2|Excadrill, F|\n|poke|p2|Amoonguss, F|\n|poke|p2|Bisharp, M|\n|teampreview\n|\n|t:|1698591914\n|start\n|switch|p1a: Kanelone|Gigalith, M, shiny|100\/100\n|switch|p2a: Lau|Galvantula, M, shiny|100\/100\n|turn|1\n|\n|t:|1698591925\n|move|p2a: Lau|Sticky Web|p1a: Kanelone\n|-sidestart|p1: owless|move: Sticky Web\n|move|p1a: Kanelone|Stealth Rock|p2a: Lau\n|-sidestart|p2: CripiCiid|move: Stealth Rock\n|\n|upkeep\n|turn|2\n|\n|t:|1698591932\n|move|p2a: Lau|Bug Buzz|p1a: Kanelone\n|-damage|p1a: Kanelone|59\/100\n|move|p1a: Kanelone|Rock Blast|p2a: Lau\n|-supereffective|p2a: Lau\n|-damage|p2a: Lau|59\/100\n|-supereffective|p2a: Lau\n|-damage|p2a: Lau|19\/100\n|-supereffective|p2a: Lau\n|-damage|p2a: Lau|0 fnt\n|faint|p2a: Lau\n|-hitcount|p2: Lau|3\n|\n|upkeep\n|\n|t:|1698591948\n|switch|p2a: Badoo|Excadrill, F, shiny|100\/100\n|-damage|p2a: Badoo|98\/100|[from] Stealth Rock\n|turn|3\n|\n|t:|1698591972\n|switch|p1a: Raviolis|Hydreigon, M|100\/100\n|move|p2a: Badoo|Rock Slide|p1a: Raviolis\n|-damage|p1a: Raviolis|59\/100\n|\n|upkeep\n|turn|4\n|\n|t:|1698591985\n|switch|p2a: Sama|Victini, shiny|100\/100\n|-damage|p2a: Sama|76\/100|[from] Stealth Rock\n|move|p1a: Raviolis|Dark Hole|p2a: Sama\n|-supereffective|p2a: Sama\n|-damage|p2a: Sama|0 fnt\n|faint|p2a: Sama\n|-damage|p1a: Raviolis|49\/100|[from] item: Life Orb\n|\n|upkeep\n|\n|t:|1698591997\n|switch|p2a: Jorgitomc88|Bisharp, M, shiny|100\/100\n|-damage|p2a: Jorgitomc88|94\/100|[from] Stealth Rock\n|turn|5\n|\n|t:|1698592008\n|move|p1a: Raviolis|Flamethrower|p2a: Jorgitomc88\n|-supereffective|p2a: Jorgitomc88\n|-damage|p2a: Jorgitomc88|5\/100\n|-damage|p1a: Raviolis|39\/100|[from] item: Life Orb\n|move|p2a: Jorgitomc88|Iron Head|p1a: Raviolis\n|-damage|p1a: Raviolis|0 fnt\n|faint|p1a: Raviolis\n|\n|upkeep\n|\n|t:|1698592022\n|switch|p1a: Fussili|Samurott, M|100\/100\n|-activate|p1a: Fussili|move: Sticky Web\n|-unboost|p1a: Fussili|spe|1\n|turn|6\n|\n|t:|1698592038\n|move|p1a: Fussili|Aqua Jet|p2a: Jorgitomc88\n|-damage|p2a: Jorgitomc88|0 fnt\n|faint|p2a: Jorgitomc88\n|\n|upkeep\n|\n|t:|1698592043\n|switch|p2a: Cripi|Amoonguss, F, shiny|100\/100\n|-damage|p2a: Cripi|88\/100|[from] Stealth Rock\n|turn|7\n|\n|t:|1698592052\n|switch|p1a: Kanelone|Gigalith, M, shiny|59\/100\n|-activate|p1a: Kanelone|move: Sticky Web\n|-unboost|p1a: Kanelone|spe|1\n|move|p2a: Cripi|Giga Drain|p1a: Kanelone\n|-supereffective|p1a: Kanelone\n|-damage|p1a: Kanelone|6\/100\n|-heal|p2a: Cripi|100\/100|[from] drain|[of] p1a: Kanelone\n|\n|upkeep\n|turn|8\n|\n|t:|1698592063\n|move|p2a: Cripi|Giga Drain|p1a: Kanelone\n|-supereffective|p1a: Kanelone\n|-damage|p1a: Kanelone|0 fnt\n|faint|p1a: Kanelone\n|\n|upkeep\n|\n|t:|1698592078\n|switch|p1a: Tallarines|Braviary, M, shiny|100\/100\n|turn|9\n|\n|t:|1698592088\n|move|p1a: Tallarines|Defog|p2a: Cripi\n|-unboost|p2a: Cripi|evasion|1\n|-sideend|p2: CripiCiid|Stealth Rock|[from] move: Defog|[of] p1a: Tallarines\n|-sideend|p1: owless|Sticky Web|[from] move: Defog|[of] p1a: Tallarines\n|move|p2a: Cripi|Spore|p1a: Tallarines\n|-status|p1a: Tallarines|slp|[from] move: Spore\n|\n|upkeep\n|turn|10\n|\n|t:|1698592100\n|switch|p2a: Badoo|Excadrill, F, shiny|98\/100\n|cant|p1a: Tallarines|slp\n|\n|upkeep\n|turn|11\n|\n|t:|1698592107\n|switch|p1a: Fussili|Samurott, M|100\/100\n|move|p2a: Badoo|Rock Slide|p1a: Fussili\n|-resisted|p1a: Fussili\n|-damage|p1a: Fussili|80\/100\n|\n|upkeep\n|turn|12\n|\n|t:|1698592117\n|switch|p2a: Cripi|Amoonguss, F, shiny|100\/100\n|move|p1a: Fussili|Razor Shell|p2a: Cripi\n|-resisted|p2a: Cripi\n|-damage|p2a: Cripi|73\/100\n|\n|-heal|p2a: Cripi|80\/100|[from] item: Black Sludge\n|upkeep\n|turn|13\n|\n|t:|1698592128\n|switch|p1a: Macarrones|Chandelure, F|100\/100\n|move|p2a: Cripi|Giga Drain|p1a: Macarrones\n|-resisted|p1a: Macarrones\n|-damage|p1a: Macarrones|86\/100\n|-heal|p2a: Cripi|84\/100|[from] drain|[of] p1a: Macarrones\n|\n|-heal|p2a: Cripi|91\/100|[from] item: Black Sludge\n|upkeep\n|turn|14\n|\n|t:|1698592139\n|switch|p2a: Badoo|Excadrill, F, shiny|98\/100\n|move|p1a: Macarrones|Overheat|p2a: Badoo\n|-supereffective|p2a: Badoo\n|-damage|p2a: Badoo|0 fnt\n|-unboost|p1a: Macarrones|spa|2\n|faint|p2a: Badoo\n|\n|upkeep\n|\n|t:|1698592148\n|switch|p2a: Luario708|Hydreigon, M, shiny|100\/100\n|turn|15\n|\n|t:|1698592157\n|switch|p1a: Fussili|Samurott, M|80\/100\n|move|p2a: Luario708|Draco Meteor|p1a: Fussili\n|-resisted|p1a: Fussili\n|-damage|p1a: Fussili|40\/100\n|-unboost|p2a: Luario708|spa|2\n|-damage|p2a: Luario708|91\/100|[from] item: Life Orb\n|\n|upkeep\n|turn|16\n|\n|t:|1698592172\n|switch|p2a: Cripi|Amoonguss, F, shiny|100\/100\n|move|p1a: Fussili|Night Slash|p2a: Cripi\n|-damage|p2a: Cripi|66\/100\n|\n|-heal|p2a: Cripi|72\/100|[from] item: Black Sludge\n|upkeep\n|turn|17\n|\n|t:|1698592181\n|switch|p1a: Macarrones|Chandelure, F|86\/100\n|move|p2a: Cripi|Giga Drain|p1a: Macarrones\n|-resisted|p1a: Macarrones\n|-damage|p1a: Macarrones|71\/100\n|-heal|p2a: Cripi|77\/100|[from] drain|[of] p1a: Macarrones\n|\n|-heal|p2a: Cripi|83\/100|[from] item: Black Sludge\n|upkeep\n|turn|18\n|\n|t:|1698592192\n|switch|p2a: Luario708|Hydreigon, M, shiny|91\/100\n|move|p1a: Macarrones|Overheat|p2a: Luario708\n|-resisted|p2a: Luario708\n|-damage|p2a: Luario708|28\/100\n|-unboost|p1a: Macarrones|spa|2\n|\n|upkeep\n|turn|19\n|\n|t:|1698592205\n|switch|p1a: Tallarines|Braviary, M, shiny|100\/100 slp\n|move|p2a: Luario708|Dark Hole|p1a: Tallarines\n|-damage|p1a: Tallarines|19\/100 slp\n|-damage|p2a: Luario708|18\/100|[from] item: Life Orb\n|\n|upkeep\n|turn|20\n|\n|t:|1698592214\n|move|p2a: Luario708|Nasty Plot|p2a: Luario708\n|-boost|p2a: Luario708|spa|2\n|cant|p1a: Tallarines|slp\n|\n|upkeep\n|turn|21\n|\n|t:|1698592221\n|move|p2a: Luario708|Dark Hole|p1a: Tallarines\n|-damage|p1a: Tallarines|0 fnt\n|faint|p1a: Tallarines\n|-damage|p2a: Luario708|8\/100|[from] item: Life Orb\n|\n|upkeep\n|\n|t:|1698592227\n|switch|p1a: Spaghetti|Whimsicott, F, shiny|100\/100\n|turn|22\n|\n|t:|1698592233\n|move|p1a: Spaghetti|Moonblast|p2a: Luario708\n|-supereffective|p2a: Luario708\n|-damage|p2a: Luario708|0 fnt\n|faint|p2a: Luario708\n|\n|upkeep\n|\n|t:|1698592238\n|switch|p2a: Cripi|Amoonguss, F, shiny|100\/100\n|turn|23\n|\n|t:|1698592245\n|move|p1a: Spaghetti|Taunt|p2a: Cripi\n|-start|p2a: Cripi|move: Taunt\n|move|p2a: Cripi|Clear Smog|p1a: Spaghetti\n|-supereffective|p1a: Spaghetti\n|-damage|p1a: Spaghetti|14\/100\n|-clearboost|p1a: Spaghetti\n|\n|upkeep\n|turn|24\n|\n|t:|1698592256\n|switch|p1a: Macarrones|Chandelure, F|71\/100\n|move|p2a: Cripi|Clear Smog|p1a: Macarrones\n|-resisted|p1a: Macarrones\n|-damage|p1a: Macarrones|60\/100\n|-clearboost|p1a: Macarrones\n|\n|upkeep\n|turn|25\n|\n|t:|1698592269\n|move|p1a: Macarrones|Overheat|p2a: Cripi\n|-supereffective|p2a: Cripi\n|-damage|p2a: Cripi|0 fnt\n|-unboost|p1a: Macarrones|spa|2\n|faint|p2a: Cripi\n|\n|win|owless\n|c|\u2606owless|gg\n","uploadtime":1698592277,"views":12,"p1id":"owless","p2id":"cripiciid","formatid":"gen9anythinggoes","rating":0,"private":0,"password":""}