{"id":"radicalred-gen9anythinggoes-540113","p1":"drakig","p2":"ElBau1129","format":"[Gen 9] Anything Goes","log":"|j|\u2606drakig\n|j|\u2606ElBau1129\n|t:|1698706876\n|gametype|singles\n|player|p1|drakig|rr-tornadustherian|\n|player|p2|ElBau1129|rr-houndoommega|\n|teamsize|p1|6\n|teamsize|p2|6\n|gen|9\n|tier|[Gen 9] Anything Goes\n|rule|HP Percentage Mod: HP is shown in percentages\n|rule|Endless Battle Clause: Forcing endless battles is banned\n|rule|Sleep Clause Mod: Limit one foe put to sleep\n|clearpoke\n|poke|p1|Darmanitan, F|\n|poke|p1|Conkeldurr, F|\n|poke|p1|Krookodile, F|\n|poke|p1|Tornadus-Therian, M|\n|poke|p1|Haxorus, F|\n|poke|p1|Samurott, F|\n|poke|p2|Tornadus-Therian, M|\n|poke|p2|Eelektross, F|\n|poke|p2|Jellicent, F|\n|poke|p2|Krookodile, M|\n|poke|p2|Gigalith, M|\n|poke|p2|Ferrothorn, M|\n|teampreview\n|j| zSlowKiller\n|j| owless\n|inactive|Battle timer is ON: inactive players will automatically lose when time's up. (requested by drakig)\n|j| Gerecht\n|inactiveoff|Battle timer is now OFF.\n|inactive|Battle timer is ON: inactive players will automatically lose when time's up. (requested by ElBau1129)\n|c| zSlowKiller|el que pierde se nacionaliza peruano\n|c|\u2606ElBau1129|:gatulo:\n|c|\u2606drakig|voy a ser peruano dos veces en el mismo a\u00f1o killer\n|c|\u2606drakig|xd\n|c| Gerecht|gl draki ahora soy tu support\n|inactive|ElBau1129 has 270 seconds left.\n|\n|t:|1698706962\n|start\n|switch|p1a: Argentina|Darmanitan, F|100\/100\n|switch|p2a: Matiev|Krookodile, M|100\/100\n|turn|1\n|c| owless|Hello ther im ussing whatsapp\n|\n|t:|1698706982\n|switch|p2a: TermoTanque|Jellicent, F, shiny|100\/100\n|move|p1a: Argentina|U-turn|p2a: TermoTanque\n|-resisted|p2a: TermoTanque\n|-damage|p2a: TermoTanque|91\/100\n|inactive|drakig has 270 seconds left.\n|c| Gerecht|Marselo es una bola de loter\u00eda de Kino 5 con extremidades, estas son largas y no parecen tener dificultad en doblarse. Marselo no parece tener torso, en su lugar, los brazos y piernas est\u00e1n conectados directamente a su cabeza. Esta tiene dos ojos, de iris celeste, y una boca, con sus respectivos dientes y lengua. No pareciera notarse cuantos dientes tiene. Los brazos de Marselo llegan hasta la mitad de sus piernas y sus manos tienen cinco dedos. Sus piernas son bastante largas, y la izquierda no pareciera estar completamente conectada a su cabeza. Sus pies tienen forma de zapato, aunque no pareciera llevar calzado alguno.\n|c| Gerecht|Marselo es agradable y ameno con los dem\u00e1s. \u00c9l te ayudar\u00e1 en todo lo que le pidas, pues es muy generoso pero no lo hagas enojar o ser\u00e1 el fin del mundo.\n|\n|t:|1698707022\n|switch|p1a: Panza|Conkeldurr, F|100\/100|[from] U-turn\n|\n|-heal|p2a: TermoTanque|97\/100|[from] item: Leftovers\n|upkeep\n|turn|2\n|c| owless|Marselo\n|c| owless|Tonto\n|inactive|ElBau1129 has 270 seconds left.\n|c| Gerecht|pq\n|\n|t:|1698707046\n|move|p2a: TermoTanque|Will-O-Wisp|p1a: Panza\n|-status|p1a: Panza|brn\n|move|p1a: Panza|Knock Off|p2a: TermoTanque\n|-supereffective|p2a: TermoTanque\n|-damage|p2a: TermoTanque|54\/100\n|-enditem|p2a: TermoTanque|Leftovers|[from] move: Knock Off|[of] p1a: Panza\n|\n|-damage|p1a: Panza|94\/100 brn|[from] brn\n|upkeep\n|turn|3\n|c| owless|Soy Osleram\n|c|\u2606drakig|dumb marsleo\n|c| owless|me cae mal\n|c| Gerecht|tu eres mas de olesram\n|\n|t:|1698707065\n|move|p2a: TermoTanque|Strength Sap|p1a: Panza\n|-unboost|p1a: Panza|atk|1\n|-heal|p2a: TermoTanque|100\/100\n|move|p1a: Panza|Knock Off|p2a: TermoTanque\n|-supereffective|p2a: TermoTanque\n|-damage|p2a: TermoTanque|82\/100\n|\n|-damage|p1a: Panza|88\/100 brn|[from] brn\n|upkeep\n|turn|4\n|c| zSlowKiller|amigos\n|c| zSlowKiller|yo soy\n|c| zSlowKiller|todo este tiempo\n|c| zSlowKiller|fui\n|c| zSlowKiller|maurisio\n|inactive|drakig has 240 seconds left.\n|\n|t:|1698707087\n|move|p2a: TermoTanque|Scald|p1a: Panza\n|-damage|p1a: Panza|35\/100 brn\n|move|p1a: Panza|Knock Off|p2a: TermoTanque\n|-supereffective|p2a: TermoTanque\n|-damage|p2a: TermoTanque|64\/100\n|\n|-damage|p1a: Panza|29\/100 brn|[from] brn\n|upkeep\n|turn|5\n|c| owless|:o\n|c|\u2606ElBau1129|quien era mauricio\n|c| Gerecht|pero cual es el lore de olesram\n|\n|t:|1698707101\n|move|p2a: TermoTanque|Strength Sap|p1a: Panza\n|-unboost|p1a: Panza|atk|1\n|-heal|p2a: TermoTanque|100\/100\n|move|p1a: Panza|Knock Off|p2a: TermoTanque\n|-supereffective|p2a: TermoTanque\n|-damage|p2a: TermoTanque|86\/100\n|\n|-damage|p1a: Panza|23\/100 brn|[from] brn\n|upkeep\n|turn|6\n|\n|t:|1698707114\n|move|p2a: TermoTanque|Scald|p1a: Panza\n|-damage|p1a: Panza|0 fnt\n|faint|p1a: Panza\n|\n|upkeep\n|\n|t:|1698707129\n|switch|p1a: Dripped papa|Krookodile, F|100\/100\n|-ability|p1a: Dripped papa|Intimidate|boost\n|-unboost|p2a: TermoTanque|atk|1\n|turn|7\n|inactive|ElBau1129 has 270 seconds left.\n|c| Gerecht|Olesram fue un villano principal de la saga que muri\u00f3, creado por Mamarre Studios en 1975 en Jap\u00f3n por Hiroshi Takahashi, publicado en la revista semanal Shounen Jump en 1977.\n|c| owless|Facts\n|inactive|ElBau1129 has 240 seconds left.\n|\n|t:|1698707218\n|switch|p2a: Matiev|Krookodile, M|100\/100\n|move|p1a: Dripped papa|Close Combat|p2a: Matiev\n|-supereffective|p2a: Matiev\n|-damage|p2a: Matiev|10\/100\n|-unboost|p1a: Dripped papa|def|1\n|-unboost|p1a: Dripped papa|spd|1\n|\n|upkeep\n|turn|8\n|c| zSlowKiller|dripped papa\n|c| Gerecht|Olesram, as\u00ed c\u00f3mo muchos otros miembros del Universo Negativo, posee una personalidad malvada e atenta, siempre suele aprovechar las oportunidades qu\u00e9 consigue para causar m\u00e1s estragos, en si es un poco ingenuo en general, pero suele llevarse bien con sus familiares y amigos m\u00e1s cercanos; (Facundo, Oisiruam, Naeb Rellik, Dos Puntos Uve II, El cholas y Omar Borkan Al Gala)\n|inactive|drakig has 240 seconds left.\n|\n|t:|1698707245\n|switch|p1a: Ottawa|Tornadus-Therian, M|100\/100\n|move|p2a: Matiev|Close Combat|p1a: Ottawa\n|-resisted|p1a: Ottawa\n|-damage|p1a: Ottawa|69\/100\n|-unboost|p2a: Matiev|def|1\n|-unboost|p2a: Matiev|spd|1\n|\n|upkeep\n|turn|9\n|inactive|drakig has 240 seconds left.\n|\n|t:|1698707260\n|switch|p2a: TermoTanque|Jellicent, F, shiny|86\/100\n|move|p1a: Ottawa|Heat Wave|p2a: TermoTanque\n|-resisted|p2a: TermoTanque\n|-damage|p2a: TermoTanque|80\/100\n|\n|upkeep\n|turn|10\n|inactive|drakig has 240 seconds left.\n|\n|t:|1698707280\n|move|p1a: Ottawa|Air Slash|p2a: TermoTanque\n|-crit|p2a: TermoTanque\n|-damage|p2a: TermoTanque|38\/100\n|move|p2a: TermoTanque|Scald|p1a: Ottawa\n|-damage|p1a: Ottawa|12\/100\n|\n|upkeep\n|turn|11\n|c| zSlowKiller|otro critico\n|\n|t:|1698707301\n|move|p1a: Ottawa|U-turn|p2a: TermoTanque\n|-resisted|p2a: TermoTanque\n|-damage|p2a: TermoTanque|33\/100\n|\n|t:|1698707312\n|switch|p1a: Dripped papa|Krookodile, F|100\/100|[from] U-turn\n|-ability|p1a: Dripped papa|Intimidate|boost\n|-unboost|p2a: TermoTanque|atk|1\n|move|p2a: TermoTanque|Recover|p2a: TermoTanque\n|-heal|p2a: TermoTanque|83\/100\n|\n|upkeep\n|turn|12\n|inactive|ElBau1129 has 210 seconds left.\n|inactive|ElBau1129 has 180 seconds left.\n|\n|t:|1698707363\n|move|p1a: Dripped papa|Wicked Blow|p2a: TermoTanque\n|-supereffective|p2a: TermoTanque\n|-crit|p2a: TermoTanque\n|-damage|p2a: TermoTanque|8\/100\n|move|p2a: TermoTanque|Scald|p1a: Dripped papa\n|-supereffective|p1a: Dripped papa\n|-damage|p1a: Dripped papa|43\/100\n|-status|p1a: Dripped papa|brn\n|\n|-damage|p1a: Dripped papa|37\/100 brn|[from] brn\n|upkeep\n|turn|13\n|inactive|drakig has 240 seconds left.\n|inactive|ElBau1129 has 180 seconds left.\n|\n|t:|1698707388\n|move|p1a: Dripped papa|Earthquake|p2a: TermoTanque\n|-damage|p2a: TermoTanque|0 fnt\n|faint|p2a: TermoTanque\n|\n|-damage|p1a: Dripped papa|31\/100 brn|[from] brn\n|upkeep\n|\n|t:|1698707391\n|switch|p2a: DarkWinds|Tornadus-Therian, M, shiny|100\/100\n|turn|14\n|\n|t:|1698707395\n|move|p2a: DarkWinds|Bleakwind Storm|p1a: Dripped papa\n|-damage|p1a: Dripped papa|0 fnt\n|faint|p1a: Dripped papa\n|-damage|p2a: DarkWinds|90\/100|[from] item: Life Orb\n|\n|upkeep\n|inactive|drakig has 240 seconds left.\n|\n|t:|1698707403\n|switch|p1a: Argentina|Darmanitan, F|100\/100\n|turn|15\n|inactive|drakig has 240 seconds left.\n|j| Elias_666\n|c| Elias_666|Glhf\n|\n|t:|1698707423\n|switch|p2a: Matiev|Krookodile, M|10\/100\n|move|p1a: Argentina|U-turn|p2a: Matiev\n|-supereffective|p2a: Matiev\n|-damage|p2a: Matiev|0 fnt\n|faint|p2a: Matiev\n|inactive|drakig has 210 seconds left.\n|\n|t:|1698707448\n|switch|p1a: Buencha|Haxorus, F|100\/100|[from] U-turn\n|-ability|p1a: Buencha|Mold Breaker\n|\n|upkeep\n|c| zSlowKiller|oye\n|c| zSlowKiller|por que no sacaste al zekrom\n|inactive|ElBau1129 has 180 seconds left.\n|\n|t:|1698707483\n|switch|p2a: ChupaPitos|Eelektross, F|100\/100\n|turn|16\n|c| owless|Lo esta usando su hermana\n|inactive|drakig has 210 seconds left.\n|\n|t:|1698707503\n|move|p1a: Buencha|Swords Dance|p1a: Buencha\n|-boost|p1a: Buencha|atk|2\n|move|p2a: ChupaPitos|Volt Switch|p1a: Buencha\n|-resisted|p1a: Buencha\n|-damage|p1a: Buencha|74\/100\n|\n|t:|1698707508\n|switch|p2a: DarkWinds|Tornadus-Therian, M, shiny|100\/100|[from] Volt Switch\n|\n|upkeep\n|turn|17\n|\n|t:|1698707511\n|move|p2a: DarkWinds|Bleakwind Storm|p1a: Buencha|[miss]\n|-miss|p2a: DarkWinds|p1a: Buencha\n|move|p1a: Buencha|Scale Shot|p2a: DarkWinds\n|-damage|p2a: DarkWinds|59\/100\n|-damage|p2a: DarkWinds|20\/100\n|-damage|p2a: DarkWinds|0 fnt\n|faint|p2a: DarkWinds\n|-hitcount|p2: DarkWinds|3\n|-unboost|p1a: Buencha|def|1\n|-boost|p1a: Buencha|spe|1\n|\n|upkeep\n|c| zSlowKiller|lo fallo\n|c| zSlowKiller|gg piripicucu\n|c|\u2606ElBau1129|gg\n|c| Gerecht|no wayyyyy\n|\n|t:|1698707521\n|switch|p2a: IronBallBarb|Ferrothorn, M|100\/100\n|turn|18\n|c|\u2606drakig|gg\n|c| Elias_666|Man\n|c|\u2606drakig|lo siento\n|\n|t:|1698707525\n|move|p1a: Buencha|Close Combat|p2a: IronBallBarb\n|-supereffective|p2a: IronBallBarb\n|-damage|p2a: IronBallBarb|0 fnt\n|-unboost|p1a: Buencha|def|1\n|-unboost|p1a: Buencha|spd|1\n|-damage|p1a: Buencha|62\/100|[from] ability: Iron Barbs|[of] p2a: IronBallBarb\n|-damage|p1a: Buencha|45\/100|[from] item: Rocky Helmet|[of] p2a: IronBallBarb\n|faint|p2a: IronBallBarb\n|\n|upkeep\n|c| Elias_666|Que mala leche\n|\n|t:|1698707534\n|switch|p2a: Cromastone|Gigalith, M, shiny|100\/100\n|turn|19\n|\n|t:|1698707538\n|move|p1a: Buencha|Scale Shot|p2a: Cromastone\n|-damage|p2a: Cromastone|82\/100\n|-damage|p2a: Cromastone|64\/100\n|-damage|p2a: Cromastone|47\/100\n|-damage|p2a: Cromastone|30\/100\n|-damage|p2a: Cromastone|13\/100\n|-hitcount|p2a: Cromastone|5\n|-unboost|p1a: Buencha|def|1\n|-boost|p1a: Buencha|spe|1\n|move|p2a: Cromastone|Rock Blast|p1a: Buencha\n|-damage|p1a: Buencha|10\/100\n|-damage|p1a: Buencha|0 fnt\n|faint|p1a: Buencha\n|-hitcount|p1: Buencha|2\n|\n|upkeep\n|c| owless|Draki haxero?\n|\n|t:|1698707554\n|switch|p1a: H\u00fangaro|Samurott, F|100\/100\n|turn|20\n|\n|t:|1698707558\n|move|p1a: H\u00fangaro|Razor Shell|p2a: Cromastone\n|-supereffective|p2a: Cromastone\n|-damage|p2a: Cromastone|0 fnt\n|faint|p2a: Cromastone\n|\n|upkeep\n|\n|t:|1698707560\n|switch|p2a: ChupaPitos|Eelektross, F|100\/100\n|turn|21\n|c| Gerecht|owless\n|c| Elias_666|Gg\n|\n|t:|1698707568\n|move|p1a: H\u00fangaro|Razor Shell|p2a: ChupaPitos\n|-damage|p2a: ChupaPitos|36\/100\n|move|p2a: ChupaPitos|Thunder|p1a: H\u00fangaro\n|-supereffective|p1a: H\u00fangaro\n|-enditem|p1a: H\u00fangaro|Focus Sash\n|-damage|p1a: H\u00fangaro|1\/100\n|-status|p1a: H\u00fangaro|par\n|\n|upkeep\n|turn|22\n|c| Gerecht|qu opinas de los hax\n|inactive|drakig has 270 seconds left.\n|c| owless|Tan feos\n|\n|t:|1698707581\n|cant|p1a: H\u00fangaro|par\n|move|p2a: ChupaPitos|Thunder|p1a: H\u00fangaro\n|-supereffective|p1a: H\u00fangaro\n|-damage|p1a: H\u00fangaro|0 fnt\n|faint|p1a: H\u00fangaro\n|\n|upkeep\n|\n|t:|1698707584\n|switch|p1a: Argentina|Darmanitan, F|100\/100\n|turn|23\n|\n|t:|1698707586\n|move|p1a: Argentina|Flare Blitz|p2a: ChupaPitos\n|-damage|p2a: ChupaPitos|0 fnt\n|faint|p2a: ChupaPitos\n|-damage|p1a: Argentina|88\/100|[from] Recoil\n|\n|win|drakig\n|c| zSlowKiller|lo han paralizado\n|c|\u2606ElBau1129|gg\n|c| Gerecht|toma draki\n|c| owless|ggs\n","uploadtime":1698707593,"views":14,"p1id":"drakig","p2id":"elbau1129","formatid":"gen9anythinggoes","rating":0,"private":0,"password":""}