{"id":"radicalred-gen9anythinggoes-536311","p1":"ElBau1129","p2":"ThiagoPrrah","format":"[Gen 9] Anything Goes","log":"|j|\u2606ElBau1129\n|j|\u2606ThiagoPrrah\n|t:|1698107765\n|gametype|singles\n|player|p1|ElBau1129|rr-houndoommega|\n|player|p2|ThiagoPrrah|rr-lucariomega|\n|teamsize|p1|6\n|teamsize|p2|6\n|gen|9\n|tier|[Gen 9] Anything Goes\n|rule|HP Percentage Mod: HP is shown in percentages\n|rule|Endless Battle Clause: Forcing endless battles is banned\n|rule|Sleep Clause Mod: Limit one foe put to sleep\n|clearpoke\n|poke|p1|Eelektross, M|\n|poke|p1|Jellicent, F|\n|poke|p1|Tornadus-Therian, M|\n|poke|p1|Volcarona, F|\n|poke|p1|Gigalith, F|\n|poke|p1|Krookodile, F|\n|poke|p2|Jellicent, F|\n|poke|p2|Darmanitan, M|\n|poke|p2|Amoonguss, M|\n|poke|p2|Galvantula, F|\n|poke|p2|Hydreigon, F|\n|poke|p2|Conkeldurr, M|\n|teampreview\n|j| zSlowKiller\n|c|\u2606ThiagoPrrah|gl\n|c| zSlowKiller|se define todo en esta\n|c| zSlowKiller|thiago\n|c| zSlowKiller|no pierdas\n|\n|t:|1698107788\n|start\n|switch|p1a: Eelektross|Eelektross, M|100\/100\n|switch|p2a: 2|Galvantula, F|100\/100\n|turn|1\n|\n|t:|1698107800\n|move|p2a: 2|Sticky Web|p1a: Eelektross\n|-sidestart|p1: ElBau1129|move: Sticky Web\n|move|p1a: Eelektross|Volt Switch|p2a: 2\n|-resisted|p2a: 2\n|-damage|p2a: 2|69\/100\n|\n|t:|1698107804\n|switch|p1a: Tornadus|Tornadus-Therian, M|100\/100|[from] Volt Switch\n|\n|upkeep\n|turn|2\n|\n|t:|1698107818\n|move|p1a: Tornadus|Bleakwind Storm|p2a: 2\n|-damage|p2a: 2|0 fnt\n|faint|p2a: 2\n|-damage|p1a: Tornadus|91\/100|[from] item: Life Orb\n|\n|upkeep\n|\n|t:|1698107832\n|switch|p2a: 9|Darmanitan, M, shiny|100\/100\n|turn|3\n|\n|t:|1698107847\n|switch|p1a: Gigalith|Gigalith, F|100\/100\n|-activate|p1a: Gigalith|move: Sticky Web\n|-unboost|p1a: Gigalith|spe|1\n|move|p2a: 9|U-turn|p1a: Gigalith\n|-damage|p1a: Gigalith|82\/100\n|\n|t:|1698107862\n|switch|p2a: 7|Conkeldurr, M, shiny|100\/100|[from] U-turn\n|\n|upkeep\n|turn|4\n|\n|t:|1698107880\n|move|p2a: 7|Knock Off|p1a: Gigalith\n|-damage|p1a: Gigalith|56\/100\n|-enditem|p1a: Gigalith|Normal Gem|[from] move: Knock Off|[of] p2a: 7\n|move|p1a: Gigalith|Explosion|p2a: 7\n|-damage|p2a: 7|0 fnt\n|faint|p1a: Gigalith\n|faint|p2a: 7\n|\n|upkeep\n|c|\u2606ElBau1129|gigalith es arabe\n|c|\u2606ElBau1129|perdonalo\n|c|\u2606ThiagoPrrah|dios mio\n|\n|t:|1698107907\n|switch|p2a: 10|Hydreigon, F|100\/100\n|switch|p1a: Tornadus|Tornadus-Therian, M|100\/100\n|turn|5\n|c| zSlowKiller|no salio predict\n|\n|t:|1698107948\n|move|p1a: Tornadus|Defog|p2a: 10\n|-unboost|p2a: 10|evasion|1\n|-sideend|p1: ElBau1129|Sticky Web|[from] move: Defog|[of] p1a: Tornadus\n|move|p2a: 10|Dark Hole|p1a: Tornadus\n|-damage|p1a: Tornadus|20\/100\n|-damage|p2a: 10|91\/100|[from] item: Life Orb\n|\n|upkeep\n|turn|6\n|\n|t:|1698107994\n|move|p1a: Tornadus|U-turn|p2a: 10\n|-supereffective|p2a: 10\n|-damage|p2a: 10|49\/100\n|-damage|p1a: Tornadus|10\/100|[from] item: Life Orb\n|\n|t:|1698108011\n|switch|p1a: Matiev|Krookodile, F|100\/100|[from] U-turn\n|move|p2a: 10|Nasty Plot|p2a: 10\n|-boost|p2a: 10|spa|2\n|\n|upkeep\n|turn|7\n|\n|t:|1698108034\n|switch|p2a: 3|Jellicent, F|100\/100\n|move|p1a: Matiev|Close Combat|p2a: 3\n|-immune|p2a: 3\n|\n|upkeep\n|turn|8\n|\n|t:|1698108048\n|switch|p1a: Eelektross|Eelektross, M|100\/100\n|move|p2a: 3|Will-O-Wisp|p1a: Eelektross|[miss]\n|-miss|p2a: 3|p1a: Eelektross\n|\n|upkeep\n|turn|9\n|\n|t:|1698108097\n|switch|p2a: 10|Hydreigon, F|49\/100\n|move|p1a: Eelektross|Thunder|p2a: 10|[miss]\n|-miss|p1a: Eelektross|p2a: 10\n|\n|upkeep\n|turn|10\n|\n|t:|1698108108\n|switch|p1a: Matiev|Krookodile, F|100\/100\n|move|p2a: 10|Dark Hole|p1a: Matiev\n|-resisted|p1a: Matiev\n|-damage|p1a: Matiev|51\/100\n|-damage|p2a: 10|39\/100|[from] item: Life Orb\n|\n|upkeep\n|turn|11\n|c| zSlowKiller|no durmio\n|c| zSlowKiller|gg pipicucu\n|\n|t:|1698108132\n|move|p1a: Matiev|Close Combat|p2a: 10\n|-supereffective|p2a: 10\n|-damage|p2a: 10|0 fnt\n|-unboost|p1a: Matiev|def|1\n|-unboost|p1a: Matiev|spd|1\n|faint|p2a: 10\n|-ability|p1a: Matiev|Moxie|boost\n|-boost|p1a: Matiev|atk|1\n|\n|upkeep\n|\n|t:|1698108142\n|switch|p2a: 3|Jellicent, F|100\/100\n|turn|12\n|\n|t:|1698108164\n|switch|p1a: Eelektross|Eelektross, M|100\/100\n|move|p2a: 3|Hydro Pump|p1a: Eelektross\n|-damage|p1a: Eelektross|34\/100\n|\n|upkeep\n|turn|13\n|\n|t:|1698108212\n|move|p1a: Eelektross|Thunder|p2a: 3\n|-supereffective|p2a: 3\n|-damage|p2a: 3|4\/100\n|move|p2a: 3|Hydro Pump|p1a: Eelektross\n|-damage|p1a: Eelektross|0 fnt\n|faint|p1a: Eelektross\n|\n|-heal|p2a: 3|10\/100|[from] item: Leftovers\n|upkeep\n|c|\u2606ThiagoPrrah|lol\n|c|\u2606ElBau1129|yo y los min damage\n|\n|t:|1698108256\n|switch|p1a: Matiev|Krookodile, F|51\/100\n|turn|14\n|\n|t:|1698108303\n|move|p1a: Matiev|Wicked Blow|p2a: 3\n|-supereffective|p2a: 3\n|-crit|p2a: 3\n|-damage|p2a: 3|0 fnt\n|faint|p2a: 3\n|-ability|p1a: Matiev|Moxie|boost\n|-boost|p1a: Matiev|atk|1\n|\n|upkeep\n|\n|t:|1698108313\n|switch|p2a: 9|Darmanitan, M, shiny|100\/100\n|turn|15\n|\n|t:|1698108330\n|switch|p1a: Jellicent|Jellicent, F|100\/100\n|move|p2a: 9|U-turn|p1a: Jellicent\n|-resisted|p1a: Jellicent\n|-damage|p1a: Jellicent|87\/100\n|\n|t:|1698108336\n|switch|p2a: 1|Amoonguss, M|100\/100|[from] U-turn\n|\n|-heal|p1a: Jellicent|93\/100|[from] item: Leftovers\n|upkeep\n|turn|16\n|\n|t:|1698108354\n|switch|p1a: Volcarona|Volcarona, F|100\/100\n|move|p2a: 1|Giga Drain|p1a: Volcarona\n|-resisted|p1a: Volcarona\n|-damage|p1a: Volcarona|95\/100\n|\n|upkeep\n|turn|17\n|\n|t:|1698108374\n|move|p1a: Volcarona|Fiery Dance|p2a: 1\n|-supereffective|p2a: 1\n|-damage|p2a: 1|38\/100\n|move|p2a: 1|Spore|p1a: Volcarona\n|-status|p1a: Volcarona|slp|[from] move: Spore\n|\n|-heal|p2a: 1|45\/100|[from] item: Black Sludge\n|upkeep\n|turn|18\n|\n|t:|1698108383\n|switch|p1a: Tornadus|Tornadus-Therian, M|43\/100\n|switch|p2a: 9|Darmanitan, M, shiny|100\/100\n|\n|upkeep\n|turn|19\n|\n|t:|1698108391\n|switch|p1a: Jellicent|Jellicent, F|93\/100\n|move|p2a: 9|Rock Slide|p1a: Jellicent\n|-damage|p1a: Jellicent|60\/100\n|\n|-heal|p1a: Jellicent|66\/100|[from] item: Leftovers\n|upkeep\n|turn|20\n|\n|t:|1698108442\n|move|p2a: 9|Rock Slide|p1a: Jellicent\n|-damage|p1a: Jellicent|31\/100\n|move|p1a: Jellicent|Strength Sap|p2a: 9\n|-unboost|p2a: 9|atk|1\n|-heal|p1a: Jellicent|100\/100\n|\n|upkeep\n|turn|21\n|\n|t:|1698108457\n|switch|p2a: 1|Amoonguss, M|78\/100\n|move|p1a: Jellicent|Shadow Ball|p2a: 1\n|-damage|p2a: 1|60\/100\n|\n|-heal|p2a: 1|67\/100|[from] item: Black Sludge\n|upkeep\n|turn|22\n|\n|t:|1698108467\n|switch|p1a: Tornadus|Tornadus-Therian, M|77\/100\n|move|p2a: 1|Giga Drain|p1a: Tornadus\n|-resisted|p1a: Tornadus\n|-damage|p1a: Tornadus|63\/100\n|-heal|p2a: 1|72\/100|[from] drain|[of] p1a: Tornadus\n|\n|-heal|p2a: 1|78\/100|[from] item: Black Sludge\n|upkeep\n|turn|23\n|\n|t:|1698108508\n|switch|p2a: 9|Darmanitan, M, shiny|100\/100\n|move|p1a: Tornadus|Bleakwind Storm|p2a: 9|[miss]\n|-miss|p1a: Tornadus|p2a: 9\n|\n|upkeep\n|turn|24\n|\n|t:|1698108534\n|switch|p1a: Jellicent|Jellicent, F|100\/100\n|move|p2a: 9|Rock Slide|p1a: Jellicent\n|-damage|p1a: Jellicent|65\/100\n|\n|-heal|p1a: Jellicent|72\/100|[from] item: Leftovers\n|upkeep\n|turn|25\n|\n|t:|1698108544\n|switch|p2a: 1|Amoonguss, M|100\/100\n|move|p1a: Jellicent|Strength Sap|p2a: 1\n|-unboost|p2a: 1|atk|1\n|-heal|p1a: Jellicent|100\/100\n|\n|upkeep\n|turn|26\n|\n|t:|1698108559\n|switch|p1a: Tornadus|Tornadus-Therian, M|97\/100\n|move|p2a: 1|Toxic|p1a: Tornadus\n|-status|p1a: Tornadus|tox\n|\n|-damage|p1a: Tornadus|91\/100 tox|[from] psn\n|upkeep\n|turn|27\n|c|\u2606ThiagoPrrah|ya esta\n|c|\u2606ThiagoPrrah|me re  ganaste\n|c|\u2606ThiagoPrrah|como predije\n|\n|t:|1698108586\n|switch|p2a: 9|Darmanitan, M, shiny|100\/100\n|move|p1a: Tornadus|Bleakwind Storm|p2a: 9\n|-damage|p2a: 9|11\/100\n|-status|p2a: 9|frz\n|-damage|p1a: Tornadus|81\/100 tox|[from] item: Life Orb\n|\n|-damage|p1a: Tornadus|69\/100 tox|[from] psn\n|-damage|p2a: 9|5\/100 frz|[from] frz\n|upkeep\n|turn|28\n|c| zSlowKiller|era una chance\n|c| zSlowKiller|y la chance salio\n|c| zSlowKiller|pero el pendejo se congelo\n|c|\u2606ElBau1129|ay\n|\n|t:|1698108602\n|switch|p1a: Jellicent|Jellicent, F|100\/100\n|move|p2a: 9|Rock Slide|p1a: Jellicent\n|-damage|p1a: Jellicent|63\/100\n|\n|-heal|p1a: Jellicent|69\/100|[from] item: Leftovers\n|-damage|p2a: 9|0 fnt|[from] frz\n|faint|p2a: 9\n|upkeep\n|c| zSlowKiller|haxeada\n|\n|t:|1698108612\n|switch|p2a: 1|Amoonguss, M|100\/100\n|turn|29\n|c|\u2606ThiagoPrrah|no cambies a tornadus!!!!!!!\n|c|\u2606ElBau1129|oka\n|\n|t:|1698108629\n|switch|p1a: Volcarona|Volcarona, F|95\/100 slp\n|move|p2a: 1|Giga Drain|p1a: Volcarona\n|-resisted|p1a: Volcarona\n|-damage|p1a: Volcarona|89\/100 slp\n|\n|upkeep\n|turn|30\n|\n|t:|1698108636\n|cant|p1a: Volcarona|slp\n|move|p2a: 1|Sludge Bomb|p1a: Volcarona\n|-damage|p1a: Volcarona|59\/100 slp\n|\n|upkeep\n|turn|31\n|\n|t:|1698108641\n|cant|p1a: Volcarona|slp\n|move|p2a: 1|Sludge Bomb|p1a: Volcarona\n|-damage|p1a: Volcarona|29\/100 slp\n|\n|upkeep\n|turn|32\n|\n|t:|1698108646\n|-curestatus|p1a: Volcarona|slp|[msg]\n|move|p1a: Volcarona|Quiver Dance|p1a: Volcarona\n|-boost|p1a: Volcarona|spa|1\n|-boost|p1a: Volcarona|spd|1\n|-boost|p1a: Volcarona|spe|1\n|move|p2a: 1|Sludge Bomb|p1a: Volcarona\n|-damage|p1a: Volcarona|11\/100\n|\n|upkeep\n|turn|33\n|c|\u2606ThiagoPrrah|NOOO\n|c| zSlowKiller|gg pipicucu\n|c| zSlowKiller|bau no te subas al maximo\n|c|\u2606ThiagoPrrah|AY CABRON\n|\n|t:|1698108657\n|move|p1a: Volcarona|Fiery Dance|p2a: 1\n|-supereffective|p2a: 1\n|-damage|p2a: 1|0 fnt\n|faint|p2a: 1\n|\n|win|ElBau1129\n|c|\u2606ThiagoPrrah|gg\n|c|\u2606ElBau1129|gg we\n|c|\u2606ThiagoPrrah|nota mental\n|c|\u2606ThiagoPrrah|no deajr que killer\n|c|\u2606ThiagoPrrah|te coachee\n|c|\u2606ThiagoPrrah|al menos pase de grupos\n|c|\u2606ElBau1129|quien en su sano juicio deja que killer coache\n|c|\u2606ThiagoPrrah|es  gg\n|c|\u2606ThiagoPrrah|yo bau\n|c|\u2606ThiagoPrrah|estaba\n|c|\u2606ThiagoPrrah|consumido\n|c| zSlowKiller|amigo\n|c|\u2606ThiagoPrrah|por la locura\n|c|\u2606ElBau1129|tiene sentido\n|c| zSlowKiller|hice que\n|c| zSlowKiller|litrowo\n|c| zSlowKiller|luario\n|c| zSlowKiller|wyberx\n|c| zSlowKiller|pasen de fase de grupos\n|c|\u2606ThiagoPrrah|ya\n|c| zSlowKiller|es una locura\n|c|\u2606ThiagoPrrah|con la ayuda\n|c|\u2606ThiagoPrrah|de pato\n|c|\u2606ThiagoPrrah|esta vez\n|c|\u2606ThiagoPrrah|fuiste vos solo\n|c| zSlowKiller|amigo\n|c|\u2606ThiagoPrrah|asi sos killler\n|c| zSlowKiller|coachee\n|c| zSlowKiller|como\n|c| zSlowKiller|50 veces\n|c| zSlowKiller|solo\n|c|\u2606ElBau1129|luario, wybe, thiago ya perdieron\n|c|\u2606ElBau1129|que mal coach\n|c|\u2606ThiagoPrrah|JSDSAJDASJSA\n|c| zSlowKiller|pero\n|c| zSlowKiller|a luario no lo ayude\n|c| zSlowKiller|!!!!!\n|c| zSlowKiller|en 16avos\n|c|\u2606ThiagoPrrah|bueno\n|c|\u2606ThiagoPrrah|esto eran 16avos???!?!?!?\n|c| zSlowKiller|si pelotudo\n|c|\u2606ElBau1129|y si amigo\n|c|\u2606ThiagoPrrah|ok\n|l|\u2606ThiagoPrrah\n|c|\u2606ElBau1129|epico\n|c|\u2606ElBau1129|gg\n|l| zSlowKiller\n","uploadtime":1698108710,"views":10,"p1id":"elbau1129","p2id":"thiagoprrah","formatid":"gen9anythinggoes","rating":0,"private":0,"password":""}