{"id":"radicalred-gen9anythinggoes-537498","p1":"Elias_666","p2":"Detowo","format":"[Gen 9] Anything Goes","log":"|j|\u2606Elias_666\n|j|\u2606Detowo\n|t:|1698268830\n|gametype|singles\n|player|p1|Elias_666|266|\n|player|p2|Detowo|rr-bewear|\n|teamsize|p1|6\n|teamsize|p2|6\n|gen|9\n|tier|[Gen 9] Anything Goes\n|rule|HP Percentage Mod: HP is shown in percentages\n|rule|Endless Battle Clause: Forcing endless battles is banned\n|rule|Sleep Clause Mod: Limit one foe put to sleep\n|clearpoke\n|poke|p1|Darmanitan, F|\n|poke|p1|Ferrothorn, M|\n|poke|p1|Galvantula, F|\n|poke|p1|Hydreigon, F|\n|poke|p1|Jellicent, F|\n|poke|p1|Virizion|\n|poke|p2|Darmanitan, M|\n|poke|p2|Ferrothorn, F|\n|poke|p2|Conkeldurr, M|\n|poke|p2|Hydreigon, F|\n|poke|p2|Cofagrigus, F|\n|poke|p2|Cinccino, F|\n|teampreview\n|inactive|Battle timer is ON: inactive players will automatically lose when time's up. (requested by Elias_666)\n|c|\u2606Elias_666|Glhf\n|\n|t:|1698268846\n|start\n|switch|p1a: Virizion|Virizion|100\/100\n|switch|p2a: PEPERONI|Cinccino, F|100\/100\n|turn|1\n|c|\u2606Detowo|glhf\n|\n|t:|1698268863\n|switch|p2a: SEXO PURO|Darmanitan, M, shiny|100\/100\n|move|p1a: Virizion|Trailblaze|p2a: SEXO PURO\n|-resisted|p2a: SEXO PURO\n|-damage|p2a: SEXO PURO|80\/100\n|-boost|p1a: Virizion|spe|1\n|-damage|p1a: Virizion|91\/100|[from] item: Life Orb\n|\n|upkeep\n|turn|2\n|\n|t:|1698268877\n|move|p1a: Virizion|Stone Edge|p2a: SEXO PURO\n|-supereffective|p2a: SEXO PURO\n|-damage|p2a: SEXO PURO|0 fnt\n|faint|p2a: SEXO PURO\n|-damage|p1a: Virizion|81\/100|[from] item: Life Orb\n|\n|upkeep\n|\n|t:|1698268895\n|switch|p2a: BUGGY|Conkeldurr, M, shiny|100\/100\n|turn|3\n|j| WybeRx\n|\n|t:|1698268905\n|switch|p1a: Jellicent|Jellicent, F|100\/100\n|move|p2a: BUGGY|Mach Punch|p1a: Jellicent\n|-immune|p1a: Jellicent\n|\n|-status|p2a: BUGGY|brn|[from] item: Flame Orb\n|upkeep\n|turn|4\n|\n|t:|1698268914\n|move|p1a: Jellicent|Strength Sap|p2a: BUGGY\n|-unboost|p2a: BUGGY|atk|1\n|move|p2a: BUGGY|Knock Off|p1a: Jellicent\n|-supereffective|p1a: Jellicent\n|-damage|p1a: Jellicent|23\/100\n|-enditem|p1a: Jellicent|Safety Goggles|[from] move: Knock Off|[of] p2a: BUGGY\n|\n|-damage|p2a: BUGGY|94\/100 brn|[from] brn\n|upkeep\n|turn|5\n|\n|t:|1698268923\n|switch|p2a: BACEROLA|Hydreigon, F|100\/100\n|move|p1a: Jellicent|Strength Sap|p2a: BACEROLA\n|-unboost|p2a: BACEROLA|atk|1\n|-heal|p1a: Jellicent|78\/100\n|\n|upkeep\n|turn|6\n|\n|t:|1698268937\n|switch|p1a: Galvantula|Galvantula, F|100\/100\n|move|p2a: BACEROLA|Dark Hole|p1a: Galvantula\n|-enditem|p1a: Galvantula|Focus Sash\n|-damage|p1a: Galvantula|1\/100\n|-status|p1a: Galvantula|slp|[from] move: Dark Hole\n|\n|upkeep\n|turn|7\n|\n|t:|1698268945\n|cant|p1a: Galvantula|slp\n|move|p2a: BACEROLA|Dark Hole|p1a: Galvantula\n|-damage|p1a: Galvantula|0 fnt\n|faint|p1a: Galvantula\n|\n|upkeep\n|\n|t:|1698268954\n|switch|p1a: Virizion|Virizion|81\/100\n|turn|8\n|\n|t:|1698268972\n|switch|p2a: FANTASMANO|Cofagrigus, F, shiny|100\/100\n|move|p1a: Virizion|Sacred Sword|p2a: FANTASMANO\n|-immune|p2a: FANTASMANO\n|\n|upkeep\n|turn|9\n|\n|t:|1698268986\n|switch|p1a: Darmanitan|Darmanitan, F|100\/100\n|move|p2a: FANTASMANO|Will-O-Wisp|p1a: Darmanitan|[miss]\n|-miss|p2a: FANTASMANO|p1a: Darmanitan\n|\n|upkeep\n|turn|10\n|inactive|Detowo has 270 seconds left.\n|j|&scipionisafricanus\n|l|&scipionisafricanus\n|\n|t:|1698269040\n|move|p1a: Darmanitan|Flare Blitz|p2a: FANTASMANO\n|-damage|p2a: FANTASMANO|68\/100\n|-damage|p1a: Darmanitan|91\/100|[from] Recoil\n|move|p2a: FANTASMANO|Shadow Ball|p1a: Darmanitan\n|-damage|p1a: Darmanitan|48\/100\n|\n|-heal|p2a: FANTASMANO|74\/100|[from] item: Leftovers\n|upkeep\n|turn|11\n|\n|t:|1698269053\n|switch|p1a: Hydreigon|Hydreigon, F|100\/100\n|move|p2a: FANTASMANO|Shadow Ball|p1a: Hydreigon\n|-resisted|p1a: Hydreigon\n|-damage|p1a: Hydreigon|87\/100\n|\n|-heal|p2a: FANTASMANO|80\/100|[from] item: Leftovers\n|upkeep\n|turn|12\n|\n|t:|1698269068\n|switch|p2a: PEPERONI|Cinccino, F|100\/100\n|move|p1a: Hydreigon|Dark Hole|p2a: PEPERONI\n|-damage|p2a: PEPERONI|0 fnt\n|faint|p2a: PEPERONI\n|\n|upkeep\n|inactive|Detowo has 240 seconds left.\n|\n|t:|1698269082\n|switch|p2a: BUGGY|Conkeldurr, M, shiny|94\/100 brn\n|turn|13\n|\n|t:|1698269088\n|switch|p1a: Jellicent|Jellicent, F|78\/100\n|move|p2a: BUGGY|Mach Punch|p1a: Jellicent\n|-immune|p1a: Jellicent\n|\n|-damage|p2a: BUGGY|88\/100 brn|[from] brn\n|upkeep\n|turn|14\n|\n|t:|1698269109\n|switch|p1a: Virizion|Virizion|81\/100\n|move|p2a: BUGGY|Knock Off|p1a: Virizion\n|-resisted|p1a: Virizion\n|-damage|p1a: Virizion|37\/100\n|-enditem|p1a: Virizion|Life Orb|[from] move: Knock Off|[of] p2a: BUGGY\n|\n|-damage|p2a: BUGGY|82\/100 brn|[from] brn\n|upkeep\n|turn|15\n|inactive|Detowo has 240 seconds left.\n|inactive|Elias_666 has 270 seconds left.\n|\n|t:|1698269158\n|switch|p1a: Jellicent|Jellicent, F|78\/100\n|move|p2a: BUGGY|Mach Punch|p1a: Jellicent\n|-immune|p1a: Jellicent\n|\n|-damage|p2a: BUGGY|76\/100 brn|[from] brn\n|upkeep\n|turn|16\n|\n|t:|1698269178\n|switch|p2a: ETE SECH|Ferrothorn, F|100\/100\n|move|p1a: Jellicent|Strength Sap|p2a: ETE SECH\n|-unboost|p2a: ETE SECH|atk|1\n|-heal|p1a: Jellicent|100\/100\n|\n|upkeep\n|turn|17\n|\n|t:|1698269189\n|switch|p1a: Darmanitan|Darmanitan, F|48\/100\n|move|p2a: ETE SECH|Leech Seed|p1a: Darmanitan\n|-start|p1a: Darmanitan|move: Leech Seed\n|\n|-damage|p1a: Darmanitan|35\/100|[from] Leech Seed|[of] p2a: ETE SECH\n|upkeep\n|turn|18\n|\n|t:|1698269200\n|switch|p2a: FANTASMANO|Cofagrigus, F, shiny|80\/100\n|move|p1a: Darmanitan|Flare Blitz|p2a: FANTASMANO\n|-damage|p2a: FANTASMANO|13\/100\n|-damage|p1a: Darmanitan|15\/100|[from] Recoil\n|\n|-heal|p2a: FANTASMANO|20\/100|[from] item: Leftovers\n|-damage|p1a: Darmanitan|3\/100|[from] Leech Seed|[of] p2a: FANTASMANO\n|-heal|p2a: FANTASMANO|33\/100|[silent]\n|upkeep\n|turn|19\n|inactive|Detowo has 210 seconds left.\n|\n|t:|1698269224\n|move|p1a: Darmanitan|Flare Blitz|p2a: FANTASMANO\n|-damage|p2a: FANTASMANO|0 fnt\n|faint|p2a: FANTASMANO\n|-damage|p1a: Darmanitan|0 fnt|[from] Recoil\n|faint|p1a: Darmanitan\n|\n|upkeep\n|inactive|Detowo has 210 seconds left.\n|inactive|Elias_666 has 270 seconds left.\n|\n|t:|1698269254\n|switch|p1a: Hydreigon|Hydreigon, F|87\/100\n|switch|p2a: ETE SECH|Ferrothorn, F|100\/100\n|turn|20\n|inactive|Elias_666 has 270 seconds left.\n|inactive|Detowo has 210 seconds left.\n|\n|t:|1698269278\n|move|p1a: Hydreigon|Dark Hole|p2a: ETE SECH\n|-crit|p2a: ETE SECH\n|-damage|p2a: ETE SECH|6\/100\n|-status|p2a: ETE SECH|slp|[from] move: Dark Hole\n|cant|p2a: ETE SECH|slp\n|\n|upkeep\n|turn|21\n|\n|t:|1698269286\n|move|p1a: Hydreigon|Dark Hole|p2a: ETE SECH\n|-damage|p2a: ETE SECH|0 fnt\n|faint|p2a: ETE SECH\n|\n|upkeep\n|\n|t:|1698269290\n|switch|p2a: BUGGY|Conkeldurr, M, shiny|76\/100 brn\n|turn|22\n|\n|t:|1698269296\n|switch|p1a: Jellicent|Jellicent, F|100\/100\n|move|p2a: BUGGY|Mach Punch|p1a: Jellicent\n|-immune|p1a: Jellicent\n|\n|-damage|p2a: BUGGY|70\/100 brn|[from] brn\n|upkeep\n|turn|23\n|\n|t:|1698269302\n|move|p1a: Jellicent|Scald|p2a: BUGGY\n|-damage|p2a: BUGGY|17\/100 brn\n|move|p2a: BUGGY|Knock Off|p1a: Jellicent\n|-supereffective|p1a: Jellicent\n|-damage|p1a: Jellicent|26\/100\n|\n|-damage|p2a: BUGGY|11\/100 brn|[from] brn\n|upkeep\n|turn|24\n|\n|t:|1698269317\n|move|p1a: Jellicent|Scald|p2a: BUGGY\n|-damage|p2a: BUGGY|0 fnt\n|faint|p2a: BUGGY\n|\n|upkeep\n|\n|t:|1698269321\n|switch|p2a: BACEROLA|Hydreigon, F|100\/100\n|turn|25\n|\n|t:|1698269326\n|move|p2a: BACEROLA|Dark Hole|p1a: Jellicent\n|-supereffective|p1a: Jellicent\n|-damage|p1a: Jellicent|0 fnt\n|faint|p1a: Jellicent\n|\n|upkeep\n|c|\u2606Detowo|ggs\n|\n|t:|1698269332\n|switch|p1a: Virizion|Virizion|37\/100\n|turn|26\n|\n|t:|1698269335\n|move|p1a: Virizion|Sacred Sword|p2a: BACEROLA\n|-supereffective|p2a: BACEROLA\n|-damage|p2a: BACEROLA|0 fnt\n|faint|p2a: BACEROLA\n|\n|win|Elias_666\n|c|\u2606Elias_666|Gg\n|l|\u2606Detowo\n|c|\u2606Elias_666|Jugaste bien\n","uploadtime":1698269347,"views":13,"p1id":"elias666","p2id":"detowo","formatid":"gen9anythinggoes","rating":0,"private":0,"password":""}