{"id":"radicalred-gen9anythinggoes-534291","p1":"tomi7002","p2":"LightNashe","format":"[Gen 9] Anything Goes","log":"|j|\u2606tomi7002\n|j|\u2606LightNashe\n|t:|1697765408\n|gametype|singles\n|player|p1|tomi7002|170|\n|player|p2|LightNashe|rr-greninja|\n|teamsize|p1|6\n|teamsize|p2|6\n|gen|9\n|tier|[Gen 9] Anything Goes\n|rule|HP Percentage Mod: HP is shown in percentages\n|rule|Endless Battle Clause: Forcing endless battles is banned\n|rule|Sleep Clause Mod: Limit one foe put to sleep\n|clearpoke\n|poke|p1|Krookodile, M|\n|poke|p1|Landorus-Therian, M|\n|poke|p1|Jellicent, F|\n|poke|p1|Galvantula, M|\n|poke|p1|Hydreigon, M|\n|poke|p1|Darmanitan, M|\n|poke|p2|Emboar, M|\n|poke|p2|Excadrill, M|\n|poke|p2|Archeops, F|\n|poke|p2|Gigalith, F|\n|poke|p2|Keldeo-Resolute|\n|poke|p2|Emolga, F|\n|teampreview\n|j| zSlowKiller\n|j| PatoPatito08\n|\n|t:|1697765497\n|start\n|switch|p1a: Jellicent|Jellicent, F|100\/100\n|switch|p2a: Archeops|Archeops, F, shiny|100\/100\n|turn|1\n|j| WybeRx\n|j| Shotokekipurin\n|\n|t:|1697765625\n|switch|p2a: Excadrill|Excadrill, M|100\/100\n|move|p1a: Jellicent|Water Spout|p2a: Excadrill\n|-supereffective|p2a: Excadrill\n|-damage|p2a: Excadrill|0 fnt\n|faint|p2a: Excadrill\n|\n|upkeep\n|\n|t:|1697765637\n|switch|p2a: Emolga|Emolga, F, shiny|100\/100\n|turn|2\n|\n|t:|1697765670\n|switch|p1a: Krookodile|Krookodile, M|100\/100\n|move|p2a: Emolga|Air Slash|p1a: Krookodile\n|-damage|p1a: Krookodile|57\/100\n|\n|upkeep\n|turn|3\n|\n|t:|1697765710\n|move|p1a: Krookodile|Wicked Blow|p2a: Emolga\n|-crit|p2a: Emolga\n|-enditem|p2a: Emolga|Focus Sash\n|-damage|p2a: Emolga|1\/100\n|move|p2a: Emolga|Air Slash|p1a: Krookodile\n|-damage|p1a: Krookodile|13\/100\n|\n|upkeep\n|turn|4\n|\n|t:|1697765723\n|move|p1a: Krookodile|Wicked Blow|p2a: Emolga\n|-crit|p2a: Emolga\n|-damage|p2a: Emolga|0 fnt\n|faint|p2a: Emolga\n|-ability|p1a: Krookodile|Moxie|boost\n|-boost|p1a: Krookodile|atk|1\n|\n|upkeep\n|\n|t:|1697765730\n|switch|p2a: Gigalith|Gigalith, F, shiny|100\/100\n|-weather|Sandstorm|[from] ability: Sand Stream|[of] p2a: Gigalith\n|turn|5\n|\n|t:|1697765740\n|move|p1a: Krookodile|Wicked Blow|p2a: Gigalith\n|-crit|p2a: Gigalith\n|-damage|p2a: Gigalith|56\/100\n|move|p2a: Gigalith|Body Press|p1a: Krookodile\n|-supereffective|p1a: Krookodile\n|-damage|p1a: Krookodile|0 fnt\n|faint|p1a: Krookodile\n|\n|-weather|Sandstorm|[upkeep]\n|upkeep\n|\n|t:|1697765751\n|switch|p1a: Jellicent|Jellicent, F|100\/100\n|turn|6\n|\n|t:|1697765768\n|move|p1a: Jellicent|Water Spout|p2a: Gigalith\n|-supereffective|p2a: Gigalith\n|-damage|p2a: Gigalith|0 fnt\n|faint|p2a: Gigalith\n|\n|-weather|Sandstorm|[upkeep]\n|-damage|p1a: Jellicent|94\/100|[from] Sandstorm\n|upkeep\n|\n|t:|1697765777\n|switch|p2a: Archeops|Archeops, F, shiny|100\/100\n|turn|7\n|\n|t:|1697765792\n|move|p2a: Archeops|Brave Bird|p1a: Jellicent\n|-damage|p1a: Jellicent|0 fnt\n|faint|p1a: Jellicent\n|-damage|p2a: Archeops|58\/100|[from] Recoil\n|\n|-weather|Sandstorm|[upkeep]\n|upkeep\n|\n|t:|1697765846\n|switch|p1a: Landorus|Landorus-Therian, M|100\/100\n|-ability|p1a: Landorus|Intimidate|boost\n|-unboost|p2a: Archeops|atk|1\n|turn|8\n|\n|t:|1697765918\n|switch|p2a: Emboar|Emboar, M, shiny|100\/100\n|move|p1a: Landorus|Knock Off|p2a: Emboar\n|-resisted|p2a: Emboar\n|-damage|p2a: Emboar|79\/100\n|-enditem|p2a: Emboar|Assault Vest|[from] move: Knock Off|[of] p1a: Landorus\n|\n|-weather|Sandstorm|[upkeep]\n|-damage|p2a: Emboar|73\/100|[from] Sandstorm\n|upkeep\n|turn|9\n|\n|t:|1697765932\n|move|p2a: Emboar|Sucker Punch|p1a: Landorus\n|-damage|p1a: Landorus|69\/100\n|-damage|p2a: Emboar|57\/100|[from] item: Rocky Helmet|[of] p1a: Landorus\n|move|p1a: Landorus|Earthquake|p2a: Emboar\n|-supereffective|p2a: Emboar\n|-damage|p2a: Emboar|0 fnt\n|faint|p2a: Emboar\n|\n|-weather|none\n|upkeep\n|\n|t:|1697765940\n|switch|p2a: Keldeo|Keldeo-Resolute, shiny|100\/100\n|turn|10\n|\n|t:|1697765970\n|switch|p1a: Darmanitan|Darmanitan, M|100\/100\n|move|p2a: Keldeo|Scald|p1a: Darmanitan\n|-supereffective|p1a: Darmanitan\n|-damage|p1a: Darmanitan|0 fnt\n|faint|p1a: Darmanitan\n|\n|upkeep\n|\n|t:|1697765978\n|switch|p1a: Galvantula|Galvantula, M|100\/100\n|turn|11\n|\n|t:|1697766012\n|move|p1a: Galvantula|Thunder|p2a: Keldeo\n|-supereffective|p2a: Keldeo\n|-damage|p2a: Keldeo|0 fnt\n|faint|p2a: Keldeo\n|\n|upkeep\n|\n|t:|1697766017\n|switch|p2a: Archeops|Archeops, F, shiny|58\/100\n|turn|12\n|\n|t:|1697766043\n|move|p2a: Archeops|Air Slash|p1a: Galvantula\n|-damage|p1a: Galvantula|55\/100\n|move|p1a: Galvantula|Thunder|p2a: Archeops\n|-supereffective|p2a: Archeops\n|-damage|p2a: Archeops|0 fnt\n|faint|p2a: Archeops\n|\n|win|tomi7002\n|c|\u2606tomi7002|gg\n","uploadtime":1697766053,"views":13,"p1id":"tomi7002","p2id":"lightnashe","formatid":"gen9anythinggoes","rating":0,"private":0,"password":""}