{"id":"radicalred-gen9anythinggoes-539178","p1":"zeranogamer147","p2":"HellSinky","format":"[Gen 9] Anything Goes","log":"|j|\u2606zeranogamer147\n|j|\u2606HellSinky\n|t:|1698552167\n|gametype|singles\n|player|p1|zeranogamer147|265|\n|player|p2|HellSinky|rr-victini|\n|teamsize|p1|6\n|teamsize|p2|6\n|gen|9\n|tier|[Gen 9] Anything Goes\n|rule|HP Percentage Mod: HP is shown in percentages\n|rule|Endless Battle Clause: Forcing endless battles is banned\n|rule|Sleep Clause Mod: Limit one foe put to sleep\n|clearpoke\n|poke|p1|Hydreigon, F|\n|poke|p1|Excadrill, M|\n|poke|p1|Ferrothorn, F|\n|poke|p1|Cinccino, M|\n|poke|p1|Mienshao, M|\n|poke|p1|Galvantula, F|\n|poke|p2|Ferrothorn, F|\n|poke|p2|Hydreigon, F|\n|poke|p2|Galvantula, F|\n|poke|p2|Krookodile, F|\n|poke|p2|Amoonguss, F|\n|poke|p2|Alomomola, F|\n|teampreview\n|c|\u2606zeranogamer147|gl\n|c|\u2606HellSinky|glhf\n|\n|t:|1698552203\n|start\n|switch|p1a: Mienshao|Mienshao, M|100\/100\n|switch|p2a: tula|Galvantula, F, shiny|100\/100\n|turn|1\n|\n|t:|1698552257\n|switch|p2a: giratina|Alomomola, F, shiny|100\/100\n|move|p1a: Mienshao|Fake Out|p2a: giratina\n|-damage|p2a: giratina|93\/100\n|\n|-heal|p2a: giratina|99\/100|[from] item: Leftovers\n|upkeep\n|turn|2\n|\n|t:|1698552327\n|switch|p2a: tula|Galvantula, F, shiny|100\/100\n|move|p1a: Mienshao|Knock Off|p2a: tula\n|-damage|p2a: tula|38\/100\n|-enditem|p2a: tula|Focus Sash|[from] move: Knock Off|[of] p1a: Mienshao\n|\n|upkeep\n|turn|3\n|\n|t:|1698552339\n|move|p2a: tula|Sticky Web|p1a: Mienshao\n|-sidestart|p1: zeranogamer147|move: Sticky Web\n|move|p1a: Mienshao|Blaze Kick|p2a: tula\n|-supereffective|p2a: tula\n|-damage|p2a: tula|0 fnt\n|faint|p2a: tula\n|\n|upkeep\n|\n|t:|1698552373\n|switch|p2a: giratina|Alomomola, F, shiny|100\/100\n|turn|4\n|\n|t:|1698552379\n|move|p1a: Mienshao|Knock Off|p2a: giratina\n|-damage|p2a: giratina|82\/100\n|-enditem|p2a: giratina|Leftovers|[from] move: Knock Off|[of] p1a: Mienshao\n|move|p2a: giratina|Scald|p1a: Mienshao\n|-damage|p1a: Mienshao|77\/100\n|\n|upkeep\n|turn|5\n|j| zSlowKiller\n|\n|t:|1698552417\n|switch|p1a: Excadrill|Excadrill, M|100\/100\n|-activate|p1a: Excadrill|move: Sticky Web\n|-unboost|p1a: Excadrill|spe|1\n|-ability|p1a: Excadrill|Mold Breaker\n|move|p2a: giratina|Scald|p1a: Excadrill\n|-supereffective|p1a: Excadrill\n|-damage|p1a: Excadrill|67\/100\n|\n|upkeep\n|turn|6\n|j| Litrowo\n|\n|t:|1698552558\n|move|p1a: Excadrill|Rapid Spin|p2a: giratina\n|-crit|p2a: giratina\n|-damage|p2a: giratina|63\/100\n|-boost|p1a: Excadrill|spe|1\n|-sideend|p1: zeranogamer147|Sticky Web|[from] move: Rapid Spin|[of] p1a: Excadrill\n|-damage|p1a: Excadrill|57\/100|[from] item: Life Orb\n|move|p2a: giratina|Wish|p2a: giratina\n|\n|upkeep\n|turn|7\n|\n|t:|1698552606\n|move|p1a: Excadrill|Iron Head|p2a: giratina\n|-resisted|p2a: giratina\n|-damage|p2a: giratina|47\/100\n|-damage|p1a: Excadrill|47\/100|[from] item: Life Orb\n|move|p2a: giratina|Scald|p1a: Excadrill\n|-supereffective|p1a: Excadrill\n|-damage|p1a: Excadrill|14\/100\n|\n|-heal|p2a: giratina|97\/100|[from] move: Wish|[wisher] giratina\n|upkeep\n|turn|8\n|\n|t:|1698552647\n|move|p2a: giratina|Aqua Jet|p1a: Excadrill\n|-supereffective|p1a: Excadrill\n|-damage|p1a: Excadrill|0 fnt\n|faint|p1a: Excadrill\n|\n|upkeep\n|\n|t:|1698552667\n|switch|p1a: Ferrothorn|Ferrothorn, F|100\/100\n|turn|9\n|\n|t:|1698552711\n|switch|p2a: princesa|Hydreigon, F|100\/100\n|switch|p1a: Hydreigon|Hydreigon, F|100\/100\n|\n|upkeep\n|turn|10\n|\n|t:|1698552745\n|switch|p2a: somnifero|Amoonguss, F, shiny|100\/100\n|move|p1a: Hydreigon|Draco Meteor|p2a: somnifero\n|-damage|p2a: somnifero|36\/100\n|-unboost|p1a: Hydreigon|spa|2\n|\n|-heal|p2a: somnifero|42\/100|[from] item: Black Sludge\n|upkeep\n|turn|11\n|\n|t:|1698552764\n|switch|p1a: Ferrothorn|Ferrothorn, F|100\/100\n|move|p2a: somnifero|Spore|p1a: Ferrothorn\n|-immune|p1a: Ferrothorn\n|\n|-heal|p2a: somnifero|48\/100|[from] item: Black Sludge\n|upkeep\n|turn|12\n|\n|t:|1698552776\n|switch|p2a: princesa|Hydreigon, F|100\/100\n|move|p1a: Ferrothorn|Protect||[still]\n|-fail|p1a: Ferrothorn\n|\n|upkeep\n|turn|13\n|\n|t:|1698552792\n|switch|p1a: Galvantula|Galvantula, F|100\/100\n|move|p2a: princesa|Dark Hole|p1a: Galvantula\n|-enditem|p1a: Galvantula|Focus Sash\n|-damage|p1a: Galvantula|1\/100\n|-damage|p2a: princesa|91\/100|[from] item: Life Orb\n|\n|upkeep\n|turn|14\n|\n|t:|1698552855\n|move|p1a: Galvantula|Sticky Web|p2a: princesa\n|-sidestart|p2: HellSinky|move: Sticky Web\n|move|p2a: princesa|Dark Hole|p1a: Galvantula\n|-damage|p1a: Galvantula|0 fnt\n|faint|p1a: Galvantula\n|-damage|p2a: princesa|81\/100|[from] item: Life Orb\n|\n|upkeep\n|\n|t:|1698552860\n|switch|p1a: Mienshao|Mienshao, M|100\/100\n|turn|15\n|\n|t:|1698552896\n|switch|p2a: somnifero|Amoonguss, F, shiny|81\/100\n|-activate|p2a: somnifero|move: Sticky Web\n|-unboost|p2a: somnifero|spe|1\n|move|p1a: Mienshao|Fake Out|p2a: somnifero\n|-damage|p2a: somnifero|67\/100\n|\n|-heal|p2a: somnifero|73\/100|[from] item: Black Sludge\n|upkeep\n|turn|16\n|\n|t:|1698552908\n|move|p1a: Mienshao|Blaze Kick|p2a: somnifero\n|-supereffective|p2a: somnifero\n|-damage|p2a: somnifero|7\/100\n|move|p2a: somnifero|Spore|p1a: Mienshao\n|-status|p1a: Mienshao|slp|[from] move: Spore\n|\n|-heal|p2a: somnifero|13\/100|[from] item: Black Sludge\n|upkeep\n|turn|17\n|\n|t:|1698552922\n|cant|p1a: Mienshao|slp\n|move|p2a: somnifero|Giga Drain|p1a: Mienshao\n|-damage|p1a: Mienshao|59\/100 slp\n|-heal|p2a: somnifero|26\/100|[from] drain|[of] p1a: Mienshao\n|\n|-heal|p2a: somnifero|32\/100|[from] item: Black Sludge\n|upkeep\n|turn|18\n|\n|t:|1698552942\n|switch|p2a: giratina|Alomomola, F, shiny|100\/100\n|-activate|p2a: giratina|move: Sticky Web\n|-unboost|p2a: giratina|spe|1\n|cant|p1a: Mienshao|slp\n|\n|upkeep\n|turn|19\n|\n|t:|1698552993\n|-curestatus|p1a: Mienshao|slp|[msg]\n|move|p1a: Mienshao|High Jump Kick|p2a: giratina|[miss]\n|-miss|p1a: Mienshao|p2a: giratina\n|-damage|p1a: Mienshao|9\/100|[from] highjumpkick\n|move|p2a: giratina|Scald|p1a: Mienshao\n|-damage|p1a: Mienshao|0 fnt\n|faint|p1a: Mienshao\n|\n|upkeep\n|\n|t:|1698553070\n|switch|p1a: Ferrothorn|Ferrothorn, F|100\/100\n|turn|20\n|\n|t:|1698553087\n|switch|p2a: princesa|Hydreigon, F|81\/100\n|switch|p1a: Hydreigon|Hydreigon, F|100\/100\n|\n|upkeep\n|turn|21\n|\n|t:|1698553123\n|switch|p2a: womb destroyer|Krookodile, F|100\/100\n|-activate|p2a: womb destroyer|move: Sticky Web\n|-unboost|p2a: womb destroyer|spe|1\n|move|p1a: Hydreigon|Draco Meteor|p2a: womb destroyer\n|-damage|p2a: womb destroyer|0 fnt\n|-unboost|p1a: Hydreigon|spa|2\n|faint|p2a: womb destroyer\n|\n|upkeep\n|\n|t:|1698553166\n|switch|p2a: Ferro Pariente|Ferrothorn, F, shiny|100\/100\n|-activate|p2a: Ferro Pariente|move: Sticky Web\n|-unboost|p2a: Ferro Pariente|spe|1\n|turn|22\n|\n|t:|1698553174\n|switch|p1a: Ferrothorn|Ferrothorn, F|100\/100\n|move|p2a: Ferro Pariente|Gyro Ball|p1a: Ferrothorn\n|-resisted|p1a: Ferrothorn\n|-damage|p1a: Ferrothorn|93\/100\n|-damage|p2a: Ferro Pariente|88\/100|[from] ability: Iron Barbs|[of] p1a: Ferrothorn\n|\n|-heal|p1a: Ferrothorn|99\/100|[from] item: Leftovers\n|upkeep\n|turn|23\n|\n|t:|1698553180\n|move|p1a: Ferrothorn|Leech Seed|p2a: Ferro Pariente\n|-immune|p2a: Ferro Pariente\n|move|p2a: Ferro Pariente|Stealth Rock|p1a: Ferrothorn\n|-sidestart|p1: zeranogamer147|move: Stealth Rock\n|\n|-heal|p1a: Ferrothorn|100\/100|[from] item: Leftovers\n|upkeep\n|turn|24\n|\n|t:|1698553215\n|move|p1a: Ferrothorn|Leech Seed|p2a: Ferro Pariente\n|-immune|p2a: Ferro Pariente\n|move|p2a: Ferro Pariente|Gyro Ball|p1a: Ferrothorn\n|-resisted|p1a: Ferrothorn\n|-damage|p1a: Ferrothorn|94\/100\n|-damage|p2a: Ferro Pariente|76\/100|[from] ability: Iron Barbs|[of] p1a: Ferrothorn\n|\n|-heal|p1a: Ferrothorn|99\/100|[from] item: Leftovers\n|upkeep\n|turn|25\n|\n|t:|1698553233\n|move|p1a: Ferrothorn|Toxic|p2a: Ferro Pariente|[miss]\n|-miss|p1a: Ferrothorn|p2a: Ferro Pariente\n|move|p2a: Ferro Pariente|Spikes|p1a: Ferrothorn\n|-sidestart|p1: zeranogamer147|Spikes\n|\n|-heal|p1a: Ferrothorn|100\/100|[from] item: Leftovers\n|upkeep\n|turn|26\n|j| Storm_WaterTime\n|\n|t:|1698553261\n|switch|p2a: princesa|Hydreigon, F|81\/100\n|move|p1a: Ferrothorn|Leech Seed|p2a: princesa\n|-start|p2a: princesa|move: Leech Seed\n|\n|-damage|p2a: princesa|68\/100|[from] Leech Seed|[of] p1a: Ferrothorn\n|upkeep\n|turn|27\n|j| ramagamer107\n|\n|t:|1698553287\n|move|p1a: Ferrothorn|Protect|p1a: Ferrothorn\n|-singleturn|p1a: Ferrothorn|Protect\n|move|p2a: princesa|Dark Hole|p1a: Ferrothorn\n|-activate|p1a: Ferrothorn|move: Protect\n|\n|-damage|p2a: princesa|56\/100|[from] Leech Seed|[of] p1a: Ferrothorn\n|upkeep\n|turn|28\n|\n|t:|1698553301\n|move|p2a: princesa|Flamethrower|p1a: Ferrothorn\n|-supereffective|p1a: Ferrothorn\n|-damage|p1a: Ferrothorn|0 fnt\n|faint|p1a: Ferrothorn\n|-damage|p2a: princesa|46\/100|[from] item: Life Orb\n|\n|upkeep\n|\n|t:|1698553309\n|switch|p1a: Cinccino|Cinccino, M|100\/100\n|-damage|p1a: Cinccino|88\/100|[from] Spikes\n|-damage|p1a: Cinccino|76\/100|[from] Stealth Rock\n|turn|29\n|\n|t:|1698553318\n|switch|p2a: Ferro Pariente|Ferrothorn, F, shiny|76\/100\n|-activate|p2a: Ferro Pariente|move: Sticky Web\n|-unboost|p2a: Ferro Pariente|spe|1\n|move|p1a: Cinccino|Triple Axel|p2a: Ferro Pariente\n|-damage|p2a: Ferro Pariente|70\/100\n|-damage|p1a: Cinccino|63\/100|[from] ability: Iron Barbs|[of] p2a: Ferro Pariente\n|-damage|p1a: Cinccino|47\/100|[from] item: Rocky Helmet|[of] p2a: Ferro Pariente\n|-damage|p2a: Ferro Pariente|61\/100\n|-damage|p1a: Cinccino|35\/100|[from] ability: Iron Barbs|[of] p2a: Ferro Pariente\n|-damage|p1a: Cinccino|18\/100|[from] item: Rocky Helmet|[of] p2a: Ferro Pariente\n|-damage|p2a: Ferro Pariente|46\/100\n|-damage|p1a: Cinccino|6\/100|[from] ability: Iron Barbs|[of] p2a: Ferro Pariente\n|-damage|p1a: Cinccino|0 fnt|[from] item: Rocky Helmet|[of] p2a: Ferro Pariente\n|faint|p1a: Cinccino\n|-hitcount|p2a: Ferro Pariente|3\n|\n|upkeep\n|\n|t:|1698553327\n|switch|p1a: Hydreigon|Hydreigon, F|100\/100\n|-damage|p1a: Hydreigon|88\/100|[from] Stealth Rock\n|turn|30\n|\n|t:|1698553339\n|move|p1a: Hydreigon|Dark Hole|p2a: Ferro Pariente\n|-damage|p2a: Ferro Pariente|0 fnt\n|faint|p2a: Ferro Pariente\n|\n|upkeep\n|\n|t:|1698553352\n|switch|p2a: princesa|Hydreigon, F|46\/100\n|turn|31\n|\n|t:|1698553373\n|move|p1a: Hydreigon|Dark Hole|p2a: princesa\n|-resisted|p2a: princesa\n|-damage|p2a: princesa|0 fnt\n|faint|p2a: princesa\n|\n|upkeep\n|\n|t:|1698553390\n|switch|p2a: somnifero|Amoonguss, F, shiny|65\/100\n|-activate|p2a: somnifero|move: Sticky Web\n|-unboost|p2a: somnifero|spe|1\n|turn|32\n|\n|t:|1698553394\n|move|p1a: Hydreigon|Dark Hole|p2a: somnifero\n|-damage|p2a: somnifero|11\/100\n|-status|p2a: somnifero|slp|[from] move: Dark Hole\n|cant|p2a: somnifero|slp\n|\n|-heal|p2a: somnifero|17\/100 slp|[from] item: Black Sludge\n|upkeep\n|turn|33\n|\n|t:|1698553401\n|move|p1a: Hydreigon|Dark Hole|p2a: somnifero\n|-damage|p2a: somnifero|0 fnt\n|faint|p2a: somnifero\n|\n|upkeep\n|\n|t:|1698553404\n|switch|p2a: giratina|Alomomola, F, shiny|100\/100\n|-activate|p2a: giratina|move: Sticky Web\n|-unboost|p2a: giratina|spe|1\n|turn|34\n|\n|t:|1698553415\n|move|p1a: Hydreigon|Dark Hole|p2a: giratina\n|-damage|p2a: giratina|14\/100\n|move|p2a: giratina|Wish|p2a: giratina\n|\n|upkeep\n|turn|35\n|\n|t:|1698553421\n|move|p2a: giratina|Protect|p2a: giratina\n|-singleturn|p2a: giratina|Protect\n|move|p1a: Hydreigon|Dark Hole|p2a: giratina\n|-activate|p2a: giratina|move: Protect\n|\n|-heal|p2a: giratina|64\/100|[from] move: Wish|[wisher] giratina\n|upkeep\n|turn|36\n|\n|t:|1698553445\n|move|p1a: Hydreigon|Dark Hole|p2a: giratina\n|-damage|p2a: giratina|0 fnt\n|faint|p2a: giratina\n|\n|win|zeranogamer147\n|l|\u2606zeranogamer147\n|j|\u2606zeranogamer147\n|player|p1|zeranogamer147|265\n","uploadtime":1698553471,"views":14,"p1id":"zeranogamer147","p2id":"hellsinky","formatid":"gen9anythinggoes","rating":0,"private":0,"password":""}