{"id":"radicalred-gen9anythinggoes-542734","p1":"owless","p2":"elbazismail2","format":"[Gen 9] Anything Goes","log":"|j|\u2606owless\n|j|\u2606elbazismail2\n|t:|1699205060\n|gametype|singles\n|player|p1|owless|rr-qwilfishhisui|\n|player|p2|elbazismail2|1|\n|teamsize|p1|6\n|teamsize|p2|6\n|gen|9\n|tier|[Gen 9] Anything Goes\n|rule|HP Percentage Mod: HP is shown in percentages\n|rule|Endless Battle Clause: Forcing endless battles is banned\n|rule|Sleep Clause Mod: Limit one foe put to sleep\n|clearpoke\n|poke|p1|Hydreigon, M|\n|poke|p1|Braviary, M|\n|poke|p1|Samurott, M|\n|poke|p1|Gigalith, F|\n|poke|p1|Chandelure, F|\n|poke|p1|Genesect|\n|poke|p2|Volcarona, M|\n|poke|p2|Landorus-Therian, M|\n|poke|p2|Ferrothorn, M|\n|poke|p2|Samurott, F|\n|poke|p2|Hydreigon, F|\n|poke|p2|Amoonguss, F|\n|teampreview\n|\n|t:|1699205088\n|start\n|switch|p1a: Macarrones|Chandelure, F|100\/100\n|switch|p2a: Landorus|Landorus-Therian, M|100\/100\n|-ability|p2a: Landorus|Intimidate|boost\n|-unboost|p1a: Macarrones|atk|1\n|turn|1\n|\n|t:|1699205121\n|switch|p1a: Raviolis|Hydreigon, M|100\/100\n|move|p2a: Landorus|Knock Off|p1a: Raviolis\n|-resisted|p1a: Raviolis\n|-damage|p1a: Raviolis|79\/100\n|-enditem|p1a: Raviolis|Life Orb|[from] move: Knock Off|[of] p2a: Landorus\n|\n|upkeep\n|turn|2\n|\n|t:|1699205132\n|move|p1a: Raviolis|Dark Hole|p2a: Landorus\n|-damage|p2a: Landorus|32\/100\n|-status|p2a: Landorus|slp|[from] move: Dark Hole\n|cant|p2a: Landorus|slp\n|\n|-heal|p2a: Landorus|38\/100 slp|[from] item: Leftovers\n|upkeep\n|turn|3\n|\n|t:|1699205157\n|move|p1a: Raviolis|Draco Barrage|p2a: Landorus\n|-damage|p2a: Landorus|0 fnt\n|faint|p2a: Landorus\n|-damage|p1a: Raviolis|67\/100|[from] Recoil\n|\n|upkeep\n|\n|t:|1699205163\n|switch|p2a: Hydreigon|Hydreigon, F|100\/100\n|turn|4\n|\n|t:|1699205195\n|switch|p1a: Tallarines|Braviary, M, shiny|100\/100\n|move|p2a: Hydreigon|Dark Hole|p1a: Tallarines\n|-damage|p1a: Tallarines|33\/100\n|\n|upkeep\n|turn|5\n|\n|t:|1699205204\n|move|p2a: Hydreigon|Dark Hole|p1a: Tallarines\n|-damage|p1a: Tallarines|0 fnt\n|faint|p1a: Tallarines\n|\n|upkeep\n|\n|t:|1699205208\n|switch|p1a: Tortellini|Genesect|100\/100\n|-ability|p1a: Tortellini|Download|boost\n|-boost|p1a: Tortellini|atk|1\n|turn|6\n|\n|t:|1699205224\n|switch|p2a: Samurott|Samurott, F|100\/100\n|move|p1a: Tortellini|U-turn|p2a: Samurott\n|-resisted|p2a: Samurott\n|-damage|p2a: Samurott|72\/100\n|\n|t:|1699205256\n|switch|p1a: Macarrones|Chandelure, F|100\/100|[from] U-turn\n|\n|upkeep\n|turn|7\n|\n|t:|1699205272\n|move|p1a: Macarrones|Flamethrower|p2a: Samurott\n|-damage|p2a: Samurott|0 fnt\n|faint|p2a: Samurott\n|\n|upkeep\n|\n|t:|1699205330\n|switch|p2a: Hydreigon|Hydreigon, F|100\/100\n|turn|8\n|\n|t:|1699205350\n|switch|p1a: Raviolis|Hydreigon, M|67\/100\n|move|p2a: Hydreigon|Dark Hole|p1a: Raviolis\n|-resisted|p1a: Raviolis\n|-damage|p1a: Raviolis|33\/100\n|\n|upkeep\n|turn|9\n|j| ChadouMC\n|\n|t:|1699205371\n|move|p2a: Hydreigon|Dark Hole|p1a: Raviolis\n|-resisted|p1a: Raviolis\n|-damage|p1a: Raviolis|0 fnt\n|faint|p1a: Raviolis\n|\n|upkeep\n|\n|t:|1699205375\n|switch|p1a: Tortellini|Genesect|100\/100\n|-ability|p1a: Tortellini|Download|boost\n|-boost|p1a: Tortellini|atk|1\n|turn|10\n|\n|t:|1699205383\n|switch|p2a: Volcarona|Volcarona, M|100\/100\n|move|p1a: Tortellini|U-turn|p2a: Volcarona\n|-resisted|p2a: Volcarona\n|-damage|p2a: Volcarona|66\/100\n|\n|t:|1699205411\n|switch|p1a: Macarrones|Chandelure, F|100\/100|[from] U-turn\n|\n|upkeep\n|turn|11\n|\n|t:|1699205420\n|switch|p2a: Hydreigon|Hydreigon, F|100\/100\n|move|p1a: Macarrones|Overheat|p2a: Hydreigon\n|-resisted|p2a: Hydreigon\n|-damage|p2a: Hydreigon|42\/100\n|-unboost|p1a: Macarrones|spa|2\n|\n|upkeep\n|turn|12\n|\n|t:|1699205428\n|switch|p1a: Kanelone|Gigalith, F, shiny|100\/100\n|move|p2a: Hydreigon|Dark Hole|p1a: Kanelone\n|-damage|p1a: Kanelone|36\/100\n|\n|upkeep\n|turn|13\n|\n|t:|1699205435\n|move|p2a: Hydreigon|Dark Hole|p1a: Kanelone\n|-damage|p1a: Kanelone|0 fnt\n|faint|p1a: Kanelone\n|\n|upkeep\n|\n|t:|1699205439\n|switch|p1a: Tortellini|Genesect|100\/100\n|-ability|p1a: Tortellini|Download|boost\n|-boost|p1a: Tortellini|atk|1\n|turn|14\n|\n|t:|1699205445\n|switch|p2a: Ferrothorn|Ferrothorn, M|100\/100\n|move|p1a: Tortellini|U-turn|p2a: Ferrothorn\n|-damage|p2a: Ferrothorn|70\/100\n|-damage|p1a: Tortellini|88\/100|[from] ability: Iron Barbs|[of] p2a: Ferrothorn\n|-damage|p1a: Tortellini|72\/100|[from] item: Rocky Helmet|[of] p2a: Ferrothorn\n|\n|t:|1699205448\n|switch|p1a: Macarrones|Chandelure, F|100\/100|[from] U-turn\n|\n|upkeep\n|turn|15\n|\n|t:|1699205463\n|move|p1a: Macarrones|Flamethrower|p2a: Ferrothorn\n|-supereffective|p2a: Ferrothorn\n|-damage|p2a: Ferrothorn|0 fnt\n|faint|p2a: Ferrothorn\n|\n|upkeep\n|\n|t:|1699205466\n|switch|p2a: Hydreigon|Hydreigon, F|42\/100\n|turn|16\n|\n|t:|1699205470\n|switch|p1a: Fussili|Samurott, M|100\/100\n|move|p2a: Hydreigon|Dark Hole|p1a: Fussili\n|-damage|p1a: Fussili|51\/100\n|\n|upkeep\n|turn|17\n|\n|t:|1699205477\n|move|p1a: Fussili|Aqua Jet|p2a: Hydreigon\n|-resisted|p2a: Hydreigon\n|-damage|p2a: Hydreigon|31\/100\n|move|p2a: Hydreigon|Dark Hole|p1a: Fussili\n|-damage|p1a: Fussili|1\/100\n|-status|p1a: Fussili|slp|[from] move: Dark Hole\n|\n|upkeep\n|turn|18\n|\n|t:|1699205491\n|switch|p2a: Volcarona|Volcarona, M|66\/100\n|cant|p1a: Fussili|slp\n|\n|upkeep\n|turn|19\n|\n|t:|1699205496\n|switch|p1a: Macarrones|Chandelure, F|100\/100\n|move|p2a: Volcarona|Quiver Dance|p2a: Volcarona\n|-boost|p2a: Volcarona|spa|1\n|-boost|p2a: Volcarona|spd|1\n|-boost|p2a: Volcarona|spe|1\n|\n|upkeep\n|turn|20\n|\n|t:|1699205518\n|move|p2a: Volcarona|Roost|p2a: Volcarona\n|-heal|p2a: Volcarona|100\/100\n|-singleturn|p2a: Volcarona|move: Roost\n|move|p1a: Macarrones|Trick|p2a: Volcarona\n|-activate|p1a: Macarrones|move: Trick|[of] p2a: Volcarona\n|-item|p2a: Volcarona|Choice Specs|[from] move: Trick\n|-item|p1a: Macarrones|Heavy-Duty Boots|[from] move: Trick\n|\n|upkeep\n|turn|21\n|c|\u2606elbazismail2|bruh\n|j| FuwawA\u272fAbyssgarD\n|\n|t:|1699205568\n|move|p2a: Volcarona|Bug Buzz|p1a: Macarrones\n|-resisted|p1a: Macarrones\n|-damage|p1a: Macarrones|60\/100\n|move|p1a: Macarrones|Flamethrower|p2a: Volcarona\n|-damage|p2a: Volcarona|69\/100\n|\n|upkeep\n|turn|22\n|\n|t:|1699205584\n|move|p2a: Volcarona|Bug Buzz|p1a: Macarrones\n|-resisted|p1a: Macarrones\n|-damage|p1a: Macarrones|19\/100\n|move|p1a: Macarrones|Overheat|p2a: Volcarona\n|-damage|p2a: Volcarona|22\/100\n|-unboost|p1a: Macarrones|spa|2\n|\n|upkeep\n|turn|23\n|\n|t:|1699205622\n|switch|p1a: Fussili|Samurott, M|1\/100 slp\n|move|p2a: Volcarona|Bug Buzz|p1a: Fussili\n|-resisted|p1a: Fussili\n|-damage|p1a: Fussili|0 fnt\n|faint|p1a: Fussili\n|\n|upkeep\n|\n|t:|1699205627\n|switch|p1a: Tortellini|Genesect|72\/100\n|-ability|p1a: Tortellini|Download|boost\n|-boost|p1a: Tortellini|atk|1\n|turn|24\n|\n|t:|1699205632\n|switch|p2a: Amoonguss|Amoonguss, F|100\/100\n|move|p1a: Tortellini|Iron Head|p2a: Amoonguss\n|-damage|p2a: Amoonguss|39\/100\n|\n|-heal|p2a: Amoonguss|45\/100|[from] item: Black Sludge\n|upkeep\n|turn|25\n|\n|t:|1699205638\n|switch|p2a: Volcarona|Volcarona, M|22\/100\n|move|p1a: Tortellini|Iron Head|p2a: Volcarona\n|-resisted|p2a: Volcarona\n|-damage|p2a: Volcarona|0 fnt\n|faint|p2a: Volcarona\n|\n|upkeep\n|\n|t:|1699205640\n|switch|p2a: Amoonguss|Amoonguss, F|79\/100\n|turn|26\n|\n|t:|1699205666\n|switch|p1a: Macarrones|Chandelure, F|19\/100\n|switch|p2a: Hydreigon|Hydreigon, F|31\/100\n|\n|upkeep\n|turn|27\n|c|\u2606elbazismail2|omgg\n|\n|t:|1699205695\n|move|p2a: Hydreigon|Draco Meteor|p1a: Macarrones\n|-damage|p1a: Macarrones|0 fnt\n|-unboost|p2a: Hydreigon|spa|2\n|faint|p1a: Macarrones\n|\n|upkeep\n|\n|t:|1699205699\n|switch|p1a: Tortellini|Genesect|72\/100\n|-ability|p1a: Tortellini|Download|boost\n|-boost|p1a: Tortellini|atk|1\n|turn|28\n|\n|t:|1699205704\n|move|p1a: Tortellini|Iron Head|p2a: Hydreigon\n|-damage|p2a: Hydreigon|0 fnt\n|faint|p2a: Hydreigon\n|\n|upkeep\n|\n|t:|1699205707\n|switch|p2a: Amoonguss|Amoonguss, F|100\/100\n|turn|29\n|\n|t:|1699205708\n|move|p1a: Tortellini|Iron Head|p2a: Amoonguss\n|-damage|p2a: Amoonguss|36\/100\n|cant|p2a: Amoonguss|flinch\n|\n|-heal|p2a: Amoonguss|42\/100|[from] item: Black Sludge\n|upkeep\n|turn|30\n|c| FuwawA\u272fAbyssgarD|Flinch time\n|j| kingreasd\n|c|\u2606elbazismail2|asnodbaodbaw\n|c|\u2606elbazismail2|no te quemas ni una vez y flinch\n|\n|t:|1699205721\n|move|p1a: Tortellini|Iron Head|p2a: Amoonguss\n|-damage|p2a: Amoonguss|0 fnt\n|faint|p2a: Amoonguss\n|\n|win|owless\n|l|\u2606elbazismail2\n|c|\u2606owless|El flinch no influia\n|c|\u2606owless|ggs\n","uploadtime":1699205737,"views":4,"p1id":"owless","p2id":"elbazismail2","formatid":"gen9anythinggoes","rating":0,"private":0,"password":""}