{"id":"radicalred-gen9anythinggoes-537482","p1":"Elias_666","p2":"Detowo","format":"[Gen 9] Anything Goes","log":"|j|\u2606Elias_666\n|j|\u2606Detowo\n|t:|1698267290\n|gametype|singles\n|player|p1|Elias_666|266|\n|player|p2|Detowo|rr-bewear|\n|teamsize|p1|6\n|teamsize|p2|6\n|gen|9\n|tier|[Gen 9] Anything Goes\n|rule|HP Percentage Mod: HP is shown in percentages\n|rule|Endless Battle Clause: Forcing endless battles is banned\n|rule|Sleep Clause Mod: Limit one foe put to sleep\n|clearpoke\n|poke|p1|Darmanitan, M|\n|poke|p1|Ferrothorn, F|\n|poke|p1|Galvantula, F|\n|poke|p1|Hydreigon, F|\n|poke|p1|Mandibuzz, F|\n|poke|p1|Conkeldurr, M|\n|poke|p2|Darmanitan, F|\n|poke|p2|Cofagrigus, F|\n|poke|p2|Keldeo-Resolute|\n|poke|p2|Ferrothorn, F|\n|poke|p2|Cinccino, M|\n|poke|p2|Conkeldurr, F|\n|teampreview\n|inactive|Battle timer is ON: inactive players will automatically lose when time's up. (requested by Elias_666)\n|c|\u2606Elias_666|Glhf\n|c|\u2606Detowo|glhf\n|\n|t:|1698267303\n|start\n|switch|p1a: Galvantula|Galvantula, F|100\/100\n|switch|p2a: PEPERONI|Cinccino, M|100\/100\n|turn|1\n|\n|t:|1698267319\n|switch|p1a: Ferrothorn|Ferrothorn, F|100\/100\n|move|p2a: PEPERONI|Rock Blast|p1a: Ferrothorn\n|-resisted|p1a: Ferrothorn\n|-damage|p1a: Ferrothorn|97\/100\n|-resisted|p1a: Ferrothorn\n|-damage|p1a: Ferrothorn|94\/100\n|-resisted|p1a: Ferrothorn\n|-damage|p1a: Ferrothorn|91\/100\n|-resisted|p1a: Ferrothorn\n|-damage|p1a: Ferrothorn|88\/100\n|-hitcount|p1a: Ferrothorn|4\n|\n|upkeep\n|turn|2\n|inactive|Detowo has 270 seconds left.\n|\n|t:|1698267358\n|switch|p2a: SEXO PURO|Darmanitan, F, shiny|100\/100\n|move|p1a: Ferrothorn|Knock Off|p2a: SEXO PURO\n|-damage|p2a: SEXO PURO|68\/100\n|-enditem|p2a: SEXO PURO|Choice Scarf|[from] move: Knock Off|[of] p1a: Ferrothorn\n|\n|upkeep\n|turn|3\n|\n|t:|1698267377\n|move|p1a: Ferrothorn|Protect|p1a: Ferrothorn\n|-singleturn|p1a: Ferrothorn|Protect\n|move|p2a: SEXO PURO|Flare Blitz|p1a: Ferrothorn\n|-activate|p1a: Ferrothorn|move: Protect\n|\n|upkeep\n|turn|4\n|inactive|Elias_666 has 270 seconds left.\n|\n|t:|1698267409\n|switch|p1a: Mandibuzz|Mandibuzz, F|100\/100\n|move|p2a: SEXO PURO|Flare Blitz|p1a: Mandibuzz\n|-damage|p1a: Mandibuzz|55\/100\n|-damage|p2a: SEXO PURO|50\/100|[from] Recoil\n|\n|-heal|p1a: Mandibuzz|61\/100|[from] item: Leftovers\n|upkeep\n|turn|5\n|\n|t:|1698267418\n|move|p2a: SEXO PURO|Rock Slide|p1a: Mandibuzz\n|-supereffective|p1a: Mandibuzz\n|-damage|p1a: Mandibuzz|18\/100\n|move|p1a: Mandibuzz|Roost|p1a: Mandibuzz\n|-heal|p1a: Mandibuzz|68\/100\n|-singleturn|p1a: Mandibuzz|move: Roost\n|\n|-heal|p1a: Mandibuzz|74\/100|[from] item: Leftovers\n|upkeep\n|turn|6\n|inactive|Elias_666 has 270 seconds left.\n|inactive|Detowo has 270 seconds left.\n|\n|t:|1698267433\n|move|p2a: SEXO PURO|U-turn|p1a: Mandibuzz\n|-damage|p1a: Mandibuzz|59\/100\n|\n|t:|1698267454\n|switch|p2a: ETE SECH|Ferrothorn, F|100\/100|[from] U-turn\n|move|p1a: Mandibuzz|Toxic|p2a: ETE SECH\n|-immune|p2a: ETE SECH\n|\n|-heal|p1a: Mandibuzz|65\/100|[from] item: Leftovers\n|upkeep\n|turn|7\n|inactive|Elias_666 has 270 seconds left.\n|\n|t:|1698267477\n|switch|p1a: Galvantula|Galvantula, F|100\/100\n|move|p2a: ETE SECH|Gyro Ball|p1a: Galvantula\n|-resisted|p1a: Galvantula\n|-damage|p1a: Galvantula|54\/100\n|\n|upkeep\n|turn|8\n|inactive|Detowo has 240 seconds left.\n|\n|t:|1698267509\n|move|p1a: Galvantula|Sticky Web|p2a: ETE SECH\n|-sidestart|p2: Detowo|move: Sticky Web\n|move|p2a: ETE SECH|Stealth Rock|p1a: Galvantula\n|-sidestart|p1: Elias_666|move: Stealth Rock\n|\n|upkeep\n|turn|9\n|\n|t:|1698267518\n|move|p1a: Galvantula|Bug Buzz|p2a: ETE SECH\n|-damage|p2a: ETE SECH|69\/100\n|move|p2a: ETE SECH|Gyro Ball|p1a: Galvantula\n|-resisted|p1a: Galvantula\n|-damage|p1a: Galvantula|9\/100\n|\n|upkeep\n|turn|10\n|inactive|Detowo has 240 seconds left.\n|\n|t:|1698267526\n|move|p1a: Galvantula|Bug Buzz|p2a: ETE SECH\n|-damage|p2a: ETE SECH|35\/100\n|move|p2a: ETE SECH|Gyro Ball|p1a: Galvantula\n|-resisted|p1a: Galvantula\n|-damage|p1a: Galvantula|0 fnt\n|faint|p1a: Galvantula\n|\n|upkeep\n|\n|t:|1698267538\n|switch|p1a: Hydreigon|Hydreigon, F|100\/100\n|-damage|p1a: Hydreigon|88\/100|[from] Stealth Rock\n|turn|11\n|inactive|Detowo has 240 seconds left.\n|\n|t:|1698267557\n|move|p1a: Hydreigon|Dark Hole|p2a: ETE SECH\n|-damage|p2a: ETE SECH|0 fnt\n|faint|p2a: ETE SECH\n|\n|upkeep\n|inactive|Detowo has 240 seconds left.\n|inactive|Detowo has 210 seconds left.\n|\n|t:|1698267621\n|switch|p2a: RORONOA ZORO|Keldeo-Resolute, shiny|100\/100\n|-activate|p2a: RORONOA ZORO|move: Sticky Web\n|-unboost|p2a: RORONOA ZORO|spe|1\n|turn|12\n|inactive|Detowo has 180 seconds left.\n|inactive|Elias_666 has 270 seconds left.\n|\n|t:|1698267654\n|switch|p1a: Mandibuzz|Mandibuzz, F|65\/100\n|-damage|p1a: Mandibuzz|40\/100|[from] Stealth Rock\n|move|p2a: RORONOA ZORO|Secret Sword|p1a: Mandibuzz\n|-damage|p1a: Mandibuzz|0 fnt\n|faint|p1a: Mandibuzz\n|-damage|p2a: RORONOA ZORO|91\/100|[from] item: Life Orb\n|\n|upkeep\n|\n|t:|1698267662\n|switch|p1a: Conkeldurr|Conkeldurr, M|100\/100\n|-damage|p1a: Conkeldurr|94\/100|[from] Stealth Rock\n|turn|13\n|\n|t:|1698267676\n|move|p2a: RORONOA ZORO|Air Slash|p1a: Conkeldurr\n|-supereffective|p1a: Conkeldurr\n|-damage|p1a: Conkeldurr|0 fnt\n|faint|p1a: Conkeldurr\n|-damage|p2a: RORONOA ZORO|81\/100|[from] item: Life Orb\n|\n|upkeep\n|inactive|Elias_666 has 270 seconds left.\n|inactive|Elias_666 has 240 seconds left.\n|\n|t:|1698267740\n|switch|p1a: Darmanitan|Darmanitan, M|100\/100\n|-damage|p1a: Darmanitan|76\/100|[from] Stealth Rock\n|turn|14\n|\n|t:|1698267753\n|move|p1a: Darmanitan|Earthquake|p2a: RORONOA ZORO\n|-damage|p2a: RORONOA ZORO|35\/100\n|move|p2a: RORONOA ZORO|Scald|p1a: Darmanitan\n|-supereffective|p1a: Darmanitan\n|-damage|p1a: Darmanitan|0 fnt\n|faint|p1a: Darmanitan\n|-damage|p2a: RORONOA ZORO|26\/100|[from] item: Life Orb\n|\n|upkeep\n|\n|t:|1698267760\n|switch|p1a: Hydreigon|Hydreigon, F|88\/100\n|-damage|p1a: Hydreigon|76\/100|[from] Stealth Rock\n|turn|15\n|\n|t:|1698267764\n|move|p1a: Hydreigon|Dark Hole|p2a: RORONOA ZORO\n|-resisted|p2a: RORONOA ZORO\n|-damage|p2a: RORONOA ZORO|0 fnt\n|faint|p2a: RORONOA ZORO\n|\n|upkeep\n|\n|t:|1698267774\n|switch|p2a: BUGGY|Conkeldurr, F, shiny|100\/100\n|-activate|p2a: BUGGY|move: Sticky Web\n|-unboost|p2a: BUGGY|spe|1\n|turn|16\n|inactive|Detowo has 210 seconds left.\n|\n|t:|1698267795\n|move|p1a: Hydreigon|Dark Hole|p2a: BUGGY\n|-resisted|p2a: BUGGY\n|-damage|p2a: BUGGY|58\/100\n|move|p2a: BUGGY|Close Combat|p1a: Hydreigon\n|-supereffective|p1a: Hydreigon\n|-damage|p1a: Hydreigon|0 fnt\n|-unboost|p2a: BUGGY|def|1\n|-unboost|p2a: BUGGY|spd|1\n|faint|p1a: Hydreigon\n|\n|-status|p2a: BUGGY|brn|[from] item: Flame Orb\n|upkeep\n|\n|t:|1698267804\n|switch|p1a: Ferrothorn|Ferrothorn, F|88\/100\n|-damage|p1a: Ferrothorn|82\/100|[from] Stealth Rock\n|turn|17\n|c|\u2606Elias_666|Gg\n|\n|t:|1698267832\n|move|p2a: BUGGY|Close Combat|p1a: Ferrothorn\n|-supereffective|p1a: Ferrothorn\n|-damage|p1a: Ferrothorn|0 fnt\n|-unboost|p2a: BUGGY|def|1\n|-unboost|p2a: BUGGY|spd|1\n|-damage|p2a: BUGGY|46\/100 brn|[from] ability: Iron Barbs|[of] p1a: Ferrothorn\n|-damage|p2a: BUGGY|29\/100 brn|[from] item: Rocky Helmet|[of] p1a: Ferrothorn\n|faint|p1a: Ferrothorn\n|\n|win|Detowo\n","uploadtime":1698267842,"views":13,"p1id":"elias666","p2id":"detowo","formatid":"gen9anythinggoes","rating":0,"private":0,"password":""}