{"id":"radicalred-gen9anythinggoes-534288","p1":"LightNashe","p2":"StarDust_Leo","format":"[Gen 9] Anything Goes","log":"|j|\u2606LightNashe\n|j|\u2606StarDust_Leo\n|t:|1697764588\n|gametype|singles\n|player|p1|LightNashe|rr-greninja|\n|player|p2|StarDust_Leo|rr-houndoommega|\n|teamsize|p1|6\n|teamsize|p2|6\n|gen|9\n|tier|[Gen 9] Anything Goes\n|rule|HP Percentage Mod: HP is shown in percentages\n|rule|Endless Battle Clause: Forcing endless battles is banned\n|clearpoke\n|poke|p1|Emboar, M|\n|poke|p1|Excadrill, M|\n|poke|p1|Archeops, F|\n|poke|p1|Bisharp, M|\n|poke|p1|Gigalith, F|\n|poke|p1|Keldeo-Resolute|\n|poke|p2|Hydreigon, F|\n|poke|p2|Scolipede, M|\n|poke|p2|Keldeo-Resolute|\n|poke|p2|Conkeldurr, M|\n|poke|p2|Cofagrigus, F|\n|poke|p2|Ferrothorn, F|\n|teampreview\n|c|\u2606StarDust_Leo|wena po\n|j| Player350\n|c|\u2606StarDust_Leo|glhf\n|c|\u2606LightNashe|gl\n|j| PatoPatito08\n|c| Player350|Why do these look like OU teams?\n|j| WybeRx\n|\n|t:|1697764650\n|start\n|switch|p1a: Keldeo|Keldeo-Resolute, shiny|100\/100\n|switch|p2a: BFF|Scolipede, M|100\/100\n|turn|1\n|j| zSlowKiller\n|\n|t:|1697764779\n|move|p2a: BFF|Swords Dance|p2a: BFF\n|-boost|p2a: BFF|atk|2\n|move|p1a: Keldeo|Air Slash|p2a: BFF\n|-supereffective|p2a: BFF\n|-enditem|p2a: BFF|Focus Sash\n|-damage|p2a: BFF|1\/100\n|\n|-ability|p2a: BFF|Speed Boost|boost\n|-boost|p2a: BFF|spe|1\n|upkeep\n|turn|2\n|j| tomi7002\n|\n|t:|1697764843\n|move|p2a: BFF|Superpower|p1a: Keldeo\n|-damage|p1a: Keldeo|25\/100\n|-unboost|p2a: BFF|atk|1\n|-unboost|p2a: BFF|def|1\n|move|p1a: Keldeo|Air Slash|p2a: BFF\n|-supereffective|p2a: BFF\n|-damage|p2a: BFF|0 fnt\n|faint|p2a: BFF\n|\n|upkeep\n|j| juancaletas\n|\n|t:|1697764850\n|switch|p2a: Tu Padrastro|Conkeldurr, M|100\/100\n|turn|3\n|\n|t:|1697764875\n|move|p2a: Tu Padrastro|Mach Punch|p1a: Keldeo\n|-damage|p1a: Keldeo|1\/100\n|move|p1a: Keldeo|Air Slash|p2a: Tu Padrastro\n|-supereffective|p2a: Tu Padrastro\n|-damage|p2a: Tu Padrastro|0 fnt\n|faint|p2a: Tu Padrastro\n|\n|upkeep\n|c| zSlowKiller|top causas\n|c|\u2606StarDust_Leo|u no lo mato xd\n|\n|t:|1697764903\n|switch|p2a: Wither|Hydreigon, F|100\/100\n|turn|4\n|\n|t:|1697764917\n|switch|p1a: Gigalith|Gigalith, F, shiny|100\/100\n|-weather|Sandstorm|[from] ability: Sand Stream|[of] p1a: Gigalith\n|move|p2a: Wither|Dark Hole|p1a: Gigalith\n|-crit|p1a: Gigalith\n|-damage|p1a: Gigalith|45\/100\n|\n|-weather|Sandstorm|[upkeep]\n|-damage|p2a: Wither|94\/100|[from] Sandstorm\n|upkeep\n|turn|5\n|\n|t:|1697764932\n|switch|p1a: Excadrill|Excadrill, M|100\/100\n|move|p2a: Wither|Dark Hole|p1a: Excadrill\n|-damage|p1a: Excadrill|31\/100\n|-status|p1a: Excadrill|slp|[from] move: Dark Hole\n|\n|-weather|Sandstorm|[upkeep]\n|-damage|p2a: Wither|88\/100|[from] Sandstorm\n|upkeep\n|turn|6\n|\n|t:|1697764950\n|switch|p2a: Pipipi|Cofagrigus, F|100\/100\n|cant|p1a: Excadrill|slp\n|\n|-weather|Sandstorm|[upkeep]\n|-damage|p2a: Pipipi|94\/100|[from] Sandstorm\n|upkeep\n|turn|7\n|\n|t:|1697764978\n|switch|p1a: Archeops|Archeops, F, shiny|100\/100\n|move|p2a: Pipipi|Iron Defense|p2a: Pipipi\n|-boost|p2a: Pipipi|def|2\n|\n|-weather|Sandstorm|[upkeep]\n|-damage|p2a: Pipipi|88\/100|[from] Sandstorm\n|upkeep\n|turn|8\n|\n|t:|1697764986\n|move|p1a: Archeops|Brave Bird|p2a: Pipipi\n|-damage|p2a: Pipipi|55\/100\n|-damage|p1a: Archeops|88\/100|[from] Recoil\n|move|p2a: Pipipi|Iron Defense|p2a: Pipipi\n|-boost|p2a: Pipipi|def|2\n|\n|-weather|none\n|upkeep\n|turn|9\n|\n|t:|1697764993\n|move|p1a: Archeops|Brave Bird|p2a: Pipipi\n|-damage|p2a: Pipipi|35\/100\n|-damage|p1a: Archeops|81\/100|[from] Recoil\n|move|p2a: Pipipi|Iron Defense|p2a: Pipipi\n|-boost|p2a: Pipipi|def|2\n|\n|upkeep\n|turn|10\n|\n|t:|1697764999\n|move|p1a: Archeops|Brave Bird|p2a: Pipipi\n|-damage|p2a: Pipipi|19\/100\n|-damage|p1a: Archeops|75\/100|[from] Recoil\n|move|p2a: Pipipi|Body Press|p1a: Archeops\n|-damage|p1a: Archeops|0 fnt\n|faint|p1a: Archeops\n|\n|upkeep\n|\n|t:|1697765007\n|switch|p1a: Keldeo|Keldeo-Resolute, shiny|1\/100\n|turn|11\n|\n|t:|1697765014\n|move|p1a: Keldeo|Flip Turn|p2a: Pipipi\n|-crit|p2a: Pipipi\n|-damage|p2a: Pipipi|5\/100\n|\n|t:|1697765027\n|switch|p1a: Gigalith|Gigalith, F, shiny|45\/100|[from] Flip Turn\n|-weather|Sandstorm|[from] ability: Sand Stream|[of] p1a: Gigalith\n|move|p2a: Pipipi|Pain Split|p1a: Gigalith\n|-sethp|p1a: Gigalith|25\/100|[from] move: Pain Split|[silent]\n|-sethp|p2a: Pipipi|29\/100|[from] move: Pain Split\n|-enditem|p1a: Gigalith|Iapapa Berry|[eat]\n|-heal|p1a: Gigalith|58\/100|[from] item: Iapapa Berry\n|\n|-weather|Sandstorm|[upkeep]\n|-damage|p2a: Pipipi|23\/100|[from] Sandstorm\n|upkeep\n|turn|12\n|\n|t:|1697765048\n|move|p2a: Pipipi|Body Press|p1a: Gigalith\n|-supereffective|p1a: Gigalith\n|-damage|p1a: Gigalith|0 fnt\n|faint|p1a: Gigalith\n|\n|-weather|Sandstorm|[upkeep]\n|-damage|p2a: Pipipi|16\/100|[from] Sandstorm\n|upkeep\n|\n|t:|1697765054\n|switch|p1a: Keldeo|Keldeo-Resolute, shiny|1\/100\n|turn|13\n|\n|t:|1697765060\n|move|p1a: Keldeo|Air Slash|p2a: Pipipi\n|-damage|p2a: Pipipi|0 fnt\n|faint|p2a: Pipipi\n|\n|-weather|Sandstorm|[upkeep]\n|-damage|p1a: Keldeo|0 fnt|[from] Sandstorm\n|faint|p1a: Keldeo\n|upkeep\n|\n|t:|1697765072\n|switch|p1a: Excadrill|Excadrill, M|31\/100 slp\n|switch|p2a: Wither|Hydreigon, F|88\/100\n|turn|14\n|\n|t:|1697765081\n|cant|p1a: Excadrill|slp\n|move|p2a: Wither|Flamethrower|p1a: Excadrill\n|-supereffective|p1a: Excadrill\n|-damage|p1a: Excadrill|0 fnt\n|faint|p1a: Excadrill\n|\n|-weather|Sandstorm|[upkeep]\n|-damage|p2a: Wither|82\/100|[from] Sandstorm\n|upkeep\n|\n|t:|1697765091\n|switch|p1a: Emboar|Emboar, M, shiny|100\/100\n|turn|15\n|\n|t:|1697765114\n|switch|p2a: Ferrothorn|Ferrothorn, F|100\/100\n|move|p1a: Emboar|Close Combat|p2a: Ferrothorn\n|-supereffective|p2a: Ferrothorn\n|-damage|p2a: Ferrothorn|0 fnt\n|-unboost|p1a: Emboar|def|1\n|-unboost|p1a: Emboar|spd|1\n|-damage|p1a: Emboar|88\/100|[from] ability: Iron Barbs|[of] p2a: Ferrothorn\n|-damage|p1a: Emboar|72\/100|[from] item: Rocky Helmet|[of] p2a: Ferrothorn\n|faint|p2a: Ferrothorn\n|\n|-weather|none\n|upkeep\n|\n|t:|1697765120\n|switch|p2a: El Mejor guerrero|Keldeo-Resolute|100\/100\n|turn|16\n|\n|t:|1697765207\n|move|p2a: El Mejor guerrero|Scald|p1a: Emboar\n|-supereffective|p1a: Emboar\n|-crit|p1a: Emboar\n|-damage|p1a: Emboar|0 fnt\n|faint|p1a: Emboar\n|-damage|p2a: El Mejor guerrero|91\/100|[from] item: Life Orb\n|\n|upkeep\n|\n|t:|1697765213\n|switch|p1a: Bisharp|Bisharp, M|100\/100\n|turn|17\n|\n|t:|1697765217\n|move|p2a: El Mejor guerrero|Secret Sword|p1a: Bisharp\n|-supereffective|p1a: Bisharp\n|-damage|p1a: Bisharp|0 fnt\n|faint|p1a: Bisharp\n|-damage|p2a: El Mejor guerrero|81\/100|[from] item: Life Orb\n|\n|win|StarDust_Leo\n|c|\u2606LightNashe|gg\n|c|\u2606StarDust_Leo|gg\n","uploadtime":1697765224,"views":12,"p1id":"lightnashe","p2id":"stardustleo","formatid":"gen9anythinggoes","rating":0,"private":0,"password":""}