{"id":"radicalred-gen9anythinggoes-538039","p1":"Mr cyphon","p2":"zekoplayzr6","format":"[Gen 9] Anything Goes","log":"|j|\u2606Mr cyphon\n|j|\u2606zekoplayzr6\n|t:|1698348844\n|gametype|singles\n|player|p1|Mr cyphon|rr-beedrillmega|\n|player|p2|zekoplayzr6|rr-infernape|\n|teamsize|p1|6\n|teamsize|p2|6\n|gen|9\n|tier|[Gen 9] Anything Goes\n|rule|HP Percentage Mod: HP is shown in percentages\n|rule|Endless Battle Clause: Forcing endless battles is banned\n|clearpoke\n|poke|p1|Kabutops, F|\n|poke|p1|Simisear, F|\n|poke|p1|Venusaur, M|\n|poke|p1|Masquerain, M|\n|poke|p1|Zebstrika, F|\n|poke|p1|Aurorus, F|\n|poke|p2|Fearow, F|\n|poke|p2|Kabutops, M|\n|poke|p2|Cacturne, F|\n|poke|p2|Charizard, F|\n|poke|p2|Luxray, F|\n|poke|p2|Klinklang|\n|teampreview\n|c|\u2606Mr cyphon|have fun\n|c|\u2606zekoplayzr6|u2\n|c|\u2606Mr cyphon|this is the first time someone used luxray\n|c|\u2606zekoplayzr6|its suspected tho\n|c|\u2606Mr cyphon|pocket said that it would be phenominal \n|j| Toxic Ariados\n|\n|t:|1698348874\n|start\n|switch|p1a: Masquerain|Masquerain, M|100\/100\n|switch|p2a: Luxray|Luxray, F|100\/100\n|-ability|p1a: Masquerain|Intimidate|boost\n|-unboost|p2a: Luxray|atk|1\n|turn|1\n|c|\u2606zekoplayzr6|idk why its not used often\n|l| Toxic Ariados\n|\n|t:|1698348888\n|switch|p2a: Klinklang|Klinklang|100\/100\n|move|p1a: Masquerain|Sticky Web|p2a: Klinklang\n|-sidestart|p2: zekoplayzr6|move: Sticky Web\n|\n|upkeep\n|turn|2\n|c|\u2606Mr cyphon|me neither\n|c|\u2606zekoplayzr6|whoever gave klinklang steely spirit is a LUNATIC\n|c|\u2606Mr cyphon|well nobody really plays this custom PU tier\n|\n|t:|1698348918\n|move|p1a: Masquerain|Stun Spore|p2a: Klinklang\n|-status|p2a: Klinklang|par\n|move|p2a: Klinklang|Shift Gear|p2a: Klinklang\n|-boost|p2a: Klinklang|spe|2\n|-boost|p2a: Klinklang|atk|1\n|\n|upkeep\n|turn|3\n|\n|t:|1698348924\n|move|p1a: Masquerain|Hydro Pump|p2a: Klinklang\n|-damage|p2a: Klinklang|23\/100 par\n|move|p2a: Klinklang|Shift Gear|p2a: Klinklang\n|-boost|p2a: Klinklang|spe|2\n|-boost|p2a: Klinklang|atk|1\n|\n|upkeep\n|turn|4\n|\n|t:|1698348928\n|move|p2a: Klinklang|Gear Grind|p1a: Masquerain\n|-resisted|p1a: Masquerain\n|-damage|p1a: Masquerain|23\/100\n|-resisted|p1a: Masquerain\n|-damage|p1a: Masquerain|0 fnt\n|faint|p1a: Masquerain\n|-hitcount|p1: Masquerain|2\n|-damage|p2a: Klinklang|13\/100 par|[from] item: Life Orb\n|\n|upkeep\n|\n|t:|1698348939\n|switch|p1a: Zebstrika|Zebstrika, F|100\/100\n|turn|5\n|\n|t:|1698348949\n|move|p1a: Zebstrika|Zippy Zap|p2a: Klinklang\n|-crit|p2a: Klinklang\n|-damage|p2a: Klinklang|0 fnt\n|faint|p2a: Klinklang\n|-damage|p1a: Zebstrika|91\/100|[from] item: Life Orb\n|\n|upkeep\n|\n|t:|1698348951\n|switch|p2a: Charizard|Charizard, F|100\/100\n|turn|6\n|c|\u2606Mr cyphon|also your team is very weak to electric\n|\n|t:|1698348958\n|move|p2a: Charizard|Fire Blast|p1a: Zebstrika\n|-damage|p1a: Zebstrika|0 fnt\n|faint|p1a: Zebstrika\n|\n|upkeep\n|\n|t:|1698348962\n|switch|p1a: Aurorus|Aurorus, F|100\/100\n|-weather|Snow|[from] ability: Snow Warning|[of] p1a: Aurorus\n|turn|7\n|c|\u2606zekoplayzr6|im noticing that\n|\n|t:|1698348966\n|move|p2a: Charizard|Fire Blast|p1a: Aurorus\n|-damage|p1a: Aurorus|58\/100\n|move|p1a: Aurorus|Aurora Veil|p1a: Aurorus\n|-sidestart|p1: Mr cyphon|move: Aurora Veil\n|\n|-weather|Snow|[upkeep]\n|upkeep\n|turn|8\n|\n|t:|1698348971\n|move|p2a: Charizard|Fire Blast|p1a: Aurorus\n|-damage|p1a: Aurorus|36\/100\n|move|p1a: Aurorus|Stealth Rock|p2a: Charizard\n|-sidestart|p2: zekoplayzr6|move: Stealth Rock\n|\n|-weather|Snow|[upkeep]\n|upkeep\n|turn|9\n|c|\u2606Mr cyphon|and you have no ground types too\n|\n|t:|1698348988\n|move|p2a: Charizard|Fire Blast|p1a: Aurorus\n|-damage|p1a: Aurorus|15\/100\n|move|p1a: Aurorus|Blizzard|p2a: Charizard\n|-damage|p2a: Charizard|38\/100\n|\n|-weather|Snow|[upkeep]\n|upkeep\n|turn|10\n|c|\u2606zekoplayzr6|zard feels super strong already\n|c|\u2606Mr cyphon|i mean there i'snt really any truly good ground types in PU\n|c|\u2606Mr cyphon|is there\n|\n|t:|1698349020\n|move|p2a: Charizard|Fire Blast|p1a: Aurorus\n|-damage|p1a: Aurorus|0 fnt\n|faint|p1a: Aurorus\n|\n|-weather|Snow|[upkeep]\n|upkeep\n|c|\u2606zekoplayzr6|nah\n|\n|t:|1698349024\n|switch|p1a: Kabutops|Kabutops, F|100\/100\n|turn|11\n|\n|t:|1698349042\n|switch|p2a: Cacturne|Cacturne, F|100\/100\n|-damage|p2a: Cacturne|88\/100|[from] Stealth Rock\n|-activate|p2a: Cacturne|move: Sticky Web\n|-unboost|p2a: Cacturne|spe|1\n|move|p1a: Kabutops|Swords Dance|p1a: Kabutops\n|-boost|p1a: Kabutops|atk|2\n|\n|-weather|none\n|upkeep\n|turn|12\n|\n|t:|1698349050\n|move|p1a: Kabutops|Sacred Sword|p2a: Cacturne\n|-supereffective|p2a: Cacturne\n|-damage|p2a: Cacturne|0 fnt\n|faint|p2a: Cacturne\n|\n|upkeep\n|\n|t:|1698349054\n|switch|p2a: Fearow|Fearow, F|100\/100\n|-damage|p2a: Fearow|76\/100|[from] Stealth Rock\n|turn|13\n|\n|t:|1698349062\n|move|p2a: Fearow|Pursuit|p1a: Kabutops\n|-damage|p1a: Kabutops|84\/100\n|move|p1a: Kabutops|Rapid Spin|p2a: Fearow\n|-damage|p2a: Fearow|22\/100\n|-boost|p1a: Kabutops|spe|1\n|\n|upkeep\n|turn|14\n|\n|t:|1698349071\n|switch|p2a: Kabutops|Kabutops, M|100\/100\n|-activate|p2a: Kabutops|move: Sticky Web\n|-unboost|p2a: Kabutops|spe|1\n|-damage|p2a: Kabutops|88\/100|[from] Stealth Rock\n|move|p1a: Kabutops|Rapid Spin|p2a: Kabutops\n|-resisted|p2a: Kabutops\n|-damage|p2a: Kabutops|69\/100\n|-boost|p1a: Kabutops|spe|1\n|\n|-sideend|p1: Mr cyphon|move: Aurora Veil\n|upkeep\n|turn|15\n|\n|t:|1698349075\n|move|p1a: Kabutops|Sacred Sword|p2a: Kabutops\n|-supereffective|p2a: Kabutops\n|-damage|p2a: Kabutops|0 fnt\n|faint|p2a: Kabutops\n|\n|upkeep\n|c|\u2606Mr cyphon|ggs\n|\n|t:|1698349079\n|switch|p2a: Charizard|Charizard, F|38\/100\n|-damage|p2a: Charizard|0 fnt|[from] Stealth Rock\n|faint|p2a: Charizard\n|\n|t:|1698349081\n|switch|p2a: Luxray|Luxray, F|100\/100\n|-damage|p2a: Luxray|88\/100|[from] Stealth Rock\n|-activate|p2a: Luxray|move: Sticky Web\n|-unboost|p2a: Luxray|spe|1\n|turn|16\n|\n|t:|1698349084\n|move|p1a: Kabutops|Sacred Sword|p2a: Luxray\n|-supereffective|p2a: Luxray\n|-damage|p2a: Luxray|0 fnt\n|faint|p2a: Luxray\n|\n|upkeep\n|c|\u2606zekoplayzr6|yeah im dead\n|c|\u2606Mr cyphon|dam\n|\n|t:|1698349088\n|switch|p2a: Fearow|Fearow, F|22\/100\n|-damage|p2a: Fearow|0 fnt|[from] Stealth Rock\n|faint|p2a: Fearow\n|\n|win|Mr cyphon\n|c|\u2606zekoplayzr6|ggs\n|c|\u2606Mr cyphon|sticky web\n|c|\u2606Mr cyphon|go crazy\n|c|\u2606zekoplayzr6|team's hella rocks weak\n|c|\u2606Mr cyphon|and kabutops is already really good\n","uploadtime":1698349115,"views":11,"p1id":"mrcyphon","p2id":"zekoplayzr6","formatid":"gen9anythinggoes","rating":0,"private":0,"password":""}