{"id":"radicalred-gen9anythinggoes-534251","p1":"PatoPatito08","p2":"WaKax2","format":"[Gen 9] Anything Goes","log":"|j|\u2606PatoPatito08\n|j|\u2606WaKax2\n|t:|1697753059\n|gametype|singles\n|player|p1|PatoPatito08|kiawe|\n|player|p2|WaKax2|170|\n|teamsize|p1|6\n|teamsize|p2|6\n|gen|9\n|tier|[Gen 9] Anything Goes\n|rule|HP Percentage Mod: HP is shown in percentages\n|rule|Endless Battle Clause: Forcing endless battles is banned\n|rule|Sleep Clause Mod: Limit one foe put to sleep\n|clearpoke\n|poke|p1|Landorus-Therian, M|\n|poke|p1|Simisage, F|\n|poke|p1|Jellicent, F|\n|poke|p1|Volcarona, M|\n|poke|p1|Conkeldurr, M|\n|poke|p1|Samurott, M|\n|poke|p2|Hydreigon, F|\n|poke|p2|Emboar, M|\n|poke|p2|Bisharp, F|\n|poke|p2|Mienshao, F|\n|poke|p2|Cofagrigus, F|\n|poke|p2|Keldeo-Resolute|\n|teampreview\n|c|\u2606PatoPatito08|g\n|c|\u2606PatoPatito08|l\n|\n|t:|1697753126\n|start\n|switch|p1a: Landorus|Landorus-Therian, M, shiny|100\/100\n|switch|p2a: Keldeo|Keldeo-Resolute, shiny|100\/100\n|-ability|p1a: Landorus|Intimidate|boost\n|-unboost|p2a: Keldeo|atk|1\n|turn|1\n|\n|t:|1697753151\n|switch|p1a: Jellicent|Jellicent, F, shiny|100\/100\n|move|p2a: Keldeo|Scald|p1a: Jellicent\n|-resisted|p1a: Jellicent\n|-damage|p1a: Jellicent|87\/100\n|-damage|p2a: Keldeo|91\/100|[from] item: Life Orb\n|\n|upkeep\n|turn|2\n|\n|t:|1697753160\n|switch|p2a: Hydreigon|Hydreigon, F|100\/100\n|move|p1a: Jellicent|Dazzling Gleam|p2a: Hydreigon\n|-supereffective|p2a: Hydreigon\n|-damage|p2a: Hydreigon|17\/100\n|\n|upkeep\n|turn|3\n|\n|t:|1697753206\n|move|p2a: Hydreigon|Dark Hole|p1a: Jellicent\n|-supereffective|p1a: Jellicent\n|-damage|p1a: Jellicent|33\/100\n|-status|p1a: Jellicent|slp|[from] move: Dark Hole\n|cant|p1a: Jellicent|slp\n|\n|upkeep\n|turn|4\n|c|\u2606PatoPatito08|me cago en todo lo cagable\n|\n|t:|1697753224\n|move|p2a: Hydreigon|Dark Hole|p1a: Jellicent\n|-supereffective|p1a: Jellicent\n|-damage|p1a: Jellicent|0 fnt\n|faint|p1a: Jellicent\n|\n|upkeep\n|\n|t:|1697753227\n|switch|p1a: Conkeldurr|Conkeldurr, M, shiny|100\/100\n|turn|5\n|\n|t:|1697753230\n|switch|p2a: Cofagrigus|Cofagrigus, F|100\/100\n|move|p1a: Conkeldurr|Mach Punch|p2a: Cofagrigus\n|-immune|p2a: Cofagrigus\n|\n|-status|p1a: Conkeldurr|brn|[from] item: Flame Orb\n|upkeep\n|turn|6\n|\n|t:|1697753254\n|move|p1a: Conkeldurr|Knock Off|p2a: Cofagrigus\n|-supereffective|p2a: Cofagrigus\n|-enditem|p2a: Cofagrigus|Colbur Berry|[eat]\n|-enditem|p2a: Cofagrigus|Colbur Berry|[weaken]\n|-damage|p2a: Cofagrigus|81\/100\n|move|p2a: Cofagrigus|Iron Defense|p2a: Cofagrigus\n|-boost|p2a: Cofagrigus|def|2\n|\n|-damage|p1a: Conkeldurr|94\/100 brn|[from] brn\n|upkeep\n|turn|7\n|\n|t:|1697753271\n|switch|p1a: Landorus|Landorus-Therian, M, shiny|100\/100\n|-ability|p1a: Landorus|Intimidate|boost\n|-unboost|p2a: Cofagrigus|atk|1\n|move|p2a: Cofagrigus|Iron Defense|p2a: Cofagrigus\n|-boost|p2a: Cofagrigus|def|2\n|\n|upkeep\n|turn|8\n|\n|t:|1697753280\n|move|p1a: Landorus|Earthquake|p2a: Cofagrigus\n|-damage|p2a: Cofagrigus|72\/100\n|move|p2a: Cofagrigus|Body Press|p1a: Landorus\n|-resisted|p1a: Landorus\n|-damage|p1a: Landorus|52\/100\n|\n|-heal|p1a: Landorus|58\/100|[from] item: Leftovers\n|upkeep\n|turn|9\n|c|\u2606PatoPatito08|cague\n|\n|t:|1697753323\n|switch|p1a: Volcarona|Volcarona, M, shiny|100\/100\n|move|p2a: Cofagrigus|Iron Defense|p2a: Cofagrigus\n|-boost|p2a: Cofagrigus|def|2\n|\n|upkeep\n|turn|10\n|\n|t:|1697753334\n|move|p1a: Volcarona|Quiver Dance|p1a: Volcarona\n|-boost|p1a: Volcarona|spa|1\n|-boost|p1a: Volcarona|spd|1\n|-boost|p1a: Volcarona|spe|1\n|move|p2a: Cofagrigus|Body Press|p1a: Volcarona\n|-resisted|p1a: Volcarona\n|-damage|p1a: Volcarona|1\/100\n|\n|upkeep\n|turn|11\n|\n|t:|1697753343\n|move|p1a: Volcarona|Fiery Dance|p2a: Cofagrigus\n|-damage|p2a: Cofagrigus|3\/100\n|-boost|p1a: Volcarona|spa|1\n|move|p2a: Cofagrigus|Body Press|p1a: Volcarona\n|-resisted|p1a: Volcarona\n|-damage|p1a: Volcarona|0 fnt\n|-status|p2a: Cofagrigus|brn|[from] ability: Flame Body|[of] p1a: Volcarona\n|faint|p1a: Volcarona\n|\n|-damage|p2a: Cofagrigus|0 fnt|[from] brn\n|faint|p2a: Cofagrigus\n|upkeep\n|j| zSlowKiller\n|c| zSlowKiller|dios bajo y dijo\n|c|\u2606PatoPatito08|omg\n|l| zSlowKiller\n|j| zSlowKiller\n|l| zSlowKiller\n|\n|t:|1697753362\n|switch|p1a: Conkeldurr|Conkeldurr, M, shiny|94\/100 brn\n|switch|p2a: Keldeo|Keldeo-Resolute, shiny|91\/100\n|turn|12\n|\n|t:|1697753404\n|move|p1a: Conkeldurr|Mach Punch|p2a: Keldeo\n|-damage|p2a: Keldeo|47\/100\n|move|p2a: Keldeo|Air Slash|p1a: Conkeldurr\n|-supereffective|p1a: Conkeldurr\n|-damage|p1a: Conkeldurr|0 fnt\n|faint|p1a: Conkeldurr\n|-damage|p2a: Keldeo|37\/100|[from] item: Life Orb\n|\n|upkeep\n|\n|t:|1697753409\n|switch|p1a: Simisage|Simisage, F|100\/100\n|turn|13\n|j| zSlowKiller\n|\n|t:|1697753461\n|move|p1a: Simisage|Energy Ball|p2a: Keldeo\n|-supereffective|p2a: Keldeo\n|-damage|p2a: Keldeo|0 fnt\n|faint|p2a: Keldeo\n|\n|upkeep\n|\n|t:|1697753466\n|switch|p2a: Emboar|Emboar, M|100\/100\n|turn|14\n|\n|t:|1697753471\n|switch|p1a: Landorus|Landorus-Therian, M, shiny|58\/100\n|-ability|p1a: Landorus|Intimidate|boost\n|-unboost|p2a: Emboar|atk|1\n|move|p2a: Emboar|Flare Blitz|p1a: Landorus\n|-damage|p1a: Landorus|0 fnt\n|faint|p1a: Landorus\n|-damage|p2a: Emboar|81\/100|[from] Recoil\n|\n|upkeep\n|j| Zayveen\n|\n|t:|1697753567\n|switch|p1a: Samurott|Samurott, M, shiny|100\/100\n|turn|15\n|\n|t:|1697753584\n|move|p1a: Samurott|Razor Shell|p2a: Emboar\n|-supereffective|p2a: Emboar\n|-damage|p2a: Emboar|0 fnt\n|faint|p2a: Emboar\n|\n|upkeep\n|\n|t:|1697753589\n|switch|p2a: Mienshao|Mienshao, F|100\/100\n|turn|16\n|l| Zayveen\n|\n|t:|1697753617\n|move|p2a: Mienshao|Close Combat|p1a: Samurott\n|-supereffective|p1a: Samurott\n|-damage|p1a: Samurott|0 fnt\n|-unboost|p2a: Mienshao|def|1\n|-unboost|p2a: Mienshao|spd|1\n|faint|p1a: Samurott\n|\n|upkeep\n|\n|t:|1697753625\n|switch|p1a: Simisage|Simisage, F|100\/100\n|turn|17\n|c|\u2606PatoPatito08|elijo creer\n|\n|t:|1697753672\n|move|p1a: Simisage|Focus Blast|p2a: Mienshao\n|-damage|p2a: Mienshao|0 fnt\n|faint|p2a: Mienshao\n|\n|upkeep\n|c| zSlowKiller|el factor\n|c| zSlowKiller|de la suerte\n|c| zSlowKiller|paso 1\n|c|\u2606PatoPatito08|EU CONFIO\n|c| zSlowKiller|cumplido\n|\n|t:|1697753681\n|switch|p2a: Hydreigon|Hydreigon, F|17\/100\n|turn|18\n|c|\u2606PatoPatito08|2 MAS\n|\n|t:|1697753684\n|move|p1a: Simisage|Focus Blast|p2a: Hydreigon|[miss]\n|-miss|p1a: Simisage|p2a: Hydreigon\n|move|p2a: Hydreigon|Flamethrower|p1a: Simisage\n|-supereffective|p1a: Simisage\n|-damage|p1a: Simisage|0 fnt\n|faint|p1a: Simisage\n|\n|win|WaKax2\n|c| zSlowKiller|paso 2?\n|c| zSlowKiller|fallado\n|c|\u2606PatoPatito08|nooo\n|c|\u2606PatoPatito08|gg\n|c|\u2606PatoPatito08|mandalo\n|l|\u2606PatoPatito08\n","uploadtime":1697753701,"views":13,"p1id":"patopatito08","p2id":"wakax2","formatid":"gen9anythinggoes","rating":0,"private":0,"password":""}