{"id":"radicalred-gen9anythinggoes-540097","p1":"Rhava","p2":"Gerecht","format":"[Gen 9] Anything Goes","log":"|j|\u2606Rhava\n|j|\u2606Gerecht\n|t:|1698704098\n|gametype|singles\n|player|p1|Rhava|rr-infernape|\n|player|p2|Gerecht|rr-cinderace|\n|teamsize|p1|6\n|teamsize|p2|6\n|gen|9\n|tier|[Gen 9] Anything Goes\n|rule|HP Percentage Mod: HP is shown in percentages\n|rule|Endless Battle Clause: Forcing endless battles is banned\n|rule|Sleep Clause Mod: Limit one foe put to sleep\n|clearpoke\n|poke|p1|Galvantula, M|\n|poke|p1|Cofagrigus, F|\n|poke|p1|Landorus, M|\n|poke|p1|Conkeldurr, M|\n|poke|p1|Darmanitan, M|\n|poke|p1|Ferrothorn, M|\n|poke|p2|Ferrothorn, M|\n|poke|p2|Cofagrigus, F|\n|poke|p2|Jellicent, M|\n|poke|p2|Hydreigon, F|\n|poke|p2|Emboar, M|\n|poke|p2|Darmanitan, F|\n|teampreview\n|j| owless\n|\n|t:|1698704144\n|start\n|switch|p1a: Galvantula|Galvantula, M|100\/100\n|switch|p2a: Hermana de Draki|Cofagrigus, F|100\/100\n|turn|1\n|\n|t:|1698704178\n|move|p1a: Galvantula|Sticky Web|p2a: Hermana de Draki\n|-sidestart|p2: Gerecht|move: Sticky Web\n|move|p2a: Hermana de Draki|Hex|p1a: Galvantula\n|-damage|p1a: Galvantula|60\/100\n|\n|upkeep\n|turn|2\n|\n|t:|1698704187\n|move|p1a: Galvantula|Volt Switch|p2a: Hermana de Draki\n|-damage|p2a: Hermana de Draki|89\/100\n|\n|t:|1698704205\n|switch|p1a: Conkeldurr|Conkeldurr, M|100\/100|[from] Volt Switch\n|move|p2a: Hermana de Draki|Will-O-Wisp|p1a: Conkeldurr\n|-status|p1a: Conkeldurr|brn\n|\n|-heal|p2a: Hermana de Draki|95\/100|[from] item: Leftovers\n|-damage|p1a: Conkeldurr|94\/100 brn|[from] brn\n|upkeep\n|turn|3\n|\n|t:|1698704214\n|move|p2a: Hermana de Draki|Protect|p2a: Hermana de Draki\n|-singleturn|p2a: Hermana de Draki|Protect\n|move|p1a: Conkeldurr|Knock Off|p2a: Hermana de Draki\n|-activate|p2a: Hermana de Draki|move: Protect\n|\n|-heal|p2a: Hermana de Draki|100\/100|[from] item: Leftovers\n|-damage|p1a: Conkeldurr|88\/100 brn|[from] brn\n|upkeep\n|turn|4\n|\n|t:|1698704249\n|move|p1a: Conkeldurr|Knock Off|p2a: Hermana de Draki\n|-supereffective|p2a: Hermana de Draki\n|-damage|p2a: Hermana de Draki|58\/100\n|-enditem|p2a: Hermana de Draki|Leftovers|[from] move: Knock Off|[of] p1a: Conkeldurr\n|move|p2a: Hermana de Draki|Hex|p1a: Conkeldurr\n|-damage|p1a: Conkeldurr|40\/100 brn\n|\n|-damage|p1a: Conkeldurr|34\/100 brn|[from] brn\n|upkeep\n|turn|5\n|\n|t:|1698704260\n|move|p2a: Hermana de Draki|Protect|p2a: Hermana de Draki\n|-singleturn|p2a: Hermana de Draki|Protect\n|move|p1a: Conkeldurr|Knock Off|p2a: Hermana de Draki\n|-activate|p2a: Hermana de Draki|move: Protect\n|\n|-damage|p1a: Conkeldurr|28\/100 brn|[from] brn\n|upkeep\n|turn|6\n|\n|t:|1698704337\n|move|p1a: Conkeldurr|Knock Off|p2a: Hermana de Draki\n|-supereffective|p2a: Hermana de Draki\n|-damage|p2a: Hermana de Draki|0 fnt\n|faint|p2a: Hermana de Draki\n|\n|-damage|p1a: Conkeldurr|22\/100 brn|[from] brn\n|upkeep\n|\n|t:|1698704346\n|switch|p2a: Ujan Mojon|Emboar, M|100\/100\n|-activate|p2a: Ujan Mojon|move: Sticky Web\n|-unboost|p2a: Ujan Mojon|spe|1\n|turn|7\n|\n|t:|1698704362\n|move|p1a: Conkeldurr|Mach Punch|p2a: Ujan Mojon\n|-damage|p2a: Ujan Mojon|50\/100\n|move|p2a: Ujan Mojon|Flare Blitz|p1a: Conkeldurr\n|-damage|p1a: Conkeldurr|0 fnt\n|faint|p1a: Conkeldurr\n|-damage|p2a: Ujan Mojon|42\/100|[from] Recoil\n|\n|upkeep\n|\n|t:|1698704370\n|switch|p1a: Landorus|Landorus, M|100\/100\n|turn|8\n|\n|t:|1698704378\n|move|p1a: Landorus|Sludge Wave|p2a: Ujan Mojon\n|-damage|p2a: Ujan Mojon|0 fnt\n|faint|p2a: Ujan Mojon\n|\n|upkeep\n|\n|t:|1698704383\n|switch|p2a: Tet**|Jellicent, M|100\/100\n|-activate|p2a: Tet**|move: Sticky Web\n|-unboost|p2a: Tet**|spe|1\n|turn|9\n|\n|t:|1698704412\n|switch|p1a: Ferrothorn|Ferrothorn, M|100\/100\n|move|p2a: Tet**|Surf|p1a: Ferrothorn\n|-resisted|p1a: Ferrothorn\n|-damage|p1a: Ferrothorn|73\/100\n|\n|-heal|p1a: Ferrothorn|79\/100|[from] item: Leftovers\n|upkeep\n|turn|10\n|\n|t:|1698704461\n|switch|p2a: Ese soy yo|Darmanitan, F|100\/100\n|-activate|p2a: Ese soy yo|move: Sticky Web\n|-unboost|p2a: Ese soy yo|spe|1\n|move|p1a: Ferrothorn|Leech Seed|p2a: Ese soy yo\n|-start|p2a: Ese soy yo|move: Leech Seed\n|\n|-heal|p1a: Ferrothorn|85\/100|[from] item: Leftovers\n|-damage|p2a: Ese soy yo|88\/100|[from] Leech Seed|[of] p1a: Ferrothorn\n|-heal|p1a: Ferrothorn|98\/100|[silent]\n|upkeep\n|turn|11\n|\n|t:|1698704480\n|switch|p1a: Cofagrigus|Cofagrigus, F|100\/100\n|move|p2a: Ese soy yo|U-turn|p1a: Cofagrigus\n|-resisted|p1a: Cofagrigus\n|-damage|p1a: Cofagrigus|97\/100\n|-damage|p2a: Ese soy yo|72\/100|[from] item: Rocky Helmet|[of] p1a: Cofagrigus\n|\n|t:|1698704488\n|switch|p2a: Mireya volvio|Hydreigon, F|100\/100|[from] U-turn\n|\n|upkeep\n|turn|12\n|\n|t:|1698704502\n|move|p2a: Mireya volvio|Dark Hole|p1a: Cofagrigus\n|-supereffective|p1a: Cofagrigus\n|-damage|p1a: Cofagrigus|0 fnt\n|faint|p1a: Cofagrigus\n|-damage|p2a: Mireya volvio|91\/100|[from] item: Life Orb\n|\n|upkeep\n|\n|t:|1698704511\n|switch|p1a: Galvantula|Galvantula, M|60\/100\n|turn|13\n|\n|t:|1698704520\n|switch|p2a: Cae|Ferrothorn, M|100\/100\n|-activate|p2a: Cae|move: Sticky Web\n|-unboost|p2a: Cae|spe|1\n|move|p1a: Galvantula|Signal Beam|p2a: Cae\n|-damage|p2a: Cae|78\/100\n|\n|upkeep\n|turn|14\n|\n|t:|1698704530\n|move|p1a: Galvantula|Thunder|p2a: Cae\n|-resisted|p2a: Cae\n|-damage|p2a: Cae|64\/100\n|move|p2a: Cae|Knock Off|p1a: Galvantula\n|-damage|p1a: Galvantula|19\/100\n|-enditem|p1a: Galvantula|Focus Sash|[from] move: Knock Off|[of] p2a: Cae\n|\n|upkeep\n|turn|15\n|\n|t:|1698704545\n|move|p1a: Galvantula|Thunder|p2a: Cae\n|-resisted|p2a: Cae\n|-damage|p2a: Cae|49\/100\n|move|p2a: Cae|Knock Off|p1a: Galvantula\n|-damage|p1a: Galvantula|0 fnt\n|faint|p1a: Galvantula\n|\n|upkeep\n|\n|t:|1698704573\n|switch|p1a: Darmanitan|Darmanitan, M|100\/100\n|turn|16\n|\n|t:|1698704578\n|move|p2a: Cae|Protect|p2a: Cae\n|-singleturn|p2a: Cae|Protect\n|move|p1a: Darmanitan|U-turn|p2a: Cae\n|-activate|p2a: Cae|move: Protect\n|\n|upkeep\n|turn|17\n|\n|t:|1698704597\n|move|p1a: Darmanitan|U-turn|p2a: Cae\n|-damage|p2a: Cae|28\/100\n|-damage|p1a: Darmanitan|88\/100|[from] ability: Iron Barbs|[of] p2a: Cae\n|-damage|p1a: Darmanitan|72\/100|[from] item: Rocky Helmet|[of] p2a: Cae\n|\n|t:|1698704602\n|switch|p1a: Ferrothorn|Ferrothorn, M|98\/100|[from] U-turn\n|move|p2a: Cae|Knock Off|p1a: Ferrothorn\n|-damage|p1a: Ferrothorn|82\/100\n|-damage|p2a: Cae|16\/100|[from] ability: Iron Barbs|[of] p1a: Ferrothorn\n|-enditem|p1a: Ferrothorn|Leftovers|[from] move: Knock Off|[of] p2a: Cae\n|\n|upkeep\n|turn|18\n|\n|t:|1698704613\n|move|p2a: Cae|Protect|p2a: Cae\n|-singleturn|p2a: Cae|Protect\n|move|p1a: Ferrothorn|Body Press|p2a: Cae\n|-activate|p2a: Cae|move: Protect\n|\n|upkeep\n|turn|19\n|\n|t:|1698704625\n|move|p1a: Ferrothorn|Leech Seed|p2a: Cae\n|-immune|p2a: Cae\n|move|p2a: Cae|Knock Off|p1a: Ferrothorn\n|-damage|p1a: Ferrothorn|72\/100\n|-damage|p2a: Cae|3\/100|[from] ability: Iron Barbs|[of] p1a: Ferrothorn\n|\n|upkeep\n|turn|20\n|\n|t:|1698704633\n|move|p1a: Ferrothorn|Leech Seed|p2a: Cae\n|-immune|p2a: Cae\n|move|p2a: Cae|Leech Seed|p1a: Ferrothorn\n|-immune|p1a: Ferrothorn\n|\n|upkeep\n|turn|21\n|\n|t:|1698704640\n|move|p1a: Ferrothorn|Iron Defense|p1a: Ferrothorn\n|-boost|p1a: Ferrothorn|def|2\n|move|p2a: Cae|Leech Seed|p1a: Ferrothorn\n|-immune|p1a: Ferrothorn\n|\n|upkeep\n|turn|22\n|\n|t:|1698704650\n|move|p1a: Ferrothorn|Leech Seed|p2a: Cae\n|-immune|p2a: Cae\n|move|p2a: Cae|Leech Seed|p1a: Ferrothorn\n|-immune|p1a: Ferrothorn\n|\n|upkeep\n|turn|23\n|\n|t:|1698704656\n|move|p1a: Ferrothorn|Iron Defense|p1a: Ferrothorn\n|-boost|p1a: Ferrothorn|def|2\n|move|p2a: Cae|Leech Seed|p1a: Ferrothorn\n|-immune|p1a: Ferrothorn\n|\n|upkeep\n|turn|24\n|\n|t:|1698704664\n|move|p1a: Ferrothorn|Iron Defense|p1a: Ferrothorn\n|-boost|p1a: Ferrothorn|def|2\n|move|p2a: Cae|Leech Seed|p1a: Ferrothorn\n|-immune|p1a: Ferrothorn\n|\n|upkeep\n|turn|25\n|\n|t:|1698704678\n|move|p1a: Ferrothorn|Leech Seed|p2a: Cae\n|-immune|p2a: Cae\n|move|p2a: Cae|Leech Seed|p1a: Ferrothorn\n|-immune|p1a: Ferrothorn\n|\n|upkeep\n|turn|26\n|\n|t:|1698704690\n|move|p1a: Ferrothorn|Body Press|p2a: Cae\n|-supereffective|p2a: Cae\n|-damage|p2a: Cae|0 fnt\n|-damage|p1a: Ferrothorn|59\/100|[from] ability: Iron Barbs|[of] p2a: Cae\n|-damage|p1a: Ferrothorn|43\/100|[from] item: Rocky Helmet|[of] p2a: Cae\n|faint|p2a: Cae\n|\n|upkeep\n|\n|t:|1698704743\n|switch|p2a: Ese soy yo|Darmanitan, F|72\/100\n|-activate|p2a: Ese soy yo|move: Sticky Web\n|-unboost|p2a: Ese soy yo|spe|1\n|turn|27\n|\n|t:|1698704750\n|move|p2a: Ese soy yo|Flare Blitz|p1a: Ferrothorn\n|-supereffective|p1a: Ferrothorn\n|-damage|p1a: Ferrothorn|0 fnt\n|-damage|p2a: Ese soy yo|59\/100|[from] ability: Iron Barbs|[of] p1a: Ferrothorn\n|faint|p1a: Ferrothorn\n|-damage|p2a: Ese soy yo|45\/100|[from] Recoil\n|\n|upkeep\n|\n|t:|1698704755\n|switch|p1a: Landorus|Landorus, M|100\/100\n|turn|28\n|\n|t:|1698704760\n|move|p1a: Landorus|Earth Power|p2a: Ese soy yo\n|-supereffective|p2a: Ese soy yo\n|-damage|p2a: Ese soy yo|0 fnt\n|faint|p2a: Ese soy yo\n|\n|upkeep\n|\n|t:|1698704772\n|switch|p2a: Tet**|Jellicent, M|100\/100\n|-activate|p2a: Tet**|move: Sticky Web\n|-unboost|p2a: Tet**|spe|1\n|turn|29\n|\n|t:|1698704976\n|move|p1a: Landorus|Earth Power|p2a: Tet**\n|-damage|p2a: Tet**|35\/100\n|move|p2a: Tet**|Surf|p1a: Landorus\n|-supereffective|p1a: Landorus\n|-damage|p1a: Landorus|0 fnt\n|faint|p1a: Landorus\n|\n|upkeep\n|\n|t:|1698705023\n|switch|p1a: Darmanitan|Darmanitan, M|72\/100\n|turn|30\n|\n|t:|1698705100\n|move|p1a: Darmanitan|Flare Blitz|p2a: Tet**\n|-resisted|p2a: Tet**\n|-damage|p2a: Tet**|10\/100\n|-damage|p1a: Darmanitan|63\/100|[from] Recoil\n|move|p2a: Tet**|Strength Sap|p1a: Darmanitan\n|-unboost|p1a: Darmanitan|atk|1\n|-heal|p2a: Tet**|100\/100\n|\n|upkeep\n|turn|31\n|c|\u2606Rhava|gg\n|c| owless|ggs a ambos\n|\n|t:|1698705121\n|move|p1a: Darmanitan|Flare Blitz|p2a: Tet**\n|-resisted|p2a: Tet**\n|-damage|p2a: Tet**|83\/100\n|-damage|p1a: Darmanitan|57\/100|[from] Recoil\n|move|p2a: Tet**|Surf|p1a: Darmanitan\n|-supereffective|p1a: Darmanitan\n|-damage|p1a: Darmanitan|0 fnt\n|faint|p1a: Darmanitan\n|\n|win|Gerecht\n|c|\u2606Gerecht|gg\n|c|\u2606Gerecht|bien jugado\n","uploadtime":1698705127,"views":5,"p1id":"rhava","p2id":"gerecht","formatid":"gen9anythinggoes","rating":0,"private":0,"password":""}