{"id":"radicalred-gen9anythinggoes-539290","p1":"owless","p2":"CripiCiid","format":"[Gen 9] Anything Goes","log":"|j|\u2606owless\n|j|\u2606CripiCiid\n|t:|1698592512\n|gametype|singles\n|player|p1|owless|rr-zygarde|\n|player|p2|CripiCiid|rr-darmanitangalarzen|\n|teamsize|p1|6\n|teamsize|p2|6\n|gen|9\n|tier|[Gen 9] Anything Goes\n|rule|HP Percentage Mod: HP is shown in percentages\n|rule|Endless Battle Clause: Forcing endless battles is banned\n|rule|Sleep Clause Mod: Limit one foe put to sleep\n|clearpoke\n|poke|p1|Gigalith, M|\n|poke|p1|Braviary, M|\n|poke|p1|Samurott, F|\n|poke|p1|Whimsicott, M|\n|poke|p1|Chandelure, M|\n|poke|p1|Genesect|\n|poke|p2|Victini|\n|poke|p2|Hydreigon, F|\n|poke|p2|Excadrill, M|\n|poke|p2|Amoonguss, F|\n|poke|p2|Bisharp, M|\n|poke|p2|Volcarona, F|\n|teampreview\n|\n|t:|1698592533\n|start\n|switch|p1a: Tortellini|Genesect|100\/100\n|switch|p2a: Badoo|Excadrill, M, shiny|100\/100\n|-ability|p1a: Tortellini|Download|boost\n|-boost|p1a: Tortellini|atk|1\n|turn|1\n|\n|t:|1698592545\n|move|p1a: Tortellini|Flamethrower|p2a: Badoo\n|-supereffective|p2a: Badoo\n|-damage|p2a: Badoo|47\/100\n|move|p2a: Badoo|Rock Slide|p1a: Tortellini\n|-damage|p1a: Tortellini|47\/100\n|\n|upkeep\n|turn|2\n|\n|t:|1698592559\n|switch|p2a: TomGamer|Volcarona, F, shiny|100\/100\n|move|p1a: Tortellini|Flamethrower|p2a: TomGamer\n|-damage|p2a: TomGamer|74\/100\n|\n|upkeep\n|turn|3\n|\n|t:|1698592570\n|switch|p1a: Kanelone|Gigalith, M, shiny|100\/100\n|move|p2a: TomGamer|Quiver Dance|p2a: TomGamer\n|-boost|p2a: TomGamer|spa|1\n|-boost|p2a: TomGamer|spd|1\n|-boost|p2a: TomGamer|spe|1\n|\n|upkeep\n|turn|4\n|\n|t:|1698592581\n|move|p2a: TomGamer|Giga Drain|p1a: Kanelone\n|-supereffective|p1a: Kanelone\n|-ability|p1a: Kanelone|Sturdy\n|-damage|p1a: Kanelone|1\/100\n|-heal|p2a: TomGamer|100\/100|[from] drain|[of] p1a: Kanelone\n|move|p1a: Kanelone|Rock Blast|p2a: TomGamer\n|-supereffective|p2a: TomGamer\n|-damage|p2a: TomGamer|35\/100\n|-supereffective|p2a: TomGamer\n|-damage|p2a: TomGamer|0 fnt\n|faint|p2a: TomGamer\n|-hitcount|p2: TomGamer|2\n|\n|upkeep\n|\n|t:|1698592598\n|switch|p2a: Cripi|Amoonguss, F, shiny|100\/100\n|turn|5\n|\n|t:|1698592605\n|move|p2a: Cripi|Energy Ball|p1a: Kanelone\n|-supereffective|p1a: Kanelone\n|-damage|p1a: Kanelone|0 fnt\n|faint|p1a: Kanelone\n|\n|upkeep\n|\n|t:|1698592616\n|switch|p1a: Macarrones|Chandelure, M|100\/100\n|turn|6\n|\n|t:|1698592624\n|switch|p2a: Badoo|Excadrill, M, shiny|47\/100\n|move|p1a: Macarrones|Overheat|p2a: Badoo\n|-supereffective|p2a: Badoo\n|-damage|p2a: Badoo|0 fnt\n|-unboost|p1a: Macarrones|spa|2\n|faint|p2a: Badoo\n|\n|upkeep\n|\n|t:|1698592641\n|switch|p2a: Luario708|Hydreigon, F, shiny|100\/100\n|turn|7\n|\n|t:|1698592653\n|switch|p1a: Tallarines|Braviary, M, shiny|100\/100\n|move|p2a: Luario708|Dark Hole|p1a: Tallarines\n|-damage|p1a: Tallarines|24\/100\n|-status|p1a: Tallarines|slp|[from] move: Dark Hole\n|-damage|p2a: Luario708|91\/100|[from] item: Life Orb\n|\n|upkeep\n|turn|8\n|\n|t:|1698592666\n|switch|p1a: Spaghetti|Whimsicott, M, shiny|100\/100\n|move|p2a: Luario708|Nasty Plot|p2a: Luario708\n|-boost|p2a: Luario708|spa|2\n|\n|upkeep\n|turn|9\n|\n|t:|1698592673\n|move|p1a: Spaghetti|Moonblast|p2a: Luario708\n|-supereffective|p2a: Luario708\n|-damage|p2a: Luario708|0 fnt\n|faint|p2a: Luario708\n|\n|upkeep\n|\n|t:|1698592680\n|switch|p2a: Jorgitomc88|Bisharp, M, shiny|100\/100\n|turn|10\n|\n|t:|1698592689\n|move|p1a: Spaghetti|Moonblast|p2a: Jorgitomc88\n|-damage|p2a: Jorgitomc88|72\/100\n|-unboost|p2a: Jorgitomc88|spa|1\n|-ability|p2a: Jorgitomc88|Defiant|boost\n|-boost|p2a: Jorgitomc88|atk|2\n|move|p2a: Jorgitomc88|Swords Dance|p2a: Jorgitomc88\n|-boost|p2a: Jorgitomc88|atk|2\n|\n|upkeep\n|turn|11\n|\n|t:|1698592701\n|move|p1a: Spaghetti|Moonblast|p2a: Jorgitomc88\n|-damage|p2a: Jorgitomc88|46\/100\n|-unboost|p2a: Jorgitomc88|spa|1\n|-ability|p2a: Jorgitomc88|Defiant|boost\n|-boost|p2a: Jorgitomc88|atk|2\n|move|p2a: Jorgitomc88|Night Slash|p1a: Spaghetti\n|-resisted|p1a: Spaghetti\n|-crit|p1a: Spaghetti\n|-enditem|p1a: Spaghetti|Focus Sash\n|-damage|p1a: Spaghetti|1\/100\n|\n|upkeep\n|turn|12\n|\n|t:|1698592724\n|move|p1a: Spaghetti|Encore|p2a: Jorgitomc88\n|-hint|Since gen 7, Dark is immune to Prankster moves.\n|-immune|p2a: Jorgitomc88\n|move|p2a: Jorgitomc88|Sucker Punch||[still]\n|-fail|p2a: Jorgitomc88\n|\n|upkeep\n|turn|13\n|\n|t:|1698592732\n|move|p2a: Jorgitomc88|Sucker Punch|p1a: Spaghetti\n|-resisted|p1a: Spaghetti\n|-damage|p1a: Spaghetti|0 fnt\n|faint|p1a: Spaghetti\n|\n|upkeep\n|\n|t:|1698592742\n|switch|p1a: Macarrones|Chandelure, M|100\/100\n|turn|14\n|\n|t:|1698592751\n|move|p1a: Macarrones|Trick|p2a: Jorgitomc88\n|-activate|p1a: Macarrones|move: Trick|[of] p2a: Jorgitomc88\n|-item|p2a: Jorgitomc88|Choice Specs|[from] move: Trick\n|-item|p1a: Macarrones|Eviolite|[from] move: Trick\n|move|p2a: Jorgitomc88|Night Slash|p1a: Macarrones\n|-supereffective|p1a: Macarrones\n|-damage|p1a: Macarrones|0 fnt\n|faint|p1a: Macarrones\n|\n|upkeep\n|\n|t:|1698592760\n|switch|p1a: Tortellini|Genesect|47\/100\n|-ability|p1a: Tortellini|Download|boost\n|-boost|p1a: Tortellini|spa|1\n|turn|15\n|\n|t:|1698592775\n|switch|p2a: Cripi|Amoonguss, F, shiny|100\/100\n|move|p1a: Tortellini|Flamethrower|p2a: Cripi\n|-supereffective|p2a: Cripi\n|-damage|p2a: Cripi|45\/100\n|\n|-heal|p2a: Cripi|51\/100|[from] item: Black Sludge\n|upkeep\n|turn|16\n|\n|t:|1698592786\n|move|p1a: Tortellini|Flamethrower|p2a: Cripi\n|-supereffective|p2a: Cripi\n|-damage|p2a: Cripi|0 fnt\n|faint|p2a: Cripi\n|\n|upkeep\n|\n|t:|1698592792\n|switch|p2a: Sama|Victini, shiny|100\/100\n|turn|17\n|\n|t:|1698592796\n|switch|p1a: Tallarines|Braviary, M, shiny|24\/100 slp\n|move|p2a: Sama|V-create|p1a: Tallarines\n|-damage|p1a: Tallarines|0 fnt\n|-unboost|p2a: Sama|spe|1\n|-unboost|p2a: Sama|def|1\n|-unboost|p2a: Sama|spd|1\n|faint|p1a: Tallarines\n|\n|upkeep\n|\n|t:|1698592820\n|switch|p1a: Fussili|Samurott, F|100\/100\n|turn|18\n|\n|t:|1698592826\n|move|p1a: Fussili|Aqua Jet|p2a: Sama\n|-supereffective|p2a: Sama\n|-damage|p2a: Sama|42\/100\n|move|p2a: Sama|V-create|p1a: Fussili\n|-damage|p1a: Fussili|6\/100\n|-unboost|p2a: Sama|spe|1\n|-unboost|p2a: Sama|def|1\n|-unboost|p2a: Sama|spd|1\n|\n|upkeep\n|turn|19\n|\n|t:|1698592835\n|move|p1a: Fussili|Aqua Jet|p2a: Sama\n|-supereffective|p2a: Sama\n|-damage|p2a: Sama|0 fnt\n|faint|p2a: Sama\n|\n|upkeep\n|\n|t:|1698592840\n|switch|p2a: Jorgitomc88|Bisharp, M, shiny|46\/100\n|turn|20\n|\n|t:|1698592844\n|move|p1a: Fussili|Aqua Jet|p2a: Jorgitomc88\n|-damage|p2a: Jorgitomc88|21\/100\n|move|p2a: Jorgitomc88|Sucker Punch||[still]\n|-fail|p2a: Jorgitomc88\n|\n|upkeep\n|turn|21\n|\n|t:|1698592850\n|move|p1a: Fussili|Aqua Jet|p2a: Jorgitomc88\n|-damage|p2a: Jorgitomc88|0 fnt\n|faint|p2a: Jorgitomc88\n|\n|win|owless\n|c|\u2606owless|gg\n","uploadtime":1698592856,"views":17,"p1id":"owless","p2id":"cripiciid","formatid":"gen9anythinggoes","rating":0,"private":0,"password":""}