{"id":"radicalred-gen9anythinggoes-536165","p1":"drakig","p2":"Luario708","format":"[Gen 9] Anything Goes","log":"|j|\u2606drakig\n|j|\u2606Luario708\n|t:|1698091290\n|gametype|singles\n|player|p1|drakig|rr-tornadustherian|\n|player|p2|Luario708|1|\n|teamsize|p1|6\n|teamsize|p2|6\n|gen|9\n|tier|[Gen 9] Anything Goes\n|rule|HP Percentage Mod: HP is shown in percentages\n|rule|Endless Battle Clause: Forcing endless battles is banned\n|rule|Sleep Clause Mod: Limit one foe put to sleep\n|clearpoke\n|poke|p1|Darmanitan, M|\n|poke|p1|Samurott, F|\n|poke|p1|Krookodile, F|\n|poke|p1|Haxorus, F|\n|poke|p1|Whimsicott, F|\n|poke|p1|Conkeldurr, F|\n|poke|p2|Jellicent, F|\n|poke|p2|Galvantula, F|\n|poke|p2|Conkeldurr, M|\n|poke|p2|Volcarona, F|\n|poke|p2|Samurott, F|\n|poke|p2|Ferrothorn, M|\n|teampreview\n|j| PatoPatito08\n|j| Litrowo\n|\n|t:|1698091364\n|start\n|switch|p1a: Argentina|Darmanitan, M|100\/100\n|switch|p2a: Ravager|Ferrothorn, M, shiny|100\/100\n|turn|1\n|inactive|Battle timer is ON: inactive players will automatically lose when time's up. (requested by Luario708)\n|\n|t:|1698091375\n|move|p2a: Ravager|Protect|p2a: Ravager\n|-singleturn|p2a: Ravager|Protect\n|move|p1a: Argentina|Flare Blitz|p2a: Ravager\n|-activate|p2a: Ravager|move: Protect\n|\n|upkeep\n|turn|2\n|\n|t:|1698091384\n|switch|p1a: Dripped papa|Krookodile, F|100\/100\n|-ability|p1a: Dripped papa|Intimidate|boost\n|-unboost|p2a: Ravager|atk|1\n|switch|p2a: Polterghast|Jellicent, F|100\/100\n|\n|upkeep\n|turn|3\n|j| zSlowKiller\n|\n|t:|1698091412\n|switch|p2a: Ravager|Ferrothorn, M, shiny|100\/100\n|move|p1a: Dripped papa|Wicked Blow|p2a: Ravager\n|-crit|p2a: Ravager\n|-damage|p2a: Ravager|70\/100\n|-damage|p1a: Dripped papa|88\/100|[from] ability: Iron Barbs|[of] p2a: Ravager\n|-damage|p1a: Dripped papa|71\/100|[from] item: Rocky Helmet|[of] p2a: Ravager\n|\n|upkeep\n|turn|4\n|\n|t:|1698091426\n|switch|p1a: Argentina|Darmanitan, M|100\/100\n|move|p2a: Ravager|Stealth Rock|p1a: Argentina\n|-sidestart|p1: drakig|move: Stealth Rock\n|\n|upkeep\n|turn|5\n|inactive|drakig has 270 seconds left.\n|\n|t:|1698091443\n|switch|p1a: Panza|Conkeldurr, F|100\/100\n|-damage|p1a: Panza|94\/100|[from] Stealth Rock\n|move|p2a: Ravager|Protect||[still]\n|-fail|p2a: Ravager\n|\n|upkeep\n|turn|6\n|j| ThiagoPrrah\n|j| Red. Parra ti\n|inactive|Luario708 has 270 seconds left.\n|l| Red. Parra ti\n|\n|t:|1698091478\n|move|p2a: Ravager|Protect|p2a: Ravager\n|-singleturn|p2a: Ravager|Protect\n|move|p1a: Panza|Knock Off|p2a: Ravager\n|-activate|p2a: Ravager|move: Protect\n|\n|upkeep\n|turn|7\n|inactive|Luario708 has 270 seconds left.\n|inactive|drakig has 270 seconds left.\n|\n|t:|1698091524\n|switch|p1a: la grasa 2|Whimsicott, F|100\/100\n|-damage|p1a: la grasa 2|88\/100|[from] Stealth Rock\n|switch|p2a: Astrum Aureus|Galvantula, F, shiny|100\/100\n|\n|upkeep\n|turn|8\n|inactive|drakig has 240 seconds left.\n|inactive|Luario708 has 240 seconds left.\n|inactive|Luario708 has 210 seconds left.\n|inactive|Luario708 has 180 seconds left.\n|\n|t:|1698091616\n|switch|p2a: Dragonfolly|Volcarona, F, shiny|100\/100\n|move|p1a: la grasa 2|Taunt|p2a: Dragonfolly\n|-start|p2a: Dragonfolly|move: Taunt\n|\n|upkeep\n|turn|9\n|inactive|Luario708 has 180 seconds left.\n|inactive|drakig has 210 seconds left.\n|\n|t:|1698091657\n|move|p1a: la grasa 2|Stun Spore|p2a: Dragonfolly\n|-status|p2a: Dragonfolly|par\n|move|p2a: Dragonfolly|Fiery Dance|p1a: la grasa 2\n|-supereffective|p1a: la grasa 2\n|-damage|p1a: la grasa 2|0 fnt\n|faint|p1a: la grasa 2\n|\n|upkeep\n|inactive|drakig has 180 seconds left.\n|\n|t:|1698091683\n|switch|p1a: Buencha|Haxorus, F|100\/100\n|-damage|p1a: Buencha|88\/100|[from] Stealth Rock\n|-ability|p1a: Buencha|Mold Breaker\n|turn|10\n|inactive|Luario708 has 150 seconds left.\n|\n|t:|1698091727\n|move|p1a: Buencha|Swords Dance|p1a: Buencha\n|-boost|p1a: Buencha|atk|2\n|move|p2a: Dragonfolly|Bug Buzz|p1a: Buencha\n|-damage|p1a: Buencha|9\/100\n|\n|-end|p2a: Dragonfolly|move: Taunt\n|upkeep\n|turn|11\n|\n|t:|1698091746\n|move|p1a: Buencha|Scale Shot|p2a: Dragonfolly\n|-damage|p2a: Dragonfolly|56\/100 par\n|-damage|p2a: Dragonfolly|14\/100 par\n|-damage|p2a: Dragonfolly|0 fnt\n|faint|p2a: Dragonfolly\n|-hitcount|p2: Dragonfolly|3\n|-unboost|p1a: Buencha|def|1\n|-boost|p1a: Buencha|spe|1\n|\n|upkeep\n|\n|t:|1698091756\n|switch|p2a: Goliath|Conkeldurr, M|100\/100\n|turn|12\n|\n|t:|1698091764\n|move|p2a: Goliath|Mach Punch|p1a: Buencha\n|-damage|p1a: Buencha|0 fnt\n|faint|p1a: Buencha\n|\n|upkeep\n|inactive|drakig has 180 seconds left.\n|\n|t:|1698091776\n|switch|p1a: Panza|Conkeldurr, F|94\/100\n|-damage|p1a: Panza|88\/100|[from] Stealth Rock\n|turn|13\n|inactive|drakig has 180 seconds left.\n|inactive|Luario708 has 120 seconds left.\n|\n|t:|1698091802\n|switch|p2a: Polterghast|Jellicent, F|100\/100\n|move|p1a: Panza|Knock Off|p2a: Polterghast\n|-supereffective|p2a: Polterghast\n|-enditem|p2a: Polterghast|Colbur Berry|[eat]\n|-enditem|p2a: Polterghast|Colbur Berry|[weaken]\n|-damage|p2a: Polterghast|55\/100\n|\n|upkeep\n|turn|14\n|inactive|drakig has 180 seconds left.\n|\n|t:|1698091814\n|move|p2a: Polterghast|Strength Sap|p1a: Panza\n|-unboost|p1a: Panza|atk|1\n|-heal|p2a: Polterghast|100\/100\n|move|p1a: Panza|Knock Off|p2a: Polterghast\n|-supereffective|p2a: Polterghast\n|-damage|p2a: Polterghast|55\/100\n|\n|upkeep\n|turn|15\n|inactive|drakig has 180 seconds left.\n|\n|t:|1698091828\n|switch|p1a: Dripped papa|Krookodile, F|71\/100\n|-damage|p1a: Dripped papa|65\/100|[from] Stealth Rock\n|-ability|p1a: Dripped papa|Intimidate|boost\n|-unboost|p2a: Polterghast|atk|1\n|move|p2a: Polterghast|Strength Sap|p1a: Dripped papa\n|-unboost|p1a: Dripped papa|atk|1\n|-heal|p2a: Polterghast|100\/100\n|\n|upkeep\n|turn|16\n|inactive|Luario708 has 120 seconds left.\n|inactive|drakig has 180 seconds left.\n|\n|t:|1698091870\n|move|p1a: Dripped papa|Wicked Blow|p2a: Polterghast\n|-supereffective|p2a: Polterghast\n|-crit|p2a: Polterghast\n|-damage|p2a: Polterghast|18\/100\n|move|p2a: Polterghast|Water Spout|p1a: Dripped papa\n|-supereffective|p1a: Dripped papa\n|-damage|p1a: Dripped papa|47\/100\n|\n|upkeep\n|turn|17\n|inactive|drakig has 180 seconds left.\n|inactive|Luario708 has 90 seconds left.\n|j| ElBau1129\n|inactive|Luario708 has 60 seconds left.\n|\n|t:|1698091946\n|switch|p2a: Goliath|Conkeldurr, M|100\/100\n|move|p1a: Dripped papa|Earthquake|p2a: Goliath\n|-damage|p2a: Goliath|75\/100\n|\n|upkeep\n|turn|18\n|inactive|drakig has 180 seconds left.\n|\n|t:|1698091975\n|move|p1a: Dripped papa|Earthquake|p2a: Goliath\n|-damage|p2a: Goliath|47\/100\n|move|p2a: Goliath|Drain Punch|p1a: Dripped papa\n|-supereffective|p1a: Dripped papa\n|-damage|p1a: Dripped papa|0 fnt\n|-heal|p2a: Goliath|68\/100|[from] drain|[of] p1a: Dripped papa\n|faint|p1a: Dripped papa\n|\n|upkeep\n|inactive|drakig has 150 seconds left.\n|\n|t:|1698091992\n|switch|p1a: Argentina|Darmanitan, M|100\/100\n|-damage|p1a: Argentina|75\/100|[from] Stealth Rock\n|turn|19\n|j| BecauseWynaut777\n|\n|t:|1698092015\n|switch|p2a: Ravager|Ferrothorn, M, shiny|70\/100\n|move|p1a: Argentina|Flare Blitz|p2a: Ravager\n|-supereffective|p2a: Ravager\n|-damage|p2a: Ravager|0 fnt\n|-damage|p1a: Argentina|63\/100|[from] ability: Iron Barbs|[of] p2a: Ravager\n|-damage|p1a: Argentina|47\/100|[from] item: Rocky Helmet|[of] p2a: Ravager\n|faint|p2a: Ravager\n|-damage|p1a: Argentina|24\/100|[from] Recoil\n|\n|upkeep\n|inactive|Luario708 has 30 seconds left.\n|\n|t:|1698092031\n|switch|p2a: Goliath|Conkeldurr, M|68\/100\n|turn|20\n|\n|t:|1698092036\n|move|p2a: Goliath|Mach Punch|p1a: Argentina\n|-damage|p1a: Argentina|0 fnt\n|faint|p1a: Argentina\n|\n|upkeep\n|c| zSlowKiller|desactiven timer\n|c| zSlowKiller|asi bien rintintin\n|inactive|drakig has 150 seconds left.\n|l| BecauseWynaut777\n|\n|t:|1698092073\n|switch|p1a: Panza|Conkeldurr, F|88\/100\n|-damage|p1a: Panza|82\/100|[from] Stealth Rock\n|turn|21\n|c| ElBau1129|La musica le est\u00e1 dando poderes\n|\n|t:|1698092094\n|switch|p2a: Astrum Aureus|Galvantula, F, shiny|100\/100\n|move|p1a: Panza|Knock Off|p2a: Astrum Aureus\n|-enditem|p2a: Astrum Aureus|Focus Sash\n|-damage|p2a: Astrum Aureus|1\/100\n|\n|upkeep\n|turn|22\n|l| ElBau1129\n|j| ElBau1129\n|inactive|drakig has 120 seconds left.\n|\n|t:|1698092123\n|switch|p1a: H\u00fangaro|Samurott, F|100\/100\n|-damage|p1a: H\u00fangaro|94\/100|[from] Stealth Rock\n|move|p2a: Astrum Aureus|Thunder|p1a: H\u00fangaro\n|-supereffective|p1a: H\u00fangaro\n|-damage|p1a: H\u00fangaro|0 fnt\n|faint|p1a: H\u00fangaro\n|\n|upkeep\n|\n|t:|1698092129\n|switch|p1a: Panza|Conkeldurr, F|82\/100\n|-damage|p1a: Panza|76\/100|[from] Stealth Rock\n|turn|23\n|c|\u2606drakig|gg\n|\n|t:|1698092135\n|move|p2a: Astrum Aureus|Thunder|p1a: Panza\n|-damage|p1a: Panza|18\/100\n|-status|p1a: Panza|par\n|move|p1a: Panza|Knock Off|p2a: Astrum Aureus\n|-damage|p2a: Astrum Aureus|0 fnt\n|faint|p2a: Astrum Aureus\n|\n|upkeep\n|-message|drakig forfeited.\n|\n|win|Luario708\n|l|\u2606drakig\n|c| ElBau1129|otia\n|c| ElBau1129|gg\n|c|\u2606Luario708|gg\n|c| PatoPatito08|gg\n|l| zSlowKiller\n|l| PatoPatito08\n|c| ElBau1129|not bad Luario\n|l| ElBau1129\n|l| Litrowo\n|j| ElBau1129\n|l| ThiagoPrrah\n|j| zSlowKiller\n|l| ElBau1129\n|l| zSlowKiller\n|j| PatoPatito08\n","uploadtime":1698092192,"views":12,"p1id":"drakig","p2id":"luario708","formatid":"gen9anythinggoes","rating":0,"private":0,"password":""}