{"id":"radicalred-gen9anythinggoes-534831","p1":"shurick","p2":"alexshyness","format":"[Gen 9] Anything Goes","log":"|j|\u2606shurick\n|j|\u2606alexshyness\n|t:|1697850383\n|gametype|singles\n|player|p1|shurick|rr-zoruahisui|\n|player|p2|alexshyness|169|\n|teamsize|p1|6\n|teamsize|p2|6\n|gen|9\n|tier|[Gen 9] Anything Goes\n|rule|HP Percentage Mod: HP is shown in percentages\n|rule|Endless Battle Clause: Forcing endless battles is banned\n|rule|Sleep Clause Mod: Limit one foe put to sleep\n|clearpoke\n|poke|p1|Sigilyph, F|\n|poke|p1|Klinklang|\n|poke|p1|Krookodile, M|\n|poke|p1|Gigalith, M|\n|poke|p1|Alomomola, M|\n|poke|p1|Archeops, M|\n|poke|p2|Landorus, M|\n|poke|p2|Carracosta, F|\n|poke|p2|Liepard, M|\n|poke|p2|Cryogonal|\n|poke|p2|Conkeldurr, F|\n|poke|p2|Volcarona, F|\n|teampreview\n|\n|t:|1697850401\n|start\n|switch|p1a: Gigalith|Gigalith, M|100\/100\n|switch|p2a: Liepard|Liepard, M|100\/100\n|-weather|Sandstorm|[from] ability: Sand Stream|[of] p1a: Gigalith\n|turn|1\n|\n|t:|1697850431\n|move|p2a: Liepard|Fake Out|p1a: Gigalith\n|-resisted|p1a: Gigalith\n|-damage|p1a: Gigalith|96\/100\n|cant|p1a: Gigalith|flinch\n|\n|-weather|Sandstorm|[upkeep]\n|-damage|p2a: Liepard|95\/100|[from] Sandstorm\n|upkeep\n|turn|2\n|\n|t:|1697850439\n|move|p2a: Liepard|Thunder Wave|p1a: Gigalith\n|-status|p1a: Gigalith|par\n|move|p1a: Gigalith|Body Press|p2a: Liepard\n|-supereffective|p2a: Liepard\n|-damage|p2a: Liepard|0 fnt\n|faint|p2a: Liepard\n|\n|-weather|Sandstorm|[upkeep]\n|upkeep\n|\n|t:|1697850447\n|switch|p2a: Landorus|Landorus, M|100\/100\n|turn|3\n|\n|t:|1697850458\n|switch|p1a: Archeops|Archeops, M|100\/100\n|move|p2a: Landorus|Calm Mind|p2a: Landorus\n|-boost|p2a: Landorus|spa|1\n|-boost|p2a: Landorus|spd|1\n|\n|-weather|Sandstorm|[upkeep]\n|upkeep\n|turn|4\n|\n|t:|1697850467\n|move|p1a: Archeops|Acrobatics|p2a: Landorus\n|-enditem|p1a: Archeops|Flying Gem|[from] gem\n|-damage|p2a: Landorus|0 fnt\n|faint|p2a: Landorus\n|\n|-weather|Sandstorm|[upkeep]\n|upkeep\n|\n|t:|1697850474\n|switch|p2a: Carracosta|Carracosta, F|100\/100\n|turn|5\n|\n|t:|1697850480\n|switch|p1a: Alomomola|Alomomola, M|100\/100\n|move|p2a: Carracosta|Shell Smash|p2a: Carracosta\n|-unboost|p2a: Carracosta|def|1\n|-unboost|p2a: Carracosta|spd|1\n|-boost|p2a: Carracosta|atk|2\n|-boost|p2a: Carracosta|spa|2\n|-boost|p2a: Carracosta|spe|2\n|-enditem|p2a: Carracosta|White Herb\n|-clearnegativeboost|p2a: Carracosta|[silent]\n|\n|-weather|Sandstorm|[upkeep]\n|-damage|p1a: Alomomola|94\/100|[from] Sandstorm\n|upkeep\n|turn|6\n|\n|t:|1697850492\n|move|p2a: Carracosta|Earthquake|p1a: Alomomola\n|-damage|p1a: Alomomola|63\/100\n|move|p1a: Alomomola|Scald|p2a: Carracosta\n|-damage|p2a: Carracosta|86\/100\n|\n|-weather|Sandstorm|[upkeep]\n|-damage|p1a: Alomomola|57\/100|[from] Sandstorm\n|upkeep\n|turn|7\n|\n|t:|1697850500\n|move|p2a: Carracosta|Rock Slide|p1a: Alomomola\n|-damage|p1a: Alomomola|21\/100\n|move|p1a: Alomomola|Wish|p1a: Alomomola\n|\n|-weather|Sandstorm|[upkeep]\n|-damage|p1a: Alomomola|15\/100|[from] Sandstorm\n|upkeep\n|turn|8\n|\n|t:|1697850507\n|move|p1a: Alomomola|Protect|p1a: Alomomola\n|-singleturn|p1a: Alomomola|Protect\n|move|p2a: Carracosta|Rock Slide|p1a: Alomomola\n|-activate|p1a: Alomomola|move: Protect\n|\n|-weather|none\n|-heal|p1a: Alomomola|65\/100|[from] move: Wish|[wisher] Alomomola\n|upkeep\n|turn|9\n|\n|t:|1697850515\n|move|p2a: Carracosta|Rock Slide|p1a: Alomomola\n|-damage|p1a: Alomomola|26\/100\n|move|p1a: Alomomola|Wish|p1a: Alomomola\n|\n|upkeep\n|turn|10\n|\n|t:|1697850521\n|move|p1a: Alomomola|Protect|p1a: Alomomola\n|-singleturn|p1a: Alomomola|Protect\n|move|p2a: Carracosta|Rock Slide|p1a: Alomomola\n|-activate|p1a: Alomomola|move: Protect\n|\n|-heal|p1a: Alomomola|76\/100|[from] move: Wish|[wisher] Alomomola\n|upkeep\n|turn|11\n|\n|t:|1697850529\n|move|p2a: Carracosta|Rock Slide|p1a: Alomomola\n|-damage|p1a: Alomomola|41\/100\n|move|p1a: Alomomola|Scald|p2a: Carracosta\n|-crit|p2a: Carracosta\n|-damage|p2a: Carracosta|56\/100\n|\n|upkeep\n|turn|12\n|\n|t:|1697850536\n|move|p1a: Alomomola|Protect|p1a: Alomomola\n|-singleturn|p1a: Alomomola|Protect\n|move|p2a: Carracosta|Rock Slide|p1a: Alomomola\n|-activate|p1a: Alomomola|move: Protect\n|\n|upkeep\n|turn|13\n|\n|t:|1697850542\n|move|p2a: Carracosta|Rock Slide|p1a: Alomomola\n|-damage|p1a: Alomomola|5\/100\n|move|p1a: Alomomola|Wish|p1a: Alomomola\n|\n|upkeep\n|turn|14\n|\n|t:|1697850548\n|move|p2a: Carracosta|Shell Smash|p2a: Carracosta\n|-unboost|p2a: Carracosta|def|1\n|-unboost|p2a: Carracosta|spd|1\n|-boost|p2a: Carracosta|atk|2\n|-boost|p2a: Carracosta|spa|2\n|-boost|p2a: Carracosta|spe|2\n|move|p1a: Alomomola|Scald|p2a: Carracosta\n|-damage|p2a: Carracosta|27\/100\n|-status|p2a: Carracosta|brn\n|\n|-heal|p1a: Alomomola|55\/100|[from] move: Wish|[wisher] Alomomola\n|-damage|p2a: Carracosta|21\/100 brn|[from] brn\n|upkeep\n|turn|15\n|\n|t:|1697850563\n|move|p2a: Carracosta|Rock Slide|p1a: Alomomola\n|-damage|p1a: Alomomola|25\/100\n|move|p1a: Alomomola|Wish|p1a: Alomomola\n|\n|-damage|p2a: Carracosta|14\/100 brn|[from] brn\n|upkeep\n|turn|16\n|\n|t:|1697850569\n|move|p1a: Alomomola|Protect|p1a: Alomomola\n|-singleturn|p1a: Alomomola|Protect\n|move|p2a: Carracosta|Rock Slide|p1a: Alomomola\n|-activate|p1a: Alomomola|move: Protect\n|\n|-heal|p1a: Alomomola|75\/100|[from] move: Wish|[wisher] Alomomola\n|-damage|p2a: Carracosta|8\/100 brn|[from] brn\n|upkeep\n|turn|17\n|\n|t:|1697850577\n|move|p2a: Carracosta|Rock Slide|p1a: Alomomola\n|-damage|p1a: Alomomola|48\/100\n|cant|p1a: Alomomola|flinch\n|\n|-damage|p2a: Carracosta|2\/100 brn|[from] brn\n|upkeep\n|turn|18\n|\n|t:|1697850585\n|move|p2a: Carracosta|Rock Slide|p1a: Alomomola\n|-damage|p1a: Alomomola|22\/100\n|move|p1a: Alomomola|Wish|p1a: Alomomola\n|\n|-damage|p2a: Carracosta|0 fnt|[from] brn\n|faint|p2a: Carracosta\n|upkeep\n|\n|t:|1697850593\n|switch|p2a: Volcarona|Volcarona, F|100\/100\n|turn|19\n|\n|t:|1697850611\n|switch|p1a: Krookodile|Krookodile, M|100\/100\n|move|p2a: Volcarona|Quiver Dance|p2a: Volcarona\n|-boost|p2a: Volcarona|spa|1\n|-boost|p2a: Volcarona|spd|1\n|-boost|p2a: Volcarona|spe|1\n|\n|upkeep\n|turn|20\n|\n|t:|1697850618\n|move|p2a: Volcarona|Bug Buzz|p1a: Krookodile\n|-supereffective|p1a: Krookodile\n|-damage|p1a: Krookodile|0 fnt\n|faint|p1a: Krookodile\n|\n|upkeep\n|\n|t:|1697850628\n|switch|p1a: Gigalith|Gigalith, M|96\/100 par\n|-weather|Sandstorm|[from] ability: Sand Stream|[of] p1a: Gigalith\n|turn|21\n|\n|t:|1697850632\n|move|p2a: Volcarona|Giga Drain|p1a: Gigalith\n|-supereffective|p1a: Gigalith\n|-damage|p1a: Gigalith|55\/100 par\n|cant|p1a: Gigalith|par\n|\n|-weather|Sandstorm|[upkeep]\n|-damage|p2a: Volcarona|94\/100|[from] Sandstorm\n|upkeep\n|turn|22\n|\n|t:|1697850642\n|switch|p2a: Conkeldurr|Conkeldurr, F|100\/100\n|cant|p1a: Gigalith|par\n|\n|-weather|Sandstorm|[upkeep]\n|-damage|p2a: Conkeldurr|94\/100|[from] Sandstorm\n|-status|p2a: Conkeldurr|brn|[from] item: Flame Orb\n|upkeep\n|turn|23\n|\n|t:|1697850650\n|move|p2a: Conkeldurr|Drain Punch|p1a: Gigalith\n|-supereffective|p1a: Gigalith\n|-damage|p1a: Gigalith|0 fnt\n|-heal|p2a: Conkeldurr|100\/100 brn|[from] drain|[of] p1a: Gigalith\n|faint|p1a: Gigalith\n|\n|-weather|Sandstorm|[upkeep]\n|-damage|p2a: Conkeldurr|94\/100 brn|[from] Sandstorm\n|-damage|p2a: Conkeldurr|88\/100 brn|[from] brn\n|upkeep\n|\n|t:|1697850657\n|switch|p1a: Archeops|Archeops, M|100\/100\n|turn|24\n|\n|t:|1697850662\n|move|p2a: Conkeldurr|Protect|p2a: Conkeldurr\n|-singleturn|p2a: Conkeldurr|Protect\n|move|p1a: Archeops|Acrobatics|p2a: Conkeldurr\n|-activate|p2a: Conkeldurr|move: Protect\n|\n|-weather|Sandstorm|[upkeep]\n|-damage|p2a: Conkeldurr|82\/100 brn|[from] Sandstorm\n|-damage|p2a: Conkeldurr|76\/100 brn|[from] brn\n|upkeep\n|turn|25\n|\n|t:|1697850672\n|move|p1a: Archeops|Acrobatics|p2a: Conkeldurr\n|-supereffective|p2a: Conkeldurr\n|-damage|p2a: Conkeldurr|0 fnt\n|faint|p2a: Conkeldurr\n|\n|-weather|Sandstorm|[upkeep]\n|upkeep\n|\n|t:|1697850677\n|switch|p2a: Cryogonal|Cryogonal|100\/100\n|turn|26\n|\n|t:|1697850682\n|move|p1a: Archeops|Acrobatics|p2a: Cryogonal\n|-damage|p2a: Cryogonal|15\/100\n|move|p2a: Cryogonal|Reflect|p2a: Cryogonal\n|-sidestart|p2: alexshyness|Reflect\n|\n|-weather|Sandstorm|[upkeep]\n|-damage|p2a: Cryogonal|9\/100|[from] Sandstorm\n|upkeep\n|turn|27\n|\n|t:|1697850690\n|move|p1a: Archeops|Acrobatics|p2a: Cryogonal\n|-damage|p2a: Cryogonal|0 fnt\n|faint|p2a: Cryogonal\n|\n|-weather|Sandstorm|[upkeep]\n|upkeep\n|\n|t:|1697850695\n|switch|p2a: Volcarona|Volcarona, F|94\/100\n|turn|28\n|\n|t:|1697850703\n|move|p1a: Archeops|Rock Slide|p2a: Volcarona\n|-supereffective|p2a: Volcarona\n|-damage|p2a: Volcarona|0 fnt\n|faint|p2a: Volcarona\n|\n|win|shurick\n|c|\u2606shurick|gg\n|c|\u2606alexshyness|gg\n","uploadtime":1697850709,"views":7,"p1id":"shurick","p2id":"alexshyness","formatid":"gen9anythinggoes","rating":0,"private":0,"password":""}