{"id":"radicalred-gen9anythinggoes-538651","p1":"Litrowo","p2":"00Coosm0","format":"[Gen 9] Anything Goes","log":"|j|\u2606Litrowo\n|j|\u260600Coosm0\n|t:|1698445286\n|gametype|singles\n|player|p1|Litrowo|rr-infernape|\n|player|p2|00Coosm0|rr-deoxys|\n|teamsize|p1|6\n|teamsize|p2|6\n|gen|9\n|tier|[Gen 9] Anything Goes\n|rule|HP Percentage Mod: HP is shown in percentages\n|rule|Endless Battle Clause: Forcing endless battles is banned\n|rule|Sleep Clause Mod: Limit one foe put to sleep\n|clearpoke\n|poke|p1|Hydreigon, M|\n|poke|p1|Keldeo-Resolute|\n|poke|p1|Ferrothorn, M|\n|poke|p1|Volcarona, F|\n|poke|p1|Gigalith, F|\n|poke|p1|Galvantula, F|\n|poke|p2|Ferrothorn, F|\n|poke|p2|Cinccino, F|\n|poke|p2|Jellicent, F|\n|poke|p2|Zoroark, F|\n|poke|p2|Darmanitan, F|\n|poke|p2|Keldeo-Resolute|\n|teampreview\n|j| zSlowKiller\n|j| PatoPatito08\n|\n|t:|1698445315\n|start\n|switch|p1a: Asiento Parking|Galvantula, F, shiny|100\/100\n|switch|p2a: Cinccino|Cinccino, F|100\/100\n|turn|1\n|\n|t:|1698445323\n|switch|p1a: Teja|Ferrothorn, M|100\/100\n|move|p2a: Cinccino|Rock Blast|p1a: Teja\n|-resisted|p1a: Teja\n|-damage|p1a: Teja|98\/100\n|-resisted|p1a: Teja\n|-damage|p1a: Teja|95\/100\n|-resisted|p1a: Teja\n|-damage|p1a: Teja|92\/100\n|-resisted|p1a: Teja\n|-damage|p1a: Teja|89\/100\n|-hitcount|p1a: Teja|4\n|\n|upkeep\n|turn|2\n|\n|t:|1698445394\n|switch|p2a: Darmanitan|Darmanitan, F|100\/100\n|move|p1a: Teja|Leech Seed|p2a: Darmanitan\n|-start|p2a: Darmanitan|move: Leech Seed\n|\n|-damage|p2a: Darmanitan|88\/100|[from] Leech Seed|[of] p1a: Teja\n|-heal|p1a: Teja|100\/100|[silent]\n|upkeep\n|turn|3\n|\n|t:|1698445401\n|move|p1a: Teja|Protect|p1a: Teja\n|-singleturn|p1a: Teja|Protect\n|move|p2a: Darmanitan|U-turn|p1a: Teja\n|-activate|p1a: Teja|move: Protect\n|\n|-damage|p2a: Darmanitan|75\/100|[from] Leech Seed|[of] p1a: Teja\n|upkeep\n|turn|4\n|\n|t:|1698445443\n|switch|p2a: Cinccino|Cinccino, F|100\/100\n|move|p1a: Teja|Leech Seed|p2a: Cinccino\n|-start|p2a: Cinccino|move: Leech Seed\n|\n|-damage|p2a: Cinccino|88\/100|[from] Leech Seed|[of] p1a: Teja\n|upkeep\n|turn|5\n|j| Einstein_pickleton\n|\n|t:|1698445455\n|switch|p2a: Keldeo|Keldeo-Resolute|100\/100\n|move|p1a: Teja|Gyro Ball|p2a: Keldeo\n|-resisted|p2a: Keldeo\n|-crit|p2a: Keldeo\n|-damage|p2a: Keldeo|59\/100\n|\n|upkeep\n|turn|6\n|\n|t:|1698445466\n|move|p1a: Teja|Protect|p1a: Teja\n|-singleturn|p1a: Teja|Protect\n|move|p2a: Keldeo|Secret Sword|p1a: Teja\n|-activate|p1a: Teja|move: Protect\n|\n|upkeep\n|turn|7\n|c| zSlowKiller|Einstein_pickleton\n|c| zSlowKiller|SOY FAN\n|c| Einstein_pickleton|Hello kiddos\n|c| PatoPatito08|Einstein_pickleton i'm fann\n|\n|t:|1698445497\n|switch|p1a: Especular|Volcarona, F|100\/100\n|move|p2a: Keldeo|Secret Sword|p1a: Especular\n|-resisted|p1a: Especular\n|-damage|p1a: Especular|50\/100\n|\n|upkeep\n|turn|8\n|\n|t:|1698445519\n|move|p2a: Keldeo|Air Slash|p1a: Especular\n|-supereffective|p1a: Especular\n|-damage|p1a: Especular|0 fnt\n|faint|p1a: Especular\n|\n|upkeep\n|\n|t:|1698445524\n|switch|p1a: Asiento Parking|Galvantula, F, shiny|100\/100\n|turn|9\n|\n|t:|1698445530\n|move|p2a: Keldeo|Air Slash|p1a: Asiento Parking\n|-damage|p1a: Asiento Parking|32\/100\n|move|p1a: Asiento Parking|Sticky Web|p2a: Keldeo\n|-sidestart|p2: 00Coosm0|move: Sticky Web\n|\n|upkeep\n|turn|10\n|\n|t:|1698445539\n|move|p2a: Keldeo|Air Slash|p1a: Asiento Parking\n|-damage|p1a: Asiento Parking|0 fnt\n|faint|p1a: Asiento Parking\n|\n|upkeep\n|\n|t:|1698445547\n|switch|p1a: Abrelatas|Keldeo-Resolute|100\/100\n|turn|11\n|\n|t:|1698445577\n|switch|p2a: Jellicent|Jellicent, F|100\/100\n|-activate|p2a: Jellicent|move: Sticky Web\n|-unboost|p2a: Jellicent|spe|1\n|move|p1a: Abrelatas|Secret Sword|p2a: Jellicent\n|-immune|p2a: Jellicent\n|\n|upkeep\n|turn|12\n|\n|t:|1698445601\n|switch|p2a: Darmanitan|Darmanitan, F|100\/100\n|-activate|p2a: Darmanitan|move: Sticky Web\n|-unboost|p2a: Darmanitan|spe|1\n|move|p1a: Abrelatas|Calm Mind|p1a: Abrelatas\n|-boost|p1a: Abrelatas|spa|1\n|-boost|p1a: Abrelatas|spd|1\n|\n|upkeep\n|turn|13\n|\n|t:|1698445687\n|move|p1a: Abrelatas|Secret Sword|p2a: Darmanitan\n|-supereffective|p2a: Darmanitan\n|-damage|p2a: Darmanitan|0 fnt\n|replace|p2a: Zoroark|Zoroark, F\n|-end|p2a: Zoroark|Illusion\n|faint|p2a: Zoroark\n|-damage|p1a: Abrelatas|91\/100|[from] item: Life Orb\n|\n|upkeep\n|\n|t:|1698445696\n|switch|p2a: Jellicent|Jellicent, F|100\/100\n|-activate|p2a: Jellicent|move: Sticky Web\n|-unboost|p2a: Jellicent|spe|1\n|turn|14\n|\n|t:|1698445737\n|move|p1a: Abrelatas|Air Slash|p2a: Jellicent\n|-damage|p2a: Jellicent|57\/100\n|-damage|p1a: Abrelatas|81\/100|[from] item: Life Orb\n|move|p2a: Jellicent|Dazzling Gleam|p1a: Abrelatas\n|-supereffective|p1a: Abrelatas\n|-crit|p1a: Abrelatas\n|-damage|p1a: Abrelatas|32\/100\n|\n|-heal|p2a: Jellicent|63\/100|[from] item: Leftovers\n|upkeep\n|turn|15\n|\n|t:|1698445768\n|switch|p1a: Teja|Ferrothorn, M|100\/100\n|move|p2a: Jellicent|Strength Sap|p1a: Teja\n|-unboost|p1a: Teja|atk|1\n|-heal|p2a: Jellicent|100\/100\n|\n|upkeep\n|turn|16\n|\n|t:|1698445774\n|switch|p2a: Ferrothorn|Ferrothorn, F|100\/100\n|-activate|p2a: Ferrothorn|move: Sticky Web\n|-unboost|p2a: Ferrothorn|spe|1\n|move|p1a: Teja|Leech Seed|p2a: Ferrothorn\n|-immune|p2a: Ferrothorn\n|\n|upkeep\n|turn|17\n|\n|t:|1698445785\n|move|p1a: Teja|Protect|p1a: Teja\n|-singleturn|p1a: Teja|Protect\n|move|p2a: Ferrothorn|Leech Seed|p1a: Teja\n|-activate|p1a: Teja|move: Protect\n|\n|upkeep\n|turn|18\n|\n|t:|1698445792\n|move|p1a: Teja|Leech Seed|p2a: Ferrothorn\n|-immune|p2a: Ferrothorn\n|move|p2a: Ferrothorn|Leech Seed|p1a: Teja\n|-immune|p1a: Teja\n|\n|upkeep\n|turn|19\n|\n|t:|1698445798\n|move|p1a: Teja|Gyro Ball|p2a: Ferrothorn\n|-resisted|p2a: Ferrothorn\n|-damage|p2a: Ferrothorn|99\/100\n|-damage|p1a: Teja|88\/100|[from] ability: Iron Barbs|[of] p2a: Ferrothorn\n|-damage|p1a: Teja|72\/100|[from] item: Rocky Helmet|[of] p2a: Ferrothorn\n|move|p2a: Ferrothorn|Leech Seed|p1a: Teja\n|-immune|p1a: Teja\n|\n|upkeep\n|turn|20\n|\n|t:|1698445806\n|move|p1a: Teja|Protect|p1a: Teja\n|-singleturn|p1a: Teja|Protect\n|move|p2a: Ferrothorn|Leech Seed|p1a: Teja\n|-activate|p1a: Teja|move: Protect\n|\n|upkeep\n|turn|21\n|j| ANDWQ\n|c| zSlowKiller|eselbucleinfinito\n|\n|t:|1698445813\n|move|p1a: Teja|Leech Seed|p2a: Ferrothorn\n|-immune|p2a: Ferrothorn\n|move|p2a: Ferrothorn|Leech Seed|p1a: Teja\n|-immune|p1a: Teja\n|\n|upkeep\n|turn|22\n|\n|t:|1698445819\n|move|p2a: Ferrothorn|Protect|p2a: Ferrothorn\n|-singleturn|p2a: Ferrothorn|Protect\n|move|p1a: Teja|Leech Seed|p2a: Ferrothorn\n|-activate|p2a: Ferrothorn|move: Protect\n|\n|upkeep\n|turn|23\n|c| zSlowKiller|hastas que se queden sin pps\n|c| PatoPatito08|esto es como el episodio del anime de la batalla de metapods haciendo harden\n|\n|t:|1698445841\n|move|p1a: Teja|Leech Seed|p2a: Ferrothorn\n|-immune|p2a: Ferrothorn\n|move|p2a: Ferrothorn|Body Press|p1a: Teja\n|-supereffective|p1a: Teja\n|-crit|p1a: Teja\n|-damage|p1a: Teja|22\/100\n|-damage|p2a: Ferrothorn|87\/100|[from] ability: Iron Barbs|[of] p1a: Teja\n|-damage|p2a: Ferrothorn|70\/100|[from] item: Rocky Helmet|[of] p1a: Teja\n|\n|upkeep\n|turn|24\n|c| zSlowKiller|PATO\n|c| zSlowKiller|ENFERMO\n|c| PatoPatito08|xq\n|c| zSlowKiller|COMO TE SABES LOS CAPITULO\n|c| zSlowKiller|{DSD}ASD}SA}DS\n|c| PatoPatito08|JASJDJASDJSAD\n|\n|t:|1698445855\n|move|p1a: Teja|Protect|p1a: Teja\n|-singleturn|p1a: Teja|Protect\n|move|p2a: Ferrothorn|Leech Seed|p1a: Teja\n|-activate|p1a: Teja|move: Protect\n|\n|upkeep\n|turn|25\n|l| ANDWQ\n|\n|t:|1698445891\n|move|p1a: Teja|Body Press|p2a: Ferrothorn\n|-supereffective|p2a: Ferrothorn\n|-damage|p2a: Ferrothorn|34\/100\n|-damage|p1a: Teja|10\/100|[from] ability: Iron Barbs|[of] p2a: Ferrothorn\n|-damage|p1a: Teja|0 fnt|[from] item: Rocky Helmet|[of] p2a: Ferrothorn\n|faint|p1a: Teja\n|move|p2a: Ferrothorn|Leech Seed|p1: Teja|[notarget]\n|-fail|p2a: Ferrothorn\n|\n|upkeep\n|c| zSlowKiller|en el episodio 5891 del anime ferrothorn utiliza flamethrower para vencer a su enemigo giratina \n|\n|t:|1698445903\n|switch|p1a: Pulga Demonio|Hydreigon, M|100\/100\n|turn|26\n|\n|t:|1698445909\n|move|p2a: Ferrothorn|Protect|p2a: Ferrothorn\n|-singleturn|p2a: Ferrothorn|Protect\n|move|p1a: Pulga Demonio|Dark Hole|p2a: Ferrothorn\n|-activate|p2a: Ferrothorn|move: Protect\n|\n|upkeep\n|turn|27\n|\n|t:|1698445918\n|move|p2a: Ferrothorn|Protect|p2a: Ferrothorn\n|-singleturn|p2a: Ferrothorn|Protect\n|move|p1a: Pulga Demonio|Dark Hole|p2a: Ferrothorn\n|-activate|p2a: Ferrothorn|move: Protect\n|\n|upkeep\n|turn|28\n|c| zSlowKiller|DOBLE PROTE\n|c| zSlowKiller|NANANA\n|c| zSlowKiller|INCREIBLE\n|\n|t:|1698445923\n|move|p2a: Ferrothorn|Protect||[still]\n|-fail|p2a: Ferrothorn\n|move|p1a: Pulga Demonio|Dark Hole|p2a: Ferrothorn\n|-damage|p2a: Ferrothorn|0 fnt\n|faint|p2a: Ferrothorn\n|\n|upkeep\n|c| zSlowKiller|fua\n|c| zSlowKiller|la triple\n|c|\u2606Litrowo|casi\n|c| PatoPatito08|casi\n|l| Einstein_pickleton\n|c| zSlowKiller|es el tilin infinito\n|\n|t:|1698445952\n|switch|p2a: Keldeo|Keldeo-Resolute|59\/100\n|-activate|p2a: Keldeo|move: Sticky Web\n|-unboost|p2a: Keldeo|spe|1\n|turn|29\n|\n|t:|1698445956\n|move|p1a: Pulga Demonio|Dark Hole|p2a: Keldeo\n|-resisted|p2a: Keldeo\n|-damage|p2a: Keldeo|28\/100\n|move|p2a: Keldeo|Secret Sword|p1a: Pulga Demonio\n|-supereffective|p1a: Pulga Demonio\n|-damage|p1a: Pulga Demonio|0 fnt\n|faint|p1a: Pulga Demonio\n|\n|upkeep\n|\n|t:|1698445961\n|switch|p1a: Abrelatas|Keldeo-Resolute|32\/100\n|turn|30\n|\n|t:|1698445965\n|switch|p2a: Jellicent|Jellicent, F|100\/100\n|-activate|p2a: Jellicent|move: Sticky Web\n|-unboost|p2a: Jellicent|spe|1\n|move|p1a: Abrelatas|Air Slash|p2a: Jellicent\n|-damage|p2a: Jellicent|73\/100\n|-damage|p1a: Abrelatas|22\/100|[from] item: Life Orb\n|\n|-heal|p2a: Jellicent|79\/100|[from] item: Leftovers\n|upkeep\n|turn|31\n|\n|t:|1698445971\n|move|p1a: Abrelatas|Air Slash|p2a: Jellicent\n|-damage|p2a: Jellicent|47\/100\n|-damage|p1a: Abrelatas|12\/100|[from] item: Life Orb\n|move|p2a: Jellicent|Strength Sap|p1a: Abrelatas\n|-unboost|p1a: Abrelatas|atk|1\n|-heal|p2a: Jellicent|80\/100\n|\n|-heal|p2a: Jellicent|86\/100|[from] item: Leftovers\n|upkeep\n|turn|32\n|\n|t:|1698445977\n|move|p1a: Abrelatas|Air Slash|p2a: Jellicent\n|-damage|p2a: Jellicent|57\/100\n|-damage|p1a: Abrelatas|2\/100|[from] item: Life Orb\n|cant|p2a: Jellicent|flinch\n|\n|-heal|p2a: Jellicent|63\/100|[from] item: Leftovers\n|upkeep\n|turn|33\n|c| PatoPatito08|gigalith contra el mundo\n|\n|t:|1698446003\n|switch|p2a: Keldeo|Keldeo-Resolute|28\/100\n|-activate|p2a: Keldeo|move: Sticky Web\n|-unboost|p2a: Keldeo|spe|1\n|move|p1a: Abrelatas|Calm Mind|p1a: Abrelatas\n|-boost|p1a: Abrelatas|spa|1\n|-boost|p1a: Abrelatas|spd|1\n|\n|upkeep\n|turn|34\n|\n|t:|1698446010\n|move|p1a: Abrelatas|Air Slash|p2a: Keldeo\n|-supereffective|p2a: Keldeo\n|-damage|p2a: Keldeo|0 fnt\n|faint|p2a: Keldeo\n|-damage|p1a: Abrelatas|0 fnt|[from] item: Life Orb\n|faint|p1a: Abrelatas\n|\n|upkeep\n|\n|t:|1698446013\n|switch|p1a: Laringe|Gigalith, F|100\/100\n|switch|p2a: Jellicent|Jellicent, F|63\/100\n|-activate|p2a: Jellicent|move: Sticky Web\n|-unboost|p2a: Jellicent|spe|1\n|-weather|Sandstorm|[from] ability: Sand Stream|[of] p1a: Laringe\n|turn|35\n|\n|t:|1698446021\n|move|p1a: Laringe|Protect|p1a: Laringe\n|-singleturn|p1a: Laringe|Protect\n|move|p2a: Jellicent|Water Spout|p1a: Laringe\n|-activate|p1a: Laringe|move: Protect\n|\n|-weather|Sandstorm|[upkeep]\n|-damage|p2a: Jellicent|57\/100|[from] Sandstorm\n|-heal|p2a: Jellicent|63\/100|[from] item: Leftovers\n|upkeep\n|turn|36\n|c| PatoPatito08|yo creo que es gigalith sweep\n|\n|t:|1698446036\n|move|p2a: Jellicent|Water Spout|p1a: Laringe\n|-supereffective|p1a: Laringe\n|-damage|p1a: Laringe|48\/100\n|move|p1a: Laringe|Stone Edge|p2a: Jellicent\n|-damage|p2a: Jellicent|15\/100\n|\n|-weather|Sandstorm|[upkeep]\n|-damage|p2a: Jellicent|9\/100|[from] Sandstorm\n|-heal|p2a: Jellicent|15\/100|[from] item: Leftovers\n|-heal|p1a: Laringe|54\/100|[from] item: Leftovers\n|upkeep\n|turn|37\n|c| PatoPatito08|litro\n|c| PatoPatito08|hacete dragon dance\n|\n|t:|1698446047\n|move|p1a: Laringe|Protect|p1a: Laringe\n|-singleturn|p1a: Laringe|Protect\n|move|p2a: Jellicent|Strength Sap|p1a: Laringe\n|-activate|p1a: Laringe|move: Protect\n|\n|-weather|Sandstorm|[upkeep]\n|-damage|p2a: Jellicent|9\/100|[from] Sandstorm\n|-heal|p2a: Jellicent|15\/100|[from] item: Leftovers\n|-heal|p1a: Laringe|60\/100|[from] item: Leftovers\n|upkeep\n|turn|38\n|c| zSlowKiller|EY\n|c| zSlowKiller|NO COACHS\n|c| zSlowKiller|NO COACHS\n|c| PatoPatito08|perdon\n|c| zSlowKiller|ESO ESTA MAL\n|c| PatoPatito08|me emocione\n|\n|t:|1698446057\n|move|p2a: Jellicent|Strength Sap|p1a: Laringe\n|-unboost|p1a: Laringe|atk|1\n|-heal|p2a: Jellicent|91\/100\n|move|p1a: Laringe|Stone Edge|p2a: Jellicent\n|-damage|p2a: Jellicent|60\/100\n|\n|-weather|Sandstorm|[upkeep]\n|-damage|p2a: Jellicent|54\/100|[from] Sandstorm\n|-heal|p2a: Jellicent|60\/100|[from] item: Leftovers\n|-heal|p1a: Laringe|66\/100|[from] item: Leftovers\n|upkeep\n|turn|39\n|c| zSlowKiller|TE  VAN A BANEAR\n|c| zSlowKiller|DEL TORTNEO\n|\n|t:|1698446067\n|move|p1a: Laringe|Protect|p1a: Laringe\n|-singleturn|p1a: Laringe|Protect\n|move|p2a: Jellicent|Water Spout|p1a: Laringe\n|-activate|p1a: Laringe|move: Protect\n|\n|-weather|none\n|-heal|p2a: Jellicent|67\/100|[from] item: Leftovers\n|-heal|p1a: Laringe|72\/100|[from] item: Leftovers\n|upkeep\n|turn|40\n|\n|t:|1698446075\n|move|p2a: Jellicent|Water Spout|p1a: Laringe\n|-supereffective|p1a: Laringe\n|-damage|p1a: Laringe|0 fnt\n|faint|p1a: Laringe\n|\n|win|00Coosm0\n|c|\u260600Coosm0|gg\n|c|\u2606Litrowo|gg\u00e7\n","uploadtime":1698446082,"views":6,"p1id":"litrowo","p2id":"00coosm0","formatid":"gen9anythinggoes","rating":0,"private":0,"password":""}