{"id":"radicalred-gen9anythinggoes-540268","p1":"Combatant Urshifu","p2":"Mr cyphon","format":"[Gen 9] Anything Goes","log":"|j|\u2606Combatant Urshifu\n|j|\u2606Mr cyphon\n|t:|1698756147\n|gametype|singles\n|player|p1|Combatant Urshifu|rr-urshifurapid|\n|player|p2|Mr cyphon|rr-beedrillmega|\n|teamsize|p1|6\n|teamsize|p2|6\n|gen|9\n|tier|[Gen 9] Anything Goes\n|rule|HP Percentage Mod: HP is shown in percentages\n|rule|Endless Battle Clause: Forcing endless battles is banned\n|clearpoke\n|poke|p1|Meowstic, M|\n|poke|p1|Avalugg, F|\n|poke|p1|Kabutops, F|\n|poke|p1|Silvally-*|\n|poke|p1|Silvally-*|\n|poke|p1|Barraskewda, M|\n|poke|p2|Volbeat, M|\n|poke|p2|Kabutops, F|\n|poke|p2|Poliwrath, M|\n|poke|p2|Goodra, F|\n|poke|p2|Golduck, F|\n|poke|p2|Gogoat, M|\n|teampreview\n|j| FUWAWA~ABYSSGARD\n|c|\u2606Mr cyphon|also, we have to play in OU btw\n|c|\u2606Mr cyphon|sorry if i didn't mention that\n|c|\u2606Combatant Urshifu|oh\n|c| FUWAWA~ABYSSGARD|double silvally is definitely not legal\n|c|\u2606Mr cyphon|hf\n|j| teri_maa ka bsda\n|\n|t:|1698756185\n|start\n|switch|p1a: Meowstic|Meowstic, M|100\/100\n|switch|p2a: Kabutops|Kabutops, F|100\/100\n|turn|1\n|\n|t:|1698756189\n|move|p1a: Meowstic|Reflect|p1a: Meowstic\n|-sidestart|p1: Combatant Urshifu|Reflect\n|move|p2a: Kabutops|Swords Dance|p2a: Kabutops\n|-boost|p2a: Kabutops|atk|2\n|\n|upkeep\n|turn|2\n|\n|t:|1698756196\n|switch|p1a: Silvally|Silvally-Grass|100\/100\n|move|p2a: Kabutops|Swords Dance|p2a: Kabutops\n|-boost|p2a: Kabutops|atk|2\n|\n|upkeep\n|turn|3\n|c| FUWAWA~ABYSSGARD|Combatant Urshifu, your team is illegal. It has 2 silvally's\n|c|\u2606Combatant Urshifu|w\/e\n|\n|t:|1698756246\n|switch|p2a: Gogoat|Gogoat, M|100\/100\n|move|p1a: Silvally|Multi-Attack|p2a: Gogoat\n|-ability|p2a: Gogoat|Sap Sipper|boost\n|-boost|p2a: Gogoat|atk|1\n|\n|upkeep\n|turn|4\n|\n|t:|1698756256\n|move|p1a: Silvally|Parting Shot|p2a: Gogoat\n|-unboost|p2a: Gogoat|atk|1\n|-unboost|p2a: Gogoat|spa|1\n|\n|t:|1698756261\n|switch|p1a: Avalugg|Avalugg, F|100\/100|[from] Parting Shot\n|move|p2a: Gogoat|Earthquake|p1a: Avalugg\n|-damage|p1a: Avalugg|95\/100\n|\n|upkeep\n|turn|5\n|\n|t:|1698756285\n|move|p2a: Gogoat|Leech Seed|p1a: Avalugg\n|-start|p1a: Avalugg|move: Leech Seed\n|move|p1a: Avalugg|Iron Defense|p1a: Avalugg\n|-boost|p1a: Avalugg|def|2\n|\n|-damage|p1a: Avalugg|82\/100|[from] Leech Seed|[of] p2a: Gogoat\n|-sideend|p1: Combatant Urshifu|Reflect\n|upkeep\n|turn|6\n|\n|t:|1698756288\n|move|p2a: Gogoat|Horn Leech|p1a: Avalugg\n|-damage|p1a: Avalugg|75\/100\n|-damage|p2a: Gogoat|84\/100|[from] item: Rocky Helmet|[of] p1a: Avalugg\n|move|p1a: Avalugg|Body Press|p2a: Gogoat\n|-damage|p2a: Gogoat|16\/100\n|\n|-heal|p2a: Gogoat|22\/100|[from] item: Leftovers\n|-damage|p1a: Avalugg|63\/100|[from] Leech Seed|[of] p2a: Gogoat\n|-heal|p2a: Gogoat|33\/100|[silent]\n|upkeep\n|turn|7\n|\n|t:|1698756293\n|move|p2a: Gogoat|Milk Drink|p2a: Gogoat\n|-heal|p2a: Gogoat|83\/100\n|move|p1a: Avalugg|Body Press|p2a: Gogoat\n|-damage|p2a: Gogoat|21\/100\n|\n|-heal|p2a: Gogoat|27\/100|[from] item: Leftovers\n|-damage|p1a: Avalugg|50\/100|[from] Leech Seed|[of] p2a: Gogoat\n|-heal|p2a: Gogoat|38\/100|[silent]\n|upkeep\n|turn|8\n|\n|t:|1698756296\n|move|p2a: Gogoat|Milk Drink|p2a: Gogoat\n|-heal|p2a: Gogoat|88\/100\n|move|p1a: Avalugg|Recover|p1a: Avalugg\n|-heal|p1a: Avalugg|100\/100\n|\n|-heal|p2a: Gogoat|94\/100|[from] item: Leftovers\n|-damage|p1a: Avalugg|88\/100|[from] Leech Seed|[of] p2a: Gogoat\n|-heal|p2a: Gogoat|100\/100|[silent]\n|upkeep\n|turn|9\n|\n|t:|1698756300\n|move|p2a: Gogoat|Horn Leech|p1a: Avalugg\n|-damage|p1a: Avalugg|81\/100\n|-damage|p2a: Gogoat|84\/100|[from] item: Rocky Helmet|[of] p1a: Avalugg\n|move|p1a: Avalugg|Iron Defense|p1a: Avalugg\n|-boost|p1a: Avalugg|def|2\n|\n|-heal|p2a: Gogoat|90\/100|[from] item: Leftovers\n|-damage|p1a: Avalugg|69\/100|[from] Leech Seed|[of] p2a: Gogoat\n|-heal|p2a: Gogoat|100\/100|[silent]\n|upkeep\n|turn|10\n|\n|t:|1698756303\n|move|p2a: Gogoat|Horn Leech|p1a: Avalugg\n|-damage|p1a: Avalugg|65\/100\n|-damage|p2a: Gogoat|84\/100|[from] item: Rocky Helmet|[of] p1a: Avalugg\n|move|p1a: Avalugg|Body Press|p2a: Gogoat\n|-damage|p2a: Gogoat|0 fnt\n|faint|p2a: Gogoat\n|\n|upkeep\n|\n|t:|1698756308\n|switch|p2a: Golduck|Golduck, F|100\/100\n|turn|11\n|\n|t:|1698756311\n|switch|p1a: Meowstic|Meowstic, M|100\/100\n|move|p2a: Golduck|Focus Blast|p1a: Meowstic|[miss]\n|-miss|p2a: Golduck|p1a: Meowstic\n|\n|upkeep\n|turn|12\n|\n|t:|1698756317\n|switch|p2a: Kabutops|Kabutops, F|100\/100\n|move|p1a: Meowstic|Light Screen|p1a: Meowstic\n|-sidestart|p1: Combatant Urshifu|move: Light Screen\n|\n|upkeep\n|turn|13\n|\n|t:|1698756322\n|move|p1a: Meowstic|Reflect|p1a: Meowstic\n|-sidestart|p1: Combatant Urshifu|Reflect\n|move|p2a: Kabutops|Stone Axe|p1a: Meowstic\n|-damage|p1a: Meowstic|71\/100\n|-sidestart|p1: Combatant Urshifu|move: Stealth Rock\n|-damage|p2a: Kabutops|91\/100|[from] item: Life Orb\n|\n|upkeep\n|turn|14\n|\n|t:|1698756330\n|switch|p1a: Silvally|Silvally-Grass|100\/100\n|-damage|p1a: Silvally|88\/100|[from] Stealth Rock\n|move|p2a: Kabutops|Leech Life|p1a: Silvally\n|-supereffective|p1a: Silvally\n|-damage|p1a: Silvally|68\/100\n|-heal|p2a: Kabutops|100\/100|[from] drain|[of] p1a: Silvally\n|-damage|p2a: Kabutops|91\/100|[from] item: Life Orb\n|\n|-heal|p1a: Silvally|74\/100|[from] item: Leftovers\n|upkeep\n|turn|15\n|\n|t:|1698756339\n|switch|p2a: Volbeat|Volbeat, M|100\/100\n|move|p1a: Silvally|Parting Shot|p2a: Volbeat\n|-unboost|p2a: Volbeat|atk|1\n|-unboost|p2a: Volbeat|spa|1\n|\n|t:|1698756348\n|switch|p1a: Kabutops|Kabutops, F|100\/100|[from] Parting Shot\n|-damage|p1a: Kabutops|88\/100|[from] Stealth Rock\n|\n|upkeep\n|turn|16\n|\n|t:|1698756353\n|move|p2a: Volbeat|Giga Drain|p1a: Kabutops\n|-supereffective|p1a: Kabutops\n|-damage|p1a: Kabutops|36\/100\n|move|p1a: Kabutops|Stone Axe|p2a: Volbeat\n|-supereffective|p2a: Volbeat\n|-damage|p2a: Volbeat|16\/100\n|-sidestart|p2: Mr cyphon|move: Stealth Rock\n|\n|-sideend|p1: Combatant Urshifu|move: Light Screen\n|upkeep\n|turn|17\n|c| FUWAWA~ABYSSGARD|X-scissor over leech maybe?\n|\n|t:|1698756360\n|switch|p1a: Meowstic|Meowstic, M|71\/100\n|-damage|p1a: Meowstic|59\/100|[from] Stealth Rock\n|move|p2a: Volbeat|Giga Drain|p1a: Meowstic\n|-damage|p1a: Meowstic|46\/100\n|-heal|p2a: Volbeat|23\/100|[from] drain|[of] p1a: Meowstic\n|\n|-sideend|p1: Combatant Urshifu|Reflect\n|upkeep\n|turn|18\n|c|\u2606Mr cyphon|swift swim\n|\n|t:|1698756368\n|move|p2a: Volbeat|Thunder Wave|p1a: Meowstic\n|-status|p1a: Meowstic|par\n|move|p1a: Meowstic|Light Screen|p1a: Meowstic\n|-sidestart|p1: Combatant Urshifu|move: Light Screen\n|\n|upkeep\n|turn|19\n|c| FUWAWA~ABYSSGARD|ah i see\n|\n|t:|1698756372\n|move|p2a: Volbeat|Rain Dance|p2a: Volbeat\n|-weather|RainDance\n|cant|p1a: Meowstic|par\n|\n|-weather|RainDance|[upkeep]\n|upkeep\n|turn|20\n|\n|t:|1698756375\n|cant|p1a: Meowstic|par\n|move|p2a: Volbeat|Giga Drain|p1a: Meowstic\n|-damage|p1a: Meowstic|41\/100 par\n|-heal|p2a: Volbeat|26\/100|[from] drain|[of] p1a: Meowstic\n|\n|-weather|RainDance|[upkeep]\n|upkeep\n|turn|21\n|\n|t:|1698756381\n|move|p1a: Meowstic|Reflect|p1a: Meowstic\n|-sidestart|p1: Combatant Urshifu|Reflect\n|move|p2a: Volbeat|Thunder|p1a: Meowstic\n|-damage|p1a: Meowstic|28\/100 par\n|\n|-weather|RainDance|[upkeep]\n|upkeep\n|turn|22\n|\n|t:|1698756388\n|move|p1a: Meowstic|Light Screen||[still]\n|-fail|p1a: Meowstic\n|move|p2a: Volbeat|Thunder|p1a: Meowstic\n|-damage|p1a: Meowstic|15\/100 par\n|\n|-weather|RainDance|[upkeep]\n|-sideend|p1: Combatant Urshifu|move: Light Screen\n|upkeep\n|turn|23\n|\n|t:|1698756392\n|switch|p2a: Kabutops|Kabutops, F|91\/100\n|-damage|p2a: Kabutops|78\/100|[from] Stealth Rock\n|move|p1a: Meowstic|Light Screen|p1a: Meowstic\n|-sidestart|p1: Combatant Urshifu|move: Light Screen\n|\n|-weather|RainDance|[upkeep]\n|upkeep\n|turn|24\n|\n|t:|1698756398\n|switch|p1a: Barraskewda|Barraskewda, M|100\/100\n|-damage|p1a: Barraskewda|88\/100|[from] Stealth Rock\n|move|p2a: Kabutops|Swords Dance|p2a: Kabutops\n|-boost|p2a: Kabutops|atk|2\n|\n|-weather|RainDance|[upkeep]\n|upkeep\n|turn|25\n|\n|t:|1698756404\n|move|p1a: Barraskewda|Liquidation|p2a: Kabutops\n|-damage|p2a: Kabutops|0 fnt\n|faint|p2a: Kabutops\n|\n|-weather|RainDance|[upkeep]\n|-sideend|p1: Combatant Urshifu|Reflect\n|upkeep\n|\n|t:|1698756408\n|switch|p2a: Goodra|Goodra, F|100\/100\n|-damage|p2a: Goodra|88\/100|[from] Stealth Rock\n|turn|26\n|\n|t:|1698756412\n|move|p1a: Barraskewda|Liquidation|p2a: Goodra\n|-resisted|p2a: Goodra\n|-damage|p2a: Goodra|28\/100\n|move|p2a: Goodra|Thunder|p1a: Barraskewda\n|-supereffective|p1a: Barraskewda\n|-damage|p1a: Barraskewda|23\/100\n|-status|p1a: Barraskewda|par\n|\n|-weather|none\n|-heal|p2a: Goodra|35\/100|[from] item: Leftovers\n|upkeep\n|turn|27\n|\n|t:|1698756420\n|move|p2a: Goodra|Rain Dance|p2a: Goodra\n|-weather|RainDance\n|move|p1a: Barraskewda|Liquidation|p2a: Goodra\n|-resisted|p2a: Goodra\n|-damage|p2a: Goodra|0 fnt\n|faint|p2a: Goodra\n|\n|-weather|RainDance|[upkeep]\n|-sideend|p1: Combatant Urshifu|move: Light Screen\n|upkeep\n|\n|t:|1698756426\n|switch|p2a: Golduck|Golduck, F|100\/100\n|-damage|p2a: Golduck|88\/100|[from] Stealth Rock\n|turn|28\n|\n|t:|1698756429\n|move|p2a: Golduck|Psychic|p1a: Barraskewda\n|-damage|p1a: Barraskewda|0 fnt\n|faint|p1a: Barraskewda\n|\n|-weather|RainDance|[upkeep]\n|upkeep\n|\n|t:|1698756432\n|switch|p1a: Meowstic|Meowstic, M|15\/100 par\n|-damage|p1a: Meowstic|2\/100 par|[from] Stealth Rock\n|turn|29\n|\n|t:|1698756435\n|move|p1a: Meowstic|Light Screen|p1a: Meowstic\n|-sidestart|p1: Combatant Urshifu|move: Light Screen\n|move|p2a: Golduck|Psychic|p1a: Meowstic\n|-resisted|p1a: Meowstic\n|-damage|p1a: Meowstic|0 fnt\n|faint|p1a: Meowstic\n|\n|-weather|RainDance|[upkeep]\n|upkeep\n|\n|t:|1698756441\n|switch|p1a: Silvally|Silvally-Poison|100\/100\n|turn|30\n|\n|t:|1698756445\n|move|p2a: Golduck|Psychic|p1a: Silvally\n|-supereffective|p1a: Silvally\n|-damage|p1a: Silvally|60\/100\n|move|p1a: Silvally|Thunder Wave|p2a: Golduck|[miss]\n|-miss|p1a: Silvally|p2a: Golduck\n|\n|-weather|RainDance|[upkeep]\n|upkeep\n|turn|31\n|\n|t:|1698756451\n|move|p2a: Golduck|Psychic|p1a: Silvally\n|-supereffective|p1a: Silvally\n|-damage|p1a: Silvally|24\/100\n|move|p1a: Silvally|Parting Shot|p2a: Golduck\n|-unboost|p2a: Golduck|atk|1\n|-unboost|p2a: Golduck|spa|1\n|\n|t:|1698756456\n|switch|p1a: Silvally|Silvally-Grass|74\/100|[from] Parting Shot\n|-damage|p1a: Silvally|62\/100|[from] Stealth Rock\n|\n|-weather|none\n|-heal|p1a: Silvally|68\/100|[from] item: Leftovers\n|upkeep\n|turn|32\n|\n|t:|1698756462\n|switch|p2a: Volbeat|Volbeat, M|26\/100\n|-damage|p2a: Volbeat|1\/100|[from] Stealth Rock\n|move|p1a: Silvally|Multi-Attack|p2a: Volbeat\n|-resisted|p2a: Volbeat\n|-damage|p2a: Volbeat|0 fnt\n|faint|p2a: Volbeat\n|\n|-heal|p1a: Silvally|74\/100|[from] item: Leftovers\n|upkeep\n|\n|t:|1698756467\n|switch|p2a: Poliwrath|Poliwrath, M|100\/100\n|-damage|p2a: Poliwrath|94\/100|[from] Stealth Rock\n|turn|33\n|\n|t:|1698756470\n|move|p2a: Poliwrath|Surging Strikes|p1a: Silvally\n|-resisted|p1a: Silvally\n|-damage|p1a: Silvally|70\/100\n|-resisted|p1a: Silvally\n|-damage|p1a: Silvally|66\/100\n|-resisted|p1a: Silvally\n|-damage|p1a: Silvally|63\/100\n|-hitcount|p1a: Silvally|3\n|move|p1a: Silvally|Multi-Attack|p2a: Poliwrath\n|-supereffective|p2a: Poliwrath\n|-damage|p2a: Poliwrath|9\/100\n|-enditem|p2a: Poliwrath|Sitrus Berry|[eat]\n|-heal|p2a: Poliwrath|33\/100|[from] item: Sitrus Berry\n|\n|-heal|p1a: Silvally|69\/100|[from] item: Leftovers\n|-sideend|p1: Combatant Urshifu|move: Light Screen\n|upkeep\n|turn|34\n|\n|t:|1698756473\n|move|p2a: Poliwrath|Drain Punch|p1a: Silvally\n|-damage|p1a: Silvally|49\/100\n|-heal|p2a: Poliwrath|46\/100|[from] drain|[of] p1a: Silvally\n|move|p1a: Silvally|Multi-Attack|p2a: Poliwrath\n|-supereffective|p2a: Poliwrath\n|-damage|p2a: Poliwrath|0 fnt\n|faint|p2a: Poliwrath\n|\n|-heal|p1a: Silvally|55\/100|[from] item: Leftovers\n|upkeep\n|\n|t:|1698756476\n|switch|p2a: Golduck|Golduck, F|88\/100\n|-damage|p2a: Golduck|76\/100|[from] Stealth Rock\n|turn|35\n|\n|t:|1698756479\n|move|p2a: Golduck|Ice Beam|p1a: Silvally\n|-supereffective|p1a: Silvally\n|-damage|p1a: Silvally|0 fnt\n|faint|p1a: Silvally\n|\n|upkeep\n|c|\u2606Mr cyphon|gg\n|c|\u2606Combatant Urshifu|that twave miss\n|c|\u2606Combatant Urshifu|damn\n|\n|t:|1698756496\n|switch|p1a: Avalugg|Avalugg, F|65\/100\n|-damage|p1a: Avalugg|40\/100|[from] Stealth Rock\n|turn|36\n|\n|t:|1698756498\n|move|p2a: Golduck|Ice Beam|p1a: Avalugg\n|-resisted|p1a: Avalugg\n|-damage|p1a: Avalugg|18\/100\n|move|p1a: Avalugg|Rapid Spin|p2a: Golduck\n|-damage|p2a: Golduck|60\/100\n|-boost|p1a: Avalugg|spe|1\n|-sideend|p1: Combatant Urshifu|Stealth Rock|[from] move: Rapid Spin|[of] p1a: Avalugg\n|\n|upkeep\n|turn|37\n|\n|t:|1698756502\n|move|p2a: Golduck|Ice Beam|p1a: Avalugg\n|-resisted|p1a: Avalugg\n|-damage|p1a: Avalugg|0 fnt\n|faint|p1a: Avalugg\n|\n|upkeep\n|\n|t:|1698756509\n|switch|p1a: Kabutops|Kabutops, F|36\/100\n|turn|38\n|\n|t:|1698756516\n|move|p2a: Golduck|Ice Beam|p1a: Kabutops\n|-resisted|p1a: Kabutops\n|-damage|p1a: Kabutops|0 fnt\n|faint|p1a: Kabutops\n|\n|upkeep\n|\n|t:|1698756519\n|switch|p1a: Silvally|Silvally-Poison|24\/100\n|turn|39\n|c|\u2606Mr cyphon|got dam\n|\n|t:|1698756524\n|move|p2a: Golduck|Ice Beam|p1a: Silvally\n|-damage|p1a: Silvally|0 fnt\n|faint|p1a: Silvally\n|\n|win|Mr cyphon\n|c|\u2606Mr cyphon|ggs\n|c|\u2606Combatant Urshifu|I lost to a miss\n|c|\u2606Combatant Urshifu|wow\n|c|\u2606Combatant Urshifu|how unfortunate\n|c|\u2606Combatant Urshifu|lel\n|c|\u2606Combatant Urshifu|g\n|c|\u2606Combatant Urshifu|g\n|c|\u2606Mr cyphon|gg\n|l|\u2606Combatant Urshifu\n","uploadtime":1698756565,"views":8,"p1id":"combatanturshifu","p2id":"mrcyphon","formatid":"gen9anythinggoes","rating":0,"private":0,"password":""}