{"id":"radicalred-gen9anythinggoes-534284","p1":"juancaletas","p2":"HellSinky","format":"[Gen 9] Anything Goes","log":"|j|\u2606juancaletas\n|j|\u2606HellSinky\n|t:|1697763692\n|gametype|singles\n|player|p1|juancaletas|2|\n|player|p2|HellSinky|rr-victini|\n|teamsize|p1|6\n|teamsize|p2|6\n|gen|9\n|tier|[Gen 9] Anything Goes\n|rule|HP Percentage Mod: HP is shown in percentages\n|rule|Endless Battle Clause: Forcing endless battles is banned\n|clearpoke\n|poke|p1|Serperior, F|\n|poke|p1|Swoobat, M|\n|poke|p1|Chandelure, M|\n|poke|p1|Conkeldurr, M|\n|poke|p1|Excadrill, M|\n|poke|p1|Seismitoad, F|\n|poke|p2|Ferrothorn, F|\n|poke|p2|Hydreigon, M|\n|poke|p2|Galvantula, M|\n|poke|p2|Volcarona, M|\n|poke|p2|Krookodile, M|\n|poke|p2|Keldeo-Resolute|\n|teampreview\n|\n|t:|1697763700\n|start\n|switch|p1a: Chandelure|Chandelure, M|100\/100\n|switch|p2a: tula|Galvantula, M, shiny|100\/100\n|turn|1\n|\n|t:|1697763716\n|move|p2a: tula|Sticky Web|p1a: Chandelure\n|-sidestart|p1: juancaletas|move: Sticky Web\n|move|p1a: Chandelure|Fire Blast|p2a: tula\n|-supereffective|p2a: tula\n|-enditem|p2a: tula|Focus Sash\n|-damage|p2a: tula|1\/100\n|\n|upkeep\n|turn|2\n|\n|t:|1697763723\n|move|p2a: tula|Thunder|p1a: Chandelure|[miss]\n|-miss|p2a: tula|p1a: Chandelure\n|move|p1a: Chandelure|Fire Blast|p2a: tula\n|-supereffective|p2a: tula\n|-damage|p2a: tula|0 fnt\n|faint|p2a: tula\n|\n|upkeep\n|\n|t:|1697763742\n|switch|p2a: saco wea|Keldeo-Resolute, shiny|100\/100\n|turn|3\n|\n|t:|1697763749\n|switch|p1a: Serperior|Serperior, F|100\/100\n|-activate|p1a: Serperior|move: Sticky Web\n|-unboost|p1a: Serperior|spe|1\n|move|p2a: saco wea|Air Slash|p1a: Serperior\n|-supereffective|p1a: Serperior\n|-damage|p1a: Serperior|0 fnt\n|faint|p1a: Serperior\n|\n|upkeep\n|\n|t:|1697763757\n|switch|p1a: Swoobat|Swoobat, M|100\/100\n|turn|4\n|j| ghuug\n|c|\u2606juancaletas|buen predi\n|c|\u2606HellSinky|ty\n|inactive|Battle timer is ON: inactive players will automatically lose when time's up. (requested by juancaletas)\n|\n|t:|1697763828\n|switch|p2a: Ferro Pariente|Ferrothorn, F, shiny|100\/100\n|move|p1a: Swoobat|Hurricane|p2a: Ferro Pariente|[miss]\n|-miss|p1a: Swoobat|p2a: Ferro Pariente\n|\n|upkeep\n|turn|5\n|\n|t:|1697763841\n|move|p1a: Swoobat|Air Slash|p2a: Ferro Pariente\n|-damage|p2a: Ferro Pariente|75\/100\n|move|p2a: Ferro Pariente|Stealth Rock|p1a: Swoobat\n|-sidestart|p1: juancaletas|move: Stealth Rock\n|\n|upkeep\n|turn|6\n|\n|t:|1697763846\n|switch|p1a: Chandelure|Chandelure, M|100\/100\n|-activate|p1a: Chandelure|move: Sticky Web\n|-unboost|p1a: Chandelure|spe|1\n|-damage|p1a: Chandelure|76\/100|[from] Stealth Rock\n|move|p2a: Ferro Pariente|Leech Seed|p1a: Chandelure\n|-start|p1a: Chandelure|move: Leech Seed\n|\n|-damage|p1a: Chandelure|63\/100|[from] Leech Seed|[of] p2a: Ferro Pariente\n|-heal|p2a: Ferro Pariente|84\/100|[silent]\n|upkeep\n|turn|7\n|\n|t:|1697763863\n|switch|p2a: cr7|Volcarona, M|100\/100\n|move|p1a: Chandelure|Fire Blast|p2a: cr7\n|-damage|p2a: cr7|0 fnt\n|faint|p2a: cr7\n|\n|upkeep\n|l| ghuug\n|\n|t:|1697763883\n|switch|p2a: womb destroyer|Krookodile, M|100\/100\n|turn|8\n|\n|t:|1697763902\n|switch|p1a: Conkeldurr|Conkeldurr, M|100\/100\n|-activate|p1a: Conkeldurr|move: Sticky Web\n|-unboost|p1a: Conkeldurr|spe|1\n|-damage|p1a: Conkeldurr|94\/100|[from] Stealth Rock\n|move|p2a: womb destroyer|Earthquake|p1a: Conkeldurr\n|-damage|p1a: Conkeldurr|50\/100\n|\n|upkeep\n|turn|9\n|inactive|HellSinky has 270 seconds left.\n|\n|t:|1697763933\n|switch|p2a: Ferro Pariente|Ferrothorn, F, shiny|84\/100\n|move|p1a: Conkeldurr|Hammer Arm|p2a: Ferro Pariente\n|-supereffective|p2a: Ferro Pariente\n|-damage|p2a: Ferro Pariente|13\/100\n|-unboost|p1a: Conkeldurr|spe|1\n|-damage|p1a: Conkeldurr|38\/100|[from] ability: Iron Barbs|[of] p2a: Ferro Pariente\n|-damage|p1a: Conkeldurr|21\/100|[from] item: Rocky Helmet|[of] p2a: Ferro Pariente\n|\n|upkeep\n|turn|10\n|\n|t:|1697763943\n|move|p1a: Conkeldurr|Fire Punch|p2a: Ferro Pariente\n|-supereffective|p2a: Ferro Pariente\n|-damage|p2a: Ferro Pariente|0 fnt\n|-damage|p1a: Conkeldurr|9\/100|[from] ability: Iron Barbs|[of] p2a: Ferro Pariente\n|-damage|p1a: Conkeldurr|0 fnt|[from] item: Rocky Helmet|[of] p2a: Ferro Pariente\n|faint|p2a: Ferro Pariente\n|faint|p1a: Conkeldurr\n|\n|upkeep\n|inactive|HellSinky has 270 seconds left.\n|\n|t:|1697763958\n|switch|p1a: Seismitoad|Seismitoad, F|100\/100\n|switch|p2a: princesa|Hydreigon, M|100\/100\n|-damage|p1a: Seismitoad|94\/100|[from] Stealth Rock\n|-activate|p1a: Seismitoad|move: Sticky Web\n|-unboost|p1a: Seismitoad|spe|1\n|turn|11\n|inactive|HellSinky has 270 seconds left.\n|inactive|juancaletas has 270 seconds left.\n|\n|t:|1697763985\n|move|p2a: princesa|Draco Meteor|p1a: Seismitoad\n|-damage|p1a: Seismitoad|6\/100\n|-unboost|p2a: princesa|spa|2\n|-damage|p2a: princesa|91\/100|[from] item: Life Orb\n|move|p1a: Seismitoad|Drain Punch|p2a: princesa\n|-supereffective|p2a: princesa\n|-damage|p2a: princesa|24\/100\n|-heal|p1a: Seismitoad|32\/100|[from] drain|[of] p2a: princesa\n|-status|p2a: princesa|psn|[from] ability: Poison Touch|[of] p1a: Seismitoad\n|\n|-damage|p2a: princesa|12\/100 psn|[from] psn\n|upkeep\n|turn|12\n|inactive|HellSinky has 270 seconds left.\n|inactive|HellSinky has 240 seconds left.\n|\n|t:|1697764032\n|move|p2a: princesa|Draco Meteor|p1a: Seismitoad\n|-damage|p1a: Seismitoad|0 fnt\n|-unboost|p2a: princesa|spa|2\n|faint|p1a: Seismitoad\n|-damage|p2a: princesa|2\/100 psn|[from] item: Life Orb\n|\n|-damage|p2a: princesa|0 fnt|[from] psn\n|faint|p2a: princesa\n|upkeep\n|inactive|HellSinky has 240 seconds left.\n|\n|t:|1697764054\n|switch|p2a: saco wea|Keldeo-Resolute, shiny|100\/100\n|switch|p1a: Swoobat|Swoobat, M|100\/100\n|-damage|p1a: Swoobat|76\/100|[from] Stealth Rock\n|turn|13\n|inactive|HellSinky has 240 seconds left.\n|\n|t:|1697764067\n|switch|p2a: womb destroyer|Krookodile, M|100\/100\n|move|p1a: Swoobat|Giga Drain|p2a: womb destroyer\n|-supereffective|p2a: womb destroyer\n|-damage|p2a: womb destroyer|50\/100\n|-heal|p1a: Swoobat|100\/100|[from] drain|[of] p2a: womb destroyer\n|\n|upkeep\n|turn|14\n|inactive|HellSinky has 240 seconds left.\n|\n|t:|1697764075\n|move|p2a: womb destroyer|Stone Edge|p1a: Swoobat\n|-supereffective|p1a: Swoobat\n|-crit|p1a: Swoobat\n|-damage|p1a: Swoobat|0 fnt\n|faint|p1a: Swoobat\n|-ability|p2a: womb destroyer|Moxie|boost\n|-boost|p2a: womb destroyer|atk|1\n|\n|upkeep\n|inactive|juancaletas has 240 seconds left.\n|\n|t:|1697764106\n|switch|p1a: Excadrill|Excadrill, M|100\/100\n|-ability|p1a: Excadrill|Mold Breaker\n|turn|15\n|\n|t:|1697764118\n|move|p2a: womb destroyer|Stone Edge|p1a: Excadrill\n|-resisted|p1a: Excadrill\n|-damage|p1a: Excadrill|85\/100\n|move|p1a: Excadrill|Earthquake|p2a: womb destroyer\n|-damage|p2a: womb destroyer|0 fnt\n|faint|p2a: womb destroyer\n|\n|upkeep\n|\n|t:|1697764120\n|switch|p2a: saco wea|Keldeo-Resolute, shiny|100\/100\n|turn|16\n|\n|t:|1697764139\n|move|p2a: saco wea|Scald|p1a: Excadrill\n|-supereffective|p1a: Excadrill\n|-damage|p1a: Excadrill|0 fnt\n|faint|p1a: Excadrill\n|\n|upkeep\n|\n|t:|1697764144\n|switch|p1a: Chandelure|Chandelure, M|63\/100\n|-activate|p1a: Chandelure|move: Sticky Web\n|-unboost|p1a: Chandelure|spe|1\n|-damage|p1a: Chandelure|38\/100|[from] Stealth Rock\n|turn|17\n|\n|t:|1697764149\n|move|p2a: saco wea|Scald|p1a: Chandelure\n|-supereffective|p1a: Chandelure\n|-damage|p1a: Chandelure|0 fnt\n|faint|p1a: Chandelure\n|\n|win|HellSinky\n|c|\u2606HellSinky|gg\n|c|\u2606juancaletas|gg\n","uploadtime":1697764155,"views":10,"p1id":"juancaletas","p2id":"hellsinky","formatid":"gen9anythinggoes","rating":0,"private":0,"password":""}