{"id":"radicalred-gen9anythinggoes-538677","p1":"StarDust_Leo","p2":"TanaTheGreat","format":"[Gen 9] Anything Goes","log":"|j|\u2606StarDust_Leo\n|j|\u2606TanaTheGreat\n|t:|1698452478\n|gametype|singles\n|player|p1|StarDust_Leo|rr-houndoommega|\n|player|p2|TanaTheGreat|rr-regirock|\n|teamsize|p1|6\n|teamsize|p2|6\n|gen|9\n|tier|[Gen 9] Anything Goes\n|rule|HP Percentage Mod: HP is shown in percentages\n|rule|Endless Battle Clause: Forcing endless battles is banned\n|rule|Sleep Clause Mod: Limit one foe put to sleep\n|clearpoke\n|poke|p1|Scolipede, M|\n|poke|p1|Conkeldurr, F|\n|poke|p1|Jellicent, F|\n|poke|p1|Volcarona, F|\n|poke|p1|Keldeo-Resolute|\n|poke|p1|Ferrothorn, F|\n|poke|p2|Jellicent, M|\n|poke|p2|Genesect|\n|poke|p2|Gigalith, M|\n|poke|p2|Conkeldurr, M|\n|poke|p2|Hydreigon, F|\n|poke|p2|Reuniclus, M|\n|teampreview\n|inactive|Battle timer is ON: inactive players will automatically lose when time's up. (requested by StarDust_Leo)\n|c|\u2606StarDust_Leo|glhf\n|\n|t:|1698452542\n|start\n|switch|p1a: Ojito|Ferrothorn, F|100\/100\n|switch|p2a: Dwayne|Gigalith, M|100\/100\n|-weather|Sandstorm|[from] ability: Sand Stream|[of] p2a: Dwayne\n|turn|1\n|c|\u2606TanaTheGreat|glhf\n|\n|t:|1698452553\n|move|p2a: Dwayne|Stealth Rock|p1a: Ojito\n|-sidestart|p1: StarDust_Leo|move: Stealth Rock\n|move|p1a: Ojito|Leech Seed|p2a: Dwayne\n|-start|p2a: Dwayne|move: Leech Seed\n|\n|-weather|Sandstorm|[upkeep]\n|-damage|p2a: Dwayne|88\/100|[from] Leech Seed|[of] p1a: Ojito\n|upkeep\n|turn|2\n|\n|t:|1698452564\n|switch|p2a: Ojo al piojo|Genesect|100\/100\n|-ability|p2a: Ojo al piojo|Download|boost\n|-boost|p2a: Ojo al piojo|spa|1\n|move|p1a: Ojito|Body Press|p2a: Ojo al piojo\n|-damage|p2a: Ojo al piojo|67\/100\n|\n|-weather|Sandstorm|[upkeep]\n|upkeep\n|turn|3\n|\n|t:|1698452581\n|switch|p1a: Tu Padrastro|Conkeldurr, F|100\/100\n|-damage|p1a: Tu Padrastro|95\/100|[from] Stealth Rock\n|move|p2a: Ojo al piojo|Shift Gear|p2a: Ojo al piojo\n|-boost|p2a: Ojo al piojo|spe|2\n|-boost|p2a: Ojo al piojo|atk|1\n|\n|-weather|Sandstorm|[upkeep]\n|-damage|p1a: Tu Padrastro|89\/100|[from] Sandstorm\n|-status|p1a: Tu Padrastro|brn|[from] item: Flame Orb\n|upkeep\n|turn|4\n|inactive|StarDust_Leo has 270 seconds left.\n|inactive|StarDust_Leo has 240 seconds left.\n|\n|t:|1698452655\n|move|p2a: Ojo al piojo|Psychic|p1a: Tu Padrastro\n|-supereffective|p1a: Tu Padrastro\n|-damage|p1a: Tu Padrastro|5\/100 brn\n|move|p1a: Tu Padrastro|Drain Punch|p2a: Ojo al piojo\n|-damage|p2a: Ojo al piojo|0 fnt\n|-heal|p1a: Tu Padrastro|32\/100 brn|[from] drain|[of] p2a: Ojo al piojo\n|faint|p2a: Ojo al piojo\n|\n|-weather|Sandstorm|[upkeep]\n|-damage|p1a: Tu Padrastro|26\/100 brn|[from] Sandstorm\n|-damage|p1a: Tu Padrastro|20\/100 brn|[from] brn\n|upkeep\n|c|\u2606TanaTheGreat|te odio darkyutu\n|c|\u2606StarDust_Leo|XD\n|c|\u2606StarDust_Leo|que tenia que ver\n|inactive|TanaTheGreat has 270 seconds left.\n|\n|t:|1698452689\n|switch|p2a: Auronplay|Conkeldurr, M|100\/100\n|turn|5\n|c|\u2606StarDust_Leo|de hecho pego casi max damage\n|inactive|StarDust_Leo has 240 seconds left.\n|\n|t:|1698452703\n|switch|p1a: Jellicent|Jellicent, F|100\/100\n|-damage|p1a: Jellicent|88\/100|[from] Stealth Rock\n|move|p2a: Auronplay|Knock Off|p1a: Jellicent\n|-supereffective|p1a: Jellicent\n|-enditem|p1a: Jellicent|Colbur Berry|[eat]\n|-enditem|p1a: Jellicent|Colbur Berry|[weaken]\n|-damage|p1a: Jellicent|54\/100\n|\n|-weather|Sandstorm|[upkeep]\n|-damage|p1a: Jellicent|48\/100|[from] Sandstorm\n|-damage|p2a: Auronplay|95\/100|[from] Sandstorm\n|-status|p2a: Auronplay|brn|[from] item: Flame Orb\n|upkeep\n|turn|6\n|\n|t:|1698452721\n|move|p1a: Jellicent|Strength Sap|p2a: Auronplay\n|-unboost|p2a: Auronplay|atk|1\n|-heal|p1a: Jellicent|100\/100\n|move|p2a: Auronplay|Knock Off|p1a: Jellicent\n|-supereffective|p1a: Jellicent\n|-damage|p1a: Jellicent|54\/100\n|\n|-weather|Sandstorm|[upkeep]\n|-damage|p1a: Jellicent|48\/100|[from] Sandstorm\n|-damage|p2a: Auronplay|89\/100 brn|[from] Sandstorm\n|-damage|p2a: Auronplay|83\/100 brn|[from] brn\n|upkeep\n|turn|7\n|\n|t:|1698452740\n|move|p1a: Jellicent|Strength Sap|p2a: Auronplay\n|-unboost|p2a: Auronplay|atk|1\n|-heal|p1a: Jellicent|100\/100\n|move|p2a: Auronplay|Knock Off|p1a: Jellicent\n|-supereffective|p1a: Jellicent\n|-damage|p1a: Jellicent|70\/100\n|\n|-weather|Sandstorm|[upkeep]\n|-damage|p1a: Jellicent|64\/100|[from] Sandstorm\n|-damage|p2a: Auronplay|77\/100 brn|[from] Sandstorm\n|-damage|p2a: Auronplay|71\/100 brn|[from] brn\n|upkeep\n|turn|8\n|inactive|TanaTheGreat has 240 seconds left.\n|\n|t:|1698452765\n|switch|p2a: La \u00c9lite|Hydreigon, F|100\/100\n|move|p1a: Jellicent|Strength Sap|p2a: La \u00c9lite\n|-unboost|p2a: La \u00c9lite|atk|1\n|-heal|p1a: Jellicent|100\/100\n|\n|-weather|none\n|upkeep\n|turn|9\n|\n|t:|1698452774\n|switch|p1a: SapoHP|Keldeo-Resolute|100\/100\n|-damage|p1a: SapoHP|94\/100|[from] Stealth Rock\n|move|p2a: La \u00c9lite|Dark Hole|p1a: SapoHP\n|-resisted|p1a: SapoHP\n|-damage|p1a: SapoHP|63\/100\n|-status|p1a: SapoHP|slp|[from] move: Dark Hole\n|\n|upkeep\n|turn|10\n|c|\u2606StarDust_Leo|Me suicido\n|\n|t:|1698452786\n|switch|p2a: ceden|Reuniclus, M|100\/100\n|cant|p1a: SapoHP|slp\n|\n|upkeep\n|turn|11\n|inactive|TanaTheGreat has 240 seconds left.\n|\n|t:|1698452811\n|switch|p1a: Lolero|Volcarona, F|100\/100\n|move|p2a: ceden|Psyshock|p1a: Lolero\n|-damage|p1a: Lolero|35\/100\n|\n|upkeep\n|turn|12\n|inactive|StarDust_Leo has 270 seconds left.\n|inactive|TanaTheGreat has 240 seconds left.\n|inactive|StarDust_Leo has 240 seconds left.\n|\n|t:|1698452850\n|switch|p1a: Jellicent|Jellicent, F|100\/100\n|-damage|p1a: Jellicent|88\/100|[from] Stealth Rock\n|move|p2a: ceden|Psyshock|p1a: Jellicent\n|-damage|p1a: Jellicent|44\/100\n|\n|upkeep\n|turn|13\n|inactive|TanaTheGreat has 240 seconds left.\n|\n|t:|1698452862\n|switch|p2a: La \u00c9lite|Hydreigon, F|100\/100\n|move|p1a: Jellicent|Strength Sap|p2a: La \u00c9lite\n|-unboost|p2a: La \u00c9lite|atk|1\n|-heal|p1a: Jellicent|92\/100\n|\n|upkeep\n|turn|14\n|inactive|TanaTheGreat has 240 seconds left.\n|\n|t:|1698452871\n|switch|p1a: Ojito|Ferrothorn, F|100\/100\n|-damage|p1a: Ojito|94\/100|[from] Stealth Rock\n|move|p2a: La \u00c9lite|Dark Hole|p1a: Ojito\n|-damage|p1a: Ojito|58\/100\n|\n|upkeep\n|turn|15\n|inactive|TanaTheGreat has 240 seconds left.\n|\n|t:|1698452899\n|move|p2a: La \u00c9lite|Dark Hole|p1a: Ojito\n|-damage|p1a: Ojito|25\/100\n|-message|Sleep Clause Mod activated.\n|-hint|Sleep Clause Mod prevents players from putting more than one of their opponent's Pok\u00e9mon to sleep at a time\n|move|p1a: Ojito|Gyro Ball|p2a: La \u00c9lite\n|-damage|p2a: La \u00c9lite|41\/100\n|\n|upkeep\n|turn|16\n|\n|t:|1698452911\n|switch|p1a: BFF|Scolipede, M|100\/100\n|-damage|p1a: BFF|76\/100|[from] Stealth Rock\n|move|p2a: La \u00c9lite|Dark Hole|p1a: BFF\n|-crit|p1a: BFF\n|-damage|p1a: BFF|0 fnt\n|faint|p1a: BFF\n|\n|upkeep\n|c|\u2606StarDust_Leo|bruh\n|\n|t:|1698452925\n|switch|p1a: Tu Padrastro|Conkeldurr, F|20\/100 brn\n|-damage|p1a: Tu Padrastro|14\/100 brn|[from] Stealth Rock\n|turn|17\n|\n|t:|1698452933\n|switch|p2a: Ayud\u00edn|Jellicent, M, shiny|100\/100\n|move|p1a: Tu Padrastro|Mach Punch|p2a: Ayud\u00edn\n|-immune|p2a: Ayud\u00edn\n|\n|-damage|p1a: Tu Padrastro|8\/100 brn|[from] brn\n|upkeep\n|turn|18\n|inactive|TanaTheGreat has 240 seconds left.\n|inactive|StarDust_Leo has 240 seconds left.\n|\n|t:|1698452963\n|switch|p1a: Ojito|Ferrothorn, F|25\/100\n|-damage|p1a: Ojito|18\/100|[from] Stealth Rock\n|move|p2a: Ayud\u00edn|Dazzling Gleam|p1a: Ojito\n|-resisted|p1a: Ojito\n|-damage|p1a: Ojito|13\/100\n|\n|upkeep\n|turn|19\n|j| zSlowKiller\n|inactive|TanaTheGreat has 240 seconds left.\n|\n|t:|1698452982\n|switch|p2a: ceden|Reuniclus, M|100\/100\n|move|p1a: Ojito|Leech Seed|p2a: ceden\n|-start|p2a: ceden|move: Leech Seed\n|\n|upkeep\n|turn|20\n|inactive|StarDust_Leo has 240 seconds left.\n|\n|t:|1698452991\n|switch|p1a: Jellicent|Jellicent, F|92\/100\n|-damage|p1a: Jellicent|80\/100|[from] Stealth Rock\n|move|p2a: ceden|Psyshock|p1a: Jellicent\n|-damage|p1a: Jellicent|41\/100\n|\n|upkeep\n|turn|21\n|inactive|TanaTheGreat has 240 seconds left.\n|inactive|StarDust_Leo has 240 seconds left.\n|\n|t:|1698453019\n|move|p1a: Jellicent|Strength Sap|p2a: ceden\n|-unboost|p2a: ceden|atk|1\n|-heal|p1a: Jellicent|71\/100\n|move|p2a: ceden|Calm Mind|p2a: ceden\n|-boost|p2a: ceden|spa|1\n|-boost|p2a: ceden|spd|1\n|\n|upkeep\n|turn|22\n|inactive|TanaTheGreat has 240 seconds left.\n|\n|t:|1698453039\n|move|p1a: Jellicent|Water Spout|p2a: ceden\n|-damage|p2a: ceden|70\/100\n|move|p2a: ceden|Calm Mind|p2a: ceden\n|-boost|p2a: ceden|spa|1\n|-boost|p2a: ceden|spd|1\n|\n|upkeep\n|turn|23\n|inactive|TanaTheGreat has 240 seconds left.\n|\n|t:|1698453052\n|move|p1a: Jellicent|Water Spout|p2a: ceden\n|-damage|p2a: ceden|46\/100\n|move|p2a: ceden|Recover|p2a: ceden\n|-heal|p2a: ceden|96\/100\n|\n|upkeep\n|turn|24\n|inactive|TanaTheGreat has 240 seconds left.\n|\n|t:|1698453060\n|move|p1a: Jellicent|Water Spout|p2a: ceden\n|-damage|p2a: ceden|73\/100\n|move|p2a: ceden|Calm Mind|p2a: ceden\n|-boost|p2a: ceden|spa|1\n|-boost|p2a: ceden|spd|1\n|\n|upkeep\n|turn|25\n|\n|t:|1698453068\n|move|p1a: Jellicent|Water Spout|p2a: ceden\n|-damage|p2a: ceden|56\/100\n|move|p2a: ceden|Recover|p2a: ceden\n|-heal|p2a: ceden|100\/100\n|\n|upkeep\n|turn|26\n|\n|t:|1698453074\n|move|p1a: Jellicent|Water Spout|p2a: ceden\n|-damage|p2a: ceden|81\/100\n|move|p2a: ceden|Psyshock|p1a: Jellicent\n|-damage|p1a: Jellicent|0 fnt\n|faint|p1a: Jellicent\n|\n|upkeep\n|\n|t:|1698453084\n|switch|p1a: Lolero|Volcarona, F|35\/100\n|turn|27\n|\n|t:|1698453090\n|move|p1a: Lolero|Bug Buzz|p2a: ceden\n|-supereffective|p2a: ceden\n|-damage|p2a: ceden|51\/100\n|move|p2a: ceden|Psyshock|p1a: Lolero\n|-damage|p1a: Lolero|0 fnt\n|faint|p1a: Lolero\n|\n|upkeep\n|c|\u2606StarDust_Leo|ojala me dieran un critico :(((\n|\n|t:|1698453107\n|switch|p1a: Tu Padrastro|Conkeldurr, F|8\/100 brn\n|-damage|p1a: Tu Padrastro|2\/100 brn|[from] Stealth Rock\n|turn|28\n|\n|t:|1698453112\n|move|p1a: Tu Padrastro|Mach Punch|p2a: ceden\n|-resisted|p2a: ceden\n|-damage|p2a: ceden|37\/100\n|move|p2a: ceden|Recover|p2a: ceden\n|-heal|p2a: ceden|87\/100\n|\n|-damage|p1a: Tu Padrastro|0 fnt|[from] brn\n|faint|p1a: Tu Padrastro\n|upkeep\n|\n|t:|1698453116\n|switch|p1a: SapoHP|Keldeo-Resolute|63\/100 slp\n|-damage|p1a: SapoHP|57\/100 slp|[from] Stealth Rock\n|turn|29\n|\n|t:|1698453128\n|cant|p1a: SapoHP|slp\n|move|p2a: ceden|Psyshock|p1a: SapoHP\n|-supereffective|p1a: SapoHP\n|-damage|p1a: SapoHP|0 fnt\n|faint|p1a: SapoHP\n|\n|upkeep\n|\n|t:|1698453130\n|switch|p1a: Ojito|Ferrothorn, F|13\/100\n|-damage|p1a: Ojito|7\/100|[from] Stealth Rock\n|turn|30\n|c|\u2606StarDust_Leo|ya gg\n|\n|t:|1698453142\n|move|p2a: ceden|Psyshock|p1a: Ojito\n|-resisted|p1a: Ojito\n|-damage|p1a: Ojito|0 fnt\n|faint|p1a: Ojito\n|\n|win|TanaTheGreat\n|c|\u2606StarDust_Leo|me fui en dieciseisavos :(\n|c|\u2606TanaTheGreat|gg\n|c|\u2606TanaTheGreat|Muy buena leo\n|c|\u2606StarDust_Leo|suertte contra mudkipfan xd\n|c|\u2606TanaTheGreat|aaaaa\n|l| zSlowKiller\n|l|\u2606StarDust_Leo\n|j|\u2606StarDust_Leo\n|player|p1|StarDust_Leo|rr-houndoommega\n","uploadtime":1698453204,"views":10,"p1id":"stardustleo","p2id":"tanathegreat","formatid":"gen9anythinggoes","rating":0,"private":0,"password":""}