{"id":"radicalred-gen9anythinggoes-539451","p1":"PatoPatito08","p2":"elbazismail2","format":"[Gen 9] Anything Goes","log":"|j|\u2606PatoPatito08\n|j|\u2606elbazismail2\n|t:|1698610100\n|gametype|singles\n|player|p1|PatoPatito08|kiawe|\n|player|p2|elbazismail2|101|\n|teamsize|p1|6\n|teamsize|p2|6\n|gen|9\n|tier|[Gen 9] Anything Goes\n|rule|HP Percentage Mod: HP is shown in percentages\n|rule|Endless Battle Clause: Forcing endless battles is banned\n|rule|Sleep Clause Mod: Limit one foe put to sleep\n|clearpoke\n|poke|p1|Volcarona, F|\n|poke|p1|Simisage, M|\n|poke|p1|Samurott, F|\n|poke|p1|Jellicent, M|\n|poke|p1|Zoroark, M|\n|poke|p1|Landorus-Therian, M|\n|poke|p2|Volcarona, M|\n|poke|p2|Landorus-Therian, M|\n|poke|p2|Ferrothorn, M|\n|poke|p2|Gigalith, F|\n|poke|p2|Hydreigon, M|\n|poke|p2|Amoonguss, F|\n|teampreview\n|c|\u2606PatoPatito08|gl\n|j| Toxic Ariados\n|\n|t:|1698610174\n|start\n|switch|p1a: Simisage|Simisage, M|100\/100\n|switch|p2a: Landorus|Landorus-Therian, M|100\/100\n|-ability|p2a: Landorus|Intimidate|boost\n|-unboost|p1a: Simisage|atk|1\n|turn|1\n|j| zSlowKiller\n|\n|t:|1698610207\n|switch|p2a: Ferrothorn|Ferrothorn, M|100\/100\n|move|p1a: Simisage|Leaf Storm|p2a: Ferrothorn\n|-resisted|p2a: Ferrothorn\n|-damage|p2a: Ferrothorn|82\/100\n|-unboost|p1a: Simisage|spa|2\n|\n|upkeep\n|turn|2\n|\n|t:|1698610217\n|switch|p1a: Landorus|Landorus-Therian, M, shiny|100\/100\n|-ability|p1a: Landorus|Intimidate|boost\n|-unboost|p2a: Ferrothorn|atk|1\n|move|p2a: Ferrothorn|Thunder Wave|p1a: Landorus\n|-immune|p1a: Landorus\n|\n|upkeep\n|turn|3\n|j| 00Coosm0\n|c| 00Coosm0|como estan pendejos\n|\n|t:|1698610263\n|switch|p2a: Amoonguss|Amoonguss, F|100\/100\n|move|p1a: Landorus|Earthquake|p2a: Amoonguss\n|-damage|p2a: Amoonguss|46\/100\n|\n|-heal|p2a: Amoonguss|52\/100|[from] item: Black Sludge\n|upkeep\n|turn|4\n|j| theultimatepokigod\n|j| ElBau1129\n|l| theultimatepokigod\n|c| zSlowKiller|pato por que sos negro\n|c|\u2606PatoPatito08|porque no amigo\n|j| theultimatepokigod\n|c| theultimatepokigod|hurry up yall\n|c| zSlowKiller|feliz navidad\n|\n|t:|1698610372\n|switch|p2a: Landorus|Landorus-Therian, M|100\/100\n|-ability|p2a: Landorus|Intimidate|boost\n|-unboost|p1a: Landorus|atk|1\n|move|p1a: Landorus|Earthquake|p2a: Landorus\n|-immune|p2a: Landorus\n|\n|upkeep\n|turn|5\n|c| 00Coosm0|ese zoroark\n|c| 00Coosm0|esta en su prime?\n|\n|t:|1698610397\n|move|p2a: Landorus|Stealth Rock|p1a: Landorus\n|-sidestart|p1: PatoPatito08|move: Stealth Rock\n|move|p1a: Landorus|U-turn|p2a: Landorus\n|-resisted|p2a: Landorus\n|-damage|p2a: Landorus|92\/100\n|c| zSlowKiller|no\n|c|\u2606PatoPatito08|no\n|c| 00Coosm0|que malo\n|c| theultimatepokigod|are ya'll spanish?\n|c| 00Coosm0|si\n|c| zSlowKiller|el hydreigon con defog esta en su prime\n|c| ElBau1129|si wey\n|c| 00Coosm0|hydreigon con defog no es mala\n|c| theultimatepokigod|can ya'll type in english?\n|c| 00Coosm0|si lo piensas no es mala\n|c| zSlowKiller|pero con choice scarf\n|c| zSlowKiller|entras todo agresivo y tiras defog\n|c| zSlowKiller|es esa\n|c|\u2606elbazismail2|si\n|j| Litrowo\n|c| theultimatepokigod|can ya'll type in english?\n|c|\u2606elbazismail2|tiras defog porque va a cambiar\n|c| ElBau1129|i think no\n|c| 00Coosm0|lo digo mas bien para tener doble defoger con el excadrill\n|\n|t:|1698610465\n|switch|p1a: Simisage|Simisage, M|100\/100|[from] U-turn\n|-damage|p1a: Simisage|88\/100|[from] Stealth Rock\n|\n|-heal|p2a: Landorus|98\/100|[from] item: Leftovers\n|upkeep\n|turn|6\n|c| ElBau1129|coosmo is very bad in english\n|c| 00Coosm0|yes yes\n|c| zSlowKiller|ese simisage es peruano amigos\n|c| zSlowKiller|yo lo vi caminando por lima\n|\n|t:|1698610500\n|switch|p2a: Amoonguss|Amoonguss, F|86\/100\n|move|p1a: Simisage|Focus Blast|p2a: Amoonguss\n|-resisted|p2a: Amoonguss\n|-damage|p2a: Amoonguss|70\/100\n|\n|-heal|p2a: Amoonguss|76\/100|[from] item: Black Sludge\n|upkeep\n|turn|7\n|\n|t:|1698610544\n|move|p1a: Simisage|Dark Hole|p2a: Amoonguss\n|-damage|p2a: Amoonguss|33\/100\n|move|p2a: Amoonguss|Spore|p1a: Simisage\n|-status|p1a: Simisage|slp|[from] move: Spore\n|\n|-heal|p2a: Amoonguss|39\/100|[from] item: Black Sludge\n|upkeep\n|turn|8\n|c| theultimatepokigod|nice to meet you coosmo and nice to meet you elbau1129\n|c| 00Coosm0|ay\n|c| 00Coosm0|claro\n|c| zSlowKiller|simisage con dark hole\n|\n|t:|1698610558\n|cant|p1a: Simisage|slp\n|move|p2a: Amoonguss|Giga Drain|p1a: Simisage\n|-damage|p1a: Simisage|44\/100 slp\n|-heal|p2a: Amoonguss|53\/100|[from] drain|[of] p1a: Simisage\n|replace|p1a: Zoroark|Zoroark, M\n|-end|p1a: Zoroark|Illusion\n|\n|-heal|p2a: Amoonguss|59\/100|[from] item: Black Sludge\n|upkeep\n|turn|9\n|c|\u2606PatoPatito08|zoroark antiprime\n|c| zSlowKiller|se camuflo perfectamente\n|\n|t:|1698610564\n|cant|p1a: Zoroark|slp\n|move|p2a: Amoonguss|Giga Drain|p1a: Zoroark\n|-damage|p1a: Zoroark|0 fnt\n|-heal|p2a: Amoonguss|72\/100|[from] drain|[of] p1a: Zoroark\n|faint|p1a: Zoroark\n|\n|-heal|p2a: Amoonguss|79\/100|[from] item: Black Sludge\n|upkeep\n|c| 00Coosm0|realmente si estaba en su prime el zoroark\n|j| Heidhall\n|c| theultimatepokigod|I cant understand what your saying\n|\n|t:|1698610573\n|switch|p1a: Landorus|Landorus-Therian, M, shiny|100\/100\n|-damage|p1a: Landorus|88\/100|[from] Stealth Rock\n|-ability|p1a: Landorus|Intimidate|boost\n|-unboost|p2a: Amoonguss|atk|1\n|turn|10\n|c| theultimatepokigod|I cant understand what your saying\n|\n|t:|1698610585\n|switch|p2a: Landorus|Landorus-Therian, M|98\/100\n|-ability|p2a: Landorus|Intimidate|boost\n|-unboost|p1a: Landorus|atk|1\n|move|p1a: Landorus|Earthquake|p2a: Landorus\n|-immune|p2a: Landorus\n|\n|-heal|p2a: Landorus|100\/100|[from] item: Leftovers\n|-heal|p1a: Landorus|94\/100|[from] item: Leftovers\n|upkeep\n|turn|11\n|c| Heidhall|En serio esposa afecta a los Pokemons planta en este mod?!\n|c| 00Coosm0|no xd\n|c| theultimatepokigod|????????????????????\n|c| 00Coosm0|era un zoroark camuflado nada mas\n|\n|t:|1698610600\n|move|p2a: Landorus|Knock Off|p1a: Landorus\n|-damage|p1a: Landorus|59\/100\n|-enditem|p1a: Landorus|Leftovers|[from] move: Knock Off|[of] p2a: Landorus\n|move|p1a: Landorus|U-turn|p2a: Landorus\n|-resisted|p2a: Landorus\n|-damage|p2a: Landorus|92\/100\n|c| ElBau1129|we are sorry, but we don\u00b4t speak english\n|c| zSlowKiller|ese zoroark no se hizo una triple kill\n|c| 00Coosm0|bau\n|c| 00Coosm0|mira general de discro\n|c| ElBau1129|dime\n|c| theultimatepokigod|oh ok :(\n|c| theultimatepokigod|:(\n|\n|t:|1698610642\n|switch|p1a: Jellicent|Jellicent, M, shiny|100\/100|[from] U-turn\n|-damage|p1a: Jellicent|88\/100|[from] Stealth Rock\n|\n|-heal|p2a: Landorus|98\/100|[from] item: Leftovers\n|upkeep\n|turn|12\n|c| theultimatepokigod|:(\n|c| theultimatepokigod|:(\n|c| theultimatepokigod|:(\n|c| theultimatepokigod|:(\n|c| theultimatepokigod|:(\n|c| theultimatepokigod|:(\n|c| theultimatepokigod|:(\n|c| theultimatepokigod|:(\n|c| theultimatepokigod|:(\n|\n|t:|1698610653\n|move|p2a: Landorus|Knock Off|p1a: Jellicent\n|-supereffective|p1a: Jellicent\n|-enditem|p1a: Jellicent|Colbur Berry|[eat]\n|-enditem|p1a: Jellicent|Colbur Berry|[weaken]\n|-damage|p1a: Jellicent|58\/100\n|move|p1a: Jellicent|Strength Sap|p2a: Landorus\n|-unboost|p2a: Landorus|atk|1\n|-heal|p1a: Jellicent|100\/100\n|\n|-heal|p2a: Landorus|100\/100|[from] item: Leftovers\n|upkeep\n|turn|13\n|c| Litrowo|:(\n|\n|t:|1698610665\n|switch|p2a: Amoonguss|Amoonguss, F|100\/100\n|move|p1a: Jellicent|Water Spout|p2a: Amoonguss\n|-resisted|p2a: Amoonguss\n|-damage|p2a: Amoonguss|71\/100\n|\n|-heal|p2a: Amoonguss|78\/100|[from] item: Black Sludge\n|upkeep\n|turn|14\n|c| ElBau1129|is better if you learn spanish :D\n|c| 00Coosm0|e verda\n|c| zSlowKiller|:D\n|c| theultimatepokigod|how do i do that\n|c| ElBau1129|ehmmm\n|c| zSlowKiller|open english\n|c| zSlowKiller|.com\n|c| ElBau1129|duolingo\n|\n|t:|1698610697\n|switch|p2a: Hydreigon|Hydreigon, M|100\/100\n|move|p1a: Jellicent|Water Spout|p2a: Hydreigon\n|-resisted|p2a: Hydreigon\n|-damage|p2a: Hydreigon|53\/100\n|\n|upkeep\n|turn|15\n|c| Litrowo|work hard\n|c| zSlowKiller|bau que pasa si mando el discord del regional aca\n|c| Litrowo|\/\/juan\n|c| ElBau1129|ya sacamos a mudkip de aqui\n|c| theultimatepokigod|ok :D\n|c| ElBau1129|y salio mal\n|c| theultimatepokigod|ill try\n|c| ElBau1129|no lo hagas killer\n|c| zSlowKiller|ok\n|c| zSlowKiller|mudkip esta en una congeladora\n|c| zSlowKiller|ice frio hielo\n|c| ElBau1129|good luck learning english\n|c| zSlowKiller|no que iba a aprender espa\u00f1ol\n|c| Litrowo|mudkip jugo su combate?\n|c| 00Coosm0|mudkip se volvio tipo hielo?\n|c| ElBau1129|aodglas jd\n|c| Litrowo|buena bau\n|c| ElBau1129|spanish*\n|c| Heidhall|Serious,spore can Afect the grass Pok\u00e9mon in this mod?, this is Heavy!\n|c| zSlowKiller|q\n|c| zSlowKiller|SJADJASDJ\n|c| 00Coosm0|dios\n|c| 00Coosm0|mas duro que un damasco\n|\n|t:|1698610775\n|move|p2a: Hydreigon|Dark Hole|p1a: Jellicent\n|-supereffective|p1a: Jellicent\n|-damage|p1a: Jellicent|14\/100\n|move|p1a: Jellicent|Ice Beam|p2a: Hydreigon\n|-supereffective|p2a: Hydreigon\n|-damage|p2a: Hydreigon|13\/100\n|\n|upkeep\n|turn|16\n|c| zSlowKiller|pregunta totalmente seria\n|c| theultimatepokigod|im setting up a duolingo account now\n|c| ElBau1129|spore doesn\u00b4t affect grass types here too\n|c| zSlowKiller|alguien le esta prestando atencion al combate\n|c| ElBau1129|no, la verdad no\n|c| 00Coosm0|maso menos\n|l| Heidhall\n|\n|t:|1698610833\n|move|p2a: Hydreigon|Dark Hole|p1a: Jellicent\n|-supereffective|p1a: Jellicent\n|-damage|p1a: Jellicent|0 fnt\n|faint|p1a: Jellicent\n|\n|upkeep\n|\n|t:|1698610844\n|switch|p1a: Simisage|Simisage, M|100\/100\n|-damage|p1a: Simisage|88\/100|[from] Stealth Rock\n|turn|17\n|c| Litrowo|pato\n|c| zSlowKiller|pato\n|c| Litrowo|saca a reshiram\n|c| zSlowKiller|pato no le creas\n|c| zSlowKiller|saca al tapu koko\n|j| Heidhall\n|\n|t:|1698610869\n|move|p1a: Simisage|Power Gem|p2a: Hydreigon\n|-damage|p2a: Hydreigon|0 fnt\n|faint|p2a: Hydreigon\n|\n|upkeep\n|\n|t:|1698610873\n|switch|p2a: Gigalith|Gigalith, F|100\/100\n|-weather|Sandstorm|[from] ability: Sand Stream|[of] p2a: Gigalith\n|turn|18\n|c|\u2606PatoPatito08|ey\n|c| ElBau1129|bien ahi pato\n|c| 00Coosm0|seguro que estos monos no son debuffers?\n|l| Heidhall\n|c| ElBau1129|sacando al reshiram y matando al hydreigon\n|\n|t:|1698610893\n|switch|p1a: Landorus|Landorus-Therian, M, shiny|59\/100\n|-damage|p1a: Landorus|47\/100|[from] Stealth Rock\n|-ability|p1a: Landorus|Intimidate|boost\n|-unboost|p2a: Gigalith|atk|1\n|move|p2a: Gigalith|Earthquake|p1a: Landorus\n|-immune|p1a: Landorus\n|\n|-weather|Sandstorm|[upkeep]\n|upkeep\n|turn|19\n|c| zSlowKiller|amigos\n|c| ElBau1129|a que te refieres cosmo?\n|\n|t:|1698610909\n|switch|p2a: Landorus|Landorus-Therian, M|100\/100\n|-ability|p2a: Landorus|Intimidate|boost\n|-unboost|p1a: Landorus|atk|1\n|move|p1a: Landorus|Defog|p2a: Landorus\n|-unboost|p2a: Landorus|evasion|1\n|-sideend|p1: PatoPatito08|Stealth Rock|[from] move: Defog|[of] p1a: Landorus\n|\n|-weather|Sandstorm|[upkeep]\n|upkeep\n|turn|20\n|c| 00Coosm0|estan haciendo la gran yo a chadou\n|c| 00Coosm0|que el tipo perdio 1 combate por mi culpa una vez\n|\n|t:|1698610922\n|move|p2a: Landorus|Knock Off|p1a: Landorus\n|-damage|p1a: Landorus|23\/100\n|move|p1a: Landorus|U-turn|p2a: Landorus\n|-resisted|p2a: Landorus\n|-damage|p2a: Landorus|92\/100\n|c| ElBau1129|ah ya entend\u00ed\n|\n|t:|1698610932\n|switch|p1a: Simisage|Simisage, M|88\/100|[from] U-turn\n|\n|-weather|Sandstorm|[upkeep]\n|-damage|p1a: Simisage|82\/100|[from] Sandstorm\n|-heal|p2a: Landorus|98\/100|[from] item: Leftovers\n|upkeep\n|turn|21\n|c| ElBau1129|xd\n|c| Litrowo|\/\/juan\n|c| zSlowKiller|\/\/juan\n|c| 00Coosm0|simisaje con dark holle\n|c| 00Coosm0|diosss\n|c| zSlowKiller|en q momento vamos en turno 21\n|c| zSlowKiller|yo pense que recien era turno 3\n|c|\u2606PatoPatito08|no se\n|c|\u2606PatoPatito08|cuidado que te hago ice beam\n|\n|t:|1698610978\n|switch|p2a: Volcarona|Volcarona, M|100\/100\n|move|p1a: Simisage|Leaf Storm|p2a: Volcarona\n|-resisted|p2a: Volcarona\n|-damage|p2a: Volcarona|81\/100\n|-unboost|p1a: Simisage|spa|2\n|\n|-weather|Sandstorm|[upkeep]\n|-damage|p1a: Simisage|76\/100|[from] Sandstorm\n|-damage|p2a: Volcarona|75\/100|[from] Sandstorm\n|upkeep\n|turn|22\n|\n|t:|1698610992\n|switch|p1a: Samurott|Samurott, F, shiny|100\/100\n|move|p2a: Volcarona|Quiver Dance|p2a: Volcarona\n|-boost|p2a: Volcarona|spa|1\n|-boost|p2a: Volcarona|spd|1\n|-boost|p2a: Volcarona|spe|1\n|\n|-weather|none\n|upkeep\n|turn|23\n|c| 00Coosm0|bau\n|c| 00Coosm0|tu y yo sabemos lo que se viene\n|c| 00Coosm0|mentira\n|c| 00Coosm0|no se viene nada\n|c| ElBau1129|ya  decia yo\n|c| 00Coosm0|o si\n|c| 00Coosm0|depende de este turno\n|c| zSlowKiller|ya\n|c| zSlowKiller|pero\n|\n|t:|1698611035\n|move|p2a: Volcarona|Fiery Dance|p1a: Samurott\n|-damage|p1a: Samurott|10\/100\n|move|p1a: Samurott|Shell Smash|p1a: Samurott\n|-unboost|p1a: Samurott|def|1\n|-unboost|p1a: Samurott|spd|1\n|-boost|p1a: Samurott|atk|2\n|-boost|p1a: Samurott|spa|2\n|-boost|p1a: Samurott|spe|2\n|-enditem|p1a: Samurott|White Herb\n|-clearnegativeboost|p1a: Samurott|[silent]\n|\n|upkeep\n|turn|24\n|c| 00Coosm0|ay cabron\n|c| zSlowKiller|cuando sacan al kommo o con clangorous soul\n|c| zSlowKiller|diablo loco\n|c|\u2606elbazismail2|debo rezar por la quemadura\n|c| 00Coosm0|bau\n|c| 00Coosm0|vc?\n|c| 00Coosm0|para comentar el combate\n|\n|t:|1698611064\n|switch|p2a: Ferrothorn|Ferrothorn, M|82\/100\n|move|p1a: Samurott|Razor Shell|p2a: Ferrothorn\n|-resisted|p2a: Ferrothorn\n|-damage|p2a: Ferrothorn|54\/100\n|-damage|p1a: Samurott|0 fnt|[from] ability: Iron Barbs|[of] p2a: Ferrothorn\n|faint|p1a: Samurott\n|\n|upkeep\n|c| Litrowo|te la hicieron pato\n|c| ElBau1129|dale\n|c|\u2606PatoPatito08|iba a hacer el lucha\n|c|\u2606PatoPatito08|pero no se porque no lo hice\n|\n|t:|1698611088\n|switch|p1a: Simisage|Simisage, M|76\/100\n|turn|25\n|c| zSlowKiller|el problema es que pato es pendejo\n|c| Litrowo|el anterior lo gano pato no?\n|l| theultimatepokigod\n|\n|t:|1698611104\n|switch|p1a: Volcarona|Volcarona, F, shiny|100\/100\n|move|p2a: Ferrothorn|Thunder Wave|p1a: Volcarona\n|-status|p1a: Volcarona|par\n|\n|upkeep\n|turn|26\n|c| zSlowKiller|si\n|c| ElBau1129|sep\n|c|\u2606PatoPatito08|o no hermano\n|c| zSlowKiller|PATO\n|c| zSlowKiller|THUNDER WAVE\n|c| zSlowKiller|EL REAL\n|c| Litrowo|es el sentido comun\n|c| Litrowo|de alangonzasiete\n|\n|t:|1698611141\n|cant|p1a: Volcarona|par\n|move|p2a: Ferrothorn|Leech Seed|p1a: Volcarona\n|-start|p1a: Volcarona|move: Leech Seed\n|\n|-damage|p1a: Volcarona|88\/100 par|[from] Leech Seed|[of] p2a: Ferrothorn\n|-heal|p2a: Ferrothorn|65\/100|[silent]\n|upkeep\n|turn|27\n|c|\u2606PatoPatito08|a ya\n|\n|t:|1698611151\n|switch|p2a: Gigalith|Gigalith, F|100\/100\n|-weather|Sandstorm|[from] ability: Sand Stream|[of] p2a: Gigalith\n|cant|p1a: Volcarona|par\n|\n|-weather|Sandstorm|[upkeep]\n|-damage|p1a: Volcarona|82\/100 par|[from] Sandstorm\n|-damage|p1a: Volcarona|70\/100 par|[from] Leech Seed|[of] p2a: Gigalith\n|upkeep\n|turn|28\n|c|\u2606PatoPatito08|a ya\n|\n|t:|1698611158\n|switch|p1a: Landorus|Landorus-Therian, M, shiny|23\/100\n|-ability|p1a: Landorus|Intimidate|boost\n|-unboost|p2a: Gigalith|atk|1\n|move|p2a: Gigalith|Explosion|p1a: Landorus\n|-damage|p1a: Landorus|0 fnt\n|faint|p2a: Gigalith\n|faint|p1a: Landorus\n|\n|-weather|Sandstorm|[upkeep]\n|upkeep\n|c| Litrowo|est\u00e1 imitando\n|c| Litrowo|el prime de asiento parking\n|c|\u2606PatoPatito08|te imaginas la remonto\n|\n|t:|1698611192\n|switch|p1a: Volcarona|Volcarona, F, shiny|70\/100 par\n|switch|p2a: Amoonguss|Amoonguss, F|100\/100\n|turn|29\n|\n|t:|1698611198\n|switch|p2a: Landorus|Landorus-Therian, M|98\/100\n|-ability|p2a: Landorus|Intimidate|boost\n|-unboost|p1a: Volcarona|atk|1\n|move|p1a: Volcarona|Quiver Dance|p1a: Volcarona\n|-boost|p1a: Volcarona|spa|1\n|-boost|p1a: Volcarona|spd|1\n|-boost|p1a: Volcarona|spe|1\n|\n|-weather|Sandstorm|[upkeep]\n|-damage|p1a: Volcarona|64\/100 par|[from] Sandstorm\n|-heal|p2a: Landorus|100\/100|[from] item: Leftovers\n|upkeep\n|turn|30\n|c|\u2606PatoPatito08|MI PRIME\n|\n|t:|1698611210\n|move|p2a: Landorus|Earthquake|p1a: Volcarona\n|-damage|p1a: Volcarona|0 fnt\n|faint|p1a: Volcarona\n|\n|-weather|Sandstorm|[upkeep]\n|upkeep\n|c|\u2606PatoPatito08|casi\n|c| Litrowo|no prime\n|\n|t:|1698611214\n|switch|p1a: Simisage|Simisage, M|76\/100\n|turn|31\n|c|\u2606PatoPatito08|gg\n|\n|t:|1698611221\n|switch|p2a: Volcarona|Volcarona, M|75\/100\n|move|p1a: Simisage|Power Gem|p2a: Volcarona\n|-supereffective|p2a: Volcarona\n|-damage|p2a: Volcarona|0 fnt\n|faint|p2a: Volcarona\n|\n|-weather|none\n|upkeep\n|\n|t:|1698611225\n|switch|p2a: Amoonguss|Amoonguss, F|100\/100\n|turn|32\n|c|\u2606PatoPatito08|vamos\n|c| zSlowKiller|salio el predict\n|c| zSlowKiller|pero\n|c| zSlowKiller|ahora que hace\n|c|\u2606PatoPatito08|power gem sweep\n|\n|t:|1698611233\n|move|p1a: Simisage|Power Gem|p2a: Amoonguss\n|-damage|p2a: Amoonguss|77\/100\n|move|p2a: Amoonguss|Clear Smog|p1a: Simisage\n|-supereffective|p1a: Simisage\n|-damage|p1a: Simisage|26\/100\n|-clearboost|p1a: Simisage\n|\n|-heal|p2a: Amoonguss|84\/100|[from] item: Black Sludge\n|upkeep\n|turn|33\n|c|\u2606elbazismail2|ok\n|\n|t:|1698611239\n|move|p1a: Simisage|Power Gem|p2a: Amoonguss\n|-damage|p2a: Amoonguss|60\/100\n|move|p2a: Amoonguss|Clear Smog|p1a: Simisage\n|-supereffective|p1a: Simisage\n|-damage|p1a: Simisage|0 fnt\n|-clearboost|p1a: Simisage\n|faint|p1a: Simisage\n|\n|win|elbazismail2\n|c| zSlowKiller|tanquea\n|c| zSlowKiller|flinch\n|c| 00Coosm0|ggs\n|c| Litrowo|gg pipicucu\n|l|\u2606PatoPatito08\n|c| zSlowKiller|litrowo\n|c| Litrowo|no uso la magia del \/juan\n|c| zSlowKiller|ven a call\n|c|\u2606elbazismail2|a quien baneas\n|c| Litrowo|no\n|l| 00Coosm0\n|l| zSlowKiller\n|l| ElBau1129\n|j| ElBau1129\n|l| ElBau1129\n|l| Litrowo\n|l|\u2606elbazismail2\n|l| Toxic Ariados\n|j|\u2606elbazismail2\n|player|p2|elbazismail2|101\n","uploadtime":1698611467,"views":8,"p1id":"patopatito08","p2id":"elbazismail2","formatid":"gen9anythinggoes","rating":0,"private":0,"password":""}