{"id":"radicalred-gen9anythinggoes-534257","p1":"astro nation suds","p2":"JuicyFatBalls","format":"[Gen 9] Anything Goes","log":"|j|\u2606astro nation suds\n|j|\u2606JuicyFatBalls\n|t:|1697757303\n|gametype|singles\n|player|p1|astro nation suds|170|\n|player|p2|JuicyFatBalls|265|\n|teamsize|p1|6\n|teamsize|p2|6\n|gen|9\n|tier|[Gen 9] Anything Goes\n|rule|HP Percentage Mod: HP is shown in percentages\n|rule|Endless Battle Clause: Forcing endless battles is banned\n|clearpoke\n|poke|p1|Abomasnow, F|\n|poke|p1|Druddigon, F|\n|poke|p1|Iron Jugulis|\n|poke|p1|Lunatone|\n|poke|p1|Cacturne, M|\n|poke|p1|Aurorus, M|\n|poke|p2|Yanmega, M|\n|poke|p2|Mamoswine, M|\n|poke|p2|Cryogonal|\n|poke|p2|Pidgeot, F|\n|poke|p2|Togekiss, F|\n|poke|p2|Arceus-Ice|\n|teampreview\n|\n|t:|1697757325\n|start\n|switch|p1a: Druddigon|Druddigon, F|100\/100\n|switch|p2a: Pidgeot|Pidgeot, F|100\/100\n|turn|1\n|\n|t:|1697757340\n|switch|p2a: Togekiss|Togekiss, F|100\/100\n|move|p1a: Druddigon|Glare|p2a: Togekiss\n|-status|p2a: Togekiss|par\n|\n|upkeep\n|turn|2\n|\n|t:|1697757349\n|move|p1a: Druddigon|Stealth Rock|p2a: Togekiss\n|-sidestart|p2: JuicyFatBalls|move: Stealth Rock\n|move|p2a: Togekiss|Thunder Wave|p1a: Druddigon\n|-status|p1a: Druddigon|par\n|\n|upkeep\n|turn|3\n|\n|t:|1697757374\n|switch|p1a: Aurorus|Aurorus, M|100\/100\n|-weather|Snow|[from] ability: Snow Warning|[of] p1a: Aurorus\n|move|p2a: Togekiss|Thunder Wave|p1a: Aurorus\n|-status|p1a: Aurorus|par\n|\n|-weather|Snow|[upkeep]\n|upkeep\n|turn|4\n|\n|t:|1697757383\n|move|p2a: Togekiss|Air Slash|p1a: Aurorus\n|-resisted|p1a: Aurorus\n|-damage|p1a: Aurorus|86\/100 par\n|move|p1a: Aurorus|Diamond Storm|p2a: Togekiss\n|-supereffective|p2a: Togekiss\n|-damage|p2a: Togekiss|42\/100 par\n|\n|-weather|Snow|[upkeep]\n|-heal|p2a: Togekiss|48\/100 par|[from] item: Leftovers\n|upkeep\n|turn|5\n|\n|t:|1697757391\n|move|p2a: Togekiss|Air Slash|p1a: Aurorus\n|-resisted|p1a: Aurorus\n|-damage|p1a: Aurorus|69\/100 par\n|cant|p1a: Aurorus|flinch\n|\n|-weather|Snow|[upkeep]\n|-heal|p2a: Togekiss|55\/100 par|[from] item: Leftovers\n|upkeep\n|turn|6\n|\n|t:|1697757397\n|switch|p1a: Lunatone|Lunatone|100\/100\n|move|p2a: Togekiss|Air Slash|p1a: Lunatone\n|-resisted|p1a: Lunatone\n|-damage|p1a: Lunatone|77\/100\n|\n|-weather|Snow|[upkeep]\n|-heal|p2a: Togekiss|61\/100 par|[from] item: Leftovers\n|upkeep\n|turn|7\n|\n|t:|1697757409\n|move|p1a: Lunatone|Power Gem|p2a: Togekiss\n|-supereffective|p2a: Togekiss\n|-damage|p2a: Togekiss|1\/100 par\n|move|p2a: Togekiss|Grass Knot|p1a: Lunatone\n|-supereffective|p1a: Lunatone\n|-damage|p1a: Lunatone|0 fnt\n|faint|p1a: Lunatone\n|\n|-weather|Snow|[upkeep]\n|-heal|p2a: Togekiss|7\/100 par|[from] item: Leftovers\n|upkeep\n|\n|t:|1697757417\n|switch|p1a: Cacturne|Cacturne, M|100\/100\n|turn|8\n|\n|t:|1697757420\n|move|p1a: Cacturne|Trailblaze|p2a: Togekiss\n|-resisted|p2a: Togekiss\n|-crit|p2a: Togekiss\n|-damage|p2a: Togekiss|0 fnt\n|-boost|p1a: Cacturne|spe|1\n|faint|p2a: Togekiss\n|\n|-weather|Snow|[upkeep]\n|upkeep\n|\n|t:|1697757429\n|switch|p2a: Pidgeot|Pidgeot, F|100\/100\n|-damage|p2a: Pidgeot|76\/100|[from] Stealth Rock\n|turn|9\n|\n|t:|1697757435\n|detailschange|p2a: Pidgeot|Pidgeot-Mega, F\n|-mega|p2a: Pidgeot|Pidgeot|Pidgeotite\n|move|p2a: Pidgeot|Hurricane|p1a: Cacturne\n|-supereffective|p1a: Cacturne\n|-enditem|p1a: Cacturne|Focus Sash\n|-damage|p1a: Cacturne|1\/100\n|move|p1a: Cacturne|Trailblaze|p2a: Pidgeot\n|-resisted|p2a: Pidgeot\n|-damage|p2a: Pidgeot|59\/100\n|-boost|p1a: Cacturne|spe|1\n|\n|-weather|Snow|[upkeep]\n|upkeep\n|turn|10\n|\n|t:|1697757446\n|move|p1a: Cacturne|Destiny Bond|p1a: Cacturne\n|-singlemove|p1a: Cacturne|Destiny Bond\n|move|p2a: Pidgeot|Roost|p2a: Pidgeot\n|-heal|p2a: Pidgeot|100\/100\n|-singleturn|p2a: Pidgeot|move: Roost\n|\n|-weather|none\n|upkeep\n|turn|11\n|\n|t:|1697757457\n|switch|p2a: Mamoswine|Mamoswine, M|100\/100\n|-damage|p2a: Mamoswine|88\/100|[from] Stealth Rock\n|move|p1a: Cacturne|Dark Hole|p2a: Mamoswine\n|-damage|p2a: Mamoswine|42\/100\n|-status|p2a: Mamoswine|slp|[from] move: Dark Hole\n|\n|upkeep\n|turn|12\n|\n|t:|1697757477\n|cant|p2a: Mamoswine|slp\n|move|p1a: Cacturne|Dark Hole|p2a: Mamoswine\n|-crit|p2a: Mamoswine\n|-damage|p2a: Mamoswine|0 fnt\n|faint|p2a: Mamoswine\n|\n|upkeep\n|\n|t:|1697757489\n|switch|p2a: Arceus|Arceus-Ice|100\/100\n|-damage|p2a: Arceus|76\/100|[from] Stealth Rock\n|turn|13\n|\n|t:|1697757493\n|move|p2a: Arceus|Extreme Speed|p1a: Cacturne\n|-damage|p1a: Cacturne|0 fnt\n|faint|p1a: Cacturne\n|\n|upkeep\n|\n|t:|1697757503\n|switch|p1a: Aurorus|Aurorus, M|69\/100 par\n|-weather|Snow|[from] ability: Snow Warning|[of] p1a: Aurorus\n|turn|14\n|\n|t:|1697757511\n|switch|p2a: Cryogonal|Cryogonal|100\/100\n|-damage|p2a: Cryogonal|76\/100|[from] Stealth Rock\n|move|p1a: Aurorus|Diamond Storm|p2a: Cryogonal\n|-supereffective|p2a: Cryogonal\n|-damage|p2a: Cryogonal|18\/100\n|-boost|p1a: Aurorus|def|2\n|\n|-weather|Snow|[upkeep]\n|upkeep\n|turn|15\n|\n|t:|1697757520\n|move|p2a: Cryogonal|Hidden Power|p1a: Aurorus\n|-supereffective|p1a: Aurorus\n|-damage|p1a: Aurorus|0 fnt\n|faint|p1a: Aurorus\n|\n|-weather|Snow|[upkeep]\n|upkeep\n|\n|t:|1697757537\n|switch|p1a: Abomasnow|Abomasnow, F|100\/100\n|turn|16\n|\n|t:|1697757545\n|move|p2a: Cryogonal|Hidden Power|p1a: Abomasnow\n|-supereffective|p1a: Abomasnow\n|-damage|p1a: Abomasnow|37\/100\n|move|p1a: Abomasnow|Swords Dance|p1a: Abomasnow\n|-boost|p1a: Abomasnow|atk|2\n|\n|-weather|Snow|[upkeep]\n|upkeep\n|turn|17\n|\n|t:|1697757553\n|detailschange|p1a: Abomasnow|Abomasnow-Mega, F\n|-mega|p1a: Abomasnow|Abomasnow|Abomasite\n|move|p1a: Abomasnow|Bullet Seed|p2a: Cryogonal\n|-damage|p2a: Cryogonal|0 fnt\n|faint|p2a: Cryogonal\n|-hitcount|p2: Cryogonal|1\n|\n|-weather|Snow|[upkeep]\n|upkeep\n|\n|t:|1697757572\n|switch|p2a: Arceus|Arceus-Ice|76\/100\n|-damage|p2a: Arceus|51\/100|[from] Stealth Rock\n|turn|18\n|\n|t:|1697757576\n|move|p2a: Arceus|Extreme Speed|p1a: Abomasnow\n|-damage|p1a: Abomasnow|25\/100\n|move|p1a: Abomasnow|Bullet Seed|p2a: Arceus\n|-damage|p2a: Arceus|35\/100\n|-damage|p2a: Arceus|21\/100\n|-damage|p2a: Arceus|6\/100\n|-damage|p2a: Arceus|0 fnt\n|faint|p2a: Arceus\n|-hitcount|p2: Arceus|4\n|\n|-weather|Snow|[upkeep]\n|upkeep\n|c|\u2606astro nation suds|SNOW DEFENSE BOOST\n|c|\u2606JuicyFatBalls|So lucky man\n|c|\u2606JuicyFatBalls|4 hit smh\n|c|\u2606astro nation suds|shush\n|c|\u2606astro nation suds|you didnt 2hko\n|\n|t:|1697757612\n|switch|p2a: Yanmega|Yanmega, M|100\/100\n|-damage|p2a: Yanmega|51\/100|[from] Stealth Rock\n|turn|19\n|\n|t:|1697757618\n|move|p1a: Abomasnow|Mountain Gale|p2a: Yanmega\n|-supereffective|p2a: Yanmega\n|-damage|p2a: Yanmega|0 fnt\n|faint|p2a: Yanmega\n|\n|-weather|Snow|[upkeep]\n|upkeep\n|\n|t:|1697757644\n|switch|p2a: Pidgeot|Pidgeot-Mega, F|100\/100\n|-damage|p2a: Pidgeot|76\/100|[from] Stealth Rock\n|turn|20\n|\n|t:|1697757648\n|move|p1a: Abomasnow|Mountain Gale|p2a: Pidgeot\n|-supereffective|p2a: Pidgeot\n|-damage|p2a: Pidgeot|0 fnt\n|faint|p2a: Pidgeot\n|\n|win|astro nation suds\n|c|\u2606JuicyFatBalls|gg\n|l|\u2606JuicyFatBalls\n|c|\u2606astro nation suds|gg\n","uploadtime":1697757718,"views":9,"p1id":"astronationsuds","p2id":"juicyfatballs","formatid":"gen9anythinggoes","rating":0,"private":0,"password":""}