{"id":"radicalred-gen9anythinggoes-548431","p1":"Pengwoo","p2":"VascoRB","format":"[Gen 9] Anything Goes","log":"|j|\u2606Pengwoo\n|j|\u2606VascoRB\n|t:|1700338797\n|gametype|singles\n|player|p1|Pengwoo|rr-houndoommega|\n|player|p2|VascoRB|169|\n|teamsize|p1|6\n|teamsize|p2|6\n|gen|9\n|tier|[Gen 9] Anything Goes\n|rule|HP Percentage Mod: HP is shown in percentages\n|rule|Endless Battle Clause: Forcing endless battles is banned\n|clearpoke\n|poke|p1|Iron Jugulis|\n|poke|p1|Beartic, F|\n|poke|p1|Milotic-Sevii, F|\n|poke|p1|Sceptile, F|\n|poke|p1|Alomomola, F|\n|poke|p1|Furfrou, M|\n|poke|p2|Dragapult, F|\n|poke|p2|Carnivine-Sevii, M|\n|poke|p2|Pelipper, F|\n|poke|p2|Orbeetle, M|\n|poke|p2|Crawdaunt, M|\n|poke|p2|Krookodile, M|\n|teampreview\n|j| ZAYSAYDAYMAYBAYFAY\n|\n|t:|1700338849\n|start\n|switch|p1a: Sceptile|Sceptile, F|100\/100\n|switch|p2a: Orbeetle|Orbeetle, M|100\/100\n|-item|p1a: Sceptile|Sceptilite|[from] ability: Frisk|[of] p2a: Orbeetle|[identify]\n|turn|1\n|\n|t:|1700338878\n|switch|p1a: Milotic|Milotic-Sevii, F|100\/100\n|detailschange|p2a: Orbeetle|Orbeetle-Mega, M\n|-mega|p2a: Orbeetle|Orbeetle|Orbeetlite\n|move|p2a: Orbeetle|Bug Buzz|p1a: Milotic\n|-resisted|p1a: Milotic\n|-damage|p1a: Milotic|84\/100\n|\n|-heal|p1a: Milotic|90\/100|[from] item: Leftovers\n|upkeep\n|turn|2\n|\n|t:|1700338887\n|move|p2a: Orbeetle|Sticky Web|p1a: Milotic\n|-sidestart|p1: Pengwoo|move: Sticky Web\n|move|p1a: Milotic|Flip Turn|p2a: Orbeetle\n|-damage|p2a: Orbeetle|92\/100\n|\n|t:|1700338899\n|switch|p1a: Iron Jugulis|Iron Jugulis|100\/100|[from] Flip Turn\n|-enditem|p1a: Iron Jugulis|Booster Energy\n|-activate|p1a: Iron Jugulis|ability: Quark Drive|[fromitem]\n|-start|p1a: Iron Jugulis|quarkdrivespe\n|\n|upkeep\n|turn|3\n|\n|t:|1700338931\n|move|p1a: Iron Jugulis|Substitute|p1a: Iron Jugulis\n|-start|p1a: Iron Jugulis|Substitute\n|-damage|p1a: Iron Jugulis|76\/100\n|move|p2a: Orbeetle|Bug Buzz|p1a: Iron Jugulis\n|-damage|p1a: Iron Jugulis|18\/100\n|-unboost|p1a: Iron Jugulis|spd|1\n|\n|upkeep\n|turn|4\n|l| ZAYSAYDAYMAYBAYFAY\n|\n|t:|1700338984\n|move|p1a: Iron Jugulis|Aeroblast|p2a: Orbeetle\n|-supereffective|p2a: Orbeetle\n|-damage|p2a: Orbeetle|0 fnt\n|faint|p2a: Orbeetle\n|\n|upkeep\n|\n|t:|1700338989\n|switch|p2a: Carnivine|Carnivine-Sevii, M|100\/100\n|turn|5\n|\n|t:|1700338992\n|move|p1a: Iron Jugulis|Nasty Plot|p1a: Iron Jugulis\n|-boost|p1a: Iron Jugulis|spa|2\n|move|p2a: Carnivine|Gyro Ball|p1a: Iron Jugulis\n|-end|p1a: Iron Jugulis|Substitute\n|\n|upkeep\n|turn|6\n|\n|t:|1700339053\n|move|p1a: Iron Jugulis|Dark Pulse|p2a: Carnivine\n|-damage|p2a: Carnivine|28\/100\n|move|p2a: Carnivine|Gyro Ball|p1a: Iron Jugulis\n|-damage|p1a: Iron Jugulis|0 fnt\n|faint|p1a: Iron Jugulis\n|-end|p1a: Iron Jugulis|Quark Drive|[silent]\n|\n|-heal|p2a: Carnivine|34\/100|[from] item: Leftovers\n|upkeep\n|\n|t:|1700339066\n|switch|p1a: Beartic|Beartic, F|100\/100\n|-activate|p1a: Beartic|move: Sticky Web\n|-unboost|p1a: Beartic|spe|1\n|turn|7\n|\n|t:|1700339078\n|move|p1a: Beartic|Close Combat|p2a: Carnivine\n|-damage|p2a: Carnivine|0 fnt\n|-unboost|p1a: Beartic|def|1\n|-unboost|p1a: Beartic|spd|1\n|faint|p2a: Carnivine\n|\n|upkeep\n|j| GrouchyWouchy\n|\n|t:|1700339095\n|switch|p2a: Pelipper|Pelipper, F|100\/100\n|-weather|RainDance|[from] ability: Drizzle|[of] p2a: Pelipper\n|turn|8\n|\n|t:|1700339103\n|switch|p1a: Alomomola|Alomomola, F|100\/100\n|-activate|p1a: Alomomola|move: Sticky Web\n|-unboost|p1a: Alomomola|spe|1\n|move|p2a: Pelipper|U-turn|p1a: Alomomola\n|-damage|p1a: Alomomola|96\/100\n|\n|t:|1700339109\n|switch|p2a: Crawdaunt|Crawdaunt, M|100\/100|[from] U-turn\n|\n|-weather|RainDance|[upkeep]\n|-heal|p1a: Alomomola|100\/100|[from] item: Leftovers\n|upkeep\n|turn|9\n|\n|t:|1700339115\n|move|p2a: Crawdaunt|Dragon Dance|p2a: Crawdaunt\n|-boost|p2a: Crawdaunt|atk|1\n|-boost|p2a: Crawdaunt|spe|1\n|move|p1a: Alomomola|Toxic|p2a: Crawdaunt\n|-status|p2a: Crawdaunt|tox\n|\n|-weather|RainDance|[upkeep]\n|-damage|p2a: Crawdaunt|95\/100 tox|[from] psn\n|upkeep\n|turn|10\n|\n|t:|1700339122\n|move|p2a: Crawdaunt|Knock Off|p1a: Alomomola\n|-damage|p1a: Alomomola|39\/100\n|-enditem|p1a: Alomomola|Leftovers|[from] move: Knock Off|[of] p2a: Crawdaunt\n|-damage|p2a: Crawdaunt|85\/100 tox|[from] item: Life Orb\n|move|p1a: Alomomola|Wish|p1a: Alomomola\n|\n|-weather|RainDance|[upkeep]\n|-damage|p2a: Crawdaunt|73\/100 tox|[from] psn\n|upkeep\n|turn|11\n|\n|t:|1700339131\n|move|p1a: Alomomola|Protect|p1a: Alomomola\n|-singleturn|p1a: Alomomola|Protect\n|move|p2a: Crawdaunt|Close Combat|p1a: Alomomola\n|-activate|p1a: Alomomola|move: Protect\n|\n|-weather|RainDance|[upkeep]\n|-heal|p1a: Alomomola|89\/100|[from] move: Wish|[wisher] Alomomola\n|-damage|p2a: Crawdaunt|55\/100 tox|[from] psn\n|upkeep\n|turn|12\n|\n|t:|1700339140\n|move|p2a: Crawdaunt|Close Combat|p1a: Alomomola\n|-crit|p1a: Alomomola\n|-damage|p1a: Alomomola|26\/100\n|-unboost|p2a: Crawdaunt|def|1\n|-unboost|p2a: Crawdaunt|spd|1\n|-damage|p2a: Crawdaunt|45\/100 tox|[from] item: Life Orb\n|move|p1a: Alomomola|Wish|p1a: Alomomola\n|\n|-weather|RainDance|[upkeep]\n|-damage|p2a: Crawdaunt|21\/100 tox|[from] psn\n|upkeep\n|turn|13\n|\n|t:|1700339152\n|move|p1a: Alomomola|Protect|p1a: Alomomola\n|-singleturn|p1a: Alomomola|Protect\n|move|p2a: Crawdaunt|Crabhammer|p1a: Alomomola\n|-activate|p1a: Alomomola|move: Protect\n|\n|-weather|RainDance|[upkeep]\n|-heal|p1a: Alomomola|76\/100|[from] move: Wish|[wisher] Alomomola\n|-damage|p2a: Crawdaunt|0 fnt|[from] psn\n|faint|p2a: Crawdaunt\n|upkeep\n|\n|t:|1700339161\n|switch|p2a: Dragapult|Dragapult, F|100\/100\n|turn|14\n|\n|t:|1700339173\n|switch|p1a: Milotic|Milotic-Sevii, F|90\/100\n|-activate|p1a: Milotic|move: Sticky Web\n|-unboost|p1a: Milotic|spe|1\n|move|p2a: Dragapult|Hydro Pump|p1a: Milotic\n|-supereffective|p1a: Milotic\n|-damage|p1a: Milotic|20\/100\n|\n|-weather|RainDance|[upkeep]\n|-heal|p1a: Milotic|26\/100|[from] item: Leftovers\n|upkeep\n|turn|15\n|\n|t:|1700339183\n|switch|p1a: Sceptile|Sceptile, F|100\/100\n|-activate|p1a: Sceptile|move: Sticky Web\n|-unboost|p1a: Sceptile|spe|1\n|move|p2a: Dragapult|Hydro Pump|p1a: Sceptile\n|-resisted|p1a: Sceptile\n|-damage|p1a: Sceptile|83\/100\n|\n|-weather|none\n|upkeep\n|turn|16\n|\n|t:|1700339193\n|switch|p2a: Pelipper|Pelipper, F|100\/100\n|-weather|RainDance|[from] ability: Drizzle|[of] p2a: Pelipper\n|detailschange|p1a: Sceptile|Sceptile-Mega, F\n|-mega|p1a: Sceptile|Sceptile|Sceptilite\n|move|p1a: Sceptile|Scale Shot|p2a: Pelipper\n|-damage|p2a: Pelipper|77\/100\n|-damage|p2a: Pelipper|57\/100\n|-hitcount|p2a: Pelipper|2\n|-unboost|p1a: Sceptile|def|1\n|-boost|p1a: Sceptile|spe|1\n|\n|-weather|RainDance|[upkeep]\n|upkeep\n|turn|17\n|j| Godigimon\n|\n|t:|1700339295\n|move|p1a: Sceptile|Scale Shot|p2a: Pelipper\n|-damage|p2a: Pelipper|34\/100\n|-damage|p2a: Pelipper|12\/100\n|-damage|p2a: Pelipper|0 fnt\n|faint|p2a: Pelipper\n|-hitcount|p2: Pelipper|3\n|-unboost|p1a: Sceptile|def|1\n|-boost|p1a: Sceptile|spe|1\n|\n|-weather|RainDance|[upkeep]\n|upkeep\n|\n|t:|1700339307\n|switch|p2a: Krookodile|Krookodile, M|100\/100\n|turn|18\n|\n|t:|1700339318\n|move|p1a: Sceptile|Low Sweep|p2a: Krookodile\n|-supereffective|p2a: Krookodile\n|-crit|p2a: Krookodile\n|-damage|p2a: Krookodile|0 fnt\n|faint|p2a: Krookodile\n|\n|-weather|RainDance|[upkeep]\n|upkeep\n|\n|t:|1700339323\n|switch|p2a: Dragapult|Dragapult, F|100\/100\n|turn|19\n|c|\u2606VascoRB|gg\n|\n|t:|1700339330\n|move|p1a: Sceptile|Scale Shot|p2a: Dragapult\n|-supereffective|p2a: Dragapult\n|-damage|p2a: Dragapult|52\/100\n|-supereffective|p2a: Dragapult\n|-damage|p2a: Dragapult|10\/100\n|-hitcount|p2a: Dragapult|2\n|-unboost|p1a: Sceptile|def|1\n|-boost|p1a: Sceptile|spe|1\n|move|p2a: Dragapult|Shadow Ball|p1a: Sceptile\n|-damage|p1a: Sceptile|32\/100\n|-unboost|p1a: Sceptile|spd|1\n|\n|-weather|RainDance|[upkeep]\n|upkeep\n|turn|20\n|c|\u2606Pengwoo|gg\n|c|\u2606Pengwoo|really sorry\n|c|\u2606Pengwoo|for the thing\n|\n|t:|1700339342\n|move|p1a: Sceptile|Rock Tomb|p2a: Dragapult\n|-damage|p2a: Dragapult|0 fnt\n|faint|p2a: Dragapult\n|\n|win|Pengwoo\n|c|\u2606VascoRB|it is what it is\n","uploadtime":1700339391,"views":28,"p1id":"pengwoo","p2id":"vascorb","formatid":"gen9anythinggoes","rating":0,"private":0,"password":""}