{"id":"radicalred-gen9anythinggoes-548624","p1":"don7","p2":"BauerBob","format":"[Gen 9] Anything Goes","log":"|j|\u2606don7\n|j|\u2606BauerBob\n|t:|1700407476\n|gametype|singles\n|player|p1|don7|rr-deoxys|\n|player|p2|BauerBob|rr-lechonk|\n|teamsize|p1|6\n|teamsize|p2|6\n|gen|9\n|tier|[Gen 9] Anything Goes\n|rule|HP Percentage Mod: HP is shown in percentages\n|rule|Endless Battle Clause: Forcing endless battles is banned\n|clearpoke\n|poke|p1|Kleavor, M|\n|poke|p1|Annihilape, F|\n|poke|p1|Meowscarada, M|\n|poke|p1|Hydreigon, M|\n|poke|p1|Diancie|\n|poke|p1|Grapploct, M|\n|poke|p2|Victini|\n|poke|p2|Sandslash, F|\n|poke|p2|Alcremie, F|\n|poke|p2|Quaquaval, M|\n|poke|p2|Vaporeon, M|\n|poke|p2|Jolteon, F|\n|teampreview\n|j| Blankeeee\n|j| fucsiada\n|\n|t:|1700407543\n|start\n|switch|p1a: Annihilape|Annihilape, F|100\/100\n|switch|p2a: Victini|Victini|100\/100\n|turn|1\n|c|\u2606don7|https:\/\/replay.pokemonshowdown.com\/radicalred-gen9anythinggoes-548623\n|\n|t:|1700407599\n|switch|p1a: Hydreigon|Hydreigon, M|100\/100\n|move|p2a: Victini|U-turn|p1a: Hydreigon\n|-supereffective|p1a: Hydreigon\n|-damage|p1a: Hydreigon|48\/100\n|\n|t:|1700407615\n|switch|p2a: Alcremie|Alcremie, F|100\/100|[from] U-turn\n|\n|upkeep\n|turn|2\n|\n|t:|1700407704\n|detailschange|p2a: Alcremie|Alcremie-Mega, F\n|-mega|p2a: Alcremie|Alcremie|Alcremite\n|move|p1a: Hydreigon|Fire Blast|p2a: Alcremie\n|-damage|p2a: Alcremie|71\/100\n|move|p2a: Alcremie|Moonblast|p1a: Hydreigon\n|-supereffective|p1a: Hydreigon\n|-damage|p1a: Hydreigon|0 fnt\n|faint|p1a: Hydreigon\n|\n|-heal|p2a: Alcremie|77\/100|[from] ability: Self Sufficient\n|upkeep\n|\n|t:|1700407725\n|switch|p1a: Meowscarada|Meowscarada, M|100\/100\n|turn|3\n|\n|t:|1700407748\n|move|p1a: Meowscarada|Cut|p2a: Alcremie\n|-start|p1a: Meowscarada|typechange|Steel|[from] ability: Protean\n|-supereffective|p2a: Alcremie\n|-damage|p2a: Alcremie|0 fnt\n|faint|p2a: Alcremie\n|\n|upkeep\n|\n|t:|1700407758\n|switch|p2a: Victini|Victini|100\/100\n|turn|4\n|\n|t:|1700407763\n|switch|p1a: Diancie|Diancie|100\/100\n|move|p2a: Victini|V-create|p1a: Diancie\n|-resisted|p1a: Diancie\n|-damage|p1a: Diancie|58\/100\n|-unboost|p2a: Victini|spe|1\n|-unboost|p2a: Victini|def|1\n|-unboost|p2a: Victini|spd|1\n|\n|upkeep\n|turn|5\n|\n|t:|1700407787\n|switch|p2a: Vaporeon|Vaporeon, M|100\/100\n|move|p1a: Diancie|Diamond Storm|p2a: Vaporeon\n|-damage|p2a: Vaporeon|74\/100\n|\n|-heal|p2a: Vaporeon|80\/100|[from] item: Leftovers\n|upkeep\n|turn|6\n|\n|t:|1700407807\n|switch|p1a: Grapploct|Grapploct, M|100\/100\n|move|p2a: Vaporeon|Toxic|p1a: Grapploct\n|-status|p1a: Grapploct|tox\n|\n|-heal|p2a: Vaporeon|86\/100|[from] item: Leftovers\n|-damage|p1a: Grapploct|95\/100 tox|[from] psn\n|upkeep\n|turn|7\n|\n|t:|1700407818\n|switch|p2a: Sandslash|Sandslash, F|100\/100\n|move|p1a: Grapploct|Arm Thrust|p2a: Sandslash\n|-damage|p2a: Sandslash|89\/100\n|-damage|p1a: Grapploct|78\/100 tox|[from] item: Rocky Helmet|[of] p2a: Sandslash\n|-damage|p2a: Sandslash|76\/100\n|-damage|p1a: Grapploct|61\/100 tox|[from] item: Rocky Helmet|[of] p2a: Sandslash\n|-damage|p2a: Sandslash|63\/100\n|-damage|p1a: Grapploct|45\/100 tox|[from] item: Rocky Helmet|[of] p2a: Sandslash\n|-damage|p2a: Sandslash|50\/100\n|-damage|p1a: Grapploct|28\/100 tox|[from] item: Rocky Helmet|[of] p2a: Sandslash\n|-damage|p2a: Sandslash|39\/100\n|-damage|p1a: Grapploct|11\/100 tox|[from] item: Rocky Helmet|[of] p2a: Sandslash\n|-hitcount|p2a: Sandslash|5\n|\n|-damage|p1a: Grapploct|0 fnt|[from] psn\n|faint|p1a: Grapploct\n|upkeep\n|\n|t:|1700407847\n|switch|p1a: Diancie|Diancie|58\/100\n|turn|8\n|\n|t:|1700407853\n|switch|p2a: Vaporeon|Vaporeon, M|86\/100\n|detailschange|p1a: Diancie|Diancie-Mega\n|-mega|p1a: Diancie|Diancie|Diancite\n|move|p1a: Diancie|Moonblast|p2a: Vaporeon\n|-crit|p2a: Vaporeon\n|-damage|p2a: Vaporeon|38\/100\n|\n|-heal|p2a: Vaporeon|45\/100|[from] item: Leftovers\n|upkeep\n|turn|9\n|\n|t:|1700407870\n|switch|p1a: Meowscarada|Meowscarada, M|100\/100\n|move|p2a: Vaporeon|Scald|p1a: Meowscarada\n|-resisted|p1a: Meowscarada\n|-damage|p1a: Meowscarada|76\/100\n|-status|p1a: Meowscarada|brn\n|\n|-heal|p2a: Vaporeon|51\/100|[from] item: Leftovers\n|-damage|p1a: Meowscarada|70\/100 brn|[from] brn\n|upkeep\n|turn|10\n|\n|t:|1700407910\n|switch|p2a: Sandslash|Sandslash, F|39\/100\n|move|p1a: Meowscarada|Knock Off|p2a: Sandslash\n|-start|p1a: Meowscarada|typechange|Dark|[from] ability: Protean\n|-damage|p2a: Sandslash|18\/100\n|-damage|p1a: Meowscarada|53\/100 brn|[from] item: Rocky Helmet|[of] p2a: Sandslash\n|-enditem|p2a: Sandslash|Rocky Helmet|[from] move: Knock Off|[of] p1a: Meowscarada\n|\n|-damage|p1a: Meowscarada|47\/100 brn|[from] brn\n|upkeep\n|turn|11\n|\n|t:|1700407990\n|move|p1a: Meowscarada|Knock Off|p2a: Sandslash\n|-damage|p2a: Sandslash|3\/100\n|move|p2a: Sandslash|Stealth Rock|p1a: Meowscarada\n|-sidestart|p1: don7|move: Stealth Rock\n|\n|-damage|p1a: Meowscarada|41\/100 brn|[from] brn\n|upkeep\n|turn|12\n|\n|t:|1700408000\n|move|p1a: Meowscarada|Knock Off|p2a: Sandslash\n|-damage|p2a: Sandslash|0 fnt\n|faint|p2a: Sandslash\n|\n|-damage|p1a: Meowscarada|35\/100 brn|[from] brn\n|upkeep\n|\n|t:|1700408017\n|switch|p2a: Quaquaval|Quaquaval, M|100\/100\n|turn|13\n|\n|t:|1700408052\n|move|p1a: Meowscarada|Knock Off|p2a: Quaquaval\n|-resisted|p2a: Quaquaval\n|-damage|p2a: Quaquaval|78\/100\n|-enditem|p2a: Quaquaval|Mystic Water|[from] move: Knock Off|[of] p1a: Meowscarada\n|move|p2a: Quaquaval|Aqua Step|p1a: Meowscarada\n|-damage|p1a: Meowscarada|0 fnt\n|-boost|p2a: Quaquaval|spe|1\n|faint|p1a: Meowscarada\n|-ability|p2a: Quaquaval|Moxie|boost\n|-boost|p2a: Quaquaval|atk|1\n|\n|upkeep\n|\n|t:|1700408058\n|switch|p1a: Annihilape|Annihilape, F|100\/100\n|-damage|p1a: Annihilape|94\/100|[from] Stealth Rock\n|turn|14\n|\n|t:|1700408100\n|move|p1a: Annihilape|Close Combat|p2a: Quaquaval\n|-damage|p2a: Quaquaval|0 fnt\n|-unboost|p1a: Annihilape|def|1\n|-unboost|p1a: Annihilape|spd|1\n|faint|p2a: Quaquaval\n|\n|upkeep\n|\n|t:|1700408107\n|switch|p2a: Victini|Victini|100\/100\n|turn|15\n|\n|t:|1700408117\n|switch|p1a: Kleavor|Kleavor, M|100\/100\n|-damage|p1a: Kleavor|76\/100|[from] Stealth Rock\n|move|p2a: Victini|Bolt Strike|p1a: Kleavor\n|-damage|p1a: Kleavor|32\/100\n|\n|upkeep\n|turn|16\n|\n|t:|1700408126\n|move|p2a: Victini|Bolt Strike|p1a: Kleavor\n|-damage|p1a: Kleavor|0 fnt\n|faint|p1a: Kleavor\n|\n|upkeep\n|\n|t:|1700408128\n|switch|p1a: Diancie|Diancie-Mega|58\/100\n|-damage|p1a: Diancie|45\/100|[from] Stealth Rock\n|turn|17\n|\n|t:|1700408134\n|move|p2a: Victini|Bolt Strike|p1a: Diancie\n|-damage|p1a: Diancie|0 fnt\n|faint|p1a: Diancie\n|\n|upkeep\n|\n|t:|1700408137\n|switch|p1a: Annihilape|Annihilape, F|94\/100\n|-damage|p1a: Annihilape|88\/100|[from] Stealth Rock\n|turn|18\n|\n|t:|1700408149\n|move|p1a: Annihilape|Earthquake|p2a: Victini\n|-supereffective|p2a: Victini\n|-damage|p2a: Victini|34\/100\n|move|p2a: Victini|Bolt Strike|p1a: Annihilape\n|-damage|p1a: Annihilape|38\/100\n|-status|p1a: Annihilape|par\n|\n|upkeep\n|turn|19\n|\n|t:|1700408157\n|move|p2a: Victini|Bolt Strike|p1a: Annihilape\n|-damage|p1a: Annihilape|0 fnt\n|faint|p1a: Annihilape\n|\n|win|BauerBob\n","uploadtime":1700408183,"views":4,"p1id":"don7","p2id":"bauerbob","formatid":"gen9anythinggoes","rating":0,"private":0,"password":""}