{"id":"radicalred-gen9anythinggoes-537489","p1":"Elias_666","p2":"Detowo","format":"[Gen 9] Anything Goes","log":"|j|\u2606Elias_666\n|j|\u2606Detowo\n|t:|1698268149\n|gametype|singles\n|player|p1|Elias_666|266|\n|player|p2|Detowo|rr-bewear|\n|teamsize|p1|6\n|teamsize|p2|6\n|gen|9\n|tier|[Gen 9] Anything Goes\n|rule|HP Percentage Mod: HP is shown in percentages\n|rule|Endless Battle Clause: Forcing endless battles is banned\n|rule|Sleep Clause Mod: Limit one foe put to sleep\n|clearpoke\n|poke|p1|Darmanitan, F|\n|poke|p1|Ferrothorn, F|\n|poke|p1|Galvantula, F|\n|poke|p1|Hydreigon, M|\n|poke|p1|Conkeldurr, F|\n|poke|p1|Jellicent, M|\n|poke|p2|Darmanitan, M|\n|poke|p2|Keldeo-Resolute|\n|poke|p2|Ferrothorn, M|\n|poke|p2|Conkeldurr, F|\n|poke|p2|Hydreigon, M|\n|poke|p2|Galvantula, F|\n|teampreview\n|c|\u2606Elias_666|Glhf\n|j| PatoPatito08\n|c|\u2606Detowo|glhf\n|\n|t:|1698268173\n|start\n|switch|p1a: Galvantula|Galvantula, F|100\/100\n|switch|p2a: KUKIS|Galvantula, F|100\/100\n|turn|1\n|\n|t:|1698268185\n|move|p1a: Galvantula|Sticky Web|p2a: KUKIS\n|-sidestart|p2: Detowo|move: Sticky Web\n|move|p2a: KUKIS|Sticky Web|p1a: Galvantula\n|-sidestart|p1: Elias_666|move: Sticky Web\n|\n|upkeep\n|turn|2\n|inactive|Battle timer is ON: inactive players will automatically lose when time's up. (requested by Elias_666)\n|\n|t:|1698268223\n|move|p2a: KUKIS|Volt Switch|p1a: Galvantula\n|-resisted|p1a: Galvantula\n|-damage|p1a: Galvantula|74\/100\n|\n|t:|1698268232\n|switch|p2a: ETE SECH|Ferrothorn, M|100\/100|[from] Volt Switch\n|-activate|p2a: ETE SECH|move: Sticky Web\n|-unboost|p2a: ETE SECH|spe|1\n|move|p1a: Galvantula|Thunder|p2a: ETE SECH\n|-resisted|p2a: ETE SECH\n|-damage|p2a: ETE SECH|81\/100\n|\n|upkeep\n|turn|3\n|\n|t:|1698268249\n|switch|p1a: Darmanitan|Darmanitan, F|100\/100\n|-activate|p1a: Darmanitan|move: Sticky Web\n|-unboost|p1a: Darmanitan|spe|1\n|move|p2a: ETE SECH|Stealth Rock|p1a: Darmanitan\n|-sidestart|p1: Elias_666|move: Stealth Rock\n|\n|upkeep\n|turn|4\n|\n|t:|1698268274\n|switch|p2a: KUKIS|Galvantula, F|100\/100\n|-activate|p2a: KUKIS|move: Sticky Web\n|-unboost|p2a: KUKIS|spe|1\n|move|p1a: Darmanitan|Flare Blitz|p2a: KUKIS\n|-supereffective|p2a: KUKIS\n|-enditem|p2a: KUKIS|Focus Sash\n|-damage|p2a: KUKIS|1\/100\n|-damage|p1a: Darmanitan|74\/100|[from] Recoil\n|\n|upkeep\n|turn|5\n|\n|t:|1698268287\n|move|p1a: Darmanitan|Flare Blitz|p2a: KUKIS\n|-supereffective|p2a: KUKIS\n|-damage|p2a: KUKIS|0 fnt\n|faint|p2a: KUKIS\n|-damage|p1a: Darmanitan|74\/100|[from] Recoil\n|\n|upkeep\n|\n|t:|1698268295\n|switch|p2a: RORONOA ZORO|Keldeo-Resolute, shiny|100\/100\n|-activate|p2a: RORONOA ZORO|move: Sticky Web\n|-unboost|p2a: RORONOA ZORO|spe|1\n|turn|6\n|\n|t:|1698268303\n|switch|p1a: Jellicent|Jellicent, M|100\/100\n|-damage|p1a: Jellicent|88\/100|[from] Stealth Rock\n|-activate|p1a: Jellicent|move: Sticky Web\n|-unboost|p1a: Jellicent|spe|1\n|move|p2a: RORONOA ZORO|Scald|p1a: Jellicent\n|-resisted|p1a: Jellicent\n|-damage|p1a: Jellicent|73\/100\n|-damage|p2a: RORONOA ZORO|91\/100|[from] item: Life Orb\n|\n|upkeep\n|turn|7\n|inactive|Detowo has 270 seconds left.\n|\n|t:|1698268333\n|switch|p2a: BACEROLA|Hydreigon, M|100\/100\n|move|p1a: Jellicent|Strength Sap|p2a: BACEROLA\n|-unboost|p2a: BACEROLA|atk|1\n|-heal|p1a: Jellicent|100\/100\n|\n|upkeep\n|turn|8\n|\n|t:|1698268341\n|switch|p1a: Galvantula|Galvantula, F|74\/100\n|-activate|p1a: Galvantula|move: Sticky Web\n|-unboost|p1a: Galvantula|spe|1\n|-damage|p1a: Galvantula|49\/100|[from] Stealth Rock\n|move|p2a: BACEROLA|Dark Hole|p1a: Galvantula\n|-damage|p1a: Galvantula|0 fnt\n|faint|p1a: Galvantula\n|\n|upkeep\n|\n|t:|1698268349\n|switch|p1a: Conkeldurr|Conkeldurr, F|100\/100\n|-damage|p1a: Conkeldurr|94\/100|[from] Stealth Rock\n|-activate|p1a: Conkeldurr|move: Sticky Web\n|-unboost|p1a: Conkeldurr|spe|1\n|turn|9\n|inactive|Detowo has 270 seconds left.\n|\n|t:|1698268381\n|switch|p2a: RORONOA ZORO|Keldeo-Resolute, shiny|91\/100\n|-activate|p2a: RORONOA ZORO|move: Sticky Web\n|-unboost|p2a: RORONOA ZORO|spe|1\n|move|p1a: Conkeldurr|Mach Punch|p2a: RORONOA ZORO\n|-damage|p2a: RORONOA ZORO|32\/100\n|\n|upkeep\n|turn|10\n|\n|t:|1698268397\n|move|p1a: Conkeldurr|Mach Punch|p2a: RORONOA ZORO\n|-damage|p2a: RORONOA ZORO|0 fnt\n|faint|p2a: RORONOA ZORO\n|\n|upkeep\n|\n|t:|1698268409\n|switch|p2a: SEXO PURO|Darmanitan, M, shiny|100\/100\n|-activate|p2a: SEXO PURO|move: Sticky Web\n|-unboost|p2a: SEXO PURO|spe|1\n|turn|11\n|j| WybeRx\n|\n|t:|1698268421\n|switch|p1a: Ferrothorn|Ferrothorn, F|100\/100\n|-activate|p1a: Ferrothorn|move: Sticky Web\n|-unboost|p1a: Ferrothorn|spe|1\n|-damage|p1a: Ferrothorn|95\/100|[from] Stealth Rock\n|move|p2a: SEXO PURO|Flare Blitz|p1a: Ferrothorn\n|-supereffective|p1a: Ferrothorn\n|-damage|p1a: Ferrothorn|0 fnt\n|-damage|p2a: SEXO PURO|88\/100|[from] ability: Iron Barbs|[of] p1a: Ferrothorn\n|-damage|p2a: SEXO PURO|72\/100|[from] item: Rocky Helmet|[of] p1a: Ferrothorn\n|faint|p1a: Ferrothorn\n|-damage|p2a: SEXO PURO|41\/100|[from] Recoil\n|\n|upkeep\n|\n|t:|1698268435\n|switch|p1a: Conkeldurr|Conkeldurr, F|94\/100\n|-damage|p1a: Conkeldurr|88\/100|[from] Stealth Rock\n|-activate|p1a: Conkeldurr|move: Sticky Web\n|-unboost|p1a: Conkeldurr|spe|1\n|turn|12\n|\n|t:|1698268451\n|move|p1a: Conkeldurr|Mach Punch|p2a: SEXO PURO\n|-damage|p2a: SEXO PURO|0 fnt\n|faint|p2a: SEXO PURO\n|\n|upkeep\n|\n|t:|1698268466\n|switch|p2a: ETE SECH|Ferrothorn, M|81\/100\n|-activate|p2a: ETE SECH|move: Sticky Web\n|-unboost|p2a: ETE SECH|spe|1\n|turn|13\n|\n|t:|1698268482\n|move|p1a: Conkeldurr|Mach Punch|p2a: ETE SECH\n|-supereffective|p2a: ETE SECH\n|-damage|p2a: ETE SECH|30\/100\n|-damage|p1a: Conkeldurr|76\/100|[from] ability: Iron Barbs|[of] p2a: ETE SECH\n|-damage|p1a: Conkeldurr|59\/100|[from] item: Rocky Helmet|[of] p2a: ETE SECH\n|move|p2a: ETE SECH|Gyro Ball|p1a: Conkeldurr\n|-damage|p1a: Conkeldurr|35\/100\n|\n|upkeep\n|turn|14\n|\n|t:|1698268495\n|move|p1a: Conkeldurr|Mach Punch|p2a: ETE SECH\n|-supereffective|p2a: ETE SECH\n|-damage|p2a: ETE SECH|0 fnt\n|-damage|p1a: Conkeldurr|22\/100|[from] ability: Iron Barbs|[of] p2a: ETE SECH\n|-damage|p1a: Conkeldurr|6\/100|[from] item: Rocky Helmet|[of] p2a: ETE SECH\n|faint|p2a: ETE SECH\n|\n|upkeep\n|\n|t:|1698268503\n|switch|p2a: BUGGY|Conkeldurr, F, shiny|100\/100\n|-activate|p2a: BUGGY|move: Sticky Web\n|-unboost|p2a: BUGGY|spe|1\n|turn|15\n|\n|t:|1698268510\n|move|p1a: Conkeldurr|Mach Punch|p2a: BUGGY\n|-damage|p2a: BUGGY|62\/100\n|move|p2a: BUGGY|Mach Punch|p1a: Conkeldurr\n|-damage|p1a: Conkeldurr|0 fnt\n|faint|p1a: Conkeldurr\n|\n|-status|p2a: BUGGY|brn|[from] item: Flame Orb\n|upkeep\n|\n|t:|1698268521\n|switch|p1a: Jellicent|Jellicent, M|100\/100\n|-activate|p1a: Jellicent|move: Sticky Web\n|-unboost|p1a: Jellicent|spe|1\n|-damage|p1a: Jellicent|88\/100|[from] Stealth Rock\n|turn|16\n|inactive|Detowo has 240 seconds left.\n|\n|t:|1698268555\n|move|p1a: Jellicent|Strength Sap|p2a: BUGGY\n|-unboost|p2a: BUGGY|atk|1\n|-heal|p1a: Jellicent|100\/100\n|move|p2a: BUGGY|Knock Off|p1a: Jellicent\n|-supereffective|p1a: Jellicent\n|-damage|p1a: Jellicent|27\/100\n|-enditem|p1a: Jellicent|Safety Goggles|[from] move: Knock Off|[of] p2a: BUGGY\n|\n|-damage|p2a: BUGGY|56\/100 brn|[from] brn\n|upkeep\n|turn|17\n|inactive|Detowo has 240 seconds left.\n|\n|t:|1698268569\n|move|p1a: Jellicent|Strength Sap|p2a: BUGGY\n|-unboost|p2a: BUGGY|atk|1\n|-heal|p1a: Jellicent|95\/100\n|move|p2a: BUGGY|Knock Off|p1a: Jellicent\n|-supereffective|p1a: Jellicent\n|-damage|p1a: Jellicent|55\/100\n|\n|-damage|p2a: BUGGY|50\/100 brn|[from] brn\n|upkeep\n|turn|18\n|inactive|Detowo has 240 seconds left.\n|\n|t:|1698268583\n|move|p1a: Jellicent|Scald|p2a: BUGGY\n|-damage|p2a: BUGGY|0 fnt\n|faint|p2a: BUGGY\n|\n|upkeep\n|\n|t:|1698268587\n|switch|p2a: BACEROLA|Hydreigon, M|100\/100\n|turn|19\n|\n|t:|1698268596\n|move|p2a: BACEROLA|Dark Hole|p1a: Jellicent\n|-supereffective|p1a: Jellicent\n|-damage|p1a: Jellicent|0 fnt\n|faint|p1a: Jellicent\n|\n|upkeep\n|\n|t:|1698268599\n|switch|p1a: Hydreigon|Hydreigon, M|100\/100\n|-damage|p1a: Hydreigon|88\/100|[from] Stealth Rock\n|turn|20\n|\n|t:|1698268609\n|move|p1a: Hydreigon|Draco Meteor|p2a: BACEROLA\n|-supereffective|p2a: BACEROLA\n|-damage|p2a: BACEROLA|0 fnt\n|-unboost|p1a: Hydreigon|spa|2\n|faint|p2a: BACEROLA\n|\n|win|Elias_666\n|c|\u2606Elias_666|Gg\n|c|\u2606Detowo|ggs\n","uploadtime":1698268618,"views":12,"p1id":"elias666","p2id":"detowo","formatid":"gen9anythinggoes","rating":0,"private":0,"password":""}