{"id":"radicalred-gen9anythinggoes-539466","p1":"PatoPatito08","p2":"elbazismail2","format":"[Gen 9] Anything Goes","log":"|j|\u2606PatoPatito08\n|j|\u2606elbazismail2\n|t:|1698611441\n|gametype|singles\n|player|p1|PatoPatito08|kiawe|\n|player|p2|elbazismail2|101|\n|teamsize|p1|6\n|teamsize|p2|6\n|gen|9\n|tier|[Gen 9] Anything Goes\n|rule|HP Percentage Mod: HP is shown in percentages\n|rule|Endless Battle Clause: Forcing endless battles is banned\n|rule|Sleep Clause Mod: Limit one foe put to sleep\n|clearpoke\n|poke|p1|Conkeldurr, M|\n|poke|p1|Landorus-Therian, M|\n|poke|p1|Simisage, M|\n|poke|p1|Samurott, F|\n|poke|p1|Jellicent, M|\n|poke|p1|Zoroark, F|\n|poke|p2|Volcarona, M|\n|poke|p2|Landorus-Therian, M|\n|poke|p2|Ferrothorn, F|\n|poke|p2|Samurott, F|\n|poke|p2|Hydreigon, F|\n|poke|p2|Amoonguss, M|\n|teampreview\n|c|\u2606PatoPatito08|guardaste la replay del anterior combate?\n|c|\u2606elbazismail2|nop\n|j| zSlowKiller\n|j| 00Coosm0\n|c|\u2606elbazismail2|ahora si\n|c|\u2606PatoPatito08|ya\n|j| ElBau1129\n|\n|t:|1698611552\n|start\n|switch|p1a: Simisage|Simisage, M|100\/100\n|switch|p2a: Amoonguss|Amoonguss, M|100\/100\n|turn|1\n|\n|t:|1698611591\n|switch|p1a: Conkeldurr|Conkeldurr, M, shiny|100\/100\n|move|p2a: Amoonguss|Clear Smog|p1a: Conkeldurr\n|-damage|p1a: Conkeldurr|84\/100\n|-clearboost|p1a: Conkeldurr\n|\n|-status|p1a: Conkeldurr|brn|[from] item: Flame Orb\n|upkeep\n|turn|2\n|\n|t:|1698611640\n|switch|p2a: Samurott|Samurott, F|100\/100\n|move|p1a: Conkeldurr|Drain Punch|p2a: Samurott\n|-supereffective|p2a: Samurott\n|-damage|p2a: Samurott|0 fnt\n|-heal|p1a: Conkeldurr|100\/100 brn|[from] drain|[of] p2a: Samurott\n|faint|p2a: Samurott\n|\n|-damage|p1a: Conkeldurr|94\/100 brn|[from] brn\n|upkeep\n|\n|t:|1698611645\n|switch|p2a: Volcarona|Volcarona, M|100\/100\n|turn|3\n|\n|t:|1698611669\n|move|p2a: Volcarona|Fiery Dance|p1a: Conkeldurr\n|-crit|p1a: Conkeldurr\n|-damage|p1a: Conkeldurr|5\/100 brn\n|-boost|p2a: Volcarona|spa|1\n|move|p1a: Conkeldurr|Knock Off|p2a: Volcarona\n|-damage|p2a: Volcarona|28\/100\n|-enditem|p2a: Volcarona|Heavy-Duty Boots|[from] move: Knock Off|[of] p1a: Conkeldurr\n|\n|-damage|p1a: Conkeldurr|0 fnt|[from] brn\n|faint|p1a: Conkeldurr\n|upkeep\n|c|\u2606PatoPatito08|lo vendi soy un idiota\n|c|\u2606PatoPatito08|igual fue critico as\u00ed que nt\n|c| zSlowKiller|pato deja de hablar y juega\n|c| zSlowKiller|es partida decisiva\n|j| Litrowo\n|\n|t:|1698611739\n|switch|p1a: Simisage|Simisage, M|100\/100\n|turn|4\n|\n|t:|1698611752\n|move|p1a: Simisage|Nasty Plot|p1a: Simisage\n|-boost|p1a: Simisage|spa|2\n|move|p2a: Volcarona|Bug Buzz|p1a: Simisage\n|-supereffective|p1a: Simisage\n|-enditem|p1a: Simisage|Focus Sash\n|-damage|p1a: Simisage|1\/100\n|replace|p1a: Zoroark|Zoroark, F\n|-end|p1a: Zoroark|Illusion\n|\n|upkeep\n|turn|5\n|c|\u2606PatoPatito08|ok nt\n|\n|t:|1698611763\n|switch|p2a: Ferrothorn|Ferrothorn, F|100\/100\n|move|p1a: Zoroark|Dark Hole|p2a: Ferrothorn\n|-damage|p2a: Ferrothorn|18\/100\n|\n|upkeep\n|turn|6\n|\n|t:|1698611836\n|move|p1a: Zoroark|Focus Blast|p2a: Ferrothorn\n|-supereffective|p2a: Ferrothorn\n|-damage|p2a: Ferrothorn|0 fnt\n|faint|p2a: Ferrothorn\n|\n|upkeep\n|\n|t:|1698611846\n|switch|p2a: Hydreigon|Hydreigon, F|100\/100\n|turn|7\n|\n|t:|1698611852\n|move|p2a: Hydreigon|Dark Hole|p1a: Zoroark\n|-resisted|p1a: Zoroark\n|-damage|p1a: Zoroark|0 fnt\n|faint|p1a: Zoroark\n|\n|upkeep\n|\n|t:|1698611870\n|switch|p1a: Simisage|Simisage, M|100\/100\n|turn|8\n|\n|t:|1698611881\n|switch|p2a: Amoonguss|Amoonguss, M|100\/100\n|move|p1a: Simisage|Focus Blast|p2a: Amoonguss\n|-resisted|p2a: Amoonguss\n|-damage|p2a: Amoonguss|84\/100\n|\n|-heal|p2a: Amoonguss|91\/100|[from] item: Black Sludge\n|upkeep\n|turn|9\n|\n|t:|1698611886\n|switch|p1a: Jellicent|Jellicent, M, shiny|100\/100\n|move|p2a: Amoonguss|Spore|p1a: Jellicent\n|-status|p1a: Jellicent|slp|[from] move: Spore\n|\n|-heal|p2a: Amoonguss|97\/100|[from] item: Black Sludge\n|upkeep\n|turn|10\n|\n|t:|1698611895\n|switch|p1a: Landorus|Landorus-Therian, M, shiny|100\/100\n|-ability|p1a: Landorus|Intimidate|boost\n|-unboost|p2a: Amoonguss|atk|1\n|move|p2a: Amoonguss|Giga Drain|p1a: Landorus\n|-damage|p1a: Landorus|82\/100\n|-heal|p2a: Amoonguss|100\/100|[from] drain|[of] p1a: Landorus\n|\n|-heal|p1a: Landorus|88\/100|[from] item: Leftovers\n|upkeep\n|turn|11\n|\n|t:|1698611909\n|move|p1a: Landorus|U-turn|p2a: Amoonguss\n|-damage|p2a: Amoonguss|77\/100\n|\n|t:|1698611919\n|switch|p1a: Jellicent|Jellicent, M, shiny|100\/100 slp|[from] U-turn\n|move|p2a: Amoonguss|Giga Drain|p1a: Jellicent\n|-supereffective|p1a: Jellicent\n|-damage|p1a: Jellicent|68\/100 slp\n|-heal|p2a: Amoonguss|93\/100|[from] drain|[of] p1a: Jellicent\n|\n|-heal|p2a: Amoonguss|99\/100|[from] item: Black Sludge\n|upkeep\n|turn|12\n|\n|t:|1698611983\n|switch|p1a: Landorus|Landorus-Therian, M, shiny|88\/100\n|-ability|p1a: Landorus|Intimidate|boost\n|-unboost|p2a: Amoonguss|atk|1\n|move|p2a: Amoonguss|Giga Drain|p1a: Landorus\n|-damage|p1a: Landorus|72\/100\n|-heal|p2a: Amoonguss|100\/100|[from] drain|[of] p1a: Landorus\n|\n|-heal|p1a: Landorus|78\/100|[from] item: Leftovers\n|upkeep\n|turn|13\n|\n|t:|1698611989\n|move|p1a: Landorus|Earthquake|p2a: Amoonguss\n|-damage|p2a: Amoonguss|48\/100\n|move|p2a: Amoonguss|Giga Drain|p1a: Landorus\n|-damage|p1a: Landorus|60\/100\n|-heal|p2a: Amoonguss|56\/100|[from] drain|[of] p1a: Landorus\n|\n|-heal|p1a: Landorus|66\/100|[from] item: Leftovers\n|-heal|p2a: Amoonguss|62\/100|[from] item: Black Sludge\n|upkeep\n|turn|14\n|\n|t:|1698611994\n|switch|p2a: Landorus|Landorus-Therian, M|100\/100\n|-ability|p2a: Landorus|Intimidate|boost\n|-unboost|p1a: Landorus|atk|1\n|move|p1a: Landorus|Earthquake|p2a: Landorus\n|-immune|p2a: Landorus\n|\n|-heal|p1a: Landorus|72\/100|[from] item: Leftovers\n|upkeep\n|turn|15\n|\n|t:|1698612005\n|move|p2a: Landorus|Knock Off|p1a: Landorus\n|-damage|p1a: Landorus|38\/100\n|-enditem|p1a: Landorus|Leftovers|[from] move: Knock Off|[of] p2a: Landorus\n|move|p1a: Landorus|U-turn|p2a: Landorus\n|-resisted|p2a: Landorus\n|-damage|p2a: Landorus|92\/100\n|\n|t:|1698612009\n|switch|p1a: Simisage|Simisage, M|100\/100|[from] U-turn\n|\n|-heal|p2a: Landorus|98\/100|[from] item: Leftovers\n|upkeep\n|turn|16\n|j| Toxic Ariados\n|l| Toxic Ariados\n|\n|t:|1698612072\n|move|p1a: Simisage|Energy Ball|p2a: Landorus\n|-damage|p2a: Landorus|22\/100\n|move|p2a: Landorus|Knock Off|p1a: Simisage\n|-damage|p1a: Simisage|41\/100\n|-enditem|p1a: Simisage|Choice Scarf|[from] move: Knock Off|[of] p2a: Landorus\n|\n|-heal|p2a: Landorus|28\/100|[from] item: Leftovers\n|upkeep\n|turn|17\n|c|\u2606PatoPatito08|QUE PELOTUDO\n|c|\u2606PatoPatito08|MISSCLICKLEE\n|c|\u2606PatoPatito08|NOOO\n|\n|t:|1698612084\n|switch|p2a: Amoonguss|Amoonguss, M|95\/100\n|move|p1a: Simisage|Energy Ball|p2a: Amoonguss\n|-resisted|p2a: Amoonguss\n|-damage|p2a: Amoonguss|86\/100\n|-unboost|p2a: Amoonguss|spd|1\n|\n|-heal|p2a: Amoonguss|92\/100|[from] item: Black Sludge\n|upkeep\n|turn|18\n|c|\u2606PatoPatito08|GG\n|\n|t:|1698612097\n|switch|p1a: Jellicent|Jellicent, M, shiny|68\/100 slp\n|switch|p2a: Hydreigon|Hydreigon, F|100\/100\n|\n|upkeep\n|turn|19\n|\n|t:|1698612121\n|switch|p1a: Simisage|Simisage, M|41\/100\n|move|p2a: Hydreigon|Dark Hole|p1a: Simisage\n|-damage|p1a: Simisage|0 fnt\n|faint|p1a: Simisage\n|\n|upkeep\n|\n|t:|1698612129\n|switch|p1a: Samurott|Samurott, F, shiny|100\/100\n|turn|20\n|\n|t:|1698612197\n|move|p2a: Hydreigon|Dark Hole|p1a: Samurott\n|-damage|p1a: Samurott|25\/100\n|-message|Sleep Clause Mod activated.\n|-hint|Sleep Clause Mod prevents players from putting more than one of their opponent's Pok\u00e9mon to sleep at a time\n|move|p1a: Samurott|Shell Smash|p1a: Samurott\n|-unboost|p1a: Samurott|def|1\n|-unboost|p1a: Samurott|spd|1\n|-boost|p1a: Samurott|atk|2\n|-boost|p1a: Samurott|spa|2\n|-boost|p1a: Samurott|spe|2\n|-enditem|p1a: Samurott|White Herb\n|-clearnegativeboost|p1a: Samurott|[silent]\n|\n|upkeep\n|turn|21\n|c|\u2606elbazismail2|gg\n|\n|t:|1698612227\n|switch|p2a: Landorus|Landorus-Therian, M|28\/100\n|-ability|p2a: Landorus|Intimidate|boost\n|-unboost|p1a: Samurott|atk|1\n|move|p1a: Samurott|Sacred Sword|p2a: Landorus\n|-resisted|p2a: Landorus\n|-damage|p2a: Landorus|0 fnt\n|faint|p2a: Landorus\n|\n|upkeep\n|c|\u2606PatoPatito08|el missclick me condeno\n|c| Litrowo|gigi patopatito\n|c|\u2606PatoPatito08|ten\u00eda que hacer leaf storm e hice energy ball\n|c|\u2606PatoPatito08|ahora eso me va a atormentar\n|c|\u2606PatoPatito08|toda mi vida\n|c| 00Coosm0|al menos no perdiste 2 finales\n|c|\u2606PatoPatito08|jasjdasjdas\n|c| ElBau1129|no hiciste tormenta de hojas y ahora te va a atormentar\n|c| ElBau1129|BV\n|c|\u2606PatoPatito08|tambien me cago el critico del principio al conkeldurr\n|c|\u2606PatoPatito08|con el conkeldurr vivo pod\u00eda hacer cositas\n|c|\u2606PatoPatito08|baz?\n|\n|t:|1698612397\n|switch|p2a: Amoonguss|Amoonguss, M|100\/100\n|turn|22\n|c|\u2606PatoPatito08|ah\u00ed esta\n|c|\u2606PatoPatito08|eu confio full critico\n|\n|t:|1698612414\n|move|p1a: Samurott|Razor Shell|p2a: Amoonguss\n|-resisted|p2a: Amoonguss\n|-damage|p2a: Amoonguss|58\/100\n|move|p2a: Amoonguss|Giga Drain|p1a: Samurott\n|-damage|p1a: Samurott|0 fnt\n|-heal|p2a: Amoonguss|68\/100|[from] drain|[of] p1a: Samurott\n|faint|p1a: Samurott\n|\n|-heal|p2a: Amoonguss|74\/100|[from] item: Black Sludge\n|upkeep\n|\n|t:|1698612419\n|switch|p1a: Landorus|Landorus-Therian, M, shiny|38\/100\n|-ability|p1a: Landorus|Intimidate|boost\n|-unboost|p2a: Amoonguss|atk|1\n|turn|23\n|c| zSlowKiller|gg patopatito08\n|c|\u2606PatoPatito08|gg\n|\n|t:|1698612462\n|move|p1a: Landorus|Earthquake|p2a: Amoonguss\n|-damage|p2a: Amoonguss|20\/100\n|move|p2a: Amoonguss|Giga Drain|p1a: Landorus\n|-damage|p1a: Landorus|23\/100\n|-heal|p2a: Amoonguss|27\/100|[from] drain|[of] p1a: Landorus\n|\n|-heal|p2a: Amoonguss|34\/100|[from] item: Black Sludge\n|upkeep\n|turn|24\n|\n|t:|1698612470\n|switch|p2a: Volcarona|Volcarona, M|28\/100\n|move|p1a: Landorus|Earthquake|p2a: Volcarona\n|-damage|p2a: Volcarona|0 fnt\n|faint|p2a: Volcarona\n|\n|upkeep\n|\n|t:|1698612474\n|switch|p2a: Hydreigon|Hydreigon, F|100\/100\n|turn|25\n|\n|t:|1698612477\n|switch|p1a: Jellicent|Jellicent, M, shiny|68\/100 slp\n|move|p2a: Hydreigon|Dark Hole|p1a: Jellicent\n|-supereffective|p1a: Jellicent\n|-enditem|p1a: Jellicent|Colbur Berry|[eat]\n|-enditem|p1a: Jellicent|Colbur Berry|[weaken]\n|-damage|p1a: Jellicent|26\/100 slp\n|\n|upkeep\n|turn|26\n|\n|t:|1698612484\n|move|p2a: Hydreigon|Dark Hole|p1a: Jellicent\n|-supereffective|p1a: Jellicent\n|-crit|p1a: Jellicent\n|-damage|p1a: Jellicent|0 fnt\n|faint|p1a: Jellicent\n|\n|upkeep\n|\n|t:|1698612486\n|switch|p1a: Landorus|Landorus-Therian, M, shiny|23\/100\n|-ability|p1a: Landorus|Intimidate|boost\n|-unboost|p2a: Hydreigon|atk|1\n|turn|27\n|c| 00Coosm0|ggs\n|c| zSlowKiller|gg\n|c| ElBau1129|gg\n|c|\u2606PatoPatito08|le hago critico y tanqueo es esa\n|c| zSlowKiller|pero si es scarf\n|c|\u2606PatoPatito08|no importa\n|c|\u2606PatoPatito08|de todas formas soy m\u00e1s lento\n|c|\u2606PatoPatito08|pero confio\n|c|\u2606PatoPatito08|critico y tanqueo\n|c|\u2606PatoPatito08|hay fe\n|c|\u2606PatoPatito08|\ud83d\ude0e\n|\n|t:|1698612528\n|move|p2a: Hydreigon|Dark Hole|p1a: Landorus\n|-damage|p1a: Landorus|0 fnt\n|faint|p1a: Landorus\n|\n|win|elbazismail2\n|c|\u2606PatoPatito08|gg\n|l|\u2606PatoPatito08\n|c|\u2606elbazismail2|gg\n","uploadtime":1698612537,"views":8,"p1id":"patopatito08","p2id":"elbazismail2","formatid":"gen9anythinggoes","rating":0,"private":0,"password":""}