{"id":"radicalred-gen9anythinggoes-546612","p1":"ElBau1129","p2":"zSlowKiller","format":"[Gen 9] Anything Goes","log":"|j|\u2606ElBau1129\n|j|\u2606zSlowKiller\n|t:|1700008843\n|gametype|singles\n|player|p1|ElBau1129|rr-houndoommega|\n|player|p2|zSlowKiller|rr-miraidon|\n|teamsize|p1|6\n|teamsize|p2|6\n|gen|9\n|tier|[Gen 9] Anything Goes\n|rule|HP Percentage Mod: HP is shown in percentages\n|rule|Endless Battle Clause: Forcing endless battles is banned\n|rule|Sleep Clause Mod: Limit one foe put to sleep\n|clearpoke\n|poke|p1|Gigalith, M|\n|poke|p1|Tornadus-Therian, M|\n|poke|p1|Volcarona, F|\n|poke|p1|Conkeldurr, M|\n|poke|p1|Krookodile, M|\n|poke|p1|Ferrothorn, M|\n|poke|p2|Keldeo-Resolute|\n|poke|p2|Gigalith, F|\n|poke|p2|Ferrothorn, F|\n|poke|p2|Volcarona, F|\n|poke|p2|Hydreigon, M|\n|poke|p2|Braviary, M|\n|teampreview\n|c|\u2606zSlowKiller|gl\n|c|\u2606ElBau1129|gl\n|j| PatoPatito08\n|j| bvuut99\n|j| litrowo2\n|j| Feloxwtf\n|c|\u2606zSlowKiller|hermano ese team me da mas miedo q el de antes\n|j| ThePipoShow\n|j| Funtime_B0nnie\n|c| Feloxwtf|DENME UNA S\n|c| Feloxwtf|OSEA\n|c| Feloxwtf|UNA Z\n|inactive|Battle timer is ON: inactive players will automatically lose when time's up. (requested by ElBau1129)\n|\n|t:|1700008923\n|start\n|switch|p1a: Cromastone|Gigalith, M, shiny|100\/100\n|switch|p2a: Pajarraco|Braviary, M, shiny|100\/100\n|turn|1\n|c|\u2606zSlowKiller|bau q tienes con el timer \ud83d\ude3f\ud83d\ude3f\ud83d\ude3f\ud83d\ude3f\n|\n|t:|1700008948\n|switch|p2a: drakig|Ferrothorn, F|100\/100\n|move|p1a: Cromastone|Stealth Rock|p2a: drakig\n|-sidestart|p2: zSlowKiller|move: Stealth Rock\n|\n|upkeep\n|turn|2\n|j| ChadouMC\n|c| Feloxwtf|COACHER DETECTADO \ud83d\udde3\ufe0f \ud83d\udce3 \ud83d\udd25 \ud83d\udd25\n|l| Funtime_B0nnie\n|\n|t:|1700008971\n|switch|p1a: FireBeauty|Volcarona, F, shiny|100\/100\n|move|p2a: drakig|Leech Seed|p1a: FireBeauty\n|-start|p1a: FireBeauty|move: Leech Seed\n|\n|-damage|p1a: FireBeauty|88\/100|[from] Leech Seed|[of] p2a: drakig\n|upkeep\n|turn|3\n|c| ThePipoShow|poya\n|inactive|ElBau1129 has 270 seconds left.\n|c| Feloxwtf|COACHER DETECTADO \ud83d\udde3\ufe0f \ud83d\udce3 \ud83d\udd25 \ud83d\udd25\n|c| Feloxwtf|COACHER DETECTADO \ud83d\udde3\ufe0f \ud83d\udce3 \ud83d\udd25 \ud83d\udd25\n|c| Feloxwtf|mierda\n|\n|t:|1700009013\n|switch|p1a: Alba\u00f1il|Conkeldurr, M|100\/100\n|switch|p2a: La Roca|Gigalith, F, shiny|100\/100\n|-damage|p2a: La Roca|88\/100|[from] Stealth Rock\n|-weather|Sandstorm|[from] ability: Sand Stream|[of] p2a: La Roca\n|\n|-weather|Sandstorm|[upkeep]\n|-damage|p1a: Alba\u00f1il|94\/100|[from] Sandstorm\n|-heal|p2a: La Roca|94\/100|[from] item: Leftovers\n|upkeep\n|turn|4\n|c| ThePipoShow|QUE HICISTE IMBECIL\n|c| Feloxwtf|queria mandarlo a otro lado\n|c| Feloxwtf|no por aca\n|c| Feloxwtf|sorry\n|c|\u2606zSlowKiller|oh\n|c|\u2606zSlowKiller|okey\n|c| Feloxwtf|perdon\n|c| ChadouMC|Ya\n|inactive|ElBau1129 has 240 seconds left.\n|c| Feloxwtf|un ya bueno o un ya malo :Rico:\n|c|\u2606zSlowKiller|Gracias te doy, Padre, porque en Cristo tengo la fortaleza necesaria para afrontar las dificultades de la vida. Contigo soy vencedor. Am\u00e9n.\n|c| Feloxwtf|gana rapido mierda\n|c|\u2606zSlowKiller|felox calmate\n|c|\u2606zSlowKiller|con paciencia todo\n|\n|t:|1700009062\n|move|p2a: La Roca|Protect|p2a: La Roca\n|-singleturn|p2a: La Roca|Protect\n|move|p1a: Alba\u00f1il|Drain Punch|p2a: La Roca\n|-activate|p2a: La Roca|move: Protect\n|\n|-weather|Sandstorm|[upkeep]\n|-damage|p1a: Alba\u00f1il|88\/100|[from] Sandstorm\n|-heal|p2a: La Roca|100\/100|[from] item: Leftovers\n|upkeep\n|turn|5\n|c| PatoPatito08|FELICIDADES ZSLOWKILLER POR PASAR A LA FINAL DEL POKEMON REGIONAL TOURNAMENT!!!!!\n|c|\u2606zSlowKiller|CALLATE MIERDA\n|\n|t:|1700009075\n|switch|p2a: drakig|Ferrothorn, F|100\/100\n|-damage|p2a: drakig|95\/100|[from] Stealth Rock\n|move|p1a: Alba\u00f1il|Drain Punch|p2a: drakig\n|-supereffective|p2a: drakig\n|-damage|p2a: drakig|31\/100\n|-heal|p1a: Alba\u00f1il|100\/100|[from] drain|[of] p2a: drakig\n|-damage|p1a: Alba\u00f1il|88\/100|[from] ability: Iron Barbs|[of] p2a: drakig\n|-damage|p1a: Alba\u00f1il|71\/100|[from] item: Rocky Helmet|[of] p2a: drakig\n|\n|-weather|Sandstorm|[upkeep]\n|-damage|p1a: Alba\u00f1il|65\/100|[from] Sandstorm\n|upkeep\n|turn|6\n|c| Feloxwtf|EL PERMA BAN :muscle:\n|\n|t:|1700009084\n|switch|p1a: FireBeauty|Volcarona, F, shiny|88\/100\n|move|p2a: drakig|Leech Seed|p1a: FireBeauty\n|-start|p1a: FireBeauty|move: Leech Seed\n|\n|-weather|Sandstorm|[upkeep]\n|-damage|p1a: FireBeauty|82\/100|[from] Sandstorm\n|-damage|p1a: FireBeauty|69\/100|[from] Leech Seed|[of] p2a: drakig\n|-heal|p2a: drakig|42\/100|[silent]\n|upkeep\n|turn|7\n|c| PatoPatito08|yo no lo spamee\n|\n|t:|1700009096\n|move|p1a: FireBeauty|Fiery Dance|p2a: drakig\n|-supereffective|p2a: drakig\n|-damage|p2a: drakig|0 fnt\n|-boost|p1a: FireBeauty|spa|1\n|faint|p2a: drakig\n|\n|-weather|none\n|upkeep\n|c| ThePipoShow|\ud83d\udcaa\n|j| OnTheFly1010\n|inactive|zSlowKiller has 270 seconds left.\n|\n|t:|1700009126\n|switch|p2a: El Shintintin|Keldeo-Resolute|100\/100\n|-damage|p2a: El Shintintin|94\/100|[from] Stealth Rock\n|turn|8\n|c| Feloxwtf|El Permaban: \ud83d\udcaa\n|j| ItzPepe\n|inactive|ElBau1129 has 210 seconds left.\n|c| ItzPepe|denme una c\n|c| ItzPepe|denme una o\n|c| Feloxwtf|ck\n|c| ItzPepe|denme una a\n|c| Feloxwtf|cock\n|c| ItzPepe|denme una c\n|c| ItzPepe|denme una h\n|\n|t:|1700009172\n|switch|p1a: DarkWinds|Tornadus-Therian, M, shiny|100\/100\n|move|p2a: El Shintintin|Scald|p1a: DarkWinds\n|-damage|p1a: DarkWinds|40\/100\n|-status|p1a: DarkWinds|brn\n|-damage|p2a: El Shintintin|84\/100|[from] item: Life Orb\n|\n|-damage|p1a: DarkWinds|34\/100 brn|[from] brn\n|upkeep\n|turn|9\n|c| ItzPepe|denme una e\n|c| ItzPepe|denme una r\n|c| ItzPepe|y ya\n|c| ThePipoShow|coarcher\n|c| Feloxwtf|denme una d\n|c| OnTheFly1010|dam\n|c| ItzPepe|denme una d\n|inactive|ElBau1129 has 180 seconds left.\n|c| Feloxwtf|denme una e\n|c| ThePipoShow|denme una t\n|inactive|zSlowKiller has 270 seconds left.\n|c| ItzPepe|denme una e\n|\n|t:|1700009203\n|switch|p2a: La Roca|Gigalith, F, shiny|100\/100\n|-damage|p2a: La Roca|88\/100|[from] Stealth Rock\n|-weather|Sandstorm|[from] ability: Sand Stream|[of] p2a: La Roca\n|move|p1a: DarkWinds|Bleakwind Storm|p2a: La Roca\n|-resisted|p2a: La Roca\n|-damage|p2a: La Roca|72\/100\n|-status|p2a: La Roca|frz\n|-damage|p1a: DarkWinds|24\/100 brn|[from] item: Life Orb\n|\n|-weather|Sandstorm|[upkeep]\n|-damage|p1a: DarkWinds|18\/100 brn|[from] Sandstorm\n|-heal|p2a: La Roca|78\/100 frz|[from] item: Leftovers\n|-damage|p1a: DarkWinds|12\/100 brn|[from] brn\n|-damage|p2a: La Roca|72\/100 frz|[from] frz\n|upkeep\n|turn|10\n|c| ItzPepe|denme una c\n|c| ThePipoShow|denme una t\n|inactive|zSlowKiller has 270 seconds left.\n|c| ItzPepe|denme una a\n|c| Feloxwtf|denme una a\n|inactive|ElBau1129 has 180 seconds left.\n|\n|t:|1700009222\n|switch|p1a: Alba\u00f1il|Conkeldurr, M|65\/100\n|move|p2a: La Roca|Stone Edge|p1a: Alba\u00f1il|[miss]\n|-miss|p2a: La Roca|p1a: Alba\u00f1il\n|\n|-weather|Sandstorm|[upkeep]\n|-damage|p1a: Alba\u00f1il|59\/100|[from] Sandstorm\n|-heal|p2a: La Roca|78\/100 frz|[from] item: Leftovers\n|-damage|p2a: La Roca|72\/100 frz|[from] frz\n|upkeep\n|turn|11\n|c| ItzPepe|denme una d\n|c| ThePipoShow|denme una o\n|c| Feloxwtf|COACHER DETECTAADO\n|c| ItzPepe|denme un parlante\n|inactive|ElBau1129 has 180 seconds left.\n|c| ThePipoShow|denme una \ud83d\udde3\n|c| ItzPepe|\ud83d\udde3\n|inactive|ElBau1129 has 150 seconds left.\n|inactive|zSlowKiller has 240 seconds left.\n|\n|t:|1700009285\n|move|p2a: La Roca|Protect|p2a: La Roca\n|-singleturn|p2a: La Roca|Protect\n|move|p1a: Alba\u00f1il|Knock Off|p2a: La Roca\n|-activate|p2a: La Roca|move: Protect\n|\n|-weather|Sandstorm|[upkeep]\n|-damage|p1a: Alba\u00f1il|53\/100|[from] Sandstorm\n|-heal|p2a: La Roca|78\/100 frz|[from] item: Leftovers\n|-damage|p2a: La Roca|72\/100 frz|[from] frz\n|upkeep\n|turn|12\n|\n|t:|1700009291\n|move|p1a: Alba\u00f1il|Drain Punch|p2a: La Roca\n|-supereffective|p2a: La Roca\n|-damage|p2a: La Roca|0 fnt\n|-heal|p1a: Alba\u00f1il|87\/100|[from] drain|[of] p2a: La Roca\n|faint|p2a: La Roca\n|\n|-weather|Sandstorm|[upkeep]\n|-damage|p1a: Alba\u00f1il|81\/100|[from] Sandstorm\n|upkeep\n|\n|t:|1700009294\n|switch|p2a: El Shintintin|Keldeo-Resolute|84\/100\n|-damage|p2a: El Shintintin|78\/100|[from] Stealth Rock\n|turn|13\n|c| ThePipoShow|denme una \ud83d\udd25\n|inactive|ElBau1129 has 150 seconds left.\n|inactive|ElBau1129 has 120 seconds left.\n|\n|t:|1700009349\n|switch|p1a: Matiev|Krookodile, M|100\/100\n|-ability|p1a: Matiev|Intimidate|boost\n|-unboost|p2a: El Shintintin|atk|1\n|move|p2a: El Shintintin|Air Slash|p1a: Matiev\n|-damage|p1a: Matiev|32\/100\n|-damage|p2a: El Shintintin|68\/100|[from] item: Life Orb\n|\n|-weather|none\n|upkeep\n|turn|14\n|inactive|ElBau1129 has 120 seconds left.\n|inactive|zSlowKiller has 240 seconds left.\n|\n|t:|1700009380\n|move|p1a: Matiev|Close Combat|p2a: El Shintintin\n|-damage|p2a: El Shintintin|22\/100\n|-unboost|p1a: Matiev|def|1\n|-unboost|p1a: Matiev|spd|1\n|move|p2a: El Shintintin|Scald|p1a: Matiev\n|-supereffective|p1a: Matiev\n|-damage|p1a: Matiev|0 fnt\n|faint|p1a: Matiev\n|-damage|p2a: El Shintintin|12\/100|[from] item: Life Orb\n|\n|upkeep\n|inactive|ElBau1129 has 90 seconds left.\n|c| ThePipoShow|in the hola smp\n|inactive|ElBau1129 has 60 seconds left.\n|c| Feloxwtf|has sido holalaeado\n|l| bvuut99\n|\n|t:|1700009428\n|switch|p1a: Alba\u00f1il|Conkeldurr, M|81\/100\n|turn|15\n|c| ThePipoShow|you hab vin holaled\n|inactive|zSlowKiller has 240 seconds left.\n|\n|t:|1700009434\n|move|p1a: Alba\u00f1il|Mach Punch|p2a: El Shintintin\n|-damage|p2a: El Shintintin|0 fnt\n|faint|p2a: El Shintintin\n|\n|upkeep\n|\n|t:|1700009436\n|switch|p2a: 4325tre|Volcarona, F, shiny|100\/100\n|turn|16\n|c| Feloxwtf|vin ladin\n|inactive|zSlowKiller has 240 seconds left.\n|inactive|ElBau1129 has 60 seconds left.\n|\n|t:|1700009465\n|switch|p1a: Cromastone|Gigalith, M, shiny|100\/100\n|move|p2a: 4325tre|Quiver Dance|p2a: 4325tre\n|-boost|p2a: 4325tre|spa|1\n|-boost|p2a: 4325tre|spd|1\n|-boost|p2a: 4325tre|spe|1\n|\n|upkeep\n|turn|17\n|inactive|ElBau1129 has 60 seconds left.\n|\n|t:|1700009471\n|move|p2a: 4325tre|Giga Drain|p1a: Cromastone\n|-supereffective|p1a: Cromastone\n|-damage|p1a: Cromastone|15\/100\n|move|p1a: Cromastone|Rock Blast|p2a: 4325tre\n|-supereffective|p2a: 4325tre\n|-damage|p2a: 4325tre|35\/100\n|-supereffective|p2a: 4325tre\n|-damage|p2a: 4325tre|0 fnt\n|faint|p2a: 4325tre\n|-hitcount|p2: 4325tre|2\n|\n|upkeep\n|c| ThePipoShow|d\n|\n|t:|1700009477\n|switch|p2a: Tilin|Hydreigon, M|100\/100\n|-damage|p2a: Tilin|88\/100|[from] Stealth Rock\n|turn|18\n|\n|t:|1700009486\n|move|p2a: Tilin|Dark Hole|p1a: Cromastone\n|-damage|p1a: Cromastone|0 fnt\n|faint|p1a: Cromastone\n|\n|upkeep\n|\n|t:|1700009500\n|switch|p1a: FireBeauty|Volcarona, F, shiny|69\/100\n|turn|19\n|\n|t:|1700009509\n|switch|p2a: Pajarraco|Braviary, M, shiny|100\/100\n|-damage|p2a: Pajarraco|76\/100|[from] Stealth Rock\n|move|p1a: FireBeauty|Bug Buzz|p2a: Pajarraco\n|-resisted|p2a: Pajarraco\n|-damage|p2a: Pajarraco|44\/100\n|\n|upkeep\n|turn|20\n|\n|t:|1700009518\n|switch|p2a: Tilin|Hydreigon, M|88\/100\n|-damage|p2a: Tilin|76\/100|[from] Stealth Rock\n|switch|p1a: IronBallBarb|Ferrothorn, M|100\/100\n|\n|upkeep\n|turn|21\n|inactive|zSlowKiller has 270 seconds left.\n|c| Feloxwtf|Acabo de romper mi televisor y tirar el control con rabia, al ver perder a zSlowKiller. zSLOWKILLER me avergonzo al frente de mi familia, mis dos hijos estan llorando. Los vecinos estan tocando la puerta tratando de calmarme, mientras voy caminando temblando a la pieza. Pierde zSlowkiller, pierde la familia.\n|c| ItzPepe|\ud83d\udde3\n|inactive|ElBau1129 has 60 seconds left.\n|\n|t:|1700009550\n|move|p2a: Tilin|Flamethrower|p1a: IronBallBarb\n|-supereffective|p1a: IronBallBarb\n|-damage|p1a: IronBallBarb|0 fnt\n|faint|p1a: IronBallBarb\n|\n|upkeep\n|\n|t:|1700009553\n|switch|p1a: Alba\u00f1il|Conkeldurr, M|81\/100\n|turn|22\n|\n|t:|1700009567\n|move|p2a: Tilin|Flamethrower|p1a: Alba\u00f1il\n|-damage|p1a: Alba\u00f1il|39\/100\n|move|p1a: Alba\u00f1il|Drain Punch|p2a: Tilin\n|-supereffective|p2a: Tilin\n|-damage|p2a: Tilin|0 fnt\n|-heal|p1a: Alba\u00f1il|71\/100|[from] drain|[of] p2a: Tilin\n|faint|p2a: Tilin\n|\n|upkeep\n|j| bvuut99\n|\n|t:|1700009571\n|switch|p2a: Pajarraco|Braviary, M, shiny|44\/100\n|-damage|p2a: Pajarraco|19\/100|[from] Stealth Rock\n|turn|23\n|c|\u2606zSlowKiller|gg\n|\n|t:|1700009576\n|move|p1a: Alba\u00f1il|Mach Punch|p2a: Pajarraco\n|-damage|p2a: Pajarraco|0 fnt\n|faint|p2a: Pajarraco\n|\n|win|ElBau1129\n|c|\u2606ElBau1129|gg\n|c| Feloxwtf|JAQUER\n|c| Feloxwtf|COACHER DETECTADO\n","uploadtime":1700009585,"views":9,"p1id":"elbau1129","p2id":"zslowkiller","formatid":"gen9anythinggoes","rating":0,"private":0,"password":""}