{"id":"radicalred-gen9anythinggoes-534278","p1":"juancaletas","p2":"Ggc69","format":"[Gen 9] Anything Goes","log":"|j|\u2606juancaletas\n|j|\u2606Ggc69\n|t:|1697762677\n|gametype|singles\n|player|p1|juancaletas|2|\n|player|p2|Ggc69|265|\n|teamsize|p1|6\n|teamsize|p2|6\n|gen|9\n|tier|[Gen 9] Anything Goes\n|rule|HP Percentage Mod: HP is shown in percentages\n|rule|Endless Battle Clause: Forcing endless battles is banned\n|clearpoke\n|poke|p1|Scolipede, F|\n|poke|p1|Serperior, M|\n|poke|p1|Swoobat, M|\n|poke|p1|Chandelure, M|\n|poke|p1|Conkeldurr, F|\n|poke|p1|Excadrill, F|\n|poke|p2|Ferrothorn, F|\n|poke|p2|Jellicent, M|\n|poke|p2|Keldeo-Resolute|\n|poke|p2|Zoroark, M|\n|poke|p2|Golurk|\n|poke|p2|Haxorus, F|\n|teampreview\n|c|\u2606juancaletas|glhf\n|c|\u2606Ggc69|gl\n|inactive|Battle timer is ON: inactive players will automatically lose when time's up. (requested by juancaletas)\n|\n|t:|1697762736\n|start\n|switch|p1a: Serperior|Serperior, M|100\/100\n|switch|p2a: Gordita tetona|Golurk|100\/100\n|turn|1\n|inactive|Ggc69 has 270 seconds left.\n|\n|t:|1697762767\n|switch|p2a: Ferrothorn|Ferrothorn, F|100\/100\n|move|p1a: Serperior|Grass Knot|p2a: Ferrothorn\n|-resisted|p2a: Ferrothorn\n|-damage|p2a: Ferrothorn|93\/100\n|-damage|p1a: Serperior|88\/100|[from] ability: Iron Barbs|[of] p2a: Ferrothorn\n|-damage|p1a: Serperior|72\/100|[from] item: Rocky Helmet|[of] p2a: Ferrothorn\n|\n|upkeep\n|turn|2\n|inactive|Ggc69 has 270 seconds left.\n|\n|t:|1697762785\n|switch|p1a: Chandelure|Chandelure, M|100\/100\n|move|p2a: Ferrothorn|Power Whip|p1a: Chandelure\n|-resisted|p1a: Chandelure\n|-damage|p1a: Chandelure|72\/100\n|\n|upkeep\n|turn|3\n|inactive|Ggc69 has 270 seconds left.\n|\n|t:|1697762811\n|switch|p2a: Burbuja|Jellicent, M|100\/100\n|move|p1a: Chandelure|Flamethrower|p2a: Burbuja\n|-resisted|p2a: Burbuja\n|-damage|p2a: Burbuja|88\/100\n|\n|-heal|p2a: Burbuja|95\/100|[from] item: Leftovers\n|upkeep\n|turn|4\n|\n|t:|1697762830\n|switch|p1a: Serperior|Serperior, M|72\/100\n|move|p2a: Burbuja|Water Spout|p1a: Serperior\n|-resisted|p1a: Serperior\n|-damage|p1a: Serperior|25\/100\n|-enditem|p1a: Serperior|Aguav Berry|[eat]\n|-heal|p1a: Serperior|58\/100|[from] item: Aguav Berry\n|\n|-heal|p2a: Burbuja|100\/100|[from] item: Leftovers\n|upkeep\n|turn|5\n|\n|t:|1697762849\n|switch|p2a: Ferrothorn|Ferrothorn, F|93\/100\n|move|p1a: Serperior|Energy Ball|p2a: Ferrothorn\n|-resisted|p2a: Ferrothorn\n|-damage|p2a: Ferrothorn|86\/100\n|\n|upkeep\n|turn|6\n|\n|t:|1697762867\n|switch|p1a: Chandelure|Chandelure, M|72\/100\n|move|p2a: Ferrothorn|Power Whip|p1a: Chandelure\n|-resisted|p1a: Chandelure\n|-damage|p1a: Chandelure|42\/100\n|\n|upkeep\n|turn|7\n|\n|t:|1697762877\n|switch|p2a: Burbuja|Jellicent, M|100\/100\n|move|p1a: Chandelure|Fire Blast|p2a: Burbuja\n|-resisted|p2a: Burbuja\n|-damage|p2a: Burbuja|86\/100\n|\n|-heal|p2a: Burbuja|92\/100|[from] item: Leftovers\n|upkeep\n|turn|8\n|\n|t:|1697762886\n|switch|p1a: Serperior|Serperior, M|58\/100\n|move|p2a: Burbuja|Water Spout|p1a: Serperior\n|-resisted|p1a: Serperior\n|-damage|p1a: Serperior|12\/100\n|\n|-heal|p2a: Burbuja|98\/100|[from] item: Leftovers\n|upkeep\n|turn|9\n|inactive|Ggc69 has 270 seconds left.\n|\n|t:|1697762905\n|switch|p1a: Chandelure|Chandelure, M|42\/100\n|switch|p2a: Ferrothorn|Ferrothorn, F|86\/100\n|\n|upkeep\n|turn|10\n|\n|t:|1697762912\n|switch|p2a: Burbuja|Jellicent, M|98\/100\n|move|p1a: Chandelure|Night Shade|p2a: Burbuja\n|-damage|p2a: Burbuja|74\/100\n|\n|-heal|p2a: Burbuja|80\/100|[from] item: Leftovers\n|upkeep\n|turn|11\n|inactive|Ggc69 has 270 seconds left.\n|\n|t:|1697762926\n|switch|p1a: Conkeldurr|Conkeldurr, F|100\/100\n|move|p2a: Burbuja|Shadow Ball|p1a: Conkeldurr\n|-damage|p1a: Conkeldurr|77\/100\n|\n|-heal|p2a: Burbuja|86\/100|[from] item: Leftovers\n|upkeep\n|turn|12\n|inactive|Ggc69 has 270 seconds left.\n|inactive|Ggc69 has 240 seconds left.\n|\n|t:|1697762985\n|move|p2a: Burbuja|Strength Sap|p1a: Conkeldurr\n|-unboost|p1a: Conkeldurr|atk|1\n|-heal|p2a: Burbuja|100\/100\n|move|p1a: Conkeldurr|Knock Off|p2a: Burbuja\n|-supereffective|p2a: Burbuja\n|-damage|p2a: Burbuja|47\/100\n|-enditem|p2a: Burbuja|Leftovers|[from] move: Knock Off|[of] p1a: Conkeldurr\n|\n|upkeep\n|turn|13\n|inactive|Ggc69 has 210 seconds left.\n|\n|t:|1697763023\n|move|p2a: Burbuja|Strength Sap|p1a: Conkeldurr\n|-unboost|p1a: Conkeldurr|atk|1\n|-heal|p2a: Burbuja|100\/100\n|move|p1a: Conkeldurr|Hammer Arm|p2a: Burbuja\n|-immune|p2a: Burbuja\n|\n|upkeep\n|turn|14\n|c|\u2606juancaletas|o\n|c|\u2606juancaletas|q estupido\n|inactive|juancaletas has 270 seconds left.\n|\n|t:|1697763060\n|switch|p1a: Scolipede|Scolipede, F|100\/100\n|move|p2a: Burbuja|Water Spout|p1a: Scolipede\n|-crit|p1a: Scolipede\n|-damage|p1a: Scolipede|0 fnt\n|faint|p1a: Scolipede\n|\n|upkeep\n|\n|t:|1697763069\n|switch|p1a: Serperior|Serperior, M|12\/100\n|turn|15\n|\n|t:|1697763077\n|switch|p2a: Ferrothorn|Ferrothorn, F|86\/100\n|move|p1a: Serperior|Energy Ball|p2a: Ferrothorn\n|-resisted|p2a: Ferrothorn\n|-damage|p2a: Ferrothorn|76\/100\n|\n|upkeep\n|turn|16\n|inactive|Ggc69 has 210 seconds left.\n|\n|t:|1697763092\n|move|p1a: Serperior|Hidden Power|p2a: Ferrothorn\n|-damage|p2a: Ferrothorn|63\/100\n|move|p2a: Ferrothorn|Leech Seed|p1a: Serperior\n|-immune|p1a: Serperior\n|\n|upkeep\n|turn|17\n|\n|t:|1697763100\n|move|p1a: Serperior|Hidden Power|p2a: Ferrothorn\n|-damage|p2a: Ferrothorn|50\/100\n|move|p2a: Ferrothorn|Power Whip|p1a: Serperior\n|-resisted|p1a: Serperior\n|-damage|p1a: Serperior|0 fnt\n|faint|p1a: Serperior\n|\n|upkeep\n|\n|t:|1697763108\n|switch|p1a: Chandelure|Chandelure, M|42\/100\n|turn|18\n|\n|t:|1697763117\n|switch|p2a: Burbuja|Jellicent, M|100\/100\n|move|p1a: Chandelure|Fire Blast|p2a: Burbuja\n|-resisted|p2a: Burbuja\n|-damage|p2a: Burbuja|87\/100\n|\n|upkeep\n|turn|19\n|\n|t:|1697763126\n|switch|p1a: Swoobat|Swoobat, M|100\/100\n|move|p2a: Burbuja|Water Spout|p1a: Swoobat\n|-damage|p1a: Swoobat|0 fnt\n|faint|p1a: Swoobat\n|\n|upkeep\n|\n|t:|1697763132\n|switch|p1a: Excadrill|Excadrill, F|100\/100\n|-ability|p1a: Excadrill|Mold Breaker\n|turn|20\n|inactive|Ggc69 has 240 seconds left.\n|\n|t:|1697763149\n|move|p1a: Excadrill|Iron Head|p2a: Burbuja\n|-resisted|p2a: Burbuja\n|-damage|p2a: Burbuja|64\/100\n|cant|p2a: Burbuja|flinch\n|\n|upkeep\n|turn|21\n|\n|t:|1697763157\n|move|p1a: Excadrill|Iron Head|p2a: Burbuja\n|-resisted|p2a: Burbuja\n|-damage|p2a: Burbuja|43\/100\n|move|p2a: Burbuja|Strength Sap|p1a: Excadrill\n|-unboost|p1a: Excadrill|atk|1\n|-heal|p2a: Burbuja|100\/100\n|\n|upkeep\n|turn|22\n|\n|t:|1697763169\n|switch|p1a: Conkeldurr|Conkeldurr, F|77\/100\n|move|p2a: Burbuja|Water Spout|p1a: Conkeldurr\n|-damage|p1a: Conkeldurr|0 fnt\n|faint|p1a: Conkeldurr\n|\n|upkeep\n|\n|t:|1697763175\n|switch|p1a: Excadrill|Excadrill, F|100\/100\n|-ability|p1a: Excadrill|Mold Breaker\n|turn|23\n|\n|t:|1697763179\n|move|p1a: Excadrill|Iron Head|p2a: Burbuja\n|-resisted|p2a: Burbuja\n|-damage|p2a: Burbuja|80\/100\n|move|p2a: Burbuja|Water Spout|p1a: Excadrill\n|-supereffective|p1a: Excadrill\n|-damage|p1a: Excadrill|0 fnt\n|faint|p1a: Excadrill\n|\n|upkeep\n|\n|t:|1697763186\n|switch|p1a: Chandelure|Chandelure, M|42\/100\n|turn|24\n|\n|t:|1697763189\n|move|p1a: Chandelure|Night Shade|p2a: Burbuja\n|-damage|p2a: Burbuja|55\/100\n|move|p2a: Burbuja|Water Spout|p1a: Chandelure\n|-supereffective|p1a: Chandelure\n|-damage|p1a: Chandelure|0 fnt\n|faint|p1a: Chandelure\n|\n|win|Ggc69\n|c|\u2606Ggc69|gg\n|c|\u2606juancaletas|gg\n","uploadtime":1697763200,"views":9,"p1id":"juancaletas","p2id":"ggc69","formatid":"gen9anythinggoes","rating":0,"private":0,"password":""}