{"id":"radicalred-gen9anythinggoes-546618","p1":"ElBau1129","p2":"zSlowKiller","format":"[Gen 9] Anything Goes","log":"|j|\u2606ElBau1129\n|j|\u2606zSlowKiller\n|t:|1700010021\n|gametype|singles\n|player|p1|ElBau1129|rr-houndoommega|\n|player|p2|zSlowKiller|rr-miraidon|\n|teamsize|p1|6\n|teamsize|p2|6\n|gen|9\n|tier|[Gen 9] Anything Goes\n|rule|HP Percentage Mod: HP is shown in percentages\n|rule|Endless Battle Clause: Forcing endless battles is banned\n|rule|Sleep Clause Mod: Limit one foe put to sleep\n|clearpoke\n|poke|p1|Gigalith, M|\n|poke|p1|Tornadus-Therian, M|\n|poke|p1|Volcarona, F|\n|poke|p1|Ferrothorn, M|\n|poke|p1|Jellicent, M|\n|poke|p1|Eelektross, F|\n|poke|p2|Keldeo-Resolute|\n|poke|p2|Gigalith, M|\n|poke|p2|Ferrothorn, M|\n|poke|p2|Hydreigon, F|\n|poke|p2|Galvantula, F|\n|poke|p2|Volcarona, M|\n|teampreview\n|c|\u2606ElBau1129|ola\n|c|\u2606zSlowKiller|holi\n|c|\u2606ElBau1129|que tal tu dia\n|c|\u2606zSlowKiller|mal\n|c|\u2606zSlowKiller|no se si conoces a elbau1129\n|c|\u2606zSlowKiller|me acaba de empatar una semifina\u00f1\n|j| ThePipoShow\n|j| PatoPatito08\n|c|\u2606ElBau1129|que malo eres\n|j| ChadouMC\n|c|\u2606zSlowKiller|si\n|c| ThePipoShow|os van a meter la poya\n|c|\u2606ElBau1129|como te va a empatar 1129\n|c|\u2606zSlowKiller|bueno\n|c|\u2606zSlowKiller|gl!\n|c| PatoPatito08|KILLER DEMOSTRA EL PODER DE LA SHINTINTINETA\n|j| Feloxwtf\n|c| Feloxwtf|gg wp\n|c| ThePipoShow|killer\n|c| ThePipoShow|mi buen amigo\n|c|\u2606zSlowKiller|ya tuve las suficientes rondas para saber lo que tenia que saber\n|c| ThePipoShow|esta campa\u00f1a volveremos a estar contigo\n|c| ThePipoShow|te alentaremos\n|c| ThePipoShow|de corazon\n|c|\u2606zSlowKiller|i'm only human\n|c|\u2606zSlowKiller|aftera ll\n|c|\u2606ElBau1129|listo\n|c|\u2606ElBau1129|GL!\n|inactive|Battle timer is ON: inactive players will automatically lose when time's up. (requested by ElBau1129)\n|c|\u2606zSlowKiller|gll\n|c| Feloxwtf|glo glo glo\n|c|\u2606zSlowKiller|que gane el m\u00e1s peor\n|j| ItzPepe\n|c| ThePipoShow|god luc\n|c| ItzPepe|vamos killer carajo\n|\n|t:|1700010115\n|start\n|switch|p1a: ChupaPitos|Eelektross, F|100\/100\n|switch|p2a: La ara\u00f1a|Galvantula, F, shiny|100\/100\n|turn|1\n|\n|t:|1700010121\n|move|p2a: La ara\u00f1a|Sticky Web|p1a: ChupaPitos\n|-sidestart|p1: ElBau1129|move: Sticky Web\n|move|p1a: ChupaPitos|Fire Blast|p2a: La ara\u00f1a\n|-supereffective|p2a: La ara\u00f1a\n|-enditem|p2a: La ara\u00f1a|Focus Sash\n|-damage|p2a: La ara\u00f1a|1\/100\n|\n|upkeep\n|turn|2\n|c| ThePipoShow|like para que killer gane carajo\n|c| ItzPepe|LISTO AMIGO\n|c| Feloxwtf|JAJAJJAJAJA\n|c| Feloxwtf|GG\n|c| ItzPepe|LO BANEO\n|c| Feloxwtf|BANANEADO\n|\n|t:|1700010140\n|move|p2a: La ara\u00f1a|Bug Buzz|p1a: ChupaPitos\n|-damage|p1a: ChupaPitos|58\/100\n|move|p1a: ChupaPitos|Volt Switch|p2a: La ara\u00f1a\n|-resisted|p2a: La ara\u00f1a\n|-damage|p2a: La ara\u00f1a|0 fnt\n|faint|p2a: La ara\u00f1a\n|inactive|ElBau1129 has 270 seconds left.\n|\n|t:|1700010194\n|switch|p1a: FireBeauty|Volcarona, F, shiny|100\/100|[from] Volt Switch\n|\n|upkeep\n|c| Feloxwtf|smash Elektross\n|\n|t:|1700010217\n|switch|p2a: El Shintintin|Keldeo-Resolute|100\/100\n|turn|3\n|c| Feloxwtf|Smash Shintintin\n|\n|t:|1700010225\n|switch|p1a: TermoTanque|Jellicent, M, shiny|100\/100\n|-activate|p1a: TermoTanque|move: Sticky Web\n|-unboost|p1a: TermoTanque|spe|1\n|move|p2a: El Shintintin|Scald|p1a: TermoTanque\n|-resisted|p1a: TermoTanque\n|-damage|p1a: TermoTanque|80\/100\n|-damage|p2a: El Shintintin|91\/100|[from] item: Life Orb\n|\n|-heal|p1a: TermoTanque|86\/100|[from] item: Leftovers\n|upkeep\n|turn|4\n|c|\u2606zSlowKiller|bueno\n|c|\u2606zSlowKiller|kapu me dio su suerte\n|c|\u2606zSlowKiller|el desbalance comenzo\n|\n|t:|1700010235\n|switch|p2a: Tilin|Hydreigon, F|100\/100\n|move|p1a: TermoTanque|Toxic|p2a: Tilin\n|-status|p2a: Tilin|tox\n|\n|-heal|p1a: TermoTanque|93\/100|[from] item: Leftovers\n|-damage|p2a: Tilin|94\/100 tox|[from] psn\n|upkeep\n|turn|5\n|inactive|ElBau1129 has 270 seconds left.\n|c| ItzPepe|oh no\n|c| PatoPatito08|ala\n|c| Feloxwtf|padre nuestro que estas en el cielo\n|c| Feloxwtf|santificado  sea tu nombre\n|inactive|ElBau1129 has 240 seconds left.\n|inactive|ElBau1129 has 210 seconds left.\n|\n|t:|1700010302\n|switch|p1a: ChupaPitos|Eelektross, F|58\/100\n|-activate|p1a: ChupaPitos|move: Sticky Web\n|-unboost|p1a: ChupaPitos|spe|1\n|move|p2a: Tilin|Dark Hole|p1a: ChupaPitos\n|-damage|p1a: ChupaPitos|0 fnt\n|faint|p1a: ChupaPitos\n|\n|-damage|p2a: Tilin|82\/100 tox|[from] psn\n|upkeep\n|inactive|ElBau1129 has 210 seconds left.\n|\n|t:|1700010308\n|switch|p1a: FireBeauty|Volcarona, F, shiny|100\/100\n|turn|6\n|inactive|ElBau1129 has 210 seconds left.\n|\n|t:|1700010327\n|switch|p2a: La Roca|Gigalith, M, shiny|100\/100\n|-weather|Sandstorm|[from] ability: Sand Stream|[of] p2a: La Roca\n|move|p1a: FireBeauty|Bug Buzz|p2a: La Roca\n|-damage|p2a: La Roca|75\/100\n|\n|-weather|Sandstorm|[upkeep]\n|-damage|p1a: FireBeauty|94\/100|[from] Sandstorm\n|-heal|p2a: La Roca|81\/100|[from] item: Leftovers\n|upkeep\n|turn|7\n|inactive|ElBau1129 has 210 seconds left.\n|\n|t:|1700010340\n|switch|p1a: TermoTanque|Jellicent, M, shiny|93\/100\n|-activate|p1a: TermoTanque|move: Sticky Web\n|-unboost|p1a: TermoTanque|spe|1\n|move|p2a: La Roca|Stone Edge|p1a: TermoTanque\n|-damage|p1a: TermoTanque|57\/100\n|\n|-weather|Sandstorm|[upkeep]\n|-damage|p1a: TermoTanque|51\/100|[from] Sandstorm\n|-heal|p1a: TermoTanque|57\/100|[from] item: Leftovers\n|-heal|p2a: La Roca|87\/100|[from] item: Leftovers\n|upkeep\n|turn|8\n|inactive|ElBau1129 has 210 seconds left.\n|\n|t:|1700010346\n|switch|p2a: drakig|Ferrothorn, M|100\/100\n|move|p1a: TermoTanque|Strength Sap|p2a: drakig\n|-unboost|p2a: drakig|atk|1\n|-heal|p1a: TermoTanque|100\/100\n|\n|-weather|Sandstorm|[upkeep]\n|-damage|p1a: TermoTanque|94\/100|[from] Sandstorm\n|-heal|p1a: TermoTanque|100\/100|[from] item: Leftovers\n|upkeep\n|turn|9\n|inactive|ElBau1129 has 210 seconds left.\n|c| ThePipoShow|si los pokemones hablasen\n|\n|t:|1700010361\n|switch|p1a: FireBeauty|Volcarona, F, shiny|94\/100\n|move|p2a: drakig|Leech Seed|p1a: FireBeauty\n|-start|p1a: FireBeauty|move: Leech Seed\n|\n|-weather|Sandstorm|[upkeep]\n|-damage|p1a: FireBeauty|88\/100|[from] Sandstorm\n|-damage|p1a: FireBeauty|76\/100|[from] Leech Seed|[of] p2a: drakig\n|upkeep\n|turn|10\n|inactive|ElBau1129 has 210 seconds left.\n|c| Feloxwtf|sabias que\n|\n|t:|1700010380\n|switch|p2a: El Shintintin|Keldeo-Resolute|91\/100\n|move|p1a: FireBeauty|Fiery Dance|p2a: El Shintintin\n|-resisted|p2a: El Shintintin\n|-damage|p2a: El Shintintin|65\/100\n|\n|-weather|none\n|-damage|p1a: FireBeauty|63\/100|[from] Leech Seed|[of] p2a: El Shintintin\n|-heal|p2a: El Shintintin|77\/100|[silent]\n|upkeep\n|turn|11\n|inactive|ElBau1129 has 210 seconds left.\n|c| Feloxwtf|vaporeon no es el pokemon mas compatible con el ser humano\n|c| ThePipoShow|TOMA ESTO TOMA ESTO Jellicent  MALO\n|\n|t:|1700010391\n|switch|p2a: Tilin|Hydreigon, F|82\/100 tox\n|switch|p1a: TermoTanque|Jellicent, M, shiny|100\/100\n|-activate|p1a: TermoTanque|move: Sticky Web\n|-unboost|p1a: TermoTanque|spe|1\n|\n|-damage|p2a: Tilin|76\/100 tox|[from] psn\n|upkeep\n|turn|12\n|c| Feloxwtf|pipo callate pareces down\n|inactive|ElBau1129 has 210 seconds left.\n|c| ThePipoShow|Keldeo: hoy es el dia mas feliz\n|\n|t:|1700010407\n|switch|p1a: IronBallBarb|Ferrothorn, M|100\/100\n|-activate|p1a: IronBallBarb|move: Sticky Web\n|-unboost|p1a: IronBallBarb|spe|1\n|move|p2a: Tilin|Dark Hole|p1a: IronBallBarb\n|-damage|p1a: IronBallBarb|38\/100\n|\n|-damage|p2a: Tilin|64\/100 tox|[from] psn\n|upkeep\n|turn|13\n|c| Feloxwtf|como macho pipo\n|\n|t:|1700010431\n|switch|p2a: 4325tre|Volcarona, M, shiny|100\/100\n|move|p1a: IronBallBarb|Stealth Rock|p2a: 4325tre\n|-sidestart|p2: zSlowKiller|move: Stealth Rock\n|\n|upkeep\n|turn|14\n|\n|t:|1700010436\n|switch|p1a: Cromastone|Gigalith, M, shiny|100\/100\n|-activate|p1a: Cromastone|move: Sticky Web\n|-unboost|p1a: Cromastone|spe|1\n|move|p2a: 4325tre|Quiver Dance|p2a: 4325tre\n|-boost|p2a: 4325tre|spa|1\n|-boost|p2a: 4325tre|spd|1\n|-boost|p2a: 4325tre|spe|1\n|\n|upkeep\n|turn|15\n|\n|t:|1700010442\n|switch|p2a: drakig|Ferrothorn, M|100\/100\n|-damage|p2a: drakig|95\/100|[from] Stealth Rock\n|move|p1a: Cromastone|Rock Blast|p2a: drakig\n|-resisted|p2a: drakig\n|-damage|p2a: drakig|91\/100\n|-resisted|p2a: drakig\n|-damage|p2a: drakig|88\/100\n|-resisted|p2a: drakig\n|-damage|p2a: drakig|84\/100\n|-hitcount|p2a: drakig|3\n|\n|upkeep\n|turn|16\n|inactive|ElBau1129 has 210 seconds left.\n|\n|t:|1700010455\n|switch|p1a: DarkWinds|Tornadus-Therian, M, shiny|100\/100\n|move|p2a: drakig|Leech Seed|p1a: DarkWinds\n|-start|p1a: DarkWinds|move: Leech Seed\n|\n|-damage|p1a: DarkWinds|88\/100|[from] Leech Seed|[of] p2a: drakig\n|-heal|p2a: drakig|96\/100|[silent]\n|upkeep\n|turn|17\n|\n|t:|1700010460\n|switch|p2a: La Roca|Gigalith, M, shiny|87\/100\n|-damage|p2a: La Roca|75\/100|[from] Stealth Rock\n|-weather|Sandstorm|[from] ability: Sand Stream|[of] p2a: La Roca\n|move|p1a: DarkWinds|Defog|p2a: La Roca\n|-unboost|p2a: La Roca|evasion|1\n|-sideend|p2: zSlowKiller|Stealth Rock|[from] move: Defog|[of] p1a: DarkWinds\n|-sideend|p1: ElBau1129|Sticky Web|[from] move: Defog|[of] p1a: DarkWinds\n|\n|-weather|Sandstorm|[upkeep]\n|-damage|p1a: DarkWinds|82\/100|[from] Sandstorm\n|-heal|p2a: La Roca|81\/100|[from] item: Leftovers\n|-damage|p1a: DarkWinds|70\/100|[from] Leech Seed|[of] p2a: La Roca\n|-heal|p2a: La Roca|91\/100|[silent]\n|upkeep\n|turn|18\n|inactive|ElBau1129 has 210 seconds left.\n|inactive|ElBau1129 has 180 seconds left.\n|\n|t:|1700010525\n|switch|p1a: TermoTanque|Jellicent, M, shiny|100\/100\n|move|p2a: La Roca|Stealth Rock|p1a: TermoTanque\n|-sidestart|p1: ElBau1129|move: Stealth Rock\n|\n|-weather|Sandstorm|[upkeep]\n|-damage|p1a: TermoTanque|94\/100|[from] Sandstorm\n|-heal|p1a: TermoTanque|100\/100|[from] item: Leftovers\n|-heal|p2a: La Roca|98\/100|[from] item: Leftovers\n|upkeep\n|turn|19\n|\n|t:|1700010536\n|switch|p2a: drakig|Ferrothorn, M|96\/100\n|move|p1a: TermoTanque|Water Spout|p2a: drakig\n|-resisted|p2a: drakig\n|-crit|p2a: drakig\n|-damage|p2a: drakig|46\/100\n|\n|-weather|Sandstorm|[upkeep]\n|-damage|p1a: TermoTanque|94\/100|[from] Sandstorm\n|-heal|p1a: TermoTanque|100\/100|[from] item: Leftovers\n|upkeep\n|turn|20\n|inactive|ElBau1129 has 150 seconds left.\n|j| Soulgoldsilver123\n|\n|t:|1700010578\n|move|p1a: TermoTanque|Water Spout|p2a: drakig\n|-resisted|p2a: drakig\n|-damage|p2a: drakig|11\/100\n|move|p2a: drakig|Leech Seed|p1a: TermoTanque\n|-start|p1a: TermoTanque|move: Leech Seed\n|\n|-weather|Sandstorm|[upkeep]\n|-damage|p1a: TermoTanque|94\/100|[from] Sandstorm\n|-heal|p1a: TermoTanque|100\/100|[from] item: Leftovers\n|-damage|p1a: TermoTanque|88\/100|[from] Leech Seed|[of] p2a: drakig\n|-heal|p2a: drakig|25\/100|[silent]\n|upkeep\n|turn|21\n|inactive|ElBau1129 has 120 seconds left.\n|j| bvuut99\n|\n|t:|1700010620\n|switch|p1a: DarkWinds|Tornadus-Therian, M, shiny|100\/100\n|-damage|p1a: DarkWinds|75\/100|[from] Stealth Rock\n|move|p2a: drakig|Leech Seed|p1a: DarkWinds\n|-start|p1a: DarkWinds|move: Leech Seed\n|\n|-weather|none\n|-damage|p1a: DarkWinds|63\/100|[from] Leech Seed|[of] p2a: drakig\n|-heal|p2a: drakig|37\/100|[silent]\n|upkeep\n|turn|22\n|\n|t:|1700010628\n|move|p2a: drakig|Protect|p2a: drakig\n|-singleturn|p2a: drakig|Protect\n|move|p1a: DarkWinds|Defog|p2a: drakig\n|-activate|p2a: drakig|move: Protect\n|\n|-damage|p1a: DarkWinds|51\/100|[from] Leech Seed|[of] p2a: drakig\n|-heal|p2a: drakig|48\/100|[silent]\n|upkeep\n|turn|23\n|inactive|ElBau1129 has 120 seconds left.\n|\n|t:|1700010647\n|switch|p2a: La Roca|Gigalith, M, shiny|98\/100\n|-weather|Sandstorm|[from] ability: Sand Stream|[of] p2a: La Roca\n|move|p1a: DarkWinds|Heat Wave|p2a: La Roca\n|-resisted|p2a: La Roca\n|-damage|p2a: La Roca|88\/100\n|-damage|p1a: DarkWinds|41\/100|[from] item: Life Orb\n|\n|-weather|Sandstorm|[upkeep]\n|-damage|p1a: DarkWinds|35\/100|[from] Sandstorm\n|-heal|p2a: La Roca|94\/100|[from] item: Leftovers\n|-damage|p1a: DarkWinds|22\/100|[from] Leech Seed|[of] p2a: La Roca\n|-heal|p2a: La Roca|100\/100|[silent]\n|upkeep\n|turn|24\n|\n|t:|1700010665\n|switch|p1a: TermoTanque|Jellicent, M, shiny|88\/100\n|-damage|p1a: TermoTanque|76\/100|[from] Stealth Rock\n|move|p2a: La Roca|Stone Edge|p1a: TermoTanque\n|-damage|p1a: TermoTanque|43\/100\n|\n|-weather|Sandstorm|[upkeep]\n|-damage|p1a: TermoTanque|37\/100|[from] Sandstorm\n|-heal|p1a: TermoTanque|43\/100|[from] item: Leftovers\n|upkeep\n|turn|25\n|inactive|zSlowKiller has 270 seconds left.\n|l| bvuut99\n|\n|t:|1700010693\n|switch|p2a: 4325tre|Volcarona, M, shiny|100\/100\n|move|p1a: TermoTanque|Strength Sap|p2a: 4325tre\n|-unboost|p2a: 4325tre|atk|1\n|-heal|p1a: TermoTanque|71\/100\n|\n|-weather|Sandstorm|[upkeep]\n|-damage|p2a: 4325tre|94\/100|[from] Sandstorm\n|-damage|p1a: TermoTanque|64\/100|[from] Sandstorm\n|-heal|p1a: TermoTanque|71\/100|[from] item: Leftovers\n|upkeep\n|turn|26\n|inactive|ElBau1129 has 120 seconds left.\n|inactive|zSlowKiller has 270 seconds left.\n|inactive|ElBau1129 has 90 seconds left.\n|j| Funtime_B0nnie\n|inactive|ElBau1129 has 60 seconds left.\n|\n|t:|1700010768\n|switch|p2a: drakig|Ferrothorn, M|48\/100\n|move|p1a: TermoTanque|Water Spout|p2a: drakig\n|-resisted|p2a: drakig\n|-damage|p2a: drakig|24\/100\n|\n|-weather|Sandstorm|[upkeep]\n|-damage|p1a: TermoTanque|64\/100|[from] Sandstorm\n|-heal|p1a: TermoTanque|71\/100|[from] item: Leftovers\n|upkeep\n|turn|27\n|inactive|ElBau1129 has 60 seconds left.\n|\n|t:|1700010780\n|move|p1a: TermoTanque|Strength Sap|p2a: drakig\n|-unboost|p2a: drakig|atk|1\n|-heal|p1a: TermoTanque|100\/100\n|move|p2a: drakig|Leech Seed|p1a: TermoTanque\n|-start|p1a: TermoTanque|move: Leech Seed\n|\n|-weather|none\n|-damage|p1a: TermoTanque|88\/100|[from] Leech Seed|[of] p2a: drakig\n|-heal|p2a: drakig|38\/100|[silent]\n|upkeep\n|turn|28\n|inactive|ElBau1129 has 60 seconds left.\n|inactive|ElBau1129 has 30 seconds left.\n|inactive|ElBau1129 has 20 seconds left.\n|inactive|ElBau1129 has 15 seconds left.\n|\n|t:|1700010831\n|switch|p1a: DarkWinds|Tornadus-Therian, M, shiny|56\/100\n|-damage|p1a: DarkWinds|31\/100|[from] Stealth Rock\n|move|p2a: drakig|Leech Seed|p1a: DarkWinds\n|-start|p1a: DarkWinds|move: Leech Seed\n|\n|-damage|p1a: DarkWinds|18\/100|[from] Leech Seed|[of] p2a: drakig\n|-heal|p2a: drakig|50\/100|[silent]\n|upkeep\n|turn|29\n|inactive|ElBau1129 has 25 seconds left this turn.\n|inactive|ElBau1129 has 20 seconds left.\n|\n|t:|1700010839\n|switch|p1a: FireBeauty|Volcarona, F, shiny|63\/100\n|move|p2a: drakig|Gyro Ball|p1a: FireBeauty\n|-resisted|p1a: FireBeauty\n|-damage|p1a: FireBeauty|39\/100\n|\n|upkeep\n|turn|30\n|inactive|ElBau1129 has 30 seconds left this turn.\n|inactive|zSlowKiller has 270 seconds left.\n|inactive|ElBau1129 has 20 seconds left.\n|inactive|ElBau1129 has 15 seconds left.\n|\n|t:|1700010863\n|switch|p2a: La Roca|Gigalith, M, shiny|100\/100\n|-weather|Sandstorm|[from] ability: Sand Stream|[of] p2a: La Roca\n|move|p1a: FireBeauty|Giga Drain|p2a: La Roca\n|-supereffective|p2a: La Roca\n|-damage|p2a: La Roca|74\/100\n|-heal|p1a: FireBeauty|55\/100|[from] drain|[of] p2a: La Roca\n|\n|-weather|Sandstorm|[upkeep]\n|-damage|p1a: FireBeauty|49\/100|[from] Sandstorm\n|-heal|p2a: La Roca|80\/100|[from] item: Leftovers\n|upkeep\n|turn|31\n|inactive|ElBau1129 has 25 seconds left this turn.\n|inactive|ElBau1129 has 20 seconds left.\n|inactive|ElBau1129 has 15 seconds left.\n|inactive|ElBau1129 has 10 seconds left.\n|\n|t:|1700010879\n|switch|p1a: TermoTanque|Jellicent, M, shiny|88\/100\n|-damage|p1a: TermoTanque|76\/100|[from] Stealth Rock\n|move|p2a: La Roca|Stone Edge|p1a: TermoTanque\n|-damage|p1a: TermoTanque|45\/100\n|\n|-weather|Sandstorm|[upkeep]\n|-damage|p1a: TermoTanque|38\/100|[from] Sandstorm\n|-heal|p1a: TermoTanque|45\/100|[from] item: Leftovers\n|-heal|p2a: La Roca|87\/100|[from] item: Leftovers\n|upkeep\n|turn|32\n|inactive|ElBau1129 has 20 seconds left this turn.\n|inactive|ElBau1129 has 15 seconds left.\n|inactive|ElBau1129 has 10 seconds left.\n|\n|t:|1700010890\n|move|p2a: La Roca|Protect|p2a: La Roca\n|-singleturn|p2a: La Roca|Protect\n|move|p1a: TermoTanque|Strength Sap|p2a: La Roca\n|-activate|p2a: La Roca|move: Protect\n|\n|-weather|Sandstorm|[upkeep]\n|-damage|p1a: TermoTanque|38\/100|[from] Sandstorm\n|-heal|p1a: TermoTanque|45\/100|[from] item: Leftovers\n|-heal|p2a: La Roca|93\/100|[from] item: Leftovers\n|upkeep\n|turn|33\n|inactive|ElBau1129 has 20 seconds left this turn.\n|\n|t:|1700010900\n|switch|p2a: drakig|Ferrothorn, M|50\/100\n|move|p1a: TermoTanque|Strength Sap|p2a: drakig\n|-unboost|p2a: drakig|atk|1\n|-heal|p1a: TermoTanque|100\/100\n|\n|-weather|Sandstorm|[upkeep]\n|-damage|p1a: TermoTanque|94\/100|[from] Sandstorm\n|-heal|p1a: TermoTanque|100\/100|[from] item: Leftovers\n|upkeep\n|turn|34\n|inactive|ElBau1129 has 30 seconds left this turn.\n|\n|t:|1700010903\n|move|p1a: TermoTanque|Water Spout|p2a: drakig\n|-resisted|p2a: drakig\n|-damage|p2a: drakig|16\/100\n|move|p2a: drakig|Leech Seed|p1a: TermoTanque\n|-start|p1a: TermoTanque|move: Leech Seed\n|\n|-weather|none\n|-damage|p1a: TermoTanque|88\/100|[from] Leech Seed|[of] p2a: drakig\n|-heal|p2a: drakig|30\/100|[silent]\n|upkeep\n|turn|35\n|\n|t:|1700010911\n|move|p2a: drakig|Protect|p2a: drakig\n|-singleturn|p2a: drakig|Protect\n|move|p1a: TermoTanque|Water Spout|p2a: drakig\n|-activate|p2a: drakig|move: Protect\n|\n|-heal|p1a: TermoTanque|94\/100|[from] item: Leftovers\n|-damage|p1a: TermoTanque|82\/100|[from] Leech Seed|[of] p2a: drakig\n|-heal|p2a: drakig|44\/100|[silent]\n|upkeep\n|turn|36\n|\n|t:|1700010922\n|switch|p1a: FireBeauty|Volcarona, F, shiny|49\/100\n|move|p2a: drakig|Leech Seed|p1a: FireBeauty\n|-start|p1a: FireBeauty|move: Leech Seed\n|\n|-damage|p1a: FireBeauty|36\/100|[from] Leech Seed|[of] p2a: drakig\n|-heal|p2a: drakig|55\/100|[silent]\n|upkeep\n|turn|37\n|c| ChadouMC|Bau\n|inactive|ElBau1129 has 30 seconds left.\n|\n|t:|1700010938\n|switch|p2a: La Roca|Gigalith, M, shiny|93\/100\n|-weather|Sandstorm|[from] ability: Sand Stream|[of] p2a: La Roca\n|move|p1a: FireBeauty|Quiver Dance|p1a: FireBeauty\n|-boost|p1a: FireBeauty|spa|1\n|-boost|p1a: FireBeauty|spd|1\n|-boost|p1a: FireBeauty|spe|1\n|\n|-weather|Sandstorm|[upkeep]\n|-damage|p1a: FireBeauty|30\/100|[from] Sandstorm\n|-heal|p2a: La Roca|99\/100|[from] item: Leftovers\n|-damage|p1a: FireBeauty|17\/100|[from] Leech Seed|[of] p2a: La Roca\n|-heal|p2a: La Roca|100\/100|[silent]\n|upkeep\n|turn|38\n|inactive|ElBau1129 has 30 seconds left.\n|\n|t:|1700010959\n|switch|p1a: Cromastone|Gigalith, M, shiny|100\/100\n|-damage|p1a: Cromastone|88\/100|[from] Stealth Rock\n|move|p2a: La Roca|Stone Edge|p1a: Cromastone|[miss]\n|-miss|p2a: La Roca|p1a: Cromastone\n|\n|-weather|Sandstorm|[upkeep]\n|upkeep\n|turn|39\n|inactive|ElBau1129 has 30 seconds left.\n|\n|t:|1700010972\n|move|p2a: La Roca|Protect|p2a: La Roca\n|-singleturn|p2a: La Roca|Protect\n|move|p1a: Cromastone|Stealth Rock|p2a: La Roca\n|-sidestart|p2: zSlowKiller|move: Stealth Rock\n|\n|-weather|Sandstorm|[upkeep]\n|upkeep\n|turn|40\n|inactive|ElBau1129 has 30 seconds left.\n|\n|t:|1700010984\n|move|p2a: La Roca|Earthquake|p1a: Cromastone\n|-supereffective|p1a: Cromastone\n|-damage|p1a: Cromastone|55\/100\n|move|p1a: Cromastone|Earthquake|p2a: La Roca\n|-supereffective|p2a: La Roca\n|-damage|p2a: La Roca|57\/100\n|\n|-weather|Sandstorm|[upkeep]\n|-heal|p2a: La Roca|63\/100|[from] item: Leftovers\n|upkeep\n|turn|41\n|inactive|ElBau1129 has 30 seconds left.\n|\n|t:|1700010998\n|switch|p1a: TermoTanque|Jellicent, M, shiny|82\/100\n|-damage|p1a: TermoTanque|70\/100|[from] Stealth Rock\n|move|p2a: La Roca|Earthquake|p1a: TermoTanque\n|-damage|p1a: TermoTanque|48\/100\n|\n|-weather|none\n|-heal|p1a: TermoTanque|54\/100|[from] item: Leftovers\n|-heal|p2a: La Roca|69\/100|[from] item: Leftovers\n|upkeep\n|turn|42\n|\n|t:|1700011005\n|switch|p2a: drakig|Ferrothorn, M|55\/100\n|-damage|p2a: drakig|49\/100|[from] Stealth Rock\n|move|p1a: TermoTanque|Strength Sap|p2a: drakig\n|-unboost|p2a: drakig|atk|1\n|-heal|p1a: TermoTanque|100\/100\n|\n|upkeep\n|turn|43\n|\n|t:|1700011008\n|move|p1a: TermoTanque|Water Spout|p2a: drakig\n|-resisted|p2a: drakig\n|-damage|p2a: drakig|14\/100\n|move|p2a: drakig|Leech Seed|p1a: TermoTanque\n|-start|p1a: TermoTanque|move: Leech Seed\n|\n|-damage|p1a: TermoTanque|88\/100|[from] Leech Seed|[of] p2a: drakig\n|-heal|p2a: drakig|28\/100|[silent]\n|upkeep\n|turn|44\n|\n|t:|1700011022\n|switch|p1a: FireBeauty|Volcarona, F, shiny|17\/100\n|move|p2a: drakig|Protect||[still]\n|-fail|p2a: drakig\n|\n|upkeep\n|turn|45\n|\n|t:|1700011029\n|move|p1a: FireBeauty|Fiery Dance|p2a: drakig\n|-supereffective|p2a: drakig\n|-damage|p2a: drakig|0 fnt\n|faint|p2a: drakig\n|\n|upkeep\n|\n|t:|1700011032\n|switch|p2a: El Shintintin|Keldeo-Resolute|77\/100\n|-damage|p2a: El Shintintin|71\/100|[from] Stealth Rock\n|turn|46\n|inactive|ElBau1129 has 60 seconds left.\n|\n|t:|1700011045\n|switch|p1a: TermoTanque|Jellicent, M, shiny|88\/100\n|-damage|p1a: TermoTanque|76\/100|[from] Stealth Rock\n|move|p2a: El Shintintin|Air Slash|p1a: TermoTanque\n|-crit|p1a: TermoTanque\n|-damage|p1a: TermoTanque|20\/100\n|-damage|p2a: El Shintintin|61\/100|[from] item: Life Orb\n|\n|-heal|p1a: TermoTanque|26\/100|[from] item: Leftovers\n|upkeep\n|turn|47\n|inactive|ElBau1129 has 60 seconds left.\n|\n|t:|1700011062\n|move|p2a: El Shintintin|Air Slash|p1a: TermoTanque\n|-damage|p1a: TermoTanque|0 fnt\n|faint|p1a: TermoTanque\n|-damage|p2a: El Shintintin|51\/100|[from] item: Life Orb\n|\n|upkeep\n|\n|t:|1700011072\n|switch|p1a: DarkWinds|Tornadus-Therian, M, shiny|52\/100\n|-damage|p1a: DarkWinds|27\/100|[from] Stealth Rock\n|turn|48\n|\n|t:|1700011078\n|switch|p2a: La Roca|Gigalith, M, shiny|69\/100\n|-damage|p2a: La Roca|57\/100|[from] Stealth Rock\n|-weather|Sandstorm|[from] ability: Sand Stream|[of] p2a: La Roca\n|move|p1a: DarkWinds|Bleakwind Storm|p2a: La Roca\n|-resisted|p2a: La Roca\n|-damage|p2a: La Roca|41\/100\n|-damage|p1a: DarkWinds|17\/100|[from] item: Life Orb\n|\n|-weather|Sandstorm|[upkeep]\n|-damage|p1a: DarkWinds|11\/100|[from] Sandstorm\n|-heal|p2a: La Roca|47\/100|[from] item: Leftovers\n|upkeep\n|turn|49\n|inactive|ElBau1129 has 60 seconds left.\n|\n|t:|1700011100\n|switch|p1a: IronBallBarb|Ferrothorn, M|38\/100\n|-damage|p1a: IronBallBarb|31\/100|[from] Stealth Rock\n|move|p2a: La Roca|Stone Edge|p1a: IronBallBarb|[miss]\n|-miss|p2a: La Roca|p1a: IronBallBarb\n|\n|-weather|Sandstorm|[upkeep]\n|-heal|p2a: La Roca|53\/100|[from] item: Leftovers\n|upkeep\n|turn|50\n|inactive|ElBau1129 has 30 seconds left.\n|\n|t:|1700011140\n|switch|p1a: Cromastone|Gigalith, M, shiny|55\/100\n|-damage|p1a: Cromastone|42\/100|[from] Stealth Rock\n|move|p2a: La Roca|Protect||[still]\n|-fail|p2a: La Roca\n|\n|-weather|Sandstorm|[upkeep]\n|-heal|p2a: La Roca|59\/100|[from] item: Leftovers\n|upkeep\n|turn|51\n|inactive|ElBau1129 has 30 seconds left.\n|inactive|ElBau1129 has 20 seconds left.\n|\n|t:|1700011163\n|switch|p2a: Tilin|Hydreigon, F|64\/100 tox\n|-damage|p2a: Tilin|51\/100 tox|[from] Stealth Rock\n|move|p1a: Cromastone|Explosion|p2a: Tilin\n|-enditem|p1a: Cromastone|Normal Gem|[from] gem\n|-damage|p2a: Tilin|0 fnt\n|faint|p1a: Cromastone\n|faint|p2a: Tilin\n|\n|-weather|Sandstorm|[upkeep]\n|upkeep\n|inactive|ElBau1129 has 30 seconds left this turn.\n|inactive|ElBau1129 has 20 seconds left.\n|inactive|ElBau1129 has 15 seconds left.\n|\n|t:|1700011179\n|switch|p2a: 4325tre|Volcarona, M, shiny|94\/100\n|switch|p1a: FireBeauty|Volcarona, F, shiny|17\/100\n|turn|52\n|inactive|ElBau1129 has 25 seconds left this turn.\n|inactive|ElBau1129 has 20 seconds left.\n|inactive|ElBau1129 has 15 seconds left.\n|inactive|ElBau1129 has 10 seconds left.\n|\n|t:|1700011198\n|move|p1a: FireBeauty|Quiver Dance|p1a: FireBeauty\n|-boost|p1a: FireBeauty|spa|1\n|-boost|p1a: FireBeauty|spd|1\n|-boost|p1a: FireBeauty|spe|1\n|move|p2a: 4325tre|Fiery Dance|p1a: FireBeauty\n|-damage|p1a: FireBeauty|0 fnt\n|faint|p1a: FireBeauty\n|\n|-weather|none\n|upkeep\n|inactive|ElBau1129 has 15 seconds left this turn.\n|\n|t:|1700011202\n|switch|p1a: DarkWinds|Tornadus-Therian, M, shiny|44\/100\n|-damage|p1a: DarkWinds|19\/100|[from] Stealth Rock\n|turn|53\n|inactive|ElBau1129 has 25 seconds left this turn.\n|inactive|ElBau1129 has 20 seconds left.\n|\n|t:|1700011212\n|switch|p2a: La Roca|Gigalith, M, shiny|59\/100\n|-damage|p2a: La Roca|47\/100|[from] Stealth Rock\n|-weather|Sandstorm|[from] ability: Sand Stream|[of] p2a: La Roca\n|move|p1a: DarkWinds|Bleakwind Storm|p2a: La Roca\n|-resisted|p2a: La Roca\n|-damage|p2a: La Roca|31\/100\n|-status|p2a: La Roca|frz\n|-damage|p1a: DarkWinds|9\/100|[from] item: Life Orb\n|\n|-weather|Sandstorm|[upkeep]\n|-damage|p1a: DarkWinds|3\/100|[from] Sandstorm\n|-heal|p2a: La Roca|37\/100 frz|[from] item: Leftovers\n|-damage|p2a: La Roca|31\/100 frz|[from] frz\n|upkeep\n|turn|54\n|inactive|ElBau1129 has 30 seconds left this turn.\n|j| nose xd123\n|c| nose xd123|ola\n|\n|t:|1700011230\n|switch|p1a: IronBallBarb|Ferrothorn, M|31\/100\n|-damage|p1a: IronBallBarb|25\/100|[from] Stealth Rock\n|switch|p2a: El Shintintin|Keldeo-Resolute|51\/100\n|-damage|p2a: El Shintintin|45\/100|[from] Stealth Rock\n|\n|-weather|Sandstorm|[upkeep]\n|-damage|p2a: El Shintintin|39\/100|[from] Sandstorm\n|upkeep\n|turn|55\n|inactive|ElBau1129 has 30 seconds left.\n|\n|t:|1700011248\n|move|p2a: El Shintintin|Secret Sword|p1a: IronBallBarb\n|-supereffective|p1a: IronBallBarb\n|-damage|p1a: IronBallBarb|0 fnt\n|faint|p1a: IronBallBarb\n|-damage|p2a: El Shintintin|29\/100|[from] item: Life Orb\n|\n|-weather|Sandstorm|[upkeep]\n|-damage|p2a: El Shintintin|23\/100|[from] Sandstorm\n|upkeep\n|inactive|ElBau1129 has 30 seconds left this turn.\n|\n|t:|1700011254\n|switch|p1a: DarkWinds|Tornadus-Therian, M, shiny|36\/100\n|-damage|p1a: DarkWinds|11\/100|[from] Stealth Rock\n|turn|56\n|inactive|ElBau1129 has 30 seconds left.\n|c|\u2606ElBau1129|gg\n|\n|t:|1700011264\n|move|p1a: DarkWinds|Bleakwind Storm|p2a: El Shintintin\n|-supereffective|p2a: El Shintintin\n|-damage|p2a: El Shintintin|0 fnt\n|faint|p2a: El Shintintin\n|-damage|p1a: DarkWinds|1\/100|[from] item: Life Orb\n|\n|-weather|Sandstorm|[upkeep]\n|-damage|p1a: DarkWinds|0 fnt|[from] Sandstorm\n|faint|p1a: DarkWinds\n|\n|win|zSlowKiller\n|upkeep\n|c| ChadouMC|Gg\n|c| PatoPatito08|VAMOS KILEEER\n|c| Feloxwtf|GG\n|c| Feloxwtf|GG\n|c| Feloxwtf|G\n|c| Feloxwtf|G\n|c| Feloxwtf|G\n|c| Feloxwtf|G\n|c| Feloxwtf|G\n|c| Feloxwtf|G\n|c|\u2606ElBau1129|me cag\u00f3 el defog protect\n|c| Feloxwtf|G\n|c| nose xd123|ola}\n|c| Feloxwtf|BUENISIMA KILLLLLLLLLLLLER\n|c|\u2606ElBau1129|no sabia que asi iba la cosa\n|c|\u2606ElBau1129|nt\n|c| ItzPepe|VAMOS KILEEEEEER\n","uploadtime":1700011270,"views":19,"p1id":"elbau1129","p2id":"zslowkiller","formatid":"gen9anythinggoes","rating":0,"private":0,"password":""}