{"id":"radicalred-gen9anythinggoes-543485","p1":"fucsiada","p2":"BauerBob","format":"[Gen 9] Anything Goes","log":"|j|\u2606fucsiada\n|j|\u2606BauerBob\n|t:|1699377628\n|gametype|singles\n|player|p1|fucsiada|rr-marshadow|\n|player|p2|BauerBob|rr-lechonk|\n|teamsize|p1|6\n|teamsize|p2|6\n|gen|9\n|tier|[Gen 9] Anything Goes\n|rule|HP Percentage Mod: HP is shown in percentages\n|rule|Endless Battle Clause: Forcing endless battles is banned\n|clearpoke\n|poke|p1|Rillaboom, F|\n|poke|p1|Typhlosion, F|\n|poke|p1|Celesteela|\n|poke|p1|Banette, M|\n|poke|p1|Tinkaton, F|\n|poke|p1|Ribombee, F|\n|poke|p2|Incineroar, F|\n|poke|p2|Porygon2|\n|poke|p2|Camerupt, M|\n|poke|p2|Umbreon, F|\n|poke|p2|Wishiwashi-Sevii, F|\n|poke|p2|Quaquaval, M|\n|teampreview\n|j| Blank102010\n|j| don7\n|\n|t:|1699377699\n|start\n|switch|p1a: Ribombee|Ribombee, F|100\/100\n|switch|p2a: Camerupt|Camerupt, M|100\/100\n|turn|1\n|\n|t:|1699377711\n|detailschange|p2a: Camerupt|Camerupt-Mega, M\n|-mega|p2a: Camerupt|Camerupt|Cameruptite\n|move|p1a: Ribombee|Bug Buzz|p2a: Camerupt\n|-resisted|p2a: Camerupt\n|-damage|p2a: Camerupt|85\/100\n|move|p2a: Camerupt|Stealth Rock|p1a: Ribombee\n|-sidestart|p1: fucsiada|move: Stealth Rock\n|\n|upkeep\n|turn|2\n|\n|t:|1699377719\n|move|p1a: Ribombee|Sticky Web|p2a: Camerupt\n|-sidestart|p2: BauerBob|move: Sticky Web\n|move|p2a: Camerupt|Fire Blast|p1a: Ribombee\n|-supereffective|p1a: Ribombee\n|-enditem|p1a: Ribombee|Focus Sash\n|-damage|p1a: Ribombee|1\/100\n|\n|upkeep\n|turn|3\n|\n|t:|1699377728\n|move|p1a: Ribombee|Bug Buzz|p2a: Camerupt\n|-resisted|p2a: Camerupt\n|-damage|p2a: Camerupt|60\/100\n|move|p2a: Camerupt|Earth Power|p1a: Ribombee\n|-resisted|p1a: Ribombee\n|-damage|p1a: Ribombee|0 fnt\n|faint|p1a: Ribombee\n|\n|upkeep\n|\n|t:|1699377759\n|switch|p1a: Rillaboom|Rillaboom, F|100\/100\n|-damage|p1a: Rillaboom|88\/100|[from] Stealth Rock\n|-fieldstart|move: Grassy Terrain|[from] ability: Grassy Surge|[of] p1a: Rillaboom\n|turn|4\n|\n|t:|1699377777\n|switch|p1a: Tinkaton|Tinkaton, F|100\/100\n|-damage|p1a: Tinkaton|94\/100|[from] Stealth Rock\n|-ability|p1a: Tinkaton|Mold Breaker\n|switch|p2a: Porygon2|Porygon2|100\/100\n|-activate|p2a: Porygon2|move: Sticky Web\n|-unboost|p2a: Porygon2|spe|1\n|\n|-heal|p1a: Tinkaton|100\/100|[from] Grassy Terrain\n|upkeep\n|turn|5\n|\n|t:|1699377791\n|switch|p2a: Camerupt|Camerupt-Mega, M|60\/100\n|-activate|p2a: Camerupt|move: Sticky Web\n|-unboost|p2a: Camerupt|spe|1\n|move|p1a: Tinkaton|Light Screen|p1a: Tinkaton\n|-sidestart|p1: fucsiada|move: Light Screen\n|\n|-heal|p2a: Camerupt|66\/100|[from] Grassy Terrain\n|upkeep\n|turn|6\n|\n|t:|1699377821\n|move|p1a: Tinkaton|Gigaton Hammer|p2a: Camerupt\n|-resisted|p2a: Camerupt\n|-damage|p2a: Camerupt|46\/100\n|move|p2a: Camerupt|Fire Blast|p1a: Tinkaton\n|-supereffective|p1a: Tinkaton\n|-damage|p1a: Tinkaton|35\/100\n|\n|-heal|p1a: Tinkaton|41\/100|[from] Grassy Terrain\n|-heal|p2a: Camerupt|52\/100|[from] Grassy Terrain\n|upkeep\n|turn|7\n|\n|t:|1699377831\n|move|p1a: Tinkaton|Stealth Rock|p2a: Camerupt\n|-sidestart|p2: BauerBob|move: Stealth Rock\n|move|p2a: Camerupt|Slack Off|p2a: Camerupt\n|-heal|p2a: Camerupt|100\/100\n|\n|-heal|p1a: Tinkaton|48\/100|[from] Grassy Terrain\n|upkeep\n|turn|8\n|\n|t:|1699377848\n|switch|p1a: Banette|Banette, M|100\/100\n|-damage|p1a: Banette|88\/100|[from] Stealth Rock\n|move|p2a: Camerupt|Fire Blast|p1a: Banette\n|-damage|p1a: Banette|25\/100\n|\n|-heal|p1a: Banette|31\/100|[from] Grassy Terrain\n|-fieldend|move: Grassy Terrain\n|upkeep\n|turn|9\n|\n|t:|1699377874\n|switch|p2a: Porygon2|Porygon2|100\/100\n|-damage|p2a: Porygon2|88\/100|[from] Stealth Rock\n|-activate|p2a: Porygon2|move: Sticky Web\n|-unboost|p2a: Porygon2|spe|1\n|detailschange|p1a: Banette|Banette-Mega, M\n|-mega|p1a: Banette|Banette|Banettite\n|move|p1a: Banette|Double-Edge|p2a: Porygon2\n|-damage|p2a: Porygon2|51\/100\n|-damage|p1a: Banette|17\/100|[from] Recoil\n|\n|upkeep\n|turn|10\n|\n|t:|1699377886\n|move|p1a: Banette|Destiny Bond|p1a: Banette\n|-singlemove|p1a: Banette|Destiny Bond\n|move|p2a: Porygon2|Recover|p2a: Porygon2\n|-heal|p2a: Porygon2|100\/100\n|\n|upkeep\n|turn|11\n|\n|t:|1699377898\n|move|p1a: Banette|Disable|p2a: Porygon2\n|-start|p2a: Porygon2|Disable|Recover\n|move|p2a: Porygon2|Trick Room|p2a: Porygon2\n|-fieldstart|move: Trick Room|[of] p2a: Porygon2\n|\n|upkeep\n|turn|12\n|\n|t:|1699377907\n|move|p1a: Banette|Double-Edge|p2a: Porygon2\n|-damage|p2a: Porygon2|59\/100\n|-damage|p1a: Banette|2\/100|[from] Recoil\n|move|p2a: Porygon2|Teleport|p2a: Porygon2\n|\n|t:|1699377960\n|switch|p2a: Wishiwashi|Wishiwashi-Sevii, F|100\/100|[from] Teleport\n|-damage|p2a: Wishiwashi|88\/100|[from] Stealth Rock\n|-activate|p2a: Wishiwashi|move: Sticky Web\n|-unboost|p2a: Wishiwashi|spe|1\n|-formechange|p2a: Wishiwashi|Wishiwashi-Sevii-School||[from] ability: Schooling\n|\n|-sideend|p1: fucsiada|move: Light Screen\n|upkeep\n|turn|13\n|\n|t:|1699377970\n|move|p1a: Banette|Destiny Bond|p1a: Banette\n|-singlemove|p1a: Banette|Destiny Bond\n|move|p2a: Wishiwashi|Psychic|p1a: Banette\n|-crit|p1a: Banette\n|-damage|p1a: Banette|0 fnt\n|faint|p1a: Banette\n|-activate|p1a: Banette|move: Destiny Bond\n|faint|p2a: Wishiwashi\n|\n|upkeep\n|\n|t:|1699377982\n|switch|p2a: Porygon2|Porygon2|59\/100\n|switch|p1a: Celesteela|Celesteela|100\/100\n|-activate|p2a: Porygon2|move: Sticky Web\n|-unboost|p2a: Porygon2|spe|1\n|-damage|p2a: Porygon2|47\/100|[from] Stealth Rock\n|-damage|p1a: Celesteela|88\/100|[from] Stealth Rock\n|turn|14\n|\n|t:|1699377990\n|move|p2a: Porygon2|Recover|p2a: Porygon2\n|-heal|p2a: Porygon2|97\/100\n|move|p1a: Celesteela|Leech Seed|p2a: Porygon2\n|-start|p2a: Porygon2|move: Leech Seed\n|\n|-heal|p1a: Celesteela|94\/100|[from] item: Leftovers\n|-damage|p2a: Porygon2|85\/100|[from] Leech Seed|[of] p1a: Celesteela\n|-heal|p1a: Celesteela|100\/100|[silent]\n|upkeep\n|turn|15\n|\n|t:|1699378001\n|move|p1a: Celesteela|Heavy Slam|p2a: Porygon2\n|-damage|p2a: Porygon2|65\/100\n|move|p2a: Porygon2|Teleport|p2a: Porygon2\n|\n|t:|1699378004\n|switch|p2a: Quaquaval|Quaquaval, M|100\/100|[from] Teleport\n|-activate|p2a: Quaquaval|move: Sticky Web\n|-unboost|p2a: Quaquaval|spe|1\n|-damage|p2a: Quaquaval|94\/100|[from] Stealth Rock\n|\n|-fieldend|move: Trick Room\n|upkeep\n|turn|16\n|\n|t:|1699378027\n|move|p2a: Quaquaval|Rapid Spin|p1a: Celesteela\n|-resisted|p1a: Celesteela\n|-damage|p1a: Celesteela|95\/100\n|-boost|p2a: Quaquaval|spe|1\n|-sideend|p2: BauerBob|Stealth Rock|[from] move: Rapid Spin|[of] p2a: Quaquaval\n|-sideend|p2: BauerBob|Sticky Web|[from] move: Rapid Spin|[of] p2a: Quaquaval\n|move|p1a: Celesteela|Leech Seed|p2a: Quaquaval\n|-start|p2a: Quaquaval|move: Leech Seed\n|\n|-heal|p1a: Celesteela|100\/100|[from] item: Leftovers\n|-damage|p2a: Quaquaval|82\/100|[from] Leech Seed|[of] p1a: Celesteela\n|upkeep\n|turn|17\n|\n|t:|1699378037\n|switch|p2a: Camerupt|Camerupt-Mega, M|100\/100\n|switch|p1a: Rillaboom|Rillaboom, F|88\/100\n|-damage|p1a: Rillaboom|76\/100|[from] Stealth Rock\n|-fieldstart|move: Grassy Terrain|[from] ability: Grassy Surge|[of] p1a: Rillaboom\n|\n|-heal|p1a: Rillaboom|82\/100|[from] Grassy Terrain\n|upkeep\n|turn|18\n|\n|t:|1699378053\n|move|p1a: Rillaboom|Wood Hammer|p2a: Camerupt\n|-damage|p2a: Camerupt|0 fnt\n|faint|p2a: Camerupt\n|-damage|p1a: Rillaboom|50\/100|[from] Recoil\n|\n|-heal|p1a: Rillaboom|57\/100|[from] Grassy Terrain\n|upkeep\n|\n|t:|1699378075\n|switch|p2a: Incineroar|Incineroar, F|100\/100\n|-ability|p2a: Incineroar|Intimidate|boost\n|-unboost|p1a: Rillaboom|atk|1\n|turn|19\n|\n|t:|1699378091\n|switch|p1a: Typhlosion|Typhlosion, F|100\/100\n|-damage|p1a: Typhlosion|76\/100|[from] Stealth Rock\n|move|p2a: Incineroar|Flare Blitz|p1a: Typhlosion\n|-resisted|p1a: Typhlosion\n|-damage|p1a: Typhlosion|30\/100\n|-damage|p2a: Incineroar|87\/100|[from] Recoil\n|\n|-heal|p2a: Incineroar|93\/100|[from] Grassy Terrain\n|-heal|p1a: Typhlosion|37\/100|[from] Grassy Terrain\n|upkeep\n|turn|20\n|\n|t:|1699378102\n|move|p2a: Incineroar|Flare Blitz|p1a: Typhlosion\n|-resisted|p1a: Typhlosion\n|-damage|p1a: Typhlosion|0 fnt\n|faint|p1a: Typhlosion\n|-damage|p2a: Incineroar|83\/100|[from] Recoil\n|\n|-heal|p2a: Incineroar|89\/100|[from] Grassy Terrain\n|upkeep\n|\n|t:|1699378156\n|switch|p1a: Celesteela|Celesteela|100\/100\n|-damage|p1a: Celesteela|88\/100|[from] Stealth Rock\n|turn|21\n|\n|t:|1699378160\n|move|p2a: Incineroar|Flare Blitz|p1a: Celesteela\n|-supereffective|p1a: Celesteela\n|-damage|p1a: Celesteela|10\/100\n|-damage|p2a: Incineroar|58\/100|[from] Recoil\n|move|p1a: Celesteela|Leech Seed|p2a: Incineroar\n|-start|p2a: Incineroar|move: Leech Seed\n|\n|-heal|p2a: Incineroar|64\/100|[from] Grassy Terrain\n|-heal|p1a: Celesteela|16\/100|[from] item: Leftovers\n|-damage|p2a: Incineroar|51\/100|[from] Leech Seed|[of] p1a: Celesteela\n|-heal|p1a: Celesteela|26\/100|[silent]\n|-fieldend|move: Grassy Terrain\n|upkeep\n|turn|22\n|\n|t:|1699378189\n|switch|p2a: Quaquaval|Quaquaval, M|82\/100\n|move|p1a: Celesteela|Protect||[still]\n|-fail|p1a: Celesteela\n|\n|-heal|p1a: Celesteela|32\/100|[from] item: Leftovers\n|upkeep\n|turn|23\n|\n|t:|1699378201\n|move|p1a: Celesteela|Protect|p1a: Celesteela\n|-singleturn|p1a: Celesteela|Protect\n|move|p2a: Quaquaval|Close Combat|p1a: Celesteela\n|-activate|p1a: Celesteela|move: Protect\n|\n|-heal|p1a: Celesteela|38\/100|[from] item: Leftovers\n|upkeep\n|turn|24\n|\n|t:|1699378240\n|move|p2a: Quaquaval|Close Combat|p1a: Celesteela\n|-damage|p1a: Celesteela|0 fnt\n|-unboost|p2a: Quaquaval|def|1\n|-unboost|p2a: Quaquaval|spd|1\n|faint|p1a: Celesteela\n|-ability|p2a: Quaquaval|Moxie|boost\n|-boost|p2a: Quaquaval|atk|1\n|\n|upkeep\n|\n|t:|1699378251\n|switch|p1a: Rillaboom|Rillaboom, F|57\/100\n|-damage|p1a: Rillaboom|44\/100|[from] Stealth Rock\n|-fieldstart|move: Grassy Terrain|[from] ability: Grassy Surge|[of] p1a: Rillaboom\n|turn|25\n|\n|t:|1699378259\n|switch|p2a: Porygon2|Porygon2|65\/100\n|move|p1a: Rillaboom|Grassy Glide|p2a: Porygon2\n|-damage|p2a: Porygon2|32\/100\n|\n|-heal|p1a: Rillaboom|50\/100|[from] Grassy Terrain\n|-heal|p2a: Porygon2|38\/100|[from] Grassy Terrain\n|upkeep\n|turn|26\n|\n|t:|1699378267\n|move|p1a: Rillaboom|Grassy Glide|p2a: Porygon2\n|-damage|p2a: Porygon2|6\/100\n|move|p2a: Porygon2|Recover|p2a: Porygon2\n|-heal|p2a: Porygon2|56\/100\n|\n|-heal|p1a: Rillaboom|57\/100|[from] Grassy Terrain\n|-heal|p2a: Porygon2|63\/100|[from] Grassy Terrain\n|upkeep\n|turn|27\n|\n|t:|1699378276\n|switch|p1a: Tinkaton|Tinkaton, F|48\/100\n|-damage|p1a: Tinkaton|41\/100|[from] Stealth Rock\n|-ability|p1a: Tinkaton|Mold Breaker\n|move|p2a: Porygon2|Tri Attack|p1a: Tinkaton\n|-resisted|p1a: Tinkaton\n|-damage|p1a: Tinkaton|25\/100\n|\n|-heal|p1a: Tinkaton|32\/100|[from] Grassy Terrain\n|-heal|p2a: Porygon2|69\/100|[from] Grassy Terrain\n|upkeep\n|turn|28\n|\n|t:|1699378301\n|move|p1a: Tinkaton|Stealth Rock|p2a: Porygon2\n|-sidestart|p2: BauerBob|move: Stealth Rock\n|move|p2a: Porygon2|Teleport|p2a: Porygon2\n|\n|t:|1699378307\n|switch|p2a: Incineroar|Incineroar, F|51\/100|[from] Teleport\n|-damage|p2a: Incineroar|26\/100|[from] Stealth Rock\n|-ability|p2a: Incineroar|Intimidate|boost\n|-unboost|p1a: Tinkaton|atk|1\n|\n|-heal|p2a: Incineroar|33\/100|[from] Grassy Terrain\n|-heal|p1a: Tinkaton|38\/100|[from] Grassy Terrain\n|upkeep\n|turn|29\n|\n|t:|1699378319\n|move|p2a: Incineroar|Flare Blitz|p1a: Tinkaton\n|-supereffective|p1a: Tinkaton\n|-damage|p1a: Tinkaton|0 fnt\n|faint|p1a: Tinkaton\n|-damage|p2a: Incineroar|19\/100|[from] Recoil\n|\n|-heal|p2a: Incineroar|25\/100|[from] Grassy Terrain\n|-fieldend|move: Grassy Terrain\n|upkeep\n|\n|t:|1699378321\n|switch|p1a: Rillaboom|Rillaboom, F|57\/100\n|-damage|p1a: Rillaboom|44\/100|[from] Stealth Rock\n|-fieldstart|move: Grassy Terrain|[from] ability: Grassy Surge|[of] p1a: Rillaboom\n|turn|30\n|\n|t:|1699378335\n|move|p1a: Rillaboom|Grassy Glide|p2a: Incineroar\n|-resisted|p2a: Incineroar\n|-damage|p2a: Incineroar|0 fnt\n|faint|p2a: Incineroar\n|\n|-heal|p1a: Rillaboom|50\/100|[from] Grassy Terrain\n|upkeep\n|\n|t:|1699378344\n|switch|p2a: Porygon2|Porygon2|69\/100\n|-damage|p2a: Porygon2|56\/100|[from] Stealth Rock\n|turn|31\n|\n|t:|1699378348\n|move|p1a: Rillaboom|Grassy Glide|p2a: Porygon2\n|-damage|p2a: Porygon2|22\/100\n|move|p2a: Porygon2|Recover|p2a: Porygon2\n|-heal|p2a: Porygon2|72\/100\n|\n|-heal|p1a: Rillaboom|57\/100|[from] Grassy Terrain\n|-heal|p2a: Porygon2|78\/100|[from] Grassy Terrain\n|upkeep\n|turn|32\n|\n|t:|1699378356\n|move|p1a: Rillaboom|Grassy Glide|p2a: Porygon2\n|-damage|p2a: Porygon2|45\/100\n|move|p2a: Porygon2|Tri Attack|p1a: Rillaboom\n|-damage|p1a: Rillaboom|8\/100\n|\n|-heal|p1a: Rillaboom|14\/100|[from] Grassy Terrain\n|-heal|p2a: Porygon2|52\/100|[from] Grassy Terrain\n|upkeep\n|turn|33\n|\n|t:|1699378365\n|move|p1a: Rillaboom|Grassy Glide|p2a: Porygon2\n|-damage|p2a: Porygon2|18\/100\n|move|p2a: Porygon2|Tri Attack|p1a: Rillaboom\n|-crit|p1a: Rillaboom\n|-damage|p1a: Rillaboom|0 fnt\n|faint|p1a: Rillaboom\n|\n|win|BauerBob\n|l| Blank102010\n","uploadtime":1699378390,"views":4,"p1id":"fucsiada","p2id":"bauerbob","formatid":"gen9anythinggoes","rating":0,"private":0,"password":""}