{"id":"radicalred-gen9anythinggoes-545599","p1":"Storm_WaterTime","p2":"owless","format":"[Gen 9] Anything Goes","log":"|j|\u2606Storm_WaterTime\n|j|\u2606owless\n|t:|1699820977\n|gametype|singles\n|player|p1|Storm_WaterTime|rr-infernape|\n|player|p2|owless|rr-qwilfishhisui|\n|teamsize|p1|6\n|teamsize|p2|6\n|gen|9\n|tier|[Gen 9] Anything Goes\n|rule|HP Percentage Mod: HP is shown in percentages\n|rule|Endless Battle Clause: Forcing endless battles is banned\n|rule|Sleep Clause Mod: Limit one foe put to sleep\n|clearpoke\n|poke|p1|Ferrothorn, M|\n|poke|p1|Cinccino, F|\n|poke|p1|Volcarona, M|\n|poke|p1|Excadrill, F|\n|poke|p1|Hydreigon, M|\n|poke|p1|Keldeo-Resolute|\n|poke|p2|Hydreigon, M|\n|poke|p2|Samurott, F|\n|poke|p2|Gigalith, M|\n|poke|p2|Chandelure, F|\n|poke|p2|Whimsicott, M|\n|poke|p2|Reuniclus, F|\n|teampreview\n|j| PatoPatito08\n|c|\u2606owless|ahora me deja\n|c| PatoPatito08|\ud83d\udd25 \ud83d\udd25 COACHER DETECTADO \ud83d\udde3\ufe0f \ud83d\udde3\ufe0f\ud83d\udd25 \ud83d\udd25 COACHER DETECTADO \ud83d\udde3\ufe0f \ud83d\udde3\ufe0f\ud83d\udd25 \ud83d\udd25 COACHER DETECTADO \ud83d\udde3\ufe0f \ud83d\udde3\ufe0f\ud83d\udd25 \ud83d\udd25 COACHER DETECTADO \ud83d\udde3\ufe0f \ud83d\udde3\ufe0f\ud83d\udd25 \ud83d\udd25 COACHER DETECTADO \ud83d\udde3\ufe0f \ud83d\udde3\ufe0f\ud83d\udd25 \ud83d\udd25 COACHER DETECTADO \ud83d\udde3\ufe0f \ud83d\udde3\ufe0f\ud83d\udd25 \ud83d\udd25 COACHER DETECTADO \ud83d\udde3\ufe0f \ud83d\udde3\ufe0f\ud83d\udd25 \ud83d\udd25 COACHER DETECTADO \ud83d\udde3\ufe0f \ud83d\udde3\ufe0f\n|c|\u2606owless|gl\n|j| drakig\n|\n|t:|1699820997\n|start\n|switch|p1a: Keldeo|Keldeo-Resolute|100\/100\n|switch|p2a: Spaghetti|Whimsicott, M, shiny|100\/100\n|turn|1\n|c| drakig|\ud83d\udd25 \ud83d\udd25 COACHER DETECTADO \ud83d\udde3\ufe0f \ud83d\udde3\ufe0f\ud83d\udd25 \ud83d\udd25 COACHER DETECTADO \ud83d\udde3\ufe0f \ud83d\udde3\ufe0f\ud83d\udd25 \ud83d\udd25 COACHER DETECTADO \ud83d\udde3\ufe0f \ud83d\udde3\ufe0f\ud83d\udd25 \ud83d\udd25 COACHER DETECTADO \ud83d\udde3\ufe0f \ud83d\udde3\ufe0f\ud83d\udd25 \ud83d\udd25 COACHER DETECTADO \ud83d\udde3\ufe0f \ud83d\udde3\ufe0f\n|\n|t:|1699821022\n|switch|p1a: Excadrill|Excadrill, F|100\/100\n|move|p2a: Spaghetti|Stun Spore|p1a: Excadrill\n|-status|p1a: Excadrill|par\n|\n|upkeep\n|turn|2\n|c| PatoPatito08|owless si pierdes fan de killer\n|c| PatoPatito08|imagina ser fan de killer\n|\n|t:|1699821058\n|switch|p2a: \u00d1oquis|Reuniclus, F, shiny|100\/100\n|move|p1a: Excadrill|Swords Dance|p1a: Excadrill\n|-boost|p1a: Excadrill|atk|2\n|\n|upkeep\n|turn|3\n|c| drakig|soy fan de killer (perdi contra elbau1129)\n|c| PatoPatito08|\u00d1OQUIS PRIME\n|\n|t:|1699821127\n|switch|p2a: Raviolis|Hydreigon, M|100\/100\n|move|p1a: Excadrill|Iron Head|p2a: Raviolis\n|-damage|p2a: Raviolis|0 fnt\n|faint|p2a: Raviolis\n|\n|upkeep\n|\n|t:|1699821138\n|switch|p2a: Spaghetti|Whimsicott, M, shiny|100\/100\n|turn|4\n|\n|t:|1699821140\n|move|p2a: Spaghetti|Moonblast|p1a: Excadrill\n|-resisted|p1a: Excadrill\n|-damage|p1a: Excadrill|81\/100 par\n|move|p1a: Excadrill|Iron Head|p2a: Spaghetti\n|-supereffective|p2a: Spaghetti\n|-enditem|p2a: Spaghetti|Focus Sash\n|-damage|p2a: Spaghetti|1\/100\n|\n|upkeep\n|turn|5\n|c|\u2606Storm_WaterTime|estoy thinking\n|c|\u2606Storm_WaterTime|dejenme thinkear\n|c|\u2606Storm_WaterTime|yo se lo que hago\n|c|\u2606Storm_WaterTime|lo juro\n|c| PatoPatito08|owless activa timer\n|inactive|Battle timer is ON: inactive players will automatically lose when time's up. (requested by owless)\n|c| PatoPatito08|GG\n|\n|t:|1699821178\n|switch|p2a: Kanelone|Gigalith, M, shiny|100\/100\n|move|p1a: Excadrill|Earthquake|p2a: Kanelone\n|-supereffective|p2a: Kanelone\n|-ability|p2a: Kanelone|Sturdy\n|-damage|p2a: Kanelone|1\/100\n|\n|upkeep\n|turn|6\n|\n|t:|1699821183\n|move|p1a: Excadrill|Earthquake|p2a: Kanelone\n|-supereffective|p2a: Kanelone\n|-damage|p2a: Kanelone|0 fnt\n|faint|p2a: Kanelone\n|\n|upkeep\n|\n|t:|1699821192\n|switch|p2a: Fussili|Samurott, F|100\/100\n|turn|7\n|\n|t:|1699821203\n|switch|p1a: Ferrothorn|Ferrothorn, M|100\/100\n|move|p2a: Fussili|Sacred Sword|p1a: Ferrothorn\n|-supereffective|p1a: Ferrothorn\n|-crit|p1a: Ferrothorn\n|-damage|p1a: Ferrothorn|28\/100\n|-damage|p2a: Fussili|88\/100|[from] ability: Iron Barbs|[of] p1a: Ferrothorn\n|-damage|p2a: Fussili|71\/100|[from] item: Rocky Helmet|[of] p1a: Ferrothorn\n|\n|upkeep\n|turn|8\n|\n|t:|1699821208\n|move|p2a: Fussili|Sacred Sword|p1a: Ferrothorn\n|-supereffective|p1a: Ferrothorn\n|-damage|p1a: Ferrothorn|0 fnt\n|-damage|p2a: Fussili|59\/100|[from] ability: Iron Barbs|[of] p1a: Ferrothorn\n|-damage|p2a: Fussili|42\/100|[from] item: Rocky Helmet|[of] p1a: Ferrothorn\n|faint|p1a: Ferrothorn\n|\n|upkeep\n|\n|t:|1699821211\n|switch|p1a: Keldeo|Keldeo-Resolute|100\/100\n|turn|9\n|\n|t:|1699821218\n|switch|p2a: \u00d1oquis|Reuniclus, F, shiny|100\/100\n|move|p1a: Keldeo|Secret Sword|p2a: \u00d1oquis\n|-resisted|p2a: \u00d1oquis\n|-damage|p2a: \u00d1oquis|70\/100\n|\n|-heal|p2a: \u00d1oquis|76\/100|[from] item: Leftovers\n|upkeep\n|turn|10\n|\n|t:|1699821228\n|switch|p1a: ciicino wey|Cinccino, F, shiny|100\/100\n|move|p2a: \u00d1oquis|Psychic|p1a: ciicino wey\n|-damage|p1a: ciicino wey|37\/100\n|\n|-heal|p2a: \u00d1oquis|82\/100|[from] item: Leftovers\n|upkeep\n|turn|11\n|j| Litrowo\n|\n|t:|1699821256\n|move|p1a: ciicino wey|Tail Slap|p2a: \u00d1oquis\n|-damage|p2a: \u00d1oquis|66\/100\n|-damage|p2a: \u00d1oquis|51\/100\n|-damage|p2a: \u00d1oquis|35\/100\n|-damage|p2a: \u00d1oquis|18\/100\n|-damage|p2a: \u00d1oquis|2\/100\n|-hitcount|p2a: \u00d1oquis|5\n|move|p2a: \u00d1oquis|Psychic|p1a: ciicino wey\n|-damage|p1a: ciicino wey|0 fnt\n|faint|p1a: ciicino wey\n|\n|-heal|p2a: \u00d1oquis|9\/100|[from] item: Leftovers\n|upkeep\n|c| PatoPatito08|\u00d1OQUIS EN SU PRIME\n|inactive|Storm_WaterTime has 270 seconds left.\n|\n|t:|1699821284\n|switch|p1a: Excadrill|Excadrill, F|81\/100 par\n|turn|12\n|\n|t:|1699821294\n|switch|p2a: Macarrones|Chandelure, F|100\/100\n|move|p1a: Excadrill|Earthquake|p2a: Macarrones\n|-supereffective|p2a: Macarrones\n|-damage|p2a: Macarrones|0 fnt\n|faint|p2a: Macarrones\n|\n|upkeep\n|\n|t:|1699821302\n|switch|p2a: Fussili|Samurott, F|42\/100\n|turn|13\n|c| drakig|la paralyze : no me invitaron\n|\n|t:|1699821310\n|switch|p1a: M|Volcarona, M|100\/100\n|move|p2a: Fussili|Razor Shell|p1a: M\n|-supereffective|p1a: M\n|-crit|p1a: M\n|-damage|p1a: M|0 fnt\n|-status|p2a: Fussili|brn|[from] ability: Flame Body|[of] p1a: M\n|faint|p1a: M\n|\n|-damage|p2a: Fussili|36\/100 brn|[from] brn\n|upkeep\n|c| PatoPatito08|lit\n|c| drakig|gg\n|c| PatoPatito08|NOOOO\n|\n|t:|1699821323\n|switch|p1a: Keldeo|Keldeo-Resolute|100\/100\n|turn|14\n|c| PatoPatito08|esa mala leche\n|c|\u2606Storm_WaterTime|No cambia nada\n|c|\u2606Storm_WaterTime|SDAJDSAJ\n|c| PatoPatito08|es verdad\n|c| PatoPatito08|pero bueno\n|c| PatoPatito08|sigue siendo mala suerte\n|inactive|owless has 270 seconds left.\n|c| PatoPatito08|siendo que tu excadrill no se paralizo ni una vez\n|\n|t:|1699821365\n|move|p2a: Fussili|Aqua Jet|p1a: Keldeo\n|-resisted|p1a: Keldeo\n|-damage|p1a: Keldeo|95\/100\n|move|p1a: Keldeo|Secret Sword|p2a: Fussili\n|-supereffective|p2a: Fussili\n|-damage|p2a: Fussili|0 fnt\n|faint|p2a: Fussili\n|\n|upkeep\n|\n|t:|1699821368\n|switch|p2a: \u00d1oquis|Reuniclus, F, shiny|42\/100\n|turn|15\n|\n|t:|1699821387\n|move|p1a: Keldeo|Secret Sword|p2a: \u00d1oquis\n|-resisted|p2a: \u00d1oquis\n|-damage|p2a: \u00d1oquis|7\/100\n|move|p2a: \u00d1oquis|Recover|p2a: \u00d1oquis\n|-heal|p2a: \u00d1oquis|57\/100\n|\n|-heal|p2a: \u00d1oquis|63\/100|[from] item: Leftovers\n|upkeep\n|turn|16\n|\n|t:|1699821390\n|switch|p1a: Excadrill|Excadrill, F|81\/100 par\n|move|p2a: \u00d1oquis|Recover|p2a: \u00d1oquis\n|-heal|p2a: \u00d1oquis|100\/100\n|\n|upkeep\n|turn|17\n|\n|t:|1699821395\n|move|p1a: Excadrill|Earthquake|p2a: \u00d1oquis\n|-damage|p2a: \u00d1oquis|44\/100\n|move|p2a: \u00d1oquis|Focus Blast|p1a: Excadrill\n|-supereffective|p1a: Excadrill\n|-damage|p1a: Excadrill|0 fnt\n|faint|p1a: Excadrill\n|\n|-heal|p2a: \u00d1oquis|50\/100|[from] item: Leftovers\n|upkeep\n|\n|t:|1699821398\n|switch|p1a: Hydreigon|Hydreigon, M|100\/100\n|turn|18\n|\n|t:|1699821418\n|move|p1a: Hydreigon|Dark Hole|p2a: \u00d1oquis\n|-supereffective|p2a: \u00d1oquis\n|-damage|p2a: \u00d1oquis|0 fnt\n|faint|p2a: \u00d1oquis\n|-damage|p1a: Hydreigon|91\/100|[from] item: Life Orb\n|\n|upkeep\n|\n|t:|1699821421\n|switch|p2a: Spaghetti|Whimsicott, M, shiny|1\/100\n|turn|19\n|\n|t:|1699821422\n|move|p2a: Spaghetti|Moonblast|p1a: Hydreigon\n|-supereffective|p1a: Hydreigon\n|-damage|p1a: Hydreigon|0 fnt\n|faint|p1a: Hydreigon\n|\n|upkeep\n|\n|t:|1699821425\n|switch|p1a: Keldeo|Keldeo-Resolute|95\/100\n|turn|20\n|c| PatoPatito08|ELIJO CREER\n|\n|t:|1699821438\n|move|p2a: Spaghetti|Stun Spore|p1a: Keldeo\n|-status|p1a: Keldeo|par\n|cant|p1a: Keldeo|par\n|\n|upkeep\n|turn|21\n|c| PatoPatito08|SPAGHETTI??\n|\n|t:|1699821442\n|move|p2a: Spaghetti|Moonblast|p1a: Keldeo\n|-supereffective|p1a: Keldeo\n|-damage|p1a: Keldeo|54\/100 par\n|move|p1a: Keldeo|Air Slash|p2a: Spaghetti\n|-supereffective|p2a: Spaghetti\n|-damage|p2a: Spaghetti|0 fnt\n|faint|p2a: Spaghetti\n|\n|win|Storm_WaterTime\n|c|\u2606Storm_WaterTime|gg\n|c|\u2606Storm_WaterTime|wp\n","uploadtime":1699821449,"views":18,"p1id":"stormwatertime","p2id":"owless","formatid":"gen9anythinggoes","rating":0,"private":0,"password":""}