{"id":"radicalred-gen9anythinggoes-548608","p1":"Blankeeee","p2":"BauerBob","format":"[Gen 9] Anything Goes","log":"|j|\u2606Blankeeee\n|j|\u2606BauerBob\n|t:|1700404661\n|gametype|singles\n|player|p1|Blankeeee|rr-mawilemega|\n|player|p2|BauerBob|rr-lechonk|\n|teamsize|p1|6\n|teamsize|p2|6\n|gen|9\n|tier|[Gen 9] Anything Goes\n|rule|HP Percentage Mod: HP is shown in percentages\n|rule|Endless Battle Clause: Forcing endless battles is banned\n|clearpoke\n|poke|p1|Solgaleo|\n|poke|p1|Blissey, F|\n|poke|p1|Greninja-*, M|\n|poke|p1|Mawile, F|\n|poke|p1|Maractus, F|\n|poke|p1|Golem, F|\n|poke|p2|Incineroar, F|\n|poke|p2|Tyrantrum, F|\n|poke|p2|Alcremie, F|\n|poke|p2|Quaquaval, M|\n|poke|p2|Porygon2|\n|poke|p2|Jolteon, F|\n|teampreview\n|j| don7\n|j| fucsiada\n|\n|t:|1700404752\n|start\n|switch|p1a: Solgaleo|Solgaleo, shiny|100\/100\n|switch|p2a: Quaquaval|Quaquaval, M|100\/100\n|turn|1\n|\n|t:|1700404791\n|switch|p2a: Incineroar|Incineroar, F, shiny|100\/100\n|-ability|p2a: Incineroar|Intimidate|boost\n|-fail|p1a: Solgaleo|unboost|[from] ability: Full Metal Body|[of] p1a: Solgaleo\n|move|p1a: Solgaleo|Knock Off|p2a: Incineroar\n|-resisted|p2a: Incineroar\n|-damage|p2a: Incineroar|86\/100\n|-enditem|p2a: Incineroar|Assault Vest|[from] move: Knock Off|[of] p1a: Solgaleo\n|\n|upkeep\n|turn|2\n|\n|t:|1700404880\n|switch|p1a: Golem|Golem, F, shiny|100\/100\n|move|p2a: Incineroar|Flare Blitz|p1a: Golem\n|-resisted|p1a: Golem\n|-damage|p1a: Golem|79\/100\n|-damage|p2a: Incineroar|79\/100|[from] Recoil\n|\n|upkeep\n|turn|3\n|\n|t:|1700404918\n|move|p2a: Incineroar|U-turn|p1a: Golem\n|-damage|p1a: Golem|59\/100\n|\n|t:|1700404939\n|switch|p2a: Porygon2|Porygon2|100\/100|[from] U-turn\n|move|p1a: Golem|High Horsepower|p2a: Porygon2\n|-damage|p2a: Porygon2|76\/100\n|\n|upkeep\n|turn|4\n|\n|t:|1700404961\n|switch|p1a: Blissey|Blissey, F, shiny|100\/100\n|move|p2a: Porygon2|Teleport|p2a: Porygon2\n|\n|t:|1700404976\n|switch|p2a: Quaquaval|Quaquaval, M|100\/100|[from] Teleport\n|\n|upkeep\n|turn|5\n|\n|t:|1700405005\n|switch|p1a: Mawile|Mawile, F, shiny|100\/100\n|-ability|p1a: Mawile|Intimidate|boost\n|-unboost|p2a: Quaquaval|atk|1\n|move|p2a: Quaquaval|Aqua Step|p1a: Mawile\n|-damage|p1a: Mawile|56\/100\n|-boost|p2a: Quaquaval|spe|1\n|\n|upkeep\n|turn|6\n|\n|t:|1700405014\n|detailschange|p1a: Mawile|Mawile-Mega, F, shiny\n|-mega|p1a: Mawile|Mawile|Mawilite\n|move|p2a: Quaquaval|Close Combat|p1a: Mawile\n|-damage|p1a: Mawile|13\/100\n|-unboost|p2a: Quaquaval|def|1\n|-unboost|p2a: Quaquaval|spd|1\n|move|p1a: Mawile|Play Rough|p2a: Quaquaval\n|-supereffective|p2a: Quaquaval\n|-damage|p2a: Quaquaval|0 fnt\n|faint|p2a: Quaquaval\n|\n|upkeep\n|\n|t:|1700405035\n|switch|p2a: Incineroar|Incineroar, F, shiny|79\/100\n|-ability|p2a: Incineroar|Intimidate|boost\n|-unboost|p1a: Mawile|atk|1\n|turn|7\n|\n|t:|1700405052\n|switch|p1a: Golem|Golem, F, shiny|59\/100\n|move|p2a: Incineroar|Brick Break|p1a: Golem\n|-supereffective|p1a: Golem\n|-damage|p1a: Golem|20\/100\n|\n|upkeep\n|turn|8\n|\n|t:|1700405105\n|move|p1a: Golem|Sucker Punch|p2a: Incineroar\n|-resisted|p2a: Incineroar\n|-damage|p2a: Incineroar|71\/100\n|move|p2a: Incineroar|Brick Break|p1a: Golem\n|-supereffective|p1a: Golem\n|-damage|p1a: Golem|0 fnt\n|faint|p1a: Golem\n|\n|upkeep\n|\n|t:|1700405119\n|switch|p1a: Greninja|Greninja, M, shiny|100\/100\n|turn|9\n|\n|t:|1700405149\n|switch|p2a: Porygon2|Porygon2|76\/100\n|move|p1a: Greninja|Dark Hole|p2a: Porygon2\n|-damage|p2a: Porygon2|49\/100\n|-damage|p1a: Greninja|91\/100|[from] item: Life Orb\n|\n|upkeep\n|turn|10\n|\n|t:|1700405162\n|switch|p1a: Blissey|Blissey, F, shiny|100\/100\n|move|p2a: Porygon2|Recover|p2a: Porygon2\n|-heal|p2a: Porygon2|99\/100\n|\n|upkeep\n|turn|11\n|\n|t:|1700405173\n|move|p2a: Porygon2|Toxic|p1a: Blissey\n|-status|p1a: Blissey|tox\n|move|p1a: Blissey|Wish|p1a: Blissey\n|\n|-damage|p1a: Blissey|94\/100 tox|[from] psn\n|upkeep\n|turn|12\n|\n|t:|1700405179\n|move|p2a: Porygon2|Teleport|p2a: Porygon2\n|\n|t:|1700405187\n|switch|p2a: Jolteon|Jolteon, F, shiny|100\/100|[from] Teleport\n|move|p1a: Blissey|Teleport|p1a: Blissey\n|\n|t:|1700405205\n|-curestatus|p1a: Blissey|tox|[from] ability: Natural Cure\n|switch|p1a: Mawile|Mawile-Mega, F, shiny|13\/100|[from] Teleport\n|\n|-heal|p1a: Mawile|100\/100|[from] move: Wish|[wisher] Blissey\n|upkeep\n|turn|13\n|\n|t:|1700405249\n|switch|p2a: Incineroar|Incineroar, F, shiny|71\/100\n|-ability|p2a: Incineroar|Intimidate|boost\n|-unboost|p1a: Mawile|atk|1\n|move|p1a: Mawile|Play Rough|p2a: Incineroar\n|-damage|p2a: Incineroar|9\/100\n|\n|upkeep\n|turn|14\n|\n|t:|1700405286\n|move|p1a: Mawile|Sucker Punch|p2a: Incineroar\n|-resisted|p2a: Incineroar\n|-damage|p2a: Incineroar|0 fnt\n|faint|p2a: Incineroar\n|\n|upkeep\n|\n|t:|1700405303\n|switch|p2a: Jolteon|Jolteon, F, shiny|100\/100\n|turn|15\n|\n|t:|1700405314\n|switch|p1a: Maractus|Maractus, F, shiny|100\/100\n|-fieldstart|move: Grassy Terrain|[from] ability: Grassy Surge|[of] p1a: Maractus\n|move|p2a: Jolteon|Thunder|p1a: Maractus|[miss]\n|-miss|p2a: Jolteon|p1a: Maractus\n|\n|upkeep\n|turn|16\n|\n|t:|1700405343\n|move|p2a: Jolteon|Volt Switch|p1a: Maractus\n|-resisted|p1a: Maractus\n|-damage|p1a: Maractus|80\/100\n|-damage|p2a: Jolteon|91\/100|[from] item: Life Orb\n|\n|t:|1700405348\n|switch|p2a: Porygon2|Porygon2|99\/100|[from] Volt Switch\n|move|p1a: Maractus|Cotton Guard|p1a: Maractus\n|-boost|p1a: Maractus|def|3\n|\n|-heal|p2a: Porygon2|100\/100|[from] Grassy Terrain\n|-heal|p1a: Maractus|86\/100|[from] Grassy Terrain\n|-heal|p1a: Maractus|92\/100|[from] item: Leftovers\n|upkeep\n|turn|17\n|\n|t:|1700405357\n|move|p1a: Maractus|Toxic|p2a: Porygon2\n|-status|p2a: Porygon2|tox\n|move|p2a: Porygon2|Toxic|p1a: Maractus\n|-status|p1a: Maractus|tox\n|\n|-heal|p1a: Maractus|99\/100 tox|[from] Grassy Terrain\n|-heal|p1a: Maractus|100\/100 tox|[from] item: Leftovers\n|-damage|p1a: Maractus|94\/100 tox|[from] psn\n|-damage|p2a: Porygon2|94\/100 tox|[from] psn\n|upkeep\n|turn|18\n|\n|t:|1700405367\n|move|p1a: Maractus|Sappy Seed|p2a: Porygon2\n|-damage|p2a: Porygon2|67\/100 tox\n|-start|p2a: Porygon2|move: Leech Seed\n|move|p2a: Porygon2|Teleport|p2a: Porygon2\n|\n|t:|1700405373\n|switch|p2a: Alcremie|Alcremie, F|100\/100|[from] Teleport\n|\n|-heal|p1a: Maractus|100\/100 tox|[from] Grassy Terrain\n|-damage|p1a: Maractus|88\/100 tox|[from] psn\n|upkeep\n|turn|19\n|\n|t:|1700405379\n|detailschange|p2a: Alcremie|Alcremie-Mega, F\n|-mega|p2a: Alcremie|Alcremie|Alcremite\n|move|p2a: Alcremie|Substitute|p2a: Alcremie\n|-start|p2a: Alcremie|Substitute\n|-damage|p2a: Alcremie|76\/100\n|move|p1a: Maractus|Toxic|p2a: Alcremie|[miss]\n|-miss|p1a: Maractus|p2a: Alcremie\n|\n|-heal|p2a: Alcremie|82\/100|[from] Grassy Terrain\n|-heal|p1a: Maractus|94\/100 tox|[from] Grassy Terrain\n|-heal|p1a: Maractus|100\/100 tox|[from] item: Leftovers\n|-damage|p1a: Maractus|82\/100 tox|[from] psn\n|-fieldend|move: Grassy Terrain\n|-heal|p2a: Alcremie|88\/100|[from] ability: Self Sufficient\n|upkeep\n|turn|20\n|\n|t:|1700405393\n|switch|p1a: Mawile|Mawile-Mega, F, shiny|100\/100\n|move|p2a: Alcremie|Calm Mind|p2a: Alcremie\n|-boost|p2a: Alcremie|spa|1\n|-boost|p2a: Alcremie|spd|1\n|\n|-heal|p2a: Alcremie|94\/100|[from] ability: Self Sufficient\n|upkeep\n|turn|21\n|\n|t:|1700405401\n|move|p2a: Alcremie|Mystical Fire|p1a: Mawile\n|-supereffective|p1a: Mawile\n|-damage|p1a: Mawile|24\/100\n|-unboost|p1a: Mawile|spa|1\n|move|p1a: Mawile|Double Iron Bash|p2a: Alcremie\n|-supereffective|p2a: Alcremie\n|-end|p2a: Alcremie|Substitute\n|-supereffective|p2a: Alcremie\n|-damage|p2a: Alcremie|0 fnt\n|faint|p2a: Alcremie\n|-hitcount|p2: Alcremie|2\n|\n|upkeep\n|\n|t:|1700405418\n|switch|p2a: Jolteon|Jolteon, F, shiny|91\/100\n|turn|22\n|\n|t:|1700405421\n|switch|p1a: Blissey|Blissey, F, shiny|94\/100\n|move|p2a: Jolteon|Volt Switch|p1a: Blissey\n|-damage|p1a: Blissey|77\/100\n|-damage|p2a: Jolteon|81\/100|[from] item: Life Orb\n|\n|t:|1700405428\n|switch|p2a: Tyrantrum|Tyrantrum, F|100\/100|[from] Volt Switch\n|\n|-heal|p1a: Blissey|83\/100|[from] item: Leftovers\n|upkeep\n|turn|23\n|\n|t:|1700405436\n|switch|p1a: Solgaleo|Solgaleo, shiny|100\/100\n|move|p2a: Tyrantrum|Head Smash|p1a: Solgaleo\n|-resisted|p1a: Solgaleo\n|-damage|p1a: Solgaleo|80\/100\n|\n|-heal|p1a: Solgaleo|86\/100|[from] item: Leftovers\n|upkeep\n|turn|24\n|\n|t:|1700405446\n|move|p2a: Tyrantrum|Earthquake|p1a: Solgaleo\n|-supereffective|p1a: Solgaleo\n|-damage|p1a: Solgaleo|53\/100\n|move|p1a: Solgaleo|Sunsteel Strike|p2a: Tyrantrum\n|-supereffective|p2a: Tyrantrum\n|-damage|p2a: Tyrantrum|8\/100\n|\n|-heal|p1a: Solgaleo|59\/100|[from] item: Leftovers\n|upkeep\n|turn|25\n|\n|t:|1700405458\n|move|p2a: Tyrantrum|Earthquake|p1a: Solgaleo\n|-supereffective|p1a: Solgaleo\n|-damage|p1a: Solgaleo|23\/100\n|move|p1a: Solgaleo|Knock Off|p2a: Tyrantrum\n|-damage|p2a: Tyrantrum|0 fnt\n|-enditem|p2a: Tyrantrum|Focus Sash|[from] move: Knock Off|[of] p1a: Solgaleo\n|faint|p2a: Tyrantrum\n|\n|-heal|p1a: Solgaleo|29\/100|[from] item: Leftovers\n|upkeep\n|\n|t:|1700405468\n|switch|p2a: Jolteon|Jolteon, F, shiny|81\/100\n|turn|26\n|\n|t:|1700405483\n|switch|p1a: Blissey|Blissey, F, shiny|83\/100\n|move|p2a: Jolteon|Thunder|p1a: Blissey\n|-damage|p1a: Blissey|57\/100\n|-damage|p2a: Jolteon|71\/100|[from] item: Life Orb\n|\n|-heal|p1a: Blissey|63\/100|[from] item: Leftovers\n|upkeep\n|turn|27\n|\n|t:|1700405496\n|move|p2a: Jolteon|Volt Switch|p1a: Blissey\n|-damage|p1a: Blissey|45\/100\n|-damage|p2a: Jolteon|61\/100|[from] item: Life Orb\n|\n|t:|1700405500\n|switch|p2a: Porygon2|Porygon2|67\/100 tox|[from] Volt Switch\n|move|p1a: Blissey|Wish|p1a: Blissey\n|\n|-heal|p1a: Blissey|51\/100|[from] item: Leftovers\n|-damage|p2a: Porygon2|61\/100 tox|[from] psn\n|upkeep\n|turn|28\n|\n|t:|1700405518\n|move|p2a: Porygon2|Tri Attack|p1a: Blissey\n|-damage|p1a: Blissey|39\/100\n|move|p1a: Blissey|Teleport|p1a: Blissey\n|\n|t:|1700405522\n|switch|p1a: Mawile|Mawile-Mega, F, shiny|24\/100|[from] Teleport\n|\n|-heal|p1a: Mawile|100\/100|[from] move: Wish|[wisher] Blissey\n|-damage|p2a: Porygon2|48\/100 tox|[from] psn\n|upkeep\n|turn|29\n|\n|t:|1700405538\n|move|p2a: Porygon2|Tri Attack|p1a: Mawile\n|-resisted|p1a: Mawile\n|-damage|p1a: Mawile|81\/100\n|move|p1a: Mawile|Swords Dance|p1a: Mawile\n|-boost|p1a: Mawile|atk|2\n|\n|-damage|p2a: Porygon2|30\/100 tox|[from] psn\n|upkeep\n|turn|30\n|\n|t:|1700405547\n|move|p2a: Porygon2|Tri Attack|p1a: Mawile\n|-resisted|p1a: Mawile\n|-damage|p1a: Mawile|61\/100\n|move|p1a: Mawile|Double Iron Bash|p2a: Porygon2\n|-damage|p2a: Porygon2|0 fnt\n|faint|p2a: Porygon2\n|-hitcount|p2: Porygon2|1\n|\n|upkeep\n|\n|t:|1700405554\n|switch|p2a: Jolteon|Jolteon, F, shiny|61\/100\n|turn|31\n|\n|t:|1700405557\n|move|p1a: Mawile|Sucker Punch|p2a: Jolteon\n|-damage|p2a: Jolteon|0 fnt\n|faint|p2a: Jolteon\n|\n|win|Blankeeee\n|l| don7\n|l| fucsiada\n|l|\u2606Blankeeee\n|l|\u2606BauerBob\n|j| fucsiada\n","uploadtime":1700406162,"views":4,"p1id":"blankeeee","p2id":"bauerbob","formatid":"gen9anythinggoes","rating":0,"private":0,"password":""}