{"id":"radicalred-gen9anythinggoes-535645","p1":"tomi7002","p2":"WybeRx","format":"[Gen 9] Anything Goes","log":"|j|\u2606tomi7002\n|j|\u2606WybeRx\n|t:|1698025235\n|gametype|singles\n|player|p1|tomi7002|101|\n|player|p2|WybeRx|1|\n|teamsize|p1|6\n|teamsize|p2|6\n|gen|9\n|tier|[Gen 9] Anything Goes\n|rule|HP Percentage Mod: HP is shown in percentages\n|rule|Endless Battle Clause: Forcing endless battles is banned\n|rule|Sleep Clause Mod: Limit one foe put to sleep\n|clearpoke\n|poke|p1|Jellicent, F|\n|poke|p1|Galvantula, F|\n|poke|p1|Hydreigon, F|\n|poke|p1|Darmanitan, F|\n|poke|p1|Krookodile, F|\n|poke|p1|Conkeldurr, F|\n|poke|p2|Haxorus, M|\n|poke|p2|Zoroark, M|\n|poke|p2|Volcarona, F|\n|poke|p2|Keldeo-Resolute|\n|poke|p2|Braviary, M|\n|poke|p2|Ferrothorn, F|\n|teampreview\n|\n|t:|1698025301\n|start\n|switch|p1a: Krookodile|Krookodile, F|100\/100\n|switch|p2a: VoiceMaster|Keldeo-Resolute, shiny|100\/100\n|turn|1\n|\n|t:|1698025375\n|switch|p1a: Jellicent|Jellicent, F|100\/100\n|move|p2a: VoiceMaster|Scald|p1a: Jellicent\n|-resisted|p1a: Jellicent\n|-damage|p1a: Jellicent|85\/100\n|-damage|p2a: VoiceMaster|91\/100|[from] item: Life Orb\n|\n|upkeep\n|turn|2\n|j| Mr.Itch\n|l| Mr.Itch\n|inactive|Battle timer is ON: inactive players will automatically lose when time's up. (requested by tomi7002)\n|\n|t:|1698025495\n|switch|p2a: Karma|Ferrothorn, F|100\/100\n|move|p1a: Jellicent|Shadow Ball|p2a: Karma\n|-damage|p2a: Karma|75\/100\n|-unboost|p2a: Karma|spd|1\n|\n|upkeep\n|turn|3\n|inactive|tomi7002 has 270 seconds left.\n|inactive|WybeRx has 270 seconds left.\n|\n|t:|1698025561\n|switch|p1a: Darmanitan|Darmanitan, F|100\/100\n|move|p2a: Karma|Leech Seed|p1a: Darmanitan\n|-start|p1a: Darmanitan|move: Leech Seed\n|\n|-damage|p1a: Darmanitan|88\/100|[from] Leech Seed|[of] p2a: Karma\n|-heal|p2a: Karma|87\/100|[silent]\n|upkeep\n|turn|4\n|inactive|WybeRx has 240 seconds left.\n|\n|t:|1698025603\n|move|p1a: Darmanitan|Flare Blitz|p2a: Karma\n|-supereffective|p2a: Karma\n|-damage|p2a: Karma|0 fnt\n|-damage|p1a: Darmanitan|76\/100|[from] ability: Iron Barbs|[of] p2a: Karma\n|-damage|p1a: Darmanitan|59\/100|[from] item: Rocky Helmet|[of] p2a: Karma\n|faint|p2a: Karma\n|-damage|p1a: Darmanitan|31\/100|[from] Recoil\n|\n|upkeep\n|inactive|WybeRx has 210 seconds left.\n|\n|t:|1698025635\n|switch|p2a: VoiceMaster|Keldeo-Resolute, shiny|100\/100\n|turn|5\n|j| zSlowKiller\n|inactive|WybeRx has 180 seconds left.\n|\n|t:|1698025680\n|move|p2a: VoiceMaster|Dark Hole|p1a: Darmanitan\n|-damage|p1a: Darmanitan|0 fnt\n|faint|p1a: Darmanitan\n|\n|upkeep\n|j| PatoPatito08\n|inactive|tomi7002 has 240 seconds left.\n|\n|t:|1698025717\n|switch|p1a: Conkeldurr|Conkeldurr, F|100\/100\n|turn|6\n|\n|t:|1698025741\n|switch|p2a: Enrique|Haxorus, M, shiny|100\/100\n|-ability|p2a: Enrique|Mold Breaker\n|move|p1a: Conkeldurr|Mach Punch|p2a: Enrique\n|-damage|p2a: Enrique|70\/100\n|\n|-status|p1a: Conkeldurr|brn|[from] item: Flame Orb\n|upkeep\n|turn|7\n|inactive|tomi7002 has 240 seconds left.\n|inactive|tomi7002 has 210 seconds left.\n|\n|t:|1698025804\n|move|p2a: Enrique|Scale Shot|p1a: Conkeldurr\n|-damage|p1a: Conkeldurr|87\/100 brn\n|-crit|p1a: Conkeldurr\n|-damage|p1a: Conkeldurr|67\/100 brn\n|-damage|p1a: Conkeldurr|54\/100 brn\n|-damage|p1a: Conkeldurr|41\/100 brn\n|-hitcount|p1a: Conkeldurr|4\n|-unboost|p2a: Enrique|def|1\n|-boost|p2a: Enrique|spe|1\n|move|p1a: Conkeldurr|Close Combat|p2a: Enrique\n|-damage|p2a: Enrique|0 fnt\n|-unboost|p1a: Conkeldurr|def|1\n|-unboost|p1a: Conkeldurr|spd|1\n|faint|p2a: Enrique\n|\n|-damage|p1a: Conkeldurr|35\/100 brn|[from] brn\n|upkeep\n|inactive|WybeRx has 150 seconds left.\n|\n|t:|1698025821\n|switch|p2a: Sands of time|Braviary, M|100\/100\n|turn|8\n|inactive|WybeRx has 150 seconds left.\n|inactive|tomi7002 has 180 seconds left.\n|\n|t:|1698025859\n|move|p1a: Conkeldurr|Mach Punch|p2a: Sands of time\n|-damage|p2a: Sands of time|54\/100\n|move|p2a: Sands of time|Brave Bird|p1a: Conkeldurr\n|-supereffective|p1a: Conkeldurr\n|-damage|p1a: Conkeldurr|0 fnt\n|faint|p1a: Conkeldurr\n|-damage|p2a: Sands of time|41\/100|[from] Recoil\n|\n|upkeep\n|inactive|tomi7002 has 180 seconds left.\n|inactive|tomi7002 has 150 seconds left.\n|\n|t:|1698025902\n|switch|p1a: Krookodile|Krookodile, F|100\/100\n|turn|9\n|inactive|WybeRx has 120 seconds left.\n|\n|t:|1698025937\n|switch|p2a: Tupack|Volcarona, F|100\/100\n|move|p1a: Krookodile|Wicked Blow|p2a: Tupack\n|-crit|p2a: Tupack\n|-damage|p2a: Tupack|11\/100\n|\n|upkeep\n|turn|10\n|\n|t:|1698025946\n|move|p1a: Krookodile|Wicked Blow|p2a: Tupack\n|-crit|p2a: Tupack\n|-damage|p2a: Tupack|0 fnt\n|faint|p2a: Tupack\n|-ability|p1a: Krookodile|Moxie|boost\n|-boost|p1a: Krookodile|atk|1\n|\n|upkeep\n|\n|t:|1698025953\n|switch|p2a: VoiceMaster|Keldeo-Resolute, shiny|100\/100\n|turn|11\n|\n|t:|1698025975\n|switch|p1a: Jellicent|Jellicent, F|85\/100\n|move|p2a: VoiceMaster|Focus Blast|p1a: Jellicent\n|-immune|p1a: Jellicent\n|\n|upkeep\n|turn|12\n|inactive|WybeRx has 90 seconds left.\n|\n|t:|1698026025\n|move|p2a: VoiceMaster|Dark Hole|p1a: Jellicent\n|-supereffective|p1a: Jellicent\n|-damage|p1a: Jellicent|12\/100\n|move|p1a: Jellicent|Scald|p2a: VoiceMaster\n|-enditem|p2a: VoiceMaster|Focus Sash\n|-damage|p2a: VoiceMaster|1\/100\n|replace|p2a: tts bot|Zoroark, M, shiny\n|-end|p2a: tts bot|Illusion\n|\n|upkeep\n|turn|13\n|\n|t:|1698026045\n|move|p2a: tts bot|Dark Hole|p1a: Jellicent\n|-supereffective|p1a: Jellicent\n|-damage|p1a: Jellicent|0 fnt\n|faint|p1a: Jellicent\n|\n|upkeep\n|inactive|tomi7002 has 150 seconds left.\n|\n|t:|1698026085\n|switch|p1a: Galvantula|Galvantula, F|100\/100\n|turn|14\n|inactive|tomi7002 has 120 seconds left.\n|\n|t:|1698026105\n|move|p1a: Galvantula|Thunder|p2a: tts bot\n|-damage|p2a: tts bot|0 fnt\n|faint|p2a: tts bot\n|\n|upkeep\n|\n|t:|1698026111\n|switch|p2a: Sands of time|Braviary, M|41\/100\n|turn|15\n|\n|t:|1698026116\n|switch|p1a: Hydreigon|Hydreigon, F|100\/100\n|move|p2a: Sands of time|Brave Bird|p1a: Hydreigon\n|-damage|p1a: Hydreigon|25\/100\n|-damage|p2a: Sands of time|17\/100|[from] Recoil\n|\n|upkeep\n|turn|16\n|\n|t:|1698026124\n|move|p2a: Sands of time|Brave Bird|p1a: Hydreigon\n|-damage|p1a: Hydreigon|0 fnt\n|faint|p1a: Hydreigon\n|-damage|p2a: Sands of time|9\/100|[from] Recoil\n|\n|upkeep\n|\n|t:|1698026130\n|switch|p1a: Krookodile|Krookodile, F|100\/100\n|turn|17\n|inactive|WybeRx has 90 seconds left.\n|inactive|WybeRx has 60 seconds left.\n|\n|t:|1698026184\n|switch|p2a: VoiceMaster|Keldeo-Resolute, shiny|91\/100\n|move|p1a: Krookodile|Close Combat|p2a: VoiceMaster\n|-damage|p2a: VoiceMaster|49\/100\n|-unboost|p1a: Krookodile|def|1\n|-unboost|p1a: Krookodile|spd|1\n|\n|upkeep\n|turn|18\n|inactive|WybeRx has 60 seconds left.\n|inactive|WybeRx has 30 seconds left.\n|\n|t:|1698026229\n|switch|p1a: Galvantula|Galvantula, F|100\/100\n|move|p2a: VoiceMaster|Secret Sword|p1a: Galvantula\n|-resisted|p1a: Galvantula\n|-damage|p1a: Galvantula|28\/100\n|-damage|p2a: VoiceMaster|40\/100|[from] item: Life Orb\n|\n|upkeep\n|turn|19\n|inactive|WybeRx has 30 seconds left.\n|inactive|WybeRx has 20 seconds left.\n|inactive|WybeRx has 15 seconds left.\n|j| ElBau1129\n|\n|t:|1698026252\n|move|p2a: VoiceMaster|Secret Sword|p1a: Galvantula\n|-resisted|p1a: Galvantula\n|-damage|p1a: Galvantula|0 fnt\n|faint|p1a: Galvantula\n|-damage|p2a: VoiceMaster|30\/100|[from] item: Life Orb\n|\n|upkeep\n|inactive|WybeRx has 20 seconds left this turn.\n|c| ElBau1129|Speed tie\n|c| ElBau1129|Dios\n|\n|t:|1698026256\n|switch|p1a: Krookodile|Krookodile, F|100\/100\n|turn|20\n|inactive|WybeRx has 30 seconds left this turn.\n|c| ElBau1129|gg\n|c|\u2606WybeRx|gg\n|\n|t:|1698026265\n|move|p1a: Krookodile|Close Combat|p2a: VoiceMaster\n|-damage|p2a: VoiceMaster|0 fnt\n|-unboost|p1a: Krookodile|def|1\n|-unboost|p1a: Krookodile|spd|1\n|faint|p2a: VoiceMaster\n|-ability|p1a: Krookodile|Moxie|boost\n|-boost|p1a: Krookodile|atk|1\n|\n|upkeep\n|inactive|WybeRx has 30 seconds left this turn.\n|c|\u2606tomi7002|gg\n|\n|t:|1698026267\n|switch|p2a: Sands of time|Braviary, M|9\/100\n|turn|21\n|\n|t:|1698026272\n|move|p1a: Krookodile|Close Combat|p2a: Sands of time\n|-damage|p2a: Sands of time|0 fnt\n|-unboost|p1a: Krookodile|def|1\n|-unboost|p1a: Krookodile|spd|1\n|faint|p2a: Sands of time\n|\n|win|tomi7002\n|c| ElBau1129|El life orb\n|c| zSlowKiller|me di cuenta\n|c|\u2606tomi7002|gg\n|c|\u2606WybeRx|gggggggg\n|c| zSlowKiller|de una solucion distinta\n|l|\u2606WybeRx\n","uploadtime":1698026286,"views":8,"p1id":"tomi7002","p2id":"wyberx","formatid":"gen9anythinggoes","rating":0,"private":0,"password":""}