{"id":"radicalred-gen9anythinggoes-538662","p1":"Litrowo","p2":"00Coosm0","format":"[Gen 9] Anything Goes","log":"|j|\u2606Litrowo\n|j|\u260600Coosm0\n|t:|1698447490\n|gametype|singles\n|player|p1|Litrowo|rr-infernape|\n|player|p2|00Coosm0|rr-deoxys|\n|teamsize|p1|6\n|teamsize|p2|6\n|gen|9\n|tier|[Gen 9] Anything Goes\n|rule|HP Percentage Mod: HP is shown in percentages\n|rule|Endless Battle Clause: Forcing endless battles is banned\n|rule|Sleep Clause Mod: Limit one foe put to sleep\n|clearpoke\n|poke|p1|Hydreigon, M|\n|poke|p1|Keldeo-Resolute|\n|poke|p1|Ferrothorn, F|\n|poke|p1|Volcarona, F|\n|poke|p1|Gigalith, M|\n|poke|p1|Galvantula, F|\n|poke|p2|Ferrothorn, F|\n|poke|p2|Cinccino, F|\n|poke|p2|Zoroark, M|\n|poke|p2|Darmanitan, F|\n|poke|p2|Keldeo-Resolute|\n|poke|p2|Reuniclus, M|\n|teampreview\n|j| PatoPatito08\n|c| PatoPatito08|glhf\n|c|\u260600Coosm0|gl\n|j| zSlowKiller\n|c|\u2606Litrowo|gl\n|\n|t:|1698447529\n|start\n|switch|p1a: Asiento Parking|Galvantula, F, shiny|100\/100\n|switch|p2a: Cinccino|Cinccino, F|100\/100\n|turn|1\n|\n|t:|1698447535\n|switch|p1a: Teja|Ferrothorn, F|100\/100\n|move|p2a: Cinccino|Dark Hole|p1a: Teja\n|-damage|p1a: Teja|25\/100\n|\n|upkeep\n|turn|2\n|c|\u260600Coosm0|troleador cara\n|c| zSlowKiller|JASJDSAJDJ\n|c| PatoPatito08|esa putisima suerte para que se disguisee de cinccino\n|c|\u260600Coosm0|tenia que hacerlo\n|c| PatoPatito08|o depende de algo?\n|c| zSlowKiller|hay algun patron para saber de quien se disguisea?\n|c| PatoPatito08|creo que era del \u00faltimo poke del team\n|c| PatoPatito08|pero es un vago recuerdo\n|c| PatoPatito08|no estoy seguro\n|c|\u260600Coosm0|es para el ultimo poke\n|c| PatoPatito08|ya\n|c| PatoPatito08|ok\n|c| zSlowKiller|lo anoto\n|c|\u260600Coosm0|no era suerte xd\n|c| zSlowKiller|aun que no uso zoroark\n|\n|t:|1698447595\n|switch|p1a: Pulga Demonio|Hydreigon, M|100\/100\n|move|p2a: Cinccino|Dark Hole|p1a: Pulga Demonio\n|-resisted|p1a: Pulga Demonio\n|-damage|p1a: Pulga Demonio|42\/100\n|-status|p1a: Pulga Demonio|slp|[from] move: Dark Hole\n|\n|upkeep\n|turn|3\n|c|\u2606Litrowo|bueno\n|c|\u2606Litrowo|es gg\n|c| PatoPatito08|yo uso zoroark as\u00ed que messi\n|\n|t:|1698447617\n|move|p2a: Cinccino|Dark Hole|p1a: Pulga Demonio\n|-resisted|p1a: Pulga Demonio\n|-damage|p1a: Pulga Demonio|0 fnt\n|faint|p1a: Pulga Demonio\n|\n|upkeep\n|\n|t:|1698447631\n|switch|p1a: Asiento Parking|Galvantula, F, shiny|100\/100\n|turn|4\n|\n|t:|1698447635\n|move|p1a: Asiento Parking|Sticky Web|p2a: Cinccino\n|-sidestart|p2: 00Coosm0|move: Sticky Web\n|move|p2a: Cinccino|Dark Hole|p1a: Asiento Parking\n|-enditem|p1a: Asiento Parking|Focus Sash\n|-damage|p1a: Asiento Parking|1\/100\n|-status|p1a: Asiento Parking|slp|[from] move: Dark Hole\n|\n|upkeep\n|turn|5\n|c| PatoPatito08|XDDDD\n|\n|t:|1698447644\n|cant|p1a: Asiento Parking|slp\n|move|p2a: Cinccino|Dark Hole|p1a: Asiento Parking\n|-damage|p1a: Asiento Parking|0 fnt\n|faint|p1a: Asiento Parking\n|\n|upkeep\n|c| zSlowKiller|el dormir esta en prime\n|\n|t:|1698447654\n|switch|p1a: Especular|Volcarona, F|100\/100\n|turn|6\n|\n|t:|1698447657\n|move|p2a: Cinccino|Dark Hole|p1a: Especular\n|-damage|p1a: Especular|0 fnt\n|faint|p1a: Especular\n|\n|upkeep\n|c|\u2606Litrowo|gg\n|\n|t:|1698447663\n|switch|p1a: Abrelatas|Keldeo-Resolute|100\/100\n|turn|7\n|\n|t:|1698447666\n|move|p1a: Abrelatas|Secret Sword|p2a: Cinccino\n|-supereffective|p2a: Cinccino\n|-damage|p2a: Cinccino|0 fnt\n|replace|p2a: Zoroark|Zoroark, M\n|-end|p2a: Zoroark|Illusion\n|faint|p2a: Zoroark\n|-damage|p1a: Abrelatas|91\/100|[from] item: Life Orb\n|\n|upkeep\n|\n|t:|1698447680\n|switch|p2a: Reuniclus|Reuniclus, M|100\/100\n|-activate|p2a: Reuniclus|move: Sticky Web\n|-unboost|p2a: Reuniclus|spe|1\n|turn|8\n|\n|t:|1698447694\n|move|p1a: Abrelatas|Air Slash|p2a: Reuniclus\n|-damage|p2a: Reuniclus|69\/100\n|-damage|p1a: Abrelatas|81\/100|[from] item: Life Orb\n|move|p2a: Reuniclus|Teleport|p2a: Reuniclus\n|\n|t:|1698447704\n|switch|p2a: Keldeo|Keldeo-Resolute|100\/100|[from] Teleport\n|-activate|p2a: Keldeo|move: Sticky Web\n|-unboost|p2a: Keldeo|spe|1\n|\n|upkeep\n|turn|9\n|\n|t:|1698447723\n|move|p1a: Abrelatas|Air Slash|p2a: Keldeo\n|-supereffective|p2a: Keldeo\n|-damage|p2a: Keldeo|23\/100\n|-damage|p1a: Abrelatas|71\/100|[from] item: Life Orb\n|move|p2a: Keldeo|Secret Sword|p1a: Abrelatas\n|-damage|p1a: Abrelatas|1\/100\n|\n|upkeep\n|turn|10\n|\n|t:|1698447731\n|switch|p2a: Reuniclus|Reuniclus, M|100\/100\n|-activate|p2a: Reuniclus|move: Sticky Web\n|-unboost|p2a: Reuniclus|spe|1\n|move|p1a: Abrelatas|Air Slash|p2a: Reuniclus\n|-damage|p2a: Reuniclus|69\/100\n|-damage|p1a: Abrelatas|0 fnt|[from] item: Life Orb\n|faint|p1a: Abrelatas\n|\n|upkeep\n|c| zSlowKiller|me qedaunporciento\n|c| zSlowKiller|esto me lo hizo owless\n|\n|t:|1698447737\n|switch|p1a: Laringe|Gigalith, M|100\/100\n|-weather|Sandstorm|[from] ability: Sand Stream|[of] p1a: Laringe\n|turn|11\n|c| zSlowKiller|aun me acuerdo\n|\n|t:|1698447750\n|move|p1a: Laringe|Stone Edge|p2a: Reuniclus\n|-damage|p2a: Reuniclus|22\/100\n|move|p2a: Reuniclus|Teleport|p2a: Reuniclus\n|\n|t:|1698447754\n|switch|p2a: Keldeo|Keldeo-Resolute|23\/100|[from] Teleport\n|-activate|p2a: Keldeo|move: Sticky Web\n|-unboost|p2a: Keldeo|spe|1\n|\n|-weather|Sandstorm|[upkeep]\n|-damage|p2a: Keldeo|17\/100|[from] Sandstorm\n|upkeep\n|turn|12\n|\n|t:|1698447760\n|move|p1a: Laringe|Protect|p1a: Laringe\n|-singleturn|p1a: Laringe|Protect\n|move|p2a: Keldeo|Secret Sword|p1a: Laringe\n|-activate|p1a: Laringe|move: Protect\n|\n|-weather|Sandstorm|[upkeep]\n|-damage|p2a: Keldeo|11\/100|[from] Sandstorm\n|upkeep\n|turn|13\n|\n|t:|1698447769\n|move|p1a: Laringe|Protect||[still]\n|-fail|p1a: Laringe\n|move|p2a: Keldeo|Secret Sword|p1a: Laringe\n|-supereffective|p1a: Laringe\n|-damage|p1a: Laringe|12\/100\n|\n|-weather|Sandstorm|[upkeep]\n|-damage|p2a: Keldeo|5\/100|[from] Sandstorm\n|-heal|p1a: Laringe|18\/100|[from] item: Leftovers\n|upkeep\n|turn|14\n|\n|t:|1698447777\n|switch|p2a: Reuniclus|Reuniclus, M|55\/100\n|-activate|p2a: Reuniclus|move: Sticky Web\n|-unboost|p2a: Reuniclus|spe|1\n|move|p1a: Laringe|Protect||[still]\n|-fail|p1a: Laringe\n|\n|-weather|Sandstorm|[upkeep]\n|-damage|p2a: Reuniclus|49\/100|[from] Sandstorm\n|-heal|p1a: Laringe|24\/100|[from] item: Leftovers\n|upkeep\n|turn|15\n|\n|t:|1698447783\n|move|p1a: Laringe|Stone Edge|p2a: Reuniclus\n|-damage|p2a: Reuniclus|3\/100\n|move|p2a: Reuniclus|Teleport|p2a: Reuniclus\n|\n|t:|1698447787\n|switch|p2a: Keldeo|Keldeo-Resolute|5\/100|[from] Teleport\n|-activate|p2a: Keldeo|move: Sticky Web\n|-unboost|p2a: Keldeo|spe|1\n|\n|-weather|none\n|-heal|p1a: Laringe|30\/100|[from] item: Leftovers\n|upkeep\n|turn|16\n|\n|t:|1698447794\n|move|p1a: Laringe|Protect|p1a: Laringe\n|-singleturn|p1a: Laringe|Protect\n|move|p2a: Keldeo|Secret Sword|p1a: Laringe\n|-activate|p1a: Laringe|move: Protect\n|\n|-heal|p1a: Laringe|36\/100|[from] item: Leftovers\n|upkeep\n|turn|17\n|\n|t:|1698447802\n|move|p2a: Keldeo|Secret Sword|p1a: Laringe\n|-supereffective|p1a: Laringe\n|-damage|p1a: Laringe|0 fnt\n|faint|p1a: Laringe\n|\n|upkeep\n|\n|t:|1698447804\n|switch|p1a: Teja|Ferrothorn, F|25\/100\n|turn|18\n|\n|t:|1698447807\n|move|p2a: Keldeo|Secret Sword|p1a: Teja\n|-supereffective|p1a: Teja\n|-damage|p1a: Teja|0 fnt\n|faint|p1a: Teja\n|\n|win|00Coosm0\n|c|\u2606Litrowo|gg\n|c|\u260600Coosm0|ggs\n","uploadtime":1698447815,"views":15,"p1id":"litrowo","p2id":"00coosm0","formatid":"gen9anythinggoes","rating":0,"private":0,"password":""}