{"id":"radicalred-gen9anythinggoes-534246","p1":"WaKax2","p2":"WybeRx","format":"[Gen 9] Anything Goes","log":"|j|\u2606WaKax2\n|j|\u2606WybeRx\n|t:|1697752451\n|gametype|singles\n|player|p1|WaKax2|170|\n|player|p2|WybeRx|2|\n|teamsize|p1|6\n|teamsize|p2|6\n|gen|9\n|tier|[Gen 9] Anything Goes\n|rule|HP Percentage Mod: HP is shown in percentages\n|rule|Endless Battle Clause: Forcing endless battles is banned\n|clearpoke\n|poke|p1|Hydreigon, F|\n|poke|p1|Emboar, F|\n|poke|p1|Bisharp, M|\n|poke|p1|Mienshao, F|\n|poke|p1|Cofagrigus, M|\n|poke|p1|Keldeo-Resolute|\n|poke|p2|Zoroark, M|\n|poke|p2|Cofagrigus, F|\n|poke|p2|Braviary, M|\n|poke|p2|Keldeo-Resolute|\n|poke|p2|Haxorus, M|\n|poke|p2|Volcarona, F|\n|teampreview\n|j| Luario708\n|j| zSlowKiller\n|l| Luario708\n|\n|t:|1697752480\n|start\n|switch|p1a: Emboar|Emboar, F|100\/100\n|switch|p2a: Sands of time|Braviary, M|100\/100\n|turn|1\n|j| Luario708\n|\n|t:|1697752517\n|move|p2a: Sands of time|Brave Bird|p1a: Emboar\n|-supereffective|p1a: Emboar\n|-damage|p1a: Emboar|0 fnt\n|faint|p1a: Emboar\n|-damage|p2a: Sands of time|66\/100|[from] Recoil\n|\n|upkeep\n|\n|t:|1697752527\n|switch|p1a: Hydreigon|Hydreigon, F|100\/100\n|turn|2\n|\n|t:|1697752561\n|switch|p2a: deftercom|Cofagrigus, F, shiny|100\/100\n|move|p1a: Hydreigon|Draco Meteor|p2a: deftercom\n|-damage|p2a: deftercom|78\/100\n|-unboost|p1a: Hydreigon|spa|2\n|\n|-heal|p2a: deftercom|84\/100|[from] item: Leftovers\n|upkeep\n|turn|3\n|\n|t:|1697752571\n|move|p1a: Hydreigon|Draco Meteor|p2a: deftercom\n|-damage|p2a: deftercom|60\/100\n|-unboost|p1a: Hydreigon|spa|2\n|move|p2a: deftercom|Body Press|p1a: Hydreigon\n|-supereffective|p1a: Hydreigon\n|-damage|p1a: Hydreigon|43\/100\n|\n|-heal|p2a: deftercom|66\/100|[from] item: Leftovers\n|upkeep\n|turn|4\n|\n|t:|1697752601\n|switch|p1a: Cofagrigus|Cofagrigus, M|100\/100\n|move|p2a: deftercom|Body Press|p1a: Cofagrigus\n|-immune|p1a: Cofagrigus\n|\n|-heal|p2a: deftercom|72\/100|[from] item: Leftovers\n|upkeep\n|turn|5\n|\n|t:|1697752610\n|move|p1a: Cofagrigus|Shadow Ball|p2a: deftercom\n|-supereffective|p2a: deftercom\n|-damage|p2a: deftercom|34\/100\n|move|p2a: deftercom|Will-O-Wisp|p1a: Cofagrigus\n|-status|p1a: Cofagrigus|brn\n|\n|-heal|p2a: deftercom|40\/100|[from] item: Leftovers\n|-damage|p1a: Cofagrigus|94\/100 brn|[from] brn\n|upkeep\n|turn|6\n|\n|t:|1697752619\n|move|p1a: Cofagrigus|Shadow Ball|p2a: deftercom\n|-supereffective|p2a: deftercom\n|-damage|p2a: deftercom|0 fnt\n|faint|p2a: deftercom\n|\n|-damage|p1a: Cofagrigus|88\/100 brn|[from] brn\n|upkeep\n|\n|t:|1697752647\n|switch|p2a: Tupack|Volcarona, F|100\/100\n|turn|7\n|\n|t:|1697752674\n|switch|p1a: Keldeo|Keldeo-Resolute, shiny|100\/100\n|move|p2a: Tupack|Dark Hole|p1a: Keldeo\n|-resisted|p1a: Keldeo\n|-damage|p1a: Keldeo|63\/100\n|-status|p1a: Keldeo|slp|[from] move: Dark Hole\n|\n|upkeep\n|turn|8\n|\n|t:|1697752685\n|switch|p1a: Hydreigon|Hydreigon, F|43\/100\n|move|p2a: Tupack|Nasty Plot|p2a: Tupack\n|-boost|p2a: Tupack|spa|2\n|\n|upkeep\n|turn|9\n|\n|t:|1697752730\n|move|p1a: Hydreigon|U-turn|p2a: Tupack\n|-supereffective|p2a: Tupack\n|-damage|p2a: Tupack|41\/100\n|replace|p2a: tts bot|Zoroark, M, shiny\n|-end|p2a: tts bot|Illusion\n|\n|t:|1697752738\n|switch|p1a: Mienshao|Mienshao, F|100\/100|[from] U-turn\n|move|p2a: tts bot|Dark Hole|p1a: Mienshao\n|-resisted|p1a: Mienshao\n|-damage|p1a: Mienshao|40\/100\n|\n|upkeep\n|turn|10\n|\n|t:|1697752753\n|move|p1a: Mienshao|Fake Out|p2a: tts bot\n|-damage|p2a: tts bot|16\/100\n|cant|p2a: tts bot|flinch\n|\n|upkeep\n|turn|11\n|\n|t:|1697752769\n|move|p1a: Mienshao|U-turn|p2a: tts bot\n|-supereffective|p2a: tts bot\n|-damage|p2a: tts bot|0 fnt\n|faint|p2a: tts bot\n|\n|t:|1697752774\n|switch|p1a: Cofagrigus|Cofagrigus, M|88\/100 brn|[from] U-turn\n|\n|-damage|p1a: Cofagrigus|82\/100 brn|[from] brn\n|upkeep\n|\n|t:|1697752790\n|switch|p2a: Tupack|Volcarona, F|100\/100\n|turn|12\n|\n|t:|1697752798\n|switch|p1a: Hydreigon|Hydreigon, F|43\/100\n|move|p2a: Tupack|Quiver Dance|p2a: Tupack\n|-boost|p2a: Tupack|spa|1\n|-boost|p2a: Tupack|spd|1\n|-boost|p2a: Tupack|spe|1\n|\n|upkeep\n|turn|13\n|\n|t:|1697752816\n|move|p1a: Hydreigon|Flamethrower|p2a: Tupack\n|-damage|p2a: Tupack|79\/100\n|move|p2a: Tupack|Quiver Dance|p2a: Tupack\n|-boost|p2a: Tupack|spa|1\n|-boost|p2a: Tupack|spd|1\n|-boost|p2a: Tupack|spe|1\n|\n|upkeep\n|turn|14\n|\n|t:|1697752836\n|switch|p1a: Keldeo|Keldeo-Resolute, shiny|63\/100 slp\n|move|p2a: Tupack|Quiver Dance|p2a: Tupack\n|-boost|p2a: Tupack|spa|1\n|-boost|p2a: Tupack|spd|1\n|-boost|p2a: Tupack|spe|1\n|\n|upkeep\n|turn|15\n|\n|t:|1697752845\n|move|p2a: Tupack|Giga Drain|p1a: Keldeo\n|-supereffective|p1a: Keldeo\n|-damage|p1a: Keldeo|0 fnt\n|-heal|p2a: Tupack|100\/100|[from] drain|[of] p1a: Keldeo\n|faint|p1a: Keldeo\n|\n|upkeep\n|\n|t:|1697752854\n|switch|p1a: Hydreigon|Hydreigon, F|43\/100\n|turn|16\n|\n|t:|1697752860\n|move|p2a: Tupack|Bug Buzz|p1a: Hydreigon\n|-supereffective|p1a: Hydreigon\n|-damage|p1a: Hydreigon|0 fnt\n|faint|p1a: Hydreigon\n|\n|upkeep\n|\n|t:|1697752865\n|switch|p1a: Bisharp|Bisharp, M|100\/100\n|turn|17\n|\n|t:|1697752873\n|move|p1a: Bisharp|Sucker Punch|p2a: Tupack\n|-damage|p2a: Tupack|41\/100\n|move|p2a: Tupack|Flamethrower|p1a: Bisharp\n|-supereffective|p1a: Bisharp\n|-damage|p1a: Bisharp|0 fnt\n|faint|p1a: Bisharp\n|\n|upkeep\n|\n|t:|1697752879\n|switch|p1a: Mienshao|Mienshao, F|73\/100\n|turn|18\n|\n|t:|1697752906\n|move|p1a: Mienshao|Fake Out|p2a: Tupack\n|-damage|p2a: Tupack|21\/100\n|cant|p2a: Tupack|flinch\n|\n|upkeep\n|turn|19\n|\n|t:|1697752934\n|switch|p1a: Cofagrigus|Cofagrigus, M|82\/100 brn\n|move|p2a: Tupack|Flamethrower|p1a: Cofagrigus\n|-damage|p1a: Cofagrigus|0 fnt\n|faint|p1a: Cofagrigus\n|\n|upkeep\n|\n|t:|1697752941\n|switch|p1a: Mienshao|Mienshao, F|100\/100\n|turn|20\n|\n|t:|1697752945\n|move|p1a: Mienshao|Fake Out|p2a: Tupack\n|-crit|p2a: Tupack\n|-damage|p2a: Tupack|0 fnt\n|faint|p2a: Tupack\n|\n|upkeep\n|\n|t:|1697752950\n|switch|p2a: Sands of time|Braviary, M|66\/100\n|turn|21\n|\n|t:|1697752953\n|move|p2a: Sands of time|Brave Bird|p1a: Mienshao\n|-supereffective|p1a: Mienshao\n|-damage|p1a: Mienshao|0 fnt\n|faint|p1a: Mienshao\n|-damage|p2a: Sands of time|40\/100|[from] Recoil\n|\n|win|WybeRx\n|c|\u2606WybeRx|gg\n|l|\u2606WaKax2\n","uploadtime":1697752965,"views":11,"p1id":"wakax2","p2id":"wyberx","formatid":"gen9anythinggoes","rating":0,"private":0,"password":""}