{"id":"radicalred-gen9anythinggoes-539329","p1":"HamletInRl","p2":"CalvaoBuenos","format":"[Gen 9] Anything Goes","log":"|j|\u2606HamletInRl\n|j|\u2606CalvaoBuenos\n|t:|1698598464\n|gametype|singles\n|player|p1|HamletInRl|rr-tapukoko|\n|player|p2|CalvaoBuenos|101|\n|teamsize|p1|6\n|teamsize|p2|6\n|gen|9\n|tier|[Gen 9] Anything Goes\n|rule|HP Percentage Mod: HP is shown in percentages\n|rule|Endless Battle Clause: Forcing endless battles is banned\n|clearpoke\n|poke|p1|Mewtwo|\n|poke|p1|Zapdos|\n|poke|p1|Clefable, F|\n|poke|p1|Gengar, M|\n|poke|p1|Pikachu-Rock-Star, F|\n|poke|p1|Chansey, F|\n|poke|p2|Ho-Oh|\n|poke|p2|Quagsire, M|\n|poke|p2|Scizor, M|\n|poke|p2|Granbull, M|\n|poke|p2|Shuckle, F|\n|poke|p2|Porygon2|\n|teampreview\n|\n|t:|1698598476\n|start\n|switch|p1a: Clefable|Clefable, F|100\/100\n|switch|p2a: Tortuguita|Shuckle, F|100\/100\n|turn|1\n|\n|t:|1698598486\n|move|p1a: Clefable|Calm Mind|p1a: Clefable\n|-boost|p1a: Clefable|spa|1\n|-boost|p1a: Clefable|spd|1\n|move|p2a: Tortuguita|Stealth Rock|p1a: Clefable\n|-sidestart|p1: HamletInRl|move: Stealth Rock\n|\n|upkeep\n|turn|2\n|\n|t:|1698598489\n|move|p1a: Clefable|Light of Ruin|p2a: Tortuguita\n|-damage|p2a: Tortuguita|35\/100\n|move|p2a: Tortuguita|Toxic|p1a: Clefable\n|-status|p1a: Clefable|tox\n|\n|upkeep\n|turn|3\n|\n|t:|1698598494\n|move|p1a: Clefable|Light of Ruin|p2a: Tortuguita\n|-damage|p2a: Tortuguita|0 fnt\n|faint|p2a: Tortuguita\n|\n|upkeep\n|c|\u2606HamletInRl|Esse toxic me ajudou\n|c|\u2606HamletInRl|Vc sabe n\u00e9\n|\n|t:|1698598510\n|switch|p2a: Ricky Balboa|Scizor, M|100\/100\n|turn|4\n|\n|t:|1698598513\n|move|p2a: Ricky Balboa|Swords Dance|p2a: Ricky Balboa\n|-boost|p2a: Ricky Balboa|atk|2\n|move|p1a: Clefable|Flamethrower|p2a: Ricky Balboa\n|-supereffective|p2a: Ricky Balboa\n|-damage|p2a: Ricky Balboa|0 fnt\n|faint|p2a: Ricky Balboa\n|\n|upkeep\n|\n|t:|1698598521\n|switch|p2a: Chip da OI|Porygon2|100\/100\n|-ability|p2a: Chip da OI|Download|boost\n|-boost|p2a: Chip da OI|atk|1\n|turn|5\n|\n|t:|1698598524\n|move|p1a: Clefable|Light of Ruin|p2a: Chip da OI\n|-damage|p2a: Chip da OI|26\/100\n|move|p2a: Chip da OI|Tri Attack|p1a: Clefable\n|-damage|p1a: Clefable|73\/100 tox\n|\n|upkeep\n|turn|6\n|\n|t:|1698598532\n|move|p2a: Chip da OI|Shadow Ball|p1a: Clefable\n|-damage|p1a: Clefable|56\/100 tox\n|move|p1a: Clefable|Flamethrower|p2a: Chip da OI\n|-damage|p2a: Chip da OI|0 fnt\n|faint|p2a: Chip da OI\n|\n|upkeep\n|\n|t:|1698598535\n|switch|p2a: Nugget voador|Ho-Oh, shiny|100\/100\n|turn|7\n|\n|t:|1698598538\n|move|p2a: Nugget voador|Sacred Fire|p1a: Clefable\n|-damage|p1a: Clefable|0 fnt\n|faint|p1a: Clefable\n|\n|upkeep\n|\n|t:|1698598547\n|switch|p1a: Gengar|Gengar, M|100\/100\n|-damage|p1a: Gengar|88\/100|[from] Stealth Rock\n|turn|8\n|\n|t:|1698598559\n|move|p1a: Gengar|Thunderbolt|p2a: Nugget voador\n|-supereffective|p2a: Nugget voador\n|-damage|p2a: Nugget voador|39\/100\n|-status|p2a: Nugget voador|par\n|move|p2a: Nugget voador|Sky Attack||[still]\n|-prepare|p2a: Nugget voador|Sky Attack\n|\n|upkeep\n|turn|9\n|\n|t:|1698598566\n|switch|p1a: Zapdos|Zapdos|100\/100\n|move|p2a: Nugget voador|Sky Attack|p1a: Zapdos|[from]lockedmove\n|-resisted|p1a: Zapdos\n|-damage|p1a: Zapdos|72\/100\n|\n|upkeep\n|turn|10\n|c|\u2606HamletInRl|Pq sky\n|c|\u2606HamletInRl|E n brave\n|\n|t:|1698598585\n|switch|p2a: Salamandruel|Quagsire, M|100\/100\n|move|p1a: Zapdos|Defog|p2a: Salamandruel\n|-unboost|p2a: Salamandruel|evasion|1\n|-sideend|p1: HamletInRl|Stealth Rock|[from] move: Defog|[of] p1a: Zapdos\n|\n|upkeep\n|turn|11\n|\n|t:|1698598591\n|switch|p1a: Gengar|Gengar, M|88\/100\n|move|p2a: Salamandruel|Toxic|p1a: Gengar\n|-immune|p1a: Gengar\n|\n|upkeep\n|turn|12\n|\n|t:|1698598595\n|move|p1a: Gengar|Shadow Ball|p2a: Salamandruel\n|-damage|p2a: Salamandruel|19\/100\n|move|p2a: Salamandruel|Aqua Tail|p1a: Gengar\n|-damage|p1a: Gengar|35\/100\n|\n|-heal|p2a: Salamandruel|25\/100|[from] item: Leftovers\n|upkeep\n|turn|13\n|\n|t:|1698598600\n|move|p1a: Gengar|Shadow Ball|p2a: Salamandruel\n|-damage|p2a: Salamandruel|0 fnt\n|faint|p2a: Salamandruel\n|\n|upkeep\n|\n|t:|1698598603\n|switch|p2a: Pitbull|Granbull, M|100\/100\n|turn|14\n|\n|t:|1698598615\n|switch|p1a: Mewtwo|Mewtwo|100\/100\n|-ability|p1a: Mewtwo|Pressure\n|move|p2a: Pitbull|Thunder Fang|p1a: Mewtwo\n|-damage|p1a: Mewtwo|65\/100\n|\n|upkeep\n|turn|15\n|\n|t:|1698598622\n|detailschange|p1a: Mewtwo|Mewtwo-Mega-X\n|-mega|p1a: Mewtwo|Mewtwo|Mewtwonite X\n|move|p1a: Mewtwo|Zen Headbutt|p2a: Pitbull\n|-supereffective|p2a: Pitbull\n|-damage|p2a: Pitbull|0 fnt\n|faint|p2a: Pitbull\n|\n|upkeep\n|\n|t:|1698598624\n|switch|p2a: Nugget voador|Ho-Oh, shiny|39\/100 par\n|turn|16\n|\n|t:|1698598627\n|move|p1a: Mewtwo|Zen Headbutt|p2a: Nugget voador\n|-damage|p2a: Nugget voador|0 fnt\n|-activate|p2a: Nugget voador|ability: Pheonix Down|p2a: Nugget voador\n|-sethp|p2a: Nugget voador|50\/100|[silent]\n|-clearboost|p2a: Nugget voador|[silent]\n|move|p2a: Nugget voador|Sky Attack||[still]\n|-prepare|p2a: Nugget voador|Sky Attack\n|\n|upkeep\n|turn|17\n|\n|t:|1698598632\n|move|p1a: Mewtwo|Bulk Up|p1a: Mewtwo\n|-boost|p1a: Mewtwo|atk|1\n|-boost|p1a: Mewtwo|def|1\n|move|p2a: Nugget voador|Sky Attack|p1a: Mewtwo|[from]lockedmove\n|-supereffective|p1a: Mewtwo\n|-damage|p1a: Mewtwo|0 fnt\n|faint|p1a: Mewtwo\n|\n|upkeep\n|\n|t:|1698598634\n|switch|p1a: Pikachu|Pikachu-Rock-Star, F|100\/100\n|turn|18\n|c|\u2606HamletInRl|hora du mito\n|\n|t:|1698598645\n|move|p1a: Pikachu|Zippy Zap|p2a: Nugget voador\n|-supereffective|p2a: Nugget voador\n|-crit|p2a: Nugget voador\n|-damage|p2a: Nugget voador|0 fnt\n|faint|p2a: Nugget voador\n|\n|win|HamletInRl\n","uploadtime":1698598649,"views":9,"p1id":"hamletinrl","p2id":"calvaobuenos","formatid":"gen9anythinggoes","rating":0,"private":0,"password":""}