{"id":"radicalred-gen9anythinggoes-546698","p1":"Poken_Null_07","p2":"Mr cyphon","format":"[Gen 9] Anything Goes","log":"|j|\u2606Poken_Null_07\n|j|\u2606Mr cyphon\n|t:|1700053603\n|gametype|singles\n|player|p1|Poken_Null_07|rr-tyranitar|\n|player|p2|Mr cyphon|rr-beedrillmega|\n|teamsize|p1|6\n|teamsize|p2|6\n|gen|9\n|tier|[Gen 9] Anything Goes\n|rule|HP Percentage Mod: HP is shown in percentages\n|rule|Endless Battle Clause: Forcing endless battles is banned\n|clearpoke\n|poke|p1|Polteageist|\n|poke|p1|Lycanroc-Dusk, F|\n|poke|p1|Linoone, F|\n|poke|p1|Floatzel, M|\n|poke|p1|Espeon, M|\n|poke|p1|Typhlosion, M|\n|poke|p2|Pinsir, M|\n|poke|p2|Barbaracle, M|\n|poke|p2|Silvally-*|\n|poke|p2|Palossand, M|\n|poke|p2|Arcanine, F|\n|poke|p2|Machamp, M|\n|teampreview\n|inactive|Battle timer is ON: inactive players will automatically lose when time's up. (requested by Poken_Null_07)\n|c|\u2606Mr cyphon|hf \n|c|\u2606Poken_Null_07|glhf\n|\n|t:|1700053626\n|start\n|switch|p1a: Espeon|Espeon, M|100\/100\n|switch|p2a: Palossand|Palossand, M|100\/100\n|turn|1\n|\n|t:|1700053631\n|move|p1a: Espeon|Calm Mind|p1a: Espeon\n|-boost|p1a: Espeon|spa|1\n|-boost|p1a: Espeon|spd|1\n|move|p2a: Palossand|Shadow Ball|p1a: Espeon\n|-supereffective|p1a: Espeon\n|-damage|p1a: Espeon|55\/100\n|-unboost|p1a: Espeon|spd|1\n|\n|upkeep\n|turn|2\n|\n|t:|1700053635\n|move|p1a: Espeon|Shadow Ball|p2a: Palossand\n|-supereffective|p2a: Palossand\n|-damage|p2a: Palossand|29\/100\n|move|p2a: Palossand|Shadow Ball|p1a: Espeon\n|-supereffective|p1a: Espeon\n|-damage|p1a: Espeon|0 fnt\n|faint|p1a: Espeon\n|\n|-heal|p2a: Palossand|35\/100|[from] item: Leftovers\n|upkeep\n|\n|t:|1700053640\n|switch|p1a: Linoone|Linoone, F|100\/100\n|turn|3\n|\n|t:|1700053646\n|move|p1a: Linoone|Thunder Wave|p2a: Palossand\n|-immune|p2a: Palossand\n|move|p2a: Palossand|Earth Power|p1a: Linoone\n|-damage|p1a: Linoone|46\/100\n|-enditem|p1a: Linoone|Sitrus Berry|[eat]\n|-heal|p1a: Linoone|71\/100|[from] item: Sitrus Berry\n|\n|-heal|p2a: Palossand|41\/100|[from] item: Leftovers\n|upkeep\n|turn|4\n|c|\u2606Poken_Null_07|Well this isn't good\n|\n|t:|1700053660\n|move|p1a: Linoone|Belly Drum|p1a: Linoone\n|-damage|p1a: Linoone|21\/100\n|-setboost|p1a: Linoone|atk|6|[from] move: Belly Drum\n|move|p2a: Palossand|Shore Up|p2a: Palossand\n|-heal|p2a: Palossand|91\/100\n|\n|-heal|p2a: Palossand|97\/100|[from] item: Leftovers\n|upkeep\n|turn|5\n|\n|t:|1700053665\n|move|p1a: Linoone|Extreme Speed|p2a: Palossand\n|-immune|p2a: Palossand\n|move|p2a: Palossand|Earth Power|p1a: Linoone\n|-damage|p1a: Linoone|0 fnt\n|faint|p1a: Linoone\n|\n|-heal|p2a: Palossand|100\/100|[from] item: Leftovers\n|upkeep\n|\n|t:|1700053669\n|switch|p1a: Floatzel|Floatzel, M|100\/100\n|turn|6\n|c|\u2606Mr cyphon|no shadow claw? or nothing?\n|\n|t:|1700053677\n|move|p1a: Floatzel|Surging Strikes|p2a: Palossand\n|-supereffective|p2a: Palossand\n|-crit|p2a: Palossand\n|-damage|p2a: Palossand|79\/100\n|-ability|p2a: Palossand|Water Compaction|boost\n|-boost|p2a: Palossand|def|2\n|-supereffective|p2a: Palossand\n|-crit|p2a: Palossand\n|-damage|p2a: Palossand|56\/100\n|-ability|p2a: Palossand|Water Compaction|boost\n|-boost|p2a: Palossand|def|2\n|-supereffective|p2a: Palossand\n|-crit|p2a: Palossand\n|-damage|p2a: Palossand|34\/100\n|-ability|p2a: Palossand|Water Compaction|boost\n|-boost|p2a: Palossand|def|2\n|-hitcount|p2a: Palossand|3\n|move|p2a: Palossand|Shore Up|p2a: Palossand\n|-heal|p2a: Palossand|84\/100\n|\n|-heal|p2a: Palossand|90\/100|[from] item: Leftovers\n|upkeep\n|turn|7\n|inactive|Poken_Null_07 has 270 seconds left.\n|c|\u2606Poken_Null_07|Nah I had it before I think I might've accidentally swapped it with tail slap \n|inactive|Poken_Null_07 has 240 seconds left.\n|\n|t:|1700053739\n|move|p1a: Floatzel|Surging Strikes|p2a: Palossand\n|-supereffective|p2a: Palossand\n|-crit|p2a: Palossand\n|-damage|p2a: Palossand|68\/100\n|-supereffective|p2a: Palossand\n|-crit|p2a: Palossand\n|-damage|p2a: Palossand|49\/100\n|-supereffective|p2a: Palossand\n|-crit|p2a: Palossand\n|-damage|p2a: Palossand|29\/100\n|-hitcount|p2a: Palossand|3\n|move|p2a: Palossand|Earth Power|p1a: Floatzel\n|-damage|p1a: Floatzel|43\/100\n|\n|-heal|p1a: Floatzel|49\/100|[from] item: Leftovers\n|-heal|p2a: Palossand|36\/100|[from] item: Leftovers\n|upkeep\n|turn|8\n|\n|t:|1700053753\n|move|p1a: Floatzel|Surging Strikes|p2a: Palossand\n|-supereffective|p2a: Palossand\n|-crit|p2a: Palossand\n|-damage|p2a: Palossand|14\/100\n|-supereffective|p2a: Palossand\n|-crit|p2a: Palossand\n|-damage|p2a: Palossand|0 fnt\n|faint|p2a: Palossand\n|-hitcount|p2: Palossand|2\n|\n|-heal|p1a: Floatzel|56\/100|[from] item: Leftovers\n|upkeep\n|\n|t:|1700053763\n|switch|p2a: Arcanine|Arcanine, F|100\/100\n|turn|9\n|\n|t:|1700053778\n|move|p2a: Arcanine|Wild Charge|p1a: Floatzel\n|-supereffective|p1a: Floatzel\n|-damage|p1a: Floatzel|0 fnt\n|faint|p1a: Floatzel\n|-damage|p2a: Arcanine|87\/100|[from] Recoil\n|\n|upkeep\n|\n|t:|1700053782\n|switch|p1a: Polteageist|Polteageist|100\/100\n|turn|10\n|\n|t:|1700053788\n|switch|p2a: Silvally|Silvally-Flying|100\/100\n|move|p1a: Polteageist|Shell Smash|p1a: Polteageist\n|-unboost|p1a: Polteageist|def|1\n|-unboost|p1a: Polteageist|spd|1\n|-boost|p1a: Polteageist|atk|2\n|-boost|p1a: Polteageist|spa|2\n|-boost|p1a: Polteageist|spe|2\n|\n|upkeep\n|turn|11\n|\n|t:|1700053795\n|move|p1a: Polteageist|Stored Power|p2a: Silvally\n|-damage|p2a: Silvally|1\/100\n|move|p2a: Silvally|Multi-Attack|p1a: Polteageist\n|-enditem|p1a: Polteageist|Focus Sash\n|-damage|p1a: Polteageist|1\/100\n|-ability|p1a: Polteageist|Weak Armor|boost\n|-unboost|p1a: Polteageist|def|1\n|-boost|p1a: Polteageist|spe|2\n|\n|-heal|p2a: Silvally|7\/100|[from] item: Leftovers\n|upkeep\n|turn|12\n|\n|t:|1700053805\n|move|p1a: Polteageist|Dark Pulse|p2a: Silvally\n|-damage|p2a: Silvally|0 fnt\n|faint|p2a: Silvally\n|\n|upkeep\n|\n|t:|1700053807\n|switch|p2a: Machamp|Machamp, M|100\/100\n|turn|13\n|\n|t:|1700053820\n|move|p2a: Machamp|Bullet Punch|p1a: Polteageist\n|-damage|p1a: Polteageist|0 fnt\n|faint|p1a: Polteageist\n|\n|-status|p2a: Machamp|tox|[from] item: Toxic Orb\n|upkeep\n|\n|t:|1700053824\n|switch|p1a: Lycanroc|Lycanroc-Dusk, F|100\/100\n|turn|14\n|\n|t:|1700053829\n|move|p1a: Lycanroc|Swords Dance|p1a: Lycanroc\n|-boost|p1a: Lycanroc|atk|2\n|move|p2a: Machamp|Close Combat|p1a: Lycanroc\n|-supereffective|p1a: Lycanroc\n|-damage|p1a: Lycanroc|0 fnt\n|-unboost|p2a: Machamp|def|1\n|-unboost|p2a: Machamp|spd|1\n|faint|p1a: Lycanroc\n|\n|-damage|p2a: Machamp|94\/100 tox|[from] psn\n|upkeep\n|\n|t:|1700053832\n|switch|p1a: Typhlosion|Typhlosion, M|100\/100\n|turn|15\n|c|\u2606Mr cyphon|ggs\n|c|\u2606Poken_Null_07|ggs\n|\n|t:|1700053838\n|move|p1a: Typhlosion|Eruption|p2a: Machamp\n|-damage|p2a: Machamp|0 fnt\n|faint|p2a: Machamp\n|\n|upkeep\n|\n|t:|1700053842\n|switch|p2a: Pinsir|Pinsir, M|100\/100\n|turn|16\n|\n|t:|1700053855\n|move|p2a: Pinsir|Extreme Speed|p1a: Typhlosion\n|-damage|p1a: Typhlosion|64\/100\n|move|p1a: Typhlosion|Eruption|p2a: Pinsir\n|-supereffective|p2a: Pinsir\n|-damage|p2a: Pinsir|0 fnt\n|faint|p2a: Pinsir\n|\n|upkeep\n|\n|t:|1700053859\n|switch|p2a: Barbaracle|Barbaracle, M|100\/100\n|turn|17\n|\n|t:|1700053862\n|move|p2a: Barbaracle|Accelerock|p1a: Typhlosion\n|-supereffective|p1a: Typhlosion\n|-damage|p1a: Typhlosion|0 fnt\n|faint|p1a: Typhlosion\n|\n|win|Mr cyphon\n|c|\u2606Mr cyphon|gg\n","uploadtime":1700053868,"views":4,"p1id":"pokennull07","p2id":"mrcyphon","formatid":"gen9anythinggoes","rating":0,"private":0,"password":""}