{"id":"radicalred-gen9anythinggoes-534777","p1":"Litrowo","p2":"alexshyness","format":"[Gen 9] Anything Goes","log":"|j|\u2606Litrowo\n|j|\u2606alexshyness\n|t:|1697841235\n|gametype|singles\n|player|p1|Litrowo|rr-infernape|\n|player|p2|alexshyness|265|\n|teamsize|p1|6\n|teamsize|p2|6\n|gen|9\n|tier|[Gen 9] Anything Goes\n|rule|HP Percentage Mod: HP is shown in percentages\n|rule|Endless Battle Clause: Forcing endless battles is banned\n|rule|Sleep Clause Mod: Limit one foe put to sleep\n|clearpoke\n|poke|p1|Hydreigon, F|\n|poke|p1|Keldeo-Resolute|\n|poke|p1|Ferrothorn, M|\n|poke|p1|Braviary, M|\n|poke|p1|Volcarona, F|\n|poke|p1|Galvantula, M|\n|poke|p2|Landorus, M|\n|poke|p2|Carracosta, F|\n|poke|p2|Liepard, M|\n|poke|p2|Cryogonal|\n|poke|p2|Conkeldurr, M|\n|poke|p2|Volcarona, F|\n|teampreview\n|\n|t:|1697841269\n|start\n|switch|p1a: Abrelatas|Keldeo-Resolute|100\/100\n|switch|p2a: Liepard|Liepard, M|100\/100\n|turn|1\n|\n|t:|1697841312\n|move|p2a: Liepard|Fake Out|p1a: Abrelatas\n|-damage|p1a: Abrelatas|87\/100\n|cant|p1a: Abrelatas|flinch\n|\n|upkeep\n|turn|2\n|\n|t:|1697841320\n|move|p2a: Liepard|Thunder Wave|p1a: Abrelatas\n|-status|p1a: Abrelatas|par\n|move|p1a: Abrelatas|Secret Sword|p2a: Liepard\n|-supereffective|p2a: Liepard\n|-enditem|p2a: Liepard|Focus Sash\n|-damage|p2a: Liepard|1\/100\n|-damage|p1a: Abrelatas|78\/100 par|[from] item: Life Orb\n|\n|upkeep\n|turn|3\n|j| zSlowKiller\n|c| zSlowKiller|como q\n|c| zSlowKiller|ah\n|\n|t:|1697841373\n|switch|p1a: Teja|Ferrothorn, M|100\/100\n|move|p2a: Liepard|Play Rough|p1a: Teja\n|-resisted|p1a: Teja\n|-damage|p1a: Teja|93\/100\n|-damage|p2a: Liepard|0 fnt|[from] ability: Iron Barbs|[of] p1a: Teja\n|faint|p2a: Liepard\n|\n|upkeep\n|\n|t:|1697841385\n|switch|p2a: Conkeldurr|Conkeldurr, M|100\/100\n|turn|4\n|\n|t:|1697841456\n|move|p2a: Conkeldurr|Protect|p2a: Conkeldurr\n|-singleturn|p2a: Conkeldurr|Protect\n|move|p1a: Teja|Leech Seed|p2a: Conkeldurr\n|-activate|p2a: Conkeldurr|move: Protect\n|\n|-status|p2a: Conkeldurr|brn|[from] item: Flame Orb\n|upkeep\n|turn|5\n|\n|t:|1697841473\n|move|p2a: Conkeldurr|Superpower|p1a: Teja\n|-supereffective|p1a: Teja\n|-damage|p1a: Teja|0 fnt\n|-unboost|p2a: Conkeldurr|atk|1\n|-unboost|p2a: Conkeldurr|def|1\n|-damage|p2a: Conkeldurr|88\/100 brn|[from] ability: Iron Barbs|[of] p1a: Teja\n|-damage|p2a: Conkeldurr|72\/100 brn|[from] item: Rocky Helmet|[of] p1a: Teja\n|faint|p1a: Teja\n|\n|-damage|p2a: Conkeldurr|65\/100 brn|[from] brn\n|upkeep\n|\n|t:|1697841495\n|switch|p1a: Sastre Baldosa|Braviary, M, shiny|100\/100\n|turn|6\n|\n|t:|1697841528\n|switch|p2a: Landorus|Landorus, M|100\/100\n|move|p1a: Sastre Baldosa|Brave Bird|p2a: Landorus\n|-damage|p2a: Landorus|30\/100\n|-damage|p1a: Sastre Baldosa|79\/100|[from] Recoil\n|\n|upkeep\n|turn|7\n|\n|t:|1697841544\n|move|p1a: Sastre Baldosa|Brave Bird|p2a: Landorus\n|-damage|p2a: Landorus|0 fnt\n|faint|p2a: Landorus\n|-damage|p1a: Sastre Baldosa|69\/100|[from] Recoil\n|\n|upkeep\n|\n|t:|1697841549\n|switch|p2a: Cryogonal|Cryogonal|100\/100\n|turn|8\n|\n|t:|1697841561\n|switch|p1a: Especular|Volcarona, F|100\/100\n|move|p2a: Cryogonal|Reflect|p2a: Cryogonal\n|-sidestart|p2: alexshyness|Reflect\n|\n|upkeep\n|turn|9\n|\n|t:|1697841629\n|move|p2a: Cryogonal|Light Screen|p2a: Cryogonal\n|-sidestart|p2: alexshyness|move: Light Screen\n|move|p1a: Especular|Quiver Dance|p1a: Especular\n|-boost|p1a: Especular|spa|1\n|-boost|p1a: Especular|spd|1\n|-boost|p1a: Especular|spe|1\n|\n|upkeep\n|turn|10\n|\n|t:|1697841647\n|switch|p2a: Volcarona|Volcarona, F|100\/100\n|move|p1a: Especular|Quiver Dance|p1a: Especular\n|-boost|p1a: Especular|spa|1\n|-boost|p1a: Especular|spd|1\n|-boost|p1a: Especular|spe|1\n|\n|upkeep\n|turn|11\n|\n|t:|1697841674\n|move|p1a: Especular|Quiver Dance|p1a: Especular\n|-boost|p1a: Especular|spa|1\n|-boost|p1a: Especular|spd|1\n|-boost|p1a: Especular|spe|1\n|move|p2a: Volcarona|Quiver Dance|p2a: Volcarona\n|-boost|p2a: Volcarona|spa|1\n|-boost|p2a: Volcarona|spd|1\n|-boost|p2a: Volcarona|spe|1\n|\n|upkeep\n|turn|12\n|\n|t:|1697841691\n|move|p1a: Especular|Quiver Dance|p1a: Especular\n|-boost|p1a: Especular|spa|1\n|-boost|p1a: Especular|spd|1\n|-boost|p1a: Especular|spe|1\n|move|p2a: Volcarona|Quiver Dance|p2a: Volcarona\n|-boost|p2a: Volcarona|spa|1\n|-boost|p2a: Volcarona|spd|1\n|-boost|p2a: Volcarona|spe|1\n|\n|upkeep\n|turn|13\n|\n|t:|1697841704\n|move|p1a: Especular|Quiver Dance|p1a: Especular\n|-boost|p1a: Especular|spa|1\n|-boost|p1a: Especular|spd|1\n|-boost|p1a: Especular|spe|1\n|move|p2a: Volcarona|Quiver Dance|p2a: Volcarona\n|-boost|p2a: Volcarona|spa|1\n|-boost|p2a: Volcarona|spd|1\n|-boost|p2a: Volcarona|spe|1\n|\n|upkeep\n|turn|14\n|\n|t:|1697841755\n|move|p1a: Especular|Quiver Dance|p1a: Especular\n|-boost|p1a: Especular|spa|1\n|-boost|p1a: Especular|spd|1\n|-boost|p1a: Especular|spe|1\n|move|p2a: Volcarona|Fiery Dance|p1a: Especular\n|-damage|p1a: Especular|72\/100\n|\n|upkeep\n|turn|15\n|\n|t:|1697841836\n|move|p1a: Especular|Flamethrower|p2a: Volcarona\n|-damage|p2a: Volcarona|59\/100\n|move|p2a: Volcarona|Fiery Dance|p1a: Especular\n|-damage|p1a: Especular|44\/100\n|\n|-sideend|p2: alexshyness|Reflect\n|upkeep\n|turn|16\n|j| Einstein_pickleton\n|l| Einstein_pickleton\n|\n|t:|1697841857\n|move|p1a: Especular|Flamethrower|p2a: Volcarona\n|-damage|p2a: Volcarona|15\/100\n|move|p2a: Volcarona|Fiery Dance|p1a: Especular\n|-damage|p1a: Especular|16\/100\n|\n|-sideend|p2: alexshyness|move: Light Screen\n|upkeep\n|turn|17\n|\n|t:|1697841870\n|move|p1a: Especular|Flamethrower|p2a: Volcarona\n|-damage|p2a: Volcarona|0 fnt\n|faint|p2a: Volcarona\n|\n|upkeep\n|\n|t:|1697841875\n|switch|p2a: Carracosta|Carracosta, F|100\/100\n|turn|18\n|\n|t:|1697841890\n|move|p1a: Especular|Giga Drain|p2a: Carracosta\n|-supereffective|p2a: Carracosta\n|-ability|p2a: Carracosta|Sturdy\n|-damage|p2a: Carracosta|1\/100\n|-heal|p1a: Especular|63\/100|[from] drain|[of] p2a: Carracosta\n|move|p2a: Carracosta|Liquidation|p1a: Especular\n|-supereffective|p1a: Especular\n|-damage|p1a: Especular|0 fnt\n|-status|p2a: Carracosta|brn|[from] ability: Flame Body|[of] p1a: Especular\n|faint|p1a: Especular\n|\n|-damage|p2a: Carracosta|0 fnt|[from] brn\n|faint|p2a: Carracosta\n|upkeep\n|\n|t:|1697841919\n|switch|p1a: Abrelatas|Keldeo-Resolute|78\/100 par\n|switch|p2a: Cryogonal|Cryogonal|100\/100\n|turn|19\n|\n|t:|1697841927\n|move|p2a: Cryogonal|Reflect|p2a: Cryogonal\n|-sidestart|p2: alexshyness|Reflect\n|move|p1a: Abrelatas|Secret Sword|p2a: Cryogonal\n|-supereffective|p2a: Cryogonal\n|-damage|p2a: Cryogonal|0 fnt\n|faint|p2a: Cryogonal\n|-damage|p1a: Abrelatas|68\/100 par|[from] item: Life Orb\n|\n|upkeep\n|\n|t:|1697841934\n|switch|p2a: Conkeldurr|Conkeldurr, M|65\/100 brn\n|turn|20\n|\n|t:|1697841952\n|move|p1a: Abrelatas|Air Slash|p2a: Conkeldurr\n|-supereffective|p2a: Conkeldurr\n|-damage|p2a: Conkeldurr|0 fnt\n|faint|p2a: Conkeldurr\n|-damage|p1a: Abrelatas|58\/100 par|[from] item: Life Orb\n|\n|win|Litrowo\n|c|\u2606alexshyness|gg\n|c|\u2606Litrowo|gg\n","uploadtime":1697841961,"views":11,"p1id":"litrowo","p2id":"alexshyness","formatid":"gen9anythinggoes","rating":0,"private":0,"password":""}