{"id":"radicalred-gen9anythinggoes-535026","p1":"zSlowKiller","p2":"WybeRx","format":"[Gen 9] Anything Goes","log":"|j|\u2606zSlowKiller\n|j|\u2606WybeRx\n|t:|1697907691\n|gametype|singles\n|player|p1|zSlowKiller|rr-miraidon|\n|player|p2|WybeRx|170|\n|teamsize|p1|6\n|teamsize|p2|6\n|gen|9\n|tier|[Gen 9] Anything Goes\n|rule|HP Percentage Mod: HP is shown in percentages\n|rule|Endless Battle Clause: Forcing endless battles is banned\n|clearpoke\n|poke|p1|Klefki, F|\n|poke|p1|Malamar, F|\n|poke|p1|Greninja-*, M|\n|poke|p1|Aegislash, M|\n|poke|p1|Goodra, F|\n|poke|p1|Talonflame, M|\n|poke|p2|Haxorus, M|\n|poke|p2|Zoroark, F|\n|poke|p2|Keldeo-Resolute|\n|poke|p2|Braviary, M|\n|poke|p2|Volcarona, F|\n|poke|p2|Cofagrigus, M|\n|teampreview\n|\n|t:|1697907742\n|start\n|switch|p1a: Calamardo|Malamar, F|100\/100\n|switch|p2a: Enrique|Haxorus, M, shiny|100\/100\n|-ability|p2a: Enrique|Mold Breaker\n|turn|1\n|\n|t:|1697907748\n|move|p2a: Enrique|Scale Shot|p1a: Calamardo\n|-damage|p1a: Calamardo|88\/100\n|-damage|p1a: Calamardo|76\/100\n|-damage|p1a: Calamardo|65\/100\n|-damage|p1a: Calamardo|54\/100\n|-damage|p1a: Calamardo|42\/100\n|-hitcount|p1a: Calamardo|5\n|-unboost|p2a: Enrique|def|1\n|-boost|p2a: Enrique|spe|1\n|move|p1a: Calamardo|Reflect|p1a: Calamardo\n|-sidestart|p1: zSlowKiller|Reflect\n|\n|upkeep\n|turn|2\n|\n|t:|1697907759\n|switch|p1a: llaverito|Klefki, F, shiny|100\/100\n|move|p2a: Enrique|Scale Shot|p1a: llaverito\n|-immune|p1a: llaverito\n|\n|upkeep\n|turn|3\n|\n|t:|1697907767\n|move|p1a: llaverito|Thunder Wave|p2a: Enrique\n|-status|p2a: Enrique|par\n|cant|p2a: Enrique|par\n|\n|upkeep\n|turn|4\n|\n|t:|1697907772\n|move|p2a: Enrique|Earthquake|p1a: llaverito\n|-supereffective|p1a: llaverito\n|-damage|p1a: llaverito|55\/100\n|move|p1a: llaverito|Play Rough|p2a: Enrique\n|-supereffective|p2a: Enrique\n|-damage|p2a: Enrique|6\/100 par\n|-unboost|p2a: Enrique|atk|1\n|\n|upkeep\n|turn|5\n|\n|t:|1697907781\n|switch|p1a: Pajarraco|Talonflame, M|100\/100\n|move|p2a: Enrique|Earthquake|p1a: Pajarraco\n|-immune|p1a: Pajarraco\n|\n|upkeep\n|turn|6\n|\n|t:|1697907788\n|move|p1a: Pajarraco|Swords Dance|p1a: Pajarraco\n|-boost|p1a: Pajarraco|atk|2\n|move|p2a: Enrique|Scale Shot|p1a: Pajarraco\n|-damage|p1a: Pajarraco|93\/100\n|-damage|p1a: Pajarraco|85\/100\n|-damage|p1a: Pajarraco|78\/100\n|-damage|p1a: Pajarraco|70\/100\n|-damage|p1a: Pajarraco|62\/100\n|-hitcount|p1a: Pajarraco|5\n|-unboost|p2a: Enrique|def|1\n|-boost|p2a: Enrique|spe|1\n|\n|upkeep\n|turn|7\n|\n|t:|1697907800\n|move|p1a: Pajarraco|Natural Gift|p2a: Enrique\n|-crit|p2a: Enrique\n|-damage|p2a: Enrique|0 fnt\n|faint|p2a: Enrique\n|\n|upkeep\n|\n|t:|1697907818\n|switch|p2a: VoiceMaster|Keldeo-Resolute, shiny|100\/100\n|turn|8\n|\n|t:|1697907822\n|move|p1a: Pajarraco|Brave Bird|p2a: VoiceMaster\n|-supereffective|p2a: VoiceMaster\n|-damage|p2a: VoiceMaster|0 fnt\n|faint|p2a: VoiceMaster\n|-damage|p1a: Pajarraco|26\/100|[from] Recoil\n|\n|-sideend|p1: zSlowKiller|Reflect\n|upkeep\n|\n|t:|1697907833\n|switch|p2a: deftercom|Cofagrigus, M, shiny|100\/100\n|turn|9\n|\n|t:|1697907839\n|move|p1a: Pajarraco|Brave Bird|p2a: deftercom\n|-enditem|p2a: deftercom|Focus Sash\n|-damage|p2a: deftercom|1\/100\n|replace|p2a: tts bot|Zoroark, F, shiny\n|-end|p2a: tts bot|Illusion\n|-damage|p1a: Pajarraco|0 fnt|[from] Recoil\n|faint|p1a: Pajarraco\n|move|p2a: tts bot|Dark Hole|p1: Pajarraco|[notarget]\n|-fail|p2a: tts bot\n|\n|upkeep\n|\n|t:|1697907850\n|switch|p1a: llaverito|Klefki, F, shiny|55\/100\n|turn|10\n|\n|t:|1697907856\n|move|p2a: tts bot|Focus Blast|p1a: llaverito|[miss]\n|-miss|p2a: tts bot|p1a: llaverito\n|move|p1a: llaverito|Play Rough|p2a: tts bot\n|-supereffective|p2a: tts bot\n|-damage|p2a: tts bot|0 fnt\n|faint|p2a: tts bot\n|\n|upkeep\n|\n|t:|1697907873\n|switch|p2a: Tupack|Volcarona, F|100\/100\n|turn|11\n|\n|t:|1697907891\n|move|p1a: llaverito|Thunder Wave|p2a: Tupack|[miss]\n|-miss|p1a: llaverito|p2a: Tupack\n|move|p2a: Tupack|Quiver Dance|p2a: Tupack\n|-boost|p2a: Tupack|spa|1\n|-boost|p2a: Tupack|spd|1\n|-boost|p2a: Tupack|spe|1\n|\n|upkeep\n|turn|12\n|\n|t:|1697907900\n|move|p1a: llaverito|Thunder Wave|p2a: Tupack\n|-status|p2a: Tupack|par\n|cant|p2a: Tupack|par\n|\n|upkeep\n|turn|13\n|\n|t:|1697907907\n|move|p1a: llaverito|Spikes|p2a: Tupack\n|-sidestart|p2: WybeRx|Spikes\n|cant|p2a: Tupack|par\n|\n|upkeep\n|turn|14\n|\n|t:|1697907912\n|move|p1a: llaverito|Spikes|p2a: Tupack\n|-sidestart|p2: WybeRx|Spikes\n|move|p2a: Tupack|Quiver Dance|p2a: Tupack\n|-boost|p2a: Tupack|spa|1\n|-boost|p2a: Tupack|spd|1\n|-boost|p2a: Tupack|spe|1\n|\n|upkeep\n|turn|15\n|\n|t:|1697907929\n|move|p1a: llaverito|Spikes|p2a: Tupack\n|-sidestart|p2: WybeRx|Spikes\n|move|p2a: Tupack|Fiery Dance|p1a: llaverito\n|-supereffective|p1a: llaverito\n|-damage|p1a: llaverito|0 fnt\n|-boost|p2a: Tupack|spa|1\n|faint|p1a: llaverito\n|\n|upkeep\n|\n|t:|1697907943\n|switch|p1a: Calamardo|Malamar, F|42\/100\n|turn|16\n|\n|t:|1697907948\n|move|p2a: Tupack|Bug Buzz|p1a: Calamardo\n|-supereffective|p1a: Calamardo\n|-damage|p1a: Calamardo|0 fnt\n|faint|p1a: Calamardo\n|\n|upkeep\n|\n|t:|1697907952\n|switch|p1a: Tilin|Greninja, M, shiny|100\/100\n|turn|17\n|\n|t:|1697907960\n|move|p1a: Tilin|Water Shuriken|p2a: Tupack\n|-supereffective|p2a: Tupack\n|-damage|p2a: Tupack|93\/100 par\n|-supereffective|p2a: Tupack\n|-damage|p2a: Tupack|85\/100 par\n|-supereffective|p2a: Tupack\n|-damage|p2a: Tupack|79\/100 par\n|-supereffective|p2a: Tupack\n|-damage|p2a: Tupack|71\/100 par\n|-hitcount|p2a: Tupack|4\n|move|p2a: Tupack|Bug Buzz|p1a: Tilin\n|-supereffective|p1a: Tilin\n|-damage|p1a: Tilin|0 fnt\n|faint|p1a: Tilin\n|\n|upkeep\n|c|\u2606zSlowKiller|no le quito nada\n|\n|t:|1697907971\n|switch|p1a: Q es esto|Goodra, F|100\/100\n|turn|18\n|\n|t:|1697907986\n|move|p2a: Tupack|Bug Buzz|p1a: Q es esto\n|-damage|p1a: Q es esto|14\/100\n|move|p1a: Q es esto|Sludge Wave|p2a: Tupack\n|-crit|p2a: Tupack\n|-damage|p2a: Tupack|2\/100 par\n|\n|upkeep\n|turn|19\n|\n|t:|1697907993\n|cant|p2a: Tupack|par\n|move|p1a: Q es esto|Sludge Wave|p2a: Tupack\n|-damage|p2a: Tupack|0 fnt\n|faint|p2a: Tupack\n|\n|upkeep\n|\n|t:|1697907999\n|switch|p2a: Sands of time|Braviary, M|100\/100\n|turn|20\n|\n|t:|1697908017\n|move|p2a: Sands of time|Brave Bird|p1a: Q es esto\n|-damage|p1a: Q es esto|0 fnt\n|-ability|p1a: Q es esto|Gooey\n|-unboost|p2a: Sands of time|spe|1\n|-ability|p2a: Sands of time|Defiant|boost\n|-boost|p2a: Sands of time|atk|2\n|faint|p1a: Q es esto\n|-damage|p2a: Sands of time|96\/100|[from] Recoil\n|\n|upkeep\n|\n|t:|1697908020\n|switch|p1a: Pendejo|Aegislash, M, shiny|100\/100\n|turn|21\n|\n|t:|1697908035\n|switch|p2a: deftercom|Cofagrigus, M, shiny|100\/100\n|-damage|p2a: deftercom|76\/100|[from] Spikes\n|move|p1a: Pendejo|Toxic|p2a: deftercom|[miss]\n|-miss|p1a: Pendejo|p2a: deftercom\n|\n|-heal|p2a: deftercom|82\/100|[from] item: Leftovers\n|upkeep\n|turn|22\n|\n|t:|1697908044\n|-formechange|p1a: Pendejo|Aegislash-Blade||[from] ability: Stance Change\n|move|p1a: Pendejo|Shadow Ball|p2a: deftercom\n|-supereffective|p2a: deftercom\n|-damage|p2a: deftercom|16\/100\n|move|p2a: deftercom|Shadow Ball|p1a: Pendejo\n|-supereffective|p1a: Pendejo\n|-damage|p1a: Pendejo|2\/100\n|\n|-heal|p1a: Pendejo|8\/100|[from] item: Leftovers\n|-heal|p2a: deftercom|22\/100|[from] item: Leftovers\n|upkeep\n|turn|23\n|\n|t:|1697908056\n|move|p1a: Pendejo|Shadow Ball|p2a: deftercom\n|-supereffective|p2a: deftercom\n|-damage|p2a: deftercom|0 fnt\n|faint|p2a: deftercom\n|\n|-heal|p1a: Pendejo|14\/100|[from] item: Leftovers\n|upkeep\n|\n|t:|1697908062\n|switch|p2a: Sands of time|Braviary, M|96\/100\n|turn|24\n|\n|t:|1697908072\n|-formechange|p1a: Pendejo|Aegislash||[from] ability: Stance Change\n|move|p1a: Pendejo|King's Shield|p1a: Pendejo\n|-singleturn|p1a: Pendejo|Protect\n|move|p2a: Sands of time|Brave Bird|p1a: Pendejo\n|-activate|p1a: Pendejo|move: Protect\n|\n|-heal|p1a: Pendejo|21\/100|[from] item: Leftovers\n|upkeep\n|turn|25\n|\n|t:|1697908081\n|move|p1a: Pendejo|King's Shield||[still]\n|-fail|p1a: Pendejo\n|move|p2a: Sands of time|Brave Bird|p1a: Pendejo\n|-resisted|p1a: Pendejo\n|-damage|p1a: Pendejo|0 fnt\n|faint|p1a: Pendejo\n|-damage|p2a: Sands of time|90\/100|[from] Recoil\n|\n|win|WybeRx\n|l|\u2606zSlowKiller\n","uploadtime":1697908108,"views":10,"p1id":"zslowkiller","p2id":"wyberx","formatid":"gen9anythinggoes","rating":0,"private":0,"password":""}