{"id":"radicalred-gen9anythinggoes-540037","p1":"Miridon Enjoyer \u32e1\/","p2":"Sakuta24","format":"[Gen 9] Anything Goes","log":"|j|\u2606Miridon Enjoyer \u32e1\/\n|j|\u2606Sakuta24\n|t:|1698698529\n|gametype|singles\n|player|p1|Miridon Enjoyer \u32e1\/|rr-miraidon|1000\n|player|p2|Sakuta24|265|1000\n|teamsize|p1|6\n|teamsize|p2|2\n|gen|9\n|tier|[Gen 9] Anything Goes\n|rated|\n|rule|HP Percentage Mod: HP is shown in percentages\n|rule|Endless Battle Clause: Forcing endless battles is banned\n|clearpoke\n|poke|p1|Eternatus|\n|poke|p1|Rayquaza|\n|poke|p1|Xerneas-*|\n|poke|p1|Aerodactyl, F|\n|poke|p1|Calyrex-Shadow|\n|poke|p1|Kyogre|\n|poke|p2|Shedinja|\n|poke|p2|Cyclizar, M|\n|teampreview\n|inactive|Battle timer is ON: inactive players will automatically lose when time's up. (requested by Sakuta24)\n|c|\u2606Miridon Enjoyer \u32e1\/|nah\n|\n|t:|1698698546\n|start\n|switch|p1a: Eternatus|Eternatus|100\/100\n|switch|p2a: Cyclizar|Cyclizar, M|100\/100\n|detailschange|p1a: Eternatus|Eternatus-Eternamax\n|-primal|p1a: Eternatus|Eternamax Orb\n|turn|1\n|\n|t:|1698698554\n|move|p2a: Cyclizar|Shed Tail|p2a: Cyclizar\n|-start|p2a: Cyclizar|Substitute|[from] move: Shed Tail\n|-damage|p2a: Cyclizar|50\/100\n|\n|t:|1698698557\n|switch|p2a: Shedinja|Shedinja|100\/100|[from] Shed Tail\n|-item|p2a: Shedinja|Air Balloon\n|move|p1a: Eternatus|Toxic Spikes|p2a: Shedinja\n|-sidestart|p2: Sakuta24|move: Toxic Spikes\n|\n|upkeep\n|turn|2\n|c|\u2606Miridon Enjoyer \u32e1\/|ooh noo\n|\n|t:|1698698573\n|move|p1a: Eternatus|Flamethrower|p2a: Shedinja\n|-supereffective|p2a: Shedinja\n|-crit|p2a: Shedinja\n|-end|p2a: Shedinja|Substitute\n|-enditem|p2a: Shedinja|Air Balloon\n|move|p2a: Shedinja|Swords Dance|p2a: Shedinja\n|-boost|p2a: Shedinja|atk|2\n|\n|upkeep\n|turn|3\n|c|\u2606Miridon Enjoyer \u32e1\/|XD\n|c|\u2606Sakuta24|:(\n|c|\u2606Miridon Enjoyer \u32e1\/|where is ele tera lol\n|\n|t:|1698698597\n|move|p1a: Eternatus|Flamethrower|p2a: Shedinja\n|-supereffective|p2a: Shedinja\n|-damage|p2a: Shedinja|0 fnt\n|faint|p2a: Shedinja\n|\n|upkeep\n|c|\u2606Miridon Enjoyer \u32e1\/|gg\n|c|\u2606Sakuta24|I cant select it\n|c|\u2606Miridon Enjoyer \u32e1\/|ah\n|\n|t:|1698698609\n|switch|p2a: Cyclizar|Cyclizar, M|50\/100\n|-status|p2a: Cyclizar|psn\n|turn|4\n|c|\u2606Miridon Enjoyer \u32e1\/|the must have anti op shedinja or smth like that\n|\n|t:|1698698625\n|switch|p1a: x_X|Xerneas|100\/100\n|-ability|p1a: x_X|Fairy Aura\n|move|p2a: Cyclizar|Shed Tail|p2a: Cyclizar\n|-fail|p2a: Cyclizar\n|\n|-damage|p2a: Cyclizar|38\/100 psn|[from] psn\n|upkeep\n|turn|5\n|c|\u2606Sakuta24|Mhm\n|\n|t:|1698698632\n|move|p2a: Cyclizar|Shed Tail|p2a: Cyclizar\n|-fail|p2a: Cyclizar\n|move|p1a: x_X|Geomancy||[still]\n|-prepare|p1a: x_X|Geomancy\n|-enditem|p1a: x_X|Power Herb\n|-anim|p1a: x_X|Geomancy|p1a: x_X\n|-boost|p1a: x_X|spa|2\n|-boost|p1a: x_X|spd|2\n|-boost|p1a: x_X|spe|2\n|\n|-activate|p2a: Cyclizar|ability: Shed Skin\n|-curestatus|p2a: Cyclizar|psn|[msg]\n|upkeep\n|turn|6\n|\n|t:|1698698636\n|move|p2a: Cyclizar|Shed Tail|p2a: Cyclizar\n|-fail|p2a: Cyclizar\n|move|p1a: x_X|Geomancy||[still]\n|-prepare|p1a: x_X|Geomancy\n|\n|upkeep\n|turn|7\n|\n|t:|1698698639\n|move|p2a: Cyclizar|Shed Tail|p2a: Cyclizar\n|-fail|p2a: Cyclizar\n|move|p1a: x_X|Geomancy|p1a: x_X|[from]lockedmove\n|-boost|p1a: x_X|spa|2\n|-boost|p1a: x_X|spd|2\n|-boost|p1a: x_X|spe|2\n|\n|upkeep\n|turn|8\n|c|\u2606Miridon Enjoyer \u32e1\/|XD\n|\n|t:|1698698643\n|move|p1a: x_X|Geomancy||[still]\n|-prepare|p1a: x_X|Geomancy\n|move|p2a: Cyclizar|Shed Tail|p2a: Cyclizar\n|-fail|p2a: Cyclizar\n|\n|upkeep\n|turn|9\n|\n|t:|1698698647\n|move|p1a: x_X|Geomancy|p1a: x_X|[from]lockedmove\n|-boost|p1a: x_X|spa|2\n|-boost|p1a: x_X|spd|2\n|-boost|p1a: x_X|spe|2\n|move|p2a: Cyclizar|Shed Tail|p2a: Cyclizar\n|-fail|p2a: Cyclizar\n|\n|upkeep\n|turn|10\n|c|\u2606Miridon Enjoyer \u32e1\/|good bai\n|\n|t:|1698698654\n|move|p1a: x_X|Moonblast|p2a: Cyclizar\n|-supereffective|p2a: Cyclizar\n|-damage|p2a: Cyclizar|0 fnt\n|faint|p2a: Cyclizar\n|\n|win|Miridon Enjoyer \u32e1\/\n|raw|Miridon Enjoyer \u32e1&#x2f;'s rating: 1000 &rarr; <strong>1045<\/strong><br \/>(+45 for winning)\n|raw|Sakuta24's rating: 1000 &rarr; <strong>1000<\/strong><br \/>(+0 for losing)\n|c|\u2606Sakuta24|Gg\n|l|\u2606Sakuta24\n","uploadtime":1698698699,"views":11,"p1id":"miridonenjoyer","p2id":"sakuta24","formatid":"gen9anythinggoes","rating":0,"private":0,"password":""}