{"id":"radicalred-gen9anythinggoes-534286","p1":"LightNashe","p2":"Ggc69","format":"[Gen 9] Anything Goes","log":"|j|\u2606LightNashe\n|j|\u2606Ggc69\n|t:|1697763720\n|gametype|singles\n|player|p1|LightNashe|rr-greninja|\n|player|p2|Ggc69|265|\n|teamsize|p1|6\n|teamsize|p2|6\n|gen|9\n|tier|[Gen 9] Anything Goes\n|rule|HP Percentage Mod: HP is shown in percentages\n|rule|Endless Battle Clause: Forcing endless battles is banned\n|clearpoke\n|poke|p1|Emboar, M|\n|poke|p1|Excadrill, M|\n|poke|p1|Archeops, F|\n|poke|p1|Bisharp, M|\n|poke|p1|Ferrothorn, F|\n|poke|p1|Gigalith, F|\n|poke|p2|Ferrothorn, M|\n|poke|p2|Jellicent, M|\n|poke|p2|Keldeo-Resolute|\n|poke|p2|Zoroark, M|\n|poke|p2|Volcarona, F|\n|poke|p2|Serperior, F|\n|teampreview\n|j| PatoPatito08\n|j| WybeRx\n|j| ghuug\n|l| ghuug\n|c|\u2606Ggc69|light\n|c|\u2606Ggc69|no eras mujerphobico?\n|\n|t:|1697763835\n|start\n|switch|p1a: Gigalith|Gigalith, F, shiny|100\/100\n|switch|p2a: Burbuja|Jellicent, M|100\/100\n|-weather|Sandstorm|[from] ability: Sand Stream|[of] p1a: Gigalith\n|turn|1\n|j| ghuug\n|l| ghuug\n|\n|t:|1697763895\n|switch|p1a: Ferrothorn|Ferrothorn, F, shiny|100\/100\n|move|p2a: Burbuja|Dark Hole|p1a: Ferrothorn\n|-damage|p1a: Ferrothorn|33\/100\n|\n|-weather|Sandstorm|[upkeep]\n|-damage|p2a: Burbuja|94\/100|[from] Sandstorm\n|upkeep\n|turn|2\n|\n|t:|1697763912\n|move|p2a: Burbuja|Dark Hole|p1a: Ferrothorn\n|-damage|p1a: Ferrothorn|0 fnt\n|faint|p1a: Ferrothorn\n|\n|-weather|Sandstorm|[upkeep]\n|-damage|p2a: Burbuja|88\/100|[from] Sandstorm\n|upkeep\n|\n|t:|1697763920\n|switch|p1a: Bisharp|Bisharp, M|100\/100\n|turn|3\n|\n|t:|1697763974\n|switch|p2a: Ferrothorn|Ferrothorn, M|100\/100\n|switch|p1a: Archeops|Archeops, F, shiny|100\/100\n|\n|-weather|Sandstorm|[upkeep]\n|upkeep\n|turn|4\n|\n|t:|1697764011\n|move|p1a: Archeops|Earthquake|p2a: Ferrothorn\n|-damage|p2a: Ferrothorn|67\/100\n|move|p2a: Ferrothorn|Power Whip|p1a: Archeops\n|-damage|p1a: Archeops|36\/100\n|\n|-weather|Sandstorm|[upkeep]\n|upkeep\n|turn|5\n|\n|t:|1697764032\n|move|p1a: Archeops|Earthquake|p2a: Ferrothorn\n|-damage|p2a: Ferrothorn|34\/100\n|move|p2a: Ferrothorn|Power Whip|p1a: Archeops\n|-damage|p1a: Archeops|0 fnt\n|faint|p1a: Archeops\n|\n|-weather|none\n|upkeep\n|\n|t:|1697764054\n|switch|p1a: Excadrill|Excadrill, M|100\/100\n|turn|6\n|\n|t:|1697764133\n|switch|p2a: LucyPussy|Volcarona, F|100\/100\n|move|p1a: Excadrill|Earthquake|p2a: LucyPussy\n|-damage|p2a: LucyPussy|0 fnt\n|faint|p2a: LucyPussy\n|-damage|p1a: Excadrill|91\/100|[from] item: Life Orb\n|\n|upkeep\n|\n|t:|1697764162\n|switch|p2a: NAINAINAI|Keldeo-Resolute|100\/100\n|turn|7\n|\n|t:|1697764181\n|move|p2a: NAINAINAI|Secret Sword|p1a: Excadrill\n|-supereffective|p1a: Excadrill\n|-damage|p1a: Excadrill|0 fnt\n|faint|p1a: Excadrill\n|\n|upkeep\n|\n|t:|1697764188\n|switch|p1a: Gigalith|Gigalith, F, shiny|100\/100\n|-weather|Sandstorm|[from] ability: Sand Stream|[of] p1a: Gigalith\n|turn|8\n|\n|t:|1697764210\n|move|p2a: NAINAINAI|Secret Sword|p1a: Gigalith\n|-supereffective|p1a: Gigalith\n|-damage|p1a: Gigalith|19\/100\n|-enditem|p1a: Gigalith|Iapapa Berry|[eat]\n|-heal|p1a: Gigalith|52\/100|[from] item: Iapapa Berry\n|move|p1a: Gigalith|Toxic|p2a: NAINAINAI\n|-status|p2a: NAINAINAI|tox\n|\n|-weather|Sandstorm|[upkeep]\n|-damage|p2a: NAINAINAI|94\/100 tox|[from] Sandstorm\n|-damage|p2a: NAINAINAI|88\/100 tox|[from] psn\n|upkeep\n|turn|9\n|j| ElBau1129\n|\n|t:|1697764228\n|switch|p1a: Emboar|Emboar, M, shiny|100\/100\n|move|p2a: NAINAINAI|Secret Sword|p1a: Emboar\n|-damage|p1a: Emboar|21\/100\n|\n|-weather|Sandstorm|[upkeep]\n|-damage|p2a: NAINAINAI|82\/100 tox|[from] Sandstorm\n|-damage|p1a: Emboar|14\/100|[from] Sandstorm\n|-damage|p2a: NAINAINAI|70\/100 tox|[from] psn\n|upkeep\n|turn|10\n|j| tomi7002\n|\n|t:|1697764245\n|switch|p2a: Ferrothorn|Ferrothorn, M|34\/100\n|move|p1a: Emboar|Sucker Punch||[still]\n|-fail|p1a: Emboar\n|\n|-weather|Sandstorm|[upkeep]\n|-damage|p1a: Emboar|8\/100|[from] Sandstorm\n|upkeep\n|turn|11\n|\n|t:|1697764254\n|move|p2a: Ferrothorn|Protect|p2a: Ferrothorn\n|-singleturn|p2a: Ferrothorn|Protect\n|move|p1a: Emboar|Flare Blitz|p2a: Ferrothorn\n|-activate|p2a: Ferrothorn|move: Protect\n|\n|-weather|Sandstorm|[upkeep]\n|-damage|p1a: Emboar|2\/100|[from] Sandstorm\n|upkeep\n|turn|12\n|l|\u2606LightNashe\n|player|p1|\n|j|\u2606LightNashe\n|player|p1|LightNashe|rr-greninja\n|\n|t:|1697764285\n|move|p2a: Ferrothorn|Protect||[still]\n|-fail|p2a: Ferrothorn\n|move|p1a: Emboar|Flare Blitz|p2a: Ferrothorn\n|-supereffective|p2a: Ferrothorn\n|-damage|p2a: Ferrothorn|0 fnt\n|-damage|p1a: Emboar|0 fnt|[from] ability: Iron Barbs|[of] p2a: Ferrothorn\n|faint|p2a: Ferrothorn\n|faint|p1a: Emboar\n|\n|-weather|none\n|upkeep\n|\n|t:|1697764317\n|switch|p1a: Bisharp|Bisharp, M|100\/100\n|switch|p2a: Burbuja|Jellicent, M|88\/100\n|turn|13\n|\n|t:|1697764358\n|move|p2a: Burbuja|Flamethrower|p1a: Bisharp\n|-supereffective|p1a: Bisharp\n|-damage|p1a: Bisharp|0 fnt\n|faint|p1a: Bisharp\n|\n|upkeep\n|\n|t:|1697764364\n|switch|p1a: Gigalith|Gigalith, F, shiny|52\/100\n|-weather|Sandstorm|[from] ability: Sand Stream|[of] p1a: Gigalith\n|turn|14\n|\n|t:|1697764370\n|switch|p2a: Burbuja|Jellicent, M|100\/100\n|move|p1a: Gigalith|Body Press|p2a: Burbuja\n|-immune|p2a: Burbuja\n|\n|-weather|Sandstorm|[upkeep]\n|-damage|p2a: Burbuja|94\/100|[from] Sandstorm\n|-heal|p2a: Burbuja|100\/100|[from] item: Leftovers\n|upkeep\n|turn|15\n|\n|t:|1697764381\n|move|p2a: Burbuja|Water Spout|p1a: Gigalith\n|-supereffective|p1a: Gigalith\n|-damage|p1a: Gigalith|0 fnt\n|faint|p1a: Gigalith\n|\n|win|Ggc69\n|c|\u2606Ggc69|gg\n","uploadtime":1697764387,"views":9,"p1id":"lightnashe","p2id":"ggc69","formatid":"gen9anythinggoes","rating":0,"private":0,"password":""}