{"id":"radicalred-gen9anythinggoes-549285","p1":"Kanako738","p2":"oscar3ro","format":"[Gen 9] Anything Goes","log":"|j|\u2606Kanako738\n|j|\u2606oscar3ro\n|t:|1700536619\n|gametype|singles\n|player|p1|Kanako738|rr-beedrillmega|\n|player|p2|oscar3ro|rr-cinderace|\n|teamsize|p1|6\n|teamsize|p2|6\n|gen|9\n|tier|[Gen 9] Anything Goes\n|rule|HP Percentage Mod: HP is shown in percentages\n|rule|Endless Battle Clause: Forcing endless battles is banned\n|clearpoke\n|poke|p1|Gallade, M|\n|poke|p1|Ho-Oh|\n|poke|p1|Ditto|\n|poke|p1|Xerneas-*|\n|poke|p1|Necrozma-Dusk-Mane|\n|poke|p1|Pheromosa|\n|poke|p2|Greninja-*, M|\n|poke|p2|Chi-Yu|\n|poke|p2|Ribombee, F|\n|poke|p2|Delphox, F|\n|poke|p2|Pinsir, M|\n|poke|p2|Dialga|\n|teampreview\n|c|\u2606oscar3ro|Waos\n|c|\u2606Kanako738|:v\n|\n|t:|1700536637\n|start\n|switch|p1a: Pheromosa|Pheromosa|100\/100\n|switch|p2a: Ribombee|Ribombee, F|100\/100\n|turn|1\n|\n|t:|1700536641\n|move|p1a: Pheromosa|Quiver Dance|p1a: Pheromosa\n|-boost|p1a: Pheromosa|spa|1\n|-boost|p1a: Pheromosa|spd|1\n|-boost|p1a: Pheromosa|spe|1\n|move|p2a: Ribombee|Sticky Web|p1a: Pheromosa\n|-sidestart|p1: Kanako738|move: Sticky Web\n|\n|upkeep\n|turn|2\n|\n|t:|1700536645\n|move|p1a: Pheromosa|Ice Beam|p2a: Ribombee\n|-enditem|p2a: Ribombee|Focus Sash\n|-damage|p2a: Ribombee|1\/100\n|move|p2a: Ribombee|Moonblast|p1a: Pheromosa\n|-supereffective|p1a: Pheromosa\n|-enditem|p1a: Pheromosa|Focus Sash\n|-damage|p1a: Pheromosa|1\/100\n|-unboost|p1a: Pheromosa|spa|1\n|\n|upkeep\n|turn|3\n|\n|t:|1700536650\n|move|p1a: Pheromosa|Ice Beam|p2a: Ribombee\n|-damage|p2a: Ribombee|0 fnt\n|faint|p2a: Ribombee\n|-ability|p1a: Pheromosa|Beast Boost|boost\n|-boost|p1a: Pheromosa|spa|1\n|\n|upkeep\n|c|\u2606Kanako738|sobreviviendo\n|c|\u2606Kanako738|qbien\n|\n|t:|1700536659\n|switch|p2a: Greninja|Greninja, M, shiny|100\/100\n|turn|4\n|\n|t:|1700536663\n|move|p2a: Greninja|Water Shuriken|p1a: Pheromosa\n|-damage|p1a: Pheromosa|0 fnt\n|faint|p1a: Pheromosa\n|-activate|p2a: Greninja|ability: Battle Bond\n|detailschange|p2a: Greninja|Greninja-Ash, M, shiny\n|-hitcount|p1: Pheromosa|1\n|-damage|p2a: Greninja|91\/100|[from] item: Life Orb\n|\n|upkeep\n|\n|t:|1700536669\n|switch|p1a: Necrozma|Necrozma-Dusk-Mane|100\/100\n|-activate|p1a: Necrozma|move: Sticky Web\n|-unboost|p1a: Necrozma|spe|1\n|turn|5\n|c|\u2606oscar3ro|Xd\n|\n|t:|1700536678\n|move|p2a: Greninja|Dark Hole|p1a: Necrozma\n|-supereffective|p1a: Necrozma\n|-damage|p1a: Necrozma|0 fnt\n|faint|p1a: Necrozma\n|-damage|p2a: Greninja|81\/100|[from] item: Life Orb\n|\n|upkeep\n|c|\u2606oscar3ro|Ufff\n|c|\u2606Kanako738|vrg olvide eso xd\n|\n|t:|1700536689\n|switch|p1a: Ditto|Ditto|100\/100\n|-activate|p1a: Ditto|move: Sticky Web\n|-unboost|p1a: Ditto|spe|1\n|-transform|p1a: Ditto|p2a: Greninja|[from] ability: Imposter\n|turn|6\n|c|\u2606oscar3ro|Suerte que no esta eternatus \n|\n|t:|1700536702\n|move|p1a: Ditto|Dark Hole|p2a: Greninja\n|-resisted|p2a: Greninja\n|-damage|p2a: Greninja|38\/100\n|move|p2a: Greninja|Dark Hole|p1a: Ditto\n|-resisted|p1a: Ditto\n|-damage|p1a: Ditto|41\/100\n|-status|p1a: Ditto|slp|[from] move: Dark Hole\n|-damage|p2a: Greninja|28\/100|[from] item: Life Orb\n|\n|upkeep\n|turn|7\n|c|\u2606Kanako738|tru\n|c|\u2606oscar3ro|Yeee\n|c|\u2606Kanako738|PUTAMADRE\n|\n|t:|1700536714\n|cant|p1a: Ditto|slp\n|move|p2a: Greninja|Dark Hole|p1a: Ditto\n|-resisted|p1a: Ditto\n|-damage|p1a: Ditto|0 fnt\n|faint|p1a: Ditto\n|-damage|p2a: Greninja|18\/100|[from] item: Life Orb\n|\n|upkeep\n|\n|t:|1700536717\n|switch|p1a: Gallade|Gallade, M|100\/100\n|-activate|p1a: Gallade|move: Sticky Web\n|-unboost|p1a: Gallade|spe|1\n|turn|8\n|\n|t:|1700536721\n|detailschange|p1a: Gallade|Gallade-Mega, M\n|-mega|p1a: Gallade|Gallade|Galladite\n|move|p1a: Gallade|Shadow Sneak|p2a: Greninja\n|-resisted|p2a: Greninja\n|-damage|p2a: Greninja|4\/100\n|move|p2a: Greninja|Dark Hole|p1a: Gallade\n|-damage|p1a: Gallade|14\/100\n|-status|p1a: Gallade|slp|[from] move: Dark Hole\n|-damage|p2a: Greninja|0 fnt|[from] item: Life Orb\n|faint|p2a: Greninja\n|\n|upkeep\n|\n|t:|1700536725\n|switch|p2a: Pinsir|Pinsir, M|100\/100\n|turn|9\n|c|\u2606Kanako738|verga de vida pipi\n|\n|t:|1700536735\n|move|p2a: Pinsir|Extreme Speed|p1a: Gallade\n|-damage|p1a: Gallade|0 fnt\n|faint|p1a: Gallade\n|-ability|p2a: Pinsir|Moxie|boost\n|-boost|p2a: Pinsir|atk|1\n|\n|upkeep\n|\n|t:|1700536739\n|switch|p1a: Ho-Oh|Ho-Oh|100\/100\n|turn|10\n|\n|t:|1700536742\n|detailschange|p2a: Pinsir|Pinsir-Mega, M\n|-mega|p2a: Pinsir|Pinsir|Pinsirite\n|move|p2a: Pinsir|Extreme Speed|p1a: Ho-Oh\n|-damage|p1a: Ho-Oh|19\/100\n|move|p1a: Ho-Oh|Defog|p2a: Pinsir\n|-unboost|p2a: Pinsir|evasion|1\n|-sideend|p1: Kanako738|Sticky Web|[from] move: Defog|[of] p1a: Ho-Oh\n|\n|upkeep\n|turn|11\n|\n|t:|1700536747\n|move|p2a: Pinsir|Extreme Speed|p1a: Ho-Oh\n|-damage|p1a: Ho-Oh|0 fnt\n|faint|p1a: Ho-Oh\n|\n|upkeep\n|c|\u2606Kanako738|._.\n|\n|t:|1700536752\n|switch|p1a: Xerneas|Xerneas|100\/100\n|-ability|p1a: Xerneas|Fairy Aura\n|turn|12\n|c|\u2606oscar3ro|Uff\n|c|\u2606Kanako738|valio burger\n|\n|t:|1700536760\n|move|p2a: Pinsir|Extreme Speed|p1a: Xerneas\n|-damage|p1a: Xerneas|33\/100\n|move|p1a: Xerneas|Geomancy||[still]\n|-prepare|p1a: Xerneas|Geomancy\n|-enditem|p1a: Xerneas|Power Herb\n|-anim|p1a: Xerneas|Geomancy|p1a: Xerneas\n|-boost|p1a: Xerneas|spa|2\n|-boost|p1a: Xerneas|spd|2\n|-boost|p1a: Xerneas|spe|2\n|\n|upkeep\n|turn|13\n|\n|t:|1700536763\n|move|p2a: Pinsir|Extreme Speed|p1a: Xerneas\n|-damage|p1a: Xerneas|0 fnt\n|faint|p1a: Xerneas\n|\n|win|oscar3ro\n|c|\u2606oscar3ro|Qgod\n","uploadtime":1700536775,"views":0,"p1id":"kanako738","p2id":"oscar3ro","formatid":"gen9anythinggoes","rating":0,"private":0,"password":""}