{"id":"radicalred-gen9anythinggoes-542270","p1":"tomi7002","p2":"HellSinky","format":"[Gen 9] Anything Goes","log":"|j|\u2606tomi7002\n|j|\u2606HellSinky\n|t:|1699071487\n|gametype|singles\n|player|p1|tomi7002|2|\n|player|p2|HellSinky|rr-victini|\n|teamsize|p1|6\n|teamsize|p2|6\n|gen|9\n|tier|[Gen 9] Anything Goes\n|rule|HP Percentage Mod: HP is shown in percentages\n|rule|Endless Battle Clause: Forcing endless battles is banned\n|rule|Sleep Clause Mod: Limit one foe put to sleep\n|clearpoke\n|poke|p1|Krookodile, M|\n|poke|p1|Landorus-Therian, M|\n|poke|p1|Darmanitan, M|\n|poke|p1|Conkeldurr, M|\n|poke|p1|Hydreigon, M|\n|poke|p1|Jellicent, M|\n|poke|p2|Ferrothorn, M|\n|poke|p2|Krookodile, M|\n|poke|p2|Keldeo-Resolute|\n|poke|p2|Volcarona, F|\n|poke|p2|Hydreigon, M|\n|poke|p2|Alomomola, M|\n|teampreview\n|\n|t:|1699071537\n|start\n|switch|p1a: gael|Darmanitan, M|100\/100\n|switch|p2a: saco wea|Keldeo-Resolute, shiny|100\/100\n|turn|1\n|j| zSlowKiller\n|\n|t:|1699071577\n|switch|p1a: Jellicent|Jellicent, M|100\/100\n|move|p2a: saco wea|Scald|p1a: Jellicent\n|-resisted|p1a: Jellicent\n|-damage|p1a: Jellicent|83\/100\n|\n|upkeep\n|turn|2\n|\n|t:|1699071616\n|switch|p2a: Ferro Pariente|Ferrothorn, M, shiny|100\/100\n|move|p1a: Jellicent|Water Spout|p2a: Ferro Pariente\n|-resisted|p2a: Ferro Pariente\n|-damage|p2a: Ferro Pariente|58\/100\n|\n|upkeep\n|turn|3\n|\n|t:|1699071627\n|move|p1a: Jellicent|Water Spout|p2a: Ferro Pariente\n|-resisted|p2a: Ferro Pariente\n|-damage|p2a: Ferro Pariente|13\/100\n|move|p2a: Ferro Pariente|Leech Seed|p1a: Jellicent\n|-start|p1a: Jellicent|move: Leech Seed\n|\n|-damage|p1a: Jellicent|71\/100|[from] Leech Seed|[of] p2a: Ferro Pariente\n|-heal|p2a: Ferro Pariente|27\/100|[silent]\n|upkeep\n|turn|4\n|\n|t:|1699071668\n|switch|p2a: princesa|Hydreigon, M|100\/100\n|move|p1a: Jellicent|Water Spout|p2a: princesa\n|-resisted|p2a: princesa\n|-damage|p2a: princesa|51\/100\n|\n|-damage|p1a: Jellicent|58\/100|[from] Leech Seed|[of] p2a: princesa\n|-heal|p2a: princesa|67\/100|[silent]\n|upkeep\n|turn|5\n|\n|t:|1699071689\n|move|p2a: princesa|Dark Hole|p1a: Jellicent\n|-supereffective|p1a: Jellicent\n|-crit|p1a: Jellicent\n|-damage|p1a: Jellicent|0 fnt\n|faint|p1a: Jellicent\n|-damage|p2a: princesa|57\/100|[from] item: Life Orb\n|\n|upkeep\n|\n|t:|1699071699\n|switch|p1a: rama|Conkeldurr, M|100\/100\n|turn|6\n|\n|t:|1699071741\n|move|p1a: rama|Protect|p1a: rama\n|-singleturn|p1a: rama|Protect\n|move|p2a: princesa|Draco Meteor|p1a: rama\n|-activate|p1a: rama|move: Protect\n|\n|-status|p1a: rama|brn|[from] item: Flame Orb\n|upkeep\n|turn|7\n|\n|t:|1699071755\n|switch|p2a: giratina|Alomomola, M, shiny|100\/100\n|move|p1a: rama|Mach Punch|p2a: giratina\n|-damage|p2a: giratina|81\/100\n|\n|-heal|p2a: giratina|87\/100|[from] item: Leftovers\n|-damage|p1a: rama|94\/100 brn|[from] brn\n|upkeep\n|turn|8\n|\n|t:|1699071763\n|move|p2a: giratina|Wish|p2a: giratina\n|move|p1a: rama|Thunder Punch|p2a: giratina\n|-supereffective|p2a: giratina\n|-damage|p2a: giratina|39\/100\n|\n|-heal|p2a: giratina|45\/100|[from] item: Leftovers\n|-damage|p1a: rama|88\/100 brn|[from] brn\n|upkeep\n|turn|9\n|\n|t:|1699071782\n|move|p2a: giratina|Protect|p2a: giratina\n|-singleturn|p2a: giratina|Protect\n|move|p1a: rama|Close Combat|p2a: giratina\n|-activate|p2a: giratina|move: Protect\n|\n|-heal|p2a: giratina|95\/100|[from] move: Wish|[wisher] giratina\n|-heal|p2a: giratina|100\/100|[from] item: Leftovers\n|-damage|p1a: rama|82\/100 brn|[from] brn\n|upkeep\n|turn|10\n|\n|t:|1699071789\n|move|p2a: giratina|Wish|p2a: giratina\n|move|p1a: rama|Thunder Punch|p2a: giratina\n|-supereffective|p2a: giratina\n|-damage|p2a: giratina|52\/100\n|\n|-heal|p2a: giratina|58\/100|[from] item: Leftovers\n|-damage|p1a: rama|76\/100 brn|[from] brn\n|upkeep\n|turn|11\n|\n|t:|1699071800\n|move|p2a: giratina|Protect|p2a: giratina\n|-singleturn|p2a: giratina|Protect\n|move|p1a: rama|Close Combat|p2a: giratina\n|-activate|p2a: giratina|move: Protect\n|\n|-heal|p2a: giratina|100\/100|[from] move: Wish|[wisher] giratina\n|-damage|p1a: rama|70\/100 brn|[from] brn\n|upkeep\n|turn|12\n|\n|t:|1699071822\n|move|p2a: giratina|Wish|p2a: giratina\n|move|p1a: rama|Thunder Punch|p2a: giratina\n|-supereffective|p2a: giratina\n|-damage|p2a: giratina|57\/100\n|\n|-heal|p2a: giratina|63\/100|[from] item: Leftovers\n|-damage|p1a: rama|64\/100 brn|[from] brn\n|upkeep\n|turn|13\n|\n|t:|1699071835\n|switch|p1a: Hydreigon|Hydreigon, M|100\/100\n|move|p2a: giratina|Scald|p1a: Hydreigon\n|-resisted|p1a: Hydreigon\n|-damage|p1a: Hydreigon|93\/100\n|\n|-heal|p2a: giratina|100\/100|[from] move: Wish|[wisher] giratina\n|upkeep\n|turn|14\n|\n|t:|1699071866\n|move|p2a: giratina|Protect|p2a: giratina\n|-singleturn|p2a: giratina|Protect\n|move|p1a: Hydreigon|Dark Hole|p2a: giratina\n|-activate|p2a: giratina|move: Protect\n|\n|upkeep\n|turn|15\n|\n|t:|1699071908\n|move|p1a: Hydreigon|Dark Hole|p2a: giratina\n|-damage|p2a: giratina|2\/100\n|move|p2a: giratina|Wish|p2a: giratina\n|\n|-heal|p2a: giratina|8\/100|[from] item: Leftovers\n|upkeep\n|turn|16\n|\n|t:|1699071921\n|move|p2a: giratina|Protect|p2a: giratina\n|-singleturn|p2a: giratina|Protect\n|move|p1a: Hydreigon|Dark Hole|p2a: giratina\n|-activate|p2a: giratina|move: Protect\n|\n|-heal|p2a: giratina|58\/100|[from] move: Wish|[wisher] giratina\n|-heal|p2a: giratina|65\/100|[from] item: Leftovers\n|upkeep\n|turn|17\n|\n|t:|1699071971\n|switch|p2a: womb destroyer|Krookodile, M|100\/100\n|move|p1a: Hydreigon|Dark Hole|p2a: womb destroyer\n|-resisted|p2a: womb destroyer\n|-damage|p2a: womb destroyer|47\/100\n|-status|p2a: womb destroyer|slp|[from] move: Dark Hole\n|\n|upkeep\n|turn|18\n|\n|t:|1699071984\n|cant|p2a: womb destroyer|slp\n|move|p1a: Hydreigon|Dark Hole|p2a: womb destroyer\n|-resisted|p2a: womb destroyer\n|-damage|p2a: womb destroyer|0 fnt\n|faint|p2a: womb destroyer\n|\n|upkeep\n|\n|t:|1699072005\n|switch|p2a: saco wea|Keldeo-Resolute, shiny|100\/100\n|turn|19\n|\n|t:|1699072035\n|switch|p1a: Landorus|Landorus-Therian, M|100\/100\n|-ability|p1a: Landorus|Intimidate|boost\n|-unboost|p2a: saco wea|atk|1\n|move|p2a: saco wea|Secret Sword|p1a: Landorus\n|-resisted|p1a: Landorus\n|-damage|p1a: Landorus|50\/100\n|\n|upkeep\n|turn|20\n|\n|t:|1699072062\n|switch|p2a: giratina|Alomomola, M, shiny|98\/100\n|move|p1a: Landorus|Earthquake|p2a: giratina\n|-damage|p2a: giratina|66\/100\n|\n|-heal|p2a: giratina|73\/100|[from] item: Leftovers\n|upkeep\n|turn|21\n|\n|t:|1699072071\n|move|p1a: Landorus|Knock Off|p2a: giratina\n|-damage|p2a: giratina|53\/100\n|-enditem|p2a: giratina|Leftovers|[from] move: Knock Off|[of] p1a: Landorus\n|move|p2a: giratina|Wish|p2a: giratina\n|\n|upkeep\n|turn|22\n|\n|t:|1699072080\n|move|p1a: Landorus|U-turn|p2a: giratina\n|-damage|p2a: giratina|38\/100\n|\n|t:|1699072085\n|switch|p1a: Hydreigon|Hydreigon, M|93\/100|[from] U-turn\n|move|p2a: giratina|Scald|p1a: Hydreigon\n|-resisted|p1a: Hydreigon\n|-crit|p1a: Hydreigon\n|-damage|p1a: Hydreigon|83\/100\n|\n|-heal|p2a: giratina|88\/100|[from] move: Wish|[wisher] giratina\n|upkeep\n|turn|23\n|\n|t:|1699072103\n|move|p2a: giratina|Protect|p2a: giratina\n|-singleturn|p2a: giratina|Protect\n|move|p1a: Hydreigon|Draco Meteor|p2a: giratina\n|-activate|p2a: giratina|move: Protect\n|\n|upkeep\n|turn|24\n|\n|t:|1699072173\n|switch|p2a: Ferro Pariente|Ferrothorn, M, shiny|27\/100\n|move|p1a: Hydreigon|Draco Meteor|p2a: Ferro Pariente\n|-resisted|p2a: Ferro Pariente\n|-damage|p2a: Ferro Pariente|0 fnt\n|-unboost|p1a: Hydreigon|spa|2\n|faint|p2a: Ferro Pariente\n|\n|upkeep\n|\n|t:|1699072230\n|switch|p2a: saco wea|Keldeo-Resolute, shiny|100\/100\n|turn|25\n|\n|t:|1699072244\n|switch|p1a: Landorus|Landorus-Therian, M|50\/100\n|-ability|p1a: Landorus|Intimidate|boost\n|-unboost|p2a: saco wea|atk|1\n|move|p2a: saco wea|Secret Sword|p1a: Landorus\n|-resisted|p1a: Landorus\n|-damage|p1a: Landorus|0 fnt\n|faint|p1a: Landorus\n|\n|upkeep\n|\n|t:|1699072264\n|switch|p1a: Krookodile|Krookodile, M|100\/100\n|turn|26\n|\n|t:|1699072298\n|move|p1a: Krookodile|Close Combat|p2a: saco wea\n|-damage|p2a: saco wea|59\/100\n|-unboost|p1a: Krookodile|def|1\n|-unboost|p1a: Krookodile|spd|1\n|move|p2a: saco wea|Secret Sword|p1a: Krookodile\n|-supereffective|p1a: Krookodile\n|-damage|p1a: Krookodile|0 fnt\n|faint|p1a: Krookodile\n|\n|upkeep\n|\n|t:|1699072387\n|switch|p1a: rama|Conkeldurr, M|64\/100 brn\n|turn|27\n|\n|t:|1699072465\n|move|p1a: rama|Mach Punch|p2a: saco wea\n|-damage|p2a: saco wea|20\/100\n|move|p2a: saco wea|Secret Sword|p1a: rama\n|-damage|p1a: rama|0 fnt\n|faint|p1a: rama\n|\n|upkeep\n|\n|t:|1699072477\n|switch|p1a: gael|Darmanitan, M|100\/100\n|turn|28\n|\n|t:|1699072491\n|move|p2a: saco wea|Secret Sword|p1a: gael\n|-damage|p1a: gael|0 fnt\n|faint|p1a: gael\n|\n|upkeep\n|c|\u2606tomi7002|gg\n|\n|t:|1699072497\n|switch|p1a: Hydreigon|Hydreigon, M|83\/100\n|turn|29\n|c|\u2606HellSinky|gg\n|\n|t:|1699072500\n|move|p2a: saco wea|Secret Sword|p1a: Hydreigon\n|-supereffective|p1a: Hydreigon\n|-damage|p1a: Hydreigon|0 fnt\n|faint|p1a: Hydreigon\n|\n|win|HellSinky\n|l|\u2606tomi7002\n|l| zSlowKiller\n","uploadtime":1699072506,"views":11,"p1id":"tomi7002","p2id":"hellsinky","formatid":"gen9anythinggoes","rating":0,"private":0,"password":""}