{"id":"radicalred-gen9anythinggoes-544597","p1":"Blankeeee","p2":"fucsiada","format":"[Gen 9] Anything Goes","log":"|j|\u2606Blankeeee\n|j|\u2606fucsiada\n|t:|1699631154\n|gametype|singles\n|player|p1|Blankeeee|169|\n|player|p2|fucsiada|rr-marshadow|\n|teamsize|p1|6\n|teamsize|p2|6\n|gen|9\n|tier|[Gen 9] Anything Goes\n|rule|HP Percentage Mod: HP is shown in percentages\n|rule|Endless Battle Clause: Forcing endless battles is banned\n|clearpoke\n|poke|p1|Lunala|\n|poke|p1|Politoed, F|\n|poke|p1|Beartic, F|\n|poke|p1|Throh, M|\n|poke|p1|Tinkaton, F|\n|poke|p1|Mawile, M|\n|poke|p2|Coalossal, M|\n|poke|p2|Celesteela|\n|poke|p2|Wailord, M|\n|poke|p2|Rillaboom, F|\n|poke|p2|Typhlosion-Hisui, F|\n|poke|p2|Mienshao, M|\n|teampreview\n|j| don7\n|j| BauerBob\n|c|\u2606Blankeeee|!dt coalosal-mega\nNo Pok\u00e9mon, item, move, ability or nature named 'coalosal-mega' was found. Showing the data of 'Coalossal-Mega' instead.\n|raw|<div class=\"message\"><ul class=\"utilichart\"><li class=\"result\"><span class=\"col numcol\">NU<\/span> <span class=\"col iconcol\"><psicon pokemon=\"coalossalmega\"\/><\/span> <span class=\"col pokemonnamecol\" style=\"white-space:nowrap\"><a href=\"https:\/\/dex.radicalred.net\/pokemon\/coalossalmega\" target=\"_blank\">Coalossal-Mega<\/a><\/span> <span class=\"col typecol\"><img src=\"https:\/\/play.radicalred.net\/sprites\/types\/Steel.png\" alt=\"Steel\" height=\"14\" width=\"32\"><img src=\"https:\/\/play.radicalred.net\/sprites\/types\/Fire.png\" alt=\"Fire\" height=\"14\" width=\"32\"><\/span> <span style=\"float:left;min-height:26px\"><span class=\"col abilitycol\">Mountaineer<\/span><span class=\"col abilitycol\"><\/span><\/span><span style=\"float:left;min-height:26px\"><span class=\"col statcol\"><em>HP<\/em><br \/>110<\/span> <span class=\"col statcol\"><em>Atk<\/em><br \/>80<\/span> <span class=\"col statcol\"><em>Def<\/em><br \/>125<\/span> <span class=\"col statcol\"><em>SpA<\/em><br \/>125<\/span> <span class=\"col statcol\"><em>SpD<\/em><br \/>105<\/span> <span class=\"col statcol\"><em>Spe<\/em><br \/>45<\/span> <span class=\"col bstcol\"><em>BST<br \/>590<\/em><\/span> <\/span><\/li><li style=\"clear:both\"><\/li><\/ul><\/div>\n|raw|<font size=\"1\"><font color=\"#686868\">Dex#:<\/font> 839&nbsp;|&ThickSpace;<font color=\"#686868\">Gen:<\/font> 8&nbsp;|&ThickSpace;<font color=\"#686868\">Height:<\/font> 2.8 m&nbsp;|&ThickSpace;<font color=\"#686868\">Weight:<\/font> 310.5 kg <em>(120 BP)<\/em>&nbsp;|&ThickSpace;<font color=\"#686868\">G-Max Move:<\/font> G-Max Volcalith&nbsp;|&ThickSpace;<font color=\"#686868\">Dex Colour:<\/font> Black&nbsp;|&ThickSpace;<font color=\"#686868\">Egg Group(s):<\/font> Mineral&nbsp;|&ThickSpace;<font color=\"#686868\">Does Not Evolve<\/font><\/font>\n\n|c|\u2606Blankeeee|!dt mountaineer\n|raw|<ul class=\"utilichart\"><li class=\"result\"><span class=\"col namecol\"><a href=\"https:\/\/dex.radicalred.net\/abilities\/mountaineer\">Mountaineer<\/a><\/span> <span class=\"col abilitydesccol\">This Pokemon is immune to Rock; Avoids Stealth Rock.<\/span> <\/li><li style=\"clear:both\"><\/li><\/ul>\n|raw|<font size=\"1\"><font color=\"#686868\">Gen:<\/font> 8&nbsp;|&ThickSpace;&#10003; Ignored by Mold Breaker<\/font>\n\n|\n|t:|1699631244\n|start\n|switch|p1a: Tinkaton|Tinkaton, F|100\/100\n|switch|p2a: Rillaboom|Rillaboom, F|100\/100\n|-ability|p1a: Tinkaton|Mold Breaker\n|-fieldstart|move: Grassy Terrain|[from] ability: Grassy Surge|[of] p2a: Rillaboom\n|turn|1\n|j| ANDWQ\n|\n|t:|1699631254\n|move|p1a: Tinkaton|Reflect|p1a: Tinkaton\n|-sidestart|p1: Blankeeee|Reflect\n|move|p2a: Rillaboom|Swords Dance|p2a: Rillaboom\n|-boost|p2a: Rillaboom|atk|2\n|\n|upkeep\n|turn|2\n|\n|t:|1699631286\n|move|p1a: Tinkaton|Thunder Wave|p2a: Rillaboom|[miss]\n|-miss|p1a: Tinkaton|p2a: Rillaboom\n|move|p2a: Rillaboom|Swords Dance|p2a: Rillaboom\n|-boost|p2a: Rillaboom|atk|2\n|\n|upkeep\n|turn|3\n|j| yharimjungletyrant\n|\n|t:|1699631347\n|move|p1a: Tinkaton|Thunder Wave|p2a: Rillaboom\n|-status|p2a: Rillaboom|par\n|move|p2a: Rillaboom|Swords Dance|p2a: Rillaboom\n|-boost|p2a: Rillaboom|atk|2\n|\n|upkeep\n|turn|4\n|\n|t:|1699631354\n|move|p1a: Tinkaton|Gigaton Hammer|p2a: Rillaboom\n|-damage|p2a: Rillaboom|56\/100 par\n|move|p2a: Rillaboom|Drain Punch|p1a: Tinkaton\n|-damage|p1a: Tinkaton|46\/100\n|-heal|p2a: Rillaboom|82\/100 par|[from] drain|[of] p1a: Tinkaton\n|\n|-heal|p1a: Tinkaton|52\/100|[from] Grassy Terrain\n|-heal|p2a: Rillaboom|88\/100 par|[from] Grassy Terrain\n|upkeep\n|turn|5\n|\n|t:|1699631370\n|switch|p1a: Lunala|Lunala, shiny|100\/100\n|move|p2a: Rillaboom|Knock Off|p1a: Lunala\n|-supereffective|p1a: Lunala\n|-damage|p1a: Lunala|0 fnt\n|-enditem|p1a: Lunala|Heavy-Duty Boots|[from] move: Knock Off|[of] p2a: Rillaboom\n|faint|p1a: Lunala\n|\n|-heal|p2a: Rillaboom|94\/100 par|[from] Grassy Terrain\n|-fieldend|move: Grassy Terrain\n|upkeep\n|\n|t:|1699631399\n|switch|p1a: Beartic|Beartic, F, shiny|100\/100\n|turn|6\n|j| teri_maa ka bsda\n|l| teri_maa ka bsda\n|\n|t:|1699631438\n|move|p1a: Beartic|Ice Hammer|p2a: Rillaboom\n|-supereffective|p2a: Rillaboom\n|-damage|p2a: Rillaboom|0 fnt\n|faint|p2a: Rillaboom\n|\n|upkeep\n|\n|t:|1699631461\n|switch|p2a: Typhlosion|Typhlosion-Hisui, F|100\/100\n|turn|7\n|\n|t:|1699631500\n|switch|p2a: Mienshao|Mienshao, M|100\/100\n|switch|p1a: Politoed|Politoed, F, shiny|100\/100\n|-weather|RainDance|[from] ability: Drizzle|[of] p1a: Politoed\n|\n|-weather|RainDance|[upkeep]\n|upkeep\n|turn|8\n|\n|t:|1699631507\n|move|p2a: Mienshao|Agility|p2a: Mienshao\n|-boost|p2a: Mienshao|spe|2\n|move|p1a: Politoed|Flip Turn|p2a: Mienshao\n|-damage|p2a: Mienshao|64\/100\n|\n|t:|1699631525\n|switch|p1a: Mawile|Mawile, M, shiny|100\/100|[from] Flip Turn\n|-ability|p1a: Mawile|Intimidate|boost\n|-unboost|p2a: Mienshao|atk|1\n|\n|-weather|RainDance|[upkeep]\n|-sideend|p1: Blankeeee|Reflect\n|upkeep\n|turn|9\n|\n|t:|1699631550\n|switch|p2a: Coalossal|Coalossal, M|100\/100\n|detailschange|p1a: Mawile|Mawile-Mega, M, shiny\n|-mega|p1a: Mawile|Mawile|Mawilite\n|move|p1a: Mawile|Psychic Fangs|p2a: Coalossal\n|-damage|p2a: Coalossal|72\/100\n|\n|-weather|RainDance|[upkeep]\n|upkeep\n|turn|10\n|\n|t:|1699631575\n|switch|p1a: Throh|Throh, M, shiny|100\/100\n|move|p2a: Coalossal|Stealth Rock|p1a: Throh\n|-sidestart|p1: Blankeeee|move: Stealth Rock\n|\n|-weather|RainDance|[upkeep]\n|upkeep\n|turn|11\n|l| yharimjungletyrant\n|\n|t:|1699631633\n|detailschange|p2a: Coalossal|Coalossal-Mega, M\n|-mega|p2a: Coalossal|Coalossal|Coalossite\n|move|p1a: Throh|Bulk Up|p1a: Throh\n|-boost|p1a: Throh|atk|1\n|-boost|p1a: Throh|def|1\n|move|p2a: Coalossal|Toxic|p1a: Throh\n|-status|p1a: Throh|tox\n|\n|-weather|RainDance|[upkeep]\n|-damage|p1a: Throh|94\/100 tox|[from] psn\n|upkeep\n|turn|12\n|\n|t:|1699631641\n|switch|p2a: Typhlosion|Typhlosion-Hisui, F|100\/100\n|move|p1a: Throh|Storm Throw|p2a: Typhlosion\n|-immune|p2a: Typhlosion\n|\n|-weather|RainDance|[upkeep]\n|-damage|p1a: Throh|82\/100 tox|[from] psn\n|upkeep\n|turn|13\n|\n|t:|1699631668\n|move|p2a: Typhlosion|Shadow Ball|p1a: Throh\n|-damage|p1a: Throh|59\/100 tox\n|move|p1a: Throh|Assurance|p2a: Typhlosion\n|-supereffective|p2a: Typhlosion\n|-damage|p2a: Typhlosion|4\/100\n|\n|-weather|RainDance|[upkeep]\n|-damage|p1a: Throh|41\/100 tox|[from] psn\n|upkeep\n|turn|14\n|\n|t:|1699631721\n|switch|p2a: Coalossal|Coalossal-Mega, M|72\/100\n|move|p1a: Throh|Rest|p1a: Throh\n|-status|p1a: Throh|slp|[from] move: Rest\n|-heal|p1a: Throh|100\/100 slp|[silent]\n|-enditem|p1a: Throh|Chesto Berry|[eat]\n|-curestatus|p1a: Throh|slp|[msg]\n|\n|-weather|none\n|upkeep\n|turn|15\n|\n|t:|1699631765\n|switch|p2a: Wailord|Wailord, M|100\/100\n|move|p1a: Throh|Storm Throw|p2a: Wailord\n|-crit|p2a: Wailord\n|-damage|p2a: Wailord|73\/100\n|\n|upkeep\n|turn|16\n|\n|t:|1699631798\n|switch|p2a: Typhlosion|Typhlosion-Hisui, F|4\/100\n|move|p1a: Throh|Storm Throw|p2a: Typhlosion\n|-immune|p2a: Typhlosion\n|\n|upkeep\n|turn|17\n|\n|t:|1699631806\n|move|p2a: Typhlosion|Trick|p1a: Throh\n|-activate|p2a: Typhlosion|move: Trick|[of] p1a: Throh\n|-item|p1a: Throh|Choice Scarf|[from] move: Trick\n|-enditem|p2a: Typhlosion|Choice Scarf|[silent]|[from] move: Trick\n|move|p1a: Throh|Assurance|p2a: Typhlosion\n|-supereffective|p2a: Typhlosion\n|-damage|p2a: Typhlosion|0 fnt\n|faint|p2a: Typhlosion\n|\n|upkeep\n|\n|t:|1699631876\n|switch|p2a: Celesteela|Celesteela|100\/100\n|turn|18\n|\n|t:|1699631892\n|switch|p2a: Mienshao|Mienshao, M|64\/100\n|switch|p1a: Politoed|Politoed, F, shiny|100\/100\n|-damage|p1a: Politoed|88\/100|[from] Stealth Rock\n|-weather|RainDance|[from] ability: Drizzle|[of] p1a: Politoed\n|\n|-weather|RainDance|[upkeep]\n|upkeep\n|turn|19\n|\n|t:|1699631911\n|move|p2a: Mienshao|High Jump Kick|p1a: Politoed\n|-damage|p1a: Politoed|10\/100\n|move|p1a: Politoed|Scald|p2a: Mienshao\n|-damage|p2a: Mienshao|0 fnt\n|faint|p2a: Mienshao\n|\n|-weather|RainDance|[upkeep]\n|upkeep\n|\n|t:|1699632012\n|switch|p2a: Wailord|Wailord, M|73\/100\n|turn|20\n|\n|t:|1699632016\n|move|p1a: Politoed|Toxic|p2a: Wailord\n|-status|p2a: Wailord|tox\n|move|p2a: Wailord|Bouncy Bubble|p1a: Politoed\n|-resisted|p1a: Politoed\n|-damage|p1a: Politoed|0 fnt\n|-heal|p2a: Wailord|76\/100 tox|[from] drain|[of] p1a: Politoed\n|faint|p1a: Politoed\n|\n|-weather|RainDance|[upkeep]\n|-damage|p2a: Wailord|70\/100 tox|[from] psn\n|upkeep\n|\n|t:|1699632074\n|switch|p1a: Beartic|Beartic, F, shiny|100\/100\n|-damage|p1a: Beartic|88\/100|[from] Stealth Rock\n|turn|21\n|\n|t:|1699632083\n|move|p1a: Beartic|Swords Dance|p1a: Beartic\n|-boost|p1a: Beartic|atk|2\n|move|p2a: Wailord|Rest|p2a: Wailord\n|-status|p2a: Wailord|slp|[from] move: Rest\n|-heal|p2a: Wailord|100\/100 slp|[silent]\n|-enditem|p2a: Wailord|Chesto Berry|[eat]\n|-curestatus|p2a: Wailord|slp|[msg]\n|\n|-weather|RainDance|[upkeep]\n|upkeep\n|turn|22\n|\n|t:|1699632091\n|move|p1a: Beartic|Ice Hammer|p2a: Wailord\n|-resisted|p2a: Wailord\n|-damage|p2a: Wailord|76\/100\n|move|p2a: Wailord|Water Spout|p1a: Beartic\n|-damage|p1a: Beartic|0 fnt\n|faint|p1a: Beartic\n|\n|-weather|RainDance|[upkeep]\n|upkeep\n|\n|t:|1699632113\n|switch|p1a: Tinkaton|Tinkaton, F|52\/100\n|-damage|p1a: Tinkaton|46\/100|[from] Stealth Rock\n|-ability|p1a: Tinkaton|Mold Breaker\n|turn|23\n|\n|t:|1699632123\n|move|p1a: Tinkaton|Light Screen|p1a: Tinkaton\n|-sidestart|p1: Blankeeee|move: Light Screen\n|move|p2a: Wailord|Water Spout|p1a: Tinkaton\n|-damage|p1a: Tinkaton|17\/100\n|\n|-weather|RainDance|[upkeep]\n|upkeep\n|turn|24\n|\n|t:|1699632134\n|move|p1a: Tinkaton|Thunder Wave|p2a: Wailord\n|-status|p2a: Wailord|par\n|move|p2a: Wailord|Rest|p2a: Wailord\n|-status|p2a: Wailord|slp|[from] move: Rest\n|-heal|p2a: Wailord|100\/100 slp|[silent]\n|\n|-weather|RainDance|[upkeep]\n|upkeep\n|turn|25\n|\n|t:|1699632140\n|move|p1a: Tinkaton|Gigaton Hammer|p2a: Wailord\n|-resisted|p2a: Wailord\n|-damage|p2a: Wailord|82\/100 slp\n|cant|p2a: Wailord|slp\n|\n|-weather|none\n|upkeep\n|turn|26\n|\n|t:|1699632151\n|switch|p1a: Throh|Throh, M, shiny|100\/100\n|-damage|p1a: Throh|94\/100|[from] Stealth Rock\n|cant|p2a: Wailord|slp\n|\n|upkeep\n|turn|27\n|\n|t:|1699632173\n|move|p1a: Throh|Storm Throw|p2a: Wailord\n|-crit|p2a: Wailord\n|-damage|p2a: Wailord|43\/100 slp\n|-curestatus|p2a: Wailord|slp|[msg]\n|move|p2a: Wailord|Rest|p2a: Wailord\n|-status|p2a: Wailord|slp|[from] move: Rest\n|-heal|p2a: Wailord|100\/100 slp|[silent]\n|\n|upkeep\n|turn|28\n|l| ANDWQ\n|\n|t:|1699632185\n|move|p1a: Throh|Storm Throw|p2a: Wailord\n|-crit|p2a: Wailord\n|-damage|p2a: Wailord|81\/100 slp\n|cant|p2a: Wailord|slp\n|\n|upkeep\n|turn|29\n|\n|t:|1699632196\n|move|p1a: Throh|Storm Throw|p2a: Wailord\n|-crit|p2a: Wailord\n|-damage|p2a: Wailord|44\/100 slp\n|cant|p2a: Wailord|slp\n|\n|upkeep\n|turn|30\n|\n|t:|1699632202\n|move|p1a: Throh|Storm Throw|p2a: Wailord\n|-crit|p2a: Wailord\n|-damage|p2a: Wailord|3\/100 slp\n|-curestatus|p2a: Wailord|slp|[msg]\n|move|p2a: Wailord|Rest|p2a: Wailord\n|-status|p2a: Wailord|slp|[from] move: Rest\n|-heal|p2a: Wailord|100\/100 slp|[silent]\n|\n|-sideend|p1: Blankeeee|move: Light Screen\n|upkeep\n|turn|31\n|\n|t:|1699632208\n|move|p1a: Throh|Storm Throw|p2a: Wailord\n|-crit|p2a: Wailord\n|-damage|p2a: Wailord|83\/100 slp\n|cant|p2a: Wailord|slp\n|\n|upkeep\n|turn|32\n|\n|t:|1699632212\n|move|p1a: Throh|Storm Throw|p2a: Wailord\n|-crit|p2a: Wailord\n|-damage|p2a: Wailord|45\/100 slp\n|cant|p2a: Wailord|slp\n|\n|upkeep\n|turn|33\n|\n|t:|1699632233\n|move|p1a: Throh|Storm Throw|p2a: Wailord\n|-crit|p2a: Wailord\n|-damage|p2a: Wailord|8\/100 slp\n|-curestatus|p2a: Wailord|slp|[msg]\n|move|p2a: Wailord|Rest|p2a: Wailord\n|-status|p2a: Wailord|slp|[from] move: Rest\n|-heal|p2a: Wailord|100\/100 slp|[silent]\n|\n|upkeep\n|turn|34\n|\n|t:|1699632241\n|switch|p1a: Mawile|Mawile-Mega, M, shiny|100\/100\n|-damage|p1a: Mawile|95\/100|[from] Stealth Rock\n|cant|p2a: Wailord|slp\n|\n|upkeep\n|turn|35\n|\n|t:|1699632251\n|switch|p2a: Coalossal|Coalossal-Mega, M|72\/100\n|move|p1a: Mawile|Swords Dance|p1a: Mawile\n|-boost|p1a: Mawile|atk|2\n|\n|upkeep\n|turn|36\n|\n|t:|1699632275\n|move|p1a: Mawile|Sucker Punch|p2a: Coalossal\n|-damage|p2a: Coalossal|24\/100\n|move|p2a: Coalossal|Gyro Ball|p1a: Mawile\n|-damage|p1a: Mawile|83\/100\n|\n|upkeep\n|turn|37\n|\n|t:|1699632293\n|switch|p2a: Wailord|Wailord, M|100\/100 slp\n|move|p1a: Mawile|Double Iron Bash|p2a: Wailord\n|-resisted|p2a: Wailord\n|-damage|p2a: Wailord|78\/100 slp\n|-resisted|p2a: Wailord\n|-damage|p2a: Wailord|30\/100 slp\n|-hitcount|p2a: Wailord|2\n|\n|upkeep\n|turn|38\n|\n|t:|1699632300\n|move|p1a: Mawile|Double Iron Bash|p2a: Wailord\n|-resisted|p2a: Wailord\n|-damage|p2a: Wailord|0 fnt\n|faint|p2a: Wailord\n|-hitcount|p2: Wailord|1\n|\n|upkeep\n|\n|t:|1699632308\n|switch|p2a: Celesteela|Celesteela|100\/100\n|turn|39\n|\n|t:|1699632316\n|move|p2a: Celesteela|Autotomize|p2a: Celesteela\n|-boost|p2a: Celesteela|spe|2\n|-start|p2a: Celesteela|Autotomize\n|move|p1a: Mawile|Double Iron Bash|p2a: Celesteela\n|-resisted|p2a: Celesteela\n|-damage|p2a: Celesteela|47\/100\n|-resisted|p2a: Celesteela\n|-damage|p2a: Celesteela|2\/100\n|-hitcount|p2a: Celesteela|2\n|\n|upkeep\n|turn|40\n|\n|t:|1699632329\n|move|p2a: Celesteela|Autotomize|p2a: Celesteela\n|-boost|p2a: Celesteela|spe|2\n|-start|p2a: Celesteela|Autotomize\n|move|p1a: Mawile|Double Iron Bash|p2a: Celesteela\n|-resisted|p2a: Celesteela\n|-damage|p2a: Celesteela|0 fnt\n|faint|p2a: Celesteela\n|-hitcount|p2: Celesteela|1\n|\n|upkeep\n|\n|t:|1699632343\n|switch|p2a: Coalossal|Coalossal-Mega, M|24\/100\n|turn|41\n|\n|t:|1699632352\n|move|p1a: Mawile|Sucker Punch|p2a: Coalossal\n|-damage|p2a: Coalossal|0 fnt\n|faint|p2a: Coalossal\n|\n|win|Blankeeee\n|l|\u2606Blankeeee\n","uploadtime":1699632363,"views":5,"p1id":"blankeeee","p2id":"fucsiada","formatid":"gen9anythinggoes","rating":0,"private":0,"password":""}