{"id":"radicalred-gen9anythinggoes-538111","p1":"0LuckEVs","p2":"Mr cyphon","format":"[Gen 9] Anything Goes","log":"|j|\u26060LuckEVs\n|j|\u2606Mr cyphon\n|t:|1698356841\n|gametype|singles\n|player|p1|0LuckEVs|rr-infernape|\n|player|p2|Mr cyphon|rr-beedrillmega|\n|teamsize|p1|6\n|teamsize|p2|6\n|gen|9\n|tier|[Gen 9] Anything Goes\n|rule|HP Percentage Mod: HP is shown in percentages\n|rule|Endless Battle Clause: Forcing endless battles is banned\n|clearpoke\n|poke|p1|Lycanroc-Midnight, F|\n|poke|p1|Pangoro, M|\n|poke|p1|Klinklang|\n|poke|p1|Poliwrath, M|\n|poke|p1|Abomasnow, M|\n|poke|p1|Audino, M|\n|poke|p2|Druddigon, F|\n|poke|p2|Volbeat, M|\n|poke|p2|Slurpuff, M|\n|poke|p2|Raichu, M|\n|poke|p2|Heatmor, F|\n|poke|p2|Kingler, F|\n|teampreview\n|c|\u26060LuckEVs|not the same team but i think its close\n|c|\u2606Mr cyphon|so this team is a experimental tem\n|c|\u2606Mr cyphon|team\n|c|\u2606Mr cyphon|mmm\n|c|\u26060LuckEVs|well it's an experimental tier\n|c|\u2606Mr cyphon|all i remember you having was klinklang and lycnroc\n|c|\u2606Mr cyphon|fair\n|c|\u2606Mr cyphon|have fun\n|inactive|Battle timer is ON: inactive players will automatically lose when time's up. (requested by Mr cyphon)\n|\n|t:|1698356886\n|start\n|switch|p1a: Lycanroc|Lycanroc-Midnight, F|100\/100\n|switch|p2a: Kingler|Kingler, F|100\/100\n|turn|1\n|c|\u26060LuckEVs|yeah those are pretty strong\n|\n|t:|1698356894\n|move|p2a: Kingler|Meteor Mash|p1a: Lycanroc\n|-supereffective|p1a: Lycanroc\n|-enditem|p1a: Lycanroc|Focus Sash\n|-damage|p1a: Lycanroc|1\/100\n|move|p1a: Lycanroc|Sing|p2a: Kingler\n|-status|p2a: Kingler|slp|[from] move: Sing\n|\n|upkeep\n|turn|2\n|\n|t:|1698356901\n|cant|p2a: Kingler|slp\n|move|p1a: Lycanroc|Stone Axe|p2a: Kingler\n|-damage|p2a: Kingler|62\/100 slp\n|-sidestart|p2: Mr cyphon|move: Stealth Rock\n|\n|upkeep\n|turn|3\n|\n|t:|1698356907\n|cant|p2a: Kingler|slp\n|move|p1a: Lycanroc|Head Smash|p2a: Kingler\n|-damage|p2a: Kingler|0 fnt\n|faint|p2a: Kingler\n|-damage|p1a: Lycanroc|0 fnt|[from] Recoil\n|faint|p1a: Lycanroc\n|\n|upkeep\n|\n|t:|1698356922\n|switch|p1a: Klinklang|Klinklang|100\/100\n|switch|p2a: Volbeat|Volbeat, M|100\/100\n|turn|4\n|c|\u2606Mr cyphon|i should've went for flip turn\n|inactive|0LuckEVs has 270 seconds left.\n|c|\u26060LuckEVs|sweet veil slurpuff?\n|\n|t:|1698356960\n|move|p2a: Volbeat|Thunder Wave|p1a: Klinklang\n|-status|p1a: Klinklang|par\n|cant|p1a: Klinklang|par\n|\n|upkeep\n|turn|5\n|c|\u2606Mr cyphon|im not telling you\n|\n|t:|1698356968\n|switch|p1a: Audino|Audino, M|100\/100\n|move|p2a: Volbeat|Defog|p1a: Audino\n|-unboost|p1a: Audino|evasion|1\n|-sideend|p2: Mr cyphon|Stealth Rock|[from] move: Defog|[of] p2a: Volbeat\n|\n|upkeep\n|turn|6\n|inactive|0LuckEVs has 270 seconds left.\n|\n|t:|1698356973\n|move|p2a: Volbeat|Volt Switch|p1a: Audino\n|-damage|p1a: Audino|80\/100\n|\n|t:|1698356979\n|switch|p2a: Heatmor|Heatmor, F|100\/100|[from] Volt Switch\n|move|p1a: Audino|Heal Bell|p1a: Audino\n|-activate|p1a: Audino|move: Heal Bell\n|-curestatus|p1: Klinklang|par|[msg]\n|\n|-heal|p1a: Audino|87\/100|[from] item: Leftovers\n|upkeep\n|turn|7\n|\n|t:|1698356987\n|move|p2a: Heatmor|Focus Blast|p1a: Audino\n|-supereffective|p1a: Audino\n|-damage|p1a: Audino|24\/100\n|-unboost|p1a: Audino|spd|1\n|move|p1a: Audino|Teleport|p1a: Audino\n|\n|t:|1698356993\n|switch|p1a: Poliwrath|Poliwrath, M|100\/100|[from] Teleport\n|\n|upkeep\n|turn|8\n|\n|t:|1698356998\n|move|p2a: Heatmor|Will-O-Wisp|p1a: Poliwrath\n|-status|p1a: Poliwrath|brn\n|move|p1a: Poliwrath|Surging Strikes|p2a: Heatmor\n|-supereffective|p2a: Heatmor\n|-crit|p2a: Heatmor\n|-damage|p2a: Heatmor|71\/100\n|-supereffective|p2a: Heatmor\n|-crit|p2a: Heatmor\n|-damage|p2a: Heatmor|44\/100\n|-supereffective|p2a: Heatmor\n|-crit|p2a: Heatmor\n|-damage|p2a: Heatmor|20\/100\n|-hitcount|p2a: Heatmor|3\n|\n|-damage|p1a: Poliwrath|94\/100 brn|[from] brn\n|upkeep\n|turn|9\n|\n|t:|1698357006\n|move|p1a: Poliwrath|Jet Punch|p2a: Heatmor\n|-supereffective|p2a: Heatmor\n|-damage|p2a: Heatmor|0 fnt\n|faint|p2a: Heatmor\n|\n|-damage|p1a: Poliwrath|88\/100 brn|[from] brn\n|upkeep\n|\n|t:|1698357015\n|switch|p2a: Raichu|Raichu, M|100\/100\n|turn|10\n|\n|t:|1698357019\n|switch|p1a: Abomasnow|Abomasnow, M|100\/100\n|-weather|Snow|[from] ability: Snow Warning|[of] p1a: Abomasnow\n|move|p2a: Raichu|Thunderbolt|p1a: Abomasnow\n|-resisted|p1a: Abomasnow\n|-damage|p1a: Abomasnow|81\/100\n|\n|-weather|Snow|[upkeep]\n|upkeep\n|turn|11\n|\n|t:|1698357026\n|move|p2a: Raichu|Focus Blast|p1a: Abomasnow\n|-supereffective|p1a: Abomasnow\n|-damage|p1a: Abomasnow|16\/100\n|move|p1a: Abomasnow|Aurora Veil|p1a: Abomasnow\n|-sidestart|p1: 0LuckEVs|move: Aurora Veil\n|\n|-weather|Snow|[upkeep]\n|upkeep\n|turn|12\n|c|\u2606Mr cyphon|your team is very weak to fighting\n|\n|t:|1698357042\n|move|p2a: Raichu|Focus Blast|p1a: Abomasnow|[miss]\n|-miss|p2a: Raichu|p1a: Abomasnow\n|move|p1a: Abomasnow|Blizzard|p2a: Raichu\n|-damage|p2a: Raichu|25\/100\n|\n|-weather|Snow|[upkeep]\n|upkeep\n|turn|13\n|c|\u26060LuckEVs|yeah i just realized that lol\n|\n|t:|1698357057\n|move|p2a: Raichu|Thunderbolt|p1a: Abomasnow\n|-resisted|p1a: Abomasnow\n|-damage|p1a: Abomasnow|6\/100\n|move|p1a: Abomasnow|Blizzard|p2a: Raichu\n|-damage|p2a: Raichu|0 fnt\n|faint|p2a: Raichu\n|\n|-weather|Snow|[upkeep]\n|upkeep\n|\n|t:|1698357065\n|switch|p2a: Druddigon|Druddigon, F|100\/100\n|turn|14\n|\n|t:|1698357068\n|move|p2a: Druddigon|Sucker Punch|p1a: Abomasnow\n|-damage|p1a: Abomasnow|0 fnt\n|faint|p1a: Abomasnow\n|-damage|p2a: Druddigon|91\/100|[from] item: Life Orb\n|\n|-weather|none\n|upkeep\n|\n|t:|1698357074\n|switch|p1a: Klinklang|Klinklang|100\/100\n|turn|15\n|c|\u2606Mr cyphon|have you seen any types that is good against my team?\n|\n|t:|1698357100\n|move|p1a: Klinklang|Shift Gear|p1a: Klinklang\n|-boost|p1a: Klinklang|spe|2\n|-boost|p1a: Klinklang|atk|1\n|move|p2a: Druddigon|Crunch|p1a: Klinklang\n|-damage|p1a: Klinklang|73\/100\n|\n|upkeep\n|turn|16\n|c|\u2606Mr cyphon|have you noticed any types that is good against my team?\n|c|\u26060LuckEVs|not like a singular type not really\n|\n|t:|1698357121\n|move|p1a: Klinklang|Gear Grind|p2a: Druddigon\n|-damage|p2a: Druddigon|34\/100\n|-crit|p2a: Druddigon\n|-damage|p2a: Druddigon|0 fnt\n|faint|p2a: Druddigon\n|-hitcount|p2: Druddigon|2\n|\n|upkeep\n|c|\u2606Mr cyphon|ok\n|\n|t:|1698357127\n|switch|p2a: Volbeat|Volbeat, M|100\/100\n|turn|17\n|\n|t:|1698357131\n|move|p2a: Volbeat|Thunder Wave|p1a: Klinklang\n|-status|p1a: Klinklang|par\n|move|p1a: Klinklang|Gear Grind|p2a: Volbeat\n|-resisted|p2a: Volbeat\n|-damage|p2a: Volbeat|64\/100\n|-resisted|p2a: Volbeat\n|-damage|p2a: Volbeat|23\/100\n|-hitcount|p2a: Volbeat|2\n|\n|upkeep\n|turn|18\n|\n|t:|1698357140\n|move|p2a: Volbeat|Bug Buzz|p1a: Klinklang\n|-resisted|p1a: Klinklang\n|-damage|p1a: Klinklang|59\/100 par\n|move|p1a: Klinklang|Gear Grind|p2a: Volbeat\n|-resisted|p2a: Volbeat\n|-damage|p2a: Volbeat|0 fnt\n|faint|p2a: Volbeat\n|-hitcount|p2: Volbeat|1\n|\n|-sideend|p1: 0LuckEVs|move: Aurora Veil\n|upkeep\n|\n|t:|1698357143\n|switch|p2a: Slurpuff|Slurpuff, M|100\/100\n|turn|19\n|\n|t:|1698357150\n|move|p1a: Klinklang|Gear Grind|p2a: Slurpuff\n|-supereffective|p2a: Slurpuff\n|-damage|p2a: Slurpuff|0 fnt\n|faint|p2a: Slurpuff\n|-hitcount|p2: Slurpuff|1\n|\n|win|0LuckEVs\n|c|\u2606Mr cyphon|gg\n|c|\u26060LuckEVs|gg\n|l|\u2606Mr cyphon\n|j|\u2606Mr cyphon\n|player|p2|Mr cyphon|rr-beedrillmega\n","uploadtime":1698357169,"views":9,"p1id":"0luckevs","p2id":"mrcyphon","formatid":"gen9anythinggoes","rating":0,"private":0,"password":""}