{"id":"radicalred-gen9anythinggoes-540965","p1":"Blank102010","p2":"don7","format":"[Gen 9] Anything Goes","log":"|j|\u2606Blank102010\n|j|\u2606don7\n|t:|1698848784\n|gametype|singles\n|player|p1|Blank102010|rr-mawilemega|\n|player|p2|don7|rr-deoxys|\n|teamsize|p1|6\n|teamsize|p2|6\n|gen|9\n|tier|[Gen 9] Anything Goes\n|rule|HP Percentage Mod: HP is shown in percentages\n|rule|Endless Battle Clause: Forcing endless battles is banned\n|clearpoke\n|poke|p1|Gyarados, M|\n|poke|p1|Obstagoon, M|\n|poke|p1|Inteleon, M|\n|poke|p1|Mawile, M|\n|poke|p1|Tinkaton, F|\n|poke|p1|Throh, M|\n|poke|p2|Scizor, M|\n|poke|p2|Annihilape, M|\n|poke|p2|Darmanitan-Galar, M|\n|poke|p2|Rotom-Heat|\n|poke|p2|Clefable, F|\n|poke|p2|Grapploct, M|\n|teampreview\n|j| fucsiada\n|j| BauerBob\n|\n|t:|1698848837\n|start\n|switch|p1a: Tinkaton|Tinkaton, F|100\/100\n|switch|p2a: Grapploct|Grapploct, M|100\/100\n|-ability|p1a: Tinkaton|Mold Breaker\n|turn|1\n|\n|t:|1698848873\n|switch|p2a: Rotom|Rotom-Heat|100\/100\n|move|p1a: Tinkaton|Stealth Rock|p2a: Rotom\n|-sidestart|p2: don7|move: Stealth Rock\n|\n|upkeep\n|turn|2\n|\n|t:|1698848890\n|switch|p1a: Throh|Throh, M, shiny|100\/100\n|move|p2a: Rotom|Defog|p1a: Throh\n|-unboost|p1a: Throh|evasion|1\n|-sideend|p2: don7|Stealth Rock|[from] move: Defog|[of] p2a: Rotom\n|\n|upkeep\n|turn|3\n|\n|t:|1698848924\n|switch|p1a: Tinkaton|Tinkaton, F|100\/100\n|-ability|p1a: Tinkaton|Mold Breaker\n|move|p2a: Rotom|Will-O-Wisp|p1a: Tinkaton\n|-status|p1a: Tinkaton|brn\n|\n|-damage|p1a: Tinkaton|94\/100 brn|[from] brn\n|upkeep\n|turn|4\n|\n|t:|1698848976\n|move|p1a: Tinkaton|Stealth Rock|p2a: Rotom\n|-sidestart|p2: don7|move: Stealth Rock\n|move|p2a: Rotom|Lava Plume|p1a: Tinkaton\n|-supereffective|p1a: Tinkaton\n|-damage|p1a: Tinkaton|30\/100 brn\n|-enditem|p1a: Tinkaton|Sitrus Berry|[eat]\n|-heal|p1a: Tinkaton|55\/100 brn|[from] item: Sitrus Berry\n|\n|-damage|p1a: Tinkaton|48\/100 brn|[from] brn\n|upkeep\n|turn|5\n|\n|t:|1698848993\n|move|p1a: Tinkaton|Stealth Rock||[still]\n|-fail|p1a: Tinkaton\n|move|p2a: Rotom|Defog|p1a: Tinkaton\n|-unboost|p1a: Tinkaton|evasion|1\n|-sideend|p2: don7|Stealth Rock|[from] move: Defog|[of] p2a: Rotom\n|\n|-damage|p1a: Tinkaton|42\/100 brn|[from] brn\n|upkeep\n|turn|6\n|\n|t:|1698849027\n|move|p1a: Tinkaton|Stealth Rock|p2a: Rotom\n|-sidestart|p2: don7|move: Stealth Rock\n|move|p2a: Rotom|Lava Plume|p1a: Tinkaton\n|-supereffective|p1a: Tinkaton\n|-damage|p1a: Tinkaton|0 fnt\n|faint|p1a: Tinkaton\n|\n|upkeep\n|\n|t:|1698849045\n|switch|p1a: Inteleon|Inteleon, M, shiny|100\/100\n|turn|7\n|\n|t:|1698849049\n|switch|p2a: Grapploct|Grapploct, M|100\/100\n|-damage|p2a: Grapploct|94\/100|[from] Stealth Rock\n|move|p1a: Inteleon|Snipe Shot|p2a: Grapploct\n|-resisted|p2a: Grapploct\n|-crit|p2a: Grapploct\n|-damage|p2a: Grapploct|64\/100\n|\n|upkeep\n|turn|8\n|\n|t:|1698849067\n|move|p1a: Inteleon|U-turn|p2a: Grapploct\n|-resisted|p2a: Grapploct\n|-damage|p2a: Grapploct|57\/100\n|\n|t:|1698849070\n|switch|p1a: Throh|Throh, M, shiny|100\/100|[from] U-turn\n|move|p2a: Grapploct|Circle Throw|p1a: Throh\n|-damage|p1a: Throh|61\/100\n|drag|p1a: Inteleon|Inteleon, M, shiny|100\/100\n|\n|upkeep\n|turn|9\n|\n|t:|1698849120\n|move|p2a: Grapploct|Mach Punch|p1a: Inteleon\n|-damage|p1a: Inteleon|41\/100\n|move|p1a: Inteleon|U-turn|p2a: Grapploct\n|-resisted|p2a: Grapploct\n|-crit|p2a: Grapploct\n|-damage|p2a: Grapploct|40\/100\n|\n|t:|1698849141\n|switch|p1a: Mawile|Mawile, M, shiny|100\/100|[from] U-turn\n|-ability|p1a: Mawile|Intimidate|boost\n|-unboost|p2a: Grapploct|atk|1\n|\n|upkeep\n|turn|10\n|\n|t:|1698849165\n|switch|p2a: Rotom|Rotom-Heat|100\/100\n|detailschange|p1a: Mawile|Mawile-Mega, M, shiny\n|-mega|p1a: Mawile|Mawile|Mawilite\n|move|p1a: Mawile|Brick Break|p2a: Rotom\n|-damage|p2a: Rotom|48\/100\n|\n|upkeep\n|turn|11\n|\n|t:|1698849204\n|switch|p1a: Inteleon|Inteleon, M, shiny|41\/100\n|move|p2a: Rotom|Defog|p1a: Inteleon\n|-unboost|p1a: Inteleon|evasion|1\n|-sideend|p2: don7|Stealth Rock|[from] move: Defog|[of] p2a: Rotom\n|\n|upkeep\n|turn|12\n|\n|t:|1698849219\n|switch|p2a: Grapploct|Grapploct, M|40\/100\n|move|p1a: Inteleon|Snipe Shot|p2a: Grapploct\n|-resisted|p2a: Grapploct\n|-crit|p2a: Grapploct\n|-damage|p2a: Grapploct|11\/100\n|\n|upkeep\n|turn|13\n|\n|t:|1698849225\n|move|p2a: Grapploct|Mach Punch|p1a: Inteleon\n|-damage|p1a: Inteleon|0 fnt\n|faint|p1a: Inteleon\n|\n|upkeep\n|\n|t:|1698849254\n|switch|p1a: Gyarados|Gyarados, M, shiny|100\/100\n|turn|14\n|\n|t:|1698849310\n|move|p1a: Gyarados|Dragon Dance|p1a: Gyarados\n|-boost|p1a: Gyarados|atk|1\n|-boost|p1a: Gyarados|spe|1\n|move|p2a: Grapploct|Circle Throw|p1a: Gyarados\n|-resisted|p1a: Gyarados\n|-damage|p1a: Gyarados|68\/100\n|drag|p1a: Obstagoon|Obstagoon, M|100\/100\n|\n|-status|p1a: Obstagoon|brn|[from] item: Flame Orb\n|upkeep\n|turn|15\n|\n|t:|1698849328\n|switch|p2a: Scizor|Scizor, M|100\/100\n|move|p1a: Obstagoon|Obstruct||[still]\n|-fail|p1a: Obstagoon\n|\n|-damage|p1a: Obstagoon|94\/100 brn|[from] brn\n|upkeep\n|turn|16\n|\n|t:|1698849351\n|switch|p1a: Gyarados|Gyarados, M, shiny|68\/100\n|detailschange|p2a: Scizor|Scizor-Mega, M\n|-mega|p2a: Scizor|Scizor|Scizorite\n|move|p2a: Scizor|Roost||[still]\n|-fail|p2a: Scizor|heal\n|\n|-heal|p1a: Gyarados|75\/100|[from] item: Leftovers\n|upkeep\n|turn|17\n|\n|t:|1698849380\n|move|p1a: Gyarados|Aqua Tail|p2a: Scizor\n|-damage|p2a: Scizor|75\/100\n|move|p2a: Scizor|U-turn|p1a: Gyarados\n|-resisted|p1a: Gyarados\n|-damage|p1a: Gyarados|54\/100\n|\n|t:|1698849405\n|switch|p2a: Annihilape|Annihilape, M|100\/100|[from] U-turn\n|\n|-heal|p1a: Gyarados|60\/100|[from] item: Leftovers\n|upkeep\n|turn|18\n|\n|t:|1698849417\n|move|p2a: Annihilape|U-turn|p1a: Gyarados\n|-resisted|p1a: Gyarados\n|-damage|p1a: Gyarados|45\/100\n|\n|t:|1698849422\n|switch|p2a: Grapploct|Grapploct, M|11\/100|[from] U-turn\n|move|p1a: Gyarados|Dragon Dance|p1a: Gyarados\n|-boost|p1a: Gyarados|atk|1\n|-boost|p1a: Gyarados|spe|1\n|\n|-heal|p1a: Gyarados|51\/100|[from] item: Leftovers\n|upkeep\n|turn|19\n|\n|t:|1698849437\n|move|p2a: Grapploct|Mach Punch|p1a: Gyarados\n|-resisted|p1a: Gyarados\n|-damage|p1a: Gyarados|29\/100\n|move|p1a: Gyarados|Aqua Tail|p2a: Grapploct\n|-resisted|p2a: Grapploct\n|-damage|p2a: Grapploct|0 fnt\n|faint|p2a: Grapploct\n|-ability|p1a: Gyarados|Moxie|boost\n|-boost|p1a: Gyarados|atk|1\n|\n|-heal|p1a: Gyarados|35\/100|[from] item: Leftovers\n|upkeep\n|\n|t:|1698849506\n|switch|p2a: Darmanitan|Darmanitan-Galar, M|100\/100\n|turn|20\n|\n|t:|1698849539\n|move|p2a: Darmanitan|Ice Hammer|p1a: Gyarados\n|-damage|p1a: Gyarados|0 fnt\n|faint|p1a: Gyarados\n|\n|upkeep\n|\n|t:|1698849559\n|switch|p1a: Mawile|Mawile-Mega, M, shiny|100\/100\n|turn|21\n|\n|t:|1698849569\n|switch|p2a: Rotom|Rotom-Heat|48\/100\n|move|p1a: Mawile|Double Iron Bash|p2a: Rotom\n|-resisted|p2a: Rotom\n|-damage|p2a: Rotom|34\/100\n|-resisted|p2a: Rotom\n|-damage|p2a: Rotom|18\/100\n|-hitcount|p2a: Rotom|2\n|\n|upkeep\n|turn|22\n|\n|t:|1698849574\n|switch|p1a: Throh|Throh, M, shiny|61\/100\n|move|p2a: Rotom|Will-O-Wisp|p1a: Throh\n|-status|p1a: Throh|brn\n|\n|-damage|p1a: Throh|55\/100 brn|[from] brn\n|upkeep\n|turn|23\n|\n|t:|1698849586\n|move|p2a: Rotom|Volt Switch|p1a: Throh\n|-damage|p1a: Throh|31\/100 brn\n|\n|t:|1698849589\n|switch|p2a: Annihilape|Annihilape, M|100\/100|[from] Volt Switch\n|move|p1a: Throh|Rest|p1a: Throh\n|-status|p1a: Throh|slp|[from] move: Rest\n|-heal|p1a: Throh|100\/100 slp|[silent]\n|-enditem|p1a: Throh|Chesto Berry|[eat]\n|-curestatus|p1a: Throh|slp|[msg]\n|\n|upkeep\n|turn|24\n|\n|t:|1698849596\n|switch|p1a: Obstagoon|Obstagoon, M|94\/100 brn\n|move|p2a: Annihilape|U-turn|p1a: Obstagoon\n|-supereffective|p1a: Obstagoon\n|-damage|p1a: Obstagoon|45\/100 brn\n|\n|t:|1698849621\n|switch|p2a: Scizor|Scizor-Mega, M|75\/100|[from] U-turn\n|\n|-damage|p1a: Obstagoon|39\/100 brn|[from] brn\n|upkeep\n|turn|25\n|\n|t:|1698849628\n|move|p1a: Obstagoon|Facade|p2a: Scizor\n|-resisted|p2a: Scizor\n|-damage|p2a: Scizor|50\/100\n|move|p2a: Scizor|Roost|p2a: Scizor\n|-heal|p2a: Scizor|100\/100\n|-singleturn|p2a: Scizor|move: Roost\n|\n|-damage|p1a: Obstagoon|33\/100 brn|[from] brn\n|upkeep\n|turn|26\n|\n|t:|1698849643\n|move|p1a: Obstagoon|Obstruct|p1a: Obstagoon\n|-singleturn|p1a: Obstagoon|Protect\n|move|p2a: Scizor|U-turn|p1a: Obstagoon\n|-activate|p1a: Obstagoon|move: Protect\n|-unboost|p2a: Scizor|def|2\n|\n|-damage|p1a: Obstagoon|27\/100 brn|[from] brn\n|upkeep\n|turn|27\n|\n|t:|1698849652\n|move|p2a: Scizor|Bullet Punch|p1a: Obstagoon\n|-damage|p1a: Obstagoon|0 fnt\n|faint|p1a: Obstagoon\n|\n|upkeep\n|\n|t:|1698849658\n|switch|p1a: Mawile|Mawile-Mega, M, shiny|100\/100\n|turn|28\n|\n|t:|1698849663\n|switch|p2a: Rotom|Rotom-Heat|18\/100\n|move|p1a: Mawile|Double Iron Bash|p2a: Rotom\n|-resisted|p2a: Rotom\n|-damage|p2a: Rotom|3\/100\n|-resisted|p2a: Rotom\n|-damage|p2a: Rotom|0 fnt\n|faint|p2a: Rotom\n|-hitcount|p2: Rotom|2\n|\n|upkeep\n|\n|t:|1698849674\n|switch|p2a: Annihilape|Annihilape, M|100\/100\n|turn|29\n|\n|t:|1698849686\n|move|p2a: Annihilape|Close Combat|p1a: Mawile\n|-damage|p1a: Mawile|48\/100\n|-unboost|p2a: Annihilape|def|1\n|-unboost|p2a: Annihilape|spd|1\n|move|p1a: Mawile|Play Rough|p2a: Annihilape\n|-supereffective|p2a: Annihilape\n|-crit|p2a: Annihilape\n|-damage|p2a: Annihilape|0 fnt\n|faint|p2a: Annihilape\n|\n|upkeep\n|\n|t:|1698849700\n|switch|p2a: Scizor|Scizor-Mega, M|100\/100\n|turn|30\n|\n|t:|1698849710\n|switch|p1a: Throh|Throh, M, shiny|100\/100\n|move|p2a: Scizor|Bullet Punch|p1a: Throh\n|-damage|p1a: Throh|78\/100\n|\n|upkeep\n|turn|31\n|\n|t:|1698849726\n|move|p2a: Scizor|Bullet Punch|p1a: Throh\n|-damage|p1a: Throh|53\/100\n|move|p1a: Throh|Bulk Up|p1a: Throh\n|-boost|p1a: Throh|atk|1\n|-boost|p1a: Throh|def|1\n|\n|upkeep\n|turn|32\n|\n|t:|1698849730\n|move|p2a: Scizor|U-turn|p1a: Throh\n|-resisted|p1a: Throh\n|-damage|p1a: Throh|45\/100\n|\n|t:|1698849732\n|switch|p2a: Clefable|Clefable, F|100\/100|[from] U-turn\n|move|p1a: Throh|Storm Throw|p2a: Clefable\n|-resisted|p2a: Clefable\n|-crit|p2a: Clefable\n|-damage|p2a: Clefable|37\/100\n|\n|upkeep\n|turn|33\n|\n|t:|1698849744\n|move|p2a: Clefable|Light of Ruin|p1a: Throh\n|-supereffective|p1a: Throh\n|-damage|p1a: Throh|0 fnt\n|faint|p1a: Throh\n|\n|upkeep\n|\n|t:|1698849749\n|switch|p1a: Mawile|Mawile-Mega, M, shiny|48\/100\n|turn|34\n|\n|t:|1698849764\n|move|p2a: Clefable|Fire Blast|p1a: Mawile\n|-supereffective|p1a: Mawile\n|-damage|p1a: Mawile|0 fnt\n|faint|p1a: Mawile\n|\n|win|don7\n|l|\u2606don7\n|l|\u2606Blank102010\n|l| BauerBob\n|l| fucsiada\n|j| fucsiada\n","uploadtime":1698850412,"views":9,"p1id":"blank102010","p2id":"don7","formatid":"gen9anythinggoes","rating":0,"private":0,"password":""}