{"id":"radicalred-gen9anythinggoes-545585","p1":"owless","p2":"Storm_WaterTime","format":"[Gen 9] Anything Goes","log":"|j|\u2606owless\n|j|\u2606Storm_WaterTime\n|t:|1699819522\n|gametype|singles\n|player|p1|owless|rr-qwilfishhisui|\n|player|p2|Storm_WaterTime|rr-infernape|\n|teamsize|p1|6\n|teamsize|p2|6\n|gen|9\n|tier|[Gen 9] Anything Goes\n|rule|HP Percentage Mod: HP is shown in percentages\n|rule|Endless Battle Clause: Forcing endless battles is banned\n|rule|Sleep Clause Mod: Limit one foe put to sleep\n|clearpoke\n|poke|p1|Hydreigon, M|\n|poke|p1|Samurott, F|\n|poke|p1|Gigalith, M|\n|poke|p1|Reuniclus, F|\n|poke|p1|Chandelure, M|\n|poke|p1|Whimsicott, F|\n|poke|p2|Ferrothorn, M|\n|poke|p2|Cinccino, M|\n|poke|p2|Volcarona, M|\n|poke|p2|Excadrill, M|\n|poke|p2|Keldeo-Resolute|\n|poke|p2|Hydreigon, F|\n|teampreview\n|c|\u2606owless|gl\n|\n|t:|1699819562\n|start\n|switch|p1a: Fussili|Samurott, F|100\/100\n|switch|p2a: Keldeo|Keldeo-Resolute|100\/100\n|turn|1\n|\n|t:|1699819576\n|switch|p1a: \u00d1oquis|Reuniclus, F, shiny|100\/100\n|move|p2a: Keldeo|Secret Sword|p1a: \u00d1oquis\n|-resisted|p1a: \u00d1oquis\n|-damage|p1a: \u00d1oquis|66\/100\n|\n|-heal|p1a: \u00d1oquis|72\/100|[from] item: Leftovers\n|upkeep\n|turn|2\n|\n|t:|1699819651\n|switch|p2a: Hydreigon|Hydreigon, F|100\/100\n|move|p1a: \u00d1oquis|Teleport|p1a: \u00d1oquis\n|\n|t:|1699819656\n|switch|p1a: Spaghetti|Whimsicott, F, shiny|100\/100|[from] Teleport\n|\n|upkeep\n|turn|3\n|j| drakig\n|c| drakig|tu no mete cabra \n|\n|t:|1699819661\n|switch|p2a: Ferrothorn|Ferrothorn, M|100\/100\n|move|p1a: Spaghetti|Moonblast|p2a: Ferrothorn\n|-resisted|p2a: Ferrothorn\n|-damage|p2a: Ferrothorn|89\/100\n|-unboost|p2a: Ferrothorn|spa|1\n|\n|upkeep\n|turn|4\n|\n|t:|1699819668\n|move|p1a: Spaghetti|Taunt|p2a: Ferrothorn\n|-start|p2a: Ferrothorn|move: Taunt\n|move|p2a: Ferrothorn|Gyro Ball|p1a: Spaghetti\n|-supereffective|p1a: Spaghetti\n|-enditem|p1a: Spaghetti|Focus Sash\n|-damage|p1a: Spaghetti|1\/100\n|\n|upkeep\n|turn|5\n|\n|t:|1699819680\n|switch|p1a: Macarrones|Chandelure, M|100\/100\n|move|p2a: Ferrothorn|Gyro Ball|p1a: Macarrones\n|-resisted|p1a: Macarrones\n|-damage|p1a: Macarrones|65\/100\n|\n|upkeep\n|turn|6\n|\n|t:|1699819710\n|switch|p2a: Hydreigon|Hydreigon, F|100\/100\n|move|p1a: Macarrones|Overheat|p2a: Hydreigon\n|-resisted|p2a: Hydreigon\n|-damage|p2a: Hydreigon|36\/100\n|-unboost|p1a: Macarrones|spa|2\n|\n|upkeep\n|turn|7\n|\n|t:|1699819719\n|switch|p1a: Spaghetti|Whimsicott, F, shiny|1\/100\n|move|p2a: Hydreigon|Dark Hole|p1a: Spaghetti\n|-resisted|p1a: Spaghetti\n|-damage|p1a: Spaghetti|0 fnt\n|faint|p1a: Spaghetti\n|-damage|p2a: Hydreigon|26\/100|[from] item: Life Orb\n|\n|upkeep\n|\n|t:|1699819737\n|switch|p1a: Raviolis|Hydreigon, M|100\/100\n|turn|8\n|\n|t:|1699819755\n|move|p1a: Raviolis|U-turn|p2a: Hydreigon\n|-supereffective|p2a: Hydreigon\n|-damage|p2a: Hydreigon|0 fnt\n|faint|p2a: Hydreigon\n|-damage|p1a: Raviolis|91\/100|[from] item: Life Orb\n|\n|t:|1699819768\n|switch|p1a: Fussili|Samurott, F|100\/100|[from] U-turn\n|\n|upkeep\n|\n|t:|1699819770\n|switch|p2a: Keldeo|Keldeo-Resolute|100\/100\n|turn|9\n|\n|t:|1699819776\n|switch|p1a: \u00d1oquis|Reuniclus, F, shiny|100\/100\n|move|p2a: Keldeo|Secret Sword|p1a: \u00d1oquis\n|-resisted|p1a: \u00d1oquis\n|-damage|p1a: \u00d1oquis|69\/100\n|\n|-heal|p1a: \u00d1oquis|75\/100|[from] item: Leftovers\n|upkeep\n|turn|10\n|\n|t:|1699819785\n|move|p2a: Keldeo|Secret Sword|p1a: \u00d1oquis\n|-resisted|p1a: \u00d1oquis\n|-damage|p1a: \u00d1oquis|40\/100\n|move|p1a: \u00d1oquis|Teleport|p1a: \u00d1oquis\n|\n|t:|1699819800\n|switch|p1a: Raviolis|Hydreigon, M|91\/100|[from] Teleport\n|\n|upkeep\n|turn|11\n|\n|t:|1699819803\n|switch|p1a: \u00d1oquis|Reuniclus, F, shiny|74\/100\n|move|p2a: Keldeo|Secret Sword|p1a: \u00d1oquis\n|-resisted|p1a: \u00d1oquis\n|-damage|p1a: \u00d1oquis|42\/100\n|\n|-heal|p1a: \u00d1oquis|49\/100|[from] item: Leftovers\n|upkeep\n|turn|12\n|\n|t:|1699819811\n|move|p2a: Keldeo|Air Slash|p1a: \u00d1oquis\n|-damage|p1a: \u00d1oquis|23\/100\n|move|p1a: \u00d1oquis|Recover|p1a: \u00d1oquis\n|-heal|p1a: \u00d1oquis|73\/100\n|\n|-heal|p1a: \u00d1oquis|79\/100|[from] item: Leftovers\n|upkeep\n|turn|13\n|\n|t:|1699819849\n|switch|p2a: M|Volcarona, M|100\/100\n|move|p1a: \u00d1oquis|Recover|p1a: \u00d1oquis\n|-heal|p1a: \u00d1oquis|100\/100\n|\n|upkeep\n|turn|14\n|\n|t:|1699819860\n|move|p2a: M|Bug Buzz|p1a: \u00d1oquis\n|-supereffective|p1a: \u00d1oquis\n|-damage|p1a: \u00d1oquis|39\/100\n|move|p1a: \u00d1oquis|Teleport|p1a: \u00d1oquis\n|\n|t:|1699819874\n|switch|p1a: Fussili|Samurott, F|100\/100|[from] Teleport\n|\n|upkeep\n|turn|15\n|\n|t:|1699819885\n|switch|p2a: Ferrothorn|Ferrothorn, M|89\/100\n|move|p1a: Fussili|Sacred Sword|p2a: Ferrothorn\n|-supereffective|p2a: Ferrothorn\n|-damage|p2a: Ferrothorn|35\/100\n|-damage|p1a: Fussili|88\/100|[from] ability: Iron Barbs|[of] p2a: Ferrothorn\n|-damage|p1a: Fussili|71\/100|[from] item: Rocky Helmet|[of] p2a: Ferrothorn\n|\n|upkeep\n|turn|16\n|\n|t:|1699819892\n|move|p1a: Fussili|Sacred Sword|p2a: Ferrothorn\n|-supereffective|p2a: Ferrothorn\n|-damage|p2a: Ferrothorn|0 fnt\n|-damage|p1a: Fussili|59\/100|[from] ability: Iron Barbs|[of] p2a: Ferrothorn\n|-damage|p1a: Fussili|42\/100|[from] item: Rocky Helmet|[of] p2a: Ferrothorn\n|faint|p2a: Ferrothorn\n|\n|upkeep\n|\n|t:|1699819895\n|switch|p2a: Keldeo|Keldeo-Resolute|100\/100\n|turn|17\n|\n|t:|1699819901\n|switch|p1a: \u00d1oquis|Reuniclus, F, shiny|72\/100\n|move|p2a: Keldeo|Secret Sword|p1a: \u00d1oquis\n|-resisted|p1a: \u00d1oquis\n|-damage|p1a: \u00d1oquis|40\/100\n|\n|-heal|p1a: \u00d1oquis|46\/100|[from] item: Leftovers\n|upkeep\n|turn|18\n|\n|t:|1699819907\n|move|p2a: Keldeo|Air Slash|p1a: \u00d1oquis\n|-crit|p1a: \u00d1oquis\n|-damage|p1a: \u00d1oquis|6\/100\n|cant|p1a: \u00d1oquis|flinch\n|\n|-heal|p1a: \u00d1oquis|12\/100|[from] item: Leftovers\n|upkeep\n|turn|19\n|c| drakig|gg\n|\n|t:|1699819916\n|switch|p1a: Fussili|Samurott, F|42\/100\n|move|p2a: Keldeo|Secret Sword|p1a: Fussili\n|-supereffective|p1a: Fussili\n|-damage|p1a: Fussili|0 fnt\n|faint|p1a: Fussili\n|\n|upkeep\n|\n|t:|1699819921\n|switch|p1a: \u00d1oquis|Reuniclus, F, shiny|46\/100\n|turn|20\n|\n|t:|1699819925\n|move|p2a: Keldeo|Air Slash|p1a: \u00d1oquis\n|-damage|p1a: \u00d1oquis|22\/100\n|cant|p1a: \u00d1oquis|flinch\n|\n|-heal|p1a: \u00d1oquis|28\/100|[from] item: Leftovers\n|upkeep\n|turn|21\n|c| drakig|gg parte 2\n|\n|t:|1699819935\n|move|p2a: Keldeo|Secret Sword|p1a: \u00d1oquis\n|-resisted|p1a: \u00d1oquis\n|-damage|p1a: \u00d1oquis|0 fnt\n|faint|p1a: \u00d1oquis\n|\n|upkeep\n|\n|t:|1699819942\n|switch|p1a: Kanelone|Gigalith, M, shiny|100\/100\n|turn|22\n|\n|t:|1699819962\n|move|p2a: Keldeo|Scald|p1a: Kanelone\n|-supereffective|p1a: Kanelone\n|-damage|p1a: Kanelone|17\/100\n|move|p1a: Kanelone|Toxic|p2a: Keldeo\n|-status|p2a: Keldeo|tox\n|\n|-damage|p2a: Keldeo|94\/100 tox|[from] psn\n|upkeep\n|turn|23\n|\n|t:|1699819975\n|move|p2a: Keldeo|Icy Wind|p1a: Kanelone\n|-damage|p1a: Kanelone|0 fnt\n|faint|p1a: Kanelone\n|\n|-damage|p2a: Keldeo|82\/100 tox|[from] psn\n|upkeep\n|\n|t:|1699819982\n|switch|p1a: Raviolis|Hydreigon, M|91\/100\n|turn|24\n|\n|t:|1699819985\n|switch|p1a: Macarrones|Chandelure, M|65\/100\n|move|p2a: Keldeo|Secret Sword|p1a: Macarrones\n|-immune|p1a: Macarrones\n|\n|-damage|p2a: Keldeo|63\/100 tox|[from] psn\n|upkeep\n|turn|25\n|\n|t:|1699819989\n|move|p2a: Keldeo|Scald|p1a: Macarrones\n|-supereffective|p1a: Macarrones\n|-damage|p1a: Macarrones|0 fnt\n|faint|p1a: Macarrones\n|\n|-damage|p2a: Keldeo|39\/100 tox|[from] psn\n|upkeep\n|\n|t:|1699819993\n|switch|p1a: Raviolis|Hydreigon, M|91\/100\n|turn|26\n|\n|t:|1699819995\n|move|p2a: Keldeo|Secret Sword|p1a: Raviolis\n|-supereffective|p1a: Raviolis\n|-damage|p1a: Raviolis|0 fnt\n|faint|p1a: Raviolis\n|\n|win|Storm_WaterTime\n|c|\u2606Storm_WaterTime|gg\n","uploadtime":1699819999,"views":10,"p1id":"owless","p2id":"stormwatertime","formatid":"gen9anythinggoes","rating":0,"private":0,"password":""}