{"id":"radicalred-gen9anythinggoes-539434","p1":"PatoPatito08","p2":"elbazismail2","format":"[Gen 9] Anything Goes","log":"|j|\u2606PatoPatito08\n|j|\u2606elbazismail2\n|t:|1698608998\n|gametype|singles\n|player|p1|PatoPatito08|kiawe|\n|player|p2|elbazismail2|101|\n|teamsize|p1|6\n|teamsize|p2|6\n|gen|9\n|tier|[Gen 9] Anything Goes\n|rule|HP Percentage Mod: HP is shown in percentages\n|rule|Endless Battle Clause: Forcing endless battles is banned\n|rule|Sleep Clause Mod: Limit one foe put to sleep\n|clearpoke\n|poke|p1|Conkeldurr, M|\n|poke|p1|Landorus-Therian, M|\n|poke|p1|Simisage, M|\n|poke|p1|Samurott, M|\n|poke|p1|Jellicent, M|\n|poke|p1|Zoroark, F|\n|poke|p2|Volcarona, M|\n|poke|p2|Landorus-Therian, M|\n|poke|p2|Ferrothorn, F|\n|poke|p2|Samurott, F|\n|poke|p2|Hydreigon, F|\n|poke|p2|Amoonguss, F|\n|teampreview\n|c|\u2606PatoPatito08|gl\n|j| zSlowKiller\n|j| Litrowo\n|\n|t:|1698609070\n|start\n|switch|p1a: Landorus|Landorus-Therian, M, shiny|100\/100\n|switch|p2a: Amoonguss|Amoonguss, F|100\/100\n|-ability|p1a: Landorus|Intimidate|boost\n|-unboost|p2a: Amoonguss|atk|1\n|turn|1\n|j| Toxic Ariados\n|l| Toxic Ariados\n|\n|t:|1698609090\n|move|p1a: Landorus|U-turn|p2a: Amoonguss\n|-damage|p2a: Amoonguss|77\/100\n|\n|t:|1698609092\n|switch|p1a: Conkeldurr|Conkeldurr, M, shiny|100\/100|[from] U-turn\n|move|p2a: Amoonguss|Spore|p1a: Conkeldurr\n|-status|p1a: Conkeldurr|slp|[from] move: Spore\n|\n|-heal|p2a: Amoonguss|84\/100|[from] item: Black Sludge\n|upkeep\n|turn|2\n|c|\u2606PatoPatito08|ok me fallaron los calculos\n|\n|t:|1698609109\n|switch|p2a: Volcarona|Volcarona, M|100\/100\n|cant|p1a: Conkeldurr|slp\n|\n|upkeep\n|turn|3\n|\n|t:|1698609118\n|switch|p1a: Simisage|Simisage, M|100\/100\n|move|p2a: Volcarona|Quiver Dance|p2a: Volcarona\n|-boost|p2a: Volcarona|spa|1\n|-boost|p2a: Volcarona|spd|1\n|-boost|p2a: Volcarona|spe|1\n|\n|upkeep\n|turn|4\n|\n|t:|1698609159\n|move|p1a: Simisage|Power Gem|p2a: Volcarona\n|-supereffective|p2a: Volcarona\n|-damage|p2a: Volcarona|22\/100\n|move|p2a: Volcarona|Quiver Dance|p2a: Volcarona\n|-boost|p2a: Volcarona|spa|1\n|-boost|p2a: Volcarona|spd|1\n|-boost|p2a: Volcarona|spe|1\n|\n|upkeep\n|turn|5\n|c|\u2606PatoPatito08|mi fin\n|j| ElBau1129\n|c| Litrowo|saca a reshiram\n|\n|t:|1698609193\n|switch|p2a: Ferrothorn|Ferrothorn, F|100\/100\n|move|p1a: Simisage|Power Gem|p2a: Ferrothorn\n|-resisted|p2a: Ferrothorn\n|-damage|p2a: Ferrothorn|85\/100\n|\n|upkeep\n|turn|6\n|c| ElBau1129|aguant\u00f3 un x4 watafac\n|c|\u2606PatoPatito08|si\n|c| zSlowKiller|estaba subido \n|c|\u2606elbazismail2|es full defensivo\n|c| ElBau1129|ya, pero aun as\u00ed, ese mono es specs\n|c| zSlowKiller|no\n|c| zSlowKiller|es scarf\n|c| ElBau1129|ah, tiene sentido\n|c| ElBau1129|killer, su habilidad lo hace un specs\n|c| zSlowKiller|bueno\n|c| zSlowKiller|a todo rintintin pessi\n|c|\u2606PatoPatito08|tanqueo por el bien de la trama\n|\n|t:|1698609246\n|switch|p1a: Landorus|Landorus-Therian, M, shiny|100\/100\n|-ability|p1a: Landorus|Intimidate|boost\n|-unboost|p2a: Ferrothorn|atk|1\n|switch|p2a: Volcarona|Volcarona, M|22\/100\n|\n|upkeep\n|turn|7\n|\n|t:|1698609257\n|switch|p2a: Amoonguss|Amoonguss, F|100\/100\n|move|p1a: Landorus|U-turn|p2a: Amoonguss\n|-damage|p2a: Amoonguss|79\/100\n|\n|t:|1698609270\n|switch|p1a: Conkeldurr|Conkeldurr, M, shiny|100\/100 slp|[from] U-turn\n|\n|-heal|p2a: Amoonguss|85\/100|[from] item: Black Sludge\n|upkeep\n|turn|8\n|\n|t:|1698609279\n|switch|p2a: Volcarona|Volcarona, M|22\/100\n|cant|p1a: Conkeldurr|slp\n|\n|upkeep\n|turn|9\n|\n|t:|1698609291\n|move|p2a: Volcarona|Roost|p2a: Volcarona\n|-heal|p2a: Volcarona|72\/100\n|-singleturn|p2a: Volcarona|move: Roost\n|-curestatus|p1a: Conkeldurr|slp|[msg]\n|move|p1a: Conkeldurr|Knock Off|p2a: Volcarona\n|-damage|p2a: Volcarona|22\/100\n|-enditem|p2a: Volcarona|Heavy-Duty Boots|[from] move: Knock Off|[of] p1a: Conkeldurr\n|\n|-status|p1a: Conkeldurr|brn|[from] item: Flame Orb\n|upkeep\n|turn|10\n|c|\u2606PatoPatito08|TE QUIERO CONKELDURR\n|\n|t:|1698609334\n|switch|p2a: Amoonguss|Amoonguss, F|100\/100\n|move|p1a: Conkeldurr|Mach Punch|p2a: Amoonguss\n|-resisted|p2a: Amoonguss\n|-damage|p2a: Amoonguss|82\/100\n|\n|-heal|p2a: Amoonguss|89\/100|[from] item: Black Sludge\n|-damage|p1a: Conkeldurr|94\/100 brn|[from] brn\n|upkeep\n|turn|11\n|\n|t:|1698609363\n|switch|p2a: Ferrothorn|Ferrothorn, F|85\/100\n|move|p1a: Conkeldurr|Ice Punch|p2a: Ferrothorn\n|-damage|p2a: Ferrothorn|59\/100\n|-damage|p1a: Conkeldurr|82\/100 brn|[from] ability: Iron Barbs|[of] p2a: Ferrothorn\n|-damage|p1a: Conkeldurr|65\/100 brn|[from] item: Rocky Helmet|[of] p2a: Ferrothorn\n|\n|-damage|p1a: Conkeldurr|59\/100 brn|[from] brn\n|upkeep\n|turn|12\n|\n|t:|1698609374\n|move|p1a: Conkeldurr|Drain Punch|p2a: Ferrothorn\n|-supereffective|p2a: Ferrothorn\n|-damage|p2a: Ferrothorn|0 fnt\n|-heal|p1a: Conkeldurr|84\/100 brn|[from] drain|[of] p2a: Ferrothorn\n|-damage|p1a: Conkeldurr|72\/100 brn|[from] ability: Iron Barbs|[of] p2a: Ferrothorn\n|-damage|p1a: Conkeldurr|55\/100 brn|[from] item: Rocky Helmet|[of] p2a: Ferrothorn\n|faint|p2a: Ferrothorn\n|\n|-damage|p1a: Conkeldurr|49\/100 brn|[from] brn\n|upkeep\n|\n|t:|1698609378\n|switch|p2a: Hydreigon|Hydreigon, F|100\/100\n|turn|13\n|\n|t:|1698609425\n|switch|p2a: Landorus|Landorus-Therian, M|100\/100\n|-ability|p2a: Landorus|Intimidate|boost\n|-unboost|p1a: Conkeldurr|atk|1\n|switch|p1a: Conkeldurr|Conkeldurr, M, shiny|100\/100\n|\n|upkeep\n|turn|14\n|c|\u2606PatoPatito08|cambio secreto\n|c| zSlowKiller|omg\n|j| theultimatepokigod\n|c|\u2606elbazismail2|omg\n|\n|t:|1698609459\n|move|p1a: Conkeldurr|Dark Hole|p2a: Landorus\n|-damage|p2a: Landorus|17\/100\n|move|p2a: Landorus|Stealth Rock|p1a: Conkeldurr\n|-sidestart|p1: PatoPatito08|move: Stealth Rock\n|\n|-heal|p2a: Landorus|23\/100|[from] item: Leftovers\n|upkeep\n|turn|15\n|c| zSlowKiller|conkeldurr con dark hole\n|\n|t:|1698609470\n|switch|p2a: Hydreigon|Hydreigon, F|100\/100\n|move|p1a: Conkeldurr|Dark Hole|p2a: Hydreigon\n|-resisted|p2a: Hydreigon\n|-damage|p2a: Hydreigon|62\/100\n|\n|upkeep\n|turn|16\n|c| zSlowKiller|lo de cada dia\n|\n|t:|1698609480\n|move|p2a: Hydreigon|Draco Meteor|p1a: Conkeldurr\n|-enditem|p1a: Conkeldurr|Focus Sash\n|-damage|p1a: Conkeldurr|1\/100\n|-unboost|p2a: Hydreigon|spa|2\n|replace|p1a: Zoroark|Zoroark, F\n|-end|p1a: Zoroark|Illusion\n|move|p1a: Zoroark|Focus Blast|p2a: Hydreigon|[miss]\n|-miss|p1a: Zoroark|p2a: Hydreigon\n|\n|upkeep\n|turn|17\n|c|\u2606PatoPatito08|NOOO\n|\n|t:|1698609492\n|move|p2a: Hydreigon|Draco Meteor|p1a: Zoroark\n|-damage|p1a: Zoroark|0 fnt\n|-unboost|p2a: Hydreigon|spa|2\n|faint|p1a: Zoroark\n|\n|upkeep\n|c|\u2606elbazismail2|karma por el conkeldurr xddd\n|\n|t:|1698609501\n|switch|p1a: Samurott|Samurott, M, shiny|100\/100\n|-damage|p1a: Samurott|94\/100|[from] Stealth Rock\n|turn|18\n|\n|t:|1698609540\n|switch|p2a: Landorus|Landorus-Therian, M|23\/100\n|-ability|p2a: Landorus|Intimidate|boost\n|-unboost|p1a: Samurott|atk|1\n|-enditem|p1a: Samurott|White Herb\n|-clearnegativeboost|p1a: Samurott|[silent]\n|move|p1a: Samurott|Sacred Sword|p2a: Landorus\n|-resisted|p2a: Landorus\n|-damage|p2a: Landorus|0 fnt\n|faint|p2a: Landorus\n|\n|upkeep\n|\n|t:|1698609555\n|switch|p2a: Amoonguss|Amoonguss, F|100\/100\n|turn|19\n|\n|t:|1698609606\n|switch|p1a: Landorus|Landorus-Therian, M, shiny|100\/100\n|-damage|p1a: Landorus|88\/100|[from] Stealth Rock\n|-ability|p1a: Landorus|Intimidate|boost\n|-unboost|p2a: Amoonguss|atk|1\n|move|p2a: Amoonguss|Giga Drain|p1a: Landorus\n|-damage|p1a: Landorus|72\/100\n|\n|-heal|p1a: Landorus|78\/100|[from] item: Leftovers\n|upkeep\n|turn|20\n|\n|t:|1698609627\n|move|p1a: Landorus|Earthquake|p2a: Amoonguss\n|-damage|p2a: Amoonguss|50\/100\n|move|p2a: Amoonguss|Spore|p1a: Landorus\n|-status|p1a: Landorus|slp|[from] move: Spore\n|\n|-heal|p1a: Landorus|84\/100 slp|[from] item: Leftovers\n|-heal|p2a: Amoonguss|56\/100|[from] item: Black Sludge\n|upkeep\n|turn|21\n|\n|t:|1698609637\n|cant|p1a: Landorus|slp\n|move|p2a: Amoonguss|Giga Drain|p1a: Landorus\n|-damage|p1a: Landorus|68\/100 slp\n|-heal|p2a: Amoonguss|63\/100|[from] drain|[of] p1a: Landorus\n|\n|-heal|p1a: Landorus|74\/100 slp|[from] item: Leftovers\n|-heal|p2a: Amoonguss|69\/100|[from] item: Black Sludge\n|upkeep\n|turn|22\n|\n|t:|1698609640\n|cant|p1a: Landorus|slp\n|move|p2a: Amoonguss|Giga Drain|p1a: Landorus\n|-damage|p1a: Landorus|56\/100 slp\n|-heal|p2a: Amoonguss|78\/100|[from] drain|[of] p1a: Landorus\n|\n|-heal|p1a: Landorus|62\/100 slp|[from] item: Leftovers\n|-heal|p2a: Amoonguss|84\/100|[from] item: Black Sludge\n|upkeep\n|turn|23\n|\n|t:|1698609642\n|-curestatus|p1a: Landorus|slp|[msg]\n|move|p1a: Landorus|Earthquake|p2a: Amoonguss\n|-damage|p2a: Amoonguss|38\/100\n|move|p2a: Amoonguss|Giga Drain|p1a: Landorus\n|-damage|p1a: Landorus|45\/100\n|-heal|p2a: Amoonguss|45\/100|[from] drain|[of] p1a: Landorus\n|\n|-heal|p1a: Landorus|51\/100|[from] item: Leftovers\n|-heal|p2a: Amoonguss|51\/100|[from] item: Black Sludge\n|upkeep\n|turn|24\n|\n|t:|1698609646\n|move|p1a: Landorus|Earthquake|p2a: Amoonguss\n|-damage|p2a: Amoonguss|4\/100\n|move|p2a: Amoonguss|Giga Drain|p1a: Landorus\n|-damage|p1a: Landorus|34\/100\n|-heal|p2a: Amoonguss|12\/100|[from] drain|[of] p1a: Landorus\n|\n|-heal|p1a: Landorus|40\/100|[from] item: Leftovers\n|-heal|p2a: Amoonguss|18\/100|[from] item: Black Sludge\n|upkeep\n|turn|25\n|\n|t:|1698609653\n|switch|p2a: Hydreigon|Hydreigon, F|62\/100\n|move|p1a: Landorus|U-turn|p2a: Hydreigon\n|-supereffective|p2a: Hydreigon\n|-damage|p2a: Hydreigon|14\/100\n|\n|t:|1698609682\n|switch|p1a: Samurott|Samurott, M, shiny|94\/100|[from] U-turn\n|-damage|p1a: Samurott|88\/100|[from] Stealth Rock\n|\n|upkeep\n|turn|26\n|\n|t:|1698609752\n|switch|p2a: Amoonguss|Amoonguss, F|52\/100\n|move|p1a: Samurott|Shell Smash|p1a: Samurott\n|-unboost|p1a: Samurott|def|1\n|-unboost|p1a: Samurott|spd|1\n|-boost|p1a: Samurott|atk|2\n|-boost|p1a: Samurott|spa|2\n|-boost|p1a: Samurott|spe|2\n|\n|-heal|p2a: Amoonguss|58\/100|[from] item: Black Sludge\n|upkeep\n|turn|27\n|\n|t:|1698609768\n|move|p1a: Samurott|Razor Shell|p2a: Amoonguss\n|-resisted|p2a: Amoonguss\n|-damage|p2a: Amoonguss|6\/100\n|move|p2a: Amoonguss|Spore|p1a: Samurott\n|-status|p1a: Samurott|slp|[from] move: Spore\n|\n|-heal|p2a: Amoonguss|12\/100|[from] item: Black Sludge\n|upkeep\n|turn|28\n|c|\u2606PatoPatito08|NBOOOO\n|\n|t:|1698609777\n|cant|p1a: Samurott|slp\n|move|p2a: Amoonguss|Giga Drain|p1a: Samurott\n|-damage|p1a: Samurott|45\/100 slp\n|-heal|p2a: Amoonguss|29\/100|[from] drain|[of] p1a: Samurott\n|\n|-heal|p2a: Amoonguss|35\/100|[from] item: Black Sludge\n|upkeep\n|turn|29\n|\n|t:|1698609782\n|-curestatus|p1a: Samurott|slp|[msg]\n|move|p1a: Samurott|Razor Shell|p2a: Amoonguss\n|-resisted|p2a: Amoonguss\n|-damage|p2a: Amoonguss|0 fnt\n|faint|p2a: Amoonguss\n|\n|upkeep\n|\n|t:|1698609785\n|switch|p2a: Hydreigon|Hydreigon, F|14\/100\n|turn|30\n|c|\u2606PatoPatito08|SIII\n|c|\u2606elbazismail2|gg\n|\n|t:|1698609794\n|move|p1a: Samurott|Sacred Sword|p2a: Hydreigon\n|-supereffective|p2a: Hydreigon\n|-damage|p2a: Hydreigon|0 fnt\n|faint|p2a: Hydreigon\n|\n|upkeep\n|c| ElBau1129|gg\n|c|\u2606elbazismail2|dos veces\n|\n|t:|1698609799\n|switch|p2a: Volcarona|Volcarona, M|22\/100\n|turn|31\n|c|\u2606PatoPatito08|bueno tambien te hize min damage as\u00ed que medio lo compensa\n|\n|t:|1698609810\n|move|p1a: Samurott|Razor Shell|p2a: Volcarona\n|-supereffective|p2a: Volcarona\n|-damage|p2a: Volcarona|0 fnt\n|faint|p2a: Volcarona\n|\n|upkeep\n|\n|t:|1698609815\n|switch|p2a: Samurott|Samurott, F|100\/100\n|turn|32\n|c| zSlowKiller|samurott god\n|c| zSlowKiller|remonta\n|\n|t:|1698609819\n|move|p1a: Samurott|Sacred Sword|p2a: Samurott\n|-supereffective|p2a: Samurott\n|-damage|p2a: Samurott|0 fnt\n|faint|p2a: Samurott\n|\n|win|PatoPatito08\n|c| zSlowKiller|1 a 5\n|c| zSlowKiller|noooo\n|c| Litrowo|all palo\n|l|\u2606elbazismail2\n|j|\u2606elbazismail2\n|player|p2|elbazismail2|101\n","uploadtime":1698609827,"views":8,"p1id":"patopatito08","p2id":"elbazismail2","formatid":"gen9anythinggoes","rating":0,"private":0,"password":""}