{"id":"radicalred-gen9anythinggoes-539012","p1":"Rhava","p2":"ThePipoShow","format":"[Gen 9] Anything Goes","log":"|j|\u2606Rhava\n|j|\u2606ThePipoShow\n|t:|1698526915\n|gametype|singles\n|player|p1|Rhava|rr-infernape|\n|player|p2|ThePipoShow|rr-gengar|\n|teamsize|p1|6\n|teamsize|p2|6\n|gen|9\n|tier|[Gen 9] Anything Goes\n|rule|HP Percentage Mod: HP is shown in percentages\n|rule|Endless Battle Clause: Forcing endless battles is banned\n|rule|Sleep Clause Mod: Limit one foe put to sleep\n|clearpoke\n|poke|p1|Ferrothorn, F|\n|poke|p1|Cofagrigus, M|\n|poke|p1|Landorus, M|\n|poke|p1|Conkeldurr, F|\n|poke|p1|Darmanitan, F|\n|poke|p1|Hydreigon, M|\n|poke|p2|Emboar, M|\n|poke|p2|Unfezant, F|\n|poke|p2|Krookodile, M|\n|poke|p2|Amoonguss, F|\n|poke|p2|Golurk|\n|poke|p2|Keldeo-Resolute|\n|teampreview\n|j| PatoPatito08\n|j| zSlowKiller\n|\n|t:|1698526952\n|start\n|switch|p1a: Darmanitan|Darmanitan, F|100\/100\n|switch|p2a: Humo Obsequio|Golurk|100\/100\n|turn|1\n|j| Toxic Ariados\n|l| Toxic Ariados\n|\n|t:|1698527004\n|move|p1a: Darmanitan|U-turn|p2a: Humo Obsequio\n|-resisted|p2a: Humo Obsequio\n|-damage|p2a: Humo Obsequio|89\/100\n|\n|t:|1698527041\n|switch|p1a: Cofagrigus|Cofagrigus, M|100\/100|[from] U-turn\n|move|p2a: Humo Obsequio|Headlong Rush|p1a: Cofagrigus\n|-damage|p1a: Cofagrigus|63\/100\n|-unboost|p2a: Humo Obsequio|def|1\n|-unboost|p2a: Humo Obsequio|spd|1\n|-damage|p2a: Humo Obsequio|72\/100|[from] item: Rocky Helmet|[of] p1a: Cofagrigus\n|\n|upkeep\n|turn|2\n|j| ElBau1129\n|c|\u2606ThePipoShow|ohnoermano\n|\n|t:|1698527106\n|switch|p1a: Landorus|Landorus, M|100\/100\n|move|p2a: Humo Obsequio|Headlong Rush|p1a: Landorus\n|-immune|p1a: Landorus\n|\n|upkeep\n|turn|3\n|\n|t:|1698527125\n|switch|p2a: Mal Tango|Amoonguss, F|100\/100\n|move|p1a: Landorus|Sludge Wave|p2a: Mal Tango\n|-damage|p2a: Mal Tango|62\/100\n|\n|-heal|p2a: Mal Tango|68\/100|[from] item: Black Sludge\n|upkeep\n|turn|4\n|c|\u2606ThePipoShow|COACHER DETECTADO \ud83d\udde3\ud83d\udde3\ud83d\udd25\ud83d\udd25 COACHER DETECTADO \ud83d\udde3\ud83d\udde3\ud83d\udd25\ud83d\udd25 COACHER DETECTADO \ud83d\udde3\ud83d\udde3\ud83d\udd25\ud83d\udd25 COACHER DETECTADO \ud83d\udde3\ud83d\udde3\ud83d\udd25\ud83d\udd25 COACHER DETECTADO \ud83d\udde3\ud83d\udde3\ud83d\udd25\ud83d\udd25 COACHER DETECTADO \ud83d\udde3\ud83d\udde3\ud83d\udd25\ud83d\udd25 COACHER DETECTADO \ud83d\udde3\ud83d\udde3\ud83d\udd25\ud83d\udd25 COACHER DETECTADO \ud83d\udde3\ud83d\udde3\ud83d\udd25\ud83d\udd25 \n|\n|t:|1698527173\n|switch|p1a: Ferrothorn|Ferrothorn, F|100\/100\n|move|p2a: Mal Tango|Spore|p1a: Ferrothorn\n|-immune|p1a: Ferrothorn\n|\n|-heal|p2a: Mal Tango|74\/100|[from] item: Black Sludge\n|upkeep\n|turn|5\n|j| Litrowo\n|c| Litrowo|pipo\n|\n|t:|1698527211\n|switch|p2a: Rupertino|Keldeo-Resolute|100\/100\n|move|p1a: Ferrothorn|Leech Seed|p2a: Rupertino\n|-start|p2a: Rupertino|move: Leech Seed\n|\n|-damage|p2a: Rupertino|88\/100|[from] Leech Seed|[of] p1a: Ferrothorn\n|upkeep\n|turn|6\n|c| Litrowo|saca a reshiram\n|c| zSlowKiller|hola litro\n|c|\u2606ThePipoShow|COACHER DETECTADO \ud83d\udde3\ud83d\udde3\ud83d\udd25\ud83d\udd25 \n|\n|t:|1698527227\n|switch|p1a: Cofagrigus|Cofagrigus, M|63\/100\n|move|p2a: Rupertino|Secret Sword|p1a: Cofagrigus\n|-immune|p1a: Cofagrigus\n|\n|-damage|p2a: Rupertino|76\/100|[from] Leech Seed|[of] p1a: Cofagrigus\n|-heal|p1a: Cofagrigus|75\/100|[silent]\n|upkeep\n|turn|7\n|c| Litrowo|pipo con zekrom ganas\n|j| 00Coosm0\n|\n|t:|1698527267\n|switch|p2a: Cocido Privado|Krookodile, M|100\/100\n|move|p1a: Cofagrigus|Hex|p2a: Cocido Privado\n|-resisted|p2a: Cocido Privado\n|-damage|p2a: Cocido Privado|86\/100\n|\n|upkeep\n|turn|8\n|c| 00Coosm0|que tan bueno es el cofagrigus?\n|\n|t:|1698527286\n|move|p2a: Cocido Privado|Wicked Blow|p1a: Cofagrigus\n|-supereffective|p1a: Cofagrigus\n|-crit|p1a: Cofagrigus\n|-damage|p1a: Cofagrigus|14\/100\n|-damage|p2a: Cocido Privado|70\/100|[from] item: Rocky Helmet|[of] p1a: Cofagrigus\n|move|p1a: Cofagrigus|Will-O-Wisp|p2a: Cocido Privado\n|-status|p2a: Cocido Privado|brn\n|\n|-damage|p2a: Cocido Privado|64\/100 brn|[from] brn\n|upkeep\n|turn|9\n|\n|t:|1698527299\n|move|p2a: Cocido Privado|Wicked Blow|p1a: Cofagrigus\n|-supereffective|p1a: Cofagrigus\n|-crit|p1a: Cofagrigus\n|-damage|p1a: Cofagrigus|0 fnt\n|-damage|p2a: Cocido Privado|47\/100 brn|[from] item: Rocky Helmet|[of] p1a: Cofagrigus\n|faint|p1a: Cofagrigus\n|-ability|p2a: Cocido Privado|Moxie|boost\n|-boost|p2a: Cocido Privado|atk|1\n|\n|-damage|p2a: Cocido Privado|41\/100 brn|[from] brn\n|upkeep\n|\n|t:|1698527325\n|switch|p1a: Darmanitan|Darmanitan, F|100\/100\n|turn|10\n|c| Litrowo|cocido privado mi papa\n|c| zSlowKiller|Litrowo\n|c| zSlowKiller|como vas a perder\n|l| ElBau1129\n|c| 00Coosm0|soy malo?\n|c| zSlowKiller|no\n|c| 00Coosm0|ay cabron\n|c| zSlowKiller|hermano\n|\n|t:|1698527415\n|switch|p2a: Pigga Pro|Emboar, M|100\/100\n|move|p1a: Darmanitan|U-turn|p2a: Pigga Pro\n|-resisted|p2a: Pigga Pro\n|-damage|p2a: Pigga Pro|93\/100\n|c| zSlowKiller|ese zoroark se fumo\n|c|\u2606ThePipoShow|PIGGA PRIME\n|\n|t:|1698527466\n|switch|p1a: Conkeldurr|Conkeldurr, F|100\/100|[from] U-turn\n|\n|-status|p1a: Conkeldurr|brn|[from] item: Flame Orb\n|upkeep\n|turn|11\n|\n|t:|1698527520\n|move|p1a: Conkeldurr|Mach Punch|p2a: Pigga Pro\n|-damage|p2a: Pigga Pro|50\/100\n|move|p2a: Pigga Pro|Flare Blitz|p1a: Conkeldurr\n|-damage|p1a: Conkeldurr|28\/100 brn\n|-damage|p2a: Pigga Pro|27\/100|[from] Recoil\n|\n|-damage|p1a: Conkeldurr|22\/100 brn|[from] brn\n|upkeep\n|turn|12\n|\n|t:|1698527541\n|switch|p2a: Humo Obsequio|Golurk|72\/100\n|move|p1a: Conkeldurr|Mach Punch|p2a: Humo Obsequio\n|-immune|p2a: Humo Obsequio\n|\n|-damage|p1a: Conkeldurr|16\/100 brn|[from] brn\n|upkeep\n|turn|13\n|\n|t:|1698527562\n|move|p2a: Humo Obsequio|Ice Punch|p1a: Conkeldurr\n|-damage|p1a: Conkeldurr|0 fnt\n|faint|p1a: Conkeldurr\n|\n|upkeep\n|\n|t:|1698527571\n|switch|p1a: Hydreigon|Hydreigon, M|100\/100\n|turn|14\n|c| Litrowo|humo obsequio es mi hijo\n|c| Litrowo|yo le puse el nombre\n|\n|t:|1698527588\n|switch|p2a: Pigga Pro|Emboar, M|27\/100\n|move|p1a: Hydreigon|Dark Hole|p2a: Pigga Pro\n|-resisted|p2a: Pigga Pro\n|-damage|p2a: Pigga Pro|0 fnt\n|faint|p2a: Pigga Pro\n|\n|upkeep\n|c|\u2606ThePipoShow|GG PIGGA\n|c| Litrowo|NOOO PIGGA\n|c|\u2606ThePipoShow|PERDI\n|\n|t:|1698527601\n|switch|p2a: Rupertino|Keldeo-Resolute|76\/100\n|turn|15\n|c| zSlowKiller|litro\n|c| zSlowKiller|que opinas\n|c| zSlowKiller|de\n|\n|t:|1698527628\n|switch|p1a: Landorus|Landorus, M|100\/100\n|move|p2a: Rupertino|Secret Sword|p1a: Landorus\n|-resisted|p1a: Landorus\n|-damage|p1a: Landorus|54\/100\n|-damage|p2a: Rupertino|66\/100|[from] item: Life Orb\n|\n|upkeep\n|turn|16\n|j| WybeRx\n|c| zSlowKiller|cocido privado\n|\n|t:|1698527666\n|switch|p1a: Ferrothorn|Ferrothorn, F|100\/100\n|move|p2a: Rupertino|Scald|p1a: Ferrothorn\n|-resisted|p1a: Ferrothorn\n|-damage|p1a: Ferrothorn|84\/100\n|-damage|p2a: Rupertino|56\/100|[from] item: Life Orb\n|\n|-heal|p1a: Ferrothorn|90\/100|[from] item: Leftovers\n|upkeep\n|turn|17\n|\n|t:|1698527676\n|switch|p1a: Landorus|Landorus, M|54\/100\n|move|p2a: Rupertino|Secret Sword|p1a: Landorus\n|-resisted|p1a: Landorus\n|-damage|p1a: Landorus|6\/100\n|-damage|p2a: Rupertino|46\/100|[from] item: Life Orb\n|\n|upkeep\n|turn|18\n|\n|t:|1698527684\n|move|p2a: Rupertino|Secret Sword|p1a: Landorus\n|-resisted|p1a: Landorus\n|-damage|p1a: Landorus|0 fnt\n|faint|p1a: Landorus\n|-damage|p2a: Rupertino|36\/100|[from] item: Life Orb\n|\n|upkeep\n|\n|t:|1698527743\n|switch|p1a: Darmanitan|Darmanitan, F|100\/100\n|turn|19\n|\n|t:|1698527754\n|switch|p2a: Estallar Lavanda|Unfezant, F|100\/100\n|move|p1a: Darmanitan|Flare Blitz|p2a: Estallar Lavanda\n|-damage|p2a: Estallar Lavanda|0 fnt\n|faint|p2a: Estallar Lavanda\n|-damage|p1a: Darmanitan|72\/100|[from] Recoil\n|\n|upkeep\n|\n|t:|1698527805\n|switch|p2a: Humo Obsequio|Golurk|72\/100\n|turn|20\n|\n|t:|1698527826\n|switch|p1a: Hydreigon|Hydreigon, M|100\/100\n|move|p2a: Humo Obsequio|Headlong Rush|p1a: Hydreigon\n|-immune|p1a: Hydreigon|[from] ability: Levitate\n|\n|upkeep\n|turn|21\n|\n|t:|1698527843\n|switch|p2a: Mal Tango|Amoonguss, F|100\/100\n|move|p1a: Hydreigon|Dark Hole|p2a: Mal Tango\n|-damage|p2a: Mal Tango|45\/100\n|\n|-heal|p2a: Mal Tango|51\/100|[from] item: Black Sludge\n|upkeep\n|turn|22\n|\n|t:|1698527872\n|move|p1a: Hydreigon|Dark Hole|p2a: Mal Tango\n|-damage|p2a: Mal Tango|0 fnt\n|faint|p2a: Mal Tango\n|\n|upkeep\n|\n|t:|1698527880\n|switch|p2a: Rupertino|Keldeo-Resolute|36\/100\n|turn|23\n|\n|t:|1698527919\n|switch|p1a: Ferrothorn|Ferrothorn, F|90\/100\n|move|p2a: Rupertino|Secret Sword|p1a: Ferrothorn\n|-supereffective|p1a: Ferrothorn\n|-damage|p1a: Ferrothorn|0 fnt\n|faint|p1a: Ferrothorn\n|-damage|p2a: Rupertino|26\/100|[from] item: Life Orb\n|\n|upkeep\n|\n|t:|1698527926\n|switch|p1a: Darmanitan|Darmanitan, F|72\/100\n|turn|24\n|c|\u2606ThePipoShow|ey rhava\n|c|\u2606ThePipoShow|y si me dejas ganar\n|c|\u2606ThePipoShow|asi\n|c|\u2606ThePipoShow|de amigos\n|c|\u2606Rhava|no lo se \n|j| Storm_WaterTime\n|c|\u2606ThePipoShow|me olvide\n|c|\u2606ThePipoShow|gl\n|\n|t:|1698528004\n|switch|p2a: Humo Obsequio|Golurk|72\/100\n|move|p1a: Darmanitan|Flare Blitz|p2a: Humo Obsequio\n|-crit|p2a: Humo Obsequio\n|-damage|p2a: Humo Obsequio|0 fnt\n|faint|p2a: Humo Obsequio\n|-damage|p1a: Darmanitan|45\/100|[from] Recoil\n|\n|upkeep\n|\n|t:|1698528015\n|switch|p2a: Cocido Privado|Krookodile, M|41\/100 brn\n|turn|25\n|c|\u2606ThePipoShow|ay cabron\n|\n|t:|1698528093\n|move|p1a: Darmanitan|Flare Blitz|p2a: Cocido Privado\n|-damage|p2a: Cocido Privado|0 fnt\n|faint|p2a: Cocido Privado\n|-damage|p1a: Darmanitan|33\/100|[from] Recoil\n|\n|upkeep\n|\n|t:|1698528100\n|switch|p2a: Rupertino|Keldeo-Resolute|26\/100\n|turn|26\n|\n|t:|1698528108\n|move|p1a: Darmanitan|Flare Blitz|p2a: Rupertino\n|-resisted|p2a: Rupertino\n|-crit|p2a: Rupertino\n|-damage|p2a: Rupertino|0 fnt\n|faint|p2a: Rupertino\n|-damage|p1a: Darmanitan|25\/100|[from] Recoil\n|\n|win|Rhava\n|c| Litrowo|rupertino haz algo\n|c| Litrowo|gg\n|c|\u2606ThePipoShow|ahh\n|c| 00Coosm0|para pensar se\u00f1ores\n|c|\u2606ThePipoShow|GG\n|c| PatoPatito08|gg\n|c|\u2606Rhava|gg\n","uploadtime":1698528134,"views":10,"p1id":"rhava","p2id":"thepiposhow","formatid":"gen9anythinggoes","rating":0,"private":0,"password":""}