{"id":"radicalred-gen9anythinggoes-534260","p1":"00Coosm0","p2":"Gerecht","format":"[Gen 9] Anything Goes","log":"|j|\u260600Coosm0\n|j|\u2606Gerecht\n|t:|1697759295\n|gametype|singles\n|player|p1|00Coosm0|rr-deoxys|\n|player|p2|Gerecht|rr-cinderace|\n|teamsize|p1|6\n|teamsize|p2|6\n|gen|9\n|tier|[Gen 9] Anything Goes\n|rule|HP Percentage Mod: HP is shown in percentages\n|rule|Endless Battle Clause: Forcing endless battles is banned\n|clearpoke\n|poke|p1|Keldeo-Resolute|\n|poke|p1|Jellicent, F|\n|poke|p1|Ferrothorn, M|\n|poke|p1|Cinccino, F|\n|poke|p1|Zoroark, F|\n|poke|p1|Krookodile, M|\n|poke|p2|Ferrothorn, F|\n|poke|p2|Mienshao, M|\n|poke|p2|Darmanitan, F|\n|poke|p2|Cofagrigus, M|\n|poke|p2|Jellicent, M|\n|poke|p2|Landorus-Therian, M|\n|teampreview\n|j| Gosnei\n|l| Gosnei\n|j| Shotokekipurin\n|\n|t:|1697759356\n|start\n|switch|p1a: Ferrothorn|Ferrothorn, M|100\/100\n|switch|p2a: Ese soy yo|Darmanitan, F|100\/100\n|turn|1\n|\n|t:|1697759389\n|switch|p1a: Jellicent|Jellicent, F|100\/100\n|move|p2a: Ese soy yo|U-turn|p1a: Jellicent\n|-resisted|p1a: Jellicent\n|-damage|p1a: Jellicent|88\/100\n|\n|t:|1697759412\n|switch|p2a: Cae|Ferrothorn, F|100\/100|[from] U-turn\n|\n|-heal|p1a: Jellicent|94\/100|[from] item: Leftovers\n|upkeep\n|turn|2\n|\n|t:|1697759431\n|switch|p1a: Ferrothorn|Ferrothorn, M|100\/100\n|move|p2a: Cae|Knock Off|p1a: Ferrothorn\n|-damage|p1a: Ferrothorn|88\/100\n|-damage|p2a: Cae|88\/100|[from] ability: Iron Barbs|[of] p1a: Ferrothorn\n|-damage|p2a: Cae|72\/100|[from] item: Rocky Helmet|[of] p1a: Ferrothorn\n|-enditem|p1a: Ferrothorn|Rocky Helmet|[from] move: Knock Off|[of] p2a: Cae\n|\n|upkeep\n|turn|3\n|\n|t:|1697759442\n|move|p2a: Cae|Protect|p2a: Cae\n|-singleturn|p2a: Cae|Protect\n|move|p1a: Ferrothorn|Leech Seed|p2a: Cae\n|-activate|p2a: Cae|move: Protect\n|\n|upkeep\n|turn|4\n|\n|t:|1697759483\n|move|p2a: Cae|Leech Seed|p1a: Ferrothorn\n|-immune|p1a: Ferrothorn\n|move|p1a: Ferrothorn|Gyro Ball|p2a: Cae\n|-resisted|p2a: Cae\n|-damage|p2a: Cae|66\/100\n|-damage|p1a: Ferrothorn|75\/100|[from] ability: Iron Barbs|[of] p2a: Cae\n|-damage|p1a: Ferrothorn|59\/100|[from] item: Rocky Helmet|[of] p2a: Cae\n|\n|upkeep\n|turn|5\n|c|\u260600Coosm0|dios\n|\n|t:|1697759500\n|move|p2a: Cae|Protect|p2a: Cae\n|-singleturn|p2a: Cae|Protect\n|move|p1a: Ferrothorn|Leech Seed|p2a: Cae\n|-activate|p2a: Cae|move: Protect\n|\n|upkeep\n|turn|6\n|\n|t:|1697759520\n|switch|p2a: Hermana de Draki|Cofagrigus, M|100\/100\n|move|p1a: Ferrothorn|Leech Seed|p2a: Hermana de Draki\n|-start|p2a: Hermana de Draki|move: Leech Seed\n|\n|-damage|p2a: Hermana de Draki|88\/100|[from] Leech Seed|[of] p1a: Ferrothorn\n|-heal|p1a: Ferrothorn|70\/100|[silent]\n|upkeep\n|turn|7\n|\n|t:|1697759546\n|switch|p1a: Jellicent|Jellicent, F|100\/100\n|move|p2a: Hermana de Draki|Will-O-Wisp|p1a: Jellicent\n|-status|p1a: Jellicent|brn\n|\n|-heal|p2a: Hermana de Draki|94\/100|[from] item: Leftovers\n|-damage|p2a: Hermana de Draki|82\/100|[from] Leech Seed|[of] p1a: Jellicent\n|-damage|p1a: Jellicent|94\/100 brn|[from] brn\n|upkeep\n|turn|8\n|\n|t:|1697759557\n|switch|p2a: Cae|Ferrothorn, F|66\/100\n|move|p1a: Jellicent|Dark Hole|p2a: Cae\n|-damage|p2a: Cae|0 fnt\n|faint|p2a: Cae\n|\n|-damage|p1a: Jellicent|88\/100 brn|[from] brn\n|upkeep\n|c|\u260600Coosm0|estaba raro ese jellicent\n|\n|t:|1697759585\n|switch|p2a: Ese soy yo|Darmanitan, F|100\/100\n|turn|9\n|\n|t:|1697759589\n|switch|p1a: Jellicent|Jellicent, F|94\/100\n|move|p2a: Ese soy yo|U-turn|p1a: Jellicent\n|-resisted|p1a: Jellicent\n|-damage|p1a: Jellicent|81\/100\n|\n|t:|1697759604\n|switch|p2a: toco y voy|Mienshao, M|100\/100|[from] U-turn\n|\n|-heal|p1a: Jellicent|87\/100|[from] item: Leftovers\n|upkeep\n|turn|10\n|\n|t:|1697759651\n|switch|p1a: Ferrothorn|Ferrothorn, M|70\/100\n|move|p2a: toco y voy|Knock Off|p1a: Ferrothorn\n|-damage|p1a: Ferrothorn|57\/100\n|-damage|p2a: toco y voy|88\/100|[from] ability: Iron Barbs|[of] p1a: Ferrothorn\n|\n|upkeep\n|turn|11\n|\n|t:|1697759672\n|move|p2a: toco y voy|Close Combat|p1a: Ferrothorn\n|-supereffective|p1a: Ferrothorn\n|-damage|p1a: Ferrothorn|0 fnt\n|-unboost|p2a: toco y voy|def|1\n|-unboost|p2a: toco y voy|spd|1\n|-damage|p2a: toco y voy|75\/100|[from] ability: Iron Barbs|[of] p1a: Ferrothorn\n|faint|p1a: Ferrothorn\n|\n|upkeep\n|\n|t:|1697759716\n|switch|p1a: Cinccino|Cinccino, F|100\/100\n|turn|12\n|\n|t:|1697759771\n|switch|p2a: Jose mauel|Landorus-Therian, M|100\/100\n|-ability|p2a: Jose mauel|Intimidate|boost\n|-unboost|p1a: Cinccino|atk|1\n|move|p1a: Cinccino|Triple Axel|p2a: Jose mauel\n|-supereffective|p2a: Jose mauel\n|-damage|p2a: Jose mauel|72\/100\n|-supereffective|p2a: Jose mauel\n|-damage|p2a: Jose mauel|23\/100\n|-enditem|p2a: Jose mauel|Sitrus Berry|[eat]\n|-heal|p2a: Jose mauel|48\/100|[from] item: Sitrus Berry\n|-supereffective|p2a: Jose mauel\n|-damage|p2a: Jose mauel|0 fnt\n|faint|p2a: Jose mauel\n|-hitcount|p2: Jose mauel|3\n|\n|upkeep\n|c|\u2606Gerecht|gg\n|\n|t:|1697759787\n|switch|p2a: Ese soy yo|Darmanitan, F|100\/100\n|turn|13\n|\n|t:|1697759813\n|switch|p1a: Jellicent|Jellicent, F|87\/100\n|move|p2a: Ese soy yo|Superpower|p1a: Jellicent\n|-immune|p1a: Jellicent\n|\n|-heal|p1a: Jellicent|93\/100|[from] item: Leftovers\n|upkeep\n|turn|14\n|\n|t:|1697759835\n|switch|p2a: Tet**|Jellicent, M|100\/100\n|move|p1a: Jellicent|Water Spout|p2a: Tet**\n|-resisted|p2a: Tet**\n|-damage|p2a: Tet**|65\/100\n|\n|-heal|p1a: Jellicent|99\/100|[from] item: Leftovers\n|upkeep\n|turn|15\n|c|\u2606Gerecht|ya perdi XD\n|\n|t:|1697759859\n|move|p2a: Tet**|Shadow Ball|p1a: Jellicent\n|-supereffective|p1a: Jellicent\n|-damage|p1a: Jellicent|62\/100\n|-unboost|p1a: Jellicent|spd|1\n|move|p1a: Jellicent|Shadow Ball|p2a: Tet**\n|-supereffective|p2a: Tet**\n|-damage|p2a: Tet**|27\/100\n|\n|-heal|p1a: Jellicent|68\/100|[from] item: Leftovers\n|upkeep\n|turn|16\n|\n|t:|1697759889\n|switch|p1a: Jellicent|Jellicent, F|88\/100 brn\n|move|p2a: Tet**|Recover|p2a: Tet**\n|-heal|p2a: Tet**|77\/100\n|\n|-damage|p1a: Jellicent|82\/100 brn|[from] brn\n|upkeep\n|turn|17\n|c|\u260600Coosm0|porque lo dices\n|\n|t:|1697759905\n|switch|p2a: toco y voy|Mienshao, M|100\/100\n|move|p1a: Jellicent|Dark Hole|p2a: toco y voy\n|-resisted|p2a: toco y voy\n|-damage|p2a: toco y voy|3\/100\n|\n|-damage|p1a: Jellicent|76\/100 brn|[from] brn\n|upkeep\n|turn|18\n|\n|t:|1697759923\n|move|p2a: toco y voy|Fake Out|p1a: Jellicent\n|-damage|p1a: Jellicent|51\/100 brn\n|replace|p1a: Zoroark|Zoroark, F\n|-end|p1a: Zoroark|Illusion\n|cant|p1a: Zoroark|flinch\n|\n|-damage|p1a: Zoroark|45\/100 brn|[from] brn\n|upkeep\n|turn|19\n|c|\u260600Coosm0|oh no hermano\n|c|\u260600Coosm0|me descubrieron\n|\n|t:|1697759942\n|move|p1a: Zoroark|Dark Hole|p2a: toco y voy\n|-resisted|p2a: toco y voy\n|-damage|p2a: toco y voy|0 fnt\n|faint|p2a: toco y voy\n|\n|-damage|p1a: Zoroark|39\/100 brn|[from] brn\n|upkeep\n|\n|t:|1697759946\n|switch|p2a: Ese soy yo|Darmanitan, F|100\/100\n|turn|20\n|\n|t:|1697759956\n|switch|p1a: Jellicent|Jellicent, F|68\/100\n|move|p2a: Ese soy yo|U-turn|p1a: Jellicent\n|-resisted|p1a: Jellicent\n|-damage|p1a: Jellicent|54\/100\n|\n|t:|1697759960\n|switch|p2a: Hermana de Draki|Cofagrigus, M|82\/100|[from] U-turn\n|\n|-heal|p1a: Jellicent|61\/100|[from] item: Leftovers\n|-heal|p2a: Hermana de Draki|88\/100|[from] item: Leftovers\n|upkeep\n|turn|21\n|j| luxrayh\n|\n|t:|1697759981\n|switch|p1a: Keldeo|Keldeo-Resolute|100\/100\n|move|p2a: Hermana de Draki|Will-O-Wisp|p1a: Keldeo\n|-status|p1a: Keldeo|brn\n|\n|-heal|p2a: Hermana de Draki|94\/100|[from] item: Leftovers\n|-damage|p1a: Keldeo|94\/100 brn|[from] brn\n|upkeep\n|turn|22\n|\n|t:|1697759992\n|move|p2a: Hermana de Draki|Protect|p2a: Hermana de Draki\n|-singleturn|p2a: Hermana de Draki|Protect\n|move|p1a: Keldeo|Scald|p2a: Hermana de Draki\n|-activate|p2a: Hermana de Draki|move: Protect\n|\n|-heal|p2a: Hermana de Draki|100\/100|[from] item: Leftovers\n|-damage|p1a: Keldeo|88\/100 brn|[from] brn\n|upkeep\n|turn|23\n|\n|t:|1697760005\n|move|p1a: Keldeo|Scald|p2a: Hermana de Draki\n|-damage|p2a: Hermana de Draki|84\/100\n|move|p2a: Hermana de Draki|Hex|p1a: Keldeo\n|-damage|p1a: Keldeo|54\/100 brn\n|\n|-heal|p2a: Hermana de Draki|90\/100|[from] item: Leftovers\n|-damage|p1a: Keldeo|48\/100 brn|[from] brn\n|upkeep\n|turn|24\n|\n|t:|1697760082\n|move|p1a: Keldeo|Scald|p2a: Hermana de Draki\n|-damage|p2a: Hermana de Draki|57\/100\n|move|p2a: Hermana de Draki|Hex|p1a: Keldeo\n|-damage|p1a: Keldeo|17\/100 brn\n|\n|-heal|p2a: Hermana de Draki|64\/100|[from] item: Leftovers\n|-damage|p1a: Keldeo|11\/100 brn|[from] brn\n|upkeep\n|turn|25\n|\n|t:|1697760090\n|move|p2a: Hermana de Draki|Protect|p2a: Hermana de Draki\n|-singleturn|p2a: Hermana de Draki|Protect\n|move|p1a: Keldeo|Scald|p2a: Hermana de Draki\n|-activate|p2a: Hermana de Draki|move: Protect\n|\n|-heal|p2a: Hermana de Draki|70\/100|[from] item: Leftovers\n|-damage|p1a: Keldeo|5\/100 brn|[from] brn\n|upkeep\n|turn|26\n|\n|t:|1697760114\n|switch|p2a: Tet**|Jellicent, M|77\/100\n|move|p1a: Keldeo|Scald|p2a: Tet**\n|-resisted|p2a: Tet**\n|-damage|p2a: Tet**|60\/100\n|\n|-damage|p1a: Keldeo|0 fnt|[from] brn\n|faint|p1a: Keldeo\n|upkeep\n|\n|t:|1697760134\n|switch|p1a: Krookodile|Krookodile, M|39\/100 brn\n|turn|27\n|\n|t:|1697760144\n|move|p1a: Krookodile|Dark Hole|p2a: Tet**\n|-supereffective|p2a: Tet**\n|-crit|p2a: Tet**\n|-damage|p2a: Tet**|0 fnt\n|faint|p2a: Tet**\n|\n|-damage|p1a: Krookodile|33\/100 brn|[from] brn\n|upkeep\n|c|\u260600Coosm0|el kroko esta quemado\n|\n|t:|1697760152\n|switch|p2a: Ese soy yo|Darmanitan, F|100\/100\n|turn|28\n|\n|t:|1697760175\n|switch|p1a: Jellicent|Jellicent, F|61\/100\n|move|p2a: Ese soy yo|Iron Head|p1a: Jellicent\n|-resisted|p1a: Jellicent\n|-damage|p1a: Jellicent|43\/100\n|\n|-heal|p1a: Jellicent|49\/100|[from] item: Leftovers\n|upkeep\n|turn|29\n|\n|t:|1697760184\n|switch|p2a: Hermana de Draki|Cofagrigus, M|70\/100\n|move|p1a: Jellicent|Strength Sap|p2a: Hermana de Draki\n|-unboost|p2a: Hermana de Draki|atk|1\n|-heal|p1a: Jellicent|72\/100\n|\n|-heal|p1a: Jellicent|78\/100|[from] item: Leftovers\n|-heal|p2a: Hermana de Draki|76\/100|[from] item: Leftovers\n|upkeep\n|turn|30\n|\n|t:|1697760220\n|switch|p1a: Krookodile|Krookodile, M|33\/100 brn\n|move|p2a: Hermana de Draki|Protect||[still]\n|-fail|p2a: Hermana de Draki\n|\n|-heal|p2a: Hermana de Draki|82\/100|[from] item: Leftovers\n|-damage|p1a: Krookodile|26\/100 brn|[from] brn\n|upkeep\n|turn|31\n|\n|t:|1697760232\n|move|p2a: Hermana de Draki|Protect|p2a: Hermana de Draki\n|-singleturn|p2a: Hermana de Draki|Protect\n|move|p1a: Krookodile|Dark Hole|p2a: Hermana de Draki\n|-activate|p2a: Hermana de Draki|move: Protect\n|\n|-heal|p2a: Hermana de Draki|89\/100|[from] item: Leftovers\n|-damage|p1a: Krookodile|20\/100 brn|[from] brn\n|upkeep\n|turn|32\n|c|\u260600Coosm0|???\n|c|\u260600Coosm0|ve por la triple\n|c|\u2606Gerecht|es la primera\n|c|\u2606Gerecht|xd\n|c|\u260600Coosm0|cierto\n|l| Shotokekipurin\n|\n|t:|1697760262\n|move|p2a: Hermana de Draki|Protect||[still]\n|-fail|p2a: Hermana de Draki\n|move|p1a: Krookodile|Dark Hole|p2a: Hermana de Draki\n|-supereffective|p2a: Hermana de Draki\n|-damage|p2a: Hermana de Draki|0 fnt\n|faint|p2a: Hermana de Draki\n|\n|-damage|p1a: Krookodile|14\/100 brn|[from] brn\n|upkeep\n|\n|t:|1697760266\n|switch|p2a: Ese soy yo|Darmanitan, F|100\/100\n|turn|33\n|\n|t:|1697760274\n|move|p2a: Ese soy yo|Iron Head|p1a: Krookodile\n|-damage|p1a: Krookodile|0 fnt\n|replace|p1a: Zoroark|Zoroark, F\n|-end|p1a: Zoroark|Illusion\n|faint|p1a: Zoroark\n|\n|upkeep\n|\n|t:|1697760277\n|switch|p1a: Krookodile|Krookodile, M|100\/100\n|-ability|p1a: Krookodile|Intimidate|boost\n|-unboost|p2a: Ese soy yo|atk|1\n|turn|34\n|\n|t:|1697760279\n|switch|p1a: Jellicent|Jellicent, F|78\/100\n|move|p2a: Ese soy yo|Iron Head|p1a: Jellicent\n|-resisted|p1a: Jellicent\n|-damage|p1a: Jellicent|65\/100\n|\n|-heal|p1a: Jellicent|71\/100|[from] item: Leftovers\n|upkeep\n|turn|35\n|\n|t:|1697760285\n|move|p2a: Ese soy yo|Iron Head|p1a: Jellicent\n|-resisted|p1a: Jellicent\n|-damage|p1a: Jellicent|58\/100\n|move|p1a: Jellicent|Water Spout|p2a: Ese soy yo\n|-supereffective|p2a: Ese soy yo\n|-damage|p2a: Ese soy yo|0 fnt\n|faint|p2a: Ese soy yo\n|\n|win|00Coosm0\n|c|\u260600Coosm0|gg\n|l|\u2606Gerecht\n","uploadtime":1697760293,"views":9,"p1id":"00coosm0","p2id":"gerecht","formatid":"gen9anythinggoes","rating":0,"private":0,"password":""}