{"id":"radicalred-gen9anythinggoes-543490","p1":"Blank102010","p2":"don7","format":"[Gen 9] Anything Goes","log":"|j|\u2606Blank102010\n|j|\u2606don7\n|t:|1699378408\n|gametype|singles\n|player|p1|Blank102010|rr-mawilemega|\n|player|p2|don7|rr-deoxys|\n|teamsize|p1|6\n|teamsize|p2|6\n|gen|9\n|tier|[Gen 9] Anything Goes\n|rule|HP Percentage Mod: HP is shown in percentages\n|rule|Endless Battle Clause: Forcing endless battles is banned\n|clearpoke\n|poke|p1|Lunala|\n|poke|p1|Beartic, F|\n|poke|p1|Politoed, F|\n|poke|p1|Walrein, F|\n|poke|p1|Mawile, M|\n|poke|p1|Throh, M|\n|poke|p2|Annihilape, F|\n|poke|p2|Hydreigon, M|\n|poke|p2|Florges, F|\n|poke|p2|Scizor, F|\n|poke|p2|Galvantula, F|\n|poke|p2|Grapploct, F|\n|teampreview\n|j| BauerBob\n|inactive|Battle timer is ON: inactive players will automatically lose when time's up. (requested by Blank102010)\n|inactiveoff|Battle timer is now OFF.\n|\n|t:|1699378608\n|start\n|switch|p1a: Throh|Throh, M, shiny|100\/100\n|switch|p2a: Galvantula|Galvantula, F|100\/100\n|turn|1\n|\n|t:|1699378626\n|move|p2a: Galvantula|Sticky Web|p1a: Throh\n|-sidestart|p1: Blank102010|move: Sticky Web\n|move|p1a: Throh|Rock Tomb|p2a: Galvantula\n|-supereffective|p2a: Galvantula\n|-damage|p2a: Galvantula|0 fnt\n|faint|p2a: Galvantula\n|\n|upkeep\n|j| fucsiada\n|\n|t:|1699378656\n|switch|p2a: Florges|Florges, F|100\/100\n|turn|2\n|\n|t:|1699378688\n|switch|p1a: Politoed|Politoed, F, shiny|100\/100\n|-activate|p1a: Politoed|move: Sticky Web\n|-unboost|p1a: Politoed|spe|1\n|-weather|RainDance|[from] ability: Drizzle|[of] p1a: Politoed\n|move|p2a: Florges|Wish|p2a: Florges\n|\n|-weather|RainDance|[upkeep]\n|upkeep\n|turn|3\n|\n|t:|1699378705\n|move|p2a: Florges|Toxic|p1a: Politoed\n|-status|p1a: Politoed|tox\n|move|p1a: Politoed|Toxic|p2a: Florges\n|-status|p2a: Florges|tox\n|\n|-weather|RainDance|[upkeep]\n|-damage|p2a: Florges|94\/100 tox|[from] psn\n|-damage|p1a: Politoed|94\/100 tox|[from] psn\n|upkeep\n|turn|4\n|\n|t:|1699378715\n|-curestatus|p2a: Florges|tox|[from] ability: Natural Cure\n|switch|p2a: Scizor|Scizor, F|100\/100\n|move|p1a: Politoed|Flip Turn|p2a: Scizor\n|-damage|p2a: Scizor|82\/100\n|\n|t:|1699378755\n|switch|p1a: Lunala|Lunala, shiny|100\/100|[from] Flip Turn\n|\n|-weather|RainDance|[upkeep]\n|upkeep\n|turn|5\n|\n|t:|1699378769\n|detailschange|p2a: Scizor|Scizor-Mega, F\n|-mega|p2a: Scizor|Scizor|Scizorite\n|move|p1a: Lunala|Defog|p2a: Scizor\n|-unboost|p2a: Scizor|evasion|1\n|-sideend|p1: Blank102010|Sticky Web|[from] move: Defog|[of] p1a: Lunala\n|move|p2a: Scizor|Knock Off|p1a: Lunala\n|-supereffective|p1a: Lunala\n|-damage|p1a: Lunala|44\/100\n|-enditem|p1a: Lunala|Heavy-Duty Boots|[from] move: Knock Off|[of] p2a: Scizor\n|\n|-weather|RainDance|[upkeep]\n|upkeep\n|turn|6\n|\n|t:|1699378794\n|switch|p1a: Walrein|Walrein, F, shiny|100\/100\n|move|p2a: Scizor|U-turn|p1a: Walrein\n|-damage|p1a: Walrein|84\/100\n|\n|t:|1699378804\n|switch|p2a: Hydreigon|Hydreigon, M|100\/100|[from] U-turn\n|\n|-weather|RainDance|[upkeep]\n|upkeep\n|turn|7\n|\n|t:|1699378815\n|move|p2a: Hydreigon|Dark Hole|p1a: Walrein\n|-damage|p1a: Walrein|32\/100\n|-damage|p2a: Hydreigon|91\/100|[from] item: Life Orb\n|move|p1a: Walrein|Body Press|p2a: Hydreigon\n|-supereffective|p2a: Hydreigon\n|-damage|p2a: Hydreigon|51\/100\n|\n|-weather|RainDance|[upkeep]\n|upkeep\n|turn|8\n|c|\u2606Blank102010|!dt fur coat\n|raw|<ul class=\"utilichart\"><li class=\"result\"><span class=\"col namecol\"><a href=\"https:\/\/dex.radicalred.net\/abilities\/furcoat\">Fur Coat<\/a><\/span> <span class=\"col abilitydesccol\">This Pokemon's Defense is doubled.<\/span> <\/li><li style=\"clear:both\"><\/li><\/ul>\n|raw|<font size=\"1\"><font color=\"#686868\">Gen:<\/font> 6&nbsp;|&ThickSpace;&#10003; Ignored by Mold Breaker<\/font>\n\n|\n|t:|1699378890\n|move|p2a: Hydreigon|Dark Hole|p1a: Walrein\n|-damage|p1a: Walrein|0 fnt\n|faint|p1a: Walrein\n|-damage|p2a: Hydreigon|41\/100|[from] item: Life Orb\n|\n|-weather|RainDance|[upkeep]\n|upkeep\n|\n|t:|1699378892\n|switch|p1a: Beartic|Beartic, F, shiny|100\/100\n|turn|9\n|\n|t:|1699378909\n|switch|p2a: Annihilape|Annihilape, F|100\/100\n|move|p1a: Beartic|Ice Hammer|p2a: Annihilape\n|-damage|p2a: Annihilape|29\/100\n|\n|-weather|none\n|upkeep\n|turn|10\n|\n|t:|1699378920\n|switch|p1a: Politoed|Politoed, F, shiny|94\/100 tox\n|-weather|RainDance|[from] ability: Drizzle|[of] p1a: Politoed\n|move|p2a: Annihilape|Close Combat|p1a: Politoed\n|-damage|p1a: Politoed|54\/100 tox\n|-unboost|p2a: Annihilape|def|1\n|-unboost|p2a: Annihilape|spd|1\n|\n|-weather|RainDance|[upkeep]\n|-damage|p1a: Politoed|47\/100 tox|[from] psn\n|upkeep\n|turn|11\n|\n|t:|1699378930\n|switch|p2a: Grapploct|Grapploct, F|100\/100\n|move|p1a: Politoed|Flip Turn|p2a: Grapploct\n|-resisted|p2a: Grapploct\n|-damage|p2a: Grapploct|90\/100\n|j| Magic_Cosmoneon\n|\n|t:|1699378956\n|switch|p1a: Lunala|Lunala, shiny|44\/100|[from] Flip Turn\n|\n|-weather|RainDance|[upkeep]\n|upkeep\n|turn|12\n|j| Mr cyphon\n|l| Mr cyphon\n|inactive|Battle timer is ON: inactive players will automatically lose when time's up. (requested by Blank102010)\n|\n|t:|1699379015\n|move|p2a: Grapploct|Sucker Punch||[still]\n|-fail|p2a: Grapploct\n|move|p1a: Lunala|Roost|p1a: Lunala\n|-heal|p1a: Lunala|94\/100\n|-singleturn|p1a: Lunala|move: Roost\n|\n|-weather|RainDance|[upkeep]\n|upkeep\n|turn|13\n|j| ANDWQ\n|\n|t:|1699379029\n|move|p1a: Lunala|Moongeist Beam|p2a: Grapploct\n|-crit|p2a: Grapploct\n|-damage|p2a: Grapploct|0 fnt\n|faint|p2a: Grapploct\n|\n|-weather|RainDance|[upkeep]\n|upkeep\n|\n|t:|1699379037\n|switch|p2a: Hydreigon|Hydreigon, M|41\/100\n|turn|14\n|inactive|Blank102010 has 270 seconds left.\n|\n|t:|1699379073\n|switch|p1a: Throh|Throh, M, shiny|100\/100\n|move|p2a: Hydreigon|Dark Hole|p1a: Throh\n|-resisted|p1a: Throh\n|-damage|p1a: Throh|69\/100\n|-status|p1a: Throh|slp|[from] move: Dark Hole\n|-enditem|p1a: Throh|Chesto Berry|[eat]\n|-curestatus|p1a: Throh|slp|[msg]\n|-damage|p2a: Hydreigon|32\/100|[from] item: Life Orb\n|\n|-weather|RainDance|[upkeep]\n|upkeep\n|turn|15\n|inactive|Blank102010 has 270 seconds left.\n|inactive|Blank102010 has 240 seconds left.\n|\n|t:|1699379123\n|move|p2a: Hydreigon|Draco Meteor|p1a: Throh\n|-damage|p1a: Throh|0 fnt\n|-unboost|p2a: Hydreigon|spa|2\n|faint|p1a: Throh\n|-damage|p2a: Hydreigon|22\/100|[from] item: Life Orb\n|\n|-weather|RainDance|[upkeep]\n|upkeep\n|\n|t:|1699379131\n|switch|p1a: Beartic|Beartic, F, shiny|100\/100\n|turn|16\n|inactive|Blank102010 has 210 seconds left.\n|l| Magic_Cosmoneon\n|\n|t:|1699379158\n|switch|p2a: Scizor|Scizor-Mega, F|82\/100\n|move|p1a: Beartic|Ice Hammer|p2a: Scizor\n|-resisted|p2a: Scizor\n|-damage|p2a: Scizor|63\/100\n|\n|-weather|RainDance|[upkeep]\n|upkeep\n|turn|17\n|inactive|don7 has 270 seconds left.\n|l| ANDWQ\n|inactiveoff|Battle timer is now OFF.\n|\n|t:|1699379213\n|switch|p1a: Mawile|Mawile, M, shiny|100\/100\n|-ability|p1a: Mawile|Intimidate|boost\n|-unboost|p2a: Scizor|atk|1\n|move|p2a: Scizor|Bullet Punch|p1a: Mawile\n|-damage|p1a: Mawile|75\/100\n|\n|-weather|none\n|upkeep\n|turn|18\n|\n|t:|1699379234\n|detailschange|p1a: Mawile|Mawile-Mega, M, shiny\n|-mega|p1a: Mawile|Mawile|Mawilite\n|move|p2a: Scizor|Roost|p2a: Scizor\n|-heal|p2a: Scizor|100\/100\n|-singleturn|p2a: Scizor|move: Roost\n|move|p1a: Mawile|Double Iron Bash|p2a: Scizor\n|-resisted|p2a: Scizor\n|-damage|p2a: Scizor|81\/100\n|-resisted|p2a: Scizor\n|-damage|p2a: Scizor|62\/100\n|-hitcount|p2a: Scizor|2\n|\n|upkeep\n|turn|19\n|\n|t:|1699379253\n|move|p2a: Scizor|U-turn|p1a: Mawile\n|-resisted|p1a: Mawile\n|-damage|p1a: Mawile|70\/100\n|\n|t:|1699379290\n|switch|p2a: Annihilape|Annihilape, F|29\/100|[from] U-turn\n|move|p1a: Mawile|Swords Dance|p1a: Mawile\n|-boost|p1a: Mawile|atk|2\n|\n|upkeep\n|turn|20\n|\n|t:|1699379305\n|move|p1a: Mawile|Sucker Punch||[still]\n|-fail|p1a: Mawile\n|move|p2a: Annihilape|Stealth Rock|p1a: Mawile\n|-sidestart|p1: Blank102010|move: Stealth Rock\n|\n|upkeep\n|turn|21\n|\n|t:|1699379331\n|switch|p2a: Scizor|Scizor-Mega, F|62\/100\n|move|p1a: Mawile|Double Iron Bash|p2a: Scizor\n|-resisted|p2a: Scizor\n|-damage|p2a: Scizor|27\/100\n|-resisted|p2a: Scizor\n|-damage|p2a: Scizor|0 fnt\n|faint|p2a: Scizor\n|-hitcount|p2: Scizor|2\n|\n|upkeep\n|\n|t:|1699379336\n|switch|p2a: Hydreigon|Hydreigon, M|22\/100\n|turn|22\n|\n|t:|1699379347\n|move|p1a: Mawile|Sucker Punch|p2a: Hydreigon\n|-resisted|p2a: Hydreigon\n|-damage|p2a: Hydreigon|0 fnt\n|faint|p2a: Hydreigon\n|\n|upkeep\n|\n|t:|1699379357\n|switch|p2a: Annihilape|Annihilape, F|29\/100\n|turn|23\n|\n|t:|1699379365\n|move|p1a: Mawile|Sucker Punch|p2a: Annihilape\n|-damage|p2a: Annihilape|0 fnt\n|faint|p2a: Annihilape\n|\n|upkeep\n|\n|t:|1699379367\n|switch|p2a: Florges|Florges, F|94\/100\n|turn|24\n|\n|t:|1699379371\n|move|p2a: Florges|Wish|p2a: Florges\n|move|p1a: Mawile|Double Iron Bash|p2a: Florges\n|-supereffective|p2a: Florges\n|-damage|p2a: Florges|0 fnt\n|faint|p2a: Florges\n|-hitcount|p2: Florges|1\n|\n|win|Blank102010\n","uploadtime":1699379383,"views":7,"p1id":"blank102010","p2id":"don7","formatid":"gen9anythinggoes","rating":0,"private":0,"password":""}