{"id":"radicalred-gen9anythinggoes-542698","p1":"don7","p2":"BauerBob","format":"[Gen 9] Anything Goes","log":"|j|\u2606don7\n|j|\u2606BauerBob\n|t:|1699197365\n|gametype|singles\n|player|p1|don7|rr-deoxys|\n|player|p2|BauerBob|rr-lechonk|\n|teamsize|p1|6\n|teamsize|p2|6\n|gen|9\n|tier|[Gen 9] Anything Goes\n|rule|HP Percentage Mod: HP is shown in percentages\n|rule|Endless Battle Clause: Forcing endless battles is banned\n|clearpoke\n|poke|p1|Rotom-Heat|\n|poke|p1|Clefable, F|\n|poke|p1|Grapploct, F|\n|poke|p1|Darmanitan-Galar, F|\n|poke|p1|Annihilape, M|\n|poke|p1|Scizor, M|\n|poke|p2|Jolteon, F|\n|poke|p2|Porygon2|\n|poke|p2|Victini|\n|poke|p2|Vaporeon, M|\n|poke|p2|Wishiwashi-Sevii, F|\n|poke|p2|Quaquaval, M|\n|teampreview\n|j| Blank102010\n|j| fucsiada\n|\n|t:|1699197461\n|start\n|switch|p1a: Darmanitan|Darmanitan-Galar, F|100\/100\n|switch|p2a: Victini|Victini|100\/100\n|-activate|p1a: Darmanitan|ability: Zen Mode\n|detailschange|p1a: Darmanitan|Darmanitan-Galar-Zen, F\n|turn|1\n|c|\u2606don7|!dt darmanitan-galar-zen\n|raw|<div class=\"message\"><ul class=\"utilichart\"><li class=\"result\"><span class=\"col numcol\">Uber<\/span> <span class=\"col iconcol\"><psicon pokemon=\"darmanitangalarzen\"\/><\/span> <span class=\"col pokemonnamecol\" style=\"white-space:nowrap\"><a href=\"https:\/\/dex.radicalred.net\/pokemon\/darmanitangalarzen\" target=\"_blank\">Darmanitan-Galar-Zen<\/a><\/span> <span class=\"col typecol\"><img src=\"https:\/\/play.radicalred.net\/sprites\/types\/Ice.png\" alt=\"Ice\" height=\"14\" width=\"32\"><img src=\"https:\/\/play.radicalred.net\/sprites\/types\/Fire.png\" alt=\"Fire\" height=\"14\" width=\"32\"><\/span> <span style=\"float:left;min-height:26px\"><span class=\"col abilitycol\">Zen Mode<\/span><span class=\"col abilitycol\"><\/span><\/span><span style=\"float:left;min-height:26px\"><span class=\"col statcol\"><em>HP<\/em><br \/>105<\/span> <span class=\"col statcol\"><em>Atk<\/em><br \/>160<\/span> <span class=\"col statcol\"><em>Def<\/em><br \/>55<\/span> <span class=\"col statcol\"><em>SpA<\/em><br \/>30<\/span> <span class=\"col statcol\"><em>SpD<\/em><br \/>55<\/span> <span class=\"col statcol\"><em>Spe<\/em><br \/>135<\/span> <span class=\"col bstcol\"><em>BST<br \/>540<\/em><\/span> <\/span><\/li><li style=\"clear:both\"><\/li><\/ul><\/div>\n|raw|<font size=\"1\"><font color=\"#686868\">Dex#:<\/font> 555&nbsp;|&ThickSpace;<font color=\"#686868\">Gen:<\/font> 8&nbsp;|&ThickSpace;<font color=\"#686868\">Height:<\/font> 1.7 m&nbsp;|&ThickSpace;<font color=\"#686868\">Weight:<\/font> 120 kg <em>(100 BP)<\/em>&nbsp;|&ThickSpace;<font color=\"#686868\">Dex Colour:<\/font> White&nbsp;|&ThickSpace;<font color=\"#686868\">Egg Group(s):<\/font> Field&nbsp;|&ThickSpace;<font color=\"#686868\">Does Not Evolve<\/font><\/font>\n\n|\n|t:|1699197565\n|switch|p2a: Porygon2|Porygon2|100\/100\n|move|p1a: Darmanitan|U-turn|p2a: Porygon2\n|-damage|p2a: Porygon2|81\/100\n|\n|t:|1699197591\n|switch|p1a: Scizor|Scizor, M|100\/100|[from] U-turn\n|\n|upkeep\n|turn|2\n|\n|t:|1699197602\n|switch|p2a: Victini|Victini|100\/100\n|detailschange|p1a: Scizor|Scizor-Mega, M\n|-mega|p1a: Scizor|Scizor|Scizorite\n|move|p1a: Scizor|Knock Off|p2a: Victini\n|-supereffective|p2a: Victini\n|-damage|p2a: Victini|40\/100\n|-enditem|p2a: Victini|Choice Scarf|[from] move: Knock Off|[of] p1a: Scizor\n|\n|upkeep\n|turn|3\n|\n|t:|1699197617\n|switch|p1a: Rotom|Rotom-Heat|100\/100\n|move|p2a: Victini|V-create|p1a: Rotom\n|-resisted|p1a: Rotom\n|-damage|p1a: Rotom|68\/100\n|-unboost|p2a: Victini|spe|1\n|-unboost|p2a: Victini|def|1\n|-unboost|p2a: Victini|spd|1\n|\n|upkeep\n|turn|4\n|\n|t:|1699197649\n|switch|p2a: Wishiwashi|Wishiwashi-Sevii, F|100\/100\n|-formechange|p2a: Wishiwashi|Wishiwashi-Sevii-School||[from] ability: Schooling\n|move|p1a: Rotom|Lava Plume|p2a: Wishiwashi\n|-resisted|p2a: Wishiwashi\n|-damage|p2a: Wishiwashi|93\/100\n|\n|upkeep\n|turn|5\n|\n|t:|1699197674\n|move|p1a: Rotom|Volt Switch|p2a: Wishiwashi\n|-resisted|p2a: Wishiwashi\n|-damage|p2a: Wishiwashi|86\/100\n|\n|t:|1699197678\n|switch|p1a: Scizor|Scizor-Mega, M|100\/100|[from] Volt Switch\n|move|p2a: Wishiwashi|Draco Meteor|p1a: Scizor\n|-resisted|p1a: Scizor\n|-damage|p1a: Scizor|73\/100\n|-unboost|p2a: Wishiwashi|spa|2\n|\n|upkeep\n|turn|6\n|\n|t:|1699197710\n|switch|p2a: Quaquaval|Quaquaval, M|100\/100\n|move|p1a: Scizor|Knock Off|p2a: Quaquaval\n|-resisted|p2a: Quaquaval\n|-damage|p2a: Quaquaval|81\/100\n|-enditem|p2a: Quaquaval|White Herb|[from] move: Knock Off|[of] p1a: Scizor\n|\n|upkeep\n|turn|7\n|\n|t:|1699197727\n|switch|p1a: Annihilape|Annihilape, M|100\/100\n|move|p2a: Quaquaval|Swords Dance|p2a: Quaquaval\n|-boost|p2a: Quaquaval|atk|2\n|\n|upkeep\n|turn|8\n|\n|t:|1699197744\n|move|p1a: Annihilape|Close Combat|p2a: Quaquaval\n|-damage|p2a: Quaquaval|10\/100\n|-unboost|p1a: Annihilape|def|1\n|-unboost|p1a: Annihilape|spd|1\n|move|p2a: Quaquaval|Aqua Step|p1a: Annihilape\n|-damage|p1a: Annihilape|0 fnt\n|-boost|p2a: Quaquaval|spe|1\n|faint|p1a: Annihilape\n|-ability|p2a: Quaquaval|Moxie|boost\n|-boost|p2a: Quaquaval|atk|1\n|\n|upkeep\n|\n|t:|1699197750\n|switch|p1a: Grapploct|Grapploct, F|100\/100\n|turn|9\n|\n|t:|1699197806\n|move|p1a: Grapploct|Mach Punch|p2a: Quaquaval\n|-damage|p2a: Quaquaval|0 fnt\n|faint|p2a: Quaquaval\n|\n|upkeep\n|\n|t:|1699197810\n|switch|p2a: Jolteon|Jolteon, F|100\/100\n|turn|10\n|\n|t:|1699197832\n|move|p1a: Grapploct|Mach Punch|p2a: Jolteon\n|-damage|p2a: Jolteon|39\/100\n|move|p2a: Jolteon|Volt Switch|p1a: Grapploct\n|-supereffective|p1a: Grapploct\n|-damage|p1a: Grapploct|25\/100\n|-damage|p2a: Jolteon|29\/100|[from] item: Life Orb\n|\n|t:|1699197846\n|switch|p2a: Wishiwashi|Wishiwashi-Sevii, F|86\/100|[from] Volt Switch\n|-formechange|p2a: Wishiwashi|Wishiwashi-Sevii-School||[from] ability: Schooling\n|\n|upkeep\n|turn|11\n|\n|t:|1699197895\n|move|p1a: Grapploct|Flip Turn|p2a: Wishiwashi\n|-resisted|p2a: Wishiwashi\n|-damage|p2a: Wishiwashi|65\/100\n|\n|t:|1699197908\n|switch|p1a: Clefable|Clefable, F|100\/100|[from] Flip Turn\n|move|p2a: Wishiwashi|Thunderbolt|p1a: Clefable\n|-damage|p1a: Clefable|64\/100\n|\n|upkeep\n|turn|12\n|\n|t:|1699197919\n|move|p1a: Clefable|Light of Ruin|p2a: Wishiwashi\n|-supereffective|p2a: Wishiwashi\n|-damage|p2a: Wishiwashi|0 fnt\n|faint|p2a: Wishiwashi\n|\n|upkeep\n|\n|t:|1699197953\n|switch|p2a: Victini|Victini|40\/100\n|turn|13\n|\n|t:|1699197963\n|switch|p1a: Rotom|Rotom-Heat|68\/100\n|move|p2a: Victini|Zen Headbutt|p1a: Rotom\n|-crit|p1a: Rotom\n|-damage|p1a: Rotom|18\/100\n|\n|upkeep\n|turn|14\n|\n|t:|1699197972\n|move|p2a: Victini|Zen Headbutt|p1a: Rotom\n|-damage|p1a: Rotom|0 fnt\n|faint|p1a: Rotom\n|\n|upkeep\n|\n|t:|1699197979\n|switch|p1a: Darmanitan|Darmanitan-Galar-Zen, F|100\/100\n|turn|15\n|\n|t:|1699197984\n|switch|p2a: Vaporeon|Vaporeon, M|100\/100\n|move|p1a: Darmanitan|Earthquake|p2a: Vaporeon\n|-damage|p2a: Vaporeon|59\/100\n|\n|-heal|p2a: Vaporeon|65\/100|[from] item: Leftovers\n|upkeep\n|turn|16\n|\n|t:|1699198001\n|switch|p1a: Clefable|Clefable, F|64\/100\n|move|p2a: Vaporeon|Scald|p1a: Clefable\n|-damage|p1a: Clefable|34\/100\n|\n|-heal|p2a: Vaporeon|72\/100|[from] item: Leftovers\n|upkeep\n|turn|17\n|\n|t:|1699198049\n|switch|p2a: Jolteon|Jolteon, F|29\/100\n|move|p1a: Clefable|Soft-Boiled|p1a: Clefable\n|-heal|p1a: Clefable|84\/100\n|\n|upkeep\n|turn|18\n|\n|t:|1699198105\n|move|p2a: Jolteon|Thunderbolt|p1a: Clefable\n|-damage|p1a: Clefable|19\/100\n|-damage|p2a: Jolteon|19\/100|[from] item: Life Orb\n|move|p1a: Clefable|Calm Mind|p1a: Clefable\n|-boost|p1a: Clefable|spa|1\n|-boost|p1a: Clefable|spd|1\n|\n|upkeep\n|turn|19\n|j| Mr cyphon\n|\n|t:|1699198143\n|switch|p1a: Scizor|Scizor-Mega, M|73\/100\n|move|p2a: Jolteon|Thunderbolt|p1a: Scizor\n|-damage|p1a: Scizor|21\/100\n|-damage|p2a: Jolteon|9\/100|[from] item: Life Orb\n|\n|upkeep\n|turn|20\n|\n|t:|1699198187\n|move|p1a: Scizor|Bullet Punch|p2a: Jolteon\n|-resisted|p2a: Jolteon\n|-damage|p2a: Jolteon|0 fnt\n|faint|p2a: Jolteon\n|\n|upkeep\n|\n|t:|1699198193\n|switch|p2a: Victini|Victini|40\/100\n|turn|21\n|\n|t:|1699198222\n|move|p1a: Scizor|Bullet Punch|p2a: Victini\n|-resisted|p2a: Victini\n|-damage|p2a: Victini|24\/100\n|move|p2a: Victini|Bolt Strike|p1a: Scizor\n|-damage|p1a: Scizor|0 fnt\n|faint|p1a: Scizor\n|\n|upkeep\n|\n|t:|1699198226\n|switch|p1a: Darmanitan|Darmanitan-Galar-Zen, F|100\/100\n|turn|22\n|\n|t:|1699198258\n|switch|p2a: Porygon2|Porygon2|81\/100\n|move|p1a: Darmanitan|U-turn|p2a: Porygon2\n|-damage|p2a: Porygon2|59\/100\n|\n|t:|1699198280\n|switch|p1a: Grapploct|Grapploct, F|25\/100|[from] U-turn\n|\n|upkeep\n|turn|23\n|\n|t:|1699198320\n|move|p1a: Grapploct|Mach Punch|p2a: Porygon2\n|-supereffective|p2a: Porygon2\n|-damage|p2a: Porygon2|26\/100\n|move|p2a: Porygon2|Tri Attack|p1a: Grapploct\n|-damage|p1a: Grapploct|0 fnt\n|faint|p1a: Grapploct\n|\n|upkeep\n|\n|t:|1699198327\n|switch|p1a: Darmanitan|Darmanitan-Galar-Zen, F|100\/100\n|turn|24\n|\n|t:|1699198343\n|move|p1a: Darmanitan|Earthquake|p2a: Porygon2\n|-damage|p2a: Porygon2|0 fnt\n|faint|p2a: Porygon2\n|\n|upkeep\n|\n|t:|1699198347\n|switch|p2a: Vaporeon|Vaporeon, M|72\/100\n|turn|25\n|\n|t:|1699198353\n|switch|p1a: Clefable|Clefable, F|19\/100\n|move|p2a: Vaporeon|Scald|p1a: Clefable\n|-damage|p1a: Clefable|0 fnt\n|faint|p1a: Clefable\n|\n|-heal|p2a: Vaporeon|78\/100|[from] item: Leftovers\n|upkeep\n|\n|t:|1699198356\n|switch|p1a: Darmanitan|Darmanitan-Galar-Zen, F|100\/100\n|turn|26\n|\n|t:|1699198366\n|move|p1a: Darmanitan|Earthquake|p2a: Vaporeon\n|-damage|p2a: Vaporeon|38\/100\n|move|p2a: Vaporeon|Scald|p1a: Darmanitan\n|-supereffective|p1a: Darmanitan\n|-damage|p1a: Darmanitan|8\/100\n|\n|-heal|p2a: Vaporeon|44\/100|[from] item: Leftovers\n|upkeep\n|turn|27\n|\n|t:|1699198376\n|move|p1a: Darmanitan|Earthquake|p2a: Vaporeon\n|-damage|p2a: Vaporeon|0 fnt\n|faint|p2a: Vaporeon\n|\n|upkeep\n|\n|t:|1699198389\n|switch|p2a: Victini|Victini|24\/100\n|turn|28\n|\n|t:|1699198393\n|move|p1a: Darmanitan|Earthquake|p2a: Victini\n|-supereffective|p2a: Victini\n|-damage|p2a: Victini|0 fnt\n|faint|p2a: Victini\n|\n|win|don7\n","uploadtime":1699198399,"views":4,"p1id":"don7","p2id":"bauerbob","formatid":"gen9anythinggoes","rating":0,"private":0,"password":""}