{"id":"radicalred-gen9anythinggoes-540090","p1":"Rhava","p2":"Gerecht","format":"[Gen 9] Anything Goes","log":"|j|\u2606Rhava\n|j|\u2606Gerecht\n|t:|1698703049\n|gametype|singles\n|player|p1|Rhava|rr-infernape|\n|player|p2|Gerecht|rr-cinderace|\n|teamsize|p1|6\n|teamsize|p2|6\n|gen|9\n|tier|[Gen 9] Anything Goes\n|rule|HP Percentage Mod: HP is shown in percentages\n|rule|Endless Battle Clause: Forcing endless battles is banned\n|rule|Sleep Clause Mod: Limit one foe put to sleep\n|clearpoke\n|poke|p1|Galvantula, M|\n|poke|p1|Ferrothorn, M|\n|poke|p1|Cofagrigus, F|\n|poke|p1|Landorus, M|\n|poke|p1|Conkeldurr, F|\n|poke|p1|Hydreigon, M|\n|poke|p2|Ferrothorn, M|\n|poke|p2|Mienshao, F|\n|poke|p2|Cofagrigus, F|\n|poke|p2|Jellicent, M|\n|poke|p2|Hydreigon, F|\n|poke|p2|Emboar, F|\n|teampreview\n|\n|t:|1698703069\n|start\n|switch|p1a: Galvantula|Galvantula, M|100\/100\n|switch|p2a: toco y voy|Mienshao, F|100\/100\n|turn|1\n|j| owless\n|j| BraxGrifRow\n|\n|t:|1698703087\n|switch|p1a: Cofagrigus|Cofagrigus, F|100\/100\n|move|p2a: toco y voy|Knock Off|p1a: Cofagrigus\n|-supereffective|p1a: Cofagrigus\n|-damage|p1a: Cofagrigus|81\/100\n|-damage|p2a: toco y voy|84\/100|[from] item: Rocky Helmet|[of] p1a: Cofagrigus\n|-enditem|p1a: Cofagrigus|Rocky Helmet|[from] move: Knock Off|[of] p2a: toco y voy\n|\n|upkeep\n|turn|2\n|\n|t:|1698703121\n|move|p2a: toco y voy|U-turn|p1a: Cofagrigus\n|-resisted|p1a: Cofagrigus\n|-damage|p1a: Cofagrigus|74\/100\n|\n|t:|1698703133\n|switch|p2a: Ujan Mojon|Emboar, F|100\/100|[from] U-turn\n|move|p1a: Cofagrigus|Will-O-Wisp|p2a: Ujan Mojon\n|-immune|p2a: Ujan Mojon\n|\n|upkeep\n|turn|3\n|\n|t:|1698703164\n|move|p2a: Ujan Mojon|Flare Blitz|p1a: Cofagrigus\n|-damage|p1a: Cofagrigus|14\/100\n|-damage|p2a: Ujan Mojon|83\/100|[from] Recoil\n|move|p1a: Cofagrigus|Pain Split|p2a: Ujan Mojon\n|-sethp|p2a: Ujan Mojon|47\/100|[from] move: Pain Split|[silent]\n|-sethp|p1a: Cofagrigus|54\/100|[from] move: Pain Split\n|\n|upkeep\n|turn|4\n|\n|t:|1698703193\n|move|p2a: Ujan Mojon|Flare Blitz|p1a: Cofagrigus\n|-damage|p1a: Cofagrigus|3\/100\n|-damage|p2a: Ujan Mojon|33\/100|[from] Recoil\n|move|p1a: Cofagrigus|Disable|p2a: Ujan Mojon\n|-start|p2a: Ujan Mojon|Disable|Flare Blitz\n|\n|upkeep\n|turn|5\n|\n|t:|1698703204\n|-activate|p2a: Ujan Mojon|move: Struggle\n|move|p2a: Ujan Mojon|Struggle|p1a: Cofagrigus\n|-damage|p1a: Cofagrigus|0 fnt\n|faint|p1a: Cofagrigus\n|-damage|p2a: Ujan Mojon|7\/100|[from] recoil\n|\n|upkeep\n|\n|t:|1698703219\n|switch|p1a: Landorus|Landorus, M|100\/100\n|turn|6\n|\n|t:|1698703253\n|switch|p2a: Tet**|Jellicent, M|100\/100\n|move|p1a: Landorus|Nasty Plot|p1a: Landorus\n|-boost|p1a: Landorus|spa|2\n|\n|upkeep\n|turn|7\n|j| kingtank1026\n|\n|t:|1698703287\n|move|p1a: Landorus|Earth Power|p2a: Tet**\n|-damage|p2a: Tet**|0 fnt\n|faint|p2a: Tet**\n|\n|upkeep\n|l| kingtank1026\n|\n|t:|1698703310\n|switch|p2a: Ujan Mojon|Emboar, F|7\/100\n|turn|8\n|c|\u2606Gerecht|gg\n|\n|t:|1698703329\n|move|p2a: Ujan Mojon|Flare Blitz|p1a: Landorus\n|-damage|p1a: Landorus|0 fnt\n|faint|p1a: Landorus\n|-damage|p2a: Ujan Mojon|0 fnt|[from] Recoil\n|faint|p2a: Ujan Mojon\n|\n|upkeep\n|\n|t:|1698703371\n|switch|p1a: Ferrothorn|Ferrothorn, M|100\/100\n|switch|p2a: toco y voy|Mienshao, F|100\/100\n|turn|9\n|\n|t:|1698703392\n|move|p2a: toco y voy|Close Combat|p1a: Ferrothorn\n|-supereffective|p1a: Ferrothorn\n|-damage|p1a: Ferrothorn|13\/100\n|-unboost|p2a: toco y voy|def|1\n|-unboost|p2a: toco y voy|spd|1\n|-damage|p2a: toco y voy|88\/100|[from] ability: Iron Barbs|[of] p1a: Ferrothorn\n|move|p1a: Ferrothorn|Leech Seed|p2a: toco y voy\n|-start|p2a: toco y voy|move: Leech Seed\n|\n|-heal|p1a: Ferrothorn|19\/100|[from] item: Leftovers\n|-damage|p2a: toco y voy|75\/100|[from] Leech Seed|[of] p1a: Ferrothorn\n|-heal|p1a: Ferrothorn|29\/100|[silent]\n|upkeep\n|turn|10\n|\n|t:|1698703416\n|move|p2a: toco y voy|Close Combat|p1a: Ferrothorn\n|-supereffective|p1a: Ferrothorn\n|-damage|p1a: Ferrothorn|0 fnt\n|-unboost|p2a: toco y voy|def|1\n|-unboost|p2a: toco y voy|spd|1\n|-damage|p2a: toco y voy|63\/100|[from] ability: Iron Barbs|[of] p1a: Ferrothorn\n|faint|p1a: Ferrothorn\n|\n|upkeep\n|\n|t:|1698703418\n|switch|p1a: Conkeldurr|Conkeldurr, F|100\/100\n|turn|11\n|\n|t:|1698703442\n|switch|p2a: Hermana de Draki|Cofagrigus, F|100\/100\n|move|p1a: Conkeldurr|Mach Punch|p2a: Hermana de Draki\n|-immune|p2a: Hermana de Draki\n|\n|-status|p1a: Conkeldurr|brn|[from] item: Flame Orb\n|upkeep\n|turn|12\n|\n|t:|1698703451\n|move|p1a: Conkeldurr|Knock Off|p2a: Hermana de Draki\n|-supereffective|p2a: Hermana de Draki\n|-damage|p2a: Hermana de Draki|53\/100\n|-enditem|p2a: Hermana de Draki|Leftovers|[from] move: Knock Off|[of] p1a: Conkeldurr\n|move|p2a: Hermana de Draki|Hex|p1a: Conkeldurr\n|-damage|p1a: Conkeldurr|50\/100 brn\n|\n|-damage|p1a: Conkeldurr|44\/100 brn|[from] brn\n|upkeep\n|turn|13\n|\n|t:|1698703461\n|move|p2a: Hermana de Draki|Protect|p2a: Hermana de Draki\n|-singleturn|p2a: Hermana de Draki|Protect\n|move|p1a: Conkeldurr|Knock Off|p2a: Hermana de Draki\n|-activate|p2a: Hermana de Draki|move: Protect\n|\n|-damage|p1a: Conkeldurr|38\/100 brn|[from] brn\n|upkeep\n|turn|14\n|\n|t:|1698703488\n|switch|p2a: toco y voy|Mienshao, F|96\/100\n|move|p1a: Conkeldurr|Knock Off|p2a: toco y voy\n|-resisted|p2a: toco y voy\n|-damage|p2a: toco y voy|42\/100\n|-enditem|p2a: toco y voy|Focus Sash|[from] move: Knock Off|[of] p1a: Conkeldurr\n|\n|-damage|p1a: Conkeldurr|32\/100 brn|[from] brn\n|upkeep\n|turn|15\n|\n|t:|1698703496\n|move|p2a: toco y voy|Fake Out|p1a: Conkeldurr\n|-damage|p1a: Conkeldurr|20\/100 brn\n|cant|p1a: Conkeldurr|flinch\n|\n|-damage|p1a: Conkeldurr|14\/100 brn|[from] brn\n|upkeep\n|turn|16\n|\n|t:|1698703505\n|switch|p2a: Hermana de Draki|Cofagrigus, F|53\/100\n|move|p1a: Conkeldurr|Knock Off|p2a: Hermana de Draki\n|-supereffective|p2a: Hermana de Draki\n|-damage|p2a: Hermana de Draki|0 fnt\n|faint|p2a: Hermana de Draki\n|\n|-damage|p1a: Conkeldurr|8\/100 brn|[from] brn\n|upkeep\n|\n|t:|1698703512\n|switch|p2a: toco y voy|Mienshao, F|75\/100\n|turn|17\n|\n|t:|1698703517\n|move|p2a: toco y voy|Fake Out|p1a: Conkeldurr\n|-damage|p1a: Conkeldurr|0 fnt\n|faint|p1a: Conkeldurr\n|\n|upkeep\n|\n|t:|1698703523\n|switch|p1a: Galvantula|Galvantula, M|100\/100\n|turn|18\n|\n|t:|1698703550\n|move|p1a: Galvantula|Thunder|p2a: toco y voy\n|-damage|p2a: toco y voy|0 fnt\n|faint|p2a: toco y voy\n|\n|upkeep\n|\n|t:|1698703554\n|switch|p2a: Cae|Ferrothorn, M|100\/100\n|turn|19\n|\n|t:|1698703573\n|move|p1a: Galvantula|Volt Switch|p2a: Cae\n|-resisted|p2a: Cae\n|-damage|p2a: Cae|90\/100\n|\n|t:|1698703576\n|switch|p1a: Hydreigon|Hydreigon, M|100\/100|[from] Volt Switch\n|move|p2a: Cae|Leech Seed|p1a: Hydreigon|[miss]\n|-miss|p2a: Cae|p1a: Hydreigon\n|\n|upkeep\n|turn|20\n|\n|t:|1698703608\n|move|p2a: Cae|Protect|p2a: Cae\n|-singleturn|p2a: Cae|Protect\n|move|p1a: Hydreigon|Dark Hole|p2a: Cae\n|-activate|p2a: Cae|move: Protect\n|\n|upkeep\n|turn|21\n|\n|t:|1698703640\n|move|p1a: Hydreigon|Dark Hole|p2a: Cae\n|-damage|p2a: Cae|37\/100\n|move|p2a: Cae|Leech Seed|p1a: Hydreigon\n|-start|p1a: Hydreigon|move: Leech Seed\n|\n|-damage|p1a: Hydreigon|88\/100|[from] Leech Seed|[of] p2a: Cae\n|-heal|p2a: Cae|49\/100|[silent]\n|upkeep\n|turn|22\n|\n|t:|1698703647\n|switch|p1a: Galvantula|Galvantula, M|100\/100\n|move|p2a: Cae|Protect||[still]\n|-fail|p2a: Cae\n|\n|upkeep\n|turn|23\n|\n|t:|1698703653\n|move|p2a: Cae|Protect|p2a: Cae\n|-singleturn|p2a: Cae|Protect\n|move|p1a: Galvantula|Volt Switch|p2a: Cae\n|-activate|p2a: Cae|move: Protect\n|\n|upkeep\n|turn|24\n|\n|t:|1698703659\n|move|p1a: Galvantula|Volt Switch|p2a: Cae\n|-resisted|p2a: Cae\n|-damage|p2a: Cae|38\/100\n|\n|t:|1698703662\n|switch|p1a: Hydreigon|Hydreigon, M|88\/100|[from] Volt Switch\n|move|p2a: Cae|Leech Seed|p1a: Hydreigon|[miss]\n|-miss|p2a: Cae|p1a: Hydreigon\n|\n|upkeep\n|turn|25\n|\n|t:|1698703669\n|move|p2a: Cae|Protect|p2a: Cae\n|-singleturn|p2a: Cae|Protect\n|move|p1a: Hydreigon|Dark Hole|p2a: Cae\n|-activate|p2a: Cae|move: Protect\n|\n|upkeep\n|turn|26\n|\n|t:|1698703683\n|switch|p2a: Mireya volvio|Hydreigon, F|100\/100\n|move|p1a: Hydreigon|Dark Hole|p2a: Mireya volvio\n|-resisted|p2a: Mireya volvio\n|-damage|p2a: Mireya volvio|59\/100\n|\n|upkeep\n|turn|27\n|\n|t:|1698703690\n|move|p1a: Hydreigon|Dark Hole|p2a: Mireya volvio\n|-resisted|p2a: Mireya volvio\n|-damage|p2a: Mireya volvio|18\/100\n|-status|p2a: Mireya volvio|slp|[from] move: Dark Hole\n|cant|p2a: Mireya volvio|slp\n|\n|upkeep\n|turn|28\n|c|\u2606Gerecht|:DDDDDDDD\n|c|\u2606Rhava|este combate fue por pura suerte \n|\n|t:|1698703704\n|-curestatus|p2a: Mireya volvio|slp|[msg]\n|move|p2a: Mireya volvio|Draco Meteor|p1a: Hydreigon\n|-supereffective|p1a: Hydreigon\n|-damage|p1a: Hydreigon|0 fnt\n|-unboost|p2a: Mireya volvio|spa|2\n|faint|p1a: Hydreigon\n|-damage|p2a: Mireya volvio|8\/100|[from] item: Life Orb\n|\n|upkeep\n|\n|t:|1698703713\n|switch|p1a: Galvantula|Galvantula, M|100\/100\n|turn|29\n|c| owless|XD\n|\n|t:|1698703733\n|move|p1a: Galvantula|Signal Beam|p2a: Mireya volvio\n|-supereffective|p2a: Mireya volvio\n|-damage|p2a: Mireya volvio|0 fnt\n|faint|p2a: Mireya volvio\n|\n|upkeep\n|\n|t:|1698703736\n|switch|p2a: Cae|Ferrothorn, M|38\/100\n|turn|30\n|\n|t:|1698703742\n|move|p1a: Galvantula|Signal Beam|p2a: Cae\n|-damage|p2a: Cae|16\/100\n|move|p2a: Cae|Leech Seed|p1a: Galvantula\n|-start|p1a: Galvantula|move: Leech Seed\n|\n|-damage|p1a: Galvantula|88\/100|[from] Leech Seed|[of] p2a: Cae\n|-heal|p2a: Cae|26\/100|[silent]\n|upkeep\n|turn|31\n|\n|t:|1698703749\n|move|p2a: Cae|Protect|p2a: Cae\n|-singleturn|p2a: Cae|Protect\n|move|p1a: Galvantula|Signal Beam|p2a: Cae\n|-activate|p2a: Cae|move: Protect\n|\n|-damage|p1a: Galvantula|76\/100|[from] Leech Seed|[of] p2a: Cae\n|-heal|p2a: Cae|36\/100|[silent]\n|upkeep\n|turn|32\n|\n|t:|1698703756\n|move|p1a: Galvantula|Signal Beam|p2a: Cae\n|-damage|p2a: Cae|17\/100\n|move|p2a: Cae|Knock Off|p1a: Galvantula\n|-damage|p1a: Galvantula|35\/100\n|-enditem|p1a: Galvantula|Focus Sash|[from] move: Knock Off|[of] p2a: Cae\n|\n|-damage|p1a: Galvantula|23\/100|[from] Leech Seed|[of] p2a: Cae\n|-heal|p2a: Cae|27\/100|[silent]\n|upkeep\n|turn|33\n|\n|t:|1698703765\n|move|p2a: Cae|Protect|p2a: Cae\n|-singleturn|p2a: Cae|Protect\n|move|p1a: Galvantula|Signal Beam|p2a: Cae\n|-activate|p2a: Cae|move: Protect\n|\n|-damage|p1a: Galvantula|10\/100|[from] Leech Seed|[of] p2a: Cae\n|-heal|p2a: Cae|37\/100|[silent]\n|upkeep\n|turn|34\n|\n|t:|1698703773\n|move|p1a: Galvantula|Signal Beam|p2a: Cae\n|-damage|p2a: Cae|17\/100\n|move|p2a: Cae|Knock Off|p1a: Galvantula\n|-damage|p1a: Galvantula|0 fnt\n|faint|p1a: Galvantula\n|\n|win|Gerecht\n|c|\u2606Rhava|gg\n|c| owless|ggs\n|c|\u2606Gerecht|GG\n","uploadtime":1698703785,"views":11,"p1id":"rhava","p2id":"gerecht","formatid":"gen9anythinggoes","rating":0,"private":0,"password":""}