{"id":"radicalred-gen9anythinggoes-534712","p1":"00Coosm0","p2":"Jowy2150","format":"[Gen 9] Anything Goes","log":"|j|\u260600Coosm0\n|j|\u2606Jowy2150\n|t:|1697831041\n|gametype|singles\n|player|p1|00Coosm0|rr-deoxys|\n|player|p2|Jowy2150|2|\n|teamsize|p1|6\n|teamsize|p2|6\n|gen|9\n|tier|[Gen 9] Anything Goes\n|rule|HP Percentage Mod: HP is shown in percentages\n|rule|Endless Battle Clause: Forcing endless battles is banned\n|clearpoke\n|poke|p1|Keldeo-Resolute|\n|poke|p1|Jellicent, F|\n|poke|p1|Ferrothorn, F|\n|poke|p1|Cinccino, M|\n|poke|p1|Zoroark, F|\n|poke|p1|Krookodile, F|\n|poke|p2|Landorus, M|\n|poke|p2|Haxorus, M|\n|poke|p2|Darmanitan, M|\n|poke|p2|Amoonguss, F|\n|poke|p2|Seismitoad, F|\n|poke|p2|Krookodile, F|\n|teampreview\n|c|\u2606Jowy2150|GL\n|c|\u260600Coosm0|gl\n|\n|t:|1697831058\n|start\n|switch|p1a: Cinccino|Cinccino, M|100\/100\n|switch|p2a: Jorgemaster|Krookodile, F, shiny|100\/100\n|-ability|p2a: Jorgemaster|Intimidate|boost\n|-unboost|p1a: Cinccino|atk|1\n|turn|1\n|\n|t:|1697831097\n|switch|p1a: Ferrothorn|Ferrothorn, F|100\/100\n|move|p2a: Jorgemaster|Brick Break|p1a: Ferrothorn\n|-supereffective|p1a: Ferrothorn\n|-damage|p1a: Ferrothorn|74\/100\n|-damage|p2a: Jorgemaster|88\/100|[from] ability: Iron Barbs|[of] p1a: Ferrothorn\n|-damage|p2a: Jorgemaster|71\/100|[from] item: Rocky Helmet|[of] p1a: Ferrothorn\n|\n|upkeep\n|turn|2\n|\n|t:|1697831118\n|switch|p2a: Impostor|Amoonguss, F|100\/100\n|move|p1a: Ferrothorn|Leech Seed|p2a: Impostor\n|-immune|p2a: Impostor\n|\n|upkeep\n|turn|3\n|\n|t:|1697831131\n|move|p2a: Impostor|Spore|p1a: Ferrothorn\n|-immune|p1a: Ferrothorn\n|move|p1a: Ferrothorn|Gyro Ball|p2a: Impostor\n|-damage|p2a: Impostor|85\/100\n|\n|-heal|p2a: Impostor|91\/100|[from] item: Black Sludge\n|upkeep\n|turn|4\n|\n|t:|1697831140\n|move|p2a: Impostor|Energy Ball|p1a: Ferrothorn\n|-resisted|p1a: Ferrothorn\n|-damage|p1a: Ferrothorn|69\/100\n|move|p1a: Ferrothorn|Gyro Ball|p2a: Impostor\n|-damage|p2a: Impostor|75\/100\n|\n|-heal|p2a: Impostor|81\/100|[from] item: Black Sludge\n|upkeep\n|turn|5\n|\n|t:|1697831153\n|move|p2a: Impostor|Giga Drain|p1a: Ferrothorn\n|-resisted|p1a: Ferrothorn\n|-crit|p1a: Ferrothorn\n|-damage|p1a: Ferrothorn|61\/100\n|-heal|p2a: Impostor|85\/100|[from] drain|[of] p1a: Ferrothorn\n|move|p1a: Ferrothorn|Gyro Ball|p2a: Impostor\n|-damage|p2a: Impostor|69\/100\n|\n|-heal|p2a: Impostor|75\/100|[from] item: Black Sludge\n|upkeep\n|turn|6\n|\n|t:|1697831172\n|move|p2a: Impostor|Giga Drain|p1a: Ferrothorn\n|-resisted|p1a: Ferrothorn\n|-damage|p1a: Ferrothorn|56\/100\n|-heal|p2a: Impostor|77\/100|[from] drain|[of] p1a: Ferrothorn\n|move|p1a: Ferrothorn|Gyro Ball|p2a: Impostor\n|-damage|p2a: Impostor|60\/100\n|\n|-heal|p2a: Impostor|66\/100|[from] item: Black Sludge\n|upkeep\n|turn|7\n|\n|t:|1697831203\n|switch|p2a: Folagor|Darmanitan, M|100\/100\n|switch|p1a: Jellicent|Jellicent, F|100\/100\n|\n|upkeep\n|turn|8\n|\n|t:|1697831212\n|switch|p1a: Jellicent|Jellicent, F|100\/100\n|move|p2a: Folagor|U-turn|p1a: Jellicent\n|-resisted|p1a: Jellicent\n|-damage|p1a: Jellicent|88\/100\n|\n|t:|1697831220\n|switch|p2a: Impostor|Amoonguss, F|99\/100|[from] U-turn\n|\n|-heal|p1a: Jellicent|94\/100|[from] item: Leftovers\n|-heal|p2a: Impostor|100\/100|[from] item: Black Sludge\n|upkeep\n|turn|9\n|\n|t:|1697831239\n|switch|p1a: Ferrothorn|Ferrothorn, F|56\/100\n|move|p2a: Impostor|Spore|p1a: Ferrothorn\n|-immune|p1a: Ferrothorn\n|\n|upkeep\n|turn|10\n|\n|t:|1697831245\n|switch|p2a: Folagor|Darmanitan, M|100\/100\n|move|p1a: Ferrothorn|Protect||[still]\n|-fail|p1a: Ferrothorn\n|\n|upkeep\n|turn|11\n|\n|t:|1697831255\n|switch|p1a: Jellicent|Jellicent, F|94\/100\n|move|p2a: Folagor|Rock Slide|p1a: Jellicent\n|-damage|p1a: Jellicent|56\/100\n|\n|-heal|p1a: Jellicent|62\/100|[from] item: Leftovers\n|upkeep\n|turn|12\n|\n|t:|1697831264\n|switch|p2a: Impostor|Amoonguss, F|100\/100\n|move|p1a: Jellicent|Strength Sap|p2a: Impostor\n|-unboost|p2a: Impostor|atk|1\n|-heal|p1a: Jellicent|100\/100\n|\n|upkeep\n|turn|13\n|\n|t:|1697831276\n|switch|p1a: Ferrothorn|Ferrothorn, F|56\/100\n|move|p2a: Impostor|Spore|p1a: Ferrothorn\n|-immune|p1a: Ferrothorn\n|\n|upkeep\n|turn|14\n|\n|t:|1697831292\n|move|p2a: Impostor|Giga Drain|p1a: Ferrothorn\n|-resisted|p1a: Ferrothorn\n|-damage|p1a: Ferrothorn|51\/100\n|move|p1a: Ferrothorn|Gyro Ball|p2a: Impostor\n|-damage|p2a: Impostor|82\/100\n|\n|-heal|p2a: Impostor|88\/100|[from] item: Black Sludge\n|upkeep\n|turn|15\n|\n|t:|1697831300\n|move|p2a: Impostor|Spore|p1a: Ferrothorn\n|-immune|p1a: Ferrothorn\n|move|p1a: Ferrothorn|Gyro Ball|p2a: Impostor\n|-damage|p2a: Impostor|70\/100\n|\n|-heal|p2a: Impostor|76\/100|[from] item: Black Sludge\n|upkeep\n|turn|16\n|\n|t:|1697831316\n|switch|p2a: AlenNS|Landorus, M, shiny|100\/100\n|move|p1a: Ferrothorn|Protect||[still]\n|-fail|p1a: Ferrothorn\n|\n|upkeep\n|turn|17\n|\n|t:|1697831346\n|switch|p1a: Jellicent|Jellicent, F|100\/100\n|move|p2a: AlenNS|Grass Knot|p1a: Jellicent\n|-supereffective|p1a: Jellicent\n|-damage|p1a: Jellicent|50\/100\n|-damage|p2a: AlenNS|91\/100|[from] item: Life Orb\n|\n|-heal|p1a: Jellicent|56\/100|[from] item: Leftovers\n|upkeep\n|turn|18\n|\n|t:|1697831359\n|switch|p2a: Impostor|Amoonguss, F|100\/100\n|move|p1a: Jellicent|Strength Sap|p2a: Impostor\n|-unboost|p2a: Impostor|atk|1\n|-heal|p1a: Jellicent|95\/100\n|\n|-heal|p1a: Jellicent|100\/100|[from] item: Leftovers\n|upkeep\n|turn|19\n|\n|t:|1697831375\n|switch|p1a: Ferrothorn|Ferrothorn, F|51\/100\n|move|p2a: Impostor|Energy Ball|p1a: Ferrothorn\n|-resisted|p1a: Ferrothorn\n|-damage|p1a: Ferrothorn|46\/100\n|\n|upkeep\n|turn|20\n|\n|t:|1697831388\n|move|p2a: Impostor|Giga Drain|p1a: Ferrothorn\n|-resisted|p1a: Ferrothorn\n|-damage|p1a: Ferrothorn|41\/100\n|move|p1a: Ferrothorn|Gyro Ball|p2a: Impostor\n|-damage|p2a: Impostor|84\/100\n|\n|-heal|p2a: Impostor|90\/100|[from] item: Black Sludge\n|upkeep\n|turn|21\n|\n|t:|1697831412\n|move|p2a: Impostor|Giga Drain|p1a: Ferrothorn\n|-resisted|p1a: Ferrothorn\n|-damage|p1a: Ferrothorn|36\/100\n|-heal|p2a: Impostor|92\/100|[from] drain|[of] p1a: Ferrothorn\n|move|p1a: Ferrothorn|Leech Seed|p2a: Impostor\n|-immune|p2a: Impostor\n|\n|-heal|p2a: Impostor|98\/100|[from] item: Black Sludge\n|upkeep\n|turn|22\n|\n|t:|1697831434\n|move|p1a: Ferrothorn|Protect|p1a: Ferrothorn\n|-singleturn|p1a: Ferrothorn|Protect\n|move|p2a: Impostor|Spore|p1a: Ferrothorn\n|-activate|p1a: Ferrothorn|move: Protect\n|\n|-heal|p2a: Impostor|100\/100|[from] item: Black Sludge\n|upkeep\n|turn|23\n|\n|t:|1697831447\n|switch|p1a: Ferrothorn|Ferrothorn, F|100\/100\n|move|p2a: Impostor|Giga Drain|p1a: Ferrothorn\n|-damage|p1a: Ferrothorn|58\/100\n|replace|p1a: Zoroark|Zoroark, F\n|-end|p1a: Zoroark|Illusion\n|\n|upkeep\n|turn|24\n|c|\u260600Coosm0|te vas a reir\n|c|\u260600Coosm0|xd\n|\n|t:|1697831471\n|switch|p2a: Ranita insana|Seismitoad, F, shiny|100\/100\n|move|p1a: Zoroark|Dark Hole|p2a: Ranita insana\n|-damage|p2a: Ranita insana|28\/100\n|\n|-heal|p2a: Ranita insana|34\/100|[from] item: Leftovers\n|upkeep\n|turn|25\n|c|\u2606Jowy2150|Dep\n|\n|t:|1697831484\n|move|p1a: Zoroark|Dark Hole|p2a: Ranita insana\n|-damage|p2a: Ranita insana|0 fnt\n|faint|p2a: Ranita insana\n|\n|upkeep\n|\n|t:|1697831491\n|switch|p2a: Impostor|Amoonguss, F|100\/100\n|turn|26\n|\n|t:|1697831494\n|move|p1a: Zoroark|Dark Hole|p2a: Impostor\n|-damage|p2a: Impostor|50\/100\n|move|p2a: Impostor|Spore|p1a: Zoroark\n|-status|p1a: Zoroark|slp|[from] move: Spore\n|\n|-heal|p2a: Impostor|56\/100|[from] item: Black Sludge\n|upkeep\n|turn|27\n|\n|t:|1697831532\n|switch|p1a: Cinccino|Cinccino, M|100\/100\n|move|p2a: Impostor|Giga Drain|p1a: Cinccino\n|-damage|p1a: Cinccino|58\/100\n|-heal|p2a: Impostor|71\/100|[from] drain|[of] p1a: Cinccino\n|\n|-heal|p2a: Impostor|77\/100|[from] item: Black Sludge\n|upkeep\n|turn|28\n|c|\u2606Jowy2150|Creo que es mi combate m\u00e1s largo xd\n|c|\u260600Coosm0|gg\n|\n|t:|1697831553\n|move|p1a: Cinccino|Triple Axel|p2a: Impostor\n|-supereffective|p2a: Impostor\n|-damage|p2a: Impostor|62\/100\n|-supereffective|p2a: Impostor\n|-damage|p2a: Impostor|31\/100\n|-supereffective|p2a: Impostor\n|-damage|p2a: Impostor|0 fnt\n|faint|p2a: Impostor\n|-hitcount|p2: Impostor|3\n|\n|upkeep\n|c|\u260600Coosm0|igual estoy jugando lo mas seguro posible\n|\n|t:|1697831565\n|switch|p2a: Mbappe|Haxorus, M, shiny|100\/100\n|-ability|p2a: Mbappe|Mold Breaker\n|turn|29\n|c|\u2606Jowy2150|Soy gillypollas\n|c|\u2606Jowy2150|xd\n|c|\u2606Jowy2150|le di sin querer pipi\n|c|\u260600Coosm0|ay\n|\n|t:|1697831589\n|move|p1a: Cinccino|Triple Axel|p2a: Mbappe\n|-supereffective|p2a: Mbappe\n|-damage|p2a: Mbappe|79\/100\n|-supereffective|p2a: Mbappe\n|-crit|p2a: Mbappe\n|-damage|p2a: Mbappe|17\/100\n|-supereffective|p2a: Mbappe\n|-damage|p2a: Mbappe|0 fnt\n|faint|p2a: Mbappe\n|-hitcount|p2: Mbappe|3\n|\n|upkeep\n|\n|t:|1697831599\n|switch|p2a: Folagor|Darmanitan, M|100\/100\n|turn|30\n|\n|t:|1697831607\n|switch|p1a: Jellicent|Jellicent, F|100\/100\n|move|p2a: Folagor|Flare Blitz|p1a: Jellicent\n|-resisted|p1a: Jellicent\n|-damage|p1a: Jellicent|78\/100\n|-damage|p2a: Folagor|92\/100|[from] Recoil\n|\n|-heal|p1a: Jellicent|84\/100|[from] item: Leftovers\n|upkeep\n|turn|31\n|c|\u2606Jowy2150|Ya esta xd\n|c|\u260600Coosm0|sip\n|c|\u260600Coosm0|ggs\n|c|\u2606Jowy2150|No puedo contra el Kelsey ni Kelli ent gg\n|c|\u2606Jowy2150|Wtf que puse xd\n|\n|t:|1697831647\n|switch|p2a: AlenNS|Landorus, M, shiny|91\/100\n|move|p1a: Jellicent|Water Spout|p2a: AlenNS\n|-supereffective|p2a: AlenNS\n|-damage|p2a: AlenNS|0 fnt\n|faint|p2a: AlenNS\n|\n|-heal|p1a: Jellicent|91\/100|[from] item: Leftovers\n|upkeep\n|c|\u260600Coosm0|xd\n|\n|t:|1697831655\n|switch|p2a: Folagor|Darmanitan, M|92\/100\n|turn|32\n|c|\u2606Jowy2150|El primer 6-0 xd\n|\n|t:|1697831669\n|move|p2a: Folagor|U-turn|p1a: Jellicent\n|-resisted|p1a: Jellicent\n|-damage|p1a: Jellicent|78\/100\n|\n|t:|1697831673\n|switch|p2a: Jorgemaster|Krookodile, F, shiny|71\/100|[from] U-turn\n|-ability|p2a: Jorgemaster|Intimidate|boost\n|-unboost|p1a: Jellicent|atk|1\n|move|p1a: Jellicent|Water Spout|p2a: Jorgemaster\n|-supereffective|p2a: Jorgemaster\n|-damage|p2a: Jorgemaster|0 fnt\n|faint|p2a: Jorgemaster\n|\n|-heal|p1a: Jellicent|84\/100|[from] item: Leftovers\n|upkeep\n|c|\u260600Coosm0|algo aprox era el 7,5\n|\n|t:|1697831682\n|switch|p2a: Folagor|Darmanitan, M|92\/100\n|turn|33\n|c|\u260600Coosm0|ggs\n|\n|t:|1697831687\n|move|p2a: Folagor|U-turn|p1a: Jellicent\n|-resisted|p1a: Jellicent\n|-damage|p1a: Jellicent|70\/100\n|move|p1a: Jellicent|Water Spout|p2a: Folagor\n|-supereffective|p2a: Folagor\n|-damage|p2a: Folagor|0 fnt\n|faint|p2a: Folagor\n|\n|win|00Coosm0\n","uploadtime":1697831693,"views":12,"p1id":"00coosm0","p2id":"jowy2150","formatid":"gen9anythinggoes","rating":0,"private":0,"password":""}