{"id":"radicalred-gen9anythinggoes-552011","p1":"Blankeeee","p2":"fucsiada","format":"[Gen 9] Anything Goes","log":"|j|\u2606Blankeeee\n|j|\u2606fucsiada\n|t:|1701188114\n|gametype|singles\n|player|p1|Blankeeee|rr-mawilemega|\n|player|p2|fucsiada|rr-marshadow|\n|teamsize|p1|6\n|teamsize|p2|6\n|gen|9\n|tier|[Gen 9] Anything Goes\n|rule|HP Percentage Mod: HP is shown in percentages\n|rule|Endless Battle Clause: Forcing endless battles is banned\n|clearpoke\n|poke|p1|Unfezant, M|\n|poke|p1|Cofagrigus, F|\n|poke|p1|Blissey, F|\n|poke|p1|Tsareena, F|\n|poke|p1|Throh, M|\n|poke|p1|Blastoise, M|\n|poke|p2|Shiftry, F|\n|poke|p2|Rillaboom, F|\n|poke|p2|Comfey, M|\n|poke|p2|Mienshao, F|\n|poke|p2|Darkrai|\n|poke|p2|Celesteela|\n|teampreview\n|j| don7\n|j| BauerBob\n|\n|t:|1701188189\n|start\n|switch|p1a: Tsareena|Tsareena, F, shiny|100\/100\n|switch|p2a: Darkrai|Darkrai|100\/100\n|turn|1\n|\n|t:|1701188196\n|move|p1a: Tsareena|U-turn|p2a: Darkrai\n|-supereffective|p2a: Darkrai\n|-damage|p2a: Darkrai|44\/100\n|\n|t:|1701188205\n|switch|p1a: Throh|Throh, M, shiny|100\/100|[from] U-turn\n|move|p2a: Darkrai|Dark Void|p1a: Throh\n|-status|p1a: Throh|slp|[from] move: Dark Void\n|-enditem|p1a: Throh|Chesto Berry|[eat]\n|-curestatus|p1a: Throh|slp|[msg]\n|\n|upkeep\n|turn|2\n|\n|t:|1701188217\n|move|p2a: Darkrai|Dark Void|p1a: Throh\n|-status|p1a: Throh|slp|[from] move: Dark Void\n|cant|p1a: Throh|slp\n|\n|-damage|p1a: Throh|88\/100 slp|[from] ability: Bad Dreams|[of] p2a: Darkrai\n|upkeep\n|turn|3\n|\n|t:|1701188225\n|move|p2a: Darkrai|Taunt|p1a: Throh\n|-start|p1a: Throh|move: Taunt\n|-curestatus|p1a: Throh|slp|[msg]\n|move|p1a: Throh|Storm Throw|p2a: Darkrai\n|-supereffective|p2a: Darkrai\n|-crit|p2a: Darkrai\n|-enditem|p2a: Darkrai|Chople Berry|[eat]\n|-enditem|p2a: Darkrai|Chople Berry|[weaken]\n|-damage|p2a: Darkrai|0 fnt\n|faint|p2a: Darkrai\n|\n|upkeep\n|\n|t:|1701188271\n|switch|p2a: Comfey|Comfey, M|100\/100\n|turn|4\n|\n|t:|1701188275\n|switch|p1a: Tsareena|Tsareena, F, shiny|100\/100\n|move|p2a: Comfey|Calm Mind|p2a: Comfey\n|-boost|p2a: Comfey|spa|1\n|-boost|p2a: Comfey|spd|1\n|\n|upkeep\n|turn|5\n|\n|t:|1701188289\n|move|p1a: Tsareena|Cut|p2a: Comfey\n|-supereffective|p2a: Comfey\n|-damage|p2a: Comfey|42\/100\n|move|p2a: Comfey|Sparkly Swirl|p1a: Tsareena\n|-damage|p1a: Tsareena|33\/100\n|-activate|p2a: Comfey|move: Aromatherapy\n|\n|upkeep\n|turn|6\n|\n|t:|1701188299\n|switch|p2a: Celesteela|Celesteela|100\/100\n|move|p1a: Tsareena|Cut|p2a: Celesteela\n|-resisted|p2a: Celesteela\n|-damage|p2a: Celesteela|89\/100\n|\n|upkeep\n|turn|7\n|\n|t:|1701188331\n|switch|p1a: Cofagrigus|Cofagrigus, F, shiny|100\/100\n|move|p2a: Celesteela|Autotomize|p2a: Celesteela\n|-boost|p2a: Celesteela|spe|2\n|-start|p2a: Celesteela|Autotomize\n|\n|upkeep\n|turn|8\n|\n|t:|1701188345\n|move|p2a: Celesteela|Air Slash|p1a: Cofagrigus\n|-damage|p1a: Cofagrigus|88\/100\n|move|p1a: Cofagrigus|Shadow Ball|p2a: Celesteela\n|-damage|p2a: Celesteela|60\/100\n|\n|-heal|p1a: Cofagrigus|94\/100|[from] item: Leftovers\n|upkeep\n|turn|9\n|\n|t:|1701188387\n|switch|p2a: Shiftry|Shiftry, F|100\/100\n|move|p1a: Cofagrigus|Iron Defense|p1a: Cofagrigus\n|-boost|p1a: Cofagrigus|def|2\n|\n|-heal|p1a: Cofagrigus|99\/100|[from] item: Leftovers\n|upkeep\n|turn|10\n|\n|t:|1701188405\n|move|p2a: Shiftry|Knock Off|p1a: Cofagrigus\n|-supereffective|p1a: Cofagrigus\n|-damage|p1a: Cofagrigus|64\/100\n|-enditem|p1a: Cofagrigus|Leftovers|[from] move: Knock Off|[of] p2a: Shiftry\n|move|p1a: Cofagrigus|Body Press|p2a: Shiftry\n|-supereffective|p2a: Shiftry\n|-enditem|p2a: Shiftry|Focus Sash\n|-damage|p2a: Shiftry|1\/100\n|\n|upkeep\n|turn|11\n|\n|t:|1701188414\n|move|p2a: Shiftry|Tailwind|p2a: Shiftry\n|-sidestart|p2: fucsiada|move: Tailwind\n|-ability|p2a: Shiftry|Wind Rider|boost\n|-boost|p2a: Shiftry|atk|1\n|move|p1a: Cofagrigus|Body Press|p2a: Shiftry\n|-supereffective|p2a: Shiftry\n|-damage|p2a: Shiftry|0 fnt\n|faint|p2a: Shiftry\n|\n|upkeep\n|\n|t:|1701188440\n|switch|p2a: Comfey|Comfey, M|42\/100\n|turn|12\n|\n|t:|1701188470\n|switch|p1a: Blissey|Blissey, F, shiny|100\/100\n|move|p2a: Comfey|Sparkly Swirl|p1a: Blissey\n|-damage|p1a: Blissey|86\/100\n|-activate|p2a: Comfey|move: Aromatherapy\n|\n|-heal|p1a: Blissey|93\/100|[from] item: Leftovers\n|upkeep\n|turn|13\n|\n|t:|1701188487\n|switch|p2a: Mienshao|Mienshao, F|100\/100\n|move|p1a: Blissey|Wish|p1a: Blissey\n|\n|-heal|p1a: Blissey|99\/100|[from] item: Leftovers\n|upkeep\n|turn|14\n|\n|t:|1701188492\n|switch|p1a: Cofagrigus|Cofagrigus, F, shiny|64\/100\n|move|p2a: Mienshao|Substitute|p2a: Mienshao\n|-start|p2a: Mienshao|Substitute\n|-damage|p2a: Mienshao|76\/100\n|\n|-heal|p1a: Cofagrigus|100\/100|[from] move: Wish|[wisher] Blissey\n|-sideend|p2: fucsiada|move: Tailwind\n|upkeep\n|turn|15\n|\n|t:|1701188500\n|move|p2a: Mienshao|Knock Off|p1a: Cofagrigus\n|-supereffective|p1a: Cofagrigus\n|-damage|p1a: Cofagrigus|81\/100\n|move|p1a: Cofagrigus|Body Press|p2a: Mienshao\n|-end|p2a: Mienshao|Substitute\n|\n|upkeep\n|turn|16\n|\n|t:|1701188516\n|move|p2a: Mienshao|Knock Off|p1a: Cofagrigus\n|-supereffective|p1a: Cofagrigus\n|-damage|p1a: Cofagrigus|42\/100\n|move|p1a: Cofagrigus|Shadow Ball|p2a: Mienshao\n|-damage|p2a: Mienshao|28\/100\n|\n|upkeep\n|turn|17\n|\n|t:|1701188528\n|move|p2a: Mienshao|Knock Off|p1a: Cofagrigus\n|-supereffective|p1a: Cofagrigus\n|-damage|p1a: Cofagrigus|1\/100\n|move|p1a: Cofagrigus|Shadow Ball|p2a: Mienshao\n|-damage|p2a: Mienshao|0 fnt\n|faint|p2a: Mienshao\n|\n|upkeep\n|\n|t:|1701188536\n|switch|p2a: Comfey|Comfey, M|42\/100\n|turn|18\n|\n|t:|1701188541\n|switch|p1a: Blissey|Blissey, F, shiny|99\/100\n|move|p2a: Comfey|Calm Mind|p2a: Comfey\n|-boost|p2a: Comfey|spa|1\n|-boost|p2a: Comfey|spd|1\n|\n|-heal|p1a: Blissey|100\/100|[from] item: Leftovers\n|upkeep\n|turn|19\n|\n|t:|1701188552\n|move|p2a: Comfey|Calm Mind|p2a: Comfey\n|-boost|p2a: Comfey|spa|1\n|-boost|p2a: Comfey|spd|1\n|move|p1a: Blissey|Wish|p1a: Blissey\n|\n|upkeep\n|turn|20\n|\n|t:|1701188560\n|move|p2a: Comfey|Sparkly Swirl|p1a: Blissey\n|-damage|p1a: Blissey|73\/100\n|-activate|p2a: Comfey|move: Aromatherapy\n|move|p1a: Blissey|Teleport|p1a: Blissey\n|\n|t:|1701188563\n|switch|p1a: Tsareena|Tsareena, F, shiny|33\/100|[from] Teleport\n|\n|-heal|p1a: Tsareena|100\/100|[from] move: Wish|[wisher] Blissey\n|upkeep\n|turn|21\n|\n|t:|1701188567\n|move|p1a: Tsareena|Cut|p2a: Comfey\n|-supereffective|p2a: Comfey\n|-damage|p2a: Comfey|0 fnt\n|faint|p2a: Comfey\n|\n|upkeep\n|\n|t:|1701188569\n|switch|p2a: Rillaboom|Rillaboom, F|100\/100\n|-fieldstart|move: Grassy Terrain|[from] ability: Grassy Surge|[of] p2a: Rillaboom\n|turn|22\n|\n|t:|1701188592\n|switch|p1a: Cofagrigus|Cofagrigus, F, shiny|1\/100\n|move|p2a: Rillaboom|Swords Dance|p2a: Rillaboom\n|-boost|p2a: Rillaboom|atk|2\n|\n|-heal|p1a: Cofagrigus|7\/100|[from] Grassy Terrain\n|upkeep\n|turn|23\n|\n|t:|1701188601\n|move|p2a: Rillaboom|Grassy Glide|p1a: Cofagrigus\n|-crit|p1a: Cofagrigus\n|-damage|p1a: Cofagrigus|0 fnt\n|faint|p1a: Cofagrigus\n|\n|upkeep\n|\n|t:|1701188610\n|switch|p1a: Throh|Throh, M, shiny|88\/100\n|turn|24\n|\n|t:|1701188645\n|-zpower|p2a: Rillaboom\n|move|p2a: Rillaboom|Tectonic Rage|p1a: Throh|[zeffect]\n|-damage|p1a: Throh|0 fnt\n|faint|p1a: Throh\n|\n|upkeep\n|\n|t:|1701188655\n|switch|p1a: Unfezant|Unfezant, M|100\/100\n|turn|25\n|\n|t:|1701188660\n|move|p1a: Unfezant|Drill Peck|p2a: Rillaboom\n|-supereffective|p2a: Rillaboom\n|-crit|p2a: Rillaboom\n|-damage|p2a: Rillaboom|1\/100\n|move|p2a: Rillaboom|Drain Punch|p1a: Unfezant\n|-damage|p1a: Unfezant|26\/100\n|-heal|p2a: Rillaboom|29\/100|[from] drain|[of] p1a: Unfezant\n|\n|-heal|p2a: Rillaboom|35\/100|[from] Grassy Terrain\n|upkeep\n|turn|26\n|\n|t:|1701188676\n|move|p2a: Rillaboom|Grassy Glide|p1a: Unfezant\n|-resisted|p1a: Unfezant\n|-damage|p1a: Unfezant|0 fnt\n|faint|p1a: Unfezant\n|\n|-heal|p2a: Rillaboom|41\/100|[from] Grassy Terrain\n|-fieldend|move: Grassy Terrain\n|upkeep\n|\n|t:|1701188685\n|switch|p1a: Tsareena|Tsareena, F, shiny|100\/100\n|turn|27\n|\n|t:|1701188702\n|move|p1a: Tsareena|U-turn|p2a: Rillaboom\n|-supereffective|p2a: Rillaboom\n|-damage|p2a: Rillaboom|0 fnt\n|faint|p2a: Rillaboom\n|\n|t:|1701188732\n|switch|p1a: Blastoise|Blastoise, M|100\/100|[from] U-turn\n|\n|upkeep\n|\n|t:|1701188736\n|switch|p2a: Celesteela|Celesteela|60\/100\n|turn|28\n|\n|t:|1701188741\n|detailschange|p1a: Blastoise|Blastoise-Mega, M\n|-mega|p1a: Blastoise|Blastoise|Blastoisinite\n|move|p1a: Blastoise|Shell Smash|p1a: Blastoise\n|-unboost|p1a: Blastoise|def|1\n|-unboost|p1a: Blastoise|spd|1\n|-boost|p1a: Blastoise|atk|2\n|-boost|p1a: Blastoise|spa|2\n|-boost|p1a: Blastoise|spe|2\n|move|p2a: Celesteela|Energy Ball|p1a: Blastoise\n|-supereffective|p1a: Blastoise\n|-damage|p1a: Blastoise|0 fnt\n|faint|p1a: Blastoise\n|-ability|p2a: Celesteela|Beast Boost|boost\n|-boost|p2a: Celesteela|spa|1\n|\n|upkeep\n|\n|t:|1701188752\n|switch|p1a: Blissey|Blissey, F, shiny|73\/100\n|turn|29\n|\n|t:|1701188763\n|move|p2a: Celesteela|Air Slash|p1a: Blissey\n|-damage|p1a: Blissey|54\/100\n|move|p1a: Blissey|Wish|p1a: Blissey\n|\n|-heal|p1a: Blissey|60\/100|[from] item: Leftovers\n|upkeep\n|turn|30\n|\n|t:|1701188771\n|move|p2a: Celesteela|Autotomize|p2a: Celesteela\n|-boost|p2a: Celesteela|spe|2\n|-start|p2a: Celesteela|Autotomize\n|move|p1a: Blissey|Seismic Toss|p2a: Celesteela\n|-damage|p2a: Celesteela|30\/100\n|\n|-heal|p1a: Blissey|100\/100|[from] move: Wish|[wisher] Blissey\n|upkeep\n|turn|31\n|\n|t:|1701188780\n|move|p2a: Celesteela|Energy Ball|p1a: Blissey\n|-damage|p1a: Blissey|86\/100\n|move|p1a: Blissey|Seismic Toss|p2a: Celesteela\n|-damage|p2a: Celesteela|0 fnt\n|faint|p2a: Celesteela\n|\n|win|Blankeeee\n|l| BauerBob\n","uploadtime":1701188788,"views":5,"p1id":"blankeeee","p2id":"fucsiada","formatid":"gen9anythinggoes","rating":0,"private":0,"password":""}