{"id":"radicalred-gen9anythinggoes-536304","p1":"ElBau1129","p2":"ThiagoPrrah","format":"[Gen 9] Anything Goes","log":"|j|\u2606ElBau1129\n|j|\u2606ThiagoPrrah\n|t:|1698106707\n|gametype|singles\n|player|p1|ElBau1129|rr-houndoommega|\n|player|p2|ThiagoPrrah|rr-lucariomega|\n|teamsize|p1|6\n|teamsize|p2|6\n|gen|9\n|tier|[Gen 9] Anything Goes\n|rule|HP Percentage Mod: HP is shown in percentages\n|rule|Endless Battle Clause: Forcing endless battles is banned\n|rule|Sleep Clause Mod: Limit one foe put to sleep\n|clearpoke\n|poke|p1|Eelektross, F|\n|poke|p1|Jellicent, F|\n|poke|p1|Tornadus-Therian, M|\n|poke|p1|Conkeldurr, F|\n|poke|p1|Volcarona, F|\n|poke|p1|Gigalith, F|\n|poke|p2|Jellicent, M|\n|poke|p2|Darmanitan, M|\n|poke|p2|Amoonguss, M|\n|poke|p2|Tornadus, M|\n|poke|p2|Galvantula, F|\n|poke|p2|Hydreigon, M|\n|teampreview\n|c|\u2606ThiagoPrrah|gl\n|c|\u2606ElBau1129|gl\n|inactive|Battle timer is ON: inactive players will automatically lose when time's up. (requested by ElBau1129)\n|j| zSlowKiller\n|c| zSlowKiller|thiago\n|c| zSlowKiller|si perdes me debes 1000 robux\n|\n|t:|1698106762\n|start\n|switch|p1a: Gigalith|Gigalith, F|100\/100\n|switch|p2a: 9|Darmanitan, M, shiny|100\/100\n|turn|1\n|\n|t:|1698106787\n|move|p2a: 9|U-turn|p1a: Gigalith\n|-damage|p1a: Gigalith|85\/100\n|\n|t:|1698106799\n|switch|p2a: 1|Amoonguss, M|100\/100|[from] U-turn\n|move|p1a: Gigalith|Rock Blast|p2a: 1\n|-damage|p2a: 1|87\/100\n|-damage|p2a: 1|74\/100\n|-crit|p2a: 1\n|-damage|p2a: 1|54\/100\n|-damage|p2a: 1|42\/100\n|-hitcount|p2a: 1|4\n|\n|-heal|p2a: 1|48\/100|[from] item: Black Sludge\n|upkeep\n|turn|2\n|inactive|ThiagoPrrah has 270 seconds left.\n|inactive|ElBau1129 has 270 seconds left.\n|\n|t:|1698106828\n|move|p2a: 1|Giga Drain|p1a: Gigalith\n|-supereffective|p1a: Gigalith\n|-damage|p1a: Gigalith|36\/100\n|-heal|p2a: 1|69\/100|[from] drain|[of] p1a: Gigalith\n|move|p1a: Gigalith|Stealth Rock|p2a: 1\n|-sidestart|p2: ThiagoPrrah|move: Stealth Rock\n|\n|-heal|p2a: 1|75\/100|[from] item: Black Sludge\n|upkeep\n|turn|3\n|inactive|ElBau1129 has 270 seconds left.\n|\n|t:|1698106856\n|move|p2a: 1|Giga Drain|p1a: Gigalith\n|-supereffective|p1a: Gigalith\n|-crit|p1a: Gigalith\n|-damage|p1a: Gigalith|0 fnt\n|-heal|p2a: 1|90\/100|[from] drain|[of] p1a: Gigalith\n|faint|p1a: Gigalith\n|\n|-heal|p2a: 1|96\/100|[from] item: Black Sludge\n|upkeep\n|\n|t:|1698106858\n|switch|p1a: Tornadus|Tornadus-Therian, M|100\/100\n|turn|4\n|inactive|ThiagoPrrah has 270 seconds left.\n|\n|t:|1698106883\n|switch|p2a: 3|Jellicent, M|100\/100\n|-damage|p2a: 3|88\/100|[from] Stealth Rock\n|move|p1a: Tornadus|Bleakwind Storm|p2a: 3\n|-damage|p2a: 3|46\/100\n|-status|p2a: 3|frz\n|-damage|p1a: Tornadus|91\/100|[from] item: Life Orb\n|\n|-heal|p2a: 3|52\/100 frz|[from] item: Leftovers\n|-damage|p2a: 3|46\/100 frz|[from] frz\n|upkeep\n|turn|5\n|inactive|ElBau1129 has 270 seconds left.\n|c| zSlowKiller|ese congelamiento\n|inactive|ThiagoPrrah has 270 seconds left.\n|c|\u2606ElBau1129|un capo este pibe\n|c|\u2606ThiagoPrrah|es gg\n|j| ChadouMC\n|inactive|ThiagoPrrah has 240 seconds left.\n|\n|t:|1698106923\n|move|p1a: Tornadus|U-turn|p2a: 3\n|-resisted|p2a: 3\n|-damage|p2a: 3|37\/100 frz\n|-damage|p1a: Tornadus|81\/100|[from] item: Life Orb\n|c| ChadouMC|Haiii :3\n|c|\u2606ElBau1129|:gatulo:\n|\n|t:|1698106930\n|switch|p1a: Eelektross|Eelektross, F|100\/100|[from] U-turn\n|move|p2a: 3|Hydro Pump|p1a: Eelektross\n|-damage|p1a: Eelektross|68\/100\n|\n|-heal|p2a: 3|43\/100 frz|[from] item: Leftovers\n|-damage|p2a: 3|37\/100 frz|[from] frz\n|upkeep\n|turn|6\n|l| ChadouMC\n|j| ChadouMC\n|inactive|ThiagoPrrah has 240 seconds left.\n|\n|t:|1698106959\n|switch|p2a: 10|Hydreigon, M|100\/100\n|-damage|p2a: 10|88\/100|[from] Stealth Rock\n|move|p1a: Eelektross|Volt Switch|p2a: 10\n|-resisted|p2a: 10\n|-damage|p2a: 10|68\/100\n|\n|t:|1698106985\n|switch|p1a: Conkeldurr|Conkeldurr, F|100\/100|[from] Volt Switch\n|\n|upkeep\n|turn|7\n|inactive|ThiagoPrrah has 240 seconds left.\n|c| ChadouMC|El que pierde se va expulsado del torneo\n|c|\u2606ThiagoPrrah|qqqq\n|inactive|ElBau1129 has 240 seconds left.\n|c|\u2606ElBau1129|no me digas eso papu\n|c| ChadouMC|Es todo o nada\n|\n|t:|1698107012\n|switch|p2a: 3|Jellicent, M|37\/100 frz\n|-damage|p2a: 3|25\/100 frz|[from] Stealth Rock\n|move|p1a: Conkeldurr|Knock Off|p2a: 3\n|-supereffective|p2a: 3\n|-damage|p2a: 3|0 fnt\n|-enditem|p2a: 3|Leftovers|[from] move: Knock Off|[of] p1a: Conkeldurr\n|faint|p2a: 3\n|\n|upkeep\n|c|\u2606ThiagoPrrah|me voy a ir expulsado\n|\n|t:|1698107029\n|switch|p2a: 6|Tornadus, M|100\/100\n|-damage|p2a: 6|76\/100|[from] Stealth Rock\n|turn|8\n|inactive|ElBau1129 has 240 seconds left.\n|\n|t:|1698107047\n|switch|p1a: Jellicent|Jellicent, F|100\/100\n|move|p2a: 6|Bleakwind Storm|p1a: Jellicent\n|-crit|p1a: Jellicent\n|-damage|p1a: Jellicent|31\/100\n|-status|p1a: Jellicent|frz\n|\n|-heal|p1a: Jellicent|37\/100 frz|[from] item: Leftovers\n|-damage|p1a: Jellicent|31\/100 frz|[from] frz\n|upkeep\n|turn|9\n|c|\u2606ElBau1129|aaaaaah\n|c|\u2606ElBau1129|eso dolio\n|c| ChadouMC|Merecido\n|c|\u2606ElBau1129|y mucho\n|c|\u2606ThiagoPrrah|lit dije\n|c|\u2606ThiagoPrrah|este to rnadus\n|c|\u2606ThiagoPrrah|nunca congelo\n|c|\u2606ThiagoPrrah|y te congela justo\n|inactive|ElBau1129 has 210 seconds left.\n|inactive|ThiagoPrrah has 210 seconds left.\n|\n|t:|1698107097\n|switch|p1a: Volcarona|Volcarona, F|100\/100\n|move|p2a: 6|Bleakwind Storm|p1a: Volcarona\n|-supereffective|p1a: Volcarona\n|-damage|p1a: Volcarona|0 fnt\n|faint|p1a: Volcarona\n|\n|upkeep\n|\n|t:|1698107109\n|switch|p1a: Tornadus|Tornadus-Therian, M|100\/100\n|turn|10\n|inactive|ThiagoPrrah has 210 seconds left.\n|\n|t:|1698107137\n|switch|p2a: 2|Galvantula, F|100\/100\n|-damage|p2a: 2|76\/100|[from] Stealth Rock\n|move|p1a: Tornadus|Bleakwind Storm|p2a: 2\n|-damage|p2a: 2|0 fnt\n|faint|p2a: 2\n|-damage|p1a: Tornadus|91\/100|[from] item: Life Orb\n|\n|upkeep\n|c|\u2606ElBau1129|que no sea min damage\n|c|\u2606ElBau1129|ah\n|c|\u2606ElBau1129|cambi\u00f3p\n|c|\u2606ElBau1129|epico\n|c| ChadouMC|Pensando\n|inactive|ThiagoPrrah has 180 seconds left.\n|\n|t:|1698107191\n|switch|p2a: 9|Darmanitan, M, shiny|100\/100\n|-damage|p2a: 9|76\/100|[from] Stealth Rock\n|turn|11\n|inactive|ElBau1129 has 210 seconds left.\n|inactive|ElBau1129 has 180 seconds left.\n|\n|t:|1698107248\n|switch|p1a: Jellicent|Jellicent, F|31\/100 frz\n|move|p2a: 9|Flare Blitz|p1a: Jellicent\n|-resisted|p1a: Jellicent\n|-damage|p1a: Jellicent|9\/100 frz\n|-curestatus|p1a: Jellicent|frz|[msg]\n|-damage|p2a: 9|67\/100|[from] Recoil\n|\n|-heal|p1a: Jellicent|15\/100|[from] item: Leftovers\n|upkeep\n|turn|12\n|inactive|ThiagoPrrah has 150 seconds left.\n|\n|t:|1698107278\n|move|p2a: 9|Flare Blitz|p1a: Jellicent\n|-resisted|p1a: Jellicent\n|-damage|p1a: Jellicent|0 fnt\n|faint|p1a: Jellicent\n|-damage|p2a: 9|62\/100|[from] Recoil\n|\n|upkeep\n|\n|t:|1698107292\n|switch|p1a: Conkeldurr|Conkeldurr, F|100\/100\n|turn|13\n|inactive|ElBau1129 has 150 seconds left.\n|inactive|ThiagoPrrah has 150 seconds left.\n|\n|t:|1698107320\n|switch|p2a: 1|Amoonguss, M|100\/100\n|-damage|p2a: 1|88\/100|[from] Stealth Rock\n|move|p1a: Conkeldurr|Knock Off|p2a: 1\n|-damage|p2a: 1|54\/100\n|-enditem|p2a: 1|Black Sludge|[from] move: Knock Off|[of] p1a: Conkeldurr\n|\n|upkeep\n|turn|14\n|inactive|ElBau1129 has 150 seconds left.\n|\n|t:|1698107335\n|switch|p1a: Eelektross|Eelektross, F|68\/100\n|move|p2a: 1|Spore|p1a: Eelektross\n|-status|p1a: Eelektross|slp|[from] move: Spore\n|\n|upkeep\n|turn|15\n|\n|t:|1698107356\n|switch|p1a: Tornadus|Tornadus-Therian, M|100\/100\n|move|p2a: 1|Sludge Bomb|p1a: Tornadus\n|-damage|p1a: Tornadus|71\/100\n|\n|upkeep\n|turn|16\n|inactive|ThiagoPrrah has 120 seconds left.\n|\n|t:|1698107377\n|switch|p2a: 10|Hydreigon, M|68\/100\n|-damage|p2a: 10|55\/100|[from] Stealth Rock\n|move|p1a: Tornadus|Bleakwind Storm|p2a: 10\n|-damage|p2a: 10|0 fnt\n|faint|p2a: 10\n|-damage|p1a: Tornadus|61\/100|[from] item: Life Orb\n|\n|upkeep\n|inactive|ThiagoPrrah has 120 seconds left.\n|\n|t:|1698107407\n|switch|p2a: 9|Darmanitan, M, shiny|62\/100\n|-damage|p2a: 9|37\/100|[from] Stealth Rock\n|turn|17\n|\n|t:|1698107423\n|switch|p1a: Eelektross|Eelektross, F|68\/100 slp\n|move|p2a: 9|Rock Slide|p1a: Eelektross\n|-damage|p1a: Eelektross|26\/100 slp\n|\n|upkeep\n|turn|18\n|\n|t:|1698107432\n|switch|p1a: Conkeldurr|Conkeldurr, F|100\/100\n|move|p2a: 9|Rock Slide|p1a: Conkeldurr\n|-resisted|p1a: Conkeldurr\n|-damage|p1a: Conkeldurr|87\/100\n|\n|upkeep\n|turn|19\n|\n|t:|1698107446\n|switch|p2a: 1|Amoonguss, M|88\/100\n|-damage|p2a: 1|75\/100|[from] Stealth Rock\n|move|p1a: Conkeldurr|Rock Slide|p2a: 1\n|-damage|p2a: 1|47\/100\n|\n|upkeep\n|turn|20\n|inactive|ThiagoPrrah has 90 seconds left.\n|\n|t:|1698107479\n|switch|p1a: Tornadus|Tornadus-Therian, M|95\/100\n|move|p2a: 1|Giga Drain|p1a: Tornadus\n|-resisted|p1a: Tornadus\n|-damage|p1a: Tornadus|80\/100\n|-heal|p2a: 1|52\/100|[from] drain|[of] p1a: Tornadus\n|\n|upkeep\n|turn|21\n|\n|t:|1698107502\n|move|p1a: Tornadus|Bleakwind Storm|p2a: 1\n|-supereffective|p2a: 1\n|-damage|p2a: 1|0 fnt\n|faint|p2a: 1\n|-damage|p1a: Tornadus|71\/100|[from] item: Life Orb\n|\n|upkeep\n|\n|t:|1698107510\n|switch|p2a: 9|Darmanitan, M, shiny|37\/100\n|-damage|p2a: 9|12\/100|[from] Stealth Rock\n|turn|22\n|inactive|ElBau1129 has 180 seconds left.\n|inactive|ThiagoPrrah has 60 seconds left.\n|\n|t:|1698107532\n|switch|p1a: Eelektross|Eelektross, F|26\/100 slp\n|move|p2a: 9|Flare Blitz|p1a: Eelektross\n|-damage|p1a: Eelektross|0 fnt\n|faint|p1a: Eelektross\n|-damage|p2a: 9|3\/100|[from] Recoil\n|\n|upkeep\n|\n|t:|1698107556\n|switch|p1a: Conkeldurr|Conkeldurr, F|87\/100\n|turn|23\n|\n|t:|1698107561\n|move|p1a: Conkeldurr|Mach Punch|p2a: 9\n|-damage|p2a: 9|0 fnt\n|faint|p2a: 9\n|\n|upkeep\n|\n|t:|1698107566\n|switch|p2a: 6|Tornadus, M|76\/100\n|-damage|p2a: 6|51\/100|[from] Stealth Rock\n|turn|24\n|inactive|ElBau1129 has 180 seconds left.\n|\n|t:|1698107576\n|move|p1a: Conkeldurr|Mach Punch|p2a: 6\n|-resisted|p2a: 6\n|-damage|p2a: 6|27\/100\n|move|p2a: 6|Bleakwind Storm|p1a: Conkeldurr\n|-supereffective|p1a: Conkeldurr\n|-damage|p1a: Conkeldurr|0 fnt\n|faint|p1a: Conkeldurr\n|\n|upkeep\n|inactive|ElBau1129 has 180 seconds left.\n|\n|t:|1698107582\n|switch|p1a: Tornadus|Tornadus-Therian, M|100\/100\n|turn|25\n|c|\u2606ThiagoPrrah|gg\n|c| ChadouMC|Si la fallas\n|c|\u2606ElBau1129|si fallo lloro\n|c| ChadouMC|Me r\u00edo\n|inactive|ElBau1129 has 180 seconds left.\n|\n|t:|1698107594\n|move|p1a: Tornadus|Bleakwind Storm|p2a: 6\n|-damage|p2a: 6|0 fnt\n|faint|p2a: 6\n|-damage|p1a: Tornadus|91\/100|[from] item: Life Orb\n|\n|win|ElBau1129\n|c| ChadouMC|Gg\n|c|\u2606ThiagoPrrah|ggs\n|c|\u2606ElBau1129|tornadus nunca decepcionando\n|c|\u2606ElBau1129|un capo\n|c|\u2606ElBau1129|gg\n","uploadtime":1698107614,"views":18,"p1id":"elbau1129","p2id":"thiagoprrah","formatid":"gen9anythinggoes","rating":0,"private":0,"password":""}