{"id":"radicalred-gen9anythinggoes-538713","p1":"WaKax2","p2":"Ggc69","format":"[Gen 9] Anything Goes","log":"|j|\u2606WaKax2\n|j|\u2606Ggc69\n|t:|1698459577\n|gametype|singles\n|player|p1|WaKax2|266|\n|player|p2|Ggc69|169|\n|teamsize|p1|6\n|teamsize|p2|6\n|gen|9\n|tier|[Gen 9] Anything Goes\n|rule|HP Percentage Mod: HP is shown in percentages\n|rule|Endless Battle Clause: Forcing endless battles is banned\n|rule|Sleep Clause Mod: Limit one foe put to sleep\n|clearpoke\n|poke|p1|Hydreigon, F|\n|poke|p1|Emboar, M|\n|poke|p1|Bisharp, F|\n|poke|p1|Mienshao, F|\n|poke|p1|Sawsbuck, M|\n|poke|p1|Keldeo-Resolute|\n|poke|p2|Cinccino, M|\n|poke|p2|Hydreigon, M|\n|poke|p2|Keldeo-Resolute|\n|poke|p2|Jellicent, F|\n|poke|p2|Ferrothorn, M|\n|poke|p2|Volcarona, F|\n|teampreview\n|j| zSlowKiller\n|j| StarDust_Leo\n|\n|t:|1698459590\n|start\n|switch|p1a: Emboar|Emboar, M|100\/100\n|switch|p2a: NAINAINAI|Keldeo-Resolute|100\/100\n|turn|1\n|j| WybeRx\n|c| zSlowKiller|leo\n|c| zSlowKiller|un combate\n|j| PatoPatito08\n|c| StarDust_Leo|ya ok\n|\n|t:|1698459628\n|switch|p2a: pollita|Hydreigon, M|100\/100\n|move|p1a: Emboar|Wild Charge|p2a: pollita\n|-resisted|p2a: pollita\n|-damage|p2a: pollita|68\/100\n|-damage|p1a: Emboar|93\/100|[from] Recoil\n|\n|upkeep\n|turn|2\n|\n|t:|1698459635\n|switch|p1a: Hydreigon|Hydreigon, F|100\/100\n|move|p2a: pollita|Dark Hole|p1a: Hydreigon\n|-resisted|p1a: Hydreigon\n|-damage|p1a: Hydreigon|60\/100\n|-status|p1a: Hydreigon|slp|[from] move: Dark Hole\n|-damage|p2a: pollita|58\/100|[from] item: Life Orb\n|\n|upkeep\n|turn|3\n|\n|t:|1698459666\n|switch|p2a: NAINAINAI|Keldeo-Resolute|100\/100\n|cant|p1a: Hydreigon|slp\n|\n|upkeep\n|turn|4\n|\n|t:|1698459674\n|switch|p1a: Bisharp|Bisharp, F|100\/100\n|move|p2a: NAINAINAI|Secret Sword|p1a: Bisharp\n|-supereffective|p1a: Bisharp\n|-damage|p1a: Bisharp|0 fnt\n|faint|p1a: Bisharp\n|\n|upkeep\n|\n|t:|1698459680\n|switch|p1a: Emboar|Emboar, M|93\/100\n|turn|5\n|\n|t:|1698459802\n|switch|p2a: pollita|Hydreigon, M|58\/100\n|move|p1a: Emboar|Wild Charge|p2a: pollita\n|-resisted|p2a: pollita\n|-damage|p2a: pollita|28\/100\n|-damage|p1a: Emboar|86\/100|[from] Recoil\n|\n|upkeep\n|turn|6\n|\n|t:|1698459816\n|switch|p1a: Mienshao|Mienshao, F|100\/100\n|move|p2a: pollita|Draco Meteor|p1a: Mienshao\n|-damage|p1a: Mienshao|0 fnt\n|-unboost|p2a: pollita|spa|2\n|faint|p1a: Mienshao\n|-damage|p2a: pollita|18\/100|[from] item: Life Orb\n|\n|upkeep\n|\n|t:|1698459824\n|switch|p1a: Keldeo|Keldeo-Resolute, shiny|100\/100\n|turn|7\n|\n|t:|1698459830\n|move|p1a: Keldeo|Air Slash|p2a: pollita\n|-damage|p2a: pollita|0 fnt\n|faint|p2a: pollita\n|-damage|p1a: Keldeo|91\/100|[from] item: Life Orb\n|\n|upkeep\n|\n|t:|1698459868\n|switch|p2a: Burbuja|Jellicent, F|100\/100\n|turn|8\n|\n|t:|1698459879\n|move|p1a: Keldeo|Secret Sword|p2a: Burbuja\n|-immune|p2a: Burbuja\n|move|p2a: Burbuja|Water Spout|p1a: Keldeo\n|-resisted|p1a: Keldeo\n|-damage|p1a: Keldeo|42\/100\n|\n|upkeep\n|turn|9\n|\n|t:|1698459894\n|switch|p1a: Sawsbuck|Sawsbuck, M|100\/100\n|move|p2a: Burbuja|Water Spout|p1a: Sawsbuck\n|-resisted|p1a: Sawsbuck\n|-damage|p1a: Sawsbuck|38\/100\n|\n|upkeep\n|turn|10\n|\n|t:|1698459914\n|switch|p2a: Ferrothorn|Ferrothorn, M|100\/100\n|move|p1a: Sawsbuck|Horn Leech|p2a: Ferrothorn\n|-resisted|p2a: Ferrothorn\n|-damage|p2a: Ferrothorn|95\/100\n|-heal|p1a: Sawsbuck|42\/100|[from] drain|[of] p2a: Ferrothorn\n|-activate|p2a: Ferrothorn|ability: Iron Barbs\n|-activate|p1a: Sawsbuck|item: Protective Pads\n|\n|upkeep\n|turn|11\n|\n|t:|1698459927\n|move|p1a: Sawsbuck|Swords Dance|p1a: Sawsbuck\n|-boost|p1a: Sawsbuck|atk|2\n|move|p2a: Ferrothorn|Body Press|p1a: Sawsbuck\n|-supereffective|p1a: Sawsbuck\n|-damage|p1a: Sawsbuck|0 fnt\n|faint|p1a: Sawsbuck\n|\n|upkeep\n|\n|t:|1698459934\n|switch|p1a: Emboar|Emboar, M|86\/100\n|turn|12\n|\n|t:|1698459941\n|switch|p1a: Hydreigon|Hydreigon, F|60\/100 slp\n|move|p2a: Ferrothorn|Protect||[still]\n|-fail|p2a: Ferrothorn\n|\n|upkeep\n|turn|13\n|\n|t:|1698459957\n|cant|p1a: Hydreigon|slp\n|move|p2a: Ferrothorn|Body Press|p1a: Hydreigon\n|-supereffective|p1a: Hydreigon\n|-damage|p1a: Hydreigon|0 fnt\n|faint|p1a: Hydreigon\n|\n|upkeep\n|\n|t:|1698459964\n|switch|p1a: Emboar|Emboar, M|86\/100\n|turn|14\n|\n|t:|1698459968\n|move|p2a: Ferrothorn|Protect|p2a: Ferrothorn\n|-singleturn|p2a: Ferrothorn|Protect\n|move|p1a: Emboar|Flare Blitz|p2a: Ferrothorn\n|-activate|p2a: Ferrothorn|move: Protect\n|\n|upkeep\n|turn|15\n|\n|t:|1698459979\n|switch|p2a: Burbuja|Jellicent, F|100\/100\n|move|p1a: Emboar|Flare Blitz|p2a: Burbuja\n|-resisted|p2a: Burbuja\n|-damage|p2a: Burbuja|78\/100\n|-damage|p1a: Emboar|78\/100|[from] Recoil\n|\n|-heal|p2a: Burbuja|84\/100|[from] item: Leftovers\n|upkeep\n|turn|16\n|\n|t:|1698460001\n|switch|p1a: Keldeo|Keldeo-Resolute, shiny|42\/100\n|move|p2a: Burbuja|Water Spout|p1a: Keldeo\n|-resisted|p1a: Keldeo\n|-damage|p1a: Keldeo|3\/100\n|\n|-heal|p2a: Burbuja|90\/100|[from] item: Leftovers\n|upkeep\n|turn|17\n|j| Shotokekipurin\n|\n|t:|1698460028\n|move|p1a: Keldeo|Air Slash|p2a: Burbuja\n|-damage|p2a: Burbuja|60\/100\n|-damage|p1a: Keldeo|0 fnt|[from] item: Life Orb\n|faint|p1a: Keldeo\n|move|p2a: Burbuja|Water Spout|p1: Keldeo|[notarget]\n|-fail|p2a: Burbuja\n|\n|-heal|p2a: Burbuja|66\/100|[from] item: Leftovers\n|upkeep\n|\n|t:|1698460035\n|switch|p1a: Emboar|Emboar, M|78\/100\n|turn|18\n|\n|t:|1698460048\n|switch|p2a: Meteor|Cinccino, M|100\/100\n|move|p1a: Emboar|Wild Charge|p2a: Meteor\n|-damage|p2a: Meteor|0 fnt\n|faint|p2a: Meteor\n|-damage|p1a: Emboar|58\/100|[from] Recoil\n|\n|upkeep\n|\n|t:|1698460062\n|switch|p2a: NAINAINAI|Keldeo-Resolute|100\/100\n|turn|19\n|\n|t:|1698460065\n|move|p2a: NAINAINAI|Scald|p1a: Emboar\n|-supereffective|p1a: Emboar\n|-damage|p1a: Emboar|0 fnt\n|faint|p1a: Emboar\n|\n|win|Ggc69\n|l| Shotokekipurin\n|l|\u2606WaKax2\n","uploadtime":1698460077,"views":12,"p1id":"wakax2","p2id":"ggc69","formatid":"gen9anythinggoes","rating":0,"private":0,"password":""}