{"id":"radicalred-gen9anythinggoes-542739","p1":"owless","p2":"elbazismail2","format":"[Gen 9] Anything Goes","log":"|j|\u2606owless\n|j|\u2606elbazismail2\n|t:|1699205986\n|gametype|singles\n|player|p1|owless|rr-qwilfishhisui|\n|player|p2|elbazismail2|1|\n|teamsize|p1|6\n|teamsize|p2|6\n|gen|9\n|tier|[Gen 9] Anything Goes\n|rule|HP Percentage Mod: HP is shown in percentages\n|rule|Endless Battle Clause: Forcing endless battles is banned\n|rule|Sleep Clause Mod: Limit one foe put to sleep\n|clearpoke\n|poke|p1|Hydreigon, F|\n|poke|p1|Braviary, M|\n|poke|p1|Samurott, M|\n|poke|p1|Gigalith, F|\n|poke|p1|Chandelure, M|\n|poke|p1|Whimsicott, M|\n|poke|p2|Volcarona, M|\n|poke|p2|Landorus-Therian, M|\n|poke|p2|Ferrothorn, F|\n|poke|p2|Samurott, M|\n|poke|p2|Hydreigon, F|\n|poke|p2|Amoonguss, M|\n|teampreview\n|\n|t:|1699205993\n|start\n|switch|p1a: Tallarines|Braviary, M, shiny|100\/100\n|switch|p2a: Ferrothorn|Ferrothorn, F|100\/100\n|turn|1\n|j| kingreasd\n|\n|t:|1699206068\n|switch|p1a: Raviolis|Hydreigon, F|100\/100\n|move|p2a: Ferrothorn|Thunder Wave|p1a: Raviolis\n|-status|p1a: Raviolis|par\n|\n|upkeep\n|turn|2\n|j| ChadouMC\n|j| Mr cyphon\n|\n|t:|1699206095\n|move|p1a: Raviolis|Dark Hole|p2a: Ferrothorn\n|-damage|p2a: Ferrothorn|42\/100\n|-damage|p1a: Raviolis|91\/100 par|[from] item: Life Orb\n|move|p2a: Ferrothorn|Knock Off|p1a: Raviolis\n|-resisted|p1a: Raviolis\n|-damage|p1a: Raviolis|77\/100 par\n|-enditem|p1a: Raviolis|Life Orb|[from] move: Knock Off|[of] p2a: Ferrothorn\n|\n|upkeep\n|turn|3\n|\n|t:|1699206113\n|switch|p2a: Samurott|Samurott, M|100\/100\n|move|p1a: Raviolis|Dark Hole|p2a: Samurott\n|-damage|p2a: Samurott|37\/100\n|-status|p2a: Samurott|slp|[from] move: Dark Hole\n|\n|upkeep\n|turn|4\n|\n|t:|1699206139\n|cant|p2a: Samurott|slp\n|move|p1a: Raviolis|Dark Hole|p2a: Samurott\n|-damage|p2a: Samurott|0 fnt\n|faint|p2a: Samurott\n|\n|upkeep\n|\n|t:|1699206149\n|switch|p2a: Hydreigon|Hydreigon, F|100\/100\n|turn|5\n|\n|t:|1699206155\n|move|p2a: Hydreigon|Flamethrower|p1a: Raviolis\n|-resisted|p1a: Raviolis\n|-damage|p1a: Raviolis|57\/100 par\n|move|p1a: Raviolis|Draco Barrage|p2a: Hydreigon\n|-supereffective|p2a: Hydreigon\n|-damage|p2a: Hydreigon|0 fnt\n|faint|p2a: Hydreigon\n|-damage|p1a: Raviolis|24\/100 par|[from] Recoil\n|\n|upkeep\n|\n|t:|1699206160\n|switch|p2a: Volcarona|Volcarona, M|100\/100\n|turn|6\n|\n|t:|1699206169\n|move|p2a: Volcarona|Quiver Dance|p2a: Volcarona\n|-boost|p2a: Volcarona|spa|1\n|-boost|p2a: Volcarona|spd|1\n|-boost|p2a: Volcarona|spe|1\n|move|p1a: Raviolis|Dark Hole|p2a: Volcarona\n|-damage|p2a: Volcarona|72\/100\n|-status|p2a: Volcarona|slp|[from] move: Dark Hole\n|\n|upkeep\n|turn|7\n|c|\u2606elbazismail2|.....\n|\n|t:|1699206188\n|switch|p1a: Spaghetti|Whimsicott, M, shiny|100\/100\n|cant|p2a: Volcarona|slp\n|\n|upkeep\n|turn|8\n|\n|t:|1699206195\n|move|p1a: Spaghetti|Encore|p2a: Volcarona\n|-start|p2a: Volcarona|Encore\n|cant|p2a: Volcarona|slp\n|\n|upkeep\n|turn|9\n|\n|t:|1699206202\n|switch|p1a: Kanelone|Gigalith, F, shiny|100\/100\n|cant|p2a: Volcarona|slp\n|\n|upkeep\n|turn|10\n|\n|t:|1699206211\n|switch|p2a: Amoonguss|Amoonguss, M|100\/100\n|move|p1a: Kanelone|Rock Blast|p2a: Amoonguss\n|-damage|p2a: Amoonguss|89\/100\n|-damage|p2a: Amoonguss|77\/100\n|-damage|p2a: Amoonguss|65\/100\n|-hitcount|p2a: Amoonguss|3\n|\n|-heal|p2a: Amoonguss|71\/100|[from] item: Black Sludge\n|upkeep\n|turn|11\n|\n|t:|1699206225\n|switch|p1a: Spaghetti|Whimsicott, M, shiny|100\/100\n|move|p2a: Amoonguss|Spore|p1a: Spaghetti\n|-immune|p1a: Spaghetti\n|\n|-heal|p2a: Amoonguss|78\/100|[from] item: Black Sludge\n|upkeep\n|turn|12\n|\n|t:|1699206229\n|move|p1a: Spaghetti|Encore|p2a: Amoonguss\n|-start|p2a: Amoonguss|Encore\n|move|p2a: Amoonguss|Spore|p1a: Spaghetti\n|-immune|p1a: Spaghetti\n|\n|-heal|p2a: Amoonguss|84\/100|[from] item: Black Sludge\n|upkeep\n|turn|13\n|\n|t:|1699206239\n|move|p1a: Spaghetti|Moonblast|p2a: Amoonguss\n|-resisted|p2a: Amoonguss\n|-damage|p2a: Amoonguss|75\/100\n|move|p2a: Amoonguss|Spore|p1a: Spaghetti\n|-immune|p1a: Spaghetti\n|\n|-heal|p2a: Amoonguss|82\/100|[from] item: Black Sludge\n|upkeep\n|turn|14\n|\n|t:|1699206249\n|move|p1a: Spaghetti|Taunt|p2a: Amoonguss\n|-start|p2a: Amoonguss|move: Taunt\n|cant|p2a: Amoonguss|move: Taunt|Spore\n|\n|-heal|p2a: Amoonguss|88\/100|[from] item: Black Sludge\n|-end|p2a: Amoonguss|Encore\n|upkeep\n|turn|15\n|n| kingreasd|kingreasd\n|\n|t:|1699206258\n|switch|p2a: Volcarona|Volcarona, M|72\/100 slp\n|move|p1a: Spaghetti|Encore||[still]\n|-fail|p1a: Spaghetti\n|\n|upkeep\n|turn|16\n|\n|t:|1699206268\n|move|p1a: Spaghetti|Taunt|p2a: Volcarona\n|-start|p2a: Volcarona|move: Taunt\n|-curestatus|p2a: Volcarona|slp|[msg]\n|move|p2a: Volcarona|Fiery Dance|p1a: Spaghetti\n|-supereffective|p1a: Spaghetti\n|-enditem|p1a: Spaghetti|Focus Sash\n|-damage|p1a: Spaghetti|1\/100\n|-boost|p2a: Volcarona|spa|1\n|\n|upkeep\n|turn|17\n|\n|t:|1699206281\n|move|p1a: Spaghetti|Stun Spore|p2a: Volcarona|[miss]\n|-miss|p1a: Spaghetti|p2a: Volcarona\n|move|p2a: Volcarona|Bug Buzz|p1a: Spaghetti\n|-damage|p1a: Spaghetti|0 fnt\n|faint|p1a: Spaghetti\n|\n|upkeep\n|c|\u2606elbazismail2|por fin algo de suerte\n|\n|t:|1699206288\n|switch|p1a: Kanelone|Gigalith, F, shiny|100\/100\n|turn|18\n|\n|t:|1699206302\n|switch|p2a: Landorus|Landorus-Therian, M|100\/100\n|-ability|p2a: Landorus|Intimidate|boost\n|-unboost|p1a: Kanelone|atk|1\n|move|p1a: Kanelone|Rock Blast|p2a: Landorus\n|-damage|p2a: Landorus|92\/100\n|-damage|p2a: Landorus|83\/100\n|-damage|p2a: Landorus|74\/100\n|-damage|p2a: Landorus|65\/100\n|-hitcount|p2a: Landorus|4\n|\n|-heal|p2a: Landorus|71\/100|[from] item: Leftovers\n|upkeep\n|turn|19\n|\n|t:|1699206337\n|switch|p2a: Ferrothorn|Ferrothorn, F|42\/100\n|move|p1a: Kanelone|Toxic|p2a: Ferrothorn\n|-immune|p2a: Ferrothorn\n|\n|upkeep\n|turn|20\n|\n|t:|1699206343\n|switch|p1a: Raviolis|Hydreigon, F|24\/100 par\n|move|p2a: Ferrothorn|Leech Seed|p1a: Raviolis\n|-start|p1a: Raviolis|move: Leech Seed\n|\n|-damage|p1a: Raviolis|12\/100 par|[from] Leech Seed|[of] p2a: Ferrothorn\n|-heal|p2a: Ferrothorn|53\/100|[silent]\n|upkeep\n|turn|21\n|\n|t:|1699206359\n|cant|p1a: Raviolis|par\n|move|p2a: Ferrothorn|Knock Off|p1a: Raviolis\n|-resisted|p1a: Raviolis\n|-damage|p1a: Raviolis|3\/100 par\n|\n|-damage|p1a: Raviolis|0 fnt|[from] Leech Seed|[of] p2a: Ferrothorn\n|-heal|p2a: Ferrothorn|55\/100|[silent]\n|faint|p1a: Raviolis\n|upkeep\n|\n|t:|1699206363\n|switch|p1a: Macarrones|Chandelure, M|100\/100\n|turn|22\n|\n|t:|1699206367\n|move|p1a: Macarrones|Overheat|p2a: Ferrothorn\n|-supereffective|p2a: Ferrothorn\n|-damage|p2a: Ferrothorn|0 fnt\n|-unboost|p1a: Macarrones|spa|2\n|faint|p2a: Ferrothorn\n|\n|upkeep\n|\n|t:|1699206373\n|switch|p2a: Volcarona|Volcarona, M|72\/100\n|turn|23\n|\n|t:|1699206391\n|switch|p1a: Fussili|Samurott, M|100\/100\n|switch|p2a: Landorus|Landorus-Therian, M|71\/100\n|-ability|p2a: Landorus|Intimidate|boost\n|-unboost|p1a: Fussili|atk|1\n|\n|-heal|p2a: Landorus|77\/100|[from] item: Leftovers\n|upkeep\n|turn|24\n|\n|t:|1699206399\n|switch|p1a: Tallarines|Braviary, M, shiny|100\/100\n|move|p2a: Landorus|Knock Off|p1a: Tallarines\n|-damage|p1a: Tallarines|50\/100\n|-enditem|p1a: Tallarines|Heavy-Duty Boots|[from] move: Knock Off|[of] p2a: Landorus\n|\n|-heal|p2a: Landorus|83\/100|[from] item: Leftovers\n|upkeep\n|turn|25\n|\n|t:|1699206406\n|move|p2a: Landorus|Knock Off|p1a: Tallarines\n|-damage|p1a: Tallarines|19\/100\n|move|p1a: Tallarines|Brave Bird|p2a: Landorus\n|-damage|p2a: Landorus|16\/100\n|-damage|p1a: Tallarines|0 fnt|[from] Recoil\n|faint|p1a: Tallarines\n|\n|-heal|p2a: Landorus|22\/100|[from] item: Leftovers\n|upkeep\n|l| Mr cyphon\n|\n|t:|1699206420\n|switch|p1a: Kanelone|Gigalith, F, shiny|100\/100\n|turn|26\n|\n|t:|1699206425\n|move|p2a: Landorus|Earthquake|p1a: Kanelone\n|-supereffective|p1a: Kanelone\n|-damage|p1a: Kanelone|42\/100\n|move|p1a: Kanelone|Rock Blast|p2a: Landorus\n|-damage|p2a: Landorus|9\/100\n|-damage|p2a: Landorus|0 fnt\n|faint|p2a: Landorus\n|-hitcount|p2: Landorus|2\n|\n|upkeep\n|\n|t:|1699206435\n|switch|p2a: Volcarona|Volcarona, M|72\/100\n|turn|27\n|\n|t:|1699206454\n|switch|p1a: Macarrones|Chandelure, M|100\/100\n|move|p2a: Volcarona|Bug Buzz|p1a: Macarrones\n|-resisted|p1a: Macarrones\n|-damage|p1a: Macarrones|81\/100\n|\n|upkeep\n|turn|28\n|l| kingreasd\n|\n|t:|1699206515\n|switch|p2a: Amoonguss|Amoonguss, M|100\/100\n|move|p1a: Macarrones|Overheat|p2a: Amoonguss\n|-supereffective|p2a: Amoonguss\n|-crit|p2a: Amoonguss\n|-damage|p2a: Amoonguss|0 fnt\n|-unboost|p1a: Macarrones|spa|2\n|faint|p2a: Amoonguss\n|\n|upkeep\n|\n|t:|1699206516\n|switch|p2a: Volcarona|Volcarona, M|72\/100\n|turn|29\n|\n|t:|1699206519\n|switch|p1a: Fussili|Samurott, M|100\/100\n|move|p2a: Volcarona|Quiver Dance|p2a: Volcarona\n|-boost|p2a: Volcarona|spa|1\n|-boost|p2a: Volcarona|spd|1\n|-boost|p2a: Volcarona|spe|1\n|\n|upkeep\n|turn|30\n|j| Danoninhodmorango1\n|c|\u2606elbazismail2|has tenido una suerte increible\n|\n|t:|1699206548\n|move|p1a: Fussili|Aqua Jet|p2a: Volcarona\n|-supereffective|p2a: Volcarona\n|-damage|p2a: Volcarona|21\/100\n|move|p2a: Volcarona|Fiery Dance|p1a: Fussili\n|-damage|p1a: Fussili|37\/100\n|\n|upkeep\n|turn|31\n|\n|t:|1699206553\n|move|p1a: Fussili|Aqua Jet|p2a: Volcarona\n|-supereffective|p2a: Volcarona\n|-damage|p2a: Volcarona|0 fnt\n|faint|p2a: Volcarona\n|\n|win|owless\n|c|\u2606owless|gg\n","uploadtime":1699206563,"views":5,"p1id":"owless","p2id":"elbazismail2","formatid":"gen9anythinggoes","rating":0,"private":0,"password":""}