{"id":"radicalred-gen9anythinggoes-548623","p1":"Blankeeee","p2":"fucsiada","format":"[Gen 9] Anything Goes","log":"|j|\u2606Blankeeee\n|j|\u2606fucsiada\n|t:|1700406525\n|gametype|singles\n|player|p1|Blankeeee|rr-mawilemega|\n|player|p2|fucsiada|rr-marshadow|\n|teamsize|p1|6\n|teamsize|p2|6\n|gen|9\n|tier|[Gen 9] Anything Goes\n|rule|HP Percentage Mod: HP is shown in percentages\n|rule|Endless Battle Clause: Forcing endless battles is banned\n|clearpoke\n|poke|p1|Beartic, M|\n|poke|p1|Politoed, M|\n|poke|p1|Mawile, M|\n|poke|p1|Lunala|\n|poke|p1|Greninja-*, M|\n|poke|p1|Blissey, F|\n|poke|p2|Darkrai|\n|poke|p2|Rillaboom, M|\n|poke|p2|Rapidash, M|\n|poke|p2|Mienshao, M|\n|poke|p2|Gigalith, F|\n|poke|p2|Ribombee, F|\n|teampreview\n|j| don7\n|j| BauerBob\n|\n|t:|1700406587\n|start\n|switch|p1a: Politoed|Politoed, M, shiny|100\/100\n|switch|p2a: Rapidash|Rapidash, M|100\/100\n|-weather|RainDance|[from] ability: Drizzle|[of] p1a: Politoed\n|turn|1\n|\n|t:|1700406601\n|move|p2a: Rapidash|Wild Charge|p1a: Politoed\n|-supereffective|p1a: Politoed\n|-damage|p1a: Politoed|49\/100\n|-damage|p2a: Rapidash|82\/100|[from] Recoil\n|move|p1a: Politoed|Flip Turn|p2a: Rapidash\n|-supereffective|p2a: Rapidash\n|-damage|p2a: Rapidash|11\/100\n|\n|t:|1700406616\n|switch|p1a: Greninja|Greninja, M, shiny|100\/100|[from] Flip Turn\n|\n|-weather|RainDance|[upkeep]\n|upkeep\n|turn|2\n|\n|t:|1700406624\n|switch|p2a: Gigalith|Gigalith, F|100\/100\n|-weather|Sandstorm|[from] ability: Sand Stream|[of] p2a: Gigalith\n|move|p1a: Greninja|Water Shuriken|p2a: Gigalith\n|-supereffective|p2a: Gigalith\n|-damage|p2a: Gigalith|92\/100\n|-supereffective|p2a: Gigalith\n|-damage|p2a: Gigalith|84\/100\n|-hitcount|p2a: Gigalith|2\n|-damage|p1a: Greninja|91\/100|[from] item: Life Orb\n|\n|-weather|Sandstorm|[upkeep]\n|-damage|p1a: Greninja|85\/100|[from] Sandstorm\n|upkeep\n|turn|3\n|\n|t:|1700406664\n|switch|p2a: Mienshao|Mienshao, M|100\/100\n|move|p1a: Greninja|Hydro Cannon|p2a: Mienshao\n|-damage|p2a: Mienshao|0 fnt\n|faint|p2a: Mienshao\n|-activate|p1a: Greninja|ability: Battle Bond\n|detailschange|p1a: Greninja|Greninja-Ash, M, shiny\n|-damage|p1a: Greninja|75\/100|[from] item: Life Orb\n|\n|-weather|Sandstorm|[upkeep]\n|-damage|p1a: Greninja|69\/100|[from] Sandstorm\n|upkeep\n|\n|t:|1700406691\n|switch|p2a: Rillaboom|Rillaboom, M|100\/100\n|-fieldstart|move: Grassy Terrain|[from] ability: Grassy Surge|[of] p2a: Rillaboom\n|turn|4\n|\n|t:|1700406701\n|switch|p1a: Mawile|Mawile, M, shiny|100\/100\n|-ability|p1a: Mawile|Intimidate|boost\n|-unboost|p2a: Rillaboom|atk|1\n|move|p2a: Rillaboom|Swords Dance|p2a: Rillaboom\n|-boost|p2a: Rillaboom|atk|2\n|\n|-weather|Sandstorm|[upkeep]\n|-damage|p2a: Rillaboom|94\/100|[from] Sandstorm\n|-heal|p2a: Rillaboom|100\/100|[from] Grassy Terrain\n|upkeep\n|turn|5\n|\n|t:|1700406734\n|detailschange|p1a: Mawile|Mawile-Mega, M, shiny\n|-mega|p1a: Mawile|Mawile|Mawilite\n|move|p2a: Rillaboom|High Horsepower|p1a: Mawile\n|-supereffective|p1a: Mawile\n|-damage|p1a: Mawile|0 fnt\n|faint|p1a: Mawile\n|-damage|p2a: Rillaboom|91\/100|[from] item: Life Orb\n|\n|-weather|Sandstorm|[upkeep]\n|-damage|p2a: Rillaboom|84\/100|[from] Sandstorm\n|-heal|p2a: Rillaboom|91\/100|[from] Grassy Terrain\n|upkeep\n|\n|t:|1700406787\n|switch|p1a: Lunala|Lunala|100\/100\n|turn|6\n|\n|t:|1700406805\n|move|p2a: Rillaboom|Grassy Glide|p1a: Lunala\n|-damage|p1a: Lunala|60\/100\n|-damage|p2a: Rillaboom|81\/100|[from] item: Life Orb\n|move|p1a: Lunala|Moongeist Beam|p2a: Rillaboom\n|-damage|p2a: Rillaboom|18\/100\n|\n|-weather|none\n|-heal|p1a: Lunala|67\/100|[from] Grassy Terrain\n|-heal|p2a: Rillaboom|24\/100|[from] Grassy Terrain\n|upkeep\n|turn|7\n|\n|t:|1700406942\n|switch|p1a: Blissey|Blissey, F, shiny|100\/100\n|move|p2a: Rillaboom|Grassy Glide|p1a: Blissey\n|-damage|p1a: Blissey|22\/100\n|-damage|p2a: Rillaboom|14\/100|[from] item: Life Orb\n|\n|-heal|p2a: Rillaboom|21\/100|[from] Grassy Terrain\n|-heal|p1a: Blissey|28\/100|[from] Grassy Terrain\n|-heal|p1a: Blissey|34\/100|[from] item: Leftovers\n|upkeep\n|turn|8\n|\n|t:|1700406956\n|move|p2a: Rillaboom|Drain Punch|p1a: Blissey\n|-supereffective|p1a: Blissey\n|-damage|p1a: Blissey|0 fnt\n|-heal|p2a: Rillaboom|50\/100|[from] drain|[of] p1a: Blissey\n|faint|p1a: Blissey\n|-damage|p2a: Rillaboom|40\/100|[from] item: Life Orb\n|\n|-heal|p2a: Rillaboom|47\/100|[from] Grassy Terrain\n|-fieldend|move: Grassy Terrain\n|upkeep\n|\n|t:|1700406969\n|switch|p1a: Lunala|Lunala|67\/100\n|turn|9\n|\n|t:|1700406973\n|switch|p2a: Gigalith|Gigalith, F|84\/100\n|-weather|Sandstorm|[from] ability: Sand Stream|[of] p2a: Gigalith\n|move|p1a: Lunala|Moonlight|p1a: Lunala\n|-heal|p1a: Lunala|92\/100\n|\n|-weather|Sandstorm|[upkeep]\n|-damage|p1a: Lunala|86\/100|[from] Sandstorm\n|upkeep\n|turn|10\n|\n|t:|1700407062\n|move|p1a: Lunala|Moongeist Beam|p2a: Gigalith\n|-crit|p2a: Gigalith\n|-damage|p2a: Gigalith|49\/100\n|move|p2a: Gigalith|Stone Edge|p1a: Lunala\n|-damage|p1a: Lunala|32\/100\n|\n|-weather|Sandstorm|[upkeep]\n|-damage|p1a: Lunala|26\/100|[from] Sandstorm\n|upkeep\n|turn|11\n|\n|t:|1700407076\n|move|p1a: Lunala|Moongeist Beam|p2a: Gigalith\n|-damage|p2a: Gigalith|25\/100\n|move|p2a: Gigalith|Stone Edge|p1a: Lunala\n|-damage|p1a: Lunala|0 fnt\n|faint|p1a: Lunala\n|\n|-weather|Sandstorm|[upkeep]\n|upkeep\n|\n|t:|1700407081\n|switch|p1a: Politoed|Politoed, M, shiny|49\/100\n|-weather|RainDance|[from] ability: Drizzle|[of] p1a: Politoed\n|turn|12\n|\n|t:|1700407111\n|switch|p2a: Rapidash|Rapidash, M|11\/100\n|move|p1a: Politoed|Flip Turn|p2a: Rapidash\n|-supereffective|p2a: Rapidash\n|-damage|p2a: Rapidash|0 fnt\n|faint|p2a: Rapidash\n|\n|t:|1700407128\n|switch|p1a: Beartic|Beartic, M, shiny|100\/100|[from] Flip Turn\n|\n|-weather|RainDance|[upkeep]\n|upkeep\n|\n|t:|1700407131\n|switch|p2a: Ribombee|Ribombee, F|100\/100\n|turn|13\n|\n|t:|1700407140\n|move|p1a: Beartic|Ice Hammer|p2a: Ribombee\n|-enditem|p2a: Ribombee|Focus Sash\n|-damage|p2a: Ribombee|1\/100\n|move|p2a: Ribombee|Sticky Web|p1a: Beartic\n|-sidestart|p1: Blankeeee|move: Sticky Web\n|\n|-weather|RainDance|[upkeep]\n|upkeep\n|turn|14\n|\n|t:|1700407155\n|switch|p2a: Gigalith|Gigalith, F|25\/100\n|-weather|Sandstorm|[from] ability: Sand Stream|[of] p2a: Gigalith\n|move|p1a: Beartic|Ice Hammer|p2a: Gigalith\n|-crit|p2a: Gigalith\n|-damage|p2a: Gigalith|0 fnt\n|faint|p2a: Gigalith\n|\n|-weather|Sandstorm|[upkeep]\n|-damage|p1a: Beartic|94\/100|[from] Sandstorm\n|upkeep\n|\n|t:|1700407161\n|switch|p2a: Ribombee|Ribombee, F|1\/100\n|turn|15\n|\n|t:|1700407176\n|move|p1a: Beartic|Aqua Jet|p2a: Ribombee\n|-damage|p2a: Ribombee|0 fnt\n|faint|p2a: Ribombee\n|\n|-weather|Sandstorm|[upkeep]\n|-damage|p1a: Beartic|88\/100|[from] Sandstorm\n|upkeep\n|\n|t:|1700407194\n|switch|p2a: Darkrai|Darkrai|100\/100\n|turn|16\n|\n|t:|1700407198\n|move|p2a: Darkrai|Dark Hole|p1a: Beartic\n|-resisted|p1a: Beartic\n|-damage|p1a: Beartic|48\/100\n|-damage|p2a: Darkrai|91\/100|[from] item: Life Orb\n|move|p1a: Beartic|Close Combat|p2a: Darkrai\n|-supereffective|p2a: Darkrai\n|-damage|p2a: Darkrai|0 fnt\n|-unboost|p1a: Beartic|def|1\n|-unboost|p1a: Beartic|spd|1\n|faint|p2a: Darkrai\n|\n|-weather|Sandstorm|[upkeep]\n|-damage|p1a: Beartic|42\/100|[from] Sandstorm\n|upkeep\n|\n|t:|1700407210\n|switch|p2a: Rillaboom|Rillaboom, M|47\/100\n|-fieldstart|move: Grassy Terrain|[from] ability: Grassy Surge|[of] p2a: Rillaboom\n|turn|17\n|\n|t:|1700407222\n|move|p2a: Rillaboom|Grassy Glide|p1a: Beartic\n|-damage|p1a: Beartic|0 fnt\n|faint|p1a: Beartic\n|-damage|p2a: Rillaboom|37\/100|[from] item: Life Orb\n|\n|-weather|Sandstorm|[upkeep]\n|-damage|p2a: Rillaboom|30\/100|[from] Sandstorm\n|-heal|p2a: Rillaboom|37\/100|[from] Grassy Terrain\n|upkeep\n|\n|t:|1700407227\n|switch|p1a: Politoed|Politoed, M, shiny|49\/100\n|-activate|p1a: Politoed|move: Sticky Web\n|-unboost|p1a: Politoed|spe|1\n|-weather|RainDance|[from] ability: Drizzle|[of] p1a: Politoed\n|turn|18\n|\n|t:|1700407307\n|move|p2a: Rillaboom|Grassy Glide|p1a: Politoed\n|-supereffective|p1a: Politoed\n|-damage|p1a: Politoed|0 fnt\n|faint|p1a: Politoed\n|-damage|p2a: Rillaboom|27\/100|[from] item: Life Orb\n|\n|-weather|RainDance|[upkeep]\n|-heal|p2a: Rillaboom|33\/100|[from] Grassy Terrain\n|upkeep\n|\n|t:|1700407310\n|switch|p1a: Greninja|Greninja-Ash, M, shiny|69\/100\n|-activate|p1a: Greninja|move: Sticky Web\n|-unboost|p1a: Greninja|spe|1\n|turn|19\n|\n|t:|1700407325\n|move|p1a: Greninja|Water Shuriken|p2a: Rillaboom\n|-resisted|p2a: Rillaboom\n|-damage|p2a: Rillaboom|20\/100\n|-resisted|p2a: Rillaboom\n|-damage|p2a: Rillaboom|7\/100\n|-resisted|p2a: Rillaboom\n|-damage|p2a: Rillaboom|0 fnt\n|faint|p2a: Rillaboom\n|-hitcount|p2: Rillaboom|3\n|-damage|p1a: Greninja|59\/100|[from] item: Life Orb\n|\n|win|Blankeeee\n|l| don7\n|l|\u2606Blankeeee\n|l| BauerBob\n|l|\u2606fucsiada\n|j| don7\n","uploadtime":1700407551,"views":3,"p1id":"blankeeee","p2id":"fucsiada","formatid":"gen9anythinggoes","rating":0,"private":0,"password":""}