{"id":"radicalred-gen9anythinggoes-538655","p1":"Litrowo","p2":"00Coosm0","format":"[Gen 9] Anything Goes","log":"|j|\u2606Litrowo\n|j|\u260600Coosm0\n|t:|1698446370\n|gametype|singles\n|player|p1|Litrowo|rr-infernape|\n|player|p2|00Coosm0|rr-deoxys|\n|teamsize|p1|6\n|teamsize|p2|6\n|gen|9\n|tier|[Gen 9] Anything Goes\n|rule|HP Percentage Mod: HP is shown in percentages\n|rule|Endless Battle Clause: Forcing endless battles is banned\n|rule|Sleep Clause Mod: Limit one foe put to sleep\n|clearpoke\n|poke|p1|Serperior, M|\n|poke|p1|Hydreigon, F|\n|poke|p1|Keldeo-Resolute|\n|poke|p1|Ferrothorn, M|\n|poke|p1|Braviary, M|\n|poke|p1|Gigalith, F|\n|poke|p2|Ferrothorn, M|\n|poke|p2|Cinccino, M|\n|poke|p2|Jellicent, F|\n|poke|p2|Zoroark, F|\n|poke|p2|Darmanitan, F|\n|poke|p2|Keldeo-Resolute|\n|teampreview\n|j| zSlowKiller\n|j| PatoPatito08\n|\n|t:|1698446380\n|start\n|switch|p1a: Sastre Baldosa|Braviary, M, shiny|100\/100\n|switch|p2a: Darmanitan|Darmanitan, F|100\/100\n|turn|1\n|\n|t:|1698446415\n|switch|p1a: Laringe|Gigalith, F|100\/100\n|-weather|Sandstorm|[from] ability: Sand Stream|[of] p1a: Laringe\n|move|p2a: Darmanitan|Flare Blitz|p1a: Laringe\n|-resisted|p1a: Laringe\n|-damage|p1a: Laringe|72\/100\n|-damage|p2a: Darmanitan|91\/100|[from] Recoil\n|\n|-weather|Sandstorm|[upkeep]\n|-damage|p2a: Darmanitan|84\/100|[from] Sandstorm\n|-heal|p1a: Laringe|78\/100|[from] item: Leftovers\n|upkeep\n|turn|2\n|j| GEAV\n|l| GEAV\n|\n|t:|1698446461\n|switch|p2a: Keldeo|Keldeo-Resolute|100\/100\n|move|p1a: Laringe|Stealth Rock|p2a: Keldeo\n|-sidestart|p2: 00Coosm0|move: Stealth Rock\n|\n|-weather|Sandstorm|[upkeep]\n|-damage|p2a: Keldeo|94\/100|[from] Sandstorm\n|-heal|p1a: Laringe|84\/100|[from] item: Leftovers\n|upkeep\n|turn|3\n|\n|t:|1698446479\n|move|p1a: Laringe|Protect|p1a: Laringe\n|-singleturn|p1a: Laringe|Protect\n|move|p2a: Keldeo|Secret Sword|p1a: Laringe\n|-activate|p1a: Laringe|move: Protect\n|\n|-weather|Sandstorm|[upkeep]\n|-damage|p2a: Keldeo|88\/100|[from] Sandstorm\n|-heal|p1a: Laringe|90\/100|[from] item: Leftovers\n|upkeep\n|turn|4\n|\n|t:|1698446501\n|switch|p1a: Virus Lechuga|Serperior, M|100\/100\n|move|p2a: Keldeo|Secret Sword|p1a: Virus Lechuga\n|-damage|p1a: Virus Lechuga|25\/100\n|\n|-weather|Sandstorm|[upkeep]\n|-damage|p1a: Virus Lechuga|19\/100|[from] Sandstorm\n|-damage|p2a: Keldeo|82\/100|[from] Sandstorm\n|upkeep\n|turn|5\n|\n|t:|1698446525\n|move|p1a: Virus Lechuga|Leaf Storm|p2a: Keldeo\n|-supereffective|p2a: Keldeo\n|-damage|p2a: Keldeo|7\/100\n|-boost|p1a: Virus Lechuga|spa|2\n|move|p2a: Keldeo|Secret Sword|p1a: Virus Lechuga\n|-damage|p1a: Virus Lechuga|0 fnt\n|faint|p1a: Virus Lechuga\n|\n|-weather|none\n|upkeep\n|\n|t:|1698446533\n|switch|p1a: Sastre Baldosa|Braviary, M, shiny|100\/100\n|turn|6\n|\n|t:|1698446561\n|switch|p2a: Ferrothorn|Ferrothorn, M|100\/100\n|-damage|p2a: Ferrothorn|94\/100|[from] Stealth Rock\n|move|p1a: Sastre Baldosa|Close Combat|p2a: Ferrothorn\n|-supereffective|p2a: Ferrothorn\n|-damage|p2a: Ferrothorn|50\/100\n|-unboost|p1a: Sastre Baldosa|def|1\n|-unboost|p1a: Sastre Baldosa|spd|1\n|-damage|p1a: Sastre Baldosa|88\/100|[from] ability: Iron Barbs|[of] p2a: Ferrothorn\n|-damage|p1a: Sastre Baldosa|72\/100|[from] item: Rocky Helmet|[of] p2a: Ferrothorn\n|\n|upkeep\n|turn|7\n|\n|t:|1698446632\n|switch|p1a: Teja|Ferrothorn, M|100\/100\n|move|p2a: Ferrothorn|Body Press|p1a: Teja\n|-supereffective|p1a: Teja\n|-damage|p1a: Teja|63\/100\n|-damage|p2a: Ferrothorn|38\/100|[from] ability: Iron Barbs|[of] p1a: Teja\n|-damage|p2a: Ferrothorn|22\/100|[from] item: Rocky Helmet|[of] p1a: Teja\n|\n|upkeep\n|turn|8\n|\n|t:|1698446649\n|move|p2a: Ferrothorn|Protect|p2a: Ferrothorn\n|-singleturn|p2a: Ferrothorn|Protect\n|move|p1a: Teja|Leech Seed|p2a: Ferrothorn\n|-activate|p2a: Ferrothorn|move: Protect\n|\n|upkeep\n|turn|9\n|\n|t:|1698446654\n|move|p2a: Ferrothorn|Leech Seed|p1a: Teja\n|-immune|p1a: Teja\n|move|p1a: Teja|Leech Seed|p2a: Ferrothorn\n|-immune|p2a: Ferrothorn\n|\n|upkeep\n|turn|10\n|\n|t:|1698446664\n|move|p1a: Teja|Protect|p1a: Teja\n|-singleturn|p1a: Teja|Protect\n|move|p2a: Ferrothorn|Body Press|p1a: Teja\n|-activate|p1a: Teja|move: Protect\n|\n|upkeep\n|turn|11\n|\n|t:|1698446671\n|move|p2a: Ferrothorn|Body Press|p1a: Teja\n|-supereffective|p1a: Teja\n|-damage|p1a: Teja|28\/100\n|-damage|p2a: Ferrothorn|9\/100|[from] ability: Iron Barbs|[of] p1a: Teja\n|-damage|p2a: Ferrothorn|0 fnt|[from] item: Rocky Helmet|[of] p1a: Teja\n|faint|p2a: Ferrothorn\n|move|p1a: Teja|Leech Seed|p2: Ferrothorn|[notarget]\n|-fail|p1a: Teja\n|\n|upkeep\n|\n|t:|1698446689\n|switch|p2a: Keldeo|Keldeo-Resolute|7\/100\n|-damage|p2a: Keldeo|1\/100|[from] Stealth Rock\n|turn|12\n|c|\u260600Coosm0|que\n|c| zSlowKiller|XD\n|c| PatoPatito08|me queda 1%\n|\n|t:|1698446712\n|move|p1a: Teja|Protect|p1a: Teja\n|-singleturn|p1a: Teja|Protect\n|move|p2a: Keldeo|Secret Sword|p1a: Teja\n|-activate|p1a: Teja|move: Protect\n|\n|upkeep\n|turn|13\n|c|\u260600Coosm0|2\/324\n|c|\u260600Coosm0|de vida\n|\n|t:|1698446727\n|move|p2a: Keldeo|Secret Sword|p1a: Teja\n|-supereffective|p1a: Teja\n|-damage|p1a: Teja|0 fnt\n|faint|p1a: Teja\n|\n|upkeep\n|\n|t:|1698446734\n|switch|p1a: Sastre Baldosa|Braviary, M, shiny|72\/100\n|turn|14\n|\n|t:|1698446739\n|move|p1a: Sastre Baldosa|Brave Bird|p2a: Keldeo\n|-supereffective|p2a: Keldeo\n|-damage|p2a: Keldeo|0 fnt\n|faint|p2a: Keldeo\n|-damage|p1a: Sastre Baldosa|71\/100|[from] Recoil\n|\n|upkeep\n|j| ANDWQ\n|\n|t:|1698446789\n|switch|p2a: Darmanitan|Darmanitan, F|84\/100\n|-damage|p2a: Darmanitan|59\/100|[from] Stealth Rock\n|turn|15\n|\n|t:|1698446814\n|switch|p1a: Laringe|Gigalith, F|90\/100\n|-weather|Sandstorm|[from] ability: Sand Stream|[of] p1a: Laringe\n|move|p2a: Darmanitan|U-turn|p1a: Laringe\n|-damage|p1a: Laringe|73\/100\n|\n|t:|1698446858\n|switch|p2a: Jellicent|Jellicent, F|100\/100|[from] U-turn\n|-damage|p2a: Jellicent|88\/100|[from] Stealth Rock\n|\n|-weather|Sandstorm|[upkeep]\n|-damage|p2a: Jellicent|82\/100|[from] Sandstorm\n|-heal|p2a: Jellicent|88\/100|[from] item: Leftovers\n|-heal|p1a: Laringe|79\/100|[from] item: Leftovers\n|upkeep\n|turn|16\n|\n|t:|1698446867\n|move|p1a: Laringe|Protect|p1a: Laringe\n|-singleturn|p1a: Laringe|Protect\n|move|p2a: Jellicent|Water Spout|p1a: Laringe\n|-activate|p1a: Laringe|move: Protect\n|\n|-weather|Sandstorm|[upkeep]\n|-damage|p2a: Jellicent|82\/100|[from] Sandstorm\n|-heal|p2a: Jellicent|88\/100|[from] item: Leftovers\n|-heal|p1a: Laringe|85\/100|[from] item: Leftovers\n|upkeep\n|turn|17\n|\n|t:|1698446938\n|switch|p1a: Pulga Demonio|Hydreigon, F|100\/100\n|move|p2a: Jellicent|Water Spout|p1a: Pulga Demonio\n|-resisted|p1a: Pulga Demonio\n|-damage|p1a: Pulga Demonio|61\/100\n|\n|-weather|Sandstorm|[upkeep]\n|-damage|p1a: Pulga Demonio|55\/100|[from] Sandstorm\n|-damage|p2a: Jellicent|82\/100|[from] Sandstorm\n|-heal|p2a: Jellicent|88\/100|[from] item: Leftovers\n|upkeep\n|turn|18\n|\n|t:|1698446960\n|switch|p2a: Darmanitan|Darmanitan, F|100\/100\n|-damage|p2a: Darmanitan|88\/100|[from] Stealth Rock\n|move|p1a: Pulga Demonio|Dark Hole|p2a: Darmanitan\n|-resisted|p2a: Darmanitan\n|-damage|p2a: Darmanitan|8\/100\n|replace|p2a: Zoroark|Zoroark, F\n|-end|p2a: Zoroark|Illusion\n|\n|-weather|Sandstorm|[upkeep]\n|-damage|p2a: Zoroark|2\/100|[from] Sandstorm\n|-damage|p1a: Pulga Demonio|49\/100|[from] Sandstorm\n|upkeep\n|turn|19\n|c|\u260600Coosm0|a ya\n|c|\u260600Coosm0|para saber nomas\n|c| PatoPatito08|se lo violo\n|c| PatoPatito08|imaginate si era neutro\n|\n|t:|1698447009\n|switch|p1a: Abrelatas|Keldeo-Resolute|100\/100\n|move|p2a: Zoroark|Dark Hole|p1a: Abrelatas\n|-resisted|p1a: Abrelatas\n|-damage|p1a: Abrelatas|61\/100\n|\n|-weather|none\n|upkeep\n|turn|20\n|\n|t:|1698447029\n|move|p1a: Abrelatas|Air Slash|p2a: Zoroark\n|-damage|p2a: Zoroark|0 fnt\n|faint|p2a: Zoroark\n|-damage|p1a: Abrelatas|51\/100|[from] item: Life Orb\n|\n|upkeep\n|\n|t:|1698447044\n|switch|p2a: Cinccino|Cinccino, M|100\/100\n|-damage|p2a: Cinccino|88\/100|[from] Stealth Rock\n|turn|21\n|\n|t:|1698447085\n|move|p2a: Cinccino|Tail Slap|p1a: Abrelatas\n|-damage|p1a: Abrelatas|32\/100\n|-damage|p1a: Abrelatas|12\/100\n|-damage|p1a: Abrelatas|0 fnt\n|faint|p1a: Abrelatas\n|-hitcount|p1: Abrelatas|3\n|\n|upkeep\n|\n|t:|1698447091\n|switch|p1a: Sastre Baldosa|Braviary, M, shiny|71\/100\n|turn|22\n|l| ANDWQ\n|\n|t:|1698447187\n|move|p1a: Sastre Baldosa|Brave Bird|p2a: Cinccino\n|-damage|p2a: Cinccino|0 fnt\n|faint|p2a: Cinccino\n|-damage|p1a: Sastre Baldosa|47\/100|[from] Recoil\n|\n|upkeep\n|\n|t:|1698447193\n|switch|p2a: Jellicent|Jellicent, F|88\/100\n|-damage|p2a: Jellicent|76\/100|[from] Stealth Rock\n|turn|23\n|c|\u260600Coosm0|ggs\n|\n|t:|1698447274\n|move|p1a: Sastre Baldosa|Brave Bird|p2a: Jellicent\n|-damage|p2a: Jellicent|19\/100\n|-damage|p1a: Sastre Baldosa|25\/100|[from] Recoil\n|move|p2a: Jellicent|Water Spout|p1a: Sastre Baldosa\n|-damage|p1a: Sastre Baldosa|7\/100\n|\n|-heal|p2a: Jellicent|25\/100|[from] item: Leftovers\n|upkeep\n|turn|24\n|\n|t:|1698447285\n|move|p1a: Sastre Baldosa|Brave Bird|p2a: Jellicent\n|-damage|p2a: Jellicent|0 fnt\n|faint|p2a: Jellicent\n|-damage|p1a: Sastre Baldosa|0 fnt|[from] Recoil\n|faint|p1a: Sastre Baldosa\n|\n|upkeep\n|c|\u260600Coosm0|ggs\n|c| PatoPatito08|gg\n|c|\u260600Coosm0|gg\n|inactive|Battle timer is ON: inactive players will automatically lose when time's up. (requested by 00Coosm0)\n|\n|t:|1698447341\n|switch|p1a: Laringe|Gigalith, F|85\/100\n|switch|p2a: Darmanitan|Darmanitan, F|59\/100\n|-damage|p2a: Darmanitan|34\/100|[from] Stealth Rock\n|-weather|Sandstorm|[from] ability: Sand Stream|[of] p1a: Laringe\n|turn|25\n|\n|t:|1698447349\n|move|p1a: Laringe|Protect|p1a: Laringe\n|-singleturn|p1a: Laringe|Protect\n|move|p2a: Darmanitan|Flare Blitz|p1a: Laringe\n|-activate|p1a: Laringe|move: Protect\n|\n|-weather|Sandstorm|[upkeep]\n|-damage|p2a: Darmanitan|28\/100|[from] Sandstorm\n|-heal|p1a: Laringe|91\/100|[from] item: Leftovers\n|upkeep\n|turn|26\n|-message|00Coosm0 forfeited.\n|\n|win|Litrowo\n|c|\u260600Coosm0|ggsd\n|c|\u2606Litrowo|gg\n|l|\u260600Coosm0\n","uploadtime":1698447360,"views":13,"p1id":"litrowo","p2id":"00coosm0","formatid":"gen9anythinggoes","rating":0,"private":0,"password":""}