{"id":"radicalred-gen9anythinggoes-542730","p1":"owless","p2":"elbazismail2","format":"[Gen 9] Anything Goes","log":"|j|\u2606owless\n|j|\u2606elbazismail2\n|t:|1699204346\n|gametype|singles\n|player|p1|owless|rr-qwilfishhisui|\n|player|p2|elbazismail2|1|\n|teamsize|p1|6\n|teamsize|p2|6\n|gen|9\n|tier|[Gen 9] Anything Goes\n|rule|HP Percentage Mod: HP is shown in percentages\n|rule|Endless Battle Clause: Forcing endless battles is banned\n|rule|Sleep Clause Mod: Limit one foe put to sleep\n|clearpoke\n|poke|p1|Hydreigon, M|\n|poke|p1|Braviary, M|\n|poke|p1|Samurott, M|\n|poke|p1|Gigalith, M|\n|poke|p1|Whimsicott, F|\n|poke|p1|Chandelure, M|\n|poke|p2|Volcarona, M|\n|poke|p2|Landorus-Therian, M|\n|poke|p2|Ferrothorn, M|\n|poke|p2|Gigalith, F|\n|poke|p2|Hydreigon, M|\n|poke|p2|Excadrill, M|\n|teampreview\n|\n|t:|1699204394\n|start\n|switch|p1a: Fussili|Samurott, M|100\/100\n|switch|p2a: Ferrothorn|Ferrothorn, M|100\/100\n|turn|1\n|j| ChadouMC\n|j| zSlowKiller\n|\n|t:|1699204447\n|move|p1a: Fussili|Sacred Sword|p2a: Ferrothorn\n|-supereffective|p2a: Ferrothorn\n|-damage|p2a: Ferrothorn|51\/100\n|-damage|p1a: Fussili|88\/100|[from] ability: Iron Barbs|[of] p2a: Ferrothorn\n|-damage|p1a: Fussili|71\/100|[from] item: Rocky Helmet|[of] p2a: Ferrothorn\n|move|p2a: Ferrothorn|Thunder Wave|p1a: Fussili\n|-status|p1a: Fussili|par\n|\n|upkeep\n|turn|2\n|\n|t:|1699204467\n|move|p1a: Fussili|Sacred Sword|p2a: Ferrothorn\n|-supereffective|p2a: Ferrothorn\n|-damage|p2a: Ferrothorn|0 fnt\n|-damage|p1a: Fussili|59\/100 par|[from] ability: Iron Barbs|[of] p2a: Ferrothorn\n|-damage|p1a: Fussili|42\/100 par|[from] item: Rocky Helmet|[of] p2a: Ferrothorn\n|faint|p2a: Ferrothorn\n|\n|upkeep\n|\n|t:|1699204493\n|switch|p2a: Gigalith|Gigalith, F|100\/100\n|-weather|Sandstorm|[from] ability: Sand Stream|[of] p2a: Gigalith\n|turn|3\n|\n|t:|1699204525\n|switch|p2a: Hydreigon|Hydreigon, M|100\/100\n|cant|p1a: Fussili|par\n|\n|-weather|Sandstorm|[upkeep]\n|-damage|p2a: Hydreigon|94\/100|[from] Sandstorm\n|upkeep\n|turn|4\n|\n|t:|1699204545\n|switch|p1a: Spaghetti|Whimsicott, F, shiny|100\/100\n|move|p2a: Hydreigon|Dark Hole|p1a: Spaghetti\n|-resisted|p1a: Spaghetti\n|-damage|p1a: Spaghetti|58\/100\n|-status|p1a: Spaghetti|slp|[from] move: Dark Hole\n|\n|-weather|Sandstorm|[upkeep]\n|-damage|p2a: Hydreigon|88\/100|[from] Sandstorm\n|-damage|p1a: Spaghetti|51\/100 slp|[from] Sandstorm\n|upkeep\n|turn|5\n|\n|t:|1699204569\n|switch|p2a: Excadrill|Excadrill, M|100\/100\n|switch|p1a: Raviolis|Hydreigon, M|100\/100\n|\n|-weather|Sandstorm|[upkeep]\n|-damage|p1a: Raviolis|94\/100|[from] Sandstorm\n|upkeep\n|turn|6\n|\n|t:|1699204603\n|switch|p2a: Gigalith|Gigalith, F|100\/100\n|move|p1a: Raviolis|Flamethrower|p2a: Gigalith\n|-resisted|p2a: Gigalith\n|-damage|p2a: Gigalith|90\/100\n|-damage|p1a: Raviolis|84\/100|[from] item: Life Orb\n|\n|-weather|Sandstorm|[upkeep]\n|-damage|p1a: Raviolis|78\/100|[from] Sandstorm\n|upkeep\n|turn|7\n|\n|t:|1699204615\n|switch|p1a: Kanelone|Gigalith, M, shiny|100\/100\n|move|p2a: Gigalith|Rock Slide|p1a: Kanelone\n|-damage|p1a: Kanelone|80\/100\n|\n|-weather|none\n|upkeep\n|turn|8\n|\n|t:|1699204635\n|switch|p2a: Landorus|Landorus-Therian, M|100\/100\n|-ability|p2a: Landorus|Intimidate|boost\n|-unboost|p1a: Kanelone|atk|1\n|move|p1a: Kanelone|Earthquake|p2a: Landorus\n|-immune|p2a: Landorus\n|\n|upkeep\n|turn|9\n|\n|t:|1699204643\n|switch|p1a: Tallarines|Braviary, M, shiny|100\/100\n|move|p2a: Landorus|Knock Off|p1a: Tallarines\n|-damage|p1a: Tallarines|53\/100\n|-enditem|p1a: Tallarines|Heavy-Duty Boots|[from] move: Knock Off|[of] p2a: Landorus\n|\n|upkeep\n|turn|10\n|\n|t:|1699204649\n|move|p2a: Landorus|Stealth Rock|p1a: Tallarines\n|-sidestart|p1: owless|move: Stealth Rock\n|move|p1a: Tallarines|Brave Bird|p2a: Landorus\n|-damage|p2a: Landorus|32\/100\n|-damage|p1a: Tallarines|32\/100|[from] Recoil\n|\n|-heal|p2a: Landorus|38\/100|[from] item: Leftovers\n|upkeep\n|turn|11\n|\n|t:|1699204655\n|switch|p2a: Gigalith|Gigalith, F|90\/100\n|-weather|Sandstorm|[from] ability: Sand Stream|[of] p2a: Gigalith\n|move|p1a: Tallarines|Brave Bird|p2a: Gigalith\n|-resisted|p2a: Gigalith\n|-damage|p2a: Gigalith|69\/100\n|-damage|p1a: Tallarines|25\/100|[from] Recoil\n|\n|-weather|Sandstorm|[upkeep]\n|-damage|p1a: Tallarines|18\/100|[from] Sandstorm\n|upkeep\n|turn|12\n|\n|t:|1699204659\n|switch|p2a: Landorus|Landorus-Therian, M|38\/100\n|-ability|p2a: Landorus|Intimidate|boost\n|-unboost|p1a: Tallarines|atk|1\n|-ability|p1a: Tallarines|Defiant|boost\n|-boost|p1a: Tallarines|atk|2\n|move|p1a: Tallarines|Defog|p2a: Landorus\n|-unboost|p2a: Landorus|evasion|1\n|-sideend|p1: owless|Stealth Rock|[from] move: Defog|[of] p1a: Tallarines\n|\n|-weather|Sandstorm|[upkeep]\n|-damage|p1a: Tallarines|12\/100|[from] Sandstorm\n|-heal|p2a: Landorus|44\/100|[from] item: Leftovers\n|upkeep\n|turn|13\n|\n|t:|1699204664\n|move|p2a: Landorus|Stealth Rock|p1a: Tallarines\n|-sidestart|p1: owless|move: Stealth Rock\n|move|p1a: Tallarines|Brave Bird|p2a: Landorus\n|-damage|p2a: Landorus|0 fnt\n|faint|p2a: Landorus\n|-damage|p1a: Tallarines|0 fnt|[from] Recoil\n|faint|p1a: Tallarines\n|\n|-weather|Sandstorm|[upkeep]\n|upkeep\n|\n|t:|1699204708\n|switch|p2a: Excadrill|Excadrill, M|100\/100\n|switch|p1a: Spaghetti|Whimsicott, F, shiny|51\/100 slp\n|-damage|p1a: Spaghetti|39\/100 slp|[from] Stealth Rock\n|turn|14\n|\n|t:|1699204714\n|cant|p1a: Spaghetti|slp\n|move|p2a: Excadrill|Iron Head|p1a: Spaghetti\n|-supereffective|p1a: Spaghetti\n|-damage|p1a: Spaghetti|0 fnt\n|faint|p1a: Spaghetti\n|\n|-weather|Sandstorm|[upkeep]\n|upkeep\n|\n|t:|1699204723\n|switch|p1a: Fussili|Samurott, M|42\/100 par\n|-damage|p1a: Fussili|36\/100 par|[from] Stealth Rock\n|turn|15\n|\n|t:|1699204742\n|switch|p2a: Gigalith|Gigalith, F|69\/100\n|move|p1a: Fussili|Sacred Sword|p2a: Gigalith\n|-supereffective|p2a: Gigalith\n|-damage|p2a: Gigalith|2\/100\n|\n|-weather|none\n|upkeep\n|turn|16\n|\n|t:|1699204754\n|switch|p2a: Volcarona|Volcarona, M|100\/100\n|cant|p1a: Fussili|par\n|\n|upkeep\n|turn|17\n|\n|t:|1699204759\n|move|p2a: Volcarona|Fiery Dance|p1a: Fussili\n|-damage|p1a: Fussili|0 fnt\n|-boost|p2a: Volcarona|spa|1\n|faint|p1a: Fussili\n|\n|upkeep\n|\n|t:|1699204771\n|switch|p1a: Kanelone|Gigalith, M, shiny|80\/100\n|-damage|p1a: Kanelone|68\/100|[from] Stealth Rock\n|turn|18\n|\n|t:|1699204781\n|move|p2a: Volcarona|Bug Buzz|p1a: Kanelone\n|-damage|p1a: Kanelone|0 fnt\n|faint|p1a: Kanelone\n|\n|upkeep\n|\n|t:|1699204789\n|switch|p1a: Macarrones|Chandelure, M|100\/100\n|-damage|p1a: Macarrones|76\/100|[from] Stealth Rock\n|turn|19\n|c|\u2606elbazismail2|gg\n|\n|t:|1699204818\n|switch|p2a: Gigalith|Gigalith, F|2\/100\n|-weather|Sandstorm|[from] ability: Sand Stream|[of] p2a: Gigalith\n|move|p1a: Macarrones|Overheat|p2a: Gigalith\n|-resisted|p2a: Gigalith\n|-damage|p2a: Gigalith|0 fnt\n|-unboost|p1a: Macarrones|spa|2\n|faint|p2a: Gigalith\n|\n|-weather|Sandstorm|[upkeep]\n|-damage|p1a: Macarrones|69\/100|[from] Sandstorm\n|upkeep\n|\n|t:|1699204826\n|switch|p2a: Excadrill|Excadrill, M|100\/100\n|turn|20\n|\n|t:|1699204829\n|switch|p1a: Raviolis|Hydreigon, M|78\/100\n|-damage|p1a: Raviolis|66\/100|[from] Stealth Rock\n|move|p2a: Excadrill|Rock Slide|p1a: Raviolis\n|-damage|p1a: Raviolis|19\/100\n|\n|-weather|Sandstorm|[upkeep]\n|-damage|p1a: Raviolis|13\/100|[from] Sandstorm\n|upkeep\n|turn|21\n|\n|t:|1699204836\n|move|p2a: Excadrill|Rock Slide|p1a: Raviolis\n|-damage|p1a: Raviolis|0 fnt\n|faint|p1a: Raviolis\n|\n|-weather|Sandstorm|[upkeep]\n|upkeep\n|\n|t:|1699204838\n|switch|p1a: Macarrones|Chandelure, M|69\/100\n|-damage|p1a: Macarrones|45\/100|[from] Stealth Rock\n|turn|22\n|\n|t:|1699204840\n|move|p2a: Excadrill|Rock Slide|p1a: Macarrones\n|-supereffective|p1a: Macarrones\n|-damage|p1a: Macarrones|0 fnt\n|faint|p1a: Macarrones\n|\n|win|elbazismail2\n|c|\u2606owless|gg\n|l|\u2606elbazismail2\n|j|\u2606elbazismail2\n|player|p2|elbazismail2|1\n","uploadtime":1699204896,"views":9,"p1id":"owless","p2id":"elbazismail2","formatid":"gen9anythinggoes","rating":0,"private":0,"password":""}