{"id":"radicalred-gen9anythinggoes-534022","p1":"Elias_666","p2":"juancaletas","format":"[Gen 9] Anything Goes","log":"|j|\u2606Elias_666\n|j|\u2606juancaletas\n|t:|1697735158\n|gametype|singles\n|player|p1|Elias_666|1|\n|player|p2|juancaletas|102|\n|teamsize|p1|6\n|teamsize|p2|6\n|gen|9\n|tier|[Gen 9] Anything Goes\n|rule|HP Percentage Mod: HP is shown in percentages\n|rule|Endless Battle Clause: Forcing endless battles is banned\n|rule|Sleep Clause Mod: Limit one foe put to sleep\n|clearpoke\n|poke|p1|Bisharp, F|\n|poke|p1|Ferrothorn, F|\n|poke|p1|Conkeldurr, F|\n|poke|p1|Galvantula, F|\n|poke|p1|Darmanitan, F|\n|poke|p1|Jellicent, M|\n|poke|p2|Scolipede, F|\n|poke|p2|Serperior, M|\n|poke|p2|Swoobat, F|\n|poke|p2|Chandelure, M|\n|poke|p2|Conkeldurr, F|\n|poke|p2|Excadrill, M|\n|teampreview\n|c|\u2606Elias_666|Glhf\n|c|\u2606juancaletas|glhf\n|inactive|Battle timer is ON: inactive players will automatically lose when time's up. (requested by juancaletas)\n|\n|t:|1697735178\n|start\n|switch|p1a: Jellicent|Jellicent, M|100\/100\n|switch|p2a: Swoobat|Swoobat, F|100\/100\n|turn|1\n|\n|t:|1697735197\n|switch|p2a: Serperior|Serperior, M|100\/100\n|move|p1a: Jellicent|Scald|p2a: Serperior\n|-resisted|p2a: Serperior\n|-damage|p2a: Serperior|74\/100\n|\n|upkeep\n|turn|2\n|\n|t:|1697735206\n|switch|p1a: Darmanitan|Darmanitan, F|100\/100\n|move|p2a: Serperior|Energy Ball|p1a: Darmanitan\n|-resisted|p1a: Darmanitan\n|-crit|p1a: Darmanitan\n|-damage|p1a: Darmanitan|63\/100\n|-unboost|p1a: Darmanitan|spd|1\n|\n|upkeep\n|turn|3\n|\n|t:|1697735221\n|switch|p2a: Excadrill|Excadrill, M|100\/100\n|-ability|p2a: Excadrill|Mold Breaker\n|move|p1a: Darmanitan|Flare Blitz|p2a: Excadrill\n|-supereffective|p2a: Excadrill\n|-damage|p2a: Excadrill|0 fnt\n|faint|p2a: Excadrill\n|-damage|p1a: Darmanitan|29\/100|[from] Recoil\n|\n|upkeep\n|c|\u2606juancaletas|q ptd\n|c|\u2606Elias_666|XD\n|\n|t:|1697735241\n|switch|p2a: Chandelure|Chandelure, M|100\/100\n|turn|4\n|\n|t:|1697735247\n|move|p1a: Darmanitan|Flare Blitz|p2a: Chandelure\n|-start|p2a: Chandelure|ability: Flash Fire\n|move|p2a: Chandelure|Night Shade|p1a: Darmanitan\n|-damage|p1a: Darmanitan|1\/100\n|\n|upkeep\n|turn|5\n|\n|t:|1697735254\n|move|p1a: Darmanitan|Flare Blitz|p2a: Chandelure\n|-immune|p2a: Chandelure|[from] ability: Flash Fire\n|move|p2a: Chandelure|Night Shade|p1a: Darmanitan\n|-damage|p1a: Darmanitan|0 fnt\n|faint|p1a: Darmanitan\n|\n|upkeep\n|\n|t:|1697735272\n|switch|p1a: Jellicent|Jellicent, M|100\/100\n|turn|6\n|\n|t:|1697735280\n|move|p2a: Chandelure|Night Shade|p1a: Jellicent\n|-damage|p1a: Jellicent|76\/100\n|move|p1a: Jellicent|Scald|p2a: Chandelure\n|-supereffective|p2a: Chandelure\n|-damage|p2a: Chandelure|0 fnt\n|faint|p2a: Chandelure\n|\n|upkeep\n|\n|t:|1697735288\n|switch|p2a: Serperior|Serperior, M|74\/100\n|turn|7\n|\n|t:|1697735301\n|switch|p1a: Bisharp|Bisharp, F|100\/100\n|move|p2a: Serperior|Grass Knot|p1a: Bisharp\n|-resisted|p1a: Bisharp\n|-damage|p1a: Bisharp|88\/100\n|\n|upkeep\n|turn|8\n|\n|t:|1697735310\n|switch|p2a: Conkeldurr|Conkeldurr, F|100\/100\n|move|p1a: Bisharp|Swords Dance|p1a: Bisharp\n|-boost|p1a: Bisharp|atk|2\n|\n|upkeep\n|turn|9\n|\n|t:|1697735331\n|move|p1a: Bisharp|Iron Head|p2a: Conkeldurr\n|-damage|p2a: Conkeldurr|26\/100\n|-damage|p1a: Bisharp|72\/100|[from] item: Rocky Helmet|[of] p2a: Conkeldurr\n|move|p2a: Conkeldurr|Hammer Arm|p1a: Bisharp\n|-supereffective|p1a: Bisharp\n|-damage|p1a: Bisharp|0 fnt\n|-unboost|p2a: Conkeldurr|spe|1\n|faint|p1a: Bisharp\n|\n|upkeep\n|inactive|Elias_666 has 270 seconds left.\n|\n|t:|1697735364\n|switch|p1a: Conkeldurr|Conkeldurr, F|100\/100\n|turn|10\n|\n|t:|1697735369\n|move|p1a: Conkeldurr|Ice Punch|p2a: Conkeldurr\n|-damage|p2a: Conkeldurr|0 fnt\n|-damage|p1a: Conkeldurr|84\/100|[from] item: Rocky Helmet|[of] p2a: Conkeldurr\n|faint|p2a: Conkeldurr\n|\n|upkeep\n|\n|t:|1697735375\n|switch|p2a: Swoobat|Swoobat, F|100\/100\n|turn|11\n|\n|t:|1697735381\n|move|p2a: Swoobat|Air Slash|p1a: Conkeldurr\n|-supereffective|p1a: Conkeldurr\n|-damage|p1a: Conkeldurr|22\/100\n|move|p1a: Conkeldurr|Ice Punch|p2a: Swoobat\n|-supereffective|p2a: Swoobat\n|-crit|p2a: Swoobat\n|-damage|p2a: Swoobat|0 fnt\n|faint|p2a: Swoobat\n|\n|upkeep\n|\n|t:|1697735389\n|switch|p2a: Scolipede|Scolipede, F|100\/100\n|turn|12\n|\n|t:|1697735409\n|switch|p1a: Ferrothorn|Ferrothorn, F|100\/100\n|move|p2a: Scolipede|Gunk Shot|p1a: Ferrothorn\n|-immune|p1a: Ferrothorn\n|\n|-ability|p2a: Scolipede|Speed Boost|boost\n|-boost|p2a: Scolipede|spe|1\n|upkeep\n|turn|13\n|\n|t:|1697735418\n|move|p2a: Scolipede|Megahorn|p1a: Ferrothorn\n|-damage|p1a: Ferrothorn|69\/100\n|-damage|p2a: Scolipede|88\/100|[from] ability: Iron Barbs|[of] p1a: Ferrothorn\n|-damage|p2a: Scolipede|72\/100|[from] item: Rocky Helmet|[of] p1a: Ferrothorn\n|move|p1a: Ferrothorn|Knock Off|p2a: Scolipede\n|-damage|p2a: Scolipede|39\/100\n|-enditem|p2a: Scolipede|Assault Vest|[from] move: Knock Off|[of] p1a: Ferrothorn\n|\n|-ability|p2a: Scolipede|Speed Boost|boost\n|-boost|p2a: Scolipede|spe|1\n|upkeep\n|turn|14\n|\n|t:|1697735429\n|move|p2a: Scolipede|Earthquake|p1a: Ferrothorn\n|-damage|p1a: Ferrothorn|51\/100\n|move|p1a: Ferrothorn|Leech Seed|p2a: Scolipede\n|-start|p2a: Scolipede|move: Leech Seed\n|\n|-damage|p2a: Scolipede|27\/100|[from] Leech Seed|[of] p1a: Ferrothorn\n|-heal|p1a: Ferrothorn|60\/100|[silent]\n|-ability|p2a: Scolipede|Speed Boost|boost\n|-boost|p2a: Scolipede|spe|1\n|upkeep\n|turn|15\n|\n|t:|1697735439\n|move|p1a: Ferrothorn|Protect|p1a: Ferrothorn\n|-singleturn|p1a: Ferrothorn|Protect\n|move|p2a: Scolipede|Earthquake|p1a: Ferrothorn\n|-activate|p1a: Ferrothorn|move: Protect\n|\n|-damage|p2a: Scolipede|15\/100|[from] Leech Seed|[of] p1a: Ferrothorn\n|-heal|p1a: Ferrothorn|69\/100|[silent]\n|-ability|p2a: Scolipede|Speed Boost|boost\n|-boost|p2a: Scolipede|spe|1\n|upkeep\n|turn|16\n|\n|t:|1697735448\n|move|p1a: Ferrothorn|Protect||[still]\n|-fail|p1a: Ferrothorn\n|move|p2a: Scolipede|Megahorn|p1a: Ferrothorn\n|-damage|p1a: Ferrothorn|36\/100\n|-damage|p2a: Scolipede|2\/100|[from] ability: Iron Barbs|[of] p1a: Ferrothorn\n|-damage|p2a: Scolipede|0 fnt|[from] item: Rocky Helmet|[of] p1a: Ferrothorn\n|faint|p2a: Scolipede\n|\n|upkeep\n|\n|t:|1697735456\n|switch|p2a: Serperior|Serperior, M|74\/100\n|turn|17\n|\n|t:|1697735463\n|move|p2a: Serperior|Hidden Power|p1a: Ferrothorn\n|-damage|p1a: Ferrothorn|22\/100\n|move|p1a: Ferrothorn|Toxic|p2a: Serperior\n|-status|p2a: Serperior|tox\n|\n|-damage|p2a: Serperior|68\/100 tox|[from] psn\n|upkeep\n|turn|18\n|\n|t:|1697735472\n|move|p1a: Ferrothorn|Protect|p1a: Ferrothorn\n|-singleturn|p1a: Ferrothorn|Protect\n|move|p2a: Serperior|Energy Ball|p1a: Ferrothorn\n|-activate|p1a: Ferrothorn|move: Protect\n|\n|-damage|p2a: Serperior|55\/100 tox|[from] psn\n|upkeep\n|turn|19\n|\n|t:|1697735480\n|move|p2a: Serperior|Grass Knot|p1a: Ferrothorn\n|-resisted|p1a: Ferrothorn\n|-damage|p1a: Ferrothorn|15\/100\n|-damage|p2a: Serperior|43\/100 tox|[from] ability: Iron Barbs|[of] p1a: Ferrothorn\n|-damage|p2a: Serperior|26\/100 tox|[from] item: Rocky Helmet|[of] p1a: Ferrothorn\n|move|p1a: Ferrothorn|Knock Off|p2a: Serperior\n|-damage|p2a: Serperior|0 fnt\n|-enditem|p2a: Serperior|Aguav Berry|[from] move: Knock Off|[of] p1a: Ferrothorn\n|faint|p2a: Serperior\n|\n|win|Elias_666\n|c|\u2606juancaletas|gg hice td mal xd\n|c|\u2606Elias_666|Gg\n","uploadtime":1697735494,"views":10,"p1id":"elias666","p2id":"juancaletas","formatid":"gen9anythinggoes","rating":0,"private":0,"password":""}