{"id":"radicalred-gen9anythinggoes-544617","p1":"don7","p2":"BauerBob","format":"[Gen 9] Anything Goes","log":"|j|\u2606don7\n|j|\u2606BauerBob\n|t:|1699632406\n|gametype|singles\n|player|p1|don7|rr-deoxys|\n|player|p2|BauerBob|rr-lechonk|\n|teamsize|p1|6\n|teamsize|p2|6\n|gen|9\n|tier|[Gen 9] Anything Goes\n|rule|HP Percentage Mod: HP is shown in percentages\n|rule|Endless Battle Clause: Forcing endless battles is banned\n|clearpoke\n|poke|p1|Hydreigon, M|\n|poke|p1|Scizor, M|\n|poke|p1|Grapploct, F|\n|poke|p1|Meowscarada, F|\n|poke|p1|Diancie|\n|poke|p1|Clefable, F|\n|poke|p2|Incineroar, M|\n|poke|p2|Delcatty, F|\n|poke|p2|Alcremie, F|\n|poke|p2|Quaquaval, F|\n|poke|p2|Wishiwashi, F|\n|poke|p2|Jolteon, F|\n|teampreview\n|j| fucsiada\n|\n|t:|1699632561\n|start\n|switch|p1a: Scizor|Scizor, M|100\/100\n|switch|p2a: Incineroar|Incineroar, M, shiny|100\/100\n|-ability|p2a: Incineroar|Intimidate|boost\n|-unboost|p1a: Scizor|atk|1\n|turn|1\n|\n|t:|1699632591\n|switch|p1a: Diancie|Diancie|100\/100\n|move|p2a: Incineroar|Flare Blitz|p1a: Diancie\n|-resisted|p1a: Diancie\n|-damage|p1a: Diancie|73\/100\n|-status|p1a: Diancie|brn\n|-damage|p2a: Incineroar|94\/100|[from] Recoil\n|\n|-damage|p1a: Diancie|67\/100 brn|[from] brn\n|upkeep\n|turn|2\n|\n|t:|1699632625\n|switch|p2a: Wishiwashi|Wishiwashi, F, shiny|100\/100\n|-formechange|p2a: Wishiwashi|Wishiwashi-School||[from] ability: Schooling\n|detailschange|p1a: Diancie|Diancie-Mega\n|-mega|p1a: Diancie|Diancie|Diancite\n|move|p1a: Diancie|Diamond Storm|p2a: Wishiwashi\n|-damage|p2a: Wishiwashi|45\/100\n|\n|-heal|p2a: Wishiwashi|51\/100|[from] item: Leftovers\n|-damage|p1a: Diancie|61\/100 brn|[from] brn\n|upkeep\n|turn|3\n|\n|t:|1699632635\n|move|p2a: Wishiwashi|Protect|p2a: Wishiwashi\n|-singleturn|p2a: Wishiwashi|Protect\n|move|p1a: Diancie|Diamond Storm|p2a: Wishiwashi\n|-activate|p2a: Wishiwashi|move: Protect\n|\n|-heal|p2a: Wishiwashi|57\/100|[from] item: Leftovers\n|-damage|p1a: Diancie|55\/100 brn|[from] brn\n|upkeep\n|turn|4\n|\n|t:|1699632676\n|move|p1a: Diancie|Diamond Storm|p2a: Wishiwashi\n|-damage|p2a: Wishiwashi|6\/100\n|-boost|p1a: Diancie|def|2\n|move|p2a: Wishiwashi|Scald|p1a: Diancie\n|-supereffective|p1a: Diancie\n|-damage|p1a: Diancie|0 fnt\n|faint|p1a: Diancie\n|\n|-heal|p2a: Wishiwashi|12\/100|[from] item: Leftovers\n|-formechange|p2a: Wishiwashi|Wishiwashi||[from] ability: Schooling\n|upkeep\n|\n|t:|1699632749\n|switch|p1a: Clefable|Clefable, F|100\/100\n|turn|5\n|\n|t:|1699632752\n|move|p1a: Clefable|Cosmic Power|p1a: Clefable\n|-boost|p1a: Clefable|def|1\n|-boost|p1a: Clefable|spd|1\n|move|p2a: Wishiwashi|Flip Turn|p1a: Clefable\n|-damage|p1a: Clefable|96\/100\n|\n|t:|1699632766\n|switch|p2a: Alcremie|Alcremie, F|100\/100|[from] Flip Turn\n|\n|-heal|p1a: Clefable|100\/100|[from] item: Leftovers\n|upkeep\n|turn|6\n|\n|t:|1699632789\n|detailschange|p2a: Alcremie|Alcremie-Mega, F\n|-mega|p2a: Alcremie|Alcremie|Alcremite\n|move|p2a: Alcremie|Calm Mind|p2a: Alcremie\n|-boost|p2a: Alcremie|spa|1\n|-boost|p2a: Alcremie|spd|1\n|move|p1a: Clefable|Cosmic Power|p1a: Clefable\n|-boost|p1a: Clefable|def|1\n|-boost|p1a: Clefable|spd|1\n|\n|upkeep\n|turn|7\n|\n|t:|1699632802\n|move|p2a: Alcremie|Calm Mind|p2a: Alcremie\n|-boost|p2a: Alcremie|spa|1\n|-boost|p2a: Alcremie|spd|1\n|move|p1a: Clefable|Cosmic Power|p1a: Clefable\n|-boost|p1a: Clefable|def|1\n|-boost|p1a: Clefable|spd|1\n|\n|upkeep\n|turn|8\n|\n|t:|1699632808\n|move|p2a: Alcremie|Calm Mind|p2a: Alcremie\n|-boost|p2a: Alcremie|spa|1\n|-boost|p2a: Alcremie|spd|1\n|move|p1a: Clefable|Cosmic Power|p1a: Clefable\n|-boost|p1a: Clefable|def|1\n|-boost|p1a: Clefable|spd|1\n|\n|upkeep\n|turn|9\n|\n|t:|1699632819\n|move|p2a: Alcremie|Calm Mind|p2a: Alcremie\n|-boost|p2a: Alcremie|spa|1\n|-boost|p2a: Alcremie|spd|1\n|move|p1a: Clefable|Cosmic Power|p1a: Clefable\n|-boost|p1a: Clefable|def|1\n|-boost|p1a: Clefable|spd|1\n|\n|upkeep\n|turn|10\n|\n|t:|1699632832\n|move|p2a: Alcremie|Calm Mind|p2a: Alcremie\n|-boost|p2a: Alcremie|spa|1\n|-boost|p2a: Alcremie|spd|1\n|move|p1a: Clefable|Cosmic Power|p1a: Clefable\n|-boost|p1a: Clefable|def|1\n|-boost|p1a: Clefable|spd|1\n|\n|upkeep\n|turn|11\n|\n|t:|1699632838\n|move|p2a: Alcremie|Mystical Fire|p1a: Clefable\n|-damage|p1a: Clefable|84\/100\n|-unboost|p1a: Clefable|spa|1\n|move|p1a: Clefable|Stored Power|p2a: Alcremie\n|-damage|p2a: Alcremie|92\/100\n|\n|-heal|p1a: Clefable|90\/100|[from] item: Leftovers\n|-heal|p2a: Alcremie|98\/100|[from] ability: Self Sufficient\n|upkeep\n|turn|12\n|\n|t:|1699632856\n|move|p2a: Alcremie|Calm Mind|p2a: Alcremie\n|-boost|p2a: Alcremie|spa|1\n|-boost|p2a: Alcremie|spd|1\n|move|p1a: Clefable|Stored Power|p2a: Alcremie\n|-damage|p2a: Alcremie|90\/100\n|\n|-heal|p1a: Clefable|96\/100|[from] item: Leftovers\n|-heal|p2a: Alcremie|96\/100|[from] ability: Self Sufficient\n|upkeep\n|turn|13\n|\n|t:|1699632864\n|move|p2a: Alcremie|Mystical Fire|p1a: Clefable\n|-damage|p1a: Clefable|76\/100\n|-unboost|p1a: Clefable|spa|1\n|move|p1a: Clefable|Stored Power|p2a: Alcremie\n|-damage|p2a: Alcremie|91\/100\n|\n|-heal|p1a: Clefable|82\/100|[from] item: Leftovers\n|-heal|p2a: Alcremie|97\/100|[from] ability: Self Sufficient\n|upkeep\n|turn|14\n|\n|t:|1699632875\n|move|p2a: Alcremie|Moonblast|p1a: Clefable\n|-damage|p1a: Clefable|48\/100\n|move|p1a: Clefable|Stored Power|p2a: Alcremie\n|-damage|p2a: Alcremie|91\/100\n|\n|-heal|p1a: Clefable|54\/100|[from] item: Leftovers\n|-heal|p2a: Alcremie|97\/100|[from] ability: Self Sufficient\n|upkeep\n|turn|15\n|\n|t:|1699632883\n|move|p2a: Alcremie|Moonblast|p1a: Clefable\n|-damage|p1a: Clefable|18\/100\n|move|p1a: Clefable|Soft-Boiled|p1a: Clefable\n|-heal|p1a: Clefable|68\/100\n|\n|-heal|p1a: Clefable|74\/100|[from] item: Leftovers\n|-heal|p2a: Alcremie|100\/100|[from] ability: Self Sufficient\n|upkeep\n|turn|16\n|\n|t:|1699632892\n|move|p2a: Alcremie|Moonblast|p1a: Clefable\n|-damage|p1a: Clefable|42\/100\n|move|p1a: Clefable|Stored Power|p2a: Alcremie\n|-damage|p2a: Alcremie|95\/100\n|\n|-heal|p1a: Clefable|48\/100|[from] item: Leftovers\n|-heal|p2a: Alcremie|100\/100|[from] ability: Self Sufficient\n|upkeep\n|turn|17\n|\n|t:|1699632904\n|move|p2a: Alcremie|Moonblast|p1a: Clefable\n|-damage|p1a: Clefable|12\/100\n|move|p1a: Clefable|Soft-Boiled|p1a: Clefable\n|-heal|p1a: Clefable|62\/100\n|\n|-heal|p1a: Clefable|68\/100|[from] item: Leftovers\n|upkeep\n|turn|18\n|\n|t:|1699632912\n|move|p2a: Alcremie|Moonblast|p1a: Clefable\n|-damage|p1a: Clefable|33\/100\n|move|p1a: Clefable|Stored Power|p2a: Alcremie\n|-damage|p2a: Alcremie|95\/100\n|\n|-heal|p1a: Clefable|39\/100|[from] item: Leftovers\n|-heal|p2a: Alcremie|100\/100|[from] ability: Self Sufficient\n|upkeep\n|turn|19\n|\n|t:|1699632921\n|move|p2a: Alcremie|Moonblast|p1a: Clefable\n|-damage|p1a: Clefable|4\/100\n|-unboost|p1a: Clefable|spa|1\n|move|p1a: Clefable|Soft-Boiled|p1a: Clefable\n|-heal|p1a: Clefable|54\/100\n|\n|-heal|p1a: Clefable|60\/100|[from] item: Leftovers\n|upkeep\n|turn|20\n|\n|t:|1699632930\n|move|p2a: Alcremie|Moonblast|p1a: Clefable\n|-damage|p1a: Clefable|24\/100\n|move|p1a: Clefable|Soft-Boiled|p1a: Clefable\n|-heal|p1a: Clefable|74\/100\n|\n|-heal|p1a: Clefable|80\/100|[from] item: Leftovers\n|upkeep\n|turn|21\n|\n|t:|1699632937\n|move|p2a: Alcremie|Moonblast|p1a: Clefable\n|-damage|p1a: Clefable|47\/100\n|move|p1a: Clefable|Stored Power|p2a: Alcremie\n|-damage|p2a: Alcremie|96\/100\n|\n|-heal|p1a: Clefable|54\/100|[from] item: Leftovers\n|-heal|p2a: Alcremie|100\/100|[from] ability: Self Sufficient\n|upkeep\n|turn|22\n|\n|t:|1699632945\n|move|p2a: Alcremie|Moonblast|p1a: Clefable\n|-damage|p1a: Clefable|18\/100\n|-unboost|p1a: Clefable|spa|1\n|move|p1a: Clefable|Soft-Boiled|p1a: Clefable\n|-heal|p1a: Clefable|68\/100\n|\n|-heal|p1a: Clefable|74\/100|[from] item: Leftovers\n|upkeep\n|turn|23\n|\n|t:|1699632953\n|move|p2a: Alcremie|Moonblast|p1a: Clefable\n|-damage|p1a: Clefable|42\/100\n|move|p1a: Clefable|Stored Power|p2a: Alcremie\n|-damage|p2a: Alcremie|96\/100\n|\n|-heal|p1a: Clefable|48\/100|[from] item: Leftovers\n|-heal|p2a: Alcremie|100\/100|[from] ability: Self Sufficient\n|upkeep\n|turn|24\n|\n|t:|1699632962\n|move|p2a: Alcremie|Moonblast|p1a: Clefable\n|-damage|p1a: Clefable|12\/100\n|-unboost|p1a: Clefable|spa|1\n|move|p1a: Clefable|Soft-Boiled|p1a: Clefable\n|-heal|p1a: Clefable|62\/100\n|\n|-heal|p1a: Clefable|69\/100|[from] item: Leftovers\n|upkeep\n|turn|25\n|\n|t:|1699632970\n|move|p2a: Alcremie|Moonblast|p1a: Clefable\n|-damage|p1a: Clefable|32\/100\n|move|p1a: Clefable|Soft-Boiled|p1a: Clefable\n|-heal|p1a: Clefable|82\/100\n|\n|-heal|p1a: Clefable|88\/100|[from] item: Leftovers\n|upkeep\n|turn|26\n|\n|t:|1699632976\n|move|p2a: Alcremie|Moonblast|p1a: Clefable\n|-damage|p1a: Clefable|50\/100\n|move|p1a: Clefable|Stored Power|p2a: Alcremie\n|-damage|p2a: Alcremie|97\/100\n|\n|-heal|p1a: Clefable|56\/100|[from] item: Leftovers\n|-heal|p2a: Alcremie|100\/100|[from] ability: Self Sufficient\n|upkeep\n|turn|27\n|\n|t:|1699632985\n|move|p2a: Alcremie|Moonblast|p1a: Clefable\n|-damage|p1a: Clefable|20\/100\n|-unboost|p1a: Clefable|spa|1\n|move|p1a: Clefable|Soft-Boiled|p1a: Clefable\n|-heal|p1a: Clefable|70\/100\n|\n|-heal|p1a: Clefable|76\/100|[from] item: Leftovers\n|upkeep\n|turn|28\n|\n|t:|1699632993\n|move|p2a: Alcremie|Moonblast|p1a: Clefable\n|-damage|p1a: Clefable|40\/100\n|move|p1a: Clefable|Stored Power|p2a: Alcremie\n|-damage|p2a: Alcremie|98\/100\n|\n|-heal|p1a: Clefable|46\/100|[from] item: Leftovers\n|-heal|p2a: Alcremie|100\/100|[from] ability: Self Sufficient\n|upkeep\n|turn|29\n|\n|t:|1699633002\n|move|p2a: Alcremie|Moonblast|p1a: Clefable\n|-damage|p1a: Clefable|11\/100\n|move|p1a: Clefable|Stored Power|p2a: Alcremie\n|-damage|p2a: Alcremie|98\/100\n|\n|-heal|p1a: Clefable|17\/100|[from] item: Leftovers\n|-heal|p2a: Alcremie|100\/100|[from] ability: Self Sufficient\n|upkeep\n|turn|30\n|\n|t:|1699633010\n|move|p2a: Alcremie|Moonblast|p1a: Clefable\n|-damage|p1a: Clefable|0 fnt\n|faint|p1a: Clefable\n|\n|upkeep\n|\n|t:|1699633024\n|switch|p1a: Scizor|Scizor, M|100\/100\n|turn|31\n|\n|t:|1699633029\n|move|p1a: Scizor|Bullet Punch|p2a: Alcremie\n|-supereffective|p2a: Alcremie\n|-damage|p2a: Alcremie|59\/100\n|move|p2a: Alcremie|Mystical Fire|p1a: Scizor\n|-supereffective|p1a: Scizor\n|-crit|p1a: Scizor\n|-damage|p1a: Scizor|0 fnt\n|faint|p1a: Scizor\n|\n|-heal|p2a: Alcremie|65\/100|[from] ability: Self Sufficient\n|upkeep\n|\n|t:|1699633052\n|switch|p1a: Meowscarada|Meowscarada, F|100\/100\n|turn|32\n|\n|t:|1699633059\n|move|p1a: Meowscarada|Flower Trick|p2a: Alcremie\n|-start|p1a: Meowscarada|typechange|Grass|[from] ability: Protean\n|-crit|p2a: Alcremie\n|-damage|p2a: Alcremie|23\/100\n|move|p2a: Alcremie|Mystical Fire|p1a: Meowscarada\n|-supereffective|p1a: Meowscarada\n|-damage|p1a: Meowscarada|0 fnt\n|faint|p1a: Meowscarada\n|\n|-heal|p2a: Alcremie|29\/100|[from] ability: Self Sufficient\n|upkeep\n|\n|t:|1699633066\n|switch|p1a: Grapploct|Grapploct, F|100\/100\n|turn|33\n|\n|t:|1699633094\n|move|p2a: Alcremie|Protect|p2a: Alcremie\n|-singleturn|p2a: Alcremie|Protect\n|move|p1a: Grapploct|Arm Thrust|p2a: Alcremie\n|-activate|p2a: Alcremie|move: Protect\n|\n|-heal|p2a: Alcremie|35\/100|[from] ability: Self Sufficient\n|upkeep\n|turn|34\n|\n|t:|1699633101\n|move|p2a: Alcremie|Moonblast|p1a: Grapploct\n|-supereffective|p1a: Grapploct\n|-damage|p1a: Grapploct|0 fnt\n|faint|p1a: Grapploct\n|\n|-heal|p2a: Alcremie|41\/100|[from] ability: Self Sufficient\n|upkeep\n|\n|t:|1699633103\n|switch|p1a: Hydreigon|Hydreigon, M|100\/100\n|turn|35\n|\n|t:|1699633111\n|move|p1a: Hydreigon|Dark Hole|p2a: Alcremie\n|-resisted|p2a: Alcremie\n|-damage|p2a: Alcremie|34\/100\n|-damage|p1a: Hydreigon|91\/100|[from] item: Life Orb\n|move|p2a: Alcremie|Moonblast|p1a: Hydreigon\n|-supereffective|p1a: Hydreigon\n|-damage|p1a: Hydreigon|0 fnt\n|faint|p1a: Hydreigon\n|\n|win|BauerBob\n","uploadtime":1699633123,"views":7,"p1id":"don7","p2id":"bauerbob","formatid":"gen9anythinggoes","rating":0,"private":0,"password":""}