{"id":"radicalred-gen9anythinggoes-534870","p1":"Elias_666","p2":"Ggc69","format":"[Gen 9] Anything Goes","log":"|j|\u2606Elias_666\n|j|\u2606Ggc69\n|t:|1697854491\n|gametype|singles\n|player|p1|Elias_666|266|\n|player|p2|Ggc69|1|\n|teamsize|p1|6\n|teamsize|p2|6\n|gen|9\n|tier|[Gen 9] Anything Goes\n|rule|HP Percentage Mod: HP is shown in percentages\n|rule|Endless Battle Clause: Forcing endless battles is banned\n|rule|Sleep Clause Mod: Limit one foe put to sleep\n|clearpoke\n|poke|p1|Ferrothorn, M|\n|poke|p1|Conkeldurr, F|\n|poke|p1|Galvantula, M|\n|poke|p1|Jellicent, M|\n|poke|p1|Hydreigon, F|\n|poke|p1|Darmanitan, F|\n|poke|p2|Ferrothorn, F|\n|poke|p2|Jellicent, M|\n|poke|p2|Keldeo-Resolute|\n|poke|p2|Zoroark, M|\n|poke|p2|Volcarona, F|\n|poke|p2|Serperior, F|\n|teampreview\n|c|\u2606Elias_666|Glhf\n|j| AnotherPkuser25\n|j| zSlowKiller\n|c|\u2606Ggc69|gl\n|inactive|Battle timer is ON: inactive players will automatically lose when time's up. (requested by Elias_666)\n|\n|t:|1697854518\n|start\n|switch|p1a: Jellicent|Jellicent, M|100\/100\n|switch|p2a: LucyPussy|Volcarona, F|100\/100\n|turn|1\n|inactive|Ggc69 has 270 seconds left.\n|inactive|Ggc69 has 240 seconds left.\n|\n|t:|1697854581\n|switch|p2a: Ferrothorn|Ferrothorn, F|100\/100\n|move|p1a: Jellicent|Scald|p2a: Ferrothorn\n|-resisted|p2a: Ferrothorn\n|-damage|p2a: Ferrothorn|83\/100\n|\n|upkeep\n|turn|2\n|inactive|Ggc69 has 240 seconds left.\n|\n|t:|1697854613\n|switch|p1a: Conkeldurr|Conkeldurr, F|100\/100\n|switch|p2a: NAINAINAI|Keldeo-Resolute|100\/100\n|\n|upkeep\n|turn|3\n|inactive|Ggc69 has 210 seconds left.\n|\n|t:|1697854651\n|switch|p2a: Burbuja|Jellicent, M|100\/100\n|move|p1a: Conkeldurr|Drain Punch|p2a: Burbuja\n|-immune|p2a: Burbuja\n|\n|upkeep\n|turn|4\n|\n|t:|1697854659\n|switch|p1a: Galvantula|Galvantula, M|100\/100\n|move|p2a: Burbuja|Water Spout|p1a: Galvantula\n|-enditem|p1a: Galvantula|Focus Sash\n|-damage|p1a: Galvantula|1\/100\n|\n|upkeep\n|turn|5\n|inactive|Elias_666 has 270 seconds left.\n|inactive|Ggc69 has 180 seconds left.\n|\n|t:|1697854697\n|move|p1a: Galvantula|Thunder|p2a: Burbuja\n|-supereffective|p2a: Burbuja\n|-damage|p2a: Burbuja|41\/100\n|move|p2a: Burbuja|Shadow Ball|p1a: Galvantula\n|-damage|p1a: Galvantula|0 fnt\n|faint|p1a: Galvantula\n|\n|-heal|p2a: Burbuja|47\/100|[from] item: Leftovers\n|upkeep\n|inactive|Elias_666 has 270 seconds left.\n|\n|t:|1697854710\n|switch|p1a: Hydreigon|Hydreigon, F|100\/100\n|turn|6\n|inactive|Ggc69 has 180 seconds left.\n|\n|t:|1697854730\n|switch|p2a: NAINAINAI|Keldeo-Resolute|100\/100\n|move|p1a: Hydreigon|Dark Hole|p2a: NAINAINAI\n|-resisted|p2a: NAINAINAI\n|-damage|p2a: NAINAINAI|72\/100\n|\n|upkeep\n|turn|7\n|inactive|Ggc69 has 180 seconds left.\n|\n|t:|1697854739\n|switch|p1a: Jellicent|Jellicent, M|100\/100\n|move|p2a: NAINAINAI|Secret Sword|p1a: Jellicent\n|-immune|p1a: Jellicent\n|\n|upkeep\n|turn|8\n|inactive|Ggc69 has 180 seconds left.\n|inactive|Elias_666 has 270 seconds left.\n|\n|t:|1697854766\n|switch|p2a: Serperior|Serperior, F|100\/100\n|switch|p1a: Darmanitan|Darmanitan, F|100\/100\n|\n|upkeep\n|turn|9\n|inactive|Elias_666 has 270 seconds left.\n|inactive|Ggc69 has 180 seconds left.\n|inactive|Ggc69 has 150 seconds left.\n|\n|t:|1697854818\n|switch|p2a: LucyPussy|Volcarona, F|100\/100\n|move|p1a: Darmanitan|Flare Blitz|p2a: LucyPussy\n|-crit|p2a: LucyPussy\n|-damage|p2a: LucyPussy|0 fnt\n|faint|p2a: LucyPussy\n|-damage|p1a: Darmanitan|71\/100|[from] Recoil\n|\n|upkeep\n|\n|t:|1697854827\n|switch|p2a: Burbuja|Jellicent, M|47\/100\n|turn|10\n|inactive|Elias_666 has 270 seconds left.\n|\n|t:|1697854842\n|switch|p1a: Ferrothorn|Ferrothorn, M|100\/100\n|move|p2a: Burbuja|Strength Sap|p1a: Ferrothorn\n|-unboost|p1a: Ferrothorn|atk|1\n|-heal|p2a: Burbuja|100\/100\n|\n|upkeep\n|turn|11\n|inactive|Ggc69 has 150 seconds left.\n|\n|t:|1697854859\n|switch|p2a: Ferrothorn|Ferrothorn, F|83\/100\n|move|p1a: Ferrothorn|Knock Off|p2a: Ferrothorn\n|-damage|p2a: Ferrothorn|74\/100\n|-damage|p1a: Ferrothorn|88\/100|[from] ability: Iron Barbs|[of] p2a: Ferrothorn\n|-damage|p1a: Ferrothorn|72\/100|[from] item: Rocky Helmet|[of] p2a: Ferrothorn\n|-enditem|p2a: Ferrothorn|Rocky Helmet|[from] move: Knock Off|[of] p1a: Ferrothorn\n|\n|upkeep\n|turn|12\n|\n|t:|1697854875\n|move|p1a: Ferrothorn|Protect|p1a: Ferrothorn\n|-singleturn|p1a: Ferrothorn|Protect\n|move|p2a: Ferrothorn|Power Whip|p1a: Ferrothorn\n|-activate|p1a: Ferrothorn|move: Protect\n|\n|upkeep\n|turn|13\n|inactive|Elias_666 has 270 seconds left.\n|\n|t:|1697854898\n|move|p1a: Ferrothorn|Knock Off|p2a: Ferrothorn\n|-damage|p2a: Ferrothorn|68\/100\n|-damage|p1a: Ferrothorn|59\/100|[from] ability: Iron Barbs|[of] p2a: Ferrothorn\n|move|p2a: Ferrothorn|Leech Seed|p1a: Ferrothorn\n|-immune|p1a: Ferrothorn\n|\n|upkeep\n|turn|14\n|inactive|Elias_666 has 270 seconds left.\n|\n|t:|1697854916\n|switch|p1a: Darmanitan|Darmanitan, F|71\/100\n|move|p2a: Ferrothorn|Body Press|p1a: Darmanitan\n|-damage|p1a: Darmanitan|24\/100\n|\n|upkeep\n|turn|15\n|inactive|Elias_666 has 270 seconds left.\n|\n|t:|1697854930\n|move|p2a: Ferrothorn|Protect|p2a: Ferrothorn\n|-singleturn|p2a: Ferrothorn|Protect\n|move|p1a: Darmanitan|Flare Blitz|p2a: Ferrothorn\n|-activate|p2a: Ferrothorn|move: Protect\n|\n|upkeep\n|turn|16\n|\n|t:|1697854939\n|switch|p2a: Burbuja|Jellicent, M|100\/100\n|move|p1a: Darmanitan|Flare Blitz|p2a: Burbuja\n|-resisted|p2a: Burbuja\n|-damage|p2a: Burbuja|78\/100\n|-damage|p1a: Darmanitan|15\/100|[from] Recoil\n|\n|-heal|p2a: Burbuja|84\/100|[from] item: Leftovers\n|upkeep\n|turn|17\n|inactive|Ggc69 has 150 seconds left.\n|inactive|Elias_666 has 270 seconds left.\n|\n|t:|1697854960\n|switch|p1a: Hydreigon|Hydreigon, F|100\/100\n|move|p2a: Burbuja|Dazzling Gleam|p1a: Hydreigon\n|-supereffective|p1a: Hydreigon\n|-damage|p1a: Hydreigon|33\/100\n|\n|-heal|p2a: Burbuja|90\/100|[from] item: Leftovers\n|upkeep\n|turn|18\n|inactive|Ggc69 has 120 seconds left.\n|\n|t:|1697854993\n|switch|p2a: NAINAINAI|Keldeo-Resolute|72\/100\n|move|p1a: Hydreigon|Dark Hole|p2a: NAINAINAI\n|-resisted|p2a: NAINAINAI\n|-damage|p2a: NAINAINAI|44\/100\n|\n|upkeep\n|turn|19\n|inactive|Ggc69 has 120 seconds left.\n|inactive|Elias_666 has 270 seconds left.\n|\n|t:|1697855012\n|switch|p1a: Jellicent|Jellicent, M|100\/100\n|move|p2a: NAINAINAI|Air Slash|p1a: Jellicent\n|-damage|p1a: Jellicent|77\/100\n|\n|upkeep\n|turn|20\n|inactive|Ggc69 has 120 seconds left.\n|l| AnotherPkuser25\n|inactive|Elias_666 has 270 seconds left.\n|\n|t:|1697855028\n|switch|p2a: Serperior|Serperior, F|100\/100\n|move|p1a: Jellicent|Will-O-Wisp|p2a: Serperior\n|-status|p2a: Serperior|brn\n|\n|-damage|p2a: Serperior|94\/100 brn|[from] brn\n|upkeep\n|turn|21\n|inactive|Elias_666 has 270 seconds left.\n|inactive|Ggc69 has 120 seconds left.\n|\n|t:|1697855051\n|switch|p1a: Ferrothorn|Ferrothorn, M|59\/100\n|move|p2a: Serperior|Leaf Storm|p1a: Ferrothorn\n|-resisted|p1a: Ferrothorn\n|-damage|p1a: Ferrothorn|47\/100\n|-boost|p2a: Serperior|spa|2\n|-damage|p2a: Serperior|84\/100 brn|[from] item: Life Orb\n|\n|-damage|p2a: Serperior|78\/100 brn|[from] brn\n|upkeep\n|turn|22\n|inactive|Ggc69 has 90 seconds left.\n|\n|t:|1697855086\n|move|p2a: Serperior|Leaf Storm|p1a: Ferrothorn\n|-resisted|p1a: Ferrothorn\n|-damage|p1a: Ferrothorn|20\/100\n|-boost|p2a: Serperior|spa|2\n|-damage|p2a: Serperior|68\/100 brn|[from] item: Life Orb\n|move|p1a: Ferrothorn|Knock Off|p2a: Serperior\n|-damage|p2a: Serperior|44\/100 brn\n|-enditem|p2a: Serperior|Life Orb|[from] move: Knock Off|[of] p1a: Ferrothorn\n|\n|-damage|p2a: Serperior|38\/100 brn|[from] brn\n|upkeep\n|turn|23\n|inactive|Ggc69 has 90 seconds left.\n|\n|t:|1697855102\n|move|p1a: Ferrothorn|Protect|p1a: Ferrothorn\n|-singleturn|p1a: Ferrothorn|Protect\n|move|p2a: Serperior|Leaf Storm|p1a: Ferrothorn\n|-activate|p1a: Ferrothorn|move: Protect\n|\n|-damage|p2a: Serperior|32\/100 brn|[from] brn\n|upkeep\n|turn|24\n|\n|t:|1697855108\n|move|p2a: Serperior|Leaf Storm|p1a: Ferrothorn\n|-resisted|p1a: Ferrothorn\n|-damage|p1a: Ferrothorn|0 fnt\n|-boost|p2a: Serperior|spa|2\n|faint|p1a: Ferrothorn\n|\n|-damage|p2a: Serperior|26\/100 brn|[from] brn\n|upkeep\n|\n|t:|1697855124\n|switch|p1a: Darmanitan|Darmanitan, F|15\/100\n|turn|25\n|\n|t:|1697855141\n|move|p1a: Darmanitan|Stone Edge|p2a: Serperior\n|-crit|p2a: Serperior\n|-damage|p2a: Serperior|0 fnt\n|faint|p2a: Serperior\n|\n|upkeep\n|inactive|Ggc69 has 90 seconds left.\n|\n|t:|1697855154\n|switch|p2a: Burbuja|Jellicent, M|90\/100\n|turn|26\n|\n|t:|1697855161\n|move|p1a: Darmanitan|Stone Edge|p2a: Burbuja\n|-damage|p2a: Burbuja|52\/100\n|move|p2a: Burbuja|Water Spout|p1a: Darmanitan\n|-supereffective|p1a: Darmanitan\n|-damage|p1a: Darmanitan|0 fnt\n|faint|p1a: Darmanitan\n|\n|-heal|p2a: Burbuja|58\/100|[from] item: Leftovers\n|upkeep\n|\n|t:|1697855168\n|switch|p1a: Hydreigon|Hydreigon, F|33\/100\n|turn|27\n|inactive|Ggc69 has 90 seconds left.\n|\n|t:|1697855188\n|switch|p2a: Ferrothorn|Ferrothorn, F|68\/100\n|move|p1a: Hydreigon|Dark Hole|p2a: Ferrothorn\n|-damage|p2a: Ferrothorn|8\/100\n|\n|upkeep\n|turn|28\n|\n|t:|1697855197\n|move|p1a: Hydreigon|Dark Hole|p2a: Ferrothorn\n|-damage|p2a: Ferrothorn|0 fnt\n|faint|p2a: Ferrothorn\n|\n|upkeep\n|inactive|Ggc69 has 90 seconds left.\n|\n|t:|1697855208\n|switch|p2a: NAINAINAI|Keldeo-Resolute|44\/100\n|turn|29\n|inactive|Ggc69 has 90 seconds left.\n|\n|t:|1697855227\n|switch|p1a: Jellicent|Jellicent, M|77\/100\n|switch|p2a: Burbuja|Jellicent, M|100\/100\n|\n|upkeep\n|turn|30\n|inactive|Ggc69 has 90 seconds left.\n|\n|t:|1697855241\n|move|p2a: Burbuja|Dark Hole|p1a: Jellicent\n|-supereffective|p1a: Jellicent\n|-damage|p1a: Jellicent|0 fnt\n|faint|p1a: Jellicent\n|\n|upkeep\n|\n|t:|1697855246\n|switch|p1a: Conkeldurr|Conkeldurr, F|100\/100\n|turn|31\n|inactive|Ggc69 has 90 seconds left.\n|j| Shotokekipurin\n|\n|t:|1697855274\n|switch|p1a: Hydreigon|Hydreigon, F|33\/100\n|move|p2a: Burbuja|Dark Hole|p1a: Hydreigon\n|-resisted|p1a: Hydreigon\n|-damage|p1a: Hydreigon|0 fnt\n|faint|p1a: Hydreigon\n|\n|upkeep\n|c|\u2606Elias_666|Gg\n|l| Shotokekipurin\n|inactive|Elias_666 has 270 seconds left.\n|c|\u2606Ggc69|gg\n|\n|t:|1697855291\n|switch|p1a: Conkeldurr|Conkeldurr, F|100\/100\n|turn|32\n|\n|t:|1697855295\n|move|p2a: Burbuja|Dark Hole|p1a: Conkeldurr\n|-resisted|p1a: Conkeldurr\n|-damage|p1a: Conkeldurr|44\/100\n|move|p1a: Conkeldurr|Drain Punch|p2a: Burbuja\n|-supereffective|p2a: Burbuja\n|-damage|p2a: Burbuja|0 fnt\n|-heal|p1a: Conkeldurr|76\/100|[from] drain|[of] p2a: Burbuja\n|replace|p2a: zorra|Zoroark, M\n|-end|p2a: zorra|Illusion\n|faint|p2a: zorra\n|\n|upkeep\n|\n|t:|1697855304\n|switch|p2a: Burbuja|Jellicent, M|58\/100\n|turn|33\n|\n|t:|1697855311\n|move|p2a: Burbuja|Water Spout|p1a: Conkeldurr\n|-damage|p1a: Conkeldurr|25\/100\n|move|p1a: Conkeldurr|Drain Punch|p2a: Burbuja\n|-immune|p2a: Burbuja\n|\n|-heal|p2a: Burbuja|64\/100|[from] item: Leftovers\n|upkeep\n|turn|34\n|\n|t:|1697855318\n|move|p2a: Burbuja|Water Spout|p1a: Conkeldurr\n|-damage|p1a: Conkeldurr|0 fnt\n|faint|p1a: Conkeldurr\n|\n|win|Ggc69\n|c|\u2606Ggc69|gg\n","uploadtime":1697855325,"views":16,"p1id":"elias666","p2id":"ggc69","formatid":"gen9anythinggoes","rating":0,"private":0,"password":""}