{"id":"radicalred-gen9anythinggoes-538482","p1":"icey2","p2":"Mr cyphon","format":"[Gen 9] Anything Goes","log":"|j|\u2606icey2\n|j|\u2606Mr cyphon\n|t:|1698427556\n|gametype|singles\n|player|p1|icey2|rr-tapubulu|\n|player|p2|Mr cyphon|rr-beedrillmega|\n|teamsize|p1|6\n|teamsize|p2|6\n|gen|9\n|tier|[Gen 9] Anything Goes\n|rule|HP Percentage Mod: HP is shown in percentages\n|rule|Endless Battle Clause: Forcing endless battles is banned\n|clearpoke\n|poke|p1|Yanmega, M|\n|poke|p1|Trevenant, F|\n|poke|p1|Electrode|\n|poke|p1|Qwilfish, M|\n|poke|p1|Medicham, F|\n|poke|p1|Archeops, F|\n|poke|p2|Kabutops, F|\n|poke|p2|Simisear, M|\n|poke|p2|Venusaur, F|\n|poke|p2|Masquerain, M|\n|poke|p2|Zebstrika, F|\n|poke|p2|Aurorus, M|\n|teampreview\n|c|\u2606icey2|glhf\n|c|\u2606Mr cyphon|u2\n|inactive|Battle timer is ON: inactive players will automatically lose when time's up. (requested by icey2)\n|\n|t:|1698427582\n|start\n|switch|p1a: Qwilfish|Qwilfish, M|100\/100\n|switch|p2a: Aurorus|Aurorus, M|100\/100\n|-weather|Snow|[from] ability: Snow Warning|[of] p2a: Aurorus\n|turn|1\n|\n|t:|1698427589\n|move|p1a: Qwilfish|Taunt|p2a: Aurorus\n|-start|p2a: Aurorus|move: Taunt\n|cant|p2a: Aurorus|move: Taunt|Aurora Veil\n|\n|-weather|Snow|[upkeep]\n|upkeep\n|turn|2\n|\n|t:|1698427593\n|move|p1a: Qwilfish|Spikes|p2a: Aurorus\n|-sidestart|p2: Mr cyphon|Spikes\n|move|p2a: Aurorus|Earth Power|p1a: Qwilfish\n|-supereffective|p1a: Qwilfish\n|-damage|p1a: Qwilfish|36\/100\n|\n|-weather|Snow|[upkeep]\n|upkeep\n|turn|3\n|\n|t:|1698427595\n|move|p1a: Qwilfish|Destiny Bond|p1a: Qwilfish\n|-singlemove|p1a: Qwilfish|Destiny Bond\n|move|p2a: Aurorus|Earth Power|p1a: Qwilfish\n|-supereffective|p1a: Qwilfish\n|-damage|p1a: Qwilfish|0 fnt\n|faint|p1a: Qwilfish\n|-activate|p1a: Qwilfish|move: Destiny Bond\n|faint|p2a: Aurorus\n|\n|-weather|Snow|[upkeep]\n|upkeep\n|c|\u2606Mr cyphon|im fine with that\n|\n|t:|1698427610\n|switch|p1a: Archeops|Archeops, F|100\/100\n|switch|p2a: Masquerain|Masquerain, M|100\/100\n|-ability|p2a: Masquerain|Intimidate|boost\n|-unboost|p1a: Archeops|atk|1\n|turn|4\n|\n|t:|1698427618\n|move|p1a: Archeops|Rock Slide|p2a: Masquerain\n|-supereffective|p2a: Masquerain\n|-damage|p2a: Masquerain|14\/100\n|cant|p2a: Masquerain|flinch\n|\n|-weather|Snow|[upkeep]\n|upkeep\n|turn|5\n|\n|t:|1698427625\n|move|p1a: Archeops|Knock Off|p2a: Masquerain\n|-damage|p2a: Masquerain|0 fnt\n|-enditem|p2a: Masquerain|Heavy-Duty Boots|[from] move: Knock Off|[of] p1a: Archeops\n|faint|p2a: Masquerain\n|\n|-weather|none\n|upkeep\n|\n|t:|1698427629\n|switch|p2a: Zebstrika|Zebstrika, F|100\/100\n|-damage|p2a: Zebstrika|88\/100|[from] Spikes\n|turn|6\n|\n|t:|1698427648\n|switch|p1a: Electrode|Electrode|100\/100\n|move|p2a: Zebstrika|Bolt Strike|p1a: Electrode|[miss]\n|-miss|p2a: Zebstrika|p1a: Electrode\n|\n|upkeep\n|turn|7\n|inactive|icey2 has 270 seconds left.\n|\n|t:|1698427690\n|move|p1a: Electrode|Reflect|p1a: Electrode\n|-sidestart|p1: icey2|Reflect\n|move|p2a: Zebstrika|Flare Blitz|p1a: Electrode\n|-damage|p1a: Electrode|67\/100\n|-damage|p2a: Zebstrika|76\/100|[from] Recoil\n|-damage|p2a: Zebstrika|66\/100|[from] item: Life Orb\n|\n|upkeep\n|turn|8\n|\n|t:|1698427715\n|move|p1a: Electrode|Light Screen|p1a: Electrode\n|-sidestart|p1: icey2|move: Light Screen\n|move|p2a: Zebstrika|Flare Blitz|p1a: Electrode\n|-damage|p1a: Electrode|34\/100\n|-damage|p2a: Zebstrika|54\/100|[from] Recoil\n|-damage|p2a: Zebstrika|44\/100|[from] item: Life Orb\n|\n|upkeep\n|turn|9\n|inactive|icey2 has 270 seconds left.\n|inactive|icey2 has 240 seconds left.\n|\n|t:|1698427766\n|move|p2a: Zebstrika|Zippy Zap|p1a: Electrode\n|-resisted|p1a: Electrode\n|-crit|p1a: Electrode\n|-damage|p1a: Electrode|5\/100\n|-damage|p2a: Zebstrika|34\/100|[from] item: Life Orb\n|move|p1a: Electrode|Tri Attack|p2a: Zebstrika\n|-resisted|p2a: Zebstrika\n|-damage|p2a: Zebstrika|2\/100\n|\n|upkeep\n|turn|10\n|\n|t:|1698427776\n|move|p2a: Zebstrika|Zippy Zap|p1a: Electrode\n|-resisted|p1a: Electrode\n|-crit|p1a: Electrode\n|-damage|p1a: Electrode|0 fnt\n|faint|p1a: Electrode\n|-damage|p2a: Zebstrika|0 fnt|[from] item: Life Orb\n|faint|p2a: Zebstrika\n|\n|upkeep\n|inactive|icey2 has 240 seconds left.\n|\n|t:|1698427787\n|switch|p1a: Trevenant|Trevenant, F|100\/100\n|switch|p2a: Kabutops|Kabutops, F|100\/100\n|turn|11\n|\n|t:|1698427809\n|move|p2a: Kabutops|Swords Dance|p2a: Kabutops\n|-boost|p2a: Kabutops|atk|2\n|move|p1a: Trevenant|Leech Seed|p2a: Kabutops|[miss]\n|-miss|p1a: Trevenant|p2a: Kabutops\n|\n|upkeep\n|turn|12\n|c|\u2606Mr cyphon|i can't hit this \n|inactive|icey2 has 240 seconds left.\n|\n|t:|1698427833\n|switch|p2a: Venusaur|Venusaur, F|100\/100\n|-damage|p2a: Venusaur|88\/100|[from] Spikes\n|move|p1a: Trevenant|Curse|p2a: Venusaur\n|-start|p2a: Venusaur|Curse|[of] p1a: Trevenant\n|-damage|p1a: Trevenant|50\/100\n|-enditem|p1a: Trevenant|Sitrus Berry|[eat]\n|-heal|p1a: Trevenant|75\/100|[from] item: Sitrus Berry\n|\n|-heal|p2a: Venusaur|94\/100|[from] item: Leftovers\n|-damage|p2a: Venusaur|69\/100|[from] Curse\n|upkeep\n|turn|13\n|\n|t:|1698427845\n|switch|p1a: Archeops|Archeops, F|100\/100\n|move|p2a: Venusaur|Earth Power|p1a: Archeops\n|-immune|p1a: Archeops\n|\n|-heal|p2a: Venusaur|75\/100|[from] item: Leftovers\n|-damage|p2a: Venusaur|50\/100|[from] Curse\n|upkeep\n|turn|14\n|inactive|icey2 has 240 seconds left.\n|\n|t:|1698427868\n|move|p1a: Archeops|Knock Off|p2a: Venusaur\n|-damage|p2a: Venusaur|12\/100\n|-enditem|p2a: Venusaur|Leftovers|[from] move: Knock Off|[of] p1a: Archeops\n|move|p2a: Venusaur|Giga Drain|p1a: Archeops\n|-damage|p1a: Archeops|67\/100\n|-heal|p2a: Venusaur|25\/100|[from] drain|[of] p1a: Archeops\n|\n|-damage|p2a: Venusaur|0 fnt|[from] Curse\n|faint|p2a: Venusaur\n|-sideend|p1: icey2|Reflect\n|upkeep\n|\n|t:|1698427880\n|switch|p2a: Simisear|Simisear, M|100\/100\n|-damage|p2a: Simisear|88\/100|[from] Spikes\n|turn|15\n|\n|t:|1698427888\n|move|p1a: Archeops|Rock Slide|p2a: Simisear\n|-supereffective|p2a: Simisear\n|-damage|p2a: Simisear|0 fnt\n|faint|p2a: Simisear\n|\n|-sideend|p1: icey2|move: Light Screen\n|upkeep\n|\n|t:|1698427891\n|switch|p2a: Kabutops|Kabutops, F|100\/100\n|turn|16\n|\n|t:|1698427893\n|move|p1a: Archeops|Knock Off|p2a: Kabutops\n|-damage|p2a: Kabutops|60\/100\n|-enditem|p2a: Kabutops|Heavy-Duty Boots|[from] move: Knock Off|[of] p1a: Archeops\n|move|p2a: Kabutops|Rapid Spin|p1a: Archeops\n|-resisted|p1a: Archeops\n|-damage|p1a: Archeops|54\/100\n|-boost|p2a: Kabutops|spe|1\n|-sideend|p2: Mr cyphon|Spikes|[from] move: Rapid Spin|[of] p2a: Kabutops\n|\n|upkeep\n|turn|17\n|c|\u2606Mr cyphon|gg\n|\n|t:|1698427898\n|move|p2a: Kabutops|Razor Shell|p1a: Archeops\n|-supereffective|p1a: Archeops\n|-damage|p1a: Archeops|0 fnt\n|faint|p1a: Archeops\n|\n|upkeep\n|c|\u2606icey2|gg\n|inactive|icey2 has 270 seconds left.\n|\n|t:|1698427903\n|switch|p1a: Medicham|Medicham, F|100\/100\n|turn|18\n|c|\u2606Mr cyphon|i swear i got ho'ed during that entire battle\n|\n|t:|1698427917\n|move|p1a: Medicham|Bullet Punch|p2a: Kabutops\n|-damage|p2a: Kabutops|34\/100\n|-damage|p1a: Medicham|91\/100|[from] item: Life Orb\n|move|p2a: Kabutops|Razor Shell|p1a: Medicham\n|-damage|p1a: Medicham|0 fnt\n|faint|p1a: Medicham\n|\n|upkeep\n|\n|t:|1698427924\n|switch|p1a: Trevenant|Trevenant, F|75\/100\n|turn|19\n|c|\u2606icey2|yea\n|inactive|Mr cyphon has 270 seconds left.\n|\n|t:|1698427960\n|move|p2a: Kabutops|Razor Shell|p1a: Trevenant\n|-resisted|p1a: Trevenant\n|-damage|p1a: Trevenant|45\/100\n|move|p1a: Trevenant|Foul Play|p2a: Kabutops\n|-damage|p2a: Kabutops|0 fnt\n|faint|p2a: Kabutops\n|\n|win|icey2\n|l|\u2606icey2\n","uploadtime":1698427997,"views":11,"p1id":"icey2","p2id":"mrcyphon","formatid":"gen9anythinggoes","rating":0,"private":0,"password":""}