{"id":"radicalred-gen9anythinggoes-546180","p1":"TanaTheGreat","p2":"HellSinky","format":"[Gen 9] Anything Goes","log":"|j|\u2606TanaTheGreat\n|j|\u2606HellSinky\n|t:|1699931571\n|gametype|singles\n|player|p1|TanaTheGreat|rr-regirock|\n|player|p2|HellSinky|rr-victini|\n|teamsize|p1|6\n|teamsize|p2|6\n|gen|9\n|tier|[Gen 9] Anything Goes\n|rule|HP Percentage Mod: HP is shown in percentages\n|rule|Endless Battle Clause: Forcing endless battles is banned\n|rule|Sleep Clause Mod: Limit one foe put to sleep\n|clearpoke\n|poke|p1|Reuniclus, M|\n|poke|p1|Serperior, M|\n|poke|p1|Gigalith, M|\n|poke|p1|Genesect|\n|poke|p1|Hydreigon, M|\n|poke|p1|Excadrill, M|\n|poke|p2|Ferrothorn, M|\n|poke|p2|Krookodile, F|\n|poke|p2|Keldeo-Resolute|\n|poke|p2|Hydreigon, M|\n|poke|p2|Alomomola, F|\n|poke|p2|Amoonguss, M|\n|teampreview\n|c|\u2606HellSinky|glhf\n|\n|t:|1699931629\n|start\n|switch|p1a: La \u00c9lite|Hydreigon, M|100\/100\n|switch|p2a: saco wea|Keldeo-Resolute, shiny|100\/100\n|turn|1\n|c|\u2606TanaTheGreat|glhf\n|inactive|Battle timer is ON: inactive players will automatically lose when time's up. (requested by TanaTheGreat)\n|\n|t:|1699931663\n|switch|p1a: El flaco de Alex|Serperior, M|100\/100\n|move|p2a: saco wea|Secret Sword|p1a: El flaco de Alex\n|-damage|p1a: El flaco de Alex|0 fnt\n|faint|p1a: El flaco de Alex\n|\n|upkeep\n|j| nbj26\n|\n|t:|1699931682\n|switch|p1a: ceden|Reuniclus, M|100\/100\n|turn|2\n|inactive|TanaTheGreat has 270 seconds left.\n|inactive|HellSinky has 270 seconds left.\n|\n|t:|1699931740\n|switch|p2a: womb destroyer|Krookodile, F|100\/100\n|move|p1a: ceden|Calm Mind|p1a: ceden\n|-boost|p1a: ceden|spa|1\n|-boost|p1a: ceden|spd|1\n|\n|upkeep\n|turn|3\n|inactive|HellSinky has 240 seconds left.\n|\n|t:|1699931757\n|move|p2a: womb destroyer|Wicked Blow|p1a: ceden\n|-supereffective|p1a: ceden\n|-crit|p1a: ceden\n|-damage|p1a: ceden|15\/100\n|move|p1a: ceden|Focus Blast|p2a: womb destroyer|[miss]\n|-miss|p1a: ceden|p2a: womb destroyer\n|\n|upkeep\n|turn|4\n|inactive|TanaTheGreat has 270 seconds left.\n|inactive|TanaTheGreat has 240 seconds left.\n|\n|t:|1699931813\n|move|p2a: womb destroyer|Wicked Blow|p1a: ceden\n|-supereffective|p1a: ceden\n|-crit|p1a: ceden\n|-damage|p1a: ceden|0 fnt\n|faint|p1a: ceden\n|-ability|p2a: womb destroyer|Moxie|boost\n|-boost|p2a: womb destroyer|atk|1\n|\n|upkeep\n|\n|t:|1699931819\n|switch|p1a: La \u00c9lite|Hydreigon, M|100\/100\n|turn|5\n|c|\u2606TanaTheGreat|gg\n|inactive|HellSinky has 240 seconds left.\n|\n|t:|1699931843\n|switch|p2a: somnifero|Amoonguss, M, shiny|100\/100\n|move|p1a: La \u00c9lite|Draco Meteor|p2a: somnifero\n|-damage|p2a: somnifero|60\/100\n|-unboost|p1a: La \u00c9lite|spa|2\n|\n|-heal|p2a: somnifero|66\/100|[from] item: Black Sludge\n|upkeep\n|turn|6\n|inactive|HellSinky has 240 seconds left.\n|l| nbj26\n|\n|t:|1699931858\n|switch|p1a: Dwayne|Gigalith, M|100\/100\n|-weather|Sandstorm|[from] ability: Sand Stream|[of] p1a: Dwayne\n|move|p2a: somnifero|Spore|p1a: Dwayne\n|-status|p1a: Dwayne|slp|[from] move: Spore\n|\n|-weather|Sandstorm|[upkeep]\n|-damage|p2a: somnifero|60\/100|[from] Sandstorm\n|-heal|p2a: somnifero|66\/100|[from] item: Black Sludge\n|upkeep\n|turn|7\n|\n|t:|1699931872\n|switch|p2a: womb destroyer|Krookodile, F|100\/100\n|switch|p1a: Ojo al piojo|Genesect|100\/100\n|-ability|p1a: Ojo al piojo|Download|boost\n|-boost|p1a: Ojo al piojo|spa|1\n|\n|-weather|Sandstorm|[upkeep]\n|upkeep\n|turn|8\n|inactive|TanaTheGreat has 240 seconds left.\n|inactive|HellSinky has 240 seconds left.\n|inactive|TanaTheGreat has 210 seconds left.\n|\n|t:|1699931921\n|move|p2a: womb destroyer|Earthquake|p1a: Ojo al piojo\n|-damage|p1a: Ojo al piojo|44\/100\n|move|p1a: Ojo al piojo|Leech Life|p2a: womb destroyer\n|-supereffective|p2a: womb destroyer\n|-damage|p2a: womb destroyer|0 fnt\n|-heal|p1a: Ojo al piojo|100\/100|[from] drain|[of] p2a: womb destroyer\n|faint|p2a: womb destroyer\n|\n|-weather|Sandstorm|[upkeep]\n|upkeep\n|inactive|HellSinky has 210 seconds left.\n|inactive|HellSinky has 180 seconds left.\n|\n|t:|1699931965\n|switch|p2a: Ferro Pariente|Ferrothorn, M, shiny|100\/100\n|turn|9\n|\n|t:|1699931975\n|switch|p2a: giratina|Alomomola, F, shiny|100\/100\n|move|p1a: Ojo al piojo|Blaze Kick|p2a: giratina\n|-resisted|p2a: giratina\n|-damage|p2a: giratina|93\/100\n|\n|-weather|Sandstorm|[upkeep]\n|-damage|p2a: giratina|87\/100|[from] Sandstorm\n|-heal|p2a: giratina|93\/100|[from] item: Leftovers\n|upkeep\n|turn|10\n|\n|t:|1699931985\n|move|p1a: Ojo al piojo|Energy Ball|p2a: giratina\n|-supereffective|p2a: giratina\n|-damage|p2a: giratina|0 fnt\n|faint|p2a: giratina\n|\n|-weather|Sandstorm|[upkeep]\n|upkeep\n|inactive|HellSinky has 180 seconds left.\n|\n|t:|1699932012\n|switch|p2a: saco wea|Keldeo-Resolute, shiny|100\/100\n|turn|11\n|inactive|TanaTheGreat has 210 seconds left.\n|\n|t:|1699932059\n|move|p2a: saco wea|Secret Sword|p1a: Ojo al piojo\n|-damage|p1a: Ojo al piojo|0 fnt\n|faint|p1a: Ojo al piojo\n|\n|-weather|Sandstorm|[upkeep]\n|-damage|p2a: saco wea|94\/100|[from] Sandstorm\n|upkeep\n|\n|t:|1699932066\n|switch|p1a: Clay|Excadrill, M|100\/100\n|-item|p1a: Clay|Air Balloon\n|turn|12\n|inactive|HellSinky has 180 seconds left.\n|\n|t:|1699932081\n|move|p1a: Clay|Earthquake|p2a: saco wea\n|-damage|p2a: saco wea|24\/100\n|move|p2a: saco wea|Secret Sword|p1a: Clay\n|-supereffective|p1a: Clay\n|-damage|p1a: Clay|0 fnt\n|-enditem|p1a: Clay|Air Balloon\n|faint|p1a: Clay\n|\n|-weather|Sandstorm|[upkeep]\n|-damage|p2a: saco wea|18\/100|[from] Sandstorm\n|upkeep\n|\n|t:|1699932091\n|switch|p1a: La \u00c9lite|Hydreigon, M|100\/100\n|turn|13\n|c|\u2606HellSinky|el turco de clauy finciona ne3  sur\n|inactive|HellSinky has 180 seconds left.\n|\n|t:|1699932107\n|switch|p2a: somnifero|Amoonguss, M, shiny|99\/100\n|move|p1a: La \u00c9lite|Dark Hole|p2a: somnifero\n|-damage|p2a: somnifero|65\/100\n|-status|p2a: somnifero|slp|[from] move: Dark Hole\n|\n|-weather|none\n|-heal|p2a: somnifero|71\/100 slp|[from] item: Black Sludge\n|upkeep\n|turn|14\n|\n|t:|1699932119\n|switch|p1a: Dwayne|Gigalith, M|100\/100 slp\n|-weather|Sandstorm|[from] ability: Sand Stream|[of] p1a: Dwayne\n|cant|p2a: somnifero|slp\n|\n|-weather|Sandstorm|[upkeep]\n|-damage|p2a: somnifero|65\/100 slp|[from] Sandstorm\n|-heal|p2a: somnifero|71\/100 slp|[from] item: Black Sludge\n|upkeep\n|turn|15\n|\n|t:|1699932131\n|cant|p2a: somnifero|slp\n|cant|p1a: Dwayne|slp\n|\n|-weather|Sandstorm|[upkeep]\n|-damage|p2a: somnifero|65\/100 slp|[from] Sandstorm\n|-heal|p2a: somnifero|71\/100 slp|[from] item: Black Sludge\n|upkeep\n|turn|16\n|\n|t:|1699932149\n|cant|p2a: somnifero|slp\n|-curestatus|p1a: Dwayne|slp|[msg]\n|move|p1a: Dwayne|Earthquake|p2a: somnifero\n|-damage|p2a: somnifero|39\/100 slp\n|\n|-weather|Sandstorm|[upkeep]\n|-damage|p2a: somnifero|33\/100 slp|[from] Sandstorm\n|-heal|p2a: somnifero|39\/100 slp|[from] item: Black Sludge\n|upkeep\n|turn|17\n|\n|t:|1699932163\n|-curestatus|p2a: somnifero|slp|[msg]\n|move|p2a: somnifero|Giga Drain|p1a: Dwayne\n|-supereffective|p1a: Dwayne\n|-damage|p1a: Dwayne|76\/100\n|-heal|p2a: somnifero|49\/100|[from] drain|[of] p1a: Dwayne\n|move|p1a: Dwayne|Earthquake|p2a: somnifero\n|-damage|p2a: somnifero|18\/100\n|\n|-weather|Sandstorm|[upkeep]\n|-damage|p2a: somnifero|12\/100|[from] Sandstorm\n|-heal|p2a: somnifero|18\/100|[from] item: Black Sludge\n|upkeep\n|turn|18\n|inactive|HellSinky has 210 seconds left.\n|\n|t:|1699932189\n|switch|p2a: princesa|Hydreigon, M|100\/100\n|move|p1a: Dwayne|Earthquake|p2a: princesa\n|-immune|p2a: princesa|[from] ability: Levitate\n|\n|-weather|Sandstorm|[upkeep]\n|-damage|p2a: princesa|94\/100|[from] Sandstorm\n|upkeep\n|turn|19\n|inactive|TanaTheGreat has 180 seconds left.\n|\n|t:|1699932206\n|move|p2a: princesa|Dark Hole|p1a: Dwayne\n|-damage|p1a: Dwayne|42\/100\n|-damage|p2a: princesa|84\/100|[from] item: Life Orb\n|move|p1a: Dwayne|Explosion|p2a: princesa\n|-damage|p2a: princesa|0 fnt\n|faint|p1a: Dwayne\n|faint|p2a: princesa\n|\n|-weather|Sandstorm|[upkeep]\n|upkeep\n|inactive|HellSinky has 210 seconds left.\n|\n|t:|1699932228\n|switch|p2a: somnifero|Amoonguss, M, shiny|51\/100\n|switch|p1a: La \u00c9lite|Hydreigon, M|100\/100\n|turn|20\n|\n|t:|1699932241\n|switch|p2a: Ferro Pariente|Ferrothorn, M, shiny|100\/100\n|move|p1a: La \u00c9lite|Flamethrower|p2a: Ferro Pariente\n|-supereffective|p2a: Ferro Pariente\n|-damage|p2a: Ferro Pariente|0 fnt\n|faint|p2a: Ferro Pariente\n|\n|-weather|Sandstorm|[upkeep]\n|-damage|p1a: La \u00c9lite|94\/100|[from] Sandstorm\n|upkeep\n|inactive|HellSinky has 180 seconds left.\n|inactive|HellSinky has 150 seconds left.\n|\n|t:|1699932298\n|switch|p2a: somnifero|Amoonguss, M, shiny|84\/100\n|turn|21\n|\n|t:|1699932301\n|move|p1a: La \u00c9lite|Flamethrower|p2a: somnifero\n|-supereffective|p2a: somnifero\n|-damage|p2a: somnifero|46\/100\n|move|p2a: somnifero|Spore|p1a: La \u00c9lite\n|-status|p1a: La \u00c9lite|slp|[from] move: Spore\n|\n|-weather|none\n|-heal|p2a: somnifero|52\/100|[from] item: Black Sludge\n|upkeep\n|turn|22\n|inactive|TanaTheGreat has 210 seconds left.\n|\n|t:|1699932309\n|cant|p1a: La \u00c9lite|slp\n|move|p2a: somnifero|Sludge Bomb|p1a: La \u00c9lite\n|-damage|p1a: La \u00c9lite|63\/100 slp\n|\n|-heal|p2a: somnifero|58\/100|[from] item: Black Sludge\n|upkeep\n|turn|23\n|\n|t:|1699932315\n|cant|p1a: La \u00c9lite|slp\n|move|p2a: somnifero|Sludge Bomb|p1a: La \u00c9lite\n|-damage|p1a: La \u00c9lite|31\/100 slp\n|\n|-heal|p2a: somnifero|64\/100|[from] item: Black Sludge\n|upkeep\n|turn|24\n|\n|t:|1699932322\n|cant|p1a: La \u00c9lite|slp\n|move|p2a: somnifero|Sludge Bomb|p1a: La \u00c9lite\n|-damage|p1a: La \u00c9lite|2\/100 slp\n|\n|-heal|p2a: somnifero|70\/100|[from] item: Black Sludge\n|upkeep\n|turn|25\n|\n|t:|1699932328\n|-curestatus|p1a: La \u00c9lite|slp|[msg]\n|move|p1a: La \u00c9lite|Flamethrower|p2a: somnifero\n|-supereffective|p2a: somnifero\n|-damage|p2a: somnifero|33\/100\n|move|p2a: somnifero|Sludge Bomb|p1a: La \u00c9lite\n|-damage|p1a: La \u00c9lite|0 fnt\n|faint|p1a: La \u00c9lite\n|\n|win|HellSinky\n","uploadtime":1699932338,"views":9,"p1id":"tanathegreat","p2id":"hellsinky","formatid":"gen9anythinggoes","rating":0,"private":0,"password":""}