{"id":"radicalred-gen9anythinggoes-534263","p1":"HellSinky","p2":"tomi7002","format":"[Gen 9] Anything Goes","log":"|j|\u2606HellSinky\n|j|\u2606tomi7002\n|t:|1697760595\n|gametype|singles\n|player|p1|HellSinky|rr-victini|\n|player|p2|tomi7002|170|\n|teamsize|p1|6\n|teamsize|p2|6\n|gen|9\n|tier|[Gen 9] Anything Goes\n|rule|HP Percentage Mod: HP is shown in percentages\n|rule|Endless Battle Clause: Forcing endless battles is banned\n|clearpoke\n|poke|p1|Ferrothorn, M|\n|poke|p1|Hydreigon, M|\n|poke|p1|Galvantula, F|\n|poke|p1|Volcarona, F|\n|poke|p1|Krookodile, M|\n|poke|p1|Keldeo-Resolute|\n|poke|p2|Krookodile, F|\n|poke|p2|Landorus-Therian, M|\n|poke|p2|Jellicent, M|\n|poke|p2|Galvantula, M|\n|poke|p2|Hydreigon, F|\n|poke|p2|Darmanitan, M|\n|teampreview\n|j| Shotokekipurin\n|c|\u2606tomi7002|que haces con el equipo en japones\n|c|\u2606tomi7002|gl hf\n|c|\u2606HellSinky|glhf\n|c|\u2606HellSinky|se tradujo solo\n|\n|t:|1697760683\n|start\n|switch|p1a: tula|Galvantula, F, shiny|100\/100\n|switch|p2a: Galvantula|Galvantula, M|100\/100\n|turn|1\n|\n|t:|1697760692\n|move|p2a: Galvantula|Sticky Web|p1a: tula\n|-sidestart|p1: HellSinky|move: Sticky Web\n|move|p1a: tula|Sticky Web|p2a: Galvantula\n|-sidestart|p2: tomi7002|move: Sticky Web\n|\n|upkeep\n|turn|2\n|j| 00Coosm0\n|l| 00Coosm0\n|\n|t:|1697760764\n|switch|p2a: Landorus|Landorus-Therian, M|100\/100\n|-ability|p2a: Landorus|Intimidate|boost\n|-unboost|p1a: tula|atk|1\n|move|p1a: tula|Thunder|p2a: Landorus\n|-immune|p2a: Landorus\n|\n|upkeep\n|turn|3\n|\n|t:|1697760797\n|move|p1a: tula|Bug Buzz|p2a: Landorus\n|-resisted|p2a: Landorus\n|-damage|p2a: Landorus|79\/100\n|move|p2a: Landorus|Stealth Rock|p1a: tula\n|-sidestart|p1: HellSinky|move: Stealth Rock\n|\n|upkeep\n|turn|4\n|\n|t:|1697760807\n|move|p1a: tula|Bug Buzz|p2a: Landorus\n|-resisted|p2a: Landorus\n|-damage|p2a: Landorus|57\/100\n|move|p2a: Landorus|Earthquake|p1a: tula\n|-enditem|p1a: tula|Focus Sash\n|-damage|p1a: tula|1\/100\n|\n|upkeep\n|turn|5\n|\n|t:|1697760816\n|move|p1a: tula|Bug Buzz|p2a: Landorus\n|-resisted|p2a: Landorus\n|-damage|p2a: Landorus|35\/100\n|move|p2a: Landorus|Knock Off|p1a: tula\n|-damage|p1a: tula|0 fnt\n|faint|p1a: tula\n|\n|upkeep\n|\n|t:|1697760850\n|switch|p1a: saco wea|Keldeo-Resolute, shiny|100\/100\n|-activate|p1a: saco wea|move: Sticky Web\n|-unboost|p1a: saco wea|spe|1\n|-damage|p1a: saco wea|94\/100|[from] Stealth Rock\n|turn|6\n|\n|t:|1697760879\n|move|p2a: Landorus|Earthquake|p1a: saco wea\n|-damage|p1a: saco wea|23\/100\n|move|p1a: saco wea|Air Slash|p2a: Landorus\n|-damage|p2a: Landorus|0 fnt\n|faint|p2a: Landorus\n|\n|upkeep\n|\n|t:|1697760890\n|switch|p2a: Galvantula|Galvantula, M|100\/100\n|turn|7\n|\n|t:|1697760919\n|switch|p1a: Ferro Pariente|Ferrothorn, M, shiny|100\/100\n|-damage|p1a: Ferro Pariente|94\/100|[from] Stealth Rock\n|-activate|p1a: Ferro Pariente|move: Sticky Web\n|-unboost|p1a: Ferro Pariente|spe|1\n|move|p2a: Galvantula|Giga Drain|p1a: Ferro Pariente\n|-resisted|p1a: Ferro Pariente\n|-damage|p1a: Ferro Pariente|90\/100\n|\n|upkeep\n|turn|8\n|\n|t:|1697760936\n|switch|p2a: Darmanitan|Darmanitan, M|100\/100\n|-activate|p2a: Darmanitan|move: Sticky Web\n|-unboost|p2a: Darmanitan|spe|1\n|move|p1a: Ferro Pariente|Stealth Rock|p2a: Darmanitan\n|-sidestart|p2: tomi7002|move: Stealth Rock\n|\n|upkeep\n|turn|9\n|\n|t:|1697760970\n|switch|p1a: saco wea|Keldeo-Resolute, shiny|23\/100\n|-damage|p1a: saco wea|17\/100|[from] Stealth Rock\n|-activate|p1a: saco wea|move: Sticky Web\n|-unboost|p1a: saco wea|spe|1\n|move|p2a: Darmanitan|Flare Blitz|p1a: saco wea\n|-resisted|p1a: saco wea\n|-damage|p1a: saco wea|0 fnt\n|faint|p1a: saco wea\n|-damage|p2a: Darmanitan|96\/100|[from] Recoil\n|\n|upkeep\n|\n|t:|1697760977\n|switch|p1a: womb destroyer|Krookodile, M|100\/100\n|-activate|p1a: womb destroyer|move: Sticky Web\n|-unboost|p1a: womb destroyer|spe|1\n|-damage|p1a: womb destroyer|94\/100|[from] Stealth Rock\n|turn|10\n|\n|t:|1697761017\n|switch|p2a: Hydreigon|Hydreigon, F|100\/100\n|-damage|p2a: Hydreigon|88\/100|[from] Stealth Rock\n|move|p1a: womb destroyer|Wicked Blow|p2a: Hydreigon\n|-resisted|p2a: Hydreigon\n|-crit|p2a: Hydreigon\n|-damage|p2a: Hydreigon|55\/100\n|\n|upkeep\n|turn|11\n|\n|t:|1697761050\n|switch|p1a: cr7|Volcarona, F|100\/100\n|move|p2a: Hydreigon|Draco Meteor|p1a: cr7\n|-damage|p1a: cr7|3\/100\n|-unboost|p2a: Hydreigon|spa|2\n|\n|upkeep\n|turn|12\n|\n|t:|1697761083\n|move|p1a: cr7|Bug Buzz|p2a: Hydreigon\n|-supereffective|p2a: Hydreigon\n|-damage|p2a: Hydreigon|0 fnt\n|faint|p2a: Hydreigon\n|\n|upkeep\n|\n|t:|1697761104\n|switch|p2a: Krookodile|Krookodile, F|100\/100\n|-damage|p2a: Krookodile|94\/100|[from] Stealth Rock\n|-activate|p2a: Krookodile|move: Sticky Web\n|-unboost|p2a: Krookodile|spe|1\n|turn|13\n|\n|t:|1697761113\n|move|p1a: cr7|Giga Drain|p2a: Krookodile\n|-supereffective|p2a: Krookodile\n|-damage|p2a: Krookodile|23\/100\n|-heal|p1a: cr7|41\/100|[from] drain|[of] p2a: Krookodile\n|move|p2a: Krookodile|Wicked Blow|p1a: cr7\n|-crit|p1a: cr7\n|-damage|p1a: cr7|0 fnt\n|faint|p1a: cr7\n|-ability|p2a: Krookodile|Moxie|boost\n|-boost|p2a: Krookodile|atk|1\n|\n|upkeep\n|\n|t:|1697761137\n|switch|p1a: princesa|Hydreigon, M|100\/100\n|-damage|p1a: princesa|88\/100|[from] Stealth Rock\n|turn|14\n|\n|t:|1697761147\n|move|p1a: princesa|Dark Hole|p2a: Krookodile\n|-resisted|p2a: Krookodile\n|-damage|p2a: Krookodile|0 fnt\n|faint|p2a: Krookodile\n|-damage|p1a: princesa|78\/100|[from] item: Life Orb\n|\n|upkeep\n|\n|t:|1697761163\n|switch|p2a: Galvantula|Galvantula, M|100\/100\n|turn|15\n|\n|t:|1697761167\n|switch|p1a: Ferro Pariente|Ferrothorn, M, shiny|90\/100\n|-damage|p1a: Ferro Pariente|84\/100|[from] Stealth Rock\n|-activate|p1a: Ferro Pariente|move: Sticky Web\n|-unboost|p1a: Ferro Pariente|spe|1\n|move|p2a: Galvantula|Bug Buzz|p1a: Ferro Pariente\n|-damage|p1a: Ferro Pariente|50\/100\n|\n|upkeep\n|turn|16\n|\n|t:|1697761176\n|move|p2a: Galvantula|Bug Buzz|p1a: Ferro Pariente\n|-damage|p1a: Ferro Pariente|17\/100\n|move|p1a: Ferro Pariente|Leech Seed|p2a: Galvantula\n|-start|p2a: Galvantula|move: Leech Seed\n|\n|-damage|p2a: Galvantula|88\/100|[from] Leech Seed|[of] p1a: Ferro Pariente\n|-heal|p1a: Ferro Pariente|27\/100|[silent]\n|upkeep\n|turn|17\n|\n|t:|1697761184\n|move|p2a: Galvantula|Bug Buzz|p1a: Ferro Pariente\n|-damage|p1a: Ferro Pariente|0 fnt\n|faint|p1a: Ferro Pariente\n|\n|upkeep\n|\n|t:|1697761211\n|switch|p1a: womb destroyer|Krookodile, M|94\/100\n|-activate|p1a: womb destroyer|move: Sticky Web\n|-unboost|p1a: womb destroyer|spe|1\n|-damage|p1a: womb destroyer|88\/100|[from] Stealth Rock\n|turn|18\n|\n|t:|1697761224\n|move|p2a: Galvantula|Bug Buzz|p1a: womb destroyer\n|-supereffective|p1a: womb destroyer\n|-damage|p1a: womb destroyer|0 fnt\n|faint|p1a: womb destroyer\n|\n|upkeep\n|\n|t:|1697761227\n|switch|p1a: princesa|Hydreigon, M|78\/100\n|-damage|p1a: princesa|66\/100|[from] Stealth Rock\n|turn|19\n|\n|t:|1697761239\n|move|p2a: Galvantula|Bug Buzz|p1a: princesa\n|-supereffective|p1a: princesa\n|-damage|p1a: princesa|0 fnt\n|faint|p1a: princesa\n|\n|win|tomi7002\n|c|\u2606tomi7002|gg\n|l|\u2606HellSinky\n","uploadtime":1697761252,"views":9,"p1id":"hellsinky","p2id":"tomi7002","formatid":"gen9anythinggoes","rating":0,"private":0,"password":""}