{"id":"radicalred-gen9anythinggoes-534735","p1":"Ujan_Ujon","p2":"alexshyness","format":"[Gen 9] Anything Goes","log":"|j|\u2606Ujan_Ujon\n|j|\u2606alexshyness\n|t:|1697834437\n|gametype|singles\n|player|p1|Ujan_Ujon|2|\n|player|p2|alexshyness|265|\n|teamsize|p1|6\n|teamsize|p2|6\n|gen|9\n|tier|[Gen 9] Anything Goes\n|rule|HP Percentage Mod: HP is shown in percentages\n|rule|Endless Battle Clause: Forcing endless battles is banned\n|rule|Sleep Clause Mod: Limit one foe put to sleep\n|clearpoke\n|poke|p1|Landorus-Therian, M|\n|poke|p1|Zoroark, M|\n|poke|p1|Emboar, M|\n|poke|p1|Ferrothorn, M|\n|poke|p1|Leavanny, F|\n|poke|p1|Jellicent, F|\n|poke|p2|Landorus, M|\n|poke|p2|Carracosta, F|\n|poke|p2|Liepard, M|\n|poke|p2|Cryogonal|\n|poke|p2|Conkeldurr, F|\n|poke|p2|Volcarona, F|\n|teampreview\n|c|\u2606alexshyness|gl\n|\n|t:|1697834459\n|start\n|switch|p1a: Emboar|Emboar, M|100\/100\n|switch|p2a: Cryogonal|Cryogonal|100\/100\n|turn|1\n|\n|t:|1697834475\n|move|p1a: Emboar|Flare Blitz|p2a: Cryogonal\n|-supereffective|p2a: Cryogonal\n|-damage|p2a: Cryogonal|0 fnt\n|faint|p2a: Cryogonal\n|-damage|p1a: Emboar|70\/100|[from] Recoil\n|\n|upkeep\n|\n|t:|1697834499\n|switch|p2a: Landorus|Landorus, M|100\/100\n|turn|2\n|\n|t:|1697834505\n|switch|p1a: Landorus|Landorus-Therian, M|100\/100\n|-ability|p1a: Landorus|Intimidate|boost\n|-unboost|p2a: Landorus|atk|1\n|move|p2a: Landorus|Earth Power|p1a: Landorus\n|-immune|p1a: Landorus\n|\n|upkeep\n|turn|3\n|\n|t:|1697834515\n|switch|p2a: Liepard|Liepard, M|100\/100\n|move|p1a: Landorus|U-turn|p2a: Liepard\n|-supereffective|p2a: Liepard\n|-enditem|p2a: Liepard|Focus Sash\n|-damage|p2a: Liepard|1\/100\n|\n|t:|1697834522\n|switch|p1a: Bachira|Leavanny, F|100\/100|[from] U-turn\n|\n|upkeep\n|turn|4\n|\n|t:|1697834528\n|move|p1a: Bachira|Detect|p1a: Bachira\n|-singleturn|p1a: Bachira|Protect\n|move|p2a: Liepard|Fake Out|p1a: Bachira\n|-activate|p1a: Bachira|move: Protect\n|\n|upkeep\n|turn|5\n|\n|t:|1697834533\n|switch|p1a: Kurona|Ferrothorn, M, shiny|100\/100\n|move|p2a: Liepard|Thunder Wave|p1a: Kurona\n|-status|p1a: Kurona|par\n|\n|upkeep\n|turn|6\n|\n|t:|1697834559\n|switch|p2a: Landorus|Landorus, M|100\/100\n|switch|p1a: Emboar|Emboar, M|70\/100\n|\n|upkeep\n|turn|7\n|\n|t:|1697834566\n|move|p1a: Emboar|Flare Blitz|p2a: Landorus\n|-damage|p2a: Landorus|0 fnt\n|faint|p2a: Landorus\n|-damage|p1a: Emboar|41\/100|[from] Recoil\n|\n|upkeep\n|\n|t:|1697834581\n|switch|p2a: Conkeldurr|Conkeldurr, F|100\/100\n|turn|8\n|\n|t:|1697834599\n|switch|p1a: Landorus|Landorus-Therian, M|100\/100\n|-ability|p1a: Landorus|Intimidate|boost\n|-unboost|p2a: Conkeldurr|atk|1\n|move|p2a: Conkeldurr|Protect||[still]\n|-fail|p2a: Conkeldurr\n|\n|-status|p2a: Conkeldurr|brn|[from] item: Flame Orb\n|upkeep\n|turn|9\n|\n|t:|1697834607\n|move|p1a: Landorus|Earthquake|p2a: Conkeldurr\n|-damage|p2a: Conkeldurr|50\/100 brn\n|move|p2a: Conkeldurr|Ice Punch|p1a: Landorus\n|-supereffective|p1a: Landorus\n|-enditem|p1a: Landorus|Yache Berry|[eat]\n|-enditem|p1a: Landorus|Yache Berry|[weaken]\n|-damage|p1a: Landorus|33\/100\n|-status|p1a: Landorus|frz\n|\n|-damage|p1a: Landorus|27\/100 frz|[from] frz\n|-damage|p2a: Conkeldurr|43\/100 brn|[from] brn\n|upkeep\n|turn|10\n|\n|t:|1697834620\n|switch|p2a: Volcarona|Volcarona, F|100\/100\n|move|p1a: Landorus|Earthquake|p2a: Volcarona\n|-damage|p2a: Volcarona|19\/100\n|\n|-damage|p1a: Landorus|21\/100 frz|[from] frz\n|upkeep\n|turn|11\n|\n|t:|1697834633\n|move|p2a: Volcarona|Giga Drain|p1a: Landorus\n|-damage|p1a: Landorus|0 fnt\n|-heal|p2a: Volcarona|30\/100|[from] drain|[of] p1a: Landorus\n|faint|p1a: Landorus\n|\n|upkeep\n|\n|t:|1697834645\n|switch|p1a: Bachira|Leavanny, F|100\/100\n|turn|12\n|\n|t:|1697834661\n|move|p1a: Bachira|Dark Hole|p2a: Volcarona\n|-crit|p2a: Volcarona\n|-damage|p2a: Volcarona|0 fnt\n|faint|p2a: Volcarona\n|\n|upkeep\n|\n|t:|1697834666\n|switch|p2a: Conkeldurr|Conkeldurr, F|43\/100 brn\n|turn|13\n|\n|t:|1697834669\n|move|p1a: Bachira|Dark Hole|p2a: Conkeldurr\n|-resisted|p2a: Conkeldurr\n|-crit|p2a: Conkeldurr\n|-damage|p2a: Conkeldurr|0 fnt\n|faint|p2a: Conkeldurr\n|\n|upkeep\n|\n|t:|1697834675\n|switch|p2a: Liepard|Liepard, M|1\/100\n|turn|14\n|\n|t:|1697834682\n|switch|p1a: Kurona|Ferrothorn, M, shiny|100\/100 par\n|move|p2a: Liepard|Thunder Wave|p1a: Kurona\n|-fail|p1a: Kurona|par\n|\n|upkeep\n|turn|15\n|\n|t:|1697834690\n|move|p2a: Liepard|Sucker Punch|p1a: Kurona\n|-damage|p1a: Kurona|78\/100 par\n|-damage|p2a: Liepard|0 fnt|[from] ability: Iron Barbs|[of] p1a: Kurona\n|faint|p2a: Liepard\n|move|p1a: Kurona|Power Whip|p2: Liepard|[notarget]\n|-fail|p1a: Kurona\n|\n|upkeep\n|\n|t:|1697834696\n|switch|p2a: Carracosta|Carracosta, F|100\/100\n|turn|16\n|\n|t:|1697834705\n|move|p2a: Carracosta|Shell Smash|p2a: Carracosta\n|-unboost|p2a: Carracosta|def|1\n|-unboost|p2a: Carracosta|spd|1\n|-boost|p2a: Carracosta|atk|2\n|-boost|p2a: Carracosta|spa|2\n|-boost|p2a: Carracosta|spe|2\n|-enditem|p2a: Carracosta|White Herb\n|-clearnegativeboost|p2a: Carracosta|[silent]\n|move|p1a: Kurona|Power Whip|p2a: Carracosta\n|-supereffective|p2a: Carracosta\n|-ability|p2a: Carracosta|Sturdy\n|-damage|p2a: Carracosta|1\/100\n|\n|upkeep\n|turn|17\n|\n|t:|1697834716\n|move|p2a: Carracosta|Earthquake|p1a: Kurona\n|-damage|p1a: Kurona|34\/100 par\n|move|p1a: Kurona|Power Whip|p2a: Carracosta\n|-supereffective|p2a: Carracosta\n|-damage|p2a: Carracosta|0 fnt\n|faint|p2a: Carracosta\n|\n|win|Ujan_Ujon\n|c|\u2606Ujan_Ujon|gg\n|c|\u2606alexshyness|gg, necesito suerte en la slash\n|c|\u2606Ujan_Ujon|uuf\n|c|\u2606Ujan_Ujon|la verdad si tuve suerte xD\n|c|\u2606Ujan_Ujon|yo\n|c|\u2606Ujan_Ujon|subo yo\n|c|\u2606alexshyness|yo es que jugu\u00e9 mal, y me jugas bien\n","uploadtime":1697834741,"views":14,"p1id":"ujanujon","p2id":"alexshyness","formatid":"gen9anythinggoes","rating":0,"private":0,"password":""}