{"id":"radicalred-gen9anythinggoes-548835","p1":"zSlowKiller","p2":"Storm_WaterTime","format":"[Gen 9] Anything Goes","log":"|j|\u2606zSlowKiller\n|j|\u2606Storm_WaterTime\n|t:|1700449006\n|gametype|singles\n|player|p1|zSlowKiller|rr-miraidon|\n|player|p2|Storm_WaterTime|rr-infernape|\n|teamsize|p1|6\n|teamsize|p2|6\n|gen|9\n|tier|[Gen 9] Anything Goes\n|rule|HP Percentage Mod: HP is shown in percentages\n|rule|Endless Battle Clause: Forcing endless battles is banned\n|rule|Sleep Clause Mod: Limit one foe put to sleep\n|clearpoke\n|poke|p1|Keldeo-Resolute|\n|poke|p1|Ferrothorn, F|\n|poke|p1|Volcarona, M|\n|poke|p1|Gigalith, M|\n|poke|p1|Hydreigon, F|\n|poke|p1|Braviary, M|\n|poke|p2|Ferrothorn, M|\n|poke|p2|Cinccino, M|\n|poke|p2|Volcarona, M|\n|poke|p2|Hydreigon, M|\n|poke|p2|Keldeo-Resolute|\n|poke|p2|Jellicent, F|\n|teampreview\n|c|\u2606zSlowKiller|gl\n|j| PatoPatito08\n|\n|t:|1700449032\n|start\n|switch|p1a: Pajarraco|Braviary, M, shiny|100\/100\n|switch|p2a: Ferrothorn|Ferrothorn, M|100\/100\n|turn|1\n|\n|t:|1700449037\n|switch|p1a: 4325tre|Volcarona, M, shiny|100\/100\n|move|p2a: Ferrothorn|Protect||[still]\n|-fail|p2a: Ferrothorn\n|\n|upkeep\n|turn|2\n|c| PatoPatito08|\ud83d\udd25\ud83d\udd25LA SHINTINTINETA ENTRA EN PRIME\ud83d\udd25\ud83d\udd25\n|j| Feloxwtf\n|\n|t:|1700449056\n|switch|p2a: Cry|Jellicent, F, shiny|100\/100\n|move|p1a: 4325tre|Quiver Dance|p1a: 4325tre\n|-boost|p1a: 4325tre|spa|1\n|-boost|p1a: 4325tre|spd|1\n|-boost|p1a: 4325tre|spe|1\n|\n|upkeep\n|turn|3\n|j| ThanatosStormyKing\n|c| Feloxwtf|DALE KILLLEE\n|\n|t:|1700449089\n|move|p1a: 4325tre|Giga Drain|p2a: Cry\n|-supereffective|p2a: Cry\n|-damage|p2a: Cry|55\/100\n|move|p2a: Cry|Water Spout|p1a: 4325tre\n|-supereffective|p1a: 4325tre\n|-damage|p1a: 4325tre|34\/100\n|\n|-heal|p2a: Cry|61\/100|[from] item: Leftovers\n|upkeep\n|turn|4\n|c| Feloxwtf|CON TODO AMIGOOOOO\n|\n|t:|1700449125\n|switch|p2a: Ferrothorn|Ferrothorn, M|100\/100\n|move|p1a: 4325tre|Giga Drain|p2a: Ferrothorn\n|-resisted|p2a: Ferrothorn\n|-damage|p2a: Ferrothorn|92\/100\n|-heal|p1a: 4325tre|39\/100|[from] drain|[of] p2a: Ferrothorn\n|\n|upkeep\n|turn|5\n|\n|t:|1700449131\n|move|p1a: 4325tre|Fiery Dance|p2a: Ferrothorn\n|-supereffective|p2a: Ferrothorn\n|-damage|p2a: Ferrothorn|0 fnt\n|-boost|p1a: 4325tre|spa|1\n|faint|p2a: Ferrothorn\n|\n|upkeep\n|\n|t:|1700449133\n|switch|p2a: Keldeo|Keldeo-Resolute, shiny|100\/100\n|turn|6\n|\n|t:|1700449150\n|move|p1a: 4325tre|Giga Drain|p2a: Keldeo\n|-supereffective|p2a: Keldeo\n|-damage|p2a: Keldeo|18\/100\n|-heal|p1a: 4325tre|82\/100|[from] drain|[of] p2a: Keldeo\n|move|p2a: Keldeo|Scald|p1a: 4325tre\n|-supereffective|p1a: 4325tre\n|-damage|p1a: 4325tre|24\/100\n|\n|upkeep\n|turn|7\n|\n|t:|1700449156\n|move|p1a: 4325tre|Giga Drain|p2a: Keldeo\n|-supereffective|p2a: Keldeo\n|-damage|p2a: Keldeo|0 fnt\n|-heal|p1a: 4325tre|33\/100|[from] drain|[of] p2a: Keldeo\n|faint|p2a: Keldeo\n|\n|upkeep\n|j| MeteorCry\n|\n|t:|1700449196\n|switch|p2a: M|Volcarona, M|100\/100\n|turn|8\n|c| Feloxwtf|KILLER TE HARIA EL AGUANTE PERO SINO ME CAGAN BANEANDO TU PODES\n|\n|t:|1700449213\n|move|p1a: 4325tre|Quiver Dance|p1a: 4325tre\n|-boost|p1a: 4325tre|spa|1\n|-boost|p1a: 4325tre|spd|1\n|-boost|p1a: 4325tre|spe|1\n|move|p2a: M|Quiver Dance|p2a: M\n|-boost|p2a: M|spa|1\n|-boost|p2a: M|spd|1\n|-boost|p2a: M|spe|1\n|\n|upkeep\n|turn|9\n|j| ChadouMC\n|\n|t:|1700449236\n|move|p1a: 4325tre|Quiver Dance|p1a: 4325tre\n|-boost|p1a: 4325tre|spa|1\n|-boost|p1a: 4325tre|spd|1\n|-boost|p1a: 4325tre|spe|1\n|move|p2a: M|Quiver Dance|p2a: M\n|-boost|p2a: M|spa|1\n|-boost|p2a: M|spd|1\n|-boost|p2a: M|spe|1\n|\n|upkeep\n|turn|10\n|l| Feloxwtf\n|\n|t:|1700449281\n|move|p1a: 4325tre|Fiery Dance|p2a: M\n|-damage|p2a: M|29\/100\n|-boost|p1a: 4325tre|spa|1\n|move|p2a: M|Fiery Dance|p1a: 4325tre\n|-damage|p1a: 4325tre|0 fnt\n|faint|p1a: 4325tre\n|\n|upkeep\n|j| Feloxwtf\n|\n|t:|1700449300\n|switch|p1a: La Roca|Gigalith, M|100\/100\n|-weather|Sandstorm|[from] ability: Sand Stream|[of] p1a: La Roca\n|turn|11\n|\n|t:|1700449310\n|switch|p2a: Cry|Jellicent, F, shiny|61\/100\n|move|p1a: La Roca|Earthquake|p2a: Cry\n|-damage|p2a: Cry|33\/100\n|\n|-weather|Sandstorm|[upkeep]\n|-damage|p2a: Cry|26\/100|[from] Sandstorm\n|-heal|p2a: Cry|33\/100|[from] item: Leftovers\n|upkeep\n|turn|12\n|j| WolfLink1122\n|\n|t:|1700449316\n|switch|p1a: drakig|Ferrothorn, F|100\/100\n|move|p2a: Cry|Strength Sap|p1a: drakig\n|-unboost|p1a: drakig|atk|1\n|-heal|p2a: Cry|89\/100\n|\n|-weather|Sandstorm|[upkeep]\n|-damage|p2a: Cry|82\/100|[from] Sandstorm\n|-heal|p2a: Cry|89\/100|[from] item: Leftovers\n|upkeep\n|turn|13\n|\n|t:|1700449323\n|move|p2a: Cry|Water Spout|p1a: drakig\n|-resisted|p1a: drakig\n|-crit|p1a: drakig\n|-damage|p1a: drakig|56\/100\n|move|p1a: drakig|Leech Seed|p2a: Cry\n|-start|p2a: Cry|move: Leech Seed\n|\n|-weather|Sandstorm|[upkeep]\n|-damage|p2a: Cry|82\/100|[from] Sandstorm\n|-heal|p2a: Cry|89\/100|[from] item: Leftovers\n|-damage|p2a: Cry|76\/100|[from] Leech Seed|[of] p1a: drakig\n|-heal|p1a: drakig|70\/100|[silent]\n|upkeep\n|turn|14\n|\n|t:|1700449357\n|move|p2a: Cry|Strength Sap|p1a: drakig\n|-unboost|p1a: drakig|atk|1\n|-heal|p2a: Cry|100\/100\n|move|p1a: drakig|Leech Seed||[still]\n|-fail|p1a: drakig\n|\n|-weather|Sandstorm|[upkeep]\n|-damage|p2a: Cry|94\/100|[from] Sandstorm\n|-heal|p2a: Cry|100\/100|[from] item: Leftovers\n|-damage|p2a: Cry|88\/100|[from] Leech Seed|[of] p1a: drakig\n|-heal|p1a: drakig|85\/100|[silent]\n|upkeep\n|turn|15\n|\n|t:|1700449366\n|switch|p2a: M|Volcarona, M|29\/100\n|switch|p1a: Tilin|Hydreigon, F|100\/100\n|\n|-weather|none\n|upkeep\n|turn|16\n|\n|t:|1700449372\n|switch|p1a: La Roca|Gigalith, M|100\/100\n|-weather|Sandstorm|[from] ability: Sand Stream|[of] p1a: La Roca\n|move|p2a: M|Bug Buzz|p1a: La Roca\n|-damage|p1a: La Roca|74\/100\n|\n|-weather|Sandstorm|[upkeep]\n|-damage|p2a: M|23\/100|[from] Sandstorm\n|-heal|p1a: La Roca|80\/100|[from] item: Leftovers\n|upkeep\n|turn|17\n|\n|t:|1700449378\n|switch|p2a: Cry|Jellicent, F, shiny|88\/100\n|move|p1a: La Roca|Earthquake|p2a: Cry\n|-damage|p2a: Cry|59\/100\n|\n|-weather|Sandstorm|[upkeep]\n|-damage|p2a: Cry|53\/100|[from] Sandstorm\n|-heal|p2a: Cry|59\/100|[from] item: Leftovers\n|-heal|p1a: La Roca|86\/100|[from] item: Leftovers\n|upkeep\n|turn|18\n|\n|t:|1700449382\n|switch|p1a: Tilin|Hydreigon, F|100\/100\n|move|p2a: Cry|Strength Sap|p1a: Tilin\n|-unboost|p1a: Tilin|atk|1\n|-heal|p2a: Cry|100\/100\n|\n|-weather|Sandstorm|[upkeep]\n|-damage|p1a: Tilin|94\/100|[from] Sandstorm\n|-damage|p2a: Cry|94\/100|[from] Sandstorm\n|-heal|p2a: Cry|100\/100|[from] item: Leftovers\n|upkeep\n|turn|19\n|\n|t:|1700449393\n|switch|p2a: Hydreigon|Hydreigon, M|100\/100\n|move|p1a: Tilin|Dark Hole|p2a: Hydreigon\n|-resisted|p2a: Hydreigon\n|-crit|p2a: Hydreigon\n|-damage|p2a: Hydreigon|33\/100\n|-status|p2a: Hydreigon|slp|[from] move: Dark Hole\n|\n|-weather|Sandstorm|[upkeep]\n|-damage|p1a: Tilin|88\/100|[from] Sandstorm\n|-damage|p2a: Hydreigon|27\/100 slp|[from] Sandstorm\n|upkeep\n|turn|20\n|c|\u2606Storm_WaterTime|no bueno\n|c|\u2606Storm_WaterTime|JSADJASD\n|c|\u2606Storm_WaterTime|mas no le queria hacer?\n|c|\u2606Storm_WaterTime|JDJADS\n|c| WolfLink1122|waos\n|c| ChadouMC|Rng en contra\n|c| PatoPatito08|critico y lo duerme\n|\n|t:|1700449419\n|move|p1a: Tilin|Dark Hole|p2a: Hydreigon\n|-resisted|p2a: Hydreigon\n|-damage|p2a: Hydreigon|0 fnt\n|faint|p2a: Hydreigon\n|\n|-weather|none\n|upkeep\n|\n|t:|1700449422\n|switch|p2a: M|Volcarona, M|23\/100\n|turn|21\n|c| Feloxwtf|RNG \n|\n|t:|1700449426\n|switch|p1a: La Roca|Gigalith, M|86\/100\n|-weather|Sandstorm|[from] ability: Sand Stream|[of] p1a: La Roca\n|move|p2a: M|Giga Drain|p1a: La Roca\n|-supereffective|p1a: La Roca\n|-damage|p1a: La Roca|58\/100\n|-heal|p2a: M|40\/100|[from] drain|[of] p1a: La Roca\n|\n|-weather|Sandstorm|[upkeep]\n|-damage|p2a: M|34\/100|[from] Sandstorm\n|-heal|p1a: La Roca|64\/100|[from] item: Leftovers\n|upkeep\n|turn|22\n|c| ChadouMC|La debilidad de jiro\n|c| ChadouMC|Es su fortaleza\n|\n|t:|1700449435\n|move|p2a: M|Bug Buzz|p1a: La Roca\n|-damage|p1a: La Roca|37\/100\n|move|p1a: La Roca|Stone Edge|p2a: M|[miss]\n|-miss|p1a: La Roca|p2a: M\n|\n|-weather|Sandstorm|[upkeep]\n|-damage|p2a: M|28\/100|[from] Sandstorm\n|-heal|p1a: La Roca|44\/100|[from] item: Leftovers\n|upkeep\n|turn|23\n|c| WolfLink1122|lopunny\n|c|\u2606Storm_WaterTime|DJASJADS\n|c| ChadouMC|Bien pensado slow\n|\n|t:|1700449441\n|switch|p2a: Cry|Jellicent, F, shiny|100\/100\n|move|p1a: La Roca|Earthquake|p2a: Cry\n|-damage|p2a: Cry|73\/100\n|\n|-weather|Sandstorm|[upkeep]\n|-damage|p2a: Cry|66\/100|[from] Sandstorm\n|-heal|p2a: Cry|73\/100|[from] item: Leftovers\n|-heal|p1a: La Roca|50\/100|[from] item: Leftovers\n|upkeep\n|turn|24\n|c| PatoPatito08|FALLO\n|\n|t:|1700449446\n|switch|p1a: drakig|Ferrothorn, F|85\/100\n|move|p2a: Cry|Water Spout|p1a: drakig\n|-resisted|p1a: drakig\n|-damage|p1a: drakig|58\/100\n|\n|-weather|Sandstorm|[upkeep]\n|-damage|p2a: Cry|66\/100|[from] Sandstorm\n|-heal|p2a: Cry|73\/100|[from] item: Leftovers\n|upkeep\n|turn|25\n|c| PatoPatito08|NO CAMBIA NADA!!!\n|c| Feloxwtf|coacheado y ya\n|\n|t:|1700449451\n|move|p2a: Cry|Water Spout|p1a: drakig\n|-resisted|p1a: drakig\n|-damage|p1a: drakig|33\/100\n|move|p1a: drakig|Leech Seed|p2a: Cry\n|-start|p2a: Cry|move: Leech Seed\n|\n|-weather|none\n|-heal|p2a: Cry|79\/100|[from] item: Leftovers\n|-damage|p2a: Cry|66\/100|[from] Leech Seed|[of] p1a: drakig\n|-heal|p1a: drakig|47\/100|[silent]\n|upkeep\n|turn|26\n|\n|t:|1700449462\n|switch|p2a: M|Volcarona, M|28\/100\n|switch|p1a: Tilin|Hydreigon, F|88\/100\n|\n|upkeep\n|turn|27\n|\n|t:|1700449469\n|switch|p1a: Pajarraco|Braviary, M, shiny|100\/100\n|move|p2a: M|Bug Buzz|p1a: Pajarraco\n|-resisted|p1a: Pajarraco\n|-damage|p1a: Pajarraco|69\/100\n|\n|upkeep\n|turn|28\n|\n|t:|1700449478\n|switch|p2a: Cry|Jellicent, F, shiny|66\/100\n|move|p1a: Pajarraco|Brave Bird|p2a: Cry\n|-damage|p2a: Cry|1\/100\n|-damage|p1a: Pajarraco|44\/100|[from] Recoil\n|\n|-heal|p2a: Cry|8\/100|[from] item: Leftovers\n|upkeep\n|turn|29\n|\n|t:|1700449482\n|move|p1a: Pajarraco|Brave Bird|p2a: Cry\n|-damage|p2a: Cry|0 fnt\n|faint|p2a: Cry\n|-damage|p1a: Pajarraco|41\/100|[from] Recoil\n|\n|upkeep\n|\n|t:|1700449484\n|switch|p2a: ciicino wey|Cinccino, M, shiny|100\/100\n|turn|30\n|\n|t:|1700449487\n|move|p1a: Pajarraco|Brave Bird|p2a: ciicino wey\n|-damage|p2a: ciicino wey|0 fnt\n|faint|p2a: ciicino wey\n|-damage|p1a: Pajarraco|13\/100|[from] Recoil\n|\n|upkeep\n|c| WolfLink1122|u\n|\n|t:|1700449489\n|switch|p2a: M|Volcarona, M|28\/100\n|turn|31\n|\n|t:|1700449491\n|move|p1a: Pajarraco|Brave Bird|p2a: M\n|-supereffective|p2a: M\n|-damage|p2a: M|0 fnt\n|faint|p2a: M\n|-damage|p1a: Pajarraco|4\/100|[from] Recoil\n|\n|win|zSlowKiller\n|c|\u2606Storm_WaterTime|gg\n|c| PatoPatito08|GG\n|l|\u2606Storm_WaterTime\n|c| Feloxwtf|que\n|c| Feloxwtf|que paso\n|l| WolfLink1122\n|l|\u2606zSlowKiller\n|c| Feloxwtf|LOL\n|c| ChadouMC|Esto va para papeadas\n","uploadtime":1700449495,"views":11,"p1id":"zslowkiller","p2id":"stormwatertime","formatid":"gen9anythinggoes","rating":0,"private":0,"password":""}