{"id":"radicalred-gen9anythinggoes-535614","p1":"Name Banned Sadge","p2":"Fernanch","format":"[Gen 9] Anything Goes","log":"|j|\u2606Name Banned Sadge\n|j|\u2606Fernanch\n|t:|1698016064\n|gametype|singles\n|player|p1|Name Banned Sadge|rr-tapubulu|\n|player|p2|Fernanch|furretcollage.png|\n|teamsize|p1|6\n|teamsize|p2|6\n|gen|9\n|tier|[Gen 9] Anything Goes\n|rule|HP Percentage Mod: HP is shown in percentages\n|rule|Endless Battle Clause: Forcing endless battles is banned\n|clearpoke\n|poke|p1|Emolga, M|\n|poke|p1|Tapu Bulu|\n|poke|p1|Wailord, F|\n|poke|p1|Crobat, F|\n|poke|p1|Armaldo, M|\n|poke|p1|Spiritomb, M|\n|poke|p2|Gyarados, F|\n|poke|p2|Iron Treads|\n|poke|p2|Dedenne, F|\n|poke|p2|Iron Leaves|\n|poke|p2|Heliolisk, M|\n|poke|p2|Magcargo, F|\n|teampreview\n|c|\u2606Fernanch|Oh my gah\n|c|\u2606Fernanch|glhf\n|c|\u2606Name Banned Sadge|GL\n|\n|t:|1698016112\n|start\n|switch|p1a: Cromagnon|Crobat, F|100\/100\n|switch|p2a: Iron Treads|Iron Treads|100\/100\n|turn|1\n|\n|t:|1698016122\n|move|p1a: Cromagnon|Taunt|p2a: Iron Treads\n|-start|p2a: Iron Treads|move: Taunt\n|cant|p2a: Iron Treads|move: Taunt|Stealth Rock\n|\n|upkeep\n|turn|2\n|\n|t:|1698016141\n|move|p1a: Cromagnon|Super Fang|p2a: Iron Treads\n|-damage|p2a: Iron Treads|51\/100\n|move|p2a: Iron Treads|Knock Off|p1a: Cromagnon\n|-crit|p1a: Cromagnon\n|-damage|p1a: Cromagnon|37\/100\n|-enditem|p1a: Cromagnon|Charti Berry|[from] move: Knock Off|[of] p2a: Iron Treads\n|-damage|p2a: Iron Treads|41\/100|[from] item: Life Orb\n|\n|upkeep\n|turn|3\n|j| mcguineeplasto\n|\n|t:|1698016187\n|-end|p2a: Iron Treads|Quark Drive|[silent]\n|switch|p2a: Dedenne|Dedenne, F|100\/100\n|-fieldstart|move: Electric Terrain|[from] ability: Electric Surge|[of] p2a: Dedenne\n|move|p1a: Cromagnon|U-turn|p2a: Dedenne\n|-resisted|p2a: Dedenne\n|-damage|p2a: Dedenne|93\/100\n|\n|t:|1698016194\n|switch|p1a: Jay Eazy|Tapu Bulu|100\/100|[from] U-turn\n|-fieldstart|move: Grassy Terrain|[from] ability: Grassy Surge|[of] p1a: Jay Eazy\n|\n|-heal|p2a: Dedenne|99\/100|[from] Grassy Terrain\n|upkeep\n|turn|4\n|c|\u2606Fernanch|Oh no\n|\n|t:|1698016233\n|switch|p1a: S>I>M>P|Emolga, M, shiny|100\/100\n|move|p2a: Dedenne|Nuzzle|p1a: S>I>M>P\n|-ability|p1a: S>I>M>P|Lightning Rod|boost\n|-boost|p1a: S>I>M>P|spa|1\n|\n|-heal|p2a: Dedenne|100\/100|[from] Grassy Terrain\n|upkeep\n|turn|5\n|c|\u2606Fernanch|Canonically accurate tapu bulu\n|c|\u2606Fernanch|You\n|j| R3Zz3Nn15\n|\n|t:|1698016258\n|move|p1a: S>I>M>P|Knock Off|p2a: Dedenne\n|-resisted|p2a: Dedenne\n|-damage|p2a: Dedenne|93\/100\n|-enditem|p2a: Dedenne|Terrain Extender|[from] move: Knock Off|[of] p1a: S>I>M>P\n|move|p2a: Dedenne|U-turn|p1a: S>I>M>P\n|-resisted|p1a: S>I>M>P\n|-damage|p1a: S>I>M>P|90\/100\n|c|\u2606Name Banned Sadge|Bulu OP \n|\n|t:|1698016272\n|switch|p2a: Iron Treads|Iron Treads|41\/100|[from] U-turn\n|\n|-heal|p2a: Iron Treads|47\/100|[from] Grassy Terrain\n|upkeep\n|turn|6\n|c| R3Zz3Nn15|go emolga\n|\n|t:|1698016305\n|-end|p2a: Iron Treads|Quark Drive|[silent]\n|switch|p2a: Dedenne|Dedenne, F|93\/100\n|-fieldstart|move: Electric Terrain|[from] ability: Electric Surge|[of] p2a: Dedenne\n|move|p1a: S>I>M>P|U-turn|p2a: Dedenne\n|-resisted|p2a: Dedenne\n|-damage|p2a: Dedenne|88\/100\n|\n|t:|1698016312\n|switch|p1a: Jay Eazy|Tapu Bulu|100\/100|[from] U-turn\n|-fieldstart|move: Grassy Terrain|[from] ability: Grassy Surge|[of] p1a: Jay Eazy\n|\n|-heal|p2a: Dedenne|94\/100|[from] Grassy Terrain\n|upkeep\n|turn|7\n|\n|t:|1698016341\n|move|p2a: Dedenne|Nuzzle|p1a: Jay Eazy\n|-resisted|p1a: Jay Eazy\n|-damage|p1a: Jay Eazy|99\/100\n|-status|p1a: Jay Eazy|par\n|cant|p1a: Jay Eazy|par\n|\n|-heal|p2a: Dedenne|99\/100|[from] Grassy Terrain\n|-heal|p1a: Jay Eazy|100\/100 par|[from] Grassy Terrain\n|upkeep\n|turn|8\n|\n|t:|1698016351\n|move|p2a: Dedenne|U-turn|p1a: Jay Eazy\n|-damage|p1a: Jay Eazy|92\/100 par\n|c| R3Zz3Nn15|oh no \n|\n|t:|1698016355\n|switch|p2a: Iron Treads|Iron Treads|47\/100|[from] U-turn\n|move|p1a: Jay Eazy|Wood Hammer|p2a: Iron Treads\n|-damage|p2a: Iron Treads|0 fnt\n|faint|p2a: Iron Treads\n|-end|p2a: Iron Treads|Quark Drive|[silent]\n|-damage|p1a: Jay Eazy|77\/100 par|[from] Recoil\n|\n|-heal|p1a: Jay Eazy|83\/100 par|[from] Grassy Terrain\n|upkeep\n|\n|t:|1698016359\n|switch|p2a: Dedenne|Dedenne, F|99\/100\n|-fieldstart|move: Electric Terrain|[from] ability: Electric Surge|[of] p2a: Dedenne\n|turn|9\n|\n|t:|1698016401\n|move|p2a: Dedenne|U-turn|p1a: Jay Eazy\n|-damage|p1a: Jay Eazy|73\/100 par\n|\n|t:|1698016403\n|switch|p2a: Gyarados|Gyarados, F|100\/100|[from] U-turn\n|move|p1a: Jay Eazy|Megahorn|p2a: Gyarados\n|-resisted|p2a: Gyarados\n|-damage|p2a: Gyarados|73\/100\n|\n|upkeep\n|turn|10\n|c| R3Zz3Nn15|damm nt s3xtopher\n|\n|t:|1698016430\n|switch|p1a: BOO! Scacred?|Spiritomb, M|100\/100\n|-ability|p1a: BOO! Scacred?|Intimidate|boost\n|-unboost|p2a: Gyarados|atk|1\n|move|p2a: Gyarados|Ice Fang|p1a: BOO! Scacred?\n|-damage|p1a: BOO! Scacred?|88\/100\n|\n|-heal|p1a: BOO! Scacred?|95\/100|[from] item: Leftovers\n|upkeep\n|turn|11\n|\n|t:|1698016448\n|switch|p2a: Heliolisk|Heliolisk, M|100\/100\n|move|p1a: BOO! Scacred?|Parting Shot|p2a: Heliolisk\n|-unboost|p2a: Heliolisk|atk|1\n|-unboost|p2a: Heliolisk|spa|1\n|\n|t:|1698016482\n|switch|p1a: Jay Eazy|Tapu Bulu|73\/100 par|[from] Parting Shot\n|-fieldstart|move: Grassy Terrain|[from] ability: Grassy Surge|[of] p1a: Jay Eazy\n|\n|-heal|p1a: Jay Eazy|79\/100 par|[from] Grassy Terrain\n|upkeep\n|turn|12\n|\n|t:|1698016513\n|move|p2a: Heliolisk|Boomburst|p1a: Jay Eazy\n|-damage|p1a: Jay Eazy|47\/100 par\n|move|p1a: Jay Eazy|Wood Hammer|p2a: Heliolisk\n|-damage|p2a: Heliolisk|0 fnt\n|faint|p2a: Heliolisk\n|-damage|p1a: Jay Eazy|21\/100 par|[from] Recoil\n|\n|-heal|p1a: Jay Eazy|28\/100 par|[from] Grassy Terrain\n|upkeep\n|c| R3Zz3Nn15|go bulu \n|\n|t:|1698016547\n|switch|p2a: Gyarados|Gyarados, F|73\/100\n|turn|13\n|\n|t:|1698016553\n|switch|p1a: BOO! Scacred?|Spiritomb, M|95\/100\n|-ability|p1a: BOO! Scacred?|Intimidate|boost\n|-unboost|p2a: Gyarados|atk|1\n|move|p2a: Gyarados|Dragon Dance|p2a: Gyarados\n|-boost|p2a: Gyarados|atk|1\n|-boost|p2a: Gyarados|spe|1\n|\n|-heal|p1a: BOO! Scacred?|100\/100|[from] Grassy Terrain\n|upkeep\n|turn|14\n|\n|t:|1698016563\n|move|p2a: Gyarados|Dragon Dance|p2a: Gyarados\n|-boost|p2a: Gyarados|atk|1\n|-boost|p2a: Gyarados|spe|1\n|move|p1a: BOO! Scacred?|Will-O-Wisp|p2a: Gyarados\n|-status|p2a: Gyarados|brn\n|\n|-damage|p2a: Gyarados|67\/100 brn|[from] brn\n|upkeep\n|turn|15\n|\n|t:|1698016571\n|move|p2a: Gyarados|Dragon Dance|p2a: Gyarados\n|-boost|p2a: Gyarados|atk|1\n|-boost|p2a: Gyarados|spe|1\n|move|p1a: BOO! Scacred?|Hex|p2a: Gyarados\n|-damage|p2a: Gyarados|26\/100 brn\n|\n|-damage|p2a: Gyarados|20\/100 brn|[from] brn\n|-fieldend|move: Grassy Terrain\n|upkeep\n|turn|16\n|\n|t:|1698016582\n|move|p2a: Gyarados|Waterfall|p1a: BOO! Scacred?\n|-damage|p1a: BOO! Scacred?|69\/100\n|cant|p1a: BOO! Scacred?|flinch\n|\n|-heal|p1a: BOO! Scacred?|75\/100|[from] item: Leftovers\n|-damage|p2a: Gyarados|14\/100 brn|[from] brn\n|upkeep\n|turn|17\n|\n|t:|1698016590\n|move|p2a: Gyarados|Waterfall|p1a: BOO! Scacred?\n|-damage|p1a: BOO! Scacred?|45\/100\n|move|p1a: BOO! Scacred?|Hex|p2a: Gyarados\n|-damage|p2a: Gyarados|0 fnt\n|faint|p2a: Gyarados\n|\n|-heal|p1a: BOO! Scacred?|51\/100|[from] item: Leftovers\n|upkeep\n|\n|t:|1698016597\n|switch|p2a: Magcargo|Magcargo, F|100\/100\n|turn|18\n|\n|t:|1698016616\n|move|p2a: Magcargo|Shell Smash|p2a: Magcargo\n|-unboost|p2a: Magcargo|def|2\n|-unboost|p2a: Magcargo|spd|2\n|-boost|p2a: Magcargo|atk|4\n|-boost|p2a: Magcargo|spa|4\n|-boost|p2a: Magcargo|spe|4\n|-enditem|p2a: Magcargo|White Herb\n|-clearnegativeboost|p2a: Magcargo|[silent]\n|move|p1a: BOO! Scacred?|Dark Pulse|p2a: Magcargo\n|-damage|p2a: Magcargo|56\/100\n|\n|-heal|p1a: BOO! Scacred?|57\/100|[from] item: Leftovers\n|upkeep\n|turn|19\n|\n|t:|1698016629\n|move|p2a: Magcargo|Ancient Power|p1a: BOO! Scacred?\n|-damage|p1a: BOO! Scacred?|0 fnt\n|faint|p1a: BOO! Scacred?\n|\n|upkeep\n|\n|t:|1698016634\n|switch|p1a: Big Guy For You|Wailord, F|100\/100\n|turn|20\n|c|\u2606Fernanch|No boost\n|\n|t:|1698016641\n|switch|p2a: Dedenne|Dedenne, F|99\/100\n|-fieldstart|move: Electric Terrain|[from] ability: Electric Surge|[of] p2a: Dedenne\n|move|p1a: Big Guy For You|Bouncy Bubble|p2a: Dedenne\n|-damage|p2a: Dedenne|51\/100\n|\n|upkeep\n|turn|21\n|\n|t:|1698016658\n|switch|p1a: Jay Eazy|Tapu Bulu|28\/100 par\n|-fieldstart|move: Grassy Terrain|[from] ability: Grassy Surge|[of] p1a: Jay Eazy\n|move|p2a: Dedenne|U-turn|p1a: Jay Eazy\n|-damage|p1a: Jay Eazy|18\/100 par\n|\n|t:|1698016672\n|switch|p2a: Magcargo|Magcargo, F|56\/100|[from] U-turn\n|\n|-heal|p2a: Magcargo|63\/100|[from] Grassy Terrain\n|-heal|p1a: Jay Eazy|24\/100 par|[from] Grassy Terrain\n|upkeep\n|turn|22\n|\n|t:|1698016710\n|switch|p1a: Big Guy For You|Wailord, F|100\/100\n|move|p2a: Magcargo|Ancient Power|p1a: Big Guy For You\n|-damage|p1a: Big Guy For You|93\/100\n|\n|-heal|p2a: Magcargo|69\/100|[from] Grassy Terrain\n|-heal|p1a: Big Guy For You|99\/100|[from] Grassy Terrain\n|upkeep\n|turn|23\n|c|\u2606Fernanch|God dammit\n|c|\u2606Fernanch|I want da boost\n|\n|t:|1698016743\n|switch|p2a: Dedenne|Dedenne, F|51\/100\n|-fieldstart|move: Electric Terrain|[from] ability: Electric Surge|[of] p2a: Dedenne\n|move|p1a: Big Guy For You|Bouncy Bubble|p2a: Dedenne\n|-damage|p2a: Dedenne|10\/100\n|-heal|p1a: Big Guy For You|100\/100|[from] drain|[of] p2a: Dedenne\n|\n|upkeep\n|turn|24\n|\n|t:|1698016818\n|switch|p1a: Jay Eazy|Tapu Bulu|24\/100 par\n|-fieldstart|move: Grassy Terrain|[from] ability: Grassy Surge|[of] p1a: Jay Eazy\n|move|p2a: Dedenne|Dazzling Gleam|p1a: Jay Eazy\n|-damage|p1a: Jay Eazy|7\/100 par\n|\n|-heal|p2a: Dedenne|16\/100|[from] Grassy Terrain\n|-heal|p1a: Jay Eazy|13\/100 par|[from] Grassy Terrain\n|upkeep\n|turn|25\n|\n|t:|1698016833\n|switch|p1a: Bolsonaro|Armaldo, M, shiny|100\/100\n|move|p2a: Dedenne|Dazzling Gleam|p1a: Bolsonaro\n|-damage|p1a: Bolsonaro|75\/100\n|\n|-heal|p2a: Dedenne|23\/100|[from] Grassy Terrain\n|-heal|p1a: Bolsonaro|81\/100|[from] Grassy Terrain\n|upkeep\n|turn|26\n|c| R3Zz3Nn15|damm bolsonaro \n|c|\u2606Fernanch|Wtf\n|\n|t:|1698016854\n|move|p2a: Dedenne|Nuzzle|p1a: Bolsonaro\n|-damage|p1a: Bolsonaro|78\/100\n|-status|p1a: Bolsonaro|par\n|-damage|p2a: Dedenne|6\/100|[from] item: Rocky Helmet|[of] p1a: Bolsonaro\n|move|p1a: Bolsonaro|Rock Blast|p2a: Dedenne\n|-damage|p2a: Dedenne|0 fnt\n|faint|p2a: Dedenne\n|-hitcount|p2: Dedenne|1\n|\n|-heal|p1a: Bolsonaro|84\/100 par|[from] Grassy Terrain\n|upkeep\n|\n|t:|1698016863\n|switch|p2a: Iron Leaves|Iron Leaves|100\/100\n|turn|27\n|\n|t:|1698016899\n|move|p2a: Iron Leaves|Leaf Blade|p1a: Bolsonaro\n|-damage|p1a: Bolsonaro|0 fnt\n|-damage|p2a: Iron Leaves|84\/100|[from] item: Rocky Helmet|[of] p1a: Bolsonaro\n|faint|p1a: Bolsonaro\n|\n|-heal|p2a: Iron Leaves|90\/100|[from] Grassy Terrain\n|upkeep\n|\n|t:|1698016944\n|switch|p1a: Cromagnon|Crobat, F|37\/100\n|turn|28\n|\n|t:|1698016949\n|switch|p2a: Magcargo|Magcargo, F|69\/100\n|move|p1a: Cromagnon|U-turn|p2a: Magcargo\n|-resisted|p2a: Magcargo\n|-damage|p2a: Magcargo|61\/100\n|\n|t:|1698016954\n|switch|p1a: Big Guy For You|Wailord, F|100\/100|[from] U-turn\n|\n|-heal|p2a: Magcargo|67\/100|[from] Grassy Terrain\n|-fieldend|move: Grassy Terrain\n|upkeep\n|turn|29\n|\n|t:|1698016989\n|switch|p2a: Iron Leaves|Iron Leaves|90\/100\n|move|p1a: Big Guy For You|Ice Beam|p2a: Iron Leaves\n|-supereffective|p2a: Iron Leaves\n|-damage|p2a: Iron Leaves|45\/100\n|\n|upkeep\n|turn|30\n|c|\u2606Fernanch|I am still in this\n|c| R3Zz3Nn15|true\n|\n|t:|1698017045\n|switch|p1a: S>I>M>P|Emolga, M, shiny|90\/100\n|move|p2a: Iron Leaves|Leaf Blade|p1a: S>I>M>P\n|-resisted|p1a: S>I>M>P\n|-damage|p1a: S>I>M>P|0 fnt\n|faint|p1a: S>I>M>P\n|\n|upkeep\n|\n|t:|1698017053\n|switch|p1a: Cromagnon|Crobat, F|37\/100\n|turn|31\n|c|\u2606Fernanch|Wait\n|j| AmbipomApologist78\n|c| R3Zz3Nn15|what did u mess something up \n|c|\u2606Name Banned Sadge|What happened\n|c|\u2606Fernanch|Nothing\n|c|\u2606Fernanch|I am just trying to use my head\n|\n|t:|1698017115\n|switch|p2a: Magcargo|Magcargo, F|67\/100\n|move|p1a: Cromagnon|U-turn|p2a: Magcargo\n|-resisted|p2a: Magcargo\n|-damage|p2a: Magcargo|58\/100\n|\n|t:|1698017121\n|switch|p1a: Big Guy For You|Wailord, F|100\/100|[from] U-turn\n|\n|upkeep\n|turn|32\n|c| R3Zz3Nn15|this game in my opinion  either fernan is bluffing scarf  on  iron leaves or he is banded\n|\n|t:|1698017199\n|move|p2a: Magcargo|Ancient Power|p1a: Big Guy For You\n|-damage|p1a: Big Guy For You|94\/100\n|move|p1a: Big Guy For You|Ice Beam|p2a: Magcargo\n|-resisted|p2a: Magcargo\n|-damage|p2a: Magcargo|42\/100\n|\n|upkeep\n|turn|33\n|c|\u2606Fernanch|Blud I did 90 to a resist\n|\n|t:|1698017217\n|move|p2a: Magcargo|Lava Plume|p1a: Big Guy For You\n|-resisted|p1a: Big Guy For You\n|-damage|p1a: Big Guy For You|84\/100\n|move|p1a: Big Guy For You|Ice Beam|p2a: Magcargo\n|-resisted|p2a: Magcargo\n|-damage|p2a: Magcargo|25\/100\n|-status|p2a: Magcargo|frz\n|\n|-damage|p2a: Magcargo|19\/100 frz|[from] frz\n|upkeep\n|turn|34\n|c| R3Zz3Nn15|yeah but it is emolga\n|c|\u2606Fernanch|Oh no\n|c|\u2606Name Banned Sadge|Lets gooo\n|c|\u2606Fernanch|Frostbite\n|\n|t:|1698017239\n|move|p2a: Magcargo|Lava Plume|p1a: Big Guy For You\n|-resisted|p1a: Big Guy For You\n|-damage|p1a: Big Guy For You|80\/100\n|-status|p1a: Big Guy For You|brn\n|move|p1a: Big Guy For You|Ice Beam|p2a: Magcargo\n|-resisted|p2a: Magcargo\n|-damage|p2a: Magcargo|0 fnt\n|faint|p2a: Magcargo\n|\n|-damage|p1a: Big Guy For You|74\/100 brn|[from] brn\n|upkeep\n|\n|t:|1698017246\n|switch|p2a: Iron Leaves|Iron Leaves|45\/100\n|turn|35\n|\n|t:|1698017255\n|move|p2a: Iron Leaves|Psyblade|p1a: Big Guy For You\n|-damage|p1a: Big Guy For You|0 fnt\n|faint|p1a: Big Guy For You\n|\n|upkeep\n|\n|t:|1698017259\n|switch|p1a: Cromagnon|Crobat, F|37\/100\n|turn|36\n|c|\u2606Fernanch|Ok\n|c|\u2606Fernanch|No you are not max speed\n|c|\u2606Fernanch|I know it\n|\n|t:|1698017269\n|move|p1a: Cromagnon|U-turn|p2a: Iron Leaves\n|-supereffective|p2a: Iron Leaves\n|-damage|p2a: Iron Leaves|0 fnt\n|faint|p2a: Iron Leaves\n|\n|win|Name Banned Sadge\n|c| R3Zz3Nn15|hahhaa\n|c|\u2606Fernanch|Fuck\n|c|\u2606Name Banned Sadge|lmao\n|c|\u2606Fernanch|ggs\n|c| R3Zz3Nn15|lmao \n|c|\u2606Name Banned Sadge|gg\n|l| mcguineeplasto\n|c|\u2606Name Banned Sadge|Me post?\n","uploadtime":1698017290,"views":18,"p1id":"namebannedsadge","p2id":"fernanch","formatid":"gen9anythinggoes","rating":0,"private":0,"password":""}