{"id":"radicalred-gen9anythinggoes-538113","p1":"Mr cyphon","p2":"0LuckEVs","format":"[Gen 9] Anything Goes","log":"|j|\u2606Mr cyphon\n|j|\u26060LuckEVs\n|t:|1698357351\n|gametype|singles\n|player|p1|Mr cyphon|rr-beedrillmega|\n|player|p2|0LuckEVs|rr-infernape|\n|teamsize|p1|6\n|teamsize|p2|6\n|gen|9\n|tier|[Gen 9] Anything Goes\n|rule|HP Percentage Mod: HP is shown in percentages\n|rule|Endless Battle Clause: Forcing endless battles is banned\n|clearpoke\n|poke|p1|Druddigon, F|\n|poke|p1|Volbeat, M|\n|poke|p1|Raichu, M|\n|poke|p1|Heatmor, M|\n|poke|p1|Kingler, F|\n|poke|p1|Leafeon, M|\n|poke|p2|Lycanroc-Midnight, F|\n|poke|p2|Pangoro, F|\n|poke|p2|Klinklang|\n|poke|p2|Poliwrath, F|\n|poke|p2|Abomasnow, F|\n|poke|p2|Audino, F|\n|teampreview\n|c|\u2606Mr cyphon|have fun\n|c|\u26060LuckEVs|i haven't finished changes to my team so it'll be the same team\n|c|\u2606Mr cyphon|ok\n|\n|t:|1698357371\n|start\n|switch|p1a: Kingler|Kingler, F|100\/100\n|switch|p2a: Abomasnow|Abomasnow, F|100\/100\n|-weather|Snow|[from] ability: Snow Warning|[of] p2a: Abomasnow\n|turn|1\n|\n|t:|1698357376\n|move|p1a: Kingler|Meteor Mash|p2a: Abomasnow\n|-supereffective|p2a: Abomasnow\n|-damage|p2a: Abomasnow|35\/100\n|move|p2a: Abomasnow|Aurora Veil|p2a: Abomasnow\n|-sidestart|p2: 0LuckEVs|move: Aurora Veil\n|\n|-weather|Snow|[upkeep]\n|upkeep\n|turn|2\n|c|\u2606Mr cyphon|dammit\n|\n|t:|1698357391\n|switch|p2a: Poliwrath|Poliwrath, F|100\/100\n|move|p1a: Kingler|Meteor Mash|p2a: Poliwrath\n|-resisted|p2a: Poliwrath\n|-damage|p2a: Poliwrath|89\/100\n|\n|-weather|Snow|[upkeep]\n|upkeep\n|turn|3\n|c|\u26060LuckEVs|yeah abomasnow is super bulky\n|\n|t:|1698357400\n|switch|p1a: Volbeat|Volbeat, M|100\/100\n|move|p2a: Poliwrath|Belly Drum|p2a: Poliwrath\n|-damage|p2a: Poliwrath|39\/100\n|-setboost|p2a: Poliwrath|atk|6|[from] move: Belly Drum\n|-enditem|p2a: Poliwrath|Sitrus Berry|[eat]\n|-heal|p2a: Poliwrath|64\/100|[from] item: Sitrus Berry\n|\n|-weather|Snow|[upkeep]\n|upkeep\n|turn|4\n|\n|t:|1698357408\n|move|p1a: Volbeat|Thunder Wave|p2a: Poliwrath\n|-status|p2a: Poliwrath|par\n|move|p2a: Poliwrath|Jet Punch|p1a: Volbeat\n|-damage|p1a: Volbeat|0 fnt\n|faint|p1a: Volbeat\n|\n|-weather|Snow|[upkeep]\n|upkeep\n|\n|t:|1698357413\n|switch|p1a: Leafeon|Leafeon, M|100\/100\n|turn|5\n|\n|t:|1698357416\n|cant|p2a: Poliwrath|par\n|move|p1a: Leafeon|Sappy Seed|p2a: Poliwrath\n|-supereffective|p2a: Poliwrath\n|-damage|p2a: Poliwrath|5\/100 par\n|-start|p2a: Poliwrath|move: Leech Seed\n|\n|-weather|none\n|-damage|p2a: Poliwrath|0 fnt|[from] Leech Seed|[of] p1a: Leafeon\n|faint|p2a: Poliwrath\n|upkeep\n|c|\u2606Mr cyphon|wow\n|\n|t:|1698357423\n|switch|p2a: Klinklang|Klinklang|100\/100\n|turn|6\n|\n|t:|1698357426\n|move|p1a: Leafeon|Swords Dance|p1a: Leafeon\n|-boost|p1a: Leafeon|atk|2\n|move|p2a: Klinklang|Shift Gear|p2a: Klinklang\n|-boost|p2a: Klinklang|spe|2\n|-boost|p2a: Klinklang|atk|1\n|\n|upkeep\n|turn|7\n|\n|t:|1698357429\n|move|p2a: Klinklang|Gear Grind|p1a: Leafeon\n|-damage|p1a: Leafeon|36\/100\n|-damage|p1a: Leafeon|0 fnt\n|faint|p1a: Leafeon\n|-hitcount|p1: Leafeon|2\n|\n|upkeep\n|\n|t:|1698357437\n|switch|p1a: Raichu|Raichu, M|100\/100\n|turn|8\n|c|\u26060LuckEVs|klinklang is pretty strong with veil support i think it should go from the tier\n|\n|t:|1698357450\n|move|p2a: Klinklang|Superpower|p1a: Raichu\n|-enditem|p1a: Raichu|Focus Sash\n|-damage|p1a: Raichu|1\/100\n|-unboost|p2a: Klinklang|atk|1\n|-unboost|p2a: Klinklang|def|1\n|move|p1a: Raichu|Focus Blast|p2a: Klinklang|[miss]\n|-miss|p1a: Raichu|p2a: Klinklang\n|\n|-sideend|p2: 0LuckEVs|move: Aurora Veil\n|upkeep\n|turn|9\n|c|\u2606Mr cyphon|omg\n|\n|t:|1698357458\n|move|p2a: Klinklang|Gear Grind|p1a: Raichu\n|-resisted|p1a: Raichu\n|-damage|p1a: Raichu|0 fnt\n|faint|p1a: Raichu\n|-hitcount|p1: Raichu|1\n|\n|upkeep\n|\n|t:|1698357464\n|switch|p1a: Druddigon|Druddigon, F|100\/100\n|turn|10\n|\n|t:|1698357478\n|move|p1a: Druddigon|Sucker Punch|p2a: Klinklang\n|-damage|p2a: Klinklang|39\/100\n|-damage|p1a: Druddigon|91\/100|[from] item: Life Orb\n|move|p2a: Klinklang|Gear Grind|p1a: Druddigon\n|-damage|p1a: Druddigon|54\/100\n|-damage|p1a: Druddigon|17\/100\n|-hitcount|p1a: Druddigon|2\n|\n|upkeep\n|turn|11\n|\n|t:|1698357486\n|move|p1a: Druddigon|Sucker Punch||[still]\n|-fail|p1a: Druddigon\n|move|p2a: Klinklang|Shift Gear|p2a: Klinklang\n|-boost|p2a: Klinklang|spe|2\n|-boost|p2a: Klinklang|atk|1\n|\n|upkeep\n|turn|12\n|\n|t:|1698357490\n|move|p2a: Klinklang|Gear Grind|p1a: Druddigon\n|-damage|p1a: Druddigon|0 fnt\n|faint|p1a: Druddigon\n|-hitcount|p1: Druddigon|1\n|\n|upkeep\n|\n|t:|1698357494\n|switch|p1a: Kingler|Kingler, F|100\/100\n|turn|13\n|\n|t:|1698357496\n|move|p2a: Klinklang|Volt Tackle|p1a: Kingler\n|-supereffective|p1a: Kingler\n|-damage|p1a: Kingler|0 fnt\n|faint|p1a: Kingler\n|-damage|p2a: Klinklang|15\/100|[from] Recoil\n|\n|upkeep\n|c|\u2606Mr cyphon|ggs\n|\n|t:|1698357499\n|switch|p1a: Heatmor|Heatmor, M|100\/100\n|turn|14\n|c|\u26060LuckEVs|gg\n|\n|t:|1698357504\n|move|p2a: Klinklang|Superpower|p1a: Heatmor\n|-damage|p1a: Heatmor|7\/100\n|-unboost|p2a: Klinklang|atk|1\n|-unboost|p2a: Klinklang|def|1\n|move|p1a: Heatmor|Inferno|p2a: Klinklang\n|-supereffective|p2a: Klinklang\n|-damage|p2a: Klinklang|0 fnt\n|faint|p2a: Klinklang\n|\n|upkeep\n|\n|t:|1698357510\n|switch|p2a: Lycanroc|Lycanroc-Midnight, F|100\/100\n|turn|15\n|\n|t:|1698357514\n|move|p1a: Heatmor|Focus Blast|p2a: Lycanroc\n|-supereffective|p2a: Lycanroc\n|-enditem|p2a: Lycanroc|Focus Sash\n|-damage|p2a: Lycanroc|1\/100\n|move|p2a: Lycanroc|Stone Axe|p1a: Heatmor\n|-supereffective|p1a: Heatmor\n|-damage|p1a: Heatmor|0 fnt\n|-sidestart|p1: Mr cyphon|move: Stealth Rock\n|faint|p1a: Heatmor\n|\n|win|0LuckEVs\n|l|\u2606Mr cyphon\n|j|\u2606Mr cyphon\n|player|p1|Mr cyphon|rr-beedrillmega\n","uploadtime":1698357538,"views":9,"p1id":"mrcyphon","p2id":"0luckevs","formatid":"gen9anythinggoes","rating":0,"private":0,"password":""}