{"id":"radicalred-gen9anythinggoes-534271","p1":"HellSinky","p2":"Ggc69","format":"[Gen 9] Anything Goes","log":"|j|\u2606HellSinky\n|j|\u2606Ggc69\n|t:|1697761613\n|gametype|singles\n|player|p1|HellSinky|rr-victini|\n|player|p2|Ggc69|265|\n|teamsize|p1|6\n|teamsize|p2|6\n|gen|9\n|tier|[Gen 9] Anything Goes\n|rule|HP Percentage Mod: HP is shown in percentages\n|rule|Endless Battle Clause: Forcing endless battles is banned\n|clearpoke\n|poke|p1|Ferrothorn, F|\n|poke|p1|Hydreigon, M|\n|poke|p1|Galvantula, M|\n|poke|p1|Volcarona, M|\n|poke|p1|Krookodile, M|\n|poke|p1|Keldeo-Resolute|\n|poke|p2|Ferrothorn, M|\n|poke|p2|Jellicent, F|\n|poke|p2|Keldeo-Resolute|\n|poke|p2|Zoroark, M|\n|poke|p2|Golurk|\n|poke|p2|Haxorus, F|\n|teampreview\n|\n|t:|1697761661\n|start\n|switch|p1a: tula|Galvantula, M, shiny|100\/100\n|switch|p2a: Gordita tetona|Golurk|100\/100\n|turn|1\n|\n|t:|1697761682\n|move|p1a: tula|Sticky Web|p2a: Gordita tetona\n|-sidestart|p2: Ggc69|move: Sticky Web\n|move|p2a: Gordita tetona|Earthquake|p1a: tula\n|-enditem|p1a: tula|Focus Sash\n|-damage|p1a: tula|1\/100\n|\n|upkeep\n|turn|2\n|\n|t:|1697761696\n|move|p1a: tula|Giga Drain|p2a: Gordita tetona\n|-supereffective|p2a: Gordita tetona\n|-damage|p2a: Gordita tetona|59\/100\n|-heal|p1a: tula|30\/100|[from] drain|[of] p2a: Gordita tetona\n|move|p2a: Gordita tetona|Earthquake|p1a: tula\n|-damage|p1a: tula|0 fnt\n|faint|p1a: tula\n|\n|upkeep\n|c|\u2606Ggc69|GG\n|\n|t:|1697761712\n|switch|p1a: princesa|Hydreigon, M|100\/100\n|turn|3\n|\n|t:|1697761751\n|switch|p2a: Ferrothorn|Ferrothorn, M|100\/100\n|-activate|p2a: Ferrothorn|move: Sticky Web\n|-unboost|p2a: Ferrothorn|spe|1\n|move|p1a: princesa|Dark Hole|p2a: Ferrothorn\n|-resisted|p2a: Ferrothorn\n|-damage|p2a: Ferrothorn|38\/100\n|replace|p2a: zorra|Zoroark, M\n|-end|p2a: zorra|Illusion\n|-damage|p1a: princesa|91\/100|[from] item: Life Orb\n|\n|upkeep\n|turn|4\n|\n|t:|1697761778\n|switch|p1a: cr7|Volcarona, M|100\/100\n|move|p2a: zorra|Extrasensory|p1a: cr7\n|-damage|p1a: cr7|59\/100\n|\n|upkeep\n|turn|5\n|\n|t:|1697761799\n|switch|p2a: Gordita tetona|Golurk|59\/100\n|-activate|p2a: Gordita tetona|move: Sticky Web\n|-unboost|p2a: Gordita tetona|spe|1\n|move|p1a: cr7|Quiver Dance|p1a: cr7\n|-boost|p1a: cr7|spa|1\n|-boost|p1a: cr7|spd|1\n|-boost|p1a: cr7|spe|1\n|\n|upkeep\n|turn|6\n|\n|t:|1697761814\n|move|p1a: cr7|Giga Drain|p2a: Gordita tetona\n|-supereffective|p2a: Gordita tetona\n|-damage|p2a: Gordita tetona|0 fnt\n|-heal|p1a: cr7|98\/100|[from] drain|[of] p2a: Gordita tetona\n|faint|p2a: Gordita tetona\n|\n|upkeep\n|\n|t:|1697761833\n|switch|p2a: NAINAINAI|Keldeo-Resolute|100\/100\n|-activate|p2a: NAINAINAI|move: Sticky Web\n|-unboost|p2a: NAINAINAI|spe|1\n|turn|7\n|\n|t:|1697761841\n|move|p1a: cr7|Bug Buzz|p2a: NAINAINAI\n|-resisted|p2a: NAINAINAI\n|-damage|p2a: NAINAINAI|73\/100\n|move|p2a: NAINAINAI|Scald|p1a: cr7\n|-supereffective|p1a: cr7\n|-damage|p1a: cr7|28\/100\n|\n|upkeep\n|turn|8\n|j| Shotokekipurin\n|\n|t:|1697761848\n|move|p1a: cr7|Giga Drain|p2a: NAINAINAI\n|-supereffective|p2a: NAINAINAI\n|-damage|p2a: NAINAINAI|11\/100\n|-heal|p1a: cr7|60\/100|[from] drain|[of] p2a: NAINAINAI\n|move|p2a: NAINAINAI|Scald|p1a: cr7\n|-supereffective|p1a: cr7\n|-damage|p1a: cr7|0 fnt\n|faint|p1a: cr7\n|\n|upkeep\n|l| Shotokekipurin\n|\n|t:|1697761864\n|switch|p1a: womb destroyer|Krookodile, M|100\/100\n|turn|9\n|\n|t:|1697761883\n|move|p1a: womb destroyer|Wicked Blow|p2a: NAINAINAI\n|-resisted|p2a: NAINAINAI\n|-crit|p2a: NAINAINAI\n|-damage|p2a: NAINAINAI|0 fnt\n|faint|p2a: NAINAINAI\n|-ability|p1a: womb destroyer|Moxie|boost\n|-boost|p1a: womb destroyer|atk|1\n|\n|upkeep\n|\n|t:|1697761890\n|switch|p2a: Burbuja|Jellicent, F|100\/100\n|-activate|p2a: Burbuja|move: Sticky Web\n|-unboost|p2a: Burbuja|spe|1\n|turn|10\n|\n|t:|1697761900\n|move|p1a: womb destroyer|Wicked Blow|p2a: Burbuja\n|-supereffective|p2a: Burbuja\n|-crit|p2a: Burbuja\n|-damage|p2a: Burbuja|0 fnt\n|faint|p2a: Burbuja\n|-ability|p1a: womb destroyer|Moxie|boost\n|-boost|p1a: womb destroyer|atk|1\n|\n|upkeep\n|c|\u2606Ggc69|puro crit\n|c|\u2606Ggc69|nig\n|\n|t:|1697761910\n|switch|p2a: Ferrothorn|Ferrothorn, M|100\/100\n|-activate|p2a: Ferrothorn|move: Sticky Web\n|-unboost|p2a: Ferrothorn|spe|1\n|turn|11\n|c|\u2606Ggc69|gg\n|c|\u2606HellSinky|ese atk siempre hace crit\n|\n|t:|1697761930\n|move|p1a: womb destroyer|Wicked Blow|p2a: Ferrothorn\n|-crit|p2a: Ferrothorn\n|-damage|p2a: Ferrothorn|35\/100\n|-damage|p1a: womb destroyer|88\/100|[from] ability: Iron Barbs|[of] p2a: Ferrothorn\n|-damage|p1a: womb destroyer|72\/100|[from] item: Rocky Helmet|[of] p2a: Ferrothorn\n|move|p2a: Ferrothorn|Body Press|p1a: womb destroyer\n|-supereffective|p1a: womb destroyer\n|-damage|p1a: womb destroyer|0 fnt\n|faint|p1a: womb destroyer\n|\n|upkeep\n|\n|t:|1697761951\n|switch|p1a: princesa|Hydreigon, M|91\/100\n|turn|12\n|\n|t:|1697761966\n|move|p1a: princesa|Dark Hole|p2a: Ferrothorn\n|-damage|p2a: Ferrothorn|0 fnt\n|faint|p2a: Ferrothorn\n|-damage|p1a: princesa|81\/100|[from] item: Life Orb\n|\n|upkeep\n|\n|t:|1697761971\n|switch|p2a: Haxorus|Haxorus, F|38\/100\n|-activate|p2a: Haxorus|move: Sticky Web\n|-unboost|p2a: Haxorus|spe|1\n|turn|13\n|\n|t:|1697761984\n|move|p1a: princesa|Dark Hole|p2a: Haxorus\n|-resisted|p2a: Haxorus\n|-damage|p2a: Haxorus|0 fnt\n|replace|p2a: zorra|Zoroark, M\n|-end|p2a: zorra|Illusion\n|faint|p2a: zorra\n|-damage|p1a: princesa|71\/100|[from] item: Life Orb\n|\n|upkeep\n|\n|t:|1697762012\n|switch|p2a: Haxorus|Haxorus, F|100\/100\n|-activate|p2a: Haxorus|move: Sticky Web\n|-unboost|p2a: Haxorus|spe|1\n|-ability|p2a: Haxorus|Mold Breaker\n|turn|14\n|\n|t:|1697762157\n|move|p1a: princesa|Draco Meteor|p2a: Haxorus\n|-supereffective|p2a: Haxorus\n|-damage|p2a: Haxorus|0 fnt\n|-unboost|p1a: princesa|spa|2\n|faint|p2a: Haxorus\n|-damage|p1a: princesa|61\/100|[from] item: Life Orb\n|\n|win|HellSinky\n|l|\u2606HellSinky\n|j|\u2606HellSinky\n|player|p1|HellSinky|rr-victini\n","uploadtime":1697762745,"views":10,"p1id":"hellsinky","p2id":"ggc69","formatid":"gen9anythinggoes","rating":0,"private":0,"password":""}