{"id":"radicalred-gen9anythinggoes-535358","p1":"Blank102010","p2":"fucsiada","format":"[Gen 9] Anything Goes","log":"|j|\u2606Blank102010\n|j|\u2606fucsiada\n|t:|1697969336\n|gametype|singles\n|player|p1|Blank102010|rr-drednawmega|\n|player|p2|fucsiada|265|\n|teamsize|p1|6\n|teamsize|p2|6\n|gen|9\n|tier|[Gen 9] Anything Goes\n|rule|HP Percentage Mod: HP is shown in percentages\n|rule|Endless Battle Clause: Forcing endless battles is banned\n|clearpoke\n|poke|p1|Inteleon, M|\n|poke|p1|Drednaw, F|\n|poke|p1|Gyarados, F|\n|poke|p1|Bastiodon, F|\n|poke|p1|Golem, F|\n|poke|p1|Tinkaton, F|\n|poke|p2|Typhlosion-Hisui, M|\n|poke|p2|Klefki, F|\n|poke|p2|Sharpedo, M|\n|poke|p2|Banette, F|\n|poke|p2|Tinkaton, F|\n|poke|p2|Mienshao, F|\n|teampreview\n|j| BauerBob\n|j| don7\n|\n|t:|1697969410\n|start\n|switch|p1a: Inteleon|Inteleon, M, shiny|100\/100\n|switch|p2a: Tinkaton|Tinkaton, F|100\/100\n|-ability|p2a: Tinkaton|Mold Breaker\n|-item|p2a: Tinkaton|Air Balloon\n|turn|1\n|\n|t:|1697969421\n|move|p1a: Inteleon|Snipe Shot|p2a: Tinkaton\n|-crit|p2a: Tinkaton\n|-damage|p2a: Tinkaton|46\/100\n|-enditem|p2a: Tinkaton|Air Balloon\n|move|p2a: Tinkaton|Thunder Wave|p1a: Inteleon\n|-status|p1a: Inteleon|par\n|\n|upkeep\n|turn|2\n|\n|t:|1697969433\n|move|p2a: Tinkaton|Stealth Rock|p1a: Inteleon\n|-sidestart|p1: Blank102010|move: Stealth Rock\n|move|p1a: Inteleon|Snipe Shot|p2a: Tinkaton\n|-crit|p2a: Tinkaton\n|-damage|p2a: Tinkaton|0 fnt\n|faint|p2a: Tinkaton\n|\n|upkeep\n|\n|t:|1697969467\n|switch|p2a: Mienshao|Mienshao, F|100\/100\n|turn|3\n|\n|t:|1697969489\n|switch|p1a: Gyarados|Gyarados, F, shiny|100\/100\n|-ability|p1a: Gyarados|Intimidate|boost\n|-unboost|p2a: Mienshao|atk|1\n|move|p2a: Mienshao|U-turn|p1a: Gyarados\n|-resisted|p1a: Gyarados\n|-damage|p1a: Gyarados|90\/100\n|\n|t:|1697969512\n|switch|p2a: Klefki|Klefki, F|100\/100|[from] U-turn\n|\n|upkeep\n|turn|4\n|\n|t:|1697969521\n|move|p2a: Klefki|Thunder Wave|p1a: Gyarados\n|-status|p1a: Gyarados|par\n|cant|p1a: Gyarados|par\n|\n|upkeep\n|turn|5\n|\n|t:|1697969527\n|move|p2a: Klefki|Spikes|p1a: Gyarados\n|-sidestart|p1: Blank102010|Spikes\n|cant|p1a: Gyarados|par\n|\n|upkeep\n|turn|6\n|j| dghjfysj\n|\n|t:|1697969537\n|move|p2a: Klefki|Spikes|p1a: Gyarados\n|-sidestart|p1: Blank102010|Spikes\n|cant|p1a: Gyarados|par\n|\n|upkeep\n|turn|7\n|\n|t:|1697969560\n|move|p2a: Klefki|Spikes|p1a: Gyarados\n|-sidestart|p1: Blank102010|Spikes\n|cant|p1a: Gyarados|par\n|\n|upkeep\n|turn|8\n|l| dghjfysj\n|\n|t:|1697969566\n|move|p2a: Klefki|Foul Play|p1a: Gyarados\n|-damage|p1a: Gyarados|50\/100 par\n|move|p1a: Gyarados|Earthquake|p2a: Klefki\n|-supereffective|p2a: Klefki\n|-damage|p2a: Klefki|48\/100\n|\n|upkeep\n|turn|9\n|\n|t:|1697969594\n|switch|p2a: Mienshao|Mienshao, F|100\/100\n|move|p1a: Gyarados|Earthquake|p2a: Mienshao\n|-damage|p2a: Mienshao|37\/100\n|\n|upkeep\n|turn|10\n|\n|t:|1697969651\n|switch|p1a: Inteleon|Inteleon, M, shiny|100\/100 par\n|-damage|p1a: Inteleon|76\/100 par|[from] Spikes\n|-damage|p1a: Inteleon|63\/100 par|[from] Stealth Rock\n|move|p2a: Mienshao|Knock Off|p1a: Inteleon\n|-damage|p1a: Inteleon|0 fnt\n|-enditem|p1a: Inteleon|Scope Lens|[from] move: Knock Off|[of] p2a: Mienshao\n|faint|p1a: Inteleon\n|\n|upkeep\n|\n|t:|1697969682\n|switch|p1a: Golem|Golem, F, shiny|100\/100\n|-damage|p1a: Golem|75\/100|[from] Spikes\n|-damage|p1a: Golem|69\/100|[from] Stealth Rock\n|turn|11\n|\n|t:|1697969697\n|move|p2a: Mienshao|Knock Off|p1a: Golem\n|-damage|p1a: Golem|44\/100\n|-enditem|p1a: Golem|Assault Vest|[from] move: Knock Off|[of] p2a: Mienshao\n|move|p1a: Golem|Head Smash|p2a: Mienshao\n|-resisted|p2a: Mienshao\n|-damage|p2a: Mienshao|0 fnt\n|faint|p2a: Mienshao\n|\n|upkeep\n|\n|t:|1697969748\n|switch|p2a: Typhlosion|Typhlosion-Hisui, M|100\/100\n|turn|12\n|\n|t:|1697969763\n|move|p1a: Golem|Sucker Punch|p2a: Typhlosion\n|-supereffective|p2a: Typhlosion\n|-damage|p2a: Typhlosion|47\/100\n|move|p2a: Typhlosion|Eruption|p1a: Golem\n|-resisted|p1a: Golem\n|-damage|p1a: Golem|29\/100\n|\n|upkeep\n|turn|13\n|\n|t:|1697969791\n|switch|p2a: Klefki|Klefki, F|48\/100\n|move|p1a: Golem|Head Smash|p2a: Klefki\n|-resisted|p2a: Klefki\n|-damage|p2a: Klefki|23\/100\n|-damage|p1a: Golem|13\/100|[from] item: Rocky Helmet|[of] p2a: Klefki\n|\n|upkeep\n|turn|14\n|\n|t:|1697969804\n|move|p2a: Klefki|Foul Play|p1a: Golem\n|-damage|p1a: Golem|0 fnt\n|faint|p1a: Golem\n|\n|upkeep\n|\n|t:|1697969816\n|switch|p1a: Gyarados|Gyarados, F, shiny|50\/100 par\n|-ability|p1a: Gyarados|Intimidate|boost\n|-unboost|p2a: Klefki|atk|1\n|turn|15\n|\n|t:|1697969828\n|move|p2a: Klefki|Foul Play|p1a: Gyarados\n|-damage|p1a: Gyarados|12\/100 par\n|move|p1a: Gyarados|Earthquake|p2a: Klefki\n|-supereffective|p2a: Klefki\n|-damage|p2a: Klefki|0 fnt\n|faint|p2a: Klefki\n|\n|upkeep\n|\n|t:|1697969851\n|switch|p2a: Typhlosion|Typhlosion-Hisui, M|47\/100\n|turn|16\n|\n|t:|1697969860\n|move|p2a: Typhlosion|Shadow Ball|p1a: Gyarados\n|-damage|p1a: Gyarados|0 fnt\n|faint|p1a: Gyarados\n|\n|upkeep\n|\n|t:|1697969888\n|switch|p1a: Tinkaton|Tinkaton, F, shiny|100\/100\n|-damage|p1a: Tinkaton|76\/100|[from] Spikes\n|-damage|p1a: Tinkaton|70\/100|[from] Stealth Rock\n|-ability|p1a: Tinkaton|Mold Breaker\n|turn|17\n|\n|t:|1697969904\n|move|p2a: Typhlosion|Shadow Ball|p1a: Tinkaton\n|-damage|p1a: Tinkaton|30\/100\n|move|p1a: Tinkaton|Knock Off|p2a: Typhlosion\n|-supereffective|p2a: Typhlosion\n|-damage|p2a: Typhlosion|0 fnt\n|-enditem|p2a: Typhlosion|Choice Scarf|[from] move: Knock Off|[of] p1a: Tinkaton\n|faint|p2a: Typhlosion\n|\n|upkeep\n|\n|t:|1697969947\n|switch|p2a: Banette|Banette, F|100\/100\n|-item|p1a: Tinkaton|Choice Scarf|[from] ability: Frisk|[of] p2a: Banette|[identify]\n|turn|18\n|\n|t:|1697970023\n|detailschange|p2a: Banette|Banette-Mega, F\n|-mega|p2a: Banette|Banette|Banettite\n|move|p2a: Banette|Shadow Sneak|p1a: Tinkaton\n|-damage|p1a: Tinkaton|0 fnt\n|faint|p1a: Tinkaton\n|\n|upkeep\n|\n|t:|1697970027\n|switch|p1a: Bastiodon|Bastiodon, F, shiny|100\/100\n|-damage|p1a: Bastiodon|94\/100|[from] Stealth Rock\n|-ability|p1a: Bastiodon|Dauntless Shield|boost\n|-boost|p1a: Bastiodon|def|1\n|-item|p1a: Bastiodon|Air Balloon\n|turn|19\n|\n|t:|1697970062\n|move|p2a: Banette|Snatch|p2a: Banette\n|-singleturn|p2a: Banette|Snatch\n|move|p1a: Bastiodon|Toxic|p2a: Banette\n|-status|p2a: Banette|tox\n|\n|-damage|p2a: Banette|94\/100 tox|[from] psn\n|upkeep\n|turn|20\n|c|\u2606Blank102010|!dt snatch\n|raw|<ul class=\"utilichart\"><li class=\"result\"><span class=\"col movenamecol\"><a href=\"https:\/\/dex.radicalred.net\/moves\/snatch\">Snatch<\/a><\/span> <span class=\"col typecol\"><img src=\"\/\/play.radicalred.net\/sprites\/types\/Dark.png\" alt=\"Dark\" width=\"32\" height=\"14\"><img src=\"\/\/play.radicalred.net\/sprites\/categories\/Status.png\" alt=\"Status\" width=\"32\" height=\"14\"><\/span> <span class=\"col widelabelcol\"><em>Accuracy<\/em><br>\u2014<\/span> <span class=\"col pplabelcol\"><em>PP<\/em><br>16<\/span> <span class=\"col movedesccol\">User steals certain support moves to use itself.<\/span> <\/li><li style=\"clear:both\"><\/li><\/ul>\n|raw|<font size=\"1\"><font color=\"#686868\">Priority:<\/font> 4&nbsp;|&ThickSpace;<font color=\"#686868\">Gen:<\/font> 3&nbsp;|&ThickSpace;&#10003; Bypasses Substitutes&nbsp;|&ThickSpace;<font color=\"#686868\">Z-Effect:<\/font>  Speed +2&nbsp;|&ThickSpace;<font color=\"#686868\">Target:<\/font> User&nbsp;|&ThickSpace;<a href=\"https:\/\/dex.radicalred.net\/tags\/nonsnatchable\">Non-Snatchable Moves<\/a><\/font>\n\n|\n|t:|1697970094\n|switch|p2a: Sharpedo|Sharpedo, M|100\/100\n|move|p1a: Bastiodon|Stealth Rock|p2a: Sharpedo\n|-sidestart|p2: fucsiada|move: Stealth Rock\n|\n|upkeep\n|turn|21\n|\n|t:|1697970105\n|move|p2a: Sharpedo|Protect|p2a: Sharpedo\n|-singleturn|p2a: Sharpedo|Protect\n|move|p1a: Bastiodon|Body Press|p2a: Sharpedo\n|-activate|p2a: Sharpedo|move: Protect\n|\n|-ability|p2a: Sharpedo|Speed Boost|boost\n|-boost|p2a: Sharpedo|spe|1\n|upkeep\n|turn|22\n|\n|t:|1697970111\n|move|p2a: Sharpedo|Destiny Bond|p2a: Sharpedo\n|-singlemove|p2a: Sharpedo|Destiny Bond\n|move|p1a: Bastiodon|Body Press|p2a: Sharpedo\n|-supereffective|p2a: Sharpedo\n|-damage|p2a: Sharpedo|0 fnt\n|faint|p2a: Sharpedo\n|-activate|p2a: Sharpedo|move: Destiny Bond\n|faint|p1a: Bastiodon\n|\n|upkeep\n|\n|t:|1697970125\n|switch|p2a: Banette|Banette-Mega, F|94\/100 tox\n|switch|p1a: Drednaw|Drednaw, F, shiny|100\/100\n|-damage|p1a: Drednaw|76\/100|[from] Spikes\n|-damage|p1a: Drednaw|63\/100|[from] Stealth Rock\n|-damage|p2a: Banette|82\/100 tox|[from] Stealth Rock\n|turn|23\n|\n|t:|1697970179\n|detailschange|p1a: Drednaw|Drednaw-Mega, F, shiny\n|-mega|p1a: Drednaw|Drednaw|Drednawite\n|move|p2a: Banette|Snatch|p2a: Banette\n|-singleturn|p2a: Banette|Snatch\n|move|p1a: Drednaw|Aqua Fang|p2a: Banette\n|-crit|p2a: Banette\n|-damage|p2a: Banette|0 fnt\n|faint|p2a: Banette\n|\n|win|Blank102010\n|l| BauerBob\n","uploadtime":1697970239,"views":11,"p1id":"blank102010","p2id":"fucsiada","formatid":"gen9anythinggoes","rating":0,"private":0,"password":""}