{"id":"radicalred-gen9anythinggoes-542895","p1":"TanaTheGreat","p2":"Jowy2150","format":"[Gen 9] Anything Goes","log":"|j|\u2606TanaTheGreat\n|j|\u2606Jowy2150\n|t:|1699221445\n|gametype|singles\n|player|p1|TanaTheGreat|rr-regirock|\n|player|p2|Jowy2150|2|\n|teamsize|p1|6\n|teamsize|p2|6\n|gen|9\n|tier|[Gen 9] Anything Goes\n|rule|HP Percentage Mod: HP is shown in percentages\n|rule|Endless Battle Clause: Forcing endless battles is banned\n|rule|Sleep Clause Mod: Limit one foe put to sleep\n|clearpoke\n|poke|p1|Reuniclus, M|\n|poke|p1|Serperior, M|\n|poke|p1|Gigalith, M|\n|poke|p1|Conkeldurr, M|\n|poke|p1|Hydreigon, F|\n|poke|p1|Excadrill, M|\n|poke|p2|Conkeldurr, M|\n|poke|p2|Galvantula, F|\n|poke|p2|Amoonguss, M|\n|poke|p2|Haxorus, F|\n|poke|p2|Hydreigon, F|\n|poke|p2|Darmanitan, F|\n|teampreview\n|j| zSlowKiller\n|c|\u2606Jowy2150|gl \n|\n|t:|1699221467\n|start\n|switch|p1a: Dwayne|Gigalith, M|100\/100\n|switch|p2a: BlackWolf|Conkeldurr, M, shiny|100\/100\n|-weather|Sandstorm|[from] ability: Sand Stream|[of] p1a: Dwayne\n|turn|1\n|\n|t:|1699221497\n|switch|p1a: El flaco de Alex|Serperior, M|100\/100\n|move|p2a: BlackWolf|Drain Punch|p1a: El flaco de Alex\n|-damage|p1a: El flaco de Alex|54\/100\n|\n|-weather|Sandstorm|[upkeep]\n|-damage|p1a: El flaco de Alex|48\/100|[from] Sandstorm\n|-damage|p2a: BlackWolf|94\/100|[from] Sandstorm\n|-status|p2a: BlackWolf|brn|[from] item: Flame Orb\n|upkeep\n|turn|2\n|\n|t:|1699221511\n|move|p1a: El flaco de Alex|Reflect|p1a: El flaco de Alex\n|-sidestart|p1: TanaTheGreat|Reflect\n|move|p2a: BlackWolf|Fire Punch|p1a: El flaco de Alex\n|-supereffective|p1a: El flaco de Alex\n|-damage|p1a: El flaco de Alex|8\/100\n|\n|-weather|Sandstorm|[upkeep]\n|-damage|p1a: El flaco de Alex|2\/100|[from] Sandstorm\n|-damage|p2a: BlackWolf|88\/100 brn|[from] Sandstorm\n|-damage|p2a: BlackWolf|82\/100 brn|[from] brn\n|upkeep\n|turn|3\n|\n|t:|1699221525\n|switch|p2a: Impostor|Amoonguss, M|100\/100\n|move|p1a: El flaco de Alex|Light Screen|p1a: El flaco de Alex\n|-sidestart|p1: TanaTheGreat|move: Light Screen\n|\n|-weather|Sandstorm|[upkeep]\n|-damage|p1a: El flaco de Alex|0 fnt|[from] Sandstorm\n|-damage|p2a: Impostor|94\/100|[from] Sandstorm\n|faint|p1a: El flaco de Alex\n|-heal|p2a: Impostor|100\/100|[from] item: Black Sludge\n|upkeep\n|\n|t:|1699221537\n|switch|p1a: ceden|Reuniclus, M|100\/100\n|turn|4\n|\n|t:|1699221548\n|switch|p2a: Mbappe|Haxorus, F, shiny|100\/100\n|-ability|p2a: Mbappe|Mold Breaker\n|move|p1a: ceden|Calm Mind|p1a: ceden\n|-boost|p1a: ceden|spa|1\n|-boost|p1a: ceden|spd|1\n|\n|-weather|Sandstorm|[upkeep]\n|-damage|p2a: Mbappe|95\/100|[from] Sandstorm\n|upkeep\n|turn|5\n|\n|t:|1699221569\n|move|p2a: Mbappe|Earthquake|p1a: ceden\n|-damage|p1a: ceden|76\/100\n|move|p1a: ceden|Calm Mind|p1a: ceden\n|-boost|p1a: ceden|spa|1\n|-boost|p1a: ceden|spd|1\n|\n|-weather|Sandstorm|[upkeep]\n|-damage|p2a: Mbappe|89\/100|[from] Sandstorm\n|upkeep\n|turn|6\n|\n|t:|1699221581\n|switch|p2a: Lewandowski|Hydreigon, F, shiny|100\/100\n|move|p1a: ceden|Recover|p1a: ceden\n|-heal|p1a: ceden|100\/100\n|\n|-weather|Sandstorm|[upkeep]\n|-damage|p2a: Lewandowski|94\/100|[from] Sandstorm\n|upkeep\n|turn|7\n|\n|t:|1699221590\n|move|p2a: Lewandowski|Dark Hole|p1a: ceden\n|-supereffective|p1a: ceden\n|-damage|p1a: ceden|78\/100\n|-status|p1a: ceden|slp|[from] move: Dark Hole\n|cant|p1a: ceden|slp\n|\n|-weather|Sandstorm|[upkeep]\n|-damage|p2a: Lewandowski|88\/100|[from] Sandstorm\n|upkeep\n|turn|8\n|inactive|Battle timer is ON: inactive players will automatically lose when time's up. (requested by TanaTheGreat)\n|inactive|Jowy2150 has 270 seconds left.\n|\n|t:|1699221646\n|switch|p1a: Auronplay|Conkeldurr, M|100\/100\n|move|p2a: Lewandowski|Dark Hole|p1a: Auronplay\n|-resisted|p1a: Auronplay\n|-damage|p1a: Auronplay|88\/100\n|\n|-weather|none\n|-status|p1a: Auronplay|brn|[from] item: Flame Orb\n|upkeep\n|turn|9\n|j| ElBau1129\n|\n|t:|1699221666\n|switch|p2a: Impostor|Amoonguss, M|100\/100\n|move|p1a: Auronplay|Drain Punch|p2a: Impostor\n|-resisted|p2a: Impostor\n|-damage|p2a: Impostor|70\/100\n|-heal|p1a: Auronplay|100\/100 brn|[from] drain|[of] p2a: Impostor\n|\n|-heal|p2a: Impostor|76\/100|[from] item: Black Sludge\n|-damage|p1a: Auronplay|95\/100 brn|[from] brn\n|-sideend|p1: TanaTheGreat|Reflect\n|upkeep\n|turn|10\n|\n|t:|1699221680\n|move|p1a: Auronplay|Facade|p2a: Impostor\n|-damage|p2a: Impostor|0 fnt\n|faint|p2a: Impostor\n|\n|-damage|p1a: Auronplay|89\/100 brn|[from] brn\n|-sideend|p1: TanaTheGreat|move: Light Screen\n|upkeep\n|\n|t:|1699221686\n|switch|p2a: BlackWolf|Conkeldurr, M, shiny|82\/100 brn\n|turn|11\n|\n|t:|1699221694\n|move|p1a: Auronplay|Drain Punch|p2a: BlackWolf\n|-damage|p2a: BlackWolf|33\/100 brn\n|-heal|p1a: Auronplay|100\/100 brn|[from] drain|[of] p2a: BlackWolf\n|move|p2a: BlackWolf|Facade|p1a: Auronplay\n|-damage|p1a: Auronplay|20\/100 brn\n|\n|-damage|p1a: Auronplay|14\/100 brn|[from] brn\n|-damage|p2a: BlackWolf|27\/100 brn|[from] brn\n|upkeep\n|turn|12\n|\n|t:|1699221704\n|move|p1a: Auronplay|Drain Punch|p2a: BlackWolf\n|-damage|p2a: BlackWolf|0 fnt\n|-heal|p1a: Auronplay|30\/100 brn|[from] drain|[of] p2a: BlackWolf\n|faint|p2a: BlackWolf\n|\n|-damage|p1a: Auronplay|24\/100 brn|[from] brn\n|upkeep\n|\n|t:|1699221711\n|switch|p2a: Juli\u00e1n \u00c1lvarez|Galvantula, F|100\/100\n|turn|13\n|\n|t:|1699221716\n|move|p1a: Auronplay|Mach Punch|p2a: Juli\u00e1n \u00c1lvarez\n|-resisted|p2a: Juli\u00e1n \u00c1lvarez\n|-damage|p2a: Juli\u00e1n \u00c1lvarez|71\/100\n|move|p2a: Juli\u00e1n \u00c1lvarez|Sticky Web|p1a: Auronplay\n|-sidestart|p1: TanaTheGreat|move: Sticky Web\n|\n|-damage|p1a: Auronplay|18\/100 brn|[from] brn\n|upkeep\n|turn|14\n|\n|t:|1699221724\n|move|p1a: Auronplay|Mach Punch|p2a: Juli\u00e1n \u00c1lvarez\n|-resisted|p2a: Juli\u00e1n \u00c1lvarez\n|-damage|p2a: Juli\u00e1n \u00c1lvarez|38\/100\n|move|p2a: Juli\u00e1n \u00c1lvarez|Bug Buzz|p1a: Auronplay\n|-resisted|p1a: Auronplay\n|-damage|p1a: Auronplay|0 fnt\n|faint|p1a: Auronplay\n|\n|upkeep\n|\n|t:|1699221731\n|switch|p1a: Dwayne|Gigalith, M|100\/100\n|-activate|p1a: Dwayne|move: Sticky Web\n|-unboost|p1a: Dwayne|spe|1\n|-weather|Sandstorm|[from] ability: Sand Stream|[of] p1a: Dwayne\n|turn|15\n|\n|t:|1699221744\n|switch|p2a: Mbappe|Haxorus, F, shiny|89\/100\n|-ability|p2a: Mbappe|Mold Breaker\n|move|p1a: Dwayne|Stone Edge|p2a: Mbappe\n|-damage|p2a: Mbappe|30\/100\n|\n|-weather|Sandstorm|[upkeep]\n|-damage|p2a: Mbappe|24\/100|[from] Sandstorm\n|upkeep\n|turn|16\n|j| BraxGrifRow\n|\n|t:|1699221757\n|switch|p1a: ceden|Reuniclus, M|78\/100 slp\n|-activate|p1a: ceden|move: Sticky Web\n|-unboost|p1a: ceden|spe|1\n|move|p2a: Mbappe|Brick Break|p1a: ceden\n|-resisted|p1a: ceden\n|-damage|p1a: ceden|58\/100 slp\n|\n|-weather|Sandstorm|[upkeep]\n|-damage|p2a: Mbappe|18\/100|[from] Sandstorm\n|upkeep\n|turn|17\n|\n|t:|1699221769\n|switch|p2a: Lewandowski|Hydreigon, F, shiny|88\/100\n|-curestatus|p1a: ceden|slp|[msg]\n|move|p1a: ceden|Recover|p1a: ceden\n|-heal|p1a: ceden|100\/100\n|\n|-weather|Sandstorm|[upkeep]\n|-damage|p2a: Lewandowski|82\/100|[from] Sandstorm\n|upkeep\n|turn|18\n|\n|t:|1699221778\n|move|p2a: Lewandowski|Dark Hole|p1a: ceden\n|-supereffective|p1a: ceden\n|-damage|p1a: ceden|20\/100\n|move|p1a: ceden|Focus Blast|p2a: Lewandowski|[miss]\n|-miss|p1a: ceden|p2a: Lewandowski\n|\n|-weather|Sandstorm|[upkeep]\n|-damage|p2a: Lewandowski|76\/100|[from] Sandstorm\n|upkeep\n|turn|19\n|\n|t:|1699221786\n|move|p2a: Lewandowski|Dark Hole|p1a: ceden\n|-supereffective|p1a: ceden\n|-damage|p1a: ceden|0 fnt\n|faint|p1a: ceden\n|\n|-weather|Sandstorm|[upkeep]\n|-damage|p2a: Lewandowski|70\/100|[from] Sandstorm\n|upkeep\n|\n|t:|1699221793\n|switch|p1a: La \u00c9lite|Hydreigon, F|100\/100\n|turn|20\n|c|\u2606Jowy2150|menud suerte tuve ahora xd\n|\n|t:|1699221805\n|move|p1a: La \u00c9lite|Draco Meteor|p2a: Lewandowski\n|-supereffective|p2a: Lewandowski\n|-damage|p2a: Lewandowski|0 fnt\n|-unboost|p1a: La \u00c9lite|spa|2\n|faint|p2a: Lewandowski\n|\n|-weather|Sandstorm|[upkeep]\n|-damage|p1a: La \u00c9lite|94\/100|[from] Sandstorm\n|upkeep\n|c|\u2606Jowy2150|pero igual gg\n|\n|t:|1699221815\n|switch|p2a: Mbappe|Haxorus, F, shiny|18\/100\n|-ability|p2a: Mbappe|Mold Breaker\n|turn|21\n|\n|t:|1699221819\n|move|p1a: La \u00c9lite|Draco Meteor|p2a: Mbappe\n|-supereffective|p2a: Mbappe\n|-damage|p2a: Mbappe|0 fnt\n|-unboost|p1a: La \u00c9lite|spa|2\n|faint|p2a: Mbappe\n|\n|-weather|Sandstorm|[upkeep]\n|-damage|p1a: La \u00c9lite|88\/100|[from] Sandstorm\n|upkeep\n|\n|t:|1699221827\n|switch|p2a: Darex|Darmanitan, F|100\/100\n|turn|22\n|\n|t:|1699221842\n|switch|p1a: Clay|Excadrill, M|100\/100\n|-item|p1a: Clay|Air Balloon\n|move|p2a: Darex|Zen Headbutt|p1a: Clay\n|-resisted|p1a: Clay\n|-damage|p1a: Clay|74\/100\n|-enditem|p1a: Clay|Air Balloon\n|\n|-weather|none\n|upkeep\n|turn|23\n|\n|t:|1699221854\n|move|p2a: Darex|Zen Headbutt|p1a: Clay\n|-resisted|p1a: Clay\n|-damage|p1a: Clay|47\/100\n|move|p1a: Clay|Earthquake|p2a: Darex\n|-supereffective|p2a: Darex\n|-damage|p2a: Darex|0 fnt\n|faint|p2a: Darex\n|\n|upkeep\n|c|\u2606Jowy2150|gg\n|c|\u2606TanaTheGreat|ggwp\n|l| zSlowKiller\n|c|\u2606Jowy2150|suerte en la siguiente fase\n|\n|t:|1699221873\n|switch|p2a: Juli\u00e1n \u00c1lvarez|Galvantula, F|38\/100\n|turn|24\n|c|\u2606TanaTheGreat|igualmente!\n|\n|t:|1699221878\n|move|p2a: Juli\u00e1n \u00c1lvarez|Bug Buzz|p1a: Clay\n|-resisted|p1a: Clay\n|-damage|p1a: Clay|21\/100\n|move|p1a: Clay|Earthquake|p2a: Juli\u00e1n \u00c1lvarez\n|-damage|p2a: Juli\u00e1n \u00c1lvarez|0 fnt\n|faint|p2a: Juli\u00e1n \u00c1lvarez\n|\n|win|TanaTheGreat\n|c|\u2606TanaTheGreat|xd\n|c|\u2606TanaTheGreat|bueno\n|c| ElBau1129|GGs\n|c|\u2606TanaTheGreat|suerte en la vida! XD\n","uploadtime":1699221894,"views":2,"p1id":"tanathegreat","p2id":"jowy2150","formatid":"gen9anythinggoes","rating":0,"private":0,"password":""}