{"id":"radicalred-gen9anythinggoes-545590","p1":"Storm_WaterTime","p2":"owless","format":"[Gen 9] Anything Goes","log":"|j|\u2606Storm_WaterTime\n|j|\u2606owless\n|t:|1699820073\n|gametype|singles\n|player|p1|Storm_WaterTime|rr-infernape|\n|player|p2|owless|rr-qwilfishhisui|\n|teamsize|p1|6\n|teamsize|p2|6\n|gen|9\n|tier|[Gen 9] Anything Goes\n|rule|HP Percentage Mod: HP is shown in percentages\n|rule|Endless Battle Clause: Forcing endless battles is banned\n|rule|Sleep Clause Mod: Limit one foe put to sleep\n|clearpoke\n|poke|p1|Ferrothorn, M|\n|poke|p1|Cinccino, F|\n|poke|p1|Volcarona, F|\n|poke|p1|Excadrill, M|\n|poke|p1|Hydreigon, M|\n|poke|p1|Gigalith, M|\n|poke|p2|Hydreigon, M|\n|poke|p2|Samurott, F|\n|poke|p2|Gigalith, M|\n|poke|p2|Chandelure, F|\n|poke|p2|Whimsicott, M|\n|poke|p2|Genesect|\n|teampreview\n|\n|t:|1699820084\n|start\n|switch|p1a: Ferrothorn|Ferrothorn, M|100\/100\n|switch|p2a: Macarrones|Chandelure, F|100\/100\n|turn|1\n|\n|t:|1699820091\n|move|p1a: Ferrothorn|Protect|p1a: Ferrothorn\n|-singleturn|p1a: Ferrothorn|Protect\n|move|p2a: Macarrones|Flamethrower|p1a: Ferrothorn\n|-activate|p1a: Ferrothorn|move: Protect\n|\n|upkeep\n|turn|2\n|\n|t:|1699820108\n|switch|p1a: Gigalith|Gigalith, M|100\/100\n|-weather|Sandstorm|[from] ability: Sand Stream|[of] p1a: Gigalith\n|move|p2a: Macarrones|Flamethrower|p1a: Gigalith\n|-resisted|p1a: Gigalith\n|-damage|p1a: Gigalith|72\/100\n|\n|-weather|Sandstorm|[upkeep]\n|-damage|p2a: Macarrones|94\/100|[from] Sandstorm\n|upkeep\n|turn|3\n|\n|t:|1699820129\n|switch|p2a: Kanelone|Gigalith, M, shiny|100\/100\n|move|p1a: Gigalith|Earthquake|p2a: Kanelone\n|-supereffective|p2a: Kanelone\n|-damage|p2a: Kanelone|58\/100\n|\n|-weather|Sandstorm|[upkeep]\n|upkeep\n|turn|4\n|j| drakig\n|\n|t:|1699820171\n|switch|p1a: Hydreigon|Hydreigon, M|100\/100\n|move|p2a: Kanelone|Stealth Rock|p1a: Hydreigon\n|-sidestart|p1: Storm_WaterTime|move: Stealth Rock\n|\n|-weather|Sandstorm|[upkeep]\n|-damage|p1a: Hydreigon|94\/100|[from] Sandstorm\n|upkeep\n|turn|5\n|\n|t:|1699820204\n|move|p1a: Hydreigon|Dark Hole|p2a: Kanelone\n|-damage|p2a: Kanelone|7\/100\n|-status|p2a: Kanelone|slp|[from] move: Dark Hole\n|-damage|p1a: Hydreigon|84\/100|[from] item: Life Orb\n|cant|p2a: Kanelone|slp\n|\n|-weather|Sandstorm|[upkeep]\n|-damage|p1a: Hydreigon|78\/100|[from] Sandstorm\n|upkeep\n|turn|6\n|\n|t:|1699820247\n|switch|p2a: Spaghetti|Whimsicott, M, shiny|100\/100\n|move|p1a: Hydreigon|Defog|p2a: Spaghetti\n|-unboost|p2a: Spaghetti|evasion|1\n|-sideend|p1: Storm_WaterTime|Stealth Rock|[from] move: Defog|[of] p1a: Hydreigon\n|\n|-weather|Sandstorm|[upkeep]\n|-damage|p2a: Spaghetti|94\/100|[from] Sandstorm\n|-damage|p1a: Hydreigon|72\/100|[from] Sandstorm\n|upkeep\n|turn|7\n|\n|t:|1699820261\n|switch|p1a: Ferrothorn|Ferrothorn, M|100\/100\n|move|p2a: Spaghetti|Moonblast|p1a: Ferrothorn\n|-resisted|p1a: Ferrothorn\n|-damage|p1a: Ferrothorn|90\/100\n|\n|-weather|Sandstorm|[upkeep]\n|-damage|p2a: Spaghetti|88\/100|[from] Sandstorm\n|upkeep\n|turn|8\n|\n|t:|1699820267\n|switch|p2a: Macarrones|Chandelure, F|94\/100\n|move|p1a: Ferrothorn|Gyro Ball|p2a: Macarrones\n|-resisted|p2a: Macarrones\n|-damage|p2a: Macarrones|59\/100\n|\n|-weather|Sandstorm|[upkeep]\n|-damage|p2a: Macarrones|53\/100|[from] Sandstorm\n|upkeep\n|turn|9\n|j| Litrowo\n|\n|t:|1699820281\n|move|p1a: Ferrothorn|Protect|p1a: Ferrothorn\n|-singleturn|p1a: Ferrothorn|Protect\n|move|p2a: Macarrones|Overheat|p1a: Ferrothorn\n|-activate|p1a: Ferrothorn|move: Protect\n|\n|-weather|none\n|upkeep\n|turn|10\n|\n|t:|1699820285\n|switch|p2a: Tortellini|Genesect|100\/100\n|-ability|p2a: Tortellini|Download|boost\n|-boost|p2a: Tortellini|spa|1\n|switch|p1a: Gigalith|Gigalith, M|72\/100\n|-weather|Sandstorm|[from] ability: Sand Stream|[of] p1a: Gigalith\n|\n|-weather|Sandstorm|[upkeep]\n|upkeep\n|turn|11\n|j| PatoPatito08\n|\n|t:|1699820314\n|move|p2a: Tortellini|Iron Head|p1a: Gigalith\n|-supereffective|p1a: Gigalith\n|-damage|p1a: Gigalith|19\/100\n|move|p1a: Gigalith|Stone Edge|p2a: Tortellini\n|-damage|p2a: Tortellini|16\/100\n|\n|-weather|Sandstorm|[upkeep]\n|upkeep\n|turn|12\n|c| Litrowo|tortellini mi papa\n|\n|t:|1699820336\n|switch|p2a: Macarrones|Chandelure, F|53\/100\n|switch|p1a: Ferrothorn|Ferrothorn, M|90\/100\n|\n|-weather|Sandstorm|[upkeep]\n|-damage|p2a: Macarrones|47\/100|[from] Sandstorm\n|upkeep\n|turn|13\n|j| Asher96\n|\n|t:|1699820354\n|switch|p2a: Raviolis|Hydreigon, M|100\/100\n|move|p1a: Ferrothorn|Protect||[still]\n|-fail|p1a: Ferrothorn\n|\n|-weather|Sandstorm|[upkeep]\n|-damage|p2a: Raviolis|94\/100|[from] Sandstorm\n|upkeep\n|turn|14\n|\n|t:|1699820361\n|move|p1a: Ferrothorn|Protect|p1a: Ferrothorn\n|-singleturn|p1a: Ferrothorn|Protect\n|move|p2a: Raviolis|Flamethrower|p1a: Ferrothorn\n|-activate|p1a: Ferrothorn|move: Protect\n|\n|-weather|Sandstorm|[upkeep]\n|-damage|p2a: Raviolis|88\/100|[from] Sandstorm\n|upkeep\n|turn|15\n|j| PIPO PERO MEJOR 3\n|c| PIPO PERO MEJOR 3|DAME UNA O\n|c| PIPO PERO MEJOR 3|AMIGOS\n|\n|t:|1699820374\n|switch|p1a: M|Volcarona, F|100\/100\n|move|p2a: Raviolis|Dark Hole|p1a: M\n|-damage|p1a: M|25\/100\n|-damage|p2a: Raviolis|78\/100|[from] item: Life Orb\n|\n|-weather|Sandstorm|[upkeep]\n|-damage|p1a: M|19\/100|[from] Sandstorm\n|-damage|p2a: Raviolis|72\/100|[from] Sandstorm\n|upkeep\n|turn|16\n|c| PIPO PERO MEJOR 3|DENME UNA O\n|c| PIPO PERO MEJOR 3|DENME UNA W\n|c| PIPO PERO MEJOR 3|DENME UNA L\n|c| PIPO PERO MEJOR 3|DENME UNA E\n|\n|t:|1699820385\n|switch|p2a: Fussili|Samurott, F|100\/100\n|move|p1a: M|Bug Buzz|p2a: Fussili\n|-resisted|p2a: Fussili\n|-damage|p2a: Fussili|79\/100\n|\n|-weather|Sandstorm|[upkeep]\n|-damage|p1a: M|13\/100|[from] Sandstorm\n|upkeep\n|turn|17\n|c| PIPO PERO MEJOR 3|DENME UNA S\n|c| PIPO PERO MEJOR 3|DENME OTRA S\n|c| PIPO PERO MEJOR 3|ESO QUE DA\n|c| PIPO PERO MEJOR 3|OWLESS\n|\n|t:|1699820395\n|switch|p1a: Ferrothorn|Ferrothorn, M|90\/100\n|move|p2a: Fussili|Sacred Sword|p1a: Ferrothorn\n|-supereffective|p1a: Ferrothorn\n|-damage|p1a: Ferrothorn|38\/100\n|-damage|p2a: Fussili|66\/100|[from] ability: Iron Barbs|[of] p1a: Ferrothorn\n|-damage|p2a: Fussili|50\/100|[from] item: Rocky Helmet|[of] p1a: Ferrothorn\n|\n|-weather|none\n|upkeep\n|turn|18\n|c| PIPO PERO MEJOR 3|VAMOS OWLESS\n|\n|t:|1699820405\n|move|p1a: Ferrothorn|Protect|p1a: Ferrothorn\n|-singleturn|p1a: Ferrothorn|Protect\n|move|p2a: Fussili|Sacred Sword|p1a: Ferrothorn\n|-activate|p1a: Ferrothorn|move: Protect\n|\n|upkeep\n|turn|19\n|\n|t:|1699820452\n|switch|p1a: M|Volcarona, F|13\/100\n|move|p2a: Fussili|Sacred Sword|p1a: M\n|-resisted|p1a: M\n|-damage|p1a: M|0 fnt\n|faint|p1a: M\n|\n|upkeep\n|\n|t:|1699820453\n|switch|p1a: Gigalith|Gigalith, M|19\/100\n|-weather|Sandstorm|[from] ability: Sand Stream|[of] p1a: Gigalith\n|turn|20\n|\n|t:|1699820462\n|move|p2a: Fussili|Sacred Sword|p1a: Gigalith\n|-supereffective|p1a: Gigalith\n|-damage|p1a: Gigalith|0 fnt\n|faint|p1a: Gigalith\n|\n|-weather|Sandstorm|[upkeep]\n|upkeep\n|\n|t:|1699820466\n|switch|p1a: Excadrill|Excadrill, M|100\/100\n|turn|21\n|j| Heidhall\n|\n|t:|1699820495\n|move|p2a: Fussili|Aqua Jet|p1a: Excadrill\n|-supereffective|p1a: Excadrill\n|-damage|p1a: Excadrill|42\/100\n|move|p1a: Excadrill|Earthquake|p2a: Fussili\n|-supereffective|p2a: Fussili\n|-damage|p2a: Fussili|0 fnt\n|faint|p2a: Fussili\n|\n|-weather|Sandstorm|[upkeep]\n|upkeep\n|\n|t:|1699820509\n|switch|p2a: Raviolis|Hydreigon, M|72\/100\n|turn|22\n|l| Asher96\n|\n|t:|1699820548\n|move|p1a: Excadrill|Iron Head|p2a: Raviolis\n|-damage|p2a: Raviolis|14\/100\n|move|p2a: Raviolis|Dark Hole|p1a: Excadrill\n|-damage|p1a: Excadrill|0 fnt\n|faint|p1a: Excadrill\n|-damage|p2a: Raviolis|4\/100|[from] item: Life Orb\n|\n|-weather|Sandstorm|[upkeep]\n|-damage|p2a: Raviolis|0 fnt|[from] Sandstorm\n|faint|p2a: Raviolis\n|upkeep\n|\n|t:|1699820574\n|switch|p2a: Tortellini|Genesect|16\/100\n|switch|p1a: Ferrothorn|Ferrothorn, M|38\/100\n|-ability|p2a: Tortellini|Download|boost\n|-boost|p2a: Tortellini|spa|1\n|turn|23\n|\n|t:|1699820590\n|switch|p2a: Spaghetti|Whimsicott, M, shiny|88\/100\n|move|p1a: Ferrothorn|Protect||[still]\n|-fail|p1a: Ferrothorn\n|\n|-weather|Sandstorm|[upkeep]\n|-damage|p2a: Spaghetti|82\/100|[from] Sandstorm\n|upkeep\n|turn|24\n|\n|t:|1699820593\n|move|p2a: Spaghetti|Encore|p1a: Ferrothorn\n|-start|p1a: Ferrothorn|Encore\n|move|p1a: Ferrothorn|Protect||[still]\n|-fail|p1a: Ferrothorn\n|\n|-weather|Sandstorm|[upkeep]\n|-damage|p2a: Spaghetti|76\/100|[from] Sandstorm\n|upkeep\n|turn|25\n|\n|t:|1699820602\n|move|p1a: Ferrothorn|Protect|p1a: Ferrothorn\n|-singleturn|p1a: Ferrothorn|Protect\n|move|p2a: Spaghetti|Taunt|p1a: Ferrothorn\n|-activate|p1a: Ferrothorn|move: Protect\n|\n|-weather|Sandstorm|[upkeep]\n|-damage|p2a: Spaghetti|70\/100|[from] Sandstorm\n|upkeep\n|turn|26\n|\n|t:|1699820606\n|move|p1a: Ferrothorn|Protect||[still]\n|-fail|p1a: Ferrothorn\n|move|p2a: Spaghetti|Taunt|p1a: Ferrothorn\n|-start|p1a: Ferrothorn|move: Taunt\n|\n|-weather|Sandstorm|[upkeep]\n|-damage|p2a: Spaghetti|63\/100|[from] Sandstorm\n|-end|p1a: Ferrothorn|Encore\n|upkeep\n|turn|27\n|\n|t:|1699820610\n|move|p2a: Spaghetti|Encore|p1a: Ferrothorn\n|-start|p1a: Ferrothorn|Encore\n|cant|p1a: Ferrothorn|move: Taunt|Protect\n|\n|-weather|none\n|upkeep\n|turn|28\n|\n|t:|1699820614\n|switch|p1a: ciicino wey|Cinccino, F, shiny|100\/100\n|move|p2a: Spaghetti|Moonblast|p1a: ciicino wey\n|-damage|p1a: ciicino wey|54\/100\n|\n|upkeep\n|turn|29\n|\n|t:|1699820627\n|switch|p2a: Kanelone|Gigalith, M, shiny|7\/100 slp\n|switch|p1a: Ferrothorn|Ferrothorn, M|38\/100\n|\n|upkeep\n|turn|30\n|\n|t:|1699820640\n|cant|p2a: Kanelone|slp\n|move|p1a: Ferrothorn|Gyro Ball|p2a: Kanelone\n|-supereffective|p2a: Kanelone\n|-damage|p2a: Kanelone|0 fnt\n|-damage|p1a: Ferrothorn|21\/100|[from] item: Rocky Helmet|[of] p2a: Kanelone\n|faint|p2a: Kanelone\n|\n|upkeep\n|\n|t:|1699820656\n|switch|p2a: Macarrones|Chandelure, F|47\/100\n|turn|31\n|\n|t:|1699820660\n|move|p1a: Ferrothorn|Protect|p1a: Ferrothorn\n|-singleturn|p1a: Ferrothorn|Protect\n|move|p2a: Macarrones|Flamethrower|p1a: Ferrothorn\n|-activate|p1a: Ferrothorn|move: Protect\n|\n|upkeep\n|turn|32\n|\n|t:|1699820666\n|switch|p1a: Hydreigon|Hydreigon, M|72\/100\n|move|p2a: Macarrones|Flamethrower|p1a: Hydreigon\n|-resisted|p1a: Hydreigon\n|-damage|p1a: Hydreigon|28\/100\n|\n|upkeep\n|turn|33\n|\n|t:|1699820677\n|move|p1a: Hydreigon|Dark Hole|p2a: Macarrones\n|-supereffective|p2a: Macarrones\n|-damage|p2a: Macarrones|0 fnt\n|faint|p2a: Macarrones\n|-damage|p1a: Hydreigon|18\/100|[from] item: Life Orb\n|\n|upkeep\n|\n|t:|1699820681\n|switch|p2a: Spaghetti|Whimsicott, M, shiny|63\/100\n|turn|34\n|\n|t:|1699820683\n|move|p2a: Spaghetti|Moonblast|p1a: Hydreigon\n|-supereffective|p1a: Hydreigon\n|-damage|p1a: Hydreigon|0 fnt\n|faint|p1a: Hydreigon\n|\n|upkeep\n|\n|t:|1699820684\n|switch|p1a: Ferrothorn|Ferrothorn, M|21\/100\n|turn|35\n|\n|t:|1699820689\n|move|p2a: Spaghetti|Moonblast|p1a: Ferrothorn\n|-resisted|p1a: Ferrothorn\n|-damage|p1a: Ferrothorn|11\/100\n|-unboost|p1a: Ferrothorn|spa|1\n|move|p1a: Ferrothorn|Gyro Ball|p2a: Spaghetti\n|-supereffective|p2a: Spaghetti\n|-damage|p2a: Spaghetti|0 fnt\n|faint|p2a: Spaghetti\n|\n|upkeep\n|\n|t:|1699820696\n|switch|p2a: Tortellini|Genesect|16\/100\n|-ability|p2a: Tortellini|Download|boost\n|-boost|p2a: Tortellini|spa|1\n|turn|36\n|\n|t:|1699820699\n|move|p1a: Ferrothorn|Protect|p1a: Ferrothorn\n|-singleturn|p1a: Ferrothorn|Protect\n|move|p2a: Tortellini|Flamethrower|p1a: Ferrothorn\n|-activate|p1a: Ferrothorn|move: Protect\n|\n|upkeep\n|turn|37\n|\n|t:|1699820701\n|move|p2a: Tortellini|Flamethrower|p1a: Ferrothorn\n|-supereffective|p1a: Ferrothorn\n|-damage|p1a: Ferrothorn|0 fnt\n|faint|p1a: Ferrothorn\n|\n|upkeep\n|\n|t:|1699820702\n|switch|p1a: ciicino wey|Cinccino, F, shiny|54\/100\n|turn|38\n|\n|t:|1699820703\n|move|p2a: Tortellini|Flamethrower|p1a: ciicino wey\n|-damage|p1a: ciicino wey|0 fnt\n|faint|p1a: ciicino wey\n|\n|win|owless\n|c|\u2606Storm_WaterTime|gg\n|c| PatoPatito08|ggggg\n|c| Litrowo|YO DIJE QUE TORTELLINI MI PAPA\n","uploadtime":1699820708,"views":8,"p1id":"stormwatertime","p2id":"owless","formatid":"gen9anythinggoes","rating":0,"private":0,"password":""}