{"id":"radicalred-gen9anythinggoes-544880","p1":"ToxicTD","p2":"TheNormalGym123","format":"[Gen 9] Anything Goes","log":"|j|\u2606ToxicTD\n|j|\u2606TheNormalGym123\n|t:|1699660597\n|gametype|singles\n|player|p1|ToxicTD|102|\n|player|p2|TheNormalGym123|rr-beedrillmega|\n|teamsize|p1|6\n|teamsize|p2|6\n|gen|9\n|tier|[Gen 9] Anything Goes\n|rule|HP Percentage Mod: HP is shown in percentages\n|rule|Endless Battle Clause: Forcing endless battles is banned\n|clearpoke\n|poke|p1|Dusknoir, F|\n|poke|p1|Venusaur, F|\n|poke|p1|Veluza, F|\n|poke|p1|Volcarona, F|\n|poke|p1|Walking Wake|\n|poke|p1|Clefable, F|\n|poke|p2|Smeargle, M|\n|poke|p2|Pidgeot, M|\n|poke|p2|Emboar, M|\n|poke|p2|Chi-Yu|\n|poke|p2|Kyurem|\n|poke|p2|Delibird, F|\n|teampreview\n|\n|t:|1699660605\n|start\n|switch|p1a: Clefable|Clefable, F|100\/100\n|switch|p2a: Smeargle|Smeargle, M|100\/100\n|turn|1\n|\n|t:|1699660612\n|move|p2a: Smeargle|Spore|p1a: Clefable\n|-status|p1a: Clefable|slp|[from] move: Spore\n|cant|p1a: Clefable|slp\n|\n|upkeep\n|turn|2\n|\n|t:|1699660620\n|move|p2a: Smeargle|Sticky Web|p1a: Clefable\n|-sidestart|p1: ToxicTD|move: Sticky Web\n|cant|p1a: Clefable|slp\n|\n|upkeep\n|turn|3\n|\n|t:|1699660630\n|switch|p2a: Emboar|Emboar, M|100\/100\n|switch|p1a: Veluza|Veluza, F|100\/100\n|-activate|p1a: Veluza|move: Sticky Web\n|-unboost|p1a: Veluza|spe|1\n|\n|upkeep\n|turn|4\n|\n|t:|1699660643\n|switch|p2a: Smeargle|Smeargle, M|100\/100\n|move|p1a: Veluza|Fillet Away|p1a: Veluza\n|-boost|p1a: Veluza|atk|2\n|-boost|p1a: Veluza|spa|2\n|-boost|p1a: Veluza|spe|2\n|-damage|p1a: Veluza|51\/100\n|\n|upkeep\n|turn|5\n|\n|t:|1699660654\n|move|p2a: Smeargle|Spore|p1a: Veluza\n|-status|p1a: Veluza|slp|[from] move: Spore\n|cant|p1a: Veluza|slp\n|\n|upkeep\n|turn|6\n|\n|t:|1699660660\n|move|p2a: Smeargle|Ceaseless Edge|p1a: Veluza\n|-supereffective|p1a: Veluza\n|-crit|p1a: Veluza\n|-damage|p1a: Veluza|32\/100 slp\n|-sidestart|p1: ToxicTD|Spikes\n|-enditem|p1a: Veluza|Sitrus Berry|[eat]\n|-heal|p1a: Veluza|57\/100 slp|[from] item: Sitrus Berry\n|-curestatus|p1a: Veluza|slp|[msg]\n|move|p1a: Veluza|Aqua Cutter|p2a: Smeargle\n|-enditem|p2a: Smeargle|Focus Sash\n|-damage|p2a: Smeargle|1\/100\n|\n|upkeep\n|turn|7\n|\n|t:|1699660672\n|move|p2a: Smeargle|Spore|p1a: Veluza\n|-status|p1a: Veluza|slp|[from] move: Spore\n|cant|p1a: Veluza|slp\n|\n|upkeep\n|turn|8\n|\n|t:|1699660685\n|switch|p2a: Chi-Yu|Chi-Yu|100\/100\n|-ability|p2a: Chi-Yu|Beads of Ruin\n|cant|p1a: Veluza|slp\n|\n|upkeep\n|turn|9\n|\n|t:|1699660691\n|move|p2a: Chi-Yu|Dark Hole|p1a: Veluza\n|-supereffective|p1a: Veluza\n|-damage|p1a: Veluza|0 fnt\n|faint|p1a: Veluza\n|\n|upkeep\n|\n|t:|1699660697\n|switch|p1a: Dusknoir|Dusknoir, F|100\/100\n|-activate|p1a: Dusknoir|move: Sticky Web\n|-unboost|p1a: Dusknoir|spe|1\n|-damage|p1a: Dusknoir|88\/100|[from] Spikes\n|turn|10\n|\n|t:|1699660707\n|move|p2a: Chi-Yu|Dark Hole|p1a: Dusknoir\n|-supereffective|p1a: Dusknoir\n|-damage|p1a: Dusknoir|0 fnt\n|faint|p1a: Dusknoir\n|\n|upkeep\n|\n|t:|1699660716\n|switch|p1a: Volcarona|Volcarona, F|100\/100\n|-damage|p1a: Volcarona|88\/100|[from] Spikes\n|-activate|p1a: Volcarona|move: Sticky Web\n|-unboost|p1a: Volcarona|spe|1\n|turn|11\n|\n|t:|1699660722\n|move|p2a: Chi-Yu|Dark Hole|p1a: Volcarona\n|-damage|p1a: Volcarona|0 fnt\n|faint|p1a: Volcarona\n|\n|upkeep\n|\n|t:|1699660726\n|switch|p1a: Venusaur|Venusaur, F|100\/100\n|-activate|p1a: Venusaur|move: Sticky Web\n|-unboost|p1a: Venusaur|spe|1\n|-damage|p1a: Venusaur|88\/100|[from] Spikes\n|turn|12\n|\n|t:|1699660734\n|switch|p2a: Smeargle|Smeargle, M|1\/100\n|detailschange|p1a: Venusaur|Venusaur-Mega, F\n|-mega|p1a: Venusaur|Venusaur|Venusaurite\n|move|p1a: Venusaur|Earth Power|p2a: Smeargle\n|-damage|p2a: Smeargle|0 fnt\n|faint|p2a: Smeargle\n|\n|upkeep\n|\n|t:|1699660740\n|switch|p2a: Delibird|Delibird, F|100\/100\n|turn|13\n|\n|t:|1699660747\n|switch|p1a: Walking Wake|Walking Wake|100\/100\n|-enditem|p1a: Walking Wake|Booster Energy\n|-activate|p1a: Walking Wake|ability: Protosynthesis|[fromitem]\n|-start|p1a: Walking Wake|protosynthesisspa\n|-damage|p1a: Walking Wake|88\/100|[from] Spikes\n|-activate|p1a: Walking Wake|move: Sticky Web\n|-unboost|p1a: Walking Wake|spe|1\n|move|p2a: Delibird|Fake Out|p1a: Walking Wake\n|-damage|p1a: Walking Wake|57\/100\n|-damage|p2a: Delibird|91\/100|[from] item: Life Orb\n|\n|upkeep\n|turn|14\n|\n|t:|1699660762\n|move|p2a: Delibird|Extreme Speed|p1a: Walking Wake\n|-damage|p1a: Walking Wake|0 fnt\n|faint|p1a: Walking Wake\n|-end|p1a: Walking Wake|Protosynthesis|[silent]\n|-damage|p2a: Delibird|81\/100|[from] item: Life Orb\n|\n|upkeep\n|\n|t:|1699660768\n|switch|p1a: Venusaur|Venusaur-Mega, F|88\/100\n|-damage|p1a: Venusaur|76\/100|[from] Spikes\n|-activate|p1a: Venusaur|move: Sticky Web\n|-unboost|p1a: Venusaur|spe|1\n|turn|15\n|\n|t:|1699660775\n|move|p2a: Delibird|Brave Bird|p1a: Venusaur\n|-supereffective|p1a: Venusaur\n|-damage|p1a: Venusaur|0 fnt\n|faint|p1a: Venusaur\n|-damage|p2a: Delibird|48\/100|[from] Recoil\n|-damage|p2a: Delibird|38\/100|[from] item: Life Orb\n|\n|upkeep\n|\n|t:|1699660782\n|switch|p1a: Clefable|Clefable, F|100\/100 slp\n|-activate|p1a: Clefable|move: Sticky Web\n|-unboost|p1a: Clefable|spe|1\n|turn|16\n|\n|t:|1699660787\n|move|p2a: Delibird|Extreme Speed|p1a: Clefable\n|-damage|p1a: Clefable|40\/100 slp\n|-damage|p2a: Delibird|28\/100|[from] item: Life Orb\n|cant|p1a: Clefable|slp\n|\n|-heal|p1a: Clefable|46\/100 slp|[from] item: Leftovers\n|upkeep\n|turn|17\n|\n|t:|1699660796\n|move|p2a: Delibird|Extreme Speed|p1a: Clefable\n|-damage|p1a: Clefable|0 fnt\n|faint|p1a: Clefable\n|-damage|p2a: Delibird|18\/100|[from] item: Life Orb\n|\n|win|TheNormalGym123\n|l|\u2606ToxicTD\n","uploadtime":1699660812,"views":13,"p1id":"toxictd","p2id":"thenormalgym123","formatid":"gen9anythinggoes","rating":0,"private":0,"password":""}