{"id":"radicalred-gen9anythinggoes-534808","p1":"ToxicTD","p2":"Delfuerte","format":"[Gen 9] Anything Goes","log":"|j|\u2606ToxicTD\n|j|\u2606Delfuerte\n|t:|1697846900\n|gametype|singles\n|player|p1|ToxicTD|102|\n|player|p2|Delfuerte|rr-decidueyehisui|\n|teamsize|p1|6\n|teamsize|p2|6\n|gen|9\n|tier|[Gen 9] Anything Goes\n|rule|HP Percentage Mod: HP is shown in percentages\n|rule|Endless Battle Clause: Forcing endless battles is banned\n|clearpoke\n|poke|p1|Probopass, F|\n|poke|p1|Golem-Alola, F|\n|poke|p1|Noivern-Sevii, F|\n|poke|p1|Shuckle, F|\n|poke|p1|Magcargo, M|\n|poke|p1|Lycanroc-Midnight, M|\n|poke|p2|Goodra-Hisui, F|\n|poke|p2|Mamoswine, M|\n|poke|p2|Whiscash, M|\n|poke|p2|Golem, M|\n|poke|p2|Gastrodon, M|\n|poke|p2|Kleavor, M|\n|teampreview\n|\n|t:|1697846912\n|start\n|switch|p1a: Magcargo|Magcargo, M|100\/100\n|switch|p2a: WRATH|Kleavor, M|100\/100\n|turn|1\n|c|\u2606Delfuerte|Liam vs Roxanne\n|\n|t:|1697846920\n|move|p2a: WRATH|Earthquake|p1a: Magcargo\n|-supereffective|p1a: Magcargo\n|-crit|p1a: Magcargo\n|-enditem|p1a: Magcargo|Focus Sash\n|-damage|p1a: Magcargo|1\/100\n|move|p1a: Magcargo|Shell Smash|p1a: Magcargo\n|-unboost|p1a: Magcargo|def|2\n|-unboost|p1a: Magcargo|spd|2\n|-boost|p1a: Magcargo|atk|4\n|-boost|p1a: Magcargo|spa|4\n|-boost|p1a: Magcargo|spe|4\n|\n|upkeep\n|turn|2\n|\n|t:|1697846937\n|switch|p2a: GREED|Golem, M|100\/100\n|move|p1a: Magcargo|Power Gem|p2a: GREED\n|-resisted|p2a: GREED\n|-damage|p2a: GREED|29\/100\n|\n|upkeep\n|turn|3\n|c|\u2606Delfuerte|I feel like using a Gen 7 Pok\u00e9mon for a Gen 3 leader is kinda cheating\n|\n|t:|1697846956\n|move|p1a: Magcargo|Power Gem|p2a: GREED\n|-resisted|p2a: GREED\n|-damage|p2a: GREED|0 fnt\n|faint|p2a: GREED\n|\n|upkeep\n|\n|t:|1697846961\n|switch|p2a: WRATH|Kleavor, M|100\/100\n|turn|4\n|\n|t:|1697846965\n|move|p1a: Magcargo|Power Gem|p2a: WRATH\n|-supereffective|p2a: WRATH\n|-damage|p2a: WRATH|0 fnt\n|faint|p2a: WRATH\n|\n|upkeep\n|\n|t:|1697846974\n|switch|p2a: GLUTTONY|Mamoswine, M|100\/100\n|turn|5\n|\n|t:|1697846979\n|switch|p2a: SLOTH|Goodra-Hisui, F|100\/100\n|move|p1a: Magcargo|Flamethrower|p2a: SLOTH\n|-damage|p2a: SLOTH|21\/100\n|-status|p2a: SLOTH|brn\n|\n|-heal|p2a: SLOTH|27\/100 brn|[from] item: Leftovers\n|-damage|p2a: SLOTH|21\/100 brn|[from] brn\n|upkeep\n|turn|6\n|c|\u2606Delfuerte|Oh no\n|\n|t:|1697847000\n|move|p1a: Magcargo|Flamethrower|p2a: SLOTH\n|-damage|p2a: SLOTH|0 fnt\n|faint|p2a: SLOTH\n|\n|upkeep\n|\n|t:|1697847014\n|switch|p2a: LUST|Gastrodon, M|100\/100\n|turn|7\n|\n|t:|1697847025\n|move|p1a: Magcargo|Earth Power|p2a: LUST\n|-damage|p2a: LUST|26\/100\n|move|p2a: LUST|Earth Power|p1a: Magcargo\n|-supereffective|p1a: Magcargo\n|-damage|p1a: Magcargo|0 fnt\n|faint|p1a: Magcargo\n|\n|upkeep\n|\n|t:|1697847044\n|switch|p1a: Lycanroc|Lycanroc-Midnight, M|100\/100\n|turn|8\n|\n|t:|1697847048\n|move|p1a: Lycanroc|Stone Axe|p2a: LUST\n|-resisted|p2a: LUST\n|-damage|p2a: LUST|7\/100\n|-sidestart|p2: Delfuerte|move: Stealth Rock\n|move|p2a: LUST|Scald|p1a: Lycanroc\n|-supereffective|p1a: Lycanroc\n|-damage|p1a: Lycanroc|0 fnt\n|faint|p1a: Lycanroc\n|\n|upkeep\n|\n|t:|1697847062\n|switch|p1a: Probopass|Probopass, F|100\/100\n|turn|9\n|\n|t:|1697847072\n|move|p1a: Probopass|Scorching Sands|p2a: LUST\n|-damage|p2a: LUST|0 fnt\n|faint|p2a: LUST\n|\n|upkeep\n|\n|t:|1697847078\n|switch|p2a: PRIDE|Whiscash, M|100\/100\n|-damage|p2a: PRIDE|94\/100|[from] Stealth Rock\n|turn|10\n|\n|t:|1697847093\n|move|p2a: PRIDE|Dragon Dance|p2a: PRIDE\n|-boost|p2a: PRIDE|atk|1\n|-boost|p2a: PRIDE|spe|1\n|move|p1a: Probopass|Power Gem|p2a: PRIDE\n|-resisted|p2a: PRIDE\n|-damage|p2a: PRIDE|74\/100\n|\n|upkeep\n|turn|11\n|\n|t:|1697847100\n|move|p2a: PRIDE|Dragon Dance|p2a: PRIDE\n|-boost|p2a: PRIDE|atk|1\n|-boost|p2a: PRIDE|spe|1\n|move|p1a: Probopass|Scorching Sands|p2a: PRIDE\n|-damage|p2a: PRIDE|50\/100\n|\n|upkeep\n|turn|12\n|\n|t:|1697847109\n|move|p2a: PRIDE|Stone Edge|p1a: Probopass\n|-resisted|p1a: Probopass\n|-damage|p1a: Probopass|80\/100\n|move|p1a: Probopass|Scorching Sands|p2a: PRIDE\n|-damage|p2a: PRIDE|27\/100\n|\n|upkeep\n|turn|13\n|\n|t:|1697847116\n|move|p2a: PRIDE|Wave Crash|p1a: Probopass\n|-supereffective|p1a: Probopass\n|-damage|p1a: Probopass|0 fnt\n|faint|p1a: Probopass\n|-damage|p2a: PRIDE|3\/100|[from] Recoil\n|\n|upkeep\n|\n|t:|1697847124\n|switch|p1a: Shuckle|Shuckle, F|100\/100\n|turn|14\n|\n|t:|1697847131\n|move|p2a: PRIDE|Wave Crash|p1a: Shuckle\n|-supereffective|p1a: Shuckle\n|-crit|p1a: Shuckle\n|-ability|p1a: Shuckle|Sturdy\n|-damage|p1a: Shuckle|1\/100\n|-damage|p2a: PRIDE|0 fnt|[from] Recoil\n|faint|p2a: PRIDE\n|move|p1a: Shuckle|Body Slam|p2: PRIDE|[notarget]\n|-fail|p1a: Shuckle\n|\n|-heal|p1a: Shuckle|7\/100|[from] item: Leftovers\n|upkeep\n|\n|t:|1697847141\n|switch|p2a: GLUTTONY|Mamoswine, M|100\/100\n|-damage|p2a: GLUTTONY|88\/100|[from] Stealth Rock\n|turn|15\n|\n|t:|1697847149\n|move|p2a: GLUTTONY|High Horsepower|p1a: Shuckle\n|-damage|p1a: Shuckle|0 fnt\n|faint|p1a: Shuckle\n|\n|upkeep\n|\n|t:|1697847155\n|switch|p1a: Noivern-Sevii|Noivern-Sevii, F|100\/100\n|turn|16\n|\n|t:|1697847160\n|move|p1a: Noivern-Sevii|Brick Break|p2a: GLUTTONY\n|-supereffective|p2a: GLUTTONY\n|-damage|p2a: GLUTTONY|9\/100\n|move|p2a: GLUTTONY|Heavy Slam|p1a: Noivern-Sevii\n|-supereffective|p1a: Noivern-Sevii\n|-crit|p1a: Noivern-Sevii\n|-damage|p1a: Noivern-Sevii|0 fnt\n|faint|p1a: Noivern-Sevii\n|\n|upkeep\n|\n|t:|1697847168\n|switch|p1a: Golem|Golem-Alola, F|100\/100\n|turn|17\n|c|\u2606Delfuerte|Well GG\n|\n|t:|1697847173\n|move|p2a: GLUTTONY|High Horsepower|p1a: Golem\n|-supereffective|p1a: Golem\n|-damage|p1a: Golem|0 fnt\n|faint|p1a: Golem\n|\n|win|Delfuerte\n|c|\u2606Delfuerte|Wait I won\n|c|\u2606Delfuerte|Wow\n|c|\u2606Delfuerte|Nice work, that was worrisome\n|l|\u2606ToxicTD\n","uploadtime":1697847373,"views":6,"p1id":"toxictd","p2id":"delfuerte","formatid":"gen9anythinggoes","rating":0,"private":0,"password":""}