{"id":"radicalred-gen9anythinggoes-535643","p1":"tomi7002","p2":"WybeRx","format":"[Gen 9] Anything Goes","log":"|j|\u2606tomi7002\n|j|\u2606WybeRx\n|t:|1698024080\n|gametype|singles\n|player|p1|tomi7002|101|\n|player|p2|WybeRx|1|\n|teamsize|p1|6\n|teamsize|p2|6\n|gen|9\n|tier|[Gen 9] Anything Goes\n|rule|HP Percentage Mod: HP is shown in percentages\n|rule|Endless Battle Clause: Forcing endless battles is banned\n|rule|Sleep Clause Mod: Limit one foe put to sleep\n|clearpoke\n|poke|p1|Landorus-Therian, M|\n|poke|p1|Jellicent, F|\n|poke|p1|Galvantula, M|\n|poke|p1|Hydreigon, M|\n|poke|p1|Darmanitan, F|\n|poke|p1|Krookodile, F|\n|poke|p2|Haxorus, M|\n|poke|p2|Zoroark, M|\n|poke|p2|Volcarona, F|\n|poke|p2|Cofagrigus, F|\n|poke|p2|Keldeo-Resolute|\n|poke|p2|Conkeldurr, F|\n|teampreview\n|inactive|Battle timer is ON: inactive players will automatically lose when time's up. (requested by tomi7002)\n|inactive|WybeRx has 270 seconds left.\n|\n|t:|1698024216\n|start\n|switch|p1a: Galvantula|Galvantula, M|100\/100\n|switch|p2a: VoiceMaster|Keldeo-Resolute, shiny|100\/100\n|turn|1\n|c|\u2606WybeRx|gl amigazo\n|inactive|tomi7002 has 270 seconds left.\n|inactive|WybeRx has 270 seconds left.\n|c|\u2606WybeRx|no seas tan duro conmigo xdxdxdxd\n|c|\u2606tomi7002|gl}\n|\n|t:|1698024269\n|move|p2a: VoiceMaster|Secret Sword|p1a: Galvantula\n|-resisted|p1a: Galvantula\n|-damage|p1a: Galvantula|28\/100\n|-damage|p2a: VoiceMaster|91\/100|[from] item: Life Orb\n|move|p1a: Galvantula|Thunder|p2a: VoiceMaster\n|-supereffective|p2a: VoiceMaster\n|-damage|p2a: VoiceMaster|0 fnt\n|faint|p2a: VoiceMaster\n|\n|upkeep\n|inactive|WybeRx has 240 seconds left.\n|inactive|WybeRx has 210 seconds left.\n|inactive|WybeRx has 180 seconds left.\n|\n|t:|1698024361\n|switch|p2a: Tupack|Volcarona, F|100\/100\n|turn|2\n|inactive|tomi7002 has 270 seconds left.\n|inactive|tomi7002 has 240 seconds left.\n|inactive|tomi7002 has 210 seconds left.\n|\n|t:|1698024462\n|move|p1a: Galvantula|Thunder|p2a: Tupack\n|-damage|p2a: Tupack|51\/100\n|move|p2a: Tupack|Quiver Dance|p2a: Tupack\n|-boost|p2a: Tupack|spa|1\n|-boost|p2a: Tupack|spd|1\n|-boost|p2a: Tupack|spe|1\n|\n|upkeep\n|turn|3\n|inactive|WybeRx has 180 seconds left.\n|inactive|WybeRx has 150 seconds left.\n|inactive|WybeRx has 120 seconds left.\n|inactive|WybeRx has 90 seconds left.\n|\n|t:|1698024571\n|move|p2a: Tupack|Fiery Dance|p1a: Galvantula\n|-supereffective|p1a: Galvantula\n|-crit|p1a: Galvantula\n|-damage|p1a: Galvantula|0 fnt\n|faint|p1a: Galvantula\n|\n|upkeep\n|inactive|tomi7002 has 180 seconds left.\n|\n|t:|1698024586\n|switch|p1a: Jellicent|Jellicent, F|100\/100\n|turn|4\n|inactive|WybeRx has 90 seconds left.\n|inactive|tomi7002 has 180 seconds left.\n|inactive|WybeRx has 60 seconds left.\n|inactive|tomi7002 has 150 seconds left.\n|\n|t:|1698024638\n|move|p2a: Tupack|Giga Drain|p1a: Jellicent\n|-supereffective|p1a: Jellicent\n|-damage|p1a: Jellicent|55\/100\n|-heal|p2a: Tupack|81\/100|[from] drain|[of] p1a: Jellicent\n|move|p1a: Jellicent|Scald|p2a: Tupack\n|-supereffective|p2a: Tupack\n|-damage|p2a: Tupack|0 fnt\n|faint|p2a: Tupack\n|\n|upkeep\n|\n|t:|1698024658\n|switch|p2a: Enrique|Haxorus, M, shiny|100\/100\n|turn|5\n|\n|t:|1698024669\n|move|p2a: Enrique|Dark Hole|p1a: Jellicent\n|-supereffective|p1a: Jellicent\n|-damage|p1a: Jellicent|0 fnt\n|faint|p1a: Jellicent\n|\n|upkeep\n|inactive|tomi7002 has 150 seconds left.\n|inactive|tomi7002 has 120 seconds left.\n|\n|t:|1698024724\n|switch|p1a: Krookodile|Krookodile, F|100\/100\n|turn|6\n|\n|t:|1698024740\n|move|p1a: Krookodile|Earthquake|p2a: Enrique\n|-damage|p2a: Enrique|6\/100\n|replace|p2a: tts bot|Zoroark, M, shiny\n|-end|p2a: tts bot|Illusion\n|move|p2a: tts bot|Focus Blast|p1a: Krookodile\n|-supereffective|p1a: Krookodile\n|-damage|p1a: Krookodile|0 fnt\n|faint|p1a: Krookodile\n|\n|upkeep\n|inactive|tomi7002 has 120 seconds left.\n|\n|t:|1698024751\n|switch|p1a: Landorus|Landorus-Therian, M|100\/100\n|-ability|p1a: Landorus|Intimidate|boost\n|-unboost|p2a: tts bot|atk|1\n|turn|7\n|inactive|tomi7002 has 120 seconds left.\n|\n|t:|1698024759\n|move|p2a: tts bot|Dark Hole|p1a: Landorus\n|-damage|p1a: Landorus|44\/100\n|move|p1a: Landorus|U-turn|p2a: tts bot\n|-supereffective|p2a: tts bot\n|-damage|p2a: tts bot|0 fnt\n|faint|p2a: tts bot\n|inactive|tomi7002 has 120 seconds left.\n|\n|t:|1698024770\n|switch|p1a: Darmanitan|Darmanitan, F|100\/100|[from] U-turn\n|\n|upkeep\n|\n|t:|1698024794\n|switch|p2a: deftercom|Cofagrigus, F, shiny|100\/100\n|turn|8\n|inactive|tomi7002 has 120 seconds left.\n|\n|t:|1698024807\n|move|p1a: Darmanitan|Flare Blitz|p2a: deftercom\n|-damage|p2a: deftercom|64\/100\n|-damage|p1a: Darmanitan|89\/100|[from] Recoil\n|move|p2a: deftercom|Shadow Ball|p1a: Darmanitan\n|-damage|p1a: Darmanitan|45\/100\n|-unboost|p1a: Darmanitan|spd|1\n|\n|upkeep\n|turn|9\n|\n|t:|1698024821\n|move|p1a: Darmanitan|Flare Blitz|p2a: deftercom\n|-damage|p2a: deftercom|0 fnt\n|faint|p2a: deftercom\n|-damage|p1a: Darmanitan|26\/100|[from] Recoil\n|\n|upkeep\n|j| Shotokekipurin\n|inactive|WybeRx has 30 seconds left.\n|\n|t:|1698024840\n|switch|p2a: VegettaDBZ777|Conkeldurr, F, shiny|100\/100\n|turn|10\n|\n|t:|1698024844\n|move|p2a: VegettaDBZ777|Mach Punch|p1a: Darmanitan\n|-damage|p1a: Darmanitan|0 fnt\n|faint|p1a: Darmanitan\n|\n|-status|p2a: VegettaDBZ777|brn|[from] item: Flame Orb\n|upkeep\n|\n|t:|1698024866\n|switch|p1a: Landorus|Landorus-Therian, M|44\/100\n|-ability|p1a: Landorus|Intimidate|boost\n|-unboost|p2a: VegettaDBZ777|atk|1\n|turn|11\n|\n|t:|1698024876\n|switch|p2a: Enrique|Haxorus, M, shiny|100\/100\n|-ability|p2a: Enrique|Mold Breaker\n|move|p1a: Landorus|Earthquake|p2a: Enrique\n|-damage|p2a: Enrique|24\/100\n|\n|upkeep\n|turn|12\n|\n|t:|1698024884\n|move|p2a: Enrique|Scale Shot|p1a: Landorus\n|-damage|p1a: Landorus|29\/100\n|-crit|p1a: Landorus\n|-damage|p1a: Landorus|4\/100\n|-damage|p1a: Landorus|0 fnt\n|faint|p1a: Landorus\n|-hitcount|p1: Landorus|3\n|-unboost|p2a: Enrique|def|1\n|-boost|p2a: Enrique|spe|1\n|\n|upkeep\n|inactive|tomi7002 has 120 seconds left.\n|\n|t:|1698024906\n|switch|p1a: Hydreigon|Hydreigon, M|100\/100\n|turn|13\n|inactive|tomi7002 has 120 seconds left.\n|\n|t:|1698024925\n|move|p2a: Enrique|Scale Shot|p1a: Hydreigon\n|-supereffective|p1a: Hydreigon\n|-damage|p1a: Hydreigon|65\/100\n|-supereffective|p1a: Hydreigon\n|-damage|p1a: Hydreigon|26\/100\n|-supereffective|p1a: Hydreigon\n|-damage|p1a: Hydreigon|0 fnt\n|faint|p1a: Hydreigon\n|-hitcount|p1: Hydreigon|3\n|\n|win|WybeRx\n|c|\u2606tomi7002|gg\n|l|\u2606tomi7002\n|c|\u2606WybeRx|gg\n","uploadtime":1698024944,"views":9,"p1id":"tomi7002","p2id":"wyberx","formatid":"gen9anythinggoes","rating":0,"private":0,"password":""}