{"id":"radicalred-gen9anythinggoes-548847","p1":"zSlowKiller","p2":"Storm_WaterTime","format":"[Gen 9] Anything Goes","log":"|j|\u2606zSlowKiller\n|j|\u2606Storm_WaterTime\n|t:|1700450173\n|gametype|singles\n|player|p1|zSlowKiller|rr-miraidon|\n|player|p2|Storm_WaterTime|rr-infernape|\n|teamsize|p1|6\n|teamsize|p2|6\n|gen|9\n|tier|[Gen 9] Anything Goes\n|rule|HP Percentage Mod: HP is shown in percentages\n|rule|Endless Battle Clause: Forcing endless battles is banned\n|rule|Sleep Clause Mod: Limit one foe put to sleep\n|clearpoke\n|poke|p1|Keldeo-Resolute|\n|poke|p1|Ferrothorn, F|\n|poke|p1|Hydreigon, F|\n|poke|p1|Braviary, M|\n|poke|p1|Galvantula, M|\n|poke|p1|Gigalith, F|\n|poke|p2|Ferrothorn, F|\n|poke|p2|Cinccino, M|\n|poke|p2|Volcarona, M|\n|poke|p2|Hydreigon, M|\n|poke|p2|Keldeo-Resolute|\n|poke|p2|Jellicent, F|\n|teampreview\n|\n|t:|1700450186\n|start\n|switch|p1a: Pajarraco|Braviary, M, shiny|100\/100\n|switch|p2a: Ferrothorn|Ferrothorn, F|100\/100\n|turn|1\n|\n|t:|1700450195\n|switch|p1a: drakig|Ferrothorn, F|100\/100\n|move|p2a: Ferrothorn|Thunder Wave|p1a: drakig\n|-status|p1a: drakig|par\n|\n|upkeep\n|turn|2\n|\n|t:|1700450201\n|switch|p2a: M|Volcarona, M|100\/100\n|move|p1a: drakig|Leech Seed|p2a: M\n|-start|p2a: M|move: Leech Seed\n|\n|-damage|p2a: M|88\/100|[from] Leech Seed|[of] p1a: drakig\n|upkeep\n|turn|3\n|j| Feloxwtf\n|j| PatoPatito08\n|j| Luario708\n|\n|t:|1700450221\n|switch|p2a: Cry|Jellicent, F, shiny|100\/100\n|switch|p1a: La ara\u00f1a|Galvantula, M, shiny|100\/100\n|\n|upkeep\n|turn|4\n|j| StarDust_Leo\n|\n|t:|1700450227\n|switch|p2a: ciicino wey|Cinccino, M, shiny|100\/100\n|move|p1a: La ara\u00f1a|Thunder|p2a: ciicino wey\n|-damage|p2a: ciicino wey|20\/100\n|\n|upkeep\n|turn|5\n|c| Feloxwtf|PATO DECILE A PIPO QUE SE META\n|c| StarDust_Leo|hola\n|\n|t:|1700450234\n|switch|p1a: drakig|Ferrothorn, F|100\/100 par\n|move|p2a: ciicino wey|Rock Blast|p1a: drakig\n|-resisted|p1a: drakig\n|-damage|p1a: drakig|97\/100 par\n|-resisted|p1a: drakig\n|-damage|p1a: drakig|95\/100 par\n|-resisted|p1a: drakig\n|-damage|p1a: drakig|92\/100 par\n|-resisted|p1a: drakig\n|-damage|p1a: drakig|89\/100 par\n|-hitcount|p1a: drakig|4\n|\n|upkeep\n|turn|6\n|c| StarDust_Leo|mucha suerte a los dos\n|c| Feloxwtf|ES EL MOMENTO\n|\n|t:|1700450239\n|switch|p2a: Keldeo|Keldeo-Resolute, shiny|100\/100\n|move|p1a: drakig|Leech Seed|p2a: Keldeo\n|-start|p2a: Keldeo|move: Leech Seed\n|\n|-damage|p2a: Keldeo|88\/100|[from] Leech Seed|[of] p1a: drakig\n|-heal|p1a: drakig|99\/100 par|[silent]\n|upkeep\n|turn|7\n|c| Feloxwtf|AMIGOS\n|c| Feloxwtf|DENME UNA X\n|\n|t:|1700450253\n|switch|p1a: La ara\u00f1a|Galvantula, M, shiny|100\/100\n|move|p2a: Keldeo|Secret Sword|p1a: La ara\u00f1a\n|-resisted|p1a: La ara\u00f1a\n|-damage|p1a: La ara\u00f1a|37\/100\n|\n|-damage|p2a: Keldeo|76\/100|[from] Leech Seed|[of] p1a: La ara\u00f1a\n|-heal|p1a: La ara\u00f1a|51\/100|[silent]\n|upkeep\n|turn|8\n|c| Feloxwtf|MIERDA\n|c| Feloxwtf|Z\n|c|\u2606zSlowKiller|UNA X\n|j| Neo Kamikaze\n|l| Neo Kamikaze\n|c| Feloxwtf|DENME UNA Z PUTAMARE\n|j| WolfLink1122\n|\n|t:|1700450279\n|move|p1a: La ara\u00f1a|Thunder|p2a: Keldeo\n|-supereffective|p2a: Keldeo\n|-damage|p2a: Keldeo|3\/100\n|move|p2a: Keldeo|Secret Sword|p1a: La ara\u00f1a\n|-resisted|p1a: La ara\u00f1a\n|-damage|p1a: La ara\u00f1a|0 fnt\n|faint|p1a: La ara\u00f1a\n|\n|upkeep\n|c| Feloxwtf|WOLF\n|c|\u2606zSlowKiller|ay cabron\n|\n|t:|1700450286\n|switch|p1a: Pajarraco|Braviary, M, shiny|100\/100\n|turn|9\n|c| Feloxwtf|DAME UNA Z\n|c| WolfLink1122|Pierde zslowkiller pierde la famillia\n|c|\u2606Storm_WaterTime|el hecho de que haya ganado killer todo los speedties lo ahce mejor aun AJSDASJ\n|\n|t:|1700450306\n|move|p1a: Pajarraco|U-turn|p2a: Keldeo\n|-resisted|p2a: Keldeo\n|-damage|p2a: Keldeo|0 fnt\n|faint|p2a: Keldeo\n|c| WolfLink1122|Acabo de romper mi televisor y tirar el control con rabia, al ver perder a zSlowKiller. zSLOWKILLER me avergonzo al frente de mi familia, mis dos hijos estan llorando. Los vecinos estan tocando la puerta tratando de calmarme, mientras voy caminando temblando a la pieza. Pierde zSlowkiller, pierde la familia.\n|c| Luario708|Acabo de romper mi televisor y tirar el control con rabia, al ver perder a zSlowKiller. zSLOWKILLER me avergonzo al frente de mi familia, mis dos hijos estan llorando. Los vecinos estan tocando la puerta tratando de calmarme, mientras voy caminando temblando a la pieza. Pierde zSlowkiller, pierde la familia\n|c| StarDust_Leo|jiro te entiendo\n|\n|t:|1700450316\n|switch|p1a: El Shintintin|Keldeo-Resolute|100\/100|[from] U-turn\n|\n|upkeep\n|c| StarDust_Leo|me pasa lo mismo\n|\n|t:|1700450323\n|switch|p2a: ciicino wey|Cinccino, M, shiny|20\/100\n|turn|10\n|c|\u2606zSlowKiller|hace a\u00f1os que leo no me gana un speed tie\n|c| Feloxwtf|Acabo de romper mi televisor y tirar el control con rabia, al ver perder a zSlowKiller. zSLOWKILLER me avergonzo al frente de mi familia, mis dos hijos estan llorando. Los vecinos estan tocando la puerta tratando de calmarme, mientras voy caminando temblando a la pieza. Pierde zSlowkiller, pierde la familia.\n|c|\u2606Storm_WaterTime|Leo\n|\n|t:|1700450329\n|switch|p1a: drakig|Ferrothorn, F|99\/100 par\n|move|p2a: ciicino wey|Bullet Seed|p1a: drakig\n|-resisted|p1a: drakig\n|-damage|p1a: drakig|99\/100 par\n|-resisted|p1a: drakig\n|-damage|p1a: drakig|97\/100 par\n|-resisted|p1a: drakig\n|-damage|p1a: drakig|96\/100 par\n|-resisted|p1a: drakig\n|-damage|p1a: drakig|95\/100 par\n|-resisted|p1a: drakig\n|-damage|p1a: drakig|93\/100 par\n|-hitcount|p1a: drakig|5\n|\n|upkeep\n|turn|11\n|c|\u2606Storm_WaterTime|te reirias\n|c|\u2606Storm_WaterTime|si vieras como ando jugando\n|c|\u2606Storm_WaterTime|0%\n|c| PatoPatito08|si killer gana por favor denle rango hot loli\n|c|\u2606Storm_WaterTime|ASJD23UEJWQJESADDSIWA\n|j| MeteorCry\n|c| StarDust_Leo|xD\n|\n|t:|1700450346\n|switch|p2a: M|Volcarona, M|88\/100\n|move|p1a: drakig|Leech Seed|p2a: M\n|-start|p2a: M|move: Leech Seed\n|\n|-damage|p2a: M|75\/100|[from] Leech Seed|[of] p1a: drakig\n|-heal|p1a: drakig|100\/100 par|[silent]\n|upkeep\n|turn|12\n|c| WolfLink1122|Top 10 mejores danos: 0%\n|\n|t:|1700450353\n|switch|p2a: Ferrothorn|Ferrothorn, F|100\/100\n|switch|p1a: La Roca|Gigalith, F|100\/100\n|-weather|Sandstorm|[from] ability: Sand Stream|[of] p1a: La Roca\n|\n|-weather|Sandstorm|[upkeep]\n|upkeep\n|turn|13\n|\n|t:|1700450357\n|switch|p1a: drakig|Ferrothorn, F|100\/100 par\n|move|p2a: Ferrothorn|Leech Seed|p1a: drakig\n|-immune|p1a: drakig\n|\n|-weather|Sandstorm|[upkeep]\n|upkeep\n|turn|14\n|c| WolfLink1122|PIERDE ZSLOWKILLER PIERDE LA FAMILIA\n|\n|t:|1700450367\n|switch|p2a: M|Volcarona, M|75\/100\n|switch|p1a: El Shintintin|Keldeo-Resolute|100\/100\n|\n|-weather|Sandstorm|[upkeep]\n|-damage|p1a: El Shintintin|94\/100|[from] Sandstorm\n|-damage|p2a: M|69\/100|[from] Sandstorm\n|upkeep\n|turn|15\n|\n|t:|1700450371\n|switch|p2a: Cry|Jellicent, F, shiny|100\/100\n|move|p1a: El Shintintin|Scald|p2a: Cry\n|-resisted|p2a: Cry\n|-damage|p2a: Cry|83\/100\n|-damage|p1a: El Shintintin|84\/100|[from] item: Life Orb\n|\n|-weather|Sandstorm|[upkeep]\n|-damage|p1a: El Shintintin|78\/100|[from] Sandstorm\n|-damage|p2a: Cry|77\/100|[from] Sandstorm\n|-heal|p2a: Cry|83\/100|[from] item: Leftovers\n|upkeep\n|turn|16\n|\n|t:|1700450377\n|switch|p1a: drakig|Ferrothorn, F|100\/100 par\n|move|p2a: Cry|Toxic||[still]\n|-fail|p2a: Cry\n|\n|-weather|none\n|-heal|p2a: Cry|90\/100|[from] item: Leftovers\n|upkeep\n|turn|17\n|\n|t:|1700450379\n|move|p2a: Cry|Water Spout|p1a: drakig\n|-resisted|p1a: drakig\n|-damage|p1a: drakig|71\/100 par\n|cant|p1a: drakig|par\n|\n|-heal|p2a: Cry|96\/100|[from] item: Leftovers\n|upkeep\n|turn|18\n|c| Feloxwtf|PIERDE ZSLOWKILLER PIERDE LA FAMILIA\n|\n|t:|1700450384\n|move|p2a: Cry|Water Spout|p1a: drakig\n|-resisted|p1a: drakig\n|-damage|p1a: drakig|36\/100 par\n|move|p1a: drakig|Leech Seed|p2a: Cry\n|-start|p2a: Cry|move: Leech Seed\n|\n|-heal|p2a: Cry|100\/100|[from] item: Leftovers\n|-damage|p2a: Cry|88\/100|[from] Leech Seed|[of] p1a: drakig\n|-heal|p1a: drakig|50\/100 par|[silent]\n|upkeep\n|turn|19\n|\n|t:|1700450391\n|switch|p2a: M|Volcarona, M|69\/100\n|switch|p1a: Tilin|Hydreigon, F|100\/100\n|\n|upkeep\n|turn|20\n|\n|t:|1700450394\n|switch|p1a: La Roca|Gigalith, F|100\/100\n|-weather|Sandstorm|[from] ability: Sand Stream|[of] p1a: La Roca\n|move|p2a: M|Bug Buzz|p1a: La Roca\n|-damage|p1a: La Roca|76\/100\n|\n|-weather|Sandstorm|[upkeep]\n|-damage|p2a: M|63\/100|[from] Sandstorm\n|-heal|p1a: La Roca|82\/100|[from] item: Leftovers\n|upkeep\n|turn|21\n|\n|t:|1700450398\n|switch|p2a: Cry|Jellicent, F, shiny|88\/100\n|switch|p1a: Tilin|Hydreigon, F|100\/100\n|\n|-weather|Sandstorm|[upkeep]\n|-damage|p1a: Tilin|94\/100|[from] Sandstorm\n|-damage|p2a: Cry|82\/100|[from] Sandstorm\n|-heal|p2a: Cry|88\/100|[from] item: Leftovers\n|upkeep\n|turn|22\n|\n|t:|1700450401\n|switch|p2a: ciicino wey|Cinccino, M, shiny|20\/100\n|move|p1a: Tilin|Dark Hole|p2a: ciicino wey\n|-damage|p2a: ciicino wey|0 fnt\n|faint|p2a: ciicino wey\n|\n|-weather|Sandstorm|[upkeep]\n|-damage|p1a: Tilin|88\/100|[from] Sandstorm\n|upkeep\n|\n|t:|1700450406\n|switch|p2a: M|Volcarona, M|63\/100\n|turn|23\n|c| Feloxwtf|KILLER TOTEM PERLA ESCUDO\n|c| WolfLink1122|OHNOHERMANO\n|\n|t:|1700450410\n|switch|p1a: La Roca|Gigalith, F|82\/100\n|move|p2a: M|Bug Buzz|p1a: La Roca\n|-damage|p1a: La Roca|56\/100\n|\n|-weather|Sandstorm|[upkeep]\n|-damage|p2a: M|57\/100|[from] Sandstorm\n|-heal|p1a: La Roca|62\/100|[from] item: Leftovers\n|upkeep\n|turn|24\n|\n|t:|1700450414\n|switch|p2a: Cry|Jellicent, F, shiny|88\/100\n|move|p1a: La Roca|Stone Edge|p2a: Cry\n|-damage|p2a: Cry|40\/100\n|\n|-weather|none\n|-heal|p2a: Cry|46\/100|[from] item: Leftovers\n|-heal|p1a: La Roca|68\/100|[from] item: Leftovers\n|upkeep\n|turn|25\n|c| Feloxwtf|TOTEM PERLA ESCUDO Y YA\n|c| WolfLink1122|ESE ES MI ALUMNO PIBES\n|c| Feloxwtf|ZRNGKILLER\n|c| WolfLink1122|ESE ES MI ALUMNO PIBES\n|\n|t:|1700450463\n|switch|p2a: Ferrothorn|Ferrothorn, F|100\/100\n|switch|p1a: drakig|Ferrothorn, F|50\/100 par\n|\n|upkeep\n|turn|26\n|c|\u2606zSlowKiller|ferro vs ferro\n|c|\u2606zSlowKiller|epicas batallas\n|\n|t:|1700450472\n|switch|p2a: Cry|Jellicent, F, shiny|46\/100\n|move|p1a: drakig|Protect||[still]\n|-fail|p1a: drakig\n|\n|-heal|p2a: Cry|52\/100|[from] item: Leftovers\n|upkeep\n|turn|27\n|\n|t:|1700450475\n|move|p2a: Cry|Strength Sap|p1a: drakig\n|-unboost|p1a: drakig|atk|1\n|-heal|p2a: Cry|100\/100\n|move|p1a: drakig|Leech Seed|p2a: Cry\n|-start|p2a: Cry|move: Leech Seed\n|\n|-damage|p2a: Cry|88\/100|[from] Leech Seed|[of] p1a: drakig\n|-heal|p1a: drakig|65\/100 par|[silent]\n|upkeep\n|turn|28\n|c| WolfLink1122|Batalla de espadas\n|\n|t:|1700450481\n|switch|p2a: M|Volcarona, M|57\/100\n|switch|p1a: Tilin|Hydreigon, F|88\/100\n|\n|upkeep\n|turn|29\n|\n|t:|1700450488\n|switch|p1a: La Roca|Gigalith, F|68\/100\n|-weather|Sandstorm|[from] ability: Sand Stream|[of] p1a: La Roca\n|move|p2a: M|Bug Buzz|p1a: La Roca\n|-damage|p1a: La Roca|43\/100\n|\n|-weather|Sandstorm|[upkeep]\n|-damage|p2a: M|51\/100|[from] Sandstorm\n|-heal|p1a: La Roca|49\/100|[from] item: Leftovers\n|upkeep\n|turn|30\n|c| Feloxwtf|Acabo de romper mi televisor y tirar el control con rabia, al ver perder a zSlowKiller. zSLOWKILLER me avergonzo al frente de mi familia, mis dos hijos estan llorando. Los vecinos estan tocando la puerta tratando de calmarme, mientras voy caminando temblando a la pieza. Pierde zSlowkiller, pierde la familia.\n|\n|t:|1700450492\n|switch|p2a: Ferrothorn|Ferrothorn, F|100\/100\n|switch|p1a: Tilin|Hydreigon, F|88\/100\n|\n|-weather|Sandstorm|[upkeep]\n|-damage|p1a: Tilin|82\/100|[from] Sandstorm\n|upkeep\n|turn|31\n|\n|t:|1700450500\n|move|p2a: Ferrothorn|Protect|p2a: Ferrothorn\n|-singleturn|p2a: Ferrothorn|Protect\n|move|p1a: Tilin|Dark Hole|p2a: Ferrothorn\n|-activate|p2a: Ferrothorn|move: Protect\n|\n|-weather|Sandstorm|[upkeep]\n|-damage|p1a: Tilin|76\/100|[from] Sandstorm\n|upkeep\n|turn|32\n|c| WolfLink1122|Amigo cuanta es la probabilidad de bajarle la defensa especial\n|\n|t:|1700450507\n|switch|p2a: Hydreigon|Hydreigon, M|100\/100\n|move|p1a: Tilin|Dark Hole|p2a: Hydreigon\n|-resisted|p2a: Hydreigon\n|-damage|p2a: Hydreigon|55\/100\n|\n|-weather|Sandstorm|[upkeep]\n|-damage|p2a: Hydreigon|48\/100|[from] Sandstorm\n|-damage|p1a: Tilin|70\/100|[from] Sandstorm\n|upkeep\n|turn|33\n|c|\u2606zSlowKiller|ya no se repitio\n|\n|t:|1700450522\n|switch|p1a: drakig|Ferrothorn, F|65\/100 par\n|move|p2a: Hydreigon|Draco Meteor|p1a: drakig\n|-resisted|p1a: drakig\n|-damage|p1a: drakig|30\/100 par\n|-unboost|p2a: Hydreigon|spa|2\n|-damage|p2a: Hydreigon|39\/100|[from] item: Life Orb\n|\n|-weather|none\n|upkeep\n|turn|34\n|\n|t:|1700450526\n|move|p2a: Hydreigon|Flamethrower|p1a: drakig\n|-supereffective|p1a: drakig\n|-damage|p1a: drakig|0 fnt\n|faint|p1a: drakig\n|-damage|p2a: Hydreigon|29\/100|[from] item: Life Orb\n|\n|upkeep\n|\n|t:|1700450528\n|switch|p1a: El Shintintin|Keldeo-Resolute|78\/100\n|turn|35\n|c| WolfLink1122|dracosecso\n|\n|t:|1700450532\n|switch|p2a: Cry|Jellicent, F, shiny|88\/100\n|move|p1a: El Shintintin|Air Slash|p2a: Cry\n|-damage|p2a: Cry|59\/100\n|-damage|p1a: El Shintintin|68\/100|[from] item: Life Orb\n|\n|-heal|p2a: Cry|65\/100|[from] item: Leftovers\n|upkeep\n|turn|36\n|\n|t:|1700450542\n|switch|p1a: Pajarraco|Braviary, M, shiny|100\/100\n|move|p2a: Cry|Dazzling Gleam|p1a: Pajarraco\n|-damage|p1a: Pajarraco|83\/100\n|\n|-heal|p2a: Cry|72\/100|[from] item: Leftovers\n|upkeep\n|turn|37\n|c| Feloxwtf|killer tenes que ganar por el puto de Draki\n|c| WolfLink1122|dracosecso\n|c| Feloxwtf|Y el crack de owless\n|\n|t:|1700450546\n|switch|p2a: Ferrothorn|Ferrothorn, F|100\/100\n|move|p1a: Pajarraco|Brave Bird|p2a: Ferrothorn\n|-damage|p2a: Ferrothorn|65\/100\n|-damage|p1a: Pajarraco|71\/100|[from] ability: Iron Barbs|[of] p2a: Ferrothorn\n|-damage|p1a: Pajarraco|54\/100|[from] item: Rocky Helmet|[of] p2a: Ferrothorn\n|-damage|p1a: Pajarraco|42\/100|[from] Recoil\n|\n|upkeep\n|turn|38\n|\n|t:|1700450551\n|switch|p1a: El Shintintin|Keldeo-Resolute|68\/100\n|move|p2a: Ferrothorn|Thunder Wave|p1a: El Shintintin\n|-status|p1a: El Shintintin|par\n|\n|upkeep\n|turn|39\n|c| WolfLink1122|Acabo de romper mi televisor y tirar el control con rabia, al ver perder a zSlowKiller. zSLOWKILLER me avergonzo al frente de mi familia, mis dos hijos estan llorando. Los vecinos estan tocando la puerta tratando de calmarme, mientras voy caminando temblando a la pieza. Pierde zSlowkiller, pierde la familia.\n|c| Feloxwtf|La strat es estar pensando en Draki y ya\n|\n|t:|1700450557\n|switch|p2a: Cry|Jellicent, F, shiny|72\/100\n|move|p1a: El Shintintin|Air Slash|p2a: Cry\n|-damage|p2a: Cry|40\/100\n|-damage|p1a: El Shintintin|58\/100 par|[from] item: Life Orb\n|\n|-heal|p2a: Cry|46\/100|[from] item: Leftovers\n|upkeep\n|turn|40\n|\n|t:|1700450564\n|switch|p1a: Tilin|Hydreigon, F|70\/100\n|move|p2a: Cry|Strength Sap|p1a: Tilin\n|-unboost|p1a: Tilin|atk|1\n|-heal|p2a: Cry|100\/100\n|\n|upkeep\n|turn|41\n|c| WolfLink1122|PIERDE ZSLOWKILLER PIERDE LA FAMILIA\n|\n|t:|1700450571\n|switch|p2a: Hydreigon|Hydreigon, M|29\/100\n|move|p1a: Tilin|Dark Hole|p2a: Hydreigon\n|-resisted|p2a: Hydreigon\n|-damage|p2a: Hydreigon|0 fnt\n|faint|p2a: Hydreigon\n|\n|upkeep\n|\n|t:|1700450574\n|switch|p2a: M|Volcarona, M|51\/100\n|turn|42\n|c| WolfLink1122|PIERDE ZSLOWKILLER PIERDE LA FAMILIA HIJOS DEPUTA\n|\n|t:|1700450581\n|switch|p1a: La Roca|Gigalith, F|49\/100\n|-weather|Sandstorm|[from] ability: Sand Stream|[of] p1a: La Roca\n|move|p2a: M|Giga Drain|p1a: La Roca\n|-supereffective|p1a: La Roca\n|-damage|p1a: La Roca|23\/100\n|-heal|p2a: M|67\/100|[from] drain|[of] p1a: La Roca\n|\n|-weather|Sandstorm|[upkeep]\n|-damage|p2a: M|60\/100|[from] Sandstorm\n|-heal|p1a: La Roca|29\/100|[from] item: Leftovers\n|upkeep\n|turn|43\n|c| Feloxwtf|PIERDE ZSLOWKILLER PIERDE LA FAMILIA \n|\n|t:|1700450588\n|switch|p2a: Ferrothorn|Ferrothorn, F|65\/100\n|move|p1a: La Roca|Stone Edge|p2a: Ferrothorn\n|-resisted|p2a: Ferrothorn\n|-damage|p2a: Ferrothorn|52\/100\n|\n|-weather|Sandstorm|[upkeep]\n|-heal|p1a: La Roca|36\/100|[from] item: Leftovers\n|upkeep\n|turn|44\n|\n|t:|1700450594\n|switch|p1a: El Shintintin|Keldeo-Resolute|58\/100 par\n|move|p2a: Ferrothorn|Leech Seed|p1a: El Shintintin\n|-start|p1a: El Shintintin|move: Leech Seed\n|\n|-weather|Sandstorm|[upkeep]\n|-damage|p1a: El Shintintin|52\/100 par|[from] Sandstorm\n|-damage|p1a: El Shintintin|40\/100 par|[from] Leech Seed|[of] p2a: Ferrothorn\n|-heal|p2a: Ferrothorn|63\/100|[silent]\n|upkeep\n|turn|45\n|\n|t:|1700450599\n|switch|p1a: Tilin|Hydreigon, F|70\/100\n|switch|p2a: Cry|Jellicent, F, shiny|100\/100\n|\n|-weather|Sandstorm|[upkeep]\n|-damage|p1a: Tilin|64\/100|[from] Sandstorm\n|-damage|p2a: Cry|94\/100|[from] Sandstorm\n|-heal|p2a: Cry|100\/100|[from] item: Leftovers\n|upkeep\n|turn|46\n|c| WolfLink1122|PIERDE JIRO PIERDE LA FAMILIA\n|\n|t:|1700450608\n|switch|p2a: Ferrothorn|Ferrothorn, F|63\/100\n|move|p1a: Tilin|Dark Hole|p2a: Ferrothorn\n|-damage|p2a: Ferrothorn|0 fnt\n|faint|p2a: Ferrothorn\n|\n|-weather|none\n|upkeep\n|\n|t:|1700450610\n|switch|p2a: M|Volcarona, M|60\/100\n|turn|47\n|\n|t:|1700450615\n|switch|p1a: El Shintintin|Keldeo-Resolute|40\/100 par\n|move|p2a: M|Bug Buzz|p1a: El Shintintin\n|-resisted|p1a: El Shintintin\n|-damage|p1a: El Shintintin|14\/100 par\n|\n|upkeep\n|turn|48\n|\n|t:|1700450619\n|move|p2a: M|Giga Drain|p1a: El Shintintin\n|-supereffective|p1a: El Shintintin\n|-damage|p1a: El Shintintin|0 fnt\n|-heal|p2a: M|67\/100|[from] drain|[of] p1a: El Shintintin\n|faint|p1a: El Shintintin\n|\n|upkeep\n|\n|t:|1700450621\n|switch|p1a: Pajarraco|Braviary, M, shiny|42\/100\n|turn|49\n|c| Feloxwtf|JAJAJAJA\n|\n|t:|1700450637\n|switch|p2a: Cry|Jellicent, F, shiny|100\/100\n|move|p1a: Pajarraco|Brave Bird|p2a: Cry\n|-damage|p2a: Cry|39\/100\n|-damage|p1a: Pajarraco|18\/100|[from] Recoil\n|\n|-heal|p2a: Cry|45\/100|[from] item: Leftovers\n|upkeep\n|turn|50\n|c| Feloxwtf|SE RE CAMBIABA DE BANDO\n|c| WolfLink1122|Acabo de romper mi televisor y tirar el control con rabia, al ver perder a STORM_WATERTIME. STORM_WATERTIME me avergonzo al frente de mi familia, mis dos hijos estan llorando. Los vecinos estan tocando la puerta tratando de calmarme, mientras voy caminando temblando a la pieza. Pierde STORM_WATERTIME, pierde la familia.\n|\n|t:|1700450645\n|move|p1a: Pajarraco|Brave Bird|p2a: Cry\n|-damage|p2a: Cry|0 fnt\n|faint|p2a: Cry\n|-damage|p1a: Pajarraco|1\/100|[from] Recoil\n|\n|upkeep\n|c| Feloxwtf|JASJDJJWJAJS\n|\n|t:|1700450647\n|switch|p2a: M|Volcarona, M|67\/100\n|turn|51\n|c| PatoPatito08|jiro si hac\u00edas quiver dance cuando pod\u00edas ganabas\n|\n|t:|1700450651\n|move|p1a: Pajarraco|Brave Bird|p2a: M\n|-supereffective|p2a: M\n|-damage|p2a: M|0 fnt\n|-status|p1a: Pajarraco|brn|[from] ability: Flame Body|[of] p2a: M\n|faint|p2a: M\n|-damage|p1a: Pajarraco|0 fnt|[from] Recoil\n|faint|p1a: Pajarraco\n|\n|win|zSlowKiller\n|c| WolfLink1122|Acabo de romper mi televisor y tirar el control con rabia, al ver perder a STORM_WATERTIME. STORM_WATERTIME me avergonzo al frente de mi familia, mis dos hijos estan llorando. Los vecinos estan tocando la puerta tratando de calmarme, mientras voy caminando temblando a la pieza. Pierde STORM_WATERTIME, pierde la familia.\n","uploadtime":1700450655,"views":2,"p1id":"zslowkiller","p2id":"stormwatertime","formatid":"gen9anythinggoes","rating":0,"private":0,"password":""}