{"id":"radicalred-gen9anythinggoes-549404","p1":"Blankeeee","p2":"BauerBob","format":"[Gen 9] Anything Goes","log":"|j|\u2606Blankeeee\n|j|\u2606BauerBob\n|t:|1700579306\n|gametype|singles\n|player|p1|Blankeeee|rr-mawilemega|\n|player|p2|BauerBob|rr-lechonk|\n|teamsize|p1|6\n|teamsize|p2|6\n|gen|9\n|tier|[Gen 9] Anything Goes\n|rule|HP Percentage Mod: HP is shown in percentages\n|rule|Endless Battle Clause: Forcing endless battles is banned\n|clearpoke\n|poke|p1|Tsareena, F|\n|poke|p1|Blissey, F|\n|poke|p1|Noctowl, F|\n|poke|p1|Greninja-*, M|\n|poke|p1|Cofagrigus, F|\n|poke|p1|Tinkaton, F|\n|poke|p2|Incineroar, M|\n|poke|p2|Sandslash-Alola, F|\n|poke|p2|Porygon2|\n|poke|p2|Jolteon, F|\n|poke|p2|Umbreon, F|\n|poke|p2|Alcremie, F|\n|teampreview\n|j| don7\n|j| fucsiada\n|\n|t:|1700579376\n|start\n|switch|p1a: Tsareena|Tsareena, F, shiny|100\/100\n|switch|p2a: Jolteon|Jolteon, F|100\/100\n|turn|1\n|\n|t:|1700579398\n|move|p1a: Tsareena|Power Whip|p2a: Jolteon\n|-damage|p2a: Jolteon|0 fnt\n|faint|p2a: Jolteon\n|\n|upkeep\n|\n|t:|1700579435\n|switch|p2a: Incineroar|Incineroar, M|100\/100\n|-ability|p2a: Incineroar|Intimidate|boost\n|-unboost|p1a: Tsareena|atk|1\n|turn|2\n|\n|t:|1700579457\n|switch|p1a: Greninja|Greninja, M, shiny|100\/100\n|move|p2a: Incineroar|U-turn|p1a: Greninja\n|-supereffective|p1a: Greninja\n|-damage|p1a: Greninja|15\/100\n|\n|t:|1700579481\n|switch|p2a: Alcremie|Alcremie, F|100\/100|[from] U-turn\n|\n|upkeep\n|turn|3\n|\n|t:|1700579488\n|switch|p1a: Tinkaton|Tinkaton, F, shiny|100\/100\n|-ability|p1a: Tinkaton|Mold Breaker\n|detailschange|p2a: Alcremie|Alcremie-Mega, F\n|-mega|p2a: Alcremie|Alcremie|Alcremite\n|move|p2a: Alcremie|Moonblast|p1a: Tinkaton\n|-resisted|p1a: Tinkaton\n|-damage|p1a: Tinkaton|77\/100\n|\n|-heal|p1a: Tinkaton|83\/100|[from] item: Leftovers\n|upkeep\n|turn|4\n|\n|t:|1700579507\n|switch|p2a: Porygon2|Porygon2|100\/100\n|move|p1a: Tinkaton|Swords Dance|p1a: Tinkaton\n|-boost|p1a: Tinkaton|atk|2\n|\n|-heal|p1a: Tinkaton|90\/100|[from] item: Leftovers\n|upkeep\n|turn|5\n|\n|t:|1700579520\n|move|p1a: Tinkaton|Knock Off|p2a: Porygon2\n|-damage|p2a: Porygon2|78\/100\n|-enditem|p2a: Porygon2|Eviolite|[from] move: Knock Off|[of] p1a: Tinkaton\n|move|p2a: Porygon2|Teleport|p2a: Porygon2\n|\n|t:|1700579546\n|switch|p2a: Incineroar|Incineroar, M|100\/100|[from] Teleport\n|-ability|p2a: Incineroar|Intimidate|boost\n|-unboost|p1a: Tinkaton|atk|1\n|\n|-heal|p1a: Tinkaton|96\/100|[from] item: Leftovers\n|upkeep\n|turn|6\n|\n|t:|1700579562\n|switch|p1a: Cofagrigus|Cofagrigus, F, shiny|100\/100\n|move|p2a: Incineroar|Flare Blitz|p1a: Cofagrigus\n|-damage|p1a: Cofagrigus|76\/100\n|-damage|p2a: Incineroar|94\/100|[from] Recoil\n|\n|-heal|p1a: Cofagrigus|82\/100|[from] item: Leftovers\n|upkeep\n|turn|7\n|\n|t:|1700579660\n|move|p2a: Incineroar|U-turn|p1a: Cofagrigus\n|-resisted|p1a: Cofagrigus\n|-damage|p1a: Cofagrigus|72\/100\n|\n|t:|1700579684\n|switch|p2a: Umbreon|Umbreon, F|100\/100|[from] U-turn\n|move|p1a: Cofagrigus|Pain Split|p2a: Umbreon\n|-sethp|p2a: Umbreon|79\/100|[from] move: Pain Split|[silent]\n|-sethp|p1a: Cofagrigus|98\/100|[from] move: Pain Split\n|\n|-heal|p2a: Umbreon|86\/100|[from] item: Leftovers\n|-heal|p1a: Cofagrigus|100\/100|[from] item: Leftovers\n|upkeep\n|turn|8\n|\n|t:|1700579737\n|switch|p1a: Tinkaton|Tinkaton, F, shiny|96\/100\n|-ability|p1a: Tinkaton|Mold Breaker\n|move|p2a: Umbreon|Toxic|p1a: Tinkaton|[miss]\n|-miss|p2a: Umbreon|p1a: Tinkaton\n|\n|-heal|p1a: Tinkaton|100\/100|[from] item: Leftovers\n|-heal|p2a: Umbreon|92\/100|[from] item: Leftovers\n|upkeep\n|turn|9\n|\n|t:|1700579749\n|switch|p2a: Incineroar|Incineroar, M|94\/100\n|-ability|p2a: Incineroar|Intimidate|boost\n|-unboost|p1a: Tinkaton|atk|1\n|move|p1a: Tinkaton|Play Rough|p2a: Incineroar\n|-damage|p2a: Incineroar|72\/100\n|\n|upkeep\n|turn|10\n|\n|t:|1700579773\n|switch|p1a: Noctowl|Noctowl, F, shiny|100\/100\n|move|p2a: Incineroar|Flare Blitz|p1a: Noctowl\n|-crit|p1a: Noctowl\n|-damage|p1a: Noctowl|0 fnt\n|faint|p1a: Noctowl\n|-damage|p2a: Incineroar|36\/100|[from] Recoil\n|\n|upkeep\n|\n|t:|1700579790\n|switch|p1a: Greninja|Greninja, M, shiny|15\/100\n|turn|11\n|\n|t:|1700579846\n|switch|p2a: Sandslash|Sandslash-Alola, F|100\/100\n|move|p1a: Greninja|Hydro Pump|p2a: Sandslash\n|-damage|p2a: Sandslash|70\/100\n|\n|upkeep\n|turn|12\n|\n|t:|1700579885\n|switch|p1a: Cofagrigus|Cofagrigus, F, shiny|100\/100\n|move|p2a: Sandslash|Stealth Rock|p1a: Cofagrigus\n|-sidestart|p1: Blankeeee|move: Stealth Rock\n|\n|upkeep\n|turn|13\n|\n|t:|1700579926\n|move|p2a: Sandslash|Knock Off|p1a: Cofagrigus\n|-supereffective|p1a: Cofagrigus\n|-damage|p1a: Cofagrigus|73\/100\n|-enditem|p1a: Cofagrigus|Leftovers|[from] move: Knock Off|[of] p2a: Sandslash\n|move|p1a: Cofagrigus|Shadow Ball|p2a: Sandslash\n|-crit|p2a: Sandslash\n|-damage|p2a: Sandslash|35\/100\n|-unboost|p2a: Sandslash|spd|1\n|\n|upkeep\n|turn|14\n|\n|t:|1700579939\n|switch|p2a: Umbreon|Umbreon, F|92\/100\n|move|p1a: Cofagrigus|Shadow Ball|p2a: Umbreon\n|-resisted|p2a: Umbreon\n|-crit|p2a: Umbreon\n|-damage|p2a: Umbreon|72\/100\n|\n|-heal|p2a: Umbreon|78\/100|[from] item: Leftovers\n|upkeep\n|turn|15\n|\n|t:|1700579959\n|switch|p1a: Tinkaton|Tinkaton, F, shiny|100\/100\n|-damage|p1a: Tinkaton|94\/100|[from] Stealth Rock\n|-ability|p1a: Tinkaton|Mold Breaker\n|move|p2a: Umbreon|Wish|p2a: Umbreon\n|\n|-heal|p1a: Tinkaton|100\/100|[from] item: Leftovers\n|-heal|p2a: Umbreon|84\/100|[from] item: Leftovers\n|upkeep\n|turn|16\n|\n|t:|1700579973\n|switch|p1a: Tsareena|Tsareena, F, shiny|100\/100\n|-damage|p1a: Tsareena|88\/100|[from] Stealth Rock\n|switch|p2a: Incineroar|Incineroar, M|36\/100\n|-ability|p2a: Incineroar|Intimidate|boost\n|-unboost|p1a: Tsareena|atk|1\n|\n|-heal|p2a: Incineroar|86\/100|[from] move: Wish|[wisher] Umbreon\n|upkeep\n|turn|17\n|\n|t:|1700579984\n|move|p2a: Incineroar|Fake Out||[still]\n|cant|p1a: Tsareena|ability: Queenly Majesty|Fake Out|[of] p2a: Incineroar\n|move|p1a: Tsareena|High Jump Kick|p2a: Incineroar\n|-supereffective|p2a: Incineroar\n|-damage|p2a: Incineroar|33\/100\n|\n|upkeep\n|turn|18\n|j| NikkiChi\n|\n|t:|1700580007\n|switch|p2a: Alcremie|Alcremie-Mega, F|100\/100\n|move|p1a: Tsareena|High Jump Kick|p2a: Alcremie\n|-resisted|p2a: Alcremie\n|-damage|p2a: Alcremie|90\/100\n|\n|-heal|p2a: Alcremie|96\/100|[from] ability: Self Sufficient\n|upkeep\n|turn|19\n|\n|t:|1700580014\n|switch|p1a: Blissey|Blissey, F, shiny|100\/100\n|-damage|p1a: Blissey|88\/100|[from] Stealth Rock\n|move|p2a: Alcremie|Substitute|p2a: Alcremie\n|-start|p2a: Alcremie|Substitute\n|-damage|p2a: Alcremie|71\/100\n|\n|-heal|p1a: Blissey|94\/100|[from] item: Leftovers\n|-heal|p2a: Alcremie|77\/100|[from] ability: Self Sufficient\n|upkeep\n|turn|20\n|\n|t:|1700580042\n|move|p2a: Alcremie|Calm Mind|p2a: Alcremie\n|-boost|p2a: Alcremie|spa|1\n|-boost|p2a: Alcremie|spd|1\n|move|p1a: Blissey|Seismic Toss|p2a: Alcremie\n|-end|p2a: Alcremie|Substitute\n|\n|-heal|p1a: Blissey|99\/100|[from] item: Leftovers\n|-heal|p2a: Alcremie|83\/100|[from] ability: Self Sufficient\n|upkeep\n|turn|21\n|l| NikkiChi\n|\n|t:|1700580068\n|switch|p2a: Umbreon|Umbreon, F|84\/100\n|move|p1a: Blissey|Seismic Toss|p2a: Umbreon\n|-damage|p2a: Umbreon|58\/100\n|\n|-heal|p2a: Umbreon|64\/100|[from] item: Leftovers\n|-heal|p1a: Blissey|100\/100|[from] item: Leftovers\n|upkeep\n|turn|22\n|\n|t:|1700580077\n|move|p2a: Umbreon|Wish|p2a: Umbreon\n|move|p1a: Blissey|Toxic|p2a: Umbreon\n|-status|p2a: Umbreon|tox\n|-activate|p2a: Umbreon|ability: Synchronize\n|-status|p1a: Blissey|tox\n|\n|-heal|p2a: Umbreon|71\/100 tox|[from] item: Leftovers\n|-damage|p2a: Umbreon|64\/100 tox|[from] psn\n|-damage|p1a: Blissey|94\/100 tox|[from] psn\n|upkeep\n|turn|23\n|\n|t:|1700580087\n|switch|p2a: Incineroar|Incineroar, M|33\/100\n|-ability|p2a: Incineroar|Intimidate|boost\n|-unboost|p1a: Blissey|atk|1\n|move|p1a: Blissey|Wish|p1a: Blissey\n|\n|-heal|p2a: Incineroar|83\/100|[from] move: Wish|[wisher] Umbreon\n|-heal|p1a: Blissey|100\/100 tox|[from] item: Leftovers\n|-damage|p1a: Blissey|88\/100 tox|[from] psn\n|upkeep\n|turn|24\n|\n|t:|1700580160\n|-curestatus|p1a: Blissey|tox|[from] ability: Natural Cure\n|switch|p1a: Cofagrigus|Cofagrigus, F, shiny|73\/100\n|-damage|p1a: Cofagrigus|61\/100|[from] Stealth Rock\n|move|p2a: Incineroar|Flare Blitz|p1a: Cofagrigus\n|-damage|p1a: Cofagrigus|8\/100\n|-status|p1a: Cofagrigus|brn\n|-damage|p2a: Incineroar|70\/100|[from] Recoil\n|\n|-heal|p1a: Cofagrigus|100\/100 brn|[from] move: Wish|[wisher] Blissey\n|-damage|p1a: Cofagrigus|95\/100 brn|[from] brn\n|upkeep\n|turn|25\n|\n|t:|1700580206\n|move|p2a: Incineroar|U-turn|p1a: Cofagrigus\n|-resisted|p1a: Cofagrigus\n|-damage|p1a: Cofagrigus|84\/100 brn\n|\n|t:|1700580210\n|switch|p2a: Umbreon|Umbreon, F|64\/100 tox|[from] U-turn\n|move|p1a: Cofagrigus|Pain Split|p2a: Umbreon\n|-sethp|p2a: Umbreon|66\/100 tox|[from] move: Pain Split|[silent]\n|-sethp|p1a: Cofagrigus|82\/100 brn|[from] move: Pain Split\n|\n|-heal|p2a: Umbreon|72\/100 tox|[from] item: Leftovers\n|-damage|p2a: Umbreon|66\/100 tox|[from] psn\n|-damage|p1a: Cofagrigus|76\/100 brn|[from] brn\n|upkeep\n|turn|26\n|\n|t:|1700580223\n|switch|p1a: Greninja|Greninja, M, shiny|15\/100\n|-damage|p1a: Greninja|3\/100|[from] Stealth Rock\n|move|p2a: Umbreon|Wish|p2a: Umbreon\n|\n|-heal|p2a: Umbreon|72\/100 tox|[from] item: Leftovers\n|-damage|p2a: Umbreon|60\/100 tox|[from] psn\n|upkeep\n|turn|27\n|\n|t:|1700580248\n|-zpower|p1a: Greninja\n|move|p1a: Greninja|Subzero Slammer|p2a: Umbreon|[zeffect]\n|-crit|p2a: Umbreon\n|-damage|p2a: Umbreon|6\/100 tox\n|move|p2a: Umbreon|Foul Play|p1a: Greninja\n|-resisted|p1a: Greninja\n|-damage|p1a: Greninja|0 fnt\n|faint|p1a: Greninja\n|\n|-heal|p2a: Umbreon|56\/100 tox|[from] move: Wish|[wisher] Umbreon\n|-heal|p2a: Umbreon|62\/100 tox|[from] item: Leftovers\n|-damage|p2a: Umbreon|44\/100 tox|[from] psn\n|upkeep\n|\n|t:|1700580316\n|switch|p1a: Tinkaton|Tinkaton, F, shiny|100\/100\n|-damage|p1a: Tinkaton|94\/100|[from] Stealth Rock\n|-ability|p1a: Tinkaton|Mold Breaker\n|turn|28\n|\n|t:|1700580322\n|switch|p2a: Incineroar|Incineroar, M|70\/100\n|-ability|p2a: Incineroar|Intimidate|boost\n|-unboost|p1a: Tinkaton|atk|1\n|move|p1a: Tinkaton|Swords Dance|p1a: Tinkaton\n|-boost|p1a: Tinkaton|atk|2\n|\n|-heal|p1a: Tinkaton|100\/100|[from] item: Leftovers\n|upkeep\n|turn|29\n|\n|t:|1700580341\n|move|p1a: Tinkaton|Play Rough|p2a: Incineroar\n|-damage|p2a: Incineroar|19\/100\n|-unboost|p2a: Incineroar|atk|1\n|move|p2a: Incineroar|Flare Blitz|p1a: Tinkaton\n|-supereffective|p1a: Tinkaton\n|-damage|p1a: Tinkaton|4\/100\n|-damage|p2a: Incineroar|0 fnt|[from] Recoil\n|faint|p2a: Incineroar\n|\n|-heal|p1a: Tinkaton|10\/100|[from] item: Leftovers\n|upkeep\n|\n|t:|1700580358\n|switch|p2a: Sandslash|Sandslash-Alola, F|35\/100\n|turn|30\n|\n|t:|1700580364\n|move|p2a: Sandslash|Ice Shard|p1a: Tinkaton\n|-resisted|p1a: Tinkaton\n|-damage|p1a: Tinkaton|0 fnt\n|faint|p1a: Tinkaton\n|\n|upkeep\n|\n|t:|1700580376\n|switch|p1a: Cofagrigus|Cofagrigus, F, shiny|76\/100 brn\n|-damage|p1a: Cofagrigus|64\/100 brn|[from] Stealth Rock\n|turn|31\n|\n|t:|1700580385\n|switch|p2a: Umbreon|Umbreon, F|44\/100 tox\n|move|p1a: Cofagrigus|Shadow Ball|p2a: Umbreon\n|-resisted|p2a: Umbreon\n|-damage|p2a: Umbreon|30\/100 tox\n|\n|-heal|p2a: Umbreon|36\/100 tox|[from] item: Leftovers\n|-damage|p2a: Umbreon|30\/100 tox|[from] psn\n|-damage|p1a: Cofagrigus|58\/100 brn|[from] brn\n|upkeep\n|turn|32\n|\n|t:|1700580395\n|switch|p1a: Blissey|Blissey, F, shiny|88\/100\n|-damage|p1a: Blissey|76\/100|[from] Stealth Rock\n|move|p2a: Umbreon|Wish|p2a: Umbreon\n|\n|-heal|p2a: Umbreon|36\/100 tox|[from] item: Leftovers\n|-heal|p1a: Blissey|82\/100|[from] item: Leftovers\n|-damage|p2a: Umbreon|24\/100 tox|[from] psn\n|upkeep\n|turn|33\n|\n|t:|1700580405\n|switch|p2a: Sandslash|Sandslash-Alola, F|35\/100\n|move|p1a: Blissey|Wish|p1a: Blissey\n|\n|-heal|p2a: Sandslash|91\/100|[from] move: Wish|[wisher] Umbreon\n|-heal|p1a: Blissey|88\/100|[from] item: Leftovers\n|upkeep\n|turn|34\n|\n|t:|1700580417\n|switch|p1a: Tsareena|Tsareena, F, shiny|88\/100\n|-damage|p1a: Tsareena|76\/100|[from] Stealth Rock\n|move|p2a: Sandslash|Knock Off|p1a: Tsareena\n|-damage|p1a: Tsareena|39\/100\n|-enditem|p1a: Tsareena|Choice Scarf|[from] move: Knock Off|[of] p2a: Sandslash\n|\n|-heal|p1a: Tsareena|100\/100|[from] move: Wish|[wisher] Blissey\n|upkeep\n|turn|35\n|\n|t:|1700580446\n|switch|p2a: Alcremie|Alcremie-Mega, F|83\/100\n|move|p1a: Tsareena|Power Whip|p2a: Alcremie\n|-damage|p2a: Alcremie|33\/100\n|\n|-heal|p2a: Alcremie|39\/100|[from] ability: Self Sufficient\n|upkeep\n|turn|36\n|\n|t:|1700580457\n|switch|p2a: Porygon2|Porygon2|78\/100\n|move|p1a: Tsareena|Power Whip|p2a: Porygon2|[miss]\n|-miss|p1a: Tsareena|p2a: Porygon2\n|\n|upkeep\n|turn|37\n|\n|t:|1700580465\n|move|p1a: Tsareena|High Jump Kick|p2a: Porygon2\n|-supereffective|p2a: Porygon2\n|-damage|p2a: Porygon2|15\/100\n|move|p2a: Porygon2|Toxic|p1a: Tsareena\n|-status|p1a: Tsareena|tox\n|\n|-damage|p1a: Tsareena|95\/100 tox|[from] psn\n|upkeep\n|turn|38\n|\n|t:|1700580482\n|switch|p2a: Umbreon|Umbreon, F|24\/100 tox\n|move|p1a: Tsareena|Knock Off|p2a: Umbreon\n|-resisted|p2a: Umbreon\n|-damage|p2a: Umbreon|15\/100 tox\n|-enditem|p2a: Umbreon|Leftovers|[from] move: Knock Off|[of] p1a: Tsareena\n|\n|-damage|p1a: Tsareena|83\/100 tox|[from] psn\n|-damage|p2a: Umbreon|9\/100 tox|[from] psn\n|upkeep\n|turn|39\n|\n|t:|1700580491\n|move|p2a: Umbreon|Protect|p2a: Umbreon\n|-singleturn|p2a: Umbreon|Protect\n|move|p1a: Tsareena|U-turn|p2a: Umbreon\n|-activate|p2a: Umbreon|move: Protect\n|\n|-damage|p1a: Tsareena|65\/100 tox|[from] psn\n|-damage|p2a: Umbreon|0 fnt|[from] psn\n|faint|p2a: Umbreon\n|upkeep\n|\n|t:|1700580517\n|switch|p2a: Sandslash|Sandslash-Alola, F|91\/100\n|turn|40\n|\n|t:|1700580528\n|switch|p1a: Cofagrigus|Cofagrigus, F, shiny|58\/100 brn\n|-damage|p1a: Cofagrigus|45\/100 brn|[from] Stealth Rock\n|move|p2a: Sandslash|Icicle Crash|p1a: Cofagrigus\n|-damage|p1a: Cofagrigus|14\/100 brn\n|\n|-damage|p1a: Cofagrigus|8\/100 brn|[from] brn\n|upkeep\n|turn|41\n|\n|t:|1700580539\n|move|p2a: Sandslash|Icicle Crash|p1a: Cofagrigus\n|-damage|p1a: Cofagrigus|0 fnt\n|faint|p1a: Cofagrigus\n|\n|upkeep\n|\n|t:|1700580541\n|switch|p1a: Tsareena|Tsareena, F, shiny|65\/100 tox\n|-damage|p1a: Tsareena|52\/100 tox|[from] Stealth Rock\n|turn|42\n|\n|t:|1700580547\n|switch|p2a: Alcremie|Alcremie-Mega, F|39\/100\n|move|p1a: Tsareena|High Jump Kick|p2a: Alcremie\n|-resisted|p2a: Alcremie\n|-damage|p2a: Alcremie|22\/100\n|\n|-damage|p1a: Tsareena|46\/100 tox|[from] psn\n|-heal|p2a: Alcremie|28\/100|[from] ability: Self Sufficient\n|upkeep\n|turn|43\n|\n|t:|1700580559\n|switch|p1a: Blissey|Blissey, F, shiny|88\/100\n|-damage|p1a: Blissey|76\/100|[from] Stealth Rock\n|switch|p2a: Sandslash|Sandslash-Alola, F|91\/100\n|\n|-heal|p1a: Blissey|82\/100|[from] item: Leftovers\n|upkeep\n|turn|44\n|\n|t:|1700580570\n|move|p2a: Sandslash|Knock Off|p1a: Blissey\n|-damage|p1a: Blissey|51\/100\n|-enditem|p1a: Blissey|Leftovers|[from] move: Knock Off|[of] p2a: Sandslash\n|move|p1a: Blissey|Wish|p1a: Blissey\n|\n|upkeep\n|turn|45\n|\n|t:|1700580584\n|move|p2a: Sandslash|Icicle Crash|p1a: Blissey\n|-damage|p1a: Blissey|12\/100\n|move|p1a: Blissey|Teleport|p1a: Blissey\n|\n|t:|1700580588\n|switch|p1a: Tsareena|Tsareena, F, shiny|46\/100 tox|[from] Teleport\n|-damage|p1a: Tsareena|34\/100 tox|[from] Stealth Rock\n|\n|-heal|p1a: Tsareena|100\/100 tox|[from] move: Wish|[wisher] Blissey\n|-damage|p1a: Tsareena|95\/100 tox|[from] psn\n|upkeep\n|turn|46\n|\n|t:|1700580598\n|move|p1a: Tsareena|High Jump Kick|p2a: Sandslash\n|-supereffective|p2a: Sandslash\n|-damage|p2a: Sandslash|0 fnt\n|faint|p2a: Sandslash\n|\n|-damage|p1a: Tsareena|83\/100 tox|[from] psn\n|upkeep\n|\n|t:|1700580607\n|switch|p2a: Alcremie|Alcremie-Mega, F|28\/100\n|turn|47\n|\n|t:|1700580614\n|move|p1a: Tsareena|Power Whip|p2a: Alcremie\n|-damage|p2a: Alcremie|0 fnt\n|faint|p2a: Alcremie\n|\n|-damage|p1a: Tsareena|65\/100 tox|[from] psn\n|upkeep\n|\n|t:|1700580621\n|switch|p2a: Porygon2|Porygon2|15\/100\n|turn|48\n|\n|t:|1700580626\n|move|p1a: Tsareena|Knock Off|p2a: Porygon2\n|-damage|p2a: Porygon2|0 fnt\n|faint|p2a: Porygon2\n|\n|win|Blankeeee\n|l| fucsiada\n|l| don7\n|l|\u2606BauerBob\n|l|\u2606Blankeeee\n|j| fucsiada\n","uploadtime":1700580635,"views":4,"p1id":"blankeeee","p2id":"bauerbob","formatid":"gen9anythinggoes","rating":0,"private":0,"password":""}