{"id":"radicalred-gen9anythinggoes-542889","p1":"TanaTheGreat","p2":"Jowy2150","format":"[Gen 9] Anything Goes","log":"|j|\u2606TanaTheGreat\n|j|\u2606Jowy2150\n|t:|1699220971\n|gametype|singles\n|player|p1|TanaTheGreat|rr-regirock|\n|player|p2|Jowy2150|2|\n|teamsize|p1|6\n|teamsize|p2|6\n|gen|9\n|tier|[Gen 9] Anything Goes\n|rule|HP Percentage Mod: HP is shown in percentages\n|rule|Endless Battle Clause: Forcing endless battles is banned\n|rule|Sleep Clause Mod: Limit one foe put to sleep\n|clearpoke\n|poke|p1|Jellicent, M|\n|poke|p1|Serperior, M|\n|poke|p1|Gigalith, M|\n|poke|p1|Conkeldurr, M|\n|poke|p1|Hydreigon, F|\n|poke|p1|Excadrill, M|\n|poke|p2|Conkeldurr, M|\n|poke|p2|Galvantula, F|\n|poke|p2|Amoonguss, F|\n|poke|p2|Keldeo-Resolute|\n|poke|p2|Haxorus, M|\n|poke|p2|Hydreigon, M|\n|teampreview\n|c|\u2606Jowy2150|gl\n|j| owless\n|inactive|Battle timer is ON: inactive players will automatically lose when time's up. (requested by TanaTheGreat)\n|c|\u2606TanaTheGreat|glhf!\n|\n|t:|1699221008\n|start\n|switch|p1a: Dwayne|Gigalith, M|100\/100\n|switch|p2a: Juli\u00e1n \u00c1lvarez|Galvantula, F|100\/100\n|-weather|Sandstorm|[from] ability: Sand Stream|[of] p1a: Dwayne\n|turn|1\n|inactive|TanaTheGreat has 270 seconds left.\n|\n|t:|1699221039\n|switch|p2a: Impostor|Amoonguss, F|100\/100\n|move|p1a: Dwayne|Stealth Rock|p2a: Impostor\n|-sidestart|p2: Jowy2150|move: Stealth Rock\n|\n|-weather|Sandstorm|[upkeep]\n|-damage|p2a: Impostor|94\/100|[from] Sandstorm\n|-heal|p2a: Impostor|100\/100|[from] item: Black Sludge\n|upkeep\n|turn|2\n|inactive|TanaTheGreat has 270 seconds left.\n|\n|t:|1699221058\n|switch|p1a: El flaco de Alex|Serperior, M|100\/100\n|move|p2a: Impostor|Sludge Bomb|p1a: El flaco de Alex\n|-supereffective|p1a: El flaco de Alex\n|-damage|p1a: El flaco de Alex|26\/100\n|\n|-weather|Sandstorm|[upkeep]\n|-damage|p1a: El flaco de Alex|20\/100|[from] Sandstorm\n|-damage|p2a: Impostor|94\/100|[from] Sandstorm\n|-heal|p2a: Impostor|100\/100|[from] item: Black Sludge\n|upkeep\n|turn|3\n|inactive|TanaTheGreat has 270 seconds left.\n|\n|t:|1699221074\n|move|p1a: El flaco de Alex|Reflect|p1a: El flaco de Alex\n|-sidestart|p1: TanaTheGreat|Reflect\n|move|p2a: Impostor|Sludge Bomb|p1a: El flaco de Alex\n|-supereffective|p1a: El flaco de Alex\n|-damage|p1a: El flaco de Alex|0 fnt\n|faint|p1a: El flaco de Alex\n|\n|-weather|Sandstorm|[upkeep]\n|-damage|p2a: Impostor|94\/100|[from] Sandstorm\n|-heal|p2a: Impostor|100\/100|[from] item: Black Sludge\n|upkeep\n|\n|t:|1699221088\n|switch|p1a: La \u00c9lite|Hydreigon, F|100\/100\n|turn|4\n|\n|t:|1699221095\n|move|p1a: La \u00c9lite|Dark Hole|p2a: Impostor\n|-damage|p2a: Impostor|60\/100\n|move|p2a: Impostor|Spore|p1a: La \u00c9lite\n|-status|p1a: La \u00c9lite|slp|[from] move: Spore\n|\n|-weather|Sandstorm|[upkeep]\n|-damage|p1a: La \u00c9lite|94\/100 slp|[from] Sandstorm\n|-damage|p2a: Impostor|54\/100|[from] Sandstorm\n|-heal|p2a: Impostor|60\/100|[from] item: Black Sludge\n|upkeep\n|turn|5\n|\n|t:|1699221105\n|switch|p1a: Clay|Excadrill, M|100\/100\n|-item|p1a: Clay|Air Balloon\n|move|p2a: Impostor|Giga Drain|p1a: Clay\n|-damage|p1a: Clay|68\/100\n|-heal|p2a: Impostor|74\/100|[from] drain|[of] p1a: Clay\n|-enditem|p1a: Clay|Air Balloon\n|\n|-weather|Sandstorm|[upkeep]\n|-damage|p2a: Impostor|68\/100|[from] Sandstorm\n|-heal|p2a: Impostor|74\/100|[from] item: Black Sludge\n|upkeep\n|turn|6\n|inactive|TanaTheGreat has 270 seconds left.\n|\n|t:|1699221128\n|move|p1a: Clay|Earthquake|p2a: Impostor\n|-damage|p2a: Impostor|19\/100\n|move|p2a: Impostor|Giga Drain|p1a: Clay\n|-crit|p1a: Clay\n|-damage|p1a: Clay|18\/100\n|-heal|p2a: Impostor|40\/100|[from] drain|[of] p1a: Clay\n|\n|-weather|Sandstorm|[upkeep]\n|-damage|p2a: Impostor|34\/100|[from] Sandstorm\n|-heal|p2a: Impostor|40\/100|[from] item: Black Sludge\n|upkeep\n|turn|7\n|\n|t:|1699221137\n|move|p1a: Clay|Earthquake|p2a: Impostor\n|-damage|p2a: Impostor|0 fnt\n|faint|p2a: Impostor\n|\n|-weather|Sandstorm|[upkeep]\n|upkeep\n|\n|t:|1699221144\n|switch|p2a: Mbappe|Haxorus, M, shiny|100\/100\n|-damage|p2a: Mbappe|88\/100|[from] Stealth Rock\n|-ability|p2a: Mbappe|Mold Breaker\n|turn|8\n|inactive|TanaTheGreat has 270 seconds left.\n|\n|t:|1699221158\n|move|p1a: Clay|Iron Head|p2a: Mbappe\n|-damage|p2a: Mbappe|38\/100\n|move|p2a: Mbappe|Brick Break|p1a: Clay\n|-sideend|p1: TanaTheGreat|Reflect\n|-supereffective|p1a: Clay\n|-damage|p1a: Clay|0 fnt\n|faint|p1a: Clay\n|\n|-weather|none\n|upkeep\n|inactive|TanaTheGreat has 270 seconds left.\n|\n|t:|1699221168\n|switch|p1a: Ayud\u00edn|Jellicent, M, shiny|100\/100\n|turn|9\n|inactive|TanaTheGreat has 270 seconds left.\n|\n|t:|1699221178\n|switch|p2a: BlackWolf|Conkeldurr, M, shiny|100\/100\n|-damage|p2a: BlackWolf|94\/100|[from] Stealth Rock\n|move|p1a: Ayud\u00edn|Dazzling Gleam|p2a: BlackWolf\n|-supereffective|p2a: BlackWolf\n|-damage|p2a: BlackWolf|59\/100\n|\n|-status|p2a: BlackWolf|brn|[from] item: Flame Orb\n|upkeep\n|turn|10\n|inactive|TanaTheGreat has 270 seconds left.\n|\n|t:|1699221197\n|move|p1a: Ayud\u00edn|Dazzling Gleam|p2a: BlackWolf\n|-supereffective|p2a: BlackWolf\n|-damage|p2a: BlackWolf|26\/100 brn\n|move|p2a: BlackWolf|Ice Punch|p1a: Ayud\u00edn\n|-resisted|p1a: Ayud\u00edn\n|-damage|p1a: Ayud\u00edn|83\/100\n|\n|-heal|p1a: Ayud\u00edn|89\/100|[from] item: Leftovers\n|-damage|p2a: BlackWolf|20\/100 brn|[from] brn\n|upkeep\n|turn|11\n|inactive|TanaTheGreat has 270 seconds left.\n|\n|t:|1699221220\n|move|p1a: Ayud\u00edn|Dazzling Gleam|p2a: BlackWolf\n|-supereffective|p2a: BlackWolf\n|-damage|p2a: BlackWolf|0 fnt\n|faint|p2a: BlackWolf\n|\n|-heal|p1a: Ayud\u00edn|96\/100|[from] item: Leftovers\n|upkeep\n|\n|t:|1699221227\n|switch|p2a: Juli\u00e1n \u00c1lvarez|Galvantula, F|100\/100\n|-damage|p2a: Juli\u00e1n \u00c1lvarez|76\/100|[from] Stealth Rock\n|turn|12\n|\n|t:|1699221233\n|switch|p1a: Dwayne|Gigalith, M|100\/100\n|-weather|Sandstorm|[from] ability: Sand Stream|[of] p1a: Dwayne\n|move|p2a: Juli\u00e1n \u00c1lvarez|Sticky Web|p1a: Dwayne\n|-sidestart|p1: TanaTheGreat|move: Sticky Web\n|\n|-weather|Sandstorm|[upkeep]\n|-damage|p2a: Juli\u00e1n \u00c1lvarez|70\/100|[from] Sandstorm\n|upkeep\n|turn|13\n|\n|t:|1699221245\n|switch|p2a: :D|Keldeo-Resolute, shiny|100\/100\n|-damage|p2a: :D|94\/100|[from] Stealth Rock\n|move|p1a: Dwayne|Stone Edge|p2a: :D\n|-resisted|p2a: :D\n|-crit|p2a: :D\n|-damage|p2a: :D|55\/100\n|\n|-weather|Sandstorm|[upkeep]\n|-damage|p2a: :D|48\/100|[from] Sandstorm\n|upkeep\n|turn|14\n|\n|t:|1699221258\n|move|p2a: :D|Hydro Pump|p1a: Dwayne|[miss]\n|-miss|p2a: :D|p1a: Dwayne\n|move|p1a: Dwayne|Explosion|p2a: :D\n|-damage|p2a: :D|0 fnt\n|faint|p1a: Dwayne\n|faint|p2a: :D\n|\n|-weather|Sandstorm|[upkeep]\n|upkeep\n|\n|t:|1699221271\n|switch|p2a: Lewandowski|Hydreigon, M, shiny|100\/100\n|switch|p1a: Auronplay|Conkeldurr, M|100\/100\n|-damage|p2a: Lewandowski|88\/100|[from] Stealth Rock\n|-activate|p1a: Auronplay|move: Sticky Web\n|-unboost|p1a: Auronplay|spe|1\n|turn|15\n|j| Storm_WaterTime\n|\n|t:|1699221280\n|move|p2a: Lewandowski|Dark Hole|p1a: Auronplay\n|-resisted|p1a: Auronplay\n|-damage|p1a: Auronplay|74\/100\n|move|p1a: Auronplay|Drain Punch|p2a: Lewandowski\n|-supereffective|p2a: Lewandowski\n|-damage|p2a: Lewandowski|0 fnt\n|-heal|p1a: Auronplay|100\/100|[from] drain|[of] p2a: Lewandowski\n|faint|p2a: Lewandowski\n|\n|-weather|Sandstorm|[upkeep]\n|-damage|p1a: Auronplay|95\/100|[from] Sandstorm\n|-status|p1a: Auronplay|brn|[from] item: Flame Orb\n|upkeep\n|\n|t:|1699221293\n|switch|p2a: Mbappe|Haxorus, M, shiny|38\/100\n|-damage|p2a: Mbappe|25\/100|[from] Stealth Rock\n|-ability|p2a: Mbappe|Mold Breaker\n|turn|16\n|\n|t:|1699221298\n|move|p1a: Auronplay|Mach Punch|p2a: Mbappe\n|-damage|p2a: Mbappe|0 fnt\n|faint|p2a: Mbappe\n|\n|-weather|Sandstorm|[upkeep]\n|-damage|p1a: Auronplay|89\/100 brn|[from] Sandstorm\n|-damage|p1a: Auronplay|83\/100 brn|[from] brn\n|upkeep\n|c|\u2606Jowy2150|gg\n|\n|t:|1699221305\n|switch|p2a: Juli\u00e1n \u00c1lvarez|Galvantula, F|70\/100\n|-damage|p2a: Juli\u00e1n \u00c1lvarez|45\/100|[from] Stealth Rock\n|turn|17\n|c|\u2606TanaTheGreat|gg\n|\n|t:|1699221313\n|move|p1a: Auronplay|Mach Punch|p2a: Juli\u00e1n \u00c1lvarez\n|-resisted|p2a: Juli\u00e1n \u00c1lvarez\n|-damage|p2a: Juli\u00e1n \u00c1lvarez|13\/100\n|move|p2a: Juli\u00e1n \u00c1lvarez|Bug Buzz|p1a: Auronplay\n|-resisted|p1a: Auronplay\n|-damage|p1a: Auronplay|57\/100 brn\n|\n|-weather|Sandstorm|[upkeep]\n|-damage|p2a: Juli\u00e1n \u00c1lvarez|7\/100|[from] Sandstorm\n|-damage|p1a: Auronplay|51\/100 brn|[from] Sandstorm\n|-damage|p1a: Auronplay|45\/100 brn|[from] brn\n|upkeep\n|turn|18\n|\n|t:|1699221323\n|move|p1a: Auronplay|Mach Punch|p2a: Juli\u00e1n \u00c1lvarez\n|-resisted|p2a: Juli\u00e1n \u00c1lvarez\n|-damage|p2a: Juli\u00e1n \u00c1lvarez|0 fnt\n|faint|p2a: Juli\u00e1n \u00c1lvarez\n|\n|win|TanaTheGreat\n|c|\u2606TanaTheGreat|gg\n","uploadtime":1699221332,"views":5,"p1id":"tanathegreat","p2id":"jowy2150","formatid":"gen9anythinggoes","rating":0,"private":0,"password":""}