{"id":"smogtours-gen9anythinggoes-724823","p1":"Taka","p2":"Skysolo \u2764","format":"[Gen 9] Anything Goes","log":"|inactive|Battle timer is ON: inactive players will automatically lose when time's up.\n|t:|1697758502\n|gametype|singles\n|player|p1|Taka|#scl3spartans|\n|player|p2|Skysolo \u2764|#pspl2019ubers|\n|teamsize|p1|6\n|teamsize|p2|6\n|gen|9\n|tier|[Gen 9] Anything Goes\n|rule|HP Percentage Mod: HP is shown in percentages\n|rule|Endless Battle Clause: Forcing endless battles is banned\n|clearpoke\n|poke|p1|Koraidon|\n|poke|p1|Koraidon|\n|poke|p1|Calyrex-Ice|\n|poke|p1|Arceus|\n|poke|p1|Ting-Lu|\n|poke|p1|Giratina-Origin|\n|poke|p2|Arceus|\n|poke|p2|Koraidon|\n|poke|p2|Zacian-*|\n|poke|p2|Calyrex-Shadow|\n|poke|p2|Landorus-Therian, M|\n|poke|p2|Ting-Lu|\n|teampreview\n|inactive|Taka also wants the timer to be on.\n|c|\u2606Taka|hf\n|c|\u2606Skysolo \u2764|u2\n|inactive|Taka has 270 seconds left.\n|inactive|Skysolo \u2764 has 270 seconds left.\n|inactive|Taka disconnected and has 300 seconds to reconnect!\n|player|p1|\n|inactive|Taka reconnected and has 250 seconds left.\n|player|p1|Taka|#scl3spartans\n|inactive|Taka has 240 seconds left.\n|inactive|Skysolo \u2764 has 240 seconds left.\n|c|\u2606Taka|test\n|c|\u2606Taka|is this goin thru\n|\n|t:|1697758575\n|start\n|switch|p1a: Koraidon|Koraidon|100\/100\n|switch|p2a: Calyrex|Calyrex-Shadow|100\/100\n|-ability|p2a: Calyrex|As One\n|-ability|p2a: Calyrex|Unnerve\n|-weather|SunnyDay|[from] ability: Orichalcum Pulse|[of] p1a: Koraidon\n|-activate|p1a: Koraidon|Orichalcum Pulse|[source]\n|turn|1\n|c|\u2606Skysolo \u2764|y\n|inactive|Skysolo \u2764 has 270 seconds left.\n|inactive|Taka has 270 seconds left.\n|\n|t:|1697758631\n|switch|p1a: Ting-Lu|Ting-Lu|100\/100\n|-ability|p1a: Ting-Lu|Vessel of Ruin\n|move|p2a: Calyrex|Will-O-Wisp|p1a: Ting-Lu\n|-status|p1a: Ting-Lu|brn\n|\n|-weather|SunnyDay|[upkeep]\n|-damage|p1a: Ting-Lu|94\/100 brn|[from] brn\n|upkeep\n|turn|2\n|\n|t:|1697758651\n|move|p2a: Calyrex|Grass Knot|p1a: Ting-Lu\n|-supereffective|p1a: Ting-Lu\n|-damage|p1a: Ting-Lu|41\/100 brn\n|-enditem|p1a: Ting-Lu|Eject Button\n|inactive|Taka has 240 seconds left.\n|\n|t:|1697758667\n|switch|p1a: Arceus|Arceus|100\/100\n|\n|-weather|SunnyDay|[upkeep]\n|upkeep\n|turn|3\n|inactive|Skysolo \u2764 has 270 seconds left.\n|inactive|Taka has 240 seconds left.\n|inactive|Skysolo \u2764 has 240 seconds left.\n|inactive|Taka has 210 seconds left.\n|\n|t:|1697758741\n|switch|p2a: Koraidon|Koraidon|100\/100\n|-activate|p2a: Koraidon|ability: Orichalcum Pulse\n|move|p1a: Arceus|Swords Dance|p1a: Arceus\n|-boost|p1a: Arceus|atk|2\n|\n|-weather|SunnyDay|[upkeep]\n|upkeep\n|turn|4\n|inactive|Taka has 210 seconds left.\n|inactive|Skysolo \u2764 has 210 seconds left.\n|inactive|Skysolo \u2764 has 180 seconds left.\n|inactive|Taka has 180 seconds left.\n|\n|t:|1697758808\n|move|p1a: Arceus|Extreme Speed|p2a: Koraidon\n|-damage|p2a: Koraidon|29\/100\n|move|p2a: Koraidon|Low Kick|p1a: Arceus\n|-supereffective|p1a: Arceus\n|-damage|p1a: Arceus|0 fnt\n|faint|p1a: Arceus\n|\n|-weather|SunnyDay|[upkeep]\n|upkeep\n|inactive|Taka has 180 seconds left.\n|\n|t:|1697758817\n|switch|p1a: Koraidon|Koraidon|100\/100\n|-activate|p1a: Koraidon|ability: Orichalcum Pulse\n|turn|5\n|inactive|Taka has 180 seconds left.\n|inactive|Skysolo \u2764 has 150 seconds left.\n|\n|t:|1697758856\n|move|p1a: Koraidon|Dragon Claw|p2a: Koraidon\n|-supereffective|p2a: Koraidon\n|-damage|p2a: Koraidon|0 fnt\n|faint|p2a: Koraidon\n|\n|-weather|none\n|upkeep\n|inactive|Skysolo \u2764 has 150 seconds left.\n|\n|t:|1697758864\n|switch|p2a: Zacian|Zacian-Crowned|100\/100\n|-ability|p2a: Zacian|Intrepid Sword|boost\n|-boost|p2a: Zacian|atk|1\n|turn|6\n|\n|t:|1697758867\n|switch|p1a: Ting-Lu|Ting-Lu|41\/100 brn\n|-ability|p1a: Ting-Lu|Vessel of Ruin\n|move|p2a: Zacian|Swords Dance|p2a: Zacian\n|-boost|p2a: Zacian|atk|2\n|\n|-damage|p1a: Ting-Lu|35\/100 brn|[from] brn\n|upkeep\n|turn|7\n|\n|t:|1697758871\n|move|p2a: Zacian|Trailblaze|p1a: Ting-Lu\n|-supereffective|p1a: Ting-Lu\n|-damage|p1a: Ting-Lu|0 fnt\n|-boost|p2a: Zacian|spe|1\n|faint|p1a: Ting-Lu\n|\n|upkeep\n|inactive|Taka has 180 seconds left.\n|\n|t:|1697758899\n|switch|p1a: Giratina|Giratina-Origin|100\/100\n|turn|8\n|inactive|Skysolo \u2764 has 180 seconds left.\n|inactive|Taka has 150 seconds left.\n|inactive|Skysolo \u2764 has 150 seconds left.\n|inactive|Taka has 120 seconds left.\n|inactive|Taka has 90 seconds left.\n|inactive|Skysolo \u2764 has 120 seconds left.\n|\n|t:|1697758998\n|move|p1a: Giratina|Shadow Sneak|p2a: Zacian\n|-damage|p2a: Zacian|81\/100\n|move|p2a: Zacian|Behemoth Blade|p1a: Giratina\n|-damage|p1a: Giratina|0 fnt\n|faint|p1a: Giratina\n|\n|upkeep\n|\n|t:|1697759008\n|switch|p1a: Calyrex|Calyrex-Ice|100\/100\n|-ability|p1a: Calyrex|As One\n|-ability|p1a: Calyrex|Unnerve\n|turn|9\n|inactive|Skysolo \u2764 has 120 seconds left.\n|\n|t:|1697759027\n|-terastallize|p1a: Calyrex|Fire\n|move|p2a: Zacian|Behemoth Blade|p1a: Calyrex\n|-resisted|p1a: Calyrex\n|-damage|p1a: Calyrex|55\/100\n|move|p1a: Calyrex|Trick Room|p1a: Calyrex\n|-fieldstart|move: Trick Room|[of] p1a: Calyrex\n|\n|upkeep\n|turn|10\n|inactive|Skysolo \u2764 has 120 seconds left.\n|inactive|Taka has 60 seconds left.\n|\n|t:|1697759060\n|move|p1a: Calyrex|High Horsepower|p2a: Zacian\n|-supereffective|p2a: Zacian\n|-damage|p2a: Zacian|0 fnt\n|faint|p2a: Zacian\n|-ability|p1a: Calyrex|Chilling Neigh|boost\n|-boost|p1a: Calyrex|atk|1\n|\n|upkeep\n|\n|t:|1697759073\n|switch|p2a: Landorus|Landorus-Therian, M|100\/100\n|-ability|p2a: Landorus|Intimidate|boost\n|-unboost|p1a: Calyrex|atk|1\n|turn|11\n|inactive|Taka has 60 seconds left.\n|\n|t:|1697759108\n|switch|p2a: Ting-Lu|Ting-Lu|100\/100\n|-ability|p2a: Ting-Lu|Vessel of Ruin\n|move|p1a: Calyrex|Glacial Lance|p2a: Ting-Lu\n|-supereffective|p2a: Ting-Lu\n|-crit|p2a: Ting-Lu\n|-damage|p2a: Ting-Lu|0 fnt\n|faint|p2a: Ting-Lu\n|-ability|p1a: Calyrex|Chilling Neigh|boost\n|-boost|p1a: Calyrex|atk|1\n|\n|upkeep\n|inactive|Skysolo \u2764 has 90 seconds left.\n|\n|t:|1697759131\n|switch|p2a: Landorus|Landorus-Therian, M|100\/100\n|-ability|p2a: Landorus|Intimidate|boost\n|-unboost|p1a: Calyrex|atk|1\n|turn|12\n|inactive|Skysolo \u2764 has 90 seconds left.\n|\n|t:|1697759149\n|-terastallize|p2a: Landorus|Water\n|move|p1a: Calyrex|Glacial Lance|p2a: Landorus\n|-resisted|p2a: Landorus\n|-damage|p2a: Landorus|70\/100\n|move|p2a: Landorus|Earthquake|p1a: Calyrex\n|-supereffective|p1a: Calyrex\n|-damage|p1a: Calyrex|0 fnt\n|faint|p1a: Calyrex\n|\n|upkeep\n|\n|t:|1697759156\n|switch|p1a: Koraidon|Koraidon|100\/100\n|-weather|SunnyDay|[from] ability: Orichalcum Pulse|[of] p1a: Koraidon\n|-activate|p1a: Koraidon|Orichalcum Pulse|[source]\n|turn|13\n|inactive|Skysolo \u2764 has 90 seconds left.\n|\n|t:|1697759180\n|move|p2a: Landorus|Taunt|p1a: Koraidon\n|-start|p1a: Koraidon|move: Taunt\n|move|p1a: Koraidon|Dragon Claw|p2a: Landorus\n|-damage|p2a: Landorus|29\/100\n|-damage|p1a: Koraidon|84\/100|[from] item: Rocky Helmet|[of] p2a: Landorus\n|\n|-weather|SunnyDay|[upkeep]\n|-fieldend|move: Trick Room\n|upkeep\n|turn|14\n|\n|t:|1697759187\n|move|p1a: Koraidon|Flame Charge|p2a: Landorus\n|-resisted|p2a: Landorus\n|-damage|p2a: Landorus|17\/100\n|-boost|p1a: Koraidon|spe|1\n|-damage|p1a: Koraidon|68\/100|[from] item: Rocky Helmet|[of] p2a: Landorus\n|move|p2a: Landorus|Earthquake|p1a: Koraidon\n|-damage|p1a: Koraidon|28\/100\n|\n|-weather|SunnyDay|[upkeep]\n|upkeep\n|turn|15\n|\n|t:|1697759196\n|move|p1a: Koraidon|Dragon Claw|p2a: Landorus\n|-damage|p2a: Landorus|0 fnt\n|-damage|p1a: Koraidon|12\/100|[from] item: Rocky Helmet|[of] p2a: Landorus\n|faint|p2a: Landorus\n|\n|-weather|SunnyDay|[upkeep]\n|-end|p1a: Koraidon|move: Taunt\n|upkeep\n|\n|t:|1697759199\n|switch|p2a: Arceus|Arceus|100\/100\n|turn|16\n|\n|t:|1697759206\n|move|p2a: Arceus|Extreme Speed|p1a: Koraidon\n|-damage|p1a: Koraidon|0 fnt\n|faint|p1a: Koraidon\n|\n|-weather|SunnyDay|[upkeep]\n|upkeep\n|\n|t:|1697759208\n|switch|p1a: Koraidon|Koraidon|100\/100\n|-activate|p1a: Koraidon|ability: Orichalcum Pulse\n|turn|17\n|\n|t:|1697759218\n|move|p1a: Koraidon|Flare Blitz|p2a: Arceus\n|-damage|p2a: Arceus|37\/100\n|-status|p2a: Arceus|brn\n|-damage|p1a: Koraidon|75\/100|[from] Recoil\n|move|p2a: Arceus|Swords Dance|p2a: Arceus\n|-boost|p2a: Arceus|atk|2\n|\n|-weather|none\n|-damage|p2a: Arceus|30\/100 brn|[from] brn\n|upkeep\n|turn|18\n|\n|t:|1697759222\n|move|p2a: Arceus|Extreme Speed|p1a: Koraidon\n|-damage|p1a: Koraidon|37\/100\n|move|p1a: Koraidon|Flare Blitz|p2a: Arceus\n|-damage|p2a: Arceus|1\/100 brn\n|-damage|p1a: Koraidon|25\/100|[from] Recoil\n|\n|-damage|p2a: Arceus|0 fnt|[from] brn\n|faint|p2a: Arceus\n|upkeep\n|\n|t:|1697759224\n|switch|p2a: Calyrex|Calyrex-Shadow|100\/100\n|-ability|p2a: Calyrex|As One\n|-ability|p2a: Calyrex|Unnerve\n|turn|19\n|\n|t:|1697759227\n|move|p1a: Koraidon|Flare Blitz|p2a: Calyrex\n|-crit|p2a: Calyrex\n|-damage|p2a: Calyrex|25\/100\n|-damage|p1a: Koraidon|0 fnt|[from] Recoil\n|faint|p1a: Koraidon\n|\n|win|Skysolo \u2764\n|c|\u2606Taka|gg\n|c|\u2606Skysolo \u2764|gg\n","uploadtime":1697759228,"views":99,"p1id":"taka","p2id":"skysolo","formatid":"gen9anythinggoes","rating":0,"private":0,"password":""}