{"id":"smogtours-gen9anythinggoes-725529","p1":"default0","p2":"entrocefalo","format":"[Gen 9] Anything Goes","log":"|inactive|Battle timer is ON: inactive players will automatically lose when time's up.\n|t:|1697990274\n|gametype|singles\n|player|p1|default0|skierf-gen4dp|\n|player|p2|entrocefalo|#scl3machines2|\n|teamsize|p1|6\n|teamsize|p2|6\n|gen|9\n|tier|[Gen 9] Anything Goes\n|rule|HP Percentage Mod: HP is shown in percentages\n|rule|Endless Battle Clause: Forcing endless battles is banned\n|clearpoke\n|poke|p1|Koraidon|\n|poke|p1|Ting-Lu|\n|poke|p1|Arceus-Ground|\n|poke|p1|Arceus|\n|poke|p1|Toxapex, F|\n|poke|p1|Calyrex-Shadow|\n|poke|p2|Calyrex-Shadow|\n|poke|p2|Arceus-Fairy|\n|poke|p2|Landorus-Therian, M|\n|poke|p2|Wo-Chien|\n|poke|p2|Koraidon|\n|poke|p2|Miraidon|\n|teampreview\n|c|\u2606entrocefalo|hf\n|c|+Inder|ENTRO\n|c|\u2606default0|hf buddy\n|inactive|default0 has 270 seconds left.\n|inactive|entrocefalo has 270 seconds left.\n|c|+Inder|richard \u00e7a joue quand\n|c|\u2606entrocefalo|inder how you dont know when richard plays :c\n|inactive|entrocefalo has 240 seconds left.\n|c|+RichardMillePlain|**Entrocefalo**\n|c|+RichardMillePlain|when do you play man.\n|c|+RichardMillePlain|$i cant wait\n|c|\u2606entrocefalo|:c\n|inactive|entrocefalo has 210 seconds left.\n|c|+Inder|i asked him at least 3 times this week\n|c|+Inder|then forgot\n|inactive|entrocefalo has 180 seconds left.\n|c|+RichardMillePlain|y a un channel pour les sched aussi hein\n|inactive|entrocefalo has 150 seconds left.\n|\n|t:|1697990425\n|start\n|switch|p1a: Toxapex|Toxapex, F|100\/100\n|switch|p2a: Calyrex|Calyrex-Shadow|100\/100\n|-ability|p2a: Calyrex|As One\n|-ability|p2a: Calyrex|Unnerve\n|turn|1\n|\n|t:|1697990444\n|switch|p1a: Ting-Lu|Ting-Lu|100\/100\n|-ability|p1a: Ting-Lu|Vessel of Ruin\n|move|p2a: Calyrex|Substitute|p2a: Calyrex\n|-start|p2a: Calyrex|Substitute\n|-damage|p2a: Calyrex|76\/100\n|\n|upkeep\n|turn|2\n|\n|t:|1697990455\n|move|p2a: Calyrex|Leech Seed|p1a: Ting-Lu\n|-start|p1a: Ting-Lu|move: Leech Seed\n|move|p1a: Ting-Lu|Whirlwind|p2a: Calyrex\n|drag|p2a: Landorus|Landorus-Therian, M|100\/100\n|-ability|p2a: Landorus|Intimidate|boost\n|-unboost|p1a: Ting-Lu|atk|1\n|\n|-damage|p1a: Ting-Lu|88\/100|[from] Leech Seed|[of] p2a: Landorus\n|upkeep\n|turn|3\n|\n|t:|1697990463\n|switch|p1a: Arceus|Arceus-Ground|100\/100\n|move|p2a: Landorus|U-turn|p1a: Arceus\n|-damage|p1a: Arceus|90\/100\n|inactive|entrocefalo has 210 seconds left.\n|c|+Icemaster|Go Entro.\n|inactive|entrocefalo has 180 seconds left.\n|\n|t:|1697990528\n|switch|p2a: Miraidon|Miraidon|100\/100|[from] U-turn\n|-fieldstart|move: Electric Terrain|[from] ability: Hadron Engine|[of] p2a: Miraidon\n|\n|upkeep\n|turn|4\n|inactive|default0 has 270 seconds left.\n|\n|t:|1697990569\n|move|p2a: Miraidon|Draco Meteor|p1a: Arceus\n|-damage|p1a: Arceus|3\/100\n|-unboost|p2a: Miraidon|spa|2\n|move|p1a: Arceus|Judgment|p2a: Miraidon\n|-supereffective|p2a: Miraidon\n|-damage|p2a: Miraidon|11\/100\n|\n|upkeep\n|turn|5\n|inactive|default0 has 270 seconds left.\n|inactive|entrocefalo has 150 seconds left.\n|\n|t:|1697990594\n|switch|p1a: Ting-Lu|Ting-Lu|88\/100\n|-ability|p1a: Ting-Lu|Vessel of Ruin\n|move|p2a: Miraidon|Draco Meteor|p1a: Ting-Lu\n|-damage|p1a: Ting-Lu|58\/100\n|-unboost|p2a: Miraidon|spa|2\n|\n|-heal|p1a: Ting-Lu|64\/100|[from] item: Leftovers\n|upkeep\n|turn|6\n|inactive|entrocefalo has 150 seconds left.\n|c|+byulharang|letsago entrofarce.\n|inactive|entrocefalo has 120 seconds left.\n|\n|t:|1697990642\n|switch|p2a: Koraidon|Koraidon|100\/100\n|-weather|SunnyDay|[from] ability: Orichalcum Pulse|[of] p2a: Koraidon\n|-activate|p2a: Koraidon|Orichalcum Pulse|[source]\n|move|p1a: Ting-Lu|Spikes|p2a: Koraidon\n|-sidestart|p2: entrocefalo|Spikes\n|\n|-weather|SunnyDay|[upkeep]\n|-heal|p1a: Ting-Lu|70\/100|[from] item: Leftovers\n|upkeep\n|turn|7\n|inactive|entrocefalo has 120 seconds left.\n|inactive|default0 has 240 seconds left.\n|c|+placuszek|enterohimothy\n|inactive|default0 has 210 seconds left.\n|\n|t:|1697990704\n|move|p2a: Koraidon|U-turn|p1a: Ting-Lu\n|-supereffective|p1a: Ting-Lu\n|-damage|p1a: Ting-Lu|32\/100\n|inactive|entrocefalo has 90 seconds left.\n|\n|t:|1697990714\n|switch|p2a: Landorus|Landorus-Therian, M|100\/100|[from] U-turn\n|-ability|p2a: Landorus|Intimidate|boost\n|-unboost|p1a: Ting-Lu|atk|1\n|move|p1a: Ting-Lu|Whirlwind|p2a: Landorus\n|drag|p2a: Calyrex|Calyrex-Shadow|76\/100\n|-ability|p2a: Calyrex|As One\n|-ability|p2a: Calyrex|Unnerve\n|\n|-weather|SunnyDay|[upkeep]\n|-heal|p1a: Ting-Lu|39\/100|[from] item: Leftovers\n|-fieldend|move: Electric Terrain\n|upkeep\n|turn|8\n|inactive|default0 has 210 seconds left.\n|inactive|entrocefalo has 90 seconds left.\n|inactive|entrocefalo has 60 seconds left.\n|\n|t:|1697990767\n|-terastallize|p2a: Calyrex|Fighting\n|move|p2a: Calyrex|Tera Blast|p1a: Ting-Lu|[anim] Tera Blast Fighting\n|-supereffective|p1a: Ting-Lu\n|-damage|p1a: Ting-Lu|0 fnt\n|faint|p1a: Ting-Lu\n|-ability|p2a: Calyrex|Grim Neigh|boost\n|-boost|p2a: Calyrex|spa|1\n|\n|-weather|SunnyDay|[upkeep]\n|upkeep\n|\n|t:|1697990779\n|switch|p1a: Terarist|Calyrex-Shadow|100\/100\n|-ability|p1a: Terarist|As One\n|-ability|p1a: Terarist|Unnerve\n|turn|9\n|inactive|entrocefalo has 60 seconds left.\n|\n|t:|1697990789\n|switch|p2a: Miraidon|Miraidon|11\/100\n|-damage|p2a: Miraidon|0 fnt|[from] Spikes\n|faint|p2a: Miraidon\n|move|p1a: Terarist|Astral Barrage|p2: Miraidon|[notarget]\n|-fail|p1a: Terarist\n|\n|-weather|SunnyDay|[upkeep]\n|upkeep\n|inactive|entrocefalo has 60 seconds left.\n|\n|t:|1697990809\n|switch|p2a: Wo-Chien|Wo-Chien|100\/100\n|-damage|p2a: Wo-Chien|88\/100|[from] Spikes\n|-ability|p2a: Wo-Chien|Tablets of Ruin\n|turn|10\n|\n|t:|1697990832\n|switch|p1a: Toxapex|Toxapex, F|100\/100\n|move|p2a: Wo-Chien|Leech Seed|p1a: Toxapex\n|-start|p1a: Toxapex|move: Leech Seed\n|\n|-weather|none\n|-heal|p2a: Wo-Chien|94\/100|[from] item: Leftovers\n|-damage|p1a: Toxapex|88\/100|[from] Leech Seed|[of] p2a: Wo-Chien\n|-heal|p2a: Wo-Chien|100\/100|[silent]\n|upkeep\n|turn|11\n|inactive|entrocefalo has 60 seconds left.\n|\n|t:|1697990847\n|move|p2a: Wo-Chien|Taunt|p1a: Toxapex\n|-start|p1a: Toxapex|move: Taunt\n|-enditem|p1a: Toxapex|Mental Herb\n|-end|p1a: Toxapex|move: Taunt\n|move|p1a: Toxapex|Toxic|p2a: Wo-Chien\n|-status|p2a: Wo-Chien|tox\n|\n|-damage|p1a: Toxapex|76\/100|[from] Leech Seed|[of] p2a: Wo-Chien\n|-damage|p2a: Wo-Chien|94\/100 tox|[from] psn\n|upkeep\n|turn|12\n|inactive|entrocefalo has 60 seconds left.\n|inactive|default0 has 180 seconds left.\n|inactive|entrocefalo has 30 seconds left.\n|\n|t:|1697990899\n|switch|p2a: Arceus|Arceus-Fairy|100\/100\n|-damage|p2a: Arceus|88\/100|[from] Spikes\n|move|p1a: Toxapex|Toxic Spikes|p2a: Arceus\n|-sidestart|p2: entrocefalo|move: Toxic Spikes\n|\n|-damage|p1a: Toxapex|64\/100|[from] Leech Seed|[of] p2a: Arceus\n|-heal|p2a: Arceus|96\/100|[silent]\n|upkeep\n|turn|13\n|inactive|default0 has 150 seconds left.\n|\n|t:|1697990923\n|move|p2a: Arceus|Taunt|p1a: Toxapex\n|-start|p1a: Toxapex|move: Taunt\n|cant|p1a: Toxapex|move: Taunt|Toxic\n|\n|-damage|p1a: Toxapex|52\/100|[from] Leech Seed|[of] p2a: Arceus\n|-heal|p2a: Arceus|100\/100|[silent]\n|upkeep\n|turn|14\n|inactive|default0 has 150 seconds left.\n|\n|t:|1697990930\n|switch|p1a: Arceus-Normal|Arceus|100\/100\n|move|p2a: Arceus|Will-O-Wisp|p1a: Arceus-Normal\n|-status|p1a: Arceus-Normal|brn\n|\n|-damage|p1a: Arceus-Normal|94\/100 brn|[from] brn\n|upkeep\n|turn|15\n|inactive|default0 has 150 seconds left.\n|\n|t:|1697990952\n|move|p2a: Arceus|Taunt|p1a: Arceus-Normal\n|-start|p1a: Arceus-Normal|move: Taunt\n|move|p1a: Arceus-Normal|Facade|p2a: Arceus\n|-damage|p2a: Arceus|50\/100\n|\n|-damage|p1a: Arceus-Normal|88\/100 brn|[from] brn\n|upkeep\n|turn|16\n|\n|t:|1697990963\n|move|p2a: Arceus|Recover|p2a: Arceus\n|-heal|p2a: Arceus|99\/100\n|move|p1a: Arceus-Normal|Facade|p2a: Arceus\n|-damage|p2a: Arceus|46\/100\n|\n|-damage|p1a: Arceus-Normal|82\/100 brn|[from] brn\n|upkeep\n|turn|17\n|\n|t:|1697990967\n|switch|p2a: Landorus|Landorus-Therian, M|100\/100\n|-ability|p2a: Landorus|Intimidate|boost\n|-unboost|p1a: Arceus-Normal|atk|1\n|move|p1a: Arceus-Normal|Facade|p2a: Landorus\n|-damage|p2a: Landorus|63\/100\n|-damage|p1a: Arceus-Normal|66\/100 brn|[from] item: Rocky Helmet|[of] p2a: Landorus\n|\n|-damage|p1a: Arceus-Normal|59\/100 brn|[from] brn\n|-end|p1a: Arceus-Normal|move: Taunt\n|upkeep\n|turn|18\n|inactive|default0 has 150 seconds left.\n|\n|t:|1697990989\n|switch|p1a: Arceus|Arceus-Ground|3\/100\n|move|p2a: Landorus|U-turn|p1a: Arceus\n|-damage|p1a: Arceus|0 fnt\n|faint|p1a: Arceus\n|inactive|entrocefalo has 30 seconds left.\n|\n|t:|1697991012\n|switch|p2a: Calyrex|Calyrex-Shadow, tera:Fighting|76\/100|[from] U-turn\n|-ability|p2a: Calyrex|As One\n|-ability|p2a: Calyrex|Unnerve\n|\n|upkeep\n|inactive|entrocefalo has 30 seconds left this turn.\n|inactive|default0 has 150 seconds left.\n|\n|t:|1697991042\n|switch|p1a: Koraidon|Koraidon|100\/100\n|-weather|SunnyDay|[from] ability: Orichalcum Pulse|[of] p1a: Koraidon\n|-activate|p1a: Koraidon|Orichalcum Pulse|[source]\n|turn|19\n|inactive|entrocefalo has 30 seconds left.\n|inactive|entrocefalo has 20 seconds left.\n|\n|t:|1697991062\n|switch|p2a: Arceus|Arceus-Fairy|46\/100\n|-damage|p2a: Arceus|33\/100|[from] Spikes\n|-status|p2a: Arceus|psn\n|move|p1a: Koraidon|Scale Shot|p2a: Arceus\n|-immune|p2a: Arceus\n|\n|-weather|SunnyDay|[upkeep]\n|-damage|p2a: Arceus|21\/100 psn|[from] psn\n|upkeep\n|turn|20\n|inactive|entrocefalo has 30 seconds left this turn.\n|\n|t:|1697991073\n|switch|p2a: Landorus|Landorus-Therian, M|63\/100\n|-ability|p2a: Landorus|Intimidate|boost\n|-unboost|p1a: Koraidon|atk|1\n|move|p1a: Koraidon|Flare Blitz|p2a: Landorus\n|-damage|p2a: Landorus|21\/100\n|-damage|p1a: Koraidon|84\/100|[from] item: Rocky Helmet|[of] p2a: Landorus\n|-damage|p1a: Koraidon|69\/100|[from] Recoil\n|\n|-weather|SunnyDay|[upkeep]\n|upkeep\n|turn|21\n|inactive|entrocefalo has 30 seconds left.\n|\n|t:|1697991087\n|switch|p2a: Arceus|Arceus-Fairy|21\/100 psn\n|-damage|p2a: Arceus|9\/100 psn|[from] Spikes\n|move|p1a: Koraidon|Scale Shot|p2a: Arceus\n|-immune|p2a: Arceus\n|\n|-weather|SunnyDay|[upkeep]\n|-damage|p2a: Arceus|0 fnt|[from] psn\n|faint|p2a: Arceus\n|upkeep\n|inactive|entrocefalo has 30 seconds left.\n|\n|t:|1697991093\n|switch|p2a: Calyrex|Calyrex-Shadow, tera:Fighting|76\/100\n|-ability|p2a: Calyrex|As One\n|-ability|p2a: Calyrex|Unnerve\n|turn|22\n|inactive|default0 has 150 seconds left.\n|inactive|default0 has 120 seconds left.\n|\n|t:|1697991128\n|move|p2a: Calyrex|Astral Barrage|p1a: Koraidon\n|-damage|p1a: Koraidon|0 fnt\n|faint|p1a: Koraidon\n|-ability|p2a: Calyrex|Grim Neigh|boost\n|-boost|p2a: Calyrex|spa|1\n|\n|-weather|SunnyDay|[upkeep]\n|upkeep\n|inactive|default0 has 120 seconds left.\n|\n|t:|1697991139\n|switch|p1a: Terarist|Calyrex-Shadow|100\/100\n|-ability|p1a: Terarist|As One\n|-ability|p1a: Terarist|Unnerve\n|turn|23\n|inactive|default0 has 120 seconds left.\n|\n|t:|1697991155\n|switch|p2a: Landorus|Landorus-Therian, M|21\/100\n|-ability|p2a: Landorus|Intimidate|boost\n|-unboost|p1a: Terarist|atk|1\n|move|p1a: Terarist|Psyshock|p2a: Landorus\n|-damage|p2a: Landorus|0 fnt\n|faint|p2a: Landorus\n|-ability|p1a: Terarist|Grim Neigh|boost\n|-boost|p1a: Terarist|spa|1\n|\n|-weather|none\n|upkeep\n|\n|t:|1697991162\n|switch|p2a: Wo-Chien|Wo-Chien|94\/100 tox\n|-damage|p2a: Wo-Chien|82\/100 tox|[from] Spikes\n|-ability|p2a: Wo-Chien|Tablets of Ruin\n|turn|24\n|\n|t:|1697991174\n|switch|p1a: Arceus-Normal|Arceus|59\/100 brn\n|move|p2a: Wo-Chien|Leech Seed|p1a: Arceus-Normal\n|-start|p1a: Arceus-Normal|move: Leech Seed\n|\n|-heal|p2a: Wo-Chien|88\/100 tox|[from] item: Leftovers\n|-damage|p1a: Arceus-Normal|47\/100 brn|[from] Leech Seed|[of] p2a: Wo-Chien\n|-heal|p2a: Wo-Chien|100\/100 tox|[silent]\n|-damage|p2a: Wo-Chien|94\/100 tox|[from] psn\n|-damage|p1a: Arceus-Normal|41\/100 brn|[from] brn\n|upkeep\n|turn|25\n|inactive|entrocefalo has 30 seconds left.\n|inactive|default0 has 120 seconds left.\n|\n|t:|1697991197\n|switch|p2a: Koraidon|Koraidon|100\/100\n|-damage|p2a: Koraidon|88\/100|[from] Spikes\n|-status|p2a: Koraidon|psn\n|-weather|SunnyDay|[from] ability: Orichalcum Pulse|[of] p2a: Koraidon\n|-activate|p2a: Koraidon|Orichalcum Pulse|[source]\n|move|p1a: Arceus-Normal|Facade|p2a: Koraidon\n|-damage|p2a: Koraidon|21\/100 psn\n|\n|-weather|SunnyDay|[upkeep]\n|-damage|p1a: Arceus-Normal|28\/100 brn|[from] Leech Seed|[of] p2a: Koraidon\n|-heal|p2a: Koraidon|36\/100 psn|[silent]\n|-damage|p2a: Koraidon|24\/100 psn|[from] psn\n|-damage|p1a: Arceus-Normal|22\/100 brn|[from] brn\n|upkeep\n|turn|26\n|inactive|default0 has 120 seconds left.\n|inactive|entrocefalo has 30 seconds left.\n|inactive|entrocefalo has 20 seconds left.\n|inactive|entrocefalo has 15 seconds left.\n|\n|t:|1697991234\n|move|p1a: Arceus-Normal|Extreme Speed|p2a: Koraidon\n|-damage|p2a: Koraidon|5\/100 psn\n|move|p2a: Koraidon|U-turn|p1a: Arceus-Normal\n|-damage|p1a: Arceus-Normal|0 fnt\n|faint|p1a: Arceus-Normal\n|inactive|entrocefalo has 20 seconds left this turn.\n|inactive|entrocefalo has 15 seconds left.\n|\n|t:|1697991240\n|switch|p2a: Calyrex|Calyrex-Shadow, tera:Fighting|76\/100|[from] U-turn\n|-ability|p2a: Calyrex|As One\n|-ability|p2a: Calyrex|Unnerve\n|\n|-weather|SunnyDay|[upkeep]\n|upkeep\n|inactive|entrocefalo has 20 seconds left this turn.\n|\n|t:|1697991253\n|switch|p1a: Terarist|Calyrex-Shadow|100\/100\n|-ability|p1a: Terarist|As One\n|-ability|p1a: Terarist|Unnerve\n|turn|27\n|inactive|entrocefalo has 30 seconds left this turn.\n|inactive|default0 has 90 seconds left.\n|inactive|default0 has 60 seconds left.\n|inactive|default0 has 30 seconds left.\n|\n|t:|1697991333\n|switch|p2a: Koraidon|Koraidon|5\/100 psn\n|-damage|p2a: Koraidon|0 fnt|[from] Spikes\n|faint|p2a: Koraidon\n|-terastallize|p1a: Terarist|Normal\n|move|p1a: Terarist|Astral Barrage|p2: Koraidon|[notarget]\n|-fail|p1a: Terarist\n|\n|-weather|SunnyDay|[upkeep]\n|upkeep\n|inactive|default0 has 30 seconds left this turn.\n|inactive|entrocefalo has 30 seconds left.\n|\n|t:|1697991343\n|switch|p2a: Wo-Chien|Wo-Chien|94\/100 tox\n|-damage|p2a: Wo-Chien|82\/100 tox|[from] Spikes\n|-ability|p2a: Wo-Chien|Tablets of Ruin\n|turn|28\n|inactive|default0 has 30 seconds left.\n|\n|t:|1697991359\n|switch|p1a: Toxapex|Toxapex, F|85\/100\n|move|p2a: Wo-Chien|Leech Seed|p1a: Toxapex\n|-start|p1a: Toxapex|move: Leech Seed\n|\n|-weather|SunnyDay|[upkeep]\n|-heal|p2a: Wo-Chien|88\/100 tox|[from] item: Leftovers\n|-damage|p1a: Toxapex|73\/100|[from] Leech Seed|[of] p2a: Wo-Chien\n|-heal|p2a: Wo-Chien|98\/100 tox|[silent]\n|-damage|p2a: Wo-Chien|92\/100 tox|[from] psn\n|upkeep\n|turn|29\n|inactive|default0 has 30 seconds left.\n|inactive|default0 has 20 seconds left.\n|inactive|default0 has 15 seconds left.\n|inactive|entrocefalo has 30 seconds left.\n|\n|t:|1697991381\n|switch|p1a: Terarist|Calyrex-Shadow, tera:Normal|100\/100\n|-ability|p1a: Terarist|As One\n|-ability|p1a: Terarist|Unnerve\n|move|p2a: Wo-Chien|Taunt|p1a: Terarist\n|-start|p1a: Terarist|move: Taunt\n|\n|-weather|none\n|-heal|p2a: Wo-Chien|98\/100 tox|[from] item: Leftovers\n|-damage|p2a: Wo-Chien|86\/100 tox|[from] psn\n|upkeep\n|turn|30\n|inactive|default0 has 25 seconds left this turn.\n|inactive|default0 has 20 seconds left.\n|inactive|default0 has 15 seconds left.\n|\n|t:|1697991391\n|move|p1a: Terarist|Astral Barrage|p2a: Wo-Chien\n|-resisted|p2a: Wo-Chien\n|-damage|p2a: Wo-Chien|68\/100 tox\n|move|p2a: Wo-Chien|Leech Seed|p1a: Terarist\n|-start|p1a: Terarist|move: Leech Seed\n|\n|-heal|p2a: Wo-Chien|74\/100 tox|[from] item: Leftovers\n|-damage|p1a: Terarist|88\/100|[from] Leech Seed|[of] p2a: Wo-Chien\n|-heal|p2a: Wo-Chien|85\/100 tox|[silent]\n|-damage|p2a: Wo-Chien|67\/100 tox|[from] psn\n|upkeep\n|turn|31\n|inactive|default0 has 25 seconds left this turn.\n|inactive|default0 has 20 seconds left.\n|\n|t:|1697991402\n|move|p1a: Terarist|Astral Barrage|p2a: Wo-Chien\n|-resisted|p2a: Wo-Chien\n|-damage|p2a: Wo-Chien|46\/100 tox\n|move|p2a: Wo-Chien|Foul Play|p1a: Terarist\n|-damage|p1a: Terarist|63\/100\n|\n|-heal|p2a: Wo-Chien|52\/100 tox|[from] item: Leftovers\n|-damage|p1a: Terarist|51\/100|[from] Leech Seed|[of] p2a: Wo-Chien\n|-heal|p2a: Wo-Chien|63\/100 tox|[silent]\n|-damage|p2a: Wo-Chien|38\/100 tox|[from] psn\n|-end|p1a: Terarist|move: Taunt\n|upkeep\n|turn|32\n|inactive|default0 has 30 seconds left this turn.\n|inactive|default0 has 20 seconds left.\n|\n|t:|1697991413\n|move|p2a: Wo-Chien|Protect|p2a: Wo-Chien\n|-singleturn|p2a: Wo-Chien|Protect\n|move|p1a: Terarist|Astral Barrage|p2a: Wo-Chien\n|-activate|p2a: Wo-Chien|move: Protect\n|\n|-heal|p2a: Wo-Chien|45\/100 tox|[from] item: Leftovers\n|-damage|p1a: Terarist|39\/100|[from] Leech Seed|[of] p2a: Wo-Chien\n|-heal|p2a: Wo-Chien|56\/100 tox|[silent]\n|-damage|p2a: Wo-Chien|25\/100 tox|[from] psn\n|upkeep\n|turn|33\n|inactive|default0 has 30 seconds left this turn.\n|inactive|default0 has 20 seconds left.\n|inactive|entrocefalo has 30 seconds left.\n|\n|t:|1697991429\n|move|p1a: Terarist|Astral Barrage|p2a: Wo-Chien\n|-resisted|p2a: Wo-Chien\n|-damage|p2a: Wo-Chien|5\/100 tox\n|move|p2a: Wo-Chien|Foul Play|p1a: Terarist\n|-damage|p1a: Terarist|14\/100\n|\n|-heal|p2a: Wo-Chien|11\/100 tox|[from] item: Leftovers\n|-damage|p1a: Terarist|2\/100|[from] Leech Seed|[of] p2a: Wo-Chien\n|-heal|p2a: Wo-Chien|22\/100 tox|[silent]\n|-damage|p2a: Wo-Chien|0 fnt|[from] psn\n|faint|p2a: Wo-Chien\n|upkeep\n|inactive|default0 has 25 seconds left this turn.\n|inactive|entrocefalo has 30 seconds left.\n|\n|t:|1697991438\n|switch|p2a: Calyrex|Calyrex-Shadow, tera:Fighting|76\/100\n|-ability|p2a: Calyrex|As One\n|-ability|p2a: Calyrex|Unnerve\n|turn|34\n|inactive|default0 has 30 seconds left.\n|\n|t:|1697991451\n|move|p1a: Terarist|Astral Barrage|p2a: Calyrex\n|-damage|p2a: Calyrex|7\/100\n|move|p2a: Calyrex|Astral Barrage|p1a: Terarist\n|-immune|p1a: Terarist\n|\n|-damage|p1a: Terarist|0 fnt|[from] Leech Seed|[of] p2a: Calyrex\n|-heal|p2a: Calyrex|8\/100|[silent]\n|faint|p1a: Terarist\n|upkeep\n|inactive|default0 has 30 seconds left this turn.\n|\n|t:|1697991455\n|switch|p1a: Toxapex|Toxapex, F|100\/100\n|turn|35\n|\n|t:|1697991462\n|move|p2a: Calyrex|Leech Seed|p1a: Toxapex\n|-start|p1a: Toxapex|move: Leech Seed\n|move|p1a: Toxapex|Infestation|p2a: Calyrex\n|-resisted|p2a: Calyrex\n|-damage|p2a: Calyrex|7\/100\n|-activate|p2a: Calyrex|move: Infestation|[of] p1a: Toxapex\n|\n|-damage|p1a: Toxapex|88\/100|[from] Leech Seed|[of] p2a: Calyrex\n|-heal|p2a: Calyrex|17\/100|[silent]\n|-damage|p2a: Calyrex|5\/100|[from] move: Infestation|[partiallytrapped]\n|upkeep\n|turn|36\n|c|\u2606entrocefalo|gg\n|c|\u2606default0|gg\n|\n|t:|1697991472\n|move|p2a: Calyrex|Astral Barrage|p1a: Toxapex\n|-crit|p1a: Toxapex\n|-damage|p1a: Toxapex|0 fnt\n|faint|p1a: Toxapex\n|\n|win|entrocefalo\n|c|+skoma|ops\n|c|\u2606entrocefalo|lmao\n|c|\u2606default0|still a gg\n|c|\u2606entrocefalo|yes\n|c|\u2606default0|i wonder if toxic killed there though\n|c|+skoma|it did\n|c|\u2606default0|too much math. too little time\n","uploadtime":1697991474,"views":68,"p1id":"default0","p2id":"entrocefalo","formatid":"gen9anythinggoes","rating":0,"private":0,"password":""}