{"id":"smogtours-gen9anythinggoes-725671","p1":"Lunala","p2":"jb291","format":"[Gen 9] Anything Goes","log":"|inactive|Battle timer is ON: inactive players will automatically lose when time's up.\n|t:|1698000870\n|gametype|singles\n|player|p1|Lunala|#scl3breakers|\n|player|p2|jb291|cyrus-masters|\n|teamsize|p1|6\n|teamsize|p2|6\n|gen|9\n|tier|[Gen 9] Anything Goes\n|rule|HP Percentage Mod: HP is shown in percentages\n|rule|Endless Battle Clause: Forcing endless battles is banned\n|clearpoke\n|poke|p1|Ribombee, M|\n|poke|p1|Calyrex-Shadow|\n|poke|p1|Arceus|\n|poke|p1|Koraidon|\n|poke|p1|Miraidon|\n|poke|p1|Arceus-Ground|\n|poke|p2|Dondozo, F|\n|poke|p2|Giratina-Origin|\n|poke|p2|Clodsire, M|\n|poke|p2|Calyrex-Shadow|\n|poke|p2|Blissey, F|\n|poke|p2|Alomomola, M|\n|teampreview\n|inactive|jb291 also wants the timer to be on.\n|c|\u2606Lunala|hf\n|inactive|Lunala has 270 seconds left.\n|inactive|jb291 has 270 seconds left.\n|c|+seroo|umpl?\n|c|+Ciro Napoli|ye\n|c|+Bernian|y\n|inactive|Lunala has 240 seconds left.\n|\n|t:|1698000947\n|start\n|switch|p1a: Koraidon|Koraidon|100\/100\n|switch|p2a: Calyrex|Calyrex-Shadow|100\/100\n|-ability|p2a: Calyrex|As One\n|-ability|p2a: Calyrex|Unnerve\n|-weather|SunnyDay|[from] ability: Orichalcum Pulse|[of] p1a: Koraidon\n|-activate|p1a: Koraidon|Orichalcum Pulse|[source]\n|turn|1\n|\n|t:|1698000954\n|switch|p1a: Arceus|Arceus|100\/100\n|move|p2a: Calyrex|Will-O-Wisp|p1a: Arceus\n|-status|p1a: Arceus|brn\n|\n|-weather|SunnyDay|[upkeep]\n|-damage|p1a: Arceus|94\/100 brn|[from] brn\n|upkeep\n|turn|2\n|\n|t:|1698000966\n|switch|p2a: Alomomola|Alomomola, M|100\/100\n|switch|p1a: Calyrex|Calyrex-Shadow|100\/100\n|-ability|p1a: Calyrex|As One\n|-ability|p1a: Calyrex|Unnerve\n|\n|-weather|SunnyDay|[upkeep]\n|upkeep\n|turn|3\n|\n|t:|1698000978\n|switch|p2a: Blissey|Blissey, F|100\/100\n|move|p1a: Calyrex|Nasty Plot|p1a: Calyrex\n|-boost|p1a: Calyrex|spa|2\n|\n|-weather|SunnyDay|[upkeep]\n|upkeep\n|turn|4\n|\n|t:|1698000993\n|move|p1a: Calyrex|Nasty Plot|p1a: Calyrex\n|-boost|p1a: Calyrex|spa|2\n|move|p2a: Blissey|Shadow Ball|p1a: Calyrex\n|-supereffective|p1a: Calyrex\n|-damage|p1a: Calyrex|43\/100\n|\n|-weather|SunnyDay|[upkeep]\n|upkeep\n|turn|5\n|\n|t:|1698000997\n|-terastallize|p1a: Calyrex|Grass\n|move|p1a: Calyrex|Draining Kiss|p2a: Blissey\n|-damage|p2a: Blissey|73\/100\n|-heal|p1a: Calyrex|83\/100|[from] drain|[of] p2a: Blissey\n|-damage|p1a: Calyrex|73\/100|[from] item: Life Orb\n|move|p2a: Blissey|Shadow Ball|p1a: Calyrex\n|-damage|p1a: Calyrex|59\/100\n|-unboost|p1a: Calyrex|spd|1\n|\n|-weather|none\n|upkeep\n|turn|6\n|\n|t:|1698001006\n|switch|p2a: Clodsire|Clodsire, M|100\/100\n|move|p1a: Calyrex|Grass Knot|p2a: Clodsire\n|-damage|p2a: Clodsire|45\/100\n|-damage|p1a: Calyrex|49\/100|[from] item: Life Orb\n|\n|upkeep\n|turn|7\n|\n|t:|1698001013\n|switch|p2a: Blissey|Blissey, F|73\/100\n|move|p1a: Calyrex|Astral Barrage|p2a: Blissey\n|-immune|p2a: Blissey\n|\n|upkeep\n|turn|8\n|c|+Future king of ou|A bit late but good luck jb291\n|\n|t:|1698001025\n|switch|p2a: Clodsire|Clodsire, M|45\/100\n|move|p1a: Calyrex|Draining Kiss|p2a: Clodsire\n|-resisted|p2a: Clodsire\n|-damage|p2a: Clodsire|39\/100\n|-heal|p1a: Calyrex|55\/100|[from] drain|[of] p2a: Clodsire\n|-damage|p1a: Calyrex|45\/100|[from] item: Life Orb\n|\n|upkeep\n|turn|9\n|\n|t:|1698001042\n|switch|p2a: Blissey|Blissey, F|73\/100\n|move|p1a: Calyrex|Astral Barrage|p2a: Blissey\n|-immune|p2a: Blissey\n|\n|upkeep\n|turn|10\n|inactive|jb291 has 270 seconds left.\n|\n|t:|1698001074\n|move|p1a: Calyrex|Draining Kiss|p2a: Blissey\n|-damage|p2a: Blissey|44\/100\n|-heal|p1a: Calyrex|88\/100|[from] drain|[of] p2a: Blissey\n|-damage|p1a: Calyrex|78\/100|[from] item: Life Orb\n|move|p2a: Blissey|Seismic Toss|p1a: Calyrex\n|-damage|p1a: Calyrex|49\/100\n|\n|upkeep\n|turn|11\n|\n|t:|1698001079\n|move|p1a: Calyrex|Draining Kiss|p2a: Blissey\n|-damage|p2a: Blissey|17\/100\n|-heal|p1a: Calyrex|88\/100|[from] drain|[of] p2a: Blissey\n|-damage|p1a: Calyrex|78\/100|[from] item: Life Orb\n|move|p2a: Blissey|Soft-Boiled|p2a: Blissey\n|-heal|p2a: Blissey|67\/100\n|\n|upkeep\n|turn|12\n|\n|t:|1698001086\n|move|p1a: Calyrex|Nasty Plot|p1a: Calyrex\n|-boost|p1a: Calyrex|spa|2\n|move|p2a: Blissey|Stealth Rock|p1a: Calyrex\n|-sidestart|p1: Lunala|move: Stealth Rock\n|\n|upkeep\n|turn|13\n|\n|t:|1698001091\n|move|p1a: Calyrex|Grass Knot|p2a: Blissey\n|-damage|p2a: Blissey|5\/100\n|-damage|p1a: Calyrex|68\/100|[from] item: Life Orb\n|move|p2a: Blissey|Soft-Boiled|p2a: Blissey\n|-heal|p2a: Blissey|55\/100\n|\n|upkeep\n|turn|14\n|\n|t:|1698001097\n|switch|p2a: Clodsire|Clodsire, M|39\/100\n|move|p1a: Calyrex|Draining Kiss|p2a: Clodsire\n|-resisted|p2a: Clodsire\n|-damage|p2a: Clodsire|32\/100\n|-heal|p1a: Calyrex|76\/100|[from] drain|[of] p2a: Clodsire\n|-damage|p1a: Calyrex|66\/100|[from] item: Life Orb\n|\n|upkeep\n|turn|15\n|\n|t:|1698001101\n|move|p1a: Calyrex|Grass Knot|p2a: Clodsire\n|-damage|p2a: Clodsire|0 fnt\n|faint|p2a: Clodsire\n|-damage|p1a: Calyrex|56\/100|[from] item: Life Orb\n|\n|upkeep\n|\n|t:|1698001103\n|switch|p2a: Calyrex|Calyrex-Shadow|100\/100\n|-ability|p2a: Calyrex|As One\n|-ability|p2a: Calyrex|Unnerve\n|turn|16\n|\n|t:|1698001123\n|switch|p1a: Arceus|Arceus|94\/100 brn\n|move|p2a: Calyrex|Astral Barrage|p1a: Arceus\n|-immune|p1a: Arceus\n|\n|-damage|p1a: Arceus|88\/100 brn|[from] brn\n|upkeep\n|turn|17\n|\n|t:|1698001128\n|switch|p2a: Blissey|Blissey, F|55\/100\n|move|p1a: Arceus|Earthquake|p2a: Blissey\n|-damage|p2a: Blissey|40\/100\n|\n|-damage|p1a: Arceus|82\/100 brn|[from] brn\n|upkeep\n|turn|18\n|\n|t:|1698001133\n|move|p1a: Arceus|Taunt|p2a: Blissey\n|-start|p2a: Blissey|move: Taunt\n|cant|p2a: Blissey|move: Taunt|Soft-Boiled\n|\n|-damage|p1a: Arceus|76\/100 brn|[from] brn\n|upkeep\n|turn|19\n|\n|t:|1698001135\n|switch|p1a: Ribombee|Ribombee, M|100\/100\n|-damage|p1a: Ribombee|76\/100|[from] Stealth Rock\n|switch|p2a: Alomomola|Alomomola, M|100\/100\n|\n|upkeep\n|turn|20\n|\n|t:|1698001140\n|move|p1a: Ribombee|Sticky Web|p2a: Alomomola\n|-sidestart|p2: jb291|move: Sticky Web\n|move|p2a: Alomomola|Wish|p2a: Alomomola\n|\n|upkeep\n|turn|21\n|\n|t:|1698001148\n|switch|p2a: Blissey|Blissey, F|40\/100\n|move|p1a: Ribombee|Stun Spore|p2a: Blissey\n|-status|p2a: Blissey|par\n|\n|-heal|p2a: Blissey|80\/100 par|[from] move: Wish|[wisher] Alomomola\n|upkeep\n|turn|22\n|\n|t:|1698001156\n|switch|p1a: Koraidon|Koraidon|100\/100\n|-damage|p1a: Koraidon|94\/100|[from] Stealth Rock\n|-weather|SunnyDay|[from] ability: Orichalcum Pulse|[of] p1a: Koraidon\n|-activate|p1a: Koraidon|Orichalcum Pulse|[source]\n|move|p2a: Blissey|Seismic Toss|p1a: Koraidon\n|-damage|p1a: Koraidon|65\/100\n|\n|-weather|SunnyDay|[upkeep]\n|upkeep\n|turn|23\n|\n|t:|1698001163\n|-curestatus|p2a: Blissey|par|[from] ability: Natural Cure\n|switch|p2a: Alomomola|Alomomola, M|100\/100\n|move|p1a: Koraidon|Scale Shot|p2a: Alomomola|[miss]\n|-miss|p1a: Koraidon|p2a: Alomomola\n|\n|-weather|SunnyDay|[upkeep]\n|upkeep\n|turn|24\n|\n|t:|1698001171\n|move|p1a: Koraidon|Swords Dance|p1a: Koraidon\n|-boost|p1a: Koraidon|atk|2\n|move|p2a: Alomomola|Play Rough|p1a: Koraidon|[miss]\n|-miss|p2a: Alomomola|p1a: Koraidon\n|\n|-weather|SunnyDay|[upkeep]\n|upkeep\n|turn|25\n|\n|t:|1698001179\n|move|p2a: Alomomola|Protect|p2a: Alomomola\n|-singleturn|p2a: Alomomola|Protect\n|move|p1a: Koraidon|Low Kick|p2a: Alomomola\n|-activate|p2a: Alomomola|move: Protect\n|\n|-weather|SunnyDay|[upkeep]\n|upkeep\n|turn|26\n|\n|t:|1698001182\n|move|p1a: Koraidon|Low Kick|p2a: Alomomola\n|-damage|p2a: Alomomola|54\/100\n|move|p2a: Alomomola|Play Rough|p1a: Koraidon\n|-supereffective|p1a: Koraidon\n|-damage|p1a: Koraidon|9\/100\n|\n|-weather|none\n|upkeep\n|turn|27\n|\n|t:|1698001192\n|switch|p2a: Dondozo|Dondozo, F|100\/100\n|move|p1a: Koraidon|Swords Dance|p1a: Koraidon\n|-boost|p1a: Koraidon|atk|2\n|\n|upkeep\n|turn|28\n|\n|t:|1698001195\n|move|p1a: Koraidon|Low Kick|p2a: Dondozo\n|-damage|p2a: Dondozo|71\/100\n|move|p2a: Dondozo|Avalanche|p1a: Koraidon\n|-supereffective|p1a: Koraidon\n|-damage|p1a: Koraidon|0 fnt\n|faint|p1a: Koraidon\n|\n|upkeep\n|\n|t:|1698001197\n|switch|p1a: Calyrex|Calyrex-Shadow, tera:Grass|56\/100\n|-ability|p1a: Calyrex|As One\n|-ability|p1a: Calyrex|Unnerve\n|-damage|p1a: Calyrex|44\/100|[from] Stealth Rock\n|turn|29\n|\n|t:|1698001209\n|switch|p2a: Blissey|Blissey, F|80\/100\n|move|p1a: Calyrex|Grass Knot|p2a: Blissey\n|-damage|p2a: Blissey|63\/100\n|-damage|p1a: Calyrex|34\/100|[from] item: Life Orb\n|\n|upkeep\n|turn|30\n|\n|t:|1698001213\n|move|p1a: Calyrex|Nasty Plot|p1a: Calyrex\n|-boost|p1a: Calyrex|spa|2\n|move|p2a: Blissey|Seismic Toss|p1a: Calyrex\n|-damage|p1a: Calyrex|4\/100\n|\n|upkeep\n|turn|31\n|\n|t:|1698001220\n|move|p1a: Calyrex|Grass Knot|p2a: Blissey\n|-damage|p2a: Blissey|28\/100\n|-damage|p1a: Calyrex|0 fnt|[from] item: Life Orb\n|faint|p1a: Calyrex\n|move|p2a: Blissey|Seismic Toss|p1: Calyrex|[notarget]\n|-fail|p2a: Blissey\n|\n|upkeep\n|\n|t:|1698001248\n|switch|p1a: Miraidon|Miraidon|100\/100\n|-damage|p1a: Miraidon|88\/100|[from] Stealth Rock\n|-fieldstart|move: Electric Terrain|[from] ability: Hadron Engine|[of] p1a: Miraidon\n|-enditem|p1a: Miraidon|Electric Seed\n|-boost|p1a: Miraidon|def|1|[from] item: Electric Seed\n|turn|32\n|\n|t:|1698001250\n|switch|p2a: Giratina|Giratina-Origin|100\/100\n|move|p1a: Miraidon|Calm Mind|p1a: Miraidon\n|-boost|p1a: Miraidon|spa|1\n|-boost|p1a: Miraidon|spd|1\n|\n|upkeep\n|turn|33\n|\n|t:|1698001257\n|-terastallize|p2a: Giratina|Steel\n|move|p1a: Miraidon|Parabolic Charge|p2a: Giratina\n|-damage|p2a: Giratina|44\/100\n|-heal|p1a: Miraidon|100\/100|[from] drain|[of] p2a: Giratina\n|move|p2a: Giratina|Dragon Tail|p1a: Miraidon\n|-supereffective|p1a: Miraidon\n|-damage|p1a: Miraidon|72\/100\n|drag|p1a: Ribombee|Ribombee, M|76\/100\n|-damage|p1a: Ribombee|51\/100|[from] Stealth Rock\n|\n|upkeep\n|turn|34\n|\n|t:|1698001264\n|switch|p2a: Blissey|Blissey, F|28\/100\n|move|p1a: Ribombee|Stun Spore|p2a: Blissey\n|-status|p2a: Blissey|par\n|\n|upkeep\n|turn|35\n|\n|t:|1698001272\n|switch|p1a: Arceus|Arceus-Ground|100\/100\n|-damage|p1a: Arceus|94\/100|[from] Stealth Rock\n|move|p2a: Blissey|Soft-Boiled|p2a: Blissey\n|-heal|p2a: Blissey|78\/100 par\n|\n|upkeep\n|turn|36\n|\n|t:|1698001275\n|-curestatus|p2a: Blissey|par|[from] ability: Natural Cure\n|switch|p2a: Alomomola|Alomomola, M|88\/100\n|move|p1a: Arceus|Gravity|p1a: Arceus\n|-fieldstart|move: Gravity\n|\n|-fieldend|move: Electric Terrain\n|upkeep\n|turn|37\n|\n|t:|1698001280\n|move|p1a: Arceus|Swords Dance|p1a: Arceus\n|-boost|p1a: Arceus|atk|2\n|move|p2a: Alomomola|Wish|p2a: Alomomola\n|\n|upkeep\n|turn|38\n|\n|t:|1698001294\n|switch|p1a: Miraidon|Miraidon|72\/100\n|-damage|p1a: Miraidon|59\/100|[from] Stealth Rock\n|-fieldstart|move: Electric Terrain|[from] ability: Hadron Engine|[of] p1a: Miraidon\n|switch|p2a: Dondozo|Dondozo, F|71\/100\n|\n|-heal|p2a: Dondozo|100\/100|[from] move: Wish|[wisher] Alomomola\n|upkeep\n|turn|39\n|\n|t:|1698001299\n|switch|p2a: Calyrex|Calyrex-Shadow|100\/100\n|-ability|p2a: Calyrex|As One\n|-ability|p2a: Calyrex|Unnerve\n|move|p1a: Miraidon|Calm Mind|p1a: Miraidon\n|-boost|p1a: Miraidon|spa|1\n|-boost|p1a: Miraidon|spd|1\n|\n|upkeep\n|turn|40\n|\n|t:|1698001306\n|move|p2a: Calyrex|Encore|p1a: Miraidon\n|-start|p1a: Miraidon|Encore\n|move|p1a: Miraidon|Calm Mind|p1a: Miraidon\n|-boost|p1a: Miraidon|spa|1\n|-boost|p1a: Miraidon|spd|1\n|\n|-fieldend|move: Gravity\n|upkeep\n|turn|41\n|\n|t:|1698001318\n|switch|p1a: Ribombee|Ribombee, M|51\/100\n|-damage|p1a: Ribombee|26\/100|[from] Stealth Rock\n|move|p2a: Calyrex|Psyshock|p1a: Ribombee\n|-damage|p1a: Ribombee|0 fnt\n|faint|p1a: Ribombee\n|-ability|p2a: Calyrex|Grim Neigh|boost\n|-boost|p2a: Calyrex|spa|1\n|\n|upkeep\n|c|\u2606Lunala|gg\n|-message|Lunala forfeited.\n|\n|win|jb291\n|c|\u2606jb291|gg\n","uploadtime":1698001325,"views":92,"p1id":"lunala","p2id":"jb291","formatid":"gen9anythinggoes","rating":0,"private":0,"password":""}