{"id":"smogtours-gen9anythinggoes-730529","p1":"Pick a Flaw","p2":"Primordiallite","format":"[Gen 9] Anything Goes","log":"|inactive|Battle timer is ON: inactive players will automatically lose when time's up.\n|t:|1699840793\n|gametype|singles\n|player|p1|Pick a Flaw|phoebe-gen3|\n|player|p2|Primordiallite|boarder|\n|teamsize|p1|6\n|teamsize|p2|6\n|gen|9\n|tier|[Gen 9] Anything Goes\n|rule|HP Percentage Mod: HP is shown in percentages\n|rule|Endless Battle Clause: Forcing endless battles is banned\n|clearpoke\n|poke|p1|Calyrex-Shadow|\n|poke|p1|Koraidon|\n|poke|p1|Arceus-Fairy|\n|poke|p1|Zacian-*|\n|poke|p1|Arceus|\n|poke|p1|Ting-Lu|\n|poke|p2|Skeledirge, F|\n|poke|p2|Arceus-Fairy|\n|poke|p2|Ting-Lu|\n|poke|p2|Calyrex-Shadow|\n|poke|p2|Arceus|\n|poke|p2|Koraidon|\n|teampreview\n|inactive|Primordiallite also wants the timer to be on.\n|c|\u2606Pick a Flaw|hf\n|c|\u2606Primordiallite|hf\n|inactive|Pick a Flaw has 270 seconds left.\n|inactive|Primordiallite has 270 seconds left.\n|inactive|Pick a Flaw has 240 seconds left.\n|inactive|Primordiallite has 240 seconds left.\n|inactive|Pick a Flaw has 210 seconds left.\n|\n|t:|1699840892\n|start\n|switch|p1a: Arceus|Arceus-Fairy|100\/100\n|switch|p2a: Koraidon|Koraidon|100\/100\n|-weather|SunnyDay|[from] ability: Orichalcum Pulse|[of] p2a: Koraidon\n|-activate|p2a: Koraidon|Orichalcum Pulse|[source]\n|turn|1\n|\n|t:|1699840916\n|-terastallize|p2a: Koraidon|Fire\n|move|p2a: Koraidon|Flare Blitz|p1a: Arceus\n|-damage|p1a: Arceus|0 fnt\n|faint|p1a: Arceus\n|-damage|p2a: Koraidon|64\/100|[from] Recoil\n|\n|-weather|SunnyDay|[upkeep]\n|upkeep\n|inactive|Pick a Flaw has 270 seconds left.\n|\n|t:|1699840945\n|switch|p1a: Invitation|Koraidon|100\/100\n|-activate|p1a: Invitation|ability: Orichalcum Pulse\n|turn|2\n|inactive|Pick a Flaw has 240 seconds left.\n|\n|t:|1699840977\n|switch|p2a: Arceus|Arceus-Fairy|100\/100\n|move|p1a: Invitation|Swords Dance|p1a: Invitation\n|-boost|p1a: Invitation|atk|2\n|\n|-weather|SunnyDay|[upkeep]\n|upkeep\n|turn|3\n|inactive|Pick a Flaw has 240 seconds left.\n|inactive|Primordiallite disconnected and has 300 seconds to reconnect!\n|player|p2|\n|inactive|Pick a Flaw has 210 seconds left.\n|inactive|Primordiallite reconnected.\n|player|p2|Primordiallite|boarder\n|\n|t:|1699841024\n|switch|p2a: Skeledirge|Skeledirge, F|100\/100\n|move|p1a: Invitation|Flare Blitz|p2a: Skeledirge\n|-resisted|p2a: Skeledirge\n|-damage|p2a: Skeledirge|73\/100\n|-damage|p1a: Invitation|90\/100|[from] Recoil\n|\n|-weather|SunnyDay|[upkeep]\n|upkeep\n|turn|4\n|inactive|Pick a Flaw has 180 seconds left.\n|c|+Future king of ou|Nice battling\n|\n|t:|1699841081\n|-terastallize|p1a: Invitation|Fire\n|move|p1a: Invitation|Dragon Claw|p2a: Skeledirge\n|-damage|p2a: Skeledirge|37\/100\n|move|p2a: Skeledirge|Slack Off|p2a: Skeledirge\n|-heal|p2a: Skeledirge|87\/100\n|\n|-weather|SunnyDay|[upkeep]\n|upkeep\n|turn|5\n|\n|t:|1699841092\n|move|p1a: Invitation|Dragon Claw|p2a: Skeledirge\n|-damage|p2a: Skeledirge|47\/100\n|move|p2a: Skeledirge|Torch Song|p1a: Invitation\n|-resisted|p1a: Invitation\n|-damage|p1a: Invitation|69\/100\n|-boost|p2a: Skeledirge|spa|1\n|\n|-weather|none\n|upkeep\n|turn|6\n|\n|t:|1699841098\n|move|p1a: Invitation|Scale Shot|p2a: Skeledirge\n|-damage|p2a: Skeledirge|38\/100\n|-damage|p2a: Skeledirge|29\/100\n|-hitcount|p2a: Skeledirge|2\n|-unboost|p1a: Invitation|def|1\n|-boost|p1a: Invitation|spe|1\n|move|p2a: Skeledirge|Slack Off|p2a: Skeledirge\n|-heal|p2a: Skeledirge|79\/100\n|\n|upkeep\n|turn|7\n|inactive|Pick a Flaw has 150 seconds left.\n|\n|t:|1699841126\n|switch|p1a: Ting-Lu|Ting-Lu|100\/100\n|-ability|p1a: Ting-Lu|Vessel of Ruin\n|move|p2a: Skeledirge|Hex|p1a: Ting-Lu\n|-resisted|p1a: Ting-Lu\n|-damage|p1a: Ting-Lu|93\/100\n|\n|-heal|p1a: Ting-Lu|99\/100|[from] item: Leftovers\n|upkeep\n|turn|8\n|\n|t:|1699841146\n|move|p2a: Skeledirge|Will-O-Wisp|p1a: Ting-Lu\n|-status|p1a: Ting-Lu|brn\n|move|p1a: Ting-Lu|Spikes|p2a: Skeledirge\n|-sidestart|p2: Primordiallite|Spikes\n|\n|-heal|p1a: Ting-Lu|100\/100 brn|[from] item: Leftovers\n|-damage|p1a: Ting-Lu|94\/100 brn|[from] brn\n|upkeep\n|turn|9\n|\n|t:|1699841150\n|switch|p2a: Ting-Lu|Ting-Lu|100\/100\n|-damage|p2a: Ting-Lu|88\/100|[from] Spikes\n|-ability|p2a: Ting-Lu|Vessel of Ruin\n|move|p1a: Ting-Lu|Spikes|p2a: Ting-Lu\n|-sidestart|p2: Primordiallite|Spikes\n|\n|-heal|p2a: Ting-Lu|94\/100|[from] item: Leftovers\n|-heal|p1a: Ting-Lu|100\/100 brn|[from] item: Leftovers\n|-damage|p1a: Ting-Lu|94\/100 brn|[from] brn\n|upkeep\n|turn|10\n|\n|t:|1699841154\n|move|p2a: Ting-Lu|Spikes|p1a: Ting-Lu\n|-sidestart|p1: Pick a Flaw|Spikes\n|move|p1a: Ting-Lu|Spikes|p2a: Ting-Lu\n|-sidestart|p2: Primordiallite|Spikes\n|\n|-heal|p2a: Ting-Lu|100\/100|[from] item: Leftovers\n|-heal|p1a: Ting-Lu|100\/100 brn|[from] item: Leftovers\n|-damage|p1a: Ting-Lu|94\/100 brn|[from] brn\n|upkeep\n|turn|11\n|\n|t:|1699841156\n|move|p2a: Ting-Lu|Spikes|p1a: Ting-Lu\n|-sidestart|p1: Pick a Flaw|Spikes\n|move|p1a: Ting-Lu|Whirlwind|p2a: Ting-Lu\n|drag|p2a: Calyrex|Calyrex-Shadow|100\/100\n|-ability|p2a: Calyrex|As One\n|-ability|p2a: Calyrex|Unnerve\n|\n|-heal|p1a: Ting-Lu|100\/100 brn|[from] item: Leftovers\n|-damage|p1a: Ting-Lu|94\/100 brn|[from] brn\n|upkeep\n|turn|12\n|\n|t:|1699841168\n|switch|p2a: Arceus|Arceus|100\/100\n|move|p1a: Ting-Lu|Whirlwind|p2a: Arceus\n|drag|p2a: Arceus|Arceus-Fairy|100\/100\n|-damage|p2a: Arceus|76\/100|[from] Spikes\n|\n|-heal|p1a: Ting-Lu|100\/100 brn|[from] item: Leftovers\n|-damage|p1a: Ting-Lu|94\/100 brn|[from] brn\n|upkeep\n|turn|13\n|\n|t:|1699841182\n|switch|p1a: Randomly|Zacian-Crowned|100\/100\n|-damage|p1a: Randomly|84\/100|[from] Spikes\n|-ability|p1a: Randomly|Intrepid Sword|boost\n|-boost|p1a: Randomly|atk|1\n|move|p2a: Arceus|Judgment|p1a: Randomly\n|-resisted|p1a: Randomly\n|-damage|p1a: Randomly|63\/100\n|\n|upkeep\n|turn|14\n|\n|t:|1699841192\n|switch|p2a: Skeledirge|Skeledirge, F|79\/100\n|move|p1a: Randomly|Substitute|p1a: Randomly\n|-start|p1a: Randomly|Substitute\n|-damage|p1a: Randomly|38\/100\n|\n|upkeep\n|turn|15\n|\n|t:|1699841196\n|move|p1a: Randomly|Behemoth Blade|p2a: Skeledirge\n|-resisted|p2a: Skeledirge\n|-damage|p2a: Skeledirge|61\/100\n|move|p2a: Skeledirge|Torch Song|p1a: Randomly\n|-supereffective|p1a: Randomly\n|-damage|p1a: Randomly|0 fnt\n|-boost|p2a: Skeledirge|spa|1\n|faint|p1a: Randomly\n|\n|upkeep\n|\n|t:|1699841201\n|switch|p1a: Calyrex|Calyrex-Shadow|100\/100\n|-ability|p1a: Calyrex|As One\n|-ability|p1a: Calyrex|Unnerve\n|turn|16\n|\n|t:|1699841211\n|switch|p2a: Ting-Lu|Ting-Lu|100\/100\n|-damage|p2a: Ting-Lu|76\/100|[from] Spikes\n|-ability|p2a: Ting-Lu|Vessel of Ruin\n|move|p1a: Calyrex|Nasty Plot|p1a: Calyrex\n|-boost|p1a: Calyrex|spa|2\n|\n|-heal|p2a: Ting-Lu|82\/100|[from] item: Leftovers\n|upkeep\n|turn|17\n|\n|t:|1699841216\n|move|p1a: Calyrex|Grass Knot|p2a: Ting-Lu\n|-supereffective|p2a: Ting-Lu\n|-damage|p2a: Ting-Lu|0 fnt\n|faint|p2a: Ting-Lu\n|-ability|p1a: Calyrex|Grim Neigh|boost\n|-boost|p1a: Calyrex|spa|1\n|\n|upkeep\n|\n|t:|1699841218\n|switch|p2a: Koraidon|Koraidon, tera:Fire|64\/100\n|-damage|p2a: Koraidon|39\/100|[from] Spikes\n|-weather|SunnyDay|[from] ability: Orichalcum Pulse|[of] p2a: Koraidon\n|-activate|p2a: Koraidon|Orichalcum Pulse|[source]\n|turn|18\n|inactive|Pick a Flaw has 240 seconds left.\n|\n|t:|1699841244\n|move|p2a: Koraidon|Outrage|p1a: Calyrex\n|-damage|p1a: Calyrex|0 fnt\n|faint|p1a: Calyrex\n|\n|-weather|SunnyDay|[upkeep]\n|upkeep\n|inactive|Pick a Flaw has 210 seconds left.\n|inactive|Pick a Flaw has 180 seconds left.\n|\n|t:|1699841325\n|switch|p1a: Ting-Lu|Ting-Lu|94\/100 brn\n|-damage|p1a: Ting-Lu|78\/100 brn|[from] Spikes\n|-ability|p1a: Ting-Lu|Vessel of Ruin\n|turn|19\n|\n|t:|1699841331\n|move|p2a: Koraidon|Outrage|p1a: Ting-Lu|[from]lockedmove\n|-damage|p1a: Ting-Lu|29\/100 brn\n|move|p1a: Ting-Lu|Earthquake|p2a: Koraidon\n|-supereffective|p2a: Koraidon\n|-damage|p2a: Koraidon|4\/100\n|\n|-weather|SunnyDay|[upkeep]\n|-heal|p1a: Ting-Lu|35\/100 brn|[from] item: Leftovers\n|-damage|p1a: Ting-Lu|29\/100 brn|[from] brn\n|upkeep\n|turn|20\n|\n|t:|1699841336\n|move|p2a: Koraidon|Outrage|p1a: Ting-Lu|[from]lockedmove\n|-damage|p1a: Ting-Lu|0 fnt\n|faint|p1a: Ting-Lu\n|-start|p2a: Koraidon|confusion|[fatigue]\n|\n|-weather|SunnyDay|[upkeep]\n|upkeep\n|inactive|Pick a Flaw has 150 seconds left.\n|\n|t:|1699841374\n|switch|p1a: Unlimited|Arceus|100\/100\n|turn|21\n|\n|t:|1699841383\n|-activate|p2a: Koraidon|confusion\n|move|p2a: Koraidon|Outrage|p1a: Unlimited\n|-damage|p1a: Unlimited|34\/100\n|move|p1a: Unlimited|Shadow Claw|p2a: Koraidon\n|-damage|p2a: Koraidon|0 fnt\n|faint|p2a: Koraidon\n|\n|-weather|SunnyDay|[upkeep]\n|upkeep\n|\n|t:|1699841395\n|switch|p2a: Arceus|Arceus-Fairy|76\/100\n|-damage|p2a: Arceus|51\/100|[from] Spikes\n|turn|22\n|\n|t:|1699841400\n|move|p2a: Arceus|Iron Defense|p2a: Arceus\n|-boost|p2a: Arceus|def|2\n|move|p1a: Unlimited|Recover|p1a: Unlimited\n|-heal|p1a: Unlimited|84\/100\n|\n|-weather|none\n|upkeep\n|turn|23\n|\n|t:|1699841404\n|move|p2a: Arceus|Body Press|p1a: Unlimited\n|-supereffective|p1a: Unlimited\n|-damage|p1a: Unlimited|10\/100\n|move|p1a: Unlimited|Swords Dance|p1a: Unlimited\n|-boost|p1a: Unlimited|atk|2\n|\n|upkeep\n|turn|24\n|\n|t:|1699841408\n|move|p1a: Unlimited|Extreme Speed|p2a: Arceus\n|-damage|p2a: Arceus|29\/100\n|move|p2a: Arceus|Recover|p2a: Arceus\n|-heal|p2a: Arceus|79\/100\n|\n|upkeep\n|turn|25\n|\n|t:|1699841412\n|move|p2a: Arceus|Body Press|p1a: Unlimited\n|-supereffective|p1a: Unlimited\n|-damage|p1a: Unlimited|0 fnt\n|faint|p1a: Unlimited\n|\n|upkeep\n|\n|t:|1699841414\n|switch|p1a: Invitation|Koraidon, tera:Fire|69\/100\n|-damage|p1a: Invitation|53\/100|[from] Spikes\n|-weather|SunnyDay|[from] ability: Orichalcum Pulse|[of] p1a: Invitation\n|-activate|p1a: Invitation|Orichalcum Pulse|[source]\n|turn|26\n|\n|t:|1699841418\n|move|p1a: Invitation|Flare Blitz|p2a: Arceus\n|-damage|p2a: Arceus|44\/100\n|-damage|p1a: Invitation|38\/100|[from] Recoil\n|move|p2a: Arceus|Body Press|p1a: Invitation\n|-damage|p1a: Invitation|0 fnt\n|faint|p1a: Invitation\n|\n|win|Primordiallite\n|c|\u2606Pick a Flaw|gg\n|c|+Future king of ou|Nice one primordiallite\n|c|\u2606Primordiallite|gg\n|c|\u2606Primordiallite|:)\n","uploadtime":1699841419,"views":104,"p1id":"pickaflaw","p2id":"primordiallite","formatid":"gen9anythinggoes","rating":0,"private":0,"password":""}