{"id":"smogtours-gen9anythinggoes-727814","p1":"Taka","p2":"Primordiallite","format":"[Gen 9] Anything Goes","log":"|inactive|Battle timer is ON: inactive players will automatically lose when time's up.\n|t:|1698682410\n|gametype|singles\n|player|p1|Taka|#puplixmaadcitymagmortars|\n|player|p2|Primordiallite|boarder|\n|teamsize|p1|6\n|teamsize|p2|6\n|gen|9\n|tier|[Gen 9] Anything Goes\n|rule|HP Percentage Mod: HP is shown in percentages\n|rule|Endless Battle Clause: Forcing endless battles is banned\n|clearpoke\n|poke|p1|Koraidon|\n|poke|p1|Koraidon|\n|poke|p1|Koraidon|\n|poke|p1|Koraidon|\n|poke|p1|Koraidon|\n|poke|p1|Calyrex-Shadow|\n|poke|p2|Baxcalibur, M|\n|poke|p2|Koraidon|\n|poke|p2|Arceus|\n|poke|p2|Zacian-*|\n|poke|p2|Calyrex-Shadow|\n|poke|p2|Ribombee, F|\n|teampreview\n|inactive|Taka also wants the timer to be on.\n|inactive|Primordiallite also wants the timer to be on.\n|c|\u2606Taka|hf\n|c|\u2606Primordiallite|hf\n|inactive|Taka has 270 seconds left.\n|inactive|Primordiallite has 270 seconds left.\n|inactive|Taka has 240 seconds left.\n|\n|t:|1698682472\n|start\n|switch|p1a: Koraidon|Koraidon|100\/100\n|switch|p2a: Ribombee|Ribombee, F|100\/100\n|-weather|SunnyDay|[from] ability: Orichalcum Pulse|[of] p1a: Koraidon\n|-activate|p1a: Koraidon|Orichalcum Pulse|[source]\n|turn|1\n|\n|t:|1698682487\n|move|p1a: Koraidon|Flame Charge|p2a: Ribombee\n|-supereffective|p2a: Ribombee\n|-enditem|p2a: Ribombee|Focus Sash\n|-damage|p2a: Ribombee|1\/100\n|-boost|p1a: Koraidon|spe|1\n|-damage|p1a: Koraidon|91\/100|[from] item: Life Orb\n|move|p2a: Ribombee|Sticky Web|p1a: Koraidon\n|-sidestart|p1: Taka|move: Sticky Web\n|\n|-weather|SunnyDay|[upkeep]\n|upkeep\n|turn|2\n|inactive|Taka has 270 seconds left.\n|inactive|Primordiallite has 270 seconds left.\n|inactive|Primordiallite has 240 seconds left.\n|inactive|Taka has 240 seconds left.\n|\n|t:|1698682564\n|-terastallize|p1a: Koraidon|Fire\n|move|p1a: Koraidon|Taunt|p2a: Ribombee\n|-start|p2a: Ribombee|move: Taunt\n|move|p2a: Ribombee|Moonblast|p1a: Koraidon\n|-resisted|p1a: Koraidon\n|-damage|p1a: Koraidon|72\/100\n|\n|-weather|SunnyDay|[upkeep]\n|upkeep\n|turn|3\n|\n|t:|1698682572\n|move|p1a: Koraidon|Swords Dance|p1a: Koraidon\n|-boost|p1a: Koraidon|atk|2\n|move|p2a: Ribombee|Psychic|p1a: Koraidon\n|-damage|p1a: Koraidon|44\/100\n|\n|-weather|SunnyDay|[upkeep]\n|upkeep\n|turn|4\n|\n|t:|1698682577\n|move|p1a: Koraidon|Flame Charge|p2a: Ribombee\n|-supereffective|p2a: Ribombee\n|-damage|p2a: Ribombee|0 fnt\n|-boost|p1a: Koraidon|spe|1\n|faint|p2a: Ribombee\n|-damage|p1a: Koraidon|35\/100|[from] item: Life Orb\n|\n|-weather|SunnyDay|[upkeep]\n|upkeep\n|\n|t:|1698682581\n|switch|p2a: Arceus|Arceus|100\/100\n|turn|5\n|\n|t:|1698682596\n|move|p2a: Arceus|Extreme Speed|p1a: Koraidon\n|-damage|p1a: Koraidon|0 fnt\n|faint|p1a: Koraidon\n|\n|-weather|none\n|upkeep\n|\n|t:|1698682598\n|switch|p1a: Calyrex|Calyrex-Shadow|100\/100\n|-ability|p1a: Calyrex|As One\n|-ability|p1a: Calyrex|Unnerve\n|-activate|p1a: Calyrex|move: Sticky Web\n|-unboost|p1a: Calyrex|spe|1\n|turn|6\n|inactive|Taka has 270 seconds left.\n|\n|t:|1698682612\n|move|p2a: Arceus|Shadow Claw|p1a: Calyrex\n|-supereffective|p1a: Calyrex\n|-enditem|p1a: Calyrex|Focus Sash\n|-damage|p1a: Calyrex|1\/100\n|move|p1a: Calyrex|Nasty Plot|p1a: Calyrex\n|-boost|p1a: Calyrex|spa|2\n|\n|upkeep\n|turn|7\n|\n|t:|1698682617\n|switch|p1a: Koraidon|Koraidon|100\/100\n|-activate|p1a: Koraidon|move: Sticky Web\n|-unboost|p1a: Koraidon|spe|1\n|-weather|SunnyDay|[from] ability: Orichalcum Pulse|[of] p1a: Koraidon\n|-activate|p1a: Koraidon|Orichalcum Pulse|[source]\n|move|p2a: Arceus|Shadow Claw|p1a: Koraidon\n|-damage|p1a: Koraidon|79\/100\n|\n|-weather|SunnyDay|[upkeep]\n|upkeep\n|turn|8\n|inactive|Primordiallite has 240 seconds left.\n|\n|t:|1698682660\n|-terastallize|p2a: Arceus|Fire\n|move|p1a: Koraidon|Flare Blitz|p2a: Arceus\n|-resisted|p2a: Arceus\n|-damage|p2a: Arceus|67\/100\n|-damage|p1a: Koraidon|65\/100|[from] Recoil\n|move|p2a: Arceus|Swords Dance|p2a: Arceus\n|-boost|p2a: Arceus|atk|2\n|\n|-weather|SunnyDay|[upkeep]\n|upkeep\n|turn|9\n|\n|t:|1698682676\n|switch|p1a: Calyrex|Calyrex-Shadow|1\/100\n|-ability|p1a: Calyrex|As One\n|-ability|p1a: Calyrex|Unnerve\n|-activate|p1a: Calyrex|move: Sticky Web\n|-unboost|p1a: Calyrex|spe|1\n|move|p2a: Arceus|Swords Dance|p2a: Arceus\n|-boost|p2a: Arceus|atk|2\n|\n|-weather|SunnyDay|[upkeep]\n|upkeep\n|turn|10\n|\n|t:|1698682680\n|move|p2a: Arceus|Shadow Claw|p1a: Calyrex\n|-supereffective|p1a: Calyrex\n|-damage|p1a: Calyrex|0 fnt\n|faint|p1a: Calyrex\n|\n|-weather|SunnyDay|[upkeep]\n|upkeep\n|\n|t:|1698682688\n|switch|p1a: Koraidon|Koraidon|100\/100\n|-activate|p1a: Koraidon|move: Sticky Web\n|-unboost|p1a: Koraidon|spe|1\n|-activate|p1a: Koraidon|ability: Orichalcum Pulse\n|turn|11\n|\n|t:|1698682691\n|move|p2a: Arceus|Extreme Speed|p1a: Koraidon\n|-enditem|p1a: Koraidon|Focus Sash\n|-damage|p1a: Koraidon|1\/100\n|move|p1a: Koraidon|Scale Shot|p2a: Arceus\n|-damage|p2a: Arceus|54\/100\n|-damage|p2a: Arceus|41\/100\n|-hitcount|p2a: Arceus|2\n|-unboost|p1a: Koraidon|def|1\n|-boost|p1a: Koraidon|spe|1\n|\n|-weather|none\n|upkeep\n|turn|12\n|\n|t:|1698682698\n|move|p2a: Arceus|Extreme Speed|p1a: Koraidon\n|-damage|p1a: Koraidon|0 fnt\n|faint|p1a: Koraidon\n|\n|upkeep\n|c|\u2606Taka|gg\n|-message|Taka forfeited.\n|\n|win|Primordiallite\n|c|\u2606Primordiallite|gg\n","uploadtime":1698682711,"views":190,"p1id":"taka","p2id":"primordiallite","formatid":"gen9anythinggoes","rating":0,"private":0,"password":""}