{"id":"smogtours-gen9anythinggoes-727891","p1":"Spring Thief","p2":"Skysolo \u2764","format":"[Gen 9] Anything Goes","log":"|inactive|Battle timer is ON: inactive players will automatically lose when time's up.\n|t:|1698710792\n|gametype|singles\n|player|p1|Spring Thief|#agplvivoryimpalers|\n|player|p2|Skysolo \u2764|#pspl2019ubers|\n|teamsize|p1|6\n|teamsize|p2|6\n|gen|9\n|tier|[Gen 9] Anything Goes\n|rule|HP Percentage Mod: HP is shown in percentages\n|rule|Endless Battle Clause: Forcing endless battles is banned\n|clearpoke\n|poke|p1|Calyrex-Shadow|\n|poke|p1|Koraidon|\n|poke|p1|Miraidon|\n|poke|p1|Ting-Lu|\n|poke|p1|Giratina-Origin|\n|poke|p1|Skeledirge, M|\n|poke|p2|Arceus|\n|poke|p2|Arceus|\n|poke|p2|Arceus|\n|poke|p2|Arceus-Ground|\n|poke|p2|Calyrex-Shadow|\n|poke|p2|Arceus-Fairy|\n|teampreview\n|inactive|Spring Thief also wants the timer to be on.\n|c|\u2606Skysolo \u2764|hf\n|c|\u2606Spring Thief|u2\n|inactive|Spring Thief has 270 seconds left.\n|inactive|Skysolo \u2764 has 270 seconds left.\n|c|+career ended|gaming\n|c|+Future king of ou|Sus battle\n|inactive|Skysolo \u2764 has 240 seconds left.\n|c|+Future king of ou|Bro p0lt who let you cook\n|\n|t:|1698710875\n|start\n|switch|p1a: Koraidon|Koraidon|100\/100\n|switch|p2a: Arceus|Arceus|100\/100\n|-weather|SunnyDay|[from] ability: Orichalcum Pulse|[of] p1a: Koraidon\n|-activate|p1a: Koraidon|Orichalcum Pulse|[source]\n|turn|1\n|\n|t:|1698710887\n|switch|p1a: Giratina|Giratina-Origin|100\/100\n|switch|p2a: Arceus|Arceus-Fairy|100\/100\n|\n|-weather|SunnyDay|[upkeep]\n|upkeep\n|turn|2\n|\n|t:|1698710911\n|move|p2a: Arceus|Judgment|p1a: Giratina\n|-supereffective|p1a: Giratina\n|-damage|p1a: Giratina|42\/100\n|move|p1a: Giratina|Poltergeist|p2a: Arceus\n|-activate|p2a: Arceus|move: Poltergeist|Pixie Plate\n|-damage|p2a: Arceus|76\/100\n|\n|-weather|SunnyDay|[upkeep]\n|upkeep\n|turn|3\n|inactive|Spring Thief has 270 seconds left.\n|c|%Vertigo|2 goats\n|inactive|Skysolo \u2764 has 270 seconds left.\n|\n|t:|1698710959\n|switch|p1a: Ting-Lu|Ting-Lu|100\/100\n|-ability|p1a: Ting-Lu|Vessel of Ruin\n|move|p2a: Arceus|Judgment|p1a: Ting-Lu\n|-supereffective|p1a: Ting-Lu\n|-damage|p1a: Ting-Lu|59\/100\n|\n|-weather|SunnyDay|[upkeep]\n|-heal|p1a: Ting-Lu|65\/100|[from] item: Leftovers\n|upkeep\n|turn|4\n|inactive|Spring Thief has 240 seconds left.\n|\n|t:|1698710976\n|switch|p1a: Miraidon|Miraidon|100\/100\n|-fieldstart|move: Electric Terrain|[from] ability: Hadron Engine|[of] p1a: Miraidon\n|move|p2a: Arceus|Taunt|p1a: Miraidon\n|-start|p1a: Miraidon|move: Taunt\n|\n|-weather|SunnyDay|[upkeep]\n|upkeep\n|turn|5\n|c|+Future king of ou|this is why you have skeledirge and it fr\n|inactive|Skysolo \u2764 has 270 seconds left.\n|c|+Future king of ou|I'm traumatized\n|inactive|Skysolo \u2764 has 240 seconds left.\n|\n|t:|1698711048\n|switch|p2a: Arceus|Arceus|100\/100\n|move|p1a: Miraidon|Overheat|p2a: Arceus\n|-damage|p2a: Arceus|15\/100\n|-unboost|p1a: Miraidon|spa|2\n|\n|-weather|none\n|-heal|p2a: Arceus|21\/100|[from] item: Leftovers\n|upkeep\n|turn|6\n|inactive|Skysolo \u2764 has 210 seconds left.\n|inactive|Spring Thief has 240 seconds left.\n|\n|t:|1698711085\n|switch|p1a: Calyrex|Calyrex-Shadow|100\/100\n|-ability|p1a: Calyrex|As One\n|-ability|p1a: Calyrex|Unnerve\n|switch|p2a: Arceus|Arceus-Fairy|76\/100\n|\n|upkeep\n|turn|7\n|inactive|Skysolo \u2764 has 180 seconds left.\n|\n|t:|1698711110\n|switch|p2a: Arceus|Arceus|100\/100\n|move|p1a: Calyrex|Nasty Plot|p1a: Calyrex\n|-boost|p1a: Calyrex|spa|2\n|\n|upkeep\n|turn|8\n|\n|t:|1698711122\n|switch|p1a: Skeledirge|Skeledirge, M|100\/100\n|move|p2a: Arceus|Shadow Claw|p1a: Skeledirge\n|-supereffective|p1a: Skeledirge\n|-damage|p1a: Skeledirge|71\/100\n|\n|-fieldend|move: Electric Terrain\n|upkeep\n|turn|9\n|\n|t:|1698711133\n|switch|p2a: Arceus|Arceus|100\/100\n|move|p1a: Skeledirge|Will-O-Wisp|p2a: Arceus\n|-status|p2a: Arceus|brn\n|\n|-damage|p2a: Arceus|94\/100 brn|[from] brn\n|upkeep\n|turn|10\n|\n|t:|1698711140\n|switch|p1a: Giratina|Giratina-Origin|42\/100\n|move|p2a: Arceus|Trick||[still]\n|-fail|p2a: Arceus\n|\n|-damage|p2a: Arceus|88\/100 brn|[from] brn\n|upkeep\n|turn|11\n|\n|t:|1698711150\n|switch|p2a: Arceus|Arceus-Fairy|76\/100\n|move|p1a: Giratina|Will-O-Wisp|p2a: Arceus\n|-status|p2a: Arceus|brn\n|\n|-damage|p2a: Arceus|70\/100 brn|[from] brn\n|upkeep\n|turn|12\n|\n|t:|1698711163\n|switch|p1a: Miraidon|Miraidon|100\/100\n|-fieldstart|move: Electric Terrain|[from] ability: Hadron Engine|[of] p1a: Miraidon\n|move|p2a: Arceus|Judgment|p1a: Miraidon\n|-supereffective|p1a: Miraidon\n|-damage|p1a: Miraidon|16\/100\n|\n|-damage|p2a: Arceus|64\/100 brn|[from] brn\n|upkeep\n|turn|13\n|\n|t:|1698711168\n|switch|p2a: Arceus|Arceus|21\/100\n|move|p1a: Miraidon|Volt Switch|p2a: Arceus\n|-damage|p2a: Arceus|0 fnt\n|faint|p2a: Arceus\n|\n|t:|1698711171\n|switch|p1a: Koraidon|Koraidon|100\/100|[from] Volt Switch\n|-weather|SunnyDay|[from] ability: Orichalcum Pulse|[of] p1a: Koraidon\n|-activate|p1a: Koraidon|Orichalcum Pulse|[source]\n|\n|-weather|SunnyDay|[upkeep]\n|upkeep\n|\n|t:|1698711180\n|switch|p2a: Calyrex|Calyrex-Shadow|100\/100\n|-ability|p2a: Calyrex|As One\n|-ability|p2a: Calyrex|Unnerve\n|turn|14\n|inactive|Skysolo \u2764 has 210 seconds left.\n|inactive|Spring Thief has 270 seconds left.\n|\n|t:|1698711203\n|move|p1a: Koraidon|Flare Blitz|p2a: Calyrex\n|-damage|p2a: Calyrex|0 fnt\n|faint|p2a: Calyrex\n|-damage|p1a: Koraidon|67\/100|[from] Recoil\n|\n|-weather|SunnyDay|[upkeep]\n|upkeep\n|inactive|Skysolo \u2764 has 210 seconds left.\n|\n|t:|1698711211\n|switch|p2a: Arceus|Arceus-Ground|100\/100\n|turn|15\n|inactive|Spring Thief has 270 seconds left.\n|inactive|Skysolo \u2764 has 210 seconds left.\n|\n|t:|1698711228\n|switch|p1a: Giratina|Giratina-Origin|42\/100\n|move|p2a: Arceus|Dragon Dance|p2a: Arceus\n|-boost|p2a: Arceus|atk|1\n|-boost|p2a: Arceus|spe|1\n|\n|-weather|SunnyDay|[upkeep]\n|upkeep\n|turn|16\n|inactive|Skysolo \u2764 has 210 seconds left.\n|\n|t:|1698711243\n|-terastallize|p2a: Arceus|Fire\n|move|p2a: Arceus|Dragon Dance|p2a: Arceus\n|-boost|p2a: Arceus|atk|1\n|-boost|p2a: Arceus|spe|1\n|move|p1a: Giratina|Dragon Tail|p2a: Arceus\n|-damage|p2a: Arceus|78\/100\n|drag|p2a: Arceus|Arceus-Fairy|64\/100 brn\n|\n|-weather|SunnyDay|[upkeep]\n|-damage|p2a: Arceus|58\/100 brn|[from] brn\n|-fieldend|move: Electric Terrain\n|upkeep\n|turn|17\n|inactive|Skysolo \u2764 has 210 seconds left.\n|inactive|Spring Thief has 270 seconds left.\n|\n|t:|1698711270\n|switch|p1a: Ting-Lu|Ting-Lu|65\/100\n|-ability|p1a: Ting-Lu|Vessel of Ruin\n|move|p2a: Arceus|Judgment|p1a: Ting-Lu\n|-supereffective|p1a: Ting-Lu\n|-crit|p1a: Ting-Lu\n|-damage|p1a: Ting-Lu|2\/100\n|\n|-weather|none\n|-heal|p1a: Ting-Lu|8\/100|[from] item: Leftovers\n|-damage|p2a: Arceus|52\/100 brn|[from] brn\n|upkeep\n|turn|18\n|\n|t:|1698711274\n|move|p2a: Arceus|Judgment|p1a: Ting-Lu\n|-supereffective|p1a: Ting-Lu\n|-damage|p1a: Ting-Lu|0 fnt\n|faint|p1a: Ting-Lu\n|\n|-damage|p2a: Arceus|45\/100 brn|[from] brn\n|upkeep\n|\n|t:|1698711277\n|switch|p1a: Miraidon|Miraidon|16\/100\n|-fieldstart|move: Electric Terrain|[from] ability: Hadron Engine|[of] p1a: Miraidon\n|turn|19\n|\n|t:|1698711283\n|switch|p2a: Arceus|Arceus|88\/100 brn\n|move|p1a: Miraidon|Volt Switch|p2a: Arceus\n|-damage|p2a: Arceus|13\/100 brn\n|inactive|Spring Thief has 270 seconds left.\n|\n|t:|1698711298\n|switch|p1a: Koraidon|Koraidon|67\/100|[from] Volt Switch\n|-weather|SunnyDay|[from] ability: Orichalcum Pulse|[of] p1a: Koraidon\n|-activate|p1a: Koraidon|Orichalcum Pulse|[source]\n|\n|-weather|SunnyDay|[upkeep]\n|-damage|p2a: Arceus|7\/100 brn|[from] brn\n|upkeep\n|turn|20\n|inactive|Skysolo \u2764 has 240 seconds left.\n|\n|t:|1698711308\n|switch|p1a: Giratina|Giratina-Origin|42\/100\n|move|p2a: Arceus|Healing Wish|p2a: Arceus\n|faint|p2a: Arceus\n|\n|-weather|SunnyDay|[upkeep]\n|upkeep\n|inactive|Skysolo \u2764 has 240 seconds left.\n|\n|t:|1698711313\n|switch|p2a: Arceus|Arceus-Fairy|45\/100 brn\n|-heal|p2a: Arceus|100\/100|[from] move: Healing Wish\n|turn|21\n|inactive|Skysolo \u2764 has 240 seconds left.\n|\n|t:|1698711325\n|move|p2a: Arceus|Judgment|p1a: Giratina\n|-supereffective|p1a: Giratina\n|-damage|p1a: Giratina|0 fnt\n|faint|p1a: Giratina\n|\n|-weather|SunnyDay|[upkeep]\n|upkeep\n|\n|t:|1698711326\n|switch|p1a: Miraidon|Miraidon|16\/100\n|-activate|p1a: Miraidon|ability: Hadron Engine\n|turn|22\n|\n|t:|1698711337\n|move|p1a: Miraidon|Electro Drift|p2a: Arceus\n|-damage|p2a: Arceus|0 fnt\n|faint|p2a: Arceus\n|\n|-weather|SunnyDay|[upkeep]\n|upkeep\n|\n|t:|1698711346\n|switch|p2a: Arceus|Arceus-Ground, tera:Fire|78\/100\n|turn|23\n|\n|t:|1698711352\n|move|p2a: Arceus|Extreme Speed|p1a: Miraidon\n|-crit|p1a: Miraidon\n|-damage|p1a: Miraidon|0 fnt\n|faint|p1a: Miraidon\n|\n|-weather|none\n|-fieldend|move: Electric Terrain\n|upkeep\n|\n|t:|1698711359\n|switch|p1a: Koraidon|Koraidon|67\/100\n|-weather|SunnyDay|[from] ability: Orichalcum Pulse|[of] p1a: Koraidon\n|-activate|p1a: Koraidon|Orichalcum Pulse|[source]\n|turn|24\n|\n|t:|1698711364\n|move|p1a: Koraidon|Low Kick|p2a: Arceus\n|-damage|p2a: Arceus|8\/100\n|move|p2a: Arceus|Earthquake|p1a: Koraidon\n|-damage|p1a: Koraidon|7\/100\n|\n|-weather|SunnyDay|[upkeep]\n|upkeep\n|turn|25\n|\n|t:|1698711371\n|move|p2a: Arceus|Extreme Speed|p1a: Koraidon\n|-damage|p1a: Koraidon|0 fnt\n|faint|p1a: Koraidon\n|\n|-weather|SunnyDay|[upkeep]\n|upkeep\n|\n|t:|1698711373\n|switch|p1a: Calyrex|Calyrex-Shadow|100\/100\n|-ability|p1a: Calyrex|As One\n|-ability|p1a: Calyrex|Unnerve\n|turn|26\n|\n|t:|1698711378\n|switch|p2a: Arceus|Arceus|100\/100\n|move|p1a: Calyrex|Psyshock|p2a: Arceus\n|-damage|p2a: Arceus|68\/100\n|\n|-weather|SunnyDay|[upkeep]\n|upkeep\n|turn|27\n|\n|t:|1698711384\n|-terastallize|p1a: Calyrex|Fighting\n|move|p1a: Calyrex|Tera Blast|p2a: Arceus|[anim] Tera Blast Fighting\n|-supereffective|p2a: Arceus\n|-crit|p2a: Arceus\n|-damage|p2a: Arceus|0 fnt\n|faint|p2a: Arceus\n|-ability|p1a: Calyrex|Grim Neigh|boost\n|-boost|p1a: Calyrex|spa|1\n|\n|-weather|SunnyDay|[upkeep]\n|upkeep\n|c|+Future king of ou|W\n|c|\u2606Skysolo \u2764|cteam\n|c|\u2606Skysolo \u2764|GG!\n|c|\u2606Spring Thief|gg\n|\n|t:|1698711396\n|switch|p2a: Arceus|Arceus-Ground, tera:Fire|8\/100\n|turn|28\n|\n|t:|1698711399\n|move|p1a: Calyrex|Psyshock|p2a: Arceus\n|-damage|p2a: Arceus|0 fnt\n|faint|p2a: Arceus\n|\n|win|Spring Thief\n","uploadtime":1698711400,"views":134,"p1id":"springthief","p2id":"skysolo","formatid":"gen9anythinggoes","rating":0,"private":0,"password":""}