{"id":"smogtours-gen9anythinggoes-725565","p1":"default0","p2":"entrocefalo","format":"[Gen 9] Anything Goes","log":"|inactive|Battle timer is ON: inactive players will automatically lose when time's up.\n|t:|1697992164\n|gametype|singles\n|player|p1|default0|skierf-gen4dp|\n|player|p2|entrocefalo|#scl3machines2|\n|teamsize|p1|6\n|teamsize|p2|6\n|gen|9\n|tier|[Gen 9] Anything Goes\n|rule|HP Percentage Mod: HP is shown in percentages\n|rule|Endless Battle Clause: Forcing endless battles is banned\n|clearpoke\n|poke|p1|Koraidon|\n|poke|p1|Ditto|\n|poke|p1|Calyrex-Shadow|\n|poke|p1|Arceus-Ground|\n|poke|p1|Wo-Chien|\n|poke|p1|Eternatus|\n|poke|p2|Ribombee, F|\n|poke|p2|Zacian-*|\n|poke|p2|Arceus|\n|poke|p2|Koraidon|\n|poke|p2|Calyrex-Shadow|\n|poke|p2|Miraidon|\n|teampreview\n|c|\u2606entrocefalo|hf\n|c|\u2606default0|hf\n|c|\u2606entrocefalo|hf\n|inactive|entrocefalo has 270 seconds left.\n|inactive|entrocefalo has 240 seconds left.\n|\n|t:|1697992227\n|start\n|switch|p1a: Eternatus|Eternatus|100\/100\n|switch|p2a: Miraidon|Miraidon|100\/100\n|-fieldstart|move: Electric Terrain|[from] ability: Hadron Engine|[of] p2a: Miraidon\n|-ability|p1a: Eternatus|Pressure\n|turn|1\n|\n|t:|1697992246\n|switch|p1a: Wo-Chien|Wo-Chien|100\/100\n|-ability|p1a: Wo-Chien|Tablets of Ruin\n|move|p2a: Miraidon|Draco Meteor|p1a: Wo-Chien\n|-damage|p1a: Wo-Chien|31\/100\n|-unboost|p2a: Miraidon|spa|2\n|-damage|p2a: Miraidon|91\/100|[from] item: Life Orb\n|\n|upkeep\n|turn|2\n|\n|t:|1697992262\n|switch|p1a: Arceus|Arceus-Ground|100\/100\n|move|p2a: Miraidon|Draco Meteor|p1a: Arceus\n|-damage|p1a: Arceus|59\/100\n|-unboost|p2a: Miraidon|spa|2\n|-damage|p2a: Miraidon|81\/100|[from] item: Life Orb\n|\n|upkeep\n|turn|3\n|\n|t:|1697992269\n|move|p2a: Miraidon|Taunt|p1a: Arceus\n|-start|p1a: Arceus|move: Taunt\n|cant|p1a: Arceus|move: Taunt|Stealth Rock\n|\n|upkeep\n|turn|4\n|\n|t:|1697992277\n|switch|p2a: Ribombee|Ribombee, F|100\/100\n|move|p1a: Arceus|Earthquake|p2a: Ribombee\n|-resisted|p2a: Ribombee\n|-damage|p2a: Ribombee|58\/100\n|\n|upkeep\n|turn|5\n|\n|t:|1697992289\n|switch|p2a: Miraidon|Miraidon|81\/100\n|-activate|p2a: Miraidon|ability: Hadron Engine\n|switch|p1a: Eternatus|Eternatus|100\/100\n|-ability|p1a: Eternatus|Pressure\n|\n|-fieldend|move: Electric Terrain\n|upkeep\n|turn|6\n|inactive|default0 has 270 seconds left.\n|\n|t:|1697992335\n|switch|p1a: Wo-Chien|Wo-Chien|31\/100\n|-ability|p1a: Wo-Chien|Tablets of Ruin\n|move|p2a: Miraidon|Draco Meteor|p1a: Wo-Chien\n|-damage|p1a: Wo-Chien|0 fnt\n|-unboost|p2a: Miraidon|spa|2\n|faint|p1a: Wo-Chien\n|-damage|p2a: Miraidon|71\/100|[from] item: Life Orb\n|\n|upkeep\n|\n|t:|1697992347\n|switch|p1a: Calyrex|Calyrex-Shadow|100\/100\n|-ability|p1a: Calyrex|As One\n|-ability|p1a: Calyrex|Unnerve\n|turn|7\n|inactive|entrocefalo has 270 seconds left.\n|\n|t:|1697992389\n|switch|p2a: Arceus|Arceus|100\/100\n|move|p1a: Calyrex|Will-O-Wisp|p2a: Arceus\n|-status|p2a: Arceus|brn\n|\n|-damage|p2a: Arceus|94\/100 brn|[from] brn\n|upkeep\n|turn|8\n|\n|t:|1697992402\n|switch|p1a: Koraidon|Koraidon|100\/100\n|-weather|SunnyDay|[from] ability: Orichalcum Pulse|[of] p1a: Koraidon\n|-activate|p1a: Koraidon|Orichalcum Pulse|[source]\n|move|p2a: Arceus|Swords Dance|p2a: Arceus\n|-boost|p2a: Arceus|atk|2\n|\n|-weather|SunnyDay|[upkeep]\n|-damage|p2a: Arceus|88\/100 brn|[from] brn\n|upkeep\n|turn|9\n|inactive|entrocefalo has 240 seconds left.\n|inactive|default0 has 240 seconds left.\n|inactive|entrocefalo has 210 seconds left.\n|\n|t:|1697992471\n|switch|p2a: Ribombee|Ribombee, F|58\/100\n|move|p1a: Koraidon|Flare Blitz|p2a: Ribombee\n|-supereffective|p2a: Ribombee\n|-damage|p2a: Ribombee|0 fnt\n|faint|p2a: Ribombee\n|-damage|p1a: Koraidon|83\/100|[from] Recoil\n|\n|-weather|SunnyDay|[upkeep]\n|upkeep\n|inactive|entrocefalo has 180 seconds left.\n|inactive|entrocefalo has 150 seconds left.\n|\n|t:|1697992533\n|switch|p2a: Zacian|Zacian-Crowned|100\/100\n|-ability|p2a: Zacian|Intrepid Sword|boost\n|-boost|p2a: Zacian|atk|1\n|turn|10\n|\n|t:|1697992545\n|switch|p1a: Arceus|Arceus-Ground|59\/100\n|move|p2a: Zacian|Play Rough|p1a: Arceus\n|-damage|p1a: Arceus|16\/100\n|\n|-weather|SunnyDay|[upkeep]\n|upkeep\n|turn|11\n|\n|t:|1697992556\n|move|p2a: Zacian|Behemoth Blade|p1a: Arceus\n|-damage|p1a: Arceus|0 fnt\n|faint|p1a: Arceus\n|\n|-weather|SunnyDay|[upkeep]\n|upkeep\n|inactive|default0 has 210 seconds left.\n|\n|t:|1697992594\n|switch|p1a: Ditto|Ditto|100\/100\n|-transform|p1a: Ditto|p2a: Zacian|[from] ability: Imposter\n|-ability|p1a: Ditto|Intrepid Sword|boost\n|-boost|p1a: Ditto|atk|1\n|turn|12\n|inactive|default0 has 210 seconds left.\n|inactive|entrocefalo has 150 seconds left.\n|\n|t:|1697992619\n|switch|p2a: Arceus|Arceus|88\/100 brn\n|-terastallize|p1a: Ditto|Steel\n|move|p1a: Ditto|Behemoth Blade|p2a: Arceus\n|-damage|p2a: Arceus|0 fnt\n|faint|p2a: Arceus\n|\n|-weather|none\n|upkeep\n|inactive|entrocefalo has 150 seconds left.\n|\n|t:|1697992649\n|switch|p2a: Koraidon|Koraidon|100\/100\n|-weather|SunnyDay|[from] ability: Orichalcum Pulse|[of] p2a: Koraidon\n|-activate|p2a: Koraidon|Orichalcum Pulse|[source]\n|turn|13\n|inactive|default0 has 210 seconds left.\n|inactive|entrocefalo has 120 seconds left.\n|inactive|default0 has 180 seconds left.\n|inactive|entrocefalo has 90 seconds left.\n|\n|t:|1697992714\n|switch|p1a: Koraidon|Koraidon|83\/100\n|-activate|p1a: Koraidon|ability: Orichalcum Pulse\n|-terastallize|p2a: Koraidon|Steel\n|move|p2a: Koraidon|Low Kick|p1a: Koraidon\n|-crit|p1a: Koraidon\n|-damage|p1a: Koraidon|0 fnt\n|faint|p1a: Koraidon\n|\n|-weather|SunnyDay|[upkeep]\n|upkeep\n|\n|t:|1697992723\n|switch|p1a: Ditto|Ditto, tera:Steel|100\/100\n|-transform|p1a: Ditto|p2a: Koraidon|[from] ability: Imposter\n|-activate|p1a: Ditto|ability: Orichalcum Pulse\n|turn|14\n|inactive|entrocefalo has 60 seconds left.\n|\n|t:|1697992782\n|switch|p2a: Zacian|Zacian-Crowned|100\/100\n|move|p1a: Ditto|Flare Blitz|p2a: Zacian\n|-supereffective|p2a: Zacian\n|-damage|p2a: Zacian|0 fnt\n|faint|p2a: Zacian\n|-damage|p1a: Ditto|65\/100|[from] Recoil\n|\n|-weather|SunnyDay|[upkeep]\n|upkeep\n|inactive|entrocefalo has 30 seconds left.\n|inactive|entrocefalo has 20 seconds left.\n|\n|t:|1697992804\n|switch|p2a: Miraidon|Miraidon|71\/100\n|-fieldstart|move: Electric Terrain|[from] ability: Hadron Engine|[of] p2a: Miraidon\n|turn|15\n|inactive|entrocefalo has 30 seconds left this turn.\n|\n|t:|1697992813\n|switch|p1a: Eternatus|Eternatus|100\/100\n|-ability|p1a: Eternatus|Pressure\n|move|p2a: Miraidon|Electro Drift|p1a: Eternatus\n|-resisted|p1a: Eternatus\n|-damage|p1a: Eternatus|62\/100\n|-damage|p2a: Miraidon|61\/100|[from] item: Life Orb\n|\n|-weather|SunnyDay|[upkeep]\n|upkeep\n|turn|16\n|inactive|entrocefalo has 30 seconds left.\n|inactive|entrocefalo has 20 seconds left.\n|inactive|entrocefalo has 15 seconds left.\n|inactive|default0 has 150 seconds left.\n|\n|t:|1697992857\n|move|p2a: Miraidon|Draco Meteor|p1a: Eternatus\n|-supereffective|p1a: Eternatus\n|-damage|p1a: Eternatus|0 fnt\n|-unboost|p2a: Miraidon|spa|2\n|faint|p1a: Eternatus\n|-damage|p2a: Miraidon|51\/100|[from] item: Life Orb\n|\n|-weather|SunnyDay|[upkeep]\n|upkeep\n|inactive|entrocefalo has 20 seconds left this turn.\n|\n|t:|1697992869\n|switch|p1a: Calyrex|Calyrex-Shadow|100\/100\n|-ability|p1a: Calyrex|As One\n|-ability|p1a: Calyrex|Unnerve\n|turn|17\n|inactive|entrocefalo has 30 seconds left this turn.\n|inactive|entrocefalo has 20 seconds left.\n|inactive|entrocefalo has 15 seconds left.\n|\n|t:|1697992885\n|move|p1a: Calyrex|Astral Barrage|p2a: Miraidon\n|-damage|p2a: Miraidon|0 fnt\n|faint|p2a: Miraidon\n|-ability|p1a: Calyrex|Grim Neigh|boost\n|-boost|p1a: Calyrex|spa|1\n|\n|-weather|none\n|upkeep\n|inactive|entrocefalo has 20 seconds left this turn.\n|inactive|entrocefalo has 15 seconds left.\n|inactive|entrocefalo has 10 seconds left.\n|\n|t:|1697992896\n|switch|p2a: Calyrex|Calyrex-Shadow|100\/100\n|-ability|p2a: Calyrex|As One\n|-ability|p2a: Calyrex|Unnerve\n|-enditem|p2a: Calyrex|Electric Seed\n|-boost|p2a: Calyrex|def|1|[from] item: Electric Seed\n|turn|18\n|inactive|entrocefalo has 20 seconds left this turn.\n|inactive|default0 has 150 seconds left.\n|inactive|entrocefalo has 15 seconds left.\n|\n|t:|1697992905\n|move|p2a: Calyrex|Astral Barrage|p1a: Calyrex\n|-supereffective|p1a: Calyrex\n|-damage|p1a: Calyrex|0 fnt\n|faint|p1a: Calyrex\n|-ability|p2a: Calyrex|Grim Neigh|boost\n|-boost|p2a: Calyrex|spa|1\n|\n|upkeep\n|inactive|entrocefalo has 20 seconds left this turn.\n|\n|t:|1697992908\n|switch|p1a: Ditto|Ditto, tera:Steel|65\/100\n|-transform|p1a: Ditto|p2a: Calyrex|[from] ability: Imposter\n|turn|19\n|inactive|entrocefalo has 30 seconds left this turn.\n|inactive|entrocefalo has 20 seconds left.\n|\n|t:|1697992922\n|move|p1a: Ditto|Astral Barrage|p2a: Calyrex\n|-supereffective|p2a: Calyrex\n|-damage|p2a: Calyrex|0 fnt\n|faint|p2a: Calyrex\n|-ability|p1a: Ditto|Grim Neigh|boost\n|-boost|p1a: Ditto|spa|1\n|\n|-fieldend|move: Electric Terrain\n|upkeep\n|inactive|entrocefalo has 25 seconds left this turn.\n|\n|t:|1697992924\n|switch|p2a: Koraidon|Koraidon, tera:Steel|100\/100\n|-weather|SunnyDay|[from] ability: Orichalcum Pulse|[of] p2a: Koraidon\n|-activate|p2a: Koraidon|Orichalcum Pulse|[source]\n|turn|20\n|inactive|entrocefalo has 30 seconds left.\n|inactive|entrocefalo has 20 seconds left.\n|\n|t:|1697992939\n|move|p1a: Ditto|Astral Barrage|p2a: Koraidon\n|-damage|p2a: Koraidon|0 fnt\n|faint|p2a: Koraidon\n|\n|win|default0\n|inactive|entrocefalo has 25 seconds left this turn.\n|c|\u2606default0|gg\n|c|\u2606entrocefalo|gg\n","uploadtime":1697992940,"views":64,"p1id":"default0","p2id":"entrocefalo","formatid":"gen9anythinggoes","rating":0,"private":0,"password":""}