{"id":"smogtours-gen9anythinggoes-727348","p1":"magby the stack","p2":"DEFCON 4","format":"[Gen 9] Anything Goes","log":"|inactive|Battle timer is ON: inactive players will automatically lose when time's up.\n|t:|1698593728\n|gametype|singles\n|player|p1|magby the stack|alec-anime|\n|player|p2|DEFCON 4|#omplxisolgaleos|\n|teamsize|p1|6\n|teamsize|p2|6\n|gen|9\n|tier|[Gen 9] Anything Goes\n|rule|HP Percentage Mod: HP is shown in percentages\n|rule|Endless Battle Clause: Forcing endless battles is banned\n|clearpoke\n|poke|p1|Arceus-Ground|\n|poke|p1|Calyrex-Shadow|\n|poke|p1|Koraidon|\n|poke|p1|Arceus|\n|poke|p1|Ting-Lu|\n|poke|p1|Landorus-Therian, M|\n|poke|p2|Ting-Lu|\n|poke|p2|Koraidon|\n|poke|p2|Koraidon|\n|poke|p2|Arceus-Fairy|\n|poke|p2|Calyrex-Shadow|\n|poke|p2|Arceus|\n|teampreview\n|inactive|magby the stack also wants the timer to be on.\n|c|\u2606DEFCON 4|next bets thing i got..\n|c|\u2606magby the stack|rip\n|c|\u2606magby the stack|hf\n|c|\u2606DEFCON 4|hf yungin\n|raw|<div class=\"broadcast-red\"><strong>Moderated chat was set to \u2606!<\/strong><br \/>Only users of rank \u2606 and higher can talk.<\/div>\n|c|\u2606DEFCON 4|..\n|inactive|magby the stack has 270 seconds left.\n|\n|t:|1698593759\n|start\n|switch|p1a: Koraidon|Koraidon|100\/100\n|switch|p2a: Calyrex|Calyrex-Shadow|100\/100\n|-ability|p2a: Calyrex|As One\n|-ability|p2a: Calyrex|Unnerve\n|-weather|SunnyDay|[from] ability: Orichalcum Pulse|[of] p1a: Koraidon\n|-activate|p1a: Koraidon|Orichalcum Pulse|[source]\n|turn|1\n|c|\u2606DEFCON 4|Modchat can only be changed by the user who turned it on, or by staff\n|c|\u2606DEFCON 4|for what.\n|\n|t:|1698593775\n|switch|p2a: Arceus|Arceus-Fairy|100\/100\n|move|p1a: Koraidon|U-turn|p2a: Arceus\n|-resisted|p2a: Arceus\n|-damage|p2a: Arceus|87\/100\n|inactive|magby the stack has 270 seconds left.\n|\n|t:|1698593816\n|switch|p1a: Arceus|Arceus-Ground|100\/100|[from] U-turn\n|\n|-weather|SunnyDay|[upkeep]\n|upkeep\n|turn|2\n|\n|t:|1698593823\n|move|p2a: Arceus|Will-O-Wisp|p1a: Arceus\n|-status|p1a: Arceus|brn\n|move|p1a: Arceus|Taunt|p2a: Arceus\n|-start|p2a: Arceus|move: Taunt\n|\n|-weather|SunnyDay|[upkeep]\n|-damage|p1a: Arceus|94\/100 brn|[from] brn\n|upkeep\n|turn|3\n|c|\u2606DEFCON 4|get em up.\n|inactive|magby the stack has 240 seconds left.\n|\n|t:|1698593869\n|switch|p2a: Ting-Lu|Ting-Lu|100\/100\n|-ability|p2a: Ting-Lu|Vessel of Ruin\n|move|p1a: Arceus|Dragon Dance|p1a: Arceus\n|-boost|p1a: Arceus|atk|1\n|-boost|p1a: Arceus|spe|1\n|\n|-weather|SunnyDay|[upkeep]\n|-damage|p1a: Arceus|88\/100 brn|[from] brn\n|upkeep\n|turn|4\n|\n|t:|1698593876\n|move|p1a: Arceus|Taunt|p2a: Ting-Lu\n|-start|p2a: Ting-Lu|move: Taunt\n|move|p2a: Ting-Lu|Ruination|p1a: Arceus\n|-damage|p1a: Arceus|45\/100 brn\n|\n|-weather|SunnyDay|[upkeep]\n|-damage|p1a: Arceus|39\/100 brn|[from] brn\n|upkeep\n|turn|5\n|\n|t:|1698593883\n|switch|p1a: Ting-Lu|Ting-Lu|100\/100\n|-ability|p1a: Ting-Lu|Vessel of Ruin\n|move|p2a: Ting-Lu|Earthquake|p1a: Ting-Lu\n|-damage|p1a: Ting-Lu|77\/100\n|\n|-weather|none\n|upkeep\n|turn|6\n|\n|t:|1698593887\n|move|p1a: Ting-Lu|Spikes|p2a: Ting-Lu\n|-sidestart|p2: DEFCON 4|Spikes\n|move|p2a: Ting-Lu|Ruination|p1a: Ting-Lu\n|-damage|p1a: Ting-Lu|39\/100\n|\n|-end|p2a: Ting-Lu|move: Taunt\n|upkeep\n|turn|7\n|\n|t:|1698593893\n|move|p1a: Ting-Lu|Spikes|p2a: Ting-Lu\n|-sidestart|p2: DEFCON 4|Spikes\n|move|p2a: Ting-Lu|Spikes|p1a: Ting-Lu\n|-sidestart|p1: magby the stack|Spikes\n|\n|upkeep\n|turn|8\n|\n|t:|1698593897\n|move|p1a: Ting-Lu|Taunt|p2a: Ting-Lu\n|-start|p2a: Ting-Lu|move: Taunt\n|cant|p2a: Ting-Lu|move: Taunt|Spikes\n|\n|upkeep\n|turn|9\n|\n|t:|1698593900\n|move|p1a: Ting-Lu|Spikes|p2a: Ting-Lu\n|-sidestart|p2: DEFCON 4|Spikes\n|move|p2a: Ting-Lu|Earthquake|p1a: Ting-Lu\n|-damage|p1a: Ting-Lu|19\/100\n|\n|upkeep\n|turn|10\n|\n|t:|1698593905\n|switch|p1a: Landorus|Landorus-Therian, M|100\/100\n|-ability|p1a: Landorus|Intimidate|boost\n|-unboost|p2a: Ting-Lu|atk|1\n|move|p2a: Ting-Lu|Earthquake|p1a: Landorus\n|-immune|p1a: Landorus\n|\n|-end|p2a: Ting-Lu|move: Taunt\n|upkeep\n|turn|11\n|\n|t:|1698593908\n|move|p1a: Landorus|Stealth Rock|p2a: Ting-Lu\n|-sidestart|p2: DEFCON 4|move: Stealth Rock\n|move|p2a: Ting-Lu|Ruination|p1a: Landorus\n|-damage|p1a: Landorus|51\/100\n|\n|upkeep\n|turn|12\n|\n|t:|1698593913\n|move|p1a: Landorus|Taunt|p2a: Ting-Lu\n|-start|p2a: Ting-Lu|move: Taunt\n|cant|p2a: Ting-Lu|move: Taunt|Spikes\n|\n|upkeep\n|turn|13\n|\n|t:|1698593917\n|move|p1a: Landorus|U-turn|p2a: Ting-Lu\n|-supereffective|p2a: Ting-Lu\n|-crit|p2a: Ting-Lu\n|-damage|p2a: Ting-Lu|63\/100\n|c|\u2606DEFCON 4|.\n|c|\u2606DEFCON 4|ow\n|\n|t:|1698593943\n|switch|p1a: Arceus|Arceus-Ground|39\/100 brn|[from] U-turn\n|-damage|p1a: Arceus|26\/100 brn|[from] Spikes\n|move|p2a: Ting-Lu|Ruination|p1a: Arceus\n|-damage|p1a: Arceus|13\/100 brn\n|\n|-heal|p2a: Ting-Lu|69\/100|[from] item: Leftovers\n|-damage|p1a: Arceus|7\/100 brn|[from] brn\n|upkeep\n|turn|14\n|\n|t:|1698593947\n|move|p1a: Arceus|Ice Beam|p2a: Ting-Lu\n|-supereffective|p2a: Ting-Lu\n|-damage|p2a: Ting-Lu|47\/100\n|move|p2a: Ting-Lu|Ruination|p1a: Arceus\n|-damage|p1a: Arceus|4\/100 brn\n|\n|-heal|p2a: Ting-Lu|53\/100|[from] item: Leftovers\n|-damage|p1a: Arceus|0 fnt|[from] brn\n|faint|p1a: Arceus\n|-end|p2a: Ting-Lu|move: Taunt\n|upkeep\n|\n|t:|1698593954\n|switch|p1a: Koraidon|Koraidon|100\/100\n|-damage|p1a: Koraidon|88\/100|[from] Spikes\n|-weather|SunnyDay|[from] ability: Orichalcum Pulse|[of] p1a: Koraidon\n|-activate|p1a: Koraidon|Orichalcum Pulse|[source]\n|turn|15\n|inactive|magby the stack has 270 seconds left.\n|\n|t:|1698593984\n|move|p1a: Koraidon|Low Kick|p2a: Ting-Lu\n|-supereffective|p2a: Ting-Lu\n|-damage|p2a: Ting-Lu|0 fnt\n|faint|p2a: Ting-Lu\n|\n|-weather|SunnyDay|[upkeep]\n|upkeep\n|\n|t:|1698593989\n|switch|p2a: Calyrex|Calyrex-Shadow|100\/100\n|-ability|p2a: Calyrex|As One\n|-ability|p2a: Calyrex|Unnerve\n|turn|16\n|inactive|magby the stack has 270 seconds left.\n|\n|t:|1698594000\n|switch|p1a: Arceus|Arceus|100\/100\n|move|p2a: Calyrex|Grass Knot|p1a: Arceus\n|-damage|p1a: Arceus|67\/100\n|\n|-weather|SunnyDay|[upkeep]\n|upkeep\n|turn|17\n|\n|t:|1698594007\n|move|p2a: Calyrex|Grass Knot|p1a: Arceus\n|-damage|p1a: Arceus|35\/100\n|move|p1a: Arceus|Shadow Claw|p2a: Calyrex\n|-supereffective|p2a: Calyrex\n|-damage|p2a: Calyrex|0 fnt\n|faint|p2a: Calyrex\n|\n|-weather|SunnyDay|[upkeep]\n|upkeep\n|\n|t:|1698594012\n|switch|p2a: Koraidon|Koraidon|100\/100\n|-damage|p2a: Koraidon|76\/100|[from] Spikes\n|-damage|p2a: Koraidon|69\/100|[from] Stealth Rock\n|-activate|p2a: Koraidon|ability: Orichalcum Pulse\n|turn|18\n|\n|t:|1698594021\n|switch|p1a: Landorus|Landorus-Therian, M|51\/100\n|-ability|p1a: Landorus|Intimidate|boost\n|-unboost|p2a: Koraidon|atk|1\n|move|p2a: Koraidon|Scale Shot|p1a: Landorus\n|-damage|p1a: Landorus|41\/100\n|-crit|p1a: Landorus\n|-damage|p1a: Landorus|23\/100\n|-damage|p1a: Landorus|15\/100\n|-damage|p1a: Landorus|7\/100\n|-hitcount|p1a: Landorus|4\n|-unboost|p2a: Koraidon|def|1\n|-boost|p2a: Koraidon|spe|1\n|\n|-weather|SunnyDay|[upkeep]\n|upkeep\n|turn|19\n|\n|t:|1698594029\n|move|p2a: Koraidon|Flare Blitz|p1a: Landorus\n|-damage|p1a: Landorus|0 fnt\n|-damage|p2a: Koraidon|53\/100|[from] item: Rocky Helmet|[of] p1a: Landorus\n|faint|p1a: Landorus\n|-damage|p2a: Koraidon|51\/100|[from] Recoil\n|\n|-weather|none\n|upkeep\n|c|\u2606DEFCON 4|do u win the tie\n|c|\u2606DEFCON 4|cus i dont\n|inactive|magby the stack has 270 seconds left.\n|\n|t:|1698594058\n|switch|p1a: Arceus|Arceus|35\/100\n|turn|20\n|c|\u2606DEFCON 4|o word\n|c|\u2606magby the stack|idk either tbh i don't play this tier\n|\n|t:|1698594066\n|move|p1a: Arceus|Extreme Speed|p2a: Koraidon\n|-damage|p2a: Koraidon|0 fnt\n|faint|p2a: Koraidon\n|\n|upkeep\n|\n|t:|1698594070\n|switch|p2a: Arceus|Arceus|100\/100\n|-damage|p2a: Arceus|75\/100|[from] Spikes\n|-damage|p2a: Arceus|63\/100|[from] Stealth Rock\n|turn|21\n|\n|t:|1698594079\n|switch|p1a: Koraidon|Koraidon|88\/100\n|-damage|p1a: Koraidon|76\/100|[from] Spikes\n|-weather|SunnyDay|[from] ability: Orichalcum Pulse|[of] p1a: Koraidon\n|-activate|p1a: Koraidon|Orichalcum Pulse|[source]\n|move|p2a: Arceus|Extreme Speed|p1a: Koraidon\n|-damage|p1a: Koraidon|32\/100\n|\n|-weather|SunnyDay|[upkeep]\n|upkeep\n|turn|22\n|\n|t:|1698594089\n|switch|p1a: Calyrex|Calyrex-Shadow|100\/100\n|-ability|p1a: Calyrex|As One\n|-ability|p1a: Calyrex|Unnerve\n|-damage|p1a: Calyrex|88\/100|[from] Spikes\n|move|p2a: Arceus|Extreme Speed|p1a: Calyrex\n|-immune|p1a: Calyrex\n|\n|-weather|SunnyDay|[upkeep]\n|upkeep\n|turn|23\n|c|\u2606DEFCON 4|that shit aint spx.\n|\n|t:|1698594111\n|switch|p1a: Ting-Lu|Ting-Lu|19\/100\n|-damage|p1a: Ting-Lu|6\/100|[from] Spikes\n|-ability|p1a: Ting-Lu|Vessel of Ruin\n|move|p2a: Arceus|Shadow Claw|p1a: Ting-Lu\n|-resisted|p1a: Ting-Lu\n|-damage|p1a: Ting-Lu|0 fnt\n|faint|p1a: Ting-Lu\n|\n|-weather|SunnyDay|[upkeep]\n|upkeep\n|\n|t:|1698594120\n|switch|p1a: Arceus|Arceus|35\/100\n|turn|24\n|inactive|magby the stack has 270 seconds left.\n|inactive|DEFCON 4 has 270 seconds left.\n|\n|t:|1698594155\n|-terastallize|p2a: Arceus|Ghost\n|-terastallize|p1a: Arceus|Steel\n|move|p2a: Arceus|Extreme Speed|p1a: Arceus\n|-resisted|p1a: Arceus\n|-damage|p1a: Arceus|16\/100\n|move|p1a: Arceus|Swords Dance|p1a: Arceus\n|-boost|p1a: Arceus|atk|2\n|\n|-weather|SunnyDay|[upkeep]\n|upkeep\n|turn|25\n|c|\u2606DEFCON 4|word\n|\n|t:|1698594162\n|move|p2a: Arceus|Shadow Claw|p1a: Arceus\n|-damage|p1a: Arceus|0 fnt\n|faint|p1a: Arceus\n|\n|-weather|none\n|upkeep\n|c|\u2606magby the stack|damn\n|\n|t:|1698594170\n|switch|p1a: Calyrex|Calyrex-Shadow|88\/100\n|-ability|p1a: Calyrex|As One\n|-ability|p1a: Calyrex|Unnerve\n|-damage|p1a: Calyrex|76\/100|[from] Spikes\n|turn|26\n|\n|t:|1698594174\n|switch|p2a: Arceus|Arceus-Fairy|87\/100\n|-damage|p2a: Arceus|62\/100|[from] Spikes\n|-damage|p2a: Arceus|50\/100|[from] Stealth Rock\n|move|p1a: Calyrex|Astral Barrage|p2a: Arceus\n|-damage|p2a: Arceus|0 fnt\n|faint|p2a: Arceus\n|-ability|p1a: Calyrex|Grim Neigh|boost\n|-boost|p1a: Calyrex|spa|1\n|\n|upkeep\n|\n|t:|1698594177\n|switch|p2a: Koraidon|Koraidon|100\/100\n|-damage|p2a: Koraidon|76\/100|[from] Spikes\n|-damage|p2a: Koraidon|69\/100|[from] Stealth Rock\n|-weather|SunnyDay|[from] ability: Orichalcum Pulse|[of] p2a: Koraidon\n|-activate|p2a: Koraidon|Orichalcum Pulse|[source]\n|turn|27\n|\n|t:|1698594180\n|move|p2a: Koraidon|Flare Blitz|p1a: Calyrex\n|-damage|p1a: Calyrex|0 fnt\n|faint|p1a: Calyrex\n|-damage|p2a: Koraidon|44\/100|[from] Recoil\n|\n|-weather|SunnyDay|[upkeep]\n|upkeep\n|c|\u2606DEFCON 4|are u him\n|c|\u2606DEFCON 4|phew\n|c|\u2606DEFCON 4|g\n|c|\u2606DEFCON 4|g\n|\n|t:|1698594187\n|switch|p1a: Koraidon|Koraidon|32\/100\n|-damage|p1a: Koraidon|19\/100|[from] Spikes\n|-activate|p1a: Koraidon|ability: Orichalcum Pulse\n|turn|28\n|\n|t:|1698594193\n|move|p2a: Koraidon|Flare Blitz|p1a: Koraidon\n|-resisted|p1a: Koraidon\n|-damage|p1a: Koraidon|0 fnt\n|faint|p1a: Koraidon\n|-damage|p2a: Koraidon|38\/100|[from] Recoil\n|\n|win|DEFCON 4\n|c|\u2606magby the stack|oof\n|c|\u2606magby the stack|double tie lost\n|c|\u2606magby the stack|gg\n|c|\u2606DEFCON 4|what was the\n|c|\u2606DEFCON 4|other\n|c|\u2606magby the stack|arc\n|c|\u2606magby the stack|and korai\n|c|\u2606DEFCON 4|huh\n|c|\u2606DEFCON 4|like the korai vs korai rn yh\n|c|\u2606DEFCON 4|but ek revenges\n|c|\u2606DEFCON 4|whats the other one\n","uploadtime":1698594195,"views":87,"p1id":"magbythestack","p2id":"defcon4","formatid":"gen9anythinggoes","rating":0,"private":0,"password":""}