{"id":"smogtours-gen9anythinggoes-725038","p1":"Raf","p2":"corvere","format":"[Gen 9] Anything Goes","log":"|inactive|Battle timer is ON: inactive players will automatically lose when time's up.\n|t:|1697860862\n|gametype|singles\n|player|p1|Raf|#scl3dynamos2|\n|player|p2|corvere|maylene|\n|teamsize|p1|6\n|teamsize|p2|6\n|gen|9\n|tier|[Gen 9] Anything Goes\n|rule|HP Percentage Mod: HP is shown in percentages\n|rule|Endless Battle Clause: Forcing endless battles is banned\n|clearpoke\n|poke|p1|Calyrex-Shadow|\n|poke|p1|Arceus-Steel|\n|poke|p1|Landorus-Therian, M|\n|poke|p1|Eternatus|\n|poke|p1|Kyogre|\n|poke|p1|Ting-Lu|\n|poke|p2|Calyrex-Shadow|\n|poke|p2|Arceus|\n|poke|p2|Koraidon|\n|poke|p2|Ting-Lu|\n|poke|p2|Zacian-*|\n|poke|p2|Landorus-Therian, M|\n|teampreview\n|inactive|Raf also wants the timer to be on.\n|c|\u2606Raf|hf\n|c|\u2606corvere|hf\n|inactive|Raf has 270 seconds left.\n|inactive|corvere has 270 seconds left.\n|inactive|Raf has 240 seconds left.\n|inactive|corvere has 240 seconds left.\n|inactive|corvere has 210 seconds left.\n|inactive|corvere has 180 seconds left.\n|inactive|corvere has 150 seconds left.\n|\n|t:|1697861027\n|start\n|switch|p1a: Landorus|Landorus-Therian, M|100\/100\n|switch|p2a: Ting-Lu|Ting-Lu|100\/100\n|-ability|p1a: Landorus|Intimidate|boost\n|-unboost|p2a: Ting-Lu|atk|1\n|-ability|p2a: Ting-Lu|Vessel of Ruin\n|turn|1\n|\n|t:|1697861037\n|move|p1a: Landorus|Taunt|p2a: Ting-Lu\n|-start|p2a: Ting-Lu|move: Taunt\n|cant|p2a: Ting-Lu|move: Taunt|Spikes\n|\n|upkeep\n|turn|2\n|\n|t:|1697861043\n|switch|p2a: Landorus|Landorus-Therian, M|100\/100\n|-ability|p2a: Landorus|Intimidate|boost\n|-unboost|p1a: Landorus|atk|1\n|move|p1a: Landorus|Stealth Rock|p2a: Landorus\n|-sidestart|p2: corvere|move: Stealth Rock\n|\n|upkeep\n|turn|3\n|\n|t:|1697861046\n|move|p2a: Landorus|Stealth Rock|p1a: Landorus\n|-sidestart|p1: Raf|move: Stealth Rock\n|move|p1a: Landorus|Taunt|p2a: Landorus\n|-start|p2a: Landorus|move: Taunt\n|\n|upkeep\n|turn|4\n|\n|t:|1697861059\n|switch|p2a: Ting-Lu|Ting-Lu|100\/100\n|-damage|p2a: Ting-Lu|94\/100|[from] Stealth Rock\n|-ability|p2a: Ting-Lu|Vessel of Ruin\n|move|p1a: Landorus|U-turn|p2a: Ting-Lu\n|-supereffective|p2a: Ting-Lu\n|-damage|p2a: Ting-Lu|76\/100\n|c|+awyp|lgi\n|inactive|Raf has 270 seconds left.\n|\n|t:|1697861093\n|switch|p1a: Kyogre|Kyogre|100\/100|[from] U-turn\n|-damage|p1a: Kyogre|88\/100|[from] Stealth Rock\n|-weather|RainDance|[from] ability: Drizzle|[of] p1a: Kyogre\n|\n|-weather|RainDance|[upkeep]\n|-heal|p2a: Ting-Lu|83\/100|[from] item: Leftovers\n|upkeep\n|turn|5\n|inactive|Raf has 270 seconds left.\n|\n|t:|1697861108\n|switch|p2a: Koraidon|Koraidon|100\/100\n|-damage|p2a: Koraidon|94\/100|[from] Stealth Rock\n|-weather|SunnyDay|[from] ability: Orichalcum Pulse|[of] p2a: Koraidon\n|-activate|p2a: Koraidon|Orichalcum Pulse|[source]\n|move|p1a: Kyogre|Water Spout|p2a: Koraidon\n|-resisted|p2a: Koraidon\n|-damage|p2a: Koraidon|75\/100\n|\n|-weather|SunnyDay|[upkeep]\n|upkeep\n|turn|6\n|\n|t:|1697861122\n|switch|p1a: Landorus|Landorus-Therian, M|100\/100\n|-damage|p1a: Landorus|88\/100|[from] Stealth Rock\n|-ability|p1a: Landorus|Intimidate|boost\n|-unboost|p2a: Koraidon|atk|1\n|move|p2a: Koraidon|Swords Dance|p2a: Koraidon\n|-boost|p2a: Koraidon|atk|2\n|\n|-weather|SunnyDay|[upkeep]\n|upkeep\n|turn|7\n|inactive|Raf has 270 seconds left.\n|\n|t:|1697861156\n|move|p2a: Koraidon|Flare Blitz|p1a: Landorus\n|-damage|p1a: Landorus|6\/100\n|-status|p1a: Landorus|brn\n|-damage|p2a: Koraidon|59\/100|[from] item: Rocky Helmet|[of] p1a: Landorus\n|-damage|p2a: Koraidon|28\/100|[from] Recoil\n|move|p1a: Landorus|Earthquake|p2a: Koraidon\n|-damage|p2a: Koraidon|6\/100\n|\n|-weather|SunnyDay|[upkeep]\n|-damage|p1a: Landorus|0 fnt|[from] brn\n|faint|p1a: Landorus\n|upkeep\n|inactive|Raf has 240 seconds left.\n|\n|t:|1697861182\n|switch|p1a: Calyrex|Calyrex-Shadow|100\/100\n|-ability|p1a: Calyrex|As One\n|-ability|p1a: Calyrex|Unnerve\n|turn|8\n|inactive|Raf has 240 seconds left.\n|\n|t:|1697861191\n|switch|p2a: Ting-Lu|Ting-Lu|83\/100\n|-damage|p2a: Ting-Lu|76\/100|[from] Stealth Rock\n|-ability|p2a: Ting-Lu|Vessel of Ruin\n|move|p1a: Calyrex|Grass Knot|p2a: Ting-Lu\n|-supereffective|p2a: Ting-Lu\n|-damage|p2a: Ting-Lu|38\/100\n|\n|-weather|SunnyDay|[upkeep]\n|-heal|p2a: Ting-Lu|44\/100|[from] item: Leftovers\n|upkeep\n|turn|9\n|inactive|Raf has 240 seconds left.\n|inactive|corvere has 240 seconds left.\n|inactive|Raf has 210 seconds left.\n|inactive|Raf has 180 seconds left.\n|inactive|corvere has 210 seconds left.\n|\n|t:|1697861263\n|move|p1a: Calyrex|Grass Knot|p2a: Ting-Lu\n|-supereffective|p2a: Ting-Lu\n|-damage|p2a: Ting-Lu|1\/100\n|move|p2a: Ting-Lu|Ruination|p1a: Calyrex\n|-damage|p1a: Calyrex|51\/100\n|\n|-weather|none\n|-heal|p2a: Ting-Lu|7\/100|[from] item: Leftovers\n|upkeep\n|turn|10\n|inactive|Raf has 180 seconds left.\n|inactive|corvere has 210 seconds left.\n|\n|t:|1697861274\n|switch|p2a: Arceus|Arceus|100\/100\n|-damage|p2a: Arceus|88\/100|[from] Stealth Rock\n|move|p1a: Calyrex|Grass Knot|p2a: Arceus\n|-damage|p2a: Arceus|52\/100\n|\n|upkeep\n|turn|11\n|inactive|Raf has 180 seconds left.\n|inactive|corvere has 210 seconds left.\n|\n|t:|1697861311\n|-terastallize|p1a: Calyrex|Grass\n|move|p1a: Calyrex|Grass Knot|p2a: Arceus\n|-damage|p2a: Arceus|0 fnt\n|faint|p2a: Arceus\n|-ability|p1a: Calyrex|Grim Neigh|boost\n|-boost|p1a: Calyrex|spa|1\n|\n|upkeep\n|inactive|corvere has 210 seconds left.\n|\n|t:|1697861317\n|switch|p2a: Landorus|Landorus-Therian, M|100\/100\n|-damage|p2a: Landorus|88\/100|[from] Stealth Rock\n|-ability|p2a: Landorus|Intimidate|boost\n|-unboost|p1a: Calyrex|atk|1\n|turn|12\n|inactive|Raf has 150 seconds left.\n|\n|t:|1697861339\n|move|p2a: Landorus|U-turn|p1a: Calyrex\n|-supereffective|p1a: Calyrex\n|-damage|p1a: Calyrex|0 fnt\n|faint|p1a: Calyrex\n|inactive|corvere has 210 seconds left.\n|\n|t:|1697861354\n|switch|p2a: Ting-Lu|Ting-Lu|7\/100|[from] U-turn\n|-damage|p2a: Ting-Lu|1\/100|[from] Stealth Rock\n|-ability|p2a: Ting-Lu|Vessel of Ruin\n|\n|-heal|p2a: Ting-Lu|7\/100|[from] item: Leftovers\n|upkeep\n|inactive|Raf has 150 seconds left.\n|inactive|Raf has 120 seconds left.\n|\n|t:|1697861405\n|switch|p1a: Arceus|Arceus-Steel|100\/100\n|-damage|p1a: Arceus|94\/100|[from] Stealth Rock\n|turn|13\n|\n|t:|1697861410\n|move|p1a: Arceus|Judgment|p2a: Ting-Lu\n|-damage|p2a: Ting-Lu|0 fnt\n|faint|p2a: Ting-Lu\n|\n|upkeep\n|\n|t:|1697861413\n|switch|p2a: Koraidon|Koraidon|6\/100\n|-damage|p2a: Koraidon|0 fnt|[from] Stealth Rock\n|faint|p2a: Koraidon\n|\n|t:|1697861433\n|switch|p2a: Landorus|Landorus-Therian, M|88\/100\n|-damage|p2a: Landorus|76\/100|[from] Stealth Rock\n|-ability|p2a: Landorus|Intimidate|boost\n|-unboost|p1a: Arceus|atk|1\n|turn|14\n|inactive|Raf has 120 seconds left.\n|\n|t:|1697861479\n|-terastallize|p2a: Landorus|Ground\n|move|p2a: Landorus|Earthquake|p1a: Arceus\n|-supereffective|p1a: Arceus\n|-damage|p1a: Arceus|0 fnt\n|faint|p1a: Arceus\n|\n|upkeep\n|inactive|Raf has 90 seconds left.\n|inactive|Raf has 60 seconds left.\n|inactive|Raf has 30 seconds left.\n|inactive|Raf has 20 seconds left.\n|\n|t:|1697861564\n|switch|p1a: Ting-Lu|Ting-Lu|100\/100\n|-damage|p1a: Ting-Lu|94\/100|[from] Stealth Rock\n|-ability|p1a: Ting-Lu|Vessel of Ruin\n|turn|15\n|inactive|Raf has 30 seconds left this turn.\n|inactive|Raf has 20 seconds left.\n|\n|t:|1697861577\n|switch|p2a: Calyrex|Calyrex-Shadow|100\/100\n|-ability|p2a: Calyrex|As One\n|-ability|p2a: Calyrex|Unnerve\n|move|p1a: Ting-Lu|Earthquake|p2a: Calyrex\n|-damage|p2a: Calyrex|59\/100\n|\n|-heal|p1a: Ting-Lu|100\/100|[from] item: Leftovers\n|upkeep\n|turn|16\n|inactive|Raf has 30 seconds left this turn.\n|inactive|corvere has 240 seconds left.\n|\n|t:|1697861587\n|switch|p1a: Eternatus|Eternatus|100\/100\n|-ability|p1a: Eternatus|Pressure\n|move|p2a: Calyrex|Nasty Plot|p2a: Calyrex\n|-boost|p2a: Calyrex|spa|2\n|\n|upkeep\n|turn|17\n|\n|t:|1697861592\n|move|p2a: Calyrex|Astral Barrage|p1a: Eternatus\n|-damage|p1a: Eternatus|26\/100\n|move|p1a: Eternatus|Toxic Spikes|p2a: Calyrex\n|-sidestart|p2: corvere|move: Toxic Spikes\n|\n|upkeep\n|turn|18\n|\n|t:|1697861601\n|move|p2a: Calyrex|Encore|p1a: Eternatus\n|-start|p1a: Eternatus|Encore\n|move|p1a: Eternatus|Toxic Spikes|p2a: Calyrex\n|-sidestart|p2: corvere|move: Toxic Spikes\n|\n|upkeep\n|turn|19\n|\n|t:|1697861611\n|move|p2a: Calyrex|Draining Kiss|p1a: Eternatus\n|-crit|p1a: Eternatus\n|-damage|p1a: Eternatus|0 fnt\n|-heal|p2a: Calyrex|86\/100|[from] drain|[of] p1a: Eternatus\n|faint|p1a: Eternatus\n|-ability|p2a: Calyrex|Grim Neigh|boost\n|-boost|p2a: Calyrex|spa|1\n|\n|upkeep\n|\n|t:|1697861615\n|switch|p1a: Kyogre|Kyogre|88\/100\n|-damage|p1a: Kyogre|76\/100|[from] Stealth Rock\n|-weather|RainDance|[from] ability: Drizzle|[of] p1a: Kyogre\n|turn|20\n|\n|t:|1697861637\n|move|p1a: Kyogre|Origin Pulse|p2a: Calyrex\n|-damage|p2a: Calyrex|0 fnt\n|faint|p2a: Calyrex\n|\n|-weather|RainDance|[upkeep]\n|upkeep\n|inactive|corvere has 270 seconds left.\n|\n|t:|1697861642\n|switch|p2a: Landorus|Landorus-Therian, M, tera:Ground|76\/100\n|-damage|p2a: Landorus|70\/100|[from] Stealth Rock\n|-status|p2a: Landorus|tox\n|-ability|p2a: Landorus|Intimidate|boost\n|-unboost|p1a: Kyogre|atk|1\n|turn|21\n|inactive|corvere has 270 seconds left.\n|\n|t:|1697861663\n|switch|p1a: Ting-Lu|Ting-Lu|100\/100\n|-damage|p1a: Ting-Lu|94\/100|[from] Stealth Rock\n|-ability|p1a: Ting-Lu|Vessel of Ruin\n|move|p2a: Landorus|U-turn|p1a: Ting-Lu\n|-supereffective|p1a: Ting-Lu\n|-damage|p1a: Ting-Lu|63\/100\n|\n|t:|1697861665\n|switch|p2a: Zacian|Zacian-Crowned|100\/100|[from] U-turn\n|-damage|p2a: Zacian|94\/100|[from] Stealth Rock\n|-ability|p2a: Zacian|Intrepid Sword|boost\n|-boost|p2a: Zacian|atk|1\n|\n|-weather|RainDance|[upkeep]\n|-heal|p1a: Ting-Lu|69\/100|[from] item: Leftovers\n|upkeep\n|turn|22\n|\n|t:|1697861683\n|switch|p1a: Kyogre|Kyogre|76\/100\n|-damage|p1a: Kyogre|64\/100|[from] Stealth Rock\n|move|p2a: Zacian|Play Rough|p1a: Kyogre\n|-damage|p1a: Kyogre|0 fnt\n|faint|p1a: Kyogre\n|\n|-weather|RainDance|[upkeep]\n|upkeep\n|\n|t:|1697861686\n|switch|p1a: Ting-Lu|Ting-Lu|69\/100\n|-damage|p1a: Ting-Lu|63\/100|[from] Stealth Rock\n|-ability|p1a: Ting-Lu|Vessel of Ruin\n|turn|23\n|c|\u2606Raf|gg\n|\n|t:|1697861688\n|move|p2a: Zacian|Behemoth Blade|p1a: Ting-Lu\n|-damage|p1a: Ting-Lu|13\/100\n|move|p1a: Ting-Lu|Earthquake|p2a: Zacian\n|-supereffective|p2a: Zacian\n|-damage|p2a: Zacian|24\/100\n|\n|-weather|RainDance|[upkeep]\n|-heal|p1a: Ting-Lu|20\/100|[from] item: Leftovers\n|upkeep\n|turn|24\n|\n|t:|1697861692\n|move|p2a: Zacian|Behemoth Blade|p1a: Ting-Lu\n|-damage|p1a: Ting-Lu|0 fnt\n|faint|p1a: Ting-Lu\n|\n|win|corvere\n|c|\u2606corvere|GG\n|c|\u2606corvere|gg*\n","uploadtime":1697861693,"views":95,"p1id":"raf","p2id":"corvere","formatid":"gen9anythinggoes","rating":0,"private":0,"password":""}