{"id":"smogtours-gen9anythinggoes-732282","p1":"Future king of ou","p2":"baconeatinassassin","format":"[Gen 9] Anything Goes","log":"|inactive|Battle timer is ON: inactive players will automatically lose when time's up.\n|t:|1700882473\n|gametype|singles\n|player|p1|Future king of ou|rosa-pokestar|\n|player|p2|baconeatinassassin|#agplvivoryimpalers|\n|teamsize|p1|6\n|teamsize|p2|6\n|gen|9\n|tier|[Gen 9] Anything Goes\n|rule|HP Percentage Mod: HP is shown in percentages\n|rule|Endless Battle Clause: Forcing endless battles is banned\n|clearpoke\n|poke|p1|Calyrex-Shadow|\n|poke|p1|Landorus-Therian, M|\n|poke|p1|Kyogre|\n|poke|p1|Ting-Lu|\n|poke|p1|Zacian-*|\n|poke|p1|Koraidon|\n|poke|p2|Koraidon|\n|poke|p2|Chi-Yu|\n|poke|p2|Toxapex, M|\n|poke|p2|Ting-Lu|\n|poke|p2|Arceus-Fairy|\n|poke|p2|Calyrex-Shadow|\n|teampreview\n|c|\u2606baconeatinassassin|hf\n|c|\u2606Future king of ou|Hf\n|inactive|Future king of ou has 270 seconds left.\n|inactive|baconeatinassassin has 270 seconds left.\n|c|\u2606Future king of ou|Where you expecting stall \n|c|\u2606Future king of ou|With chi yu\n|c|\u2606baconeatinassassin|not necessarily\n|inactive|baconeatinassassin has 240 seconds left.\n|\n|t:|1700882550\n|start\n|switch|p1a: Kyogre|Kyogre, shiny|100\/100\n|switch|p2a: Calyrex|Calyrex-Shadow|100\/100\n|-ability|p2a: Calyrex|As One\n|-ability|p2a: Calyrex|Unnerve\n|-weather|RainDance|[from] ability: Drizzle|[of] p1a: Kyogre\n|turn|1\n|inactive|baconeatinassassin has 270 seconds left.\n|\n|t:|1700882578\n|move|p2a: Calyrex|Grass Knot|p1a: Kyogre\n|-supereffective|p1a: Kyogre\n|-damage|p1a: Kyogre|39\/100\n|move|p1a: Kyogre|Origin Pulse|p2a: Calyrex|[miss]\n|-miss|p1a: Kyogre|p2a: Calyrex\n|\n|-weather|RainDance|[upkeep]\n|upkeep\n|turn|2\n|c|\u2606Future king of ou|Damn it oger\n|c|\u2606baconeatinassassin|mb\n|inactive|baconeatinassassin has 270 seconds left.\n|\n|t:|1700882597\n|switch|p2a: Koraidon|Koraidon|100\/100\n|-weather|SunnyDay|[from] ability: Orichalcum Pulse|[of] p2a: Koraidon\n|-activate|p2a: Koraidon|Orichalcum Pulse|[source]\n|switch|p1a: Ting-Lu|Ting-Lu|100\/100\n|-ability|p1a: Ting-Lu|Vessel of Ruin\n|\n|-weather|SunnyDay|[upkeep]\n|upkeep\n|turn|3\n|inactive|baconeatinassassin has 270 seconds left.\n|\n|t:|1700882621\n|switch|p1a: Landorus|Landorus-Therian, M|100\/100\n|-ability|p1a: Landorus|Intimidate|boost\n|-unboost|p2a: Koraidon|atk|1\n|move|p2a: Koraidon|Flare Blitz|p1a: Landorus\n|-damage|p1a: Landorus|44\/100\n|-damage|p2a: Koraidon|84\/100|[from] item: Rocky Helmet|[of] p1a: Landorus\n|-damage|p2a: Koraidon|63\/100|[from] Recoil\n|\n|-weather|SunnyDay|[upkeep]\n|upkeep\n|turn|4\n|\n|t:|1700882641\n|switch|p2a: Arceus|Arceus-Fairy|100\/100\n|switch|p1a: Kyogre|Kyogre, shiny|39\/100\n|-weather|RainDance|[from] ability: Drizzle|[of] p1a: Kyogre\n|\n|-weather|RainDance|[upkeep]\n|upkeep\n|turn|5\n|\n|t:|1700882649\n|switch|p2a: Koraidon|Koraidon|63\/100\n|-weather|SunnyDay|[from] ability: Orichalcum Pulse|[of] p2a: Koraidon\n|-activate|p2a: Koraidon|Orichalcum Pulse|[source]\n|move|p1a: Kyogre|Origin Pulse|p2a: Koraidon\n|-resisted|p2a: Koraidon\n|-damage|p2a: Koraidon|36\/100\n|\n|-weather|SunnyDay|[upkeep]\n|upkeep\n|turn|6\n|inactive|baconeatinassassin has 240 seconds left.\n|\n|t:|1700882691\n|switch|p1a: Landorus|Landorus-Therian, M|44\/100\n|-ability|p1a: Landorus|Intimidate|boost\n|-unboost|p2a: Koraidon|atk|1\n|move|p2a: Koraidon|Dragon Claw|p1a: Landorus\n|-damage|p1a: Landorus|5\/100\n|-damage|p2a: Koraidon|20\/100|[from] item: Rocky Helmet|[of] p1a: Landorus\n|\n|-weather|SunnyDay|[upkeep]\n|upkeep\n|turn|7\n|\n|t:|1700882695\n|move|p2a: Koraidon|Dragon Claw|p1a: Landorus\n|-damage|p1a: Landorus|0 fnt\n|-damage|p2a: Koraidon|3\/100|[from] item: Rocky Helmet|[of] p1a: Landorus\n|faint|p1a: Landorus\n|\n|-weather|SunnyDay|[upkeep]\n|upkeep\n|\n|t:|1700882700\n|switch|p1a: Zacian|Zacian-Crowned|100\/100\n|-ability|p1a: Zacian|Intrepid Sword|boost\n|-boost|p1a: Zacian|atk|1\n|turn|8\n|\n|t:|1700882708\n|switch|p2a: Toxapex|Toxapex, M|100\/100\n|move|p1a: Zacian|Trailblaze|p2a: Toxapex\n|-damage|p2a: Toxapex|82\/100\n|-boost|p1a: Zacian|spe|1\n|-damage|p1a: Zacian|84\/100|[from] item: Rocky Helmet|[of] p2a: Toxapex\n|\n|-weather|SunnyDay|[upkeep]\n|upkeep\n|turn|9\n|inactive|baconeatinassassin has 240 seconds left.\n|\n|t:|1700882727\n|switch|p1a: Kyogre|Kyogre, shiny|39\/100\n|-weather|RainDance|[from] ability: Drizzle|[of] p1a: Kyogre\n|move|p2a: Toxapex|Haze|p2a: Toxapex\n|-clearallboost\n|\n|-weather|RainDance|[upkeep]\n|upkeep\n|turn|10\n|inactive|baconeatinassassin has 240 seconds left.\n|inactive|baconeatinassassin has 210 seconds left.\n|inactive|baconeatinassassin has 180 seconds left.\n|\n|t:|1700882820\n|switch|p2a: Koraidon|Koraidon|3\/100\n|-weather|SunnyDay|[from] ability: Orichalcum Pulse|[of] p2a: Koraidon\n|-activate|p2a: Koraidon|Orichalcum Pulse|[source]\n|move|p1a: Kyogre|Thunder|p2a: Koraidon\n|-resisted|p2a: Koraidon\n|-damage|p2a: Koraidon|0 fnt\n|faint|p2a: Koraidon\n|\n|-weather|SunnyDay|[upkeep]\n|upkeep\n|\n|t:|1700882833\n|switch|p2a: Ting-Lu|Ting-Lu|100\/100\n|-ability|p2a: Ting-Lu|Vessel of Ruin\n|turn|11\n|\n|t:|1700882837\n|switch|p1a: Koraidon|Koraidon|100\/100\n|-activate|p1a: Koraidon|ability: Orichalcum Pulse\n|move|p2a: Ting-Lu|Spikes|p1a: Koraidon\n|-sidestart|p1: Future king of ou|Spikes\n|\n|-weather|SunnyDay|[upkeep]\n|upkeep\n|turn|12\n|\n|t:|1700882843\n|switch|p2a: Arceus|Arceus-Fairy|100\/100\n|move|p1a: Koraidon|U-turn|p2a: Arceus\n|-resisted|p2a: Arceus\n|-damage|p2a: Arceus|93\/100\n|\n|t:|1700882847\n|switch|p1a: Zacian|Zacian-Crowned|84\/100|[from] U-turn\n|-damage|p1a: Zacian|72\/100|[from] Spikes\n|\n|-weather|SunnyDay|[upkeep]\n|upkeep\n|turn|13\n|inactive|baconeatinassassin has 180 seconds left.\n|inactive|baconeatinassassin has 150 seconds left.\n|\n|t:|1700882907\n|-terastallize|p2a: Arceus|Poison\n|move|p1a: Zacian|Behemoth Blade|p2a: Arceus\n|-damage|p2a: Arceus|65\/100\n|move|p2a: Arceus|Iron Defense|p2a: Arceus\n|-boost|p2a: Arceus|def|2\n|\n|-weather|SunnyDay|[upkeep]\n|upkeep\n|turn|14\n|\n|t:|1700882915\n|switch|p1a: Ting-Lu|Ting-Lu|100\/100\n|-damage|p1a: Ting-Lu|88\/100|[from] Spikes\n|-ability|p1a: Ting-Lu|Vessel of Ruin\n|move|p2a: Arceus|Recover|p2a: Arceus\n|-heal|p2a: Arceus|100\/100\n|\n|-weather|none\n|-heal|p1a: Ting-Lu|94\/100|[from] item: Leftovers\n|upkeep\n|turn|15\n|\n|t:|1700882918\n|move|p2a: Arceus|Judgment|p1a: Ting-Lu\n|-supereffective|p1a: Ting-Lu\n|-damage|p1a: Ting-Lu|53\/100\n|move|p1a: Ting-Lu|Whirlwind|p2a: Arceus\n|drag|p2a: Chi-Yu|Chi-Yu|100\/100\n|-ability|p2a: Chi-Yu|Beads of Ruin\n|\n|-heal|p1a: Ting-Lu|59\/100|[from] item: Leftovers\n|upkeep\n|turn|16\n|\n|t:|1700882938\n|switch|p2a: Ting-Lu|Ting-Lu|100\/100\n|-ability|p2a: Ting-Lu|Vessel of Ruin\n|move|p1a: Ting-Lu|Spikes|p2a: Ting-Lu\n|-sidestart|p2: baconeatinassassin|Spikes\n|\n|-heal|p1a: Ting-Lu|65\/100|[from] item: Leftovers\n|upkeep\n|turn|17\n|\n|t:|1700882955\n|move|p1a: Ting-Lu|Spikes|p2a: Ting-Lu\n|-sidestart|p2: baconeatinassassin|Spikes\n|move|p2a: Ting-Lu|Ruination|p1a: Ting-Lu\n|-damage|p1a: Ting-Lu|33\/100\n|\n|-heal|p1a: Ting-Lu|39\/100|[from] item: Leftovers\n|upkeep\n|turn|18\n|\n|t:|1700882960\n|move|p2a: Ting-Lu|Spikes|p1a: Ting-Lu\n|-sidestart|p1: Future king of ou|Spikes\n|move|p1a: Ting-Lu|Whirlwind|p2a: Ting-Lu\n|drag|p2a: Calyrex|Calyrex-Shadow|100\/100\n|-ability|p2a: Calyrex|As One\n|-ability|p2a: Calyrex|Unnerve\n|-damage|p2a: Calyrex|84\/100|[from] Spikes\n|\n|-heal|p1a: Ting-Lu|45\/100|[from] item: Leftovers\n|upkeep\n|turn|19\n|\n|t:|1700882973\n|switch|p2a: Ting-Lu|Ting-Lu|100\/100\n|-damage|p2a: Ting-Lu|84\/100|[from] Spikes\n|-ability|p2a: Ting-Lu|Vessel of Ruin\n|move|p1a: Ting-Lu|Payback|p2a: Ting-Lu\n|-resisted|p2a: Ting-Lu\n|-damage|p2a: Ting-Lu|79\/100\n|\n|-heal|p1a: Ting-Lu|51\/100|[from] item: Leftovers\n|upkeep\n|turn|20\n|\n|t:|1700882986\n|switch|p1a: Koraidon|Koraidon|100\/100\n|-damage|p1a: Koraidon|84\/100|[from] Spikes\n|-weather|SunnyDay|[from] ability: Orichalcum Pulse|[of] p1a: Koraidon\n|-activate|p1a: Koraidon|Orichalcum Pulse|[source]\n|move|p2a: Ting-Lu|Whirlwind|p1a: Koraidon\n|drag|p1a: Zacian|Zacian-Crowned|72\/100\n|-damage|p1a: Zacian|55\/100|[from] Spikes\n|\n|-weather|SunnyDay|[upkeep]\n|upkeep\n|turn|21\n|inactive|baconeatinassassin has 120 seconds left.\n|\n|t:|1700883014\n|switch|p2a: Toxapex|Toxapex, M|100\/100\n|-damage|p2a: Toxapex|84\/100|[from] Spikes\n|move|p1a: Zacian|Swords Dance|p1a: Zacian\n|-boost|p1a: Zacian|atk|2\n|\n|-weather|SunnyDay|[upkeep]\n|upkeep\n|turn|22\n|\n|t:|1700883021\n|move|p1a: Zacian|Behemoth Blade|p2a: Toxapex\n|-resisted|p2a: Toxapex\n|-crit|p2a: Toxapex\n|-damage|p2a: Toxapex|32\/100\n|-damage|p1a: Zacian|38\/100|[from] item: Rocky Helmet|[of] p2a: Toxapex\n|move|p2a: Toxapex|Haze|p2a: Toxapex\n|-clearallboost\n|\n|-weather|SunnyDay|[upkeep]\n|upkeep\n|turn|23\n|\n|t:|1700883026\n|switch|p1a: Calyrex|Calyrex-Shadow|100\/100\n|-ability|p1a: Calyrex|As One\n|-ability|p1a: Calyrex|Unnerve\n|move|p2a: Toxapex|Recover|p2a: Toxapex\n|-heal|p2a: Toxapex|82\/100\n|\n|-weather|SunnyDay|[upkeep]\n|upkeep\n|turn|24\n|\n|t:|1700883031\n|switch|p2a: Chi-Yu|Chi-Yu|100\/100\n|-ability|p2a: Chi-Yu|Beads of Ruin\n|move|p1a: Calyrex|Nasty Plot|p1a: Calyrex\n|-boost|p1a: Calyrex|spa|2\n|\n|-weather|none\n|upkeep\n|turn|25\n|\n|t:|1700883054\n|-terastallize|p1a: Calyrex|Fighting\n|move|p1a: Calyrex|Tera Blast|p2a: Chi-Yu|[anim] Tera Blast Fighting\n|-supereffective|p2a: Chi-Yu\n|-damage|p2a: Chi-Yu|0 fnt\n|faint|p2a: Chi-Yu\n|-ability|p1a: Calyrex|Grim Neigh|boost\n|-boost|p1a: Calyrex|spa|1\n|\n|upkeep\n|inactive|baconeatinassassin has 120 seconds left.\n|inactive|baconeatinassassin has 90 seconds left.\n|c|\u2606Future king of ou|Damn that miss effected this part of the game so much\n|\n|t:|1700883123\n|switch|p2a: Calyrex|Calyrex-Shadow|84\/100\n|-ability|p2a: Calyrex|As One\n|-ability|p2a: Calyrex|Unnerve\n|-damage|p2a: Calyrex|67\/100|[from] Spikes\n|turn|26\n|\n|t:|1700883130\n|move|p2a: Calyrex|Trick|p1a: Calyrex\n|-activate|p2a: Calyrex|move: Trick|[of] p1a: Calyrex\n|-item|p1a: Calyrex|Choice Scarf|[from] move: Trick\n|-item|p2a: Calyrex|Heavy-Duty Boots|[from] move: Trick\n|move|p1a: Calyrex|Astral Barrage|p2a: Calyrex\n|-supereffective|p2a: Calyrex\n|-crit|p2a: Calyrex\n|-damage|p2a: Calyrex|0 fnt\n|faint|p2a: Calyrex\n|-ability|p1a: Calyrex|Grim Neigh|boost\n|-boost|p1a: Calyrex|spa|1\n|\n|upkeep\n|\n|t:|1700883133\n|switch|p2a: Ting-Lu|Ting-Lu|79\/100\n|-damage|p2a: Ting-Lu|63\/100|[from] Spikes\n|-ability|p2a: Ting-Lu|Vessel of Ruin\n|turn|27\n|\n|t:|1700883137\n|move|p1a: Calyrex|Astral Barrage|p2a: Ting-Lu\n|-resisted|p2a: Ting-Lu\n|-damage|p2a: Ting-Lu|13\/100\n|move|p2a: Ting-Lu|Whirlwind|p1a: Calyrex\n|drag|p1a: Ting-Lu|Ting-Lu|51\/100\n|-damage|p1a: Ting-Lu|35\/100|[from] Spikes\n|-ability|p1a: Ting-Lu|Vessel of Ruin\n|\n|-heal|p1a: Ting-Lu|41\/100|[from] item: Leftovers\n|upkeep\n|turn|28\n|inactive|baconeatinassassin has 90 seconds left.\n|\n|t:|1700883149\n|move|p1a: Ting-Lu|Ruination|p2a: Ting-Lu\n|-damage|p2a: Ting-Lu|7\/100\n|move|p2a: Ting-Lu|Ruination|p1a: Ting-Lu\n|-damage|p1a: Ting-Lu|21\/100\n|\n|-heal|p1a: Ting-Lu|27\/100|[from] item: Leftovers\n|upkeep\n|turn|29\n|\n|t:|1700883156\n|move|p1a: Ting-Lu|Spikes|p2a: Ting-Lu\n|-sidestart|p2: baconeatinassassin|Spikes\n|move|p2a: Ting-Lu|Spikes|p1a: Ting-Lu\n|-sidestart|p1: Future king of ou|Spikes\n|\n|-heal|p1a: Ting-Lu|33\/100|[from] item: Leftovers\n|upkeep\n|turn|30\n|\n|t:|1700883167\n|move|p1a: Ting-Lu|Whirlwind|p2a: Ting-Lu\n|drag|p2a: Toxapex|Toxapex, M|100\/100\n|-damage|p2a: Toxapex|75\/100|[from] Spikes\n|\n|-heal|p1a: Ting-Lu|39\/100|[from] item: Leftovers\n|upkeep\n|turn|31\n|\n|t:|1700883179\n|move|p2a: Toxapex|Toxic|p1a: Ting-Lu\n|-status|p1a: Ting-Lu|tox\n|move|p1a: Ting-Lu|Whirlwind|p2a: Toxapex\n|drag|p2a: Arceus|Arceus-Fairy, tera:Poison|100\/100\n|-damage|p2a: Arceus|76\/100|[from] Spikes\n|\n|-heal|p1a: Ting-Lu|45\/100 tox|[from] item: Leftovers\n|-damage|p1a: Ting-Lu|39\/100 tox|[from] psn\n|upkeep\n|turn|32\n|inactive|baconeatinassassin has 90 seconds left.\n|\n|t:|1700883208\n|move|p2a: Arceus|Recover|p2a: Arceus\n|-heal|p2a: Arceus|100\/100\n|move|p1a: Ting-Lu|Whirlwind|p2a: Arceus\n|drag|p2a: Toxapex|Toxapex, M|100\/100\n|-damage|p2a: Toxapex|75\/100|[from] Spikes\n|\n|-heal|p1a: Ting-Lu|45\/100 tox|[from] item: Leftovers\n|-damage|p1a: Ting-Lu|33\/100 tox|[from] psn\n|upkeep\n|turn|33\n|\n|t:|1700883219\n|move|p2a: Toxapex|Toxic|p1a: Ting-Lu\n|-fail|p1a: Ting-Lu|tox\n|move|p1a: Ting-Lu|Whirlwind|p2a: Toxapex\n|drag|p2a: Ting-Lu|Ting-Lu|7\/100\n|-damage|p2a: Ting-Lu|0 fnt|[from] Spikes\n|faint|p2a: Ting-Lu\n|\n|-heal|p1a: Ting-Lu|39\/100 tox|[from] item: Leftovers\n|-damage|p1a: Ting-Lu|21\/100 tox|[from] psn\n|upkeep\n|\n|t:|1700883222\n|switch|p2a: Arceus|Arceus-Fairy, tera:Poison|100\/100\n|-damage|p2a: Arceus|76\/100|[from] Spikes\n|turn|34\n|\n|t:|1700883226\n|move|p2a: Arceus|Judgment|p1a: Ting-Lu\n|-supereffective|p1a: Ting-Lu\n|-damage|p1a: Ting-Lu|0 fnt\n|faint|p1a: Ting-Lu\n|\n|upkeep\n|\n|t:|1700883232\n|switch|p1a: Koraidon|Koraidon|84\/100\n|-damage|p1a: Koraidon|59\/100|[from] Spikes\n|-weather|SunnyDay|[from] ability: Orichalcum Pulse|[of] p1a: Koraidon\n|-activate|p1a: Koraidon|Orichalcum Pulse|[source]\n|turn|35\n|inactive|baconeatinassassin has 90 seconds left.\n|\n|t:|1700883271\n|move|p1a: Koraidon|Outrage|p2a: Arceus\n|-damage|p2a: Arceus|35\/100\n|move|p2a: Arceus|Iron Defense|p2a: Arceus\n|-boost|p2a: Arceus|def|2\n|\n|-weather|SunnyDay|[upkeep]\n|upkeep\n|turn|36\n|\n|t:|1700883274\n|move|p1a: Koraidon|Outrage|p2a: Arceus|[from]lockedmove\n|-damage|p2a: Arceus|12\/100\n|-start|p1a: Koraidon|confusion|[fatigue]\n|move|p2a: Arceus|Recover|p2a: Arceus\n|-heal|p2a: Arceus|62\/100\n|\n|-weather|SunnyDay|[upkeep]\n|upkeep\n|turn|37\n|inactive|baconeatinassassin has 90 seconds left.\n|\n|t:|1700883288\n|switch|p1a: Calyrex|Calyrex-Shadow, tera:Fighting|100\/100\n|-ability|p1a: Calyrex|As One\n|-ability|p1a: Calyrex|Unnerve\n|-damage|p1a: Calyrex|76\/100|[from] Spikes\n|move|p2a: Arceus|Recover|p2a: Arceus\n|-heal|p2a: Arceus|100\/100\n|\n|-weather|SunnyDay|[upkeep]\n|upkeep\n|turn|38\n|\n|t:|1700883291\n|move|p1a: Calyrex|Astral Barrage|p2a: Arceus\n|-damage|p2a: Arceus|50\/100\n|move|p2a: Arceus|Judgment|p1a: Calyrex\n|-supereffective|p1a: Calyrex\n|-damage|p1a: Calyrex|0 fnt\n|faint|p1a: Calyrex\n|\n|-weather|SunnyDay|[upkeep]\n|upkeep\n|\n|t:|1700883300\n|switch|p1a: Kyogre|Kyogre, shiny|39\/100\n|-damage|p1a: Kyogre|14\/100|[from] Spikes\n|-weather|RainDance|[from] ability: Drizzle|[of] p1a: Kyogre\n|turn|39\n|\n|t:|1700883319\n|move|p2a: Arceus|Judgment|p1a: Kyogre\n|-crit|p1a: Kyogre\n|-damage|p1a: Kyogre|0 fnt\n|faint|p1a: Kyogre\n|\n|-weather|RainDance|[upkeep]\n|upkeep\n|\n|t:|1700883322\n|switch|p1a: Zacian|Zacian-Crowned|38\/100\n|-damage|p1a: Zacian|13\/100|[from] Spikes\n|turn|40\n|inactive|baconeatinassassin has 120 seconds left.\n|\n|t:|1700883334\n|move|p1a: Zacian|Swords Dance|p1a: Zacian\n|-boost|p1a: Zacian|atk|2\n|move|p2a: Arceus|Judgment|p1a: Zacian\n|-resisted|p1a: Zacian\n|-damage|p1a: Zacian|0 fnt\n|faint|p1a: Zacian\n|\n|-weather|RainDance|[upkeep]\n|upkeep\n|c|\u2606baconeatinassassin|sorry again\n|\n|t:|1700883363\n|switch|p1a: Koraidon|Koraidon|59\/100\n|-damage|p1a: Koraidon|34\/100|[from] Spikes\n|-weather|SunnyDay|[from] ability: Orichalcum Pulse|[of] p1a: Koraidon\n|-activate|p1a: Koraidon|Orichalcum Pulse|[source]\n|turn|41\n|\n|t:|1700883369\n|move|p1a: Koraidon|Outrage|p2a: Arceus\n|-damage|p2a: Arceus|29\/100\n|move|p2a: Arceus|Judgment|p1a: Koraidon\n|-supereffective|p1a: Koraidon\n|-damage|p1a: Koraidon|0 fnt\n|faint|p1a: Koraidon\n|\n|win|baconeatinassassin\n|c|\u2606Future king of ou|Gg\n|c|\u2606baconeatinassassin|gg\n|player|p1|Future king of ou|rosa-pokestar\n|player|p1|\n","uploadtime":1700883370,"views":62,"p1id":"futurekingofou","p2id":"baconeatinassassin","formatid":"gen9anythinggoes","rating":0,"private":0,"password":""}