{"id":"smogtours-gen9anythinggoes-726735","p1":"Primordiallite","p2":"Inder","format":"[Gen 9] Anything Goes","log":"|inactive|Battle timer is ON: inactive players will automatically lose when time's up.\n|t:|1698399546\n|gametype|singles\n|player|p1|Primordiallite|boarder|\n|player|p2|Inder|#pmpliidachsbuns|\n|teamsize|p1|6\n|teamsize|p2|6\n|gen|9\n|tier|[Gen 9] Anything Goes\n|rule|HP Percentage Mod: HP is shown in percentages\n|rule|Endless Battle Clause: Forcing endless battles is banned\n|clearpoke\n|poke|p1|Miraidon|\n|poke|p1|Landorus-Therian, M|\n|poke|p1|Ting-Lu|\n|poke|p1|Eternatus|\n|poke|p1|Arceus-Dark|\n|poke|p1|Koraidon|\n|poke|p2|Miraidon|\n|poke|p2|Glimmora, M|\n|poke|p2|Koraidon|\n|poke|p2|Zacian-*|\n|poke|p2|Arceus|\n|poke|p2|Arceus-Ground|\n|teampreview\n|inactive|Primordiallite also wants the timer to be on.\n|c|\u2606Primordiallite|hf\n|c|\u2606Inder|hf\n|inactive|Primordiallite has 270 seconds left.\n|inactive|Inder has 270 seconds left.\n|\n|t:|1698399603\n|start\n|switch|p1a: Miraidon|Miraidon|100\/100\n|switch|p2a: Glimmora|Glimmora, M|100\/100\n|-fieldstart|move: Electric Terrain|[from] ability: Hadron Engine|[of] p1a: Miraidon\n|turn|1\n|\n|t:|1698399609\n|move|p1a: Miraidon|Taunt|p2a: Glimmora\n|-start|p2a: Glimmora|move: Taunt\n|cant|p2a: Glimmora|move: Taunt|Spikes\n|\n|upkeep\n|turn|2\n|\n|t:|1698399615\n|move|p1a: Miraidon|Volt Switch|p2a: Glimmora\n|-damage|p2a: Glimmora|1\/100\n|\n|t:|1698399620\n|switch|p1a: Eternatus|Eternatus|100\/100|[from] Volt Switch\n|-ability|p1a: Eternatus|Pressure\n|move|p2a: Glimmora|Mortal Spin|p1a: Eternatus\n|-resisted|p1a: Eternatus\n|-damage|p1a: Eternatus|98\/100\n|\n|upkeep\n|turn|3\n|\n|t:|1698399635\n|move|p1a: Eternatus|Toxic Spikes|p2a: Glimmora\n|-sidestart|p2: Inder|move: Toxic Spikes\n|move|p2a: Glimmora|Dazzling Gleam|p1a: Eternatus\n|-damage|p1a: Eternatus|74\/100\n|\n|-end|p2a: Glimmora|move: Taunt\n|upkeep\n|turn|4\n|\n|t:|1698399645\n|switch|p2a: Zacian|Zacian-Crowned|100\/100\n|-ability|p2a: Zacian|Intrepid Sword|boost\n|-boost|p2a: Zacian|atk|1\n|move|p1a: Eternatus|Dynamax Cannon|p2a: Zacian\n|-immune|p2a: Zacian\n|\n|upkeep\n|turn|5\n|\n|t:|1698399663\n|-terastallize|p1a: Eternatus|Steel\n|move|p2a: Zacian|Behemoth Blade|p1a: Eternatus\n|-resisted|p1a: Eternatus\n|-damage|p1a: Eternatus|39\/100\n|move|p1a: Eternatus|Fire Blast|p2a: Zacian\n|-supereffective|p2a: Zacian\n|-damage|p2a: Zacian|7\/100\n|-status|p2a: Zacian|brn\n|-damage|p1a: Eternatus|29\/100|[from] item: Life Orb\n|\n|-damage|p2a: Zacian|1\/100 brn|[from] brn\n|-fieldend|move: Electric Terrain\n|upkeep\n|turn|6\n|\n|t:|1698399678\n|move|p2a: Zacian|Close Combat|p1a: Eternatus\n|-supereffective|p1a: Eternatus\n|-damage|p1a: Eternatus|0 fnt\n|-unboost|p2a: Zacian|def|1\n|-unboost|p2a: Zacian|spd|1\n|faint|p1a: Eternatus\n|\n|-damage|p2a: Zacian|0 fnt|[from] brn\n|faint|p2a: Zacian\n|upkeep\n|c|\u2606Inder|that's a lot of damages\n|\n|t:|1698399704\n|switch|p2a: Glimmora|Glimmora, M|1\/100\n|switch|p1a: Arceus|Arceus-Dark|100\/100\n|-sideend|p2: Inder|move: Toxic Spikes|[of] p2a: Glimmora\n|turn|7\n|c|\u2606Primordiallite|Yeah\n|\n|t:|1698399714\n|move|p1a: Arceus|Judgment|p2a: Glimmora\n|-damage|p2a: Glimmora|0 fnt\n|faint|p2a: Glimmora\n|\n|upkeep\n|\n|t:|1698399731\n|switch|p2a: Koraidon|Koraidon|100\/100\n|-weather|SunnyDay|[from] ability: Orichalcum Pulse|[of] p2a: Koraidon\n|-activate|p2a: Koraidon|Orichalcum Pulse|[source]\n|turn|8\n|\n|t:|1698399735\n|move|p2a: Koraidon|Low Kick|p1a: Arceus\n|-supereffective|p1a: Arceus\n|-crit|p1a: Arceus\n|-damage|p1a: Arceus|0 fnt\n|faint|p1a: Arceus\n|\n|-weather|SunnyDay|[upkeep]\n|upkeep\n|\n|t:|1698399739\n|switch|p1a: Landorus|Landorus-Therian, M|100\/100\n|-ability|p1a: Landorus|Intimidate|boost\n|-unboost|p2a: Koraidon|atk|1\n|turn|9\n|\n|t:|1698399749\n|move|p2a: Koraidon|Bulk Up|p2a: Koraidon\n|-boost|p2a: Koraidon|atk|1\n|-boost|p2a: Koraidon|def|1\n|move|p1a: Landorus|Earthquake|p2a: Koraidon\n|-damage|p2a: Koraidon|72\/100\n|\n|-weather|SunnyDay|[upkeep]\n|upkeep\n|turn|10\n|\n|t:|1698399755\n|move|p2a: Koraidon|Scale Shot|p1a: Landorus\n|-damage|p1a: Landorus|87\/100\n|-damage|p1a: Landorus|71\/100\n|-damage|p1a: Landorus|58\/100\n|-damage|p1a: Landorus|43\/100\n|-damage|p1a: Landorus|30\/100\n|-hitcount|p1a: Landorus|5\n|-unboost|p2a: Koraidon|def|1\n|-boost|p2a: Koraidon|spe|1\n|move|p1a: Landorus|U-turn|p2a: Koraidon\n|-resisted|p2a: Koraidon\n|-damage|p2a: Koraidon|63\/100\n|c|\u2606Inder|rooting for korai\n|inactive|Primordiallite has 270 seconds left.\n|\n|t:|1698399798\n|switch|p1a: Koraidon|Koraidon|100\/100|[from] U-turn\n|-activate|p1a: Koraidon|ability: Orichalcum Pulse\n|\n|-weather|SunnyDay|[upkeep]\n|upkeep\n|turn|11\n|\n|t:|1698399802\n|move|p1a: Koraidon|Low Kick|p2a: Koraidon\n|-damage|p2a: Koraidon|0 fnt\n|faint|p2a: Koraidon\n|\n|-weather|SunnyDay|[upkeep]\n|upkeep\n|\n|t:|1698399808\n|switch|p2a: Miraidon|Miraidon|100\/100\n|-fieldstart|move: Electric Terrain|[from] ability: Hadron Engine|[of] p2a: Miraidon\n|turn|12\n|\n|t:|1698399817\n|move|p1a: Koraidon|Low Kick|p2a: Miraidon\n|-damage|p2a: Miraidon|18\/100\n|move|p2a: Miraidon|Dragon Pulse|p1a: Koraidon\n|-supereffective|p1a: Koraidon\n|-damage|p1a: Koraidon|0 fnt\n|faint|p1a: Koraidon\n|\n|-weather|none\n|upkeep\n|\n|t:|1698399823\n|switch|p1a: Ting-Lu|Ting-Lu|100\/100\n|-ability|p1a: Ting-Lu|Vessel of Ruin\n|turn|13\n|\n|t:|1698399829\n|move|p2a: Miraidon|Dragon Pulse|p1a: Ting-Lu\n|-damage|p1a: Ting-Lu|67\/100\n|move|p1a: Ting-Lu|Spikes|p2a: Miraidon\n|-sidestart|p2: Inder|Spikes\n|\n|-heal|p1a: Ting-Lu|73\/100|[from] item: Leftovers\n|upkeep\n|turn|14\n|\n|t:|1698399833\n|move|p2a: Miraidon|Dragon Pulse|p1a: Ting-Lu\n|-damage|p1a: Ting-Lu|39\/100\n|move|p1a: Ting-Lu|Payback|p2a: Miraidon\n|-damage|p2a: Miraidon|0 fnt\n|faint|p2a: Miraidon\n|\n|-heal|p1a: Ting-Lu|45\/100|[from] item: Leftovers\n|upkeep\n|\n|t:|1698399838\n|switch|p2a: Arceus|Arceus-Ground|100\/100\n|-damage|p2a: Arceus|88\/100|[from] Spikes\n|turn|15\n|\n|t:|1698399844\n|move|p2a: Arceus|Earthquake|p1a: Ting-Lu\n|-damage|p1a: Ting-Lu|6\/100\n|move|p1a: Ting-Lu|Taunt|p2a: Arceus\n|-start|p2a: Arceus|move: Taunt\n|\n|-heal|p1a: Ting-Lu|12\/100|[from] item: Leftovers\n|upkeep\n|turn|16\n|\n|t:|1698399848\n|switch|p1a: Landorus|Landorus-Therian, M|30\/100\n|-ability|p1a: Landorus|Intimidate|boost\n|-unboost|p2a: Arceus|atk|1\n|move|p2a: Arceus|Ice Beam|p1a: Landorus\n|-supereffective|p1a: Landorus\n|-damage|p1a: Landorus|0 fnt\n|faint|p1a: Landorus\n|\n|-fieldend|move: Electric Terrain\n|upkeep\n|\n|t:|1698399852\n|switch|p1a: Miraidon|Miraidon|100\/100\n|-fieldstart|move: Electric Terrain|[from] ability: Hadron Engine|[of] p1a: Miraidon\n|turn|17\n|\n|t:|1698399857\n|move|p1a: Miraidon|Draco Meteor|p2a: Arceus\n|-damage|p2a: Arceus|15\/100\n|-unboost|p1a: Miraidon|spa|2\n|move|p2a: Arceus|Earthquake|p1a: Miraidon\n|-supereffective|p1a: Miraidon\n|-damage|p1a: Miraidon|15\/100\n|\n|upkeep\n|turn|18\n|\n|t:|1698399866\n|move|p1a: Miraidon|Draco Meteor|p2a: Arceus\n|-damage|p2a: Arceus|0 fnt\n|-unboost|p1a: Miraidon|spa|2\n|faint|p2a: Arceus\n|\n|upkeep\n|\n|t:|1698399868\n|switch|p2a: Arceus|Arceus, shiny|100\/100\n|-damage|p2a: Arceus|88\/100|[from] Spikes\n|turn|19\n|\n|t:|1698399871\n|switch|p1a: Ting-Lu|Ting-Lu|12\/100\n|-ability|p1a: Ting-Lu|Vessel of Ruin\n|move|p2a: Arceus|Extreme Speed|p1a: Ting-Lu\n|-damage|p1a: Ting-Lu|0 fnt\n|faint|p1a: Ting-Lu\n|\n|upkeep\n|\n|t:|1698399874\n|switch|p1a: Miraidon|Miraidon|15\/100\n|-activate|p1a: Miraidon|ability: Hadron Engine\n|turn|20\n|\n|t:|1698399878\n|move|p2a: Arceus|Extreme Speed|p1a: Miraidon\n|-damage|p1a: Miraidon|0 fnt\n|faint|p1a: Miraidon\n|\n|win|Inder\n|c|\u2606Inder|gg\n|c|\u2606Primordiallite|gg\n","uploadtime":1698399879,"views":154,"p1id":"primordiallite","p2id":"inder","formatid":"gen9anythinggoes","rating":0,"private":0,"password":""}