{"id":"smogtours-gen9anythinggoes-727776","p1":"peach dream","p2":"PrimalKyogre555","format":"[Gen 9] Anything Goes","log":"|inactive|Battle timer is ON: inactive players will automatically lose when time's up.\n|t:|1698631157\n|gametype|singles\n|player|p1|peach dream|phoebe-gen3|\n|player|p2|PrimalKyogre555|102|\n|teamsize|p1|6\n|teamsize|p2|6\n|gen|9\n|tier|[Gen 9] Anything Goes\n|rule|HP Percentage Mod: HP is shown in percentages\n|rule|Endless Battle Clause: Forcing endless battles is banned\n|clearpoke\n|poke|p1|Landorus-Therian, M|\n|poke|p1|Miraidon|\n|poke|p1|Arceus|\n|poke|p1|Arceus|\n|poke|p1|Iron Moth|\n|poke|p1|Koraidon|\n|poke|p2|Kyogre|\n|poke|p2|Arceus-Ground|\n|poke|p2|Koraidon|\n|poke|p2|Calyrex-Shadow|\n|poke|p2|Ting-Lu|\n|poke|p2|Arceus|\n|teampreview\n|c|\u2606peach dream|hf\n|c|\u2606PrimalKyogre555|u2\n|inactive|peach dream has 270 seconds left.\n|c|\u2606peach dream|letsago\n|inactive|peach dream has 240 seconds left.\n|\n|t:|1698631243\n|start\n|switch|p1a: Miraidon|Miraidon|100\/100\n|switch|p2a: Kyogre|Kyogre|100\/100\n|-fieldstart|move: Electric Terrain|[from] ability: Hadron Engine|[of] p1a: Miraidon\n|-weather|RainDance|[from] ability: Drizzle|[of] p2a: Kyogre\n|turn|1\n|\n|t:|1698631247\n|switch|p2a: Ting-Lu|Ting-Lu|100\/100\n|-ability|p2a: Ting-Lu|Vessel of Ruin\n|move|p1a: Miraidon|Draco Meteor|p2a: Ting-Lu\n|-damage|p2a: Ting-Lu|51\/100\n|-unboost|p1a: Miraidon|spa|2\n|-damage|p1a: Miraidon|91\/100|[from] item: Life Orb\n|\n|-weather|RainDance|[upkeep]\n|-heal|p2a: Ting-Lu|58\/100|[from] item: Leftovers\n|upkeep\n|turn|2\n|\n|t:|1698631256\n|switch|p1a: Iron Moth|Iron Moth|100\/100\n|-activate|p1a: Iron Moth|ability: Quark Drive\n|-start|p1a: Iron Moth|quarkdrivespa\n|move|p2a: Ting-Lu|Spikes|p1a: Iron Moth\n|-sidestart|p1: peach dream|Spikes\n|\n|-weather|RainDance|[upkeep]\n|-heal|p2a: Ting-Lu|64\/100|[from] item: Leftovers\n|upkeep\n|turn|3\n|\n|t:|1698631260\n|move|p1a: Iron Moth|Toxic Spikes|p2a: Ting-Lu\n|-sidestart|p2: PrimalKyogre555|move: Toxic Spikes\n|move|p2a: Ting-Lu|Earthquake|p1a: Iron Moth\n|-supereffective|p1a: Iron Moth\n|-damage|p1a: Iron Moth|0 fnt\n|faint|p1a: Iron Moth\n|-end|p1a: Iron Moth|Quark Drive|[silent]\n|\n|-weather|RainDance|[upkeep]\n|-heal|p2a: Ting-Lu|70\/100|[from] item: Leftovers\n|upkeep\n|\n|t:|1698631283\n|switch|p1a: Landorus|Landorus-Therian, M|100\/100\n|-ability|p1a: Landorus|Intimidate|boost\n|-unboost|p2a: Ting-Lu|atk|1\n|turn|4\n|\n|t:|1698631288\n|move|p1a: Landorus|Stealth Rock|p2a: Ting-Lu\n|-sidestart|p2: PrimalKyogre555|move: Stealth Rock\n|move|p2a: Ting-Lu|Ruination|p1a: Landorus\n|-damage|p1a: Landorus|51\/100\n|\n|-weather|RainDance|[upkeep]\n|-heal|p2a: Ting-Lu|76\/100|[from] item: Leftovers\n|upkeep\n|turn|5\n|\n|t:|1698631292\n|switch|p2a: Kyogre|Kyogre|100\/100\n|-status|p2a: Kyogre|psn\n|-damage|p2a: Kyogre|88\/100 psn|[from] Stealth Rock\n|move|p1a: Landorus|Taunt|p2a: Kyogre\n|-start|p2a: Kyogre|move: Taunt\n|\n|-weather|none\n|-heal|p2a: Kyogre|94\/100 psn|[from] item: Leftovers\n|-damage|p2a: Kyogre|82\/100 psn|[from] psn\n|-fieldend|move: Electric Terrain\n|upkeep\n|turn|6\n|\n|t:|1698631300\n|switch|p1a: Miraidon|Miraidon|91\/100\n|-damage|p1a: Miraidon|78\/100|[from] Spikes\n|-fieldstart|move: Electric Terrain|[from] ability: Hadron Engine|[of] p1a: Miraidon\n|move|p2a: Kyogre|Ice Beam|p1a: Miraidon\n|-supereffective|p1a: Miraidon\n|-damage|p1a: Miraidon|24\/100\n|\n|-heal|p2a: Kyogre|88\/100 psn|[from] item: Leftovers\n|-damage|p2a: Kyogre|76\/100 psn|[from] psn\n|upkeep\n|turn|7\n|\n|t:|1698631308\n|switch|p2a: Ting-Lu|Ting-Lu|76\/100\n|-status|p2a: Ting-Lu|psn\n|-damage|p2a: Ting-Lu|70\/100 psn|[from] Stealth Rock\n|-ability|p2a: Ting-Lu|Vessel of Ruin\n|move|p1a: Miraidon|Draco Meteor|p2a: Ting-Lu\n|-damage|p2a: Ting-Lu|23\/100 psn\n|-unboost|p1a: Miraidon|spa|2\n|-damage|p1a: Miraidon|14\/100|[from] item: Life Orb\n|\n|-heal|p2a: Ting-Lu|29\/100 psn|[from] item: Leftovers\n|-damage|p2a: Ting-Lu|17\/100 psn|[from] psn\n|upkeep\n|turn|8\n|\n|t:|1698631313\n|move|p1a: Miraidon|Draco Meteor|p2a: Ting-Lu\n|-damage|p2a: Ting-Lu|0 fnt\n|-unboost|p1a: Miraidon|spa|2\n|faint|p2a: Ting-Lu\n|-damage|p1a: Miraidon|4\/100|[from] item: Life Orb\n|\n|upkeep\n|\n|t:|1698631318\n|switch|p2a: Koraidon|Koraidon|100\/100\n|-status|p2a: Koraidon|psn\n|-damage|p2a: Koraidon|94\/100 psn|[from] Stealth Rock\n|-weather|SunnyDay|[from] ability: Orichalcum Pulse|[of] p2a: Koraidon\n|-activate|p2a: Koraidon|Orichalcum Pulse|[source]\n|turn|9\n|\n|t:|1698631323\n|move|p2a: Koraidon|U-turn|p1a: Miraidon\n|-damage|p1a: Miraidon|0 fnt\n|faint|p1a: Miraidon\n|\n|t:|1698631334\n|switch|p2a: Kyogre|Kyogre|76\/100 psn|[from] U-turn\n|-damage|p2a: Kyogre|63\/100 psn|[from] Stealth Rock\n|-weather|RainDance|[from] ability: Drizzle|[of] p2a: Kyogre\n|\n|-weather|RainDance|[upkeep]\n|-heal|p2a: Kyogre|69\/100 psn|[from] item: Leftovers\n|-damage|p2a: Kyogre|57\/100 psn|[from] psn\n|upkeep\n|\n|t:|1698631353\n|switch|p1a: Koraidon|Koraidon|100\/100\n|-damage|p1a: Koraidon|88\/100|[from] Spikes\n|-weather|SunnyDay|[from] ability: Orichalcum Pulse|[of] p1a: Koraidon\n|-activate|p1a: Koraidon|Orichalcum Pulse|[source]\n|turn|10\n|\n|t:|1698631358\n|move|p1a: Koraidon|Low Kick|p2a: Kyogre\n|-damage|p2a: Kyogre|0 fnt\n|faint|p2a: Kyogre\n|\n|-weather|SunnyDay|[upkeep]\n|-fieldend|move: Electric Terrain\n|upkeep\n|inactive|PrimalKyogre555 has 270 seconds left.\n|\n|t:|1698631389\n|switch|p2a: Arceus|Arceus-Ground|100\/100\n|-status|p2a: Arceus|psn\n|-damage|p2a: Arceus|94\/100 psn|[from] Stealth Rock\n|turn|11\n|\n|t:|1698631406\n|move|p1a: Koraidon|Low Kick|p2a: Arceus\n|-damage|p2a: Arceus|45\/100 psn\n|move|p2a: Arceus|Dragon Dance|p2a: Arceus\n|-boost|p2a: Arceus|atk|1\n|-boost|p2a: Arceus|spe|1\n|\n|-weather|SunnyDay|[upkeep]\n|-damage|p2a: Arceus|33\/100 psn|[from] psn\n|upkeep\n|turn|12\n|\n|t:|1698631410\n|-terastallize|p2a: Arceus|Fairy\n|move|p1a: Koraidon|Low Kick|p2a: Arceus\n|-resisted|p2a: Arceus\n|-damage|p2a: Arceus|8\/100 psn\n|move|p2a: Arceus|Recover|p2a: Arceus\n|-heal|p2a: Arceus|58\/100 psn\n|\n|-weather|SunnyDay|[upkeep]\n|-damage|p2a: Arceus|46\/100 psn|[from] psn\n|upkeep\n|turn|13\n|\n|t:|1698631417\n|switch|p1a: Landorus|Landorus-Therian, M|51\/100\n|-ability|p1a: Landorus|Intimidate|boost\n|-unboost|p2a: Arceus|atk|1\n|move|p2a: Arceus|Recover|p2a: Arceus\n|-heal|p2a: Arceus|96\/100 psn\n|\n|-weather|SunnyDay|[upkeep]\n|-damage|p2a: Arceus|83\/100 psn|[from] psn\n|upkeep\n|turn|14\n|\n|t:|1698631425\n|move|p2a: Arceus|Dragon Dance|p2a: Arceus\n|-boost|p2a: Arceus|atk|1\n|-boost|p2a: Arceus|spe|1\n|move|p1a: Landorus|Taunt|p2a: Arceus\n|-start|p2a: Arceus|move: Taunt\n|\n|-weather|none\n|-damage|p2a: Arceus|71\/100 psn|[from] psn\n|upkeep\n|turn|15\n|\n|t:|1698631436\n|move|p2a: Arceus|Ice Beam|p1a: Landorus\n|-supereffective|p1a: Landorus\n|-damage|p1a: Landorus|0 fnt\n|faint|p1a: Landorus\n|\n|-damage|p2a: Arceus|59\/100 psn|[from] psn\n|upkeep\n|inactive|peach dream has 270 seconds left.\n|inactive|peach dream has 240 seconds left.\n|\n|t:|1698631496\n|switch|p1a: Arceus|Arceus|100\/100\n|-damage|p1a: Arceus|88\/100|[from] Spikes\n|turn|16\n|\n|t:|1698631500\n|move|p2a: Arceus|Earthquake|p1a: Arceus\n|-damage|p1a: Arceus|36\/100\n|move|p1a: Arceus|Dragon Dance|p1a: Arceus\n|-boost|p1a: Arceus|atk|1\n|-boost|p1a: Arceus|spe|1\n|\n|-damage|p2a: Arceus|46\/100 psn|[from] psn\n|upkeep\n|turn|17\n|\n|t:|1698631506\n|move|p1a: Arceus|Extreme Speed|p2a: Arceus\n|-damage|p2a: Arceus|0 fnt\n|faint|p2a: Arceus\n|-damage|p1a: Arceus|26\/100|[from] item: Life Orb\n|\n|upkeep\n|\n|t:|1698631517\n|switch|p2a: Koraidon|Koraidon|94\/100 psn\n|-damage|p2a: Koraidon|88\/100 psn|[from] Stealth Rock\n|-weather|SunnyDay|[from] ability: Orichalcum Pulse|[of] p2a: Koraidon\n|-activate|p2a: Koraidon|Orichalcum Pulse|[source]\n|turn|18\n|\n|t:|1698631523\n|move|p1a: Arceus|Extreme Speed|p2a: Koraidon\n|-damage|p2a: Koraidon|10\/100 psn\n|-damage|p1a: Arceus|16\/100|[from] item: Life Orb\n|move|p2a: Koraidon|Low Kick|p1a: Arceus\n|-supereffective|p1a: Arceus\n|-damage|p1a: Arceus|0 fnt\n|faint|p1a: Arceus\n|\n|-weather|SunnyDay|[upkeep]\n|-damage|p2a: Koraidon|0 fnt|[from] psn\n|faint|p2a: Koraidon\n|upkeep\n|inactive|peach dream has 270 seconds left.\n|\n|t:|1698631529\n|switch|p2a: Calyrex|Calyrex-Shadow|100\/100\n|switch|p1a: Koraidon|Koraidon|88\/100\n|-ability|p2a: Calyrex|As One\n|-ability|p2a: Calyrex|Unnerve\n|-damage|p1a: Koraidon|76\/100|[from] Spikes\n|-activate|p1a: Koraidon|ability: Orichalcum Pulse\n|turn|19\n|\n|t:|1698631538\n|move|p1a: Koraidon|Flare Blitz|p2a: Calyrex\n|-damage|p2a: Calyrex|0 fnt\n|faint|p2a: Calyrex\n|-damage|p1a: Koraidon|43\/100|[from] Recoil\n|\n|-weather|SunnyDay|[upkeep]\n|upkeep\n|\n|t:|1698631540\n|switch|p2a: Arceus|Arceus|100\/100\n|turn|20\n|\n|t:|1698631547\n|move|p1a: Koraidon|Flare Blitz|p2a: Arceus\n|-damage|p2a: Arceus|44\/100\n|-damage|p1a: Koraidon|19\/100|[from] Recoil\n|move|p2a: Arceus|Recover|p2a: Arceus\n|-heal|p2a: Arceus|94\/100\n|\n|-weather|SunnyDay|[upkeep]\n|upkeep\n|turn|21\n|\n|t:|1698631552\n|move|p1a: Koraidon|Flare Blitz|p2a: Arceus\n|-damage|p2a: Arceus|39\/100\n|-damage|p1a: Koraidon|0 fnt|[from] Recoil\n|faint|p1a: Koraidon\n|move|p2a: Arceus|Recover|p2a: Arceus\n|-heal|p2a: Arceus|89\/100\n|\n|-weather|SunnyDay|[upkeep]\n|upkeep\n|\n|t:|1698631555\n|switch|p1a: Arceus|Arceus|100\/100\n|-damage|p1a: Arceus|88\/100|[from] Spikes\n|turn|22\n|\n|t:|1698631557\n|move|p1a: Arceus|Swords Dance|p1a: Arceus\n|-boost|p1a: Arceus|atk|2\n|move|p2a: Arceus|Swords Dance|p2a: Arceus\n|-boost|p2a: Arceus|atk|2\n|\n|-weather|none\n|upkeep\n|turn|23\n|\n|t:|1698631559\n|-terastallize|p1a: Arceus|Normal\n|move|p1a: Arceus|Extreme Speed|p2a: Arceus\n|-crit|p2a: Arceus\n|-damage|p2a: Arceus|0 fnt\n|faint|p2a: Arceus\n|\n|win|peach dream\n|c|\u2606PrimalKyogre555|gg\n|c|\u2606peach dream|gg\n","uploadtime":1698631561,"views":101,"p1id":"peachdream","p2id":"primalkyogre555","formatid":"gen9anythinggoes","rating":0,"private":0,"password":""}