{"id":"smogtours-gen9anythinggoes-732285","p1":"Future king of ou","p2":"baconeatinassassin","format":"[Gen 9] Anything Goes","log":"|inactive|Battle timer is ON: inactive players will automatically lose when time's up.\n|t:|1700883509\n|gametype|singles\n|player|p1|Future king of ou|rosa-pokestar|\n|player|p2|baconeatinassassin|#agplvivoryimpalers|\n|teamsize|p1|6\n|teamsize|p2|6\n|gen|9\n|tier|[Gen 9] Anything Goes\n|rule|HP Percentage Mod: HP is shown in percentages\n|rule|Endless Battle Clause: Forcing endless battles is banned\n|clearpoke\n|poke|p1|Calyrex-Ice|\n|poke|p1|Arceus-Fairy|\n|poke|p1|Dialga|\n|poke|p1|Ursaluna-Bloodmoon, M|\n|poke|p1|Koraidon|\n|poke|p1|Arceus-Ground|\n|poke|p2|Calyrex-Shadow|\n|poke|p2|Gliscor, F|\n|poke|p2|Alomomola, F|\n|poke|p2|Arceus-Fairy|\n|poke|p2|Ting-Lu|\n|poke|p2|Koraidon|\n|teampreview\n|c|\u2606baconeatinassassin|hf\n|c|\u2606Future king of ou|Hf\n|inactive|baconeatinassassin has 270 seconds left.\n|\n|t:|1700883554\n|start\n|switch|p1a: Dialga|Dialga|100\/100\n|switch|p2a: Gliscor|Gliscor, F|100\/100\n|-ability|p1a: Dialga|Pressure\n|turn|1\n|\n|t:|1700883571\n|move|p1a: Dialga|Stealth Rock|p2a: Gliscor\n|-sidestart|p2: baconeatinassassin|move: Stealth Rock\n|move|p2a: Gliscor|Toxic Spikes|p1a: Dialga\n|-sidestart|p1: Future king of ou|move: Toxic Spikes\n|\n|-status|p2a: Gliscor|tox|[from] item: Toxic Orb\n|upkeep\n|turn|2\n|\n|t:|1700883587\n|switch|p2a: Ting-Lu|Ting-Lu|100\/100\n|-damage|p2a: Ting-Lu|94\/100|[from] Stealth Rock\n|-ability|p2a: Ting-Lu|Vessel of Ruin\n|move|p1a: Dialga|Draco Meteor|p2a: Ting-Lu\n|-damage|p2a: Ting-Lu|62\/100\n|-unboost|p1a: Dialga|spa|2\n|-enditem|p1a: Dialga|Eject Pack\n|\n|t:|1700883589\n|switch|p1a: Calyrex|Calyrex-Ice|100\/100\n|-ability|p1a: Calyrex|As One\n|-ability|p1a: Calyrex|Unnerve\n|-status|p1a: Calyrex|psn\n|\n|-damage|p1a: Calyrex|88\/100 psn|[from] psn\n|upkeep\n|turn|3\n|\n|t:|1700883596\n|switch|p2a: Alomomola|Alomomola, F|100\/100\n|move|p1a: Calyrex|Glacial Lance|p2a: Alomomola\n|-resisted|p2a: Alomomola\n|-damage|p2a: Alomomola|65\/100\n|\n|-damage|p1a: Calyrex|76\/100 psn|[from] psn\n|upkeep\n|turn|4\n|\n|t:|1700883601\n|switch|p1a: Ursaluna|Ursaluna-Bloodmoon, M|100\/100\n|-status|p1a: Ursaluna|psn\n|move|p2a: Alomomola|Wish|p2a: Alomomola\n|\n|-damage|p1a: Ursaluna|88\/100 psn|[from] psn\n|upkeep\n|turn|5\n|\n|t:|1700883625\n|switch|p2a: Ting-Lu|Ting-Lu|62\/100\n|-damage|p2a: Ting-Lu|55\/100|[from] Stealth Rock\n|-ability|p2a: Ting-Lu|Vessel of Ruin\n|move|p1a: Ursaluna|Blood Moon|p2a: Ting-Lu\n|-crit|p2a: Ting-Lu\n|-damage|p2a: Ting-Lu|0 fnt\n|faint|p2a: Ting-Lu\n|\n|-damage|p1a: Ursaluna|76\/100 psn|[from] psn\n|upkeep\n|inactive|baconeatinassassin has 270 seconds left.\n|\n|t:|1700883650\n|switch|p2a: Koraidon|Koraidon|100\/100\n|-damage|p2a: Koraidon|94\/100|[from] Stealth Rock\n|-weather|SunnyDay|[from] ability: Orichalcum Pulse|[of] p2a: Koraidon\n|-activate|p2a: Koraidon|Orichalcum Pulse|[source]\n|turn|6\n|\n|t:|1700883671\n|switch|p1a: Dialga|Dialga|100\/100\n|-ability|p1a: Dialga|Pressure\n|move|p2a: Koraidon|Flare Blitz|p1a: Dialga\n|-damage|p1a: Dialga|12\/100\n|-damage|p2a: Koraidon|61\/100|[from] Recoil\n|\n|-weather|SunnyDay|[upkeep]\n|upkeep\n|turn|7\n|\n|t:|1700883675\n|move|p2a: Koraidon|Flare Blitz|p1a: Dialga\n|-damage|p1a: Dialga|0 fnt\n|faint|p1a: Dialga\n|-damage|p2a: Koraidon|57\/100|[from] Recoil\n|\n|-weather|SunnyDay|[upkeep]\n|upkeep\n|\n|t:|1700883685\n|switch|p1a: Arceus|Arceus-Ground|100\/100\n|-status|p1a: Arceus|psn\n|turn|8\n|inactive|baconeatinassassin has 270 seconds left.\n|\n|t:|1700883693\n|switch|p2a: Alomomola|Alomomola, F|98\/100\n|move|p1a: Arceus|Trick Room|p1a: Arceus\n|-fieldstart|move: Trick Room|[of] p1a: Arceus\n|\n|-weather|SunnyDay|[upkeep]\n|-damage|p1a: Arceus|88\/100 psn|[from] psn\n|upkeep\n|turn|9\n|inactive|baconeatinassassin has 270 seconds left.\n|\n|t:|1700883703\n|switch|p1a: Ursaluna|Ursaluna-Bloodmoon, M|76\/100 psn\n|move|p2a: Alomomola|Flip Turn|p1a: Ursaluna\n|-supereffective|p1a: Ursaluna\n|-damage|p1a: Ursaluna|65\/100 psn\n|inactive|baconeatinassassin has 270 seconds left.\n|\n|t:|1700883725\n|switch|p2a: Gliscor|Gliscor, F|100\/100 tox|[from] Flip Turn\n|-damage|p2a: Gliscor|88\/100 tox|[from] Stealth Rock\n|\n|-weather|SunnyDay|[upkeep]\n|-damage|p1a: Ursaluna|52\/100 psn|[from] psn\n|-heal|p2a: Gliscor|100\/100 tox|[from] ability: Poison Heal\n|upkeep\n|turn|10\n|\n|t:|1700883728\n|move|p2a: Gliscor|Protect|p2a: Gliscor\n|-singleturn|p2a: Gliscor|Protect\n|move|p1a: Ursaluna|Blood Moon|p2a: Gliscor\n|-activate|p2a: Gliscor|move: Protect\n|\n|-weather|none\n|-damage|p1a: Ursaluna|40\/100 psn|[from] psn\n|upkeep\n|turn|11\n|inactive|baconeatinassassin has 270 seconds left.\n|\n|t:|1700883733\n|move|p1a: Ursaluna|Hyper Voice|p2a: Gliscor\n|-damage|p2a: Gliscor|18\/100 tox\n|move|p2a: Gliscor|Earthquake|p1a: Ursaluna\n|-damage|p1a: Ursaluna|17\/100 psn\n|\n|-damage|p1a: Ursaluna|5\/100 psn|[from] psn\n|-heal|p2a: Gliscor|30\/100 tox|[from] ability: Poison Heal\n|upkeep\n|turn|12\n|\n|t:|1700883742\n|switch|p1a: Arceus|Arceus-Ground|88\/100 psn\n|move|p2a: Gliscor|U-turn|p1a: Arceus\n|-damage|p1a: Arceus|77\/100 psn\n|inactive|baconeatinassassin has 270 seconds left.\n|\n|t:|1700883765\n|switch|p2a: Koraidon|Koraidon|57\/100|[from] U-turn\n|-damage|p2a: Koraidon|50\/100|[from] Stealth Rock\n|-weather|SunnyDay|[from] ability: Orichalcum Pulse|[of] p2a: Koraidon\n|-activate|p2a: Koraidon|Orichalcum Pulse|[source]\n|\n|-weather|SunnyDay|[upkeep]\n|-damage|p1a: Arceus|65\/100 psn|[from] psn\n|-fieldend|move: Trick Room\n|upkeep\n|turn|13\n|\n|t:|1700883771\n|move|p2a: Koraidon|Flare Blitz|p1a: Arceus\n|-damage|p1a: Arceus|0 fnt\n|faint|p1a: Arceus\n|-damage|p2a: Koraidon|25\/100|[from] Recoil\n|\n|-weather|SunnyDay|[upkeep]\n|upkeep\n|\n|t:|1700883774\n|switch|p1a: Scarlet Savagery|Koraidon|100\/100\n|-status|p1a: Scarlet Savagery|psn\n|-activate|p1a: Scarlet Savagery|ability: Orichalcum Pulse\n|turn|14\n|inactive|baconeatinassassin has 270 seconds left.\n|\n|t:|1700883797\n|switch|p2a: Arceus|Arceus-Fairy|100\/100\n|-damage|p2a: Arceus|88\/100|[from] Stealth Rock\n|move|p1a: Scarlet Savagery|Close Combat|p2a: Arceus\n|-resisted|p2a: Arceus\n|-damage|p2a: Arceus|65\/100\n|-unboost|p1a: Scarlet Savagery|def|1\n|-unboost|p1a: Scarlet Savagery|spd|1\n|\n|-weather|SunnyDay|[upkeep]\n|-damage|p1a: Scarlet Savagery|88\/100 psn|[from] psn\n|upkeep\n|turn|15\n|\n|t:|1700883810\n|switch|p1a: Arceus|Arceus-Fairy|100\/100\n|-status|p1a: Arceus|psn\n|move|p2a: Arceus|Recover|p2a: Arceus\n|-heal|p2a: Arceus|100\/100\n|\n|-weather|SunnyDay|[upkeep]\n|-damage|p1a: Arceus|88\/100 psn|[from] psn\n|upkeep\n|turn|16\n|\n|t:|1700883817\n|move|p2a: Arceus|Calm Mind|p2a: Arceus\n|-boost|p2a: Arceus|spa|1\n|-boost|p2a: Arceus|spd|1\n|move|p1a: Arceus|Trick Room|p1a: Arceus\n|-fieldstart|move: Trick Room|[of] p1a: Arceus\n|\n|-weather|none\n|-damage|p1a: Arceus|76\/100 psn|[from] psn\n|upkeep\n|turn|17\n|\n|t:|1700883829\n|switch|p1a: Ursaluna|Ursaluna-Bloodmoon, M|5\/100 psn\n|move|p2a: Arceus|Judgment|p1a: Ursaluna\n|-damage|p1a: Ursaluna|0 fnt\n|faint|p1a: Ursaluna\n|\n|upkeep\n|\n|t:|1700883831\n|switch|p1a: Calyrex|Calyrex-Ice|76\/100 psn\n|-ability|p1a: Calyrex|As One\n|-ability|p1a: Calyrex|Unnerve\n|turn|18\n|inactive|baconeatinassassin has 270 seconds left.\n|inactive|baconeatinassassin has 240 seconds left.\n|\n|t:|1700883905\n|switch|p2a: Alomomola|Alomomola, F|100\/100\n|-terastallize|p1a: Calyrex|Ice\n|move|p1a: Calyrex|Glacial Lance|p2a: Alomomola\n|-resisted|p2a: Alomomola\n|-damage|p2a: Alomomola|56\/100\n|\n|-damage|p1a: Calyrex|63\/100 psn|[from] psn\n|upkeep\n|turn|19\n|inactive|baconeatinassassin has 210 seconds left.\n|\n|t:|1700883940\n|move|p2a: Alomomola|Protect|p2a: Alomomola\n|-singleturn|p2a: Alomomola|Protect\n|move|p1a: Calyrex|Glacial Lance|p2a: Alomomola\n|-activate|p2a: Alomomola|move: Protect\n|\n|-damage|p1a: Calyrex|51\/100 psn|[from] psn\n|upkeep\n|turn|20\n|inactive|baconeatinassassin has 180 seconds left.\n|\n|t:|1700883981\n|switch|p2a: Gliscor|Gliscor, F|30\/100 tox\n|-damage|p2a: Gliscor|18\/100 tox|[from] Stealth Rock\n|move|p1a: Calyrex|Glacial Lance|p2a: Gliscor\n|-supereffective|p2a: Gliscor\n|-damage|p2a: Gliscor|0 fnt\n|faint|p2a: Gliscor\n|-ability|p1a: Calyrex|Chilling Neigh|boost\n|-boost|p1a: Calyrex|atk|1\n|\n|-damage|p1a: Calyrex|39\/100 psn|[from] psn\n|-fieldend|move: Trick Room\n|upkeep\n|\n|t:|1700883986\n|switch|p2a: Calyrex|Calyrex-Shadow|100\/100\n|-ability|p2a: Calyrex|As One\n|-ability|p2a: Calyrex|Unnerve\n|-damage|p2a: Calyrex|88\/100|[from] Stealth Rock\n|turn|21\n|\n|t:|1700883990\n|switch|p1a: Scarlet Savagery|Koraidon|88\/100 psn\n|-weather|SunnyDay|[from] ability: Orichalcum Pulse|[of] p1a: Scarlet Savagery\n|-activate|p1a: Scarlet Savagery|Orichalcum Pulse|[source]\n|move|p2a: Calyrex|Astral Barrage|p1a: Scarlet Savagery\n|-damage|p1a: Scarlet Savagery|15\/100 psn\n|\n|-weather|SunnyDay|[upkeep]\n|-damage|p1a: Scarlet Savagery|3\/100 psn|[from] psn\n|upkeep\n|turn|22\n|\n|t:|1700883997\n|move|p2a: Calyrex|Astral Barrage|p1a: Scarlet Savagery\n|-damage|p1a: Scarlet Savagery|0 fnt\n|faint|p1a: Scarlet Savagery\n|-ability|p2a: Calyrex|Grim Neigh|boost\n|-boost|p2a: Calyrex|spa|1\n|\n|-weather|SunnyDay|[upkeep]\n|upkeep\n|\n|t:|1700884000\n|switch|p1a: Arceus|Arceus-Fairy|76\/100 psn\n|turn|23\n|\n|t:|1700884002\n|move|p2a: Calyrex|Astral Barrage|p1a: Arceus\n|-damage|p1a: Arceus|4\/100 psn\n|move|p1a: Arceus|Trick Room|p1a: Arceus\n|-fieldstart|move: Trick Room|[of] p1a: Arceus\n|\n|-weather|SunnyDay|[upkeep]\n|-damage|p1a: Arceus|0 fnt|[from] psn\n|faint|p1a: Arceus\n|upkeep\n|\n|t:|1700884004\n|switch|p1a: Calyrex|Calyrex-Ice, tera:Ice|39\/100 psn\n|-ability|p1a: Calyrex|As One\n|-ability|p1a: Calyrex|Unnerve\n|turn|24\n|\n|t:|1700884008\n|switch|p2a: Alomomola|Alomomola, F|89\/100\n|move|p1a: Calyrex|Glacial Lance|p2a: Alomomola\n|-resisted|p2a: Alomomola\n|-damage|p2a: Alomomola|46\/100\n|\n|-weather|SunnyDay|[upkeep]\n|-damage|p1a: Calyrex|26\/100 psn|[from] psn\n|upkeep\n|turn|25\n|-message|Future king of ou forfeited.\n|\n|win|baconeatinassassin\n","uploadtime":1700884013,"views":44,"p1id":"futurekingofou","p2id":"baconeatinassassin","formatid":"gen9anythinggoes","rating":0,"private":0,"password":""}