{"id":"smogtours-gen9anythinggoes-729952","p1":"PrimalKyogre555","p2":"Inder","format":"[Gen 9] Anything Goes","log":"|inactive|Battle timer is ON: inactive players will automatically lose when time's up.\n|t:|1699729155\n|gametype|singles\n|player|p1|PrimalKyogre555|102|\n|player|p2|Inder|#scl3terrors2|\n|teamsize|p1|6\n|teamsize|p2|6\n|gen|9\n|tier|[Gen 9] Anything Goes\n|rule|HP Percentage Mod: HP is shown in percentages\n|rule|Endless Battle Clause: Forcing endless battles is banned\n|clearpoke\n|poke|p1|Arceus|\n|poke|p1|Zacian-*|\n|poke|p1|Arceus-Ground|\n|poke|p1|Calyrex-Shadow|\n|poke|p1|Ting-Lu|\n|poke|p1|Koraidon|\n|poke|p2|Arceus-Ground|\n|poke|p2|Hatterene, F|\n|poke|p2|Landorus-Therian, M|\n|poke|p2|Arceus|\n|poke|p2|Kyogre|\n|poke|p2|Koraidon|\n|teampreview\n|c|\u2606Inder|hf\n|c|\u2606PrimalKyogre555|u2\n|inactive|Inder has 270 seconds left.\n|\n|t:|1699729213\n|start\n|switch|p1a: Calyrex|Calyrex-Shadow|100\/100\n|switch|p2a: Landorus|Landorus-Therian, M|100\/100\n|-ability|p1a: Calyrex|As One\n|-ability|p1a: Calyrex|Unnerve\n|-ability|p2a: Landorus|Intimidate|boost\n|-unboost|p1a: Calyrex|atk|1\n|turn|1\n|\n|t:|1699729217\n|switch|p2a: Arceus|Arceus|100\/100\n|move|p1a: Calyrex|Psychic|p2a: Arceus\n|-damage|p2a: Arceus|62\/100\n|\n|upkeep\n|turn|2\n|\n|t:|1699729222\n|switch|p1a: Zacian|Zacian-Crowned|100\/100\n|-ability|p1a: Zacian|Intrepid Sword|boost\n|-boost|p1a: Zacian|atk|1\n|move|p2a: Arceus|Recover|p2a: Arceus\n|-heal|p2a: Arceus|100\/100\n|\n|upkeep\n|turn|3\n|\n|t:|1699729226\n|switch|p2a: Landorus|Landorus-Therian, M|100\/100\n|-ability|p2a: Landorus|Intimidate|boost\n|-unboost|p1a: Zacian|atk|1\n|move|p1a: Zacian|Swords Dance|p1a: Zacian\n|-boost|p1a: Zacian|atk|2\n|\n|upkeep\n|turn|4\n|\n|t:|1699729230\n|-terastallize|p1a: Zacian|Flying\n|move|p1a: Zacian|Substitute|p1a: Zacian\n|-start|p1a: Zacian|Substitute\n|-damage|p1a: Zacian|76\/100\n|move|p2a: Landorus|Earthquake|p1a: Zacian\n|-immune|p1a: Zacian\n|\n|upkeep\n|turn|5\n|\n|t:|1699729241\n|move|p1a: Zacian|Behemoth Blade|p2a: Landorus\n|-damage|p2a: Landorus|15\/100\n|-damage|p1a: Zacian|59\/100|[from] item: Rocky Helmet|[of] p2a: Landorus\n|move|p2a: Landorus|Stealth Rock|p1a: Zacian\n|-sidestart|p1: PrimalKyogre555|move: Stealth Rock\n|\n|upkeep\n|turn|6\n|c|+DripLegend|Woo inder\n|inactive|Inder has 270 seconds left.\n|\n|t:|1699729294\n|move|p1a: Zacian|Swords Dance|p1a: Zacian\n|-boost|p1a: Zacian|atk|2\n|move|p2a: Landorus|U-turn|p1a: Zacian\n|-resisted|p1a: Zacian\n|-activate|p1a: Zacian|move: Substitute|[damage]\n|\n|t:|1699729297\n|switch|p2a: Koraidon|Koraidon|100\/100|[from] U-turn\n|-weather|SunnyDay|[from] ability: Orichalcum Pulse|[of] p2a: Koraidon\n|-activate|p2a: Koraidon|Orichalcum Pulse|[source]\n|\n|-weather|SunnyDay|[upkeep]\n|upkeep\n|turn|7\n|\n|t:|1699729304\n|move|p2a: Koraidon|Flare Blitz|p1a: Zacian\n|-end|p1a: Zacian|Substitute\n|-damage|p2a: Koraidon|96\/100|[from] Recoil|[of] p1a: Zacian\n|move|p1a: Zacian|Behemoth Blade|p2a: Koraidon\n|-damage|p2a: Koraidon|0 fnt\n|faint|p2a: Koraidon\n|\n|-weather|SunnyDay|[upkeep]\n|upkeep\n|\n|t:|1699729321\n|switch|p2a: Arceus|Arceus|100\/100\n|turn|8\n|\n|t:|1699729323\n|switch|p2a: Landorus|Landorus-Therian, M|15\/100\n|-ability|p2a: Landorus|Intimidate|boost\n|-unboost|p1a: Zacian|atk|1\n|move|p1a: Zacian|Behemoth Blade|p2a: Landorus\n|-damage|p2a: Landorus|0 fnt\n|-damage|p1a: Zacian|42\/100|[from] item: Rocky Helmet|[of] p2a: Landorus\n|faint|p2a: Landorus\n|\n|-weather|SunnyDay|[upkeep]\n|upkeep\n|\n|t:|1699729338\n|switch|p2a: Arceus|Arceus|100\/100\n|turn|9\n|inactive|PrimalKyogre555 has 270 seconds left.\n|\n|t:|1699729371\n|move|p2a: Arceus|Extreme Speed|p1a: Zacian\n|-damage|p1a: Zacian|4\/100\n|move|p1a: Zacian|Behemoth Blade|p2a: Arceus\n|-damage|p2a: Arceus|0 fnt\n|faint|p2a: Arceus\n|\n|-weather|SunnyDay|[upkeep]\n|upkeep\n|c|\u2606Inder|waw\n|\n|t:|1699729386\n|switch|p2a: Arceus|Arceus-Ground|100\/100\n|turn|10\n|\n|t:|1699729391\n|move|p1a: Zacian|Behemoth Blade|p2a: Arceus\n|-crit|p2a: Arceus\n|-damage|p2a: Arceus|0 fnt\n|faint|p2a: Arceus\n|\n|-weather|none\n|upkeep\n|c|\u2606Inder|gg\n|c|\u2606PrimalKyogre555|gg\n|-message|Inder forfeited.\n|\n|win|PrimalKyogre555\n","uploadtime":1699729397,"views":135,"p1id":"primalkyogre555","p2id":"inder","formatid":"gen9anythinggoes","rating":0,"private":0,"password":""}