{"id":"smogtours-gen9anythinggoes-725246","p1":"Future king of ou","p2":"tier acid","format":"[Gen 9] Anything Goes","log":"|inactive|Battle timer is ON: inactive players will automatically lose when time's up.\n|t:|1697919654\n|gametype|singles\n|player|p1|Future king of ou|rosa-pokestar|\n|player|p2|tier acid|#omplxisolgaleos|\n|teamsize|p1|6\n|teamsize|p2|6\n|gen|9\n|tier|[Gen 9] Anything Goes\n|rule|HP Percentage Mod: HP is shown in percentages\n|rule|Endless Battle Clause: Forcing endless battles is banned\n|clearpoke\n|poke|p1|Ursaluna-Bloodmoon, M|\n|poke|p1|Koraidon|\n|poke|p1|Calyrex-Ice|\n|poke|p1|Rayquaza|\n|poke|p1|Arceus-Fairy|\n|poke|p1|Arceus|\n|poke|p2|Ting-Lu|\n|poke|p2|Koraidon|\n|poke|p2|Koraidon|\n|poke|p2|Arceus-Fairy|\n|poke|p2|Calyrex-Shadow|\n|poke|p2|Arceus|\n|teampreview\n|c|\u2606tier acid|hf\n|c|\u2606tier acid|ursaluna\n|c|\u2606tier acid|tr\n|c|\u2606tier acid|wtf\n|c|\u2606tier acid|show some respect\n|inactive|tier acid disconnected and has 300 seconds to reconnect!\n|player|p2|\n|c|+fish anemometer|in\n|inactive|tier acid reconnected and has 280 seconds left.\n|player|p2|tier acid|#scl3islanders\n|inactive|tier acid has 270 seconds left.\n|c|\u2606tier acid|how do i play again\n|c|\u2606tier acid|i forgot AG\n|\n|t:|1697919697\n|start\n|switch|p1a: Quetzalcoatl|Rayquaza|100\/100\n|switch|p2a: Brooklyn Baby|Calyrex-Shadow|100\/100\n|-ability|p2a: Brooklyn Baby|As One\n|-ability|p2a: Brooklyn Baby|Unnerve\n|-ability|p1a: Quetzalcoatl|Air Lock\n|turn|1\n|\n|t:|1697919700\n|move|p2a: Brooklyn Baby|Astral Barrage|p1a: Quetzalcoatl\n|-damage|p1a: Quetzalcoatl|19\/100\n|move|p1a: Quetzalcoatl|Stealth Rock|p2a: Brooklyn Baby\n|-sidestart|p2: tier acid|move: Stealth Rock\n|\n|upkeep\n|turn|2\n|c|\u2606tier acid|o fuck\n|c|+Lasen|is this my team tier\n|\n|t:|1697919714\n|switch|p1a: Yahweh|Arceus-Fairy|100\/100\n|move|p2a: Brooklyn Baby|Astral Barrage|p1a: Yahweh\n|-damage|p1a: Yahweh|62\/100\n|\n|upkeep\n|turn|3\n|c|+Lasen|wtf\n|\n|t:|1697919718\n|move|p2a: Brooklyn Baby|Nasty Plot|p2a: Brooklyn Baby\n|-boost|p2a: Brooklyn Baby|spa|2\n|move|p1a: Yahweh|Trick Room|p1a: Yahweh\n|-fieldstart|move: Trick Room|[of] p1a: Yahweh\n|\n|upkeep\n|turn|4\n|c|\u2606tier acid|no\n|c|+wild drud|tier acid\n|c|\u2606tier acid|its holy ghosts'\n|c|+wild drud|how tf do u have multiple of the same mons\n|\n|t:|1697919730\n|move|p1a: Yahweh|Judgment|p2a: Brooklyn Baby\n|-damage|p2a: Brooklyn Baby|53\/100\n|move|p2a: Brooklyn Baby|Astral Barrage|p1a: Yahweh\n|-damage|p1a: Yahweh|0 fnt\n|faint|p1a: Yahweh\n|-ability|p2a: Brooklyn Baby|Grim Neigh|boost\n|-boost|p2a: Brooklyn Baby|spa|1\n|\n|upkeep\n|\n|t:|1697919733\n|switch|p1a: Siegfried|Calyrex-Ice|100\/100\n|-ability|p1a: Siegfried|As One\n|-ability|p1a: Siegfried|Unnerve\n|turn|5\n|c|\u2606tier acid|its ag dumb ass\n|\n|t:|1697919737\n|switch|p2a: OLEG|Arceus-Fairy|100\/100\n|-damage|p2a: OLEG|88\/100|[from] Stealth Rock\n|-terastallize|p1a: Siegfried|Ice\n|move|p1a: Siegfried|Glacial Lance|p2a: OLEG\n|-damage|p2a: OLEG|0 fnt\n|faint|p2a: OLEG\n|-ability|p1a: Siegfried|Chilling Neigh|boost\n|-boost|p1a: Siegfried|atk|1\n|\n|upkeep\n|c|\u2606tier acid|man\n|c|\u2606tier acid|are u banded\n|c|\u2606tier acid|wtf\n|\n|t:|1697919743\n|switch|p2a: OTIS|Koraidon|100\/100\n|-damage|p2a: OTIS|94\/100|[from] Stealth Rock\n|-weather|SunnyDay|[from] ability: Orichalcum Pulse|[of] p2a: OTIS\n|-activate|p2a: OTIS|Orichalcum Pulse|[source]\n|turn|6\n|\n|t:|1697919759\n|-terastallize|p2a: OTIS|Fire\n|move|p1a: Siegfried|Glacial Lance|p2a: OTIS\n|-resisted|p2a: OTIS\n|-damage|p2a: OTIS|0 fnt\n|faint|p2a: OTIS\n|-ability|p1a: Siegfried|Chilling Neigh|boost\n|-boost|p1a: Siegfried|atk|1\n|\n|-weather|SunnyDay|[upkeep]\n|upkeep\n|c|+fish anemometer|did we lose\n|c|\u2606tier acid|yo\n|c|+fish anemometer|yeah\n|c|\u2606tier acid|fuck these kids man\n|c|\u2606tier acid|what is this shit\n|\n|t:|1697919768\n|switch|p2a: Love Of Money|Ting-Lu|100\/100\n|-damage|p2a: Love Of Money|94\/100|[from] Stealth Rock\n|-ability|p2a: Love Of Money|Vessel of Ruin\n|turn|7\n|\n|t:|1697919770\n|move|p1a: Siegfried|Glacial Lance|p2a: Love Of Money\n|-supereffective|p2a: Love Of Money\n|-damage|p2a: Love Of Money|0 fnt\n|faint|p2a: Love Of Money\n|-ability|p1a: Siegfried|Chilling Neigh|boost\n|-boost|p1a: Siegfried|atk|1\n|\n|-weather|SunnyDay|[upkeep]\n|-fieldend|move: Trick Room\n|upkeep\n|c|\u2606Future king of ou|It's trick roo.\n|\n|t:|1697919773\n|switch|p2a: On Melancholy Hill|Koraidon|100\/100\n|-damage|p2a: On Melancholy Hill|94\/100|[from] Stealth Rock\n|-activate|p2a: On Melancholy Hill|ability: Orichalcum Pulse\n|turn|8\n|c|\u2606Future king of ou|Room\n|\n|t:|1697919780\n|switch|p1a: Quetzalcoatl|Rayquaza|19\/100\n|-ability|p1a: Quetzalcoatl|Air Lock\n|move|p2a: On Melancholy Hill|Low Kick|p1a: Quetzalcoatl\n|-resisted|p1a: Quetzalcoatl\n|-damage|p1a: Quetzalcoatl|0 fnt\n|faint|p1a: Quetzalcoatl\n|\n|-weather|SunnyDay|[upkeep]\n|upkeep\n|\n|t:|1697919782\n|switch|p1a: Zeus|Arceus|100\/100\n|turn|9\n|\n|t:|1697919785\n|move|p2a: On Melancholy Hill|Low Kick|p1a: Zeus\n|-supereffective|p1a: Zeus\n|-enditem|p1a: Zeus|Chople Berry|[eat]\n|-enditem|p1a: Zeus|Chople Berry|[weaken]\n|-damage|p1a: Zeus|55\/100\n|move|p1a: Zeus|Trick Room|p1a: Zeus\n|-fieldstart|move: Trick Room|[of] p1a: Zeus\n|\n|-weather|SunnyDay|[upkeep]\n|upkeep\n|turn|10\n|c|\u2606tier acid|yeah\n|c|\u2606tier acid|ur chople\n|c|\u2606tier acid|fraud\n|\n|t:|1697919792\n|switch|p2a: NEVER BEEN SHIT|Arceus|100\/100\n|-damage|p2a: NEVER BEEN SHIT|88\/100|[from] Stealth Rock\n|move|p1a: Zeus|Healing Wish|p1a: Zeus\n|faint|p1a: Zeus\n|\n|-weather|none\n|upkeep\n|\n|t:|1697919794\n|switch|p1a: Siegfried|Calyrex-Ice, tera:Ice|100\/100\n|-ability|p1a: Siegfried|As One\n|-ability|p1a: Siegfried|Unnerve\n|turn|11\n|c|\u2606tier acid|yeah\n|c|\u2606tier acid|i lost\n|c|\u2606tier acid|LMAO\n|c|\u2606tier acid|this is some bullshit\n|\n|t:|1697919803\n|move|p2a: NEVER BEEN SHIT|Extreme Speed|p1a: Siegfried\n|-damage|p1a: Siegfried|68\/100\n|move|p1a: Siegfried|Glacial Lance|p2a: NEVER BEEN SHIT\n|-damage|p2a: NEVER BEEN SHIT|0 fnt\n|faint|p2a: NEVER BEEN SHIT\n|-ability|p1a: Siegfried|Chilling Neigh|boost\n|-boost|p1a: Siegfried|atk|1\n|\n|upkeep\n|-message|tier acid forfeited.\n|\n|win|Future king of ou\n|c|\u2606Future king of ou|Ggs!\n|player|p1|Future king of ou|rosa-pokestar\n|player|p1|\n|player|p1|Future king of ou|rosa-pokestar\n","uploadtime":1697919808,"views":165,"p1id":"futurekingofou","p2id":"tieracid","formatid":"gen9anythinggoes","rating":0,"private":0,"password":""}