{"id":"smogtours-gen9anythinggoes-726832","p1":"velvet","p2":"temp","format":"[Gen 9] Anything Goes","log":"|inactive|Battle timer is ON: inactive players will automatically lose when time's up.\n|t:|1698447944\n|gametype|singles\n|player|p1|velvet|juliana-bb|\n|player|p2|temp|elesa-masters2|\n|teamsize|p1|6\n|teamsize|p2|6\n|gen|9\n|tier|[Gen 9] Anything Goes\n|rule|HP Percentage Mod: HP is shown in percentages\n|rule|Endless Battle Clause: Forcing endless battles is banned\n|clearpoke\n|poke|p1|Eternatus|\n|poke|p1|Calyrex-Shadow|\n|poke|p1|Ting-Lu|\n|poke|p1|Landorus-Therian, M|\n|poke|p1|Arceus|\n|poke|p1|Arceus-Fairy|\n|poke|p2|Arceus-Fairy|\n|poke|p2|Arceus|\n|poke|p2|Koraidon|\n|poke|p2|Miraidon|\n|poke|p2|Landorus-Therian, M|\n|poke|p2|Ting-Lu|\n|teampreview\n|c|\u2606velvet|Hf\n|c|\u2606temp|u2\n|inactive|velvet disconnected and has 300 seconds to reconnect!\n|player|p1|\n|inactive|temp has 270 seconds left.\n|inactive|temp disconnected and has 300 seconds to reconnect!\n|player|p2|\n|inactive|velvet reconnected and has 290 seconds left.\n|player|p1|velvet|juliana-bb\n|inactive|velvet has 270 seconds left.\n|inactive|temp has 270 seconds to reconnect!\n|inactive|temp reconnected and has 270 seconds left.\n|player|p2|temp|elesa-masters2\n|\n|t:|1698448033\n|start\n|switch|p1a: Landorus|Landorus-Therian, M|100\/100\n|switch|p2a: The Landorus|Landorus-Therian, M|100\/100\n|-ability|p2a: The Landorus|Intimidate|boost\n|-unboost|p1a: Landorus|atk|1\n|-ability|p1a: Landorus|Intimidate|boost\n|-unboost|p2a: The Landorus|atk|1\n|turn|1\n|\n|t:|1698448039\n|move|p2a: The Landorus|Taunt|p1a: Landorus\n|-start|p1a: Landorus|move: Taunt\n|move|p1a: Landorus|U-turn|p2a: The Landorus\n|-resisted|p2a: The Landorus\n|-damage|p2a: The Landorus|96\/100\n|-damage|p1a: Landorus|84\/100|[from] item: Rocky Helmet|[of] p2a: The Landorus\n|\n|t:|1698448045\n|switch|p1a: Eternatus|Eternatus|100\/100|[from] U-turn\n|-ability|p1a: Eternatus|Pressure\n|\n|upkeep\n|turn|2\n|\n|t:|1698448062\n|move|p1a: Eternatus|Toxic Spikes|p2a: The Landorus\n|-sidestart|p2: temp|move: Toxic Spikes\n|move|p2a: The Landorus|Stealth Rock|p1a: Eternatus\n|-sidestart|p1: velvet|move: Stealth Rock\n|\n|upkeep\n|turn|3\n|inactive|temp has 270 seconds left.\n|\n|t:|1698448107\n|switch|p2a: The Ting-Lu|Ting-Lu|100\/100\n|-status|p2a: The Ting-Lu|psn\n|-ability|p2a: The Ting-Lu|Vessel of Ruin\n|move|p1a: Eternatus|Toxic Spikes|p2a: The Ting-Lu\n|-sidestart|p2: temp|move: Toxic Spikes\n|\n|-damage|p2a: The Ting-Lu|88\/100 psn|[from] psn\n|upkeep\n|turn|4\n|\n|t:|1698448128\n|-terastallize|p2a: The Ting-Lu|Poison\n|move|p2a: The Ting-Lu|Spikes|p1a: Eternatus\n|-sidestart|p1: velvet|Spikes\n|move|p1a: Eternatus|Dragon Tail|p2a: The Ting-Lu|[miss]\n|-miss|p1a: Eternatus|p2a: The Ting-Lu\n|\n|-heal|p2a: The Ting-Lu|94\/100 psn|[from] item: Leftovers\n|-damage|p2a: The Ting-Lu|82\/100 psn|[from] psn\n|upkeep\n|turn|5\n|\n|t:|1698448146\n|move|p1a: Eternatus|Dragon Tail|p2a: The Ting-Lu|[miss]\n|-miss|p1a: Eternatus|p2a: The Ting-Lu\n|move|p2a: The Ting-Lu|Whirlwind|p1a: Eternatus\n|drag|p1a: Ting-Lu|Ting-Lu|100\/100\n|-damage|p1a: Ting-Lu|94\/100|[from] Stealth Rock\n|-damage|p1a: Ting-Lu|82\/100|[from] Spikes\n|-ability|p1a: Ting-Lu|Vessel of Ruin\n|\n|-heal|p2a: The Ting-Lu|88\/100 psn|[from] item: Leftovers\n|-heal|p1a: Ting-Lu|88\/100|[from] item: Leftovers\n|-damage|p2a: The Ting-Lu|76\/100 psn|[from] psn\n|upkeep\n|turn|6\n|\n|t:|1698448160\n|switch|p2a: The Landorus|Landorus-Therian, M|96\/100\n|-ability|p2a: The Landorus|Intimidate|boost\n|-unboost|p1a: Ting-Lu|atk|1\n|move|p1a: Ting-Lu|Spikes|p2a: The Landorus\n|-sidestart|p2: temp|Spikes\n|\n|-heal|p1a: Ting-Lu|94\/100|[from] item: Leftovers\n|upkeep\n|turn|7\n|\n|t:|1698448164\n|move|p2a: The Landorus|U-turn|p1a: Ting-Lu\n|-supereffective|p1a: Ting-Lu\n|-damage|p1a: Ting-Lu|69\/100\n|\n|t:|1698448166\n|switch|p2a: The Ting-Lu|Ting-Lu, tera:Poison|76\/100 psn|[from] U-turn\n|-sideend|p2: temp|move: Toxic Spikes|[of] p2a: The Ting-Lu\n|-damage|p2a: The Ting-Lu|63\/100 psn|[from] Spikes\n|-ability|p2a: The Ting-Lu|Vessel of Ruin\n|move|p1a: Ting-Lu|Ruination|p2a: The Ting-Lu\n|-damage|p2a: The Ting-Lu|32\/100 psn\n|\n|-heal|p2a: The Ting-Lu|38\/100 psn|[from] item: Leftovers\n|-heal|p1a: Ting-Lu|75\/100|[from] item: Leftovers\n|-damage|p2a: The Ting-Lu|26\/100 psn|[from] psn\n|upkeep\n|turn|8\n|inactive|temp has 240 seconds left.\n|\n|t:|1698448211\n|move|p2a: The Ting-Lu|Spikes|p1a: Ting-Lu\n|-sidestart|p1: velvet|Spikes\n|move|p1a: Ting-Lu|Spikes|p2a: The Ting-Lu\n|-sidestart|p2: temp|Spikes\n|\n|-heal|p2a: The Ting-Lu|32\/100 psn|[from] item: Leftovers\n|-heal|p1a: Ting-Lu|81\/100|[from] item: Leftovers\n|-damage|p2a: The Ting-Lu|20\/100 psn|[from] psn\n|upkeep\n|turn|9\n|\n|t:|1698448218\n|switch|p1a: Landorus|Landorus-Therian, M|84\/100\n|-damage|p1a: Landorus|72\/100|[from] Stealth Rock\n|-ability|p1a: Landorus|Intimidate|boost\n|-unboost|p2a: The Ting-Lu|atk|1\n|move|p2a: The Ting-Lu|Spikes|p1a: Landorus\n|-sidestart|p1: velvet|Spikes\n|\n|-heal|p2a: The Ting-Lu|26\/100 psn|[from] item: Leftovers\n|-damage|p2a: The Ting-Lu|13\/100 psn|[from] psn\n|upkeep\n|turn|10\n|\n|t:|1698448222\n|move|p1a: Landorus|Stealth Rock|p2a: The Ting-Lu\n|-sidestart|p2: temp|move: Stealth Rock\n|move|p2a: The Ting-Lu|Ruination|p1a: Landorus|[miss]\n|-miss|p2a: The Ting-Lu|p1a: Landorus\n|\n|-heal|p2a: The Ting-Lu|20\/100 psn|[from] item: Leftovers\n|-damage|p2a: The Ting-Lu|7\/100 psn|[from] psn\n|upkeep\n|turn|11\n|\n|t:|1698448232\n|switch|p2a: The Landorus|Landorus-Therian, M|96\/100\n|-damage|p2a: The Landorus|83\/100|[from] Stealth Rock\n|-ability|p2a: The Landorus|Intimidate|boost\n|-unboost|p1a: Landorus|atk|1\n|move|p1a: Landorus|U-turn|p2a: The Landorus\n|-resisted|p2a: The Landorus\n|-crit|p2a: The Landorus\n|-damage|p2a: The Landorus|72\/100\n|-damage|p1a: Landorus|55\/100|[from] item: Rocky Helmet|[of] p2a: The Landorus\n|\n|t:|1698448235\n|switch|p1a: Eternatus|Eternatus|100\/100|[from] U-turn\n|-ability|p1a: Eternatus|Pressure\n|\n|upkeep\n|turn|12\n|\n|t:|1698448241\n|move|p1a: Eternatus|Toxic Spikes|p2a: The Landorus\n|-sidestart|p2: temp|move: Toxic Spikes\n|move|p2a: The Landorus|Earthquake|p1a: Eternatus\n|-supereffective|p1a: Eternatus\n|-damage|p1a: Eternatus|22\/100\n|\n|upkeep\n|turn|13\n|\n|t:|1698448246\n|move|p1a: Eternatus|Flamethrower|p2a: The Landorus\n|-damage|p2a: The Landorus|44\/100\n|move|p2a: The Landorus|Earthquake|p1a: Eternatus\n|-supereffective|p1a: Eternatus\n|-damage|p1a: Eternatus|0 fnt\n|faint|p1a: Eternatus\n|\n|upkeep\n|\n|t:|1698448251\n|switch|p1a: Arceus|Arceus-Fairy|100\/100\n|-damage|p1a: Arceus|88\/100|[from] Stealth Rock\n|-damage|p1a: Arceus|63\/100|[from] Spikes\n|turn|14\n|\n|t:|1698448259\n|move|p1a: Arceus|Recover|p1a: Arceus\n|-heal|p1a: Arceus|100\/100\n|move|p2a: The Landorus|Taunt|p1a: Arceus\n|-start|p1a: Arceus|move: Taunt\n|\n|upkeep\n|turn|15\n|\n|t:|1698448262\n|switch|p2a: The Ting-Lu|Ting-Lu, tera:Poison|7\/100 psn\n|-damage|p2a: The Ting-Lu|0 fnt|[from] Spikes\n|-sideend|p2: temp|move: Toxic Spikes|[of] p2a: The Ting-Lu\n|faint|p2a: The Ting-Lu\n|move|p1a: Arceus|Judgment|p2: The Ting-Lu|[notarget]\n|-fail|p1a: Arceus\n|\n|upkeep\n|\n|t:|1698448270\n|switch|p2a: The Arceus|Arceus-Fairy|100\/100\n|-damage|p2a: The Arceus|84\/100|[from] Spikes\n|-damage|p2a: The Arceus|72\/100|[from] Stealth Rock\n|turn|16\n|\n|t:|1698448282\n|switch|p1a: Ting-Lu|Ting-Lu|81\/100\n|-damage|p1a: Ting-Lu|75\/100|[from] Stealth Rock\n|-damage|p1a: Ting-Lu|50\/100|[from] Spikes\n|-ability|p1a: Ting-Lu|Vessel of Ruin\n|move|p2a: The Arceus|Calm Mind|p2a: The Arceus\n|-boost|p2a: The Arceus|spa|1\n|-boost|p2a: The Arceus|spd|1\n|\n|-heal|p1a: Ting-Lu|57\/100|[from] item: Leftovers\n|upkeep\n|turn|17\n|\n|t:|1698448286\n|move|p2a: The Arceus|Judgment|p1a: Ting-Lu\n|-supereffective|p1a: Ting-Lu\n|-damage|p1a: Ting-Lu|0 fnt\n|faint|p1a: Ting-Lu\n|\n|upkeep\n|\n|t:|1698448296\n|switch|p1a: Arceus|Arceus|100\/100\n|turn|18\n|\n|t:|1698448299\n|move|p1a: Arceus|Swords Dance|p1a: Arceus\n|-boost|p1a: Arceus|atk|2\n|move|p2a: The Arceus|Will-O-Wisp|p1a: Arceus|[miss]\n|-miss|p2a: The Arceus|p1a: Arceus\n|\n|upkeep\n|turn|19\n|\n|t:|1698448304\n|move|p1a: Arceus|Extreme Speed|p2a: The Arceus\n|-damage|p2a: The Arceus|29\/100\n|move|p2a: The Arceus|Will-O-Wisp|p1a: Arceus\n|-status|p1a: Arceus|brn\n|\n|-damage|p1a: Arceus|94\/100 brn|[from] brn\n|upkeep\n|turn|20\n|\n|t:|1698448307\n|move|p1a: Arceus|Swords Dance|p1a: Arceus\n|-boost|p1a: Arceus|atk|2\n|move|p2a: The Arceus|Recover|p2a: The Arceus\n|-heal|p2a: The Arceus|79\/100\n|\n|-damage|p1a: Arceus|88\/100 brn|[from] brn\n|upkeep\n|turn|21\n|\n|t:|1698448314\n|move|p1a: Arceus|Extreme Speed|p2a: The Arceus\n|-damage|p2a: The Arceus|46\/100\n|move|p2a: The Arceus|Judgment|p1a: Arceus\n|-damage|p1a: Arceus|37\/100 brn\n|\n|-damage|p1a: Arceus|31\/100 brn|[from] brn\n|upkeep\n|turn|22\n|\n|t:|1698448319\n|move|p1a: Arceus|Recover|p1a: Arceus\n|-heal|p1a: Arceus|81\/100 brn\n|move|p2a: The Arceus|Recover|p2a: The Arceus\n|-heal|p2a: The Arceus|96\/100\n|\n|-damage|p1a: Arceus|75\/100 brn|[from] brn\n|upkeep\n|turn|23\n|\n|t:|1698448321\n|move|p1a: Arceus|Swords Dance|p1a: Arceus\n|-boost|p1a: Arceus|atk|2\n|move|p2a: The Arceus|Judgment|p1a: Arceus\n|-damage|p1a: Arceus|24\/100 brn\n|\n|-damage|p1a: Arceus|18\/100 brn|[from] brn\n|upkeep\n|turn|24\n|\n|t:|1698448323\n|move|p1a: Arceus|Extreme Speed|p2a: The Arceus\n|-damage|p2a: The Arceus|52\/100\n|move|p2a: The Arceus|Judgment|p1a: Arceus\n|-damage|p1a: Arceus|0 fnt\n|faint|p1a: Arceus\n|\n|upkeep\n|\n|t:|1698448327\n|switch|p1a: Calyrex|Calyrex-Shadow|100\/100\n|-ability|p1a: Calyrex|As One\n|-ability|p1a: Calyrex|Unnerve\n|-damage|p1a: Calyrex|88\/100|[from] Stealth Rock\n|-damage|p1a: Calyrex|63\/100|[from] Spikes\n|turn|25\n|\n|t:|1698448334\n|move|p1a: Calyrex|Psyshock|p2a: The Arceus\n|-damage|p2a: The Arceus|28\/100\n|move|p2a: The Arceus|Judgment|p1a: Calyrex\n|-damage|p1a: Calyrex|0 fnt\n|faint|p1a: Calyrex\n|\n|upkeep\n|\n|t:|1698448337\n|switch|p1a: Arceus|Arceus-Fairy|100\/100\n|-damage|p1a: Arceus|88\/100|[from] Stealth Rock\n|-damage|p1a: Arceus|63\/100|[from] Spikes\n|turn|26\n|\n|t:|1698448343\n|move|p1a: Arceus|Judgment|p2a: The Arceus\n|-damage|p2a: The Arceus|6\/100\n|move|p2a: The Arceus|Recover|p2a: The Arceus\n|-heal|p2a: The Arceus|56\/100\n|\n|upkeep\n|turn|27\n|\n|t:|1698448346\n|move|p1a: Arceus|Judgment|p2a: The Arceus\n|-damage|p2a: The Arceus|34\/100\n|move|p2a: The Arceus|Judgment|p1a: Arceus\n|-damage|p1a: Arceus|18\/100\n|\n|upkeep\n|turn|28\n|\n|t:|1698448348\n|move|p1a: Arceus|Judgment|p2a: The Arceus\n|-damage|p2a: The Arceus|14\/100\n|move|p2a: The Arceus|Judgment|p1a: Arceus\n|-damage|p1a: Arceus|0 fnt\n|faint|p1a: Arceus\n|\n|upkeep\n|\n|t:|1698448351\n|switch|p1a: Landorus|Landorus-Therian, M|55\/100\n|-damage|p1a: Landorus|43\/100|[from] Stealth Rock\n|-ability|p1a: Landorus|Intimidate|boost\n|-unboost|p2a: The Arceus|atk|1\n|turn|29\n|\n|t:|1698448352\n|move|p2a: The Arceus|Judgment|p1a: Landorus\n|-damage|p1a: Landorus|0 fnt\n|faint|p1a: Landorus\n|\n|win|temp\n|c|\u2606velvet|Gg\n|c|\u2606temp|gg\n","uploadtime":1698448353,"views":106,"p1id":"velvet","p2id":"temp","formatid":"gen9anythinggoes","rating":0,"private":0,"password":""}