{"id":"smogtours-gen9anythinggoes-728102","p1":"temp","p2":"tier acid","format":"[Gen 9] Anything Goes","log":"|inactive|Battle timer is ON: inactive players will automatically lose when time's up.\n|t:|1698879850\n|gametype|singles\n|player|p1|temp|#rbtt6teamhoopaf|\n|player|p2|tier acid|#omplxisolgaleos|\n|teamsize|p1|6\n|teamsize|p2|6\n|gen|9\n|tier|[Gen 9] Anything Goes\n|rule|HP Percentage Mod: HP is shown in percentages\n|rule|Endless Battle Clause: Forcing endless battles is banned\n|clearpoke\n|poke|p1|Arceus|\n|poke|p1|Giratina-Origin|\n|poke|p1|Koraidon|\n|poke|p1|Skeledirge, F|\n|poke|p1|Zacian-*|\n|poke|p1|Arceus-Ground|\n|poke|p2|Arceus|\n|poke|p2|Koraidon|\n|poke|p2|Zacian-*|\n|poke|p2|Calyrex-Shadow|\n|poke|p2|Landorus-Therian, M|\n|poke|p2|Ting-Lu|\n|teampreview\n|c|\u2606temp|Hf\n|inactive|temp has 270 seconds left.\n|inactive|tier acid has 270 seconds left.\n|c|\u2606tier acid|hf yungin.\n|inactive|temp has 240 seconds left.\n|inactive|temp has 210 seconds left.\n|inactive|temp has 180 seconds left.\n|\n|t:|1698879999\n|start\n|switch|p1a: The Giratina|Giratina-Origin|100\/100\n|switch|p2a: Calyrex|Calyrex-Shadow|100\/100\n|-ability|p2a: Calyrex|As One\n|-ability|p2a: Calyrex|Unnerve\n|turn|1\n|\n|t:|1698880008\n|switch|p2a: Ting-Lu|Ting-Lu|100\/100\n|-ability|p2a: Ting-Lu|Vessel of Ruin\n|switch|p1a: The Arceus|Arceus|100\/100\n|\n|upkeep\n|turn|2\n|inactive|temp has 210 seconds left.\n|\n|t:|1698880045\n|switch|p1a: The Koraidon|Koraidon|100\/100\n|-weather|SunnyDay|[from] ability: Orichalcum Pulse|[of] p1a: The Koraidon\n|-activate|p1a: The Koraidon|Orichalcum Pulse|[source]\n|move|p2a: Ting-Lu|Ruination|p1a: The Koraidon\n|-damage|p1a: The Koraidon|51\/100\n|\n|-weather|SunnyDay|[upkeep]\n|upkeep\n|turn|3\n|\n|t:|1698880058\n|move|p1a: The Koraidon|U-turn|p2a: Ting-Lu\n|-supereffective|p2a: Ting-Lu\n|-damage|p2a: Ting-Lu|52\/100\n|c|\u2606tier acid|48\n|inactive|temp has 180 seconds left.\n|c|\u2606tier acid|interesting %.\n|c|\u2606tier acid|oh.\n|c|\u2606tier acid|nvm strap just gives dogshit teams\n|\n|t:|1698880102\n|switch|p1a: The Zacian|Zacian-Crowned|100\/100|[from] U-turn\n|-ability|p1a: The Zacian|Intrepid Sword|boost\n|-boost|p1a: The Zacian|atk|1\n|move|p2a: Ting-Lu|Ruination|p1a: The Zacian\n|-damage|p1a: The Zacian|51\/100\n|\n|-weather|SunnyDay|[upkeep]\n|-heal|p2a: Ting-Lu|58\/100|[from] item: Leftovers\n|upkeep\n|turn|4\n|inactive|temp has 150 seconds left.\n|inactive|temp has 120 seconds left.\n|c|\u2606tier acid|timer\n|c|\u2606tier acid|c:\n|inactive|temp has 90 seconds left.\n|\n|t:|1698880183\n|switch|p2a: Landorus|Landorus-Therian, M|100\/100\n|-ability|p2a: Landorus|Intimidate|boost\n|-unboost|p1a: The Zacian|atk|1\n|move|p1a: The Zacian|Substitute|p1a: The Zacian\n|-start|p1a: The Zacian|Substitute\n|-damage|p1a: The Zacian|26\/100\n|\n|-weather|SunnyDay|[upkeep]\n|upkeep\n|turn|5\n|inactive|temp has 90 seconds left.\n|inactive|temp has 60 seconds left.\n|\n|t:|1698880243\n|-terastallize|p1a: The Zacian|Flying\n|move|p1a: The Zacian|Swords Dance|p1a: The Zacian\n|-boost|p1a: The Zacian|atk|2\n|move|p2a: Landorus|Stealth Rock|p1a: The Zacian\n|-sidestart|p1: temp|move: Stealth Rock\n|\n|-weather|SunnyDay|[upkeep]\n|upkeep\n|turn|6\n|inactive|temp has 30 seconds left.\n|inactive|temp has 20 seconds left.\n|\n|t:|1698880274\n|move|p1a: The Zacian|Swords Dance|p1a: The Zacian\n|-boost|p1a: The Zacian|atk|2\n|move|p2a: Landorus|U-turn|p1a: The Zacian\n|-resisted|p1a: The Zacian\n|-activate|p1a: The Zacian|move: Substitute|[damage]\n|inactive|temp has 25 seconds left this turn.\n|\n|t:|1698880277\n|switch|p2a: Koraidon|Koraidon|100\/100|[from] U-turn\n|-activate|p2a: Koraidon|ability: Orichalcum Pulse\n|\n|-weather|none\n|upkeep\n|turn|7\n|c|\u2606tier acid|o sun ran out.\n|inactive|temp has 30 seconds left.\n|c|\u2606tier acid|thats no bueno LMAO\n|\n|t:|1698880285\n|move|p2a: Koraidon|U-turn|p1a: The Zacian\n|-resisted|p1a: The Zacian\n|-activate|p1a: The Zacian|move: Substitute|[damage]\n|\n|t:|1698880288\n|switch|p2a: Landorus|Landorus-Therian, M|100\/100|[from] U-turn\n|-ability|p2a: Landorus|Intimidate|boost\n|-immune|p1a: The Zacian\n|move|p1a: The Zacian|Behemoth Blade|p2a: Landorus\n|-crit|p2a: Landorus\n|-damage|p2a: Landorus|0 fnt\n|-damage|p1a: The Zacian|9\/100|[from] item: Rocky Helmet|[of] p2a: Landorus\n|faint|p2a: Landorus\n|\n|upkeep\n|\n|t:|1698880298\n|switch|p2a: Koraidon|Koraidon|100\/100\n|-weather|SunnyDay|[from] ability: Orichalcum Pulse|[of] p2a: Koraidon\n|-activate|p2a: Koraidon|Orichalcum Pulse|[source]\n|turn|8\n|\n|t:|1698880319\n|move|p2a: Koraidon|U-turn|p1a: The Zacian\n|-resisted|p1a: The Zacian\n|-end|p1a: The Zacian|Substitute\n|\n|t:|1698880321\n|switch|p2a: Ting-Lu|Ting-Lu|58\/100|[from] U-turn\n|-ability|p2a: Ting-Lu|Vessel of Ruin\n|move|p1a: The Zacian|Behemoth Blade|p2a: Ting-Lu\n|-damage|p2a: Ting-Lu|0 fnt\n|faint|p2a: Ting-Lu\n|\n|-weather|SunnyDay|[upkeep]\n|upkeep\n|\n|t:|1698880322\n|switch|p2a: Calyrex|Calyrex-Shadow|100\/100\n|-ability|p2a: Calyrex|As One\n|-ability|p2a: Calyrex|Unnerve\n|turn|9\n|\n|t:|1698880329\n|switch|p1a: The Arceus|Arceus|100\/100\n|move|p2a: Calyrex|Psyshock|p1a: The Arceus\n|-damage|p1a: The Arceus|66\/100\n|\n|-weather|SunnyDay|[upkeep]\n|upkeep\n|turn|10\n|inactive|temp has 60 seconds left.\n|\n|t:|1698880336\n|move|p2a: Calyrex|Will-O-Wisp|p1a: The Arceus\n|-status|p1a: The Arceus|brn\n|move|p1a: The Arceus|Recover|p1a: The Arceus\n|-heal|p1a: The Arceus|100\/100 brn\n|\n|-weather|SunnyDay|[upkeep]\n|-damage|p1a: The Arceus|94\/100 brn|[from] brn\n|upkeep\n|turn|11\n|inactive|temp has 60 seconds left.\n|inactive|temp has 30 seconds left.\n|\n|t:|1698880379\n|switch|p2a: Koraidon|Koraidon|100\/100\n|-activate|p2a: Koraidon|ability: Orichalcum Pulse\n|move|p1a: The Arceus|Shadow Claw|p2a: Koraidon\n|-damage|p2a: Koraidon|91\/100\n|\n|-weather|SunnyDay|[upkeep]\n|-damage|p1a: The Arceus|88\/100 brn|[from] brn\n|upkeep\n|turn|12\n|inactive|temp has 30 seconds left.\n|\n|t:|1698880389\n|switch|p1a: The Zacian|Zacian-Crowned, tera:Flying|9\/100\n|-damage|p1a: The Zacian|0 fnt|[from] Stealth Rock\n|faint|p1a: The Zacian\n|move|p2a: Koraidon|U-turn|p1: The Zacian|[notarget]\n|-fail|p2a: Koraidon\n|\n|-weather|none\n|upkeep\n|inactive|temp has 30 seconds left.\n|\n|t:|1698880402\n|switch|p1a: The Giratina|Giratina-Origin|100\/100\n|-damage|p1a: The Giratina|88\/100|[from] Stealth Rock\n|turn|13\n|inactive|temp has 30 seconds left.\n|inactive|temp has 20 seconds left.\n|inactive|temp has 15 seconds left.\n|inactive|temp has 10 seconds left.\n|\n|t:|1698880429\n|move|p2a: Koraidon|U-turn|p1a: The Giratina\n|-resisted|p1a: The Giratina\n|-damage|p1a: The Giratina|79\/100\n|inactive|temp has 15 seconds left this turn.\n|\n|t:|1698880432\n|switch|p2a: Calyrex|Calyrex-Shadow|100\/100|[from] U-turn\n|-ability|p2a: Calyrex|As One\n|-ability|p2a: Calyrex|Unnerve\n|move|p1a: The Giratina|Poltergeist|p2a: Calyrex\n|-activate|p2a: Calyrex|move: Poltergeist|Meadow Plate\n|-supereffective|p2a: Calyrex\n|-damage|p2a: Calyrex|0 fnt\n|faint|p2a: Calyrex\n|\n|upkeep\n|inactive|temp has 20 seconds left this turn.\n|c|\u2606tier acid|dang\n|\n|t:|1698880436\n|switch|p2a: Zacian|Zacian-Crowned|100\/100\n|-ability|p2a: Zacian|Intrepid Sword|boost\n|-boost|p2a: Zacian|atk|1\n|turn|14\n|inactive|temp has 30 seconds left this turn.\n|inactive|temp has 20 seconds left.\n|inactive|temp has 15 seconds left.\n|\n|t:|1698880451\n|move|p2a: Zacian|Play Rough|p1a: The Giratina\n|-supereffective|p1a: The Giratina\n|-damage|p1a: The Giratina|0 fnt\n|faint|p1a: The Giratina\n|\n|upkeep\n|inactive|temp has 20 seconds left this turn.\n|inactive|temp has 15 seconds left.\n|\n|t:|1698880459\n|switch|p1a: The Skeledirge|Skeledirge, F|100\/100\n|turn|15\n|inactive|temp has 25 seconds left this turn.\n|\n|t:|1698880463\n|move|p2a: Zacian|Behemoth Blade|p1a: The Skeledirge\n|-resisted|p1a: The Skeledirge\n|-damage|p1a: The Skeledirge|83\/100\n|move|p1a: The Skeledirge|Will-O-Wisp|p2a: Zacian\n|-status|p2a: Zacian|brn\n|\n|-damage|p2a: Zacian|95\/100 brn|[from] brn\n|upkeep\n|turn|16\n|\n|t:|1698880468\n|move|p2a: Zacian|Behemoth Blade|p1a: The Skeledirge\n|-resisted|p1a: The Skeledirge\n|-crit|p1a: The Skeledirge\n|-damage|p1a: The Skeledirge|71\/100\n|move|p1a: The Skeledirge|Torch Song|p2a: Zacian\n|-supereffective|p2a: Zacian\n|-damage|p2a: Zacian|40\/100 brn\n|-boost|p1a: The Skeledirge|spa|1\n|\n|-damage|p2a: Zacian|34\/100 brn|[from] brn\n|upkeep\n|turn|17\n|\n|t:|1698880471\n|move|p2a: Zacian|Behemoth Blade|p1a: The Skeledirge\n|-resisted|p1a: The Skeledirge\n|-damage|p1a: The Skeledirge|62\/100\n|move|p1a: The Skeledirge|Slack Off|p1a: The Skeledirge\n|-heal|p1a: The Skeledirge|100\/100\n|\n|-damage|p2a: Zacian|28\/100 brn|[from] brn\n|upkeep\n|turn|18\n|\n|t:|1698880473\n|move|p2a: Zacian|Behemoth Blade|p1a: The Skeledirge\n|-resisted|p1a: The Skeledirge\n|-damage|p1a: The Skeledirge|92\/100\n|move|p1a: The Skeledirge|Torch Song|p2a: Zacian\n|-supereffective|p2a: Zacian\n|-damage|p2a: Zacian|0 fnt\n|-boost|p1a: The Skeledirge|spa|1\n|faint|p2a: Zacian\n|\n|upkeep\n|\n|t:|1698880476\n|switch|p2a: Arceus|Arceus|100\/100\n|turn|19\n|\n|t:|1698880478\n|-terastallize|p2a: Arceus|Fire\n|move|p2a: Arceus|Shadow Claw|p1a: The Skeledirge\n|-supereffective|p1a: The Skeledirge\n|-damage|p1a: The Skeledirge|60\/100\n|move|p1a: The Skeledirge|Will-O-Wisp|p2a: Arceus\n|-immune|p2a: Arceus\n|\n|upkeep\n|turn|20\n|\n|t:|1698880482\n|move|p2a: Arceus|Shadow Claw|p1a: The Skeledirge\n|-supereffective|p1a: The Skeledirge\n|-crit|p1a: The Skeledirge\n|-damage|p1a: The Skeledirge|10\/100\n|move|p1a: The Skeledirge|Slack Off|p1a: The Skeledirge\n|-heal|p1a: The Skeledirge|60\/100\n|\n|upkeep\n|turn|21\n|\n|t:|1698880485\n|move|p2a: Arceus|Shadow Claw|p1a: The Skeledirge\n|-supereffective|p1a: The Skeledirge\n|-damage|p1a: The Skeledirge|30\/100\n|move|p1a: The Skeledirge|Slack Off|p1a: The Skeledirge\n|-heal|p1a: The Skeledirge|80\/100\n|\n|upkeep\n|turn|22\n|\n|t:|1698880488\n|move|p2a: Arceus|Shadow Claw|p1a: The Skeledirge\n|-supereffective|p1a: The Skeledirge\n|-crit|p1a: The Skeledirge\n|-damage|p1a: The Skeledirge|36\/100\n|move|p1a: The Skeledirge|Slack Off|p1a: The Skeledirge\n|-heal|p1a: The Skeledirge|86\/100\n|\n|upkeep\n|turn|23\n|\n|t:|1698880494\n|move|p2a: Arceus|Shadow Claw|p1a: The Skeledirge\n|-supereffective|p1a: The Skeledirge\n|-damage|p1a: The Skeledirge|54\/100\n|move|p1a: The Skeledirge|Shadow Ball|p2a: Arceus\n|-damage|p2a: Arceus|57\/100\n|\n|upkeep\n|turn|24\n|\n|t:|1698880498\n|move|p2a: Arceus|Shadow Claw|p1a: The Skeledirge\n|-supereffective|p1a: The Skeledirge\n|-damage|p1a: The Skeledirge|22\/100\n|move|p1a: The Skeledirge|Slack Off|p1a: The Skeledirge\n|-heal|p1a: The Skeledirge|72\/100\n|\n|upkeep\n|turn|25\n|c|\u2606tier acid|sball.\n|inactive|temp has 120 seconds left.\n|\n|t:|1698880516\n|move|p2a: Arceus|Shadow Claw|p1a: The Skeledirge\n|-supereffective|p1a: The Skeledirge\n|-damage|p1a: The Skeledirge|44\/100\n|move|p1a: The Skeledirge|Slack Off|p1a: The Skeledirge\n|-heal|p1a: The Skeledirge|94\/100\n|\n|upkeep\n|turn|26\n|\n|t:|1698880519\n|move|p2a: Arceus|Shadow Claw|p1a: The Skeledirge\n|-supereffective|p1a: The Skeledirge\n|-damage|p1a: The Skeledirge|65\/100\n|move|p1a: The Skeledirge|Shadow Ball|p2a: Arceus\n|-damage|p2a: Arceus|13\/100\n|\n|upkeep\n|turn|27\n|inactive|temp has 120 seconds left.\n|inactive|temp has 90 seconds left.\n|\n|t:|1698880569\n|switch|p1a: The Arceus|Arceus-Ground|100\/100\n|-damage|p1a: The Arceus|94\/100|[from] Stealth Rock\n|move|p2a: Arceus|Recover|p2a: Arceus\n|-heal|p2a: Arceus|63\/100\n|\n|upkeep\n|turn|28\n|\n|t:|1698880573\n|switch|p2a: Koraidon|Koraidon|91\/100\n|-weather|SunnyDay|[from] ability: Orichalcum Pulse|[of] p2a: Koraidon\n|-activate|p2a: Koraidon|Orichalcum Pulse|[source]\n|move|p1a: The Arceus|Judgment|p2a: Koraidon\n|-damage|p2a: Koraidon|35\/100\n|\n|-weather|SunnyDay|[upkeep]\n|upkeep\n|turn|29\n|inactive|temp has 90 seconds left.\n|\n|t:|1698880606\n|switch|p1a: The Arceus|Arceus|88\/100 brn\n|move|p2a: Koraidon|Outrage|p1a: The Arceus\n|-damage|p1a: The Arceus|22\/100 brn\n|\n|-weather|SunnyDay|[upkeep]\n|-damage|p1a: The Arceus|16\/100 brn|[from] brn\n|upkeep\n|turn|30\n|\n|t:|1698880609\n|move|p1a: The Arceus|Extreme Speed|p2a: Koraidon\n|-damage|p2a: Koraidon|18\/100\n|move|p2a: Koraidon|Outrage|p1a: The Arceus|[from]lockedmove\n|-damage|p1a: The Arceus|0 fnt\n|faint|p1a: The Arceus\n|\n|-weather|SunnyDay|[upkeep]\n|upkeep\n|\n|t:|1698880613\n|switch|p1a: The Skeledirge|Skeledirge, F|65\/100\n|turn|31\n|inactive|temp has 90 seconds left.\n|\n|t:|1698880630\n|move|p2a: Koraidon|Outrage|p1a: The Skeledirge|[from]lockedmove\n|-damage|p1a: The Skeledirge|11\/100\n|-start|p2a: Koraidon|confusion|[fatigue]\n|move|p1a: The Skeledirge|Torch Song|p2a: Koraidon\n|-resisted|p2a: Koraidon\n|-damage|p2a: Koraidon|0 fnt\n|-boost|p1a: The Skeledirge|spa|1\n|faint|p2a: Koraidon\n|\n|-weather|SunnyDay|[upkeep]\n|upkeep\n|\n|t:|1698880632\n|switch|p2a: Arceus|Arceus, tera:Fire|63\/100\n|turn|32\n|\n|t:|1698880637\n|switch|p1a: The Arceus|Arceus-Ground|94\/100\n|-damage|p1a: The Arceus|88\/100|[from] Stealth Rock\n|move|p2a: Arceus|Swords Dance|p2a: Arceus\n|-boost|p2a: Arceus|atk|2\n|\n|-weather|none\n|upkeep\n|turn|33\n|\n|t:|1698880640\n|move|p2a: Arceus|Extreme Speed|p1a: The Arceus\n|-damage|p1a: The Arceus|28\/100\n|move|p1a: The Arceus|Judgment|p2a: Arceus\n|-supereffective|p2a: Arceus\n|-damage|p2a: Arceus|0 fnt\n|faint|p2a: Arceus\n|\n|win|temp\n|c|\u2606tier acid|wp\n|c|\u2606tier acid|gg\n|c|\u2606temp|gg\n","uploadtime":1698880641,"views":97,"p1id":"temp","p2id":"tieracid","formatid":"gen9anythinggoes","rating":0,"private":0,"password":""}