{"id":"smogtours-gen9anythinggoes-725067","p1":"temp","p2":"Yellow Spring Road","format":"[Gen 9] Anything Goes","log":"|inactive|Battle timer is ON: inactive players will automatically lose when time's up.\n|t:|1697891887\n|gametype|singles\n|player|p1|temp|#rbtt6teamhoopaf|\n|player|p2|Yellow Spring Road|sisandbro|\n|teamsize|p1|6\n|teamsize|p2|6\n|gen|9\n|tier|[Gen 9] Anything Goes\n|rule|HP Percentage Mod: HP is shown in percentages\n|rule|Endless Battle Clause: Forcing endless battles is banned\n|clearpoke\n|poke|p1|Arceus-Ground|\n|poke|p1|Calyrex-Shadow|\n|poke|p1|Koraidon|\n|poke|p1|Arceus|\n|poke|p1|Ting-Lu|\n|poke|p1|Landorus-Therian, M|\n|poke|p2|Gliscor, F|\n|poke|p2|Ting-Lu|\n|poke|p2|Koraidon|\n|poke|p2|Arceus-Steel|\n|poke|p2|Kyogre|\n|poke|p2|Eternatus|\n|teampreview\n|c|\u2606Yellow Spring Road|hf\n|c|\u2606temp|u2\n|inactive|temp has 270 seconds left.\n|inactive|Yellow Spring Road has 270 seconds left.\n|c|+ojr|good luck Yellow Spring Road\n|inactive|temp has 240 seconds left.\n|c|+TNunes|Vamos Nunes\n|c|\u2606Yellow Spring Road|good luck to nunes\n|c|+ojr|true\n|c|+Aldrich|GO TEMP Go\n|inactive|temp has 210 seconds left.\n|\n|t:|1697891999\n|start\n|switch|p1a: The Ting-Lu|Ting-Lu|100\/100\n|switch|p2a: Kyogre|Kyogre|100\/100\n|-weather|RainDance|[from] ability: Drizzle|[of] p2a: Kyogre\n|-ability|p1a: The Ting-Lu|Vessel of Ruin\n|turn|1\n|inactive|temp has 240 seconds left.\n|\n|t:|1697892042\n|switch|p1a: The Koraidon|Koraidon|100\/100\n|-weather|SunnyDay|[from] ability: Orichalcum Pulse|[of] p1a: The Koraidon\n|-activate|p1a: The Koraidon|Orichalcum Pulse|[source]\n|move|p2a: Kyogre|Origin Pulse|p1a: The Koraidon\n|-resisted|p1a: The Koraidon\n|-damage|p1a: The Koraidon|83\/100\n|\n|-weather|SunnyDay|[upkeep]\n|upkeep\n|turn|2\n|inactive|temp has 210 seconds left.\n|\n|t:|1697892065\n|move|p1a: The Koraidon|U-turn|p2a: Kyogre\n|-damage|p2a: Kyogre|66\/100\n|inactive|temp has 210 seconds left.\n|\n|t:|1697892084\n|switch|p1a: The Ting-Lu|Ting-Lu|100\/100|[from] U-turn\n|-ability|p1a: The Ting-Lu|Vessel of Ruin\n|move|p2a: Kyogre|Ice Beam|p1a: The Ting-Lu\n|-supereffective|p1a: The Ting-Lu\n|-damage|p1a: The Ting-Lu|68\/100\n|\n|-weather|SunnyDay|[upkeep]\n|-heal|p1a: The Ting-Lu|74\/100|[from] item: Leftovers\n|upkeep\n|turn|3\n|inactive|temp has 180 seconds left.\n|inactive|temp has 150 seconds left.\n|\n|t:|1697892153\n|move|p2a: Kyogre|Ice Beam|p1a: The Ting-Lu\n|-supereffective|p1a: The Ting-Lu\n|-damage|p1a: The Ting-Lu|37\/100\n|move|p1a: The Ting-Lu|Spikes|p2a: Kyogre\n|-sidestart|p2: Yellow Spring Road|Spikes\n|\n|-weather|SunnyDay|[upkeep]\n|-heal|p1a: The Ting-Lu|43\/100|[from] item: Leftovers\n|upkeep\n|turn|4\n|inactive|temp has 150 seconds left.\n|\n|t:|1697892173\n|move|p2a: Kyogre|Ice Beam|p1a: The Ting-Lu\n|-supereffective|p1a: The Ting-Lu\n|-damage|p1a: The Ting-Lu|11\/100\n|move|p1a: The Ting-Lu|Whirlwind|p2a: Kyogre\n|drag|p2a: Gliscor|Gliscor, F|100\/100\n|\n|-weather|SunnyDay|[upkeep]\n|-heal|p1a: The Ting-Lu|17\/100|[from] item: Leftovers\n|-status|p2a: Gliscor|tox|[from] item: Toxic Orb\n|upkeep\n|turn|5\n|inactive|temp has 120 seconds left.\n|\n|t:|1697892211\n|switch|p1a: The Landorus|Landorus-Therian, M|100\/100\n|-ability|p1a: The Landorus|Intimidate|boost\n|-unboost|p2a: Gliscor|atk|1\n|move|p2a: Gliscor|Earthquake|p1a: The Landorus\n|-immune|p1a: The Landorus\n|\n|-weather|none\n|upkeep\n|turn|6\n|\n|t:|1697892223\n|switch|p2a: Eternatus|Eternatus|100\/100\n|-ability|p2a: Eternatus|Pressure\n|move|p1a: The Landorus|Stealth Rock|p2a: Eternatus\n|-sidestart|p2: Yellow Spring Road|move: Stealth Rock\n|\n|upkeep\n|turn|7\n|\n|t:|1697892243\n|switch|p1a: The Ting-Lu|Ting-Lu|17\/100\n|-ability|p1a: The Ting-Lu|Vessel of Ruin\n|move|p2a: Eternatus|Toxic Spikes|p1a: The Ting-Lu\n|-sidestart|p1: temp|move: Toxic Spikes\n|\n|-heal|p1a: The Ting-Lu|23\/100|[from] item: Leftovers\n|upkeep\n|turn|8\n|c|+ojr|up\n|\n|t:|1697892256\n|move|p1a: The Ting-Lu|Ruination|p2a: Eternatus\n|-damage|p2a: Eternatus|51\/100\n|move|p2a: Eternatus|Dragon Tail|p1a: The Ting-Lu\n|-damage|p1a: The Ting-Lu|13\/100\n|drag|p1a: The Arceus|Arceus-Ground|100\/100\n|-status|p1a: The Arceus|psn\n|\n|-damage|p1a: The Arceus|88\/100 psn|[from] psn\n|upkeep\n|turn|9\n|\n|t:|1697892271\n|move|p2a: Eternatus|Recover|p2a: Eternatus\n|-heal|p2a: Eternatus|100\/100\n|move|p1a: The Arceus|Earthquake|p2a: Eternatus\n|-supereffective|p2a: Eternatus\n|-damage|p2a: Eternatus|0 fnt\n|faint|p2a: Eternatus\n|\n|-damage|p1a: The Arceus|76\/100 psn|[from] psn\n|upkeep\n|\n|t:|1697892279\n|switch|p2a: Ting-Lu|Ting-Lu|100\/100\n|-damage|p2a: Ting-Lu|88\/100|[from] Spikes\n|-damage|p2a: Ting-Lu|82\/100|[from] Stealth Rock\n|-ability|p2a: Ting-Lu|Vessel of Ruin\n|turn|10\n|\n|t:|1697892303\n|switch|p1a: The Ting-Lu|Ting-Lu|13\/100\n|-status|p1a: The Ting-Lu|psn\n|-ability|p1a: The Ting-Lu|Vessel of Ruin\n|move|p2a: Ting-Lu|Spikes|p1a: The Ting-Lu\n|-sidestart|p1: temp|Spikes\n|\n|-heal|p1a: The Ting-Lu|19\/100 psn|[from] item: Leftovers\n|-heal|p2a: Ting-Lu|88\/100|[from] item: Leftovers\n|-damage|p1a: The Ting-Lu|7\/100 psn|[from] psn\n|upkeep\n|turn|11\n|\n|t:|1697892308\n|move|p1a: The Ting-Lu|Ruination|p2a: Ting-Lu\n|-damage|p2a: Ting-Lu|44\/100\n|move|p2a: Ting-Lu|Earthquake|p1a: The Ting-Lu\n|-damage|p1a: The Ting-Lu|0 fnt\n|faint|p1a: The Ting-Lu\n|\n|-heal|p2a: Ting-Lu|50\/100|[from] item: Leftovers\n|upkeep\n|inactive|temp has 90 seconds left.\n|\n|t:|1697892332\n|switch|p1a: The Calyrex|Calyrex-Shadow|100\/100\n|-ability|p1a: The Calyrex|As One\n|-ability|p1a: The Calyrex|Unnerve\n|turn|12\n|inactive|temp has 90 seconds left.\n|inactive|temp has 60 seconds left.\n|inactive|temp has 30 seconds left.\n|inactive|Yellow Spring Road has 270 seconds left.\n|inactive|temp has 20 seconds left.\n|\n|t:|1697892421\n|move|p1a: The Calyrex|Grass Knot|p2a: Ting-Lu\n|-supereffective|p2a: Ting-Lu\n|-damage|p2a: Ting-Lu|8\/100\n|move|p2a: Ting-Lu|Ruination|p1a: The Calyrex\n|-damage|p1a: The Calyrex|51\/100\n|\n|-heal|p2a: Ting-Lu|14\/100|[from] item: Leftovers\n|upkeep\n|turn|13\n|inactive|temp has 30 seconds left this turn.\n|inactive|temp has 20 seconds left.\n|inactive|temp has 15 seconds left.\n|\n|t:|1697892438\n|move|p1a: The Calyrex|Astral Barrage|p2a: Ting-Lu\n|-resisted|p2a: Ting-Lu\n|-damage|p2a: Ting-Lu|0 fnt\n|faint|p2a: Ting-Lu\n|-ability|p1a: The Calyrex|Grim Neigh|boost\n|-boost|p1a: The Calyrex|spa|1\n|\n|upkeep\n|inactive|temp has 20 seconds left this turn.\n|\n|t:|1697892441\n|switch|p2a: Koraidon|Koraidon|100\/100\n|-damage|p2a: Koraidon|88\/100|[from] Spikes\n|-damage|p2a: Koraidon|82\/100|[from] Stealth Rock\n|-weather|SunnyDay|[from] ability: Orichalcum Pulse|[of] p2a: Koraidon\n|-activate|p2a: Koraidon|Orichalcum Pulse|[source]\n|turn|14\n|inactive|temp has 30 seconds left this turn.\n|\n|t:|1697892449\n|switch|p2a: Gliscor|Gliscor, F|100\/100 tox\n|-damage|p2a: Gliscor|88\/100 tox|[from] Stealth Rock\n|switch|p1a: The Landorus|Landorus-Therian, M|100\/100\n|-ability|p1a: The Landorus|Intimidate|boost\n|-unboost|p2a: Gliscor|atk|1\n|\n|-weather|SunnyDay|[upkeep]\n|-heal|p2a: Gliscor|100\/100 tox|[from] ability: Poison Heal\n|upkeep\n|turn|15\n|inactive|temp has 30 seconds left.\n|\n|t:|1697892455\n|move|p2a: Gliscor|Substitute|p2a: Gliscor\n|-start|p2a: Gliscor|Substitute\n|-damage|p2a: Gliscor|76\/100 tox\n|move|p1a: The Landorus|Taunt|p2a: Gliscor\n|-start|p2a: Gliscor|move: Taunt\n|\n|-weather|SunnyDay|[upkeep]\n|-heal|p2a: Gliscor|88\/100 tox|[from] ability: Poison Heal\n|upkeep\n|turn|16\n|\n|t:|1697892462\n|move|p2a: Gliscor|Earthquake|p1a: The Landorus\n|-immune|p1a: The Landorus\n|move|p1a: The Landorus|U-turn|p2a: Gliscor\n|-resisted|p2a: Gliscor\n|-activate|p2a: Gliscor|move: Substitute|[damage]\n|inactive|temp has 30 seconds left.\n|inactive|temp has 20 seconds left.\n|\n|t:|1697892484\n|switch|p1a: The Calyrex|Calyrex-Shadow|51\/100|[from] U-turn\n|-ability|p1a: The Calyrex|As One\n|-ability|p1a: The Calyrex|Unnerve\n|\n|-weather|SunnyDay|[upkeep]\n|-heal|p2a: Gliscor|100\/100 tox|[from] ability: Poison Heal\n|upkeep\n|turn|17\n|inactive|temp has 30 seconds left this turn.\n|\n|t:|1697892487\n|move|p1a: The Calyrex|Astral Barrage|p2a: Gliscor\n|-end|p2a: Gliscor|Substitute\n|move|p2a: Gliscor|Earthquake|p1a: The Calyrex\n|-damage|p1a: The Calyrex|26\/100\n|\n|-weather|SunnyDay|[upkeep]\n|upkeep\n|turn|18\n|inactive|temp has 30 seconds left.\n|inactive|Yellow Spring Road has 270 seconds left.\n|\n|t:|1697892529\n|switch|p2a: Kyogre|Kyogre|66\/100\n|-weather|RainDance|[from] ability: Drizzle|[of] p2a: Kyogre\n|move|p1a: The Calyrex|Astral Barrage|p2a: Kyogre\n|-damage|p2a: Kyogre|14\/100\n|\n|-weather|RainDance|[upkeep]\n|upkeep\n|turn|19\n|\n|t:|1697892532\n|move|p1a: The Calyrex|Astral Barrage|p2a: Kyogre\n|-damage|p2a: Kyogre|0 fnt\n|faint|p2a: Kyogre\n|-ability|p1a: The Calyrex|Grim Neigh|boost\n|-boost|p1a: The Calyrex|spa|1\n|\n|-weather|RainDance|[upkeep]\n|upkeep\n|\n|t:|1697892534\n|switch|p2a: Koraidon|Koraidon|82\/100\n|-damage|p2a: Koraidon|70\/100|[from] Spikes\n|-damage|p2a: Koraidon|64\/100|[from] Stealth Rock\n|-weather|SunnyDay|[from] ability: Orichalcum Pulse|[of] p2a: Koraidon\n|-activate|p2a: Koraidon|Orichalcum Pulse|[source]\n|turn|20\n|\n|t:|1697892539\n|switch|p1a: The Landorus|Landorus-Therian, M|100\/100\n|-ability|p1a: The Landorus|Intimidate|boost\n|-unboost|p2a: Koraidon|atk|1\n|move|p2a: Koraidon|U-turn|p1a: The Landorus\n|-resisted|p1a: The Landorus\n|-damage|p1a: The Landorus|93\/100\n|-damage|p2a: Koraidon|47\/100|[from] item: Rocky Helmet|[of] p1a: The Landorus\n|\n|t:|1697892557\n|switch|p2a: Arceus|Arceus-Steel|100\/100|[from] U-turn\n|-damage|p2a: Arceus|88\/100|[from] Spikes\n|-damage|p2a: Arceus|82\/100|[from] Stealth Rock\n|\n|-weather|SunnyDay|[upkeep]\n|upkeep\n|turn|21\n|inactive|temp has 60 seconds left.\n|\n|t:|1697892564\n|move|p2a: Arceus|Will-O-Wisp|p1a: The Landorus|[miss]\n|-miss|p2a: Arceus|p1a: The Landorus\n|move|p1a: The Landorus|U-turn|p2a: Arceus\n|-resisted|p2a: Arceus\n|-damage|p2a: Arceus|74\/100\n|\n|t:|1697892568\n|switch|p1a: The Koraidon|Koraidon|83\/100|[from] U-turn\n|-status|p1a: The Koraidon|psn\n|-damage|p1a: The Koraidon|71\/100 psn|[from] Spikes\n|-activate|p1a: The Koraidon|ability: Orichalcum Pulse\n|\n|-weather|SunnyDay|[upkeep]\n|-damage|p1a: The Koraidon|59\/100 psn|[from] psn\n|upkeep\n|turn|22\n|\n|t:|1697892573\n|-terastallize|p2a: Arceus|Fire\n|move|p1a: The Koraidon|Flare Blitz|p2a: Arceus\n|-resisted|p2a: Arceus\n|-damage|p2a: Arceus|42\/100\n|-damage|p1a: The Koraidon|44\/100 psn|[from] Recoil\n|move|p2a: Arceus|Recover|p2a: Arceus\n|-heal|p2a: Arceus|92\/100\n|\n|-weather|SunnyDay|[upkeep]\n|-damage|p1a: The Koraidon|32\/100 psn|[from] psn\n|upkeep\n|turn|23\n|inactive|temp has 60 seconds left.\n|inactive|temp has 30 seconds left.\n|inactive|temp has 20 seconds left.\n|inactive|temp has 15 seconds left.\n|\n|t:|1697892643\n|switch|p1a: The Arceus|Arceus|100\/100\n|move|p2a: Arceus|Swords Dance|p2a: Arceus\n|-boost|p2a: Arceus|atk|2\n|\n|-weather|SunnyDay|[upkeep]\n|upkeep\n|turn|24\n|inactive|temp has 25 seconds left this turn.\n|inactive|temp has 20 seconds left.\n|\n|t:|1697892650\n|move|p2a: Arceus|Will-O-Wisp|p1a: The Arceus\n|-status|p1a: The Arceus|brn\n|move|p1a: The Arceus|Earthquake|p2a: Arceus\n|-supereffective|p2a: Arceus\n|-damage|p2a: Arceus|68\/100\n|\n|-weather|none\n|-damage|p1a: The Arceus|94\/100 brn|[from] brn\n|upkeep\n|turn|25\n|inactive|temp has 30 seconds left this turn.\n|\n|t:|1697892656\n|switch|p1a: The Landorus|Landorus-Therian, M|93\/100\n|-ability|p1a: The Landorus|Intimidate|boost\n|-unboost|p2a: Arceus|atk|1\n|move|p2a: Arceus|Iron Head|p1a: The Landorus\n|-damage|p1a: The Landorus|54\/100\n|-damage|p2a: Arceus|52\/100|[from] item: Rocky Helmet|[of] p1a: The Landorus\n|\n|upkeep\n|turn|26\n|inactive|temp has 30 seconds left.\n|inactive|temp has 20 seconds left.\n|\n|t:|1697892672\n|move|p2a: Arceus|Recover|p2a: Arceus\n|-heal|p2a: Arceus|100\/100\n|move|p1a: The Landorus|U-turn|p2a: Arceus\n|-resisted|p2a: Arceus\n|-damage|p2a: Arceus|93\/100\n|inactive|temp has 25 seconds left this turn.\n|\n|t:|1697892674\n|switch|p1a: The Calyrex|Calyrex-Shadow|26\/100|[from] U-turn\n|-ability|p1a: The Calyrex|As One\n|-ability|p1a: The Calyrex|Unnerve\n|\n|upkeep\n|turn|27\n|\n|t:|1697892676\n|move|p1a: The Calyrex|Encore|p2a: Arceus\n|-start|p2a: Arceus|Encore\n|move|p2a: Arceus|Recover|p2a: Arceus\n|-heal|p2a: Arceus|100\/100\n|\n|upkeep\n|turn|28\n|\n|t:|1697892680\n|move|p1a: The Calyrex|Astral Barrage|p2a: Arceus\n|-damage|p2a: Arceus|55\/100\n|move|p2a: Arceus|Recover|p2a: Arceus\n|-heal|p2a: Arceus|100\/100\n|\n|upkeep\n|turn|29\n|\n|t:|1697892683\n|switch|p2a: Koraidon|Koraidon|47\/100\n|-damage|p2a: Koraidon|35\/100|[from] Spikes\n|-damage|p2a: Koraidon|29\/100|[from] Stealth Rock\n|-weather|SunnyDay|[from] ability: Orichalcum Pulse|[of] p2a: Koraidon\n|-activate|p2a: Koraidon|Orichalcum Pulse|[source]\n|move|p1a: The Calyrex|Nasty Plot|p1a: The Calyrex\n|-boost|p1a: The Calyrex|spa|2\n|\n|-weather|SunnyDay|[upkeep]\n|upkeep\n|turn|30\n|inactive|temp has 60 seconds left.\n|c|+seroo|whats this for ?\n|\n|t:|1697892694\n|switch|p2a: Gliscor|Gliscor, F|100\/100 tox\n|-damage|p2a: Gliscor|88\/100 tox|[from] Stealth Rock\n|switch|p1a: The Landorus|Landorus-Therian, M|54\/100\n|-ability|p1a: The Landorus|Intimidate|boost\n|-unboost|p2a: Gliscor|atk|1\n|\n|-weather|SunnyDay|[upkeep]\n|-heal|p2a: Gliscor|100\/100 tox|[from] ability: Poison Heal\n|upkeep\n|turn|31\n|\n|t:|1697892697\n|move|p2a: Gliscor|Toxic|p1a: The Landorus\n|-status|p1a: The Landorus|tox\n|move|p1a: The Landorus|Taunt|p2a: Gliscor\n|-start|p2a: Gliscor|move: Taunt\n|\n|-weather|SunnyDay|[upkeep]\n|-damage|p1a: The Landorus|48\/100 tox|[from] psn\n|upkeep\n|turn|32\n|\n|t:|1697892704\n|move|p2a: Gliscor|Earthquake|p1a: The Landorus\n|-immune|p1a: The Landorus\n|move|p1a: The Landorus|U-turn|p2a: Gliscor\n|-resisted|p2a: Gliscor\n|-damage|p2a: Gliscor|93\/100 tox\n|\n|t:|1697892708\n|switch|p1a: The Calyrex|Calyrex-Shadow|26\/100|[from] U-turn\n|-ability|p1a: The Calyrex|As One\n|-ability|p1a: The Calyrex|Unnerve\n|\n|-weather|SunnyDay|[upkeep]\n|-heal|p2a: Gliscor|100\/100 tox|[from] ability: Poison Heal\n|upkeep\n|turn|33\n|inactive|temp has 60 seconds left.\n|inactive|Yellow Spring Road has 270 seconds left.\n|\n|t:|1697892766\n|-terastallize|p1a: The Calyrex|Grass\n|move|p1a: The Calyrex|Astral Barrage|p2a: Gliscor\n|-damage|p2a: Gliscor|3\/100 tox\n|move|p2a: Gliscor|Earthquake|p1a: The Calyrex\n|-resisted|p1a: The Calyrex\n|-damage|p1a: The Calyrex|14\/100\n|\n|-weather|none\n|-heal|p2a: Gliscor|16\/100 tox|[from] ability: Poison Heal\n|upkeep\n|turn|34\n|inactive|temp has 30 seconds left.\n|\n|t:|1697892793\n|move|p1a: The Calyrex|Grass Knot|p2a: Gliscor\n|-damage|p2a: Gliscor|0 fnt\n|faint|p2a: Gliscor\n|-ability|p1a: The Calyrex|Grim Neigh|boost\n|-boost|p1a: The Calyrex|spa|1\n|\n|upkeep\n|inactive|temp has 30 seconds left this turn.\n|\n|t:|1697892796\n|switch|p2a: Koraidon|Koraidon|29\/100\n|-damage|p2a: Koraidon|16\/100|[from] Spikes\n|-damage|p2a: Koraidon|10\/100|[from] Stealth Rock\n|-weather|SunnyDay|[from] ability: Orichalcum Pulse|[of] p2a: Koraidon\n|-activate|p2a: Koraidon|Orichalcum Pulse|[source]\n|turn|35\n|inactive|temp has 30 seconds left.\n|\n|t:|1697892810\n|switch|p1a: The Landorus|Landorus-Therian, M|48\/100 tox\n|-ability|p1a: The Landorus|Intimidate|boost\n|-unboost|p2a: Koraidon|atk|1\n|move|p2a: Koraidon|Flare Blitz|p1a: The Landorus\n|-damage|p1a: The Landorus|4\/100 tox\n|-damage|p2a: Koraidon|0 fnt|[from] item: Rocky Helmet|[of] p1a: The Landorus\n|faint|p2a: Koraidon\n|\n|-weather|SunnyDay|[upkeep]\n|-damage|p1a: The Landorus|0 fnt|[from] psn\n|faint|p1a: The Landorus\n|upkeep\n|\n|t:|1697892818\n|switch|p2a: Arceus|Arceus-Steel, tera:Fire|100\/100\n|switch|p1a: The Arceus|Arceus-Ground|76\/100 psn\n|-damage|p2a: Arceus|88\/100|[from] Spikes\n|-damage|p2a: Arceus|63\/100|[from] Stealth Rock\n|-damage|p1a: The Arceus|63\/100 psn|[from] Spikes\n|turn|36\n|\n|t:|1697892820\n|move|p2a: Arceus|Iron Head|p1a: The Arceus\n|-damage|p1a: The Arceus|31\/100 psn\n|move|p1a: The Arceus|Earthquake|p2a: Arceus\n|-supereffective|p2a: Arceus\n|-damage|p2a: Arceus|0 fnt\n|faint|p2a: Arceus\n|\n|win|temp\n|c|\u2606temp|gg\n","uploadtime":1697892821,"views":106,"p1id":"temp","p2id":"yellowspringroad","formatid":"gen9anythinggoes","rating":0,"private":0,"password":""}