{"id":"smogtours-gen9anythinggoes-725610","p1":"default0","p2":"entrocefalo","format":"[Gen 9] Anything Goes","log":"|inactive|Battle timer is ON: inactive players will automatically lose when time's up.\n|t:|1697995275\n|gametype|singles\n|player|p1|default0|skierf-gen4dp|\n|player|p2|entrocefalo|#scl3machines2|\n|teamsize|p1|6\n|teamsize|p2|6\n|gen|9\n|tier|[Gen 9] Anything Goes\n|rule|HP Percentage Mod: HP is shown in percentages\n|rule|Endless Battle Clause: Forcing endless battles is banned\n|clearpoke\n|poke|p1|Calyrex-Shadow|\n|poke|p1|Skeledirge, M|\n|poke|p1|Wo-Chien|\n|poke|p1|Ting-Lu|\n|poke|p1|Zacian-*|\n|poke|p1|Kyogre|\n|poke|p2|Kyogre|\n|poke|p2|Landorus-Therian, M|\n|poke|p2|Koraidon|\n|poke|p2|Kyogre|\n|poke|p2|Ting-Lu|\n|poke|p2|Calyrex-Shadow|\n|teampreview\n|c|\u2606entrocefalo|hf\n|c|+Future king of ou|Gl fali\n|c|\u2606default0|hf\n|c|+Future king of ou|Falo\n|c|+Farce Of The Death|I'm Atomic.\n|c|+skoma|no arceus rule\n|c|+Farce Of The Death|GL 2 Both\n|inactive|default0 has 270 seconds left.\n|inactive|entrocefalo has 270 seconds left.\n|c|+Farce Of The Death|Skoma who let you out.\n|c|+skoma|.\n|c|+Future king of ou|Farce of the death may be atomic but I'm king \n|inactive|entrocefalo has 240 seconds left.\n|c|+skoma|im here to be the best again, ill learn from entro\n|c|\u2606default0|primalkyogre probably loves what he sees\n|inactive|entrocefalo has 210 seconds left.\n|c|+TierAcid|yall been playing for 3 hrs\n|c|+TierAcid|whats score\n|c|+Farce Of The Death|1-0\n|c|+Farce Of The Death|Set reset\n|c|+Future king of ou|Thee hours is crazy \n|c|+Farce Of The Death|Entro 1\n|c|+Farce Of The Death|Skoma -99\n|inactive|entrocefalo has 180 seconds left.\n|c|\u2606entrocefalo|its 1:30hour\n|inactive|entrocefalo has 150 seconds left.\n|c|+RichardMillePlain|forza entro u.u\n|inactive|entrocefalo has 120 seconds left.\n|\n|t:|1697995468\n|start\n|switch|p1a: Kyogre|Kyogre|100\/100\n|switch|p2a: Kyogre|Kyogre|100\/100\n|-weather|RainDance|[from] ability: Drizzle|[of] p2a: Kyogre\n|turn|1\n|\n|t:|1697995483\n|switch|p1a: Wo-Chien|Wo-Chien|100\/100\n|-ability|p1a: Wo-Chien|Tablets of Ruin\n|move|p2a: Kyogre|Thunder|p1a: Wo-Chien\n|-resisted|p1a: Wo-Chien\n|-damage|p1a: Wo-Chien|79\/100\n|-status|p1a: Wo-Chien|par\n|\n|-weather|RainDance|[upkeep]\n|upkeep\n|turn|2\n|c|+Farce Of The Death|We need groudon.\n|\n|t:|1697995498\n|switch|p2a: Koraidon|Koraidon|100\/100\n|-weather|SunnyDay|[from] ability: Orichalcum Pulse|[of] p2a: Koraidon\n|-activate|p2a: Koraidon|Orichalcum Pulse|[source]\n|cant|p1a: Wo-Chien|par\n|\n|-weather|SunnyDay|[upkeep]\n|upkeep\n|turn|3\n|c|+Farce Of The Death|Weather balance.\n|\n|t:|1697995509\n|switch|p1a: Kyogre|Kyogre|100\/100\n|-weather|RainDance|[from] ability: Drizzle|[of] p1a: Kyogre\n|move|p2a: Koraidon|U-turn|p1a: Kyogre\n|-damage|p1a: Kyogre|82\/100\n|\n|t:|1697995523\n|switch|p2a: Kyogre|Kyogre|100\/100|[from] U-turn\n|\n|-weather|RainDance|[upkeep]\n|upkeep\n|turn|4\n|c|+TierAcid|who was in losers\n|c|\u2606entrocefalo|default\n|c|\u2606default0|me\n|c|+Future king of ou|Deafult0\n|c|+TierAcid|did u win\n|inactive|default0 has 270 seconds left.\n|inactive|entrocefalo has 150 seconds left.\n|c|\u2606entrocefalo|he did\n|c|+TierAcid|nice\n|c|\u2606entrocefalo|:c\n|\n|t:|1697995565\n|switch|p1a: Wo-Chien|Wo-Chien|79\/100 par\n|-ability|p1a: Wo-Chien|Tablets of Ruin\n|move|p2a: Kyogre|Water Spout|p1a: Wo-Chien\n|-resisted|p1a: Wo-Chien\n|-damage|p1a: Wo-Chien|16\/100 par\n|\n|-weather|RainDance|[upkeep]\n|upkeep\n|turn|5\n|c|+TierAcid|more interesting \n|c|+Future king of ou|Wo chien is based \n|inactive|default0 has 270 seconds left.\n|c|\u2606entrocefalo|chip\n|c|+TierAcid|entrogoatcefalo is a scary opponent\n|c|+TierAcid|i can respect him winning\n|\n|t:|1697995586\n|move|p1a: Wo-Chien|Protect|p1a: Wo-Chien\n|-singleturn|p1a: Wo-Chien|Protect\n|move|p2a: Kyogre|Water Spout|p1a: Wo-Chien\n|-activate|p1a: Wo-Chien|move: Protect\n|\n|-weather|RainDance|[upkeep]\n|upkeep\n|turn|6\n|\n|t:|1697995591\n|move|p2a: Kyogre|Water Spout|p1a: Wo-Chien\n|-resisted|p1a: Wo-Chien\n|-damage|p1a: Wo-Chien|0 fnt\n|faint|p1a: Wo-Chien\n|\n|-weather|RainDance|[upkeep]\n|upkeep\n|\n|t:|1697995597\n|switch|p1a: Terarist|Calyrex-Shadow|100\/100\n|-ability|p1a: Terarist|As One\n|-ability|p1a: Terarist|Unnerve\n|turn|7\n|c|+TierAcid|plus i need the vibes to be off\n|c|+TierAcid|for u vs exiline\n|c|+TierAcid|heh\n|c|+Future king of ou|Falo teach me gen 9 ag when \n|inactive|entrocefalo has 120 seconds left.\n|\n|t:|1697995637\n|move|p1a: Terarist|Grass Knot|p2a: Kyogre\n|-supereffective|p2a: Kyogre\n|-damage|p2a: Kyogre|35\/100\n|move|p2a: Kyogre|Water Spout|p1a: Terarist\n|-damage|p1a: Terarist|26\/100\n|\n|-weather|none\n|upkeep\n|turn|8\n|inactive|entrocefalo has 120 seconds left.\n|c|+Future king of ou|Oh I just realized isn't that the team you used in test against me \n|inactive|default0 has 270 seconds left.\n|\n|t:|1697995657\n|switch|p1a: Kyogre|Kyogre|82\/100\n|-weather|RainDance|[from] ability: Drizzle|[of] p1a: Kyogre\n|switch|p2a: Koraidon|Koraidon|100\/100\n|-weather|SunnyDay|[from] ability: Orichalcum Pulse|[of] p2a: Koraidon\n|-activate|p2a: Koraidon|Orichalcum Pulse|[source]\n|\n|-weather|SunnyDay|[upkeep]\n|upkeep\n|turn|9\n|c|+TierAcid|wait dual ogre\n|c|+TierAcid|ur cooking\n|c|+TierAcid|wtf\n|inactive|entrocefalo has 90 seconds left.\n|\n|t:|1697995695\n|move|p2a: Koraidon|U-turn|p1a: Kyogre\n|-damage|p1a: Kyogre|59\/100\n|c|+RichardMillePlain|where is triple flutter :yawn:\n|c|+TierAcid|..\n|c|+TierAcid|triple WHAT\n|c|+Farce Of The Death|Vroom Vroom\n|c|+TierAcid|nice win this morning richardmilleplain\n|inactive|entrocefalo has 60 seconds left.\n|c|+Future king of ou|Flutter mane acid \n|c|+Future king of ou|Triple flutter \n|\n|t:|1697995731\n|switch|p2a: Calyrex|Calyrex-Shadow|100\/100|[from] U-turn\n|-ability|p2a: Calyrex|As One\n|-ability|p2a: Calyrex|Unnerve\n|move|p1a: Kyogre|Thunder Wave|p2a: Calyrex|[miss]\n|-miss|p1a: Kyogre|p2a: Calyrex\n|\n|-weather|SunnyDay|[upkeep]\n|upkeep\n|turn|10\n|inactive|entrocefalo has 60 seconds left.\n|c|\u2606entrocefalo|sry\n|c|+RichardMillePlain|thank you\n|c|+RichardMillePlain|u2\n|\n|t:|1697995746\n|switch|p1a: Ting-Lu|Ting-Lu|100\/100\n|-ability|p1a: Ting-Lu|Vessel of Ruin\n|move|p2a: Calyrex|Grass Knot|p1a: Ting-Lu\n|-supereffective|p1a: Ting-Lu\n|-damage|p1a: Ting-Lu|54\/100\n|\n|-weather|SunnyDay|[upkeep]\n|-heal|p1a: Ting-Lu|60\/100|[from] item: Leftovers\n|upkeep\n|turn|11\n|c|+TierAcid|did i win smth..\n|c|+TierAcid|LOL\n|inactive|entrocefalo has 60 seconds left.\n|c|+RichardMillePlain|i assume a man like you wins every morning\n|c|+TierAcid|LMFAO <3\n|\n|t:|1697995786\n|switch|p2a: Kyogre|Kyogre|35\/100\n|-weather|RainDance|[from] ability: Drizzle|[of] p2a: Kyogre\n|move|p1a: Ting-Lu|Spikes|p2a: Kyogre\n|-sidestart|p2: entrocefalo|Spikes\n|\n|-weather|RainDance|[upkeep]\n|-heal|p1a: Ting-Lu|67\/100|[from] item: Leftovers\n|upkeep\n|turn|12\n|inactive|default0 has 270 seconds left.\n|\n|t:|1697995804\n|switch|p1a: Kyogre|Kyogre|59\/100\n|move|p2a: Kyogre|Origin Pulse|p1a: Kyogre|[miss]\n|-miss|p2a: Kyogre|p1a: Kyogre\n|\n|-weather|RainDance|[upkeep]\n|upkeep\n|turn|13\n|inactive|default0 has 270 seconds left.\n|\n|t:|1697995825\n|move|p2a: Kyogre|Origin Pulse|p1a: Kyogre|[miss]\n|-miss|p2a: Kyogre|p1a: Kyogre\n|move|p1a: Kyogre|Thunder Wave|p2a: Kyogre\n|-status|p2a: Kyogre|par\n|\n|-weather|RainDance|[upkeep]\n|upkeep\n|turn|14\n|\n|t:|1697995840\n|move|p1a: Kyogre|Origin Pulse|p2a: Kyogre\n|-resisted|p2a: Kyogre\n|-damage|p2a: Kyogre|10\/100 par\n|move|p2a: Kyogre|Origin Pulse|p1a: Kyogre\n|-resisted|p1a: Kyogre\n|-damage|p1a: Kyogre|7\/100\n|\n|-weather|RainDance|[upkeep]\n|upkeep\n|turn|15\n|inactive|entrocefalo has 60 seconds left.\n|\n|t:|1697995849\n|move|p1a: Kyogre|Origin Pulse|p2a: Kyogre\n|-resisted|p2a: Kyogre\n|-damage|p2a: Kyogre|0 fnt\n|faint|p2a: Kyogre\n|\n|-weather|none\n|upkeep\n|\n|t:|1697995852\n|switch|p2a: Calyrex|Calyrex-Shadow|100\/100\n|-ability|p2a: Calyrex|As One\n|-ability|p2a: Calyrex|Unnerve\n|turn|16\n|inactive|default0 has 270 seconds left.\n|\n|t:|1697995881\n|switch|p1a: Ting-Lu|Ting-Lu|67\/100\n|-ability|p1a: Ting-Lu|Vessel of Ruin\n|move|p2a: Calyrex|Grass Knot|p1a: Ting-Lu\n|-supereffective|p1a: Ting-Lu\n|-damage|p1a: Ting-Lu|23\/100\n|\n|-heal|p1a: Ting-Lu|29\/100|[from] item: Leftovers\n|upkeep\n|turn|17\n|inactive|entrocefalo has 60 seconds left.\n|inactive|default0 has 240 seconds left.\n|\n|t:|1697995930\n|switch|p1a: Kyogre|Kyogre|7\/100\n|-weather|RainDance|[from] ability: Drizzle|[of] p1a: Kyogre\n|move|p2a: Calyrex|Grass Knot|p1a: Kyogre\n|-supereffective|p1a: Kyogre\n|-damage|p1a: Kyogre|0 fnt\n|faint|p1a: Kyogre\n|-ability|p2a: Calyrex|Grim Neigh|boost\n|-boost|p2a: Calyrex|spa|1\n|\n|-weather|RainDance|[upkeep]\n|upkeep\n|\n|t:|1697995933\n|switch|p1a: Zacian|Zacian-Crowned|100\/100\n|-ability|p1a: Zacian|Intrepid Sword|boost\n|-boost|p1a: Zacian|atk|1\n|turn|18\n|\n|t:|1697995943\n|switch|p2a: Landorus|Landorus-Therian, M|100\/100\n|-ability|p2a: Landorus|Intimidate|boost\n|-unboost|p1a: Zacian|atk|1\n|move|p1a: Zacian|Behemoth Blade|p2a: Landorus\n|-damage|p2a: Landorus|62\/100\n|-damage|p1a: Zacian|84\/100|[from] item: Rocky Helmet|[of] p2a: Landorus\n|\n|-weather|RainDance|[upkeep]\n|upkeep\n|turn|19\n|inactive|entrocefalo has 60 seconds left.\n|\n|t:|1697995952\n|-terastallize|p1a: Zacian|Flying\n|move|p1a: Zacian|Substitute|p1a: Zacian\n|-start|p1a: Zacian|Substitute\n|-damage|p1a: Zacian|59\/100\n|move|p2a: Landorus|U-turn|p1a: Zacian\n|-resisted|p1a: Zacian\n|-activate|p1a: Zacian|move: Substitute|[damage]\n|inactive|entrocefalo has 60 seconds left.\n|\n|t:|1697995962\n|switch|p2a: Calyrex|Calyrex-Shadow|100\/100|[from] U-turn\n|-ability|p2a: Calyrex|As One\n|-ability|p2a: Calyrex|Unnerve\n|\n|-weather|RainDance|[upkeep]\n|upkeep\n|turn|20\n|\n|t:|1697995971\n|switch|p1a: Terarist|Calyrex-Shadow|26\/100\n|-ability|p1a: Terarist|As One\n|-ability|p1a: Terarist|Unnerve\n|move|p2a: Calyrex|Encore||[still]\n|-fail|p2a: Calyrex\n|\n|-weather|RainDance|[upkeep]\n|upkeep\n|turn|21\n|inactive|default0 has 240 seconds left.\n|\n|t:|1697995989\n|-terastallize|p2a: Calyrex|Normal\n|move|p1a: Terarist|Astral Barrage|p2a: Calyrex\n|-immune|p2a: Calyrex\n|move|p2a: Calyrex|Astral Barrage|p1a: Terarist\n|-supereffective|p1a: Terarist\n|-damage|p1a: Terarist|0 fnt\n|faint|p1a: Terarist\n|-ability|p2a: Calyrex|Grim Neigh|boost\n|-boost|p2a: Calyrex|spa|1\n|\n|-weather|none\n|upkeep\n|inactive|default0 has 240 seconds left.\n|c|\u2606default0|damn\n|c|\u2606default0|needed that para earlier\n|c|\u2606default0|ggs man. good series\n|c|\u2606entrocefalo|yes\n|c|+Farce Of The Death|Um\n|\n|t:|1697996004\n|switch|p1a: Ting-Lu|Ting-Lu|29\/100\n|-ability|p1a: Ting-Lu|Vessel of Ruin\n|turn|22\n|c|\u2606entrocefalo|ggs\n|inactive|default0 has 240 seconds left.\n|\n|t:|1697996010\n|move|p2a: Calyrex|Grass Knot|p1a: Ting-Lu\n|-supereffective|p1a: Ting-Lu\n|-damage|p1a: Ting-Lu|0 fnt\n|faint|p1a: Ting-Lu\n|-ability|p2a: Calyrex|Grim Neigh|boost\n|-boost|p2a: Calyrex|spa|1\n|\n|upkeep\n|c|\u2606default0|congrats\n|\n|t:|1697996014\n|switch|p1a: Zacian|Zacian-Crowned, tera:Flying|59\/100\n|turn|23\n|\n|t:|1697996018\n|move|p2a: Calyrex|Astral Barrage|p1a: Zacian\n|-damage|p1a: Zacian|0 fnt\n|faint|p1a: Zacian\n|-ability|p2a: Calyrex|Grim Neigh|boost\n|-boost|p2a: Calyrex|spa|1\n|\n|upkeep\n|\n|t:|1697996023\n|switch|p1a: Skeledirge|Skeledirge, M|100\/100\n|turn|24\n|c|+Future king of ou|Common goated falo win \n|\n|t:|1697996028\n|move|p2a: Calyrex|Astral Barrage|p1a: Skeledirge\n|-supereffective|p1a: Skeledirge\n|-damage|p1a: Skeledirge|0 fnt\n|faint|p1a: Skeledirge\n|\n|win|entrocefalo\n|c|+Future king of ou|\ud83e\udd6a\n|c|+Farce Of The Death|Monkeycefalo won the crobats internal war. :noted: Wp default san.\n","uploadtime":1697996029,"views":73,"p1id":"default0","p2id":"entrocefalo","formatid":"gen9anythinggoes","rating":0,"private":0,"password":""}