{"id":"smogtours-gen9anythinggoes-725203","p1":"peach dream","p2":"TaxFraud094","format":"[Gen 9] Anything Goes","log":"|inactive|Battle timer is ON: inactive players will automatically lose when time's up.\n|t:|1697915108\n|gametype|singles\n|player|p1|peach dream|phoebe-gen3|\n|player|p2|TaxFraud094|acetrainerf-gen4|\n|teamsize|p1|6\n|teamsize|p2|6\n|gen|9\n|tier|[Gen 9] Anything Goes\n|rule|HP Percentage Mod: HP is shown in percentages\n|rule|Endless Battle Clause: Forcing endless battles is banned\n|clearpoke\n|poke|p1|Calyrex-Shadow|\n|poke|p1|Glimmora, M|\n|poke|p1|Arceus-Fairy|\n|poke|p1|Miraidon|\n|poke|p1|Arceus|\n|poke|p1|Zacian-*|\n|poke|p2|Arceus-Ground|\n|poke|p2|Zacian-*|\n|poke|p2|Kyogre|\n|poke|p2|Arceus|\n|poke|p2|Giratina-Origin|\n|poke|p2|Great Tusk|\n|teampreview\n|inactive|TaxFraud094 also wants the timer to be on.\n|c|\u2606peach dream|hf\n|c|\u2606peach dream|letsago\n|c|\u2606TaxFraud094|hf\n|inactive|peach dream has 270 seconds left.\n|\n|t:|1697915162\n|start\n|switch|p1a: Wokeup|Glimmora, M|100\/100\n|switch|p2a: Kyogre|Kyogre|100\/100\n|-weather|RainDance|[from] ability: Drizzle|[of] p2a: Kyogre\n|turn|1\n|\n|t:|1697915171\n|move|p2a: Kyogre|Water Spout|p1a: Wokeup\n|-supereffective|p1a: Wokeup\n|-enditem|p1a: Wokeup|Focus Sash\n|-damage|p1a: Wokeup|1\/100\n|move|p1a: Wokeup|Toxic Spikes|p2a: Kyogre\n|-sidestart|p2: TaxFraud094|move: Toxic Spikes\n|\n|-weather|RainDance|[upkeep]\n|upkeep\n|turn|2\n|inactive|peach dream has 270 seconds left.\n|\n|t:|1697915222\n|switch|p1a: MORE THAN EVER|Miraidon|100\/100\n|-fieldstart|move: Electric Terrain|[from] ability: Hadron Engine|[of] p1a: MORE THAN EVER\n|move|p2a: Kyogre|Water Spout|p1a: MORE THAN EVER\n|-resisted|p1a: MORE THAN EVER\n|-damage|p1a: MORE THAN EVER|45\/100\n|\n|-weather|RainDance|[upkeep]\n|upkeep\n|turn|3\n|\n|t:|1697915232\n|move|p1a: MORE THAN EVER|Draco Meteor|p2a: Kyogre\n|-damage|p2a: Kyogre|28\/100\n|-unboost|p1a: MORE THAN EVER|spa|2\n|move|p2a: Kyogre|Water Spout|p1a: MORE THAN EVER\n|-resisted|p1a: MORE THAN EVER\n|-damage|p1a: MORE THAN EVER|30\/100\n|\n|-weather|RainDance|[upkeep]\n|upkeep\n|turn|4\n|inactive|peach dream has 240 seconds left.\n|inactive|TaxFraud094 has 270 seconds left.\n|\n|t:|1697915270\n|switch|p1a: Zacian|Zacian-Crowned|100\/100\n|-ability|p1a: Zacian|Intrepid Sword|boost\n|-boost|p1a: Zacian|atk|1\n|switch|p2a: Arceus|Arceus-Ground|100\/100\n|-status|p2a: Arceus|psn\n|\n|-weather|RainDance|[upkeep]\n|-damage|p2a: Arceus|88\/100 psn|[from] psn\n|upkeep\n|turn|5\n|inactive|TaxFraud094 has 270 seconds left.\n|inactive|peach dream has 210 seconds left.\n|\n|t:|1697915301\n|move|p1a: Zacian|Behemoth Blade|p2a: Arceus\n|-damage|p2a: Arceus|8\/100 psn\n|move|p2a: Arceus|Earthquake|p1a: Zacian\n|-supereffective|p1a: Zacian\n|-damage|p1a: Zacian|0 fnt\n|faint|p1a: Zacian\n|\n|-weather|none\n|-damage|p2a: Arceus|0 fnt|[from] psn\n|faint|p2a: Arceus\n|upkeep\n|inactive|peach dream has 210 seconds left.\n|\n|t:|1697915317\n|switch|p1a: MORE THAN EVER|Miraidon|30\/100\n|switch|p2a: Giratina|Giratina-Origin|100\/100\n|-activate|p1a: MORE THAN EVER|ability: Hadron Engine\n|turn|6\n|\n|t:|1697915332\n|switch|p2a: Great Tusk|Great Tusk|100\/100\n|-status|p2a: Great Tusk|psn\n|move|p1a: MORE THAN EVER|Volt Switch|p2a: Great Tusk\n|-immune|p2a: Great Tusk\n|\n|-damage|p2a: Great Tusk|88\/100 psn|[from] psn\n|-fieldend|move: Electric Terrain\n|upkeep\n|turn|7\n|\n|t:|1697915348\n|switch|p1a: Arceus|Arceus-Fairy|100\/100\n|move|p2a: Great Tusk|Knock Off|p1a: Arceus\n|-resisted|p1a: Arceus\n|-damage|p1a: Arceus|93\/100\n|\n|-damage|p2a: Great Tusk|76\/100 psn|[from] psn\n|upkeep\n|turn|8\n|\n|t:|1697915353\n|move|p1a: Arceus|Stealth Rock|p2a: Great Tusk\n|-sidestart|p2: TaxFraud094|move: Stealth Rock\n|move|p2a: Great Tusk|Rapid Spin|p1a: Arceus\n|-damage|p1a: Arceus|81\/100\n|-boost|p2a: Great Tusk|spe|1\n|-sideend|p2: TaxFraud094|Toxic Spikes|[from] move: Rapid Spin|[of] p2a: Great Tusk\n|-sideend|p2: TaxFraud094|Stealth Rock|[from] move: Rapid Spin|[of] p2a: Great Tusk\n|\n|-damage|p2a: Great Tusk|64\/100 psn|[from] psn\n|upkeep\n|turn|9\n|\n|t:|1697915360\n|move|p1a: Arceus|Stealth Rock|p2a: Great Tusk\n|-sidestart|p2: TaxFraud094|move: Stealth Rock\n|move|p2a: Great Tusk|Rapid Spin|p1a: Arceus\n|-damage|p1a: Arceus|70\/100\n|-boost|p2a: Great Tusk|spe|1\n|-sideend|p2: TaxFraud094|Stealth Rock|[from] move: Rapid Spin|[of] p2a: Great Tusk\n|\n|-damage|p2a: Great Tusk|51\/100 psn|[from] psn\n|upkeep\n|turn|10\n|\n|t:|1697915367\n|move|p2a: Great Tusk|Body Press|p1a: Arceus\n|-resisted|p1a: Arceus\n|-damage|p1a: Arceus|53\/100\n|move|p1a: Arceus|Judgment|p2a: Great Tusk\n|-supereffective|p2a: Great Tusk\n|-damage|p2a: Great Tusk|0 fnt\n|faint|p2a: Great Tusk\n|-end|p2a: Great Tusk|Protosynthesis|[silent]\n|\n|upkeep\n|\n|t:|1697915376\n|switch|p2a: Zacian|Zacian-Crowned|100\/100\n|-ability|p2a: Zacian|Intrepid Sword|boost\n|-boost|p2a: Zacian|atk|1\n|turn|11\n|\n|t:|1697915383\n|switch|p1a: Wokeup|Glimmora, M|1\/100\n|move|p2a: Zacian|Behemoth Blade|p1a: Wokeup\n|-supereffective|p1a: Wokeup\n|-damage|p1a: Wokeup|0 fnt\n|-activate|p1a: Wokeup|ability: Toxic Debris\n|-sidestart|p2: TaxFraud094|move: Toxic Spikes\n|faint|p1a: Wokeup\n|\n|upkeep\n|\n|t:|1697915395\n|switch|p1a: MORE THAN EVER|Miraidon|30\/100\n|-fieldstart|move: Electric Terrain|[from] ability: Hadron Engine|[of] p1a: MORE THAN EVER\n|turn|12\n|\n|t:|1697915409\n|move|p1a: MORE THAN EVER|Electro Drift|p2a: Zacian\n|-damage|p2a: Zacian|25\/100\n|move|p2a: Zacian|Behemoth Blade|p1a: MORE THAN EVER\n|-resisted|p1a: MORE THAN EVER\n|-damage|p1a: MORE THAN EVER|0 fnt\n|faint|p1a: MORE THAN EVER\n|\n|upkeep\n|\n|t:|1697915418\n|switch|p1a: The End|Calyrex-Shadow|100\/100\n|-ability|p1a: The End|As One\n|-ability|p1a: The End|Unnerve\n|turn|13\n|\n|t:|1697915421\n|move|p1a: The End|Astral Barrage|p2a: Zacian\n|-damage|p2a: Zacian|0 fnt\n|faint|p2a: Zacian\n|-ability|p1a: The End|Grim Neigh|boost\n|-boost|p1a: The End|spa|1\n|-damage|p1a: The End|91\/100|[from] item: Life Orb\n|\n|upkeep\n|c|+Ho3nConfirm3d|Itchy who am i rooting for \n|\n|t:|1697915429\n|switch|p2a: Kyogre|Kyogre|28\/100\n|-status|p2a: Kyogre|psn\n|-weather|RainDance|[from] ability: Drizzle|[of] p2a: Kyogre\n|turn|14\n|inactive|peach dream has 240 seconds left.\n|c|+Itchy|taxfraud\n|c|+Ho3nConfirm3d|ok\n|c|+Ho3nConfirm3d|lets go taxxy!!! \n|inactive|peach dream has 210 seconds left.\n|inactive|TaxFraud094 has 270 seconds left.\n|inactive|peach dream has 180 seconds left.\n|\n|t:|1697915495\n|switch|p1a: Arceus|Arceus-Fairy|53\/100\n|move|p2a: Kyogre|Thunder|p1a: Arceus\n|-damage|p1a: Arceus|14\/100\n|-status|p1a: Arceus|par\n|\n|-weather|RainDance|[upkeep]\n|-damage|p2a: Kyogre|16\/100 psn|[from] psn\n|upkeep\n|turn|15\n|\n|t:|1697915502\n|move|p2a: Kyogre|Thunder|p1a: Arceus\n|-damage|p1a: Arceus|0 fnt\n|faint|p1a: Arceus\n|\n|-weather|RainDance|[upkeep]\n|-damage|p2a: Kyogre|3\/100 psn|[from] psn\n|upkeep\n|\n|t:|1697915508\n|switch|p1a: Arceus|Arceus|100\/100\n|turn|16\n|\n|t:|1697915512\n|move|p2a: Kyogre|Thunder|p1a: Arceus\n|-damage|p1a: Arceus|58\/100\n|move|p1a: Arceus|Swords Dance|p1a: Arceus\n|-boost|p1a: Arceus|atk|2\n|\n|-weather|RainDance|[upkeep]\n|-damage|p2a: Kyogre|0 fnt|[from] psn\n|faint|p2a: Kyogre\n|-fieldend|move: Electric Terrain\n|upkeep\n|\n|t:|1697915516\n|switch|p2a: Giratina|Giratina-Origin|100\/100\n|turn|17\n|\n|t:|1697915522\n|move|p1a: Arceus|Shadow Claw|p2a: Giratina\n|-supereffective|p2a: Giratina\n|-damage|p2a: Giratina|29\/100\n|move|p2a: Giratina|Dragon Tail|p1a: Arceus|[miss]\n|-miss|p2a: Giratina|p1a: Arceus\n|\n|-weather|RainDance|[upkeep]\n|upkeep\n|turn|18\n|inactive|TaxFraud094 has 270 seconds left.\n|inactive|TaxFraud094 has 240 seconds left.\n|\n|t:|1697915586\n|switch|p2a: Arceus|Arceus|100\/100\n|move|p1a: Arceus|Shadow Claw|p2a: Arceus\n|-immune|p2a: Arceus\n|\n|-weather|none\n|upkeep\n|turn|19\n|inactive|TaxFraud094 has 240 seconds left.\n|inactive|peach dream has 210 seconds left.\n|\n|t:|1697915631\n|move|p1a: Arceus|Extreme Speed|p2a: Arceus\n|-damage|p2a: Arceus|35\/100\n|move|p2a: Arceus|Swords Dance|p2a: Arceus\n|-boost|p2a: Arceus|atk|2\n|\n|upkeep\n|turn|20\n|\n|t:|1697915634\n|move|p2a: Arceus|Extreme Speed|p1a: Arceus\n|-damage|p1a: Arceus|0 fnt\n|faint|p1a: Arceus\n|\n|upkeep\n|\n|t:|1697915637\n|switch|p1a: The End|Calyrex-Shadow|91\/100\n|-ability|p1a: The End|As One\n|-ability|p1a: The End|Unnerve\n|turn|21\n|\n|t:|1697915658\n|move|p1a: The End|Grass Knot|p2a: Arceus\n|-damage|p2a: Arceus|0 fnt\n|faint|p2a: Arceus\n|-ability|p1a: The End|Grim Neigh|boost\n|-boost|p1a: The End|spa|1\n|-damage|p1a: The End|81\/100|[from] item: Life Orb\n|\n|upkeep\n|\n|t:|1697915660\n|switch|p2a: Giratina|Giratina-Origin|29\/100\n|turn|22\n|\n|t:|1697915663\n|-terastallize|p1a: The End|Grass\n|-terastallize|p2a: Giratina|Steel\n|move|p2a: Giratina|Shadow Sneak|p1a: The End\n|-damage|p1a: The End|50\/100\n|move|p1a: The End|Astral Barrage|p2a: Giratina\n|-damage|p2a: Giratina|0 fnt\n|faint|p2a: Giratina\n|-damage|p1a: The End|40\/100|[from] item: Life Orb\n|\n|win|peach dream\n|c|\u2606peach dream|gg\n|c|\u2606TaxFraud094|\"gg\"\n","uploadtime":1697915665,"views":113,"p1id":"peachdream","p2id":"taxfraud094","formatid":"gen9anythinggoes","rating":0,"private":0,"password":""}