{"id":"smogtours-gen9anythinggoes-728868","p1":"tyo","p2":"Adhiraj8202","format":"[Gen 9] Anything Goes","log":"|inactive|Battle timer is ON: inactive players will automatically lose when time's up.\n|t:|1699192983\n|gametype|singles\n|player|p1|tyo|#vgcpliiizoruas|\n|player|p2|Adhiraj8202|caitlin|\n|teamsize|p1|6\n|teamsize|p2|6\n|gen|9\n|tier|[Gen 9] Anything Goes\n|rule|HP Percentage Mod: HP is shown in percentages\n|rule|Endless Battle Clause: Forcing endless battles is banned\n|clearpoke\n|poke|p1|Calyrex-Shadow|\n|poke|p1|Glimmora, M|\n|poke|p1|Arceus-Fairy|\n|poke|p1|Miraidon|\n|poke|p1|Arceus|\n|poke|p1|Zacian-*|\n|poke|p2|Miraidon|\n|poke|p2|Ting-Lu|\n|poke|p2|Arceus|\n|poke|p2|Toxapex, F|\n|poke|p2|Koraidon|\n|poke|p2|Arceus-Fairy|\n|teampreview\n|c|\u2606Adhiraj8202|hf\n|c|\u2606tyo|glhf\n|inactive|tyo has 270 seconds left.\n|\n|t:|1699193021\n|start\n|switch|p1a: Arceus|Arceus-Fairy|100\/100\n|switch|p2a: Miraidon|Miraidon|100\/100\n|-fieldstart|move: Electric Terrain|[from] ability: Hadron Engine|[of] p2a: Miraidon\n|turn|1\n|c|+SpaceSpeakers|Adhiraj :)\n|\n|t:|1699193033\n|switch|p1a: MORE THAN EVER|Miraidon|100\/100\n|-activate|p1a: MORE THAN EVER|ability: Hadron Engine\n|move|p2a: Miraidon|U-turn|p1a: MORE THAN EVER\n|-damage|p1a: MORE THAN EVER|88\/100\n|\n|t:|1699193038\n|switch|p2a: Ting-Lu|Ting-Lu|100\/100|[from] U-turn\n|-ability|p2a: Ting-Lu|Vessel of Ruin\n|\n|upkeep\n|turn|2\n|\n|t:|1699193041\n|move|p1a: MORE THAN EVER|U-turn|p2a: Ting-Lu\n|-supereffective|p2a: Ting-Lu\n|-crit|p2a: Ting-Lu\n|-damage|p2a: Ting-Lu|81\/100\n|c|+sleid|Let\u2019s go adhiraj!!!\n|\n|t:|1699193050\n|switch|p1a: Arceus|Arceus-Fairy|100\/100|[from] U-turn\n|move|p2a: Ting-Lu|Spikes|p1a: Arceus\n|-sidestart|p1: tyo|Spikes\n|\n|-heal|p2a: Ting-Lu|87\/100|[from] item: Leftovers\n|upkeep\n|turn|3\n|\n|t:|1699193055\n|switch|p2a: Toxapex|Toxapex, F|100\/100\n|move|p1a: Arceus|Stealth Rock|p2a: Toxapex\n|-sidestart|p2: Adhiraj8202|move: Stealth Rock\n|\n|upkeep\n|turn|4\n|\n|t:|1699193059\n|move|p1a: Arceus|Taunt|p2a: Toxapex\n|-start|p2a: Toxapex|move: Taunt\n|move|p2a: Toxapex|Poison Jab|p1a: Arceus\n|-supereffective|p1a: Arceus\n|-damage|p1a: Arceus|71\/100\n|\n|upkeep\n|turn|5\n|\n|t:|1699193065\n|switch|p1a: Wokeup|Glimmora, M|100\/100\n|-damage|p1a: Wokeup|88\/100|[from] Spikes\n|move|p2a: Toxapex|Poison Jab|p1a: Wokeup\n|-resisted|p1a: Wokeup\n|-damage|p1a: Wokeup|82\/100\n|-activate|p1a: Wokeup|ability: Toxic Debris\n|-sidestart|p2: Adhiraj8202|move: Toxic Spikes\n|\n|-fieldend|move: Electric Terrain\n|upkeep\n|turn|6\n|\n|t:|1699193072\n|switch|p2a: Miraidon|Miraidon|100\/100\n|-fieldstart|move: Electric Terrain|[from] ability: Hadron Engine|[of] p2a: Miraidon\n|move|p1a: Wokeup|Toxic Spikes|p2a: Miraidon\n|-sidestart|p2: Adhiraj8202|move: Toxic Spikes\n|\n|upkeep\n|turn|7\n|\n|t:|1699193078\n|move|p2a: Miraidon|Electro Drift|p1a: Wokeup\n|-damage|p1a: Wokeup|0 fnt\n|faint|p1a: Wokeup\n|\n|upkeep\n|\n|t:|1699193084\n|switch|p1a: MORE THAN EVER|Miraidon|88\/100\n|-damage|p1a: MORE THAN EVER|76\/100|[from] Spikes\n|-activate|p1a: MORE THAN EVER|ability: Hadron Engine\n|turn|8\n|\n|t:|1699193088\n|move|p1a: MORE THAN EVER|U-turn|p2a: Miraidon\n|-damage|p2a: Miraidon|87\/100\n|\n|t:|1699193096\n|switch|p1a: Arceus|Arceus-Fairy|71\/100|[from] U-turn\n|-damage|p1a: Arceus|58\/100|[from] Spikes\n|move|p2a: Miraidon|Electro Drift|p1a: Arceus\n|-damage|p1a: Arceus|0 fnt\n|faint|p1a: Arceus\n|\n|upkeep\n|\n|t:|1699193098\n|switch|p1a: MORE THAN EVER|Miraidon|76\/100\n|-damage|p1a: MORE THAN EVER|64\/100|[from] Spikes\n|-activate|p1a: MORE THAN EVER|ability: Hadron Engine\n|turn|9\n|\n|t:|1699193102\n|switch|p2a: Ting-Lu|Ting-Lu|87\/100\n|-damage|p2a: Ting-Lu|81\/100|[from] Stealth Rock\n|-status|p2a: Ting-Lu|tox\n|-ability|p2a: Ting-Lu|Vessel of Ruin\n|move|p1a: MORE THAN EVER|Draco Meteor|p2a: Ting-Lu\n|-damage|p2a: Ting-Lu|41\/100 tox\n|-unboost|p1a: MORE THAN EVER|spa|2\n|\n|-heal|p2a: Ting-Lu|48\/100 tox|[from] item: Leftovers\n|-damage|p2a: Ting-Lu|41\/100 tox|[from] psn\n|upkeep\n|turn|10\n|\n|t:|1699193111\n|switch|p1a: Arceus|Arceus|100\/100\n|-damage|p1a: Arceus|88\/100|[from] Spikes\n|move|p2a: Ting-Lu|Ruination|p1a: Arceus\n|-damage|p1a: Arceus|44\/100\n|\n|-heal|p2a: Ting-Lu|48\/100 tox|[from] item: Leftovers\n|-damage|p2a: Ting-Lu|35\/100 tox|[from] psn\n|-fieldend|move: Electric Terrain\n|upkeep\n|turn|11\n|\n|t:|1699193116\n|move|p1a: Arceus|Swords Dance|p1a: Arceus\n|-boost|p1a: Arceus|atk|2\n|move|p2a: Ting-Lu|Whirlwind|p1a: Arceus\n|drag|p1a: MORE THAN EVER|Miraidon|64\/100\n|-damage|p1a: MORE THAN EVER|52\/100|[from] Spikes\n|-fieldstart|move: Electric Terrain|[from] ability: Hadron Engine|[of] p1a: MORE THAN EVER\n|\n|-heal|p2a: Ting-Lu|41\/100 tox|[from] item: Leftovers\n|-damage|p2a: Ting-Lu|23\/100 tox|[from] psn\n|upkeep\n|turn|12\n|\n|t:|1699193121\n|move|p1a: MORE THAN EVER|U-turn|p2a: Ting-Lu\n|-supereffective|p2a: Ting-Lu\n|-damage|p2a: Ting-Lu|8\/100 tox\n|\n|t:|1699193124\n|switch|p1a: Arceus|Arceus|44\/100|[from] U-turn\n|-damage|p1a: Arceus|32\/100|[from] Spikes\n|move|p2a: Ting-Lu|Whirlwind|p1a: Arceus\n|drag|p1a: The End|Calyrex-Shadow|100\/100\n|-ability|p1a: The End|As One\n|-ability|p1a: The End|Unnerve\n|-damage|p1a: The End|88\/100|[from] Spikes\n|\n|-heal|p2a: Ting-Lu|14\/100 tox|[from] item: Leftovers\n|-damage|p2a: Ting-Lu|0 fnt|[from] psn\n|faint|p2a: Ting-Lu\n|upkeep\n|\n|t:|1699193131\n|switch|p2a: Miraidon|Miraidon|87\/100\n|-activate|p2a: Miraidon|ability: Hadron Engine\n|turn|13\n|\n|t:|1699193148\n|-terastallize|p1a: The End|Grass\n|move|p1a: The End|Agility|p1a: The End\n|-boost|p1a: The End|spe|2\n|move|p2a: Miraidon|Electro Drift|p1a: The End\n|-resisted|p1a: The End\n|-damage|p1a: The End|38\/100\n|\n|upkeep\n|turn|14\n|\n|t:|1699193154\n|switch|p2a: Arceus|Arceus|100\/100\n|move|p1a: The End|Astral Barrage|p2a: Arceus\n|-immune|p2a: Arceus\n|\n|upkeep\n|turn|15\n|\n|t:|1699193162\n|switch|p1a: Zacian|Zacian-Crowned|100\/100\n|-damage|p1a: Zacian|88\/100|[from] Spikes\n|-ability|p1a: Zacian|Intrepid Sword|boost\n|-boost|p1a: Zacian|atk|1\n|move|p2a: Arceus|Extreme Speed|p1a: Zacian\n|-resisted|p1a: Zacian\n|-damage|p1a: Zacian|69\/100\n|\n|-fieldend|move: Electric Terrain\n|upkeep\n|turn|16\n|\n|t:|1699193166\n|switch|p2a: Toxapex|Toxapex, F|100\/100\n|-damage|p2a: Toxapex|88\/100|[from] Stealth Rock\n|-sideend|p2: Adhiraj8202|move: Toxic Spikes|[of] p2a: Toxapex\n|move|p1a: Zacian|Behemoth Blade|p2a: Toxapex\n|-resisted|p2a: Toxapex\n|-damage|p2a: Toxapex|63\/100\n|-damage|p1a: Zacian|52\/100|[from] item: Rocky Helmet|[of] p2a: Toxapex\n|\n|upkeep\n|turn|17\n|\n|t:|1699193175\n|switch|p1a: MORE THAN EVER|Miraidon|52\/100\n|-damage|p1a: MORE THAN EVER|39\/100|[from] Spikes\n|-fieldstart|move: Electric Terrain|[from] ability: Hadron Engine|[of] p1a: MORE THAN EVER\n|move|p2a: Toxapex|Recover|p2a: Toxapex\n|-heal|p2a: Toxapex|100\/100\n|\n|upkeep\n|turn|18\n|\n|t:|1699193186\n|switch|p2a: Arceus|Arceus-Fairy|100\/100\n|-damage|p2a: Arceus|88\/100|[from] Stealth Rock\n|move|p1a: MORE THAN EVER|Electro Drift|p2a: Arceus\n|-damage|p2a: Arceus|27\/100\n|\n|upkeep\n|turn|19\n|\n|t:|1699193190\n|switch|p2a: Miraidon|Miraidon|87\/100\n|-activate|p2a: Miraidon|ability: Hadron Engine\n|move|p1a: MORE THAN EVER|Electro Drift|p2a: Miraidon\n|-resisted|p2a: Miraidon\n|-damage|p2a: Miraidon|66\/100\n|\n|upkeep\n|turn|20\n|\n|t:|1699193195\n|switch|p1a: Arceus|Arceus|32\/100\n|-damage|p1a: Arceus|20\/100|[from] Spikes\n|move|p2a: Miraidon|Electro Drift|p1a: Arceus\n|-damage|p1a: Arceus|0 fnt\n|faint|p1a: Arceus\n|\n|upkeep\n|\n|t:|1699193198\n|switch|p1a: The End|Calyrex-Shadow, tera:Grass|38\/100\n|-ability|p1a: The End|As One\n|-ability|p1a: The End|Unnerve\n|-damage|p1a: The End|26\/100|[from] Spikes\n|turn|21\n|\n|t:|1699193205\n|move|p1a: The End|Astral Barrage|p2a: Miraidon\n|-damage|p2a: Miraidon|0 fnt\n|faint|p2a: Miraidon\n|-ability|p1a: The End|Grim Neigh|boost\n|-boost|p1a: The End|spa|1\n|-damage|p1a: The End|16\/100|[from] item: Life Orb\n|\n|-fieldend|move: Electric Terrain\n|upkeep\n|\n|t:|1699193210\n|switch|p2a: Arceus|Arceus|100\/100\n|turn|22\n|\n|t:|1699193215\n|move|p2a: Arceus|Extreme Speed|p1a: The End\n|-damage|p1a: The End|0 fnt\n|faint|p1a: The End\n|\n|upkeep\n|\n|t:|1699193219\n|switch|p1a: Zacian|Zacian-Crowned|52\/100\n|-damage|p1a: Zacian|40\/100|[from] Spikes\n|turn|23\n|\n|t:|1699193222\n|switch|p2a: Toxapex|Toxapex, F|100\/100\n|-damage|p2a: Toxapex|88\/100|[from] Stealth Rock\n|move|p1a: Zacian|Swords Dance|p1a: Zacian\n|-boost|p1a: Zacian|atk|2\n|\n|upkeep\n|turn|24\n|inactive|Adhiraj8202 has 270 seconds left.\n|\n|t:|1699193265\n|move|p1a: Zacian|Swords Dance|p1a: Zacian\n|-boost|p1a: Zacian|atk|2\n|move|p2a: Toxapex|Haze|p2a: Toxapex\n|-clearallboost\n|\n|upkeep\n|turn|25\n|\n|t:|1699193273\n|move|p1a: Zacian|Swords Dance|p1a: Zacian\n|-boost|p1a: Zacian|atk|2\n|move|p2a: Toxapex|Haze|p2a: Toxapex\n|-clearallboost\n|\n|upkeep\n|turn|26\n|inactive|Adhiraj8202 has 270 seconds left.\n|\n|t:|1699193280\n|switch|p1a: MORE THAN EVER|Miraidon|39\/100\n|-damage|p1a: MORE THAN EVER|27\/100|[from] Spikes\n|-fieldstart|move: Electric Terrain|[from] ability: Hadron Engine|[of] p1a: MORE THAN EVER\n|move|p2a: Toxapex|Haze|p2a: Toxapex\n|-clearallboost\n|\n|upkeep\n|turn|27\n|\n|t:|1699193283\n|move|p1a: MORE THAN EVER|Electro Drift|p2a: Toxapex\n|-supereffective|p2a: Toxapex\n|-damage|p2a: Toxapex|0 fnt\n|-damage|p1a: MORE THAN EVER|10\/100|[from] item: Rocky Helmet|[of] p2a: Toxapex\n|faint|p2a: Toxapex\n|\n|upkeep\n|inactive|Adhiraj8202 has 270 seconds left.\n|inactive|Adhiraj8202 has 240 seconds left.\n|inactive|Adhiraj8202 has 210 seconds left.\n|\n|t:|1699193359\n|switch|p2a: Koraidon|Koraidon|100\/100\n|-damage|p2a: Koraidon|94\/100|[from] Stealth Rock\n|-weather|SunnyDay|[from] ability: Orichalcum Pulse|[of] p2a: Koraidon\n|-activate|p2a: Koraidon|Orichalcum Pulse|[source]\n|turn|28\n|\n|t:|1699193361\n|move|p1a: MORE THAN EVER|Electro Drift|p2a: Koraidon\n|-resisted|p2a: Koraidon\n|-damage|p2a: Koraidon|47\/100\n|move|p2a: Koraidon|Flare Blitz|p1a: MORE THAN EVER\n|-resisted|p1a: MORE THAN EVER\n|-damage|p1a: MORE THAN EVER|0 fnt\n|faint|p1a: MORE THAN EVER\n|-damage|p2a: Koraidon|44\/100|[from] Recoil\n|\n|-weather|SunnyDay|[upkeep]\n|upkeep\n|\n|t:|1699193366\n|switch|p1a: Zacian|Zacian-Crowned|40\/100\n|-damage|p1a: Zacian|28\/100|[from] Spikes\n|turn|29\n|\n|t:|1699193370\n|-terastallize|p2a: Koraidon|Fire\n|move|p2a: Koraidon|Flare Blitz|p1a: Zacian\n|-supereffective|p1a: Zacian\n|-damage|p1a: Zacian|0 fnt\n|faint|p1a: Zacian\n|-damage|p2a: Koraidon|35\/100|[from] Recoil\n|\n|win|Adhiraj8202\n","uploadtime":1699193371,"views":118,"p1id":"tyo","p2id":"adhiraj8202","formatid":"gen9anythinggoes","rating":0,"private":0,"password":""}