{"id":"smogtours-gen9anythinggoes-727059","p1":"Taka","p2":"Mimikyu Stardust","format":"[Gen 9] Anything Goes","log":"|inactive|Battle timer is ON: inactive players will automatically lose when time's up.\n|t:|1698517307\n|gametype|singles\n|player|p1|Taka|#scl3spartans|\n|player|p2|Mimikyu Stardust|#mimikyustardust|\n|teamsize|p1|6\n|teamsize|p2|6\n|gen|9\n|tier|[Gen 9] Anything Goes\n|rule|HP Percentage Mod: HP is shown in percentages\n|rule|Endless Battle Clause: Forcing endless battles is banned\n|clearpoke\n|poke|p1|Calyrex-Shadow|\n|poke|p1|Indeedee, M|\n|poke|p1|Koraidon|\n|poke|p1|Koraidon|\n|poke|p1|Indeedee, M|\n|poke|p1|Zacian-*|\n|poke|p2|Arceus-Ground|\n|poke|p2|Arceus|\n|poke|p2|Calyrex-Shadow|\n|poke|p2|Kingambit, F|\n|poke|p2|Koraidon|\n|poke|p2|Miraidon|\n|teampreview\n|inactive|Taka also wants the timer to be on.\n|c|\u2606Taka|hf\n|inactive|Taka has 270 seconds left.\n|inactive|Mimikyu Stardust has 270 seconds left.\n|c|+corvere\u2665|you did not just bring double indeedee\n|c|\u2606Taka|you are correct\n|inactive|Taka has 240 seconds left.\n|c|\u2606Taka|i also brought double koraidon\n|c|+corvere\u2665|into kingambit ? \n|\n|t:|1698517382\n|start\n|switch|p1a: Indeedee|Indeedee, M|100\/100\n|switch|p2a: Koraidon|Koraidon|100\/100\n|-weather|SunnyDay|[from] ability: Orichalcum Pulse|[of] p2a: Koraidon\n|-activate|p2a: Koraidon|Orichalcum Pulse|[source]\n|-fieldstart|move: Psychic Terrain|[from] ability: Psychic Surge|[of] p1a: Indeedee\n|turn|1\n|inactive|Taka has 270 seconds left.\n|\n|t:|1698517421\n|switch|p1a: Zacian|Zacian-Crowned|100\/100\n|-ability|p1a: Zacian|Intrepid Sword|boost\n|-boost|p1a: Zacian|atk|1\n|move|p2a: Koraidon|U-turn|p1a: Zacian\n|-resisted|p1a: Zacian\n|-damage|p1a: Zacian|93\/100\n|inactive|Mimikyu Stardust has 270 seconds left.\n|\n|t:|1698517441\n|switch|p2a: Calyrex|Calyrex-Shadow|100\/100|[from] U-turn\n|-ability|p2a: Calyrex|As One\n|-ability|p2a: Calyrex|Unnerve\n|\n|-weather|SunnyDay|[upkeep]\n|upkeep\n|turn|2\n|inactive|Taka has 270 seconds left.\n|\n|t:|1698517457\n|move|p2a: Calyrex|Astral Barrage|p1a: Zacian\n|-damage|p1a: Zacian|0 fnt\n|faint|p1a: Zacian\n|-ability|p2a: Calyrex|Grim Neigh|boost\n|-boost|p2a: Calyrex|spa|1\n|\n|-weather|SunnyDay|[upkeep]\n|upkeep\n|\n|t:|1698517474\n|switch|p1a: Indeedee|Indeedee, M|100\/100\n|turn|3\n|\n|t:|1698517484\n|switch|p2a: Miraidon|Miraidon|100\/100\n|-fieldstart|move: Electric Terrain|[from] ability: Hadron Engine|[of] p2a: Miraidon\n|move|p1a: Indeedee|Healing Wish|p1a: Indeedee\n|faint|p1a: Indeedee\n|\n|-weather|SunnyDay|[upkeep]\n|upkeep\n|\n|t:|1698517498\n|switch|p1a: Koraidon|Koraidon|100\/100\n|-activate|p1a: Koraidon|ability: Orichalcum Pulse\n|turn|4\n|\n|t:|1698517508\n|move|p1a: Koraidon|Scale Shot|p2a: Miraidon\n|-supereffective|p2a: Miraidon\n|-damage|p2a: Miraidon|67\/100\n|-supereffective|p2a: Miraidon\n|-damage|p2a: Miraidon|31\/100\n|-supereffective|p2a: Miraidon\n|-damage|p2a: Miraidon|0 fnt\n|faint|p2a: Miraidon\n|-hitcount|p2: Miraidon|3\n|-unboost|p1a: Koraidon|def|1\n|-boost|p1a: Koraidon|spe|1\n|\n|-weather|SunnyDay|[upkeep]\n|upkeep\n|inactive|Mimikyu Stardust has 270 seconds left.\n|\n|t:|1698517539\n|switch|p2a: Koraidon|Koraidon|100\/100\n|-activate|p2a: Koraidon|ability: Orichalcum Pulse\n|turn|5\n|inactive|Mimikyu Stardust has 270 seconds left.\n|inactive|Taka has 240 seconds left.\n|inactive|Mimikyu Stardust has 240 seconds left.\n|\n|t:|1698517594\n|-terastallize|p2a: Koraidon|Fire\n|move|p1a: Koraidon|Flare Blitz|p2a: Koraidon\n|-resisted|p2a: Koraidon\n|-damage|p2a: Koraidon|63\/100\n|-damage|p1a: Koraidon|88\/100|[from] Recoil\n|move|p2a: Koraidon|Outrage|p1a: Koraidon\n|-supereffective|p1a: Koraidon\n|-damage|p1a: Koraidon|0 fnt\n|faint|p1a: Koraidon\n|\n|-weather|none\n|upkeep\n|\n|t:|1698517599\n|switch|p1a: Koraidon|Koraidon|100\/100\n|-weather|SunnyDay|[from] ability: Orichalcum Pulse|[of] p1a: Koraidon\n|-activate|p1a: Koraidon|Orichalcum Pulse|[source]\n|turn|6\n|\n|t:|1698517606\n|-terastallize|p1a: Koraidon|Steel\n|move|p2a: Koraidon|Outrage|p1a: Koraidon|[from]lockedmove\n|-resisted|p1a: Koraidon\n|-damage|p1a: Koraidon|60\/100\n|move|p1a: Koraidon|Scale Shot|p2a: Koraidon\n|-damage|p2a: Koraidon|47\/100\n|-damage|p2a: Koraidon|31\/100\n|-damage|p2a: Koraidon|14\/100\n|-damage|p2a: Koraidon|0 fnt\n|faint|p2a: Koraidon\n|-hitcount|p2: Koraidon|4\n|-unboost|p1a: Koraidon|def|1\n|-boost|p1a: Koraidon|spe|1\n|\n|-weather|SunnyDay|[upkeep]\n|upkeep\n|inactive|Mimikyu Stardust has 240 seconds left.\n|\n|t:|1698517630\n|switch|p2a: Arceus|Arceus-Ground|100\/100\n|turn|7\n|inactive|Taka has 240 seconds left.\n|\n|t:|1698517639\n|switch|p1a: Indeedee|Indeedee, M|100\/100\n|-fieldstart|move: Psychic Terrain|[from] ability: Psychic Surge|[of] p1a: Indeedee\n|move|p2a: Arceus|Judgment|p1a: Indeedee\n|-damage|p1a: Indeedee|31\/100\n|\n|-weather|SunnyDay|[upkeep]\n|upkeep\n|turn|8\n|\n|t:|1698517645\n|move|p1a: Indeedee|Encore|p2a: Arceus\n|-start|p2a: Arceus|Encore\n|move|p2a: Arceus|Judgment|p1a: Indeedee\n|-damage|p1a: Indeedee|0 fnt\n|faint|p1a: Indeedee\n|\n|-weather|SunnyDay|[upkeep]\n|upkeep\n|\n|t:|1698517647\n|switch|p1a: Calyrex|Calyrex-Shadow|100\/100\n|-ability|p1a: Calyrex|As One\n|-ability|p1a: Calyrex|Unnerve\n|turn|9\n|\n|t:|1698517653\n|move|p1a: Calyrex|Astral Barrage|p2a: Arceus\n|-damage|p2a: Arceus|32\/100\n|-damage|p1a: Calyrex|91\/100|[from] item: Life Orb\n|move|p2a: Arceus|Judgment|p1a: Calyrex\n|-damage|p1a: Calyrex|40\/100\n|\n|-weather|SunnyDay|[upkeep]\n|upkeep\n|turn|10\n|\n|t:|1698517662\n|move|p1a: Calyrex|Grass Knot|p2a: Arceus\n|-supereffective|p2a: Arceus\n|-damage|p2a: Arceus|0 fnt\n|faint|p2a: Arceus\n|-ability|p1a: Calyrex|Grim Neigh|boost\n|-boost|p1a: Calyrex|spa|1\n|-damage|p1a: Calyrex|30\/100|[from] item: Life Orb\n|\n|-weather|none\n|upkeep\n|inactive|Mimikyu Stardust has 240 seconds left.\n|inactive|Mimikyu Stardust has 210 seconds left.\n|inactive|Mimikyu Stardust has 180 seconds left.\n|\n|t:|1698517766\n|switch|p2a: Calyrex|Calyrex-Shadow|100\/100\n|-ability|p2a: Calyrex|As One\n|-ability|p2a: Calyrex|Unnerve\n|turn|11\n|\n|t:|1698517771\n|move|p2a: Calyrex|Astral Barrage|p1a: Calyrex\n|-supereffective|p1a: Calyrex\n|-damage|p1a: Calyrex|0 fnt\n|faint|p1a: Calyrex\n|-ability|p2a: Calyrex|Grim Neigh|boost\n|-boost|p2a: Calyrex|spa|1\n|\n|upkeep\n|\n|t:|1698517772\n|switch|p1a: Koraidon|Koraidon, tera:Steel|60\/100\n|-heal|p1a: Koraidon|100\/100|[from] move: Healing Wish\n|-weather|SunnyDay|[from] ability: Orichalcum Pulse|[of] p1a: Koraidon\n|-activate|p1a: Koraidon|Orichalcum Pulse|[source]\n|turn|12\n|c|\u2606Taka|gg\n|\n|t:|1698517776\n|move|p2a: Calyrex|Astral Barrage|p1a: Koraidon\n|-damage|p1a: Koraidon|0 fnt\n|faint|p1a: Koraidon\n|\n|win|Mimikyu Stardust\n|c|\u2606Mimikyu Stardust|gg\n","uploadtime":1698517777,"views":82,"p1id":"taka","p2id":"mimikyustardust","formatid":"gen9anythinggoes","rating":0,"private":0,"password":""}