{"id":"china-gen9ou-11190802","p1":"LSLMSL","p2":"kiboh no hana","format":"[Gen 9] OU","log":"|j|\u2606LSLMSL\n|j|\u2606kiboh no hana\n|inactive|Battle timer is ON: inactive players will automatically lose when time's up.\n|t:|1700395817\n|gametype|singles\n|player|p1|LSLMSL|winona|\n|player|p2|kiboh no hana|elesa-masters|\n|teamsize|p1|6\n|teamsize|p2|6\n|gen|9\n|tier|[Gen 9] OU\n|rated|Tournament battle\n|rule|Sleep Clause Mod: Limit one foe put to sleep\n|rule|Species Clause: Limit one of each Pok\u00e9mon\n|rule|OHKO Clause: OHKO moves are banned\n|rule|Evasion Items Clause: Evasion items are banned\n|rule|Evasion Moves Clause: Evasion moves are banned\n|rule|Endless Battle Clause: Forcing endless battles is banned\n|rule|HP Percentage Mod: HP is shown in percentages\n|clearpoke\n|poke|p1|Ursaluna, F|\n|poke|p1|Mimikyu, M|\n|poke|p1|Cresselia, F|\n|poke|p1|Enamorus-Therian, F|\n|poke|p1|Hatterene, F|\n|poke|p1|Hoopa-Unbound|\n|poke|p2|Great Tusk|\n|poke|p2|Kingambit, M|\n|poke|p2|Gholdengo|\n|poke|p2|Blissey, F|\n|poke|p2|Grimmsnarl, M|\n|poke|p2|Ogerpon-Wellspring, F|\n|teampreview\n|j| Koe li\n|\n|t:|1700395839\n|start\n|switch|p1a: Cresselia|Cresselia, F|100\/100\n|switch|p2a: \u62cd\u624b\u738b\u5b50|Grimmsnarl, M, shiny|100\/100\n|turn|1\n|\n|t:|1700395853\n|move|p2a: \u62cd\u624b\u738b\u5b50|Fake Out|p1a: Cresselia\n|-damage|p1a: Cresselia|95\/100\n|cant|p1a: Cresselia|flinch\n|\n|upkeep\n|turn|2\n|\n|t:|1700395857\n|move|p2a: \u62cd\u624b\u738b\u5b50|Taunt|p1a: Cresselia\n|-start|p1a: Cresselia|move: Taunt\n|-enditem|p1a: Cresselia|Mental Herb\n|-end|p1a: Cresselia|move: Taunt\n|move|p1a: Cresselia|Trick Room|p1a: Cresselia\n|-fieldstart|move: Trick Room|[of] p1a: Cresselia\n|\n|upkeep\n|turn|3\n|\n|t:|1700395881\n|switch|p1a: Ursaluna|Ursaluna, F|100\/100\n|move|p2a: \u62cd\u624b\u738b\u5b50|Trick|p1a: Ursaluna\n|-activate|p2a: \u62cd\u624b\u738b\u5b50|move: Trick|[of] p1a: Ursaluna\n|-item|p1a: Ursaluna|Lagging Tail|[from] move: Trick\n|-item|p2a: \u62cd\u624b\u738b\u5b50|Flame Orb|[from] move: Trick\n|\n|-status|p2a: \u62cd\u624b\u738b\u5b50|brn|[from] item: Flame Orb\n|upkeep\n|turn|4\n|\n|t:|1700395893\n|move|p2a: \u62cd\u624b\u738b\u5b50|Parting Shot|p1a: Ursaluna\n|-unboost|p1a: Ursaluna|atk|1\n|-unboost|p1a: Ursaluna|spa|1\n|inactive|kiboh no hana has 120 seconds left.\n|\n|t:|1700395919\n|switch|p2a: \u5c0f\u5be1\u5987|Ogerpon-Wellspring, F|100\/100|[from] Parting Shot\n|move|p1a: Ursaluna|Headlong Rush|p2a: \u5c0f\u5be1\u5987\n|-resisted|p2a: \u5c0f\u5be1\u5987\n|-damage|p2a: \u5c0f\u5be1\u5987|72\/100\n|-unboost|p1a: Ursaluna|def|1\n|-unboost|p1a: Ursaluna|spd|1\n|\n|upkeep\n|turn|5\n|inactive|LSLMSL has 120 seconds left.\n|\n|t:|1700395967\n|move|p2a: \u5c0f\u5be1\u5987|Swords Dance|p2a: \u5c0f\u5be1\u5987\n|-boost|p2a: \u5c0f\u5be1\u5987|atk|2\n|move|p1a: Ursaluna|Facade|p2a: \u5c0f\u5be1\u5987\n|-damage|p2a: \u5c0f\u5be1\u5987|33\/100\n|\n|upkeep\n|turn|6\n|\n|t:|1700395977\n|move|p2a: \u5c0f\u5be1\u5987|Horn Leech|p1a: Ursaluna\n|-supereffective|p1a: Ursaluna\n|-damage|p1a: Ursaluna|0 fnt\n|-heal|p2a: \u5c0f\u5be1\u5987|100\/100|[from] drain|[of] p1a: Ursaluna\n|faint|p1a: Ursaluna\n|\n|-fieldend|move: Trick Room\n|upkeep\n|inactive|LSLMSL has 90 seconds left.\n|\n|t:|1700396003\n|switch|p1a: Mimikyu|Mimikyu, M|100\/100\n|turn|7\n|\n|t:|1700396018\n|move|p2a: \u5c0f\u5be1\u5987|Ivy Cudgel|p1a: Mimikyu\n|-activate|p1a: Mimikyu|ability: Disguise\n|-damage|p1a: Mimikyu|100\/100\n|detailschange|p1a: Mimikyu|Mimikyu-Busted, M\n|-damage|p1a: Mimikyu|88\/100|[from] pokemon: Mimikyu-Busted\n|-enditem|p1a: Mimikyu|Red Card|[of] p2a: \u5c0f\u5be1\u5987\n|drag|p2a: \u5c0f\u91d1\u4eba\u600e\u4e48\u8fd8\u4e0d\u6eda\u8fdbuber\uff1f|Gholdengo|100\/100\n|move|p1a: Mimikyu|Trick Room|p1a: Mimikyu\n|-fieldstart|move: Trick Room|[of] p1a: Mimikyu\n|\n|upkeep\n|turn|8\n|inactive|LSLMSL has 90 seconds left.\n|\n|t:|1700396036\n|move|p1a: Mimikyu|Destiny Bond|p1a: Mimikyu\n|-singlemove|p1a: Mimikyu|Destiny Bond\n|move|p2a: \u5c0f\u91d1\u4eba\u600e\u4e48\u8fd8\u4e0d\u6eda\u8fdbuber\uff1f|Nasty Plot|p2a: \u5c0f\u91d1\u4eba\u600e\u4e48\u8fd8\u4e0d\u6eda\u8fdbuber\uff1f\n|-boost|p2a: \u5c0f\u91d1\u4eba\u600e\u4e48\u8fd8\u4e0d\u6eda\u8fdbuber\uff1f|spa|2\n|\n|upkeep\n|turn|9\n|inactive|LSLMSL has 90 seconds left.\n|\n|t:|1700396041\n|move|p1a: Mimikyu|Curse|p2a: \u5c0f\u91d1\u4eba\u600e\u4e48\u8fd8\u4e0d\u6eda\u8fdbuber\uff1f\n|-immune|p2a: \u5c0f\u91d1\u4eba\u600e\u4e48\u8fd8\u4e0d\u6eda\u8fdbuber\uff1f|[from] ability: Good as Gold\n|move|p2a: \u5c0f\u91d1\u4eba\u600e\u4e48\u8fd8\u4e0d\u6eda\u8fdbuber\uff1f|Thunder Wave|p1a: Mimikyu|[miss]\n|-miss|p2a: \u5c0f\u91d1\u4eba\u600e\u4e48\u8fd8\u4e0d\u6eda\u8fdbuber\uff1f|p1a: Mimikyu\n|\n|upkeep\n|turn|10\n|inactive|LSLMSL has 90 seconds left.\n|\n|t:|1700396052\n|move|p1a: Mimikyu|Taunt|p2a: \u5c0f\u91d1\u4eba\u600e\u4e48\u8fd8\u4e0d\u6eda\u8fdbuber\uff1f\n|-immune|p2a: \u5c0f\u91d1\u4eba\u600e\u4e48\u8fd8\u4e0d\u6eda\u8fdbuber\uff1f|[from] ability: Good as Gold\n|move|p2a: \u5c0f\u91d1\u4eba\u600e\u4e48\u8fd8\u4e0d\u6eda\u8fdbuber\uff1f|Thunder Wave|p1a: Mimikyu\n|-status|p1a: Mimikyu|par\n|\n|upkeep\n|turn|11\n|\n|t:|1700396061\n|move|p1a: Mimikyu|Destiny Bond|p1a: Mimikyu\n|-singlemove|p1a: Mimikyu|Destiny Bond\n|move|p2a: \u5c0f\u91d1\u4eba\u600e\u4e48\u8fd8\u4e0d\u6eda\u8fdbuber\uff1f|Make It Rain|p1a: Mimikyu\n|-supereffective|p1a: Mimikyu\n|-damage|p1a: Mimikyu|0 fnt\n|-unboost|p2a: \u5c0f\u91d1\u4eba\u600e\u4e48\u8fd8\u4e0d\u6eda\u8fdbuber\uff1f|spa|1\n|faint|p1a: Mimikyu\n|-activate|p1a: Mimikyu|move: Destiny Bond\n|faint|p2a: \u5c0f\u91d1\u4eba\u600e\u4e48\u8fd8\u4e0d\u6eda\u8fdbuber\uff1f\n|\n|-fieldend|move: Trick Room\n|upkeep\n|inactive|LSLMSL has 90 seconds left.\n|\n|t:|1700396080\n|switch|p2a: \u62cd\u624b\u738b\u5b50|Grimmsnarl, M, shiny|100\/100 brn\n|switch|p1a: Hoopa|Hoopa-Unbound|100\/100\n|turn|12\n|inactive|LSLMSL has 90 seconds left.\n|\n|t:|1700396093\n|move|p2a: \u62cd\u624b\u738b\u5b50|Taunt|p1a: Hoopa\n|-hint|Since gen 7, Dark is immune to Prankster moves.\n|-immune|p1a: Hoopa\n|move|p1a: Hoopa|Drain Punch|p2a: \u62cd\u624b\u738b\u5b50\n|-damage|p2a: \u62cd\u624b\u738b\u5b50|69\/100 brn\n|\n|-damage|p2a: \u62cd\u624b\u738b\u5b50|63\/100 brn|[from] brn\n|upkeep\n|turn|13\n|\n|t:|1700396102\n|switch|p2a: \u54fc\u54fc\u54fc\uff0c\u554a\u554a\u554a\u554a\u554a\u554a|Great Tusk|100\/100\n|move|p1a: Hoopa|Trick Room|p1a: Hoopa\n|-fieldstart|move: Trick Room|[of] p1a: Hoopa\n|\n|upkeep\n|turn|14\n|\n|t:|1700396114\n|move|p1a: Hoopa|Psychic|p2a: \u54fc\u54fc\u54fc\uff0c\u554a\u554a\u554a\u554a\u554a\u554a\n|-supereffective|p2a: \u54fc\u54fc\u54fc\uff0c\u554a\u554a\u554a\u554a\u554a\u554a\n|-damage|p2a: \u54fc\u54fc\u54fc\uff0c\u554a\u554a\u554a\u554a\u554a\u554a|3\/100\n|move|p2a: \u54fc\u54fc\u54fc\uff0c\u554a\u554a\u554a\u554a\u554a\u554a|Play Rough|p1a: Hoopa\n|-supereffective|p1a: Hoopa\n|-damage|p1a: Hoopa|16\/100\n|\n|upkeep\n|turn|15\n|\n|t:|1700396121\n|-end|p2a: \u54fc\u54fc\u54fc\uff0c\u554a\u554a\u554a\u554a\u554a\u554a|Protosynthesis|[silent]\n|switch|p2a: \u62cd\u624b\u738b\u5b50|Grimmsnarl, M, shiny|63\/100 brn\n|move|p1a: Hoopa|Hyperspace Fury|p2a: \u62cd\u624b\u738b\u5b50\n|-resisted|p2a: \u62cd\u624b\u738b\u5b50\n|-crit|p2a: \u62cd\u624b\u738b\u5b50\n|-damage|p2a: \u62cd\u624b\u738b\u5b50|39\/100 brn\n|-unboost|p1a: Hoopa|def|1\n|-enditem|p1a: Hoopa|Eject Pack\n|\n|t:|1700396128\n|switch|p1a: Enamorus|Enamorus-Therian, F|100\/100\n|\n|-damage|p2a: \u62cd\u624b\u738b\u5b50|33\/100 brn|[from] brn\n|upkeep\n|turn|16\n|\n|t:|1700396141\n|move|p2a: \u62cd\u624b\u738b\u5b50|Fake Out|p1a: Enamorus\n|-damage|p1a: Enamorus|96\/100\n|cant|p1a: Enamorus|flinch\n|\n|-damage|p2a: \u62cd\u624b\u738b\u5b50|27\/100 brn|[from] brn\n|upkeep\n|turn|17\n|\n|t:|1700396152\n|move|p2a: \u62cd\u624b\u738b\u5b50|Parting Shot|p1a: Enamorus\n|-unboost|p1a: Enamorus|atk|1\n|-unboost|p1a: Enamorus|spa|1\n|\n|t:|1700396157\n|switch|p2a: \u54fc\u54fc\u54fc\uff0c\u554a\u554a\u554a\u554a\u554a\u554a|Great Tusk|3\/100|[from] Parting Shot\n|move|p1a: Enamorus|Earth Power|p2a: \u54fc\u54fc\u54fc\uff0c\u554a\u554a\u554a\u554a\u554a\u554a\n|-damage|p2a: \u54fc\u54fc\u54fc\uff0c\u554a\u554a\u554a\u554a\u554a\u554a|0 fnt\n|faint|p2a: \u54fc\u54fc\u54fc\uff0c\u554a\u554a\u554a\u554a\u554a\u554a\n|-end|p2a: \u54fc\u54fc\u54fc\uff0c\u554a\u554a\u554a\u554a\u554a\u554a|Protosynthesis|[silent]\n|\n|-fieldend|move: Trick Room\n|upkeep\n|\n|t:|1700396178\n|switch|p2a: \u5c31\u4f60TM\u5288\u6211\u961f\u53cb\uff1f|Kingambit, M|100\/100\n|-activate|p2a: \u5c31\u4f60TM\u5288\u6211\u961f\u53cb\uff1f|ability: Supreme Overlord\n|-start|p2a: \u5c31\u4f60TM\u5288\u6211\u961f\u53cb\uff1f|fallen2|[silent]\n|turn|18\n|inactive|LSLMSL has 120 seconds left.\n|\n|t:|1700396190\n|-terastallize|p2a: \u5c31\u4f60TM\u5288\u6211\u961f\u53cb\uff1f|Flying\n|move|p2a: \u5c31\u4f60TM\u5288\u6211\u961f\u53cb\uff1f|Swords Dance|p2a: \u5c31\u4f60TM\u5288\u6211\u961f\u53cb\uff1f\n|-boost|p2a: \u5c31\u4f60TM\u5288\u6211\u961f\u53cb\uff1f|atk|2\n|move|p1a: Enamorus|Earth Power|p2a: \u5c31\u4f60TM\u5288\u6211\u961f\u53cb\uff1f\n|-immune|p2a: \u5c31\u4f60TM\u5288\u6211\u961f\u53cb\uff1f\n|\n|upkeep\n|turn|19\n|inactive|LSLMSL has 120 seconds left.\n|\n|t:|1700396199\n|switch|p1a: Hoopa|Hoopa-Unbound|16\/100\n|move|p2a: \u5c31\u4f60TM\u5288\u6211\u961f\u53cb\uff1f|Iron Head|p1a: Hoopa\n|-damage|p1a: Hoopa|0 fnt\n|faint|p1a: Hoopa\n|-damage|p2a: \u5c31\u4f60TM\u5288\u6211\u961f\u53cb\uff1f|91\/100|[from] item: Life Orb\n|\n|upkeep\n|inactive|LSLMSL has 120 seconds left.\n|\n|t:|1700396209\n|switch|p1a: Hatterene|Hatterene, F|100\/100\n|turn|20\n|j| dev cubemap\n|\n|t:|1700396218\n|move|p2a: \u5c31\u4f60TM\u5288\u6211\u961f\u53cb\uff1f|Iron Head|p1a: Hatterene\n|-supereffective|p1a: Hatterene\n|-enditem|p1a: Hatterene|Focus Sash\n|-damage|p1a: Hatterene|1\/100\n|-damage|p2a: \u5c31\u4f60TM\u5288\u6211\u961f\u53cb\uff1f|81\/100|[from] item: Life Orb\n|move|p1a: Hatterene|Trick Room|p1a: Hatterene\n|-fieldstart|move: Trick Room|[of] p1a: Hatterene\n|\n|upkeep\n|turn|21\n|\n|t:|1700396230\n|move|p2a: \u5c31\u4f60TM\u5288\u6211\u961f\u53cb\uff1f|Sucker Punch||[still]\n|-fail|p2a: \u5c31\u4f60TM\u5288\u6211\u961f\u53cb\uff1f\n|move|p1a: Hatterene|Healing Wish|p1a: Hatterene\n|faint|p1a: Hatterene\n|\n|upkeep\n|\n|t:|1700396237\n|switch|p1a: Enamorus|Enamorus-Therian, F|96\/100\n|-heal|p1a: Enamorus|100\/100|[from] move: Healing Wish\n|turn|22\n|\n|t:|1700396246\n|-terastallize|p1a: Enamorus|Fairy\n|move|p2a: \u5c31\u4f60TM\u5288\u6211\u961f\u53cb\uff1f|Protect|p2a: \u5c31\u4f60TM\u5288\u6211\u961f\u53cb\uff1f\n|-singleturn|p2a: \u5c31\u4f60TM\u5288\u6211\u961f\u53cb\uff1f|Protect\n|move|p1a: Enamorus|Moonblast|p2a: \u5c31\u4f60TM\u5288\u6211\u961f\u53cb\uff1f\n|-activate|p2a: \u5c31\u4f60TM\u5288\u6211\u961f\u53cb\uff1f|move: Protect\n|\n|upkeep\n|turn|23\n|\n|t:|1700396255\n|move|p1a: Enamorus|Moonblast|p2a: \u5c31\u4f60TM\u5288\u6211\u961f\u53cb\uff1f\n|-damage|p2a: \u5c31\u4f60TM\u5288\u6211\u961f\u53cb\uff1f|0 fnt\n|faint|p2a: \u5c31\u4f60TM\u5288\u6211\u961f\u53cb\uff1f\n|-end|p2a: \u5c31\u4f60TM\u5288\u6211\u961f\u53cb\uff1f|fallen2|[silent]\n|\n|upkeep\n|\n|t:|1700396262\n|switch|p2a: \u62cd\u624b\u738b\u5b50|Grimmsnarl, M, shiny|27\/100 brn\n|turn|24\n|\n|t:|1700396264\n|switch|p1a: Cresselia|Cresselia, F|95\/100\n|move|p2a: \u62cd\u624b\u738b\u5b50|Fake Out|p1a: Cresselia\n|-damage|p1a: Cresselia|92\/100\n|\n|-damage|p2a: \u62cd\u624b\u738b\u5b50|21\/100 brn|[from] brn\n|-fieldend|move: Trick Room\n|upkeep\n|turn|25\n|\n|t:|1700396271\n|move|p2a: \u62cd\u624b\u738b\u5b50|Taunt|p1a: Cresselia\n|-start|p1a: Cresselia|move: Taunt\n|move|p1a: Cresselia|Ice Beam|p2a: \u62cd\u624b\u738b\u5b50\n|-damage|p2a: \u62cd\u624b\u738b\u5b50|8\/100 brn\n|\n|-damage|p2a: \u62cd\u624b\u738b\u5b50|2\/100 brn|[from] brn\n|upkeep\n|turn|26\n|\n|t:|1700396278\n|switch|p1a: Enamorus|Enamorus-Therian, F, tera:Fairy|100\/100\n|move|p2a: \u62cd\u624b\u738b\u5b50|Parting Shot|p1a: Enamorus\n|-unboost|p1a: Enamorus|atk|1\n|-unboost|p1a: Enamorus|spa|1\n|\n|t:|1700396288\n|switch|p2a: \u5c0f\u5be1\u5987|Ogerpon-Wellspring, F|100\/100|[from] Parting Shot\n|\n|upkeep\n|turn|27\n|\n|t:|1700396295\n|switch|p1a: Cresselia|Cresselia, F|92\/100\n|move|p2a: \u5c0f\u5be1\u5987|Ivy Cudgel|p1a: Cresselia\n|-damage|p1a: Cresselia|61\/100\n|\n|upkeep\n|turn|28\n|\n|t:|1700396300\n|move|p2a: \u5c0f\u5be1\u5987|Ivy Cudgel|p1a: Cresselia\n|-damage|p1a: Cresselia|30\/100\n|move|p1a: Cresselia|Trick Room|p1a: Cresselia\n|-fieldstart|move: Trick Room|[of] p1a: Cresselia\n|\n|upkeep\n|turn|29\n|\n|t:|1700396324\n|move|p1a: Cresselia|Moonlight|p1a: Cresselia\n|-heal|p1a: Cresselia|80\/100\n|move|p2a: \u5c0f\u5be1\u5987|Swords Dance|p2a: \u5c0f\u5be1\u5987\n|-boost|p2a: \u5c0f\u5be1\u5987|atk|2\n|\n|upkeep\n|turn|30\n|\n|t:|1700396337\n|move|p1a: Cresselia|Lunar Dance|p1a: Cresselia\n|faint|p1a: Cresselia\n|move|p2a: \u5c0f\u5be1\u5987|Ivy Cudgel|p1: Cresselia|[notarget]\n|-fail|p2a: \u5c0f\u5be1\u5987\n|\n|upkeep\n|\n|t:|1700396342\n|switch|p1a: Enamorus|Enamorus-Therian, F, tera:Fairy|100\/100\n|-heal|p1a: Enamorus|100\/100|[from] move: Lunar Dance\n|turn|31\n|\n|t:|1700396348\n|move|p2a: \u5c0f\u5be1\u5987|Spiky Shield|p2a: \u5c0f\u5be1\u5987\n|-singleturn|p2a: \u5c0f\u5be1\u5987|move: Protect\n|move|p1a: Enamorus|Moonblast|p2a: \u5c0f\u5be1\u5987\n|-activate|p2a: \u5c0f\u5be1\u5987|move: Protect\n|\n|upkeep\n|turn|32\n|\n|t:|1700396354\n|move|p1a: Enamorus|Moonblast|p2a: \u5c0f\u5be1\u5987\n|-damage|p2a: \u5c0f\u5be1\u5987|0 fnt\n|faint|p2a: \u5c0f\u5be1\u5987\n|\n|-fieldend|move: Trick Room\n|upkeep\n|\n|t:|1700396359\n|switch|p2a: Blissey|Blissey, F|100\/100\n|turn|33\n|\n|t:|1700396362\n|move|p2a: Blissey|Metronome|p2a: Blissey\n|move|p2a: Blissey|Struggle Bug|p1a: Enamorus|[from]move: Metronome\n|-resisted|p1a: Enamorus\n|-damage|p1a: Enamorus|96\/100\n|-unboost|p1a: Enamorus|spa|1\n|move|p1a: Enamorus|Moonblast|p2a: Blissey\n|-damage|p2a: Blissey|70\/100\n|\n|-heal|p2a: Blissey|77\/100|[from] item: Leftovers\n|upkeep\n|turn|34\n|\n|t:|1700396367\n|move|p2a: Blissey|Metronome|p2a: Blissey\n|move|p2a: Blissey|Recover|p2a: Blissey|[from]move: Metronome\n|-heal|p2a: Blissey|100\/100\n|move|p1a: Enamorus|Moonblast|p2a: Blissey\n|-damage|p2a: Blissey|68\/100\n|-unboost|p2a: Blissey|spa|1\n|\n|-heal|p2a: Blissey|74\/100|[from] item: Leftovers\n|upkeep\n|turn|35\n|\n|t:|1700396370\n|move|p2a: Blissey|Metronome|p2a: Blissey\n|move|p2a: Blissey|Shell Side Arm|p1a: Enamorus|[from]move: Metronome|[anim] Shell Side Arm Special\n|-supereffective|p1a: Enamorus\n|-damage|p1a: Enamorus|75\/100\n|-hint|Special Shell Side Arm\n|-status|p1a: Enamorus|psn\n|move|p1a: Enamorus|Moonblast|p2a: Blissey\n|-damage|p2a: Blissey|42\/100\n|\n|-heal|p2a: Blissey|48\/100|[from] item: Leftovers\n|-damage|p1a: Enamorus|63\/100 psn|[from] psn\n|upkeep\n|turn|36\n|\n|t:|1700396374\n|move|p2a: Blissey|Metronome|p2a: Blissey\n|move|p2a: Blissey|Shelter|p2a: Blissey|[from]move: Metronome\n|-boost|p2a: Blissey|def|2\n|move|p1a: Enamorus|Moonblast|p2a: Blissey\n|-damage|p2a: Blissey|17\/100\n|\n|-heal|p2a: Blissey|23\/100|[from] item: Leftovers\n|-damage|p1a: Enamorus|51\/100 psn|[from] psn\n|upkeep\n|turn|37\n|\n|t:|1700396379\n|move|p2a: Blissey|Soft-Boiled|p2a: Blissey\n|-heal|p2a: Blissey|73\/100\n|move|p1a: Enamorus|Moonblast|p2a: Blissey\n|-damage|p2a: Blissey|42\/100\n|-unboost|p2a: Blissey|spa|1\n|\n|-heal|p2a: Blissey|48\/100|[from] item: Leftovers\n|-damage|p1a: Enamorus|38\/100 psn|[from] psn\n|upkeep\n|turn|38\n|\n|t:|1700396381\n|move|p2a: Blissey|Metronome|p2a: Blissey\n|move|p2a: Blissey|Boomburst|p1a: Enamorus|[from]move: Metronome\n|-damage|p1a: Enamorus|20\/100 psn\n|move|p1a: Enamorus|Moonblast|p2a: Blissey\n|-damage|p2a: Blissey|18\/100\n|-unboost|p2a: Blissey|spa|1\n|\n|-heal|p2a: Blissey|24\/100|[from] item: Leftovers\n|-damage|p1a: Enamorus|8\/100 psn|[from] psn\n|upkeep\n|turn|39\n|\n|t:|1700396384\n|move|p2a: Blissey|Soft-Boiled|p2a: Blissey\n|-heal|p2a: Blissey|74\/100\n|move|p1a: Enamorus|Moonblast|p2a: Blissey\n|-damage|p2a: Blissey|46\/100\n|-unboost|p2a: Blissey|spa|1\n|\n|-heal|p2a: Blissey|53\/100|[from] item: Leftovers\n|-damage|p1a: Enamorus|0 fnt|[from] psn\n|faint|p1a: Enamorus\n|\n|win|kiboh no hana\n|upkeep\n|n|\u2606LSLMSL|lslmsl\n|n|\u2606kiboh no hana|kibohnohana\n|n| Koe li|koeli\n|n| dev cubemap|devcubemap\n|l|\u2606LSLMSL\n|l|\u2606kiboh no hana\n|l| Koe li\n|j|\u2606LSLMSL\n|player|p1|LSLMSL|winona\n","uploadtime":1700396386,"views":5,"p1id":"lslmsl","p2id":"kibohnohana","formatid":"gen9ou","rating":0,"private":0,"password":""}