{"id":"china-gen9ou-11214884","p1":"miaoha2","p2":"Eric41","format":"[Gen 9] OU","log":"|j|\u2606miaoha2\n|j|\u2606Eric41\n|inactive|Battle timer is ON: inactive players will automatically lose when time's up.\n|t:|1700741114\n|gametype|singles\n|player|p1|miaoha2|2|\n|player|p2|Eric41|bugcatcher-gen4dp|\n|teamsize|p1|6\n|teamsize|p2|6\n|gen|9\n|tier|[Gen 9] OU\n|rated|Tournament battle\n|rule|Sleep Clause Mod: Limit one foe put to sleep\n|rule|Species Clause: Limit one of each Pok\u00e9mon\n|rule|OHKO Clause: OHKO moves are banned\n|rule|Evasion Items Clause: Evasion items are banned\n|rule|Evasion Moves Clause: Evasion moves are banned\n|rule|Endless Battle Clause: Forcing endless battles is banned\n|rule|HP Percentage Mod: HP is shown in percentages\n|clearpoke\n|poke|p1|Meowscarada, M|\n|poke|p1|Vaporeon, M|\n|poke|p1|Ceruledge, M|\n|poke|p1|Dragonite, M|\n|poke|p1|Walking Wake|\n|poke|p1|Gholdengo|\n|poke|p2|Ceruledge, M|\n|poke|p2|Ninetales-Alola, M|\n|poke|p2|Meowscarada, M|\n|poke|p2|Armarouge, M|\n|poke|p2|Dragonite, M|\n|poke|p2|Blissey, F|\n|teampreview\n|\n|t:|1700741136\n|start\n|switch|p1a: Walking Wake|Walking Wake|100\/100\n|switch|p2a: Ceruledge|Ceruledge, M, shiny|100\/100\n|-enditem|p1a: Walking Wake|Booster Energy\n|-activate|p1a: Walking Wake|ability: Protosynthesis|[fromitem]\n|-start|p1a: Walking Wake|protosynthesisspa\n|turn|1\n|\n|t:|1700741146\n|move|p1a: Walking Wake|Hydro Steam|p2a: Ceruledge\n|-supereffective|p2a: Ceruledge\n|-crit|p2a: Ceruledge\n|-damage|p2a: Ceruledge|0 fnt\n|faint|p2a: Ceruledge\n|\n|upkeep\n|\n|t:|1700741151\n|switch|p2a: Ninetales|Ninetales-Alola, M, shiny|100\/100\n|-weather|Snow|[from] ability: Snow Warning|[of] p2a: Ninetales\n|turn|2\n|\n|t:|1700741159\n|-end|p1a: Walking Wake|Protosynthesis|[silent]\n|switch|p1a: Gholdengo|Gholdengo|100\/100\n|move|p2a: Ninetales|Blizzard|p1a: Gholdengo\n|-resisted|p1a: Gholdengo\n|-damage|p1a: Gholdengo|81\/100\n|\n|-weather|Snow|[upkeep]\n|upkeep\n|turn|3\n|\n|t:|1700741170\n|move|p2a: Ninetales|Blizzard|p1a: Gholdengo\n|-resisted|p1a: Gholdengo\n|-damage|p1a: Gholdengo|58\/100\n|move|p1a: Gholdengo|Flash Cannon|p2a: Ninetales\n|-supereffective|p2a: Ninetales\n|-damage|p2a: Ninetales|0 fnt\n|faint|p2a: Ninetales\n|\n|-weather|Snow|[upkeep]\n|upkeep\n|\n|t:|1700741178\n|switch|p2a: Meowscarada|Meowscarada, M, shiny|100\/100\n|turn|4\n|\n|t:|1700741182\n|move|p2a: Meowscarada|Energy Ball|p1a: Gholdengo\n|-resisted|p1a: Gholdengo\n|-damage|p1a: Gholdengo|42\/100\n|move|p1a: Gholdengo|Flash Cannon|p2a: Meowscarada\n|-damage|p2a: Meowscarada|28\/100\n|\n|-weather|Snow|[upkeep]\n|upkeep\n|turn|5\n|c|\u2606Eric41|\uff1f\n|\n|t:|1700741194\n|move|p2a: Meowscarada|Energy Ball|p1a: Gholdengo\n|-resisted|p1a: Gholdengo\n|-damage|p1a: Gholdengo|17\/100\n|move|p1a: Gholdengo|Flash Cannon|p2a: Meowscarada\n|-damage|p2a: Meowscarada|0 fnt\n|faint|p2a: Meowscarada\n|\n|-weather|Snow|[upkeep]\n|upkeep\n|\n|t:|1700741201\n|switch|p2a: Blissey|Blissey, F, shiny|100\/100\n|turn|6\n|\n|t:|1700741213\n|move|p1a: Gholdengo|Flash Cannon|p2a: Blissey\n|-damage|p2a: Blissey|85\/100\n|move|p2a: Blissey|Sweet Kiss|p1a: Gholdengo\n|-immune|p1a: Gholdengo|[from] ability: Good as Gold\n|\n|-weather|none\n|upkeep\n|turn|7\n|\n|t:|1700741226\n|move|p1a: Gholdengo|Thunder Punch|p2a: Blissey\n|-damage|p2a: Blissey|62\/100\n|move|p2a: Blissey|Sweet Kiss|p1a: Gholdengo\n|-immune|p1a: Gholdengo|[from] ability: Good as Gold\n|\n|upkeep\n|turn|8\n|\n|t:|1700741235\n|move|p1a: Gholdengo|Thunder Punch|p2a: Blissey\n|-damage|p2a: Blissey|38\/100\n|move|p2a: Blissey|Sweet Kiss|p1a: Gholdengo\n|-immune|p1a: Gholdengo|[from] ability: Good as Gold\n|\n|upkeep\n|turn|9\n|\n|t:|1700741246\n|move|p1a: Gholdengo|Thunder Punch|p2a: Blissey\n|-damage|p2a: Blissey|15\/100\n|move|p2a: Blissey|Sweet Kiss|p1a: Gholdengo\n|-immune|p1a: Gholdengo|[from] ability: Good as Gold\n|\n|upkeep\n|turn|10\n|\n|t:|1700741257\n|move|p1a: Gholdengo|Flash Cannon|p2a: Blissey\n|-damage|p2a: Blissey|0 fnt\n|faint|p2a: Blissey\n|\n|upkeep\n|\n|t:|1700741269\n|switch|p2a: Dragonite|Dragonite, M|100\/100\n|turn|11\n|\n|t:|1700741275\n|-singleturn|p2a: Dragonite|move: Focus Punch\n|move|p1a: Gholdengo|Dazzling Gleam|p2a: Dragonite\n|-supereffective|p2a: Dragonite\n|-damage|p2a: Dragonite|45\/100\n|cant|p2a: Dragonite|Focus Punch|Focus Punch\n|\n|upkeep\n|turn|12\n|\n|t:|1700741286\n|-singleturn|p2a: Dragonite|move: Focus Punch\n|move|p1a: Gholdengo|Dazzling Gleam|p2a: Dragonite\n|-supereffective|p2a: Dragonite\n|-crit|p2a: Dragonite\n|-damage|p2a: Dragonite|0 fnt\n|faint|p2a: Dragonite\n|\n|upkeep\n|\n|t:|1700741293\n|switch|p2a: Armarouge|Armarouge, M, shiny|100\/100\n|turn|13\n|\n|t:|1700741300\n|move|p1a: Gholdengo|Shadow Ball|p2a: Armarouge\n|-supereffective|p2a: Armarouge\n|-enditem|p2a: Armarouge|Focus Sash\n|-damage|p2a: Armarouge|1\/100\n|move|p2a: Armarouge|Psychic|p1a: Gholdengo\n|-resisted|p1a: Gholdengo\n|-damage|p1a: Gholdengo|0 fnt\n|faint|p1a: Gholdengo\n|\n|upkeep\n|\n|t:|1700741313\n|switch|p1a: Ceruledge|Ceruledge, M|100\/100\n|turn|14\n|\n|t:|1700741319\n|move|p1a: Ceruledge|Phantom Force||[still]\n|-prepare|p1a: Ceruledge|Phantom Force\n|move|p2a: Armarouge|Psychic|p1a: Ceruledge|[miss]\n|-miss|p2a: Armarouge|p1a: Ceruledge\n|\n|upkeep\n|turn|15\n|\n|t:|1700741324\n|move|p1a: Ceruledge|Phantom Force|p2a: Armarouge|[from]lockedmove\n|-supereffective|p2a: Armarouge\n|-damage|p2a: Armarouge|0 fnt\n|faint|p2a: Armarouge\n|\n|win|miaoha2\n|n|\u2606miaoha2|miaoha2\n|n|\u2606Eric41|eric41\n","uploadtime":1700741326,"views":4,"p1id":"miaoha2","p2id":"eric41","formatid":"gen9ou","rating":0,"private":0,"password":""}