{"id":"china-gen9ou-11227340","p1":"lysmile77","p2":"SakakibaraKotone","format":"[Gen 9] OU","log":"|j|\u2606lysmile77\n|j|\u2606SakakibaraKotone\n|t:|1700908097\n|gametype|singles\n|player|p1|lysmile77|erika-gen2|\n|player|p2|SakakibaraKotone|irida|\n|teamsize|p1|6\n|teamsize|p2|6\n|gen|9\n|tier|[Gen 9] OU\n|rule|Sleep Clause Mod: Limit one foe put to sleep\n|rule|Species Clause: Limit one of each Pok\u00e9mon\n|rule|OHKO Clause: OHKO moves are banned\n|rule|Evasion Items Clause: Evasion items are banned\n|rule|Evasion Moves Clause: Evasion moves are banned\n|rule|Endless Battle Clause: Forcing endless battles is banned\n|rule|HP Percentage Mod: HP is shown in percentages\n|clearpoke\n|poke|p1|Hatterene, F|\n|poke|p1|Ursaluna, M|\n|poke|p1|Rillaboom, F|\n|poke|p1|Enamorus-Therian, F|\n|poke|p1|Kingambit, F|\n|poke|p1|Cresselia, F|\n|poke|p2|Ogerpon, F|\n|poke|p2|Ting-Lu|\n|poke|p2|Zapdos|\n|poke|p2|Alomomola, F|\n|poke|p2|Cinderace, M|\n|poke|p2|Iron Valiant|\n|teampreview\n|\n|t:|1700908143\n|start\n|switch|p1a: Hatterene|Hatterene, F|100\/100\n|switch|p2a: Ting-Lu|Ting-Lu|100\/100\n|-ability|p2a: Ting-Lu|Vessel of Ruin\n|turn|1\n|\n|t:|1700908154\n|move|p2a: Ting-Lu|Heavy Slam|p1a: Hatterene\n|-supereffective|p1a: Hatterene\n|-damage|p1a: Hatterene|11\/100\n|move|p1a: Hatterene|Trick Room|p1a: Hatterene\n|-fieldstart|move: Trick Room|[of] p1a: Hatterene\n|\n|upkeep\n|turn|2\n|j| unjuanable\n|\n|t:|1700908189\n|move|p1a: Hatterene|Misty Explosion|p2a: Ting-Lu\n|-supereffective|p2a: Ting-Lu\n|-damage|p2a: Ting-Lu|51\/100\n|faint|p1a: Hatterene\n|move|p2a: Ting-Lu|Ruination|p1: Hatterene|[notarget]\n|-fail|p2a: Ting-Lu\n|\n|upkeep\n|\n|t:|1700908196\n|switch|p1a: Enamorus|Enamorus-Therian, F|100\/100\n|turn|3\n|\n|t:|1700908207\n|move|p1a: Enamorus|Moonblast|p2a: Ting-Lu\n|-supereffective|p2a: Ting-Lu\n|-damage|p2a: Ting-Lu|0 fnt\n|faint|p2a: Ting-Lu\n|\n|upkeep\n|\n|t:|1700908237\n|switch|p2a: Iron Valiant|Iron Valiant|100\/100\n|-enditem|p2a: Iron Valiant|Booster Energy\n|-activate|p2a: Iron Valiant|ability: Quark Drive|[fromitem]\n|-start|p2a: Iron Valiant|quarkdrivespe\n|turn|4\n|\n|t:|1700908240\n|-terastallize|p2a: Iron Valiant|Steel\n|move|p1a: Enamorus|Moonblast|p2a: Iron Valiant\n|-resisted|p2a: Iron Valiant\n|-damage|p2a: Iron Valiant|21\/100\n|move|p2a: Iron Valiant|Calm Mind|p2a: Iron Valiant\n|-boost|p2a: Iron Valiant|spa|1\n|-boost|p2a: Iron Valiant|spd|1\n|\n|upkeep\n|turn|5\n|j| floure\n|\n|t:|1700908258\n|-end|p2a: Iron Valiant|Quark Drive|[silent]\n|switch|p2a: Cinderace|Cinderace, M|100\/100\n|move|p1a: Enamorus|Moonblast|p2a: Cinderace\n|-resisted|p2a: Cinderace\n|-crit|p2a: Cinderace\n|-damage|p2a: Cinderace|10\/100\n|-unboost|p2a: Cinderace|spa|1\n|\n|-fieldend|move: Trick Room\n|upkeep\n|turn|6\n|\n|t:|1700908278\n|move|p2a: Cinderace|Pyro Ball|p1a: Enamorus\n|-damage|p1a: Enamorus|52\/100\n|move|p1a: Enamorus|Moonblast|p2a: Cinderace\n|-resisted|p2a: Cinderace\n|-damage|p2a: Cinderace|0 fnt\n|faint|p2a: Cinderace\n|\n|upkeep\n|\n|t:|1700908282\n|switch|p2a: Zapdos|Zapdos|100\/100\n|turn|7\n|\n|t:|1700908299\n|switch|p1a: \u5730\u9053\u718a\u5e08-\u556a\u53fd\u6d41|Ursaluna, M|100\/100\n|move|p2a: Zapdos|Hurricane|p1a: \u5730\u9053\u718a\u5e08-\u556a\u53fd\u6d41|[miss]\n|-miss|p2a: Zapdos|p1a: \u5730\u9053\u718a\u5e08-\u556a\u53fd\u6d41\n|\n|-status|p1a: \u5730\u9053\u718a\u5e08-\u556a\u53fd\u6d41|brn|[from] item: Flame Orb\n|upkeep\n|turn|8\n|\n|t:|1700908328\n|move|p2a: Zapdos|Hurricane|p1a: \u5730\u9053\u718a\u5e08-\u556a\u53fd\u6d41\n|-damage|p1a: \u5730\u9053\u718a\u5e08-\u556a\u53fd\u6d41|56\/100 brn\n|-start|p1a: \u5730\u9053\u718a\u5e08-\u556a\u53fd\u6d41|confusion\n|-activate|p1a: \u5730\u9053\u718a\u5e08-\u556a\u53fd\u6d41|confusion\n|move|p1a: \u5730\u9053\u718a\u5e08-\u556a\u53fd\u6d41|Facade|p2a: Zapdos\n|-damage|p2a: Zapdos|0 fnt\n|faint|p2a: Zapdos\n|\n|-damage|p1a: \u5730\u9053\u718a\u5e08-\u556a\u53fd\u6d41|50\/100 brn|[from] brn\n|upkeep\n|\n|t:|1700908332\n|switch|p2a: Ogerpon|Ogerpon, F|100\/100\n|turn|9\n|\n|t:|1700908352\n|move|p2a: Ogerpon|Ivy Cudgel|p1a: \u5730\u9053\u718a\u5e08-\u556a\u53fd\u6d41\n|-supereffective|p1a: \u5730\u9053\u718a\u5e08-\u556a\u53fd\u6d41\n|-damage|p1a: \u5730\u9053\u718a\u5e08-\u556a\u53fd\u6d41|0 fnt\n|faint|p1a: \u5730\u9053\u718a\u5e08-\u556a\u53fd\u6d41\n|\n|upkeep\n|\n|t:|1700908357\n|switch|p1a: Cresselia|Cresselia, F|100\/100\n|turn|10\n|\n|t:|1700908364\n|move|p2a: Ogerpon|Ivy Cudgel|p1a: Cresselia\n|-crit|p1a: Cresselia\n|-damage|p1a: Cresselia|18\/100\n|move|p1a: Cresselia|Trick Room|p1a: Cresselia\n|-fieldstart|move: Trick Room|[of] p1a: Cresselia\n|\n|upkeep\n|turn|11\n|\n|t:|1700908368\n|move|p1a: Cresselia|Lunar Dance|p1a: Cresselia\n|faint|p1a: Cresselia\n|move|p2a: Ogerpon|Ivy Cudgel|p1: Cresselia|[notarget]\n|-fail|p2a: Ogerpon\n|\n|upkeep\n|\n|t:|1700908371\n|switch|p1a: Enamorus|Enamorus-Therian, F|52\/100\n|-heal|p1a: Enamorus|100\/100|[from] move: Lunar Dance\n|turn|12\n|j| Yuudachi0811\n|\n|t:|1700908383\n|switch|p2a: Alomomola|Alomomola, F|100\/100\n|-terastallize|p1a: Enamorus|Fairy\n|move|p1a: Enamorus|Moonblast|p2a: Alomomola\n|-damage|p2a: Alomomola|0 fnt\n|faint|p2a: Alomomola\n|\n|upkeep\n|\n|t:|1700908393\n|switch|p2a: Ogerpon|Ogerpon, F|100\/100\n|turn|13\n|\n|t:|1700908401\n|move|p1a: Enamorus|Moonblast|p2a: Ogerpon\n|-damage|p2a: Ogerpon|0 fnt\n|faint|p2a: Ogerpon\n|\n|upkeep\n|\n|t:|1700908404\n|switch|p2a: Iron Valiant|Iron Valiant, tera:Steel|21\/100\n|turn|14\n|\n|t:|1700908407\n|move|p1a: Enamorus|Moonblast|p2a: Iron Valiant\n|-resisted|p2a: Iron Valiant\n|-damage|p2a: Iron Valiant|0 fnt\n|faint|p2a: Iron Valiant\n|-end|p2a: Iron Valiant|Quark Drive|[silent]\n|\n|win|lysmile77\n|l| floure\n|c|\u2606SakakibaraKotone|gg\n|c|\u2606lysmile77|u2\n|l| Yuudachi0811\n","uploadtime":1700908416,"views":15,"p1id":"lysmile77","p2id":"sakakibarakotone","formatid":"gen9ou","rating":0,"private":0,"password":""}