{"id":"china-gen9ou-11202710","p1":"SeaRabbit","p2":"SakakibaraKotone","format":"[Gen 9] OU","log":"|j|\u2606SeaRabbit\n|j|\u2606SakakibaraKotone\n|t:|1700564423\n|gametype|singles\n|player|p1|SeaRabbit|searabbit.jpg|\n|player|p2|SakakibaraKotone|irida|\n|teamsize|p1|6\n|teamsize|p2|6\n|gen|9\n|tier|[Gen 9] OU\n|rule|Sleep Clause Mod: Limit one foe put to sleep\n|rule|Species Clause: Limit one of each Pok\u00e9mon\n|rule|OHKO Clause: OHKO moves are banned\n|rule|Evasion Items Clause: Evasion items are banned\n|rule|Evasion Moves Clause: Evasion moves are banned\n|rule|Endless Battle Clause: Forcing endless battles is banned\n|rule|HP Percentage Mod: HP is shown in percentages\n|clearpoke\n|poke|p1|Rillaboom, M|\n|poke|p1|Landorus-Therian, M|\n|poke|p1|Greninja-*, M|\n|poke|p1|Sneasler, F|\n|poke|p1|Heatran, M|\n|poke|p1|Iron Valiant|\n|poke|p2|Alomomola, F|\n|poke|p2|Slowking-Galar, F|\n|poke|p2|Kingambit, F|\n|poke|p2|Great Tusk|\n|poke|p2|Cinderace, F|\n|poke|p2|Thundurus-Therian, M|\n|teampreview\n|l|\u2606SeaRabbit\n|player|p1|\n|j| Swordsman.N\n|j| unjuanable\n|inactive|Battle timer is ON: inactive players will automatically lose when time's up. (requested by SakakibaraKotone)\n|j|\u2606SeaRabbit\n|inactive|SeaRabbit reconnected and has 300 seconds left.\n|player|p1|SeaRabbit|searabbit.jpg\n|\n|t:|1700564587\n|start\n|switch|p1a: Rillaboom|Rillaboom, M|100\/100\n|switch|p2a: Cinderace|Cinderace, F|100\/100\n|-fieldstart|move: Grassy Terrain|[from] ability: Grassy Surge|[of] p1a: Rillaboom\n|turn|1\n|\n|t:|1700564597\n|switch|p1a: Landorus|Landorus-Therian, M|100\/100\n|-ability|p1a: Landorus|Intimidate|boost\n|-unboost|p2a: Cinderace|atk|1\n|move|p2a: Cinderace|U-turn|p1a: Landorus\n|-start|p2a: Cinderace|typechange|Bug|[from] ability: Libero\n|-resisted|p1a: Landorus\n|-damage|p1a: Landorus|93\/100\n|-damage|p2a: Cinderace|84\/100|[from] item: Rocky Helmet|[of] p1a: Landorus\n|\n|t:|1700564624\n|switch|p2a: Thundurus|Thundurus-Therian, M|100\/100|[from] U-turn\n|\n|upkeep\n|turn|2\n|inactive|SakakibaraKotone has 270 seconds left.\n|\n|t:|1700564644\n|move|p2a: Thundurus|Tera Blast|p1a: Landorus\n|-damage|p1a: Landorus|44\/100\n|move|p1a: Landorus|U-turn|p2a: Thundurus\n|-resisted|p2a: Thundurus\n|-damage|p2a: Thundurus|84\/100\n|inactive|SeaRabbit has 270 seconds left.\n|\n|t:|1700564690\n|switch|p1a: Greninja|Greninja, M|100\/100|[from] U-turn\n|\n|upkeep\n|turn|3\n|inactive|SakakibaraKotone has 270 seconds left.\n|inactive|SakakibaraKotone has 240 seconds left.\n|\n|t:|1700564733\n|switch|p2a: Slowking|Slowking-Galar, F|100\/100\n|move|p1a: Greninja|Dark Pulse|p2a: Slowking\n|-supereffective|p2a: Slowking\n|-damage|p2a: Slowking|47\/100\n|-damage|p1a: Greninja|91\/100|[from] item: Life Orb\n|\n|-heal|p1a: Greninja|97\/100|[from] Grassy Terrain\n|-heal|p2a: Slowking|53\/100|[from] Grassy Terrain\n|upkeep\n|turn|4\n|inactive|SakakibaraKotone has 240 seconds left.\n|inactive|SakakibaraKotone has 210 seconds left.\n|\n|t:|1700564783\n|switch|p2a: Kingambit|Kingambit, F|100\/100\n|move|p1a: Greninja|Dark Pulse|p2a: Kingambit\n|-resisted|p2a: Kingambit\n|-damage|p2a: Kingambit|78\/100\n|-damage|p1a: Greninja|87\/100|[from] item: Life Orb\n|\n|-heal|p1a: Greninja|93\/100|[from] Grassy Terrain\n|-heal|p2a: Kingambit|84\/100|[from] Grassy Terrain\n|-heal|p2a: Kingambit|90\/100|[from] item: Leftovers\n|upkeep\n|turn|5\n|inactive|SakakibaraKotone has 210 seconds left.\n|inactive|SeaRabbit has 240 seconds left.\n|inactive|SeaRabbit has 210 seconds left.\n|\n|t:|1700564839\n|switch|p1a: Rillaboom|Rillaboom, M|100\/100\n|move|p2a: Kingambit|Kowtow Cleave|p1a: Rillaboom\n|-damage|p1a: Rillaboom|50\/100\n|\n|-heal|p1a: Rillaboom|57\/100|[from] Grassy Terrain\n|-heal|p1a: Rillaboom|63\/100|[from] item: Leftovers\n|-heal|p2a: Kingambit|97\/100|[from] Grassy Terrain\n|-heal|p2a: Kingambit|100\/100|[from] item: Leftovers\n|-fieldend|move: Grassy Terrain\n|upkeep\n|turn|6\n|\n|t:|1700564859\n|-end|p2a: Kingambit|fallenundefined|[silent]\n|switch|p2a: Cinderace|Cinderace, F|84\/100\n|move|p1a: Rillaboom|Drain Punch|p2a: Cinderace\n|-damage|p2a: Cinderace|42\/100\n|-heal|p1a: Rillaboom|79\/100|[from] drain|[of] p2a: Cinderace\n|\n|-heal|p1a: Rillaboom|85\/100|[from] item: Leftovers\n|upkeep\n|turn|7\n|\n|t:|1700564873\n|switch|p1a: Landorus|Landorus-Therian, M|44\/100\n|-ability|p1a: Landorus|Intimidate|boost\n|-unboost|p2a: Cinderace|atk|1\n|move|p2a: Cinderace|Will-O-Wisp|p1a: Landorus\n|-status|p1a: Landorus|brn\n|\n|-damage|p1a: Landorus|38\/100 brn|[from] brn\n|upkeep\n|turn|8\n|inactive|SeaRabbit has 210 seconds left.\n|inactive|SakakibaraKotone has 180 seconds left.\n|\n|t:|1700564900\n|move|p2a: Cinderace|U-turn|p1a: Landorus\n|-start|p2a: Cinderace|typechange|Bug|[from] ability: Libero\n|-resisted|p1a: Landorus\n|-damage|p1a: Landorus|31\/100 brn\n|-damage|p2a: Cinderace|26\/100|[from] item: Rocky Helmet|[of] p1a: Landorus\n|l|\u2606SeaRabbit\n|inactive|SeaRabbit disconnected and has 300 seconds to reconnect!\n|player|p1|\n|\n|t:|1700564903\n|switch|p2a: Great Tusk|Great Tusk|100\/100|[from] U-turn\n|move|p1a: Landorus|Stealth Rock|p2a: Great Tusk\n|-sidestart|p2: SakakibaraKotone|move: Stealth Rock\n|\n|-damage|p1a: Landorus|25\/100 brn|[from] brn\n|upkeep\n|turn|9\n|inactive|SakakibaraKotone has 180 seconds left.\n|inactive|SeaRabbit has 270 seconds to reconnect!\n|j|\u2606SeaRabbit\n|inactive|SeaRabbit reconnected and has 225 seconds left.\n|player|p1|SeaRabbit|searabbit.jpg\n|\n|t:|1700564958\n|move|p2a: Great Tusk|Rapid Spin|p1a: Landorus\n|-damage|p1a: Landorus|13\/100 brn\n|-boost|p2a: Great Tusk|spe|1\n|-damage|p2a: Great Tusk|84\/100|[from] item: Rocky Helmet|[of] p1a: Landorus\n|-sideend|p2: SakakibaraKotone|Stealth Rock|[from] move: Rapid Spin|[of] p2a: Great Tusk\n|move|p1a: Landorus|Grass Knot|p2a: Great Tusk\n|-supereffective|p2a: Great Tusk\n|-damage|p2a: Great Tusk|0 fnt\n|-damage|p1a: Landorus|0 fnt|[from] item: Rocky Helmet|[of] p2a: Great Tusk\n|faint|p2a: Great Tusk\n|-end|p2a: Great Tusk|Protosynthesis|[silent]\n|faint|p1a: Landorus\n|\n|upkeep\n|inactive|SakakibaraKotone has 180 seconds left.\n|inactive|SakakibaraKotone has 150 seconds left.\n|\n|t:|1700565006\n|switch|p2a: Thundurus|Thundurus-Therian, M|84\/100\n|switch|p1a: Rillaboom|Rillaboom, M|85\/100\n|-fieldstart|move: Grassy Terrain|[from] ability: Grassy Surge|[of] p1a: Rillaboom\n|turn|10\n|inactive|SeaRabbit has 210 seconds left.\n|inactive|SakakibaraKotone has 120 seconds left.\n|\n|t:|1700565039\n|switch|p1a: Heatran|Heatran, M|100\/100\n|-item|p1a: Heatran|Air Balloon\n|move|p2a: Thundurus|Volt Switch|p1a: Heatran\n|-crit|p1a: Heatran\n|-damage|p1a: Heatran|18\/100\n|-enditem|p1a: Heatran|Air Balloon\n|inactive|SakakibaraKotone has 120 seconds left.\n|c|\u2606SeaRabbit|t\n|inactive|SakakibaraKotone has 90 seconds left.\n|\n|t:|1700565081\n|switch|p2a: Alomomola|Alomomola, F|100\/100|[from] Volt Switch\n|\n|-heal|p1a: Heatran|24\/100|[from] Grassy Terrain\n|upkeep\n|turn|11\n|inactive|SakakibaraKotone has 90 seconds left.\n|\n|t:|1700565091\n|move|p1a: Heatran|Magma Storm|p2a: Alomomola\n|-resisted|p2a: Alomomola\n|-damage|p2a: Alomomola|78\/100\n|-activate|p2a: Alomomola|move: Magma Storm|[of] p1a: Heatran\n|-enditem|p2a: Alomomola|Red Card|[of] p1a: Heatran\n|drag|p1a: Iron Valiant|Iron Valiant|100\/100\n|-enditem|p1a: Iron Valiant|Booster Energy\n|-activate|p1a: Iron Valiant|ability: Quark Drive|[fromitem]\n|-start|p1a: Iron Valiant|quarkdrivespe\n|move|p2a: Alomomola|Flip Turn|p1a: Iron Valiant\n|-damage|p1a: Iron Valiant|78\/100\n|inactive|SakakibaraKotone has 90 seconds left.\n|\n|t:|1700565102\n|switch|p2a: Slowking|Slowking-Galar, F|86\/100|[from] Flip Turn\n|\n|-heal|p1a: Iron Valiant|85\/100|[from] Grassy Terrain\n|-heal|p2a: Slowking|92\/100|[from] Grassy Terrain\n|upkeep\n|turn|12\n|inactive|SakakibaraKotone has 90 seconds left.\n|\n|t:|1700565110\n|-terastallize|p1a: Iron Valiant|Steel\n|move|p1a: Iron Valiant|Swords Dance|p1a: Iron Valiant\n|-boost|p1a: Iron Valiant|atk|2\n|move|p2a: Slowking|Future Sight|p1a: Iron Valiant\n|-start|p2a: Slowking|move: Future Sight\n|\n|-heal|p1a: Iron Valiant|91\/100|[from] Grassy Terrain\n|-heal|p2a: Slowking|98\/100|[from] Grassy Terrain\n|upkeep\n|turn|13\n|inactive|SakakibaraKotone has 90 seconds left.\n|\n|t:|1700565125\n|move|p1a: Iron Valiant|Knock Off|p2a: Slowking\n|-supereffective|p2a: Slowking\n|-damage|p2a: Slowking|0 fnt\n|-enditem|p2a: Slowking|Heavy-Duty Boots|[from] move: Knock Off|[of] p1a: Iron Valiant\n|faint|p2a: Slowking\n|\n|-heal|p1a: Iron Valiant|97\/100|[from] Grassy Terrain\n|upkeep\n|inactive|SakakibaraKotone has 90 seconds left.\n|inactive|SakakibaraKotone has 60 seconds left.\n|\n|t:|1700565161\n|switch|p2a: Kingambit|Kingambit, F|100\/100\n|-activate|p2a: Kingambit|ability: Supreme Overlord\n|-start|p2a: Kingambit|fallen2|[silent]\n|turn|14\n|inactive|SeaRabbit has 240 seconds left.\n|\n|t:|1700565171\n|-terastallize|p2a: Kingambit|Flying\n|move|p1a: Iron Valiant|Close Combat|p2a: Kingambit\n|-resisted|p2a: Kingambit\n|-damage|p2a: Kingambit|58\/100\n|-unboost|p1a: Iron Valiant|def|1\n|-unboost|p1a: Iron Valiant|spd|1\n|move|p2a: Kingambit|Swords Dance|p2a: Kingambit\n|-boost|p2a: Kingambit|atk|2\n|\n|-end|p1a: Iron Valiant|move: Future Sight\n|-resisted|p1a: Iron Valiant\n|-damage|p1a: Iron Valiant|38\/100\n|-heal|p1a: Iron Valiant|44\/100|[from] Grassy Terrain\n|-heal|p2a: Kingambit|64\/100|[from] item: Leftovers\n|-fieldend|move: Grassy Terrain\n|upkeep\n|turn|15\n|inactive|SeaRabbit has 240 seconds left.\n|\n|t:|1700565182\n|move|p2a: Kingambit|Sucker Punch||[still]\n|-fail|p2a: Kingambit\n|move|p1a: Iron Valiant|Encore|p2a: Kingambit\n|-start|p2a: Kingambit|Encore\n|\n|-heal|p2a: Kingambit|70\/100|[from] item: Leftovers\n|upkeep\n|turn|16\n|\n|t:|1700565193\n|-end|p2a: Kingambit|fallen2|[silent]\n|switch|p2a: Alomomola|Alomomola, F|100\/100\n|move|p1a: Iron Valiant|Swords Dance|p1a: Iron Valiant\n|-boost|p1a: Iron Valiant|atk|2\n|\n|upkeep\n|turn|17\n|\n|t:|1700565204\n|move|p1a: Iron Valiant|Close Combat|p2a: Alomomola\n|-damage|p2a: Alomomola|0 fnt\n|-unboost|p1a: Iron Valiant|def|1\n|-unboost|p1a: Iron Valiant|spd|1\n|faint|p2a: Alomomola\n|\n|upkeep\n|\n|t:|1700565211\n|switch|p2a: Kingambit|Kingambit, F, tera:Flying|70\/100\n|-activate|p2a: Kingambit|ability: Supreme Overlord\n|-start|p2a: Kingambit|fallen3|[silent]\n|turn|18\n|inactive|SeaRabbit has 270 seconds left.\n|inactive|SakakibaraKotone has 60 seconds left.\n|\n|t:|1700565236\n|move|p2a: Kingambit|Sucker Punch|p1a: Iron Valiant\n|-damage|p1a: Iron Valiant|0 fnt\n|faint|p1a: Iron Valiant\n|-end|p1a: Iron Valiant|Quark Drive|[silent]\n|\n|-heal|p2a: Kingambit|77\/100|[from] item: Leftovers\n|upkeep\n|inactive|SeaRabbit has 270 seconds left.\n|\n|t:|1700565242\n|switch|p1a: Heatran|Heatran, M|24\/100\n|turn|19\n|inactive|SakakibaraKotone has 60 seconds left.\n|inactive|SeaRabbit has 270 seconds left.\n|inactive|SeaRabbit has 240 seconds left.\n|inactive|SeaRabbit has 210 seconds left.\n|\n|t:|1700565357\n|-end|p2a: Kingambit|fallen3|[silent]\n|switch|p2a: Thundurus|Thundurus-Therian, M|84\/100\n|move|p1a: Heatran|Taunt|p2a: Thundurus\n|-start|p2a: Thundurus|move: Taunt\n|\n|upkeep\n|turn|20\n|\n|t:|1700565369\n|move|p2a: Thundurus|Volt Switch|p1a: Heatran\n|-damage|p1a: Heatran|0 fnt\n|faint|p1a: Heatran\n|\n|t:|1700565382\n|switch|p2a: Kingambit|Kingambit, F, tera:Flying|77\/100|[from] Volt Switch\n|-activate|p2a: Kingambit|ability: Supreme Overlord\n|-start|p2a: Kingambit|fallen3|[silent]\n|\n|-heal|p2a: Kingambit|83\/100|[from] item: Leftovers\n|upkeep\n|\n|t:|1700565384\n|switch|p1a: Greninja|Greninja, M|93\/100\n|turn|21\n|inactive|SakakibaraKotone has 30 seconds left.\n|inactive|SakakibaraKotone has 20 seconds left.\n|\n|t:|1700565416\n|move|p2a: Kingambit|Sucker Punch|p1a: Greninja\n|-resisted|p1a: Greninja\n|-damage|p1a: Greninja|48\/100\n|move|p1a: Greninja|Ice Beam|p2a: Kingambit\n|-supereffective|p2a: Kingambit\n|-damage|p2a: Kingambit|19\/100\n|-status|p2a: Kingambit|frz\n|-damage|p1a: Greninja|38\/100|[from] item: Life Orb\n|\n|-heal|p2a: Kingambit|25\/100 frz|[from] item: Leftovers\n|upkeep\n|turn|22\n|inactive|SakakibaraKotone has 30 seconds left this turn.\n|inactive|SeaRabbit has 210 seconds left.\n|inactive|SakakibaraKotone has 20 seconds left.\n|c|\u2606SeaRabbit|mb\n|inactive|SakakibaraKotone has 15 seconds left.\n|\n|t:|1700565432\n|-end|p2a: Kingambit|fallen3|[silent]\n|switch|p2a: Cinderace|Cinderace, F|26\/100\n|move|p1a: Greninja|Water Shuriken|p2a: Cinderace\n|-supereffective|p2a: Cinderace\n|-damage|p2a: Cinderace|0 fnt\n|faint|p2a: Cinderace\n|-ability|p1a: Greninja|Battle Bond|boost\n|-boost|p1a: Greninja|atk|1\n|-boost|p1a: Greninja|spa|1\n|-boost|p1a: Greninja|spe|1\n|-activate|p1a: Greninja|ability: Battle Bond\n|-hitcount|p2: Cinderace|1\n|-damage|p1a: Greninja|28\/100|[from] item: Life Orb\n|\n|upkeep\n|inactive|SakakibaraKotone has 20 seconds left this turn.\n|inactive|SakakibaraKotone has 15 seconds left.\n|\n|t:|1700565440\n|switch|p2a: Thundurus|Thundurus-Therian, M|84\/100\n|turn|23\n|inactive|SakakibaraKotone has 25 seconds left this turn.\n|inactive|SakakibaraKotone has 20 seconds left.\n|\n|t:|1700565445\n|move|p1a: Greninja|Ice Beam|p2a: Thundurus\n|-supereffective|p2a: Thundurus\n|-damage|p2a: Thundurus|0 fnt\n|faint|p2a: Thundurus\n|-damage|p1a: Greninja|18\/100|[from] item: Life Orb\n|\n|upkeep\n|inactive|SakakibaraKotone has 25 seconds left this turn.\n|\n|t:|1700565447\n|switch|p2a: Kingambit|Kingambit, F, tera:Flying|25\/100 frz\n|-activate|p2a: Kingambit|ability: Supreme Overlord\n|-start|p2a: Kingambit|fallen5|[silent]\n|turn|24\n|\n|t:|1700565449\n|move|p1a: Greninja|Water Shuriken|p2a: Kingambit\n|-damage|p2a: Kingambit|12\/100 frz\n|-damage|p2a: Kingambit|0 fnt\n|faint|p2a: Kingambit\n|-end|p2a: Kingambit|fallen5|[silent]\n|-hitcount|p2: Kingambit|2\n|-damage|p1a: Greninja|9\/100|[from] item: Life Orb\n|\n|win|SeaRabbit\n|c|\u2606SakakibaraKotone|gg\n|c|\u2606SeaRabbit|gg\n","uploadtime":1700565458,"views":22,"p1id":"searabbit","p2id":"sakakibarakotone","formatid":"gen9ou","rating":0,"private":0,"password":""}