{"id":"china-gen9ou-11208605","p1":"kiboh no hana","p2":"josefjosda","format":"[Gen 9] OU","log":"|j|\u2606kiboh no hana\n|j|\u2606josefjosda\n|inactive|Battle timer is ON: inactive players will automatically lose when time's up.\n|t:|1700654726\n|gametype|singles\n|player|p1|kiboh no hana|elesa-masters|\n|player|p2|josefjosda|red|\n|teamsize|p1|6\n|teamsize|p2|6\n|gen|9\n|tier|[Gen 9] OU\n|rated|Tournament battle\n|rule|Sleep Clause Mod: Limit one foe put to sleep\n|rule|Species Clause: Limit one of each Pok\u00e9mon\n|rule|OHKO Clause: OHKO moves are banned\n|rule|Evasion Items Clause: Evasion items are banned\n|rule|Evasion Moves Clause: Evasion moves are banned\n|rule|Endless Battle Clause: Forcing endless battles is banned\n|rule|HP Percentage Mod: HP is shown in percentages\n|clearpoke\n|poke|p1|Great Tusk|\n|poke|p1|Kingambit, M|\n|poke|p1|Gholdengo|\n|poke|p1|Blissey, F|\n|poke|p1|Grimmsnarl, M|\n|poke|p1|Ogerpon-Wellspring, F|\n|poke|p2|Grimmsnarl, M|\n|poke|p2|Toxapex, M|\n|poke|p2|Ting-Lu|\n|poke|p2|Diancie|\n|poke|p2|Glastrier|\n|poke|p2|Bronzong|\n|teampreview\n|\n|t:|1700654733\n|start\n|switch|p1a: \u62cd\u624b\u738b\u5b50|Grimmsnarl, M, shiny|100\/100\n|switch|p2a: Diancie|Diancie|100\/100\n|turn|1\n|\n|t:|1700654756\n|move|p1a: \u62cd\u624b\u738b\u5b50|Fake Out|p2a: Diancie\n|-resisted|p2a: Diancie\n|-damage|p2a: Diancie|97\/100\n|cant|p2a: Diancie|flinch\n|\n|-heal|p2a: Diancie|100\/100|[from] item: Leftovers\n|upkeep\n|turn|2\n|\n|t:|1700654763\n|move|p1a: \u62cd\u624b\u738b\u5b50|Taunt|p2a: Diancie\n|-start|p2a: Diancie|move: Taunt\n|cant|p2a: Diancie|move: Taunt|Trick Room\n|\n|upkeep\n|turn|3\n|\n|t:|1700654776\n|move|p1a: \u62cd\u624b\u738b\u5b50|Trick|p2a: Diancie\n|-activate|p1a: \u62cd\u624b\u738b\u5b50|move: Trick|[of] p2a: Diancie\n|-item|p2a: Diancie|Lagging Tail|[from] move: Trick\n|-item|p1a: \u62cd\u624b\u738b\u5b50|Leftovers|[from] move: Trick\n|move|p2a: Diancie|Diamond Storm|p1a: \u62cd\u624b\u738b\u5b50\n|-damage|p1a: \u62cd\u624b\u738b\u5b50|60\/100\n|-boost|p2a: Diancie|def|2\n|\n|-heal|p1a: \u62cd\u624b\u738b\u5b50|66\/100|[from] item: Leftovers\n|upkeep\n|turn|4\n|\n|t:|1700654786\n|move|p1a: \u62cd\u624b\u738b\u5b50|Parting Shot|p2a: Diancie\n|-fail|p2a: Diancie|unboost|[from] ability: Clear Body|[of] p2a: Diancie\n|move|p2a: Diancie|Body Press|p1a: \u62cd\u624b\u738b\u5b50\n|-damage|p1a: \u62cd\u624b\u738b\u5b50|11\/100\n|\n|-heal|p1a: \u62cd\u624b\u738b\u5b50|17\/100|[from] item: Leftovers\n|-end|p2a: Diancie|move: Taunt\n|upkeep\n|turn|5\n|\n|t:|1700654794\n|move|p1a: \u62cd\u624b\u738b\u5b50|Taunt|p2a: Diancie\n|-start|p2a: Diancie|move: Taunt\n|move|p2a: Diancie|Diamond Storm|p1a: \u62cd\u624b\u738b\u5b50\n|-damage|p1a: \u62cd\u624b\u738b\u5b50|0 fnt\n|faint|p1a: \u62cd\u624b\u738b\u5b50\n|\n|upkeep\n|\n|t:|1700654803\n|switch|p1a: \u5c0f\u5be1\u5987|Ogerpon-Wellspring, F|100\/100\n|turn|6\n|\n|t:|1700654809\n|move|p1a: \u5c0f\u5be1\u5987|Swords Dance|p1a: \u5c0f\u5be1\u5987\n|-boost|p1a: \u5c0f\u5be1\u5987|atk|2\n|move|p2a: Diancie|Body Press|p1a: \u5c0f\u5be1\u5987\n|-crit|p1a: \u5c0f\u5be1\u5987\n|-damage|p1a: \u5c0f\u5be1\u5987|0 fnt\n|faint|p1a: \u5c0f\u5be1\u5987\n|\n|upkeep\n|\n|t:|1700654816\n|switch|p1a: \u54fc\u54fc\u54fc\uff0c\u554a\u554a\u554a\u554a\u554a\u554a|Great Tusk|100\/100\n|turn|7\n|\n|t:|1700654820\n|move|p1a: \u54fc\u54fc\u54fc\uff0c\u554a\u554a\u554a\u554a\u554a\u554a|Headlong Rush|p2a: Diancie\n|-supereffective|p2a: Diancie\n|-damage|p2a: Diancie|55\/100\n|-unboost|p1a: \u54fc\u54fc\u54fc\uff0c\u554a\u554a\u554a\u554a\u554a\u554a|def|1\n|-unboost|p1a: \u54fc\u54fc\u54fc\uff0c\u554a\u554a\u554a\u554a\u554a\u554a|spd|1\n|move|p2a: Diancie|Body Press|p1a: \u54fc\u54fc\u54fc\uff0c\u554a\u554a\u554a\u554a\u554a\u554a\n|-damage|p1a: \u54fc\u54fc\u54fc\uff0c\u554a\u554a\u554a\u554a\u554a\u554a|37\/100\n|\n|-end|p2a: Diancie|move: Taunt\n|upkeep\n|turn|8\n|\n|t:|1700654829\n|move|p1a: \u54fc\u54fc\u54fc\uff0c\u554a\u554a\u554a\u554a\u554a\u554a|Headlong Rush|p2a: Diancie\n|-supereffective|p2a: Diancie\n|-damage|p2a: Diancie|9\/100\n|-unboost|p1a: \u54fc\u54fc\u54fc\uff0c\u554a\u554a\u554a\u554a\u554a\u554a|def|1\n|-unboost|p1a: \u54fc\u54fc\u54fc\uff0c\u554a\u554a\u554a\u554a\u554a\u554a|spd|1\n|move|p2a: Diancie|Body Press|p1a: \u54fc\u54fc\u54fc\uff0c\u554a\u554a\u554a\u554a\u554a\u554a\n|-damage|p1a: \u54fc\u54fc\u54fc\uff0c\u554a\u554a\u554a\u554a\u554a\u554a|0 fnt\n|faint|p1a: \u54fc\u54fc\u54fc\uff0c\u554a\u554a\u554a\u554a\u554a\u554a\n|-end|p1a: \u54fc\u54fc\u54fc\uff0c\u554a\u554a\u554a\u554a\u554a\u554a|Protosynthesis|[silent]\n|\n|upkeep\n|\n|t:|1700654832\n|switch|p1a: Blissey|Blissey, F|100\/100\n|turn|9\n|\n|t:|1700654841\n|move|p1a: Blissey|Metronome|p1a: Blissey\n|move|p1a: Blissey|Shadow Force||[from]move: Metronome|[still]\n|-prepare|p1a: Blissey|Shadow Force\n|move|p2a: Diancie|Diamond Storm|p1a: Blissey|[miss]\n|-miss|p2a: Diancie|p1a: Blissey\n|\n|upkeep\n|turn|10\n|\n|t:|1700654847\n|move|p1a: Blissey|Shadow Force|p2a: Diancie|[from]lockedmove\n|-damage|p2a: Diancie|5\/100\n|move|p2a: Diancie|Trick Room|p2a: Diancie\n|-fieldstart|move: Trick Room|[of] p2a: Diancie\n|\n|upkeep\n|turn|11\n|\n|t:|1700654853\n|move|p1a: Blissey|Metronome|p1a: Blissey\n|move|p1a: Blissey|Water Pledge|p2a: Diancie|[from]move: Metronome\n|-supereffective|p2a: Diancie\n|-damage|p2a: Diancie|0 fnt\n|faint|p2a: Diancie\n|\n|upkeep\n|\n|t:|1700654860\n|switch|p2a: Glastrier|Glastrier|100\/100\n|turn|12\n|\n|t:|1700654863\n|move|p1a: Blissey|Protect|p1a: Blissey\n|-singleturn|p1a: Blissey|Protect\n|move|p2a: Glastrier|Body Press|p1a: Blissey\n|-activate|p1a: Blissey|move: Protect\n|\n|upkeep\n|turn|13\n|\n|t:|1700654873\n|switch|p1a: \u5c0f\u91d1\u4eba\u600e\u4e48\u8fd8\u4e0d\u6eda\u8fdbuber\uff1f|Gholdengo|100\/100\n|move|p2a: Glastrier|Stomping Tantrum|p1a: \u5c0f\u91d1\u4eba\u600e\u4e48\u8fd8\u4e0d\u6eda\u8fdbuber\uff1f\n|-supereffective|p1a: \u5c0f\u91d1\u4eba\u600e\u4e48\u8fd8\u4e0d\u6eda\u8fdbuber\uff1f\n|-damage|p1a: \u5c0f\u91d1\u4eba\u600e\u4e48\u8fd8\u4e0d\u6eda\u8fdbuber\uff1f|43\/100\n|\n|-heal|p1a: \u5c0f\u91d1\u4eba\u600e\u4e48\u8fd8\u4e0d\u6eda\u8fdbuber\uff1f|49\/100|[from] item: Leftovers\n|upkeep\n|turn|14\n|j| chongwang12345\n|\n|t:|1700654887\n|move|p2a: Glastrier|Stomping Tantrum|p1a: \u5c0f\u91d1\u4eba\u600e\u4e48\u8fd8\u4e0d\u6eda\u8fdbuber\uff1f\n|-supereffective|p1a: \u5c0f\u91d1\u4eba\u600e\u4e48\u8fd8\u4e0d\u6eda\u8fdbuber\uff1f\n|-damage|p1a: \u5c0f\u91d1\u4eba\u600e\u4e48\u8fd8\u4e0d\u6eda\u8fdbuber\uff1f|0 fnt\n|faint|p1a: \u5c0f\u91d1\u4eba\u600e\u4e48\u8fd8\u4e0d\u6eda\u8fdbuber\uff1f\n|-ability|p2a: Glastrier|Chilling Neigh|boost\n|-boost|p2a: Glastrier|atk|1\n|\n|-fieldend|move: Trick Room\n|upkeep\n|\n|t:|1700654890\n|switch|p1a: Blissey|Blissey, F|100\/100\n|turn|15\n|\n|t:|1700654894\n|move|p1a: Blissey|Metronome|p1a: Blissey\n|move|p1a: Blissey|Trick Room|p1a: Blissey|[from]move: Metronome\n|-fieldstart|move: Trick Room|[of] p1a: Blissey\n|move|p2a: Glastrier|Body Press|p1a: Blissey\n|-supereffective|p1a: Blissey\n|-damage|p1a: Blissey|34\/100\n|\n|-heal|p1a: Blissey|40\/100|[from] item: Leftovers\n|upkeep\n|turn|16\n|\n|t:|1700654901\n|move|p1a: Blissey|Protect|p1a: Blissey\n|-singleturn|p1a: Blissey|Protect\n|move|p2a: Glastrier|Body Press|p1a: Blissey\n|-activate|p1a: Blissey|move: Protect\n|\n|-heal|p1a: Blissey|46\/100|[from] item: Leftovers\n|upkeep\n|turn|17\n|-message|kiboh no hana forfeited.\n|\n|win|josefjosda\n|n|\u2606kiboh no hana|kibohnohana\n|n|\u2606josefjosda|josefjosda\n|n| chongwang12345|chongwang12345\n","uploadtime":1700654904,"views":0,"p1id":"kibohnohana","p2id":"josefjosda","formatid":"gen9ou","rating":0,"private":0,"password":""}