{"id":"china-gen9ou-11190746","p1":"LSLMSL","p2":"varicolored","format":"[Gen 9] OU","log":"|j|\u2606LSLMSL\n|j|\u2606varicolored\n|inactive|Battle timer is ON: inactive players will automatically lose when time's up.\n|t:|1700395528\n|gametype|singles\n|player|p1|LSLMSL|winona|\n|player|p2|varicolored|1|\n|teamsize|p1|6\n|teamsize|p2|6\n|gen|9\n|tier|[Gen 9] OU\n|rated|Tournament battle\n|rule|Sleep Clause Mod: Limit one foe put to sleep\n|rule|Species Clause: Limit one of each Pok\u00e9mon\n|rule|OHKO Clause: OHKO moves are banned\n|rule|Evasion Items Clause: Evasion items are banned\n|rule|Evasion Moves Clause: Evasion moves are banned\n|rule|Endless Battle Clause: Forcing endless battles is banned\n|rule|HP Percentage Mod: HP is shown in percentages\n|clearpoke\n|poke|p1|Ursaluna, F|\n|poke|p1|Mimikyu, F|\n|poke|p1|Cresselia, F|\n|poke|p1|Enamorus-Therian, F|\n|poke|p1|Hatterene, F|\n|poke|p1|Hoopa-Unbound|\n|poke|p2|Ceruledge, F|\n|poke|p2|Cinderace, M|\n|poke|p2|Dragapult, M|\n|poke|p2|Greninja-*, M|\n|poke|p2|Alomomola, M|\n|poke|p2|Zapdos|\n|teampreview\n|j| Koe li\n|inactive|LSLMSL has 120 seconds left.\n|\n|t:|1700395559\n|start\n|switch|p1a: Hatterene|Hatterene, F|100\/100\n|switch|p2a: Dragapult|Dragapult, M|100\/100\n|turn|1\n|\n|t:|1700395571\n|move|p2a: Dragapult|Draco Meteor|p1a: Hatterene\n|-immune|p1a: Hatterene\n|move|p1a: Hatterene|Trick Room|p1a: Hatterene\n|-fieldstart|move: Trick Room|[of] p1a: Hatterene\n|\n|upkeep\n|turn|2\n|\n|t:|1700395582\n|switch|p1a: Enamorus|Enamorus-Therian, F|100\/100\n|move|p2a: Dragapult|Dragon Tail|p1a: Enamorus\n|-immune|p1a: Enamorus\n|\n|upkeep\n|turn|3\n|\n|t:|1700395591\n|move|p1a: Enamorus|Moonblast|p2a: Dragapult\n|-supereffective|p2a: Dragapult\n|-damage|p2a: Dragapult|0 fnt\n|faint|p2a: Dragapult\n|\n|upkeep\n|\n|t:|1700395597\n|switch|p2a: Zapdos|Zapdos|100\/100\n|-ability|p2a: Zapdos|Pressure\n|turn|4\n|\n|t:|1700395609\n|switch|p1a: Ursaluna|Ursaluna, F|100\/100\n|move|p2a: Zapdos|Thunder|p1a: Ursaluna\n|-immune|p1a: Ursaluna\n|\n|-status|p1a: Ursaluna|brn|[from] item: Flame Orb\n|upkeep\n|turn|5\n|\n|t:|1700395618\n|switch|p2a: Greninja|Greninja, M|100\/100\n|move|p1a: Ursaluna|Headlong Rush|p2a: Greninja\n|-crit|p2a: Greninja\n|-damage|p2a: Greninja|0 fnt\n|-unboost|p1a: Ursaluna|def|1\n|-unboost|p1a: Ursaluna|spd|1\n|faint|p2a: Greninja\n|\n|-damage|p1a: Ursaluna|94\/100 brn|[from] brn\n|-fieldend|move: Trick Room\n|upkeep\n|\n|t:|1700395629\n|switch|p2a: Zapdos|Zapdos|100\/100\n|-ability|p2a: Zapdos|Pressure\n|turn|6\n|\n|t:|1700395645\n|move|p2a: Zapdos|Ancient Power|p1a: Ursaluna\n|-resisted|p1a: Ursaluna\n|-damage|p1a: Ursaluna|82\/100 brn\n|move|p1a: Ursaluna|Facade|p2a: Zapdos\n|-damage|p2a: Zapdos|0 fnt\n|faint|p2a: Zapdos\n|\n|-damage|p1a: Ursaluna|76\/100 brn|[from] brn\n|upkeep\n|\n|t:|1700395655\n|switch|p2a: Alomomola|Alomomola, M|100\/100\n|turn|7\n|\n|t:|1700395667\n|switch|p1a: Cresselia|Cresselia, F|100\/100\n|move|p2a: Alomomola|Aqua Jet|p1a: Cresselia\n|-damage|p1a: Cresselia|94\/100\n|\n|upkeep\n|turn|8\n|\n|t:|1700395675\n|-terastallize|p2a: Alomomola|Water\n|move|p2a: Alomomola|Calm Mind|p2a: Alomomola\n|-boost|p2a: Alomomola|spa|1\n|-boost|p2a: Alomomola|spd|1\n|move|p1a: Cresselia|Trick Room|p1a: Cresselia\n|-fieldstart|move: Trick Room|[of] p1a: Cresselia\n|\n|upkeep\n|turn|9\n|inactive|LSLMSL has 120 seconds left.\n|\n|t:|1700395708\n|move|p1a: Cresselia|Lunar Dance|p1a: Cresselia\n|faint|p1a: Cresselia\n|move|p2a: Alomomola|Blizzard|p1: Cresselia|[notarget]\n|-fail|p2a: Alomomola\n|\n|upkeep\n|\n|t:|1700395711\n|switch|p1a: Enamorus|Enamorus-Therian, F|100\/100\n|-heal|p1a: Enamorus|100\/100|[from] move: Lunar Dance\n|turn|10\n|\n|t:|1700395717\n|move|p1a: Enamorus|Moonblast|p2a: Alomomola\n|-damage|p2a: Alomomola|36\/100\n|-unboost|p2a: Alomomola|spa|1\n|move|p2a: Alomomola|Blizzard|p1a: Enamorus\n|-supereffective|p1a: Enamorus\n|-damage|p1a: Enamorus|71\/100\n|\n|upkeep\n|turn|11\n|\n|t:|1700395725\n|move|p1a: Enamorus|Moonblast|p2a: Alomomola\n|-damage|p2a: Alomomola|0 fnt\n|faint|p2a: Alomomola\n|\n|upkeep\n|\n|t:|1700395731\n|switch|p2a: Ceruledge|Ceruledge, F|100\/100\n|turn|12\n|\n|t:|1700395744\n|switch|p1a: Hatterene|Hatterene, F|100\/100\n|move|p2a: Ceruledge|Bulk Up|p2a: Ceruledge\n|-boost|p2a: Ceruledge|atk|1\n|-boost|p2a: Ceruledge|def|1\n|\n|-fieldend|move: Trick Room\n|upkeep\n|turn|13\n|\n|t:|1700395753\n|move|p2a: Ceruledge|Poltergeist|p1a: Hatterene\n|-activate|p1a: Hatterene|move: Poltergeist|Focus Sash\n|-supereffective|p1a: Hatterene\n|-enditem|p1a: Hatterene|Focus Sash\n|-damage|p1a: Hatterene|1\/100\n|move|p1a: Hatterene|Trick Room|p1a: Hatterene\n|-fieldstart|move: Trick Room|[of] p1a: Hatterene\n|\n|upkeep\n|turn|14\n|\n|t:|1700395761\n|move|p1a: Hatterene|Healing Wish|p1a: Hatterene\n|faint|p1a: Hatterene\n|move|p2a: Ceruledge|Poltergeist|p1: Hatterene|[notarget]\n|-fail|p2a: Ceruledge\n|\n|upkeep\n|\n|t:|1700395763\n|switch|p1a: Ursaluna|Ursaluna, F|76\/100 brn\n|-heal|p1a: Ursaluna|100\/100|[from] move: Healing Wish\n|turn|15\n|\n|t:|1700395770\n|move|p1a: Ursaluna|Headlong Rush|p2a: Ceruledge\n|-supereffective|p2a: Ceruledge\n|-damage|p2a: Ceruledge|0 fnt\n|-unboost|p1a: Ursaluna|def|1\n|-unboost|p1a: Ursaluna|spd|1\n|faint|p2a: Ceruledge\n|\n|-status|p1a: Ursaluna|brn|[from] item: Flame Orb\n|upkeep\n|\n|t:|1700395778\n|switch|p2a: Cinderace|Cinderace, M|100\/100\n|turn|16\n|\n|t:|1700395783\n|move|p1a: Ursaluna|Headlong Rush|p2a: Cinderace\n|-supereffective|p2a: Cinderace\n|-damage|p2a: Cinderace|0 fnt\n|-unboost|p1a: Ursaluna|def|1\n|-unboost|p1a: Ursaluna|spd|1\n|faint|p2a: Cinderace\n|\n|win|LSLMSL\n|n|\u2606LSLMSL|lslmsl\n|n|\u2606varicolored|varicolored\n|n| Koe li|koeli\n","uploadtime":1700395788,"views":4,"p1id":"lslmsl","p2id":"varicolored","formatid":"gen9ou","rating":0,"private":0,"password":""}