{"id":"china-gen9ou-11229060","p1":"miaoha2","p2":"ERIC0411","format":"[Gen 9] OU","log":"|j|\u2606miaoha2\n|j|\u2606ERIC0411\n|inactive|Battle timer is ON: inactive players will automatically lose when time's up.\n|t:|1700913924\n|gametype|singles\n|player|p1|miaoha2|170|\n|player|p2|ERIC0411|bugcatcher-gen4dp|\n|teamsize|p1|6\n|teamsize|p2|6\n|gen|9\n|tier|[Gen 9] OU\n|rated|Tournament battle\n|rule|Sleep Clause Mod: Limit one foe put to sleep\n|rule|Species Clause: Limit one of each Pok\u00e9mon\n|rule|OHKO Clause: OHKO moves are banned\n|rule|Evasion Items Clause: Evasion items are banned\n|rule|Evasion Moves Clause: Evasion moves are banned\n|rule|Endless Battle Clause: Forcing endless battles is banned\n|rule|HP Percentage Mod: HP is shown in percentages\n|clearpoke\n|poke|p1|Meowscarada, M|\n|poke|p1|Vaporeon, M|\n|poke|p1|Ceruledge, M|\n|poke|p1|Dragonite, M|\n|poke|p1|Walking Wake|\n|poke|p1|Gholdengo|\n|poke|p2|Ceruledge, M|\n|poke|p2|Ninetales-Alola, M|\n|poke|p2|Meowscarada, M|\n|poke|p2|Armarouge, M|\n|poke|p2|Dragonite, M|\n|poke|p2|Blissey, F|\n|teampreview\n|\n|t:|1700913934\n|start\n|switch|p1a: Gholdengo|Gholdengo|100\/100\n|switch|p2a: Armarouge|Armarouge, M, shiny|100\/100\n|turn|1\n|\n|t:|1700913945\n|move|p1a: Gholdengo|Shadow Ball|p2a: Armarouge\n|-supereffective|p2a: Armarouge\n|-enditem|p2a: Armarouge|Focus Sash\n|-damage|p2a: Armarouge|1\/100\n|-unboost|p2a: Armarouge|spd|1\n|move|p2a: Armarouge|Flare Blitz|p1a: Gholdengo\n|-supereffective|p1a: Gholdengo\n|-crit|p1a: Gholdengo\n|-damage|p1a: Gholdengo|0 fnt\n|faint|p1a: Gholdengo\n|-damage|p2a: Armarouge|0 fnt|[from] Recoil\n|faint|p2a: Armarouge\n|\n|upkeep\n|\n|t:|1700913958\n|switch|p1a: Walking Wake|Walking Wake|100\/100\n|switch|p2a: Meowscarada|Meowscarada, M, shiny|100\/100\n|-enditem|p1a: Walking Wake|Booster Energy\n|-activate|p1a: Walking Wake|ability: Protosynthesis|[fromitem]\n|-start|p1a: Walking Wake|protosynthesisspa\n|turn|2\n|\n|t:|1700913969\n|-end|p1a: Walking Wake|Protosynthesis|[silent]\n|switch|p1a: Ceruledge|Ceruledge, M|100\/100\n|move|p2a: Meowscarada|Energy Ball|p1a: Ceruledge\n|-resisted|p1a: Ceruledge\n|-damage|p1a: Ceruledge|87\/100\n|\n|upkeep\n|turn|3\n|\n|t:|1700913978\n|switch|p2a: Ninetales|Ninetales-Alola, M, shiny|100\/100\n|-weather|Snow|[from] ability: Snow Warning|[of] p2a: Ninetales\n|move|p1a: Ceruledge|Bitter Blade|p2a: Ninetales\n|-supereffective|p2a: Ninetales\n|-crit|p2a: Ninetales\n|-damage|p2a: Ninetales|0 fnt\n|-heal|p1a: Ceruledge|100\/100|[from] drain|[of] p2a: Ninetales\n|faint|p2a: Ninetales\n|\n|-weather|Snow|[upkeep]\n|upkeep\n|\n|t:|1700913990\n|switch|p2a: Ceruledge|Ceruledge, M, shiny|100\/100\n|turn|4\n|\n|t:|1700913999\n|move|p2a: Ceruledge|Flare Blitz|p1a: Ceruledge\n|-start|p1a: Ceruledge|ability: Flash Fire\n|move|p1a: Ceruledge|Night Slash|p2a: Ceruledge\n|-supereffective|p2a: Ceruledge\n|-damage|p2a: Ceruledge|42\/100\n|\n|-weather|Snow|[upkeep]\n|upkeep\n|turn|5\n|\n|t:|1700914007\n|move|p2a: Ceruledge|Overheat|p1a: Ceruledge\n|-immune|p1a: Ceruledge|[from] ability: Flash Fire\n|move|p1a: Ceruledge|Night Slash|p2a: Ceruledge\n|-supereffective|p2a: Ceruledge\n|-damage|p2a: Ceruledge|0 fnt\n|faint|p2a: Ceruledge\n|\n|-weather|Snow|[upkeep]\n|upkeep\n|\n|t:|1700914017\n|switch|p2a: Blissey|Blissey, F, shiny|100\/100\n|turn|6\n|\n|t:|1700914024\n|-singleturn|p2a: Blissey|move: Focus Punch\n|move|p1a: Ceruledge|Bitter Blade|p2a: Blissey\n|-damage|p2a: Blissey|0 fnt\n|faint|p2a: Blissey\n|\n|-weather|Snow|[upkeep]\n|upkeep\n|\n|t:|1700914031\n|switch|p2a: Dragonite|Dragonite, M|100\/100\n|turn|7\n|\n|t:|1700914035\n|move|p2a: Dragonite|Draco Meteor|p1a: Ceruledge\n|-damage|p1a: Ceruledge|36\/100\n|-unboost|p2a: Dragonite|spa|2\n|move|p1a: Ceruledge|Bitter Blade|p2a: Dragonite\n|-resisted|p2a: Dragonite\n|-damage|p2a: Dragonite|71\/100\n|-heal|p1a: Ceruledge|53\/100|[from] drain|[of] p2a: Dragonite\n|\n|-weather|none\n|upkeep\n|turn|8\n|\n|t:|1700914049\n|move|p2a: Dragonite|Draco Meteor|p1a: Ceruledge\n|-damage|p1a: Ceruledge|19\/100\n|-unboost|p2a: Dragonite|spa|2\n|move|p1a: Ceruledge|Bitter Blade|p2a: Dragonite\n|-resisted|p2a: Dragonite\n|-damage|p2a: Dragonite|42\/100\n|-heal|p1a: Ceruledge|36\/100|[from] drain|[of] p2a: Dragonite\n|\n|upkeep\n|turn|9\n|inactive|miaoha2 has 120 seconds left.\n|\n|t:|1700914080\n|move|p2a: Dragonite|Draco Meteor|p1a: Ceruledge\n|-damage|p1a: Ceruledge|14\/100\n|-unboost|p2a: Dragonite|spa|2\n|move|p1a: Ceruledge|Bitter Blade|p2a: Dragonite\n|-resisted|p2a: Dragonite\n|-damage|p2a: Dragonite|8\/100\n|-heal|p1a: Ceruledge|34\/100|[from] drain|[of] p2a: Dragonite\n|\n|upkeep\n|turn|10\n|inactive|miaoha2 has 120 seconds left.\n|\n|t:|1700914095\n|move|p2a: Dragonite|Draco Meteor|p1a: Ceruledge\n|-damage|p1a: Ceruledge|18\/100\n|move|p1a: Ceruledge|Bitter Blade|p2a: Dragonite\n|-resisted|p2a: Dragonite\n|-damage|p2a: Dragonite|0 fnt\n|-heal|p1a: Ceruledge|23\/100|[from] drain|[of] p2a: Dragonite\n|faint|p2a: Dragonite\n|\n|upkeep\n|\n|t:|1700914104\n|switch|p2a: Meowscarada|Meowscarada, M, shiny|100\/100\n|turn|11\n|\n|t:|1700914108\n|move|p2a: Meowscarada|Shadow Ball|p1a: Ceruledge\n|-supereffective|p1a: Ceruledge\n|-crit|p1a: Ceruledge\n|-damage|p1a: Ceruledge|0 fnt\n|faint|p1a: Ceruledge\n|\n|upkeep\n|\n|t:|1700914120\n|switch|p1a: Dragonite|Dragonite, M|100\/100\n|turn|12\n|\n|t:|1700914133\n|move|p2a: Meowscarada|Energy Ball|p1a: Dragonite\n|-resisted|p1a: Dragonite\n|-damage|p1a: Dragonite|97\/100\n|move|p1a: Dragonite|Flamethrower|p2a: Meowscarada\n|-supereffective|p2a: Meowscarada\n|-damage|p2a: Meowscarada|26\/100\n|\n|-heal|p1a: Dragonite|100\/100|[from] item: Leftovers\n|upkeep\n|turn|13\n|\n|t:|1700914142\n|move|p2a: Meowscarada|Energy Ball|p1a: Dragonite\n|-resisted|p1a: Dragonite\n|-damage|p1a: Dragonite|95\/100\n|move|p1a: Dragonite|Flamethrower|p2a: Meowscarada\n|-supereffective|p2a: Meowscarada\n|-damage|p2a: Meowscarada|0 fnt\n|faint|p2a: Meowscarada\n|\n|win|miaoha2\n|n|\u2606miaoha2|miaoha2\n|n|\u2606ERIC0411|eric0411\n","uploadtime":1700914144,"views":1,"p1id":"miaoha2","p2id":"eric0411","formatid":"gen9ou","rating":0,"private":0,"password":""}