{"id":"drafthub-gen9ou-518","p1":"ConejitaYiime","p2":"Fortunia","format":"[Gen 9] OU","log":"|j|\u2606ConejitaYiime\n|j|\u2606Fortunia\n|t:|1699834041\n|gametype|singles\n|player|p1|ConejitaYiime|266|\n|player|p2|Fortunia|lucy|\n|teamsize|p1|6\n|teamsize|p2|6\n|gen|9\n|tier|[Gen 9] OU\n|rule|Sleep Clause Mod: Limit one foe put to sleep\n|rule|Species Clause: Limit one of each Pok\u00e9mon\n|rule|OHKO Clause: OHKO moves are banned\n|rule|Evasion Items Clause: Evasion items are banned\n|rule|Evasion Moves Clause: Evasion moves are banned\n|rule|Endless Battle Clause: Forcing endless battles is banned\n|rule|HP Percentage Mod: HP is shown in percentages\n|clearpoke\n|poke|p1|Iron Jugulis|\n|poke|p1|Ogerpon-Wellspring, F|\n|poke|p1|Tinkaton, F|\n|poke|p1|Iron Moth|\n|poke|p1|Great Tusk|\n|poke|p1|Dragapult, F|\n|poke|p2|Amoonguss, M|\n|poke|p2|Gholdengo|\n|poke|p2|Zamazenta-*|\n|poke|p2|Ting-Lu|\n|poke|p2|Zapdos|\n|poke|p2|Slowking, M|\n|teampreview\n|inactive|Battle timer is ON: inactive players will automatically lose when time's up. (requested by Fortunia)\n|\n|t:|1699834046\n|start\n|switch|p1a: Iron Moth|Iron Moth|100\/100\n|switch|p2a: Slowking|Slowking, M|100\/100\n|-enditem|p1a: Iron Moth|Booster Energy\n|-activate|p1a: Iron Moth|ability: Quark Drive|[fromitem]\n|-start|p1a: Iron Moth|quarkdrivespe\n|turn|1\n|\n|t:|1699834052\n|-end|p1a: Iron Moth|Quark Drive|[silent]\n|switch|p1a: Dragapult|Dragapult, F|100\/100\n|move|p2a: Slowking|Future Sight|p1a: Dragapult\n|-start|p2a: Slowking|move: Future Sight\n|\n|upkeep\n|turn|2\n|\n|t:|1699834055\n|switch|p2a: Zamazenta|Zamazenta|100\/100\n|-ability|p2a: Zamazenta|Dauntless Shield|boost\n|-boost|p2a: Zamazenta|def|1\n|move|p1a: Dragapult|Shadow Ball|p2a: Zamazenta\n|-damage|p2a: Zamazenta|56\/100\n|\n|upkeep\n|turn|3\n|\n|t:|1699834058\n|switch|p2a: Ting-Lu|Ting-Lu|100\/100\n|-ability|p2a: Ting-Lu|Vessel of Ruin\n|move|p1a: Dragapult|Shadow Ball|p2a: Ting-Lu\n|-resisted|p2a: Ting-Lu\n|-crit|p2a: Ting-Lu\n|-damage|p2a: Ting-Lu|86\/100\n|\n|-end|p1a: Dragapult|move: Future Sight\n|-damage|p1a: Dragapult|60\/100\n|upkeep\n|turn|4\n|\n|t:|1699834068\n|switch|p1a: Ogerpon|Ogerpon-Wellspring, F|100\/100\n|move|p2a: Ting-Lu|Stealth Rock|p1a: Ogerpon\n|-sidestart|p1: ConejitaYiime|move: Stealth Rock\n|\n|upkeep\n|turn|5\n|\n|t:|1699834073\n|switch|p2a: Amoonguss|Amoonguss, M|100\/100\n|move|p1a: Ogerpon|Ivy Cudgel|p2a: Amoonguss\n|-resisted|p2a: Amoonguss\n|-damage|p2a: Amoonguss|76\/100\n|\n|upkeep\n|turn|6\n|\n|t:|1699834076\n|move|p1a: Ogerpon|U-turn|p2a: Amoonguss\n|-damage|p2a: Amoonguss|53\/100\n|\n|t:|1699834080\n|switch|p1a: Great Tusk|Great Tusk|100\/100|[from] U-turn\n|-enditem|p1a: Great Tusk|Booster Energy\n|-activate|p1a: Great Tusk|ability: Protosynthesis|[fromitem]\n|-start|p1a: Great Tusk|protosynthesisspe\n|-damage|p1a: Great Tusk|98\/100|[from] Stealth Rock\n|move|p2a: Amoonguss|Sludge Bomb|p1a: Great Tusk\n|-resisted|p1a: Great Tusk\n|-damage|p1a: Great Tusk|81\/100\n|\n|upkeep\n|turn|7\n|\n|t:|1699834082\n|switch|p2a: Zapdos|Zapdos|100\/100\n|move|p1a: Great Tusk|Rapid Spin|p2a: Zapdos\n|-damage|p2a: Zapdos|84\/100\n|-boost|p1a: Great Tusk|spe|1\n|-sideend|p1: ConejitaYiime|Stealth Rock|[from] move: Rapid Spin|[of] p1a: Great Tusk\n|\n|upkeep\n|turn|8\n|\n|t:|1699834084\n|move|p1a: Great Tusk|Bulk Up|p1a: Great Tusk\n|-boost|p1a: Great Tusk|atk|1\n|-boost|p1a: Great Tusk|def|1\n|move|p2a: Zapdos|Hurricane|p1a: Great Tusk\n|-supereffective|p1a: Great Tusk\n|-damage|p1a: Great Tusk|0 fnt\n|faint|p1a: Great Tusk\n|-end|p1a: Great Tusk|Protosynthesis|[silent]\n|\n|upkeep\n|\n|t:|1699834087\n|switch|p1a: TWINKATON|Tinkaton, F|100\/100\n|-item|p1a: TWINKATON|Air Balloon\n|turn|9\n|\n|t:|1699834088\n|move|p2a: Zapdos|Volt Switch|p1a: TWINKATON\n|-crit|p1a: TWINKATON\n|-damage|p1a: TWINKATON|55\/100\n|-enditem|p1a: TWINKATON|Air Balloon\n|\n|t:|1699834089\n|switch|p2a: Gholdengo|Gholdengo|100\/100|[from] Volt Switch\n|move|p1a: TWINKATON|Thunder Wave|p2a: Gholdengo\n|-immune|p2a: Gholdengo|[from] ability: Good as Gold\n|\n|upkeep\n|turn|10\n|\n|t:|1699834093\n|move|p1a: TWINKATON|Stealth Rock|p2a: Gholdengo\n|-sidestart|p2: Fortunia|move: Stealth Rock\n|move|p2a: Gholdengo|Shadow Ball|p1a: TWINKATON\n|-damage|p1a: TWINKATON|0 fnt\n|faint|p1a: TWINKATON\n|\n|upkeep\n|\n|t:|1699834096\n|switch|p1a: Dragapult|Dragapult, F|60\/100\n|turn|11\n|\n|t:|1699834097\n|move|p1a: Dragapult|Shadow Ball|p2a: Gholdengo\n|-supereffective|p2a: Gholdengo\n|-damage|p2a: Gholdengo|0 fnt\n|faint|p2a: Gholdengo\n|\n|upkeep\n|\n|t:|1699834097\n|switch|p2a: Ting-Lu|Ting-Lu|86\/100\n|-ability|p2a: Ting-Lu|Vessel of Ruin\n|turn|12\n|\n|t:|1699834100\n|switch|p1a: Iron Moth|Iron Moth|100\/100\n|move|p2a: Ting-Lu|Stealth Rock|p1a: Iron Moth\n|-sidestart|p1: ConejitaYiime|move: Stealth Rock\n|\n|upkeep\n|turn|13\n|\n|t:|1699834104\n|move|p1a: Iron Moth|Psychic|p2a: Ting-Lu\n|-immune|p2a: Ting-Lu\n|move|p2a: Ting-Lu|Earthquake|p1a: Iron Moth\n|-supereffective|p1a: Iron Moth\n|-damage|p1a: Iron Moth|0 fnt\n|faint|p1a: Iron Moth\n|-end|p1a: Iron Moth|Quark Drive|[silent]\n|\n|upkeep\n|\n|t:|1699834108\n|switch|p1a: Iron Jugulis|Iron Jugulis|100\/100\n|-damage|p1a: Iron Jugulis|76\/100|[from] Stealth Rock\n|-enditem|p1a: Iron Jugulis|Booster Energy\n|-activate|p1a: Iron Jugulis|ability: Quark Drive|[fromitem]\n|-start|p1a: Iron Jugulis|quarkdrivespe\n|turn|14\n|\n|t:|1699834113\n|switch|p2a: Zamazenta|Zamazenta|56\/100\n|move|p1a: Iron Jugulis|Earth Power|p2a: Zamazenta\n|-damage|p2a: Zamazenta|30\/100\n|\n|upkeep\n|turn|15\n|\n|t:|1699834115\n|move|p1a: Iron Jugulis|Hurricane|p2a: Zamazenta\n|-supereffective|p2a: Zamazenta\n|-damage|p2a: Zamazenta|0 fnt\n|faint|p2a: Zamazenta\n|\n|upkeep\n|\n|t:|1699834115\n|switch|p2a: Zapdos|Zapdos|84\/100\n|turn|16\n|\n|t:|1699834119\n|-end|p1a: Iron Jugulis|Quark Drive|[silent]\n|switch|p1a: Dragapult|Dragapult, F|60\/100\n|-damage|p1a: Dragapult|48\/100|[from] Stealth Rock\n|move|p2a: Zapdos|Volt Switch|p1a: Dragapult\n|-resisted|p1a: Dragapult\n|-damage|p1a: Dragapult|24\/100\n|\n|t:|1699834119\n|switch|p2a: Ting-Lu|Ting-Lu|86\/100|[from] Volt Switch\n|-ability|p2a: Ting-Lu|Vessel of Ruin\n|\n|upkeep\n|turn|17\n|\n|t:|1699834123\n|move|p1a: Dragapult|Shadow Ball|p2a: Ting-Lu\n|-resisted|p2a: Ting-Lu\n|-damage|p2a: Ting-Lu|75\/100\n|move|p2a: Ting-Lu|Earthquake|p1a: Dragapult\n|-damage|p1a: Dragapult|0 fnt\n|faint|p1a: Dragapult\n|\n|upkeep\n|\n|t:|1699834127\n|switch|p1a: Ogerpon|Ogerpon-Wellspring, F|100\/100\n|-damage|p1a: Ogerpon|88\/100|[from] Stealth Rock\n|turn|18\n|\n|t:|1699834130\n|move|p1a: Ogerpon|U-turn|p2a: Ting-Lu\n|-supereffective|p2a: Ting-Lu\n|-damage|p2a: Ting-Lu|43\/100\n|\n|t:|1699834133\n|switch|p1a: Iron Jugulis|Iron Jugulis|76\/100|[from] U-turn\n|-damage|p1a: Iron Jugulis|51\/100|[from] Stealth Rock\n|move|p2a: Ting-Lu|Ruination|p1a: Iron Jugulis\n|-damage|p1a: Iron Jugulis|26\/100\n|\n|upkeep\n|turn|19\n|\n|t:|1699834137\n|switch|p2a: Amoonguss|Amoonguss, M|86\/100\n|move|p1a: Iron Jugulis|Hurricane|p2a: Amoonguss\n|-supereffective|p2a: Amoonguss\n|-damage|p2a: Amoonguss|0 fnt\n|faint|p2a: Amoonguss\n|\n|upkeep\n|\n|t:|1699834137\n|switch|p2a: Ting-Lu|Ting-Lu|43\/100\n|-ability|p2a: Ting-Lu|Vessel of Ruin\n|turn|20\n|\n|t:|1699834139\n|switch|p2a: Slowking|Slowking, M|100\/100\n|move|p1a: Iron Jugulis|Hurricane|p2a: Slowking|[miss]\n|-miss|p1a: Iron Jugulis|p2a: Slowking\n|\n|upkeep\n|turn|21\n|\n|t:|1699834142\n|move|p1a: Iron Jugulis|Knock Off|p2a: Slowking\n|-supereffective|p2a: Slowking\n|-damage|p2a: Slowking|42\/100\n|-enditem|p2a: Slowking|Heavy-Duty Boots|[from] move: Knock Off|[of] p1a: Iron Jugulis\n|move|p2a: Slowking|Scald|p1a: Iron Jugulis\n|-damage|p1a: Iron Jugulis|0 fnt\n|faint|p1a: Iron Jugulis\n|-end|p1a: Iron Jugulis|Quark Drive|[silent]\n|\n|upkeep\n|\n|t:|1699834144\n|switch|p1a: Ogerpon|Ogerpon-Wellspring, F|88\/100\n|-damage|p1a: Ogerpon|76\/100|[from] Stealth Rock\n|turn|22\n|\n|t:|1699834148\n|move|p1a: Ogerpon|Horn Leech|p2a: Slowking\n|-supereffective|p2a: Slowking\n|-damage|p2a: Slowking|0 fnt\n|-heal|p1a: Ogerpon|100\/100|[from] drain|[of] p2a: Slowking\n|faint|p2a: Slowking\n|\n|upkeep\n|\n|t:|1699834148\n|switch|p2a: Ting-Lu|Ting-Lu|43\/100\n|-ability|p2a: Ting-Lu|Vessel of Ruin\n|turn|23\n|\n|t:|1699834154\n|move|p1a: Ogerpon|Ivy Cudgel|p2a: Ting-Lu\n|-supereffective|p2a: Ting-Lu\n|-crit|p2a: Ting-Lu\n|-damage|p2a: Ting-Lu|0 fnt\n|faint|p2a: Ting-Lu\n|\n|upkeep\n|\n|t:|1699834154\n|switch|p2a: Zapdos|Zapdos|84\/100\n|turn|24\n|\n|t:|1699834159\n|-terastallize|p2a: Zapdos|Fairy\n|move|p1a: Ogerpon|Ivy Cudgel|p2a: Zapdos\n|-crit|p2a: Zapdos\n|-damage|p2a: Zapdos|0 fnt\n|faint|p2a: Zapdos\n|\n|win|ConejitaYiime\n","uploadtime":1699834161,"views":11,"p1id":"conejitayiime","p2id":"fortunia","formatid":"gen9ou","rating":0,"private":0,"password":""}