{"id":"drafthub-gen9ou-514","p1":"ConejitaYiime","p2":"Fortunia","format":"[Gen 9] OU","log":"|j|\u2606ConejitaYiime\n|j|\u2606Fortunia\n|t:|1699833603\n|gametype|singles\n|player|p1|ConejitaYiime|266|\n|player|p2|Fortunia|lucy|\n|teamsize|p1|6\n|teamsize|p2|6\n|gen|9\n|tier|[Gen 9] OU\n|rule|Sleep Clause Mod: Limit one foe put to sleep\n|rule|Species Clause: Limit one of each Pok\u00e9mon\n|rule|OHKO Clause: OHKO moves are banned\n|rule|Evasion Items Clause: Evasion items are banned\n|rule|Evasion Moves Clause: Evasion moves are banned\n|rule|Endless Battle Clause: Forcing endless battles is banned\n|rule|HP Percentage Mod: HP is shown in percentages\n|clearpoke\n|poke|p1|Iron Jugulis|\n|poke|p1|Ogerpon-Wellspring, F|\n|poke|p1|Tinkaton, F|\n|poke|p1|Iron Moth|\n|poke|p1|Great Tusk|\n|poke|p1|Dragapult, M|\n|poke|p2|Amoonguss, F|\n|poke|p2|Gholdengo|\n|poke|p2|Zamazenta-*|\n|poke|p2|Ting-Lu|\n|poke|p2|Zapdos|\n|poke|p2|Slowking, F|\n|teampreview\n|inactive|Battle timer is ON: inactive players will automatically lose when time's up. (requested by Fortunia)\n|\n|t:|1699833612\n|start\n|switch|p1a: TWINKATON|Tinkaton, F|100\/100\n|switch|p2a: Slowking|Slowking, F|100\/100\n|-item|p1a: TWINKATON|Air Balloon\n|turn|1\n|\n|t:|1699833615\n|switch|p2a: Gholdengo|Gholdengo|100\/100\n|move|p1a: TWINKATON|Stealth Rock|p2a: Gholdengo\n|-sidestart|p2: Fortunia|move: Stealth Rock\n|\n|upkeep\n|turn|2\n|\n|t:|1699833617\n|move|p1a: TWINKATON|Thunder Wave|p2a: Gholdengo\n|-immune|p2a: Gholdengo|[from] ability: Good as Gold\n|move|p2a: Gholdengo|Shadow Ball|p1a: TWINKATON\n|-crit|p1a: TWINKATON\n|-damage|p1a: TWINKATON|14\/100\n|-enditem|p1a: TWINKATON|Air Balloon\n|\n|upkeep\n|turn|3\n|\n|t:|1699833625\n|switch|p1a: Iron Jugulis|Iron Jugulis|100\/100\n|-enditem|p1a: Iron Jugulis|Booster Energy\n|-activate|p1a: Iron Jugulis|ability: Quark Drive|[fromitem]\n|-start|p1a: Iron Jugulis|quarkdrivespe\n|move|p2a: Gholdengo|Shadow Ball|p1a: Iron Jugulis\n|-resisted|p1a: Iron Jugulis\n|-damage|p1a: Iron Jugulis|54\/100\n|\n|upkeep\n|turn|4\n|\n|t:|1699833628\n|switch|p2a: Zapdos|Zapdos|100\/100\n|move|p1a: Iron Jugulis|Knock Off|p2a: Zapdos\n|-damage|p2a: Zapdos|66\/100\n|-status|p1a: Iron Jugulis|par|[from] ability: Static|[of] p2a: Zapdos\n|-enditem|p2a: Zapdos|Heavy-Duty Boots|[from] move: Knock Off|[of] p1a: Iron Jugulis\n|\n|upkeep\n|turn|5\n|\n|t:|1699833634\n|-end|p1a: Iron Jugulis|Quark Drive|[silent]\n|switch|p1a: Dragapult|Dragapult, M|100\/100\n|move|p2a: Zapdos|Volt Switch|p1a: Dragapult\n|-resisted|p1a: Dragapult\n|-damage|p1a: Dragapult|75\/100\n|\n|t:|1699833634\n|switch|p2a: Zamazenta|Zamazenta|100\/100|[from] Volt Switch\n|-ability|p2a: Zamazenta|Dauntless Shield|boost\n|-boost|p2a: Zamazenta|def|1\n|\n|upkeep\n|turn|6\n|\n|t:|1699833645\n|switch|p2a: Ting-Lu|Ting-Lu|100\/100\n|-ability|p2a: Ting-Lu|Vessel of Ruin\n|move|p1a: Dragapult|Shadow Ball|p2a: Ting-Lu\n|-resisted|p2a: Ting-Lu\n|-damage|p2a: Ting-Lu|90\/100\n|\n|upkeep\n|turn|7\n|\n|t:|1699833651\n|switch|p1a: TWINKATON|Tinkaton, F|14\/100\n|move|p2a: Ting-Lu|Stealth Rock|p1a: TWINKATON\n|-sidestart|p1: ConejitaYiime|move: Stealth Rock\n|\n|upkeep\n|turn|8\n|\n|t:|1699833653\n|move|p1a: TWINKATON|Play Rough|p2a: Ting-Lu|[miss]\n|-miss|p1a: TWINKATON|p2a: Ting-Lu\n|move|p2a: Ting-Lu|Earthquake|p1a: TWINKATON\n|-supereffective|p1a: TWINKATON\n|-damage|p1a: TWINKATON|0 fnt\n|faint|p1a: TWINKATON\n|\n|upkeep\n|\n|t:|1699833657\n|switch|p1a: Ogerpon|Ogerpon-Wellspring, F|100\/100\n|-damage|p1a: Ogerpon|88\/100|[from] Stealth Rock\n|turn|9\n|\n|t:|1699833664\n|switch|p2a: Amoonguss|Amoonguss, F|100\/100\n|move|p1a: Ogerpon|Horn Leech|p2a: Amoonguss\n|-resisted|p2a: Amoonguss\n|-damage|p2a: Amoonguss|93\/100\n|-heal|p1a: Ogerpon|94\/100|[from] drain|[of] p2a: Amoonguss\n|\n|upkeep\n|turn|10\n|\n|t:|1699833670\n|switch|p1a: Iron Moth|Iron Moth|100\/100\n|-enditem|p1a: Iron Moth|Booster Energy\n|-activate|p1a: Iron Moth|ability: Quark Drive|[fromitem]\n|-start|p1a: Iron Moth|quarkdrivespe\n|-damage|p1a: Iron Moth|76\/100|[from] Stealth Rock\n|move|p2a: Amoonguss|Sludge Bomb|p1a: Iron Moth\n|-resisted|p1a: Iron Moth\n|-damage|p1a: Iron Moth|61\/100\n|\n|upkeep\n|turn|11\n|\n|t:|1699833672\n|move|p1a: Iron Moth|Fiery Dance|p2a: Amoonguss\n|-supereffective|p2a: Amoonguss\n|-damage|p2a: Amoonguss|20\/100\n|-boost|p1a: Iron Moth|spa|1\n|move|p2a: Amoonguss|Spore|p1a: Iron Moth\n|-status|p1a: Iron Moth|slp|[from] move: Spore\n|\n|upkeep\n|turn|12\n|\n|t:|1699833676\n|cant|p1a: Iron Moth|slp\n|move|p2a: Amoonguss|Sludge Bomb|p1a: Iron Moth\n|-resisted|p1a: Iron Moth\n|-damage|p1a: Iron Moth|47\/100 slp\n|\n|upkeep\n|turn|13\n|\n|t:|1699833677\n|-curestatus|p1a: Iron Moth|slp|[msg]\n|move|p1a: Iron Moth|Fiery Dance|p2a: Amoonguss\n|-supereffective|p2a: Amoonguss\n|-damage|p2a: Amoonguss|0 fnt\n|faint|p2a: Amoonguss\n|\n|upkeep\n|\n|t:|1699833677\n|switch|p2a: Zapdos|Zapdos|66\/100\n|-damage|p2a: Zapdos|41\/100|[from] Stealth Rock\n|turn|14\n|\n|t:|1699833679\n|move|p1a: Iron Moth|Fiery Dance|p2a: Zapdos\n|-damage|p2a: Zapdos|0 fnt\n|faint|p2a: Zapdos\n|\n|upkeep\n|\n|t:|1699833679\n|switch|p2a: Ting-Lu|Ting-Lu|90\/100\n|-ability|p2a: Ting-Lu|Vessel of Ruin\n|turn|15\n|\n|t:|1699833690\n|move|p1a: Iron Moth|Dazzling Gleam|p2a: Ting-Lu\n|-supereffective|p2a: Ting-Lu\n|-damage|p2a: Ting-Lu|54\/100\n|move|p2a: Ting-Lu|Earthquake|p1a: Iron Moth\n|-supereffective|p1a: Iron Moth\n|-damage|p1a: Iron Moth|0 fnt\n|faint|p1a: Iron Moth\n|-end|p1a: Iron Moth|Quark Drive|[silent]\n|\n|upkeep\n|\n|t:|1699833695\n|switch|p1a: Dragapult|Dragapult, M|75\/100\n|-damage|p1a: Dragapult|63\/100|[from] Stealth Rock\n|turn|16\n|\n|t:|1699833700\n|move|p1a: Dragapult|Draco Meteor|p2a: Ting-Lu\n|-damage|p2a: Ting-Lu|18\/100\n|-unboost|p1a: Dragapult|spa|2\n|move|p2a: Ting-Lu|Earthquake|p1a: Dragapult\n|-damage|p1a: Dragapult|12\/100\n|\n|upkeep\n|turn|17\n|\n|t:|1699833704\n|move|p1a: Dragapult|Draco Meteor|p2a: Ting-Lu\n|-damage|p2a: Ting-Lu|1\/100\n|-unboost|p1a: Dragapult|spa|2\n|move|p2a: Ting-Lu|Earthquake|p1a: Dragapult\n|-damage|p1a: Dragapult|0 fnt\n|faint|p1a: Dragapult\n|\n|upkeep\n|\n|t:|1699833710\n|switch|p1a: Great Tusk|Great Tusk|100\/100\n|-damage|p1a: Great Tusk|98\/100|[from] Stealth Rock\n|-enditem|p1a: Great Tusk|Booster Energy\n|-activate|p1a: Great Tusk|ability: Protosynthesis|[fromitem]\n|-start|p1a: Great Tusk|protosynthesisspe\n|turn|18\n|\n|t:|1699833712\n|move|p1a: Great Tusk|Rapid Spin|p2a: Ting-Lu\n|-damage|p2a: Ting-Lu|0 fnt\n|-boost|p1a: Great Tusk|spe|1\n|-sideend|p1: ConejitaYiime|Stealth Rock|[from] move: Rapid Spin|[of] p1a: Great Tusk\n|faint|p2a: Ting-Lu\n|\n|upkeep\n|\n|t:|1699833712\n|switch|p2a: Zamazenta|Zamazenta|100\/100\n|turn|19\n|\n|t:|1699833718\n|move|p1a: Great Tusk|Bulk Up|p1a: Great Tusk\n|-boost|p1a: Great Tusk|atk|1\n|-boost|p1a: Great Tusk|def|1\n|move|p2a: Zamazenta|Close Combat|p1a: Great Tusk\n|-damage|p1a: Great Tusk|71\/100\n|-unboost|p2a: Zamazenta|def|1\n|-unboost|p2a: Zamazenta|spd|1\n|\n|upkeep\n|turn|20\n|\n|t:|1699833720\n|move|p1a: Great Tusk|Bulk Up|p1a: Great Tusk\n|-boost|p1a: Great Tusk|atk|1\n|-boost|p1a: Great Tusk|def|1\n|move|p2a: Zamazenta|Close Combat|p1a: Great Tusk\n|-damage|p1a: Great Tusk|52\/100\n|-unboost|p2a: Zamazenta|def|1\n|-unboost|p2a: Zamazenta|spd|1\n|\n|upkeep\n|turn|21\n|\n|t:|1699833722\n|move|p1a: Great Tusk|Bulk Up|p1a: Great Tusk\n|-boost|p1a: Great Tusk|atk|1\n|-boost|p1a: Great Tusk|def|1\n|move|p2a: Zamazenta|Close Combat|p1a: Great Tusk\n|-damage|p1a: Great Tusk|36\/100\n|-unboost|p2a: Zamazenta|def|1\n|-unboost|p2a: Zamazenta|spd|1\n|\n|upkeep\n|turn|22\n|\n|t:|1699833724\n|move|p1a: Great Tusk|Ice Spinner|p2a: Zamazenta\n|-damage|p2a: Zamazenta|0 fnt\n|faint|p2a: Zamazenta\n|\n|upkeep\n|\n|t:|1699833725\n|switch|p2a: Gholdengo|Gholdengo|100\/100\n|-damage|p2a: Gholdengo|94\/100|[from] Stealth Rock\n|turn|23\n|\n|t:|1699833728\n|move|p1a: Great Tusk|Ice Spinner|p2a: Gholdengo\n|-resisted|p2a: Gholdengo\n|-damage|p2a: Gholdengo|62\/100\n|move|p2a: Gholdengo|Shadow Ball|p1a: Great Tusk\n|-damage|p1a: Great Tusk|0 fnt\n|faint|p1a: Great Tusk\n|-end|p1a: Great Tusk|Protosynthesis|[silent]\n|\n|upkeep\n|\n|t:|1699833731\n|switch|p1a: Ogerpon|Ogerpon-Wellspring, F|94\/100\n|turn|24\n|\n|t:|1699833737\n|move|p1a: Ogerpon|Ivy Cudgel|p2a: Gholdengo\n|-damage|p2a: Gholdengo|0 fnt\n|faint|p2a: Gholdengo\n|\n|upkeep\n|\n|t:|1699833738\n|switch|p2a: Slowking|Slowking, F|100\/100\n|turn|25\n|\n|t:|1699833740\n|-terastallize|p2a: Slowking|Fairy\n|move|p1a: Ogerpon|Horn Leech|p2a: Slowking\n|-damage|p2a: Slowking|51\/100\n|-heal|p1a: Ogerpon|100\/100|[from] drain|[of] p2a: Slowking\n|move|p2a: Slowking|Future Sight|p1a: Ogerpon\n|-start|p2a: Slowking|move: Future Sight\n|\n|upkeep\n|turn|26\n|\n|t:|1699833746\n|-terastallize|p1a: Ogerpon|Water\n|detailschange|p1a: Ogerpon|Ogerpon-Wellspring-Tera, F, tera:Water\n|-ability|p1a: Ogerpon|Embody Aspect (Wellspring)|boost\n|-boost|p1a: Ogerpon|spd|1\n|move|p1a: Ogerpon|Ivy Cudgel|p2a: Slowking\n|-crit|p2a: Slowking\n|-damage|p2a: Slowking|0 fnt\n|faint|p2a: Slowking\n|\n|win|ConejitaYiime\n","uploadtime":1699833748,"views":10,"p1id":"conejitayiime","p2id":"fortunia","formatid":"gen9ou","rating":0,"private":0,"password":""}