{"id":"drafthub-gen9ou-524","p1":"ConejitaYiime","p2":"Fortunia","format":"[Gen 9] OU","log":"|j|\u2606ConejitaYiime\n|j|\u2606Fortunia\n|t:|1699835122\n|gametype|singles\n|player|p1|ConejitaYiime|266|\n|player|p2|Fortunia|lucy|\n|teamsize|p1|6\n|teamsize|p2|6\n|gen|9\n|tier|[Gen 9] OU\n|rule|Sleep Clause Mod: Limit one foe put to sleep\n|rule|Species Clause: Limit one of each Pok\u00e9mon\n|rule|OHKO Clause: OHKO moves are banned\n|rule|Evasion Items Clause: Evasion items are banned\n|rule|Evasion Moves Clause: Evasion moves are banned\n|rule|Endless Battle Clause: Forcing endless battles is banned\n|rule|HP Percentage Mod: HP is shown in percentages\n|clearpoke\n|poke|p1|Iron Jugulis|\n|poke|p1|Ogerpon-Wellspring, F|\n|poke|p1|Tinkaton, F|\n|poke|p1|Iron Moth|\n|poke|p1|Great Tusk|\n|poke|p1|Dragapult, F|\n|poke|p2|Kingambit, F|\n|poke|p2|Glimmora, M|\n|poke|p2|Zamazenta-*|\n|poke|p2|Iron Valiant|\n|poke|p2|Iron Moth|\n|poke|p2|Ogerpon-Wellspring, F|\n|teampreview\n|inactive|Battle timer is ON: inactive players will automatically lose when time's up. (requested by Fortunia)\n|\n|t:|1699835131\n|start\n|switch|p1a: TWINKATON|Tinkaton, F|100\/100\n|switch|p2a: Glimmora|Glimmora, M|100\/100\n|-item|p1a: TWINKATON|Air Balloon\n|turn|1\n|\n|t:|1699835138\n|switch|p2a: Iron Moth|Iron Moth|100\/100\n|-enditem|p2a: Iron Moth|Booster Energy\n|-activate|p2a: Iron Moth|ability: Quark Drive|[fromitem]\n|-start|p2a: Iron Moth|quarkdrivespe\n|move|p1a: TWINKATON|Thunder Wave|p2a: Iron Moth\n|-status|p2a: Iron Moth|par\n|\n|upkeep\n|turn|2\n|\n|t:|1699835142\n|move|p1a: TWINKATON|Stealth Rock|p2a: Iron Moth\n|-sidestart|p2: Fortunia|move: Stealth Rock\n|move|p2a: Iron Moth|Substitute|p2a: Iron Moth\n|-start|p2a: Iron Moth|Substitute\n|-damage|p2a: Iron Moth|76\/100 par\n|\n|upkeep\n|turn|3\n|\n|t:|1699835150\n|move|p1a: TWINKATON|Encore|p2a: Iron Moth\n|-start|p2a: Iron Moth|Encore\n|move|p2a: Iron Moth|Substitute|p2a: Iron Moth\n|-fail|p2a: Iron Moth|move: Substitute\n|\n|upkeep\n|turn|4\n|\n|t:|1699835155\n|switch|p1a: Dragapult|Dragapult, F|100\/100\n|-end|p2a: Iron Moth|Quark Drive|[silent]\n|switch|p2a: Ogerpon|Ogerpon-Wellspring, F|100\/100\n|-damage|p2a: Ogerpon|88\/100|[from] Stealth Rock\n|\n|upkeep\n|turn|5\n|\n|t:|1699835161\n|switch|p2a: Kingambit|Kingambit, F|100\/100\n|-damage|p2a: Kingambit|94\/100|[from] Stealth Rock\n|move|p1a: Dragapult|Shadow Ball|p2a: Kingambit\n|-resisted|p2a: Kingambit\n|-damage|p2a: Kingambit|65\/100\n|-unboost|p2a: Kingambit|spd|1\n|\n|upkeep\n|turn|6\n|\n|t:|1699835164\n|switch|p1a: Iron Moth|Iron Moth|100\/100\n|-enditem|p1a: Iron Moth|Booster Energy\n|-activate|p1a: Iron Moth|ability: Quark Drive|[fromitem]\n|-start|p1a: Iron Moth|quarkdrivespe\n|-end|p2a: Kingambit|fallenundefined|[silent]\n|switch|p2a: Iron Valiant|Iron Valiant|100\/100\n|-enditem|p2a: Iron Valiant|Booster Energy\n|-activate|p2a: Iron Valiant|ability: Quark Drive|[fromitem]\n|-start|p2a: Iron Valiant|quarkdrivespe\n|-damage|p2a: Iron Valiant|94\/100|[from] Stealth Rock\n|\n|upkeep\n|turn|7\n|\n|t:|1699835168\n|-end|p2a: Iron Valiant|Quark Drive|[silent]\n|switch|p2a: Glimmora|Glimmora, M|100\/100\n|-damage|p2a: Glimmora|88\/100|[from] Stealth Rock\n|-terastallize|p1a: Iron Moth|Fairy\n|move|p1a: Iron Moth|Dazzling Gleam|p2a: Glimmora\n|-resisted|p2a: Glimmora\n|-damage|p2a: Glimmora|60\/100\n|\n|upkeep\n|turn|8\n|\n|t:|1699835172\n|move|p1a: Iron Moth|Psychic|p2a: Glimmora\n|-supereffective|p2a: Glimmora\n|-damage|p2a: Glimmora|0 fnt\n|faint|p2a: Glimmora\n|\n|upkeep\n|\n|t:|1699835173\n|switch|p2a: Iron Moth|Iron Moth|76\/100 par\n|-damage|p2a: Iron Moth|51\/100 par|[from] Stealth Rock\n|turn|9\n|\n|t:|1699835178\n|move|p1a: Iron Moth|Psychic|p2a: Iron Moth\n|-supereffective|p2a: Iron Moth\n|-damage|p2a: Iron Moth|0 fnt\n|faint|p2a: Iron Moth\n|-end|p2a: Iron Moth|Quark Drive|[silent]\n|\n|upkeep\n|\n|t:|1699835178\n|switch|p2a: Kingambit|Kingambit, F|65\/100\n|-damage|p2a: Kingambit|59\/100|[from] Stealth Rock\n|-activate|p2a: Kingambit|ability: Supreme Overlord\n|-start|p2a: Kingambit|fallen2|[silent]\n|turn|10\n|\n|t:|1699835182\n|move|p1a: Iron Moth|Fiery Dance|p2a: Kingambit\n|-supereffective|p2a: Kingambit\n|-damage|p2a: Kingambit|0 fnt\n|-boost|p1a: Iron Moth|spa|1\n|faint|p2a: Kingambit\n|-end|p2a: Kingambit|fallen2|[silent]\n|\n|upkeep\n|\n|t:|1699835182\n|switch|p2a: Ogerpon|Ogerpon-Wellspring, F|88\/100\n|-damage|p2a: Ogerpon|76\/100|[from] Stealth Rock\n|turn|11\n|\n|t:|1699835189\n|move|p1a: Iron Moth|Dazzling Gleam|p2a: Ogerpon\n|-damage|p2a: Ogerpon|4\/100\n|move|p2a: Ogerpon|Swords Dance|p2a: Ogerpon\n|-boost|p2a: Ogerpon|atk|2\n|\n|upkeep\n|turn|12\n|\n|t:|1699835193\n|move|p1a: Iron Moth|Dazzling Gleam|p2a: Ogerpon\n|-damage|p2a: Ogerpon|0 fnt\n|faint|p2a: Ogerpon\n|\n|upkeep\n|\n|t:|1699835193\n|switch|p2a: Iron Valiant|Iron Valiant|94\/100\n|-damage|p2a: Iron Valiant|88\/100|[from] Stealth Rock\n|turn|13\n|\n|t:|1699835195\n|move|p1a: Iron Moth|Dazzling Gleam|p2a: Iron Valiant\n|-supereffective|p2a: Iron Valiant\n|-damage|p2a: Iron Valiant|0 fnt\n|faint|p2a: Iron Valiant\n|-end|p2a: Iron Valiant|Quark Drive|[silent]\n|\n|upkeep\n|\n|t:|1699835195\n|switch|p2a: Zamazenta|Zamazenta, shiny|100\/100\n|-damage|p2a: Zamazenta|94\/100|[from] Stealth Rock\n|-ability|p2a: Zamazenta|Dauntless Shield|boost\n|-boost|p2a: Zamazenta|def|1\n|turn|14\n|\n|t:|1699835198\n|move|p1a: Iron Moth|Dazzling Gleam|p2a: Zamazenta\n|-supereffective|p2a: Zamazenta\n|-damage|p2a: Zamazenta|0 fnt\n|faint|p2a: Zamazenta\n|\n|win|ConejitaYiime\n|l|\u2606Fortunia\n","uploadtime":1699835200,"views":10,"p1id":"conejitayiime","p2id":"fortunia","formatid":"gen9ou","rating":0,"private":0,"password":""}