{"id":"drafthub-gen9ou-520","p1":"ConejitaYiime","p2":"Fortunia","format":"[Gen 9] OU","log":"|j|\u2606ConejitaYiime\n|j|\u2606Fortunia\n|t:|1699834340\n|gametype|singles\n|player|p1|ConejitaYiime|266|\n|player|p2|Fortunia|lucy|\n|teamsize|p1|6\n|teamsize|p2|6\n|gen|9\n|tier|[Gen 9] OU\n|rule|Sleep Clause Mod: Limit one foe put to sleep\n|rule|Species Clause: Limit one of each Pok\u00e9mon\n|rule|OHKO Clause: OHKO moves are banned\n|rule|Evasion Items Clause: Evasion items are banned\n|rule|Evasion Moves Clause: Evasion moves are banned\n|rule|Endless Battle Clause: Forcing endless battles is banned\n|rule|HP Percentage Mod: HP is shown in percentages\n|clearpoke\n|poke|p1|Iron Jugulis|\n|poke|p1|Ogerpon-Wellspring, F|\n|poke|p1|Tinkaton, F|\n|poke|p1|Iron Moth|\n|poke|p1|Great Tusk|\n|poke|p1|Dragapult, F|\n|poke|p2|Amoonguss, M|\n|poke|p2|Gholdengo|\n|poke|p2|Zamazenta-*|\n|poke|p2|Ting-Lu|\n|poke|p2|Zapdos|\n|poke|p2|Slowking, F|\n|teampreview\n|inactive|Battle timer is ON: inactive players will automatically lose when time's up. (requested by Fortunia)\n|\n|t:|1699834345\n|start\n|switch|p1a: TWINKATON|Tinkaton, F|100\/100\n|switch|p2a: Slowking|Slowking, F|100\/100\n|-item|p1a: TWINKATON|Air Balloon\n|turn|1\n|\n|t:|1699834347\n|switch|p2a: Gholdengo|Gholdengo|100\/100\n|move|p1a: TWINKATON|Stealth Rock|p2a: Gholdengo\n|-sidestart|p2: Fortunia|move: Stealth Rock\n|\n|upkeep\n|turn|2\n|\n|t:|1699834357\n|switch|p1a: Iron Moth|Iron Moth|100\/100\n|-enditem|p1a: Iron Moth|Booster Energy\n|-activate|p1a: Iron Moth|ability: Quark Drive|[fromitem]\n|-start|p1a: Iron Moth|quarkdrivespe\n|move|p2a: Gholdengo|Shadow Ball|p1a: Iron Moth\n|-damage|p1a: Iron Moth|33\/100\n|-unboost|p1a: Iron Moth|spd|1\n|\n|upkeep\n|turn|3\n|\n|t:|1699834360\n|move|p1a: Iron Moth|Fiery Dance|p2a: Gholdengo\n|-supereffective|p2a: Gholdengo\n|-damage|p2a: Gholdengo|0 fnt\n|-boost|p1a: Iron Moth|spa|1\n|faint|p2a: Gholdengo\n|\n|upkeep\n|\n|t:|1699834360\n|switch|p2a: Zapdos|Zapdos|100\/100\n|turn|4\n|\n|t:|1699834367\n|-end|p1a: Iron Moth|Quark Drive|[silent]\n|switch|p1a: Iron Jugulis|Iron Jugulis|100\/100\n|-enditem|p1a: Iron Jugulis|Booster Energy\n|-activate|p1a: Iron Jugulis|ability: Quark Drive|[fromitem]\n|-start|p1a: Iron Jugulis|quarkdrivespe\n|move|p2a: Zapdos|Hurricane|p1a: Iron Jugulis\n|-damage|p1a: Iron Jugulis|22\/100\n|\n|upkeep\n|turn|5\n|\n|t:|1699834372\n|-terastallize|p1a: Iron Jugulis|Steel\n|move|p1a: Iron Jugulis|Hurricane|p2a: Zapdos|[miss]\n|-miss|p1a: Iron Jugulis|p2a: Zapdos\n|move|p2a: Zapdos|Volt Switch|p1a: Iron Jugulis\n|-damage|p1a: Iron Jugulis|0 fnt\n|faint|p1a: Iron Jugulis\n|-end|p1a: Iron Jugulis|Quark Drive|[silent]\n|\n|t:|1699834372\n|switch|p2a: Ting-Lu|Ting-Lu|100\/100|[from] Volt Switch\n|-ability|p2a: Ting-Lu|Vessel of Ruin\n|\n|upkeep\n|\n|t:|1699834378\n|switch|p1a: Ogerpon|Ogerpon-Wellspring, F|100\/100\n|turn|6\n|\n|t:|1699834380\n|move|p1a: Ogerpon|Ivy Cudgel|p2a: Ting-Lu\n|-supereffective|p2a: Ting-Lu\n|-damage|p2a: Ting-Lu|35\/100\n|move|p2a: Ting-Lu|Stealth Rock|p1a: Ogerpon\n|-sidestart|p1: ConejitaYiime|move: Stealth Rock\n|\n|upkeep\n|turn|7\n|\n|t:|1699834383\n|move|p1a: Ogerpon|Horn Leech|p2a: Ting-Lu\n|-supereffective|p2a: Ting-Lu\n|-damage|p2a: Ting-Lu|0 fnt\n|faint|p2a: Ting-Lu\n|\n|upkeep\n|\n|t:|1699834383\n|switch|p2a: Amoonguss|Amoonguss, M|100\/100\n|turn|8\n|\n|t:|1699834386\n|move|p1a: Ogerpon|U-turn|p2a: Amoonguss\n|-damage|p2a: Amoonguss|77\/100\n|\n|t:|1699834389\n|switch|p1a: Great Tusk|Great Tusk|100\/100|[from] U-turn\n|-enditem|p1a: Great Tusk|Booster Energy\n|-activate|p1a: Great Tusk|ability: Protosynthesis|[fromitem]\n|-start|p1a: Great Tusk|protosynthesisspe\n|-damage|p1a: Great Tusk|98\/100|[from] Stealth Rock\n|move|p2a: Amoonguss|Sludge Bomb|p1a: Great Tusk\n|-resisted|p1a: Great Tusk\n|-damage|p1a: Great Tusk|81\/100\n|\n|upkeep\n|turn|9\n|\n|t:|1699834391\n|switch|p2a: Zapdos|Zapdos|100\/100\n|move|p1a: Great Tusk|Rapid Spin|p2a: Zapdos\n|-damage|p2a: Zapdos|82\/100\n|-boost|p1a: Great Tusk|spe|1\n|-status|p1a: Great Tusk|par|[from] ability: Static|[of] p2a: Zapdos\n|-sideend|p1: ConejitaYiime|Stealth Rock|[from] move: Rapid Spin|[of] p1a: Great Tusk\n|\n|upkeep\n|turn|10\n|\n|t:|1699834394\n|move|p1a: Great Tusk|Ice Spinner|p2a: Zapdos\n|-supereffective|p2a: Zapdos\n|-damage|p2a: Zapdos|28\/100\n|move|p2a: Zapdos|Hurricane|p1a: Great Tusk\n|-supereffective|p1a: Great Tusk\n|-damage|p1a: Great Tusk|0 fnt\n|faint|p1a: Great Tusk\n|-end|p1a: Great Tusk|Protosynthesis|[silent]\n|\n|upkeep\n|\n|t:|1699834398\n|switch|p1a: Iron Moth|Iron Moth|33\/100\n|turn|11\n|\n|t:|1699834399\n|move|p1a: Iron Moth|Fiery Dance|p2a: Zapdos\n|-damage|p2a: Zapdos|0 fnt\n|faint|p2a: Zapdos\n|\n|upkeep\n|\n|t:|1699834399\n|switch|p2a: Slowking|Slowking, F|100\/100\n|turn|12\n|\n|t:|1699834405\n|-end|p1a: Iron Moth|Quark Drive|[silent]\n|switch|p1a: Dragapult|Dragapult, F|100\/100\n|move|p2a: Slowking|Future Sight|p1a: Dragapult\n|-start|p2a: Slowking|move: Future Sight\n|\n|upkeep\n|turn|13\n|\n|t:|1699834407\n|switch|p2a: Zamazenta|Zamazenta|100\/100\n|-ability|p2a: Zamazenta|Dauntless Shield|boost\n|-boost|p2a: Zamazenta|def|1\n|move|p1a: Dragapult|Shadow Ball|p2a: Zamazenta\n|-damage|p2a: Zamazenta|59\/100\n|\n|upkeep\n|turn|14\n|\n|t:|1699834411\n|switch|p1a: TWINKATON|Tinkaton, F|100\/100\n|-item|p1a: TWINKATON|Air Balloon\n|move|p2a: Zamazenta|Crunch|p1a: TWINKATON\n|-resisted|p1a: TWINKATON\n|-damage|p1a: TWINKATON|87\/100\n|-unboost|p1a: TWINKATON|def|1\n|-enditem|p1a: TWINKATON|Air Balloon\n|-enditem|p2a: Zamazenta|Heavy-Duty Boots|[silent]|[from] ability: Pickpocket|[of] p2a: Zamazenta\n|-item|p1a: TWINKATON|Heavy-Duty Boots|[from] ability: Pickpocket|[of] p2a: Zamazenta\n|\n|-end|p1a: TWINKATON|move: Future Sight\n|-resisted|p1a: TWINKATON\n|-damage|p1a: TWINKATON|69\/100\n|upkeep\n|turn|15\n|\n|t:|1699834413\n|move|p2a: Zamazenta|Close Combat|p1a: TWINKATON\n|-damage|p1a: TWINKATON|0 fnt\n|-unboost|p2a: Zamazenta|def|1\n|-unboost|p2a: Zamazenta|spd|1\n|faint|p1a: TWINKATON\n|\n|upkeep\n|\n|t:|1699834416\n|switch|p1a: Dragapult|Dragapult, F|100\/100\n|turn|16\n|\n|t:|1699834419\n|move|p1a: Dragapult|Shadow Ball|p2a: Zamazenta\n|-crit|p2a: Zamazenta\n|-damage|p2a: Zamazenta|0 fnt\n|faint|p2a: Zamazenta\n|\n|upkeep\n|\n|t:|1699834419\n|switch|p2a: Amoonguss|Amoonguss, M|100\/100\n|turn|17\n|\n|t:|1699834421\n|move|p1a: Dragapult|Shadow Ball|p2a: Amoonguss\n|-damage|p2a: Amoonguss|53\/100\n|move|p2a: Amoonguss|Spore|p1a: Dragapult\n|-status|p1a: Dragapult|slp|[from] move: Spore\n|\n|upkeep\n|turn|18\n|\n|t:|1699834424\n|cant|p1a: Dragapult|slp\n|move|p2a: Amoonguss|Sludge Bomb|p1a: Dragapult\n|-resisted|p1a: Dragapult\n|-damage|p1a: Dragapult|82\/100 slp\n|\n|upkeep\n|turn|19\n|\n|t:|1699834427\n|switch|p1a: Iron Moth|Iron Moth|33\/100\n|move|p2a: Amoonguss|Sludge Bomb|p1a: Iron Moth\n|-resisted|p1a: Iron Moth\n|-damage|p1a: Iron Moth|18\/100\n|\n|upkeep\n|turn|20\n|\n|t:|1699834429\n|move|p1a: Iron Moth|Fiery Dance|p2a: Amoonguss\n|-supereffective|p2a: Amoonguss\n|-damage|p2a: Amoonguss|0 fnt\n|-boost|p1a: Iron Moth|spa|1\n|faint|p2a: Amoonguss\n|\n|upkeep\n|\n|t:|1699834429\n|switch|p2a: Slowking|Slowking, F|100\/100\n|turn|21\n|\n|t:|1699834432\n|-end|p1a: Iron Moth|Quark Drive|[silent]\n|switch|p1a: Ogerpon|Ogerpon-Wellspring, F|100\/100\n|-terastallize|p2a: Slowking|Fairy\n|move|p2a: Slowking|Future Sight|p1a: Ogerpon\n|-start|p2a: Slowking|move: Future Sight\n|\n|upkeep\n|turn|22\n|\n|t:|1699834436\n|move|p1a: Ogerpon|Ivy Cudgel|p2a: Slowking\n|-damage|p2a: Slowking|34\/100\n|move|p2a: Slowking|Future Sight||[still]\n|-fail|p2a: Slowking\n|\n|upkeep\n|turn|23\n|\n|t:|1699834439\n|move|p1a: Ogerpon|Horn Leech|p2a: Slowking\n|-crit|p2a: Slowking\n|-damage|p2a: Slowking|0 fnt\n|faint|p2a: Slowking\n|\n|win|ConejitaYiime\n","uploadtime":1699834441,"views":9,"p1id":"conejitayiime","p2id":"fortunia","formatid":"gen9ou","rating":0,"private":0,"password":""}