{"id":"gen9ou-1989266006","p1":"SireDingleberryIII","p2":"Legit Trolling","format":"[Gen 9] OU","log":"|j|\u2606SireDingleberryIII\n|j|\u2606Legit Trolling\n|t:|1699829714\n|gametype|singles\n|player|p1|SireDingleberryIII|benga|1157\n|player|p2|Legit Trolling|101|1166\n|teamsize|p1|6\n|teamsize|p2|6\n|gen|9\n|tier|[Gen 9] OU\n|rated|\n|rule|Sleep Clause Mod: Limit one foe put to sleep\n|rule|Species Clause: Limit one of each Pok\u00e9mon\n|rule|OHKO Clause: OHKO moves are banned\n|rule|Evasion Items Clause: Evasion items are banned\n|rule|Evasion Moves Clause: Evasion moves are banned\n|rule|Endless Battle Clause: Forcing endless battles is banned\n|rule|HP Percentage Mod: HP is shown in percentages\n|clearpoke\n|poke|p1|Ting-Lu|\n|poke|p1|Alomomola, F|\n|poke|p1|Sneasler, M|\n|poke|p1|Sandy Shocks|\n|poke|p1|Gogoat, M|\n|poke|p1|Glimmora, F|\n|poke|p2|Golem-Alola, F|\n|poke|p2|Slowking-Galar, M|\n|poke|p2|Enamorus, F|\n|poke|p2|Cyclizar, F|\n|poke|p2|Maushold-Four|\n|poke|p2|Glastrier|\n|teampreview\n|inactive|Battle timer is ON: inactive players will automatically lose when time's up. (requested by SireDingleberryIII)\n|inactive|SireDingleberryIII has 120 seconds left.\n|\n|t:|1699829773\n|start\n|switch|p1a: Sandy Shocks|Sandy Shocks|100\/100\n|switch|p2a: Slowking|Slowking-Galar, M|100\/100\n|turn|1\n|inactive|Legit Trolling has 120 seconds left.\n|\n|t:|1699829805\n|move|p1a: Sandy Shocks|Volt Switch|p2a: Slowking\n|-damage|p2a: Slowking|69\/100\n|\n|t:|1699829810\n|-end|p1a: Sandy Shocks|Protosynthesis|[silent]\n|switch|p1a: Ting-Lu|Ting-Lu|100\/100|[from] Volt Switch\n|-ability|p1a: Ting-Lu|Vessel of Ruin\n|move|p2a: Slowking|Future Sight|p1a: Ting-Lu\n|-start|p2a: Slowking|move: Future Sight\n|\n|upkeep\n|turn|2\n|inactive|Legit Trolling has 120 seconds left.\n|inactive|Legit Trolling has 90 seconds left.\n|\n|t:|1699829858\n|switch|p2a: Enamorus|Enamorus, F|100\/100\n|move|p1a: Ting-Lu|Spikes|p2a: Enamorus\n|-sidestart|p2: Legit Trolling|Spikes\n|\n|upkeep\n|turn|3\n|inactive|SireDingleberryIII has 120 seconds left.\n|\n|t:|1699829901\n|move|p2a: Enamorus|Earth Power|p1a: Ting-Lu\n|-damage|p1a: Ting-Lu|79\/100\n|move|p1a: Ting-Lu|Whirlwind|p2a: Enamorus\n|drag|p2a: Glastrier|Glastrier|100\/100\n|\n|-end|p1a: Ting-Lu|move: Future Sight\n|-immune|p1a: Ting-Lu\n|-heal|p1a: Ting-Lu|85\/100|[from] item: Leftovers\n|upkeep\n|turn|4\n|inactive|Legit Trolling has 90 seconds left.\n|\n|t:|1699829918\n|switch|p1a: Glimmora|Glimmora, F|100\/100\n|move|p2a: Glastrier|Icicle Crash|p1a: Glimmora\n|-crit|p1a: Glimmora\n|-enditem|p1a: Glimmora|Focus Sash\n|-damage|p1a: Glimmora|1\/100\n|-activate|p1a: Glimmora|ability: Toxic Debris\n|-sidestart|p2: Legit Trolling|move: Toxic Spikes\n|\n|upkeep\n|turn|5\n|inactive|SireDingleberryIII has 120 seconds left.\n|\n|t:|1699829925\n|move|p1a: Glimmora|Stealth Rock|p2a: Glastrier\n|-sidestart|p2: Legit Trolling|move: Stealth Rock\n|move|p2a: Glastrier|Heavy Slam|p1a: Glimmora\n|-supereffective|p1a: Glimmora\n|-damage|p1a: Glimmora|0 fnt\n|-activate|p1a: Glimmora|ability: Toxic Debris\n|-sidestart|p2: Legit Trolling|move: Toxic Spikes\n|faint|p1a: Glimmora\n|-ability|p2a: Glastrier|Chilling Neigh|boost\n|-boost|p2a: Glastrier|atk|1\n|\n|upkeep\n|inactive|SireDingleberryIII has 120 seconds left.\n|\n|t:|1699829947\n|switch|p1a: Sneasler|Sneasler, M|100\/100\n|turn|6\n|inactive|Legit Trolling has 90 seconds left.\n|inactive|SireDingleberryIII has 90 seconds left.\n|\n|t:|1699829980\n|switch|p2a: Slowking|Slowking-Galar, M|100\/100\n|-sideend|p2: Legit Trolling|move: Toxic Spikes|[of] p2a: Slowking\n|move|p1a: Sneasler|Close Combat|p2a: Slowking\n|-resisted|p2a: Slowking\n|-damage|p2a: Slowking|84\/100\n|-unboost|p1a: Sneasler|def|1\n|-unboost|p1a: Sneasler|spd|1\n|\n|upkeep\n|turn|7\n|inactive|SireDingleberryIII has 90 seconds left.\n|\n|t:|1699829990\n|switch|p1a: Alomomola|Alomomola, F|100\/100\n|move|p2a: Slowking|Future Sight|p1a: Alomomola\n|-start|p2a: Slowking|move: Future Sight\n|\n|upkeep\n|turn|8\n|\n|t:|1699829996\n|move|p1a: Alomomola|Flip Turn|p2a: Slowking\n|-damage|p2a: Slowking|66\/100\n|\n|t:|1699829999\n|switch|p1a: Ting-Lu|Ting-Lu|85\/100|[from] Flip Turn\n|-ability|p1a: Ting-Lu|Vessel of Ruin\n|move|p2a: Slowking|Sludge Bomb|p1a: Ting-Lu\n|-resisted|p1a: Ting-Lu\n|-damage|p1a: Ting-Lu|78\/100\n|\n|-heal|p1a: Ting-Lu|85\/100|[from] item: Leftovers\n|upkeep\n|turn|9\n|\n|t:|1699830011\n|move|p1a: Ting-Lu|Ruination|p2a: Slowking|[miss]\n|-miss|p1a: Ting-Lu|p2a: Slowking\n|move|p2a: Slowking|Chilly Reception|p2a: Slowking\n|-weather|Snow\n|inactive|Legit Trolling has 120 seconds left.\n|\n|t:|1699830020\n|switch|p2a: Cyclizar|Cyclizar, F|100\/100|[from] Chilly Reception\n|\n|-weather|Snow|[upkeep]\n|-end|p1a: Ting-Lu|move: Future Sight\n|-immune|p1a: Ting-Lu\n|-heal|p1a: Ting-Lu|91\/100|[from] item: Leftovers\n|upkeep\n|turn|10\n|\n|t:|1699830036\n|move|p2a: Cyclizar|Rapid Spin|p1a: Ting-Lu\n|-damage|p1a: Ting-Lu|81\/100\n|-boost|p2a: Cyclizar|spe|1\n|-sideend|p2: Legit Trolling|Spikes|[from] move: Rapid Spin|[of] p2a: Cyclizar\n|-sideend|p2: Legit Trolling|Stealth Rock|[from] move: Rapid Spin|[of] p2a: Cyclizar\n|move|p1a: Ting-Lu|Earthquake|p2a: Cyclizar\n|-damage|p2a: Cyclizar|38\/100\n|\n|-weather|Snow|[upkeep]\n|-heal|p1a: Ting-Lu|87\/100|[from] item: Leftovers\n|upkeep\n|turn|11\n|\n|t:|1699830045\n|move|p2a: Cyclizar|U-turn|p1a: Ting-Lu\n|-supereffective|p1a: Ting-Lu\n|-damage|p1a: Ting-Lu|68\/100\n|\n|t:|1699830051\n|switch|p2a: Enamorus|Enamorus, F|100\/100|[from] U-turn\n|move|p1a: Ting-Lu|Earthquake|p2a: Enamorus\n|-immune|p2a: Enamorus\n|\n|-weather|Snow|[upkeep]\n|-heal|p1a: Ting-Lu|74\/100|[from] item: Leftovers\n|upkeep\n|turn|12\n|\n|t:|1699830057\n|move|p2a: Enamorus|Moonblast|p1a: Ting-Lu\n|-supereffective|p1a: Ting-Lu\n|-damage|p1a: Ting-Lu|7\/100\n|move|p1a: Ting-Lu|Ruination|p2a: Enamorus\n|-damage|p2a: Enamorus|50\/100\n|\n|-weather|Snow|[upkeep]\n|-heal|p1a: Ting-Lu|13\/100|[from] item: Leftovers\n|upkeep\n|turn|13\n|inactive|SireDingleberryIII has 120 seconds left.\n|\n|t:|1699830078\n|move|p2a: Enamorus|Moonblast|p1a: Ting-Lu\n|-supereffective|p1a: Ting-Lu\n|-damage|p1a: Ting-Lu|0 fnt\n|faint|p1a: Ting-Lu\n|\n|-weather|none\n|upkeep\n|inactive|SireDingleberryIII has 90 seconds left.\n|\n|t:|1699830105\n|switch|p1a: Sandy Shocks|Sandy Shocks|100\/100\n|turn|14\n|\n|t:|1699830110\n|move|p2a: Enamorus|Moonblast|p1a: Sandy Shocks\n|-damage|p1a: Sandy Shocks|12\/100\n|move|p1a: Sandy Shocks|Volt Switch|p2a: Enamorus\n|-supereffective|p2a: Enamorus\n|-damage|p2a: Enamorus|0 fnt\n|faint|p2a: Enamorus\n|inactive|SireDingleberryIII has 90 seconds left.\n|inactive|SireDingleberryIII has 60 seconds left.\n|\n|t:|1699830166\n|-end|p1a: Sandy Shocks|Protosynthesis|[silent]\n|switch|p1a: Gogoat|Gogoat, M, shiny|100\/100|[from] Volt Switch\n|\n|upkeep\n|\n|t:|1699830187\n|switch|p2a: Slowking|Slowking-Galar, M|99\/100\n|turn|15\n|inactive|SireDingleberryIII has 60 seconds left.\n|\n|t:|1699830209\n|move|p1a: Gogoat|Bulk Up|p1a: Gogoat\n|-boost|p1a: Gogoat|atk|1\n|-boost|p1a: Gogoat|def|1\n|move|p2a: Slowking|Chilly Reception|p2a: Slowking\n|-weather|Snow\n|\n|t:|1699830212\n|switch|p2a: Maushold|Maushold-Four|100\/100|[from] Chilly Reception\n|\n|-weather|Snow|[upkeep]\n|upkeep\n|turn|16\n|\n|t:|1699830220\n|move|p2a: Maushold|Encore|p1a: Gogoat\n|-start|p1a: Gogoat|Encore\n|move|p1a: Gogoat|Bulk Up|p1a: Gogoat\n|-boost|p1a: Gogoat|atk|1\n|-boost|p1a: Gogoat|def|1\n|\n|-weather|Snow|[upkeep]\n|upkeep\n|turn|17\n|\n|t:|1699830223\n|move|p2a: Maushold|Population Bomb|p1a: Gogoat\n|-damage|p1a: Gogoat|94\/100\n|-damage|p1a: Gogoat|87\/100\n|-damage|p1a: Gogoat|80\/100\n|-damage|p1a: Gogoat|74\/100\n|-damage|p1a: Gogoat|68\/100\n|-hitcount|p1a: Gogoat|5\n|move|p1a: Gogoat|Bulk Up|p1a: Gogoat\n|-boost|p1a: Gogoat|atk|1\n|-boost|p1a: Gogoat|def|1\n|\n|-weather|Snow|[upkeep]\n|upkeep\n|turn|18\n|\n|t:|1699830230\n|move|p2a: Maushold|Tidy Up|p2a: Maushold\n|-boost|p2a: Maushold|atk|1\n|-boost|p2a: Maushold|spe|1\n|move|p1a: Gogoat|Bulk Up|p1a: Gogoat\n|-boost|p1a: Gogoat|atk|1\n|-boost|p1a: Gogoat|def|1\n|\n|-weather|Snow|[upkeep]\n|-end|p1a: Gogoat|Encore\n|upkeep\n|turn|19\n|\n|t:|1699830244\n|move|p2a: Maushold|Encore|p1a: Gogoat\n|-start|p1a: Gogoat|Encore\n|move|p1a: Gogoat|Bulk Up|p1a: Gogoat\n|-boost|p1a: Gogoat|atk|1\n|-boost|p1a: Gogoat|def|1\n|\n|-weather|none\n|upkeep\n|turn|20\n|inactive|SireDingleberryIII has 60 seconds left.\n|\n|t:|1699830266\n|move|p2a: Maushold|Tidy Up|p2a: Maushold\n|-boost|p2a: Maushold|atk|1\n|-boost|p2a: Maushold|spe|1\n|move|p1a: Gogoat|Bulk Up|p1a: Gogoat\n|-boost|p1a: Gogoat|atk|1\n|-boost|p1a: Gogoat|def|1\n|\n|upkeep\n|turn|21\n|inactive|SireDingleberryIII has 60 seconds left.\n|\n|t:|1699830284\n|switch|p1a: Alomomola|Alomomola, F|100\/100\n|move|p2a: Maushold|Tidy Up|p2a: Maushold\n|-boost|p2a: Maushold|atk|1\n|-boost|p2a: Maushold|spe|1\n|\n|upkeep\n|turn|22\n|inactive|SireDingleberryIII has 60 seconds left.\n|\n|t:|1699830291\n|-terastallize|p2a: Maushold|Normal\n|move|p2a: Maushold|Population Bomb|p1a: Alomomola\n|-damage|p1a: Alomomola|78\/100\n|-damage|p1a: Alomomola|55\/100\n|-damage|p1a: Alomomola|33\/100\n|-crit|p1a: Alomomola\n|-damage|p1a: Alomomola|0 fnt\n|faint|p1a: Alomomola\n|-hitcount|p1: Alomomola|4\n|\n|upkeep\n|inactive|SireDingleberryIII has 60 seconds left.\n|\n|t:|1699830309\n|switch|p1a: Sneasler|Sneasler, M|100\/100\n|turn|23\n|\n|t:|1699830312\n|move|p1a: Sneasler|Fake Out|p2a: Maushold\n|-enditem|p1a: Sneasler|Normal Gem|[from] gem\n|-damage|p2a: Maushold|68\/100\n|cant|p2a: Maushold|flinch\n|\n|upkeep\n|turn|24\n|c|\u2606Legit Trolling|gg\n|inactive|SireDingleberryIII has 60 seconds left.\n|\n|t:|1699830325\n|move|p2a: Maushold|Population Bomb|p1a: Sneasler\n|-damage|p1a: Sneasler|42\/100\n|-damage|p1a: Sneasler|0 fnt\n|faint|p1a: Sneasler\n|-hitcount|p1: Sneasler|2\n|\n|upkeep\n|inactive|SireDingleberryIII has 60 seconds left.\n|\n|t:|1699830334\n|switch|p1a: Gogoat|Gogoat, M, shiny|68\/100\n|turn|25\n|\n|t:|1699830341\n|move|p2a: Maushold|Population Bomb|p1a: Gogoat\n|-damage|p1a: Gogoat|29\/100\n|-damage|p1a: Gogoat|0 fnt\n|faint|p1a: Gogoat\n|-hitcount|p1: Gogoat|2\n|\n|upkeep\n|\n|t:|1699830344\n|switch|p1a: Sandy Shocks|Sandy Shocks|12\/100\n|turn|26\n|\n|t:|1699830346\n|move|p2a: Maushold|Bite|p1a: Sandy Shocks\n|-damage|p1a: Sandy Shocks|0 fnt\n|faint|p1a: Sandy Shocks\n|-end|p1a: Sandy Shocks|Protosynthesis|[silent]\n|\n|win|Legit Trolling\n|raw|SireDingleberryIII's rating: 1157 &rarr; <strong>1133<\/strong><br \/>(-24 for losing)\n|raw|Legit Trolling's rating: 1166 &rarr; <strong>1190<\/strong><br \/>(+24 for winning)\n|l|\u2606SireDingleberryIII\n","uploadtime":1699830406,"views":9,"p1id":"siredingleberryiii","p2id":"legittrolling","formatid":"gen9ou","rating":1133,"private":0,"password":""}