{"id":"gen9ou-1991743587","p1":"GhAnDiMate","p2":"coacoaswirls","format":"[Gen 9] OU","log":"|j|\u2606GhAnDiMate\n|j|\u2606coacoaswirls\n|t:|1700109865\n|gametype|singles\n|player|p1|GhAnDiMate|rood|1158\n|player|p2|coacoaswirls|medium|1192\n|teamsize|p1|6\n|teamsize|p2|6\n|gen|9\n|tier|[Gen 9] OU\n|rated|\n|rule|Sleep Clause Mod: Limit one foe put to sleep\n|rule|Species Clause: Limit one of each Pok\u00e9mon\n|rule|OHKO Clause: OHKO moves are banned\n|rule|Evasion Items Clause: Evasion items are banned\n|rule|Evasion Moves Clause: Evasion moves are banned\n|rule|Endless Battle Clause: Forcing endless battles is banned\n|rule|HP Percentage Mod: HP is shown in percentages\n|clearpoke\n|poke|p1|Ogerpon-Wellspring, F|\n|poke|p1|Corviknight, F|\n|poke|p1|Dragonite, F|\n|poke|p1|Enamorus, F|\n|poke|p1|Great Tusk|\n|poke|p1|Cinderace, F|\n|poke|p2|Ribombee, M|\n|poke|p2|Ceruledge, M|\n|poke|p2|Iron Valiant|\n|poke|p2|Hoopa-Unbound|\n|poke|p2|Tornadus-Therian, M|\n|poke|p2|Enamorus, F|\n|teampreview\n|\n|t:|1700109884\n|start\n|switch|p1a: Ogerpon|Ogerpon-Wellspring, F|100\/100\n|switch|p2a: Ribombee|Ribombee, M|100\/100\n|turn|1\n|\n|t:|1700109894\n|move|p2a: Ribombee|U-turn|p1a: Ogerpon\n|-supereffective|p1a: Ogerpon\n|-damage|p1a: Ogerpon|67\/100\n|\n|t:|1700109900\n|switch|p2a: Tornadus|Tornadus-Therian, M|100\/100|[from] U-turn\n|move|p1a: Ogerpon|U-turn|p2a: Tornadus\n|-resisted|p2a: Tornadus\n|-damage|p2a: Tornadus|81\/100\n|\n|t:|1700109920\n|switch|p1a: Enamorus|Enamorus, F|100\/100|[from] U-turn\n|\n|upkeep\n|turn|2\n|\n|t:|1700109923\n|move|p2a: Tornadus|Bleakwind Storm|p1a: Enamorus|[miss]\n|-miss|p2a: Tornadus|p1a: Enamorus\n|move|p1a: Enamorus|Moonblast|p2a: Tornadus\n|-crit|p2a: Tornadus\n|-damage|p2a: Tornadus|0 fnt\n|faint|p2a: Tornadus\n|\n|upkeep\n|\n|t:|1700109929\n|switch|p2a: Ribombee|Ribombee, M|100\/100\n|turn|3\n|\n|t:|1700109933\n|move|p2a: Ribombee|Sticky Web|p1a: Enamorus\n|-sidestart|p1: GhAnDiMate|move: Sticky Web\n|move|p1a: Enamorus|Moonblast|p2a: Ribombee\n|-enditem|p2a: Ribombee|Focus Sash\n|-damage|p2a: Ribombee|1\/100\n|\n|upkeep\n|turn|4\n|\n|t:|1700109941\n|move|p2a: Ribombee|U-turn|p1a: Enamorus\n|-resisted|p1a: Enamorus\n|-damage|p1a: Enamorus|96\/100\n|\n|t:|1700109945\n|switch|p2a: Ceruledge|Ceruledge, M|100\/100|[from] U-turn\n|move|p1a: Enamorus|Moonblast|p2a: Ceruledge\n|-resisted|p2a: Ceruledge\n|-damage|p2a: Ceruledge|54\/100\n|\n|upkeep\n|turn|5\n|\n|t:|1700109963\n|switch|p1a: Corviknight|Corviknight, F|100\/100\n|-ability|p1a: Corviknight|Pressure\n|move|p2a: Ceruledge|Bitter Blade|p1a: Corviknight\n|-supereffective|p1a: Corviknight\n|-damage|p1a: Corviknight|43\/100\n|-heal|p2a: Ceruledge|93\/100|[from] drain|[of] p1a: Corviknight\n|\n|-heal|p1a: Corviknight|50\/100|[from] item: Leftovers\n|upkeep\n|turn|6\n|\n|t:|1700109980\n|switch|p1a: Ogerpon|Ogerpon-Wellspring, F|67\/100\n|-activate|p1a: Ogerpon|move: Sticky Web\n|-unboost|p1a: Ogerpon|spe|1\n|move|p2a: Ceruledge|Bitter Blade|p1a: Ogerpon\n|-damage|p1a: Ogerpon|9\/100\n|-heal|p2a: Ceruledge|100\/100|[from] drain|[of] p1a: Ogerpon\n|\n|upkeep\n|turn|7\n|\n|t:|1700110012\n|switch|p1a: Cinderace|Cinderace, F|100\/100\n|move|p2a: Ceruledge|Bitter Blade|p1a: Cinderace\n|-resisted|p1a: Cinderace\n|-damage|p1a: Cinderace|70\/100\n|\n|upkeep\n|turn|8\n|\n|t:|1700110018\n|move|p1a: Cinderace|Sucker Punch|p2a: Ceruledge\n|-start|p1a: Cinderace|typechange|Dark|[from] ability: Libero\n|-supereffective|p2a: Ceruledge\n|-damage|p2a: Ceruledge|10\/100\n|move|p2a: Ceruledge|Poltergeist|p1a: Cinderace\n|-activate|p1a: Cinderace|move: Poltergeist|Heavy-Duty Boots\n|-resisted|p1a: Cinderace\n|-damage|p1a: Cinderace|28\/100\n|\n|upkeep\n|turn|9\n|\n|t:|1700110028\n|move|p1a: Cinderace|U-turn|p2a: Ceruledge\n|-resisted|p2a: Ceruledge\n|-damage|p2a: Ceruledge|2\/100\n|\n|t:|1700110033\n|switch|p1a: Dragonite|Dragonite, F|100\/100|[from] U-turn\n|move|p2a: Ceruledge|Swords Dance|p2a: Ceruledge\n|-boost|p2a: Ceruledge|atk|2\n|\n|upkeep\n|turn|10\n|\n|t:|1700110042\n|move|p2a: Ceruledge|Poltergeist|p1a: Dragonite|[miss]\n|-miss|p2a: Ceruledge|p1a: Dragonite\n|move|p1a: Dragonite|Earthquake|p2a: Ceruledge\n|-supereffective|p2a: Ceruledge\n|-damage|p2a: Ceruledge|0 fnt\n|faint|p2a: Ceruledge\n|\n|upkeep\n|\n|t:|1700110048\n|switch|p2a: Ribombee|Ribombee, M|1\/100\n|turn|11\n|\n|t:|1700110052\n|move|p1a: Dragonite|Extreme Speed|p2a: Ribombee\n|-damage|p2a: Ribombee|0 fnt\n|faint|p2a: Ribombee\n|\n|upkeep\n|\n|t:|1700110058\n|switch|p2a: Enamorus|Enamorus, F|100\/100\n|turn|12\n|\n|t:|1700110062\n|switch|p1a: Corviknight|Corviknight, F|50\/100\n|-ability|p1a: Corviknight|Pressure\n|move|p2a: Enamorus|Moonblast|p1a: Corviknight\n|-resisted|p1a: Corviknight\n|-damage|p1a: Corviknight|15\/100\n|-unboost|p1a: Corviknight|spa|1\n|\n|-heal|p1a: Corviknight|21\/100|[from] item: Leftovers\n|upkeep\n|turn|13\n|\n|t:|1700110072\n|move|p2a: Enamorus|Moonblast|p1a: Corviknight\n|-resisted|p1a: Corviknight\n|-damage|p1a: Corviknight|0 fnt\n|faint|p1a: Corviknight\n|\n|upkeep\n|\n|t:|1700110078\n|switch|p1a: Great Tusk|Great Tusk|100\/100\n|-activate|p1a: Great Tusk|move: Sticky Web\n|-unboost|p1a: Great Tusk|spe|1\n|-enditem|p1a: Great Tusk|Booster Energy\n|-activate|p1a: Great Tusk|ability: Protosynthesis|[fromitem]\n|-start|p1a: Great Tusk|protosynthesisatk\n|turn|14\n|\n|t:|1700110084\n|move|p2a: Enamorus|Moonblast|p1a: Great Tusk\n|-supereffective|p1a: Great Tusk\n|-damage|p1a: Great Tusk|0 fnt\n|faint|p1a: Great Tusk\n|-end|p1a: Great Tusk|Protosynthesis|[silent]\n|\n|upkeep\n|\n|t:|1700110090\n|switch|p1a: Cinderace|Cinderace, F|28\/100\n|turn|15\n|\n|t:|1700110100\n|move|p1a: Cinderace|Court Change|p1a: Cinderace\n|-start|p1a: Cinderace|typechange|Normal|[from] ability: Libero\n|-swapsideconditions\n|-activate|p1a: Cinderace|move: Court Change\n|move|p2a: Enamorus|Moonblast|p1a: Cinderace\n|-damage|p1a: Cinderace|0 fnt\n|faint|p1a: Cinderace\n|\n|upkeep\n|\n|t:|1700110107\n|switch|p1a: Enamorus|Enamorus, F|96\/100\n|turn|16\n|\n|t:|1700110112\n|move|p2a: Enamorus|Moonblast|p1a: Enamorus\n|-crit|p1a: Enamorus\n|-damage|p1a: Enamorus|0 fnt\n|faint|p1a: Enamorus\n|\n|upkeep\n|\n|t:|1700110117\n|switch|p1a: Dragonite|Dragonite, F|100\/100\n|turn|17\n|\n|t:|1700110122\n|-terastallize|p1a: Dragonite|Normal\n|move|p2a: Enamorus|Moonblast|p1a: Dragonite\n|-damage|p1a: Dragonite|58\/100\n|move|p1a: Dragonite|Dragon Dance|p1a: Dragonite\n|-boost|p1a: Dragonite|atk|1\n|-boost|p1a: Dragonite|spe|1\n|\n|upkeep\n|turn|18\n|\n|t:|1700110130\n|move|p1a: Dragonite|Extreme Speed|p2a: Enamorus\n|-damage|p2a: Enamorus|0 fnt\n|faint|p2a: Enamorus\n|\n|upkeep\n|\n|t:|1700110177\n|switch|p2a: Iron Valiant|Iron Valiant|100\/100\n|-activate|p2a: Iron Valiant|move: Sticky Web\n|-unboost|p2a: Iron Valiant|spe|1\n|-enditem|p2a: Iron Valiant|Booster Energy\n|-activate|p2a: Iron Valiant|ability: Quark Drive|[fromitem]\n|-start|p2a: Iron Valiant|quarkdriveatk\n|turn|19\n|\n|t:|1700110195\n|move|p1a: Dragonite|Earthquake|p2a: Iron Valiant\n|-damage|p2a: Iron Valiant|21\/100\n|move|p2a: Iron Valiant|Close Combat|p1a: Dragonite\n|-supereffective|p1a: Dragonite\n|-damage|p1a: Dragonite|0 fnt\n|-unboost|p2a: Iron Valiant|def|1\n|-unboost|p2a: Iron Valiant|spd|1\n|faint|p1a: Dragonite\n|\n|upkeep\n|\n|t:|1700110203\n|switch|p1a: Ogerpon|Ogerpon-Wellspring, F|9\/100\n|turn|20\n|\n|t:|1700110218\n|move|p1a: Ogerpon|Ivy Cudgel|p2a: Iron Valiant|[anim] Ivy Cudgel Water\n|-crit|p2a: Iron Valiant\n|-damage|p2a: Iron Valiant|0 fnt\n|faint|p2a: Iron Valiant\n|-end|p2a: Iron Valiant|Quark Drive|[silent]\n|\n|upkeep\n|\n|t:|1700110220\n|switch|p2a: Hoopa|Hoopa-Unbound|100\/100\n|-activate|p2a: Hoopa|move: Sticky Web\n|-unboost|p2a: Hoopa|spe|1\n|turn|21\n|\n|t:|1700110225\n|-terastallize|p2a: Hoopa|Psychic\n|move|p1a: Ogerpon|U-turn|p2a: Hoopa\n|-supereffective|p2a: Hoopa\n|-damage|p2a: Hoopa|1\/100\n|move|p2a: Hoopa|Psychic|p1a: Ogerpon\n|-damage|p1a: Ogerpon|0 fnt\n|faint|p1a: Ogerpon\n|\n|win|coacoaswirls\n|raw|GhAnDiMate's rating: 1158 &rarr; <strong>1135<\/strong><br \/>(-23 for losing)\n|raw|coacoaswirls's rating: 1192 &rarr; <strong>1215<\/strong><br \/>(+23 for winning)\n|c|\u2606GhAnDiMate|oh cmon\n|c|\u2606GhAnDiMate|gg\n","uploadtime":1700110250,"views":8,"p1id":"ghandimate","p2id":"coacoaswirls","formatid":"gen9ou","rating":1135,"private":0,"password":""}