{"id":"gen9ou-1991149790","p1":"TheLump","p2":"Official Poyo","format":"[Gen 9] OU","log":"|j|\u2606TheLump\n|j|\u2606Official Poyo\n|t:|1700050401\n|gametype|singles\n|player|p1|TheLump|169|1408\n|player|p2|Official Poyo|richboy-gen4|1499\n|teamsize|p1|6\n|teamsize|p2|6\n|gen|9\n|tier|[Gen 9] OU\n|rated|\n|rule|Sleep Clause Mod: Limit one foe put to sleep\n|rule|Species Clause: Limit one of each Pok\u00e9mon\n|rule|OHKO Clause: OHKO moves are banned\n|rule|Evasion Items Clause: Evasion items are banned\n|rule|Evasion Moves Clause: Evasion moves are banned\n|rule|Endless Battle Clause: Forcing endless battles is banned\n|rule|HP Percentage Mod: HP is shown in percentages\n|clearpoke\n|poke|p1|Slither Wing|\n|poke|p1|Iron Moth|\n|poke|p1|Polteageist|\n|poke|p1|Salamence, M|\n|poke|p1|Dragonite, M|\n|poke|p1|Victreebel, M|\n|poke|p2|Dragapult, M|\n|poke|p2|Ting-Lu|\n|poke|p2|Kingambit, F|\n|poke|p2|Iron Valiant|\n|poke|p2|Milotic, M|\n|poke|p2|Cinderace, M|\n|teampreview\n|inactive|Battle timer is ON: inactive players will automatically lose when time's up. (requested by Official Poyo)\n|\n|t:|1700050411\n|start\n|switch|p1a: Victreebel|Victreebel, M|100\/100\n|switch|p2a: Dragapult|Dragapult, M|100\/100\n|turn|1\n|\n|t:|1700050414\n|move|p2a: Dragapult|Thunder Wave|p1a: Victreebel|[miss]\n|-miss|p2a: Dragapult|p1a: Victreebel\n|move|p1a: Victreebel|Sunny Day|p1a: Victreebel\n|-weather|SunnyDay\n|\n|-weather|SunnyDay|[upkeep]\n|upkeep\n|turn|2\n|\n|t:|1700050419\n|switch|p1a: Salamence|Salamence, M|100\/100\n|-ability|p1a: Salamence|Intimidate|boost\n|-unboost|p2a: Dragapult|atk|1\n|move|p2a: Dragapult|Thunder Wave|p1a: Salamence\n|-status|p1a: Salamence|par\n|\n|-weather|SunnyDay|[upkeep]\n|upkeep\n|turn|3\n|\n|t:|1700050421\n|move|p2a: Dragapult|Draco Meteor|p1a: Salamence\n|-supereffective|p1a: Salamence\n|-damage|p1a: Salamence|0 fnt\n|-unboost|p2a: Dragapult|spa|2\n|faint|p1a: Salamence\n|\n|-weather|SunnyDay|[upkeep]\n|upkeep\n|\n|t:|1700050432\n|switch|p1a: Iron Moth|Iron Moth|100\/100\n|-enditem|p1a: Iron Moth|Booster Energy\n|-activate|p1a: Iron Moth|ability: Quark Drive|[fromitem]\n|-start|p1a: Iron Moth|quarkdrivespe\n|turn|4\n|\n|t:|1700050434\n|move|p1a: Iron Moth|Dazzling Gleam|p2a: Dragapult\n|-supereffective|p2a: Dragapult\n|-damage|p2a: Dragapult|32\/100\n|move|p2a: Dragapult|Thunder Wave|p1a: Iron Moth\n|-status|p1a: Iron Moth|par\n|\n|-weather|SunnyDay|[upkeep]\n|-heal|p2a: Dragapult|38\/100|[from] item: Leftovers\n|upkeep\n|turn|5\n|\n|t:|1700050439\n|move|p2a: Dragapult|U-turn|p1a: Iron Moth\n|-resisted|p1a: Iron Moth\n|-crit|p1a: Iron Moth\n|-damage|p1a: Iron Moth|91\/100 par\n|\n|t:|1700050442\n|switch|p2a: Ting-Lu|Ting-Lu|100\/100|[from] U-turn\n|-ability|p2a: Ting-Lu|Vessel of Ruin\n|move|p1a: Iron Moth|Dazzling Gleam|p2a: Ting-Lu\n|-supereffective|p2a: Ting-Lu\n|-damage|p2a: Ting-Lu|78\/100\n|\n|-weather|SunnyDay|[upkeep]\n|-heal|p2a: Ting-Lu|84\/100|[from] item: Leftovers\n|upkeep\n|turn|6\n|\n|t:|1700050447\n|move|p1a: Iron Moth|Fiery Dance|p2a: Ting-Lu\n|-damage|p2a: Ting-Lu|58\/100\n|-boost|p1a: Iron Moth|spa|1\n|move|p2a: Ting-Lu|Earthquake|p1a: Iron Moth\n|-supereffective|p1a: Iron Moth\n|-damage|p1a: Iron Moth|0 fnt\n|faint|p1a: Iron Moth\n|-end|p1a: Iron Moth|Quark Drive|[silent]\n|\n|-weather|SunnyDay|[upkeep]\n|-heal|p2a: Ting-Lu|65\/100|[from] item: Leftovers\n|upkeep\n|\n|t:|1700050451\n|switch|p1a: Victreebel|Victreebel, M|100\/100\n|turn|7\n|\n|t:|1700050455\n|move|p1a: Victreebel|Solar Beam||[still]\n|-prepare|p1a: Victreebel|Solar Beam\n|-anim|p1a: Victreebel|Solar Beam|p2a: Ting-Lu\n|-supereffective|p2a: Ting-Lu\n|-damage|p2a: Ting-Lu|21\/100\n|move|p2a: Ting-Lu|Earthquake|p1a: Victreebel\n|-damage|p1a: Victreebel|38\/100\n|\n|-weather|SunnyDay|[upkeep]\n|-heal|p2a: Ting-Lu|27\/100|[from] item: Leftovers\n|upkeep\n|turn|8\n|\n|t:|1700050462\n|move|p1a: Victreebel|Solar Beam||[still]\n|-prepare|p1a: Victreebel|Solar Beam\n|-anim|p1a: Victreebel|Solar Beam|p2a: Ting-Lu\n|-supereffective|p2a: Ting-Lu\n|-damage|p2a: Ting-Lu|0 fnt\n|faint|p2a: Ting-Lu\n|\n|-weather|none\n|upkeep\n|\n|t:|1700050464\n|switch|p2a: Dragapult|Dragapult, M|38\/100\n|turn|9\n|\n|t:|1700050468\n|move|p2a: Dragapult|Hex|p1a: Victreebel\n|-crit|p1a: Victreebel\n|-damage|p1a: Victreebel|0 fnt\n|faint|p1a: Victreebel\n|\n|-heal|p2a: Dragapult|44\/100|[from] item: Leftovers\n|upkeep\n|\n|t:|1700050472\n|switch|p1a: Polteageist|Polteageist, shiny|100\/100\n|turn|10\n|\n|t:|1700050475\n|move|p2a: Dragapult|Thunder Wave|p1a: Polteageist|[miss]\n|-miss|p2a: Dragapult|p1a: Polteageist\n|move|p1a: Polteageist|Shell Smash|p1a: Polteageist\n|-unboost|p1a: Polteageist|def|1\n|-unboost|p1a: Polteageist|spd|1\n|-boost|p1a: Polteageist|atk|2\n|-boost|p1a: Polteageist|spa|2\n|-boost|p1a: Polteageist|spe|2\n|\n|-heal|p2a: Dragapult|50\/100|[from] item: Leftovers\n|upkeep\n|turn|11\n|\n|t:|1700050482\n|move|p1a: Polteageist|Shadow Ball|p2a: Dragapult\n|-supereffective|p2a: Dragapult\n|-damage|p2a: Dragapult|0 fnt\n|faint|p2a: Dragapult\n|\n|upkeep\n|\n|t:|1700050487\n|switch|p2a: Cinderace|Cinderace, M|100\/100\n|turn|12\n|\n|t:|1700050490\n|move|p1a: Polteageist|Shell Smash|p1a: Polteageist\n|-unboost|p1a: Polteageist|def|1\n|-unboost|p1a: Polteageist|spd|1\n|-boost|p1a: Polteageist|atk|2\n|-boost|p1a: Polteageist|spa|2\n|-boost|p1a: Polteageist|spe|2\n|move|p2a: Cinderace|Will-O-Wisp|p1a: Polteageist\n|-status|p1a: Polteageist|brn\n|\n|-damage|p1a: Polteageist|94\/100 brn|[from] brn\n|upkeep\n|turn|13\n|\n|t:|1700050502\n|move|p1a: Polteageist|Stored Power|p2a: Cinderace\n|-crit|p2a: Cinderace\n|-damage|p2a: Cinderace|0 fnt\n|faint|p2a: Cinderace\n|\n|-damage|p1a: Polteageist|88\/100 brn|[from] brn\n|upkeep\n|\n|t:|1700050504\n|switch|p2a: Kingambit|Kingambit, F|100\/100\n|-activate|p2a: Kingambit|ability: Supreme Overlord\n|-start|p2a: Kingambit|fallen3|[silent]\n|turn|14\n|\n|t:|1700050507\n|-terastallize|p1a: Polteageist|Fighting\n|move|p2a: Kingambit|Sucker Punch|p1a: Polteageist\n|-resisted|p1a: Polteageist\n|-damage|p1a: Polteageist|0 fnt\n|faint|p1a: Polteageist\n|\n|upkeep\n|\n|t:|1700050510\n|switch|p1a: Slither Wing|Slither Wing|100\/100\n|turn|15\n|\n|t:|1700050518\n|-terastallize|p2a: Kingambit|Flying\n|move|p1a: Slither Wing|Close Combat|p2a: Kingambit\n|-resisted|p2a: Kingambit\n|-damage|p2a: Kingambit|71\/100\n|-unboost|p1a: Slither Wing|def|1\n|-unboost|p1a: Slither Wing|spd|1\n|move|p2a: Kingambit|Iron Head|p1a: Slither Wing\n|-damage|p1a: Slither Wing|0 fnt\n|faint|p1a: Slither Wing\n|-end|p1a: Slither Wing|Protosynthesis|[silent]\n|\n|upkeep\n|\n|t:|1700050523\n|switch|p1a: Dragonite|Dragonite, M|100\/100\n|turn|16\n|\n|t:|1700050525\n|move|p2a: Kingambit|Kowtow Cleave|p1a: Dragonite\n|-damage|p1a: Dragonite|64\/100\n|move|p1a: Dragonite|Dragon Dance|p1a: Dragonite\n|-boost|p1a: Dragonite|atk|1\n|-boost|p1a: Dragonite|spe|1\n|\n|-heal|p1a: Dragonite|71\/100|[from] item: Leftovers\n|upkeep\n|turn|17\n|\n|t:|1700050532\n|move|p1a: Dragonite|Dragon Dance|p1a: Dragonite\n|-boost|p1a: Dragonite|atk|1\n|-boost|p1a: Dragonite|spe|1\n|move|p2a: Kingambit|Kowtow Cleave|p1a: Dragonite\n|-damage|p1a: Dragonite|2\/100\n|\n|-heal|p1a: Dragonite|8\/100|[from] item: Leftovers\n|upkeep\n|turn|18\n|\n|t:|1700050535\n|move|p1a: Dragonite|Extreme Speed|p2a: Kingambit\n|-damage|p2a: Kingambit|18\/100\n|move|p2a: Kingambit|Kowtow Cleave|p1a: Dragonite\n|-damage|p1a: Dragonite|0 fnt\n|faint|p1a: Dragonite\n|\n|win|Official Poyo\n|raw|TheLump's rating: 1408 &rarr; <strong>1393<\/strong><br \/>(-15 for losing)\n|raw|Official Poyo's rating: 1499 &rarr; <strong>1514<\/strong><br \/>(+15 for winning)\n|l|\u2606TheLump\n","uploadtime":1700050540,"views":7,"p1id":"thelump","p2id":"officialpoyo","formatid":"gen9ou","rating":1393,"private":0,"password":""}