{"id":"gen9ou-1996947692","p1":"Leon033","p2":"Karz03","format":"[Gen 9] OU","log":"|j|\u2606Leon033\n|j|\u2606Karz03\n|t:|1700748356\n|gametype|singles\n|player|p1|Leon033|lucas|\n|player|p2|Karz03|101|\n|teamsize|p1|6\n|teamsize|p2|6\n|gen|9\n|tier|[Gen 9] OU\n|rule|Sleep Clause Mod: Limit one foe put to sleep\n|rule|Species Clause: Limit one of each Pok\u00e9mon\n|rule|OHKO Clause: OHKO moves are banned\n|rule|Evasion Items Clause: Evasion items are banned\n|rule|Evasion Moves Clause: Evasion moves are banned\n|rule|Endless Battle Clause: Forcing endless battles is banned\n|rule|HP Percentage Mod: HP is shown in percentages\n|clearpoke\n|poke|p1|Lilligant, F|\n|poke|p1|Poliwrath, F|\n|poke|p1|Leafeon, F|\n|poke|p1|Krookodile, F|\n|poke|p1|Glimmora, M|\n|poke|p1|Bruxish, M|\n|poke|p2|Oranguru, M|\n|poke|p2|Ursaluna, M|\n|poke|p2|Coalossal, M|\n|poke|p2|Farigiraf, M|\n|poke|p2|Honchkrow, F|\n|poke|p2|Hydreigon, M|\n|teampreview\n|inactive|Battle timer is ON: inactive players will automatically lose when time's up. (requested by Leon033)\n|\n|t:|1700748366\n|start\n|switch|p1a: Lilligant|Lilligant, F|100\/100\n|switch|p2a: Oranguru|Oranguru, M|100\/100\n|turn|1\n|j| Yankiken\n|\n|t:|1700748383\n|move|p1a: Lilligant|Sleep Powder|p2a: Oranguru|[miss]\n|-miss|p1a: Lilligant|p2a: Oranguru\n|move|p2a: Oranguru|Trick Room|p2a: Oranguru\n|-fieldstart|move: Trick Room|[of] p2a: Oranguru\n|\n|upkeep\n|turn|2\n|\n|t:|1700748398\n|move|p2a: Oranguru|Yawn|p1a: Lilligant\n|-start|p1a: Lilligant|move: Yawn|[of] p2a: Oranguru\n|move|p1a: Lilligant|Sleep Powder|p2a: Oranguru\n|-status|p2a: Oranguru|slp|[from] move: Sleep Powder\n|\n|upkeep\n|turn|3\n|\n|t:|1700748410\n|switch|p2a: Coalossal|Coalossal, M|100\/100\n|switch|p1a: Krookodile|Krookodile, F|100\/100\n|-ability|p1a: Krookodile|Intimidate|boost\n|-unboost|p2a: Coalossal|atk|1\n|\n|upkeep\n|turn|4\n|inactive|Karz03 has 270 seconds left.\n|l| Yankiken\n|j| Yankiken\n|\n|t:|1700748448\n|switch|p2a: Honchkrow|Honchkrow, F|100\/100\n|move|p1a: Krookodile|Knock Off|p2a: Honchkrow\n|-resisted|p2a: Honchkrow\n|-damage|p2a: Honchkrow|63\/100\n|-enditem|p2a: Honchkrow|Sitrus Berry|[from] move: Knock Off|[of] p1a: Krookodile\n|\n|upkeep\n|turn|5\n|\n|t:|1700748459\n|move|p2a: Honchkrow|Brave Bird|p1a: Krookodile\n|-damage|p1a: Krookodile|20\/100\n|-damage|p2a: Honchkrow|37\/100|[from] Recoil\n|move|p1a: Krookodile|Close Combat|p2a: Honchkrow\n|-damage|p2a: Honchkrow|0 fnt\n|-unboost|p1a: Krookodile|def|1\n|-unboost|p1a: Krookodile|spd|1\n|faint|p2a: Honchkrow\n|\n|-fieldend|move: Trick Room\n|upkeep\n|\n|t:|1700748477\n|switch|p2a: Hydreigon|Hydreigon, M|100\/100\n|turn|6\n|inactive|Leon033 has 270 seconds left.\n|\n|t:|1700748512\n|move|p2a: Hydreigon|Dragon Pulse|p1a: Krookodile\n|-damage|p1a: Krookodile|0 fnt\n|faint|p1a: Krookodile\n|-damage|p2a: Hydreigon|91\/100|[from] item: Life Orb\n|\n|upkeep\n|j| Bohbohboh\n|\n|t:|1700748518\n|switch|p1a: Poliwrath|Poliwrath, F|100\/100\n|turn|7\n|inactive|Leon033 has 270 seconds left.\n|c| Bohbohboh|b\u1ee7h\n|inactive|Karz03 has 240 seconds left.\n|inactive|Leon033 has 240 seconds left.\n|c| Yankiken|T b\u1ecf cu\u1ed9c\n|c| Yankiken|L\u01b0ng k g\u00e1nh n\u1ed5i\n|inactive|Karz03 has 210 seconds left.\n|\n|t:|1700748596\n|switch|p2a: Oranguru|Oranguru, M|100\/100 slp\n|move|p1a: Poliwrath|Knock Off|p2a: Oranguru\n|-supereffective|p2a: Oranguru\n|-damage|p2a: Oranguru|46\/100 slp\n|-enditem|p2a: Oranguru|Focus Sash|[from] move: Knock Off|[of] p1a: Poliwrath\n|\n|upkeep\n|turn|8\n|l| Yankiken\n|\n|t:|1700748606\n|move|p1a: Poliwrath|Belly Drum|p1a: Poliwrath\n|-damage|p1a: Poliwrath|50\/100\n|-setboost|p1a: Poliwrath|atk|6|[from] move: Belly Drum\n|-enditem|p1a: Poliwrath|Sitrus Berry|[eat]\n|-heal|p1a: Poliwrath|75\/100|[from] item: Sitrus Berry\n|cant|p2a: Oranguru|slp\n|\n|upkeep\n|turn|9\n|j| Yankiken\n|\n|t:|1700748618\n|move|p1a: Poliwrath|Knock Off|p2a: Oranguru\n|-supereffective|p2a: Oranguru\n|-damage|p2a: Oranguru|0 fnt\n|faint|p2a: Oranguru\n|\n|upkeep\n|\n|t:|1700748639\n|switch|p2a: Hydreigon|Hydreigon, M|91\/100\n|turn|10\n|c| Bohbohboh|alo\n|c| Bohbohboh|tera ma\n|c| Bohbohboh|nh\u1edb k\u0129\n|\n|t:|1700748649\n|-terastallize|p2a: Hydreigon|Ghost\n|move|p2a: Hydreigon|Dragon Pulse|p1a: Poliwrath\n|-damage|p1a: Poliwrath|7\/100\n|-damage|p2a: Hydreigon|81\/100|[from] item: Life Orb\n|move|p1a: Poliwrath|Knock Off|p2a: Hydreigon\n|-supereffective|p2a: Hydreigon\n|-damage|p2a: Hydreigon|0 fnt\n|-enditem|p2a: Hydreigon|Life Orb|[from] move: Knock Off|[of] p1a: Poliwrath\n|faint|p2a: Hydreigon\n|\n|upkeep\n|l| Yankiken\n|c|\u2606Karz03|wait what calc b\u1ecbp r\n|inactive|Karz03 has 180 seconds left.\n|\n|t:|1700748676\n|switch|p2a: Coalossal|Coalossal, M|100\/100\n|turn|11\n|\n|t:|1700748681\n|move|p1a: Poliwrath|Close Combat|p2a: Coalossal\n|-supereffective|p2a: Coalossal\n|-damage|p2a: Coalossal|0 fnt\n|-unboost|p1a: Poliwrath|def|1\n|-unboost|p1a: Poliwrath|spd|1\n|faint|p2a: Coalossal\n|\n|upkeep\n|inactive|Karz03 has 180 seconds left.\n|\n|t:|1700748693\n|switch|p2a: Farigiraf|Farigiraf, M|100\/100\n|turn|12\n|\n|t:|1700748696\n|move|p1a: Poliwrath|Knock Off|p2a: Farigiraf\n|-supereffective|p2a: Farigiraf\n|-damage|p2a: Farigiraf|0 fnt\n|-enditem|p2a: Farigiraf|Leftovers|[from] move: Knock Off|[of] p1a: Poliwrath\n|faint|p2a: Farigiraf\n|\n|upkeep\n|inactive|Karz03 has 180 seconds left.\n|\n|t:|1700748713\n|switch|p2a: Ursaluna|Ursaluna, M|100\/100\n|turn|13\n|inactive|Leon033 has 270 seconds left.\n|inactive|Karz03 has 180 seconds left.\n|c|\u2606Leon033|tera r ko stab ch\u1ea3 th\u1ebf :))\n|\n|t:|1700748724\n|move|p1a: Poliwrath|Close Combat|p2a: Ursaluna\n|-supereffective|p2a: Ursaluna\n|-damage|p2a: Ursaluna|0 fnt\n|-unboost|p1a: Poliwrath|def|1\n|-unboost|p1a: Poliwrath|spd|1\n|faint|p2a: Ursaluna\n|\n|win|Leon033\n|l|\u2606Karz03\n","uploadtime":1700748733,"views":18,"p1id":"leon033","p2id":"karz03","formatid":"gen9ou","rating":0,"private":0,"password":""}