{"id":"gen9ou-1996258702","p1":"FRiolu","p2":"joe1808","format":"[Gen 9] OU","log":"|j|\u2606FRiolu\n|j|\u2606joe1808\n|t:|1700664834\n|gametype|singles\n|player|p1|FRiolu|pokemonranger-gen6xy|1270\n|player|p2|joe1808|n|1295\n|teamsize|p1|6\n|teamsize|p2|6\n|gen|9\n|tier|[Gen 9] OU\n|rated|\n|rule|Sleep Clause Mod: Limit one foe put to sleep\n|rule|Species Clause: Limit one of each Pok\u00e9mon\n|rule|OHKO Clause: OHKO moves are banned\n|rule|Evasion Items Clause: Evasion items are banned\n|rule|Evasion Moves Clause: Evasion moves are banned\n|rule|Endless Battle Clause: Forcing endless battles is banned\n|rule|HP Percentage Mod: HP is shown in percentages\n|clearpoke\n|poke|p1|Lurantis, F|\n|poke|p1|Thundurus-Therian, M|\n|poke|p1|Garganacl, M|\n|poke|p1|Manaphy|\n|poke|p1|Rillaboom, M|\n|poke|p1|Heatran, M|\n|poke|p2|Torterra, M|\n|poke|p2|Glimmora, F|\n|poke|p2|Kingambit, F|\n|poke|p2|Dragonite, F|\n|poke|p2|Walking Wake|\n|poke|p2|Iron Moth|\n|teampreview\n|inactive|Battle timer is ON: inactive players will automatically lose when time's up. (requested by joe1808)\n|\n|t:|1700664855\n|start\n|switch|p1a: Garganacl|Garganacl, M|100\/100\n|switch|p2a: Glimmora|Glimmora, F|100\/100\n|turn|1\n|\n|t:|1700664864\n|-terastallize|p2a: Glimmora|Grass\n|move|p2a: Glimmora|Energy Ball|p1a: Garganacl\n|-supereffective|p1a: Garganacl\n|-damage|p1a: Garganacl|11\/100\n|move|p1a: Garganacl|Earthquake|p2a: Glimmora\n|-resisted|p2a: Glimmora\n|-damage|p2a: Glimmora|87\/100\n|-activate|p2a: Glimmora|ability: Toxic Debris\n|-sidestart|p1: FRiolu|move: Toxic Spikes\n|\n|-heal|p1a: Garganacl|18\/100|[from] item: Leftovers\n|upkeep\n|turn|2\n|\n|t:|1700664877\n|switch|p1a: Lurantis|Lurantis, F|100\/100\n|-status|p1a: Lurantis|psn\n|move|p2a: Glimmora|Earth Power|p1a: Lurantis\n|-resisted|p1a: Lurantis\n|-damage|p1a: Lurantis|89\/100 psn\n|\n|-damage|p1a: Lurantis|77\/100 psn|[from] psn\n|upkeep\n|turn|3\n|\n|t:|1700664883\n|move|p2a: Glimmora|Mortal Spin|p1a: Lurantis\n|-supereffective|p1a: Lurantis\n|-damage|p1a: Lurantis|64\/100 psn\n|move|p1a: Lurantis|Leech Life|p2a: Glimmora\n|-supereffective|p2a: Glimmora\n|-damage|p2a: Glimmora|24\/100\n|-heal|p1a: Lurantis|93\/100 psn|[from] drain|[of] p2a: Glimmora\n|-activate|p2a: Glimmora|ability: Toxic Debris\n|-sidestart|p1: FRiolu|move: Toxic Spikes\n|\n|-damage|p1a: Lurantis|80\/100 psn|[from] psn\n|upkeep\n|turn|4\n|\n|t:|1700664887\n|move|p2a: Glimmora|Stealth Rock|p1a: Lurantis\n|-sidestart|p1: FRiolu|move: Stealth Rock\n|move|p1a: Lurantis|Superpower|p2a: Glimmora\n|-damage|p2a: Glimmora|0 fnt\n|-boost|p1a: Lurantis|atk|1\n|-boost|p1a: Lurantis|def|1\n|faint|p2a: Glimmora\n|\n|-damage|p1a: Lurantis|68\/100 psn|[from] psn\n|upkeep\n|\n|t:|1700664894\n|switch|p2a: Iron Moth|Iron Moth|100\/100\n|-enditem|p2a: Iron Moth|Booster Energy\n|-activate|p2a: Iron Moth|ability: Quark Drive|[fromitem]\n|-start|p2a: Iron Moth|quarkdrivespe\n|turn|5\n|\n|t:|1700664900\n|move|p2a: Iron Moth|Fiery Dance|p1a: Lurantis\n|-supereffective|p1a: Lurantis\n|-damage|p1a: Lurantis|12\/100 psn\n|move|p1a: Lurantis|Superpower|p2a: Iron Moth\n|-resisted|p2a: Iron Moth\n|-damage|p2a: Iron Moth|56\/100\n|-boost|p1a: Lurantis|atk|1\n|-boost|p1a: Lurantis|def|1\n|\n|-damage|p1a: Lurantis|0 fnt|[from] psn\n|faint|p1a: Lurantis\n|upkeep\n|\n|t:|1700664907\n|switch|p1a: Heatran|Heatran, M|100\/100\n|-damage|p1a: Heatran|88\/100|[from] Stealth Rock\n|turn|6\n|\n|t:|1700664919\n|-end|p2a: Iron Moth|Quark Drive|[silent]\n|switch|p2a: Walking Wake|Walking Wake|100\/100\n|-enditem|p2a: Walking Wake|Booster Energy\n|-activate|p2a: Walking Wake|ability: Protosynthesis|[fromitem]\n|-start|p2a: Walking Wake|protosynthesisspa\n|move|p1a: Heatran|Earth Power|p2a: Walking Wake\n|-damage|p2a: Walking Wake|68\/100\n|\n|-heal|p1a: Heatran|94\/100|[from] item: Leftovers\n|upkeep\n|turn|7\n|\n|t:|1700664929\n|switch|p1a: Rillaboom|Rillaboom, M|100\/100\n|-status|p1a: Rillaboom|tox\n|-damage|p1a: Rillaboom|88\/100 tox|[from] Stealth Rock\n|-fieldstart|move: Grassy Terrain|[from] ability: Grassy Surge|[of] p1a: Rillaboom\n|move|p2a: Walking Wake|Surf|p1a: Rillaboom\n|-resisted|p1a: Rillaboom\n|-damage|p1a: Rillaboom|44\/100 tox\n|\n|-heal|p2a: Walking Wake|74\/100|[from] Grassy Terrain\n|-heal|p1a: Rillaboom|51\/100 tox|[from] Grassy Terrain\n|-damage|p1a: Rillaboom|44\/100 tox|[from] psn\n|upkeep\n|turn|8\n|\n|t:|1700664935\n|-end|p2a: Walking Wake|Protosynthesis|[silent]\n|switch|p2a: Iron Moth|Iron Moth|56\/100\n|move|p1a: Rillaboom|Grassy Glide|p2a: Iron Moth\n|-resisted|p2a: Iron Moth\n|-damage|p2a: Iron Moth|42\/100\n|\n|-heal|p2a: Iron Moth|48\/100|[from] Grassy Terrain\n|-heal|p1a: Rillaboom|51\/100 tox|[from] Grassy Terrain\n|-damage|p1a: Rillaboom|38\/100 tox|[from] psn\n|upkeep\n|turn|9\n|\n|t:|1700664947\n|-end|p2a: Iron Moth|Quark Drive|[silent]\n|switch|p2a: Torterra|Torterra, M|100\/100\n|switch|p1a: Heatran|Heatran, M|94\/100\n|-damage|p1a: Heatran|82\/100|[from] Stealth Rock\n|\n|-heal|p1a: Heatran|88\/100|[from] Grassy Terrain\n|-heal|p1a: Heatran|94\/100|[from] item: Leftovers\n|upkeep\n|turn|10\n|\n|t:|1700664963\n|-terastallize|p1a: Heatran|Fairy\n|move|p2a: Torterra|Shell Smash|p2a: Torterra\n|-unboost|p2a: Torterra|def|1\n|-unboost|p2a: Torterra|spd|1\n|-boost|p2a: Torterra|atk|2\n|-boost|p2a: Torterra|spa|2\n|-boost|p2a: Torterra|spe|2\n|move|p1a: Heatran|Lava Plume|p2a: Torterra\n|-supereffective|p2a: Torterra\n|-damage|p2a: Torterra|0 fnt\n|faint|p2a: Torterra\n|\n|-heal|p1a: Heatran|100\/100|[from] Grassy Terrain\n|upkeep\n|\n|t:|1700664973\n|switch|p2a: Iron Moth|Iron Moth|48\/100\n|turn|11\n|\n|t:|1700664976\n|move|p2a: Iron Moth|Sludge Wave|p1a: Heatran\n|-supereffective|p1a: Heatran\n|-damage|p1a: Heatran|35\/100\n|move|p1a: Heatran|Earth Power|p2a: Iron Moth\n|-supereffective|p2a: Iron Moth\n|-damage|p2a: Iron Moth|0 fnt\n|faint|p2a: Iron Moth\n|-end|p2a: Iron Moth|Quark Drive|[silent]\n|\n|-heal|p1a: Heatran|41\/100|[from] Grassy Terrain\n|-heal|p1a: Heatran|47\/100|[from] item: Leftovers\n|-fieldend|move: Grassy Terrain\n|upkeep\n|\n|t:|1700664983\n|switch|p2a: Walking Wake|Walking Wake|74\/100\n|turn|12\n|\n|t:|1700664991\n|move|p2a: Walking Wake|Surf|p1a: Heatran\n|-damage|p1a: Heatran|13\/100\n|move|p1a: Heatran|Earth Power|p2a: Walking Wake\n|-damage|p2a: Walking Wake|43\/100\n|\n|-heal|p1a: Heatran|19\/100|[from] item: Leftovers\n|upkeep\n|turn|13\n|\n|t:|1700664994\n|move|p2a: Walking Wake|Surf|p1a: Heatran\n|-damage|p1a: Heatran|0 fnt\n|faint|p1a: Heatran\n|\n|upkeep\n|\n|t:|1700665001\n|switch|p1a: Rillaboom|Rillaboom, M|38\/100 tox\n|-damage|p1a: Rillaboom|26\/100 tox|[from] Stealth Rock\n|-fieldstart|move: Grassy Terrain|[from] ability: Grassy Surge|[of] p1a: Rillaboom\n|turn|14\n|\n|t:|1700665008\n|move|p1a: Rillaboom|Grassy Glide|p2a: Walking Wake\n|-damage|p2a: Walking Wake|1\/100\n|move|p2a: Walking Wake|Dragon Pulse|p1a: Rillaboom\n|-damage|p1a: Rillaboom|0 fnt\n|faint|p1a: Rillaboom\n|\n|-heal|p2a: Walking Wake|7\/100|[from] Grassy Terrain\n|upkeep\n|\n|t:|1700665017\n|switch|p1a: Thundurus|Thundurus-Therian, M|100\/100\n|-damage|p1a: Thundurus|76\/100|[from] Stealth Rock\n|turn|15\n|\n|t:|1700665022\n|move|p1a: Thundurus|Thunderbolt|p2a: Walking Wake\n|-damage|p2a: Walking Wake|0 fnt\n|faint|p2a: Walking Wake\n|-end|p2a: Walking Wake|Protosynthesis|[silent]\n|\n|upkeep\n|\n|t:|1700665025\n|switch|p2a: Dragonite|Dragonite, F|100\/100\n|turn|16\n|\n|t:|1700665030\n|move|p1a: Thundurus|Thunderbolt|p2a: Dragonite\n|-damage|p2a: Dragonite|61\/100\n|-status|p2a: Dragonite|par\n|cant|p2a: Dragonite|par\n|\n|upkeep\n|turn|17\n|\n|t:|1700665037\n|move|p1a: Thundurus|Thunderbolt|p2a: Dragonite\n|-damage|p2a: Dragonite|0 fnt\n|faint|p2a: Dragonite\n|\n|upkeep\n|\n|t:|1700665041\n|switch|p2a: Kingambit|Kingambit, F|100\/100\n|-activate|p2a: Kingambit|ability: Supreme Overlord\n|-start|p2a: Kingambit|fallen5|[silent]\n|turn|18\n|\n|t:|1700665043\n|move|p1a: Thundurus|Thunderbolt|p2a: Kingambit\n|-damage|p2a: Kingambit|23\/100\n|move|p2a: Kingambit|Swords Dance|p2a: Kingambit\n|-boost|p2a: Kingambit|atk|2\n|\n|-heal|p2a: Kingambit|29\/100|[from] Grassy Terrain\n|-heal|p2a: Kingambit|36\/100|[from] item: Leftovers\n|-fieldend|move: Grassy Terrain\n|upkeep\n|turn|19\n|\n|t:|1700665062\n|move|p2a: Kingambit|Sucker Punch|p1a: Thundurus\n|-damage|p1a: Thundurus|0 fnt\n|faint|p1a: Thundurus\n|\n|-heal|p2a: Kingambit|42\/100|[from] item: Leftovers\n|upkeep\n|\n|t:|1700665064\n|switch|p1a: Manaphy|Manaphy|100\/100\n|-status|p1a: Manaphy|tox\n|-damage|p1a: Manaphy|88\/100 tox|[from] Stealth Rock\n|turn|20\n|\n|t:|1700665066\n|move|p2a: Kingambit|Sucker Punch|p1a: Manaphy\n|-damage|p1a: Manaphy|0 fnt\n|faint|p1a: Manaphy\n|\n|-heal|p2a: Kingambit|48\/100|[from] item: Leftovers\n|upkeep\n|-message|FRiolu forfeited.\n|\n|win|joe1808\n|raw|FRiolu's rating: 1270 &rarr; <strong>1247<\/strong><br \/>(-23 for losing)\n|raw|joe1808's rating: 1295 &rarr; <strong>1318<\/strong><br \/>(+23 for winning)\n|l|\u2606FRiolu\n|player|p2|joe1808|n\n","uploadtime":1700665112,"views":6,"p1id":"friolu","p2id":"joe1808","formatid":"gen9ou","rating":1247,"private":0,"password":""}