{"id":"gen9ou-1990786763","p1":"Sensei Milia","p2":"securethebag702","format":"[Gen 9] OU","log":"|j|\u2606Sensei Milia\n|j|\u2606securethebag702\n|t:|1700000762\n|gametype|singles\n|player|p1|Sensei Milia|swimmerf|1236\n|player|p2|securethebag702|dancer|1211\n|teamsize|p1|6\n|teamsize|p2|6\n|gen|9\n|tier|[Gen 9] OU\n|rated|\n|rule|Sleep Clause Mod: Limit one foe put to sleep\n|rule|Species Clause: Limit one of each Pok\u00e9mon\n|rule|OHKO Clause: OHKO moves are banned\n|rule|Evasion Items Clause: Evasion items are banned\n|rule|Evasion Moves Clause: Evasion moves are banned\n|rule|Endless Battle Clause: Forcing endless battles is banned\n|rule|HP Percentage Mod: HP is shown in percentages\n|clearpoke\n|poke|p1|Heatran, M|\n|poke|p1|Garganacl, M|\n|poke|p1|Ceruledge, F|\n|poke|p1|Clodsire, M|\n|poke|p1|Breloom, F|\n|poke|p1|Clefable, M|\n|poke|p2|Ribombee, F|\n|poke|p2|Manaphy|\n|poke|p2|Kingambit, M|\n|poke|p2|Great Tusk|\n|poke|p2|Iron Moth|\n|poke|p2|Gholdengo|\n|teampreview\n|inactive|Battle timer is ON: inactive players will automatically lose when time's up. (requested by Sensei Milia)\n|\n|t:|1700000782\n|start\n|switch|p1a: Heatran|Heatran, M, shiny|100\/100\n|switch|p2a: Pretty Great Ngl|Great Tusk|100\/100\n|-item|p1a: Heatran|Air Balloon\n|turn|1\n|\n|t:|1700000789\n|move|p2a: Pretty Great Ngl|Knock Off|p1a: Heatran\n|-damage|p1a: Heatran|70\/100\n|-enditem|p1a: Heatran|Air Balloon\n|move|p1a: Heatran|Magma Storm|p2a: Pretty Great Ngl\n|-damage|p2a: Pretty Great Ngl|6\/100\n|-activate|p2a: Pretty Great Ngl|move: Magma Storm|[of] p1a: Heatran\n|\n|-damage|p2a: Pretty Great Ngl|0 fnt|[from] move: Magma Storm|[partiallytrapped]\n|faint|p2a: Pretty Great Ngl\n|-end|p2a: Pretty Great Ngl|Protosynthesis|[silent]\n|upkeep\n|\n|t:|1700000811\n|switch|p2a: Gholdengo|Gholdengo|100\/100\n|-item|p2a: Gholdengo|Air Balloon\n|turn|2\n|\n|t:|1700000818\n|switch|p1a: Ceruledge|Ceruledge, F|100\/100\n|move|p2a: Gholdengo|Focus Blast|p1a: Ceruledge\n|-immune|p1a: Ceruledge\n|\n|upkeep\n|turn|3\n|\n|t:|1700000830\n|-terastallize|p2a: Gholdengo|Dark\n|move|p2a: Gholdengo|Shadow Ball|p1a: Ceruledge\n|-supereffective|p1a: Ceruledge\n|-crit|p1a: Ceruledge\n|-damage|p1a: Ceruledge|0 fnt\n|faint|p1a: Ceruledge\n|\n|upkeep\n|c|\u2606Sensei Milia|nice crit\n|c|\u2606securethebag702|nice speed stat\n|\n|t:|1700000853\n|switch|p1a: Garganacl|Garganacl, M, shiny|100\/100\n|turn|4\n|inactive|Sensei Milia has 120 seconds left.\n|c|\u2606Sensei Milia|nice username\n|\n|t:|1700000884\n|-terastallize|p1a: Garganacl|Water\n|move|p2a: Gholdengo|Make It Rain|p1a: Garganacl\n|-resisted|p1a: Garganacl\n|-damage|p1a: Garganacl|77\/100\n|-unboost|p2a: Gholdengo|spa|1\n|move|p1a: Garganacl|Salt Cure|p2a: Gholdengo\n|-damage|p2a: Gholdengo|86\/100\n|-start|p2a: Gholdengo|Salt Cure\n|-enditem|p2a: Gholdengo|Air Balloon\n|\n|-heal|p1a: Garganacl|83\/100|[from] item: Leftovers\n|-damage|p2a: Gholdengo|74\/100|[from] Salt Cure\n|upkeep\n|turn|5\n|c|\u2606securethebag702|nice try\n|c|\u2606Sensei Milia|nice comeback\n|\n|t:|1700000909\n|switch|p2a: Queen B|Ribombee, F|100\/100\n|move|p1a: Garganacl|Body Press|p2a: Queen B\n|-resisted|p2a: Queen B\n|-damage|p2a: Queen B|90\/100\n|\n|-heal|p1a: Garganacl|89\/100|[from] item: Leftovers\n|upkeep\n|turn|6\n|\n|t:|1700000919\n|move|p2a: Queen B|Sticky Web|p1a: Garganacl\n|-sidestart|p1: Sensei Milia|move: Sticky Web\n|move|p1a: Garganacl|Salt Cure|p2a: Queen B\n|-supereffective|p2a: Queen B\n|-damage|p2a: Queen B|35\/100\n|\n|-heal|p1a: Garganacl|95\/100|[from] item: Leftovers\n|upkeep\n|turn|7\n|\n|t:|1700000932\n|move|p2a: Queen B|Moonblast|p1a: Garganacl\n|-damage|p1a: Garganacl|71\/100\n|-unboost|p1a: Garganacl|spa|1\n|move|p1a: Garganacl|Salt Cure|p2a: Queen B\n|-supereffective|p2a: Queen B\n|-damage|p2a: Queen B|0 fnt\n|faint|p2a: Queen B\n|\n|-heal|p1a: Garganacl|77\/100|[from] item: Leftovers\n|upkeep\n|inactive|securethebag702 has 120 seconds left.\n|\n|t:|1700000948\n|switch|p2a: Volc v2|Iron Moth|100\/100\n|-enditem|p2a: Volc v2|Booster Energy\n|-activate|p2a: Volc v2|ability: Quark Drive|[fromitem]\n|-start|p2a: Volc v2|quarkdrivespe\n|turn|8\n|inactive|Sensei Milia has 120 seconds left.\n|\n|t:|1700000957\n|move|p2a: Volc v2|Energy Ball|p1a: Garganacl\n|-supereffective|p1a: Garganacl\n|-damage|p1a: Garganacl|34\/100\n|move|p1a: Garganacl|Recover|p1a: Garganacl\n|-heal|p1a: Garganacl|84\/100\n|\n|-heal|p1a: Garganacl|91\/100|[from] item: Leftovers\n|upkeep\n|turn|9\n|\n|t:|1700000965\n|move|p2a: Volc v2|Fiery Dance|p1a: Garganacl\n|-resisted|p1a: Garganacl\n|-damage|p1a: Garganacl|77\/100\n|move|p1a: Garganacl|Salt Cure|p2a: Volc v2\n|-supereffective|p2a: Volc v2\n|-damage|p2a: Volc v2|55\/100\n|-start|p2a: Volc v2|Salt Cure\n|\n|-heal|p1a: Garganacl|83\/100|[from] item: Leftovers\n|-damage|p2a: Volc v2|43\/100|[from] Salt Cure\n|upkeep\n|turn|10\n|\n|t:|1700000975\n|move|p2a: Volc v2|Energy Ball|p1a: Garganacl\n|-supereffective|p1a: Garganacl\n|-damage|p1a: Garganacl|44\/100\n|move|p1a: Garganacl|Body Press|p2a: Volc v2\n|-resisted|p2a: Volc v2\n|-damage|p2a: Volc v2|25\/100\n|\n|-heal|p1a: Garganacl|50\/100|[from] item: Leftovers\n|-damage|p2a: Volc v2|13\/100|[from] Salt Cure\n|upkeep\n|turn|11\n|\n|t:|1700000987\n|move|p2a: Volc v2|Energy Ball|p1a: Garganacl\n|-supereffective|p1a: Garganacl\n|-damage|p1a: Garganacl|9\/100\n|move|p1a: Garganacl|Recover|p1a: Garganacl\n|-heal|p1a: Garganacl|59\/100\n|\n|-heal|p1a: Garganacl|65\/100|[from] item: Leftovers\n|-damage|p2a: Volc v2|0 fnt|[from] Salt Cure\n|faint|p2a: Volc v2\n|-end|p2a: Volc v2|Quark Drive|[silent]\n|upkeep\n|\n|t:|1700000997\n|switch|p2a: Menna|Manaphy|100\/100\n|turn|12\n|\n|t:|1700001004\n|move|p2a: Menna|Tail Glow|p2a: Menna\n|-boost|p2a: Menna|spa|3\n|move|p1a: Garganacl|Salt Cure|p2a: Menna\n|-damage|p2a: Menna|87\/100\n|-start|p2a: Menna|Salt Cure\n|\n|-heal|p2a: Menna|93\/100|[from] item: Leftovers\n|-heal|p1a: Garganacl|71\/100|[from] item: Leftovers\n|-damage|p2a: Menna|69\/100|[from] Salt Cure\n|upkeep\n|turn|13\n|\n|t:|1700001014\n|switch|p1a: Heatran|Heatran, M, shiny|70\/100\n|-activate|p1a: Heatran|move: Sticky Web\n|-unboost|p1a: Heatran|spe|1\n|move|p2a: Menna|Stored Power|p1a: Heatran\n|-resisted|p1a: Heatran\n|-damage|p1a: Heatran|42\/100\n|\n|-heal|p2a: Menna|75\/100|[from] item: Leftovers\n|-damage|p2a: Menna|50\/100|[from] Salt Cure\n|upkeep\n|turn|14\n|\n|t:|1700001025\n|move|p2a: Menna|Scald|p1a: Heatran\n|-supereffective|p1a: Heatran\n|-damage|p1a: Heatran|0 fnt\n|faint|p1a: Heatran\n|\n|-heal|p2a: Menna|56\/100|[from] item: Leftovers\n|-damage|p2a: Menna|31\/100|[from] Salt Cure\n|upkeep\n|\n|t:|1700001034\n|switch|p1a: Clodsire|Clodsire, M|100\/100\n|-activate|p1a: Clodsire|move: Sticky Web\n|-unboost|p1a: Clodsire|spe|1\n|turn|15\n|\n|t:|1700001038\n|move|p1a: Clodsire|Protect|p1a: Clodsire\n|-singleturn|p1a: Clodsire|Protect\n|move|p2a: Menna|Stored Power|p1a: Clodsire\n|-activate|p1a: Clodsire|move: Protect\n|\n|-heal|p2a: Menna|37\/100|[from] item: Leftovers\n|-damage|p2a: Menna|12\/100|[from] Salt Cure\n|upkeep\n|turn|16\n|\n|t:|1700001046\n|move|p2a: Menna|Stored Power|p1a: Clodsire\n|-supereffective|p1a: Clodsire\n|-damage|p1a: Clodsire|72\/100\n|move|p1a: Clodsire|Stealth Rock|p2a: Menna\n|-sidestart|p2: securethebag702|move: Stealth Rock\n|\n|-heal|p2a: Menna|18\/100|[from] item: Leftovers\n|-heal|p1a: Clodsire|78\/100|[from] item: Leftovers\n|-damage|p2a: Menna|0 fnt|[from] Salt Cure\n|faint|p2a: Menna\n|upkeep\n|\n|t:|1700001059\n|switch|p2a: Gholdengo|Gholdengo, tera:Dark|74\/100\n|-damage|p2a: Gholdengo|61\/100|[from] Stealth Rock\n|turn|17\n|\n|t:|1700001067\n|switch|p1a: Garganacl|Garganacl, M, shiny, tera:Water|71\/100\n|-activate|p1a: Garganacl|move: Sticky Web\n|-unboost|p1a: Garganacl|spe|1\n|move|p2a: Gholdengo|Nasty Plot|p2a: Gholdengo\n|-boost|p2a: Gholdengo|spa|2\n|\n|-heal|p1a: Garganacl|77\/100|[from] item: Leftovers\n|upkeep\n|turn|18\n|\n|t:|1700001076\n|move|p2a: Gholdengo|Focus Blast|p1a: Garganacl\n|-damage|p1a: Garganacl|12\/100\n|move|p1a: Garganacl|Recover|p1a: Garganacl\n|-heal|p1a: Garganacl|62\/100\n|\n|-heal|p1a: Garganacl|68\/100|[from] item: Leftovers\n|upkeep\n|turn|19\n|\n|t:|1700001086\n|move|p2a: Gholdengo|Shadow Ball|p1a: Garganacl\n|-damage|p1a: Garganacl|36\/100\n|move|p1a: Garganacl|Salt Cure|p2a: Gholdengo\n|-damage|p2a: Gholdengo|47\/100\n|-start|p2a: Gholdengo|Salt Cure\n|\n|-heal|p1a: Garganacl|42\/100|[from] item: Leftovers\n|-damage|p2a: Gholdengo|35\/100|[from] Salt Cure\n|upkeep\n|turn|20\n|-message|securethebag702 forfeited.\n|\n|win|Sensei Milia\n|raw|Sensei Milia's rating: 1236 &rarr; <strong>1259<\/strong><br \/>(+23 for winning)\n|raw|securethebag702's rating: 1211 &rarr; <strong>1188<\/strong><br \/>(-23 for losing)\n|l|\u2606securethebag702\n","uploadtime":1700001276,"views":18,"p1id":"senseimilia","p2id":"securethebag702","formatid":"gen9ou","rating":1188,"private":0,"password":""}