{"id":"gen9ou-1995644044","p1":"bizarman","p2":"KvnLiao","format":"[Gen 9] OU","log":"|j|\u2606bizarman\n|j|\u2606KvnLiao\n|t:|1700590244\n|gametype|singles\n|player|p1|bizarman|scientist-gen4|1550\n|player|p2|KvnLiao|benga|1587\n|teamsize|p1|6\n|teamsize|p2|6\n|gen|9\n|tier|[Gen 9] OU\n|rated|\n|rule|Sleep Clause Mod: Limit one foe put to sleep\n|rule|Species Clause: Limit one of each Pok\u00e9mon\n|rule|OHKO Clause: OHKO moves are banned\n|rule|Evasion Items Clause: Evasion items are banned\n|rule|Evasion Moves Clause: Evasion moves are banned\n|rule|Endless Battle Clause: Forcing endless battles is banned\n|rule|HP Percentage Mod: HP is shown in percentages\n|clearpoke\n|poke|p1|Manaphy|\n|poke|p1|Tornadus-Therian, M|\n|poke|p1|Great Tusk|\n|poke|p1|Slowking-Galar, F|\n|poke|p1|Garchomp, F|\n|poke|p1|Kingambit, M|\n|poke|p2|Dragapult, F|\n|poke|p2|Garganacl, F|\n|poke|p2|Zapdos|\n|poke|p2|Iron Valiant|\n|poke|p2|Great Tusk|\n|poke|p2|Ogerpon-Wellspring, F|\n|teampreview\n|inactive|Battle timer is ON: inactive players will automatically lose when time's up. (requested by bizarman)\n|\n|t:|1700590271\n|start\n|switch|p1a: Slowking|Slowking-Galar, F|100\/100\n|switch|p2a: Ogerpon|Ogerpon-Wellspring, F|100\/100\n|turn|1\n|\n|t:|1700590279\n|switch|p2a: Garganacl|Garganacl, F|100\/100\n|move|p1a: Slowking|Chilly Reception|p1a: Slowking\n|-weather|Snow\n|\n|t:|1700590293\n|switch|p1a: Great Tusk|Great Tusk|100\/100|[from] Chilly Reception\n|\n|-weather|Snow|[upkeep]\n|upkeep\n|turn|2\n|\n|t:|1700590300\n|switch|p2a: Zapdos|Zapdos|100\/100\n|move|p1a: Great Tusk|Stealth Rock|p2a: Zapdos\n|-sidestart|p2: KvnLiao|move: Stealth Rock\n|\n|-weather|Snow|[upkeep]\n|upkeep\n|turn|3\n|\n|t:|1700590307\n|-end|p1a: Great Tusk|Protosynthesis|[silent]\n|switch|p1a: Slowking|Slowking-Galar, F|100\/100\n|move|p2a: Zapdos|Hurricane|p1a: Slowking\n|-damage|p1a: Slowking|71\/100\n|\n|-weather|Snow|[upkeep]\n|upkeep\n|turn|4\n|\n|t:|1700590314\n|move|p2a: Zapdos|Volt Switch|p1a: Slowking\n|-damage|p1a: Slowking|53\/100\n|\n|t:|1700590318\n|switch|p2a: Garganacl|Garganacl, F|100\/100|[from] Volt Switch\n|-damage|p2a: Garganacl|88\/100|[from] Stealth Rock\n|move|p1a: Slowking|Future Sight|p2a: Garganacl\n|-start|p1a: Slowking|move: Future Sight\n|\n|-weather|Snow|[upkeep]\n|-heal|p2a: Garganacl|94\/100|[from] item: Leftovers\n|upkeep\n|turn|5\n|\n|t:|1700590327\n|-terastallize|p2a: Garganacl|Steel\n|move|p2a: Garganacl|Stealth Rock|p1a: Slowking\n|-sidestart|p1: bizarman|move: Stealth Rock\n|move|p1a: Slowking|Chilly Reception|p1a: Slowking\n|\n|t:|1700590336\n|switch|p1a: Great Tusk|Great Tusk|100\/100|[from] Chilly Reception\n|-damage|p1a: Great Tusk|98\/100|[from] Stealth Rock\n|\n|-weather|none\n|-heal|p1a: Great Tusk|100\/100|[from] item: Leftovers\n|-heal|p2a: Garganacl|100\/100|[from] item: Leftovers\n|upkeep\n|turn|6\n|\n|t:|1700590343\n|switch|p2a: Zapdos|Zapdos|100\/100\n|move|p1a: Great Tusk|Earthquake|p2a: Zapdos\n|-immune|p2a: Zapdos\n|\n|-end|p2a: Zapdos|move: Future Sight\n|-damage|p2a: Zapdos|54\/100\n|upkeep\n|turn|7\n|\n|t:|1700590351\n|move|p2a: Zapdos|Hurricane|p1a: Great Tusk\n|-supereffective|p1a: Great Tusk\n|-damage|p1a: Great Tusk|0 fnt\n|faint|p1a: Great Tusk\n|-end|p1a: Great Tusk|Protosynthesis|[silent]\n|\n|upkeep\n|\n|t:|1700590376\n|switch|p1a: Slowking|Slowking-Galar, F|86\/100\n|turn|8\n|\n|t:|1700590382\n|move|p2a: Zapdos|Volt Switch|p1a: Slowking\n|-damage|p1a: Slowking|69\/100\n|\n|t:|1700590385\n|switch|p2a: Garganacl|Garganacl, F, tera:Steel|100\/100|[from] Volt Switch\n|-damage|p2a: Garganacl|94\/100|[from] Stealth Rock\n|move|p1a: Slowking|Chilly Reception|p1a: Slowking\n|-weather|Snow\n|\n|t:|1700590395\n|switch|p1a: Garchomp|Garchomp, F|100\/100|[from] Chilly Reception\n|-damage|p1a: Garchomp|94\/100|[from] Stealth Rock\n|\n|-weather|Snow|[upkeep]\n|-heal|p2a: Garganacl|100\/100|[from] item: Leftovers\n|upkeep\n|turn|9\n|\n|t:|1700590410\n|switch|p2a: Great Tusk|Great Tusk|100\/100\n|-damage|p2a: Great Tusk|98\/100|[from] Stealth Rock\n|move|p1a: Garchomp|Swords Dance|p1a: Garchomp\n|-boost|p1a: Garchomp|atk|2\n|\n|-weather|Snow|[upkeep]\n|-heal|p2a: Great Tusk|100\/100|[from] item: Leftovers\n|upkeep\n|turn|10\n|\n|t:|1700590426\n|-terastallize|p1a: Garchomp|Fairy\n|move|p1a: Garchomp|Earthquake|p2a: Great Tusk\n|-damage|p2a: Great Tusk|51\/100\n|move|p2a: Great Tusk|Rapid Spin|p1a: Garchomp\n|-damage|p1a: Garchomp|79\/100\n|-boost|p2a: Great Tusk|spe|1\n|-damage|p2a: Great Tusk|39\/100|[from] ability: Rough Skin|[of] p1a: Garchomp\n|-sideend|p2: KvnLiao|Stealth Rock|[from] move: Rapid Spin|[of] p2a: Great Tusk\n|\n|-weather|Snow|[upkeep]\n|-heal|p2a: Great Tusk|45\/100|[from] item: Leftovers\n|upkeep\n|turn|11\n|\n|t:|1700590436\n|move|p2a: Great Tusk|Earthquake|p1a: Garchomp\n|-damage|p1a: Garchomp|35\/100\n|move|p1a: Garchomp|Scale Shot|p2a: Great Tusk\n|-damage|p2a: Great Tusk|31\/100\n|-damage|p2a: Great Tusk|18\/100\n|-damage|p2a: Great Tusk|5\/100\n|-damage|p2a: Great Tusk|0 fnt\n|faint|p2a: Great Tusk\n|-end|p2a: Great Tusk|Protosynthesis|[silent]\n|-hitcount|p2: Great Tusk|4\n|-unboost|p1a: Garchomp|def|1\n|-boost|p1a: Garchomp|spe|1\n|\n|-weather|Snow|[upkeep]\n|upkeep\n|\n|t:|1700590441\n|switch|p2a: Iron Valiant|Iron Valiant|100\/100\n|turn|12\n|\n|t:|1700590451\n|move|p2a: Iron Valiant|Moonblast|p1a: Garchomp\n|-damage|p1a: Garchomp|0 fnt\n|faint|p1a: Garchomp\n|\n|-weather|none\n|upkeep\n|\n|t:|1700590458\n|switch|p1a: Slowking|Slowking-Galar, F|100\/100\n|turn|13\n|\n|t:|1700590465\n|-end|p2a: Iron Valiant|Quark Drive|[silent]\n|switch|p2a: Garganacl|Garganacl, F, tera:Steel|100\/100\n|move|p1a: Slowking|Future Sight|p2a: Garganacl\n|-start|p1a: Slowking|move: Future Sight\n|\n|upkeep\n|turn|14\n|\n|t:|1700590479\n|move|p2a: Garganacl|Salt Cure|p1a: Slowking\n|-damage|p1a: Slowking|85\/100\n|-start|p1a: Slowking|Salt Cure\n|move|p1a: Slowking|Surf|p2a: Garganacl\n|-damage|p2a: Garganacl|81\/100\n|\n|-heal|p2a: Garganacl|88\/100|[from] item: Leftovers\n|-damage|p1a: Slowking|73\/100|[from] Salt Cure\n|upkeep\n|turn|15\n|\n|t:|1700590487\n|move|p2a: Garganacl|Salt Cure|p1a: Slowking\n|-damage|p1a: Slowking|58\/100\n|move|p1a: Slowking|Chilly Reception|p1a: Slowking\n|-weather|Snow\n|\n|t:|1700590492\n|switch|p1a: Manaphy|Manaphy|100\/100|[from] Chilly Reception\n|-damage|p1a: Manaphy|88\/100|[from] Stealth Rock\n|\n|-weather|Snow|[upkeep]\n|-end|p2a: Garganacl|move: Future Sight\n|-resisted|p2a: Garganacl\n|-damage|p2a: Garganacl|69\/100\n|-heal|p2a: Garganacl|75\/100|[from] item: Leftovers\n|upkeep\n|turn|16\n|\n|t:|1700590501\n|switch|p2a: Ogerpon|Ogerpon-Wellspring, F|100\/100\n|move|p1a: Manaphy|Tail Glow|p1a: Manaphy\n|-boost|p1a: Manaphy|spa|3\n|\n|-weather|Snow|[upkeep]\n|upkeep\n|turn|17\n|\n|t:|1700590511\n|switch|p1a: Tornadus|Tornadus-Therian, M|100\/100\n|move|p2a: Ogerpon|Encore||[still]\n|-fail|p2a: Ogerpon\n|\n|-weather|Snow|[upkeep]\n|upkeep\n|turn|18\n|\n|t:|1700590523\n|switch|p1a: Manaphy|Manaphy|88\/100\n|-damage|p1a: Manaphy|76\/100|[from] Stealth Rock\n|switch|p2a: Zapdos|Zapdos|54\/100\n|\n|-weather|Snow|[upkeep]\n|upkeep\n|turn|19\n|\n|t:|1700590530\n|move|p1a: Manaphy|Ice Beam|p2a: Zapdos\n|-supereffective|p2a: Zapdos\n|-damage|p2a: Zapdos|1\/100\n|move|p2a: Zapdos|Volt Switch|p1a: Manaphy\n|-supereffective|p1a: Manaphy\n|-damage|p1a: Manaphy|14\/100\n|\n|t:|1700590536\n|switch|p2a: Ogerpon|Ogerpon-Wellspring, F|100\/100|[from] Volt Switch\n|\n|-weather|none\n|upkeep\n|turn|20\n|\n|t:|1700590545\n|move|p2a: Ogerpon|Ivy Cudgel|p1a: Manaphy|[anim] Ivy Cudgel Water\n|-resisted|p1a: Manaphy\n|-damage|p1a: Manaphy|0 fnt\n|faint|p1a: Manaphy\n|\n|upkeep\n|\n|t:|1700590550\n|switch|p1a: Tornadus|Tornadus-Therian, M|100\/100\n|turn|21\n|\n|t:|1700590553\n|switch|p2a: Zapdos|Zapdos|1\/100\n|move|p1a: Tornadus|Knock Off|p2a: Zapdos\n|-damage|p2a: Zapdos|0 fnt\n|-enditem|p2a: Zapdos|Heavy-Duty Boots|[from] move: Knock Off|[of] p1a: Tornadus\n|faint|p2a: Zapdos\n|\n|upkeep\n|\n|t:|1700590560\n|switch|p2a: Garganacl|Garganacl, F, tera:Steel|75\/100\n|turn|22\n|\n|t:|1700590565\n|move|p1a: Tornadus|Taunt|p2a: Garganacl\n|-start|p2a: Garganacl|move: Taunt\n|move|p2a: Garganacl|Salt Cure|p1a: Tornadus\n|-supereffective|p1a: Tornadus\n|-damage|p1a: Tornadus|66\/100\n|-start|p1a: Tornadus|Salt Cure\n|\n|-heal|p2a: Garganacl|81\/100|[from] item: Leftovers\n|-damage|p1a: Tornadus|54\/100|[from] Salt Cure\n|upkeep\n|turn|23\n|\n|t:|1700590574\n|move|p1a: Tornadus|Knock Off|p2a: Garganacl\n|-damage|p2a: Garganacl|68\/100\n|-enditem|p2a: Garganacl|Leftovers|[from] move: Knock Off|[of] p1a: Tornadus\n|move|p2a: Garganacl|Salt Cure|p1a: Tornadus\n|-supereffective|p1a: Tornadus\n|-damage|p1a: Tornadus|15\/100\n|\n|-damage|p1a: Tornadus|2\/100|[from] Salt Cure\n|upkeep\n|turn|24\n|\n|t:|1700590583\n|move|p1a: Tornadus|U-turn|p2a: Garganacl\n|-resisted|p2a: Garganacl\n|-damage|p2a: Garganacl|63\/100\n|\n|t:|1700590586\n|switch|p1a: Slowking|Slowking-Galar, F|91\/100|[from] U-turn\n|move|p2a: Garganacl|Salt Cure|p1a: Slowking\n|-damage|p1a: Slowking|77\/100\n|-start|p1a: Slowking|Salt Cure\n|\n|-damage|p1a: Slowking|65\/100|[from] Salt Cure\n|-end|p2a: Garganacl|move: Taunt\n|upkeep\n|turn|25\n|\n|t:|1700590596\n|move|p2a: Garganacl|Salt Cure|p1a: Slowking\n|-damage|p1a: Slowking|51\/100\n|move|p1a: Slowking|Future Sight|p2a: Garganacl\n|-start|p1a: Slowking|move: Future Sight\n|\n|-damage|p1a: Slowking|39\/100|[from] Salt Cure\n|upkeep\n|turn|26\n|\n|t:|1700590602\n|move|p2a: Garganacl|Recover|p2a: Garganacl\n|-heal|p2a: Garganacl|100\/100\n|move|p1a: Slowking|Chilly Reception|p1a: Slowking\n|-weather|Snow\n|\n|t:|1700590606\n|switch|p1a: Kingambit|Kingambit, M|100\/100|[from] Chilly Reception\n|-damage|p1a: Kingambit|94\/100|[from] Stealth Rock\n|-activate|p1a: Kingambit|ability: Supreme Overlord\n|-start|p1a: Kingambit|fallen3|[silent]\n|\n|-weather|Snow|[upkeep]\n|-heal|p1a: Kingambit|100\/100|[from] item: Leftovers\n|upkeep\n|turn|27\n|\n|t:|1700590614\n|move|p2a: Garganacl|Protect|p2a: Garganacl\n|-singleturn|p2a: Garganacl|Protect\n|move|p1a: Kingambit|Kowtow Cleave|p2a: Garganacl\n|-activate|p2a: Garganacl|move: Protect\n|\n|-weather|Snow|[upkeep]\n|-end|p2a: Garganacl|move: Future Sight\n|-resisted|p2a: Garganacl\n|-damage|p2a: Garganacl|84\/100\n|upkeep\n|turn|28\n|\n|t:|1700590623\n|move|p1a: Kingambit|Kowtow Cleave|p2a: Garganacl\n|-damage|p2a: Garganacl|49\/100\n|move|p2a: Garganacl|Salt Cure|p1a: Kingambit\n|-resisted|p1a: Kingambit\n|-damage|p1a: Kingambit|95\/100\n|-start|p1a: Kingambit|Salt Cure\n|\n|-weather|Snow|[upkeep]\n|-heal|p1a: Kingambit|100\/100|[from] item: Leftovers\n|-damage|p1a: Kingambit|76\/100|[from] Salt Cure\n|upkeep\n|turn|29\n|\n|t:|1700590633\n|-end|p1a: Kingambit|fallen3|[silent]\n|switch|p1a: Slowking|Slowking-Galar, F|72\/100\n|move|p2a: Garganacl|Recover|p2a: Garganacl\n|-heal|p2a: Garganacl|99\/100\n|\n|-weather|Snow|[upkeep]\n|upkeep\n|turn|30\n|\n|t:|1700590647\n|switch|p2a: Dragapult|Dragapult, F|100\/100\n|move|p1a: Slowking|Future Sight|p2a: Dragapult\n|-start|p1a: Slowking|move: Future Sight\n|\n|-weather|none\n|upkeep\n|turn|31\n|\n|t:|1700590655\n|move|p2a: Dragapult|Dragon Darts|p1a: Slowking\n|-damage|p1a: Slowking|44\/100\n|-anim|p2a: Dragapult|Dragon Darts|p1a: Slowking\n|-damage|p1a: Slowking|15\/100\n|move|p1a: Slowking|Chilly Reception|p1a: Slowking\n|-weather|Snow\n|\n|t:|1700590663\n|switch|p1a: Kingambit|Kingambit, M|76\/100|[from] Chilly Reception\n|-damage|p1a: Kingambit|69\/100|[from] Stealth Rock\n|-activate|p1a: Kingambit|ability: Supreme Overlord\n|-start|p1a: Kingambit|fallen3|[silent]\n|\n|-weather|Snow|[upkeep]\n|-heal|p1a: Kingambit|76\/100|[from] item: Leftovers\n|upkeep\n|turn|32\n|\n|t:|1700590671\n|move|p2a: Dragapult|Dragon Darts|p1a: Kingambit\n|-resisted|p1a: Kingambit\n|-damage|p1a: Kingambit|66\/100\n|-anim|p2a: Dragapult|Dragon Darts|p1a: Kingambit\n|-resisted|p1a: Kingambit\n|-damage|p1a: Kingambit|55\/100\n|move|p1a: Kingambit|Kowtow Cleave|p2a: Dragapult\n|-supereffective|p2a: Dragapult\n|-damage|p2a: Dragapult|0 fnt\n|faint|p2a: Dragapult\n|\n|-weather|Snow|[upkeep]\n|-hint|Future Sight did not hit because the target is fainted.\n|-heal|p1a: Kingambit|61\/100|[from] item: Leftovers\n|upkeep\n|\n|t:|1700590675\n|switch|p2a: Iron Valiant|Iron Valiant|100\/100\n|turn|33\n|\n|t:|1700590685\n|-end|p1a: Kingambit|fallen3|[silent]\n|switch|p1a: Slowking|Slowking-Galar, F|48\/100\n|move|p2a: Iron Valiant|Trick|p1a: Slowking\n|-activate|p2a: Iron Valiant|move: Trick|[of] p1a: Slowking\n|-item|p1a: Slowking|Choice Scarf|[from] move: Trick\n|-item|p2a: Iron Valiant|Heavy-Duty Boots|[from] move: Trick\n|\n|-weather|Snow|[upkeep]\n|upkeep\n|turn|34\n|\n|t:|1700590694\n|-end|p2a: Iron Valiant|Quark Drive|[silent]\n|switch|p2a: Garganacl|Garganacl, F, tera:Steel|99\/100\n|move|p1a: Slowking|Chilly Reception|p1a: Slowking\n|\n|t:|1700590700\n|switch|p1a: Kingambit|Kingambit, M|61\/100|[from] Chilly Reception\n|-damage|p1a: Kingambit|55\/100|[from] Stealth Rock\n|-activate|p1a: Kingambit|ability: Supreme Overlord\n|-start|p1a: Kingambit|fallen3|[silent]\n|\n|-weather|Snow|[upkeep]\n|-heal|p1a: Kingambit|61\/100|[from] item: Leftovers\n|upkeep\n|turn|35\n|\n|t:|1700590710\n|move|p1a: Kingambit|Swords Dance|p1a: Kingambit\n|-boost|p1a: Kingambit|atk|2\n|move|p2a: Garganacl|Salt Cure|p1a: Kingambit\n|-resisted|p1a: Kingambit\n|-damage|p1a: Kingambit|56\/100\n|-start|p1a: Kingambit|Salt Cure\n|\n|-weather|none\n|-heal|p1a: Kingambit|62\/100|[from] item: Leftovers\n|-damage|p1a: Kingambit|37\/100|[from] Salt Cure\n|upkeep\n|turn|36\n|\n|t:|1700590719\n|-end|p1a: Kingambit|fallen3|[silent]\n|switch|p1a: Slowking|Slowking-Galar, F|82\/100\n|-damage|p1a: Slowking|69\/100|[from] Stealth Rock\n|move|p2a: Garganacl|Protect||[still]\n|-fail|p2a: Garganacl\n|\n|upkeep\n|turn|37\n|\n|t:|1700590725\n|move|p1a: Slowking|Surf|p2a: Garganacl\n|-damage|p2a: Garganacl|82\/100\n|move|p2a: Garganacl|Salt Cure|p1a: Slowking\n|-crit|p1a: Slowking\n|-damage|p1a: Slowking|48\/100\n|-start|p1a: Slowking|Salt Cure\n|\n|-damage|p1a: Slowking|36\/100|[from] Salt Cure\n|upkeep\n|turn|38\n|\n|t:|1700590735\n|move|p1a: Slowking|Surf|p2a: Garganacl\n|-damage|p2a: Garganacl|62\/100\n|move|p2a: Garganacl|Salt Cure|p1a: Slowking\n|-damage|p1a: Slowking|21\/100\n|\n|-damage|p1a: Slowking|9\/100|[from] Salt Cure\n|upkeep\n|turn|39\n|\n|t:|1700590742\n|switch|p1a: Kingambit|Kingambit, M|37\/100\n|-damage|p1a: Kingambit|31\/100|[from] Stealth Rock\n|-activate|p1a: Kingambit|ability: Supreme Overlord\n|-start|p1a: Kingambit|fallen3|[silent]\n|move|p2a: Garganacl|Recover|p2a: Garganacl\n|-heal|p2a: Garganacl|100\/100\n|\n|-heal|p1a: Kingambit|37\/100|[from] item: Leftovers\n|upkeep\n|turn|40\n|\n|t:|1700590762\n|move|p1a: Kingambit|Kowtow Cleave|p2a: Garganacl\n|-damage|p2a: Garganacl|67\/100\n|move|p2a: Garganacl|Salt Cure|p1a: Kingambit\n|-resisted|p1a: Kingambit\n|-damage|p1a: Kingambit|32\/100\n|-start|p1a: Kingambit|Salt Cure\n|\n|-heal|p1a: Kingambit|38\/100|[from] item: Leftovers\n|-damage|p1a: Kingambit|13\/100|[from] Salt Cure\n|upkeep\n|turn|41\n|-message|bizarman forfeited.\n|\n|win|KvnLiao\n|raw|bizarman's rating: 1550 &rarr; <strong>1532<\/strong><br \/>(-18 for losing)\n|raw|KvnLiao's rating: 1587 &rarr; <strong>1605<\/strong><br \/>(+18 for winning)\n|l|\u2606bizarman\n","uploadtime":1700590774,"views":2,"p1id":"bizarman","p2id":"kvnliao","formatid":"gen9ou","rating":1532,"private":0,"password":""}