{"id":"gen9ou-1994912902","p1":"Chaitanya15","p2":"BlueKxllaShowdown!","format":"[Gen 9] OU","log":"|j|\u2606Chaitanya15\n|j|\u203dBlueKxllaShowdown!\n|t:|1700504108\n|gametype|singles\n|player|p1|Chaitanya15|170|1331\n|player|p2|BlueKxllaShowdown!|266|1245\n|teamsize|p1|6\n|teamsize|p2|6\n|gen|9\n|tier|[Gen 9] OU\n|rated|\n|rule|Sleep Clause Mod: Limit one foe put to sleep\n|rule|Species Clause: Limit one of each Pok\u00e9mon\n|rule|OHKO Clause: OHKO moves are banned\n|rule|Evasion Items Clause: Evasion items are banned\n|rule|Evasion Moves Clause: Evasion moves are banned\n|rule|Endless Battle Clause: Forcing endless battles is banned\n|rule|HP Percentage Mod: HP is shown in percentages\n|clearpoke\n|poke|p1|Dragonite, M|\n|poke|p1|Hatterene, F|\n|poke|p1|Greninja-*, M|\n|poke|p1|Rillaboom, F|\n|poke|p1|Iron Moth|\n|poke|p1|Iron Valiant|\n|poke|p2|Indeedee-F, F|\n|poke|p2|Polteageist-Antique|\n|poke|p2|Hawlucha, F|\n|poke|p2|Slowking-Galar, F|\n|poke|p2|Samurott-Hisui, M|\n|poke|p2|Heatran, F|\n|teampreview\n|inactive|Battle timer is ON: inactive players will automatically lose when time's up. (requested by BlueKxllaShowdown!)\n|\n|t:|1700504116\n|start\n|switch|p1a: Rillaboom|Rillaboom, F|100\/100\n|switch|p2a: Samurott|Samurott-Hisui, M|100\/100\n|-fieldstart|move: Grassy Terrain|[from] ability: Grassy Surge|[of] p1a: Rillaboom\n|-enditem|p1a: Rillaboom|Grassy Seed\n|-boost|p1a: Rillaboom|def|1|[from] item: Grassy Seed\n|turn|1\n|\n|t:|1700504124\n|switch|p2a: Heatran|Heatran, F|100\/100\n|-item|p2a: Heatran|Air Balloon\n|move|p1a: Rillaboom|Fake Out|p2a: Heatran\n|-resisted|p2a: Heatran\n|-damage|p2a: Heatran|95\/100\n|-enditem|p2a: Heatran|Air Balloon\n|\n|-heal|p2a: Heatran|100\/100|[from] Grassy Terrain\n|upkeep\n|turn|2\n|\n|t:|1700504134\n|switch|p1a: Hatterene|Hatterene, F|100\/100\n|move|p2a: Heatran|Magma Storm|p1a: Hatterene\n|-damage|p1a: Hatterene|57\/100\n|-activate|p1a: Hatterene|move: Magma Storm|[of] p2a: Heatran\n|\n|-heal|p1a: Hatterene|63\/100|[from] Grassy Terrain\n|-heal|p1a: Hatterene|69\/100|[from] item: Leftovers\n|-damage|p1a: Hatterene|56\/100|[from] move: Magma Storm|[partiallytrapped]\n|upkeep\n|turn|3\n|\n|t:|1700504145\n|move|p2a: Heatran|Earth Power|p1a: Hatterene\n|-damage|p1a: Hatterene|29\/100\n|move|p1a: Hatterene|Draining Kiss|p2a: Heatran\n|-resisted|p2a: Heatran\n|-damage|p2a: Heatran|96\/100\n|-heal|p1a: Hatterene|34\/100|[from] drain|[of] p2a: Heatran\n|\n|-heal|p2a: Heatran|100\/100|[from] Grassy Terrain\n|-heal|p1a: Hatterene|39\/100|[from] Grassy Terrain\n|-heal|p1a: Hatterene|45\/100|[from] item: Leftovers\n|-damage|p1a: Hatterene|33\/100|[from] move: Magma Storm|[partiallytrapped]\n|upkeep\n|turn|4\n|\n|t:|1700504161\n|move|p2a: Heatran|Magma Storm|p1a: Hatterene|[miss]\n|-miss|p2a: Heatran|p1a: Hatterene\n|move|p1a: Hatterene|Psychic|p2a: Heatran\n|-resisted|p2a: Heatran\n|-damage|p2a: Heatran|83\/100\n|\n|-heal|p2a: Heatran|89\/100|[from] Grassy Terrain\n|-heal|p1a: Hatterene|39\/100|[from] Grassy Terrain\n|-heal|p1a: Hatterene|45\/100|[from] item: Leftovers\n|-damage|p1a: Hatterene|33\/100|[from] move: Magma Storm|[partiallytrapped]\n|upkeep\n|turn|5\n|\n|t:|1700504172\n|move|p2a: Heatran|Magma Storm|p1a: Hatterene\n|-damage|p1a: Hatterene|0 fnt\n|faint|p1a: Hatterene\n|\n|-heal|p2a: Heatran|96\/100|[from] Grassy Terrain\n|-fieldend|move: Grassy Terrain\n|upkeep\n|\n|t:|1700504179\n|switch|p1a: Greninja|Greninja, M|100\/100\n|turn|6\n|\n|t:|1700504185\n|switch|p2a: Indeedee|Indeedee-F, F|100\/100\n|-fieldstart|move: Psychic Terrain|[from] ability: Psychic Surge|[of] p2a: Indeedee\n|move|p1a: Greninja|Surf|p2a: Indeedee\n|-damage|p2a: Indeedee|25\/100\n|\n|upkeep\n|turn|7\n|\n|t:|1700504193\n|switch|p2a: Samurott|Samurott-Hisui, M|100\/100\n|move|p1a: Greninja|Surf|p2a: Samurott\n|-resisted|p2a: Samurott\n|-damage|p2a: Samurott|55\/100\n|\n|upkeep\n|turn|8\n|\n|t:|1700504199\n|move|p2a: Samurott|Sacred Sword|p1a: Greninja\n|-supereffective|p1a: Greninja\n|-damage|p1a: Greninja|0 fnt\n|faint|p1a: Greninja\n|\n|upkeep\n|\n|t:|1700504209\n|switch|p1a: Rillaboom|Rillaboom, F|100\/100\n|-fieldstart|move: Grassy Terrain|[from] ability: Grassy Surge|[of] p1a: Rillaboom\n|turn|9\n|\n|t:|1700504214\n|switch|p2a: Indeedee|Indeedee-F, F|25\/100\n|-fieldstart|move: Psychic Terrain|[from] ability: Psychic Surge|[of] p2a: Indeedee\n|move|p1a: Rillaboom|Grassy Glide|p2a: Indeedee\n|-damage|p2a: Indeedee|0 fnt\n|faint|p2a: Indeedee\n|\n|upkeep\n|\n|t:|1700504222\n|switch|p2a: Polteageist|Polteageist-Antique|100\/100\n|turn|10\n|\n|t:|1700504225\n|move|p1a: Rillaboom|Knock Off|p2a: Polteageist\n|-supereffective|p2a: Polteageist\n|-damage|p2a: Polteageist|0 fnt\n|-enditem|p2a: Polteageist|Twisted Spoon|[from] move: Knock Off|[of] p1a: Rillaboom\n|faint|p2a: Polteageist\n|\n|upkeep\n|\n|t:|1700504230\n|switch|p2a: Hawlucha|Hawlucha, F|100\/100\n|-enditem|p2a: Hawlucha|Psychic Seed\n|-boost|p2a: Hawlucha|spd|1|[from] item: Psychic Seed\n|turn|11\n|\n|t:|1700504235\n|move|p2a: Hawlucha|Swords Dance|p2a: Hawlucha\n|-boost|p2a: Hawlucha|atk|2\n|move|p1a: Rillaboom|Acrobatics|p2a: Hawlucha\n|-supereffective|p2a: Hawlucha\n|-damage|p2a: Hawlucha|3\/100\n|\n|upkeep\n|turn|12\n|\n|t:|1700504243\n|switch|p1a: Iron Moth|Iron Moth|100\/100\n|-enditem|p1a: Iron Moth|Booster Energy\n|-activate|p1a: Iron Moth|ability: Quark Drive|[fromitem]\n|-start|p1a: Iron Moth|quarkdrivespa\n|move|p2a: Hawlucha|Dual Wingbeat|p1a: Iron Moth|[miss]\n|-miss|p2a: Hawlucha|p1a: Iron Moth\n|\n|upkeep\n|turn|13\n|\n|t:|1700504255\n|move|p2a: Hawlucha|Rock Slide|p1a: Iron Moth\n|-supereffective|p1a: Iron Moth\n|-damage|p1a: Iron Moth|0 fnt\n|faint|p1a: Iron Moth\n|-end|p1a: Iron Moth|Quark Drive|[silent]\n|\n|upkeep\n|\n|t:|1700504260\n|switch|p1a: Rillaboom|Rillaboom, F|100\/100\n|-fieldstart|move: Grassy Terrain|[from] ability: Grassy Surge|[of] p1a: Rillaboom\n|turn|14\n|\n|t:|1700504265\n|move|p1a: Rillaboom|Fake Out|p2a: Hawlucha\n|-damage|p2a: Hawlucha|0 fnt\n|faint|p2a: Hawlucha\n|\n|upkeep\n|\n|t:|1700504275\n|switch|p2a: Heatran|Heatran, F|96\/100\n|turn|15\n|\n|t:|1700504289\n|move|p1a: Rillaboom|Acrobatics|p2a: Heatran\n|-resisted|p2a: Heatran\n|-damage|p2a: Heatran|80\/100\n|move|p2a: Heatran|Will-O-Wisp|p1a: Rillaboom|[miss]\n|-miss|p2a: Heatran|p1a: Rillaboom\n|\n|-heal|p2a: Heatran|86\/100|[from] Grassy Terrain\n|upkeep\n|turn|16\n|\n|t:|1700504297\n|move|p1a: Rillaboom|Acrobatics|p2a: Heatran\n|-resisted|p2a: Heatran\n|-damage|p2a: Heatran|70\/100\n|move|p2a: Heatran|Will-O-Wisp|p1a: Rillaboom\n|-status|p1a: Rillaboom|brn\n|\n|-heal|p2a: Heatran|76\/100|[from] Grassy Terrain\n|-damage|p1a: Rillaboom|94\/100 brn|[from] brn\n|upkeep\n|turn|17\n|\n|t:|1700504305\n|move|p1a: Rillaboom|Knock Off|p2a: Heatran\n|-damage|p2a: Heatran|66\/100\n|move|p2a: Heatran|Magma Storm|p1a: Rillaboom\n|-supereffective|p1a: Rillaboom\n|-damage|p1a: Rillaboom|0 fnt\n|faint|p1a: Rillaboom\n|\n|-heal|p2a: Heatran|72\/100|[from] Grassy Terrain\n|upkeep\n|\n|t:|1700504313\n|switch|p1a: Iron Valiant|Iron Valiant|100\/100\n|turn|18\n|\n|t:|1700504318\n|-terastallize|p2a: Heatran|Grass\n|move|p1a: Iron Valiant|Close Combat|p2a: Heatran\n|-damage|p2a: Heatran|3\/100\n|-unboost|p1a: Iron Valiant|def|1\n|-unboost|p1a: Iron Valiant|spd|1\n|-damage|p1a: Iron Valiant|91\/100|[from] item: Life Orb\n|move|p2a: Heatran|Magma Storm|p1a: Iron Valiant\n|-damage|p1a: Iron Valiant|0 fnt\n|faint|p1a: Iron Valiant\n|-end|p1a: Iron Valiant|Quark Drive|[silent]\n|\n|-heal|p2a: Heatran|9\/100|[from] Grassy Terrain\n|-fieldend|move: Grassy Terrain\n|upkeep\n|\n|t:|1700504331\n|switch|p1a: Dragonite|Dragonite, M|100\/100\n|turn|19\n|\n|t:|1700504334\n|move|p1a: Dragonite|Extreme Speed|p2a: Heatran\n|-damage|p2a: Heatran|0 fnt\n|faint|p2a: Heatran\n|\n|upkeep\n|\n|t:|1700504341\n|switch|p2a: Slowking|Slowking-Galar, F|100\/100\n|turn|20\n|\n|t:|1700504344\n|move|p1a: Dragonite|Dragon Dance|p1a: Dragonite\n|-boost|p1a: Dragonite|atk|1\n|-boost|p1a: Dragonite|spe|1\n|move|p2a: Slowking|Future Sight|p1a: Dragonite\n|-start|p2a: Slowking|move: Future Sight\n|\n|upkeep\n|turn|21\n|\n|t:|1700504348\n|move|p1a: Dragonite|Dragon Dance|p1a: Dragonite\n|-boost|p1a: Dragonite|atk|1\n|-boost|p1a: Dragonite|spe|1\n|move|p2a: Slowking|Surf|p1a: Dragonite\n|-resisted|p1a: Dragonite\n|-damage|p1a: Dragonite|94\/100\n|\n|upkeep\n|turn|22\n|\n|t:|1700504358\n|switch|p2a: Samurott|Samurott-Hisui, M|55\/100\n|move|p1a: Dragonite|Roost|p1a: Dragonite\n|-heal|p1a: Dragonite|100\/100\n|-singleturn|p1a: Dragonite|move: Roost\n|\n|-end|p1a: Dragonite|move: Future Sight\n|-damage|p1a: Dragonite|77\/100\n|upkeep\n|turn|23\n|\n|t:|1700504369\n|-terastallize|p1a: Dragonite|Normal\n|move|p1a: Dragonite|Extreme Speed|p2a: Samurott\n|-damage|p2a: Samurott|0 fnt\n|faint|p2a: Samurott\n|\n|upkeep\n|\n|t:|1700504373\n|switch|p2a: Slowking|Slowking-Galar, F|100\/100\n|turn|24\n|\n|t:|1700504376\n|move|p1a: Dragonite|Extreme Speed|p2a: Slowking\n|-damage|p2a: Slowking|1\/100\n|move|p2a: Slowking|Surf|p1a: Dragonite\n|-damage|p1a: Dragonite|55\/100\n|\n|upkeep\n|turn|25\n|-message|BlueKxllaShowdown! forfeited.\n|\n|win|Chaitanya15\n|raw|Chaitanya15's rating: 1331 &rarr; <strong>1346<\/strong><br \/>(+15 for winning)\n|raw|BlueKxllaShowdown!'s rating: 1245 &rarr; <strong>1226<\/strong><br \/>(-19 for losing)\n|l|\u203dBlueKxllaShowdown!\n","uploadtime":1700504386,"views":9,"p1id":"chaitanya15","p2id":"bluekxllashowdown","formatid":"gen9ou","rating":1226,"private":0,"password":""}