{"id":"gen9ou-1992775566","p1":"syah7991","p2":"lysmile","format":"[Gen 9] OU","log":"|j|\u2606syah7991\n|j|\u203dlysmile\n|t:|1700234397\n|gametype|singles\n|player|p1|syah7991|brycenman|1409\n|player|p2|lysmile|erika|1543\n|teamsize|p1|6\n|teamsize|p2|6\n|gen|9\n|tier|[Gen 9] OU\n|rated|\n|rule|Sleep Clause Mod: Limit one foe put to sleep\n|rule|Species Clause: Limit one of each Pok\u00e9mon\n|rule|OHKO Clause: OHKO moves are banned\n|rule|Evasion Items Clause: Evasion items are banned\n|rule|Evasion Moves Clause: Evasion moves are banned\n|rule|Endless Battle Clause: Forcing endless battles is banned\n|rule|HP Percentage Mod: HP is shown in percentages\n|clearpoke\n|poke|p1|Slowking-Galar, M|\n|poke|p1|Electrode-Hisui|\n|poke|p1|Scizor, M|\n|poke|p1|Clodsire, F|\n|poke|p1|Greninja-*, M|\n|poke|p1|Corviknight, F|\n|poke|p2|Hatterene, F|\n|poke|p2|Enamorus-Therian, F|\n|poke|p2|Ursaluna, F|\n|poke|p2|Rillaboom, M|\n|poke|p2|Kingambit, F|\n|poke|p2|Cresselia, F|\n|teampreview\n|inactive|Battle timer is ON: inactive players will automatically lose when time's up. (requested by syah7991)\n|\n|t:|1700234442\n|start\n|switch|p1a: Slowking|Slowking-Galar, M|100\/100\n|switch|p2a: Ursaluna|Ursaluna, F|100\/100\n|turn|1\n|\n|t:|1700234448\n|switch|p1a: Corviknight|Corviknight, F|100\/100\n|-ability|p1a: Corviknight|Pressure\n|move|p2a: Ursaluna|Swords Dance|p2a: Ursaluna\n|-boost|p2a: Ursaluna|atk|2\n|\n|-status|p2a: Ursaluna|brn|[from] item: Flame Orb\n|upkeep\n|turn|2\n|\n|t:|1700234457\n|move|p1a: Corviknight|Iron Defense|p1a: Corviknight\n|-boost|p1a: Corviknight|def|2\n|move|p2a: Ursaluna|Fire Punch|p1a: Corviknight\n|-supereffective|p1a: Corviknight\n|-damage|p1a: Corviknight|51\/100\n|\n|-damage|p2a: Ursaluna|94\/100 brn|[from] brn\n|upkeep\n|turn|3\n|\n|t:|1700234468\n|switch|p2a: Enamorus|Enamorus-Therian, F|100\/100\n|move|p1a: Corviknight|Iron Defense|p1a: Corviknight\n|-boost|p1a: Corviknight|def|2\n|\n|upkeep\n|turn|4\n|\n|t:|1700234472\n|switch|p1a: Clodsire|Clodsire, F, shiny|100\/100\n|move|p2a: Enamorus|Mystical Fire|p1a: Clodsire\n|-damage|p1a: Clodsire|79\/100\n|-unboost|p1a: Clodsire|spa|1\n|\n|-heal|p1a: Clodsire|85\/100|[from] item: Leftovers\n|upkeep\n|turn|5\n|\n|t:|1700234482\n|switch|p2a: Hatterene|Hatterene, F|100\/100\n|switch|p1a: Scizor|Scizor, M, shiny|100\/100\n|\n|upkeep\n|turn|6\n|\n|t:|1700234491\n|move|p1a: Scizor|U-turn|p2a: Hatterene\n|-damage|p2a: Hatterene|37\/100\n|\n|t:|1700234496\n|switch|p1a: Slowking|Slowking-Galar, M|100\/100|[from] U-turn\n|move|p2a: Hatterene|Trick Room|p2a: Hatterene\n|-fieldstart|move: Trick Room|[of] p2a: Hatterene\n|\n|upkeep\n|turn|7\n|\n|t:|1700234508\n|move|p2a: Hatterene|Psyshock|p1a: Slowking\n|-damage|p1a: Slowking|47\/100\n|move|p1a: Slowking|Future Sight|p2a: Hatterene\n|-start|p1a: Slowking|move: Future Sight\n|\n|-heal|p1a: Slowking|53\/100|[from] item: Black Sludge\n|upkeep\n|turn|8\n|\n|t:|1700234532\n|switch|p1a: Greninja|Greninja, M, shiny|100\/100\n|move|p2a: Hatterene|Misty Explosion|p1a: Greninja\n|-supereffective|p1a: Greninja\n|-damage|p1a: Greninja|0 fnt\n|faint|p2a: Hatterene\n|faint|p1a: Greninja\n|\n|upkeep\n|\n|t:|1700234540\n|switch|p2a: Ursaluna|Ursaluna, F|94\/100 brn\n|switch|p1a: Scizor|Scizor, M, shiny|100\/100\n|turn|9\n|\n|t:|1700234556\n|switch|p1a: Clodsire|Clodsire, F, shiny|85\/100\n|move|p2a: Ursaluna|Fire Punch|p1a: Clodsire\n|-damage|p1a: Clodsire|39\/100\n|\n|-end|p2a: Ursaluna|move: Future Sight\n|-damage|p2a: Ursaluna|52\/100 brn\n|-heal|p1a: Clodsire|45\/100|[from] item: Leftovers\n|-damage|p2a: Ursaluna|46\/100 brn|[from] brn\n|upkeep\n|turn|10\n|\n|t:|1700234563\n|switch|p1a: Corviknight|Corviknight, F|51\/100\n|-ability|p1a: Corviknight|Pressure\n|move|p2a: Ursaluna|Facade|p1a: Corviknight\n|-resisted|p1a: Corviknight\n|-crit|p1a: Corviknight\n|-damage|p1a: Corviknight|0 fnt\n|faint|p1a: Corviknight\n|\n|-damage|p2a: Ursaluna|40\/100 brn|[from] brn\n|-fieldend|move: Trick Room\n|upkeep\n|\n|t:|1700234567\n|switch|p1a: Scizor|Scizor, M, shiny|100\/100\n|turn|11\n|\n|t:|1700234590\n|-terastallize|p2a: Ursaluna|Ghost\n|move|p1a: Scizor|U-turn|p2a: Ursaluna\n|-resisted|p2a: Ursaluna\n|-damage|p2a: Ursaluna|16\/100 brn\n|\n|t:|1700234595\n|switch|p1a: Clodsire|Clodsire, F, shiny|45\/100|[from] U-turn\n|move|p2a: Ursaluna|Headlong Rush|p1a: Clodsire\n|-supereffective|p1a: Clodsire\n|-damage|p1a: Clodsire|0 fnt\n|-unboost|p2a: Ursaluna|def|1\n|-unboost|p2a: Ursaluna|spd|1\n|faint|p1a: Clodsire\n|\n|-damage|p2a: Ursaluna|10\/100 brn|[from] brn\n|upkeep\n|\n|t:|1700234597\n|switch|p1a: Electrode|Electrode-Hisui|100\/100\n|turn|12\n|\n|t:|1700234600\n|switch|p2a: Cresselia|Cresselia, F|100\/100\n|move|p1a: Electrode|Volt Switch|p2a: Cresselia\n|-damage|p2a: Cresselia|89\/100\n|\n|t:|1700234602\n|switch|p1a: Scizor|Scizor, M, shiny|100\/100|[from] Volt Switch\n|\n|upkeep\n|turn|13\n|\n|t:|1700234606\n|move|p1a: Scizor|U-turn|p2a: Cresselia\n|-supereffective|p2a: Cresselia\n|-damage|p2a: Cresselia|7\/100\n|\n|t:|1700234608\n|switch|p1a: Electrode|Electrode-Hisui|100\/100|[from] U-turn\n|move|p2a: Cresselia|Trick Room|p2a: Cresselia\n|-fieldstart|move: Trick Room|[of] p2a: Cresselia\n|\n|upkeep\n|turn|14\n|\n|t:|1700234615\n|move|p2a: Cresselia|Lunar Dance|p2a: Cresselia\n|faint|p2a: Cresselia\n|move|p1a: Electrode|Thunderbolt|p2: Cresselia|[notarget]\n|-fail|p1a: Electrode\n|\n|upkeep\n|\n|t:|1700234620\n|switch|p2a: Ursaluna|Ursaluna, F, tera:Ghost|10\/100 brn\n|-heal|p2a: Ursaluna|100\/100|[from] move: Lunar Dance\n|turn|15\n|\n|t:|1700234625\n|move|p2a: Ursaluna|Fire Punch|p1a: Electrode\n|-supereffective|p1a: Electrode\n|-damage|p1a: Electrode|0 fnt\n|-damage|p2a: Ursaluna|76\/100|[from] ability: Aftermath|[of] p1a: Electrode\n|-damage|p2a: Ursaluna|59\/100|[from] item: Rocky Helmet|[of] p1a: Electrode\n|faint|p1a: Electrode\n|\n|-status|p2a: Ursaluna|brn|[from] item: Flame Orb\n|upkeep\n|\n|t:|1700234632\n|switch|p1a: Scizor|Scizor, M, shiny|100\/100\n|turn|16\n|\n|t:|1700234636\n|-terastallize|p1a: Scizor|Steel\n|move|p1a: Scizor|Bullet Punch|p2a: Ursaluna\n|-damage|p2a: Ursaluna|9\/100 brn\n|move|p2a: Ursaluna|Fire Punch|p1a: Scizor\n|-supereffective|p1a: Scizor\n|-damage|p1a: Scizor|5\/100\n|-status|p1a: Scizor|brn\n|\n|-damage|p2a: Ursaluna|3\/100 brn|[from] brn\n|-damage|p1a: Scizor|0 fnt|[from] brn\n|faint|p1a: Scizor\n|upkeep\n|\n|t:|1700234638\n|switch|p1a: Slowking|Slowking-Galar, M|86\/100\n|turn|17\n|-message|syah7991 forfeited.\n|\n|win|lysmile\n|raw|syah7991's rating: 1409 &rarr; <strong>1396<\/strong><br \/>(-13 for losing)\n|raw|lysmile's rating: 1543 &rarr; <strong>1556<\/strong><br \/>(+13 for winning)\n|l|\u2606syah7991\n","uploadtime":1700234645,"views":10,"p1id":"syah7991","p2id":"lysmile","formatid":"gen9ou","rating":1396,"private":0,"password":""}