{"id":"gen9ou-2000609129","p1":"LegendaryNinjaDude","p2":"stannaoto","format":"[Gen 9] OU","log":"|j|\u2606LegendaryNinjaDude\n|j|\u2606stannaoto\n|t:|1701210142\n|gametype|singles\n|player|p1|LegendaryNinjaDude|102|\n|player|p2|stannaoto|skierf|\n|teamsize|p1|6\n|teamsize|p2|6\n|gen|9\n|tier|[Gen 9] OU\n|rule|Sleep Clause Mod: Limit one foe put to sleep\n|rule|Species Clause: Limit one of each Pok\u00e9mon\n|rule|OHKO Clause: OHKO moves are banned\n|rule|Evasion Items Clause: Evasion items are banned\n|rule|Evasion Moves Clause: Evasion moves are banned\n|rule|Endless Battle Clause: Forcing endless battles is banned\n|rule|HP Percentage Mod: HP is shown in percentages\n|clearpoke\n|poke|p1|Toxapex, F|\n|poke|p1|Iron Treads|\n|poke|p1|Heatran, F|\n|poke|p1|Wo-Chien|\n|poke|p1|Torterra, M|\n|poke|p1|Ditto|\n|poke|p2|Clodsire, F|\n|poke|p2|Cloyster, M|\n|poke|p2|Arcanine, F|\n|poke|p2|Florges-Orange, F|\n|poke|p2|Dragonite, M|\n|poke|p2|Lycanroc, F|\n|teampreview\n|c|\u2606stannaoto|srry i was late\n|c|\u2606LegendaryNinjaDude|It's alright.\n|c|\u2606LegendaryNinjaDude|I don't remember how to play this team though. I've forgotten since yesterday.\n|\n|t:|1701210183\n|start\n|switch|p1a: Iron Treads|Iron Treads|100\/100\n|switch|p2a: Fool|Lycanroc, F, shiny|100\/100\n|turn|1\n|\n|t:|1701210209\n|move|p2a: Fool|Close Combat|p1a: Iron Treads\n|-supereffective|p1a: Iron Treads\n|-crit|p1a: Iron Treads\n|-damage|p1a: Iron Treads|0 fnt\n|-unboost|p2a: Fool|def|1\n|-unboost|p2a: Fool|spd|1\n|faint|p1a: Iron Treads\n|-end|p1a: Iron Treads|Quark Drive|[silent]\n|\n|upkeep\n|c|\u2606LegendaryNinjaDude|Well frick.\n|\n|t:|1701210225\n|switch|p1a: Wo-Chien|Wo-Chien|100\/100\n|-ability|p1a: Wo-Chien|Tablets of Ruin\n|turn|2\n|\n|t:|1701210232\n|move|p2a: Fool|Close Combat|p1a: Wo-Chien\n|-supereffective|p1a: Wo-Chien\n|-damage|p1a: Wo-Chien|61\/100\n|-unboost|p2a: Fool|def|1\n|-unboost|p2a: Fool|spd|1\n|move|p1a: Wo-Chien|Knock Off|p2a: Fool\n|-enditem|p2a: Fool|Focus Sash\n|-damage|p2a: Fool|1\/100\n|\n|-heal|p1a: Wo-Chien|68\/100|[from] item: Leftovers\n|upkeep\n|turn|3\n|\n|t:|1701210238\n|switch|p2a: #COOKIEJAR|Clodsire, F|100\/100\n|move|p1a: Wo-Chien|Protect||[still]\n|-fail|p1a: Wo-Chien\n|\n|-heal|p1a: Wo-Chien|74\/100|[from] item: Leftovers\n|upkeep\n|turn|4\n|\n|t:|1701210241\n|move|p1a: Wo-Chien|Leech Seed|p2a: #COOKIEJAR|[miss]\n|-miss|p1a: Wo-Chien|p2a: #COOKIEJAR\n|move|p2a: #COOKIEJAR|Toxic|p1a: Wo-Chien\n|-status|p1a: Wo-Chien|tox\n|\n|-heal|p1a: Wo-Chien|80\/100 tox|[from] item: Leftovers\n|-damage|p1a: Wo-Chien|74\/100 tox|[from] psn\n|upkeep\n|turn|5\n|\n|t:|1701210249\n|move|p1a: Wo-Chien|Leech Seed|p2a: #COOKIEJAR\n|-start|p2a: #COOKIEJAR|move: Leech Seed\n|move|p2a: #COOKIEJAR|Stealth Rock|p1a: Wo-Chien\n|-sidestart|p1: LegendaryNinjaDude|move: Stealth Rock\n|\n|-heal|p1a: Wo-Chien|80\/100 tox|[from] item: Leftovers\n|-damage|p2a: #COOKIEJAR|88\/100|[from] Leech Seed|[of] p1a: Wo-Chien\n|-heal|p1a: Wo-Chien|95\/100 tox|[silent]\n|-damage|p1a: Wo-Chien|83\/100 tox|[from] psn\n|upkeep\n|turn|6\n|\n|t:|1701210260\n|switch|p1a: Literally You|Ditto, shiny|100\/100\n|-damage|p1a: Literally You|88\/100|[from] Stealth Rock\n|-transform|p1a: Literally You|p2a: #COOKIEJAR|[from] ability: Imposter\n|switch|p2a: Milkshake|Cloyster, M|100\/100\n|\n|upkeep\n|turn|7\n|\n|t:|1701210282\n|move|p2a: Milkshake|Shell Smash|p2a: Milkshake\n|-unboost|p2a: Milkshake|def|1\n|-unboost|p2a: Milkshake|spd|1\n|-boost|p2a: Milkshake|atk|2\n|-boost|p2a: Milkshake|spa|2\n|-boost|p2a: Milkshake|spe|2\n|-enditem|p2a: Milkshake|White Herb\n|-clearnegativeboost|p2a: Milkshake|[silent]\n|move|p1a: Literally You|Stealth Rock|p2a: Milkshake\n|-sidestart|p2: stannaoto|move: Stealth Rock\n|\n|upkeep\n|turn|8\n|\n|t:|1701210291\n|switch|p1a: Heatran|Heatran, F|100\/100\n|-damage|p1a: Heatran|88\/100|[from] Stealth Rock\n|move|p2a: Milkshake|Icicle Spear|p1a: Heatran\n|-resisted|p1a: Heatran\n|-damage|p1a: Heatran|83\/100\n|-resisted|p1a: Heatran\n|-damage|p1a: Heatran|78\/100\n|-resisted|p1a: Heatran\n|-damage|p1a: Heatran|73\/100\n|-resisted|p1a: Heatran\n|-damage|p1a: Heatran|68\/100\n|-resisted|p1a: Heatran\n|-damage|p1a: Heatran|63\/100\n|-hitcount|p1a: Heatran|5\n|\n|-heal|p1a: Heatran|70\/100|[from] item: Leftovers\n|upkeep\n|turn|9\n|\n|t:|1701210301\n|move|p1a: Heatran|Protect|p1a: Heatran\n|-singleturn|p1a: Heatran|Protect\n|move|p2a: Milkshake|Drill Run|p1a: Heatran\n|-activate|p1a: Heatran|move: Protect\n|\n|-heal|p1a: Heatran|76\/100|[from] item: Leftovers\n|upkeep\n|turn|10\n|\n|t:|1701210335\n|-terastallize|p1a: Heatran|Flying\n|move|p2a: Milkshake|Rock Blast|p1a: Heatran\n|-supereffective|p1a: Heatran\n|-damage|p1a: Heatran|50\/100\n|-supereffective|p1a: Heatran\n|-damage|p1a: Heatran|22\/100\n|-supereffective|p1a: Heatran\n|-damage|p1a: Heatran|0 fnt\n|faint|p1a: Heatran\n|-hitcount|p1: Heatran|3\n|\n|upkeep\n|\n|t:|1701210342\n|switch|p1a: Literally You|Ditto, shiny|88\/100\n|-damage|p1a: Literally You|76\/100|[from] Stealth Rock\n|-transform|p1a: Literally You|p2a: Milkshake|[from] ability: Imposter\n|turn|11\n|\n|t:|1701210363\n|-terastallize|p2a: Milkshake|Ground\n|move|p1a: Literally You|Rock Blast|p2a: Milkshake|[miss]\n|-miss|p1a: Literally You|p2a: Milkshake\n|move|p2a: Milkshake|Rock Blast|p1a: Literally You\n|-supereffective|p1a: Literally You\n|-damage|p1a: Literally You|54\/100\n|-supereffective|p1a: Literally You\n|-damage|p1a: Literally You|33\/100\n|-supereffective|p1a: Literally You\n|-damage|p1a: Literally You|13\/100\n|-supereffective|p1a: Literally You\n|-damage|p1a: Literally You|0 fnt\n|faint|p1a: Literally You\n|-hitcount|p1: Literally You|4\n|\n|upkeep\n|c|\u2606LegendaryNinjaDude|It happens. Looks like game 1's already decided.\n|\n|t:|1701210389\n|switch|p1a: Toxapex|Toxapex, F|100\/100\n|-damage|p1a: Toxapex|88\/100|[from] Stealth Rock\n|turn|12\n|\n|t:|1701210396\n|move|p2a: Milkshake|Drill Run|p1a: Toxapex\n|-supereffective|p1a: Toxapex\n|-damage|p1a: Toxapex|0 fnt\n|faint|p1a: Toxapex\n|\n|upkeep\n|c|\u2606stannaoto|whee\n|\n|t:|1701210400\n|switch|p1a: Torterra|Torterra, M|100\/100\n|-damage|p1a: Torterra|94\/100|[from] Stealth Rock\n|turn|13\n|\n|t:|1701210403\n|move|p2a: Milkshake|Icicle Spear|p1a: Torterra\n|-supereffective|p1a: Torterra\n|-damage|p1a: Torterra|13\/100\n|-supereffective|p1a: Torterra\n|-damage|p1a: Torterra|0 fnt\n|faint|p1a: Torterra\n|-hitcount|p1: Torterra|2\n|\n|upkeep\n|\n|t:|1701210406\n|switch|p1a: Wo-Chien|Wo-Chien|83\/100 tox\n|-damage|p1a: Wo-Chien|71\/100 tox|[from] Stealth Rock\n|-ability|p1a: Wo-Chien|Tablets of Ruin\n|turn|14\n|\n|t:|1701210410\n|move|p2a: Milkshake|Icicle Spear|p1a: Wo-Chien\n|-supereffective|p1a: Wo-Chien\n|-damage|p1a: Wo-Chien|48\/100 tox\n|-supereffective|p1a: Wo-Chien\n|-damage|p1a: Wo-Chien|24\/100 tox\n|-supereffective|p1a: Wo-Chien\n|-damage|p1a: Wo-Chien|0 fnt\n|faint|p1a: Wo-Chien\n|-hitcount|p1: Wo-Chien|3\n|\n|win|stannaoto\n|c|\u2606LegendaryNinjaDude|Gg.\n","uploadtime":1701210417,"views":1,"p1id":"legendaryninjadude","p2id":"stannaoto","formatid":"gen9ou","rating":0,"private":0,"password":""}