{"id":"gen9ou-1999824567","p1":"pok3monjake","p2":"Maric28","format":"[Gen 9] OU","log":"|j|\u2606pok3monjake\n|j|\u2606Maric28\n|t:|1701120151\n|gametype|singles\n|player|p1|pok3monjake|unknown|1543\n|player|p2|Maric28|101|1469\n|teamsize|p1|6\n|teamsize|p2|6\n|gen|9\n|tier|[Gen 9] OU\n|rated|\n|rule|Sleep Clause Mod: Limit one foe put to sleep\n|rule|Species Clause: Limit one of each Pok\u00e9mon\n|rule|OHKO Clause: OHKO moves are banned\n|rule|Evasion Items Clause: Evasion items are banned\n|rule|Evasion Moves Clause: Evasion moves are banned\n|rule|Endless Battle Clause: Forcing endless battles is banned\n|rule|HP Percentage Mod: HP is shown in percentages\n|clearpoke\n|poke|p1|Hawlucha, M|\n|poke|p1|Dragapult, F|\n|poke|p1|Iron Moth|\n|poke|p1|Iron Treads|\n|poke|p1|Enamorus, F|\n|poke|p1|Ogerpon-Wellspring, F|\n|poke|p2|Meowscarada, F|\n|poke|p2|Skeledirge, F|\n|poke|p2|Quaquaval, M|\n|poke|p2|Zoroark-Hisui, M|\n|poke|p2|Glimmora, F|\n|poke|p2|Mew|\n|teampreview\n|inactive|Battle timer is ON: inactive players will automatically lose when time's up. (requested by Maric28)\n|inactive|pok3monjake has 120 seconds left.\n|\n|t:|1701120217\n|start\n|switch|p1a: Dragapult|Dragapult, F|100\/100\n|switch|p2a: Meowscarada|Meowscarada, F|100\/100\n|turn|1\n|\n|t:|1701120238\n|move|p1a: Dragapult|Reflect|p1a: Dragapult\n|-sidestart|p1: pok3monjake|Reflect\n|move|p2a: Meowscarada|Shadow Ball|p1a: Dragapult\n|-supereffective|p1a: Dragapult\n|-damage|p1a: Dragapult|10\/100\n|-unboost|p1a: Dragapult|spd|1\n|\n|upkeep\n|turn|2\n|\n|t:|1701120253\n|move|p1a: Dragapult|Light Screen|p1a: Dragapult\n|-sidestart|p1: pok3monjake|move: Light Screen\n|move|p2a: Meowscarada|Shadow Ball|p1a: Dragapult\n|-supereffective|p1a: Dragapult\n|-damage|p1a: Dragapult|0 fnt\n|faint|p1a: Dragapult\n|\n|upkeep\n|\n|t:|1701120258\n|switch|p1a: Iron Treads|Iron Treads|100\/100\n|-enditem|p1a: Iron Treads|Booster Energy\n|-activate|p1a: Iron Treads|ability: Quark Drive|[fromitem]\n|-start|p1a: Iron Treads|quarkdrivespe\n|turn|3\n|\n|t:|1701120266\n|move|p1a: Iron Treads|Stealth Rock|p2a: Meowscarada\n|-sidestart|p2: Maric28|move: Stealth Rock\n|move|p2a: Meowscarada|Flamethrower|p1a: Iron Treads\n|-supereffective|p1a: Iron Treads\n|-damage|p1a: Iron Treads|57\/100\n|\n|upkeep\n|turn|4\n|\n|t:|1701120279\n|move|p1a: Iron Treads|Earthquake|p2a: Meowscarada\n|-damage|p2a: Meowscarada|2\/100\n|replace|p2a: Zoroark|Zoroark-Hisui, M\n|-end|p2a: Zoroark|Illusion\n|move|p2a: Zoroark|Flamethrower|p1a: Iron Treads\n|-supereffective|p1a: Iron Treads\n|-damage|p1a: Iron Treads|11\/100\n|\n|upkeep\n|turn|5\n|\n|t:|1701120288\n|move|p1a: Iron Treads|Earthquake|p2a: Zoroark\n|-damage|p2a: Zoroark|0 fnt\n|faint|p2a: Zoroark\n|\n|upkeep\n|\n|t:|1701120292\n|switch|p2a: Mew|Mew|100\/100\n|-damage|p2a: Mew|88\/100|[from] Stealth Rock\n|turn|6\n|\n|t:|1701120303\n|-end|p1a: Iron Treads|Quark Drive|[silent]\n|switch|p1a: Ogerpon|Ogerpon-Wellspring, F|100\/100\n|move|p2a: Mew|Dragon Dance|p2a: Mew\n|-boost|p2a: Mew|atk|1\n|-boost|p2a: Mew|spe|1\n|\n|upkeep\n|turn|7\n|\n|t:|1701120308\n|move|p2a: Mew|Psychic Fangs|p1a: Ogerpon\n|-sideend|p1: pok3monjake|Reflect\n|-sideend|p1: pok3monjake|move: Light Screen\n|-damage|p1a: Ogerpon|20\/100\n|move|p1a: Ogerpon|Encore|p2a: Mew\n|-start|p2a: Mew|Encore\n|\n|upkeep\n|turn|8\n|\n|t:|1701120330\n|switch|p1a: Iron Treads|Iron Treads|11\/100\n|move|p2a: Mew|Psychic Fangs|p1a: Iron Treads\n|-resisted|p1a: Iron Treads\n|-damage|p1a: Iron Treads|0 fnt\n|faint|p1a: Iron Treads\n|-end|p1a: Iron Treads|Quark Drive|[silent]\n|\n|upkeep\n|\n|t:|1701120331\n|switch|p1a: Hawlucha|Hawlucha, M|100\/100\n|turn|9\n|\n|t:|1701120349\n|-terastallize|p1a: Hawlucha|Dark\n|move|p2a: Mew|Psychic Fangs|p1a: Hawlucha\n|-immune|p1a: Hawlucha\n|move|p1a: Hawlucha|Swords Dance|p1a: Hawlucha\n|-boost|p1a: Hawlucha|atk|2\n|\n|upkeep\n|turn|10\n|inactive|pok3monjake has 120 seconds left.\n|inactive|pok3monjake has 90 seconds left.\n|\n|t:|1701120404\n|switch|p2a: Skeledirge|Skeledirge, F|100\/100\n|-damage|p2a: Skeledirge|75\/100|[from] Stealth Rock\n|move|p1a: Hawlucha|Fling|p2a: Skeledirge\n|-supereffective|p2a: Skeledirge\n|-damage|p2a: Skeledirge|9\/100\n|-enditem|p1a: Hawlucha|Big Nugget|[from] move: Fling\n|\n|-heal|p2a: Skeledirge|15\/100|[from] item: Leftovers\n|upkeep\n|turn|11\n|\n|t:|1701120425\n|switch|p2a: Mew|Mew|88\/100\n|-damage|p2a: Mew|76\/100|[from] Stealth Rock\n|move|p1a: Hawlucha|Acrobatics|p2a: Mew\n|-damage|p2a: Mew|0 fnt\n|faint|p2a: Mew\n|\n|upkeep\n|\n|t:|1701120432\n|switch|p2a: Glimmora|Glimmora, F|100\/100\n|-damage|p2a: Glimmora|88\/100|[from] Stealth Rock\n|turn|12\n|inactive|pok3monjake has 90 seconds left.\n|\n|t:|1701120461\n|move|p1a: Hawlucha|Close Combat|p2a: Glimmora\n|-damage|p2a: Glimmora|0 fnt\n|-unboost|p1a: Hawlucha|def|1\n|-unboost|p1a: Hawlucha|spd|1\n|-activate|p2a: Glimmora|ability: Toxic Debris\n|-sidestart|p1: pok3monjake|move: Toxic Spikes\n|faint|p2a: Glimmora\n|\n|upkeep\n|\n|t:|1701120471\n|switch|p2a: Meowscarada|Meowscarada, F|100\/100\n|-damage|p2a: Meowscarada|88\/100|[from] Stealth Rock\n|turn|13\n|\n|t:|1701120476\n|move|p1a: Hawlucha|Acrobatics|p2a: Meowscarada\n|-supereffective|p2a: Meowscarada\n|-damage|p2a: Meowscarada|0 fnt\n|faint|p2a: Meowscarada\n|\n|upkeep\n|-message|Maric28 forfeited.\n|\n|win|pok3monjake\n|raw|pok3monjake's rating: 1543 &rarr; <strong>1559<\/strong><br \/>(+16 for winning)\n|raw|Maric28's rating: 1469 &rarr; <strong>1453<\/strong><br \/>(-16 for losing)\n|l|\u2606Maric28\n","uploadtime":1701120483,"views":3,"p1id":"pok3monjake","p2id":"maric28","formatid":"gen9ou","rating":1453,"private":0,"password":""}