{"id":"gen9ou-1994806269","p1":"Home is wild","p2":"1owercase","format":"[Gen 9] OU","log":"|j|\u2606Home is wild\n|j|\u26061owercase\n|t:|1700494551\n|gametype|singles\n|player|p1|Home is wild|170|1749\n|player|p2|1owercase|flannery|1666\n|teamsize|p1|6\n|teamsize|p2|6\n|gen|9\n|tier|[Gen 9] OU\n|rated|\n|rule|Sleep Clause Mod: Limit one foe put to sleep\n|rule|Species Clause: Limit one of each Pok\u00e9mon\n|rule|OHKO Clause: OHKO moves are banned\n|rule|Evasion Items Clause: Evasion items are banned\n|rule|Evasion Moves Clause: Evasion moves are banned\n|rule|Endless Battle Clause: Forcing endless battles is banned\n|rule|HP Percentage Mod: HP is shown in percentages\n|clearpoke\n|poke|p1|Cinderace, M|\n|poke|p1|Muk-Alola, F|\n|poke|p1|Dondozo, F|\n|poke|p1|Landorus-Therian, M|\n|poke|p1|Zamazenta-*|\n|poke|p1|Clefable, M|\n|poke|p2|Samurott-Hisui, M|\n|poke|p2|Gholdengo|\n|poke|p2|Ceruledge, M|\n|poke|p2|Rillaboom, M|\n|poke|p2|Zamazenta-*|\n|poke|p2|Great Tusk|\n|teampreview\n|inactive|Battle timer is ON: inactive players will automatically lose when time's up. (requested by 1owercase)\n|\n|t:|1700494564\n|start\n|switch|p1a: Clefable|Clefable, M|100\/100\n|switch|p2a: Samurott|Samurott-Hisui, M, shiny|100\/100\n|turn|1\n|inactive|Home is wild has 120 seconds left.\n|\n|t:|1700494607\n|move|p2a: Samurott|Aqua Cutter|p1a: Clefable\n|-damage|p1a: Clefable|61\/100\n|move|p1a: Clefable|Moonblast|p2a: Samurott\n|-supereffective|p2a: Samurott\n|-damage|p2a: Samurott|20\/100\n|-unboost|p2a: Samurott|spa|1\n|\n|upkeep\n|turn|2\n|\n|t:|1700494616\n|switch|p2a: Gholdengo|Gholdengo|100\/100\n|move|p1a: Clefable|Wish|p1a: Clefable\n|\n|upkeep\n|turn|3\n|\n|t:|1700494623\n|move|p1a: Clefable|Protect|p1a: Clefable\n|-singleturn|p1a: Clefable|Protect\n|move|p2a: Gholdengo|Make It Rain|p1a: Clefable\n|-activate|p1a: Clefable|move: Protect\n|\n|-heal|p1a: Clefable|100\/100|[from] move: Wish|[wisher] Clefable\n|upkeep\n|turn|4\n|j| vivemouah\n|\n|t:|1700494635\n|switch|p1a: Cinderace|Cinderace, M|100\/100\n|move|p2a: Gholdengo|Make It Rain|p1a: Cinderace\n|-resisted|p1a: Cinderace\n|-damage|p1a: Cinderace|61\/100\n|-unboost|p2a: Gholdengo|spa|1\n|\n|upkeep\n|turn|5\n|\n|t:|1700494641\n|switch|p2a: Ceruledge|Ceruledge, M|100\/100\n|move|p1a: Cinderace|U-turn|p2a: Ceruledge\n|-resisted|p2a: Ceruledge\n|-damage|p2a: Ceruledge|94\/100\n|-ability|p2a: Ceruledge|Weak Armor|boost\n|-unboost|p2a: Ceruledge|def|1\n|-boost|p2a: Ceruledge|spe|2\n|\n|t:|1700494643\n|switch|p1a: Muk|Muk-Alola, F|100\/100|[from] U-turn\n|\n|upkeep\n|turn|6\n|\n|t:|1700494672\n|switch|p2a: Great Tusk|Great Tusk|100\/100\n|-enditem|p2a: Great Tusk|Booster Energy\n|-activate|p2a: Great Tusk|ability: Protosynthesis|[fromitem]\n|-start|p2a: Great Tusk|protosynthesisspe\n|move|p1a: Muk|Poison Jab|p2a: Great Tusk\n|-resisted|p2a: Great Tusk\n|-damage|p2a: Great Tusk|92\/100\n|\n|upkeep\n|turn|7\n|\n|t:|1700494680\n|switch|p1a: Landorus|Landorus-Therian, M|100\/100\n|-ability|p1a: Landorus|Intimidate|boost\n|-unboost|p2a: Great Tusk|atk|1\n|move|p2a: Great Tusk|Bulk Up|p2a: Great Tusk\n|-boost|p2a: Great Tusk|atk|1\n|-boost|p2a: Great Tusk|def|1\n|\n|upkeep\n|turn|8\n|\n|t:|1700494684\n|move|p2a: Great Tusk|Ice Spinner|p1a: Landorus\n|-supereffective|p1a: Landorus\n|-damage|p1a: Landorus|38\/100\n|-damage|p2a: Great Tusk|75\/100|[from] item: Rocky Helmet|[of] p1a: Landorus\n|move|p1a: Landorus|Grass Knot|p2a: Great Tusk\n|-supereffective|p2a: Great Tusk\n|-damage|p2a: Great Tusk|6\/100\n|\n|upkeep\n|turn|9\n|\n|t:|1700494691\n|switch|p1a: Clefable|Clefable, M|100\/100\n|move|p2a: Great Tusk|Ice Spinner|p1a: Clefable\n|-damage|p1a: Clefable|81\/100\n|\n|-damage|p2a: Great Tusk|0 fnt|[from] item: Sticky Barb\n|faint|p2a: Great Tusk\n|-end|p2a: Great Tusk|Protosynthesis|[silent]\n|upkeep\n|\n|t:|1700494701\n|switch|p2a: Ceruledge|Ceruledge, M|94\/100\n|turn|10\n|\n|t:|1700494706\n|move|p2a: Ceruledge|Bitter Blade|p1a: Clefable\n|-damage|p1a: Clefable|44\/100\n|-heal|p2a: Ceruledge|100\/100|[from] drain|[of] p1a: Clefable\n|move|p1a: Clefable|Wish|p1a: Clefable\n|\n|upkeep\n|turn|11\n|\n|t:|1700494712\n|move|p1a: Clefable|Protect|p1a: Clefable\n|-singleturn|p1a: Clefable|Protect\n|move|p2a: Ceruledge|Swords Dance|p2a: Ceruledge\n|-boost|p2a: Ceruledge|atk|2\n|\n|-heal|p1a: Clefable|94\/100|[from] move: Wish|[wisher] Clefable\n|upkeep\n|turn|12\n|\n|t:|1700494715\n|switch|p1a: Dondozo|Dondozo, F|100\/100\n|move|p2a: Ceruledge|Bitter Blade|p1a: Dondozo\n|-resisted|p1a: Dondozo\n|-damage|p1a: Dondozo|90\/100\n|\n|-heal|p1a: Dondozo|97\/100|[from] item: Leftovers\n|upkeep\n|turn|13\n|\n|t:|1700494726\n|switch|p2a: Rillaboom|Rillaboom, M|100\/100\n|-fieldstart|move: Grassy Terrain|[from] ability: Grassy Surge|[of] p2a: Rillaboom\n|switch|p1a: Cinderace|Cinderace, M|61\/100\n|\n|-heal|p1a: Cinderace|67\/100|[from] Grassy Terrain\n|upkeep\n|turn|14\n|\n|t:|1700494731\n|-terastallize|p2a: Rillaboom|Water\n|move|p1a: Cinderace|U-turn|p2a: Rillaboom\n|-damage|p2a: Rillaboom|80\/100\n|j| mew852\n|\n|t:|1700494735\n|switch|p1a: Landorus|Landorus-Therian, M|38\/100|[from] U-turn\n|-ability|p1a: Landorus|Intimidate|boost\n|-unboost|p2a: Rillaboom|atk|1\n|move|p2a: Rillaboom|Swords Dance|p2a: Rillaboom\n|-boost|p2a: Rillaboom|atk|2\n|\n|-heal|p2a: Rillaboom|86\/100|[from] Grassy Terrain\n|upkeep\n|turn|15\n|\n|t:|1700494745\n|move|p2a: Rillaboom|Knock Off|p1a: Landorus\n|-damage|p1a: Landorus|0 fnt\n|-damage|p2a: Rillaboom|70\/100|[from] item: Rocky Helmet|[of] p1a: Landorus\n|-enditem|p1a: Landorus|Rocky Helmet|[from] move: Knock Off|[of] p2a: Rillaboom\n|faint|p1a: Landorus\n|-damage|p2a: Rillaboom|60\/100|[from] item: Life Orb\n|\n|-heal|p2a: Rillaboom|66\/100|[from] Grassy Terrain\n|upkeep\n|\n|t:|1700494750\n|switch|p1a: Dondozo|Dondozo, F|97\/100\n|turn|16\n|\n|t:|1700494754\n|-terastallize|p1a: Dondozo|Dragon\n|move|p2a: Rillaboom|Grassy Glide|p1a: Dondozo\n|-resisted|p1a: Dondozo\n|-damage|p1a: Dondozo|86\/100\n|-damage|p2a: Rillaboom|56\/100|[from] item: Life Orb\n|move|p1a: Dondozo|Curse|p1a: Dondozo\n|-unboost|p1a: Dondozo|spe|1\n|-boost|p1a: Dondozo|atk|1\n|-boost|p1a: Dondozo|def|1\n|\n|-heal|p2a: Rillaboom|62\/100|[from] Grassy Terrain\n|-heal|p1a: Dondozo|92\/100|[from] Grassy Terrain\n|-heal|p1a: Dondozo|99\/100|[from] item: Leftovers\n|upkeep\n|turn|17\n|\n|t:|1700494759\n|move|p2a: Rillaboom|Knock Off|p1a: Dondozo\n|-damage|p1a: Dondozo|85\/100\n|-enditem|p1a: Dondozo|Leftovers|[from] move: Knock Off|[of] p2a: Rillaboom\n|-damage|p2a: Rillaboom|52\/100|[from] item: Life Orb\n|move|p1a: Dondozo|Curse|p1a: Dondozo\n|-unboost|p1a: Dondozo|spe|1\n|-boost|p1a: Dondozo|atk|1\n|-boost|p1a: Dondozo|def|1\n|\n|-heal|p2a: Rillaboom|58\/100|[from] Grassy Terrain\n|-heal|p1a: Dondozo|91\/100|[from] Grassy Terrain\n|-fieldend|move: Grassy Terrain\n|upkeep\n|turn|18\n|\n|t:|1700494765\n|switch|p2a: Gholdengo|Gholdengo|100\/100\n|move|p1a: Dondozo|Liquidation|p2a: Gholdengo\n|-damage|p2a: Gholdengo|35\/100\n|\n|upkeep\n|turn|19\n|\n|t:|1700494773\n|move|p1a: Dondozo|Protect|p1a: Dondozo\n|-singleturn|p1a: Dondozo|Protect\n|move|p2a: Gholdengo|Make It Rain|p1a: Dondozo\n|-activate|p1a: Dondozo|move: Protect\n|\n|upkeep\n|turn|20\n|\n|t:|1700494776\n|switch|p1a: Muk|Muk-Alola, F|100\/100\n|move|p2a: Gholdengo|Make It Rain|p1a: Muk\n|-damage|p1a: Muk|61\/100\n|-unboost|p2a: Gholdengo|spa|1\n|\n|-heal|p1a: Muk|67\/100|[from] item: Leftovers\n|upkeep\n|turn|21\n|\n|t:|1700494787\n|switch|p2a: Samurott|Samurott-Hisui, M, shiny|20\/100\n|move|p1a: Muk|Poison Jab|p2a: Samurott\n|-damage|p2a: Samurott|0 fnt\n|faint|p2a: Samurott\n|\n|-heal|p1a: Muk|73\/100|[from] item: Leftovers\n|upkeep\n|\n|t:|1700494797\n|switch|p2a: Rillaboom|Rillaboom, M, tera:Water|58\/100\n|-fieldstart|move: Grassy Terrain|[from] ability: Grassy Surge|[of] p2a: Rillaboom\n|turn|22\n|\n|t:|1700494803\n|move|p2a: Rillaboom|Drain Punch|p1a: Muk\n|-damage|p1a: Muk|39\/100\n|-heal|p2a: Rillaboom|79\/100|[from] drain|[of] p1a: Muk\n|-damage|p2a: Rillaboom|69\/100|[from] item: Life Orb\n|move|p1a: Muk|Poison Jab|p2a: Rillaboom\n|-damage|p2a: Rillaboom|39\/100\n|\n|-heal|p2a: Rillaboom|45\/100|[from] Grassy Terrain\n|-heal|p1a: Muk|45\/100|[from] Grassy Terrain\n|-heal|p1a: Muk|51\/100|[from] item: Leftovers\n|upkeep\n|turn|23\n|\n|t:|1700494810\n|switch|p1a: Dondozo|Dondozo, F, tera:Dragon|91\/100\n|move|p2a: Rillaboom|Swords Dance|p2a: Rillaboom\n|-boost|p2a: Rillaboom|atk|2\n|\n|-heal|p2a: Rillaboom|51\/100|[from] Grassy Terrain\n|-heal|p1a: Dondozo|97\/100|[from] Grassy Terrain\n|upkeep\n|turn|24\n|\n|t:|1700494820\n|switch|p2a: Gholdengo|Gholdengo|35\/100\n|move|p1a: Dondozo|Curse|p1a: Dondozo\n|-unboost|p1a: Dondozo|spe|1\n|-boost|p1a: Dondozo|atk|1\n|-boost|p1a: Dondozo|def|1\n|\n|-heal|p2a: Gholdengo|41\/100|[from] Grassy Terrain\n|-heal|p1a: Dondozo|100\/100|[from] Grassy Terrain\n|upkeep\n|turn|25\n|\n|t:|1700494823\n|move|p1a: Dondozo|Protect|p1a: Dondozo\n|-singleturn|p1a: Dondozo|Protect\n|move|p2a: Gholdengo|Trick|p1a: Dondozo\n|-activate|p1a: Dondozo|move: Protect\n|\n|-heal|p2a: Gholdengo|47\/100|[from] Grassy Terrain\n|upkeep\n|turn|26\n|\n|t:|1700494830\n|switch|p1a: Cinderace|Cinderace, M|67\/100\n|move|p2a: Gholdengo|Trick|p1a: Cinderace\n|-activate|p2a: Gholdengo|move: Trick|[of] p1a: Cinderace\n|-item|p1a: Cinderace|Choice Scarf|[from] move: Trick\n|-item|p2a: Gholdengo|Heavy-Duty Boots|[from] move: Trick\n|\n|-heal|p1a: Cinderace|74\/100|[from] Grassy Terrain\n|-heal|p2a: Gholdengo|54\/100|[from] Grassy Terrain\n|-fieldend|move: Grassy Terrain\n|upkeep\n|turn|27\n|\n|t:|1700494840\n|switch|p2a: Ceruledge|Ceruledge, M|100\/100\n|move|p1a: Cinderace|U-turn|p2a: Ceruledge\n|-resisted|p2a: Ceruledge\n|-damage|p2a: Ceruledge|94\/100\n|-ability|p2a: Ceruledge|Weak Armor|boost\n|-unboost|p2a: Ceruledge|def|1\n|-boost|p2a: Ceruledge|spe|2\n|\n|t:|1700494844\n|switch|p1a: Muk|Muk-Alola, F|51\/100|[from] U-turn\n|\n|-heal|p1a: Muk|58\/100|[from] item: Leftovers\n|upkeep\n|turn|28\n|\n|t:|1700494850\n|move|p2a: Ceruledge|Bitter Blade|p1a: Muk\n|-damage|p1a: Muk|9\/100\n|-heal|p2a: Ceruledge|100\/100|[from] drain|[of] p1a: Muk\n|move|p1a: Muk|Knock Off|p2a: Ceruledge\n|-supereffective|p2a: Ceruledge\n|-enditem|p2a: Ceruledge|Focus Sash\n|-damage|p2a: Ceruledge|1\/100\n|-ability|p2a: Ceruledge|Weak Armor|boost\n|-unboost|p2a: Ceruledge|def|1\n|-boost|p2a: Ceruledge|spe|2\n|-status|p2a: Ceruledge|psn|[from] ability: Poison Touch|[of] p1a: Muk\n|\n|-heal|p1a: Muk|15\/100|[from] item: Leftovers\n|-damage|p2a: Ceruledge|0 fnt|[from] psn\n|faint|p2a: Ceruledge\n|upkeep\n|\n|t:|1700494858\n|switch|p2a: Zamazenta|Zamazenta|100\/100\n|-ability|p2a: Zamazenta|Dauntless Shield|boost\n|-boost|p2a: Zamazenta|def|1\n|turn|29\n|\n|t:|1700494862\n|switch|p1a: Clefable|Clefable, M|94\/100\n|move|p2a: Zamazenta|Body Press|p1a: Clefable\n|-resisted|p1a: Clefable\n|-damage|p1a: Clefable|74\/100\n|\n|upkeep\n|turn|30\n|\n|t:|1700494865\n|move|p2a: Zamazenta|Heavy Slam|p1a: Clefable\n|-supereffective|p1a: Clefable\n|-damage|p1a: Clefable|13\/100\n|move|p1a: Clefable|Moonblast|p2a: Zamazenta\n|-supereffective|p2a: Zamazenta\n|-damage|p2a: Zamazenta|46\/100\n|\n|-heal|p2a: Zamazenta|52\/100|[from] item: Leftovers\n|upkeep\n|turn|31\n|\n|t:|1700494869\n|move|p2a: Zamazenta|Body Press|p1a: Clefable\n|-resisted|p1a: Clefable\n|-damage|p1a: Clefable|0 fnt\n|faint|p1a: Clefable\n|\n|-heal|p2a: Zamazenta|59\/100|[from] item: Leftovers\n|upkeep\n|\n|t:|1700494871\n|switch|p1a: Dondozo|Dondozo, F, tera:Dragon|100\/100\n|turn|32\n|l| vivemouah\n|\n|t:|1700494880\n|switch|p2a: Gholdengo|Gholdengo|54\/100\n|move|p1a: Dondozo|Curse|p1a: Dondozo\n|-unboost|p1a: Dondozo|spe|1\n|-boost|p1a: Dondozo|atk|1\n|-boost|p1a: Dondozo|def|1\n|\n|upkeep\n|turn|33\n|l| mew852\n|\n|t:|1700494885\n|move|p1a: Dondozo|Protect|p1a: Dondozo\n|-singleturn|p1a: Dondozo|Protect\n|move|p2a: Gholdengo|Shadow Ball|p1a: Dondozo\n|-activate|p1a: Dondozo|move: Protect\n|\n|upkeep\n|turn|34\n|\n|t:|1700494890\n|switch|p1a: Muk|Muk-Alola, F|15\/100\n|move|p2a: Gholdengo|Shadow Ball|p1a: Muk\n|-resisted|p1a: Muk\n|-crit|p1a: Muk\n|-damage|p1a: Muk|0 fnt\n|faint|p1a: Muk\n|\n|upkeep\n|\n|t:|1700494891\n|switch|p1a: Cinderace|Cinderace, M|74\/100\n|turn|35\n|j| vivemouah\n|\n|t:|1700494899\n|switch|p2a: Rillaboom|Rillaboom, M, tera:Water|51\/100\n|-fieldstart|move: Grassy Terrain|[from] ability: Grassy Surge|[of] p2a: Rillaboom\n|move|p1a: Cinderace|Pyro Ball|p2a: Rillaboom\n|-resisted|p2a: Rillaboom\n|-damage|p2a: Rillaboom|22\/100\n|\n|-heal|p1a: Cinderace|80\/100|[from] Grassy Terrain\n|-heal|p2a: Rillaboom|29\/100|[from] Grassy Terrain\n|upkeep\n|turn|36\n|\n|t:|1700494909\n|move|p1a: Cinderace|Pyro Ball|p2a: Rillaboom\n|-resisted|p2a: Rillaboom\n|-damage|p2a: Rillaboom|3\/100\n|move|p2a: Rillaboom|Drain Punch|p1a: Cinderace\n|-damage|p1a: Cinderace|38\/100\n|-heal|p2a: Rillaboom|25\/100|[from] drain|[of] p1a: Cinderace\n|-damage|p2a: Rillaboom|15\/100|[from] item: Life Orb\n|\n|-heal|p1a: Cinderace|44\/100|[from] Grassy Terrain\n|-heal|p2a: Rillaboom|22\/100|[from] Grassy Terrain\n|upkeep\n|turn|37\n|j| mew852\n|\n|t:|1700494929\n|move|p1a: Cinderace|Pyro Ball|p2a: Rillaboom\n|-resisted|p2a: Rillaboom\n|-damage|p2a: Rillaboom|0 fnt\n|faint|p2a: Rillaboom\n|\n|-heal|p1a: Cinderace|50\/100|[from] Grassy Terrain\n|upkeep\n|\n|t:|1700494931\n|switch|p2a: Zamazenta|Zamazenta|59\/100\n|turn|38\n|\n|t:|1700494935\n|move|p1a: Cinderace|Pyro Ball|p2a: Zamazenta|[miss]\n|-miss|p1a: Cinderace|p2a: Zamazenta\n|move|p2a: Zamazenta|Iron Defense|p2a: Zamazenta\n|-boost|p2a: Zamazenta|def|2\n|\n|-heal|p1a: Cinderace|57\/100|[from] Grassy Terrain\n|-heal|p2a: Zamazenta|65\/100|[from] Grassy Terrain\n|-heal|p2a: Zamazenta|71\/100|[from] item: Leftovers\n|upkeep\n|turn|39\n|\n|t:|1700494938\n|move|p1a: Cinderace|Pyro Ball|p2a: Zamazenta\n|-crit|p2a: Zamazenta\n|-damage|p2a: Zamazenta|9\/100\n|move|p2a: Zamazenta|Body Press|p1a: Cinderace\n|-damage|p1a: Cinderace|0 fnt\n|faint|p1a: Cinderace\n|\n|-heal|p2a: Zamazenta|15\/100|[from] Grassy Terrain\n|-heal|p2a: Zamazenta|21\/100|[from] item: Leftovers\n|-fieldend|move: Grassy Terrain\n|upkeep\n|\n|t:|1700494940\n|switch|p1a: Dondozo|Dondozo, F, tera:Dragon|100\/100\n|turn|40\n|\n|t:|1700494945\n|move|p2a: Zamazenta|Body Press|p1a: Dondozo\n|-damage|p1a: Dondozo|86\/100\n|move|p1a: Dondozo|Liquidation|p2a: Zamazenta\n|-damage|p2a: Zamazenta|0 fnt\n|faint|p2a: Zamazenta\n|\n|upkeep\n|-message|1owercase forfeited.\n|\n|win|Home is wild\n|raw|Home is wild's rating: 1749 &rarr; <strong>1764<\/strong><br \/>(+15 for winning)\n|raw|1owercase's rating: 1666 &rarr; <strong>1651<\/strong><br \/>(-15 for losing)\n|l|\u26061owercase\n|l|\u2606Home is wild\n","uploadtime":1700494966,"views":4,"p1id":"homeiswild","p2id":"1owercase","formatid":"gen9ou","rating":1651,"private":0,"password":""}