{"id":"gen9ou-1992383513","p1":"Rookie the Wolf","p2":"Anriot","format":"[Gen 9] OU","log":"|j|\u2606Rookie the Wolf\n|j|\u2606Anriot\n|t:|1700181261\n|gametype|singles\n|player|p1|Rookie the Wolf|benga|\n|player|p2|Anriot|riley|\n|teamsize|p1|6\n|teamsize|p2|6\n|gen|9\n|tier|[Gen 9] OU\n|rule|Sleep Clause Mod: Limit one foe put to sleep\n|rule|Species Clause: Limit one of each Pok\u00e9mon\n|rule|OHKO Clause: OHKO moves are banned\n|rule|Evasion Items Clause: Evasion items are banned\n|rule|Evasion Moves Clause: Evasion moves are banned\n|rule|Endless Battle Clause: Forcing endless battles is banned\n|rule|HP Percentage Mod: HP is shown in percentages\n|clearpoke\n|poke|p1|Zapdos|\n|poke|p1|Pelipper, M|\n|poke|p1|Krookodile, F|\n|poke|p1|Fezandipiti, M|\n|poke|p1|Toedscruel, M|\n|poke|p1|Tinkaton, F|\n|poke|p2|Empoleon, F|\n|poke|p2|Amoonguss, M|\n|poke|p2|Mamoswine, M|\n|poke|p2|Heatran, F|\n|poke|p2|Floatzel, M|\n|poke|p2|Ogerpon, F|\n|teampreview\n|j| LupinoFTW\n|\n|t:|1700181284\n|start\n|switch|p1a: El Abuelo|Toedscruel, M|100\/100\n|switch|p2a: Empoleon|Empoleon, F|100\/100\n|turn|1\n|\n|t:|1700181296\n|move|p2a: Empoleon|Ice Beam|p1a: El Abuelo\n|-supereffective|p1a: El Abuelo\n|-damage|p1a: El Abuelo|11\/100\n|move|p1a: El Abuelo|Spikes|p2a: Empoleon\n|-sidestart|p2: Anriot|Spikes\n|\n|-heal|p1a: El Abuelo|18\/100|[from] item: Leftovers\n|upkeep\n|turn|2\n|\n|t:|1700181314\n|move|p1a: El Abuelo|Earth Power|p2a: Empoleon\n|-supereffective|p2a: Empoleon\n|-damage|p2a: Empoleon|49\/100\n|-enditem|p2a: Empoleon|Weakness Policy\n|-boost|p2a: Empoleon|atk|2|[from] item: Weakness Policy\n|-boost|p2a: Empoleon|spa|2|[from] item: Weakness Policy\n|move|p2a: Empoleon|Agility|p2a: Empoleon\n|-boost|p2a: Empoleon|spe|2\n|\n|-heal|p1a: El Abuelo|24\/100|[from] item: Leftovers\n|upkeep\n|turn|3\n|c| LupinoFTW|OU NOUS\n|\n|t:|1700181349\n|move|p2a: Empoleon|Ice Beam|p1a: El Abuelo\n|-supereffective|p1a: El Abuelo\n|-damage|p1a: El Abuelo|0 fnt\n|faint|p1a: El Abuelo\n|\n|upkeep\n|\n|t:|1700181358\n|switch|p1a: Edelgard|Tinkaton, F, shiny|100\/100\n|-ability|p1a: Edelgard|Mold Breaker\n|turn|4\n|j| LuichoX\n|c| LuichoX|LIL BRO\n|c| LuichoX|ITS HAPPENING\n|c| LupinoFTW|EMPLEMON MEJORES JUGADAS\n|\n|t:|1700181405\n|move|p2a: Empoleon|Surf|p1a: Edelgard\n|-damage|p1a: Edelgard|50\/100\n|move|p1a: Edelgard|Thunder Wave|p2a: Empoleon|[miss]\n|-miss|p1a: Edelgard|p2a: Empoleon\n|\n|-heal|p1a: Edelgard|56\/100|[from] item: Leftovers\n|upkeep\n|turn|5\n|c| LupinoFTW|10% MIS BOLAS\n|\n|t:|1700181415\n|move|p2a: Empoleon|Surf|p1a: Edelgard\n|-damage|p1a: Edelgard|1\/100\n|move|p1a: Edelgard|Knock Off|p2a: Empoleon\n|-damage|p2a: Empoleon|38\/100\n|\n|-heal|p1a: Edelgard|7\/100|[from] item: Leftovers\n|upkeep\n|turn|6\n|\n|t:|1700181426\n|move|p2a: Empoleon|Surf|p1a: Edelgard\n|-damage|p1a: Edelgard|0 fnt\n|faint|p1a: Edelgard\n|\n|upkeep\n|\n|t:|1700181439\n|switch|p1a: Unfezandipiti|Fezandipiti, M|100\/100\n|turn|7\n|\n|t:|1700181444\n|move|p2a: Empoleon|Roost|p2a: Empoleon\n|-heal|p2a: Empoleon|88\/100\n|-singleturn|p2a: Empoleon|move: Roost\n|move|p1a: Unfezandipiti|Calm Mind|p1a: Unfezandipiti\n|-boost|p1a: Unfezandipiti|spa|1\n|-boost|p1a: Unfezandipiti|spd|1\n|\n|upkeep\n|turn|8\n|\n|t:|1700181451\n|move|p2a: Empoleon|Surf|p1a: Unfezandipiti\n|-damage|p1a: Unfezandipiti|62\/100\n|move|p1a: Unfezandipiti|Calm Mind|p1a: Unfezandipiti\n|-boost|p1a: Unfezandipiti|spa|1\n|-boost|p1a: Unfezandipiti|spd|1\n|\n|upkeep\n|turn|9\n|c| LupinoFTW|AY CHAMOOOO\n|\n|t:|1700181461\n|move|p2a: Empoleon|Surf|p1a: Unfezandipiti\n|-damage|p1a: Unfezandipiti|34\/100\n|move|p1a: Unfezandipiti|Heat Wave|p2a: Empoleon\n|-crit|p2a: Empoleon\n|-damage|p2a: Empoleon|49\/100\n|\n|upkeep\n|turn|10\n|\n|t:|1700181469\n|move|p2a: Empoleon|Roost|p2a: Empoleon\n|-heal|p2a: Empoleon|99\/100\n|-singleturn|p2a: Empoleon|move: Roost\n|move|p1a: Unfezandipiti|Roost|p1a: Unfezandipiti\n|-heal|p1a: Unfezandipiti|84\/100\n|-singleturn|p1a: Unfezandipiti|move: Roost\n|\n|upkeep\n|turn|11\n|c| LupinoFTW|SLENDERMAN VS JEFF THE KILLER BATALLAS DE RAP\n|c| LuichoX|ESO FUE UN CRIT SJHDJSH\n|\n|t:|1700181475\n|move|p2a: Empoleon|Ice Beam|p1a: Unfezandipiti\n|-damage|p1a: Unfezandipiti|66\/100\n|move|p1a: Unfezandipiti|Calm Mind|p1a: Unfezandipiti\n|-boost|p1a: Unfezandipiti|spa|1\n|-boost|p1a: Unfezandipiti|spd|1\n|\n|upkeep\n|turn|12\n|\n|t:|1700181486\n|move|p2a: Empoleon|Ice Beam|p1a: Unfezandipiti\n|-damage|p1a: Unfezandipiti|52\/100\n|move|p1a: Unfezandipiti|Calm Mind|p1a: Unfezandipiti\n|-boost|p1a: Unfezandipiti|spa|1\n|-boost|p1a: Unfezandipiti|spd|1\n|\n|upkeep\n|turn|13\n|\n|t:|1700181493\n|move|p2a: Empoleon|Ice Beam|p1a: Unfezandipiti\n|-damage|p1a: Unfezandipiti|40\/100\n|move|p1a: Unfezandipiti|Roost|p1a: Unfezandipiti\n|-heal|p1a: Unfezandipiti|90\/100\n|-singleturn|p1a: Unfezandipiti|move: Roost\n|\n|upkeep\n|turn|14\n|c| LuichoX|ahi viene el freeze team\n|\n|t:|1700181500\n|move|p2a: Empoleon|Ice Beam|p1a: Unfezandipiti\n|-damage|p1a: Unfezandipiti|78\/100\n|move|p1a: Unfezandipiti|Heat Wave|p2a: Empoleon\n|-crit|p2a: Empoleon\n|-damage|p2a: Empoleon|37\/100\n|-status|p2a: Empoleon|brn\n|\n|-damage|p2a: Empoleon|31\/100 brn|[from] brn\n|upkeep\n|turn|15\n|c| LuichoX|bruh\n|c| LupinoFTW|SOFRI MAIS QUE CRISTO\n|\n|t:|1700181527\n|move|p2a: Empoleon|Ice Beam|p1a: Unfezandipiti\n|-crit|p1a: Unfezandipiti\n|-damage|p1a: Unfezandipiti|22\/100\n|move|p1a: Unfezandipiti|Moonblast|p2a: Empoleon\n|-resisted|p2a: Empoleon\n|-damage|p2a: Empoleon|4\/100 brn\n|\n|-damage|p2a: Empoleon|0 fnt|[from] brn\n|faint|p2a: Empoleon\n|upkeep\n|c| LupinoFTW|AY CHAMOOO\n|\n|t:|1700181535\n|switch|p2a: Cheatran|Heatran, F|100\/100\n|-item|p2a: Cheatran|Air Balloon\n|turn|16\n|\n|t:|1700181545\n|move|p1a: Unfezandipiti|Calm Mind|p1a: Unfezandipiti\n|-boost|p1a: Unfezandipiti|spa|1\n|-boost|p1a: Unfezandipiti|spd|1\n|move|p2a: Cheatran|Magma Storm|p1a: Unfezandipiti\n|-crit|p1a: Unfezandipiti\n|-damage|p1a: Unfezandipiti|0 fnt\n|faint|p1a: Unfezandipiti\n|\n|upkeep\n|\n|t:|1700181555\n|switch|p1a: Chongus|Pelipper, M|100\/100\n|-weather|RainDance|[from] ability: Drizzle|[of] p1a: Chongus\n|turn|17\n|\n|t:|1700181565\n|switch|p2a: esta lloviendo xd|Floatzel, M|100\/100\n|-damage|p2a: esta lloviendo xd|88\/100|[from] Spikes\n|move|p1a: Chongus|Hurricane|p2a: esta lloviendo xd\n|-damage|p2a: esta lloviendo xd|19\/100\n|\n|-weather|RainDance|[upkeep]\n|upkeep\n|turn|18\n|\n|t:|1700181578\n|move|p2a: esta lloviendo xd|Ice Spinner|p1a: Chongus\n|-damage|p1a: Chongus|83\/100\n|move|p1a: Chongus|Hurricane|p2a: esta lloviendo xd\n|-damage|p2a: esta lloviendo xd|0 fnt\n|faint|p2a: esta lloviendo xd\n|\n|-weather|RainDance|[upkeep]\n|upkeep\n|\n|t:|1700181582\n|switch|p2a: c mamut :v|Mamoswine, M|100\/100\n|-damage|p2a: c mamut :v|88\/100|[from] Spikes\n|turn|19\n|\n|t:|1700181594\n|move|p2a: c mamut :v|Icicle Crash|p1a: Chongus\n|-damage|p1a: Chongus|48\/100\n|move|p1a: Chongus|Surf|p2a: c mamut :v\n|-supereffective|p2a: c mamut :v\n|-crit|p2a: c mamut :v\n|-damage|p2a: c mamut :v|0 fnt\n|faint|p2a: c mamut :v\n|\n|-weather|RainDance|[upkeep]\n|upkeep\n|\n|t:|1700181626\n|switch|p2a: Mario Sunshine|Ogerpon, F|100\/100\n|-damage|p2a: Mario Sunshine|88\/100|[from] Spikes\n|turn|20\n|\n|t:|1700181633\n|-terastallize|p2a: Mario Sunshine|Grass\n|detailschange|p2a: Mario Sunshine|Ogerpon-Teal-Tera, F, tera:Grass\n|-ability|p2a: Mario Sunshine|Embody Aspect (Teal)|boost\n|-boost|p2a: Mario Sunshine|spe|1\n|move|p2a: Mario Sunshine|Ivy Cudgel|p1a: Chongus\n|-damage|p1a: Chongus|0 fnt\n|faint|p1a: Chongus\n|\n|-weather|RainDance|[upkeep]\n|upkeep\n|\n|t:|1700181660\n|switch|p1a: Bloody Sunday|Zapdos|100\/100\n|turn|21\n|\n|t:|1700181667\n|switch|p2a: Cheatran|Heatran, F|100\/100\n|-item|p2a: Cheatran|Air Balloon\n|move|p1a: Bloody Sunday|Hurricane|p2a: Cheatran\n|-resisted|p2a: Cheatran\n|-damage|p2a: Cheatran|84\/100\n|-start|p2a: Cheatran|confusion\n|-enditem|p2a: Cheatran|Air Balloon\n|\n|-weather|none\n|upkeep\n|turn|22\n|\n|t:|1700181681\n|move|p1a: Bloody Sunday|Thunderbolt|p2a: Cheatran\n|-damage|p2a: Cheatran|56\/100\n|-status|p2a: Cheatran|par\n|-activate|p2a: Cheatran|confusion\n|cant|p2a: Cheatran|par\n|\n|upkeep\n|turn|23\n|\n|t:|1700181691\n|move|p1a: Bloody Sunday|Thunderbolt|p2a: Cheatran\n|-damage|p2a: Cheatran|27\/100 par\n|-end|p2a: Cheatran|confusion\n|cant|p2a: Cheatran|par\n|\n|upkeep\n|turn|24\n|\n|t:|1700181699\n|move|p1a: Bloody Sunday|Thunderbolt|p2a: Cheatran\n|-damage|p2a: Cheatran|0 fnt\n|faint|p2a: Cheatran\n|\n|upkeep\n|\n|t:|1700181702\n|switch|p2a: Sure Grandma|Amoonguss, M|100\/100\n|-damage|p2a: Sure Grandma|88\/100|[from] Spikes\n|turn|25\n|c| LupinoFTW|Sofri mais que cristo\n|\n|t:|1700181708\n|move|p1a: Bloody Sunday|Hurricane|p2a: Sure Grandma|[miss]\n|-miss|p1a: Bloody Sunday|p2a: Sure Grandma\n|move|p2a: Sure Grandma|Spore|p1a: Bloody Sunday\n|-status|p1a: Bloody Sunday|slp|[from] move: Spore\n|\n|-heal|p2a: Sure Grandma|94\/100|[from] item: Leftovers\n|upkeep\n|turn|26\n|c| LuichoX|we're so barack\n|\n|t:|1700181719\n|cant|p1a: Bloody Sunday|slp\n|move|p2a: Sure Grandma|Sludge Bomb|p1a: Bloody Sunday\n|-damage|p1a: Bloody Sunday|66\/100 slp\n|\n|-heal|p2a: Sure Grandma|99\/100|[from] item: Leftovers\n|upkeep\n|turn|27\n|c| LuichoX|holy shit eso hizo mas de lo que me esperaba\n|c| LuichoX|amognus\n|\n|t:|1700181737\n|cant|p1a: Bloody Sunday|slp\n|move|p2a: Sure Grandma|Sludge Bomb|p1a: Bloody Sunday\n|-crit|p1a: Bloody Sunday\n|-damage|p1a: Bloody Sunday|18\/100 slp\n|\n|-heal|p2a: Sure Grandma|100\/100|[from] item: Leftovers\n|upkeep\n|turn|28\n|\n|t:|1700181745\n|-curestatus|p1a: Bloody Sunday|slp|[msg]\n|move|p1a: Bloody Sunday|Roost|p1a: Bloody Sunday\n|-heal|p1a: Bloody Sunday|68\/100\n|-singleturn|p1a: Bloody Sunday|move: Roost\n|move|p2a: Sure Grandma|Sludge Bomb|p1a: Bloody Sunday\n|-damage|p1a: Bloody Sunday|38\/100\n|\n|upkeep\n|turn|29\n|c| LupinoFTW|Un shot por cada crit\n|\n|t:|1700181756\n|move|p1a: Bloody Sunday|Hurricane|p2a: Sure Grandma\n|-supereffective|p2a: Sure Grandma\n|-damage|p2a: Sure Grandma|24\/100\n|-start|p2a: Sure Grandma|confusion\n|-activate|p2a: Sure Grandma|confusion\n|-damage|p2a: Sure Grandma|18\/100|[from] confusion\n|\n|-heal|p2a: Sure Grandma|24\/100|[from] item: Leftovers\n|upkeep\n|turn|30\n|\n|t:|1700181767\n|move|p1a: Bloody Sunday|Weather Ball|p2a: Sure Grandma\n|-crit|p2a: Sure Grandma\n|-damage|p2a: Sure Grandma|5\/100\n|-activate|p2a: Sure Grandma|confusion\n|move|p2a: Sure Grandma|Spore|p1a: Bloody Sunday\n|-status|p1a: Bloody Sunday|slp|[from] move: Spore\n|\n|-heal|p2a: Sure Grandma|11\/100|[from] item: Leftovers\n|upkeep\n|turn|31\n|\n|t:|1700181783\n|cant|p1a: Bloody Sunday|slp\n|-end|p2a: Sure Grandma|confusion\n|move|p2a: Sure Grandma|Sludge Bomb|p1a: Bloody Sunday\n|-damage|p1a: Bloody Sunday|7\/100 slp\n|\n|-heal|p2a: Sure Grandma|17\/100|[from] item: Leftovers\n|upkeep\n|turn|32\n|\n|t:|1700181792\n|-curestatus|p1a: Bloody Sunday|slp|[msg]\n|move|p1a: Bloody Sunday|Thunderbolt|p2a: Sure Grandma\n|-resisted|p2a: Sure Grandma\n|-damage|p2a: Sure Grandma|3\/100\n|move|p2a: Sure Grandma|Sludge Bomb|p1a: Bloody Sunday\n|-damage|p1a: Bloody Sunday|0 fnt\n|faint|p1a: Bloody Sunday\n|\n|-heal|p2a: Sure Grandma|9\/100|[from] item: Leftovers\n|upkeep\n|\n|t:|1700181804\n|switch|p1a: The Chorus|Krookodile, F|100\/100\n|-ability|p1a: The Chorus|Intimidate|boost\n|-unboost|p2a: Sure Grandma|atk|1\n|turn|33\n|\n|t:|1700181815\n|switch|p2a: Mario Sunshine|Ogerpon-Teal-Tera, F, tera:Grass|88\/100\n|-damage|p2a: Mario Sunshine|76\/100|[from] Spikes\n|-ability|p2a: Mario Sunshine|Embody Aspect (Teal)|boost\n|-boost|p2a: Mario Sunshine|spe|1\n|-terastallize|p1a: The Chorus|Poison\n|move|p1a: The Chorus|Knock Off|p2a: Mario Sunshine\n|-damage|p2a: Mario Sunshine|11\/100\n|-enditem|p2a: Mario Sunshine|Lum Berry|[from] move: Knock Off|[of] p1a: The Chorus\n|\n|upkeep\n|turn|34\n|-message|Anriot forfeited.\n|\n|win|Rookie the Wolf\n|l|\u2606Anriot\n|l|\u2606Rookie the Wolf\n","uploadtime":1700181872,"views":22,"p1id":"rookiethewolf","p2id":"anriot","formatid":"gen9ou","rating":0,"private":0,"password":""}