{"id":"gen9ou-1995179495","p1":"bleahey","p2":"Shokuen","format":"[Gen 9] OU","log":"|j|\u2606bleahey\n|j|\u2606Shokuen\n|inactive|Battle timer is ON: inactive players will automatically lose when time's up.\n|t:|1700531496\n|gametype|singles\n|player|p1|bleahey|brendan|\n|player|p2|Shokuen|hilbert-wonderlauncher|\n|teamsize|p1|3\n|teamsize|p2|3\n|gen|9\n|tier|[Gen 9] OU\n|rated|Tournament battle\n|rule|Sleep Clause Mod: Limit one foe put to sleep\n|rule|Species Clause: Limit one of each Pok\u00e9mon\n|rule|OHKO Clause: OHKO moves are banned\n|rule|Evasion Items Clause: Evasion items are banned\n|rule|Evasion Moves Clause: Evasion moves are banned\n|rule|Endless Battle Clause: Forcing endless battles is banned\n|rule|HP Percentage Mod: HP is shown in percentages\n|clearpoke\n|poke|p1|Amoonguss, M|\n|poke|p1|Weezing, F|\n|poke|p1|Altaria, M|\n|poke|p2|Greedent, F|\n|poke|p2|Timburr, M|\n|poke|p2|Rillaboom, M|\n|teampreview\n|j|*Lady Monita \u2746\n|inactive|bleahey also wants the timer to be on.\n|c|\u2606bleahey|glhf\n|\n|t:|1700531519\n|start\n|switch|p1a: Altaria|Altaria, M|100\/100\n|switch|p2a: Greedent|Greedent, F|100\/100\n|turn|1\n|\n|t:|1700531523\n|move|p1a: Altaria|Cotton Guard|p1a: Altaria\n|-boost|p1a: Altaria|def|3\n|move|p2a: Greedent|Body Slam|p1a: Altaria\n|-damage|p1a: Altaria|83\/100\n|\n|-heal|p1a: Altaria|89\/100|[from] item: Leftovers\n|upkeep\n|turn|2\n|\n|t:|1700531527\n|move|p1a: Altaria|Cotton Guard|p1a: Altaria\n|-boost|p1a: Altaria|def|3\n|move|p2a: Greedent|Body Slam|p1a: Altaria\n|-damage|p1a: Altaria|78\/100\n|\n|-heal|p1a: Altaria|84\/100|[from] item: Leftovers\n|upkeep\n|turn|3\n|\n|t:|1700531543\n|move|p1a: Altaria|Brave Bird|p2a: Greedent\n|-damage|p2a: Greedent|77\/100\n|-damage|p1a: Altaria|75\/100|[from] Recoil\n|move|p2a: Greedent|Body Slam|p1a: Altaria\n|-damage|p1a: Altaria|64\/100\n|\n|-heal|p1a: Altaria|70\/100|[from] item: Leftovers\n|upkeep\n|turn|4\n|\n|t:|1700531547\n|move|p1a: Altaria|Brave Bird|p2a: Greedent\n|-damage|p2a: Greedent|52\/100\n|-damage|p1a: Altaria|60\/100|[from] Recoil\n|move|p2a: Greedent|Body Slam|p1a: Altaria\n|-damage|p1a: Altaria|49\/100\n|\n|-heal|p1a: Altaria|55\/100|[from] item: Leftovers\n|upkeep\n|turn|5\n|\n|t:|1700531553\n|move|p1a: Altaria|Roost|p1a: Altaria\n|-heal|p1a: Altaria|100\/100\n|-singleturn|p1a: Altaria|move: Roost\n|move|p2a: Greedent|Body Slam|p1a: Altaria\n|-damage|p1a: Altaria|90\/100\n|-status|p1a: Altaria|par\n|\n|-heal|p1a: Altaria|96\/100 par|[from] item: Leftovers\n|upkeep\n|turn|6\n|\n|t:|1700531555\n|move|p1a: Altaria|Brave Bird|p2a: Greedent\n|-damage|p2a: Greedent|29\/100\n|-enditem|p2a: Greedent|Sitrus Berry|[eat]\n|-heal|p2a: Greedent|54\/100|[from] item: Sitrus Berry\n|-heal|p2a: Greedent|87\/100|[from] ability: Cheek Pouch\n|-damage|p1a: Altaria|87\/100 par|[from] Recoil\n|move|p2a: Greedent|Swords Dance|p2a: Greedent\n|-boost|p2a: Greedent|atk|2\n|\n|-heal|p1a: Altaria|93\/100 par|[from] item: Leftovers\n|upkeep\n|turn|7\n|\n|t:|1700531570\n|move|p1a: Altaria|Brave Bird|p2a: Greedent\n|-damage|p2a: Greedent|63\/100\n|-damage|p1a: Altaria|83\/100 par|[from] Recoil\n|move|p2a: Greedent|Swords Dance|p2a: Greedent\n|-boost|p2a: Greedent|atk|2\n|\n|-heal|p1a: Altaria|89\/100 par|[from] item: Leftovers\n|upkeep\n|turn|8\n|\n|t:|1700531575\n|move|p1a: Altaria|Brave Bird|p2a: Greedent\n|-damage|p2a: Greedent|37\/100\n|-damage|p1a: Altaria|78\/100 par|[from] Recoil\n|move|p2a: Greedent|Body Slam|p1a: Altaria\n|-damage|p1a: Altaria|48\/100 par\n|\n|-heal|p1a: Altaria|54\/100 par|[from] item: Leftovers\n|upkeep\n|turn|9\n|\n|t:|1700531587\n|move|p1a: Altaria|Brave Bird|p2a: Greedent\n|-damage|p2a: Greedent|12\/100\n|-damage|p1a: Altaria|43\/100 par|[from] Recoil\n|move|p2a: Greedent|Body Slam|p1a: Altaria\n|-damage|p1a: Altaria|14\/100 par\n|\n|-heal|p1a: Altaria|21\/100 par|[from] item: Leftovers\n|upkeep\n|turn|10\n|\n|t:|1700531599\n|-curestatus|p1a: Altaria|par|[from] ability: Natural Cure\n|switch|p1a: Amoonguss|Amoonguss, M|100\/100\n|move|p2a: Greedent|Body Slam|p1a: Amoonguss\n|-damage|p1a: Amoonguss|13\/100\n|-status|p1a: Amoonguss|par\n|-damage|p2a: Greedent|0 fnt|[from] item: Rocky Helmet|[of] p1a: Amoonguss\n|faint|p2a: Greedent\n|\n|upkeep\n|\n|t:|1700531618\n|switch|p2a: Timburr|Timburr, M|100\/100\n|turn|11\n|\n|t:|1700531620\n|move|p2a: Timburr|Ice Punch|p1a: Amoonguss\n|-supereffective|p1a: Amoonguss\n|-crit|p1a: Amoonguss\n|-damage|p1a: Amoonguss|0 fnt\n|-damage|p2a: Timburr|84\/100|[from] item: Rocky Helmet|[of] p1a: Amoonguss\n|faint|p1a: Amoonguss\n|\n|upkeep\n|\n|t:|1700531624\n|switch|p1a: Weezing|Weezing, F|100\/100\n|-ability|p1a: Weezing|Neutralizing Gas\n|turn|12\n|\n|t:|1700531627\n|move|p1a: Weezing|Toxic|p2a: Timburr\n|-status|p2a: Timburr|tox\n|move|p2a: Timburr|Knock Off|p1a: Weezing\n|-damage|p1a: Weezing|84\/100\n|-enditem|p1a: Weezing|Leftovers|[from] move: Knock Off|[of] p2a: Timburr\n|\n|-damage|p2a: Timburr|78\/100 tox|[from] psn\n|upkeep\n|turn|13\n|\n|t:|1700531636\n|-end|p1a: Weezing|ability: Neutralizing Gas\n|switch|p1a: Altaria|Altaria, M|21\/100\n|switch|p2a: Rillaboom|Rillaboom, M|100\/100\n|-fieldstart|move: Grassy Terrain|[from] ability: Grassy Surge|[of] p2a: Rillaboom\n|\n|-heal|p1a: Altaria|27\/100|[from] item: Leftovers\n|upkeep\n|turn|14\n|\n|t:|1700531643\n|move|p2a: Rillaboom|Knock Off|p1a: Altaria\n|-damage|p1a: Altaria|0 fnt\n|-enditem|p1a: Altaria|Leftovers|[from] move: Knock Off|[of] p2a: Rillaboom\n|faint|p1a: Altaria\n|\n|upkeep\n|\n|t:|1700531645\n|switch|p1a: Weezing|Weezing, F|84\/100\n|-ability|p1a: Weezing|Neutralizing Gas\n|turn|15\n|\n|t:|1700531648\n|move|p2a: Rillaboom|Wood Hammer|p1a: Weezing\n|-resisted|p1a: Weezing\n|-damage|p1a: Weezing|58\/100\n|-damage|p2a: Rillaboom|92\/100|[from] Recoil\n|move|p1a: Weezing|Toxic|p2a: Rillaboom\n|-status|p2a: Rillaboom|tox\n|\n|-heal|p2a: Rillaboom|98\/100 tox|[from] Grassy Terrain\n|-heal|p1a: Weezing|64\/100|[from] Grassy Terrain\n|-damage|p2a: Rillaboom|92\/100 tox|[from] psn\n|upkeep\n|turn|16\n|\n|t:|1700531653\n|move|p2a: Rillaboom|Wood Hammer|p1a: Weezing\n|-resisted|p1a: Weezing\n|-damage|p1a: Weezing|35\/100\n|-damage|p2a: Rillaboom|83\/100 tox|[from] Recoil\n|move|p1a: Weezing|Pain Split|p2a: Rillaboom\n|-sethp|p2a: Rillaboom|59\/100 tox|[from] move: Pain Split|[silent]\n|-sethp|p1a: Weezing|60\/100|[from] move: Pain Split\n|\n|-heal|p2a: Rillaboom|65\/100 tox|[from] Grassy Terrain\n|-heal|p1a: Weezing|66\/100|[from] Grassy Terrain\n|-damage|p2a: Rillaboom|52\/100 tox|[from] psn\n|upkeep\n|turn|17\n|\n|t:|1700531669\n|-terastallize|p1a: Weezing|Grass\n|move|p2a: Rillaboom|Wood Hammer|p1a: Weezing\n|-resisted|p1a: Weezing\n|-crit|p1a: Weezing\n|-damage|p1a: Weezing|20\/100\n|-damage|p2a: Rillaboom|38\/100 tox|[from] Recoil\n|move|p1a: Weezing|Sludge Bomb|p2a: Rillaboom\n|-supereffective|p2a: Rillaboom\n|-crit|p2a: Rillaboom\n|-damage|p2a: Rillaboom|0 fnt\n|faint|p2a: Rillaboom\n|\n|-heal|p1a: Weezing|26\/100|[from] Grassy Terrain\n|upkeep\n|\n|t:|1700531673\n|switch|p2a: Timburr|Timburr, M|78\/100 tox\n|turn|18\n|\n|t:|1700531679\n|move|p1a: Weezing|Sludge Bomb|p2a: Timburr\n|-damage|p2a: Timburr|45\/100 tox\n|move|p2a: Timburr|Ice Punch|p1a: Weezing\n|-supereffective|p1a: Weezing\n|-crit|p1a: Weezing\n|-damage|p1a: Weezing|0 fnt\n|faint|p1a: Weezing\n|-end|p1a: Weezing|ability: Neutralizing Gas\n|\n|win|Shokuen\n|n|\u2606bleahey|bleahey\n|n|\u2606Shokuen|shokuen\n|n|*Lady Monita \u2746|ladymonita\n","uploadtime":1700531680,"views":5,"p1id":"bleahey","p2id":"shokuen","formatid":"gen9ou","rating":0,"private":0,"password":""}