{"id":"gen9ou-1991645339","p1":"A KlNG\u265b\u2654\u2655","p2":"Isaayzin","format":"[Gen 9] OU","log":"|j|\u2606A KlNG\u265b\u2654\u2655\n|j|\u2606Isaayzin\n|t:|1700097894\n|gametype|singles\n|player|p1|A KlNG\u265b\u2654\u2655|ghetsis-gen5bw|1229\n|player|p2|Isaayzin|gambler|1214\n|teamsize|p1|6\n|teamsize|p2|6\n|gen|9\n|tier|[Gen 9] OU\n|rated|\n|rule|Sleep Clause Mod: Limit one foe put to sleep\n|rule|Species Clause: Limit one of each Pok\u00e9mon\n|rule|OHKO Clause: OHKO moves are banned\n|rule|Evasion Items Clause: Evasion items are banned\n|rule|Evasion Moves Clause: Evasion moves are banned\n|rule|Endless Battle Clause: Forcing endless battles is banned\n|rule|HP Percentage Mod: HP is shown in percentages\n|clearpoke\n|poke|p1|Manaphy|\n|poke|p1|Ninetales-Alola, F|\n|poke|p1|Kommo-o, M|\n|poke|p1|Grimmsnarl, M|\n|poke|p1|Great Tusk|\n|poke|p1|Moltres-Galar|\n|poke|p2|Ting-Lu|\n|poke|p2|Gholdengo|\n|poke|p2|Iron Moth|\n|poke|p2|Dragonite, F|\n|poke|p2|Dragapult, F|\n|poke|p2|Kingambit, M|\n|teampreview\n|\n|t:|1700097938\n|start\n|switch|p1a: Whats Hanninin|Great Tusk|100\/100\n|switch|p2a: Gholdengo|Gholdengo|100\/100\n|-enditem|p1a: Whats Hanninin|Booster Energy\n|-activate|p1a: Whats Hanninin|ability: Protosynthesis|[fromitem]\n|-start|p1a: Whats Hanninin|protosynthesisspe\n|turn|1\n|inactive|Battle timer is ON: inactive players will automatically lose when time's up. (requested by Isaayzin)\n|\n|t:|1700097949\n|switch|p2a: Ting-Lu|Ting-Lu|100\/100\n|-ability|p2a: Ting-Lu|Vessel of Ruin\n|move|p1a: Whats Hanninin|Stealth Rock|p2a: Ting-Lu\n|-sidestart|p2: Isaayzin|move: Stealth Rock\n|\n|upkeep\n|turn|2\n|\n|t:|1700097957\n|move|p1a: Whats Hanninin|Taunt|p2a: Ting-Lu\n|-start|p2a: Ting-Lu|move: Taunt\n|cant|p2a: Ting-Lu|move: Taunt|Stealth Rock\n|\n|upkeep\n|turn|3\n|\n|t:|1700097973\n|switch|p2a: Gholdengo|Gholdengo|100\/100\n|move|p1a: Whats Hanninin|Roar|p2a: Gholdengo\n|-immune|p2a: Gholdengo|[from] ability: Good as Gold\n|\n|upkeep\n|turn|4\n|\n|t:|1700097996\n|switch|p2a: Dragonite|Dragonite, F|100\/100\n|move|p1a: Whats Hanninin|Iron Head|p2a: Dragonite\n|-damage|p2a: Dragonite|88\/100\n|\n|upkeep\n|turn|5\n|\n|t:|1700098004\n|switch|p2a: Gholdengo|Gholdengo|100\/100\n|move|p1a: Whats Hanninin|Iron Head|p2a: Gholdengo\n|-resisted|p2a: Gholdengo\n|-damage|p2a: Gholdengo|91\/100\n|\n|upkeep\n|turn|6\n|\n|t:|1700098011\n|move|p1a: Whats Hanninin|Iron Head|p2a: Gholdengo\n|-resisted|p2a: Gholdengo\n|-damage|p2a: Gholdengo|82\/100\n|move|p2a: Gholdengo|Nasty Plot|p2a: Gholdengo\n|-boost|p2a: Gholdengo|spa|2\n|\n|upkeep\n|turn|7\n|\n|t:|1700098015\n|move|p1a: Whats Hanninin|Iron Head|p2a: Gholdengo\n|-resisted|p2a: Gholdengo\n|-damage|p2a: Gholdengo|73\/100\n|move|p2a: Gholdengo|Shadow Ball|p1a: Whats Hanninin\n|-damage|p1a: Whats Hanninin|25\/100\n|\n|upkeep\n|turn|8\n|\n|t:|1700098020\n|move|p1a: Whats Hanninin|Iron Head|p2a: Gholdengo\n|-resisted|p2a: Gholdengo\n|-damage|p2a: Gholdengo|63\/100\n|cant|p2a: Gholdengo|flinch\n|\n|upkeep\n|turn|9\n|\n|t:|1700098025\n|move|p1a: Whats Hanninin|Iron Head|p2a: Gholdengo\n|-resisted|p2a: Gholdengo\n|-damage|p2a: Gholdengo|54\/100\n|move|p2a: Gholdengo|Recover|p2a: Gholdengo\n|-heal|p2a: Gholdengo|100\/100\n|\n|upkeep\n|turn|10\n|\n|t:|1700098028\n|switch|p2a: Dragonite|Dragonite, F|88\/100\n|move|p1a: Whats Hanninin|Iron Head|p2a: Dragonite\n|-damage|p2a: Dragonite|61\/100\n|\n|upkeep\n|turn|11\n|\n|t:|1700098033\n|move|p2a: Dragonite|Roost|p2a: Dragonite\n|-heal|p2a: Dragonite|100\/100\n|-singleturn|p2a: Dragonite|move: Roost\n|move|p1a: Whats Hanninin|Roar|p2a: Dragonite\n|drag|p2a: Kingambit|Kingambit, M|100\/100\n|\n|upkeep\n|turn|12\n|\n|t:|1700098044\n|-end|p2a: Kingambit|fallenundefined|[silent]\n|switch|p2a: Gholdengo|Gholdengo|100\/100\n|move|p1a: Whats Hanninin|Iron Head|p2a: Gholdengo\n|-resisted|p2a: Gholdengo\n|-damage|p2a: Gholdengo|91\/100\n|\n|upkeep\n|turn|13\n|c|\u2606A KlNG\u265b\u2654\u2655|im juust scoping items\n|c|\u2606A KlNG\u265b\u2654\u2655|dnt mind me\n|\n|t:|1700098052\n|move|p1a: Whats Hanninin|Iron Head|p2a: Gholdengo\n|-resisted|p2a: Gholdengo\n|-damage|p2a: Gholdengo|81\/100\n|cant|p2a: Gholdengo|flinch\n|\n|upkeep\n|turn|14\n|\n|t:|1700098058\n|move|p1a: Whats Hanninin|Iron Head|p2a: Gholdengo\n|-resisted|p2a: Gholdengo\n|-damage|p2a: Gholdengo|71\/100\n|move|p2a: Gholdengo|Shadow Ball|p1a: Whats Hanninin\n|-damage|p1a: Whats Hanninin|0 fnt\n|faint|p1a: Whats Hanninin\n|-end|p1a: Whats Hanninin|Protosynthesis|[silent]\n|\n|upkeep\n|\n|t:|1700098065\n|switch|p1a: Zen Mode|Moltres-Galar|100\/100\n|turn|15\n|\n|t:|1700098070\n|switch|p2a: Ting-Lu|Ting-Lu|100\/100\n|-ability|p2a: Ting-Lu|Vessel of Ruin\n|move|p1a: Zen Mode|Nasty Plot|p1a: Zen Mode\n|-boost|p1a: Zen Mode|spa|2\n|\n|upkeep\n|turn|16\n|\n|t:|1700098077\n|move|p1a: Zen Mode|Air Slash|p2a: Ting-Lu\n|-damage|p2a: Ting-Lu|55\/100\n|move|p2a: Ting-Lu|Whirlwind|p1a: Zen Mode\n|drag|p1a: HORUS|Ninetales-Alola, F|100\/100\n|-weather|Snow|[from] ability: Snow Warning|[of] p1a: HORUS\n|\n|-weather|Snow|[upkeep]\n|upkeep\n|turn|17\n|\n|t:|1700098085\n|move|p1a: HORUS|Encore|p2a: Ting-Lu\n|-start|p2a: Ting-Lu|Encore\n|move|p2a: Ting-Lu|Whirlwind|p1a: HORUS\n|drag|p1a: Billy & Mandy|Grimmsnarl, M|100\/100\n|\n|-weather|Snow|[upkeep]\n|upkeep\n|turn|18\n|\n|t:|1700098094\n|switch|p2a: Gholdengo|Gholdengo|71\/100\n|move|p1a: Billy & Mandy|Crunch|p2a: Gholdengo\n|-supereffective|p2a: Gholdengo\n|-damage|p2a: Gholdengo|6\/100\n|-unboost|p2a: Gholdengo|def|1\n|\n|-weather|Snow|[upkeep]\n|upkeep\n|turn|19\n|\n|t:|1700098104\n|move|p1a: Billy & Mandy|Light Screen|p1a: Billy & Mandy\n|-sidestart|p1: A KlNG\u265b\u2654\u2655|move: Light Screen\n|move|p2a: Gholdengo|Recover|p2a: Gholdengo\n|-heal|p2a: Gholdengo|56\/100\n|\n|-weather|Snow|[upkeep]\n|upkeep\n|turn|20\n|\n|t:|1700098125\n|switch|p2a: Ting-Lu|Ting-Lu|55\/100\n|-ability|p2a: Ting-Lu|Vessel of Ruin\n|move|p1a: Billy & Mandy|Crunch|p2a: Ting-Lu\n|-resisted|p2a: Ting-Lu\n|-damage|p2a: Ting-Lu|46\/100\n|-unboost|p2a: Ting-Lu|def|1\n|\n|-weather|none\n|upkeep\n|turn|21\n|\n|t:|1700098149\n|switch|p1a: Marjella|Manaphy|100\/100\n|move|p2a: Ting-Lu|Stealth Rock|p1a: Marjella\n|-sidestart|p1: A KlNG\u265b\u2654\u2655|move: Stealth Rock\n|\n|upkeep\n|turn|22\n|\n|t:|1700098152\n|move|p1a: Marjella|Scald|p2a: Ting-Lu\n|-supereffective|p2a: Ting-Lu\n|-damage|p2a: Ting-Lu|5\/100\n|-status|p2a: Ting-Lu|brn\n|move|p2a: Ting-Lu|Whirlwind|p1a: Marjella\n|drag|p1a: HORUS|Ninetales-Alola, F|100\/100\n|-damage|p1a: HORUS|76\/100|[from] Stealth Rock\n|-weather|Snow|[from] ability: Snow Warning|[of] p1a: HORUS\n|\n|-weather|Snow|[upkeep]\n|-damage|p2a: Ting-Lu|0 fnt|[from] brn\n|faint|p2a: Ting-Lu\n|upkeep\n|\n|t:|1700098163\n|switch|p2a: Gholdengo|Gholdengo|56\/100\n|turn|23\n|\n|t:|1700098171\n|move|p1a: HORUS|Dark Pulse|p2a: Gholdengo\n|-supereffective|p2a: Gholdengo\n|-damage|p2a: Gholdengo|20\/100\n|move|p2a: Gholdengo|Recover|p2a: Gholdengo\n|-heal|p2a: Gholdengo|71\/100\n|\n|-weather|Snow|[upkeep]\n|upkeep\n|turn|24\n|\n|t:|1700098180\n|move|p1a: HORUS|Dark Pulse|p2a: Gholdengo\n|-supereffective|p2a: Gholdengo\n|-damage|p2a: Gholdengo|36\/100\n|move|p2a: Gholdengo|Make It Rain|p1a: HORUS\n|-supereffective|p1a: HORUS\n|-damage|p1a: HORUS|0 fnt\n|-unboost|p2a: Gholdengo|spa|1\n|faint|p1a: HORUS\n|\n|-weather|Snow|[upkeep]\n|upkeep\n|\n|t:|1700098189\n|switch|p1a: Zen Mode|Moltres-Galar|100\/100\n|-damage|p1a: Zen Mode|76\/100|[from] Stealth Rock\n|turn|25\n|\n|t:|1700098196\n|move|p1a: Zen Mode|Agility|p1a: Zen Mode\n|-boost|p1a: Zen Mode|spe|2\n|move|p2a: Gholdengo|Make It Rain|p1a: Zen Mode\n|-damage|p1a: Zen Mode|60\/100\n|-unboost|p2a: Gholdengo|spa|1\n|\n|-weather|Snow|[upkeep]\n|upkeep\n|turn|26\n|\n|t:|1700098204\n|move|p1a: Zen Mode|Fiery Wrath|p2a: Gholdengo\n|-supereffective|p2a: Gholdengo\n|-damage|p2a: Gholdengo|0 fnt\n|faint|p2a: Gholdengo\n|\n|-weather|none\n|-sideend|p1: A KlNG\u265b\u2654\u2655|move: Light Screen\n|upkeep\n|\n|t:|1700098217\n|switch|p2a: Dragonite|Dragonite, F|100\/100\n|turn|27\n|\n|t:|1700098227\n|move|p1a: Zen Mode|Fiery Wrath|p2a: Dragonite\n|-damage|p2a: Dragonite|75\/100\n|move|p2a: Dragonite|Dragon Dance|p2a: Dragonite\n|-boost|p2a: Dragonite|atk|1\n|-boost|p2a: Dragonite|spe|1\n|\n|upkeep\n|turn|28\n|\n|t:|1700098241\n|-terastallize|p2a: Dragonite|Normal\n|move|p2a: Dragonite|Extreme Speed|p1a: Zen Mode\n|-damage|p1a: Zen Mode|0 fnt\n|faint|p1a: Zen Mode\n|\n|upkeep\n|\n|t:|1700098246\n|switch|p1a: Billy & Mandy|Grimmsnarl, M|100\/100\n|-damage|p1a: Billy & Mandy|88\/100|[from] Stealth Rock\n|turn|29\n|\n|t:|1700098252\n|move|p2a: Dragonite|Extreme Speed|p1a: Billy & Mandy\n|-damage|p1a: Billy & Mandy|0 fnt\n|faint|p1a: Billy & Mandy\n|\n|upkeep\n|\n|t:|1700098257\n|switch|p1a: BIG JEANS|Kommo-o, M|100\/100\n|-damage|p1a: BIG JEANS|94\/100|[from] Stealth Rock\n|turn|30\n|\n|t:|1700098263\n|-terastallize|p1a: BIG JEANS|Steel\n|move|p2a: Dragonite|Dragon Dance|p2a: Dragonite\n|-boost|p2a: Dragonite|atk|1\n|-boost|p2a: Dragonite|spe|1\n|move|p1a: BIG JEANS|Clangorous Soul|p1a: BIG JEANS\n|-boost|p1a: BIG JEANS|atk|1\n|-boost|p1a: BIG JEANS|def|1\n|-boost|p1a: BIG JEANS|spa|1\n|-boost|p1a: BIG JEANS|spd|1\n|-boost|p1a: BIG JEANS|spe|1\n|-damage|p1a: BIG JEANS|61\/100\n|-enditem|p1a: BIG JEANS|Throat Spray\n|-boost|p1a: BIG JEANS|spa|1|[from] item: Throat Spray\n|\n|upkeep\n|turn|31\n|\n|t:|1700098271\n|move|p2a: Dragonite|Earthquake|p1a: BIG JEANS\n|-supereffective|p1a: BIG JEANS\n|-damage|p1a: BIG JEANS|0 fnt\n|faint|p1a: BIG JEANS\n|\n|upkeep\n|-message|A KlNG\u265b\u2654\u2655 forfeited.\n|\n|win|Isaayzin\n|raw|A KlNG\u265b\u2654\u2655's rating: 1229 &rarr; <strong>1203<\/strong><br \/>(-26 for losing)\n|raw|Isaayzin's rating: 1214 &rarr; <strong>1240<\/strong><br \/>(+26 for winning)\n|l|\u2606A KlNG\u265b\u2654\u2655\n","uploadtime":1700098280,"views":21,"p1id":"aklng","p2id":"isaayzin","formatid":"gen9ou","rating":1203,"private":0,"password":""}