{"id":"gen9ou-1993075698","p1":"Sniverdrill","p2":"Rabenclam","format":"[Gen 9] OU","log":"|j|\u2606Sniverdrill\n|j|\u2606Rabenclam\n|t:|1700261970\n|gametype|singles\n|player|p1|Sniverdrill|miriam|1056\n|player|p2|Rabenclam|pokefan-gen4|1101\n|teamsize|p1|6\n|teamsize|p2|6\n|gen|9\n|tier|[Gen 9] OU\n|rated|\n|rule|Sleep Clause Mod: Limit one foe put to sleep\n|rule|Species Clause: Limit one of each Pok\u00e9mon\n|rule|OHKO Clause: OHKO moves are banned\n|rule|Evasion Items Clause: Evasion items are banned\n|rule|Evasion Moves Clause: Evasion moves are banned\n|rule|Endless Battle Clause: Forcing endless battles is banned\n|rule|HP Percentage Mod: HP is shown in percentages\n|clearpoke\n|poke|p1|Hatterene, F|\n|poke|p1|Weezing-Galar, M|\n|poke|p1|Ogerpon-Wellspring, F|\n|poke|p1|Heatran, M|\n|poke|p1|Tyranitar, M|\n|poke|p1|Landorus-Therian, M|\n|poke|p2|Ceruledge, M|\n|poke|p2|Meowscarada, M|\n|poke|p2|Weezing-Galar, F|\n|poke|p2|Jolteon, F|\n|poke|p2|Hydreigon, F|\n|poke|p2|Bronzong|\n|teampreview\n|inactive|Battle timer is ON: inactive players will automatically lose when time's up. (requested by Sniverdrill)\n|\n|t:|1700261980\n|start\n|switch|p1a: Landorus|Landorus-Therian, M|100\/100\n|switch|p2a: Rosemon|Meowscarada, M|100\/100\n|-ability|p1a: Landorus|Intimidate|boost\n|-unboost|p2a: Rosemon|atk|1\n|turn|1\n|\n|t:|1700262005\n|switch|p1a: Weezing|Weezing-Galar, M|100\/100\n|-ability|p1a: Weezing|Neutralizing Gas\n|move|p2a: Rosemon|U-turn|p1a: Weezing\n|-resisted|p1a: Weezing\n|-damage|p1a: Weezing|98\/100\n|\n|t:|1700262015\n|switch|p2a: Pickmon|Bronzong|100\/100|[from] U-turn\n|\n|upkeep\n|turn|2\n|\n|t:|1700262029\n|move|p1a: Weezing|Shadow Ball|p2a: Pickmon\n|-supereffective|p2a: Pickmon\n|-damage|p2a: Pickmon|73\/100\n|-unboost|p2a: Pickmon|spd|1\n|move|p2a: Pickmon|Gyro Ball|p1a: Weezing\n|-supereffective|p1a: Weezing\n|-damage|p1a: Weezing|63\/100\n|\n|-heal|p2a: Pickmon|79\/100|[from] item: Leftovers\n|upkeep\n|turn|3\n|inactive|Rabenclam has 120 seconds left.\n|\n|t:|1700262053\n|move|p1a: Weezing|Will-O-Wisp|p2a: Pickmon\n|-status|p2a: Pickmon|brn\n|move|p2a: Pickmon|Stealth Rock|p1a: Weezing\n|-sidestart|p1: Sniverdrill|move: Stealth Rock\n|\n|-heal|p2a: Pickmon|86\/100 brn|[from] item: Leftovers\n|-damage|p2a: Pickmon|79\/100 brn|[from] brn\n|upkeep\n|turn|4\n|inactive|Rabenclam has 120 seconds left.\n|\n|t:|1700262067\n|switch|p2a: Puzzelmon|Weezing-Galar, F|100\/100\n|-ability|p2a: Puzzelmon|Neutralizing Gas\n|move|p1a: Weezing|Shadow Ball|p2a: Puzzelmon\n|-damage|p2a: Puzzelmon|74\/100\n|-unboost|p2a: Puzzelmon|spd|1\n|\n|-heal|p2a: Puzzelmon|80\/100|[from] item: Black Sludge\n|upkeep\n|turn|5\n|inactive|Rabenclam has 120 seconds left.\n|\n|t:|1700262079\n|move|p1a: Weezing|Defog|p2a: Puzzelmon\n|-unboost|p2a: Puzzelmon|evasion|1\n|-sideend|p1: Sniverdrill|Stealth Rock|[from] move: Defog|[of] p1a: Weezing\n|move|p2a: Puzzelmon|Will-O-Wisp|p1a: Weezing|[miss]\n|-miss|p2a: Puzzelmon|p1a: Weezing\n|\n|-heal|p2a: Puzzelmon|86\/100|[from] item: Black Sludge\n|upkeep\n|turn|6\n|\n|t:|1700262095\n|switch|p1a: Hatterene|Hatterene, F, shiny|100\/100\n|move|p2a: Puzzelmon|Will-O-Wisp|p1a: Hatterene|[miss]\n|-miss|p2a: Puzzelmon|p1a: Hatterene\n|\n|-heal|p2a: Puzzelmon|92\/100|[from] item: Black Sludge\n|upkeep\n|turn|7\n|inactive|Rabenclam has 120 seconds left.\n|\n|t:|1700262110\n|-end|p2a: Puzzelmon|ability: Neutralizing Gas\n|switch|p2a: Rosemon|Meowscarada, M|100\/100\n|move|p1a: Hatterene|Psychic|p2a: Rosemon\n|-immune|p2a: Rosemon\n|\n|upkeep\n|turn|8\n|\n|t:|1700262121\n|switch|p1a: Weezing|Weezing-Galar, M|63\/100\n|-ability|p1a: Weezing|Neutralizing Gas\n|move|p2a: Rosemon|Knock Off|p1a: Weezing\n|-resisted|p1a: Weezing\n|-damage|p1a: Weezing|44\/100\n|-enditem|p1a: Weezing|Heavy-Duty Boots|[from] move: Knock Off|[of] p2a: Rosemon\n|\n|upkeep\n|turn|9\n|inactive|Rabenclam has 120 seconds left.\n|\n|t:|1700262137\n|switch|p2a: Renemon|Jolteon, F|100\/100\n|move|p1a: Weezing|Sludge Bomb|p2a: Renemon\n|-crit|p2a: Renemon\n|-damage|p2a: Renemon|63\/100\n|\n|upkeep\n|turn|10\n|\n|t:|1700262145\n|-end|p1a: Weezing|ability: Neutralizing Gas\n|switch|p1a: Landorus|Landorus-Therian, M|100\/100\n|-ability|p1a: Landorus|Intimidate|boost\n|-unboost|p2a: Renemon|atk|1\n|move|p2a: Renemon|Volt Switch|p1a: Landorus\n|-immune|p1a: Landorus\n|\n|upkeep\n|turn|11\n|\n|t:|1700262157\n|switch|p2a: Rosemon|Meowscarada, M|100\/100\n|move|p1a: Landorus|Stealth Rock|p2a: Rosemon\n|-sidestart|p2: Rabenclam|move: Stealth Rock\n|\n|upkeep\n|turn|12\n|inactive|Rabenclam has 120 seconds left.\n|\n|t:|1700262179\n|switch|p1a: Weezing|Weezing-Galar, M|44\/100\n|-ability|p1a: Weezing|Neutralizing Gas\n|move|p2a: Rosemon|Knock Off|p1a: Weezing\n|-resisted|p1a: Weezing\n|-damage|p1a: Weezing|30\/100\n|\n|upkeep\n|turn|13\n|inactive|Rabenclam has 120 seconds left.\n|\n|t:|1700262195\n|switch|p2a: Renemon|Jolteon, F|63\/100\n|-damage|p2a: Renemon|50\/100|[from] Stealth Rock\n|move|p1a: Weezing|Sludge Bomb|p2a: Renemon\n|-damage|p2a: Renemon|26\/100\n|\n|upkeep\n|turn|14\n|\n|t:|1700262204\n|-end|p1a: Weezing|ability: Neutralizing Gas\n|switch|p1a: Tyranitar|Tyranitar, M|100\/100\n|-weather|Sandstorm|[from] ability: Sand Stream|[of] p1a: Tyranitar\n|move|p2a: Renemon|Shadow Ball|p1a: Tyranitar\n|-resisted|p1a: Tyranitar\n|-damage|p1a: Tyranitar|95\/100\n|-unboost|p1a: Tyranitar|spd|1\n|\n|-weather|Sandstorm|[upkeep]\n|-damage|p2a: Renemon|20\/100|[from] Sandstorm\n|-heal|p1a: Tyranitar|100\/100|[from] item: Leftovers\n|upkeep\n|turn|15\n|inactive|Rabenclam has 120 seconds left.\n|\n|t:|1700262219\n|switch|p2a: Deltamon|Hydreigon, F|100\/100\n|-damage|p2a: Deltamon|88\/100|[from] Stealth Rock\n|move|p1a: Tyranitar|Knock Off|p2a: Deltamon\n|-resisted|p2a: Deltamon\n|-damage|p2a: Deltamon|64\/100\n|-enditem|p2a: Deltamon|Leftovers|[from] move: Knock Off|[of] p1a: Tyranitar\n|\n|-weather|Sandstorm|[upkeep]\n|-damage|p2a: Deltamon|58\/100|[from] Sandstorm\n|upkeep\n|turn|16\n|\n|t:|1700262237\n|switch|p1a: Landorus|Landorus-Therian, M|100\/100\n|-ability|p1a: Landorus|Intimidate|boost\n|-unboost|p2a: Deltamon|atk|1\n|move|p2a: Deltamon|Flash Cannon|p1a: Landorus\n|-damage|p1a: Landorus|70\/100\n|\n|-weather|Sandstorm|[upkeep]\n|-damage|p2a: Deltamon|52\/100|[from] Sandstorm\n|upkeep\n|turn|17\n|\n|t:|1700262248\n|move|p2a: Deltamon|U-turn|p1a: Landorus\n|-resisted|p1a: Landorus\n|-damage|p1a: Landorus|66\/100\n|-damage|p2a: Deltamon|35\/100|[from] item: Rocky Helmet|[of] p1a: Landorus\n|\n|t:|1700262255\n|switch|p2a: Pickmon|Bronzong|79\/100 brn|[from] U-turn\n|-damage|p2a: Pickmon|73\/100 brn|[from] Stealth Rock\n|move|p1a: Landorus|U-turn|p2a: Pickmon\n|-damage|p2a: Pickmon|56\/100 brn\n|\n|t:|1700262271\n|switch|p1a: Heatran|Heatran, M|100\/100|[from] U-turn\n|-item|p1a: Heatran|Air Balloon\n|\n|-weather|Sandstorm|[upkeep]\n|-heal|p2a: Pickmon|62\/100 brn|[from] item: Leftovers\n|-damage|p2a: Pickmon|56\/100 brn|[from] brn\n|upkeep\n|turn|18\n|inactive|Rabenclam has 120 seconds left.\n|\n|t:|1700262298\n|move|p1a: Heatran|Magma Storm|p2a: Pickmon\n|-supereffective|p2a: Pickmon\n|-damage|p2a: Pickmon|0 fnt\n|faint|p2a: Pickmon\n|\n|-weather|none\n|upkeep\n|\n|t:|1700262313\n|switch|p2a: Rosemon|Meowscarada, M|100\/100\n|-damage|p2a: Rosemon|88\/100|[from] Stealth Rock\n|turn|19\n|\n|t:|1700262321\n|move|p2a: Rosemon|Knock Off|p1a: Heatran\n|-start|p2a: Rosemon|typechange|Dark|[from] ability: Protean\n|-damage|p1a: Heatran|54\/100\n|-enditem|p1a: Heatran|Air Balloon\n|move|p1a: Heatran|Magma Storm|p2a: Rosemon\n|-damage|p2a: Rosemon|27\/100\n|-activate|p2a: Rosemon|move: Magma Storm|[of] p1a: Heatran\n|\n|-damage|p2a: Rosemon|14\/100|[from] move: Magma Storm|[partiallytrapped]\n|upkeep\n|turn|20\n|\n|t:|1700262338\n|switch|p1a: Landorus|Landorus-Therian, M|66\/100\n|-ability|p1a: Landorus|Intimidate|boost\n|-unboost|p2a: Rosemon|atk|1\n|move|p2a: Rosemon|Knock Off|p1a: Landorus\n|-damage|p1a: Landorus|39\/100\n|-damage|p2a: Rosemon|0 fnt|[from] item: Rocky Helmet|[of] p1a: Landorus\n|faint|p2a: Rosemon\n|\n|upkeep\n|inactive|Rabenclam has 90 seconds left.\n|\n|t:|1700262357\n|switch|p2a: Deltamon|Hydreigon, F|35\/100\n|-damage|p2a: Deltamon|23\/100|[from] Stealth Rock\n|turn|21\n|inactive|Rabenclam has 90 seconds left.\n|\n|t:|1700262366\n|move|p2a: Deltamon|U-turn|p1a: Landorus\n|-resisted|p1a: Landorus\n|-damage|p1a: Landorus|33\/100\n|-damage|p2a: Deltamon|6\/100|[from] item: Rocky Helmet|[of] p1a: Landorus\n|inactive|Rabenclam has 90 seconds left.\n|\n|t:|1700262377\n|switch|p2a: Puzzelmon|Weezing-Galar, F|92\/100|[from] U-turn\n|-ability|p2a: Puzzelmon|Neutralizing Gas\n|-damage|p2a: Puzzelmon|79\/100|[from] Stealth Rock\n|move|p1a: Landorus|U-turn|p2a: Puzzelmon\n|-resisted|p2a: Puzzelmon\n|-damage|p2a: Puzzelmon|76\/100\n|\n|t:|1700262387\n|switch|p1a: Hatterene|Hatterene, F, shiny|100\/100|[from] U-turn\n|\n|-heal|p2a: Puzzelmon|82\/100|[from] item: Black Sludge\n|upkeep\n|turn|22\n|inactive|Rabenclam has 90 seconds left.\n|\n|t:|1700262405\n|move|p2a: Puzzelmon|Defog|p1a: Hatterene\n|-unboost|p1a: Hatterene|evasion|1\n|-sideend|p2: Rabenclam|Stealth Rock|[from] move: Defog|[of] p2a: Puzzelmon\n|move|p1a: Hatterene|Psychic|p2a: Puzzelmon\n|-supereffective|p2a: Puzzelmon\n|-damage|p2a: Puzzelmon|0 fnt\n|faint|p2a: Puzzelmon\n|-end|p2a: Puzzelmon|ability: Neutralizing Gas\n|\n|upkeep\n|inactive|Rabenclam has 90 seconds left.\n|\n|t:|1700262421\n|switch|p2a: Arcturusmon|Ceruledge, M|100\/100\n|turn|23\n|\n|t:|1700262429\n|switch|p1a: Landorus|Landorus-Therian, M|33\/100\n|-ability|p1a: Landorus|Intimidate|boost\n|-unboost|p2a: Arcturusmon|atk|1\n|move|p2a: Arcturusmon|Psycho Cut|p1a: Landorus\n|-crit|p1a: Landorus\n|-damage|p1a: Landorus|10\/100\n|\n|upkeep\n|turn|24\n|inactive|Rabenclam has 90 seconds left.\n|\n|t:|1700262440\n|move|p2a: Arcturusmon|Shadow Sneak|p1a: Landorus\n|-damage|p1a: Landorus|1\/100\n|-damage|p2a: Arcturusmon|84\/100|[from] item: Rocky Helmet|[of] p1a: Landorus\n|move|p1a: Landorus|Earthquake|p2a: Arcturusmon\n|-supereffective|p2a: Arcturusmon\n|-damage|p2a: Arcturusmon|0 fnt\n|faint|p2a: Arcturusmon\n|\n|upkeep\n|inactive|Rabenclam has 90 seconds left.\n|\n|t:|1700262457\n|switch|p2a: Renemon|Jolteon, F|20\/100\n|turn|25\n|\n|t:|1700262462\n|move|p2a: Renemon|Shadow Ball|p1a: Landorus\n|-damage|p1a: Landorus|0 fnt\n|faint|p1a: Landorus\n|\n|upkeep\n|\n|t:|1700262469\n|switch|p1a: Tyranitar|Tyranitar, M|100\/100\n|-weather|Sandstorm|[from] ability: Sand Stream|[of] p1a: Tyranitar\n|turn|26\n|inactive|Rabenclam has 90 seconds left.\n|\n|t:|1700262485\n|move|p2a: Renemon|Shadow Ball|p1a: Tyranitar\n|-resisted|p1a: Tyranitar\n|-damage|p1a: Tyranitar|95\/100\n|move|p1a: Tyranitar|Knock Off|p2a: Renemon\n|-damage|p2a: Renemon|0 fnt\n|-enditem|p2a: Renemon|Assault Vest|[from] move: Knock Off|[of] p1a: Tyranitar\n|faint|p2a: Renemon\n|\n|-weather|Sandstorm|[upkeep]\n|-heal|p1a: Tyranitar|100\/100|[from] item: Leftovers\n|upkeep\n|inactive|Rabenclam has 90 seconds left.\n|\n|t:|1700262497\n|switch|p2a: Deltamon|Hydreigon, F|6\/100\n|turn|27\n|inactive|Rabenclam has 90 seconds left.\n|c|\u2606Sniverdrill|Gg\n|\n|t:|1700262507\n|move|p2a: Deltamon|U-turn|p1a: Tyranitar\n|-supereffective|p1a: Tyranitar\n|-damage|p1a: Tyranitar|78\/100\n|move|p1a: Tyranitar|Ice Punch|p2a: Deltamon\n|-supereffective|p2a: Deltamon\n|-damage|p2a: Deltamon|0 fnt\n|faint|p2a: Deltamon\n|\n|win|Sniverdrill\n|raw|Sniverdrill's rating: 1056 &rarr; <strong>1092<\/strong><br \/>(+36 for winning)\n|raw|Rabenclam's rating: 1101 &rarr; <strong>1073<\/strong><br \/>(-28 for losing)\n|l|\u2606Rabenclam\n","uploadtime":1700262517,"views":11,"p1id":"sniverdrill","p2id":"rabenclam","formatid":"gen9ou","rating":1073,"private":0,"password":""}