{"id":"gen9ou-1992513868","p1":"RepeatUntilTired3","p2":"jimola","format":"[Gen 9] OU","log":"|j|\u2606RepeatUntilTired3\n|j|\u2606jimola\n|t:|1700197690\n|gametype|singles\n|player|p1|RepeatUntilTired3|marlon|1547\n|player|p2|jimola|1|1584\n|teamsize|p1|6\n|teamsize|p2|6\n|gen|9\n|tier|[Gen 9] OU\n|rated|\n|rule|Sleep Clause Mod: Limit one foe put to sleep\n|rule|Species Clause: Limit one of each Pok\u00e9mon\n|rule|OHKO Clause: OHKO moves are banned\n|rule|Evasion Items Clause: Evasion items are banned\n|rule|Evasion Moves Clause: Evasion moves are banned\n|rule|Endless Battle Clause: Forcing endless battles is banned\n|rule|HP Percentage Mod: HP is shown in percentages\n|clearpoke\n|poke|p1|Basculegion, M|\n|poke|p1|Iron Treads|\n|poke|p1|Tornadus-Therian, M|\n|poke|p1|Pelipper, F|\n|poke|p1|Chesnaught, F|\n|poke|p1|Manaphy|\n|poke|p2|Ribombee, M|\n|poke|p2|Gholdengo|\n|poke|p2|Gallade, M|\n|poke|p2|Ogerpon, F|\n|poke|p2|Glimmora, F|\n|poke|p2|Walking Wake|\n|teampreview\n|inactive|Battle timer is ON: inactive players will automatically lose when time's up. (requested by RepeatUntilTired3)\n|\n|t:|1700197719\n|start\n|switch|p1a: Pelipper|Pelipper, F|100\/100\n|switch|p2a: Gallade|Gallade, M|100\/100\n|-weather|RainDance|[from] ability: Drizzle|[of] p1a: Pelipper\n|turn|1\n|inactive|RepeatUntilTired3 has 120 seconds left.\n|\n|t:|1700197752\n|move|p2a: Gallade|Psycho Cut|p1a: Pelipper\n|-damage|p1a: Pelipper|12\/100\n|move|p1a: Pelipper|U-turn|p2a: Gallade\n|-damage|p2a: Gallade|85\/100\n|inactive|RepeatUntilTired3 has 120 seconds left.\n|\n|t:|1700197767\n|switch|p1a: Tornadus|Tornadus-Therian, M|100\/100|[from] U-turn\n|\n|-weather|RainDance|[upkeep]\n|upkeep\n|turn|2\n|inactive|RepeatUntilTired3 has 120 seconds left.\n|\n|t:|1700197780\n|switch|p2a: Glimmora|Glimmora, F|100\/100\n|move|p1a: Tornadus|Hurricane|p2a: Glimmora\n|-resisted|p2a: Glimmora\n|-damage|p2a: Glimmora|46\/100\n|\n|-weather|RainDance|[upkeep]\n|upkeep\n|turn|3\n|\n|t:|1700197806\n|move|p1a: Tornadus|Hurricane|p2a: Glimmora\n|-resisted|p2a: Glimmora\n|-damage|p2a: Glimmora|0 fnt\n|faint|p2a: Glimmora\n|\n|-weather|RainDance|[upkeep]\n|upkeep\n|\n|t:|1700197808\n|switch|p2a: Ribombee|Ribombee, M|100\/100\n|turn|4\n|\n|t:|1700197819\n|switch|p1a: Manaphy|Manaphy|100\/100\n|move|p2a: Ribombee|Stun Spore|p1a: Manaphy\n|-status|p1a: Manaphy|par\n|\n|-weather|RainDance|[upkeep]\n|-activate|p1a: Manaphy|ability: Hydration\n|-curestatus|p1a: Manaphy|par|[msg]\n|upkeep\n|turn|5\n|\n|t:|1700197828\n|move|p2a: Ribombee|Sticky Web|p1a: Manaphy\n|-sidestart|p1: RepeatUntilTired3|move: Sticky Web\n|move|p1a: Manaphy|Tail Glow|p1a: Manaphy\n|-boost|p1a: Manaphy|spa|3\n|\n|-weather|RainDance|[upkeep]\n|upkeep\n|turn|6\n|inactive|jimola has 120 seconds left.\n|\n|t:|1700197868\n|switch|p2a: Ogerpon|Ogerpon, F|100\/100\n|move|p1a: Manaphy|Surf|p2a: Ogerpon\n|-resisted|p2a: Ogerpon\n|-damage|p2a: Ogerpon|5\/100\n|\n|-weather|RainDance|[upkeep]\n|upkeep\n|turn|7\n|inactive|jimola has 120 seconds left.\n|\n|t:|1700197878\n|-terastallize|p1a: Manaphy|Grass\n|move|p2a: Ogerpon|Ivy Cudgel|p1a: Manaphy\n|-resisted|p1a: Manaphy\n|-damage|p1a: Manaphy|73\/100\n|-damage|p2a: Ogerpon|0 fnt|[from] item: Life Orb\n|faint|p2a: Ogerpon\n|move|p1a: Manaphy|Surf|p2: Ogerpon|[notarget]\n|-fail|p1a: Manaphy\n|\n|-weather|RainDance|[upkeep]\n|upkeep\n|\n|t:|1700197893\n|switch|p2a: Walking Wake|Walking Wake|100\/100\n|turn|8\n|\n|t:|1700197906\n|switch|p1a: Iron Treads|Iron Treads|100\/100\n|-activate|p1a: Iron Treads|move: Sticky Web\n|-unboost|p1a: Iron Treads|spe|1\n|move|p2a: Walking Wake|Draco Meteor|p1a: Iron Treads|[miss]\n|-miss|p2a: Walking Wake|p1a: Iron Treads\n|\n|-weather|none\n|upkeep\n|turn|9\n|j|+Shellnuts\n|\n|t:|1700197923\n|-end|p2a: Walking Wake|Protosynthesis|[silent]\n|switch|p2a: Gallade|Gallade, M|85\/100\n|move|p1a: Iron Treads|Stealth Rock|p2a: Gallade\n|-sidestart|p2: jimola|move: Stealth Rock\n|\n|upkeep\n|turn|10\n|\n|t:|1700197936\n|-end|p1a: Iron Treads|Quark Drive|[silent]\n|switch|p1a: Basculegion|Basculegion, M|100\/100\n|-activate|p1a: Basculegion|move: Sticky Web\n|-unboost|p1a: Basculegion|spe|1\n|move|p2a: Gallade|Sacred Sword|p1a: Basculegion\n|-immune|p1a: Basculegion\n|\n|upkeep\n|turn|11\n|j| ESL2012\n|\n|t:|1700197953\n|switch|p2a: Walking Wake|Walking Wake|100\/100\n|-damage|p2a: Walking Wake|88\/100|[from] Stealth Rock\n|move|p1a: Basculegion|Double-Edge|p2a: Walking Wake\n|-damage|p2a: Walking Wake|27\/100\n|-damage|p1a: Basculegion|83\/100|[from] Recoil\n|\n|upkeep\n|turn|12\n|inactive|jimola has 90 seconds left.\n|\n|t:|1700197982\n|switch|p1a: Iron Treads|Iron Treads|100\/100\n|-activate|p1a: Iron Treads|move: Sticky Web\n|-unboost|p1a: Iron Treads|spe|1\n|move|p2a: Walking Wake|Draco Meteor|p1a: Iron Treads\n|-resisted|p1a: Iron Treads\n|-damage|p1a: Iron Treads|59\/100\n|-unboost|p2a: Walking Wake|spa|2\n|\n|-heal|p1a: Iron Treads|65\/100|[from] item: Leftovers\n|upkeep\n|turn|13\n|\n|t:|1700197992\n|-end|p2a: Walking Wake|Protosynthesis|[silent]\n|switch|p2a: Gholdengo|Gholdengo|100\/100\n|-damage|p2a: Gholdengo|94\/100|[from] Stealth Rock\n|move|p1a: Iron Treads|Volt Switch|p2a: Gholdengo\n|-damage|p2a: Gholdengo|80\/100\n|\n|t:|1700198003\n|-end|p1a: Iron Treads|Quark Drive|[silent]\n|switch|p1a: Chesnaught|Chesnaught, F|100\/100|[from] Volt Switch\n|-activate|p1a: Chesnaught|move: Sticky Web\n|-unboost|p1a: Chesnaught|spe|1\n|\n|upkeep\n|turn|14\n|\n|t:|1700198012\n|move|p2a: Gholdengo|Nasty Plot|p2a: Gholdengo\n|-boost|p2a: Gholdengo|spa|2\n|move|p1a: Chesnaught|Spikes|p2a: Gholdengo\n|-sidestart|p2: jimola|Spikes\n|\n|upkeep\n|turn|15\n|\n|t:|1700198025\n|switch|p1a: Pelipper|Pelipper, F|12\/100\n|-weather|RainDance|[from] ability: Drizzle|[of] p1a: Pelipper\n|move|p2a: Gholdengo|Make It Rain|p1a: Pelipper\n|-resisted|p1a: Pelipper\n|-damage|p1a: Pelipper|0 fnt\n|-unboost|p2a: Gholdengo|spa|1\n|faint|p1a: Pelipper\n|\n|-weather|RainDance|[upkeep]\n|upkeep\n|l|+Shellnuts\n|-message|jimola forfeited.\n|\n|win|RepeatUntilTired3\n|raw|RepeatUntilTired3's rating: 1547 &rarr; <strong>1569<\/strong><br \/>(+22 for winning)\n|raw|jimola's rating: 1584 &rarr; <strong>1562<\/strong><br \/>(-22 for losing)\n|l|\u2606jimola\n","uploadtime":1700198057,"views":22,"p1id":"repeatuntiltired3","p2id":"jimola","formatid":"gen9ou","rating":1562,"private":0,"password":""}