{"id":"gen9ou-1997158581","p1":"banjoindamanjo","p2":"Pokemh","format":"[Gen 9] OU","log":"|j|\u2606banjoindamanjo\n|j|\u203dPokemh\n|t:|1700770468\n|gametype|singles\n|player|p1|banjoindamanjo|musician|1744\n|player|p2|Pokemh|1|1675\n|teamsize|p1|6\n|teamsize|p2|6\n|gen|9\n|tier|[Gen 9] OU\n|rated|\n|rule|Sleep Clause Mod: Limit one foe put to sleep\n|rule|Species Clause: Limit one of each Pok\u00e9mon\n|rule|OHKO Clause: OHKO moves are banned\n|rule|Evasion Items Clause: Evasion items are banned\n|rule|Evasion Moves Clause: Evasion moves are banned\n|rule|Endless Battle Clause: Forcing endless battles is banned\n|rule|HP Percentage Mod: HP is shown in percentages\n|clearpoke\n|poke|p1|Hawlucha, F|\n|poke|p1|Great Tusk|\n|poke|p1|Rillaboom, F|\n|poke|p1|Heatran, F|\n|poke|p1|Dragapult, F|\n|poke|p1|Toxapex, F|\n|poke|p2|Dondozo, F|\n|poke|p2|Corviknight, F|\n|poke|p2|Clefable, M|\n|poke|p2|Amoonguss, M|\n|poke|p2|Blissey, F|\n|poke|p2|Great Tusk|\n|teampreview\n|j| Leru Chitanda\n|j| eeferrrerere\n|\n|t:|1700770508\n|start\n|switch|p1a: Rillaboom|Rillaboom, F|100\/100\n|switch|p2a: Clefable|Clefable, M|100\/100\n|-fieldstart|move: Grassy Terrain|[from] ability: Grassy Surge|[of] p1a: Rillaboom\n|turn|1\n|\n|t:|1700770512\n|move|p2a: Clefable|Protect|p2a: Clefable\n|-singleturn|p2a: Clefable|Protect\n|move|p1a: Rillaboom|Wood Hammer|p2a: Clefable\n|-activate|p2a: Clefable|move: Protect\n|\n|upkeep\n|turn|2\n|\n|t:|1700770517\n|switch|p1a: Heatran|Heatran, F|100\/100\n|switch|p2a: Corviknight|Corviknight, F|100\/100\n|-ability|p2a: Corviknight|Pressure\n|\n|upkeep\n|turn|3\n|\n|t:|1700770524\n|switch|p2a: Dondozo|Dondozo, F|100\/100\n|move|p1a: Heatran|Stealth Rock|p2a: Dondozo\n|-sidestart|p2: Pokemh|move: Stealth Rock\n|\n|upkeep\n|turn|4\n|\n|t:|1700770529\n|switch|p1a: Toxapex|Toxapex, F|100\/100\n|move|p2a: Dondozo|Curse|p2a: Dondozo\n|-unboost|p2a: Dondozo|spe|1\n|-boost|p2a: Dondozo|atk|1\n|-boost|p2a: Dondozo|def|1\n|\n|upkeep\n|turn|5\n|\n|t:|1700770537\n|switch|p2a: Amoonguss|Amoonguss, M|100\/100\n|move|p1a: Toxapex|Sludge Bomb|p2a: Amoonguss\n|-damage|p2a: Amoonguss|86\/100\n|\n|-heal|p2a: Amoonguss|92\/100|[from] Grassy Terrain\n|-fieldend|move: Grassy Terrain\n|upkeep\n|turn|6\n|\n|t:|1700770558\n|switch|p1a: Hawlucha|Hawlucha, F|100\/100\n|-ability|p1a: Hawlucha|Mold Breaker\n|move|p2a: Amoonguss|Spore|p1a: Hawlucha\n|-status|p1a: Hawlucha|slp|[from] move: Spore\n|\n|upkeep\n|turn|7\n|\n|t:|1700770561\n|switch|p1a: Dragapult|Dragapult, F|100\/100\n|move|p2a: Amoonguss|Sludge Bomb|p1a: Dragapult\n|-resisted|p1a: Dragapult\n|-damage|p1a: Dragapult|83\/100\n|\n|upkeep\n|turn|8\n|\n|t:|1700770564\n|move|p1a: Dragapult|U-turn|p2a: Amoonguss\n|-damage|p2a: Amoonguss|78\/100\n|\n|t:|1700770566\n|switch|p1a: Toxapex|Toxapex, F|100\/100|[from] U-turn\n|move|p2a: Amoonguss|Sludge Bomb|p1a: Toxapex\n|-resisted|p1a: Toxapex\n|-damage|p1a: Toxapex|91\/100\n|-enditem|p1a: Toxapex|Eject Button\n|\n|t:|1700770568\n|switch|p1a: Dragapult|Dragapult, F|83\/100\n|\n|upkeep\n|turn|9\n|\n|t:|1700770572\n|move|p1a: Dragapult|Flamethrower|p2a: Amoonguss\n|-supereffective|p2a: Amoonguss\n|-damage|p2a: Amoonguss|14\/100\n|move|p2a: Amoonguss|Grass Knot|p1a: Dragapult\n|-resisted|p1a: Dragapult\n|-damage|p1a: Dragapult|66\/100\n|\n|upkeep\n|turn|10\n|\n|t:|1700770579\n|switch|p1a: Great Tusk|Great Tusk|100\/100\n|switch|p2a: Blissey|Blissey, F|100\/100\n|\n|upkeep\n|turn|11\n|\n|t:|1700770583\n|switch|p2a: Clefable|Clefable, M|100\/100\n|-terastallize|p1a: Great Tusk|Fighting\n|move|p1a: Great Tusk|Close Combat|p2a: Clefable\n|-resisted|p2a: Clefable\n|-damage|p2a: Clefable|53\/100\n|-unboost|p1a: Great Tusk|def|1\n|-unboost|p1a: Great Tusk|spd|1\n|\n|-heal|p2a: Clefable|59\/100|[from] item: Leftovers\n|upkeep\n|turn|12\n|\n|t:|1700770592\n|-end|p1a: Great Tusk|Protosynthesis|[silent]\n|switch|p1a: Heatran|Heatran, F|100\/100\n|move|p2a: Clefable|Protect||[still]\n|-fail|p2a: Clefable\n|\n|-heal|p2a: Clefable|65\/100|[from] item: Leftovers\n|upkeep\n|turn|13\n|\n|t:|1700770595\n|move|p2a: Clefable|Protect|p2a: Clefable\n|-singleturn|p2a: Clefable|Protect\n|move|p1a: Heatran|Magma Storm|p2a: Clefable\n|-activate|p2a: Clefable|move: Protect\n|\n|-heal|p2a: Clefable|71\/100|[from] item: Leftovers\n|upkeep\n|turn|14\n|\n|t:|1700770598\n|switch|p2a: Dondozo|Dondozo, F|100\/100\n|-damage|p2a: Dondozo|88\/100|[from] Stealth Rock\n|move|p1a: Heatran|Magma Storm|p2a: Dondozo\n|-resisted|p2a: Dondozo\n|-damage|p2a: Dondozo|74\/100\n|-activate|p2a: Dondozo|move: Magma Storm|[of] p1a: Heatran\n|\n|-heal|p2a: Dondozo|80\/100|[from] item: Leftovers\n|-damage|p2a: Dondozo|67\/100|[from] move: Magma Storm|[partiallytrapped]\n|upkeep\n|turn|15\n|\n|t:|1700770602\n|move|p1a: Heatran|Will-O-Wisp|p2a: Dondozo\n|-status|p2a: Dondozo|brn\n|move|p2a: Dondozo|Wave Crash|p1a: Heatran\n|-supereffective|p1a: Heatran\n|-crit|p1a: Heatran\n|-damage|p1a: Heatran|51\/100\n|-damage|p2a: Dondozo|55\/100 brn|[from] Recoil\n|\n|-heal|p1a: Heatran|58\/100|[from] item: Leftovers\n|-heal|p2a: Dondozo|61\/100 brn|[from] item: Leftovers\n|-damage|p2a: Dondozo|55\/100 brn|[from] brn\n|-damage|p2a: Dondozo|43\/100 brn|[from] move: Magma Storm|[partiallytrapped]\n|upkeep\n|turn|16\n|\n|t:|1700770608\n|switch|p1a: Rillaboom|Rillaboom, F|100\/100\n|-fieldstart|move: Grassy Terrain|[from] ability: Grassy Surge|[of] p1a: Rillaboom\n|move|p2a: Dondozo|Rest|p2a: Dondozo\n|-status|p2a: Dondozo|slp|[from] move: Rest\n|-heal|p2a: Dondozo|100\/100 slp|[silent]\n|\n|-end|p2a: Dondozo|Magma Storm|[partiallytrapped]|[silent]\n|upkeep\n|turn|17\n|\n|t:|1700770613\n|switch|p2a: Corviknight|Corviknight, F|100\/100\n|-damage|p2a: Corviknight|88\/100|[from] Stealth Rock\n|-ability|p2a: Corviknight|Pressure\n|move|p1a: Rillaboom|U-turn|p2a: Corviknight\n|-resisted|p2a: Corviknight\n|-damage|p2a: Corviknight|82\/100\n|\n|t:|1700770618\n|switch|p1a: Heatran|Heatran, F|58\/100|[from] U-turn\n|\n|-heal|p1a: Heatran|64\/100|[from] Grassy Terrain\n|-heal|p1a: Heatran|70\/100|[from] item: Leftovers\n|-heal|p2a: Corviknight|88\/100|[from] item: Leftovers\n|upkeep\n|turn|18\n|\n|t:|1700770622\n|switch|p2a: Blissey|Blissey, F|100\/100\n|move|p1a: Heatran|Magma Storm|p2a: Blissey\n|-damage|p2a: Blissey|87\/100\n|-activate|p2a: Blissey|move: Magma Storm|[of] p1a: Heatran\n|\n|-heal|p1a: Heatran|76\/100|[from] Grassy Terrain\n|-heal|p1a: Heatran|83\/100|[from] item: Leftovers\n|-heal|p2a: Blissey|93\/100|[from] Grassy Terrain\n|-damage|p2a: Blissey|80\/100|[from] move: Magma Storm|[partiallytrapped]\n|upkeep\n|turn|19\n|\n|t:|1700770626\n|switch|p1a: Great Tusk|Great Tusk, tera:Fighting|100\/100\n|move|p2a: Blissey|Shadow Ball|p1a: Great Tusk\n|-crit|p1a: Great Tusk\n|-damage|p1a: Great Tusk|68\/100\n|-unboost|p1a: Great Tusk|spd|1\n|\n|-heal|p1a: Great Tusk|74\/100|[from] Grassy Terrain\n|-heal|p2a: Blissey|86\/100|[from] Grassy Terrain\n|-end|p2a: Blissey|Magma Storm|[partiallytrapped]|[silent]\n|upkeep\n|turn|20\n|\n|t:|1700770635\n|switch|p2a: Great Tusk|Great Tusk|100\/100\n|-damage|p2a: Great Tusk|98\/100|[from] Stealth Rock\n|move|p1a: Great Tusk|Close Combat|p2a: Great Tusk\n|-damage|p2a: Great Tusk|42\/100\n|-unboost|p1a: Great Tusk|def|1\n|-unboost|p1a: Great Tusk|spd|1\n|\n|-heal|p1a: Great Tusk|80\/100|[from] Grassy Terrain\n|-heal|p2a: Great Tusk|48\/100|[from] Grassy Terrain\n|-heal|p2a: Great Tusk|55\/100|[from] item: Leftovers\n|-fieldend|move: Grassy Terrain\n|upkeep\n|turn|21\n|\n|t:|1700770641\n|move|p1a: Great Tusk|Close Combat|p2a: Great Tusk\n|-damage|p2a: Great Tusk|0 fnt\n|-unboost|p1a: Great Tusk|def|1\n|-unboost|p1a: Great Tusk|spd|1\n|faint|p2a: Great Tusk\n|-end|p2a: Great Tusk|Protosynthesis|[silent]\n|\n|upkeep\n|\n|t:|1700770644\n|switch|p2a: Clefable|Clefable, M|71\/100\n|turn|22\n|\n|t:|1700770649\n|-end|p1a: Great Tusk|Protosynthesis|[silent]\n|switch|p1a: Rillaboom|Rillaboom, F|100\/100\n|-fieldstart|move: Grassy Terrain|[from] ability: Grassy Surge|[of] p1a: Rillaboom\n|move|p2a: Clefable|Stealth Rock|p1a: Rillaboom\n|-sidestart|p1: banjoindamanjo|move: Stealth Rock\n|\n|-heal|p2a: Clefable|77\/100|[from] Grassy Terrain\n|-heal|p2a: Clefable|83\/100|[from] item: Leftovers\n|upkeep\n|turn|23\n|\n|t:|1700770652\n|move|p2a: Clefable|Protect|p2a: Clefable\n|-singleturn|p2a: Clefable|Protect\n|move|p1a: Rillaboom|U-turn|p2a: Clefable\n|-activate|p2a: Clefable|move: Protect\n|\n|-heal|p2a: Clefable|90\/100|[from] Grassy Terrain\n|-heal|p2a: Clefable|96\/100|[from] item: Leftovers\n|upkeep\n|turn|24\n|\n|t:|1700770655\n|move|p1a: Rillaboom|U-turn|p2a: Clefable\n|-resisted|p2a: Clefable\n|-damage|p2a: Clefable|80\/100\n|\n|t:|1700770657\n|switch|p1a: Heatran|Heatran, F|83\/100|[from] U-turn\n|-damage|p1a: Heatran|70\/100|[from] Stealth Rock\n|move|p2a: Clefable|Moonblast|p1a: Heatran\n|-resisted|p1a: Heatran\n|-damage|p1a: Heatran|65\/100\n|\n|-heal|p1a: Heatran|71\/100|[from] Grassy Terrain\n|-heal|p1a: Heatran|78\/100|[from] item: Leftovers\n|-heal|p2a: Clefable|86\/100|[from] Grassy Terrain\n|-heal|p2a: Clefable|92\/100|[from] item: Leftovers\n|upkeep\n|turn|25\n|\n|t:|1700770661\n|move|p2a: Clefable|Protect|p2a: Clefable\n|-singleturn|p2a: Clefable|Protect\n|move|p1a: Heatran|Magma Storm|p2a: Clefable\n|-activate|p2a: Clefable|move: Protect\n|\n|-heal|p1a: Heatran|84\/100|[from] Grassy Terrain\n|-heal|p1a: Heatran|90\/100|[from] item: Leftovers\n|-heal|p2a: Clefable|98\/100|[from] Grassy Terrain\n|-heal|p2a: Clefable|100\/100|[from] item: Leftovers\n|upkeep\n|turn|26\n|\n|t:|1700770668\n|switch|p2a: Dondozo|Dondozo, F|100\/100 slp\n|-damage|p2a: Dondozo|88\/100 slp|[from] Stealth Rock\n|move|p1a: Heatran|Will-O-Wisp||[still]\n|-fail|p1a: Heatran\n|\n|-heal|p1a: Heatran|96\/100|[from] Grassy Terrain\n|-heal|p1a: Heatran|100\/100|[from] item: Leftovers\n|-heal|p2a: Dondozo|94\/100 slp|[from] Grassy Terrain\n|-heal|p2a: Dondozo|99\/100 slp|[from] item: Leftovers\n|-fieldend|move: Grassy Terrain\n|upkeep\n|turn|27\n|\n|t:|1700770676\n|switch|p1a: Toxapex|Toxapex, F|100\/100\n|-damage|p1a: Toxapex|88\/100|[from] Stealth Rock\n|cant|p2a: Dondozo|slp\n|move|p2a: Dondozo|Sleep Talk|p2a: Dondozo\n|move|p2a: Dondozo|Wave Crash|p1a: Toxapex|[from]move: Sleep Talk\n|-resisted|p1a: Toxapex\n|-damage|p1a: Toxapex|74\/100\n|-damage|p2a: Dondozo|98\/100 slp|[from] Recoil\n|\n|-heal|p2a: Dondozo|100\/100 slp|[from] item: Leftovers\n|upkeep\n|turn|28\n|\n|t:|1700770685\n|switch|p1a: Dragapult|Dragapult, F|66\/100\n|-damage|p1a: Dragapult|54\/100|[from] Stealth Rock\n|cant|p2a: Dondozo|slp\n|\n|upkeep\n|turn|29\n|\n|t:|1700770693\n|switch|p2a: Clefable|Clefable, M|100\/100\n|move|p1a: Dragapult|Draco Meteor|p2a: Clefable\n|-immune|p2a: Clefable\n|\n|upkeep\n|turn|30\n|\n|t:|1700770697\n|switch|p1a: Toxapex|Toxapex, F|100\/100\n|-damage|p1a: Toxapex|88\/100|[from] Stealth Rock\n|move|p2a: Clefable|Wish|p2a: Clefable\n|\n|upkeep\n|turn|31\n|\n|t:|1700770702\n|switch|p2a: Amoonguss|Amoonguss, M|47\/100\n|switch|p1a: Heatran|Heatran, F|100\/100\n|-damage|p1a: Heatran|88\/100|[from] Stealth Rock\n|\n|-heal|p2a: Amoonguss|93\/100|[from] move: Wish|[wisher] Clefable\n|-heal|p1a: Heatran|94\/100|[from] item: Leftovers\n|upkeep\n|turn|32\n|\n|t:|1700770710\n|switch|p1a: Rillaboom|Rillaboom, F|100\/100\n|-damage|p1a: Rillaboom|88\/100|[from] Stealth Rock\n|-fieldstart|move: Grassy Terrain|[from] ability: Grassy Surge|[of] p1a: Rillaboom\n|switch|p2a: Dondozo|Dondozo, F|100\/100 slp\n|-damage|p2a: Dondozo|88\/100 slp|[from] Stealth Rock\n|\n|-heal|p1a: Rillaboom|94\/100|[from] Grassy Terrain\n|-heal|p2a: Dondozo|94\/100 slp|[from] Grassy Terrain\n|-heal|p2a: Dondozo|99\/100 slp|[from] item: Leftovers\n|upkeep\n|turn|33\n|\n|t:|1700770717\n|switch|p2a: Amoonguss|Amoonguss, M|100\/100\n|move|p1a: Rillaboom|U-turn|p2a: Amoonguss\n|-damage|p2a: Amoonguss|71\/100\n|\n|t:|1700770725\n|switch|p1a: Dragapult|Dragapult, F|54\/100|[from] U-turn\n|-damage|p1a: Dragapult|42\/100|[from] Stealth Rock\n|\n|-heal|p1a: Dragapult|48\/100|[from] Grassy Terrain\n|-heal|p2a: Amoonguss|78\/100|[from] Grassy Terrain\n|upkeep\n|turn|34\n|\n|t:|1700770735\n|switch|p2a: Clefable|Clefable, M|100\/100\n|move|p1a: Dragapult|Flamethrower|p2a: Clefable\n|-damage|p2a: Clefable|65\/100\n|\n|-heal|p1a: Dragapult|53\/100|[from] Grassy Terrain\n|-heal|p2a: Clefable|71\/100|[from] Grassy Terrain\n|-heal|p2a: Clefable|77\/100|[from] item: Leftovers\n|upkeep\n|turn|35\n|\n|t:|1700770739\n|switch|p1a: Heatran|Heatran, F|94\/100\n|-damage|p1a: Heatran|82\/100|[from] Stealth Rock\n|move|p2a: Clefable|Moonblast|p1a: Heatran\n|-resisted|p1a: Heatran\n|-crit|p1a: Heatran\n|-damage|p1a: Heatran|75\/100\n|-unboost|p1a: Heatran|spa|1\n|\n|-heal|p1a: Heatran|81\/100|[from] Grassy Terrain\n|-heal|p1a: Heatran|88\/100|[from] item: Leftovers\n|-heal|p2a: Clefable|83\/100|[from] Grassy Terrain\n|-heal|p2a: Clefable|90\/100|[from] item: Leftovers\n|upkeep\n|turn|36\n|\n|t:|1700770745\n|switch|p1a: Toxapex|Toxapex, F|100\/100\n|-damage|p1a: Toxapex|88\/100|[from] Stealth Rock\n|move|p2a: Clefable|Moonblast|p1a: Toxapex\n|-resisted|p1a: Toxapex\n|-crit|p1a: Toxapex\n|-damage|p1a: Toxapex|73\/100\n|\n|-heal|p2a: Clefable|96\/100|[from] Grassy Terrain\n|-heal|p2a: Clefable|100\/100|[from] item: Leftovers\n|-heal|p1a: Toxapex|79\/100|[from] Grassy Terrain\n|-fieldend|move: Grassy Terrain\n|upkeep\n|turn|37\n|\n|t:|1700770750\n|switch|p2a: Amoonguss|Amoonguss, M|100\/100\n|move|p1a: Toxapex|Sludge Bomb|p2a: Amoonguss\n|-damage|p2a: Amoonguss|86\/100\n|\n|upkeep\n|turn|38\n|\n|t:|1700770756\n|switch|p1a: Hawlucha|Hawlucha, F|100\/100 slp\n|-damage|p1a: Hawlucha|88\/100 slp|[from] Stealth Rock\n|-ability|p1a: Hawlucha|Mold Breaker\n|switch|p2a: Dondozo|Dondozo, F|99\/100 slp\n|-damage|p2a: Dondozo|88\/100 slp|[from] Stealth Rock\n|\n|-heal|p2a: Dondozo|94\/100 slp|[from] item: Leftovers\n|upkeep\n|turn|39\n|\n|t:|1700770760\n|cant|p1a: Hawlucha|slp\n|-curestatus|p2a: Dondozo|slp|[msg]\n|move|p2a: Dondozo|Curse|p2a: Dondozo\n|-unboost|p2a: Dondozo|spe|1\n|-boost|p2a: Dondozo|atk|1\n|-boost|p2a: Dondozo|def|1\n|\n|-heal|p2a: Dondozo|99\/100|[from] item: Leftovers\n|upkeep\n|turn|40\n|\n|t:|1700770765\n|switch|p1a: Toxapex|Toxapex, F|100\/100\n|-damage|p1a: Toxapex|88\/100|[from] Stealth Rock\n|move|p2a: Dondozo|Wave Crash|p1a: Toxapex\n|-resisted|p1a: Toxapex\n|-damage|p1a: Toxapex|63\/100\n|-damage|p2a: Dondozo|95\/100|[from] Recoil\n|\n|-heal|p2a: Dondozo|100\/100|[from] item: Leftovers\n|upkeep\n|turn|41\n|\n|t:|1700770769\n|move|p1a: Toxapex|Haze|p1a: Toxapex\n|-clearallboost\n|move|p2a: Dondozo|Curse|p2a: Dondozo\n|-unboost|p2a: Dondozo|spe|1\n|-boost|p2a: Dondozo|atk|1\n|-boost|p2a: Dondozo|def|1\n|\n|upkeep\n|turn|42\n|\n|t:|1700770775\n|switch|p2a: Corviknight|Corviknight, F|88\/100\n|-damage|p2a: Corviknight|76\/100|[from] Stealth Rock\n|-ability|p2a: Corviknight|Pressure\n|move|p1a: Toxapex|Sludge Bomb|p2a: Corviknight\n|-immune|p2a: Corviknight\n|\n|-heal|p2a: Corviknight|82\/100|[from] item: Leftovers\n|upkeep\n|turn|43\n|\n|t:|1700770779\n|switch|p1a: Hawlucha|Hawlucha, F|88\/100 slp\n|-damage|p1a: Hawlucha|75\/100 slp|[from] Stealth Rock\n|-ability|p1a: Hawlucha|Mold Breaker\n|move|p2a: Corviknight|Body Press|p1a: Hawlucha\n|-resisted|p1a: Hawlucha\n|-damage|p1a: Hawlucha|63\/100 slp\n|-damage|p2a: Corviknight|65\/100|[from] item: Rocky Helmet|[of] p1a: Hawlucha\n|\n|-heal|p2a: Corviknight|71\/100|[from] item: Leftovers\n|upkeep\n|turn|44\n|\n|t:|1700770782\n|cant|p1a: Hawlucha|slp\n|move|p2a: Corviknight|Iron Defense|p2a: Corviknight\n|-boost|p2a: Corviknight|def|2\n|\n|-heal|p2a: Corviknight|77\/100|[from] item: Leftovers\n|upkeep\n|turn|45\n|\n|t:|1700770785\n|cant|p1a: Hawlucha|slp\n|move|p2a: Corviknight|Body Press|p1a: Hawlucha\n|-resisted|p1a: Hawlucha\n|-damage|p1a: Hawlucha|35\/100 slp\n|-damage|p2a: Corviknight|61\/100|[from] item: Rocky Helmet|[of] p1a: Hawlucha\n|\n|-heal|p2a: Corviknight|67\/100|[from] item: Leftovers\n|upkeep\n|turn|46\n|\n|t:|1700770791\n|-curestatus|p1a: Hawlucha|slp|[msg]\n|move|p1a: Hawlucha|Encore|p2a: Corviknight\n|-start|p2a: Corviknight|Encore\n|move|p2a: Corviknight|Body Press|p1a: Hawlucha\n|-resisted|p1a: Hawlucha\n|-damage|p1a: Hawlucha|8\/100\n|-damage|p2a: Corviknight|50\/100|[from] item: Rocky Helmet|[of] p1a: Hawlucha\n|\n|-heal|p2a: Corviknight|56\/100|[from] item: Leftovers\n|upkeep\n|turn|47\n|\n|t:|1700770807\n|move|p1a: Hawlucha|Roost|p1a: Hawlucha\n|-heal|p1a: Hawlucha|58\/100\n|-singleturn|p1a: Hawlucha|move: Roost\n|move|p2a: Corviknight|Body Press|p1a: Hawlucha\n|-damage|p1a: Hawlucha|3\/100\n|-damage|p2a: Corviknight|40\/100|[from] item: Rocky Helmet|[of] p1a: Hawlucha\n|\n|-heal|p2a: Corviknight|46\/100|[from] item: Leftovers\n|upkeep\n|turn|48\n|\n|t:|1700770813\n|move|p1a: Hawlucha|Roost|p1a: Hawlucha\n|-heal|p1a: Hawlucha|53\/100\n|-singleturn|p1a: Hawlucha|move: Roost\n|move|p2a: Corviknight|Body Press|p1a: Hawlucha\n|-damage|p1a: Hawlucha|1\/100\n|-damage|p2a: Corviknight|29\/100|[from] item: Rocky Helmet|[of] p1a: Hawlucha\n|\n|-heal|p2a: Corviknight|35\/100|[from] item: Leftovers\n|-end|p2a: Corviknight|Encore\n|upkeep\n|turn|49\n|\n|t:|1700770815\n|move|p1a: Hawlucha|Encore|p2a: Corviknight\n|-start|p2a: Corviknight|Encore\n|move|p2a: Corviknight|Body Press|p1a: Hawlucha\n|-resisted|p1a: Hawlucha\n|-damage|p1a: Hawlucha|0 fnt\n|-damage|p2a: Corviknight|19\/100|[from] item: Rocky Helmet|[of] p1a: Hawlucha\n|faint|p1a: Hawlucha\n|\n|-heal|p2a: Corviknight|25\/100|[from] item: Leftovers\n|upkeep\n|\n|t:|1700770840\n|switch|p1a: Great Tusk|Great Tusk, tera:Fighting|80\/100\n|-damage|p1a: Great Tusk|74\/100|[from] Stealth Rock\n|turn|50\n|\n|t:|1700770843\n|switch|p2a: Amoonguss|Amoonguss, M|100\/100\n|move|p1a: Great Tusk|Close Combat|p2a: Amoonguss\n|-resisted|p2a: Amoonguss\n|-damage|p2a: Amoonguss|54\/100\n|-unboost|p1a: Great Tusk|def|1\n|-unboost|p1a: Great Tusk|spd|1\n|\n|upkeep\n|turn|51\n|\n|t:|1700770853\n|-end|p1a: Great Tusk|Protosynthesis|[silent]\n|switch|p1a: Dragapult|Dragapult, F|53\/100\n|-damage|p1a: Dragapult|41\/100|[from] Stealth Rock\n|move|p2a: Amoonguss|Grass Knot|p1a: Dragapult\n|-resisted|p1a: Dragapult\n|-crit|p1a: Dragapult\n|-damage|p1a: Dragapult|15\/100\n|\n|upkeep\n|turn|52\n|\n|t:|1700770859\n|switch|p2a: Clefable|Clefable, M|100\/100\n|move|p1a: Dragapult|Flamethrower|p2a: Clefable\n|-damage|p2a: Clefable|66\/100\n|\n|-heal|p2a: Clefable|72\/100|[from] item: Leftovers\n|upkeep\n|turn|53\n|\n|t:|1700770864\n|switch|p1a: Heatran|Heatran, F|88\/100\n|-damage|p1a: Heatran|75\/100|[from] Stealth Rock\n|move|p2a: Clefable|Wish|p2a: Clefable\n|\n|-heal|p1a: Heatran|81\/100|[from] item: Leftovers\n|-heal|p2a: Clefable|78\/100|[from] item: Leftovers\n|upkeep\n|turn|54\n|\n|t:|1700770867\n|switch|p2a: Dondozo|Dondozo, F|100\/100\n|-damage|p2a: Dondozo|88\/100|[from] Stealth Rock\n|move|p1a: Heatran|Magma Storm|p2a: Dondozo\n|-resisted|p2a: Dondozo\n|-damage|p2a: Dondozo|73\/100\n|-activate|p2a: Dondozo|move: Magma Storm|[of] p1a: Heatran\n|\n|-heal|p2a: Dondozo|100\/100|[from] move: Wish|[wisher] Clefable\n|-heal|p1a: Heatran|88\/100|[from] item: Leftovers\n|-damage|p2a: Dondozo|88\/100|[from] move: Magma Storm|[partiallytrapped]\n|upkeep\n|turn|55\n|\n|t:|1700770873\n|switch|p1a: Rillaboom|Rillaboom, F|94\/100\n|-damage|p1a: Rillaboom|82\/100|[from] Stealth Rock\n|-fieldstart|move: Grassy Terrain|[from] ability: Grassy Surge|[of] p1a: Rillaboom\n|move|p2a: Dondozo|Curse|p2a: Dondozo\n|-unboost|p2a: Dondozo|spe|1\n|-boost|p2a: Dondozo|atk|1\n|-boost|p2a: Dondozo|def|1\n|\n|-heal|p1a: Rillaboom|88\/100|[from] Grassy Terrain\n|-heal|p2a: Dondozo|94\/100|[from] Grassy Terrain\n|-heal|p2a: Dondozo|99\/100|[from] item: Leftovers\n|-end|p2a: Dondozo|Magma Storm|[partiallytrapped]|[silent]\n|upkeep\n|turn|56\n|\n|t:|1700770877\n|switch|p2a: Amoonguss|Amoonguss, M|87\/100\n|move|p1a: Rillaboom|Wood Hammer|p2a: Amoonguss\n|-resisted|p2a: Amoonguss\n|-damage|p2a: Amoonguss|62\/100\n|-damage|p1a: Rillaboom|79\/100|[from] Recoil\n|\n|-heal|p1a: Rillaboom|85\/100|[from] Grassy Terrain\n|-heal|p2a: Amoonguss|68\/100|[from] Grassy Terrain\n|upkeep\n|turn|57\n|\n|t:|1700770882\n|switch|p1a: Toxapex|Toxapex, F|97\/100\n|-damage|p1a: Toxapex|84\/100|[from] Stealth Rock\n|move|p2a: Amoonguss|Grass Knot|p1a: Toxapex\n|-damage|p1a: Toxapex|73\/100\n|\n|-heal|p1a: Toxapex|79\/100|[from] Grassy Terrain\n|-heal|p2a: Amoonguss|75\/100|[from] Grassy Terrain\n|upkeep\n|turn|58\n|\n|t:|1700770890\n|move|p1a: Toxapex|Surf|p2a: Amoonguss\n|-resisted|p2a: Amoonguss\n|-damage|p2a: Amoonguss|67\/100\n|move|p2a: Amoonguss|Spore|p1a: Toxapex\n|-status|p1a: Toxapex|slp|[from] move: Spore\n|\n|-heal|p1a: Toxapex|86\/100 slp|[from] Grassy Terrain\n|-heal|p2a: Amoonguss|73\/100|[from] Grassy Terrain\n|upkeep\n|turn|59\n|\n|t:|1700770894\n|switch|p1a: Heatran|Heatran, F|88\/100\n|-damage|p1a: Heatran|75\/100|[from] Stealth Rock\n|switch|p2a: Clefable|Clefable, M|78\/100\n|\n|-heal|p1a: Heatran|81\/100|[from] Grassy Terrain\n|-heal|p1a: Heatran|88\/100|[from] item: Leftovers\n|-heal|p2a: Clefable|85\/100|[from] Grassy Terrain\n|-heal|p2a: Clefable|91\/100|[from] item: Leftovers\n|-fieldend|move: Grassy Terrain\n|upkeep\n|turn|60\n|\n|t:|1700770898\n|move|p2a: Clefable|Protect|p2a: Clefable\n|-singleturn|p2a: Clefable|Protect\n|move|p1a: Heatran|Earth Power|p2a: Clefable\n|-activate|p2a: Clefable|move: Protect\n|\n|-heal|p1a: Heatran|94\/100|[from] item: Leftovers\n|-heal|p2a: Clefable|97\/100|[from] item: Leftovers\n|upkeep\n|turn|61\n|\n|t:|1700770905\n|switch|p1a: Dragapult|Dragapult, F|15\/100\n|-damage|p1a: Dragapult|2\/100|[from] Stealth Rock\n|switch|p2a: Dondozo|Dondozo, F|99\/100\n|-damage|p2a: Dondozo|88\/100|[from] Stealth Rock\n|\n|-heal|p2a: Dondozo|94\/100|[from] item: Leftovers\n|upkeep\n|turn|62\n|\n|t:|1700770909\n|switch|p2a: Blissey|Blissey, F|86\/100\n|move|p1a: Dragapult|Shadow Ball|p2a: Blissey\n|-immune|p2a: Blissey\n|\n|upkeep\n|turn|63\n|\n|t:|1700770916\n|switch|p1a: Great Tusk|Great Tusk, tera:Fighting|74\/100\n|-damage|p1a: Great Tusk|68\/100|[from] Stealth Rock\n|move|p2a: Blissey|Shadow Ball|p1a: Great Tusk\n|-damage|p1a: Great Tusk|45\/100\n|\n|upkeep\n|turn|64\n|\n|t:|1700770920\n|switch|p2a: Amoonguss|Amoonguss, M|100\/100\n|move|p1a: Great Tusk|Close Combat|p2a: Amoonguss\n|-resisted|p2a: Amoonguss\n|-crit|p2a: Amoonguss\n|-damage|p2a: Amoonguss|28\/100\n|-unboost|p1a: Great Tusk|def|1\n|-unboost|p1a: Great Tusk|spd|1\n|\n|upkeep\n|turn|65\n|\n|t:|1700770930\n|switch|p2a: Clefable|Clefable, M|97\/100\n|move|p1a: Great Tusk|Close Combat|p2a: Clefable\n|-resisted|p2a: Clefable\n|-damage|p2a: Clefable|52\/100\n|-unboost|p1a: Great Tusk|def|1\n|-unboost|p1a: Great Tusk|spd|1\n|\n|-heal|p2a: Clefable|58\/100|[from] item: Leftovers\n|upkeep\n|turn|66\n|\n|t:|1700770952\n|-end|p1a: Great Tusk|Protosynthesis|[silent]\n|switch|p1a: Rillaboom|Rillaboom, F|85\/100\n|-damage|p1a: Rillaboom|73\/100|[from] Stealth Rock\n|-fieldstart|move: Grassy Terrain|[from] ability: Grassy Surge|[of] p1a: Rillaboom\n|move|p2a: Clefable|Wish|p2a: Clefable\n|\n|-heal|p1a: Rillaboom|79\/100|[from] Grassy Terrain\n|-heal|p2a: Clefable|64\/100|[from] Grassy Terrain\n|-heal|p2a: Clefable|71\/100|[from] item: Leftovers\n|upkeep\n|turn|67\n|\n|t:|1700770962\n|move|p2a: Clefable|Protect|p2a: Clefable\n|-singleturn|p2a: Clefable|Protect\n|move|p1a: Rillaboom|U-turn|p2a: Clefable\n|-activate|p2a: Clefable|move: Protect\n|\n|-heal|p2a: Clefable|100\/100|[from] move: Wish|[wisher] Clefable\n|-heal|p1a: Rillaboom|85\/100|[from] Grassy Terrain\n|upkeep\n|turn|68\n|\n|t:|1700770966\n|move|p1a: Rillaboom|U-turn|p2a: Clefable\n|-resisted|p2a: Clefable\n|-damage|p2a: Clefable|86\/100\n|\n|t:|1700770968\n|switch|p1a: Heatran|Heatran, F|94\/100|[from] U-turn\n|-damage|p1a: Heatran|81\/100|[from] Stealth Rock\n|move|p2a: Clefable|Wish|p2a: Clefable\n|\n|-heal|p1a: Heatran|88\/100|[from] Grassy Terrain\n|-heal|p1a: Heatran|94\/100|[from] item: Leftovers\n|-heal|p2a: Clefable|92\/100|[from] Grassy Terrain\n|-heal|p2a: Clefable|98\/100|[from] item: Leftovers\n|upkeep\n|turn|69\n|\n|t:|1700770975\n|switch|p2a: Dondozo|Dondozo, F|94\/100\n|-damage|p2a: Dondozo|81\/100|[from] Stealth Rock\n|move|p1a: Heatran|Will-O-Wisp|p2a: Dondozo\n|-status|p2a: Dondozo|brn\n|\n|-heal|p2a: Dondozo|100\/100 brn|[from] move: Wish|[wisher] Clefable\n|-heal|p1a: Heatran|99\/100|[from] Grassy Terrain\n|-heal|p1a: Heatran|100\/100|[from] item: Leftovers\n|-damage|p2a: Dondozo|94\/100 brn|[from] brn\n|upkeep\n|turn|70\n|\n|t:|1700770991\n|move|p1a: Heatran|Earth Power|p2a: Dondozo\n|-damage|p2a: Dondozo|78\/100 brn\n|move|p2a: Dondozo|Curse|p2a: Dondozo\n|-unboost|p2a: Dondozo|spe|1\n|-boost|p2a: Dondozo|atk|1\n|-boost|p2a: Dondozo|def|1\n|\n|-heal|p2a: Dondozo|84\/100 brn|[from] Grassy Terrain\n|-heal|p2a: Dondozo|90\/100 brn|[from] item: Leftovers\n|-damage|p2a: Dondozo|84\/100 brn|[from] brn\n|-fieldend|move: Grassy Terrain\n|upkeep\n|turn|71\n|\n|t:|1700770995\n|switch|p1a: Rillaboom|Rillaboom, F|85\/100\n|-damage|p1a: Rillaboom|73\/100|[from] Stealth Rock\n|-fieldstart|move: Grassy Terrain|[from] ability: Grassy Surge|[of] p1a: Rillaboom\n|move|p2a: Dondozo|Rest|p2a: Dondozo\n|-status|p2a: Dondozo|slp|[from] move: Rest\n|-heal|p2a: Dondozo|100\/100 slp|[silent]\n|\n|-heal|p1a: Rillaboom|79\/100|[from] Grassy Terrain\n|upkeep\n|turn|72\n|\n|t:|1700771002\n|switch|p2a: Amoonguss|Amoonguss, M|62\/100\n|move|p1a: Rillaboom|High Horsepower|p2a: Amoonguss\n|-crit|p2a: Amoonguss\n|-damage|p2a: Amoonguss|0 fnt\n|faint|p2a: Amoonguss\n|\n|-heal|p1a: Rillaboom|85\/100|[from] Grassy Terrain\n|upkeep\n|\n|t:|1700771007\n|switch|p2a: Corviknight|Corviknight, F|25\/100\n|-damage|p2a: Corviknight|12\/100|[from] Stealth Rock\n|-ability|p2a: Corviknight|Pressure\n|turn|73\n|\n|t:|1700771012\n|switch|p1a: Great Tusk|Great Tusk, tera:Fighting|45\/100\n|-damage|p1a: Great Tusk|39\/100|[from] Stealth Rock\n|move|p2a: Corviknight|Roost|p2a: Corviknight\n|-heal|p2a: Corviknight|62\/100\n|-singleturn|p2a: Corviknight|move: Roost\n|\n|-heal|p1a: Great Tusk|45\/100|[from] Grassy Terrain\n|-heal|p2a: Corviknight|68\/100|[from] Grassy Terrain\n|-heal|p2a: Corviknight|74\/100|[from] item: Leftovers\n|upkeep\n|turn|74\n|\n|t:|1700771019\n|switch|p2a: Clefable|Clefable, M|98\/100\n|move|p1a: Great Tusk|Close Combat|p2a: Clefable\n|-resisted|p2a: Clefable\n|-damage|p2a: Clefable|52\/100\n|-unboost|p1a: Great Tusk|def|1\n|-unboost|p1a: Great Tusk|spd|1\n|\n|-heal|p1a: Great Tusk|51\/100|[from] Grassy Terrain\n|-heal|p2a: Clefable|58\/100|[from] Grassy Terrain\n|-heal|p2a: Clefable|64\/100|[from] item: Leftovers\n|upkeep\n|turn|75\n|\n|t:|1700771024\n|-end|p1a: Great Tusk|Protosynthesis|[silent]\n|switch|p1a: Heatran|Heatran, F|100\/100\n|-damage|p1a: Heatran|88\/100|[from] Stealth Rock\n|move|p2a: Clefable|Moonblast|p1a: Heatran\n|-resisted|p1a: Heatran\n|-damage|p1a: Heatran|83\/100\n|\n|-heal|p1a: Heatran|89\/100|[from] Grassy Terrain\n|-heal|p1a: Heatran|95\/100|[from] item: Leftovers\n|-heal|p2a: Clefable|70\/100|[from] Grassy Terrain\n|-heal|p2a: Clefable|76\/100|[from] item: Leftovers\n|-fieldend|move: Grassy Terrain\n|upkeep\n|turn|76\n|\n|t:|1700771035\n|switch|p1a: Rillaboom|Rillaboom, F|85\/100\n|-damage|p1a: Rillaboom|73\/100|[from] Stealth Rock\n|-fieldstart|move: Grassy Terrain|[from] ability: Grassy Surge|[of] p1a: Rillaboom\n|move|p2a: Clefable|Protect||[still]\n|-fail|p2a: Clefable\n|\n|-heal|p1a: Rillaboom|79\/100|[from] Grassy Terrain\n|-heal|p2a: Clefable|82\/100|[from] Grassy Terrain\n|-heal|p2a: Clefable|88\/100|[from] item: Leftovers\n|upkeep\n|turn|77\n|\n|t:|1700771038\n|move|p2a: Clefable|Protect|p2a: Clefable\n|-singleturn|p2a: Clefable|Protect\n|move|p1a: Rillaboom|Wood Hammer|p2a: Clefable\n|-activate|p2a: Clefable|move: Protect\n|\n|-heal|p1a: Rillaboom|85\/100|[from] Grassy Terrain\n|-heal|p2a: Clefable|94\/100|[from] Grassy Terrain\n|-heal|p2a: Clefable|100\/100|[from] item: Leftovers\n|upkeep\n|turn|78\n|\n|t:|1700771042\n|switch|p1a: Great Tusk|Great Tusk, tera:Fighting|51\/100\n|-damage|p1a: Great Tusk|45\/100|[from] Stealth Rock\n|switch|p2a: Corviknight|Corviknight, F|74\/100\n|-damage|p2a: Corviknight|62\/100|[from] Stealth Rock\n|-ability|p2a: Corviknight|Pressure\n|\n|-heal|p1a: Great Tusk|51\/100|[from] Grassy Terrain\n|-heal|p2a: Corviknight|68\/100|[from] item: Leftovers\n|upkeep\n|turn|79\n|\n|t:|1700771049\n|switch|p2a: Clefable|Clefable, M|100\/100\n|move|p1a: Great Tusk|Knock Off|p2a: Clefable\n|-resisted|p2a: Clefable\n|-damage|p2a: Clefable|81\/100\n|-enditem|p2a: Clefable|Leftovers|[from] move: Knock Off|[of] p1a: Great Tusk\n|\n|-heal|p1a: Great Tusk|57\/100|[from] Grassy Terrain\n|-heal|p2a: Clefable|88\/100|[from] Grassy Terrain\n|upkeep\n|turn|80\n|\n|t:|1700771057\n|-end|p1a: Great Tusk|Protosynthesis|[silent]\n|switch|p1a: Heatran|Heatran, F|95\/100\n|-damage|p1a: Heatran|83\/100|[from] Stealth Rock\n|move|p2a: Clefable|Moonblast|p1a: Heatran\n|-resisted|p1a: Heatran\n|-damage|p1a: Heatran|78\/100\n|\n|-heal|p1a: Heatran|84\/100|[from] Grassy Terrain\n|-heal|p1a: Heatran|90\/100|[from] item: Leftovers\n|-heal|p2a: Clefable|94\/100|[from] Grassy Terrain\n|-fieldend|move: Grassy Terrain\n|upkeep\n|turn|81\n|\n|t:|1700771063\n|switch|p1a: Rillaboom|Rillaboom, F|85\/100\n|-damage|p1a: Rillaboom|73\/100|[from] Stealth Rock\n|-fieldstart|move: Grassy Terrain|[from] ability: Grassy Surge|[of] p1a: Rillaboom\n|switch|p2a: Blissey|Blissey, F|86\/100\n|\n|-heal|p1a: Rillaboom|79\/100|[from] Grassy Terrain\n|-heal|p2a: Blissey|93\/100|[from] Grassy Terrain\n|upkeep\n|turn|82\n|\n|t:|1700771068\n|switch|p2a: Corviknight|Corviknight, F|68\/100\n|-damage|p2a: Corviknight|56\/100|[from] Stealth Rock\n|-ability|p2a: Corviknight|Pressure\n|move|p1a: Rillaboom|U-turn|p2a: Corviknight\n|-resisted|p2a: Corviknight\n|-damage|p2a: Corviknight|50\/100\n|\n|t:|1700771074\n|switch|p1a: Great Tusk|Great Tusk, tera:Fighting|57\/100|[from] U-turn\n|-damage|p1a: Great Tusk|51\/100|[from] Stealth Rock\n|\n|-heal|p1a: Great Tusk|57\/100|[from] Grassy Terrain\n|-heal|p2a: Corviknight|56\/100|[from] item: Leftovers\n|upkeep\n|turn|83\n|\n|t:|1700771090\n|switch|p2a: Clefable|Clefable, M|94\/100\n|move|p1a: Great Tusk|Close Combat|p2a: Clefable\n|-resisted|p2a: Clefable\n|-damage|p2a: Clefable|47\/100\n|-unboost|p1a: Great Tusk|def|1\n|-unboost|p1a: Great Tusk|spd|1\n|\n|-heal|p1a: Great Tusk|63\/100|[from] Grassy Terrain\n|-heal|p2a: Clefable|53\/100|[from] Grassy Terrain\n|upkeep\n|turn|84\n|\n|t:|1700771094\n|-end|p1a: Great Tusk|Protosynthesis|[silent]\n|switch|p1a: Heatran|Heatran, F|90\/100\n|-damage|p1a: Heatran|78\/100|[from] Stealth Rock\n|move|p2a: Clefable|Wish|p2a: Clefable\n|\n|-heal|p1a: Heatran|84\/100|[from] Grassy Terrain\n|-heal|p1a: Heatran|90\/100|[from] item: Leftovers\n|-heal|p2a: Clefable|59\/100|[from] Grassy Terrain\n|upkeep\n|turn|85\n|\n|t:|1700771099\n|switch|p1a: Rillaboom|Rillaboom, F|79\/100\n|-damage|p1a: Rillaboom|67\/100|[from] Stealth Rock\n|move|p2a: Clefable|Protect||[still]\n|-fail|p2a: Clefable\n|\n|-heal|p2a: Clefable|100\/100|[from] move: Wish|[wisher] Clefable\n|-heal|p1a: Rillaboom|73\/100|[from] Grassy Terrain\n|-fieldend|move: Grassy Terrain\n|upkeep\n|turn|86\n|\n|t:|1700771105\n|move|p1a: Rillaboom|U-turn|p2a: Clefable\n|-resisted|p2a: Clefable\n|-damage|p2a: Clefable|86\/100\n|\n|t:|1700771107\n|switch|p1a: Heatran|Heatran, F|90\/100|[from] U-turn\n|-damage|p1a: Heatran|78\/100|[from] Stealth Rock\n|move|p2a: Clefable|Moonblast|p1a: Heatran\n|-resisted|p1a: Heatran\n|-crit|p1a: Heatran\n|-damage|p1a: Heatran|70\/100\n|\n|-heal|p1a: Heatran|76\/100|[from] item: Leftovers\n|upkeep\n|turn|87\n|\n|t:|1700771112\n|switch|p2a: Dondozo|Dondozo, F|100\/100 slp\n|-damage|p2a: Dondozo|88\/100 slp|[from] Stealth Rock\n|move|p1a: Heatran|Magma Storm|p2a: Dondozo\n|-resisted|p2a: Dondozo\n|-damage|p2a: Dondozo|75\/100 slp\n|-activate|p2a: Dondozo|move: Magma Storm|[of] p1a: Heatran\n|\n|-heal|p1a: Heatran|83\/100|[from] item: Leftovers\n|-heal|p2a: Dondozo|81\/100 slp|[from] item: Leftovers\n|-damage|p2a: Dondozo|69\/100 slp|[from] move: Magma Storm|[partiallytrapped]\n|upkeep\n|turn|88\n|\n|t:|1700771117\n|switch|p1a: Rillaboom|Rillaboom, F|73\/100\n|-damage|p1a: Rillaboom|61\/100|[from] Stealth Rock\n|-fieldstart|move: Grassy Terrain|[from] ability: Grassy Surge|[of] p1a: Rillaboom\n|cant|p2a: Dondozo|slp\n|move|p2a: Dondozo|Sleep Talk|p2a: Dondozo\n|move|p2a: Dondozo|Wave Crash|p1a: Rillaboom|[from]move: Sleep Talk\n|-resisted|p1a: Rillaboom\n|-damage|p1a: Rillaboom|41\/100\n|-damage|p2a: Dondozo|63\/100 slp|[from] Recoil\n|\n|-heal|p1a: Rillaboom|48\/100|[from] Grassy Terrain\n|-heal|p2a: Dondozo|70\/100 slp|[from] Grassy Terrain\n|-heal|p2a: Dondozo|76\/100 slp|[from] item: Leftovers\n|-end|p2a: Dondozo|Magma Storm|[partiallytrapped]|[silent]\n|upkeep\n|turn|89\n|l|\u2606banjoindamanjo\n|player|p1|\n|j|\u2606banjoindamanjo\n|player|p1|banjoindamanjo|musician\n|\n|t:|1700771150\n|switch|p2a: Corviknight|Corviknight, F|56\/100\n|-damage|p2a: Corviknight|44\/100|[from] Stealth Rock\n|-ability|p2a: Corviknight|Pressure\n|move|p1a: Rillaboom|U-turn|p2a: Corviknight\n|-resisted|p2a: Corviknight\n|-damage|p2a: Corviknight|38\/100\n|\n|t:|1700771155\n|switch|p1a: Heatran|Heatran, F|83\/100|[from] U-turn\n|-damage|p1a: Heatran|70\/100|[from] Stealth Rock\n|\n|-heal|p1a: Heatran|76\/100|[from] Grassy Terrain\n|-heal|p1a: Heatran|83\/100|[from] item: Leftovers\n|-heal|p2a: Corviknight|44\/100|[from] item: Leftovers\n|upkeep\n|turn|90\n|\n|t:|1700771166\n|switch|p2a: Blissey|Blissey, F|93\/100\n|move|p1a: Heatran|Magma Storm|p2a: Blissey\n|-damage|p2a: Blissey|79\/100\n|-activate|p2a: Blissey|move: Magma Storm|[of] p1a: Heatran\n|\n|-heal|p1a: Heatran|89\/100|[from] Grassy Terrain\n|-heal|p1a: Heatran|95\/100|[from] item: Leftovers\n|-heal|p2a: Blissey|86\/100|[from] Grassy Terrain\n|-damage|p2a: Blissey|73\/100|[from] move: Magma Storm|[partiallytrapped]\n|upkeep\n|turn|91\n|\n|t:|1700771179\n|switch|p1a: Rillaboom|Rillaboom, F|48\/100\n|-damage|p1a: Rillaboom|35\/100|[from] Stealth Rock\n|move|p2a: Blissey|Soft-Boiled|p2a: Blissey\n|-heal|p2a: Blissey|100\/100\n|\n|-heal|p1a: Rillaboom|41\/100|[from] Grassy Terrain\n|-end|p2a: Blissey|Magma Storm|[partiallytrapped]|[silent]\n|upkeep\n|turn|92\n|\n|t:|1700771184\n|switch|p2a: Clefable|Clefable, M|86\/100\n|move|p1a: Rillaboom|U-turn|p2a: Clefable\n|-resisted|p2a: Clefable\n|-damage|p2a: Clefable|70\/100\n|\n|t:|1700771191\n|switch|p1a: Heatran|Heatran, F|95\/100|[from] U-turn\n|-damage|p1a: Heatran|83\/100|[from] Stealth Rock\n|\n|-heal|p1a: Heatran|89\/100|[from] Grassy Terrain\n|-heal|p1a: Heatran|95\/100|[from] item: Leftovers\n|-heal|p2a: Clefable|76\/100|[from] Grassy Terrain\n|-fieldend|move: Grassy Terrain\n|upkeep\n|turn|93\n|\n|t:|1700771195\n|switch|p2a: Blissey|Blissey, F|100\/100\n|move|p1a: Heatran|Earth Power|p2a: Blissey\n|-damage|p2a: Blissey|92\/100\n|\n|-heal|p1a: Heatran|100\/100|[from] item: Leftovers\n|upkeep\n|turn|94\n|\n|t:|1700771199\n|move|p1a: Heatran|Will-O-Wisp|p2a: Blissey\n|-status|p2a: Blissey|brn\n|move|p2a: Blissey|Shadow Ball|p1a: Heatran\n|-damage|p1a: Heatran|92\/100\n|\n|-heal|p1a: Heatran|98\/100|[from] item: Leftovers\n|-damage|p2a: Blissey|86\/100 brn|[from] brn\n|upkeep\n|turn|95\n|\n|t:|1700771204\n|switch|p1a: Dragapult|Dragapult, F|2\/100\n|-damage|p1a: Dragapult|0 fnt|[from] Stealth Rock\n|faint|p1a: Dragapult\n|move|p2a: Blissey|Shadow Ball|p1: Dragapult|[notarget]\n|-fail|p2a: Blissey\n|\n|-damage|p2a: Blissey|80\/100 brn|[from] brn\n|upkeep\n|\n|t:|1700771206\n|switch|p1a: Rillaboom|Rillaboom, F|41\/100\n|-damage|p1a: Rillaboom|29\/100|[from] Stealth Rock\n|-fieldstart|move: Grassy Terrain|[from] ability: Grassy Surge|[of] p1a: Rillaboom\n|turn|96\n|\n|t:|1700771212\n|-curestatus|p2a: Blissey|brn|[from] ability: Natural Cure\n|switch|p2a: Clefable|Clefable, M|76\/100\n|move|p1a: Rillaboom|U-turn|p2a: Clefable\n|-resisted|p2a: Clefable\n|-damage|p2a: Clefable|62\/100\n|\n|t:|1700771216\n|switch|p1a: Great Tusk|Great Tusk, tera:Fighting|63\/100|[from] U-turn\n|-damage|p1a: Great Tusk|57\/100|[from] Stealth Rock\n|\n|-heal|p1a: Great Tusk|63\/100|[from] Grassy Terrain\n|-heal|p2a: Clefable|69\/100|[from] Grassy Terrain\n|upkeep\n|turn|97\n|\n|t:|1700771224\n|move|p2a: Clefable|Protect|p2a: Clefable\n|-singleturn|p2a: Clefable|Protect\n|move|p1a: Great Tusk|Headlong Rush|p2a: Clefable\n|-activate|p2a: Clefable|move: Protect\n|\n|-heal|p1a: Great Tusk|70\/100|[from] Grassy Terrain\n|-heal|p2a: Clefable|75\/100|[from] Grassy Terrain\n|upkeep\n|turn|98\n|\n|t:|1700771228\n|-end|p1a: Great Tusk|Protosynthesis|[silent]\n|switch|p1a: Heatran|Heatran, F|98\/100\n|-damage|p1a: Heatran|86\/100|[from] Stealth Rock\n|switch|p2a: Corviknight|Corviknight, F|44\/100\n|-damage|p2a: Corviknight|31\/100|[from] Stealth Rock\n|-ability|p2a: Corviknight|Pressure\n|\n|-heal|p1a: Heatran|92\/100|[from] Grassy Terrain\n|-heal|p1a: Heatran|98\/100|[from] item: Leftovers\n|-heal|p2a: Corviknight|37\/100|[from] item: Leftovers\n|upkeep\n|turn|99\n|\n|t:|1700771239\n|switch|p1a: Rillaboom|Rillaboom, F|29\/100\n|-damage|p1a: Rillaboom|17\/100|[from] Stealth Rock\n|switch|p2a: Blissey|Blissey, F|80\/100\n|\n|-heal|p1a: Rillaboom|23\/100|[from] Grassy Terrain\n|-heal|p2a: Blissey|86\/100|[from] Grassy Terrain\n|upkeep\n|turn|100\n|\n|t:|1700771244\n|switch|p2a: Clefable|Clefable, M|75\/100\n|move|p1a: Rillaboom|Wood Hammer|p2a: Clefable\n|-damage|p2a: Clefable|0 fnt\n|faint|p2a: Clefable\n|-damage|p1a: Rillaboom|0 fnt|[from] Recoil\n|faint|p1a: Rillaboom\n|\n|-fieldend|move: Grassy Terrain\n|upkeep\n|\n|t:|1700771261\n|switch|p1a: Heatran|Heatran, F|98\/100\n|switch|p2a: Corviknight|Corviknight, F|37\/100\n|-damage|p1a: Heatran|86\/100|[from] Stealth Rock\n|-damage|p2a: Corviknight|25\/100|[from] Stealth Rock\n|-ability|p2a: Corviknight|Pressure\n|turn|101\n|\n|t:|1700771270\n|switch|p2a: Blissey|Blissey, F|86\/100\n|move|p1a: Heatran|Will-O-Wisp|p2a: Blissey\n|-status|p2a: Blissey|brn\n|\n|-heal|p1a: Heatran|92\/100|[from] item: Leftovers\n|-damage|p2a: Blissey|80\/100 brn|[from] brn\n|upkeep\n|turn|102\n|\n|t:|1700771276\n|move|p1a: Heatran|Earth Power|p2a: Blissey\n|-damage|p2a: Blissey|72\/100 brn\n|move|p2a: Blissey|Shadow Ball|p1a: Heatran\n|-damage|p1a: Heatran|82\/100\n|\n|-heal|p1a: Heatran|88\/100|[from] item: Leftovers\n|-damage|p2a: Blissey|66\/100 brn|[from] brn\n|upkeep\n|turn|103\n|\n|t:|1700771280\n|switch|p1a: Great Tusk|Great Tusk, tera:Fighting|70\/100\n|-damage|p1a: Great Tusk|63\/100|[from] Stealth Rock\n|move|p2a: Blissey|Shadow Ball|p1a: Great Tusk\n|-damage|p1a: Great Tusk|40\/100\n|\n|-damage|p2a: Blissey|60\/100 brn|[from] brn\n|upkeep\n|turn|104\n|\n|t:|1700771293\n|-curestatus|p2a: Blissey|brn|[from] ability: Natural Cure\n|switch|p2a: Corviknight|Corviknight, F|25\/100\n|-damage|p2a: Corviknight|13\/100|[from] Stealth Rock\n|-ability|p2a: Corviknight|Pressure\n|move|p1a: Great Tusk|Knock Off|p2a: Corviknight\n|-damage|p2a: Corviknight|0 fnt\n|-enditem|p2a: Corviknight|Leftovers|[from] move: Knock Off|[of] p1a: Great Tusk\n|faint|p2a: Corviknight\n|\n|upkeep\n|\n|t:|1700771296\n|switch|p2a: Dondozo|Dondozo, F|76\/100 slp\n|-damage|p2a: Dondozo|63\/100 slp|[from] Stealth Rock\n|turn|105\n|\n|t:|1700771307\n|-end|p1a: Great Tusk|Protosynthesis|[silent]\n|switch|p1a: Toxapex|Toxapex, F|100\/100 slp\n|-damage|p1a: Toxapex|88\/100 slp|[from] Stealth Rock\n|cant|p2a: Dondozo|slp\n|move|p2a: Dondozo|Sleep Talk|p2a: Dondozo\n|move|p2a: Dondozo|Wave Crash|p1a: Toxapex|[from]move: Sleep Talk\n|-resisted|p1a: Toxapex\n|-damage|p1a: Toxapex|73\/100 slp\n|-damage|p2a: Dondozo|60\/100 slp|[from] Recoil\n|\n|-heal|p2a: Dondozo|66\/100 slp|[from] item: Leftovers\n|upkeep\n|turn|106\n|\n|t:|1700771311\n|-curestatus|p2a: Dondozo|slp|[msg]\n|move|p2a: Dondozo|Curse|p2a: Dondozo\n|-unboost|p2a: Dondozo|spe|1\n|-boost|p2a: Dondozo|atk|1\n|-boost|p2a: Dondozo|def|1\n|cant|p1a: Toxapex|slp\n|\n|-heal|p2a: Dondozo|73\/100|[from] item: Leftovers\n|upkeep\n|turn|107\n|\n|t:|1700771314\n|-curestatus|p1a: Toxapex|slp|[msg]\n|move|p1a: Toxapex|Haze|p1a: Toxapex\n|-clearallboost\n|move|p2a: Dondozo|Curse|p2a: Dondozo\n|-unboost|p2a: Dondozo|spe|1\n|-boost|p2a: Dondozo|atk|1\n|-boost|p2a: Dondozo|def|1\n|\n|-heal|p2a: Dondozo|79\/100|[from] item: Leftovers\n|upkeep\n|turn|108\n|\n|t:|1700771320\n|move|p1a: Toxapex|Haze|p1a: Toxapex\n|-clearallboost\n|move|p2a: Dondozo|Sleep Talk||[still]\n|-fail|p2a: Dondozo\n|\n|-heal|p2a: Dondozo|85\/100|[from] item: Leftovers\n|upkeep\n|turn|109\n|\n|t:|1700771327\n|switch|p2a: Blissey|Blissey, F|60\/100\n|move|p1a: Toxapex|Sludge Bomb|p2a: Blissey\n|-damage|p2a: Blissey|54\/100\n|-status|p2a: Blissey|psn\n|\n|-damage|p2a: Blissey|42\/100 psn|[from] psn\n|upkeep\n|turn|110\n|\n|t:|1700771348\n|switch|p1a: Great Tusk|Great Tusk, tera:Fighting|40\/100\n|-damage|p1a: Great Tusk|34\/100|[from] Stealth Rock\n|move|p2a: Blissey|Shadow Ball|p1a: Great Tusk\n|-damage|p1a: Great Tusk|11\/100\n|\n|-damage|p2a: Blissey|29\/100 psn|[from] psn\n|upkeep\n|turn|111\n|\n|t:|1700771353\n|move|p1a: Great Tusk|Headlong Rush|p2a: Blissey\n|-damage|p2a: Blissey|0 fnt\n|-unboost|p1a: Great Tusk|def|1\n|-unboost|p1a: Great Tusk|spd|1\n|faint|p2a: Blissey\n|\n|upkeep\n|\n|t:|1700771355\n|switch|p2a: Dondozo|Dondozo, F|85\/100\n|-damage|p2a: Dondozo|72\/100|[from] Stealth Rock\n|turn|112\n|\n|t:|1700771358\n|move|p1a: Great Tusk|Headlong Rush|p2a: Dondozo\n|-damage|p2a: Dondozo|14\/100\n|-unboost|p1a: Great Tusk|def|1\n|-unboost|p1a: Great Tusk|spd|1\n|move|p2a: Dondozo|Curse|p2a: Dondozo\n|-unboost|p2a: Dondozo|spe|1\n|-boost|p2a: Dondozo|atk|1\n|-boost|p2a: Dondozo|def|1\n|\n|-heal|p2a: Dondozo|20\/100|[from] item: Leftovers\n|upkeep\n|turn|113\n|-message|Pokemh forfeited.\n|\n|win|banjoindamanjo\n|raw|banjoindamanjo's rating: 1744 &rarr; <strong>1760<\/strong><br \/>(+16 for winning)\n|raw|Pokemh's rating: 1675 &rarr; <strong>1659<\/strong><br \/>(-16 for losing)\n|l|\u203dPokemh\n|l| eeferrrerere\n","uploadtime":1700771380,"views":27,"p1id":"banjoindamanjo","p2id":"pokemh","formatid":"gen9ou","rating":1659,"private":0,"password":""}