{"id":"gen9ou-1988385372","p1":"Ciaran45","p2":"KOTONOHOUSE","format":"[Gen 9] OU","log":"|j|\u2606Ciaran45\n|j|\u2606KOTONOHOUSE\n|t:|1699716971\n|gametype|singles\n|player|p1|Ciaran45|turo-ai|1117\n|player|p2|KOTONOHOUSE|unknown|1125\n|teamsize|p1|6\n|teamsize|p2|6\n|gen|9\n|tier|[Gen 9] OU\n|rated|\n|rule|Sleep Clause Mod: Limit one foe put to sleep\n|rule|Species Clause: Limit one of each Pok\u00e9mon\n|rule|OHKO Clause: OHKO moves are banned\n|rule|Evasion Items Clause: Evasion items are banned\n|rule|Evasion Moves Clause: Evasion moves are banned\n|rule|Endless Battle Clause: Forcing endless battles is banned\n|rule|HP Percentage Mod: HP is shown in percentages\n|clearpoke\n|poke|p1|Kingambit, F|\n|poke|p1|Dragonite, M|\n|poke|p1|Slowking-Galar, M|\n|poke|p1|Great Tusk|\n|poke|p1|Skeledirge, M|\n|poke|p1|Glimmora, M|\n|poke|p2|Kingambit, F|\n|poke|p2|Heatran, F|\n|poke|p2|Garchomp, M|\n|poke|p2|Scizor, F|\n|poke|p2|Samurott-Hisui, F|\n|poke|p2|Cresselia, F|\n|teampreview\n|\n|t:|1699716979\n|start\n|switch|p1a: Glimmora|Glimmora, M|100\/100\n|switch|p2a: Samurott|Samurott-Hisui, F|100\/100\n|turn|1\n|inactive|Battle timer is ON: inactive players will automatically lose when time's up. (requested by KOTONOHOUSE)\n|\n|t:|1699716988\n|move|p1a: Glimmora|Stealth Rock|p2a: Samurott\n|-sidestart|p2: KOTONOHOUSE|move: Stealth Rock\n|move|p2a: Samurott|Ceaseless Edge|p1a: Glimmora\n|-crit|p1a: Glimmora\n|-damage|p1a: Glimmora|25\/100\n|-activate|p1a: Glimmora|ability: Toxic Debris\n|-sidestart|p2: KOTONOHOUSE|move: Toxic Spikes\n|-sidestart|p1: Ciaran45|Spikes\n|\n|upkeep\n|turn|2\n|\n|t:|1699716998\n|move|p2a: Samurott|Aqua Jet|p1a: Glimmora\n|-supereffective|p1a: Glimmora\n|-damage|p1a: Glimmora|0 fnt\n|-activate|p1a: Glimmora|ability: Toxic Debris\n|-sidestart|p2: KOTONOHOUSE|move: Toxic Spikes\n|faint|p1a: Glimmora\n|\n|upkeep\n|\n|t:|1699717007\n|switch|p1a: Great Tusk|Great Tusk|100\/100\n|-damage|p1a: Great Tusk|88\/100|[from] Spikes\n|-enditem|p1a: Great Tusk|Booster Energy\n|-activate|p1a: Great Tusk|ability: Protosynthesis|[fromitem]\n|-start|p1a: Great Tusk|protosynthesisspe\n|turn|3\n|\n|t:|1699717016\n|move|p1a: Great Tusk|Close Combat|p2a: Samurott\n|-supereffective|p2a: Samurott\n|-enditem|p2a: Samurott|Focus Sash\n|-damage|p2a: Samurott|1\/100\n|-unboost|p1a: Great Tusk|def|1\n|-unboost|p1a: Great Tusk|spd|1\n|move|p2a: Samurott|Ceaseless Edge|p1a: Great Tusk\n|-resisted|p1a: Great Tusk\n|-damage|p1a: Great Tusk|67\/100\n|-sidestart|p1: Ciaran45|Spikes\n|\n|upkeep\n|turn|4\n|\n|t:|1699717033\n|move|p2a: Samurott|Aqua Jet|p1a: Great Tusk\n|-supereffective|p1a: Great Tusk\n|-damage|p1a: Great Tusk|34\/100\n|move|p1a: Great Tusk|Ice Spinner|p2a: Samurott\n|-resisted|p2a: Samurott\n|-damage|p2a: Samurott|0 fnt\n|faint|p2a: Samurott\n|\n|upkeep\n|inactive|KOTONOHOUSE has 120 seconds left.\n|\n|t:|1699717063\n|switch|p2a: Scizor|Scizor, F|100\/100\n|-damage|p2a: Scizor|88\/100|[from] Stealth Rock\n|turn|5\n|inactive|KOTONOHOUSE has 120 seconds left.\n|\n|t:|1699717071\n|move|p2a: Scizor|Bullet Punch|p1a: Great Tusk\n|-damage|p1a: Great Tusk|0 fnt\n|faint|p1a: Great Tusk\n|-end|p1a: Great Tusk|Protosynthesis|[silent]\n|\n|upkeep\n|\n|t:|1699717075\n|switch|p1a: Skeledirge|Skeledirge, M|100\/100\n|-damage|p1a: Skeledirge|84\/100|[from] Spikes\n|turn|6\n|\n|t:|1699717084\n|switch|p2a: Heatran|Heatran, F|100\/100\n|-damage|p2a: Heatran|88\/100|[from] Stealth Rock\n|move|p1a: Skeledirge|Torch Song|p2a: Heatran\n|-start|p2a: Heatran|ability: Flash Fire\n|\n|-heal|p2a: Heatran|94\/100|[from] item: Leftovers\n|upkeep\n|turn|7\n|\n|t:|1699717096\n|move|p2a: Heatran|Magma Storm|p1a: Skeledirge\n|-resisted|p1a: Skeledirge\n|-damage|p1a: Skeledirge|48\/100\n|-activate|p1a: Skeledirge|move: Magma Storm|[of] p2a: Heatran\n|move|p1a: Skeledirge|Earth Power|p2a: Heatran\n|-supereffective|p2a: Heatran\n|-damage|p2a: Heatran|10\/100\n|\n|-heal|p2a: Heatran|17\/100|[from] item: Leftovers\n|-damage|p1a: Skeledirge|36\/100|[from] move: Magma Storm|[partiallytrapped]\n|upkeep\n|turn|8\n|\n|t:|1699717107\n|move|p2a: Heatran|Protect|p2a: Heatran\n|-singleturn|p2a: Heatran|Protect\n|move|p1a: Skeledirge|Slack Off|p1a: Skeledirge\n|-heal|p1a: Skeledirge|86\/100\n|\n|-heal|p2a: Heatran|23\/100|[from] item: Leftovers\n|-damage|p1a: Skeledirge|73\/100|[from] move: Magma Storm|[partiallytrapped]\n|upkeep\n|turn|9\n|\n|t:|1699717121\n|move|p2a: Heatran|Earth Power|p1a: Skeledirge\n|-supereffective|p1a: Skeledirge\n|-damage|p1a: Skeledirge|21\/100\n|move|p1a: Skeledirge|Slack Off|p1a: Skeledirge\n|-heal|p1a: Skeledirge|71\/100\n|\n|-heal|p2a: Heatran|29\/100|[from] item: Leftovers\n|-damage|p1a: Skeledirge|59\/100|[from] move: Magma Storm|[partiallytrapped]\n|upkeep\n|turn|10\n|\n|t:|1699717135\n|move|p2a: Heatran|Earth Power|p1a: Skeledirge\n|-supereffective|p1a: Skeledirge\n|-damage|p1a: Skeledirge|6\/100\n|move|p1a: Skeledirge|Earth Power|p2a: Heatran\n|-supereffective|p2a: Heatran\n|-damage|p2a: Heatran|0 fnt\n|faint|p2a: Heatran\n|\n|-end|p1a: Skeledirge|Magma Storm|[partiallytrapped]|[silent]\n|upkeep\n|\n|t:|1699717153\n|switch|p2a: Scizor|Scizor, F|88\/100\n|-damage|p2a: Scizor|76\/100|[from] Stealth Rock\n|turn|11\n|\n|t:|1699717159\n|move|p2a: Scizor|Bullet Punch|p1a: Skeledirge\n|-resisted|p1a: Skeledirge\n|-damage|p1a: Skeledirge|0 fnt\n|faint|p1a: Skeledirge\n|\n|upkeep\n|\n|t:|1699717163\n|switch|p1a: Slowking|Slowking-Galar, M|100\/100\n|-damage|p1a: Slowking|84\/100|[from] Spikes\n|turn|12\n|\n|t:|1699717170\n|move|p2a: Scizor|Bullet Punch|p1a: Slowking\n|-damage|p1a: Slowking|30\/100\n|move|p1a: Slowking|Flamethrower|p2a: Scizor\n|-supereffective|p2a: Scizor\n|-damage|p2a: Scizor|0 fnt\n|faint|p2a: Scizor\n|\n|upkeep\n|\n|t:|1699717184\n|switch|p2a: Garchomp|Garchomp, M|100\/100\n|-damage|p2a: Garchomp|94\/100|[from] Stealth Rock\n|-status|p2a: Garchomp|tox\n|turn|13\n|\n|t:|1699717199\n|move|p2a: Garchomp|Earthquake|p1a: Slowking\n|-supereffective|p1a: Slowking\n|-damage|p1a: Slowking|0 fnt\n|faint|p1a: Slowking\n|\n|-damage|p2a: Garchomp|88\/100 tox|[from] psn\n|upkeep\n|\n|t:|1699717213\n|switch|p1a: Dragonite|Dragonite, M|100\/100\n|turn|14\n|\n|t:|1699717224\n|-terastallize|p1a: Dragonite|Normal\n|move|p1a: Dragonite|Dragon Claw|p2a: Garchomp\n|-supereffective|p2a: Garchomp\n|-damage|p2a: Garchomp|12\/100 tox\n|-damage|p1a: Dragonite|88\/100|[from] ability: Rough Skin|[of] p2a: Garchomp\n|-damage|p1a: Dragonite|72\/100|[from] item: Rocky Helmet|[of] p2a: Garchomp\n|move|p2a: Garchomp|Dragon Tail|p1a: Dragonite\n|-damage|p1a: Dragonite|45\/100\n|drag|p1a: Kingambit|Kingambit, F, shiny|100\/100\n|-damage|p1a: Kingambit|84\/100|[from] Spikes\n|-activate|p1a: Kingambit|ability: Supreme Overlord\n|-start|p1a: Kingambit|fallen4|[silent]\n|\n|-heal|p1a: Kingambit|90\/100|[from] item: Leftovers\n|-damage|p2a: Garchomp|0 fnt|[from] psn\n|faint|p2a: Garchomp\n|upkeep\n|\n|t:|1699717247\n|switch|p2a: Cresselia|Cresselia, F|100\/100\n|-damage|p2a: Cresselia|88\/100|[from] Stealth Rock\n|turn|15\n|\n|t:|1699717261\n|move|p2a: Cresselia|Calm Mind|p2a: Cresselia\n|-boost|p2a: Cresselia|spa|1\n|-boost|p2a: Cresselia|spd|1\n|move|p1a: Kingambit|Kowtow Cleave|p2a: Cresselia\n|-supereffective|p2a: Cresselia\n|-damage|p2a: Cresselia|8\/100\n|\n|-heal|p2a: Cresselia|14\/100|[from] item: Leftovers\n|-heal|p1a: Kingambit|96\/100|[from] item: Leftovers\n|upkeep\n|turn|16\n|inactive|KOTONOHOUSE has 120 seconds left.\n|\n|t:|1699717299\n|move|p1a: Kingambit|Sucker Punch||[still]\n|-fail|p1a: Kingambit\n|move|p2a: Cresselia|Calm Mind|p2a: Cresselia\n|-boost|p2a: Cresselia|spa|1\n|-boost|p2a: Cresselia|spd|1\n|\n|-heal|p2a: Cresselia|20\/100|[from] item: Leftovers\n|-heal|p1a: Kingambit|100\/100|[from] item: Leftovers\n|upkeep\n|turn|17\n|\n|t:|1699717308\n|move|p2a: Cresselia|Moonlight|p2a: Cresselia\n|-heal|p2a: Cresselia|70\/100\n|move|p1a: Kingambit|Kowtow Cleave|p2a: Cresselia\n|-supereffective|p2a: Cresselia\n|-damage|p2a: Cresselia|0 fnt\n|faint|p2a: Cresselia\n|\n|upkeep\n|\n|t:|1699717317\n|switch|p2a: Kingambit|Kingambit, F|100\/100\n|-damage|p2a: Kingambit|94\/100|[from] Stealth Rock\n|-activate|p2a: Kingambit|ability: Supreme Overlord\n|-start|p2a: Kingambit|fallen5|[silent]\n|turn|18\n|\n|t:|1699717327\n|move|p2a: Kingambit|Iron Head|p1a: Kingambit\n|-resisted|p1a: Kingambit\n|-damage|p1a: Kingambit|76\/100\n|cant|p1a: Kingambit|flinch\n|\n|-heal|p2a: Kingambit|100\/100|[from] item: Leftovers\n|-heal|p1a: Kingambit|82\/100|[from] item: Leftovers\n|upkeep\n|turn|19\n|\n|t:|1699717336\n|move|p2a: Kingambit|Iron Head|p1a: Kingambit\n|-resisted|p1a: Kingambit\n|-damage|p1a: Kingambit|55\/100\n|move|p1a: Kingambit|Swords Dance|p1a: Kingambit\n|-boost|p1a: Kingambit|atk|2\n|\n|-heal|p1a: Kingambit|61\/100|[from] item: Leftovers\n|upkeep\n|turn|20\n|\n|t:|1699717344\n|move|p2a: Kingambit|Iron Head|p1a: Kingambit\n|-resisted|p1a: Kingambit\n|-damage|p1a: Kingambit|34\/100\n|move|p1a: Kingambit|Swords Dance|p1a: Kingambit\n|-boost|p1a: Kingambit|atk|2\n|\n|-heal|p1a: Kingambit|40\/100|[from] item: Leftovers\n|upkeep\n|turn|21\n|inactive|KOTONOHOUSE has 120 seconds left.\n|c|\u2606Ciaran45|!weakness kingambit\n|c| Ciaran45|\/raw <div class=\"infobox\">Kingambit (ignoring abilities):<br \/><span class=\"message-effect-weak\">Weaknesses<\/span>: <b>Fighting<\/b>, Fire, Ground<br \/><span class=\"message-effect-resist\">Resistances<\/span>: Dark, Dragon, Flying, Ghost, Grass, Ice, Normal, Rock, Steel<br \/><span class=\"message-effect-immune\">Immunities<\/span>: Poison, Psychic, Prankster, Sandstorm damage, Toxic<\/div>\n|\n|t:|1699717365\n|move|p2a: Kingambit|Iron Head|p1a: Kingambit\n|-resisted|p1a: Kingambit\n|-damage|p1a: Kingambit|13\/100\n|move|p1a: Kingambit|Kowtow Cleave|p2a: Kingambit\n|-resisted|p2a: Kingambit\n|-damage|p2a: Kingambit|21\/100\n|\n|-heal|p2a: Kingambit|27\/100|[from] item: Leftovers\n|-heal|p1a: Kingambit|19\/100|[from] item: Leftovers\n|upkeep\n|turn|22\n|inactive|KOTONOHOUSE has 120 seconds left.\n|\n|t:|1699717382\n|move|p2a: Kingambit|Sucker Punch|p1a: Kingambit\n|-resisted|p1a: Kingambit\n|-damage|p1a: Kingambit|0 fnt\n|faint|p1a: Kingambit\n|-end|p1a: Kingambit|fallen4|[silent]\n|\n|-heal|p2a: Kingambit|33\/100|[from] item: Leftovers\n|upkeep\n|inactive|Ciaran45 has 120 seconds left.\n|inactive|Ciaran45 has 90 seconds left.\n|inactive|Ciaran45 has 60 seconds left.\n|\n|t:|1699717473\n|switch|p1a: Dragonite|Dragonite, M, tera:Normal|45\/100\n|turn|23\n|\n|t:|1699717485\n|-terastallize|p2a: Kingambit|Fairy\n|move|p1a: Dragonite|Earthquake|p2a: Kingambit\n|-damage|p2a: Kingambit|6\/100\n|move|p2a: Kingambit|Tera Blast|p1a: Dragonite|[anim] Tera Blast Fairy\n|-damage|p1a: Dragonite|0 fnt\n|faint|p1a: Dragonite\n|\n|win|KOTONOHOUSE\n|raw|Ciaran45's rating: 1117 &rarr; <strong>1093<\/strong><br \/>(-24 for losing)\n|raw|KOTONOHOUSE's rating: 1125 &rarr; <strong>1149<\/strong><br \/>(+24 for winning)\n|c|\u2606Ciaran45|gg\n|c|\u2606Ciaran45|wp\n|c|\u2606KOTONOHOUSE|Wow that was bs\n|c|\u2606KOTONOHOUSE|Gg\n","uploadtime":1699717506,"views":16,"p1id":"ciaran45","p2id":"kotonohouse","formatid":"gen9ou","rating":1093,"private":0,"password":""}