{"id":"gen9ou-1994476989","p1":"plodu","p2":"thunderdog_32","format":"[Gen 9] OU","log":"|j|\u2606plodu\n|j|\u2606thunderdog_32\n|t:|1700448428\n|gametype|singles\n|player|p1|plodu|170|1337\n|player|p2|thunderdog_32|169|1316\n|teamsize|p1|6\n|teamsize|p2|6\n|gen|9\n|tier|[Gen 9] OU\n|rated|\n|rule|Sleep Clause Mod: Limit one foe put to sleep\n|rule|Species Clause: Limit one of each Pok\u00e9mon\n|rule|OHKO Clause: OHKO moves are banned\n|rule|Evasion Items Clause: Evasion items are banned\n|rule|Evasion Moves Clause: Evasion moves are banned\n|rule|Endless Battle Clause: Forcing endless battles is banned\n|rule|HP Percentage Mod: HP is shown in percentages\n|clearpoke\n|poke|p1|Ninetales-Alola, F|\n|poke|p1|Ceruledge, M|\n|poke|p1|Hawlucha, M|\n|poke|p1|Greninja-*, F|\n|poke|p1|Sandslash-Alola, M|\n|poke|p1|Manaphy|\n|poke|p2|Hatterene, F|\n|poke|p2|Great Tusk|\n|poke|p2|Heatran, F|\n|poke|p2|Ogerpon-Wellspring, F|\n|poke|p2|Zapdos|\n|poke|p2|Dragapult, M|\n|teampreview\n|inactive|Battle timer is ON: inactive players will automatically lose when time's up. (requested by thunderdog_32)\n|c|\u2606plodu|glf\n|c|\u2606plodu|glhf\n|\n|t:|1700448443\n|start\n|switch|p1a: Ceruledge|Ceruledge, M|100\/100\n|switch|p2a: Heatran|Heatran, F|100\/100\n|turn|1\n|\n|t:|1700448454\n|switch|p2a: Zapdos|Zapdos|100\/100\n|move|p1a: Ceruledge|Taunt|p2a: Zapdos\n|-start|p2a: Zapdos|move: Taunt\n|\n|upkeep\n|turn|2\n|\n|t:|1700448459\n|move|p2a: Zapdos|Volt Switch|p1a: Ceruledge\n|-damage|p1a: Ceruledge|80\/100\n|\n|t:|1700448464\n|switch|p2a: Great Tusk|Great Tusk|100\/100|[from] Volt Switch\n|move|p1a: Ceruledge|Swords Dance|p1a: Ceruledge\n|-boost|p1a: Ceruledge|atk|2\n|\n|upkeep\n|turn|3\n|\n|t:|1700448473\n|-terastallize|p1a: Ceruledge|Bug\n|move|p2a: Great Tusk|Headlong Rush|p1a: Ceruledge\n|-resisted|p1a: Ceruledge\n|-damage|p1a: Ceruledge|47\/100\n|-unboost|p2a: Great Tusk|def|1\n|-unboost|p2a: Great Tusk|spd|1\n|move|p1a: Ceruledge|Swords Dance|p1a: Ceruledge\n|-boost|p1a: Ceruledge|atk|2\n|\n|upkeep\n|turn|4\n|\n|t:|1700448484\n|move|p2a: Great Tusk|Knock Off|p1a: Ceruledge\n|-damage|p1a: Ceruledge|8\/100\n|-enditem|p1a: Ceruledge|Heavy-Duty Boots|[from] move: Knock Off|[of] p2a: Great Tusk\n|move|p1a: Ceruledge|Bitter Blade|p2a: Great Tusk\n|-damage|p2a: Great Tusk|0 fnt\n|-heal|p1a: Ceruledge|60\/100|[from] drain|[of] p2a: Great Tusk\n|faint|p2a: Great Tusk\n|-end|p2a: Great Tusk|Protosynthesis|[silent]\n|\n|upkeep\n|\n|t:|1700448490\n|switch|p2a: Ogerpon|Ogerpon-Wellspring, F|100\/100\n|turn|5\n|\n|t:|1700448497\n|move|p1a: Ceruledge|Shadow Sneak|p2a: Ogerpon\n|-damage|p2a: Ogerpon|40\/100\n|move|p2a: Ogerpon|Ivy Cudgel|p1a: Ceruledge|[anim] Ivy Cudgel Water\n|-damage|p1a: Ceruledge|0 fnt\n|faint|p1a: Ceruledge\n|\n|upkeep\n|\n|t:|1700448504\n|switch|p1a: Ninetales|Ninetales-Alola, F|100\/100\n|-weather|Snow|[from] ability: Snow Warning|[of] p1a: Ninetales\n|turn|6\n|\n|t:|1700448513\n|-terastallize|p2a: Ogerpon|Water\n|detailschange|p2a: Ogerpon|Ogerpon-Wellspring-Tera, F, tera:Water\n|-ability|p2a: Ogerpon|Embody Aspect (Wellspring)|boost\n|-boost|p2a: Ogerpon|spd|1\n|move|p2a: Ogerpon|Taunt|p1a: Ninetales\n|-start|p1a: Ninetales|move: Taunt\n|cant|p1a: Ninetales|move: Taunt|Aurora Veil\n|\n|-weather|Snow|[upkeep]\n|upkeep\n|turn|7\n|\n|t:|1700448528\n|move|p2a: Ogerpon|U-turn|p1a: Ninetales\n|-resisted|p1a: Ninetales\n|-damage|p1a: Ninetales|88\/100\n|\n|t:|1700448530\n|switch|p2a: Heatran|Heatran, F|100\/100|[from] U-turn\n|move|p1a: Ninetales|Freeze-Dry|p2a: Heatran\n|-resisted|p2a: Heatran\n|-damage|p2a: Heatran|97\/100\n|\n|-weather|Snow|[upkeep]\n|-heal|p2a: Heatran|100\/100|[from] item: Leftovers\n|upkeep\n|turn|8\n|\n|t:|1700448540\n|switch|p1a: Greninja|Greninja, F, shiny|100\/100\n|move|p2a: Heatran|Magma Storm|p1a: Greninja|[miss]\n|-miss|p2a: Heatran|p1a: Greninja\n|\n|-weather|Snow|[upkeep]\n|upkeep\n|turn|9\n|\n|t:|1700448559\n|switch|p2a: Ogerpon|Ogerpon-Wellspring-Tera, F, tera:Water|40\/100\n|-ability|p2a: Ogerpon|Embody Aspect (Wellspring)|boost\n|-boost|p2a: Ogerpon|spd|1\n|move|p1a: Greninja|Dark Pulse|p2a: Ogerpon\n|-start|p1a: Greninja|typechange|Dark|[from] ability: Protean\n|-damage|p2a: Ogerpon|0 fnt\n|faint|p2a: Ogerpon\n|\n|-weather|Snow|[upkeep]\n|upkeep\n|\n|t:|1700448567\n|switch|p2a: Hatterene|Hatterene, F|100\/100\n|turn|10\n|\n|t:|1700448574\n|switch|p1a: Sandslash|Sandslash-Alola, M|100\/100\n|move|p2a: Hatterene|Mystical Fire|p1a: Sandslash\n|-supereffective|p1a: Sandslash\n|-damage|p1a: Sandslash|0 fnt\n|faint|p1a: Sandslash\n|\n|-weather|none\n|upkeep\n|\n|t:|1700448582\n|switch|p1a: Manaphy|Manaphy|100\/100\n|turn|11\n|\n|t:|1700448585\n|move|p1a: Manaphy|Tail Glow|p1a: Manaphy\n|-boost|p1a: Manaphy|spa|3\n|move|p2a: Hatterene|Calm Mind|p2a: Hatterene\n|-boost|p2a: Hatterene|spa|1\n|-boost|p2a: Hatterene|spd|1\n|\n|upkeep\n|turn|12\n|\n|t:|1700448588\n|move|p1a: Manaphy|Tail Glow|p1a: Manaphy\n|-boost|p1a: Manaphy|spa|3\n|move|p2a: Hatterene|Calm Mind|p2a: Hatterene\n|-boost|p2a: Hatterene|spa|1\n|-boost|p2a: Hatterene|spd|1\n|\n|upkeep\n|turn|13\n|\n|t:|1700448593\n|move|p1a: Manaphy|Scald|p2a: Hatterene\n|-damage|p2a: Hatterene|25\/100\n|-status|p2a: Hatterene|brn\n|move|p2a: Hatterene|Calm Mind|p2a: Hatterene\n|-boost|p2a: Hatterene|spa|1\n|-boost|p2a: Hatterene|spd|1\n|\n|-heal|p2a: Hatterene|31\/100 brn|[from] item: Leftovers\n|-damage|p2a: Hatterene|25\/100 brn|[from] brn\n|upkeep\n|turn|14\n|\n|t:|1700448605\n|move|p1a: Manaphy|Dazzling Gleam|p2a: Hatterene\n|-damage|p2a: Hatterene|0 fnt\n|faint|p2a: Hatterene\n|\n|upkeep\n|\n|t:|1700448615\n|switch|p2a: Zapdos|Zapdos|100\/100\n|turn|15\n|\n|t:|1700448618\n|switch|p1a: Ninetales|Ninetales-Alola, F|88\/100\n|-weather|Snow|[from] ability: Snow Warning|[of] p1a: Ninetales\n|move|p2a: Zapdos|Volt Switch|p1a: Ninetales\n|-damage|p1a: Ninetales|58\/100\n|\n|t:|1700448624\n|switch|p2a: Dragapult|Dragapult, M|100\/100|[from] Volt Switch\n|\n|-weather|Snow|[upkeep]\n|upkeep\n|turn|16\n|\n|t:|1700448633\n|switch|p1a: Greninja|Greninja, F, shiny|100\/100\n|move|p2a: Dragapult|Flamethrower|p1a: Greninja\n|-resisted|p1a: Greninja\n|-damage|p1a: Greninja|72\/100\n|\n|-weather|Snow|[upkeep]\n|upkeep\n|turn|17\n|\n|t:|1700448641\n|switch|p2a: Heatran|Heatran, F|100\/100\n|move|p1a: Greninja|Dark Pulse|p2a: Heatran\n|-start|p1a: Greninja|typechange|Dark|[from] ability: Protean\n|-damage|p2a: Heatran|66\/100\n|\n|-weather|Snow|[upkeep]\n|-heal|p2a: Heatran|72\/100|[from] item: Leftovers\n|upkeep\n|turn|18\n|\n|t:|1700448650\n|switch|p1a: Ninetales|Ninetales-Alola, F|58\/100\n|move|p2a: Heatran|Taunt|p1a: Ninetales\n|-start|p1a: Ninetales|move: Taunt\n|\n|-weather|Snow|[upkeep]\n|-heal|p2a: Heatran|78\/100|[from] item: Leftovers\n|upkeep\n|turn|19\n|\n|t:|1700448659\n|switch|p1a: Manaphy|Manaphy|100\/100\n|move|p2a: Heatran|Magma Storm|p1a: Manaphy\n|-resisted|p1a: Manaphy\n|-damage|p1a: Manaphy|78\/100\n|-activate|p1a: Manaphy|move: Magma Storm|[of] p2a: Heatran\n|\n|-weather|none\n|-heal|p1a: Manaphy|84\/100|[from] item: Leftovers\n|-heal|p2a: Heatran|84\/100|[from] item: Leftovers\n|-damage|p1a: Manaphy|71\/100|[from] move: Magma Storm|[partiallytrapped]\n|upkeep\n|turn|20\n|\n|t:|1700448666\n|move|p1a: Manaphy|Scald|p2a: Heatran\n|-supereffective|p2a: Heatran\n|-damage|p2a: Heatran|40\/100\n|move|p2a: Heatran|Earth Power|p1a: Manaphy\n|-damage|p1a: Manaphy|47\/100\n|\n|-heal|p1a: Manaphy|53\/100|[from] item: Leftovers\n|-heal|p2a: Heatran|46\/100|[from] item: Leftovers\n|-damage|p1a: Manaphy|41\/100|[from] move: Magma Storm|[partiallytrapped]\n|upkeep\n|turn|21\n|\n|t:|1700448672\n|switch|p2a: Dragapult|Dragapult, M|100\/100\n|move|p1a: Manaphy|Tail Glow|p1a: Manaphy\n|-boost|p1a: Manaphy|spa|3\n|\n|-heal|p1a: Manaphy|47\/100|[from] item: Leftovers\n|-end|p1a: Manaphy|Magma Storm|[partiallytrapped]|[silent]\n|upkeep\n|turn|22\n|\n|t:|1700448678\n|switch|p1a: Ninetales|Ninetales-Alola, F|58\/100\n|-weather|Snow|[from] ability: Snow Warning|[of] p1a: Ninetales\n|move|p2a: Dragapult|Shadow Ball|p1a: Ninetales\n|-damage|p1a: Ninetales|4\/100\n|\n|-weather|Snow|[upkeep]\n|upkeep\n|turn|23\n|\n|t:|1700448686\n|move|p2a: Dragapult|Shadow Ball|p1a: Ninetales\n|-damage|p1a: Ninetales|0 fnt\n|faint|p1a: Ninetales\n|\n|-weather|Snow|[upkeep]\n|upkeep\n|\n|t:|1700448688\n|switch|p1a: Greninja|Greninja, F, shiny|72\/100\n|turn|24\n|\n|t:|1700448694\n|switch|p2a: Zapdos|Zapdos|100\/100\n|move|p1a: Greninja|Water Shuriken|p2a: Zapdos\n|-start|p1a: Greninja|typechange|Water|[from] ability: Protean\n|-damage|p2a: Zapdos|91\/100\n|-damage|p2a: Zapdos|81\/100\n|-damage|p2a: Zapdos|70\/100\n|-damage|p2a: Zapdos|61\/100\n|-hitcount|p2a: Zapdos|4\n|\n|-weather|Snow|[upkeep]\n|upkeep\n|turn|25\n|\n|t:|1700448699\n|switch|p1a: Hawlucha|Hawlucha, M|100\/100\n|-ability|p1a: Hawlucha|Mold Breaker\n|move|p2a: Zapdos|Volt Switch|p1a: Hawlucha\n|-supereffective|p1a: Hawlucha\n|-crit|p1a: Hawlucha\n|-damage|p1a: Hawlucha|0 fnt\n|faint|p1a: Hawlucha\n|\n|t:|1700448707\n|switch|p2a: Dragapult|Dragapult, M|100\/100|[from] Volt Switch\n|\n|-weather|Snow|[upkeep]\n|upkeep\n|\n|t:|1700448711\n|switch|p1a: Greninja|Greninja, F, shiny|72\/100\n|turn|26\n|\n|t:|1700448715\n|move|p2a: Dragapult|Draco Meteor|p1a: Greninja\n|-damage|p1a: Greninja|0 fnt\n|-unboost|p2a: Dragapult|spa|2\n|faint|p1a: Greninja\n|\n|-weather|none\n|upkeep\n|\n|t:|1700448718\n|switch|p1a: Manaphy|Manaphy|47\/100\n|turn|27\n|\n|t:|1700448722\n|switch|p2a: Zapdos|Zapdos|61\/100\n|move|p1a: Manaphy|Tail Glow|p1a: Manaphy\n|-boost|p1a: Manaphy|spa|3\n|\n|-heal|p1a: Manaphy|53\/100|[from] item: Leftovers\n|upkeep\n|turn|28\n|\n|t:|1700448725\n|move|p1a: Manaphy|Scald|p2a: Zapdos\n|-damage|p2a: Zapdos|0 fnt\n|faint|p2a: Zapdos\n|\n|-heal|p1a: Manaphy|59\/100|[from] item: Leftovers\n|upkeep\n|\n|t:|1700448733\n|switch|p2a: Dragapult|Dragapult, M|100\/100\n|turn|29\n|c|\u2606plodu|wallahi im finished\n|\n|t:|1700448740\n|move|p2a: Dragapult|Draco Meteor|p1a: Manaphy\n|-damage|p1a: Manaphy|0 fnt\n|-unboost|p2a: Dragapult|spa|2\n|faint|p1a: Manaphy\n|\n|win|thunderdog_32\n|raw|plodu's rating: 1337 &rarr; <strong>1316<\/strong><br \/>(-21 for losing)\n|raw|thunderdog_32's rating: 1316 &rarr; <strong>1337<\/strong><br \/>(+21 for winning)\n|l|\u2606plodu\n|c|\u2606thunderdog_32|ggs\n","uploadtime":1700448752,"views":10,"p1id":"plodu","p2id":"thunderdog32","formatid":"gen9ou","rating":1316,"private":0,"password":""}