{"id":"gen9ou-1993299859","p1":"Lahly","p2":"jagerno","format":"[Gen 9] OU","log":"|j|\u2606Lahly\n|j|\u2606jagerno\n|t:|1700293320\n|gametype|singles\n|player|p1|Lahly|parasollady|1524\n|player|p2|jagerno|169|1583\n|teamsize|p1|6\n|teamsize|p2|6\n|gen|9\n|tier|[Gen 9] OU\n|rated|\n|rule|Sleep Clause Mod: Limit one foe put to sleep\n|rule|Species Clause: Limit one of each Pok\u00e9mon\n|rule|OHKO Clause: OHKO moves are banned\n|rule|Evasion Items Clause: Evasion items are banned\n|rule|Evasion Moves Clause: Evasion moves are banned\n|rule|Endless Battle Clause: Forcing endless battles is banned\n|rule|HP Percentage Mod: HP is shown in percentages\n|clearpoke\n|poke|p1|Ninetales-Alola, M|\n|poke|p1|Rillaboom, F|\n|poke|p1|Sneasler, F|\n|poke|p1|Great Tusk|\n|poke|p1|Zapdos|\n|poke|p1|Kingambit, F|\n|poke|p2|Munkidori, M|\n|poke|p2|Skeledirge, M|\n|poke|p2|Rillaboom, M|\n|poke|p2|Sandy Shocks|\n|poke|p2|Samurott-Hisui, M|\n|poke|p2|Sneasler, F|\n|teampreview\n|\n|t:|1700293325\n|start\n|switch|p1a: Ninetales|Ninetales-Alola, M|100\/100\n|switch|p2a: Munkidori|Munkidori, M|100\/100\n|-weather|Snow|[from] ability: Snow Warning|[of] p1a: Ninetales\n|turn|1\n|\n|t:|1700293336\n|move|p2a: Munkidori|Focus Blast|p1a: Ninetales\n|-crit|p1a: Ninetales\n|-damage|p1a: Ninetales|34\/100\n|move|p1a: Ninetales|Aurora Veil|p1a: Ninetales\n|-sidestart|p1: Lahly|move: Aurora Veil\n|\n|-weather|Snow|[upkeep]\n|upkeep\n|turn|2\n|\n|t:|1700293349\n|switch|p2a: Skeledirge|Skeledirge, M|100\/100\n|move|p1a: Ninetales|Hypnosis|p2a: Skeledirge\n|-status|p2a: Skeledirge|slp|[from] move: Hypnosis\n|\n|-weather|Snow|[upkeep]\n|upkeep\n|turn|3\n|\n|t:|1700293356\n|switch|p1a: Great Tusk|Great Tusk|100\/100\n|cant|p2a: Skeledirge|slp\n|\n|-weather|Snow|[upkeep]\n|upkeep\n|turn|4\n|\n|t:|1700293361\n|move|p1a: Great Tusk|Headlong Rush|p2a: Skeledirge\n|-supereffective|p2a: Skeledirge\n|-damage|p2a: Skeledirge|20\/100 slp\n|-unboost|p1a: Great Tusk|def|1\n|-unboost|p1a: Great Tusk|spd|1\n|cant|p2a: Skeledirge|slp\n|\n|-weather|Snow|[upkeep]\n|upkeep\n|turn|5\n|\n|t:|1700293368\n|move|p1a: Great Tusk|Headlong Rush|p2a: Skeledirge\n|-supereffective|p2a: Skeledirge\n|-damage|p2a: Skeledirge|0 fnt\n|-unboost|p1a: Great Tusk|def|1\n|-unboost|p1a: Great Tusk|spd|1\n|faint|p2a: Skeledirge\n|\n|-weather|none\n|upkeep\n|\n|t:|1700293388\n|switch|p2a: Rillaboom|Rillaboom, M|100\/100\n|-fieldstart|move: Grassy Terrain|[from] ability: Grassy Surge|[of] p2a: Rillaboom\n|turn|6\n|\n|t:|1700293399\n|-end|p1a: Great Tusk|Protosynthesis|[silent]\n|switch|p1a: Zapdos|Zapdos|100\/100\n|switch|p2a: Sandy Shocks|Sandy Shocks|100\/100\n|\n|upkeep\n|turn|7\n|\n|t:|1700293407\n|move|p2a: Sandy Shocks|Power Gem|p1a: Zapdos\n|-supereffective|p1a: Zapdos\n|-damage|p1a: Zapdos|76\/100\n|move|p1a: Zapdos|Heat Wave|p2a: Sandy Shocks\n|-damage|p2a: Sandy Shocks|62\/100\n|-status|p2a: Sandy Shocks|brn\n|\n|-heal|p2a: Sandy Shocks|68\/100 brn|[from] Grassy Terrain\n|-heal|p2a: Sandy Shocks|75\/100 brn|[from] item: Leftovers\n|-damage|p2a: Sandy Shocks|68\/100 brn|[from] brn\n|upkeep\n|turn|8\n|\n|t:|1700293427\n|switch|p1a: Sneasler|Sneasler, F|100\/100\n|-enditem|p1a: Sneasler|Grassy Seed\n|-boost|p1a: Sneasler|def|1|[from] item: Grassy Seed\n|move|p2a: Sandy Shocks|Stealth Rock|p1a: Sneasler\n|-sidestart|p1: Lahly|move: Stealth Rock\n|\n|-heal|p2a: Sandy Shocks|75\/100 brn|[from] Grassy Terrain\n|-heal|p2a: Sandy Shocks|81\/100 brn|[from] item: Leftovers\n|-damage|p2a: Sandy Shocks|75\/100 brn|[from] brn\n|-sideend|p1: Lahly|move: Aurora Veil\n|upkeep\n|turn|9\n|\n|t:|1700293438\n|move|p1a: Sneasler|Close Combat|p2a: Sandy Shocks\n|-damage|p2a: Sandy Shocks|9\/100 brn\n|-unboost|p1a: Sneasler|def|1\n|-unboost|p1a: Sneasler|spd|1\n|move|p2a: Sandy Shocks|Volt Switch|p1a: Sneasler\n|-damage|p1a: Sneasler|27\/100\n|\n|t:|1700293451\n|-end|p2a: Sandy Shocks|Protosynthesis|[silent]\n|switch|p2a: Samurott|Samurott-Hisui, M|100\/100|[from] Volt Switch\n|\n|-heal|p1a: Sneasler|33\/100|[from] Grassy Terrain\n|upkeep\n|turn|10\n|\n|t:|1700293456\n|move|p2a: Samurott|Sucker Punch|p1a: Sneasler\n|-resisted|p1a: Sneasler\n|-damage|p1a: Sneasler|5\/100\n|move|p1a: Sneasler|Close Combat|p2a: Samurott\n|-supereffective|p2a: Samurott\n|-damage|p2a: Samurott|0 fnt\n|-unboost|p1a: Sneasler|def|1\n|-unboost|p1a: Sneasler|spd|1\n|faint|p2a: Samurott\n|\n|-heal|p1a: Sneasler|11\/100|[from] Grassy Terrain\n|-fieldend|move: Grassy Terrain\n|upkeep\n|\n|t:|1700293464\n|switch|p2a: Rillaboom|Rillaboom, M|100\/100\n|-fieldstart|move: Grassy Terrain|[from] ability: Grassy Surge|[of] p2a: Rillaboom\n|turn|11\n|\n|t:|1700293469\n|move|p2a: Rillaboom|Grassy Glide|p1a: Sneasler\n|-resisted|p1a: Sneasler\n|-damage|p1a: Sneasler|0 fnt\n|faint|p1a: Sneasler\n|\n|upkeep\n|\n|t:|1700293474\n|switch|p1a: Zapdos|Zapdos|76\/100\n|turn|12\n|\n|t:|1700293478\n|switch|p2a: Sandy Shocks|Sandy Shocks|9\/100 brn\n|move|p1a: Zapdos|Heat Wave|p2a: Sandy Shocks\n|-damage|p2a: Sandy Shocks|0 fnt\n|faint|p2a: Sandy Shocks\n|-end|p2a: Sandy Shocks|Protosynthesis|[silent]\n|\n|upkeep\n|\n|t:|1700293481\n|switch|p2a: Munkidori|Munkidori, M|100\/100\n|turn|13\n|\n|t:|1700293487\n|move|p2a: Munkidori|Trick|p1a: Zapdos\n|-activate|p2a: Munkidori|move: Trick|[of] p1a: Zapdos\n|-item|p1a: Zapdos|Choice Scarf|[from] move: Trick\n|-item|p2a: Munkidori|Heavy-Duty Boots|[from] move: Trick\n|move|p1a: Zapdos|Roost|p1a: Zapdos\n|-heal|p1a: Zapdos|100\/100\n|-singleturn|p1a: Zapdos|move: Roost\n|\n|upkeep\n|turn|14\n|\n|t:|1700293499\n|switch|p1a: Kingambit|Kingambit, F|100\/100\n|-damage|p1a: Kingambit|94\/100|[from] Stealth Rock\n|-activate|p1a: Kingambit|ability: Supreme Overlord\n|-start|p1a: Kingambit|fallen1|[silent]\n|move|p2a: Munkidori|Sludge Wave|p1a: Kingambit\n|-immune|p1a: Kingambit\n|\n|-heal|p1a: Kingambit|100\/100|[from] Grassy Terrain\n|upkeep\n|turn|15\n|\n|t:|1700293509\n|switch|p2a: Sneasler|Sneasler, F|100\/100\n|-enditem|p2a: Sneasler|Grassy Seed\n|-boost|p2a: Sneasler|def|1|[from] item: Grassy Seed\n|-terastallize|p1a: Kingambit|Fighting\n|move|p1a: Kingambit|Kowtow Cleave|p2a: Sneasler\n|-resisted|p2a: Sneasler\n|-damage|p2a: Sneasler|67\/100\n|\n|-heal|p2a: Sneasler|73\/100|[from] Grassy Terrain\n|-fieldend|move: Grassy Terrain\n|upkeep\n|turn|16\n|\n|t:|1700293524\n|-end|p1a: Kingambit|fallen1|[silent]\n|switch|p1a: Zapdos|Zapdos|100\/100\n|-damage|p1a: Zapdos|76\/100|[from] Stealth Rock\n|move|p2a: Sneasler|Swords Dance|p2a: Sneasler\n|-boost|p2a: Sneasler|atk|2\n|\n|upkeep\n|turn|17\n|\n|t:|1700293532\n|move|p2a: Sneasler|Dire Claw|p1a: Zapdos\n|-damage|p1a: Zapdos|0 fnt\n|faint|p1a: Zapdos\n|\n|upkeep\n|\n|t:|1700293540\n|switch|p1a: Great Tusk|Great Tusk|100\/100\n|-damage|p1a: Great Tusk|98\/100|[from] Stealth Rock\n|turn|18\n|\n|t:|1700293552\n|move|p2a: Sneasler|Close Combat|p1a: Great Tusk\n|-damage|p1a: Great Tusk|0 fnt\n|-unboost|p2a: Sneasler|def|1\n|-unboost|p2a: Sneasler|spd|1\n|faint|p1a: Great Tusk\n|-end|p1a: Great Tusk|Protosynthesis|[silent]\n|\n|upkeep\n|\n|t:|1700293559\n|switch|p1a: Rillaboom|Rillaboom, F|100\/100\n|-damage|p1a: Rillaboom|88\/100|[from] Stealth Rock\n|-fieldstart|move: Grassy Terrain|[from] ability: Grassy Surge|[of] p1a: Rillaboom\n|turn|19\n|\n|t:|1700293565\n|move|p1a: Rillaboom|Grassy Glide|p2a: Sneasler\n|-resisted|p2a: Sneasler\n|-damage|p2a: Sneasler|30\/100\n|-damage|p1a: Rillaboom|78\/100|[from] item: Life Orb\n|move|p2a: Sneasler|Dire Claw|p1a: Rillaboom\n|-supereffective|p1a: Rillaboom\n|-damage|p1a: Rillaboom|0 fnt\n|faint|p1a: Rillaboom\n|\n|-heal|p2a: Sneasler|36\/100|[from] Grassy Terrain\n|upkeep\n|\n|t:|1700293575\n|switch|p1a: Kingambit|Kingambit, F, tera:Fighting|100\/100\n|-damage|p1a: Kingambit|94\/100|[from] Stealth Rock\n|-activate|p1a: Kingambit|ability: Supreme Overlord\n|-start|p1a: Kingambit|fallen4|[silent]\n|turn|20\n|\n|t:|1700293580\n|move|p1a: Kingambit|Sucker Punch||[still]\n|-fail|p1a: Kingambit\n|move|p2a: Sneasler|Swords Dance|p2a: Sneasler\n|-boost|p2a: Sneasler|atk|2\n|\n|-heal|p2a: Sneasler|42\/100|[from] Grassy Terrain\n|-heal|p1a: Kingambit|100\/100|[from] Grassy Terrain\n|upkeep\n|turn|21\n|\n|t:|1700293588\n|move|p1a: Kingambit|Sucker Punch|p2a: Sneasler\n|-resisted|p2a: Sneasler\n|-damage|p2a: Sneasler|0 fnt\n|faint|p2a: Sneasler\n|\n|upkeep\n|\n|t:|1700293592\n|switch|p2a: Munkidori|Munkidori, M|100\/100\n|turn|22\n|\n|t:|1700293598\n|move|p1a: Kingambit|Sucker Punch||[still]\n|-fail|p1a: Kingambit\n|move|p2a: Munkidori|Trick|p1a: Kingambit\n|-activate|p2a: Munkidori|move: Trick|[of] p1a: Kingambit\n|-item|p1a: Kingambit|Heavy-Duty Boots|[from] move: Trick\n|-item|p2a: Munkidori|Leftovers|[from] move: Trick\n|\n|upkeep\n|turn|23\n|\n|t:|1700293603\n|move|p1a: Kingambit|Sucker Punch||[still]\n|-fail|p1a: Kingambit\n|move|p2a: Munkidori|Trick|p1a: Kingambit\n|-activate|p2a: Munkidori|move: Trick|[of] p1a: Kingambit\n|-item|p1a: Kingambit|Leftovers|[from] move: Trick\n|-item|p2a: Munkidori|Heavy-Duty Boots|[from] move: Trick\n|\n|-fieldend|move: Grassy Terrain\n|upkeep\n|turn|24\n|\n|t:|1700293609\n|move|p1a: Kingambit|Sucker Punch||[still]\n|-fail|p1a: Kingambit\n|move|p2a: Munkidori|Trick|p1a: Kingambit\n|-activate|p2a: Munkidori|move: Trick|[of] p1a: Kingambit\n|-item|p1a: Kingambit|Heavy-Duty Boots|[from] move: Trick\n|-item|p2a: Munkidori|Leftovers|[from] move: Trick\n|\n|upkeep\n|turn|25\n|\n|t:|1700293616\n|move|p2a: Munkidori|Psychic|p1a: Kingambit\n|-supereffective|p1a: Kingambit\n|-damage|p1a: Kingambit|6\/100\n|-status|p1a: Kingambit|tox|[from] ability: Toxic Chain|[of] p2a: Munkidori\n|move|p1a: Kingambit|Swords Dance|p1a: Kingambit\n|-boost|p1a: Kingambit|atk|2\n|\n|-damage|p1a: Kingambit|0 fnt|[from] psn\n|faint|p1a: Kingambit\n|-end|p1a: Kingambit|fallen4|[silent]\n|upkeep\n|-message|Lahly forfeited.\n|\n|win|jagerno\n|raw|Lahly's rating: 1524 &rarr; <strong>1507<\/strong><br \/>(-17 for losing)\n|raw|jagerno's rating: 1583 &rarr; <strong>1600<\/strong><br \/>(+17 for winning)\n|l|\u2606Lahly\n|c|\u2606jagerno|Sorry bruh\n|c|\u2606jagerno|Guess I just soul read ya\n","uploadtime":1700293639,"views":15,"p1id":"lahly","p2id":"jagerno","formatid":"gen9ou","rating":1507,"private":0,"password":""}