{"id":"gen9ou-1994328219","p1":"The Boosterer","p2":"OUDJ CoralieSE","format":"[Gen 9] OU","log":"|j|\u2606The Boosterer\n|j|\u2606OUDJ CoralieSE\n|t:|1700431594\n|gametype|singles\n|player|p1|The Boosterer|nemona-s|1322\n|player|p2|OUDJ CoralieSE|dawn|1232\n|teamsize|p1|6\n|teamsize|p2|6\n|gen|9\n|tier|[Gen 9] OU\n|rated|\n|rule|Sleep Clause Mod: Limit one foe put to sleep\n|rule|Species Clause: Limit one of each Pok\u00e9mon\n|rule|OHKO Clause: OHKO moves are banned\n|rule|Evasion Items Clause: Evasion items are banned\n|rule|Evasion Moves Clause: Evasion moves are banned\n|rule|Endless Battle Clause: Forcing endless battles is banned\n|rule|HP Percentage Mod: HP is shown in percentages\n|clearpoke\n|poke|p1|Ninetales-Alola, F|\n|poke|p1|Toxapex, F|\n|poke|p1|Dragapult, F|\n|poke|p1|Walking Wake|\n|poke|p1|Iron Valiant|\n|poke|p1|Kingambit, M|\n|poke|p2|Landorus-Therian, M|\n|poke|p2|Ninetales-Alola, F|\n|poke|p2|Dragapult, M|\n|poke|p2|Great Tusk|\n|poke|p2|Iron Moth|\n|poke|p2|Ogerpon-Cornerstone, F|\n|teampreview\n|inactive|Battle timer is ON: inactive players will automatically lose when time's up. (requested by The Boosterer)\n|\n|t:|1700431623\n|start\n|switch|p1a: Ninetales|Ninetales-Alola, F|100\/100\n|switch|p2a: Iron Moth|Iron Moth|100\/100\n|-weather|Snow|[from] ability: Snow Warning|[of] p1a: Ninetales\n|-enditem|p2a: Iron Moth|Booster Energy\n|-activate|p2a: Iron Moth|ability: Quark Drive|[fromitem]\n|-start|p2a: Iron Moth|quarkdrivespe\n|turn|1\n|\n|t:|1700431635\n|move|p2a: Iron Moth|Sludge Wave|p1a: Ninetales\n|-supereffective|p1a: Ninetales\n|-damage|p1a: Ninetales|4\/100\n|move|p1a: Ninetales|Aurora Veil|p1a: Ninetales\n|-sidestart|p1: The Boosterer|move: Aurora Veil\n|\n|-weather|Snow|[upkeep]\n|upkeep\n|turn|2\n|\n|t:|1700431642\n|move|p2a: Iron Moth|Substitute|p2a: Iron Moth\n|-start|p2a: Iron Moth|Substitute\n|-damage|p2a: Iron Moth|76\/100\n|move|p1a: Ninetales|Encore|p2a: Iron Moth\n|-start|p2a: Iron Moth|Encore\n|\n|-weather|Snow|[upkeep]\n|upkeep\n|turn|3\n|inactive|OUDJ CoralieSE has 120 seconds left.\n|\n|t:|1700431675\n|-end|p2a: Iron Moth|Quark Drive|[silent]\n|switch|p2a: Rockerpon|Ogerpon-Cornerstone, F|100\/100\n|switch|p1a: Dragapult|Dragapult, F|100\/100\n|\n|-weather|Snow|[upkeep]\n|upkeep\n|turn|4\n|inactive|OUDJ CoralieSE has 120 seconds left.\n|\n|t:|1700431685\n|move|p1a: Dragapult|Dragon Dance|p1a: Dragapult\n|-boost|p1a: Dragapult|atk|1\n|-boost|p1a: Dragapult|spe|1\n|move|p2a: Rockerpon|Ivy Cudgel|p1a: Dragapult|[anim] Ivy Cudgel Rock\n|-damage|p1a: Dragapult|63\/100\n|\n|-weather|Snow|[upkeep]\n|-heal|p1a: Dragapult|69\/100|[from] item: Leftovers\n|upkeep\n|turn|5\n|inactive|OUDJ CoralieSE has 120 seconds left.\n|\n|t:|1700431700\n|switch|p2a: Ninetales|Ninetales-Alola, F|100\/100\n|move|p1a: Dragapult|Phantom Force||[still]\n|-prepare|p1a: Dragapult|Phantom Force\n|\n|-weather|none\n|-heal|p1a: Dragapult|75\/100|[from] item: Leftovers\n|upkeep\n|turn|6\n|inactive|OUDJ CoralieSE has 120 seconds left.\n|\n|t:|1700431722\n|switch|p2a: Stormatus|Landorus-Therian, M|100\/100\n|-ability|p2a: Stormatus|Intimidate|boost\n|-unboost|p1a: Dragapult|atk|1\n|move|p1a: Dragapult|Phantom Force|p2a: Stormatus|[from]lockedmove\n|-damage|p2a: Stormatus|46\/100\n|\n|-heal|p1a: Dragapult|81\/100|[from] item: Leftovers\n|-heal|p2a: Stormatus|53\/100|[from] item: Leftovers\n|upkeep\n|turn|7\n|\n|t:|1700431735\n|move|p1a: Dragapult|Dragon Dance|p1a: Dragapult\n|-boost|p1a: Dragapult|atk|1\n|-boost|p1a: Dragapult|spe|1\n|move|p2a: Stormatus|Earth Power|p1a: Dragapult\n|-damage|p1a: Dragapult|54\/100\n|\n|-heal|p1a: Dragapult|60\/100|[from] item: Leftovers\n|-heal|p2a: Stormatus|59\/100|[from] item: Leftovers\n|upkeep\n|turn|8\n|\n|t:|1700431753\n|switch|p2a: Ninetales|Ninetales-Alola, F|100\/100\n|-weather|Snow|[from] ability: Snow Warning|[of] p2a: Ninetales\n|move|p1a: Dragapult|Phantom Force||[still]\n|-prepare|p1a: Dragapult|Phantom Force\n|\n|-weather|Snow|[upkeep]\n|-heal|p1a: Dragapult|66\/100|[from] item: Leftovers\n|-sideend|p1: The Boosterer|move: Aurora Veil\n|upkeep\n|turn|9\n|\n|t:|1700431764\n|switch|p2a: Stormatus|Landorus-Therian, M|59\/100\n|-ability|p2a: Stormatus|Intimidate|boost\n|-unboost|p1a: Dragapult|atk|1\n|move|p1a: Dragapult|Phantom Force|p2a: Stormatus|[from]lockedmove\n|-damage|p2a: Stormatus|8\/100\n|\n|-weather|Snow|[upkeep]\n|-heal|p1a: Dragapult|72\/100|[from] item: Leftovers\n|-heal|p2a: Stormatus|14\/100|[from] item: Leftovers\n|upkeep\n|turn|10\n|\n|t:|1700431775\n|move|p1a: Dragapult|Dragon Dance|p1a: Dragapult\n|-boost|p1a: Dragapult|atk|1\n|-boost|p1a: Dragapult|spe|1\n|move|p2a: Stormatus|Weather Ball|p1a: Dragapult\n|-supereffective|p1a: Dragapult\n|-damage|p1a: Dragapult|0 fnt\n|faint|p1a: Dragapult\n|\n|-weather|Snow|[upkeep]\n|-heal|p2a: Stormatus|20\/100|[from] item: Leftovers\n|upkeep\n|\n|t:|1700431785\n|switch|p1a: Ninetales|Ninetales-Alola, F|4\/100\n|turn|11\n|\n|t:|1700431811\n|move|p1a: Ninetales|Aurora Veil|p1a: Ninetales\n|-sidestart|p1: The Boosterer|move: Aurora Veil\n|move|p2a: Stormatus|Earth Power|p1a: Ninetales\n|-damage|p1a: Ninetales|0 fnt\n|faint|p1a: Ninetales\n|\n|-weather|Snow|[upkeep]\n|-heal|p2a: Stormatus|26\/100|[from] item: Leftovers\n|upkeep\n|\n|t:|1700431818\n|switch|p1a: Walking Wake|Walking Wake|100\/100\n|-enditem|p1a: Walking Wake|Booster Energy\n|-activate|p1a: Walking Wake|ability: Protosynthesis|[fromitem]\n|-start|p1a: Walking Wake|protosynthesisspa\n|turn|12\n|inactive|OUDJ CoralieSE has 90 seconds left.\n|\n|t:|1700431850\n|move|p1a: Walking Wake|Agility|p1a: Walking Wake\n|-boost|p1a: Walking Wake|spe|2\n|move|p2a: Stormatus|Earth Power|p1a: Walking Wake\n|-damage|p1a: Walking Wake|76\/100\n|\n|-weather|Snow|[upkeep]\n|-heal|p2a: Stormatus|32\/100|[from] item: Leftovers\n|upkeep\n|turn|13\n|\n|t:|1700431858\n|move|p1a: Walking Wake|Hydro Steam|p2a: Stormatus\n|-supereffective|p2a: Stormatus\n|-damage|p2a: Stormatus|0 fnt\n|faint|p2a: Stormatus\n|\n|-weather|Snow|[upkeep]\n|upkeep\n|\n|t:|1700431874\n|switch|p2a: Iron Moth|Iron Moth|76\/100\n|turn|14\n|\n|t:|1700431879\n|move|p1a: Walking Wake|Hydro Steam|p2a: Iron Moth\n|-supereffective|p2a: Iron Moth\n|-damage|p2a: Iron Moth|0 fnt\n|faint|p2a: Iron Moth\n|-end|p2a: Iron Moth|Quark Drive|[silent]\n|\n|-weather|Snow|[upkeep]\n|upkeep\n|\n|t:|1700431893\n|switch|p2a: Dragapult|Dragapult, M|100\/100\n|turn|15\n|\n|t:|1700431897\n|switch|p2a: Ninetales|Ninetales-Alola, F|100\/100\n|move|p1a: Walking Wake|Draco Meteor|p2a: Ninetales\n|-immune|p2a: Ninetales\n|\n|-weather|none\n|upkeep\n|turn|16\n|inactive|OUDJ CoralieSE has 90 seconds left.\n|\n|t:|1700431916\n|move|p1a: Walking Wake|Flamethrower|p2a: Ninetales\n|-supereffective|p2a: Ninetales\n|-damage|p2a: Ninetales|11\/100\n|move|p2a: Ninetales|Encore|p1a: Walking Wake\n|-start|p1a: Walking Wake|Encore\n|\n|upkeep\n|turn|17\n|\n|t:|1700431925\n|move|p1a: Walking Wake|Flamethrower|p2a: Ninetales\n|-supereffective|p2a: Ninetales\n|-crit|p2a: Ninetales\n|-damage|p2a: Ninetales|0 fnt\n|faint|p2a: Ninetales\n|\n|upkeep\n|\n|t:|1700431933\n|switch|p2a: Dragapult|Dragapult, M|100\/100\n|turn|18\n|inactive|OUDJ CoralieSE has 90 seconds left.\n|\n|t:|1700431943\n|move|p1a: Walking Wake|Flamethrower|p2a: Dragapult\n|-resisted|p2a: Dragapult\n|-damage|p2a: Dragapult|71\/100\n|move|p2a: Dragapult|Dragon Dance|p2a: Dragapult\n|-boost|p2a: Dragapult|atk|1\n|-boost|p2a: Dragapult|spe|1\n|\n|-sideend|p1: The Boosterer|move: Aurora Veil\n|upkeep\n|turn|19\n|inactive|OUDJ CoralieSE has 90 seconds left.\n|\n|t:|1700431961\n|-terastallize|p2a: Dragapult|Fire\n|move|p1a: Walking Wake|Flamethrower|p2a: Dragapult\n|-resisted|p2a: Dragapult\n|-damage|p2a: Dragapult|42\/100\n|move|p2a: Dragapult|Dragon Dance|p2a: Dragapult\n|-boost|p2a: Dragapult|atk|1\n|-boost|p2a: Dragapult|spe|1\n|\n|-end|p1a: Walking Wake|Encore\n|upkeep\n|turn|20\n|inactive|OUDJ CoralieSE has 90 seconds left.\n|\n|t:|1700431970\n|move|p2a: Dragapult|Dragon Darts|p1a: Walking Wake\n|-supereffective|p1a: Walking Wake\n|-damage|p1a: Walking Wake|0 fnt\n|faint|p1a: Walking Wake\n|-end|p1a: Walking Wake|Protosynthesis|[silent]\n|\n|upkeep\n|\n|t:|1700431980\n|switch|p1a: Kingambit|Kingambit, M|100\/100\n|-activate|p1a: Kingambit|ability: Supreme Overlord\n|-start|p1a: Kingambit|fallen3|[silent]\n|turn|21\n|\n|t:|1700431990\n|-terastallize|p1a: Kingambit|Fairy\n|move|p2a: Dragapult|Tera Blast|p1a: Kingambit|[anim] Tera Blast Fire\n|-crit|p1a: Kingambit\n|-damage|p1a: Kingambit|0 fnt\n|faint|p1a: Kingambit\n|-end|p1a: Kingambit|fallen3|[silent]\n|\n|upkeep\n|\n|t:|1700431998\n|switch|p1a: Toxapex|Toxapex, F|100\/100\n|turn|22\n|\n|t:|1700432010\n|move|p2a: Dragapult|Dragon Darts|p1a: Toxapex\n|-damage|p1a: Toxapex|69\/100\n|-anim|p2a: Dragapult|Dragon Darts|p1a: Toxapex\n|-damage|p1a: Toxapex|35\/100\n|-enditem|p1a: Toxapex|Eject Button\n|\n|t:|1700432014\n|switch|p1a: Iron Valiant|Iron Valiant|100\/100\n|-enditem|p1a: Iron Valiant|Booster Energy\n|-activate|p1a: Iron Valiant|ability: Quark Drive|[fromitem]\n|-start|p1a: Iron Valiant|quarkdrivespe\n|\n|upkeep\n|turn|23\n|\n|t:|1700432024\n|move|p2a: Dragapult|Phantom Force||[still]\n|-prepare|p2a: Dragapult|Phantom Force\n|move|p1a: Iron Valiant|Close Combat|p2a: Dragapult|[miss]\n|-miss|p1a: Iron Valiant|p2a: Dragapult\n|\n|upkeep\n|turn|24\n|inactive|OUDJ CoralieSE has 120 seconds left.\n|\n|t:|1700432034\n|move|p2a: Dragapult|Phantom Force|p1a: Iron Valiant|[from]lockedmove\n|-damage|p1a: Iron Valiant|0 fnt\n|faint|p1a: Iron Valiant\n|-end|p1a: Iron Valiant|Quark Drive|[silent]\n|\n|upkeep\n|\n|t:|1700432039\n|switch|p1a: Toxapex|Toxapex, F|68\/100\n|turn|25\n|c|\u2606OUDJ CoralieSE|can't believe I won that\n|\n|t:|1700432046\n|move|p2a: Dragapult|Dragon Darts|p1a: Toxapex\n|-damage|p1a: Toxapex|38\/100\n|-anim|p2a: Dragapult|Dragon Darts|p1a: Toxapex\n|-damage|p1a: Toxapex|6\/100\n|move|p1a: Toxapex|Haze|p1a: Toxapex\n|-clearallboost\n|\n|upkeep\n|turn|26\n|c|\u2606The Boosterer|weather ball lando caught me off guard\n|c|\u2606The Boosterer|gg\n|\n|t:|1700432064\n|move|p2a: Dragapult|Dragon Darts|p1a: Toxapex\n|-damage|p1a: Toxapex|0 fnt\n|faint|p1a: Toxapex\n|\n|win|OUDJ CoralieSE\n|raw|The Boosterer's rating: 1322 &rarr; <strong>1297<\/strong><br \/>(-25 for losing)\n|raw|OUDJ CoralieSE's rating: 1232 &rarr; <strong>1263<\/strong><br \/>(+31 for winning)\n|c|\u2606OUDJ CoralieSE|yeah it's very fun to use\n|c|\u2606OUDJ CoralieSE|gg\n|l|\u2606The Boosterer\n","uploadtime":1700432111,"views":8,"p1id":"theboosterer","p2id":"oudjcoraliese","formatid":"gen9ou","rating":1263,"private":0,"password":""}