{"id":"gen9ou-1992140459","p1":"SAAtheYoshiboy","p2":"CDAtheDinoboy","format":"[Gen 9] OU","log":"|j|\u2606SAAtheYoshiboy\n|j|\u2606CDAtheDinoboy\n|t:|1700158386\n|gametype|singles\n|player|p1|SAAtheYoshiboy|youngster-gen4dp|\n|player|p2|CDAtheDinoboy|jogger|\n|teamsize|p1|6\n|teamsize|p2|6\n|gen|9\n|tier|[Gen 9] OU\n|rule|Sleep Clause Mod: Limit one foe put to sleep\n|rule|Species Clause: Limit one of each Pok\u00e9mon\n|rule|OHKO Clause: OHKO moves are banned\n|rule|Evasion Items Clause: Evasion items are banned\n|rule|Evasion Moves Clause: Evasion moves are banned\n|rule|Endless Battle Clause: Forcing endless battles is banned\n|rule|HP Percentage Mod: HP is shown in percentages\n|clearpoke\n|poke|p1|Ogerpon-Wellspring, F|\n|poke|p1|Swalot, F|\n|poke|p1|Kleavor, M|\n|poke|p1|Articuno|\n|poke|p1|Kommo-o, M|\n|poke|p1|Salamence, F|\n|poke|p2|Cinderace, M|\n|poke|p2|Crabominable, M|\n|poke|p2|Muk-Alola, M|\n|poke|p2|Arcanine-Hisui, M|\n|poke|p2|Gallade, M|\n|poke|p2|Clawitzer, M|\n|teampreview\n|\n|t:|1700158405\n|start\n|switch|p1a: Ogerpon|Ogerpon-Wellspring, F|100\/100\n|switch|p2a: Gallade|Gallade, M|100\/100\n|turn|1\n|\n|t:|1700158423\n|move|p1a: Ogerpon|Taunt|p2a: Gallade\n|-start|p2a: Gallade|move: Taunt\n|move|p2a: Gallade|Sacred Sword|p1a: Ogerpon\n|-damage|p1a: Ogerpon|0 fnt\n|faint|p1a: Ogerpon\n|-damage|p2a: Gallade|91\/100|[from] item: Life Orb\n|\n|upkeep\n|\n|t:|1700158436\n|switch|p1a: Swalot|Swalot, F|100\/100\n|turn|2\n|\n|t:|1700158448\n|move|p2a: Gallade|Psycho Cut|p1a: Swalot\n|-supereffective|p1a: Swalot\n|-damage|p1a: Swalot|0 fnt\n|faint|p1a: Swalot\n|-damage|p2a: Gallade|81\/100|[from] item: Life Orb\n|\n|upkeep\n|\n|t:|1700158454\n|switch|p1a: Kleavor|Kleavor, M|100\/100\n|turn|3\n|\n|t:|1700158487\n|switch|p2a: Arcanine|Arcanine-Hisui, M|100\/100\n|move|p1a: Kleavor|X-Scissor|p2a: Arcanine\n|-resisted|p2a: Arcanine\n|-damage|p2a: Arcanine|64\/100\n|\n|upkeep\n|turn|4\n|\n|t:|1700158497\n|move|p1a: Kleavor|X-Scissor|p2a: Arcanine\n|-resisted|p2a: Arcanine\n|-damage|p2a: Arcanine|25\/100\n|move|p2a: Arcanine|Head Smash|p1a: Kleavor\n|-supereffective|p1a: Kleavor\n|-damage|p1a: Kleavor|0 fnt\n|faint|p1a: Kleavor\n|\n|upkeep\n|\n|t:|1700158507\n|switch|p1a: Kommo-o|Kommo-o, M|100\/100\n|turn|5\n|\n|t:|1700158518\n|-terastallize|p1a: Kommo-o|Normal\n|move|p2a: Arcanine|Head Smash|p1a: Kommo-o\n|-damage|p1a: Kommo-o|0 fnt\n|faint|p1a: Kommo-o\n|\n|upkeep\n|\n|t:|1700158526\n|switch|p1a: Salamence|Salamence, F|100\/100\n|turn|6\n|\n|t:|1700158532\n|move|p1a: Salamence|Earthquake|p2a: Arcanine\n|-supereffective|p2a: Arcanine\n|-damage|p2a: Arcanine|0 fnt\n|faint|p2a: Arcanine\n|-ability|p1a: Salamence|Moxie|boost\n|-boost|p1a: Salamence|atk|1\n|\n|upkeep\n|\n|t:|1700158539\n|switch|p2a: Gallade|Gallade, M|81\/100\n|turn|7\n|\n|t:|1700158543\n|move|p1a: Salamence|Dragon Dance|p1a: Salamence\n|-boost|p1a: Salamence|atk|1\n|-boost|p1a: Salamence|spe|1\n|move|p2a: Gallade|Swords Dance|p2a: Gallade\n|-boost|p2a: Gallade|atk|2\n|\n|upkeep\n|turn|8\n|\n|t:|1700158600\n|switch|p2a: Clawitzer|Clawitzer, M|100\/100\n|move|p1a: Salamence|Dual Wingbeat|p2a: Clawitzer\n|-damage|p2a: Clawitzer|44\/100\n|-damage|p2a: Clawitzer|0 fnt\n|faint|p2a: Clawitzer\n|-ability|p1a: Salamence|Moxie|boost\n|-boost|p1a: Salamence|atk|1\n|-hitcount|p2: Clawitzer|2\n|\n|upkeep\n|\n|t:|1700158606\n|switch|p2a: Gallade|Gallade, M|81\/100\n|turn|9\n|\n|t:|1700158621\n|move|p1a: Salamence|Dragon Dance|p1a: Salamence\n|-boost|p1a: Salamence|atk|1\n|-boost|p1a: Salamence|spe|1\n|move|p2a: Gallade|Psycho Cut|p1a: Salamence\n|-damage|p1a: Salamence|0 fnt\n|faint|p1a: Salamence\n|-damage|p2a: Gallade|71\/100|[from] item: Life Orb\n|\n|upkeep\n|\n|t:|1700158629\n|switch|p1a: Articuno|Articuno|100\/100\n|-ability|p1a: Articuno|Pressure\n|turn|10\n|\n|t:|1700158636\n|move|p2a: Gallade|Sacred Sword|p1a: Articuno\n|-damage|p1a: Articuno|6\/100\n|-damage|p2a: Gallade|62\/100|[from] item: Life Orb\n|move|p1a: Articuno|Freeze-Dry|p2a: Gallade\n|-damage|p2a: Gallade|36\/100\n|\n|upkeep\n|turn|11\n|\n|t:|1700158646\n|move|p2a: Gallade|Shadow Sneak|p1a: Articuno\n|-damage|p1a: Articuno|0 fnt\n|faint|p1a: Articuno\n|-damage|p2a: Gallade|26\/100|[from] item: Life Orb\n|\n|win|CDAtheDinoboy\n","uploadtime":1700158658,"views":9,"p1id":"saatheyoshiboy","p2id":"cdathedinoboy","formatid":"gen9ou","rating":0,"private":0,"password":""}