{"id":"gen9ou-1996355090","p1":"Dloweds","p2":"PLAYB0I R0BBIE B","format":"[Gen 9] OU","log":"|j|\u2606Dloweds\n|j|\u2606PLAYB0I R0BBIE B\n|t:|1700674130\n|gametype|singles\n|player|p1|Dloweds|265|1344\n|player|p2|PLAYB0I R0BBIE B|eusine|1358\n|teamsize|p1|6\n|teamsize|p2|6\n|gen|9\n|tier|[Gen 9] OU\n|rated|\n|rule|Sleep Clause Mod: Limit one foe put to sleep\n|rule|Species Clause: Limit one of each Pok\u00e9mon\n|rule|OHKO Clause: OHKO moves are banned\n|rule|Evasion Items Clause: Evasion items are banned\n|rule|Evasion Moves Clause: Evasion moves are banned\n|rule|Endless Battle Clause: Forcing endless battles is banned\n|rule|HP Percentage Mod: HP is shown in percentages\n|clearpoke\n|poke|p1|Great Tusk|\n|poke|p1|Walking Wake|\n|poke|p1|Torkoal, F|\n|poke|p1|Gholdengo|\n|poke|p1|Hatterene, F|\n|poke|p1|Leavanny, M|\n|poke|p2|Meowscarada, F|\n|poke|p2|Heatran, F|\n|poke|p2|Thundurus-Therian, M|\n|poke|p2|Dragapult, F|\n|poke|p2|Great Tusk|\n|poke|p2|Azumarill, F|\n|teampreview\n|inactive|Battle timer is ON: inactive players will automatically lose when time's up. (requested by Dloweds)\n|inactive|Dloweds has 120 seconds left.\n|\n|t:|1700674184\n|start\n|switch|p1a: Torkoal|Torkoal, F|100\/100\n|switch|p2a: 5% TINT|Heatran, F|100\/100\n|-item|p2a: 5% TINT|Air Balloon\n|-weather|SunnyDay|[from] ability: Drought|[of] p1a: Torkoal\n|turn|1\n|\n|t:|1700674193\n|switch|p1a: Walking Wake|Walking Wake|100\/100\n|-activate|p1a: Walking Wake|ability: Protosynthesis\n|-start|p1a: Walking Wake|protosynthesisspa\n|move|p2a: 5% TINT|Earth Power|p1a: Walking Wake\n|-damage|p1a: Walking Wake|65\/100\n|\n|-weather|SunnyDay|[upkeep]\n|upkeep\n|turn|2\n|\n|t:|1700674215\n|-end|p1a: Walking Wake|Protosynthesis|[silent]\n|switch|p1a: Leavanny|Leavanny, M|100\/100\n|switch|p2a: CAN'T SAY|Azumarill, F|100\/100\n|\n|-weather|SunnyDay|[upkeep]\n|upkeep\n|turn|3\n|\n|t:|1700674223\n|switch|p2a: 5% TINT|Heatran, F|100\/100\n|-item|p2a: 5% TINT|Air Balloon\n|move|p1a: Leavanny|Sticky Web|p2a: 5% TINT\n|-sidestart|p2: PLAYB0I R0BBIE B|move: Sticky Web\n|\n|-weather|SunnyDay|[upkeep]\n|upkeep\n|turn|4\n|\n|t:|1700674228\n|move|p1a: Leavanny|Knock Off|p2a: 5% TINT\n|-damage|p2a: 5% TINT|75\/100\n|-enditem|p2a: 5% TINT|Air Balloon\n|move|p2a: 5% TINT|Magma Storm|p1a: Leavanny\n|-supereffective|p1a: Leavanny\n|-crit|p1a: Leavanny\n|-enditem|p1a: Leavanny|Focus Sash\n|-damage|p1a: Leavanny|1\/100\n|-activate|p1a: Leavanny|move: Magma Storm|[of] p2a: 5% TINT\n|\n|-weather|SunnyDay|[upkeep]\n|-damage|p1a: Leavanny|0 fnt|[from] move: Magma Storm|[partiallytrapped]\n|faint|p1a: Leavanny\n|upkeep\n|\n|t:|1700674232\n|switch|p1a: Walking Wake|Walking Wake|65\/100\n|-activate|p1a: Walking Wake|ability: Protosynthesis\n|-start|p1a: Walking Wake|protosynthesisspa\n|turn|5\n|\n|t:|1700674237\n|switch|p2a: CAN'T SAY|Azumarill, F|100\/100\n|-activate|p2a: CAN'T SAY|move: Sticky Web\n|-unboost|p2a: CAN'T SAY|spe|1\n|move|p1a: Walking Wake|Hydro Steam|p2a: CAN'T SAY\n|-resisted|p2a: CAN'T SAY\n|-damage|p2a: CAN'T SAY|61\/100\n|\n|-weather|SunnyDay|[upkeep]\n|upkeep\n|turn|6\n|\n|t:|1700674243\n|-end|p1a: Walking Wake|Protosynthesis|[silent]\n|switch|p1a: Hatterene|Hatterene, F|100\/100\n|move|p2a: CAN'T SAY|Play Rough|p1a: Hatterene\n|-damage|p1a: Hatterene|58\/100\n|-enditem|p1a: Hatterene|Eject Button\n|\n|t:|1700674259\n|switch|p1a: Great Tusk|Great Tusk|100\/100\n|-activate|p1a: Great Tusk|ability: Protosynthesis\n|-start|p1a: Great Tusk|protosynthesisatk\n|\n|-weather|SunnyDay|[upkeep]\n|upkeep\n|turn|7\n|\n|t:|1700674271\n|switch|p2a: NO BYSTANDERS|Dragapult, F|100\/100\n|move|p1a: Great Tusk|Ice Spinner|p2a: NO BYSTANDERS\n|-supereffective|p2a: NO BYSTANDERS\n|-damage|p2a: NO BYSTANDERS|0 fnt\n|faint|p2a: NO BYSTANDERS\n|\n|-weather|SunnyDay|[upkeep]\n|upkeep\n|\n|t:|1700674276\n|switch|p2a: YOSEMITE|Great Tusk|100\/100\n|-activate|p2a: YOSEMITE|ability: Protosynthesis\n|-start|p2a: YOSEMITE|protosynthesisatk\n|turn|8\n|\n|t:|1700674282\n|move|p1a: Great Tusk|Ice Spinner|p2a: YOSEMITE\n|-supereffective|p2a: YOSEMITE\n|-damage|p2a: YOSEMITE|18\/100\n|move|p2a: YOSEMITE|Rapid Spin|p1a: Great Tusk\n|-damage|p1a: Great Tusk|84\/100\n|-boost|p2a: YOSEMITE|spe|1\n|-sideend|p2: PLAYB0I R0BBIE B|Sticky Web|[from] move: Rapid Spin|[of] p2a: YOSEMITE\n|\n|-weather|none\n|-end|p2a: YOSEMITE|Protosynthesis\n|-end|p1a: Great Tusk|Protosynthesis\n|upkeep\n|turn|9\n|\n|t:|1700674288\n|move|p2a: YOSEMITE|Ice Spinner|p1a: Great Tusk\n|-supereffective|p1a: Great Tusk\n|-damage|p1a: Great Tusk|40\/100\n|move|p1a: Great Tusk|Ice Spinner|p2a: YOSEMITE\n|-supereffective|p2a: YOSEMITE\n|-crit|p2a: YOSEMITE\n|-damage|p2a: YOSEMITE|0 fnt\n|faint|p2a: YOSEMITE\n|-end|p2a: YOSEMITE|Protosynthesis|[silent]\n|\n|upkeep\n|\n|t:|1700674298\n|switch|p2a: ASTROTHUNDER|Thundurus-Therian, M|100\/100\n|turn|10\n|\n|t:|1700674305\n|-terastallize|p2a: ASTROTHUNDER|Flying\n|move|p2a: ASTROTHUNDER|Tera Blast|p1a: Great Tusk|[anim] Tera Blast Flying\n|-supereffective|p1a: Great Tusk\n|-damage|p1a: Great Tusk|0 fnt\n|faint|p1a: Great Tusk\n|-end|p1a: Great Tusk|Protosynthesis|[silent]\n|\n|upkeep\n|\n|t:|1700674331\n|switch|p1a: Torkoal|Torkoal, F|100\/100\n|-weather|SunnyDay|[from] ability: Drought|[of] p1a: Torkoal\n|turn|11\n|\n|t:|1700674335\n|move|p2a: ASTROTHUNDER|Tera Blast|p1a: Torkoal|[anim] Tera Blast Flying\n|-damage|p1a: Torkoal|17\/100\n|move|p1a: Torkoal|Yawn|p2a: ASTROTHUNDER\n|-start|p2a: ASTROTHUNDER|move: Yawn|[of] p1a: Torkoal\n|\n|-weather|SunnyDay|[upkeep]\n|upkeep\n|turn|12\n|\n|t:|1700674343\n|switch|p2a: 5% TINT|Heatran, F|75\/100\n|move|p1a: Torkoal|Stealth Rock|p2a: 5% TINT\n|-sidestart|p2: PLAYB0I R0BBIE B|move: Stealth Rock\n|\n|-weather|SunnyDay|[upkeep]\n|upkeep\n|turn|13\n|\n|t:|1700674356\n|switch|p1a: Walking Wake|Walking Wake|65\/100\n|-activate|p1a: Walking Wake|ability: Protosynthesis\n|-start|p1a: Walking Wake|protosynthesisspa\n|move|p2a: 5% TINT|Earth Power|p1a: Walking Wake\n|-damage|p1a: Walking Wake|28\/100\n|-unboost|p1a: Walking Wake|spd|1\n|\n|-weather|SunnyDay|[upkeep]\n|upkeep\n|turn|14\n|\n|t:|1700674362\n|switch|p2a: CAN'T SAY|Azumarill, F|61\/100\n|-damage|p2a: CAN'T SAY|49\/100|[from] Stealth Rock\n|move|p1a: Walking Wake|Hydro Steam|p2a: CAN'T SAY\n|-resisted|p2a: CAN'T SAY\n|-crit|p2a: CAN'T SAY\n|-damage|p2a: CAN'T SAY|0 fnt\n|faint|p2a: CAN'T SAY\n|\n|-weather|SunnyDay|[upkeep]\n|upkeep\n|\n|t:|1700674367\n|switch|p2a: SICKO MODE|Meowscarada, F|100\/100\n|-damage|p2a: SICKO MODE|88\/100|[from] Stealth Rock\n|turn|15\n|\n|t:|1700674374\n|-end|p1a: Walking Wake|Protosynthesis|[silent]\n|switch|p1a: Torkoal|Torkoal, F|17\/100\n|move|p2a: SICKO MODE|Knock Off|p1a: Torkoal\n|-start|p2a: SICKO MODE|typechange|Dark|[from] ability: Protean\n|-damage|p1a: Torkoal|0 fnt\n|-enditem|p1a: Torkoal|Heat Rock|[from] move: Knock Off|[of] p2a: SICKO MODE\n|faint|p1a: Torkoal\n|\n|-weather|SunnyDay|[upkeep]\n|upkeep\n|\n|t:|1700674387\n|switch|p1a: Hatterene|Hatterene, F|58\/100\n|turn|16\n|\n|t:|1700674392\n|switch|p2a: 5% TINT|Heatran, F|75\/100\n|-damage|p2a: 5% TINT|63\/100|[from] Stealth Rock\n|move|p1a: Hatterene|Nuzzle|p2a: 5% TINT\n|-damage|p2a: 5% TINT|59\/100\n|-status|p2a: 5% TINT|par\n|\n|-weather|SunnyDay|[upkeep]\n|upkeep\n|turn|17\n|\n|t:|1700674396\n|move|p2a: 5% TINT|Magma Storm|p1a: Hatterene\n|-damage|p1a: Hatterene|0 fnt\n|faint|p1a: Hatterene\n|\n|-weather|SunnyDay|[upkeep]\n|upkeep\n|\n|t:|1700674402\n|switch|p1a: Walking Wake|Walking Wake|28\/100\n|-activate|p1a: Walking Wake|ability: Protosynthesis\n|-start|p1a: Walking Wake|protosynthesisspa\n|turn|18\n|\n|t:|1700674406\n|move|p1a: Walking Wake|Hydro Steam|p2a: 5% TINT\n|-supereffective|p2a: 5% TINT\n|-damage|p2a: 5% TINT|0 fnt\n|faint|p2a: 5% TINT\n|\n|-weather|none\n|-end|p1a: Walking Wake|Protosynthesis\n|upkeep\n|\n|t:|1700674409\n|switch|p2a: SICKO MODE|Meowscarada, F|88\/100\n|-damage|p2a: SICKO MODE|76\/100|[from] Stealth Rock\n|turn|19\n|\n|t:|1700674413\n|-end|p1a: Walking Wake|Protosynthesis|[silent]\n|switch|p1a: Gholdengo|Gholdengo|100\/100\n|-item|p1a: Gholdengo|Air Balloon\n|move|p2a: SICKO MODE|Knock Off|p1a: Gholdengo\n|-start|p2a: SICKO MODE|typechange|Dark|[from] ability: Protean\n|-supereffective|p1a: Gholdengo\n|-damage|p1a: Gholdengo|16\/100\n|-enditem|p1a: Gholdengo|Air Balloon\n|\n|upkeep\n|turn|20\n|\n|t:|1700674423\n|move|p2a: SICKO MODE|Knock Off|p1a: Gholdengo\n|-supereffective|p1a: Gholdengo\n|-damage|p1a: Gholdengo|0 fnt\n|faint|p1a: Gholdengo\n|\n|upkeep\n|\n|t:|1700674424\n|switch|p1a: Walking Wake|Walking Wake|28\/100\n|turn|21\n|c|\u2606PLAYB0I R0BBIE B|ggwp\n|\n|t:|1700674434\n|move|p2a: SICKO MODE|Knock Off|p1a: Walking Wake\n|-damage|p1a: Walking Wake|0 fnt\n|-enditem|p1a: Walking Wake|Choice Specs|[from] move: Knock Off|[of] p2a: SICKO MODE\n|faint|p1a: Walking Wake\n|-end|p1a: Walking Wake|Protosynthesis|[silent]\n|\n|win|PLAYB0I R0BBIE B\n|raw|Dloweds's rating: 1344 &rarr; <strong>1325<\/strong><br \/>(-19 for losing)\n|raw|PLAYB0I R0BBIE B's rating: 1358 &rarr; <strong>1377<\/strong><br \/>(+19 for winning)\n","uploadtime":1700674438,"views":2,"p1id":"dloweds","p2id":"playb0ir0bbieb","formatid":"gen9ou","rating":1325,"private":0,"password":""}