{"id":"gen9ou-1989622485","p1":"ChampEYan","p2":"NaturalPower A","format":"[Gen 9] OU","log":"|j|\u2606ChampEYan\n|j|\u2606NaturalPower A\n|t:|1699880027\n|gametype|singles\n|player|p1|ChampEYan|169|1237\n|player|p2|NaturalPower A|n|1240\n|teamsize|p1|6\n|teamsize|p2|6\n|gen|9\n|tier|[Gen 9] OU\n|rated|\n|rule|Sleep Clause Mod: Limit one foe put to sleep\n|rule|Species Clause: Limit one of each Pok\u00e9mon\n|rule|OHKO Clause: OHKO moves are banned\n|rule|Evasion Items Clause: Evasion items are banned\n|rule|Evasion Moves Clause: Evasion moves are banned\n|rule|Endless Battle Clause: Forcing endless battles is banned\n|rule|HP Percentage Mod: HP is shown in percentages\n|clearpoke\n|poke|p1|Zapdos|\n|poke|p1|Dragapult, M|\n|poke|p1|Cinderace, M|\n|poke|p1|Rillaboom, M|\n|poke|p1|Slowking-Galar, F|\n|poke|p1|Ogerpon-Wellspring, F|\n|poke|p2|Alomomola, F|\n|poke|p2|Regidrago|\n|poke|p2|Cinderace, F|\n|poke|p2|Magnezone|\n|poke|p2|Ogerpon-Wellspring, F|\n|poke|p2|Volbeat, M|\n|teampreview\n|inactive|Battle timer is ON: inactive players will automatically lose when time's up. (requested by NaturalPower A)\n|\n|t:|1699880050\n|start\n|switch|p1a: Zapdos|Zapdos|100\/100\n|switch|p2a: Regidrago|Regidrago|100\/100\n|turn|1\n|\n|t:|1699880056\n|move|p2a: Regidrago|Dragon Energy|p1a: Zapdos\n|-damage|p1a: Zapdos|6\/100\n|move|p1a: Zapdos|Hurricane|p2a: Regidrago\n|-damage|p2a: Regidrago|52\/100\n|\n|upkeep\n|turn|2\n|\n|t:|1699880067\n|move|p2a: Regidrago|Dragon Energy|p1a: Zapdos\n|-damage|p1a: Zapdos|0 fnt\n|faint|p1a: Zapdos\n|\n|upkeep\n|\n|t:|1699880072\n|switch|p1a: Slowking|Slowking-Galar, F|100\/100\n|turn|3\n|\n|t:|1699880075\n|switch|p2a: Alomomola|Alomomola, F|100\/100\n|move|p1a: Slowking|Sludge Bomb|p2a: Alomomola\n|-damage|p2a: Alomomola|59\/100\n|-enditem|p2a: Alomomola|Red Card|[of] p1a: Slowking\n|drag|p1a: Cinderace|Cinderace, M|100\/100\n|\n|upkeep\n|turn|4\n|\n|t:|1699880082\n|move|p1a: Cinderace|U-turn|p2a: Alomomola\n|-start|p1a: Cinderace|typechange|Bug|[from] ability: Libero\n|-damage|p2a: Alomomola|40\/100\n|\n|t:|1699880086\n|switch|p1a: Ogerpon|Ogerpon-Wellspring, F|100\/100|[from] U-turn\n|move|p2a: Alomomola|Wish|p2a: Alomomola\n|\n|upkeep\n|turn|5\n|\n|t:|1699880093\n|move|p2a: Alomomola|Protect|p2a: Alomomola\n|-singleturn|p2a: Alomomola|Protect\n|move|p1a: Ogerpon|Spikes|p2a: Alomomola\n|-sidestart|p2: NaturalPower A|Spikes\n|\n|-heal|p2a: Alomomola|90\/100|[from] move: Wish|[wisher] Alomomola\n|upkeep\n|turn|6\n|\n|t:|1699880100\n|move|p1a: Ogerpon|Horn Leech|p2a: Alomomola\n|-supereffective|p2a: Alomomola\n|-damage|p2a: Alomomola|38\/100\n|move|p2a: Alomomola|Flip Turn|p1a: Ogerpon\n|-immune|p1a: Ogerpon|[from] ability: Water Absorb\n|\n|upkeep\n|turn|7\n|inactive|NaturalPower A has 120 seconds left.\n|\n|t:|1699880138\n|switch|p2a: Magnezone|Magnezone|100\/100\n|-damage|p2a: Magnezone|88\/100|[from] Spikes\n|move|p1a: Ogerpon|Ivy Cudgel|p2a: Magnezone\n|-damage|p2a: Magnezone|33\/100\n|\n|-heal|p2a: Magnezone|39\/100|[from] item: Leftovers\n|upkeep\n|turn|8\n|l|\u2606ChampEYan\n|inactive|ChampEYan disconnected and has a minute to reconnect!\n|player|p1|\n|inactive|NaturalPower A has 120 seconds left.\n|inactive|ChampEYan has 30 seconds to reconnect!\n|j|\u2606ChampEYan\n|inactive|ChampEYan reconnected and has 120 seconds left.\n|player|p1|ChampEYan|169\n|\n|t:|1699880174\n|move|p1a: Ogerpon|Ivy Cudgel|p2a: Magnezone\n|-damage|p2a: Magnezone|0 fnt\n|faint|p2a: Magnezone\n|\n|upkeep\n|inactive|NaturalPower A has 120 seconds left.\n|\n|t:|1699880186\n|switch|p2a: Ogerpon|Ogerpon-Wellspring, F|100\/100\n|-damage|p2a: Ogerpon|88\/100|[from] Spikes\n|turn|9\n|\n|t:|1699880190\n|move|p1a: Ogerpon|U-turn|p2a: Ogerpon\n|-supereffective|p2a: Ogerpon\n|-damage|p2a: Ogerpon|17\/100\n|\n|t:|1699880193\n|switch|p1a: Cinderace|Cinderace, M|100\/100|[from] U-turn\n|move|p2a: Ogerpon|Horn Leech|p1a: Cinderace\n|-resisted|p1a: Cinderace\n|-damage|p1a: Cinderace|68\/100\n|-heal|p2a: Ogerpon|34\/100|[from] drain|[of] p1a: Cinderace\n|\n|upkeep\n|turn|10\n|\n|t:|1699880203\n|-terastallize|p2a: Ogerpon|Water\n|detailschange|p2a: Ogerpon|Ogerpon-Wellspring-Tera, F, tera:Water\n|-ability|p2a: Ogerpon|Embody Aspect (Wellspring)|boost\n|-boost|p2a: Ogerpon|spd|1\n|move|p1a: Cinderace|Pyro Ball|p2a: Ogerpon\n|-resisted|p2a: Ogerpon\n|-damage|p2a: Ogerpon|0 fnt\n|faint|p2a: Ogerpon\n|\n|upkeep\n|\n|t:|1699880216\n|switch|p2a: Alomomola|Alomomola, F|72\/100\n|-damage|p2a: Alomomola|59\/100|[from] Spikes\n|turn|11\n|\n|t:|1699880221\n|move|p1a: Cinderace|U-turn|p2a: Alomomola\n|-start|p1a: Cinderace|typechange|Bug|[from] ability: Libero\n|-damage|p2a: Alomomola|42\/100\n|\n|t:|1699880226\n|switch|p1a: Ogerpon|Ogerpon-Wellspring, F|100\/100|[from] U-turn\n|move|p2a: Alomomola|Wish|p2a: Alomomola\n|\n|upkeep\n|turn|12\n|\n|t:|1699880232\n|move|p2a: Alomomola|Protect|p2a: Alomomola\n|-singleturn|p2a: Alomomola|Protect\n|move|p1a: Ogerpon|Spikes|p2a: Alomomola\n|-sidestart|p2: NaturalPower A|Spikes\n|\n|-heal|p2a: Alomomola|92\/100|[from] move: Wish|[wisher] Alomomola\n|upkeep\n|turn|13\n|\n|t:|1699880241\n|move|p1a: Ogerpon|Ivy Cudgel|p2a: Alomomola\n|-resisted|p2a: Alomomola\n|-damage|p2a: Alomomola|77\/100\n|move|p2a: Alomomola|Wish|p2a: Alomomola\n|\n|upkeep\n|turn|14\n|\n|t:|1699880252\n|move|p1a: Ogerpon|Horn Leech|p2a: Alomomola\n|-supereffective|p2a: Alomomola\n|-damage|p2a: Alomomola|32\/100\n|move|p2a: Alomomola|Flip Turn|p1a: Ogerpon\n|-immune|p1a: Ogerpon|[from] ability: Water Absorb\n|\n|-heal|p2a: Alomomola|82\/100|[from] move: Wish|[wisher] Alomomola\n|upkeep\n|turn|15\n|\n|t:|1699880266\n|switch|p2a: Volbeat|Volbeat, M|100\/100\n|-damage|p2a: Volbeat|84\/100|[from] Spikes\n|move|p1a: Ogerpon|U-turn|p2a: Volbeat\n|-damage|p2a: Volbeat|48\/100\n|\n|t:|1699880270\n|switch|p1a: Cinderace|Cinderace, M|68\/100|[from] U-turn\n|\n|-heal|p2a: Volbeat|54\/100|[from] item: Leftovers\n|upkeep\n|turn|16\n|\n|t:|1699880276\n|move|p2a: Volbeat|Thunder Wave|p1a: Cinderace|[miss]\n|-miss|p2a: Volbeat|p1a: Cinderace\n|move|p1a: Cinderace|Pyro Ball|p2a: Volbeat|[miss]\n|-miss|p1a: Cinderace|p2a: Volbeat\n|\n|-heal|p2a: Volbeat|60\/100|[from] item: Leftovers\n|upkeep\n|turn|17\n|\n|t:|1699880282\n|switch|p1a: Slowking|Slowking-Galar, F|100\/100\n|move|p2a: Volbeat|Thunder Wave|p1a: Slowking\n|-status|p1a: Slowking|par\n|\n|-heal|p2a: Volbeat|66\/100|[from] item: Leftovers\n|upkeep\n|turn|18\n|\n|t:|1699880289\n|move|p2a: Volbeat|U-turn|p1a: Slowking\n|-damage|p1a: Slowking|82\/100 par\n|\n|t:|1699880294\n|switch|p2a: Alomomola|Alomomola, F|100\/100|[from] U-turn\n|-damage|p2a: Alomomola|84\/100|[from] Spikes\n|move|p1a: Slowking|Future Sight|p2a: Alomomola\n|-start|p1a: Slowking|move: Future Sight\n|\n|upkeep\n|turn|19\n|\n|t:|1699880299\n|move|p2a: Alomomola|Wish|p2a: Alomomola\n|move|p1a: Slowking|Chilly Reception|p1a: Slowking\n|-weather|Snow\n|\n|t:|1699880310\n|switch|p1a: Rillaboom|Rillaboom, M|100\/100|[from] Chilly Reception\n|-fieldstart|move: Grassy Terrain|[from] ability: Grassy Surge|[of] p1a: Rillaboom\n|\n|-weather|Snow|[upkeep]\n|-heal|p2a: Alomomola|90\/100|[from] Grassy Terrain\n|upkeep\n|turn|20\n|\n|t:|1699880317\n|switch|p1a: Ogerpon|Ogerpon-Wellspring, F|100\/100\n|move|p2a: Alomomola|Flip Turn|p1a: Ogerpon\n|-immune|p1a: Ogerpon|[from] ability: Water Absorb\n|\n|-weather|Snow|[upkeep]\n|-end|p2a: Alomomola|move: Future Sight\n|-damage|p2a: Alomomola|39\/100\n|-heal|p2a: Alomomola|89\/100|[from] move: Wish|[wisher] Alomomola\n|-heal|p2a: Alomomola|95\/100|[from] Grassy Terrain\n|upkeep\n|turn|21\n|\n|t:|1699880328\n|move|p1a: Ogerpon|Horn Leech|p2a: Alomomola\n|-supereffective|p2a: Alomomola\n|-damage|p2a: Alomomola|32\/100\n|move|p2a: Alomomola|Wish|p2a: Alomomola\n|\n|-weather|Snow|[upkeep]\n|-heal|p2a: Alomomola|38\/100|[from] Grassy Terrain\n|upkeep\n|turn|22\n|\n|t:|1699880334\n|switch|p1a: Dragapult|Dragapult, M|100\/100\n|switch|p2a: Regidrago|Regidrago|52\/100\n|-damage|p2a: Regidrago|35\/100|[from] Spikes\n|\n|-weather|Snow|[upkeep]\n|-heal|p2a: Regidrago|84\/100|[from] move: Wish|[wisher] Alomomola\n|-heal|p2a: Regidrago|91\/100|[from] Grassy Terrain\n|upkeep\n|turn|23\n|\n|t:|1699880344\n|-terastallize|p1a: Dragapult|Ghost\n|move|p2a: Regidrago|Dragon Energy|p1a: Dragapult\n|-damage|p1a: Dragapult|0 fnt\n|faint|p1a: Dragapult\n|\n|-weather|none\n|-heal|p2a: Regidrago|97\/100|[from] Grassy Terrain\n|-fieldend|move: Grassy Terrain\n|upkeep\n|\n|t:|1699880353\n|switch|p1a: Ogerpon|Ogerpon-Wellspring, F|100\/100\n|turn|24\n|\n|t:|1699880356\n|move|p2a: Regidrago|Dragon Energy|p1a: Ogerpon\n|-damage|p1a: Ogerpon|0 fnt\n|faint|p1a: Ogerpon\n|\n|upkeep\n|\n|t:|1699880358\n|switch|p1a: Cinderace|Cinderace, M|68\/100\n|turn|25\n|\n|t:|1699880362\n|move|p1a: Cinderace|Sucker Punch|p2a: Regidrago\n|-start|p1a: Cinderace|typechange|Dark|[from] ability: Libero\n|-damage|p2a: Regidrago|53\/100\n|move|p2a: Regidrago|Dragon Energy|p1a: Cinderace\n|-damage|p1a: Cinderace|0 fnt\n|faint|p1a: Cinderace\n|\n|upkeep\n|\n|t:|1699880366\n|switch|p1a: Rillaboom|Rillaboom, M|100\/100\n|-fieldstart|move: Grassy Terrain|[from] ability: Grassy Surge|[of] p1a: Rillaboom\n|turn|26\n|\n|t:|1699880372\n|move|p1a: Rillaboom|Grassy Glide|p2a: Regidrago\n|-resisted|p2a: Regidrago\n|-damage|p2a: Regidrago|13\/100\n|move|p2a: Regidrago|Dragon Energy|p1a: Rillaboom\n|-damage|p1a: Rillaboom|84\/100\n|\n|-heal|p2a: Regidrago|20\/100|[from] Grassy Terrain\n|-heal|p1a: Rillaboom|90\/100|[from] Grassy Terrain\n|upkeep\n|turn|27\n|\n|t:|1699880381\n|switch|p2a: Volbeat|Volbeat, M|66\/100\n|-damage|p2a: Volbeat|50\/100|[from] Spikes\n|move|p1a: Rillaboom|Grassy Glide|p2a: Volbeat\n|-resisted|p2a: Volbeat\n|-damage|p2a: Volbeat|11\/100\n|\n|-heal|p1a: Rillaboom|96\/100|[from] Grassy Terrain\n|-heal|p2a: Volbeat|17\/100|[from] Grassy Terrain\n|-heal|p2a: Volbeat|23\/100|[from] item: Leftovers\n|upkeep\n|turn|28\n|\n|t:|1699880392\n|move|p1a: Rillaboom|Grassy Glide|p2a: Volbeat\n|-resisted|p2a: Volbeat\n|-damage|p2a: Volbeat|0 fnt\n|faint|p2a: Volbeat\n|\n|-heal|p1a: Rillaboom|100\/100|[from] Grassy Terrain\n|upkeep\n|\n|t:|1699880399\n|switch|p2a: Cinderace|Cinderace, F|100\/100\n|turn|29\n|\n|t:|1699880401\n|move|p1a: Rillaboom|Grassy Glide|p2a: Cinderace\n|-resisted|p2a: Cinderace\n|-damage|p2a: Cinderace|58\/100\n|move|p2a: Cinderace|Court Change|p2a: Cinderace\n|-start|p2a: Cinderace|typechange|Normal|[from] ability: Libero\n|-swapsideconditions\n|-activate|p2a: Cinderace|move: Court Change\n|\n|-heal|p2a: Cinderace|64\/100|[from] Grassy Terrain\n|upkeep\n|turn|30\n|\n|t:|1699880410\n|move|p1a: Rillaboom|Grassy Glide|p2a: Cinderace\n|-damage|p2a: Cinderace|0 fnt\n|faint|p2a: Cinderace\n|\n|-fieldend|move: Grassy Terrain\n|upkeep\n|\n|t:|1699880415\n|switch|p2a: Alomomola|Alomomola, F|72\/100\n|turn|31\n|\n|t:|1699880418\n|move|p1a: Rillaboom|Grassy Glide|p2a: Alomomola\n|-supereffective|p2a: Alomomola\n|-damage|p2a: Alomomola|21\/100\n|move|p2a: Alomomola|Wish|p2a: Alomomola\n|\n|upkeep\n|turn|32\n|\n|t:|1699880425\n|switch|p1a: Slowking|Slowking-Galar, F|100\/100 par\n|move|p2a: Alomomola|Protect||[still]\n|-fail|p2a: Alomomola\n|\n|-heal|p2a: Alomomola|71\/100|[from] move: Wish|[wisher] Alomomola\n|upkeep\n|turn|33\n|\n|t:|1699880432\n|move|p2a: Alomomola|Wish|p2a: Alomomola\n|cant|p1a: Slowking|par\n|\n|upkeep\n|turn|34\n|c|\u2606NaturalPower A|Are you actually trying to lose\n|\n|t:|1699880442\n|move|p2a: Alomomola|Flip Turn|p1a: Slowking\n|-crit|p1a: Slowking\n|-damage|p1a: Slowking|76\/100 par\n|\n|t:|1699880445\n|switch|p2a: Regidrago|Regidrago|20\/100|[from] Flip Turn\n|move|p1a: Slowking|Ice Beam|p2a: Regidrago\n|-supereffective|p2a: Regidrago\n|-damage|p2a: Regidrago|0 fnt\n|faint|p2a: Regidrago\n|\n|upkeep\n|\n|t:|1699880452\n|switch|p2a: Alomomola|Alomomola, F|100\/100\n|turn|35\n|\n|t:|1699880455\n|move|p2a: Alomomola|Flip Turn|p1a: Slowking\n|-damage|p1a: Slowking|61\/100 par\n|cant|p1a: Slowking|par\n|\n|upkeep\n|turn|36\n|\n|t:|1699880466\n|move|p2a: Alomomola|Flip Turn|p1a: Slowking\n|-damage|p1a: Slowking|47\/100 par\n|cant|p1a: Slowking|par\n|\n|upkeep\n|turn|37\n|\n|t:|1699880474\n|move|p2a: Alomomola|Light Screen|p2a: Alomomola\n|-sidestart|p2: NaturalPower A|move: Light Screen\n|move|p1a: Slowking|Chilly Reception|p1a: Slowking\n|-weather|Snow\n|\n|t:|1699880476\n|switch|p1a: Rillaboom|Rillaboom, M|100\/100|[from] Chilly Reception\n|-damage|p1a: Rillaboom|84\/100|[from] Spikes\n|-fieldstart|move: Grassy Terrain|[from] ability: Grassy Surge|[of] p1a: Rillaboom\n|\n|-weather|Snow|[upkeep]\n|-heal|p1a: Rillaboom|90\/100|[from] Grassy Terrain\n|upkeep\n|turn|38\n|\n|t:|1699880484\n|move|p1a: Rillaboom|Wood Hammer|p2a: Alomomola\n|-supereffective|p2a: Alomomola\n|-damage|p2a: Alomomola|0 fnt\n|faint|p2a: Alomomola\n|-damage|p1a: Rillaboom|39\/100|[from] Recoil\n|\n|win|ChampEYan\n|raw|ChampEYan's rating: 1237 &rarr; <strong>1262<\/strong><br \/>(+25 for winning)\n|raw|NaturalPower A's rating: 1240 &rarr; <strong>1215<\/strong><br \/>(-25 for losing)\n|l|\u2606NaturalPower A\n","uploadtime":1699880503,"views":18,"p1id":"champeyan","p2id":"naturalpowera","formatid":"gen9ou","rating":1215,"private":0,"password":""}