{"id":"gen9ou-1991700605","p1":"Dregone","p2":"baki4739","format":"[Gen 9] OU","log":"|j|\u2606Dregone\n|j|\u2606baki4739\n|inactive|Battle timer is ON: inactive players will automatically lose when time's up.\n|t:|1700104271\n|gametype|singles\n|player|p1|Dregone|cynthia-masters|\n|player|p2|baki4739|cynthia-masters|\n|teamsize|p1|6\n|teamsize|p2|6\n|gen|9\n|tier|[Gen 9] OU\n|rated|Tournament battle\n|rule|Sleep Clause Mod: Limit one foe put to sleep\n|rule|Species Clause: Limit one of each Pok\u00e9mon\n|rule|OHKO Clause: OHKO moves are banned\n|rule|Evasion Items Clause: Evasion items are banned\n|rule|Evasion Moves Clause: Evasion moves are banned\n|rule|Endless Battle Clause: Forcing endless battles is banned\n|rule|HP Percentage Mod: HP is shown in percentages\n|rule|Category Swap Mod: All physical moves become special, and vice versa\n|rule|Flipped Mod: Pokemon have their stats flipped (HP becomes Spe, vice versa).\n|clearpoke\n|poke|p1|Dragapult, M|\n|poke|p1|Enamorus, F|\n|poke|p1|Sneasler, F|\n|poke|p1|Clodsire, M|\n|poke|p1|Gholdengo|\n|poke|p1|Great Tusk|\n|poke|p2|Gholdengo|\n|poke|p2|Chesnaught, F|\n|poke|p2|Tinkaton, F|\n|poke|p2|Great Tusk|\n|poke|p2|Azumarill, M|\n|poke|p2|Rillaboom, F|\n|teampreview\n|j|*Lady Monita \u2746\n|inactive|Dregone also wants the timer to be on.\n|c|\u2606Dregone|glhf\n|c|\u2606baki4739|glhf\n|\n|t:|1700104280\n|start\n|switch|p1a: Clodsire|Clodsire, M|100\/100\n|switch|p2a: Chesnaught|Chesnaught, F|100\/100\n|turn|1\n|j| munchkinp\n|j| tindall64\n|\n|t:|1700104285\n|move|p1a: Clodsire|Toxic|p2a: Chesnaught\n|-status|p2a: Chesnaught|tox\n|move|p2a: Chesnaught|Leech Seed|p1a: Clodsire\n|-start|p1a: Clodsire|move: Leech Seed\n|\n|-damage|p1a: Clodsire|88\/100|[from] Leech Seed|[of] p2a: Chesnaught\n|-damage|p2a: Chesnaught|94\/100 tox|[from] psn\n|upkeep\n|turn|2\n|\n|t:|1700104298\n|switch|p2a: Great Tusk|Great Tusk|100\/100\n|move|p1a: Clodsire|Stealth Rock|p2a: Great Tusk\n|-sidestart|p2: baki4739|move: Stealth Rock\n|\n|-heal|p1a: Clodsire|94\/100|[from] item: Leftovers\n|-damage|p1a: Clodsire|82\/100|[from] Leech Seed|[of] p2a: Great Tusk\n|upkeep\n|turn|3\n|\n|t:|1700104309\n|switch|p1a: Great Tusk|Great Tusk|100\/100\n|-terastallize|p2a: Great Tusk|Steel\n|move|p2a: Great Tusk|Headlong Rush|p1a: Great Tusk\n|-damage|p1a: Great Tusk|64\/100\n|-boost|p2a: Great Tusk|def|1\n|-boost|p2a: Great Tusk|spd|1\n|-damage|p2a: Great Tusk|84\/100|[from] item: Rocky Helmet|[of] p1a: Great Tusk\n|\n|-heal|p2a: Great Tusk|90\/100|[from] item: Leftovers\n|upkeep\n|turn|4\n|\n|t:|1700104326\n|move|p2a: Great Tusk|Close Combat|p1a: Great Tusk\n|-damage|p1a: Great Tusk|24\/100\n|-boost|p2a: Great Tusk|def|1\n|-boost|p2a: Great Tusk|spd|1\n|-damage|p2a: Great Tusk|74\/100|[from] item: Rocky Helmet|[of] p1a: Great Tusk\n|move|p1a: Great Tusk|Headlong Rush|p2a: Great Tusk\n|-supereffective|p2a: Great Tusk\n|-damage|p2a: Great Tusk|27\/100\n|-boost|p1a: Great Tusk|def|1\n|-boost|p1a: Great Tusk|spd|1\n|\n|-heal|p2a: Great Tusk|33\/100|[from] item: Leftovers\n|upkeep\n|turn|5\n|\n|t:|1700104339\n|move|p2a: Great Tusk|Close Combat|p1a: Great Tusk\n|-damage|p1a: Great Tusk|0 fnt\n|-boost|p2a: Great Tusk|def|1\n|-boost|p2a: Great Tusk|spd|1\n|-damage|p2a: Great Tusk|17\/100|[from] item: Rocky Helmet|[of] p1a: Great Tusk\n|faint|p1a: Great Tusk\n|\n|-heal|p2a: Great Tusk|23\/100|[from] item: Leftovers\n|upkeep\n|\n|t:|1700104350\n|switch|p1a: Sneasler|Sneasler, F|100\/100\n|turn|6\n|\n|t:|1700104357\n|move|p1a: Sneasler|Fake Out|p2a: Great Tusk\n|-resisted|p2a: Great Tusk\n|-damage|p2a: Great Tusk|21\/100\n|-damage|p1a: Sneasler|91\/100|[from] item: Life Orb\n|cant|p2a: Great Tusk|flinch\n|\n|-heal|p2a: Great Tusk|27\/100|[from] item: Leftovers\n|upkeep\n|turn|7\n|\n|t:|1700104365\n|move|p2a: Great Tusk|Headlong Rush|p1a: Sneasler\n|-supereffective|p1a: Sneasler\n|-damage|p1a: Sneasler|18\/100\n|-boost|p2a: Great Tusk|def|1\n|-boost|p2a: Great Tusk|spd|1\n|move|p1a: Sneasler|Close Combat|p2a: Great Tusk\n|-supereffective|p2a: Great Tusk\n|-damage|p2a: Great Tusk|5\/100\n|-boost|p1a: Sneasler|def|1\n|-boost|p1a: Sneasler|spd|1\n|-damage|p1a: Sneasler|8\/100|[from] item: Life Orb\n|\n|-heal|p2a: Great Tusk|11\/100|[from] item: Leftovers\n|upkeep\n|turn|8\n|\n|t:|1700104378\n|move|p2a: Great Tusk|Smack Down|p1a: Sneasler\n|-resisted|p1a: Sneasler\n|-damage|p1a: Sneasler|4\/100\n|move|p1a: Sneasler|Close Combat|p2a: Great Tusk\n|-supereffective|p2a: Great Tusk\n|-damage|p2a: Great Tusk|0 fnt\n|-boost|p1a: Sneasler|def|1\n|-boost|p1a: Sneasler|spd|1\n|faint|p2a: Great Tusk\n|-damage|p1a: Sneasler|0 fnt|[from] item: Life Orb\n|faint|p1a: Sneasler\n|\n|upkeep\n|\n|t:|1700104408\n|switch|p2a: Chesnaught|Chesnaught, F|94\/100 tox\n|switch|p1a: Dragapult|Dragapult, M|100\/100\n|-damage|p2a: Chesnaught|88\/100 tox|[from] Stealth Rock\n|turn|9\n|\n|t:|1700104420\n|move|p1a: Dragapult|Draco Meteor|p2a: Chesnaught\n|-damage|p2a: Chesnaught|29\/100 tox\n|-boost|p1a: Dragapult|spa|2\n|-damage|p1a: Dragapult|91\/100|[from] item: Life Orb\n|move|p2a: Chesnaught|Leech Seed|p1a: Dragapult\n|-start|p1a: Dragapult|move: Leech Seed\n|\n|-heal|p2a: Chesnaught|35\/100 tox|[from] item: Leftovers\n|-damage|p1a: Dragapult|78\/100|[from] Leech Seed|[of] p2a: Chesnaught\n|-heal|p2a: Chesnaught|50\/100 tox|[silent]\n|-damage|p2a: Chesnaught|44\/100 tox|[from] psn\n|upkeep\n|turn|10\n|inactive|Dregone has 120 seconds left.\n|\n|t:|1700104441\n|switch|p2a: Tinkaton|Tinkaton, F|100\/100\n|-damage|p2a: Tinkaton|94\/100|[from] Stealth Rock\n|move|p1a: Dragapult|U-turn|p2a: Tinkaton\n|-resisted|p2a: Tinkaton\n|-damage|p2a: Tinkaton|84\/100\n|-damage|p1a: Dragapult|68\/100|[from] item: Life Orb\n|\n|t:|1700104460\n|switch|p1a: Gholdengo|Gholdengo|100\/100|[from] U-turn\n|\n|-heal|p2a: Tinkaton|90\/100|[from] item: Leftovers\n|upkeep\n|turn|11\n|\n|t:|1700104469\n|move|p1a: Gholdengo|Trick|p2a: Tinkaton\n|-activate|p1a: Gholdengo|move: Trick|[of] p2a: Tinkaton\n|-item|p2a: Tinkaton|Choice Scarf|[from] move: Trick\n|-item|p1a: Gholdengo|Leftovers|[from] move: Trick\n|move|p2a: Tinkaton|Substitute|p2a: Tinkaton\n|-start|p2a: Tinkaton|Substitute\n|-damage|p2a: Tinkaton|65\/100\n|\n|upkeep\n|turn|12\n|inactive|Dregone has 120 seconds left.\n|\n|t:|1700104485\n|switch|p2a: Chesnaught|Chesnaught, F|44\/100 tox\n|-damage|p2a: Chesnaught|38\/100 tox|[from] Stealth Rock\n|move|p1a: Gholdengo|Make It Rain|p2a: Chesnaught\n|-damage|p2a: Chesnaught|3\/100 tox\n|-boost|p1a: Gholdengo|spa|1\n|\n|-heal|p2a: Chesnaught|9\/100 tox|[from] item: Leftovers\n|-damage|p2a: Chesnaught|3\/100 tox|[from] psn\n|upkeep\n|turn|13\n|j| happysh\n|inactive|Dregone has 120 seconds left.\n|\n|t:|1700104498\n|move|p1a: Gholdengo|Make It Rain|p2a: Chesnaught\n|-damage|p2a: Chesnaught|0 fnt\n|-boost|p1a: Gholdengo|spa|1\n|faint|p2a: Chesnaught\n|\n|upkeep\n|\n|t:|1700104509\n|switch|p2a: Gholdengo|Gholdengo|100\/100\n|-damage|p2a: Gholdengo|94\/100|[from] Stealth Rock\n|turn|14\n|\n|t:|1700104522\n|-terastallize|p1a: Gholdengo|Steel\n|move|p1a: Gholdengo|Poltergeist|p2a: Gholdengo\n|-activate|p2a: Gholdengo|move: Poltergeist|Leftovers\n|-supereffective|p2a: Gholdengo\n|-damage|p2a: Gholdengo|0 fnt\n|faint|p2a: Gholdengo\n|\n|upkeep\n|\n|t:|1700104533\n|switch|p2a: Rillaboom|Rillaboom, F|100\/100\n|-damage|p2a: Rillaboom|88\/100|[from] Stealth Rock\n|turn|15\n|\n|t:|1700104537\n|move|p2a: Rillaboom|Fake Out|p1a: Gholdengo\n|-resisted|p1a: Gholdengo\n|-damage|p1a: Gholdengo|94\/100\n|cant|p1a: Gholdengo|flinch\n|\n|-heal|p2a: Rillaboom|94\/100|[from] item: Leftovers\n|-heal|p1a: Gholdengo|99\/100|[from] item: Leftovers\n|upkeep\n|turn|16\n|\n|t:|1700104545\n|move|p2a: Rillaboom|Hammer Arm|p1a: Gholdengo\n|-supereffective|p1a: Gholdengo\n|-damage|p1a: Gholdengo|34\/100\n|-boost|p2a: Rillaboom|spe|1\n|move|p1a: Gholdengo|Poltergeist|p2a: Rillaboom\n|-activate|p2a: Rillaboom|move: Poltergeist|Leftovers\n|-damage|p2a: Rillaboom|16\/100\n|\n|-heal|p2a: Rillaboom|22\/100|[from] item: Leftovers\n|-heal|p1a: Gholdengo|41\/100|[from] item: Leftovers\n|upkeep\n|turn|17\n|\n|t:|1700104563\n|move|p2a: Rillaboom|Drain Punch|p1a: Gholdengo\n|-supereffective|p1a: Gholdengo\n|-damage|p1a: Gholdengo|0 fnt\n|-heal|p2a: Rillaboom|42\/100|[from] drain|[of] p1a: Gholdengo\n|faint|p1a: Gholdengo\n|\n|-heal|p2a: Rillaboom|48\/100|[from] item: Leftovers\n|upkeep\n|\n|t:|1700104568\n|switch|p1a: Enamorus|Enamorus, F|100\/100\n|turn|18\n|\n|t:|1700104576\n|move|p2a: Rillaboom|U-turn|p1a: Enamorus\n|-resisted|p1a: Enamorus\n|-damage|p1a: Enamorus|98\/100\n|\n|t:|1700104579\n|switch|p2a: Tinkaton|Tinkaton, F|65\/100|[from] U-turn\n|-damage|p2a: Tinkaton|59\/100|[from] Stealth Rock\n|move|p1a: Enamorus|Superpower|p2a: Tinkaton\n|-damage|p2a: Tinkaton|23\/100\n|-boost|p1a: Enamorus|atk|1\n|-boost|p1a: Enamorus|def|1\n|\n|upkeep\n|turn|19\n|\n|t:|1700104592\n|move|p2a: Tinkaton|Ice Hammer|p1a: Enamorus\n|-supereffective|p1a: Enamorus\n|-damage|p1a: Enamorus|63\/100\n|-boost|p2a: Tinkaton|spe|1\n|move|p1a: Enamorus|Superpower|p2a: Tinkaton\n|-damage|p2a: Tinkaton|0 fnt\n|-boost|p1a: Enamorus|atk|1\n|-boost|p1a: Enamorus|def|1\n|faint|p2a: Tinkaton\n|\n|upkeep\n|\n|t:|1700104605\n|switch|p2a: Azumarill|Azumarill, M|100\/100\n|-damage|p2a: Azumarill|88\/100|[from] Stealth Rock\n|turn|20\n|\n|t:|1700104620\n|move|p1a: Enamorus|Taunt|p2a: Azumarill\n|-start|p2a: Azumarill|move: Taunt\n|move|p2a: Azumarill|Superpower|p1a: Enamorus\n|-resisted|p1a: Enamorus\n|-damage|p1a: Enamorus|55\/100\n|-boost|p2a: Azumarill|atk|1\n|-boost|p2a: Azumarill|def|1\n|\n|upkeep\n|turn|21\n|\n|t:|1700104632\n|move|p1a: Enamorus|Draining Kiss|p2a: Azumarill\n|-damage|p2a: Azumarill|57\/100\n|-heal|p1a: Enamorus|75\/100|[from] drain|[of] p2a: Azumarill\n|move|p2a: Azumarill|Surf|p1a: Enamorus\n|-damage|p1a: Enamorus|59\/100\n|\n|upkeep\n|turn|22\n|\n|t:|1700104638\n|move|p1a: Enamorus|Draining Kiss|p2a: Azumarill\n|-damage|p2a: Azumarill|25\/100\n|-heal|p1a: Enamorus|80\/100|[from] drain|[of] p2a: Azumarill\n|move|p2a: Azumarill|Draining Kiss|p1a: Enamorus\n|-damage|p1a: Enamorus|71\/100\n|-heal|p2a: Azumarill|33\/100|[from] drain|[of] p1a: Enamorus\n|\n|-end|p2a: Azumarill|move: Taunt\n|upkeep\n|turn|23\n|\n|t:|1700104652\n|move|p1a: Enamorus|Draining Kiss|p2a: Azumarill\n|-damage|p2a: Azumarill|3\/100\n|-heal|p1a: Enamorus|91\/100|[from] drain|[of] p2a: Azumarill\n|move|p2a: Azumarill|Draining Kiss|p1a: Enamorus\n|-damage|p1a: Enamorus|81\/100\n|-heal|p2a: Azumarill|11\/100|[from] drain|[of] p1a: Enamorus\n|\n|upkeep\n|turn|24\n|c|\u2606baki4739|gg\n|\n|t:|1700104661\n|move|p1a: Enamorus|Superpower|p2a: Azumarill\n|-resisted|p2a: Azumarill\n|-damage|p2a: Azumarill|0 fnt\n|-boost|p1a: Enamorus|atk|1\n|-boost|p1a: Enamorus|def|1\n|faint|p2a: Azumarill\n|\n|upkeep\n|\n|t:|1700104668\n|switch|p2a: Rillaboom|Rillaboom, F|48\/100\n|-damage|p2a: Rillaboom|36\/100|[from] Stealth Rock\n|turn|25\n|\n|t:|1700104674\n|move|p2a: Rillaboom|Fake Out|p1a: Enamorus\n|-damage|p1a: Enamorus|75\/100\n|cant|p1a: Enamorus|flinch\n|\n|-heal|p2a: Rillaboom|42\/100|[from] item: Leftovers\n|upkeep\n|turn|26\n|\n|t:|1700104682\n|move|p2a: Rillaboom|Hammer Arm|p1a: Enamorus\n|-resisted|p1a: Enamorus\n|-damage|p1a: Enamorus|71\/100\n|-boost|p2a: Rillaboom|spe|1\n|move|p1a: Enamorus|Draining Kiss|p2a: Rillaboom\n|-crit|p2a: Rillaboom\n|-damage|p2a: Rillaboom|0 fnt\n|-heal|p1a: Enamorus|98\/100|[from] drain|[of] p2a: Rillaboom\n|faint|p2a: Rillaboom\n|\n|win|Dregone\n|n|\u2606Dregone|dregone\n|n|\u2606baki4739|baki4739\n|n|*Lady Monita \u2746|ladymonita\n|n| munchkinp|munchkinp\n|n| tindall64|tindall64\n|n| happysh|happysh\n|l|*Lady Monita \u2746\n|c|\u2606Dregone|gg\n","uploadtime":1700104683,"views":25,"p1id":"dregone","p2id":"baki4739","formatid":"gen9ou","rating":0,"private":0,"password":""}