{"id":"gen9ou-1995695733","p1":"Abner67","p2":"casemiroluan","format":"[Gen 9] OU","log":"|j|\u2606Abner67\n|j|\u2606casemiroluan\n|t:|1700594726\n|gametype|singles\n|player|p1|Abner67|shadowtriad|\n|player|p2|casemiroluan|169|\n|teamsize|p1|6\n|teamsize|p2|6\n|gen|9\n|tier|[Gen 9] OU\n|rule|Sleep Clause Mod: Limit one foe put to sleep\n|rule|Species Clause: Limit one of each Pok\u00e9mon\n|rule|OHKO Clause: OHKO moves are banned\n|rule|Evasion Items Clause: Evasion items are banned\n|rule|Evasion Moves Clause: Evasion moves are banned\n|rule|Endless Battle Clause: Forcing endless battles is banned\n|rule|HP Percentage Mod: HP is shown in percentages\n|clearpoke\n|poke|p1|Masquerain, F|\n|poke|p1|Azumarill, F|\n|poke|p1|Mesprit|\n|poke|p1|Iron Hands|\n|poke|p1|Goodra, F|\n|poke|p1|Iron Treads|\n|poke|p2|Charizard, M|\n|poke|p2|Torkoal, M|\n|poke|p2|Glaceon, M|\n|poke|p2|Greninja-*, M|\n|poke|p2|Grimmsnarl, M|\n|poke|p2|Leafeon, F|\n|teampreview\n|\n|t:|1700594739\n|start\n|switch|p1a: Iron Treads|Iron Treads|100\/100\n|switch|p2a: Afonso|Grimmsnarl, M|100\/100\n|turn|1\n|\n|t:|1700594753\n|switch|p2a: Para-raio|Torkoal, M|100\/100\n|-weather|SunnyDay|[from] ability: Drought|[of] p2a: Para-raio\n|move|p1a: Iron Treads|Stealth Rock|p2a: Para-raio\n|-sidestart|p2: casemiroluan|move: Stealth Rock\n|\n|-weather|SunnyDay|[upkeep]\n|upkeep\n|turn|2\n|\n|t:|1700594766\n|move|p1a: Iron Treads|Knock Off|p2a: Para-raio\n|-damage|p2a: Para-raio|76\/100\n|-enditem|p2a: Para-raio|Heat Rock|[from] move: Knock Off|[of] p1a: Iron Treads\n|move|p2a: Para-raio|Rapid Spin|p1a: Iron Treads\n|-resisted|p1a: Iron Treads\n|-damage|p1a: Iron Treads|96\/100\n|-boost|p2a: Para-raio|spe|1\n|-sideend|p2: casemiroluan|Stealth Rock|[from] move: Rapid Spin|[of] p2a: Para-raio\n|\n|-weather|SunnyDay|[upkeep]\n|-heal|p1a: Iron Treads|100\/100|[from] item: Leftovers\n|upkeep\n|turn|3\n|\n|t:|1700594783\n|-end|p1a: Iron Treads|Quark Drive|[silent]\n|switch|p1a: Masquerain|Masquerain, F|100\/100\n|-ability|p1a: Masquerain|Intimidate|boost\n|-unboost|p2a: Para-raio|atk|1\n|switch|p2a: Zeca|Charizard, M, shiny|100\/100\n|\n|-weather|SunnyDay|[upkeep]\n|-damage|p2a: Zeca|88\/100|[from] ability: Solar Power|[of] p2a: Zeca\n|upkeep\n|turn|4\n|\n|t:|1700594794\n|move|p2a: Zeca|Air Slash|p1a: Masquerain\n|-supereffective|p1a: Masquerain\n|-enditem|p1a: Masquerain|Focus Sash\n|-damage|p1a: Masquerain|1\/100\n|-damage|p2a: Zeca|78\/100|[from] item: Life Orb\n|move|p1a: Masquerain|Sticky Web|p2a: Zeca\n|-sidestart|p2: casemiroluan|move: Sticky Web\n|\n|-weather|SunnyDay|[upkeep]\n|-damage|p2a: Zeca|66\/100|[from] ability: Solar Power|[of] p2a: Zeca\n|upkeep\n|turn|5\n|\n|t:|1700594806\n|move|p2a: Zeca|Air Slash|p1a: Masquerain\n|-supereffective|p1a: Masquerain\n|-damage|p1a: Masquerain|0 fnt\n|faint|p1a: Masquerain\n|-damage|p2a: Zeca|56\/100|[from] item: Life Orb\n|\n|-weather|SunnyDay|[upkeep]\n|-damage|p2a: Zeca|44\/100|[from] ability: Solar Power|[of] p2a: Zeca\n|upkeep\n|\n|t:|1700594814\n|switch|p1a: Mesprit|Mesprit|100\/100\n|turn|6\n|\n|t:|1700594832\n|-terastallize|p2a: Zeca|Fire\n|move|p2a: Zeca|Flamethrower|p1a: Mesprit\n|-damage|p1a: Mesprit|0 fnt\n|faint|p1a: Mesprit\n|-damage|p2a: Zeca|34\/100|[from] item: Life Orb\n|\n|-weather|SunnyDay|[upkeep]\n|-damage|p2a: Zeca|21\/100|[from] ability: Solar Power|[of] p2a: Zeca\n|upkeep\n|\n|t:|1700594842\n|switch|p1a: Azumarill|Azumarill, F|100\/100\n|turn|7\n|\n|t:|1700594846\n|move|p2a: Zeca|Solar Beam||[still]\n|-prepare|p2a: Zeca|Solar Beam\n|-anim|p2a: Zeca|Solar Beam|p1a: Azumarill\n|-supereffective|p1a: Azumarill\n|-damage|p1a: Azumarill|0 fnt\n|faint|p1a: Azumarill\n|-damage|p2a: Zeca|12\/100|[from] item: Life Orb\n|\n|-weather|SunnyDay|[upkeep]\n|-damage|p2a: Zeca|0 fnt|[from] ability: Solar Power|[of] p2a: Zeca\n|faint|p2a: Zeca\n|upkeep\n|\n|t:|1700594864\n|switch|p2a: Creusa|Leafeon, F|100\/100\n|switch|p1a: Goodra|Goodra, F|100\/100\n|turn|8\n|\n|t:|1700594875\n|move|p2a: Creusa|Leaf Blade|p1a: Goodra\n|-ability|p1a: Goodra|Sap Sipper|boost\n|-boost|p1a: Goodra|atk|1\n|move|p1a: Goodra|Flamethrower|p2a: Creusa\n|-supereffective|p2a: Creusa\n|-crit|p2a: Creusa\n|-damage|p2a: Creusa|0 fnt\n|faint|p2a: Creusa\n|\n|-weather|none\n|upkeep\n|\n|t:|1700594889\n|switch|p2a: Afonso|Grimmsnarl, M|100\/100\n|-activate|p2a: Afonso|move: Sticky Web\n|-unboost|p2a: Afonso|spe|1\n|turn|9\n|\n|t:|1700594899\n|move|p2a: Afonso|Light Screen|p2a: Afonso\n|-sidestart|p2: casemiroluan|move: Light Screen\n|move|p1a: Goodra|Earthquake|p2a: Afonso\n|-damage|p2a: Afonso|61\/100\n|\n|upkeep\n|turn|10\n|\n|t:|1700594905\n|switch|p1a: Iron Treads|Iron Treads|100\/100\n|move|p2a: Afonso|Spirit Break|p1a: Iron Treads\n|-resisted|p1a: Iron Treads\n|-damage|p1a: Iron Treads|87\/100\n|-unboost|p1a: Iron Treads|spa|1\n|\n|-heal|p1a: Iron Treads|93\/100|[from] item: Leftovers\n|upkeep\n|turn|11\n|\n|t:|1700594915\n|move|p2a: Afonso|Reflect|p2a: Afonso\n|-sidestart|p2: casemiroluan|Reflect\n|move|p1a: Iron Treads|Stealth Rock|p2a: Afonso\n|-sidestart|p2: casemiroluan|move: Stealth Rock\n|\n|-heal|p1a: Iron Treads|99\/100|[from] item: Leftovers\n|upkeep\n|turn|12\n|\n|t:|1700594922\n|move|p2a: Afonso|Parting Shot|p1a: Iron Treads\n|-unboost|p1a: Iron Treads|atk|1\n|-unboost|p1a: Iron Treads|spa|1\n|\n|t:|1700594929\n|switch|p2a: Sapo Cego|Greninja, M|100\/100|[from] Parting Shot\n|-activate|p2a: Sapo Cego|move: Sticky Web\n|-unboost|p2a: Sapo Cego|spe|1\n|-damage|p2a: Sapo Cego|88\/100|[from] Stealth Rock\n|move|p1a: Iron Treads|Knock Off|p2a: Sapo Cego\n|-resisted|p2a: Sapo Cego\n|-damage|p2a: Sapo Cego|80\/100\n|-enditem|p2a: Sapo Cego|Life Orb|[from] move: Knock Off|[of] p1a: Iron Treads\n|\n|-heal|p1a: Iron Treads|100\/100|[from] item: Leftovers\n|upkeep\n|turn|13\n|\n|t:|1700594943\n|-end|p1a: Iron Treads|Quark Drive|[silent]\n|switch|p1a: Iron Hands|Iron Hands|100\/100\n|move|p2a: Sapo Cego|Water Shuriken|p1a: Iron Hands\n|-damage|p1a: Iron Hands|96\/100\n|-damage|p1a: Iron Hands|91\/100\n|-damage|p1a: Iron Hands|85\/100\n|-hitcount|p1a: Iron Hands|3\n|\n|upkeep\n|turn|14\n|\n|t:|1700594952\n|move|p2a: Sapo Cego|U-turn|p1a: Iron Hands\n|-resisted|p1a: Iron Hands\n|-damage|p1a: Iron Hands|81\/100\n|\n|t:|1700594961\n|switch|p2a: Afonso|Grimmsnarl, M|61\/100|[from] U-turn\n|-activate|p2a: Afonso|move: Sticky Web\n|-unboost|p2a: Afonso|spe|1\n|-damage|p2a: Afonso|48\/100|[from] Stealth Rock\n|move|p1a: Iron Hands|Thunder Punch|p2a: Afonso\n|-damage|p2a: Afonso|23\/100\n|\n|upkeep\n|turn|15\n|\n|t:|1700594971\n|move|p1a: Iron Hands|Thunder Punch|p2a: Afonso\n|-damage|p2a: Afonso|0 fnt\n|faint|p2a: Afonso\n|\n|upkeep\n|\n|t:|1700594976\n|switch|p2a: Para-raio|Torkoal, M|76\/100\n|-activate|p2a: Para-raio|move: Sticky Web\n|-unboost|p2a: Para-raio|spe|1\n|-damage|p2a: Para-raio|51\/100|[from] Stealth Rock\n|-weather|SunnyDay|[from] ability: Drought|[of] p2a: Para-raio\n|turn|16\n|\n|t:|1700594987\n|move|p1a: Iron Hands|Earthquake|p2a: Para-raio\n|-supereffective|p2a: Para-raio\n|-damage|p2a: Para-raio|22\/100\n|move|p2a: Para-raio|Rapid Spin|p1a: Iron Hands\n|-damage|p1a: Iron Hands|75\/100\n|-boost|p2a: Para-raio|spe|1\n|-sideend|p2: casemiroluan|Stealth Rock|[from] move: Rapid Spin|[of] p2a: Para-raio\n|-sideend|p2: casemiroluan|Sticky Web|[from] move: Rapid Spin|[of] p2a: Para-raio\n|\n|-weather|SunnyDay|[upkeep]\n|-sideend|p2: casemiroluan|move: Light Screen\n|upkeep\n|turn|17\n|\n|t:|1700594997\n|-end|p1a: Iron Hands|Quark Drive|[silent]\n|switch|p1a: Goodra|Goodra, F|100\/100\n|move|p2a: Para-raio|Weather Ball|p1a: Goodra\n|-resisted|p1a: Goodra\n|-damage|p1a: Goodra|90\/100\n|\n|-weather|SunnyDay|[upkeep]\n|upkeep\n|turn|18\n|\n|t:|1700595005\n|move|p1a: Goodra|Earthquake|p2a: Para-raio\n|-supereffective|p2a: Para-raio\n|-damage|p2a: Para-raio|5\/100\n|move|p2a: Para-raio|Will-O-Wisp|p1a: Goodra\n|-status|p1a: Goodra|brn\n|\n|-weather|SunnyDay|[upkeep]\n|-damage|p1a: Goodra|84\/100 brn|[from] brn\n|-sideend|p2: casemiroluan|Reflect\n|upkeep\n|turn|19\n|\n|t:|1700595014\n|move|p1a: Goodra|Flamethrower|p2a: Para-raio\n|-resisted|p2a: Para-raio\n|-damage|p2a: Para-raio|0 fnt\n|faint|p2a: Para-raio\n|\n|-weather|SunnyDay|[upkeep]\n|-damage|p1a: Goodra|78\/100 brn|[from] brn\n|upkeep\n|\n|t:|1700595022\n|switch|p2a: Rog\u00e9rio|Glaceon, M, shiny|100\/100\n|turn|20\n|\n|t:|1700595028\n|-terastallize|p1a: Goodra|Water\n|move|p1a: Goodra|Flamethrower|p2a: Rog\u00e9rio\n|-supereffective|p2a: Rog\u00e9rio\n|-damage|p2a: Rog\u00e9rio|2\/100\n|move|p2a: Rog\u00e9rio|Ice Beam|p1a: Goodra\n|-resisted|p1a: Goodra\n|-damage|p1a: Goodra|62\/100 brn\n|\n|-weather|none\n|-damage|p1a: Goodra|56\/100 brn|[from] brn\n|upkeep\n|turn|21\n|\n|t:|1700595038\n|move|p1a: Goodra|Flamethrower|p2a: Rog\u00e9rio\n|-supereffective|p2a: Rog\u00e9rio\n|-damage|p2a: Rog\u00e9rio|0 fnt\n|faint|p2a: Rog\u00e9rio\n|\n|-damage|p1a: Goodra|50\/100 brn|[from] brn\n|upkeep\n|\n|t:|1700595043\n|switch|p2a: Sapo Cego|Greninja, M|80\/100\n|turn|22\n|\n|t:|1700595047\n|move|p2a: Sapo Cego|Dark Pulse|p1a: Goodra\n|-damage|p1a: Goodra|33\/100 brn\n|cant|p1a: Goodra|flinch\n|\n|-damage|p1a: Goodra|27\/100 brn|[from] brn\n|upkeep\n|turn|23\n|\n|t:|1700595054\n|move|p2a: Sapo Cego|Dark Pulse|p1a: Goodra\n|-damage|p1a: Goodra|10\/100 brn\n|move|p1a: Goodra|Draco Meteor|p2a: Sapo Cego\n|-damage|p2a: Sapo Cego|0 fnt\n|-unboost|p1a: Goodra|spa|2\n|faint|p2a: Sapo Cego\n|\n|win|Abner67\n|j| mmeira\n","uploadtime":1700595065,"views":14,"p1id":"abner67","p2id":"casemiroluan","formatid":"gen9ou","rating":0,"private":0,"password":""}