{"id":"gen9ou-1994119964","p1":"AkieAkie","p2":"outdated ahh team","format":"[Gen 9] OU","log":"|j|\u2606AkieAkie\n|j|\u2606outdated ahh team\n|t:|1700409235\n|gametype|singles\n|player|p1|AkieAkie|rosa|1629\n|player|p2|outdated ahh team|bruno-gen2|1620\n|teamsize|p1|6\n|teamsize|p2|6\n|gen|9\n|tier|[Gen 9] OU\n|rated|\n|rule|Sleep Clause Mod: Limit one foe put to sleep\n|rule|Species Clause: Limit one of each Pok\u00e9mon\n|rule|OHKO Clause: OHKO moves are banned\n|rule|Evasion Items Clause: Evasion items are banned\n|rule|Evasion Moves Clause: Evasion moves are banned\n|rule|Endless Battle Clause: Forcing endless battles is banned\n|rule|HP Percentage Mod: HP is shown in percentages\n|clearpoke\n|poke|p1|Glimmora, M|\n|poke|p1|Kingambit, F|\n|poke|p1|Ogerpon-Wellspring, F|\n|poke|p1|Sandy Shocks|\n|poke|p1|Iron Valiant|\n|poke|p1|Iron Moth|\n|poke|p2|Kingambit, M|\n|poke|p2|Ogerpon-Wellspring, F|\n|poke|p2|Hoopa-Unbound|\n|poke|p2|Iron Valiant|\n|poke|p2|Arcanine-Hisui, F|\n|poke|p2|Great Tusk|\n|teampreview\n|inactive|Battle timer is ON: inactive players will automatically lose when time's up. (requested by AkieAkie)\n|inactive|outdated ahh team also wants the timer to be on.\n|inactive|outdated ahh team has 120 seconds left.\n|\n|t:|1700409290\n|start\n|switch|p1a: Glimmora|Glimmora, M|100\/100\n|switch|p2a: Alisa Bosconovitch|Iron Valiant|100\/100\n|turn|1\n|inactive|AkieAkie has 120 seconds left.\n|\n|t:|1700409324\n|move|p2a: Alisa Bosconovitch|Taunt|p1a: Glimmora\n|-start|p1a: Glimmora|move: Taunt\n|move|p1a: Glimmora|Sludge Wave|p2a: Alisa Bosconovitch\n|-supereffective|p2a: Alisa Bosconovitch\n|-enditem|p2a: Alisa Bosconovitch|Focus Sash\n|-damage|p2a: Alisa Bosconovitch|1\/100\n|\n|upkeep\n|turn|2\n|\n|t:|1700409333\n|move|p2a: Alisa Bosconovitch|Destiny Bond|p2a: Alisa Bosconovitch\n|-singlemove|p2a: Alisa Bosconovitch|Destiny Bond\n|move|p1a: Glimmora|Sludge Wave|p2a: Alisa Bosconovitch\n|-supereffective|p2a: Alisa Bosconovitch\n|-damage|p2a: Alisa Bosconovitch|0 fnt\n|faint|p2a: Alisa Bosconovitch\n|-activate|p2a: Alisa Bosconovitch|move: Destiny Bond\n|-end|p2a: Alisa Bosconovitch|Quark Drive|[silent]\n|faint|p1a: Glimmora\n|\n|upkeep\n|\n|t:|1700409338\n|switch|p2a: Alpha \ud83d\udc15|Arcanine-Hisui, F|100\/100\n|switch|p1a: Sandy Shocks|Sandy Shocks|100\/100\n|-enditem|p1a: Sandy Shocks|Booster Energy\n|-activate|p1a: Sandy Shocks|ability: Protosynthesis|[fromitem]\n|-start|p1a: Sandy Shocks|protosynthesisspe\n|turn|3\n|\n|t:|1700409341\n|move|p1a: Sandy Shocks|Earth Power|p2a: Alpha \ud83d\udc15\n|-supereffective|p2a: Alpha \ud83d\udc15\n|-enditem|p2a: Alpha \ud83d\udc15|Focus Sash\n|-damage|p2a: Alpha \ud83d\udc15|1\/100\n|move|p2a: Alpha \ud83d\udc15|Flare Blitz|p1a: Sandy Shocks\n|-damage|p1a: Sandy Shocks|35\/100\n|\n|upkeep\n|turn|4\n|\n|t:|1700409363\n|-terastallize|p2a: Alpha \ud83d\udc15|Normal\n|move|p2a: Alpha \ud83d\udc15|Extreme Speed|p1a: Sandy Shocks\n|-damage|p1a: Sandy Shocks|0 fnt\n|faint|p1a: Sandy Shocks\n|-end|p1a: Sandy Shocks|Protosynthesis|[silent]\n|\n|upkeep\n|inactive|AkieAkie has 120 seconds left.\n|\n|t:|1700409410\n|switch|p1a: Ogerpon|Ogerpon-Wellspring, F|100\/100\n|turn|5\n|\n|t:|1700409413\n|move|p2a: Alpha \ud83d\udc15|Extreme Speed|p1a: Ogerpon\n|-damage|p1a: Ogerpon|46\/100\n|move|p1a: Ogerpon|Power Whip|p2a: Alpha \ud83d\udc15\n|-damage|p2a: Alpha \ud83d\udc15|0 fnt\n|faint|p2a: Alpha \ud83d\udc15\n|\n|upkeep\n|\n|t:|1700409431\n|switch|p2a: Casca \u2694\ufe0f|Ogerpon-Wellspring, F|100\/100\n|turn|6\n|\n|t:|1700409436\n|move|p1a: Ogerpon|Power Whip|p2a: Casca \u2694\ufe0f\n|-damage|p2a: Casca \u2694\ufe0f|1\/100\n|move|p2a: Casca \u2694\ufe0f|Trailblaze|p1a: Ogerpon\n|-damage|p1a: Ogerpon|8\/100\n|-boost|p2a: Casca \u2694\ufe0f|spe|1\n|\n|upkeep\n|turn|7\n|\n|t:|1700409443\n|move|p2a: Casca \u2694\ufe0f|Trailblaze|p1a: Ogerpon\n|-damage|p1a: Ogerpon|0 fnt\n|-boost|p2a: Casca \u2694\ufe0f|spe|1\n|faint|p1a: Ogerpon\n|\n|upkeep\n|\n|t:|1700409452\n|switch|p1a: Kingambit|Kingambit, F|100\/100\n|-activate|p1a: Kingambit|ability: Supreme Overlord\n|-start|p1a: Kingambit|fallen3|[silent]\n|turn|8\n|\n|t:|1700409456\n|switch|p2a: Tuskuthy the Great|Great Tusk|100\/100\n|move|p1a: Kingambit|Kowtow Cleave|p2a: Tuskuthy the Great\n|-resisted|p2a: Tuskuthy the Great\n|-damage|p2a: Tuskuthy the Great|72\/100\n|\n|upkeep\n|turn|9\n|\n|t:|1700409466\n|-terastallize|p1a: Kingambit|Flying\n|move|p2a: Tuskuthy the Great|Headlong Rush|p1a: Kingambit\n|-immune|p1a: Kingambit\n|move|p1a: Kingambit|Iron Head|p2a: Tuskuthy the Great\n|-damage|p2a: Tuskuthy the Great|24\/100\n|\n|upkeep\n|turn|10\n|\n|t:|1700409472\n|move|p2a: Tuskuthy the Great|Ice Spinner|p1a: Kingambit\n|-supereffective|p1a: Kingambit\n|-damage|p1a: Kingambit|58\/100\n|move|p1a: Kingambit|Iron Head|p2a: Tuskuthy the Great\n|-damage|p2a: Tuskuthy the Great|0 fnt\n|faint|p2a: Tuskuthy the Great\n|-end|p2a: Tuskuthy the Great|Protosynthesis|[silent]\n|\n|upkeep\n|\n|t:|1700409479\n|switch|p2a: Guts \u2694\ufe0f|Kingambit, M|100\/100\n|-activate|p2a: Guts \u2694\ufe0f|ability: Supreme Overlord\n|-start|p2a: Guts \u2694\ufe0f|fallen3|[silent]\n|turn|11\n|\n|t:|1700409482\n|move|p2a: Guts \u2694\ufe0f|Sucker Punch|p1a: Kingambit\n|-damage|p1a: Kingambit|16\/100\n|move|p1a: Kingambit|Kowtow Cleave|p2a: Guts \u2694\ufe0f\n|-resisted|p2a: Guts \u2694\ufe0f\n|-damage|p2a: Guts \u2694\ufe0f|65\/100\n|\n|-heal|p2a: Guts \u2694\ufe0f|71\/100|[from] item: Leftovers\n|upkeep\n|turn|12\n|\n|t:|1700409489\n|move|p2a: Guts \u2694\ufe0f|Sucker Punch|p1a: Kingambit\n|-damage|p1a: Kingambit|0 fnt\n|faint|p1a: Kingambit\n|-end|p1a: Kingambit|fallen3|[silent]\n|\n|-heal|p2a: Guts \u2694\ufe0f|78\/100|[from] item: Leftovers\n|upkeep\n|\n|t:|1700409492\n|switch|p1a: Iron Valiant|Iron Valiant|100\/100\n|-enditem|p1a: Iron Valiant|Booster Energy\n|-activate|p1a: Iron Valiant|ability: Quark Drive|[fromitem]\n|-start|p1a: Iron Valiant|quarkdrivespe\n|turn|13\n|\n|t:|1700409497\n|-end|p2a: Guts \u2694\ufe0f|fallen3|[silent]\n|switch|p2a: Casca \u2694\ufe0f|Ogerpon-Wellspring, F|1\/100\n|move|p1a: Iron Valiant|Close Combat|p2a: Casca \u2694\ufe0f\n|-damage|p2a: Casca \u2694\ufe0f|0 fnt\n|-unboost|p1a: Iron Valiant|def|1\n|-unboost|p1a: Iron Valiant|spd|1\n|faint|p2a: Casca \u2694\ufe0f\n|\n|upkeep\n|\n|t:|1700409501\n|switch|p2a: Ryomen Sukuna \u26e9\ufe0f|Hoopa-Unbound|100\/100\n|turn|14\n|\n|t:|1700409508\n|move|p1a: Iron Valiant|Close Combat|p2a: Ryomen Sukuna \u26e9\ufe0f\n|-damage|p2a: Ryomen Sukuna \u26e9\ufe0f|23\/100\n|-unboost|p1a: Iron Valiant|def|1\n|-unboost|p1a: Iron Valiant|spd|1\n|move|p2a: Ryomen Sukuna \u26e9\ufe0f|Psychic|p1a: Iron Valiant\n|-supereffective|p1a: Iron Valiant\n|-damage|p1a: Iron Valiant|0 fnt\n|faint|p1a: Iron Valiant\n|-end|p1a: Iron Valiant|Quark Drive|[silent]\n|\n|upkeep\n|\n|t:|1700409514\n|switch|p1a: Iron Moth|Iron Moth|100\/100\n|-enditem|p1a: Iron Moth|Booster Energy\n|-activate|p1a: Iron Moth|ability: Quark Drive|[fromitem]\n|-start|p1a: Iron Moth|quarkdrivespe\n|turn|15\n|\n|t:|1700409517\n|move|p1a: Iron Moth|Fiery Dance|p2a: Ryomen Sukuna \u26e9\ufe0f\n|-damage|p2a: Ryomen Sukuna \u26e9\ufe0f|3\/100\n|move|p2a: Ryomen Sukuna \u26e9\ufe0f|Psychic|p1a: Iron Moth\n|-supereffective|p1a: Iron Moth\n|-damage|p1a: Iron Moth|0 fnt\n|faint|p1a: Iron Moth\n|-end|p1a: Iron Moth|Quark Drive|[silent]\n|\n|win|outdated ahh team\n|raw|AkieAkie's rating: 1629 &rarr; <strong>1608<\/strong><br \/>(-21 for losing)\n|raw|outdated ahh team's rating: 1620 &rarr; <strong>1641<\/strong><br \/>(+21 for winning)\n","uploadtime":1700409521,"views":6,"p1id":"akieakie","p2id":"outdatedahhteam","formatid":"gen9ou","rating":1608,"private":0,"password":""}