{"id":"gen9ou-1997435268","p1":"GodKmi","p2":"RR_Uzui","format":"[Gen 9] OU","log":"|j|\u2606GodKmi\n|j|\u2606RR_Uzui\n|t:|1700804703\n|gametype|singles\n|player|p1|GodKmi|adaman|\n|player|p2|RR_Uzui|2|\n|teamsize|p1|6\n|teamsize|p2|6\n|gen|9\n|tier|[Gen 9] OU\n|rule|Sleep Clause Mod: Limit one foe put to sleep\n|rule|Species Clause: Limit one of each Pok\u00e9mon\n|rule|OHKO Clause: OHKO moves are banned\n|rule|Evasion Items Clause: Evasion items are banned\n|rule|Evasion Moves Clause: Evasion moves are banned\n|rule|Endless Battle Clause: Forcing endless battles is banned\n|rule|HP Percentage Mod: HP is shown in percentages\n|clearpoke\n|poke|p1|Torkoal, F|\n|poke|p1|Charizard, M|\n|poke|p1|Typhlosion, M|\n|poke|p1|Slither Wing|\n|poke|p1|Walking Wake|\n|poke|p1|Hatterene, F|\n|poke|p2|Kingambit, F|\n|poke|p2|Ogerpon-Wellspring, F|\n|poke|p2|Enamorus, F|\n|poke|p2|Gholdengo|\n|poke|p2|Heatran, F|\n|poke|p2|Corviknight, F|\n|teampreview\n|\n|t:|1700804733\n|start\n|switch|p1a: Torkoal|Torkoal, F|100\/100\n|switch|p2a: Heatran|Heatran, F|100\/100\n|-weather|SunnyDay|[from] ability: Drought|[of] p1a: Torkoal\n|turn|1\n|\n|t:|1700804741\n|switch|p1a: Hatterene|Hatterene, F|100\/100\n|move|p2a: Heatran|Magma Storm|p1a: Hatterene|[miss]\n|-miss|p2a: Heatran|p1a: Hatterene\n|\n|-weather|SunnyDay|[upkeep]\n|upkeep\n|turn|2\n|\n|t:|1700804749\n|switch|p1a: Typhlosion|Typhlosion, M|100\/100\n|move|p2a: Heatran|Magma Storm|p1a: Typhlosion\n|-start|p1a: Typhlosion|ability: Flash Fire\n|\n|-weather|SunnyDay|[upkeep]\n|upkeep\n|turn|3\n|\n|t:|1700804757\n|-end|p1a: Typhlosion|ability: Flash Fire|[silent]\n|switch|p1a: Hatterene|Hatterene, F|100\/100\n|move|p2a: Heatran|Earth Power|p1a: Hatterene\n|-damage|p1a: Hatterene|72\/100\n|-enditem|p1a: Hatterene|Eject Button\n|j| Alexmaya29\n|\n|t:|1700804769\n|switch|p1a: Walking Wake|Walking Wake|100\/100\n|-activate|p1a: Walking Wake|ability: Protosynthesis\n|-start|p1a: Walking Wake|protosynthesisspa\n|\n|-weather|SunnyDay|[upkeep]\n|upkeep\n|turn|4\n|\n|t:|1700804779\n|move|p2a: Heatran|Protect|p2a: Heatran\n|-singleturn|p2a: Heatran|Protect\n|move|p1a: Walking Wake|Hydro Steam|p2a: Heatran\n|-activate|p2a: Heatran|move: Protect\n|\n|-weather|SunnyDay|[upkeep]\n|upkeep\n|turn|5\n|\n|t:|1700804789\n|move|p1a: Walking Wake|Hydro Steam|p2a: Heatran\n|-supereffective|p2a: Heatran\n|-damage|p2a: Heatran|0 fnt\n|faint|p2a: Heatran\n|\n|-weather|SunnyDay|[upkeep]\n|upkeep\n|j| Prince of V\n|\n|t:|1700804796\n|switch|p2a: Ogerpon|Ogerpon-Wellspring, F|100\/100\n|turn|6\n|\n|t:|1700804811\n|-end|p1a: Walking Wake|Protosynthesis|[silent]\n|switch|p1a: Slither Wing|Slither Wing|100\/100\n|-activate|p1a: Slither Wing|ability: Protosynthesis\n|-start|p1a: Slither Wing|protosynthesisatk\n|-terastallize|p2a: Ogerpon|Water\n|detailschange|p2a: Ogerpon|Ogerpon-Wellspring-Tera, F, tera:Water\n|-ability|p2a: Ogerpon|Embody Aspect (Wellspring)|boost\n|-boost|p2a: Ogerpon|spd|1\n|move|p2a: Ogerpon|Horn Leech|p1a: Slither Wing\n|-resisted|p1a: Slither Wing\n|-damage|p1a: Slither Wing|76\/100\n|\n|-weather|SunnyDay|[upkeep]\n|upkeep\n|turn|7\n|\n|t:|1700804825\n|move|p2a: Ogerpon|Ivy Cudgel|p1a: Slither Wing|[anim] Ivy Cudgel Water\n|-crit|p1a: Slither Wing\n|-damage|p1a: Slither Wing|9\/100\n|move|p1a: Slither Wing|Close Combat|p2a: Ogerpon\n|-damage|p2a: Ogerpon|0 fnt\n|-unboost|p1a: Slither Wing|def|1\n|-unboost|p1a: Slither Wing|spd|1\n|faint|p2a: Ogerpon\n|\n|-weather|SunnyDay|[upkeep]\n|upkeep\n|\n|t:|1700804836\n|switch|p2a: Enamorus|Enamorus, F|100\/100\n|turn|8\n|\n|t:|1700804840\n|-end|p1a: Slither Wing|Protosynthesis|[silent]\n|switch|p1a: Hatterene|Hatterene, F|72\/100\n|move|p2a: Enamorus|Moonblast|p1a: Hatterene\n|-damage|p1a: Hatterene|0 fnt\n|faint|p1a: Hatterene\n|\n|-weather|none\n|upkeep\n|\n|t:|1700804843\n|switch|p1a: Torkoal|Torkoal, F|100\/100\n|-weather|SunnyDay|[from] ability: Drought|[of] p1a: Torkoal\n|turn|9\n|\n|t:|1700804852\n|move|p2a: Enamorus|Moonblast|p1a: Torkoal\n|-resisted|p1a: Torkoal\n|-damage|p1a: Torkoal|49\/100\n|move|p1a: Torkoal|Overheat|p2a: Enamorus\n|-damage|p2a: Enamorus|0 fnt\n|-unboost|p1a: Torkoal|spa|2\n|faint|p2a: Enamorus\n|\n|-weather|SunnyDay|[upkeep]\n|upkeep\n|\n|t:|1700804866\n|switch|p2a: Gholdengo|Gholdengo|100\/100\n|turn|10\n|l| Prince of V\n|\n|t:|1700804871\n|switch|p1a: Walking Wake|Walking Wake|100\/100\n|-activate|p1a: Walking Wake|ability: Protosynthesis\n|-start|p1a: Walking Wake|protosynthesisspa\n|move|p2a: Gholdengo|Shadow Ball|p1a: Walking Wake\n|-damage|p1a: Walking Wake|55\/100\n|\n|-weather|SunnyDay|[upkeep]\n|upkeep\n|turn|11\n|\n|t:|1700804880\n|switch|p2a: Corviknight|Corviknight, F|100\/100\n|-ability|p2a: Corviknight|Pressure\n|move|p1a: Walking Wake|Hydro Steam|p2a: Corviknight\n|-crit|p2a: Corviknight\n|-damage|p2a: Corviknight|0 fnt\n|faint|p2a: Corviknight\n|\n|-weather|SunnyDay|[upkeep]\n|upkeep\n|\n|t:|1700804893\n|switch|p2a: Kingambit|Kingambit, F|100\/100\n|-activate|p2a: Kingambit|ability: Supreme Overlord\n|-start|p2a: Kingambit|fallen4|[silent]\n|turn|12\n|\n|t:|1700804897\n|move|p1a: Walking Wake|Hydro Steam|p2a: Kingambit\n|-damage|p2a: Kingambit|0 fnt\n|faint|p2a: Kingambit\n|-end|p2a: Kingambit|fallen4|[silent]\n|\n|-weather|SunnyDay|[upkeep]\n|upkeep\n|\n|t:|1700804903\n|switch|p2a: Gholdengo|Gholdengo|100\/100\n|turn|13\n|j| Prince of V\n|\n|t:|1700804906\n|-terastallize|p1a: Walking Wake|Water\n|move|p1a: Walking Wake|Hydro Steam|p2a: Gholdengo\n|-damage|p2a: Gholdengo|0 fnt\n|faint|p2a: Gholdengo\n|\n|win|GodKmi\n","uploadtime":1700804911,"views":3,"p1id":"godkmi","p2id":"rruzui","formatid":"gen9ou","rating":0,"private":0,"password":""}