{"id":"gen9ou-1995984768","p1":"FreeedTheDolfin","p2":"Jambees","format":"[Gen 9] OU","log":"|j|\u2606FreeedTheDolfin\n|j|\u2606Jambees\n|t:|1700625374\n|gametype|singles\n|player|p1|FreeedTheDolfin|169|\n|player|p2|Jambees|marnie-masters|\n|teamsize|p1|6\n|teamsize|p2|6\n|gen|9\n|tier|[Gen 9] OU\n|rule|Sleep Clause Mod: Limit one foe put to sleep\n|rule|Species Clause: Limit one of each Pok\u00e9mon\n|rule|OHKO Clause: OHKO moves are banned\n|rule|Evasion Items Clause: Evasion items are banned\n|rule|Evasion Moves Clause: Evasion moves are banned\n|rule|Endless Battle Clause: Forcing endless battles is banned\n|rule|HP Percentage Mod: HP is shown in percentages\n|clearpoke\n|poke|p1|Meowscarada, M|\n|poke|p1|Slowking-Galar, F|\n|poke|p1|Cetitan, F|\n|poke|p1|Sandslash-Alola, M|\n|poke|p1|Moltres-Galar|\n|poke|p1|Indeedee, M|\n|poke|p2|Hawlucha, F|\n|poke|p2|Pincurchin, F|\n|poke|p2|Typhlosion-Hisui, F|\n|poke|p2|Iron Jugulis|\n|poke|p2|Lokix, F|\n|poke|p2|Revavroom, M|\n|teampreview\n|j| poggerwog\n|j| edicts\n|j| lieb330\n|\n|t:|1700625386\n|start\n|switch|p1a: Meowscarada|Meowscarada, M|100\/100\n|switch|p2a: Mouth Titties|Pincurchin, F, shiny|100\/100\n|-fieldstart|move: Electric Terrain|[from] ability: Electric Surge|[of] p2a: Mouth Titties\n|turn|1\n|j| KINGTONY6\n|\n|t:|1700625395\n|move|p1a: Meowscarada|U-turn|p2a: Mouth Titties\n|-start|p1a: Meowscarada|typechange|Bug|[from] ability: Protean\n|-damage|p2a: Mouth Titties|60\/100\n|\n|t:|1700625401\n|switch|p1a: Indeedee|Indeedee, M|100\/100|[from] U-turn\n|-fieldstart|move: Psychic Terrain|[from] ability: Psychic Surge|[of] p1a: Indeedee\n|move|p2a: Mouth Titties|Thunder Wave|p1a: Indeedee\n|-status|p1a: Indeedee|par\n|\n|upkeep\n|turn|2\n|\n|t:|1700625415\n|move|p1a: Indeedee|Dazzling Gleam|p2a: Mouth Titties\n|-damage|p2a: Mouth Titties|37\/100\n|move|p2a: Mouth Titties|Spikes|p1a: Indeedee\n|-sidestart|p1: FreeedTheDolfin|Spikes\n|\n|upkeep\n|turn|3\n|\n|t:|1700625427\n|move|p1a: Indeedee|Encore|p2a: Mouth Titties\n|-start|p2a: Mouth Titties|Encore\n|move|p2a: Mouth Titties|Spikes|p1a: Indeedee\n|-sidestart|p1: FreeedTheDolfin|Spikes\n|\n|upkeep\n|turn|4\n|\n|t:|1700625444\n|switch|p1a: Slowking|Slowking-Galar, F|100\/100\n|-damage|p1a: Slowking|84\/100|[from] Spikes\n|switch|p2a: LightningMcGroomer|Revavroom, M, shiny|100\/100\n|-item|p2a: LightningMcGroomer|Air Balloon\n|\n|upkeep\n|turn|5\n|\n|t:|1700625455\n|move|p2a: LightningMcGroomer|Shift Gear|p2a: LightningMcGroomer\n|-boost|p2a: LightningMcGroomer|spe|2\n|-boost|p2a: LightningMcGroomer|atk|1\n|move|p1a: Slowking|Yawn|p2a: LightningMcGroomer\n|-start|p2a: LightningMcGroomer|move: Yawn|[of] p1a: Slowking\n|\n|upkeep\n|turn|6\n|\n|t:|1700625464\n|switch|p2a: Mouth Titties|Pincurchin, F, shiny|37\/100\n|-fieldstart|move: Electric Terrain|[from] ability: Electric Surge|[of] p2a: Mouth Titties\n|move|p1a: Slowking|Chilly Reception|p1a: Slowking\n|-weather|Snow\n|\n|t:|1700625471\n|switch|p1a: Sandslash|Sandslash-Alola, M|100\/100|[from] Chilly Reception\n|\n|-weather|Snow|[upkeep]\n|upkeep\n|turn|7\n|\n|t:|1700625479\n|move|p1a: Sandslash|Ice Spinner|p2a: Mouth Titties\n|-damage|p2a: Mouth Titties|0 fnt\n|-fieldend|move: Electric Terrain\n|faint|p2a: Mouth Titties\n|\n|-weather|Snow|[upkeep]\n|upkeep\n|\n|t:|1700625486\n|switch|p2a: Toku Sentai|Lokix, F|100\/100\n|turn|8\n|\n|t:|1700625495\n|move|p1a: Sandslash|Rapid Spin|p2a: Toku Sentai\n|-damage|p2a: Toku Sentai|79\/100\n|-boost|p1a: Sandslash|spe|1\n|-sideend|p1: FreeedTheDolfin|Spikes|[from] move: Rapid Spin|[of] p1a: Sandslash\n|move|p2a: Toku Sentai|U-turn|p1a: Sandslash\n|-resisted|p1a: Sandslash\n|-damage|p1a: Sandslash|69\/100\n|\n|t:|1700625507\n|switch|p2a: LightningMcGroomer|Revavroom, M, shiny|100\/100|[from] U-turn\n|-item|p2a: LightningMcGroomer|Air Balloon\n|\n|-weather|Snow|[upkeep]\n|upkeep\n|turn|9\n|\n|t:|1700625514\n|move|p1a: Sandslash|Ice Spinner|p2a: LightningMcGroomer\n|-resisted|p2a: LightningMcGroomer\n|-damage|p2a: LightningMcGroomer|75\/100\n|-enditem|p2a: LightningMcGroomer|Air Balloon\n|move|p2a: LightningMcGroomer|Shift Gear|p2a: LightningMcGroomer\n|-boost|p2a: LightningMcGroomer|spe|2\n|-boost|p2a: LightningMcGroomer|atk|1\n|\n|-weather|Snow|[upkeep]\n|upkeep\n|turn|10\n|\n|t:|1700625524\n|-terastallize|p2a: LightningMcGroomer|Ground\n|move|p1a: Sandslash|Earthquake|p2a: LightningMcGroomer\n|-damage|p2a: LightningMcGroomer|34\/100\n|move|p2a: LightningMcGroomer|High Horsepower|p1a: Sandslash|[miss]\n|-miss|p2a: LightningMcGroomer|p1a: Sandslash\n|\n|-weather|Snow|[upkeep]\n|upkeep\n|turn|11\n|\n|t:|1700625539\n|move|p1a: Sandslash|Ice Spinner|p2a: LightningMcGroomer\n|-supereffective|p2a: LightningMcGroomer\n|-crit|p2a: LightningMcGroomer\n|-damage|p2a: LightningMcGroomer|0 fnt\n|faint|p2a: LightningMcGroomer\n|\n|-weather|Snow|[upkeep]\n|upkeep\n|\n|t:|1700625544\n|switch|p2a: Highphlosion|Typhlosion-Hisui, F, shiny|100\/100\n|turn|12\n|\n|t:|1700625548\n|move|p1a: Sandslash|Earthquake|p2a: Highphlosion\n|-supereffective|p2a: Highphlosion\n|-damage|p2a: Highphlosion|12\/100\n|move|p2a: Highphlosion|Eruption|p1a: Sandslash\n|-supereffective|p1a: Sandslash\n|-damage|p1a: Sandslash|0 fnt\n|faint|p1a: Sandslash\n|\n|-weather|Snow|[upkeep]\n|upkeep\n|\n|t:|1700625558\n|switch|p1a: Cetitan|Cetitan, F|100\/100\n|turn|13\n|\n|t:|1700625567\n|switch|p2a: Chicken Wig|Hawlucha, F|100\/100\n|move|p1a: Cetitan|Ice Spinner|p2a: Chicken Wig\n|-supereffective|p2a: Chicken Wig\n|-damage|p2a: Chicken Wig|0 fnt\n|faint|p2a: Chicken Wig\n|\n|-weather|none\n|upkeep\n|\n|t:|1700625574\n|switch|p2a: Highphlosion|Typhlosion-Hisui, F, shiny|12\/100\n|turn|14\n|\n|t:|1700625584\n|switch|p1a: Indeedee|Indeedee, M|100\/100 par\n|-fieldstart|move: Psychic Terrain|[from] ability: Psychic Surge|[of] p1a: Indeedee\n|move|p2a: Highphlosion|Fire Blast|p1a: Indeedee\n|-damage|p1a: Indeedee|6\/100 par\n|\n|upkeep\n|turn|15\n|\n|t:|1700625599\n|move|p2a: Highphlosion|Fire Blast|p1a: Indeedee\n|-damage|p1a: Indeedee|0 fnt\n|faint|p1a: Indeedee\n|\n|upkeep\n|\n|t:|1700625628\n|switch|p1a: Slowking|Slowking-Galar, F|100\/100\n|turn|16\n|\n|t:|1700625634\n|switch|p2a: Iron Deepthroat|Iron Jugulis|100\/100\n|move|p1a: Slowking|Chilly Reception|p1a: Slowking\n|-weather|Snow\n|\n|t:|1700625639\n|switch|p1a: Cetitan|Cetitan, F|100\/100|[from] Chilly Reception\n|\n|-weather|Snow|[upkeep]\n|upkeep\n|turn|17\n|\n|t:|1700625649\n|move|p1a: Cetitan|Ice Spinner|p2a: Iron Deepthroat\n|-supereffective|p2a: Iron Deepthroat\n|-damage|p2a: Iron Deepthroat|10\/100\n|-fieldend|move: Psychic Terrain\n|move|p2a: Iron Deepthroat|Hurricane|p1a: Cetitan|[miss]\n|-miss|p2a: Iron Deepthroat|p1a: Cetitan\n|\n|-weather|Snow|[upkeep]\n|upkeep\n|turn|18\n|c| lieb330|colin luck\n|\n|t:|1700625662\n|move|p1a: Cetitan|Play Rough|p2a: Iron Deepthroat\n|-supereffective|p2a: Iron Deepthroat\n|-damage|p2a: Iron Deepthroat|0 fnt\n|faint|p2a: Iron Deepthroat\n|-end|p2a: Iron Deepthroat|Quark Drive|[silent]\n|\n|-weather|Snow|[upkeep]\n|upkeep\n|\n|t:|1700625670\n|switch|p2a: Toku Sentai|Lokix, F|79\/100\n|turn|19\n|\n|t:|1700625674\n|move|p2a: Toku Sentai|First Impression|p1a: Cetitan\n|-damage|p1a: Cetitan|56\/100\n|move|p1a: Cetitan|Play Rough|p2a: Toku Sentai\n|-supereffective|p2a: Toku Sentai\n|-damage|p2a: Toku Sentai|0 fnt\n|faint|p2a: Toku Sentai\n|\n|-weather|Snow|[upkeep]\n|upkeep\n|\n|t:|1700625681\n|switch|p2a: Highphlosion|Typhlosion-Hisui, F, shiny|12\/100\n|turn|20\n|\n|t:|1700625685\n|move|p1a: Cetitan|Earthquake|p2a: Highphlosion\n|-supereffective|p2a: Highphlosion\n|-damage|p2a: Highphlosion|0 fnt\n|faint|p2a: Highphlosion\n|\n|win|FreeedTheDolfin\n|l|\u2606FreeedTheDolfin\n|l|\u2606Jambees\n|l| lieb330\n","uploadtime":1700625705,"views":2,"p1id":"freeedthedolfin","p2id":"jambees","formatid":"gen9ou","rating":0,"private":0,"password":""}