{"id":"gen9ou-1989920007","p1":"RainbowPath2","p2":"burgercute","format":"[Gen 9] OU","log":"|j|\u2606RainbowPath2\n|j|\u2606burgercute\n|t:|1699906798\n|gametype|singles\n|player|p1|RainbowPath2|scientist-gen4dp|1204\n|player|p2|burgercute|iris|1253\n|teamsize|p1|6\n|teamsize|p2|6\n|gen|9\n|tier|[Gen 9] OU\n|rated|\n|rule|Sleep Clause Mod: Limit one foe put to sleep\n|rule|Species Clause: Limit one of each Pok\u00e9mon\n|rule|OHKO Clause: OHKO moves are banned\n|rule|Evasion Items Clause: Evasion items are banned\n|rule|Evasion Moves Clause: Evasion moves are banned\n|rule|Endless Battle Clause: Forcing endless battles is banned\n|rule|HP Percentage Mod: HP is shown in percentages\n|clearpoke\n|poke|p1|Cetitan, F|\n|poke|p1|Volcanion|\n|poke|p1|Goodra-Hisui, M|\n|poke|p1|Sandy Shocks|\n|poke|p1|Rillaboom, F|\n|poke|p1|Great Tusk|\n|poke|p2|Indeedee, M|\n|poke|p2|Toedscruel, F|\n|poke|p2|Pelipper, M|\n|poke|p2|Floatzel, F|\n|poke|p2|Polteageist|\n|poke|p2|Forretress, F|\n|teampreview\n|inactive|Battle timer is ON: inactive players will automatically lose when time's up. (requested by burgercute)\n|inactive|RainbowPath2 also wants the timer to be on.\n|\n|t:|1699906813\n|start\n|switch|p1a: Sandy Shocks|Sandy Shocks|100\/100\n|switch|p2a: Toedscruel|Toedscruel, F|100\/100\n|turn|1\n|\n|t:|1699906820\n|-end|p1a: Sandy Shocks|Protosynthesis|[silent]\n|switch|p1a: Volcanion|Volcanion|100\/100\n|move|p2a: Toedscruel|Spore|p1a: Volcanion\n|-status|p1a: Volcanion|slp|[from] move: Spore\n|\n|upkeep\n|turn|2\n|\n|t:|1699906826\n|switch|p1a: Cetitan|Cetitan, F|100\/100\n|move|p2a: Toedscruel|Leech Seed|p1a: Cetitan\n|-start|p1a: Cetitan|move: Leech Seed\n|\n|-damage|p1a: Cetitan|88\/100|[from] Leech Seed|[of] p2a: Toedscruel\n|upkeep\n|turn|3\n|\n|t:|1699906837\n|switch|p2a: Forretress|Forretress, F, shiny|100\/100\n|switch|p1a: Sandy Shocks|Sandy Shocks|100\/100\n|\n|upkeep\n|turn|4\n|\n|t:|1699906844\n|switch|p2a: Toedscruel|Toedscruel, F|100\/100\n|move|p1a: Sandy Shocks|Volt Switch|p2a: Toedscruel\n|-immune|p2a: Toedscruel\n|\n|upkeep\n|turn|5\n|\n|t:|1699906853\n|-end|p1a: Sandy Shocks|Protosynthesis|[silent]\n|switch|p1a: Rillaboom|Rillaboom, F|100\/100\n|-fieldstart|move: Grassy Terrain|[from] ability: Grassy Surge|[of] p1a: Rillaboom\n|move|p2a: Toedscruel|Toxic|p1a: Rillaboom|[miss]\n|-miss|p2a: Toedscruel|p1a: Rillaboom\n|\n|upkeep\n|turn|6\n|\n|t:|1699906861\n|switch|p2a: Forretress|Forretress, F, shiny|100\/100\n|move|p1a: Rillaboom|Knock Off|p2a: Forretress\n|-damage|p2a: Forretress|81\/100\n|-damage|p1a: Rillaboom|84\/100|[from] item: Rocky Helmet|[of] p2a: Forretress\n|-enditem|p2a: Forretress|Rocky Helmet|[from] move: Knock Off|[of] p1a: Rillaboom\n|\n|-heal|p1a: Rillaboom|90\/100|[from] Grassy Terrain\n|-heal|p2a: Forretress|88\/100|[from] Grassy Terrain\n|upkeep\n|turn|7\n|\n|t:|1699906871\n|move|p1a: Rillaboom|U-turn|p2a: Forretress\n|-resisted|p2a: Forretress\n|-damage|p2a: Forretress|80\/100\n|\n|t:|1699906877\n|switch|p1a: Volcanion|Volcanion|100\/100 slp|[from] U-turn\n|move|p2a: Forretress|Volt Switch|p1a: Volcanion\n|-supereffective|p1a: Volcanion\n|-damage|p1a: Volcanion|81\/100 slp\n|\n|t:|1699906885\n|switch|p2a: Toedscruel|Toedscruel, F|100\/100|[from] Volt Switch\n|\n|-heal|p1a: Volcanion|87\/100 slp|[from] Grassy Terrain\n|upkeep\n|turn|8\n|\n|t:|1699906893\n|cant|p1a: Volcanion|slp\n|move|p2a: Toedscruel|Leech Seed|p1a: Volcanion\n|-start|p1a: Volcanion|move: Leech Seed\n|\n|-heal|p1a: Volcanion|93\/100 slp|[from] Grassy Terrain\n|-damage|p1a: Volcanion|81\/100 slp|[from] Leech Seed|[of] p2a: Toedscruel\n|upkeep\n|turn|9\n|\n|t:|1699906903\n|cant|p1a: Volcanion|slp\n|move|p2a: Toedscruel|Toxic||[still]\n|-fail|p2a: Toedscruel\n|\n|-heal|p1a: Volcanion|87\/100 slp|[from] Grassy Terrain\n|-damage|p1a: Volcanion|75\/100 slp|[from] Leech Seed|[of] p2a: Toedscruel\n|upkeep\n|turn|10\n|\n|t:|1699906916\n|cant|p1a: Volcanion|slp\n|move|p2a: Toedscruel|Spore|p1a: Volcanion\n|-fail|p1a: Volcanion|slp\n|\n|-heal|p1a: Volcanion|81\/100 slp|[from] Grassy Terrain\n|-damage|p1a: Volcanion|68\/100 slp|[from] Leech Seed|[of] p2a: Toedscruel\n|upkeep\n|turn|11\n|\n|t:|1699906924\n|-curestatus|p1a: Volcanion|slp|[msg]\n|move|p1a: Volcanion|Flamethrower|p2a: Toedscruel\n|-supereffective|p2a: Toedscruel\n|-damage|p2a: Toedscruel|46\/100\n|move|p2a: Toedscruel|Spore|p1a: Volcanion\n|-status|p1a: Volcanion|slp|[from] move: Spore\n|\n|-heal|p2a: Toedscruel|52\/100|[from] Grassy Terrain\n|-heal|p2a: Toedscruel|58\/100|[from] item: Leftovers\n|-heal|p1a: Volcanion|74\/100 slp|[from] Grassy Terrain\n|-damage|p1a: Volcanion|62\/100 slp|[from] Leech Seed|[of] p2a: Toedscruel\n|-heal|p2a: Toedscruel|68\/100|[silent]\n|upkeep\n|turn|12\n|\n|t:|1699906938\n|switch|p1a: Cetitan|Cetitan, F|88\/100\n|move|p2a: Toedscruel|Toxic|p1a: Cetitan\n|-status|p1a: Cetitan|tox\n|\n|-heal|p2a: Toedscruel|74\/100|[from] Grassy Terrain\n|-heal|p2a: Toedscruel|80\/100|[from] item: Leftovers\n|-heal|p1a: Cetitan|94\/100 tox|[from] Grassy Terrain\n|-heal|p1a: Cetitan|100\/100 tox|[from] item: Leftovers\n|-damage|p1a: Cetitan|94\/100 tox|[from] psn\n|-fieldend|move: Grassy Terrain\n|upkeep\n|turn|13\n|\n|t:|1699906951\n|switch|p2a: Forretress|Forretress, F, shiny|80\/100\n|move|p1a: Cetitan|Icicle Crash|p2a: Forretress\n|-resisted|p2a: Forretress\n|-damage|p2a: Forretress|71\/100\n|\n|-heal|p1a: Cetitan|100\/100 tox|[from] item: Leftovers\n|-damage|p1a: Cetitan|88\/100 tox|[from] psn\n|upkeep\n|turn|14\n|\n|t:|1699906961\n|switch|p1a: Great Tusk|Great Tusk|100\/100\n|move|p2a: Forretress|Body Press|p1a: Great Tusk\n|-damage|p1a: Great Tusk|84\/100\n|-damage|p2a: Forretress|54\/100|[from] item: Rocky Helmet|[of] p1a: Great Tusk\n|\n|upkeep\n|turn|15\n|\n|t:|1699906970\n|move|p1a: Great Tusk|Stealth Rock|p2a: Forretress\n|-sidestart|p2: burgercute|move: Stealth Rock\n|move|p2a: Forretress|Rapid Spin|p1a: Great Tusk\n|-damage|p1a: Great Tusk|79\/100\n|-boost|p2a: Forretress|spe|1\n|-damage|p2a: Forretress|37\/100|[from] item: Rocky Helmet|[of] p1a: Great Tusk\n|-sideend|p2: burgercute|Stealth Rock|[from] move: Rapid Spin|[of] p2a: Forretress\n|\n|upkeep\n|turn|16\n|\n|t:|1699906977\n|switch|p2a: Pelipper|Pelipper, M|100\/100\n|-weather|RainDance|[from] ability: Drizzle|[of] p2a: Pelipper\n|move|p1a: Great Tusk|Stealth Rock|p2a: Pelipper\n|-sidestart|p2: burgercute|move: Stealth Rock\n|\n|-weather|RainDance|[upkeep]\n|upkeep\n|turn|17\n|\n|t:|1699906984\n|-end|p1a: Great Tusk|Protosynthesis|[silent]\n|switch|p1a: Volcanion|Volcanion|62\/100 slp\n|move|p2a: Pelipper|Hurricane|p1a: Volcanion\n|-damage|p1a: Volcanion|12\/100 slp\n|-enditem|p1a: Volcanion|Sitrus Berry|[eat]\n|-heal|p1a: Volcanion|37\/100 slp|[from] item: Sitrus Berry\n|\n|-weather|RainDance|[upkeep]\n|upkeep\n|turn|18\n|\n|t:|1699906993\n|switch|p1a: Goodra|Goodra-Hisui, M|100\/100\n|move|p2a: Pelipper|Hurricane|p1a: Goodra\n|-resisted|p1a: Goodra\n|-damage|p1a: Goodra|83\/100\n|-enditem|p1a: Goodra|Red Card|[of] p2a: Pelipper\n|drag|p2a: Free Wave Crash|Floatzel, F, shiny|100\/100\n|-damage|p2a: Free Wave Crash|88\/100|[from] Stealth Rock\n|\n|-weather|RainDance|[upkeep]\n|upkeep\n|turn|19\n|\n|t:|1699907003\n|move|p2a: Free Wave Crash|Brick Break|p1a: Goodra\n|-supereffective|p1a: Goodra\n|-damage|p1a: Goodra|31\/100\n|-ability|p1a: Goodra|Gooey\n|-unboost|p2a: Free Wave Crash|spe|1\n|move|p1a: Goodra|Thunderbolt|p2a: Free Wave Crash\n|-supereffective|p2a: Free Wave Crash\n|-damage|p2a: Free Wave Crash|0 fnt\n|faint|p2a: Free Wave Crash\n|\n|-weather|RainDance|[upkeep]\n|upkeep\n|\n|t:|1699907008\n|switch|p2a: Toedscruel|Toedscruel, F|80\/100\n|-damage|p2a: Toedscruel|74\/100|[from] Stealth Rock\n|turn|20\n|\n|t:|1699907022\n|switch|p1a: Rillaboom|Rillaboom, F|90\/100\n|-fieldstart|move: Grassy Terrain|[from] ability: Grassy Surge|[of] p1a: Rillaboom\n|move|p2a: Toedscruel|Rapid Spin|p1a: Rillaboom\n|-damage|p1a: Rillaboom|83\/100\n|-boost|p2a: Toedscruel|spe|1\n|-sideend|p2: burgercute|Stealth Rock|[from] move: Rapid Spin|[of] p2a: Toedscruel\n|\n|-weather|RainDance|[upkeep]\n|-heal|p2a: Toedscruel|80\/100|[from] Grassy Terrain\n|-heal|p2a: Toedscruel|86\/100|[from] item: Leftovers\n|-heal|p1a: Rillaboom|90\/100|[from] Grassy Terrain\n|upkeep\n|turn|21\n|\n|t:|1699907034\n|move|p1a: Rillaboom|Knock Off|p2a: Toedscruel\n|-damage|p2a: Toedscruel|34\/100\n|-enditem|p2a: Toedscruel|Leftovers|[from] move: Knock Off|[of] p1a: Rillaboom\n|move|p2a: Toedscruel|Toxic|p1a: Rillaboom\n|-status|p1a: Rillaboom|tox\n|\n|-weather|RainDance|[upkeep]\n|-heal|p2a: Toedscruel|40\/100|[from] Grassy Terrain\n|-heal|p1a: Rillaboom|96\/100 tox|[from] Grassy Terrain\n|-damage|p1a: Rillaboom|90\/100 tox|[from] psn\n|upkeep\n|turn|22\n|\n|t:|1699907049\n|switch|p2a: Forretress|Forretress, F, shiny|37\/100\n|move|p1a: Rillaboom|U-turn|p2a: Forretress\n|-resisted|p2a: Forretress\n|-damage|p2a: Forretress|30\/100\n|\n|t:|1699907065\n|switch|p1a: Sandy Shocks|Sandy Shocks|100\/100|[from] U-turn\n|\n|-weather|RainDance|[upkeep]\n|-heal|p2a: Forretress|36\/100|[from] Grassy Terrain\n|upkeep\n|turn|23\n|\n|t:|1699907071\n|switch|p2a: Toedscruel|Toedscruel, F|40\/100\n|move|p1a: Sandy Shocks|Earth Power|p2a: Toedscruel\n|-resisted|p2a: Toedscruel\n|-damage|p2a: Toedscruel|27\/100\n|\n|-weather|none\n|-heal|p2a: Toedscruel|33\/100|[from] Grassy Terrain\n|upkeep\n|turn|24\n|\n|t:|1699907082\n|-end|p1a: Sandy Shocks|Protosynthesis|[silent]\n|switch|p1a: Cetitan|Cetitan, F|88\/100 tox\n|move|p2a: Toedscruel|Leech Seed|p1a: Cetitan|[miss]\n|-miss|p2a: Toedscruel|p1a: Cetitan\n|\n|-heal|p2a: Toedscruel|39\/100|[from] Grassy Terrain\n|-heal|p1a: Cetitan|94\/100 tox|[from] Grassy Terrain\n|-heal|p1a: Cetitan|100\/100 tox|[from] item: Leftovers\n|-damage|p1a: Cetitan|94\/100 tox|[from] psn\n|upkeep\n|turn|25\n|\n|t:|1699907093\n|switch|p2a: Forretress|Forretress, F, shiny|36\/100\n|move|p1a: Cetitan|Ice Shard|p2a: Forretress\n|-resisted|p2a: Forretress\n|-damage|p2a: Forretress|31\/100\n|\n|-heal|p1a: Cetitan|100\/100 tox|[from] Grassy Terrain\n|-heal|p2a: Forretress|37\/100|[from] Grassy Terrain\n|-damage|p1a: Cetitan|88\/100 tox|[from] psn\n|upkeep\n|turn|26\n|\n|t:|1699907114\n|switch|p1a: Great Tusk|Great Tusk|79\/100\n|switch|p2a: Indeedee|Indeedee, M|100\/100\n|-fieldstart|move: Psychic Terrain|[from] ability: Psychic Surge|[of] p2a: Indeedee\n|\n|upkeep\n|turn|27\n|\n|t:|1699907127\n|-end|p1a: Great Tusk|Protosynthesis|[silent]\n|switch|p1a: Rillaboom|Rillaboom, F|90\/100 tox\n|-fieldstart|move: Grassy Terrain|[from] ability: Grassy Surge|[of] p1a: Rillaboom\n|move|p2a: Indeedee|Psychic|p1a: Rillaboom\n|-damage|p1a: Rillaboom|36\/100 tox\n|\n|-heal|p1a: Rillaboom|42\/100 tox|[from] Grassy Terrain\n|-damage|p1a: Rillaboom|36\/100 tox|[from] psn\n|upkeep\n|turn|28\n|inactive|RainbowPath2 has 120 seconds left.\n|\n|t:|1699907151\n|switch|p2a: Forretress|Forretress, F, shiny|37\/100\n|switch|p1a: Volcanion|Volcanion|37\/100 slp\n|\n|-heal|p1a: Volcanion|43\/100 slp|[from] Grassy Terrain\n|-heal|p2a: Forretress|43\/100|[from] Grassy Terrain\n|upkeep\n|turn|29\n|\n|t:|1699907160\n|cant|p1a: Volcanion|slp\n|move|p2a: Forretress|Volt Switch|p1a: Volcanion\n|-supereffective|p1a: Volcanion\n|-damage|p1a: Volcanion|22\/100 slp\n|\n|t:|1699907167\n|switch|p2a: Indeedee|Indeedee, M|100\/100|[from] Volt Switch\n|-fieldstart|move: Psychic Terrain|[from] ability: Psychic Surge|[of] p2a: Indeedee\n|\n|upkeep\n|turn|30\n|\n|t:|1699907174\n|move|p2a: Indeedee|Psychic|p1a: Volcanion\n|-damage|p1a: Volcanion|0 fnt\n|faint|p1a: Volcanion\n|\n|upkeep\n|\n|t:|1699907178\n|switch|p1a: Rillaboom|Rillaboom, F|36\/100 tox\n|-fieldstart|move: Grassy Terrain|[from] ability: Grassy Surge|[of] p1a: Rillaboom\n|turn|31\n|\n|t:|1699907204\n|switch|p2a: Forretress|Forretress, F, shiny|43\/100\n|move|p1a: Rillaboom|Knock Off|p2a: Forretress\n|-damage|p2a: Forretress|28\/100\n|\n|-heal|p1a: Rillaboom|42\/100 tox|[from] Grassy Terrain\n|-heal|p2a: Forretress|35\/100|[from] Grassy Terrain\n|-damage|p1a: Rillaboom|36\/100 tox|[from] psn\n|upkeep\n|turn|32\n|\n|t:|1699907214\n|move|p1a: Rillaboom|U-turn|p2a: Forretress\n|-resisted|p2a: Forretress\n|-damage|p2a: Forretress|27\/100\n|\n|t:|1699907223\n|switch|p1a: Great Tusk|Great Tusk|79\/100|[from] U-turn\n|move|p2a: Forretress|Body Press|p1a: Great Tusk\n|-damage|p1a: Great Tusk|62\/100\n|-damage|p2a: Forretress|11\/100|[from] item: Rocky Helmet|[of] p1a: Great Tusk\n|\n|-heal|p1a: Great Tusk|68\/100|[from] Grassy Terrain\n|-heal|p2a: Forretress|17\/100|[from] Grassy Terrain\n|upkeep\n|turn|33\n|\n|t:|1699907235\n|switch|p2a: Pelipper|Pelipper, M|100\/100\n|-weather|RainDance|[from] ability: Drizzle|[of] p2a: Pelipper\n|move|p1a: Great Tusk|Stealth Rock|p2a: Pelipper\n|-sidestart|p2: burgercute|move: Stealth Rock\n|\n|-weather|RainDance|[upkeep]\n|-heal|p1a: Great Tusk|74\/100|[from] Grassy Terrain\n|upkeep\n|turn|34\n|\n|t:|1699907246\n|-end|p1a: Great Tusk|Protosynthesis|[silent]\n|switch|p1a: Goodra|Goodra-Hisui, M|31\/100\n|move|p2a: Pelipper|Surf|p1a: Goodra\n|-resisted|p1a: Goodra\n|-damage|p1a: Goodra|12\/100\n|\n|-weather|RainDance|[upkeep]\n|-heal|p1a: Goodra|18\/100|[from] Grassy Terrain\n|upkeep\n|turn|35\n|\n|t:|1699907254\n|move|p2a: Pelipper|Hurricane|p1a: Goodra\n|-resisted|p1a: Goodra\n|-damage|p1a: Goodra|0 fnt\n|faint|p1a: Goodra\n|\n|-weather|RainDance|[upkeep]\n|upkeep\n|\n|t:|1699907262\n|switch|p1a: Sandy Shocks|Sandy Shocks|100\/100\n|turn|36\n|\n|t:|1699907272\n|switch|p2a: Toedscruel|Toedscruel, F|39\/100\n|-damage|p2a: Toedscruel|33\/100|[from] Stealth Rock\n|move|p1a: Sandy Shocks|Flash Cannon|p2a: Toedscruel\n|-damage|p2a: Toedscruel|16\/100\n|\n|-weather|RainDance|[upkeep]\n|-heal|p2a: Toedscruel|22\/100|[from] Grassy Terrain\n|upkeep\n|turn|37\n|\n|t:|1699907288\n|-end|p1a: Sandy Shocks|Protosynthesis|[silent]\n|switch|p1a: Rillaboom|Rillaboom, F|36\/100 tox\n|move|p2a: Toedscruel|Rapid Spin|p1a: Rillaboom\n|-crit|p1a: Rillaboom\n|-damage|p1a: Rillaboom|25\/100 tox\n|-boost|p2a: Toedscruel|spe|1\n|-sideend|p2: burgercute|Stealth Rock|[from] move: Rapid Spin|[of] p2a: Toedscruel\n|\n|-weather|RainDance|[upkeep]\n|-heal|p2a: Toedscruel|28\/100|[from] Grassy Terrain\n|-heal|p1a: Rillaboom|31\/100 tox|[from] Grassy Terrain\n|-damage|p1a: Rillaboom|25\/100 tox|[from] psn\n|upkeep\n|turn|38\n|\n|t:|1699907299\n|switch|p2a: Forretress|Forretress, F, shiny|17\/100\n|move|p1a: Rillaboom|Grassy Glide|p2a: Forretress\n|-resisted|p2a: Forretress\n|-crit|p2a: Forretress\n|-damage|p2a: Forretress|8\/100\n|\n|-weather|RainDance|[upkeep]\n|-heal|p1a: Rillaboom|31\/100 tox|[from] Grassy Terrain\n|-heal|p2a: Forretress|14\/100|[from] Grassy Terrain\n|-damage|p1a: Rillaboom|19\/100 tox|[from] psn\n|-fieldend|move: Grassy Terrain\n|upkeep\n|turn|39\n|\n|t:|1699907315\n|-terastallize|p1a: Rillaboom|Grass\n|move|p1a: Rillaboom|Grassy Glide|p2a: Forretress\n|-resisted|p2a: Forretress\n|-damage|p2a: Forretress|9\/100\n|move|p2a: Forretress|Body Press|p1a: Rillaboom\n|-damage|p1a: Rillaboom|0 fnt\n|faint|p1a: Rillaboom\n|\n|-weather|RainDance|[upkeep]\n|upkeep\n|-message|RainbowPath2 forfeited.\n|\n|win|burgercute\n|raw|RainbowPath2's rating: 1204 &rarr; <strong>1183<\/strong><br \/>(-21 for losing)\n|raw|burgercute's rating: 1253 &rarr; <strong>1274<\/strong><br \/>(+21 for winning)\n|l|\u2606RainbowPath2\n","uploadtime":1699907335,"views":9,"p1id":"rainbowpath2","p2id":"burgercute","formatid":"gen9ou","rating":1183,"private":0,"password":""}