{"id":"gen9ou-1996351269","p1":"boaby","p2":"Plukon T","format":"[Gen 9] OU","log":"|j|\u2606boaby\n|j|\u2606Plukon T\n|t:|1700673775\n|gametype|singles\n|player|p1|boaby|102|1405\n|player|p2|Plukon T|sabrina-lgpe|1454\n|teamsize|p1|6\n|teamsize|p2|6\n|gen|9\n|tier|[Gen 9] OU\n|rated|\n|rule|Sleep Clause Mod: Limit one foe put to sleep\n|rule|Species Clause: Limit one of each Pok\u00e9mon\n|rule|OHKO Clause: OHKO moves are banned\n|rule|Evasion Items Clause: Evasion items are banned\n|rule|Evasion Moves Clause: Evasion moves are banned\n|rule|Endless Battle Clause: Forcing endless battles is banned\n|rule|HP Percentage Mod: HP is shown in percentages\n|clearpoke\n|poke|p1|Slowking-Galar, M|\n|poke|p1|Alomomola, F|\n|poke|p1|Cinderace, F|\n|poke|p1|Thundurus-Therian, M|\n|poke|p1|Kingambit, F|\n|poke|p1|Walking Wake|\n|poke|p2|Great Tusk|\n|poke|p2|Hatterene, F|\n|poke|p2|Ribombee, F|\n|poke|p2|Regidrago|\n|poke|p2|Gholdengo|\n|poke|p2|Ogerpon-Cornerstone, F|\n|teampreview\n|inactive|Battle timer is ON: inactive players will automatically lose when time's up. (requested by Plukon T)\n|c|\u2606Plukon T|Zglhf\n|c|\u2606boaby|glhf\n|inactive|Plukon T has 120 seconds left.\n|\n|t:|1700673815\n|start\n|switch|p1a: Slowking|Slowking-Galar, M|100\/100\n|switch|p2a: Regidrago|Regidrago|100\/100\n|turn|1\n|\n|t:|1700673822\n|move|p2a: Regidrago|Dragon Energy|p1a: Slowking\n|-damage|p1a: Slowking|1\/100\n|move|p1a: Slowking|Chilly Reception|p1a: Slowking\n|-weather|Snow\n|\n|t:|1700673831\n|switch|p1a: Walking Wake|Walking Wake|100\/100|[from] Chilly Reception\n|\n|-weather|Snow|[upkeep]\n|upkeep\n|turn|2\n|\n|t:|1700673849\n|switch|p2a: Hatterene|Hatterene, F, shiny|100\/100\n|move|p1a: Walking Wake|Draco Meteor|p2a: Hatterene\n|-immune|p2a: Hatterene\n|\n|-weather|Snow|[upkeep]\n|upkeep\n|turn|3\n|\n|t:|1700673854\n|-end|p1a: Walking Wake|Protosynthesis|[silent]\n|switch|p1a: Slowking|Slowking-Galar, M|35\/100\n|move|p2a: Hatterene|Nuzzle|p1a: Slowking\n|-damage|p1a: Slowking|31\/100\n|-status|p1a: Slowking|par\n|\n|-weather|Snow|[upkeep]\n|-heal|p1a: Slowking|37\/100 par|[from] item: Leftovers\n|upkeep\n|turn|4\n|\n|t:|1700673861\n|switch|p2a: Gholdengo|Gholdengo|100\/100\n|-item|p2a: Gholdengo|Air Balloon\n|switch|p1a: Kingambit|Kingambit, F, shiny|100\/100\n|\n|-weather|Snow|[upkeep]\n|upkeep\n|turn|5\n|\n|t:|1700673867\n|switch|p2a: Great Tusk|Great Tusk|100\/100\n|move|p1a: Kingambit|Iron Head|p2a: Great Tusk\n|-damage|p2a: Great Tusk|52\/100\n|-damage|p1a: Kingambit|91\/100|[from] item: Life Orb\n|\n|-weather|none\n|-heal|p2a: Great Tusk|58\/100|[from] item: Leftovers\n|upkeep\n|turn|6\n|\n|t:|1700673873\n|-end|p1a: Kingambit|fallenundefined|[silent]\n|switch|p1a: Alomomola|Alomomola, F|100\/100\n|move|p2a: Great Tusk|Knock Off|p1a: Alomomola\n|-damage|p1a: Alomomola|83\/100\n|-damage|p2a: Great Tusk|42\/100|[from] item: Rocky Helmet|[of] p1a: Alomomola\n|-enditem|p1a: Alomomola|Rocky Helmet|[from] move: Knock Off|[of] p2a: Great Tusk\n|\n|-heal|p2a: Great Tusk|48\/100|[from] item: Leftovers\n|upkeep\n|turn|7\n|\n|t:|1700673902\n|-end|p2a: Great Tusk|Protosynthesis|[silent]\n|switch|p2a: Gholdengo|Gholdengo|100\/100\n|-item|p2a: Gholdengo|Air Balloon\n|move|p1a: Alomomola|Flip Turn|p2a: Gholdengo\n|-damage|p2a: Gholdengo|85\/100\n|-enditem|p2a: Gholdengo|Air Balloon\n|\n|t:|1700673911\n|switch|p1a: Cinderace|Cinderace, F|100\/100|[from] Flip Turn\n|\n|upkeep\n|turn|8\n|\n|t:|1700673916\n|switch|p2a: Hatterene|Hatterene, F, shiny|100\/100\n|move|p1a: Cinderace|U-turn|p2a: Hatterene\n|-start|p1a: Cinderace|typechange|Bug|[from] ability: Libero\n|-damage|p2a: Hatterene|70\/100\n|-enditem|p2a: Hatterene|Eject Button\n|inactive|Plukon T has 120 seconds left.\n|\n|t:|1700673947\n|switch|p2a: Ribombee|Ribombee, F|100\/100\n|\n|upkeep\n|turn|9\n|\n|t:|1700673954\n|switch|p1a: Slowking|Slowking-Galar, M|70\/100 par\n|move|p2a: Ribombee|Moonblast|p1a: Slowking\n|-resisted|p1a: Slowking\n|-damage|p1a: Slowking|59\/100 par\n|\n|-heal|p1a: Slowking|65\/100 par|[from] item: Leftovers\n|upkeep\n|turn|10\n|\n|t:|1700673963\n|move|p2a: Ribombee|U-turn|p1a: Slowking\n|-damage|p1a: Slowking|52\/100 par\n|\n|t:|1700673965\n|switch|p2a: Gholdengo|Gholdengo|85\/100|[from] U-turn\n|move|p1a: Slowking|Sludge Bomb|p2a: Gholdengo\n|-immune|p2a: Gholdengo\n|\n|-heal|p1a: Slowking|58\/100 par|[from] item: Leftovers\n|upkeep\n|turn|11\n|\n|t:|1700673971\n|switch|p1a: Kingambit|Kingambit, F, shiny|91\/100\n|move|p2a: Gholdengo|Shadow Ball|p1a: Kingambit\n|-resisted|p1a: Kingambit\n|-damage|p1a: Kingambit|67\/100\n|\n|upkeep\n|turn|12\n|\n|t:|1700673981\n|switch|p2a: Great Tusk|Great Tusk|48\/100\n|move|p1a: Kingambit|Iron Head|p2a: Great Tusk\n|-damage|p2a: Great Tusk|3\/100\n|-damage|p1a: Kingambit|57\/100|[from] item: Life Orb\n|\n|-heal|p2a: Great Tusk|9\/100|[from] item: Leftovers\n|upkeep\n|turn|13\n|\n|t:|1700673987\n|move|p1a: Kingambit|Sucker Punch||[still]\n|-fail|p1a: Kingambit\n|move|p2a: Great Tusk|Bulk Up|p2a: Great Tusk\n|-boost|p2a: Great Tusk|atk|1\n|-boost|p2a: Great Tusk|def|1\n|\n|-heal|p2a: Great Tusk|15\/100|[from] item: Leftovers\n|upkeep\n|turn|14\n|\n|t:|1700673992\n|move|p1a: Kingambit|Sucker Punch|p2a: Great Tusk\n|-resisted|p2a: Great Tusk\n|-damage|p2a: Great Tusk|2\/100\n|-damage|p1a: Kingambit|47\/100|[from] item: Life Orb\n|move|p2a: Great Tusk|Headlong Rush|p1a: Kingambit\n|-supereffective|p1a: Kingambit\n|-damage|p1a: Kingambit|0 fnt\n|-unboost|p2a: Great Tusk|def|1\n|-unboost|p2a: Great Tusk|spd|1\n|faint|p1a: Kingambit\n|-end|p1a: Kingambit|fallenundefined|[silent]\n|\n|-heal|p2a: Great Tusk|8\/100|[from] item: Leftovers\n|upkeep\n|\n|t:|1700674002\n|switch|p1a: Cinderace|Cinderace, F|100\/100\n|turn|15\n|\n|t:|1700674005\n|move|p1a: Cinderace|U-turn|p2a: Great Tusk\n|-start|p1a: Cinderace|typechange|Bug|[from] ability: Libero\n|-resisted|p2a: Great Tusk\n|-damage|p2a: Great Tusk|0 fnt\n|faint|p2a: Great Tusk\n|-end|p2a: Great Tusk|Protosynthesis|[silent]\n|\n|t:|1700674014\n|switch|p1a: Thundurus|Thundurus-Therian, M|100\/100|[from] U-turn\n|\n|upkeep\n|\n|t:|1700674020\n|switch|p2a: Ogerpon|Ogerpon-Cornerstone, F|100\/100\n|turn|16\n|\n|t:|1700674025\n|move|p1a: Thundurus|Volt Switch|p2a: Ogerpon\n|-resisted|p2a: Ogerpon\n|-damage|p2a: Ogerpon|77\/100\n|\n|t:|1700674032\n|switch|p1a: Alomomola|Alomomola, F|100\/100|[from] Volt Switch\n|move|p2a: Ogerpon|Ivy Cudgel|p1a: Alomomola|[anim] Ivy Cudgel Rock\n|-damage|p1a: Alomomola|72\/100\n|\n|upkeep\n|turn|17\n|\n|t:|1700674042\n|switch|p2a: Gholdengo|Gholdengo|85\/100\n|switch|p1a: Cinderace|Cinderace, F|100\/100\n|\n|upkeep\n|turn|18\n|\n|t:|1700674052\n|-terastallize|p2a: Gholdengo|Ghost\n|move|p1a: Cinderace|Pyro Ball|p2a: Gholdengo\n|-damage|p2a: Gholdengo|24\/100\n|move|p2a: Gholdengo|Shadow Ball|p1a: Cinderace\n|-crit|p1a: Cinderace\n|-damage|p1a: Cinderace|0 fnt\n|faint|p1a: Cinderace\n|\n|upkeep\n|\n|t:|1700674060\n|switch|p1a: Thundurus|Thundurus-Therian, M|100\/100\n|turn|19\n|\n|t:|1700674066\n|move|p1a: Thundurus|Volt Switch|p2a: Gholdengo\n|-damage|p2a: Gholdengo|0 fnt\n|faint|p2a: Gholdengo\n|\n|t:|1700674074\n|switch|p1a: Walking Wake|Walking Wake|100\/100|[from] Volt Switch\n|\n|upkeep\n|\n|t:|1700674078\n|switch|p2a: Ribombee|Ribombee, F|100\/100\n|turn|20\n|\n|t:|1700674082\n|-end|p1a: Walking Wake|Protosynthesis|[silent]\n|switch|p1a: Slowking|Slowking-Galar, M|91\/100 par\n|move|p2a: Ribombee|Moonblast|p1a: Slowking\n|-resisted|p1a: Slowking\n|-damage|p1a: Slowking|78\/100 par\n|-unboost|p1a: Slowking|spa|1\n|\n|-heal|p1a: Slowking|85\/100 par|[from] item: Leftovers\n|upkeep\n|turn|21\n|\n|t:|1700674087\n|move|p2a: Ribombee|Sticky Web|p1a: Slowking\n|-sidestart|p1: boaby|move: Sticky Web\n|move|p1a: Slowking|Chilly Reception|p1a: Slowking\n|-weather|Snow\n|\n|t:|1700674093\n|switch|p1a: Thundurus|Thundurus-Therian, M|100\/100|[from] Chilly Reception\n|\n|-weather|Snow|[upkeep]\n|upkeep\n|turn|22\n|\n|t:|1700674100\n|-terastallize|p1a: Thundurus|Flying\n|move|p1a: Thundurus|Tera Blast|p2a: Ribombee|[anim] Tera Blast Flying\n|-supereffective|p2a: Ribombee\n|-enditem|p2a: Ribombee|Focus Sash\n|-damage|p2a: Ribombee|1\/100\n|move|p2a: Ribombee|Moonblast|p1a: Thundurus\n|-damage|p1a: Thundurus|48\/100\n|-unboost|p1a: Thundurus|spa|1\n|\n|-weather|Snow|[upkeep]\n|upkeep\n|turn|23\n|\n|t:|1700674108\n|move|p1a: Thundurus|Tera Blast|p2a: Ribombee|[anim] Tera Blast Flying\n|-supereffective|p2a: Ribombee\n|-damage|p2a: Ribombee|0 fnt\n|faint|p2a: Ribombee\n|\n|-weather|Snow|[upkeep]\n|upkeep\n|inactive|Plukon T has 120 seconds left.\n|\n|t:|1700674158\n|switch|p2a: Hatterene|Hatterene, F, shiny|70\/100\n|turn|24\n|\n|t:|1700674163\n|switch|p1a: Slowking|Slowking-Galar, M|100\/100 par\n|-activate|p1a: Slowking|move: Sticky Web\n|-unboost|p1a: Slowking|spe|1\n|move|p2a: Hatterene|Healing Wish|p2a: Hatterene\n|faint|p2a: Hatterene\n|\n|-weather|Snow|[upkeep]\n|upkeep\n|\n|t:|1700674167\n|switch|p2a: Regidrago|Regidrago|100\/100\n|turn|25\n|\n|t:|1700674174\n|move|p2a: Regidrago|Dragon Energy|p1a: Slowking\n|-damage|p1a: Slowking|10\/100 par\n|cant|p1a: Slowking|par\n|\n|-weather|none\n|-heal|p1a: Slowking|16\/100 par|[from] item: Leftovers\n|upkeep\n|turn|26\n|\n|t:|1700674179\n|move|p2a: Regidrago|Dragon Energy|p1a: Slowking\n|-damage|p1a: Slowking|0 fnt\n|faint|p1a: Slowking\n|\n|upkeep\n|\n|t:|1700674183\n|switch|p1a: Thundurus|Thundurus-Therian, M, tera:Flying|48\/100\n|turn|27\n|\n|t:|1700674188\n|move|p1a: Thundurus|Tera Blast|p2a: Regidrago|[anim] Tera Blast Flying\n|-damage|p2a: Regidrago|32\/100\n|move|p2a: Regidrago|Dragon Energy|p1a: Thundurus\n|-damage|p1a: Thundurus|0 fnt\n|faint|p1a: Thundurus\n|\n|upkeep\n|\n|t:|1700674198\n|switch|p1a: Alomomola|Alomomola, F|100\/100\n|-activate|p1a: Alomomola|move: Sticky Web\n|-unboost|p1a: Alomomola|spe|1\n|turn|28\n|\n|t:|1700674202\n|move|p2a: Regidrago|Dragon Energy|p1a: Alomomola\n|-damage|p1a: Alomomola|39\/100\n|move|p1a: Alomomola|Scald|p2a: Regidrago\n|-resisted|p2a: Regidrago\n|-damage|p2a: Regidrago|25\/100\n|-status|p2a: Regidrago|brn\n|\n|-damage|p2a: Regidrago|19\/100 brn|[from] brn\n|upkeep\n|turn|29\n|\n|t:|1700674208\n|move|p1a: Alomomola|Protect|p1a: Alomomola\n|-singleturn|p1a: Alomomola|Protect\n|move|p2a: Regidrago|Dragon Energy|p1a: Alomomola\n|-activate|p1a: Alomomola|move: Protect\n|\n|-damage|p2a: Regidrago|13\/100 brn|[from] brn\n|upkeep\n|turn|30\n|\n|t:|1700674213\n|move|p2a: Regidrago|Dragon Energy|p1a: Alomomola\n|-damage|p1a: Alomomola|14\/100\n|move|p1a: Alomomola|Wish|p1a: Alomomola\n|\n|-damage|p2a: Regidrago|7\/100 brn|[from] brn\n|upkeep\n|turn|31\n|\n|t:|1700674219\n|move|p1a: Alomomola|Protect|p1a: Alomomola\n|-singleturn|p1a: Alomomola|Protect\n|move|p2a: Regidrago|Dragon Energy|p1a: Alomomola\n|-activate|p1a: Alomomola|move: Protect\n|\n|-heal|p1a: Alomomola|64\/100|[from] move: Wish|[wisher] Alomomola\n|-damage|p2a: Regidrago|0 fnt|[from] brn\n|faint|p2a: Regidrago\n|upkeep\n|\n|t:|1700674221\n|switch|p2a: Ogerpon|Ogerpon-Cornerstone, F|77\/100\n|-heal|p2a: Ogerpon|100\/100|[from] move: Healing Wish\n|turn|32\n|\n|t:|1700674249\n|move|p2a: Ogerpon|Power Whip|p1a: Alomomola\n|-supereffective|p1a: Alomomola\n|-damage|p1a: Alomomola|0 fnt\n|faint|p1a: Alomomola\n|\n|upkeep\n|\n|t:|1700674254\n|switch|p1a: Walking Wake|Walking Wake|100\/100\n|-activate|p1a: Walking Wake|move: Sticky Web\n|-unboost|p1a: Walking Wake|spe|1\n|turn|33\n|inactive|Plukon T has 120 seconds left.\n|\n|t:|1700674278\n|move|p2a: Ogerpon|Ivy Cudgel|p1a: Walking Wake|[anim] Ivy Cudgel Rock\n|-damage|p1a: Walking Wake|38\/100\n|move|p1a: Walking Wake|Hydro Steam|p2a: Ogerpon\n|-damage|p2a: Ogerpon|28\/100\n|\n|upkeep\n|turn|34\n|c|\u2606Plukon T|gg\n|c|\u2606boaby|gg\n|\n|t:|1700674287\n|move|p2a: Ogerpon|Ivy Cudgel|p1a: Walking Wake|[anim] Ivy Cudgel Rock\n|-damage|p1a: Walking Wake|0 fnt\n|faint|p1a: Walking Wake\n|-end|p1a: Walking Wake|Protosynthesis|[silent]\n|\n|win|Plukon T\n|raw|boaby's rating: 1405 &rarr; <strong>1388<\/strong><br \/>(-17 for losing)\n|raw|Plukon T's rating: 1454 &rarr; <strong>1471<\/strong><br \/>(+17 for winning)\n","uploadtime":1700674310,"views":7,"p1id":"boaby","p2id":"plukont","formatid":"gen9ou","rating":1388,"private":0,"password":""}