{"id":"gen9ou-1991090100","p1":"capragi9999","p2":"wilou2791","format":"[Gen 9] OU","log":"|j|\u2606capragi9999\n|j|\u2606wilou2791\n|t:|1700041286\n|gametype|singles\n|player|p1|capragi9999|iris-gen5bw2|1144\n|player|p2|wilou2791|170|1083\n|teamsize|p1|6\n|teamsize|p2|6\n|gen|9\n|tier|[Gen 9] OU\n|rated|\n|rule|Sleep Clause Mod: Limit one foe put to sleep\n|rule|Species Clause: Limit one of each Pok\u00e9mon\n|rule|OHKO Clause: OHKO moves are banned\n|rule|Evasion Items Clause: Evasion items are banned\n|rule|Evasion Moves Clause: Evasion moves are banned\n|rule|Endless Battle Clause: Forcing endless battles is banned\n|rule|HP Percentage Mod: HP is shown in percentages\n|clearpoke\n|poke|p1|Dragapult, F|\n|poke|p1|Great Tusk|\n|poke|p1|Iron Hands|\n|poke|p1|Corviknight, M|\n|poke|p1|Clodsire, F|\n|poke|p1|Grimmsnarl, M|\n|poke|p2|Glimmora, F|\n|poke|p2|Ceruledge, F|\n|poke|p2|Ogerpon-Wellspring, F|\n|poke|p2|Kingambit, F|\n|poke|p2|Dragonite, M|\n|poke|p2|Enamorus, F|\n|teampreview\n|\n|t:|1700041307\n|start\n|switch|p1a: Grimmsnarl|Grimmsnarl, M|100\/100\n|switch|p2a: Glimmora|Glimmora, F|100\/100\n|turn|1\n|\n|t:|1700041315\n|move|p1a: Grimmsnarl|Taunt|p2a: Glimmora\n|-start|p2a: Glimmora|move: Taunt\n|cant|p2a: Glimmora|move: Taunt|Stealth Rock\n|\n|upkeep\n|turn|2\n|\n|t:|1700041319\n|move|p1a: Grimmsnarl|Light Screen|p1a: Grimmsnarl\n|-sidestart|p1: capragi9999|move: Light Screen\n|move|p2a: Glimmora|Mortal Spin|p1a: Grimmsnarl\n|-supereffective|p1a: Grimmsnarl\n|-damage|p1a: Grimmsnarl|87\/100\n|-status|p1a: Grimmsnarl|psn\n|\n|-damage|p1a: Grimmsnarl|74\/100 psn|[from] psn\n|upkeep\n|turn|3\n|\n|t:|1700041338\n|move|p2a: Glimmora|Energy Ball|p1a: Grimmsnarl\n|-damage|p1a: Grimmsnarl|63\/100 psn\n|move|p1a: Grimmsnarl|Spirit Break|p2a: Glimmora\n|-resisted|p2a: Glimmora\n|-damage|p2a: Glimmora|83\/100\n|-unboost|p2a: Glimmora|spa|1\n|-activate|p2a: Glimmora|ability: Toxic Debris\n|-sidestart|p1: capragi9999|move: Toxic Spikes\n|\n|-damage|p1a: Grimmsnarl|51\/100 psn|[from] psn\n|-end|p2a: Glimmora|move: Taunt\n|upkeep\n|turn|4\n|\n|t:|1700041350\n|move|p1a: Grimmsnarl|Taunt|p2a: Glimmora\n|-start|p2a: Glimmora|move: Taunt\n|cant|p2a: Glimmora|move: Taunt|Stealth Rock\n|\n|-damage|p1a: Grimmsnarl|39\/100 psn|[from] psn\n|upkeep\n|turn|5\n|\n|t:|1700041362\n|move|p1a: Grimmsnarl|Parting Shot|p2a: Glimmora\n|-unboost|p2a: Glimmora|atk|1\n|-unboost|p2a: Glimmora|spa|1\n|\n|t:|1700041365\n|switch|p1a: Clodsire|Clodsire, F, shiny|100\/100|[from] Parting Shot\n|-sideend|p1: capragi9999|move: Toxic Spikes|[of] p1a: Clodsire\n|move|p2a: Glimmora|Mortal Spin|p1a: Clodsire\n|-resisted|p1a: Clodsire\n|-damage|p1a: Clodsire|99\/100\n|\n|-heal|p1a: Clodsire|100\/100|[from] item: Leftovers\n|upkeep\n|turn|6\n|\n|t:|1700041375\n|move|p2a: Glimmora|Energy Ball|p1a: Clodsire\n|-damage|p1a: Clodsire|96\/100\n|move|p1a: Clodsire|Stealth Rock|p2a: Glimmora\n|-sidestart|p2: wilou2791|move: Stealth Rock\n|\n|-heal|p1a: Clodsire|100\/100|[from] item: Leftovers\n|-end|p2a: Glimmora|move: Taunt\n|upkeep\n|turn|7\n|\n|t:|1700041385\n|move|p2a: Glimmora|Stealth Rock|p1a: Clodsire\n|-sidestart|p1: capragi9999|move: Stealth Rock\n|move|p1a: Clodsire|Earthquake|p2a: Glimmora\n|-supereffective|p2a: Glimmora\n|-damage|p2a: Glimmora|0 fnt\n|-activate|p2a: Glimmora|ability: Toxic Debris\n|-sidestart|p1: capragi9999|move: Toxic Spikes\n|faint|p2a: Glimmora\n|\n|upkeep\n|\n|t:|1700041423\n|switch|p2a: Ogerpon|Ogerpon-Wellspring, F|100\/100\n|-damage|p2a: Ogerpon|88\/100|[from] Stealth Rock\n|turn|8\n|\n|t:|1700041434\n|-terastallize|p2a: Ogerpon|Water\n|detailschange|p2a: Ogerpon|Ogerpon-Wellspring-Tera, F, tera:Water\n|-ability|p2a: Ogerpon|Embody Aspect (Wellspring)|boost\n|-boost|p2a: Ogerpon|spd|1\n|move|p2a: Ogerpon|Power Whip|p1a: Clodsire\n|-damage|p1a: Clodsire|19\/100\n|move|p1a: Clodsire|Yawn|p2a: Ogerpon\n|-start|p2a: Ogerpon|move: Yawn|[of] p1a: Clodsire\n|\n|-heal|p1a: Clodsire|25\/100|[from] item: Leftovers\n|upkeep\n|turn|9\n|\n|t:|1700041446\n|switch|p1a: Corviknight|Corviknight, M|100\/100\n|-damage|p1a: Corviknight|88\/100|[from] Stealth Rock\n|move|p2a: Ogerpon|Power Whip|p1a: Corviknight\n|-resisted|p1a: Corviknight\n|-damage|p1a: Corviknight|78\/100\n|-damage|p2a: Ogerpon|72\/100|[from] item: Rocky Helmet|[of] p1a: Corviknight\n|\n|-end|p2a: Ogerpon|move: Yawn|[silent]\n|-status|p2a: Ogerpon|slp\n|-sideend|p1: capragi9999|move: Light Screen\n|upkeep\n|turn|10\n|\n|t:|1700041465\n|switch|p1a: Great Tusk|Great Tusk|100\/100\n|cant|p2a: Ogerpon|slp\n|\n|upkeep\n|turn|11\n|\n|t:|1700041474\n|cant|p2a: Ogerpon|slp\n|move|p1a: Great Tusk|Knock Off|p2a: Ogerpon\n|-crit|p2a: Ogerpon\n|-damage|p2a: Ogerpon|29\/100 slp\n|\n|upkeep\n|turn|12\n|\n|t:|1700041479\n|cant|p2a: Ogerpon|slp\n|move|p1a: Great Tusk|Rapid Spin|p2a: Ogerpon\n|-damage|p2a: Ogerpon|7\/100 slp\n|-boost|p1a: Great Tusk|spe|1\n|-sideend|p1: capragi9999|Toxic Spikes|[from] move: Rapid Spin|[of] p1a: Great Tusk\n|-sideend|p1: capragi9999|Stealth Rock|[from] move: Rapid Spin|[of] p1a: Great Tusk\n|\n|upkeep\n|turn|13\n|\n|t:|1700041492\n|move|p1a: Great Tusk|Rapid Spin|p2a: Ogerpon\n|-damage|p2a: Ogerpon|0 fnt\n|-boost|p1a: Great Tusk|spe|1\n|faint|p2a: Ogerpon\n|\n|upkeep\n|\n|t:|1700041506\n|switch|p2a: Enamorus|Enamorus, F|100\/100\n|-damage|p2a: Enamorus|76\/100|[from] Stealth Rock\n|turn|14\n|\n|t:|1700041512\n|move|p1a: Great Tusk|Knock Off|p2a: Enamorus\n|-resisted|p2a: Enamorus\n|-damage|p2a: Enamorus|49\/100\n|-enditem|p2a: Enamorus|Choice Scarf|[from] move: Knock Off|[of] p1a: Great Tusk\n|move|p2a: Enamorus|Moonblast|p1a: Great Tusk\n|-supereffective|p1a: Great Tusk\n|-damage|p1a: Great Tusk|0 fnt\n|faint|p1a: Great Tusk\n|-end|p1a: Great Tusk|Protosynthesis|[silent]\n|\n|upkeep\n|\n|t:|1700041525\n|switch|p1a: Grimmsnarl|Grimmsnarl, M|39\/100 psn\n|turn|15\n|\n|t:|1700041551\n|move|p1a: Grimmsnarl|Light Screen|p1a: Grimmsnarl\n|-sidestart|p1: capragi9999|move: Light Screen\n|move|p2a: Enamorus|Earth Power|p1a: Grimmsnarl\n|-damage|p1a: Grimmsnarl|27\/100 psn\n|\n|-damage|p1a: Grimmsnarl|15\/100 psn|[from] psn\n|upkeep\n|turn|16\n|\n|t:|1700041558\n|move|p1a: Grimmsnarl|Parting Shot|p2a: Enamorus\n|-unboost|p2a: Enamorus|atk|1\n|-unboost|p2a: Enamorus|spa|1\n|\n|t:|1700041561\n|switch|p1a: Corviknight|Corviknight, M|78\/100|[from] Parting Shot\n|move|p2a: Enamorus|Mystical Fire|p1a: Corviknight\n|-supereffective|p1a: Corviknight\n|-damage|p1a: Corviknight|61\/100\n|-ability|p1a: Corviknight|Mirror Armor\n|-unboost|p2a: Enamorus|spa|1\n|\n|upkeep\n|turn|17\n|\n|t:|1700041572\n|switch|p2a: Dragonite|Dragonite, M|100\/100\n|move|p1a: Corviknight|U-turn|p2a: Dragonite\n|-resisted|p2a: Dragonite\n|-damage|p2a: Dragonite|96\/100\n|\n|t:|1700041582\n|switch|p1a: Dragapult|Dragapult, F|100\/100|[from] U-turn\n|\n|upkeep\n|turn|18\n|\n|t:|1700041589\n|switch|p2a: Enamorus|Enamorus, F|49\/100\n|-damage|p2a: Enamorus|24\/100|[from] Stealth Rock\n|move|p1a: Dragapult|Dragon Darts|p2a: Enamorus\n|-immune|p2a: Enamorus\n|\n|upkeep\n|turn|19\n|\n|t:|1700041601\n|switch|p1a: Corviknight|Corviknight, M|61\/100\n|move|p2a: Enamorus|Moonblast|p1a: Corviknight\n|-resisted|p1a: Corviknight\n|-damage|p1a: Corviknight|50\/100\n|-ability|p1a: Corviknight|Mirror Armor\n|-unboost|p2a: Enamorus|spa|1\n|\n|upkeep\n|turn|20\n|\n|t:|1700041615\n|switch|p2a: Kingambit|Kingambit, F|100\/100\n|-damage|p2a: Kingambit|94\/100|[from] Stealth Rock\n|-activate|p2a: Kingambit|ability: Supreme Overlord\n|-start|p2a: Kingambit|fallen2|[silent]\n|move|p1a: Corviknight|Roost|p1a: Corviknight\n|-heal|p1a: Corviknight|99\/100\n|-singleturn|p1a: Corviknight|move: Roost\n|\n|upkeep\n|turn|21\n|\n|t:|1700041626\n|move|p2a: Kingambit|Kowtow Cleave|p1a: Corviknight\n|-damage|p1a: Corviknight|62\/100\n|-damage|p2a: Kingambit|78\/100|[from] item: Rocky Helmet|[of] p1a: Corviknight\n|move|p1a: Corviknight|Iron Defense|p1a: Corviknight\n|-boost|p1a: Corviknight|def|2\n|\n|upkeep\n|turn|22\n|\n|t:|1700041633\n|move|p2a: Kingambit|Swords Dance|p2a: Kingambit\n|-boost|p2a: Kingambit|atk|2\n|move|p1a: Corviknight|Iron Defense|p1a: Corviknight\n|-boost|p1a: Corviknight|def|2\n|\n|-sideend|p1: capragi9999|move: Light Screen\n|upkeep\n|turn|23\n|\n|t:|1700041639\n|move|p2a: Kingambit|Swords Dance|p2a: Kingambit\n|-boost|p2a: Kingambit|atk|2\n|move|p1a: Corviknight|Body Press|p2a: Kingambit\n|-supereffective|p2a: Kingambit\n|-damage|p2a: Kingambit|0 fnt\n|faint|p2a: Kingambit\n|-end|p2a: Kingambit|fallen2|[silent]\n|\n|upkeep\n|\n|t:|1700041647\n|switch|p2a: Enamorus|Enamorus, F|24\/100\n|-damage|p2a: Enamorus|0 fnt|[from] Stealth Rock\n|faint|p2a: Enamorus\n|\n|t:|1700041651\n|switch|p2a: Ceruledge|Ceruledge, F|100\/100\n|-damage|p2a: Ceruledge|76\/100|[from] Stealth Rock\n|turn|24\n|\n|t:|1700041660\n|switch|p1a: Grimmsnarl|Grimmsnarl, M|15\/100 psn\n|move|p2a: Ceruledge|Bitter Blade|p1a: Grimmsnarl\n|-damage|p1a: Grimmsnarl|0 fnt\n|-heal|p2a: Ceruledge|85\/100|[from] drain|[of] p1a: Grimmsnarl\n|faint|p1a: Grimmsnarl\n|\n|upkeep\n|\n|t:|1700041673\n|switch|p1a: Dragapult|Dragapult, F|100\/100\n|turn|25\n|\n|t:|1700041680\n|move|p2a: Ceruledge|Shadow Sneak|p1a: Dragapult\n|-supereffective|p1a: Dragapult\n|-damage|p1a: Dragapult|38\/100\n|move|p1a: Dragapult|Thunder Wave|p2a: Ceruledge\n|-status|p2a: Ceruledge|par\n|\n|-heal|p1a: Dragapult|44\/100|[from] item: Leftovers\n|upkeep\n|turn|26\n|\n|t:|1700041692\n|switch|p1a: Corviknight|Corviknight, M|62\/100\n|cant|p2a: Ceruledge|par\n|\n|upkeep\n|turn|27\n|\n|t:|1700041704\n|move|p1a: Corviknight|U-turn|p2a: Ceruledge\n|-resisted|p2a: Ceruledge\n|-crit|p2a: Ceruledge\n|-damage|p2a: Ceruledge|77\/100 par\n|-ability|p2a: Ceruledge|Weak Armor|boost\n|-unboost|p2a: Ceruledge|def|1\n|-boost|p2a: Ceruledge|spe|2\n|\n|t:|1700041736\n|switch|p1a: Clodsire|Clodsire, F, shiny|25\/100|[from] U-turn\n|cant|p2a: Ceruledge|par\n|\n|-heal|p1a: Clodsire|31\/100|[from] item: Leftovers\n|upkeep\n|turn|28\n|\n|t:|1700041743\n|cant|p2a: Ceruledge|par\n|move|p1a: Clodsire|Recover|p1a: Clodsire\n|-heal|p1a: Clodsire|81\/100\n|\n|-heal|p1a: Clodsire|88\/100|[from] item: Leftovers\n|upkeep\n|turn|29\n|\n|t:|1700041751\n|move|p2a: Ceruledge|Swords Dance|p2a: Ceruledge\n|-boost|p2a: Ceruledge|atk|2\n|move|p1a: Clodsire|Earthquake|p2a: Ceruledge\n|-supereffective|p2a: Ceruledge\n|-damage|p2a: Ceruledge|0 fnt\n|faint|p2a: Ceruledge\n|\n|-heal|p1a: Clodsire|94\/100|[from] item: Leftovers\n|upkeep\n|\n|t:|1700041758\n|switch|p2a: Dragonite|Dragonite, M|96\/100\n|turn|30\n|\n|t:|1700041763\n|move|p2a: Dragonite|Dragon Dance|p2a: Dragonite\n|-boost|p2a: Dragonite|atk|1\n|-boost|p2a: Dragonite|spe|1\n|move|p1a: Clodsire|Yawn|p2a: Dragonite\n|-start|p2a: Dragonite|move: Yawn|[of] p1a: Clodsire\n|\n|-heal|p1a: Clodsire|99\/100|[from] item: Leftovers\n|upkeep\n|turn|31\n|\n|t:|1700041775\n|switch|p1a: Corviknight|Corviknight, M|62\/100\n|move|p2a: Dragonite|Dragon Dance|p2a: Dragonite\n|-boost|p2a: Dragonite|atk|1\n|-boost|p2a: Dragonite|spe|1\n|\n|-end|p2a: Dragonite|move: Yawn|[silent]\n|-status|p2a: Dragonite|slp\n|upkeep\n|turn|32\n|\n|t:|1700041784\n|cant|p2a: Dragonite|slp\n|move|p1a: Corviknight|Iron Defense|p1a: Corviknight\n|-boost|p1a: Corviknight|def|2\n|\n|upkeep\n|turn|33\n|\n|t:|1700041791\n|cant|p2a: Dragonite|slp\n|move|p1a: Corviknight|Roost|p1a: Corviknight\n|-heal|p1a: Corviknight|100\/100\n|-singleturn|p1a: Corviknight|move: Roost\n|\n|upkeep\n|turn|34\n|\n|t:|1700041797\n|cant|p2a: Dragonite|slp\n|move|p1a: Corviknight|Body Press|p2a: Dragonite\n|-resisted|p2a: Dragonite\n|-damage|p2a: Dragonite|70\/100 slp\n|\n|upkeep\n|turn|35\n|\n|t:|1700041804\n|-curestatus|p2a: Dragonite|slp|[msg]\n|move|p2a: Dragonite|Extreme Speed|p1a: Corviknight\n|-resisted|p1a: Corviknight\n|-damage|p1a: Corviknight|91\/100\n|-damage|p2a: Dragonite|53\/100|[from] item: Rocky Helmet|[of] p1a: Corviknight\n|move|p1a: Corviknight|Iron Defense|p1a: Corviknight\n|-boost|p1a: Corviknight|def|2\n|\n|upkeep\n|turn|36\n|\n|t:|1700041814\n|move|p2a: Dragonite|Dragon Dance|p2a: Dragonite\n|-boost|p2a: Dragonite|atk|1\n|-boost|p2a: Dragonite|spe|1\n|move|p1a: Corviknight|Body Press|p2a: Dragonite\n|-resisted|p2a: Dragonite\n|-damage|p2a: Dragonite|10\/100\n|\n|upkeep\n|turn|37\n|\n|t:|1700041823\n|move|p2a: Dragonite|Roost|p2a: Dragonite\n|-heal|p2a: Dragonite|61\/100\n|-singleturn|p2a: Dragonite|move: Roost\n|move|p1a: Corviknight|Body Press|p2a: Dragonite\n|-damage|p2a: Dragonite|0 fnt\n|faint|p2a: Dragonite\n|\n|win|capragi9999\n|raw|capragi9999's rating: 1144 &rarr; <strong>1165<\/strong><br \/>(+21 for winning)\n|raw|wilou2791's rating: 1083 &rarr; <strong>1064<\/strong><br \/>(-19 for losing)\n|l|\u2606wilou2791\n","uploadtime":1700041835,"views":9,"p1id":"capragi9999","p2id":"wilou2791","formatid":"gen9ou","rating":1064,"private":0,"password":""}