{"id":"gen9ou-1988383594","p1":"AkiDes","p2":"Battle pass baka","format":"[Gen 9] OU","log":"|j|\u2606AkiDes\n|j|\u2606Battle pass baka\n|t:|1699716753\n|gametype|singles\n|player|p1|AkiDes|volkner|1117\n|player|p2|Battle pass baka|firebreather|1085\n|teamsize|p1|6\n|teamsize|p2|6\n|gen|9\n|tier|[Gen 9] OU\n|rated|\n|rule|Sleep Clause Mod: Limit one foe put to sleep\n|rule|Species Clause: Limit one of each Pok\u00e9mon\n|rule|OHKO Clause: OHKO moves are banned\n|rule|Evasion Items Clause: Evasion items are banned\n|rule|Evasion Moves Clause: Evasion moves are banned\n|rule|Endless Battle Clause: Forcing endless battles is banned\n|rule|HP Percentage Mod: HP is shown in percentages\n|clearpoke\n|poke|p1|Gliscor, F|\n|poke|p1|Greninja-*, F|\n|poke|p1|Dragonite, M|\n|poke|p1|Cinderace, M|\n|poke|p1|Mandibuzz, F|\n|poke|p1|Jolteon, F|\n|poke|p2|Ceruledge, F|\n|poke|p2|Samurott-Hisui, M|\n|poke|p2|Scizor, F|\n|poke|p2|Clefable, F|\n|poke|p2|Shiftry, M|\n|poke|p2|Gliscor, F|\n|teampreview\n|\n|t:|1699716759\n|start\n|switch|p1a: Greninja|Greninja, F, shiny|100\/100\n|switch|p2a: Ceruledge|Ceruledge, F|100\/100\n|turn|1\n|\n|t:|1699716769\n|-terastallize|p2a: Ceruledge|Grass\n|move|p1a: Greninja|U-turn|p2a: Ceruledge\n|-start|p1a: Greninja|typechange|Bug|[from] ability: Protean\n|-supereffective|p2a: Ceruledge\n|-damage|p2a: Ceruledge|41\/100\n|\n|t:|1699716782\n|switch|p1a: Cinderace|Cinderace, M|100\/100|[from] U-turn\n|move|p2a: Ceruledge|Tera Blast|p1a: Cinderace|[anim] Tera Blast Grass\n|-resisted|p1a: Cinderace\n|-damage|p1a: Cinderace|70\/100\n|\n|upkeep\n|turn|2\n|\n|t:|1699716790\n|move|p2a: Ceruledge|Shadow Sneak|p1a: Cinderace\n|-damage|p1a: Cinderace|42\/100\n|move|p1a: Cinderace|Pyro Ball|p2a: Ceruledge\n|-start|p2a: Ceruledge|ability: Flash Fire\n|\n|upkeep\n|turn|3\n|\n|t:|1699716798\n|move|p1a: Cinderace|Sucker Punch|p2a: Ceruledge\n|-start|p1a: Cinderace|typechange|Dark|[from] ability: Libero\n|-damage|p2a: Ceruledge|0 fnt\n|faint|p2a: Ceruledge\n|\n|upkeep\n|\n|t:|1699716814\n|switch|p2a: Scizor|Scizor, F|100\/100\n|turn|4\n|\n|t:|1699716819\n|move|p2a: Scizor|Bullet Punch|p1a: Cinderace\n|-damage|p1a: Cinderace|0 fnt\n|faint|p1a: Cinderace\n|-damage|p2a: Scizor|91\/100|[from] item: Life Orb\n|\n|upkeep\n|\n|t:|1699716829\n|switch|p1a: Dragonite|Dragonite, M|100\/100\n|turn|5\n|\n|t:|1699716834\n|move|p2a: Scizor|Bullet Punch|p1a: Dragonite\n|-damage|p1a: Dragonite|77\/100\n|-damage|p2a: Scizor|81\/100|[from] item: Life Orb\n|move|p1a: Dragonite|Dragon Dance|p1a: Dragonite\n|-boost|p1a: Dragonite|atk|1\n|-boost|p1a: Dragonite|spe|1\n|\n|upkeep\n|turn|6\n|\n|t:|1699716843\n|move|p1a: Dragonite|Fire Punch|p2a: Scizor\n|-supereffective|p2a: Scizor\n|-damage|p2a: Scizor|0 fnt\n|faint|p2a: Scizor\n|\n|upkeep\n|\n|t:|1699716852\n|switch|p2a: Gliscor|Gliscor, F|100\/100\n|turn|7\n|\n|t:|1699716858\n|move|p1a: Dragonite|Dragon Dance|p1a: Dragonite\n|-boost|p1a: Dragonite|atk|1\n|-boost|p1a: Dragonite|spe|1\n|move|p2a: Gliscor|Toxic|p1a: Dragonite\n|-status|p1a: Dragonite|tox\n|\n|-damage|p1a: Dragonite|70\/100 tox|[from] psn\n|-status|p2a: Gliscor|tox|[from] item: Toxic Orb\n|upkeep\n|turn|8\n|\n|t:|1699716868\n|-terastallize|p1a: Dragonite|Normal\n|move|p1a: Dragonite|Extreme Speed|p2a: Gliscor\n|-damage|p2a: Gliscor|39\/100 tox\n|move|p2a: Gliscor|Substitute|p2a: Gliscor\n|-start|p2a: Gliscor|Substitute\n|-damage|p2a: Gliscor|15\/100 tox\n|\n|-damage|p1a: Dragonite|58\/100 tox|[from] psn\n|-heal|p2a: Gliscor|27\/100 tox|[from] ability: Poison Heal\n|upkeep\n|turn|9\n|\n|t:|1699716877\n|move|p2a: Gliscor|Protect|p2a: Gliscor\n|-singleturn|p2a: Gliscor|Protect\n|move|p1a: Dragonite|Extreme Speed|p2a: Gliscor\n|-activate|p2a: Gliscor|move: Protect\n|\n|-damage|p1a: Dragonite|40\/100 tox|[from] psn\n|-heal|p2a: Gliscor|39\/100 tox|[from] ability: Poison Heal\n|upkeep\n|turn|10\n|\n|t:|1699716888\n|move|p2a: Gliscor|Protect||[still]\n|-fail|p2a: Gliscor\n|move|p1a: Dragonite|Extreme Speed|p2a: Gliscor\n|-end|p2a: Gliscor|Substitute\n|\n|-damage|p1a: Dragonite|15\/100 tox|[from] psn\n|-heal|p2a: Gliscor|52\/100 tox|[from] ability: Poison Heal\n|upkeep\n|turn|11\n|\n|t:|1699716908\n|move|p2a: Gliscor|Protect|p2a: Gliscor\n|-singleturn|p2a: Gliscor|Protect\n|move|p1a: Dragonite|Extreme Speed|p2a: Gliscor\n|-activate|p2a: Gliscor|move: Protect\n|\n|-damage|p1a: Dragonite|0 fnt|[from] psn\n|faint|p1a: Dragonite\n|-heal|p2a: Gliscor|64\/100 tox|[from] ability: Poison Heal\n|upkeep\n|\n|t:|1699716918\n|switch|p1a: Gliscor|Gliscor, F|100\/100\n|turn|12\n|\n|t:|1699716926\n|move|p2a: Gliscor|Protect|p2a: Gliscor\n|-singleturn|p2a: Gliscor|Protect\n|move|p1a: Gliscor|Stealth Rock|p2a: Gliscor\n|-sidestart|p2: Battle pass baka|move: Stealth Rock\n|\n|-heal|p2a: Gliscor|77\/100 tox|[from] ability: Poison Heal\n|-status|p1a: Gliscor|tox|[from] item: Toxic Orb\n|upkeep\n|turn|13\n|\n|t:|1699716940\n|switch|p2a: Samurott|Samurott-Hisui, M|100\/100\n|move|p1a: Gliscor|Ice Fang|p2a: Samurott\n|-resisted|p2a: Samurott\n|-damage|p2a: Samurott|90\/100\n|\n|upkeep\n|turn|14\n|\n|t:|1699716953\n|switch|p1a: Mandibuzz|Mandibuzz, F|100\/100\n|move|p2a: Samurott|Sacred Sword|p1a: Mandibuzz\n|-damage|p1a: Mandibuzz|75\/100\n|\n|upkeep\n|turn|15\n|\n|t:|1699716961\n|move|p2a: Samurott|Liquidation|p1a: Mandibuzz\n|-crit|p1a: Mandibuzz\n|-damage|p1a: Mandibuzz|43\/100\n|-unboost|p1a: Mandibuzz|def|1\n|move|p1a: Mandibuzz|Toxic|p2a: Samurott\n|-status|p2a: Samurott|tox\n|\n|-damage|p2a: Samurott|84\/100 tox|[from] psn\n|upkeep\n|turn|16\n|\n|t:|1699716972\n|move|p2a: Samurott|Sacred Sword|p1a: Mandibuzz\n|-damage|p1a: Mandibuzz|20\/100\n|move|p1a: Mandibuzz|Roost|p1a: Mandibuzz\n|-heal|p1a: Mandibuzz|70\/100\n|-singleturn|p1a: Mandibuzz|move: Roost\n|\n|-damage|p2a: Samurott|71\/100 tox|[from] psn\n|upkeep\n|turn|17\n|\n|t:|1699716982\n|switch|p1a: Gliscor|Gliscor, F|100\/100 tox\n|move|p2a: Samurott|Liquidation|p1a: Gliscor\n|-supereffective|p1a: Gliscor\n|-damage|p1a: Gliscor|30\/100 tox\n|-unboost|p1a: Gliscor|def|1\n|\n|-heal|p1a: Gliscor|42\/100 tox|[from] ability: Poison Heal\n|-damage|p2a: Samurott|53\/100 tox|[from] psn\n|upkeep\n|turn|18\n|\n|t:|1699716993\n|move|p1a: Gliscor|Protect|p1a: Gliscor\n|-singleturn|p1a: Gliscor|Protect\n|move|p2a: Samurott|Liquidation|p1a: Gliscor\n|-activate|p1a: Gliscor|move: Protect\n|\n|-heal|p1a: Gliscor|54\/100 tox|[from] ability: Poison Heal\n|-damage|p2a: Samurott|28\/100 tox|[from] psn\n|upkeep\n|turn|19\n|\n|t:|1699717004\n|switch|p1a: Mandibuzz|Mandibuzz, F|70\/100\n|move|p2a: Samurott|Liquidation|p1a: Mandibuzz\n|-damage|p1a: Mandibuzz|48\/100\n|\n|-damage|p2a: Samurott|0 fnt|[from] psn\n|faint|p2a: Samurott\n|upkeep\n|\n|t:|1699717014\n|switch|p2a: Gliscor|Gliscor, F|77\/100 tox\n|-damage|p2a: Gliscor|64\/100 tox|[from] Stealth Rock\n|turn|20\n|\n|t:|1699717020\n|switch|p1a: Gliscor|Gliscor, F|54\/100 tox\n|move|p2a: Gliscor|Toxic|p1a: Gliscor\n|-fail|p1a: Gliscor|tox\n|\n|-heal|p1a: Gliscor|67\/100 tox|[from] ability: Poison Heal\n|-heal|p2a: Gliscor|77\/100 tox|[from] ability: Poison Heal\n|upkeep\n|turn|21\n|\n|t:|1699717036\n|move|p2a: Gliscor|Protect|p2a: Gliscor\n|-singleturn|p2a: Gliscor|Protect\n|move|p1a: Gliscor|Ice Fang|p2a: Gliscor\n|-activate|p2a: Gliscor|move: Protect\n|\n|-heal|p1a: Gliscor|79\/100 tox|[from] ability: Poison Heal\n|-heal|p2a: Gliscor|89\/100 tox|[from] ability: Poison Heal\n|upkeep\n|turn|22\n|-message|Battle pass baka forfeited.\n|\n|win|AkiDes\n|raw|AkiDes's rating: 1117 &rarr; <strong>1140<\/strong><br \/>(+23 for winning)\n|raw|Battle pass baka's rating: 1085 &rarr; <strong>1064<\/strong><br \/>(-21 for losing)\n|l|\u2606Battle pass baka\n","uploadtime":1699717051,"views":15,"p1id":"akides","p2id":"battlepassbaka","formatid":"gen9ou","rating":1064,"private":0,"password":""}