{"id":"gen9ou-1992252569","p1":"JiR0k","p2":"Kantonian Ash","format":"[Gen 9] OU","log":"|j|\u2606JiR0k\n|j|\u2606Kantonian Ash\n|t:|1700167906\n|gametype|singles\n|player|p1|JiR0k|red|1386\n|player|p2|Kantonian Ash|misty|1315\n|teamsize|p1|6\n|teamsize|p2|6\n|gen|9\n|tier|[Gen 9] OU\n|rated|\n|rule|Sleep Clause Mod: Limit one foe put to sleep\n|rule|Species Clause: Limit one of each Pok\u00e9mon\n|rule|OHKO Clause: OHKO moves are banned\n|rule|Evasion Items Clause: Evasion items are banned\n|rule|Evasion Moves Clause: Evasion moves are banned\n|rule|Endless Battle Clause: Forcing endless battles is banned\n|rule|HP Percentage Mod: HP is shown in percentages\n|clearpoke\n|poke|p1|Great Tusk|\n|poke|p1|Dondozo, M|\n|poke|p1|Slowking-Galar, F|\n|poke|p1|Rillaboom, F|\n|poke|p1|Iron Moth|\n|poke|p1|Zapdos|\n|poke|p2|Sneasler, M|\n|poke|p2|Zapdos|\n|poke|p2|Decidueye-Hisui, M|\n|poke|p2|Ceruledge, F|\n|poke|p2|Walking Wake|\n|poke|p2|Great Tusk|\n|teampreview\n|j| guanamino777\n|inactive|Battle timer is ON: inactive players will automatically lose when time's up. (requested by Kantonian Ash)\n|\n|t:|1700167921\n|start\n|switch|p1a: Zapdos|Zapdos|100\/100\n|switch|p2a: Zapdos|Zapdos|100\/100\n|-ability|p2a: Zapdos|Pressure\n|turn|1\n|\n|t:|1700167928\n|move|p1a: Zapdos|Hurricane|p2a: Zapdos|[miss]\n|-miss|p1a: Zapdos|p2a: Zapdos\n|move|p2a: Zapdos|Light Screen|p2a: Zapdos\n|-sidestart|p2: Kantonian Ash|move: Light Screen\n|\n|upkeep\n|turn|2\n|\n|t:|1700167934\n|move|p1a: Zapdos|Volt Switch|p2a: Zapdos\n|-damage|p2a: Zapdos|85\/100\n|\n|t:|1700167937\n|switch|p1a: Slowking|Slowking-Galar, F|100\/100|[from] Volt Switch\n|move|p2a: Zapdos|Discharge|p1a: Slowking\n|-damage|p1a: Slowking|75\/100\n|-status|p1a: Slowking|par\n|\n|upkeep\n|turn|3\n|\n|t:|1700167944\n|move|p2a: Zapdos|Hurricane|p1a: Slowking|[miss]\n|-miss|p2a: Zapdos|p1a: Slowking\n|move|p1a: Slowking|Future Sight|p2a: Zapdos\n|-start|p1a: Slowking|move: Future Sight\n|\n|upkeep\n|turn|4\n|\n|t:|1700167950\n|move|p2a: Zapdos|Hurricane|p1a: Slowking\n|-damage|p1a: Slowking|37\/100 par\n|move|p1a: Slowking|Sludge Bomb|p2a: Zapdos\n|-damage|p2a: Zapdos|63\/100\n|-status|p2a: Zapdos|psn\n|\n|-damage|p2a: Zapdos|51\/100 psn|[from] psn\n|upkeep\n|turn|5\n|\n|t:|1700167962\n|switch|p1a: Zapdos|Zapdos|100\/100\n|move|p2a: Zapdos|Discharge|p1a: Zapdos\n|-damage|p1a: Zapdos|60\/100\n|\n|-end|p2a: Zapdos|move: Future Sight\n|-damage|p2a: Zapdos|26\/100 psn\n|-damage|p2a: Zapdos|13\/100 psn|[from] psn\n|upkeep\n|turn|6\n|\n|t:|1700167971\n|move|p1a: Zapdos|Volt Switch|p2a: Zapdos\n|-damage|p2a: Zapdos|0 fnt\n|faint|p2a: Zapdos\n|\n|t:|1700167975\n|switch|p1a: Slowking|Slowking-Galar, F|70\/100 par|[from] Volt Switch\n|\n|upkeep\n|\n|t:|1700167979\n|switch|p2a: Decidueye|Decidueye-Hisui, M, shiny|100\/100\n|turn|7\n|\n|t:|1700167988\n|switch|p1a: Zapdos|Zapdos|60\/100\n|move|p2a: Decidueye|Bulk Up|p2a: Decidueye\n|-boost|p2a: Decidueye|atk|1\n|-boost|p2a: Decidueye|def|1\n|\n|upkeep\n|turn|8\n|l| guanamino777\n|\n|t:|1700167998\n|-terastallize|p2a: Decidueye|Steel\n|move|p1a: Zapdos|Hurricane|p2a: Decidueye|[miss]\n|-miss|p1a: Zapdos|p2a: Decidueye\n|move|p2a: Decidueye|Trailblaze|p1a: Zapdos\n|-resisted|p1a: Zapdos\n|-damage|p1a: Zapdos|47\/100\n|-boost|p2a: Decidueye|spe|1\n|\n|-sideend|p2: Kantonian Ash|move: Light Screen\n|upkeep\n|turn|9\n|\n|t:|1700168008\n|move|p1a: Zapdos|Roost|p1a: Zapdos\n|-heal|p1a: Zapdos|97\/100\n|-singleturn|p1a: Zapdos|move: Roost\n|move|p2a: Decidueye|Triple Arrows|p1a: Zapdos\n|-damage|p1a: Zapdos|51\/100\n|\n|upkeep\n|turn|10\n|\n|t:|1700168016\n|move|p1a: Zapdos|Heat Wave|p2a: Decidueye\n|-supereffective|p2a: Decidueye\n|-damage|p2a: Decidueye|65\/100\n|-enditem|p2a: Decidueye|Weakness Policy\n|-boost|p2a: Decidueye|atk|2|[from] item: Weakness Policy\n|-boost|p2a: Decidueye|spa|2|[from] item: Weakness Policy\n|move|p2a: Decidueye|Triple Arrows|p1a: Zapdos\n|-resisted|p1a: Zapdos\n|-damage|p1a: Zapdos|16\/100\n|-unboost|p1a: Zapdos|def|1\n|\n|upkeep\n|turn|11\n|\n|t:|1700168037\n|move|p1a: Zapdos|Hurricane|p2a: Decidueye\n|-resisted|p2a: Decidueye\n|-damage|p2a: Decidueye|50\/100\n|move|p2a: Decidueye|Trailblaze|p1a: Zapdos\n|-resisted|p1a: Zapdos\n|-damage|p1a: Zapdos|0 fnt\n|-boost|p2a: Decidueye|spe|1\n|faint|p1a: Zapdos\n|\n|upkeep\n|inactive|JiR0k has 120 seconds left.\n|\n|t:|1700168064\n|switch|p1a: Iron Moth|Iron Moth|100\/100\n|-enditem|p1a: Iron Moth|Booster Energy\n|-activate|p1a: Iron Moth|ability: Quark Drive|[fromitem]\n|-start|p1a: Iron Moth|quarkdrivespe\n|turn|12\n|\n|t:|1700168072\n|switch|p2a: Ceruledge|Ceruledge, F|100\/100\n|move|p1a: Iron Moth|Fiery Dance|p2a: Ceruledge\n|-start|p2a: Ceruledge|ability: Flash Fire\n|\n|upkeep\n|turn|13\n|inactive|JiR0k has 120 seconds left.\n|\n|t:|1700168081\n|-end|p1a: Iron Moth|Quark Drive|[silent]\n|switch|p1a: Dondozo|Dondozo, M|100\/100\n|move|p2a: Ceruledge|Shadow Claw|p1a: Dondozo\n|-damage|p1a: Dondozo|79\/100\n|\n|-heal|p1a: Dondozo|85\/100|[from] item: Leftovers\n|upkeep\n|turn|14\n|\n|t:|1700168097\n|-end|p2a: Ceruledge|ability: Flash Fire|[silent]\n|switch|p2a: Sneasler|Sneasler, M|100\/100\n|move|p1a: Dondozo|Waterfall|p2a: Sneasler\n|-damage|p2a: Sneasler|53\/100\n|\n|-heal|p1a: Dondozo|91\/100|[from] item: Leftovers\n|upkeep\n|turn|15\n|\n|t:|1700168105\n|move|p2a: Sneasler|Dire Claw|p1a: Dondozo\n|-crit|p1a: Dondozo\n|-damage|p1a: Dondozo|53\/100\n|move|p1a: Dondozo|Waterfall|p2a: Sneasler\n|-damage|p2a: Sneasler|4\/100\n|\n|-heal|p1a: Dondozo|59\/100|[from] item: Leftovers\n|upkeep\n|turn|16\n|\n|t:|1700168113\n|move|p2a: Sneasler|Dire Claw|p1a: Dondozo\n|-damage|p1a: Dondozo|33\/100\n|-status|p1a: Dondozo|psn\n|move|p1a: Dondozo|Rest|p1a: Dondozo\n|-status|p1a: Dondozo|slp|[from] move: Rest\n|-heal|p1a: Dondozo|100\/100 slp|[silent]\n|\n|upkeep\n|turn|17\n|\n|t:|1700168123\n|switch|p2a: Walking Wake|Walking Wake|100\/100\n|cant|p1a: Dondozo|slp\n|move|p1a: Dondozo|Sleep Talk|p1a: Dondozo\n|move|p1a: Dondozo|Rest||[from]move: Sleep Talk|[still]\n|-fail|p1a: Dondozo\n|\n|upkeep\n|turn|18\n|\n|t:|1700168131\n|switch|p1a: Slowking|Slowking-Galar, F|100\/100 par\n|move|p2a: Walking Wake|Substitute|p2a: Walking Wake\n|-start|p2a: Walking Wake|Substitute\n|-damage|p2a: Walking Wake|76\/100\n|\n|-heal|p2a: Walking Wake|82\/100|[from] item: Leftovers\n|upkeep\n|turn|19\n|\n|t:|1700168139\n|move|p2a: Walking Wake|Hydro Steam|p1a: Slowking\n|-damage|p1a: Slowking|72\/100 par\n|cant|p1a: Slowking|par\n|\n|-heal|p2a: Walking Wake|88\/100|[from] item: Leftovers\n|upkeep\n|turn|20\n|\n|t:|1700168147\n|move|p2a: Walking Wake|Dragon Pulse|p1a: Slowking\n|-damage|p1a: Slowking|44\/100 par\n|cant|p1a: Slowking|par\n|\n|-heal|p2a: Walking Wake|94\/100|[from] item: Leftovers\n|upkeep\n|turn|21\n|\n|t:|1700168158\n|move|p2a: Walking Wake|Dragon Pulse|p1a: Slowking\n|-damage|p1a: Slowking|17\/100 par\n|move|p1a: Slowking|Sludge Bomb|p2a: Walking Wake\n|-end|p2a: Walking Wake|Substitute\n|\n|-heal|p2a: Walking Wake|100\/100|[from] item: Leftovers\n|upkeep\n|turn|22\n|\n|t:|1700168171\n|switch|p1a: Rillaboom|Rillaboom, F|100\/100\n|-fieldstart|move: Grassy Terrain|[from] ability: Grassy Surge|[of] p1a: Rillaboom\n|move|p2a: Walking Wake|Substitute|p2a: Walking Wake\n|-start|p2a: Walking Wake|Substitute\n|-damage|p2a: Walking Wake|76\/100\n|\n|-heal|p2a: Walking Wake|82\/100|[from] Grassy Terrain\n|-heal|p2a: Walking Wake|88\/100|[from] item: Leftovers\n|upkeep\n|turn|23\n|\n|t:|1700168181\n|move|p1a: Rillaboom|Grassy Glide|p2a: Walking Wake\n|-end|p2a: Walking Wake|Substitute\n|move|p2a: Walking Wake|Flamethrower|p1a: Rillaboom\n|-supereffective|p1a: Rillaboom\n|-damage|p1a: Rillaboom|26\/100\n|-status|p1a: Rillaboom|brn\n|\n|-heal|p2a: Walking Wake|94\/100|[from] Grassy Terrain\n|-heal|p2a: Walking Wake|100\/100|[from] item: Leftovers\n|-heal|p1a: Rillaboom|32\/100 brn|[from] Grassy Terrain\n|-damage|p1a: Rillaboom|26\/100 brn|[from] brn\n|upkeep\n|turn|24\n|\n|t:|1700168193\n|move|p1a: Rillaboom|Grassy Glide|p2a: Walking Wake\n|-damage|p2a: Walking Wake|67\/100\n|move|p2a: Walking Wake|Substitute|p2a: Walking Wake\n|-start|p2a: Walking Wake|Substitute\n|-damage|p2a: Walking Wake|42\/100\n|\n|-heal|p2a: Walking Wake|48\/100|[from] Grassy Terrain\n|-heal|p2a: Walking Wake|54\/100|[from] item: Leftovers\n|-heal|p1a: Rillaboom|32\/100 brn|[from] Grassy Terrain\n|-damage|p1a: Rillaboom|26\/100 brn|[from] brn\n|upkeep\n|turn|25\n|\n|t:|1700168217\n|move|p1a: Rillaboom|Grassy Glide|p2a: Walking Wake\n|-end|p2a: Walking Wake|Substitute\n|move|p2a: Walking Wake|Flamethrower|p1a: Rillaboom\n|-supereffective|p1a: Rillaboom\n|-damage|p1a: Rillaboom|0 fnt\n|faint|p1a: Rillaboom\n|\n|-heal|p2a: Walking Wake|61\/100|[from] Grassy Terrain\n|-heal|p2a: Walking Wake|67\/100|[from] item: Leftovers\n|upkeep\n|\n|t:|1700168225\n|switch|p1a: Iron Moth|Iron Moth|100\/100\n|turn|26\n|\n|t:|1700168237\n|-end|p2a: Walking Wake|Protosynthesis|[silent]\n|switch|p2a: Sneasler|Sneasler, M|4\/100\n|move|p1a: Iron Moth|Dazzling Gleam|p2a: Sneasler\n|-damage|p2a: Sneasler|0 fnt\n|faint|p2a: Sneasler\n|\n|-fieldend|move: Grassy Terrain\n|upkeep\n|\n|t:|1700168256\n|switch|p2a: Ceruledge|Ceruledge, F|100\/100\n|turn|27\n|\n|t:|1700168270\n|move|p1a: Iron Moth|Sludge Wave|p2a: Ceruledge\n|-resisted|p2a: Ceruledge\n|-damage|p2a: Ceruledge|74\/100\n|move|p2a: Ceruledge|Flame Charge|p1a: Iron Moth\n|-resisted|p1a: Iron Moth\n|-damage|p1a: Iron Moth|80\/100\n|-boost|p2a: Ceruledge|spe|1\n|\n|-heal|p2a: Ceruledge|80\/100|[from] item: Leftovers\n|upkeep\n|turn|28\n|\n|t:|1700168279\n|-end|p1a: Iron Moth|Quark Drive|[silent]\n|switch|p1a: Dondozo|Dondozo, M|100\/100 slp\n|move|p2a: Ceruledge|Shadow Claw|p1a: Dondozo\n|-damage|p1a: Dondozo|79\/100 slp\n|\n|-heal|p2a: Ceruledge|86\/100|[from] item: Leftovers\n|-heal|p1a: Dondozo|85\/100 slp|[from] item: Leftovers\n|upkeep\n|turn|29\n|\n|t:|1700168287\n|switch|p2a: Walking Wake|Walking Wake|67\/100\n|cant|p1a: Dondozo|slp\n|move|p1a: Dondozo|Sleep Talk|p1a: Dondozo\n|move|p1a: Dondozo|Rest||[from]move: Sleep Talk|[still]\n|-fail|p1a: Dondozo\n|\n|-heal|p2a: Walking Wake|73\/100|[from] item: Leftovers\n|-heal|p1a: Dondozo|91\/100 slp|[from] item: Leftovers\n|upkeep\n|turn|30\n|\n|t:|1700168299\n|move|p2a: Walking Wake|Substitute|p2a: Walking Wake\n|-start|p2a: Walking Wake|Substitute\n|-damage|p2a: Walking Wake|48\/100\n|-curestatus|p1a: Dondozo|slp|[msg]\n|move|p1a: Dondozo|Sleep Talk||[still]\n|-fail|p1a: Dondozo\n|\n|-heal|p2a: Walking Wake|54\/100|[from] item: Leftovers\n|-heal|p1a: Dondozo|97\/100|[from] item: Leftovers\n|upkeep\n|turn|31\n|\n|t:|1700168307\n|move|p2a: Walking Wake|Dragon Pulse|p1a: Dondozo\n|-crit|p1a: Dondozo\n|-damage|p1a: Dondozo|50\/100\n|move|p1a: Dondozo|Curse|p1a: Dondozo\n|-unboost|p1a: Dondozo|spe|1\n|-boost|p1a: Dondozo|atk|1\n|-boost|p1a: Dondozo|def|1\n|\n|-heal|p2a: Walking Wake|61\/100|[from] item: Leftovers\n|-heal|p1a: Dondozo|56\/100|[from] item: Leftovers\n|upkeep\n|turn|32\n|\n|t:|1700168320\n|move|p2a: Walking Wake|Dragon Pulse|p1a: Dondozo\n|-damage|p1a: Dondozo|22\/100\n|move|p1a: Dondozo|Rest|p1a: Dondozo\n|-status|p1a: Dondozo|slp|[from] move: Rest\n|-heal|p1a: Dondozo|100\/100 slp|[silent]\n|\n|-heal|p2a: Walking Wake|67\/100|[from] item: Leftovers\n|upkeep\n|turn|33\n|\n|t:|1700168341\n|switch|p1a: Iron Moth|Iron Moth|80\/100\n|move|p2a: Walking Wake|Dragon Pulse|p1a: Iron Moth\n|-damage|p1a: Iron Moth|36\/100\n|\n|-heal|p2a: Walking Wake|73\/100|[from] item: Leftovers\n|upkeep\n|turn|34\n|\n|t:|1700168350\n|move|p1a: Iron Moth|Dazzling Gleam|p2a: Walking Wake\n|-supereffective|p2a: Walking Wake\n|-end|p2a: Walking Wake|Substitute\n|move|p2a: Walking Wake|Hydro Steam|p1a: Iron Moth\n|-supereffective|p1a: Iron Moth\n|-damage|p1a: Iron Moth|0 fnt\n|faint|p1a: Iron Moth\n|-end|p1a: Iron Moth|Quark Drive|[silent]\n|\n|-heal|p2a: Walking Wake|79\/100|[from] item: Leftovers\n|upkeep\n|\n|t:|1700168355\n|switch|p1a: Great Tusk|Great Tusk|100\/100\n|turn|35\n|\n|t:|1700168372\n|-end|p2a: Walking Wake|Protosynthesis|[silent]\n|switch|p2a: Great Tusk|Great Tusk|100\/100\n|-terastallize|p1a: Great Tusk|Poison\n|move|p1a: Great Tusk|Ice Spinner|p2a: Great Tusk\n|-supereffective|p2a: Great Tusk\n|-damage|p2a: Great Tusk|57\/100\n|\n|upkeep\n|turn|36\n|\n|t:|1700168381\n|move|p2a: Great Tusk|Headlong Rush|p1a: Great Tusk\n|-supereffective|p1a: Great Tusk\n|-damage|p1a: Great Tusk|3\/100\n|-unboost|p2a: Great Tusk|def|1\n|-unboost|p2a: Great Tusk|spd|1\n|move|p1a: Great Tusk|Ice Spinner|p2a: Great Tusk\n|-supereffective|p2a: Great Tusk\n|-damage|p2a: Great Tusk|0 fnt\n|faint|p2a: Great Tusk\n|-end|p2a: Great Tusk|Protosynthesis|[silent]\n|\n|upkeep\n|\n|t:|1700168402\n|switch|p2a: Walking Wake|Walking Wake|79\/100\n|turn|37\n|\n|t:|1700168406\n|move|p2a: Walking Wake|Hydro Steam|p1a: Great Tusk\n|-damage|p1a: Great Tusk|0 fnt\n|faint|p1a: Great Tusk\n|-end|p1a: Great Tusk|Protosynthesis|[silent]\n|\n|-heal|p2a: Walking Wake|85\/100|[from] item: Leftovers\n|upkeep\n|\n|t:|1700168408\n|switch|p1a: Slowking|Slowking-Galar, F|51\/100 par\n|turn|38\n|\n|t:|1700168415\n|move|p2a: Walking Wake|Hydro Steam|p1a: Slowking\n|-damage|p1a: Slowking|26\/100 par\n|move|p1a: Slowking|Sludge Bomb|p2a: Walking Wake\n|-damage|p2a: Walking Wake|38\/100\n|\n|-heal|p2a: Walking Wake|44\/100|[from] item: Leftovers\n|upkeep\n|turn|39\n|\n|t:|1700168423\n|move|p2a: Walking Wake|Dragon Pulse|p1a: Slowking\n|-damage|p1a: Slowking|0 fnt\n|faint|p1a: Slowking\n|\n|-heal|p2a: Walking Wake|51\/100|[from] item: Leftovers\n|upkeep\n|\n|t:|1700168426\n|switch|p1a: Dondozo|Dondozo, M|100\/100 slp\n|turn|40\n|\n|t:|1700168433\n|move|p2a: Walking Wake|Dragon Pulse|p1a: Dondozo\n|-crit|p1a: Dondozo\n|-damage|p1a: Dondozo|51\/100 slp\n|cant|p1a: Dondozo|slp\n|move|p1a: Dondozo|Sleep Talk|p1a: Dondozo\n|move|p1a: Dondozo|Waterfall|p2a: Walking Wake|[from]move: Sleep Talk\n|-resisted|p2a: Walking Wake\n|-damage|p2a: Walking Wake|43\/100\n|\n|-heal|p2a: Walking Wake|49\/100|[from] item: Leftovers\n|-heal|p1a: Dondozo|57\/100 slp|[from] item: Leftovers\n|upkeep\n|turn|41\n|-message|JiR0k forfeited.\n|\n|win|Kantonian Ash\n|raw|JiR0k's rating: 1386 &rarr; <strong>1362<\/strong><br \/>(-24 for losing)\n|raw|Kantonian Ash's rating: 1315 &rarr; <strong>1339<\/strong><br \/>(+24 for winning)\n|l|\u2606JiR0k\n","uploadtime":1700168462,"views":7,"p1id":"jir0k","p2id":"kantonianash","formatid":"gen9ou","rating":1339,"private":0,"password":""}