{"id":"gen9ou-1990788612","p1":"ShinyLibby","p2":"CyberH3","format":"[Gen 9] OU","log":"|j|\u2606ShinyLibby\n|j|\u2606CyberH3\n|t:|1700000940\n|gametype|singles\n|player|p1|ShinyLibby|brycenman|1261\n|player|p2|CyberH3|mars|1300\n|teamsize|p1|6\n|teamsize|p2|6\n|gen|9\n|tier|[Gen 9] OU\n|rated|\n|rule|Sleep Clause Mod: Limit one foe put to sleep\n|rule|Species Clause: Limit one of each Pok\u00e9mon\n|rule|OHKO Clause: OHKO moves are banned\n|rule|Evasion Items Clause: Evasion items are banned\n|rule|Evasion Moves Clause: Evasion moves are banned\n|rule|Endless Battle Clause: Forcing endless battles is banned\n|rule|HP Percentage Mod: HP is shown in percentages\n|clearpoke\n|poke|p1|Glimmora, M|\n|poke|p1|Ceruledge, F|\n|poke|p1|Ogerpon-Wellspring, F|\n|poke|p1|Kingambit, F|\n|poke|p1|Dragonite, M|\n|poke|p1|Enamorus, F|\n|poke|p2|Goodra-Hisui, F|\n|poke|p2|Scizor, M|\n|poke|p2|Mimikyu, F|\n|poke|p2|Grafaiai, F|\n|poke|p2|Azelf|\n|poke|p2|Dragapult, F|\n|teampreview\n|inactive|Battle timer is ON: inactive players will automatically lose when time's up. (requested by ShinyLibby)\n|\n|t:|1700000950\n|start\n|switch|p1a: Ogerpon|Ogerpon-Wellspring, F|100\/100\n|switch|p2a: bettel explodes|Azelf|100\/100\n|turn|1\n|\n|t:|1700000959\n|move|p2a: bettel explodes|Flamethrower|p1a: Ogerpon\n|-damage|p1a: Ogerpon|47\/100\n|move|p1a: Ogerpon|Power Whip|p2a: bettel explodes\n|-damage|p2a: bettel explodes|0 fnt\n|faint|p2a: bettel explodes\n|\n|upkeep\n|\n|t:|1700000968\n|switch|p2a: KIRYU|Dragapult, F|100\/100\n|turn|2\n|\n|t:|1700000974\n|switch|p1a: Enamorus|Enamorus, F|100\/100\n|move|p2a: KIRYU|U-turn|p1a: Enamorus\n|-resisted|p1a: Enamorus\n|-damage|p1a: Enamorus|86\/100\n|\n|t:|1700000978\n|switch|p2a: Snailtare|Goodra-Hisui, F|100\/100|[from] U-turn\n|\n|upkeep\n|turn|3\n|\n|t:|1700000989\n|move|p1a: Enamorus|Mystical Fire|p2a: Snailtare\n|-damage|p2a: Snailtare|84\/100\n|-unboost|p2a: Snailtare|spa|1\n|move|p2a: Snailtare|Ice Beam|p1a: Enamorus\n|-supereffective|p1a: Enamorus\n|-damage|p1a: Enamorus|31\/100\n|\n|-heal|p2a: Snailtare|90\/100|[from] item: Leftovers\n|upkeep\n|turn|4\n|\n|t:|1700001000\n|switch|p1a: Kingambit|Kingambit, F|100\/100\n|switch|p2a: Eat With Scissors|Scizor, M|100\/100\n|\n|upkeep\n|turn|5\n|\n|t:|1700001007\n|move|p1a: Kingambit|Kowtow Cleave|p2a: Eat With Scissors\n|-damage|p2a: Eat With Scissors|48\/100\n|move|p2a: Eat With Scissors|Knock Off|p1a: Kingambit\n|-resisted|p1a: Kingambit\n|-damage|p1a: Kingambit|78\/100\n|-enditem|p1a: Kingambit|Black Glasses|[from] move: Knock Off|[of] p2a: Eat With Scissors\n|-damage|p2a: Eat With Scissors|38\/100|[from] item: Life Orb\n|\n|upkeep\n|turn|6\n|inactive|ShinyLibby has 120 seconds left.\n|\n|t:|1700001039\n|switch|p2a: Snailtare|Goodra-Hisui, F|90\/100\n|move|p1a: Kingambit|Kowtow Cleave|p2a: Snailtare\n|-damage|p2a: Snailtare|45\/100\n|\n|-heal|p2a: Snailtare|51\/100|[from] item: Leftovers\n|upkeep\n|turn|7\n|\n|t:|1700001043\n|move|p2a: Snailtare|Protect|p2a: Snailtare\n|-singleturn|p2a: Snailtare|Protect\n|move|p1a: Kingambit|Kowtow Cleave|p2a: Snailtare\n|-activate|p2a: Snailtare|move: Protect\n|\n|-heal|p2a: Snailtare|57\/100|[from] item: Leftovers\n|upkeep\n|turn|8\n|\n|t:|1700001046\n|move|p1a: Kingambit|Kowtow Cleave|p2a: Snailtare\n|-damage|p2a: Snailtare|11\/100\n|move|p2a: Snailtare|Hydro Pump|p1a: Kingambit\n|-damage|p1a: Kingambit|34\/100\n|\n|-heal|p2a: Snailtare|18\/100|[from] item: Leftovers\n|upkeep\n|turn|9\n|\n|t:|1700001060\n|move|p1a: Kingambit|Swords Dance|p1a: Kingambit\n|-boost|p1a: Kingambit|atk|2\n|move|p2a: Snailtare|Hydro Pump|p1a: Kingambit\n|-damage|p1a: Kingambit|0 fnt\n|faint|p1a: Kingambit\n|-end|p1a: Kingambit|fallenundefined|[silent]\n|\n|-heal|p2a: Snailtare|24\/100|[from] item: Leftovers\n|upkeep\n|\n|t:|1700001067\n|switch|p1a: Ceruledge|Ceruledge, F|100\/100\n|turn|10\n|\n|t:|1700001071\n|move|p1a: Ceruledge|Swords Dance|p1a: Ceruledge\n|-boost|p1a: Ceruledge|atk|2\n|move|p2a: Snailtare|Hydro Pump|p1a: Ceruledge\n|-supereffective|p1a: Ceruledge\n|-damage|p1a: Ceruledge|10\/100\n|\n|-heal|p2a: Snailtare|30\/100|[from] item: Leftovers\n|upkeep\n|turn|11\n|\n|t:|1700001081\n|move|p2a: Snailtare|Protect|p2a: Snailtare\n|-singleturn|p2a: Snailtare|Protect\n|move|p1a: Ceruledge|Bitter Blade|p2a: Snailtare\n|-activate|p2a: Snailtare|move: Protect\n|\n|-heal|p2a: Snailtare|36\/100|[from] item: Leftovers\n|upkeep\n|turn|12\n|\n|t:|1700001088\n|switch|p2a: KIRYU|Dragapult, F|100\/100\n|move|p1a: Ceruledge|Bitter Blade|p2a: KIRYU\n|-resisted|p2a: KIRYU\n|-damage|p2a: KIRYU|37\/100\n|-heal|p1a: Ceruledge|44\/100|[from] drain|[of] p2a: KIRYU\n|\n|upkeep\n|turn|13\n|\n|t:|1700001092\n|move|p1a: Ceruledge|Shadow Sneak|p2a: KIRYU\n|-supereffective|p2a: KIRYU\n|-damage|p2a: KIRYU|0 fnt\n|faint|p2a: KIRYU\n|\n|upkeep\n|\n|t:|1700001100\n|switch|p2a: OHAYOLLIE|Mimikyu, F|100\/100\n|turn|14\n|\n|t:|1700001102\n|move|p2a: OHAYOLLIE|Shadow Sneak|p1a: Ceruledge\n|-supereffective|p1a: Ceruledge\n|-damage|p1a: Ceruledge|0 fnt\n|faint|p1a: Ceruledge\n|-damage|p2a: OHAYOLLIE|91\/100|[from] item: Life Orb\n|\n|upkeep\n|\n|t:|1700001108\n|switch|p1a: Glimmora|Glimmora, M|100\/100\n|turn|15\n|\n|t:|1700001113\n|switch|p2a: Snailtare|Goodra-Hisui, F|36\/100\n|move|p1a: Glimmora|Mortal Spin|p2a: Snailtare\n|-immune|p2a: Snailtare\n|\n|-heal|p2a: Snailtare|42\/100|[from] item: Leftovers\n|upkeep\n|turn|16\n|\n|t:|1700001117\n|switch|p1a: Enamorus|Enamorus, F|31\/100\n|move|p2a: Snailtare|Ice Beam|p1a: Enamorus\n|-supereffective|p1a: Enamorus\n|-damage|p1a: Enamorus|0 fnt\n|faint|p1a: Enamorus\n|\n|-heal|p2a: Snailtare|48\/100|[from] item: Leftovers\n|upkeep\n|\n|t:|1700001126\n|switch|p1a: Dragonite|Dragonite, M|100\/100\n|turn|17\n|\n|t:|1700001130\n|-terastallize|p1a: Dragonite|Normal\n|move|p1a: Dragonite|Dragon Dance|p1a: Dragonite\n|-boost|p1a: Dragonite|atk|1\n|-boost|p1a: Dragonite|spe|1\n|move|p2a: Snailtare|Ice Beam|p1a: Dragonite\n|-damage|p1a: Dragonite|84\/100\n|\n|-heal|p2a: Snailtare|54\/100|[from] item: Leftovers\n|upkeep\n|turn|18\n|\n|t:|1700001138\n|move|p1a: Dragonite|Dragon Dance|p1a: Dragonite\n|-boost|p1a: Dragonite|atk|1\n|-boost|p1a: Dragonite|spe|1\n|move|p2a: Snailtare|Draco Meteor|p1a: Dragonite\n|-crit|p1a: Dragonite\n|-damage|p1a: Dragonite|0 fnt\n|-unboost|p2a: Snailtare|spa|2\n|faint|p1a: Dragonite\n|\n|-heal|p2a: Snailtare|60\/100|[from] item: Leftovers\n|upkeep\n|-message|ShinyLibby forfeited.\n|\n|win|CyberH3\n|raw|ShinyLibby's rating: 1261 &rarr; <strong>1239<\/strong><br \/>(-22 for losing)\n|raw|CyberH3's rating: 1300 &rarr; <strong>1322<\/strong><br \/>(+22 for winning)\n|l|\u2606ShinyLibby\n","uploadtime":1700001149,"views":15,"p1id":"shinylibby","p2id":"cyberh3","formatid":"gen9ou","rating":1239,"private":0,"password":""}