{"id":"gen9ou-1996506310","p1":"whitepikmin","p2":"sweetac","format":"[Gen 9] OU","log":"|j|\u203dwhitepikmin\n|j|\u2606sweetac\n|t:|1700688677\n|gametype|singles\n|player|p1|whitepikmin|wallace|1163\n|player|p2|sweetac|li|1218\n|teamsize|p1|6\n|teamsize|p2|6\n|gen|9\n|tier|[Gen 9] OU\n|rated|\n|rule|Sleep Clause Mod: Limit one foe put to sleep\n|rule|Species Clause: Limit one of each Pok\u00e9mon\n|rule|OHKO Clause: OHKO moves are banned\n|rule|Evasion Items Clause: Evasion items are banned\n|rule|Evasion Moves Clause: Evasion moves are banned\n|rule|Endless Battle Clause: Forcing endless battles is banned\n|rule|HP Percentage Mod: HP is shown in percentages\n|clearpoke\n|poke|p1|Weezing-Galar, M|\n|poke|p1|Iron Valiant|\n|poke|p1|Scream Tail|\n|poke|p1|Armarouge, M|\n|poke|p1|Slowking-Galar, M|\n|poke|p1|Ogerpon-Wellspring, F|\n|poke|p2|Alomomola, M|\n|poke|p2|Tornadus-Therian, M|\n|poke|p2|Amoonguss, M|\n|poke|p2|Mienshao, M|\n|poke|p2|Toxapex, F|\n|poke|p2|Slowbro-Galar, F|\n|teampreview\n|\n|t:|1700688695\n|start\n|switch|p1a: Scream Tail|Scream Tail|100\/100\n|switch|p2a: Mienshao|Mienshao, M|100\/100\n|turn|1\n|\n|t:|1700688702\n|switch|p2a: Toxapex|Toxapex, F|100\/100\n|move|p1a: Scream Tail|Reflect|p1a: Scream Tail\n|-sidestart|p1: whitepikmin|Reflect\n|\n|upkeep\n|turn|2\n|\n|t:|1700688705\n|move|p1a: Scream Tail|Stealth Rock|p2a: Toxapex\n|-sidestart|p2: sweetac|move: Stealth Rock\n|move|p2a: Toxapex|Infestation|p1a: Scream Tail\n|-damage|p1a: Scream Tail|98\/100\n|-activate|p1a: Scream Tail|move: Infestation|[of] p2a: Toxapex\n|\n|-damage|p1a: Scream Tail|85\/100|[from] move: Infestation|[partiallytrapped]\n|upkeep\n|turn|3\n|\n|t:|1700688709\n|move|p1a: Scream Tail|Encore|p2a: Toxapex\n|-start|p2a: Toxapex|Encore\n|move|p2a: Toxapex|Infestation|p1a: Scream Tail\n|-damage|p1a: Scream Tail|82\/100\n|\n|-damage|p1a: Scream Tail|69\/100|[from] move: Infestation|[partiallytrapped]\n|upkeep\n|turn|4\n|\n|t:|1700688714\n|move|p1a: Scream Tail|Light Screen|p1a: Scream Tail\n|-sidestart|p1: whitepikmin|move: Light Screen\n|move|p2a: Toxapex|Infestation|p1a: Scream Tail\n|-damage|p1a: Scream Tail|68\/100\n|\n|-damage|p1a: Scream Tail|55\/100|[from] move: Infestation|[partiallytrapped]\n|upkeep\n|turn|5\n|\n|t:|1700688738\n|move|p1a: Scream Tail|Reflect||[still]\n|-fail|p1a: Scream Tail\n|move|p2a: Toxapex|Infestation|p1a: Scream Tail\n|-crit|p1a: Scream Tail\n|-damage|p1a: Scream Tail|50\/100\n|\n|-damage|p1a: Scream Tail|37\/100|[from] move: Infestation|[partiallytrapped]\n|-end|p2a: Toxapex|Encore\n|upkeep\n|turn|6\n|\n|t:|1700688744\n|move|p1a: Scream Tail|Reflect||[still]\n|-fail|p1a: Scream Tail\n|move|p2a: Toxapex|Sludge Bomb|p1a: Scream Tail\n|-supereffective|p1a: Scream Tail\n|-damage|p1a: Scream Tail|17\/100\n|\n|-damage|p1a: Scream Tail|4\/100|[from] move: Infestation|[partiallytrapped]\n|upkeep\n|turn|7\n|\n|t:|1700688746\n|move|p1a: Scream Tail|Reflect||[still]\n|-fail|p1a: Scream Tail\n|move|p2a: Toxapex|Acid Spray|p1a: Scream Tail\n|-supereffective|p1a: Scream Tail\n|-damage|p1a: Scream Tail|0 fnt\n|faint|p1a: Scream Tail\n|-end|p1a: Scream Tail|Protosynthesis|[silent]\n|\n|upkeep\n|\n|t:|1700688760\n|switch|p1a: Iron Valiant|Iron Valiant|100\/100\n|-enditem|p1a: Iron Valiant|Booster Energy\n|-activate|p1a: Iron Valiant|ability: Quark Drive|[fromitem]\n|-start|p1a: Iron Valiant|quarkdrivespe\n|turn|8\n|\n|t:|1700688777\n|-terastallize|p2a: Toxapex|Fairy\n|move|p1a: Iron Valiant|Substitute|p1a: Iron Valiant\n|-start|p1a: Iron Valiant|Substitute\n|-damage|p1a: Iron Valiant|76\/100\n|move|p2a: Toxapex|Infestation|p1a: Iron Valiant\n|-resisted|p1a: Iron Valiant\n|-activate|p1a: Iron Valiant|move: Substitute|[damage]\n|\n|-sideend|p1: whitepikmin|Reflect\n|upkeep\n|turn|9\n|\n|t:|1700688787\n|move|p1a: Iron Valiant|Swords Dance|p1a: Iron Valiant\n|-boost|p1a: Iron Valiant|atk|2\n|move|p2a: Toxapex|Sludge Bomb|p1a: Iron Valiant\n|-supereffective|p1a: Iron Valiant\n|-end|p1a: Iron Valiant|Substitute\n|\n|upkeep\n|turn|10\n|\n|t:|1700688798\n|-terastallize|p1a: Iron Valiant|Fairy\n|move|p1a: Iron Valiant|Spirit Break|p2a: Toxapex\n|-damage|p2a: Toxapex|15\/100\n|-unboost|p2a: Toxapex|spa|1\n|move|p2a: Toxapex|Sludge Bomb|p1a: Iron Valiant\n|-supereffective|p1a: Iron Valiant\n|-damage|p1a: Iron Valiant|40\/100\n|-status|p1a: Iron Valiant|psn\n|\n|-damage|p1a: Iron Valiant|28\/100 psn|[from] psn\n|upkeep\n|turn|11\n|\n|t:|1700688820\n|switch|p2a: Amoonguss|Amoonguss, M|100\/100\n|-damage|p2a: Amoonguss|88\/100|[from] Stealth Rock\n|move|p1a: Iron Valiant|Spirit Break|p2a: Amoonguss\n|-resisted|p2a: Amoonguss\n|-damage|p2a: Amoonguss|48\/100\n|-unboost|p2a: Amoonguss|spa|1\n|-damage|p1a: Iron Valiant|11\/100 psn|[from] item: Rocky Helmet|[of] p2a: Amoonguss\n|\n|-damage|p1a: Iron Valiant|0 fnt|[from] psn\n|faint|p1a: Iron Valiant\n|-end|p1a: Iron Valiant|Quark Drive|[silent]\n|-sideend|p1: whitepikmin|move: Light Screen\n|upkeep\n|\n|t:|1700688841\n|switch|p1a: Armarouge|Armarouge, M|100\/100\n|turn|12\n|\n|t:|1700688853\n|switch|p2a: Alomomola|Alomomola, M|100\/100\n|move|p1a: Armarouge|Armor Cannon|p2a: Alomomola\n|-resisted|p2a: Alomomola\n|-damage|p2a: Alomomola|63\/100\n|-unboost|p1a: Armarouge|def|1\n|-unboost|p1a: Armarouge|spd|1\n|\n|upkeep\n|turn|13\n|\n|t:|1700688863\n|switch|p1a: Weezing|Weezing-Galar, M, shiny|100\/100\n|move|p2a: Alomomola|Chilling Water|p1a: Weezing\n|-damage|p1a: Weezing|89\/100\n|-unboost|p1a: Weezing|atk|1\n|\n|-heal|p1a: Weezing|95\/100|[from] item: Black Sludge\n|upkeep\n|turn|14\n|\n|t:|1700688879\n|switch|p2a: Slowbro|Slowbro-Galar, F|100\/100\n|-damage|p2a: Slowbro|88\/100|[from] Stealth Rock\n|move|p1a: Weezing|Toxic|p2a: Slowbro\n|-immune|p2a: Slowbro\n|\n|-heal|p1a: Weezing|100\/100|[from] item: Black Sludge\n|upkeep\n|turn|15\n|\n|t:|1700688891\n|move|p1a: Weezing|Protect|p1a: Weezing\n|-singleturn|p1a: Weezing|Protect\n|move|p2a: Slowbro|Shell Side Arm|p1a: Weezing|[anim] Shell Side Arm Special\n|-activate|p1a: Weezing|move: Protect\n|\n|upkeep\n|turn|16\n|\n|t:|1700688896\n|switch|p1a: Armarouge|Armarouge, M|100\/100\n|move|p2a: Slowbro|Earthquake|p1a: Armarouge\n|-supereffective|p1a: Armarouge\n|-damage|p1a: Armarouge|56\/100\n|-ability|p1a: Armarouge|Weak Armor|boost\n|-unboost|p1a: Armarouge|def|1\n|-boost|p1a: Armarouge|spe|2\n|\n|upkeep\n|turn|17\n|\n|t:|1700688907\n|move|p1a: Armarouge|Psychic|p2a: Slowbro\n|-damage|p2a: Slowbro|59\/100\n|move|p2a: Slowbro|Earthquake|p1a: Armarouge\n|-supereffective|p1a: Armarouge\n|-damage|p1a: Armarouge|0 fnt\n|faint|p1a: Armarouge\n|\n|upkeep\n|\n|t:|1700688912\n|switch|p1a: Ogerpon|Ogerpon-Wellspring, F|100\/100\n|turn|18\n|\n|t:|1700688922\n|move|p1a: Ogerpon|Encore|p2a: Slowbro\n|-start|p2a: Slowbro|Encore\n|move|p2a: Slowbro|Earthquake|p1a: Ogerpon\n|-resisted|p1a: Ogerpon\n|-damage|p1a: Ogerpon|86\/100\n|\n|upkeep\n|turn|19\n|\n|t:|1700688935\n|switch|p2a: Amoonguss|Amoonguss, M|81\/100\n|-damage|p2a: Amoonguss|69\/100|[from] Stealth Rock\n|move|p1a: Ogerpon|Swords Dance|p1a: Ogerpon\n|-boost|p1a: Ogerpon|atk|2\n|\n|upkeep\n|turn|20\n|\n|t:|1700688957\n|move|p1a: Ogerpon|Ivy Cudgel|p2a: Amoonguss|[anim] Ivy Cudgel Water\n|-resisted|p2a: Amoonguss\n|-damage|p2a: Amoonguss|22\/100\n|move|p2a: Amoonguss|Foul Play|p1a: Ogerpon\n|-damage|p1a: Ogerpon|3\/100\n|\n|upkeep\n|turn|21\n|\n|t:|1700688975\n|move|p1a: Ogerpon|Ivy Cudgel|p2a: Amoonguss|[anim] Ivy Cudgel Water\n|-resisted|p2a: Amoonguss\n|-damage|p2a: Amoonguss|0 fnt\n|faint|p2a: Amoonguss\n|\n|upkeep\n|\n|t:|1700688986\n|switch|p2a: Tornadus|Tornadus-Therian, M|100\/100\n|turn|22\n|\n|t:|1700688998\n|switch|p1a: Slowking|Slowking-Galar, M, shiny|100\/100\n|move|p2a: Tornadus|Grass Knot|p1a: Slowking\n|-resisted|p1a: Slowking\n|-damage|p1a: Slowking|93\/100\n|\n|upkeep\n|turn|23\n|\n|t:|1700689030\n|switch|p2a: Alomomola|Alomomola, M|97\/100\n|move|p1a: Slowking|Future Sight|p2a: Alomomola\n|-start|p1a: Slowking|move: Future Sight\n|\n|upkeep\n|turn|24\n|\n|t:|1700689035\n|switch|p1a: Weezing|Weezing-Galar, M, shiny|100\/100\n|move|p2a: Alomomola|Whirlpool|p1a: Weezing\n|-damage|p1a: Weezing|92\/100\n|-activate|p1a: Weezing|move: Whirlpool|[of] p2a: Alomomola\n|\n|-heal|p1a: Weezing|98\/100|[from] item: Black Sludge\n|-damage|p1a: Weezing|85\/100|[from] move: Whirlpool|[partiallytrapped]\n|upkeep\n|turn|25\n|\n|t:|1700689040\n|move|p1a: Weezing|Toxic|p2a: Alomomola\n|-status|p2a: Alomomola|tox\n|move|p2a: Alomomola|Chilling Water|p1a: Weezing\n|-damage|p1a: Weezing|74\/100\n|-unboost|p1a: Weezing|atk|1\n|\n|-end|p2a: Alomomola|move: Future Sight\n|-damage|p2a: Alomomola|41\/100 tox\n|-heal|p1a: Weezing|80\/100|[from] item: Black Sludge\n|-damage|p2a: Alomomola|35\/100 tox|[from] psn\n|-damage|p1a: Weezing|67\/100|[from] move: Whirlpool|[partiallytrapped]\n|upkeep\n|turn|26\n|\n|t:|1700689049\n|switch|p2a: Toxapex|Toxapex, F, tera:Fairy|48\/100\n|-damage|p2a: Toxapex|36\/100|[from] Stealth Rock\n|move|p1a: Weezing|Clear Smog|p2a: Toxapex\n|-supereffective|p2a: Toxapex\n|-crit|p2a: Toxapex\n|-damage|p2a: Toxapex|10\/100\n|-clearboost|p2a: Toxapex\n|\n|-heal|p1a: Weezing|73\/100|[from] item: Black Sludge\n|-end|p1a: Weezing|Whirlpool|[partiallytrapped]|[silent]\n|upkeep\n|turn|27\n|\n|t:|1700689055\n|switch|p2a: Alomomola|Alomomola, M|68\/100 tox\n|move|p1a: Weezing|Clear Smog|p2a: Alomomola\n|-damage|p2a: Alomomola|49\/100 tox\n|-clearboost|p2a: Alomomola\n|\n|-heal|p1a: Weezing|79\/100|[from] item: Black Sludge\n|-damage|p2a: Alomomola|43\/100 tox|[from] psn\n|upkeep\n|turn|28\n|\n|t:|1700689064\n|switch|p1a: Slowking|Slowking-Galar, M, shiny|100\/100\n|move|p2a: Alomomola|Wish|p2a: Alomomola\n|\n|-damage|p2a: Alomomola|31\/100 tox|[from] psn\n|upkeep\n|turn|29\n|\n|t:|1700689073\n|move|p2a: Alomomola|Whirlpool|p1a: Slowking|[miss]\n|-miss|p2a: Alomomola|p1a: Slowking\n|move|p1a: Slowking|Sludge Bomb|p2a: Alomomola\n|-damage|p2a: Alomomola|0 fnt\n|faint|p2a: Alomomola\n|\n|upkeep\n|\n|t:|1700689079\n|switch|p2a: Toxapex|Toxapex, F, tera:Fairy|43\/100\n|-damage|p2a: Toxapex|31\/100|[from] Stealth Rock\n|turn|30\n|\n|t:|1700689086\n|switch|p2a: Slowbro|Slowbro-Galar, F|92\/100\n|-damage|p2a: Slowbro|80\/100|[from] Stealth Rock\n|move|p1a: Slowking|Sludge Bomb|p2a: Slowbro\n|-resisted|p2a: Slowbro\n|-damage|p2a: Slowbro|71\/100\n|\n|upkeep\n|turn|31\n|\n|t:|1700689094\n|move|p1a: Slowking|Future Sight|p2a: Slowbro\n|-start|p1a: Slowking|move: Future Sight\n|move|p2a: Slowbro|Earthquake|p1a: Slowking\n|-supereffective|p1a: Slowking\n|-damage|p1a: Slowking|56\/100\n|\n|upkeep\n|turn|32\n|\n|t:|1700689099\n|switch|p1a: Weezing|Weezing-Galar, M, shiny|79\/100\n|move|p2a: Slowbro|Earthquake|p1a: Weezing\n|-immune|p1a: Weezing|[from] ability: Levitate\n|\n|-heal|p1a: Weezing|85\/100|[from] item: Black Sludge\n|upkeep\n|turn|33\n|\n|t:|1700689110\n|switch|p2a: Tornadus|Tornadus-Therian, M|100\/100\n|move|p1a: Weezing|Clear Smog|p2a: Tornadus\n|-damage|p2a: Tornadus|81\/100\n|-clearboost|p2a: Tornadus\n|\n|-end|p2a: Tornadus|move: Future Sight\n|-damage|p2a: Tornadus|22\/100\n|-heal|p1a: Weezing|91\/100|[from] item: Black Sludge\n|upkeep\n|turn|34\n|\n|t:|1700689122\n|switch|p2a: Slowbro|Slowbro-Galar, F|100\/100\n|-damage|p2a: Slowbro|88\/100|[from] Stealth Rock\n|switch|p1a: Slowking|Slowking-Galar, M, shiny|90\/100\n|\n|upkeep\n|turn|35\n|\n|t:|1700689134\n|move|p1a: Slowking|Thunder Wave|p2a: Slowbro\n|-status|p2a: Slowbro|par\n|move|p2a: Slowbro|Earthquake|p1a: Slowking\n|-supereffective|p1a: Slowking\n|-damage|p1a: Slowking|42\/100\n|\n|upkeep\n|turn|36\n|\n|t:|1700689145\n|move|p1a: Slowking|Slack Off|p1a: Slowking\n|-heal|p1a: Slowking|92\/100\n|move|p2a: Slowbro|Earthquake|p1a: Slowking\n|-supereffective|p1a: Slowking\n|-damage|p1a: Slowking|41\/100\n|\n|upkeep\n|turn|37\n|\n|t:|1700689149\n|move|p1a: Slowking|Slack Off|p1a: Slowking\n|-heal|p1a: Slowking|91\/100\n|cant|p2a: Slowbro|par\n|\n|upkeep\n|turn|38\n|\n|t:|1700689157\n|move|p1a: Slowking|Future Sight|p2a: Slowbro\n|-start|p1a: Slowking|move: Future Sight\n|move|p2a: Slowbro|Zen Headbutt|p1a: Slowking\n|-damage|p1a: Slowking|60\/100\n|\n|upkeep\n|turn|39\n|\n|t:|1700689165\n|switch|p1a: Weezing|Weezing-Galar, M, shiny|91\/100\n|move|p2a: Slowbro|Zen Headbutt|p1a: Weezing\n|-supereffective|p1a: Weezing\n|-damage|p1a: Weezing|55\/100\n|\n|-heal|p1a: Weezing|61\/100|[from] item: Black Sludge\n|upkeep\n|turn|40\n|\n|t:|1700689179\n|switch|p1a: Slowking|Slowking-Galar, M, shiny|93\/100\n|move|p2a: Slowbro|Zen Headbutt|p1a: Slowking\n|-damage|p1a: Slowking|66\/100\n|\n|-end|p2a: Slowbro|move: Future Sight\n|-damage|p2a: Slowbro|63\/100 par\n|upkeep\n|turn|41\n|\n|t:|1700689185\n|move|p1a: Slowking|Future Sight|p2a: Slowbro\n|-start|p1a: Slowking|move: Future Sight\n|cant|p2a: Slowbro|par\n|\n|upkeep\n|turn|42\n|\n|t:|1700689200\n|move|p1a: Slowking|Slack Off|p1a: Slowking\n|-heal|p1a: Slowking|100\/100\n|move|p2a: Slowbro|Zen Headbutt|p1a: Slowking\n|-damage|p1a: Slowking|70\/100\n|\n|upkeep\n|turn|43\n|inactive|Battle timer is ON: inactive players will automatically lose when time's up. (requested by sweetac)\n|\n|t:|1700689217\n|move|p1a: Slowking|Sludge Bomb|p2a: Slowbro\n|-resisted|p2a: Slowbro\n|-damage|p2a: Slowbro|54\/100 par\n|cant|p2a: Slowbro|par\n|\n|-end|p2a: Slowbro|move: Future Sight\n|-damage|p2a: Slowbro|27\/100 par\n|upkeep\n|turn|44\n|\n|t:|1700689231\n|switch|p1a: Ogerpon|Ogerpon-Wellspring, F|3\/100\n|switch|p2a: Mienshao|Mienshao, M|100\/100\n|-damage|p2a: Mienshao|95\/100|[from] Stealth Rock\n|\n|upkeep\n|turn|45\n|\n|t:|1700689248\n|move|p1a: Ogerpon|Ivy Cudgel|p2a: Mienshao|[anim] Ivy Cudgel Water\n|-damage|p2a: Mienshao|0 fnt\n|faint|p2a: Mienshao\n|\n|upkeep\n|\n|t:|1700689251\n|switch|p2a: Tornadus|Tornadus-Therian, M|55\/100\n|turn|46\n|\n|t:|1700689255\n|switch|p1a: Slowking|Slowking-Galar, M, shiny|100\/100\n|move|p2a: Tornadus|Hurricane|p1a: Slowking|[miss]\n|-miss|p2a: Tornadus|p1a: Slowking\n|\n|upkeep\n|turn|47\n|\n|t:|1700689263\n|move|p2a: Tornadus|Hurricane|p1a: Slowking\n|-damage|p1a: Slowking|68\/100\n|move|p1a: Slowking|Future Sight|p2a: Tornadus\n|-start|p1a: Slowking|move: Future Sight\n|\n|upkeep\n|turn|48\n|\n|t:|1700689270\n|move|p2a: Tornadus|Hurricane|p1a: Slowking\n|-damage|p1a: Slowking|40\/100\n|-start|p1a: Slowking|confusion\n|-activate|p1a: Slowking|confusion\n|move|p1a: Slowking|Thunder Wave|p2a: Tornadus\n|-status|p2a: Tornadus|par\n|\n|upkeep\n|turn|49\n|\n|t:|1700689282\n|switch|p2a: Toxapex|Toxapex, F, tera:Fairy|65\/100\n|-damage|p2a: Toxapex|52\/100|[from] Stealth Rock\n|switch|p1a: Weezing|Weezing-Galar, M, shiny|61\/100\n|\n|-end|p2a: Toxapex|move: Future Sight\n|-damage|p2a: Toxapex|27\/100\n|-heal|p1a: Weezing|67\/100|[from] item: Black Sludge\n|upkeep\n|turn|50\n|\n|t:|1700689295\n|move|p1a: Weezing|Clear Smog|p2a: Toxapex\n|-supereffective|p2a: Toxapex\n|-damage|p2a: Toxapex|9\/100\n|-clearboost|p2a: Toxapex\n|move|p2a: Toxapex|Infestation|p1a: Weezing\n|-resisted|p1a: Weezing\n|-damage|p1a: Weezing|65\/100\n|-activate|p1a: Weezing|move: Infestation|[of] p2a: Toxapex\n|\n|-heal|p1a: Weezing|71\/100|[from] item: Black Sludge\n|-damage|p1a: Weezing|59\/100|[from] move: Infestation|[partiallytrapped]\n|upkeep\n|turn|51\n|\n|t:|1700689307\n|switch|p2a: Tornadus|Tornadus-Therian, M|88\/100 par\n|move|p1a: Weezing|Clear Smog|p2a: Tornadus\n|-damage|p2a: Tornadus|70\/100 par\n|-clearboost|p2a: Tornadus\n|\n|-heal|p1a: Weezing|65\/100|[from] item: Black Sludge\n|-end|p1a: Weezing|Infestation|[partiallytrapped]|[silent]\n|upkeep\n|turn|52\n|\n|t:|1700689314\n|move|p2a: Tornadus|Hurricane|p1a: Weezing|[miss]\n|-miss|p2a: Tornadus|p1a: Weezing\n|move|p1a: Weezing|Clear Smog|p2a: Tornadus\n|-damage|p2a: Tornadus|49\/100 par\n|-clearboost|p2a: Tornadus\n|\n|-heal|p1a: Weezing|71\/100|[from] item: Black Sludge\n|upkeep\n|turn|53\n|\n|t:|1700689317\n|switch|p1a: Slowking|Slowking-Galar, M, shiny|73\/100\n|move|p2a: Tornadus|Hurricane|p1a: Slowking\n|-damage|p1a: Slowking|46\/100\n|\n|upkeep\n|turn|54\n|\n|t:|1700689324\n|move|p2a: Tornadus|Nasty Plot|p2a: Tornadus\n|-boost|p2a: Tornadus|spa|2\n|move|p1a: Slowking|Slack Off|p1a: Slowking\n|-heal|p1a: Slowking|96\/100\n|\n|upkeep\n|turn|55\n|\n|t:|1700689330\n|cant|p2a: Tornadus|par\n|move|p1a: Slowking|Future Sight|p2a: Tornadus\n|-start|p1a: Slowking|move: Future Sight\n|\n|upkeep\n|turn|56\n|\n|t:|1700689336\n|switch|p1a: Weezing|Weezing-Galar, M, shiny|71\/100\n|cant|p2a: Tornadus|par\n|\n|-heal|p1a: Weezing|77\/100|[from] item: Black Sludge\n|upkeep\n|turn|57\n|\n|t:|1700689343\n|move|p2a: Tornadus|Hurricane|p1a: Weezing|[miss]\n|-miss|p2a: Tornadus|p1a: Weezing\n|move|p1a: Weezing|Clear Smog|p2a: Tornadus\n|-damage|p2a: Tornadus|29\/100 par\n|-clearboost|p2a: Tornadus\n|\n|-end|p2a: Tornadus|move: Future Sight\n|-damage|p2a: Tornadus|0 fnt\n|faint|p2a: Tornadus\n|-heal|p1a: Weezing|83\/100|[from] item: Black Sludge\n|upkeep\n|-message|sweetac forfeited.\n|\n|win|whitepikmin\n|raw|whitepikmin's rating: 1163 &rarr; <strong>1192<\/strong><br \/>(+29 for winning)\n|raw|sweetac's rating: 1218 &rarr; <strong>1189<\/strong><br \/>(-29 for losing)\n|l|\u2606sweetac\n","uploadtime":1700689355,"views":8,"p1id":"whitepikmin","p2id":"sweetac","formatid":"gen9ou","rating":1189,"private":0,"password":""}