{"id":"gen9ou-1992853110","p1":"MT pear","p2":"Lazowiraxxett","format":"[Gen 9] OU","log":"|j|\u2606MT pear\n|j|\u2606Lazowiraxxett\n|t:|1700241099\n|gametype|singles\n|player|p1|MT pear|caitlin-masters|1111\n|player|p2|Lazowiraxxett|102|1071\n|teamsize|p1|6\n|teamsize|p2|6\n|gen|9\n|tier|[Gen 9] OU\n|rated|\n|rule|Sleep Clause Mod: Limit one foe put to sleep\n|rule|Species Clause: Limit one of each Pok\u00e9mon\n|rule|OHKO Clause: OHKO moves are banned\n|rule|Evasion Items Clause: Evasion items are banned\n|rule|Evasion Moves Clause: Evasion moves are banned\n|rule|Endless Battle Clause: Forcing endless battles is banned\n|rule|HP Percentage Mod: HP is shown in percentages\n|clearpoke\n|poke|p1|Chandelure, F|\n|poke|p1|Greninja-*, M|\n|poke|p1|Corviknight, F|\n|poke|p1|Pawmot, M|\n|poke|p1|Garchomp, M|\n|poke|p1|Gardevoir, F|\n|poke|p2|Espeon, M|\n|poke|p2|Sylveon, F|\n|poke|p2|Rotom-Wash|\n|poke|p2|Mimikyu, M|\n|poke|p2|Umbreon, M|\n|poke|p2|Great Tusk|\n|teampreview\n|\n|t:|1700241121\n|start\n|switch|p1a: Frank|Pawmot, M|100\/100\n|switch|p2a: Rotom|Rotom-Wash|100\/100\n|turn|1\n|\n|t:|1700241133\n|switch|p2a: Great Tusk|Great Tusk|100\/100\n|move|p1a: Frank|Knock Off|p2a: Great Tusk\n|-resisted|p2a: Great Tusk\n|-damage|p2a: Great Tusk|92\/100\n|-enditem|p2a: Great Tusk|Heavy-Duty Boots|[from] move: Knock Off|[of] p1a: Frank\n|\n|upkeep\n|turn|2\n|\n|t:|1700241143\n|switch|p1a: Me cobo|Corviknight, F, shiny|100\/100\n|-ability|p1a: Me cobo|Pressure\n|move|p2a: Great Tusk|Earthquake|p1a: Me cobo\n|-immune|p1a: Me cobo\n|\n|upkeep\n|turn|3\n|\n|t:|1700241158\n|-end|p2a: Great Tusk|Protosynthesis|[silent]\n|switch|p2a: Umbreon|Umbreon, M|100\/100\n|switch|p1a: Gobby|Greninja, M, shiny|100\/100\n|\n|upkeep\n|turn|4\n|\n|t:|1700241170\n|move|p1a: Gobby|Spikes|p2a: Umbreon\n|-start|p1a: Gobby|typechange|Ground|[from] ability: Protean\n|-sidestart|p2: Lazowiraxxett|Spikes\n|move|p2a: Umbreon|Foul Play|p1a: Gobby\n|-damage|p1a: Gobby|39\/100\n|\n|upkeep\n|turn|5\n|\n|t:|1700241182\n|switch|p2a: Datuna|Espeon, M|100\/100\n|-damage|p2a: Datuna|88\/100|[from] Spikes\n|move|p1a: Gobby|Dark Pulse|p2a: Datuna\n|-supereffective|p2a: Datuna\n|-damage|p2a: Datuna|16\/100\n|\n|upkeep\n|turn|6\n|\n|t:|1700241198\n|move|p1a: Gobby|Dark Pulse|p2a: Datuna\n|-supereffective|p2a: Datuna\n|-damage|p2a: Datuna|0 fnt\n|faint|p2a: Datuna\n|\n|upkeep\n|\n|t:|1700241213\n|switch|p2a: Umbreon|Umbreon, M|100\/100\n|-damage|p2a: Umbreon|88\/100|[from] Spikes\n|turn|7\n|\n|t:|1700241219\n|move|p1a: Gobby|Spikes|p2a: Umbreon\n|-sidestart|p2: Lazowiraxxett|Spikes\n|move|p2a: Umbreon|Foul Play|p1a: Gobby\n|-damage|p1a: Gobby|0 fnt\n|faint|p1a: Gobby\n|\n|upkeep\n|\n|t:|1700241228\n|switch|p1a: Frank|Pawmot, M|100\/100\n|turn|8\n|\n|t:|1700241247\n|move|p1a: Frank|Revival Blessing|p1a: Frank\n|-enditem|p1a: Frank|Leppa Berry|[eat]\n|-activate|p1a: Frank|item: Leppa Berry|Revival Blessing|[consumed]\n|\n|t:|1700241253\n|-heal|p1: Gobby|50\/100|[from] move: Revival Blessing\n|move|p2a: Umbreon|Foul Play|p1a: Frank\n|-resisted|p1a: Frank\n|-damage|p1a: Frank|61\/100\n|\n|upkeep\n|turn|9\n|\n|t:|1700241263\n|move|p1a: Frank|Close Combat|p2a: Umbreon\n|-supereffective|p2a: Umbreon\n|-damage|p2a: Umbreon|8\/100\n|-unboost|p1a: Frank|def|1\n|-unboost|p1a: Frank|spd|1\n|-damage|p1a: Frank|45\/100|[from] item: Rocky Helmet|[of] p2a: Umbreon\n|move|p2a: Umbreon|Toxic|p1a: Frank\n|-status|p1a: Frank|tox\n|\n|-damage|p1a: Frank|39\/100 tox|[from] psn\n|upkeep\n|turn|10\n|\n|t:|1700241276\n|switch|p1a: Me cobo|Corviknight, F, shiny|100\/100\n|-ability|p1a: Me cobo|Pressure\n|move|p2a: Umbreon|Protect||[still]\n|-fail|p2a: Umbreon\n|\n|upkeep\n|turn|11\n|\n|t:|1700241290\n|move|p2a: Umbreon|Protect|p2a: Umbreon\n|-singleturn|p2a: Umbreon|Protect\n|move|p1a: Me cobo|Brave Bird|p2a: Umbreon\n|-activate|p2a: Umbreon|move: Protect\n|\n|upkeep\n|turn|12\n|\n|t:|1700241301\n|switch|p1a: Gobby|Greninja, M, shiny|50\/100\n|move|p2a: Umbreon|Foul Play|p1a: Gobby\n|-resisted|p1a: Gobby\n|-damage|p1a: Gobby|20\/100\n|\n|upkeep\n|turn|13\n|\n|t:|1700241315\n|move|p1a: Gobby|Surf|p2a: Umbreon\n|-start|p1a: Gobby|typechange|Water|[from] ability: Protean\n|-damage|p2a: Umbreon|0 fnt\n|faint|p2a: Umbreon\n|\n|upkeep\n|\n|t:|1700241330\n|switch|p2a: Mimikyu|Mimikyu, M|100\/100\n|-damage|p2a: Mimikyu|84\/100|[from] Spikes\n|turn|14\n|\n|t:|1700241339\n|switch|p1a: Me cobo|Corviknight, F, shiny|100\/100\n|-ability|p1a: Me cobo|Pressure\n|move|p2a: Mimikyu|Play Rough|p1a: Me cobo|[miss]\n|-miss|p2a: Mimikyu|p1a: Me cobo\n|\n|upkeep\n|turn|15\n|\n|t:|1700241359\n|switch|p2a: Rotom|Rotom-Wash|100\/100\n|move|p1a: Me cobo|Iron Head|p2a: Rotom\n|-resisted|p2a: Rotom\n|-damage|p2a: Rotom|92\/100\n|\n|upkeep\n|turn|16\n|\n|t:|1700241379\n|switch|p1a: Frank|Pawmot, M|39\/100 tox\n|move|p2a: Rotom|Shadow Ball|p1a: Frank\n|-damage|p1a: Frank|0 fnt\n|faint|p1a: Frank\n|\n|upkeep\n|\n|t:|1700241400\n|switch|p1a: Gobby|Greninja, M, shiny|20\/100\n|turn|17\n|\n|t:|1700241414\n|move|p1a: Gobby|Spikes|p2a: Rotom\n|-start|p1a: Gobby|typechange|Ground|[from] ability: Protean\n|-sidestart|p2: Lazowiraxxett|Spikes\n|move|p2a: Rotom|Shadow Ball|p1a: Gobby\n|-damage|p1a: Gobby|0 fnt\n|faint|p1a: Gobby\n|\n|upkeep\n|\n|t:|1700241431\n|switch|p1a: Lorin|Gardevoir, F|100\/100\n|-ability|p1a: Lorin|Levitate|[from] ability: Trace|[of] p2a: Rotom\n|turn|18\n|\n|t:|1700241447\n|move|p2a: Rotom|Shadow Ball|p1a: Lorin\n|-supereffective|p1a: Lorin\n|-damage|p1a: Lorin|64\/100\n|move|p1a: Lorin|Moonblast|p2a: Rotom\n|-damage|p2a: Rotom|63\/100\n|\n|upkeep\n|turn|19\n|\n|t:|1700241455\n|move|p2a: Rotom|Discharge|p1a: Lorin\n|-damage|p1a: Lorin|35\/100\n|-status|p1a: Lorin|par\n|move|p1a: Lorin|Moonblast|p2a: Rotom\n|-damage|p2a: Rotom|35\/100\n|\n|upkeep\n|turn|20\n|\n|t:|1700241465\n|move|p2a: Rotom|Shadow Ball|p1a: Lorin\n|-supereffective|p1a: Lorin\n|-damage|p1a: Lorin|0 fnt\n|faint|p1a: Lorin\n|\n|upkeep\n|\n|t:|1700241472\n|switch|p1a: Garu|Garchomp, M|100\/100\n|turn|21\n|\n|t:|1700241484\n|move|p1a: Garu|Scale Shot|p2a: Rotom\n|-damage|p2a: Rotom|15\/100\n|-damage|p2a: Rotom|0 fnt\n|faint|p2a: Rotom\n|-hitcount|p2: Rotom|2\n|-unboost|p1a: Garu|def|1\n|-boost|p1a: Garu|spe|1\n|\n|upkeep\n|\n|t:|1700241508\n|switch|p2a: Great Tusk|Great Tusk|92\/100\n|-damage|p2a: Great Tusk|67\/100|[from] Spikes\n|turn|22\n|\n|t:|1700241514\n|switch|p1a: Me cobo|Corviknight, F, shiny|100\/100\n|-ability|p1a: Me cobo|Pressure\n|move|p2a: Great Tusk|Rapid Spin|p1a: Me cobo\n|-resisted|p1a: Me cobo\n|-damage|p1a: Me cobo|94\/100\n|-boost|p2a: Great Tusk|spe|1\n|-sideend|p2: Lazowiraxxett|Spikes|[from] move: Rapid Spin|[of] p2a: Great Tusk\n|\n|-heal|p1a: Me cobo|99\/100|[from] item: Leftovers\n|upkeep\n|turn|23\n|inactive|Battle timer is ON: inactive players will automatically lose when time's up. (requested by MT pear)\n|\n|t:|1700241540\n|-terastallize|p2a: Great Tusk|Ground\n|move|p2a: Great Tusk|Close Combat|p1a: Me cobo\n|-damage|p1a: Me cobo|56\/100\n|-unboost|p2a: Great Tusk|def|1\n|-unboost|p2a: Great Tusk|spd|1\n|move|p1a: Me cobo|Brave Bird|p2a: Great Tusk\n|-damage|p2a: Great Tusk|33\/100\n|-damage|p1a: Me cobo|45\/100|[from] Recoil\n|\n|-heal|p1a: Me cobo|51\/100|[from] item: Leftovers\n|upkeep\n|turn|24\n|\n|t:|1700241556\n|move|p2a: Great Tusk|Knock Off|p1a: Me cobo\n|-damage|p1a: Me cobo|28\/100\n|-enditem|p1a: Me cobo|Leftovers|[from] move: Knock Off|[of] p2a: Great Tusk\n|move|p1a: Me cobo|Roost|p1a: Me cobo\n|-heal|p1a: Me cobo|78\/100\n|-singleturn|p1a: Me cobo|move: Roost\n|\n|upkeep\n|turn|25\n|\n|t:|1700241567\n|move|p2a: Great Tusk|Close Combat|p1a: Me cobo\n|-damage|p1a: Me cobo|35\/100\n|-unboost|p2a: Great Tusk|def|1\n|-unboost|p2a: Great Tusk|spd|1\n|move|p1a: Me cobo|Iron Head|p2a: Great Tusk\n|-damage|p2a: Great Tusk|0 fnt\n|faint|p2a: Great Tusk\n|-end|p2a: Great Tusk|Protosynthesis|[silent]\n|\n|upkeep\n|\n|t:|1700241586\n|switch|p2a: Mimikyu|Mimikyu, M|84\/100\n|turn|26\n|\n|t:|1700241605\n|move|p2a: Mimikyu|Swords Dance|p2a: Mimikyu\n|-boost|p2a: Mimikyu|atk|2\n|move|p1a: Me cobo|Roost|p1a: Me cobo\n|-heal|p1a: Me cobo|85\/100\n|-singleturn|p1a: Me cobo|move: Roost\n|\n|upkeep\n|turn|27\n|\n|t:|1700241614\n|move|p2a: Mimikyu|Swords Dance|p2a: Mimikyu\n|-boost|p2a: Mimikyu|atk|2\n|move|p1a: Me cobo|Iron Head|p2a: Mimikyu\n|-activate|p2a: Mimikyu|ability: Disguise\n|-damage|p2a: Mimikyu|84\/100\n|detailschange|p2a: Mimikyu|Mimikyu-Busted, M\n|-damage|p2a: Mimikyu|72\/100|[from] pokemon: Mimikyu-Busted\n|\n|upkeep\n|turn|28\n|\n|t:|1700241633\n|move|p2a: Mimikyu|Play Rough|p1a: Me cobo\n|-resisted|p1a: Me cobo\n|-damage|p1a: Me cobo|37\/100\n|-damage|p2a: Mimikyu|62\/100|[from] item: Life Orb\n|move|p1a: Me cobo|Iron Head|p2a: Mimikyu\n|-supereffective|p2a: Mimikyu\n|-damage|p2a: Mimikyu|0 fnt\n|faint|p2a: Mimikyu\n|\n|upkeep\n|\n|t:|1700241641\n|switch|p2a: Sylveon|Sylveon, F|100\/100\n|turn|29\n|\n|t:|1700241648\n|move|p1a: Me cobo|Iron Head|p2a: Sylveon\n|-supereffective|p2a: Sylveon\n|-damage|p2a: Sylveon|31\/100\n|move|p2a: Sylveon|Hyper Voice|p1a: Me cobo\n|-resisted|p1a: Me cobo\n|-damage|p1a: Me cobo|17\/100\n|\n|-heal|p2a: Sylveon|37\/100|[from] item: Leftovers\n|upkeep\n|turn|30\n|\n|t:|1700241657\n|move|p2a: Sylveon|Protect|p2a: Sylveon\n|-singleturn|p2a: Sylveon|Protect\n|move|p1a: Me cobo|Iron Head|p2a: Sylveon\n|-activate|p2a: Sylveon|move: Protect\n|\n|-heal|p2a: Sylveon|43\/100|[from] item: Leftovers\n|upkeep\n|turn|31\n|\n|t:|1700241672\n|move|p1a: Me cobo|Iron Head|p2a: Sylveon\n|-supereffective|p2a: Sylveon\n|-damage|p2a: Sylveon|0 fnt\n|faint|p2a: Sylveon\n|\n|win|MT pear\n|raw|MT pear's rating: 1111 &rarr; <strong>1133<\/strong><br \/>(+22 for winning)\n|raw|Lazowiraxxett's rating: 1071 &rarr; <strong>1053<\/strong><br \/>(-18 for losing)\n|l|\u2606Lazowiraxxett\n","uploadtime":1700241680,"views":11,"p1id":"mtpear","p2id":"lazowiraxxett","formatid":"gen9ou","rating":1053,"private":0,"password":""}