{"id":"gen9ou-1991905556","p1":"Alyselle","p2":"Azumi85","format":"[Gen 9] OU","log":"|j|\u2606Alyselle\n|j|\u2606Azumi85\n|t:|1700136373\n|gametype|singles\n|player|p1|Alyselle|1|1387\n|player|p2|Azumi85|clerk|1354\n|teamsize|p1|6\n|teamsize|p2|6\n|gen|9\n|tier|[Gen 9] OU\n|rated|\n|rule|Sleep Clause Mod: Limit one foe put to sleep\n|rule|Species Clause: Limit one of each Pok\u00e9mon\n|rule|OHKO Clause: OHKO moves are banned\n|rule|Evasion Items Clause: Evasion items are banned\n|rule|Evasion Moves Clause: Evasion moves are banned\n|rule|Endless Battle Clause: Forcing endless battles is banned\n|rule|HP Percentage Mod: HP is shown in percentages\n|clearpoke\n|poke|p1|Kingambit, F|\n|poke|p1|Glimmora, M|\n|poke|p1|Zamazenta-*|\n|poke|p1|Iron Valiant|\n|poke|p1|Iron Moth|\n|poke|p1|Ogerpon-Wellspring, F|\n|poke|p2|Manaphy|\n|poke|p2|Pelipper, M|\n|poke|p2|Ribombee, F|\n|poke|p2|Ogerpon-Wellspring, F|\n|poke|p2|Kingambit, M|\n|poke|p2|Zapdos|\n|teampreview\n|inactive|Battle timer is ON: inactive players will automatically lose when time's up. (requested by Alyselle)\n|inactive|Azumi85 has 120 seconds left.\n|\n|t:|1700136416\n|start\n|switch|p1a: Glimmora|Glimmora, M|100\/100\n|switch|p2a: Pelipper|Pelipper, M|100\/100\n|-weather|RainDance|[from] ability: Drizzle|[of] p2a: Pelipper\n|turn|1\n|\n|t:|1700136420\n|move|p1a: Glimmora|Power Gem|p2a: Pelipper\n|-supereffective|p2a: Pelipper\n|-damage|p2a: Pelipper|0 fnt\n|faint|p2a: Pelipper\n|\n|-weather|RainDance|[upkeep]\n|upkeep\n|\n|t:|1700136446\n|switch|p2a: Manaphy|Manaphy|100\/100\n|turn|2\n|\n|t:|1700136449\n|switch|p1a: Ogerpon|Ogerpon-Wellspring, F|100\/100\n|move|p2a: Manaphy|Scald|p1a: Ogerpon\n|-immune|p1a: Ogerpon|[from] ability: Water Absorb\n|\n|-weather|RainDance|[upkeep]\n|upkeep\n|turn|3\n|\n|t:|1700136454\n|move|p1a: Ogerpon|Power Whip|p2a: Manaphy\n|-supereffective|p2a: Manaphy\n|-damage|p2a: Manaphy|0 fnt\n|faint|p2a: Manaphy\n|\n|-weather|RainDance|[upkeep]\n|upkeep\n|\n|t:|1700136458\n|switch|p2a: Ribombee|Ribombee, F, shiny|100\/100\n|turn|4\n|inactive|Azumi85 has 120 seconds left.\n|\n|t:|1700136493\n|switch|p1a: Glimmora|Glimmora, M|100\/100\n|move|p2a: Ribombee|Pollen Puff|p1a: Glimmora\n|-resisted|p1a: Glimmora\n|-damage|p1a: Glimmora|74\/100\n|\n|-weather|RainDance|[upkeep]\n|upkeep\n|turn|5\n|\n|t:|1700136502\n|move|p2a: Ribombee|Moonblast|p1a: Glimmora\n|-resisted|p1a: Glimmora\n|-damage|p1a: Glimmora|47\/100\n|move|p1a: Glimmora|Mortal Spin|p2a: Ribombee\n|-supereffective|p2a: Ribombee\n|-damage|p2a: Ribombee|72\/100\n|\n|-weather|RainDance|[upkeep]\n|upkeep\n|turn|6\n|inactive|Azumi85 has 120 seconds left.\n|\n|t:|1700136525\n|move|p2a: Ribombee|Moonblast|p1a: Glimmora\n|-resisted|p1a: Glimmora\n|-damage|p1a: Glimmora|17\/100\n|-unboost|p1a: Glimmora|spa|1\n|move|p1a: Glimmora|Mortal Spin|p2a: Ribombee\n|-supereffective|p2a: Ribombee\n|-damage|p2a: Ribombee|46\/100\n|\n|-weather|RainDance|[upkeep]\n|upkeep\n|turn|7\n|\n|t:|1700136528\n|move|p2a: Ribombee|Moonblast|p1a: Glimmora\n|-resisted|p1a: Glimmora\n|-damage|p1a: Glimmora|0 fnt\n|faint|p1a: Glimmora\n|\n|-weather|RainDance|[upkeep]\n|upkeep\n|\n|t:|1700136541\n|switch|p1a: Iron Moth|Iron Moth|100\/100\n|-enditem|p1a: Iron Moth|Booster Energy\n|-activate|p1a: Iron Moth|ability: Quark Drive|[fromitem]\n|-start|p1a: Iron Moth|quarkdrivespe\n|turn|8\n|\n|t:|1700136545\n|move|p1a: Iron Moth|Fiery Dance|p2a: Ribombee\n|-supereffective|p2a: Ribombee\n|-damage|p2a: Ribombee|0 fnt\n|-boost|p1a: Iron Moth|spa|1\n|faint|p2a: Ribombee\n|\n|-weather|none\n|upkeep\n|\n|t:|1700136549\n|switch|p2a: Ogerpon|Ogerpon-Wellspring, F|100\/100\n|turn|9\n|\n|t:|1700136558\n|-end|p1a: Iron Moth|Quark Drive|[silent]\n|switch|p1a: Ogerpon|Ogerpon-Wellspring, F|100\/100\n|move|p2a: Ogerpon|Trailblaze|p1a: Ogerpon\n|-damage|p1a: Ogerpon|62\/100\n|-boost|p2a: Ogerpon|spe|1\n|\n|upkeep\n|turn|10\n|\n|t:|1700136563\n|move|p2a: Ogerpon|Horn Leech|p1a: Ogerpon\n|-crit|p1a: Ogerpon\n|-damage|p1a: Ogerpon|0 fnt\n|faint|p1a: Ogerpon\n|\n|upkeep\n|\n|t:|1700136571\n|switch|p1a: Zamazenta|Zamazenta, shiny|100\/100\n|-ability|p1a: Zamazenta|Dauntless Shield|boost\n|-boost|p1a: Zamazenta|def|1\n|turn|11\n|\n|t:|1700136575\n|move|p2a: Ogerpon|Swords Dance|p2a: Ogerpon\n|-boost|p2a: Ogerpon|atk|2\n|move|p1a: Zamazenta|Iron Defense|p1a: Zamazenta\n|-boost|p1a: Zamazenta|def|2\n|\n|upkeep\n|turn|12\n|\n|t:|1700136582\n|-terastallize|p2a: Ogerpon|Water\n|detailschange|p2a: Ogerpon|Ogerpon-Wellspring-Tera, F, tera:Water\n|-ability|p2a: Ogerpon|Embody Aspect (Wellspring)|boost\n|-boost|p2a: Ogerpon|spd|1\n|move|p2a: Ogerpon|Ivy Cudgel|p1a: Zamazenta|[anim] Ivy Cudgel Water\n|-crit|p1a: Zamazenta\n|-damage|p1a: Zamazenta|0 fnt\n|faint|p1a: Zamazenta\n|\n|upkeep\n|c|\u2606Alyselle|..\n|\n|t:|1700136611\n|switch|p1a: Iron Valiant|Iron Valiant|100\/100\n|-enditem|p1a: Iron Valiant|Booster Energy\n|-activate|p1a: Iron Valiant|ability: Quark Drive|[fromitem]\n|-start|p1a: Iron Valiant|quarkdrivespe\n|turn|13\n|\n|t:|1700136618\n|move|p1a: Iron Valiant|Hypnosis|p2a: Ogerpon\n|-status|p2a: Ogerpon|slp|[from] move: Hypnosis\n|cant|p2a: Ogerpon|slp\n|\n|upkeep\n|turn|14\n|inactive|Azumi85 has 120 seconds left.\n|\n|t:|1700136651\n|move|p1a: Iron Valiant|Psyshock|p2a: Ogerpon\n|-damage|p2a: Ogerpon|64\/100 slp\n|-curestatus|p2a: Ogerpon|slp|[msg]\n|move|p2a: Ogerpon|Horn Leech|p1a: Iron Valiant\n|-damage|p1a: Iron Valiant|0 fnt\n|-heal|p2a: Ogerpon|100\/100|[from] drain|[of] p1a: Iron Valiant\n|faint|p1a: Iron Valiant\n|-end|p1a: Iron Valiant|Quark Drive|[silent]\n|\n|upkeep\n|\n|t:|1700136660\n|switch|p1a: Kingambit|Kingambit, F|100\/100\n|-activate|p1a: Kingambit|ability: Supreme Overlord\n|-start|p1a: Kingambit|fallen4|[silent]\n|turn|15\n|\n|t:|1700136665\n|move|p1a: Kingambit|Sucker Punch|p2a: Ogerpon\n|-damage|p2a: Ogerpon|9\/100\n|move|p2a: Ogerpon|Ivy Cudgel|p1a: Kingambit|[anim] Ivy Cudgel Water\n|-damage|p1a: Kingambit|0 fnt\n|faint|p1a: Kingambit\n|-end|p1a: Kingambit|fallen4|[silent]\n|\n|upkeep\n|-message|Alyselle forfeited.\n|\n|win|Azumi85\n|raw|Alyselle's rating: 1387 &rarr; <strong>1365<\/strong><br \/>(-22 for losing)\n|raw|Azumi85's rating: 1354 &rarr; <strong>1376<\/strong><br \/>(+22 for winning)\n|l|\u2606Alyselle\n","uploadtime":1700136783,"views":11,"p1id":"alyselle","p2id":"azumi85","formatid":"gen9ou","rating":1365,"private":0,"password":""}