{"id":"gen9ou-1988950267","p1":"KucaPrdoke","p2":"marcel aus berlin","format":"[Gen 9] OU","log":"|j|\u2606KucaPrdoke\n|j|\u2606marcel aus berlin\n|t:|1699793267\n|gametype|singles\n|player|p1|KucaPrdoke|unknown|1115\n|player|p2|marcel aus berlin|170|1123\n|teamsize|p1|6\n|teamsize|p2|6\n|gen|9\n|tier|[Gen 9] OU\n|rated|\n|rule|Sleep Clause Mod: Limit one foe put to sleep\n|rule|Species Clause: Limit one of each Pok\u00e9mon\n|rule|OHKO Clause: OHKO moves are banned\n|rule|Evasion Items Clause: Evasion items are banned\n|rule|Evasion Moves Clause: Evasion moves are banned\n|rule|Endless Battle Clause: Forcing endless battles is banned\n|rule|HP Percentage Mod: HP is shown in percentages\n|clearpoke\n|poke|p1|Maushold-Four|\n|poke|p1|Rillaboom, F|\n|poke|p1|Great Tusk|\n|poke|p1|Heatran, F|\n|poke|p1|Enamorus, F|\n|poke|p1|Kingambit, F|\n|poke|p2|Volcanion|\n|poke|p2|Great Tusk|\n|poke|p2|Zapdos|\n|poke|p2|Gholdengo|\n|poke|p2|Clefable, F|\n|poke|p2|Dragonite, F|\n|teampreview\n|inactive|Battle timer is ON: inactive players will automatically lose when time's up. (requested by KucaPrdoke)\n|\n|t:|1699793285\n|start\n|switch|p1a: Great Tusk|Great Tusk|100\/100\n|switch|p2a: Zapdos|Zapdos|100\/100\n|turn|1\n|\n|t:|1699793291\n|-end|p1a: Great Tusk|Protosynthesis|[silent]\n|switch|p1a: Heatran|Heatran, F|100\/100\n|move|p2a: Zapdos|Hurricane|p1a: Heatran\n|-resisted|p1a: Heatran\n|-damage|p1a: Heatran|84\/100\n|\n|-heal|p1a: Heatran|90\/100|[from] item: Leftovers\n|upkeep\n|turn|2\n|\n|t:|1699793299\n|move|p2a: Zapdos|Volt Switch|p1a: Heatran\n|-damage|p1a: Heatran|71\/100\n|\n|t:|1699793312\n|switch|p2a: Dragonite|Dragonite, F|100\/100|[from] Volt Switch\n|move|p1a: Heatran|Stealth Rock|p2a: Dragonite\n|-sidestart|p2: marcel aus berlin|move: Stealth Rock\n|\n|-heal|p1a: Heatran|77\/100|[from] item: Leftovers\n|upkeep\n|turn|3\n|\n|t:|1699793324\n|switch|p1a: Great Tusk|Great Tusk|100\/100\n|move|p2a: Dragonite|Dragon Dance|p2a: Dragonite\n|-boost|p2a: Dragonite|atk|1\n|-boost|p2a: Dragonite|spe|1\n|\n|upkeep\n|turn|4\n|\n|t:|1699793333\n|move|p2a: Dragonite|Dragon Dance|p2a: Dragonite\n|-boost|p2a: Dragonite|atk|1\n|-boost|p2a: Dragonite|spe|1\n|move|p1a: Great Tusk|Rapid Spin|p2a: Dragonite\n|-damage|p2a: Dragonite|92\/100\n|-boost|p1a: Great Tusk|spe|1\n|\n|upkeep\n|turn|5\n|\n|t:|1699793351\n|-terastallize|p2a: Dragonite|Normal\n|move|p2a: Dragonite|Earthquake|p1a: Great Tusk\n|-damage|p1a: Great Tusk|56\/100\n|move|p1a: Great Tusk|Ice Spinner|p2a: Dragonite\n|-damage|p2a: Dragonite|67\/100\n|\n|-heal|p1a: Great Tusk|63\/100|[from] item: Leftovers\n|upkeep\n|turn|6\n|\n|t:|1699793364\n|move|p2a: Dragonite|Roost|p2a: Dragonite\n|-heal|p2a: Dragonite|100\/100\n|move|p1a: Great Tusk|Body Press|p2a: Dragonite\n|-supereffective|p2a: Dragonite\n|-damage|p2a: Dragonite|59\/100\n|\n|-heal|p1a: Great Tusk|69\/100|[from] item: Leftovers\n|upkeep\n|turn|7\n|\n|t:|1699793375\n|move|p2a: Dragonite|Dragon Dance|p2a: Dragonite\n|-boost|p2a: Dragonite|atk|1\n|-boost|p2a: Dragonite|spe|1\n|move|p1a: Great Tusk|Body Press|p2a: Dragonite\n|-supereffective|p2a: Dragonite\n|-damage|p2a: Dragonite|0 fnt\n|faint|p2a: Dragonite\n|\n|-heal|p1a: Great Tusk|75\/100|[from] item: Leftovers\n|upkeep\n|inactive|marcel aus berlin has 120 seconds left.\n|\n|t:|1699793408\n|switch|p2a: Zapdos|Zapdos|100\/100\n|turn|8\n|inactive|marcel aus berlin has 120 seconds left.\n|\n|t:|1699793416\n|move|p1a: Great Tusk|Ice Spinner|p2a: Zapdos\n|-supereffective|p2a: Zapdos\n|-damage|p2a: Zapdos|56\/100\n|-status|p1a: Great Tusk|par|[from] ability: Static|[of] p2a: Zapdos\n|move|p2a: Zapdos|Hurricane|p1a: Great Tusk|[miss]\n|-miss|p2a: Zapdos|p1a: Great Tusk\n|\n|-heal|p1a: Great Tusk|81\/100 par|[from] item: Leftovers\n|upkeep\n|turn|9\n|\n|t:|1699793425\n|move|p2a: Zapdos|Hurricane|p1a: Great Tusk|[miss]\n|-miss|p2a: Zapdos|p1a: Great Tusk\n|move|p1a: Great Tusk|Ice Spinner|p2a: Zapdos\n|-supereffective|p2a: Zapdos\n|-damage|p2a: Zapdos|7\/100\n|\n|-heal|p1a: Great Tusk|88\/100 par|[from] item: Leftovers\n|upkeep\n|turn|10\n|\n|t:|1699793433\n|move|p2a: Zapdos|Roost|p2a: Zapdos\n|-heal|p2a: Zapdos|57\/100\n|-singleturn|p2a: Zapdos|move: Roost\n|move|p1a: Great Tusk|Rapid Spin|p2a: Zapdos\n|-damage|p2a: Zapdos|42\/100\n|-boost|p1a: Great Tusk|spe|1\n|\n|-heal|p1a: Great Tusk|94\/100 par|[from] item: Leftovers\n|upkeep\n|turn|11\n|inactive|marcel aus berlin has 120 seconds left.\n|\n|t:|1699793466\n|switch|p2a: Great Tusk|Great Tusk|100\/100\n|-damage|p2a: Great Tusk|98\/100|[from] Stealth Rock\n|cant|p1a: Great Tusk|par\n|\n|-heal|p1a: Great Tusk|99\/100 par|[from] item: Leftovers\n|-heal|p2a: Great Tusk|100\/100|[from] item: Leftovers\n|upkeep\n|turn|12\n|\n|t:|1699793475\n|move|p2a: Great Tusk|Stealth Rock|p1a: Great Tusk\n|-sidestart|p1: KucaPrdoke|move: Stealth Rock\n|move|p1a: Great Tusk|Ice Spinner|p2a: Great Tusk\n|-supereffective|p2a: Great Tusk\n|-damage|p2a: Great Tusk|69\/100\n|\n|-heal|p1a: Great Tusk|100\/100 par|[from] item: Leftovers\n|-heal|p2a: Great Tusk|75\/100|[from] item: Leftovers\n|upkeep\n|turn|13\n|inactive|marcel aus berlin has 120 seconds left.\n|\n|t:|1699793487\n|move|p1a: Great Tusk|Ice Spinner|p2a: Great Tusk\n|-supereffective|p2a: Great Tusk\n|-damage|p2a: Great Tusk|43\/100\n|move|p2a: Great Tusk|Earthquake|p1a: Great Tusk\n|-damage|p1a: Great Tusk|67\/100 par\n|\n|-heal|p1a: Great Tusk|73\/100 par|[from] item: Leftovers\n|-heal|p2a: Great Tusk|49\/100|[from] item: Leftovers\n|upkeep\n|turn|14\n|inactive|marcel aus berlin has 120 seconds left.\n|\n|t:|1699793497\n|move|p2a: Great Tusk|Rapid Spin|p1a: Great Tusk\n|-damage|p1a: Great Tusk|62\/100 par\n|-boost|p2a: Great Tusk|spe|1\n|-sideend|p2: marcel aus berlin|Stealth Rock|[from] move: Rapid Spin|[of] p2a: Great Tusk\n|move|p1a: Great Tusk|Ice Spinner|p2a: Great Tusk\n|-supereffective|p2a: Great Tusk\n|-damage|p2a: Great Tusk|12\/100\n|\n|-heal|p2a: Great Tusk|19\/100|[from] item: Leftovers\n|-heal|p1a: Great Tusk|69\/100 par|[from] item: Leftovers\n|upkeep\n|turn|15\n|inactive|marcel aus berlin has 120 seconds left.\n|\n|t:|1699793509\n|-end|p2a: Great Tusk|Protosynthesis|[silent]\n|switch|p2a: Gholdengo|Gholdengo|100\/100\n|move|p1a: Great Tusk|Rapid Spin|p2a: Gholdengo\n|-immune|p2a: Gholdengo\n|\n|-heal|p1a: Great Tusk|75\/100 par|[from] item: Leftovers\n|upkeep\n|turn|16\n|inactive|marcel aus berlin has 120 seconds left.\n|\n|t:|1699793518\n|move|p1a: Great Tusk|Headlong Rush|p2a: Gholdengo\n|-supereffective|p2a: Gholdengo\n|-damage|p2a: Gholdengo|24\/100\n|-unboost|p1a: Great Tusk|def|1\n|-unboost|p1a: Great Tusk|spd|1\n|move|p2a: Gholdengo|Hex|p1a: Great Tusk\n|-damage|p1a: Great Tusk|0 fnt\n|faint|p1a: Great Tusk\n|-end|p1a: Great Tusk|Protosynthesis|[silent]\n|\n|-heal|p2a: Gholdengo|30\/100|[from] item: Leftovers\n|upkeep\n|\n|t:|1699793531\n|switch|p1a: mus|Maushold-Four|100\/100\n|-damage|p1a: mus|88\/100|[from] Stealth Rock\n|turn|17\n|\n|t:|1699793546\n|switch|p2a: Great Tusk|Great Tusk|19\/100\n|move|p1a: mus|Tidy Up|p1a: mus\n|-sideend|p1: KucaPrdoke|Stealth Rock\n|-activate|p1a: mus|move: Tidy Up\n|-boost|p1a: mus|atk|1\n|-boost|p1a: mus|spe|1\n|\n|-heal|p2a: Great Tusk|25\/100|[from] item: Leftovers\n|upkeep\n|turn|18\n|\n|t:|1699793554\n|move|p1a: mus|Population Bomb|p2a: Great Tusk\n|-damage|p2a: Great Tusk|12\/100\n|-damage|p2a: Great Tusk|0 fnt\n|faint|p2a: Great Tusk\n|-end|p2a: Great Tusk|Protosynthesis|[silent]\n|-hitcount|p2: Great Tusk|2\n|\n|upkeep\n|\n|t:|1699793562\n|switch|p2a: Zapdos|Zapdos|42\/100\n|turn|19\n|\n|t:|1699793568\n|move|p1a: mus|Population Bomb|p2a: Zapdos\n|-damage|p2a: Zapdos|24\/100\n|-damage|p2a: Zapdos|8\/100\n|-damage|p2a: Zapdos|0 fnt\n|faint|p2a: Zapdos\n|-hitcount|p2: Zapdos|3\n|\n|upkeep\n|inactive|marcel aus berlin has 120 seconds left.\n|\n|t:|1699793591\n|switch|p2a: Gholdengo|Gholdengo|30\/100\n|turn|20\n|\n|t:|1699793596\n|move|p1a: mus|Bite|p2a: Gholdengo\n|-supereffective|p2a: Gholdengo\n|-damage|p2a: Gholdengo|0 fnt\n|faint|p2a: Gholdengo\n|\n|upkeep\n|inactive|marcel aus berlin has 120 seconds left.\n|l|\u2606marcel aus berlin\n|inactive|marcel aus berlin disconnected and has a minute to reconnect!\n|player|p2|\n|c|\u2606KucaPrdoke|Rip\n|inactive|marcel aus berlin has 30 seconds to reconnect!\n|c|\u2606KucaPrdoke|Bro got them fake unawares on?!?\n|inactive|marcel aus berlin has 20 seconds to reconnect!\n|inactive|marcel aus berlin has 15 seconds to reconnect!\n|inactive|marcel aus berlin has 10 seconds to reconnect!\n|inactive|marcel aus berlin has 5 seconds to reconnect!\n|-message|marcel aus berlin lost due to inactivity.\n|\n|win|KucaPrdoke\n|raw|KucaPrdoke's rating: 1115 &rarr; <strong>1141<\/strong><br \/>(+26 for winning)\n|raw|marcel aus berlin's rating: 1123 &rarr; <strong>1097<\/strong><br \/>(-26 for losing)\n|c|\u2606KucaPrdoke|Auf wiedersehen marcel\n","uploadtime":1699793681,"views":9,"p1id":"kucaprdoke","p2id":"marcelausberlin","formatid":"gen9ou","rating":1097,"private":0,"password":""}