{"id":"gen9ou-1992567987","p1":"ouzd king bandit","p2":"grass knot zygarde","format":"[Gen 9] OU","log":"|j|\u2606ouzd king bandit\n|j|\u2606grass knot zygarde\n|t:|1700207269\n|gametype|singles\n|player|p1|ouzd king bandit|169|1470\n|player|p2|grass knot zygarde|dawn|1515\n|teamsize|p1|6\n|teamsize|p2|6\n|gen|9\n|tier|[Gen 9] OU\n|rated|\n|rule|Sleep Clause Mod: Limit one foe put to sleep\n|rule|Species Clause: Limit one of each Pok\u00e9mon\n|rule|OHKO Clause: OHKO moves are banned\n|rule|Evasion Items Clause: Evasion items are banned\n|rule|Evasion Moves Clause: Evasion moves are banned\n|rule|Endless Battle Clause: Forcing endless battles is banned\n|rule|HP Percentage Mod: HP is shown in percentages\n|clearpoke\n|poke|p1|Brambleghast, F|\n|poke|p1|Scizor, F|\n|poke|p1|Kingambit, F|\n|poke|p1|Dragapult, M|\n|poke|p1|Basculegion, M|\n|poke|p1|Kleavor, M|\n|poke|p2|Rillaboom, F|\n|poke|p2|Cinderace, M|\n|poke|p2|Ogerpon-Cornerstone, F|\n|poke|p2|Kingambit, M|\n|poke|p2|Great Tusk|\n|poke|p2|Iron Valiant|\n|teampreview\n|inactive|Battle timer is ON: inactive players will automatically lose when time's up. (requested by grass knot zygarde)\n|\n|t:|1700207286\n|start\n|switch|p1a: Dragapult|Dragapult, M|100\/100\n|switch|p2a: Great Tusk|Great Tusk|100\/100\n|turn|1\n|\n|t:|1700207293\n|-end|p2a: Great Tusk|Protosynthesis|[silent]\n|switch|p2a: Iron Valiant|Iron Valiant|100\/100\n|-enditem|p2a: Iron Valiant|Booster Energy\n|-activate|p2a: Iron Valiant|ability: Quark Drive|[fromitem]\n|-start|p2a: Iron Valiant|quarkdrivespe\n|move|p1a: Dragapult|Phantom Force||[still]\n|-prepare|p1a: Dragapult|Phantom Force\n|-enditem|p1a: Dragapult|Power Herb\n|-anim|p1a: Dragapult|Phantom Force|p2a: Iron Valiant\n|-damage|p2a: Iron Valiant|44\/100\n|\n|upkeep\n|turn|2\n|\n|t:|1700207303\n|switch|p1a: Scizor|Scizor, F|100\/100\n|move|p2a: Iron Valiant|Moonblast|p1a: Scizor\n|-resisted|p1a: Scizor\n|-damage|p1a: Scizor|66\/100\n|\n|upkeep\n|turn|3\n|\n|t:|1700207309\n|-end|p2a: Iron Valiant|Quark Drive|[silent]\n|switch|p2a: Cinderace|Cinderace, M|100\/100\n|move|p1a: Scizor|Trailblaze|p2a: Cinderace\n|-resisted|p2a: Cinderace\n|-damage|p2a: Cinderace|80\/100\n|-boost|p1a: Scizor|spe|1\n|-damage|p1a: Scizor|56\/100|[from] item: Life Orb\n|\n|upkeep\n|turn|4\n|\n|t:|1700207314\n|move|p1a: Scizor|Bullet Punch|p2a: Cinderace\n|-resisted|p2a: Cinderace\n|-damage|p2a: Cinderace|55\/100\n|-damage|p1a: Scizor|46\/100|[from] item: Life Orb\n|move|p2a: Cinderace|Will-O-Wisp|p1a: Scizor\n|-status|p1a: Scizor|brn\n|\n|-damage|p1a: Scizor|40\/100 brn|[from] brn\n|upkeep\n|turn|5\n|\n|t:|1700207319\n|move|p1a: Scizor|Bullet Punch|p2a: Cinderace\n|-resisted|p2a: Cinderace\n|-crit|p2a: Cinderace\n|-damage|p2a: Cinderace|33\/100\n|-damage|p1a: Scizor|30\/100 brn|[from] item: Life Orb\n|move|p2a: Cinderace|U-turn|p1a: Scizor\n|-resisted|p1a: Scizor\n|-damage|p1a: Scizor|19\/100 brn\n|\n|t:|1700207341\n|switch|p2a: Great Tusk|Great Tusk|100\/100|[from] U-turn\n|\n|-damage|p1a: Scizor|13\/100 brn|[from] brn\n|upkeep\n|turn|6\n|\n|t:|1700207345\n|switch|p1a: Basculegion|Basculegion, M|100\/100\n|move|p2a: Great Tusk|Stealth Rock|p1a: Basculegion\n|-sidestart|p1: ouzd king bandit|move: Stealth Rock\n|\n|upkeep\n|turn|7\n|\n|t:|1700207352\n|move|p2a: Great Tusk|Earthquake|p1a: Basculegion\n|-damage|p1a: Basculegion|47\/100\n|move|p1a: Basculegion|Shadow Ball|p2a: Great Tusk\n|-damage|p2a: Great Tusk|35\/100\n|-damage|p1a: Basculegion|37\/100|[from] item: Life Orb\n|\n|upkeep\n|turn|8\n|\n|t:|1700207357\n|move|p1a: Basculegion|Aqua Jet|p2a: Great Tusk\n|-supereffective|p2a: Great Tusk\n|-damage|p2a: Great Tusk|0 fnt\n|-damage|p1a: Basculegion|20\/100|[from] item: Rocky Helmet|[of] p2a: Great Tusk\n|faint|p2a: Great Tusk\n|-end|p2a: Great Tusk|Protosynthesis|[silent]\n|-damage|p1a: Basculegion|10\/100|[from] item: Life Orb\n|\n|upkeep\n|\n|t:|1700207363\n|switch|p2a: Rillaboom|Rillaboom, F|100\/100\n|-fieldstart|move: Grassy Terrain|[from] ability: Grassy Surge|[of] p2a: Rillaboom\n|turn|9\n|\n|t:|1700207367\n|switch|p1a: Scizor|Scizor, F|13\/100 brn\n|-damage|p1a: Scizor|0 fnt|[from] Stealth Rock\n|faint|p1a: Scizor\n|move|p2a: Rillaboom|Grassy Glide|p1: Scizor|[notarget]\n|-fail|p2a: Rillaboom\n|\n|upkeep\n|\n|t:|1700207373\n|switch|p1a: Brambleghast|Brambleghast, F|100\/100\n|-damage|p1a: Brambleghast|88\/100|[from] Stealth Rock\n|turn|10\n|\n|t:|1700207379\n|switch|p2a: Iron Valiant|Iron Valiant|44\/100\n|move|p1a: Brambleghast|Spikes|p2a: Iron Valiant\n|-sidestart|p2: grass knot zygarde|Spikes\n|\n|-heal|p2a: Iron Valiant|51\/100|[from] Grassy Terrain\n|-heal|p1a: Brambleghast|94\/100|[from] Grassy Terrain\n|upkeep\n|turn|11\n|\n|t:|1700207389\n|switch|p1a: Basculegion|Basculegion, M|10\/100\n|-damage|p1a: Basculegion|0 fnt|[from] Stealth Rock\n|faint|p1a: Basculegion\n|move|p2a: Iron Valiant|Encore|p1: Basculegion|[notarget]\n|-fail|p2a: Iron Valiant\n|\n|-heal|p2a: Iron Valiant|57\/100|[from] Grassy Terrain\n|upkeep\n|\n|t:|1700207393\n|switch|p1a: Kleavor|Kleavor, M|100\/100\n|-damage|p1a: Kleavor|76\/100|[from] Stealth Rock\n|turn|12\n|\n|t:|1700207399\n|move|p2a: Iron Valiant|Moonblast|p1a: Kleavor\n|-damage|p1a: Kleavor|0 fnt\n|faint|p1a: Kleavor\n|\n|-heal|p2a: Iron Valiant|63\/100|[from] Grassy Terrain\n|upkeep\n|\n|t:|1700207401\n|switch|p1a: Dragapult|Dragapult, M|100\/100\n|-damage|p1a: Dragapult|88\/100|[from] Stealth Rock\n|turn|13\n|\n|t:|1700207407\n|move|p1a: Dragapult|Phantom Force||[still]\n|-prepare|p1a: Dragapult|Phantom Force\n|move|p2a: Iron Valiant|Moonblast|p1a: Dragapult|[miss]\n|-miss|p2a: Iron Valiant|p1a: Dragapult\n|\n|-heal|p2a: Iron Valiant|69\/100|[from] Grassy Terrain\n|-fieldend|move: Grassy Terrain\n|upkeep\n|turn|14\n|\n|t:|1700207410\n|move|p1a: Dragapult|Phantom Force|p2a: Iron Valiant|[from]lockedmove\n|-damage|p2a: Iron Valiant|16\/100\n|move|p2a: Iron Valiant|Moonblast|p1a: Dragapult\n|-supereffective|p1a: Dragapult\n|-damage|p1a: Dragapult|0 fnt\n|faint|p1a: Dragapult\n|\n|upkeep\n|\n|t:|1700207414\n|switch|p1a: Kingambit|Kingambit, F|100\/100\n|-damage|p1a: Kingambit|94\/100|[from] Stealth Rock\n|-activate|p1a: Kingambit|ability: Supreme Overlord\n|-start|p1a: Kingambit|fallen4|[silent]\n|turn|15\n|\n|t:|1700207420\n|move|p2a: Iron Valiant|Moonblast|p1a: Kingambit\n|-damage|p1a: Kingambit|36\/100\n|move|p1a: Kingambit|Iron Head|p2a: Iron Valiant\n|-supereffective|p2a: Iron Valiant\n|-damage|p2a: Iron Valiant|0 fnt\n|faint|p2a: Iron Valiant\n|-end|p2a: Iron Valiant|Quark Drive|[silent]\n|-damage|p1a: Kingambit|26\/100|[from] item: Life Orb\n|\n|upkeep\n|\n|t:|1700207425\n|switch|p2a: Cinderace|Cinderace, M|33\/100\n|turn|16\n|\n|t:|1700207428\n|move|p2a: Cinderace|Will-O-Wisp|p1a: Kingambit\n|-status|p1a: Kingambit|brn\n|move|p1a: Kingambit|Kowtow Cleave|p2a: Cinderace\n|-damage|p2a: Cinderace|0 fnt\n|faint|p2a: Cinderace\n|-damage|p1a: Kingambit|16\/100 brn|[from] item: Life Orb\n|\n|-damage|p1a: Kingambit|10\/100 brn|[from] brn\n|upkeep\n|-message|ouzd king bandit forfeited.\n|\n|win|grass knot zygarde\n|raw|ouzd king bandit's rating: 1470 &rarr; <strong>1453<\/strong><br \/>(-17 for losing)\n|raw|grass knot zygarde's rating: 1515 &rarr; <strong>1532<\/strong><br \/>(+17 for winning)\n|l|\u2606ouzd king bandit\n","uploadtime":1700207447,"views":12,"p1id":"ouzdkingbandit","p2id":"grassknotzygarde","formatid":"gen9ou","rating":1453,"private":0,"password":""}