{"id":"gen9ou-1996497476","p1":"GforGamer","p2":"Appelpeer69","format":"[Gen 9] OU","log":"|j|\u2606GforGamer\n|j|\u2606Appelpeer69\n|t:|1700687787\n|gametype|singles\n|player|p1|GforGamer|palmer|1181\n|player|p2|Appelpeer69|dawn|1187\n|teamsize|p1|6\n|teamsize|p2|6\n|gen|9\n|tier|[Gen 9] OU\n|rated|\n|rule|Sleep Clause Mod: Limit one foe put to sleep\n|rule|Species Clause: Limit one of each Pok\u00e9mon\n|rule|OHKO Clause: OHKO moves are banned\n|rule|Evasion Items Clause: Evasion items are banned\n|rule|Evasion Moves Clause: Evasion moves are banned\n|rule|Endless Battle Clause: Forcing endless battles is banned\n|rule|HP Percentage Mod: HP is shown in percentages\n|clearpoke\n|poke|p1|Iron Valiant|\n|poke|p1|Toxapex, F|\n|poke|p1|Mandibuzz, F|\n|poke|p1|Dragapult, F|\n|poke|p1|Ting-Lu|\n|poke|p1|Gholdengo|\n|poke|p2|Torkoal, M|\n|poke|p2|Walking Wake|\n|poke|p2|Great Tusk|\n|poke|p2|Landorus-Therian, M|\n|poke|p2|Garganacl, M|\n|poke|p2|Iron Valiant|\n|teampreview\n|inactive|Battle timer is ON: inactive players will automatically lose when time's up. (requested by Appelpeer69)\n|\n|t:|1700687801\n|start\n|switch|p1a: Ting-Lu|Ting-Lu|100\/100\n|switch|p2a: Great Tusk|Great Tusk|100\/100\n|-ability|p1a: Ting-Lu|Vessel of Ruin\n|turn|1\n|\n|t:|1700687820\n|move|p2a: Great Tusk|Ice Spinner|p1a: Ting-Lu\n|-supereffective|p1a: Ting-Lu\n|-damage|p1a: Ting-Lu|64\/100\n|move|p1a: Ting-Lu|Stealth Rock|p2a: Great Tusk\n|-sidestart|p2: Appelpeer69|move: Stealth Rock\n|\n|-heal|p1a: Ting-Lu|70\/100|[from] item: Leftovers\n|upkeep\n|turn|2\n|\n|t:|1700687831\n|move|p2a: Great Tusk|Ice Spinner|p1a: Ting-Lu\n|-supereffective|p1a: Ting-Lu\n|-damage|p1a: Ting-Lu|35\/100\n|move|p1a: Ting-Lu|Whirlwind|p2a: Great Tusk\n|-end|p2a: Great Tusk|Protosynthesis|[silent]\n|drag|p2a: Torkoal|Torkoal, M|100\/100\n|-damage|p2a: Torkoal|75\/100|[from] Stealth Rock\n|-weather|SunnyDay|[from] ability: Drought|[of] p2a: Torkoal\n|\n|-weather|SunnyDay|[upkeep]\n|-heal|p1a: Ting-Lu|41\/100|[from] item: Leftovers\n|upkeep\n|turn|3\n|\n|t:|1700687848\n|move|p2a: Torkoal|Rapid Spin|p1a: Ting-Lu\n|-damage|p1a: Ting-Lu|37\/100\n|-boost|p2a: Torkoal|spe|1\n|-sideend|p2: Appelpeer69|Stealth Rock|[from] move: Rapid Spin|[of] p2a: Torkoal\n|move|p1a: Ting-Lu|Whirlwind|p2a: Torkoal\n|drag|p2a: Garganacl|Garganacl, M|100\/100\n|\n|-weather|SunnyDay|[upkeep]\n|-heal|p1a: Ting-Lu|44\/100|[from] item: Leftovers\n|upkeep\n|turn|4\n|inactive|Appelpeer69 has 120 seconds left.\n|\n|t:|1700687875\n|move|p1a: Ting-Lu|Ruination|p2a: Garganacl\n|-damage|p2a: Garganacl|50\/100\n|move|p2a: Garganacl|Stealth Rock|p1a: Ting-Lu\n|-sidestart|p1: GforGamer|move: Stealth Rock\n|\n|-weather|SunnyDay|[upkeep]\n|-heal|p1a: Ting-Lu|50\/100|[from] item: Leftovers\n|-heal|p2a: Garganacl|57\/100|[from] item: Leftovers\n|upkeep\n|turn|5\n|inactive|Appelpeer69 has 120 seconds left.\n|\n|t:|1700687885\n|move|p1a: Ting-Lu|Stealth Rock|p2a: Garganacl\n|-sidestart|p2: Appelpeer69|move: Stealth Rock\n|move|p2a: Garganacl|Salt Cure|p1a: Ting-Lu\n|-resisted|p1a: Ting-Lu\n|-damage|p1a: Ting-Lu|47\/100\n|-start|p1a: Ting-Lu|Salt Cure\n|\n|-weather|SunnyDay|[upkeep]\n|-heal|p1a: Ting-Lu|53\/100|[from] item: Leftovers\n|-heal|p2a: Garganacl|63\/100|[from] item: Leftovers\n|-damage|p1a: Ting-Lu|41\/100|[from] Salt Cure\n|upkeep\n|turn|6\n|inactive|Appelpeer69 has 120 seconds left.\n|\n|t:|1700687897\n|move|p2a: Garganacl|Protect|p2a: Garganacl\n|-singleturn|p2a: Garganacl|Protect\n|move|p1a: Ting-Lu|Whirlwind|p2a: Garganacl\n|drag|p2a: Torkoal|Torkoal, M|75\/100\n|-damage|p2a: Torkoal|50\/100|[from] Stealth Rock\n|\n|-weather|SunnyDay|[upkeep]\n|-heal|p1a: Ting-Lu|47\/100|[from] item: Leftovers\n|-damage|p1a: Ting-Lu|35\/100|[from] Salt Cure\n|upkeep\n|turn|7\n|inactive|Appelpeer69 has 120 seconds left.\n|\n|t:|1700687918\n|switch|p1a: Gholdengo|Gholdengo|100\/100\n|-damage|p1a: Gholdengo|94\/100|[from] Stealth Rock\n|move|p2a: Torkoal|Rapid Spin|p1a: Gholdengo\n|-immune|p1a: Gholdengo\n|\n|-weather|SunnyDay|[upkeep]\n|upkeep\n|turn|8\n|\n|t:|1700687933\n|move|p1a: Gholdengo|Shadow Ball|p2a: Torkoal\n|-damage|p2a: Torkoal|0 fnt\n|faint|p2a: Torkoal\n|\n|-weather|SunnyDay|[upkeep]\n|upkeep\n|inactive|Appelpeer69 has 90 seconds left.\n|\n|t:|1700687954\n|switch|p2a: Walking Wake|Walking Wake|100\/100\n|-damage|p2a: Walking Wake|88\/100|[from] Stealth Rock\n|-activate|p2a: Walking Wake|ability: Protosynthesis\n|-start|p2a: Walking Wake|protosynthesisspe\n|turn|9\n|inactive|Appelpeer69 has 90 seconds left.\n|\n|t:|1700687965\n|switch|p1a: Toxapex|Toxapex, F|100\/100\n|-damage|p1a: Toxapex|88\/100|[from] Stealth Rock\n|move|p2a: Walking Wake|Weather Ball|p1a: Toxapex\n|-resisted|p1a: Toxapex\n|-damage|p1a: Toxapex|65\/100\n|-damage|p2a: Walking Wake|78\/100|[from] item: Life Orb\n|\n|-weather|none\n|-end|p2a: Walking Wake|Protosynthesis\n|upkeep\n|turn|10\n|inactive|Appelpeer69 has 90 seconds left.\n|\n|t:|1700687980\n|-end|p2a: Walking Wake|Protosynthesis|[silent]\n|switch|p2a: Garganacl|Garganacl, M|63\/100\n|-damage|p2a: Garganacl|50\/100|[from] Stealth Rock\n|move|p1a: Toxapex|Infestation|p2a: Garganacl\n|-damage|p2a: Garganacl|48\/100\n|-activate|p2a: Garganacl|move: Infestation|[of] p1a: Toxapex\n|\n|-heal|p2a: Garganacl|54\/100|[from] item: Leftovers\n|-damage|p2a: Garganacl|42\/100|[from] move: Infestation|[partiallytrapped]\n|upkeep\n|turn|11\n|inactive|Appelpeer69 has 90 seconds left.\n|\n|t:|1700687993\n|move|p1a: Toxapex|Baneful Bunker|p1a: Toxapex\n|-singleturn|p1a: Toxapex|move: Protect\n|move|p2a: Garganacl|Salt Cure|p1a: Toxapex\n|-activate|p1a: Toxapex|move: Protect\n|\n|-heal|p2a: Garganacl|48\/100|[from] item: Leftovers\n|-damage|p2a: Garganacl|36\/100|[from] move: Infestation|[partiallytrapped]\n|upkeep\n|turn|12\n|inactive|Appelpeer69 has 90 seconds left.\n|\n|t:|1700688010\n|move|p1a: Toxapex|Toxic Spikes|p2a: Garganacl\n|-sidestart|p2: Appelpeer69|move: Toxic Spikes\n|move|p2a: Garganacl|Salt Cure|p1a: Toxapex\n|-damage|p1a: Toxapex|55\/100\n|-start|p1a: Toxapex|Salt Cure\n|\n|-heal|p2a: Garganacl|42\/100|[from] item: Leftovers\n|-damage|p2a: Garganacl|30\/100|[from] move: Infestation|[partiallytrapped]\n|-damage|p1a: Toxapex|30\/100|[from] Salt Cure\n|upkeep\n|turn|13\n|inactive|Appelpeer69 has 90 seconds left.\n|\n|t:|1700688021\n|switch|p1a: Ting-Lu|Ting-Lu|35\/100\n|-damage|p1a: Ting-Lu|28\/100|[from] Stealth Rock\n|-ability|p1a: Ting-Lu|Vessel of Ruin\n|move|p2a: Garganacl|Recover|p2a: Garganacl\n|-heal|p2a: Garganacl|80\/100\n|\n|-heal|p1a: Ting-Lu|35\/100|[from] item: Leftovers\n|-heal|p2a: Garganacl|86\/100|[from] item: Leftovers\n|-end|p2a: Garganacl|Infestation|[partiallytrapped]|[silent]\n|upkeep\n|turn|14\n|inactive|Appelpeer69 has 90 seconds left.\n|\n|t:|1700688035\n|move|p2a: Garganacl|Salt Cure|p1a: Ting-Lu\n|-resisted|p1a: Ting-Lu\n|-damage|p1a: Ting-Lu|32\/100\n|-start|p1a: Ting-Lu|Salt Cure\n|move|p1a: Ting-Lu|Whirlwind|p2a: Garganacl\n|drag|p2a: Landorus|Landorus-Therian, M|100\/100\n|-damage|p2a: Landorus|88\/100|[from] Stealth Rock\n|-ability|p2a: Landorus|Intimidate|boost\n|-unboost|p1a: Ting-Lu|atk|1\n|\n|-heal|p2a: Landorus|94\/100|[from] item: Leftovers\n|-heal|p1a: Ting-Lu|38\/100|[from] item: Leftovers\n|-damage|p1a: Ting-Lu|25\/100|[from] Salt Cure\n|upkeep\n|turn|15\n|inactive|Appelpeer69 has 90 seconds left.\n|\n|t:|1700688056\n|switch|p1a: Mandibuzz|Mandibuzz, F|100\/100\n|move|p2a: Landorus|Stone Edge|p1a: Mandibuzz\n|-supereffective|p1a: Mandibuzz\n|-damage|p1a: Mandibuzz|56\/100\n|\n|-heal|p2a: Landorus|99\/100|[from] item: Leftovers\n|upkeep\n|turn|16\n|\n|t:|1700688068\n|move|p2a: Landorus|Stone Edge|p1a: Mandibuzz\n|-supereffective|p1a: Mandibuzz\n|-damage|p1a: Mandibuzz|10\/100\n|move|p1a: Mandibuzz|Knock Off|p2a: Landorus\n|-damage|p2a: Landorus|77\/100\n|-enditem|p2a: Landorus|Leftovers|[from] move: Knock Off|[of] p1a: Mandibuzz\n|\n|upkeep\n|turn|17\n|\n|t:|1700688081\n|switch|p1a: Toxapex|Toxapex, F|63\/100\n|-damage|p1a: Toxapex|51\/100|[from] Stealth Rock\n|move|p2a: Landorus|U-turn|p1a: Toxapex\n|-resisted|p1a: Toxapex\n|-damage|p1a: Toxapex|40\/100\n|-damage|p2a: Landorus|61\/100|[from] item: Rocky Helmet|[of] p1a: Toxapex\n|\n|t:|1700688096\n|switch|p2a: Garganacl|Garganacl, M|86\/100|[from] U-turn\n|-damage|p2a: Garganacl|74\/100|[from] Stealth Rock\n|\n|-heal|p2a: Garganacl|80\/100|[from] item: Leftovers\n|upkeep\n|turn|18\n|\n|t:|1700688107\n|move|p1a: Toxapex|Baneful Bunker|p1a: Toxapex\n|-singleturn|p1a: Toxapex|move: Protect\n|move|p2a: Garganacl|Salt Cure|p1a: Toxapex\n|-activate|p1a: Toxapex|move: Protect\n|\n|-heal|p2a: Garganacl|86\/100|[from] item: Leftovers\n|upkeep\n|turn|19\n|\n|t:|1700688115\n|switch|p1a: Ting-Lu|Ting-Lu|25\/100\n|-damage|p1a: Ting-Lu|19\/100|[from] Stealth Rock\n|-ability|p1a: Ting-Lu|Vessel of Ruin\n|move|p2a: Garganacl|Salt Cure|p1a: Ting-Lu\n|-resisted|p1a: Ting-Lu\n|-damage|p1a: Ting-Lu|16\/100\n|-start|p1a: Ting-Lu|Salt Cure\n|\n|-heal|p1a: Ting-Lu|22\/100|[from] item: Leftovers\n|-heal|p2a: Garganacl|92\/100|[from] item: Leftovers\n|-damage|p1a: Ting-Lu|10\/100|[from] Salt Cure\n|upkeep\n|turn|20\n|\n|t:|1700688131\n|move|p1a: Ting-Lu|Ruination|p2a: Garganacl\n|-damage|p2a: Garganacl|46\/100\n|move|p2a: Garganacl|Recover|p2a: Garganacl\n|-heal|p2a: Garganacl|96\/100\n|\n|-heal|p1a: Ting-Lu|16\/100|[from] item: Leftovers\n|-heal|p2a: Garganacl|100\/100|[from] item: Leftovers\n|-damage|p1a: Ting-Lu|4\/100|[from] Salt Cure\n|upkeep\n|turn|21\n|\n|t:|1700688143\n|move|p1a: Ting-Lu|Ruination|p2a: Garganacl\n|-damage|p2a: Garganacl|50\/100\n|move|p2a: Garganacl|Salt Cure|p1a: Ting-Lu\n|-resisted|p1a: Ting-Lu\n|-damage|p1a: Ting-Lu|1\/100\n|\n|-heal|p1a: Ting-Lu|7\/100|[from] item: Leftovers\n|-heal|p2a: Garganacl|57\/100|[from] item: Leftovers\n|-damage|p1a: Ting-Lu|0 fnt|[from] Salt Cure\n|faint|p1a: Ting-Lu\n|upkeep\n|\n|t:|1700688151\n|switch|p1a: Gholdengo|Gholdengo|94\/100\n|-damage|p1a: Gholdengo|88\/100|[from] Stealth Rock\n|turn|22\n|\n|t:|1700688160\n|-terastallize|p1a: Gholdengo|Steel\n|move|p2a: Garganacl|Protect|p2a: Garganacl\n|-singleturn|p2a: Garganacl|Protect\n|move|p1a: Gholdengo|Make It Rain|p2a: Garganacl\n|-activate|p2a: Garganacl|move: Protect\n|\n|-heal|p2a: Garganacl|63\/100|[from] item: Leftovers\n|upkeep\n|turn|23\n|\n|t:|1700688183\n|switch|p2a: Walking Wake|Walking Wake|78\/100\n|-damage|p2a: Walking Wake|66\/100|[from] Stealth Rock\n|-status|p2a: Walking Wake|psn\n|move|p1a: Gholdengo|Make It Rain|p2a: Walking Wake\n|-resisted|p2a: Walking Wake\n|-damage|p2a: Walking Wake|16\/100 psn\n|-unboost|p1a: Gholdengo|spa|1\n|\n|-damage|p2a: Walking Wake|3\/100 psn|[from] psn\n|upkeep\n|turn|24\n|\n|t:|1700688199\n|move|p1a: Gholdengo|Make It Rain|p2a: Walking Wake\n|-resisted|p2a: Walking Wake\n|-damage|p2a: Walking Wake|0 fnt\n|-unboost|p1a: Gholdengo|spa|1\n|faint|p2a: Walking Wake\n|-end|p2a: Walking Wake|Protosynthesis|[silent]\n|\n|upkeep\n|inactive|Appelpeer69 has 60 seconds left.\n|\n|t:|1700688221\n|switch|p2a: Garganacl|Garganacl, M|63\/100\n|-damage|p2a: Garganacl|50\/100|[from] Stealth Rock\n|turn|25\n|\n|t:|1700688232\n|move|p1a: Gholdengo|Make It Rain|p2a: Garganacl\n|-supereffective|p2a: Garganacl\n|-damage|p2a: Garganacl|0 fnt\n|-unboost|p1a: Gholdengo|spa|1\n|faint|p2a: Garganacl\n|\n|upkeep\n|\n|t:|1700688241\n|switch|p2a: Iron Valiant|Iron Valiant|100\/100\n|-damage|p2a: Iron Valiant|94\/100|[from] Stealth Rock\n|-status|p2a: Iron Valiant|psn\n|-enditem|p2a: Iron Valiant|Booster Energy\n|-activate|p2a: Iron Valiant|ability: Quark Drive|[fromitem]\n|-start|p2a: Iron Valiant|quarkdrivespe\n|turn|26\n|inactive|Appelpeer69 has 60 seconds left.\n|\n|t:|1700688264\n|switch|p1a: Mandibuzz|Mandibuzz, F|10\/100\n|move|p2a: Iron Valiant|Close Combat|p1a: Mandibuzz\n|-damage|p1a: Mandibuzz|0 fnt\n|-unboost|p2a: Iron Valiant|def|1\n|-unboost|p2a: Iron Valiant|spd|1\n|faint|p1a: Mandibuzz\n|\n|-damage|p2a: Iron Valiant|82\/100 psn|[from] psn\n|upkeep\n|\n|t:|1700688272\n|switch|p1a: Gholdengo|Gholdengo, tera:Steel|88\/100\n|-damage|p1a: Gholdengo|82\/100|[from] Stealth Rock\n|turn|27\n|inactive|Appelpeer69 has 60 seconds left.\n|\n|t:|1700688279\n|move|p2a: Iron Valiant|Close Combat|p1a: Gholdengo\n|-supereffective|p1a: Gholdengo\n|-damage|p1a: Gholdengo|0 fnt\n|-unboost|p2a: Iron Valiant|def|1\n|-unboost|p2a: Iron Valiant|spd|1\n|faint|p1a: Gholdengo\n|\n|-damage|p2a: Iron Valiant|69\/100 psn|[from] psn\n|upkeep\n|\n|t:|1700688283\n|switch|p1a: Toxapex|Toxapex, F|74\/100\n|-damage|p1a: Toxapex|61\/100|[from] Stealth Rock\n|turn|28\n|\n|t:|1700688294\n|move|p1a: Toxapex|Baneful Bunker|p1a: Toxapex\n|-singleturn|p1a: Toxapex|move: Protect\n|move|p2a: Iron Valiant|Knock Off|p1a: Toxapex\n|-activate|p1a: Toxapex|move: Protect\n|\n|-damage|p2a: Iron Valiant|57\/100 psn|[from] psn\n|upkeep\n|turn|29\n|\n|t:|1700688303\n|move|p2a: Iron Valiant|Knock Off|p1a: Toxapex\n|-damage|p1a: Toxapex|37\/100\n|-damage|p2a: Iron Valiant|40\/100 psn|[from] item: Rocky Helmet|[of] p1a: Toxapex\n|-enditem|p1a: Toxapex|Rocky Helmet|[from] move: Knock Off|[of] p2a: Iron Valiant\n|move|p1a: Toxapex|Infestation|p2a: Iron Valiant\n|-resisted|p2a: Iron Valiant\n|-damage|p2a: Iron Valiant|38\/100 psn\n|-activate|p2a: Iron Valiant|move: Infestation|[of] p1a: Toxapex\n|\n|-damage|p2a: Iron Valiant|26\/100 psn|[from] psn\n|-damage|p2a: Iron Valiant|13\/100 psn|[from] move: Infestation|[partiallytrapped]\n|upkeep\n|turn|30\n|inactive|Appelpeer69 has 60 seconds left.\n|\n|t:|1700688325\n|move|p2a: Iron Valiant|Close Combat|p1a: Toxapex\n|-resisted|p1a: Toxapex\n|-damage|p1a: Toxapex|16\/100\n|-unboost|p2a: Iron Valiant|def|1\n|-unboost|p2a: Iron Valiant|spd|1\n|move|p1a: Toxapex|Liquidation|p2a: Iron Valiant\n|-damage|p2a: Iron Valiant|0 fnt\n|faint|p2a: Iron Valiant\n|-end|p2a: Iron Valiant|Quark Drive|[silent]\n|\n|upkeep\n|inactive|Appelpeer69 has 60 seconds left.\n|\n|t:|1700688341\n|switch|p2a: Landorus|Landorus-Therian, M|61\/100\n|-damage|p2a: Landorus|49\/100|[from] Stealth Rock\n|-ability|p2a: Landorus|Intimidate|boost\n|-unboost|p1a: Toxapex|atk|1\n|turn|31\n|\n|t:|1700688352\n|move|p1a: Toxapex|Baneful Bunker|p1a: Toxapex\n|-singleturn|p1a: Toxapex|move: Protect\n|move|p2a: Landorus|Earthquake|p1a: Toxapex\n|-activate|p1a: Toxapex|move: Protect\n|\n|upkeep\n|turn|32\n|\n|t:|1700688370\n|move|p2a: Landorus|Earthquake|p1a: Toxapex\n|-supereffective|p1a: Toxapex\n|-damage|p1a: Toxapex|0 fnt\n|faint|p1a: Toxapex\n|\n|upkeep\n|\n|t:|1700688372\n|switch|p1a: Dragapult|Dragapult, F|100\/100\n|-damage|p1a: Dragapult|88\/100|[from] Stealth Rock\n|turn|33\n|inactive|Appelpeer69 has 60 seconds left.\n|\n|t:|1700688386\n|move|p1a: Dragapult|Phantom Force||[still]\n|-prepare|p1a: Dragapult|Phantom Force\n|move|p2a: Landorus|Earthquake|p1a: Dragapult|[miss]\n|-miss|p2a: Landorus|p1a: Dragapult\n|\n|upkeep\n|turn|34\n|\n|t:|1700688392\n|move|p1a: Dragapult|Phantom Force|p2a: Landorus|[from]lockedmove\n|-crit|p2a: Landorus\n|-damage|p2a: Landorus|0 fnt\n|faint|p2a: Landorus\n|\n|upkeep\n|inactive|Appelpeer69 has 60 seconds left.\n|\n|t:|1700688403\n|switch|p2a: Great Tusk|Great Tusk|100\/100\n|-damage|p2a: Great Tusk|98\/100|[from] Stealth Rock\n|-status|p2a: Great Tusk|psn\n|turn|35\n|inactive|Appelpeer69 has 60 seconds left.\n|\n|t:|1700688416\n|move|p1a: Dragapult|Phantom Force||[still]\n|-prepare|p1a: Dragapult|Phantom Force\n|move|p2a: Great Tusk|Headlong Rush|p1a: Dragapult|[miss]\n|-miss|p2a: Great Tusk|p1a: Dragapult\n|\n|-damage|p2a: Great Tusk|85\/100 psn|[from] psn\n|upkeep\n|turn|36\n|\n|t:|1700688423\n|move|p1a: Dragapult|Phantom Force|p2a: Great Tusk|[from]lockedmove\n|-damage|p2a: Great Tusk|43\/100 psn\n|move|p2a: Great Tusk|Headlong Rush|p1a: Dragapult\n|-damage|p1a: Dragapult|0 fnt\n|-unboost|p2a: Great Tusk|def|1\n|-unboost|p2a: Great Tusk|spd|1\n|faint|p1a: Dragapult\n|\n|-damage|p2a: Great Tusk|30\/100 psn|[from] psn\n|upkeep\n|\n|t:|1700688428\n|switch|p1a: Iron Valiant|Iron Valiant|100\/100\n|-damage|p1a: Iron Valiant|94\/100|[from] Stealth Rock\n|-enditem|p1a: Iron Valiant|Booster Energy\n|-activate|p1a: Iron Valiant|ability: Quark Drive|[fromitem]\n|-start|p1a: Iron Valiant|quarkdrivespe\n|turn|37\n|\n|t:|1700688440\n|move|p1a: Iron Valiant|Moonblast|p2a: Great Tusk\n|-supereffective|p2a: Great Tusk\n|-damage|p2a: Great Tusk|0 fnt\n|faint|p2a: Great Tusk\n|-end|p2a: Great Tusk|Protosynthesis|[silent]\n|\n|win|GforGamer\n|raw|GforGamer's rating: 1181 &rarr; <strong>1206<\/strong><br \/>(+25 for winning)\n|raw|Appelpeer69's rating: 1187 &rarr; <strong>1162<\/strong><br \/>(-25 for losing)\n","uploadtime":1700688453,"views":3,"p1id":"gforgamer","p2id":"appelpeer69","formatid":"gen9ou","rating":1162,"private":0,"password":""}