{"id":"gen9ou-1991123641","p1":"tua94892","p2":"Pescatorius","format":"[Gen 9] OU","log":"|j|\u2606tua94892\n|j|\u2606Pescatorius\n|t:|1700046543\n|gametype|singles\n|player|p1|tua94892|2|1366\n|player|p2|Pescatorius|1|1341\n|teamsize|p1|6\n|teamsize|p2|6\n|gen|9\n|tier|[Gen 9] OU\n|rated|\n|rule|Sleep Clause Mod: Limit one foe put to sleep\n|rule|Species Clause: Limit one of each Pok\u00e9mon\n|rule|OHKO Clause: OHKO moves are banned\n|rule|Evasion Items Clause: Evasion items are banned\n|rule|Evasion Moves Clause: Evasion moves are banned\n|rule|Endless Battle Clause: Forcing endless battles is banned\n|rule|HP Percentage Mod: HP is shown in percentages\n|clearpoke\n|poke|p1|Lokix, F|\n|poke|p1|Enamorus, F|\n|poke|p1|Cinderace, F|\n|poke|p1|Basculegion-F, F|\n|poke|p1|Iron Moth|\n|poke|p1|Iron Treads|\n|poke|p2|Rillaboom, M|\n|poke|p2|Gholdengo|\n|poke|p2|Sneasler, M|\n|poke|p2|Greninja-*, M|\n|poke|p2|Corviknight, F|\n|poke|p2|Landorus-Therian, M|\n|teampreview\n|inactive|Battle timer is ON: inactive players will automatically lose when time's up. (requested by Pescatorius)\n|\n|t:|1700046564\n|start\n|switch|p1a: Iron Moth|Iron Moth|100\/100\n|switch|p2a: Landorus|Landorus-Therian, M|100\/100\n|-ability|p2a: Landorus|Intimidate|boost\n|-unboost|p1a: Iron Moth|atk|1\n|turn|1\n|\n|t:|1700046588\n|move|p1a: Iron Moth|Overheat|p2a: Landorus\n|-damage|p2a: Landorus|44\/100\n|-unboost|p1a: Iron Moth|spa|2\n|move|p2a: Landorus|Earthquake|p1a: Iron Moth\n|-supereffective|p1a: Iron Moth\n|-enditem|p1a: Iron Moth|Focus Sash\n|-damage|p1a: Iron Moth|1\/100\n|\n|-heal|p2a: Landorus|50\/100|[from] item: Leftovers\n|upkeep\n|turn|2\n|\n|t:|1700046600\n|-end|p1a: Iron Moth|Quark Drive|[silent]\n|switch|p1a: Enamorus|Enamorus, F|100\/100\n|move|p2a: Landorus|Stealth Rock|p1a: Enamorus\n|-sidestart|p1: tua94892|move: Stealth Rock\n|\n|-heal|p2a: Landorus|56\/100|[from] item: Leftovers\n|upkeep\n|turn|3\n|\n|t:|1700046607\n|move|p1a: Enamorus|Substitute|p1a: Enamorus\n|-start|p1a: Enamorus|Substitute\n|-damage|p1a: Enamorus|76\/100\n|move|p2a: Landorus|Taunt|p1a: Enamorus\n|-start|p1a: Enamorus|move: Taunt\n|\n|-heal|p1a: Enamorus|82\/100|[from] item: Leftovers\n|-heal|p2a: Landorus|62\/100|[from] item: Leftovers\n|upkeep\n|turn|4\n|\n|t:|1700046615\n|move|p1a: Enamorus|Moonblast|p2a: Landorus\n|-damage|p2a: Landorus|25\/100\n|-unboost|p2a: Landorus|spa|1\n|move|p2a: Landorus|U-turn|p1a: Enamorus\n|-resisted|p1a: Enamorus\n|-activate|p1a: Enamorus|move: Substitute|[damage]\n|\n|t:|1700046630\n|switch|p2a: Gholdengo|Gholdengo|100\/100|[from] U-turn\n|-item|p2a: Gholdengo|Air Balloon\n|\n|-heal|p1a: Enamorus|88\/100|[from] item: Leftovers\n|upkeep\n|turn|5\n|\n|t:|1700046637\n|move|p1a: Enamorus|Moonblast|p2a: Gholdengo\n|-resisted|p2a: Gholdengo\n|-damage|p2a: Gholdengo|69\/100\n|-unboost|p2a: Gholdengo|spa|1\n|-enditem|p2a: Gholdengo|Air Balloon\n|move|p2a: Gholdengo|Shadow Ball|p1a: Enamorus\n|-end|p1a: Enamorus|Substitute\n|\n|-heal|p1a: Enamorus|94\/100|[from] item: Leftovers\n|upkeep\n|turn|6\n|\n|t:|1700046647\n|move|p1a: Enamorus|Earth Power|p2a: Gholdengo\n|-supereffective|p2a: Gholdengo\n|-damage|p2a: Gholdengo|0 fnt\n|faint|p2a: Gholdengo\n|\n|-heal|p1a: Enamorus|100\/100|[from] item: Leftovers\n|-end|p1a: Enamorus|move: Taunt\n|upkeep\n|\n|t:|1700046650\n|switch|p2a: Greninja|Greninja, M|100\/100\n|turn|7\n|\n|t:|1700046659\n|-terastallize|p1a: Enamorus|Steel\n|move|p2a: Greninja|Ice Beam|p1a: Enamorus\n|-resisted|p1a: Enamorus\n|-damage|p1a: Enamorus|81\/100\n|move|p1a: Enamorus|Moonblast|p2a: Greninja\n|-supereffective|p2a: Greninja\n|-damage|p2a: Greninja|0 fnt\n|faint|p2a: Greninja\n|\n|-heal|p1a: Enamorus|87\/100|[from] item: Leftovers\n|upkeep\n|\n|t:|1700046668\n|switch|p2a: Landorus|Landorus-Therian, M|25\/100\n|-ability|p2a: Landorus|Intimidate|boost\n|-boost|p1a: Enamorus|atk|1\n|turn|8\n|\n|t:|1700046672\n|move|p1a: Enamorus|Moonblast|p2a: Landorus\n|-damage|p2a: Landorus|0 fnt\n|faint|p2a: Landorus\n|\n|-heal|p1a: Enamorus|93\/100|[from] item: Leftovers\n|upkeep\n|\n|t:|1700046678\n|switch|p2a: Rillaboom|Rillaboom, M|100\/100\n|-fieldstart|move: Grassy Terrain|[from] ability: Grassy Surge|[of] p2a: Rillaboom\n|turn|9\n|inactive|tua94892 has 120 seconds left.\n|\n|t:|1700046708\n|move|p1a: Enamorus|Substitute|p1a: Enamorus\n|-start|p1a: Enamorus|Substitute\n|-damage|p1a: Enamorus|68\/100\n|move|p2a: Rillaboom|High Horsepower|p1a: Enamorus\n|-supereffective|p1a: Enamorus\n|-end|p1a: Enamorus|Substitute\n|\n|-heal|p1a: Enamorus|75\/100|[from] Grassy Terrain\n|-heal|p1a: Enamorus|81\/100|[from] item: Leftovers\n|upkeep\n|turn|10\n|\n|t:|1700046717\n|move|p1a: Enamorus|Substitute|p1a: Enamorus\n|-start|p1a: Enamorus|Substitute\n|-damage|p1a: Enamorus|56\/100\n|move|p2a: Rillaboom|High Horsepower|p1a: Enamorus\n|-supereffective|p1a: Enamorus\n|-end|p1a: Enamorus|Substitute\n|\n|-heal|p1a: Enamorus|62\/100|[from] Grassy Terrain\n|-heal|p1a: Enamorus|68\/100|[from] item: Leftovers\n|upkeep\n|turn|11\n|\n|t:|1700046726\n|move|p1a: Enamorus|Substitute|p1a: Enamorus\n|-start|p1a: Enamorus|Substitute\n|-damage|p1a: Enamorus|43\/100\n|move|p2a: Rillaboom|High Horsepower|p1a: Enamorus\n|-supereffective|p1a: Enamorus\n|-end|p1a: Enamorus|Substitute\n|\n|-heal|p1a: Enamorus|50\/100|[from] Grassy Terrain\n|-heal|p1a: Enamorus|56\/100|[from] item: Leftovers\n|upkeep\n|turn|12\n|\n|t:|1700046734\n|move|p1a: Enamorus|Substitute|p1a: Enamorus\n|-start|p1a: Enamorus|Substitute\n|-damage|p1a: Enamorus|31\/100\n|move|p2a: Rillaboom|High Horsepower|p1a: Enamorus\n|-supereffective|p1a: Enamorus\n|-end|p1a: Enamorus|Substitute\n|\n|-heal|p1a: Enamorus|37\/100|[from] Grassy Terrain\n|-heal|p1a: Enamorus|43\/100|[from] item: Leftovers\n|upkeep\n|turn|13\n|\n|t:|1700046742\n|move|p1a: Enamorus|Substitute|p1a: Enamorus\n|-start|p1a: Enamorus|Substitute\n|-damage|p1a: Enamorus|18\/100\n|move|p2a: Rillaboom|High Horsepower|p1a: Enamorus\n|-supereffective|p1a: Enamorus\n|-end|p1a: Enamorus|Substitute\n|\n|-heal|p1a: Enamorus|25\/100|[from] Grassy Terrain\n|-heal|p1a: Enamorus|31\/100|[from] item: Leftovers\n|-fieldend|move: Grassy Terrain\n|upkeep\n|turn|14\n|\n|t:|1700046751\n|move|p1a: Enamorus|Substitute|p1a: Enamorus\n|-start|p1a: Enamorus|Substitute\n|-damage|p1a: Enamorus|6\/100\n|move|p2a: Rillaboom|High Horsepower|p1a: Enamorus\n|-supereffective|p1a: Enamorus\n|-end|p1a: Enamorus|Substitute\n|\n|-heal|p1a: Enamorus|12\/100|[from] item: Leftovers\n|upkeep\n|turn|15\n|\n|t:|1700046759\n|move|p1a: Enamorus|Moonblast|p2a: Rillaboom\n|-damage|p2a: Rillaboom|27\/100\n|move|p2a: Rillaboom|High Horsepower|p1a: Enamorus\n|-supereffective|p1a: Enamorus\n|-damage|p1a: Enamorus|0 fnt\n|faint|p1a: Enamorus\n|\n|upkeep\n|\n|t:|1700046766\n|switch|p1a: Cinderace|Cinderace, F|100\/100\n|turn|16\n|\n|t:|1700046772\n|switch|p2a: Corviknight|Corviknight, F|100\/100\n|-ability|p2a: Corviknight|Pressure\n|move|p1a: Cinderace|Pyro Ball|p2a: Corviknight\n|-supereffective|p2a: Corviknight\n|-damage|p2a: Corviknight|37\/100\n|\n|upkeep\n|turn|17\n|\n|t:|1700046779\n|switch|p2a: Rillaboom|Rillaboom, M|27\/100\n|-fieldstart|move: Grassy Terrain|[from] ability: Grassy Surge|[of] p2a: Rillaboom\n|move|p1a: Cinderace|Court Change|p1a: Cinderace\n|-start|p1a: Cinderace|typechange|Normal|[from] ability: Libero\n|-swapsideconditions\n|-activate|p1a: Cinderace|move: Court Change\n|\n|-heal|p2a: Rillaboom|34\/100|[from] Grassy Terrain\n|upkeep\n|turn|18\n|\n|t:|1700046788\n|move|p2a: Rillaboom|Grassy Glide|p1a: Cinderace\n|-damage|p1a: Cinderace|32\/100\n|move|p1a: Cinderace|U-turn|p2a: Rillaboom\n|-supereffective|p2a: Rillaboom\n|-damage|p2a: Rillaboom|0 fnt\n|faint|p2a: Rillaboom\n|\n|t:|1700046796\n|switch|p1a: Iron Moth|Iron Moth|1\/100|[from] U-turn\n|\n|-heal|p1a: Iron Moth|7\/100|[from] Grassy Terrain\n|upkeep\n|\n|t:|1700046799\n|switch|p2a: Sneasler|Sneasler, M|100\/100\n|-damage|p2a: Sneasler|94\/100|[from] Stealth Rock\n|-enditem|p2a: Sneasler|Grassy Seed\n|-boost|p2a: Sneasler|def|1|[from] item: Grassy Seed\n|turn|19\n|\n|t:|1700046806\n|move|p2a: Sneasler|Dire Claw|p1a: Iron Moth\n|-resisted|p1a: Iron Moth\n|-damage|p1a: Iron Moth|0 fnt\n|faint|p1a: Iron Moth\n|-end|p1a: Iron Moth|Quark Drive|[silent]\n|\n|-heal|p2a: Sneasler|100\/100|[from] Grassy Terrain\n|upkeep\n|\n|t:|1700046817\n|switch|p1a: Basculegion|Basculegion-F, F|100\/100\n|turn|20\n|\n|t:|1700046826\n|-terastallize|p2a: Sneasler|Flying\n|move|p2a: Sneasler|Acrobatics|p1a: Basculegion\n|-damage|p1a: Basculegion|22\/100\n|move|p1a: Basculegion|Shadow Ball|p2a: Sneasler\n|-damage|p2a: Sneasler|40\/100\n|\n|-heal|p1a: Basculegion|28\/100|[from] Grassy Terrain\n|upkeep\n|turn|21\n|\n|t:|1700046836\n|move|p2a: Sneasler|Acrobatics|p1a: Basculegion\n|-damage|p1a: Basculegion|0 fnt\n|faint|p1a: Basculegion\n|\n|-fieldend|move: Grassy Terrain\n|upkeep\n|\n|t:|1700046843\n|switch|p1a: Lokix|Lokix, F|100\/100\n|turn|22\n|\n|t:|1700046846\n|move|p1a: Lokix|First Impression|p2a: Sneasler\n|-resisted|p2a: Sneasler\n|-damage|p2a: Sneasler|0 fnt\n|faint|p2a: Sneasler\n|\n|upkeep\n|\n|t:|1700046849\n|switch|p2a: Corviknight|Corviknight, F|37\/100\n|-damage|p2a: Corviknight|24\/100|[from] Stealth Rock\n|-ability|p2a: Corviknight|Pressure\n|turn|23\n|\n|t:|1700046857\n|switch|p1a: Iron Treads|Iron Treads|100\/100\n|-enditem|p1a: Iron Treads|Booster Energy\n|-activate|p1a: Iron Treads|ability: Quark Drive|[fromitem]\n|-start|p1a: Iron Treads|quarkdrivespe\n|move|p2a: Corviknight|Roost|p2a: Corviknight\n|-heal|p2a: Corviknight|74\/100\n|-singleturn|p2a: Corviknight|move: Roost\n|\n|upkeep\n|turn|24\n|\n|t:|1700046865\n|move|p1a: Iron Treads|Stone Edge|p2a: Corviknight|[miss]\n|-miss|p1a: Iron Treads|p2a: Corviknight\n|move|p2a: Corviknight|Iron Defense|p2a: Corviknight\n|-boost|p2a: Corviknight|def|2\n|\n|upkeep\n|turn|25\n|\n|t:|1700046871\n|move|p1a: Iron Treads|Volt Switch|p2a: Corviknight\n|-supereffective|p2a: Corviknight\n|-damage|p2a: Corviknight|53\/100\n|\n|t:|1700046876\n|-end|p1a: Iron Treads|Quark Drive|[silent]\n|switch|p1a: Cinderace|Cinderace, F|32\/100|[from] Volt Switch\n|move|p2a: Corviknight|Iron Defense|p2a: Corviknight\n|-boost|p2a: Corviknight|def|2\n|\n|upkeep\n|turn|26\n|\n|t:|1700046881\n|move|p1a: Cinderace|Pyro Ball|p2a: Corviknight\n|-supereffective|p2a: Corviknight\n|-damage|p2a: Corviknight|35\/100\n|move|p2a: Corviknight|Roost|p2a: Corviknight\n|-heal|p2a: Corviknight|85\/100\n|-singleturn|p2a: Corviknight|move: Roost\n|\n|upkeep\n|turn|27\n|\n|t:|1700046890\n|switch|p1a: Iron Treads|Iron Treads|100\/100\n|move|p2a: Corviknight|Body Press|p1a: Iron Treads\n|-supereffective|p1a: Iron Treads\n|-damage|p1a: Iron Treads|0 fnt\n|faint|p1a: Iron Treads\n|-end|p1a: Iron Treads|Quark Drive|[silent]\n|\n|upkeep\n|-message|tua94892 forfeited.\n|\n|win|Pescatorius\n|raw|tua94892's rating: 1366 &rarr; <strong>1345<\/strong><br \/>(-21 for losing)\n|raw|Pescatorius's rating: 1341 &rarr; <strong>1362<\/strong><br \/>(+21 for winning)\n|l|\u2606tua94892\n","uploadtime":1700046902,"views":9,"p1id":"tua94892","p2id":"pescatorius","formatid":"gen9ou","rating":1345,"private":0,"password":""}