{"id":"gen9ou-1988808759","p1":"Avery9605","p2":"tonyzs","format":"[Gen 9] OU","log":"|j|\u2606Avery9605\n|j|\u2606tonyzs\n|t:|1699766227\n|gametype|singles\n|player|p1|Avery9605|caitlin|1108\n|player|p2|tonyzs|caitlin|1048\n|teamsize|p1|6\n|teamsize|p2|6\n|gen|9\n|tier|[Gen 9] OU\n|rated|\n|rule|Sleep Clause Mod: Limit one foe put to sleep\n|rule|Species Clause: Limit one of each Pok\u00e9mon\n|rule|OHKO Clause: OHKO moves are banned\n|rule|Evasion Items Clause: Evasion items are banned\n|rule|Evasion Moves Clause: Evasion moves are banned\n|rule|Endless Battle Clause: Forcing endless battles is banned\n|rule|HP Percentage Mod: HP is shown in percentages\n|clearpoke\n|poke|p1|Corviknight, M|\n|poke|p1|Alomomola, M|\n|poke|p1|Ceruledge, F|\n|poke|p1|Dragonite, F|\n|poke|p1|Great Tusk|\n|poke|p1|Ogerpon-Wellspring, F|\n|poke|p2|Pelipper, M|\n|poke|p2|Greninja-*, M|\n|poke|p2|Basculegion, M|\n|poke|p2|Zapdos|\n|poke|p2|Sandy Shocks|\n|poke|p2|Scizor, M|\n|teampreview\n|inactive|Battle timer is ON: inactive players will automatically lose when time's up. (requested by tonyzs)\n|\n|t:|1699766239\n|start\n|switch|p1a: Ogerpon|Ogerpon-Wellspring, F|100\/100\n|switch|p2a: Pelipper|Pelipper, M|100\/100\n|-weather|RainDance|[from] ability: Drizzle|[of] p2a: Pelipper\n|turn|1\n|\n|t:|1699766248\n|move|p1a: Ogerpon|Leech Seed|p2a: Pelipper\n|-start|p2a: Pelipper|move: Leech Seed\n|move|p2a: Pelipper|U-turn|p1a: Ogerpon\n|-supereffective|p1a: Ogerpon\n|-damage|p1a: Ogerpon|82\/100\n|\n|t:|1699766262\n|switch|p2a: Zapdos|Zapdos|100\/100|[from] U-turn\n|\n|-weather|RainDance|[upkeep]\n|upkeep\n|turn|2\n|\n|t:|1699766276\n|move|p1a: Ogerpon|Leech Seed|p2a: Zapdos\n|-start|p2a: Zapdos|move: Leech Seed\n|move|p2a: Zapdos|Hurricane|p1a: Ogerpon\n|-supereffective|p1a: Ogerpon\n|-damage|p1a: Ogerpon|1\/100\n|\n|-weather|RainDance|[upkeep]\n|-damage|p2a: Zapdos|88\/100|[from] Leech Seed|[of] p1a: Ogerpon\n|-heal|p1a: Ogerpon|14\/100|[silent]\n|upkeep\n|turn|3\n|\n|t:|1699766290\n|move|p1a: Ogerpon|Ivy Cudgel|p2a: Zapdos\n|-damage|p2a: Zapdos|28\/100\n|move|p2a: Zapdos|Thunder|p1a: Ogerpon\n|-damage|p1a: Ogerpon|0 fnt\n|faint|p1a: Ogerpon\n|\n|-weather|RainDance|[upkeep]\n|upkeep\n|\n|t:|1699766298\n|switch|p1a: Dragonite|Dragonite, F, shiny|100\/100\n|turn|4\n|\n|t:|1699766310\n|switch|p2a: Pelipper|Pelipper, M|100\/100\n|move|p1a: Dragonite|Extreme Speed|p2a: Pelipper\n|-damage|p2a: Pelipper|66\/100\n|\n|-weather|RainDance|[upkeep]\n|upkeep\n|turn|5\n|\n|t:|1699766327\n|switch|p1a: Alomomola|Alomomola, M, shiny|100\/100\n|move|p2a: Pelipper|U-turn|p1a: Alomomola\n|-damage|p1a: Alomomola|94\/100\n|-damage|p2a: Pelipper|50\/100|[from] item: Rocky Helmet|[of] p1a: Alomomola\n|\n|t:|1699766338\n|switch|p2a: Greninja|Greninja, M|100\/100|[from] U-turn\n|\n|-weather|RainDance|[upkeep]\n|upkeep\n|turn|6\n|\n|t:|1699766348\n|move|p2a: Greninja|Dark Pulse|p1a: Alomomola\n|-damage|p1a: Alomomola|53\/100\n|-damage|p2a: Greninja|91\/100|[from] item: Life Orb\n|move|p1a: Alomomola|Flip Turn|p2a: Greninja\n|-resisted|p2a: Greninja\n|-damage|p2a: Greninja|72\/100\n|\n|t:|1699766362\n|switch|p1a: Dragonite|Dragonite, F, shiny|100\/100|[from] Flip Turn\n|\n|-weather|RainDance|[upkeep]\n|upkeep\n|turn|7\n|\n|t:|1699766371\n|move|p2a: Greninja|Ice Beam|p1a: Dragonite\n|-supereffective|p1a: Dragonite\n|-damage|p1a: Dragonite|32\/100\n|-damage|p2a: Greninja|62\/100|[from] item: Life Orb\n|move|p1a: Dragonite|Dragon Claw|p2a: Greninja\n|-damage|p2a: Greninja|0 fnt\n|faint|p2a: Greninja\n|\n|-weather|RainDance|[upkeep]\n|upkeep\n|\n|t:|1699766390\n|switch|p2a: Basculegion|Basculegion, M|100\/100\n|turn|8\n|\n|t:|1699766396\n|switch|p1a: Alomomola|Alomomola, M, shiny|86\/100\n|move|p2a: Basculegion|Aqua Jet|p1a: Alomomola\n|-resisted|p1a: Alomomola\n|-damage|p1a: Alomomola|70\/100\n|-damage|p2a: Basculegion|84\/100|[from] item: Rocky Helmet|[of] p1a: Alomomola\n|\n|-weather|none\n|upkeep\n|turn|9\n|\n|t:|1699766406\n|switch|p2a: Pelipper|Pelipper, M|50\/100\n|-weather|RainDance|[from] ability: Drizzle|[of] p2a: Pelipper\n|move|p1a: Alomomola|Wish|p1a: Alomomola\n|\n|-weather|RainDance|[upkeep]\n|upkeep\n|turn|10\n|\n|t:|1699766415\n|move|p1a: Alomomola|Flip Turn|p2a: Pelipper\n|-resisted|p2a: Pelipper\n|-damage|p2a: Pelipper|38\/100\n|\n|t:|1699766420\n|switch|p1a: Dragonite|Dragonite, F, shiny|32\/100|[from] Flip Turn\n|move|p2a: Pelipper|Ice Beam|p1a: Dragonite\n|-supereffective|p1a: Dragonite\n|-damage|p1a: Dragonite|0 fnt\n|faint|p1a: Dragonite\n|\n|-weather|RainDance|[upkeep]\n|upkeep\n|\n|t:|1699766437\n|switch|p1a: Great Tusk|Great Tusk, shiny|100\/100\n|-enditem|p1a: Great Tusk|Booster Energy\n|-activate|p1a: Great Tusk|ability: Protosynthesis|[fromitem]\n|-start|p1a: Great Tusk|protosynthesisatk\n|turn|11\n|\n|t:|1699766457\n|move|p1a: Great Tusk|Knock Off|p2a: Pelipper\n|-damage|p2a: Pelipper|0 fnt\n|-enditem|p2a: Pelipper|Damp Rock|[from] move: Knock Off|[of] p1a: Great Tusk\n|faint|p2a: Pelipper\n|\n|-weather|RainDance|[upkeep]\n|upkeep\n|\n|t:|1699766465\n|switch|p2a: Basculegion|Basculegion, M|84\/100\n|turn|12\n|\n|t:|1699766473\n|move|p2a: Basculegion|Wave Crash|p1a: Great Tusk\n|-supereffective|p1a: Great Tusk\n|-damage|p1a: Great Tusk|0 fnt\n|faint|p1a: Great Tusk\n|-end|p1a: Great Tusk|Protosynthesis|[silent]\n|-damage|p2a: Basculegion|52\/100|[from] Recoil\n|\n|-weather|RainDance|[upkeep]\n|upkeep\n|\n|t:|1699766484\n|switch|p1a: Ceruledge|Ceruledge, F, shiny|100\/100\n|turn|13\n|\n|t:|1699766488\n|move|p2a: Basculegion|Wave Crash|p1a: Ceruledge\n|-supereffective|p1a: Ceruledge\n|-damage|p1a: Ceruledge|0 fnt\n|faint|p1a: Ceruledge\n|-damage|p2a: Basculegion|27\/100|[from] Recoil\n|\n|-weather|RainDance|[upkeep]\n|upkeep\n|\n|t:|1699766495\n|switch|p1a: Alomomola|Alomomola, M, shiny|100\/100\n|turn|14\n|\n|t:|1699766503\n|-terastallize|p2a: Basculegion|Water\n|move|p2a: Basculegion|Wave Crash|p1a: Alomomola\n|-resisted|p1a: Alomomola\n|-damage|p1a: Alomomola|37\/100\n|-damage|p2a: Basculegion|10\/100|[from] item: Rocky Helmet|[of] p1a: Alomomola\n|-damage|p2a: Basculegion|0 fnt|[from] Recoil\n|faint|p2a: Basculegion\n|move|p1a: Alomomola|Liquidation|p2: Basculegion|[notarget]\n|-fail|p1a: Alomomola\n|\n|-weather|RainDance|[upkeep]\n|upkeep\n|\n|t:|1699766514\n|switch|p2a: Zapdos|Zapdos|28\/100\n|turn|15\n|\n|t:|1699766520\n|move|p2a: Zapdos|Thunder|p1a: Alomomola\n|-supereffective|p1a: Alomomola\n|-damage|p1a: Alomomola|0 fnt\n|faint|p1a: Alomomola\n|\n|-weather|RainDance|[upkeep]\n|upkeep\n|\n|t:|1699766525\n|switch|p1a: Corviknight|Corviknight, M, shiny|100\/100\n|-ability|p1a: Corviknight|Pressure\n|turn|16\n|\n|t:|1699766531\n|move|p2a: Zapdos|Thunder|p1a: Corviknight\n|-supereffective|p1a: Corviknight\n|-damage|p1a: Corviknight|8\/100\n|-status|p1a: Corviknight|par\n|move|p1a: Corviknight|Iron Head|p2a: Zapdos\n|-resisted|p2a: Zapdos\n|-damage|p2a: Zapdos|18\/100\n|\n|-weather|none\n|-heal|p1a: Corviknight|15\/100 par|[from] item: Leftovers\n|upkeep\n|turn|17\n|\n|t:|1699766545\n|-terastallize|p1a: Corviknight|Ground\n|move|p2a: Zapdos|Hurricane|p1a: Corviknight\n|-damage|p1a: Corviknight|0 fnt\n|faint|p1a: Corviknight\n|\n|win|tonyzs\n|raw|Avery9605's rating: 1108 &rarr; <strong>1079<\/strong><br \/>(-29 for losing)\n|raw|tonyzs's rating: 1048 &rarr; <strong>1086<\/strong><br \/>(+38 for winning)\n","uploadtime":1699766551,"views":9,"p1id":"avery9605","p2id":"tonyzs","formatid":"gen9ou","rating":1079,"private":0,"password":""}