{"id":"gen9ou-1992899955","p1":"abcde76543","p2":"NewlyFoundTango","format":"[Gen 9] OU","log":"|j|\u2606abcde76543\n|j|\u2606NewlyFoundTango\n|t:|1700245130\n|gametype|singles\n|player|p1|abcde76543|skierf-gen4dp|1589\n|player|p2|NewlyFoundTango|2|1523\n|teamsize|p1|6\n|teamsize|p2|6\n|gen|9\n|tier|[Gen 9] OU\n|rated|\n|rule|Sleep Clause Mod: Limit one foe put to sleep\n|rule|Species Clause: Limit one of each Pok\u00e9mon\n|rule|OHKO Clause: OHKO moves are banned\n|rule|Evasion Items Clause: Evasion items are banned\n|rule|Evasion Moves Clause: Evasion moves are banned\n|rule|Endless Battle Clause: Forcing endless battles is banned\n|rule|HP Percentage Mod: HP is shown in percentages\n|clearpoke\n|poke|p1|Kingambit, F|\n|poke|p1|Cinderace, F|\n|poke|p1|Dragonite, F|\n|poke|p1|Zapdos|\n|poke|p1|Iron Valiant|\n|poke|p1|Ogerpon-Wellspring, F|\n|poke|p2|Alomomola, F|\n|poke|p2|Slowking-Galar, F|\n|poke|p2|Kingambit, F|\n|poke|p2|Great Tusk|\n|poke|p2|Cinderace, F|\n|poke|p2|Thundurus-Therian, M|\n|teampreview\n|j| IRLFloofy\n|inactive|Battle timer is ON: inactive players will automatically lose when time's up. (requested by abcde76543)\n|inactive|abcde76543 has 120 seconds left.\n|\n|t:|1700245169\n|start\n|switch|p1a: Ogerpon|Ogerpon-Wellspring, F|100\/100\n|switch|p2a: Cinderace|Cinderace, F|100\/100\n|turn|1\n|\n|t:|1700245186\n|switch|p1a: Cinderace|Cinderace, F|100\/100\n|move|p2a: Cinderace|U-turn|p1a: Cinderace\n|-start|p2a: Cinderace|typechange|Bug|[from] ability: Libero\n|-resisted|p1a: Cinderace\n|-damage|p1a: Cinderace|76\/100\n|\n|t:|1700245198\n|switch|p2a: Alomomola|Alomomola, F|100\/100|[from] U-turn\n|\n|upkeep\n|turn|2\n|\n|t:|1700245202\n|move|p1a: Cinderace|U-turn|p2a: Alomomola\n|-damage|p2a: Alomomola|87\/100\n|-enditem|p2a: Alomomola|Red Card|[of] p1a: Cinderace\n|drag|p1a: Kingambit|Kingambit, F|100\/100\n|move|p2a: Alomomola|Scald|p1a: Kingambit\n|-damage|p1a: Kingambit|86\/100\n|\n|-heal|p1a: Kingambit|92\/100|[from] item: Leftovers\n|upkeep\n|turn|3\n|\n|t:|1700245215\n|-end|p1a: Kingambit|fallenundefined|[silent]\n|switch|p1a: Zapdos|Zapdos|100\/100\n|move|p2a: Alomomola|Flip Turn|p1a: Zapdos\n|-damage|p1a: Zapdos|83\/100\n|\n|t:|1700245226\n|switch|p2a: Thundurus|Thundurus-Therian, M|100\/100|[from] Flip Turn\n|\n|upkeep\n|turn|4\n|\n|t:|1700245232\n|move|p2a: Thundurus|Volt Switch|p1a: Zapdos\n|-damage|p1a: Zapdos|28\/100\n|\n|t:|1700245240\n|switch|p2a: Cinderace|Cinderace, F|100\/100|[from] Volt Switch\n|move|p1a: Zapdos|Roost|p1a: Zapdos\n|-heal|p1a: Zapdos|78\/100\n|-singleturn|p1a: Zapdos|move: Roost\n|\n|upkeep\n|turn|5\n|\n|t:|1700245251\n|move|p2a: Cinderace|Pyro Ball|p1a: Zapdos\n|-damage|p1a: Zapdos|23\/100\n|move|p1a: Zapdos|Roost|p1a: Zapdos\n|-heal|p1a: Zapdos|73\/100\n|-singleturn|p1a: Zapdos|move: Roost\n|\n|upkeep\n|turn|6\n|\n|t:|1700245258\n|move|p2a: Cinderace|Pyro Ball|p1a: Zapdos\n|-damage|p1a: Zapdos|11\/100\n|move|p1a: Zapdos|Roost|p1a: Zapdos\n|-heal|p1a: Zapdos|61\/100\n|-singleturn|p1a: Zapdos|move: Roost\n|\n|upkeep\n|turn|7\n|\n|t:|1700245264\n|move|p2a: Cinderace|Pyro Ball|p1a: Zapdos\n|-damage|p1a: Zapdos|0 fnt\n|faint|p1a: Zapdos\n|\n|upkeep\n|\n|t:|1700245270\n|switch|p1a: Cinderace|Cinderace, F|76\/100\n|turn|8\n|\n|t:|1700245277\n|switch|p2a: Alomomola|Alomomola, F|100\/100\n|move|p1a: Cinderace|U-turn|p2a: Alomomola\n|-crit|p2a: Alomomola\n|-damage|p2a: Alomomola|81\/100\n|\n|t:|1700245280\n|switch|p1a: Ogerpon|Ogerpon-Wellspring, F|100\/100|[from] U-turn\n|\n|upkeep\n|turn|9\n|\n|t:|1700245287\n|-terastallize|p2a: Alomomola|Flying\n|move|p1a: Ogerpon|Swords Dance|p1a: Ogerpon\n|-boost|p1a: Ogerpon|atk|2\n|move|p2a: Alomomola|Acrobatics|p1a: Ogerpon\n|-supereffective|p1a: Ogerpon\n|-damage|p1a: Ogerpon|20\/100\n|\n|upkeep\n|turn|10\n|\n|t:|1700245296\n|move|p1a: Ogerpon|Ivy Cudgel|p2a: Alomomola|[anim] Ivy Cudgel Water\n|-damage|p2a: Alomomola|12\/100\n|move|p2a: Alomomola|Acrobatics|p1a: Ogerpon\n|-supereffective|p1a: Ogerpon\n|-damage|p1a: Ogerpon|0 fnt\n|faint|p1a: Ogerpon\n|\n|upkeep\n|\n|t:|1700245304\n|switch|p1a: Dragonite|Dragonite, F|100\/100\n|turn|11\n|\n|t:|1700245318\n|switch|p2a: Great Tusk|Great Tusk|100\/100\n|move|p1a: Dragonite|Dragon Dance|p1a: Dragonite\n|-boost|p1a: Dragonite|atk|1\n|-boost|p1a: Dragonite|spe|1\n|\n|upkeep\n|turn|12\n|\n|t:|1700245331\n|move|p1a: Dragonite|Dragon Claw|p2a: Great Tusk\n|-damage|p2a: Great Tusk|53\/100\n|-damage|p1a: Dragonite|84\/100|[from] item: Rocky Helmet|[of] p2a: Great Tusk\n|move|p2a: Great Tusk|Rapid Spin|p1a: Dragonite\n|-damage|p1a: Dragonite|64\/100\n|-boost|p2a: Great Tusk|spe|1\n|\n|upkeep\n|turn|13\n|\n|t:|1700245340\n|move|p2a: Great Tusk|Ice Spinner|p1a: Dragonite\n|-supereffective|p1a: Dragonite\n|-damage|p1a: Dragonite|0 fnt\n|faint|p1a: Dragonite\n|\n|upkeep\n|j| 0Phux\n|\n|t:|1700245346\n|switch|p1a: WALL-Y|Iron Valiant|100\/100\n|-enditem|p1a: WALL-Y|Booster Energy\n|-activate|p1a: WALL-Y|ability: Quark Drive|[fromitem]\n|-start|p1a: WALL-Y|quarkdrivespe\n|turn|14\n|\n|t:|1700245359\n|-end|p2a: Great Tusk|Protosynthesis|[silent]\n|switch|p2a: Slowking|Slowking-Galar, F|100\/100\n|move|p1a: WALL-Y|Swords Dance|p1a: WALL-Y\n|-boost|p1a: WALL-Y|atk|2\n|\n|upkeep\n|turn|15\n|\n|t:|1700245371\n|move|p1a: WALL-Y|Knock Off|p2a: Slowking\n|-supereffective|p2a: Slowking\n|-damage|p2a: Slowking|0 fnt\n|-enditem|p2a: Slowking|Heavy-Duty Boots|[from] move: Knock Off|[of] p1a: WALL-Y\n|faint|p2a: Slowking\n|\n|upkeep\n|\n|t:|1700245376\n|switch|p2a: Thundurus|Thundurus-Therian, M|100\/100\n|turn|16\n|inactive|abcde76543 has 120 seconds left.\n|\n|t:|1700245430\n|-terastallize|p1a: WALL-Y|Dark\n|move|p1a: WALL-Y|Knock Off|p2a: Thundurus\n|-damage|p2a: Thundurus|0 fnt\n|-enditem|p2a: Thundurus|Choice Specs|[from] move: Knock Off|[of] p1a: WALL-Y\n|faint|p2a: Thundurus\n|\n|upkeep\n|inactive|NewlyFoundTango has 120 seconds left.\n|\n|t:|1700245463\n|switch|p2a: Great Tusk|Great Tusk|53\/100\n|turn|17\n|\n|t:|1700245467\n|move|p1a: WALL-Y|Moonblast|p2a: Great Tusk\n|-supereffective|p2a: Great Tusk\n|-damage|p2a: Great Tusk|0 fnt\n|faint|p2a: Great Tusk\n|-end|p2a: Great Tusk|Protosynthesis|[silent]\n|\n|upkeep\n|-message|NewlyFoundTango forfeited.\n|\n|win|abcde76543\n|raw|abcde76543's rating: 1589 &rarr; <strong>1605<\/strong><br \/>(+16 for winning)\n|raw|NewlyFoundTango's rating: 1523 &rarr; <strong>1507<\/strong><br \/>(-16 for losing)\n|l|\u2606NewlyFoundTango\n|l| IRLFloofy\n","uploadtime":1700245477,"views":37,"p1id":"abcde76543","p2id":"newlyfoundtango","formatid":"gen9ou","rating":1507,"private":0,"password":""}