{"id":"gen9ou-1990821404","p1":"Im dumb srly","p2":"DiputadesIndecises","format":"[Gen 9] OU","log":"|j|\u2606Im dumb srly\n|j|\u2606DiputadesIndecises\n|inactive|Battle timer is ON: inactive players will automatically lose when time's up.\n|t:|1700004292\n|gametype|singles\n|player|p1|Im dumb srly|cheryl|\n|player|p2|DiputadesIndecises|1|\n|teamsize|p1|3\n|teamsize|p2|3\n|gen|9\n|tier|[Gen 9] OU\n|rated|Tournament battle\n|rule|Sleep Clause Mod: Limit one foe put to sleep\n|rule|Species Clause: Limit one of each Pok\u00e9mon\n|rule|OHKO Clause: OHKO moves are banned\n|rule|Evasion Items Clause: Evasion items are banned\n|rule|Evasion Moves Clause: Evasion moves are banned\n|rule|Endless Battle Clause: Forcing endless battles is banned\n|rule|HP Percentage Mod: HP is shown in percentages\n|clearpoke\n|poke|p1|Sinistcha|\n|poke|p1|Chandelure, F|\n|poke|p1|Toedscool, M|\n|poke|p2|Glimmet, M|\n|poke|p2|Kricketune, M|\n|poke|p2|Floatzel, F|\n|teampreview\n|j|*Lady Monita \u2746\n|\n|t:|1700004297\n|start\n|switch|p1a: Toedscool|Toedscool, M, shiny|100\/100\n|switch|p2a: Kricketune|Kricketune, M|100\/100\n|turn|1\n|\n|t:|1700004312\n|move|p2a: Kricketune|Pounce|p1a: Toedscool\n|-supereffective|p1a: Toedscool\n|-enditem|p1a: Toedscool|Focus Sash\n|-damage|p1a: Toedscool|1\/100\n|-unboost|p1a: Toedscool|spe|1\n|move|p1a: Toedscool|Spore|p2a: Kricketune\n|-status|p2a: Kricketune|slp|[from] move: Spore\n|\n|upkeep\n|turn|2\n|\n|t:|1700004320\n|switch|p1a: Chandelure|Chandelure, F, shiny|100\/100\n|cant|p2a: Kricketune|slp\n|\n|upkeep\n|turn|3\n|j| sroven\n|\n|t:|1700004324\n|move|p1a: Chandelure|Overheat|p2a: Kricketune\n|-supereffective|p2a: Kricketune\n|-enditem|p2a: Kricketune|Focus Sash\n|-damage|p2a: Kricketune|1\/100 slp\n|-unboost|p1a: Chandelure|spa|2\n|cant|p2a: Kricketune|slp\n|\n|upkeep\n|turn|4\n|\n|t:|1700004329\n|move|p1a: Chandelure|Tera Blast|p2a: Kricketune\n|-damage|p2a: Kricketune|0 fnt\n|faint|p2a: Kricketune\n|\n|upkeep\n|\n|t:|1700004333\n|switch|p2a: Floatzel|Floatzel, F|100\/100\n|turn|5\n|\n|t:|1700004335\n|switch|p1a: Toedscool|Toedscool, M, shiny|1\/100\n|move|p2a: Floatzel|Wave Crash|p1a: Toedscool\n|-damage|p1a: Toedscool|0 fnt\n|faint|p1a: Toedscool\n|-damage|p2a: Floatzel|99\/100|[from] Recoil\n|\n|upkeep\n|\n|t:|1700004338\n|switch|p1a: Sinistcha|Sinistcha, shiny|100\/100\n|turn|6\n|\n|t:|1700004342\n|-terastallize|p2a: Floatzel|Fire\n|move|p2a: Floatzel|Tera Blast|p1a: Sinistcha|[anim] Tera Blast Fire\n|-supereffective|p1a: Sinistcha\n|-damage|p1a: Sinistcha|42\/100\n|move|p1a: Sinistcha|Matcha Gotcha|p2a: Floatzel\n|-resisted|p2a: Floatzel\n|-damage|p2a: Floatzel|58\/100\n|-heal|p1a: Sinistcha|65\/100|[from] drain|[of] p2a: Floatzel\n|\n|upkeep\n|turn|7\n|\n|t:|1700004348\n|-terastallize|p1a: Sinistcha|Fairy\n|move|p2a: Floatzel|Tera Blast|p1a: Sinistcha|[anim] Tera Blast Fire\n|-damage|p1a: Sinistcha|41\/100\n|move|p1a: Sinistcha|Scald|p2a: Floatzel\n|-supereffective|p2a: Floatzel\n|-damage|p2a: Floatzel|0 fnt\n|faint|p2a: Floatzel\n|\n|upkeep\n|\n|t:|1700004351\n|switch|p2a: Glimmet|Glimmet, M|100\/100\n|turn|8\n|j| E4Everyone\n|\n|t:|1700004354\n|move|p1a: Sinistcha|Scald|p2a: Glimmet\n|-supereffective|p2a: Glimmet\n|-damage|p2a: Glimmet|10\/100\n|move|p2a: Glimmet|Sludge Wave|p1a: Sinistcha\n|-supereffective|p1a: Sinistcha\n|-damage|p1a: Sinistcha|0 fnt\n|faint|p1a: Sinistcha\n|\n|upkeep\n|\n|t:|1700004356\n|switch|p1a: Chandelure|Chandelure, F, shiny|100\/100\n|turn|9\n|c|\u2606DiputadesIndecises|gg\n|c|\u2606Im dumb srly|Gg\n|\n|t:|1700004364\n|move|p1a: Chandelure|Energy Ball|p2a: Glimmet\n|-damage|p2a: Glimmet|0 fnt\n|faint|p2a: Glimmet\n|\n|win|Im dumb srly\n|n|\u2606Im dumb srly|imdumbsrly\n|n|\u2606DiputadesIndecises|diputadesindecises\n|n|*Lady Monita \u2746|ladymonita\n|n| sroven|sroven\n|n| E4Everyone|e4everyone\n","uploadtime":1700004366,"views":12,"p1id":"imdumbsrly","p2id":"diputadesindecises","formatid":"gen9ou","rating":0,"private":0,"password":""}