{"id":"gen9ou-1988775588","p1":"KingBoogs","p2":"ITS SO GLISCOVER","format":"[Gen 9] OU","log":"|j|\u2606KingBoogs\n|j|\u2606ITS SO GLISCOVER\n|t:|1699761563\n|gametype|singles\n|player|p1|KingBoogs|elesa|1069\n|player|p2|ITS SO GLISCOVER|sada-ai|1000\n|teamsize|p1|6\n|teamsize|p2|6\n|gen|9\n|tier|[Gen 9] OU\n|rated|\n|rule|Sleep Clause Mod: Limit one foe put to sleep\n|rule|Species Clause: Limit one of each Pok\u00e9mon\n|rule|OHKO Clause: OHKO moves are banned\n|rule|Evasion Items Clause: Evasion items are banned\n|rule|Evasion Moves Clause: Evasion moves are banned\n|rule|Endless Battle Clause: Forcing endless battles is banned\n|rule|HP Percentage Mod: HP is shown in percentages\n|clearpoke\n|poke|p1|Kommo-o, M|\n|poke|p1|Quaquaval, M|\n|poke|p1|Ceruledge, M|\n|poke|p1|Enamorus, F|\n|poke|p1|Great Tusk|\n|poke|p1|Landorus-Therian, M|\n|poke|p2|Blissey, F|\n|poke|p2|Gliscor, F|\n|poke|p2|Clefable, F|\n|poke|p2|Dondozo, F|\n|poke|p2|Corviknight, F|\n|poke|p2|Toxapex, F|\n|teampreview\n|inactive|Battle timer is ON: inactive players will automatically lose when time's up. (requested by ITS SO GLISCOVER)\n|\n|t:|1699761576\n|start\n|switch|p1a: Kommo-o|Kommo-o, M, shiny|100\/100\n|switch|p2a: Gliscor|Gliscor, F|100\/100\n|turn|1\n|\n|t:|1699761580\n|move|p1a: Kommo-o|Clangorous Soul|p1a: Kommo-o\n|-boost|p1a: Kommo-o|atk|1\n|-boost|p1a: Kommo-o|def|1\n|-boost|p1a: Kommo-o|spa|1\n|-boost|p1a: Kommo-o|spd|1\n|-boost|p1a: Kommo-o|spe|1\n|-damage|p1a: Kommo-o|68\/100\n|move|p2a: Gliscor|Toxic|p1a: Kommo-o\n|-status|p1a: Kommo-o|tox\n|\n|-damage|p1a: Kommo-o|61\/100 tox|[from] psn\n|-status|p2a: Gliscor|tox|[from] item: Toxic Orb\n|upkeep\n|turn|2\n|\n|t:|1699761589\n|move|p2a: Gliscor|Protect|p2a: Gliscor\n|-singleturn|p2a: Gliscor|Protect\n|move|p1a: Kommo-o|Drain Punch|p2a: Gliscor\n|-activate|p2a: Gliscor|move: Protect\n|\n|-damage|p1a: Kommo-o|49\/100 tox|[from] psn\n|upkeep\n|-enditem|p1a: Kommo-o|Sitrus Berry|[eat]\n|-heal|p1a: Kommo-o|74\/100 tox|[from] item: Sitrus Berry\n|turn|3\n|\n|t:|1699761593\n|switch|p2a: Toxapex|Toxapex, F, shiny|100\/100\n|move|p1a: Kommo-o|Drain Punch|p2a: Toxapex\n|-resisted|p2a: Toxapex\n|-damage|p2a: Toxapex|81\/100\n|-heal|p1a: Kommo-o|84\/100 tox|[from] drain|[of] p2a: Toxapex\n|\n|-damage|p1a: Kommo-o|65\/100 tox|[from] psn\n|upkeep\n|turn|4\n|\n|t:|1699761599\n|move|p1a: Kommo-o|Earthquake|p2a: Toxapex\n|-supereffective|p2a: Toxapex\n|-damage|p2a: Toxapex|6\/100\n|move|p2a: Toxapex|Haze|p2a: Toxapex\n|-clearallboost\n|\n|-damage|p1a: Kommo-o|41\/100 tox|[from] psn\n|upkeep\n|turn|5\n|\n|t:|1699761605\n|switch|p2a: Gliscor|Gliscor, F|100\/100 tox\n|move|p1a: Kommo-o|Dragon Claw|p2a: Gliscor\n|-damage|p2a: Gliscor|79\/100 tox\n|\n|-damage|p1a: Kommo-o|10\/100 tox|[from] psn\n|-heal|p2a: Gliscor|91\/100 tox|[from] ability: Poison Heal\n|upkeep\n|turn|6\n|\n|t:|1699761613\n|move|p1a: Kommo-o|Drain Punch|p2a: Gliscor\n|-resisted|p2a: Gliscor\n|-damage|p2a: Gliscor|81\/100 tox\n|-heal|p1a: Kommo-o|16\/100 tox|[from] drain|[of] p2a: Gliscor\n|move|p2a: Gliscor|Spikes|p1a: Kommo-o\n|-sidestart|p1: KingBoogs|Spikes\n|\n|-damage|p1a: Kommo-o|0 fnt|[from] psn\n|faint|p1a: Kommo-o\n|-heal|p2a: Gliscor|93\/100 tox|[from] ability: Poison Heal\n|upkeep\n|\n|t:|1699761619\n|switch|p1a: Quaquaval|Quaquaval, M|100\/100\n|-damage|p1a: Quaquaval|88\/100|[from] Spikes\n|turn|7\n|\n|t:|1699761624\n|switch|p2a: Toxapex|Toxapex, F, shiny|39\/100\n|move|p1a: Quaquaval|Aqua Step|p2a: Toxapex\n|-resisted|p2a: Toxapex\n|-damage|p2a: Toxapex|23\/100\n|-boost|p1a: Quaquaval|spe|1\n|\n|upkeep\n|turn|8\n|\n|t:|1699761633\n|switch|p2a: Clefable|Clefable, F|100\/100\n|move|p1a: Quaquaval|Brick Break|p2a: Clefable\n|-resisted|p2a: Clefable\n|-damage|p2a: Clefable|83\/100\n|\n|-heal|p2a: Clefable|90\/100|[from] item: Leftovers\n|upkeep\n|turn|9\n|\n|t:|1699761638\n|move|p1a: Quaquaval|Knock Off|p2a: Clefable\n|-resisted|p2a: Clefable\n|-damage|p2a: Clefable|75\/100\n|-enditem|p2a: Clefable|Leftovers|[from] move: Knock Off|[of] p1a: Quaquaval\n|move|p2a: Clefable|Wish|p2a: Clefable\n|\n|upkeep\n|turn|10\n|\n|t:|1699761646\n|move|p1a: Quaquaval|Aqua Step|p2a: Clefable\n|-damage|p2a: Clefable|39\/100\n|-boost|p1a: Quaquaval|spe|1\n|move|p2a: Clefable|Moonblast|p1a: Quaquaval\n|-supereffective|p1a: Quaquaval\n|-damage|p1a: Quaquaval|0 fnt\n|faint|p1a: Quaquaval\n|\n|-heal|p2a: Clefable|89\/100|[from] move: Wish|[wisher] Clefable\n|upkeep\n|\n|t:|1699761655\n|switch|p1a: Enamorus|Enamorus, F|100\/100\n|turn|11\n|\n|t:|1699761662\n|move|p1a: Enamorus|Calm Mind|p1a: Enamorus\n|-boost|p1a: Enamorus|spa|1\n|-boost|p1a: Enamorus|spd|1\n|move|p2a: Clefable|Wish|p2a: Clefable\n|\n|upkeep\n|turn|12\n|\n|t:|1699761668\n|switch|p2a: Toxapex|Toxapex, F, shiny|56\/100\n|move|p1a: Enamorus|Earth Power|p2a: Toxapex\n|-supereffective|p2a: Toxapex\n|-damage|p2a: Toxapex|0 fnt\n|faint|p2a: Toxapex\n|\n|upkeep\n|\n|t:|1699761671\n|switch|p2a: Blissey|Blissey, F|100\/100\n|turn|13\n|\n|t:|1699761675\n|move|p1a: Enamorus|Calm Mind|p1a: Enamorus\n|-boost|p1a: Enamorus|spa|1\n|-boost|p1a: Enamorus|spd|1\n|move|p2a: Blissey|Calm Mind|p2a: Blissey\n|-boost|p2a: Blissey|spa|1\n|-boost|p2a: Blissey|spd|1\n|\n|upkeep\n|turn|14\n|\n|t:|1699761680\n|move|p1a: Enamorus|Calm Mind|p1a: Enamorus\n|-boost|p1a: Enamorus|spa|1\n|-boost|p1a: Enamorus|spd|1\n|move|p2a: Blissey|Calm Mind|p2a: Blissey\n|-boost|p2a: Blissey|spa|1\n|-boost|p2a: Blissey|spd|1\n|\n|upkeep\n|turn|15\n|\n|t:|1699761683\n|move|p1a: Enamorus|Calm Mind|p1a: Enamorus\n|-boost|p1a: Enamorus|spa|1\n|-boost|p1a: Enamorus|spd|1\n|move|p2a: Blissey|Flamethrower|p1a: Enamorus\n|-damage|p1a: Enamorus|85\/100\n|\n|-heal|p1a: Enamorus|91\/100|[from] item: Leftovers\n|upkeep\n|turn|16\n|\n|t:|1699761685\n|move|p1a: Enamorus|Calm Mind|p1a: Enamorus\n|-boost|p1a: Enamorus|spa|1\n|-boost|p1a: Enamorus|spd|1\n|move|p2a: Blissey|Calm Mind|p2a: Blissey\n|-boost|p2a: Blissey|spa|1\n|-boost|p2a: Blissey|spd|1\n|\n|-heal|p1a: Enamorus|97\/100|[from] item: Leftovers\n|upkeep\n|turn|17\n|\n|t:|1699761690\n|move|p1a: Enamorus|Calm Mind|p1a: Enamorus\n|-boost|p1a: Enamorus|spa|1\n|-boost|p1a: Enamorus|spd|1\n|move|p2a: Blissey|Calm Mind|p2a: Blissey\n|-boost|p2a: Blissey|spa|1\n|-boost|p2a: Blissey|spd|1\n|\n|-heal|p1a: Enamorus|100\/100|[from] item: Leftovers\n|upkeep\n|turn|18\n|\n|t:|1699761698\n|move|p2a: Blissey|Protect|p2a: Blissey\n|-singleturn|p2a: Blissey|Protect\n|move|p1a: Enamorus|Earth Power|p2a: Blissey\n|-activate|p2a: Blissey|move: Protect\n|\n|upkeep\n|turn|19\n|\n|t:|1699761704\n|move|p1a: Enamorus|Draining Kiss|p2a: Blissey\n|-damage|p2a: Blissey|90\/100\n|move|p2a: Blissey|Calm Mind|p2a: Blissey\n|-boost|p2a: Blissey|spa|1\n|-boost|p2a: Blissey|spd|1\n|\n|upkeep\n|turn|20\n|\n|t:|1699761708\n|move|p1a: Enamorus|Earth Power|p2a: Blissey\n|-damage|p2a: Blissey|80\/100\n|move|p2a: Blissey|Calm Mind|p2a: Blissey\n|-boost|p2a: Blissey|spa|1\n|-boost|p2a: Blissey|spd|1\n|\n|upkeep\n|turn|21\n|\n|t:|1699761713\n|move|p1a: Enamorus|Earth Power|p2a: Blissey\n|-damage|p2a: Blissey|71\/100\n|move|p2a: Blissey|Flamethrower|p1a: Enamorus\n|-damage|p1a: Enamorus|78\/100\n|\n|-heal|p1a: Enamorus|84\/100|[from] item: Leftovers\n|upkeep\n|turn|22\n|\n|t:|1699761722\n|move|p1a: Enamorus|Earth Power|p2a: Blissey\n|-damage|p2a: Blissey|62\/100\n|move|p2a: Blissey|Flamethrower|p1a: Enamorus\n|-crit|p1a: Enamorus\n|-damage|p1a: Enamorus|0 fnt\n|faint|p1a: Enamorus\n|\n|upkeep\n|\n|t:|1699761736\n|switch|p1a: Ceruledge|Ceruledge, M|100\/100\n|-damage|p1a: Ceruledge|88\/100|[from] Spikes\n|turn|23\n|\n|t:|1699761740\n|switch|p2a: Gliscor|Gliscor, F|93\/100 tox\n|move|p1a: Ceruledge|Swords Dance|p1a: Ceruledge\n|-boost|p1a: Ceruledge|atk|2\n|\n|-heal|p2a: Gliscor|100\/100 tox|[from] ability: Poison Heal\n|upkeep\n|turn|24\n|\n|t:|1699761748\n|move|p1a: Ceruledge|Bitter Blade|p2a: Gliscor\n|-damage|p2a: Gliscor|35\/100 tox\n|-heal|p1a: Ceruledge|100\/100|[from] drain|[of] p2a: Gliscor\n|-damage|p1a: Ceruledge|91\/100|[from] item: Life Orb\n|move|p2a: Gliscor|Knock Off|p1a: Ceruledge\n|-supereffective|p1a: Ceruledge\n|-damage|p1a: Ceruledge|30\/100\n|-ability|p1a: Ceruledge|Weak Armor|boost\n|-unboost|p1a: Ceruledge|def|1\n|-boost|p1a: Ceruledge|spe|2\n|-enditem|p1a: Ceruledge|Life Orb|[from] move: Knock Off|[of] p2a: Gliscor\n|\n|-heal|p2a: Gliscor|47\/100 tox|[from] ability: Poison Heal\n|upkeep\n|turn|25\n|\n|t:|1699761761\n|move|p2a: Gliscor|Protect|p2a: Gliscor\n|-singleturn|p2a: Gliscor|Protect\n|move|p1a: Ceruledge|Bitter Blade|p2a: Gliscor\n|-activate|p2a: Gliscor|move: Protect\n|\n|-heal|p2a: Gliscor|60\/100 tox|[from] ability: Poison Heal\n|upkeep\n|turn|26\n|\n|t:|1699761764\n|switch|p2a: Dondozo|Dondozo, F, shiny|100\/100\n|move|p1a: Ceruledge|Bitter Blade|p2a: Dondozo\n|-resisted|p2a: Dondozo\n|-damage|p2a: Dondozo|91\/100\n|-heal|p1a: Ceruledge|39\/100|[from] drain|[of] p2a: Dondozo\n|\n|upkeep\n|turn|27\n|\n|t:|1699761774\n|move|p1a: Ceruledge|Shadow Sneak|p2a: Dondozo\n|-crit|p2a: Dondozo\n|-damage|p2a: Dondozo|77\/100\n|move|p2a: Dondozo|Waterfall|p1a: Ceruledge\n|-supereffective|p1a: Ceruledge\n|-damage|p1a: Ceruledge|0 fnt\n|faint|p1a: Ceruledge\n|\n|upkeep\n|\n|t:|1699761779\n|switch|p1a: Landorus|Landorus-Therian, M|100\/100\n|-ability|p1a: Landorus|Intimidate|boost\n|-unboost|p2a: Dondozo|atk|1\n|turn|28\n|\n|t:|1699761786\n|switch|p2a: Gliscor|Gliscor, F|60\/100 tox\n|move|p1a: Landorus|Stealth Rock|p2a: Gliscor\n|-sidestart|p2: ITS SO GLISCOVER|move: Stealth Rock\n|\n|-heal|p2a: Gliscor|72\/100 tox|[from] ability: Poison Heal\n|upkeep\n|turn|29\n|\n|t:|1699761789\n|move|p1a: Landorus|Rock Slide|p2a: Gliscor|[miss]\n|-miss|p1a: Landorus|p2a: Gliscor\n|move|p2a: Gliscor|Toxic|p1a: Landorus\n|-status|p1a: Landorus|tox\n|\n|-damage|p1a: Landorus|95\/100 tox|[from] psn\n|-heal|p2a: Gliscor|85\/100 tox|[from] ability: Poison Heal\n|upkeep\n|turn|30\n|\n|t:|1699761791\n|move|p1a: Landorus|Rock Slide|p2a: Gliscor\n|-damage|p2a: Gliscor|68\/100 tox\n|move|p2a: Gliscor|Knock Off|p1a: Landorus\n|-damage|p1a: Landorus|67\/100 tox\n|-damage|p2a: Gliscor|52\/100 tox|[from] item: Rocky Helmet|[of] p1a: Landorus\n|-enditem|p1a: Landorus|Rocky Helmet|[from] move: Knock Off|[of] p2a: Gliscor\n|\n|-damage|p1a: Landorus|55\/100 tox|[from] psn\n|-heal|p2a: Gliscor|64\/100 tox|[from] ability: Poison Heal\n|upkeep\n|turn|31\n|\n|t:|1699761794\n|move|p2a: Gliscor|Protect|p2a: Gliscor\n|-singleturn|p2a: Gliscor|Protect\n|move|p1a: Landorus|U-turn|p2a: Gliscor\n|-activate|p2a: Gliscor|move: Protect\n|\n|-damage|p1a: Landorus|37\/100 tox|[from] psn\n|-heal|p2a: Gliscor|77\/100 tox|[from] ability: Poison Heal\n|upkeep\n|turn|32\n|\n|t:|1699761799\n|move|p1a: Landorus|U-turn|p2a: Gliscor\n|-resisted|p2a: Gliscor\n|-damage|p2a: Gliscor|68\/100 tox\n|\n|t:|1699761802\n|switch|p1a: Great Tusk|Great Tusk|100\/100|[from] U-turn\n|-damage|p1a: Great Tusk|88\/100|[from] Spikes\n|move|p2a: Gliscor|Toxic|p1a: Great Tusk\n|-status|p1a: Great Tusk|tox\n|\n|-heal|p1a: Great Tusk|94\/100 tox|[from] item: Leftovers\n|-heal|p2a: Gliscor|81\/100 tox|[from] ability: Poison Heal\n|-damage|p1a: Great Tusk|88\/100 tox|[from] psn\n|upkeep\n|turn|33\n|\n|t:|1699761807\n|move|p2a: Gliscor|Protect|p2a: Gliscor\n|-singleturn|p2a: Gliscor|Protect\n|move|p1a: Great Tusk|Ice Spinner|p2a: Gliscor\n|-activate|p2a: Gliscor|move: Protect\n|\n|-heal|p1a: Great Tusk|94\/100 tox|[from] item: Leftovers\n|-heal|p2a: Gliscor|93\/100 tox|[from] ability: Poison Heal\n|-damage|p1a: Great Tusk|82\/100 tox|[from] psn\n|upkeep\n|turn|34\n|\n|t:|1699761812\n|move|p2a: Gliscor|Knock Off|p1a: Great Tusk\n|-resisted|p1a: Great Tusk\n|-damage|p1a: Great Tusk|76\/100 tox\n|-enditem|p1a: Great Tusk|Leftovers|[from] move: Knock Off|[of] p2a: Gliscor\n|move|p1a: Great Tusk|Ice Spinner|p2a: Gliscor\n|-supereffective|p2a: Gliscor\n|-damage|p2a: Gliscor|14\/100 tox\n|\n|-heal|p2a: Gliscor|26\/100 tox|[from] ability: Poison Heal\n|-damage|p1a: Great Tusk|57\/100 tox|[from] psn\n|upkeep\n|turn|35\n|-message|KingBoogs forfeited.\n|\n|win|ITS SO GLISCOVER\n|raw|KingBoogs's rating: 1069 &rarr; <strong>1045<\/strong><br \/>(-24 for losing)\n|raw|ITS SO GLISCOVER's rating: 1000 &rarr; <strong>1048<\/strong><br \/>(+48 for winning)\n|l|\u2606KingBoogs\n","uploadtime":1699761829,"views":9,"p1id":"kingboogs","p2id":"itssogliscover","formatid":"gen9ou","rating":1045,"private":0,"password":""}