{"id":"gen9ou-1988238873","p1":"luka600","p2":"actualonion","format":"[Gen 9] OU","log":"|j|\u2606luka600\n|j|\u2606actualonion\n|t:|1699691933\n|gametype|singles\n|player|p1|luka600|lucas|1400\n|player|p2|actualonion|allister|1483\n|teamsize|p1|6\n|teamsize|p2|6\n|gen|9\n|tier|[Gen 9] OU\n|rated|\n|rule|Sleep Clause Mod: Limit one foe put to sleep\n|rule|Species Clause: Limit one of each Pok\u00e9mon\n|rule|OHKO Clause: OHKO moves are banned\n|rule|Evasion Items Clause: Evasion items are banned\n|rule|Evasion Moves Clause: Evasion moves are banned\n|rule|Endless Battle Clause: Forcing endless battles is banned\n|rule|HP Percentage Mod: HP is shown in percentages\n|clearpoke\n|poke|p1|Dragapult, F|\n|poke|p1|Corviknight, F|\n|poke|p1|Kommo-o, M|\n|poke|p1|Weezing-Galar, F|\n|poke|p1|Gliscor, F|\n|poke|p1|Samurott-Hisui, M|\n|poke|p2|Hatterene, F|\n|poke|p2|Cresselia, F|\n|poke|p2|Slowking-Galar, F|\n|poke|p2|Ursaluna, M|\n|poke|p2|Glastrier|\n|poke|p2|Kingambit, F|\n|teampreview\n|\n|t:|1699691953\n|start\n|switch|p1a: Dragapult|Dragapult, F|100\/100\n|switch|p2a: Cresselia|Cresselia, F|100\/100\n|turn|1\n|\n|t:|1699691961\n|move|p1a: Dragapult|Shadow Ball|p2a: Cresselia\n|-supereffective|p2a: Cresselia\n|-damage|p2a: Cresselia|35\/100\n|move|p2a: Cresselia|Trick Room|p2a: Cresselia\n|-fieldstart|move: Trick Room|[of] p2a: Cresselia\n|\n|upkeep\n|turn|2\n|\n|t:|1699691971\n|switch|p1a: Weezing|Weezing-Galar, F|100\/100\n|-ability|p1a: Weezing|Neutralizing Gas\n|move|p2a: Cresselia|Lunar Dance|p2a: Cresselia\n|faint|p2a: Cresselia\n|\n|upkeep\n|\n|t:|1699691979\n|switch|p2a: Glastrier|Glastrier|100\/100\n|turn|3\n|\n|t:|1699691985\n|-terastallize|p2a: Glastrier|Fire\n|move|p2a: Glastrier|Swords Dance|p2a: Glastrier\n|-boost|p2a: Glastrier|atk|2\n|move|p1a: Weezing|Toxic Spikes|p2a: Glastrier\n|-sidestart|p2: actualonion|move: Toxic Spikes\n|\n|upkeep\n|turn|4\n|\n|t:|1699691992\n|move|p2a: Glastrier|Icicle Crash|p1a: Weezing\n|-damage|p1a: Weezing|7\/100\n|cant|p1a: Weezing|flinch\n|\n|upkeep\n|turn|5\n|\n|t:|1699691997\n|move|p2a: Glastrier|Lash Out|p1a: Weezing\n|-resisted|p1a: Weezing\n|-damage|p1a: Weezing|0 fnt\n|faint|p1a: Weezing\n|-end|p1a: Weezing|ability: Neutralizing Gas\n|-ability|p2a: Glastrier|Chilling Neigh|boost\n|-boost|p2a: Glastrier|atk|1\n|\n|-fieldend|move: Trick Room\n|upkeep\n|\n|t:|1699692000\n|switch|p1a: Samurott|Samurott-Hisui, M|100\/100\n|turn|6\n|\n|t:|1699692005\n|move|p1a: Samurott|Aqua Cutter|p2a: Glastrier\n|-supereffective|p2a: Glastrier\n|-damage|p2a: Glastrier|36\/100\n|move|p2a: Glastrier|Close Combat|p1a: Samurott\n|-supereffective|p1a: Samurott\n|-damage|p1a: Samurott|0 fnt\n|-unboost|p2a: Glastrier|def|1\n|-unboost|p2a: Glastrier|spd|1\n|faint|p1a: Samurott\n|-ability|p2a: Glastrier|Chilling Neigh|boost\n|-boost|p2a: Glastrier|atk|1\n|\n|upkeep\n|\n|t:|1699692015\n|switch|p1a: Gliscor|Gliscor, F|100\/100\n|turn|7\n|\n|t:|1699692027\n|switch|p2a: Hatterene|Hatterene, F|100\/100\n|-status|p2a: Hatterene|psn\n|move|p1a: Gliscor|Earthquake|p2a: Hatterene\n|-damage|p2a: Hatterene|64\/100 psn\n|\n|-damage|p2a: Hatterene|51\/100 psn|[from] psn\n|-status|p1a: Gliscor|tox|[from] item: Toxic Orb\n|upkeep\n|turn|8\n|\n|t:|1699692040\n|switch|p1a: Dragapult|Dragapult, F|100\/100\n|move|p2a: Hatterene|Trick Room|p2a: Hatterene\n|-fieldstart|move: Trick Room|[of] p2a: Hatterene\n|\n|-damage|p2a: Hatterene|39\/100 psn|[from] psn\n|upkeep\n|turn|9\n|\n|t:|1699692045\n|move|p2a: Hatterene|Misty Explosion|p1a: Dragapult\n|-supereffective|p1a: Dragapult\n|-damage|p1a: Dragapult|0 fnt\n|faint|p2a: Hatterene\n|faint|p1a: Dragapult\n|\n|upkeep\n|\n|t:|1699692062\n|switch|p2a: Glastrier|Glastrier, tera:Fire|36\/100\n|switch|p1a: Kommo-o|Kommo-o, M|100\/100\n|-heal|p2a: Glastrier|100\/100|[from] move: Lunar Dance\n|turn|10\n|\n|t:|1699692074\n|move|p2a: Glastrier|Swords Dance|p2a: Glastrier\n|-boost|p2a: Glastrier|atk|2\n|move|p1a: Kommo-o|Boomburst|p2a: Glastrier\n|-damage|p2a: Glastrier|69\/100\n|-enditem|p1a: Kommo-o|Throat Spray\n|-boost|p1a: Kommo-o|spa|1|[from] item: Throat Spray\n|\n|upkeep\n|turn|11\n|\n|t:|1699692081\n|move|p2a: Glastrier|Icicle Crash|p1a: Kommo-o\n|-supereffective|p1a: Kommo-o\n|-damage|p1a: Kommo-o|0 fnt\n|faint|p1a: Kommo-o\n|-ability|p2a: Glastrier|Chilling Neigh|boost\n|-boost|p2a: Glastrier|atk|1\n|\n|upkeep\n|\n|t:|1699692084\n|switch|p1a: Gliscor|Gliscor, F|100\/100 tox\n|turn|12\n|\n|t:|1699692091\n|move|p2a: Glastrier|Icicle Crash|p1a: Gliscor\n|-supereffective|p1a: Gliscor\n|-damage|p1a: Gliscor|0 fnt\n|faint|p1a: Gliscor\n|-ability|p2a: Glastrier|Chilling Neigh|boost\n|-boost|p2a: Glastrier|atk|1\n|\n|-fieldend|move: Trick Room\n|upkeep\n|-message|luka600 forfeited.\n|\n|win|actualonion\n|raw|luka600's rating: 1400 &rarr; <strong>1385<\/strong><br \/>(-15 for losing)\n|raw|actualonion's rating: 1483 &rarr; <strong>1498<\/strong><br \/>(+15 for winning)\n|l|\u2606luka600\n","uploadtime":1699692103,"views":20,"p1id":"luka600","p2id":"actualonion","formatid":"gen9ou","rating":1385,"private":0,"password":""}