{"id":"gen9ou-1995427267","p1":"PLLV51 XWipe","p2":"mcdab","format":"[Gen 9] OU","log":"|j|\u2606PLLV51 XWipe\n|j|\u2606mcdab\n|t:|1700569398\n|gametype|singles\n|player|p1|PLLV51 XWipe|burglar|1459\n|player|p2|mcdab|169|1547\n|teamsize|p1|6\n|teamsize|p2|6\n|gen|9\n|tier|[Gen 9] OU\n|rated|\n|rule|Sleep Clause Mod: Limit one foe put to sleep\n|rule|Species Clause: Limit one of each Pok\u00e9mon\n|rule|OHKO Clause: OHKO moves are banned\n|rule|Evasion Items Clause: Evasion items are banned\n|rule|Evasion Moves Clause: Evasion moves are banned\n|rule|Endless Battle Clause: Forcing endless battles is banned\n|rule|HP Percentage Mod: HP is shown in percentages\n|clearpoke\n|poke|p1|Zapdos|\n|poke|p1|Dragonite, F|\n|poke|p1|Garchomp, M|\n|poke|p1|Tyranitar, M|\n|poke|p1|Greninja-*, M|\n|poke|p1|Iron Valiant|\n|poke|p2|Mamoswine, M|\n|poke|p2|Heatran, F|\n|poke|p2|Chandelure, F|\n|poke|p2|Ogerpon, F|\n|poke|p2|Landorus-Therian, M|\n|poke|p2|Corviknight, M|\n|teampreview\n|\n|t:|1700569411\n|start\n|switch|p1a: Dragonite|Dragonite, F, shiny|100\/100\n|switch|p2a: Mamoswine|Mamoswine, M|100\/100\n|turn|1\n|\n|t:|1700569417\n|-terastallize|p1a: Dragonite|Normal\n|move|p1a: Dragonite|Extreme Speed|p2a: Mamoswine\n|-damage|p2a: Mamoswine|25\/100\n|move|p2a: Mamoswine|Icicle Crash|p1a: Dragonite\n|-damage|p1a: Dragonite|75\/100\n|\n|upkeep\n|turn|2\n|inactive|Battle timer is ON: inactive players will automatically lose when time's up. (requested by PLLV51 XWipe)\n|inactive|mcdab has 120 seconds left.\n|\n|t:|1700569459\n|switch|p2a: Chandelure|Chandelure, F|100\/100\n|switch|p1a: Zapdos|Zapdos|100\/100\n|\n|upkeep\n|turn|3\n|\n|t:|1700569467\n|switch|p1a: Tyranitar|Tyranitar, M|100\/100\n|-weather|Sandstorm|[from] ability: Sand Stream|[of] p1a: Tyranitar\n|move|p2a: Chandelure|Shadow Ball|p1a: Tyranitar\n|-resisted|p1a: Tyranitar\n|-damage|p1a: Tyranitar|91\/100\n|\n|-weather|Sandstorm|[upkeep]\n|-damage|p2a: Chandelure|94\/100|[from] Sandstorm\n|upkeep\n|turn|4\n|c|\u2606PLLV51 XWipe|?\n|inactive|mcdab has 120 seconds left.\n|c|\u2606PLLV51 XWipe|bruh\n|inactive|mcdab has 90 seconds left.\n|c|\u2606mcdab|heh soz\n|\n|t:|1700569535\n|switch|p2a: Landorus|Landorus-Therian, M|100\/100\n|-ability|p2a: Landorus|Intimidate|boost\n|-unboost|p1a: Tyranitar|atk|1\n|move|p1a: Tyranitar|Stone Edge|p2a: Landorus|[miss]\n|-miss|p1a: Tyranitar|p2a: Landorus\n|\n|-weather|Sandstorm|[upkeep]\n|upkeep\n|turn|5\n|inactive|mcdab has 90 seconds left.\n|\n|t:|1700569542\n|move|p2a: Landorus|Earthquake|p1a: Tyranitar\n|-supereffective|p1a: Tyranitar\n|-damage|p1a: Tyranitar|0 fnt\n|faint|p1a: Tyranitar\n|-damage|p2a: Landorus|91\/100|[from] item: Life Orb\n|\n|-weather|Sandstorm|[upkeep]\n|upkeep\n|c|\u2606PLLV51 XWipe|pfff\n|c|\u2606PLLV51 XWipe|wtf\n|c|\u2606PLLV51 XWipe|ur so funny\n|\n|t:|1700569555\n|switch|p1a: Dragonite|Dragonite, F, shiny, tera:Normal|75\/100\n|turn|6\n|\n|t:|1700569563\n|switch|p2a: Corviknight|Corviknight, M|100\/100\n|-ability|p2a: Corviknight|Pressure\n|switch|p1a: Zapdos|Zapdos|100\/100\n|\n|-weather|Sandstorm|[upkeep]\n|-damage|p1a: Zapdos|94\/100|[from] Sandstorm\n|upkeep\n|turn|7\n|\n|t:|1700569576\n|switch|p2a: Landorus|Landorus-Therian, M|91\/100\n|-ability|p2a: Landorus|Intimidate|boost\n|-unboost|p1a: Zapdos|atk|1\n|move|p1a: Zapdos|Heat Wave|p2a: Landorus\n|-damage|p2a: Landorus|51\/100\n|\n|-weather|none\n|upkeep\n|turn|8\n|\n|t:|1700569582\n|switch|p1a: Garchomp|Garchomp, M|100\/100\n|move|p2a: Landorus|Stone Edge|p1a: Garchomp\n|-resisted|p1a: Garchomp\n|-damage|p1a: Garchomp|83\/100\n|-damage|p2a: Landorus|41\/100|[from] item: Life Orb\n|\n|upkeep\n|turn|9\n|\n|t:|1700569596\n|move|p2a: Landorus|Earthquake|p1a: Garchomp\n|-damage|p1a: Garchomp|35\/100\n|-damage|p2a: Landorus|31\/100|[from] item: Life Orb\n|move|p1a: Garchomp|Draco Meteor|p2a: Landorus\n|-damage|p2a: Landorus|0 fnt\n|-unboost|p1a: Garchomp|spa|2\n|faint|p2a: Landorus\n|\n|upkeep\n|\n|t:|1700569603\n|switch|p2a: Mamoswine|Mamoswine, M|25\/100\n|turn|10\n|\n|t:|1700569612\n|move|p2a: Mamoswine|Earthquake|p1a: Garchomp\n|-damage|p1a: Garchomp|0 fnt\n|faint|p1a: Garchomp\n|\n|upkeep\n|\n|t:|1700569622\n|switch|p1a: Iron Valiant|Iron Valiant|100\/100\n|-enditem|p1a: Iron Valiant|Booster Energy\n|-activate|p1a: Iron Valiant|ability: Quark Drive|[fromitem]\n|-start|p1a: Iron Valiant|quarkdrivespe\n|turn|11\n|inactive|mcdab has 120 seconds left.\n|\n|t:|1700569632\n|move|p2a: Mamoswine|Ice Shard|p1a: Iron Valiant\n|-damage|p1a: Iron Valiant|71\/100\n|move|p1a: Iron Valiant|Moonblast|p2a: Mamoswine\n|-damage|p2a: Mamoswine|0 fnt\n|faint|p2a: Mamoswine\n|\n|upkeep\n|inactive|mcdab has 120 seconds left.\n|\n|t:|1700569656\n|switch|p2a: Heatran|Heatran, F|100\/100\n|turn|12\n|\n|t:|1700569664\n|-terastallize|p2a: Heatran|Flying\n|move|p1a: Iron Valiant|Close Combat|p2a: Heatran\n|-resisted|p2a: Heatran\n|-damage|p2a: Heatran|73\/100\n|-unboost|p1a: Iron Valiant|def|1\n|-unboost|p1a: Iron Valiant|spd|1\n|move|p2a: Heatran|Flash Cannon|p1a: Iron Valiant\n|-supereffective|p1a: Iron Valiant\n|-damage|p1a: Iron Valiant|0 fnt\n|faint|p1a: Iron Valiant\n|-end|p1a: Iron Valiant|Quark Drive|[silent]\n|\n|upkeep\n|\n|t:|1700569668\n|switch|p1a: Zapdos|Zapdos|94\/100\n|turn|13\n|inactive|mcdab has 120 seconds left.\n|\n|t:|1700569681\n|move|p2a: Heatran|Flash Cannon|p1a: Zapdos\n|-resisted|p1a: Zapdos\n|-damage|p1a: Zapdos|65\/100\n|-unboost|p1a: Zapdos|spd|1\n|move|p1a: Zapdos|Volt Switch|p2a: Heatran\n|-supereffective|p2a: Heatran\n|-damage|p2a: Heatran|0 fnt\n|faint|p2a: Heatran\n|\n|t:|1700569688\n|switch|p1a: Dragonite|Dragonite, F, shiny, tera:Normal|75\/100|[from] Volt Switch\n|\n|upkeep\n|\n|t:|1700569692\n|switch|p2a: Ogerpon|Ogerpon, F|100\/100\n|turn|14\n|\n|t:|1700569695\n|move|p1a: Dragonite|Extreme Speed|p2a: Ogerpon\n|-damage|p2a: Ogerpon|2\/100\n|move|p2a: Ogerpon|Superpower|p1a: Dragonite\n|-supereffective|p1a: Dragonite\n|-damage|p1a: Dragonite|0 fnt\n|-unboost|p2a: Ogerpon|atk|1\n|-unboost|p2a: Ogerpon|def|1\n|faint|p1a: Dragonite\n|\n|upkeep\n|\n|t:|1700569699\n|switch|p1a: Greninja|Greninja, M|100\/100\n|turn|15\n|\n|t:|1700569706\n|move|p1a: Greninja|Dark Pulse|p2a: Ogerpon\n|-crit|p2a: Ogerpon\n|-damage|p2a: Ogerpon|0 fnt\n|faint|p2a: Ogerpon\n|-ability|p1a: Greninja|Battle Bond|boost\n|-boost|p1a: Greninja|atk|1\n|-boost|p1a: Greninja|spa|1\n|-boost|p1a: Greninja|spe|1\n|-activate|p1a: Greninja|ability: Battle Bond\n|-damage|p1a: Greninja|91\/100|[from] item: Life Orb\n|\n|upkeep\n|\n|t:|1700569711\n|switch|p2a: Corviknight|Corviknight, M|100\/100\n|-ability|p2a: Corviknight|Pressure\n|turn|16\n|\n|t:|1700569713\n|move|p1a: Greninja|Hydro Pump|p2a: Corviknight\n|-damage|p2a: Corviknight|8\/100\n|-damage|p1a: Greninja|81\/100|[from] item: Life Orb\n|move|p2a: Corviknight|Body Press|p1a: Greninja\n|-supereffective|p1a: Greninja\n|-damage|p1a: Greninja|0 fnt\n|faint|p1a: Greninja\n|\n|upkeep\n|\n|t:|1700569717\n|switch|p1a: Zapdos|Zapdos|65\/100\n|turn|17\n|c|\u2606mcdab|:0\n|\n|t:|1700569724\n|move|p1a: Zapdos|Roost|p1a: Zapdos\n|-heal|p1a: Zapdos|100\/100\n|-singleturn|p1a: Zapdos|move: Roost\n|move|p2a: Corviknight|Brave Bird|p1a: Zapdos\n|-resisted|p1a: Zapdos\n|-damage|p1a: Zapdos|83\/100\n|-damage|p2a: Corviknight|3\/100|[from] Recoil\n|\n|upkeep\n|turn|18\n|\n|t:|1700569730\n|move|p1a: Zapdos|Roost|p1a: Zapdos\n|-heal|p1a: Zapdos|100\/100\n|-singleturn|p1a: Zapdos|move: Roost\n|move|p2a: Corviknight|Body Press|p1a: Zapdos\n|-damage|p1a: Zapdos|76\/100\n|\n|upkeep\n|turn|19\n|c|\u2606mcdab|predicted\n|\n|t:|1700569737\n|move|p1a: Zapdos|Volt Switch|p2a: Corviknight\n|-supereffective|p2a: Corviknight\n|-damage|p2a: Corviknight|0 fnt\n|faint|p2a: Corviknight\n|\n|upkeep\n|\n|t:|1700569739\n|switch|p2a: Chandelure|Chandelure, F|94\/100\n|turn|20\n|c|\u2606mcdab|jk\n|\n|t:|1700569744\n|move|p2a: Chandelure|Overheat|p1a: Zapdos\n|-damage|p1a: Zapdos|13\/100\n|-unboost|p2a: Chandelure|spa|2\n|move|p1a: Zapdos|Hurricane|p2a: Chandelure\n|-damage|p2a: Chandelure|19\/100\n|\n|upkeep\n|turn|21\n|c|\u2606mcdab|D:\n|c|\u2606PLLV51 XWipe|pf\n|\n|t:|1700569751\n|move|p2a: Chandelure|Overheat|p1a: Zapdos\n|-damage|p1a: Zapdos|0 fnt\n|-unboost|p2a: Chandelure|spa|2\n|faint|p1a: Zapdos\n|\n|win|mcdab\n|raw|PLLV51 XWipe's rating: 1459 &rarr; <strong>1444<\/strong><br \/>(-15 for losing)\n|raw|mcdab's rating: 1547 &rarr; <strong>1562<\/strong><br \/>(+15 for winning)\n|l|\u2606PLLV51 XWipe\n|c|\u2606mcdab|gg\n|j| PLLV51 Cos\n","uploadtime":1700569924,"views":5,"p1id":"pllv51xwipe","p2id":"mcdab","formatid":"gen9ou","rating":1444,"private":0,"password":""}