{"id":"gen9ou-1995767274","p1":"DEANbluntbluntdean","p2":"vailorn","format":"[Gen 9] OU","log":"|j|\u2606DEANbluntbluntdean\n|j|\u2606vailorn\n|t:|1700601231\n|gametype|singles\n|player|p1|DEANbluntbluntdean|galacticgrunt|1436\n|player|p2|vailorn|rood|1428\n|teamsize|p1|6\n|teamsize|p2|6\n|gen|9\n|tier|[Gen 9] OU\n|rated|\n|rule|Sleep Clause Mod: Limit one foe put to sleep\n|rule|Species Clause: Limit one of each Pok\u00e9mon\n|rule|OHKO Clause: OHKO moves are banned\n|rule|Evasion Items Clause: Evasion items are banned\n|rule|Evasion Moves Clause: Evasion moves are banned\n|rule|Endless Battle Clause: Forcing endless battles is banned\n|rule|HP Percentage Mod: HP is shown in percentages\n|clearpoke\n|poke|p1|Volcanion|\n|poke|p1|Rillaboom, M|\n|poke|p1|Articuno|\n|poke|p1|Cinderace, M|\n|poke|p1|Heatran, F|\n|poke|p1|Toedscruel, M|\n|poke|p2|Goodra-Hisui, M|\n|poke|p2|Blissey, F|\n|poke|p2|Dondozo, M|\n|poke|p2|Cyclizar, M|\n|poke|p2|Alomomola, F|\n|poke|p2|Clodsire, F|\n|teampreview\n|\n|t:|1700601252\n|start\n|switch|p1a: Volcanion|Volcanion|100\/100\n|switch|p2a: Cyclizar|Cyclizar, M|100\/100\n|turn|1\n|\n|t:|1700601266\n|move|p2a: Cyclizar|U-turn|p1a: Volcanion\n|-resisted|p1a: Volcanion\n|-damage|p1a: Volcanion|94\/100\n|\n|t:|1700601268\n|switch|p2a: Blissey|Blissey, F|100\/100|[from] U-turn\n|move|p1a: Volcanion|Substitute|p1a: Volcanion\n|-start|p1a: Volcanion|Substitute\n|-damage|p1a: Volcanion|69\/100\n|\n|upkeep\n|turn|2\n|\n|t:|1700601271\n|move|p1a: Volcanion|Steam Eruption|p2a: Blissey|[miss]\n|-miss|p1a: Volcanion|p2a: Blissey\n|move|p2a: Blissey|Seismic Toss|p1a: Volcanion\n|-end|p1a: Volcanion|Substitute\n|\n|upkeep\n|turn|3\n|\n|t:|1700601276\n|switch|p1a: Heatran|Heatran, F|100\/100\n|move|p2a: Blissey|Seismic Toss|p1a: Heatran\n|-damage|p1a: Heatran|75\/100\n|\n|-heal|p1a: Heatran|81\/100|[from] item: Leftovers\n|upkeep\n|turn|4\n|\n|t:|1700601282\n|switch|p2a: Cyclizar|Cyclizar, M|100\/100\n|move|p1a: Heatran|Stealth Rock|p2a: Cyclizar\n|-sidestart|p2: vailorn|move: Stealth Rock\n|\n|-heal|p1a: Heatran|87\/100|[from] item: Leftovers\n|upkeep\n|turn|5\n|\n|t:|1700601287\n|move|p2a: Cyclizar|Knock Off|p1a: Heatran\n|-damage|p1a: Heatran|74\/100\n|-status|p2a: Cyclizar|brn|[from] ability: Flame Body|[of] p1a: Heatran\n|-enditem|p1a: Heatran|Leftovers|[from] move: Knock Off|[of] p2a: Cyclizar\n|move|p1a: Heatran|Earth Power|p2a: Cyclizar\n|-damage|p2a: Cyclizar|73\/100 brn\n|\n|-damage|p2a: Cyclizar|67\/100 brn|[from] brn\n|upkeep\n|turn|6\n|\n|t:|1700601296\n|move|p1a: Heatran|Protect|p1a: Heatran\n|-singleturn|p1a: Heatran|Protect\n|move|p2a: Cyclizar|Dragon Tail|p1a: Heatran\n|-activate|p1a: Heatran|move: Protect\n|\n|-damage|p2a: Cyclizar|61\/100 brn|[from] brn\n|upkeep\n|turn|7\n|\n|t:|1700601300\n|move|p1a: Heatran|Earth Power|p2a: Cyclizar\n|-damage|p2a: Cyclizar|33\/100 brn\n|move|p2a: Cyclizar|Dragon Tail|p1a: Heatran\n|-resisted|p1a: Heatran\n|-damage|p1a: Heatran|71\/100\n|drag|p1a: Articuno|Articuno|100\/100\n|-ability|p1a: Articuno|Pressure\n|\n|-damage|p2a: Cyclizar|27\/100 brn|[from] brn\n|upkeep\n|turn|8\n|\n|t:|1700601310\n|switch|p2a: Blissey|Blissey, F|100\/100\n|move|p1a: Articuno|U-turn|p2a: Blissey\n|-damage|p2a: Blissey|87\/100\n|\n|t:|1700601314\n|switch|p1a: Toedscruel|Toedscruel, M|100\/100|[from] U-turn\n|\n|upkeep\n|turn|9\n|\n|t:|1700601320\n|move|p1a: Toedscruel|Knock Off|p2a: Blissey\n|-damage|p2a: Blissey|71\/100\n|-enditem|p2a: Blissey|Heavy-Duty Boots|[from] move: Knock Off|[of] p1a: Toedscruel\n|move|p2a: Blissey|Seismic Toss|p1a: Toedscruel\n|-damage|p1a: Toedscruel|73\/100\n|\n|-heal|p1a: Toedscruel|79\/100|[from] item: Leftovers\n|upkeep\n|turn|10\n|\n|t:|1700601325\n|switch|p1a: Rillaboom|Rillaboom, M|100\/100\n|-fieldstart|move: Grassy Terrain|[from] ability: Grassy Surge|[of] p1a: Rillaboom\n|move|p2a: Blissey|Seismic Toss|p1a: Rillaboom\n|-damage|p1a: Rillaboom|71\/100\n|\n|-heal|p1a: Rillaboom|77\/100|[from] Grassy Terrain\n|-heal|p2a: Blissey|77\/100|[from] Grassy Terrain\n|upkeep\n|turn|11\n|\n|t:|1700601333\n|switch|p2a: Cyclizar|Cyclizar, M|60\/100 brn\n|move|p1a: Rillaboom|U-turn|p2a: Cyclizar\n|-damage|p2a: Cyclizar|14\/100 brn\n|\n|t:|1700601337\n|switch|p1a: Heatran|Heatran, F|71\/100|[from] U-turn\n|\n|-heal|p2a: Cyclizar|20\/100 brn|[from] Grassy Terrain\n|-heal|p1a: Heatran|77\/100|[from] Grassy Terrain\n|-damage|p2a: Cyclizar|14\/100 brn|[from] brn\n|upkeep\n|turn|12\n|\n|t:|1700601341\n|move|p2a: Cyclizar|U-turn|p1a: Heatran\n|-resisted|p1a: Heatran\n|-damage|p1a: Heatran|76\/100\n|\n|t:|1700601346\n|switch|p2a: Clodsire|Clodsire, F|100\/100|[from] U-turn\n|move|p1a: Heatran|Earth Power|p2a: Clodsire\n|-supereffective|p2a: Clodsire\n|-damage|p2a: Clodsire|72\/100\n|-unboost|p2a: Clodsire|spd|1\n|\n|-heal|p1a: Heatran|83\/100|[from] Grassy Terrain\n|-heal|p2a: Clodsire|78\/100|[from] Grassy Terrain\n|upkeep\n|turn|13\n|\n|t:|1700601350\n|move|p1a: Heatran|Protect|p1a: Heatran\n|-singleturn|p1a: Heatran|Protect\n|move|p2a: Clodsire|Amnesia|p2a: Clodsire\n|-boost|p2a: Clodsire|spd|2\n|\n|-heal|p1a: Heatran|89\/100|[from] Grassy Terrain\n|-heal|p2a: Clodsire|85\/100|[from] Grassy Terrain\n|upkeep\n|turn|14\n|\n|t:|1700601356\n|switch|p1a: Toedscruel|Toedscruel, M|79\/100\n|move|p2a: Clodsire|Spikes|p1a: Toedscruel\n|-sidestart|p1: DEANbluntbluntdean|Spikes\n|\n|-heal|p1a: Toedscruel|85\/100|[from] Grassy Terrain\n|-heal|p1a: Toedscruel|91\/100|[from] item: Leftovers\n|-heal|p2a: Clodsire|91\/100|[from] Grassy Terrain\n|-fieldend|move: Grassy Terrain\n|upkeep\n|turn|15\n|\n|t:|1700601361\n|move|p2a: Clodsire|Toxic|p1a: Toedscruel\n|-status|p1a: Toedscruel|tox\n|move|p1a: Toedscruel|Spore|p2a: Clodsire\n|-status|p2a: Clodsire|slp|[from] move: Spore\n|\n|-heal|p1a: Toedscruel|97\/100 tox|[from] item: Leftovers\n|-damage|p1a: Toedscruel|91\/100 tox|[from] psn\n|upkeep\n|turn|16\n|\n|t:|1700601365\n|move|p1a: Toedscruel|Rapid Spin|p2a: Clodsire\n|-damage|p2a: Clodsire|83\/100 slp\n|-boost|p1a: Toedscruel|spe|1\n|-sideend|p1: DEANbluntbluntdean|Spikes|[from] move: Rapid Spin|[of] p1a: Toedscruel\n|cant|p2a: Clodsire|slp\n|\n|-heal|p1a: Toedscruel|97\/100 tox|[from] item: Leftovers\n|-damage|p1a: Toedscruel|85\/100 tox|[from] psn\n|upkeep\n|turn|17\n|\n|t:|1700601373\n|switch|p1a: Volcanion|Volcanion|69\/100\n|switch|p2a: Blissey|Blissey, F|77\/100\n|-damage|p2a: Blissey|65\/100|[from] Stealth Rock\n|\n|upkeep\n|turn|18\n|\n|t:|1700601378\n|move|p1a: Volcanion|Substitute|p1a: Volcanion\n|-start|p1a: Volcanion|Substitute\n|-damage|p1a: Volcanion|44\/100\n|move|p2a: Blissey|Stealth Rock|p1a: Volcanion\n|-sidestart|p1: DEANbluntbluntdean|move: Stealth Rock\n|\n|upkeep\n|turn|19\n|\n|t:|1700601383\n|-terastallize|p1a: Volcanion|Water\n|move|p1a: Volcanion|Steam Eruption|p2a: Blissey\n|-damage|p2a: Blissey|39\/100\n|move|p2a: Blissey|Heal Bell|p2a: Blissey\n|-activate|p2a: Blissey|move: Heal Bell\n|-curestatus|p2: Clodsire|slp|[msg]\n|-curestatus|p2: Cyclizar|brn|[msg]\n|\n|upkeep\n|turn|20\n|\n|t:|1700601388\n|move|p1a: Volcanion|Steam Eruption|p2a: Blissey\n|-damage|p2a: Blissey|8\/100\n|move|p2a: Blissey|Soft-Boiled|p2a: Blissey\n|-heal|p2a: Blissey|58\/100\n|\n|upkeep\n|turn|21\n|\n|t:|1700601392\n|move|p1a: Volcanion|Steam Eruption|p2a: Blissey\n|-damage|p2a: Blissey|20\/100\n|move|p2a: Blissey|Soft-Boiled|p2a: Blissey\n|-heal|p2a: Blissey|70\/100\n|\n|upkeep\n|turn|22\n|\n|t:|1700601397\n|move|p1a: Volcanion|Steam Eruption|p2a: Blissey\n|-damage|p2a: Blissey|29\/100\n|move|p2a: Blissey|Soft-Boiled|p2a: Blissey\n|-heal|p2a: Blissey|79\/100\n|\n|upkeep\n|turn|23\n|\n|t:|1700601401\n|move|p1a: Volcanion|Steam Eruption|p2a: Blissey\n|-damage|p2a: Blissey|34\/100\n|-status|p2a: Blissey|brn\n|move|p2a: Blissey|Soft-Boiled|p2a: Blissey\n|-heal|p2a: Blissey|84\/100 brn\n|\n|-damage|p2a: Blissey|78\/100 brn|[from] brn\n|upkeep\n|turn|24\n|\n|t:|1700601416\n|move|p1a: Volcanion|Steam Eruption|p2a: Blissey\n|-damage|p2a: Blissey|24\/100 brn\n|move|p2a: Blissey|Soft-Boiled|p2a: Blissey\n|-heal|p2a: Blissey|74\/100 brn\n|\n|-damage|p2a: Blissey|68\/100 brn|[from] brn\n|upkeep\n|turn|25\n|\n|t:|1700601420\n|move|p1a: Volcanion|Steam Eruption|p2a: Blissey\n|-damage|p2a: Blissey|12\/100 brn\n|move|p2a: Blissey|Soft-Boiled|p2a: Blissey\n|-heal|p2a: Blissey|62\/100 brn\n|\n|-damage|p2a: Blissey|56\/100 brn|[from] brn\n|upkeep\n|turn|26\n|\n|t:|1700601427\n|move|p1a: Volcanion|Flamethrower|p2a: Blissey\n|-damage|p2a: Blissey|40\/100 brn\n|move|p2a: Blissey|Soft-Boiled|p2a: Blissey\n|-heal|p2a: Blissey|90\/100 brn\n|\n|-damage|p2a: Blissey|84\/100 brn|[from] brn\n|upkeep\n|turn|27\n|\n|t:|1700601431\n|move|p1a: Volcanion|Flamethrower|p2a: Blissey\n|-damage|p2a: Blissey|65\/100 brn\n|move|p2a: Blissey|Seismic Toss|p1a: Volcanion\n|-end|p1a: Volcanion|Substitute\n|\n|-damage|p2a: Blissey|58\/100 brn|[from] brn\n|upkeep\n|turn|28\n|\n|t:|1700601439\n|move|p1a: Volcanion|Flamethrower|p2a: Blissey\n|-damage|p2a: Blissey|36\/100 brn\n|move|p2a: Blissey|Seismic Toss|p1a: Volcanion\n|-damage|p1a: Volcanion|17\/100\n|\n|-damage|p2a: Blissey|30\/100 brn|[from] brn\n|upkeep\n|turn|29\n|\n|t:|1700601457\n|move|p1a: Volcanion|Flamethrower|p2a: Blissey\n|-damage|p2a: Blissey|5\/100 brn\n|move|p2a: Blissey|Soft-Boiled|p2a: Blissey\n|-heal|p2a: Blissey|55\/100 brn\n|\n|-damage|p2a: Blissey|49\/100 brn|[from] brn\n|upkeep\n|turn|30\n|\n|t:|1700601465\n|move|p1a: Volcanion|Flamethrower|p2a: Blissey\n|-damage|p2a: Blissey|22\/100 brn\n|move|p2a: Blissey|Seismic Toss|p1a: Volcanion\n|-damage|p1a: Volcanion|0 fnt\n|faint|p1a: Volcanion\n|\n|-damage|p2a: Blissey|16\/100 brn|[from] brn\n|upkeep\n|\n|t:|1700601477\n|switch|p1a: Toedscruel|Toedscruel, M|85\/100 tox\n|-damage|p1a: Toedscruel|79\/100 tox|[from] Stealth Rock\n|turn|31\n|\n|t:|1700601485\n|move|p1a: Toedscruel|Rapid Spin|p2a: Blissey\n|-damage|p2a: Blissey|8\/100 brn\n|-boost|p1a: Toedscruel|spe|1\n|-sideend|p1: DEANbluntbluntdean|Stealth Rock|[from] move: Rapid Spin|[of] p1a: Toedscruel\n|move|p2a: Blissey|Seismic Toss|p1a: Toedscruel\n|-damage|p1a: Toedscruel|52\/100 tox\n|\n|-heal|p1a: Toedscruel|58\/100 tox|[from] item: Leftovers\n|-damage|p1a: Toedscruel|52\/100 tox|[from] psn\n|-damage|p2a: Blissey|2\/100 brn|[from] brn\n|upkeep\n|turn|32\n|\n|t:|1700601491\n|move|p1a: Toedscruel|Rapid Spin|p2a: Blissey\n|-damage|p2a: Blissey|0 fnt\n|-boost|p1a: Toedscruel|spe|1\n|faint|p2a: Blissey\n|\n|-heal|p1a: Toedscruel|58\/100 tox|[from] item: Leftovers\n|-damage|p1a: Toedscruel|46\/100 tox|[from] psn\n|upkeep\n|\n|t:|1700601509\n|switch|p2a: Cyclizar|Cyclizar, M|47\/100\n|turn|33\n|\n|t:|1700601514\n|move|p1a: Toedscruel|Knock Off|p2a: Cyclizar\n|-damage|p2a: Cyclizar|25\/100\n|-enditem|p2a: Cyclizar|Heavy-Duty Boots|[from] move: Knock Off|[of] p1a: Toedscruel\n|move|p2a: Cyclizar|Rapid Spin|p1a: Toedscruel\n|-damage|p1a: Toedscruel|25\/100 tox\n|-boost|p2a: Cyclizar|spe|1\n|-sideend|p2: vailorn|Stealth Rock|[from] move: Rapid Spin|[of] p2a: Cyclizar\n|\n|-heal|p1a: Toedscruel|31\/100 tox|[from] item: Leftovers\n|-damage|p1a: Toedscruel|13\/100 tox|[from] psn\n|upkeep\n|turn|34\n|\n|t:|1700601530\n|switch|p1a: Heatran|Heatran, F|89\/100\n|switch|p2a: Dondozo|Dondozo, M|100\/100\n|\n|upkeep\n|turn|35\n|\n|t:|1700601540\n|move|p1a: Heatran|Protect|p1a: Heatran\n|-singleturn|p1a: Heatran|Protect\n|move|p2a: Dondozo|Curse|p2a: Dondozo\n|-unboost|p2a: Dondozo|spe|1\n|-boost|p2a: Dondozo|atk|1\n|-boost|p2a: Dondozo|def|1\n|\n|upkeep\n|turn|36\n|\n|t:|1700601543\n|switch|p1a: Rillaboom|Rillaboom, M|77\/100\n|-fieldstart|move: Grassy Terrain|[from] ability: Grassy Surge|[of] p1a: Rillaboom\n|move|p2a: Dondozo|Waterfall|p1a: Rillaboom\n|-resisted|p1a: Rillaboom\n|-damage|p1a: Rillaboom|54\/100\n|\n|-heal|p1a: Rillaboom|60\/100|[from] Grassy Terrain\n|upkeep\n|turn|37\n|\n|t:|1700601551\n|-terastallize|p2a: Dondozo|Fighting\n|move|p1a: Rillaboom|Wood Hammer|p2a: Dondozo\n|-damage|p2a: Dondozo|68\/100\n|-damage|p1a: Rillaboom|44\/100|[from] Recoil\n|move|p2a: Dondozo|Curse|p2a: Dondozo\n|-unboost|p2a: Dondozo|spe|1\n|-boost|p2a: Dondozo|atk|1\n|-boost|p2a: Dondozo|def|1\n|\n|-heal|p1a: Rillaboom|50\/100|[from] Grassy Terrain\n|-heal|p2a: Dondozo|74\/100|[from] Grassy Terrain\n|upkeep\n|turn|38\n|\n|t:|1700601558\n|switch|p1a: Articuno|Articuno|100\/100\n|-ability|p1a: Articuno|Pressure\n|move|p2a: Dondozo|Waterfall|p1a: Articuno\n|-damage|p1a: Articuno|40\/100\n|\n|-heal|p2a: Dondozo|80\/100|[from] Grassy Terrain\n|upkeep\n|turn|39\n|\n|t:|1700601573\n|switch|p2a: Goodra|Goodra-Hisui, M|100\/100\n|move|p1a: Articuno|Ice Beam|p2a: Goodra\n|-damage|p2a: Goodra|58\/100\n|\n|-heal|p2a: Goodra|64\/100|[from] Grassy Terrain\n|upkeep\n|turn|40\n|\n|t:|1700601579\n|move|p1a: Articuno|Ice Beam|p2a: Goodra\n|-damage|p2a: Goodra|21\/100\n|move|p2a: Goodra|Rest|p2a: Goodra\n|-status|p2a: Goodra|slp|[from] move: Rest\n|-heal|p2a: Goodra|100\/100 slp|[silent]\n|\n|-fieldend|move: Grassy Terrain\n|upkeep\n|turn|41\n|\n|t:|1700601607\n|switch|p2a: Alomomola|Alomomola, F|100\/100\n|move|p1a: Articuno|Ice Beam|p2a: Alomomola\n|-resisted|p2a: Alomomola\n|-damage|p2a: Alomomola|65\/100\n|\n|upkeep\n|turn|42\n|\n|t:|1700601612\n|switch|p1a: Rillaboom|Rillaboom, M|50\/100\n|-fieldstart|move: Grassy Terrain|[from] ability: Grassy Surge|[of] p1a: Rillaboom\n|move|p2a: Alomomola|Whirlpool|p1a: Rillaboom\n|-resisted|p1a: Rillaboom\n|-crit|p1a: Rillaboom\n|-damage|p1a: Rillaboom|44\/100\n|-activate|p1a: Rillaboom|move: Whirlpool|[of] p2a: Alomomola\n|\n|-heal|p1a: Rillaboom|50\/100|[from] Grassy Terrain\n|-heal|p2a: Alomomola|71\/100|[from] Grassy Terrain\n|-damage|p1a: Rillaboom|38\/100|[from] move: Whirlpool|[partiallytrapped]\n|upkeep\n|turn|43\n|\n|t:|1700601616\n|move|p2a: Alomomola|Protect|p2a: Alomomola\n|-singleturn|p2a: Alomomola|Protect\n|move|p1a: Rillaboom|Knock Off|p2a: Alomomola\n|-activate|p2a: Alomomola|move: Protect\n|\n|-heal|p1a: Rillaboom|44\/100|[from] Grassy Terrain\n|-heal|p2a: Alomomola|77\/100|[from] Grassy Terrain\n|-damage|p1a: Rillaboom|32\/100|[from] move: Whirlpool|[partiallytrapped]\n|upkeep\n|turn|44\n|\n|t:|1700601626\n|move|p1a: Rillaboom|Knock Off|p2a: Alomomola\n|-damage|p2a: Alomomola|53\/100\n|-enditem|p2a: Alomomola|Heavy-Duty Boots|[from] move: Knock Off|[of] p1a: Rillaboom\n|move|p2a: Alomomola|Wish|p2a: Alomomola\n|\n|-heal|p1a: Rillaboom|38\/100|[from] Grassy Terrain\n|-heal|p2a: Alomomola|59\/100|[from] Grassy Terrain\n|-damage|p1a: Rillaboom|25\/100|[from] move: Whirlpool|[partiallytrapped]\n|upkeep\n|turn|45\n|\n|t:|1700601632\n|move|p1a: Rillaboom|Knock Off|p2a: Alomomola\n|-damage|p2a: Alomomola|42\/100\n|move|p2a: Alomomola|Scald|p1a: Rillaboom\n|-resisted|p1a: Rillaboom\n|-damage|p1a: Rillaboom|16\/100\n|-status|p1a: Rillaboom|brn\n|\n|-heal|p2a: Alomomola|92\/100|[from] move: Wish|[wisher] Alomomola\n|-heal|p1a: Rillaboom|22\/100 brn|[from] Grassy Terrain\n|-heal|p2a: Alomomola|98\/100|[from] Grassy Terrain\n|-damage|p1a: Rillaboom|16\/100 brn|[from] brn\n|-damage|p1a: Rillaboom|3\/100 brn|[from] move: Whirlpool|[partiallytrapped]\n|upkeep\n|turn|46\n|\n|t:|1700601635\n|move|p2a: Alomomola|Protect|p2a: Alomomola\n|-singleturn|p2a: Alomomola|Protect\n|move|p1a: Rillaboom|Knock Off|p2a: Alomomola\n|-activate|p2a: Alomomola|move: Protect\n|\n|-heal|p1a: Rillaboom|10\/100 brn|[from] Grassy Terrain\n|-heal|p2a: Alomomola|100\/100|[from] Grassy Terrain\n|-damage|p1a: Rillaboom|3\/100 brn|[from] brn\n|-damage|p1a: Rillaboom|0 fnt|[from] move: Whirlpool|[partiallytrapped]\n|faint|p1a: Rillaboom\n|-fieldend|move: Grassy Terrain\n|upkeep\n|\n|t:|1700601639\n|switch|p1a: Articuno|Articuno|40\/100\n|-ability|p1a: Articuno|Pressure\n|turn|47\n|\n|t:|1700601644\n|move|p1a: Articuno|Freeze-Dry|p2a: Alomomola\n|-supereffective|p2a: Alomomola\n|-damage|p2a: Alomomola|0 fnt\n|faint|p2a: Alomomola\n|\n|upkeep\n|\n|t:|1700601660\n|switch|p2a: Cyclizar|Cyclizar, M|58\/100\n|turn|48\n|\n|t:|1700601665\n|move|p2a: Cyclizar|Knock Off|p1a: Articuno\n|-damage|p1a: Articuno|16\/100\n|-enditem|p1a: Articuno|Choice Specs|[from] move: Knock Off|[of] p2a: Cyclizar\n|move|p1a: Articuno|Freeze-Dry|p2a: Cyclizar\n|-supereffective|p2a: Cyclizar\n|-damage|p2a: Cyclizar|0 fnt\n|faint|p2a: Cyclizar\n|\n|upkeep\n|\n|t:|1700601684\n|switch|p2a: Clodsire|Clodsire, F|83\/100\n|turn|49\n|\n|t:|1700601712\n|move|p1a: Articuno|Ice Beam|p2a: Clodsire\n|-supereffective|p2a: Clodsire\n|-damage|p2a: Clodsire|34\/100\n|move|p2a: Clodsire|Amnesia|p2a: Clodsire\n|-boost|p2a: Clodsire|spd|2\n|\n|upkeep\n|turn|50\n|\n|t:|1700601717\n|move|p1a: Articuno|Ice Beam|p2a: Clodsire\n|-supereffective|p2a: Clodsire\n|-damage|p2a: Clodsire|11\/100\n|-status|p2a: Clodsire|frz\n|-curestatus|p2a: Clodsire|frz|[msg]\n|move|p2a: Clodsire|Recover|p2a: Clodsire\n|-heal|p2a: Clodsire|61\/100\n|\n|upkeep\n|turn|51\n|\n|t:|1700601721\n|move|p1a: Articuno|Ice Beam|p2a: Clodsire\n|-supereffective|p2a: Clodsire\n|-damage|p2a: Clodsire|36\/100\n|move|p2a: Clodsire|Amnesia|p2a: Clodsire\n|-boost|p2a: Clodsire|spd|2\n|\n|upkeep\n|turn|52\n|\n|t:|1700601724\n|move|p1a: Articuno|Ice Beam|p2a: Clodsire\n|-supereffective|p2a: Clodsire\n|-damage|p2a: Clodsire|20\/100\n|move|p2a: Clodsire|Recover|p2a: Clodsire\n|-heal|p2a: Clodsire|70\/100\n|\n|upkeep\n|turn|53\n|\n|t:|1700601725\n|move|p1a: Articuno|Ice Beam|p2a: Clodsire\n|-supereffective|p2a: Clodsire\n|-damage|p2a: Clodsire|53\/100\n|move|p2a: Clodsire|Toxic|p1a: Articuno\n|-status|p1a: Articuno|tox\n|\n|-damage|p1a: Articuno|10\/100 tox|[from] psn\n|upkeep\n|turn|54\n|\n|t:|1700601727\n|move|p1a: Articuno|Ice Beam|p2a: Clodsire\n|-supereffective|p2a: Clodsire\n|-damage|p2a: Clodsire|37\/100\n|move|p2a: Clodsire|Recover|p2a: Clodsire\n|-heal|p2a: Clodsire|88\/100\n|\n|-damage|p1a: Articuno|0 fnt|[from] psn\n|faint|p1a: Articuno\n|upkeep\n|\n|t:|1700601728\n|switch|p1a: Toedscruel|Toedscruel, M|13\/100 tox\n|turn|55\n|\n|t:|1700601740\n|switch|p2a: Goodra|Goodra-Hisui, M|100\/100 slp\n|move|p1a: Toedscruel|Spore|p2a: Goodra\n|-fail|p2a: Goodra|slp\n|\n|-heal|p1a: Toedscruel|19\/100 tox|[from] item: Leftovers\n|-damage|p1a: Toedscruel|13\/100 tox|[from] psn\n|upkeep\n|turn|56\n|\n|t:|1700601743\n|switch|p1a: Heatran|Heatran, F|89\/100\n|cant|p2a: Goodra|slp\n|\n|upkeep\n|turn|57\n|\n|t:|1700601748\n|switch|p2a: Clodsire|Clodsire, F|88\/100\n|move|p1a: Heatran|Stealth Rock|p2a: Clodsire\n|-sidestart|p2: vailorn|move: Stealth Rock\n|\n|upkeep\n|turn|58\n|\n|t:|1700601751\n|move|p1a: Heatran|Earth Power|p2a: Clodsire\n|-supereffective|p2a: Clodsire\n|-damage|p2a: Clodsire|59\/100\n|move|p2a: Clodsire|Spikes|p1a: Heatran\n|-sidestart|p1: DEANbluntbluntdean|Spikes\n|\n|upkeep\n|turn|59\n|\n|t:|1700601755\n|move|p1a: Heatran|Earth Power|p2a: Clodsire\n|-supereffective|p2a: Clodsire\n|-damage|p2a: Clodsire|30\/100\n|move|p2a: Clodsire|Amnesia|p2a: Clodsire\n|-boost|p2a: Clodsire|spd|2\n|\n|upkeep\n|turn|60\n|\n|t:|1700601758\n|move|p1a: Heatran|Earth Power|p2a: Clodsire\n|-supereffective|p2a: Clodsire\n|-damage|p2a: Clodsire|15\/100\n|move|p2a: Clodsire|Recover|p2a: Clodsire\n|-heal|p2a: Clodsire|65\/100\n|\n|upkeep\n|turn|61\n|\n|t:|1700601761\n|move|p1a: Heatran|Earth Power|p2a: Clodsire\n|-supereffective|p2a: Clodsire\n|-damage|p2a: Clodsire|50\/100\n|move|p2a: Clodsire|Amnesia|p2a: Clodsire\n|-boost|p2a: Clodsire|spd|2\n|\n|upkeep\n|turn|62\n|\n|t:|1700601763\n|move|p1a: Heatran|Earth Power|p2a: Clodsire\n|-supereffective|p2a: Clodsire\n|-damage|p2a: Clodsire|39\/100\n|move|p2a: Clodsire|Recover|p2a: Clodsire\n|-heal|p2a: Clodsire|89\/100\n|\n|upkeep\n|turn|63\n|\n|t:|1700601767\n|move|p1a: Heatran|Earth Power|p2a: Clodsire\n|-supereffective|p2a: Clodsire\n|-damage|p2a: Clodsire|79\/100\n|move|p2a: Clodsire|Amnesia|p2a: Clodsire\n|-boost|p2a: Clodsire|spd|2\n|\n|upkeep\n|turn|64\n|\n|t:|1700601771\n|move|p1a: Heatran|Earth Power|p2a: Clodsire\n|-supereffective|p2a: Clodsire\n|-damage|p2a: Clodsire|72\/100\n|move|p2a: Clodsire|Spikes|p1a: Heatran\n|-sidestart|p1: DEANbluntbluntdean|Spikes\n|\n|upkeep\n|turn|65\n|\n|t:|1700601777\n|move|p1a: Heatran|Magma Storm|p2a: Clodsire\n|-damage|p2a: Clodsire|66\/100\n|-activate|p2a: Clodsire|move: Magma Storm|[of] p1a: Heatran\n|move|p2a: Clodsire|Amnesia|p2a: Clodsire\n|-boost|p2a: Clodsire|spd|0\n|\n|-damage|p2a: Clodsire|54\/100|[from] move: Magma Storm|[partiallytrapped]\n|upkeep\n|turn|66\n|\n|t:|1700601782\n|move|p1a: Heatran|Magma Storm|p2a: Clodsire|[miss]\n|-miss|p1a: Heatran|p2a: Clodsire\n|move|p2a: Clodsire|Recover|p2a: Clodsire\n|-heal|p2a: Clodsire|100\/100\n|\n|-damage|p2a: Clodsire|88\/100|[from] move: Magma Storm|[partiallytrapped]\n|upkeep\n|turn|67\n|\n|t:|1700601786\n|move|p1a: Heatran|Earth Power|p2a: Clodsire\n|-supereffective|p2a: Clodsire\n|-damage|p2a: Clodsire|81\/100\n|move|p2a: Clodsire|Spikes|p1a: Heatran\n|-sidestart|p1: DEANbluntbluntdean|Spikes\n|\n|-damage|p2a: Clodsire|69\/100|[from] move: Magma Storm|[partiallytrapped]\n|upkeep\n|turn|68\n|\n|t:|1700601789\n|move|p1a: Heatran|Magma Storm|p2a: Clodsire\n|-damage|p2a: Clodsire|62\/100\n|move|p2a: Clodsire|Amnesia|p2a: Clodsire\n|-boost|p2a: Clodsire|spd|0\n|\n|-damage|p2a: Clodsire|50\/100|[from] move: Magma Storm|[partiallytrapped]\n|upkeep\n|turn|69\n|\n|t:|1700601792\n|move|p1a: Heatran|Earth Power|p2a: Clodsire\n|-supereffective|p2a: Clodsire\n|-damage|p2a: Clodsire|43\/100\n|move|p2a: Clodsire|Recover|p2a: Clodsire\n|-heal|p2a: Clodsire|93\/100\n|\n|-damage|p2a: Clodsire|81\/100|[from] move: Magma Storm|[partiallytrapped]\n|upkeep\n|turn|70\n|\n|t:|1700601796\n|move|p1a: Heatran|Magma Storm|p2a: Clodsire\n|-damage|p2a: Clodsire|74\/100\n|move|p2a: Clodsire|Amnesia|p2a: Clodsire\n|-boost|p2a: Clodsire|spd|0\n|\n|-end|p2a: Clodsire|Magma Storm|[partiallytrapped]\n|upkeep\n|turn|71\n|\n|t:|1700601800\n|move|p1a: Heatran|Magma Storm|p2a: Clodsire\n|-damage|p2a: Clodsire|68\/100\n|-activate|p2a: Clodsire|move: Magma Storm|[of] p1a: Heatran\n|move|p2a: Clodsire|Amnesia|p2a: Clodsire\n|-boost|p2a: Clodsire|spd|0\n|\n|-damage|p2a: Clodsire|56\/100|[from] move: Magma Storm|[partiallytrapped]\n|upkeep\n|turn|72\n|\n|t:|1700601805\n|move|p1a: Heatran|Protect|p1a: Heatran\n|-singleturn|p1a: Heatran|Protect\n|move|p2a: Clodsire|Recover|p2a: Clodsire\n|-heal|p2a: Clodsire|100\/100\n|\n|-damage|p2a: Clodsire|88\/100|[from] move: Magma Storm|[partiallytrapped]\n|upkeep\n|turn|73\n|\n|t:|1700601810\n|move|p1a: Heatran|Magma Storm|p2a: Clodsire|[miss]\n|-miss|p1a: Heatran|p2a: Clodsire\n|move|p2a: Clodsire|Amnesia|p2a: Clodsire\n|-boost|p2a: Clodsire|spd|0\n|\n|-damage|p2a: Clodsire|76\/100|[from] move: Magma Storm|[partiallytrapped]\n|upkeep\n|turn|74\n|\n|t:|1700601812\n|move|p1a: Heatran|Magma Storm|p2a: Clodsire\n|-damage|p2a: Clodsire|69\/100\n|move|p2a: Clodsire|Spikes||[still]\n|-fail|p2a: Clodsire\n|\n|-damage|p2a: Clodsire|57\/100|[from] move: Magma Storm|[partiallytrapped]\n|upkeep\n|turn|75\n|\n|t:|1700601817\n|move|p1a: Heatran|Magma Storm|p2a: Clodsire\n|-damage|p2a: Clodsire|50\/100\n|move|p2a: Clodsire|Toxic|p1a: Heatran\n|-immune|p1a: Heatran\n|\n|-end|p2a: Clodsire|Magma Storm|[partiallytrapped]\n|upkeep\n|turn|76\n|\n|t:|1700601821\n|move|p1a: Heatran|Earth Power|p2a: Clodsire\n|-supereffective|p2a: Clodsire\n|-damage|p2a: Clodsire|42\/100\n|move|p2a: Clodsire|Spikes||[still]\n|-fail|p2a: Clodsire\n|\n|upkeep\n|turn|77\n|\n|t:|1700601824\n|move|p1a: Heatran|Earth Power|p2a: Clodsire\n|-supereffective|p2a: Clodsire\n|-damage|p2a: Clodsire|34\/100\n|move|p2a: Clodsire|Toxic|p1a: Heatran\n|-immune|p1a: Heatran\n|\n|upkeep\n|turn|78\n|\n|t:|1700601826\n|move|p1a: Heatran|Earth Power|p2a: Clodsire\n|-supereffective|p2a: Clodsire\n|-damage|p2a: Clodsire|27\/100\n|move|p2a: Clodsire|Toxic|p1a: Heatran\n|-immune|p1a: Heatran\n|\n|upkeep\n|turn|79\n|\n|t:|1700601829\n|move|p1a: Heatran|Earth Power|p2a: Clodsire\n|-supereffective|p2a: Clodsire\n|-crit|p2a: Clodsire\n|-damage|p2a: Clodsire|0 fnt\n|faint|p2a: Clodsire\n|\n|upkeep\n|c|\u2606vailorn|lmfao what a time for a crit\n|\n|t:|1700601839\n|switch|p2a: Dondozo|Dondozo, M, tera:Fighting|80\/100\n|turn|80\n|\n|t:|1700601844\n|switch|p1a: Toedscruel|Toedscruel, M|13\/100 tox\n|-damage|p1a: Toedscruel|0 fnt|[from] Spikes\n|faint|p1a: Toedscruel\n|move|p2a: Dondozo|Curse|p2a: Dondozo\n|-unboost|p2a: Dondozo|spe|1\n|-boost|p2a: Dondozo|atk|1\n|-boost|p2a: Dondozo|def|1\n|\n|upkeep\n|\n|t:|1700601846\n|switch|p1a: Cinderace|Cinderace, M|100\/100\n|turn|81\n|\n|t:|1700601850\n|move|p1a: Cinderace|Pyro Ball|p2a: Dondozo\n|-damage|p2a: Dondozo|62\/100\n|move|p2a: Dondozo|Curse|p2a: Dondozo\n|-unboost|p2a: Dondozo|spe|1\n|-boost|p2a: Dondozo|atk|1\n|-boost|p2a: Dondozo|def|1\n|\n|upkeep\n|turn|82\n|\n|t:|1700601853\n|move|p1a: Cinderace|Pyro Ball|p2a: Dondozo|[miss]\n|-miss|p1a: Cinderace|p2a: Dondozo\n|move|p2a: Dondozo|Waterfall|p1a: Cinderace\n|-supereffective|p1a: Cinderace\n|-damage|p1a: Cinderace|0 fnt\n|faint|p1a: Cinderace\n|\n|upkeep\n|-message|DEANbluntbluntdean forfeited.\n|\n|win|vailorn\n|raw|DEANbluntbluntdean's rating: 1436 &rarr; <strong>1416<\/strong><br \/>(-20 for losing)\n|raw|vailorn's rating: 1428 &rarr; <strong>1448<\/strong><br \/>(+20 for winning)\n|l|\u2606DEANbluntbluntdean\n","uploadtime":1700601863,"views":33,"p1id":"deanbluntbluntdean","p2id":"vailorn","formatid":"gen9ou","rating":1416,"private":0,"password":""}