{"id":"gen9ou-1988996559","p1":"FIREER","p2":"thunder_68","format":"[Gen 9] OU","log":"|j|\u2606FIREER\n|j|\u203dthunder_68\n|t:|1699800039\n|gametype|singles\n|player|p1|FIREER|roughneck-gen4|1211\n|player|p2|thunder_68|102|1134\n|teamsize|p1|6\n|teamsize|p2|6\n|gen|9\n|tier|[Gen 9] OU\n|rated|\n|rule|Sleep Clause Mod: Limit one foe put to sleep\n|rule|Species Clause: Limit one of each Pok\u00e9mon\n|rule|OHKO Clause: OHKO moves are banned\n|rule|Evasion Items Clause: Evasion items are banned\n|rule|Evasion Moves Clause: Evasion moves are banned\n|rule|Endless Battle Clause: Forcing endless battles is banned\n|rule|HP Percentage Mod: HP is shown in percentages\n|clearpoke\n|poke|p1|Iron Moth|\n|poke|p1|Amoonguss, F|\n|poke|p1|Kommo-o, M|\n|poke|p1|Kingambit, M|\n|poke|p1|Azumarill, M|\n|poke|p1|Thundurus-Therian, M|\n|poke|p2|Lucario, M|\n|poke|p2|Noivern, M|\n|poke|p2|Typhlosion-Hisui, M|\n|poke|p2|Slowbro, M|\n|poke|p2|Tauros-Paldea-Aqua, M|\n|poke|p2|Quagsire, F|\n|teampreview\n|inactive|Battle timer is ON: inactive players will automatically lose when time's up. (requested by FIREER)\n|\n|t:|1699800048\n|start\n|switch|p1a: Torrent|Azumarill, M, shiny|100\/100\n|switch|p2a: Typhlosion|Typhlosion-Hisui, M|100\/100\n|turn|1\n|\n|t:|1699800058\n|switch|p2a: Quagsire|Quagsire, F|100\/100\n|move|p1a: Torrent|Belly Drum|p1a: Torrent\n|-damage|p1a: Torrent|50\/100\n|-setboost|p1a: Torrent|atk|6|[from] move: Belly Drum\n|-enditem|p1a: Torrent|Sitrus Berry|[eat]\n|-heal|p1a: Torrent|75\/100|[from] item: Sitrus Berry\n|\n|upkeep\n|turn|2\n|\n|t:|1699800069\n|-terastallize|p2a: Quagsire|Poison\n|move|p1a: Torrent|Play Rough|p2a: Quagsire\n|-resisted|p2a: Quagsire\n|-damage|p2a: Quagsire|74\/100\n|-unboost|p2a: Quagsire|atk|1\n|move|p2a: Quagsire|Stockpile|p2a: Quagsire\n|-start|p2a: Quagsire|stockpile1\n|-boost|p2a: Quagsire|def|1\n|-boost|p2a: Quagsire|spd|1\n|\n|upkeep\n|turn|3\n|l|\u203dthunder_68\n|inactive|thunder_68 disconnected and has a minute to reconnect!\n|player|p2|\n|j|\u203dthunder_68\n|inactive|thunder_68 reconnected and has 130 seconds left.\n|player|p2|thunder_68|102\n|n|\u203dthunder_68|thunder68\n|\n|t:|1699800096\n|-terastallize|p1a: Torrent|Water\n|move|p1a: Torrent|Aqua Jet|p2a: Quagsire\n|-damage|p2a: Quagsire|52\/100\n|move|p2a: Quagsire|Stockpile|p2a: Quagsire\n|-start|p2a: Quagsire|stockpile2\n|-boost|p2a: Quagsire|def|1\n|-boost|p2a: Quagsire|spd|1\n|\n|upkeep\n|turn|4\n|\n|t:|1699800109\n|move|p1a: Torrent|Encore|p2a: Quagsire\n|-start|p2a: Quagsire|Encore\n|move|p2a: Quagsire|Stockpile|p2a: Quagsire\n|-start|p2a: Quagsire|stockpile3\n|-boost|p2a: Quagsire|def|1\n|-boost|p2a: Quagsire|spd|1\n|\n|upkeep\n|turn|5\n|\n|t:|1699800114\n|switch|p1a: Gusgus|Amoonguss, F, shiny|100\/100\n|move|p2a: Quagsire|Stockpile||[still]\n|-fail|p2a: Quagsire\n|\n|upkeep\n|turn|6\n|\n|t:|1699800119\n|move|p1a: Gusgus|Clear Smog|p2a: Quagsire\n|-resisted|p2a: Quagsire\n|-damage|p2a: Quagsire|50\/100\n|-clearboost|p2a: Quagsire\n|move|p2a: Quagsire|Stockpile||[still]\n|-fail|p2a: Quagsire\n|\n|-end|p2a: Quagsire|Encore\n|upkeep\n|turn|7\n|\n|t:|1699800128\n|switch|p2a: Typhlosion|Typhlosion-Hisui, M|100\/100\n|move|p1a: Gusgus|Spore|p2a: Typhlosion\n|-status|p2a: Typhlosion|slp|[from] move: Spore\n|\n|upkeep\n|turn|8\n|\n|t:|1699800135\n|switch|p1a: Torrent|Azumarill, M, shiny, tera:Water|75\/100\n|cant|p2a: Typhlosion|slp\n|\n|upkeep\n|turn|9\n|\n|t:|1699800142\n|switch|p2a: Quagsire|Quagsire, F, tera:Poison|50\/100\n|move|p1a: Torrent|Aqua Jet|p2a: Quagsire\n|-damage|p2a: Quagsire|21\/100\n|\n|upkeep\n|turn|10\n|\n|t:|1699800148\n|switch|p2a: Slowbro|Slowbro, M|100\/100\n|move|p1a: Torrent|Aqua Jet|p2a: Slowbro\n|-resisted|p2a: Slowbro\n|-damage|p2a: Slowbro|91\/100\n|\n|upkeep\n|turn|11\n|\n|t:|1699800163\n|switch|p1a: Overgod|Kingambit, M, shiny|100\/100\n|move|p2a: Slowbro|Psyshock|p1a: Overgod\n|-immune|p1a: Overgod\n|\n|upkeep\n|turn|12\n|\n|t:|1699800168\n|switch|p2a: Lucario|Lucario, M|100\/100\n|move|p1a: Overgod|Swords Dance|p1a: Overgod\n|-boost|p1a: Overgod|atk|2\n|\n|upkeep\n|turn|13\n|\n|t:|1699800174\n|move|p2a: Lucario|Vacuum Wave|p1a: Overgod\n|-supereffective|p1a: Overgod\n|-damage|p1a: Overgod|0 fnt\n|faint|p1a: Overgod\n|-end|p1a: Overgod|fallenundefined|[silent]\n|-damage|p2a: Lucario|91\/100|[from] item: Life Orb\n|\n|upkeep\n|\n|t:|1699800181\n|switch|p1a: Symbolism|Iron Moth|100\/100\n|-enditem|p1a: Symbolism|Booster Energy\n|-activate|p1a: Symbolism|ability: Quark Drive|[fromitem]\n|-start|p1a: Symbolism|quarkdrivespe\n|turn|14\n|\n|t:|1699800191\n|switch|p2a: Quagsire|Quagsire, F, tera:Poison|21\/100\n|move|p1a: Symbolism|Substitute|p1a: Symbolism\n|-start|p1a: Symbolism|Substitute\n|-damage|p1a: Symbolism|76\/100\n|\n|upkeep\n|turn|15\n|\n|t:|1699800197\n|move|p1a: Symbolism|Fiery Dance|p2a: Quagsire\n|-damage|p2a: Quagsire|0 fnt\n|-boost|p1a: Symbolism|spa|1\n|faint|p2a: Quagsire\n|\n|upkeep\n|\n|t:|1699800201\n|switch|p2a: Noivern|Noivern, M|100\/100\n|turn|16\n|\n|t:|1699800210\n|move|p1a: Symbolism|Sludge Wave|p2a: Noivern\n|-damage|p2a: Noivern|4\/100\n|move|p2a: Noivern|Boomburst|p1a: Symbolism\n|-damage|p1a: Symbolism|35\/100\n|\n|upkeep\n|turn|17\n|\n|t:|1699800220\n|move|p1a: Symbolism|Fiery Dance|p2a: Noivern\n|-resisted|p2a: Noivern\n|-damage|p2a: Noivern|0 fnt\n|faint|p2a: Noivern\n|\n|upkeep\n|\n|t:|1699800228\n|switch|p2a: Tauros|Tauros-Paldea-Aqua, M|100\/100\n|turn|18\n|\n|t:|1699800232\n|move|p2a: Tauros|Aqua Jet|p1a: Symbolism\n|-supereffective|p1a: Symbolism\n|-end|p1a: Symbolism|Substitute\n|move|p1a: Symbolism|Sludge Wave|p2a: Tauros\n|-damage|p2a: Tauros|0 fnt\n|faint|p2a: Tauros\n|\n|upkeep\n|\n|t:|1699800241\n|switch|p2a: Slowbro|Slowbro, M|100\/100\n|turn|19\n|\n|t:|1699800247\n|move|p1a: Symbolism|Sludge Wave|p2a: Slowbro\n|-damage|p2a: Slowbro|20\/100\n|move|p2a: Slowbro|Scald|p1a: Symbolism\n|-supereffective|p1a: Symbolism\n|-damage|p1a: Symbolism|0 fnt\n|faint|p1a: Symbolism\n|-end|p1a: Symbolism|Quark Drive|[silent]\n|\n|upkeep\n|\n|t:|1699800251\n|switch|p1a: Zeus|Thundurus-Therian, M|100\/100\n|turn|20\n|\n|t:|1699800262\n|switch|p2a: Typhlosion|Typhlosion-Hisui, M|100\/100 slp\n|move|p1a: Zeus|Volt Switch|p2a: Typhlosion\n|-damage|p2a: Typhlosion|20\/100 slp\n|\n|t:|1699800269\n|switch|p1a: Torrent|Azumarill, M, shiny, tera:Water|75\/100|[from] Volt Switch\n|\n|upkeep\n|turn|21\n|\n|t:|1699800275\n|-curestatus|p2a: Typhlosion|slp|[msg]\n|move|p2a: Typhlosion|Shadow Ball|p1a: Torrent\n|-damage|p1a: Torrent|29\/100\n|move|p1a: Torrent|Belly Drum||[still]\n|-fail|p1a: Torrent\n|\n|upkeep\n|turn|22\n|\n|t:|1699800281\n|move|p1a: Torrent|Aqua Jet|p2a: Typhlosion\n|-supereffective|p2a: Typhlosion\n|-damage|p2a: Typhlosion|0 fnt\n|faint|p2a: Typhlosion\n|\n|upkeep\n|\n|t:|1699800284\n|switch|p2a: Slowbro|Slowbro, M|53\/100\n|turn|23\n|\n|t:|1699800291\n|move|p1a: Torrent|Play Rough|p2a: Slowbro\n|-damage|p2a: Slowbro|20\/100\n|move|p2a: Slowbro|Calm Mind|p2a: Slowbro\n|-boost|p2a: Slowbro|spa|1\n|-boost|p2a: Slowbro|spd|1\n|\n|upkeep\n|turn|24\n|\n|t:|1699800297\n|move|p1a: Torrent|Play Rough|p2a: Slowbro\n|-damage|p2a: Slowbro|0 fnt\n|faint|p2a: Slowbro\n|\n|upkeep\n|\n|t:|1699800298\n|switch|p2a: Lucario|Lucario, M|91\/100\n|turn|25\n|\n|t:|1699800301\n|move|p1a: Torrent|Aqua Jet|p2a: Lucario\n|-damage|p2a: Lucario|36\/100\n|move|p2a: Lucario|Flash Cannon|p1a: Torrent\n|-resisted|p1a: Torrent\n|-damage|p1a: Torrent|0 fnt\n|faint|p1a: Torrent\n|-damage|p2a: Lucario|26\/100|[from] item: Life Orb\n|\n|upkeep\n|\n|t:|1699800309\n|switch|p1a: Zeus|Thundurus-Therian, M|100\/100\n|turn|26\n|\n|t:|1699800313\n|move|p1a: Zeus|Volt Switch|p2a: Lucario\n|-damage|p2a: Lucario|0 fnt\n|faint|p2a: Lucario\n|\n|win|FIREER\n|raw|FIREER's rating: 1211 &rarr; <strong>1231<\/strong><br \/>(+20 for winning)\n|raw|thunder_68's rating: 1134 &rarr; <strong>1114<\/strong><br \/>(-20 for losing)\n|l|\u203dthunder_68\n","uploadtime":1699800344,"views":17,"p1id":"fireer","p2id":"thunder68","formatid":"gen9ou","rating":1114,"private":0,"password":""}