{"id":"gen9ou-1991165235","p1":"Official Poyo","p2":"Dadben","format":"[Gen 9] OU","log":"|j|\u2606Official Poyo\n|j|\u2606Dadben\n|t:|1700052434\n|gametype|singles\n|player|p1|Official Poyo|richboy-gen4|1527\n|player|p2|Dadben|fisherman-gen4|1514\n|teamsize|p1|6\n|teamsize|p2|6\n|gen|9\n|tier|[Gen 9] OU\n|rated|\n|rule|Sleep Clause Mod: Limit one foe put to sleep\n|rule|Species Clause: Limit one of each Pok\u00e9mon\n|rule|OHKO Clause: OHKO moves are banned\n|rule|Evasion Items Clause: Evasion items are banned\n|rule|Evasion Moves Clause: Evasion moves are banned\n|rule|Endless Battle Clause: Forcing endless battles is banned\n|rule|HP Percentage Mod: HP is shown in percentages\n|clearpoke\n|poke|p1|Dragapult, F|\n|poke|p1|Ting-Lu|\n|poke|p1|Kingambit, M|\n|poke|p1|Iron Valiant|\n|poke|p1|Milotic, M|\n|poke|p1|Cinderace, M|\n|poke|p2|Pelipper, M|\n|poke|p2|Tyranitar, M|\n|poke|p2|Corviknight, F|\n|poke|p2|Clodsire, M|\n|poke|p2|Barraskewda, F|\n|poke|p2|Basculegion-F, F|\n|teampreview\n|inactive|Battle timer is ON: inactive players will automatically lose when time's up. (requested by Dadben)\n|\n|t:|1700052447\n|start\n|switch|p1a: Dragapult|Dragapult, F|100\/100\n|switch|p2a: Corviknight|Corviknight, F|100\/100\n|-ability|p2a: Corviknight|Pressure\n|turn|1\n|\n|t:|1700052451\n|switch|p2a: Tyranitar|Tyranitar, M|100\/100\n|-weather|Sandstorm|[from] ability: Sand Stream|[of] p2a: Tyranitar\n|move|p1a: Dragapult|Thunder Wave|p2a: Tyranitar\n|-status|p2a: Tyranitar|par\n|\n|-weather|Sandstorm|[upkeep]\n|-damage|p1a: Dragapult|94\/100|[from] Sandstorm\n|-heal|p1a: Dragapult|100\/100|[from] item: Leftovers\n|upkeep\n|turn|2\n|\n|t:|1700052454\n|move|p1a: Dragapult|U-turn|p2a: Tyranitar\n|-supereffective|p2a: Tyranitar\n|-damage|p2a: Tyranitar|74\/100 par\n|\n|t:|1700052456\n|switch|p1a: Ting-Lu|Ting-Lu|100\/100|[from] U-turn\n|-ability|p1a: Ting-Lu|Vessel of Ruin\n|move|p2a: Tyranitar|Stealth Rock|p1a: Ting-Lu\n|-sidestart|p1: Official Poyo|move: Stealth Rock\n|\n|-weather|Sandstorm|[upkeep]\n|-heal|p2a: Tyranitar|80\/100 par|[from] item: Leftovers\n|upkeep\n|turn|3\n|\n|t:|1700052461\n|move|p1a: Ting-Lu|Ruination|p2a: Tyranitar\n|-damage|p2a: Tyranitar|40\/100 par\n|move|p2a: Tyranitar|Knock Off|p1a: Ting-Lu\n|-resisted|p1a: Ting-Lu\n|-damage|p1a: Ting-Lu|88\/100\n|-enditem|p1a: Ting-Lu|Leftovers|[from] move: Knock Off|[of] p2a: Tyranitar\n|\n|-weather|Sandstorm|[upkeep]\n|-heal|p2a: Tyranitar|47\/100 par|[from] item: Leftovers\n|upkeep\n|turn|4\n|\n|t:|1700052468\n|switch|p2a: Pelipper|Pelipper, M|100\/100\n|-weather|RainDance|[from] ability: Drizzle|[of] p2a: Pelipper\n|move|p1a: Ting-Lu|Earthquake|p2a: Pelipper\n|-immune|p2a: Pelipper\n|\n|-weather|RainDance|[upkeep]\n|upkeep\n|turn|5\n|\n|t:|1700052471\n|move|p2a: Pelipper|U-turn|p1a: Ting-Lu\n|-supereffective|p1a: Ting-Lu\n|-damage|p1a: Ting-Lu|78\/100\n|\n|t:|1700052473\n|switch|p2a: Basculegion|Basculegion-F, F|100\/100|[from] U-turn\n|move|p1a: Ting-Lu|Whirlwind|p2a: Basculegion\n|drag|p2a: Barraskewda|Barraskewda, F|100\/100\n|\n|-weather|RainDance|[upkeep]\n|upkeep\n|turn|6\n|\n|t:|1700052479\n|switch|p1a: Milotic|Milotic, M|100\/100\n|move|p2a: Barraskewda|Liquidation|p1a: Milotic\n|-resisted|p1a: Milotic\n|-damage|p1a: Milotic|78\/100\n|\n|-weather|RainDance|[upkeep]\n|upkeep\n|turn|7\n|\n|t:|1700052484\n|move|p2a: Barraskewda|Flip Turn|p1a: Milotic\n|-resisted|p1a: Milotic\n|-damage|p1a: Milotic|62\/100\n|\n|t:|1700052487\n|switch|p2a: Clodsire|Clodsire, M|100\/100|[from] Flip Turn\n|move|p1a: Milotic|Scald|p2a: Clodsire\n|-immune|p2a: Clodsire|[from] ability: Water Absorb\n|\n|-weather|RainDance|[upkeep]\n|upkeep\n|turn|8\n|\n|t:|1700052491\n|move|p1a: Milotic|Ice Beam|p2a: Clodsire\n|-supereffective|p2a: Clodsire\n|-damage|p2a: Clodsire|72\/100\n|move|p2a: Clodsire|Spikes|p1a: Milotic\n|-sidestart|p1: Official Poyo|Spikes\n|\n|-weather|none\n|-heal|p2a: Clodsire|78\/100|[from] item: Black Sludge\n|upkeep\n|turn|9\n|\n|t:|1700052497\n|switch|p1a: Ting-Lu|Ting-Lu|78\/100\n|-damage|p1a: Ting-Lu|71\/100|[from] Stealth Rock\n|-damage|p1a: Ting-Lu|59\/100|[from] Spikes\n|-ability|p1a: Ting-Lu|Vessel of Ruin\n|move|p2a: Clodsire|Acid Spray|p1a: Ting-Lu\n|-resisted|p1a: Ting-Lu\n|-damage|p1a: Ting-Lu|57\/100\n|-unboost|p1a: Ting-Lu|spd|2\n|\n|-heal|p2a: Clodsire|85\/100|[from] item: Black Sludge\n|upkeep\n|turn|10\n|\n|t:|1700052502\n|switch|p2a: Basculegion|Basculegion-F, F|100\/100\n|move|p1a: Ting-Lu|Whirlwind|p2a: Basculegion\n|drag|p2a: Tyranitar|Tyranitar, M|47\/100 par\n|-weather|Sandstorm|[from] ability: Sand Stream|[of] p2a: Tyranitar\n|\n|-weather|Sandstorm|[upkeep]\n|-heal|p2a: Tyranitar|53\/100 par|[from] item: Leftovers\n|upkeep\n|turn|11\n|\n|t:|1700052506\n|move|p1a: Ting-Lu|Earthquake|p2a: Tyranitar\n|-supereffective|p2a: Tyranitar\n|-damage|p2a: Tyranitar|0 fnt\n|faint|p2a: Tyranitar\n|\n|-weather|Sandstorm|[upkeep]\n|upkeep\n|\n|t:|1700052510\n|switch|p2a: Basculegion|Basculegion-F, F|100\/100\n|turn|12\n|\n|t:|1700052516\n|move|p2a: Basculegion|Surf|p1a: Ting-Lu\n|-supereffective|p1a: Ting-Lu\n|-damage|p1a: Ting-Lu|0 fnt\n|faint|p1a: Ting-Lu\n|\n|-weather|Sandstorm|[upkeep]\n|-damage|p2a: Basculegion|94\/100|[from] Sandstorm\n|-heal|p2a: Basculegion|100\/100|[from] item: Leftovers\n|upkeep\n|\n|t:|1700052518\n|switch|p1a: Cinderace|Cinderace, M|100\/100\n|turn|13\n|\n|t:|1700052522\n|move|p1a: Cinderace|Court Change|p1a: Cinderace\n|-start|p1a: Cinderace|typechange|Normal|[from] ability: Libero\n|-swapsideconditions\n|-activate|p1a: Cinderace|move: Court Change\n|move|p2a: Basculegion|Agility|p2a: Basculegion\n|-boost|p2a: Basculegion|spe|2\n|\n|-weather|Sandstorm|[upkeep]\n|-damage|p2a: Basculegion|94\/100|[from] Sandstorm\n|-damage|p1a: Cinderace|95\/100|[from] Sandstorm\n|-heal|p2a: Basculegion|100\/100|[from] item: Leftovers\n|upkeep\n|turn|14\n|\n|t:|1700052529\n|move|p2a: Basculegion|Substitute|p2a: Basculegion\n|-start|p2a: Basculegion|Substitute\n|-damage|p2a: Basculegion|76\/100\n|move|p1a: Cinderace|Pyro Ball|p2a: Basculegion\n|-resisted|p2a: Basculegion\n|-activate|p2a: Basculegion|move: Substitute|[damage]\n|\n|-weather|none\n|-heal|p2a: Basculegion|82\/100|[from] item: Leftovers\n|upkeep\n|turn|15\n|\n|t:|1700052533\n|move|p2a: Basculegion|Surf|p1a: Cinderace\n|-damage|p1a: Cinderace|5\/100\n|move|p1a: Cinderace|U-turn|p2a: Basculegion\n|-resisted|p2a: Basculegion\n|-end|p2a: Basculegion|Substitute\n|\n|t:|1700052550\n|switch|p1a: Kingambit|Kingambit, M|100\/100|[from] U-turn\n|-activate|p1a: Kingambit|ability: Supreme Overlord\n|-start|p1a: Kingambit|fallen1|[silent]\n|\n|-heal|p2a: Basculegion|88\/100|[from] item: Leftovers\n|upkeep\n|turn|16\n|\n|t:|1700052553\n|switch|p2a: Corviknight|Corviknight, F|100\/100\n|-damage|p2a: Corviknight|88\/100|[from] Stealth Rock\n|-ability|p2a: Corviknight|Pressure\n|move|p1a: Kingambit|Kowtow Cleave|p2a: Corviknight\n|-crit|p2a: Corviknight\n|-damage|p2a: Corviknight|2\/100\n|-damage|p1a: Kingambit|84\/100|[from] item: Rocky Helmet|[of] p2a: Corviknight\n|\n|upkeep\n|turn|17\n|\n|t:|1700052559\n|move|p1a: Kingambit|Kowtow Cleave|p2a: Corviknight\n|-damage|p2a: Corviknight|0 fnt\n|-damage|p1a: Kingambit|68\/100|[from] item: Rocky Helmet|[of] p2a: Corviknight\n|faint|p2a: Corviknight\n|\n|upkeep\n|\n|t:|1700052566\n|switch|p2a: Clodsire|Clodsire, M|85\/100\n|-damage|p2a: Clodsire|78\/100|[from] Stealth Rock\n|-damage|p2a: Clodsire|66\/100|[from] Spikes\n|turn|18\n|\n|t:|1700052568\n|move|p1a: Kingambit|Kowtow Cleave|p2a: Clodsire\n|-damage|p2a: Clodsire|15\/100\n|move|p2a: Clodsire|Spikes|p1a: Kingambit\n|-sidestart|p1: Official Poyo|Spikes\n|\n|-heal|p2a: Clodsire|22\/100|[from] item: Black Sludge\n|upkeep\n|turn|19\n|\n|t:|1700052574\n|move|p1a: Kingambit|Kowtow Cleave|p2a: Clodsire\n|-damage|p2a: Clodsire|0 fnt\n|faint|p2a: Clodsire\n|\n|upkeep\n|\n|t:|1700052577\n|switch|p2a: Pelipper|Pelipper, M|100\/100\n|-damage|p2a: Pelipper|76\/100|[from] Stealth Rock\n|-weather|RainDance|[from] ability: Drizzle|[of] p2a: Pelipper\n|turn|20\n|\n|t:|1700052582\n|move|p2a: Pelipper|Surf|p1a: Kingambit\n|-damage|p1a: Kingambit|6\/100\n|move|p1a: Kingambit|Swords Dance|p1a: Kingambit\n|-boost|p1a: Kingambit|atk|2\n|\n|-weather|RainDance|[upkeep]\n|upkeep\n|turn|21\n|\n|t:|1700052592\n|move|p1a: Kingambit|Sucker Punch|p2a: Pelipper\n|-damage|p2a: Pelipper|0 fnt\n|faint|p2a: Pelipper\n|\n|-weather|RainDance|[upkeep]\n|upkeep\n|\n|t:|1700052594\n|switch|p2a: Basculegion|Basculegion-F, F|88\/100\n|-damage|p2a: Basculegion|75\/100|[from] Stealth Rock\n|-damage|p2a: Basculegion|63\/100|[from] Spikes\n|turn|22\n|\n|t:|1700052597\n|move|p2a: Basculegion|Substitute|p2a: Basculegion\n|-start|p2a: Basculegion|Substitute\n|-damage|p2a: Basculegion|38\/100\n|move|p1a: Kingambit|Kowtow Cleave|p2a: Basculegion\n|-supereffective|p2a: Basculegion\n|-end|p2a: Basculegion|Substitute\n|\n|-weather|RainDance|[upkeep]\n|-heal|p2a: Basculegion|44\/100|[from] item: Leftovers\n|upkeep\n|turn|23\n|\n|t:|1700052601\n|move|p2a: Basculegion|Agility|p2a: Basculegion\n|-boost|p2a: Basculegion|spe|2\n|move|p1a: Kingambit|Kowtow Cleave|p2a: Basculegion\n|-supereffective|p2a: Basculegion\n|-damage|p2a: Basculegion|0 fnt\n|faint|p2a: Basculegion\n|\n|-weather|RainDance|[upkeep]\n|upkeep\n|-message|Dadben forfeited.\n|\n|win|Official Poyo\n|raw|Official Poyo's rating: 1527 &rarr; <strong>1546<\/strong><br \/>(+19 for winning)\n|raw|Dadben's rating: 1514 &rarr; <strong>1495<\/strong><br \/>(-19 for losing)\n|l|\u2606Dadben\n","uploadtime":1700052607,"views":10,"p1id":"officialpoyo","p2id":"dadben","formatid":"gen9ou","rating":1495,"private":0,"password":""}