{"id":"gen9ou-1988873751","p1":"kexmex","p2":"dddzdddq","format":"[Gen 9] OU","log":"|j|\u2606kexmex\n|j|\u2606dddzdddq\n|t:|1699778546\n|gametype|singles\n|player|p1|kexmex|gardenia|1456\n|player|p2|dddzdddq|shadowtriad|1360\n|teamsize|p1|6\n|teamsize|p2|6\n|gen|9\n|tier|[Gen 9] OU\n|rated|\n|rule|Sleep Clause Mod: Limit one foe put to sleep\n|rule|Species Clause: Limit one of each Pok\u00e9mon\n|rule|OHKO Clause: OHKO moves are banned\n|rule|Evasion Items Clause: Evasion items are banned\n|rule|Evasion Moves Clause: Evasion moves are banned\n|rule|Endless Battle Clause: Forcing endless battles is banned\n|rule|HP Percentage Mod: HP is shown in percentages\n|clearpoke\n|poke|p1|Walking Wake|\n|poke|p1|Maushold-Four|\n|poke|p1|Dragonite, F|\n|poke|p1|Weezing-Galar, M|\n|poke|p1|Great Tusk|\n|poke|p1|Muk-Alola, F|\n|poke|p2|Arcanine-Hisui, M|\n|poke|p2|Ribombee, M|\n|poke|p2|Samurott-Hisui, M|\n|poke|p2|Zoroark-Hisui, M|\n|poke|p2|Gholdengo|\n|poke|p2|Great Tusk|\n|teampreview\n|inactive|Battle timer is ON: inactive players will automatically lose when time's up. (requested by kexmex)\n|\n|t:|1699778565\n|start\n|switch|p1a: Weezing|Weezing-Galar, M|100\/100\n|switch|p2a: Ribombee|Ribombee, M, shiny|100\/100\n|turn|1\n|\n|t:|1699778573\n|move|p2a: Ribombee|Hyper Voice|p1a: Weezing\n|-damage|p1a: Weezing|0 fnt\n|faint|p1a: Weezing\n|\n|upkeep\n|\n|t:|1699778585\n|switch|p1a: Muk|Muk-Alola, F|100\/100\n|turn|2\n|\n|t:|1699778595\n|switch|p2a: Ribombee|Ribombee, M, shiny|100\/100\n|move|p1a: Muk|Poison Jab|p2a: Ribombee\n|-supereffective|p2a: Ribombee\n|-damage|p2a: Ribombee|4\/100\n|\n|upkeep\n|turn|3\n|\n|t:|1699778611\n|move|p2a: Ribombee|Sticky Web|p1a: Muk\n|-sidestart|p1: kexmex|move: Sticky Web\n|move|p1a: Muk|Knock Off|p2a: Ribombee\n|-resisted|p2a: Ribombee\n|-damage|p2a: Ribombee|0 fnt\n|-enditem|p2a: Ribombee|Focus Sash|[from] move: Knock Off|[of] p1a: Muk\n|faint|p2a: Ribombee\n|\n|upkeep\n|\n|t:|1699778617\n|switch|p2a: Arcanine|Arcanine-Hisui, M|100\/100\n|turn|4\n|\n|t:|1699778623\n|switch|p1a: Great Tusk|Great Tusk|100\/100\n|-activate|p1a: Great Tusk|move: Sticky Web\n|-unboost|p1a: Great Tusk|spe|1\n|move|p2a: Arcanine|Flare Blitz|p1a: Great Tusk\n|-damage|p1a: Great Tusk|57\/100\n|-damage|p2a: Arcanine|84\/100|[from] item: Rocky Helmet|[of] p1a: Great Tusk\n|\n|upkeep\n|turn|5\n|\n|t:|1699778631\n|switch|p2a: Gholdengo|Gholdengo, shiny|100\/100\n|-item|p2a: Gholdengo|Air Balloon\n|-end|p1a: Great Tusk|Protosynthesis|[silent]\n|switch|p1a: Muk|Muk-Alola, F|100\/100\n|-activate|p1a: Muk|move: Sticky Web\n|-unboost|p1a: Muk|spe|1\n|\n|upkeep\n|turn|6\n|\n|t:|1699778636\n|move|p2a: Gholdengo|Nasty Plot|p2a: Gholdengo\n|-boost|p2a: Gholdengo|spa|2\n|move|p1a: Muk|Knock Off|p2a: Gholdengo\n|-supereffective|p2a: Gholdengo\n|-damage|p2a: Gholdengo|45\/100\n|-enditem|p2a: Gholdengo|Air Balloon\n|\n|upkeep\n|turn|7\n|\n|t:|1699778642\n|switch|p1a: Walking Wake|Walking Wake|100\/100\n|-activate|p1a: Walking Wake|move: Sticky Web\n|-unboost|p1a: Walking Wake|spe|1\n|move|p2a: Gholdengo|Recover|p2a: Gholdengo\n|-heal|p2a: Gholdengo|95\/100\n|\n|upkeep\n|turn|8\n|\n|t:|1699778648\n|move|p1a: Walking Wake|Flamethrower|p2a: Gholdengo\n|-supereffective|p2a: Gholdengo\n|-damage|p2a: Gholdengo|38\/100\n|move|p2a: Gholdengo|Shadow Ball|p1a: Walking Wake\n|-damage|p1a: Walking Wake|16\/100\n|\n|upkeep\n|turn|9\n|\n|t:|1699778656\n|move|p1a: Walking Wake|Flamethrower|p2a: Gholdengo\n|-supereffective|p2a: Gholdengo\n|-damage|p2a: Gholdengo|0 fnt\n|faint|p2a: Gholdengo\n|\n|upkeep\n|\n|t:|1699778660\n|switch|p2a: Samurott|Samurott-Hisui, M, shiny|100\/100\n|turn|10\n|\n|t:|1699778664\n|-end|p1a: Walking Wake|Protosynthesis|[silent]\n|switch|p1a: Great Tusk|Great Tusk|57\/100\n|-activate|p1a: Great Tusk|move: Sticky Web\n|-unboost|p1a: Great Tusk|spe|1\n|move|p2a: Samurott|Ceaseless Edge|p1a: Great Tusk\n|-resisted|p1a: Great Tusk\n|-damage|p1a: Great Tusk|46\/100\n|-damage|p2a: Samurott|84\/100|[from] item: Rocky Helmet|[of] p1a: Great Tusk\n|-sidestart|p1: kexmex|Spikes\n|\n|upkeep\n|turn|11\n|\n|t:|1699778676\n|switch|p2a: Samurott|Samurott-Hisui, M, shiny|100\/100\n|move|p1a: Great Tusk|Earthquake|p2a: Samurott\n|-damage|p2a: Samurott|13\/100\n|replace|p2a: King of Illusions|Zoroark-Hisui, M, shiny\n|-end|p2a: King of Illusions|Illusion\n|\n|upkeep\n|turn|12\n|\n|t:|1699778691\n|-end|p1a: Great Tusk|Protosynthesis|[silent]\n|switch|p1a: Muk|Muk-Alola, F|100\/100\n|-activate|p1a: Muk|move: Sticky Web\n|-unboost|p1a: Muk|spe|1\n|-damage|p1a: Muk|88\/100|[from] Spikes\n|-terastallize|p2a: King of Illusions|Normal\n|move|p2a: King of Illusions|Hyper Voice|p1a: Muk\n|-damage|p1a: Muk|32\/100\n|\n|-heal|p1a: Muk|39\/100|[from] item: Black Sludge\n|upkeep\n|turn|13\n|\n|t:|1699778700\n|move|p1a: Muk|Protect|p1a: Muk\n|-singleturn|p1a: Muk|Protect\n|move|p2a: King of Illusions|Hyper Voice|p1a: Muk\n|-activate|p1a: Muk|move: Protect\n|\n|-heal|p1a: Muk|45\/100|[from] item: Black Sludge\n|upkeep\n|turn|14\n|\n|t:|1699778716\n|switch|p1a: Dragonite|Dragonite, F|100\/100\n|move|p2a: King of Illusions|Hyper Voice|p1a: Dragonite\n|-damage|p1a: Dragonite|54\/100\n|\n|upkeep\n|turn|15\n|\n|t:|1699778724\n|switch|p2a: Great Tusk|Great Tusk, shiny|100\/100\n|move|p1a: Dragonite|Extreme Speed|p2a: Great Tusk\n|-damage|p2a: Great Tusk|75\/100\n|\n|upkeep\n|turn|16\n|\n|t:|1699778741\n|switch|p1a: Great Tusk|Great Tusk|46\/100\n|-activate|p1a: Great Tusk|move: Sticky Web\n|-unboost|p1a: Great Tusk|spe|1\n|-damage|p1a: Great Tusk|34\/100|[from] Spikes\n|move|p2a: Great Tusk|Close Combat|p1a: Great Tusk\n|-damage|p1a: Great Tusk|10\/100\n|-unboost|p2a: Great Tusk|def|1\n|-unboost|p2a: Great Tusk|spd|1\n|-damage|p2a: Great Tusk|58\/100|[from] item: Rocky Helmet|[of] p1a: Great Tusk\n|\n|upkeep\n|turn|17\n|\n|t:|1699778751\n|move|p2a: Great Tusk|Ice Spinner|p1a: Great Tusk\n|-supereffective|p1a: Great Tusk\n|-damage|p1a: Great Tusk|0 fnt\n|-damage|p2a: Great Tusk|42\/100|[from] item: Rocky Helmet|[of] p1a: Great Tusk\n|faint|p1a: Great Tusk\n|-end|p1a: Great Tusk|Protosynthesis|[silent]\n|\n|upkeep\n|\n|t:|1699778769\n|switch|p1a: Walking Wake|Walking Wake|16\/100\n|-activate|p1a: Walking Wake|move: Sticky Web\n|-unboost|p1a: Walking Wake|spe|1\n|-damage|p1a: Walking Wake|3\/100|[from] Spikes\n|turn|18\n|\n|t:|1699778778\n|move|p1a: Walking Wake|Hydro Steam|p2a: Great Tusk\n|-supereffective|p2a: Great Tusk\n|-damage|p2a: Great Tusk|0 fnt\n|faint|p2a: Great Tusk\n|-end|p2a: Great Tusk|Protosynthesis|[silent]\n|\n|upkeep\n|\n|t:|1699778791\n|switch|p2a: Samurott|Samurott-Hisui, M, shiny, tera:Normal|13\/100\n|turn|19\n|\n|t:|1699778802\n|-end|p1a: Walking Wake|Protosynthesis|[silent]\n|switch|p1a: Muk|Muk-Alola, F|45\/100\n|-activate|p1a: Muk|move: Sticky Web\n|-unboost|p1a: Muk|spe|1\n|-damage|p1a: Muk|32\/100|[from] Spikes\n|move|p2a: Samurott|Hyper Voice|p1a: Muk\n|-damage|p1a: Muk|0 fnt\n|faint|p1a: Muk\n|\n|upkeep\n|\n|t:|1699778811\n|switch|p1a: Maushold|Maushold-Four|100\/100\n|-activate|p1a: Maushold|move: Sticky Web\n|-unboost|p1a: Maushold|spe|1\n|-damage|p1a: Maushold|88\/100|[from] Spikes\n|turn|20\n|\n|t:|1699778828\n|-terastallize|p1a: Maushold|Steel\n|move|p2a: Samurott|Hyper Voice|p1a: Maushold\n|-resisted|p1a: Maushold\n|-damage|p1a: Maushold|19\/100\n|move|p1a: Maushold|Tidy Up|p1a: Maushold\n|-sideend|p1: kexmex|Spikes\n|-sideend|p1: kexmex|Sticky Web\n|-activate|p1a: Maushold|move: Tidy Up\n|-boost|p1a: Maushold|atk|1\n|-boost|p1a: Maushold|spe|1\n|\n|upkeep\n|turn|21\n|c|\u2606dddzdddq|no\n|\n|t:|1699778840\n|move|p1a: Maushold|Bite|p2a: Samurott\n|-damage|p2a: Samurott|0 fnt\n|replace|p2a: King of Illusions|Zoroark-Hisui, M, shiny\n|-end|p2a: King of Illusions|Illusion\n|faint|p2a: King of Illusions\n|\n|upkeep\n|\n|t:|1699778847\n|switch|p2a: Samurott|Samurott-Hisui, M, shiny|84\/100\n|turn|22\n|c|\u2606dddzdddq|no\n|\n|t:|1699778865\n|move|p2a: Samurott|Ceaseless Edge|p1a: Maushold\n|-damage|p1a: Maushold|0 fnt\n|-sidestart|p1: kexmex|Spikes\n|faint|p1a: Maushold\n|\n|upkeep\n|c|\u2606kexmex|wp\n|-message|kexmex forfeited.\n|\n|win|dddzdddq\n|raw|kexmex's rating: 1456 &rarr; <strong>1431<\/strong><br \/>(-25 for losing)\n|raw|dddzdddq's rating: 1360 &rarr; <strong>1385<\/strong><br \/>(+25 for winning)\n","uploadtime":1699778877,"views":10,"p1id":"kexmex","p2id":"dddzdddq","formatid":"gen9ou","rating":1385,"private":0,"password":""}