{"id":"gen9ou-1999811822","p1":"AkiDes","p2":"sandreshkan","format":"[Gen 9] OU","log":"|j|\u2606AkiDes\n|j|\u2606sandreshkan\n|t:|1701118945\n|gametype|singles\n|player|p1|AkiDes|volkner|1075\n|player|p2|sandreshkan|1|1148\n|teamsize|p1|6\n|teamsize|p2|6\n|gen|9\n|tier|[Gen 9] OU\n|rated|\n|rule|Sleep Clause Mod: Limit one foe put to sleep\n|rule|Species Clause: Limit one of each Pok\u00e9mon\n|rule|OHKO Clause: OHKO moves are banned\n|rule|Evasion Items Clause: Evasion items are banned\n|rule|Evasion Moves Clause: Evasion moves are banned\n|rule|Endless Battle Clause: Forcing endless battles is banned\n|rule|HP Percentage Mod: HP is shown in percentages\n|clearpoke\n|poke|p1|Greninja-*, F|\n|poke|p1|Dragonite, F|\n|poke|p1|Cinderace, M|\n|poke|p1|Mandibuzz, F|\n|poke|p1|Jolteon, M|\n|poke|p1|Landorus-Therian, M|\n|poke|p2|Gallade, M|\n|poke|p2|Scizor, F|\n|poke|p2|Torterra, F|\n|poke|p2|Volcanion|\n|poke|p2|Ceruledge, M|\n|poke|p2|Weezing-Galar, M|\n|teampreview\n|\n|t:|1701118960\n|start\n|switch|p1a: Cinderace|Cinderace, M|100\/100\n|switch|p2a: Weezing|Weezing-Galar, M|100\/100\n|turn|1\n|\n|t:|1701118967\n|move|p1a: Cinderace|Pyro Ball|p2a: Weezing\n|-damage|p2a: Weezing|49\/100\n|move|p2a: Weezing|Toxic|p1a: Cinderace\n|-status|p1a: Cinderace|tox\n|\n|-damage|p1a: Cinderace|95\/100 tox|[from] psn\n|upkeep\n|turn|2\n|\n|t:|1701118974\n|switch|p2a: Ceruledge|Ceruledge, M|100\/100\n|move|p1a: Cinderace|U-turn|p2a: Ceruledge\n|-start|p1a: Cinderace|typechange|Bug|[from] ability: Libero\n|-resisted|p2a: Ceruledge\n|-damage|p2a: Ceruledge|88\/100\n|\n|t:|1701118977\n|switch|p1a: Greninja|Greninja, F|100\/100|[from] U-turn\n|\n|upkeep\n|turn|3\n|\n|t:|1701118983\n|switch|p2a: Volcanion|Volcanion|100\/100\n|move|p1a: Greninja|Dark Pulse|p2a: Volcanion\n|-start|p1a: Greninja|typechange|Dark|[from] ability: Protean\n|-damage|p2a: Volcanion|61\/100\n|\n|-heal|p2a: Volcanion|67\/100|[from] item: Leftovers\n|upkeep\n|turn|4\n|\n|t:|1701118998\n|switch|p1a: Mandibuzz|Mandibuzz, F|100\/100\n|move|p2a: Volcanion|Steam Eruption|p1a: Mandibuzz|[miss]\n|-miss|p2a: Volcanion|p1a: Mandibuzz\n|\n|-heal|p2a: Volcanion|74\/100|[from] item: Leftovers\n|upkeep\n|turn|5\n|\n|t:|1701119012\n|move|p1a: Mandibuzz|Foul Play|p2a: Volcanion\n|-damage|p2a: Volcanion|51\/100\n|move|p2a: Volcanion|Steam Eruption|p1a: Mandibuzz\n|-damage|p1a: Mandibuzz|44\/100\n|\n|-heal|p2a: Volcanion|57\/100|[from] item: Leftovers\n|upkeep\n|turn|6\n|\n|t:|1701119020\n|move|p1a: Mandibuzz|Roost|p1a: Mandibuzz\n|-heal|p1a: Mandibuzz|94\/100\n|-singleturn|p1a: Mandibuzz|move: Roost\n|move|p2a: Volcanion|Steam Eruption|p1a: Mandibuzz\n|-damage|p1a: Mandibuzz|44\/100\n|\n|-heal|p2a: Volcanion|63\/100|[from] item: Leftovers\n|upkeep\n|turn|7\n|\n|t:|1701119028\n|move|p1a: Mandibuzz|Foul Play|p2a: Volcanion\n|-damage|p2a: Volcanion|40\/100\n|move|p2a: Volcanion|Substitute|p2a: Volcanion\n|-start|p2a: Volcanion|Substitute\n|-damage|p2a: Volcanion|15\/100\n|\n|-heal|p2a: Volcanion|21\/100|[from] item: Leftovers\n|upkeep\n|turn|8\n|\n|t:|1701119043\n|move|p1a: Mandibuzz|Roost|p1a: Mandibuzz\n|-heal|p1a: Mandibuzz|94\/100\n|-singleturn|p1a: Mandibuzz|move: Roost\n|move|p2a: Volcanion|Steam Eruption|p1a: Mandibuzz\n|-damage|p1a: Mandibuzz|39\/100\n|-status|p1a: Mandibuzz|brn\n|\n|-heal|p2a: Volcanion|27\/100|[from] item: Leftovers\n|-damage|p1a: Mandibuzz|33\/100 brn|[from] brn\n|upkeep\n|turn|9\n|\n|t:|1701119059\n|move|p1a: Mandibuzz|Foul Play|p2a: Volcanion\n|-activate|p2a: Volcanion|move: Substitute|[damage]\n|move|p2a: Volcanion|Flamethrower|p1a: Mandibuzz\n|-damage|p1a: Mandibuzz|0 fnt\n|faint|p1a: Mandibuzz\n|\n|-heal|p2a: Volcanion|33\/100|[from] item: Leftovers\n|upkeep\n|inactive|Battle timer is ON: inactive players will automatically lose when time's up. (requested by sandreshkan)\n|\n|t:|1701119087\n|switch|p1a: Jolteon|Jolteon, M|100\/100\n|turn|10\n|\n|t:|1701119095\n|move|p1a: Jolteon|Volt Switch|p2a: Volcanion\n|-supereffective|p2a: Volcanion\n|-end|p2a: Volcanion|Substitute\n|\n|t:|1701119102\n|switch|p1a: Greninja|Greninja, F|100\/100|[from] Volt Switch\n|move|p2a: Volcanion|Steam Eruption|p1a: Greninja\n|-resisted|p1a: Greninja\n|-damage|p1a: Greninja|51\/100\n|-status|p1a: Greninja|brn\n|\n|-heal|p2a: Volcanion|39\/100|[from] item: Leftovers\n|-damage|p1a: Greninja|45\/100 brn|[from] brn\n|upkeep\n|turn|11\n|\n|t:|1701119115\n|switch|p2a: Weezing|Weezing-Galar, M|49\/100\n|move|p1a: Greninja|Dark Pulse|p2a: Weezing\n|-start|p1a: Greninja|typechange|Dark|[from] ability: Protean\n|-resisted|p2a: Weezing\n|-damage|p2a: Weezing|22\/100\n|\n|-damage|p1a: Greninja|39\/100 brn|[from] brn\n|upkeep\n|turn|12\n|\n|t:|1701119126\n|move|p1a: Greninja|Dark Pulse|p2a: Weezing\n|-resisted|p2a: Weezing\n|-damage|p2a: Weezing|0 fnt\n|faint|p2a: Weezing\n|\n|-damage|p1a: Greninja|33\/100 brn|[from] brn\n|upkeep\n|\n|t:|1701119145\n|switch|p2a: Gallade|Gallade, M|100\/100\n|turn|13\n|inactive|sandreshkan has 120 seconds left.\n|\n|t:|1701119167\n|switch|p1a: Landorus|Landorus-Therian, M|100\/100\n|-ability|p1a: Landorus|Intimidate|boost\n|-unboost|p2a: Gallade|atk|1\n|move|p2a: Gallade|Leaf Blade|p1a: Landorus\n|-damage|p1a: Landorus|63\/100\n|-damage|p2a: Gallade|84\/100|[from] item: Rocky Helmet|[of] p1a: Landorus\n|\n|upkeep\n|turn|14\n|inactive|sandreshkan has 120 seconds left.\n|\n|t:|1701119182\n|switch|p2a: Torterra|Torterra, F|100\/100\n|move|p1a: Landorus|Stealth Rock|p2a: Torterra\n|-sidestart|p2: sandreshkan|move: Stealth Rock\n|\n|upkeep\n|turn|15\n|inactive|sandreshkan has 120 seconds left.\n|\n|t:|1701119193\n|move|p1a: Landorus|Hammer Arm|p2a: Torterra\n|-damage|p2a: Torterra|64\/100\n|-unboost|p1a: Landorus|spe|1\n|move|p2a: Torterra|Shell Smash|p2a: Torterra\n|-unboost|p2a: Torterra|def|1\n|-unboost|p2a: Torterra|spd|1\n|-boost|p2a: Torterra|atk|2\n|-boost|p2a: Torterra|spa|2\n|-boost|p2a: Torterra|spe|2\n|\n|upkeep\n|turn|16\n|inactive|sandreshkan has 120 seconds left.\n|\n|t:|1701119224\n|move|p2a: Torterra|Rock Blast|p1a: Landorus\n|-damage|p1a: Landorus|43\/100\n|-damage|p1a: Landorus|22\/100\n|-damage|p1a: Landorus|3\/100\n|-damage|p1a: Landorus|0 fnt\n|faint|p1a: Landorus\n|-hitcount|p1: Landorus|4\n|\n|upkeep\n|\n|t:|1701119244\n|switch|p1a: Greninja|Greninja, F|33\/100 brn\n|turn|17\n|\n|t:|1701119247\n|move|p1a: Greninja|Ice Beam|p2a: Torterra\n|-start|p1a: Greninja|typechange|Ice|[from] ability: Protean\n|-supereffective|p2a: Torterra\n|-damage|p2a: Torterra|0 fnt\n|faint|p2a: Torterra\n|\n|-damage|p1a: Greninja|27\/100 brn|[from] brn\n|upkeep\n|inactive|sandreshkan has 90 seconds left.\n|inactive|sandreshkan has 60 seconds left.\n|\n|t:|1701119312\n|switch|p2a: Ceruledge|Ceruledge, M|88\/100\n|turn|18\n|inactive|AkiDes has 120 seconds left.\n|\n|t:|1701119348\n|move|p1a: Greninja|Ice Beam|p2a: Ceruledge\n|-resisted|p2a: Ceruledge\n|-damage|p2a: Ceruledge|64\/100\n|move|p2a: Ceruledge|Poltergeist|p1a: Greninja\n|-activate|p1a: Greninja|move: Poltergeist|Choice Scarf\n|-damage|p1a: Greninja|0 fnt\n|faint|p1a: Greninja\n|\n|upkeep\n|\n|t:|1701119350\n|switch|p1a: Cinderace|Cinderace, M|95\/100 tox\n|turn|19\n|\n|t:|1701119364\n|switch|p2a: Volcanion|Volcanion|39\/100\n|-damage|p2a: Volcanion|15\/100|[from] Stealth Rock\n|move|p1a: Cinderace|Sucker Punch||[still]\n|-fail|p1a: Cinderace\n|\n|-heal|p2a: Volcanion|21\/100|[from] item: Leftovers\n|-damage|p1a: Cinderace|89\/100 tox|[from] psn\n|upkeep\n|turn|20\n|\n|t:|1701119373\n|move|p1a: Cinderace|High Jump Kick|p2a: Volcanion\n|-start|p1a: Cinderace|typechange|Fighting|[from] ability: Libero\n|-damage|p2a: Volcanion|0 fnt\n|faint|p2a: Volcanion\n|\n|-damage|p1a: Cinderace|77\/100 tox|[from] psn\n|upkeep\n|\n|t:|1701119381\n|switch|p2a: Gallade|Gallade, M|84\/100\n|-damage|p2a: Gallade|78\/100|[from] Stealth Rock\n|turn|21\n|\n|t:|1701119387\n|move|p2a: Gallade|Psycho Cut|p1a: Cinderace\n|-supereffective|p1a: Cinderace\n|-damage|p1a: Cinderace|0 fnt\n|faint|p1a: Cinderace\n|\n|upkeep\n|\n|t:|1701119390\n|switch|p1a: Dragonite|Dragonite, F|100\/100\n|turn|22\n|\n|t:|1701119392\n|move|p2a: Gallade|Psycho Cut|p1a: Dragonite\n|-damage|p1a: Dragonite|70\/100\n|move|p1a: Dragonite|Dragon Dance|p1a: Dragonite\n|-boost|p1a: Dragonite|atk|1\n|-boost|p1a: Dragonite|spe|1\n|\n|upkeep\n|turn|23\n|\n|t:|1701119399\n|-terastallize|p1a: Dragonite|Normal\n|move|p1a: Dragonite|Extreme Speed|p2a: Gallade\n|-damage|p2a: Gallade|0 fnt\n|faint|p2a: Gallade\n|\n|upkeep\n|\n|t:|1701119405\n|switch|p2a: Ceruledge|Ceruledge, M|64\/100\n|turn|24\n|\n|t:|1701119411\n|move|p1a: Dragonite|Earthquake|p2a: Ceruledge\n|-supereffective|p2a: Ceruledge\n|-damage|p2a: Ceruledge|0 fnt\n|faint|p2a: Ceruledge\n|\n|upkeep\n|\n|t:|1701119415\n|switch|p2a: Scizor|Scizor, F|100\/100\n|-damage|p2a: Scizor|88\/100|[from] Stealth Rock\n|turn|25\n|inactive|sandreshkan has 120 seconds left.\n|\n|t:|1701119429\n|-terastallize|p2a: Scizor|Electric\n|move|p1a: Dragonite|Fire Punch|p2a: Scizor\n|-damage|p2a: Scizor|42\/100\n|move|p2a: Scizor|Tera Blast|p1a: Dragonite|[anim] Tera Blast Electric\n|-damage|p1a: Dragonite|24\/100\n|\n|upkeep\n|turn|26\n|inactive|sandreshkan has 120 seconds left.\n|\n|t:|1701119437\n|move|p2a: Scizor|Bullet Punch|p1a: Dragonite\n|-damage|p1a: Dragonite|0 fnt\n|faint|p1a: Dragonite\n|\n|upkeep\n|\n|t:|1701119439\n|switch|p1a: Jolteon|Jolteon, M|100\/100\n|turn|27\n|inactive|sandreshkan has 120 seconds left.\n|\n|t:|1701119455\n|move|p1a: Jolteon|Shadow Ball|p2a: Scizor\n|-damage|p2a: Scizor|0 fnt\n|faint|p2a: Scizor\n|\n|win|AkiDes\n|raw|AkiDes's rating: 1075 &rarr; <strong>1110<\/strong><br \/>(+35 for winning)\n|raw|sandreshkan's rating: 1148 &rarr; <strong>1118<\/strong><br \/>(-30 for losing)\n|l|\u2606sandreshkan\n","uploadtime":1701119468,"views":2,"p1id":"akides","p2id":"sandreshkan","formatid":"gen9ou","rating":1110,"private":0,"password":""}