{"id":"gen9ou-1994366575","p1":"Atomix2","p2":"GodEater55","format":"[Gen 9] OU","log":"|j|\u2606Atomix2\n|j|\u2606GodEater55\n|t:|1700435758\n|gametype|singles\n|player|p1|Atomix2|hiker-gen4|\n|player|p2|GodEater55|1|\n|teamsize|p1|3\n|teamsize|p2|3\n|gen|9\n|tier|[Gen 9] OU\n|rule|Sleep Clause Mod: Limit one foe put to sleep\n|rule|Species Clause: Limit one of each Pok\u00e9mon\n|rule|OHKO Clause: OHKO moves are banned\n|rule|Evasion Items Clause: Evasion items are banned\n|rule|Evasion Moves Clause: Evasion moves are banned\n|rule|Endless Battle Clause: Forcing endless battles is banned\n|rule|HP Percentage Mod: HP is shown in percentages\n|clearpoke\n|poke|p1|Ogerpon-Wellspring, F|\n|poke|p1|Dragonite, F|\n|poke|p1|Moltres|\n|poke|p2|Rotom-Wash|\n|poke|p2|Gholdengo|\n|poke|p2|Iron Hands|\n|teampreview\n|j| aceman2798\n|\n|t:|1700435798\n|start\n|switch|p1a: Moltres|Moltres|100\/100\n|switch|p2a: Rotom|Rotom-Wash, shiny|100\/100\n|turn|1\n|\n|t:|1700435806\n|move|p1a: Moltres|Will-O-Wisp|p2a: Rotom\n|-status|p2a: Rotom|brn\n|move|p2a: Rotom|Volt Switch|p1a: Moltres\n|-supereffective|p1a: Moltres\n|-damage|p1a: Moltres|23\/100\n|\n|t:|1700435813\n|switch|p2a: Iron Hands|Iron Hands|100\/100|[from] Volt Switch\n|\n|-heal|p1a: Moltres|30\/100|[from] item: Leftovers\n|upkeep\n|turn|2\n|\n|t:|1700435822\n|move|p1a: Moltres|Will-O-Wisp|p2a: Iron Hands\n|-status|p2a: Iron Hands|brn\n|move|p2a: Iron Hands|Swords Dance|p2a: Iron Hands\n|-boost|p2a: Iron Hands|atk|2\n|\n|-heal|p1a: Moltres|36\/100|[from] item: Leftovers\n|-damage|p2a: Iron Hands|94\/100 brn|[from] brn\n|upkeep\n|turn|3\n|\n|t:|1700435839\n|move|p1a: Moltres|Flamethrower|p2a: Iron Hands\n|-damage|p2a: Iron Hands|61\/100 brn\n|move|p2a: Iron Hands|Thunder Punch|p1a: Moltres\n|-supereffective|p1a: Moltres\n|-damage|p1a: Moltres|0 fnt\n|faint|p1a: Moltres\n|\n|-damage|p2a: Iron Hands|55\/100 brn|[from] brn\n|upkeep\n|\n|t:|1700435853\n|switch|p1a: Dragonite|Dragonite, F|100\/100\n|turn|4\n|\n|t:|1700435870\n|move|p1a: Dragonite|Dragon Dance|p1a: Dragonite\n|-boost|p1a: Dragonite|atk|1\n|-boost|p1a: Dragonite|spe|1\n|move|p2a: Iron Hands|Ice Punch|p1a: Dragonite\n|-supereffective|p1a: Dragonite\n|-damage|p1a: Dragonite|58\/100\n|\n|-damage|p2a: Iron Hands|49\/100 brn|[from] brn\n|upkeep\n|turn|5\n|j| IcyZoroark\n|\n|t:|1700435878\n|move|p1a: Dragonite|Earthquake|p2a: Iron Hands\n|-supereffective|p2a: Iron Hands\n|-damage|p2a: Iron Hands|0 fnt\n|faint|p2a: Iron Hands\n|-end|p2a: Iron Hands|Quark Drive|[silent]\n|\n|upkeep\n|\n|t:|1700435883\n|switch|p2a: Gholdengo|Gholdengo|100\/100\n|turn|6\n|j| Notgeeta101\n|\n|t:|1700435890\n|-terastallize|p2a: Gholdengo|Ghost\n|move|p2a: Gholdengo|Dazzling Gleam|p1a: Dragonite\n|-supereffective|p1a: Dragonite\n|-damage|p1a: Dragonite|0 fnt\n|faint|p1a: Dragonite\n|\n|upkeep\n|j| LogIce\n|\n|t:|1700435899\n|switch|p1a: Ogerpon|Ogerpon-Wellspring, F|100\/100\n|turn|7\n|\n|t:|1700435912\n|switch|p2a: Rotom|Rotom-Wash, shiny|100\/100 brn\n|move|p1a: Ogerpon|Knock Off|p2a: Rotom\n|-damage|p2a: Rotom|62\/100 brn\n|-enditem|p2a: Rotom|Choice Specs|[from] move: Knock Off|[of] p1a: Ogerpon\n|\n|-damage|p2a: Rotom|55\/100 brn|[from] brn\n|upkeep\n|turn|8\n|\n|t:|1700435931\n|move|p1a: Ogerpon|Horn Leech|p2a: Rotom\n|-supereffective|p2a: Rotom\n|-damage|p2a: Rotom|0 fnt\n|faint|p2a: Rotom\n|\n|upkeep\n|\n|t:|1700435935\n|switch|p2a: Gholdengo|Gholdengo, tera:Ghost|100\/100\n|turn|9\n|\n|t:|1700435940\n|move|p2a: Gholdengo|Thunderbolt|p1a: Ogerpon\n|-damage|p1a: Ogerpon|65\/100\n|move|p1a: Ogerpon|Knock Off|p2a: Gholdengo\n|-supereffective|p2a: Gholdengo\n|-damage|p2a: Gholdengo|12\/100\n|-enditem|p2a: Gholdengo|Choice Scarf|[from] move: Knock Off|[of] p1a: Ogerpon\n|\n|upkeep\n|turn|10\n|c|\u2606Atomix2|gg\n|\n|t:|1700435952\n|move|p1a: Ogerpon|Horn Leech|p2a: Gholdengo\n|-damage|p2a: Gholdengo|0 fnt\n|-heal|p1a: Ogerpon|71\/100|[from] drain|[of] p2a: Gholdengo\n|faint|p2a: Gholdengo\n|\n|win|Atomix2\n|l| Notgeeta101\n|c|\u2606GodEater55|gg\n|l| IcyZoroark\n","uploadtime":1700435964,"views":57,"p1id":"atomix2","p2id":"godeater55","formatid":"gen9ou","rating":0,"private":0,"password":""}