{"id":"gen9ou-1997957430","p1":"Big Bombert","p2":"shanks green","format":"[Gen 9] OU","log":"|j|\u2606Big Bombert\n|j|\u2606shanks green\n|t:|1700872064\n|gametype|singles\n|player|p1|Big Bombert|266|1312\n|player|p2|shanks green|camper|1303\n|teamsize|p1|6\n|teamsize|p2|6\n|gen|9\n|tier|[Gen 9] OU\n|rated|\n|rule|Sleep Clause Mod: Limit one foe put to sleep\n|rule|Species Clause: Limit one of each Pok\u00e9mon\n|rule|OHKO Clause: OHKO moves are banned\n|rule|Evasion Items Clause: Evasion items are banned\n|rule|Evasion Moves Clause: Evasion moves are banned\n|rule|Endless Battle Clause: Forcing endless battles is banned\n|rule|HP Percentage Mod: HP is shown in percentages\n|clearpoke\n|poke|p1|Landorus-Therian, M|\n|poke|p1|Gholdengo|\n|poke|p1|Enamorus, F|\n|poke|p1|Samurott-Hisui, F|\n|poke|p1|Arcanine-Hisui, F|\n|poke|p1|Ribombee, F|\n|poke|p2|Ogerpon, F|\n|poke|p2|Slowking-Galar, F|\n|poke|p2|Great Tusk|\n|poke|p2|Garganacl, F|\n|poke|p2|Kommo-o, M|\n|poke|p2|Talonflame, F|\n|teampreview\n|\n|t:|1700872080\n|start\n|switch|p1a: Ribombee|Ribombee, F|100\/100\n|switch|p2a: Slowking|Slowking-Galar, F|100\/100\n|turn|1\n|\n|t:|1700872084\n|move|p1a: Ribombee|Stun Spore|p2a: Slowking\n|-status|p2a: Slowking|par\n|move|p2a: Slowking|Sludge Bomb|p1a: Ribombee\n|-supereffective|p1a: Ribombee\n|-enditem|p1a: Ribombee|Focus Sash\n|-damage|p1a: Ribombee|1\/100\n|\n|upkeep\n|turn|2\n|\n|t:|1700872092\n|move|p1a: Ribombee|Sticky Web|p2a: Slowking\n|-sidestart|p2: shanks green|move: Sticky Web\n|cant|p2a: Slowking|par\n|\n|upkeep\n|turn|3\n|\n|t:|1700872102\n|switch|p1a: Gholdengo|Gholdengo|100\/100\n|-item|p1a: Gholdengo|Air Balloon\n|cant|p2a: Slowking|par\n|\n|upkeep\n|turn|4\n|\n|t:|1700872110\n|move|p1a: Gholdengo|Nasty Plot|p1a: Gholdengo\n|-boost|p1a: Gholdengo|spa|2\n|move|p2a: Slowking|Chilly Reception|p2a: Slowking\n|-weather|Snow\n|\n|t:|1700872113\n|switch|p2a: Talonflame|Talonflame, F|100\/100|[from] Chilly Reception\n|\n|-weather|Snow|[upkeep]\n|upkeep\n|turn|5\n|\n|t:|1700872124\n|move|p2a: Talonflame|Flamethrower|p1a: Gholdengo\n|-supereffective|p1a: Gholdengo\n|-damage|p1a: Gholdengo|47\/100\n|-enditem|p1a: Gholdengo|Air Balloon\n|move|p1a: Gholdengo|Shadow Ball|p2a: Talonflame\n|-damage|p2a: Talonflame|0 fnt\n|faint|p2a: Talonflame\n|\n|-weather|Snow|[upkeep]\n|upkeep\n|\n|t:|1700872131\n|switch|p2a: Ogerpon|Ogerpon, F|100\/100\n|turn|6\n|\n|t:|1700872145\n|-terastallize|p1a: Gholdengo|Fighting\n|move|p2a: Ogerpon|Knock Off|p1a: Gholdengo\n|-resisted|p1a: Gholdengo\n|-damage|p1a: Gholdengo|34\/100\n|move|p1a: Gholdengo|Make It Rain|p2a: Ogerpon\n|-damage|p2a: Ogerpon|0 fnt\n|-unboost|p1a: Gholdengo|spa|1\n|faint|p2a: Ogerpon\n|\n|-weather|Snow|[upkeep]\n|upkeep\n|\n|t:|1700872163\n|switch|p2a: Slowking|Slowking-Galar, F|100\/100 par\n|turn|7\n|\n|t:|1700872167\n|move|p1a: Gholdengo|Recover|p1a: Gholdengo\n|-heal|p1a: Gholdengo|84\/100\n|cant|p2a: Slowking|par\n|\n|-weather|Snow|[upkeep]\n|upkeep\n|turn|8\n|\n|t:|1700872174\n|move|p1a: Gholdengo|Nasty Plot|p1a: Gholdengo\n|-boost|p1a: Gholdengo|spa|2\n|cant|p2a: Slowking|par\n|\n|-weather|none\n|upkeep\n|turn|9\n|\n|t:|1700872180\n|move|p1a: Gholdengo|Shadow Ball|p2a: Slowking\n|-supereffective|p2a: Slowking\n|-damage|p2a: Slowking|0 fnt\n|faint|p2a: Slowking\n|\n|upkeep\n|-message|shanks green forfeited.\n|\n|win|Big Bombert\n|raw|Big Bombert's rating: 1312 &rarr; <strong>1331<\/strong><br \/>(+19 for winning)\n|raw|shanks green's rating: 1303 &rarr; <strong>1284<\/strong><br \/>(-19 for losing)\n|c|\u2606Big Bombert|tuff\n|l|\u2606shanks green\n|j|\u2606shanks green\n|player|p2|shanks green|camper\n|l|\u2606shanks green\n|player|p2|\n|j|\u2606shanks green\n|player|p2|shanks green|camper\n","uploadtime":1700872237,"views":10,"p1id":"bigbombert","p2id":"shanksgreen","formatid":"gen9ou","rating":1284,"private":0,"password":""}