{"id":"gen9ou-1989066055","p1":"Naruseiya","p2":"dettowalk","format":"[Gen 9] OU","log":"|j|\u2606Naruseiya\n|j|\u2606dettowalk\n|t:|1699808440\n|gametype|singles\n|player|p1|Naruseiya|benga|\n|player|p2|dettowalk|102|\n|teamsize|p1|6\n|teamsize|p2|6\n|gen|9\n|tier|[Gen 9] OU\n|rule|Sleep Clause Mod: Limit one foe put to sleep\n|rule|Species Clause: Limit one of each Pok\u00e9mon\n|rule|OHKO Clause: OHKO moves are banned\n|rule|Evasion Items Clause: Evasion items are banned\n|rule|Evasion Moves Clause: Evasion moves are banned\n|rule|Endless Battle Clause: Forcing endless battles is banned\n|rule|HP Percentage Mod: HP is shown in percentages\n|clearpoke\n|poke|p1|Rillaboom, M|\n|poke|p1|Cinderace, F|\n|poke|p1|Ogerpon-Cornerstone, F|\n|poke|p1|Kingambit, M|\n|poke|p1|Great Tusk|\n|poke|p1|Iron Valiant|\n|poke|p2|Kingambit, M|\n|poke|p2|Great Tusk|\n|poke|p2|Hatterene, F|\n|poke|p2|Cinderace, M|\n|poke|p2|Dragapult, M|\n|poke|p2|Ogerpon-Wellspring, F|\n|teampreview\n|\n|t:|1699808459\n|start\n|switch|p1a: Cinderace|Cinderace, F|100\/100\n|switch|p2a: Cinderace|Cinderace, M|100\/100\n|turn|1\n|\n|t:|1699808484\n|move|p1a: Cinderace|U-turn|p2a: Cinderace\n|-resisted|p2a: Cinderace\n|-damage|p2a: Cinderace|87\/100\n|\n|t:|1699808498\n|switch|p1a: Great Tusk|Great Tusk|100\/100|[from] U-turn\n|move|p2a: Cinderace|Will-O-Wisp|p1a: Great Tusk\n|-status|p1a: Great Tusk|brn\n|\n|-damage|p1a: Great Tusk|94\/100 brn|[from] brn\n|upkeep\n|turn|2\n|\n|t:|1699808508\n|move|p2a: Cinderace|U-turn|p1a: Great Tusk\n|-start|p2a: Cinderace|typechange|Bug|[from] ability: Libero\n|-resisted|p1a: Great Tusk\n|-damage|p1a: Great Tusk|84\/100 brn\n|-damage|p2a: Cinderace|71\/100|[from] item: Rocky Helmet|[of] p1a: Great Tusk\n|\n|t:|1699808512\n|switch|p2a: Ogerpon|Ogerpon-Wellspring, F|100\/100|[from] U-turn\n|move|p1a: Great Tusk|Earthquake|p2a: Ogerpon\n|-resisted|p2a: Ogerpon\n|-damage|p2a: Ogerpon|88\/100\n|\n|-damage|p1a: Great Tusk|78\/100 brn|[from] brn\n|upkeep\n|turn|3\n|\n|t:|1699808523\n|move|p2a: Ogerpon|Swords Dance|p2a: Ogerpon\n|-boost|p2a: Ogerpon|atk|2\n|move|p1a: Great Tusk|Stealth Rock|p2a: Ogerpon\n|-sidestart|p2: dettowalk|move: Stealth Rock\n|\n|-damage|p1a: Great Tusk|71\/100 brn|[from] brn\n|upkeep\n|turn|4\n|\n|t:|1699808530\n|move|p2a: Ogerpon|Trailblaze|p1a: Great Tusk\n|-supereffective|p1a: Great Tusk\n|-damage|p1a: Great Tusk|0 fnt\n|-boost|p2a: Ogerpon|spe|1\n|-damage|p2a: Ogerpon|71\/100|[from] item: Rocky Helmet|[of] p1a: Great Tusk\n|faint|p1a: Great Tusk\n|-end|p1a: Great Tusk|Protosynthesis|[silent]\n|\n|upkeep\n|\n|t:|1699808538\n|switch|p1a: Rillaboom|Rillaboom, M|100\/100\n|-fieldstart|move: Grassy Terrain|[from] ability: Grassy Surge|[of] p1a: Rillaboom\n|turn|5\n|\n|t:|1699808546\n|move|p1a: Rillaboom|Grassy Glide|p2a: Ogerpon\n|-damage|p2a: Ogerpon|0 fnt\n|faint|p2a: Ogerpon\n|\n|upkeep\n|\n|t:|1699808556\n|switch|p2a: Great Tusk|Great Tusk|100\/100\n|-damage|p2a: Great Tusk|98\/100|[from] Stealth Rock\n|turn|6\n|\n|t:|1699808563\n|move|p1a: Rillaboom|Grassy Glide|p2a: Great Tusk\n|-supereffective|p2a: Great Tusk\n|-crit|p2a: Great Tusk\n|-damage|p2a: Great Tusk|18\/100\n|move|p2a: Great Tusk|Rapid Spin|p1a: Rillaboom\n|-damage|p1a: Rillaboom|84\/100\n|-boost|p2a: Great Tusk|spe|1\n|-sideend|p2: dettowalk|Stealth Rock|[from] move: Rapid Spin|[of] p2a: Great Tusk\n|\n|-heal|p2a: Great Tusk|24\/100|[from] Grassy Terrain\n|-heal|p2a: Great Tusk|31\/100|[from] item: Leftovers\n|-heal|p1a: Rillaboom|90\/100|[from] Grassy Terrain\n|upkeep\n|turn|7\n|\n|t:|1699808575\n|move|p1a: Rillaboom|Grassy Glide|p2a: Great Tusk\n|-supereffective|p2a: Great Tusk\n|-damage|p2a: Great Tusk|0 fnt\n|faint|p2a: Great Tusk\n|-end|p2a: Great Tusk|Protosynthesis|[silent]\n|\n|-heal|p1a: Rillaboom|96\/100|[from] Grassy Terrain\n|upkeep\n|\n|t:|1699808577\n|switch|p2a: Cinderace|Cinderace, M|71\/100\n|turn|8\n|\n|t:|1699808588\n|switch|p1a: Cinderace|Cinderace, F|100\/100\n|move|p2a: Cinderace|Pyro Ball|p1a: Cinderace\n|-resisted|p1a: Cinderace\n|-damage|p1a: Cinderace|68\/100\n|\n|-heal|p2a: Cinderace|77\/100|[from] Grassy Terrain\n|-heal|p1a: Cinderace|74\/100|[from] Grassy Terrain\n|upkeep\n|turn|9\n|\n|t:|1699808599\n|move|p2a: Cinderace|U-turn|p1a: Cinderace\n|-start|p2a: Cinderace|typechange|Bug|[from] ability: Libero\n|-resisted|p1a: Cinderace\n|-damage|p1a: Cinderace|54\/100\n|\n|t:|1699808605\n|switch|p2a: Dragapult|Dragapult, M|100\/100|[from] U-turn\n|move|p1a: Cinderace|Pyro Ball|p2a: Dragapult\n|-resisted|p2a: Dragapult\n|-damage|p2a: Dragapult|65\/100\n|\n|-heal|p2a: Dragapult|71\/100|[from] Grassy Terrain\n|-heal|p1a: Cinderace|60\/100|[from] Grassy Terrain\n|-fieldend|move: Grassy Terrain\n|upkeep\n|turn|10\n|\n|t:|1699808634\n|move|p2a: Dragapult|Shadow Ball|p1a: Cinderace\n|-crit|p1a: Cinderace\n|-damage|p1a: Cinderace|0 fnt\n|faint|p1a: Cinderace\n|\n|upkeep\n|\n|t:|1699808643\n|switch|p1a: Rillaboom|Rillaboom, M|96\/100\n|-fieldstart|move: Grassy Terrain|[from] ability: Grassy Surge|[of] p1a: Rillaboom\n|turn|11\n|\n|t:|1699808664\n|move|p2a: Dragapult|Shadow Ball|p1a: Rillaboom\n|-damage|p1a: Rillaboom|23\/100\n|move|p1a: Rillaboom|Knock Off|p2a: Dragapult\n|-supereffective|p2a: Dragapult\n|-damage|p2a: Dragapult|0 fnt\n|-enditem|p2a: Dragapult|Choice Specs|[from] move: Knock Off|[of] p1a: Rillaboom\n|faint|p2a: Dragapult\n|\n|-heal|p1a: Rillaboom|29\/100|[from] Grassy Terrain\n|upkeep\n|\n|t:|1699808674\n|switch|p2a: Cinderace|Cinderace, M|77\/100\n|turn|12\n|\n|t:|1699808682\n|switch|p1a: Iron Valiant|Iron Valiant|100\/100\n|-enditem|p1a: Iron Valiant|Booster Energy\n|-activate|p1a: Iron Valiant|ability: Quark Drive|[fromitem]\n|-start|p1a: Iron Valiant|quarkdrivespe\n|move|p2a: Cinderace|U-turn|p1a: Iron Valiant\n|-start|p2a: Cinderace|typechange|Bug|[from] ability: Libero\n|-resisted|p1a: Iron Valiant\n|-damage|p1a: Iron Valiant|90\/100\n|\n|t:|1699808686\n|switch|p2a: Hatterene|Hatterene, F|100\/100|[from] U-turn\n|\n|-heal|p1a: Iron Valiant|96\/100|[from] Grassy Terrain\n|upkeep\n|turn|13\n|\n|t:|1699808698\n|move|p1a: Iron Valiant|Calm Mind|p1a: Iron Valiant\n|-boost|p1a: Iron Valiant|spa|1\n|-boost|p1a: Iron Valiant|spd|1\n|move|p2a: Hatterene|Mystical Fire|p1a: Iron Valiant\n|-damage|p1a: Iron Valiant|70\/100\n|-unboost|p1a: Iron Valiant|spa|1\n|\n|-heal|p1a: Iron Valiant|76\/100|[from] Grassy Terrain\n|upkeep\n|turn|14\n|\n|t:|1699808708\n|move|p1a: Iron Valiant|Calm Mind|p1a: Iron Valiant\n|-boost|p1a: Iron Valiant|spa|1\n|-boost|p1a: Iron Valiant|spd|1\n|move|p2a: Hatterene|Calm Mind|p2a: Hatterene\n|-boost|p2a: Hatterene|spa|1\n|-boost|p2a: Hatterene|spd|1\n|\n|-heal|p1a: Iron Valiant|83\/100|[from] Grassy Terrain\n|upkeep\n|turn|15\n|\n|t:|1699808718\n|-end|p1a: Iron Valiant|Quark Drive|[silent]\n|switch|p1a: Ogerpon|Ogerpon-Cornerstone, F|100\/100\n|move|p2a: Hatterene|Calm Mind|p2a: Hatterene\n|-boost|p2a: Hatterene|spa|1\n|-boost|p2a: Hatterene|spd|1\n|\n|-fieldend|move: Grassy Terrain\n|upkeep\n|turn|16\n|\n|t:|1699808733\n|-terastallize|p1a: Ogerpon|Rock\n|detailschange|p1a: Ogerpon|Ogerpon-Cornerstone-Tera, F, tera:Rock\n|-ability|p1a: Ogerpon|Embody Aspect (Cornerstone)|boost\n|-boost|p1a: Ogerpon|def|1\n|move|p1a: Ogerpon|Ivy Cudgel|p2a: Hatterene\n|-damage|p2a: Hatterene|40\/100\n|move|p2a: Hatterene|Draining Kiss|p1a: Ogerpon\n|-damage|p1a: Ogerpon|50\/100\n|-heal|p2a: Hatterene|76\/100|[from] drain|[of] p1a: Ogerpon\n|\n|-heal|p2a: Hatterene|82\/100|[from] item: Leftovers\n|upkeep\n|turn|17\n|\n|t:|1699808745\n|move|p1a: Ogerpon|Ivy Cudgel|p2a: Hatterene\n|-damage|p2a: Hatterene|12\/100\n|move|p2a: Hatterene|Draining Kiss|p1a: Ogerpon\n|-damage|p1a: Ogerpon|0 fnt\n|-heal|p2a: Hatterene|47\/100|[from] drain|[of] p1a: Ogerpon\n|faint|p1a: Ogerpon\n|\n|-heal|p2a: Hatterene|53\/100|[from] item: Leftovers\n|upkeep\n|\n|t:|1699808756\n|switch|p1a: Rillaboom|Rillaboom, M|29\/100\n|-fieldstart|move: Grassy Terrain|[from] ability: Grassy Surge|[of] p1a: Rillaboom\n|turn|18\n|\n|t:|1699808770\n|move|p1a: Rillaboom|Grassy Glide|p2a: Hatterene\n|-damage|p2a: Hatterene|0 fnt\n|faint|p2a: Hatterene\n|\n|-heal|p1a: Rillaboom|35\/100|[from] Grassy Terrain\n|upkeep\n|\n|t:|1699808775\n|switch|p2a: Kingambit|Kingambit, M|100\/100\n|-activate|p2a: Kingambit|ability: Supreme Overlord\n|-start|p2a: Kingambit|fallen4|[silent]\n|turn|19\n|\n|t:|1699808784\n|move|p1a: Rillaboom|Grassy Glide|p2a: Kingambit\n|-resisted|p2a: Kingambit\n|-damage|p2a: Kingambit|79\/100\n|move|p2a: Kingambit|Swords Dance|p2a: Kingambit\n|-boost|p2a: Kingambit|atk|2\n|\n|-heal|p1a: Rillaboom|42\/100|[from] Grassy Terrain\n|-heal|p2a: Kingambit|85\/100|[from] Grassy Terrain\n|upkeep\n|turn|20\n|\n|t:|1699808798\n|switch|p1a: Iron Valiant|Iron Valiant|83\/100\n|move|p2a: Kingambit|Kowtow Cleave|p1a: Iron Valiant\n|-resisted|p1a: Iron Valiant\n|-damage|p1a: Iron Valiant|36\/100\n|\n|-heal|p1a: Iron Valiant|42\/100|[from] Grassy Terrain\n|-heal|p2a: Kingambit|91\/100|[from] Grassy Terrain\n|upkeep\n|turn|21\n|\n|t:|1699808810\n|-terastallize|p2a: Kingambit|Flying\n|move|p1a: Iron Valiant|Thunderbolt|p2a: Kingambit\n|-supereffective|p2a: Kingambit\n|-damage|p2a: Kingambit|37\/100\n|move|p2a: Kingambit|Kowtow Cleave|p1a: Iron Valiant\n|-resisted|p1a: Iron Valiant\n|-damage|p1a: Iron Valiant|0 fnt\n|faint|p1a: Iron Valiant\n|-end|p1a: Iron Valiant|Quark Drive|[silent]\n|\n|upkeep\n|\n|t:|1699808826\n|switch|p1a: Kingambit|Kingambit, M|100\/100\n|-activate|p1a: Kingambit|ability: Supreme Overlord\n|-start|p1a: Kingambit|fallen4|[silent]\n|-item|p1a: Kingambit|Air Balloon\n|turn|22\n|\n|t:|1699808846\n|-end|p2a: Kingambit|fallen4|[silent]\n|switch|p2a: Cinderace|Cinderace, M|77\/100\n|move|p1a: Kingambit|Sucker Punch||[still]\n|-fail|p1a: Kingambit\n|\n|-heal|p2a: Cinderace|83\/100|[from] Grassy Terrain\n|-fieldend|move: Grassy Terrain\n|upkeep\n|turn|23\n|\n|t:|1699808860\n|-end|p1a: Kingambit|fallen4|[silent]\n|switch|p1a: Rillaboom|Rillaboom, M|42\/100\n|-fieldstart|move: Grassy Terrain|[from] ability: Grassy Surge|[of] p1a: Rillaboom\n|move|p2a: Cinderace|Will-O-Wisp|p1a: Rillaboom|[miss]\n|-miss|p2a: Cinderace|p1a: Rillaboom\n|\n|-heal|p2a: Cinderace|89\/100|[from] Grassy Terrain\n|-heal|p1a: Rillaboom|48\/100|[from] Grassy Terrain\n|upkeep\n|turn|24\n|\n|t:|1699808874\n|move|p2a: Cinderace|Pyro Ball|p1a: Rillaboom\n|-supereffective|p1a: Rillaboom\n|-damage|p1a: Rillaboom|0 fnt\n|faint|p1a: Rillaboom\n|\n|-heal|p2a: Cinderace|95\/100|[from] Grassy Terrain\n|upkeep\n|\n|t:|1699808881\n|switch|p1a: Kingambit|Kingambit, M|100\/100\n|-activate|p1a: Kingambit|ability: Supreme Overlord\n|-start|p1a: Kingambit|fallen5|[silent]\n|-item|p1a: Kingambit|Air Balloon\n|turn|25\n|\n|t:|1699808894\n|move|p2a: Cinderace|Will-O-Wisp|p1a: Kingambit\n|-status|p1a: Kingambit|brn\n|move|p1a: Kingambit|Swords Dance|p1a: Kingambit\n|-boost|p1a: Kingambit|atk|2\n|\n|-heal|p2a: Cinderace|100\/100|[from] Grassy Terrain\n|-damage|p1a: Kingambit|94\/100 brn|[from] brn\n|upkeep\n|turn|26\n|\n|t:|1699808906\n|move|p1a: Kingambit|Sucker Punch|p2a: Cinderace\n|-damage|p2a: Cinderace|15\/100\n|move|p2a: Cinderace|Pyro Ball|p1a: Kingambit\n|-supereffective|p1a: Kingambit\n|-damage|p1a: Kingambit|11\/100 brn\n|-enditem|p1a: Kingambit|Air Balloon\n|\n|-heal|p2a: Cinderace|21\/100|[from] Grassy Terrain\n|-heal|p1a: Kingambit|17\/100 brn|[from] Grassy Terrain\n|-damage|p1a: Kingambit|11\/100 brn|[from] brn\n|upkeep\n|turn|27\n|\n|t:|1699808957\n|switch|p2a: Kingambit|Kingambit, M, tera:Flying|37\/100\n|-activate|p2a: Kingambit|ability: Supreme Overlord\n|-start|p2a: Kingambit|fallen4|[silent]\n|move|p1a: Kingambit|Iron Head|p2a: Kingambit\n|-crit|p2a: Kingambit\n|-damage|p2a: Kingambit|0 fnt\n|faint|p2a: Kingambit\n|-end|p2a: Kingambit|fallen4|[silent]\n|\n|-heal|p1a: Kingambit|17\/100 brn|[from] Grassy Terrain\n|-damage|p1a: Kingambit|11\/100 brn|[from] brn\n|-fieldend|move: Grassy Terrain\n|upkeep\n|\n|t:|1699808960\n|switch|p2a: Cinderace|Cinderace, M|21\/100\n|turn|28\n|\n|t:|1699808971\n|move|p1a: Kingambit|Sucker Punch||[still]\n|-fail|p1a: Kingambit\n|move|p2a: Cinderace|Will-O-Wisp|p1a: Kingambit\n|-fail|p1a: Kingambit|brn\n|\n|-damage|p1a: Kingambit|5\/100 brn|[from] brn\n|upkeep\n|turn|29\n|\n|t:|1699809003\n|move|p1a: Kingambit|Sucker Punch||[still]\n|-fail|p1a: Kingambit\n|move|p2a: Cinderace|Will-O-Wisp|p1a: Kingambit\n|-fail|p1a: Kingambit|brn\n|\n|-damage|p1a: Kingambit|0 fnt|[from] brn\n|faint|p1a: Kingambit\n|-end|p1a: Kingambit|fallen5|[silent]\n|\n|win|dettowalk\n|upkeep\n","uploadtime":1699809014,"views":20,"p1id":"naruseiya","p2id":"dettowalk","formatid":"gen9ou","rating":0,"private":0,"password":""}