{"id":"gen9ou-1989021139","p1":"a12qsd","p2":"yellow motorola","format":"[Gen 9] OU","log":"|j|\u2606a12qsd\n|j|\u2606yellow motorola\n|t:|1699803148\n|gametype|singles\n|player|p1|a12qsd|1|1610\n|player|p2|yellow motorola|will-gen2|1525\n|teamsize|p1|6\n|teamsize|p2|6\n|gen|9\n|tier|[Gen 9] OU\n|rated|\n|rule|Sleep Clause Mod: Limit one foe put to sleep\n|rule|Species Clause: Limit one of each Pok\u00e9mon\n|rule|OHKO Clause: OHKO moves are banned\n|rule|Evasion Items Clause: Evasion items are banned\n|rule|Evasion Moves Clause: Evasion moves are banned\n|rule|Endless Battle Clause: Forcing endless battles is banned\n|rule|HP Percentage Mod: HP is shown in percentages\n|clearpoke\n|poke|p1|Ogerpon-Cornerstone, F|\n|poke|p1|Greninja-*, M|\n|poke|p1|Slither Wing|\n|poke|p1|Cinderace, F|\n|poke|p1|Slowking-Galar, F|\n|poke|p1|Zapdos|\n|poke|p2|Sinistcha|\n|poke|p2|Rillaboom, F|\n|poke|p2|Ursaluna, M|\n|poke|p2|Cinderace, M|\n|poke|p2|Sneasler, F|\n|poke|p2|Manaphy|\n|teampreview\n|inactive|Battle timer is ON: inactive players will automatically lose when time's up. (requested by yellow motorola)\n|\n|t:|1699803153\n|start\n|switch|p1a: Zapdos|Zapdos|100\/100\n|switch|p2a: Portgas D. Ace \ud83d\udd25|Cinderace, M, shiny|100\/100\n|turn|1\n|\n|t:|1699803155\n|move|p2a: Portgas D. Ace \ud83d\udd25|Pyro Ball|p1a: Zapdos\n|-damage|p1a: Zapdos|46\/100\n|move|p1a: Zapdos|Volt Switch|p2a: Portgas D. Ace \ud83d\udd25\n|-damage|p2a: Portgas D. Ace \ud83d\udd25|60\/100\n|\n|t:|1699803159\n|switch|p1a: Greninja|Greninja, M|100\/100|[from] Volt Switch\n|\n|upkeep\n|turn|2\n|\n|t:|1699803164\n|switch|p2a: Winston \ud83e\udd8d|Rillaboom, F|100\/100\n|-fieldstart|move: Grassy Terrain|[from] ability: Grassy Surge|[of] p2a: Winston \ud83e\udd8d\n|move|p1a: Greninja|Ice Beam|p2a: Winston \ud83e\udd8d\n|-supereffective|p2a: Winston \ud83e\udd8d\n|-damage|p2a: Winston \ud83e\udd8d|0 fnt\n|faint|p2a: Winston \ud83e\udd8d\n|-ability|p1a: Greninja|Battle Bond|boost\n|-boost|p1a: Greninja|atk|1\n|-boost|p1a: Greninja|spa|1\n|-boost|p1a: Greninja|spe|1\n|-activate|p1a: Greninja|ability: Battle Bond\n|\n|upkeep\n|\n|t:|1699803175\n|switch|p2a: Tengu Snowfoux|Sneasler, F|100\/100\n|-enditem|p2a: Tengu Snowfoux|Grassy Seed\n|-boost|p2a: Tengu Snowfoux|def|1|[from] item: Grassy Seed\n|turn|3\n|\n|t:|1699803179\n|switch|p1a: Slowking|Slowking-Galar, F|100\/100\n|move|p2a: Tengu Snowfoux|Close Combat|p1a: Slowking\n|-resisted|p1a: Slowking\n|-damage|p1a: Slowking|82\/100\n|-unboost|p2a: Tengu Snowfoux|def|1\n|-unboost|p2a: Tengu Snowfoux|spd|1\n|\n|-heal|p1a: Slowking|88\/100|[from] Grassy Terrain\n|upkeep\n|turn|4\n|\n|t:|1699803183\n|move|p2a: Tengu Snowfoux|Swords Dance|p2a: Tengu Snowfoux\n|-boost|p2a: Tengu Snowfoux|atk|2\n|move|p1a: Slowking|Future Sight|p2a: Tengu Snowfoux\n|-start|p1a: Slowking|move: Future Sight\n|\n|-heal|p1a: Slowking|94\/100|[from] Grassy Terrain\n|upkeep\n|turn|5\n|\n|t:|1699803199\n|-terastallize|p1a: Slowking|Water\n|move|p2a: Tengu Snowfoux|Lash Out|p1a: Slowking\n|-damage|p1a: Slowking|31\/100\n|move|p1a: Slowking|Chilly Reception|p1a: Slowking\n|-weather|Snow\n|\n|t:|1699803219\n|switch|p1a: Slither Wing|Slither Wing|100\/100|[from] Chilly Reception\n|\n|-weather|Snow|[upkeep]\n|upkeep\n|turn|6\n|\n|t:|1699803230\n|-end|p1a: Slither Wing|Protosynthesis|[silent]\n|switch|p1a: Zapdos|Zapdos|46\/100\n|-terastallize|p2a: Tengu Snowfoux|Dark\n|move|p2a: Tengu Snowfoux|Gunk Shot|p1a: Zapdos\n|-damage|p1a: Zapdos|0 fnt\n|faint|p1a: Zapdos\n|\n|-weather|Snow|[upkeep]\n|-end|p2a: Tengu Snowfoux|move: Future Sight\n|-immune|p2a: Tengu Snowfoux\n|-fieldend|move: Grassy Terrain\n|upkeep\n|\n|t:|1699803233\n|switch|p1a: Slither Wing|Slither Wing|100\/100\n|turn|7\n|\n|t:|1699803240\n|switch|p2a: Dimple \ud83c\udf75|Sinistcha|100\/100\n|move|p1a: Slither Wing|First Impression|p2a: Dimple \ud83c\udf75\n|-damage|p2a: Dimple \ud83c\udf75|50\/100\n|\n|-weather|Snow|[upkeep]\n|upkeep\n|turn|8\n|\n|t:|1699803260\n|-end|p1a: Slither Wing|Protosynthesis|[silent]\n|switch|p1a: Greninja|Greninja, M|100\/100\n|move|p2a: Dimple \ud83c\udf75|Matcha Gotcha|p1a: Greninja\n|-supereffective|p1a: Greninja\n|-damage|p1a: Greninja|0 fnt\n|-heal|p2a: Dimple \ud83c\udf75|92\/100|[from] drain|[of] p1a: Greninja\n|faint|p1a: Greninja\n|\n|-weather|Snow|[upkeep]\n|upkeep\n|\n|t:|1699803266\n|switch|p1a: Ogerpon|Ogerpon-Cornerstone, F|100\/100\n|turn|9\n|\n|t:|1699803269\n|move|p1a: Ogerpon|Swords Dance|p1a: Ogerpon\n|-boost|p1a: Ogerpon|atk|2\n|move|p2a: Dimple \ud83c\udf75|Matcha Gotcha|p1a: Ogerpon\n|-damage|p1a: Ogerpon|66\/100\n|-heal|p2a: Dimple \ud83c\udf75|100\/100|[from] drain|[of] p1a: Ogerpon\n|\n|-weather|none\n|upkeep\n|turn|10\n|inactive|yellow motorola has 120 seconds left.\n|\n|t:|1699803304\n|move|p1a: Ogerpon|Knock Off|p2a: Dimple \ud83c\udf75\n|-supereffective|p2a: Dimple \ud83c\udf75\n|-damage|p2a: Dimple \ud83c\udf75|0 fnt\n|-enditem|p2a: Dimple \ud83c\udf75|Grassy Seed|[from] move: Knock Off|[of] p1a: Ogerpon\n|faint|p2a: Dimple \ud83c\udf75\n|\n|upkeep\n|\n|t:|1699803308\n|switch|p2a: Portgas D. Ace \ud83d\udd25|Cinderace, M, shiny|60\/100\n|turn|11\n|\n|t:|1699803313\n|switch|p1a: Cinderace|Cinderace, F|100\/100\n|move|p2a: Portgas D. Ace \ud83d\udd25|Pyro Ball|p1a: Cinderace\n|-resisted|p1a: Cinderace\n|-damage|p1a: Cinderace|64\/100\n|\n|upkeep\n|turn|12\n|\n|t:|1699803317\n|move|p2a: Portgas D. Ace \ud83d\udd25|Pyro Ball|p1a: Cinderace\n|-resisted|p1a: Cinderace\n|-damage|p1a: Cinderace|31\/100\n|move|p1a: Cinderace|Pyro Ball|p2a: Portgas D. Ace \ud83d\udd25|[miss]\n|-miss|p1a: Cinderace|p2a: Portgas D. Ace \ud83d\udd25\n|\n|upkeep\n|turn|13\n|\n|t:|1699803323\n|move|p2a: Portgas D. Ace \ud83d\udd25|Pyro Ball|p1a: Cinderace\n|-resisted|p1a: Cinderace\n|-damage|p1a: Cinderace|0 fnt\n|faint|p1a: Cinderace\n|\n|upkeep\n|\n|t:|1699803326\n|switch|p1a: Slowking|Slowking-Galar, F, tera:Water|64\/100\n|turn|14\n|\n|t:|1699803336\n|move|p2a: Portgas D. Ace \ud83d\udd25|U-turn|p1a: Slowking\n|-damage|p1a: Slowking|46\/100\n|\n|t:|1699803338\n|switch|p2a: Tengu Snowfoux|Sneasler, F, tera:Dark|100\/100|[from] U-turn\n|move|p1a: Slowking|Chilly Reception|p1a: Slowking\n|-weather|Snow\n|\n|t:|1699803340\n|switch|p1a: Slither Wing|Slither Wing|100\/100|[from] Chilly Reception\n|\n|-weather|Snow|[upkeep]\n|upkeep\n|turn|15\n|\n|t:|1699803360\n|move|p2a: Tengu Snowfoux|Gunk Shot|p1a: Slither Wing\n|-damage|p1a: Slither Wing|9\/100\n|move|p1a: Slither Wing|U-turn|p2a: Tengu Snowfoux\n|-supereffective|p2a: Tengu Snowfoux\n|-damage|p2a: Tengu Snowfoux|0 fnt\n|faint|p2a: Tengu Snowfoux\n|\n|t:|1699803366\n|-end|p1a: Slither Wing|Protosynthesis|[silent]\n|switch|p1a: Slowking|Slowking-Galar, F, tera:Water|79\/100|[from] U-turn\n|\n|-weather|Snow|[upkeep]\n|upkeep\n|\n|t:|1699803377\n|switch|p2a: Freddy Fazbear|Ursaluna, M, shiny|100\/100\n|turn|16\n|\n|t:|1699803380\n|move|p2a: Freddy Fazbear|Trailblaze|p1a: Slowking\n|-supereffective|p1a: Slowking\n|-damage|p1a: Slowking|39\/100\n|-boost|p2a: Freddy Fazbear|spe|1\n|move|p1a: Slowking|Chilly Reception|p1a: Slowking\n|\n|t:|1699803388\n|switch|p1a: Ogerpon|Ogerpon-Cornerstone, F|66\/100|[from] Chilly Reception\n|\n|-weather|Snow|[upkeep]\n|-status|p2a: Freddy Fazbear|brn|[from] item: Flame Orb\n|upkeep\n|turn|17\n|\n|t:|1699803395\n|move|p1a: Ogerpon|Horn Leech|p2a: Freddy Fazbear\n|-supereffective|p2a: Freddy Fazbear\n|-damage|p2a: Freddy Fazbear|33\/100 brn\n|-heal|p1a: Ogerpon|100\/100|[from] drain|[of] p2a: Freddy Fazbear\n|move|p2a: Freddy Fazbear|Drain Punch|p1a: Ogerpon\n|-supereffective|p1a: Ogerpon\n|-ability|p1a: Ogerpon|Sturdy\n|-damage|p1a: Ogerpon|1\/100\n|-heal|p2a: Freddy Fazbear|71\/100 brn|[from] drain|[of] p1a: Ogerpon\n|\n|-weather|Snow|[upkeep]\n|-damage|p2a: Freddy Fazbear|64\/100 brn|[from] brn\n|upkeep\n|turn|18\n|\n|t:|1699803401\n|switch|p2a: Portgas D. Ace \ud83d\udd25|Cinderace, M, shiny|60\/100\n|move|p1a: Ogerpon|Horn Leech|p2a: Portgas D. Ace \ud83d\udd25\n|-resisted|p2a: Portgas D. Ace \ud83d\udd25\n|-damage|p2a: Portgas D. Ace \ud83d\udd25|33\/100\n|-heal|p1a: Ogerpon|17\/100|[from] drain|[of] p2a: Portgas D. Ace \ud83d\udd25\n|\n|-weather|none\n|upkeep\n|turn|19\n|\n|t:|1699803404\n|switch|p1a: Slowking|Slowking-Galar, F, tera:Water|73\/100\n|move|p2a: Portgas D. Ace \ud83d\udd25|U-turn|p1a: Slowking\n|-damage|p1a: Slowking|53\/100\n|\n|t:|1699803407\n|switch|p2a: Freddy Fazbear|Ursaluna, M, shiny|64\/100 brn|[from] U-turn\n|\n|-damage|p2a: Freddy Fazbear|58\/100 brn|[from] brn\n|upkeep\n|turn|20\n|\n|t:|1699803412\n|move|p2a: Freddy Fazbear|Facade|p1a: Slowking\n|-damage|p1a: Slowking|0 fnt\n|faint|p1a: Slowking\n|\n|-damage|p2a: Freddy Fazbear|52\/100 brn|[from] brn\n|upkeep\n|\n|t:|1699803414\n|switch|p1a: Ogerpon|Ogerpon-Cornerstone, F|17\/100\n|turn|21\n|\n|t:|1699803420\n|move|p1a: Ogerpon|Horn Leech|p2a: Freddy Fazbear\n|-supereffective|p2a: Freddy Fazbear\n|-damage|p2a: Freddy Fazbear|0 fnt\n|-heal|p1a: Ogerpon|51\/100|[from] drain|[of] p2a: Freddy Fazbear\n|faint|p2a: Freddy Fazbear\n|\n|upkeep\n|\n|t:|1699803421\n|switch|p2a: Portgas D. Ace \ud83d\udd25|Cinderace, M, shiny|33\/100\n|turn|22\n|c|\u2606a12qsd|gg, pyro miss blew any small chance i had :(\n|\n|t:|1699803432\n|move|p2a: Portgas D. Ace \ud83d\udd25|Pyro Ball|p1a: Ogerpon\n|-damage|p1a: Ogerpon|0 fnt\n|faint|p1a: Ogerpon\n|\n|upkeep\n|\n|t:|1699803434\n|switch|p1a: Slither Wing|Slither Wing|9\/100\n|turn|23\n|\n|t:|1699803437\n|move|p1a: Slither Wing|First Impression|p2a: Portgas D. Ace \ud83d\udd25\n|-resisted|p2a: Portgas D. Ace \ud83d\udd25\n|-damage|p2a: Portgas D. Ace \ud83d\udd25|0 fnt\n|faint|p2a: Portgas D. Ace \ud83d\udd25\n|\n|upkeep\n|\n|t:|1699803439\n|switch|p2a: Leo|Manaphy|100\/100\n|turn|24\n|\n|t:|1699803445\n|move|p1a: Slither Wing|First Impression||[still]\n|-hint|First Impression only works on your first turn out.\n|-fail|p1a: Slither Wing\n|move|p2a: Leo|Scald|p1a: Slither Wing\n|-damage|p1a: Slither Wing|0 fnt\n|faint|p1a: Slither Wing\n|-end|p1a: Slither Wing|Protosynthesis|[silent]\n|\n|win|yellow motorola\n|raw|a12qsd's rating: 1610 &rarr; <strong>1586<\/strong><br \/>(-24 for losing)\n|raw|yellow motorola's rating: 1542 &rarr; <strong>1566<\/strong><br \/>(+24 for winning)\n","uploadtime":1699803449,"views":9,"p1id":"a12qsd","p2id":"yellowmotorola","formatid":"gen9ou","rating":1566,"private":0,"password":""}