{"id":"gen9ou-1995960572","p1":"chaewonlover","p2":"teamcb3","format":"[Gen 9] OU","log":"|j|\u2606chaewonlover\n|j|\u2606teamcb3\n|t:|1700622320\n|gametype|singles\n|player|p1|chaewonlover|alder|1455\n|player|p2|teamcb3|169|1362\n|teamsize|p1|6\n|teamsize|p2|6\n|gen|9\n|tier|[Gen 9] OU\n|rated|\n|rule|Sleep Clause Mod: Limit one foe put to sleep\n|rule|Species Clause: Limit one of each Pok\u00e9mon\n|rule|OHKO Clause: OHKO moves are banned\n|rule|Evasion Items Clause: Evasion items are banned\n|rule|Evasion Moves Clause: Evasion moves are banned\n|rule|Endless Battle Clause: Forcing endless battles is banned\n|rule|HP Percentage Mod: HP is shown in percentages\n|clearpoke\n|poke|p1|Maushold-Four|\n|poke|p1|Ninetales-Alola, M|\n|poke|p1|Dragapult, F|\n|poke|p1|Gholdengo|\n|poke|p1|Iron Valiant|\n|poke|p1|Glimmora, F|\n|poke|p2|Jirachi|\n|poke|p2|Ogerpon-Cornerstone, F|\n|poke|p2|Ninetales-Alola, F|\n|poke|p2|Great Tusk|\n|poke|p2|Dragapult, M|\n|poke|p2|Heatran, F|\n|teampreview\n|\n|t:|1700622326\n|start\n|switch|p1a: it's mouver|Maushold-Four|100\/100\n|switch|p2a: Ogerpon|Ogerpon-Cornerstone, F|100\/100\n|turn|1\n|inactive|Battle timer is ON: inactive players will automatically lose when time's up. (requested by chaewonlover)\n|\n|t:|1700622339\n|switch|p2a: Great Tusk|Great Tusk|100\/100\n|move|p1a: it's mouver|Tidy Up|p1a: it's mouver\n|-boost|p1a: it's mouver|atk|1\n|-boost|p1a: it's mouver|spe|1\n|\n|upkeep\n|turn|2\n|\n|t:|1700622346\n|switch|p1a: gholdengyatt|Gholdengo|100\/100\n|-item|p1a: gholdengyatt|Air Balloon\n|move|p2a: Great Tusk|Knock Off|p1a: gholdengyatt\n|-supereffective|p1a: gholdengyatt\n|-damage|p1a: gholdengyatt|33\/100\n|-enditem|p1a: gholdengyatt|Air Balloon\n|\n|upkeep\n|turn|3\n|\n|t:|1700622353\n|-end|p2a: Great Tusk|Protosynthesis|[silent]\n|switch|p2a: Heatran|Heatran, F|100\/100\n|move|p1a: gholdengyatt|Make It Rain|p2a: Heatran\n|-resisted|p2a: Heatran\n|-damage|p2a: Heatran|87\/100\n|-unboost|p1a: gholdengyatt|spa|1\n|\n|-heal|p2a: Heatran|93\/100|[from] item: Leftovers\n|upkeep\n|turn|4\n|\n|t:|1700622362\n|switch|p1a: hi|Glimmora, F|100\/100\n|move|p2a: Heatran|Earth Power|p1a: hi\n|-supereffective|p1a: hi\n|-enditem|p1a: hi|Focus Sash\n|-damage|p1a: hi|1\/100\n|\n|-heal|p2a: Heatran|99\/100|[from] item: Leftovers\n|upkeep\n|turn|5\n|\n|t:|1700622374\n|move|p1a: hi|Stealth Rock|p2a: Heatran\n|-sidestart|p2: teamcb3|move: Stealth Rock\n|move|p2a: Heatran|Lava Plume|p1a: hi\n|-resisted|p1a: hi\n|-damage|p1a: hi|0 fnt\n|faint|p1a: hi\n|\n|-heal|p2a: Heatran|100\/100|[from] item: Leftovers\n|upkeep\n|\n|t:|1700622380\n|switch|p1a: it's mouver|Maushold-Four|100\/100\n|turn|6\n|\n|t:|1700622385\n|switch|p2a: Great Tusk|Great Tusk|100\/100\n|-damage|p2a: Great Tusk|98\/100|[from] Stealth Rock\n|move|p1a: it's mouver|Low Kick|p2a: Great Tusk\n|-damage|p2a: Great Tusk|81\/100\n|-damage|p1a: it's mouver|84\/100|[from] item: Rocky Helmet|[of] p2a: Great Tusk\n|\n|upkeep\n|turn|7\n|\n|t:|1700622394\n|switch|p1a: gholdengyatt|Gholdengo|33\/100\n|move|p2a: Great Tusk|Rapid Spin|p1a: gholdengyatt\n|-immune|p1a: gholdengyatt\n|\n|upkeep\n|turn|8\n|\n|t:|1700622401\n|move|p2a: Great Tusk|Knock Off|p1a: gholdengyatt\n|-supereffective|p1a: gholdengyatt\n|-damage|p1a: gholdengyatt|0 fnt\n|faint|p1a: gholdengyatt\n|\n|upkeep\n|\n|t:|1700622404\n|switch|p1a: 9blud|Ninetales-Alola, M|100\/100\n|-weather|Snow|[from] ability: Snow Warning|[of] p1a: 9blud\n|turn|9\n|\n|t:|1700622408\n|-end|p2a: Great Tusk|Protosynthesis|[silent]\n|switch|p2a: Heatran|Heatran, F|100\/100\n|-damage|p2a: Heatran|88\/100|[from] Stealth Rock\n|move|p1a: 9blud|Aurora Veil|p1a: 9blud\n|-sidestart|p1: chaewonlover|move: Aurora Veil\n|\n|-weather|Snow|[upkeep]\n|-heal|p2a: Heatran|94\/100|[from] item: Leftovers\n|upkeep\n|turn|10\n|\n|t:|1700622415\n|move|p1a: 9blud|Hypnosis|p2a: Heatran\n|-status|p2a: Heatran|slp|[from] move: Hypnosis\n|cant|p2a: Heatran|slp\n|\n|-weather|Snow|[upkeep]\n|-heal|p2a: Heatran|100\/100 slp|[from] item: Leftovers\n|upkeep\n|turn|11\n|\n|t:|1700622423\n|switch|p1a: pew pew|Dragapult, F|100\/100\n|switch|p2a: Great Tusk|Great Tusk|81\/100\n|-damage|p2a: Great Tusk|78\/100|[from] Stealth Rock\n|\n|-weather|Snow|[upkeep]\n|upkeep\n|turn|12\n|\n|t:|1700622429\n|move|p1a: pew pew|Dragon Dance|p1a: pew pew\n|-boost|p1a: pew pew|atk|1\n|-boost|p1a: pew pew|spe|1\n|move|p2a: Great Tusk|Knock Off|p1a: pew pew\n|-supereffective|p1a: pew pew\n|-damage|p1a: pew pew|57\/100\n|-enditem|p1a: pew pew|Leftovers|[from] move: Knock Off|[of] p2a: Great Tusk\n|\n|-weather|Snow|[upkeep]\n|upkeep\n|turn|13\n|\n|t:|1700622444\n|-end|p2a: Great Tusk|Protosynthesis|[silent]\n|switch|p2a: Heatran|Heatran, F|100\/100 slp\n|-damage|p2a: Heatran|88\/100 slp|[from] Stealth Rock\n|move|p1a: pew pew|Dragon Darts|p2a: Heatran\n|-resisted|p2a: Heatran\n|-damage|p2a: Heatran|66\/100 slp\n|-anim|p1a: pew pew|Dragon Darts|p2a: Heatran\n|-resisted|p2a: Heatran\n|-damage|p2a: Heatran|47\/100 slp\n|\n|-weather|none\n|-heal|p2a: Heatran|53\/100 slp|[from] item: Leftovers\n|upkeep\n|turn|14\n|\n|t:|1700622454\n|move|p1a: pew pew|Substitute|p1a: pew pew\n|-start|p1a: pew pew|Substitute\n|-damage|p1a: pew pew|32\/100\n|-curestatus|p2a: Heatran|slp|[msg]\n|move|p2a: Heatran|Will-O-Wisp||[still]\n|-fail|p2a: Heatran\n|\n|-heal|p2a: Heatran|59\/100|[from] item: Leftovers\n|upkeep\n|turn|15\n|\n|t:|1700622463\n|move|p1a: pew pew|Phantom Force||[still]\n|-prepare|p1a: pew pew|Phantom Force\n|move|p2a: Heatran|Lava Plume|p1a: pew pew|[miss]\n|-miss|p2a: Heatran|p1a: pew pew\n|\n|-heal|p2a: Heatran|66\/100|[from] item: Leftovers\n|upkeep\n|turn|16\n|\n|t:|1700622469\n|switch|p2a: Great Tusk|Great Tusk|78\/100\n|-damage|p2a: Great Tusk|75\/100|[from] Stealth Rock\n|move|p1a: pew pew|Phantom Force|p2a: Great Tusk|[from]lockedmove\n|-damage|p2a: Great Tusk|37\/100\n|-damage|p1a: pew pew|16\/100|[from] item: Rocky Helmet|[of] p2a: Great Tusk\n|\n|-sideend|p1: chaewonlover|move: Aurora Veil\n|upkeep\n|turn|17\n|\n|t:|1700622480\n|-end|p2a: Great Tusk|Protosynthesis|[silent]\n|switch|p2a: Ninetales|Ninetales-Alola, F|100\/100\n|-damage|p2a: Ninetales|76\/100|[from] Stealth Rock\n|-weather|Snow|[from] ability: Snow Warning|[of] p2a: Ninetales\n|move|p1a: pew pew|Dragon Darts|p2a: Ninetales\n|-immune|p2a: Ninetales\n|\n|-weather|Snow|[upkeep]\n|upkeep\n|turn|18\n|\n|t:|1700622491\n|move|p1a: pew pew|Phantom Force||[still]\n|-prepare|p1a: pew pew|Phantom Force\n|move|p2a: Ninetales|Aurora Veil|p2a: Ninetales\n|-sidestart|p2: teamcb3|move: Aurora Veil\n|\n|-weather|Snow|[upkeep]\n|upkeep\n|turn|19\n|\n|t:|1700622496\n|switch|p2a: Great Tusk|Great Tusk|37\/100\n|-damage|p2a: Great Tusk|34\/100|[from] Stealth Rock\n|move|p1a: pew pew|Phantom Force|p2a: Great Tusk|[from]lockedmove\n|-damage|p2a: Great Tusk|0 fnt\n|-damage|p1a: pew pew|0 fnt|[from] item: Rocky Helmet|[of] p2a: Great Tusk\n|faint|p2a: Great Tusk\n|-end|p2a: Great Tusk|Protosynthesis|[silent]\n|faint|p1a: pew pew\n|\n|-weather|Snow|[upkeep]\n|upkeep\n|\n|t:|1700622513\n|switch|p1a: 9blud|Ninetales-Alola, M|100\/100\n|switch|p2a: Dragapult|Dragapult, M|100\/100\n|-damage|p2a: Dragapult|88\/100|[from] Stealth Rock\n|turn|20\n|\n|t:|1700622518\n|switch|p2a: Heatran|Heatran, F|66\/100\n|-damage|p2a: Heatran|53\/100|[from] Stealth Rock\n|move|p1a: 9blud|Aurora Veil|p1a: 9blud\n|-sidestart|p1: chaewonlover|move: Aurora Veil\n|\n|-weather|Snow|[upkeep]\n|-heal|p2a: Heatran|59\/100|[from] item: Leftovers\n|upkeep\n|turn|21\n|\n|t:|1700622525\n|move|p1a: 9blud|Hypnosis|p2a: Heatran\n|-status|p2a: Heatran|slp|[from] move: Hypnosis\n|cant|p2a: Heatran|slp\n|\n|-weather|none\n|-heal|p2a: Heatran|66\/100 slp|[from] item: Leftovers\n|upkeep\n|turn|22\n|c|\u2606teamcb3|come on lol\n|\n|t:|1700622537\n|switch|p1a: moonblaster|Iron Valiant|100\/100\n|-enditem|p1a: moonblaster|Booster Energy\n|-activate|p1a: moonblaster|ability: Quark Drive|[fromitem]\n|-start|p1a: moonblaster|quarkdrivespe\n|switch|p2a: Jirachi|Jirachi|100\/100\n|-damage|p2a: Jirachi|94\/100|[from] Stealth Rock\n|\n|-heal|p2a: Jirachi|100\/100|[from] item: Leftovers\n|upkeep\n|turn|23\n|\n|t:|1700622546\n|-terastallize|p1a: moonblaster|Steel\n|move|p1a: moonblaster|Swords Dance|p1a: moonblaster\n|-boost|p1a: moonblaster|atk|2\n|move|p2a: Jirachi|Calm Mind|p2a: Jirachi\n|-boost|p2a: Jirachi|spa|1\n|-boost|p2a: Jirachi|spd|1\n|\n|upkeep\n|turn|24\n|\n|t:|1700622559\n|move|p1a: moonblaster|Knock Off|p2a: Jirachi\n|-supereffective|p2a: Jirachi\n|-damage|p2a: Jirachi|34\/100\n|-enditem|p2a: Jirachi|Leftovers|[from] move: Knock Off|[of] p1a: moonblaster\n|move|p2a: Jirachi|Iron Defense|p2a: Jirachi\n|-boost|p2a: Jirachi|def|2\n|\n|upkeep\n|turn|25\n|\n|t:|1700622567\n|move|p1a: moonblaster|Close Combat|p2a: Jirachi\n|-damage|p2a: Jirachi|3\/100\n|-unboost|p1a: moonblaster|def|1\n|-unboost|p1a: moonblaster|spd|1\n|move|p2a: Jirachi|Aura Sphere|p1a: moonblaster\n|-supereffective|p1a: moonblaster\n|-damage|p1a: moonblaster|6\/100\n|\n|-sideend|p2: teamcb3|move: Aurora Veil\n|upkeep\n|turn|26\n|\n|t:|1700622580\n|move|p1a: moonblaster|Knock Off|p2a: Jirachi\n|-supereffective|p2a: Jirachi\n|-damage|p2a: Jirachi|0 fnt\n|faint|p2a: Jirachi\n|\n|upkeep\n|\n|t:|1700622594\n|switch|p2a: Dragapult|Dragapult, M|88\/100\n|-damage|p2a: Dragapult|76\/100|[from] Stealth Rock\n|turn|27\n|\n|t:|1700622602\n|-terastallize|p2a: Dragapult|Ghost\n|move|p1a: moonblaster|Ice Punch|p2a: Dragapult\n|-damage|p2a: Dragapult|6\/100\n|move|p2a: Dragapult|Hex|p1a: moonblaster\n|-damage|p1a: moonblaster|0 fnt\n|faint|p1a: moonblaster\n|-end|p1a: moonblaster|Quark Drive|[silent]\n|\n|-heal|p2a: Dragapult|12\/100|[from] item: Leftovers\n|-sideend|p1: chaewonlover|move: Aurora Veil\n|upkeep\n|\n|t:|1700622608\n|switch|p1a: it's mouver|Maushold-Four|84\/100\n|turn|28\n|\n|t:|1700622613\n|move|p2a: Dragapult|Draco Meteor|p1a: it's mouver\n|-damage|p1a: it's mouver|0 fnt\n|-unboost|p2a: Dragapult|spa|2\n|faint|p1a: it's mouver\n|\n|-heal|p2a: Dragapult|18\/100|[from] item: Leftovers\n|upkeep\n|\n|t:|1700622616\n|switch|p1a: 9blud|Ninetales-Alola, M|100\/100\n|-weather|Snow|[from] ability: Snow Warning|[of] p1a: 9blud\n|turn|29\n|\n|t:|1700622623\n|move|p2a: Dragapult|Will-O-Wisp|p1a: 9blud\n|-status|p1a: 9blud|brn\n|move|p1a: 9blud|Aurora Veil|p1a: 9blud\n|-sidestart|p1: chaewonlover|move: Aurora Veil\n|\n|-weather|Snow|[upkeep]\n|-heal|p2a: Dragapult|24\/100|[from] item: Leftovers\n|-damage|p1a: 9blud|94\/100 brn|[from] brn\n|upkeep\n|turn|30\n|\n|t:|1700622646\n|move|p2a: Dragapult|Hex|p1a: 9blud\n|-damage|p1a: 9blud|54\/100 brn\n|move|p1a: 9blud|Freeze-Dry|p2a: Dragapult\n|-damage|p2a: Dragapult|0 fnt\n|faint|p2a: Dragapult\n|\n|-weather|Snow|[upkeep]\n|-damage|p1a: 9blud|48\/100 brn|[from] brn\n|upkeep\n|\n|t:|1700622654\n|switch|p2a: Heatran|Heatran, F|66\/100 slp\n|-damage|p2a: Heatran|53\/100 slp|[from] Stealth Rock\n|turn|31\n|\n|t:|1700622663\n|move|p1a: 9blud|Freeze-Dry|p2a: Heatran\n|-resisted|p2a: Heatran\n|-damage|p2a: Heatran|49\/100 slp\n|cant|p2a: Heatran|slp\n|\n|-weather|Snow|[upkeep]\n|-heal|p2a: Heatran|55\/100 slp|[from] item: Leftovers\n|-damage|p1a: 9blud|42\/100 brn|[from] brn\n|upkeep\n|turn|32\n|-message|chaewonlover forfeited.\n|\n|win|teamcb3\n|raw|chaewonlover's rating: 1455 &rarr; <strong>1430<\/strong><br \/>(-25 for losing)\n|raw|teamcb3's rating: 1362 &rarr; <strong>1387<\/strong><br \/>(+25 for winning)\n|l|\u2606chaewonlover\n","uploadtime":1700622676,"views":1,"p1id":"chaewonlover","p2id":"teamcb3","formatid":"gen9ou","rating":1387,"private":0,"password":""}