{"id":"gen9ou-1990013216","p1":"3lit","p2":"minttttt","format":"[Gen 9] OU","log":"|j|\u26063lit\n|j|\u2606minttttt\n|t:|1699915364\n|gametype|singles\n|player|p1|3lit|101|1120\n|player|p2|minttttt|169|1104\n|teamsize|p1|6\n|teamsize|p2|6\n|gen|9\n|tier|[Gen 9] OU\n|rated|\n|rule|Sleep Clause Mod: Limit one foe put to sleep\n|rule|Species Clause: Limit one of each Pok\u00e9mon\n|rule|OHKO Clause: OHKO moves are banned\n|rule|Evasion Items Clause: Evasion items are banned\n|rule|Evasion Moves Clause: Evasion moves are banned\n|rule|Endless Battle Clause: Forcing endless battles is banned\n|rule|HP Percentage Mod: HP is shown in percentages\n|clearpoke\n|poke|p1|Heatran, M|\n|poke|p1|Slowking-Galar, M|\n|poke|p1|Cinderace, M|\n|poke|p1|Zapdos|\n|poke|p1|Ninetales-Alola, M|\n|poke|p1|Great Tusk|\n|poke|p2|Samurott-Hisui, M|\n|poke|p2|Ceruledge, M|\n|poke|p2|Thundurus-Therian, M|\n|poke|p2|Amoonguss, M|\n|poke|p2|Great Tusk|\n|poke|p2|Gholdengo|\n|teampreview\n|\n|t:|1699915375\n|start\n|switch|p1a: Zapdos|Zapdos|100\/100\n|switch|p2a: Samurott|Samurott-Hisui, M, shiny|100\/100\n|turn|1\n|inactive|Battle timer is ON: inactive players will automatically lose when time's up. (requested by 3lit)\n|\n|t:|1699915380\n|move|p2a: Samurott|Ceaseless Edge|p1a: Zapdos\n|-damage|p1a: Zapdos|43\/100\n|-sidestart|p1: 3lit|Spikes\n|move|p1a: Zapdos|Hurricane|p2a: Samurott\n|-damage|p2a: Samurott|0 fnt\n|faint|p2a: Samurott\n|\n|upkeep\n|\n|t:|1699915389\n|switch|p2a: Thundurus|Thundurus-Therian, M, shiny|100\/100\n|turn|2\n|\n|t:|1699915407\n|switch|p1a: Great Tusk|Great Tusk|100\/100\n|-damage|p1a: Great Tusk|88\/100|[from] Spikes\n|move|p2a: Thundurus|Knock Off|p1a: Great Tusk\n|-resisted|p1a: Great Tusk\n|-damage|p1a: Great Tusk|82\/100\n|-enditem|p1a: Great Tusk|Assault Vest|[from] move: Knock Off|[of] p2a: Thundurus\n|\n|upkeep\n|turn|3\n|\n|t:|1699915415\n|move|p2a: Thundurus|Grass Knot|p1a: Great Tusk\n|-supereffective|p1a: Great Tusk\n|-damage|p1a: Great Tusk|0 fnt\n|faint|p1a: Great Tusk\n|-end|p1a: Great Tusk|Protosynthesis|[silent]\n|\n|upkeep\n|\n|t:|1699915424\n|switch|p1a: Ninetales|Ninetales-Alola, M|100\/100\n|-damage|p1a: Ninetales|88\/100|[from] Spikes\n|-weather|Snow|[from] ability: Snow Warning|[of] p1a: Ninetales\n|turn|4\n|\n|t:|1699915453\n|move|p1a: Ninetales|Aurora Veil|p1a: Ninetales\n|-sidestart|p1: 3lit|move: Aurora Veil\n|move|p2a: Thundurus|Volt Switch|p1a: Ninetales\n|-damage|p1a: Ninetales|66\/100\n|\n|t:|1699915458\n|switch|p2a: Amoonguss|Amoonguss, M, shiny|100\/100|[from] Volt Switch\n|\n|-weather|Snow|[upkeep]\n|upkeep\n|turn|5\n|\n|t:|1699915473\n|move|p1a: Ninetales|Freeze-Dry|p2a: Amoonguss\n|-supereffective|p2a: Amoonguss\n|-damage|p2a: Amoonguss|71\/100\n|-enditem|p2a: Amoonguss|Red Card|[of] p1a: Ninetales\n|drag|p1a: Slowking|Slowking-Galar, M|100\/100\n|-damage|p1a: Slowking|88\/100|[from] Spikes\n|move|p2a: Amoonguss|Spore|p1a: Slowking\n|-status|p1a: Slowking|slp|[from] move: Spore\n|\n|-weather|Snow|[upkeep]\n|upkeep\n|turn|6\n|inactive|minttttt has 120 seconds left.\n|\n|t:|1699915498\n|switch|p2a: Great Tusk|Great Tusk|100\/100\n|cant|p1a: Slowking|slp\n|\n|-weather|Snow|[upkeep]\n|upkeep\n|turn|7\n|\n|t:|1699915506\n|move|p2a: Great Tusk|Ice Spinner|p1a: Slowking\n|-damage|p1a: Slowking|76\/100 slp\n|-curestatus|p1a: Slowking|slp|[msg]\n|move|p1a: Slowking|Future Sight|p2a: Great Tusk\n|-start|p1a: Slowking|move: Future Sight\n|\n|-weather|Snow|[upkeep]\n|upkeep\n|turn|8\n|\n|t:|1699915518\n|switch|p1a: Heatran|Heatran, M|100\/100\n|-item|p1a: Heatran|Air Balloon\n|move|p2a: Great Tusk|Earthquake|p1a: Heatran\n|-immune|p1a: Heatran\n|\n|-weather|none\n|upkeep\n|turn|9\n|\n|t:|1699915530\n|move|p2a: Great Tusk|Stealth Rock|p1a: Heatran\n|-sidestart|p1: 3lit|move: Stealth Rock\n|move|p1a: Heatran|Stealth Rock|p2a: Great Tusk\n|-sidestart|p2: minttttt|move: Stealth Rock\n|\n|-end|p2a: Great Tusk|move: Future Sight\n|-supereffective|p2a: Great Tusk\n|-damage|p2a: Great Tusk|0 fnt\n|faint|p2a: Great Tusk\n|-end|p2a: Great Tusk|Protosynthesis|[silent]\n|upkeep\n|\n|t:|1699915538\n|switch|p2a: Ceruledge|Ceruledge, M|100\/100\n|turn|10\n|\n|t:|1699915544\n|move|p2a: Ceruledge|Poltergeist|p1a: Heatran\n|-activate|p1a: Heatran|move: Poltergeist|Air Balloon\n|-damage|p1a: Heatran|81\/100\n|-enditem|p1a: Heatran|Air Balloon\n|move|p1a: Heatran|Earth Power|p2a: Ceruledge\n|-supereffective|p2a: Ceruledge\n|-damage|p2a: Ceruledge|41\/100\n|\n|upkeep\n|turn|11\n|\n|t:|1699915565\n|-terastallize|p2a: Ceruledge|Fairy\n|move|p2a: Ceruledge|Bitter Blade|p1a: Heatran\n|-start|p1a: Heatran|ability: Flash Fire\n|move|p1a: Heatran|Flamethrower|p2a: Ceruledge\n|-damage|p2a: Ceruledge|0 fnt\n|faint|p2a: Ceruledge\n|\n|-sideend|p1: 3lit|move: Aurora Veil\n|upkeep\n|inactive|minttttt has 120 seconds left.\n|\n|t:|1699915591\n|switch|p2a: Thundurus|Thundurus-Therian, M, shiny|100\/100\n|turn|12\n|\n|t:|1699915601\n|move|p2a: Thundurus|Volt Switch|p1a: Heatran\n|-damage|p1a: Heatran|45\/100\n|inactive|minttttt has 120 seconds left.\n|inactive|minttttt has 90 seconds left.\n|inactive|minttttt has 60 seconds left.\n|c|\u26063lit|...\n|inactive|minttttt has 30 seconds left.\n|inactive|minttttt has 20 seconds left.\n|inactive|minttttt has 15 seconds left.\n|inactive|minttttt has 10 seconds left.\n|inactive|minttttt has 5 seconds left.\n|-message|minttttt lost due to inactivity.\n|\n|win|3lit\n|raw|3lit's rating: 1120 &rarr; <strong>1144<\/strong><br \/>(+24 for winning)\n|raw|minttttt's rating: 1104 &rarr; <strong>1080<\/strong><br \/>(-24 for losing)\n|l|\u26063lit\n","uploadtime":1699917564,"views":11,"p1id":"3lit","p2id":"minttttt","formatid":"gen9ou","rating":1080,"private":0,"password":""}