{"id":"gen9ou-1992444891","p1":"Prtbl_Trash","p2":"Toasttea64","format":"[Gen 9] OU","log":"|j|\u2606Prtbl_Trash\n|j|\u2606Toasttea64\n|t:|1700188408\n|gametype|singles\n|player|p1|Prtbl_Trash|rosa|1107\n|player|p2|Toasttea64|102|1167\n|teamsize|p1|6\n|teamsize|p2|6\n|gen|9\n|tier|[Gen 9] OU\n|rated|\n|rule|Sleep Clause Mod: Limit one foe put to sleep\n|rule|Species Clause: Limit one of each Pok\u00e9mon\n|rule|OHKO Clause: OHKO moves are banned\n|rule|Evasion Items Clause: Evasion items are banned\n|rule|Evasion Moves Clause: Evasion moves are banned\n|rule|Endless Battle Clause: Forcing endless battles is banned\n|rule|HP Percentage Mod: HP is shown in percentages\n|clearpoke\n|poke|p1|Weezing-Galar, F|\n|poke|p1|Appletun, F|\n|poke|p1|Empoleon, F|\n|poke|p1|Honchkrow, M|\n|poke|p1|Skeledirge, M|\n|poke|p1|Great Tusk|\n|poke|p2|Glimmora, M|\n|poke|p2|Toxapex, F|\n|poke|p2|Heatran, M|\n|poke|p2|Clefable, M|\n|poke|p2|Gastrodon, M|\n|poke|p2|Kingambit, M|\n|teampreview\n|inactive|Battle timer is ON: inactive players will automatically lose when time's up. (requested by Prtbl_Trash)\n|\n|t:|1700188429\n|start\n|switch|p1a: Great Tusk|Great Tusk|100\/100\n|switch|p2a: Gastrodon|Gastrodon, M|100\/100\n|turn|1\n|\n|t:|1700188433\n|move|p1a: Great Tusk|Knock Off|p2a: Gastrodon\n|-damage|p2a: Gastrodon|66\/100\n|-enditem|p2a: Gastrodon|Luminous Moss|[from] move: Knock Off|[of] p1a: Great Tusk\n|move|p2a: Gastrodon|Chilling Water|p1a: Great Tusk\n|-supereffective|p1a: Great Tusk\n|-damage|p1a: Great Tusk|32\/100\n|-unboost|p1a: Great Tusk|atk|1\n|\n|upkeep\n|turn|2\n|\n|t:|1700188440\n|-end|p1a: Great Tusk|Protosynthesis|[silent]\n|switch|p1a: Appletun|Appletun, F|100\/100\n|move|p2a: Gastrodon|Chilling Water|p1a: Appletun\n|-resisted|p1a: Appletun\n|-damage|p1a: Appletun|96\/100\n|-unboost|p1a: Appletun|atk|1\n|\n|-heal|p1a: Appletun|100\/100|[from] item: Leftovers\n|upkeep\n|turn|3\n|\n|t:|1700188445\n|move|p2a: Gastrodon|Sludge Bomb|p1a: Appletun\n|-supereffective|p1a: Appletun\n|-damage|p1a: Appletun|60\/100\n|move|p1a: Appletun|Apple Acid|p2a: Gastrodon\n|-supereffective|p2a: Gastrodon\n|-damage|p2a: Gastrodon|0 fnt\n|faint|p2a: Gastrodon\n|\n|-heal|p1a: Appletun|66\/100|[from] item: Leftovers\n|upkeep\n|\n|t:|1700188461\n|switch|p2a: Clefable|Clefable, M|100\/100\n|turn|4\n|\n|t:|1700188464\n|move|p2a: Clefable|Cosmic Power|p2a: Clefable\n|-boost|p2a: Clefable|def|1\n|-boost|p2a: Clefable|spd|1\n|move|p1a: Appletun|Apple Acid|p2a: Clefable\n|-damage|p2a: Clefable|88\/100\n|-unboost|p2a: Clefable|spd|1\n|\n|-heal|p2a: Clefable|94\/100|[from] item: Leftovers\n|-heal|p1a: Appletun|73\/100|[from] item: Leftovers\n|upkeep\n|turn|5\n|\n|t:|1700188472\n|switch|p1a: Honchkrow|Honchkrow, M|100\/100\n|move|p2a: Clefable|Cosmic Power|p2a: Clefable\n|-boost|p2a: Clefable|def|1\n|-boost|p2a: Clefable|spd|1\n|-enditem|p1a: Honchkrow|Mirror Herb\n|-boost|p1a: Honchkrow|def|1|[from] item: Mirror Herb\n|-boost|p1a: Honchkrow|spd|1|[from] item: Mirror Herb\n|\n|-heal|p2a: Clefable|99\/100|[from] item: Leftovers\n|upkeep\n|turn|6\n|\n|t:|1700188480\n|move|p1a: Honchkrow|Perish Song|p1a: Honchkrow\n|-start|p1a: Honchkrow|perish3|[silent]\n|-start|p2a: Clefable|perish3|[silent]\n|-fieldactivate|move: Perish Song\n|move|p2a: Clefable|Moonblast|p1a: Honchkrow\n|-supereffective|p1a: Honchkrow\n|-damage|p1a: Honchkrow|25\/100\n|\n|-heal|p2a: Clefable|100\/100|[from] item: Leftovers\n|-start|p1a: Honchkrow|perish3\n|-start|p2a: Clefable|perish3\n|upkeep\n|turn|7\n|\n|t:|1700188500\n|move|p1a: Honchkrow|Acrobatics|p2a: Clefable\n|-damage|p2a: Clefable|71\/100\n|move|p2a: Clefable|Moonblast|p1a: Honchkrow\n|-supereffective|p1a: Honchkrow\n|-damage|p1a: Honchkrow|0 fnt\n|faint|p1a: Honchkrow\n|\n|-heal|p2a: Clefable|77\/100|[from] item: Leftovers\n|-start|p2a: Clefable|perish2\n|upkeep\n|\n|t:|1700188506\n|switch|p1a: Empoleon|Empoleon, F|100\/100\n|turn|8\n|\n|t:|1700188520\n|switch|p2a: Toxapex|Toxapex, F|100\/100\n|move|p1a: Empoleon|Stealth Rock|p2a: Toxapex\n|-sidestart|p2: Toasttea64|move: Stealth Rock\n|\n|upkeep\n|turn|9\n|\n|t:|1700188532\n|switch|p2a: Clefable|Clefable, M|77\/100\n|move|p1a: Empoleon|Yawn|p2a: Clefable\n|-start|p2a: Clefable|move: Yawn|[of] p1a: Empoleon\n|\n|-heal|p2a: Clefable|83\/100|[from] item: Leftovers\n|upkeep\n|turn|10\n|\n|t:|1700188537\n|move|p2a: Clefable|Moonblast|p1a: Empoleon\n|-resisted|p1a: Empoleon\n|-damage|p1a: Empoleon|90\/100\n|move|p1a: Empoleon|Flip Turn|p2a: Clefable\n|-damage|p2a: Clefable|65\/100\n|\n|t:|1700188543\n|switch|p1a: Weezing|Weezing-Galar, F|100\/100|[from] Flip Turn\n|-ability|p1a: Weezing|Neutralizing Gas\n|\n|-heal|p2a: Clefable|71\/100|[from] item: Leftovers\n|-end|p2a: Clefable|move: Yawn|[silent]\n|-status|p2a: Clefable|slp\n|upkeep\n|turn|11\n|\n|t:|1700188548\n|move|p1a: Weezing|Strange Steam|p2a: Clefable\n|-crit|p2a: Clefable\n|-damage|p2a: Clefable|46\/100 slp\n|cant|p2a: Clefable|slp\n|\n|-heal|p2a: Clefable|52\/100 slp|[from] item: Leftovers\n|upkeep\n|turn|12\n|\n|t:|1700188554\n|-end|p1a: Weezing|ability: Neutralizing Gas\n|switch|p1a: Skeledirge|Skeledirge, M|100\/100\n|-curestatus|p2a: Clefable|slp|[msg]\n|move|p2a: Clefable|Cosmic Power|p2a: Clefable\n|-boost|p2a: Clefable|def|1\n|-boost|p2a: Clefable|spd|1\n|\n|-heal|p2a: Clefable|58\/100|[from] item: Leftovers\n|upkeep\n|turn|13\n|\n|t:|1700188562\n|switch|p1a: Great Tusk|Great Tusk|32\/100\n|switch|p2a: Heatran|Heatran, M|100\/100\n|-damage|p2a: Heatran|88\/100|[from] Stealth Rock\n|-item|p2a: Heatran|Air Balloon\n|\n|upkeep\n|turn|14\n|\n|t:|1700188581\n|move|p1a: Great Tusk|Close Combat|p2a: Heatran\n|-supereffective|p2a: Heatran\n|-damage|p2a: Heatran|0 fnt\n|-unboost|p1a: Great Tusk|def|1\n|-unboost|p1a: Great Tusk|spd|1\n|-enditem|p2a: Heatran|Air Balloon\n|faint|p2a: Heatran\n|\n|upkeep\n|\n|t:|1700188586\n|switch|p2a: Glimmora|Glimmora, M|100\/100\n|-damage|p2a: Glimmora|88\/100|[from] Stealth Rock\n|turn|15\n|\n|t:|1700188594\n|-end|p1a: Great Tusk|Protosynthesis|[silent]\n|switch|p1a: Empoleon|Empoleon, F|90\/100\n|switch|p2a: Clefable|Clefable, M|58\/100\n|\n|-heal|p2a: Clefable|64\/100|[from] item: Leftovers\n|upkeep\n|turn|16\n|c|\u2606Toasttea64|What was I thinking\n|c|\u2606Toasttea64|Oh you didn\u2019t wreck me\n|c|\u2606Toasttea64|thanks\n|\n|t:|1700188613\n|move|p1a: Empoleon|Yawn|p2a: Clefable\n|-start|p2a: Clefable|move: Yawn|[of] p1a: Empoleon\n|move|p2a: Clefable|Moonblast|p1a: Empoleon\n|-resisted|p1a: Empoleon\n|-damage|p1a: Empoleon|80\/100\n|-unboost|p1a: Empoleon|spa|1\n|\n|-heal|p2a: Clefable|71\/100|[from] item: Leftovers\n|upkeep\n|turn|17\n|c|\u2606Prtbl_Trash|This a team I made for a draft league\n|inactive|Prtbl_Trash has 120 seconds left.\n|\n|t:|1700188643\n|switch|p2a: Glimmora|Glimmora, M|88\/100\n|-damage|p2a: Glimmora|76\/100|[from] Stealth Rock\n|move|p1a: Empoleon|Flip Turn|p2a: Glimmora\n|-supereffective|p2a: Glimmora\n|-damage|p2a: Glimmora|44\/100\n|-activate|p2a: Glimmora|ability: Toxic Debris\n|-sidestart|p1: Prtbl_Trash|move: Toxic Spikes\n|inactive|Prtbl_Trash has 120 seconds left.\n|\n|t:|1700188653\n|switch|p1a: Weezing|Weezing-Galar, F|100\/100|[from] Flip Turn\n|-ability|p1a: Weezing|Neutralizing Gas\n|-sideend|p1: Prtbl_Trash|move: Toxic Spikes|[of] p1a: Weezing\n|\n|upkeep\n|turn|18\n|\n|t:|1700188672\n|move|p2a: Glimmora|Stealth Rock|p1a: Weezing\n|-sidestart|p1: Prtbl_Trash|move: Stealth Rock\n|move|p1a: Weezing|Defog|p2a: Glimmora\n|-unboost|p2a: Glimmora|evasion|1\n|-sideend|p2: Toasttea64|Stealth Rock|[from] move: Defog|[of] p1a: Weezing\n|-sideend|p1: Prtbl_Trash|Stealth Rock|[from] move: Defog|[of] p1a: Weezing\n|\n|upkeep\n|turn|19\n|\n|t:|1700188688\n|-end|p1a: Weezing|ability: Neutralizing Gas\n|switch|p1a: Great Tusk|Great Tusk|32\/100\n|move|p2a: Glimmora|Stealth Rock|p1a: Great Tusk\n|-sidestart|p1: Prtbl_Trash|move: Stealth Rock\n|\n|upkeep\n|turn|20\n|\n|t:|1700188696\n|switch|p2a: Clefable|Clefable, M|71\/100\n|move|p1a: Great Tusk|Headlong Rush|p2a: Clefable\n|-damage|p2a: Clefable|3\/100\n|-unboost|p1a: Great Tusk|def|1\n|-unboost|p1a: Great Tusk|spd|1\n|\n|-heal|p2a: Clefable|9\/100|[from] item: Leftovers\n|upkeep\n|turn|21\n|\n|t:|1700188702\n|move|p1a: Great Tusk|Headlong Rush|p2a: Clefable\n|-damage|p2a: Clefable|0 fnt\n|-unboost|p1a: Great Tusk|def|1\n|-unboost|p1a: Great Tusk|spd|1\n|faint|p2a: Clefable\n|\n|upkeep\n|\n|t:|1700188706\n|switch|p2a: Toxapex|Toxapex, F|100\/100\n|turn|22\n|\n|t:|1700188709\n|-end|p1a: Great Tusk|Protosynthesis|[silent]\n|switch|p1a: Weezing|Weezing-Galar, F|100\/100\n|-ability|p1a: Weezing|Neutralizing Gas\n|-damage|p1a: Weezing|88\/100|[from] Stealth Rock\n|move|p2a: Toxapex|Toxic|p1a: Weezing\n|-immune|p1a: Weezing\n|\n|upkeep\n|turn|23\n|\n|t:|1700188718\n|move|p1a: Weezing|Defog|p2a: Toxapex\n|-unboost|p2a: Toxapex|evasion|1\n|-sideend|p1: Prtbl_Trash|Stealth Rock|[from] move: Defog|[of] p1a: Weezing\n|move|p2a: Toxapex|Haze|p2a: Toxapex\n|-clearallboost\n|\n|upkeep\n|turn|24\n|\n|t:|1700188722\n|move|p1a: Weezing|Will-O-Wisp|p2a: Toxapex\n|-status|p2a: Toxapex|brn\n|move|p2a: Toxapex|Haze|p2a: Toxapex\n|-clearallboost\n|\n|-damage|p2a: Toxapex|94\/100 brn|[from] brn\n|upkeep\n|turn|25\n|\n|t:|1700188726\n|-end|p1a: Weezing|ability: Neutralizing Gas\n|switch|p1a: Appletun|Appletun, F|73\/100\n|move|p2a: Toxapex|Haze|p2a: Toxapex\n|-clearallboost\n|\n|-heal|p2a: Toxapex|100\/100 brn|[from] item: Black Sludge\n|-heal|p1a: Appletun|79\/100|[from] item: Leftovers\n|-damage|p2a: Toxapex|94\/100 brn|[from] brn\n|upkeep\n|turn|26\n|\n|t:|1700188732\n|-terastallize|p1a: Appletun|Steel\n|move|p2a: Toxapex|Toxic|p1a: Appletun\n|-immune|p1a: Appletun\n|move|p1a: Appletun|Leech Seed|p2a: Toxapex\n|-start|p2a: Toxapex|move: Leech Seed\n|\n|-heal|p2a: Toxapex|100\/100 brn|[from] item: Black Sludge\n|-heal|p1a: Appletun|85\/100|[from] item: Leftovers\n|-damage|p2a: Toxapex|88\/100 brn|[from] Leech Seed|[of] p1a: Appletun\n|-heal|p1a: Appletun|94\/100|[silent]\n|-damage|p2a: Toxapex|82\/100 brn|[from] brn\n|upkeep\n|turn|27\n|\n|t:|1700188743\n|switch|p2a: Glimmora|Glimmora, M|44\/100\n|move|p1a: Appletun|Dragon Tail|p2a: Glimmora\n|-damage|p2a: Glimmora|27\/100\n|-activate|p2a: Glimmora|ability: Toxic Debris\n|-sidestart|p1: Prtbl_Trash|move: Toxic Spikes\n|drag|p2a: Toxapex|Toxapex, F|100\/100 brn\n|\n|-heal|p1a: Appletun|99\/100|[from] item: Leftovers\n|-damage|p2a: Toxapex|94\/100 brn|[from] brn\n|upkeep\n|turn|28\n|\n|t:|1700188752\n|switch|p2a: Glimmora|Glimmora, M|27\/100\n|move|p1a: Appletun|Apple Acid|p2a: Glimmora\n|-damage|p2a: Glimmora|0 fnt\n|faint|p2a: Glimmora\n|\n|-heal|p1a: Appletun|100\/100|[from] item: Leftovers\n|upkeep\n|inactive|Toasttea64 has 120 seconds left.\n|inactive|Toasttea64 has 90 seconds left.\n|\n|t:|1700188831\n|switch|p2a: Toxapex|Toxapex, F|100\/100 brn\n|turn|29\n|c|\u2606Toasttea64|Nah bro. You got this\n|c|\u2606Toasttea64|I\u2019m out\n|c|\u2606Toasttea64|GG\n|inactive|Toasttea64 has 60 seconds left.\n|c|\u2606Prtbl_Trash|Gg\n|-message|Toasttea64 forfeited.\n|\n|win|Prtbl_Trash\n|raw|Prtbl_Trash's rating: 1107 &rarr; <strong>1136<\/strong><br \/>(+29 for winning)\n|raw|Toasttea64's rating: 1167 &rarr; <strong>1138<\/strong><br \/>(-29 for losing)\n|l|\u2606Toasttea64\n","uploadtime":1700188888,"views":9,"p1id":"prtbltrash","p2id":"toasttea64","formatid":"gen9ou","rating":1136,"private":0,"password":""}