{"id":"gen9ou-1994171151","p1":"Master MatMart","p2":"Weirdmenace","format":"[Gen 9] OU","log":"|j|\u2606Master MatMart\n|j|\u2606Weirdmenace\n|t:|1700415053\n|gametype|singles\n|player|p1|Master MatMart|byron|1219\n|player|p2|Weirdmenace|caitlin|1191\n|teamsize|p1|6\n|teamsize|p2|6\n|gen|9\n|tier|[Gen 9] OU\n|rated|\n|rule|Sleep Clause Mod: Limit one foe put to sleep\n|rule|Species Clause: Limit one of each Pok\u00e9mon\n|rule|OHKO Clause: OHKO moves are banned\n|rule|Evasion Items Clause: Evasion items are banned\n|rule|Evasion Moves Clause: Evasion moves are banned\n|rule|Endless Battle Clause: Forcing endless battles is banned\n|rule|HP Percentage Mod: HP is shown in percentages\n|clearpoke\n|poke|p1|Masquerain, M|\n|poke|p1|Dragapult, M|\n|poke|p1|Breloom, M|\n|poke|p1|Gholdengo|\n|poke|p1|Kingambit, M|\n|poke|p1|Azumarill, M|\n|poke|p2|Rillaboom, F|\n|poke|p2|Sneasler, F|\n|poke|p2|Hatterene, F|\n|poke|p2|Kingambit, F|\n|poke|p2|Kommo-o, F|\n|poke|p2|Greninja-*, M|\n|teampreview\n|inactive|Battle timer is ON: inactive players will automatically lose when time's up. (requested by Weirdmenace)\n|c|\u2606Weirdmenace|No rimbombee?\n|\n|t:|1700415103\n|start\n|switch|p1a: Sticky Fingers|Masquerain, M|100\/100\n|switch|p2a: Rillaboom|Rillaboom, F|100\/100\n|-fieldstart|move: Grassy Terrain|[from] ability: Grassy Surge|[of] p2a: Rillaboom\n|-ability|p1a: Sticky Fingers|Intimidate|boost\n|-unboost|p2a: Rillaboom|atk|1\n|turn|1\n|c|\u2606Weirdmenace|That\u2019s better for sticky web\n|\n|t:|1700415112\n|move|p2a: Rillaboom|U-turn|p1a: Sticky Fingers\n|-resisted|p1a: Sticky Fingers\n|-damage|p1a: Sticky Fingers|84\/100\n|\n|t:|1700415115\n|switch|p2a: Hatterene|Hatterene, F|100\/100|[from] U-turn\n|move|p1a: Sticky Fingers|U-turn|p2a: Hatterene\n|-damage|p2a: Hatterene|89\/100\n|c|\u2606Master MatMart|i like masquerain\n|c|\u2606Weirdmenace|It\u2019s not bad either, glhf\n|inactive|Master MatMart has 120 seconds left.\n|\n|t:|1700415149\n|switch|p1a: Gholden Experience|Gholdengo|100\/100|[from] U-turn\n|\n|-heal|p2a: Hatterene|95\/100|[from] Grassy Terrain\n|-heal|p2a: Hatterene|100\/100|[from] item: Leftovers\n|upkeep\n|turn|2\n|c|\u2606Master MatMart|glhf\n|\n|t:|1700415159\n|switch|p2a: Greninja|Greninja, M|100\/100\n|move|p1a: Gholden Experience|Nasty Plot|p1a: Gholden Experience\n|-boost|p1a: Gholden Experience|spa|2\n|\n|upkeep\n|turn|3\n|inactive|Master MatMart has 120 seconds left.\n|\n|t:|1700415174\n|-terastallize|p1a: Gholden Experience|Flying\n|move|p2a: Greninja|Dark Pulse|p1a: Gholden Experience\n|-damage|p1a: Gholden Experience|42\/100\n|move|p1a: Gholden Experience|Make It Rain|p2a: Greninja\n|-resisted|p2a: Greninja\n|-damage|p2a: Greninja|3\/100\n|-unboost|p1a: Gholden Experience|spa|1\n|\n|-heal|p2a: Greninja|9\/100|[from] Grassy Terrain\n|upkeep\n|turn|4\n|c|\u2606Weirdmenace|Also I love the jojo names\n|inactive|Master MatMart has 120 seconds left.\n|c|\u2606Master MatMart|those are theo nly two jojo names sadly\n|\n|t:|1700415201\n|move|p2a: Greninja|Dark Pulse|p1a: Gholden Experience\n|-damage|p1a: Gholden Experience|0 fnt\n|faint|p1a: Gholden Experience\n|-ability|p2a: Greninja|Battle Bond|boost\n|-boost|p2a: Greninja|atk|1\n|-boost|p2a: Greninja|spa|1\n|-boost|p2a: Greninja|spe|1\n|-activate|p2a: Greninja|ability: Battle Bond\n|\n|-heal|p2a: Greninja|15\/100|[from] Grassy Terrain\n|upkeep\n|c|\u2606Weirdmenace|No way, you missed the chance to call gambit king crimson\n|inactive|Master MatMart has 90 seconds left.\n|c|\u2606Master MatMart|i watched jojo but tbh i copy pasted this from online\n|c|\u2606Master MatMart|im bad at making my own teams\n|l|\u2606Weirdmenace\n|inactive|Weirdmenace disconnected and has a minute to reconnect!\n|player|p2|\n|j|\u2606Weirdmenace\n|inactive|Weirdmenace reconnected.\n|player|p2|Weirdmenace|caitlin\n|\n|t:|1700415248\n|switch|p1a: PVZ|Breloom, M|100\/100\n|turn|5\n|c|\u2606Weirdmenace|Me fr\n|\n|t:|1700415267\n|switch|p2a: Kommo-o|Kommo-o, F|100\/100\n|move|p1a: PVZ|Spore|p2a: Kommo-o\n|-status|p2a: Kommo-o|slp|[from] move: Spore\n|\n|-fieldend|move: Grassy Terrain\n|upkeep\n|turn|6\n|\n|t:|1700415276\n|cant|p2a: Kommo-o|slp\n|move|p1a: PVZ|Bulldoze|p2a: Kommo-o\n|-damage|p2a: Kommo-o|67\/100 slp\n|-unboost|p2a: Kommo-o|spe|1\n|\n|upkeep\n|turn|7\n|\n|t:|1700415285\n|move|p1a: PVZ|Bulldoze|p2a: Kommo-o\n|-damage|p2a: Kommo-o|33\/100 slp\n|-unboost|p2a: Kommo-o|spe|1\n|cant|p2a: Kommo-o|slp\n|\n|upkeep\n|turn|8\n|\n|t:|1700415292\n|switch|p2a: Rillaboom|Rillaboom, F|100\/100\n|-fieldstart|move: Grassy Terrain|[from] ability: Grassy Surge|[of] p2a: Rillaboom\n|move|p1a: PVZ|Bulldoze|p2a: Rillaboom\n|-resisted|p2a: Rillaboom\n|-damage|p2a: Rillaboom|90\/100\n|-unboost|p2a: Rillaboom|spe|1\n|\n|-heal|p2a: Rillaboom|96\/100|[from] Grassy Terrain\n|upkeep\n|turn|9\n|inactive|Master MatMart has 90 seconds left.\n|\n|t:|1700415301\n|switch|p1a: Sticky Fingers|Masquerain, M|84\/100\n|-ability|p1a: Sticky Fingers|Intimidate|boost\n|-unboost|p2a: Rillaboom|atk|1\n|move|p2a: Rillaboom|U-turn|p1a: Sticky Fingers\n|-resisted|p1a: Sticky Fingers\n|-damage|p1a: Sticky Fingers|68\/100\n|\n|t:|1700415306\n|switch|p2a: Hatterene|Hatterene, F|100\/100|[from] U-turn\n|\n|upkeep\n|turn|10\n|\n|t:|1700415312\n|move|p1a: Sticky Fingers|U-turn|p2a: Hatterene\n|-damage|p2a: Hatterene|89\/100\n|\n|t:|1700415320\n|switch|p1a: Massacre|Azumarill, M|100\/100|[from] U-turn\n|move|p2a: Hatterene|Nuzzle|p1a: Massacre\n|-supereffective|p1a: Massacre\n|-damage|p1a: Massacre|92\/100\n|-status|p1a: Massacre|par\n|\n|-heal|p2a: Hatterene|95\/100|[from] Grassy Terrain\n|-heal|p2a: Hatterene|100\/100|[from] item: Leftovers\n|-heal|p1a: Massacre|99\/100 par|[from] Grassy Terrain\n|upkeep\n|turn|11\n|inactive|Master MatMart has 90 seconds left.\n|\n|t:|1700415350\n|move|p2a: Hatterene|Calm Mind|p2a: Hatterene\n|-boost|p2a: Hatterene|spa|1\n|-boost|p2a: Hatterene|spd|1\n|move|p1a: Massacre|Play Rough|p2a: Hatterene\n|-damage|p2a: Hatterene|35\/100\n|\n|-heal|p2a: Hatterene|41\/100|[from] Grassy Terrain\n|-heal|p2a: Hatterene|47\/100|[from] item: Leftovers\n|-heal|p1a: Massacre|100\/100 par|[from] Grassy Terrain\n|upkeep\n|turn|12\n|inactive|Master MatMart has 90 seconds left.\n|\n|t:|1700415359\n|move|p2a: Hatterene|Draining Kiss|p1a: Massacre\n|-damage|p1a: Massacre|63\/100 par\n|-heal|p2a: Hatterene|80\/100|[from] drain|[of] p1a: Massacre\n|cant|p1a: Massacre|par\n|\n|-heal|p2a: Hatterene|86\/100|[from] Grassy Terrain\n|-heal|p2a: Hatterene|92\/100|[from] item: Leftovers\n|-heal|p1a: Massacre|69\/100 par|[from] Grassy Terrain\n|-fieldend|move: Grassy Terrain\n|upkeep\n|turn|13\n|\n|t:|1700415368\n|move|p2a: Hatterene|Psyshock|p1a: Massacre\n|-damage|p1a: Massacre|14\/100 par\n|move|p1a: Massacre|Play Rough|p2a: Hatterene\n|-damage|p2a: Hatterene|20\/100\n|\n|-heal|p2a: Hatterene|26\/100|[from] item: Leftovers\n|upkeep\n|turn|14\n|\n|t:|1700415375\n|move|p2a: Hatterene|Draining Kiss|p1a: Massacre\n|-damage|p1a: Massacre|0 fnt\n|-heal|p2a: Hatterene|38\/100|[from] drain|[of] p1a: Massacre\n|faint|p1a: Massacre\n|\n|-heal|p2a: Hatterene|44\/100|[from] item: Leftovers\n|upkeep\n|\n|t:|1700415384\n|switch|p1a: Thuggapult|Dragapult, M|100\/100\n|turn|15\n|\n|t:|1700415387\n|switch|p2a: Kommo-o|Kommo-o, F|33\/100 slp\n|move|p1a: Thuggapult|Shadow Ball|p2a: Kommo-o\n|-immune|p2a: Kommo-o|[from] ability: Bulletproof\n|\n|upkeep\n|turn|16\n|\n|t:|1700415394\n|switch|p1a: PVZ|Breloom, M|100\/100\n|cant|p2a: Kommo-o|slp\n|\n|upkeep\n|turn|17\n|\n|t:|1700415401\n|-curestatus|p2a: Kommo-o|slp|[msg]\n|move|p2a: Kommo-o|Flamethrower|p1a: PVZ\n|-supereffective|p1a: PVZ\n|-damage|p1a: PVZ|3\/100\n|move|p1a: PVZ|Bulldoze|p2a: Kommo-o\n|-damage|p2a: Kommo-o|0 fnt\n|faint|p2a: Kommo-o\n|\n|upkeep\n|\n|t:|1700415409\n|switch|p2a: Rillaboom|Rillaboom, F|96\/100\n|-fieldstart|move: Grassy Terrain|[from] ability: Grassy Surge|[of] p2a: Rillaboom\n|turn|18\n|\n|t:|1700415412\n|move|p1a: PVZ|Mach Punch|p2a: Rillaboom\n|-damage|p2a: Rillaboom|61\/100\n|move|p2a: Rillaboom|U-turn|p1a: PVZ\n|-damage|p1a: PVZ|0 fnt\n|faint|p1a: PVZ\n|\n|t:|1700415424\n|switch|p2a: Greninja|Greninja, M|15\/100|[from] U-turn\n|\n|-heal|p2a: Greninja|20\/100|[from] Grassy Terrain\n|upkeep\n|\n|t:|1700415430\n|switch|p1a: Thuggapult|Dragapult, M|100\/100\n|turn|19\n|\n|t:|1700415434\n|move|p2a: Greninja|Water Shuriken|p1a: Thuggapult\n|-resisted|p1a: Thuggapult\n|-crit|p1a: Thuggapult\n|-damage|p1a: Thuggapult|90\/100\n|-resisted|p1a: Thuggapult\n|-damage|p1a: Thuggapult|83\/100\n|-hitcount|p1a: Thuggapult|2\n|move|p1a: Thuggapult|U-turn|p2a: Greninja\n|-supereffective|p2a: Greninja\n|-damage|p2a: Greninja|0 fnt\n|faint|p2a: Greninja\n|\n|t:|1700415443\n|switch|p1a: Sticky Fingers|Masquerain, M|68\/100|[from] U-turn\n|\n|upkeep\n|\n|t:|1700415446\n|switch|p2a: Hatterene|Hatterene, F|44\/100\n|turn|20\n|\n|t:|1700415451\n|move|p1a: Sticky Fingers|Hurricane|p2a: Hatterene\n|-crit|p2a: Hatterene\n|-damage|p2a: Hatterene|0 fnt\n|faint|p2a: Hatterene\n|\n|upkeep\n|\n|t:|1700415455\n|switch|p2a: Sneasler|Sneasler, F|100\/100\n|-enditem|p2a: Sneasler|Grassy Seed\n|-boost|p2a: Sneasler|def|1|[from] item: Grassy Seed\n|turn|21\n|\n|t:|1700415466\n|-terastallize|p2a: Sneasler|Flying\n|move|p2a: Sneasler|Swords Dance|p2a: Sneasler\n|-boost|p2a: Sneasler|atk|2\n|move|p1a: Sticky Fingers|Hurricane|p2a: Sneasler|[miss]\n|-miss|p1a: Sticky Fingers|p2a: Sneasler\n|\n|upkeep\n|turn|22\n|\n|t:|1700415473\n|move|p2a: Sneasler|Dire Claw|p1a: Sticky Fingers\n|-damage|p1a: Sticky Fingers|0 fnt\n|faint|p1a: Sticky Fingers\n|\n|-fieldend|move: Grassy Terrain\n|upkeep\n|\n|t:|1700415484\n|switch|p1a: Conqueror's Haki|Kingambit, M|100\/100\n|-activate|p1a: Conqueror's Haki|ability: Supreme Overlord\n|-start|p1a: Conqueror's Haki|fallen4|[silent]\n|turn|23\n|\n|t:|1700415495\n|move|p2a: Sneasler|Close Combat|p1a: Conqueror's Haki\n|-supereffective|p1a: Conqueror's Haki\n|-damage|p1a: Conqueror's Haki|0 fnt\n|-unboost|p2a: Sneasler|def|1\n|-unboost|p2a: Sneasler|spd|1\n|faint|p1a: Conqueror's Haki\n|-end|p1a: Conqueror's Haki|fallen4|[silent]\n|\n|upkeep\n|\n|t:|1700415502\n|switch|p1a: Thuggapult|Dragapult, M|83\/100\n|turn|24\n|\n|t:|1700415505\n|move|p2a: Sneasler|Acrobatics|p1a: Thuggapult\n|-damage|p1a: Thuggapult|0 fnt\n|faint|p1a: Thuggapult\n|\n|win|Weirdmenace\n|raw|Master MatMart's rating: 1219 &rarr; <strong>1192<\/strong><br \/>(-27 for losing)\n|raw|Weirdmenace's rating: 1191 &rarr; <strong>1218<\/strong><br \/>(+27 for winning)\n|c|\u2606Weirdmenace|Gg\n|c|\u2606Master MatMart|gg\n|l|\u2606Weirdmenace\n","uploadtime":1700415513,"views":6,"p1id":"mastermatmart","p2id":"weirdmenace","formatid":"gen9ou","rating":1192,"private":0,"password":""}