{"id":"gen9ou-1993772135","p1":"Nicko61921","p2":"dia-sre","format":"[Gen 9] OU","log":"|j|\u2606Nicko61921\n|j|\u2606dia-sre\n|t:|1700355410\n|gametype|singles\n|player|p1|Nicko61921|benga|1621\n|player|p2|dia-sre|101|1712\n|teamsize|p1|6\n|teamsize|p2|6\n|gen|9\n|tier|[Gen 9] OU\n|rated|\n|rule|Sleep Clause Mod: Limit one foe put to sleep\n|rule|Species Clause: Limit one of each Pok\u00e9mon\n|rule|OHKO Clause: OHKO moves are banned\n|rule|Evasion Items Clause: Evasion items are banned\n|rule|Evasion Moves Clause: Evasion moves are banned\n|rule|Endless Battle Clause: Forcing endless battles is banned\n|rule|HP Percentage Mod: HP is shown in percentages\n|clearpoke\n|poke|p1|Hawlucha, M|\n|poke|p1|Clefable, M|\n|poke|p1|Rotom-Wash|\n|poke|p1|Ting-Lu|\n|poke|p1|Cinderace, F|\n|poke|p1|Corviknight, F|\n|poke|p2|Garchomp, F|\n|poke|p2|Gholdengo|\n|poke|p2|Goodra-Hisui, F|\n|poke|p2|Muk-Alola, F|\n|poke|p2|Weezing-Galar, F|\n|poke|p2|Zapdos-Galar|\n|teampreview\n|inactive|Battle timer is ON: inactive players will automatically lose when time's up. (requested by dia-sre)\n|\n|t:|1700355427\n|start\n|switch|p1a: Ting-Lu|Ting-Lu|100\/100\n|switch|p2a: Muk|Muk-Alola, F|100\/100\n|-ability|p1a: Ting-Lu|Vessel of Ruin\n|turn|1\n|\n|t:|1700355453\n|switch|p2a: Weezing|Weezing-Galar, F|100\/100\n|move|p1a: Ting-Lu|Earthquake|p2a: Weezing\n|-immune|p2a: Weezing|[from] ability: Levitate\n|\n|upkeep\n|turn|2\n|inactive|Nicko61921 has 120 seconds left.\n|\n|t:|1700355468\n|switch|p1a: Pele|Cinderace, F, shiny|100\/100\n|move|p2a: Weezing|Will-O-Wisp|p1a: Pele\n|-immune|p1a: Pele\n|\n|upkeep\n|turn|3\n|\n|t:|1700355477\n|switch|p2a: Garchomp|Garchomp, F|100\/100\n|move|p1a: Pele|Pyro Ball|p2a: Garchomp\n|-resisted|p2a: Garchomp\n|-damage|p2a: Garchomp|83\/100\n|\n|upkeep\n|turn|4\n|\n|t:|1700355490\n|move|p1a: Pele|High Jump Kick|p2a: Garchomp\n|-start|p1a: Pele|typechange|Fighting|[from] ability: Libero\n|-damage|p2a: Garchomp|43\/100\n|-damage|p1a: Pele|88\/100|[from] ability: Rough Skin|[of] p2a: Garchomp\n|-damage|p1a: Pele|72\/100|[from] item: Rocky Helmet|[of] p2a: Garchomp\n|move|p2a: Garchomp|Earthquake|p1a: Pele\n|-damage|p1a: Pele|12\/100\n|\n|upkeep\n|turn|5\n|inactive|Nicko61921 has 120 seconds left.\n|\n|t:|1700355538\n|switch|p1a: Valerie|Corviknight, F, shiny|100\/100\n|-ability|p1a: Valerie|Pressure\n|move|p2a: Garchomp|Stealth Rock|p1a: Valerie\n|-sidestart|p1: Nicko61921|move: Stealth Rock\n|\n|upkeep\n|turn|6\n|\n|t:|1700355541\n|switch|p2a: Gholdengo|Gholdengo|100\/100\n|move|p1a: Valerie|Bulk Up|p1a: Valerie\n|-boost|p1a: Valerie|atk|1\n|-boost|p1a: Valerie|def|1\n|\n|upkeep\n|turn|7\n|\n|t:|1700355550\n|move|p2a: Gholdengo|Thunderbolt|p1a: Valerie\n|-supereffective|p1a: Valerie\n|-damage|p1a: Valerie|48\/100\n|-enditem|p1a: Valerie|Weakness Policy\n|-boost|p1a: Valerie|atk|2|[from] item: Weakness Policy\n|-boost|p1a: Valerie|spa|2|[from] item: Weakness Policy\n|move|p1a: Valerie|Agility|p1a: Valerie\n|-boost|p1a: Valerie|spe|2\n|\n|upkeep\n|turn|8\n|inactive|Nicko61921 has 120 seconds left.\n|inactive|Nicko61921 has 90 seconds left.\n|\n|t:|1700355604\n|-terastallize|p1a: Valerie|Dark\n|move|p2a: Gholdengo|Thunderbolt|p1a: Valerie\n|-damage|p1a: Valerie|25\/100\n|move|p1a: Valerie|Roost|p1a: Valerie\n|-heal|p1a: Valerie|75\/100\n|\n|upkeep\n|turn|9\n|\n|t:|1700355610\n|switch|p2a: Zapdos|Zapdos-Galar|100\/100\n|move|p1a: Valerie|Bulk Up|p1a: Valerie\n|-boost|p1a: Valerie|atk|1\n|-boost|p1a: Valerie|def|1\n|\n|upkeep\n|turn|10\n|inactive|Nicko61921 has 90 seconds left.\n|\n|t:|1700355621\n|move|p2a: Zapdos|Close Combat|p1a: Valerie\n|-supereffective|p1a: Valerie\n|-damage|p1a: Valerie|21\/100\n|-unboost|p2a: Zapdos|def|1\n|-unboost|p2a: Zapdos|spd|1\n|move|p1a: Valerie|Power Trip|p2a: Zapdos\n|-resisted|p2a: Zapdos\n|-damage|p2a: Zapdos|0 fnt\n|faint|p2a: Zapdos\n|\n|upkeep\n|\n|t:|1700355639\n|switch|p2a: Gholdengo|Gholdengo|100\/100\n|turn|11\n|inactive|Nicko61921 has 90 seconds left.\n|\n|t:|1700355653\n|move|p2a: Gholdengo|Make It Rain|p1a: Valerie\n|-damage|p1a: Valerie|0 fnt\n|-unboost|p2a: Gholdengo|spa|1\n|faint|p1a: Valerie\n|\n|upkeep\n|inactive|Nicko61921 has 90 seconds left.\n|j| Ctannn\n|\n|t:|1700355664\n|switch|p1a: Mi No Sabe|Hawlucha, M|100\/100\n|-damage|p1a: Mi No Sabe|88\/100|[from] Stealth Rock\n|turn|12\n|j| peepeepoopoo72\n|\n|t:|1700355675\n|move|p2a: Gholdengo|Make It Rain|p1a: Mi No Sabe\n|-damage|p1a: Mi No Sabe|21\/100\n|-unboost|p2a: Gholdengo|spa|1\n|move|p1a: Mi No Sabe|Swords Dance|p1a: Mi No Sabe\n|-boost|p1a: Mi No Sabe|atk|2\n|\n|upkeep\n|turn|13\n|\n|t:|1700355680\n|move|p2a: Gholdengo|Make It Rain|p1a: Mi No Sabe\n|-damage|p1a: Mi No Sabe|0 fnt\n|-unboost|p2a: Gholdengo|spa|1\n|faint|p1a: Mi No Sabe\n|\n|upkeep\n|inactive|Nicko61921 has 90 seconds left.\n|\n|t:|1700355706\n|switch|p1a: Kirby|Clefable, M|100\/100\n|turn|14\n|\n|t:|1700355711\n|switch|p2a: Muk|Muk-Alola, F|100\/100\n|move|p1a: Kirby|Calm Mind|p1a: Kirby\n|-boost|p1a: Kirby|spa|1\n|-boost|p1a: Kirby|spd|1\n|\n|upkeep\n|turn|15\n|\n|t:|1700355716\n|move|p1a: Kirby|Moonblast|p2a: Muk\n|-damage|p2a: Muk|61\/100\n|-unboost|p2a: Muk|spa|1\n|move|p2a: Muk|Poison Jab|p1a: Kirby\n|-supereffective|p1a: Kirby\n|-damage|p1a: Kirby|28\/100\n|-status|p1a: Kirby|psn|[from] ability: Poison Touch|[of] p2a: Muk\n|\n|upkeep\n|turn|16\n|\n|t:|1700355725\n|move|p1a: Kirby|Moonblast|p2a: Muk\n|-damage|p2a: Muk|20\/100\n|move|p2a: Muk|Poison Jab|p1a: Kirby\n|-supereffective|p1a: Kirby\n|-damage|p1a: Kirby|0 fnt\n|faint|p1a: Kirby\n|\n|upkeep\n|-message|Nicko61921 forfeited.\n|\n|win|dia-sre\n|raw|Nicko61921's rating: 1621 &rarr; <strong>1606<\/strong><br \/>(-15 for losing)\n|raw|dia-sre's rating: 1712 &rarr; <strong>1727<\/strong><br \/>(+15 for winning)\n|l|\u2606Nicko61921\n|l|\u2606dia-sre\n","uploadtime":1700355748,"views":30,"p1id":"nicko61921","p2id":"diasre","formatid":"gen9ou","rating":1606,"private":0,"password":""}