{"id":"gen9ou-1989727160","p1":"Choccy milk lover","p2":"PinkPantera","format":"[Gen 9] OU","log":"|j|\u2606Choccy milk lover\n|j|\u2606PinkPantera\n|t:|1699890540\n|gametype|singles\n|player|p1|Choccy milk lover|n|1076\n|player|p2|PinkPantera|musician-gen9|1172\n|teamsize|p1|6\n|teamsize|p2|6\n|gen|9\n|tier|[Gen 9] OU\n|rated|\n|rule|Sleep Clause Mod: Limit one foe put to sleep\n|rule|Species Clause: Limit one of each Pok\u00e9mon\n|rule|OHKO Clause: OHKO moves are banned\n|rule|Evasion Items Clause: Evasion items are banned\n|rule|Evasion Moves Clause: Evasion moves are banned\n|rule|Endless Battle Clause: Forcing endless battles is banned\n|rule|HP Percentage Mod: HP is shown in percentages\n|clearpoke\n|poke|p1|Raichu-Alola, F|\n|poke|p1|Ceruledge, F|\n|poke|p1|Ogerpon-Wellspring, F|\n|poke|p1|Great Tusk|\n|poke|p1|Enamorus, F|\n|poke|p1|Kingambit, F|\n|poke|p2|Moltres-Galar|\n|poke|p2|Blissey, F|\n|poke|p2|Gholdengo|\n|poke|p2|Ribombee, F|\n|poke|p2|Great Tusk|\n|poke|p2|Torkoal, M|\n|teampreview\n|inactive|Battle timer is ON: inactive players will automatically lose when time's up. (requested by PinkPantera)\n|\n|t:|1699890545\n|start\n|switch|p1a: Angeldust|Enamorus, F, shiny|100\/100\n|switch|p2a: Winged Dragon Ra|Moltres-Galar, shiny|100\/100\n|turn|1\n|\n|t:|1699890554\n|move|p1a: Angeldust|Superpower|p2a: Winged Dragon Ra\n|-damage|p2a: Winged Dragon Ra|57\/100\n|-boost|p1a: Angeldust|atk|1\n|-boost|p1a: Angeldust|def|1\n|move|p2a: Winged Dragon Ra|Agility|p2a: Winged Dragon Ra\n|-boost|p2a: Winged Dragon Ra|spe|2\n|\n|upkeep\n|turn|2\n|\n|t:|1699890565\n|move|p2a: Winged Dragon Ra|Air Slash|p1a: Angeldust\n|-damage|p1a: Angeldust|61\/100\n|cant|p1a: Angeldust|flinch\n|\n|upkeep\n|turn|3\n|\n|t:|1699890571\n|move|p2a: Winged Dragon Ra|Air Slash|p1a: Angeldust\n|-damage|p1a: Angeldust|24\/100\n|move|p1a: Angeldust|Superpower|p2a: Winged Dragon Ra\n|-damage|p2a: Winged Dragon Ra|0 fnt\n|-boost|p1a: Angeldust|atk|1\n|-boost|p1a: Angeldust|def|1\n|faint|p2a: Winged Dragon Ra\n|\n|upkeep\n|\n|t:|1699890590\n|switch|p2a: Ribombee|Ribombee, F, shiny|100\/100\n|turn|4\n|\n|t:|1699890595\n|move|p2a: Ribombee|Quiver Dance|p2a: Ribombee\n|-boost|p2a: Ribombee|spa|1\n|-boost|p2a: Ribombee|spd|1\n|-boost|p2a: Ribombee|spe|1\n|move|p1a: Angeldust|Sludge Bomb|p2a: Ribombee\n|-supereffective|p2a: Ribombee\n|-damage|p2a: Ribombee|42\/100\n|\n|upkeep\n|turn|5\n|\n|t:|1699890601\n|move|p2a: Ribombee|Dazzling Gleam|p1a: Angeldust\n|-damage|p1a: Angeldust|0 fnt\n|faint|p1a: Angeldust\n|\n|upkeep\n|\n|t:|1699890608\n|switch|p1a: 1.21|Raichu-Alola, F, shiny|100\/100\n|turn|6\n|\n|t:|1699890612\n|move|p1a: 1.21|Fake Out|p2a: Ribombee\n|-damage|p2a: Ribombee|27\/100\n|move|p2a: Ribombee|Bug Buzz|p1a: 1.21\n|-supereffective|p1a: 1.21\n|-damage|p1a: 1.21|0 fnt\n|faint|p1a: 1.21\n|\n|upkeep\n|\n|t:|1699890624\n|switch|p1a: Void|Ceruledge, F|100\/100\n|turn|7\n|c|\u2606PinkPantera|sheild dust ftw!!!!\n|inactive|PinkPantera has 120 seconds left.\n|\n|t:|1699890667\n|move|p1a: Void|Shadow Sneak|p2a: Ribombee\n|-damage|p2a: Ribombee|0 fnt\n|faint|p2a: Ribombee\n|\n|upkeep\n|c|\u2606Choccy milk lover|Haha that\u2019s honestly a great move and I can\u2019t even be mad XD\n|\n|t:|1699890689\n|switch|p2a: Great Tusk|Great Tusk, shiny|100\/100\n|turn|8\n|\n|t:|1699890699\n|move|p1a: Void|Shadow Sneak|p2a: Great Tusk\n|-damage|p2a: Great Tusk|87\/100\n|move|p2a: Great Tusk|Earthquake|p1a: Void\n|-supereffective|p1a: Void\n|-damage|p1a: Void|0 fnt\n|faint|p1a: Void\n|\n|upkeep\n|\n|t:|1699890704\n|switch|p1a: Oni|Ogerpon-Wellspring, F|100\/100\n|turn|9\n|\n|t:|1699890711\n|-end|p2a: Great Tusk|Protosynthesis|[silent]\n|switch|p2a: Torkoal|Torkoal, M, shiny|100\/100\n|-weather|SunnyDay|[from] ability: Drought|[of] p2a: Torkoal\n|-terastallize|p1a: Oni|Water\n|detailschange|p1a: Oni|Ogerpon-Wellspring-Tera, F, tera:Water\n|-ability|p1a: Oni|Embody Aspect (Wellspring)|boost\n|-boost|p1a: Oni|spd|1\n|move|p1a: Oni|Ivy Cudgel|p2a: Torkoal\n|-supereffective|p2a: Torkoal\n|-damage|p2a: Torkoal|28\/100\n|\n|-weather|SunnyDay|[upkeep]\n|upkeep\n|turn|10\n|\n|t:|1699890716\n|move|p1a: Oni|Ivy Cudgel|p2a: Torkoal\n|-supereffective|p2a: Torkoal\n|-damage|p2a: Torkoal|0 fnt\n|faint|p2a: Torkoal\n|\n|-weather|SunnyDay|[upkeep]\n|upkeep\n|\n|t:|1699890724\n|switch|p2a: Bong Marley|Gholdengo, shiny|100\/100\n|turn|11\n|\n|t:|1699890731\n|move|p1a: Oni|Ivy Cudgel|p2a: Bong Marley\n|-damage|p2a: Bong Marley|58\/100\n|move|p2a: Bong Marley|Shadow Ball|p1a: Oni\n|-damage|p1a: Oni|57\/100\n|-damage|p2a: Bong Marley|48\/100|[from] item: Life Orb\n|\n|-weather|SunnyDay|[upkeep]\n|upkeep\n|turn|12\n|\n|t:|1699890739\n|move|p1a: Oni|Ivy Cudgel|p2a: Bong Marley\n|-crit|p2a: Bong Marley\n|-damage|p2a: Bong Marley|0 fnt\n|faint|p2a: Bong Marley\n|\n|-weather|SunnyDay|[upkeep]\n|upkeep\n|\n|t:|1699890744\n|switch|p2a: Ms. Egghead|Blissey, F, shiny|100\/100\n|turn|13\n|\n|t:|1699890747\n|move|p1a: Oni|Swords Dance|p1a: Oni\n|-boost|p1a: Oni|atk|2\n|move|p2a: Ms. Egghead|Thunder Wave|p1a: Oni\n|-status|p1a: Oni|par\n|\n|-weather|none\n|upkeep\n|turn|14\n|\n|t:|1699890754\n|move|p1a: Oni|Swords Dance|p1a: Oni\n|-boost|p1a: Oni|atk|2\n|move|p2a: Ms. Egghead|Seismic Toss|p1a: Oni\n|-damage|p1a: Oni|24\/100 par\n|\n|upkeep\n|turn|15\n|\n|t:|1699890756\n|move|p1a: Oni|Horn Leech|p2a: Ms. Egghead\n|-crit|p2a: Ms. Egghead\n|-damage|p2a: Ms. Egghead|0 fnt\n|-heal|p1a: Oni|100\/100 par|[from] drain|[of] p2a: Ms. Egghead\n|faint|p2a: Ms. Egghead\n|\n|upkeep\n|\n|t:|1699890759\n|switch|p2a: Great Tusk|Great Tusk, shiny|87\/100\n|turn|16\n|c|\u2606PinkPantera|gg\n|\n|t:|1699890765\n|move|p2a: Great Tusk|Close Combat|p1a: Oni\n|-damage|p1a: Oni|16\/100 par\n|-unboost|p2a: Great Tusk|def|1\n|-unboost|p2a: Great Tusk|spd|1\n|move|p1a: Oni|Ivy Cudgel|p2a: Great Tusk\n|-supereffective|p2a: Great Tusk\n|-damage|p2a: Great Tusk|0 fnt\n|faint|p2a: Great Tusk\n|-end|p2a: Great Tusk|Protosynthesis|[silent]\n|\n|win|Choccy milk lover\n|raw|Choccy milk lover's rating: 1076 &rarr; <strong>1112<\/strong><br \/>(+36 for winning)\n|raw|PinkPantera's rating: 1172 &rarr; <strong>1140<\/strong><br \/>(-32 for losing)\n|c|\u2606Choccy milk lover|Gg\n|l|\u2606PinkPantera\n","uploadtime":1699890788,"views":11,"p1id":"choccymilklover","p2id":"pinkpantera","formatid":"gen9ou","rating":1112,"private":0,"password":""}