{"id":"gen9ou-1991340701","p1":"jkavier","p2":"littensalt","format":"[Gen 9] OU","log":"|j|\u2606jkavier\n|j|\u2606littensalt\n|t:|1700069033\n|gametype|singles\n|player|p1|jkavier|nate|1331\n|player|p2|littensalt|calem|1360\n|teamsize|p1|6\n|teamsize|p2|6\n|gen|9\n|tier|[Gen 9] OU\n|rated|\n|rule|Sleep Clause Mod: Limit one foe put to sleep\n|rule|Species Clause: Limit one of each Pok\u00e9mon\n|rule|OHKO Clause: OHKO moves are banned\n|rule|Evasion Items Clause: Evasion items are banned\n|rule|Evasion Moves Clause: Evasion moves are banned\n|rule|Endless Battle Clause: Forcing endless battles is banned\n|rule|HP Percentage Mod: HP is shown in percentages\n|clearpoke\n|poke|p1|Quaquaval, M|\n|poke|p1|Landorus-Therian, M|\n|poke|p1|Weezing-Galar, F|\n|poke|p1|Dragapult, M|\n|poke|p1|Goodra-Hisui, F|\n|poke|p1|Blissey, F|\n|poke|p2|Thundurus-Therian, M|\n|poke|p2|Weezing-Galar, M|\n|poke|p2|Cinderace, F|\n|poke|p2|Dragapult, F|\n|poke|p2|Greninja-*, M|\n|poke|p2|Zamazenta-*|\n|teampreview\n|\n|t:|1700069044\n|start\n|switch|p1a: Landorus|Landorus-Therian, M|100\/100\n|switch|p2a: 5g|Thundurus-Therian, M, shiny|100\/100\n|-ability|p1a: Landorus|Intimidate|boost\n|-unboost|p2a: 5g|atk|1\n|turn|1\n|\n|t:|1700069054\n|switch|p2a: wheezy outta here|Weezing-Galar, M, shiny|100\/100\n|-ability|p2a: wheezy outta here|Neutralizing Gas\n|move|p1a: Landorus|U-turn|p2a: wheezy outta here\n|-resisted|p2a: wheezy outta here\n|-damage|p2a: wheezy outta here|96\/100\n|-damage|p1a: Landorus|84\/100|[from] item: Rocky Helmet|[of] p2a: wheezy outta here\n|\n|t:|1700069066\n|switch|p1a: Goodra|Goodra-Hisui, F|100\/100|[from] U-turn\n|\n|upkeep\n|turn|2\n|\n|t:|1700069076\n|-end|p2a: wheezy outta here|ability: Neutralizing Gas\n|switch|p2a: KIDS SEE GHOST|Dragapult, F, shiny|100\/100\n|move|p1a: Goodra|Heavy Slam|p2a: KIDS SEE GHOST\n|-damage|p2a: KIDS SEE GHOST|35\/100\n|\n|upkeep\n|turn|3\n|\n|t:|1700069086\n|move|p2a: KIDS SEE GHOST|U-turn|p1a: Goodra\n|-resisted|p1a: Goodra\n|-damage|p1a: Goodra|92\/100\n|\n|t:|1700069088\n|switch|p2a: wheezy outta here|Weezing-Galar, M, shiny|96\/100|[from] U-turn\n|-ability|p2a: wheezy outta here|Neutralizing Gas\n|move|p1a: Goodra|Ice Beam|p2a: wheezy outta here\n|-damage|p2a: wheezy outta here|55\/100\n|\n|upkeep\n|turn|4\n|\n|t:|1700069097\n|move|p2a: wheezy outta here|Will-O-Wisp|p1a: Goodra|[miss]\n|-miss|p2a: wheezy outta here|p1a: Goodra\n|move|p1a: Goodra|Heavy Slam|p2a: wheezy outta here\n|-supereffective|p2a: wheezy outta here\n|-damage|p2a: wheezy outta here|0 fnt\n|-damage|p1a: Goodra|75\/100|[from] item: Rocky Helmet|[of] p2a: wheezy outta here\n|faint|p2a: wheezy outta here\n|-end|p2a: wheezy outta here|ability: Neutralizing Gas\n|\n|upkeep\n|\n|t:|1700069106\n|switch|p2a: 5g|Thundurus-Therian, M, shiny|100\/100\n|turn|5\n|\n|t:|1700069113\n|move|p2a: 5g|Volt Switch|p1a: Goodra\n|-resisted|p1a: Goodra\n|-damage|p1a: Goodra|61\/100\n|\n|t:|1700069116\n|switch|p2a: FRANCHISE|Cinderace, F|100\/100|[from] Volt Switch\n|move|p1a: Goodra|Ice Beam|p2a: FRANCHISE\n|-resisted|p2a: FRANCHISE\n|-damage|p2a: FRANCHISE|80\/100\n|\n|upkeep\n|turn|6\n|\n|t:|1700069129\n|switch|p1a: Weezing|Weezing-Galar, F|100\/100\n|move|p2a: FRANCHISE|Pyro Ball|p1a: Weezing\n|-damage|p1a: Weezing|57\/100\n|\n|-heal|p1a: Weezing|63\/100|[from] item: Black Sludge\n|upkeep\n|turn|7\n|\n|t:|1700069146\n|switch|p2a: KIDS SEE GHOST|Dragapult, F, shiny|35\/100\n|move|p1a: Weezing|Sludge Bomb|p2a: KIDS SEE GHOST\n|-resisted|p2a: KIDS SEE GHOST\n|-damage|p2a: KIDS SEE GHOST|18\/100\n|\n|-heal|p1a: Weezing|69\/100|[from] item: Black Sludge\n|upkeep\n|turn|8\n|\n|t:|1700069154\n|switch|p1a: Blissey|Blissey, F|100\/100\n|move|p2a: KIDS SEE GHOST|U-turn|p1a: Blissey\n|-damage|p1a: Blissey|82\/100\n|\n|t:|1700069157\n|switch|p2a: FRANCHISE|Cinderace, F|80\/100|[from] U-turn\n|\n|upkeep\n|turn|9\n|\n|t:|1700069165\n|move|p2a: FRANCHISE|Pyro Ball|p1a: Blissey\n|-damage|p1a: Blissey|25\/100\n|move|p1a: Blissey|Stealth Rock|p2a: FRANCHISE\n|-sidestart|p2: littensalt|move: Stealth Rock\n|\n|upkeep\n|turn|10\n|\n|t:|1700069181\n|switch|p1a: Landorus|Landorus-Therian, M|84\/100\n|-ability|p1a: Landorus|Intimidate|boost\n|-unboost|p2a: FRANCHISE|atk|1\n|move|p2a: FRANCHISE|Pyro Ball|p1a: Landorus\n|-damage|p1a: Landorus|42\/100\n|\n|upkeep\n|turn|11\n|inactive|Battle timer is ON: inactive players will automatically lose when time's up. (requested by littensalt)\n|\n|t:|1700069208\n|move|p1a: Landorus|Earthquake|p2a: FRANCHISE\n|-supereffective|p2a: FRANCHISE\n|-damage|p2a: FRANCHISE|0 fnt\n|faint|p2a: FRANCHISE\n|\n|upkeep\n|\n|t:|1700069221\n|switch|p2a: N95|Greninja, M|100\/100\n|-damage|p2a: N95|88\/100|[from] Stealth Rock\n|turn|12\n|\n|t:|1700069228\n|switch|p1a: Quaquaval|Quaquaval, M|100\/100\n|move|p2a: N95|Dark Pulse|p1a: Quaquaval\n|-resisted|p1a: Quaquaval\n|-damage|p1a: Quaquaval|73\/100\n|-damage|p2a: N95|78\/100|[from] item: Life Orb\n|\n|-heal|p1a: Quaquaval|79\/100|[from] item: Leftovers\n|upkeep\n|turn|13\n|\n|t:|1700069234\n|move|p2a: N95|Grass Knot|p1a: Quaquaval\n|-supereffective|p1a: Quaquaval\n|-damage|p1a: Quaquaval|3\/100\n|-damage|p2a: N95|69\/100|[from] item: Life Orb\n|move|p1a: Quaquaval|Aqua Step|p2a: N95\n|-resisted|p2a: N95\n|-damage|p2a: N95|33\/100\n|-boost|p1a: Quaquaval|spe|1\n|\n|-heal|p1a: Quaquaval|9\/100|[from] item: Leftovers\n|upkeep\n|turn|14\n|\n|t:|1700069247\n|move|p2a: N95|Water Shuriken|p1a: Quaquaval\n|-resisted|p1a: Quaquaval\n|-damage|p1a: Quaquaval|4\/100\n|-resisted|p1a: Quaquaval\n|-damage|p1a: Quaquaval|0 fnt\n|faint|p1a: Quaquaval\n|-ability|p2a: N95|Battle Bond|boost\n|-boost|p2a: N95|atk|1\n|-boost|p2a: N95|spa|1\n|-boost|p2a: N95|spe|1\n|-activate|p2a: N95|ability: Battle Bond\n|-hitcount|p1: Quaquaval|2\n|-damage|p2a: N95|23\/100|[from] item: Life Orb\n|\n|upkeep\n|\n|t:|1700069252\n|switch|p1a: Goodra|Goodra-Hisui, F|61\/100\n|turn|15\n|\n|t:|1700069259\n|move|p2a: N95|Dark Pulse|p1a: Goodra\n|-damage|p1a: Goodra|30\/100\n|-damage|p2a: N95|13\/100|[from] item: Life Orb\n|move|p1a: Goodra|Heavy Slam|p2a: N95\n|-resisted|p2a: N95\n|-crit|p2a: N95\n|-damage|p2a: N95|0 fnt\n|faint|p2a: N95\n|\n|upkeep\n|\n|t:|1700069277\n|switch|p2a: KIDS SEE GHOST|Dragapult, F, shiny|18\/100\n|-damage|p2a: KIDS SEE GHOST|6\/100|[from] Stealth Rock\n|turn|16\n|\n|t:|1700069288\n|switch|p1a: Blissey|Blissey, F|25\/100\n|move|p2a: KIDS SEE GHOST|Flamethrower|p1a: Blissey\n|-crit|p1a: Blissey\n|-damage|p1a: Blissey|6\/100\n|\n|upkeep\n|turn|17\n|\n|t:|1700069291\n|move|p2a: KIDS SEE GHOST|Flamethrower|p1a: Blissey\n|-crit|p1a: Blissey\n|-damage|p1a: Blissey|0 fnt\n|faint|p1a: Blissey\n|\n|upkeep\n|\n|t:|1700069299\n|switch|p1a: Landorus|Landorus-Therian, M|42\/100\n|-ability|p1a: Landorus|Intimidate|boost\n|-unboost|p2a: KIDS SEE GHOST|atk|1\n|turn|18\n|\n|t:|1700069301\n|move|p2a: KIDS SEE GHOST|Flamethrower|p1a: Landorus\n|-damage|p1a: Landorus|0 fnt\n|faint|p1a: Landorus\n|\n|upkeep\n|\n|t:|1700069312\n|switch|p1a: Goodra|Goodra-Hisui, F|30\/100\n|turn|19\n|\n|t:|1700069318\n|move|p2a: KIDS SEE GHOST|Flamethrower|p1a: Goodra\n|-damage|p1a: Goodra|10\/100\n|move|p1a: Goodra|Ice Beam|p2a: KIDS SEE GHOST\n|-supereffective|p2a: KIDS SEE GHOST\n|-damage|p2a: KIDS SEE GHOST|0 fnt\n|faint|p2a: KIDS SEE GHOST\n|\n|upkeep\n|\n|t:|1700069328\n|switch|p2a: 5g|Thundurus-Therian, M, shiny|100\/100\n|-damage|p2a: 5g|76\/100|[from] Stealth Rock\n|turn|20\n|\n|t:|1700069337\n|move|p2a: 5g|Dark Pulse|p1a: Goodra\n|-damage|p1a: Goodra|0 fnt\n|faint|p1a: Goodra\n|\n|upkeep\n|\n|t:|1700069342\n|switch|p1a: Weezing|Weezing-Galar, F|69\/100\n|turn|21\n|\n|t:|1700069350\n|move|p2a: 5g|Dark Pulse|p1a: Weezing\n|-resisted|p1a: Weezing\n|-damage|p1a: Weezing|38\/100\n|move|p1a: Weezing|Will-O-Wisp|p2a: 5g\n|-status|p2a: 5g|brn\n|\n|-heal|p1a: Weezing|44\/100|[from] item: Black Sludge\n|-damage|p2a: 5g|70\/100 brn|[from] brn\n|upkeep\n|turn|22\n|\n|t:|1700069357\n|move|p2a: 5g|Dark Pulse|p1a: Weezing\n|-resisted|p1a: Weezing\n|-crit|p1a: Weezing\n|-damage|p1a: Weezing|0 fnt\n|faint|p1a: Weezing\n|\n|-damage|p2a: 5g|64\/100 brn|[from] brn\n|upkeep\n|\n|t:|1700069361\n|switch|p1a: Dragapult|Dragapult, M, shiny|100\/100\n|turn|23\n|\n|t:|1700069366\n|-terastallize|p1a: Dragapult|Fire\n|move|p1a: Dragapult|Flamethrower|p2a: 5g\n|-damage|p2a: 5g|0 fnt\n|faint|p2a: 5g\n|\n|upkeep\n|\n|t:|1700069369\n|switch|p2a: november|Zamazenta|100\/100\n|-damage|p2a: november|94\/100|[from] Stealth Rock\n|-ability|p2a: november|Dauntless Shield|boost\n|-boost|p2a: november|def|1\n|turn|24\n|\n|t:|1700069373\n|move|p1a: Dragapult|Flamethrower|p2a: november\n|-damage|p2a: november|49\/100\n|move|p2a: november|Body Press|p1a: Dragapult\n|-damage|p1a: Dragapult|27\/100\n|\n|-heal|p2a: november|56\/100|[from] item: Leftovers\n|upkeep\n|turn|25\n|\n|t:|1700069380\n|move|p1a: Dragapult|Flamethrower|p2a: november\n|-damage|p2a: november|6\/100\n|move|p2a: november|Body Press|p1a: Dragapult\n|-damage|p1a: Dragapult|0 fnt\n|faint|p1a: Dragapult\n|\n|win|littensalt\n|raw|jkavier's rating: 1331 &rarr; <strong>1313<\/strong><br \/>(-18 for losing)\n|raw|littensalt's rating: 1360 &rarr; <strong>1378<\/strong><br \/>(+18 for winning)\n|l|\u2606jkavier\n|c|\u2606littensalt|ggwp\n","uploadtime":1700069391,"views":13,"p1id":"jkavier","p2id":"littensalt","formatid":"gen9ou","rating":1313,"private":0,"password":""}