{"id":"gen9ou-1995375547","p1":"Invlid","p2":"Onte bad","format":"[Gen 9] OU","log":"|j|\u2606Invlid\n|j|\u2606Onte bad\n|t:|1700562124\n|gametype|singles\n|player|p1|Invlid|266|1107\n|player|p2|Onte bad|101|1178\n|teamsize|p1|6\n|teamsize|p2|6\n|gen|9\n|tier|[Gen 9] OU\n|rated|\n|rule|Sleep Clause Mod: Limit one foe put to sleep\n|rule|Species Clause: Limit one of each Pok\u00e9mon\n|rule|OHKO Clause: OHKO moves are banned\n|rule|Evasion Items Clause: Evasion items are banned\n|rule|Evasion Moves Clause: Evasion moves are banned\n|rule|Endless Battle Clause: Forcing endless battles is banned\n|rule|HP Percentage Mod: HP is shown in percentages\n|clearpoke\n|poke|p1|Alomomola, F|\n|poke|p1|Slowking-Galar, F|\n|poke|p1|Kingambit, F|\n|poke|p1|Great Tusk|\n|poke|p1|Cinderace, F|\n|poke|p1|Thundurus-Therian, M|\n|poke|p2|Regidrago|\n|poke|p2|Ribombee, F|\n|poke|p2|Scizor, F|\n|poke|p2|Slowking-Galar, M|\n|poke|p2|Breloom, M|\n|poke|p2|Quaquaval, F|\n|teampreview\n|\n|t:|1700562141\n|start\n|switch|p1a: Cinderace|Cinderace, F|100\/100\n|switch|p2a: Breloom|Breloom, M|100\/100\n|turn|1\n|\n|t:|1700562145\n|move|p1a: Cinderace|Pyro Ball|p2a: Breloom\n|-supereffective|p2a: Breloom\n|-enditem|p2a: Breloom|Focus Sash\n|-damage|p2a: Breloom|1\/100\n|move|p2a: Breloom|Rock Tomb|p1a: Cinderace\n|-supereffective|p1a: Cinderace\n|-damage|p1a: Cinderace|8\/100\n|-unboost|p1a: Cinderace|spe|1\n|\n|upkeep\n|turn|2\n|\n|t:|1700562173\n|switch|p1a: Slowking|Slowking-Galar, F|100\/100\n|move|p2a: Breloom|Bullet Seed|p1a: Slowking\n|-resisted|p1a: Slowking\n|-damage|p1a: Slowking|90\/100\n|-resisted|p1a: Slowking\n|-damage|p1a: Slowking|81\/100\n|-resisted|p1a: Slowking\n|-damage|p1a: Slowking|71\/100\n|-hitcount|p1a: Slowking|3\n|\n|upkeep\n|turn|3\n|\n|t:|1700562185\n|switch|p2a: Slowking|Slowking-Galar, M|100\/100\n|move|p1a: Slowking|Sludge Bomb|p2a: Slowking\n|-resisted|p2a: Slowking\n|-damage|p2a: Slowking|91\/100\n|\n|upkeep\n|turn|4\n|\n|t:|1700562192\n|move|p2a: Slowking|Future Sight|p1a: Slowking\n|-start|p2a: Slowking|move: Future Sight\n|move|p1a: Slowking|Chilly Reception|p1a: Slowking\n|-weather|Snow\n|\n|t:|1700562200\n|switch|p1a: Kingambit|Kingambit, F|100\/100|[from] Chilly Reception\n|\n|-weather|Snow|[upkeep]\n|upkeep\n|turn|5\n|inactive|Battle timer is ON: inactive players will automatically lose when time's up. (requested by Invlid)\n|\n|t:|1700562225\n|switch|p2a: Breloom|Breloom, M|1\/100\n|move|p1a: Kingambit|Swords Dance|p1a: Kingambit\n|-boost|p1a: Kingambit|atk|2\n|\n|-weather|Snow|[upkeep]\n|upkeep\n|turn|6\n|\n|t:|1700562232\n|move|p2a: Breloom|Mach Punch|p1a: Kingambit\n|-supereffective|p1a: Kingambit\n|-damage|p1a: Kingambit|4\/100\n|move|p1a: Kingambit|Sucker Punch||[still]\n|-fail|p1a: Kingambit\n|\n|-weather|Snow|[upkeep]\n|-end|p1a: Kingambit|move: Future Sight\n|-immune|p1a: Kingambit\n|-heal|p1a: Kingambit|11\/100|[from] item: Leftovers\n|upkeep\n|turn|7\n|inactive|Invlid has 120 seconds left.\n|\n|t:|1700562262\n|-end|p1a: Kingambit|fallenundefined|[silent]\n|switch|p1a: Alomomola|Alomomola, F|100\/100\n|move|p2a: Breloom|Bullet Seed|p1a: Alomomola\n|-supereffective|p1a: Alomomola\n|-crit|p1a: Alomomola\n|-damage|p1a: Alomomola|66\/100\n|-supereffective|p1a: Alomomola\n|-damage|p1a: Alomomola|44\/100\n|-supereffective|p1a: Alomomola\n|-damage|p1a: Alomomola|19\/100\n|-supereffective|p1a: Alomomola\n|-damage|p1a: Alomomola|0 fnt\n|faint|p1a: Alomomola\n|-hitcount|p1: Alomomola|4\n|\n|-weather|Snow|[upkeep]\n|upkeep\n|inactive|Invlid has 120 seconds left.\n|-message|Invlid forfeited.\n|\n|win|Onte bad\n|raw|Invlid's rating: 1107 &rarr; <strong>1087<\/strong><br \/>(-20 for losing)\n|raw|Onte bad's rating: 1178 &rarr; <strong>1198<\/strong><br \/>(+20 for winning)\n|l|\u2606Invlid\n","uploadtime":1700562271,"views":1,"p1id":"invlid","p2id":"ontebad","formatid":"gen9ou","rating":1087,"private":0,"password":""}