{"id":"gen9ou-1989355993","p1":"Rum Fire","p2":"Monerochan","format":"[Gen 9] OU","log":"|j|\u2606Rum Fire\n|j|\u2606Monerochan\n|t:|1699840109\n|gametype|singles\n|player|p1|Rum Fire|dancer|1649\n|player|p2|Monerochan|266|1800\n|teamsize|p1|6\n|teamsize|p2|6\n|gen|9\n|tier|[Gen 9] OU\n|rated|\n|rule|Sleep Clause Mod: Limit one foe put to sleep\n|rule|Species Clause: Limit one of each Pok\u00e9mon\n|rule|OHKO Clause: OHKO moves are banned\n|rule|Evasion Items Clause: Evasion items are banned\n|rule|Evasion Moves Clause: Evasion moves are banned\n|rule|Endless Battle Clause: Forcing endless battles is banned\n|rule|HP Percentage Mod: HP is shown in percentages\n|clearpoke\n|poke|p1|Rillaboom, F|\n|poke|p1|Sneasler, F|\n|poke|p1|Zamazenta-*|\n|poke|p1|Heatran, M|\n|poke|p1|Hatterene, F|\n|poke|p1|Manaphy|\n|poke|p2|Zamazenta-*|\n|poke|p2|Moltres|\n|poke|p2|Ogerpon-Wellspring, F|\n|poke|p2|Great Tusk|\n|poke|p2|Clefable, M|\n|poke|p2|Ting-Lu|\n|teampreview\n|inactive|Battle timer is ON: inactive players will automatically lose when time's up. (requested by Rum Fire)\n|\n|t:|1699840132\n|start\n|switch|p1a: Iron Bands|Rillaboom, F|100\/100\n|switch|p2a: Ogerpon|Ogerpon-Wellspring, F|100\/100\n|-fieldstart|move: Grassy Terrain|[from] ability: Grassy Surge|[of] p1a: Iron Bands\n|turn|1\n|\n|t:|1699840135\n|switch|p2a: Moltres|Moltres|100\/100\n|move|p1a: Iron Bands|U-turn|p2a: Moltres\n|-resisted|p2a: Moltres\n|-damage|p2a: Moltres|92\/100\n|\n|t:|1699840144\n|switch|p1a: Peculiar Mixture|Manaphy|100\/100|[from] U-turn\n|\n|upkeep\n|turn|2\n|\n|t:|1699840151\n|switch|p2a: Ogerpon|Ogerpon-Wellspring, F|100\/100\n|move|p1a: Peculiar Mixture|Acid Armor|p1a: Peculiar Mixture\n|-boost|p1a: Peculiar Mixture|def|2\n|\n|upkeep\n|turn|3\n|\n|t:|1699840176\n|-terastallize|p1a: Peculiar Mixture|Poison\n|move|p2a: Ogerpon|Power Whip|p1a: Peculiar Mixture\n|-resisted|p1a: Peculiar Mixture\n|-damage|p1a: Peculiar Mixture|83\/100\n|move|p1a: Peculiar Mixture|Acid Armor|p1a: Peculiar Mixture\n|-boost|p1a: Peculiar Mixture|def|2\n|\n|-heal|p1a: Peculiar Mixture|89\/100|[from] Grassy Terrain\n|-heal|p1a: Peculiar Mixture|95\/100|[from] item: Leftovers\n|upkeep\n|turn|4\n|inactive|Rum Fire has 120 seconds left.\n|\n|t:|1699840193\n|switch|p2a: Clefable|Clefable, M|100\/100\n|move|p1a: Peculiar Mixture|Take Heart|p1a: Peculiar Mixture\n|-boost|p1a: Peculiar Mixture|spa|1\n|-boost|p1a: Peculiar Mixture|spd|1\n|\n|-heal|p1a: Peculiar Mixture|100\/100|[from] Grassy Terrain\n|upkeep\n|turn|5\n|\n|t:|1699840200\n|move|p1a: Peculiar Mixture|Stored Power|p2a: Clefable\n|-damage|p2a: Clefable|59\/100\n|move|p2a: Clefable|Encore|p1a: Peculiar Mixture\n|-start|p1a: Peculiar Mixture|Encore\n|\n|-heal|p2a: Clefable|65\/100|[from] Grassy Terrain\n|-heal|p2a: Clefable|71\/100|[from] item: Leftovers\n|-fieldend|move: Grassy Terrain\n|upkeep\n|turn|6\n|\n|t:|1699840204\n|switch|p2a: Ting-Lu|Ting-Lu|100\/100\n|-ability|p2a: Ting-Lu|Vessel of Ruin\n|move|p1a: Peculiar Mixture|Stored Power|p2a: Ting-Lu\n|-immune|p2a: Ting-Lu\n|\n|upkeep\n|turn|7\n|\n|t:|1699840212\n|switch|p1a: Saint Laurent Hatt|Hatterene, F|100\/100\n|move|p2a: Ting-Lu|Whirlwind|p1a: Saint Laurent Hatt\n|move|p1a: Saint Laurent Hatt|Whirlwind|p2a: Ting-Lu|[from]ability: Magic Bounce\n|drag|p2a: Zamazenta|Zamazenta|100\/100\n|-ability|p2a: Zamazenta|Dauntless Shield|boost\n|-boost|p2a: Zamazenta|def|1\n|\n|upkeep\n|turn|8\n|\n|t:|1699840232\n|move|p2a: Zamazenta|Iron Head|p1a: Saint Laurent Hatt\n|-supereffective|p1a: Saint Laurent Hatt\n|-damage|p1a: Saint Laurent Hatt|51\/100\n|move|p1a: Saint Laurent Hatt|Nuzzle|p2a: Zamazenta\n|-damage|p2a: Zamazenta|98\/100\n|-status|p2a: Zamazenta|par\n|\n|upkeep\n|turn|9\n|inactive|Rum Fire has 120 seconds left.\n|\n|t:|1699840259\n|switch|p1a: Peculiar Mixture|Manaphy, tera:Poison|100\/100\n|move|p2a: Zamazenta|Iron Head|p1a: Peculiar Mixture\n|-damage|p1a: Peculiar Mixture|77\/100\n|\n|-heal|p1a: Peculiar Mixture|83\/100|[from] item: Leftovers\n|upkeep\n|turn|10\n|inactive|Rum Fire has 120 seconds left.\n|\n|t:|1699840270\n|switch|p2a: Ting-Lu|Ting-Lu|100\/100\n|-ability|p2a: Ting-Lu|Vessel of Ruin\n|move|p1a: Peculiar Mixture|Acid Armor|p1a: Peculiar Mixture\n|-boost|p1a: Peculiar Mixture|def|2\n|\n|-heal|p1a: Peculiar Mixture|89\/100|[from] item: Leftovers\n|upkeep\n|turn|11\n|j| test da bloc\n|\n|t:|1699840276\n|move|p1a: Peculiar Mixture|Scald|p2a: Ting-Lu\n|-supereffective|p2a: Ting-Lu\n|-damage|p2a: Ting-Lu|78\/100\n|move|p2a: Ting-Lu|Whirlwind|p1a: Peculiar Mixture\n|drag|p1a: Mr Worldwide|Heatran, M|100\/100\n|-item|p1a: Mr Worldwide|Air Balloon\n|\n|-heal|p2a: Ting-Lu|84\/100|[from] item: Leftovers\n|upkeep\n|turn|12\n|l| test da bloc\n|\n|t:|1699840294\n|move|p1a: Mr Worldwide|Magma Storm|p2a: Ting-Lu\n|-damage|p2a: Ting-Lu|67\/100\n|-activate|p2a: Ting-Lu|move: Magma Storm|[of] p1a: Mr Worldwide\n|move|p2a: Ting-Lu|Whirlwind|p1a: Mr Worldwide\n|drag|p1a: Iron Bands|Rillaboom, F|100\/100\n|-fieldstart|move: Grassy Terrain|[from] ability: Grassy Surge|[of] p1a: Iron Bands\n|\n|-heal|p2a: Ting-Lu|73\/100|[from] Grassy Terrain\n|-heal|p2a: Ting-Lu|80\/100|[from] item: Leftovers\n|-end|p2a: Ting-Lu|Magma Storm|[partiallytrapped]|[silent]\n|upkeep\n|turn|13\n|inactive|Rum Fire has 120 seconds left.\n|\n|t:|1699840317\n|switch|p1a: Peculiar Mixture|Manaphy, tera:Poison|89\/100\n|switch|p2a: Moltres|Moltres|92\/100\n|\n|-heal|p1a: Peculiar Mixture|96\/100|[from] Grassy Terrain\n|-heal|p1a: Peculiar Mixture|100\/100|[from] item: Leftovers\n|upkeep\n|turn|14\n|inactive|Rum Fire has 120 seconds left.\n|\n|t:|1699840324\n|move|p1a: Peculiar Mixture|Take Heart|p1a: Peculiar Mixture\n|-boost|p1a: Peculiar Mixture|spa|1\n|-boost|p1a: Peculiar Mixture|spd|1\n|move|p2a: Moltres|U-turn|p1a: Peculiar Mixture\n|-resisted|p1a: Peculiar Mixture\n|-damage|p1a: Peculiar Mixture|95\/100\n|\n|t:|1699840340\n|switch|p2a: Clefable|Clefable, M|71\/100|[from] U-turn\n|\n|-heal|p1a: Peculiar Mixture|100\/100|[from] Grassy Terrain\n|-heal|p2a: Clefable|77\/100|[from] Grassy Terrain\n|-heal|p2a: Clefable|83\/100|[from] item: Leftovers\n|upkeep\n|turn|15\n|\n|t:|1699840343\n|move|p1a: Peculiar Mixture|Scald|p2a: Clefable\n|-damage|p2a: Clefable|46\/100\n|move|p2a: Clefable|Encore|p1a: Peculiar Mixture\n|-start|p1a: Peculiar Mixture|Encore\n|\n|-heal|p2a: Clefable|52\/100|[from] Grassy Terrain\n|-heal|p2a: Clefable|58\/100|[from] item: Leftovers\n|upkeep\n|turn|16\n|\n|t:|1699840362\n|switch|p1a: Iron Bands|Rillaboom, F|100\/100\n|switch|p2a: Ogerpon|Ogerpon-Wellspring, F|100\/100\n|\n|-fieldend|move: Grassy Terrain\n|upkeep\n|turn|17\n|\n|t:|1699840375\n|switch|p2a: Moltres|Moltres|92\/100\n|switch|p1a: Mr Worldwide|Heatran, M|100\/100\n|-item|p1a: Mr Worldwide|Air Balloon\n|\n|upkeep\n|turn|18\n|\n|t:|1699840380\n|move|p2a: Moltres|U-turn|p1a: Mr Worldwide\n|-resisted|p1a: Mr Worldwide\n|-damage|p1a: Mr Worldwide|97\/100\n|-enditem|p1a: Mr Worldwide|Air Balloon\n|\n|t:|1699840382\n|switch|p2a: Ting-Lu|Ting-Lu|80\/100|[from] U-turn\n|-ability|p2a: Ting-Lu|Vessel of Ruin\n|move|p1a: Mr Worldwide|Magma Storm|p2a: Ting-Lu\n|-damage|p2a: Ting-Lu|62\/100\n|-activate|p2a: Ting-Lu|move: Magma Storm|[of] p1a: Mr Worldwide\n|\n|-heal|p2a: Ting-Lu|68\/100|[from] item: Leftovers\n|-damage|p2a: Ting-Lu|55\/100|[from] move: Magma Storm|[partiallytrapped]\n|upkeep\n|turn|19\n|\n|t:|1699840393\n|switch|p1a: Saint Laurent Hatt|Hatterene, F|51\/100\n|move|p2a: Ting-Lu|Earthquake|p1a: Saint Laurent Hatt\n|-damage|p1a: Saint Laurent Hatt|17\/100\n|\n|-heal|p2a: Ting-Lu|62\/100|[from] item: Leftovers\n|-end|p2a: Ting-Lu|Magma Storm|[partiallytrapped]|[silent]\n|upkeep\n|turn|20\n|\n|t:|1699840402\n|move|p2a: Ting-Lu|Earthquake|p1a: Saint Laurent Hatt\n|-damage|p1a: Saint Laurent Hatt|0 fnt\n|faint|p1a: Saint Laurent Hatt\n|\n|-heal|p2a: Ting-Lu|68\/100|[from] item: Leftovers\n|upkeep\n|\n|t:|1699840406\n|switch|p1a: Iron Bands|Rillaboom, F|100\/100\n|-fieldstart|move: Grassy Terrain|[from] ability: Grassy Surge|[of] p1a: Iron Bands\n|turn|21\n|\n|t:|1699840412\n|switch|p2a: Moltres|Moltres|92\/100\n|move|p1a: Iron Bands|Wood Hammer|p2a: Moltres\n|-resisted|p2a: Moltres\n|-damage|p2a: Moltres|62\/100\n|-damage|p1a: Iron Bands|90\/100|[from] Recoil\n|\n|-heal|p1a: Iron Bands|96\/100|[from] Grassy Terrain\n|upkeep\n|turn|22\n|\n|t:|1699840418\n|switch|p1a: Mr Worldwide|Heatran, M|97\/100\n|move|p2a: Moltres|Roost|p2a: Moltres\n|-heal|p2a: Moltres|100\/100\n|-singleturn|p2a: Moltres|move: Roost\n|\n|-heal|p1a: Mr Worldwide|100\/100|[from] Grassy Terrain\n|upkeep\n|turn|23\n|\n|t:|1699840426\n|move|p2a: Moltres|U-turn|p1a: Mr Worldwide\n|-resisted|p1a: Mr Worldwide\n|-damage|p1a: Mr Worldwide|98\/100\n|\n|t:|1699840429\n|switch|p2a: Ogerpon|Ogerpon-Wellspring, F|100\/100|[from] U-turn\n|move|p1a: Mr Worldwide|Will-O-Wisp|p2a: Ogerpon\n|-status|p2a: Ogerpon|brn\n|\n|-heal|p1a: Mr Worldwide|100\/100|[from] Grassy Terrain\n|-damage|p2a: Ogerpon|95\/100 brn|[from] brn\n|upkeep\n|turn|24\n|inactive|Rum Fire has 120 seconds left.\n|\n|t:|1699840461\n|move|p2a: Ogerpon|Knock Off|p1a: Mr Worldwide\n|-damage|p1a: Mr Worldwide|89\/100\n|move|p1a: Mr Worldwide|Magma Storm|p2a: Ogerpon|[miss]\n|-miss|p1a: Mr Worldwide|p2a: Ogerpon\n|\n|-heal|p2a: Ogerpon|100\/100 brn|[from] Grassy Terrain\n|-heal|p1a: Mr Worldwide|95\/100|[from] Grassy Terrain\n|-damage|p2a: Ogerpon|95\/100 brn|[from] brn\n|upkeep\n|turn|25\n|\n|t:|1699840469\n|move|p2a: Ogerpon|Ivy Cudgel|p1a: Mr Worldwide\n|-supereffective|p1a: Mr Worldwide\n|-damage|p1a: Mr Worldwide|43\/100\n|move|p1a: Mr Worldwide|Magma Storm|p2a: Ogerpon\n|-damage|p2a: Ogerpon|45\/100 brn\n|-activate|p2a: Ogerpon|move: Magma Storm|[of] p1a: Mr Worldwide\n|\n|-heal|p2a: Ogerpon|51\/100 brn|[from] Grassy Terrain\n|-heal|p1a: Mr Worldwide|50\/100|[from] Grassy Terrain\n|-damage|p2a: Ogerpon|45\/100 brn|[from] brn\n|-damage|p2a: Ogerpon|33\/100 brn|[from] move: Magma Storm|[partiallytrapped]\n|-fieldend|move: Grassy Terrain\n|upkeep\n|turn|26\n|\n|t:|1699840480\n|switch|p1a: Iron Bands|Rillaboom, F|96\/100\n|-fieldstart|move: Grassy Terrain|[from] ability: Grassy Surge|[of] p1a: Iron Bands\n|move|p2a: Ogerpon|Synthesis|p2a: Ogerpon\n|-heal|p2a: Ogerpon|83\/100 brn\n|\n|-heal|p2a: Ogerpon|89\/100 brn|[from] Grassy Terrain\n|-heal|p1a: Iron Bands|100\/100|[from] Grassy Terrain\n|-damage|p2a: Ogerpon|83\/100 brn|[from] brn\n|-end|p2a: Ogerpon|Magma Storm|[partiallytrapped]|[silent]\n|upkeep\n|turn|27\n|\n|t:|1699840492\n|switch|p2a: Moltres|Moltres|100\/100\n|move|p1a: Iron Bands|Wood Hammer|p2a: Moltres\n|-resisted|p2a: Moltres\n|-damage|p2a: Moltres|68\/100\n|-damage|p1a: Iron Bands|89\/100|[from] Recoil\n|\n|-heal|p1a: Iron Bands|96\/100|[from] Grassy Terrain\n|upkeep\n|turn|28\n|\n|t:|1699840502\n|move|p1a: Iron Bands|Wood Hammer|p2a: Moltres\n|-resisted|p2a: Moltres\n|-damage|p2a: Moltres|38\/100\n|-damage|p1a: Iron Bands|85\/100|[from] Recoil\n|move|p2a: Moltres|Roost|p2a: Moltres\n|-heal|p2a: Moltres|88\/100\n|-singleturn|p2a: Moltres|move: Roost\n|\n|-heal|p1a: Iron Bands|92\/100|[from] Grassy Terrain\n|-heal|p2a: Moltres|94\/100|[from] Grassy Terrain\n|upkeep\n|turn|29\n|\n|t:|1699840509\n|switch|p1a: Mr Worldwide|Heatran, M|50\/100\n|move|p2a: Moltres|U-turn|p1a: Mr Worldwide\n|-resisted|p1a: Mr Worldwide\n|-damage|p1a: Mr Worldwide|47\/100\n|\n|t:|1699840515\n|switch|p2a: Ting-Lu|Ting-Lu|68\/100|[from] U-turn\n|-ability|p2a: Ting-Lu|Vessel of Ruin\n|\n|-heal|p1a: Mr Worldwide|53\/100|[from] Grassy Terrain\n|-heal|p2a: Ting-Lu|74\/100|[from] Grassy Terrain\n|-heal|p2a: Ting-Lu|80\/100|[from] item: Leftovers\n|upkeep\n|turn|30\n|\n|t:|1699840523\n|move|p1a: Mr Worldwide|Taunt|p2a: Ting-Lu\n|-start|p2a: Ting-Lu|move: Taunt\n|cant|p2a: Ting-Lu|move: Taunt|Spikes\n|\n|-heal|p1a: Mr Worldwide|59\/100|[from] Grassy Terrain\n|-heal|p2a: Ting-Lu|86\/100|[from] Grassy Terrain\n|-heal|p2a: Ting-Lu|93\/100|[from] item: Leftovers\n|-fieldend|move: Grassy Terrain\n|upkeep\n|turn|31\n|\n|t:|1699840531\n|move|p1a: Mr Worldwide|Will-O-Wisp|p2a: Ting-Lu\n|-status|p2a: Ting-Lu|brn\n|move|p2a: Ting-Lu|Earthquake|p1a: Mr Worldwide\n|-supereffective|p1a: Mr Worldwide\n|-damage|p1a: Mr Worldwide|0 fnt\n|faint|p1a: Mr Worldwide\n|\n|-heal|p2a: Ting-Lu|99\/100 brn|[from] item: Leftovers\n|-damage|p2a: Ting-Lu|93\/100 brn|[from] brn\n|upkeep\n|\n|t:|1699840541\n|switch|p1a: Iron Bands|Rillaboom, F|92\/100\n|-fieldstart|move: Grassy Terrain|[from] ability: Grassy Surge|[of] p1a: Iron Bands\n|turn|32\n|\n|t:|1699840552\n|switch|p1a: Peculiar Mixture|Manaphy, tera:Poison|100\/100\n|switch|p2a: Moltres|Moltres|94\/100\n|\n|upkeep\n|turn|33\n|\n|t:|1699840558\n|switch|p2a: Ting-Lu|Ting-Lu|93\/100 brn\n|-ability|p2a: Ting-Lu|Vessel of Ruin\n|move|p1a: Peculiar Mixture|Take Heart|p1a: Peculiar Mixture\n|-boost|p1a: Peculiar Mixture|spa|1\n|-boost|p1a: Peculiar Mixture|spd|1\n|\n|-heal|p2a: Ting-Lu|99\/100 brn|[from] Grassy Terrain\n|-heal|p2a: Ting-Lu|100\/100 brn|[from] item: Leftovers\n|-damage|p2a: Ting-Lu|94\/100 brn|[from] brn\n|upkeep\n|turn|34\n|\n|t:|1699840568\n|-terastallize|p2a: Ting-Lu|Ghost\n|move|p1a: Peculiar Mixture|Scald|p2a: Ting-Lu\n|-damage|p2a: Ting-Lu|78\/100 brn\n|move|p2a: Ting-Lu|Whirlwind|p1a: Peculiar Mixture\n|drag|p1a: Michael Vick|Zamazenta|100\/100\n|-ability|p1a: Michael Vick|Dauntless Shield|boost\n|-boost|p1a: Michael Vick|def|1\n|\n|-heal|p2a: Ting-Lu|84\/100 brn|[from] Grassy Terrain\n|-heal|p2a: Ting-Lu|90\/100 brn|[from] item: Leftovers\n|-damage|p2a: Ting-Lu|84\/100 brn|[from] brn\n|upkeep\n|turn|35\n|\n|t:|1699840580\n|move|p1a: Michael Vick|Crunch|p2a: Ting-Lu\n|-supereffective|p2a: Ting-Lu\n|-damage|p2a: Ting-Lu|59\/100 brn\n|move|p2a: Ting-Lu|Spikes|p1a: Michael Vick\n|-sidestart|p1: Rum Fire|Spikes\n|\n|-heal|p2a: Ting-Lu|65\/100 brn|[from] Grassy Terrain\n|-heal|p2a: Ting-Lu|71\/100 brn|[from] item: Leftovers\n|-damage|p2a: Ting-Lu|65\/100 brn|[from] brn\n|upkeep\n|turn|36\n|\n|t:|1699840586\n|move|p1a: Michael Vick|Crunch|p2a: Ting-Lu\n|-supereffective|p2a: Ting-Lu\n|-damage|p2a: Ting-Lu|40\/100 brn\n|move|p2a: Ting-Lu|Whirlwind|p1a: Michael Vick\n|drag|p1a: Creepin'|Sneasler, F|100\/100\n|-damage|p1a: Creepin'|88\/100|[from] Spikes\n|-enditem|p1a: Creepin'|Grassy Seed\n|-boost|p1a: Creepin'|def|1|[from] item: Grassy Seed\n|\n|-heal|p1a: Creepin'|94\/100|[from] Grassy Terrain\n|-heal|p2a: Ting-Lu|46\/100 brn|[from] Grassy Terrain\n|-heal|p2a: Ting-Lu|52\/100 brn|[from] item: Leftovers\n|-damage|p2a: Ting-Lu|46\/100 brn|[from] brn\n|-fieldend|move: Grassy Terrain\n|upkeep\n|turn|37\n|\n|t:|1699840601\n|move|p1a: Creepin'|Lash Out|p2a: Ting-Lu\n|-supereffective|p2a: Ting-Lu\n|-damage|p2a: Ting-Lu|12\/100 brn\n|move|p2a: Ting-Lu|Rest|p2a: Ting-Lu\n|-status|p2a: Ting-Lu|slp|[from] move: Rest\n|-heal|p2a: Ting-Lu|100\/100 slp|[silent]\n|\n|upkeep\n|turn|38\n|\n|t:|1699840609\n|switch|p2a: Moltres|Moltres|94\/100\n|move|p1a: Creepin'|Swords Dance|p1a: Creepin'\n|-boost|p1a: Creepin'|atk|2\n|\n|upkeep\n|turn|39\n|\n|t:|1699840612\n|move|p1a: Creepin'|Dire Claw|p2a: Moltres\n|-damage|p2a: Moltres|11\/100\n|-status|p1a: Creepin'|brn|[from] ability: Flame Body|[of] p2a: Moltres\n|move|p2a: Moltres|Will-O-Wisp|p1a: Creepin'|[miss]\n|-miss|p2a: Moltres|p1a: Creepin'\n|\n|-damage|p1a: Creepin'|88\/100 brn|[from] brn\n|upkeep\n|turn|40\n|\n|t:|1699840628\n|switch|p2a: Ogerpon|Ogerpon-Wellspring, F|83\/100 brn\n|move|p1a: Creepin'|Dire Claw|p2a: Ogerpon\n|-supereffective|p2a: Ogerpon\n|-damage|p2a: Ogerpon|0 fnt\n|faint|p2a: Ogerpon\n|\n|-damage|p1a: Creepin'|82\/100 brn|[from] brn\n|upkeep\n|\n|t:|1699840630\n|switch|p2a: Great Tusk|Great Tusk|100\/100\n|turn|41\n|\n|t:|1699840640\n|move|p1a: Creepin'|Dire Claw|p2a: Great Tusk\n|-resisted|p2a: Great Tusk\n|-damage|p2a: Great Tusk|90\/100\n|-damage|p1a: Creepin'|65\/100 brn|[from] item: Rocky Helmet|[of] p2a: Great Tusk\n|move|p2a: Great Tusk|Earthquake|p1a: Creepin'\n|-supereffective|p1a: Creepin'\n|-damage|p1a: Creepin'|0 fnt\n|faint|p1a: Creepin'\n|\n|upkeep\n|\n|t:|1699840650\n|switch|p1a: Iron Bands|Rillaboom, F|92\/100\n|-damage|p1a: Iron Bands|79\/100|[from] Spikes\n|-fieldstart|move: Grassy Terrain|[from] ability: Grassy Surge|[of] p1a: Iron Bands\n|turn|42\n|\n|t:|1699840654\n|move|p1a: Iron Bands|Wood Hammer|p2a: Great Tusk\n|-supereffective|p2a: Great Tusk\n|-damage|p2a: Great Tusk|0 fnt\n|-damage|p1a: Iron Bands|63\/100|[from] item: Rocky Helmet|[of] p2a: Great Tusk\n|faint|p2a: Great Tusk\n|-end|p2a: Great Tusk|Protosynthesis|[silent]\n|-damage|p1a: Iron Bands|28\/100|[from] Recoil\n|\n|-heal|p1a: Iron Bands|34\/100|[from] Grassy Terrain\n|upkeep\n|\n|t:|1699840673\n|switch|p2a: Clefable|Clefable, M|58\/100\n|turn|43\n|\n|t:|1699840677\n|move|p2a: Clefable|Protect|p2a: Clefable\n|-singleturn|p2a: Clefable|Protect\n|move|p1a: Iron Bands|Wood Hammer|p2a: Clefable\n|-activate|p2a: Clefable|move: Protect\n|\n|-heal|p1a: Iron Bands|41\/100|[from] Grassy Terrain\n|-heal|p2a: Clefable|64\/100|[from] Grassy Terrain\n|-heal|p2a: Clefable|70\/100|[from] item: Leftovers\n|upkeep\n|turn|44\n|\n|t:|1699840681\n|switch|p2a: Moltres|Moltres|11\/100\n|move|p1a: Iron Bands|Wood Hammer|p2a: Moltres\n|-resisted|p2a: Moltres\n|-damage|p2a: Moltres|0 fnt\n|faint|p2a: Moltres\n|-damage|p1a: Iron Bands|37\/100|[from] Recoil\n|\n|-heal|p1a: Iron Bands|43\/100|[from] Grassy Terrain\n|upkeep\n|\n|t:|1699840688\n|switch|p2a: Zamazenta|Zamazenta|98\/100 par\n|turn|45\n|\n|t:|1699840695\n|switch|p1a: Michael Vick|Zamazenta|100\/100\n|-damage|p1a: Michael Vick|88\/100|[from] Spikes\n|move|p2a: Zamazenta|Close Combat|p1a: Michael Vick\n|-damage|p1a: Michael Vick|42\/100\n|-unboost|p2a: Zamazenta|def|1\n|-unboost|p2a: Zamazenta|spd|1\n|\n|-heal|p1a: Michael Vick|48\/100|[from] Grassy Terrain\n|-heal|p1a: Michael Vick|55\/100|[from] item: Leftovers\n|-heal|p2a: Zamazenta|100\/100 par|[from] Grassy Terrain\n|upkeep\n|turn|46\n|\n|t:|1699840704\n|switch|p2a: Ting-Lu|Ting-Lu, tera:Ghost|100\/100 slp\n|-ability|p2a: Ting-Lu|Vessel of Ruin\n|move|p1a: Michael Vick|Iron Defense|p1a: Michael Vick\n|-boost|p1a: Michael Vick|def|2\n|\n|-heal|p1a: Michael Vick|61\/100|[from] Grassy Terrain\n|-heal|p1a: Michael Vick|67\/100|[from] item: Leftovers\n|-fieldend|move: Grassy Terrain\n|upkeep\n|turn|47\n|\n|t:|1699840712\n|move|p1a: Michael Vick|Crunch|p2a: Ting-Lu\n|-supereffective|p2a: Ting-Lu\n|-damage|p2a: Ting-Lu|76\/100 slp\n|cant|p2a: Ting-Lu|slp\n|\n|-heal|p1a: Michael Vick|73\/100|[from] item: Leftovers\n|-heal|p2a: Ting-Lu|82\/100 slp|[from] item: Leftovers\n|upkeep\n|turn|48\n|\n|t:|1699840719\n|switch|p2a: Clefable|Clefable, M|70\/100\n|move|p1a: Michael Vick|Crunch|p2a: Clefable\n|-resisted|p2a: Clefable\n|-damage|p2a: Clefable|62\/100\n|\n|-heal|p1a: Michael Vick|80\/100|[from] item: Leftovers\n|-heal|p2a: Clefable|68\/100|[from] item: Leftovers\n|upkeep\n|turn|49\n|\n|t:|1699840722\n|move|p1a: Michael Vick|Heavy Slam|p2a: Clefable\n|-supereffective|p2a: Clefable\n|-damage|p2a: Clefable|16\/100\n|move|p2a: Clefable|Wish|p2a: Clefable\n|\n|-heal|p1a: Michael Vick|86\/100|[from] item: Leftovers\n|-heal|p2a: Clefable|22\/100|[from] item: Leftovers\n|upkeep\n|turn|50\n|\n|t:|1699840732\n|move|p2a: Clefable|Protect|p2a: Clefable\n|-singleturn|p2a: Clefable|Protect\n|move|p1a: Michael Vick|Iron Defense|p1a: Michael Vick\n|-boost|p1a: Michael Vick|def|2\n|\n|-heal|p2a: Clefable|72\/100|[from] move: Wish|[wisher] Clefable\n|-heal|p1a: Michael Vick|92\/100|[from] item: Leftovers\n|-heal|p2a: Clefable|78\/100|[from] item: Leftovers\n|upkeep\n|turn|51\n|\n|t:|1699840739\n|move|p1a: Michael Vick|Heavy Slam|p2a: Clefable\n|-supereffective|p2a: Clefable\n|-damage|p2a: Clefable|27\/100\n|move|p2a: Clefable|Wish|p2a: Clefable\n|\n|-heal|p1a: Michael Vick|98\/100|[from] item: Leftovers\n|-heal|p2a: Clefable|33\/100|[from] item: Leftovers\n|upkeep\n|turn|52\n|\n|t:|1699840750\n|move|p2a: Clefable|Protect|p2a: Clefable\n|-singleturn|p2a: Clefable|Protect\n|move|p1a: Michael Vick|Heavy Slam|p2a: Clefable\n|-activate|p2a: Clefable|move: Protect\n|\n|-heal|p2a: Clefable|83\/100|[from] move: Wish|[wisher] Clefable\n|-heal|p1a: Michael Vick|100\/100|[from] item: Leftovers\n|-heal|p2a: Clefable|90\/100|[from] item: Leftovers\n|upkeep\n|turn|53\n|\n|t:|1699840753\n|switch|p2a: Ting-Lu|Ting-Lu, tera:Ghost|82\/100 slp\n|-ability|p2a: Ting-Lu|Vessel of Ruin\n|move|p1a: Michael Vick|Heavy Slam|p2a: Ting-Lu\n|-damage|p2a: Ting-Lu|76\/100 slp\n|\n|-heal|p2a: Ting-Lu|82\/100 slp|[from] item: Leftovers\n|upkeep\n|turn|54\n|\n|t:|1699840760\n|move|p1a: Michael Vick|Crunch|p2a: Ting-Lu\n|-supereffective|p2a: Ting-Lu\n|-damage|p2a: Ting-Lu|58\/100 slp\n|cant|p2a: Ting-Lu|slp\n|\n|-heal|p2a: Ting-Lu|64\/100 slp|[from] item: Leftovers\n|upkeep\n|turn|55\n|\n|t:|1699840771\n|move|p1a: Michael Vick|Crunch|p2a: Ting-Lu\n|-supereffective|p2a: Ting-Lu\n|-damage|p2a: Ting-Lu|39\/100 slp\n|-curestatus|p2a: Ting-Lu|slp|[msg]\n|move|p2a: Ting-Lu|Spikes|p1a: Michael Vick\n|-sidestart|p1: Rum Fire|Spikes\n|\n|-heal|p2a: Ting-Lu|46\/100|[from] item: Leftovers\n|upkeep\n|turn|56\n|\n|t:|1699840779\n|move|p1a: Michael Vick|Crunch|p2a: Ting-Lu\n|-supereffective|p2a: Ting-Lu\n|-damage|p2a: Ting-Lu|22\/100\n|move|p2a: Ting-Lu|Rest|p2a: Ting-Lu\n|-status|p2a: Ting-Lu|slp|[from] move: Rest\n|-heal|p2a: Ting-Lu|100\/100 slp|[silent]\n|\n|upkeep\n|turn|57\n|\n|t:|1699840790\n|switch|p1a: Iron Bands|Rillaboom, F|43\/100\n|-damage|p1a: Iron Bands|27\/100|[from] Spikes\n|-fieldstart|move: Grassy Terrain|[from] ability: Grassy Surge|[of] p1a: Iron Bands\n|cant|p2a: Ting-Lu|slp\n|\n|-heal|p1a: Iron Bands|33\/100|[from] Grassy Terrain\n|upkeep\n|turn|58\n|\n|t:|1699840796\n|switch|p2a: Zamazenta|Zamazenta|100\/100 par\n|move|p1a: Iron Bands|Knock Off|p2a: Zamazenta\n|-resisted|p2a: Zamazenta\n|-damage|p2a: Zamazenta|75\/100 par\n|-enditem|p2a: Zamazenta|Heavy-Duty Boots|[from] move: Knock Off|[of] p1a: Iron Bands\n|\n|-heal|p1a: Iron Bands|39\/100|[from] Grassy Terrain\n|-heal|p2a: Zamazenta|81\/100 par|[from] Grassy Terrain\n|upkeep\n|turn|59\n|\n|t:|1699840805\n|switch|p1a: Michael Vick|Zamazenta|100\/100\n|-damage|p1a: Michael Vick|84\/100|[from] Spikes\n|move|p2a: Zamazenta|Close Combat|p1a: Michael Vick\n|-damage|p1a: Michael Vick|37\/100\n|-unboost|p2a: Zamazenta|def|1\n|-unboost|p2a: Zamazenta|spd|1\n|\n|-heal|p1a: Michael Vick|43\/100|[from] Grassy Terrain\n|-heal|p1a: Michael Vick|49\/100|[from] item: Leftovers\n|-heal|p2a: Zamazenta|87\/100 par|[from] Grassy Terrain\n|upkeep\n|turn|60\n|\n|t:|1699840818\n|move|p1a: Michael Vick|Heavy Slam|p2a: Zamazenta\n|-damage|p2a: Zamazenta|72\/100 par\n|move|p2a: Zamazenta|Close Combat|p1a: Michael Vick\n|-damage|p1a: Michael Vick|0 fnt\n|-unboost|p2a: Zamazenta|def|1\n|-unboost|p2a: Zamazenta|spd|1\n|faint|p1a: Michael Vick\n|\n|-heal|p2a: Zamazenta|78\/100 par|[from] Grassy Terrain\n|upkeep\n|inactive|Rum Fire has 120 seconds left.\n|\n|t:|1699840844\n|switch|p1a: Peculiar Mixture|Manaphy, tera:Poison|100\/100\n|-damage|p1a: Peculiar Mixture|84\/100|[from] Spikes\n|turn|61\n|\n|t:|1699840851\n|switch|p2a: Clefable|Clefable, M|90\/100\n|move|p1a: Peculiar Mixture|Take Heart|p1a: Peculiar Mixture\n|-boost|p1a: Peculiar Mixture|spa|1\n|-boost|p1a: Peculiar Mixture|spd|1\n|\n|-heal|p1a: Peculiar Mixture|90\/100|[from] Grassy Terrain\n|-heal|p1a: Peculiar Mixture|97\/100|[from] item: Leftovers\n|-heal|p2a: Clefable|96\/100|[from] Grassy Terrain\n|-heal|p2a: Clefable|100\/100|[from] item: Leftovers\n|-fieldend|move: Grassy Terrain\n|upkeep\n|turn|62\n|\n|t:|1699840855\n|move|p1a: Peculiar Mixture|Scald|p2a: Clefable\n|-damage|p2a: Clefable|61\/100\n|move|p2a: Clefable|Encore|p1a: Peculiar Mixture\n|-start|p1a: Peculiar Mixture|Encore\n|\n|-heal|p1a: Peculiar Mixture|100\/100|[from] item: Leftovers\n|-heal|p2a: Clefable|67\/100|[from] item: Leftovers\n|upkeep\n|turn|63\n|\n|t:|1699840862\n|switch|p2a: Ting-Lu|Ting-Lu, tera:Ghost|100\/100 slp\n|-ability|p2a: Ting-Lu|Vessel of Ruin\n|move|p1a: Peculiar Mixture|Scald|p2a: Ting-Lu\n|-damage|p2a: Ting-Lu|82\/100 slp\n|\n|-heal|p2a: Ting-Lu|89\/100 slp|[from] item: Leftovers\n|upkeep\n|turn|64\n|\n|t:|1699840865\n|switch|p1a: Iron Bands|Rillaboom, F|39\/100\n|-damage|p1a: Iron Bands|23\/100|[from] Spikes\n|-fieldstart|move: Grassy Terrain|[from] ability: Grassy Surge|[of] p1a: Iron Bands\n|cant|p2a: Ting-Lu|slp\n|\n|-heal|p1a: Iron Bands|29\/100|[from] Grassy Terrain\n|-heal|p2a: Ting-Lu|95\/100 slp|[from] Grassy Terrain\n|-heal|p2a: Ting-Lu|100\/100 slp|[from] item: Leftovers\n|upkeep\n|turn|65\n|\n|t:|1699840877\n|move|p1a: Iron Bands|Wood Hammer|p2a: Ting-Lu\n|-damage|p2a: Ting-Lu|27\/100 slp\n|-damage|p1a: Iron Bands|0 fnt|[from] Recoil\n|faint|p1a: Iron Bands\n|-curestatus|p2a: Ting-Lu|slp|[msg]\n|move|p2a: Ting-Lu|Whirlwind|p1: Iron Bands|[notarget]\n|-fail|p2a: Ting-Lu\n|\n|-heal|p2a: Ting-Lu|33\/100|[from] Grassy Terrain\n|-heal|p2a: Ting-Lu|39\/100|[from] item: Leftovers\n|upkeep\n|\n|t:|1699840881\n|switch|p1a: Peculiar Mixture|Manaphy, tera:Poison|100\/100\n|-damage|p1a: Peculiar Mixture|84\/100|[from] Spikes\n|turn|66\n|\n|t:|1699840894\n|move|p1a: Peculiar Mixture|Take Heart|p1a: Peculiar Mixture\n|-boost|p1a: Peculiar Mixture|spa|1\n|-boost|p1a: Peculiar Mixture|spd|1\n|move|p2a: Ting-Lu|Earthquake|p1a: Peculiar Mixture\n|-supereffective|p1a: Peculiar Mixture\n|-damage|p1a: Peculiar Mixture|57\/100\n|\n|-heal|p1a: Peculiar Mixture|63\/100|[from] Grassy Terrain\n|-heal|p1a: Peculiar Mixture|70\/100|[from] item: Leftovers\n|-heal|p2a: Ting-Lu|45\/100|[from] Grassy Terrain\n|-heal|p2a: Ting-Lu|52\/100|[from] item: Leftovers\n|upkeep\n|turn|67\n|\n|t:|1699840904\n|move|p1a: Peculiar Mixture|Take Heart|p1a: Peculiar Mixture\n|-boost|p1a: Peculiar Mixture|spa|1\n|-boost|p1a: Peculiar Mixture|spd|1\n|move|p2a: Ting-Lu|Earthquake|p1a: Peculiar Mixture\n|-supereffective|p1a: Peculiar Mixture\n|-damage|p1a: Peculiar Mixture|42\/100\n|\n|-heal|p1a: Peculiar Mixture|48\/100|[from] Grassy Terrain\n|-heal|p1a: Peculiar Mixture|55\/100|[from] item: Leftovers\n|-heal|p2a: Ting-Lu|58\/100|[from] Grassy Terrain\n|-heal|p2a: Ting-Lu|64\/100|[from] item: Leftovers\n|upkeep\n|turn|68\n|\n|t:|1699840911\n|move|p1a: Peculiar Mixture|Scald|p2a: Ting-Lu\n|-damage|p2a: Ting-Lu|41\/100\n|move|p2a: Ting-Lu|Earthquake|p1a: Peculiar Mixture\n|-supereffective|p1a: Peculiar Mixture\n|-damage|p1a: Peculiar Mixture|25\/100\n|\n|-heal|p1a: Peculiar Mixture|31\/100|[from] Grassy Terrain\n|-heal|p1a: Peculiar Mixture|37\/100|[from] item: Leftovers\n|-heal|p2a: Ting-Lu|47\/100|[from] Grassy Terrain\n|-heal|p2a: Ting-Lu|53\/100|[from] item: Leftovers\n|-fieldend|move: Grassy Terrain\n|upkeep\n|turn|69\n|\n|t:|1699840919\n|move|p1a: Peculiar Mixture|Scald|p2a: Ting-Lu\n|-damage|p2a: Ting-Lu|32\/100\n|move|p2a: Ting-Lu|Earthquake|p1a: Peculiar Mixture\n|-supereffective|p1a: Peculiar Mixture\n|-damage|p1a: Peculiar Mixture|0 fnt\n|faint|p1a: Peculiar Mixture\n|\n|win|Monerochan\n|raw|Rum Fire's rating: 1649 &rarr; <strong>1637<\/strong><br \/>(-12 for losing)\n|raw|Monerochan's rating: 1800 &rarr; <strong>1812<\/strong><br \/>(+12 for winning)\n|l|\u2606Rum Fire\n","uploadtime":1699840931,"views":16,"p1id":"rumfire","p2id":"monerochan","formatid":"gen9ou","rating":1637,"private":0,"password":""}