{"id":"gen9ou-1989304019","p1":"CyrusD","p2":"LordPriapus69","format":"[Gen 9] OU","log":"|j|\u2606CyrusD\n|j|\u2606LordPriapus69\n|t:|1699834086\n|gametype|singles\n|player|p1|CyrusD|265|1335\n|player|p2|LordPriapus69|giovanni-gen1rb|1348\n|teamsize|p1|6\n|teamsize|p2|6\n|gen|9\n|tier|[Gen 9] OU\n|rated|\n|rule|Sleep Clause Mod: Limit one foe put to sleep\n|rule|Species Clause: Limit one of each Pok\u00e9mon\n|rule|OHKO Clause: OHKO moves are banned\n|rule|Evasion Items Clause: Evasion items are banned\n|rule|Evasion Moves Clause: Evasion moves are banned\n|rule|Endless Battle Clause: Forcing endless battles is banned\n|rule|HP Percentage Mod: HP is shown in percentages\n|clearpoke\n|poke|p1|Great Tusk|\n|poke|p1|Conkeldurr, F|\n|poke|p1|Samurott-Hisui, F|\n|poke|p1|Rillaboom, F|\n|poke|p1|Tyranitar, F|\n|poke|p1|Jirachi|\n|poke|p2|Ribombee, F|\n|poke|p2|Great Tusk|\n|poke|p2|Gholdengo|\n|poke|p2|Manaphy|\n|poke|p2|Kingambit, F|\n|poke|p2|Iron Moth|\n|teampreview\n|\n|t:|1699834096\n|start\n|switch|p1a: Tyranitar|Tyranitar, F|100\/100\n|switch|p2a: Ribombee|Ribombee, F, shiny|100\/100\n|-weather|Sandstorm|[from] ability: Sand Stream|[of] p1a: Tyranitar\n|turn|1\n|\n|t:|1699834107\n|move|p2a: Ribombee|Sticky Web|p1a: Tyranitar\n|-sidestart|p1: CyrusD|move: Sticky Web\n|move|p1a: Tyranitar|Ice Punch|p2a: Ribombee\n|-damage|p2a: Ribombee|55\/100\n|\n|-weather|Sandstorm|[upkeep]\n|-damage|p2a: Ribombee|48\/100|[from] Sandstorm\n|upkeep\n|turn|2\n|inactive|Battle timer is ON: inactive players will automatically lose when time's up. (requested by CyrusD)\n|\n|t:|1699834158\n|move|p2a: Ribombee|Sunny Day|p2a: Ribombee\n|-weather|SunnyDay\n|move|p1a: Tyranitar|Thunder Wave|p2a: Ribombee\n|-status|p2a: Ribombee|par\n|\n|-weather|SunnyDay|[upkeep]\n|upkeep\n|turn|3\n|\n|t:|1699834170\n|cant|p2a: Ribombee|par\n|move|p1a: Tyranitar|Ice Punch|p2a: Ribombee\n|-damage|p2a: Ribombee|7\/100 par\n|\n|-weather|SunnyDay|[upkeep]\n|upkeep\n|turn|4\n|\n|t:|1699834176\n|move|p2a: Ribombee|Moonblast|p1a: Tyranitar\n|-supereffective|p1a: Tyranitar\n|-crit|p1a: Tyranitar\n|-damage|p1a: Tyranitar|29\/100\n|move|p1a: Tyranitar|Stealth Rock|p2a: Ribombee\n|-sidestart|p2: LordPriapus69|move: Stealth Rock\n|\n|-weather|SunnyDay|[upkeep]\n|-heal|p1a: Tyranitar|35\/100|[from] item: Leftovers\n|upkeep\n|turn|5\n|\n|t:|1699834187\n|cant|p2a: Ribombee|par\n|move|p1a: Tyranitar|Ice Punch|p2a: Ribombee\n|-damage|p2a: Ribombee|0 fnt\n|faint|p2a: Ribombee\n|\n|-weather|SunnyDay|[upkeep]\n|-heal|p1a: Tyranitar|41\/100|[from] item: Leftovers\n|upkeep\n|\n|t:|1699834196\n|switch|p2a: Great Tusk|Great Tusk|100\/100\n|-damage|p2a: Great Tusk|98\/100|[from] Stealth Rock\n|-activate|p2a: Great Tusk|ability: Protosynthesis\n|-start|p2a: Great Tusk|protosynthesisatk\n|turn|6\n|\n|t:|1699834203\n|move|p2a: Great Tusk|Rapid Spin|p1a: Tyranitar\n|-resisted|p1a: Tyranitar\n|-damage|p1a: Tyranitar|33\/100\n|-boost|p2a: Great Tusk|spe|1\n|-sideend|p2: LordPriapus69|Stealth Rock|[from] move: Rapid Spin|[of] p2a: Great Tusk\n|move|p1a: Tyranitar|Ice Punch|p2a: Great Tusk\n|-supereffective|p2a: Great Tusk\n|-damage|p2a: Great Tusk|63\/100\n|\n|-weather|none\n|-end|p2a: Great Tusk|Protosynthesis\n|-heal|p2a: Great Tusk|69\/100|[from] item: Leftovers\n|-heal|p1a: Tyranitar|39\/100|[from] item: Leftovers\n|upkeep\n|turn|7\n|\n|t:|1699834218\n|switch|p1a: Great Tusk|Great Tusk|100\/100\n|-activate|p1a: Great Tusk|move: Sticky Web\n|-unboost|p1a: Great Tusk|spe|1\n|move|p2a: Great Tusk|Bulk Up|p2a: Great Tusk\n|-boost|p2a: Great Tusk|atk|1\n|-boost|p2a: Great Tusk|def|1\n|\n|-heal|p2a: Great Tusk|75\/100|[from] item: Leftovers\n|upkeep\n|turn|8\n|\n|t:|1699834236\n|move|p2a: Great Tusk|Ice Spinner|p1a: Great Tusk\n|-supereffective|p1a: Great Tusk\n|-damage|p1a: Great Tusk|57\/100\n|-damage|p2a: Great Tusk|59\/100|[from] item: Rocky Helmet|[of] p1a: Great Tusk\n|move|p1a: Great Tusk|Ice Spinner|p2a: Great Tusk\n|-supereffective|p2a: Great Tusk\n|-damage|p2a: Great Tusk|35\/100\n|\n|-heal|p2a: Great Tusk|41\/100|[from] item: Leftovers\n|upkeep\n|turn|9\n|\n|t:|1699834239\n|move|p2a: Great Tusk|Bulk Up|p2a: Great Tusk\n|-boost|p2a: Great Tusk|atk|1\n|-boost|p2a: Great Tusk|def|1\n|move|p1a: Great Tusk|Ice Spinner|p2a: Great Tusk\n|-supereffective|p2a: Great Tusk\n|-damage|p2a: Great Tusk|20\/100\n|\n|-heal|p2a: Great Tusk|27\/100|[from] item: Leftovers\n|upkeep\n|turn|10\n|\n|t:|1699834241\n|move|p2a: Great Tusk|Ice Spinner|p1a: Great Tusk\n|-supereffective|p1a: Great Tusk\n|-damage|p1a: Great Tusk|0 fnt\n|-damage|p2a: Great Tusk|10\/100|[from] item: Rocky Helmet|[of] p1a: Great Tusk\n|faint|p1a: Great Tusk\n|-end|p1a: Great Tusk|Protosynthesis|[silent]\n|\n|-heal|p2a: Great Tusk|16\/100|[from] item: Leftovers\n|upkeep\n|\n|t:|1699834249\n|switch|p1a: Conkeldurr|Conkeldurr, F|100\/100\n|-activate|p1a: Conkeldurr|move: Sticky Web\n|-unboost|p1a: Conkeldurr|spe|1\n|turn|11\n|\n|t:|1699834259\n|move|p2a: Great Tusk|Earthquake|p1a: Conkeldurr\n|-damage|p1a: Conkeldurr|32\/100\n|move|p1a: Conkeldurr|Defog|p2a: Great Tusk\n|-unboost|p2a: Great Tusk|evasion|1\n|-sideend|p1: CyrusD|Sticky Web|[from] move: Defog|[of] p1a: Conkeldurr\n|\n|-heal|p2a: Great Tusk|23\/100|[from] item: Leftovers\n|upkeep\n|turn|12\n|\n|t:|1699834278\n|move|p2a: Great Tusk|Earthquake|p1a: Conkeldurr\n|-damage|p1a: Conkeldurr|0 fnt\n|faint|p1a: Conkeldurr\n|\n|-heal|p2a: Great Tusk|29\/100|[from] item: Leftovers\n|upkeep\n|\n|t:|1699834280\n|switch|p1a: Rillaboom|Rillaboom, F|100\/100\n|-fieldstart|move: Grassy Terrain|[from] ability: Grassy Surge|[of] p1a: Rillaboom\n|turn|13\n|\n|t:|1699834285\n|move|p1a: Rillaboom|Grassy Glide|p2a: Great Tusk\n|-supereffective|p2a: Great Tusk\n|-damage|p2a: Great Tusk|0 fnt\n|faint|p2a: Great Tusk\n|-end|p2a: Great Tusk|Protosynthesis|[silent]\n|\n|upkeep\n|inactive|LordPriapus69 has 120 seconds left.\n|\n|t:|1699834326\n|switch|p2a: Iron Moth|Iron Moth|100\/100\n|-enditem|p2a: Iron Moth|Booster Energy\n|-activate|p2a: Iron Moth|ability: Quark Drive|[fromitem]\n|-start|p2a: Iron Moth|quarkdrivespe\n|turn|14\n|\n|t:|1699834333\n|switch|p1a: Tyranitar|Tyranitar, F|39\/100\n|-weather|Sandstorm|[from] ability: Sand Stream|[of] p1a: Tyranitar\n|move|p2a: Iron Moth|Substitute|p2a: Iron Moth\n|-start|p2a: Iron Moth|Substitute\n|-damage|p2a: Iron Moth|76\/100\n|\n|-weather|Sandstorm|[upkeep]\n|-damage|p2a: Iron Moth|70\/100|[from] Sandstorm\n|-heal|p2a: Iron Moth|76\/100|[from] Grassy Terrain\n|-heal|p1a: Tyranitar|45\/100|[from] Grassy Terrain\n|-heal|p1a: Tyranitar|51\/100|[from] item: Leftovers\n|upkeep\n|turn|15\n|\n|t:|1699834335\n|move|p2a: Iron Moth|Energy Ball|p1a: Tyranitar\n|-supereffective|p1a: Tyranitar\n|-damage|p1a: Tyranitar|19\/100\n|move|p1a: Tyranitar|High Horsepower|p2a: Iron Moth\n|-supereffective|p2a: Iron Moth\n|-end|p2a: Iron Moth|Substitute\n|\n|-weather|Sandstorm|[upkeep]\n|-damage|p2a: Iron Moth|70\/100|[from] Sandstorm\n|-heal|p2a: Iron Moth|76\/100|[from] Grassy Terrain\n|-heal|p1a: Tyranitar|25\/100|[from] Grassy Terrain\n|-heal|p1a: Tyranitar|31\/100|[from] item: Leftovers\n|upkeep\n|turn|16\n|\n|t:|1699834349\n|-terastallize|p1a: Tyranitar|Fairy\n|move|p2a: Iron Moth|Energy Ball|p1a: Tyranitar\n|-damage|p1a: Tyranitar|9\/100\n|-unboost|p1a: Tyranitar|spd|1\n|move|p1a: Tyranitar|High Horsepower|p2a: Iron Moth\n|-supereffective|p2a: Iron Moth\n|-damage|p2a: Iron Moth|0 fnt\n|faint|p2a: Iron Moth\n|-end|p2a: Iron Moth|Quark Drive|[silent]\n|\n|-weather|Sandstorm|[upkeep]\n|-damage|p1a: Tyranitar|2\/100|[from] Sandstorm\n|-heal|p1a: Tyranitar|9\/100|[from] Grassy Terrain\n|-heal|p1a: Tyranitar|15\/100|[from] item: Leftovers\n|upkeep\n|inactive|LordPriapus69 has 120 seconds left.\n|\n|t:|1699834387\n|switch|p2a: Manaphy|Manaphy, shiny|100\/100\n|turn|17\n|\n|t:|1699834394\n|move|p2a: Manaphy|Scald|p1a: Tyranitar\n|-damage|p1a: Tyranitar|0 fnt\n|faint|p1a: Tyranitar\n|\n|-weather|Sandstorm|[upkeep]\n|-damage|p2a: Manaphy|94\/100|[from] Sandstorm\n|-heal|p2a: Manaphy|100\/100|[from] Grassy Terrain\n|-fieldend|move: Grassy Terrain\n|upkeep\n|\n|t:|1699834397\n|switch|p1a: Jirachi|Jirachi|100\/100\n|turn|18\n|inactive|LordPriapus69 has 120 seconds left.\n|inactive|LordPriapus69 has 90 seconds left.\n|inactive|LordPriapus69 has 60 seconds left.\n|\n|t:|1699834479\n|move|p2a: Manaphy|Take Heart|p2a: Manaphy\n|-boost|p2a: Manaphy|spa|1\n|-boost|p2a: Manaphy|spd|1\n|move|p1a: Jirachi|Thunderbolt|p2a: Manaphy\n|-supereffective|p2a: Manaphy\n|-damage|p2a: Manaphy|63\/100\n|-damage|p1a: Jirachi|91\/100|[from] item: Life Orb\n|\n|-weather|none\n|-heal|p2a: Manaphy|69\/100|[from] item: Leftovers\n|upkeep\n|turn|19\n|inactive|LordPriapus69 has 30 seconds left.\n|inactive|LordPriapus69 has 20 seconds left.\n|\n|t:|1699834517\n|move|p2a: Manaphy|Take Heart|p2a: Manaphy\n|-boost|p2a: Manaphy|spa|1\n|-boost|p2a: Manaphy|spd|1\n|move|p1a: Jirachi|Thunderbolt|p2a: Manaphy\n|-supereffective|p2a: Manaphy\n|-crit|p2a: Manaphy\n|-damage|p2a: Manaphy|0 fnt\n|faint|p2a: Manaphy\n|-damage|p1a: Jirachi|81\/100|[from] item: Life Orb\n|\n|upkeep\n|inactive|LordPriapus69 has 25 seconds left this turn.\n|\n|t:|1699834521\n|switch|p2a: Kingambit|Kingambit, F|100\/100\n|-activate|p2a: Kingambit|ability: Supreme Overlord\n|-start|p2a: Kingambit|fallen4|[silent]\n|turn|20\n|\n|t:|1699834526\n|move|p1a: Jirachi|Thunderbolt|p2a: Kingambit\n|-damage|p2a: Kingambit|61\/100\n|-damage|p1a: Jirachi|71\/100|[from] item: Life Orb\n|move|p2a: Kingambit|Swords Dance|p2a: Kingambit\n|-boost|p2a: Kingambit|atk|2\n|\n|-heal|p2a: Kingambit|67\/100|[from] item: Leftovers\n|upkeep\n|turn|21\n|\n|t:|1699834539\n|move|p2a: Kingambit|Sucker Punch|p1a: Jirachi\n|-supereffective|p1a: Jirachi\n|-damage|p1a: Jirachi|0 fnt\n|faint|p1a: Jirachi\n|\n|-heal|p2a: Kingambit|74\/100|[from] item: Leftovers\n|upkeep\n|\n|t:|1699834541\n|switch|p1a: Rillaboom|Rillaboom, F|100\/100\n|-fieldstart|move: Grassy Terrain|[from] ability: Grassy Surge|[of] p1a: Rillaboom\n|turn|22\n|inactive|LordPriapus69 has 30 seconds left.\n|inactive|LordPriapus69 has 20 seconds left.\n|inactive|LordPriapus69 has 15 seconds left.\n|inactive|LordPriapus69 has 10 seconds left.\n|\n|t:|1699834584\n|-terastallize|p2a: Kingambit|Flying\n|move|p2a: Kingambit|Sucker Punch|p1a: Rillaboom\n|-damage|p1a: Rillaboom|7\/100\n|move|p1a: Rillaboom|Drain Punch|p2a: Kingambit\n|-resisted|p2a: Kingambit\n|-damage|p2a: Kingambit|56\/100\n|-heal|p1a: Rillaboom|15\/100|[from] drain|[of] p2a: Kingambit\n|\n|-heal|p1a: Rillaboom|21\/100|[from] Grassy Terrain\n|-heal|p2a: Kingambit|62\/100|[from] item: Leftovers\n|upkeep\n|turn|23\n|inactive|LordPriapus69 has 20 seconds left this turn.\n|inactive|LordPriapus69 has 15 seconds left.\n|\n|t:|1699834593\n|move|p2a: Kingambit|Sucker Punch|p1a: Rillaboom\n|-damage|p1a: Rillaboom|0 fnt\n|faint|p1a: Rillaboom\n|\n|-heal|p2a: Kingambit|68\/100|[from] item: Leftovers\n|upkeep\n|inactive|LordPriapus69 has 20 seconds left this turn.\n|\n|t:|1699834595\n|switch|p1a: Samurott|Samurott-Hisui, F|100\/100\n|turn|24\n|inactive|LordPriapus69 has 30 seconds left this turn.\n|\n|t:|1699834609\n|move|p1a: Samurott|Razor Shell|p2a: Kingambit\n|-damage|p2a: Kingambit|18\/100\n|move|p2a: Kingambit|Kowtow Cleave|p1a: Samurott\n|-resisted|p1a: Samurott\n|-damage|p1a: Samurott|28\/100\n|\n|-heal|p1a: Samurott|34\/100|[from] Grassy Terrain\n|-heal|p2a: Kingambit|24\/100|[from] item: Leftovers\n|upkeep\n|turn|25\n|inactive|LordPriapus69 has 30 seconds left.\n|\n|t:|1699834614\n|move|p1a: Samurott|Sucker Punch|p2a: Kingambit\n|-damage|p2a: Kingambit|0 fnt\n|faint|p2a: Kingambit\n|-end|p2a: Kingambit|fallen4|[silent]\n|\n|-heal|p1a: Samurott|40\/100|[from] Grassy Terrain\n|upkeep\n|\n|t:|1699834617\n|switch|p2a: Gholdengo|Gholdengo|100\/100\n|-item|p2a: Gholdengo|Air Balloon\n|turn|26\n|\n|t:|1699834625\n|move|p1a: Samurott|Sucker Punch|p2a: Gholdengo\n|-supereffective|p2a: Gholdengo\n|-damage|p2a: Gholdengo|0 fnt\n|-enditem|p2a: Gholdengo|Air Balloon\n|faint|p2a: Gholdengo\n|\n|win|CyrusD\n|raw|CyrusD's rating: 1335 &rarr; <strong>1356<\/strong><br \/>(+21 for winning)\n|raw|LordPriapus69's rating: 1348 &rarr; <strong>1327<\/strong><br \/>(-21 for losing)\n|l|\u2606LordPriapus69\n","uploadtime":1699834657,"views":11,"p1id":"cyrusd","p2id":"lordpriapus69","formatid":"gen9ou","rating":1327,"private":0,"password":""}