{"id":"gen9ou-2000263484","p1":"3Brains1Cell","p2":"platking","format":"[Gen 9] OU","log":"|j|\u26063Brains1Cell\n|j|\u2606platking\n|t:|1701179047\n|gametype|singles\n|player|p1|3Brains1Cell|guzma|1159\n|player|p2|platking|101|1079\n|teamsize|p1|6\n|teamsize|p2|6\n|gen|9\n|tier|[Gen 9] OU\n|rated|\n|rule|Sleep Clause Mod: Limit one foe put to sleep\n|rule|Species Clause: Limit one of each Pok\u00e9mon\n|rule|OHKO Clause: OHKO moves are banned\n|rule|Evasion Items Clause: Evasion items are banned\n|rule|Evasion Moves Clause: Evasion moves are banned\n|rule|Endless Battle Clause: Forcing endless battles is banned\n|rule|HP Percentage Mod: HP is shown in percentages\n|clearpoke\n|poke|p1|Greninja-*, M|\n|poke|p1|Ting-Lu|\n|poke|p1|Grimmsnarl, M|\n|poke|p1|Iron Valiant|\n|poke|p1|Gholdengo|\n|poke|p1|Dragapult, F|\n|poke|p2|Skeledirge, F|\n|poke|p2|Dragapult, M|\n|poke|p2|Kingambit, F|\n|poke|p2|Walking Wake|\n|poke|p2|Glimmora, M|\n|poke|p2|Dondozo, M|\n|teampreview\n|inactive|Battle timer is ON: inactive players will automatically lose when time's up. (requested by 3Brains1Cell)\n|inactive|3Brains1Cell has 120 seconds left.\n|\n|t:|1701179079\n|start\n|switch|p1a: Dragapult|Dragapult, F|100\/100\n|switch|p2a: Glub Tubbah|Glimmora, M|100\/100\n|turn|1\n|\n|t:|1701179084\n|move|p1a: Dragapult|Substitute|p1a: Dragapult\n|-start|p1a: Dragapult|Substitute\n|-damage|p1a: Dragapult|76\/100\n|move|p2a: Glub Tubbah|Stealth Rock|p1a: Dragapult\n|-sidestart|p1: 3Brains1Cell|move: Stealth Rock\n|\n|-heal|p1a: Dragapult|82\/100|[from] item: Leftovers\n|upkeep\n|turn|2\n|\n|t:|1701179093\n|move|p1a: Dragapult|Dragon Dance|p1a: Dragapult\n|-boost|p1a: Dragapult|atk|1\n|-boost|p1a: Dragapult|spe|1\n|move|p2a: Glub Tubbah|Earth Power|p1a: Dragapult\n|-end|p1a: Dragapult|Substitute\n|\n|-heal|p1a: Dragapult|88\/100|[from] item: Leftovers\n|upkeep\n|turn|3\n|\n|t:|1701179101\n|move|p1a: Dragapult|Dragon Darts|p2a: Glub Tubbah\n|-crit|p2a: Glub Tubbah\n|-damage|p2a: Glub Tubbah|24\/100\n|-activate|p2a: Glub Tubbah|ability: Toxic Debris\n|-sidestart|p1: 3Brains1Cell|move: Toxic Spikes\n|-anim|p1a: Dragapult|Dragon Darts|p2a: Glub Tubbah\n|-damage|p2a: Glub Tubbah|0 fnt\n|-activate|p2a: Glub Tubbah|ability: Toxic Debris\n|-sidestart|p1: 3Brains1Cell|move: Toxic Spikes\n|faint|p2a: Glub Tubbah\n|\n|-heal|p1a: Dragapult|94\/100|[from] item: Leftovers\n|upkeep\n|\n|t:|1701179115\n|switch|p2a: The DON|Dondozo, M|100\/100\n|turn|4\n|\n|t:|1701179123\n|switch|p1a: Gholdengo|Gholdengo|100\/100\n|-damage|p1a: Gholdengo|94\/100|[from] Stealth Rock\n|move|p2a: The DON|Earthquake|p1a: Gholdengo\n|-supereffective|p1a: Gholdengo\n|-damage|p1a: Gholdengo|63\/100\n|\n|-heal|p1a: Gholdengo|69\/100|[from] item: Leftovers\n|upkeep\n|turn|5\n|\n|t:|1701179133\n|move|p1a: Gholdengo|Thunder Wave|p2a: The DON\n|-status|p2a: The DON|par\n|move|p2a: The DON|Earthquake|p1a: Gholdengo\n|-supereffective|p1a: Gholdengo\n|-damage|p1a: Gholdengo|35\/100\n|\n|-heal|p1a: Gholdengo|41\/100|[from] item: Leftovers\n|upkeep\n|turn|6\n|\n|t:|1701179140\n|move|p1a: Gholdengo|Recover|p1a: Gholdengo\n|-heal|p1a: Gholdengo|91\/100\n|cant|p2a: The DON|par\n|\n|-heal|p1a: Gholdengo|97\/100|[from] item: Leftovers\n|upkeep\n|turn|7\n|\n|t:|1701179147\n|move|p1a: Gholdengo|Nasty Plot|p1a: Gholdengo\n|-boost|p1a: Gholdengo|spa|2\n|move|p2a: The DON|Earthquake|p1a: Gholdengo\n|-supereffective|p1a: Gholdengo\n|-damage|p1a: Gholdengo|68\/100\n|\n|-heal|p1a: Gholdengo|74\/100|[from] item: Leftovers\n|upkeep\n|turn|8\n|\n|t:|1701179154\n|move|p1a: Gholdengo|Hex|p2a: The DON\n|-damage|p2a: The DON|41\/100 par\n|cant|p2a: The DON|par\n|\n|-heal|p1a: Gholdengo|80\/100|[from] item: Leftovers\n|-heal|p2a: The DON|48\/100 par|[from] item: Leftovers\n|upkeep\n|turn|9\n|\n|t:|1701179161\n|move|p1a: Gholdengo|Hex|p2a: The DON\n|-damage|p2a: The DON|0 fnt\n|faint|p2a: The DON\n|\n|-heal|p1a: Gholdengo|86\/100|[from] item: Leftovers\n|upkeep\n|\n|t:|1701179170\n|switch|p2a: Nyoomster|Dragapult, M|100\/100\n|turn|10\n|\n|t:|1701179176\n|-terastallize|p1a: Gholdengo|Flying\n|move|p2a: Nyoomster|Curse|p1a: Gholdengo\n|-immune|p1a: Gholdengo|[from] ability: Good as Gold\n|move|p1a: Gholdengo|Hex|p2a: Nyoomster\n|-supereffective|p2a: Nyoomster\n|-damage|p2a: Nyoomster|0 fnt\n|-start|p1a: Gholdengo|Disable|Hex|[from] ability: Cursed Body|[of] p2a: Nyoomster\n|faint|p2a: Nyoomster\n|\n|-heal|p1a: Gholdengo|92\/100|[from] item: Leftovers\n|upkeep\n|\n|t:|1701179185\n|switch|p2a: Dirgy Boy|Skeledirge, F|100\/100\n|turn|11\n|\n|t:|1701179203\n|-terastallize|p2a: Dirgy Boy|Fairy\n|move|p1a: Gholdengo|Thunder Wave|p2a: Dirgy Boy|[miss]\n|-miss|p1a: Gholdengo|p2a: Dirgy Boy\n|move|p2a: Dirgy Boy|Tera Blast|p1a: Gholdengo|[anim] Tera Blast Fairy\n|-damage|p1a: Gholdengo|64\/100\n|\n|-heal|p1a: Gholdengo|70\/100|[from] item: Leftovers\n|upkeep\n|turn|12\n|\n|t:|1701179212\n|move|p1a: Gholdengo|Thunder Wave|p2a: Dirgy Boy\n|-status|p2a: Dirgy Boy|par\n|cant|p2a: Dirgy Boy|par\n|\n|-heal|p1a: Gholdengo|76\/100|[from] item: Leftovers\n|upkeep\n|turn|13\n|\n|t:|1701179224\n|move|p1a: Gholdengo|Recover|p1a: Gholdengo\n|-heal|p1a: Gholdengo|100\/100\n|move|p2a: Dirgy Boy|Torch Song|p1a: Gholdengo\n|-damage|p1a: Gholdengo|70\/100\n|-boost|p2a: Dirgy Boy|spa|1\n|\n|-heal|p1a: Gholdengo|76\/100|[from] item: Leftovers\n|-end|p1a: Gholdengo|Disable\n|upkeep\n|turn|14\n|\n|t:|1701179233\n|move|p1a: Gholdengo|Hex|p2a: Dirgy Boy\n|-damage|p2a: Dirgy Boy|55\/100 par\n|move|p2a: Dirgy Boy|Torch Song|p1a: Gholdengo\n|-damage|p1a: Gholdengo|34\/100\n|-boost|p2a: Dirgy Boy|spa|1\n|\n|-heal|p1a: Gholdengo|40\/100|[from] item: Leftovers\n|upkeep\n|turn|15\n|\n|t:|1701179242\n|move|p1a: Gholdengo|Hex|p2a: Dirgy Boy\n|-crit|p2a: Dirgy Boy\n|-damage|p2a: Dirgy Boy|0 fnt\n|faint|p2a: Dirgy Boy\n|\n|-heal|p1a: Gholdengo|46\/100|[from] item: Leftovers\n|upkeep\n|\n|t:|1701179248\n|switch|p2a: Tepple|Walking Wake|100\/100\n|turn|16\n|\n|t:|1701179255\n|move|p2a: Tepple|Flamethrower|p1a: Gholdengo\n|-damage|p1a: Gholdengo|5\/100\n|move|p1a: Gholdengo|Thunder Wave|p2a: Tepple\n|-status|p2a: Tepple|par\n|\n|-heal|p1a: Gholdengo|11\/100|[from] item: Leftovers\n|upkeep\n|turn|17\n|\n|t:|1701179260\n|move|p1a: Gholdengo|Recover|p1a: Gholdengo\n|-heal|p1a: Gholdengo|61\/100\n|move|p2a: Tepple|Flamethrower|p1a: Gholdengo\n|-damage|p1a: Gholdengo|15\/100\n|\n|-heal|p1a: Gholdengo|21\/100|[from] item: Leftovers\n|upkeep\n|turn|18\n|\n|t:|1701179267\n|move|p1a: Gholdengo|Recover|p1a: Gholdengo\n|-heal|p1a: Gholdengo|71\/100\n|move|p2a: Tepple|Flamethrower|p1a: Gholdengo\n|-damage|p1a: Gholdengo|22\/100\n|\n|-heal|p1a: Gholdengo|29\/100|[from] item: Leftovers\n|upkeep\n|turn|19\n|\n|t:|1701179274\n|move|p1a: Gholdengo|Recover|p1a: Gholdengo\n|-heal|p1a: Gholdengo|79\/100\n|move|p2a: Tepple|Flamethrower|p1a: Gholdengo\n|-damage|p1a: Gholdengo|36\/100\n|\n|-heal|p1a: Gholdengo|42\/100|[from] item: Leftovers\n|upkeep\n|turn|20\n|\n|t:|1701179281\n|move|p1a: Gholdengo|Recover|p1a: Gholdengo\n|-heal|p1a: Gholdengo|92\/100\n|move|p2a: Tepple|Flamethrower|p1a: Gholdengo\n|-crit|p1a: Gholdengo\n|-damage|p1a: Gholdengo|31\/100\n|-status|p1a: Gholdengo|brn\n|\n|-heal|p1a: Gholdengo|37\/100 brn|[from] item: Leftovers\n|-damage|p1a: Gholdengo|31\/100 brn|[from] brn\n|upkeep\n|turn|21\n|\n|t:|1701179290\n|move|p1a: Gholdengo|Hex|p2a: Tepple\n|-damage|p2a: Tepple|0 fnt\n|faint|p2a: Tepple\n|-end|p2a: Tepple|Protosynthesis|[silent]\n|\n|-heal|p1a: Gholdengo|37\/100 brn|[from] item: Leftovers\n|-damage|p1a: Gholdengo|31\/100 brn|[from] brn\n|upkeep\n|\n|t:|1701179293\n|switch|p2a: Leen|Kingambit, F|100\/100\n|turn|22\n|\n|t:|1701179298\n|move|p1a: Gholdengo|Thunder Wave|p2a: Leen\n|-status|p2a: Leen|par\n|-enditem|p2a: Leen|Lum Berry|[eat]\n|-curestatus|p2a: Leen|par|[msg]\n|move|p2a: Leen|Swords Dance|p2a: Leen\n|-boost|p2a: Leen|atk|2\n|\n|-heal|p1a: Gholdengo|37\/100 brn|[from] item: Leftovers\n|-damage|p1a: Gholdengo|31\/100 brn|[from] brn\n|upkeep\n|turn|23\n|\n|t:|1701179309\n|move|p1a: Gholdengo|Thunder Wave|p2a: Leen\n|-status|p2a: Leen|par\n|move|p2a: Leen|Low Kick|p1a: Gholdengo\n|-resisted|p1a: Gholdengo\n|-damage|p1a: Gholdengo|16\/100 brn\n|\n|-heal|p1a: Gholdengo|22\/100 brn|[from] item: Leftovers\n|-damage|p1a: Gholdengo|16\/100 brn|[from] brn\n|upkeep\n|turn|24\n|\n|t:|1701179323\n|move|p1a: Gholdengo|Hex|p2a: Leen\n|-resisted|p2a: Leen\n|-damage|p2a: Leen|33\/100 par\n|cant|p2a: Leen|par\n|\n|-heal|p1a: Gholdengo|22\/100 brn|[from] item: Leftovers\n|-damage|p1a: Gholdengo|16\/100 brn|[from] brn\n|upkeep\n|turn|25\n|\n|t:|1701179331\n|move|p1a: Gholdengo|Recover|p1a: Gholdengo\n|-heal|p1a: Gholdengo|66\/100 brn\n|move|p2a: Leen|Low Kick|p1a: Gholdengo\n|-resisted|p1a: Gholdengo\n|-damage|p1a: Gholdengo|51\/100 brn\n|\n|-heal|p1a: Gholdengo|57\/100 brn|[from] item: Leftovers\n|-damage|p1a: Gholdengo|51\/100 brn|[from] brn\n|upkeep\n|turn|26\n|\n|t:|1701179338\n|move|p1a: Gholdengo|Hex|p2a: Leen\n|-resisted|p2a: Leen\n|-damage|p2a: Leen|0 fnt\n|faint|p2a: Leen\n|\n|win|3Brains1Cell\n|raw|3Brains1Cell's rating: 1159 &rarr; <strong>1178<\/strong><br \/>(+19 for winning)\n|raw|platking's rating: 1079 &rarr; <strong>1062<\/strong><br \/>(-17 for losing)\n|l|\u2606platking\n","uploadtime":1701179349,"views":3,"p1id":"3brains1cell","p2id":"platking","formatid":"gen9ou","rating":1062,"private":0,"password":""}