{"id":"gen9ou-1996493138","p1":"PLAYB0I R0BBIE B","p2":"pierpat","format":"[Gen 9] OU","log":"|j|\u2606PLAYB0I R0BBIE B\n|j|\u2606pierpat\n|t:|1700687361\n|gametype|singles\n|player|p1|PLAYB0I R0BBIE B|eusine|1376\n|player|p2|pierpat|1|1456\n|teamsize|p1|6\n|teamsize|p2|6\n|gen|9\n|tier|[Gen 9] OU\n|rated|\n|rule|Sleep Clause Mod: Limit one foe put to sleep\n|rule|Species Clause: Limit one of each Pok\u00e9mon\n|rule|OHKO Clause: OHKO moves are banned\n|rule|Evasion Items Clause: Evasion items are banned\n|rule|Evasion Moves Clause: Evasion moves are banned\n|rule|Endless Battle Clause: Forcing endless battles is banned\n|rule|HP Percentage Mod: HP is shown in percentages\n|clearpoke\n|poke|p1|Meowscarada, F|\n|poke|p1|Heatran, F|\n|poke|p1|Thundurus-Therian, M|\n|poke|p1|Dragapult, F|\n|poke|p1|Great Tusk|\n|poke|p1|Azumarill, F|\n|poke|p2|Iron Moth|\n|poke|p2|Kingambit, F|\n|poke|p2|Iron Valiant|\n|poke|p2|Gholdengo|\n|poke|p2|Sandy Shocks|\n|poke|p2|Dragonite, M|\n|teampreview\n|\n|t:|1700687375\n|start\n|switch|p1a: ASTROTHUNDER|Thundurus-Therian, M|100\/100\n|switch|p2a: Sandy Shocks|Sandy Shocks|100\/100\n|-enditem|p2a: Sandy Shocks|Booster Energy\n|-activate|p2a: Sandy Shocks|ability: Protosynthesis|[fromitem]\n|-start|p2a: Sandy Shocks|protosynthesisspe\n|turn|1\n|\n|t:|1700687382\n|move|p2a: Sandy Shocks|Stealth Rock|p1a: ASTROTHUNDER\n|-sidestart|p1: PLAYB0I R0BBIE B|move: Stealth Rock\n|move|p1a: ASTROTHUNDER|Grass Knot|p2a: Sandy Shocks\n|-supereffective|p2a: Sandy Shocks\n|-damage|p2a: Sandy Shocks|0 fnt\n|faint|p2a: Sandy Shocks\n|-end|p2a: Sandy Shocks|Protosynthesis|[silent]\n|\n|upkeep\n|\n|t:|1700687392\n|switch|p2a: Iron Moth|Iron Moth|100\/100\n|-enditem|p2a: Iron Moth|Booster Energy\n|-activate|p2a: Iron Moth|ability: Quark Drive|[fromitem]\n|-start|p2a: Iron Moth|quarkdrivespe\n|turn|2\n|\n|t:|1700687397\n|switch|p1a: 5% TINT|Heatran, F|100\/100\n|-damage|p1a: 5% TINT|88\/100|[from] Stealth Rock\n|-item|p1a: 5% TINT|Air Balloon\n|-terastallize|p2a: Iron Moth|Fire\n|move|p2a: Iron Moth|Fiery Dance|p1a: 5% TINT\n|-start|p1a: 5% TINT|ability: Flash Fire\n|\n|upkeep\n|turn|3\n|\n|t:|1700687402\n|move|p2a: Iron Moth|Discharge|p1a: 5% TINT\n|-damage|p1a: 5% TINT|62\/100\n|-enditem|p1a: 5% TINT|Air Balloon\n|move|p1a: 5% TINT|Earth Power|p2a: Iron Moth\n|-supereffective|p2a: Iron Moth\n|-damage|p2a: Iron Moth|42\/100\n|\n|upkeep\n|turn|4\n|\n|t:|1700687412\n|move|p2a: Iron Moth|Discharge|p1a: 5% TINT\n|-damage|p1a: 5% TINT|38\/100\n|move|p1a: 5% TINT|Earth Power|p2a: Iron Moth\n|-supereffective|p2a: Iron Moth\n|-damage|p2a: Iron Moth|0 fnt\n|faint|p2a: Iron Moth\n|-end|p2a: Iron Moth|Quark Drive|[silent]\n|\n|upkeep\n|\n|t:|1700687418\n|switch|p2a: Dragonite|Dragonite, M|100\/100\n|turn|5\n|\n|t:|1700687422\n|-end|p1a: 5% TINT|ability: Flash Fire|[silent]\n|switch|p1a: NO BYSTANDERS|Dragapult, F|100\/100\n|move|p2a: Dragonite|Dragon Dance|p2a: Dragonite\n|-boost|p2a: Dragonite|atk|1\n|-boost|p2a: Dragonite|spe|1\n|\n|upkeep\n|turn|6\n|\n|t:|1700687425\n|move|p1a: NO BYSTANDERS|Thunder Wave|p2a: Dragonite|[miss]\n|-miss|p1a: NO BYSTANDERS|p2a: Dragonite\n|move|p2a: Dragonite|Earthquake|p1a: NO BYSTANDERS\n|-damage|p1a: NO BYSTANDERS|6\/100\n|\n|upkeep\n|turn|7\n|\n|t:|1700687429\n|move|p1a: NO BYSTANDERS|Thunder Wave|p2a: Dragonite\n|-status|p2a: Dragonite|par\n|cant|p2a: Dragonite|par\n|\n|upkeep\n|turn|8\n|\n|t:|1700687437\n|move|p1a: NO BYSTANDERS|U-turn|p2a: Dragonite\n|-resisted|p2a: Dragonite\n|-damage|p2a: Dragonite|96\/100 par\n|\n|t:|1700687441\n|switch|p1a: YOSEMITE|Great Tusk|100\/100|[from] U-turn\n|move|p2a: Dragonite|Earthquake|p1a: YOSEMITE\n|-damage|p1a: YOSEMITE|58\/100\n|\n|upkeep\n|turn|9\n|\n|t:|1700687447\n|move|p1a: YOSEMITE|Ice Spinner|p2a: Dragonite\n|-supereffective|p2a: Dragonite\n|-damage|p2a: Dragonite|0 fnt\n|faint|p2a: Dragonite\n|\n|upkeep\n|\n|t:|1700687453\n|switch|p2a: Iron Valiant|Iron Valiant|100\/100\n|-enditem|p2a: Iron Valiant|Booster Energy\n|-activate|p2a: Iron Valiant|ability: Quark Drive|[fromitem]\n|-start|p2a: Iron Valiant|quarkdrivespe\n|turn|10\n|\n|t:|1700687461\n|-end|p1a: YOSEMITE|Protosynthesis|[silent]\n|switch|p1a: NO BYSTANDERS|Dragapult, F|6\/100\n|move|p2a: Iron Valiant|Moonblast|p1a: NO BYSTANDERS\n|-supereffective|p1a: NO BYSTANDERS\n|-damage|p1a: NO BYSTANDERS|0 fnt\n|faint|p1a: NO BYSTANDERS\n|\n|upkeep\n|\n|t:|1700687464\n|switch|p1a: CAN'T SAY|Azumarill, F|100\/100\n|-damage|p1a: CAN'T SAY|88\/100|[from] Stealth Rock\n|turn|11\n|\n|t:|1700687470\n|move|p2a: Iron Valiant|Moonblast|p1a: CAN'T SAY\n|-damage|p1a: CAN'T SAY|57\/100\n|move|p1a: CAN'T SAY|Play Rough|p2a: Iron Valiant\n|-supereffective|p2a: Iron Valiant\n|-damage|p2a: Iron Valiant|0 fnt\n|faint|p2a: Iron Valiant\n|-end|p2a: Iron Valiant|Quark Drive|[silent]\n|\n|upkeep\n|\n|t:|1700687484\n|switch|p2a: Kingambit|Kingambit, F|100\/100\n|-activate|p2a: Kingambit|ability: Supreme Overlord\n|-start|p2a: Kingambit|fallen4|[silent]\n|turn|12\n|\n|t:|1700687491\n|switch|p1a: YOSEMITE|Great Tusk|58\/100\n|move|p2a: Kingambit|Iron Head|p1a: YOSEMITE\n|-damage|p1a: YOSEMITE|13\/100\n|\n|upkeep\n|turn|13\n|\n|t:|1700687494\n|move|p2a: Kingambit|Sucker Punch|p1a: YOSEMITE\n|-resisted|p1a: YOSEMITE\n|-damage|p1a: YOSEMITE|0 fnt\n|faint|p1a: YOSEMITE\n|-end|p1a: YOSEMITE|Protosynthesis|[silent]\n|\n|upkeep\n|\n|t:|1700687497\n|switch|p1a: SICKO MODE|Meowscarada, F|100\/100\n|-damage|p1a: SICKO MODE|88\/100|[from] Stealth Rock\n|turn|14\n|\n|t:|1700687500\n|move|p1a: SICKO MODE|Low Kick|p2a: Kingambit\n|-start|p1a: SICKO MODE|typechange|Fighting|[from] ability: Protean\n|-supereffective|p2a: Kingambit\n|-damage|p2a: Kingambit|0 fnt\n|faint|p2a: Kingambit\n|-end|p2a: Kingambit|fallen4|[silent]\n|\n|upkeep\n|\n|t:|1700687503\n|switch|p2a: Gholdengo|Gholdengo|100\/100\n|-item|p2a: Gholdengo|Air Balloon\n|turn|15\n|\n|t:|1700687507\n|switch|p1a: 5% TINT|Heatran, F|38\/100\n|-damage|p1a: 5% TINT|26\/100|[from] Stealth Rock\n|move|p2a: Gholdengo|Dazzling Gleam|p1a: 5% TINT\n|-resisted|p1a: 5% TINT\n|-damage|p1a: 5% TINT|19\/100\n|\n|upkeep\n|turn|16\n|\n|t:|1700687510\n|move|p2a: Gholdengo|Shadow Ball|p1a: 5% TINT\n|-damage|p1a: 5% TINT|0 fnt\n|faint|p1a: 5% TINT\n|\n|upkeep\n|\n|t:|1700687512\n|switch|p1a: SICKO MODE|Meowscarada, F|88\/100\n|-damage|p1a: SICKO MODE|76\/100|[from] Stealth Rock\n|turn|17\n|\n|t:|1700687518\n|move|p1a: SICKO MODE|Knock Off|p2a: Gholdengo\n|-start|p1a: SICKO MODE|typechange|Dark|[from] ability: Protean\n|-supereffective|p2a: Gholdengo\n|-damage|p2a: Gholdengo|0 fnt\n|-enditem|p2a: Gholdengo|Air Balloon\n|faint|p2a: Gholdengo\n|\n|win|PLAYB0I R0BBIE B\n|raw|PLAYB0I R0BBIE B's rating: 1376 &rarr; <strong>1401<\/strong><br \/>(+25 for winning)\n|raw|pierpat's rating: 1456 &rarr; <strong>1431<\/strong><br \/>(-25 for losing)\n|l|\u2606pierpat\n","uploadtime":1700687526,"views":2,"p1id":"playb0ir0bbieb","p2id":"pierpat","formatid":"gen9ou","rating":1401,"private":0,"password":""}