{"id":"gen9ou-1995740665","p1":"GabiruDelicia","p2":"Bakitaladelbarrio","format":"[Gen 9] OU","log":"|j|\u2606GabiruDelicia\n|j|\u2606Bakitaladelbarrio\n|t:|1700598777\n|gametype|singles\n|player|p1|GabiruDelicia|iris|1503\n|player|p2|Bakitaladelbarrio|colress|1468\n|teamsize|p1|6\n|teamsize|p2|6\n|gen|9\n|tier|[Gen 9] OU\n|rated|\n|rule|Sleep Clause Mod: Limit one foe put to sleep\n|rule|Species Clause: Limit one of each Pok\u00e9mon\n|rule|OHKO Clause: OHKO moves are banned\n|rule|Evasion Items Clause: Evasion items are banned\n|rule|Evasion Moves Clause: Evasion moves are banned\n|rule|Endless Battle Clause: Forcing endless battles is banned\n|rule|HP Percentage Mod: HP is shown in percentages\n|clearpoke\n|poke|p1|Zamazenta-*|\n|poke|p1|Gholdengo|\n|poke|p1|Samurott-Hisui, M|\n|poke|p1|Enamorus, F|\n|poke|p1|Zapdos|\n|poke|p1|Great Tusk|\n|poke|p2|Okidogi, M|\n|poke|p2|Corviknight, M|\n|poke|p2|Hoopa-Unbound|\n|poke|p2|Sinistcha-Masterpiece|\n|poke|p2|Cinderace, F|\n|poke|p2|Slowking-Galar, M|\n|teampreview\n|inactive|Battle timer is ON: inactive players will automatically lose when time's up. (requested by Bakitaladelbarrio)\n|\n|t:|1700598796\n|start\n|switch|p1a: Zamazenta|Zamazenta|100\/100\n|switch|p2a: Cinderace|Cinderace, F|100\/100\n|-ability|p1a: Zamazenta|Dauntless Shield|boost\n|-boost|p1a: Zamazenta|def|1\n|turn|1\n|\n|t:|1700598807\n|move|p1a: Zamazenta|Crunch|p2a: Cinderace\n|-damage|p2a: Cinderace|44\/100\n|move|p2a: Cinderace|U-turn|p1a: Zamazenta\n|-start|p2a: Cinderace|typechange|Bug|[from] ability: Libero\n|-resisted|p1a: Zamazenta\n|-damage|p1a: Zamazenta|89\/100\n|\n|t:|1700598814\n|switch|p2a: Okidogi|Okidogi, M|100\/100|[from] U-turn\n|\n|upkeep\n|turn|2\n|\n|t:|1700598820\n|switch|p1a: Gholdengo|Gholdengo|100\/100\n|move|p2a: Okidogi|Bulk Up|p2a: Okidogi\n|-boost|p2a: Okidogi|atk|1\n|-boost|p2a: Okidogi|def|1\n|\n|upkeep\n|turn|3\n|\n|t:|1700598827\n|move|p2a: Okidogi|Knock Off|p1a: Gholdengo\n|-supereffective|p1a: Gholdengo\n|-damage|p1a: Gholdengo|0 fnt\n|-enditem|p1a: Gholdengo|Covert Cloak|[from] move: Knock Off|[of] p2a: Okidogi\n|faint|p1a: Gholdengo\n|\n|upkeep\n|\n|t:|1700598841\n|switch|p1a: Great Tusk|Great Tusk|100\/100\n|turn|4\n|\n|t:|1700598845\n|move|p1a: Great Tusk|Earthquake|p2a: Okidogi\n|-supereffective|p2a: Okidogi\n|-damage|p2a: Okidogi|47\/100\n|move|p2a: Okidogi|Knock Off|p1a: Great Tusk\n|-resisted|p1a: Great Tusk\n|-damage|p1a: Great Tusk|81\/100\n|-enditem|p1a: Great Tusk|Heavy-Duty Boots|[from] move: Knock Off|[of] p2a: Okidogi\n|\n|-heal|p2a: Okidogi|53\/100|[from] item: Leftovers\n|upkeep\n|turn|5\n|\n|t:|1700598860\n|-terastallize|p2a: Okidogi|Water\n|move|p1a: Great Tusk|Earthquake|p2a: Okidogi\n|-damage|p2a: Okidogi|27\/100\n|move|p2a: Okidogi|Drain Punch|p1a: Great Tusk\n|-damage|p1a: Great Tusk|37\/100\n|-heal|p2a: Okidogi|48\/100|[from] drain|[of] p1a: Great Tusk\n|\n|-heal|p2a: Okidogi|54\/100|[from] item: Leftovers\n|upkeep\n|turn|6\n|\n|t:|1700598874\n|move|p1a: Great Tusk|Close Combat|p2a: Okidogi\n|-damage|p2a: Okidogi|23\/100\n|-unboost|p1a: Great Tusk|def|1\n|-unboost|p1a: Great Tusk|spd|1\n|move|p2a: Okidogi|Drain Punch|p1a: Great Tusk\n|-damage|p1a: Great Tusk|0 fnt\n|-heal|p2a: Okidogi|41\/100|[from] drain|[of] p1a: Great Tusk\n|faint|p1a: Great Tusk\n|-end|p1a: Great Tusk|Protosynthesis|[silent]\n|\n|-heal|p2a: Okidogi|47\/100|[from] item: Leftovers\n|upkeep\n|\n|t:|1700598877\n|switch|p1a: Zapdos|Zapdos|100\/100\n|turn|7\n|\n|t:|1700598892\n|switch|p2a: Slowking|Slowking-Galar, M|100\/100\n|move|p1a: Zapdos|Thunderbolt|p2a: Slowking\n|-damage|p2a: Slowking|71\/100\n|\n|upkeep\n|turn|8\n|\n|t:|1700598899\n|move|p1a: Zapdos|Volt Switch|p2a: Slowking\n|-damage|p2a: Slowking|46\/100\n|\n|t:|1700598902\n|switch|p1a: Samurott|Samurott-Hisui, M|100\/100|[from] Volt Switch\n|move|p2a: Slowking|Chilly Reception|p2a: Slowking\n|-weather|Snow\n|\n|t:|1700598909\n|switch|p2a: Cinderace|Cinderace, F|44\/100|[from] Chilly Reception\n|\n|-weather|Snow|[upkeep]\n|upkeep\n|turn|9\n|\n|t:|1700598914\n|move|p1a: Samurott|Aqua Jet|p2a: Cinderace\n|-supereffective|p2a: Cinderace\n|-damage|p2a: Cinderace|0 fnt\n|faint|p2a: Cinderace\n|\n|-weather|Snow|[upkeep]\n|upkeep\n|\n|t:|1700598921\n|switch|p2a: Hoopa|Hoopa-Unbound|100\/100\n|turn|10\n|\n|t:|1700598949\n|switch|p1a: Zapdos|Zapdos|100\/100\n|move|p2a: Hoopa|Knock Off|p1a: Zapdos\n|-damage|p1a: Zapdos|43\/100\n|-enditem|p1a: Zapdos|Heavy-Duty Boots|[from] move: Knock Off|[of] p2a: Hoopa\n|\n|-weather|Snow|[upkeep]\n|upkeep\n|turn|11\n|\n|t:|1700598959\n|move|p1a: Zapdos|Volt Switch|p2a: Hoopa\n|-damage|p2a: Hoopa|76\/100\n|\n|t:|1700598965\n|switch|p1a: Samurott|Samurott-Hisui, M|100\/100|[from] Volt Switch\n|move|p2a: Hoopa|Psychic|p1a: Samurott\n|-immune|p1a: Samurott\n|\n|-weather|Snow|[upkeep]\n|upkeep\n|turn|12\n|\n|t:|1700598974\n|move|p1a: Samurott|Ceaseless Edge|p2a: Hoopa|[miss]\n|-miss|p1a: Samurott|p2a: Hoopa\n|move|p2a: Hoopa|Brick Break|p1a: Samurott\n|-supereffective|p1a: Samurott\n|-damage|p1a: Samurott|24\/100\n|\n|-weather|none\n|upkeep\n|turn|13\n|\n|t:|1700598995\n|switch|p2a: Corviknight|Corviknight, M|100\/100\n|-ability|p2a: Corviknight|Pressure\n|move|p1a: Samurott|Aqua Cutter|p2a: Corviknight\n|-damage|p2a: Corviknight|69\/100\n|\n|-heal|p2a: Corviknight|75\/100|[from] item: Leftovers\n|upkeep\n|turn|14\n|\n|t:|1700599009\n|move|p1a: Samurott|Ceaseless Edge|p2a: Corviknight\n|-damage|p2a: Corviknight|47\/100\n|-sidestart|p2: Bakitaladelbarrio|Spikes\n|move|p2a: Corviknight|U-turn|p1a: Samurott\n|-supereffective|p1a: Samurott\n|-damage|p1a: Samurott|0 fnt\n|faint|p1a: Samurott\n|\n|t:|1700599020\n|switch|p2a: Hoopa|Hoopa-Unbound|76\/100|[from] U-turn\n|-damage|p2a: Hoopa|64\/100|[from] Spikes\n|\n|upkeep\n|\n|t:|1700599022\n|switch|p1a: Enamorus|Enamorus, F|100\/100\n|turn|15\n|\n|t:|1700599033\n|switch|p2a: Slowking|Slowking-Galar, M|79\/100\n|move|p1a: Enamorus|Moonblast|p2a: Slowking\n|-resisted|p2a: Slowking\n|-damage|p2a: Slowking|57\/100\n|-unboost|p2a: Slowking|spa|1\n|\n|upkeep\n|turn|16\n|\n|t:|1700599044\n|switch|p1a: Zapdos|Zapdos|43\/100\n|move|p2a: Slowking|Chilly Reception|p2a: Slowking\n|-weather|Snow\n|\n|t:|1700599049\n|switch|p2a: Hoopa|Hoopa-Unbound|64\/100|[from] Chilly Reception\n|-damage|p2a: Hoopa|52\/100|[from] Spikes\n|\n|-weather|Snow|[upkeep]\n|upkeep\n|turn|17\n|\n|t:|1700599064\n|move|p1a: Zapdos|Thunderbolt|p2a: Hoopa\n|-crit|p2a: Hoopa\n|-damage|p2a: Hoopa|4\/100\n|move|p2a: Hoopa|Psychic|p1a: Zapdos\n|-damage|p1a: Zapdos|0 fnt\n|faint|p1a: Zapdos\n|\n|-weather|Snow|[upkeep]\n|upkeep\n|\n|t:|1700599071\n|switch|p1a: Zamazenta|Zamazenta|89\/100\n|turn|18\n|\n|t:|1700599075\n|move|p1a: Zamazenta|Crunch|p2a: Hoopa\n|-damage|p2a: Hoopa|0 fnt\n|faint|p2a: Hoopa\n|\n|-weather|Snow|[upkeep]\n|upkeep\n|\n|t:|1700599082\n|switch|p2a: Okidogi|Okidogi, M, tera:Water|47\/100\n|-damage|p2a: Okidogi|35\/100|[from] Spikes\n|turn|19\n|\n|t:|1700599086\n|move|p1a: Zamazenta|Crunch|p2a: Okidogi\n|-damage|p2a: Okidogi|3\/100\n|move|p2a: Okidogi|Drain Punch|p1a: Zamazenta\n|-damage|p1a: Zamazenta|50\/100\n|-heal|p2a: Okidogi|20\/100|[from] drain|[of] p1a: Zamazenta\n|\n|-weather|Snow|[upkeep]\n|-heal|p2a: Okidogi|26\/100|[from] item: Leftovers\n|upkeep\n|turn|20\n|\n|t:|1700599096\n|move|p1a: Zamazenta|Crunch|p2a: Okidogi\n|-damage|p2a: Okidogi|0 fnt\n|faint|p2a: Okidogi\n|\n|-weather|none\n|upkeep\n|\n|t:|1700599102\n|switch|p2a: Corviknight|Corviknight, M|47\/100\n|-ability|p2a: Corviknight|Pressure\n|turn|21\n|\n|t:|1700599107\n|move|p1a: Zamazenta|Crunch|p2a: Corviknight\n|-damage|p2a: Corviknight|23\/100\n|-unboost|p2a: Corviknight|def|1\n|move|p2a: Corviknight|Roost|p2a: Corviknight\n|-heal|p2a: Corviknight|73\/100\n|-singleturn|p2a: Corviknight|move: Roost\n|\n|-heal|p2a: Corviknight|79\/100|[from] item: Leftovers\n|upkeep\n|turn|22\n|\n|t:|1700599118\n|switch|p1a: Enamorus|Enamorus, F|100\/100\n|move|p2a: Corviknight|Brave Bird|p1a: Enamorus\n|-damage|p1a: Enamorus|41\/100\n|-damage|p2a: Corviknight|65\/100|[from] Recoil\n|\n|-heal|p2a: Corviknight|71\/100|[from] item: Leftovers\n|upkeep\n|turn|23\n|\n|t:|1700599132\n|move|p1a: Enamorus|Earth Power|p2a: Corviknight\n|-immune|p2a: Corviknight\n|move|p2a: Corviknight|Brave Bird|p1a: Enamorus\n|-damage|p1a: Enamorus|0 fnt\n|faint|p1a: Enamorus\n|-damage|p2a: Corviknight|61\/100|[from] Recoil\n|\n|-heal|p2a: Corviknight|67\/100|[from] item: Leftovers\n|upkeep\n|-message|GabiruDelicia forfeited.\n|\n|win|Bakitaladelbarrio\n|raw|GabiruDelicia's rating: 1503 &rarr; <strong>1481<\/strong><br \/>(-22 for losing)\n|raw|Bakitaladelbarrio's rating: 1468 &rarr; <strong>1490<\/strong><br \/>(+22 for winning)\n|l|\u2606GabiruDelicia\n","uploadtime":1700599145,"views":0,"p1id":"gabirudelicia","p2id":"bakitaladelbarrio","formatid":"gen9ou","rating":1481,"private":0,"password":""}