{"id":"gen9ou-1995790794","p1":"hrsmn","p2":"OpVjZLR2AvTfbOCk","format":"[Gen 9] OU","log":"|j|\u2606hrsmn\n|j|\u2606OpVjZLR2AvTfbOCk\n|t:|1700603467\n|gametype|singles\n|player|p1|hrsmn|ninjaboy|1006\n|player|p2|OpVjZLR2AvTfbOCk|265|1000\n|teamsize|p1|6\n|teamsize|p2|6\n|gen|9\n|tier|[Gen 9] OU\n|rated|\n|rule|Sleep Clause Mod: Limit one foe put to sleep\n|rule|Species Clause: Limit one of each Pok\u00e9mon\n|rule|OHKO Clause: OHKO moves are banned\n|rule|Evasion Items Clause: Evasion items are banned\n|rule|Evasion Moves Clause: Evasion moves are banned\n|rule|Endless Battle Clause: Forcing endless battles is banned\n|rule|HP Percentage Mod: HP is shown in percentages\n|clearpoke\n|poke|p1|Kleavor, F|\n|poke|p1|Great Tusk|\n|poke|p1|Iron Valiant|\n|poke|p1|Ogerpon-Wellspring, F|\n|poke|p1|Slowking-Galar, M|\n|poke|p1|Corviknight, M|\n|poke|p2|Torkoal, M|\n|poke|p2|Great Tusk|\n|poke|p2|Walking Wake|\n|poke|p2|Kingambit, M|\n|poke|p2|Infernape, F|\n|poke|p2|Rillaboom, F|\n|teampreview\n|inactive|Battle timer is ON: inactive players will automatically lose when time's up. (requested by OpVjZLR2AvTfbOCk)\n|\n|t:|1700603475\n|start\n|switch|p1a: Kleavor|Kleavor, F|100\/100\n|switch|p2a: Torkoal|Torkoal, M|100\/100\n|-weather|SunnyDay|[from] ability: Drought|[of] p2a: Torkoal\n|turn|1\n|\n|t:|1700603482\n|move|p1a: Kleavor|Stone Axe|p2a: Torkoal\n|-supereffective|p2a: Torkoal\n|-damage|p2a: Torkoal|37\/100\n|move|p2a: Torkoal|Stealth Rock|p1a: Kleavor\n|-sidestart|p1: hrsmn|move: Stealth Rock\n|\n|-weather|SunnyDay|[upkeep]\n|upkeep\n|turn|2\n|\n|t:|1700603488\n|switch|p2a: Great Tusk|Great Tusk|100\/100\n|-activate|p2a: Great Tusk|ability: Protosynthesis\n|-start|p2a: Great Tusk|protosynthesisspe\n|move|p1a: Kleavor|Stone Axe|p2a: Great Tusk\n|-resisted|p2a: Great Tusk\n|-damage|p2a: Great Tusk|93\/100\n|\n|-weather|SunnyDay|[upkeep]\n|upkeep\n|turn|3\n|inactive|hrsmn has 120 seconds left.\n|\n|t:|1700603519\n|switch|p1a: Corviknight|Corviknight, M|100\/100\n|-ability|p1a: Corviknight|Pressure\n|move|p2a: Great Tusk|Bulk Up|p2a: Great Tusk\n|-boost|p2a: Great Tusk|atk|1\n|-boost|p2a: Great Tusk|def|1\n|\n|-weather|SunnyDay|[upkeep]\n|upkeep\n|turn|4\n|inactive|hrsmn has 120 seconds left.\n|\n|t:|1700603537\n|-end|p2a: Great Tusk|Protosynthesis|[silent]\n|switch|p2a: Infernape|Infernape, F|100\/100\n|move|p1a: Corviknight|Tailwind|p1a: Corviknight\n|-sidestart|p1: hrsmn|move: Tailwind\n|\n|-weather|SunnyDay|[upkeep]\n|upkeep\n|turn|5\n|inactive|hrsmn has 120 seconds left.\n|\n|t:|1700603545\n|move|p2a: Infernape|Overheat|p1a: Corviknight\n|-supereffective|p1a: Corviknight\n|-damage|p1a: Corviknight|0 fnt\n|-unboost|p2a: Infernape|spa|2\n|-enditem|p2a: Infernape|Eject Pack\n|faint|p1a: Corviknight\n|\n|t:|1700603548\n|switch|p2a: Rillaboom|Rillaboom, F|100\/100\n|-fieldstart|move: Grassy Terrain|[from] ability: Grassy Surge|[of] p2a: Rillaboom\n|\n|-weather|SunnyDay|[upkeep]\n|upkeep\n|inactive|hrsmn has 120 seconds left.\n|\n|t:|1700603562\n|switch|p1a: Kleavor|Kleavor, F|100\/100\n|-damage|p1a: Kleavor|76\/100|[from] Stealth Rock\n|turn|6\n|\n|t:|1700603569\n|move|p1a: Kleavor|U-turn|p2a: Rillaboom\n|-supereffective|p2a: Rillaboom\n|-damage|p2a: Rillaboom|14\/100\n|\n|t:|1700603576\n|switch|p1a: Slowking|Slowking-Galar, M|100\/100|[from] U-turn\n|-damage|p1a: Slowking|88\/100|[from] Stealth Rock\n|move|p2a: Rillaboom|Wood Hammer|p1a: Slowking\n|-resisted|p1a: Slowking\n|-damage|p1a: Slowking|25\/100\n|-damage|p2a: Rillaboom|0 fnt|[from] Recoil\n|faint|p2a: Rillaboom\n|\n|-weather|SunnyDay|[upkeep]\n|-heal|p1a: Slowking|31\/100|[from] Grassy Terrain\n|-heal|p1a: Slowking|37\/100|[from] item: Leftovers\n|upkeep\n|\n|t:|1700603580\n|switch|p2a: Walking Wake|Walking Wake|100\/100\n|-activate|p2a: Walking Wake|ability: Protosynthesis\n|-start|p2a: Walking Wake|protosynthesisspe\n|turn|7\n|inactive|hrsmn has 120 seconds left.\n|inactive|hrsmn has 90 seconds left.\n|inactive|hrsmn has 60 seconds left.\n|inactive|hrsmn has 30 seconds left.\n|inactive|hrsmn has 20 seconds left.\n|inactive|hrsmn has 15 seconds left.\n|inactive|hrsmn has 10 seconds left.\n|inactive|hrsmn has 5 seconds left.\n|-message|hrsmn lost due to inactivity.\n|\n|win|OpVjZLR2AvTfbOCk\n|raw|hrsmn's rating: 1006 &rarr; <strong>1000<\/strong><br \/>(-6 for losing)\n|raw|OpVjZLR2AvTfbOCk's rating: 1000 &rarr; <strong>1041<\/strong><br \/>(+41 for winning)\n","uploadtime":1700603728,"views":6,"p1id":"hrsmn","p2id":"opvjzlr2avtfbock","formatid":"gen9ou","rating":1000,"private":0,"password":""}