{"id":"gen9ou-1996066490","p1":"Ordmas","p2":"jrigovno","format":"[Gen 9] OU","log":"|j|\u2606Ordmas\n|j|\u2606jrigovno\n|t:|1700638472\n|gametype|singles\n|player|p1|Ordmas|rocketgruntf|1065\n|player|p2|jrigovno|giovanni|1040\n|teamsize|p1|6\n|teamsize|p2|6\n|gen|9\n|tier|[Gen 9] OU\n|rated|\n|rule|Sleep Clause Mod: Limit one foe put to sleep\n|rule|Species Clause: Limit one of each Pok\u00e9mon\n|rule|OHKO Clause: OHKO moves are banned\n|rule|Evasion Items Clause: Evasion items are banned\n|rule|Evasion Moves Clause: Evasion moves are banned\n|rule|Endless Battle Clause: Forcing endless battles is banned\n|rule|HP Percentage Mod: HP is shown in percentages\n|clearpoke\n|poke|p1|Jirachi|\n|poke|p1|Garchomp, M|\n|poke|p1|Zapdos|\n|poke|p1|Azumarill, M|\n|poke|p1|Scizor, M|\n|poke|p1|Volcanion|\n|poke|p2|Heatran, M|\n|poke|p2|Ceruledge, F|\n|poke|p2|Gholdengo|\n|poke|p2|Ting-Lu|\n|poke|p2|Furret, F|\n|poke|p2|Iron Thorns|\n|teampreview\n|\n|t:|1700638480\n|start\n|switch|p1a: Wisha|Jirachi|100\/100\n|switch|p2a: Ting-Lu|Ting-Lu|100\/100\n|-ability|p2a: Ting-Lu|Vessel of Ruin\n|turn|1\n|\n|t:|1700638492\n|move|p1a: Wisha|U-turn|p2a: Ting-Lu\n|-supereffective|p2a: Ting-Lu\n|-damage|p2a: Ting-Lu|84\/100\n|\n|t:|1700638501\n|switch|p1a: Pylesos|Azumarill, M, shiny|100\/100|[from] U-turn\n|move|p2a: Ting-Lu|Stealth Rock|p1a: Pylesos\n|-sidestart|p1: Ordmas|move: Stealth Rock\n|\n|upkeep\n|turn|2\n|c|\u2606jrigovno|sosi pylesos\n|\n|t:|1700638523\n|move|p1a: Pylesos|Play Rough|p2a: Ting-Lu\n|-supereffective|p2a: Ting-Lu\n|-damage|p2a: Ting-Lu|32\/100\n|move|p2a: Ting-Lu|Whirlwind|p1a: Pylesos\n|drag|p1a: Alkid|Scizor, M, shiny|100\/100\n|\n|upkeep\n|turn|3\n|\n|t:|1700638538\n|move|p1a: Alkid|U-turn|p2a: Ting-Lu\n|-supereffective|p2a: Ting-Lu\n|-damage|p2a: Ting-Lu|0 fnt\n|faint|p2a: Ting-Lu\n|\n|t:|1700638547\n|switch|p1a: Wisha|Jirachi|100\/100|[from] U-turn\n|-damage|p1a: Wisha|94\/100|[from] Stealth Rock\n|\n|-heal|p1a: Wisha|100\/100|[from] item: Leftovers\n|upkeep\n|\n|t:|1700638561\n|switch|p2a: Iron Thorns|Iron Thorns|100\/100\n|-enditem|p2a: Iron Thorns|Booster Energy\n|-activate|p2a: Iron Thorns|ability: Quark Drive|[fromitem]\n|-start|p2a: Iron Thorns|quarkdriveatk\n|turn|4\n|\n|t:|1700638574\n|move|p1a: Wisha|Stealth Rock|p2a: Iron Thorns\n|-sidestart|p2: jrigovno|move: Stealth Rock\n|move|p2a: Iron Thorns|Stone Edge|p1a: Wisha\n|-resisted|p1a: Wisha\n|-damage|p1a: Wisha|66\/100\n|\n|-heal|p1a: Wisha|72\/100|[from] item: Leftovers\n|upkeep\n|turn|5\n|\n|t:|1700638586\n|move|p1a: Wisha|Iron Head|p2a: Iron Thorns\n|-damage|p2a: Iron Thorns|75\/100\n|cant|p2a: Iron Thorns|flinch\n|\n|-heal|p1a: Wisha|79\/100|[from] item: Leftovers\n|upkeep\n|turn|6\n|\n|t:|1700638595\n|move|p1a: Wisha|Iron Head|p2a: Iron Thorns\n|-damage|p2a: Iron Thorns|49\/100\n|cant|p2a: Iron Thorns|flinch\n|\n|-heal|p1a: Wisha|85\/100|[from] item: Leftovers\n|upkeep\n|turn|7\n|\n|t:|1700638603\n|move|p1a: Wisha|Iron Head|p2a: Iron Thorns\n|-damage|p2a: Iron Thorns|22\/100\n|cant|p2a: Iron Thorns|flinch\n|\n|-heal|p1a: Wisha|91\/100|[from] item: Leftovers\n|upkeep\n|turn|8\n|\n|t:|1700638614\n|move|p1a: Wisha|Iron Head|p2a: Iron Thorns\n|-damage|p2a: Iron Thorns|0 fnt\n|faint|p2a: Iron Thorns\n|-end|p2a: Iron Thorns|Quark Drive|[silent]\n|\n|-heal|p1a: Wisha|97\/100|[from] item: Leftovers\n|upkeep\n|c|\u2606jrigovno|???\n|\n|t:|1700638624\n|switch|p2a: Ceruledge|Ceruledge, F|100\/100\n|-damage|p2a: Ceruledge|76\/100|[from] Stealth Rock\n|turn|9\n|\n|t:|1700638631\n|move|p2a: Ceruledge|Swords Dance|p2a: Ceruledge\n|-boost|p2a: Ceruledge|atk|2\n|move|p1a: Wisha|Stealth Rock||[still]\n|-fail|p1a: Wisha\n|\n|-heal|p1a: Wisha|100\/100|[from] item: Leftovers\n|upkeep\n|turn|10\n|inactive|Battle timer is ON: inactive players will automatically lose when time's up. (requested by jrigovno)\n|\n|t:|1700638663\n|move|p2a: Ceruledge|Swords Dance|p2a: Ceruledge\n|-boost|p2a: Ceruledge|atk|2\n|move|p1a: Wisha|U-turn|p2a: Ceruledge\n|-resisted|p2a: Ceruledge\n|-damage|p2a: Ceruledge|70\/100\n|-ability|p2a: Ceruledge|Weak Armor|boost\n|-unboost|p2a: Ceruledge|def|1\n|-boost|p2a: Ceruledge|spe|2\n|\n|t:|1700638678\n|switch|p1a: Pylesos|Azumarill, M, shiny|100\/100|[from] U-turn\n|-damage|p1a: Pylesos|88\/100|[from] Stealth Rock\n|\n|upkeep\n|turn|11\n|\n|t:|1700638690\n|move|p2a: Ceruledge|Shadow Claw|p1a: Pylesos\n|-damage|p1a: Pylesos|0 fnt\n|faint|p1a: Pylesos\n|-damage|p2a: Ceruledge|60\/100|[from] item: Life Orb\n|\n|upkeep\n|\n|t:|1700638697\n|switch|p1a: Tower|Volcanion|100\/100\n|turn|12\n|\n|t:|1700638706\n|move|p2a: Ceruledge|Dragon Claw|p1a: Tower\n|-damage|p1a: Tower|9\/100\n|-damage|p2a: Ceruledge|50\/100|[from] item: Life Orb\n|move|p1a: Tower|Steam Eruption|p2a: Ceruledge\n|-supereffective|p2a: Ceruledge\n|-damage|p2a: Ceruledge|0 fnt\n|faint|p2a: Ceruledge\n|\n|upkeep\n|\n|t:|1700638711\n|switch|p2a: Furret|Furret, F|100\/100\n|-item|p1a: Tower|Heavy-Duty Boots|[from] ability: Frisk|[of] p2a: Furret|[identify]\n|turn|13\n|\n|t:|1700638730\n|move|p2a: Furret|Tidy Up|p2a: Furret\n|-sideend|p2: jrigovno|Stealth Rock\n|-sideend|p1: Ordmas|Stealth Rock\n|-activate|p2a: Furret|move: Tidy Up\n|-boost|p2a: Furret|atk|1\n|-boost|p2a: Furret|spe|1\n|move|p1a: Tower|Steam Eruption|p2a: Furret\n|-damage|p2a: Furret|0 fnt\n|faint|p2a: Furret\n|\n|upkeep\n|\n|t:|1700638741\n|switch|p2a: Heatran|Heatran, M|100\/100\n|-item|p2a: Heatran|Air Balloon\n|turn|14\n|\n|t:|1700638757\n|move|p1a: Tower|Earth Power|p2a: Heatran\n|-immune|p2a: Heatran\n|move|p2a: Heatran|Dark Pulse|p1a: Tower\n|-damage|p1a: Tower|0 fnt\n|faint|p1a: Tower\n|\n|upkeep\n|\n|t:|1700638767\n|switch|p1a: Garcha|Garchomp, M|100\/100\n|turn|15\n|\n|t:|1700638782\n|-terastallize|p2a: Heatran|Fire\n|move|p1a: Garcha|Fire Fang|p2a: Heatran|[miss]\n|-miss|p1a: Garcha|p2a: Heatran\n|move|p2a: Heatran|Flamethrower|p1a: Garcha\n|-resisted|p1a: Garcha\n|-damage|p1a: Garcha|69\/100\n|-status|p1a: Garcha|brn\n|\n|-damage|p1a: Garcha|62\/100 brn|[from] brn\n|upkeep\n|turn|16\n|\n|t:|1700638795\n|move|p1a: Garcha|Earthquake|p2a: Heatran\n|-immune|p2a: Heatran\n|move|p2a: Heatran|Flamethrower|p1a: Garcha\n|-resisted|p1a: Garcha\n|-damage|p1a: Garcha|30\/100 brn\n|\n|-damage|p1a: Garcha|24\/100 brn|[from] brn\n|upkeep\n|turn|17\n|\n|t:|1700638810\n|-terastallize|p1a: Garcha|Dragon\n|move|p1a: Garcha|Scale Shot|p2a: Heatran\n|-damage|p2a: Heatran|94\/100\n|-enditem|p2a: Heatran|Air Balloon\n|-damage|p2a: Heatran|87\/100\n|-damage|p2a: Heatran|80\/100\n|-damage|p2a: Heatran|73\/100\n|-damage|p2a: Heatran|67\/100\n|-hitcount|p2a: Heatran|5\n|-unboost|p1a: Garcha|def|1\n|-boost|p1a: Garcha|spe|1\n|move|p2a: Heatran|Flamethrower|p1a: Garcha\n|-resisted|p1a: Garcha\n|-damage|p1a: Garcha|0 fnt\n|faint|p1a: Garcha\n|\n|upkeep\n|\n|t:|1700638830\n|switch|p1a: Zeida|Zapdos|100\/100\n|turn|18\n|\n|t:|1700638838\n|move|p1a: Zeida|Thunderbolt|p2a: Heatran\n|-damage|p2a: Heatran|32\/100\n|-status|p2a: Heatran|par\n|cant|p2a: Heatran|par\n|\n|upkeep\n|turn|19\n|\n|t:|1700638848\n|move|p1a: Zeida|Thunderbolt|p2a: Heatran\n|-damage|p2a: Heatran|0 fnt\n|faint|p2a: Heatran\n|\n|upkeep\n|\n|t:|1700638850\n|switch|p2a: Gholdengo|Gholdengo|100\/100\n|turn|20\n|\n|t:|1700638868\n|move|p1a: Zeida|Volt Switch|p2a: Gholdengo\n|-damage|p2a: Gholdengo|56\/100\n|\n|t:|1700638871\n|switch|p1a: Alkid|Scizor, M, shiny|100\/100|[from] Volt Switch\n|move|p2a: Gholdengo|Nasty Plot|p2a: Gholdengo\n|-boost|p2a: Gholdengo|spa|2\n|\n|upkeep\n|turn|21\n|\n|t:|1700638891\n|move|p2a: Gholdengo|Shadow Ball|p1a: Alkid\n|-damage|p1a: Alkid|0 fnt\n|faint|p1a: Alkid\n|-damage|p2a: Gholdengo|46\/100|[from] item: Life Orb\n|\n|upkeep\n|\n|t:|1700638899\n|switch|p1a: Zeida|Zapdos|100\/100\n|turn|22\n|\n|t:|1700638907\n|move|p1a: Zeida|Volt Switch|p2a: Gholdengo\n|-damage|p2a: Gholdengo|5\/100\n|\n|t:|1700638911\n|switch|p1a: Wisha|Jirachi|100\/100|[from] Volt Switch\n|move|p2a: Gholdengo|Shadow Ball|p1a: Wisha\n|-supereffective|p1a: Wisha\n|-damage|p1a: Wisha|0 fnt\n|faint|p1a: Wisha\n|-damage|p2a: Gholdengo|0 fnt|[from] item: Life Orb\n|faint|p2a: Gholdengo\n|\n|win|Ordmas\n|raw|Ordmas's rating: 1065 &rarr; <strong>1093<\/strong><br \/>(+28 for winning)\n|raw|jrigovno's rating: 1040 &rarr; <strong>1025<\/strong><br \/>(-15 for losing)\n|l|\u2606jrigovno\n","uploadtime":1700638933,"views":1,"p1id":"ordmas","p2id":"jrigovno","formatid":"gen9ou","rating":1025,"private":0,"password":""}