{"id":"gen9ou-1993637914","p1":"Juriste VR","p2":"KC Shiif","format":"[Gen 9] OU","log":"|j|\u2606Juriste VR\n|j|\u2606KC Shiif\n|t:|1700340224\n|gametype|singles\n|player|p1|Juriste VR|#rbtt6teampalkia|\n|player|p2|KC Shiif|scientist-gen3|\n|teamsize|p1|6\n|teamsize|p2|6\n|gen|9\n|tier|[Gen 9] OU\n|rule|Sleep Clause Mod: Limit one foe put to sleep\n|rule|Species Clause: Limit one of each Pok\u00e9mon\n|rule|OHKO Clause: OHKO moves are banned\n|rule|Evasion Items Clause: Evasion items are banned\n|rule|Evasion Moves Clause: Evasion moves are banned\n|rule|Endless Battle Clause: Forcing endless battles is banned\n|rule|HP Percentage Mod: HP is shown in percentages\n|clearpoke\n|poke|p1|Samurott-Hisui, F|\n|poke|p1|Great Tusk|\n|poke|p1|Garganacl, M|\n|poke|p1|Sneasler, M|\n|poke|p1|Zapdos|\n|poke|p1|Gholdengo|\n|poke|p2|Garganacl, F|\n|poke|p2|Sneasler, F|\n|poke|p2|Great Tusk|\n|poke|p2|Moltres|\n|poke|p2|Dragapult, F|\n|poke|p2|Gholdengo|\n|teampreview\n|c|\u2606KC Shiif|hf\n|c|\u2606Juriste VR|hf\n|j| Alkione\n|j| RoiDadadou\n|j|+Lyna \u6c37\n|j| zoyotte\n|j| Extinct\n|j| Menacce17\n|j| GeeMick\n|j| Honneur royal\n|j| Chaf Forma +11\n|j| Micciu\n|j| Chicos\n|j| Cicada & Leftiez\n|j| Student of Sinnoh\n|j| Uxilon\n|c| Chicos|match de bonhomme\n|j| Oya\/Semort\n|j| Rarelyme\n|j| Zenadark\n|j| Adri\n|j| xKSr\n|j| Sirwings\n|c| zoyotte|LFGI SHIF\n|c| Zenadark|Allez Zitekun\n|j| ICVR\n|c|\u2606KC Shiif|jure le leak comme \u00e7a\n|l| Zenadark\n|j| Zenadark\n|c| ICVR|expose moi c'te fraudr\n|j| Evuelf\n|c| ICVR|slt evuelf\n|inactive|Battle timer is ON: inactive players will automatically lose when time's up. (requested by Juriste VR)\n|j| patron de lidl\n|j|+SFG\n|c| Adri|go shiif !\n|j| Evil\n|j| CaroOui\n|j| Xr_Kartana\n|l| CaroOui\n|\n|t:|1700340385\n|start\n|switch|p1a: Briar \ud83d\udc63\ud83d\udc43|Zapdos|100\/100\n|switch|p2a: KC Lyncas|Sneasler, F|100\/100\n|turn|1\n|j| Akalli\n|l|+SFG\n|j| Jaqualizer\n|\n|t:|1700340398\n|switch|p1a: Crabe \ud83e\udd78\ud83e\udef5|Gholdengo|100\/100\n|move|p2a: KC Lyncas|Fake Out|p1a: Crabe \ud83e\udd78\ud83e\udef5\n|-immune|p1a: Crabe \ud83e\udd78\ud83e\udef5\n|\n|upkeep\n|turn|2\n|j|+Osake\n|c| Jaqualizer|ESPERAR2SEGUNDOS\n|l| GeeMick\n|l| Zenadark\n|inactive|Juriste VR has 270 seconds left.\n|l| Akalli\n|\n|t:|1700340440\n|switch|p2a: KC Bo|Moltres|100\/100\n|move|p1a: Crabe \ud83e\udd78\ud83e\udef5|Shadow Ball|p2a: KC Bo\n|-damage|p2a: KC Bo|49\/100\n|\n|upkeep\n|turn|3\n|j| Frrf\n|j| Cherbou\n|\n|t:|1700340468\n|switch|p1a: \ud83d\udc74\ud83c\udffc \ud83d\udc48\ud83c\udffc \ud83e\udd2c|Garganacl, M|100\/100\n|switch|p2a: KC Maynter|Garganacl, F|100\/100\n|\n|upkeep\n|turn|4\n|j| Frankl1faitseslace\n|\n|t:|1700340479\n|switch|p1a: Oiseau \ud83e\uddf6\ud83c\udfa9|Great Tusk|100\/100\n|move|p2a: KC Maynter|Stealth Rock|p1a: Oiseau \ud83e\uddf6\ud83c\udfa9\n|-sidestart|p1: Juriste VR|move: Stealth Rock\n|\n|upkeep\n|turn|5\n|j| GeeMick\n|\n|t:|1700340484\n|switch|p2a: KC Bo|Moltres|49\/100\n|move|p1a: Oiseau \ud83e\uddf6\ud83c\udfa9|Stealth Rock|p2a: KC Bo\n|-sidestart|p2: KC Shiif|move: Stealth Rock\n|\n|upkeep\n|turn|6\n|j| Kickasser\n|j| Ryuji\n|j| flagenbobotiflenge\n|inactive|Juriste VR has 240 seconds left.\n|j| Agammemnon\n|\n|t:|1700340525\n|move|p1a: Oiseau \ud83e\uddf6\ud83c\udfa9|Earthquake|p2a: KC Bo\n|-immune|p2a: KC Bo\n|move|p2a: KC Bo|Roost|p2a: KC Bo\n|-heal|p2a: KC Bo|99\/100\n|-singleturn|p2a: KC Bo|move: Roost\n|\n|upkeep\n|turn|7\n|\n|t:|1700340535\n|-end|p1a: Oiseau \ud83e\uddf6\ud83c\udfa9|Protosynthesis|[silent]\n|switch|p1a: \ud83d\udc74\ud83c\udffc \ud83d\udc48\ud83c\udffc \ud83e\udd2c|Garganacl, M|100\/100\n|-damage|p1a: \ud83d\udc74\ud83c\udffc \ud83d\udc48\ud83c\udffc \ud83e\udd2c|88\/100|[from] Stealth Rock\n|move|p2a: KC Bo|Will-O-Wisp|p1a: \ud83d\udc74\ud83c\udffc \ud83d\udc48\ud83c\udffc \ud83e\udd2c\n|-immune|p1a: \ud83d\udc74\ud83c\udffc \ud83d\udc48\ud83c\udffc \ud83e\udd2c|[from] ability: Purifying Salt\n|\n|-heal|p1a: \ud83d\udc74\ud83c\udffc \ud83d\udc48\ud83c\udffc \ud83e\udd2c|94\/100|[from] item: Leftovers\n|upkeep\n|turn|8\n|inactive|Juriste VR has 240 seconds left.\n|\n|t:|1700340542\n|move|p2a: KC Bo|U-turn|p1a: \ud83d\udc74\ud83c\udffc \ud83d\udc48\ud83c\udffc \ud83e\udd2c\n|-damage|p1a: \ud83d\udc74\ud83c\udffc \ud83d\udc48\ud83c\udffc \ud83e\udd2c|86\/100\n|j| Umberto_test\n|\n|t:|1700340545\n|switch|p2a: KC Yamato|Gholdengo|100\/100|[from] U-turn\n|-damage|p2a: KC Yamato|94\/100|[from] Stealth Rock\n|move|p1a: \ud83d\udc74\ud83c\udffc \ud83d\udc48\ud83c\udffc \ud83e\udd2c|Salt Cure|p2a: KC Yamato\n|-resisted|p2a: KC Yamato\n|-damage|p2a: KC Yamato|89\/100\n|\n|-heal|p1a: \ud83d\udc74\ud83c\udffc \ud83d\udc48\ud83c\udffc \ud83e\udd2c|93\/100|[from] item: Leftovers\n|upkeep\n|turn|9\n|inactive|Juriste VR has 240 seconds left.\n|j| Zenadark\n|l| Zenadark\n|j| Jamyv2\n|inactive|Juriste VR has 210 seconds left.\n|j| Zenadark\n|l| Frankl1faitseslace\n|l| Zenadark\n|j| lemonstre1\n|inactive|Juriste VR has 180 seconds left.\n|j| Zenadark\n|l| Umberto_test\n|\n|t:|1700340644\n|switch|p1a: Chokbar \ud83e\udee8\ud83d\udc8b|Samurott-Hisui, F|100\/100\n|-damage|p1a: Chokbar \ud83e\udee8\ud83d\udc8b|88\/100|[from] Stealth Rock\n|move|p2a: KC Yamato|Thunder Wave|p1a: Chokbar \ud83e\udee8\ud83d\udc8b\n|-status|p1a: Chokbar \ud83e\udee8\ud83d\udc8b|par\n|\n|upkeep\n|turn|10\n|l| Zenadark\n|inactive|KC Shiif has 270 seconds left.\n|j|+Le Dieun \u2764 notor\n|inactive|KC Shiif has 240 seconds left.\n|\n|t:|1700340707\n|switch|p2a: KC Vladi|Great Tusk|100\/100\n|-damage|p2a: KC Vladi|98\/100|[from] Stealth Rock\n|move|p1a: Chokbar \ud83e\udee8\ud83d\udc8b|Knock Off|p2a: KC Vladi\n|-resisted|p2a: KC Vladi\n|-damage|p2a: KC Vladi|87\/100\n|-enditem|p2a: KC Vladi|Leftovers|[from] move: Knock Off|[of] p1a: Chokbar \ud83e\udee8\ud83d\udc8b\n|\n|upkeep\n|turn|11\n|\n|t:|1700340719\n|switch|p1a: Oiseau \ud83e\uddf6\ud83c\udfa9|Great Tusk|100\/100\n|-damage|p1a: Oiseau \ud83e\uddf6\ud83c\udfa9|97\/100|[from] Stealth Rock\n|move|p2a: KC Vladi|Rapid Spin|p1a: Oiseau \ud83e\uddf6\ud83c\udfa9\n|-damage|p1a: Oiseau \ud83e\uddf6\ud83c\udfa9|90\/100\n|-boost|p2a: KC Vladi|spe|1\n|-sideend|p2: KC Shiif|Stealth Rock|[from] move: Rapid Spin|[of] p2a: KC Vladi\n|\n|-heal|p1a: Oiseau \ud83e\uddf6\ud83c\udfa9|97\/100|[from] item: Leftovers\n|upkeep\n|turn|12\n|\n|t:|1700340725\n|move|p2a: KC Vladi|Knock Off|p1a: Oiseau \ud83e\uddf6\ud83c\udfa9\n|-resisted|p1a: Oiseau \ud83e\uddf6\ud83c\udfa9\n|-damage|p1a: Oiseau \ud83e\uddf6\ud83c\udfa9|90\/100\n|-enditem|p1a: Oiseau \ud83e\uddf6\ud83c\udfa9|Leftovers|[from] move: Knock Off|[of] p2a: KC Vladi\n|move|p1a: Oiseau \ud83e\uddf6\ud83c\udfa9|Stealth Rock|p2a: KC Vladi\n|-sidestart|p2: KC Shiif|move: Stealth Rock\n|\n|upkeep\n|turn|13\n|j| Masskeauuu\n|\n|t:|1700340740\n|move|p2a: KC Vladi|Bulk Up|p2a: KC Vladi\n|-boost|p2a: KC Vladi|atk|1\n|-boost|p2a: KC Vladi|def|1\n|move|p1a: Oiseau \ud83e\uddf6\ud83c\udfa9|Earthquake|p2a: KC Vladi\n|-damage|p2a: KC Vladi|72\/100\n|\n|upkeep\n|turn|14\n|\n|t:|1700340754\n|-end|p1a: Oiseau \ud83e\uddf6\ud83c\udfa9|Protosynthesis|[silent]\n|switch|p1a: Briar \ud83d\udc63\ud83d\udc43|Zapdos|100\/100\n|move|p2a: KC Vladi|Rapid Spin|p1a: Briar \ud83d\udc63\ud83d\udc43\n|-damage|p1a: Briar \ud83d\udc63\ud83d\udc43|85\/100\n|-boost|p2a: KC Vladi|spe|1\n|-sideend|p2: KC Shiif|Stealth Rock|[from] move: Rapid Spin|[of] p2a: KC Vladi\n|\n|upkeep\n|turn|15\n|l| flagenbobotiflenge\n|\n|t:|1700340771\n|-end|p2a: KC Vladi|Protosynthesis|[silent]\n|switch|p2a: KC Maynter|Garganacl, F|100\/100\n|move|p1a: Briar \ud83d\udc63\ud83d\udc43|Hurricane|p2a: KC Maynter|[miss]\n|-miss|p1a: Briar \ud83d\udc63\ud83d\udc43|p2a: KC Maynter\n|\n|upkeep\n|turn|16\n|j| HATS\n|\n|t:|1700340780\n|move|p1a: Briar \ud83d\udc63\ud83d\udc43|Volt Switch|p2a: KC Maynter\n|-damage|p2a: KC Maynter|76\/100\n|l| Chaf Forma +11\n|\n|t:|1700340789\n|switch|p1a: \ud83d\udc74\ud83c\udffc \ud83d\udc48\ud83c\udffc \ud83e\udd2c|Garganacl, M|93\/100|[from] Volt Switch\n|-damage|p1a: \ud83d\udc74\ud83c\udffc \ud83d\udc48\ud83c\udffc \ud83e\udd2c|80\/100|[from] Stealth Rock\n|move|p2a: KC Maynter|Salt Cure|p1a: \ud83d\udc74\ud83c\udffc \ud83d\udc48\ud83c\udffc \ud83e\udd2c\n|-damage|p1a: \ud83d\udc74\ud83c\udffc \ud83d\udc48\ud83c\udffc \ud83e\udd2c|72\/100\n|-start|p1a: \ud83d\udc74\ud83c\udffc \ud83d\udc48\ud83c\udffc \ud83e\udd2c|Salt Cure\n|\n|-heal|p2a: KC Maynter|82\/100|[from] item: Leftovers\n|-heal|p1a: \ud83d\udc74\ud83c\udffc \ud83d\udc48\ud83c\udffc \ud83e\udd2c|78\/100|[from] item: Leftovers\n|-damage|p1a: \ud83d\udc74\ud83c\udffc \ud83d\udc48\ud83c\udffc \ud83e\udd2c|66\/100|[from] Salt Cure\n|upkeep\n|turn|17\n|j| Chaf Forma +11\n|j| RiyadLand\n|l| Ryuji\n|c| RiyadLand|SHIIIIIIIIIIF fais moi r\u00eaver\n|\n|t:|1700340803\n|switch|p1a: Oiseau \ud83e\uddf6\ud83c\udfa9|Great Tusk|90\/100\n|-damage|p1a: Oiseau \ud83e\uddf6\ud83c\udfa9|87\/100|[from] Stealth Rock\n|move|p2a: KC Maynter|Salt Cure|p1a: Oiseau \ud83e\uddf6\ud83c\udfa9\n|-resisted|p1a: Oiseau \ud83e\uddf6\ud83c\udfa9\n|-damage|p1a: Oiseau \ud83e\uddf6\ud83c\udfa9|85\/100\n|-start|p1a: Oiseau \ud83e\uddf6\ud83c\udfa9|Salt Cure\n|\n|-heal|p2a: KC Maynter|88\/100|[from] item: Leftovers\n|-damage|p1a: Oiseau \ud83e\uddf6\ud83c\udfa9|73\/100|[from] Salt Cure\n|upkeep\n|turn|18\n|\n|t:|1700340811\n|move|p2a: KC Maynter|Protect|p2a: KC Maynter\n|-singleturn|p2a: KC Maynter|Protect\n|move|p1a: Oiseau \ud83e\uddf6\ud83c\udfa9|Stealth Rock|p2a: KC Maynter\n|-sidestart|p2: KC Shiif|move: Stealth Rock\n|\n|-heal|p2a: KC Maynter|95\/100|[from] item: Leftovers\n|-damage|p1a: Oiseau \ud83e\uddf6\ud83c\udfa9|61\/100|[from] Salt Cure\n|upkeep\n|turn|19\n|inactive|KC Shiif has 270 seconds left.\n|c| HATS|Piyad de PiyadPand\n|l| Evil\n|\n|t:|1700340836\n|-end|p1a: Oiseau \ud83e\uddf6\ud83c\udfa9|Protosynthesis|[silent]\n|switch|p1a: Crabe \ud83e\udd78\ud83e\udef5|Gholdengo|100\/100\n|-damage|p1a: Crabe \ud83e\udd78\ud83e\udef5|94\/100|[from] Stealth Rock\n|switch|p2a: KC Vladi|Great Tusk|72\/100\n|-damage|p2a: KC Vladi|69\/100|[from] Stealth Rock\n|\n|upkeep\n|turn|20\n|l| RiyadLand\n|inactive|Juriste VR has 180 seconds left.\n|l|+Le Dieun \u2764 notor\n|j| RiyadLand\n|j| boy of miracles\n|inactive|Juriste VR has 150 seconds left.\n|j| Mindnight\n|c| Mindnight|GO SHIIF\n|l| Kickasser\n|\n|t:|1700340901\n|switch|p1a: Briar \ud83d\udc63\ud83d\udc43|Zapdos|85\/100\n|-end|p2a: KC Vladi|Protosynthesis|[silent]\n|switch|p2a: KC Bo|Moltres|99\/100\n|\n|upkeep\n|turn|21\n|j| flagenbobotiflenge\n|\n|t:|1700340919\n|switch|p2a: KC Maynter|Garganacl, F|95\/100\n|-damage|p2a: KC Maynter|82\/100|[from] Stealth Rock\n|move|p1a: Briar \ud83d\udc63\ud83d\udc43|Volt Switch|p2a: KC Maynter\n|-damage|p2a: KC Maynter|57\/100\n|\n|t:|1700340933\n|switch|p1a: Crabe \ud83e\udd78\ud83e\udef5|Gholdengo|94\/100|[from] Volt Switch\n|-damage|p1a: Crabe \ud83e\udd78\ud83e\udef5|88\/100|[from] Stealth Rock\n|\n|-heal|p2a: KC Maynter|64\/100|[from] item: Leftovers\n|upkeep\n|turn|22\n|j| VyoletRayn\n|\n|t:|1700340945\n|switch|p1a: Oiseau \ud83e\uddf6\ud83c\udfa9|Great Tusk|61\/100\n|-damage|p1a: Oiseau \ud83e\uddf6\ud83c\udfa9|58\/100|[from] Stealth Rock\n|move|p2a: KC Maynter|Protect||[still]\n|-fail|p2a: KC Maynter\n|\n|-heal|p2a: KC Maynter|70\/100|[from] item: Leftovers\n|upkeep\n|turn|23\n|inactive|KC Shiif has 270 seconds left.\n|\n|t:|1700340954\n|move|p2a: KC Maynter|Protect|p2a: KC Maynter\n|-singleturn|p2a: KC Maynter|Protect\n|move|p1a: Oiseau \ud83e\uddf6\ud83c\udfa9|Knock Off|p2a: KC Maynter\n|-activate|p2a: KC Maynter|move: Protect\n|\n|-heal|p2a: KC Maynter|76\/100|[from] item: Leftovers\n|upkeep\n|turn|24\n|\n|t:|1700340964\n|switch|p2a: KC Vladi|Great Tusk|69\/100\n|-damage|p2a: KC Vladi|66\/100|[from] Stealth Rock\n|move|p1a: Oiseau \ud83e\uddf6\ud83c\udfa9|Knock Off|p2a: KC Vladi\n|-resisted|p2a: KC Vladi\n|-damage|p2a: KC Vladi|62\/100\n|\n|upkeep\n|turn|25\n|j| Alan folder\n|\n|t:|1700340972\n|move|p2a: KC Vladi|Knock Off|p1a: Oiseau \ud83e\uddf6\ud83c\udfa9\n|-resisted|p1a: Oiseau \ud83e\uddf6\ud83c\udfa9\n|-damage|p1a: Oiseau \ud83e\uddf6\ud83c\udfa9|53\/100\n|move|p1a: Oiseau \ud83e\uddf6\ud83c\udfa9|Earthquake|p2a: KC Vladi\n|-damage|p2a: KC Vladi|39\/100\n|\n|upkeep\n|turn|26\n|inactive|Juriste VR has 150 seconds left.\n|\n|t:|1700340984\n|-end|p1a: Oiseau \ud83e\uddf6\ud83c\udfa9|Protosynthesis|[silent]\n|switch|p1a: Briar \ud83d\udc63\ud83d\udc43|Zapdos|85\/100\n|move|p2a: KC Vladi|Bulk Up|p2a: KC Vladi\n|-boost|p2a: KC Vladi|atk|1\n|-boost|p2a: KC Vladi|def|1\n|\n|upkeep\n|turn|27\n|inactive|Juriste VR has 150 seconds left.\n|\n|t:|1700341004\n|-end|p2a: KC Vladi|Protosynthesis|[silent]\n|switch|p2a: KC Maynter|Garganacl, F|76\/100\n|-damage|p2a: KC Maynter|64\/100|[from] Stealth Rock\n|move|p1a: Briar \ud83d\udc63\ud83d\udc43|Hurricane|p2a: KC Maynter|[miss]\n|-miss|p1a: Briar \ud83d\udc63\ud83d\udc43|p2a: KC Maynter\n|\n|-heal|p2a: KC Maynter|70\/100|[from] item: Leftovers\n|upkeep\n|turn|28\n|l| HATS\n|\n|t:|1700341013\n|move|p1a: Briar \ud83d\udc63\ud83d\udc43|Volt Switch|p2a: KC Maynter\n|-damage|p2a: KC Maynter|46\/100\n|l| Mindnight\n|\n|t:|1700341020\n|switch|p1a: \ud83d\udc74\ud83c\udffc \ud83d\udc48\ud83c\udffc \ud83e\udd2c|Garganacl, M|66\/100|[from] Volt Switch\n|-damage|p1a: \ud83d\udc74\ud83c\udffc \ud83d\udc48\ud83c\udffc \ud83e\udd2c|53\/100|[from] Stealth Rock\n|move|p2a: KC Maynter|Salt Cure|p1a: \ud83d\udc74\ud83c\udffc \ud83d\udc48\ud83c\udffc \ud83e\udd2c\n|-damage|p1a: \ud83d\udc74\ud83c\udffc \ud83d\udc48\ud83c\udffc \ud83e\udd2c|45\/100\n|-start|p1a: \ud83d\udc74\ud83c\udffc \ud83d\udc48\ud83c\udffc \ud83e\udd2c|Salt Cure\n|\n|-heal|p1a: \ud83d\udc74\ud83c\udffc \ud83d\udc48\ud83c\udffc \ud83e\udd2c|51\/100|[from] item: Leftovers\n|-heal|p2a: KC Maynter|52\/100|[from] item: Leftovers\n|-damage|p1a: \ud83d\udc74\ud83c\udffc \ud83d\udc48\ud83c\udffc \ud83e\udd2c|39\/100|[from] Salt Cure\n|upkeep\n|turn|29\n|j| Mindnight\n|\n|t:|1700341026\n|move|p2a: KC Maynter|Recover|p2a: KC Maynter\n|-heal|p2a: KC Maynter|100\/100\n|move|p1a: \ud83d\udc74\ud83c\udffc \ud83d\udc48\ud83c\udffc \ud83e\udd2c|Recover|p1a: \ud83d\udc74\ud83c\udffc \ud83d\udc48\ud83c\udffc \ud83e\udd2c\n|-heal|p1a: \ud83d\udc74\ud83c\udffc \ud83d\udc48\ud83c\udffc \ud83e\udd2c|89\/100\n|\n|-heal|p1a: \ud83d\udc74\ud83c\udffc \ud83d\udc48\ud83c\udffc \ud83e\udd2c|95\/100|[from] item: Leftovers\n|-damage|p1a: \ud83d\udc74\ud83c\udffc \ud83d\udc48\ud83c\udffc \ud83e\udd2c|83\/100|[from] Salt Cure\n|upkeep\n|turn|30\n|\n|t:|1700341041\n|switch|p2a: KC Yamato|Gholdengo|89\/100\n|-damage|p2a: KC Yamato|83\/100|[from] Stealth Rock\n|switch|p1a: Crabe \ud83e\udd78\ud83e\udef5|Gholdengo|88\/100\n|-damage|p1a: Crabe \ud83e\udd78\ud83e\udef5|82\/100|[from] Stealth Rock\n|\n|upkeep\n|turn|31\n|inactive|Juriste VR has 150 seconds left.\n|j| Akalli\n|j| ayk & weshbien\n|\n|t:|1700341071\n|switch|p2a: KC Bo|Moltres|99\/100\n|move|p1a: Crabe \ud83e\udd78\ud83e\udef5|Shadow Ball|p2a: KC Bo\n|-damage|p2a: KC Bo|52\/100\n|-unboost|p2a: KC Bo|spd|1\n|\n|upkeep\n|turn|32\n|\n|t:|1700341089\n|switch|p1a: \ud83d\udc74\ud83c\udffc \ud83d\udc48\ud83c\udffc \ud83e\udd2c|Garganacl, M|83\/100\n|-damage|p1a: \ud83d\udc74\ud83c\udffc \ud83d\udc48\ud83c\udffc \ud83e\udd2c|71\/100|[from] Stealth Rock\n|switch|p2a: KC Maynter|Garganacl, F|100\/100\n|-damage|p2a: KC Maynter|88\/100|[from] Stealth Rock\n|\n|-heal|p1a: \ud83d\udc74\ud83c\udffc \ud83d\udc48\ud83c\udffc \ud83e\udd2c|77\/100|[from] item: Leftovers\n|-heal|p2a: KC Maynter|94\/100|[from] item: Leftovers\n|upkeep\n|turn|33\n|\n|t:|1700341095\n|move|p1a: \ud83d\udc74\ud83c\udffc \ud83d\udc48\ud83c\udffc \ud83e\udd2c|Earthquake|p2a: KC Maynter\n|-supereffective|p2a: KC Maynter\n|-damage|p2a: KC Maynter|69\/100\n|move|p2a: KC Maynter|Salt Cure|p1a: \ud83d\udc74\ud83c\udffc \ud83d\udc48\ud83c\udffc \ud83e\udd2c\n|-damage|p1a: \ud83d\udc74\ud83c\udffc \ud83d\udc48\ud83c\udffc \ud83e\udd2c|69\/100\n|-start|p1a: \ud83d\udc74\ud83c\udffc \ud83d\udc48\ud83c\udffc \ud83e\udd2c|Salt Cure\n|\n|-heal|p1a: \ud83d\udc74\ud83c\udffc \ud83d\udc48\ud83c\udffc \ud83e\udd2c|75\/100|[from] item: Leftovers\n|-heal|p2a: KC Maynter|75\/100|[from] item: Leftovers\n|-damage|p1a: \ud83d\udc74\ud83c\udffc \ud83d\udc48\ud83c\udffc \ud83e\udd2c|63\/100|[from] Salt Cure\n|upkeep\n|turn|34\n|\n|t:|1700341105\n|switch|p2a: KC Yamato|Gholdengo|83\/100\n|-damage|p2a: KC Yamato|77\/100|[from] Stealth Rock\n|move|p1a: \ud83d\udc74\ud83c\udffc \ud83d\udc48\ud83c\udffc \ud83e\udd2c|Recover|p1a: \ud83d\udc74\ud83c\udffc \ud83d\udc48\ud83c\udffc \ud83e\udd2c\n|-heal|p1a: \ud83d\udc74\ud83c\udffc \ud83d\udc48\ud83c\udffc \ud83e\udd2c|100\/100\n|\n|-damage|p1a: \ud83d\udc74\ud83c\udffc \ud83d\udc48\ud83c\udffc \ud83e\udd2c|88\/100|[from] Salt Cure\n|upkeep\n|turn|35\n|l| Akalli\n|j| Kickasser\n|inactive|Juriste VR has 120 seconds left.\n|j| ekoi\n|\n|t:|1700341157\n|switch|p1a: Chokbar \ud83e\udee8\ud83d\udc8b|Samurott-Hisui, F|88\/100 par\n|-damage|p1a: Chokbar \ud83e\udee8\ud83d\udc8b|76\/100 par|[from] Stealth Rock\n|move|p2a: KC Yamato|Nasty Plot|p2a: KC Yamato\n|-boost|p2a: KC Yamato|spa|2\n|\n|upkeep\n|turn|36\n|inactive|Juriste VR has 90 seconds left.\n|\n|t:|1700341177\n|move|p1a: Chokbar \ud83e\udee8\ud83d\udc8b|Ceaseless Edge|p2a: KC Yamato\n|-supereffective|p2a: KC Yamato\n|-damage|p2a: KC Yamato|14\/100\n|-sidestart|p2: KC Shiif|Spikes\n|move|p2a: KC Yamato|Hex|p1a: Chokbar \ud83e\udee8\ud83d\udc8b\n|-resisted|p1a: Chokbar \ud83e\udee8\ud83d\udc8b\n|-damage|p1a: Chokbar \ud83e\udee8\ud83d\udc8b|0 fnt\n|faint|p1a: Chokbar \ud83e\udee8\ud83d\udc8b\n|\n|upkeep\n|inactive|Juriste VR has 90 seconds left.\n|j| Evil\n|\n|t:|1700341208\n|switch|p1a: Crabe \ud83e\udd78\ud83e\udef5|Gholdengo|82\/100\n|-damage|p1a: Crabe \ud83e\udd78\ud83e\udef5|76\/100|[from] Stealth Rock\n|turn|37\n|l| Jamyv2\n|inactive|KC Shiif has 270 seconds left.\n|j| Kital\n|\n|t:|1700341246\n|switch|p2a: KC Maynter|Garganacl, F|75\/100\n|-damage|p2a: KC Maynter|62\/100|[from] Stealth Rock\n|-damage|p2a: KC Maynter|50\/100|[from] Spikes\n|move|p1a: Crabe \ud83e\udd78\ud83e\udef5|Shadow Ball|p2a: KC Maynter\n|-damage|p2a: KC Maynter|24\/100\n|\n|-heal|p2a: KC Maynter|30\/100|[from] item: Leftovers\n|upkeep\n|turn|38\n|l| ekoi\n|inactive|KC Shiif has 270 seconds left.\n|j| ekoi\n|j|+Unamed\n|c| Mindnight|\u00c7a c'est mon shiif\n|inactive|Juriste VR has 60 seconds left.\n|l|+Unamed\n|j| Ryuji\n|\n|t:|1700341289\n|switch|p1a: Oiseau \ud83e\uddf6\ud83c\udfa9|Great Tusk|53\/100\n|-damage|p1a: Oiseau \ud83e\uddf6\ud83c\udfa9|50\/100|[from] Stealth Rock\n|move|p2a: KC Maynter|Recover|p2a: KC Maynter\n|-heal|p2a: KC Maynter|80\/100\n|\n|-heal|p2a: KC Maynter|86\/100|[from] item: Leftovers\n|upkeep\n|turn|39\n|j|+Unamed\n|\n|t:|1700341298\n|switch|p2a: KC Bo|Moltres|52\/100\n|move|p1a: Oiseau \ud83e\uddf6\ud83c\udfa9|Knock Off|p2a: KC Bo\n|-damage|p2a: KC Bo|22\/100\n|-enditem|p2a: KC Bo|Heavy-Duty Boots|[from] move: Knock Off|[of] p1a: Oiseau \ud83e\uddf6\ud83c\udfa9\n|\n|upkeep\n|turn|40\n|\n|t:|1700341306\n|move|p1a: Oiseau \ud83e\uddf6\ud83c\udfa9|Knock Off|p2a: KC Bo\n|-damage|p2a: KC Bo|5\/100\n|move|p2a: KC Bo|Roost|p2a: KC Bo\n|-heal|p2a: KC Bo|56\/100\n|-singleturn|p2a: KC Bo|move: Roost\n|\n|upkeep\n|turn|41\n|\n|t:|1700341310\n|-end|p1a: Oiseau \ud83e\uddf6\ud83c\udfa9|Protosynthesis|[silent]\n|switch|p1a: \ud83d\udc74\ud83c\udffc \ud83d\udc48\ud83c\udffc \ud83e\udd2c|Garganacl, M|88\/100\n|-damage|p1a: \ud83d\udc74\ud83c\udffc \ud83d\udc48\ud83c\udffc \ud83e\udd2c|76\/100|[from] Stealth Rock\n|move|p2a: KC Bo|Roost|p2a: KC Bo\n|-heal|p2a: KC Bo|100\/100\n|-singleturn|p2a: KC Bo|move: Roost\n|\n|-heal|p1a: \ud83d\udc74\ud83c\udffc \ud83d\udc48\ud83c\udffc \ud83e\udd2c|82\/100|[from] item: Leftovers\n|upkeep\n|turn|42\n|l| Oya\/Semort\n|\n|t:|1700341316\n|move|p2a: KC Bo|U-turn|p1a: \ud83d\udc74\ud83c\udffc \ud83d\udc48\ud83c\udffc \ud83e\udd2c\n|-damage|p1a: \ud83d\udc74\ud83c\udffc \ud83d\udc48\ud83c\udffc \ud83e\udd2c|74\/100\n|j| Oya\/Semort\n|\n|t:|1700341318\n|switch|p2a: KC Vladi|Great Tusk|39\/100|[from] U-turn\n|-damage|p2a: KC Vladi|36\/100|[from] Stealth Rock\n|-damage|p2a: KC Vladi|23\/100|[from] Spikes\n|move|p1a: \ud83d\udc74\ud83c\udffc \ud83d\udc48\ud83c\udffc \ud83e\udd2c|Salt Cure|p2a: KC Vladi\n|-resisted|p2a: KC Vladi\n|-damage|p2a: KC Vladi|22\/100\n|-start|p2a: KC Vladi|Salt Cure\n|\n|-heal|p1a: \ud83d\udc74\ud83c\udffc \ud83d\udc48\ud83c\udffc \ud83e\udd2c|80\/100|[from] item: Leftovers\n|-damage|p2a: KC Vladi|9\/100|[from] Salt Cure\n|upkeep\n|turn|43\n|inactive|Juriste VR has 60 seconds left.\n|l| Oya\/Semort\n|j| Zenadark\n|\n|t:|1700341359\n|switch|p1a: Crabe \ud83e\udd78\ud83e\udef5|Gholdengo|76\/100\n|-damage|p1a: Crabe \ud83e\udd78\ud83e\udef5|70\/100|[from] Stealth Rock\n|move|p2a: KC Vladi|Rapid Spin|p1a: Crabe \ud83e\udd78\ud83e\udef5\n|-immune|p1a: Crabe \ud83e\udd78\ud83e\udef5\n|\n|-damage|p2a: KC Vladi|0 fnt|[from] Salt Cure\n|faint|p2a: KC Vladi\n|-end|p2a: KC Vladi|Protosynthesis|[silent]\n|upkeep\n|\n|t:|1700341364\n|switch|p2a: KC Upset|Dragapult, F|100\/100\n|turn|44\n|j| Oya\/Semort\n|l|+Unamed\n|\n|t:|1700341394\n|switch|p1a: \ud83d\udc74\ud83c\udffc \ud83d\udc48\ud83c\udffc \ud83e\udd2c|Garganacl, M|80\/100\n|-damage|p1a: \ud83d\udc74\ud83c\udffc \ud83d\udc48\ud83c\udffc \ud83e\udd2c|67\/100|[from] Stealth Rock\n|move|p2a: KC Upset|U-turn|p1a: \ud83d\udc74\ud83c\udffc \ud83d\udc48\ud83c\udffc \ud83e\udd2c\n|-damage|p1a: \ud83d\udc74\ud83c\udffc \ud83d\udc48\ud83c\udffc \ud83e\udd2c|58\/100\n|l| Zenadark\n|inactive|KC Shiif has 270 seconds left.\n|\n|t:|1700341404\n|switch|p2a: KC Lyncas|Sneasler, F|100\/100|[from] U-turn\n|-damage|p2a: KC Lyncas|95\/100|[from] Stealth Rock\n|-damage|p2a: KC Lyncas|82\/100|[from] Spikes\n|\n|-heal|p1a: \ud83d\udc74\ud83c\udffc \ud83d\udc48\ud83c\udffc \ud83e\udd2c|65\/100|[from] item: Leftovers\n|upkeep\n|turn|45\n|inactive|KC Shiif has 270 seconds left.\n|\n|t:|1700341418\n|switch|p1a: Crabe \ud83e\udd78\ud83e\udef5|Gholdengo|70\/100\n|-damage|p1a: Crabe \ud83e\udd78\ud83e\udef5|64\/100|[from] Stealth Rock\n|move|p2a: KC Lyncas|Close Combat|p1a: Crabe \ud83e\udd78\ud83e\udef5\n|-immune|p1a: Crabe \ud83e\udd78\ud83e\udef5\n|\n|upkeep\n|turn|46\n|\n|t:|1700341429\n|move|p2a: KC Lyncas|U-turn|p1a: Crabe \ud83e\udd78\ud83e\udef5\n|-resisted|p1a: Crabe \ud83e\udd78\ud83e\udef5\n|-damage|p1a: Crabe \ud83e\udd78\ud83e\udef5|57\/100\n|j|+Unamed\n|l| ekoi\n|inactive|KC Shiif has 270 seconds left.\n|l| Ryuji\n|l| RiyadLand\n|\n|t:|1700341468\n|switch|p2a: KC Yamato|Gholdengo|14\/100|[from] U-turn\n|-damage|p2a: KC Yamato|8\/100|[from] Stealth Rock\n|-damage|p2a: KC Yamato|0 fnt|[from] Spikes\n|faint|p2a: KC Yamato\n|move|p1a: Crabe \ud83e\udd78\ud83e\udef5|Make It Rain|p2: KC Yamato|[notarget]\n|-fail|p1a: Crabe \ud83e\udd78\ud83e\udef5\n|\n|upkeep\n|l| Oya\/Semort\n|\n|t:|1700341481\n|switch|p2a: KC Upset|Dragapult, F|100\/100\n|turn|47\n|j| Oya\/Semort\n|inactive|Juriste VR has 60 seconds left.\n|j|+Brumirage\n|inactive|KC Shiif has 240 seconds left.\n|l| flagenbobotiflenge\n|l| ICVR\n|inactive|KC Shiif has 210 seconds left.\n|inactive|Juriste VR has 30 seconds left.\n|\n|t:|1700341531\n|switch|p1a: Briar \ud83d\udc63\ud83d\udc43|Zapdos|85\/100\n|move|p2a: KC Upset|Draco Meteor|p1a: Briar \ud83d\udc63\ud83d\udc43\n|-damage|p1a: Briar \ud83d\udc63\ud83d\udc43|30\/100\n|-unboost|p2a: KC Upset|spa|2\n|\n|upkeep\n|turn|48\n|inactive|Juriste VR has 30 seconds left.\n|inactive|KC Shiif has 210 seconds left.\n|\n|t:|1700341549\n|move|p2a: KC Upset|Will-O-Wisp|p1a: Briar \ud83d\udc63\ud83d\udc43\n|-status|p1a: Briar \ud83d\udc63\ud83d\udc43|brn\n|move|p1a: Briar \ud83d\udc63\ud83d\udc43|Roost|p1a: Briar \ud83d\udc63\ud83d\udc43\n|-heal|p1a: Briar \ud83d\udc63\ud83d\udc43|80\/100 brn\n|-singleturn|p1a: Briar \ud83d\udc63\ud83d\udc43|move: Roost\n|\n|-damage|p1a: Briar \ud83d\udc63\ud83d\udc43|74\/100 brn|[from] brn\n|upkeep\n|turn|49\n|inactive|Juriste VR has 30 seconds left.\n|\n|t:|1700341557\n|switch|p2a: KC Maynter|Garganacl, F|86\/100\n|-damage|p2a: KC Maynter|74\/100|[from] Stealth Rock\n|-damage|p2a: KC Maynter|61\/100|[from] Spikes\n|move|p1a: Briar \ud83d\udc63\ud83d\udc43|Volt Switch|p2a: KC Maynter\n|-damage|p2a: KC Maynter|35\/100\n|l| Kickasser\n|inactive|Juriste VR has 30 seconds left.\n|l| Oya\/Semort\n|inactive|Juriste VR has 20 seconds left.\n|\n|t:|1700341574\n|switch|p1a: \ud83d\udc74\ud83c\udffc \ud83d\udc48\ud83c\udffc \ud83e\udd2c|Garganacl, M|65\/100|[from] Volt Switch\n|-damage|p1a: \ud83d\udc74\ud83c\udffc \ud83d\udc48\ud83c\udffc \ud83e\udd2c|52\/100|[from] Stealth Rock\n|\n|-heal|p2a: KC Maynter|42\/100|[from] item: Leftovers\n|-heal|p1a: \ud83d\udc74\ud83c\udffc \ud83d\udc48\ud83c\udffc \ud83e\udd2c|58\/100|[from] item: Leftovers\n|upkeep\n|turn|50\n|inactive|Juriste VR has 30 seconds left this turn.\n|l|alanfolder\n|j| Akalli\n|j| alan folder\n|inactive|Juriste VR has 20 seconds left.\n|\n|t:|1700341585\n|move|p2a: KC Maynter|Salt Cure|p1a: \ud83d\udc74\ud83c\udffc \ud83d\udc48\ud83c\udffc \ud83e\udd2c\n|-damage|p1a: \ud83d\udc74\ud83c\udffc \ud83d\udc48\ud83c\udffc \ud83e\udd2c|50\/100\n|-start|p1a: \ud83d\udc74\ud83c\udffc \ud83d\udc48\ud83c\udffc \ud83e\udd2c|Salt Cure\n|move|p1a: \ud83d\udc74\ud83c\udffc \ud83d\udc48\ud83c\udffc \ud83e\udd2c|Salt Cure|p2a: KC Maynter\n|-damage|p2a: KC Maynter|34\/100\n|-start|p2a: KC Maynter|Salt Cure\n|\n|-heal|p2a: KC Maynter|40\/100|[from] item: Leftovers\n|-heal|p1a: \ud83d\udc74\ud83c\udffc \ud83d\udc48\ud83c\udffc \ud83e\udd2c|56\/100|[from] item: Leftovers\n|-damage|p2a: KC Maynter|28\/100|[from] Salt Cure\n|-damage|p1a: \ud83d\udc74\ud83c\udffc \ud83d\udc48\ud83c\udffc \ud83e\udd2c|44\/100|[from] Salt Cure\n|upkeep\n|turn|51\n|inactive|Juriste VR has 30 seconds left this turn.\n|j| Oya\/Semort\n|l| Akalli\n|\n|t:|1700341591\n|move|p2a: KC Maynter|Recover|p2a: KC Maynter\n|-heal|p2a: KC Maynter|78\/100\n|move|p1a: \ud83d\udc74\ud83c\udffc \ud83d\udc48\ud83c\udffc \ud83e\udd2c|Recover|p1a: \ud83d\udc74\ud83c\udffc \ud83d\udc48\ud83c\udffc \ud83e\udd2c\n|-heal|p1a: \ud83d\udc74\ud83c\udffc \ud83d\udc48\ud83c\udffc \ud83e\udd2c|94\/100\n|\n|-heal|p1a: \ud83d\udc74\ud83c\udffc \ud83d\udc48\ud83c\udffc \ud83e\udd2c|99\/100|[from] item: Leftovers\n|-heal|p2a: KC Maynter|84\/100|[from] item: Leftovers\n|-damage|p1a: \ud83d\udc74\ud83c\udffc \ud83d\udc48\ud83c\udffc \ud83e\udd2c|88\/100|[from] Salt Cure\n|-damage|p2a: KC Maynter|72\/100|[from] Salt Cure\n|upkeep\n|turn|52\n|j| Akalli\n|inactive|KC Shiif has 240 seconds left.\n|inactive|Juriste VR has 30 seconds left.\n|j| Kickasser\n|\n|t:|1700341609\n|switch|p2a: KC Bo|Moltres|100\/100\n|-damage|p2a: KC Bo|51\/100|[from] Stealth Rock\n|move|p1a: \ud83d\udc74\ud83c\udffc \ud83d\udc48\ud83c\udffc \ud83e\udd2c|Salt Cure|p2a: KC Bo\n|-supereffective|p2a: KC Bo\n|-damage|p2a: KC Bo|0 fnt\n|faint|p2a: KC Bo\n|\n|-heal|p1a: \ud83d\udc74\ud83c\udffc \ud83d\udc48\ud83c\udffc \ud83e\udd2c|94\/100|[from] item: Leftovers\n|-damage|p1a: \ud83d\udc74\ud83c\udffc \ud83d\udc48\ud83c\udffc \ud83e\udd2c|82\/100|[from] Salt Cure\n|upkeep\n|inactive|Juriste VR has 30 seconds left this turn.\n|\n|t:|1700341613\n|switch|p2a: KC Lyncas|Sneasler, F|82\/100\n|-damage|p2a: KC Lyncas|76\/100|[from] Stealth Rock\n|-damage|p2a: KC Lyncas|64\/100|[from] Spikes\n|turn|53\n|l| VyoletRayn\n|inactive|KC Shiif has 240 seconds left.\n|j| Zenadark\n|inactive|Juriste VR has 30 seconds left.\n|inactive|Juriste VR has 20 seconds left.\n|\n|t:|1700341636\n|-terastallize|p1a: \ud83d\udc74\ud83c\udffc \ud83d\udc48\ud83c\udffc \ud83e\udd2c|Fairy\n|move|p2a: KC Lyncas|U-turn|p1a: \ud83d\udc74\ud83c\udffc \ud83d\udc48\ud83c\udffc \ud83e\udd2c\n|-resisted|p1a: \ud83d\udc74\ud83c\udffc \ud83d\udc48\ud83c\udffc \ud83e\udd2c\n|-damage|p1a: \ud83d\udc74\ud83c\udffc \ud83d\udc48\ud83c\udffc \ud83e\udd2c|75\/100\n|inactive|Juriste VR has 25 seconds left this turn.\n|l|+Brumirage\n|inactive|KC Shiif has 240 seconds left.\n|\n|t:|1700341644\n|switch|p2a: KC Maynter|Garganacl, F|72\/100|[from] U-turn\n|-damage|p2a: KC Maynter|59\/100|[from] Stealth Rock\n|-damage|p2a: KC Maynter|47\/100|[from] Spikes\n|move|p1a: \ud83d\udc74\ud83c\udffc \ud83d\udc48\ud83c\udffc \ud83e\udd2c|Salt Cure|p2a: KC Maynter\n|-crit|p2a: KC Maynter\n|-damage|p2a: KC Maynter|36\/100\n|-start|p2a: KC Maynter|Salt Cure\n|\n|-heal|p2a: KC Maynter|43\/100|[from] item: Leftovers\n|-heal|p1a: \ud83d\udc74\ud83c\udffc \ud83d\udc48\ud83c\udffc \ud83e\udd2c|81\/100|[from] item: Leftovers\n|-damage|p1a: \ud83d\udc74\ud83c\udffc \ud83d\udc48\ud83c\udffc \ud83e\udd2c|69\/100|[from] Salt Cure\n|-damage|p2a: KC Maynter|30\/100|[from] Salt Cure\n|upkeep\n|turn|54\n|j| CaroOui\n|inactive|Juriste VR has 30 seconds left.\n|\n|t:|1700341659\n|move|p1a: \ud83d\udc74\ud83c\udffc \ud83d\udc48\ud83c\udffc \ud83e\udd2c|Earthquake|p2a: KC Maynter\n|-supereffective|p2a: KC Maynter\n|-damage|p2a: KC Maynter|6\/100\n|move|p2a: KC Maynter|Recover|p2a: KC Maynter\n|-heal|p2a: KC Maynter|56\/100\n|\n|-heal|p1a: \ud83d\udc74\ud83c\udffc \ud83d\udc48\ud83c\udffc \ud83e\udd2c|75\/100|[from] item: Leftovers\n|-heal|p2a: KC Maynter|63\/100|[from] item: Leftovers\n|-damage|p1a: \ud83d\udc74\ud83c\udffc \ud83d\udc48\ud83c\udffc \ud83e\udd2c|63\/100|[from] Salt Cure\n|-damage|p2a: KC Maynter|50\/100|[from] Salt Cure\n|upkeep\n|turn|55\n|inactive|Juriste VR has 30 seconds left.\n|c| CaroOui|y a beaucoup\n|\n|t:|1700341667\n|move|p2a: KC Maynter|Recover|p2a: KC Maynter\n|-heal|p2a: KC Maynter|99\/100\n|move|p1a: \ud83d\udc74\ud83c\udffc \ud83d\udc48\ud83c\udffc \ud83e\udd2c|Recover|p1a: \ud83d\udc74\ud83c\udffc \ud83d\udc48\ud83c\udffc \ud83e\udd2c\n|-heal|p1a: \ud83d\udc74\ud83c\udffc \ud83d\udc48\ud83c\udffc \ud83e\udd2c|100\/100\n|\n|-heal|p2a: KC Maynter|100\/100|[from] item: Leftovers\n|-damage|p2a: KC Maynter|88\/100|[from] Salt Cure\n|-damage|p1a: \ud83d\udc74\ud83c\udffc \ud83d\udc48\ud83c\udffc \ud83e\udd2c|88\/100|[from] Salt Cure\n|upkeep\n|turn|56\n|l| Oya\/Semort\n|c| CaroOui|de monde\n|inactive|Juriste VR has 30 seconds left.\n|j| Oya\/Semort\n|\n|t:|1700341679\n|switch|p1a: Oiseau \ud83e\uddf6\ud83c\udfa9|Great Tusk|50\/100\n|-damage|p1a: Oiseau \ud83e\uddf6\ud83c\udfa9|47\/100|[from] Stealth Rock\n|move|p2a: KC Maynter|Salt Cure|p1a: Oiseau \ud83e\uddf6\ud83c\udfa9\n|-resisted|p1a: Oiseau \ud83e\uddf6\ud83c\udfa9\n|-damage|p1a: Oiseau \ud83e\uddf6\ud83c\udfa9|45\/100\n|-start|p1a: Oiseau \ud83e\uddf6\ud83c\udfa9|Salt Cure\n|\n|-heal|p2a: KC Maynter|94\/100|[from] item: Leftovers\n|-damage|p1a: Oiseau \ud83e\uddf6\ud83c\udfa9|33\/100|[from] Salt Cure\n|-damage|p2a: KC Maynter|82\/100|[from] Salt Cure\n|upkeep\n|turn|57\n|l| CaroOui\n|inactive|Juriste VR has 30 seconds left.\n|j| el jabar\n|\n|t:|1700341694\n|move|p2a: KC Maynter|Protect|p2a: KC Maynter\n|-singleturn|p2a: KC Maynter|Protect\n|move|p1a: Oiseau \ud83e\uddf6\ud83c\udfa9|Knock Off|p2a: KC Maynter\n|-activate|p2a: KC Maynter|move: Protect\n|\n|-heal|p2a: KC Maynter|88\/100|[from] item: Leftovers\n|-damage|p1a: Oiseau \ud83e\uddf6\ud83c\udfa9|20\/100|[from] Salt Cure\n|-damage|p2a: KC Maynter|76\/100|[from] Salt Cure\n|upkeep\n|turn|58\n|c| Akalli|Shiif est trop beau \u00e7a vient le regarder\n|inactive|Juriste VR has 30 seconds left.\n|inactive|KC Shiif has 240 seconds left.\n|\n|t:|1700341736\n|switch|p2a: KC Lyncas|Sneasler, F|64\/100\n|-damage|p2a: KC Lyncas|58\/100|[from] Stealth Rock\n|-damage|p2a: KC Lyncas|46\/100|[from] Spikes\n|move|p1a: Oiseau \ud83e\uddf6\ud83c\udfa9|Knock Off|p2a: KC Lyncas\n|-resisted|p2a: KC Lyncas\n|-damage|p2a: KC Lyncas|22\/100\n|-enditem|p2a: KC Lyncas|Protective Pads|[from] move: Knock Off|[of] p1a: Oiseau \ud83e\uddf6\ud83c\udfa9\n|\n|-damage|p1a: Oiseau \ud83e\uddf6\ud83c\udfa9|8\/100|[from] Salt Cure\n|upkeep\n|turn|59\n|inactive|Juriste VR has 30 seconds left.\n|\n|t:|1700341754\n|move|p2a: KC Lyncas|Dire Claw|p1a: Oiseau \ud83e\uddf6\ud83c\udfa9\n|-resisted|p1a: Oiseau \ud83e\uddf6\ud83c\udfa9\n|-damage|p1a: Oiseau \ud83e\uddf6\ud83c\udfa9|0 fnt\n|faint|p1a: Oiseau \ud83e\uddf6\ud83c\udfa9\n|-end|p1a: Oiseau \ud83e\uddf6\ud83c\udfa9|Protosynthesis|[silent]\n|\n|upkeep\n|inactive|Juriste VR has 30 seconds left this turn.\n|\n|t:|1700341761\n|switch|p1a: Crabe \ud83e\udd78\ud83e\udef5|Gholdengo|57\/100\n|-damage|p1a: Crabe \ud83e\udd78\ud83e\udef5|51\/100|[from] Stealth Rock\n|turn|60\n|inactive|Juriste VR has 30 seconds left.\n|inactive|KC Shiif has 240 seconds left.\n|l| Xr_Kartana\n|\n|t:|1700341796\n|move|p2a: KC Lyncas|Dire Claw|p1a: Crabe \ud83e\udd78\ud83e\udef5\n|-immune|p1a: Crabe \ud83e\udd78\ud83e\udef5\n|move|p1a: Crabe \ud83e\udd78\ud83e\udef5|Make It Rain|p2a: KC Lyncas\n|-damage|p2a: KC Lyncas|0 fnt\n|-unboost|p1a: Crabe \ud83e\udd78\ud83e\udef5|spa|1\n|faint|p2a: KC Lyncas\n|\n|upkeep\n|\n|t:|1700341800\n|switch|p2a: KC Upset|Dragapult, F|100\/100\n|turn|61\n|\n|t:|1700341806\n|switch|p1a: \ud83d\udc74\ud83c\udffc \ud83d\udc48\ud83c\udffc \ud83e\udd2c|Garganacl, M, tera:Fairy|88\/100\n|-damage|p1a: \ud83d\udc74\ud83c\udffc \ud83d\udc48\ud83c\udffc \ud83e\udd2c|76\/100|[from] Stealth Rock\n|move|p2a: KC Upset|U-turn|p1a: \ud83d\udc74\ud83c\udffc \ud83d\udc48\ud83c\udffc \ud83e\udd2c\n|-resisted|p1a: \ud83d\udc74\ud83c\udffc \ud83d\udc48\ud83c\udffc \ud83e\udd2c\n|-damage|p1a: \ud83d\udc74\ud83c\udffc \ud83d\udc48\ud83c\udffc \ud83e\udd2c|72\/100\n|\n|t:|1700341808\n|switch|p2a: KC Maynter|Garganacl, F|76\/100|[from] U-turn\n|-damage|p2a: KC Maynter|63\/100|[from] Stealth Rock\n|-damage|p2a: KC Maynter|51\/100|[from] Spikes\n|\n|-heal|p2a: KC Maynter|57\/100|[from] item: Leftovers\n|-heal|p1a: \ud83d\udc74\ud83c\udffc \ud83d\udc48\ud83c\udffc \ud83e\udd2c|78\/100|[from] item: Leftovers\n|upkeep\n|turn|62\n|\n|t:|1700341820\n|move|p1a: \ud83d\udc74\ud83c\udffc \ud83d\udc48\ud83c\udffc \ud83e\udd2c|Salt Cure|p2a: KC Maynter\n|-damage|p2a: KC Maynter|49\/100\n|-start|p2a: KC Maynter|Salt Cure\n|move|p2a: KC Maynter|Salt Cure|p1a: \ud83d\udc74\ud83c\udffc \ud83d\udc48\ud83c\udffc \ud83e\udd2c\n|-damage|p1a: \ud83d\udc74\ud83c\udffc \ud83d\udc48\ud83c\udffc \ud83e\udd2c|69\/100\n|-start|p1a: \ud83d\udc74\ud83c\udffc \ud83d\udc48\ud83c\udffc \ud83e\udd2c|Salt Cure\n|\n|-heal|p2a: KC Maynter|55\/100|[from] item: Leftovers\n|-heal|p1a: \ud83d\udc74\ud83c\udffc \ud83d\udc48\ud83c\udffc \ud83e\udd2c|75\/100|[from] item: Leftovers\n|-damage|p1a: \ud83d\udc74\ud83c\udffc \ud83d\udc48\ud83c\udffc \ud83e\udd2c|63\/100|[from] Salt Cure\n|-damage|p2a: KC Maynter|43\/100|[from] Salt Cure\n|upkeep\n|turn|63\n|\n|t:|1700341832\n|move|p1a: \ud83d\udc74\ud83c\udffc \ud83d\udc48\ud83c\udffc \ud83e\udd2c|Curse|p1a: \ud83d\udc74\ud83c\udffc \ud83d\udc48\ud83c\udffc \ud83e\udd2c\n|-unboost|p1a: \ud83d\udc74\ud83c\udffc \ud83d\udc48\ud83c\udffc \ud83e\udd2c|spe|1\n|-boost|p1a: \ud83d\udc74\ud83c\udffc \ud83d\udc48\ud83c\udffc \ud83e\udd2c|atk|1\n|-boost|p1a: \ud83d\udc74\ud83c\udffc \ud83d\udc48\ud83c\udffc \ud83e\udd2c|def|1\n|move|p2a: KC Maynter|Recover|p2a: KC Maynter\n|-heal|p2a: KC Maynter|93\/100\n|\n|-heal|p2a: KC Maynter|99\/100|[from] item: Leftovers\n|-heal|p1a: \ud83d\udc74\ud83c\udffc \ud83d\udc48\ud83c\udffc \ud83e\udd2c|69\/100|[from] item: Leftovers\n|-damage|p2a: KC Maynter|87\/100|[from] Salt Cure\n|-damage|p1a: \ud83d\udc74\ud83c\udffc \ud83d\udc48\ud83c\udffc \ud83e\udd2c|57\/100|[from] Salt Cure\n|upkeep\n|turn|64\n|l|+Unamed\n|\n|t:|1700341847\n|move|p2a: KC Maynter|Salt Cure|p1a: \ud83d\udc74\ud83c\udffc \ud83d\udc48\ud83c\udffc \ud83e\udd2c\n|-damage|p1a: \ud83d\udc74\ud83c\udffc \ud83d\udc48\ud83c\udffc \ud83e\udd2c|52\/100\n|move|p1a: \ud83d\udc74\ud83c\udffc \ud83d\udc48\ud83c\udffc \ud83e\udd2c|Recover|p1a: \ud83d\udc74\ud83c\udffc \ud83d\udc48\ud83c\udffc \ud83e\udd2c\n|-heal|p1a: \ud83d\udc74\ud83c\udffc \ud83d\udc48\ud83c\udffc \ud83e\udd2c|100\/100\n|\n|-heal|p2a: KC Maynter|93\/100|[from] item: Leftovers\n|-damage|p2a: KC Maynter|80\/100|[from] Salt Cure\n|-damage|p1a: \ud83d\udc74\ud83c\udffc \ud83d\udc48\ud83c\udffc \ud83e\udd2c|88\/100|[from] Salt Cure\n|upkeep\n|turn|65\n|l| Evil\n|inactive|Juriste VR has 60 seconds left.\n|c| RoiDadadou|Gg.\n|l| Mindnight\n|l| Kickasser\n|inactive|KC Shiif has 240 seconds left.\n|\n|t:|1700341868\n|move|p2a: KC Maynter|Salt Cure|p1a: \ud83d\udc74\ud83c\udffc \ud83d\udc48\ud83c\udffc \ud83e\udd2c\n|-damage|p1a: \ud83d\udc74\ud83c\udffc \ud83d\udc48\ud83c\udffc \ud83e\udd2c|83\/100\n|move|p1a: \ud83d\udc74\ud83c\udffc \ud83d\udc48\ud83c\udffc \ud83e\udd2c|Curse|p1a: \ud83d\udc74\ud83c\udffc \ud83d\udc48\ud83c\udffc \ud83e\udd2c\n|-unboost|p1a: \ud83d\udc74\ud83c\udffc \ud83d\udc48\ud83c\udffc \ud83e\udd2c|spe|1\n|-boost|p1a: \ud83d\udc74\ud83c\udffc \ud83d\udc48\ud83c\udffc \ud83e\udd2c|atk|1\n|-boost|p1a: \ud83d\udc74\ud83c\udffc \ud83d\udc48\ud83c\udffc \ud83e\udd2c|def|1\n|\n|-heal|p2a: KC Maynter|87\/100|[from] item: Leftovers\n|-heal|p1a: \ud83d\udc74\ud83c\udffc \ud83d\udc48\ud83c\udffc \ud83e\udd2c|89\/100|[from] item: Leftovers\n|-damage|p2a: KC Maynter|74\/100|[from] Salt Cure\n|-damage|p1a: \ud83d\udc74\ud83c\udffc \ud83d\udc48\ud83c\udffc \ud83e\udd2c|76\/100|[from] Salt Cure\n|upkeep\n|turn|66\n|inactive|Juriste VR has 60 seconds left.\n|\n|t:|1700341880\n|move|p2a: KC Maynter|Salt Cure|p1a: \ud83d\udc74\ud83c\udffc \ud83d\udc48\ud83c\udffc \ud83e\udd2c\n|-damage|p1a: \ud83d\udc74\ud83c\udffc \ud83d\udc48\ud83c\udffc \ud83e\udd2c|72\/100\n|move|p1a: \ud83d\udc74\ud83c\udffc \ud83d\udc48\ud83c\udffc \ud83e\udd2c|Earthquake|p2a: KC Maynter\n|-supereffective|p2a: KC Maynter\n|-damage|p2a: KC Maynter|22\/100\n|\n|-heal|p2a: KC Maynter|28\/100|[from] item: Leftovers\n|-heal|p1a: \ud83d\udc74\ud83c\udffc \ud83d\udc48\ud83c\udffc \ud83e\udd2c|78\/100|[from] item: Leftovers\n|-damage|p2a: KC Maynter|16\/100|[from] Salt Cure\n|-damage|p1a: \ud83d\udc74\ud83c\udffc \ud83d\udc48\ud83c\udffc \ud83e\udd2c|66\/100|[from] Salt Cure\n|upkeep\n|turn|67\n|l| Oya\/Semort\n|inactive|Juriste VR has 60 seconds left.\n|j| Oya\/Semort\n|\n|t:|1700341893\n|move|p2a: KC Maynter|Recover|p2a: KC Maynter\n|-heal|p2a: KC Maynter|66\/100\n|move|p1a: \ud83d\udc74\ud83c\udffc \ud83d\udc48\ud83c\udffc \ud83e\udd2c|Curse|p1a: \ud83d\udc74\ud83c\udffc \ud83d\udc48\ud83c\udffc \ud83e\udd2c\n|-unboost|p1a: \ud83d\udc74\ud83c\udffc \ud83d\udc48\ud83c\udffc \ud83e\udd2c|spe|1\n|-boost|p1a: \ud83d\udc74\ud83c\udffc \ud83d\udc48\ud83c\udffc \ud83e\udd2c|atk|1\n|-boost|p1a: \ud83d\udc74\ud83c\udffc \ud83d\udc48\ud83c\udffc \ud83e\udd2c|def|1\n|\n|-heal|p2a: KC Maynter|72\/100|[from] item: Leftovers\n|-heal|p1a: \ud83d\udc74\ud83c\udffc \ud83d\udc48\ud83c\udffc \ud83e\udd2c|72\/100|[from] item: Leftovers\n|-damage|p2a: KC Maynter|59\/100|[from] Salt Cure\n|-damage|p1a: \ud83d\udc74\ud83c\udffc \ud83d\udc48\ud83c\udffc \ud83e\udd2c|60\/100|[from] Salt Cure\n|upkeep\n|turn|68\n|\n|t:|1700341899\n|move|p2a: KC Maynter|Salt Cure|p1a: \ud83d\udc74\ud83c\udffc \ud83d\udc48\ud83c\udffc \ud83e\udd2c\n|-damage|p1a: \ud83d\udc74\ud83c\udffc \ud83d\udc48\ud83c\udffc \ud83e\udd2c|57\/100\n|move|p1a: \ud83d\udc74\ud83c\udffc \ud83d\udc48\ud83c\udffc \ud83e\udd2c|Recover|p1a: \ud83d\udc74\ud83c\udffc \ud83d\udc48\ud83c\udffc \ud83e\udd2c\n|-heal|p1a: \ud83d\udc74\ud83c\udffc \ud83d\udc48\ud83c\udffc \ud83e\udd2c|100\/100\n|\n|-heal|p2a: KC Maynter|66\/100|[from] item: Leftovers\n|-damage|p2a: KC Maynter|53\/100|[from] Salt Cure\n|-damage|p1a: \ud83d\udc74\ud83c\udffc \ud83d\udc48\ud83c\udffc \ud83e\udd2c|88\/100|[from] Salt Cure\n|upkeep\n|turn|69\n|inactive|Juriste VR has 60 seconds left.\n|\n|t:|1700341915\n|move|p2a: KC Maynter|Recover|p2a: KC Maynter\n|-heal|p2a: KC Maynter|100\/100\n|move|p1a: \ud83d\udc74\ud83c\udffc \ud83d\udc48\ud83c\udffc \ud83e\udd2c|Curse|p1a: \ud83d\udc74\ud83c\udffc \ud83d\udc48\ud83c\udffc \ud83e\udd2c\n|-unboost|p1a: \ud83d\udc74\ud83c\udffc \ud83d\udc48\ud83c\udffc \ud83e\udd2c|spe|1\n|-boost|p1a: \ud83d\udc74\ud83c\udffc \ud83d\udc48\ud83c\udffc \ud83e\udd2c|atk|1\n|-boost|p1a: \ud83d\udc74\ud83c\udffc \ud83d\udc48\ud83c\udffc \ud83e\udd2c|def|1\n|\n|-heal|p1a: \ud83d\udc74\ud83c\udffc \ud83d\udc48\ud83c\udffc \ud83e\udd2c|94\/100|[from] item: Leftovers\n|-damage|p2a: KC Maynter|88\/100|[from] Salt Cure\n|-damage|p1a: \ud83d\udc74\ud83c\udffc \ud83d\udc48\ud83c\udffc \ud83e\udd2c|82\/100|[from] Salt Cure\n|upkeep\n|turn|70\n|l| Kital\n|\n|t:|1700341920\n|move|p2a: KC Maynter|Salt Cure|p1a: \ud83d\udc74\ud83c\udffc \ud83d\udc48\ud83c\udffc \ud83e\udd2c\n|-damage|p1a: \ud83d\udc74\ud83c\udffc \ud83d\udc48\ud83c\udffc \ud83e\udd2c|79\/100\n|move|p1a: \ud83d\udc74\ud83c\udffc \ud83d\udc48\ud83c\udffc \ud83e\udd2c|Curse|p1a: \ud83d\udc74\ud83c\udffc \ud83d\udc48\ud83c\udffc \ud83e\udd2c\n|-unboost|p1a: \ud83d\udc74\ud83c\udffc \ud83d\udc48\ud83c\udffc \ud83e\udd2c|spe|1\n|-boost|p1a: \ud83d\udc74\ud83c\udffc \ud83d\udc48\ud83c\udffc \ud83e\udd2c|atk|1\n|-boost|p1a: \ud83d\udc74\ud83c\udffc \ud83d\udc48\ud83c\udffc \ud83e\udd2c|def|1\n|\n|-heal|p2a: KC Maynter|94\/100|[from] item: Leftovers\n|-heal|p1a: \ud83d\udc74\ud83c\udffc \ud83d\udc48\ud83c\udffc \ud83e\udd2c|85\/100|[from] item: Leftovers\n|-damage|p2a: KC Maynter|82\/100|[from] Salt Cure\n|-damage|p1a: \ud83d\udc74\ud83c\udffc \ud83d\udc48\ud83c\udffc \ud83e\udd2c|73\/100|[from] Salt Cure\n|upkeep\n|turn|71\n|\n|t:|1700341923\n|move|p2a: KC Maynter|Salt Cure|p1a: \ud83d\udc74\ud83c\udffc \ud83d\udc48\ud83c\udffc \ud83e\udd2c\n|-damage|p1a: \ud83d\udc74\ud83c\udffc \ud83d\udc48\ud83c\udffc \ud83e\udd2c|70\/100\n|move|p1a: \ud83d\udc74\ud83c\udffc \ud83d\udc48\ud83c\udffc \ud83e\udd2c|Curse|p1a: \ud83d\udc74\ud83c\udffc \ud83d\udc48\ud83c\udffc \ud83e\udd2c\n|-unboost|p1a: \ud83d\udc74\ud83c\udffc \ud83d\udc48\ud83c\udffc \ud83e\udd2c|spe|1\n|-boost|p1a: \ud83d\udc74\ud83c\udffc \ud83d\udc48\ud83c\udffc \ud83e\udd2c|atk|1\n|-boost|p1a: \ud83d\udc74\ud83c\udffc \ud83d\udc48\ud83c\udffc \ud83e\udd2c|def|1\n|\n|-heal|p2a: KC Maynter|88\/100|[from] item: Leftovers\n|-heal|p1a: \ud83d\udc74\ud83c\udffc \ud83d\udc48\ud83c\udffc \ud83e\udd2c|76\/100|[from] item: Leftovers\n|-damage|p2a: KC Maynter|76\/100|[from] Salt Cure\n|-damage|p1a: \ud83d\udc74\ud83c\udffc \ud83d\udc48\ud83c\udffc \ud83e\udd2c|64\/100|[from] Salt Cure\n|upkeep\n|turn|72\n|l| Oya\/Semort\n|\n|t:|1700341929\n|move|p2a: KC Maynter|Salt Cure|p1a: \ud83d\udc74\ud83c\udffc \ud83d\udc48\ud83c\udffc \ud83e\udd2c\n|-damage|p1a: \ud83d\udc74\ud83c\udffc \ud83d\udc48\ud83c\udffc \ud83e\udd2c|61\/100\n|move|p1a: \ud83d\udc74\ud83c\udffc \ud83d\udc48\ud83c\udffc \ud83e\udd2c|Recover|p1a: \ud83d\udc74\ud83c\udffc \ud83d\udc48\ud83c\udffc \ud83e\udd2c\n|-heal|p1a: \ud83d\udc74\ud83c\udffc \ud83d\udc48\ud83c\udffc \ud83e\udd2c|100\/100\n|\n|-heal|p2a: KC Maynter|82\/100|[from] item: Leftovers\n|-damage|p2a: KC Maynter|70\/100|[from] Salt Cure\n|-damage|p1a: \ud83d\udc74\ud83c\udffc \ud83d\udc48\ud83c\udffc \ud83e\udd2c|88\/100|[from] Salt Cure\n|upkeep\n|turn|73\n|\n|t:|1700341933\n|move|p2a: KC Maynter|Salt Cure|p1a: \ud83d\udc74\ud83c\udffc \ud83d\udc48\ud83c\udffc \ud83e\udd2c\n|-damage|p1a: \ud83d\udc74\ud83c\udffc \ud83d\udc48\ud83c\udffc \ud83e\udd2c|86\/100\n|move|p1a: \ud83d\udc74\ud83c\udffc \ud83d\udc48\ud83c\udffc \ud83e\udd2c|Earthquake|p2a: KC Maynter\n|-supereffective|p2a: KC Maynter\n|-damage|p2a: KC Maynter|0 fnt\n|faint|p2a: KC Maynter\n|\n|-heal|p1a: \ud83d\udc74\ud83c\udffc \ud83d\udc48\ud83c\udffc \ud83e\udd2c|92\/100|[from] item: Leftovers\n|-damage|p1a: \ud83d\udc74\ud83c\udffc \ud83d\udc48\ud83c\udffc \ud83e\udd2c|80\/100|[from] Salt Cure\n|upkeep\n|\n|t:|1700341935\n|switch|p2a: KC Upset|Dragapult, F|100\/100\n|turn|74\n|j| Azox & Zenter\n|c| Extinct|gg\n|\n|t:|1700341941\n|-terastallize|p2a: KC Upset|Ghost\n|move|p2a: KC Upset|Hex|p1a: \ud83d\udc74\ud83c\udffc \ud83d\udc48\ud83c\udffc \ud83e\udd2c\n|-damage|p1a: \ud83d\udc74\ud83c\udffc \ud83d\udc48\ud83c\udffc \ud83e\udd2c|62\/100\n|move|p1a: \ud83d\udc74\ud83c\udffc \ud83d\udc48\ud83c\udffc \ud83e\udd2c|Earthquake|p2a: KC Upset\n|-damage|p2a: KC Upset|0 fnt\n|faint|p2a: KC Upset\n|\n|win|Juriste VR\n|c|\u2606Juriste VR|jj\n|c|\u2606KC Shiif|gg\n|l|\u2606KC Shiif\n|l| patron de lidl\n|l| xKSr\n|l| Akalli\n|l| Rarelyme\n|l| Micciu\n|l| Masskeauuu\n|l| Azox & Zenter\n|l| ayk & weshbien\n|l| Zenadark\n|l| Menacce17\n|l| Chicos\n|l| Cherbou\n|j| Oya\/Semort\n|l| Agammemnon\n|l| Oya\/Semort\n|l| Frrf\n|l| Jaqualizer\n|l| lemonstre1\n|l| Sirwings\n|l| el jabar\n|l| GeeMick\n","uploadtime":1700341960,"views":75,"p1id":"juristevr","p2id":"kcshiif","formatid":"gen9ou","rating":0,"private":0,"password":""}