{"id":"gen9ou-1992346971","p1":"derl","p2":"McD's Dollar Menu","format":"[Gen 9] OU","log":"|j|\u2606derl\n|j|\u2606McD's Dollar Menu\n|t:|1700177154\n|gametype|singles\n|player|p1|derl|1|1523\n|player|p2|McD's Dollar Menu|medium|1693\n|teamsize|p1|6\n|teamsize|p2|6\n|gen|9\n|tier|[Gen 9] OU\n|rated|\n|rule|Sleep Clause Mod: Limit one foe put to sleep\n|rule|Species Clause: Limit one of each Pok\u00e9mon\n|rule|OHKO Clause: OHKO moves are banned\n|rule|Evasion Items Clause: Evasion items are banned\n|rule|Evasion Moves Clause: Evasion moves are banned\n|rule|Endless Battle Clause: Forcing endless battles is banned\n|rule|HP Percentage Mod: HP is shown in percentages\n|clearpoke\n|poke|p1|Rillaboom, M|\n|poke|p1|Cinderace, M|\n|poke|p1|Kingambit, F|\n|poke|p1|Slowking-Galar, M|\n|poke|p1|Ceruledge, M|\n|poke|p1|Thundurus-Therian, M|\n|poke|p2|Dragapult, M|\n|poke|p2|Dondozo, M|\n|poke|p2|Great Tusk|\n|poke|p2|Milotic, M|\n|poke|p2|Mandibuzz, F|\n|poke|p2|Skeledirge, M|\n|teampreview\n|inactive|Battle timer is ON: inactive players will automatically lose when time's up. (requested by McD's Dollar Menu)\n|\n|t:|1700177176\n|start\n|switch|p1a: Rillaboom|Rillaboom, M|100\/100\n|switch|p2a: Kendrick Lamar|Dragapult, M, shiny|100\/100\n|-fieldstart|move: Grassy Terrain|[from] ability: Grassy Surge|[of] p1a: Rillaboom\n|turn|1\n|\n|t:|1700177184\n|switch|p1a: Kingambit|Kingambit, F|100\/100\n|move|p2a: Kendrick Lamar|U-turn|p1a: Kingambit\n|-damage|p1a: Kingambit|88\/100\n|\n|t:|1700177190\n|switch|p2a: Nicki Minaj|Mandibuzz, F, shiny|100\/100|[from] U-turn\n|\n|-heal|p1a: Kingambit|94\/100|[from] Grassy Terrain\n|upkeep\n|turn|2\n|\n|t:|1700177206\n|-end|p1a: Kingambit|fallenundefined|[silent]\n|switch|p1a: Thundurus|Thundurus-Therian, M|100\/100\n|move|p2a: Nicki Minaj|Foul Play|p1a: Thundurus\n|-damage|p1a: Thundurus|51\/100\n|\n|upkeep\n|turn|3\n|\n|t:|1700177221\n|switch|p2a: Kendrick Lamar|Dragapult, M, shiny|100\/100\n|move|p1a: Thundurus|Volt Switch|p2a: Kendrick Lamar\n|-resisted|p2a: Kendrick Lamar\n|-damage|p2a: Kendrick Lamar|60\/100\n|\n|t:|1700177234\n|switch|p1a: Rillaboom|Rillaboom, M|100\/100|[from] Volt Switch\n|\n|-heal|p2a: Kendrick Lamar|66\/100|[from] Grassy Terrain\n|upkeep\n|turn|4\n|\n|t:|1700177239\n|-terastallize|p1a: Rillaboom|Grass\n|move|p1a: Rillaboom|Grassy Glide|p2a: Kendrick Lamar\n|-resisted|p2a: Kendrick Lamar\n|-damage|p2a: Kendrick Lamar|13\/100\n|move|p2a: Kendrick Lamar|U-turn|p1a: Rillaboom\n|-supereffective|p1a: Rillaboom\n|-damage|p1a: Rillaboom|65\/100\n|\n|t:|1700177244\n|switch|p2a: Nicki Minaj|Mandibuzz, F, shiny|100\/100|[from] U-turn\n|\n|-heal|p1a: Rillaboom|72\/100|[from] Grassy Terrain\n|upkeep\n|turn|5\n|\n|t:|1700177261\n|switch|p1a: Slowking|Slowking-Galar, M|100\/100\n|move|p2a: Nicki Minaj|Foul Play|p1a: Slowking\n|-supereffective|p1a: Slowking\n|-enditem|p1a: Slowking|Colbur Berry|[eat]\n|-enditem|p1a: Slowking|Colbur Berry|[weaken]\n|-damage|p1a: Slowking|89\/100\n|\n|-heal|p1a: Slowking|95\/100|[from] Grassy Terrain\n|-fieldend|move: Grassy Terrain\n|upkeep\n|turn|6\n|\n|t:|1700177269\n|move|p2a: Nicki Minaj|Foul Play|p1a: Slowking\n|-supereffective|p1a: Slowking\n|-damage|p1a: Slowking|71\/100\n|move|p1a: Slowking|Future Sight|p2a: Nicki Minaj\n|-start|p1a: Slowking|move: Future Sight\n|\n|upkeep\n|turn|7\n|\n|t:|1700177278\n|switch|p2a: Dr. Dre|Milotic, M, shiny|100\/100\n|move|p1a: Slowking|Chilly Reception|p1a: Slowking\n|-weather|Snow\n|\n|t:|1700177284\n|switch|p1a: Thundurus|Thundurus-Therian, M|51\/100|[from] Chilly Reception\n|\n|-weather|Snow|[upkeep]\n|upkeep\n|turn|8\n|\n|t:|1700177289\n|move|p1a: Thundurus|Volt Switch|p2a: Dr. Dre\n|-supereffective|p2a: Dr. Dre\n|-damage|p2a: Dr. Dre|31\/100\n|\n|t:|1700177293\n|switch|p1a: Kingambit|Kingambit, F|94\/100|[from] Volt Switch\n|move|p2a: Dr. Dre|Mirror Coat|p1a: Kingambit\n|-immune|p1a: Kingambit\n|\n|-weather|Snow|[upkeep]\n|-end|p2a: Dr. Dre|move: Future Sight\n|-damage|p2a: Dr. Dre|8\/100\n|-heal|p2a: Dr. Dre|14\/100|[from] item: Leftovers\n|upkeep\n|turn|9\n|\n|t:|1700177306\n|move|p2a: Dr. Dre|Recover|p2a: Dr. Dre\n|-heal|p2a: Dr. Dre|64\/100\n|move|p1a: Kingambit|Kowtow Cleave|p2a: Dr. Dre\n|-damage|p2a: Dr. Dre|17\/100\n|\n|-weather|Snow|[upkeep]\n|-heal|p2a: Dr. Dre|23\/100|[from] item: Leftovers\n|upkeep\n|turn|10\n|\n|t:|1700177316\n|-end|p1a: Kingambit|fallenundefined|[silent]\n|switch|p1a: Thundurus|Thundurus-Therian, M|51\/100\n|move|p2a: Dr. Dre|Recover|p2a: Dr. Dre\n|-heal|p2a: Dr. Dre|73\/100\n|\n|-weather|Snow|[upkeep]\n|-heal|p2a: Dr. Dre|79\/100|[from] item: Leftovers\n|upkeep\n|turn|11\n|\n|t:|1700177325\n|switch|p1a: Rillaboom|Rillaboom, M, tera:Grass|72\/100\n|-fieldstart|move: Grassy Terrain|[from] ability: Grassy Surge|[of] p1a: Rillaboom\n|switch|p2a: 50 Cent|Great Tusk|100\/100\n|\n|-weather|none\n|-heal|p1a: Rillaboom|78\/100|[from] Grassy Terrain\n|upkeep\n|turn|12\n|\n|t:|1700177336\n|-end|p2a: 50 Cent|Protosynthesis|[silent]\n|switch|p2a: Nicki Minaj|Mandibuzz, F, shiny|100\/100\n|move|p1a: Rillaboom|U-turn|p2a: Nicki Minaj\n|-damage|p2a: Nicki Minaj|78\/100\n|\n|t:|1700177343\n|switch|p1a: Thundurus|Thundurus-Therian, M|51\/100|[from] U-turn\n|\n|upkeep\n|turn|13\n|\n|t:|1700177350\n|switch|p2a: Dr. Dre|Milotic, M, shiny|79\/100\n|move|p1a: Thundurus|Psychic|p2a: Dr. Dre\n|-damage|p2a: Dr. Dre|49\/100\n|-unboost|p2a: Dr. Dre|spd|1\n|\n|-heal|p2a: Dr. Dre|56\/100|[from] Grassy Terrain\n|-heal|p2a: Dr. Dre|62\/100|[from] item: Leftovers\n|upkeep\n|turn|14\n|\n|t:|1700177359\n|switch|p1a: Rillaboom|Rillaboom, M, tera:Grass|78\/100\n|move|p2a: Dr. Dre|Scald|p1a: Rillaboom\n|-resisted|p1a: Rillaboom\n|-damage|p1a: Rillaboom|57\/100\n|\n|-heal|p1a: Rillaboom|63\/100|[from] Grassy Terrain\n|-heal|p2a: Dr. Dre|68\/100|[from] Grassy Terrain\n|-heal|p2a: Dr. Dre|74\/100|[from] item: Leftovers\n|upkeep\n|turn|15\n|\n|t:|1700177371\n|switch|p2a: Nicki Minaj|Mandibuzz, F, shiny|78\/100\n|move|p1a: Rillaboom|Wood Hammer|p2a: Nicki Minaj\n|-resisted|p2a: Nicki Minaj\n|-damage|p2a: Nicki Minaj|31\/100\n|-damage|p1a: Rillaboom|43\/100|[from] Recoil\n|\n|-heal|p1a: Rillaboom|50\/100|[from] Grassy Terrain\n|-fieldend|move: Grassy Terrain\n|upkeep\n|turn|16\n|\n|t:|1700177379\n|move|p1a: Rillaboom|Wood Hammer|p2a: Nicki Minaj\n|-resisted|p2a: Nicki Minaj\n|-damage|p2a: Nicki Minaj|0 fnt\n|faint|p2a: Nicki Minaj\n|-damage|p1a: Rillaboom|37\/100|[from] Recoil\n|\n|upkeep\n|\n|t:|1700177380\n|switch|p2a: Kendrick Lamar|Dragapult, M, shiny|13\/100\n|turn|17\n|\n|t:|1700177385\n|switch|p1a: Slowking|Slowking-Galar, M|100\/100\n|move|p2a: Kendrick Lamar|Flamethrower|p1a: Slowking\n|-damage|p1a: Slowking|71\/100\n|\n|upkeep\n|turn|18\n|\n|t:|1700177392\n|switch|p2a: 50 Cent|Great Tusk|100\/100\n|switch|p1a: Kingambit|Kingambit, F|94\/100\n|\n|upkeep\n|turn|19\n|\n|t:|1700177403\n|-end|p1a: Kingambit|fallenundefined|[silent]\n|switch|p1a: Thundurus|Thundurus-Therian, M|51\/100\n|move|p2a: 50 Cent|Rapid Spin|p1a: Thundurus\n|-damage|p1a: Thundurus|27\/100\n|-boost|p2a: 50 Cent|spe|1\n|\n|upkeep\n|turn|20\n|\n|t:|1700177419\n|-end|p2a: 50 Cent|Protosynthesis|[silent]\n|switch|p2a: Slim Shady|Skeledirge, M, shiny|100\/100\n|switch|p1a: Slowking|Slowking-Galar, M|100\/100\n|\n|upkeep\n|turn|21\n|\n|t:|1700177427\n|move|p2a: Slim Shady|Torch Song|p1a: Slowking\n|-damage|p1a: Slowking|75\/100\n|-boost|p2a: Slim Shady|spa|1\n|move|p1a: Slowking|Future Sight|p2a: Slim Shady\n|-start|p1a: Slowking|move: Future Sight\n|\n|upkeep\n|turn|22\n|\n|t:|1700177435\n|move|p2a: Slim Shady|Torch Song|p1a: Slowking\n|-damage|p1a: Slowking|39\/100\n|-boost|p2a: Slim Shady|spa|1\n|move|p1a: Slowking|Chilly Reception|p1a: Slowking\n|-weather|Snow\n|\n|t:|1700177447\n|switch|p1a: Ceruledge|Ceruledge, M|100\/100|[from] Chilly Reception\n|\n|-weather|Snow|[upkeep]\n|upkeep\n|turn|23\n|\n|t:|1700177470\n|switch|p2a: Notorious B.I.G.|Dondozo, M, shiny|100\/100\n|move|p1a: Ceruledge|Swords Dance|p1a: Ceruledge\n|-boost|p1a: Ceruledge|atk|2\n|\n|-weather|Snow|[upkeep]\n|-end|p2a: Notorious B.I.G.|move: Future Sight\n|-damage|p2a: Notorious B.I.G.|55\/100\n|upkeep\n|turn|24\n|\n|t:|1700177477\n|move|p1a: Ceruledge|Poltergeist|p2a: Notorious B.I.G.\n|-activate|p2a: Notorious B.I.G.|move: Poltergeist|Heavy-Duty Boots\n|-crit|p2a: Notorious B.I.G.\n|-damage|p2a: Notorious B.I.G.|14\/100\n|move|p2a: Notorious B.I.G.|Liquidation|p1a: Ceruledge\n|-supereffective|p1a: Ceruledge\n|-damage|p1a: Ceruledge|13\/100\n|-ability|p1a: Ceruledge|Weak Armor|boost\n|-unboost|p1a: Ceruledge|def|1\n|-boost|p1a: Ceruledge|spe|2\n|\n|-weather|Snow|[upkeep]\n|upkeep\n|turn|25\n|\n|t:|1700177491\n|move|p1a: Ceruledge|Close Combat|p2a: Notorious B.I.G.\n|-damage|p2a: Notorious B.I.G.|0 fnt\n|-unboost|p1a: Ceruledge|def|1\n|-unboost|p1a: Ceruledge|spd|1\n|faint|p2a: Notorious B.I.G.\n|\n|-weather|Snow|[upkeep]\n|upkeep\n|\n|t:|1700177498\n|switch|p2a: 50 Cent|Great Tusk|100\/100\n|turn|26\n|\n|t:|1700177507\n|move|p1a: Ceruledge|Poltergeist|p2a: 50 Cent\n|-activate|p2a: 50 Cent|move: Poltergeist|Leftovers\n|-damage|p2a: 50 Cent|21\/100\n|move|p2a: 50 Cent|Earthquake|p1a: Ceruledge\n|-supereffective|p1a: Ceruledge\n|-damage|p1a: Ceruledge|0 fnt\n|faint|p1a: Ceruledge\n|\n|-weather|none\n|-heal|p2a: 50 Cent|27\/100|[from] item: Leftovers\n|upkeep\n|\n|t:|1700177521\n|switch|p1a: Rillaboom|Rillaboom, M, tera:Grass|37\/100\n|-fieldstart|move: Grassy Terrain|[from] ability: Grassy Surge|[of] p1a: Rillaboom\n|turn|27\n|\n|t:|1700177525\n|move|p1a: Rillaboom|Grassy Glide|p2a: 50 Cent\n|-supereffective|p2a: 50 Cent\n|-damage|p2a: 50 Cent|0 fnt\n|faint|p2a: 50 Cent\n|-end|p2a: 50 Cent|Protosynthesis|[silent]\n|\n|-heal|p1a: Rillaboom|43\/100|[from] Grassy Terrain\n|upkeep\n|\n|t:|1700177528\n|switch|p2a: Slim Shady|Skeledirge, M, shiny|100\/100\n|turn|28\n|\n|t:|1700177534\n|switch|p1a: Slowking|Slowking-Galar, M|72\/100\n|move|p2a: Slim Shady|Torch Song|p1a: Slowking\n|-crit|p1a: Slowking\n|-damage|p1a: Slowking|38\/100\n|-boost|p2a: Slim Shady|spa|1\n|\n|-heal|p1a: Slowking|44\/100|[from] Grassy Terrain\n|upkeep\n|turn|29\n|\n|t:|1700177537\n|move|p2a: Slim Shady|Torch Song|p1a: Slowking\n|-damage|p1a: Slowking|11\/100\n|-boost|p2a: Slim Shady|spa|1\n|move|p1a: Slowking|Chilly Reception|p1a: Slowking\n|-weather|Snow\n|\n|t:|1700177545\n|switch|p1a: Thundurus|Thundurus-Therian, M|27\/100|[from] Chilly Reception\n|\n|-weather|Snow|[upkeep]\n|upkeep\n|turn|30\n|\n|t:|1700177550\n|move|p1a: Thundurus|Wildbolt Storm|p2a: Slim Shady|[miss]\n|-miss|p1a: Thundurus|p2a: Slim Shady\n|move|p2a: Slim Shady|Torch Song|p1a: Thundurus\n|-damage|p1a: Thundurus|0 fnt\n|-boost|p2a: Slim Shady|spa|1\n|faint|p1a: Thundurus\n|\n|-weather|Snow|[upkeep]\n|upkeep\n|\n|t:|1700177561\n|switch|p1a: Slowking|Slowking-Galar, M|44\/100\n|turn|31\n|\n|t:|1700177570\n|switch|p1a: Kingambit|Kingambit, F|94\/100\n|-activate|p1a: Kingambit|ability: Supreme Overlord\n|-start|p1a: Kingambit|fallen2|[silent]\n|move|p2a: Slim Shady|Torch Song|p1a: Kingambit\n|-supereffective|p1a: Kingambit\n|-damage|p1a: Kingambit|15\/100\n|-boost|p2a: Slim Shady|spa|1\n|\n|-weather|Snow|[upkeep]\n|-heal|p1a: Kingambit|21\/100|[from] Grassy Terrain\n|-fieldend|move: Grassy Terrain\n|upkeep\n|turn|32\n|\n|t:|1700177577\n|switch|p2a: Dr. Dre|Milotic, M, shiny|74\/100\n|move|p1a: Kingambit|Sucker Punch||[still]\n|-fail|p1a: Kingambit\n|\n|-weather|Snow|[upkeep]\n|-heal|p2a: Dr. Dre|80\/100|[from] item: Leftovers\n|upkeep\n|turn|33\n|\n|t:|1700177588\n|move|p2a: Dr. Dre|Scald|p1a: Kingambit\n|-damage|p1a: Kingambit|5\/100\n|move|p1a: Kingambit|Kowtow Cleave|p2a: Dr. Dre\n|-damage|p2a: Dr. Dre|16\/100\n|\n|-weather|none\n|-heal|p2a: Dr. Dre|23\/100|[from] item: Leftovers\n|upkeep\n|turn|34\n|\n|t:|1700177596\n|move|p2a: Dr. Dre|Scald|p1a: Kingambit\n|-damage|p1a: Kingambit|0 fnt\n|faint|p1a: Kingambit\n|-end|p1a: Kingambit|fallen2|[silent]\n|\n|-heal|p2a: Dr. Dre|29\/100|[from] item: Leftovers\n|upkeep\n|\n|t:|1700177602\n|switch|p1a: Cinderace|Cinderace, M|100\/100\n|turn|35\n|\n|t:|1700177609\n|switch|p2a: Slim Shady|Skeledirge, M, shiny|100\/100\n|move|p1a: Cinderace|U-turn|p2a: Slim Shady\n|-start|p1a: Cinderace|typechange|Bug|[from] ability: Libero\n|-resisted|p2a: Slim Shady\n|-damage|p2a: Slim Shady|93\/100\n|\n|t:|1700177617\n|switch|p1a: Slowking|Slowking-Galar, M|77\/100|[from] U-turn\n|\n|upkeep\n|turn|36\n|\n|t:|1700177622\n|move|p2a: Slim Shady|Torch Song|p1a: Slowking\n|-damage|p1a: Slowking|52\/100\n|-boost|p2a: Slim Shady|spa|1\n|move|p1a: Slowking|Future Sight|p2a: Slim Shady\n|-start|p1a: Slowking|move: Future Sight\n|\n|upkeep\n|turn|37\n|\n|t:|1700177630\n|switch|p2a: Dr. Dre|Milotic, M, shiny|29\/100\n|switch|p1a: Cinderace|Cinderace, M|100\/100\n|\n|-heal|p2a: Dr. Dre|35\/100|[from] item: Leftovers\n|upkeep\n|turn|38\n|\n|t:|1700177644\n|move|p1a: Cinderace|Gunk Shot|p2a: Dr. Dre\n|-start|p1a: Cinderace|typechange|Poison|[from] ability: Libero\n|-damage|p2a: Dr. Dre|0 fnt\n|faint|p2a: Dr. Dre\n|\n|-hint|Future Sight did not hit because the target is fainted.\n|upkeep\n|\n|t:|1700177647\n|switch|p2a: Kendrick Lamar|Dragapult, M, shiny|13\/100\n|turn|39\n|\n|t:|1700177661\n|move|p2a: Kendrick Lamar|Shadow Ball|p1a: Cinderace\n|-damage|p1a: Cinderace|20\/100\n|move|p1a: Cinderace|U-turn|p2a: Kendrick Lamar\n|-resisted|p2a: Kendrick Lamar\n|-damage|p2a: Kendrick Lamar|0 fnt\n|faint|p2a: Kendrick Lamar\n|\n|t:|1700177671\n|switch|p1a: Slowking|Slowking-Galar, M|85\/100|[from] U-turn\n|\n|upkeep\n|\n|t:|1700177676\n|switch|p2a: Slim Shady|Skeledirge, M, shiny|93\/100\n|turn|40\n|\n|t:|1700177679\n|move|p2a: Slim Shady|Torch Song|p1a: Slowking\n|-damage|p1a: Slowking|59\/100\n|-boost|p2a: Slim Shady|spa|1\n|move|p1a: Slowking|Future Sight|p2a: Slim Shady\n|-start|p1a: Slowking|move: Future Sight\n|\n|upkeep\n|turn|41\n|\n|t:|1700177688\n|move|p2a: Slim Shady|Hex|p1a: Slowking\n|-supereffective|p1a: Slowking\n|-damage|p1a: Slowking|4\/100\n|move|p1a: Slowking|Foul Play|p2a: Slim Shady\n|-supereffective|p2a: Slim Shady\n|-damage|p2a: Slim Shady|74\/100\n|\n|upkeep\n|turn|42\n|\n|t:|1700177696\n|move|p2a: Slim Shady|Slack Off|p2a: Slim Shady\n|-heal|p2a: Slim Shady|100\/100\n|move|p1a: Slowking|Foul Play|p2a: Slim Shady\n|-supereffective|p2a: Slim Shady\n|-damage|p2a: Slim Shady|81\/100\n|\n|-end|p2a: Slim Shady|move: Future Sight\n|-damage|p2a: Slim Shady|46\/100\n|upkeep\n|turn|43\n|\n|t:|1700177705\n|move|p2a: Slim Shady|Slack Off|p2a: Slim Shady\n|-heal|p2a: Slim Shady|96\/100\n|move|p1a: Slowking|Future Sight|p2a: Slim Shady\n|-start|p1a: Slowking|move: Future Sight\n|\n|upkeep\n|turn|44\n|\n|t:|1700177712\n|move|p2a: Slim Shady|Torch Song|p1a: Slowking\n|-damage|p1a: Slowking|0 fnt\n|-boost|p2a: Slim Shady|spa|1\n|faint|p1a: Slowking\n|\n|upkeep\n|\n|t:|1700177716\n|switch|p1a: Cinderace|Cinderace, M|20\/100\n|turn|45\n|\n|t:|1700177721\n|move|p1a: Cinderace|Gunk Shot|p2a: Slim Shady\n|-start|p1a: Cinderace|typechange|Poison|[from] ability: Libero\n|-resisted|p2a: Slim Shady\n|-damage|p2a: Slim Shady|73\/100\n|move|p2a: Slim Shady|Slack Off|p2a: Slim Shady\n|-heal|p2a: Slim Shady|100\/100\n|\n|-end|p2a: Slim Shady|move: Future Sight\n|-damage|p2a: Slim Shady|68\/100\n|upkeep\n|turn|46\n|\n|t:|1700177731\n|move|p1a: Cinderace|Gunk Shot|p2a: Slim Shady|[miss]\n|-miss|p1a: Cinderace|p2a: Slim Shady\n|move|p2a: Slim Shady|Slack Off|p2a: Slim Shady\n|-heal|p2a: Slim Shady|100\/100\n|\n|upkeep\n|turn|47\n|\n|t:|1700177733\n|move|p1a: Cinderace|Gunk Shot|p2a: Slim Shady\n|-resisted|p2a: Slim Shady\n|-damage|p2a: Slim Shady|77\/100\n|move|p2a: Slim Shady|Torch Song|p1a: Cinderace\n|-damage|p1a: Cinderace|0 fnt\n|-boost|p2a: Slim Shady|spa|1\n|faint|p1a: Cinderace\n|\n|upkeep\n|\n|t:|1700177736\n|switch|p1a: Rillaboom|Rillaboom, M, tera:Grass|43\/100\n|-fieldstart|move: Grassy Terrain|[from] ability: Grassy Surge|[of] p1a: Rillaboom\n|turn|48\n|\n|t:|1700177741\n|-terastallize|p2a: Slim Shady|Water\n|move|p1a: Rillaboom|High Horsepower|p2a: Slim Shady\n|-damage|p2a: Slim Shady|33\/100\n|move|p2a: Slim Shady|Torch Song|p1a: Rillaboom\n|-supereffective|p1a: Rillaboom\n|-damage|p1a: Rillaboom|0 fnt\n|-boost|p2a: Slim Shady|spa|1\n|faint|p1a: Rillaboom\n|\n|win|McD's Dollar Menu\n|raw|derl's rating: 1523 &rarr; <strong>1512<\/strong><br \/>(-11 for losing)\n|raw|McD&apos;s Dollar Menu's rating: 1693 &rarr; <strong>1704<\/strong><br \/>(+11 for winning)\n|c|\u2606McD's Dollar Menu|gg\n|c|\u2606derl|nice\n|c|\u2606derl|gg\n|l|\u2606derl\n|c|\u2606McD's Dollar Menu|close one\n","uploadtime":1700177760,"views":7,"p1id":"derl","p2id":"mcdsdollarmenu","formatid":"gen9ou","rating":1512,"private":0,"password":""}