{"id":"gen9ou-1997060142","p1":"acclejoker","p2":"pllv51 staller","format":"[Gen 9] OU","log":"|j|\u203dacclejoker\n|j|\u2606pllv51 staller\n|t:|1700760487\n|gametype|singles\n|player|p1|acclejoker|170|1451\n|player|p2|pllv51 staller|red|1510\n|teamsize|p1|6\n|teamsize|p2|6\n|gen|9\n|tier|[Gen 9] OU\n|rated|\n|rule|Sleep Clause Mod: Limit one foe put to sleep\n|rule|Species Clause: Limit one of each Pok\u00e9mon\n|rule|OHKO Clause: OHKO moves are banned\n|rule|Evasion Items Clause: Evasion items are banned\n|rule|Evasion Moves Clause: Evasion moves are banned\n|rule|Endless Battle Clause: Forcing endless battles is banned\n|rule|HP Percentage Mod: HP is shown in percentages\n|clearpoke\n|poke|p1|Garchomp, F|\n|poke|p1|Kingambit, F|\n|poke|p1|Cinderace, F|\n|poke|p1|Landorus-Therian, M|\n|poke|p1|Weezing-Galar, M|\n|poke|p1|Toxapex, F|\n|poke|p2|Clefable, F|\n|poke|p2|Alomomola, M|\n|poke|p2|Blissey, F|\n|poke|p2|Clodsire, F|\n|poke|p2|Dondozo, F|\n|poke|p2|Amoonguss, F|\n|teampreview\n|inactive|Battle timer is ON: inactive players will automatically lose when time's up. (requested by acclejoker)\n|j| PLLV51 leng\n|c| PLLV51 leng|oh ur using this stall\n|c| PLLV51 leng|it's not great\n|c|\u2606pllv51 staller|im testing it\n|c|\u2606pllv51 staller|oh\n|c|\u2606pllv51 staller|first match with it lol\n|c|\u2606pllv51 staller|glgl\n|inactive|pllv51 staller has 120 seconds left.\n|\n|t:|1700760531\n|start\n|switch|p1a: Landorus|Landorus-Therian, M|100\/100\n|switch|p2a: Clefable|Clefable, F|100\/100\n|-ability|p1a: Landorus|Intimidate|boost\n|-unboost|p2a: Clefable|atk|1\n|turn|1\n|\n|t:|1700760538\n|move|p1a: Landorus|Earthquake|p2a: Clefable\n|-damage|p2a: Clefable|35\/100\n|move|p2a: Clefable|Knock Off|p1a: Landorus\n|-damage|p1a: Landorus|90\/100\n|-enditem|p1a: Landorus|Choice Band|[from] move: Knock Off|[of] p2a: Clefable\n|\n|-heal|p2a: Clefable|41\/100|[from] item: Leftovers\n|upkeep\n|turn|2\n|\n|t:|1700760545\n|move|p2a: Clefable|Protect|p2a: Clefable\n|-singleturn|p2a: Clefable|Protect\n|move|p1a: Landorus|U-turn|p2a: Clefable\n|-activate|p2a: Clefable|move: Protect\n|\n|-heal|p2a: Clefable|47\/100|[from] item: Leftovers\n|upkeep\n|turn|3\n|\n|t:|1700760552\n|switch|p1a: Weezing|Weezing-Galar, M|100\/100\n|-ability|p1a: Weezing|Neutralizing Gas\n|switch|p2a: Alomomola|Alomomola, M|100\/100\n|\n|upkeep\n|turn|4\n|\n|t:|1700760561\n|switch|p2a: Blissey|Blissey, F|100\/100\n|move|p1a: Weezing|Toxic|p2a: Blissey\n|-status|p2a: Blissey|tox\n|\n|-damage|p2a: Blissey|94\/100 tox|[from] psn\n|upkeep\n|turn|5\n|\n|t:|1700760575\n|move|p1a: Weezing|Strange Steam|p2a: Blissey\n|-damage|p2a: Blissey|87\/100 tox\n|move|p2a: Blissey|Stealth Rock|p1a: Weezing\n|-sidestart|p1: acclejoker|move: Stealth Rock\n|\n|-damage|p2a: Blissey|74\/100 tox|[from] psn\n|upkeep\n|turn|6\n|\n|t:|1700760583\n|switch|p2a: Amoonguss|Amoonguss, F|100\/100\n|move|p1a: Weezing|Fire Blast|p2a: Amoonguss\n|-supereffective|p2a: Amoonguss\n|-damage|p2a: Amoonguss|61\/100\n|\n|upkeep\n|turn|7\n|c|\u2606pllv51 staller|oh no spore\n|inactive|pllv51 staller has 120 seconds left.\n|\n|t:|1700760613\n|-end|p1a: Weezing|ability: Neutralizing Gas\n|switch|p1a: Landorus|Landorus-Therian, M|90\/100\n|-damage|p1a: Landorus|77\/100|[from] Stealth Rock\n|-ability|p1a: Landorus|Intimidate|boost\n|-unboost|p2a: Amoonguss|atk|1\n|switch|p2a: Clodsire|Clodsire, F|100\/100\n|\n|upkeep\n|turn|8\n|\n|t:|1700760623\n|switch|p2a: Alomomola|Alomomola, M|100\/100\n|move|p1a: Landorus|U-turn|p2a: Alomomola\n|-damage|p2a: Alomomola|85\/100\n|\n|t:|1700760626\n|switch|p1a: Weezing|Weezing-Galar, M|100\/100|[from] U-turn\n|-ability|p1a: Weezing|Neutralizing Gas\n|-damage|p1a: Weezing|88\/100|[from] Stealth Rock\n|\n|-heal|p1a: Weezing|94\/100|[from] item: Leftovers\n|upkeep\n|turn|9\n|\n|t:|1700760641\n|switch|p2a: Clodsire|Clodsire, F|100\/100\n|move|p1a: Weezing|Toxic|p2a: Clodsire\n|-immune|p2a: Clodsire\n|\n|-heal|p1a: Weezing|99\/100|[from] item: Leftovers\n|upkeep\n|turn|10\n|\n|t:|1700760647\n|move|p1a: Weezing|Fire Blast|p2a: Clodsire\n|-damage|p2a: Clodsire|89\/100\n|move|p2a: Clodsire|Spikes|p1a: Weezing\n|-sidestart|p1: acclejoker|Spikes\n|\n|-heal|p1a: Weezing|100\/100|[from] item: Leftovers\n|upkeep\n|turn|11\n|\n|t:|1700760665\n|switch|p2a: Alomomola|Alomomola, M|85\/100\n|move|p1a: Weezing|Fire Blast|p2a: Alomomola|[miss]\n|-miss|p1a: Weezing|p2a: Alomomola\n|\n|upkeep\n|turn|12\n|\n|t:|1700760672\n|switch|p2a: Clodsire|Clodsire, F|89\/100\n|move|p1a: Weezing|Strange Steam|p2a: Clodsire\n|-resisted|p2a: Clodsire\n|-damage|p2a: Clodsire|82\/100\n|\n|upkeep\n|turn|13\n|\n|t:|1700760679\n|-end|p1a: Weezing|ability: Neutralizing Gas\n|switch|p1a: Cinderace|Cinderace, F|100\/100\n|move|p2a: Clodsire|Spikes|p1a: Cinderace\n|-sidestart|p1: acclejoker|Spikes\n|\n|upkeep\n|turn|14\n|\n|t:|1700760707\n|move|p1a: Cinderace|Will-O-Wisp|p2a: Clodsire\n|-status|p2a: Clodsire|brn\n|move|p2a: Clodsire|Spikes|p1a: Cinderace\n|-sidestart|p1: acclejoker|Spikes\n|\n|-damage|p2a: Clodsire|76\/100 brn|[from] brn\n|upkeep\n|turn|15\n|\n|t:|1700760718\n|switch|p2a: Alomomola|Alomomola, M|85\/100\n|move|p1a: Cinderace|Court Change|p1a: Cinderace\n|-start|p1a: Cinderace|typechange|Normal|[from] ability: Libero\n|-swapsideconditions\n|-activate|p1a: Cinderace|move: Court Change\n|\n|upkeep\n|turn|16\n|\n|t:|1700760731\n|switch|p2a: Clefable|Clefable, F|47\/100\n|move|p1a: Cinderace|U-turn|p2a: Clefable\n|-resisted|p2a: Clefable\n|-damage|p2a: Clefable|39\/100\n|\n|t:|1700760735\n|switch|p1a: Weezing|Weezing-Galar, M|100\/100|[from] U-turn\n|-ability|p1a: Weezing|Neutralizing Gas\n|\n|-heal|p2a: Clefable|45\/100|[from] item: Leftovers\n|upkeep\n|turn|17\n|\n|t:|1700760739\n|move|p2a: Clefable|Protect|p2a: Clefable\n|-singleturn|p2a: Clefable|Protect\n|move|p1a: Weezing|Toxic|p2a: Clefable\n|-activate|p2a: Clefable|move: Protect\n|\n|-heal|p2a: Clefable|51\/100|[from] item: Leftovers\n|upkeep\n|turn|18\n|inactive|pllv51 staller has 120 seconds left.\n|inactive|pllv51 staller has 90 seconds left.\n|\n|t:|1700760811\n|-end|p1a: Weezing|ability: Neutralizing Gas\n|switch|p1a: Landorus|Landorus-Therian, M|77\/100\n|-ability|p1a: Landorus|Intimidate|boost\n|-unboost|p2a: Clefable|atk|1\n|switch|p2a: Clodsire|Clodsire, F|76\/100 brn\n|\n|-damage|p2a: Clodsire|70\/100 brn|[from] brn\n|upkeep\n|turn|19\n|\n|t:|1700760819\n|switch|p2a: Alomomola|Alomomola, M|100\/100\n|move|p1a: Landorus|U-turn|p2a: Alomomola\n|-damage|p2a: Alomomola|85\/100\n|\n|t:|1700760838\n|switch|p1a: Kingambit|Kingambit, F|100\/100|[from] U-turn\n|\n|upkeep\n|turn|20\n|inactive|pllv51 staller has 90 seconds left.\n|c|\u2606pllv51 staller|leng ur french?\n|\n|t:|1700760858\n|move|p1a: Kingambit|Kowtow Cleave|p2a: Alomomola\n|-damage|p2a: Alomomola|61\/100\n|move|p2a: Alomomola|Flip Turn|p1a: Kingambit\n|-damage|p1a: Kingambit|88\/100\n|\n|t:|1700760867\n|switch|p2a: Dondozo|Dondozo, F|100\/100|[from] Flip Turn\n|\n|-heal|p1a: Kingambit|94\/100|[from] item: Leftovers\n|upkeep\n|turn|21\n|\n|t:|1700760889\n|-end|p1a: Kingambit|fallenundefined|[silent]\n|switch|p1a: Toxapex|Toxapex, F|100\/100\n|switch|p2a: Clefable|Clefable, F|51\/100\n|\n|-heal|p2a: Clefable|57\/100|[from] item: Leftovers\n|upkeep\n|turn|22\n|c| PLLV51 leng|non mais je parle un petit\n|\n|t:|1700760896\n|switch|p1a: Weezing|Weezing-Galar, M|100\/100\n|-ability|p1a: Weezing|Neutralizing Gas\n|move|p2a: Clefable|Wish|p2a: Clefable\n|\n|-heal|p2a: Clefable|63\/100|[from] item: Leftovers\n|upkeep\n|turn|23\n|c|\u2606pllv51 staller|je vois\n|\n|t:|1700760920\n|-end|p1a: Weezing|ability: Neutralizing Gas\n|switch|p1a: Garchomp|Garchomp, F, shiny|100\/100\n|switch|p2a: Clodsire|Clodsire, F|70\/100 brn\n|\n|-heal|p2a: Clodsire|100\/100 brn|[from] move: Wish|[wisher] Clefable\n|-damage|p2a: Clodsire|94\/100 brn|[from] brn\n|upkeep\n|turn|24\n|\n|t:|1700760927\n|switch|p2a: Alomomola|Alomomola, M|94\/100\n|move|p1a: Garchomp|Draco Meteor|p2a: Alomomola\n|-damage|p2a: Alomomola|23\/100\n|-unboost|p1a: Garchomp|spa|2\n|-damage|p1a: Garchomp|91\/100|[from] item: Life Orb\n|\n|upkeep\n|turn|25\n|\n|t:|1700760938\n|switch|p2a: Amoonguss|Amoonguss, F|94\/100\n|move|p1a: Garchomp|Earthquake|p2a: Amoonguss\n|-damage|p2a: Amoonguss|49\/100\n|-damage|p1a: Garchomp|81\/100|[from] item: Life Orb\n|\n|upkeep\n|turn|26\n|inactive|pllv51 staller has 60 seconds left.\n|\n|t:|1700760965\n|switch|p1a: Weezing|Weezing-Galar, M|100\/100\n|-ability|p1a: Weezing|Neutralizing Gas\n|move|p2a: Amoonguss|Synthesis|p2a: Amoonguss\n|-heal|p2a: Amoonguss|99\/100\n|\n|upkeep\n|turn|27\n|inactive|pllv51 staller has 60 seconds left.\n|\n|t:|1700760981\n|-end|p1a: Weezing|ability: Neutralizing Gas\n|switch|p1a: Garchomp|Garchomp, F, shiny|81\/100\n|switch|p2a: Clodsire|Clodsire, F|94\/100 brn\n|\n|-damage|p2a: Clodsire|88\/100 brn|[from] brn\n|upkeep\n|turn|28\n|inactive|pllv51 staller has 30 seconds left.\n|inactive|pllv51 staller has 20 seconds left.\n|\n|t:|1700761022\n|switch|p2a: Clefable|Clefable, F|63\/100\n|move|p1a: Garchomp|Earthquake|p2a: Clefable\n|-damage|p2a: Clefable|15\/100\n|-damage|p1a: Garchomp|71\/100|[from] item: Life Orb\n|\n|-heal|p2a: Clefable|21\/100|[from] item: Leftovers\n|upkeep\n|turn|29\n|inactive|pllv51 staller has 30 seconds left this turn.\n|\n|t:|1700761050\n|move|p2a: Clefable|Protect|p2a: Clefable\n|-singleturn|p2a: Clefable|Protect\n|move|p1a: Garchomp|Earthquake|p2a: Clefable\n|-activate|p2a: Clefable|move: Protect\n|\n|-heal|p2a: Clefable|27\/100|[from] item: Leftovers\n|upkeep\n|turn|30\n|inactive|pllv51 staller has 30 seconds left.\n|inactive|pllv51 staller has 20 seconds left.\n|inactive|pllv51 staller has 15 seconds left.\n|\n|t:|1700761070\n|switch|p2a: Amoonguss|Amoonguss, F|100\/100\n|move|p1a: Garchomp|Earthquake|p2a: Amoonguss\n|-damage|p2a: Amoonguss|62\/100\n|-damage|p1a: Garchomp|61\/100|[from] item: Life Orb\n|\n|upkeep\n|turn|31\n|inactive|pllv51 staller has 25 seconds left this turn.\n|inactive|pllv51 staller has 20 seconds left.\n|inactive|pllv51 staller has 15 seconds left.\n|\n|t:|1700761081\n|switch|p2a: Alomomola|Alomomola, M|56\/100\n|move|p1a: Garchomp|Fire Blast|p2a: Alomomola|[miss]\n|-miss|p1a: Garchomp|p2a: Alomomola\n|\n|upkeep\n|turn|32\n|inactive|pllv51 staller has 25 seconds left this turn.\n|inactive|pllv51 staller has 20 seconds left.\n|inactive|pllv51 staller has 15 seconds left.\n|\n|t:|1700761093\n|switch|p1a: Weezing|Weezing-Galar, M|100\/100\n|-ability|p1a: Weezing|Neutralizing Gas\n|switch|p2a: Clefable|Clefable, F|27\/100\n|-damage|p2a: Clefable|15\/100|[from] Stealth Rock\n|-damage|p2a: Clefable|0 fnt|[from] Spikes\n|faint|p2a: Clefable\n|\n|upkeep\n|inactive|pllv51 staller has 20 seconds left this turn.\n|inactive|pllv51 staller has 15 seconds left.\n|inactive|pllv51 staller has 10 seconds left.\n|c|\u2606pllv51 staller|shit\n|\n|t:|1700761106\n|switch|p2a: Alomomola|Alomomola, M|56\/100\n|turn|33\n|inactive|pllv51 staller has 20 seconds left this turn.\n|\n|t:|1700761114\n|move|p1a: Weezing|Fire Blast|p2a: Alomomola\n|-resisted|p2a: Alomomola\n|-damage|p2a: Alomomola|42\/100\n|move|p2a: Alomomola|Wish|p2a: Alomomola\n|\n|upkeep\n|turn|34\n|inactive|pllv51 staller has 30 seconds left this turn.\n|inactive|pllv51 staller has 20 seconds left.\n|\n|t:|1700761127\n|move|p1a: Weezing|Toxic|p2a: Alomomola\n|-status|p2a: Alomomola|tox\n|move|p2a: Alomomola|Flip Turn|p1a: Weezing\n|-crit|p1a: Weezing\n|-damage|p1a: Weezing|85\/100\n|inactive|pllv51 staller has 25 seconds left this turn.\n|inactive|pllv51 staller has 20 seconds left.\n|\n|t:|1700761135\n|switch|p2a: Blissey|Blissey, F|74\/100 tox|[from] Flip Turn\n|\n|-heal|p2a: Blissey|100\/100 tox|[from] move: Wish|[wisher] Alomomola\n|-heal|p1a: Weezing|91\/100|[from] item: Leftovers\n|-damage|p2a: Blissey|94\/100 tox|[from] psn\n|upkeep\n|turn|35\n|inactive|pllv51 staller has 30 seconds left this turn.\n|\n|t:|1700761140\n|move|p1a: Weezing|Pain Split|p2a: Blissey\n|-sethp|p2a: Blissey|68\/100 tox|[from] move: Pain Split|[silent]\n|-sethp|p1a: Weezing|100\/100|[from] move: Pain Split\n|move|p2a: Blissey|Stealth Rock|p1a: Weezing\n|-sidestart|p1: acclejoker|move: Stealth Rock\n|\n|-damage|p2a: Blissey|56\/100 tox|[from] psn\n|upkeep\n|turn|36\n|l| PLLV51 leng\n|\n|t:|1700761155\n|switch|p2a: Alomomola|Alomomola, M|42\/100 tox\n|move|p1a: Weezing|Fire Blast|p2a: Alomomola\n|-resisted|p2a: Alomomola\n|-damage|p2a: Alomomola|29\/100 tox\n|\n|-damage|p2a: Alomomola|22\/100 tox|[from] psn\n|upkeep\n|turn|37\n|\n|t:|1700761163\n|switch|p2a: Dondozo|Dondozo, F|100\/100\n|move|p1a: Weezing|Strange Steam|p2a: Dondozo\n|-damage|p2a: Dondozo|77\/100\n|\n|upkeep\n|turn|38\n|inactive|pllv51 staller has 30 seconds left.\n|\n|t:|1700761185\n|move|p1a: Weezing|Strange Steam|p2a: Dondozo\n|-damage|p2a: Dondozo|53\/100\n|move|p2a: Dondozo|Waterfall|p1a: Weezing\n|-damage|p1a: Weezing|84\/100\n|\n|-heal|p1a: Weezing|90\/100|[from] item: Leftovers\n|upkeep\n|turn|39\n|\n|t:|1700761190\n|move|p1a: Weezing|Toxic|p2a: Dondozo\n|-status|p2a: Dondozo|tox\n|move|p2a: Dondozo|Waterfall|p1a: Weezing\n|-damage|p1a: Weezing|70\/100\n|\n|-heal|p1a: Weezing|76\/100|[from] item: Leftovers\n|-damage|p2a: Dondozo|46\/100 tox|[from] psn\n|upkeep\n|turn|40\n|\n|t:|1700761193\n|move|p1a: Weezing|Strange Steam|p2a: Dondozo\n|-damage|p2a: Dondozo|23\/100 tox\n|move|p2a: Dondozo|Rest|p2a: Dondozo\n|-status|p2a: Dondozo|slp|[from] move: Rest\n|-heal|p2a: Dondozo|100\/100 slp|[silent]\n|\n|-heal|p1a: Weezing|82\/100|[from] item: Leftovers\n|upkeep\n|turn|41\n|\n|t:|1700761196\n|switch|p2a: Clodsire|Clodsire, F|88\/100 brn\n|move|p1a: Weezing|Strange Steam|p2a: Clodsire\n|-resisted|p2a: Clodsire\n|-damage|p2a: Clodsire|81\/100 brn\n|\n|-heal|p1a: Weezing|88\/100|[from] item: Leftovers\n|-damage|p2a: Clodsire|75\/100 brn|[from] brn\n|upkeep\n|turn|42\n|\n|t:|1700761204\n|move|p1a: Weezing|Strange Steam|p2a: Clodsire\n|-resisted|p2a: Clodsire\n|-damage|p2a: Clodsire|68\/100 brn\n|move|p2a: Clodsire|Spikes|p1a: Weezing\n|-sidestart|p1: acclejoker|Spikes\n|\n|-heal|p1a: Weezing|94\/100|[from] item: Leftovers\n|-damage|p2a: Clodsire|62\/100 brn|[from] brn\n|upkeep\n|turn|43\n|\n|t:|1700761214\n|-end|p1a: Weezing|ability: Neutralizing Gas\n|switch|p1a: Landorus|Landorus-Therian, M|77\/100\n|-damage|p1a: Landorus|65\/100|[from] Stealth Rock\n|-ability|p1a: Landorus|Intimidate|boost\n|-unboost|p2a: Clodsire|atk|1\n|switch|p2a: Amoonguss|Amoonguss, F|95\/100\n|\n|upkeep\n|turn|44\n|\n|t:|1700761223\n|switch|p1a: Weezing|Weezing-Galar, M|94\/100\n|-ability|p1a: Weezing|Neutralizing Gas\n|-damage|p1a: Weezing|82\/100|[from] Stealth Rock\n|-damage|p1a: Weezing|70\/100|[from] Spikes\n|move|p2a: Amoonguss|Foul Play|p1a: Weezing\n|-resisted|p1a: Weezing\n|-damage|p1a: Weezing|64\/100\n|\n|-heal|p1a: Weezing|70\/100|[from] item: Leftovers\n|upkeep\n|turn|45\n|\n|t:|1700761228\n|switch|p2a: Clodsire|Clodsire, F|62\/100 brn\n|move|p1a: Weezing|Fire Blast|p2a: Clodsire\n|-damage|p2a: Clodsire|50\/100 brn\n|\n|-heal|p1a: Weezing|76\/100|[from] item: Leftovers\n|-damage|p2a: Clodsire|44\/100 brn|[from] brn\n|upkeep\n|turn|46\n|inactive|pllv51 staller has 90 seconds left.\n|\n|t:|1700761238\n|move|p1a: Weezing|Strange Steam|p2a: Clodsire\n|-resisted|p2a: Clodsire\n|-damage|p2a: Clodsire|37\/100 brn\n|move|p2a: Clodsire|Recover|p2a: Clodsire\n|-heal|p2a: Clodsire|87\/100 brn\n|\n|-heal|p1a: Weezing|82\/100|[from] item: Leftovers\n|-damage|p2a: Clodsire|81\/100 brn|[from] brn\n|upkeep\n|turn|47\n|inactive|pllv51 staller has 90 seconds left.\n|\n|t:|1700761249\n|move|p1a: Weezing|Pain Split|p2a: Clodsire\n|-sethp|p2a: Clodsire|70\/100 brn|[from] move: Pain Split|[silent]\n|-sethp|p1a: Weezing|97\/100|[from] move: Pain Split\n|move|p2a: Clodsire|Spikes|p1a: Weezing\n|-sidestart|p1: acclejoker|Spikes\n|\n|-heal|p1a: Weezing|100\/100|[from] item: Leftovers\n|-damage|p2a: Clodsire|64\/100 brn|[from] brn\n|upkeep\n|turn|48\n|\n|t:|1700761256\n|-end|p1a: Weezing|ability: Neutralizing Gas\n|switch|p1a: Landorus|Landorus-Therian, M|65\/100\n|-damage|p1a: Landorus|53\/100|[from] Stealth Rock\n|-ability|p1a: Landorus|Intimidate|boost\n|-unboost|p2a: Clodsire|atk|1\n|switch|p2a: Amoonguss|Amoonguss, F|95\/100\n|\n|upkeep\n|turn|49\n|\n|t:|1700761266\n|switch|p1a: Weezing|Weezing-Galar, M|100\/100\n|-ability|p1a: Weezing|Neutralizing Gas\n|-damage|p1a: Weezing|88\/100|[from] Stealth Rock\n|-damage|p1a: Weezing|72\/100|[from] Spikes\n|move|p2a: Amoonguss|Foul Play|p1a: Weezing\n|-resisted|p1a: Weezing\n|-damage|p1a: Weezing|67\/100\n|\n|-heal|p1a: Weezing|73\/100|[from] item: Leftovers\n|upkeep\n|turn|50\n|\n|t:|1700761272\n|-end|p1a: Weezing|ability: Neutralizing Gas\n|switch|p1a: Landorus|Landorus-Therian, M|53\/100\n|-damage|p1a: Landorus|40\/100|[from] Stealth Rock\n|-ability|p1a: Landorus|Intimidate|boost\n|-unboost|p2a: Amoonguss|atk|1\n|move|p2a: Amoonguss|Foul Play|p1a: Landorus\n|-damage|p1a: Landorus|0 fnt\n|faint|p1a: Landorus\n|\n|upkeep\n|\n|t:|1700761284\n|switch|p1a: Cinderace|Cinderace, F|100\/100\n|turn|51\n|\n|t:|1700761300\n|switch|p2a: Dondozo|Dondozo, F|100\/100 slp\n|move|p1a: Cinderace|U-turn|p2a: Dondozo\n|-start|p1a: Cinderace|typechange|Bug|[from] ability: Libero\n|-damage|p2a: Dondozo|86\/100 slp\n|\n|t:|1700761306\n|switch|p1a: Garchomp|Garchomp, F, shiny|61\/100|[from] U-turn\n|-damage|p1a: Garchomp|55\/100|[from] Stealth Rock\n|-damage|p1a: Garchomp|39\/100|[from] Spikes\n|\n|upkeep\n|turn|52\n|\n|t:|1700761317\n|switch|p2a: Amoonguss|Amoonguss, F|100\/100\n|move|p1a: Garchomp|Earthquake|p2a: Amoonguss\n|-damage|p2a: Amoonguss|59\/100\n|-damage|p1a: Garchomp|29\/100|[from] item: Life Orb\n|\n|upkeep\n|turn|53\n|\n|t:|1700761330\n|switch|p2a: Dondozo|Dondozo, F|86\/100 slp\n|-terastallize|p1a: Garchomp|Dragon\n|move|p1a: Garchomp|Draco Meteor|p2a: Dondozo\n|-damage|p2a: Dondozo|5\/100 slp\n|-unboost|p1a: Garchomp|spa|2\n|-damage|p1a: Garchomp|19\/100|[from] item: Life Orb\n|\n|upkeep\n|turn|54\n|\n|t:|1700761343\n|switch|p2a: Amoonguss|Amoonguss, F|93\/100\n|move|p1a: Garchomp|Earthquake|p2a: Amoonguss\n|-damage|p2a: Amoonguss|54\/100\n|-damage|p1a: Garchomp|9\/100|[from] item: Life Orb\n|\n|upkeep\n|turn|55\n|inactive|pllv51 staller has 120 seconds left.\n|\n|t:|1700761349\n|move|p1a: Garchomp|Draco Meteor|p2a: Amoonguss|[miss]\n|-miss|p1a: Garchomp|p2a: Amoonguss\n|move|p2a: Amoonguss|Synthesis|p2a: Amoonguss\n|-heal|p2a: Amoonguss|100\/100\n|\n|upkeep\n|turn|56\n|inactive|pllv51 staller has 120 seconds left.\n|\n|t:|1700761362\n|move|p1a: Garchomp|Draco Meteor|p2a: Amoonguss\n|-damage|p2a: Amoonguss|62\/100\n|-unboost|p1a: Garchomp|spa|2\n|-damage|p1a: Garchomp|0 fnt|[from] item: Life Orb\n|faint|p1a: Garchomp\n|move|p2a: Amoonguss|Synthesis|p2a: Amoonguss\n|-heal|p2a: Amoonguss|100\/100\n|\n|upkeep\n|\n|t:|1700761368\n|switch|p1a: Weezing|Weezing-Galar, M|73\/100\n|-ability|p1a: Weezing|Neutralizing Gas\n|-damage|p1a: Weezing|60\/100|[from] Stealth Rock\n|-damage|p1a: Weezing|44\/100|[from] Spikes\n|turn|57\n|\n|t:|1700761375\n|switch|p2a: Clodsire|Clodsire, F|64\/100 brn\n|move|p1a: Weezing|Pain Split|p2a: Clodsire\n|-sethp|p2a: Clodsire|48\/100 brn|[from] move: Pain Split|[silent]\n|-sethp|p1a: Weezing|66\/100|[from] move: Pain Split\n|\n|-heal|p1a: Weezing|72\/100|[from] item: Leftovers\n|-damage|p2a: Clodsire|42\/100 brn|[from] brn\n|upkeep\n|turn|58\n|\n|t:|1700761379\n|move|p1a: Weezing|Fire Blast|p2a: Clodsire\n|-damage|p2a: Clodsire|30\/100 brn\n|move|p2a: Clodsire|Recover|p2a: Clodsire\n|-heal|p2a: Clodsire|80\/100 brn\n|\n|-heal|p1a: Weezing|78\/100|[from] item: Leftovers\n|-damage|p2a: Clodsire|74\/100 brn|[from] brn\n|upkeep\n|turn|59\n|\n|t:|1700761387\n|switch|p2a: Blissey|Blissey, F|56\/100 tox\n|move|p1a: Weezing|Pain Split|p2a: Blissey\n|-sethp|p2a: Blissey|46\/100 tox|[from] move: Pain Split|[silent]\n|-sethp|p1a: Weezing|99\/100|[from] move: Pain Split\n|\n|-heal|p1a: Weezing|100\/100|[from] item: Leftovers\n|-damage|p2a: Blissey|40\/100 tox|[from] psn\n|upkeep\n|turn|60\n|\n|t:|1700761391\n|move|p1a: Weezing|Strange Steam|p2a: Blissey\n|-damage|p2a: Blissey|33\/100 tox\n|-start|p2a: Blissey|confusion\n|-activate|p2a: Blissey|confusion\n|move|p2a: Blissey|Soft-Boiled|p2a: Blissey\n|-heal|p2a: Blissey|83\/100 tox\n|\n|-damage|p2a: Blissey|70\/100 tox|[from] psn\n|upkeep\n|turn|61\n|\n|t:|1700761398\n|switch|p2a: Clodsire|Clodsire, F|74\/100 brn\n|move|p1a: Weezing|Fire Blast|p2a: Clodsire\n|-damage|p2a: Clodsire|62\/100 brn\n|\n|-damage|p2a: Clodsire|56\/100 brn|[from] brn\n|upkeep\n|turn|62\n|\n|t:|1700761405\n|move|p1a: Weezing|Strange Steam|p2a: Clodsire\n|-resisted|p2a: Clodsire\n|-damage|p2a: Clodsire|49\/100 brn\n|move|p2a: Clodsire|Recover|p2a: Clodsire\n|-heal|p2a: Clodsire|99\/100 brn\n|\n|-damage|p2a: Clodsire|93\/100 brn|[from] brn\n|upkeep\n|turn|63\n|\n|t:|1700761409\n|-end|p1a: Weezing|ability: Neutralizing Gas\n|switch|p1a: Cinderace|Cinderace, F|100\/100\n|move|p2a: Clodsire|Spikes|p1a: Cinderace\n|-sidestart|p1: acclejoker|Spikes\n|\n|-damage|p2a: Clodsire|87\/100 brn|[from] brn\n|upkeep\n|turn|64\n|\n|t:|1700761418\n|switch|p2a: Blissey|Blissey, F|70\/100 tox\n|move|p1a: Cinderace|U-turn|p2a: Blissey\n|-start|p1a: Cinderace|typechange|Bug|[from] ability: Libero\n|-crit|p2a: Blissey\n|-damage|p2a: Blissey|0 fnt\n|faint|p2a: Blissey\n|\n|t:|1700761426\n|switch|p1a: Weezing|Weezing-Galar, M|100\/100|[from] U-turn\n|-ability|p1a: Weezing|Neutralizing Gas\n|-damage|p1a: Weezing|88\/100|[from] Stealth Rock\n|-damage|p1a: Weezing|63\/100|[from] Spikes\n|\n|-heal|p1a: Weezing|69\/100|[from] item: Leftovers\n|upkeep\n|\n|t:|1700761437\n|switch|p2a: Amoonguss|Amoonguss, F|100\/100\n|turn|65\n|\n|t:|1700761441\n|move|p1a: Weezing|Pain Split|p2a: Amoonguss\n|-sethp|p2a: Amoonguss|77\/100|[from] move: Pain Split|[silent]\n|-sethp|p1a: Weezing|99\/100|[from] move: Pain Split\n|move|p2a: Amoonguss|Foul Play|p1a: Weezing\n|-resisted|p1a: Weezing\n|-damage|p1a: Weezing|95\/100\n|\n|-heal|p1a: Weezing|100\/100|[from] item: Leftovers\n|upkeep\n|turn|66\n|\n|t:|1700761462\n|-end|p1a: Weezing|ability: Neutralizing Gas\n|switch|p1a: Kingambit|Kingambit, F|94\/100\n|-damage|p1a: Kingambit|88\/100|[from] Stealth Rock\n|-damage|p1a: Kingambit|63\/100|[from] Spikes\n|-activate|p1a: Kingambit|ability: Supreme Overlord\n|-start|p1a: Kingambit|fallen2|[silent]\n|move|p2a: Amoonguss|Foul Play|p1a: Kingambit\n|-resisted|p1a: Kingambit\n|-damage|p1a: Kingambit|49\/100\n|\n|-heal|p1a: Kingambit|55\/100|[from] item: Leftovers\n|upkeep\n|turn|67\n|\n|t:|1700761473\n|move|p1a: Kingambit|Kowtow Cleave|p2a: Amoonguss\n|-damage|p2a: Amoonguss|37\/100\n|move|p2a: Amoonguss|Foul Play|p1a: Kingambit\n|-resisted|p1a: Kingambit\n|-damage|p1a: Kingambit|42\/100\n|\n|-heal|p1a: Kingambit|48\/100|[from] item: Leftovers\n|upkeep\n|turn|68\n|\n|t:|1700761479\n|switch|p2a: Clodsire|Clodsire, F|87\/100 brn\n|move|p1a: Kingambit|Kowtow Cleave|p2a: Clodsire\n|-damage|p2a: Clodsire|20\/100 brn\n|\n|-heal|p1a: Kingambit|54\/100|[from] item: Leftovers\n|-damage|p2a: Clodsire|14\/100 brn|[from] brn\n|upkeep\n|turn|69\n|\n|t:|1700761486\n|move|p1a: Kingambit|Kowtow Cleave|p2a: Clodsire\n|-damage|p2a: Clodsire|0 fnt\n|faint|p2a: Clodsire\n|\n|-heal|p1a: Kingambit|60\/100|[from] item: Leftovers\n|upkeep\n|\n|t:|1700761488\n|switch|p2a: Alomomola|Alomomola, M|22\/100 tox\n|turn|70\n|\n|t:|1700761505\n|switch|p2a: Amoonguss|Amoonguss, F|70\/100\n|move|p1a: Kingambit|Kowtow Cleave|p2a: Amoonguss\n|-damage|p2a: Amoonguss|28\/100\n|\n|-heal|p1a: Kingambit|66\/100|[from] item: Leftovers\n|upkeep\n|turn|71\n|\n|t:|1700761511\n|move|p1a: Kingambit|Swords Dance|p1a: Kingambit\n|-boost|p1a: Kingambit|atk|2\n|move|p2a: Amoonguss|Foul Play|p1a: Kingambit\n|-resisted|p1a: Kingambit\n|-damage|p1a: Kingambit|38\/100\n|\n|-heal|p1a: Kingambit|44\/100|[from] item: Leftovers\n|upkeep\n|turn|72\n|\n|t:|1700761517\n|move|p1a: Kingambit|Kowtow Cleave|p2a: Amoonguss\n|-damage|p2a: Amoonguss|0 fnt\n|faint|p2a: Amoonguss\n|\n|-heal|p1a: Kingambit|50\/100|[from] item: Leftovers\n|upkeep\n|-message|pllv51 staller forfeited.\n|\n|win|acclejoker\n|raw|acclejoker's rating: 1451 &rarr; <strong>1474<\/strong><br \/>(+23 for winning)\n|raw|pllv51 staller's rating: 1510 &rarr; <strong>1487<\/strong><br \/>(-23 for losing)\n|l|\u2606pllv51 staller\n","uploadtime":1700761529,"views":15,"p1id":"acclejoker","p2id":"pllv51staller","formatid":"gen9ou","rating":1474,"private":0,"password":""}