{"id":"gen9ou-1995920898","p1":"Dizay69","p2":"Toasteduck","format":"[Gen 9] OU","log":"|j|\u2606Dizay69\n|j|\u2606Toasteduck\n|t:|1700617599\n|gametype|singles\n|player|p1|Dizay69|n|1724\n|player|p2|Toasteduck|1|1784\n|teamsize|p1|6\n|teamsize|p2|6\n|gen|9\n|tier|[Gen 9] OU\n|rated|\n|rule|Sleep Clause Mod: Limit one foe put to sleep\n|rule|Species Clause: Limit one of each Pok\u00e9mon\n|rule|OHKO Clause: OHKO moves are banned\n|rule|Evasion Items Clause: Evasion items are banned\n|rule|Evasion Moves Clause: Evasion moves are banned\n|rule|Endless Battle Clause: Forcing endless battles is banned\n|rule|HP Percentage Mod: HP is shown in percentages\n|clearpoke\n|poke|p1|Landorus-Therian, M|\n|poke|p1|Dragapult, F|\n|poke|p1|Cinderace, M|\n|poke|p1|Iron Valiant|\n|poke|p1|Meowscarada, M|\n|poke|p1|Clefable, F|\n|poke|p2|Garganacl, F|\n|poke|p2|Great Tusk|\n|poke|p2|Hatterene, F|\n|poke|p2|Rillaboom, F|\n|poke|p2|Zapdos|\n|poke|p2|Goodra-Hisui, F|\n|teampreview\n|\n|t:|1700617605\n|start\n|switch|p1a: Landorus|Landorus-Therian, M|100\/100\n|switch|p2a: Zapdos|Zapdos|100\/100\n|-ability|p1a: Landorus|Intimidate|boost\n|-unboost|p2a: Zapdos|atk|1\n|turn|1\n|\n|t:|1700617608\n|switch|p1a: Clefable|Clefable, F|100\/100\n|move|p2a: Zapdos|U-turn|p1a: Clefable\n|-resisted|p1a: Clefable\n|-damage|p1a: Clefable|97\/100\n|\n|t:|1700617615\n|switch|p2a: Goodra|Goodra-Hisui, F|100\/100|[from] U-turn\n|\n|-heal|p1a: Clefable|100\/100|[from] item: Leftovers\n|upkeep\n|turn|2\n|\n|t:|1700617621\n|move|p2a: Goodra|Flash Cannon|p1a: Clefable\n|-supereffective|p1a: Clefable\n|-damage|p1a: Clefable|41\/100\n|move|p1a: Clefable|Thunder Wave|p2a: Goodra\n|-status|p2a: Goodra|par\n|\n|-heal|p1a: Clefable|47\/100|[from] item: Leftovers\n|upkeep\n|turn|3\n|j| fmn027\n|\n|t:|1700617626\n|move|p1a: Clefable|Protect|p1a: Clefable\n|-singleturn|p1a: Clefable|Protect\n|move|p2a: Goodra|Flash Cannon|p1a: Clefable\n|-activate|p1a: Clefable|move: Protect\n|\n|-heal|p1a: Clefable|53\/100|[from] item: Leftovers\n|upkeep\n|turn|4\n|\n|t:|1700617629\n|switch|p1a: Landorus|Landorus-Therian, M|100\/100\n|-ability|p1a: Landorus|Intimidate|boost\n|-unboost|p2a: Goodra|atk|1\n|move|p2a: Goodra|Flash Cannon|p1a: Landorus\n|-damage|p1a: Landorus|69\/100\n|\n|upkeep\n|turn|5\n|\n|t:|1700617634\n|switch|p2a: Zapdos|Zapdos|100\/100\n|move|p1a: Landorus|U-turn|p2a: Zapdos\n|-resisted|p2a: Zapdos\n|-damage|p2a: Zapdos|88\/100\n|-status|p1a: Landorus|par|[from] ability: Static|[of] p2a: Zapdos\n|\n|t:|1700617640\n|switch|p1a: Cinderace|Cinderace, M|100\/100|[from] U-turn\n|\n|upkeep\n|turn|6\n|\n|t:|1700617644\n|switch|p2a: Garganacl|Garganacl, F|100\/100\n|move|p1a: Cinderace|Pyro Ball|p2a: Garganacl\n|-resisted|p2a: Garganacl\n|-damage|p2a: Garganacl|87\/100\n|\n|-heal|p2a: Garganacl|93\/100|[from] item: Leftovers\n|upkeep\n|turn|7\n|\n|t:|1700617648\n|move|p1a: Cinderace|U-turn|p2a: Garganacl\n|-start|p1a: Cinderace|typechange|Bug|[from] ability: Libero\n|-damage|p2a: Garganacl|75\/100\n|\n|t:|1700617652\n|switch|p1a: Clefable|Clefable, F|53\/100|[from] U-turn\n|move|p2a: Garganacl|Salt Cure|p1a: Clefable\n|-damage|p1a: Clefable|43\/100\n|-start|p1a: Clefable|Salt Cure\n|\n|-heal|p1a: Clefable|49\/100|[from] item: Leftovers\n|-heal|p2a: Garganacl|81\/100|[from] item: Leftovers\n|upkeep\n|turn|8\n|\n|t:|1700617668\n|switch|p2a: Rillaboom|Rillaboom, F|100\/100\n|-fieldstart|move: Grassy Terrain|[from] ability: Grassy Surge|[of] p2a: Rillaboom\n|move|p1a: Clefable|Wish|p1a: Clefable\n|\n|-heal|p1a: Clefable|55\/100|[from] Grassy Terrain\n|-heal|p1a: Clefable|61\/100|[from] item: Leftovers\n|upkeep\n|turn|9\n|\n|t:|1700617673\n|switch|p2a: Hatterene|Hatterene, F|100\/100\n|switch|p1a: Landorus|Landorus-Therian, M|69\/100 par\n|-ability|p1a: Landorus|Intimidate|boost\n|-unboost|p2a: Hatterene|atk|1\n|\n|-heal|p1a: Landorus|100\/100 par|[from] move: Wish|[wisher] Clefable\n|upkeep\n|turn|10\n|\n|t:|1700617682\n|move|p1a: Landorus|U-turn|p2a: Hatterene\n|-damage|p2a: Hatterene|74\/100\n|\n|t:|1700617685\n|switch|p1a: Cinderace|Cinderace, M|100\/100|[from] U-turn\n|move|p2a: Hatterene|Psyshock|p1a: Cinderace\n|-damage|p1a: Cinderace|7\/100\n|\n|-heal|p1a: Cinderace|13\/100|[from] Grassy Terrain\n|-heal|p2a: Hatterene|80\/100|[from] Grassy Terrain\n|upkeep\n|turn|11\n|\n|t:|1700617688\n|switch|p2a: Garganacl|Garganacl, F|81\/100\n|move|p1a: Cinderace|U-turn|p2a: Garganacl\n|-start|p1a: Cinderace|typechange|Bug|[from] ability: Libero\n|-crit|p2a: Garganacl\n|-damage|p2a: Garganacl|53\/100\n|\n|t:|1700617691\n|switch|p1a: Meowscarada|Meowscarada, M|100\/100|[from] U-turn\n|\n|-heal|p2a: Garganacl|59\/100|[from] Grassy Terrain\n|-heal|p2a: Garganacl|65\/100|[from] item: Leftovers\n|upkeep\n|turn|12\n|\n|t:|1700617696\n|switch|p2a: Goodra|Goodra-Hisui, F|100\/100 par\n|move|p1a: Meowscarada|U-turn|p2a: Goodra\n|-start|p1a: Meowscarada|typechange|Bug|[from] ability: Protean\n|-resisted|p2a: Goodra\n|-damage|p2a: Goodra|82\/100 par\n|-ability|p2a: Goodra|Gooey\n|-unboost|p1a: Meowscarada|spe|1\n|\n|t:|1700617704\n|switch|p1a: Landorus|Landorus-Therian, M|100\/100 par|[from] U-turn\n|-ability|p1a: Landorus|Intimidate|boost\n|-unboost|p2a: Goodra|atk|1\n|\n|-heal|p2a: Goodra|88\/100 par|[from] Grassy Terrain\n|-heal|p2a: Goodra|94\/100 par|[from] item: Leftovers\n|-fieldend|move: Grassy Terrain\n|upkeep\n|turn|13\n|\n|t:|1700617706\n|switch|p2a: Zapdos|Zapdos|88\/100\n|move|p1a: Landorus|Stealth Rock|p2a: Zapdos\n|-sidestart|p2: Toasteduck|move: Stealth Rock\n|\n|upkeep\n|turn|14\n|\n|t:|1700617710\n|move|p2a: Zapdos|Hurricane|p1a: Landorus\n|-damage|p1a: Landorus|38\/100 par\n|move|p1a: Landorus|U-turn|p2a: Zapdos\n|-resisted|p2a: Zapdos\n|-damage|p2a: Zapdos|75\/100\n|\n|t:|1700617714\n|switch|p1a: Dragapult|Dragapult, F|100\/100|[from] U-turn\n|\n|upkeep\n|turn|15\n|\n|t:|1700617717\n|switch|p2a: Goodra|Goodra-Hisui, F|94\/100 par\n|-damage|p2a: Goodra|88\/100 par|[from] Stealth Rock\n|move|p1a: Dragapult|Substitute|p1a: Dragapult\n|-start|p1a: Dragapult|Substitute\n|-damage|p1a: Dragapult|76\/100\n|\n|-heal|p1a: Dragapult|82\/100|[from] item: Leftovers\n|-heal|p2a: Goodra|94\/100 par|[from] item: Leftovers\n|upkeep\n|turn|16\n|\n|t:|1700617724\n|move|p1a: Dragapult|Dragon Darts|p2a: Goodra\n|-damage|p2a: Goodra|77\/100 par\n|-anim|p1a: Dragapult|Dragon Darts|p2a: Goodra\n|-damage|p2a: Goodra|59\/100 par\n|cant|p2a: Goodra|par\n|\n|-heal|p1a: Dragapult|88\/100|[from] item: Leftovers\n|-heal|p2a: Goodra|65\/100 par|[from] item: Leftovers\n|upkeep\n|turn|17\n|\n|t:|1700617731\n|move|p1a: Dragapult|Dragon Darts|p2a: Goodra\n|-damage|p2a: Goodra|47\/100 par\n|-anim|p1a: Dragapult|Dragon Darts|p2a: Goodra\n|-damage|p2a: Goodra|30\/100 par\n|move|p2a: Goodra|Knock Off|p1a: Dragapult\n|-supereffective|p1a: Dragapult\n|-crit|p1a: Dragapult\n|-end|p1a: Dragapult|Substitute\n|\n|-heal|p1a: Dragapult|94\/100|[from] item: Leftovers\n|-heal|p2a: Goodra|36\/100 par|[from] item: Leftovers\n|upkeep\n|turn|18\n|\n|t:|1700617744\n|move|p1a: Dragapult|Substitute|p1a: Dragapult\n|-start|p1a: Dragapult|Substitute\n|-damage|p1a: Dragapult|69\/100\n|move|p2a: Goodra|Knock Off|p1a: Dragapult\n|-supereffective|p1a: Dragapult\n|-end|p1a: Dragapult|Substitute\n|\n|-heal|p1a: Dragapult|75\/100|[from] item: Leftovers\n|-heal|p2a: Goodra|42\/100 par|[from] item: Leftovers\n|upkeep\n|turn|19\n|\n|t:|1700617748\n|move|p1a: Dragapult|Substitute|p1a: Dragapult\n|-start|p1a: Dragapult|Substitute\n|-damage|p1a: Dragapult|50\/100\n|move|p2a: Goodra|Knock Off|p1a: Dragapult\n|-supereffective|p1a: Dragapult\n|-end|p1a: Dragapult|Substitute\n|\n|-heal|p1a: Dragapult|56\/100|[from] item: Leftovers\n|-heal|p2a: Goodra|48\/100 par|[from] item: Leftovers\n|upkeep\n|turn|20\n|\n|t:|1700617750\n|move|p1a: Dragapult|Substitute|p1a: Dragapult\n|-start|p1a: Dragapult|Substitute\n|-damage|p1a: Dragapult|31\/100\n|cant|p2a: Goodra|par\n|\n|-heal|p1a: Dragapult|37\/100|[from] item: Leftovers\n|-heal|p2a: Goodra|54\/100 par|[from] item: Leftovers\n|upkeep\n|turn|21\n|\n|t:|1700617752\n|move|p1a: Dragapult|Dragon Darts|p2a: Goodra\n|-damage|p2a: Goodra|35\/100 par\n|-anim|p1a: Dragapult|Dragon Darts|p2a: Goodra\n|-damage|p2a: Goodra|18\/100 par\n|move|p2a: Goodra|Knock Off|p1a: Dragapult\n|-supereffective|p1a: Dragapult\n|-end|p1a: Dragapult|Substitute\n|\n|-heal|p1a: Dragapult|43\/100|[from] item: Leftovers\n|-heal|p2a: Goodra|24\/100 par|[from] item: Leftovers\n|upkeep\n|turn|22\n|\n|t:|1700617755\n|move|p1a: Dragapult|Dragon Darts|p2a: Goodra\n|-damage|p2a: Goodra|6\/100 par\n|-anim|p1a: Dragapult|Dragon Darts|p2a: Goodra\n|-damage|p2a: Goodra|0 fnt\n|faint|p2a: Goodra\n|\n|-heal|p1a: Dragapult|49\/100|[from] item: Leftovers\n|upkeep\n|\n|t:|1700617761\n|switch|p2a: Garganacl|Garganacl, F|65\/100\n|-damage|p2a: Garganacl|52\/100|[from] Stealth Rock\n|turn|23\n|\n|t:|1700617769\n|switch|p1a: Clefable|Clefable, F|61\/100\n|-terastallize|p2a: Garganacl|Fairy\n|move|p2a: Garganacl|Iron Defense|p2a: Garganacl\n|-boost|p2a: Garganacl|def|2\n|\n|-heal|p1a: Clefable|67\/100|[from] item: Leftovers\n|-heal|p2a: Garganacl|58\/100|[from] item: Leftovers\n|upkeep\n|turn|24\n|\n|t:|1700617775\n|switch|p2a: Zapdos|Zapdos|75\/100\n|move|p1a: Clefable|Wish|p1a: Clefable\n|\n|-heal|p1a: Clefable|73\/100|[from] item: Leftovers\n|upkeep\n|turn|25\n|\n|t:|1700617781\n|move|p2a: Zapdos|Hurricane|p1a: Clefable|[miss]\n|-miss|p2a: Zapdos|p1a: Clefable\n|move|p1a: Clefable|Moonblast|p2a: Zapdos\n|-damage|p2a: Zapdos|41\/100\n|\n|-heal|p1a: Clefable|100\/100|[from] move: Wish|[wisher] Clefable\n|upkeep\n|turn|26\n|\n|t:|1700617784\n|move|p2a: Zapdos|Hurricane|p1a: Clefable\n|-damage|p1a: Clefable|48\/100\n|move|p1a: Clefable|Wish|p1a: Clefable\n|\n|-heal|p1a: Clefable|54\/100|[from] item: Leftovers\n|upkeep\n|turn|27\n|\n|t:|1700617787\n|move|p2a: Zapdos|Roost|p2a: Zapdos\n|-heal|p2a: Zapdos|91\/100\n|-singleturn|p2a: Zapdos|move: Roost\n|move|p1a: Clefable|Moonblast|p2a: Zapdos\n|-damage|p2a: Zapdos|57\/100\n|\n|-heal|p1a: Clefable|100\/100|[from] move: Wish|[wisher] Clefable\n|upkeep\n|turn|28\n|\n|t:|1700617791\n|move|p2a: Zapdos|Hurricane|p1a: Clefable\n|-damage|p1a: Clefable|51\/100\n|move|p1a: Clefable|Moonblast|p2a: Zapdos\n|-damage|p2a: Zapdos|21\/100\n|\n|-heal|p1a: Clefable|57\/100|[from] item: Leftovers\n|upkeep\n|turn|29\n|\n|t:|1700617795\n|move|p2a: Zapdos|Hurricane|p1a: Clefable\n|-damage|p1a: Clefable|7\/100\n|-start|p1a: Clefable|confusion\n|-activate|p1a: Clefable|confusion\n|move|p1a: Clefable|Moonblast|p2a: Zapdos\n|-damage|p2a: Zapdos|0 fnt\n|faint|p2a: Zapdos\n|\n|-heal|p1a: Clefable|13\/100|[from] item: Leftovers\n|upkeep\n|\n|t:|1700617812\n|switch|p2a: Great Tusk|Great Tusk|100\/100\n|-damage|p2a: Great Tusk|98\/100|[from] Stealth Rock\n|-enditem|p2a: Great Tusk|Booster Energy\n|-activate|p2a: Great Tusk|ability: Protosynthesis|[fromitem]\n|-start|p2a: Great Tusk|protosynthesisatk\n|turn|30\n|\n|t:|1700617817\n|switch|p1a: Landorus|Landorus-Therian, M|38\/100 par\n|-ability|p1a: Landorus|Intimidate|boost\n|-unboost|p2a: Great Tusk|atk|1\n|move|p2a: Great Tusk|Rapid Spin|p1a: Landorus\n|-damage|p1a: Landorus|27\/100 par\n|-boost|p2a: Great Tusk|spe|1\n|-damage|p2a: Great Tusk|81\/100|[from] item: Rocky Helmet|[of] p1a: Landorus\n|-sideend|p2: Toasteduck|Stealth Rock|[from] move: Rapid Spin|[of] p2a: Great Tusk\n|\n|upkeep\n|turn|31\n|\n|t:|1700617824\n|switch|p1a: Cinderace|Cinderace, M|13\/100\n|move|p2a: Great Tusk|Bulk Up|p2a: Great Tusk\n|-boost|p2a: Great Tusk|atk|1\n|-boost|p2a: Great Tusk|def|1\n|\n|upkeep\n|turn|32\n|\n|t:|1700617828\n|switch|p1a: Landorus|Landorus-Therian, M|27\/100 par\n|-ability|p1a: Landorus|Intimidate|boost\n|-unboost|p2a: Great Tusk|atk|1\n|move|p2a: Great Tusk|Rapid Spin|p1a: Landorus\n|-damage|p1a: Landorus|16\/100 par\n|-boost|p2a: Great Tusk|spe|1\n|-damage|p2a: Great Tusk|65\/100|[from] item: Rocky Helmet|[of] p1a: Landorus\n|\n|upkeep\n|turn|33\n|\n|t:|1700617833\n|move|p2a: Great Tusk|Bulk Up|p2a: Great Tusk\n|-boost|p2a: Great Tusk|atk|1\n|-boost|p2a: Great Tusk|def|1\n|move|p1a: Landorus|Grass Knot|p2a: Great Tusk\n|-supereffective|p2a: Great Tusk\n|-damage|p2a: Great Tusk|0 fnt\n|faint|p2a: Great Tusk\n|-end|p2a: Great Tusk|Protosynthesis|[silent]\n|\n|upkeep\n|\n|t:|1700617845\n|switch|p2a: Rillaboom|Rillaboom, F|100\/100\n|-fieldstart|move: Grassy Terrain|[from] ability: Grassy Surge|[of] p2a: Rillaboom\n|turn|34\n|\n|t:|1700617850\n|move|p2a: Rillaboom|Drum Beating|p1a: Landorus\n|-damage|p1a: Landorus|0 fnt\n|faint|p1a: Landorus\n|\n|upkeep\n|\n|t:|1700617851\n|switch|p1a: Meowscarada|Meowscarada, M|100\/100\n|turn|35\n|\n|t:|1700617862\n|switch|p2a: Hatterene|Hatterene, F|80\/100\n|move|p1a: Meowscarada|U-turn|p2a: Hatterene\n|-start|p1a: Meowscarada|typechange|Bug|[from] ability: Protean\n|-damage|p2a: Hatterene|28\/100\n|\n|t:|1700617864\n|switch|p1a: Cinderace|Cinderace, M|13\/100|[from] U-turn\n|\n|-heal|p1a: Cinderace|19\/100|[from] Grassy Terrain\n|-heal|p2a: Hatterene|34\/100|[from] Grassy Terrain\n|upkeep\n|turn|36\n|\n|t:|1700617872\n|move|p1a: Cinderace|Pyro Ball|p2a: Hatterene\n|-damage|p2a: Hatterene|0 fnt\n|faint|p2a: Hatterene\n|\n|-heal|p1a: Cinderace|25\/100|[from] Grassy Terrain\n|upkeep\n|\n|t:|1700617873\n|switch|p2a: Garganacl|Garganacl, F, tera:Fairy|58\/100\n|turn|37\n|\n|t:|1700617878\n|move|p1a: Cinderace|U-turn|p2a: Garganacl\n|-start|p1a: Cinderace|typechange|Bug|[from] ability: Libero\n|-resisted|p2a: Garganacl\n|-damage|p2a: Garganacl|49\/100\n|\n|t:|1700617880\n|switch|p1a: Meowscarada|Meowscarada, M|100\/100|[from] U-turn\n|move|p2a: Garganacl|Salt Cure|p1a: Meowscarada\n|-crit|p1a: Meowscarada\n|-damage|p1a: Meowscarada|66\/100\n|-start|p1a: Meowscarada|Salt Cure\n|\n|-heal|p1a: Meowscarada|73\/100|[from] Grassy Terrain\n|-heal|p2a: Garganacl|55\/100|[from] Grassy Terrain\n|-heal|p2a: Garganacl|61\/100|[from] item: Leftovers\n|-damage|p1a: Meowscarada|60\/100|[from] Salt Cure\n|upkeep\n|turn|38\n|\n|t:|1700617883\n|move|p1a: Meowscarada|Flower Trick|p2a: Garganacl\n|-start|p1a: Meowscarada|typechange|Grass|[from] ability: Protean\n|-crit|p2a: Garganacl\n|-damage|p2a: Garganacl|15\/100\n|move|p2a: Garganacl|Recover|p2a: Garganacl\n|-heal|p2a: Garganacl|65\/100\n|\n|-heal|p1a: Meowscarada|66\/100|[from] Grassy Terrain\n|-heal|p2a: Garganacl|71\/100|[from] Grassy Terrain\n|-heal|p2a: Garganacl|77\/100|[from] item: Leftovers\n|-damage|p1a: Meowscarada|54\/100|[from] Salt Cure\n|-fieldend|move: Grassy Terrain\n|upkeep\n|turn|39\n|\n|t:|1700617896\n|switch|p1a: Clefable|Clefable, F|13\/100\n|move|p2a: Garganacl|Salt Cure|p1a: Clefable\n|-crit|p1a: Clefable\n|-damage|p1a: Clefable|0 fnt\n|faint|p1a: Clefable\n|\n|-heal|p2a: Garganacl|83\/100|[from] item: Leftovers\n|upkeep\n|\n|t:|1700617900\n|switch|p1a: Dragapult|Dragapult, F|49\/100\n|turn|40\n|\n|t:|1700617925\n|switch|p1a: Cinderace|Cinderace, M|25\/100\n|move|p2a: Garganacl|Iron Defense|p2a: Garganacl\n|-boost|p2a: Garganacl|def|2\n|\n|-heal|p2a: Garganacl|89\/100|[from] item: Leftovers\n|upkeep\n|turn|41\n|\n|t:|1700617929\n|move|p1a: Cinderace|Pyro Ball|p2a: Garganacl\n|-damage|p2a: Garganacl|74\/100\n|move|p2a: Garganacl|Salt Cure|p1a: Cinderace\n|-supereffective|p1a: Cinderace\n|-damage|p1a: Cinderace|0 fnt\n|faint|p1a: Cinderace\n|\n|-heal|p2a: Garganacl|80\/100|[from] item: Leftovers\n|upkeep\n|\n|t:|1700617932\n|switch|p1a: Meowscarada|Meowscarada, M|54\/100\n|turn|42\n|\n|t:|1700617935\n|move|p1a: Meowscarada|Flower Trick|p2a: Garganacl\n|-start|p1a: Meowscarada|typechange|Grass|[from] ability: Protean\n|-crit|p2a: Garganacl\n|-damage|p2a: Garganacl|43\/100\n|move|p2a: Garganacl|Body Press|p1a: Meowscarada\n|-damage|p1a: Meowscarada|0 fnt\n|faint|p1a: Meowscarada\n|\n|-heal|p2a: Garganacl|49\/100|[from] item: Leftovers\n|upkeep\n|\n|t:|1700617940\n|switch|p1a: Iron Valiant|Iron Valiant|100\/100\n|-enditem|p1a: Iron Valiant|Booster Energy\n|-activate|p1a: Iron Valiant|ability: Quark Drive|[fromitem]\n|-start|p1a: Iron Valiant|quarkdrivespe\n|turn|43\n|\n|t:|1700617946\n|move|p1a: Iron Valiant|Moonblast|p2a: Garganacl\n|-damage|p2a: Garganacl|4\/100\n|move|p2a: Garganacl|Body Press|p1a: Iron Valiant\n|-resisted|p1a: Iron Valiant\n|-damage|p1a: Iron Valiant|61\/100\n|\n|-heal|p2a: Garganacl|10\/100|[from] item: Leftovers\n|upkeep\n|turn|44\n|\n|t:|1700617952\n|move|p1a: Iron Valiant|Calm Mind|p1a: Iron Valiant\n|-boost|p1a: Iron Valiant|spa|1\n|-boost|p1a: Iron Valiant|spd|1\n|move|p2a: Garganacl|Salt Cure|p1a: Iron Valiant\n|-resisted|p1a: Iron Valiant\n|-damage|p1a: Iron Valiant|52\/100\n|-start|p1a: Iron Valiant|Salt Cure\n|\n|-heal|p2a: Garganacl|16\/100|[from] item: Leftovers\n|-damage|p1a: Iron Valiant|39\/100|[from] Salt Cure\n|upkeep\n|turn|45\n|\n|t:|1700617960\n|move|p1a: Iron Valiant|Moonblast|p2a: Garganacl\n|-damage|p2a: Garganacl|0 fnt\n|faint|p2a: Garganacl\n|\n|-damage|p1a: Iron Valiant|27\/100|[from] Salt Cure\n|upkeep\n|\n|t:|1700617962\n|switch|p2a: Rillaboom|Rillaboom, F|100\/100\n|-fieldstart|move: Grassy Terrain|[from] ability: Grassy Surge|[of] p2a: Rillaboom\n|turn|46\n|\n|t:|1700617964\n|move|p2a: Rillaboom|Grassy Glide|p1a: Iron Valiant\n|-damage|p1a: Iron Valiant|0 fnt\n|faint|p1a: Iron Valiant\n|-end|p1a: Iron Valiant|Quark Drive|[silent]\n|\n|upkeep\n|\n|t:|1700617965\n|switch|p1a: Dragapult|Dragapult, F|49\/100\n|turn|47\n|\n|t:|1700617969\n|-terastallize|p1a: Dragapult|Fairy\n|move|p2a: Rillaboom|Grassy Glide|p1a: Dragapult\n|-damage|p1a: Dragapult|0 fnt\n|faint|p1a: Dragapult\n|\n|win|Toasteduck\n|raw|Dizay69's rating: 1724 &rarr; <strong>1707<\/strong><br \/>(-17 for losing)\n|raw|Toasteduck's rating: 1784 &rarr; <strong>1801<\/strong><br \/>(+17 for winning)\n|j| guihg\n|l|\u2606Dizay69\n","uploadtime":1700617981,"views":0,"p1id":"dizay69","p2id":"toasteduck","formatid":"gen9ou","rating":1707,"private":0,"password":""}