{"id":"gen9ou-1999725601","p1":"sidtherockjohnson","p2":"EHarm","format":"[Gen 9] OU","log":"|j|\u203dsidtherockjohnson\n|j|\u2606EHarm\n|t:|1701111218\n|gametype|singles\n|player|p1|sidtherockjohnson|hilbert|1487\n|player|p2|EHarm|rancher|1443\n|teamsize|p1|6\n|teamsize|p2|6\n|gen|9\n|tier|[Gen 9] OU\n|rated|\n|rule|Sleep Clause Mod: Limit one foe put to sleep\n|rule|Species Clause: Limit one of each Pok\u00e9mon\n|rule|OHKO Clause: OHKO moves are banned\n|rule|Evasion Items Clause: Evasion items are banned\n|rule|Evasion Moves Clause: Evasion moves are banned\n|rule|Endless Battle Clause: Forcing endless battles is banned\n|rule|HP Percentage Mod: HP is shown in percentages\n|clearpoke\n|poke|p1|Samurott-Hisui, F|\n|poke|p1|Great Tusk|\n|poke|p1|Clefable, M|\n|poke|p1|Arcanine-Hisui, F|\n|poke|p1|Gholdengo|\n|poke|p1|Zapdos|\n|poke|p2|Ribombee, F|\n|poke|p2|Gholdengo|\n|poke|p2|Manaphy|\n|poke|p2|Kingambit, F|\n|poke|p2|Great Tusk|\n|poke|p2|Enamorus, F|\n|teampreview\n|inactive|Battle timer is ON: inactive players will automatically lose when time's up. (requested by sidtherockjohnson)\n|inactive|sidtherockjohnson has 120 seconds left.\n|\n|t:|1701111254\n|start\n|switch|p1a: Zapdos|Zapdos|100\/100\n|switch|p2a: Ribombee|Ribombee, F|100\/100\n|turn|1\n|\n|t:|1701111267\n|move|p2a: Ribombee|Sticky Web|p1a: Zapdos\n|-sidestart|p1: sidtherockjohnson|move: Sticky Web\n|move|p1a: Zapdos|Thunderbolt|p2a: Ribombee\n|-damage|p2a: Ribombee|41\/100\n|\n|upkeep\n|turn|2\n|\n|t:|1701111279\n|switch|p2a: Great Tusk|Great Tusk|100\/100\n|move|p1a: Zapdos|Volt Switch|p2a: Great Tusk\n|-immune|p2a: Great Tusk\n|\n|upkeep\n|turn|3\n|\n|t:|1701111285\n|move|p1a: Zapdos|Hurricane|p2a: Great Tusk\n|-supereffective|p2a: Great Tusk\n|-damage|p2a: Great Tusk|0 fnt\n|faint|p2a: Great Tusk\n|-end|p2a: Great Tusk|Protosynthesis|[silent]\n|\n|upkeep\n|\n|t:|1701111296\n|switch|p2a: Ribombee|Ribombee, F|41\/100\n|turn|4\n|\n|t:|1701111299\n|move|p2a: Ribombee|Moonblast|p1a: Zapdos\n|-damage|p1a: Zapdos|64\/100\n|move|p1a: Zapdos|Thunderbolt|p2a: Ribombee\n|-damage|p2a: Ribombee|0 fnt\n|faint|p2a: Ribombee\n|\n|upkeep\n|\n|t:|1701111306\n|switch|p2a: Manaphy|Manaphy|100\/100\n|turn|5\n|\n|t:|1701111310\n|-terastallize|p2a: Manaphy|Grass\n|move|p2a: Manaphy|Tail Glow|p2a: Manaphy\n|-boost|p2a: Manaphy|spa|3\n|move|p1a: Zapdos|Volt Switch|p2a: Manaphy\n|-resisted|p2a: Manaphy\n|-damage|p2a: Manaphy|82\/100\n|\n|t:|1701111325\n|switch|p1a: Clefable|Clefable, M|100\/100|[from] Volt Switch\n|-activate|p1a: Clefable|move: Sticky Web\n|-unboost|p1a: Clefable|spe|1\n|\n|upkeep\n|turn|6\n|\n|t:|1701111333\n|move|p2a: Manaphy|Energy Ball|p1a: Clefable\n|-damage|p1a: Clefable|77\/100\n|move|p1a: Clefable|Thunder Wave|p2a: Manaphy\n|-status|p2a: Manaphy|par\n|-enditem|p2a: Manaphy|Lum Berry|[eat]\n|-curestatus|p2a: Manaphy|par|[msg]\n|\n|-heal|p1a: Clefable|83\/100|[from] item: Leftovers\n|upkeep\n|turn|7\n|\n|t:|1701111342\n|switch|p2a: Gholdengo|Gholdengo|100\/100\n|-item|p2a: Gholdengo|Air Balloon\n|move|p1a: Clefable|Wish|p1a: Clefable\n|\n|-heal|p1a: Clefable|89\/100|[from] item: Leftovers\n|upkeep\n|turn|8\n|\n|t:|1701111350\n|switch|p1a: Zapdos|Zapdos|64\/100\n|move|p2a: Gholdengo|Hex|p1a: Zapdos\n|-damage|p1a: Zapdos|31\/100\n|\n|-heal|p1a: Zapdos|93\/100|[from] move: Wish|[wisher] Clefable\n|upkeep\n|turn|9\n|\n|t:|1701111363\n|move|p1a: Zapdos|Thunderbolt|p2a: Gholdengo\n|-damage|p2a: Gholdengo|59\/100\n|-enditem|p2a: Gholdengo|Air Balloon\n|move|p2a: Gholdengo|Hex|p1a: Zapdos\n|-damage|p1a: Zapdos|61\/100\n|\n|upkeep\n|turn|10\n|\n|t:|1701111370\n|move|p1a: Zapdos|Thunderbolt|p2a: Gholdengo\n|-damage|p2a: Gholdengo|16\/100\n|move|p2a: Gholdengo|Hex|p1a: Zapdos\n|-damage|p1a: Zapdos|29\/100\n|\n|upkeep\n|turn|11\n|\n|t:|1701111377\n|switch|p2a: Enamorus|Enamorus, F|100\/100\n|move|p1a: Zapdos|Roost|p1a: Zapdos\n|-heal|p1a: Zapdos|79\/100\n|-singleturn|p1a: Zapdos|move: Roost\n|\n|upkeep\n|turn|12\n|\n|t:|1701111383\n|move|p2a: Enamorus|Moonblast|p1a: Zapdos\n|-damage|p1a: Zapdos|10\/100\n|move|p1a: Zapdos|Thunderbolt|p2a: Enamorus\n|-supereffective|p2a: Enamorus\n|-damage|p2a: Enamorus|0 fnt\n|faint|p2a: Enamorus\n|\n|upkeep\n|\n|t:|1701111391\n|switch|p2a: Manaphy|Manaphy, tera:Grass|82\/100\n|turn|13\n|\n|t:|1701111397\n|move|p2a: Manaphy|Ice Beam|p1a: Zapdos\n|-supereffective|p1a: Zapdos\n|-damage|p1a: Zapdos|0 fnt\n|faint|p1a: Zapdos\n|\n|upkeep\n|\n|t:|1701111422\n|switch|p1a: Clefable|Clefable, M|89\/100\n|-activate|p1a: Clefable|move: Sticky Web\n|-unboost|p1a: Clefable|spe|1\n|turn|14\n|\n|t:|1701111427\n|switch|p2a: Gholdengo|Gholdengo|16\/100\n|move|p1a: Clefable|Wish|p1a: Clefable\n|\n|-heal|p1a: Clefable|95\/100|[from] item: Leftovers\n|upkeep\n|turn|15\n|\n|t:|1701111433\n|switch|p1a: Samurott|Samurott-Hisui, F|100\/100\n|-activate|p1a: Samurott|move: Sticky Web\n|-unboost|p1a: Samurott|spe|1\n|move|p2a: Gholdengo|Recover|p2a: Gholdengo\n|-heal|p2a: Gholdengo|66\/100\n|\n|upkeep\n|turn|16\n|\n|t:|1701111440\n|move|p2a: Gholdengo|Thunder Wave|p1a: Samurott\n|-status|p1a: Samurott|par\n|cant|p1a: Samurott|par\n|\n|upkeep\n|turn|17\n|\n|t:|1701111446\n|switch|p2a: Manaphy|Manaphy, tera:Grass|82\/100\n|move|p1a: Samurott|Ceaseless Edge|p2a: Manaphy\n|-crit|p2a: Manaphy\n|-damage|p2a: Manaphy|19\/100\n|-sidestart|p2: EHarm|Spikes\n|\n|upkeep\n|turn|18\n|\n|t:|1701111453\n|cant|p1a: Samurott|par\n|move|p2a: Manaphy|Energy Ball|p1a: Samurott\n|-supereffective|p1a: Samurott\n|-damage|p1a: Samurott|25\/100 par\n|\n|upkeep\n|turn|19\n|\n|t:|1701111459\n|cant|p1a: Samurott|par\n|move|p2a: Manaphy|Energy Ball|p1a: Samurott\n|-supereffective|p1a: Samurott\n|-damage|p1a: Samurott|0 fnt\n|faint|p1a: Samurott\n|\n|upkeep\n|\n|t:|1701111474\n|switch|p1a: Great Tusk|Great Tusk|100\/100\n|-activate|p1a: Great Tusk|move: Sticky Web\n|-unboost|p1a: Great Tusk|spe|1\n|turn|20\n|\n|t:|1701111478\n|-terastallize|p1a: Great Tusk|Fairy\n|move|p2a: Manaphy|Energy Ball|p1a: Great Tusk\n|-damage|p1a: Great Tusk|51\/100\n|move|p1a: Great Tusk|Rapid Spin|p2a: Manaphy\n|-damage|p2a: Manaphy|1\/100\n|-boost|p1a: Great Tusk|spe|1\n|-sideend|p1: sidtherockjohnson|Sticky Web|[from] move: Rapid Spin|[of] p1a: Great Tusk\n|\n|-heal|p1a: Great Tusk|57\/100|[from] item: Leftovers\n|upkeep\n|turn|21\n|\n|t:|1701111493\n|-end|p1a: Great Tusk|Protosynthesis|[silent]\n|switch|p1a: Gholdengo|Gholdengo|100\/100\n|move|p2a: Manaphy|Energy Ball|p1a: Gholdengo\n|-resisted|p1a: Gholdengo\n|-damage|p1a: Gholdengo|78\/100\n|\n|upkeep\n|turn|22\n|\n|t:|1701111499\n|move|p1a: Gholdengo|Shadow Ball|p2a: Manaphy\n|-damage|p2a: Manaphy|0 fnt\n|faint|p2a: Manaphy\n|\n|upkeep\n|\n|t:|1701111504\n|switch|p2a: Kingambit|Kingambit, F|100\/100\n|-damage|p2a: Kingambit|88\/100|[from] Spikes\n|-activate|p2a: Kingambit|ability: Supreme Overlord\n|-start|p2a: Kingambit|fallen4|[silent]\n|turn|23\n|\n|t:|1701111518\n|switch|p1a: Great Tusk|Great Tusk, tera:Fairy|57\/100\n|move|p2a: Kingambit|Swords Dance|p2a: Kingambit\n|-boost|p2a: Kingambit|atk|2\n|\n|-heal|p1a: Great Tusk|63\/100|[from] item: Leftovers\n|upkeep\n|turn|24\n|\n|t:|1701111528\n|move|p1a: Great Tusk|Close Combat|p2a: Kingambit\n|-supereffective|p2a: Kingambit\n|-damage|p2a: Kingambit|0 fnt\n|-unboost|p1a: Great Tusk|def|1\n|-unboost|p1a: Great Tusk|spd|1\n|faint|p2a: Kingambit\n|-end|p2a: Kingambit|fallen4|[silent]\n|\n|-heal|p1a: Great Tusk|69\/100|[from] item: Leftovers\n|upkeep\n|c|\u2606EHarm|gg\n|-message|EHarm forfeited.\n|\n|win|sidtherockjohnson\n|raw|sidtherockjohnson's rating: 1487 &rarr; <strong>1504<\/strong><br \/>(+17 for winning)\n|raw|EHarm's rating: 1443 &rarr; <strong>1426<\/strong><br \/>(-17 for losing)\n|l|\u2606EHarm\n","uploadtime":1701111541,"views":2,"p1id":"sidtherockjohnson","p2id":"eharm","formatid":"gen9ou","rating":1426,"private":0,"password":""}