{"id":"gen9ou-2000325550","p1":"agagagqweqwe","p2":"A GEN C PABU 22","format":"[Gen 9] OU","log":"|j|\u2606agagagqweqwe\n|j|\u2606A GEN C PABU 22\n|t:|1701185133\n|gametype|singles\n|player|p1|agagagqweqwe|2|1697\n|player|p2|A GEN C PABU 22|blue-gen2|1651\n|teamsize|p1|6\n|teamsize|p2|6\n|gen|9\n|tier|[Gen 9] OU\n|rated|\n|rule|Sleep Clause Mod: Limit one foe put to sleep\n|rule|Species Clause: Limit one of each Pok\u00e9mon\n|rule|OHKO Clause: OHKO moves are banned\n|rule|Evasion Items Clause: Evasion items are banned\n|rule|Evasion Moves Clause: Evasion moves are banned\n|rule|Endless Battle Clause: Forcing endless battles is banned\n|rule|HP Percentage Mod: HP is shown in percentages\n|clearpoke\n|poke|p1|Iron Valiant|\n|poke|p1|Ogerpon-Cornerstone, F|\n|poke|p1|Scizor, F|\n|poke|p1|Volcanion|\n|poke|p1|Thundurus-Therian, M|\n|poke|p1|Enamorus, F|\n|poke|p2|Wo-Chien|\n|poke|p2|Talonflame, F|\n|poke|p2|Alomomola, F|\n|poke|p2|Blissey, F|\n|poke|p2|Cyclizar, M|\n|poke|p2|Clodsire, M|\n|teampreview\n|\n|t:|1701185153\n|start\n|switch|p1a: Thundurus|Thundurus-Therian, M|100\/100\n|switch|p2a: Clodsire|Clodsire, M|100\/100\n|turn|1\n|inactive|Battle timer is ON: inactive players will automatically lose when time's up. (requested by A GEN C PABU 22)\n|\n|t:|1701185161\n|switch|p1a: Scizor|Scizor, F|100\/100\n|switch|p2a: Blissey|Blissey, F|100\/100\n|\n|upkeep\n|turn|2\n|\n|t:|1701185165\n|switch|p2a: Talonflame|Talonflame, F|100\/100\n|move|p1a: Scizor|U-turn|p2a: Talonflame\n|-resisted|p2a: Talonflame\n|-crit|p2a: Talonflame\n|-damage|p2a: Talonflame|88\/100\n|\n|t:|1701185167\n|switch|p1a: Volcanion|Volcanion|100\/100|[from] U-turn\n|\n|upkeep\n|turn|3\n|\n|t:|1701185172\n|switch|p2a: Blissey|Blissey, F|100\/100\n|move|p1a: Volcanion|Steam Eruption|p2a: Blissey\n|-damage|p2a: Blissey|83\/100\n|\n|upkeep\n|turn|4\n|\n|t:|1701185175\n|switch|p1a: Enamorus|Enamorus, F|100\/100\n|move|p2a: Blissey|Stealth Rock|p1a: Enamorus\n|-sidestart|p1: agagagqweqwe|move: Stealth Rock\n|\n|upkeep\n|turn|5\n|\n|t:|1701185178\n|move|p1a: Enamorus|Superpower|p2a: Blissey\n|-supereffective|p2a: Blissey\n|-damage|p2a: Blissey|0 fnt\n|-boost|p1a: Enamorus|atk|1\n|-boost|p1a: Enamorus|def|1\n|faint|p2a: Blissey\n|\n|upkeep\n|\n|t:|1701185183\n|switch|p2a: Clodsire|Clodsire, M|100\/100\n|turn|6\n|\n|t:|1701185187\n|move|p1a: Enamorus|Iron Head|p2a: Clodsire\n|-damage|p2a: Clodsire|83\/100\n|cant|p2a: Clodsire|flinch\n|\n|-heal|p2a: Clodsire|89\/100|[from] item: Leftovers\n|upkeep\n|turn|7\n|\n|t:|1701185192\n|switch|p1a: Volcanion|Volcanion|100\/100\n|move|p2a: Clodsire|Poison Jab|p1a: Volcanion\n|-damage|p1a: Volcanion|82\/100\n|\n|-heal|p2a: Clodsire|96\/100|[from] item: Leftovers\n|upkeep\n|turn|8\n|\n|t:|1701185198\n|switch|p2a: Wo-Chien|Wo-Chien|100\/100\n|-ability|p2a: Wo-Chien|Tablets of Ruin\n|move|p1a: Volcanion|Steam Eruption|p2a: Wo-Chien|[miss]\n|-miss|p1a: Volcanion|p2a: Wo-Chien\n|\n|upkeep\n|turn|9\n|\n|t:|1701185206\n|-terastallize|p2a: Wo-Chien|Poison\n|move|p1a: Volcanion|Flamethrower|p2a: Wo-Chien\n|-damage|p2a: Wo-Chien|67\/100\n|move|p2a: Wo-Chien|Leech Seed|p1a: Volcanion\n|-start|p1a: Volcanion|move: Leech Seed\n|\n|-heal|p2a: Wo-Chien|73\/100|[from] item: Leftovers\n|-damage|p1a: Volcanion|69\/100|[from] Leech Seed|[of] p2a: Wo-Chien\n|-heal|p2a: Wo-Chien|85\/100|[silent]\n|upkeep\n|turn|10\n|\n|t:|1701185217\n|switch|p1a: Scizor|Scizor, F|100\/100\n|-damage|p1a: Scizor|88\/100|[from] Stealth Rock\n|move|p2a: Wo-Chien|Knock Off|p1a: Scizor\n|-damage|p1a: Scizor|57\/100\n|-enditem|p1a: Scizor|Leftovers|[from] move: Knock Off|[of] p2a: Wo-Chien\n|\n|-heal|p2a: Wo-Chien|91\/100|[from] item: Leftovers\n|upkeep\n|turn|11\n|\n|t:|1701185222\n|move|p1a: Scizor|Defog|p2a: Wo-Chien\n|-unboost|p2a: Wo-Chien|evasion|1\n|-sideend|p1: agagagqweqwe|Stealth Rock|[from] move: Defog|[of] p1a: Scizor\n|move|p2a: Wo-Chien|Foul Play|p1a: Scizor\n|-damage|p1a: Scizor|0 fnt\n|faint|p1a: Scizor\n|\n|-heal|p2a: Wo-Chien|97\/100|[from] item: Leftovers\n|upkeep\n|\n|t:|1701185232\n|switch|p1a: Volcanion|Volcanion|69\/100\n|turn|12\n|\n|t:|1701185235\n|move|p1a: Volcanion|Earth Power|p2a: Wo-Chien\n|-supereffective|p2a: Wo-Chien\n|-damage|p2a: Wo-Chien|50\/100\n|move|p2a: Wo-Chien|Leech Seed|p1a: Volcanion\n|-start|p1a: Volcanion|move: Leech Seed\n|\n|-heal|p2a: Wo-Chien|57\/100|[from] item: Leftovers\n|-damage|p1a: Volcanion|57\/100|[from] Leech Seed|[of] p2a: Wo-Chien\n|-heal|p2a: Wo-Chien|68\/100|[silent]\n|upkeep\n|turn|13\n|\n|t:|1701185240\n|move|p1a: Volcanion|Earth Power|p2a: Wo-Chien\n|-supereffective|p2a: Wo-Chien\n|-damage|p2a: Wo-Chien|24\/100\n|move|p2a: Wo-Chien|Giga Drain|p1a: Volcanion\n|-damage|p1a: Volcanion|32\/100\n|-heal|p2a: Wo-Chien|35\/100|[from] drain|[of] p1a: Volcanion\n|\n|-heal|p2a: Wo-Chien|41\/100|[from] item: Leftovers\n|-damage|p1a: Volcanion|19\/100|[from] Leech Seed|[of] p2a: Wo-Chien\n|-heal|p2a: Wo-Chien|53\/100|[silent]\n|upkeep\n|turn|14\n|\n|t:|1701185244\n|move|p1a: Volcanion|Earth Power|p2a: Wo-Chien\n|-supereffective|p2a: Wo-Chien\n|-damage|p2a: Wo-Chien|9\/100\n|move|p2a: Wo-Chien|Giga Drain|p1a: Volcanion\n|-damage|p1a: Volcanion|0 fnt\n|-heal|p2a: Wo-Chien|17\/100|[from] drain|[of] p1a: Volcanion\n|faint|p1a: Volcanion\n|\n|-heal|p2a: Wo-Chien|23\/100|[from] item: Leftovers\n|upkeep\n|\n|t:|1701185253\n|switch|p1a: Ogerpon|Ogerpon-Cornerstone, F|100\/100\n|turn|15\n|\n|t:|1701185259\n|switch|p2a: Clodsire|Clodsire, M|96\/100\n|move|p1a: Ogerpon|Ivy Cudgel|p2a: Clodsire|[anim] Ivy Cudgel Rock\n|-resisted|p2a: Clodsire\n|-damage|p2a: Clodsire|74\/100\n|\n|-heal|p2a: Clodsire|80\/100|[from] item: Leftovers\n|upkeep\n|turn|16\n|\n|t:|1701185269\n|switch|p1a: Thundurus|Thundurus-Therian, M|100\/100\n|move|p2a: Clodsire|Spikes|p1a: Thundurus\n|-sidestart|p1: agagagqweqwe|Spikes\n|\n|-heal|p2a: Clodsire|87\/100|[from] item: Leftovers\n|upkeep\n|turn|17\n|\n|t:|1701185276\n|switch|p2a: Cyclizar|Cyclizar, M|100\/100\n|-terastallize|p1a: Thundurus|Flying\n|move|p1a: Thundurus|Tera Blast|p2a: Cyclizar|[anim] Tera Blast Flying\n|-damage|p2a: Cyclizar|44\/100\n|\n|upkeep\n|turn|18\n|\n|t:|1701185284\n|move|p2a: Cyclizar|Protect|p2a: Cyclizar\n|-singleturn|p2a: Cyclizar|Protect\n|move|p1a: Thundurus|Tera Blast|p2a: Cyclizar|[anim] Tera Blast Flying\n|-activate|p2a: Cyclizar|move: Protect\n|\n|upkeep\n|turn|19\n|\n|t:|1701185287\n|move|p1a: Thundurus|Tera Blast|p2a: Cyclizar|[anim] Tera Blast Flying\n|-damage|p2a: Cyclizar|0 fnt\n|faint|p2a: Cyclizar\n|\n|upkeep\n|\n|t:|1701185299\n|switch|p2a: Clodsire|Clodsire, M|87\/100\n|turn|20\n|\n|t:|1701185307\n|move|p1a: Thundurus|Tera Blast|p2a: Clodsire|[anim] Tera Blast Flying\n|-damage|p2a: Clodsire|40\/100\n|move|p2a: Clodsire|Poison Jab|p1a: Thundurus\n|-damage|p1a: Thundurus|67\/100\n|-status|p1a: Thundurus|psn\n|\n|-heal|p2a: Clodsire|46\/100|[from] item: Leftovers\n|-damage|p1a: Thundurus|55\/100 psn|[from] psn\n|upkeep\n|turn|21\n|\n|t:|1701185318\n|switch|p2a: Wo-Chien|Wo-Chien, tera:Poison|23\/100\n|-ability|p2a: Wo-Chien|Tablets of Ruin\n|move|p1a: Thundurus|Tera Blast|p2a: Wo-Chien|[anim] Tera Blast Flying\n|-damage|p2a: Wo-Chien|0 fnt\n|faint|p2a: Wo-Chien\n|\n|-damage|p1a: Thundurus|42\/100 psn|[from] psn\n|upkeep\n|\n|t:|1701185321\n|switch|p2a: Clodsire|Clodsire, M|46\/100\n|turn|22\n|\n|t:|1701185323\n|move|p1a: Thundurus|Tera Blast|p2a: Clodsire|[anim] Tera Blast Flying\n|-damage|p2a: Clodsire|4\/100\n|move|p2a: Clodsire|Recover|p2a: Clodsire\n|-heal|p2a: Clodsire|54\/100\n|\n|-heal|p2a: Clodsire|60\/100|[from] item: Leftovers\n|-damage|p1a: Thundurus|30\/100 psn|[from] psn\n|upkeep\n|turn|23\n|\n|t:|1701185326\n|move|p1a: Thundurus|Tera Blast|p2a: Clodsire|[anim] Tera Blast Flying\n|-damage|p2a: Clodsire|14\/100\n|move|p2a: Clodsire|Recover|p2a: Clodsire\n|-heal|p2a: Clodsire|64\/100\n|\n|-heal|p2a: Clodsire|71\/100|[from] item: Leftovers\n|-damage|p1a: Thundurus|18\/100 psn|[from] psn\n|upkeep\n|turn|24\n|\n|t:|1701185328\n|move|p1a: Thundurus|Tera Blast|p2a: Clodsire|[anim] Tera Blast Flying\n|-damage|p2a: Clodsire|29\/100\n|move|p2a: Clodsire|Recover|p2a: Clodsire\n|-heal|p2a: Clodsire|79\/100\n|\n|-heal|p2a: Clodsire|85\/100|[from] item: Leftovers\n|-damage|p1a: Thundurus|5\/100 psn|[from] psn\n|upkeep\n|turn|25\n|\n|t:|1701185330\n|move|p1a: Thundurus|Tera Blast|p2a: Clodsire|[anim] Tera Blast Flying\n|-damage|p2a: Clodsire|38\/100\n|move|p2a: Clodsire|Recover|p2a: Clodsire\n|-heal|p2a: Clodsire|88\/100\n|\n|-heal|p2a: Clodsire|94\/100|[from] item: Leftovers\n|-damage|p1a: Thundurus|0 fnt|[from] psn\n|faint|p1a: Thundurus\n|upkeep\n|\n|t:|1701185344\n|switch|p1a: Ogerpon|Ogerpon-Cornerstone, F|100\/100\n|-damage|p1a: Ogerpon|88\/100|[from] Spikes\n|turn|26\n|\n|t:|1701185349\n|move|p1a: Ogerpon|Horn Leech|p2a: Clodsire\n|-damage|p2a: Clodsire|63\/100\n|-heal|p1a: Ogerpon|100\/100|[from] drain|[of] p2a: Clodsire\n|move|p2a: Clodsire|Counter|p1a: Ogerpon\n|-damage|p1a: Ogerpon|4\/100\n|\n|-heal|p2a: Clodsire|69\/100|[from] item: Leftovers\n|upkeep\n|turn|27\n|\n|t:|1701185352\n|move|p1a: Ogerpon|Swords Dance|p1a: Ogerpon\n|-boost|p1a: Ogerpon|atk|2\n|move|p2a: Clodsire|Recover|p2a: Clodsire\n|-heal|p2a: Clodsire|100\/100\n|\n|upkeep\n|turn|28\n|\n|t:|1701185357\n|switch|p2a: Alomomola|Alomomola, F|100\/100\n|move|p1a: Ogerpon|Swords Dance|p1a: Ogerpon\n|-boost|p1a: Ogerpon|atk|2\n|\n|upkeep\n|turn|29\n|\n|t:|1701185362\n|move|p1a: Ogerpon|Horn Leech|p2a: Alomomola\n|-supereffective|p2a: Alomomola\n|-damage|p2a: Alomomola|0 fnt\n|-heal|p1a: Ogerpon|93\/100|[from] drain|[of] p2a: Alomomola\n|-damage|p1a: Ogerpon|76\/100|[from] item: Rocky Helmet|[of] p2a: Alomomola\n|faint|p2a: Alomomola\n|\n|upkeep\n|\n|t:|1701185365\n|switch|p2a: Clodsire|Clodsire, M|100\/100\n|turn|30\n|j| Ran Kob\n|\n|t:|1701185370\n|move|p1a: Ogerpon|Horn Leech|p2a: Clodsire\n|-damage|p2a: Clodsire|66\/100\n|-heal|p1a: Ogerpon|100\/100|[from] drain|[of] p2a: Clodsire\n|move|p2a: Clodsire|Counter|p1a: Ogerpon\n|-ability|p1a: Ogerpon|Sturdy\n|-damage|p1a: Ogerpon|1\/100\n|\n|-heal|p2a: Clodsire|72\/100|[from] item: Leftovers\n|upkeep\n|turn|31\n|\n|t:|1701185375\n|move|p1a: Ogerpon|Horn Leech|p2a: Clodsire\n|-damage|p2a: Clodsire|38\/100\n|-heal|p1a: Ogerpon|27\/100|[from] drain|[of] p2a: Clodsire\n|move|p2a: Clodsire|Recover|p2a: Clodsire\n|-heal|p2a: Clodsire|88\/100\n|\n|-heal|p2a: Clodsire|94\/100|[from] item: Leftovers\n|upkeep\n|turn|32\n|\n|t:|1701185380\n|move|p1a: Ogerpon|Horn Leech|p2a: Clodsire\n|-damage|p2a: Clodsire|63\/100\n|-heal|p1a: Ogerpon|51\/100|[from] drain|[of] p2a: Clodsire\n|move|p2a: Clodsire|Counter|p1a: Ogerpon\n|-damage|p1a: Ogerpon|0 fnt\n|faint|p1a: Ogerpon\n|\n|-heal|p2a: Clodsire|70\/100|[from] item: Leftovers\n|upkeep\n|\n|t:|1701185386\n|switch|p1a: Enamorus|Enamorus, F|100\/100\n|turn|33\n|\n|t:|1701185392\n|move|p1a: Enamorus|Iron Head|p2a: Clodsire\n|-crit|p2a: Clodsire\n|-damage|p2a: Clodsire|44\/100\n|move|p2a: Clodsire|Recover|p2a: Clodsire\n|-heal|p2a: Clodsire|94\/100\n|\n|-heal|p2a: Clodsire|99\/100|[from] item: Leftovers\n|upkeep\n|turn|34\n|\n|t:|1701185397\n|move|p1a: Enamorus|Iron Head|p2a: Clodsire\n|-damage|p2a: Clodsire|80\/100\n|move|p2a: Clodsire|Counter|p1a: Enamorus\n|-damage|p1a: Enamorus|36\/100\n|\n|-heal|p2a: Clodsire|86\/100|[from] item: Leftovers\n|upkeep\n|turn|35\n|\n|t:|1701185400\n|move|p1a: Enamorus|Iron Head|p2a: Clodsire\n|-damage|p2a: Clodsire|66\/100\n|move|p2a: Clodsire|Recover|p2a: Clodsire\n|-heal|p2a: Clodsire|100\/100\n|\n|upkeep\n|turn|36\n|\n|t:|1701185402\n|move|p1a: Enamorus|Iron Head|p2a: Clodsire\n|-damage|p2a: Clodsire|81\/100\n|move|p2a: Clodsire|Poison Jab|p1a: Enamorus\n|-supereffective|p1a: Enamorus\n|-damage|p1a: Enamorus|0 fnt\n|faint|p1a: Enamorus\n|\n|-heal|p2a: Clodsire|87\/100|[from] item: Leftovers\n|upkeep\n|\n|t:|1701185404\n|switch|p1a: Iron Valiant|Iron Valiant|100\/100\n|-damage|p1a: Iron Valiant|88\/100|[from] Spikes\n|-enditem|p1a: Iron Valiant|Booster Energy\n|-activate|p1a: Iron Valiant|ability: Quark Drive|[fromitem]\n|-start|p1a: Iron Valiant|quarkdrivespe\n|turn|37\n|\n|t:|1701185407\n|move|p1a: Iron Valiant|Shadow Ball|p2a: Clodsire\n|-damage|p2a: Clodsire|69\/100\n|move|p2a: Clodsire|Poison Jab|p1a: Iron Valiant\n|-supereffective|p1a: Iron Valiant\n|-damage|p1a: Iron Valiant|30\/100\n|-status|p1a: Iron Valiant|psn\n|\n|-heal|p2a: Clodsire|75\/100|[from] item: Leftovers\n|-damage|p1a: Iron Valiant|17\/100 psn|[from] psn\n|upkeep\n|turn|38\n|\n|t:|1701185410\n|move|p1a: Iron Valiant|Shadow Ball|p2a: Clodsire\n|-damage|p2a: Clodsire|55\/100\n|move|p2a: Clodsire|Poison Jab|p1a: Iron Valiant\n|-supereffective|p1a: Iron Valiant\n|-damage|p1a: Iron Valiant|0 fnt\n|faint|p1a: Iron Valiant\n|-end|p1a: Iron Valiant|Quark Drive|[silent]\n|\n|win|A GEN C PABU 22\n|raw|agagagqweqwe's rating: 1697 &rarr; <strong>1674<\/strong><br \/>(-23 for losing)\n|raw|A GEN C PABU 22's rating: 1651 &rarr; <strong>1674<\/strong><br \/>(+23 for winning)\n|c|\u2606agagagqweqwe|gg\n|c|\u2606A GEN C PABU 22|gg\n|l|\u2606A GEN C PABU 22\n|l|\u2606agagagqweqwe\n","uploadtime":1701185477,"views":3,"p1id":"agagagqweqwe","p2id":"agencpabu22","formatid":"gen9ou","rating":1674,"private":0,"password":""}