{"id":"gen9ou-1989117465","p1":"Nomax94","p2":"qingche","format":"[Gen 9] OU","log":"|j|\u2606Nomax94\n|j|\u2606qingche\n|t:|1699814103\n|gametype|singles\n|player|p1|Nomax94|lucas|1566\n|player|p2|qingche|hilbert|1553\n|teamsize|p1|6\n|teamsize|p2|6\n|gen|9\n|tier|[Gen 9] OU\n|rated|\n|rule|Sleep Clause Mod: Limit one foe put to sleep\n|rule|Species Clause: Limit one of each Pok\u00e9mon\n|rule|OHKO Clause: OHKO moves are banned\n|rule|Evasion Items Clause: Evasion items are banned\n|rule|Evasion Moves Clause: Evasion moves are banned\n|rule|Endless Battle Clause: Forcing endless battles is banned\n|rule|HP Percentage Mod: HP is shown in percentages\n|clearpoke\n|poke|p1|Iron Treads|\n|poke|p1|Gholdengo|\n|poke|p1|Dragonite, F|\n|poke|p1|Enamorus, F|\n|poke|p1|Zamazenta-*|\n|poke|p1|Ogerpon-Wellspring, F|\n|poke|p2|Ribombee, M|\n|poke|p2|Gholdengo|\n|poke|p2|Great Tusk|\n|poke|p2|Rillaboom, F|\n|poke|p2|Sneasler, F|\n|poke|p2|Iron Moth|\n|teampreview\n|inactive|Battle timer is ON: inactive players will automatically lose when time's up. (requested by Nomax94)\n|\n|t:|1699814122\n|start\n|switch|p1a: Iron Treads|Iron Treads|100\/100\n|switch|p2a: \u518d\u7a7a\u771f\u6c14\u5f39\u9001\u53bb\u5403\u4ec6\u5200|Gholdengo|100\/100\n|-item|p2a: \u518d\u7a7a\u771f\u6c14\u5f39\u9001\u53bb\u5403\u4ec6\u5200|Air Balloon\n|-enditem|p1a: Iron Treads|Booster Energy\n|-activate|p1a: Iron Treads|ability: Quark Drive|[fromitem]\n|-start|p1a: Iron Treads|quarkdrivespe\n|turn|1\n|\n|t:|1699814130\n|move|p1a: Iron Treads|Stealth Rock|p2a: \u518d\u7a7a\u771f\u6c14\u5f39\u9001\u53bb\u5403\u4ec6\u5200\n|-sidestart|p2: qingche|move: Stealth Rock\n|move|p2a: \u518d\u7a7a\u771f\u6c14\u5f39\u9001\u53bb\u5403\u4ec6\u5200|Focus Blast|p1a: Iron Treads\n|-supereffective|p1a: Iron Treads\n|-damage|p1a: Iron Treads|0 fnt\n|faint|p1a: Iron Treads\n|-end|p1a: Iron Treads|Quark Drive|[silent]\n|\n|upkeep\n|\n|t:|1699814150\n|switch|p1a: Gholdengo|Gholdengo|100\/100\n|turn|2\n|\n|t:|1699814155\n|move|p1a: Gholdengo|Shadow Ball|p2a: \u518d\u7a7a\u771f\u6c14\u5f39\u9001\u53bb\u5403\u4ec6\u5200\n|-supereffective|p2a: \u518d\u7a7a\u771f\u6c14\u5f39\u9001\u53bb\u5403\u4ec6\u5200\n|-damage|p2a: \u518d\u7a7a\u771f\u6c14\u5f39\u9001\u53bb\u5403\u4ec6\u5200|7\/100\n|-enditem|p2a: \u518d\u7a7a\u771f\u6c14\u5f39\u9001\u53bb\u5403\u4ec6\u5200|Air Balloon\n|move|p2a: \u518d\u7a7a\u771f\u6c14\u5f39\u9001\u53bb\u5403\u4ec6\u5200|Shadow Ball|p1a: Gholdengo\n|-supereffective|p1a: Gholdengo\n|-damage|p1a: Gholdengo|0 fnt\n|faint|p1a: Gholdengo\n|\n|upkeep\n|\n|t:|1699814171\n|switch|p1a: Enamorus|Enamorus, F|100\/100\n|turn|3\n|\n|t:|1699814182\n|switch|p2a: Rillaboom|Rillaboom, F|100\/100\n|-damage|p2a: Rillaboom|88\/100|[from] Stealth Rock\n|-fieldstart|move: Grassy Terrain|[from] ability: Grassy Surge|[of] p2a: Rillaboom\n|move|p1a: Enamorus|Earth Power|p2a: Rillaboom\n|-resisted|p2a: Rillaboom\n|-damage|p2a: Rillaboom|68\/100\n|\n|-heal|p2a: Rillaboom|74\/100|[from] Grassy Terrain\n|upkeep\n|turn|4\n|\n|t:|1699814190\n|switch|p1a: Dragonite|Dragonite, F|100\/100\n|move|p2a: Rillaboom|Knock Off|p1a: Dragonite\n|-damage|p1a: Dragonite|71\/100\n|-enditem|p1a: Dragonite|Heavy-Duty Boots|[from] move: Knock Off|[of] p2a: Rillaboom\n|\n|-heal|p2a: Rillaboom|81\/100|[from] Grassy Terrain\n|upkeep\n|turn|5\n|\n|t:|1699814206\n|switch|p2a: Great Tusk|Great Tusk|100\/100\n|-damage|p2a: Great Tusk|98\/100|[from] Stealth Rock\n|-enditem|p2a: Great Tusk|Booster Energy\n|-activate|p2a: Great Tusk|ability: Protosynthesis|[fromitem]\n|-start|p2a: Great Tusk|protosynthesisatk\n|move|p1a: Dragonite|Dragon Dance|p1a: Dragonite\n|-boost|p1a: Dragonite|atk|1\n|-boost|p1a: Dragonite|spe|1\n|\n|-heal|p2a: Great Tusk|100\/100|[from] Grassy Terrain\n|upkeep\n|turn|6\n|\n|t:|1699814216\n|move|p1a: Dragonite|Dragon Dance|p1a: Dragonite\n|-boost|p1a: Dragonite|atk|1\n|-boost|p1a: Dragonite|spe|1\n|move|p2a: Great Tusk|Rapid Spin|p1a: Dragonite\n|-damage|p1a: Dragonite|48\/100\n|-boost|p2a: Great Tusk|spe|1\n|-sideend|p2: qingche|Stealth Rock|[from] move: Rapid Spin|[of] p2a: Great Tusk\n|\n|upkeep\n|turn|7\n|\n|t:|1699814221\n|move|p1a: Dragonite|Dragon Claw|p2a: Great Tusk\n|-damage|p2a: Great Tusk|29\/100\n|move|p2a: Great Tusk|Ice Spinner|p1a: Dragonite\n|-supereffective|p1a: Dragonite\n|-damage|p1a: Dragonite|0 fnt\n|-fieldend|move: Grassy Terrain\n|faint|p1a: Dragonite\n|\n|upkeep\n|\n|t:|1699814238\n|switch|p1a: Zamazenta|Zamazenta|100\/100\n|-ability|p1a: Zamazenta|Dauntless Shield|boost\n|-boost|p1a: Zamazenta|def|1\n|turn|8\n|\n|t:|1699814248\n|-end|p2a: Great Tusk|Protosynthesis|[silent]\n|switch|p2a: Ribombee|Ribombee, M|100\/100\n|move|p1a: Zamazenta|Substitute|p1a: Zamazenta\n|-start|p1a: Zamazenta|Substitute\n|-damage|p1a: Zamazenta|75\/100\n|\n|-heal|p1a: Zamazenta|82\/100|[from] item: Leftovers\n|upkeep\n|turn|9\n|\n|t:|1699814255\n|-terastallize|p1a: Zamazenta|Steel\n|move|p1a: Zamazenta|Iron Defense|p1a: Zamazenta\n|-boost|p1a: Zamazenta|def|2\n|move|p2a: Ribombee|Moonblast|p1a: Zamazenta\n|-resisted|p1a: Zamazenta\n|-activate|p1a: Zamazenta|move: Substitute|[damage]\n|\n|-heal|p1a: Zamazenta|88\/100|[from] item: Leftovers\n|upkeep\n|turn|10\n|\n|t:|1699814262\n|move|p1a: Zamazenta|Iron Defense|p1a: Zamazenta\n|-boost|p1a: Zamazenta|def|2\n|move|p2a: Ribombee|Sticky Web|p1a: Zamazenta\n|-sidestart|p1: Nomax94|move: Sticky Web\n|\n|-heal|p1a: Zamazenta|94\/100|[from] item: Leftovers\n|upkeep\n|turn|11\n|\n|t:|1699814268\n|move|p1a: Zamazenta|Iron Defense|p1a: Zamazenta\n|-boost|p1a: Zamazenta|def|1\n|move|p2a: Ribombee|Psychic|p1a: Zamazenta\n|-resisted|p1a: Zamazenta\n|-activate|p1a: Zamazenta|move: Substitute|[damage]\n|\n|-heal|p1a: Zamazenta|99\/100|[from] item: Leftovers\n|upkeep\n|turn|12\n|\n|t:|1699814273\n|move|p1a: Zamazenta|Body Press|p2a: Ribombee\n|-resisted|p2a: Ribombee\n|-damage|p2a: Ribombee|35\/100\n|move|p2a: Ribombee|Psychic|p1a: Zamazenta\n|-resisted|p1a: Zamazenta\n|-end|p1a: Zamazenta|Substitute\n|\n|-heal|p1a: Zamazenta|100\/100|[from] item: Leftovers\n|upkeep\n|turn|13\n|\n|t:|1699814281\n|move|p1a: Zamazenta|Substitute|p1a: Zamazenta\n|-start|p1a: Zamazenta|Substitute\n|-damage|p1a: Zamazenta|75\/100\n|move|p2a: Ribombee|Stun Spore||[still]\n|-fail|p2a: Ribombee\n|\n|-heal|p1a: Zamazenta|82\/100|[from] item: Leftovers\n|upkeep\n|turn|14\n|\n|t:|1699814283\n|move|p1a: Zamazenta|Body Press|p2a: Ribombee\n|-resisted|p2a: Ribombee\n|-damage|p2a: Ribombee|0 fnt\n|faint|p2a: Ribombee\n|\n|-heal|p1a: Zamazenta|88\/100|[from] item: Leftovers\n|upkeep\n|\n|t:|1699814289\n|switch|p2a: Iron Moth|Iron Moth|100\/100\n|-enditem|p2a: Iron Moth|Booster Energy\n|-activate|p2a: Iron Moth|ability: Quark Drive|[fromitem]\n|-start|p2a: Iron Moth|quarkdrivespa\n|turn|15\n|\n|t:|1699814296\n|-terastallize|p2a: Iron Moth|Fairy\n|move|p1a: Zamazenta|Body Press|p2a: Iron Moth\n|-resisted|p2a: Iron Moth\n|-damage|p2a: Iron Moth|0 fnt\n|faint|p2a: Iron Moth\n|-end|p2a: Iron Moth|Quark Drive|[silent]\n|\n|-heal|p1a: Zamazenta|94\/100|[from] item: Leftovers\n|upkeep\n|\n|t:|1699814306\n|switch|p2a: \u518d\u7a7a\u771f\u6c14\u5f39\u9001\u53bb\u5403\u4ec6\u5200|Gholdengo|7\/100\n|turn|16\n|\n|t:|1699814310\n|move|p1a: Zamazenta|Crunch|p2a: \u518d\u7a7a\u771f\u6c14\u5f39\u9001\u53bb\u5403\u4ec6\u5200\n|-supereffective|p2a: \u518d\u7a7a\u771f\u6c14\u5f39\u9001\u53bb\u5403\u4ec6\u5200\n|-damage|p2a: \u518d\u7a7a\u771f\u6c14\u5f39\u9001\u53bb\u5403\u4ec6\u5200|0 fnt\n|faint|p2a: \u518d\u7a7a\u771f\u6c14\u5f39\u9001\u53bb\u5403\u4ec6\u5200\n|\n|-heal|p1a: Zamazenta|99\/100|[from] item: Leftovers\n|upkeep\n|\n|t:|1699814315\n|switch|p2a: Great Tusk|Great Tusk|29\/100\n|turn|17\n|\n|t:|1699814318\n|move|p1a: Zamazenta|Body Press|p2a: Great Tusk\n|-damage|p2a: Great Tusk|0 fnt\n|faint|p2a: Great Tusk\n|-end|p2a: Great Tusk|Protosynthesis|[silent]\n|\n|-heal|p1a: Zamazenta|100\/100|[from] item: Leftovers\n|upkeep\n|\n|t:|1699814321\n|switch|p2a: Rillaboom|Rillaboom, F|81\/100\n|-fieldstart|move: Grassy Terrain|[from] ability: Grassy Surge|[of] p2a: Rillaboom\n|turn|18\n|\n|t:|1699814324\n|move|p2a: Rillaboom|Grassy Glide|p1a: Zamazenta\n|-resisted|p1a: Zamazenta\n|-activate|p1a: Zamazenta|move: Substitute|[damage]\n|move|p1a: Zamazenta|Body Press|p2a: Rillaboom\n|-damage|p2a: Rillaboom|0 fnt\n|faint|p2a: Rillaboom\n|\n|upkeep\n|\n|t:|1699814327\n|switch|p2a: Sneasler|Sneasler, F|100\/100\n|-enditem|p2a: Sneasler|Grassy Seed\n|-boost|p2a: Sneasler|def|1|[from] item: Grassy Seed\n|turn|19\n|\n|t:|1699814332\n|move|p2a: Sneasler|Close Combat|p1a: Zamazenta\n|-supereffective|p1a: Zamazenta\n|-end|p1a: Zamazenta|Substitute\n|-unboost|p2a: Sneasler|def|1\n|-unboost|p2a: Sneasler|spd|1\n|move|p1a: Zamazenta|Body Press|p2a: Sneasler\n|-resisted|p2a: Sneasler\n|-damage|p2a: Sneasler|0 fnt\n|faint|p2a: Sneasler\n|\n|win|Nomax94\n|raw|Nomax94's rating: 1566 &rarr; <strong>1585<\/strong><br \/>(+19 for winning)\n|raw|qingche's rating: 1553 &rarr; <strong>1534<\/strong><br \/>(-19 for losing)\n|l|\u2606qingche\n","uploadtime":1699814454,"views":25,"p1id":"nomax94","p2id":"qingche","formatid":"gen9ou","rating":1534,"private":0,"password":""}