{"id":"gen9ou-1997795468","p1":"quetzuma","p2":"hhet","format":"[Gen 9] OU","log":"|j|\u2606quetzuma\n|j|\u2606hhet\n|t:|1700853537\n|gametype|singles\n|player|p1|quetzuma|volkner|1337\n|player|p2|hhet|cynthia-gen4|1217\n|teamsize|p1|6\n|teamsize|p2|6\n|gen|9\n|tier|[Gen 9] OU\n|rated|\n|rule|Sleep Clause Mod: Limit one foe put to sleep\n|rule|Species Clause: Limit one of each Pok\u00e9mon\n|rule|OHKO Clause: OHKO moves are banned\n|rule|Evasion Items Clause: Evasion items are banned\n|rule|Evasion Moves Clause: Evasion moves are banned\n|rule|Endless Battle Clause: Forcing endless battles is banned\n|rule|HP Percentage Mod: HP is shown in percentages\n|clearpoke\n|poke|p1|Zangoose, M|\n|poke|p1|Ribombee, M|\n|poke|p1|Probopass, F|\n|poke|p1|Walking Wake|\n|poke|p1|Gholdengo|\n|poke|p1|Great Tusk|\n|poke|p2|Gholdengo|\n|poke|p2|Ribombee, M|\n|poke|p2|Iron Valiant|\n|poke|p2|Kingambit, F|\n|poke|p2|Iron Moth|\n|poke|p2|Dragonite, F|\n|teampreview\n|inactive|Battle timer is ON: inactive players will automatically lose when time's up. (requested by quetzuma)\n|\n|t:|1700853554\n|start\n|switch|p1a: Gholdengo|Gholdengo|100\/100\n|switch|p2a: Ribombee|Ribombee, M|100\/100\n|turn|1\n|\n|t:|1700853557\n|move|p1a: Gholdengo|Shadow Ball|p2a: Ribombee\n|-damage|p2a: Ribombee|21\/100\n|move|p2a: Ribombee|Sticky Web|p1a: Gholdengo\n|-sidestart|p1: quetzuma|move: Sticky Web\n|\n|upkeep\n|turn|2\n|\n|t:|1700853564\n|switch|p1a: Great Tusk|Great Tusk|100\/100\n|-activate|p1a: Great Tusk|move: Sticky Web\n|-unboost|p1a: Great Tusk|spe|1\n|switch|p2a: Kingambit|Kingambit, F|100\/100\n|\n|upkeep\n|turn|3\n|\n|t:|1700853574\n|-end|p2a: Kingambit|fallenundefined|[silent]\n|switch|p2a: Gholdengo|Gholdengo|100\/100\n|move|p1a: Great Tusk|Stone Edge|p2a: Gholdengo\n|-resisted|p2a: Gholdengo\n|-damage|p2a: Gholdengo|80\/100\n|\n|upkeep\n|turn|4\n|\n|t:|1700853583\n|-end|p1a: Great Tusk|Protosynthesis|[silent]\n|switch|p1a: Probopastor|Probopass, F|100\/100\n|-activate|p1a: Probopastor|move: Sticky Web\n|-unboost|p1a: Probopastor|spe|1\n|move|p2a: Gholdengo|Make It Rain|p1a: Probopastor\n|-damage|p1a: Probopastor|57\/100\n|-unboost|p2a: Gholdengo|spa|1\n|\n|upkeep\n|turn|5\n|\n|t:|1700853594\n|switch|p2a: Ribombee|Ribombee, M|21\/100\n|move|p1a: Probopastor|Stealth Rock|p2a: Ribombee\n|-sidestart|p2: hhet|move: Stealth Rock\n|\n|upkeep\n|turn|6\n|\n|t:|1700853599\n|move|p2a: Ribombee|Stun Spore|p1a: Probopastor\n|-status|p1a: Probopastor|par\n|move|p1a: Probopastor|Dazzling Gleam|p2a: Ribombee\n|-damage|p2a: Ribombee|0 fnt\n|faint|p2a: Ribombee\n|\n|upkeep\n|\n|t:|1700853621\n|switch|p2a: Gholdengo|Gholdengo|80\/100\n|-damage|p2a: Gholdengo|74\/100|[from] Stealth Rock\n|turn|7\n|\n|t:|1700853624\n|move|p2a: Gholdengo|Shadow Ball|p1a: Probopastor\n|-damage|p1a: Probopastor|27\/100 par\n|cant|p1a: Probopastor|par\n|\n|upkeep\n|turn|8\n|\n|t:|1700853630\n|move|p2a: Gholdengo|Shadow Ball|p1a: Probopastor\n|-damage|p1a: Probopastor|0 fnt\n|faint|p1a: Probopastor\n|\n|upkeep\n|\n|t:|1700853634\n|switch|p1a: Zangief|Zangoose, M|100\/100\n|-activate|p1a: Zangief|move: Sticky Web\n|-unboost|p1a: Zangief|spe|1\n|turn|9\n|\n|t:|1700853650\n|switch|p2a: Iron Valiant|Iron Valiant|100\/100\n|-damage|p2a: Iron Valiant|94\/100|[from] Stealth Rock\n|-enditem|p2a: Iron Valiant|Booster Energy\n|-activate|p2a: Iron Valiant|ability: Quark Drive|[fromitem]\n|-start|p2a: Iron Valiant|quarkdrivespe\n|move|p1a: Zangief|Shadow Claw|p2a: Iron Valiant\n|-crit|p2a: Iron Valiant\n|-damage|p2a: Iron Valiant|53\/100\n|\n|-status|p1a: Zangief|tox|[from] item: Toxic Orb\n|upkeep\n|turn|10\n|\n|t:|1700853661\n|switch|p1a: Gholdengo|Gholdengo|100\/100\n|-activate|p1a: Gholdengo|move: Sticky Web\n|-unboost|p1a: Gholdengo|spe|1\n|move|p2a: Iron Valiant|Moonblast|p1a: Gholdengo\n|-resisted|p1a: Gholdengo\n|-damage|p1a: Gholdengo|74\/100\n|-unboost|p1a: Gholdengo|spa|1\n|\n|upkeep\n|turn|11\n|\n|t:|1700853673\n|-end|p2a: Iron Valiant|Quark Drive|[silent]\n|switch|p2a: Iron Moth|Iron Moth|100\/100\n|-damage|p2a: Iron Moth|76\/100|[from] Stealth Rock\n|-enditem|p2a: Iron Moth|Booster Energy\n|-activate|p2a: Iron Moth|ability: Quark Drive|[fromitem]\n|-start|p2a: Iron Moth|quarkdrivespe\n|move|p1a: Gholdengo|Shadow Ball|p2a: Iron Moth\n|-damage|p2a: Iron Moth|45\/100\n|\n|upkeep\n|turn|12\n|\n|t:|1700853680\n|move|p2a: Iron Moth|Fiery Dance|p1a: Gholdengo\n|-supereffective|p1a: Gholdengo\n|-damage|p1a: Gholdengo|0 fnt\n|faint|p1a: Gholdengo\n|\n|upkeep\n|\n|t:|1700853685\n|switch|p1a: Ribombee|Ribombee, M|100\/100\n|-activate|p1a: Ribombee|move: Sticky Web\n|-unboost|p1a: Ribombee|spe|1\n|turn|13\n|\n|t:|1700853699\n|-terastallize|p2a: Iron Moth|Grass\n|move|p2a: Iron Moth|Fiery Dance|p1a: Ribombee\n|-supereffective|p1a: Ribombee\n|-enditem|p1a: Ribombee|Focus Sash\n|-damage|p1a: Ribombee|1\/100\n|move|p1a: Ribombee|Stun Spore|p2a: Iron Moth\n|-immune|p2a: Iron Moth\n|\n|upkeep\n|turn|14\n|\n|t:|1700853706\n|move|p2a: Iron Moth|Fiery Dance|p1a: Ribombee\n|-supereffective|p1a: Ribombee\n|-damage|p1a: Ribombee|0 fnt\n|faint|p1a: Ribombee\n|\n|upkeep\n|\n|t:|1700853708\n|switch|p1a: Zangief|Zangoose, M|100\/100 tox\n|-activate|p1a: Zangief|move: Sticky Web\n|-unboost|p1a: Zangief|spe|1\n|turn|15\n|\n|t:|1700853713\n|move|p1a: Zangief|Quick Attack|p2a: Iron Moth\n|-damage|p2a: Iron Moth|3\/100\n|move|p2a: Iron Moth|Fiery Dance|p1a: Zangief\n|-damage|p1a: Zangief|24\/100 tox\n|-boost|p2a: Iron Moth|spa|1\n|\n|-damage|p1a: Zangief|18\/100 tox|[from] psn\n|upkeep\n|turn|16\n|\n|t:|1700853721\n|move|p1a: Zangief|Quick Attack|p2a: Iron Moth\n|-damage|p2a: Iron Moth|0 fnt\n|faint|p2a: Iron Moth\n|-end|p2a: Iron Moth|Quark Drive|[silent]\n|\n|-damage|p1a: Zangief|6\/100 tox|[from] psn\n|upkeep\n|\n|t:|1700853725\n|switch|p2a: Gholdengo|Gholdengo|74\/100\n|-damage|p2a: Gholdengo|68\/100|[from] Stealth Rock\n|turn|17\n|\n|t:|1700853728\n|move|p2a: Gholdengo|Make It Rain|p1a: Zangief\n|-damage|p1a: Zangief|0 fnt\n|-unboost|p2a: Gholdengo|spa|1\n|faint|p1a: Zangief\n|\n|upkeep\n|\n|t:|1700853730\n|switch|p1a: Great Tusk|Great Tusk|100\/100\n|-activate|p1a: Great Tusk|move: Sticky Web\n|-unboost|p1a: Great Tusk|spe|1\n|turn|18\n|\n|t:|1700853739\n|move|p2a: Gholdengo|Make It Rain|p1a: Great Tusk\n|-damage|p1a: Great Tusk|36\/100\n|-unboost|p2a: Gholdengo|spa|1\n|move|p1a: Great Tusk|Earthquake|p2a: Gholdengo\n|-supereffective|p2a: Gholdengo\n|-crit|p2a: Gholdengo\n|-damage|p2a: Gholdengo|0 fnt\n|faint|p2a: Gholdengo\n|\n|-heal|p1a: Great Tusk|43\/100|[from] item: Leftovers\n|upkeep\n|\n|t:|1700853748\n|switch|p2a: Iron Valiant|Iron Valiant|53\/100\n|-damage|p2a: Iron Valiant|47\/100|[from] Stealth Rock\n|turn|19\n|\n|t:|1700853751\n|-terastallize|p1a: Great Tusk|Fire\n|move|p2a: Iron Valiant|Moonblast|p1a: Great Tusk\n|-resisted|p1a: Great Tusk\n|-crit|p1a: Great Tusk\n|-damage|p1a: Great Tusk|0 fnt\n|faint|p1a: Great Tusk\n|-end|p1a: Great Tusk|Protosynthesis|[silent]\n|\n|upkeep\n|\n|t:|1700853753\n|switch|p1a: Walking Wake|Walking Wake|100\/100\n|-activate|p1a: Walking Wake|move: Sticky Web\n|-unboost|p1a: Walking Wake|spe|1\n|-enditem|p1a: Walking Wake|Booster Energy\n|-activate|p1a: Walking Wake|ability: Protosynthesis|[fromitem]\n|-start|p1a: Walking Wake|protosynthesisspa\n|turn|20\n|\n|t:|1700853757\n|move|p2a: Iron Valiant|Moonblast|p1a: Walking Wake\n|-supereffective|p1a: Walking Wake\n|-damage|p1a: Walking Wake|0 fnt\n|faint|p1a: Walking Wake\n|-end|p1a: Walking Wake|Protosynthesis|[silent]\n|\n|win|hhet\n|raw|quetzuma's rating: 1337 &rarr; <strong>1310<\/strong><br \/>(-27 for losing)\n|raw|hhet's rating: 1217 &rarr; <strong>1250<\/strong><br \/>(+33 for winning)\n|l|\u2606quetzuma\n","uploadtime":1700853763,"views":2,"p1id":"quetzuma","p2id":"hhet","formatid":"gen9ou","rating":1250,"private":0,"password":""}