{"id":"gen9ou-1995432691","p1":"TestAccount619","p2":"Ebokthegod","format":"[Gen 9] OU","log":"|j|\u2606TestAccount619\n|j|\u2606Ebokthegod\n|t:|1700570107\n|gametype|singles\n|player|p1|TestAccount619|1|1226\n|player|p2|Ebokthegod|102|1327\n|teamsize|p1|6\n|teamsize|p2|6\n|gen|9\n|tier|[Gen 9] OU\n|rated|\n|rule|Sleep Clause Mod: Limit one foe put to sleep\n|rule|Species Clause: Limit one of each Pok\u00e9mon\n|rule|OHKO Clause: OHKO moves are banned\n|rule|Evasion Items Clause: Evasion items are banned\n|rule|Evasion Moves Clause: Evasion moves are banned\n|rule|Endless Battle Clause: Forcing endless battles is banned\n|rule|HP Percentage Mod: HP is shown in percentages\n|clearpoke\n|poke|p1|Samurott-Hisui, M|\n|poke|p1|Gholdengo|\n|poke|p1|Ting-Lu|\n|poke|p1|Hatterene, F|\n|poke|p1|Breloom, M|\n|poke|p1|Dragonite, M|\n|poke|p2|Ting-Lu|\n|poke|p2|Corviknight, M|\n|poke|p2|Ogerpon-Wellspring, F|\n|poke|p2|Iron Moth|\n|poke|p2|Rotom-Wash|\n|poke|p2|Cinderace, M|\n|teampreview\n|inactive|Battle timer is ON: inactive players will automatically lose when time's up. (requested by Ebokthegod)\n|\n|t:|1700570114\n|start\n|switch|p1a: Ting-Lu|Ting-Lu|100\/100\n|switch|p2a: Iron Moth|Iron Moth|100\/100\n|-ability|p1a: Ting-Lu|Vessel of Ruin\n|turn|1\n|\n|t:|1700570122\n|-end|p2a: Iron Moth|Quark Drive|[silent]\n|switch|p2a: Ogerpon|Ogerpon-Wellspring, F|100\/100\n|move|p1a: Ting-Lu|Earthquake|p2a: Ogerpon\n|-resisted|p2a: Ogerpon\n|-damage|p2a: Ogerpon|75\/100\n|\n|upkeep\n|turn|2\n|\n|t:|1700570131\n|switch|p1a: Breloom|Breloom, M, shiny|100\/100\n|move|p2a: Ogerpon|Trailblaze|p1a: Breloom\n|-resisted|p1a: Breloom\n|-damage|p1a: Breloom|79\/100\n|-boost|p2a: Ogerpon|spe|1\n|\n|upkeep\n|turn|3\n|\n|t:|1700570137\n|move|p2a: Ogerpon|Play Rough|p1a: Breloom\n|-supereffective|p1a: Breloom\n|-damage|p1a: Breloom|0 fnt\n|faint|p1a: Breloom\n|\n|upkeep\n|\n|t:|1700570142\n|switch|p1a: Gholdengo|Gholdengo|100\/100\n|turn|4\n|\n|t:|1700570147\n|switch|p2a: Iron Moth|Iron Moth|100\/100\n|move|p1a: Gholdengo|Thunder Wave|p2a: Iron Moth\n|-status|p2a: Iron Moth|par\n|\n|upkeep\n|turn|5\n|\n|t:|1700570152\n|switch|p1a: Ting-Lu|Ting-Lu|100\/100\n|-ability|p1a: Ting-Lu|Vessel of Ruin\n|cant|p2a: Iron Moth|par\n|\n|upkeep\n|turn|6\n|\n|t:|1700570178\n|-end|p2a: Iron Moth|Quark Drive|[silent]\n|switch|p2a: Corviknight|Corviknight, M|100\/100\n|-ability|p2a: Corviknight|Pressure\n|move|p1a: Ting-Lu|Stealth Rock|p2a: Corviknight\n|-sidestart|p2: Ebokthegod|move: Stealth Rock\n|\n|upkeep\n|turn|7\n|\n|t:|1700570183\n|switch|p1a: Gholdengo|Gholdengo|100\/100\n|move|p2a: Corviknight|Brave Bird|p1a: Gholdengo\n|-resisted|p1a: Gholdengo\n|-damage|p1a: Gholdengo|88\/100\n|-damage|p2a: Corviknight|96\/100|[from] Recoil\n|\n|-heal|p1a: Gholdengo|94\/100|[from] item: Leftovers\n|upkeep\n|turn|8\n|\n|t:|1700570188\n|switch|p2a: Ting-Lu|Ting-Lu|100\/100\n|-damage|p2a: Ting-Lu|94\/100|[from] Stealth Rock\n|-ability|p2a: Ting-Lu|Vessel of Ruin\n|move|p1a: Gholdengo|Thunder Wave|p2a: Ting-Lu\n|-immune|p2a: Ting-Lu\n|\n|-heal|p1a: Gholdengo|99\/100|[from] item: Leftovers\n|-heal|p2a: Ting-Lu|100\/100|[from] item: Leftovers\n|upkeep\n|turn|9\n|\n|t:|1700570196\n|switch|p1a: Hatterene|Hatterene, F, shiny|100\/100\n|move|p2a: Ting-Lu|Stealth Rock|p1a: Hatterene\n|move|p1a: Hatterene|Stealth Rock||[from]ability: Magic Bounce|[still]\n|-fail|p1a: Hatterene\n|\n|upkeep\n|turn|10\n|\n|t:|1700570203\n|switch|p2a: Iron Moth|Iron Moth|100\/100 par\n|-damage|p2a: Iron Moth|76\/100 par|[from] Stealth Rock\n|move|p1a: Hatterene|Calm Mind|p1a: Hatterene\n|-boost|p1a: Hatterene|spa|1\n|-boost|p1a: Hatterene|spd|1\n|\n|upkeep\n|turn|11\n|\n|t:|1700570208\n|move|p2a: Iron Moth|Sludge Wave|p1a: Hatterene\n|-supereffective|p1a: Hatterene\n|-damage|p1a: Hatterene|23\/100\n|move|p1a: Hatterene|Calm Mind|p1a: Hatterene\n|-boost|p1a: Hatterene|spa|1\n|-boost|p1a: Hatterene|spd|1\n|\n|-heal|p1a: Hatterene|29\/100|[from] item: Leftovers\n|upkeep\n|turn|12\n|\n|t:|1700570214\n|move|p2a: Iron Moth|Sludge Wave|p1a: Hatterene\n|-supereffective|p1a: Hatterene\n|-damage|p1a: Hatterene|0 fnt\n|faint|p1a: Hatterene\n|\n|upkeep\n|\n|t:|1700570218\n|switch|p1a: Samurott|Samurott-Hisui, M|100\/100\n|turn|13\n|\n|t:|1700570221\n|-end|p2a: Iron Moth|Quark Drive|[silent]\n|switch|p2a: Corviknight|Corviknight, M|96\/100\n|-damage|p2a: Corviknight|84\/100|[from] Stealth Rock\n|-ability|p2a: Corviknight|Pressure\n|move|p1a: Samurott|Ceaseless Edge|p2a: Corviknight|[miss]\n|-miss|p1a: Samurott|p2a: Corviknight\n|\n|upkeep\n|turn|14\n|\n|t:|1700570228\n|switch|p1a: Gholdengo|Gholdengo|99\/100\n|move|p2a: Corviknight|Defog|p1a: Gholdengo\n|-immune|p1a: Gholdengo|[from] ability: Good as Gold\n|\n|-heal|p1a: Gholdengo|100\/100|[from] item: Leftovers\n|upkeep\n|turn|15\n|\n|t:|1700570251\n|switch|p2a: Ting-Lu|Ting-Lu|100\/100\n|-damage|p2a: Ting-Lu|94\/100|[from] Stealth Rock\n|-ability|p2a: Ting-Lu|Vessel of Ruin\n|move|p1a: Gholdengo|Thunder Wave|p2a: Ting-Lu\n|-immune|p2a: Ting-Lu\n|\n|-heal|p2a: Ting-Lu|100\/100|[from] item: Leftovers\n|upkeep\n|turn|16\n|\n|t:|1700570259\n|switch|p1a: Dragonite|Dragonite, M, shiny|100\/100\n|move|p2a: Ting-Lu|Payback|p1a: Dragonite\n|-damage|p1a: Dragonite|89\/100\n|\n|upkeep\n|turn|17\n|\n|t:|1700570264\n|move|p1a: Dragonite|Dragon Dance|p1a: Dragonite\n|-boost|p1a: Dragonite|atk|1\n|-boost|p1a: Dragonite|spe|1\n|move|p2a: Ting-Lu|Whirlwind|p1a: Dragonite\n|drag|p1a: Ting-Lu|Ting-Lu|100\/100\n|-ability|p1a: Ting-Lu|Vessel of Ruin\n|\n|upkeep\n|turn|18\n|\n|t:|1700570271\n|move|p1a: Ting-Lu|Ruination|p2a: Ting-Lu\n|-damage|p2a: Ting-Lu|50\/100\n|move|p2a: Ting-Lu|Stealth Rock|p1a: Ting-Lu\n|-sidestart|p1: TestAccount619|move: Stealth Rock\n|\n|-heal|p2a: Ting-Lu|57\/100|[from] item: Leftovers\n|upkeep\n|turn|19\n|\n|t:|1700570281\n|move|p1a: Ting-Lu|Whirlwind|p2a: Ting-Lu\n|drag|p2a: Corviknight|Corviknight, M|84\/100\n|-damage|p2a: Corviknight|71\/100|[from] Stealth Rock\n|-ability|p2a: Corviknight|Pressure\n|\n|upkeep\n|turn|20\n|\n|t:|1700570289\n|switch|p1a: Gholdengo|Gholdengo|100\/100\n|-damage|p1a: Gholdengo|94\/100|[from] Stealth Rock\n|move|p2a: Corviknight|Body Press|p1a: Gholdengo\n|-immune|p1a: Gholdengo\n|\n|-heal|p1a: Gholdengo|100\/100|[from] item: Leftovers\n|upkeep\n|turn|21\n|\n|t:|1700570296\n|switch|p2a: Iron Moth|Iron Moth|76\/100 par\n|-damage|p2a: Iron Moth|51\/100 par|[from] Stealth Rock\n|move|p1a: Gholdengo|Thunder Wave|p2a: Iron Moth\n|-fail|p2a: Iron Moth|par\n|\n|upkeep\n|turn|22\n|\n|t:|1700570303\n|move|p2a: Iron Moth|Energy Ball|p1a: Gholdengo\n|-resisted|p1a: Gholdengo\n|-damage|p1a: Gholdengo|84\/100\n|move|p1a: Gholdengo|Hex|p2a: Iron Moth\n|-damage|p2a: Iron Moth|0 fnt\n|faint|p2a: Iron Moth\n|-end|p2a: Iron Moth|Quark Drive|[silent]\n|\n|-heal|p1a: Gholdengo|90\/100|[from] item: Leftovers\n|upkeep\n|\n|t:|1700570314\n|switch|p2a: Ting-Lu|Ting-Lu|57\/100\n|-damage|p2a: Ting-Lu|50\/100|[from] Stealth Rock\n|-ability|p2a: Ting-Lu|Vessel of Ruin\n|turn|23\n|\n|t:|1700570322\n|switch|p1a: Samurott|Samurott-Hisui, M|100\/100\n|-damage|p1a: Samurott|88\/100|[from] Stealth Rock\n|move|p2a: Ting-Lu|Earthquake|p1a: Samurott\n|-damage|p1a: Samurott|36\/100\n|\n|-heal|p2a: Ting-Lu|57\/100|[from] item: Leftovers\n|upkeep\n|turn|24\n|\n|t:|1700570329\n|move|p1a: Samurott|Aqua Cutter|p2a: Ting-Lu\n|-supereffective|p2a: Ting-Lu\n|-crit|p2a: Ting-Lu\n|-damage|p2a: Ting-Lu|0 fnt\n|faint|p2a: Ting-Lu\n|\n|upkeep\n|\n|t:|1700570332\n|switch|p2a: Ogerpon|Ogerpon-Wellspring, F|75\/100\n|-damage|p2a: Ogerpon|63\/100|[from] Stealth Rock\n|turn|25\n|\n|t:|1700570337\n|move|p1a: Samurott|Sucker Punch|p2a: Ogerpon\n|-damage|p2a: Ogerpon|21\/100\n|move|p2a: Ogerpon|Trailblaze|p1a: Samurott\n|-supereffective|p1a: Samurott\n|-damage|p1a: Samurott|0 fnt\n|-boost|p2a: Ogerpon|spe|1\n|faint|p1a: Samurott\n|\n|upkeep\n|\n|t:|1700570341\n|switch|p1a: Dragonite|Dragonite, M, shiny|89\/100\n|turn|26\n|\n|t:|1700570350\n|move|p1a: Dragonite|Extreme Speed|p2a: Ogerpon\n|-damage|p2a: Ogerpon|0 fnt\n|faint|p2a: Ogerpon\n|\n|upkeep\n|\n|t:|1700570354\n|switch|p2a: Rotom|Rotom-Wash|100\/100\n|-damage|p2a: Rotom|88\/100|[from] Stealth Rock\n|turn|27\n|\n|t:|1700570360\n|switch|p1a: Ting-Lu|Ting-Lu|100\/100\n|-damage|p1a: Ting-Lu|94\/100|[from] Stealth Rock\n|-ability|p1a: Ting-Lu|Vessel of Ruin\n|move|p2a: Rotom|Will-O-Wisp|p1a: Ting-Lu\n|-status|p1a: Ting-Lu|brn\n|\n|-heal|p2a: Rotom|94\/100|[from] item: Leftovers\n|-heal|p1a: Ting-Lu|100\/100 brn|[from] item: Leftovers\n|-damage|p1a: Ting-Lu|94\/100 brn|[from] brn\n|upkeep\n|turn|28\n|\n|t:|1700570374\n|switch|p2a: Cinderace|Cinderace, M|100\/100\n|move|p1a: Ting-Lu|Ruination|p2a: Cinderace\n|-damage|p2a: Cinderace|51\/100\n|\n|-heal|p1a: Ting-Lu|100\/100 brn|[from] item: Leftovers\n|-damage|p1a: Ting-Lu|94\/100 brn|[from] brn\n|upkeep\n|turn|29\n|\n|t:|1700570380\n|move|p2a: Cinderace|U-turn|p1a: Ting-Lu\n|-start|p2a: Cinderace|typechange|Bug|[from] ability: Libero\n|-supereffective|p1a: Ting-Lu\n|-damage|p1a: Ting-Lu|55\/100 brn\n|\n|t:|1700570384\n|switch|p2a: Corviknight|Corviknight, M|71\/100|[from] U-turn\n|-damage|p2a: Corviknight|59\/100|[from] Stealth Rock\n|-ability|p2a: Corviknight|Pressure\n|move|p1a: Ting-Lu|Earthquake|p2a: Corviknight\n|-immune|p2a: Corviknight\n|\n|-heal|p1a: Ting-Lu|61\/100 brn|[from] item: Leftovers\n|-damage|p1a: Ting-Lu|55\/100 brn|[from] brn\n|upkeep\n|turn|30\n|\n|t:|1700570392\n|switch|p1a: Gholdengo|Gholdengo|90\/100\n|-damage|p1a: Gholdengo|84\/100|[from] Stealth Rock\n|move|p2a: Corviknight|Brave Bird|p1a: Gholdengo\n|-resisted|p1a: Gholdengo\n|-damage|p1a: Gholdengo|71\/100\n|-damage|p2a: Corviknight|55\/100|[from] Recoil\n|\n|-heal|p1a: Gholdengo|77\/100|[from] item: Leftovers\n|upkeep\n|turn|31\n|\n|t:|1700570400\n|move|p1a: Gholdengo|Recover|p1a: Gholdengo\n|-heal|p1a: Gholdengo|100\/100\n|move|p2a: Corviknight|Roost|p2a: Corviknight\n|-heal|p2a: Corviknight|100\/100\n|-singleturn|p2a: Corviknight|move: Roost\n|\n|upkeep\n|turn|32\n|\n|t:|1700570406\n|switch|p2a: Rotom|Rotom-Wash|94\/100\n|-damage|p2a: Rotom|82\/100|[from] Stealth Rock\n|move|p1a: Gholdengo|Thunder Wave|p2a: Rotom\n|-immune|p2a: Rotom\n|\n|-heal|p2a: Rotom|88\/100|[from] item: Leftovers\n|upkeep\n|turn|33\n|\n|t:|1700570410\n|move|p2a: Rotom|Hydro Pump|p1a: Gholdengo\n|-damage|p1a: Gholdengo|62\/100\n|move|p1a: Gholdengo|Hex|p2a: Rotom\n|-damage|p2a: Rotom|68\/100\n|\n|-heal|p2a: Rotom|74\/100|[from] item: Leftovers\n|-heal|p1a: Gholdengo|68\/100|[from] item: Leftovers\n|upkeep\n|turn|34\n|\n|t:|1700570416\n|move|p2a: Rotom|Thunderbolt|p1a: Gholdengo\n|-damage|p1a: Gholdengo|39\/100\n|move|p1a: Gholdengo|Recover|p1a: Gholdengo\n|-heal|p1a: Gholdengo|89\/100\n|\n|-heal|p2a: Rotom|80\/100|[from] item: Leftovers\n|-heal|p1a: Gholdengo|95\/100|[from] item: Leftovers\n|upkeep\n|turn|35\n|\n|t:|1700570432\n|move|p2a: Rotom|Hydro Pump|p1a: Gholdengo\n|-damage|p1a: Gholdengo|56\/100\n|move|p1a: Gholdengo|Hex|p2a: Rotom\n|-damage|p2a: Rotom|57\/100\n|\n|-heal|p2a: Rotom|63\/100|[from] item: Leftovers\n|-heal|p1a: Gholdengo|62\/100|[from] item: Leftovers\n|upkeep\n|turn|36\n|\n|t:|1700570439\n|move|p2a: Rotom|Thunderbolt|p1a: Gholdengo\n|-damage|p1a: Gholdengo|32\/100\n|move|p1a: Gholdengo|Recover|p1a: Gholdengo\n|-heal|p1a: Gholdengo|82\/100\n|\n|-heal|p2a: Rotom|69\/100|[from] item: Leftovers\n|-heal|p1a: Gholdengo|88\/100|[from] item: Leftovers\n|upkeep\n|turn|37\n|\n|t:|1700570447\n|move|p2a: Rotom|Thunderbolt|p1a: Gholdengo\n|-damage|p1a: Gholdengo|56\/100\n|move|p1a: Gholdengo|Hex|p2a: Rotom\n|-damage|p2a: Rotom|46\/100\n|\n|-heal|p2a: Rotom|52\/100|[from] item: Leftovers\n|-heal|p1a: Gholdengo|62\/100|[from] item: Leftovers\n|upkeep\n|turn|38\n|\n|t:|1700570452\n|move|p2a: Rotom|Thunderbolt|p1a: Gholdengo\n|-crit|p1a: Gholdengo\n|-damage|p1a: Gholdengo|16\/100\n|move|p1a: Gholdengo|Recover|p1a: Gholdengo\n|-heal|p1a: Gholdengo|66\/100\n|\n|-heal|p2a: Rotom|58\/100|[from] item: Leftovers\n|-heal|p1a: Gholdengo|72\/100|[from] item: Leftovers\n|upkeep\n|turn|39\n|\n|t:|1700570459\n|move|p2a: Rotom|Thunderbolt|p1a: Gholdengo\n|-damage|p1a: Gholdengo|43\/100\n|move|p1a: Gholdengo|Hex|p2a: Rotom\n|-crit|p2a: Rotom\n|-damage|p2a: Rotom|27\/100\n|\n|-heal|p2a: Rotom|34\/100|[from] item: Leftovers\n|-heal|p1a: Gholdengo|49\/100|[from] item: Leftovers\n|upkeep\n|turn|40\n|\n|t:|1700570465\n|move|p2a: Rotom|Hydro Pump|p1a: Gholdengo\n|-damage|p1a: Gholdengo|7\/100\n|move|p1a: Gholdengo|Recover|p1a: Gholdengo\n|-heal|p1a: Gholdengo|57\/100\n|\n|-heal|p2a: Rotom|40\/100|[from] item: Leftovers\n|-heal|p1a: Gholdengo|63\/100|[from] item: Leftovers\n|upkeep\n|turn|41\n|\n|t:|1700570473\n|move|p2a: Rotom|Thunderbolt|p1a: Gholdengo\n|-damage|p1a: Gholdengo|29\/100\n|-status|p1a: Gholdengo|par\n|move|p1a: Gholdengo|Recover|p1a: Gholdengo\n|-heal|p1a: Gholdengo|79\/100 par\n|\n|-heal|p2a: Rotom|46\/100|[from] item: Leftovers\n|-heal|p1a: Gholdengo|85\/100 par|[from] item: Leftovers\n|upkeep\n|turn|42\n|\n|t:|1700570481\n|switch|p2a: Cinderace|Cinderace, M|51\/100\n|move|p1a: Gholdengo|Hex|p2a: Cinderace\n|-damage|p2a: Cinderace|7\/100\n|\n|-heal|p1a: Gholdengo|92\/100 par|[from] item: Leftovers\n|upkeep\n|turn|43\n|\n|t:|1700570488\n|switch|p1a: Dragonite|Dragonite, M, shiny|89\/100\n|move|p2a: Cinderace|Pyro Ball|p1a: Dragonite\n|-resisted|p1a: Dragonite\n|-damage|p1a: Dragonite|57\/100\n|-status|p1a: Dragonite|brn\n|\n|-damage|p1a: Dragonite|51\/100 brn|[from] brn\n|upkeep\n|turn|44\n|\n|t:|1700570493\n|switch|p2a: Corviknight|Corviknight, M|100\/100\n|-damage|p2a: Corviknight|88\/100|[from] Stealth Rock\n|-ability|p2a: Corviknight|Pressure\n|move|p1a: Dragonite|Extreme Speed|p2a: Corviknight\n|-resisted|p2a: Corviknight\n|-damage|p2a: Corviknight|83\/100\n|-damage|p1a: Dragonite|35\/100 brn|[from] item: Rocky Helmet|[of] p2a: Corviknight\n|\n|-damage|p1a: Dragonite|29\/100 brn|[from] brn\n|upkeep\n|turn|45\n|\n|t:|1700570502\n|switch|p1a: Gholdengo|Gholdengo|92\/100 par\n|-damage|p1a: Gholdengo|85\/100 par|[from] Stealth Rock\n|move|p2a: Corviknight|Brave Bird|p1a: Gholdengo\n|-resisted|p1a: Gholdengo\n|-damage|p1a: Gholdengo|74\/100 par\n|-damage|p2a: Corviknight|80\/100|[from] Recoil\n|\n|-heal|p1a: Gholdengo|80\/100 par|[from] item: Leftovers\n|upkeep\n|turn|46\n|\n|t:|1700570509\n|switch|p2a: Rotom|Rotom-Wash|46\/100\n|-damage|p2a: Rotom|34\/100|[from] Stealth Rock\n|move|p1a: Gholdengo|Hex|p2a: Rotom\n|-damage|p2a: Rotom|11\/100\n|\n|-heal|p2a: Rotom|17\/100|[from] item: Leftovers\n|-heal|p1a: Gholdengo|86\/100 par|[from] item: Leftovers\n|upkeep\n|turn|47\n|\n|t:|1700570515\n|move|p2a: Rotom|Protect|p2a: Rotom\n|-singleturn|p2a: Rotom|Protect\n|move|p1a: Gholdengo|Hex|p2a: Rotom\n|-activate|p2a: Rotom|move: Protect\n|\n|-heal|p2a: Rotom|23\/100|[from] item: Leftovers\n|-heal|p1a: Gholdengo|92\/100 par|[from] item: Leftovers\n|upkeep\n|turn|48\n|\n|t:|1700570517\n|move|p2a: Rotom|Thunderbolt|p1a: Gholdengo\n|-damage|p1a: Gholdengo|60\/100 par\n|move|p1a: Gholdengo|Hex|p2a: Rotom\n|-damage|p2a: Rotom|1\/100\n|\n|-heal|p2a: Rotom|7\/100|[from] item: Leftovers\n|-heal|p1a: Gholdengo|66\/100 par|[from] item: Leftovers\n|upkeep\n|turn|49\n|\n|t:|1700570522\n|move|p2a: Rotom|Hydro Pump|p1a: Gholdengo\n|-damage|p1a: Gholdengo|25\/100 par\n|move|p1a: Gholdengo|Recover|p1a: Gholdengo\n|-heal|p1a: Gholdengo|75\/100 par\n|\n|-heal|p2a: Rotom|14\/100|[from] item: Leftovers\n|-heal|p1a: Gholdengo|81\/100 par|[from] item: Leftovers\n|upkeep\n|turn|50\n|\n|t:|1700570528\n|move|p2a: Rotom|Hydro Pump|p1a: Gholdengo\n|-crit|p1a: Gholdengo\n|-damage|p1a: Gholdengo|22\/100 par\n|move|p1a: Gholdengo|Hex|p2a: Rotom\n|-damage|p2a: Rotom|0 fnt\n|faint|p2a: Rotom\n|\n|-heal|p1a: Gholdengo|29\/100 par|[from] item: Leftovers\n|upkeep\n|\n|t:|1700570537\n|switch|p2a: Cinderace|Cinderace, M|7\/100\n|turn|51\n|\n|t:|1700570541\n|switch|p1a: Dragonite|Dragonite, M, shiny|29\/100 brn\n|move|p2a: Cinderace|Pyro Ball|p1a: Dragonite|[miss]\n|-miss|p2a: Cinderace|p1a: Dragonite\n|\n|-damage|p1a: Dragonite|22\/100 brn|[from] brn\n|upkeep\n|turn|52\n|\n|t:|1700570545\n|switch|p2a: Corviknight|Corviknight, M|80\/100\n|-damage|p2a: Corviknight|67\/100|[from] Stealth Rock\n|-ability|p2a: Corviknight|Pressure\n|move|p1a: Dragonite|Extreme Speed|p2a: Corviknight\n|-resisted|p2a: Corviknight\n|-damage|p2a: Corviknight|63\/100\n|-damage|p1a: Dragonite|6\/100 brn|[from] item: Rocky Helmet|[of] p2a: Corviknight\n|\n|-damage|p1a: Dragonite|0 fnt|[from] brn\n|faint|p1a: Dragonite\n|upkeep\n|\n|t:|1700570551\n|switch|p1a: Gholdengo|Gholdengo|29\/100 par\n|-damage|p1a: Gholdengo|22\/100 par|[from] Stealth Rock\n|turn|53\n|\n|t:|1700570554\n|move|p2a: Corviknight|Brave Bird|p1a: Gholdengo\n|-resisted|p1a: Gholdengo\n|-damage|p1a: Gholdengo|11\/100 par\n|-damage|p2a: Corviknight|59\/100|[from] Recoil\n|move|p1a: Gholdengo|Recover|p1a: Gholdengo\n|-heal|p1a: Gholdengo|61\/100 par\n|\n|-heal|p1a: Gholdengo|67\/100 par|[from] item: Leftovers\n|upkeep\n|turn|54\n|\n|t:|1700570561\n|move|p2a: Corviknight|Brave Bird|p1a: Gholdengo\n|-resisted|p1a: Gholdengo\n|-crit|p1a: Gholdengo\n|-damage|p1a: Gholdengo|48\/100 par\n|-damage|p2a: Corviknight|53\/100|[from] Recoil\n|move|p1a: Gholdengo|Thunder Wave|p2a: Corviknight\n|-status|p2a: Corviknight|par\n|\n|-heal|p1a: Gholdengo|54\/100 par|[from] item: Leftovers\n|upkeep\n|turn|55\n|\n|t:|1700570568\n|move|p1a: Gholdengo|Hex|p2a: Corviknight\n|-damage|p2a: Corviknight|0 fnt\n|faint|p2a: Corviknight\n|\n|-heal|p1a: Gholdengo|60\/100 par|[from] item: Leftovers\n|upkeep\n|\n|t:|1700570571\n|switch|p2a: Cinderace|Cinderace, M|7\/100\n|turn|56\n|\n|t:|1700570580\n|move|p2a: Cinderace|Pyro Ball|p1a: Gholdengo\n|-supereffective|p1a: Gholdengo\n|-damage|p1a: Gholdengo|0 fnt\n|faint|p1a: Gholdengo\n|\n|upkeep\n|\n|t:|1700570583\n|switch|p1a: Ting-Lu|Ting-Lu|55\/100 brn\n|-damage|p1a: Ting-Lu|48\/100 brn|[from] Stealth Rock\n|-ability|p1a: Ting-Lu|Vessel of Ruin\n|turn|57\n|inactive|Ebokthegod has 120 seconds left.\n|inactive|Ebokthegod has 90 seconds left.\n|\n|t:|1700570649\n|-terastallize|p2a: Cinderace|Fire\n|move|p2a: Cinderace|Pyro Ball|p1a: Ting-Lu|[miss]\n|-miss|p2a: Cinderace|p1a: Ting-Lu\n|move|p1a: Ting-Lu|Earthquake|p2a: Cinderace\n|-supereffective|p2a: Cinderace\n|-damage|p2a: Cinderace|0 fnt\n|faint|p2a: Cinderace\n|\n|win|TestAccount619\n|raw|TestAccount619's rating: 1226 &rarr; <strong>1258<\/strong><br \/>(+32 for winning)\n|raw|Ebokthegod's rating: 1327 &rarr; <strong>1301<\/strong><br \/>(-26 for losing)\n|c|\u2606Ebokthegod|Sadness\n|l|\u2606Ebokthegod\n","uploadtime":1700570672,"views":3,"p1id":"testaccount619","p2id":"ebokthegod","formatid":"gen9ou","rating":1258,"private":0,"password":""}