{"id":"gen9ou-1998376454","p1":"Sir GrandMaster","p2":"PathOfGlory","format":"[Gen 9] OU","log":"|j|\u2606Sir GrandMaster\n|j|\u2606PathOfGlory\n|inactive|Battle timer is ON: inactive players will automatically lose when time's up.\n|t:|1700935441\n|gametype|singles\n|player|p1|Sir GrandMaster|ghetsis|\n|player|p2|PathOfGlory|gambler|\n|teamsize|p1|6\n|teamsize|p2|6\n|gen|9\n|tier|[Gen 9] OU\n|rated|Tournament battle\n|rule|Sleep Clause Mod: Limit one foe put to sleep\n|rule|Species Clause: Limit one of each Pok\u00e9mon\n|rule|OHKO Clause: OHKO moves are banned\n|rule|Evasion Items Clause: Evasion items are banned\n|rule|Evasion Moves Clause: Evasion moves are banned\n|rule|Endless Battle Clause: Forcing endless battles is banned\n|rule|HP Percentage Mod: HP is shown in percentages\n|clearpoke\n|poke|p1|Slowking-Galar, F|\n|poke|p1|Gholdengo|\n|poke|p1|Hatterene, F|\n|poke|p1|Breloom, M|\n|poke|p1|Dragonite, F|\n|poke|p1|Iron Hands|\n|poke|p2|Grimmsnarl, M|\n|poke|p2|Ursaluna, M|\n|poke|p2|Slowbro-Galar, M|\n|poke|p2|Iron Hands|\n|poke|p2|Kingambit, M|\n|poke|p2|Enamorus-Therian, F|\n|teampreview\n|j|*Lady Monita \u2746\n|inactive|Sir GrandMaster has 120 seconds left.\n|\n|t:|1700935476\n|start\n|switch|p1a: Slowking|Slowking-Galar, F|100\/100\n|switch|p2a: Grimmsnarl|Grimmsnarl, M|100\/100\n|turn|1\n|inactive|PathOfGlory has 120 seconds left.\n|\n|t:|1700935522\n|move|p2a: Grimmsnarl|Taunt|p1a: Slowking\n|-start|p1a: Slowking|move: Taunt\n|cant|p1a: Slowking|move: Taunt|Chilly Reception\n|\n|upkeep\n|turn|2\n|-activate|p2a: Grimmsnarl|item: Quick Claw\n|\n|t:|1700935529\n|switch|p1a: Gholdengo|Gholdengo|100\/100\n|move|p2a: Grimmsnarl|Reflect|p2a: Grimmsnarl\n|-sidestart|p2: PathOfGlory|Reflect\n|\n|upkeep\n|turn|3\n|inactive|PathOfGlory has 120 seconds left.\n|j|^RUMYMOME\n|\n|t:|1700935542\n|move|p2a: Grimmsnarl|Light Screen|p2a: Grimmsnarl\n|-sidestart|p2: PathOfGlory|move: Light Screen\n|move|p1a: Gholdengo|Nasty Plot|p1a: Gholdengo\n|-boost|p1a: Gholdengo|spa|2\n|\n|upkeep\n|turn|4\n|inactive|PathOfGlory has 120 seconds left.\n|-activate|p1a: Gholdengo|item: Quick Claw\n|\n|t:|1700935557\n|switch|p2a: Iron Hands|Iron Hands|100\/100\n|move|p1a: Gholdengo|Make It Rain|p2a: Iron Hands\n|-resisted|p2a: Iron Hands\n|-damage|p2a: Iron Hands|66\/100\n|-unboost|p1a: Gholdengo|spa|1\n|\n|upkeep\n|turn|5\n|\n|t:|1700935569\n|switch|p1a: Dragonite|Dragonite, F|100\/100\n|move|p2a: Iron Hands|Swords Dance|p2a: Iron Hands\n|-boost|p2a: Iron Hands|atk|2\n|\n|upkeep\n|turn|6\n|-activate|p2a: Iron Hands|item: Quick Claw\n|\n|t:|1700935582\n|move|p2a: Iron Hands|Ice Punch|p1a: Dragonite\n|-supereffective|p1a: Dragonite\n|-damage|p1a: Dragonite|0 fnt\n|faint|p1a: Dragonite\n|\n|-sideend|p2: PathOfGlory|Reflect\n|upkeep\n|\n|t:|1700935591\n|switch|p1a: Breloom|Breloom, M|100\/100\n|turn|7\n|inactive|PathOfGlory has 120 seconds left.\n|inactive|PathOfGlory has 90 seconds left.\n|\n|t:|1700935644\n|move|p1a: Breloom|Spore|p2a: Iron Hands\n|-status|p2a: Iron Hands|slp|[from] move: Spore\n|cant|p2a: Iron Hands|slp\n|\n|-sideend|p2: PathOfGlory|move: Light Screen\n|upkeep\n|turn|8\n|-activate|p1a: Breloom|item: Quick Claw\n|\n|t:|1700935648\n|move|p1a: Breloom|Swords Dance|p1a: Breloom\n|-boost|p1a: Breloom|atk|2\n|cant|p2a: Iron Hands|slp\n|\n|upkeep\n|turn|9\n|\n|t:|1700935653\n|-end|p2a: Iron Hands|Quark Drive|[silent]\n|switch|p2a: Enamorus|Enamorus-Therian, F|100\/100\n|move|p1a: Breloom|Bullet Seed|p2a: Enamorus\n|-resisted|p2a: Enamorus\n|-damage|p2a: Enamorus|83\/100\n|-resisted|p2a: Enamorus\n|-damage|p2a: Enamorus|64\/100\n|-resisted|p2a: Enamorus\n|-damage|p2a: Enamorus|45\/100\n|-hitcount|p2a: Enamorus|3\n|\n|upkeep\n|turn|10\n|\n|t:|1700935662\n|move|p1a: Breloom|Bullet Seed|p2a: Enamorus\n|-resisted|p2a: Enamorus\n|-damage|p2a: Enamorus|25\/100\n|-resisted|p2a: Enamorus\n|-damage|p2a: Enamorus|7\/100\n|-hitcount|p2a: Enamorus|2\n|move|p2a: Enamorus|Moonblast|p1a: Breloom\n|-supereffective|p1a: Breloom\n|-damage|p1a: Breloom|0 fnt\n|faint|p1a: Breloom\n|\n|upkeep\n|\n|t:|1700935673\n|switch|p1a: Gholdengo|Gholdengo|100\/100\n|turn|11\n|-activate|p1a: Gholdengo|item: Quick Claw\n|\n|t:|1700935676\n|move|p1a: Gholdengo|Shadow Ball|p2a: Enamorus\n|-damage|p2a: Enamorus|0 fnt\n|faint|p2a: Enamorus\n|\n|upkeep\n|inactive|PathOfGlory has 120 seconds left.\n|\n|t:|1700935687\n|switch|p2a: Ursaluna|Ursaluna, M|100\/100\n|turn|12\n|inactive|PathOfGlory has 120 seconds left.\n|\n|t:|1700935696\n|move|p1a: Gholdengo|Nasty Plot|p1a: Gholdengo\n|-boost|p1a: Gholdengo|spa|2\n|move|p2a: Ursaluna|Headlong Rush|p1a: Gholdengo\n|-supereffective|p1a: Gholdengo\n|-damage|p1a: Gholdengo|0 fnt\n|-unboost|p2a: Ursaluna|def|1\n|-unboost|p2a: Ursaluna|spd|1\n|faint|p1a: Gholdengo\n|\n|upkeep\n|\n|t:|1700935701\n|switch|p1a: Hatterene|Hatterene, F|100\/100\n|turn|13\n|\n|t:|1700935713\n|switch|p2a: Kingambit|Kingambit, M|100\/100\n|-activate|p2a: Kingambit|ability: Supreme Overlord\n|-start|p2a: Kingambit|fallen1|[silent]\n|move|p1a: Hatterene|Mystical Fire|p2a: Kingambit\n|-supereffective|p2a: Kingambit\n|-damage|p2a: Kingambit|40\/100\n|-unboost|p2a: Kingambit|spa|1\n|\n|upkeep\n|turn|14\n|\n|t:|1700935721\n|move|p2a: Kingambit|Iron Head|p1a: Hatterene\n|-supereffective|p1a: Hatterene\n|-damage|p1a: Hatterene|0 fnt\n|faint|p1a: Hatterene\n|\n|upkeep\n|\n|t:|1700935726\n|switch|p1a: Iron Hands|Iron Hands|100\/100\n|turn|15\n|-activate|p1a: Iron Hands|item: Quick Claw\n|\n|t:|1700935744\n|move|p1a: Iron Hands|Earthquake|p2a: Kingambit\n|-supereffective|p2a: Kingambit\n|-damage|p2a: Kingambit|0 fnt\n|faint|p2a: Kingambit\n|-end|p2a: Kingambit|fallen1|[silent]\n|\n|upkeep\n|\n|t:|1700935748\n|switch|p2a: Grimmsnarl|Grimmsnarl, M|100\/100\n|turn|16\n|\n|t:|1700935751\n|-end|p1a: Iron Hands|Quark Drive|[silent]\n|switch|p1a: Slowking|Slowking-Galar, F|100\/100\n|move|p2a: Grimmsnarl|Reflect|p2a: Grimmsnarl\n|-sidestart|p2: PathOfGlory|Reflect\n|\n|upkeep\n|turn|17\n|\n|t:|1700935757\n|move|p2a: Grimmsnarl|Taunt|p1a: Slowking\n|-start|p1a: Slowking|move: Taunt\n|move|p1a: Slowking|Chilling Water|p2a: Grimmsnarl\n|-damage|p2a: Grimmsnarl|87\/100\n|-unboost|p2a: Grimmsnarl|atk|1\n|\n|upkeep\n|turn|18\n|-activate|p2a: Grimmsnarl|item: Quick Claw\n|\n|t:|1700935760\n|move|p2a: Grimmsnarl|Light Screen|p2a: Grimmsnarl\n|-sidestart|p2: PathOfGlory|move: Light Screen\n|move|p1a: Slowking|Chilling Water|p2a: Grimmsnarl\n|-damage|p2a: Grimmsnarl|81\/100\n|-unboost|p2a: Grimmsnarl|atk|1\n|\n|upkeep\n|turn|19\n|\n|t:|1700935768\n|switch|p2a: Slowbro|Slowbro-Galar, M|100\/100\n|move|p1a: Slowking|Chilling Water|p2a: Slowbro\n|-damage|p2a: Slowbro|93\/100\n|-unboost|p2a: Slowbro|atk|1\n|\n|-end|p1a: Slowking|move: Taunt\n|upkeep\n|turn|20\n|\n|t:|1700935773\n|move|p2a: Slowbro|Nasty Plot|p2a: Slowbro\n|-boost|p2a: Slowbro|spa|2\n|move|p1a: Slowking|Chilly Reception|p1a: Slowking\n|-weather|Snow\n|\n|t:|1700935778\n|switch|p1a: Iron Hands|Iron Hands|100\/100|[from] Chilly Reception\n|\n|-weather|Snow|[upkeep]\n|-sideend|p2: PathOfGlory|Reflect\n|upkeep\n|turn|21\n|\n|t:|1700935786\n|-terastallize|p2a: Slowbro|Water\n|move|p2a: Slowbro|Psyshock|p1a: Iron Hands\n|-supereffective|p1a: Iron Hands\n|-crit|p1a: Iron Hands\n|-damage|p1a: Iron Hands|0 fnt\n|faint|p1a: Iron Hands\n|-end|p1a: Iron Hands|Quark Drive|[silent]\n|\n|-weather|Snow|[upkeep]\n|upkeep\n|\n|t:|1700935789\n|switch|p1a: Slowking|Slowking-Galar, F|100\/100\n|turn|22\n|c|\u2606Sir GrandMaster|gg\n|\n|t:|1700935793\n|move|p2a: Slowbro|Psyshock|p1a: Slowking\n|-damage|p1a: Slowking|20\/100\n|move|p1a: Slowking|Chilling Water|p2a: Slowbro\n|-resisted|p2a: Slowbro\n|-damage|p2a: Slowbro|89\/100\n|-unboost|p2a: Slowbro|atk|1\n|\n|-weather|Snow|[upkeep]\n|-sideend|p2: PathOfGlory|move: Light Screen\n|upkeep\n|turn|23\n|-message|Sir GrandMaster forfeited.\n|\n|win|PathOfGlory\n|n|\u2606Sir GrandMaster|sirgrandmaster\n|n|\u2606PathOfGlory|pathofglory\n|n|*Lady Monita \u2746|ladymonita\n|n| RUMYMOME|rumymome\n","uploadtime":1700935796,"views":1,"p1id":"sirgrandmaster","p2id":"pathofglory","formatid":"gen9ou","rating":0,"private":0,"password":""}