{"id":"gen9ou-1997720408","p1":"PLAYB0I R0BBIE B","p2":"Bonnie Valentine","format":"[Gen 9] OU","log":"|j|\u2606PLAYB0I R0BBIE B\n|j|\u2606Bonnie Valentine\n|t:|1700845490\n|gametype|singles\n|player|p1|PLAYB0I R0BBIE B|eusine|1290\n|player|p2|Bonnie Valentine|mars|1234\n|teamsize|p1|6\n|teamsize|p2|6\n|gen|9\n|tier|[Gen 9] OU\n|rated|\n|rule|Sleep Clause Mod: Limit one foe put to sleep\n|rule|Species Clause: Limit one of each Pok\u00e9mon\n|rule|OHKO Clause: OHKO moves are banned\n|rule|Evasion Items Clause: Evasion items are banned\n|rule|Evasion Moves Clause: Evasion moves are banned\n|rule|Endless Battle Clause: Forcing endless battles is banned\n|rule|HP Percentage Mod: HP is shown in percentages\n|clearpoke\n|poke|p1|Meowscarada, F|\n|poke|p1|Heatran, F|\n|poke|p1|Thundurus-Therian, M|\n|poke|p1|Dragapult, F|\n|poke|p1|Great Tusk|\n|poke|p1|Azumarill, F|\n|poke|p2|Ninetales-Alola, F|\n|poke|p2|Zapdos|\n|poke|p2|Glaceon, F|\n|poke|p2|Meowscarada, F|\n|poke|p2|Sandslash-Alola, F|\n|poke|p2|Dragapult, M|\n|teampreview\n|\n|t:|1700845495\n|start\n|switch|p1a: 5% TINT|Heatran, F|100\/100\n|switch|p2a: Meowscarada|Meowscarada, F, shiny|100\/100\n|-item|p1a: 5% TINT|Air Balloon\n|turn|1\n|\n|t:|1700845503\n|move|p2a: Meowscarada|Toxic Spikes|p1a: 5% TINT\n|-start|p2a: Meowscarada|typechange|Poison|[from] ability: Protean\n|-sidestart|p1: PLAYB0I R0BBIE B|move: Toxic Spikes\n|move|p1a: 5% TINT|Magma Storm|p2a: Meowscarada\n|-damage|p2a: Meowscarada|22\/100\n|-activate|p2a: Meowscarada|move: Magma Storm|[of] p1a: 5% TINT\n|\n|-heal|p2a: Meowscarada|28\/100|[from] item: Black Sludge\n|-damage|p2a: Meowscarada|16\/100|[from] move: Magma Storm|[partiallytrapped]\n|upkeep\n|turn|2\n|\n|t:|1700845513\n|move|p2a: Meowscarada|Toxic Spikes|p1a: 5% TINT\n|-sidestart|p1: PLAYB0I R0BBIE B|move: Toxic Spikes\n|move|p1a: 5% TINT|Earth Power|p2a: Meowscarada\n|-supereffective|p2a: Meowscarada\n|-damage|p2a: Meowscarada|0 fnt\n|faint|p2a: Meowscarada\n|\n|upkeep\n|\n|t:|1700845524\n|switch|p2a: Zapdos|Zapdos|100\/100\n|turn|3\n|inactive|Battle timer is ON: inactive players will automatically lose when time's up. (requested by Bonnie Valentine)\n|\n|t:|1700845580\n|move|p2a: Zapdos|Volt Switch|p1a: 5% TINT\n|-damage|p1a: 5% TINT|68\/100\n|-enditem|p1a: 5% TINT|Air Balloon\n|\n|t:|1700845584\n|switch|p2a: Dragapult|Dragapult, M|100\/100|[from] Volt Switch\n|move|p1a: 5% TINT|Magma Storm|p2a: Dragapult\n|-resisted|p2a: Dragapult\n|-damage|p2a: Dragapult|64\/100\n|-activate|p2a: Dragapult|move: Magma Storm|[of] p1a: 5% TINT\n|\n|-damage|p2a: Dragapult|51\/100|[from] move: Magma Storm|[partiallytrapped]\n|upkeep\n|turn|4\n|\n|t:|1700845591\n|move|p2a: Dragapult|Phantom Force||[still]\n|-prepare|p2a: Dragapult|Phantom Force\n|move|p1a: 5% TINT|Earth Power|p2a: Dragapult|[miss]\n|-miss|p1a: 5% TINT|p2a: Dragapult\n|\n|-damage|p2a: Dragapult|39\/100|[from] move: Magma Storm|[partiallytrapped]\n|upkeep\n|turn|5\n|\n|t:|1700845601\n|switch|p1a: ASTROTHUNDER|Thundurus-Therian, M|100\/100\n|move|p2a: Dragapult|Phantom Force|p1a: ASTROTHUNDER|[from]lockedmove\n|-damage|p1a: ASTROTHUNDER|20\/100\n|-damage|p2a: Dragapult|29\/100|[from] item: Life Orb\n|\n|-end|p2a: Dragapult|Magma Storm|[partiallytrapped]|[silent]\n|upkeep\n|turn|6\n|\n|t:|1700845611\n|move|p2a: Dragapult|Dragon Darts|p1a: ASTROTHUNDER\n|-damage|p1a: ASTROTHUNDER|0 fnt\n|faint|p1a: ASTROTHUNDER\n|-damage|p2a: Dragapult|19\/100|[from] item: Life Orb\n|\n|upkeep\n|\n|t:|1700845622\n|switch|p1a: NO BYSTANDERS|Dragapult, F|100\/100\n|turn|7\n|\n|t:|1700845628\n|move|p1a: NO BYSTANDERS|Hex|p2a: Dragapult\n|-supereffective|p2a: Dragapult\n|-damage|p2a: Dragapult|0 fnt\n|faint|p2a: Dragapult\n|\n|upkeep\n|\n|t:|1700845632\n|switch|p2a: Ninetales|Ninetales-Alola, F, shiny|100\/100\n|-weather|Snow|[from] ability: Snow Warning|[of] p2a: Ninetales\n|turn|8\n|\n|t:|1700845637\n|move|p1a: NO BYSTANDERS|Thunder Wave|p2a: Ninetales\n|-status|p2a: Ninetales|par\n|cant|p2a: Ninetales|par\n|\n|-weather|Snow|[upkeep]\n|upkeep\n|turn|9\n|\n|t:|1700845641\n|move|p1a: NO BYSTANDERS|U-turn|p2a: Ninetales\n|-resisted|p2a: Ninetales\n|-damage|p2a: Ninetales|93\/100 par\n|\n|t:|1700845643\n|switch|p1a: YOSEMITE|Great Tusk|100\/100|[from] U-turn\n|move|p2a: Ninetales|Aurora Veil|p2a: Ninetales\n|-sidestart|p2: Bonnie Valentine|move: Aurora Veil\n|\n|-weather|Snow|[upkeep]\n|upkeep\n|turn|10\n|\n|t:|1700845650\n|switch|p2a: Zapdos|Zapdos|100\/100\n|move|p1a: YOSEMITE|Rapid Spin|p2a: Zapdos\n|-damage|p2a: Zapdos|90\/100\n|-boost|p1a: YOSEMITE|spe|1\n|-sideend|p1: PLAYB0I R0BBIE B|Toxic Spikes|[from] move: Rapid Spin|[of] p1a: YOSEMITE\n|\n|-weather|Snow|[upkeep]\n|upkeep\n|turn|11\n|\n|t:|1700845671\n|-terastallize|p2a: Zapdos|Ice\n|move|p1a: YOSEMITE|Stealth Rock|p2a: Zapdos\n|-sidestart|p2: Bonnie Valentine|move: Stealth Rock\n|move|p2a: Zapdos|Weather Ball|p1a: YOSEMITE\n|-supereffective|p1a: YOSEMITE\n|-damage|p1a: YOSEMITE|0 fnt\n|faint|p1a: YOSEMITE\n|-end|p1a: YOSEMITE|Protosynthesis|[silent]\n|\n|-weather|Snow|[upkeep]\n|upkeep\n|\n|t:|1700845678\n|switch|p1a: 5% TINT|Heatran, F|68\/100\n|turn|12\n|\n|t:|1700845681\n|move|p2a: Zapdos|Weather Ball|p1a: 5% TINT\n|-resisted|p1a: 5% TINT\n|-damage|p1a: 5% TINT|57\/100\n|move|p1a: 5% TINT|Magma Storm|p2a: Zapdos|[miss]\n|-miss|p1a: 5% TINT|p2a: Zapdos\n|\n|-weather|Snow|[upkeep]\n|upkeep\n|turn|13\n|\n|t:|1700845688\n|move|p2a: Zapdos|Weather Ball|p1a: 5% TINT\n|-resisted|p1a: 5% TINT\n|-damage|p1a: 5% TINT|46\/100\n|move|p1a: 5% TINT|Magma Storm|p2a: Zapdos\n|-supereffective|p2a: Zapdos\n|-damage|p2a: Zapdos|23\/100\n|-activate|p2a: Zapdos|move: Magma Storm|[of] p1a: 5% TINT\n|\n|-weather|Snow|[upkeep]\n|-damage|p2a: Zapdos|10\/100|[from] move: Magma Storm|[partiallytrapped]\n|-sideend|p2: Bonnie Valentine|move: Aurora Veil\n|upkeep\n|turn|14\n|\n|t:|1700845695\n|move|p2a: Zapdos|Weather Ball|p1a: 5% TINT\n|-resisted|p1a: 5% TINT\n|-damage|p1a: 5% TINT|34\/100\n|move|p1a: 5% TINT|Earth Power|p2a: Zapdos\n|-damage|p2a: Zapdos|0 fnt\n|faint|p2a: Zapdos\n|\n|-weather|Snow|[upkeep]\n|upkeep\n|\n|t:|1700845699\n|switch|p2a: Sandslash|Sandslash-Alola, F, shiny|100\/100\n|-damage|p2a: Sandslash|88\/100|[from] Stealth Rock\n|turn|15\n|\n|t:|1700845716\n|switch|p1a: CAN'T SAY|Azumarill, F|100\/100\n|move|p2a: Sandslash|Earthquake|p1a: CAN'T SAY\n|-damage|p1a: CAN'T SAY|70\/100\n|\n|-weather|none\n|upkeep\n|turn|16\n|\n|t:|1700845721\n|move|p2a: Sandslash|Rapid Spin|p1a: CAN'T SAY\n|-damage|p1a: CAN'T SAY|56\/100\n|-boost|p2a: Sandslash|spe|1\n|-sideend|p2: Bonnie Valentine|Stealth Rock|[from] move: Rapid Spin|[of] p2a: Sandslash\n|move|p1a: CAN'T SAY|Liquidation|p2a: Sandslash\n|-damage|p2a: Sandslash|30\/100\n|\n|upkeep\n|turn|17\n|\n|t:|1700845724\n|move|p2a: Sandslash|Rapid Spin|p1a: CAN'T SAY\n|-damage|p1a: CAN'T SAY|40\/100\n|-boost|p2a: Sandslash|spe|1\n|move|p1a: CAN'T SAY|Liquidation|p2a: Sandslash\n|-damage|p2a: Sandslash|0 fnt\n|faint|p2a: Sandslash\n|\n|upkeep\n|\n|t:|1700845729\n|switch|p2a: Ninetales|Ninetales-Alola, F, shiny|93\/100 par\n|-weather|Snow|[from] ability: Snow Warning|[of] p2a: Ninetales\n|turn|18\n|\n|t:|1700845733\n|move|p2a: Ninetales|Aurora Veil|p2a: Ninetales\n|-sidestart|p2: Bonnie Valentine|move: Aurora Veil\n|move|p1a: CAN'T SAY|Liquidation|p2a: Ninetales\n|-crit|p2a: Ninetales\n|-damage|p2a: Ninetales|23\/100 par\n|\n|-weather|Snow|[upkeep]\n|upkeep\n|turn|19\n|\n|t:|1700845739\n|move|p2a: Ninetales|Moonblast|p1a: CAN'T SAY\n|-damage|p1a: CAN'T SAY|22\/100\n|move|p1a: CAN'T SAY|Play Rough|p2a: Ninetales\n|-damage|p2a: Ninetales|1\/100 par\n|\n|-weather|Snow|[upkeep]\n|upkeep\n|turn|20\n|\n|t:|1700845745\n|move|p1a: CAN'T SAY|Aqua Jet|p2a: Ninetales\n|-damage|p2a: Ninetales|0 fnt\n|faint|p2a: Ninetales\n|\n|-weather|Snow|[upkeep]\n|upkeep\n|\n|t:|1700845747\n|switch|p2a: Glaceon|Glaceon, F, shiny|100\/100\n|turn|21\n|\n|t:|1700845758\n|move|p2a: Glaceon|Blizzard|p1a: CAN'T SAY\n|-resisted|p1a: CAN'T SAY\n|-damage|p1a: CAN'T SAY|0 fnt\n|faint|p1a: CAN'T SAY\n|\n|-weather|Snow|[upkeep]\n|upkeep\n|\n|t:|1700845763\n|switch|p1a: 5% TINT|Heatran, F|34\/100\n|turn|22\n|\n|t:|1700845765\n|move|p1a: 5% TINT|Magma Storm|p2a: Glaceon\n|-supereffective|p2a: Glaceon\n|-damage|p2a: Glaceon|40\/100\n|-activate|p2a: Glaceon|move: Magma Storm|[of] p1a: 5% TINT\n|move|p2a: Glaceon|Blizzard|p1a: 5% TINT\n|-resisted|p1a: 5% TINT\n|-damage|p1a: 5% TINT|11\/100\n|\n|-weather|Snow|[upkeep]\n|-heal|p2a: Glaceon|46\/100|[from] ability: Ice Body\n|-damage|p2a: Glaceon|34\/100|[from] move: Magma Storm|[partiallytrapped]\n|-sideend|p2: Bonnie Valentine|move: Aurora Veil\n|upkeep\n|turn|23\n|\n|t:|1700845773\n|move|p1a: 5% TINT|Magma Storm|p2a: Glaceon\n|-supereffective|p2a: Glaceon\n|-crit|p2a: Glaceon\n|-damage|p2a: Glaceon|0 fnt\n|faint|p2a: Glaceon\n|\n|win|PLAYB0I R0BBIE B\n|raw|PLAYB0I R0BBIE B's rating: 1290 &rarr; <strong>1311<\/strong><br \/>(+21 for winning)\n|raw|Bonnie Valentine's rating: 1234 &rarr; <strong>1213<\/strong><br \/>(-21 for losing)\n|c|\u2606Bonnie Valentine|gg\n|c|\u2606PLAYB0I R0BBIE B|ggwp\n|l|\u2606Bonnie Valentine\n","uploadtime":1700845782,"views":2,"p1id":"playb0ir0bbieb","p2id":"bonnievalentine","formatid":"gen9ou","rating":1213,"private":0,"password":""}