{"id":"gen9ou-1995290974","p1":"LepicNotLepog","p2":"Sibn23","format":"[Gen 9] OU","log":"|j|\u2606LepicNotLepog\n|j|\u2606Sibn23\n|inactive|Battle timer is ON: inactive players will automatically lose when time's up.\n|t:|1700547868\n|gametype|singles\n|player|p1|LepicNotLepog|2|\n|player|p2|Sibn23|hilbert|\n|teamsize|p1|4\n|teamsize|p2|4\n|gen|9\n|tier|[Gen 9] OU\n|rated|Tournament battle\n|rule|Sleep Clause Mod: Limit one foe put to sleep\n|rule|Species Clause: Limit one of each Pok\u00e9mon\n|rule|OHKO Clause: OHKO moves are banned\n|rule|Evasion Items Clause: Evasion items are banned\n|rule|Evasion Moves Clause: Evasion moves are banned\n|rule|Endless Battle Clause: Forcing endless battles is banned\n|rule|HP Percentage Mod: HP is shown in percentages\n|clearpoke\n|poke|p1|Chandelure, F|\n|poke|p1|Meowth-Galar, M|\n|poke|p1|Fletchinder, M|\n|poke|p1|Eelektross, M|\n|poke|p2|Donphan, M|\n|poke|p2|Corviknight, F|\n|poke|p2|Floatzel, M|\n|poke|p2|Maschiff, M|\n|teampreview\n|j|*Lady Monita \u2746\n|inactive|LepicNotLepog also wants the timer to be on.\n|inactive|Sibn23 also wants the timer to be on.\n|c|\u2606LepicNotLepog|ive lost\n|\n|t:|1700547892\n|start\n|switch|p1a: Fletchinder|Fletchinder, M|100\/100\n|switch|p2a: Donphan|Donphan, M|100\/100\n|turn|1\n|\n|t:|1700547902\n|move|p1a: Fletchinder|Tailwind|p1a: Fletchinder\n|-sidestart|p1: LepicNotLepog|move: Tailwind\n|move|p2a: Donphan|Ice Spinner|p1a: Fletchinder\n|-damage|p1a: Fletchinder|63\/100\n|\n|upkeep\n|turn|2\n|\n|t:|1700547907\n|move|p1a: Fletchinder|Will-O-Wisp|p2a: Donphan\n|-status|p2a: Donphan|brn\n|move|p2a: Donphan|Body Press|p1a: Fletchinder\n|-resisted|p1a: Fletchinder\n|-damage|p1a: Fletchinder|56\/100\n|\n|-damage|p2a: Donphan|94\/100 brn|[from] brn\n|upkeep\n|turn|3\n|\n|t:|1700547917\n|move|p1a: Fletchinder|Dual Wingbeat|p2a: Donphan\n|-damage|p2a: Donphan|83\/100 brn\n|-damage|p2a: Donphan|72\/100 brn\n|-hitcount|p2a: Donphan|2\n|move|p2a: Donphan|Ice Spinner|p1a: Fletchinder\n|-damage|p1a: Fletchinder|34\/100\n|\n|-damage|p2a: Donphan|66\/100 brn|[from] brn\n|upkeep\n|turn|4\n|\n|t:|1700547930\n|move|p1a: Fletchinder|U-turn|p2a: Donphan\n|-damage|p2a: Donphan|54\/100 brn\n|\n|t:|1700547935\n|switch|p1a: Chandelure|Chandelure, F|100\/100|[from] U-turn\n|move|p2a: Donphan|Ice Spinner|p1a: Chandelure\n|-resisted|p1a: Chandelure\n|-damage|p1a: Chandelure|91\/100\n|\n|-damage|p2a: Donphan|48\/100 brn|[from] brn\n|-sideend|p1: LepicNotLepog|move: Tailwind\n|upkeep\n|-enditem|p2a: Donphan|Sitrus Berry|[eat]\n|-heal|p2a: Donphan|73\/100 brn|[from] item: Sitrus Berry\n|turn|5\n|\n|t:|1700547946\n|move|p1a: Chandelure|Energy Ball|p2a: Donphan\n|-supereffective|p2a: Donphan\n|-damage|p2a: Donphan|0 fnt\n|faint|p2a: Donphan\n|\n|upkeep\n|\n|t:|1700547951\n|switch|p2a: Floatzel|Floatzel, M|100\/100\n|turn|6\n|c|\u2606Sibn23|you will won\n|c|\u2606LepicNotLepog|im not sure\n|\n|t:|1700547967\n|-terastallize|p1a: Chandelure|Ghost\n|move|p2a: Floatzel|Wave Crash|p1a: Chandelure\n|-damage|p1a: Chandelure|0 fnt\n|faint|p1a: Chandelure\n|-damage|p2a: Floatzel|75\/100|[from] Recoil\n|-damage|p2a: Floatzel|65\/100|[from] item: Life Orb\n|\n|upkeep\n|\n|t:|1700547982\n|switch|p1a: Meowth|Meowth-Galar, M|100\/100\n|turn|7\n|\n|t:|1700547987\n|move|p1a: Meowth|Fake Out|p2a: Floatzel\n|-damage|p2a: Floatzel|41\/100\n|cant|p2a: Floatzel|flinch\n|\n|upkeep\n|turn|8\n|\n|t:|1700547993\n|move|p2a: Floatzel|Wave Crash|p1a: Meowth\n|-damage|p1a: Meowth|0 fnt\n|-damage|p2a: Floatzel|25\/100|[from] item: Rocky Helmet|[of] p1a: Meowth\n|faint|p1a: Meowth\n|-damage|p2a: Floatzel|0 fnt|[from] Recoil\n|faint|p2a: Floatzel\n|\n|upkeep\n|\n|t:|1700548005\n|switch|p2a: Maschiff|Maschiff, M|100\/100\n|switch|p1a: Fletchinder|Fletchinder, M|34\/100\n|-ability|p2a: Maschiff|Intimidate|boost\n|-unboost|p1a: Fletchinder|atk|1\n|turn|9\n|\n|t:|1700548017\n|move|p1a: Fletchinder|Tailwind|p1a: Fletchinder\n|-sidestart|p1: LepicNotLepog|move: Tailwind\n|move|p2a: Maschiff|Body Slam|p1a: Fletchinder\n|-damage|p1a: Fletchinder|0 fnt\n|faint|p1a: Fletchinder\n|\n|upkeep\n|\n|t:|1700548022\n|switch|p1a: Eelektross|Eelektross, M|100\/100\n|turn|10\n|\n|t:|1700548033\n|move|p1a: Eelektross|Super Fang|p2a: Maschiff\n|-damage|p2a: Maschiff|50\/100\n|-enditem|p2a: Maschiff|Sitrus Berry|[eat]\n|-heal|p2a: Maschiff|75\/100|[from] item: Sitrus Berry\n|move|p2a: Maschiff|Crunch|p1a: Eelektross\n|-damage|p1a: Eelektross|66\/100\n|\n|-heal|p1a: Eelektross|72\/100|[from] item: Leftovers\n|upkeep\n|turn|11\n|\n|t:|1700548044\n|move|p1a: Eelektross|Drain Punch|p2a: Maschiff\n|-supereffective|p2a: Maschiff\n|-damage|p2a: Maschiff|0 fnt\n|-heal|p1a: Eelektross|100\/100|[from] drain|[of] p2a: Maschiff\n|faint|p2a: Maschiff\n|\n|upkeep\n|\n|t:|1700548049\n|switch|p2a: Corviknight|Corviknight, F|100\/100\n|-ability|p2a: Corviknight|Pressure\n|turn|12\n|c|\u2606LepicNotLepog|i think i lost\n|\n|t:|1700548056\n|-terastallize|p2a: Corviknight|Flying\n|move|p1a: Eelektross|Thunderbolt|p2a: Corviknight\n|-supereffective|p2a: Corviknight\n|-damage|p2a: Corviknight|41\/100\n|-status|p2a: Corviknight|par\n|move|p2a: Corviknight|Body Press|p1a: Eelektross\n|-damage|p1a: Eelektross|73\/100\n|\n|-heal|p1a: Eelektross|79\/100|[from] item: Leftovers\n|-heal|p2a: Corviknight|47\/100 par|[from] item: Leftovers\n|-sideend|p1: LepicNotLepog|move: Tailwind\n|upkeep\n|turn|13\n|c|\u2606LepicNotLepog|oh no\n|c|\u2606LepicNotLepog|gg\n|c|\u2606Sibn23|gg\n|c|\u2606Sibn23|you won\n|\n|t:|1700548075\n|move|p1a: Eelektross|Thunderbolt|p2a: Corviknight\n|-supereffective|p2a: Corviknight\n|-damage|p2a: Corviknight|0 fnt\n|faint|p2a: Corviknight\n|\n|win|LepicNotLepog\n|n|\u2606LepicNotLepog|lepicnotlepog\n|n|\u2606Sibn23|sibn23\n|n|*Lady Monita \u2746|ladymonita\n","uploadtime":1700548076,"views":2,"p1id":"lepicnotlepog","p2id":"sibn23","formatid":"gen9ou","rating":0,"private":0,"password":""}