{"id":"gen9ou-1994791594","p1":"TrepYT","p2":"SweatyRon","format":"[Gen 9] OU","log":"|j|\u203dTrepYT\n|j|\u2606SweatyRon\n|t:|1700493153\n|gametype|singles\n|player|p1|TrepYT|swimmerf|1695\n|player|p2|SweatyRon|pokefan-gen4|1692\n|teamsize|p1|6\n|teamsize|p2|6\n|gen|9\n|tier|[Gen 9] OU\n|rated|\n|rule|Sleep Clause Mod: Limit one foe put to sleep\n|rule|Species Clause: Limit one of each Pok\u00e9mon\n|rule|OHKO Clause: OHKO moves are banned\n|rule|Evasion Items Clause: Evasion items are banned\n|rule|Evasion Moves Clause: Evasion moves are banned\n|rule|Endless Battle Clause: Forcing endless battles is banned\n|rule|HP Percentage Mod: HP is shown in percentages\n|clearpoke\n|poke|p1|Samurott-Hisui, F|\n|poke|p1|Cresselia, F|\n|poke|p1|Kingambit, F|\n|poke|p1|Scizor, F|\n|poke|p1|Garchomp, M|\n|poke|p1|Heatran, F|\n|poke|p2|Dragapult, F|\n|poke|p2|Meowscarada, F|\n|poke|p2|Dondozo, F|\n|poke|p2|Heatran, M|\n|poke|p2|Zapdos|\n|poke|p2|Great Tusk|\n|teampreview\n|inactive|Battle timer is ON: inactive players will automatically lose when time's up. (requested by SweatyRon)\n|\n|t:|1700493173\n|start\n|switch|p1a: Heatran|Heatran, F|100\/100\n|switch|p2a: Dragapult|Dragapult, F|100\/100\n|turn|1\n|\n|t:|1700493179\n|switch|p2a: Great Tusk|Great Tusk|100\/100\n|move|p1a: Heatran|Substitute|p1a: Heatran\n|-start|p1a: Heatran|Substitute\n|-damage|p1a: Heatran|76\/100\n|\n|-heal|p1a: Heatran|82\/100|[from] item: Leftovers\n|upkeep\n|turn|2\n|\n|t:|1700493181\n|move|p2a: Great Tusk|Earthquake|p1a: Heatran\n|-supereffective|p1a: Heatran\n|-end|p1a: Heatran|Substitute\n|move|p1a: Heatran|Magma Storm|p2a: Great Tusk\n|-damage|p2a: Great Tusk|58\/100\n|-activate|p2a: Great Tusk|move: Magma Storm|[of] p1a: Heatran\n|\n|-heal|p1a: Heatran|88\/100|[from] item: Leftovers\n|-damage|p2a: Great Tusk|45\/100|[from] move: Magma Storm|[partiallytrapped]\n|upkeep\n|turn|3\n|j| NDSNEZ Yisus\n|\n|t:|1700493184\n|move|p2a: Great Tusk|Knock Off|p1a: Heatran\n|-damage|p1a: Heatran|64\/100\n|-enditem|p1a: Heatran|Leftovers|[from] move: Knock Off|[of] p2a: Great Tusk\n|move|p1a: Heatran|Earth Power|p2a: Great Tusk\n|-damage|p2a: Great Tusk|19\/100\n|\n|-damage|p2a: Great Tusk|7\/100|[from] move: Magma Storm|[partiallytrapped]\n|upkeep\n|turn|4\n|\n|t:|1700493195\n|switch|p1a: Garchomp|Garchomp, M|100\/100\n|move|p2a: Great Tusk|Earthquake|p1a: Garchomp\n|-damage|p1a: Garchomp|75\/100\n|\n|-end|p2a: Great Tusk|Magma Storm|[partiallytrapped]|[silent]\n|upkeep\n|turn|5\n|\n|t:|1700493200\n|move|p2a: Great Tusk|Ice Spinner|p1a: Garchomp\n|-supereffective|p1a: Garchomp\n|-damage|p1a: Garchomp|23\/100\n|-damage|p2a: Great Tusk|0 fnt|[from] ability: Rough Skin|[of] p1a: Garchomp\n|faint|p2a: Great Tusk\n|-end|p2a: Great Tusk|Protosynthesis|[silent]\n|move|p1a: Garchomp|Stealth Rock|p2: Great Tusk\n|-sidestart|p2: SweatyRon|move: Stealth Rock\n|\n|upkeep\n|\n|t:|1700493206\n|switch|p2a: Meowscarada|Meowscarada, F|100\/100\n|-damage|p2a: Meowscarada|88\/100|[from] Stealth Rock\n|turn|6\n|\n|t:|1700493210\n|switch|p1a: Heatran|Heatran, F|64\/100\n|move|p2a: Meowscarada|U-turn|p1a: Heatran\n|-start|p2a: Meowscarada|typechange|Bug|[from] ability: Protean\n|-resisted|p1a: Heatran\n|-damage|p1a: Heatran|58\/100\n|\n|t:|1700493214\n|switch|p2a: Heatran|Heatran, M|100\/100|[from] U-turn\n|-damage|p2a: Heatran|88\/100|[from] Stealth Rock\n|\n|-heal|p2a: Heatran|94\/100|[from] item: Leftovers\n|upkeep\n|turn|7\n|\n|t:|1700493216\n|move|p2a: Heatran|Earth Power|p1a: Heatran\n|-supereffective|p1a: Heatran\n|-crit|p1a: Heatran\n|-damage|p1a: Heatran|0 fnt\n|faint|p1a: Heatran\n|\n|-heal|p2a: Heatran|100\/100|[from] item: Leftovers\n|upkeep\n|\n|t:|1700493218\n|switch|p1a: Samurott|Samurott-Hisui, F|100\/100\n|turn|8\n|\n|t:|1700493223\n|switch|p2a: Zapdos|Zapdos|100\/100\n|-damage|p2a: Zapdos|75\/100|[from] Stealth Rock\n|move|p1a: Samurott|Aqua Cutter|p2a: Zapdos\n|-damage|p2a: Zapdos|28\/100\n|\n|upkeep\n|turn|9\n|\n|t:|1700493226\n|move|p2a: Zapdos|Roost|p2a: Zapdos\n|-heal|p2a: Zapdos|78\/100\n|-singleturn|p2a: Zapdos|move: Roost\n|move|p1a: Samurott|Aqua Cutter|p2a: Zapdos\n|-damage|p2a: Zapdos|28\/100\n|\n|upkeep\n|turn|10\n|\n|t:|1700493228\n|move|p2a: Zapdos|Roost|p2a: Zapdos\n|-heal|p2a: Zapdos|78\/100\n|-singleturn|p2a: Zapdos|move: Roost\n|move|p1a: Samurott|Aqua Cutter|p2a: Zapdos\n|-damage|p2a: Zapdos|34\/100\n|\n|upkeep\n|turn|11\n|\n|t:|1700493230\n|move|p2a: Zapdos|Roost|p2a: Zapdos\n|-heal|p2a: Zapdos|84\/100\n|-singleturn|p2a: Zapdos|move: Roost\n|move|p1a: Samurott|Aqua Cutter|p2a: Zapdos\n|-damage|p2a: Zapdos|36\/100\n|\n|upkeep\n|turn|12\n|\n|t:|1700493233\n|move|p2a: Zapdos|Roost|p2a: Zapdos\n|-heal|p2a: Zapdos|86\/100\n|-singleturn|p2a: Zapdos|move: Roost\n|move|p1a: Samurott|Aqua Cutter|p2a: Zapdos\n|-damage|p2a: Zapdos|40\/100\n|\n|upkeep\n|turn|13\n|\n|t:|1700493236\n|move|p2a: Zapdos|Volt Switch|p1a: Samurott\n|-supereffective|p1a: Samurott\n|-damage|p1a: Samurott|49\/100\n|\n|t:|1700493239\n|switch|p2a: Meowscarada|Meowscarada, F|88\/100|[from] Volt Switch\n|-damage|p2a: Meowscarada|76\/100|[from] Stealth Rock\n|move|p1a: Samurott|Aqua Cutter|p2a: Meowscarada\n|-resisted|p2a: Meowscarada\n|-damage|p2a: Meowscarada|36\/100\n|\n|upkeep\n|turn|14\n|\n|t:|1700493245\n|switch|p1a: Garchomp|Garchomp, M|23\/100\n|move|p2a: Meowscarada|U-turn|p1a: Garchomp\n|-start|p2a: Meowscarada|typechange|Bug|[from] ability: Protean\n|-damage|p1a: Garchomp|4\/100\n|-damage|p2a: Meowscarada|24\/100|[from] ability: Rough Skin|[of] p1a: Garchomp\n|-damage|p2a: Meowscarada|8\/100|[from] item: Rocky Helmet|[of] p1a: Garchomp\n|\n|t:|1700493248\n|switch|p2a: Dragapult|Dragapult, F|100\/100|[from] U-turn\n|-damage|p2a: Dragapult|88\/100|[from] Stealth Rock\n|\n|upkeep\n|turn|15\n|\n|t:|1700493254\n|move|p2a: Dragapult|Dragon Darts|p1a: Garchomp\n|-supereffective|p1a: Garchomp\n|-damage|p1a: Garchomp|0 fnt\n|faint|p1a: Garchomp\n|\n|upkeep\n|\n|t:|1700493256\n|switch|p1a: Kingambit|Kingambit, F|100\/100\n|-activate|p1a: Kingambit|ability: Supreme Overlord\n|-start|p1a: Kingambit|fallen2|[silent]\n|turn|16\n|\n|t:|1700493262\n|switch|p2a: Zapdos|Zapdos|40\/100\n|-damage|p2a: Zapdos|15\/100|[from] Stealth Rock\n|-end|p1a: Kingambit|fallen2|[silent]\n|switch|p1a: Cresselia|Cresselia, F|100\/100\n|\n|upkeep\n|turn|17\n|\n|t:|1700493266\n|move|p2a: Zapdos|Volt Switch|p1a: Cresselia\n|-damage|p1a: Cresselia|83\/100\n|\n|t:|1700493269\n|switch|p2a: Heatran|Heatran, M|100\/100|[from] Volt Switch\n|-damage|p2a: Heatran|88\/100|[from] Stealth Rock\n|move|p1a: Cresselia|Calm Mind|p1a: Cresselia\n|-boost|p1a: Cresselia|spa|1\n|-boost|p1a: Cresselia|spd|1\n|\n|-heal|p2a: Heatran|94\/100|[from] item: Leftovers\n|upkeep\n|turn|18\n|\n|t:|1700493271\n|switch|p1a: Samurott|Samurott-Hisui, F|49\/100\n|move|p2a: Heatran|Taunt|p1a: Samurott\n|-start|p1a: Samurott|move: Taunt\n|\n|-heal|p2a: Heatran|100\/100|[from] item: Leftovers\n|upkeep\n|turn|19\n|\n|t:|1700493279\n|move|p1a: Samurott|Ceaseless Edge|p2a: Heatran\n|-damage|p2a: Heatran|57\/100\n|-sidestart|p2: SweatyRon|Spikes\n|move|p2a: Heatran|Earth Power|p1a: Samurott\n|-damage|p1a: Samurott|26\/100\n|-unboost|p1a: Samurott|spd|1\n|\n|-heal|p2a: Heatran|64\/100|[from] item: Leftovers\n|upkeep\n|turn|20\n|\n|t:|1700493288\n|switch|p2a: Zapdos|Zapdos|15\/100\n|-damage|p2a: Zapdos|0 fnt|[from] Stealth Rock\n|faint|p2a: Zapdos\n|move|p1a: Samurott|Aqua Cutter|p2: Zapdos|[notarget]\n|-fail|p1a: Samurott\n|\n|-end|p1a: Samurott|move: Taunt\n|upkeep\n|\n|t:|1700493290\n|switch|p2a: Meowscarada|Meowscarada, F|8\/100\n|-damage|p2a: Meowscarada|0 fnt|[from] Stealth Rock\n|faint|p2a: Meowscarada\n|\n|t:|1700493291\n|switch|p2a: Dragapult|Dragapult, F|88\/100\n|-damage|p2a: Dragapult|76\/100|[from] Stealth Rock\n|-damage|p2a: Dragapult|64\/100|[from] Spikes\n|turn|21\n|\n|t:|1700493294\n|switch|p1a: Kingambit|Kingambit, F|100\/100\n|-activate|p1a: Kingambit|ability: Supreme Overlord\n|-start|p1a: Kingambit|fallen2|[silent]\n|move|p2a: Dragapult|U-turn|p1a: Kingambit\n|-damage|p1a: Kingambit|72\/100\n|\n|t:|1700493297\n|switch|p2a: Dondozo|Dondozo, F|100\/100|[from] U-turn\n|-damage|p2a: Dondozo|88\/100|[from] Stealth Rock\n|-damage|p2a: Dondozo|75\/100|[from] Spikes\n|\n|-heal|p1a: Kingambit|78\/100|[from] item: Leftovers\n|-heal|p2a: Dondozo|82\/100|[from] item: Leftovers\n|upkeep\n|turn|22\n|\n|t:|1700493307\n|-end|p1a: Kingambit|fallen2|[silent]\n|switch|p1a: Cresselia|Cresselia, F|83\/100\n|move|p2a: Dondozo|Curse|p2a: Dondozo\n|-unboost|p2a: Dondozo|spe|1\n|-boost|p2a: Dondozo|atk|1\n|-boost|p2a: Dondozo|def|1\n|\n|-heal|p2a: Dondozo|88\/100|[from] item: Leftovers\n|upkeep\n|turn|23\n|\n|t:|1700493310\n|move|p1a: Cresselia|Calm Mind|p1a: Cresselia\n|-boost|p1a: Cresselia|spa|1\n|-boost|p1a: Cresselia|spd|1\n|move|p2a: Dondozo|Curse|p2a: Dondozo\n|-unboost|p2a: Dondozo|spe|1\n|-boost|p2a: Dondozo|atk|1\n|-boost|p2a: Dondozo|def|1\n|\n|-heal|p2a: Dondozo|94\/100|[from] item: Leftovers\n|upkeep\n|turn|24\n|\n|t:|1700493312\n|move|p1a: Cresselia|Calm Mind|p1a: Cresselia\n|-boost|p1a: Cresselia|spa|1\n|-boost|p1a: Cresselia|spd|1\n|move|p2a: Dondozo|Curse|p2a: Dondozo\n|-unboost|p2a: Dondozo|spe|1\n|-boost|p2a: Dondozo|atk|1\n|-boost|p2a: Dondozo|def|1\n|\n|-heal|p2a: Dondozo|99\/100|[from] item: Leftovers\n|upkeep\n|turn|25\n|\n|t:|1700493313\n|move|p1a: Cresselia|Calm Mind|p1a: Cresselia\n|-boost|p1a: Cresselia|spa|1\n|-boost|p1a: Cresselia|spd|1\n|move|p2a: Dondozo|Curse|p2a: Dondozo\n|-unboost|p2a: Dondozo|spe|1\n|-boost|p2a: Dondozo|atk|1\n|-boost|p2a: Dondozo|def|1\n|\n|-heal|p2a: Dondozo|100\/100|[from] item: Leftovers\n|upkeep\n|turn|26\n|\n|t:|1700493315\n|move|p1a: Cresselia|Stored Power|p2a: Dondozo\n|-damage|p2a: Dondozo|75\/100\n|move|p2a: Dondozo|Waterfall|p1a: Cresselia\n|-damage|p1a: Cresselia|37\/100\n|-enditem|p1a: Cresselia|Kee Berry|[eat]\n|-boost|p1a: Cresselia|def|1|[from] item: Kee Berry\n|\n|-heal|p2a: Dondozo|81\/100|[from] item: Leftovers\n|upkeep\n|turn|27\n|\n|t:|1700493317\n|move|p1a: Cresselia|Stored Power|p2a: Dondozo\n|-damage|p2a: Dondozo|47\/100\n|move|p2a: Dondozo|Waterfall|p1a: Cresselia\n|-damage|p1a: Cresselia|0 fnt\n|faint|p1a: Cresselia\n|\n|-heal|p2a: Dondozo|53\/100|[from] item: Leftovers\n|upkeep\n|inactive|TrepYT has 120 seconds left.\n|inactive|TrepYT has 90 seconds left.\n|inactive|TrepYT has 60 seconds left.\n|inactive|TrepYT has 30 seconds left.\n|inactive|TrepYT has 20 seconds left.\n|inactive|TrepYT has 15 seconds left.\n|inactive|TrepYT has 10 seconds left.\n|inactive|TrepYT has 5 seconds left.\n|j| mew852\n|-message|TrepYT lost due to inactivity.\n|\n|win|SweatyRon\n|raw|TrepYT's rating: 1671 &rarr; <strong>1653<\/strong><br \/>(-18 for losing)\n|raw|SweatyRon's rating: 1707 &rarr; <strong>1725<\/strong><br \/>(+18 for winning)\n|l|\u2606SweatyRon\n","uploadtime":1700493474,"views":10,"p1id":"trepyt","p2id":"sweatyron","formatid":"gen9ou","rating":1653,"private":0,"password":""}