{"id":"gen9ou-1994995674","p1":"Shelldershell","p2":"Corneliusthe2ndth","format":"[Gen 9] OU","log":"|j|\u2606Shelldershell\n|j|\u2606Corneliusthe2ndth\n|t:|1700511634\n|gametype|singles\n|player|p1|Shelldershell|102|\n|player|p2|Corneliusthe2ndth|169|\n|teamsize|p1|6\n|teamsize|p2|6\n|gen|9\n|tier|[Gen 9] OU\n|rule|Sleep Clause Mod: Limit one foe put to sleep\n|rule|Species Clause: Limit one of each Pok\u00e9mon\n|rule|OHKO Clause: OHKO moves are banned\n|rule|Evasion Items Clause: Evasion items are banned\n|rule|Evasion Moves Clause: Evasion moves are banned\n|rule|Endless Battle Clause: Forcing endless battles is banned\n|rule|HP Percentage Mod: HP is shown in percentages\n|clearpoke\n|poke|p1|Ribombee, F|\n|poke|p1|Grimmsnarl, M|\n|poke|p1|Great Tusk|\n|poke|p1|Dragonite, F|\n|poke|p1|Gholdengo|\n|poke|p1|Rillaboom, M|\n|poke|p2|Slowking-Galar, M|\n|poke|p2|Ceruledge, M|\n|poke|p2|Corviknight, M|\n|poke|p2|Heatran, M|\n|poke|p2|Glimmora, M|\n|poke|p2|Rillaboom, M|\n|teampreview\n|\n|t:|1700511648\n|start\n|switch|p1a: Above Average Tusk|Great Tusk|100\/100\n|switch|p2a: toxic boi|Slowking-Galar, M|100\/100\n|-enditem|p1a: Above Average Tusk|Booster Energy\n|-activate|p1a: Above Average Tusk|ability: Protosynthesis|[fromitem]\n|-start|p1a: Above Average Tusk|protosynthesisspe\n|turn|1\n|c|\u2606Corneliusthe2ndth|\ud83d\udc80\n|\n|t:|1700511679\n|switch|p2a: le boi|Glimmora, M, shiny|100\/100\n|move|p1a: Above Average Tusk|Headlong Rush|p2a: le boi\n|-supereffective|p2a: le boi\n|-damage|p2a: le boi|0 fnt\n|-unboost|p1a: Above Average Tusk|def|1\n|-unboost|p1a: Above Average Tusk|spd|1\n|-activate|p2a: le boi|ability: Toxic Debris\n|-sidestart|p1: Shelldershell|move: Toxic Spikes\n|faint|p2a: le boi\n|\n|upkeep\n|c|\u2606Shelldershell|w\n|c|\u2606Shelldershell|but toxic spikes gonna be annoying af\n|\n|t:|1700511704\n|switch|p2a: monke|Rillaboom, M|100\/100\n|turn|2\n|\n|t:|1700511723\n|-end|p1a: Above Average Tusk|Protosynthesis|[silent]\n|switch|p1a: Dragonite|Dragonite, F|100\/100\n|move|p2a: monke|Brick Break|p1a: Dragonite\n|-resisted|p1a: Dragonite\n|-damage|p1a: Dragonite|92\/100\n|\n|upkeep\n|turn|3\n|\n|t:|1700511740\n|switch|p2a: toxic boi|Slowking-Galar, M|100\/100\n|move|p1a: Dragonite|Dragon Dance|p1a: Dragonite\n|-boost|p1a: Dragonite|atk|1\n|-boost|p1a: Dragonite|spe|1\n|\n|upkeep\n|turn|4\n|\n|t:|1700511757\n|move|p1a: Dragonite|Extreme Speed|p2a: toxic boi\n|-damage|p2a: toxic boi|55\/100\n|move|p2a: toxic boi|Sludge Bomb|p1a: Dragonite\n|-damage|p1a: Dragonite|47\/100\n|-status|p1a: Dragonite|psn\n|\n|-heal|p2a: toxic boi|61\/100|[from] item: Black Sludge\n|-damage|p1a: Dragonite|35\/100 psn|[from] psn\n|upkeep\n|turn|5\n|\n|t:|1700511774\n|move|p1a: Dragonite|Extreme Speed|p2a: toxic boi\n|-damage|p2a: toxic boi|17\/100\n|move|p2a: toxic boi|Venoshock|p1a: Dragonite\n|-damage|p1a: Dragonite|0 fnt\n|faint|p1a: Dragonite\n|\n|-heal|p2a: toxic boi|23\/100|[from] item: Black Sludge\n|upkeep\n|c|\u2606Shelldershell|oh\n|\n|t:|1700511788\n|switch|p1a: Above Average Tusk|Great Tusk|100\/100\n|-status|p1a: Above Average Tusk|psn\n|turn|6\n|\n|t:|1700511807\n|switch|p2a: cool birb|Corviknight, M, shiny|100\/100\n|-ability|p2a: cool birb|Pressure\n|move|p1a: Above Average Tusk|Knock Off|p2a: cool birb\n|-damage|p2a: cool birb|74\/100\n|-enditem|p2a: cool birb|Wiki Berry|[from] move: Knock Off|[of] p1a: Above Average Tusk\n|\n|-damage|p1a: Above Average Tusk|88\/100 psn|[from] psn\n|upkeep\n|turn|7\n|\n|t:|1700511825\n|move|p1a: Above Average Tusk|Stealth Rock|p2a: cool birb\n|-sidestart|p2: Corneliusthe2ndth|move: Stealth Rock\n|move|p2a: cool birb|Body Press|p1a: Above Average Tusk\n|-crit|p1a: Above Average Tusk\n|-damage|p1a: Above Average Tusk|70\/100 psn\n|\n|-damage|p1a: Above Average Tusk|57\/100 psn|[from] psn\n|upkeep\n|turn|8\n|\n|t:|1700511839\n|-end|p1a: Above Average Tusk|Protosynthesis|[silent]\n|switch|p1a: GholdenGod|Gholdengo|100\/100\n|move|p2a: cool birb|Body Press|p1a: GholdenGod\n|-immune|p1a: GholdenGod\n|\n|upkeep\n|turn|9\n|\n|t:|1700511855\n|move|p1a: GholdenGod|Shadow Ball|p2a: cool birb\n|-damage|p2a: cool birb|38\/100\n|move|p2a: cool birb|Dual Wingbeat|p1a: GholdenGod\n|-resisted|p1a: GholdenGod\n|-damage|p1a: GholdenGod|91\/100\n|-resisted|p1a: GholdenGod\n|-damage|p1a: GholdenGod|83\/100\n|-hitcount|p1a: GholdenGod|2\n|\n|upkeep\n|turn|10\n|\n|t:|1700511872\n|switch|p2a: slishy slash|Ceruledge, M, shiny|100\/100\n|-damage|p2a: slishy slash|76\/100|[from] Stealth Rock\n|move|p1a: GholdenGod|Shadow Ball|p2a: slishy slash\n|-supereffective|p2a: slishy slash\n|-damage|p2a: slishy slash|0 fnt\n|faint|p2a: slishy slash\n|\n|upkeep\n|c|\u2606Corneliusthe2ndth|nah gg\n|\n|t:|1700511887\n|switch|p2a: \ud83d\udd25|Heatran, M, shiny|100\/100\n|-damage|p2a: \ud83d\udd25|88\/100|[from] Stealth Rock\n|turn|11\n|\n|t:|1700511897\n|move|p1a: GholdenGod|Focus Blast|p2a: \ud83d\udd25|[miss]\n|-miss|p1a: GholdenGod|p2a: \ud83d\udd25\n|move|p2a: \ud83d\udd25|Earth Power|p1a: GholdenGod\n|-supereffective|p1a: GholdenGod\n|-damage|p1a: GholdenGod|4\/100\n|-enditem|p1a: GholdenGod|Salac Berry|[eat]\n|-boost|p1a: GholdenGod|spe|1|[from] item: Salac Berry\n|\n|upkeep\n|turn|12\n|c|\u2606Shelldershell|pls ko\n|c|\u2606Shelldershell|pls\n|c|\u2606Shelldershell|pls\n|c|\u2606Corneliusthe2ndth|nah not focus miss \u2620\ufe0f\n|c|\u2606Shelldershell|pls\n|c|\u2606Shelldershell|pls\n|c|\u2606Shelldershell|pls\n|\n|t:|1700511917\n|move|p1a: GholdenGod|Focus Blast|p2a: \ud83d\udd25|[miss]\n|-miss|p1a: GholdenGod|p2a: \ud83d\udd25\n|move|p2a: \ud83d\udd25|Flash Cannon|p1a: GholdenGod\n|-resisted|p1a: GholdenGod\n|-damage|p1a: GholdenGod|0 fnt\n|faint|p1a: GholdenGod\n|\n|upkeep\n|c|\u2606Shelldershell|if this misses ll\n|c|\u2606Shelldershell|...\n|\n|t:|1700511930\n|switch|p1a: Above Average Tusk|Great Tusk|57\/100 psn\n|turn|13\n|c|\u2606Corneliusthe2ndth|bro why are you using focus miss \ud83d\udc80\n|c|\u2606Shelldershell|i swearr\n|\n|t:|1700511942\n|move|p1a: Above Average Tusk|Headlong Rush|p2a: \ud83d\udd25\n|-supereffective|p2a: \ud83d\udd25\n|-damage|p2a: \ud83d\udd25|0 fnt\n|-unboost|p1a: Above Average Tusk|def|1\n|-unboost|p1a: Above Average Tusk|spd|1\n|faint|p2a: \ud83d\udd25\n|\n|-damage|p1a: Above Average Tusk|45\/100 psn|[from] psn\n|upkeep\n|\n|t:|1700511956\n|switch|p2a: monke|Rillaboom, M|100\/100\n|-damage|p2a: monke|88\/100|[from] Stealth Rock\n|turn|14\n|\n|t:|1700511967\n|move|p1a: Above Average Tusk|Knock Off|p2a: monke\n|-crit|p2a: monke\n|-damage|p2a: monke|41\/100\n|-enditem|p2a: monke|Meadow Plate|[from] move: Knock Off|[of] p1a: Above Average Tusk\n|move|p2a: monke|Seed Bomb|p1a: Above Average Tusk\n|-supereffective|p1a: Above Average Tusk\n|-damage|p1a: Above Average Tusk|0 fnt\n|faint|p1a: Above Average Tusk\n|-end|p1a: Above Average Tusk|Protosynthesis|[silent]\n|\n|upkeep\n|c|\u2606Corneliusthe2ndth|YESSIR\n|\n|t:|1700511977\n|switch|p1a: Grimmsnarl|Grimmsnarl, M, shiny|100\/100\n|-status|p1a: Grimmsnarl|psn\n|turn|15\n|\n|t:|1700511990\n|move|p1a: Grimmsnarl|Reflect|p1a: Grimmsnarl\n|-sidestart|p1: Shelldershell|Reflect\n|move|p2a: monke|Seed Bomb|p1a: Grimmsnarl\n|-damage|p1a: Grimmsnarl|78\/100 psn\n|\n|-damage|p1a: Grimmsnarl|66\/100 psn|[from] psn\n|upkeep\n|turn|16\n|\n|t:|1700512000\n|move|p1a: Grimmsnarl|Light Screen|p1a: Grimmsnarl\n|-sidestart|p1: Shelldershell|move: Light Screen\n|move|p2a: monke|Seed Bomb|p1a: Grimmsnarl\n|-damage|p1a: Grimmsnarl|43\/100 psn\n|\n|-damage|p1a: Grimmsnarl|30\/100 psn|[from] psn\n|upkeep\n|turn|17\n|\n|t:|1700512008\n|move|p2a: monke|Seed Bomb|p1a: Grimmsnarl\n|-damage|p1a: Grimmsnarl|8\/100 psn\n|move|p1a: Grimmsnarl|Spirit Break|p2a: monke\n|-damage|p2a: monke|3\/100\n|-unboost|p2a: monke|spa|1\n|\n|-damage|p1a: Grimmsnarl|0 fnt|[from] psn\n|faint|p1a: Grimmsnarl\n|upkeep\n|\n|t:|1700512011\n|switch|p1a: Ribombastic|Ribombee, F|100\/100\n|-status|p1a: Ribombastic|psn\n|turn|18\n|c|\u2606Shelldershell|check me out\n|\n|t:|1700512029\n|move|p1a: Ribombastic|Quiver Dance|p1a: Ribombastic\n|-boost|p1a: Ribombastic|spa|1\n|-boost|p1a: Ribombastic|spd|1\n|-boost|p1a: Ribombastic|spe|1\n|move|p2a: monke|Brick Break|p1a: Ribombastic\n|-sideend|p1: Shelldershell|Reflect\n|-sideend|p1: Shelldershell|move: Light Screen\n|-resisted|p1a: Ribombastic\n|-damage|p1a: Ribombastic|92\/100 psn\n|\n|-damage|p1a: Ribombastic|80\/100 psn|[from] psn\n|upkeep\n|turn|19\n|c|\u2606Shelldershell|bro\n|c|\u2606Shelldershell|screw you for that\n|\n|t:|1700512044\n|move|p1a: Ribombastic|Quiver Dance|p1a: Ribombastic\n|-boost|p1a: Ribombastic|spa|1\n|-boost|p1a: Ribombastic|spd|1\n|-boost|p1a: Ribombastic|spe|1\n|move|p2a: monke|Earthquake|p1a: Ribombastic\n|-resisted|p1a: Ribombastic\n|-crit|p1a: Ribombastic\n|-damage|p1a: Ribombastic|47\/100 psn\n|\n|-damage|p1a: Ribombastic|34\/100 psn|[from] psn\n|upkeep\n|turn|20\n|c|\u2606Shelldershell|now i win\n|\n|t:|1700512054\n|move|p1a: Ribombastic|Draining Kiss|p2a: monke\n|-damage|p2a: monke|0 fnt\n|-heal|p1a: Ribombastic|37\/100 psn|[from] drain|[of] p2a: monke\n|faint|p2a: monke\n|-damage|p1a: Ribombastic|27\/100 psn|[from] item: Life Orb\n|\n|-damage|p1a: Ribombastic|15\/100 psn|[from] psn\n|upkeep\n|\n|t:|1700512065\n|switch|p2a: toxic boi|Slowking-Galar, M|56\/100\n|-damage|p2a: toxic boi|44\/100|[from] Stealth Rock\n|turn|21\n|\n|t:|1700512075\n|move|p1a: Ribombastic|Stored Power|p2a: toxic boi\n|-damage|p2a: toxic boi|0 fnt\n|faint|p2a: toxic boi\n|-damage|p1a: Ribombastic|5\/100 psn|[from] item: Life Orb\n|\n|-damage|p1a: Ribombastic|0 fnt|[from] psn\n|faint|p1a: Ribombastic\n|upkeep\n|c|\u2606Shelldershell|wait\n|\n|t:|1700512085\n|switch|p1a: me|Rillaboom, M|100\/100\n|switch|p2a: cool birb|Corviknight, M, shiny|38\/100\n|-status|p1a: me|psn\n|-fieldstart|move: Grassy Terrain|[from] ability: Grassy Surge|[of] p1a: me\n|-damage|p2a: cool birb|26\/100|[from] Stealth Rock\n|-ability|p2a: cool birb|Pressure\n|turn|22\n|c|\u2606Shelldershell|nonononono\n|c|\u2606Shelldershell|this cant be happening\n|c|\u2606Corneliusthe2ndth|ggs this is the closest I've gotten to winning\n|c|\u2606Corneliusthe2ndth|I'm getting better\n|c|\u2606Shelldershell|no you win\n|c|\u2606Shelldershell|im tera\n|c|\u2606Shelldershell|grass\n|\n|t:|1700512109\n|-terastallize|p1a: me|Water\n|move|p1a: me|Drain Punch|p2a: cool birb\n|-damage|p2a: cool birb|0 fnt\n|faint|p2a: cool birb\n|-damage|p1a: me|91\/100 psn|[from] item: Life Orb\n|\n|win|Shelldershell\n|c|\u2606Shelldershell|ok\n|c|\u2606Shelldershell|gg\n|c|\u2606Corneliusthe2ndth|wym???\n","uploadtime":1700512122,"views":18,"p1id":"shelldershell","p2id":"corneliusthe2ndth","formatid":"gen9ou","rating":0,"private":0,"password":""}