{"id":"gen9ou-2000398841","p1":"The Lazy Onee","p2":"liaoya","format":"[Gen 9] OU","log":"|j|\u2606The Lazy Onee\n|j|\u2606liaoya\n|t:|1701191517\n|gametype|singles\n|player|p1|The Lazy Onee|dahlia|1526\n|player|p2|liaoya|petrel|1555\n|teamsize|p1|6\n|teamsize|p2|6\n|gen|9\n|tier|[Gen 9] OU\n|rated|\n|rule|Sleep Clause Mod: Limit one foe put to sleep\n|rule|Species Clause: Limit one of each Pok\u00e9mon\n|rule|OHKO Clause: OHKO moves are banned\n|rule|Evasion Items Clause: Evasion items are banned\n|rule|Evasion Moves Clause: Evasion moves are banned\n|rule|Endless Battle Clause: Forcing endless battles is banned\n|rule|HP Percentage Mod: HP is shown in percentages\n|clearpoke\n|poke|p1|Alomomola, F|\n|poke|p1|Slowking-Galar, F|\n|poke|p1|Kingambit, F|\n|poke|p1|Great Tusk|\n|poke|p1|Cinderace, F|\n|poke|p1|Thundurus-Therian, M|\n|poke|p2|Drifblim, M|\n|poke|p2|Garganacl, M|\n|poke|p2|Umbreon, M|\n|poke|p2|Rotom-Wash|\n|poke|p2|Glimmora, F|\n|poke|p2|Espeon, F|\n|teampreview\n|inactive|Battle timer is ON: inactive players will automatically lose when time's up. (requested by liaoya)\n|\n|t:|1701191546\n|start\n|switch|p1a: Slowking|Slowking-Galar, F|100\/100\n|switch|p2a: Rotom|Rotom-Wash|100\/100\n|turn|1\n|\n|t:|1701191551\n|move|p2a: Rotom|Trick|p1a: Slowking\n|-activate|p2a: Rotom|move: Trick|[of] p1a: Slowking\n|-item|p1a: Slowking|Choice Scarf|[from] move: Trick\n|-item|p2a: Rotom|Heavy-Duty Boots|[from] move: Trick\n|move|p1a: Slowking|Chilly Reception|p1a: Slowking\n|-weather|Snow\n|\n|t:|1701191559\n|switch|p1a: Thundurus|Thundurus-Therian, M|100\/100|[from] Chilly Reception\n|\n|-weather|Snow|[upkeep]\n|upkeep\n|turn|2\n|\n|t:|1701191562\n|move|p1a: Thundurus|Volt Switch|p2a: Rotom\n|-damage|p2a: Rotom|37\/100\n|\n|t:|1701191566\n|switch|p1a: Slowking|Slowking-Galar, F|100\/100|[from] Volt Switch\n|move|p2a: Rotom|Hydro Pump|p1a: Slowking\n|-damage|p1a: Slowking|74\/100\n|\n|-weather|Snow|[upkeep]\n|upkeep\n|turn|3\n|\n|t:|1701191570\n|move|p2a: Rotom|Will-O-Wisp|p1a: Slowking|[miss]\n|-miss|p2a: Rotom|p1a: Slowking\n|move|p1a: Slowking|Chilly Reception|p1a: Slowking\n|\n|t:|1701191575\n|switch|p1a: Thundurus|Thundurus-Therian, M|100\/100|[from] Chilly Reception\n|\n|-weather|Snow|[upkeep]\n|upkeep\n|turn|4\n|\n|t:|1701191578\n|move|p1a: Thundurus|Volt Switch|p2a: Rotom\n|-damage|p2a: Rotom|0 fnt\n|faint|p2a: Rotom\n|\n|t:|1701191585\n|switch|p1a: Alomomola|Alomomola, F|100\/100|[from] Volt Switch\n|\n|-weather|Snow|[upkeep]\n|upkeep\n|\n|t:|1701191591\n|switch|p2a: Espeon|Espeon, F|100\/100\n|turn|5\n|\n|t:|1701191596\n|switch|p1a: Slowking|Slowking-Galar, F|100\/100\n|move|p2a: Espeon|Trick|p1a: Slowking\n|-activate|p2a: Espeon|move: Trick|[of] p1a: Slowking\n|-item|p1a: Slowking|Choice Scarf|[from] move: Trick\n|-item|p2a: Espeon|Choice Scarf|[from] move: Trick\n|\n|-weather|none\n|upkeep\n|turn|6\n|\n|t:|1701191603\n|switch|p2a: Garganacl|Garganacl, M, shiny|100\/100\n|move|p1a: Slowking|Chilly Reception|p1a: Slowking\n|-weather|Snow\n|\n|t:|1701191607\n|switch|p1a: Great Tusk|Great Tusk|100\/100|[from] Chilly Reception\n|\n|-weather|Snow|[upkeep]\n|upkeep\n|turn|7\n|\n|t:|1701191611\n|-terastallize|p2a: Garganacl|Ghost\n|move|p1a: Great Tusk|Stealth Rock|p2a: Garganacl\n|-sidestart|p2: liaoya|move: Stealth Rock\n|move|p2a: Garganacl|Iron Defense|p2a: Garganacl\n|-boost|p2a: Garganacl|def|2\n|\n|-weather|Snow|[upkeep]\n|upkeep\n|turn|8\n|\n|t:|1701191616\n|-end|p1a: Great Tusk|Protosynthesis|[silent]\n|switch|p1a: Alomomola|Alomomola, F|100\/100\n|move|p2a: Garganacl|Salt Cure|p1a: Alomomola\n|-damage|p1a: Alomomola|92\/100\n|-start|p1a: Alomomola|Salt Cure\n|-enditem|p1a: Alomomola|Red Card|[of] p2a: Garganacl\n|drag|p2a: Glimmora|Glimmora, F|100\/100\n|-damage|p2a: Glimmora|88\/100|[from] Stealth Rock\n|\n|-weather|Snow|[upkeep]\n|-damage|p1a: Alomomola|67\/100|[from] Salt Cure\n|upkeep\n|turn|9\n|\n|t:|1701191626\n|move|p2a: Glimmora|Stealth Rock|p1a: Alomomola\n|-sidestart|p1: The Lazy Onee|move: Stealth Rock\n|move|p1a: Alomomola|Wish|p1a: Alomomola\n|\n|-weather|Snow|[upkeep]\n|-damage|p1a: Alomomola|43\/100|[from] Salt Cure\n|upkeep\n|turn|10\n|\n|t:|1701191632\n|move|p2a: Glimmora|Mortal Spin|p1a: Alomomola\n|-damage|p1a: Alomomola|39\/100\n|-status|p1a: Alomomola|psn\n|-sideend|p2: liaoya|Stealth Rock|[from] move: Mortal Spin|[of] p2a: Glimmora\n|move|p1a: Alomomola|Scald|p2a: Glimmora\n|-supereffective|p2a: Glimmora\n|-crit|p2a: Glimmora\n|-damage|p2a: Glimmora|44\/100\n|-status|p2a: Glimmora|brn\n|\n|-weather|none\n|-heal|p1a: Alomomola|89\/100 psn|[from] move: Wish|[wisher] Alomomola\n|-damage|p1a: Alomomola|76\/100 psn|[from] psn\n|-damage|p2a: Glimmora|38\/100 brn|[from] brn\n|-damage|p1a: Alomomola|51\/100 psn|[from] Salt Cure\n|upkeep\n|turn|11\n|\n|t:|1701191641\n|switch|p2a: Garganacl|Garganacl, M, shiny, tera:Ghost|100\/100\n|switch|p1a: Slowking|Slowking-Galar, F|100\/100\n|-damage|p1a: Slowking|88\/100|[from] Stealth Rock\n|\n|upkeep\n|turn|12\n|\n|t:|1701191645\n|move|p2a: Garganacl|Salt Cure|p1a: Slowking\n|-damage|p1a: Slowking|74\/100\n|-start|p1a: Slowking|Salt Cure\n|move|p1a: Slowking|Chilly Reception|p1a: Slowking\n|-weather|Snow\n|\n|t:|1701191650\n|switch|p1a: Great Tusk|Great Tusk|100\/100|[from] Chilly Reception\n|-damage|p1a: Great Tusk|98\/100|[from] Stealth Rock\n|\n|-weather|Snow|[upkeep]\n|upkeep\n|turn|13\n|\n|t:|1701191656\n|-end|p1a: Great Tusk|Protosynthesis|[silent]\n|switch|p1a: Slowking|Slowking-Galar, F|100\/100\n|-damage|p1a: Slowking|88\/100|[from] Stealth Rock\n|move|p2a: Garganacl|Iron Defense|p2a: Garganacl\n|-boost|p2a: Garganacl|def|2\n|\n|-weather|Snow|[upkeep]\n|upkeep\n|turn|14\n|\n|t:|1701191661\n|move|p2a: Garganacl|Iron Defense|p2a: Garganacl\n|-boost|p2a: Garganacl|def|2\n|move|p1a: Slowking|Chilly Reception|p1a: Slowking\n|\n|t:|1701191664\n|switch|p1a: Alomomola|Alomomola, F|85\/100 psn|[from] Chilly Reception\n|-damage|p1a: Alomomola|72\/100 psn|[from] Stealth Rock\n|\n|-weather|Snow|[upkeep]\n|-damage|p1a: Alomomola|60\/100 psn|[from] psn\n|upkeep\n|turn|15\n|\n|t:|1701191669\n|move|p1a: Alomomola|Wish|p1a: Alomomola\n|move|p2a: Garganacl|Salt Cure|p1a: Alomomola\n|-damage|p1a: Alomomola|52\/100 psn\n|-start|p1a: Alomomola|Salt Cure\n|\n|-weather|Snow|[upkeep]\n|-damage|p1a: Alomomola|40\/100 psn|[from] psn\n|-damage|p1a: Alomomola|15\/100 psn|[from] Salt Cure\n|upkeep\n|turn|16\n|\n|t:|1701191675\n|move|p1a: Alomomola|Flip Turn|p2a: Garganacl\n|-damage|p2a: Garganacl|97\/100\n|\n|t:|1701191690\n|switch|p1a: Thundurus|Thundurus-Therian, M|100\/100|[from] Flip Turn\n|-damage|p1a: Thundurus|76\/100|[from] Stealth Rock\n|move|p2a: Garganacl|Salt Cure|p1a: Thundurus\n|-supereffective|p1a: Thundurus\n|-damage|p1a: Thundurus|36\/100\n|-start|p1a: Thundurus|Salt Cure\n|\n|-weather|none\n|-heal|p1a: Thundurus|100\/100|[from] move: Wish|[wisher] Alomomola\n|-heal|p2a: Garganacl|100\/100|[from] item: Leftovers\n|-damage|p1a: Thundurus|88\/100|[from] Salt Cure\n|upkeep\n|turn|17\n|\n|t:|1701191701\n|move|p1a: Thundurus|Volt Switch|p2a: Garganacl\n|-damage|p2a: Garganacl|60\/100\n|\n|t:|1701191705\n|switch|p1a: Slowking|Slowking-Galar, F|100\/100|[from] Volt Switch\n|-damage|p1a: Slowking|88\/100|[from] Stealth Rock\n|move|p2a: Garganacl|Salt Cure|p1a: Slowking\n|-damage|p1a: Slowking|73\/100\n|-start|p1a: Slowking|Salt Cure\n|\n|-heal|p2a: Garganacl|66\/100|[from] item: Leftovers\n|-damage|p1a: Slowking|61\/100|[from] Salt Cure\n|upkeep\n|turn|18\n|\n|t:|1701191716\n|move|p2a: Garganacl|Salt Cure|p1a: Slowking\n|-damage|p1a: Slowking|46\/100\n|move|p1a: Slowking|Future Sight|p2a: Garganacl\n|-start|p1a: Slowking|move: Future Sight\n|\n|-heal|p2a: Garganacl|72\/100|[from] item: Leftovers\n|-damage|p1a: Slowking|33\/100|[from] Salt Cure\n|upkeep\n|turn|19\n|\n|t:|1701191726\n|switch|p1a: Alomomola|Alomomola, F|48\/100 psn\n|-damage|p1a: Alomomola|36\/100 psn|[from] Stealth Rock\n|move|p2a: Garganacl|Salt Cure|p1a: Alomomola\n|-damage|p1a: Alomomola|27\/100 psn\n|-start|p1a: Alomomola|Salt Cure\n|\n|-heal|p2a: Garganacl|78\/100|[from] item: Leftovers\n|-damage|p1a: Alomomola|15\/100 psn|[from] psn\n|-damage|p1a: Alomomola|0 fnt|[from] Salt Cure\n|faint|p1a: Alomomola\n|upkeep\n|j| JordiElNinoAlola\n|l| JordiElNinoAlola\n|\n|t:|1701191738\n|switch|p1a: Kingambit|Kingambit, F|100\/100\n|-damage|p1a: Kingambit|94\/100|[from] Stealth Rock\n|-activate|p1a: Kingambit|ability: Supreme Overlord\n|-start|p1a: Kingambit|fallen1|[silent]\n|turn|20\n|\n|t:|1701191746\n|switch|p2a: Umbreon|Umbreon, M, shiny|100\/100\n|move|p1a: Kingambit|Iron Head|p2a: Umbreon\n|-damage|p2a: Umbreon|70\/100\n|\n|-end|p2a: Umbreon|move: Future Sight\n|-immune|p2a: Umbreon\n|-heal|p2a: Umbreon|76\/100|[from] item: Leftovers\n|-heal|p1a: Kingambit|100\/100|[from] item: Leftovers\n|upkeep\n|turn|21\n|\n|t:|1701191755\n|-end|p1a: Kingambit|fallen1|[silent]\n|switch|p1a: Great Tusk|Great Tusk|98\/100\n|-damage|p1a: Great Tusk|95\/100|[from] Stealth Rock\n|move|p2a: Umbreon|Yawn|p1a: Great Tusk\n|-start|p1a: Great Tusk|move: Yawn|[of] p2a: Umbreon\n|\n|-heal|p2a: Umbreon|82\/100|[from] item: Leftovers\n|upkeep\n|turn|22\n|\n|t:|1701191766\n|-end|p1a: Great Tusk|Protosynthesis|[silent]\n|switch|p1a: Slowking|Slowking-Galar, F|66\/100\n|-damage|p1a: Slowking|54\/100|[from] Stealth Rock\n|move|p2a: Umbreon|Wish|p2a: Umbreon\n|\n|-heal|p2a: Umbreon|88\/100|[from] item: Leftovers\n|upkeep\n|turn|23\n|\n|t:|1701191772\n|switch|p2a: Garganacl|Garganacl, M, shiny, tera:Ghost|78\/100\n|move|p1a: Slowking|Chilly Reception|p1a: Slowking\n|-weather|Snow\n|\n|t:|1701191776\n|switch|p1a: Kingambit|Kingambit, F|100\/100|[from] Chilly Reception\n|-damage|p1a: Kingambit|94\/100|[from] Stealth Rock\n|-activate|p1a: Kingambit|ability: Supreme Overlord\n|-start|p1a: Kingambit|fallen1|[silent]\n|\n|-weather|Snow|[upkeep]\n|-heal|p2a: Garganacl|100\/100|[from] move: Wish|[wisher] Umbreon\n|-heal|p1a: Kingambit|100\/100|[from] item: Leftovers\n|upkeep\n|turn|24\n|\n|t:|1701191783\n|switch|p2a: Umbreon|Umbreon, M, shiny|88\/100\n|move|p1a: Kingambit|Kowtow Cleave|p2a: Umbreon\n|-resisted|p2a: Umbreon\n|-damage|p2a: Umbreon|70\/100\n|\n|-weather|Snow|[upkeep]\n|-heal|p2a: Umbreon|76\/100|[from] item: Leftovers\n|upkeep\n|turn|25\n|\n|t:|1701191788\n|-end|p1a: Kingambit|fallen1|[silent]\n|switch|p1a: Great Tusk|Great Tusk|95\/100\n|-damage|p1a: Great Tusk|92\/100|[from] Stealth Rock\n|move|p2a: Umbreon|Wish|p2a: Umbreon\n|\n|-weather|Snow|[upkeep]\n|-heal|p2a: Umbreon|82\/100|[from] item: Leftovers\n|upkeep\n|turn|26\n|\n|t:|1701191801\n|switch|p2a: Garganacl|Garganacl, M, shiny, tera:Ghost|100\/100\n|move|p1a: Great Tusk|Rapid Spin|p2a: Garganacl\n|-immune|p2a: Garganacl\n|\n|-weather|Snow|[upkeep]\n|upkeep\n|turn|27\n|\n|t:|1701191808\n|move|p1a: Great Tusk|Stealth Rock|p2a: Garganacl\n|-sidestart|p2: liaoya|move: Stealth Rock\n|move|p2a: Garganacl|Salt Cure|p1a: Great Tusk\n|-resisted|p1a: Great Tusk\n|-damage|p1a: Great Tusk|89\/100\n|-start|p1a: Great Tusk|Salt Cure\n|\n|-weather|none\n|-damage|p1a: Great Tusk|77\/100|[from] Salt Cure\n|upkeep\n|turn|28\n|\n|t:|1701191813\n|-end|p1a: Great Tusk|Protosynthesis|[silent]\n|switch|p1a: Slowking|Slowking-Galar, F|87\/100\n|-damage|p1a: Slowking|75\/100|[from] Stealth Rock\n|move|p2a: Garganacl|Salt Cure|p1a: Slowking\n|-damage|p1a: Slowking|60\/100\n|-start|p1a: Slowking|Salt Cure\n|\n|-damage|p1a: Slowking|48\/100|[from] Salt Cure\n|upkeep\n|turn|29\n|\n|t:|1701191818\n|move|p2a: Garganacl|Iron Defense|p2a: Garganacl\n|-boost|p2a: Garganacl|def|2\n|move|p1a: Slowking|Chilly Reception|p1a: Slowking\n|-weather|Snow\n|\n|t:|1701191828\n|switch|p1a: Thundurus|Thundurus-Therian, M|88\/100|[from] Chilly Reception\n|-damage|p1a: Thundurus|63\/100|[from] Stealth Rock\n|\n|-weather|Snow|[upkeep]\n|upkeep\n|turn|30\n|\n|t:|1701191843\n|move|p1a: Thundurus|Volt Switch|p2a: Garganacl\n|-damage|p2a: Garganacl|59\/100\n|\n|t:|1701191849\n|switch|p1a: Slowking|Slowking-Galar, F|81\/100|[from] Volt Switch\n|-damage|p1a: Slowking|69\/100|[from] Stealth Rock\n|move|p2a: Garganacl|Salt Cure|p1a: Slowking\n|-damage|p1a: Slowking|55\/100\n|-start|p1a: Slowking|Salt Cure\n|\n|-weather|Snow|[upkeep]\n|-heal|p2a: Garganacl|66\/100|[from] item: Leftovers\n|-damage|p1a: Slowking|42\/100|[from] Salt Cure\n|upkeep\n|turn|31\n|\n|t:|1701191854\n|move|p2a: Garganacl|Salt Cure|p1a: Slowking\n|-damage|p1a: Slowking|29\/100\n|move|p1a: Slowking|Chilly Reception|p1a: Slowking\n|\n|t:|1701191858\n|switch|p1a: Thundurus|Thundurus-Therian, M|63\/100|[from] Chilly Reception\n|-damage|p1a: Thundurus|39\/100|[from] Stealth Rock\n|\n|-weather|Snow|[upkeep]\n|-heal|p2a: Garganacl|72\/100|[from] item: Leftovers\n|upkeep\n|turn|32\n|\n|t:|1701191865\n|-terastallize|p1a: Thundurus|Flying\n|move|p1a: Thundurus|Tera Blast|p2a: Garganacl|[anim] Tera Blast Flying\n|-damage|p2a: Garganacl|7\/100\n|move|p2a: Garganacl|Salt Cure|p1a: Thundurus\n|-supereffective|p1a: Thundurus\n|-damage|p1a: Thundurus|0 fnt\n|faint|p1a: Thundurus\n|\n|-weather|Snow|[upkeep]\n|-heal|p2a: Garganacl|14\/100|[from] item: Leftovers\n|upkeep\n|\n|t:|1701191873\n|switch|p1a: Kingambit|Kingambit, F|100\/100\n|-damage|p1a: Kingambit|94\/100|[from] Stealth Rock\n|-activate|p1a: Kingambit|ability: Supreme Overlord\n|-start|p1a: Kingambit|fallen2|[silent]\n|turn|33\n|\n|t:|1701191876\n|switch|p2a: Umbreon|Umbreon, M, shiny|82\/100\n|-damage|p2a: Umbreon|70\/100|[from] Stealth Rock\n|move|p1a: Kingambit|Swords Dance|p1a: Kingambit\n|-boost|p1a: Kingambit|atk|2\n|\n|-weather|none\n|-heal|p2a: Umbreon|76\/100|[from] item: Leftovers\n|-heal|p1a: Kingambit|100\/100|[from] item: Leftovers\n|upkeep\n|turn|34\n|\n|t:|1701191880\n|move|p2a: Umbreon|Yawn|p1a: Kingambit\n|-start|p1a: Kingambit|move: Yawn|[of] p2a: Umbreon\n|move|p1a: Kingambit|Iron Head|p2a: Umbreon\n|-damage|p2a: Umbreon|0 fnt\n|faint|p2a: Umbreon\n|\n|upkeep\n|\n|t:|1701191890\n|switch|p2a: Glimmora|Glimmora, F|38\/100 brn\n|-damage|p2a: Glimmora|26\/100 brn|[from] Stealth Rock\n|turn|35\n|\n|t:|1701191904\n|-end|p1a: Kingambit|fallen2|[silent]\n|switch|p1a: Slowking|Slowking-Galar, F|62\/100\n|-damage|p1a: Slowking|50\/100|[from] Stealth Rock\n|move|p2a: Glimmora|Mortal Spin|p1a: Slowking\n|-resisted|p1a: Slowking\n|-damage|p1a: Slowking|48\/100\n|-sideend|p2: liaoya|Stealth Rock|[from] move: Mortal Spin|[of] p2a: Glimmora\n|\n|-damage|p2a: Glimmora|19\/100 brn|[from] brn\n|upkeep\n|turn|36\n|\n|t:|1701191909\n|move|p2a: Glimmora|Spikes|p1a: Slowking\n|-sidestart|p1: The Lazy Onee|Spikes\n|move|p1a: Slowking|Chilly Reception|p1a: Slowking\n|-weather|Snow\n|\n|t:|1701191914\n|switch|p1a: Great Tusk|Great Tusk|77\/100|[from] Chilly Reception\n|-damage|p1a: Great Tusk|74\/100|[from] Stealth Rock\n|-damage|p1a: Great Tusk|61\/100|[from] Spikes\n|\n|-weather|Snow|[upkeep]\n|-damage|p2a: Glimmora|13\/100 brn|[from] brn\n|upkeep\n|turn|37\n|\n|t:|1701191926\n|move|p1a: Great Tusk|Rapid Spin|p2a: Glimmora\n|-resisted|p2a: Glimmora\n|-damage|p2a: Glimmora|6\/100 brn\n|-boost|p1a: Great Tusk|spe|1\n|-activate|p2a: Glimmora|ability: Toxic Debris\n|-sidestart|p1: The Lazy Onee|move: Toxic Spikes\n|-sideend|p1: The Lazy Onee|Spikes|[from] move: Rapid Spin|[of] p1a: Great Tusk\n|-sideend|p1: The Lazy Onee|Toxic Spikes|[from] move: Rapid Spin|[of] p1a: Great Tusk\n|-sideend|p1: The Lazy Onee|Stealth Rock|[from] move: Rapid Spin|[of] p1a: Great Tusk\n|move|p2a: Glimmora|Mortal Spin|p1a: Great Tusk\n|-resisted|p1a: Great Tusk\n|-damage|p1a: Great Tusk|60\/100\n|-status|p1a: Great Tusk|psn\n|-damage|p2a: Glimmora|0 fnt|[from] item: Rocky Helmet|[of] p1a: Great Tusk\n|faint|p2a: Glimmora\n|\n|-weather|Snow|[upkeep]\n|-damage|p1a: Great Tusk|48\/100 psn|[from] psn\n|upkeep\n|\n|t:|1701191932\n|switch|p2a: Drifblim|Drifblim, M|100\/100\n|turn|38\n|\n|t:|1701191941\n|move|p1a: Great Tusk|Stealth Rock|p2a: Drifblim\n|-sidestart|p2: liaoya|move: Stealth Rock\n|move|p2a: Drifblim|Trick|p1a: Great Tusk\n|-activate|p2a: Drifblim|move: Trick|[of] p1a: Great Tusk\n|-item|p1a: Great Tusk|Choice Scarf|[from] move: Trick\n|-item|p2a: Drifblim|Rocky Helmet|[from] move: Trick\n|\n|-weather|Snow|[upkeep]\n|-damage|p1a: Great Tusk|36\/100 psn|[from] psn\n|upkeep\n|turn|39\n|\n|t:|1701191948\n|move|p1a: Great Tusk|Ice Spinner|p2a: Drifblim\n|-supereffective|p2a: Drifblim\n|-damage|p2a: Drifblim|20\/100\n|-damage|p1a: Great Tusk|19\/100 psn|[from] item: Rocky Helmet|[of] p2a: Drifblim\n|move|p2a: Drifblim|Defog|p1a: Great Tusk\n|-unboost|p1a: Great Tusk|evasion|1\n|-sideend|p2: liaoya|Stealth Rock|[from] move: Defog|[of] p2a: Drifblim\n|\n|-weather|Snow|[upkeep]\n|-damage|p1a: Great Tusk|7\/100 psn|[from] psn\n|upkeep\n|turn|40\n|\n|t:|1701191966\n|switch|p2a: Espeon|Espeon, F|100\/100\n|move|p1a: Great Tusk|Ice Spinner|p2a: Espeon\n|-damage|p2a: Espeon|70\/100\n|\n|-weather|none\n|-damage|p1a: Great Tusk|0 fnt|[from] psn\n|faint|p1a: Great Tusk\n|-end|p1a: Great Tusk|Protosynthesis|[silent]\n|upkeep\n|\n|t:|1701191971\n|switch|p1a: Cinderace|Cinderace, F|100\/100\n|turn|41\n|\n|t:|1701191975\n|move|p2a: Espeon|Trick|p1a: Cinderace\n|-activate|p2a: Espeon|move: Trick|[of] p1a: Cinderace\n|-item|p1a: Cinderace|Choice Scarf|[from] move: Trick\n|-item|p2a: Espeon|Heavy-Duty Boots|[from] move: Trick\n|move|p1a: Cinderace|U-turn|p2a: Espeon\n|-start|p1a: Cinderace|typechange|Bug|[from] ability: Libero\n|-supereffective|p2a: Espeon\n|-damage|p2a: Espeon|0 fnt\n|faint|p2a: Espeon\n|\n|t:|1701191983\n|switch|p1a: Kingambit|Kingambit, F|100\/100|[from] U-turn\n|-activate|p1a: Kingambit|ability: Supreme Overlord\n|-start|p1a: Kingambit|fallen3|[silent]\n|\n|upkeep\n|\n|t:|1701191985\n|switch|p2a: Drifblim|Drifblim, M|20\/100\n|turn|42\n|\n|t:|1701191990\n|-end|p1a: Kingambit|fallen3|[silent]\n|switch|p1a: Cinderace|Cinderace, F|100\/100\n|move|p2a: Drifblim|Destiny Bond|p2a: Drifblim\n|-singlemove|p2a: Drifblim|Destiny Bond\n|\n|upkeep\n|turn|43\n|\n|t:|1701191998\n|move|p1a: Cinderace|U-turn|p2a: Drifblim\n|-start|p1a: Cinderace|typechange|Bug|[from] ability: Libero\n|-resisted|p2a: Drifblim\n|-damage|p2a: Drifblim|8\/100\n|-damage|p1a: Cinderace|84\/100|[from] item: Rocky Helmet|[of] p2a: Drifblim\n|\n|t:|1701192003\n|switch|p1a: Slowking|Slowking-Galar, F|81\/100|[from] U-turn\n|move|p2a: Drifblim|Destiny Bond||[still]\n|-fail|p2a: Drifblim\n|\n|upkeep\n|turn|44\n|\n|t:|1701192009\n|switch|p2a: Garganacl|Garganacl, M, shiny, tera:Ghost|14\/100\n|move|p1a: Slowking|Chilly Reception|p1a: Slowking\n|-weather|Snow\n|\n|t:|1701192011\n|switch|p1a: Kingambit|Kingambit, F|100\/100|[from] Chilly Reception\n|-activate|p1a: Kingambit|ability: Supreme Overlord\n|-start|p1a: Kingambit|fallen3|[silent]\n|\n|-weather|Snow|[upkeep]\n|-heal|p2a: Garganacl|20\/100|[from] item: Leftovers\n|upkeep\n|turn|45\n|\n|t:|1701192015\n|switch|p2a: Drifblim|Drifblim, M|8\/100\n|move|p1a: Kingambit|Kowtow Cleave|p2a: Drifblim\n|-supereffective|p2a: Drifblim\n|-crit|p2a: Drifblim\n|-damage|p2a: Drifblim|0 fnt\n|-damage|p1a: Kingambit|76\/100|[from] ability: Aftermath|[of] p2a: Drifblim\n|-damage|p1a: Kingambit|59\/100|[from] item: Rocky Helmet|[of] p2a: Drifblim\n|faint|p2a: Drifblim\n|\n|-weather|Snow|[upkeep]\n|-heal|p1a: Kingambit|65\/100|[from] item: Leftovers\n|upkeep\n|\n|t:|1701192016\n|switch|p2a: Garganacl|Garganacl, M, shiny, tera:Ghost|20\/100\n|turn|46\n|\n|t:|1701192019\n|move|p1a: Kingambit|Kowtow Cleave|p2a: Garganacl\n|-supereffective|p2a: Garganacl\n|-damage|p2a: Garganacl|0 fnt\n|faint|p2a: Garganacl\n|\n|win|The Lazy Onee\n|raw|The Lazy Onee's rating: 1526 &rarr; <strong>1548<\/strong><br \/>(+22 for winning)\n|raw|liaoya's rating: 1555 &rarr; <strong>1533<\/strong><br \/>(-22 for losing)\n|l|\u2606liaoya\n","uploadtime":1701192433,"views":1,"p1id":"thelazyonee","p2id":"liaoya","formatid":"gen9ou","rating":1533,"private":0,"password":""}