{"id":"gen9ou-1995272587","p1":"Hoelympics","p2":"Powerbo","format":"[Gen 9] OU","log":"|j|\u2606Hoelympics\n|j|\u2606Powerbo\n|t:|1700544759\n|gametype|singles\n|player|p1|Hoelympics|bellelba|1229\n|player|p2|Powerbo|ninjaboy|1198\n|teamsize|p1|6\n|teamsize|p2|6\n|gen|9\n|tier|[Gen 9] OU\n|rated|\n|rule|Sleep Clause Mod: Limit one foe put to sleep\n|rule|Species Clause: Limit one of each Pok\u00e9mon\n|rule|OHKO Clause: OHKO moves are banned\n|rule|Evasion Items Clause: Evasion items are banned\n|rule|Evasion Moves Clause: Evasion moves are banned\n|rule|Endless Battle Clause: Forcing endless battles is banned\n|rule|HP Percentage Mod: HP is shown in percentages\n|clearpoke\n|poke|p1|Indeedee, M|\n|poke|p1|Medicham, F|\n|poke|p1|Espeon, F|\n|poke|p1|Hatterene, F|\n|poke|p1|Armarouge, M|\n|poke|p1|Gardevoir, F|\n|poke|p2|Great Tusk|\n|poke|p2|Zapdos|\n|poke|p2|Maushold-Four|\n|poke|p2|Clefable, M|\n|poke|p2|Heatran, F|\n|poke|p2|Ogerpon-Wellspring, F|\n|teampreview\n|inactive|Battle timer is ON: inactive players will automatically lose when time's up. (requested by Hoelympics)\n|\n|t:|1700544769\n|start\n|switch|p1a: Kisuke|Indeedee, M|100\/100\n|switch|p2a: Maushold|Maushold-Four|100\/100\n|-fieldstart|move: Psychic Terrain|[from] ability: Psychic Surge|[of] p1a: Kisuke\n|turn|1\n|\n|t:|1700544782\n|move|p2a: Maushold|Tidy Up|p2a: Maushold\n|-boost|p2a: Maushold|atk|1\n|-boost|p2a: Maushold|spe|1\n|move|p1a: Kisuke|Encore|p2a: Maushold\n|-start|p2a: Maushold|Encore\n|\n|upkeep\n|turn|2\n|\n|t:|1700544796\n|move|p2a: Maushold|Tidy Up|p2a: Maushold\n|-boost|p2a: Maushold|atk|1\n|-boost|p2a: Maushold|spe|1\n|move|p1a: Kisuke|Psychic|p2a: Maushold\n|-damage|p2a: Maushold|35\/100\n|\n|upkeep\n|turn|3\n|\n|t:|1700544812\n|switch|p2a: Ogerpon|Ogerpon-Wellspring, F|100\/100\n|move|p1a: Kisuke|Psychic|p2a: Ogerpon\n|-damage|p2a: Ogerpon|55\/100\n|\n|upkeep\n|turn|4\n|\n|t:|1700544823\n|switch|p1a: Ichigo|Armarouge, M|100\/100\n|move|p2a: Ogerpon|U-turn|p1a: Ichigo\n|-damage|p1a: Ichigo|71\/100\n|-ability|p1a: Ichigo|Weak Armor|boost\n|-unboost|p1a: Ichigo|def|1\n|-boost|p1a: Ichigo|spe|2\n|\n|t:|1700544831\n|switch|p2a: Heatran|Heatran, F|100\/100|[from] U-turn\n|\n|upkeep\n|turn|5\n|\n|t:|1700544837\n|move|p1a: Ichigo|Focus Blast|p2a: Heatran\n|-supereffective|p2a: Heatran\n|-damage|p2a: Heatran|29\/100\n|move|p2a: Heatran|Earth Power|p1a: Ichigo\n|-supereffective|p1a: Ichigo\n|-damage|p1a: Ichigo|0 fnt\n|faint|p1a: Ichigo\n|\n|-heal|p2a: Heatran|35\/100|[from] item: Leftovers\n|upkeep\n|\n|t:|1700544845\n|switch|p1a: Unohana|Gardevoir, F, shiny|100\/100\n|-ability|p1a: Unohana|Flash Fire|[from] ability: Trace|[of] p2a: Heatran\n|turn|6\n|j| nosh_becausem\n|\n|t:|1700544851\n|move|p1a: Unohana|Future Sight|p2a: Heatran\n|-start|p1a: Unohana|move: Future Sight\n|move|p2a: Heatran|Taunt|p1a: Unohana\n|-start|p1a: Unohana|move: Taunt\n|\n|-heal|p2a: Heatran|41\/100|[from] item: Leftovers\n|upkeep\n|turn|7\n|\n|t:|1700544854\n|move|p1a: Unohana|Aura Sphere|p2a: Heatran\n|-supereffective|p2a: Heatran\n|-damage|p2a: Heatran|3\/100\n|move|p2a: Heatran|Flash Cannon|p1a: Unohana\n|-supereffective|p1a: Unohana\n|-damage|p1a: Unohana|58\/100\n|\n|-heal|p2a: Heatran|9\/100|[from] item: Leftovers\n|upkeep\n|turn|8\n|\n|t:|1700544862\n|switch|p2a: Clefable|Clefable, M|100\/100\n|move|p1a: Unohana|Aura Sphere|p2a: Clefable\n|-resisted|p2a: Clefable\n|-damage|p2a: Clefable|90\/100\n|\n|-end|p2a: Clefable|move: Future Sight\n|-damage|p2a: Clefable|26\/100\n|-fieldend|move: Psychic Terrain\n|upkeep\n|turn|9\n|\n|t:|1700544868\n|move|p1a: Unohana|Moonblast|p2a: Clefable\n|-damage|p2a: Clefable|0 fnt\n|faint|p2a: Clefable\n|\n|-end|p1a: Unohana|move: Taunt\n|upkeep\n|\n|t:|1700544881\n|switch|p2a: Great Tusk|Great Tusk|100\/100\n|turn|10\n|\n|t:|1700544890\n|switch|p1a: Orihime|Hatterene, F|100\/100\n|move|p2a: Great Tusk|Knock Off|p1a: Orihime\n|-damage|p1a: Orihime|74\/100\n|-enditem|p1a: Orihime|Leftovers|[from] move: Knock Off|[of] p2a: Great Tusk\n|\n|upkeep\n|turn|11\n|\n|t:|1700544903\n|-end|p2a: Great Tusk|Protosynthesis|[silent]\n|switch|p2a: Heatran|Heatran, F|9\/100\n|move|p1a: Orihime|Draining Kiss|p2a: Heatran\n|-resisted|p2a: Heatran\n|-damage|p2a: Heatran|4\/100\n|-heal|p1a: Orihime|78\/100|[from] drain|[of] p2a: Heatran\n|\n|-heal|p2a: Heatran|10\/100|[from] item: Leftovers\n|upkeep\n|turn|12\n|\n|t:|1700544910\n|move|p2a: Heatran|Flash Cannon|p1a: Orihime\n|-supereffective|p1a: Orihime\n|-damage|p1a: Orihime|0 fnt\n|faint|p1a: Orihime\n|\n|-heal|p2a: Heatran|17\/100|[from] item: Leftovers\n|upkeep\n|\n|t:|1700544921\n|switch|p1a: Kisuke|Indeedee, M|100\/100\n|-fieldstart|move: Psychic Terrain|[from] ability: Psychic Surge|[of] p1a: Kisuke\n|turn|13\n|\n|t:|1700544928\n|move|p1a: Kisuke|Healing Wish|p1a: Kisuke\n|faint|p1a: Kisuke\n|move|p2a: Heatran|Taunt|p1: Kisuke|[notarget]\n|-fail|p2a: Heatran\n|\n|-heal|p2a: Heatran|23\/100|[from] item: Leftovers\n|upkeep\n|\n|t:|1700544931\n|switch|p1a: Unohana|Gardevoir, F, shiny|58\/100\n|-heal|p1a: Unohana|100\/100|[from] move: Healing Wish\n|-ability|p1a: Unohana|Flash Fire|[from] ability: Trace|[of] p2a: Heatran\n|turn|14\n|c| nosh_becausem|yo ong?\n|\n|t:|1700544956\n|switch|p2a: Zapdos|Zapdos|100\/100\n|-terastallize|p1a: Unohana|Steel\n|move|p1a: Unohana|Future Sight|p2a: Zapdos\n|-start|p1a: Unohana|move: Future Sight\n|\n|upkeep\n|turn|15\n|\n|t:|1700544962\n|move|p2a: Zapdos|Heat Wave|p1a: Unohana\n|-start|p1a: Unohana|ability: Flash Fire\n|move|p1a: Unohana|Moonblast|p2a: Zapdos\n|-damage|p2a: Zapdos|54\/100\n|\n|upkeep\n|turn|16\n|c| nosh_becausem|power does a stupid\n|c| nosh_becausem|like usual\n|\n|t:|1700544979\n|move|p2a: Zapdos|Volt Switch|p1a: Unohana\n|-damage|p1a: Unohana|85\/100\n|\n|t:|1700544999\n|switch|p2a: Ogerpon|Ogerpon-Wellspring, F|55\/100|[from] Volt Switch\n|move|p1a: Unohana|Moonblast|p2a: Ogerpon\n|-damage|p2a: Ogerpon|2\/100\n|-unboost|p2a: Ogerpon|spa|1\n|\n|-end|p2a: Ogerpon|move: Future Sight\n|-damage|p2a: Ogerpon|0 fnt\n|faint|p2a: Ogerpon\n|upkeep\n|inactive|Powerbo has 120 seconds left.\n|\n|t:|1700545013\n|switch|p2a: Great Tusk|Great Tusk|100\/100\n|turn|17\n|\n|t:|1700545016\n|move|p2a: Great Tusk|Headlong Rush|p1a: Unohana\n|-supereffective|p1a: Unohana\n|-damage|p1a: Unohana|0 fnt\n|-unboost|p2a: Great Tusk|def|1\n|-unboost|p2a: Great Tusk|spd|1\n|faint|p1a: Unohana\n|\n|upkeep\n|\n|t:|1700545021\n|switch|p1a: Yoruichi|Espeon, F|100\/100\n|turn|18\n|\n|t:|1700545024\n|move|p1a: Yoruichi|Psychic|p2a: Great Tusk\n|-supereffective|p2a: Great Tusk\n|-damage|p2a: Great Tusk|0 fnt\n|faint|p2a: Great Tusk\n|-end|p2a: Great Tusk|Protosynthesis|[silent]\n|\n|upkeep\n|\n|t:|1700545030\n|switch|p2a: Maushold|Maushold-Four|35\/100\n|turn|19\n|\n|t:|1700545034\n|-terastallize|p2a: Maushold|Normal\n|move|p1a: Yoruichi|Psychic|p2a: Maushold\n|-damage|p2a: Maushold|0 fnt\n|faint|p2a: Maushold\n|\n|upkeep\n|\n|t:|1700545040\n|switch|p2a: Zapdos|Zapdos|54\/100\n|turn|20\n|\n|t:|1700545042\n|move|p1a: Yoruichi|Psychic|p2a: Zapdos\n|-damage|p2a: Zapdos|0 fnt\n|faint|p2a: Zapdos\n|\n|-fieldend|move: Psychic Terrain\n|upkeep\n|\n|t:|1700545044\n|switch|p2a: Heatran|Heatran, F|23\/100\n|turn|21\n|\n|t:|1700545048\n|move|p1a: Yoruichi|Psychic|p2a: Heatran\n|-resisted|p2a: Heatran\n|-damage|p2a: Heatran|5\/100\n|move|p2a: Heatran|Magma Storm|p1a: Yoruichi|[miss]\n|-miss|p2a: Heatran|p1a: Yoruichi\n|\n|-heal|p2a: Heatran|11\/100|[from] item: Leftovers\n|upkeep\n|turn|22\n|\n|t:|1700545053\n|move|p1a: Yoruichi|Psychic|p2a: Heatran\n|-resisted|p2a: Heatran\n|-damage|p2a: Heatran|0 fnt\n|faint|p2a: Heatran\n|\n|win|Hoelympics\n|raw|Hoelympics's rating: 1229 &rarr; <strong>1252<\/strong><br \/>(+23 for winning)\n|raw|Powerbo's rating: 1198 &rarr; <strong>1175<\/strong><br \/>(-23 for losing)\n|c|\u2606Powerbo|Gg\n|c| nosh_becausem|what no dark type does to a mf\n|c|\u2606Hoelympics|gg\n|l|\u2606Powerbo\n|l|\u2606Hoelympics\n","uploadtime":1700545070,"views":19,"p1id":"hoelympics","p2id":"powerbo","formatid":"gen9ou","rating":1175,"private":0,"password":""}