{"id":"gen9ou-1989289460","p1":"HeWhoUsesOldMan","p2":"dwarfleader","format":"[Gen 9] OU","log":"|j|\u2606HeWhoUsesOldMan\n|j|\u2606dwarfleader\n|t:|1699832383\n|gametype|singles\n|player|p1|HeWhoUsesOldMan|li|1357\n|player|p2|dwarfleader|265|1301\n|teamsize|p1|6\n|teamsize|p2|6\n|gen|9\n|tier|[Gen 9] OU\n|rated|\n|rule|Sleep Clause Mod: Limit one foe put to sleep\n|rule|Species Clause: Limit one of each Pok\u00e9mon\n|rule|OHKO Clause: OHKO moves are banned\n|rule|Evasion Items Clause: Evasion items are banned\n|rule|Evasion Moves Clause: Evasion moves are banned\n|rule|Endless Battle Clause: Forcing endless battles is banned\n|rule|HP Percentage Mod: HP is shown in percentages\n|clearpoke\n|poke|p1|Toxapex, M|\n|poke|p1|Corviknight, M|\n|poke|p1|Landorus-Therian, M|\n|poke|p1|Kingambit, M|\n|poke|p1|Skeledirge, F|\n|poke|p1|Munkidori, M|\n|poke|p2|Rillaboom, F|\n|poke|p2|Garganacl, M|\n|poke|p2|Sneasler, F|\n|poke|p2|Iron Treads|\n|poke|p2|Dondozo, M|\n|poke|p2|Skeledirge, M|\n|teampreview\n|\n|t:|1699832407\n|start\n|switch|p1a: Munkidori|Munkidori, M|100\/100\n|switch|p2a: Garganacl|Garganacl, M|100\/100\n|turn|1\n|\n|t:|1699832415\n|move|p1a: Munkidori|Parting Shot|p2a: Garganacl\n|-unboost|p2a: Garganacl|atk|1\n|-unboost|p2a: Garganacl|spa|1\n|\n|t:|1699832425\n|switch|p1a: Toxapex|Toxapex, M|100\/100|[from] Parting Shot\n|move|p2a: Garganacl|Curse|p2a: Garganacl\n|-unboost|p2a: Garganacl|spe|1\n|-boost|p2a: Garganacl|atk|1\n|-boost|p2a: Garganacl|def|1\n|\n|upkeep\n|turn|2\n|\n|t:|1699832445\n|move|p1a: Toxapex|Toxic Spikes|p2a: Garganacl\n|-sidestart|p2: dwarfleader|move: Toxic Spikes\n|move|p2a: Garganacl|Salt Cure|p1a: Toxapex\n|-damage|p1a: Toxapex|91\/100\n|-start|p1a: Toxapex|Salt Cure\n|\n|-heal|p1a: Toxapex|98\/100|[from] item: Leftovers\n|-damage|p1a: Toxapex|73\/100|[from] Salt Cure\n|upkeep\n|turn|3\n|\n|t:|1699832456\n|move|p1a: Toxapex|Surf|p2a: Garganacl\n|-supereffective|p2a: Garganacl\n|-damage|p2a: Garganacl|68\/100\n|move|p2a: Garganacl|Curse|p2a: Garganacl\n|-unboost|p2a: Garganacl|spe|1\n|-boost|p2a: Garganacl|atk|1\n|-boost|p2a: Garganacl|def|1\n|\n|-heal|p1a: Toxapex|79\/100|[from] item: Leftovers\n|-heal|p2a: Garganacl|74\/100|[from] item: Leftovers\n|-damage|p1a: Toxapex|54\/100|[from] Salt Cure\n|upkeep\n|turn|4\n|\n|t:|1699832470\n|switch|p1a: Skeledirge|Skeledirge, F|100\/100\n|move|p2a: Garganacl|Earthquake|p1a: Skeledirge\n|-supereffective|p1a: Skeledirge\n|-damage|p1a: Skeledirge|62\/100\n|\n|-heal|p2a: Garganacl|80\/100|[from] item: Leftovers\n|upkeep\n|turn|5\n|\n|t:|1699832502\n|move|p1a: Skeledirge|Encore|p2a: Garganacl\n|-start|p2a: Garganacl|Encore\n|move|p2a: Garganacl|Earthquake|p1a: Skeledirge\n|-supereffective|p1a: Skeledirge\n|-damage|p1a: Skeledirge|26\/100\n|\n|-heal|p2a: Garganacl|86\/100|[from] item: Leftovers\n|upkeep\n|turn|6\n|\n|t:|1699832508\n|move|p1a: Skeledirge|Slack Off|p1a: Skeledirge\n|-heal|p1a: Skeledirge|76\/100\n|move|p2a: Garganacl|Earthquake|p1a: Skeledirge\n|-supereffective|p1a: Skeledirge\n|-damage|p1a: Skeledirge|40\/100\n|\n|-heal|p2a: Garganacl|93\/100|[from] item: Leftovers\n|upkeep\n|turn|7\n|\n|t:|1699832529\n|switch|p2a: Iron Treads|Iron Treads|100\/100\n|-enditem|p2a: Iron Treads|Booster Energy\n|-activate|p2a: Iron Treads|ability: Quark Drive|[fromitem]\n|-start|p2a: Iron Treads|quarkdrivespe\n|move|p1a: Skeledirge|Torch Song|p2a: Iron Treads\n|-supereffective|p2a: Iron Treads\n|-damage|p2a: Iron Treads|5\/100\n|-boost|p1a: Skeledirge|spa|1\n|\n|upkeep\n|turn|8\n|\n|t:|1699832556\n|switch|p1a: Landorus|Landorus-Therian, M|100\/100\n|-ability|p1a: Landorus|Intimidate|boost\n|-unboost|p2a: Iron Treads|atk|1\n|move|p2a: Iron Treads|Knock Off|p1a: Landorus\n|-damage|p1a: Landorus|77\/100\n|-enditem|p1a: Landorus|Life Orb|[from] move: Knock Off|[of] p2a: Iron Treads\n|\n|upkeep\n|turn|9\n|\n|t:|1699832578\n|move|p2a: Iron Treads|Rapid Spin|p1a: Landorus\n|-damage|p1a: Landorus|64\/100\n|-boost|p2a: Iron Treads|spe|1\n|-sideend|p2: dwarfleader|Toxic Spikes|[from] move: Rapid Spin|[of] p2a: Iron Treads\n|move|p1a: Landorus|U-turn|p2a: Iron Treads\n|-resisted|p2a: Iron Treads\n|-crit|p2a: Iron Treads\n|-damage|p2a: Iron Treads|0 fnt\n|faint|p2a: Iron Treads\n|-end|p2a: Iron Treads|Quark Drive|[silent]\n|\n|t:|1699832586\n|switch|p1a: Toxapex|Toxapex, M|87\/100|[from] U-turn\n|\n|-heal|p1a: Toxapex|93\/100|[from] item: Leftovers\n|upkeep\n|\n|t:|1699832610\n|switch|p2a: Rillaboom|Rillaboom, F|100\/100\n|-fieldstart|move: Grassy Terrain|[from] ability: Grassy Surge|[of] p2a: Rillaboom\n|turn|10\n|\n|t:|1699832629\n|switch|p1a: Corviknight|Corviknight, M|100\/100\n|-ability|p1a: Corviknight|Pressure\n|move|p2a: Rillaboom|Knock Off|p1a: Corviknight\n|-damage|p1a: Corviknight|56\/100\n|-enditem|p1a: Corviknight|Heavy-Duty Boots|[from] move: Knock Off|[of] p2a: Rillaboom\n|\n|upkeep\n|turn|11\n|\n|t:|1699832645\n|switch|p2a: Skeledirge|Skeledirge, M|100\/100\n|move|p1a: Corviknight|Roost|p1a: Corviknight\n|-heal|p1a: Corviknight|100\/100\n|-singleturn|p1a: Corviknight|move: Roost\n|\n|upkeep\n|turn|12\n|\n|t:|1699832655\n|move|p1a: Corviknight|U-turn|p2a: Skeledirge\n|-resisted|p2a: Skeledirge\n|-damage|p2a: Skeledirge|98\/100\n|\n|t:|1699832660\n|switch|p1a: Toxapex|Toxapex, M|100\/100|[from] U-turn\n|move|p2a: Skeledirge|Torch Song|p1a: Toxapex\n|-resisted|p1a: Toxapex\n|-damage|p1a: Toxapex|89\/100\n|-boost|p2a: Skeledirge|spa|1\n|\n|-heal|p2a: Skeledirge|100\/100|[from] Grassy Terrain\n|-heal|p1a: Toxapex|95\/100|[from] Grassy Terrain\n|-heal|p1a: Toxapex|100\/100|[from] item: Leftovers\n|upkeep\n|turn|13\n|\n|t:|1699832681\n|move|p2a: Skeledirge|Will-O-Wisp|p1a: Toxapex\n|-status|p1a: Toxapex|brn\n|move|p1a: Toxapex|Haze|p1a: Toxapex\n|-clearallboost\n|\n|-damage|p1a: Toxapex|94\/100 brn|[from] brn\n|upkeep\n|turn|14\n|\n|t:|1699832696\n|switch|p2a: Dondozo|Dondozo, M|100\/100\n|move|p1a: Toxapex|Toxic Spikes|p2a: Dondozo\n|-sidestart|p2: dwarfleader|move: Toxic Spikes\n|\n|-heal|p1a: Toxapex|100\/100 brn|[from] Grassy Terrain\n|-damage|p1a: Toxapex|94\/100 brn|[from] brn\n|-fieldend|move: Grassy Terrain\n|upkeep\n|turn|15\n|\n|t:|1699832721\n|switch|p1a: Corviknight|Corviknight, M|100\/100\n|-ability|p1a: Corviknight|Pressure\n|move|p2a: Dondozo|Liquidation|p1a: Corviknight\n|-damage|p1a: Corviknight|78\/100\n|\n|upkeep\n|turn|16\n|\n|t:|1699832729\n|move|p1a: Corviknight|U-turn|p2a: Dondozo\n|-damage|p2a: Dondozo|94\/100\n|\n|t:|1699832746\n|switch|p1a: Toxapex|Toxapex, M|100\/100 brn|[from] U-turn\n|move|p2a: Dondozo|Body Press|p1a: Toxapex\n|-resisted|p1a: Toxapex\n|-damage|p1a: Toxapex|92\/100 brn\n|\n|-heal|p1a: Toxapex|98\/100 brn|[from] item: Leftovers\n|-damage|p1a: Toxapex|92\/100 brn|[from] brn\n|upkeep\n|turn|17\n|\n|t:|1699832768\n|switch|p2a: Rillaboom|Rillaboom, F|100\/100\n|-status|p2a: Rillaboom|psn\n|-fieldstart|move: Grassy Terrain|[from] ability: Grassy Surge|[of] p2a: Rillaboom\n|move|p1a: Toxapex|Surf|p2a: Rillaboom\n|-resisted|p2a: Rillaboom\n|-damage|p2a: Rillaboom|89\/100 psn\n|\n|-heal|p2a: Rillaboom|95\/100 psn|[from] Grassy Terrain\n|-heal|p1a: Toxapex|98\/100 brn|[from] Grassy Terrain\n|-heal|p1a: Toxapex|100\/100 brn|[from] item: Leftovers\n|-damage|p2a: Rillaboom|83\/100 psn|[from] psn\n|-damage|p1a: Toxapex|94\/100 brn|[from] brn\n|upkeep\n|turn|18\n|\n|t:|1699832787\n|switch|p2a: Garganacl|Garganacl, M|93\/100\n|switch|p1a: Corviknight|Corviknight, M|78\/100\n|-ability|p1a: Corviknight|Pressure\n|\n|-heal|p2a: Garganacl|99\/100|[from] Grassy Terrain\n|-heal|p2a: Garganacl|100\/100|[from] item: Leftovers\n|upkeep\n|turn|19\n|\n|t:|1699832806\n|move|p1a: Corviknight|U-turn|p2a: Garganacl\n|-damage|p2a: Garganacl|93\/100\n|\n|t:|1699832809\n|switch|p1a: Skeledirge|Skeledirge, F|40\/100|[from] U-turn\n|move|p2a: Garganacl|Curse|p2a: Garganacl\n|-unboost|p2a: Garganacl|spe|1\n|-boost|p2a: Garganacl|atk|1\n|-boost|p2a: Garganacl|def|1\n|\n|-heal|p1a: Skeledirge|46\/100|[from] Grassy Terrain\n|-heal|p2a: Garganacl|99\/100|[from] Grassy Terrain\n|-heal|p2a: Garganacl|100\/100|[from] item: Leftovers\n|upkeep\n|turn|20\n|\n|t:|1699832830\n|move|p1a: Skeledirge|Torch Song|p2a: Garganacl\n|-resisted|p2a: Garganacl\n|-damage|p2a: Garganacl|87\/100\n|-boost|p1a: Skeledirge|spa|1\n|move|p2a: Garganacl|Salt Cure|p1a: Skeledirge\n|-supereffective|p1a: Skeledirge\n|-damage|p1a: Skeledirge|21\/100\n|-start|p1a: Skeledirge|Salt Cure\n|\n|-heal|p1a: Skeledirge|27\/100|[from] Grassy Terrain\n|-heal|p2a: Garganacl|94\/100|[from] Grassy Terrain\n|-heal|p2a: Garganacl|99\/100|[from] item: Leftovers\n|-damage|p1a: Skeledirge|15\/100|[from] Salt Cure\n|upkeep\n|turn|21\n|\n|t:|1699832846\n|move|p1a: Skeledirge|Slack Off|p1a: Skeledirge\n|-heal|p1a: Skeledirge|65\/100\n|move|p2a: Garganacl|Curse|p2a: Garganacl\n|-unboost|p2a: Garganacl|spe|1\n|-boost|p2a: Garganacl|atk|1\n|-boost|p2a: Garganacl|def|1\n|\n|-heal|p1a: Skeledirge|71\/100|[from] Grassy Terrain\n|-heal|p2a: Garganacl|100\/100|[from] Grassy Terrain\n|-damage|p1a: Skeledirge|59\/100|[from] Salt Cure\n|-fieldend|move: Grassy Terrain\n|upkeep\n|turn|22\n|\n|t:|1699832857\n|move|p1a: Skeledirge|Encore|p2a: Garganacl\n|-start|p2a: Garganacl|Encore\n|move|p2a: Garganacl|Curse|p2a: Garganacl\n|-unboost|p2a: Garganacl|spe|1\n|-boost|p2a: Garganacl|atk|1\n|-boost|p2a: Garganacl|def|1\n|\n|-damage|p1a: Skeledirge|46\/100|[from] Salt Cure\n|upkeep\n|turn|23\n|\n|t:|1699832868\n|switch|p2a: Dondozo|Dondozo, M|94\/100\n|move|p1a: Skeledirge|Torch Song|p2a: Dondozo\n|-resisted|p2a: Dondozo\n|-damage|p2a: Dondozo|78\/100\n|-boost|p1a: Skeledirge|spa|1\n|\n|-damage|p1a: Skeledirge|34\/100|[from] Salt Cure\n|upkeep\n|turn|24\n|\n|t:|1699832889\n|move|p1a: Skeledirge|Slack Off|p1a: Skeledirge\n|-heal|p1a: Skeledirge|84\/100\n|move|p2a: Dondozo|Liquidation|p1a: Skeledirge\n|-supereffective|p1a: Skeledirge\n|-damage|p1a: Skeledirge|38\/100\n|\n|-damage|p1a: Skeledirge|26\/100|[from] Salt Cure\n|upkeep\n|turn|25\n|\n|t:|1699832909\n|switch|p1a: Toxapex|Toxapex, M|100\/100 brn\n|move|p2a: Dondozo|Liquidation|p1a: Toxapex\n|-resisted|p1a: Toxapex\n|-damage|p1a: Toxapex|92\/100 brn\n|\n|-heal|p1a: Toxapex|98\/100 brn|[from] item: Leftovers\n|-damage|p1a: Toxapex|92\/100 brn|[from] brn\n|upkeep\n|turn|26\n|\n|t:|1699832942\n|switch|p2a: Garganacl|Garganacl, M|100\/100\n|move|p1a: Toxapex|Surf|p2a: Garganacl\n|-supereffective|p2a: Garganacl\n|-damage|p2a: Garganacl|67\/100\n|\n|-heal|p1a: Toxapex|98\/100 brn|[from] item: Leftovers\n|-heal|p2a: Garganacl|74\/100|[from] item: Leftovers\n|-damage|p1a: Toxapex|92\/100 brn|[from] brn\n|upkeep\n|turn|27\n|\n|t:|1699832951\n|switch|p1a: Landorus|Landorus-Therian, M|64\/100\n|-ability|p1a: Landorus|Intimidate|boost\n|-unboost|p2a: Garganacl|atk|1\n|move|p2a: Garganacl|Curse|p2a: Garganacl\n|-unboost|p2a: Garganacl|spe|1\n|-boost|p2a: Garganacl|atk|1\n|-boost|p2a: Garganacl|def|1\n|\n|-heal|p2a: Garganacl|80\/100|[from] item: Leftovers\n|upkeep\n|turn|28\n|\n|t:|1699832968\n|-terastallize|p1a: Landorus|Ground\n|-terastallize|p2a: Garganacl|Water\n|move|p1a: Landorus|Earthquake|p2a: Garganacl\n|-damage|p2a: Garganacl|53\/100\n|move|p2a: Garganacl|Salt Cure|p1a: Landorus\n|-resisted|p1a: Landorus\n|-damage|p1a: Landorus|57\/100\n|-start|p1a: Landorus|Salt Cure\n|\n|-heal|p2a: Garganacl|60\/100|[from] item: Leftovers\n|-damage|p1a: Landorus|44\/100|[from] Salt Cure\n|upkeep\n|turn|29\n|\n|t:|1699832979\n|move|p1a: Landorus|U-turn|p2a: Garganacl\n|-damage|p2a: Garganacl|51\/100\n|\n|t:|1699832982\n|switch|p1a: Skeledirge|Skeledirge, F|26\/100|[from] U-turn\n|move|p2a: Garganacl|Recover|p2a: Garganacl\n|-heal|p2a: Garganacl|100\/100\n|\n|upkeep\n|turn|30\n|\n|t:|1699832989\n|move|p1a: Skeledirge|Encore|p2a: Garganacl\n|-start|p2a: Garganacl|Encore\n|move|p2a: Garganacl|Recover||[still]\n|-fail|p2a: Garganacl|heal\n|\n|upkeep\n|turn|31\n|\n|t:|1699832996\n|switch|p2a: Skeledirge|Skeledirge, M|100\/100\n|move|p1a: Skeledirge|Slack Off|p1a: Skeledirge\n|-heal|p1a: Skeledirge|76\/100\n|\n|upkeep\n|turn|32\n|\n|t:|1699833019\n|move|p1a: Skeledirge|Torch Song|p2a: Skeledirge\n|-resisted|p2a: Skeledirge\n|-damage|p2a: Skeledirge|89\/100\n|-boost|p1a: Skeledirge|spa|1\n|move|p2a: Skeledirge|Hex|p1a: Skeledirge\n|-supereffective|p1a: Skeledirge\n|-damage|p1a: Skeledirge|26\/100\n|\n|upkeep\n|turn|33\n|\n|t:|1699833033\n|move|p1a: Skeledirge|Slack Off|p1a: Skeledirge\n|-heal|p1a: Skeledirge|76\/100\n|move|p2a: Skeledirge|Hex|p1a: Skeledirge\n|-supereffective|p1a: Skeledirge\n|-damage|p1a: Skeledirge|20\/100\n|\n|upkeep\n|turn|34\n|\n|t:|1699833040\n|move|p1a: Skeledirge|Shadow Ball|p2a: Skeledirge\n|-supereffective|p2a: Skeledirge\n|-damage|p2a: Skeledirge|44\/100\n|-unboost|p2a: Skeledirge|spd|1\n|move|p2a: Skeledirge|Hex|p1a: Skeledirge\n|-supereffective|p1a: Skeledirge\n|-damage|p1a: Skeledirge|0 fnt\n|faint|p1a: Skeledirge\n|\n|upkeep\n|\n|t:|1699833058\n|switch|p1a: Landorus|Landorus-Therian, M, tera:Ground|44\/100\n|-ability|p1a: Landorus|Intimidate|boost\n|-unboost|p2a: Skeledirge|atk|1\n|turn|35\n|\n|t:|1699833073\n|switch|p2a: Rillaboom|Rillaboom, F|83\/100 psn\n|-fieldstart|move: Grassy Terrain|[from] ability: Grassy Surge|[of] p2a: Rillaboom\n|move|p1a: Landorus|Earthquake|p2a: Rillaboom\n|-resisted|p2a: Rillaboom\n|-damage|p2a: Rillaboom|58\/100 psn\n|\n|-heal|p1a: Landorus|50\/100|[from] Grassy Terrain\n|-heal|p2a: Rillaboom|64\/100 psn|[from] Grassy Terrain\n|-damage|p2a: Rillaboom|52\/100 psn|[from] psn\n|upkeep\n|turn|36\n|\n|t:|1699833084\n|switch|p1a: Corviknight|Corviknight, M|78\/100\n|-ability|p1a: Corviknight|Pressure\n|move|p2a: Rillaboom|Grassy Glide|p1a: Corviknight\n|-resisted|p1a: Corviknight\n|-crit|p1a: Corviknight\n|-damage|p1a: Corviknight|60\/100\n|\n|-heal|p2a: Rillaboom|58\/100 psn|[from] Grassy Terrain\n|-damage|p2a: Rillaboom|46\/100 psn|[from] psn\n|upkeep\n|turn|37\n|\n|t:|1699833097\n|switch|p2a: Garganacl|Garganacl, M, tera:Water|100\/100\n|move|p1a: Corviknight|U-turn|p2a: Garganacl\n|-damage|p2a: Garganacl|93\/100\n|\n|t:|1699833127\n|switch|p1a: Landorus|Landorus-Therian, M, tera:Ground|50\/100|[from] U-turn\n|-ability|p1a: Landorus|Intimidate|boost\n|-unboost|p2a: Garganacl|atk|1\n|\n|-heal|p1a: Landorus|56\/100|[from] Grassy Terrain\n|-heal|p2a: Garganacl|99\/100|[from] Grassy Terrain\n|-heal|p2a: Garganacl|100\/100|[from] item: Leftovers\n|upkeep\n|turn|38\n|\n|t:|1699833144\n|move|p1a: Landorus|U-turn|p2a: Garganacl\n|-damage|p2a: Garganacl|87\/100\n|\n|t:|1699833149\n|switch|p1a: Munkidori|Munkidori, M|100\/100|[from] U-turn\n|move|p2a: Garganacl|Salt Cure|p1a: Munkidori\n|-damage|p1a: Munkidori|85\/100\n|-start|p1a: Munkidori|Salt Cure\n|\n|-heal|p1a: Munkidori|91\/100|[from] Grassy Terrain\n|-heal|p2a: Garganacl|93\/100|[from] Grassy Terrain\n|-heal|p2a: Garganacl|99\/100|[from] item: Leftovers\n|-damage|p1a: Munkidori|79\/100|[from] Salt Cure\n|upkeep\n|turn|39\n|\n|t:|1699833162\n|move|p1a: Munkidori|Future Sight|p2a: Garganacl\n|-start|p1a: Munkidori|move: Future Sight\n|move|p2a: Garganacl|Curse|p2a: Garganacl\n|-unboost|p2a: Garganacl|spe|1\n|-boost|p2a: Garganacl|atk|1\n|-boost|p2a: Garganacl|def|1\n|\n|-heal|p1a: Munkidori|85\/100|[from] Grassy Terrain\n|-heal|p2a: Garganacl|100\/100|[from] Grassy Terrain\n|-damage|p1a: Munkidori|73\/100|[from] Salt Cure\n|-fieldend|move: Grassy Terrain\n|upkeep\n|turn|40\n|\n|t:|1699833186\n|move|p1a: Munkidori|Sludge Wave|p2a: Garganacl\n|-damage|p2a: Garganacl|62\/100\n|move|p2a: Garganacl|Earthquake|p1a: Munkidori\n|-supereffective|p1a: Munkidori\n|-damage|p1a: Munkidori|1\/100\n|\n|-heal|p2a: Garganacl|69\/100|[from] item: Leftovers\n|-damage|p1a: Munkidori|0 fnt|[from] Salt Cure\n|faint|p1a: Munkidori\n|upkeep\n|\n|t:|1699833195\n|switch|p1a: Kingambit|Kingambit, M|100\/100\n|-activate|p1a: Kingambit|ability: Supreme Overlord\n|-start|p1a: Kingambit|fallen2|[silent]\n|turn|41\n|\n|t:|1699833202\n|move|p1a: Kingambit|Swords Dance|p1a: Kingambit\n|-boost|p1a: Kingambit|atk|2\n|move|p2a: Garganacl|Salt Cure|p1a: Kingambit\n|-resisted|p1a: Kingambit\n|-damage|p1a: Kingambit|96\/100\n|-start|p1a: Kingambit|Salt Cure\n|\n|-end|p2a: Garganacl|move: Future Sight\n|-damage|p2a: Garganacl|12\/100\n|-heal|p1a: Kingambit|100\/100|[from] item: Leftovers\n|-heal|p2a: Garganacl|18\/100|[from] item: Leftovers\n|-damage|p1a: Kingambit|76\/100|[from] Salt Cure\n|upkeep\n|turn|42\n|\n|t:|1699833213\n|move|p1a: Kingambit|Kowtow Cleave|p2a: Garganacl\n|-damage|p2a: Garganacl|0 fnt\n|faint|p2a: Garganacl\n|\n|-heal|p1a: Kingambit|82\/100|[from] item: Leftovers\n|-damage|p1a: Kingambit|57\/100|[from] Salt Cure\n|upkeep\n|\n|t:|1699833223\n|switch|p2a: Rillaboom|Rillaboom, F|46\/100 psn\n|-fieldstart|move: Grassy Terrain|[from] ability: Grassy Surge|[of] p2a: Rillaboom\n|turn|43\n|\n|t:|1699833234\n|-end|p1a: Kingambit|fallen2|[silent]\n|switch|p1a: Corviknight|Corviknight, M|60\/100\n|-ability|p1a: Corviknight|Pressure\n|move|p2a: Rillaboom|Grassy Glide|p1a: Corviknight\n|-resisted|p1a: Corviknight\n|-damage|p1a: Corviknight|49\/100\n|\n|-heal|p2a: Rillaboom|52\/100 psn|[from] Grassy Terrain\n|-damage|p2a: Rillaboom|40\/100 psn|[from] psn\n|upkeep\n|turn|44\n|\n|t:|1699833248\n|switch|p2a: Skeledirge|Skeledirge, M|44\/100\n|move|p1a: Corviknight|Roost|p1a: Corviknight\n|-heal|p1a: Corviknight|99\/100\n|-singleturn|p1a: Corviknight|move: Roost\n|\n|-heal|p1a: Corviknight|100\/100|[from] Grassy Terrain\n|-heal|p2a: Skeledirge|50\/100|[from] Grassy Terrain\n|upkeep\n|turn|45\n|\n|t:|1699833261\n|switch|p1a: Toxapex|Toxapex, M|100\/100 brn\n|move|p2a: Skeledirge|Slack Off|p2a: Skeledirge\n|-heal|p2a: Skeledirge|99\/100\n|\n|-heal|p2a: Skeledirge|100\/100|[from] Grassy Terrain\n|-damage|p1a: Toxapex|94\/100 brn|[from] brn\n|upkeep\n|turn|46\n|\n|t:|1699833272\n|switch|p2a: Dondozo|Dondozo, M|78\/100\n|move|p1a: Toxapex|Surf|p2a: Dondozo\n|-resisted|p2a: Dondozo\n|-damage|p2a: Dondozo|70\/100\n|\n|-heal|p1a: Toxapex|100\/100 brn|[from] Grassy Terrain\n|-heal|p2a: Dondozo|76\/100|[from] Grassy Terrain\n|-damage|p1a: Toxapex|94\/100 brn|[from] brn\n|upkeep\n|turn|47\n|\n|t:|1699833290\n|move|p1a: Toxapex|Toxic Spikes|p2a: Dondozo\n|-sidestart|p2: dwarfleader|move: Toxic Spikes\n|move|p2a: Dondozo|Liquidation|p1a: Toxapex\n|-resisted|p1a: Toxapex\n|-damage|p1a: Toxapex|85\/100 brn\n|\n|-heal|p2a: Dondozo|82\/100|[from] Grassy Terrain\n|-heal|p1a: Toxapex|91\/100 brn|[from] Grassy Terrain\n|-heal|p1a: Toxapex|97\/100 brn|[from] item: Leftovers\n|-damage|p1a: Toxapex|91\/100 brn|[from] brn\n|-fieldend|move: Grassy Terrain\n|upkeep\n|turn|48\n|\n|t:|1699833306\n|move|p2a: Dondozo|Liquidation|p1a: Toxapex\n|-resisted|p1a: Toxapex\n|-damage|p1a: Toxapex|82\/100 brn\n|move|p1a: Toxapex|Haze|p1a: Toxapex\n|-clearallboost\n|\n|-heal|p1a: Toxapex|89\/100 brn|[from] item: Leftovers\n|-damage|p1a: Toxapex|82\/100 brn|[from] brn\n|upkeep\n|turn|49\n|\n|t:|1699833318\n|move|p1a: Toxapex|Surf|p2a: Dondozo\n|-resisted|p2a: Dondozo\n|-damage|p2a: Dondozo|73\/100\n|move|p2a: Dondozo|Liquidation|p1a: Toxapex\n|-resisted|p1a: Toxapex\n|-damage|p1a: Toxapex|73\/100 brn\n|\n|-heal|p1a: Toxapex|79\/100 brn|[from] item: Leftovers\n|-damage|p1a: Toxapex|73\/100 brn|[from] brn\n|upkeep\n|turn|50\n|\n|t:|1699833335\n|move|p2a: Dondozo|Body Press|p1a: Toxapex\n|-resisted|p1a: Toxapex\n|-damage|p1a: Toxapex|64\/100 brn\n|move|p1a: Toxapex|Haze|p1a: Toxapex\n|-clearallboost\n|\n|-heal|p1a: Toxapex|70\/100 brn|[from] item: Leftovers\n|-damage|p1a: Toxapex|64\/100 brn|[from] brn\n|upkeep\n|turn|51\n|\n|t:|1699833346\n|move|p1a: Toxapex|Surf|p2a: Dondozo\n|-resisted|p2a: Dondozo\n|-damage|p2a: Dondozo|64\/100\n|move|p2a: Dondozo|Body Press|p1a: Toxapex\n|-resisted|p1a: Toxapex\n|-damage|p1a: Toxapex|56\/100 brn\n|\n|-heal|p1a: Toxapex|62\/100 brn|[from] item: Leftovers\n|-damage|p1a: Toxapex|56\/100 brn|[from] brn\n|upkeep\n|turn|52\n|\n|t:|1699833357\n|switch|p1a: Corviknight|Corviknight, M|100\/100\n|-ability|p1a: Corviknight|Pressure\n|move|p2a: Dondozo|Body Press|p1a: Corviknight\n|-damage|p1a: Corviknight|78\/100\n|\n|upkeep\n|turn|53\n|\n|t:|1699833367\n|move|p1a: Corviknight|Iron Head|p2a: Dondozo\n|-resisted|p2a: Dondozo\n|-damage|p2a: Dondozo|59\/100\n|move|p2a: Dondozo|Liquidation|p1a: Corviknight\n|-damage|p1a: Corviknight|56\/100\n|-unboost|p1a: Corviknight|def|1\n|\n|upkeep\n|turn|54\n|\n|t:|1699833377\n|switch|p1a: Toxapex|Toxapex, M|89\/100 brn\n|move|p2a: Dondozo|Liquidation|p1a: Toxapex\n|-resisted|p1a: Toxapex\n|-damage|p1a: Toxapex|79\/100 brn\n|\n|-heal|p1a: Toxapex|86\/100 brn|[from] item: Leftovers\n|-damage|p1a: Toxapex|79\/100 brn|[from] brn\n|upkeep\n|turn|55\n|\n|t:|1699833386\n|switch|p1a: Corviknight|Corviknight, M|56\/100\n|-ability|p1a: Corviknight|Pressure\n|move|p2a: Dondozo|Body Press|p1a: Corviknight\n|-damage|p1a: Corviknight|33\/100\n|\n|upkeep\n|turn|56\n|\n|t:|1699833396\n|move|p1a: Corviknight|Roost|p1a: Corviknight\n|-heal|p1a: Corviknight|83\/100\n|-singleturn|p1a: Corviknight|move: Roost\n|move|p2a: Dondozo|Body Press|p1a: Corviknight\n|-supereffective|p1a: Corviknight\n|-damage|p1a: Corviknight|40\/100\n|\n|upkeep\n|turn|57\n|\n|t:|1699833410\n|switch|p2a: Sneasler|Sneasler, F|100\/100\n|-sideend|p2: dwarfleader|move: Toxic Spikes|[of] p2a: Sneasler\n|move|p1a: Corviknight|U-turn|p2a: Sneasler\n|-resisted|p2a: Sneasler\n|-damage|p2a: Sneasler|94\/100\n|\n|t:|1699833418\n|switch|p1a: Toxapex|Toxapex, M|100\/100 brn|[from] U-turn\n|\n|-damage|p1a: Toxapex|94\/100 brn|[from] brn\n|upkeep\n|turn|58\n|\n|t:|1699833441\n|switch|p2a: Rillaboom|Rillaboom, F|40\/100 psn\n|-fieldstart|move: Grassy Terrain|[from] ability: Grassy Surge|[of] p2a: Rillaboom\n|move|p1a: Toxapex|Surf|p2a: Rillaboom\n|-resisted|p2a: Rillaboom\n|-damage|p2a: Rillaboom|27\/100 psn\n|\n|-heal|p2a: Rillaboom|34\/100 psn|[from] Grassy Terrain\n|-heal|p1a: Toxapex|100\/100 brn|[from] Grassy Terrain\n|-damage|p2a: Rillaboom|21\/100 psn|[from] psn\n|-damage|p1a: Toxapex|94\/100 brn|[from] brn\n|upkeep\n|turn|59\n|\n|t:|1699833454\n|switch|p1a: Corviknight|Corviknight, M|40\/100\n|-ability|p1a: Corviknight|Pressure\n|move|p2a: Rillaboom|Knock Off|p1a: Corviknight\n|-damage|p1a: Corviknight|12\/100\n|\n|-heal|p2a: Rillaboom|27\/100 psn|[from] Grassy Terrain\n|-damage|p2a: Rillaboom|15\/100 psn|[from] psn\n|upkeep\n|turn|60\n|\n|t:|1699833466\n|switch|p1a: Landorus|Landorus-Therian, M, tera:Ground|56\/100\n|-ability|p1a: Landorus|Intimidate|boost\n|-unboost|p2a: Rillaboom|atk|1\n|move|p2a: Rillaboom|Knock Off|p1a: Landorus\n|-damage|p1a: Landorus|30\/100\n|\n|-heal|p1a: Landorus|36\/100|[from] Grassy Terrain\n|-heal|p2a: Rillaboom|21\/100 psn|[from] Grassy Terrain\n|-damage|p2a: Rillaboom|9\/100 psn|[from] psn\n|upkeep\n|turn|61\n|\n|t:|1699833478\n|switch|p2a: Dondozo|Dondozo, M|59\/100\n|move|p1a: Landorus|U-turn|p2a: Dondozo\n|-damage|p2a: Dondozo|48\/100\n|\n|t:|1699833486\n|switch|p1a: Toxapex|Toxapex, M|100\/100 brn|[from] U-turn\n|\n|-heal|p2a: Dondozo|54\/100|[from] Grassy Terrain\n|-damage|p1a: Toxapex|94\/100 brn|[from] brn\n|upkeep\n|turn|62\n|\n|t:|1699833493\n|move|p2a: Dondozo|Liquidation|p1a: Toxapex\n|-resisted|p1a: Toxapex\n|-damage|p1a: Toxapex|85\/100 brn\n|move|p1a: Toxapex|Surf|p2a: Dondozo\n|-resisted|p2a: Dondozo\n|-damage|p2a: Dondozo|45\/100\n|\n|-heal|p1a: Toxapex|91\/100 brn|[from] Grassy Terrain\n|-heal|p2a: Dondozo|51\/100|[from] Grassy Terrain\n|-heal|p1a: Toxapex|98\/100 brn|[from] item: Leftovers\n|-damage|p1a: Toxapex|91\/100 brn|[from] brn\n|-fieldend|move: Grassy Terrain\n|upkeep\n|turn|63\n|\n|t:|1699833516\n|move|p1a: Toxapex|Toxic Spikes|p2a: Dondozo\n|-sidestart|p2: dwarfleader|move: Toxic Spikes\n|move|p2a: Dondozo|Rest|p2a: Dondozo\n|-status|p2a: Dondozo|slp|[from] move: Rest\n|-heal|p2a: Dondozo|100\/100 slp|[silent]\n|\n|-heal|p1a: Toxapex|98\/100 brn|[from] item: Leftovers\n|-damage|p1a: Toxapex|91\/100 brn|[from] brn\n|upkeep\n|turn|64\n|\n|t:|1699833525\n|cant|p2a: Dondozo|slp\n|move|p2a: Dondozo|Sleep Talk|p2a: Dondozo\n|move|p2a: Dondozo|Liquidation|p1a: Toxapex|[from]move: Sleep Talk\n|-resisted|p1a: Toxapex\n|-damage|p1a: Toxapex|82\/100 brn\n|move|p1a: Toxapex|Toxic Spikes|p2a: Dondozo\n|-sidestart|p2: dwarfleader|move: Toxic Spikes\n|\n|-heal|p1a: Toxapex|88\/100 brn|[from] item: Leftovers\n|-damage|p1a: Toxapex|82\/100 brn|[from] brn\n|upkeep\n|turn|65\n|\n|t:|1699833538\n|cant|p2a: Dondozo|slp\n|move|p2a: Dondozo|Sleep Talk|p2a: Dondozo\n|move|p2a: Dondozo|Rest||[from]move: Sleep Talk|[still]\n|-fail|p2a: Dondozo\n|move|p1a: Toxapex|Surf|p2a: Dondozo\n|-resisted|p2a: Dondozo\n|-damage|p2a: Dondozo|92\/100 slp\n|\n|-heal|p1a: Toxapex|88\/100 brn|[from] item: Leftovers\n|-damage|p1a: Toxapex|82\/100 brn|[from] brn\n|upkeep\n|turn|66\n|\n|t:|1699833569\n|-curestatus|p2a: Dondozo|slp|[msg]\n|move|p2a: Dondozo|Liquidation|p1a: Toxapex\n|-resisted|p1a: Toxapex\n|-damage|p1a: Toxapex|73\/100 brn\n|move|p1a: Toxapex|Haze|p1a: Toxapex\n|-clearallboost\n|\n|-heal|p1a: Toxapex|79\/100 brn|[from] item: Leftovers\n|-damage|p1a: Toxapex|73\/100 brn|[from] brn\n|upkeep\n|turn|67\n|l|\u2606dwarfleader\n|player|p2|\n|inactive|Battle timer is ON: inactive players will automatically lose when time's up. (requested by HeWhoUsesOldMan)\n|j|\u2606dwarfleader\n|inactive|dwarfleader reconnected and has 125 seconds left.\n|player|p2|dwarfleader|265\n|inactive|dwarfleader has 120 seconds left.\n|\n|t:|1699833634\n|move|p2a: Dondozo|Body Press|p1a: Toxapex\n|-resisted|p1a: Toxapex\n|-crit|p1a: Toxapex\n|-damage|p1a: Toxapex|59\/100 brn\n|move|p1a: Toxapex|Haze|p1a: Toxapex\n|-clearallboost\n|\n|-heal|p1a: Toxapex|65\/100 brn|[from] item: Leftovers\n|-damage|p1a: Toxapex|59\/100 brn|[from] brn\n|upkeep\n|turn|68\n|\n|t:|1699833652\n|switch|p2a: Rillaboom|Rillaboom, F|9\/100 psn\n|-fieldstart|move: Grassy Terrain|[from] ability: Grassy Surge|[of] p2a: Rillaboom\n|move|p1a: Toxapex|Surf|p2a: Rillaboom\n|-resisted|p2a: Rillaboom\n|-damage|p2a: Rillaboom|0 fnt\n|faint|p2a: Rillaboom\n|\n|-heal|p1a: Toxapex|65\/100 brn|[from] Grassy Terrain\n|-heal|p1a: Toxapex|72\/100 brn|[from] item: Leftovers\n|-damage|p1a: Toxapex|65\/100 brn|[from] brn\n|upkeep\n|\n|t:|1699833661\n|switch|p2a: Sneasler|Sneasler, F|94\/100\n|-sideend|p2: dwarfleader|move: Toxic Spikes|[of] p2a: Sneasler\n|-enditem|p2a: Sneasler|Grassy Seed\n|-boost|p2a: Sneasler|def|1|[from] item: Grassy Seed\n|turn|69\n|\n|t:|1699833673\n|switch|p1a: Corviknight|Corviknight, M|12\/100\n|-ability|p1a: Corviknight|Pressure\n|move|p2a: Sneasler|Swords Dance|p2a: Sneasler\n|-boost|p2a: Sneasler|atk|2\n|\n|-heal|p2a: Sneasler|99\/100|[from] Grassy Terrain\n|upkeep\n|turn|70\n|\n|t:|1699833692\n|move|p2a: Sneasler|Acrobatics|p1a: Corviknight\n|-resisted|p1a: Corviknight\n|-damage|p1a: Corviknight|0 fnt\n|faint|p1a: Corviknight\n|\n|-heal|p2a: Sneasler|100\/100|[from] Grassy Terrain\n|upkeep\n|\n|t:|1699833708\n|switch|p1a: Toxapex|Toxapex, M|99\/100 brn\n|turn|71\n|\n|t:|1699833716\n|move|p2a: Sneasler|Swords Dance|p2a: Sneasler\n|-boost|p2a: Sneasler|atk|2\n|move|p1a: Toxapex|Haze|p1a: Toxapex\n|-clearallboost\n|\n|-heal|p1a: Toxapex|100\/100 brn|[from] Grassy Terrain\n|-damage|p1a: Toxapex|94\/100 brn|[from] brn\n|upkeep\n|turn|72\n|\n|t:|1699833734\n|move|p2a: Sneasler|Swords Dance|p2a: Sneasler\n|-boost|p2a: Sneasler|atk|2\n|move|p1a: Toxapex|Surf|p2a: Sneasler\n|-damage|p2a: Sneasler|73\/100\n|\n|-heal|p2a: Sneasler|79\/100|[from] Grassy Terrain\n|-heal|p1a: Toxapex|100\/100 brn|[from] Grassy Terrain\n|-damage|p1a: Toxapex|94\/100 brn|[from] brn\n|-fieldend|move: Grassy Terrain\n|upkeep\n|turn|73\n|\n|t:|1699833750\n|move|p2a: Sneasler|Dire Claw|p1a: Toxapex\n|-resisted|p1a: Toxapex\n|-damage|p1a: Toxapex|68\/100 brn\n|move|p1a: Toxapex|Haze|p1a: Toxapex\n|-clearallboost\n|\n|-heal|p1a: Toxapex|74\/100 brn|[from] item: Leftovers\n|-damage|p1a: Toxapex|68\/100 brn|[from] brn\n|upkeep\n|turn|74\n|\n|t:|1699833762\n|move|p2a: Sneasler|Swords Dance|p2a: Sneasler\n|-boost|p2a: Sneasler|atk|2\n|move|p1a: Toxapex|Surf|p2a: Sneasler\n|-damage|p2a: Sneasler|53\/100\n|\n|-heal|p1a: Toxapex|74\/100 brn|[from] item: Leftovers\n|-damage|p1a: Toxapex|68\/100 brn|[from] brn\n|upkeep\n|turn|75\n|\n|t:|1699833780\n|move|p2a: Sneasler|Acrobatics|p1a: Toxapex\n|-damage|p1a: Toxapex|13\/100 brn\n|move|p1a: Toxapex|Haze|p1a: Toxapex\n|-clearallboost\n|\n|-heal|p1a: Toxapex|19\/100 brn|[from] item: Leftovers\n|-damage|p1a: Toxapex|13\/100 brn|[from] brn\n|upkeep\n|turn|76\n|\n|t:|1699833793\n|switch|p1a: Landorus|Landorus-Therian, M, tera:Ground|36\/100\n|-ability|p1a: Landorus|Intimidate|boost\n|-unboost|p2a: Sneasler|atk|1\n|move|p2a: Sneasler|Close Combat|p1a: Landorus\n|-damage|p1a: Landorus|0 fnt\n|-unboost|p2a: Sneasler|def|1\n|-unboost|p2a: Sneasler|spd|1\n|faint|p1a: Landorus\n|\n|upkeep\n|inactive|HeWhoUsesOldMan has 120 seconds left.\n|\n|t:|1699833811\n|switch|p1a: Toxapex|Toxapex, M|46\/100 brn\n|turn|77\n|\n|t:|1699833827\n|move|p2a: Sneasler|Acrobatics|p1a: Toxapex\n|-damage|p1a: Toxapex|29\/100 brn\n|move|p1a: Toxapex|Recover|p1a: Toxapex\n|-heal|p1a: Toxapex|79\/100 brn\n|\n|-heal|p1a: Toxapex|85\/100 brn|[from] item: Leftovers\n|-damage|p1a: Toxapex|79\/100 brn|[from] brn\n|upkeep\n|turn|78\n|\n|t:|1699833834\n|switch|p2a: Dondozo|Dondozo, M|92\/100\n|move|p1a: Toxapex|Surf|p2a: Dondozo\n|-resisted|p2a: Dondozo\n|-damage|p2a: Dondozo|82\/100\n|\n|-heal|p1a: Toxapex|85\/100 brn|[from] item: Leftovers\n|-damage|p1a: Toxapex|79\/100 brn|[from] brn\n|upkeep\n|turn|79\n|\n|t:|1699833849\n|move|p2a: Dondozo|Liquidation|p1a: Toxapex\n|-resisted|p1a: Toxapex\n|-damage|p1a: Toxapex|70\/100 brn\n|move|p1a: Toxapex|Haze|p1a: Toxapex\n|-clearallboost\n|\n|-heal|p1a: Toxapex|76\/100 brn|[from] item: Leftovers\n|-damage|p1a: Toxapex|70\/100 brn|[from] brn\n|upkeep\n|turn|80\n|\n|t:|1699833866\n|move|p1a: Toxapex|Haze|p1a: Toxapex\n|-clearallboost\n|move|p2a: Dondozo|Liquidation|p1a: Toxapex\n|-resisted|p1a: Toxapex\n|-damage|p1a: Toxapex|61\/100 brn\n|\n|-heal|p1a: Toxapex|67\/100 brn|[from] item: Leftovers\n|-damage|p1a: Toxapex|61\/100 brn|[from] brn\n|upkeep\n|turn|81\n|\n|t:|1699833891\n|move|p2a: Dondozo|Rest|p2a: Dondozo\n|-status|p2a: Dondozo|slp|[from] move: Rest\n|-heal|p2a: Dondozo|100\/100 slp|[silent]\n|move|p1a: Toxapex|Recover|p1a: Toxapex\n|-heal|p1a: Toxapex|100\/100 brn\n|\n|-damage|p1a: Toxapex|94\/100 brn|[from] brn\n|upkeep\n|turn|82\n|inactive|dwarfleader has 120 seconds left.\n|\n|t:|1699833910\n|move|p1a: Toxapex|Haze|p1a: Toxapex\n|-clearallboost\n|cant|p2a: Dondozo|slp\n|move|p2a: Dondozo|Sleep Talk|p2a: Dondozo\n|move|p2a: Dondozo|Rest||[from]move: Sleep Talk|[still]\n|-fail|p2a: Dondozo\n|\n|-heal|p1a: Toxapex|100\/100 brn|[from] item: Leftovers\n|-damage|p1a: Toxapex|94\/100 brn|[from] brn\n|upkeep\n|turn|83\n|inactive|dwarfleader has 120 seconds left.\n|\n|t:|1699833932\n|cant|p2a: Dondozo|slp\n|move|p2a: Dondozo|Sleep Talk|p2a: Dondozo\n|move|p2a: Dondozo|Rest||[from]move: Sleep Talk|[still]\n|-fail|p2a: Dondozo\n|move|p1a: Toxapex|Haze|p1a: Toxapex\n|-clearallboost\n|\n|-heal|p1a: Toxapex|100\/100 brn|[from] item: Leftovers\n|-damage|p1a: Toxapex|94\/100 brn|[from] brn\n|upkeep\n|turn|84\n|inactive|dwarfleader has 90 seconds left.\n|\n|t:|1699833973\n|switch|p2a: Skeledirge|Skeledirge, M|100\/100\n|move|p1a: Toxapex|Haze|p1a: Toxapex\n|-clearallboost\n|\n|-heal|p1a: Toxapex|100\/100 brn|[from] item: Leftovers\n|-damage|p1a: Toxapex|94\/100 brn|[from] brn\n|upkeep\n|turn|85\n|inactive|HeWhoUsesOldMan has 120 seconds left.\n|\n|t:|1699833985\n|switch|p1a: Kingambit|Kingambit, M|57\/100\n|-activate|p1a: Kingambit|ability: Supreme Overlord\n|-start|p1a: Kingambit|fallen4|[silent]\n|move|p2a: Skeledirge|Torch Song|p1a: Kingambit\n|-supereffective|p1a: Kingambit\n|-damage|p1a: Kingambit|0 fnt\n|-boost|p2a: Skeledirge|spa|1\n|faint|p1a: Kingambit\n|-end|p1a: Kingambit|fallen4|[silent]\n|\n|upkeep\n|inactive|HeWhoUsesOldMan has 120 seconds left.\n|c|\u2606HeWhoUsesOldMan|gg\n|-message|HeWhoUsesOldMan forfeited.\n|\n|win|dwarfleader\n|raw|HeWhoUsesOldMan's rating: 1357 &rarr; <strong>1334<\/strong><br \/>(-23 for losing)\n|raw|dwarfleader's rating: 1301 &rarr; <strong>1324<\/strong><br \/>(+23 for winning)\n|l|\u2606HeWhoUsesOldMan\n|c|\u2606dwarfleader|Gg\n","uploadtime":1699834019,"views":13,"p1id":"hewhousesoldman","p2id":"dwarfleader","formatid":"gen9ou","rating":1324,"private":0,"password":""}