{"id":"gen9ou-1989073849","p1":"Euffygcdkjv","p2":"NewHoovybeast05","format":"[Gen 9] OU","log":"|j|\u2606Euffygcdkjv\n|j|\u2606NewHoovybeast05\n|t:|1699809308\n|gametype|singles\n|player|p1|Euffygcdkjv|riley|1445\n|player|p2|NewHoovybeast05|palmer|1563\n|teamsize|p1|6\n|teamsize|p2|6\n|gen|9\n|tier|[Gen 9] OU\n|rated|\n|rule|Sleep Clause Mod: Limit one foe put to sleep\n|rule|Species Clause: Limit one of each Pok\u00e9mon\n|rule|OHKO Clause: OHKO moves are banned\n|rule|Evasion Items Clause: Evasion items are banned\n|rule|Evasion Moves Clause: Evasion moves are banned\n|rule|Endless Battle Clause: Forcing endless battles is banned\n|rule|HP Percentage Mod: HP is shown in percentages\n|clearpoke\n|poke|p1|Iron Valiant|\n|poke|p1|Dragonite, M|\n|poke|p1|Clefable, F|\n|poke|p1|Zamazenta-*|\n|poke|p1|Great Tusk|\n|poke|p1|Dragapult, M|\n|poke|p2|Heatran, M|\n|poke|p2|Amoonguss, F|\n|poke|p2|Weavile, F|\n|poke|p2|Dragapult, F|\n|poke|p2|Maushold|\n|poke|p2|Walking Wake|\n|teampreview\n|inactive|Battle timer is ON: inactive players will automatically lose when time's up. (requested by Euffygcdkjv)\n|\n|t:|1699809334\n|start\n|switch|p1a: Dragapult|Dragapult, M|100\/100\n|switch|p2a: Walking Wake|Walking Wake|100\/100\n|turn|1\n|\n|t:|1699809343\n|move|p2a: Walking Wake|Draco Meteor|p1a: Dragapult\n|-supereffective|p1a: Dragapult\n|-enditem|p1a: Dragapult|Focus Sash\n|-damage|p1a: Dragapult|1\/100\n|-unboost|p2a: Walking Wake|spa|2\n|move|p1a: Dragapult|Dragon Darts|p2a: Walking Wake\n|-supereffective|p2a: Walking Wake\n|-damage|p2a: Walking Wake|47\/100\n|-anim|p1a: Dragapult|Dragon Darts|p2a: Walking Wake\n|-supereffective|p2a: Walking Wake\n|-damage|p2a: Walking Wake|0 fnt\n|faint|p2a: Walking Wake\n|-end|p2a: Walking Wake|Protosynthesis|[silent]\n|\n|upkeep\n|\n|t:|1699809352\n|switch|p2a: Weavile|Weavile, F, shiny|100\/100\n|-ability|p2a: Weavile|Pressure\n|turn|2\n|\n|t:|1699809359\n|switch|p1a: Clefable|Clefable, F|100\/100\n|move|p2a: Weavile|Ice Shard|p1a: Clefable\n|-damage|p1a: Clefable|74\/100\n|\n|-heal|p1a: Clefable|80\/100|[from] item: Leftovers\n|upkeep\n|turn|3\n|\n|t:|1699809363\n|switch|p2a: Heatran|Heatran, M, shiny|100\/100\n|move|p1a: Clefable|Thunder Wave|p2a: Heatran\n|-status|p2a: Heatran|par\n|\n|-heal|p1a: Clefable|87\/100|[from] item: Leftovers\n|upkeep\n|turn|4\n|\n|t:|1699809370\n|switch|p1a: Great Tusk|Great Tusk|100\/100\n|move|p2a: Heatran|Magma Storm|p1a: Great Tusk|[miss]\n|-miss|p2a: Heatran|p1a: Great Tusk\n|\n|upkeep\n|turn|5\n|\n|t:|1699809376\n|switch|p2a: Amoonguss|Amoonguss, F, shiny|100\/100\n|move|p1a: Great Tusk|Headlong Rush|p2a: Amoonguss\n|-damage|p2a: Amoonguss|47\/100\n|-unboost|p1a: Great Tusk|def|1\n|-unboost|p1a: Great Tusk|spd|1\n|-enditem|p2a: Amoonguss|Red Card|[of] p1a: Great Tusk\n|-end|p1a: Great Tusk|Protosynthesis|[silent]\n|drag|p1a: Dragonite|Dragonite, M|100\/100\n|\n|upkeep\n|turn|6\n|\n|t:|1699809386\n|move|p1a: Dragonite|Ice Spinner|p2a: Amoonguss\n|-supereffective|p2a: Amoonguss\n|-damage|p2a: Amoonguss|3\/100\n|move|p2a: Amoonguss|Spore|p1a: Dragonite\n|-status|p1a: Dragonite|slp|[from] move: Spore\n|\n|upkeep\n|turn|7\n|\n|t:|1699809390\n|switch|p2a: Dragapult|Dragapult, F, shiny|100\/100\n|cant|p1a: Dragonite|slp\n|\n|upkeep\n|turn|8\n|\n|t:|1699809398\n|switch|p1a: Dragapult|Dragapult, M|1\/100\n|move|p2a: Dragapult|Dragon Darts|p1a: Dragapult\n|-supereffective|p1a: Dragapult\n|-damage|p1a: Dragapult|0 fnt\n|faint|p1a: Dragapult\n|\n|upkeep\n|\n|t:|1699809402\n|switch|p1a: Clefable|Clefable, F|87\/100\n|turn|9\n|\n|t:|1699809407\n|switch|p2a: Heatran|Heatran, M, shiny|100\/100 par\n|move|p1a: Clefable|Moonblast|p2a: Heatran\n|-resisted|p2a: Heatran\n|-damage|p2a: Heatran|96\/100 par\n|\n|-heal|p1a: Clefable|93\/100|[from] item: Leftovers\n|-heal|p2a: Heatran|100\/100 par|[from] item: Leftovers\n|upkeep\n|turn|10\n|\n|t:|1699809411\n|switch|p1a: Dragonite|Dragonite, M|100\/100 slp\n|move|p2a: Heatran|Will-O-Wisp||[still]\n|-fail|p2a: Heatran\n|\n|upkeep\n|turn|11\n|\n|t:|1699809414\n|-curestatus|p1a: Dragonite|slp|[msg]\n|move|p1a: Dragonite|Earthquake|p2a: Heatran\n|-supereffective|p2a: Heatran\n|-damage|p2a: Heatran|0 fnt\n|faint|p2a: Heatran\n|\n|upkeep\n|\n|t:|1699809419\n|switch|p2a: Dragapult|Dragapult, F, shiny|100\/100\n|turn|12\n|\n|t:|1699809426\n|switch|p1a: Iron Valiant|Iron Valiant|100\/100\n|move|p2a: Dragapult|Dragon Darts|p1a: Iron Valiant\n|-immune|p1a: Iron Valiant\n|\n|upkeep\n|turn|13\n|\n|t:|1699809430\n|switch|p2a: Amoonguss|Amoonguss, F, shiny|36\/100\n|move|p1a: Iron Valiant|Psyshock|p2a: Amoonguss\n|-supereffective|p2a: Amoonguss\n|-damage|p2a: Amoonguss|0 fnt\n|faint|p2a: Amoonguss\n|\n|upkeep\n|\n|t:|1699809438\n|switch|p2a: Dragapult|Dragapult, F, shiny|100\/100\n|turn|14\n|\n|t:|1699809443\n|-end|p1a: Iron Valiant|Quark Drive|[silent]\n|switch|p1a: Clefable|Clefable, F|93\/100\n|-terastallize|p2a: Dragapult|Ghost\n|move|p2a: Dragapult|Tera Blast|p1a: Clefable|[anim] Tera Blast Ghost\n|-damage|p1a: Clefable|8\/100\n|\n|-heal|p1a: Clefable|14\/100|[from] item: Leftovers\n|upkeep\n|turn|15\n|\n|t:|1699809447\n|move|p2a: Dragapult|Tera Blast|p1a: Clefable|[anim] Tera Blast Ghost\n|-damage|p1a: Clefable|0 fnt\n|faint|p1a: Clefable\n|\n|upkeep\n|\n|t:|1699809454\n|switch|p1a: Great Tusk|Great Tusk|100\/100\n|turn|16\n|\n|t:|1699809463\n|switch|p2a: Weavile|Weavile, F, shiny|100\/100\n|-ability|p2a: Weavile|Pressure\n|move|p1a: Great Tusk|Headlong Rush|p2a: Weavile\n|-damage|p2a: Weavile|0 fnt\n|-unboost|p1a: Great Tusk|def|1\n|-unboost|p1a: Great Tusk|spd|1\n|faint|p2a: Weavile\n|\n|upkeep\n|\n|t:|1699809466\n|switch|p2a: Maushold|Maushold|100\/100\n|turn|17\n|\n|t:|1699809469\n|move|p1a: Great Tusk|Headlong Rush|p2a: Maushold\n|-damage|p2a: Maushold|0 fnt\n|-unboost|p1a: Great Tusk|def|1\n|-unboost|p1a: Great Tusk|spd|1\n|faint|p2a: Maushold\n|\n|upkeep\n|\n|t:|1699809475\n|switch|p2a: Dragapult|Dragapult, F, shiny, tera:Ghost|100\/100\n|turn|18\n|\n|t:|1699809484\n|move|p1a: Great Tusk|Headlong Rush|p2a: Dragapult\n|-damage|p2a: Dragapult|22\/100\n|-unboost|p1a: Great Tusk|def|1\n|-unboost|p1a: Great Tusk|spd|1\n|move|p2a: Dragapult|Dragon Darts|p1a: Great Tusk\n|-damage|p1a: Great Tusk|33\/100\n|-anim|p2a: Dragapult|Dragon Darts|p1a: Great Tusk\n|-damage|p1a: Great Tusk|0 fnt\n|faint|p1a: Great Tusk\n|-end|p1a: Great Tusk|Protosynthesis|[silent]\n|\n|upkeep\n|-message|NewHoovybeast05 forfeited.\n|\n|win|Euffygcdkjv\n|raw|Euffygcdkjv's rating: 1445 &rarr; <strong>1472<\/strong><br \/>(+27 for winning)\n|raw|NewHoovybeast05's rating: 1563 &rarr; <strong>1536<\/strong><br \/>(-27 for losing)\n|l|\u2606NewHoovybeast05\n","uploadtime":1699809527,"views":9,"p1id":"euffygcdkjv","p2id":"newhoovybeast05","formatid":"gen9ou","rating":1472,"private":0,"password":""}