{"id":"gen9ou-1995973059","p1":"Onte bad","p2":"daniplus","format":"[Gen 9] OU","log":"|j|\u2606Onte bad\n|j|\u2606daniplus\n|t:|1700623879\n|gametype|singles\n|player|p1|Onte bad|169|1207\n|player|p2|daniplus|riley|1219\n|teamsize|p1|6\n|teamsize|p2|6\n|gen|9\n|tier|[Gen 9] OU\n|rated|\n|rule|Sleep Clause Mod: Limit one foe put to sleep\n|rule|Species Clause: Limit one of each Pok\u00e9mon\n|rule|OHKO Clause: OHKO moves are banned\n|rule|Evasion Items Clause: Evasion items are banned\n|rule|Evasion Moves Clause: Evasion moves are banned\n|rule|Endless Battle Clause: Forcing endless battles is banned\n|rule|HP Percentage Mod: HP is shown in percentages\n|clearpoke\n|poke|p1|Regidrago|\n|poke|p1|Ribombee, F|\n|poke|p1|Scizor, M|\n|poke|p1|Slowking-Galar, F|\n|poke|p1|Breloom, M|\n|poke|p1|Quaquaval, F|\n|poke|p2|Corviknight, M|\n|poke|p2|Skeledirge, F|\n|poke|p2|Quaquaval, M|\n|poke|p2|Cetitan, M|\n|poke|p2|Grimmsnarl, M|\n|poke|p2|Ninetales-Alola, M|\n|teampreview\n|inactive|Battle timer is ON: inactive players will automatically lose when time's up. (requested by Onte bad)\n|\n|t:|1700623901\n|start\n|switch|p1a: Scizor|Scizor, M|100\/100\n|switch|p2a: Cetitan|Cetitan, M, shiny|100\/100\n|turn|1\n|\n|t:|1700623908\n|-terastallize|p2a: Cetitan|Water\n|move|p2a: Cetitan|Liquidation|p1a: Scizor\n|-damage|p1a: Scizor|63\/100\n|move|p1a: Scizor|Close Combat|p2a: Cetitan\n|-damage|p2a: Cetitan|27\/100\n|-unboost|p1a: Scizor|def|1\n|-unboost|p1a: Scizor|spd|1\n|-enditem|p2a: Cetitan|Sitrus Berry|[eat]\n|-heal|p2a: Cetitan|52\/100|[from] item: Sitrus Berry\n|\n|upkeep\n|turn|2\n|\n|t:|1700623927\n|switch|p1a: Quaquaval|Quaquaval, F|100\/100\n|move|p2a: Cetitan|Liquidation|p1a: Quaquaval\n|-resisted|p1a: Quaquaval\n|-damage|p1a: Quaquaval|73\/100\n|\n|upkeep\n|turn|3\n|\n|t:|1700623936\n|move|p1a: Quaquaval|Aqua Step|p2a: Cetitan\n|-resisted|p2a: Cetitan\n|-damage|p2a: Cetitan|32\/100\n|-boost|p1a: Quaquaval|spe|1\n|move|p2a: Cetitan|High Horsepower|p1a: Quaquaval\n|-damage|p1a: Quaquaval|33\/100\n|\n|upkeep\n|turn|4\n|\n|t:|1700623950\n|move|p1a: Quaquaval|Close Combat|p2a: Cetitan\n|-damage|p2a: Cetitan|0 fnt\n|-unboost|p1a: Quaquaval|def|1\n|-unboost|p1a: Quaquaval|spd|1\n|faint|p2a: Cetitan\n|-ability|p1a: Quaquaval|Moxie|boost\n|-boost|p1a: Quaquaval|atk|1\n|\n|upkeep\n|\n|t:|1700623957\n|switch|p2a: Grimmsnarl|Grimmsnarl, M, shiny|100\/100\n|turn|5\n|\n|t:|1700623960\n|move|p2a: Grimmsnarl|Thunder Wave|p1a: Quaquaval\n|-status|p1a: Quaquaval|par\n|move|p1a: Quaquaval|Close Combat|p2a: Grimmsnarl\n|-damage|p2a: Grimmsnarl|0 fnt\n|-unboost|p1a: Quaquaval|def|1\n|-unboost|p1a: Quaquaval|spd|1\n|faint|p2a: Grimmsnarl\n|-ability|p1a: Quaquaval|Moxie|boost\n|-boost|p1a: Quaquaval|atk|1\n|\n|upkeep\n|\n|t:|1700623970\n|switch|p2a: Quaquaval|Quaquaval, M, shiny|100\/100\n|turn|6\n|\n|t:|1700623972\n|move|p2a: Quaquaval|Aqua Step|p1a: Quaquaval\n|-resisted|p1a: Quaquaval\n|-damage|p1a: Quaquaval|0 fnt\n|-boost|p2a: Quaquaval|spe|1\n|faint|p1a: Quaquaval\n|-ability|p2a: Quaquaval|Moxie|boost\n|-boost|p2a: Quaquaval|atk|1\n|\n|upkeep\n|\n|t:|1700623976\n|switch|p1a: Ribombee|Ribombee, F|100\/100\n|turn|7\n|\n|t:|1700623981\n|move|p2a: Quaquaval|Ice Spinner|p1a: Ribombee\n|-damage|p1a: Ribombee|22\/100\n|move|p1a: Ribombee|Moonblast|p2a: Quaquaval\n|-supereffective|p2a: Quaquaval\n|-damage|p2a: Quaquaval|0 fnt\n|faint|p2a: Quaquaval\n|\n|upkeep\n|\n|t:|1700623989\n|switch|p2a: Corviknight|Corviknight, M, shiny|100\/100\n|turn|8\n|\n|t:|1700623992\n|move|p1a: Ribombee|Sticky Web|p2a: Corviknight\n|-sidestart|p2: daniplus|move: Sticky Web\n|move|p2a: Corviknight|Brave Bird|p1a: Ribombee\n|-supereffective|p1a: Ribombee\n|-damage|p1a: Ribombee|0 fnt\n|faint|p1a: Ribombee\n|-damage|p2a: Corviknight|96\/100|[from] Recoil\n|\n|-heal|p2a: Corviknight|100\/100|[from] item: Leftovers\n|upkeep\n|\n|t:|1700623996\n|switch|p1a: Slowking|Slowking-Galar, F|100\/100\n|turn|9\n|\n|t:|1700624006\n|switch|p2a: Skeledirge|Skeledirge, F, shiny|100\/100\n|-activate|p2a: Skeledirge|move: Sticky Web\n|-unboost|p2a: Skeledirge|spe|1\n|move|p1a: Slowking|Flamethrower|p2a: Skeledirge\n|-resisted|p2a: Skeledirge\n|-crit|p2a: Skeledirge\n|-damage|p2a: Skeledirge|85\/100\n|\n|upkeep\n|turn|10\n|\n|t:|1700624014\n|move|p2a: Skeledirge|Torch Song|p1a: Slowking\n|-damage|p1a: Slowking|82\/100\n|-boost|p2a: Skeledirge|spa|1\n|move|p1a: Slowking|Future Sight|p2a: Skeledirge\n|-start|p1a: Slowking|move: Future Sight\n|\n|upkeep\n|turn|11\n|\n|t:|1700624019\n|switch|p1a: Regidrago|Regidrago|100\/100\n|move|p2a: Skeledirge|Shadow Ball|p1a: Regidrago\n|-damage|p1a: Regidrago|54\/100\n|\n|upkeep\n|turn|12\n|\n|t:|1700624034\n|move|p1a: Regidrago|Draco Meteor|p2a: Skeledirge\n|-damage|p2a: Skeledirge|0 fnt\n|-unboost|p1a: Regidrago|spa|2\n|faint|p2a: Skeledirge\n|\n|-hint|Future Sight did not hit because the target is fainted.\n|upkeep\n|\n|t:|1700624044\n|switch|p2a: Ninetales|Ninetales-Alola, M|100\/100\n|-weather|Snow|[from] ability: Snow Warning|[of] p2a: Ninetales\n|turn|13\n|\n|t:|1700624050\n|switch|p1a: Slowking|Slowking-Galar, F|100\/100\n|move|p2a: Ninetales|Blizzard|p1a: Slowking\n|-damage|p1a: Slowking|78\/100\n|\n|-weather|Snow|[upkeep]\n|upkeep\n|turn|14\n|\n|t:|1700624056\n|move|p2a: Ninetales|Blizzard|p1a: Slowking\n|-damage|p1a: Slowking|57\/100\n|move|p1a: Slowking|Sludge Bomb|p2a: Ninetales\n|-supereffective|p2a: Ninetales\n|-damage|p2a: Ninetales|0 fnt\n|faint|p2a: Ninetales\n|\n|-weather|Snow|[upkeep]\n|upkeep\n|\n|t:|1700624063\n|switch|p2a: Corviknight|Corviknight, M, shiny|100\/100\n|turn|15\n|\n|t:|1700624070\n|switch|p1a: Regidrago|Regidrago|54\/100\n|move|p2a: Corviknight|Bulk Up|p2a: Corviknight\n|-boost|p2a: Corviknight|atk|1\n|-boost|p2a: Corviknight|def|1\n|\n|-weather|Snow|[upkeep]\n|upkeep\n|turn|16\n|\n|t:|1700624077\n|switch|p1a: Scizor|Scizor, M|63\/100\n|move|p2a: Corviknight|Iron Head|p1a: Scizor\n|-resisted|p1a: Scizor\n|-damage|p1a: Scizor|36\/100\n|\n|-weather|Snow|[upkeep]\n|upkeep\n|turn|17\n|\n|t:|1700624084\n|move|p2a: Corviknight|Body Press|p1a: Scizor\n|-damage|p1a: Scizor|6\/100\n|move|p1a: Scizor|U-turn|p2a: Corviknight\n|-resisted|p2a: Corviknight\n|-damage|p2a: Corviknight|92\/100\n|\n|t:|1700624087\n|switch|p1a: Slowking|Slowking-Galar, F|91\/100|[from] U-turn\n|\n|-weather|none\n|-heal|p2a: Corviknight|98\/100|[from] item: Leftovers\n|upkeep\n|turn|18\n|\n|t:|1700624094\n|move|p2a: Corviknight|Brave Bird|p1a: Slowking\n|-damage|p1a: Slowking|4\/100\n|-damage|p2a: Corviknight|70\/100|[from] Recoil\n|move|p1a: Slowking|Flamethrower|p2a: Corviknight\n|-supereffective|p2a: Corviknight\n|-damage|p2a: Corviknight|12\/100\n|\n|-heal|p2a: Corviknight|18\/100|[from] item: Leftovers\n|upkeep\n|turn|19\n|\n|t:|1700624105\n|move|p2a: Corviknight|Body Press|p1a: Slowking\n|-resisted|p1a: Slowking\n|-damage|p1a: Slowking|0 fnt\n|faint|p1a: Slowking\n|\n|-heal|p2a: Corviknight|24\/100|[from] item: Leftovers\n|upkeep\n|\n|t:|1700624114\n|switch|p1a: Regidrago|Regidrago|54\/100\n|turn|20\n|\n|t:|1700624117\n|-terastallize|p1a: Regidrago|Dragon\n|move|p1a: Regidrago|Draco Meteor|p2a: Corviknight|[miss]\n|-miss|p1a: Regidrago|p2a: Corviknight\n|move|p2a: Corviknight|Iron Head|p1a: Regidrago\n|-damage|p1a: Regidrago|1\/100\n|\n|-heal|p2a: Corviknight|30\/100|[from] item: Leftovers\n|upkeep\n|turn|21\n|c|\u2606Onte bad|....\n|\n|t:|1700624125\n|move|p1a: Regidrago|Draco Meteor|p2a: Corviknight\n|-resisted|p2a: Corviknight\n|-damage|p2a: Corviknight|0 fnt\n|-unboost|p1a: Regidrago|spa|2\n|faint|p2a: Corviknight\n|\n|win|Onte bad\n|raw|Onte bad's rating: 1207 &rarr; <strong>1233<\/strong><br \/>(+26 for winning)\n|raw|daniplus's rating: 1219 &rarr; <strong>1193<\/strong><br \/>(-26 for losing)\n|c|\u2606Onte bad|ggs\n|l|\u2606daniplus\n","uploadtime":1700624131,"views":0,"p1id":"ontebad","p2id":"daniplus","formatid":"gen9ou","rating":1193,"private":0,"password":""}