{"id":"gen9ou-2000598470","p1":"taehmotor2","p2":"Erpapujose","format":"[Gen 9] OU","log":"|j|\u2606taehmotor2\n|j|\u2606Erpapujose\n|t:|1701209062\n|gametype|singles\n|player|p1|taehmotor2|hiker|1135\n|player|p2|Erpapujose|2|1069\n|teamsize|p1|6\n|teamsize|p2|6\n|gen|9\n|tier|[Gen 9] OU\n|rated|\n|rule|Sleep Clause Mod: Limit one foe put to sleep\n|rule|Species Clause: Limit one of each Pok\u00e9mon\n|rule|OHKO Clause: OHKO moves are banned\n|rule|Evasion Items Clause: Evasion items are banned\n|rule|Evasion Moves Clause: Evasion moves are banned\n|rule|Endless Battle Clause: Forcing endless battles is banned\n|rule|HP Percentage Mod: HP is shown in percentages\n|clearpoke\n|poke|p1|Enamorus, F|\n|poke|p1|Slowking, M|\n|poke|p1|Ursaluna, M|\n|poke|p1|Rotom-Heat|\n|poke|p1|Kingambit, F|\n|poke|p1|Uxie|\n|poke|p2|Ninetales-Alola, F|\n|poke|p2|Heatran, M|\n|poke|p2|Okidogi, M|\n|poke|p2|Dragonite, M|\n|poke|p2|Milotic, F|\n|poke|p2|Iron Treads|\n|teampreview\n|inactive|Battle timer is ON: inactive players will automatically lose when time's up. (requested by taehmotor2)\n|\n|t:|1701209080\n|start\n|switch|p1a: Rotom|Rotom-Heat|100\/100\n|switch|p2a: Iron Treads|Iron Treads|100\/100\n|turn|1\n|\n|t:|1701209092\n|-end|p2a: Iron Treads|Quark Drive|[silent]\n|switch|p2a: Milotic|Milotic, F, shiny|100\/100\n|move|p1a: Rotom|Volt Switch|p2a: Milotic\n|-supereffective|p2a: Milotic\n|-crit|p2a: Milotic\n|-damage|p2a: Milotic|45\/100\n|\n|t:|1701209095\n|switch|p1a: Ursaluna|Ursaluna, M|100\/100|[from] Volt Switch\n|\n|-status|p2a: Milotic|brn|[from] item: Flame Orb\n|-status|p1a: Ursaluna|brn|[from] item: Flame Orb\n|upkeep\n|turn|2\n|\n|t:|1701209102\n|move|p2a: Milotic|Recover|p2a: Milotic\n|-heal|p2a: Milotic|95\/100 brn\n|move|p1a: Ursaluna|Facade|p2a: Milotic\n|-damage|p2a: Milotic|13\/100 brn\n|\n|-damage|p2a: Milotic|7\/100 brn|[from] brn\n|-damage|p1a: Ursaluna|94\/100 brn|[from] brn\n|upkeep\n|turn|3\n|\n|t:|1701209127\n|switch|p2a: Dragonite|Dragonite, M|100\/100\n|move|p1a: Ursaluna|Facade|p2a: Dragonite\n|-damage|p2a: Dragonite|62\/100\n|-damage|p1a: Ursaluna|78\/100 brn|[from] item: Rocky Helmet|[of] p2a: Dragonite\n|\n|-damage|p1a: Ursaluna|72\/100 brn|[from] brn\n|upkeep\n|turn|4\n|\n|t:|1701209135\n|move|p2a: Dragonite|Roost|p2a: Dragonite\n|-heal|p2a: Dragonite|100\/100\n|-singleturn|p2a: Dragonite|move: Roost\n|move|p1a: Ursaluna|Facade|p2a: Dragonite\n|-damage|p2a: Dragonite|56\/100\n|-damage|p1a: Ursaluna|55\/100 brn|[from] item: Rocky Helmet|[of] p2a: Dragonite\n|\n|-damage|p1a: Ursaluna|49\/100 brn|[from] brn\n|upkeep\n|turn|5\n|\n|t:|1701209146\n|move|p2a: Dragonite|Roost|p2a: Dragonite\n|-heal|p2a: Dragonite|100\/100\n|-singleturn|p2a: Dragonite|move: Roost\n|move|p1a: Ursaluna|Ice Punch|p2a: Dragonite\n|-supereffective|p2a: Dragonite\n|-damage|p2a: Dragonite|70\/100\n|-damage|p1a: Ursaluna|32\/100 brn|[from] item: Rocky Helmet|[of] p2a: Dragonite\n|\n|-damage|p1a: Ursaluna|26\/100 brn|[from] brn\n|upkeep\n|turn|6\n|\n|t:|1701209155\n|switch|p1a: Rotom|Rotom-Heat|100\/100\n|move|p2a: Dragonite|Roost|p2a: Dragonite\n|-heal|p2a: Dragonite|100\/100\n|-singleturn|p2a: Dragonite|move: Roost\n|\n|upkeep\n|turn|7\n|\n|t:|1701209166\n|switch|p2a: Iron Treads|Iron Treads|100\/100\n|move|p1a: Rotom|Trick|p2a: Iron Treads\n|-activate|p1a: Rotom|move: Trick|[of] p2a: Iron Treads\n|-item|p2a: Iron Treads|Choice Scarf|[from] move: Trick\n|-item|p1a: Rotom|Life Orb|[from] move: Trick\n|\n|upkeep\n|turn|8\n|inactive|Erpapujose has 120 seconds left.\n|\n|t:|1701209206\n|move|p2a: Iron Treads|Stealth Rock|p1a: Rotom\n|-sidestart|p1: taehmotor2|move: Stealth Rock\n|move|p1a: Rotom|Volt Switch|p2a: Iron Treads\n|-immune|p2a: Iron Treads\n|\n|upkeep\n|turn|9\n|inactive|Erpapujose has 120 seconds left.\n|\n|t:|1701209217\n|-end|p2a: Iron Treads|Quark Drive|[silent]\n|switch|p2a: Milotic|Milotic, F, shiny|7\/100 brn\n|move|p1a: Rotom|Volt Switch|p2a: Milotic\n|-supereffective|p2a: Milotic\n|-damage|p2a: Milotic|0 fnt\n|faint|p2a: Milotic\n|-damage|p1a: Rotom|91\/100|[from] item: Life Orb\n|\n|t:|1701209221\n|switch|p1a: Uxie|Uxie|100\/100|[from] Volt Switch\n|-damage|p1a: Uxie|88\/100|[from] Stealth Rock\n|\n|upkeep\n|inactive|Erpapujose has 120 seconds left.\n|\n|t:|1701209232\n|switch|p2a: Iron Treads|Iron Treads|100\/100\n|turn|10\n|inactive|Erpapujose has 120 seconds left.\n|\n|t:|1701209243\n|move|p2a: Iron Treads|Megahorn|p1a: Uxie\n|-supereffective|p1a: Uxie\n|-damage|p1a: Uxie|28\/100\n|-damage|p2a: Iron Treads|84\/100|[from] item: Rocky Helmet|[of] p1a: Uxie\n|move|p1a: Uxie|Trick Room|p1a: Uxie\n|-fieldstart|move: Trick Room|[of] p1a: Uxie\n|\n|upkeep\n|turn|11\n|inactive|Erpapujose has 120 seconds left.\n|inactive|Erpapujose has 90 seconds left.\n|\n|t:|1701209289\n|-end|p2a: Iron Treads|Quark Drive|[silent]\n|switch|p2a: Heatran|Heatran, M, shiny|100\/100\n|move|p1a: Uxie|Stealth Rock|p2a: Heatran\n|-sidestart|p2: Erpapujose|move: Stealth Rock\n|\n|upkeep\n|turn|12\n|\n|t:|1701209310\n|move|p1a: Uxie|Knock Off|p2a: Heatran\n|-damage|p2a: Heatran|82\/100\n|-enditem|p2a: Heatran|Choice Scarf|[from] move: Knock Off|[of] p1a: Uxie\n|move|p2a: Heatran|Flamethrower|p1a: Uxie\n|-damage|p1a: Uxie|2\/100\n|\n|upkeep\n|turn|13\n|\n|t:|1701209321\n|move|p1a: Uxie|U-turn|p2a: Heatran\n|-resisted|p2a: Heatran\n|-damage|p2a: Heatran|79\/100\n|\n|t:|1701209329\n|switch|p1a: Slowking|Slowking, M|100\/100|[from] U-turn\n|-damage|p1a: Slowking|88\/100|[from] Stealth Rock\n|move|p2a: Heatran|Flamethrower|p1a: Slowking\n|-resisted|p1a: Slowking\n|-damage|p1a: Slowking|75\/100\n|\n|-heal|p1a: Slowking|81\/100|[from] item: Leftovers\n|upkeep\n|turn|14\n|inactive|Erpapujose has 90 seconds left.\n|\n|t:|1701209356\n|switch|p2a: Dragonite|Dragonite, M|100\/100\n|-damage|p2a: Dragonite|76\/100|[from] Stealth Rock\n|move|p1a: Slowking|Scald|p2a: Dragonite\n|-resisted|p2a: Dragonite\n|-damage|p2a: Dragonite|64\/100\n|\n|-heal|p1a: Slowking|88\/100|[from] item: Leftovers\n|-fieldend|move: Trick Room\n|upkeep\n|turn|15\n|\n|t:|1701209371\n|move|p2a: Dragonite|Roost|p2a: Dragonite\n|-heal|p2a: Dragonite|100\/100\n|-singleturn|p2a: Dragonite|move: Roost\n|move|p1a: Slowking|Trick Room|p1a: Slowking\n|-fieldstart|move: Trick Room|[of] p1a: Slowking\n|\n|-heal|p1a: Slowking|94\/100|[from] item: Leftovers\n|upkeep\n|turn|16\n|\n|t:|1701209383\n|move|p1a: Slowking|Scald|p2a: Dragonite\n|-resisted|p2a: Dragonite\n|-damage|p2a: Dragonite|95\/100\n|move|p2a: Dragonite|Dragon Claw|p1a: Slowking\n|-damage|p1a: Slowking|59\/100\n|\n|-heal|p1a: Slowking|65\/100|[from] item: Leftovers\n|upkeep\n|turn|17\n|\n|t:|1701209394\n|move|p1a: Slowking|Scald|p2a: Dragonite\n|-resisted|p2a: Dragonite\n|-crit|p2a: Dragonite\n|-damage|p2a: Dragonite|76\/100\n|move|p2a: Dragonite|Dragon Claw|p1a: Slowking\n|-damage|p1a: Slowking|30\/100\n|\n|-heal|p1a: Slowking|36\/100|[from] item: Leftovers\n|upkeep\n|turn|18\n|\n|t:|1701209404\n|move|p1a: Slowking|Scald|p2a: Dragonite\n|-resisted|p2a: Dragonite\n|-damage|p2a: Dragonite|65\/100\n|move|p2a: Dragonite|Dragon Claw|p1a: Slowking\n|-damage|p1a: Slowking|0 fnt\n|faint|p1a: Slowking\n|\n|upkeep\n|\n|t:|1701209411\n|switch|p1a: Enamorus|Enamorus, F|100\/100\n|-damage|p1a: Enamorus|76\/100|[from] Stealth Rock\n|-enditem|p1a: Enamorus|Room Service\n|-boost|p1a: Enamorus|spe|1|[from] item: Room Service\n|turn|19\n|inactive|Erpapujose has 60 seconds left.\n|\n|t:|1701209436\n|switch|p2a: Heatran|Heatran, M, shiny|79\/100\n|-damage|p2a: Heatran|66\/100|[from] Stealth Rock\n|move|p1a: Enamorus|Play Rough|p2a: Heatran\n|-resisted|p2a: Heatran\n|-damage|p2a: Heatran|56\/100\n|\n|-fieldend|move: Trick Room\n|upkeep\n|turn|20\n|inactive|Erpapujose has 60 seconds left.\n|\n|t:|1701209464\n|move|p1a: Enamorus|Superpower|p2a: Heatran\n|-supereffective|p2a: Heatran\n|-damage|p2a: Heatran|0 fnt\n|-boost|p1a: Enamorus|atk|1\n|-boost|p1a: Enamorus|def|1\n|faint|p2a: Heatran\n|\n|upkeep\n|inactive|Erpapujose has 30 seconds left.\n|inactive|Erpapujose has 20 seconds left.\n|\n|t:|1701209492\n|switch|p2a: Okidogi|Okidogi, M|100\/100\n|-damage|p2a: Okidogi|94\/100|[from] Stealth Rock\n|turn|21\n|inactive|Erpapujose has 30 seconds left this turn.\n|inactive|Erpapujose has 20 seconds left.\n|\n|t:|1701209502\n|-terastallize|p1a: Enamorus|Ground\n|move|p1a: Enamorus|Tera Blast|p2a: Okidogi|[anim] Tera Blast Ground\n|-supereffective|p2a: Okidogi\n|-damage|p2a: Okidogi|0 fnt\n|faint|p2a: Okidogi\n|\n|upkeep\n|inactive|Erpapujose has 25 seconds left this turn.\n|inactive|Erpapujose has 20 seconds left.\n|inactive|Erpapujose has 15 seconds left.\n|inactive|Erpapujose has 10 seconds left.\n|inactive|Erpapujose has 5 seconds left.\n|\n|t:|1701209525\n|switch|p2a: Dragonite|Dragonite, M|65\/100\n|-damage|p2a: Dragonite|40\/100|[from] Stealth Rock\n|turn|22\n|inactive|Erpapujose has 15 seconds left this turn.\n|\n|t:|1701209530\n|-terastallize|p2a: Dragonite|Water\n|move|p1a: Enamorus|Play Rough|p2a: Dragonite\n|-crit|p2a: Dragonite\n|-damage|p2a: Dragonite|0 fnt\n|-damage|p1a: Enamorus|59\/100|[from] item: Rocky Helmet|[of] p2a: Dragonite\n|faint|p2a: Dragonite\n|\n|upkeep\n|inactive|Erpapujose has 20 seconds left this turn.\n|inactive|Erpapujose has 15 seconds left.\n|inactive|Erpapujose has 10 seconds left.\n|-message|Erpapujose forfeited.\n|\n|win|taehmotor2\n|inactive|Erpapujose has 15 seconds left this turn.\n|raw|taehmotor2's rating: 1135 &rarr; <strong>1155<\/strong><br \/>(+20 for winning)\n|raw|Erpapujose's rating: 1069 &rarr; <strong>1052<\/strong><br \/>(-17 for losing)\n|l|\u2606Erpapujose\n","uploadtime":1701209549,"views":7,"p1id":"taehmotor2","p2id":"erpapujose","formatid":"gen9ou","rating":1052,"private":0,"password":""}