{"id":"gen9ou-1992147159","p1":"Kira236","p2":"RSDPM","format":"[Gen 9] OU","log":"|j|\u2606Kira236\n|j|\u2606RSDPM\n|t:|1700158933\n|gametype|singles\n|player|p1|Kira236|2|1271\n|player|p2|RSDPM|riley|1318\n|teamsize|p1|6\n|teamsize|p2|6\n|gen|9\n|tier|[Gen 9] OU\n|rated|\n|rule|Sleep Clause Mod: Limit one foe put to sleep\n|rule|Species Clause: Limit one of each Pok\u00e9mon\n|rule|OHKO Clause: OHKO moves are banned\n|rule|Evasion Items Clause: Evasion items are banned\n|rule|Evasion Moves Clause: Evasion moves are banned\n|rule|Endless Battle Clause: Forcing endless battles is banned\n|rule|HP Percentage Mod: HP is shown in percentages\n|clearpoke\n|poke|p1|Gallade, M|\n|poke|p1|Azumarill, M|\n|poke|p1|Glimmora, F|\n|poke|p1|Arcanine, F|\n|poke|p1|Espeon, M|\n|poke|p1|Umbreon, M|\n|poke|p2|Wyrdeer, F|\n|poke|p2|Kleavor, F|\n|poke|p2|Ursaluna, M|\n|poke|p2|Basculegion-F, F|\n|poke|p2|Sneasler, M|\n|poke|p2|Overqwil, F|\n|teampreview\n|\n|t:|1700158954\n|start\n|switch|p1a: Glimmora|Glimmora, F|100\/100\n|switch|p2a: Overqwil|Overqwil, F|100\/100\n|-ability|p2a: Overqwil|Intimidate|boost\n|-unboost|p1a: Glimmora|atk|1\n|turn|1\n|inactive|Battle timer is ON: inactive players will automatically lose when time's up. (requested by Kira236)\n|\n|t:|1700158963\n|move|p1a: Glimmora|Power Gem|p2a: Overqwil\n|-damage|p2a: Overqwil|39\/100\n|move|p2a: Overqwil|Spikes|p1a: Glimmora\n|-sidestart|p1: Kira236|Spikes\n|\n|-heal|p2a: Overqwil|45\/100|[from] item: Black Sludge\n|upkeep\n|turn|2\n|\n|t:|1700158972\n|switch|p2a: Ursaluna|Ursaluna, M|100\/100\n|move|p1a: Glimmora|Power Gem|p2a: Ursaluna\n|-resisted|p2a: Ursaluna\n|-damage|p2a: Ursaluna|79\/100\n|\n|-status|p2a: Ursaluna|brn|[from] item: Flame Orb\n|upkeep\n|turn|3\n|\n|t:|1700158987\n|-terastallize|p1a: Glimmora|Grass\n|move|p1a: Glimmora|Energy Ball|p2a: Ursaluna\n|-supereffective|p2a: Ursaluna\n|-damage|p2a: Ursaluna|0 fnt\n|faint|p2a: Ursaluna\n|\n|upkeep\n|\n|t:|1700159003\n|switch|p2a: Kleavor|Kleavor, F|100\/100\n|turn|4\n|\n|t:|1700159012\n|move|p2a: Kleavor|X-Scissor|p1a: Glimmora\n|-supereffective|p1a: Glimmora\n|-damage|p1a: Glimmora|0 fnt\n|-activate|p1a: Glimmora|ability: Toxic Debris\n|-sidestart|p2: RSDPM|move: Toxic Spikes\n|faint|p1a: Glimmora\n|\n|upkeep\n|\n|t:|1700159017\n|switch|p1a: Arcanine|Arcanine, F|100\/100\n|-damage|p1a: Arcanine|88\/100|[from] Spikes\n|-ability|p1a: Arcanine|Intimidate|boost\n|-unboost|p2a: Kleavor|atk|1\n|turn|5\n|\n|t:|1700159024\n|switch|p2a: Overqwil|Overqwil, F|45\/100\n|-sideend|p2: RSDPM|move: Toxic Spikes|[of] p2a: Overqwil\n|-ability|p2a: Overqwil|Intimidate|boost\n|-unboost|p1a: Arcanine|atk|1\n|move|p1a: Arcanine|Will-O-Wisp|p2a: Overqwil\n|-status|p2a: Overqwil|brn\n|\n|-heal|p2a: Overqwil|51\/100 brn|[from] item: Black Sludge\n|-damage|p2a: Overqwil|45\/100 brn|[from] brn\n|upkeep\n|turn|6\n|\n|t:|1700159045\n|switch|p1a: Umbreon|Umbreon, M|100\/100\n|-damage|p1a: Umbreon|88\/100|[from] Spikes\n|move|p2a: Overqwil|Crunch|p1a: Umbreon\n|-resisted|p1a: Umbreon\n|-damage|p1a: Umbreon|82\/100\n|\n|-heal|p2a: Overqwil|51\/100 brn|[from] item: Black Sludge\n|-heal|p1a: Umbreon|88\/100|[from] item: Leftovers\n|-damage|p2a: Overqwil|45\/100 brn|[from] brn\n|upkeep\n|turn|7\n|\n|t:|1700159057\n|move|p2a: Overqwil|Toxic||[still]\n|-status|p1a: Umbreon|tox\n|-activate|p1a: Umbreon|ability: Synchronize\n|-fail|p1a: Umbreon\n|move|p1a: Umbreon|Foul Play|p2a: Overqwil\n|-resisted|p2a: Overqwil\n|-damage|p2a: Overqwil|32\/100 brn\n|\n|-heal|p2a: Overqwil|38\/100 brn|[from] item: Black Sludge\n|-heal|p1a: Umbreon|94\/100 tox|[from] item: Leftovers\n|-damage|p1a: Umbreon|88\/100 tox|[from] psn\n|-damage|p2a: Overqwil|32\/100 brn|[from] brn\n|upkeep\n|turn|8\n|\n|t:|1700159080\n|move|p2a: Overqwil|Crunch|p1a: Umbreon\n|-resisted|p1a: Umbreon\n|-damage|p1a: Umbreon|82\/100 tox\n|move|p1a: Umbreon|Foul Play|p2a: Overqwil\n|-resisted|p2a: Overqwil\n|-damage|p2a: Overqwil|20\/100 brn\n|\n|-heal|p2a: Overqwil|26\/100 brn|[from] item: Black Sludge\n|-heal|p1a: Umbreon|88\/100 tox|[from] item: Leftovers\n|-damage|p1a: Umbreon|76\/100 tox|[from] psn\n|-damage|p2a: Overqwil|20\/100 brn|[from] brn\n|upkeep\n|turn|9\n|\n|t:|1700159087\n|move|p2a: Overqwil|Protect|p2a: Overqwil\n|-singleturn|p2a: Overqwil|Protect\n|move|p1a: Umbreon|Foul Play|p2a: Overqwil\n|-activate|p2a: Overqwil|move: Protect\n|\n|-heal|p2a: Overqwil|26\/100 brn|[from] item: Black Sludge\n|-heal|p1a: Umbreon|82\/100 tox|[from] item: Leftovers\n|-damage|p1a: Umbreon|64\/100 tox|[from] psn\n|-damage|p2a: Overqwil|20\/100 brn|[from] brn\n|upkeep\n|turn|10\n|\n|t:|1700159098\n|move|p2a: Overqwil|Spikes|p1a: Umbreon\n|-sidestart|p1: Kira236|Spikes\n|move|p1a: Umbreon|Foul Play|p2a: Overqwil\n|-resisted|p2a: Overqwil\n|-damage|p2a: Overqwil|8\/100 brn\n|\n|-heal|p2a: Overqwil|14\/100 brn|[from] item: Black Sludge\n|-heal|p1a: Umbreon|70\/100 tox|[from] item: Leftovers\n|-damage|p1a: Umbreon|45\/100 tox|[from] psn\n|-damage|p2a: Overqwil|8\/100 brn|[from] brn\n|upkeep\n|turn|11\n|\n|t:|1700159112\n|switch|p2a: Wyrdeer|Wyrdeer, F|100\/100\n|move|p1a: Umbreon|Wish|p1a: Umbreon\n|\n|-heal|p1a: Umbreon|52\/100 tox|[from] item: Leftovers\n|-damage|p1a: Umbreon|21\/100 tox|[from] psn\n|upkeep\n|turn|12\n|\n|t:|1700159127\n|move|p2a: Wyrdeer|Agility|p2a: Wyrdeer\n|-boost|p2a: Wyrdeer|spe|2\n|move|p1a: Umbreon|Foul Play|p2a: Wyrdeer\n|-supereffective|p2a: Wyrdeer\n|-damage|p2a: Wyrdeer|36\/100\n|-enditem|p2a: Wyrdeer|Weakness Policy\n|-boost|p2a: Wyrdeer|atk|2|[from] item: Weakness Policy\n|-boost|p2a: Wyrdeer|spa|2|[from] item: Weakness Policy\n|\n|-heal|p1a: Umbreon|71\/100 tox|[from] move: Wish|[wisher] Umbreon\n|-heal|p1a: Umbreon|77\/100 tox|[from] item: Leftovers\n|-damage|p1a: Umbreon|41\/100 tox|[from] psn\n|upkeep\n|turn|13\n|\n|t:|1700159148\n|move|p2a: Wyrdeer|Tera Blast|p1a: Umbreon\n|-damage|p1a: Umbreon|2\/100 tox\n|move|p1a: Umbreon|Foul Play|p2a: Wyrdeer\n|-supereffective|p2a: Wyrdeer\n|-damage|p2a: Wyrdeer|0 fnt\n|faint|p2a: Wyrdeer\n|\n|-heal|p1a: Umbreon|8\/100 tox|[from] item: Leftovers\n|-damage|p1a: Umbreon|0 fnt|[from] psn\n|faint|p1a: Umbreon\n|upkeep\n|\n|t:|1700159167\n|switch|p2a: Basculegion|Basculegion-F, F|100\/100\n|switch|p1a: Espeon|Espeon, M|100\/100\n|-damage|p1a: Espeon|84\/100|[from] Spikes\n|turn|14\n|\n|t:|1700159174\n|move|p1a: Espeon|Shadow Ball|p2a: Basculegion\n|-supereffective|p2a: Basculegion\n|-crit|p2a: Basculegion\n|-damage|p2a: Basculegion|8\/100\n|move|p2a: Basculegion|Shadow Ball|p1a: Espeon\n|-supereffective|p1a: Espeon\n|-damage|p1a: Espeon|0 fnt\n|faint|p1a: Espeon\n|-damage|p2a: Basculegion|0 fnt|[from] item: Life Orb\n|faint|p2a: Basculegion\n|\n|upkeep\n|\n|t:|1700159189\n|switch|p1a: Azumarill|Azumarill, M|100\/100\n|switch|p2a: Overqwil|Overqwil, F|8\/100 brn\n|-ability|p2a: Overqwil|Intimidate|boost\n|-unboost|p1a: Azumarill|atk|1\n|-damage|p1a: Azumarill|84\/100|[from] Spikes\n|turn|15\n|\n|t:|1700159198\n|move|p1a: Azumarill|Aqua Jet|p2a: Overqwil\n|-damage|p2a: Overqwil|0 fnt\n|faint|p2a: Overqwil\n|\n|upkeep\n|\n|t:|1700159204\n|switch|p2a: Sneasler|Sneasler, M|100\/100\n|turn|16\n|\n|t:|1700159210\n|switch|p1a: Arcanine|Arcanine, F|88\/100\n|-damage|p1a: Arcanine|71\/100|[from] Spikes\n|-ability|p1a: Arcanine|Intimidate|boost\n|-unboost|p2a: Sneasler|atk|1\n|move|p2a: Sneasler|Bulk Up|p2a: Sneasler\n|-boost|p2a: Sneasler|atk|1\n|-boost|p2a: Sneasler|def|1\n|\n|upkeep\n|turn|17\n|\n|t:|1700159232\n|move|p2a: Sneasler|Close Combat|p1a: Arcanine\n|-damage|p1a: Arcanine|24\/100\n|-unboost|p2a: Sneasler|def|1\n|-unboost|p2a: Sneasler|spd|1\n|-damage|p2a: Sneasler|84\/100|[from] item: Rocky Helmet|[of] p1a: Arcanine\n|move|p1a: Arcanine|Will-O-Wisp|p2a: Sneasler\n|-status|p2a: Sneasler|brn\n|\n|-damage|p2a: Sneasler|78\/100 brn|[from] brn\n|upkeep\n|turn|18\n|\n|t:|1700159239\n|move|p2a: Sneasler|Bulk Up|p2a: Sneasler\n|-boost|p2a: Sneasler|atk|1\n|-boost|p2a: Sneasler|def|1\n|move|p1a: Arcanine|Morning Sun|p1a: Arcanine\n|-heal|p1a: Arcanine|74\/100\n|\n|-damage|p2a: Sneasler|72\/100 brn|[from] brn\n|upkeep\n|turn|19\n|\n|t:|1700159251\n|move|p2a: Sneasler|Bulk Up|p2a: Sneasler\n|-boost|p2a: Sneasler|atk|1\n|-boost|p2a: Sneasler|def|1\n|move|p1a: Arcanine|Flare Blitz|p2a: Sneasler\n|-damage|p2a: Sneasler|35\/100 brn\n|-damage|p1a: Arcanine|64\/100|[from] Recoil\n|-enditem|p2a: Sneasler|Red Card|[of] p1a: Arcanine\n|drag|p1a: Azumarill|Azumarill, M|84\/100\n|-damage|p1a: Azumarill|67\/100|[from] Spikes\n|\n|-damage|p2a: Sneasler|29\/100 brn|[from] brn\n|upkeep\n|turn|20\n|\n|t:|1700159273\n|move|p2a: Sneasler|Dire Claw|p1a: Azumarill\n|-supereffective|p1a: Azumarill\n|-damage|p1a: Azumarill|0 fnt\n|faint|p1a: Azumarill\n|\n|-damage|p2a: Sneasler|23\/100 brn|[from] brn\n|upkeep\n|\n|t:|1700159286\n|switch|p1a: Arcanine|Arcanine, F|64\/100\n|-damage|p1a: Arcanine|47\/100|[from] Spikes\n|-ability|p1a: Arcanine|Intimidate|boost\n|-unboost|p2a: Sneasler|atk|1\n|turn|21\n|\n|t:|1700159294\n|move|p2a: Sneasler|Acrobatics|p1a: Arcanine\n|-damage|p1a: Arcanine|26\/100\n|-damage|p2a: Sneasler|6\/100 brn|[from] item: Rocky Helmet|[of] p1a: Arcanine\n|move|p1a: Arcanine|Morning Sun|p1a: Arcanine\n|-heal|p1a: Arcanine|76\/100\n|\n|-damage|p2a: Sneasler|0 fnt|[from] brn\n|faint|p2a: Sneasler\n|upkeep\n|\n|t:|1700159298\n|switch|p2a: Kleavor|Kleavor, F|100\/100\n|turn|22\n|\n|t:|1700159309\n|-terastallize|p2a: Kleavor|Rock\n|move|p2a: Kleavor|Stone Axe|p1a: Arcanine\n|-supereffective|p1a: Arcanine\n|-damage|p1a: Arcanine|0 fnt\n|-damage|p2a: Kleavor|84\/100|[from] item: Rocky Helmet|[of] p1a: Arcanine\n|-sidestart|p1: Kira236|move: Stealth Rock\n|faint|p1a: Arcanine\n|\n|upkeep\n|\n|t:|1700159313\n|switch|p1a: Gallade|Gallade, M|100\/100\n|-damage|p1a: Gallade|84\/100|[from] Spikes\n|-damage|p1a: Gallade|78\/100|[from] Stealth Rock\n|turn|23\n|\n|t:|1700159322\n|move|p2a: Kleavor|Stone Axe|p1a: Gallade\n|-resisted|p1a: Gallade\n|-damage|p1a: Gallade|12\/100\n|move|p1a: Gallade|Sacred Sword|p2a: Kleavor\n|-supereffective|p2a: Kleavor\n|-damage|p2a: Kleavor|0 fnt\n|faint|p2a: Kleavor\n|\n|win|Kira236\n|raw|Kira236's rating: 1271 &rarr; <strong>1299<\/strong><br \/>(+28 for winning)\n|raw|RSDPM's rating: 1318 &rarr; <strong>1295<\/strong><br \/>(-23 for losing)\n|l|\u2606Kira236\n","uploadtime":1700159335,"views":8,"p1id":"kira236","p2id":"rsdpm","formatid":"gen9ou","rating":1295,"private":0,"password":""}