{"id":"gen9ou-1992546283","p1":"homixide poopoo","p2":"Purple18","format":"[Gen 9] OU","log":"|j|\u2606homixide poopoo\n|j|\u2606Purple18\n|t:|1700203295\n|gametype|singles\n|player|p1|homixide poopoo|iris-gen5bw2|1119\n|player|p2|Purple18|265|1213\n|teamsize|p1|6\n|teamsize|p2|6\n|gen|9\n|tier|[Gen 9] OU\n|rated|\n|rule|Sleep Clause Mod: Limit one foe put to sleep\n|rule|Species Clause: Limit one of each Pok\u00e9mon\n|rule|OHKO Clause: OHKO moves are banned\n|rule|Evasion Items Clause: Evasion items are banned\n|rule|Evasion Moves Clause: Evasion moves are banned\n|rule|Endless Battle Clause: Forcing endless battles is banned\n|rule|HP Percentage Mod: HP is shown in percentages\n|clearpoke\n|poke|p1|Samurott-Hisui, M|\n|poke|p1|Dragapult, M|\n|poke|p1|Cinderace, F|\n|poke|p1|Okidogi, M|\n|poke|p1|Kingambit, F|\n|poke|p1|Garganacl, M|\n|poke|p2|Chandelure, M|\n|poke|p2|Ursaluna, M|\n|poke|p2|Manaphy|\n|poke|p2|Hatterene, F|\n|poke|p2|Mew|\n|poke|p2|Decidueye-Hisui, F|\n|teampreview\n|\n|t:|1700203326\n|start\n|switch|p1a: Samurott|Samurott-Hisui, M, shiny|100\/100\n|switch|p2a: Hatterene|Hatterene, F|100\/100\n|turn|1\n|\n|t:|1700203332\n|move|p1a: Samurott|Ceaseless Edge|p2a: Hatterene\n|-crit|p2a: Hatterene\n|-damage|p2a: Hatterene|28\/100\n|-sidestart|p2: Purple18|Spikes\n|move|p2a: Hatterene|Draining Kiss|p1a: Samurott\n|-supereffective|p1a: Samurott\n|-damage|p1a: Samurott|16\/100\n|-heal|p2a: Hatterene|92\/100|[from] drain|[of] p1a: Samurott\n|\n|upkeep\n|turn|2\n|\n|t:|1700203347\n|move|p1a: Samurott|Ceaseless Edge|p2a: Hatterene\n|-damage|p2a: Hatterene|39\/100\n|-sidestart|p2: Purple18|Spikes\n|move|p2a: Hatterene|Trick Room|p2a: Hatterene\n|-fieldstart|move: Trick Room|[of] p2a: Hatterene\n|\n|upkeep\n|turn|3\n|\n|t:|1700203377\n|switch|p1a: Okidogi|Okidogi, M|100\/100\n|move|p2a: Hatterene|Draining Kiss|p1a: Okidogi\n|-damage|p1a: Okidogi|61\/100\n|-heal|p2a: Hatterene|68\/100|[from] drain|[of] p1a: Okidogi\n|\n|-heal|p1a: Okidogi|67\/100|[from] item: Leftovers\n|upkeep\n|turn|4\n|\n|t:|1700203404\n|switch|p1a: Samurott|Samurott-Hisui, M, shiny|16\/100\n|move|p2a: Hatterene|Draining Kiss|p1a: Samurott\n|-supereffective|p1a: Samurott\n|-damage|p1a: Samurott|0 fnt\n|-heal|p2a: Hatterene|80\/100|[from] drain|[of] p1a: Samurott\n|faint|p1a: Samurott\n|\n|upkeep\n|\n|t:|1700203416\n|switch|p1a: Kingambit|Kingambit, F, shiny|100\/100\n|-activate|p1a: Kingambit|ability: Supreme Overlord\n|-start|p1a: Kingambit|fallen1|[silent]\n|turn|5\n|\n|t:|1700203429\n|move|p2a: Hatterene|Mystical Fire|p1a: Kingambit\n|-supereffective|p1a: Kingambit\n|-damage|p1a: Kingambit|34\/100\n|-unboost|p1a: Kingambit|spa|1\n|move|p1a: Kingambit|Iron Head|p2a: Hatterene\n|-supereffective|p2a: Hatterene\n|-damage|p2a: Hatterene|0 fnt\n|faint|p2a: Hatterene\n|\n|upkeep\n|\n|t:|1700203449\n|switch|p2a: Decidueye|Decidueye-Hisui, F|100\/100\n|-damage|p2a: Decidueye|84\/100|[from] Spikes\n|turn|6\n|\n|t:|1700203456\n|-end|p1a: Kingambit|fallen1|[silent]\n|switch|p1a: Dragapult|Dragapult, M, shiny|100\/100\n|move|p2a: Decidueye|Triple Arrows|p1a: Dragapult\n|-crit|p1a: Dragapult\n|-damage|p1a: Dragapult|0 fnt\n|faint|p1a: Dragapult\n|\n|-fieldend|move: Trick Room\n|upkeep\n|\n|t:|1700203472\n|switch|p1a: Okidogi|Okidogi, M|67\/100\n|turn|7\n|\n|t:|1700203477\n|move|p1a: Okidogi|Poison Jab|p2a: Decidueye\n|-supereffective|p2a: Decidueye\n|-damage|p2a: Decidueye|0 fnt\n|faint|p2a: Decidueye\n|\n|-heal|p1a: Okidogi|73\/100|[from] item: Leftovers\n|upkeep\n|\n|t:|1700203483\n|switch|p2a: Mew|Mew|100\/100\n|-damage|p2a: Mew|84\/100|[from] Spikes\n|turn|8\n|\n|t:|1700203489\n|switch|p1a: Cinderace|Cinderace, F, shiny|100\/100\n|move|p2a: Mew|Trick Room|p2a: Mew\n|-fieldstart|move: Trick Room|[of] p2a: Mew\n|\n|upkeep\n|turn|9\n|\n|t:|1700203495\n|switch|p2a: Manaphy|Manaphy|100\/100\n|-damage|p2a: Manaphy|84\/100|[from] Spikes\n|move|p1a: Cinderace|Pyro Ball|p2a: Manaphy\n|-resisted|p2a: Manaphy\n|-damage|p2a: Manaphy|66\/100\n|\n|-heal|p2a: Manaphy|73\/100|[from] item: Leftovers\n|upkeep\n|turn|10\n|\n|t:|1700203505\n|move|p2a: Manaphy|Acid Armor|p2a: Manaphy\n|-boost|p2a: Manaphy|def|2\n|move|p1a: Cinderace|U-turn|p2a: Manaphy\n|-start|p1a: Cinderace|typechange|Bug|[from] ability: Libero\n|-damage|p2a: Manaphy|60\/100\n|\n|t:|1700203509\n|switch|p1a: Garganacl|Garganacl, M, shiny|100\/100|[from] U-turn\n|\n|-heal|p2a: Manaphy|66\/100|[from] item: Leftovers\n|upkeep\n|turn|11\n|\n|t:|1700203525\n|move|p1a: Garganacl|Salt Cure|p2a: Manaphy\n|-damage|p2a: Manaphy|62\/100\n|-start|p2a: Manaphy|Salt Cure\n|move|p2a: Manaphy|Take Heart|p2a: Manaphy\n|-boost|p2a: Manaphy|spa|1\n|-boost|p2a: Manaphy|spd|1\n|\n|-heal|p2a: Manaphy|68\/100|[from] item: Leftovers\n|-damage|p2a: Manaphy|43\/100|[from] Salt Cure\n|upkeep\n|turn|12\n|\n|t:|1700203537\n|move|p1a: Garganacl|Salt Cure|p2a: Manaphy\n|-damage|p2a: Manaphy|38\/100\n|move|p2a: Manaphy|Scald|p1a: Garganacl\n|-supereffective|p1a: Garganacl\n|-damage|p1a: Garganacl|25\/100\n|\n|-heal|p1a: Garganacl|31\/100|[from] item: Leftovers\n|-heal|p2a: Manaphy|44\/100|[from] item: Leftovers\n|-damage|p2a: Manaphy|19\/100|[from] Salt Cure\n|-fieldend|move: Trick Room\n|upkeep\n|turn|13\n|\n|t:|1700203547\n|move|p2a: Manaphy|Scald|p1a: Garganacl\n|-supereffective|p1a: Garganacl\n|-damage|p1a: Garganacl|0 fnt\n|faint|p1a: Garganacl\n|\n|-heal|p2a: Manaphy|25\/100|[from] item: Leftovers\n|-damage|p2a: Manaphy|0 fnt|[from] Salt Cure\n|faint|p2a: Manaphy\n|upkeep\n|\n|t:|1700203558\n|switch|p2a: Mew|Mew|84\/100\n|switch|p1a: Kingambit|Kingambit, F, shiny|34\/100\n|-damage|p2a: Mew|68\/100|[from] Spikes\n|-activate|p1a: Kingambit|ability: Supreme Overlord\n|-start|p1a: Kingambit|fallen3|[silent]\n|turn|14\n|\n|t:|1700203577\n|move|p2a: Mew|Flamethrower|p1a: Kingambit\n|-supereffective|p1a: Kingambit\n|-damage|p1a: Kingambit|0 fnt\n|faint|p1a: Kingambit\n|-end|p1a: Kingambit|fallen3|[silent]\n|\n|upkeep\n|\n|t:|1700203581\n|switch|p1a: Cinderace|Cinderace, F, shiny|100\/100\n|turn|15\n|\n|t:|1700203594\n|switch|p2a: Gholdenleave|Chandelure, M|100\/100\n|-damage|p2a: Gholdenleave|84\/100|[from] Spikes\n|move|p1a: Cinderace|Pyro Ball|p2a: Gholdenleave\n|-start|p2a: Gholdenleave|ability: Flash Fire\n|\n|upkeep\n|turn|16\n|\n|t:|1700203601\n|move|p1a: Cinderace|Sucker Punch|p2a: Gholdenleave\n|-start|p1a: Cinderace|typechange|Dark|[from] ability: Libero\n|-supereffective|p2a: Gholdenleave\n|-damage|p2a: Gholdenleave|10\/100\n|move|p2a: Gholdenleave|Shadow Ball|p1a: Cinderace\n|-resisted|p1a: Cinderace\n|-damage|p1a: Cinderace|50\/100\n|\n|upkeep\n|turn|17\n|\n|t:|1700203611\n|-end|p2a: Gholdenleave|ability: Flash Fire|[silent]\n|switch|p2a: Mew|Mew|68\/100\n|-damage|p2a: Mew|51\/100|[from] Spikes\n|move|p1a: Cinderace|U-turn|p2a: Mew\n|-supereffective|p2a: Mew\n|-damage|p2a: Mew|15\/100\n|\n|t:|1700203614\n|switch|p1a: Okidogi|Okidogi, M|73\/100|[from] U-turn\n|\n|-heal|p1a: Okidogi|79\/100|[from] item: Leftovers\n|upkeep\n|turn|18\n|\n|t:|1700203622\n|move|p1a: Okidogi|Ice Punch|p2a: Mew\n|-damage|p2a: Mew|0 fnt\n|faint|p2a: Mew\n|\n|-heal|p1a: Okidogi|85\/100|[from] item: Leftovers\n|upkeep\n|\n|t:|1700203627\n|switch|p2a: Ursaluna|Ursaluna, M|100\/100\n|-damage|p2a: Ursaluna|84\/100|[from] Spikes\n|turn|19\n|\n|t:|1700203639\n|-terastallize|p1a: Okidogi|Flying\n|move|p1a: Okidogi|Ice Punch|p2a: Ursaluna\n|-supereffective|p2a: Ursaluna\n|-damage|p2a: Ursaluna|46\/100\n|move|p2a: Ursaluna|Headlong Rush|p1a: Okidogi\n|-immune|p1a: Okidogi\n|\n|-heal|p1a: Okidogi|91\/100|[from] item: Leftovers\n|-status|p2a: Ursaluna|brn|[from] item: Flame Orb\n|upkeep\n|turn|20\n|\n|t:|1700203649\n|move|p1a: Okidogi|Drain Punch|p2a: Ursaluna\n|-supereffective|p2a: Ursaluna\n|-damage|p2a: Ursaluna|0 fnt\n|-heal|p1a: Okidogi|100\/100|[from] drain|[of] p2a: Ursaluna\n|faint|p2a: Ursaluna\n|\n|upkeep\n|\n|t:|1700203654\n|switch|p2a: Gholdenleave|Chandelure, M|10\/100\n|-damage|p2a: Gholdenleave|0 fnt|[from] Spikes\n|faint|p2a: Gholdenleave\n|\n|win|homixide poopoo\n|raw|homixide poopoo's rating: 1119 &rarr; <strong>1151<\/strong><br \/>(+32 for winning)\n|raw|Purple18's rating: 1213 &rarr; <strong>1181<\/strong><br \/>(-32 for losing)\n","uploadtime":1700203661,"views":7,"p1id":"homixidepoopoo","p2id":"purple18","formatid":"gen9ou","rating":1151,"private":0,"password":""}