{"id":"gen9ou-1990659237","p1":"mcchickendareal","p2":"Big$mokii","format":"[Gen 9] OU","log":"|j|\u2606mcchickendareal\n|j|\u2606Big$mokii\n|t:|1699989484\n|gametype|singles\n|player|p1|mcchickendareal|kieran|1090\n|player|p2|Big$mokii|veteran|1130\n|teamsize|p1|6\n|teamsize|p2|6\n|gen|9\n|tier|[Gen 9] OU\n|rated|\n|rule|Sleep Clause Mod: Limit one foe put to sleep\n|rule|Species Clause: Limit one of each Pok\u00e9mon\n|rule|OHKO Clause: OHKO moves are banned\n|rule|Evasion Items Clause: Evasion items are banned\n|rule|Evasion Moves Clause: Evasion moves are banned\n|rule|Endless Battle Clause: Forcing endless battles is banned\n|rule|HP Percentage Mod: HP is shown in percentages\n|clearpoke\n|poke|p1|Lokix, F|\n|poke|p1|Iron Moth|\n|poke|p1|Ninetales-Alola, M|\n|poke|p1|Walking Wake|\n|poke|p1|Great Tusk|\n|poke|p1|Alomomola, M|\n|poke|p2|Umbreon, M|\n|poke|p2|Arcanine-Hisui, M|\n|poke|p2|Decidueye-Hisui, M|\n|poke|p2|Milotic, M|\n|poke|p2|Gholdengo|\n|poke|p2|Dondozo, M|\n|teampreview\n|\n|t:|1699989506\n|start\n|switch|p1a: Ninetales|Ninetales-Alola, M|100\/100\n|switch|p2a: Arcanine|Arcanine-Hisui, M, shiny|100\/100\n|-weather|Snow|[from] ability: Snow Warning|[of] p1a: Ninetales\n|turn|1\n|\n|t:|1699989516\n|move|p1a: Ninetales|Aurora Veil|p1a: Ninetales\n|-sidestart|p1: mcchickendareal|move: Aurora Veil\n|move|p2a: Arcanine|Head Smash|p1a: Ninetales|[miss]\n|-miss|p2a: Arcanine|p1a: Ninetales\n|\n|-weather|Snow|[upkeep]\n|upkeep\n|turn|2\n|inactive|Battle timer is ON: inactive players will automatically lose when time's up. (requested by mcchickendareal)\n|\n|t:|1699989545\n|switch|p1a: Great Tusk|Great Tusk|100\/100\n|move|p2a: Arcanine|Head Smash|p1a: Great Tusk\n|-resisted|p1a: Great Tusk\n|-damage|p1a: Great Tusk|93\/100\n|-damage|p2a: Arcanine|84\/100|[from] item: Rocky Helmet|[of] p1a: Great Tusk\n|\n|-weather|Snow|[upkeep]\n|upkeep\n|turn|3\n|inactive|Big$mokii has 120 seconds left.\n|\n|t:|1699989577\n|move|p1a: Great Tusk|Headlong Rush|p2a: Arcanine\n|-supereffective|p2a: Arcanine\n|-damage|p2a: Arcanine|0 fnt\n|-unboost|p1a: Great Tusk|def|1\n|-unboost|p1a: Great Tusk|spd|1\n|faint|p2a: Arcanine\n|\n|-weather|Snow|[upkeep]\n|upkeep\n|inactive|Big$mokii has 120 seconds left.\n|\n|t:|1699989604\n|switch|p2a: Milotic|Milotic, M|100\/100\n|turn|4\n|inactive|mcchickendareal has 120 seconds left.\n|\n|t:|1699989637\n|-end|p1a: Great Tusk|Protosynthesis|[silent]\n|switch|p1a: Walking Wake|Walking Wake|100\/100\n|move|p2a: Milotic|Scald|p1a: Walking Wake\n|-resisted|p1a: Walking Wake\n|-damage|p1a: Walking Wake|97\/100\n|\n|-weather|Snow|[upkeep]\n|upkeep\n|turn|5\n|inactive|Big$mokii has 90 seconds left.\n|\n|t:|1699989654\n|move|p1a: Walking Wake|Draco Meteor|p2a: Milotic\n|-damage|p2a: Milotic|42\/100\n|-unboost|p1a: Walking Wake|spa|2\n|move|p2a: Milotic|Mirror Coat|p1a: Walking Wake\n|-damage|p1a: Walking Wake|0 fnt\n|faint|p1a: Walking Wake\n|-end|p1a: Walking Wake|Protosynthesis|[silent]\n|\n|-weather|none\n|upkeep\n|\n|t:|1699989663\n|switch|p1a: Lokix|Lokix, F|100\/100\n|turn|6\n|\n|t:|1699989672\n|move|p1a: Lokix|First Impression|p2a: Milotic\n|-damage|p2a: Milotic|0 fnt\n|faint|p2a: Milotic\n|\n|upkeep\n|inactive|Big$mokii has 90 seconds left.\n|\n|t:|1699989689\n|switch|p2a: Gholdengo|Gholdengo|100\/100\n|turn|7\n|\n|t:|1699989698\n|switch|p1a: Iron Moth|Iron Moth|100\/100\n|-enditem|p1a: Iron Moth|Booster Energy\n|-activate|p1a: Iron Moth|ability: Quark Drive|[fromitem]\n|-start|p1a: Iron Moth|quarkdrivespa\n|move|p2a: Gholdengo|Nasty Plot|p2a: Gholdengo\n|-boost|p2a: Gholdengo|spa|2\n|\n|upkeep\n|turn|8\n|inactive|Big$mokii has 90 seconds left.\n|\n|t:|1699989723\n|switch|p2a: Dondozo|Dondozo, M|100\/100\n|move|p1a: Iron Moth|Substitute|p1a: Iron Moth\n|-start|p1a: Iron Moth|Substitute\n|-damage|p1a: Iron Moth|76\/100\n|\n|-sideend|p1: mcchickendareal|move: Aurora Veil\n|upkeep\n|turn|9\n|inactive|Big$mokii has 90 seconds left.\n|\n|t:|1699989752\n|move|p1a: Iron Moth|Fiery Dance|p2a: Dondozo\n|-resisted|p2a: Dondozo\n|-damage|p2a: Dondozo|79\/100\n|move|p2a: Dondozo|Waterfall|p1a: Iron Moth\n|-supereffective|p1a: Iron Moth\n|-end|p1a: Iron Moth|Substitute\n|\n|upkeep\n|turn|10\n|\n|t:|1699989768\n|move|p1a: Iron Moth|Sludge Wave|p2a: Dondozo\n|-damage|p2a: Dondozo|26\/100\n|move|p2a: Dondozo|Waterfall|p1a: Iron Moth\n|-supereffective|p1a: Iron Moth\n|-damage|p1a: Iron Moth|0 fnt\n|faint|p1a: Iron Moth\n|-end|p1a: Iron Moth|Quark Drive|[silent]\n|\n|upkeep\n|\n|t:|1699989774\n|switch|p1a: Ninetales|Ninetales-Alola, M|100\/100\n|-weather|Snow|[from] ability: Snow Warning|[of] p1a: Ninetales\n|turn|11\n|\n|t:|1699989784\n|move|p1a: Ninetales|Aurora Veil|p1a: Ninetales\n|-sidestart|p1: mcchickendareal|move: Aurora Veil\n|move|p2a: Dondozo|Rest|p2a: Dondozo\n|-status|p2a: Dondozo|slp|[from] move: Rest\n|-heal|p2a: Dondozo|100\/100 slp|[silent]\n|\n|-weather|Snow|[upkeep]\n|upkeep\n|turn|12\n|\n|t:|1699989809\n|move|p1a: Ninetales|Moonblast|p2a: Dondozo\n|-damage|p2a: Dondozo|77\/100 slp\n|cant|p2a: Dondozo|slp\n|move|p2a: Dondozo|Sleep Talk|p2a: Dondozo\n|move|p2a: Dondozo|Rest||[from]move: Sleep Talk|[still]\n|-fail|p2a: Dondozo\n|\n|-weather|Snow|[upkeep]\n|upkeep\n|turn|13\n|inactive|Big$mokii has 60 seconds left.\n|\n|t:|1699989827\n|move|p1a: Ninetales|Moonblast|p2a: Dondozo\n|-damage|p2a: Dondozo|57\/100 slp\n|-unboost|p2a: Dondozo|spa|1\n|cant|p2a: Dondozo|slp\n|move|p2a: Dondozo|Sleep Talk|p2a: Dondozo\n|move|p2a: Dondozo|Rest||[from]move: Sleep Talk|[still]\n|-fail|p2a: Dondozo\n|\n|-weather|Snow|[upkeep]\n|upkeep\n|turn|14\n|inactive|Big$mokii has 60 seconds left.\n|\n|t:|1699989854\n|move|p1a: Ninetales|Moonblast|p2a: Dondozo\n|-damage|p2a: Dondozo|34\/100 slp\n|-curestatus|p2a: Dondozo|slp|[msg]\n|move|p2a: Dondozo|Rest|p2a: Dondozo\n|-status|p2a: Dondozo|slp|[from] move: Rest\n|-heal|p2a: Dondozo|100\/100 slp|[silent]\n|\n|-weather|Snow|[upkeep]\n|upkeep\n|turn|15\n|\n|t:|1699989883\n|move|p1a: Ninetales|Moonblast|p2a: Dondozo\n|-damage|p2a: Dondozo|80\/100 slp\n|cant|p2a: Dondozo|slp\n|move|p2a: Dondozo|Sleep Talk|p2a: Dondozo\n|move|p2a: Dondozo|Earthquake|p1a: Ninetales|[from]move: Sleep Talk\n|-damage|p1a: Ninetales|92\/100\n|\n|-weather|none\n|upkeep\n|turn|16\n|inactive|Big$mokii has 30 seconds left.\n|\n|t:|1699989910\n|switch|p2a: Gholdengo|Gholdengo|100\/100\n|move|p1a: Ninetales|Moonblast|p2a: Gholdengo\n|-resisted|p2a: Gholdengo\n|-damage|p2a: Gholdengo|86\/100\n|\n|upkeep\n|turn|17\n|\n|t:|1699989919\n|-terastallize|p1a: Ninetales|Dark\n|move|p1a: Ninetales|Dark Pulse|p2a: Gholdengo\n|-supereffective|p2a: Gholdengo\n|-damage|p2a: Gholdengo|31\/100\n|move|p2a: Gholdengo|Nasty Plot|p2a: Gholdengo\n|-boost|p2a: Gholdengo|spa|2\n|\n|upkeep\n|turn|18\n|\n|t:|1699989934\n|-terastallize|p2a: Gholdengo|Fighting\n|move|p1a: Ninetales|Dark Pulse|p2a: Gholdengo\n|-resisted|p2a: Gholdengo\n|-damage|p2a: Gholdengo|17\/100\n|move|p2a: Gholdengo|Recover|p2a: Gholdengo\n|-heal|p2a: Gholdengo|67\/100\n|\n|-sideend|p1: mcchickendareal|move: Aurora Veil\n|upkeep\n|turn|19\n|inactive|Big$mokii has 30 seconds left.\n|\n|t:|1699989949\n|move|p1a: Ninetales|Moonblast|p2a: Gholdengo\n|-supereffective|p2a: Gholdengo\n|-damage|p2a: Gholdengo|3\/100\n|move|p2a: Gholdengo|Nasty Plot|p2a: Gholdengo\n|-boost|p2a: Gholdengo|spa|2\n|\n|upkeep\n|turn|20\n|inactive|Big$mokii has 30 seconds left.\n|\n|t:|1699989967\n|switch|p2a: Umbreon|Umbreon, M, shiny|100\/100\n|move|p1a: Ninetales|Moonblast|p2a: Umbreon\n|-supereffective|p2a: Umbreon\n|-damage|p2a: Umbreon|69\/100\n|\n|-heal|p2a: Umbreon|75\/100|[from] item: Leftovers\n|upkeep\n|turn|21\n|inactive|Big$mokii has 30 seconds left.\n|\n|t:|1699989974\n|move|p1a: Ninetales|Aurora Veil||[still]\n|-fail|p1a: Ninetales\n|move|p2a: Umbreon|Wish|p2a: Umbreon\n|\n|-heal|p2a: Umbreon|81\/100|[from] item: Leftovers\n|upkeep\n|turn|22\n|\n|t:|1699989999\n|move|p1a: Ninetales|Moonblast|p2a: Umbreon\n|-supereffective|p2a: Umbreon\n|-damage|p2a: Umbreon|47\/100\n|move|p2a: Umbreon|Toxic|p1a: Ninetales\n|-status|p1a: Ninetales|tox\n|\n|-heal|p2a: Umbreon|97\/100|[from] move: Wish|[wisher] Umbreon\n|-heal|p2a: Umbreon|100\/100|[from] item: Leftovers\n|-damage|p1a: Ninetales|86\/100 tox|[from] psn\n|upkeep\n|turn|23\n|\n|t:|1699990012\n|switch|p1a: Lokix|Lokix, F|100\/100\n|move|p2a: Umbreon|Wish|p2a: Umbreon\n|\n|upkeep\n|turn|24\n|\n|t:|1699990022\n|switch|p1a: Ninetales|Ninetales-Alola, M, tera:Dark|86\/100 tox\n|-weather|Snow|[from] ability: Snow Warning|[of] p1a: Ninetales\n|switch|p2a: Decidueye|Decidueye-Hisui, M|100\/100\n|\n|-weather|Snow|[upkeep]\n|-damage|p1a: Ninetales|80\/100 tox|[from] psn\n|upkeep\n|turn|25\n|\n|t:|1699990033\n|switch|p2a: Umbreon|Umbreon, M, shiny|100\/100\n|move|p1a: Ninetales|Aurora Veil|p1a: Ninetales\n|-sidestart|p1: mcchickendareal|move: Aurora Veil\n|\n|-weather|Snow|[upkeep]\n|-damage|p1a: Ninetales|68\/100 tox|[from] psn\n|upkeep\n|turn|26\n|\n|t:|1699990042\n|switch|p1a: Lokix|Lokix, F|100\/100\n|move|p2a: Umbreon|Wish|p2a: Umbreon\n|\n|-weather|Snow|[upkeep]\n|upkeep\n|turn|27\n|\n|t:|1699990050\n|move|p1a: Lokix|First Impression|p2a: Umbreon\n|-supereffective|p2a: Umbreon\n|-damage|p2a: Umbreon|25\/100\n|move|p2a: Umbreon|Toxic|p1a: Lokix\n|-status|p1a: Lokix|tox\n|\n|-weather|Snow|[upkeep]\n|-heal|p2a: Umbreon|75\/100|[from] move: Wish|[wisher] Umbreon\n|-heal|p2a: Umbreon|81\/100|[from] item: Leftovers\n|-damage|p1a: Lokix|94\/100 tox|[from] psn\n|upkeep\n|turn|28\n|\n|t:|1699990061\n|switch|p1a: Great Tusk|Great Tusk|93\/100\n|move|p2a: Umbreon|Wish|p2a: Umbreon\n|\n|-weather|none\n|-heal|p2a: Umbreon|88\/100|[from] item: Leftovers\n|upkeep\n|turn|29\n|\n|t:|1699990069\n|move|p1a: Great Tusk|Close Combat|p2a: Umbreon\n|-supereffective|p2a: Umbreon\n|-damage|p2a: Umbreon|3\/100\n|-unboost|p1a: Great Tusk|def|1\n|-unboost|p1a: Great Tusk|spd|1\n|move|p2a: Umbreon|Toxic|p1a: Great Tusk\n|-status|p1a: Great Tusk|tox\n|\n|-heal|p2a: Umbreon|53\/100|[from] move: Wish|[wisher] Umbreon\n|-heal|p2a: Umbreon|59\/100|[from] item: Leftovers\n|-damage|p1a: Great Tusk|87\/100 tox|[from] psn\n|upkeep\n|turn|30\n|inactive|Big$mokii has 60 seconds left.\n|\n|t:|1699990081\n|move|p2a: Umbreon|Protect|p2a: Umbreon\n|-singleturn|p2a: Umbreon|Protect\n|move|p1a: Great Tusk|Close Combat|p2a: Umbreon\n|-activate|p2a: Umbreon|move: Protect\n|\n|-heal|p2a: Umbreon|65\/100|[from] item: Leftovers\n|-damage|p1a: Great Tusk|75\/100 tox|[from] psn\n|upkeep\n|turn|31\n|inactive|Big$mokii has 60 seconds left.\n|\n|t:|1699990096\n|switch|p2a: Decidueye|Decidueye-Hisui, M|100\/100\n|move|p1a: Great Tusk|Close Combat|p2a: Decidueye\n|-damage|p2a: Decidueye|31\/100\n|-unboost|p1a: Great Tusk|def|1\n|-unboost|p1a: Great Tusk|spd|1\n|\n|-heal|p2a: Decidueye|37\/100|[from] item: Leftovers\n|-damage|p1a: Great Tusk|56\/100 tox|[from] psn\n|upkeep\n|turn|32\n|inactive|Big$mokii has 60 seconds left.\n|\n|t:|1699990112\n|move|p1a: Great Tusk|Ice Spinner|p2a: Decidueye\n|-supereffective|p2a: Decidueye\n|-damage|p2a: Decidueye|0 fnt\n|faint|p2a: Decidueye\n|\n|-damage|p1a: Great Tusk|31\/100 tox|[from] psn\n|-sideend|p1: mcchickendareal|move: Aurora Veil\n|upkeep\n|\n|t:|1699990124\n|switch|p2a: Umbreon|Umbreon, M, shiny|65\/100\n|turn|33\n|\n|t:|1699990129\n|-end|p1a: Great Tusk|Protosynthesis|[silent]\n|switch|p1a: Ninetales|Ninetales-Alola, M, tera:Dark|68\/100 tox\n|-weather|Snow|[from] ability: Snow Warning|[of] p1a: Ninetales\n|move|p2a: Umbreon|Protect||[still]\n|-fail|p2a: Umbreon\n|\n|-weather|Snow|[upkeep]\n|-heal|p2a: Umbreon|72\/100|[from] item: Leftovers\n|-damage|p1a: Ninetales|62\/100 tox|[from] psn\n|upkeep\n|turn|34\n|inactive|Big$mokii has 60 seconds left.\n|\n|t:|1699990141\n|move|p1a: Ninetales|Aurora Veil|p1a: Ninetales\n|-sidestart|p1: mcchickendareal|move: Aurora Veil\n|move|p2a: Umbreon|Wish|p2a: Umbreon\n|\n|-weather|Snow|[upkeep]\n|-heal|p2a: Umbreon|78\/100|[from] item: Leftovers\n|-damage|p1a: Ninetales|50\/100 tox|[from] psn\n|upkeep\n|turn|35\n|inactive|Big$mokii has 60 seconds left.\n|c|\u2606Big$mokii|riveting gameplay\n|\n|t:|1699990163\n|move|p2a: Umbreon|Protect|p2a: Umbreon\n|-singleturn|p2a: Umbreon|Protect\n|move|p1a: Ninetales|Moonblast|p2a: Umbreon\n|-activate|p2a: Umbreon|move: Protect\n|\n|-weather|Snow|[upkeep]\n|-heal|p2a: Umbreon|100\/100|[from] move: Wish|[wisher] Umbreon\n|-damage|p1a: Ninetales|31\/100 tox|[from] psn\n|upkeep\n|turn|36\n|c|\u2606mcchickendareal|extremely\n|\n|t:|1699990190\n|switch|p1a: Great Tusk|Great Tusk|31\/100 tox\n|move|p2a: Umbreon|Wish|p2a: Umbreon\n|\n|-weather|Snow|[upkeep]\n|-damage|p1a: Great Tusk|25\/100 tox|[from] psn\n|upkeep\n|turn|37\n|\n|t:|1699990197\n|move|p2a: Umbreon|Protect|p2a: Umbreon\n|-singleturn|p2a: Umbreon|Protect\n|move|p1a: Great Tusk|Close Combat|p2a: Umbreon\n|-activate|p2a: Umbreon|move: Protect\n|\n|-weather|none\n|-damage|p1a: Great Tusk|13\/100 tox|[from] psn\n|upkeep\n|turn|38\n|inactive|Big$mokii has 60 seconds left.\n|\n|t:|1699990207\n|move|p1a: Great Tusk|Close Combat|p2a: Umbreon\n|-supereffective|p2a: Umbreon\n|-damage|p2a: Umbreon|21\/100\n|-unboost|p1a: Great Tusk|def|1\n|-unboost|p1a: Great Tusk|spd|1\n|move|p2a: Umbreon|Wish|p2a: Umbreon\n|\n|-heal|p2a: Umbreon|27\/100|[from] item: Leftovers\n|-damage|p1a: Great Tusk|0 fnt|[from] psn\n|faint|p1a: Great Tusk\n|-end|p1a: Great Tusk|Protosynthesis|[silent]\n|upkeep\n|\n|t:|1699990215\n|switch|p1a: Alomomola|Alomomola, M|100\/100\n|turn|39\n|\n|t:|1699990220\n|move|p2a: Umbreon|Protect|p2a: Umbreon\n|-singleturn|p2a: Umbreon|Protect\n|move|p1a: Alomomola|Wish|p1a: Alomomola\n|\n|-heal|p2a: Umbreon|77\/100|[from] move: Wish|[wisher] Umbreon\n|-heal|p2a: Umbreon|83\/100|[from] item: Leftovers\n|upkeep\n|turn|40\n|\n|t:|1699990228\n|switch|p1a: Ninetales|Ninetales-Alola, M, tera:Dark|31\/100 tox\n|-weather|Snow|[from] ability: Snow Warning|[of] p1a: Ninetales\n|move|p2a: Umbreon|Toxic|p1a: Ninetales\n|-fail|p1a: Ninetales|tox\n|\n|-weather|Snow|[upkeep]\n|-heal|p1a: Ninetales|100\/100 tox|[from] move: Wish|[wisher] Alomomola\n|-heal|p2a: Umbreon|90\/100|[from] item: Leftovers\n|-damage|p1a: Ninetales|94\/100 tox|[from] psn\n|upkeep\n|turn|41\n|\n|t:|1699990240\n|move|p1a: Ninetales|Moonblast|p2a: Umbreon\n|-supereffective|p2a: Umbreon\n|-damage|p2a: Umbreon|54\/100\n|-unboost|p2a: Umbreon|spa|1\n|move|p2a: Umbreon|Wish|p2a: Umbreon\n|\n|-weather|Snow|[upkeep]\n|-heal|p2a: Umbreon|60\/100|[from] item: Leftovers\n|-damage|p1a: Ninetales|82\/100 tox|[from] psn\n|-sideend|p1: mcchickendareal|move: Aurora Veil\n|upkeep\n|turn|42\n|\n|t:|1699990252\n|move|p2a: Umbreon|Protect|p2a: Umbreon\n|-singleturn|p2a: Umbreon|Protect\n|move|p1a: Ninetales|Aurora Veil|p1a: Ninetales\n|-sidestart|p1: mcchickendareal|move: Aurora Veil\n|\n|-weather|Snow|[upkeep]\n|-heal|p2a: Umbreon|100\/100|[from] move: Wish|[wisher] Umbreon\n|-damage|p1a: Ninetales|64\/100 tox|[from] psn\n|upkeep\n|turn|43\n|c|\u2606Big$mokii|im sorry\n|inactive|Big$mokii has 60 seconds left.\n|\n|t:|1699990281\n|move|p1a: Ninetales|Blizzard|p2a: Umbreon\n|-damage|p2a: Umbreon|78\/100\n|move|p2a: Umbreon|Body Slam|p1a: Ninetales\n|-crit|p1a: Ninetales\n|-damage|p1a: Ninetales|44\/100 tox\n|\n|-weather|Snow|[upkeep]\n|-heal|p2a: Umbreon|85\/100|[from] item: Leftovers\n|-damage|p1a: Ninetales|20\/100 tox|[from] psn\n|upkeep\n|turn|44\n|inactive|Big$mokii has 60 seconds left.\n|\n|t:|1699990293\n|switch|p1a: Alomomola|Alomomola, M|100\/100\n|move|p2a: Umbreon|Wish|p2a: Umbreon\n|\n|-weather|none\n|-heal|p2a: Umbreon|91\/100|[from] item: Leftovers\n|upkeep\n|turn|45\n|\n|t:|1699990302\n|move|p1a: Alomomola|Protect|p1a: Alomomola\n|-singleturn|p1a: Alomomola|Protect\n|move|p2a: Umbreon|Toxic|p1a: Alomomola\n|-activate|p1a: Alomomola|move: Protect\n|\n|-heal|p2a: Umbreon|100\/100|[from] move: Wish|[wisher] Umbreon\n|upkeep\n|turn|46\n|\n|t:|1699990310\n|move|p2a: Umbreon|Toxic|p1a: Alomomola|[miss]\n|-miss|p2a: Umbreon|p1a: Alomomola\n|move|p1a: Alomomola|Wish|p1a: Alomomola\n|\n|upkeep\n|turn|47\n|c|\u2606mcchickendareal|lol\n|\n|t:|1699990318\n|switch|p1a: Ninetales|Ninetales-Alola, M, tera:Dark|20\/100 tox\n|-weather|Snow|[from] ability: Snow Warning|[of] p1a: Ninetales\n|move|p2a: Umbreon|Toxic|p1a: Ninetales\n|-fail|p1a: Ninetales|tox\n|\n|-weather|Snow|[upkeep]\n|-heal|p1a: Ninetales|100\/100 tox|[from] move: Wish|[wisher] Alomomola\n|-damage|p1a: Ninetales|94\/100 tox|[from] psn\n|upkeep\n|turn|48\n|c|\u2606Big$mokii|BRO\n|\n|t:|1699990332\n|switch|p1a: Lokix|Lokix, F|94\/100 tox\n|move|p2a: Umbreon|Body Slam|p1a: Lokix\n|-damage|p1a: Lokix|85\/100 tox\n|\n|-weather|Snow|[upkeep]\n|-damage|p1a: Lokix|79\/100 tox|[from] psn\n|upkeep\n|turn|49\n|\n|t:|1699990340\n|move|p1a: Lokix|First Impression|p2a: Umbreon\n|-supereffective|p2a: Umbreon\n|-damage|p2a: Umbreon|29\/100\n|move|p2a: Umbreon|Wish|p2a: Umbreon\n|\n|-weather|Snow|[upkeep]\n|-heal|p2a: Umbreon|35\/100|[from] item: Leftovers\n|-damage|p1a: Lokix|67\/100 tox|[from] psn\n|-sideend|p1: mcchickendareal|move: Aurora Veil\n|upkeep\n|turn|50\n|\n|t:|1699990350\n|switch|p1a: Ninetales|Ninetales-Alola, M, tera:Dark|94\/100 tox\n|move|p2a: Umbreon|Protect||[still]\n|-fail|p2a: Umbreon\n|\n|-weather|Snow|[upkeep]\n|-heal|p2a: Umbreon|85\/100|[from] move: Wish|[wisher] Umbreon\n|-heal|p2a: Umbreon|91\/100|[from] item: Leftovers\n|-damage|p1a: Ninetales|88\/100 tox|[from] psn\n|upkeep\n|turn|51\n|inactive|Big$mokii has 90 seconds left.\n|\n|t:|1699990362\n|switch|p1a: Lokix|Lokix, F|67\/100 tox\n|move|p2a: Umbreon|Wish|p2a: Umbreon\n|\n|-weather|none\n|-heal|p2a: Umbreon|97\/100|[from] item: Leftovers\n|-damage|p1a: Lokix|61\/100 tox|[from] psn\n|upkeep\n|turn|52\n|inactive|Big$mokii has 90 seconds left.\n|\n|t:|1699990373\n|switch|p2a: Gholdengo|Gholdengo, tera:Fighting|3\/100\n|move|p1a: Lokix|Leech Life|p2a: Gholdengo\n|-resisted|p2a: Gholdengo\n|-damage|p2a: Gholdengo|0 fnt\n|-heal|p1a: Lokix|63\/100 tox|[from] drain|[of] p2a: Gholdengo\n|faint|p2a: Gholdengo\n|\n|-damage|p1a: Lokix|51\/100 tox|[from] psn\n|upkeep\n|c|\u2606Big$mokii|DAMMIT\n|\n|t:|1699990385\n|switch|p2a: Dondozo|Dondozo, M|80\/100 slp\n|turn|53\n|\n|t:|1699990393\n|switch|p1a: Alomomola|Alomomola, M|100\/100\n|cant|p2a: Dondozo|slp\n|move|p2a: Dondozo|Sleep Talk|p2a: Dondozo\n|move|p2a: Dondozo|Earthquake|p1a: Alomomola|[from]move: Sleep Talk\n|-crit|p1a: Alomomola\n|-damage|p1a: Alomomola|81\/100\n|\n|-heal|p1a: Alomomola|87\/100|[from] item: Leftovers\n|upkeep\n|turn|54\n|inactive|Big$mokii has 90 seconds left.\n|\n|t:|1699990404\n|switch|p2a: Umbreon|Umbreon, M, shiny|97\/100\n|move|p1a: Alomomola|Wish|p1a: Alomomola\n|\n|-heal|p1a: Alomomola|94\/100|[from] item: Leftovers\n|-heal|p2a: Umbreon|100\/100|[from] item: Leftovers\n|upkeep\n|turn|55\n|\n|t:|1699990413\n|switch|p1a: Lokix|Lokix, F|51\/100 tox\n|move|p2a: Umbreon|Wish|p2a: Umbreon\n|\n|-heal|p1a: Lokix|100\/100 tox|[from] move: Wish|[wisher] Alomomola\n|-damage|p1a: Lokix|94\/100 tox|[from] psn\n|upkeep\n|turn|56\n|c|\u2606mcchickendareal|intriguing gameplay\n|\n|t:|1699990428\n|move|p2a: Umbreon|Protect|p2a: Umbreon\n|-singleturn|p2a: Umbreon|Protect\n|move|p1a: Lokix|Leech Life|p2a: Umbreon\n|-activate|p2a: Umbreon|move: Protect\n|\n|-damage|p1a: Lokix|82\/100 tox|[from] psn\n|upkeep\n|turn|57\n|\n|t:|1699990436\n|move|p1a: Lokix|Leech Life|p2a: Umbreon\n|-supereffective|p2a: Umbreon\n|-damage|p2a: Umbreon|30\/100\n|-heal|p1a: Lokix|100\/100 tox|[from] drain|[of] p2a: Umbreon\n|move|p2a: Umbreon|Body Slam|p1a: Lokix\n|-damage|p1a: Lokix|82\/100 tox\n|\n|-heal|p2a: Umbreon|36\/100|[from] item: Leftovers\n|-damage|p1a: Lokix|64\/100 tox|[from] psn\n|upkeep\n|turn|58\n|\n|t:|1699990451\n|move|p2a: Umbreon|Protect|p2a: Umbreon\n|-singleturn|p2a: Umbreon|Protect\n|move|p1a: Lokix|Leech Life|p2a: Umbreon\n|-activate|p2a: Umbreon|move: Protect\n|\n|-heal|p2a: Umbreon|42\/100|[from] item: Leftovers\n|-damage|p1a: Lokix|40\/100 tox|[from] psn\n|upkeep\n|turn|59\n|\n|t:|1699990461\n|switch|p2a: Dondozo|Dondozo, M|80\/100 slp\n|move|p1a: Lokix|Leech Life|p2a: Dondozo\n|-damage|p2a: Dondozo|49\/100 slp\n|-heal|p1a: Lokix|64\/100 tox|[from] drain|[of] p2a: Dondozo\n|\n|-damage|p1a: Lokix|34\/100 tox|[from] psn\n|upkeep\n|turn|60\n|\n|t:|1699990477\n|switch|p1a: Alomomola|Alomomola, M|100\/100\n|-curestatus|p2a: Dondozo|slp|[msg]\n|move|p2a: Dondozo|Rest|p2a: Dondozo\n|-status|p2a: Dondozo|slp|[from] move: Rest\n|-heal|p2a: Dondozo|100\/100 slp|[silent]\n|\n|upkeep\n|turn|61\n|\n|t:|1699990487\n|switch|p2a: Umbreon|Umbreon, M, shiny|42\/100\n|move|p1a: Alomomola|Wish|p1a: Alomomola\n|\n|-heal|p2a: Umbreon|48\/100|[from] item: Leftovers\n|upkeep\n|turn|62\n|\n|t:|1699990493\n|switch|p1a: Lokix|Lokix, F|34\/100 tox\n|move|p2a: Umbreon|Wish|p2a: Umbreon\n|\n|-heal|p1a: Lokix|100\/100 tox|[from] move: Wish|[wisher] Alomomola\n|-heal|p2a: Umbreon|54\/100|[from] item: Leftovers\n|-damage|p1a: Lokix|94\/100 tox|[from] psn\n|upkeep\n|turn|63\n|\n|t:|1699990508\n|move|p2a: Umbreon|Protect|p2a: Umbreon\n|-singleturn|p2a: Umbreon|Protect\n|move|p1a: Lokix|Leech Life|p2a: Umbreon\n|-activate|p2a: Umbreon|move: Protect\n|\n|-heal|p2a: Umbreon|100\/100|[from] move: Wish|[wisher] Umbreon\n|-damage|p1a: Lokix|82\/100 tox|[from] psn\n|upkeep\n|turn|64\n|\n|t:|1699990522\n|move|p1a: Lokix|Leech Life|p2a: Umbreon\n|-supereffective|p2a: Umbreon\n|-damage|p2a: Umbreon|28\/100\n|-heal|p1a: Lokix|100\/100 tox|[from] drain|[of] p2a: Umbreon\n|move|p2a: Umbreon|Body Slam|p1a: Lokix\n|-damage|p1a: Lokix|83\/100 tox\n|\n|-heal|p2a: Umbreon|35\/100|[from] item: Leftovers\n|-damage|p1a: Lokix|65\/100 tox|[from] psn\n|upkeep\n|turn|65\n|\n|t:|1699990534\n|switch|p2a: Dondozo|Dondozo, M|100\/100 slp\n|move|p1a: Lokix|Leech Life|p2a: Dondozo\n|-damage|p2a: Dondozo|68\/100 slp\n|-heal|p1a: Lokix|90\/100 tox|[from] drain|[of] p2a: Dondozo\n|\n|-damage|p1a: Lokix|66\/100 tox|[from] psn\n|upkeep\n|turn|66\n|\n|t:|1699990543\n|switch|p1a: Ninetales|Ninetales-Alola, M, tera:Dark|88\/100 tox\n|-weather|Snow|[from] ability: Snow Warning|[of] p1a: Ninetales\n|switch|p2a: Umbreon|Umbreon, M, shiny|35\/100\n|\n|-weather|Snow|[upkeep]\n|-heal|p2a: Umbreon|41\/100|[from] item: Leftovers\n|-damage|p1a: Ninetales|82\/100 tox|[from] psn\n|upkeep\n|turn|67\n|\n|t:|1699990554\n|move|p1a: Ninetales|Moonblast|p2a: Umbreon\n|-supereffective|p2a: Umbreon\n|-damage|p2a: Umbreon|9\/100\n|-unboost|p2a: Umbreon|spa|1\n|move|p2a: Umbreon|Wish|p2a: Umbreon\n|\n|-weather|Snow|[upkeep]\n|-heal|p2a: Umbreon|15\/100|[from] item: Leftovers\n|-damage|p1a: Ninetales|70\/100 tox|[from] psn\n|upkeep\n|turn|68\n|\n|t:|1699990567\n|move|p2a: Umbreon|Protect|p2a: Umbreon\n|-singleturn|p2a: Umbreon|Protect\n|move|p1a: Ninetales|Aurora Veil|p1a: Ninetales\n|-sidestart|p1: mcchickendareal|move: Aurora Veil\n|\n|-weather|Snow|[upkeep]\n|-heal|p2a: Umbreon|65\/100|[from] move: Wish|[wisher] Umbreon\n|-heal|p2a: Umbreon|71\/100|[from] item: Leftovers\n|-damage|p1a: Ninetales|51\/100 tox|[from] psn\n|upkeep\n|turn|69\n|\n|t:|1699990577\n|move|p1a: Ninetales|Moonblast|p2a: Umbreon\n|-supereffective|p2a: Umbreon\n|-damage|p2a: Umbreon|36\/100\n|move|p2a: Umbreon|Body Slam|p1a: Ninetales\n|-damage|p1a: Ninetales|45\/100 tox\n|\n|-weather|Snow|[upkeep]\n|-heal|p2a: Umbreon|42\/100|[from] item: Leftovers\n|-damage|p1a: Ninetales|20\/100 tox|[from] psn\n|upkeep\n|turn|70\n|\n|t:|1699990588\n|switch|p1a: Alomomola|Alomomola, M|100\/100\n|move|p2a: Umbreon|Wish|p2a: Umbreon\n|\n|-weather|none\n|-heal|p2a: Umbreon|48\/100|[from] item: Leftovers\n|upkeep\n|turn|71\n|\n|t:|1699990594\n|move|p2a: Umbreon|Toxic|p1a: Alomomola\n|-status|p1a: Alomomola|tox\n|move|p1a: Alomomola|Wish|p1a: Alomomola\n|\n|-heal|p2a: Umbreon|98\/100|[from] move: Wish|[wisher] Umbreon\n|-heal|p2a: Umbreon|100\/100|[from] item: Leftovers\n|-damage|p1a: Alomomola|94\/100 tox|[from] psn\n|upkeep\n|turn|72\n|\n|t:|1699990603\n|switch|p1a: Ninetales|Ninetales-Alola, M, tera:Dark|20\/100 tox\n|-weather|Snow|[from] ability: Snow Warning|[of] p1a: Ninetales\n|move|p2a: Umbreon|Body Slam|p1a: Ninetales\n|-damage|p1a: Ninetales|14\/100 tox\n|\n|-weather|Snow|[upkeep]\n|-heal|p1a: Ninetales|100\/100 tox|[from] move: Wish|[wisher] Alomomola\n|-damage|p1a: Ninetales|94\/100 tox|[from] psn\n|upkeep\n|turn|73\n|inactive|Big$mokii has 120 seconds left.\n|\n|t:|1699990617\n|move|p1a: Ninetales|Moonblast|p2a: Umbreon\n|-supereffective|p2a: Umbreon\n|-damage|p2a: Umbreon|62\/100\n|move|p2a: Umbreon|Body Slam|p1a: Ninetales\n|-damage|p1a: Ninetales|89\/100 tox\n|\n|-weather|Snow|[upkeep]\n|-heal|p2a: Umbreon|69\/100|[from] item: Leftovers\n|-damage|p1a: Ninetales|76\/100 tox|[from] psn\n|upkeep\n|turn|74\n|inactive|Big$mokii has 120 seconds left.\n|c|\u2606mcchickendareal|1 more wisj\n|\n|t:|1699990629\n|move|p2a: Umbreon|Protect|p2a: Umbreon\n|-singleturn|p2a: Umbreon|Protect\n|move|p1a: Ninetales|Moonblast|p2a: Umbreon\n|-activate|p2a: Umbreon|move: Protect\n|\n|-weather|Snow|[upkeep]\n|-heal|p2a: Umbreon|75\/100|[from] item: Leftovers\n|-damage|p1a: Ninetales|58\/100 tox|[from] psn\n|upkeep\n|turn|75\n|inactive|Big$mokii has 120 seconds left.\n|c|\u2606mcchickendareal|and tjem its over\n|\n|t:|1699990639\n|move|p1a: Ninetales|Moonblast|p2a: Umbreon\n|-supereffective|p2a: Umbreon\n|-damage|p2a: Umbreon|39\/100\n|move|p2a: Umbreon|Toxic|p1a: Ninetales\n|-fail|p1a: Ninetales|tox\n|\n|-weather|Snow|[upkeep]\n|-heal|p2a: Umbreon|45\/100|[from] item: Leftovers\n|-damage|p1a: Ninetales|33\/100 tox|[from] psn\n|-sideend|p1: mcchickendareal|move: Aurora Veil\n|upkeep\n|turn|76\n|\n|t:|1699990648\n|switch|p1a: Lokix|Lokix, F|66\/100 tox\n|move|p2a: Umbreon|Wish|p2a: Umbreon\n|\n|-weather|none\n|-heal|p2a: Umbreon|51\/100|[from] item: Leftovers\n|-damage|p1a: Lokix|60\/100 tox|[from] psn\n|upkeep\n|turn|77\n|\n|t:|1699990658\n|switch|p1a: Alomomola|Alomomola, M|100\/100 tox\n|move|p2a: Umbreon|Protect||[still]\n|-fail|p2a: Umbreon\n|\n|-heal|p2a: Umbreon|100\/100|[from] move: Wish|[wisher] Umbreon\n|-damage|p1a: Alomomola|94\/100 tox|[from] psn\n|upkeep\n|turn|78\n|\n|t:|1699990667\n|move|p2a: Umbreon|Body Slam|p1a: Alomomola\n|-damage|p1a: Alomomola|87\/100 tox\n|move|p1a: Alomomola|Wish|p1a: Alomomola\n|\n|-heal|p1a: Alomomola|93\/100 tox|[from] item: Leftovers\n|-damage|p1a: Alomomola|81\/100 tox|[from] psn\n|upkeep\n|turn|79\n|\n|t:|1699990675\n|move|p1a: Alomomola|Flip Turn|p2a: Umbreon\n|-damage|p2a: Umbreon|91\/100\n|\n|t:|1699990682\n|switch|p1a: Ninetales|Ninetales-Alola, M, tera:Dark|33\/100 tox|[from] Flip Turn\n|-weather|Snow|[from] ability: Snow Warning|[of] p1a: Ninetales\n|move|p2a: Umbreon|Body Slam|p1a: Ninetales\n|-damage|p1a: Ninetales|22\/100 tox\n|\n|-weather|Snow|[upkeep]\n|-heal|p1a: Ninetales|100\/100 tox|[from] move: Wish|[wisher] Alomomola\n|-heal|p2a: Umbreon|97\/100|[from] item: Leftovers\n|-damage|p1a: Ninetales|94\/100 tox|[from] psn\n|upkeep\n|turn|80\n|c|\u2606Big$mokii|I got all your mons on a timer\n|\n|t:|1699990702\n|move|p1a: Ninetales|Moonblast|p2a: Umbreon\n|-supereffective|p2a: Umbreon\n|-damage|p2a: Umbreon|60\/100\n|-unboost|p2a: Umbreon|spa|1\n|move|p2a: Umbreon|Body Slam|p1a: Ninetales\n|-damage|p1a: Ninetales|82\/100 tox\n|\n|-weather|Snow|[upkeep]\n|-heal|p2a: Umbreon|66\/100|[from] item: Leftovers\n|-damage|p1a: Ninetales|70\/100 tox|[from] psn\n|upkeep\n|turn|81\n|inactive|mcchickendareal has 120 seconds left.\n|\n|t:|1699990734\n|move|p1a: Ninetales|Moonblast|p2a: Umbreon\n|-supereffective|p2a: Umbreon\n|-damage|p2a: Umbreon|30\/100\n|-unboost|p2a: Umbreon|spa|1\n|move|p2a: Umbreon|Body Slam|p1a: Ninetales\n|-damage|p1a: Ninetales|58\/100 tox\n|\n|-weather|Snow|[upkeep]\n|-heal|p2a: Umbreon|36\/100|[from] item: Leftovers\n|-damage|p1a: Ninetales|40\/100 tox|[from] psn\n|upkeep\n|turn|82\n|\n|t:|1699990745\n|switch|p1a: Alomomola|Alomomola, M|100\/100 tox\n|move|p2a: Umbreon|Protect||[still]\n|-fail|p2a: Umbreon\n|\n|-weather|Snow|[upkeep]\n|-heal|p2a: Umbreon|42\/100|[from] item: Leftovers\n|-damage|p1a: Alomomola|94\/100 tox|[from] psn\n|upkeep\n|turn|83\n|inactive|mcchickendareal has 120 seconds left.\n|c|\u2606mcchickendareal|2 more protects\n|c|\u2606mcchickendareal|use em wisely\n|\n|t:|1699990767\n|move|p1a: Alomomola|Wish|p1a: Alomomola\n|move|p2a: Umbreon|Body Slam|p1a: Alomomola\n|-damage|p1a: Alomomola|87\/100 tox\n|\n|-weather|none\n|-heal|p1a: Alomomola|94\/100 tox|[from] item: Leftovers\n|-heal|p2a: Umbreon|48\/100|[from] item: Leftovers\n|-damage|p1a: Alomomola|81\/100 tox|[from] psn\n|upkeep\n|turn|84\n|\n|t:|1699990781\n|switch|p1a: Lokix|Lokix, F|60\/100 tox\n|move|p2a: Umbreon|Body Slam|p1a: Lokix\n|-damage|p1a: Lokix|41\/100 tox\n|\n|-heal|p1a: Lokix|100\/100 tox|[from] move: Wish|[wisher] Alomomola\n|-heal|p2a: Umbreon|54\/100|[from] item: Leftovers\n|-damage|p1a: Lokix|94\/100 tox|[from] psn\n|upkeep\n|turn|85\n|\n|t:|1699990793\n|move|p2a: Umbreon|Protect|p2a: Umbreon\n|-singleturn|p2a: Umbreon|Protect\n|move|p1a: Lokix|Leech Life|p2a: Umbreon\n|-activate|p2a: Umbreon|move: Protect\n|\n|-heal|p2a: Umbreon|60\/100|[from] item: Leftovers\n|-damage|p1a: Lokix|82\/100 tox|[from] psn\n|upkeep\n|turn|86\n|\n|t:|1699990810\n|move|p1a: Lokix|Leech Life|p2a: Umbreon\n|-supereffective|p2a: Umbreon\n|-damage|p2a: Umbreon|0 fnt\n|-heal|p1a: Lokix|100\/100 tox|[from] drain|[of] p2a: Umbreon\n|faint|p2a: Umbreon\n|\n|-damage|p1a: Lokix|82\/100 tox|[from] psn\n|upkeep\n|\n|t:|1699990819\n|switch|p2a: Dondozo|Dondozo, M|68\/100 slp\n|turn|87\n|\n|t:|1699990829\n|move|p1a: Lokix|Leech Life|p2a: Dondozo\n|-damage|p2a: Dondozo|37\/100 slp\n|-heal|p1a: Lokix|100\/100 tox|[from] drain|[of] p2a: Dondozo\n|cant|p2a: Dondozo|slp\n|move|p2a: Dondozo|Sleep Talk|p2a: Dondozo\n|move|p2a: Dondozo|Waterfall|p1a: Lokix|[from]move: Sleep Talk\n|-damage|p1a: Lokix|56\/100 tox\n|\n|-damage|p1a: Lokix|32\/100 tox|[from] psn\n|upkeep\n|turn|88\n|\n|t:|1699990845\n|move|p1a: Lokix|Leech Life|p2a: Dondozo\n|-damage|p2a: Dondozo|5\/100 slp\n|-heal|p1a: Lokix|56\/100 tox|[from] drain|[of] p2a: Dondozo\n|cant|p2a: Dondozo|slp\n|\n|-damage|p1a: Lokix|26\/100 tox|[from] psn\n|upkeep\n|turn|89\n|\n|t:|1699990855\n|move|p1a: Lokix|Leech Life|p2a: Dondozo\n|-damage|p2a: Dondozo|0 fnt\n|-heal|p1a: Lokix|30\/100 tox|[from] drain|[of] p2a: Dondozo\n|faint|p2a: Dondozo\n|\n|win|mcchickendareal\n|raw|mcchickendareal's rating: 1090 &rarr; <strong>1120<\/strong><br \/>(+30 for winning)\n|raw|Big$mokii's rating: 1130 &rarr; <strong>1102<\/strong><br \/>(-28 for losing)\n|c|\u2606Big$mokii|gg\n|c|\u2606mcchickendareal|gg\n|c|\u2606mcchickendareal|wp\n","uploadtime":1699990867,"views":21,"p1id":"mcchickendareal","p2id":"bigmokii","formatid":"gen9ou","rating":1102,"private":0,"password":""}