{"id":"gen9ou-1990175040","p1":"RR_Uzui","p2":"Bigger Yeagle","format":"[Gen 9] OU","log":"|j|\u2606RR_Uzui\n|j|\u2606Bigger Yeagle\n|t:|1699933018\n|gametype|singles\n|player|p1|RR_Uzui|265|1511\n|player|p2|Bigger Yeagle|101|1495\n|teamsize|p1|6\n|teamsize|p2|6\n|gen|9\n|tier|[Gen 9] OU\n|rated|\n|rule|Sleep Clause Mod: Limit one foe put to sleep\n|rule|Species Clause: Limit one of each Pok\u00e9mon\n|rule|OHKO Clause: OHKO moves are banned\n|rule|Evasion Items Clause: Evasion items are banned\n|rule|Evasion Moves Clause: Evasion moves are banned\n|rule|Endless Battle Clause: Forcing endless battles is banned\n|rule|HP Percentage Mod: HP is shown in percentages\n|clearpoke\n|poke|p1|Kingambit, M|\n|poke|p1|Ogerpon-Wellspring, F|\n|poke|p1|Enamorus, F|\n|poke|p1|Gholdengo|\n|poke|p1|Heatran, F|\n|poke|p1|Corviknight, F|\n|poke|p2|Great Tusk|\n|poke|p2|Hatterene, F|\n|poke|p2|Dondozo, F|\n|poke|p2|Mandibuzz, F|\n|poke|p2|Heatran, F|\n|poke|p2|Dragapult, F|\n|teampreview\n|\n|t:|1699933030\n|start\n|switch|p1a: Ogerpon|Ogerpon-Wellspring, F|100\/100\n|switch|p2a: Dragapult|Dragapult, F|100\/100\n|turn|1\n|\n|t:|1699933036\n|switch|p1a: Heatran|Heatran, F|100\/100\n|move|p2a: Dragapult|Draco Meteor|p1a: Heatran\n|-resisted|p1a: Heatran\n|-damage|p1a: Heatran|71\/100\n|-unboost|p2a: Dragapult|spa|2\n|\n|-heal|p1a: Heatran|77\/100|[from] item: Leftovers\n|upkeep\n|turn|2\n|\n|t:|1699933046\n|switch|p2a: Dondozo|Dondozo, F|100\/100\n|switch|p1a: Ogerpon|Ogerpon-Wellspring, F|100\/100\n|\n|upkeep\n|turn|3\n|\n|t:|1699933056\n|switch|p2a: Mandibuzz|Mandibuzz, F|100\/100\n|move|p1a: Ogerpon|Knock Off|p2a: Mandibuzz\n|-resisted|p2a: Mandibuzz\n|-damage|p2a: Mandibuzz|89\/100\n|-enditem|p2a: Mandibuzz|Heavy-Duty Boots|[from] move: Knock Off|[of] p1a: Ogerpon\n|\n|upkeep\n|turn|4\n|\n|t:|1699933064\n|switch|p1a: Corviknight|Corviknight, F|100\/100\n|-ability|p1a: Corviknight|Pressure\n|move|p2a: Mandibuzz|U-turn|p1a: Corviknight\n|-resisted|p1a: Corviknight\n|-damage|p1a: Corviknight|99\/100\n|-damage|p2a: Mandibuzz|72\/100|[from] item: Rocky Helmet|[of] p1a: Corviknight\n|\n|t:|1699933067\n|switch|p2a: Heatran|Heatran, F|100\/100|[from] U-turn\n|\n|upkeep\n|turn|5\n|\n|t:|1699933077\n|switch|p1a: Heatran|Heatran, F|77\/100\n|move|p2a: Heatran|Taunt|p1a: Heatran\n|-start|p1a: Heatran|move: Taunt\n|\n|-heal|p1a: Heatran|84\/100|[from] item: Leftovers\n|upkeep\n|turn|6\n|\n|t:|1699933085\n|move|p2a: Heatran|Earth Power|p1a: Heatran\n|-supereffective|p1a: Heatran\n|-damage|p1a: Heatran|16\/100\n|move|p1a: Heatran|Earth Power|p2a: Heatran\n|-supereffective|p2a: Heatran\n|-damage|p2a: Heatran|34\/100\n|\n|-heal|p2a: Heatran|40\/100|[from] item: Leftovers\n|-heal|p1a: Heatran|23\/100|[from] item: Leftovers\n|upkeep\n|turn|7\n|\n|t:|1699933096\n|switch|p1a: Ogerpon|Ogerpon-Wellspring, F|100\/100\n|move|p2a: Heatran|Earth Power|p1a: Ogerpon\n|-resisted|p1a: Ogerpon\n|-damage|p1a: Ogerpon|87\/100\n|-unboost|p1a: Ogerpon|spd|1\n|\n|-heal|p2a: Heatran|47\/100|[from] item: Leftovers\n|upkeep\n|turn|8\n|\n|t:|1699933106\n|switch|p2a: Mandibuzz|Mandibuzz, F|72\/100\n|move|p1a: Ogerpon|Ivy Cudgel|p2a: Mandibuzz\n|-crit|p2a: Mandibuzz\n|-damage|p2a: Mandibuzz|23\/100\n|\n|upkeep\n|turn|9\n|\n|t:|1699933112\n|move|p1a: Ogerpon|Ivy Cudgel|p2a: Mandibuzz\n|-damage|p2a: Mandibuzz|0 fnt\n|faint|p2a: Mandibuzz\n|\n|upkeep\n|\n|t:|1699933115\n|switch|p2a: Dragapult|Dragapult, F|100\/100\n|turn|10\n|\n|t:|1699933125\n|switch|p1a: Kingambit|Kingambit, M|100\/100\n|move|p2a: Dragapult|Shadow Ball|p1a: Kingambit\n|-resisted|p1a: Kingambit\n|-damage|p1a: Kingambit|68\/100\n|\n|upkeep\n|turn|11\n|\n|t:|1699933141\n|switch|p2a: Great Tusk|Great Tusk|100\/100\n|-end|p1a: Kingambit|fallenundefined|[silent]\n|switch|p1a: Ogerpon|Ogerpon-Wellspring, F|87\/100\n|\n|upkeep\n|turn|12\n|\n|t:|1699933157\n|move|p1a: Ogerpon|Ivy Cudgel|p2a: Great Tusk\n|-supereffective|p2a: Great Tusk\n|-damage|p2a: Great Tusk|13\/100\n|move|p2a: Great Tusk|Close Combat|p1a: Ogerpon\n|-damage|p1a: Ogerpon|0 fnt\n|-unboost|p2a: Great Tusk|def|1\n|-unboost|p2a: Great Tusk|spd|1\n|faint|p1a: Ogerpon\n|\n|upkeep\n|\n|t:|1699933166\n|switch|p1a: Enamorus|Enamorus, F|100\/100\n|turn|13\n|\n|t:|1699933189\n|-end|p2a: Great Tusk|Protosynthesis|[silent]\n|switch|p2a: Hatterene|Hatterene, F|100\/100\n|move|p1a: Enamorus|Earth Power|p2a: Hatterene\n|-damage|p2a: Hatterene|51\/100\n|\n|-heal|p2a: Hatterene|57\/100|[from] item: Leftovers\n|upkeep\n|turn|14\n|\n|t:|1699933197\n|switch|p1a: Heatran|Heatran, F|23\/100\n|move|p2a: Hatterene|Psyshock|p1a: Heatran\n|-resisted|p1a: Heatran\n|-damage|p1a: Heatran|7\/100\n|\n|-heal|p1a: Heatran|13\/100|[from] item: Leftovers\n|-heal|p2a: Hatterene|63\/100|[from] item: Leftovers\n|upkeep\n|turn|15\n|\n|t:|1699933207\n|move|p1a: Heatran|Magma Storm|p2a: Hatterene\n|-damage|p2a: Hatterene|19\/100\n|-activate|p2a: Hatterene|move: Magma Storm|[of] p1a: Heatran\n|move|p2a: Hatterene|Psyshock|p1a: Heatran\n|-resisted|p1a: Heatran\n|-damage|p1a: Heatran|0 fnt\n|faint|p1a: Heatran\n|\n|-heal|p2a: Hatterene|25\/100|[from] item: Leftovers\n|-end|p2a: Hatterene|Magma Storm|[partiallytrapped]|[silent]\n|upkeep\n|\n|t:|1699933217\n|switch|p1a: Enamorus|Enamorus, F|100\/100\n|turn|16\n|inactive|Battle timer is ON: inactive players will automatically lose when time's up. (requested by RR_Uzui)\n|inactive|Bigger Yeagle has 120 seconds left.\n|\n|t:|1699933301\n|move|p1a: Enamorus|Earth Power|p2a: Hatterene\n|-damage|p2a: Hatterene|0 fnt\n|faint|p2a: Hatterene\n|\n|upkeep\n|\n|t:|1699933308\n|switch|p2a: Dragapult|Dragapult, F|100\/100\n|turn|17\n|\n|t:|1699933313\n|switch|p1a: Corviknight|Corviknight, F|99\/100\n|-ability|p1a: Corviknight|Pressure\n|move|p2a: Dragapult|Flamethrower|p1a: Corviknight\n|-supereffective|p1a: Corviknight\n|-damage|p1a: Corviknight|13\/100\n|\n|upkeep\n|turn|18\n|\n|t:|1699933321\n|move|p2a: Dragapult|Flamethrower|p1a: Corviknight\n|-supereffective|p1a: Corviknight\n|-damage|p1a: Corviknight|0 fnt\n|faint|p1a: Corviknight\n|\n|upkeep\n|\n|t:|1699933327\n|switch|p1a: Gholdengo|Gholdengo|100\/100\n|turn|19\n|\n|t:|1699933337\n|switch|p2a: Great Tusk|Great Tusk|13\/100\n|-terastallize|p1a: Gholdengo|Normal\n|move|p1a: Gholdengo|Nasty Plot|p1a: Gholdengo\n|-boost|p1a: Gholdengo|spa|2\n|\n|upkeep\n|turn|20\n|inactive|Bigger Yeagle has 120 seconds left.\n|\n|t:|1699933367\n|move|p2a: Great Tusk|Close Combat|p1a: Gholdengo\n|-supereffective|p1a: Gholdengo\n|-damage|p1a: Gholdengo|0 fnt\n|-unboost|p2a: Great Tusk|def|1\n|-unboost|p2a: Great Tusk|spd|1\n|faint|p1a: Gholdengo\n|\n|upkeep\n|\n|t:|1699933374\n|switch|p1a: Enamorus|Enamorus, F|100\/100\n|turn|21\n|inactive|Bigger Yeagle has 120 seconds left.\n|\n|t:|1699933396\n|move|p1a: Enamorus|Earth Power|p2a: Great Tusk\n|-damage|p2a: Great Tusk|0 fnt\n|faint|p2a: Great Tusk\n|-end|p2a: Great Tusk|Protosynthesis|[silent]\n|\n|upkeep\n|\n|t:|1699933398\n|switch|p2a: Dragapult|Dragapult, F|100\/100\n|turn|22\n|\n|t:|1699933403\n|move|p2a: Dragapult|Flamethrower|p1a: Enamorus\n|-damage|p1a: Enamorus|37\/100\n|move|p1a: Enamorus|Earth Power|p2a: Dragapult\n|-damage|p2a: Dragapult|38\/100\n|-unboost|p2a: Dragapult|spd|1\n|\n|upkeep\n|turn|23\n|\n|t:|1699933410\n|move|p2a: Dragapult|Flamethrower|p1a: Enamorus\n|-damage|p1a: Enamorus|0 fnt\n|faint|p1a: Enamorus\n|\n|upkeep\n|\n|t:|1699933415\n|switch|p1a: Kingambit|Kingambit, M|68\/100\n|-activate|p1a: Kingambit|ability: Supreme Overlord\n|-start|p1a: Kingambit|fallen5|[silent]\n|turn|24\n|\n|t:|1699933419\n|move|p1a: Kingambit|Sucker Punch|p2a: Dragapult\n|-supereffective|p2a: Dragapult\n|-crit|p2a: Dragapult\n|-damage|p2a: Dragapult|0 fnt\n|faint|p2a: Dragapult\n|\n|upkeep\n|\n|t:|1699933427\n|switch|p2a: Heatran|Heatran, F|47\/100\n|turn|25\n|\n|t:|1699933430\n|move|p1a: Kingambit|Sucker Punch|p2a: Heatran\n|-damage|p2a: Heatran|0 fnt\n|faint|p2a: Heatran\n|\n|upkeep\n|\n|t:|1699933433\n|switch|p2a: Dondozo|Dondozo, F|100\/100\n|turn|26\n|\n|t:|1699933438\n|-terastallize|p2a: Dondozo|Dark\n|move|p1a: Kingambit|Low Kick|p2a: Dondozo\n|-supereffective|p2a: Dondozo\n|-damage|p2a: Dondozo|13\/100\n|move|p2a: Dondozo|Curse|p2a: Dondozo\n|-unboost|p2a: Dondozo|spe|1\n|-boost|p2a: Dondozo|atk|1\n|-boost|p2a: Dondozo|def|1\n|\n|-heal|p2a: Dondozo|19\/100|[from] item: Leftovers\n|upkeep\n|turn|27\n|c|\u2606Bigger Yeagle|wp\n|c|\u2606Bigger Yeagle|gg\n|\n|t:|1699933449\n|move|p1a: Kingambit|Low Kick|p2a: Dondozo\n|-supereffective|p2a: Dondozo\n|-damage|p2a: Dondozo|0 fnt\n|faint|p2a: Dondozo\n|\n|win|RR_Uzui\n|raw|RR_Uzui's rating: 1511 &rarr; <strong>1530<\/strong><br \/>(+19 for winning)\n|raw|Bigger Yeagle's rating: 1495 &rarr; <strong>1476<\/strong><br \/>(-19 for losing)\n","uploadtime":1699933457,"views":7,"p1id":"rruzui","p2id":"biggeryeagle","formatid":"gen9ou","rating":1476,"private":0,"password":""}