{"id":"gen9ou-1989519445","p1":"Yumick2","p2":"Briocher99","format":"[Gen 9] OU","log":"|j|\u2606Yumick2\n|j|\u2606Briocher99\n|t:|1699864635\n|gametype|singles\n|player|p1|Yumick2|102|\n|player|p2|Briocher99|101|\n|teamsize|p1|6\n|teamsize|p2|6\n|gen|9\n|tier|[Gen 9] OU\n|rule|Sleep Clause Mod: Limit one foe put to sleep\n|rule|Species Clause: Limit one of each Pok\u00e9mon\n|rule|OHKO Clause: OHKO moves are banned\n|rule|Evasion Items Clause: Evasion items are banned\n|rule|Evasion Moves Clause: Evasion moves are banned\n|rule|Endless Battle Clause: Forcing endless battles is banned\n|rule|HP Percentage Mod: HP is shown in percentages\n|clearpoke\n|poke|p1|Quaquaval, M|\n|poke|p1|Samurott-Hisui, F|\n|poke|p1|Rotom-Wash|\n|poke|p1|Ludicolo, M|\n|poke|p1|Azumarill, F|\n|poke|p1|Whiscash, F|\n|poke|p2|Manaphy|\n|poke|p2|Ogerpon-Wellspring, F|\n|poke|p2|Dondozo, M|\n|poke|p2|Greninja-*, M|\n|poke|p2|Rotom-Wash|\n|poke|p2|Quagsire, F|\n|teampreview\n|\n|t:|1699864655\n|start\n|switch|p1a: Samurott|Samurott-Hisui, F|100\/100\n|switch|p2a: Ogerpon|Ogerpon-Wellspring, F|100\/100\n|turn|1\n|\n|t:|1699864667\n|move|p1a: Samurott|Encore||[still]\n|-fail|p1a: Samurott\n|move|p2a: Ogerpon|Horn Leech|p1a: Samurott\n|-supereffective|p1a: Samurott\n|-damage|p1a: Samurott|0 fnt\n|faint|p1a: Samurott\n|\n|upkeep\n|\n|t:|1699864677\n|switch|p1a: Ludicolo|Ludicolo, M|100\/100\n|turn|2\n|\n|t:|1699864686\n|move|p2a: Ogerpon|Power Whip|p1a: Ludicolo\n|-damage|p1a: Ludicolo|0 fnt\n|faint|p1a: Ludicolo\n|\n|upkeep\n|\n|t:|1699864694\n|switch|p1a: Quaquaval|Quaquaval, M|100\/100\n|turn|3\n|\n|t:|1699864720\n|move|p2a: Ogerpon|Horn Leech|p1a: Quaquaval\n|-supereffective|p1a: Quaquaval\n|-enditem|p1a: Quaquaval|Focus Sash\n|-damage|p1a: Quaquaval|1\/100\n|move|p1a: Quaquaval|Swords Dance|p1a: Quaquaval\n|-boost|p1a: Quaquaval|atk|2\n|\n|upkeep\n|turn|4\n|\n|t:|1699864736\n|move|p2a: Ogerpon|Horn Leech|p1a: Quaquaval\n|-supereffective|p1a: Quaquaval\n|-damage|p1a: Quaquaval|0 fnt\n|faint|p1a: Quaquaval\n|\n|upkeep\n|\n|t:|1699864741\n|switch|p1a: Rotom|Rotom-Wash|100\/100\n|turn|5\n|\n|t:|1699864753\n|switch|p2a: Quagsire|Quagsire, F|100\/100\n|move|p1a: Rotom|Nasty Plot|p1a: Rotom\n|-boost|p1a: Rotom|spa|2\n|\n|upkeep\n|turn|6\n|\n|t:|1699864761\n|move|p1a: Rotom|Dark Pulse|p2a: Quagsire\n|-damage|p2a: Quagsire|73\/100\n|move|p2a: Quagsire|Toxic|p1a: Rotom|[miss]\n|-miss|p2a: Quagsire|p1a: Rotom\n|\n|-heal|p2a: Quagsire|79\/100|[from] item: Leftovers\n|upkeep\n|turn|7\n|\n|t:|1699864772\n|move|p1a: Rotom|Dark Pulse|p2a: Quagsire\n|-damage|p2a: Quagsire|55\/100\n|move|p2a: Quagsire|Toxic|p1a: Rotom|[miss]\n|-miss|p2a: Quagsire|p1a: Rotom\n|\n|-heal|p2a: Quagsire|61\/100|[from] item: Leftovers\n|upkeep\n|turn|8\n|\n|t:|1699864781\n|move|p1a: Rotom|Dark Pulse|p2a: Quagsire\n|-damage|p2a: Quagsire|36\/100\n|move|p2a: Quagsire|Recover|p2a: Quagsire\n|-heal|p2a: Quagsire|86\/100\n|\n|-heal|p2a: Quagsire|92\/100|[from] item: Leftovers\n|upkeep\n|turn|9\n|\n|t:|1699864795\n|move|p1a: Rotom|Dark Pulse|p2a: Quagsire\n|-damage|p2a: Quagsire|67\/100\n|move|p2a: Quagsire|Toxic|p1a: Rotom\n|-status|p1a: Rotom|tox\n|\n|-heal|p2a: Quagsire|73\/100|[from] item: Leftovers\n|-damage|p1a: Rotom|94\/100 tox|[from] psn\n|upkeep\n|turn|10\n|\n|t:|1699864812\n|switch|p1a: Azumarill|Azumarill, F|100\/100\n|move|p2a: Quagsire|Encore||[still]\n|-fail|p2a: Quagsire\n|\n|-heal|p2a: Quagsire|79\/100|[from] item: Leftovers\n|upkeep\n|turn|11\n|\n|t:|1699864828\n|switch|p2a: Ogerpon|Ogerpon-Wellspring, F|100\/100\n|move|p1a: Azumarill|Belly Drum|p1a: Azumarill\n|-damage|p1a: Azumarill|51\/100\n|-setboost|p1a: Azumarill|atk|6|[from] move: Belly Drum\n|\n|upkeep\n|turn|12\n|\n|t:|1699864836\n|move|p2a: Ogerpon|Horn Leech|p1a: Azumarill\n|-supereffective|p1a: Azumarill\n|-damage|p1a: Azumarill|0 fnt\n|faint|p1a: Azumarill\n|\n|upkeep\n|\n|t:|1699864842\n|switch|p1a: Whiscash|Whiscash, F|100\/100\n|turn|13\n|\n|t:|1699864853\n|-terastallize|p1a: Whiscash|Electric\n|move|p2a: Ogerpon|Horn Leech|p1a: Whiscash\n|-damage|p1a: Whiscash|61\/100\n|move|p1a: Whiscash|Dragon Dance|p1a: Whiscash\n|-boost|p1a: Whiscash|atk|1\n|-boost|p1a: Whiscash|spe|1\n|\n|-heal|p1a: Whiscash|67\/100|[from] item: Leftovers\n|upkeep\n|turn|14\n|\n|t:|1699864865\n|switch|p2a: Quagsire|Quagsire, F|79\/100\n|move|p1a: Whiscash|Tera Blast|p2a: Quagsire|[anim] Tera Blast Electric\n|-immune|p2a: Quagsire\n|\n|-heal|p1a: Whiscash|73\/100|[from] item: Leftovers\n|-heal|p2a: Quagsire|85\/100|[from] item: Leftovers\n|upkeep\n|turn|15\n|\n|t:|1699864876\n|move|p1a: Whiscash|Outrage|p2a: Quagsire\n|-damage|p2a: Quagsire|69\/100\n|move|p2a: Quagsire|Earthquake|p1a: Whiscash\n|-supereffective|p1a: Whiscash\n|-damage|p1a: Whiscash|18\/100\n|\n|-heal|p1a: Whiscash|24\/100|[from] item: Leftovers\n|-heal|p2a: Quagsire|75\/100|[from] item: Leftovers\n|upkeep\n|turn|16\n|\n|t:|1699864887\n|move|p1a: Whiscash|Outrage|p2a: Quagsire|[from]lockedmove\n|-damage|p2a: Quagsire|58\/100\n|-start|p1a: Whiscash|confusion|[fatigue]\n|move|p2a: Quagsire|Earthquake|p1a: Whiscash\n|-supereffective|p1a: Whiscash\n|-damage|p1a: Whiscash|0 fnt\n|faint|p1a: Whiscash\n|\n|-heal|p2a: Quagsire|64\/100|[from] item: Leftovers\n|upkeep\n|\n|t:|1699864898\n|switch|p1a: Rotom|Rotom-Wash|94\/100 tox\n|turn|17\n|\n|t:|1699864904\n|move|p1a: Rotom|Dark Pulse|p2a: Quagsire\n|-damage|p2a: Quagsire|36\/100\n|move|p2a: Quagsire|Encore|p1a: Rotom\n|-start|p1a: Rotom|Encore\n|\n|-heal|p1a: Rotom|100\/100 tox|[from] item: Leftovers\n|-heal|p2a: Quagsire|42\/100|[from] item: Leftovers\n|-damage|p1a: Rotom|94\/100 tox|[from] psn\n|upkeep\n|turn|18\n|\n|t:|1699864931\n|switch|p2a: Ogerpon|Ogerpon-Wellspring, F|100\/100\n|move|p1a: Rotom|Dark Pulse|p2a: Ogerpon\n|-damage|p2a: Ogerpon|73\/100\n|\n|-heal|p1a: Rotom|100\/100 tox|[from] item: Leftovers\n|-damage|p1a: Rotom|88\/100 tox|[from] psn\n|upkeep\n|turn|19\n|\n|t:|1699864942\n|move|p2a: Ogerpon|Horn Leech|p1a: Rotom\n|-supereffective|p1a: Rotom\n|-damage|p1a: Rotom|0 fnt\n|-heal|p2a: Ogerpon|100\/100|[from] drain|[of] p1a: Rotom\n|faint|p1a: Rotom\n|\n|win|Briocher99\n|l|\u2606Yumick2\n","uploadtime":1699864962,"views":15,"p1id":"yumick2","p2id":"briocher99","formatid":"gen9ou","rating":0,"private":0,"password":""}