{"id":"gen9ou-1988975003","p1":"Tabouret Celeste","p2":"wyverbal","format":"[Gen 9] OU","log":"|j|\u2606Tabouret Celeste\n|j|\u2606wyverbal\n|t:|1699797054\n|gametype|singles\n|player|p1|Tabouret Celeste|morty-masters|1308\n|player|p2|wyverbal|2|1213\n|teamsize|p1|6\n|teamsize|p2|6\n|gen|9\n|tier|[Gen 9] OU\n|rated|\n|rule|Sleep Clause Mod: Limit one foe put to sleep\n|rule|Species Clause: Limit one of each Pok\u00e9mon\n|rule|OHKO Clause: OHKO moves are banned\n|rule|Evasion Items Clause: Evasion items are banned\n|rule|Evasion Moves Clause: Evasion moves are banned\n|rule|Endless Battle Clause: Forcing endless battles is banned\n|rule|HP Percentage Mod: HP is shown in percentages\n|clearpoke\n|poke|p1|Dragapult, F|\n|poke|p1|Great Tusk|\n|poke|p1|Greninja-*, M|\n|poke|p1|Moltres|\n|poke|p1|Clodsire, F|\n|poke|p1|Cresselia, F|\n|poke|p2|Zamazenta-*|\n|poke|p2|Kommo-o, F|\n|poke|p2|Ceruledge, M|\n|poke|p2|Tornadus, M|\n|poke|p2|Greninja-*, M|\n|poke|p2|Sandslash, M|\n|teampreview\n|inactive|Battle timer is ON: inactive players will automatically lose when time's up. (requested by wyverbal)\n|\n|t:|1699797080\n|start\n|switch|p1a: Uno Dos Moltres|Moltres|100\/100\n|switch|p2a: Tornadus|Tornadus, M, shiny|100\/100\n|turn|1\n|\n|t:|1699797093\n|switch|p1a: A thing.|Clodsire, F|100\/100\n|move|p2a: Tornadus|Bleakwind Storm|p1a: A thing.\n|-damage|p1a: A thing.|74\/100\n|\n|upkeep\n|turn|2\n|\n|t:|1699797101\n|move|p2a: Tornadus|Taunt|p1a: A thing.\n|-start|p1a: A thing.|move: Taunt\n|cant|p1a: A thing.|move: Taunt|Stealth Rock\n|\n|upkeep\n|turn|3\n|\n|t:|1699797109\n|switch|p1a: Bonogoat|Cresselia, F|100\/100\n|move|p2a: Tornadus|Sandstorm|p2a: Tornadus\n|-weather|Sandstorm\n|\n|-weather|Sandstorm|[upkeep]\n|-damage|p2a: Tornadus|94\/100|[from] Sandstorm\n|-damage|p1a: Bonogoat|94\/100|[from] Sandstorm\n|-heal|p1a: Bonogoat|100\/100|[from] item: Leftovers\n|upkeep\n|turn|4\n|\n|t:|1699797118\n|move|p2a: Tornadus|Taunt|p1a: Bonogoat\n|-start|p1a: Bonogoat|move: Taunt\n|cant|p1a: Bonogoat|move: Taunt|Calm Mind\n|\n|-weather|Sandstorm|[upkeep]\n|-damage|p2a: Tornadus|88\/100|[from] Sandstorm\n|-damage|p1a: Bonogoat|94\/100|[from] Sandstorm\n|-heal|p1a: Bonogoat|100\/100|[from] item: Leftovers\n|upkeep\n|turn|5\n|\n|t:|1699797131\n|switch|p1a: A thing.|Clodsire, F|74\/100\n|move|p2a: Tornadus|Weather Ball|p1a: A thing.\n|-resisted|p1a: A thing.\n|-damage|p1a: A thing.|65\/100\n|\n|-weather|Sandstorm|[upkeep]\n|-damage|p2a: Tornadus|82\/100|[from] Sandstorm\n|upkeep\n|turn|6\n|\n|t:|1699797139\n|switch|p1a: Genoide|Dragapult, F|100\/100\n|move|p2a: Tornadus|Taunt|p1a: Genoide\n|-start|p1a: Genoide|move: Taunt\n|\n|-weather|Sandstorm|[upkeep]\n|-damage|p1a: Genoide|95\/100|[from] Sandstorm\n|-damage|p2a: Tornadus|76\/100|[from] Sandstorm\n|upkeep\n|turn|7\n|\n|t:|1699797151\n|-terastallize|p1a: Genoide|Ghost\n|move|p1a: Genoide|Tera Blast|p2a: Tornadus|[anim] Tera Blast Ghost\n|-damage|p2a: Tornadus|0 fnt\n|faint|p2a: Tornadus\n|\n|-weather|Sandstorm|[upkeep]\n|-damage|p1a: Genoide|89\/100|[from] Sandstorm\n|upkeep\n|\n|t:|1699797161\n|switch|p2a: Zamazenta|Zamazenta, shiny|100\/100\n|-ability|p2a: Zamazenta|Dauntless Shield|boost\n|-boost|p2a: Zamazenta|def|1\n|turn|8\n|\n|t:|1699797166\n|switch|p1a: Bonogoat|Cresselia, F|100\/100\n|move|p2a: Zamazenta|Reflect|p2a: Zamazenta\n|-sidestart|p2: wyverbal|Reflect\n|\n|-weather|Sandstorm|[upkeep]\n|-damage|p2a: Zamazenta|94\/100|[from] Sandstorm\n|-damage|p1a: Bonogoat|94\/100|[from] Sandstorm\n|-heal|p1a: Bonogoat|100\/100|[from] item: Leftovers\n|upkeep\n|turn|9\n|\n|t:|1699797178\n|switch|p2a: Ceruledge|Ceruledge, M, shiny|100\/100\n|move|p1a: Bonogoat|Calm Mind|p1a: Bonogoat\n|-boost|p1a: Bonogoat|spa|1\n|-boost|p1a: Bonogoat|spd|1\n|\n|-weather|Sandstorm|[upkeep]\n|-damage|p2a: Ceruledge|94\/100|[from] Sandstorm\n|-damage|p1a: Bonogoat|94\/100|[from] Sandstorm\n|-heal|p1a: Bonogoat|100\/100|[from] item: Leftovers\n|upkeep\n|turn|10\n|\n|t:|1699797185\n|switch|p1a: Agency|Great Tusk|100\/100\n|move|p2a: Ceruledge|Taunt|p1a: Agency\n|-start|p1a: Agency|move: Taunt\n|\n|-weather|none\n|upkeep\n|turn|11\n|\n|t:|1699797194\n|switch|p2a: Zamazenta|Zamazenta, shiny|94\/100\n|move|p1a: Agency|Knock Off|p2a: Zamazenta\n|-resisted|p2a: Zamazenta\n|-damage|p2a: Zamazenta|89\/100\n|-enditem|p2a: Zamazenta|Light Clay|[from] move: Knock Off|[of] p1a: Agency\n|\n|upkeep\n|turn|12\n|\n|t:|1699797204\n|-end|p1a: Agency|Protosynthesis|[silent]\n|switch|p1a: Uno Dos Moltres|Moltres|100\/100\n|move|p2a: Zamazenta|Light Screen|p2a: Zamazenta\n|-sidestart|p2: wyverbal|move: Light Screen\n|\n|upkeep\n|turn|13\n|\n|t:|1699797211\n|switch|p2a: Sandslash|Sandslash, M, shiny|100\/100\n|move|p1a: Uno Dos Moltres|Will-O-Wisp|p2a: Sandslash\n|-status|p2a: Sandslash|brn\n|\n|-damage|p2a: Sandslash|94\/100 brn|[from] brn\n|upkeep\n|turn|14\n|\n|t:|1699797221\n|switch|p1a: Agency|Great Tusk|100\/100\n|move|p2a: Sandslash|Rock Slide|p1a: Agency\n|-resisted|p1a: Agency\n|-damage|p1a: Agency|99\/100\n|-damage|p2a: Sandslash|84\/100 brn|[from] item: Life Orb\n|\n|-heal|p1a: Agency|100\/100|[from] item: Leftovers\n|-damage|p2a: Sandslash|78\/100 brn|[from] brn\n|upkeep\n|turn|15\n|\n|t:|1699797229\n|move|p2a: Sandslash|Earthquake|p1a: Agency\n|-damage|p1a: Agency|85\/100\n|-damage|p2a: Sandslash|68\/100 brn|[from] item: Life Orb\n|move|p1a: Agency|Knock Off|p2a: Sandslash\n|-damage|p2a: Sandslash|53\/100 brn\n|-enditem|p2a: Sandslash|Life Orb|[from] move: Knock Off|[of] p1a: Agency\n|\n|-heal|p1a: Agency|91\/100|[from] item: Leftovers\n|-damage|p2a: Sandslash|47\/100 brn|[from] brn\n|-sideend|p2: wyverbal|Reflect\n|upkeep\n|turn|16\n|\n|t:|1699797241\n|move|p2a: Sandslash|Poison Jab|p1a: Agency\n|-resisted|p1a: Agency\n|-damage|p1a: Agency|88\/100\n|-status|p1a: Agency|psn\n|move|p1a: Agency|Ice Spinner|p2a: Sandslash\n|-supereffective|p2a: Sandslash\n|-damage|p2a: Sandslash|0 fnt\n|faint|p2a: Sandslash\n|\n|-heal|p1a: Agency|94\/100 psn|[from] item: Leftovers\n|-damage|p1a: Agency|82\/100 psn|[from] psn\n|-sideend|p2: wyverbal|move: Light Screen\n|upkeep\n|\n|t:|1699797252\n|switch|p2a: Zamazenta|Zamazenta, shiny|89\/100\n|turn|17\n|\n|t:|1699797259\n|-end|p1a: Agency|Protosynthesis|[silent]\n|switch|p1a: Bonogoat|Cresselia, F|100\/100\n|move|p2a: Zamazenta|Reflect|p2a: Zamazenta\n|-sidestart|p2: wyverbal|Reflect\n|\n|upkeep\n|turn|18\n|\n|t:|1699797264\n|switch|p2a: Ceruledge|Ceruledge, M, shiny|94\/100\n|move|p1a: Bonogoat|Calm Mind|p1a: Bonogoat\n|-boost|p1a: Bonogoat|spa|1\n|-boost|p1a: Bonogoat|spd|1\n|\n|upkeep\n|turn|19\n|\n|t:|1699797269\n|move|p2a: Ceruledge|Taunt|p1a: Bonogoat\n|-start|p1a: Bonogoat|move: Taunt\n|cant|p1a: Bonogoat|move: Taunt|Calm Mind\n|\n|upkeep\n|turn|20\n|\n|t:|1699797274\n|switch|p1a: Uno Dos Moltres|Moltres|100\/100\n|move|p2a: Ceruledge|Swords Dance|p2a: Ceruledge\n|-boost|p2a: Ceruledge|atk|2\n|\n|upkeep\n|turn|21\n|\n|t:|1699797287\n|move|p2a: Ceruledge|Swords Dance|p2a: Ceruledge\n|-boost|p2a: Ceruledge|atk|2\n|move|p1a: Uno Dos Moltres|U-turn|p2a: Ceruledge\n|-resisted|p2a: Ceruledge\n|-damage|p2a: Ceruledge|92\/100\n|\n|t:|1699797299\n|switch|p1a: Gamakishi|Greninja, M|100\/100|[from] U-turn\n|\n|-sideend|p2: wyverbal|Reflect\n|upkeep\n|turn|22\n|\n|t:|1699797307\n|-terastallize|p2a: Ceruledge|Ghost\n|move|p1a: Gamakishi|Surf|p2a: Ceruledge\n|-damage|p2a: Ceruledge|51\/100\n|move|p2a: Ceruledge|Bitter Blade|p1a: Gamakishi\n|-resisted|p1a: Gamakishi\n|-damage|p1a: Gamakishi|0 fnt\n|-heal|p2a: Ceruledge|99\/100|[from] drain|[of] p1a: Gamakishi\n|faint|p1a: Gamakishi\n|\n|upkeep\n|\n|t:|1699797324\n|switch|p1a: Agency|Great Tusk|82\/100 psn\n|turn|23\n|\n|t:|1699797331\n|move|p2a: Ceruledge|Bitter Blade|p1a: Agency\n|-damage|p1a: Agency|6\/100 psn\n|-heal|p2a: Ceruledge|100\/100|[from] drain|[of] p1a: Agency\n|move|p1a: Agency|Knock Off|p2a: Ceruledge\n|-supereffective|p2a: Ceruledge\n|-damage|p2a: Ceruledge|21\/100\n|-enditem|p2a: Ceruledge|Heavy-Duty Boots|[from] move: Knock Off|[of] p1a: Agency\n|\n|-heal|p1a: Agency|12\/100 psn|[from] item: Leftovers\n|-damage|p1a: Agency|0 fnt|[from] psn\n|faint|p1a: Agency\n|-end|p1a: Agency|Protosynthesis|[silent]\n|upkeep\n|\n|t:|1699797350\n|switch|p1a: Genoide|Dragapult, F, tera:Ghost|89\/100\n|turn|24\n|\n|t:|1699797356\n|move|p2a: Ceruledge|Shadow Sneak|p1a: Genoide\n|-supereffective|p1a: Genoide\n|-damage|p1a: Genoide|0 fnt\n|faint|p1a: Genoide\n|\n|upkeep\n|\n|t:|1699797368\n|switch|p1a: A thing.|Clodsire, F|65\/100\n|turn|25\n|\n|t:|1699797376\n|move|p2a: Ceruledge|Bitter Blade|p1a: A thing.\n|-damage|p1a: A thing.|0 fnt\n|-heal|p2a: Ceruledge|72\/100|[from] drain|[of] p1a: A thing.\n|faint|p1a: A thing.\n|\n|upkeep\n|\n|t:|1699797380\n|switch|p1a: Bonogoat|Cresselia, F|100\/100\n|turn|26\n|\n|t:|1699797399\n|move|p1a: Bonogoat|Moonlight|p1a: Bonogoat\n|-fail|p1a: Bonogoat|heal\n|move|p2a: Ceruledge|Bitter Blade|p1a: Bonogoat\n|-damage|p1a: Bonogoat|0 fnt\n|-heal|p2a: Ceruledge|100\/100|[from] drain|[of] p1a: Bonogoat\n|faint|p1a: Bonogoat\n|\n|upkeep\n|\n|t:|1699797402\n|switch|p1a: Uno Dos Moltres|Moltres|100\/100\n|turn|27\n|\n|t:|1699797409\n|move|p2a: Ceruledge|Bitter Blade|p1a: Uno Dos Moltres\n|-resisted|p1a: Uno Dos Moltres\n|-damage|p1a: Uno Dos Moltres|51\/100\n|-status|p2a: Ceruledge|brn|[from] ability: Flame Body|[of] p1a: Uno Dos Moltres\n|move|p1a: Uno Dos Moltres|Flamethrower|p2a: Ceruledge\n|-start|p2a: Ceruledge|ability: Flash Fire\n|\n|-damage|p2a: Ceruledge|94\/100 brn|[from] brn\n|upkeep\n|turn|28\n|\n|t:|1699797418\n|move|p2a: Ceruledge|Swords Dance|p2a: Ceruledge\n|-boost|p2a: Ceruledge|atk|2\n|move|p1a: Uno Dos Moltres|Roost|p1a: Uno Dos Moltres\n|-heal|p1a: Uno Dos Moltres|100\/100\n|-singleturn|p1a: Uno Dos Moltres|move: Roost\n|\n|-damage|p2a: Ceruledge|88\/100 brn|[from] brn\n|upkeep\n|turn|29\n|\n|t:|1699797426\n|move|p2a: Ceruledge|Bitter Blade|p1a: Uno Dos Moltres\n|-resisted|p1a: Uno Dos Moltres\n|-damage|p1a: Uno Dos Moltres|56\/100\n|-heal|p2a: Ceruledge|100\/100 brn|[from] drain|[of] p1a: Uno Dos Moltres\n|move|p1a: Uno Dos Moltres|U-turn|p2a: Ceruledge\n|-resisted|p2a: Ceruledge\n|-damage|p2a: Ceruledge|90\/100 brn\n|\n|-damage|p2a: Ceruledge|84\/100 brn|[from] brn\n|upkeep\n|turn|30\n|\n|t:|1699797432\n|move|p2a: Ceruledge|Taunt|p1a: Uno Dos Moltres\n|-start|p1a: Uno Dos Moltres|move: Taunt\n|cant|p1a: Uno Dos Moltres|move: Taunt|Roost\n|\n|-damage|p2a: Ceruledge|78\/100 brn|[from] brn\n|upkeep\n|turn|31\n|\n|t:|1699797434\n|move|p2a: Ceruledge|Bitter Blade|p1a: Uno Dos Moltres\n|-resisted|p1a: Uno Dos Moltres\n|-damage|p1a: Uno Dos Moltres|5\/100\n|-heal|p2a: Ceruledge|100\/100 brn|[from] drain|[of] p1a: Uno Dos Moltres\n|move|p1a: Uno Dos Moltres|U-turn|p2a: Ceruledge\n|-resisted|p2a: Ceruledge\n|-damage|p2a: Ceruledge|91\/100 brn\n|\n|-damage|p2a: Ceruledge|85\/100 brn|[from] brn\n|upkeep\n|turn|32\n|\n|t:|1699797444\n|move|p2a: Ceruledge|Shadow Sneak|p1a: Uno Dos Moltres\n|-damage|p1a: Uno Dos Moltres|0 fnt\n|faint|p1a: Uno Dos Moltres\n|\n|win|wyverbal\n|raw|Tabouret Celeste's rating: 1308 &rarr; <strong>1283<\/strong><br \/>(-25 for losing)\n|raw|wyverbal's rating: 1213 &rarr; <strong>1245<\/strong><br \/>(+32 for winning)\n|l|\u2606Tabouret Celeste\n","uploadtime":1699797450,"views":8,"p1id":"tabouretceleste","p2id":"wyverbal","formatid":"gen9ou","rating":1245,"private":0,"password":""}