{"id":"gen9ou-1990876065","p1":"doodieray","p2":"karnotics","format":"[Gen 9] OU","log":"|j|\u2606doodieray\n|j|\u2606karnotics\n|t:|1700010285\n|gametype|singles\n|player|p1|doodieray|266|1470\n|player|p2|karnotics|gambler|1451\n|teamsize|p1|6\n|teamsize|p2|6\n|gen|9\n|tier|[Gen 9] OU\n|rated|\n|rule|Sleep Clause Mod: Limit one foe put to sleep\n|rule|Species Clause: Limit one of each Pok\u00e9mon\n|rule|OHKO Clause: OHKO moves are banned\n|rule|Evasion Items Clause: Evasion items are banned\n|rule|Evasion Moves Clause: Evasion moves are banned\n|rule|Endless Battle Clause: Forcing endless battles is banned\n|rule|HP Percentage Mod: HP is shown in percentages\n|clearpoke\n|poke|p1|Vikavolt, F|\n|poke|p1|Sneasler, M|\n|poke|p1|Garganacl, M|\n|poke|p1|Ogerpon-Wellspring, F|\n|poke|p1|Heatran, F|\n|poke|p1|Weezing-Galar, M|\n|poke|p2|Hoopa-Unbound|\n|poke|p2|Alomomola, F|\n|poke|p2|Cinderace, M|\n|poke|p2|Thundurus-Therian, M|\n|poke|p2|Dragapult, M|\n|poke|p2|Kingambit, F|\n|teampreview\n|\n|t:|1700010307\n|start\n|switch|p1a: Garganacl|Garganacl, M|100\/100\n|switch|p2a: Dragapult|Dragapult, M, shiny|100\/100\n|turn|1\n|\n|t:|1700010312\n|move|p2a: Dragapult|U-turn|p1a: Garganacl\n|-damage|p1a: Garganacl|90\/100\n|\n|t:|1700010317\n|switch|p2a: Kingambit|Kingambit, F|100\/100|[from] U-turn\n|move|p1a: Garganacl|Salt Cure|p2a: Kingambit\n|-resisted|p2a: Kingambit\n|-damage|p2a: Kingambit|95\/100\n|-start|p2a: Kingambit|Salt Cure\n|\n|-heal|p1a: Garganacl|96\/100|[from] item: Leftovers\n|-damage|p2a: Kingambit|70\/100|[from] Salt Cure\n|upkeep\n|turn|2\n|\n|t:|1700010324\n|-end|p2a: Kingambit|fallenundefined|[silent]\n|switch|p2a: Alomomola|Alomomola, F|100\/100\n|move|p1a: Garganacl|Earthquake|p2a: Alomomola\n|-damage|p2a: Alomomola|89\/100\n|-enditem|p2a: Alomomola|Red Card|[of] p1a: Garganacl\n|drag|p1a: Vikavolt|Vikavolt, F|100\/100\n|\n|upkeep\n|turn|3\n|\n|t:|1700010332\n|switch|p2a: Thundurus|Thundurus-Therian, M|100\/100\n|move|p1a: Vikavolt|Volt Switch|p2a: Thundurus\n|-immune|p2a: Thundurus|[from] ability: Volt Absorb\n|\n|upkeep\n|turn|4\n|\n|t:|1700010341\n|switch|p1a: Heatran|Heatran, F|100\/100\n|-terastallize|p2a: Thundurus|Flying\n|move|p2a: Thundurus|Volt Switch|p1a: Heatran\n|-damage|p1a: Heatran|65\/100\n|\n|t:|1700010351\n|switch|p2a: Hoopa|Hoopa-Unbound|100\/100|[from] Volt Switch\n|\n|-heal|p1a: Heatran|71\/100|[from] item: Leftovers\n|upkeep\n|turn|5\n|\n|t:|1700010357\n|move|p2a: Hoopa|Drain Punch|p1a: Heatran\n|-supereffective|p1a: Heatran\n|-damage|p1a: Heatran|23\/100\n|move|p1a: Heatran|Magma Storm|p2a: Hoopa\n|-damage|p2a: Hoopa|77\/100\n|-activate|p2a: Hoopa|move: Magma Storm|[of] p1a: Heatran\n|\n|-heal|p1a: Heatran|30\/100|[from] item: Leftovers\n|-damage|p2a: Hoopa|65\/100|[from] move: Magma Storm|[partiallytrapped]\n|upkeep\n|turn|6\n|\n|t:|1700010368\n|switch|p1a: Weezing|Weezing-Galar, M|100\/100\n|-ability|p1a: Weezing|Neutralizing Gas\n|move|p2a: Hoopa|Hyperspace Fury|p1a: Weezing\n|-resisted|p1a: Weezing\n|-damage|p1a: Weezing|80\/100\n|-unboost|p2a: Hoopa|def|1\n|\n|-end|p2a: Hoopa|Magma Storm|[partiallytrapped]|[silent]\n|upkeep\n|turn|7\n|\n|t:|1700010375\n|move|p2a: Hoopa|Gunk Shot|p1a: Weezing\n|-damage|p1a: Weezing|44\/100\n|move|p1a: Weezing|Will-O-Wisp|p2a: Hoopa|[miss]\n|-miss|p1a: Weezing|p2a: Hoopa\n|\n|upkeep\n|turn|8\n|\n|t:|1700010384\n|move|p2a: Hoopa|Psychic|p1a: Weezing\n|-supereffective|p1a: Weezing\n|-damage|p1a: Weezing|0 fnt\n|faint|p1a: Weezing\n|-end|p1a: Weezing|ability: Neutralizing Gas\n|\n|upkeep\n|\n|t:|1700010389\n|switch|p1a: Sneasler|Sneasler, M|100\/100\n|-item|p1a: Sneasler|Air Balloon\n|turn|9\n|\n|t:|1700010399\n|switch|p2a: Alomomola|Alomomola, F|100\/100\n|move|p1a: Sneasler|Dire Claw|p2a: Alomomola\n|-damage|p2a: Alomomola|77\/100\n|-status|p2a: Alomomola|psn\n|\n|-damage|p2a: Alomomola|65\/100 psn|[from] psn\n|upkeep\n|turn|10\n|\n|t:|1700010412\n|switch|p2a: Dragapult|Dragapult, M, shiny|100\/100\n|move|p1a: Sneasler|Swords Dance|p1a: Sneasler\n|-boost|p1a: Sneasler|atk|2\n|\n|upkeep\n|turn|11\n|\n|t:|1700010421\n|switch|p1a: Heatran|Heatran, F|30\/100\n|move|p2a: Dragapult|Will-O-Wisp|p1a: Heatran\n|-start|p1a: Heatran|ability: Flash Fire\n|\n|-heal|p1a: Heatran|36\/100|[from] item: Leftovers\n|upkeep\n|turn|12\n|\n|t:|1700010432\n|switch|p2a: Cinderace|Cinderace, M|100\/100\n|move|p1a: Heatran|Magma Storm|p2a: Cinderace\n|-resisted|p2a: Cinderace\n|-damage|p2a: Cinderace|53\/100\n|-activate|p2a: Cinderace|move: Magma Storm|[of] p1a: Heatran\n|\n|-heal|p1a: Heatran|42\/100|[from] item: Leftovers\n|-damage|p2a: Cinderace|41\/100|[from] move: Magma Storm|[partiallytrapped]\n|upkeep\n|turn|13\n|\n|t:|1700010441\n|move|p2a: Cinderace|U-turn|p1a: Heatran\n|-start|p2a: Cinderace|typechange|Bug|[from] ability: Libero\n|-resisted|p1a: Heatran\n|-damage|p1a: Heatran|35\/100\n|\n|t:|1700010443\n|switch|p2a: Hoopa|Hoopa-Unbound|65\/100|[from] U-turn\n|move|p1a: Heatran|Magma Storm|p2a: Hoopa\n|-damage|p2a: Hoopa|30\/100\n|-activate|p2a: Hoopa|move: Magma Storm|[of] p1a: Heatran\n|\n|-heal|p1a: Heatran|41\/100|[from] item: Leftovers\n|-damage|p2a: Hoopa|18\/100|[from] move: Magma Storm|[partiallytrapped]\n|upkeep\n|turn|14\n|\n|t:|1700010453\n|move|p2a: Hoopa|Drain Punch|p1a: Heatran\n|-supereffective|p1a: Heatran\n|-damage|p1a: Heatran|0 fnt\n|-heal|p2a: Hoopa|39\/100|[from] drain|[of] p1a: Heatran\n|faint|p1a: Heatran\n|\n|-end|p2a: Hoopa|Magma Storm|[partiallytrapped]|[silent]\n|upkeep\n|\n|t:|1700010456\n|switch|p1a: Sneasler|Sneasler, M|100\/100\n|-item|p1a: Sneasler|Air Balloon\n|turn|15\n|\n|t:|1700010461\n|switch|p2a: Cinderace|Cinderace, M|41\/100\n|-terastallize|p1a: Sneasler|Ghost\n|move|p1a: Sneasler|Shadow Claw|p2a: Cinderace\n|-damage|p2a: Cinderace|0 fnt\n|faint|p2a: Cinderace\n|\n|upkeep\n|\n|t:|1700010464\n|switch|p2a: Dragapult|Dragapult, M, shiny|100\/100\n|turn|16\n|\n|t:|1700010467\n|switch|p1a: Garganacl|Garganacl, M|96\/100\n|move|p2a: Dragapult|Draco Meteor|p1a: Garganacl\n|-damage|p1a: Garganacl|45\/100\n|-unboost|p2a: Dragapult|spa|2\n|\n|-heal|p1a: Garganacl|51\/100|[from] item: Leftovers\n|upkeep\n|turn|17\n|\n|t:|1700010481\n|switch|p2a: Alomomola|Alomomola, F|98\/100 psn\n|move|p1a: Garganacl|Salt Cure|p2a: Alomomola\n|-damage|p2a: Alomomola|91\/100 psn\n|-start|p2a: Alomomola|Salt Cure\n|\n|-heal|p1a: Garganacl|57\/100|[from] item: Leftovers\n|-damage|p2a: Alomomola|78\/100 psn|[from] psn\n|-damage|p2a: Alomomola|53\/100 psn|[from] Salt Cure\n|upkeep\n|turn|18\n|\n|t:|1700010487\n|move|p2a: Alomomola|Flip Turn|p1a: Garganacl\n|-supereffective|p1a: Garganacl\n|-damage|p1a: Garganacl|35\/100\n|\n|t:|1700010490\n|switch|p2a: Kingambit|Kingambit, F|70\/100|[from] Flip Turn\n|-activate|p2a: Kingambit|ability: Supreme Overlord\n|-start|p2a: Kingambit|fallen1|[silent]\n|move|p1a: Garganacl|Recover|p1a: Garganacl\n|-heal|p1a: Garganacl|85\/100\n|\n|-heal|p1a: Garganacl|91\/100|[from] item: Leftovers\n|upkeep\n|turn|19\n|\n|t:|1700010496\n|move|p2a: Kingambit|Swords Dance|p2a: Kingambit\n|-boost|p2a: Kingambit|atk|2\n|move|p1a: Garganacl|Salt Cure|p2a: Kingambit\n|-resisted|p2a: Kingambit\n|-damage|p2a: Kingambit|64\/100\n|-start|p2a: Kingambit|Salt Cure\n|\n|-heal|p1a: Garganacl|97\/100|[from] item: Leftovers\n|-damage|p2a: Kingambit|39\/100|[from] Salt Cure\n|upkeep\n|turn|20\n|\n|t:|1700010502\n|switch|p1a: Vikavolt|Vikavolt, F|100\/100\n|move|p2a: Kingambit|Iron Head|p1a: Vikavolt\n|-resisted|p1a: Vikavolt\n|-damage|p1a: Vikavolt|45\/100\n|\n|-damage|p2a: Kingambit|14\/100|[from] Salt Cure\n|upkeep\n|turn|21\n|\n|t:|1700010509\n|-end|p2a: Kingambit|fallen1|[silent]\n|switch|p2a: Thundurus|Thundurus-Therian, M, tera:Flying|100\/100\n|move|p1a: Vikavolt|Sticky Web|p2a: Thundurus\n|-sidestart|p2: karnotics|move: Sticky Web\n|\n|upkeep\n|turn|22\n|\n|t:|1700010515\n|move|p2a: Thundurus|Tera Blast|p1a: Vikavolt|[anim] Tera Blast Flying\n|-damage|p1a: Vikavolt|0 fnt\n|faint|p1a: Vikavolt\n|\n|upkeep\n|\n|t:|1700010520\n|switch|p1a: Garganacl|Garganacl, M|97\/100\n|turn|23\n|\n|t:|1700010534\n|switch|p2a: Kingambit|Kingambit, F|14\/100\n|-activate|p2a: Kingambit|move: Sticky Web\n|-unboost|p2a: Kingambit|spe|1\n|-activate|p2a: Kingambit|ability: Supreme Overlord\n|-start|p2a: Kingambit|fallen1|[silent]\n|move|p1a: Garganacl|Salt Cure|p2a: Kingambit\n|-resisted|p2a: Kingambit\n|-damage|p2a: Kingambit|8\/100\n|-start|p2a: Kingambit|Salt Cure\n|\n|-heal|p1a: Garganacl|100\/100|[from] item: Leftovers\n|-damage|p2a: Kingambit|0 fnt|[from] Salt Cure\n|faint|p2a: Kingambit\n|-end|p2a: Kingambit|fallen1|[silent]\n|upkeep\n|\n|t:|1700010536\n|switch|p2a: Dragapult|Dragapult, M, shiny|100\/100\n|-activate|p2a: Dragapult|move: Sticky Web\n|-unboost|p2a: Dragapult|spe|1\n|turn|24\n|\n|t:|1700010541\n|move|p2a: Dragapult|U-turn|p1a: Garganacl\n|-damage|p1a: Garganacl|90\/100\n|\n|t:|1700010546\n|switch|p2a: Alomomola|Alomomola, F|87\/100 psn|[from] U-turn\n|-activate|p2a: Alomomola|move: Sticky Web\n|-unboost|p2a: Alomomola|spe|1\n|move|p1a: Garganacl|Salt Cure|p2a: Alomomola\n|-damage|p2a: Alomomola|79\/100 psn\n|-start|p2a: Alomomola|Salt Cure\n|\n|-heal|p1a: Garganacl|96\/100|[from] item: Leftovers\n|-damage|p2a: Alomomola|66\/100 psn|[from] psn\n|-damage|p2a: Alomomola|42\/100 psn|[from] Salt Cure\n|upkeep\n|turn|25\n|\n|t:|1700010557\n|move|p1a: Garganacl|Iron Defense|p1a: Garganacl\n|-boost|p1a: Garganacl|def|2\n|move|p2a: Alomomola|Acrobatics|p1a: Garganacl\n|-resisted|p1a: Garganacl\n|-damage|p1a: Garganacl|93\/100\n|\n|-heal|p1a: Garganacl|99\/100|[from] item: Leftovers\n|-damage|p2a: Alomomola|29\/100 psn|[from] psn\n|-damage|p2a: Alomomola|4\/100 psn|[from] Salt Cure\n|upkeep\n|turn|26\n|\n|t:|1700010562\n|move|p1a: Garganacl|Earthquake|p2a: Alomomola\n|-damage|p2a: Alomomola|0 fnt\n|faint|p2a: Alomomola\n|\n|-heal|p1a: Garganacl|100\/100|[from] item: Leftovers\n|upkeep\n|\n|t:|1700010565\n|switch|p2a: Thundurus|Thundurus-Therian, M, tera:Flying|100\/100\n|turn|27\n|\n|t:|1700010568\n|move|p2a: Thundurus|Grass Knot|p1a: Garganacl\n|-supereffective|p1a: Garganacl\n|-damage|p1a: Garganacl|14\/100\n|move|p1a: Garganacl|Salt Cure|p2a: Thundurus\n|-supereffective|p2a: Thundurus\n|-damage|p2a: Thundurus|58\/100\n|-start|p2a: Thundurus|Salt Cure\n|\n|-heal|p1a: Garganacl|21\/100|[from] item: Leftovers\n|-damage|p2a: Thundurus|46\/100|[from] Salt Cure\n|upkeep\n|turn|28\n|\n|t:|1700010573\n|switch|p1a: Sneasler|Sneasler, M, tera:Ghost|100\/100\n|-item|p1a: Sneasler|Air Balloon\n|move|p2a: Thundurus|Grass Knot|p1a: Sneasler\n|-damage|p1a: Sneasler|55\/100\n|-enditem|p1a: Sneasler|Air Balloon\n|\n|-damage|p2a: Thundurus|34\/100|[from] Salt Cure\n|upkeep\n|turn|29\n|\n|t:|1700010581\n|move|p1a: Sneasler|Dire Claw|p2a: Thundurus\n|-damage|p2a: Thundurus|0 fnt\n|faint|p2a: Thundurus\n|\n|upkeep\n|\n|t:|1700010583\n|switch|p2a: Dragapult|Dragapult, M, shiny|100\/100\n|-activate|p2a: Dragapult|move: Sticky Web\n|-unboost|p2a: Dragapult|spe|1\n|turn|30\n|\n|t:|1700010589\n|move|p1a: Sneasler|Shadow Claw|p2a: Dragapult\n|-supereffective|p2a: Dragapult\n|-damage|p2a: Dragapult|0 fnt\n|faint|p2a: Dragapult\n|\n|upkeep\n|-message|karnotics forfeited.\n|\n|win|doodieray\n|raw|doodieray's rating: 1470 &rarr; <strong>1489<\/strong><br \/>(+19 for winning)\n|raw|karnotics's rating: 1451 &rarr; <strong>1432<\/strong><br \/>(-19 for losing)\n|l|\u2606karnotics\n","uploadtime":1700010601,"views":14,"p1id":"doodieray","p2id":"karnotics","formatid":"gen9ou","rating":1432,"private":0,"password":""}