{"id":"gen9ou-1990173800","p1":"Tokumaru","p2":"dragon2222","format":"[Gen 9] OU","log":"|j|\u2606Tokumaru\n|j|\u2606dragon2222\n|t:|1699932858\n|gametype|singles\n|player|p1|Tokumaru|zinzolin|1385\n|player|p2|dragon2222|cynthia|1475\n|teamsize|p1|6\n|teamsize|p2|6\n|gen|9\n|tier|[Gen 9] OU\n|rated|\n|rule|Sleep Clause Mod: Limit one foe put to sleep\n|rule|Species Clause: Limit one of each Pok\u00e9mon\n|rule|OHKO Clause: OHKO moves are banned\n|rule|Evasion Items Clause: Evasion items are banned\n|rule|Evasion Moves Clause: Evasion moves are banned\n|rule|Endless Battle Clause: Forcing endless battles is banned\n|rule|HP Percentage Mod: HP is shown in percentages\n|clearpoke\n|poke|p1|Dragapult, M|\n|poke|p1|Landorus-Therian, M|\n|poke|p1|Kingambit, F|\n|poke|p1|Iron Moth|\n|poke|p1|Great Tusk|\n|poke|p1|Heatran, F|\n|poke|p2|Garchomp, F|\n|poke|p2|Gholdengo|\n|poke|p2|Manaphy|\n|poke|p2|Great Tusk|\n|poke|p2|Iron Moth|\n|poke|p2|Ribombee, F|\n|teampreview\n|inactive|Battle timer is ON: inactive players will automatically lose when time's up. (requested by dragon2222)\n|\n|t:|1699932870\n|start\n|switch|p1a: Gliscor 3|Great Tusk|100\/100\n|switch|p2a: Ribombee|Ribombee, F|100\/100\n|turn|1\n|\n|t:|1699932879\n|-terastallize|p1a: Gliscor 3|Water\n|move|p2a: Ribombee|Moonblast|p1a: Gliscor 3\n|-damage|p1a: Gliscor 3|45\/100\n|move|p1a: Gliscor 3|Rapid Spin|p2a: Ribombee\n|-damage|p2a: Ribombee|70\/100\n|-boost|p1a: Gliscor 3|spe|1\n|\n|-heal|p1a: Gliscor 3|51\/100|[from] item: Leftovers\n|upkeep\n|turn|2\n|\n|t:|1699932889\n|move|p1a: Gliscor 3|Ice Spinner|p2a: Ribombee\n|-damage|p2a: Ribombee|25\/100\n|move|p2a: Ribombee|Stun Spore|p1a: Gliscor 3\n|-status|p1a: Gliscor 3|par\n|\n|-heal|p1a: Gliscor 3|58\/100 par|[from] item: Leftovers\n|upkeep\n|turn|3\n|c|\u2606Tokumaru|Golly what a bug.\n|c|\u2606Tokumaru|Impressive.\n|\n|t:|1699932919\n|move|p2a: Ribombee|Moonblast|p1a: Gliscor 3\n|-damage|p1a: Gliscor 3|10\/100 par\n|cant|p1a: Gliscor 3|par\n|\n|-heal|p1a: Gliscor 3|16\/100 par|[from] item: Leftovers\n|upkeep\n|turn|4\n|\n|t:|1699932923\n|move|p2a: Ribombee|Moonblast|p1a: Gliscor 3\n|-damage|p1a: Gliscor 3|0 fnt\n|faint|p1a: Gliscor 3\n|-end|p1a: Gliscor 3|Protosynthesis|[silent]\n|\n|upkeep\n|\n|t:|1699932927\n|switch|p1a: Pew Pew|Dragapult, M|100\/100\n|turn|5\n|\n|t:|1699932946\n|switch|p2a: Manaphy|Manaphy|100\/100\n|move|p1a: Pew Pew|Shadow Ball|p2a: Manaphy\n|-damage|p2a: Manaphy|47\/100\n|-damage|p1a: Pew Pew|91\/100|[from] item: Life Orb\n|\n|-heal|p2a: Manaphy|53\/100|[from] item: Leftovers\n|upkeep\n|turn|6\n|\n|t:|1699932952\n|move|p1a: Pew Pew|Draco Meteor|p2a: Manaphy\n|-damage|p2a: Manaphy|0 fnt\n|-unboost|p1a: Pew Pew|spa|2\n|faint|p2a: Manaphy\n|-damage|p1a: Pew Pew|81\/100|[from] item: Life Orb\n|\n|upkeep\n|\n|t:|1699932958\n|switch|p2a: Great Tusk|Great Tusk|100\/100\n|turn|7\n|\n|t:|1699932962\n|move|p1a: Pew Pew|Will-O-Wisp|p2a: Great Tusk\n|-status|p2a: Great Tusk|brn\n|move|p2a: Great Tusk|Knock Off|p1a: Pew Pew\n|-supereffective|p1a: Pew Pew\n|-damage|p1a: Pew Pew|35\/100\n|-enditem|p1a: Pew Pew|Life Orb|[from] move: Knock Off|[of] p2a: Great Tusk\n|\n|-damage|p2a: Great Tusk|94\/100 brn|[from] brn\n|upkeep\n|turn|8\n|\n|t:|1699932968\n|move|p1a: Pew Pew|Draco Meteor|p2a: Great Tusk\n|-damage|p2a: Great Tusk|43\/100 brn\n|-unboost|p1a: Pew Pew|spa|2\n|move|p2a: Great Tusk|Knock Off|p1a: Pew Pew\n|-supereffective|p1a: Pew Pew\n|-damage|p1a: Pew Pew|5\/100\n|\n|-damage|p2a: Great Tusk|36\/100 brn|[from] brn\n|upkeep\n|turn|9\n|\n|t:|1699932974\n|move|p1a: Pew Pew|Draco Meteor|p2a: Great Tusk\n|-damage|p2a: Great Tusk|6\/100 brn\n|-unboost|p1a: Pew Pew|spa|2\n|move|p2a: Great Tusk|Knock Off|p1a: Pew Pew\n|-supereffective|p1a: Pew Pew\n|-damage|p1a: Pew Pew|0 fnt\n|faint|p1a: Pew Pew\n|\n|-damage|p2a: Great Tusk|0 fnt|[from] brn\n|faint|p2a: Great Tusk\n|-end|p2a: Great Tusk|Protosynthesis|[silent]\n|upkeep\n|\n|t:|1699932990\n|switch|p1a: Scared of Heatran|Iron Moth|100\/100\n|switch|p2a: Ribombee|Ribombee, F|25\/100\n|-enditem|p1a: Scared of Heatran|Booster Energy\n|-activate|p1a: Scared of Heatran|ability: Quark Drive|[fromitem]\n|-start|p1a: Scared of Heatran|quarkdrivespe\n|turn|10\n|\n|t:|1699932997\n|move|p1a: Scared of Heatran|Fiery Dance|p2a: Ribombee\n|-supereffective|p2a: Ribombee\n|-damage|p2a: Ribombee|0 fnt\n|-boost|p1a: Scared of Heatran|spa|1\n|faint|p2a: Ribombee\n|\n|upkeep\n|\n|t:|1699933026\n|switch|p2a: Garchomp|Garchomp, F|100\/100\n|turn|11\n|inactive|dragon2222 has 120 seconds left.\n|\n|t:|1699933046\n|-terastallize|p2a: Garchomp|Fairy\n|move|p1a: Scared of Heatran|Fiery Dance|p2a: Garchomp\n|-damage|p2a: Garchomp|31\/100\n|-boost|p1a: Scared of Heatran|spa|1\n|move|p2a: Garchomp|Earthquake|p1a: Scared of Heatran\n|-supereffective|p1a: Scared of Heatran\n|-damage|p1a: Scared of Heatran|0 fnt\n|faint|p1a: Scared of Heatran\n|-end|p1a: Scared of Heatran|Quark Drive|[silent]\n|\n|upkeep\n|\n|t:|1699933054\n|switch|p1a: Gliscor 2|Landorus-Therian, M|100\/100\n|-ability|p1a: Gliscor 2|Intimidate|boost\n|-unboost|p2a: Garchomp|atk|1\n|turn|12\n|inactive|dragon2222 has 120 seconds left.\n|\n|t:|1699933070\n|move|p2a: Garchomp|Scale Shot|p1a: Gliscor 2\n|-damage|p1a: Gliscor 2|90\/100\n|-damage|p1a: Gliscor 2|79\/100\n|-damage|p1a: Gliscor 2|69\/100\n|-damage|p1a: Gliscor 2|58\/100\n|-hitcount|p1a: Gliscor 2|4\n|-unboost|p2a: Garchomp|def|1\n|-boost|p2a: Garchomp|spe|1\n|move|p1a: Gliscor 2|Earthquake|p2a: Garchomp\n|-damage|p2a: Garchomp|0 fnt\n|faint|p2a: Garchomp\n|\n|-heal|p1a: Gliscor 2|64\/100|[from] item: Leftovers\n|upkeep\n|\n|t:|1699933081\n|switch|p2a: Iron Moth|Iron Moth|100\/100\n|-enditem|p2a: Iron Moth|Booster Energy\n|-activate|p2a: Iron Moth|ability: Quark Drive|[fromitem]\n|-start|p2a: Iron Moth|quarkdrivespa\n|turn|13\n|\n|t:|1699933085\n|move|p2a: Iron Moth|Psychic|p1a: Gliscor 2\n|-damage|p1a: Gliscor 2|4\/100\n|move|p1a: Gliscor 2|Earthquake|p2a: Iron Moth\n|-supereffective|p2a: Iron Moth\n|-damage|p2a: Iron Moth|0 fnt\n|faint|p2a: Iron Moth\n|-end|p2a: Iron Moth|Quark Drive|[silent]\n|\n|-heal|p1a: Gliscor 2|10\/100|[from] item: Leftovers\n|upkeep\n|\n|t:|1699933087\n|switch|p2a: Gholdengo|Gholdengo|100\/100\n|-item|p2a: Gholdengo|Air Balloon\n|turn|14\n|\n|t:|1699933090\n|move|p1a: Gliscor 2|Smack Down|p2a: Gholdengo\n|-resisted|p2a: Gholdengo\n|-damage|p2a: Gholdengo|91\/100\n|-enditem|p2a: Gholdengo|Air Balloon\n|move|p2a: Gholdengo|Shadow Ball|p1a: Gliscor 2\n|-crit|p1a: Gliscor 2\n|-damage|p1a: Gliscor 2|0 fnt\n|faint|p1a: Gliscor 2\n|\n|upkeep\n|\n|t:|1699933094\n|switch|p1a: Balloon?|Heatran, F|100\/100\n|turn|15\n|\n|t:|1699933098\n|move|p2a: Gholdengo|Shadow Ball|p1a: Balloon?\n|-damage|p1a: Balloon?|67\/100\n|move|p1a: Balloon?|Earth Power|p2a: Gholdengo\n|-supereffective|p2a: Gholdengo\n|-damage|p2a: Gholdengo|24\/100\n|\n|-heal|p1a: Balloon?|73\/100|[from] item: Leftovers\n|upkeep\n|turn|16\n|\n|t:|1699933100\n|move|p2a: Gholdengo|Focus Blast|p1a: Balloon?\n|-supereffective|p1a: Balloon?\n|-damage|p1a: Balloon?|1\/100\n|move|p1a: Balloon?|Earth Power|p2a: Gholdengo\n|-supereffective|p2a: Gholdengo\n|-damage|p2a: Gholdengo|0 fnt\n|faint|p2a: Gholdengo\n|\n|win|Tokumaru\n|raw|Tokumaru's rating: 1385 &rarr; <strong>1410<\/strong><br \/>(+25 for winning)\n|raw|dragon2222's rating: 1475 &rarr; <strong>1450<\/strong><br \/>(-25 for losing)\n|c|\u2606Tokumaru|gg\n|l|\u2606dragon2222\n","uploadtime":1699933111,"views":17,"p1id":"tokumaru","p2id":"dragon2222","formatid":"gen9ou","rating":1410,"private":0,"password":""}