{"id":"gen9ou-1988874971","p1":"lupiit","p2":"Smackey_5","format":"[Gen 9] OU","log":"|j|\u2606lupiit\n|j|\u2606Smackey_5\n|t:|1699778820\n|gametype|singles\n|player|p1|lupiit|170|1314\n|player|p2|Smackey_5|silver|1308\n|teamsize|p1|6\n|teamsize|p2|6\n|gen|9\n|tier|[Gen 9] OU\n|rated|\n|rule|Sleep Clause Mod: Limit one foe put to sleep\n|rule|Species Clause: Limit one of each Pok\u00e9mon\n|rule|OHKO Clause: OHKO moves are banned\n|rule|Evasion Items Clause: Evasion items are banned\n|rule|Evasion Moves Clause: Evasion moves are banned\n|rule|Endless Battle Clause: Forcing endless battles is banned\n|rule|HP Percentage Mod: HP is shown in percentages\n|clearpoke\n|poke|p1|Hoopa-Unbound|\n|poke|p1|Ditto|\n|poke|p1|Toxapex, M|\n|poke|p1|Toxtricity, M|\n|poke|p1|Gardevoir, F|\n|poke|p1|Hatterene, F|\n|poke|p2|Kingambit, M|\n|poke|p2|Torkoal, F|\n|poke|p2|Iron Moth|\n|poke|p2|Walking Wake|\n|poke|p2|Great Tusk|\n|poke|p2|Zapdos|\n|teampreview\n|inactive|Battle timer is ON: inactive players will automatically lose when time's up. (requested by lupiit)\n|\n|t:|1699778827\n|start\n|switch|p1a: Toxtricity|Toxtricity, M|100\/100\n|switch|p2a: Torkoal|Torkoal, F|100\/100\n|-weather|SunnyDay|[from] ability: Drought|[of] p2a: Torkoal\n|turn|1\n|\n|t:|1699778841\n|switch|p2a: Great Tusk|Great Tusk|100\/100\n|-activate|p2a: Great Tusk|ability: Protosynthesis\n|-start|p2a: Great Tusk|protosynthesisatk\n|move|p1a: Toxtricity|Boomburst|p2a: Great Tusk\n|-damage|p2a: Great Tusk|0 fnt\n|faint|p2a: Great Tusk\n|-end|p2a: Great Tusk|Protosynthesis|[silent]\n|\n|-weather|SunnyDay|[upkeep]\n|upkeep\n|\n|t:|1699778857\n|switch|p2a: Walking Wake|Walking Wake|100\/100\n|-activate|p2a: Walking Wake|ability: Protosynthesis\n|-start|p2a: Walking Wake|protosynthesisspe\n|turn|2\n|\n|t:|1699778870\n|switch|p1a: Toxapex|Toxapex, M|100\/100\n|move|p2a: Walking Wake|Dragon Pulse|p1a: Toxapex\n|-damage|p1a: Toxapex|45\/100\n|-enditem|p1a: Toxapex|Eject Button\n|inactive|lupiit has 120 seconds left.\n|\n|t:|1699778910\n|switch|p1a: Hoopa|Hoopa-Unbound|100\/100\n|\n|-weather|SunnyDay|[upkeep]\n|upkeep\n|turn|3\n|\n|t:|1699778916\n|move|p2a: Walking Wake|Dragon Pulse|p1a: Hoopa\n|-crit|p1a: Hoopa\n|-damage|p1a: Hoopa|18\/100\n|move|p1a: Hoopa|Hyperspace Fury|p2a: Walking Wake\n|-damage|p2a: Walking Wake|0 fnt\n|-unboost|p1a: Hoopa|def|1\n|faint|p2a: Walking Wake\n|-end|p2a: Walking Wake|Protosynthesis|[silent]\n|\n|-weather|SunnyDay|[upkeep]\n|upkeep\n|\n|t:|1699778928\n|switch|p2a: Iron Moth|Iron Moth|100\/100\n|-enditem|p2a: Iron Moth|Booster Energy\n|-activate|p2a: Iron Moth|ability: Quark Drive|[fromitem]\n|-start|p2a: Iron Moth|quarkdrivespe\n|turn|4\n|\n|t:|1699778934\n|switch|p1a: Toxapex|Toxapex, M|78\/100\n|move|p2a: Iron Moth|Fiery Dance|p1a: Toxapex\n|-resisted|p1a: Toxapex\n|-damage|p1a: Toxapex|54\/100\n|-boost|p2a: Iron Moth|spa|1\n|\n|-weather|SunnyDay|[upkeep]\n|upkeep\n|turn|5\n|\n|t:|1699778948\n|-terastallize|p2a: Iron Moth|Grass\n|move|p2a: Iron Moth|Substitute|p2a: Iron Moth\n|-start|p2a: Iron Moth|Substitute\n|-damage|p2a: Iron Moth|76\/100\n|move|p1a: Toxapex|Liquidation|p2a: Iron Moth\n|-resisted|p2a: Iron Moth\n|-activate|p2a: Iron Moth|move: Substitute|[damage]\n|\n|-weather|SunnyDay|[upkeep]\n|upkeep\n|turn|6\n|\n|t:|1699778958\n|move|p2a: Iron Moth|Fiery Dance|p1a: Toxapex\n|-resisted|p1a: Toxapex\n|-damage|p1a: Toxapex|18\/100\n|-boost|p2a: Iron Moth|spa|1\n|move|p1a: Toxapex|Gunk Shot|p2a: Iron Moth\n|-supereffective|p2a: Iron Moth\n|-end|p2a: Iron Moth|Substitute\n|\n|-weather|SunnyDay|[upkeep]\n|upkeep\n|turn|7\n|c|\u2606lupiit|zzzzzzzz\n|\n|t:|1699778969\n|move|p2a: Iron Moth|Fiery Dance|p1a: Toxapex\n|-resisted|p1a: Toxapex\n|-damage|p1a: Toxapex|0 fnt\n|faint|p1a: Toxapex\n|\n|-weather|SunnyDay|[upkeep]\n|upkeep\n|\n|t:|1699778984\n|switch|p1a: Gardevoir|Gardevoir, F|100\/100\n|turn|8\n|\n|t:|1699779001\n|switch|p1a: Hatterene|Hatterene, F|100\/100\n|move|p2a: Iron Moth|Substitute|p2a: Iron Moth\n|-start|p2a: Iron Moth|Substitute\n|-damage|p2a: Iron Moth|51\/100\n|\n|-weather|none\n|upkeep\n|turn|9\n|c|\u2606Smackey_5|go to sleep then\n|\n|t:|1699779015\n|-terastallize|p1a: Hatterene|Steel\n|move|p2a: Iron Moth|Sludge Wave|p1a: Hatterene\n|-immune|p1a: Hatterene\n|move|p1a: Hatterene|Psychic|p2a: Iron Moth\n|-end|p2a: Iron Moth|Substitute\n|\n|upkeep\n|turn|10\n|\n|t:|1699779020\n|move|p2a: Iron Moth|Fiery Dance|p1a: Hatterene\n|-supereffective|p1a: Hatterene\n|-damage|p1a: Hatterene|0 fnt\n|faint|p1a: Hatterene\n|\n|upkeep\n|c|\u2606lupiit|ur so fucking shit\n|n|\u203dlupiit|lupiit\n|c|&|\/log lupiit was locked from talking by Artemis for a week. (\u2606lupiit: ur so fucking shit)\n|c|&|\/raw <small>This action was done automatically. Want to learn more about the AI? <a href=\"https:\/\/www.smogon.com\/forums\/threads\/3570628\/#post-9056769\">Visit the information thread<\/a>.<\/small>\n|\n|t:|1699779026\n|switch|p1a: Ditto|Ditto|100\/100\n|-transform|p1a: Ditto|p2a: Iron Moth|[from] ability: Imposter\n|-start|p1a: Ditto|typechange|Fire\/Poison|[silent]\n|turn|11\n|\n|t:|1699779052\n|-end|p2a: Iron Moth|Quark Drive|[silent]\n|switch|p2a: Torkoal|Torkoal, F|100\/100\n|-weather|SunnyDay|[from] ability: Drought|[of] p2a: Torkoal\n|move|p1a: Ditto|Fiery Dance|p2a: Torkoal\n|-resisted|p2a: Torkoal\n|-damage|p2a: Torkoal|17\/100\n|\n|-weather|SunnyDay|[upkeep]\n|upkeep\n|turn|12\n|\n|t:|1699779060\n|move|p1a: Ditto|Fiery Dance|p2a: Torkoal\n|-resisted|p2a: Torkoal\n|-damage|p2a: Torkoal|0 fnt\n|-boost|p1a: Ditto|spa|1\n|faint|p2a: Torkoal\n|\n|-weather|SunnyDay|[upkeep]\n|upkeep\n|\n|t:|1699779069\n|switch|p2a: Zapdos|Zapdos|100\/100\n|turn|13\n|\n|t:|1699779075\n|move|p1a: Ditto|Fiery Dance|p2a: Zapdos\n|-damage|p2a: Zapdos|0 fnt\n|faint|p2a: Zapdos\n|\n|-weather|SunnyDay|[upkeep]\n|upkeep\n|\n|t:|1699779080\n|switch|p2a: Kingambit|Kingambit, M|100\/100\n|-activate|p2a: Kingambit|ability: Supreme Overlord\n|-start|p2a: Kingambit|fallen4|[silent]\n|turn|14\n|\n|t:|1699779100\n|-end|p1a: Ditto|Quark Drive|[silent]\n|switch|p1a: Toxtricity|Toxtricity, M|100\/100\n|move|p2a: Kingambit|Sucker Punch||[still]\n|-fail|p2a: Kingambit\n|\n|-weather|SunnyDay|[upkeep]\n|upkeep\n|turn|15\n|\n|t:|1699779106\n|switch|p1a: Hoopa|Hoopa-Unbound|18\/100\n|move|p2a: Kingambit|Swords Dance|p2a: Kingambit\n|-boost|p2a: Kingambit|atk|2\n|\n|-weather|SunnyDay|[upkeep]\n|upkeep\n|turn|16\n|\n|t:|1699779120\n|move|p2a: Kingambit|Sucker Punch||[still]\n|-fail|p2a: Kingambit\n|move|p1a: Hoopa|Trick|p2a: Kingambit\n|-activate|p1a: Hoopa|move: Trick|[of] p2a: Kingambit\n|-item|p2a: Kingambit|Choice Band|[from] move: Trick\n|-item|p1a: Hoopa|Leftovers|[from] move: Trick\n|\n|-weather|SunnyDay|[upkeep]\n|-heal|p1a: Hoopa|24\/100|[from] item: Leftovers\n|upkeep\n|turn|17\n|\n|t:|1699779133\n|move|p1a: Hoopa|Fire Punch|p2a: Kingambit\n|-supereffective|p2a: Kingambit\n|-crit|p2a: Kingambit\n|-damage|p2a: Kingambit|0 fnt\n|faint|p2a: Kingambit\n|-end|p2a: Kingambit|fallen4|[silent]\n|\n|-weather|SunnyDay|[upkeep]\n|-heal|p1a: Hoopa|30\/100|[from] item: Leftovers\n|upkeep\n|\n|t:|1699779139\n|switch|p2a: Iron Moth|Iron Moth, tera:Grass|51\/100\n|turn|18\n|\n|t:|1699779144\n|move|p2a: Iron Moth|Fiery Dance|p1a: Hoopa\n|-damage|p1a: Hoopa|0 fnt\n|-boost|p2a: Iron Moth|spa|1\n|faint|p1a: Hoopa\n|\n|-weather|none\n|upkeep\n|\n|t:|1699779148\n|switch|p1a: Toxtricity|Toxtricity, M|100\/100\n|turn|19\n|\n|t:|1699779155\n|move|p2a: Iron Moth|Fiery Dance|p1a: Toxtricity\n|-damage|p1a: Toxtricity|3\/100\n|-boost|p2a: Iron Moth|spa|1\n|move|p1a: Toxtricity|Sludge Bomb|p2a: Iron Moth\n|-supereffective|p2a: Iron Moth\n|-damage|p2a: Iron Moth|0 fnt\n|faint|p2a: Iron Moth\n|-end|p2a: Iron Moth|Quark Drive|[silent]\n|\n|win|lupiit\n|raw|lupiit's rating: 1314 &rarr; <strong>1334<\/strong><br \/>(+20 for winning)\n|raw|Smackey_5's rating: 1308 &rarr; <strong>1288<\/strong><br \/>(-20 for losing)\n","uploadtime":1699779025,"views":9,"p1id":"lupiit","p2id":"smackey5","formatid":"gen9ou","rating":1288,"private":0,"password":""}