{"id":"gen9ou-1995745445","p1":"Salsicha_agiota","p2":"Bidoof619","format":"[Gen 9] OU","log":"|j|\u2606Salsicha_agiota\n|j|\u2606Bidoof619\n|t:|1700599218\n|gametype|singles\n|player|p1|Salsicha_agiota|alder|1409\n|player|p2|Bidoof619|gentleman-gen4dp|1369\n|teamsize|p1|6\n|teamsize|p2|6\n|gen|9\n|tier|[Gen 9] OU\n|rated|\n|rule|Sleep Clause Mod: Limit one foe put to sleep\n|rule|Species Clause: Limit one of each Pok\u00e9mon\n|rule|OHKO Clause: OHKO moves are banned\n|rule|Evasion Items Clause: Evasion items are banned\n|rule|Evasion Moves Clause: Evasion moves are banned\n|rule|Endless Battle Clause: Forcing endless battles is banned\n|rule|HP Percentage Mod: HP is shown in percentages\n|clearpoke\n|poke|p1|Zoroark-Hisui, M|\n|poke|p1|Kingambit, M|\n|poke|p1|Great Tusk|\n|poke|p1|Slowking, F|\n|poke|p1|Iron Valiant|\n|poke|p1|Dragonite, F|\n|poke|p2|Ogerpon-Wellspring, F|\n|poke|p2|Dragapult, M|\n|poke|p2|Hatterene, F|\n|poke|p2|Zapdos|\n|poke|p2|Great Tusk|\n|poke|p2|Kingambit, M|\n|teampreview\n|\n|t:|1700599247\n|start\n|switch|p1a: Kingambit|Kingambit, M|100\/100\n|switch|p2a: Dragapult|Dragapult, M|100\/100\n|turn|1\n|\n|t:|1700599258\n|move|p2a: Dragapult|U-turn|p1a: Kingambit\n|-resisted|p1a: Kingambit\n|-damage|p1a: Kingambit|82\/100\n|replace|p1a: Zoroark|Zoroark-Hisui, M\n|-end|p1a: Zoroark|Illusion\n|\n|t:|1700599268\n|switch|p2a: Kingambit|Kingambit, M|100\/100|[from] U-turn\n|move|p1a: Zoroark|Grass Knot|p2a: Kingambit\n|-resisted|p2a: Kingambit\n|-crit|p2a: Kingambit\n|-damage|p2a: Kingambit|67\/100\n|\n|-heal|p2a: Kingambit|73\/100|[from] item: Leftovers\n|upkeep\n|turn|2\n|\n|t:|1700599277\n|switch|p1a: Rhyan|Great Tusk|100\/100\n|move|p2a: Kingambit|Swords Dance|p2a: Kingambit\n|-boost|p2a: Kingambit|atk|2\n|\n|-heal|p2a: Kingambit|79\/100|[from] item: Leftovers\n|upkeep\n|turn|3\n|\n|t:|1700599285\n|-terastallize|p2a: Kingambit|Flying\n|move|p1a: Rhyan|Earthquake|p2a: Kingambit\n|-immune|p2a: Kingambit\n|move|p2a: Kingambit|Iron Head|p1a: Rhyan\n|-crit|p1a: Rhyan\n|-damage|p1a: Rhyan|32\/100\n|\n|-heal|p1a: Rhyan|39\/100|[from] item: Leftovers\n|-heal|p2a: Kingambit|85\/100|[from] item: Leftovers\n|upkeep\n|turn|4\n|\n|t:|1700599294\n|move|p1a: Rhyan|Stealth Rock|p2a: Kingambit\n|-sidestart|p2: Bidoof619|move: Stealth Rock\n|move|p2a: Kingambit|Swords Dance|p2a: Kingambit\n|-boost|p2a: Kingambit|atk|2\n|\n|-heal|p1a: Rhyan|45\/100|[from] item: Leftovers\n|-heal|p2a: Kingambit|92\/100|[from] item: Leftovers\n|upkeep\n|turn|5\n|\n|t:|1700599302\n|move|p1a: Rhyan|Knock Off|p2a: Kingambit\n|-damage|p2a: Kingambit|70\/100\n|-enditem|p2a: Kingambit|Leftovers|[from] move: Knock Off|[of] p1a: Rhyan\n|move|p2a: Kingambit|Iron Head|p1a: Rhyan\n|-crit|p1a: Rhyan\n|-damage|p1a: Rhyan|0 fnt\n|faint|p1a: Rhyan\n|-end|p1a: Rhyan|Protosynthesis|[silent]\n|\n|upkeep\n|\n|t:|1700599321\n|switch|p1a: Shenlong|Dragonite, F|100\/100\n|turn|6\n|\n|t:|1700599329\n|move|p1a: Shenlong|Dragon Dance|p1a: Shenlong\n|-boost|p1a: Shenlong|atk|1\n|-boost|p1a: Shenlong|spe|1\n|move|p2a: Kingambit|Iron Head|p1a: Shenlong\n|-damage|p1a: Shenlong|28\/100\n|\n|upkeep\n|turn|7\n|\n|t:|1700599335\n|-terastallize|p1a: Shenlong|Normal\n|move|p1a: Shenlong|Extreme Speed|p2a: Kingambit\n|-damage|p2a: Kingambit|20\/100\n|move|p2a: Kingambit|Sucker Punch||[still]\n|-fail|p2a: Kingambit\n|\n|upkeep\n|turn|8\n|\n|t:|1700599344\n|-end|p2a: Kingambit|fallenundefined|[silent]\n|switch|p2a: Dragapult|Dragapult, M|100\/100\n|-damage|p2a: Dragapult|88\/100|[from] Stealth Rock\n|move|p1a: Shenlong|Extreme Speed|p2a: Dragapult\n|-immune|p2a: Dragapult\n|\n|upkeep\n|turn|9\n|\n|t:|1700599355\n|switch|p1a: Iron Valiant|Iron Valiant|100\/100\n|move|p2a: Dragapult|Draco Meteor|p1a: Iron Valiant\n|-immune|p1a: Iron Valiant\n|\n|upkeep\n|turn|10\n|\n|t:|1700599363\n|switch|p2a: Hatterene|Hatterene, F|100\/100\n|-damage|p2a: Hatterene|88\/100|[from] Stealth Rock\n|move|p1a: Iron Valiant|Moonblast|p2a: Hatterene\n|-damage|p2a: Hatterene|47\/100\n|\n|-heal|p2a: Hatterene|53\/100|[from] item: Leftovers\n|upkeep\n|turn|11\n|\n|t:|1700599372\n|-end|p1a: Iron Valiant|Quark Drive|[silent]\n|switch|p1a: Kingambit|Kingambit, M|82\/100\n|move|p2a: Hatterene|Draining Kiss|p1a: Kingambit\n|-damage|p1a: Kingambit|38\/100\n|-heal|p2a: Hatterene|79\/100|[from] drain|[of] p1a: Kingambit\n|replace|p1a: Zoroark|Zoroark-Hisui, M\n|-end|p1a: Zoroark|Illusion\n|\n|-heal|p2a: Hatterene|85\/100|[from] item: Leftovers\n|upkeep\n|turn|12\n|\n|t:|1700599390\n|move|p1a: Zoroark|Shadow Ball|p2a: Hatterene\n|-supereffective|p2a: Hatterene\n|-damage|p2a: Hatterene|0 fnt\n|faint|p2a: Hatterene\n|\n|upkeep\n|\n|t:|1700599394\n|switch|p2a: Dragapult|Dragapult, M|88\/100\n|-damage|p2a: Dragapult|76\/100|[from] Stealth Rock\n|turn|13\n|\n|t:|1700599401\n|switch|p1a: Iron Valiant|Iron Valiant|100\/100\n|move|p2a: Dragapult|Flamethrower|p1a: Iron Valiant\n|-damage|p1a: Iron Valiant|29\/100\n|-status|p1a: Iron Valiant|brn\n|\n|-damage|p1a: Iron Valiant|23\/100 brn|[from] brn\n|upkeep\n|turn|14\n|\n|t:|1700599409\n|move|p1a: Iron Valiant|Moonblast|p2a: Dragapult\n|-supereffective|p2a: Dragapult\n|-crit|p2a: Dragapult\n|-damage|p2a: Dragapult|0 fnt\n|faint|p2a: Dragapult\n|\n|-damage|p1a: Iron Valiant|17\/100 brn|[from] brn\n|upkeep\n|\n|t:|1700599420\n|switch|p2a: Ogerpon|Ogerpon-Wellspring, F|100\/100\n|-damage|p2a: Ogerpon|88\/100|[from] Stealth Rock\n|turn|15\n|\n|t:|1700599435\n|move|p1a: Iron Valiant|Moonblast|p2a: Ogerpon\n|-damage|p2a: Ogerpon|37\/100\n|move|p2a: Ogerpon|Ivy Cudgel|p1a: Iron Valiant|[anim] Ivy Cudgel Water\n|-damage|p1a: Iron Valiant|0 fnt\n|faint|p1a: Iron Valiant\n|-end|p1a: Iron Valiant|Quark Drive|[silent]\n|\n|upkeep\n|\n|t:|1700599447\n|switch|p1a: Shenlong|Dragonite, F, tera:Normal|28\/100\n|turn|16\n|\n|t:|1700599452\n|move|p1a: Shenlong|Extreme Speed|p2a: Ogerpon\n|-damage|p2a: Ogerpon|0 fnt\n|faint|p2a: Ogerpon\n|\n|upkeep\n|\n|t:|1700599459\n|switch|p2a: Great Tusk|Great Tusk|100\/100\n|-damage|p2a: Great Tusk|98\/100|[from] Stealth Rock\n|turn|17\n|\n|t:|1700599465\n|move|p2a: Great Tusk|Knock Off|p1a: Shenlong\n|-damage|p1a: Shenlong|0 fnt\n|-enditem|p1a: Shenlong|Heavy-Duty Boots|[from] move: Knock Off|[of] p2a: Great Tusk\n|faint|p1a: Shenlong\n|\n|-heal|p2a: Great Tusk|100\/100|[from] item: Leftovers\n|upkeep\n|\n|t:|1700599472\n|switch|p1a: Kingambit|Kingambit, M|38\/100\n|turn|18\n|\n|t:|1700599485\n|move|p1a: Kingambit|Grass Knot|p2a: Great Tusk\n|-supereffective|p2a: Great Tusk\n|-damage|p2a: Great Tusk|0 fnt\n|faint|p2a: Great Tusk\n|-end|p2a: Great Tusk|Protosynthesis|[silent]\n|\n|upkeep\n|\n|t:|1700599489\n|switch|p2a: Zapdos|Zapdos|100\/100\n|turn|19\n|\n|t:|1700599495\n|switch|p1a: Slowking|Slowking, F|100\/100\n|move|p2a: Zapdos|Thunderbolt|p1a: Slowking\n|-supereffective|p1a: Slowking\n|-damage|p1a: Slowking|55\/100\n|\n|upkeep\n|turn|20\n|\n|t:|1700599500\n|move|p2a: Zapdos|Thunderbolt|p1a: Slowking\n|-supereffective|p1a: Slowking\n|-damage|p1a: Slowking|13\/100\n|move|p1a: Slowking|Slack Off|p1a: Slowking\n|-heal|p1a: Slowking|63\/100\n|\n|upkeep\n|turn|21\n|\n|t:|1700599506\n|move|p2a: Zapdos|Thunderbolt|p1a: Slowking\n|-supereffective|p1a: Slowking\n|-damage|p1a: Slowking|17\/100\n|move|p1a: Slowking|Chilly Reception|p1a: Slowking\n|-weather|Snow\n|\n|t:|1700599515\n|switch|p1a: Kingambit|Kingambit, M|100\/100|[from] Chilly Reception\n|-activate|p1a: Kingambit|ability: Supreme Overlord\n|-start|p1a: Kingambit|fallen3|[silent]\n|\n|-weather|Snow|[upkeep]\n|upkeep\n|turn|22\n|\n|t:|1700599528\n|move|p2a: Zapdos|Thunderbolt|p1a: Kingambit\n|-damage|p1a: Kingambit|60\/100\n|move|p1a: Kingambit|Swords Dance|p1a: Kingambit\n|-boost|p1a: Kingambit|atk|2\n|\n|-weather|Snow|[upkeep]\n|-heal|p1a: Kingambit|66\/100|[from] item: Leftovers\n|upkeep\n|turn|23\n|\n|t:|1700599535\n|move|p1a: Kingambit|Sucker Punch|p2a: Zapdos\n|-damage|p2a: Zapdos|0 fnt\n|-status|p1a: Kingambit|par|[from] ability: Static|[of] p2a: Zapdos\n|faint|p2a: Zapdos\n|\n|-weather|Snow|[upkeep]\n|-heal|p1a: Kingambit|73\/100 par|[from] item: Leftovers\n|upkeep\n|\n|t:|1700599541\n|switch|p2a: Kingambit|Kingambit, M, tera:Flying|20\/100\n|-damage|p2a: Kingambit|0 fnt|[from] Stealth Rock\n|faint|p2a: Kingambit\n|-end|p2a: Kingambit|fallenundefined|[silent]\n|\n|win|Salsicha_agiota\n|raw|Salsicha_agiota's rating: 1409 &rarr; <strong>1427<\/strong><br \/>(+18 for winning)\n|raw|Bidoof619's rating: 1369 &rarr; <strong>1351<\/strong><br \/>(-18 for losing)\n|l|\u2606Bidoof619\n","uploadtime":1700599576,"views":10,"p1id":"salsichaagiota","p2id":"bidoof619","formatid":"gen9ou","rating":1351,"private":0,"password":""}