{"id":"gen9ou-1995190359","p1":"Outdated AHH Team","p2":"Trivago77","format":"[Gen 9] OU","log":"|j|\u2606Outdated AHH Team\n|j|\u2606Trivago77\n|t:|1700532723\n|gametype|singles\n|player|p1|Outdated AHH Team|bruno-gen2|1601\n|player|p2|Trivago77|2|1701\n|teamsize|p1|6\n|teamsize|p2|6\n|gen|9\n|tier|[Gen 9] OU\n|rated|\n|rule|Sleep Clause Mod: Limit one foe put to sleep\n|rule|Species Clause: Limit one of each Pok\u00e9mon\n|rule|OHKO Clause: OHKO moves are banned\n|rule|Evasion Items Clause: Evasion items are banned\n|rule|Evasion Moves Clause: Evasion moves are banned\n|rule|Endless Battle Clause: Forcing endless battles is banned\n|rule|HP Percentage Mod: HP is shown in percentages\n|clearpoke\n|poke|p1|Kingambit, M|\n|poke|p1|Ogerpon-Wellspring, F|\n|poke|p1|Hoopa-Unbound|\n|poke|p1|Iron Valiant|\n|poke|p1|Arcanine-Hisui, F|\n|poke|p1|Great Tusk|\n|poke|p2|Empoleon, F|\n|poke|p2|Garchomp, F|\n|poke|p2|Iron Moth|\n|poke|p2|Ninetales-Alola, M|\n|poke|p2|Breloom, F|\n|poke|p2|Scizor, M|\n|teampreview\n|inactive|Battle timer is ON: inactive players will automatically lose when time's up. (requested by Trivago77)\n|inactive|Outdated AHH Team also wants the timer to be on.\n|\n|t:|1700532727\n|start\n|switch|p1a: Alisa Bosconovitch|Iron Valiant|100\/100\n|switch|p2a: Empoleon|Empoleon, F, shiny|100\/100\n|turn|1\n|\n|t:|1700532731\n|move|p1a: Alisa Bosconovitch|Taunt|p2a: Empoleon\n|-start|p2a: Empoleon|move: Taunt\n|move|p2a: Empoleon|Flash Cannon|p1a: Alisa Bosconovitch\n|-supereffective|p1a: Alisa Bosconovitch\n|-enditem|p1a: Alisa Bosconovitch|Focus Sash\n|-damage|p1a: Alisa Bosconovitch|1\/100\n|-unboost|p1a: Alisa Bosconovitch|spd|1\n|\n|upkeep\n|turn|2\n|\n|t:|1700532741\n|switch|p2a: Garchomp|Garchomp, F, shiny|100\/100\n|move|p1a: Alisa Bosconovitch|Destiny Bond|p1a: Alisa Bosconovitch\n|-singlemove|p1a: Alisa Bosconovitch|Destiny Bond\n|\n|upkeep\n|turn|3\n|\n|t:|1700532749\n|move|p1a: Alisa Bosconovitch|Moonblast|p2a: Garchomp\n|-supereffective|p2a: Garchomp\n|-damage|p2a: Garchomp|0 fnt\n|faint|p2a: Garchomp\n|\n|upkeep\n|\n|t:|1700532767\n|switch|p2a: Breloom|Breloom, F, shiny|100\/100\n|turn|4\n|\n|t:|1700532786\n|-terastallize|p1a: Alisa Bosconovitch|Ghost\n|move|p2a: Breloom|Mach Punch|p1a: Alisa Bosconovitch\n|-immune|p1a: Alisa Bosconovitch\n|move|p1a: Alisa Bosconovitch|Moonblast|p2a: Breloom\n|-supereffective|p2a: Breloom\n|-enditem|p2a: Breloom|Focus Sash\n|-damage|p2a: Breloom|1\/100\n|\n|upkeep\n|turn|5\n|\n|t:|1700532791\n|move|p1a: Alisa Bosconovitch|Moonblast|p2a: Breloom\n|-supereffective|p2a: Breloom\n|-damage|p2a: Breloom|0 fnt\n|faint|p2a: Breloom\n|\n|upkeep\n|\n|t:|1700532793\n|switch|p2a: Iron Moth|Iron Moth, shiny|100\/100\n|-enditem|p2a: Iron Moth|Booster Energy\n|-activate|p2a: Iron Moth|ability: Quark Drive|[fromitem]\n|-start|p2a: Iron Moth|quarkdrivespa\n|turn|6\n|\n|t:|1700532800\n|-end|p2a: Iron Moth|Quark Drive|[silent]\n|switch|p2a: Scizor|Scizor, M, shiny|100\/100\n|move|p1a: Alisa Bosconovitch|Destiny Bond|p1a: Alisa Bosconovitch\n|-singlemove|p1a: Alisa Bosconovitch|Destiny Bond\n|\n|upkeep\n|turn|7\n|\n|t:|1700532803\n|-end|p1a: Alisa Bosconovitch|Quark Drive|[silent]\n|switch|p1a: Tuskuthy the Great|Great Tusk|100\/100\n|move|p2a: Scizor|Swords Dance|p2a: Scizor\n|-boost|p2a: Scizor|atk|2\n|\n|upkeep\n|turn|8\n|\n|t:|1700532809\n|move|p1a: Tuskuthy the Great|Knock Off|p2a: Scizor\n|-damage|p2a: Scizor|68\/100\n|-enditem|p2a: Scizor|Focus Sash|[from] move: Knock Off|[of] p1a: Tuskuthy the Great\n|move|p2a: Scizor|Dual Wingbeat|p1a: Tuskuthy the Great\n|-supereffective|p1a: Tuskuthy the Great\n|-damage|p1a: Tuskuthy the Great|33\/100\n|-supereffective|p1a: Tuskuthy the Great\n|-damage|p1a: Tuskuthy the Great|0 fnt\n|faint|p1a: Tuskuthy the Great\n|-end|p1a: Tuskuthy the Great|Protosynthesis|[silent]\n|-hitcount|p1: Tuskuthy the Great|2\n|\n|upkeep\n|c|\u2606Trivago77|I misclicked lol\n|\n|t:|1700532821\n|switch|p1a: Alpha \ud83d\udc15|Arcanine-Hisui, F|100\/100\n|turn|9\n|\n|t:|1700532824\n|move|p2a: Scizor|Bullet Punch|p1a: Alpha \ud83d\udc15\n|-damage|p1a: Alpha \ud83d\udc15|21\/100\n|move|p1a: Alpha \ud83d\udc15|Flare Blitz|p2a: Scizor\n|-supereffective|p2a: Scizor\n|-damage|p2a: Scizor|0 fnt\n|faint|p2a: Scizor\n|\n|upkeep\n|\n|t:|1700532834\n|switch|p2a: Iron Moth|Iron Moth, shiny|100\/100\n|turn|10\n|\n|t:|1700532841\n|switch|p1a: Ryomen Sukuna \u26e9\ufe0f|Hoopa-Unbound|100\/100\n|move|p2a: Iron Moth|Energy Ball|p1a: Ryomen Sukuna \u26e9\ufe0f\n|-damage|p1a: Ryomen Sukuna \u26e9\ufe0f|83\/100\n|\n|upkeep\n|turn|11\n|\n|t:|1700532849\n|move|p2a: Iron Moth|Dazzling Gleam|p1a: Ryomen Sukuna \u26e9\ufe0f\n|-supereffective|p1a: Ryomen Sukuna \u26e9\ufe0f\n|-damage|p1a: Ryomen Sukuna \u26e9\ufe0f|54\/100\n|move|p1a: Ryomen Sukuna \u26e9\ufe0f|Psychic|p2a: Iron Moth\n|-supereffective|p2a: Iron Moth\n|-damage|p2a: Iron Moth|0 fnt\n|faint|p2a: Iron Moth\n|-end|p2a: Iron Moth|Quark Drive|[silent]\n|\n|upkeep\n|\n|t:|1700532855\n|switch|p2a: Empoleon|Empoleon, F, shiny|100\/100\n|turn|12\n|\n|t:|1700532858\n|move|p1a: Ryomen Sukuna \u26e9\ufe0f|Drain Punch|p2a: Empoleon\n|-supereffective|p2a: Empoleon\n|-enditem|p2a: Empoleon|Chople Berry|[eat]\n|-enditem|p2a: Empoleon|Chople Berry|[weaken]\n|-damage|p2a: Empoleon|70\/100\n|-heal|p1a: Ryomen Sukuna \u26e9\ufe0f|69\/100|[from] drain|[of] p2a: Empoleon\n|move|p2a: Empoleon|Flash Cannon|p1a: Ryomen Sukuna \u26e9\ufe0f\n|-damage|p1a: Ryomen Sukuna \u26e9\ufe0f|49\/100\n|\n|upkeep\n|turn|13\n|\n|t:|1700532862\n|move|p1a: Ryomen Sukuna \u26e9\ufe0f|Drain Punch|p2a: Empoleon\n|-supereffective|p2a: Empoleon\n|-damage|p2a: Empoleon|6\/100\n|-heal|p1a: Ryomen Sukuna \u26e9\ufe0f|82\/100|[from] drain|[of] p2a: Empoleon\n|move|p2a: Empoleon|Flash Cannon|p1a: Ryomen Sukuna \u26e9\ufe0f\n|-damage|p1a: Ryomen Sukuna \u26e9\ufe0f|60\/100\n|\n|upkeep\n|turn|14\n|\n|t:|1700532865\n|move|p1a: Ryomen Sukuna \u26e9\ufe0f|Drain Punch|p2a: Empoleon\n|-supereffective|p2a: Empoleon\n|-damage|p2a: Empoleon|0 fnt\n|-heal|p1a: Ryomen Sukuna \u26e9\ufe0f|63\/100|[from] drain|[of] p2a: Empoleon\n|faint|p2a: Empoleon\n|\n|upkeep\n|\n|t:|1700532867\n|switch|p2a: Ninetales|Ninetales-Alola, M, shiny|100\/100\n|-weather|Snow|[from] ability: Snow Warning|[of] p2a: Ninetales\n|turn|15\n|\n|t:|1700532873\n|move|p2a: Ninetales|Aurora Veil|p2a: Ninetales\n|-sidestart|p2: Trivago77|move: Aurora Veil\n|move|p1a: Ryomen Sukuna \u26e9\ufe0f|Psychic|p2a: Ninetales\n|-damage|p2a: Ninetales|68\/100\n|\n|-weather|Snow|[upkeep]\n|upkeep\n|turn|16\n|\n|t:|1700532875\n|move|p2a: Ninetales|Moonblast|p1a: Ryomen Sukuna \u26e9\ufe0f\n|-supereffective|p1a: Ryomen Sukuna \u26e9\ufe0f\n|-damage|p1a: Ryomen Sukuna \u26e9\ufe0f|28\/100\n|move|p1a: Ryomen Sukuna \u26e9\ufe0f|Knock Off|p2a: Ninetales\n|-resisted|p2a: Ninetales\n|-crit|p2a: Ninetales\n|-damage|p2a: Ninetales|27\/100\n|-enditem|p2a: Ninetales|Light Clay|[from] move: Knock Off|[of] p1a: Ryomen Sukuna \u26e9\ufe0f\n|\n|-weather|Snow|[upkeep]\n|upkeep\n|turn|17\n|\n|t:|1700532881\n|move|p2a: Ninetales|Moonblast|p1a: Ryomen Sukuna \u26e9\ufe0f\n|-supereffective|p1a: Ryomen Sukuna \u26e9\ufe0f\n|-damage|p1a: Ryomen Sukuna \u26e9\ufe0f|0 fnt\n|faint|p1a: Ryomen Sukuna \u26e9\ufe0f\n|\n|-weather|Snow|[upkeep]\n|upkeep\n|\n|t:|1700532887\n|switch|p1a: Alisa Bosconovitch|Iron Valiant, tera:Ghost|1\/100\n|turn|18\n|\n|t:|1700532892\n|move|p1a: Alisa Bosconovitch|Destiny Bond|p1a: Alisa Bosconovitch\n|-singlemove|p1a: Alisa Bosconovitch|Destiny Bond\n|move|p2a: Ninetales|Freeze-Dry|p1a: Alisa Bosconovitch\n|-damage|p1a: Alisa Bosconovitch|0 fnt\n|faint|p1a: Alisa Bosconovitch\n|-activate|p1a: Alisa Bosconovitch|move: Destiny Bond\n|-end|p1a: Alisa Bosconovitch|Quark Drive|[silent]\n|faint|p2a: Ninetales\n|\n|win|Outdated AHH Team\n|raw|Outdated AHH Team's rating: 1601 &rarr; <strong>1627<\/strong><br \/>(+26 for winning)\n|raw|Trivago77's rating: 1701 &rarr; <strong>1675<\/strong><br \/>(-26 for losing)\n|l|\u2606Trivago77\n","uploadtime":1700532896,"views":5,"p1id":"outdatedahhteam","p2id":"trivago77","formatid":"gen9ou","rating":1627,"private":0,"password":""}