{"id":"gen9ou-1990715011","p1":"Dog mendigoso","p2":"wargle blargle","format":"[Gen 9] OU","log":"|j|\u2606Dog mendigoso\n|j|\u2606wargle blargle\n|t:|1699994197\n|gametype|singles\n|player|p1|Dog mendigoso|giovanni|1741\n|player|p2|wargle blargle|cynthia|1729\n|teamsize|p1|6\n|teamsize|p2|6\n|gen|9\n|tier|[Gen 9] OU\n|rated|\n|rule|Sleep Clause Mod: Limit one foe put to sleep\n|rule|Species Clause: Limit one of each Pok\u00e9mon\n|rule|OHKO Clause: OHKO moves are banned\n|rule|Evasion Items Clause: Evasion items are banned\n|rule|Evasion Moves Clause: Evasion moves are banned\n|rule|Endless Battle Clause: Forcing endless battles is banned\n|rule|HP Percentage Mod: HP is shown in percentages\n|clearpoke\n|poke|p1|Iron Valiant|\n|poke|p1|Dragonite, M|\n|poke|p1|Heatran, M|\n|poke|p1|Alomomola, M|\n|poke|p1|Zamazenta-*|\n|poke|p1|Corviknight, M|\n|poke|p2|Ogerpon-Wellspring, F|\n|poke|p2|Kingambit, M|\n|poke|p2|Great Tusk|\n|poke|p2|Gholdengo|\n|poke|p2|Ting-Lu|\n|poke|p2|Iron Valiant|\n|teampreview\n|inactive|Battle timer is ON: inactive players will automatically lose when time's up. (requested by wargle blargle)\n|inactive|Dog mendigoso also wants the timer to be on.\n|inactive|wargle blargle has 120 seconds left.\n|\n|t:|1699994232\n|start\n|switch|p1a: Iron Valiant|Iron Valiant|100\/100\n|switch|p2a: Ogerpon|Ogerpon-Wellspring, F|100\/100\n|turn|1\n|\n|t:|1699994253\n|switch|p2a: Gholdengo|Gholdengo|100\/100\n|move|p1a: Iron Valiant|Moonblast|p2a: Gholdengo\n|-resisted|p2a: Gholdengo\n|-damage|p2a: Gholdengo|65\/100\n|\n|-heal|p2a: Gholdengo|71\/100|[from] item: Leftovers\n|upkeep\n|turn|2\n|j| Ctannn\n|\n|t:|1699994260\n|-end|p1a: Iron Valiant|Quark Drive|[silent]\n|switch|p1a: Heatran|Heatran, M|100\/100\n|move|p2a: Gholdengo|Thunder Wave|p1a: Heatran\n|-status|p1a: Heatran|par\n|\n|-heal|p2a: Gholdengo|77\/100|[from] item: Leftovers\n|upkeep\n|turn|3\n|\n|t:|1699994266\n|switch|p2a: Ting-Lu|Ting-Lu|100\/100\n|-ability|p2a: Ting-Lu|Vessel of Ruin\n|move|p1a: Heatran|Stealth Rock|p2a: Ting-Lu\n|-sidestart|p2: wargle blargle|move: Stealth Rock\n|\n|upkeep\n|turn|4\n|\n|t:|1699994275\n|switch|p1a: Zamazenta|Zamazenta|100\/100\n|-ability|p1a: Zamazenta|Dauntless Shield|boost\n|-boost|p1a: Zamazenta|def|1\n|move|p2a: Ting-Lu|Spikes|p1a: Zamazenta\n|-sidestart|p1: Dog mendigoso|Spikes\n|\n|upkeep\n|turn|5\n|\n|t:|1699994289\n|move|p1a: Zamazenta|Body Press|p2a: Ting-Lu\n|-supereffective|p2a: Ting-Lu\n|-damage|p2a: Ting-Lu|54\/100\n|move|p2a: Ting-Lu|Whirlwind|p1a: Zamazenta\n|drag|p1a: Iron Valiant|Iron Valiant|100\/100\n|-damage|p1a: Iron Valiant|88\/100|[from] Spikes\n|\n|-heal|p2a: Ting-Lu|60\/100|[from] item: Leftovers\n|upkeep\n|turn|6\n|\n|t:|1699994294\n|move|p1a: Iron Valiant|Moonblast|p2a: Ting-Lu\n|-supereffective|p2a: Ting-Lu\n|-damage|p2a: Ting-Lu|6\/100\n|move|p2a: Ting-Lu|Stealth Rock|p1a: Iron Valiant\n|-sidestart|p1: Dog mendigoso|move: Stealth Rock\n|\n|-heal|p2a: Ting-Lu|12\/100|[from] item: Leftovers\n|upkeep\n|turn|7\n|\n|t:|1699994300\n|switch|p2a: Gholdengo|Gholdengo|77\/100\n|-damage|p2a: Gholdengo|71\/100|[from] Stealth Rock\n|move|p1a: Iron Valiant|Moonblast|p2a: Gholdengo\n|-resisted|p2a: Gholdengo\n|-damage|p2a: Gholdengo|37\/100\n|\n|-heal|p2a: Gholdengo|43\/100|[from] item: Leftovers\n|upkeep\n|turn|8\n|\n|t:|1699994307\n|-end|p1a: Iron Valiant|Quark Drive|[silent]\n|switch|p1a: Heatran|Heatran, M|100\/100 par\n|-damage|p1a: Heatran|88\/100 par|[from] Spikes\n|-damage|p1a: Heatran|76\/100 par|[from] Stealth Rock\n|move|p2a: Gholdengo|Recover|p2a: Gholdengo\n|-heal|p2a: Gholdengo|93\/100\n|\n|-heal|p2a: Gholdengo|99\/100|[from] item: Leftovers\n|-heal|p1a: Heatran|82\/100 par|[from] item: Leftovers\n|upkeep\n|turn|9\n|\n|t:|1699994315\n|switch|p2a: Ting-Lu|Ting-Lu|12\/100\n|-damage|p2a: Ting-Lu|6\/100|[from] Stealth Rock\n|-ability|p2a: Ting-Lu|Vessel of Ruin\n|move|p1a: Heatran|Magma Storm|p2a: Ting-Lu\n|-damage|p2a: Ting-Lu|0 fnt\n|faint|p2a: Ting-Lu\n|\n|-heal|p1a: Heatran|88\/100 par|[from] item: Leftovers\n|upkeep\n|\n|t:|1699994318\n|switch|p2a: Ogerpon|Ogerpon-Wellspring, F|100\/100\n|-damage|p2a: Ogerpon|88\/100|[from] Stealth Rock\n|turn|10\n|\n|t:|1699994332\n|switch|p1a: Alomomola|Alomomola, M|100\/100\n|-damage|p1a: Alomomola|88\/100|[from] Spikes\n|-damage|p1a: Alomomola|76\/100|[from] Stealth Rock\n|move|p2a: Ogerpon|Ivy Cudgel|p1a: Alomomola|[anim] Ivy Cudgel Water\n|-resisted|p1a: Alomomola\n|-damage|p1a: Alomomola|60\/100\n|-enditem|p1a: Alomomola|Red Card|[of] p2a: Ogerpon\n|drag|p2a: Kingambit|Kingambit, M|100\/100\n|-damage|p2a: Kingambit|94\/100|[from] Stealth Rock\n|-activate|p2a: Kingambit|ability: Supreme Overlord\n|-start|p2a: Kingambit|fallen1|[silent]\n|\n|-heal|p2a: Kingambit|100\/100|[from] item: Leftovers\n|upkeep\n|turn|11\n|j| Underfoot2\n|\n|t:|1699994338\n|move|p2a: Kingambit|Swords Dance|p2a: Kingambit\n|-boost|p2a: Kingambit|atk|2\n|move|p1a: Alomomola|Wish|p1a: Alomomola\n|\n|upkeep\n|turn|12\n|\n|t:|1699994345\n|move|p2a: Kingambit|Kowtow Cleave|p1a: Alomomola\n|-damage|p1a: Alomomola|2\/100\n|move|p1a: Alomomola|Flip Turn|p2a: Kingambit\n|-damage|p2a: Kingambit|89\/100\n|\n|t:|1699994349\n|switch|p1a: Zamazenta|Zamazenta|100\/100|[from] Flip Turn\n|-damage|p1a: Zamazenta|88\/100|[from] Spikes\n|-damage|p1a: Zamazenta|82\/100|[from] Stealth Rock\n|\n|-heal|p1a: Zamazenta|100\/100|[from] move: Wish|[wisher] Alomomola\n|-heal|p2a: Kingambit|95\/100|[from] item: Leftovers\n|upkeep\n|turn|13\n|\n|t:|1699994359\n|-end|p2a: Kingambit|fallen1|[silent]\n|switch|p2a: Great Tusk|Great Tusk|100\/100\n|-damage|p2a: Great Tusk|97\/100|[from] Stealth Rock\n|move|p1a: Zamazenta|Substitute|p1a: Zamazenta\n|-start|p1a: Zamazenta|Substitute\n|-damage|p1a: Zamazenta|76\/100\n|\n|-heal|p1a: Zamazenta|82\/100|[from] item: Leftovers\n|-heal|p2a: Great Tusk|100\/100|[from] item: Leftovers\n|upkeep\n|turn|14\n|\n|t:|1699994366\n|move|p1a: Zamazenta|Iron Defense|p1a: Zamazenta\n|-boost|p1a: Zamazenta|def|2\n|move|p2a: Great Tusk|Rapid Spin|p1a: Zamazenta\n|-activate|p1a: Zamazenta|move: Substitute|[damage]\n|-sideend|p2: wargle blargle|Stealth Rock|[from] move: Rapid Spin|[of] p2a: Great Tusk\n|-boost|p2a: Great Tusk|spe|1\n|\n|-heal|p1a: Zamazenta|88\/100|[from] item: Leftovers\n|upkeep\n|turn|15\n|\n|t:|1699994371\n|move|p1a: Zamazenta|Iron Defense|p1a: Zamazenta\n|-boost|p1a: Zamazenta|def|2\n|move|p2a: Great Tusk|Rapid Spin|p1a: Zamazenta\n|-activate|p1a: Zamazenta|move: Substitute|[damage]\n|-boost|p2a: Great Tusk|spe|1\n|\n|-heal|p1a: Zamazenta|94\/100|[from] item: Leftovers\n|upkeep\n|turn|16\n|\n|t:|1699994376\n|-end|p2a: Great Tusk|Protosynthesis|[silent]\n|switch|p2a: Gholdengo|Gholdengo|99\/100\n|move|p1a: Zamazenta|Iron Defense|p1a: Zamazenta\n|-boost|p1a: Zamazenta|def|2\n|\n|-heal|p1a: Zamazenta|100\/100|[from] item: Leftovers\n|-heal|p2a: Gholdengo|100\/100|[from] item: Leftovers\n|upkeep\n|turn|17\n|j| HotheadIsTheGoat\n|\n|t:|1699994380\n|move|p1a: Zamazenta|Crunch|p2a: Gholdengo\n|-supereffective|p2a: Gholdengo\n|-damage|p2a: Gholdengo|73\/100\n|move|p2a: Gholdengo|Hex|p1a: Zamazenta\n|-end|p1a: Zamazenta|Substitute\n|\n|-heal|p2a: Gholdengo|79\/100|[from] item: Leftovers\n|upkeep\n|turn|18\n|\n|t:|1699994387\n|move|p1a: Zamazenta|Substitute|p1a: Zamazenta\n|-start|p1a: Zamazenta|Substitute\n|-damage|p1a: Zamazenta|76\/100\n|move|p2a: Gholdengo|Hex|p1a: Zamazenta\n|-activate|p1a: Zamazenta|move: Substitute|[damage]\n|\n|-heal|p1a: Zamazenta|82\/100|[from] item: Leftovers\n|-heal|p2a: Gholdengo|85\/100|[from] item: Leftovers\n|upkeep\n|turn|19\n|\n|t:|1699994390\n|move|p1a: Zamazenta|Crunch|p2a: Gholdengo\n|-supereffective|p2a: Gholdengo\n|-damage|p2a: Gholdengo|57\/100\n|move|p2a: Gholdengo|Hex|p1a: Zamazenta\n|-end|p1a: Zamazenta|Substitute\n|\n|-heal|p1a: Zamazenta|88\/100|[from] item: Leftovers\n|-heal|p2a: Gholdengo|64\/100|[from] item: Leftovers\n|upkeep\n|turn|20\n|\n|t:|1699994397\n|move|p1a: Zamazenta|Substitute|p1a: Zamazenta\n|-start|p1a: Zamazenta|Substitute\n|-damage|p1a: Zamazenta|63\/100\n|move|p2a: Gholdengo|Hex|p1a: Zamazenta\n|-activate|p1a: Zamazenta|move: Substitute|[damage]\n|\n|-heal|p1a: Zamazenta|69\/100|[from] item: Leftovers\n|-heal|p2a: Gholdengo|70\/100|[from] item: Leftovers\n|upkeep\n|turn|21\n|\n|t:|1699994400\n|move|p1a: Zamazenta|Crunch|p2a: Gholdengo\n|-supereffective|p2a: Gholdengo\n|-damage|p2a: Gholdengo|38\/100\n|move|p2a: Gholdengo|Hex|p1a: Zamazenta\n|-end|p1a: Zamazenta|Substitute\n|\n|-heal|p1a: Zamazenta|76\/100|[from] item: Leftovers\n|-heal|p2a: Gholdengo|44\/100|[from] item: Leftovers\n|upkeep\n|turn|22\n|\n|t:|1699994407\n|switch|p2a: Iron Valiant|Iron Valiant|100\/100\n|move|p1a: Zamazenta|Substitute|p1a: Zamazenta\n|-start|p1a: Zamazenta|Substitute\n|-damage|p1a: Zamazenta|51\/100\n|\n|-heal|p1a: Zamazenta|57\/100|[from] item: Leftovers\n|upkeep\n|turn|23\n|\n|t:|1699994409\n|move|p1a: Zamazenta|Body Press|p2a: Iron Valiant\n|-resisted|p2a: Iron Valiant\n|-damage|p2a: Iron Valiant|22\/100\n|move|p2a: Iron Valiant|Moonblast|p1a: Zamazenta\n|-supereffective|p1a: Zamazenta\n|-end|p1a: Zamazenta|Substitute\n|\n|-heal|p1a: Zamazenta|63\/100|[from] item: Leftovers\n|upkeep\n|turn|24\n|\n|t:|1699994414\n|-end|p2a: Iron Valiant|Quark Drive|[silent]\n|switch|p2a: Gholdengo|Gholdengo|44\/100\n|move|p1a: Zamazenta|Body Press|p2a: Gholdengo\n|-immune|p2a: Gholdengo\n|\n|-heal|p1a: Zamazenta|69\/100|[from] item: Leftovers\n|-heal|p2a: Gholdengo|50\/100|[from] item: Leftovers\n|upkeep\n|turn|25\n|\n|t:|1699994419\n|move|p1a: Zamazenta|Substitute|p1a: Zamazenta\n|-start|p1a: Zamazenta|Substitute\n|-damage|p1a: Zamazenta|45\/100\n|move|p2a: Gholdengo|Recover|p2a: Gholdengo\n|-heal|p2a: Gholdengo|100\/100\n|\n|-heal|p1a: Zamazenta|51\/100|[from] item: Leftovers\n|upkeep\n|turn|26\n|\n|t:|1699994422\n|move|p1a: Zamazenta|Crunch|p2a: Gholdengo\n|-supereffective|p2a: Gholdengo\n|-damage|p2a: Gholdengo|72\/100\n|move|p2a: Gholdengo|Hex|p1a: Zamazenta\n|-activate|p1a: Zamazenta|move: Substitute|[damage]\n|\n|-heal|p1a: Zamazenta|57\/100|[from] item: Leftovers\n|-heal|p2a: Gholdengo|79\/100|[from] item: Leftovers\n|upkeep\n|turn|27\n|j| CutePokesOnly\n|\n|t:|1699994428\n|move|p1a: Zamazenta|Crunch|p2a: Gholdengo\n|-supereffective|p2a: Gholdengo\n|-damage|p2a: Gholdengo|48\/100\n|move|p2a: Gholdengo|Hex|p1a: Zamazenta\n|-end|p1a: Zamazenta|Substitute\n|\n|-heal|p1a: Zamazenta|63\/100|[from] item: Leftovers\n|-heal|p2a: Gholdengo|54\/100|[from] item: Leftovers\n|upkeep\n|turn|28\n|\n|t:|1699994435\n|move|p1a: Zamazenta|Substitute|p1a: Zamazenta\n|-start|p1a: Zamazenta|Substitute\n|-damage|p1a: Zamazenta|38\/100\n|move|p2a: Gholdengo|Hex|p1a: Zamazenta\n|-activate|p1a: Zamazenta|move: Substitute|[damage]\n|\n|-heal|p1a: Zamazenta|45\/100|[from] item: Leftovers\n|-heal|p2a: Gholdengo|60\/100|[from] item: Leftovers\n|upkeep\n|turn|29\n|\n|t:|1699994437\n|move|p1a: Zamazenta|Crunch|p2a: Gholdengo\n|-supereffective|p2a: Gholdengo\n|-damage|p2a: Gholdengo|31\/100\n|move|p2a: Gholdengo|Hex|p1a: Zamazenta\n|-end|p1a: Zamazenta|Substitute\n|\n|-heal|p1a: Zamazenta|51\/100|[from] item: Leftovers\n|-heal|p2a: Gholdengo|37\/100|[from] item: Leftovers\n|upkeep\n|turn|30\n|\n|t:|1699994444\n|move|p1a: Zamazenta|Substitute|p1a: Zamazenta\n|-start|p1a: Zamazenta|Substitute\n|-damage|p1a: Zamazenta|26\/100\n|move|p2a: Gholdengo|Recover|p2a: Gholdengo\n|-heal|p2a: Gholdengo|88\/100\n|\n|-heal|p1a: Zamazenta|32\/100|[from] item: Leftovers\n|-heal|p2a: Gholdengo|94\/100|[from] item: Leftovers\n|upkeep\n|turn|31\n|\n|t:|1699994448\n|move|p1a: Zamazenta|Crunch|p2a: Gholdengo\n|-supereffective|p2a: Gholdengo\n|-damage|p2a: Gholdengo|66\/100\n|move|p2a: Gholdengo|Hex|p1a: Zamazenta\n|-activate|p1a: Zamazenta|move: Substitute|[damage]\n|\n|-heal|p1a: Zamazenta|38\/100|[from] item: Leftovers\n|-heal|p2a: Gholdengo|72\/100|[from] item: Leftovers\n|upkeep\n|turn|32\n|\n|t:|1699994451\n|move|p1a: Zamazenta|Crunch|p2a: Gholdengo\n|-supereffective|p2a: Gholdengo\n|-damage|p2a: Gholdengo|41\/100\n|move|p2a: Gholdengo|Hex|p1a: Zamazenta\n|-end|p1a: Zamazenta|Substitute\n|\n|-heal|p1a: Zamazenta|45\/100|[from] item: Leftovers\n|-heal|p2a: Gholdengo|47\/100|[from] item: Leftovers\n|upkeep\n|turn|33\n|\n|t:|1699994453\n|move|p1a: Zamazenta|Substitute|p1a: Zamazenta\n|-start|p1a: Zamazenta|Substitute\n|-damage|p1a: Zamazenta|20\/100\n|move|p2a: Gholdengo|Hex|p1a: Zamazenta\n|-activate|p1a: Zamazenta|move: Substitute|[damage]\n|\n|-heal|p1a: Zamazenta|26\/100|[from] item: Leftovers\n|-heal|p2a: Gholdengo|53\/100|[from] item: Leftovers\n|upkeep\n|turn|34\n|\n|t:|1699994456\n|move|p1a: Zamazenta|Crunch|p2a: Gholdengo\n|-supereffective|p2a: Gholdengo\n|-damage|p2a: Gholdengo|23\/100\n|move|p2a: Gholdengo|Hex|p1a: Zamazenta\n|-end|p1a: Zamazenta|Substitute\n|\n|-heal|p1a: Zamazenta|32\/100|[from] item: Leftovers\n|-heal|p2a: Gholdengo|30\/100|[from] item: Leftovers\n|upkeep\n|turn|35\n|\n|t:|1699994467\n|move|p1a: Zamazenta|Crunch|p2a: Gholdengo\n|-supereffective|p2a: Gholdengo\n|-damage|p2a: Gholdengo|1\/100\n|move|p2a: Gholdengo|Hex|p1a: Zamazenta\n|-crit|p1a: Zamazenta\n|-damage|p1a: Zamazenta|0 fnt\n|faint|p1a: Zamazenta\n|\n|-heal|p2a: Gholdengo|7\/100|[from] item: Leftovers\n|upkeep\n|c|\u2606Dog mendigoso|Of course\n|\n|t:|1699994486\n|switch|p1a: Iron Valiant|Iron Valiant|88\/100\n|-damage|p1a: Iron Valiant|76\/100|[from] Spikes\n|-damage|p1a: Iron Valiant|69\/100|[from] Stealth Rock\n|turn|36\n|\n|t:|1699994492\n|move|p1a: Iron Valiant|Moonblast|p2a: Gholdengo\n|-resisted|p2a: Gholdengo\n|-damage|p2a: Gholdengo|0 fnt\n|faint|p2a: Gholdengo\n|\n|upkeep\n|j| FIREER\n|\n|t:|1699994501\n|switch|p2a: Iron Valiant|Iron Valiant|22\/100\n|turn|37\n|\n|t:|1699994504\n|-end|p1a: Iron Valiant|Quark Drive|[silent]\n|switch|p1a: Corviknight|Corviknight, M|100\/100\n|-damage|p1a: Corviknight|88\/100|[from] Stealth Rock\n|-ability|p1a: Corviknight|Pressure\n|move|p2a: Iron Valiant|Moonblast|p1a: Corviknight\n|-resisted|p1a: Corviknight\n|-damage|p1a: Corviknight|63\/100\n|\n|-heal|p1a: Corviknight|69\/100|[from] item: Leftovers\n|upkeep\n|turn|38\n|\n|t:|1699994511\n|-end|p2a: Iron Valiant|Quark Drive|[silent]\n|switch|p2a: Kingambit|Kingambit, M|95\/100\n|-activate|p2a: Kingambit|ability: Supreme Overlord\n|-start|p2a: Kingambit|fallen2|[silent]\n|move|p1a: Corviknight|Defog|p2a: Kingambit\n|-unboost|p2a: Kingambit|evasion|1\n|-sideend|p1: Dog mendigoso|Spikes|[from] move: Defog|[of] p1a: Corviknight\n|-sideend|p1: Dog mendigoso|Stealth Rock|[from] move: Defog|[of] p1a: Corviknight\n|\n|-heal|p2a: Kingambit|100\/100|[from] item: Leftovers\n|-heal|p1a: Corviknight|75\/100|[from] item: Leftovers\n|upkeep\n|turn|39\n|\n|t:|1699994517\n|-end|p2a: Kingambit|fallen2|[silent]\n|switch|p2a: Iron Valiant|Iron Valiant|22\/100\n|move|p1a: Corviknight|U-turn|p2a: Iron Valiant\n|-resisted|p2a: Iron Valiant\n|-damage|p2a: Iron Valiant|17\/100\n|\n|t:|1699994520\n|switch|p1a: Dragonite|Dragonite, M|100\/100|[from] U-turn\n|\n|upkeep\n|turn|40\n|\n|t:|1699994525\n|switch|p1a: Iron Valiant|Iron Valiant|69\/100\n|move|p2a: Iron Valiant|Moonblast|p1a: Iron Valiant\n|-supereffective|p1a: Iron Valiant\n|-damage|p1a: Iron Valiant|0 fnt\n|faint|p1a: Iron Valiant\n|-end|p1a: Iron Valiant|Quark Drive|[silent]\n|\n|upkeep\n|\n|t:|1699994535\n|switch|p1a: Corviknight|Corviknight, M|75\/100\n|-ability|p1a: Corviknight|Pressure\n|turn|41\n|j| LityL\n|\n|t:|1699994540\n|-end|p2a: Iron Valiant|Quark Drive|[silent]\n|switch|p2a: Ogerpon|Ogerpon-Wellspring, F|88\/100\n|move|p1a: Corviknight|U-turn|p2a: Ogerpon\n|-supereffective|p2a: Ogerpon\n|-damage|p2a: Ogerpon|52\/100\n|\n|t:|1699994544\n|switch|p1a: Dragonite|Dragonite, M|100\/100|[from] U-turn\n|\n|upkeep\n|turn|42\n|\n|t:|1699994550\n|-terastallize|p1a: Dragonite|Normal\n|move|p1a: Dragonite|Extreme Speed|p2a: Ogerpon\n|-damage|p2a: Ogerpon|0 fnt\n|faint|p2a: Ogerpon\n|\n|upkeep\n|\n|t:|1699994554\n|switch|p2a: Great Tusk|Great Tusk|100\/100\n|turn|43\n|\n|t:|1699994560\n|switch|p1a: Alomomola|Alomomola, M|35\/100\n|move|p2a: Great Tusk|Body Press|p1a: Alomomola\n|-damage|p1a: Alomomola|10\/100\n|\n|upkeep\n|turn|44\n|\n|t:|1699994567\n|switch|p1a: Corviknight|Corviknight, M|75\/100\n|-ability|p1a: Corviknight|Pressure\n|move|p2a: Great Tusk|Rapid Spin|p1a: Corviknight\n|-resisted|p1a: Corviknight\n|-damage|p1a: Corviknight|70\/100\n|-boost|p2a: Great Tusk|spe|1\n|\n|-heal|p1a: Corviknight|76\/100|[from] item: Leftovers\n|upkeep\n|turn|45\n|\n|t:|1699994571\n|move|p2a: Great Tusk|Body Press|p1a: Corviknight\n|-damage|p1a: Corviknight|40\/100\n|move|p1a: Corviknight|Brave Bird|p2a: Great Tusk\n|-supereffective|p2a: Great Tusk\n|-damage|p2a: Great Tusk|64\/100\n|-damage|p1a: Corviknight|29\/100|[from] Recoil\n|\n|-heal|p2a: Great Tusk|71\/100|[from] item: Leftovers\n|-heal|p1a: Corviknight|35\/100|[from] item: Leftovers\n|upkeep\n|turn|46\n|\n|t:|1699994579\n|switch|p1a: Alomomola|Alomomola, M|43\/100\n|move|p2a: Great Tusk|Body Press|p1a: Alomomola\n|-damage|p1a: Alomomola|19\/100\n|\n|-heal|p2a: Great Tusk|77\/100|[from] item: Leftovers\n|upkeep\n|turn|47\n|\n|t:|1699994592\n|switch|p1a: Heatran|Heatran, M|88\/100 par\n|move|p2a: Great Tusk|Body Press|p1a: Heatran\n|-supereffective|p1a: Heatran\n|-damage|p1a: Heatran|10\/100 par\n|\n|-heal|p2a: Great Tusk|83\/100|[from] item: Leftovers\n|-heal|p1a: Heatran|16\/100 par|[from] item: Leftovers\n|upkeep\n|turn|48\n|\n|t:|1699994596\n|move|p2a: Great Tusk|Body Press|p1a: Heatran\n|-supereffective|p1a: Heatran\n|-damage|p1a: Heatran|0 fnt\n|faint|p1a: Heatran\n|\n|-heal|p2a: Great Tusk|89\/100|[from] item: Leftovers\n|upkeep\n|\n|t:|1699994598\n|switch|p1a: Alomomola|Alomomola, M|52\/100\n|turn|49\n|\n|t:|1699994601\n|move|p2a: Great Tusk|Earthquake|p1a: Alomomola\n|-damage|p1a: Alomomola|27\/100\n|move|p1a: Alomomola|Wish|p1a: Alomomola\n|\n|-heal|p2a: Great Tusk|96\/100|[from] item: Leftovers\n|upkeep\n|turn|50\n|\n|t:|1699994607\n|move|p1a: Alomomola|Protect|p1a: Alomomola\n|-singleturn|p1a: Alomomola|Protect\n|move|p2a: Great Tusk|Earthquake|p1a: Alomomola\n|-activate|p1a: Alomomola|move: Protect\n|\n|-heal|p1a: Alomomola|77\/100|[from] move: Wish|[wisher] Alomomola\n|-heal|p2a: Great Tusk|100\/100|[from] item: Leftovers\n|upkeep\n|turn|51\n|\n|t:|1699994615\n|-end|p2a: Great Tusk|Protosynthesis|[silent]\n|switch|p2a: Iron Valiant|Iron Valiant|17\/100\n|move|p1a: Alomomola|Wish|p1a: Alomomola\n|\n|upkeep\n|turn|52\n|\n|t:|1699994618\n|switch|p1a: Corviknight|Corviknight, M|35\/100\n|-ability|p1a: Corviknight|Pressure\n|move|p2a: Iron Valiant|Thunderbolt|p1a: Corviknight\n|-supereffective|p1a: Corviknight\n|-damage|p1a: Corviknight|0 fnt\n|faint|p1a: Corviknight\n|\n|upkeep\n|j| mister opium\n|\n|t:|1699994621\n|switch|p1a: Dragonite|Dragonite, M, tera:Normal|100\/100\n|turn|53\n|\n|t:|1699994622\n|-end|p2a: Iron Valiant|Quark Drive|[silent]\n|switch|p2a: Great Tusk|Great Tusk|100\/100\n|move|p1a: Dragonite|Extreme Speed|p2a: Great Tusk\n|-damage|p2a: Great Tusk|78\/100\n|\n|-heal|p2a: Great Tusk|84\/100|[from] item: Leftovers\n|upkeep\n|turn|54\n|\n|t:|1699994625\n|switch|p1a: Alomomola|Alomomola, M|100\/100\n|move|p2a: Great Tusk|Body Press|p1a: Alomomola\n|-damage|p1a: Alomomola|76\/100\n|\n|-heal|p2a: Great Tusk|90\/100|[from] item: Leftovers\n|upkeep\n|turn|55\n|\n|t:|1699994631\n|-end|p2a: Great Tusk|Protosynthesis|[silent]\n|switch|p2a: Kingambit|Kingambit, M|100\/100\n|-activate|p2a: Kingambit|ability: Supreme Overlord\n|-start|p2a: Kingambit|fallen3|[silent]\n|move|p1a: Alomomola|Flip Turn|p2a: Kingambit\n|-damage|p2a: Kingambit|88\/100\n|\n|t:|1699994633\n|switch|p1a: Dragonite|Dragonite, M, tera:Normal|100\/100|[from] Flip Turn\n|\n|-heal|p2a: Kingambit|95\/100|[from] item: Leftovers\n|upkeep\n|turn|56\n|\n|t:|1699994642\n|-terastallize|p2a: Kingambit|Fairy\n|move|p1a: Dragonite|Earthquake|p2a: Kingambit\n|-damage|p2a: Kingambit|61\/100\n|move|p2a: Kingambit|Kowtow Cleave|p1a: Dragonite\n|-damage|p1a: Dragonite|68\/100\n|\n|-heal|p2a: Kingambit|68\/100|[from] item: Leftovers\n|upkeep\n|turn|57\n|\n|t:|1699994649\n|move|p1a: Dragonite|Roost|p1a: Dragonite\n|-heal|p1a: Dragonite|100\/100\n|move|p2a: Kingambit|Kowtow Cleave|p1a: Dragonite\n|-damage|p1a: Dragonite|65\/100\n|\n|-heal|p2a: Kingambit|74\/100|[from] item: Leftovers\n|upkeep\n|turn|58\n|l| HotheadIsTheGoat\n|\n|t:|1699994656\n|switch|p1a: Alomomola|Alomomola, M|100\/100\n|move|p2a: Kingambit|Kowtow Cleave|p1a: Alomomola\n|-damage|p1a: Alomomola|67\/100\n|\n|-heal|p2a: Kingambit|80\/100|[from] item: Leftovers\n|upkeep\n|turn|59\n|\n|t:|1699994659\n|move|p2a: Kingambit|Swords Dance|p2a: Kingambit\n|-boost|p2a: Kingambit|atk|2\n|move|p1a: Alomomola|Scald|p2a: Kingambit\n|-damage|p2a: Kingambit|65\/100\n|\n|-heal|p2a: Kingambit|71\/100|[from] item: Leftovers\n|upkeep\n|turn|60\n|j| Jontrendline\n|\n|t:|1699994661\n|move|p2a: Kingambit|Kowtow Cleave|p1a: Alomomola\n|-damage|p1a: Alomomola|0 fnt\n|faint|p1a: Alomomola\n|\n|-heal|p2a: Kingambit|77\/100|[from] item: Leftovers\n|upkeep\n|l| mister opium\n|-message|Dog mendigoso forfeited.\n|\n|win|wargle blargle\n|raw|Dog mendigoso's rating: 1741 &rarr; <strong>1720<\/strong><br \/>(-21 for losing)\n|raw|wargle blargle's rating: 1729 &rarr; <strong>1750<\/strong><br \/>(+21 for winning)\n|l|\u2606Dog mendigoso\n|l| Ctannn\n|l| Underfoot2\n|l|\u2606wargle blargle\n|j|\u2606wargle blargle\n|player|p2|wargle blargle|cynthia\n","uploadtime":1699994723,"views":7,"p1id":"dogmendigoso","p2id":"wargleblargle","formatid":"gen9ou","rating":1720,"private":0,"password":""}