{"id":"gen9ou-1995325967","p1":"nithogg","p2":"Salim6201","format":"[Gen 9] OU","log":"|j|\u2606nithogg\n|j|\u2606Salim6201\n|t:|1700554090\n|gametype|singles\n|player|p1|nithogg|acetrainerf-gen4dp|1220\n|player|p2|Salim6201|265|1201\n|teamsize|p1|6\n|teamsize|p2|6\n|gen|9\n|tier|[Gen 9] OU\n|rated|\n|rule|Sleep Clause Mod: Limit one foe put to sleep\n|rule|Species Clause: Limit one of each Pok\u00e9mon\n|rule|OHKO Clause: OHKO moves are banned\n|rule|Evasion Items Clause: Evasion items are banned\n|rule|Evasion Moves Clause: Evasion moves are banned\n|rule|Endless Battle Clause: Forcing endless battles is banned\n|rule|HP Percentage Mod: HP is shown in percentages\n|clearpoke\n|poke|p1|Cramorant, F|\n|poke|p1|Bellibolt, F|\n|poke|p1|Cloyster, M|\n|poke|p1|Heracross, M|\n|poke|p1|Revavroom, F|\n|poke|p1|Abomasnow, M|\n|poke|p2|Ogerpon-Wellspring, F|\n|poke|p2|Gholdengo|\n|poke|p2|Kingambit, F|\n|poke|p2|Zamazenta-*|\n|poke|p2|Enamorus, F|\n|poke|p2|Glimmora, F|\n|teampreview\n|\n|t:|1700554105\n|start\n|switch|p1a: Cramorant|Cramorant, F|100\/100\n|switch|p2a: Glimmora|Glimmora, F|100\/100\n|turn|1\n|inactive|Battle timer is ON: inactive players will automatically lose when time's up. (requested by nithogg)\n|\n|t:|1700554151\n|move|p2a: Glimmora|Mortal Spin|p1a: Cramorant\n|-damage|p1a: Cramorant|90\/100\n|-status|p1a: Cramorant|psn\n|move|p1a: Cramorant|Agility|p1a: Cramorant\n|-boost|p1a: Cramorant|spe|2\n|\n|-damage|p1a: Cramorant|77\/100 psn|[from] psn\n|upkeep\n|turn|2\n|\n|t:|1700554158\n|switch|p2a: Ogerpon|Ogerpon-Wellspring, F|100\/100\n|move|p1a: Cramorant|Surf|p2a: Ogerpon\n|-immune|p2a: Ogerpon|[from] ability: Water Absorb\n|\n|-damage|p1a: Cramorant|65\/100 psn|[from] psn\n|upkeep\n|turn|3\n|\n|t:|1700554168\n|move|p1a: Cramorant|Air Slash|p2a: Ogerpon\n|-supereffective|p2a: Ogerpon\n|-damage|p2a: Ogerpon|24\/100\n|move|p2a: Ogerpon|Power Whip|p1a: Cramorant|[miss]\n|-miss|p2a: Ogerpon|p1a: Cramorant\n|\n|-damage|p1a: Cramorant|52\/100 psn|[from] psn\n|upkeep\n|turn|4\n|c|\u2606Salim6201|lol\n|\n|t:|1700554179\n|move|p1a: Cramorant|Air Slash|p2a: Ogerpon\n|-supereffective|p2a: Ogerpon\n|-damage|p2a: Ogerpon|0 fnt\n|faint|p2a: Ogerpon\n|\n|-damage|p1a: Cramorant|40\/100 psn|[from] psn\n|upkeep\n|\n|t:|1700554183\n|switch|p2a: Enamorus|Enamorus, F|100\/100\n|turn|5\n|c|\u2606nithogg|reason I don't use hurricane\n|\n|t:|1700554191\n|move|p1a: Cramorant|Surf|p2a: Enamorus\n|-formechange|p1a: Cramorant|Cramorant-Gorging|\n|-damage|p2a: Enamorus|50\/100\n|move|p2a: Enamorus|Moonblast|p1a: Cramorant\n|-damage|p1a: Cramorant|0 fnt\n|-damage|p2a: Enamorus|25\/100|[from] ability: Gulp Missile|[of] p1a: Cramorant\n|-status|p2a: Enamorus|par\n|-formechange|p1a: Cramorant|Cramorant|\n|faint|p1a: Cramorant\n|\n|upkeep\n|\n|t:|1700554199\n|switch|p1a: Bellibolt|Bellibolt, F|100\/100\n|turn|6\n|\n|t:|1700554209\n|cant|p2a: Enamorus|par\n|move|p1a: Bellibolt|Charge Beam|p2a: Enamorus\n|-supereffective|p2a: Enamorus\n|-damage|p2a: Enamorus|0 fnt\n|-boost|p1a: Bellibolt|spa|1\n|faint|p2a: Enamorus\n|\n|upkeep\n|\n|t:|1700554212\n|switch|p2a: Glimmora|Glimmora, F|100\/100\n|turn|7\n|\n|t:|1700554218\n|move|p2a: Glimmora|Spikes|p1a: Bellibolt\n|-sidestart|p1: nithogg|Spikes\n|move|p1a: Bellibolt|Muddy Water|p2a: Glimmora\n|-supereffective|p2a: Glimmora\n|-enditem|p2a: Glimmora|Focus Sash\n|-damage|p2a: Glimmora|1\/100\n|\n|upkeep\n|turn|8\n|inactive|Salim6201 has 120 seconds left.\n|\n|t:|1700554271\n|move|p2a: Glimmora|Earth Power|p1a: Bellibolt\n|-supereffective|p1a: Bellibolt\n|-damage|p1a: Bellibolt|59\/100\n|-unboost|p1a: Bellibolt|spd|1\n|-start|p1a: Bellibolt|Charge|Earth Power|[from] ability: Electromorphosis\n|move|p1a: Bellibolt|Charge Beam|p2a: Glimmora\n|-damage|p2a: Glimmora|0 fnt\n|faint|p2a: Glimmora\n|-end|p1a: Bellibolt|Charge|[silent]\n|\n|upkeep\n|inactive|Salim6201 has 90 seconds left.\n|\n|t:|1700554295\n|switch|p2a: Gholdengo|Gholdengo|100\/100\n|-item|p2a: Gholdengo|Air Balloon\n|turn|9\n|\n|t:|1700554299\n|move|p2a: Gholdengo|Shadow Ball|p1a: Bellibolt\n|-damage|p1a: Bellibolt|18\/100\n|-start|p1a: Bellibolt|Charge|Shadow Ball|[from] ability: Electromorphosis\n|move|p1a: Bellibolt|Parabolic Charge|p2a: Gholdengo\n|-damage|p2a: Gholdengo|0 fnt\n|-heal|p1a: Bellibolt|55\/100|[from] drain|[of] p2a: Gholdengo\n|-enditem|p2a: Gholdengo|Air Balloon\n|faint|p2a: Gholdengo\n|-end|p1a: Bellibolt|Charge|[silent]\n|\n|upkeep\n|\n|t:|1700554306\n|switch|p2a: Zamazenta|Zamazenta|100\/100\n|-ability|p2a: Zamazenta|Dauntless Shield|boost\n|-boost|p2a: Zamazenta|def|1\n|turn|10\n|\n|t:|1700554309\n|move|p2a: Zamazenta|Iron Defense|p2a: Zamazenta\n|-boost|p2a: Zamazenta|def|2\n|move|p1a: Bellibolt|Parabolic Charge|p2a: Zamazenta\n|-damage|p2a: Zamazenta|56\/100\n|-heal|p1a: Bellibolt|74\/100|[from] drain|[of] p2a: Zamazenta\n|\n|-heal|p2a: Zamazenta|62\/100|[from] item: Leftovers\n|upkeep\n|turn|11\n|\n|t:|1700554325\n|move|p2a: Zamazenta|Body Press|p1a: Bellibolt\n|-crit|p1a: Bellibolt\n|-damage|p1a: Bellibolt|0 fnt\n|faint|p1a: Bellibolt\n|\n|-heal|p2a: Zamazenta|68\/100|[from] item: Leftovers\n|upkeep\n|\n|t:|1700554331\n|switch|p1a: Heracross|Heracross, M|100\/100\n|-damage|p1a: Heracross|88\/100|[from] Spikes\n|turn|12\n|inactive|Salim6201 has 120 seconds left.\n|\n|t:|1700554359\n|-terastallize|p1a: Heracross|Fighting\n|move|p1a: Heracross|Close Combat|p2a: Zamazenta\n|-damage|p2a: Zamazenta|43\/100\n|-unboost|p1a: Heracross|def|1\n|-unboost|p1a: Heracross|spd|1\n|move|p2a: Zamazenta|Body Press|p1a: Heracross\n|-damage|p1a: Heracross|0 fnt\n|faint|p1a: Heracross\n|\n|-heal|p2a: Zamazenta|50\/100|[from] item: Leftovers\n|upkeep\n|\n|t:|1700554369\n|switch|p1a: Abomasnow|Abomasnow, M|100\/100\n|-damage|p1a: Abomasnow|88\/100|[from] Spikes\n|-weather|Snow|[from] ability: Snow Warning|[of] p1a: Abomasnow\n|turn|13\n|\n|t:|1700554372\n|move|p2a: Zamazenta|Body Press|p1a: Abomasnow\n|-supereffective|p1a: Abomasnow\n|-damage|p1a: Abomasnow|0 fnt\n|faint|p1a: Abomasnow\n|\n|-weather|Snow|[upkeep]\n|-heal|p2a: Zamazenta|56\/100|[from] item: Leftovers\n|upkeep\n|\n|t:|1700554375\n|switch|p1a: Cloyster|Cloyster, M|100\/100\n|-damage|p1a: Cloyster|88\/100|[from] Spikes\n|turn|14\n|\n|t:|1700554383\n|move|p2a: Zamazenta|Body Press|p1a: Cloyster\n|-supereffective|p1a: Cloyster\n|-damage|p1a: Cloyster|0 fnt\n|faint|p1a: Cloyster\n|\n|-weather|Snow|[upkeep]\n|-heal|p2a: Zamazenta|62\/100|[from] item: Leftovers\n|upkeep\n|c|\u2606Salim6201|gg\n|-message|nithogg forfeited.\n|\n|win|Salim6201\n|raw|nithogg's rating: 1220 &rarr; <strong>1197<\/strong><br \/>(-23 for losing)\n|raw|Salim6201's rating: 1246 &rarr; <strong>1269<\/strong><br \/>(+23 for winning)\n|l|\u2606nithogg\n|j|\u2606nithogg\n|player|p1|nithogg|acetrainerf-gen4dp\n","uploadtime":1700554391,"views":16,"p1id":"nithogg","p2id":"salim6201","formatid":"gen9ou","rating":1197,"private":0,"password":""}